Ticker,Date,Time,LTP,BuyPrice,BuyQty,SellPrice,SellQty,LTQ,OpenInterest
FINNIFTY02JAN2421300PE.NFO,02/01/2024,09:15:00,6.5,8.9,160,9,560,6480,2777480
FINNIFTY02JAN2421300PE.NFO,02/01/2024,09:15:00,6.5,8.9,160,9,560,0,2777480
FINNIFTY02JAN2421300PE.NFO,02/01/2024,09:15:00,11.9,8.9,160,9,560,0,2777480
FINNIFTY02JAN2421300PE.NFO,02/01/2024,09:15:00,6.15,8.9,160,9,560,0,2777480
FINNIFTY02JAN2421300PE.NFO,02/01/2024,09:15:00,8.75,7.8,120,8.7,320,2720,2777480
FINNIFTY02JAN2421300PE.NFO,02/01/2024,09:15:01,9,9.05,280,9.45,640,23480,2777480
FINNIFTY02JAN2421300PE.NFO,02/01/2024,09:15:02,11.1,11.1,200,11.85,640,82480,2777480
FINNIFTY02JAN2421300PE.NFO,02/01/2024,09:15:02,20,11.1,200,11.85,640,0,2777480
FINNIFTY02JAN2421300PE.NFO,02/01/2024,09:15:04,13.45,13.45,640,13.65,40,60800,2777480
FINNIFTY02JAN2421300PE.NFO,02/01/2024,09:15:05,11.9,11.75,80,11.95,200,73800,2777480
FINNIFTY02JAN2421300PE.NFO,02/01/2024,09:15:06,10.05,10.1,160,10.75,880,51800,2777480
FINNIFTY02JAN2421300PE.NFO,02/01/2024,09:15:07,10.2,10.25,40,10.35,600,49160,2777480
FINNIFTY02JAN2421300PE.NFO,02/01/2024,09:15:08,10.65,10.65,640,10.75,520,46240,2777480
FINNIFTY02JAN2421300PE.NFO,02/01/2024,09:15:09,10.65,10.65,1240,10.75,1000,57560,2777480
FINNIFTY02JAN2421300PE.NFO,02/01/2024,09:15:09,10.75,10.7,1080,10.75,40,10520,2777480
FINNIFTY02JAN2421300PE.NFO,02/01/2024,09:15:10,12.05,12.05,520,12.25,200,99960,2777480
FINNIFTY02JAN2421300PE.NFO,02/01/2024,09:15:11,12,11.9,1040,12,160,71760,2777480
FINNIFTY02JAN2421300PE.NFO,02/01/2024,09:15:12,12.5,12.5,280,12.65,800,64840,2777480
FINNIFTY02JAN2421300PE.NFO,02/01/2024,09:15:14,11.5,11.4,2080,11.5,360,65000,2777480
FINNIFTY02JAN2421300PE.NFO,02/01/2024,09:15:15,10.9,10.9,40,10.95,960,44800,2777480
FINNIFTY02JAN2421300PE.NFO,02/01/2024,09:15:16,11.2,11.2,320,11.25,1200,73880,2777480
FINNIFTY02JAN2421300PE.NFO,02/01/2024,09:15:17,11.35,11.3,160,11.35,600,78120,2777480
FINNIFTY02JAN2421300PE.NFO,02/01/2024,09:15:18,10.8,10.7,1320,10.8,1480,128760,2777480
FINNIFTY02JAN2421300PE.NFO,02/01/2024,09:15:18,11.1,11.1,1160,11.15,120,7600,2777480
FINNIFTY02JAN2421300PE.NFO,02/01/2024,09:15:19,10.55,10.45,560,10.55,1880,55440,2777480
FINNIFTY02JAN2421300PE.NFO,02/01/2024,09:15:20,10.4,10.4,920,10.5,840,78760,2777480
FINNIFTY02JAN2421300PE.NFO,02/01/2024,09:15:22,10.65,10.65,2720,10.75,1200,85200,2777480
FINNIFTY02JAN2421300PE.NFO,02/01/2024,09:15:23,10.45,10.35,3840,10.45,2920,83320,2777480
FINNIFTY02JAN2421300PE.NFO,02/01/2024,09:15:24,11,11,2160,11.05,360,44480,2777480
FINNIFTY02JAN2421300PE.NFO,02/01/2024,09:15:25,10.8,10.8,80,10.9,1640,89360,2777480
FINNIFTY02JAN2421300PE.NFO,02/01/2024,09:15:25,10.75,10.7,800,10.75,3000,5360,2777480
FINNIFTY02JAN2421300PE.NFO,02/01/2024,09:15:27,10.75,10.7,1280,10.75,1080,91160,2777480
FINNIFTY02JAN2421300PE.NFO,02/01/2024,09:15:28,10.35,10.3,280,10.35,1160,46240,2777480
FINNIFTY02JAN2421300PE.NFO,02/01/2024,09:15:29,10.15,10.15,960,10.25,3360,51960,2777480
FINNIFTY02JAN2421300PE.NFO,02/01/2024,09:15:30,10.25,10.1,3040,10.25,4080,61480,2777480
FINNIFTY02JAN2421300PE.NFO,02/01/2024,09:15:31,10.05,10,1400,10.05,160,97400,2777480
FINNIFTY02JAN2421300PE.NFO,02/01/2024,09:15:32,9.8,9.8,1440,9.9,4200,51080,2777480
FINNIFTY02JAN2421300PE.NFO,02/01/2024,09:15:32,9.7,9.6,960,9.7,2920,10080,2777480
FINNIFTY02JAN2421300PE.NFO,02/01/2024,09:15:34,9.9,9.8,3640,9.9,2960,38280,2777480
FINNIFTY02JAN2421300PE.NFO,02/01/2024,09:15:35,9.9,9.85,3480,9.9,720,38720,2777480
FINNIFTY02JAN2421300PE.NFO,02/01/2024,09:15:36,9.85,9.8,3600,9.85,920,48320,2777480
FINNIFTY02JAN2421300PE.NFO,02/01/2024,09:15:37,9.95,9.9,3720,9.95,920,48720,2777480
FINNIFTY02JAN2421300PE.NFO,02/01/2024,09:15:38,9.85,9.85,360,9.9,5480,33280,2777480
FINNIFTY02JAN2421300PE.NFO,02/01/2024,09:15:39,9.35,9.3,1960,9.4,1920,83120,2777480
FINNIFTY02JAN2421300PE.NFO,02/01/2024,09:15:39,9.4,9.35,2560,9.45,2560,7080,2777480
FINNIFTY02JAN2421300PE.NFO,02/01/2024,09:15:41,9.55,9.45,1360,9.55,5160,49640,2777480
FINNIFTY02JAN2421300PE.NFO,02/01/2024,09:15:42,9.35,9.35,4720,9.45,2240,73800,2777480
FINNIFTY02JAN2421300PE.NFO,02/01/2024,09:15:43,9.3,9.3,3360,9.4,2520,71840,2777480
FINNIFTY02JAN2421300PE.NFO,02/01/2024,09:15:44,9.2,9.2,1480,9.25,880,78480,2777480
FINNIFTY02JAN2421300PE.NFO,02/01/2024,09:15:45,9.1,9.1,5360,9.15,920,63280,2777480
FINNIFTY02JAN2421300PE.NFO,02/01/2024,09:15:45,9.15,9.1,3160,9.2,4560,6680,2777480
FINNIFTY02JAN2421300PE.NFO,02/01/2024,09:15:46,9.15,9.05,4880,9.15,4880,56320,2777480
FINNIFTY02JAN2421300PE.NFO,02/01/2024,09:15:48,9.2,9.2,1160,9.3,2280,160960,2777480
FINNIFTY02JAN2421300PE.NFO,02/01/2024,09:15:49,9.55,9.5,1640,9.55,360,64640,2777480
FINNIFTY02JAN2421300PE.NFO,02/01/2024,09:15:50,9.65,9.6,1600,9.65,4760,36160,2777480
FINNIFTY02JAN2421300PE.NFO,02/01/2024,09:15:51,9.75,9.7,3280,9.75,560,73840,2777480
FINNIFTY02JAN2421300PE.NFO,02/01/2024,09:15:52,9.55,9.55,280,9.65,4840,61360,2777480
FINNIFTY02JAN2421300PE.NFO,02/01/2024,09:15:52,9.5,9.5,3720,9.6,3840,11040,2777480
FINNIFTY02JAN2421300PE.NFO,02/01/2024,09:15:53,9.55,9.45,880,9.55,5360,46920,2777480
FINNIFTY02JAN2421300PE.NFO,02/01/2024,09:15:55,9.35,9.3,3480,9.35,120,37520,2777480
FINNIFTY02JAN2421300PE.NFO,02/01/2024,09:15:56,9.65,9.6,5800,9.7,3720,58120,2777480
FINNIFTY02JAN2421300PE.NFO,02/01/2024,09:15:57,9.65,9.6,4640,9.65,200,63280,2777480
FINNIFTY02JAN2421300PE.NFO,02/01/2024,09:15:58,9.45,9.35,5400,9.45,6240,62240,2777480
FINNIFTY02JAN2421300PE.NFO,02/01/2024,09:15:59,9.4,9.3,4160,9.4,3880,70320,2777480
FINNIFTY02JAN2421300PE.NFO,02/01/2024,09:16:00,8.85,8.85,4200,8.95,6240,91280,2777480
FINNIFTY02JAN2421300PE.NFO,02/01/2024,09:16:00,8.55,8.5,4520,8.55,1200,21040,2777480
FINNIFTY02JAN2421300PE.NFO,02/01/2024,09:16:02,8,8,14080,8.05,7120,169320,2777480
FINNIFTY02JAN2421300PE.NFO,02/01/2024,09:16:03,8.05,8,2240,8.05,120,169320,2777480
FINNIFTY02JAN2421300PE.NFO,02/01/2024,09:16:04,7.95,7.9,7160,7.95,120,161720,2777480
FINNIFTY02JAN2421300PE.NFO,02/01/2024,09:16:05,7.7,7.65,4000,7.7,1920,154320,2777480
FINNIFTY02JAN2421300PE.NFO,02/01/2024,09:16:06,7.75,7.75,6280,7.85,7800,74960,2777480
FINNIFTY02JAN2421300PE.NFO,02/01/2024,09:16:06,7.75,7.65,3880,7.75,6200,15800,2777480
FINNIFTY02JAN2421300PE.NFO,02/01/2024,09:16:08,7.85,7.75,5120,7.8,2400,122760,2777480
FINNIFTY02JAN2421300PE.NFO,02/01/2024,09:16:09,7.9,7.85,5440,7.9,4840,68240,2777480
FINNIFTY02JAN2421300PE.NFO,02/01/2024,09:16:10,7.95,8,2440,8.05,2680,83760,2777480
FINNIFTY02JAN2421300PE.NFO,02/01/2024,09:16:11,8.65,8.65,3040,8.7,1640,68080,2777480
FINNIFTY02JAN2421300PE.NFO,02/01/2024,09:16:12,8.4,8.3,5360,8.4,7560,69440,2777480
FINNIFTY02JAN2421300PE.NFO,02/01/2024,09:16:13,8.2,8.2,7560,8.3,9960,54640,2777480
FINNIFTY02JAN2421300PE.NFO,02/01/2024,09:16:13,8.3,8.25,7560,8.35,5840,5920,2777480
FINNIFTY02JAN2421300PE.NFO,02/01/2024,09:16:15,8.5,8.5,2440,8.55,3080,36520,2777480
FINNIFTY02JAN2421300PE.NFO,02/01/2024,09:16:16,8.45,8.45,8840,8.55,6040,39080,2777480
FINNIFTY02JAN2421300PE.NFO,02/01/2024,09:16:17,8.7,8.7,600,8.75,2840,52160,2777480
FINNIFTY02JAN2421300PE.NFO,02/01/2024,09:16:18,8.85,8.85,5720,8.95,8240,38440,2777480
FINNIFTY02JAN2421300PE.NFO,02/01/2024,09:16:19,8.9,8.85,9040,8.9,1320,35400,2777480
FINNIFTY02JAN2421300PE.NFO,02/01/2024,09:16:20,9.2,9.1,11320,9.2,5320,62880,2777480
FINNIFTY02JAN2421300PE.NFO,02/01/2024,09:16:20,9.25,9.25,9640,9.35,840,12160,2777480
FINNIFTY02JAN2421300PE.NFO,02/01/2024,09:16:21,9.45,9.4,3200,9.45,2480,40680,2777480
FINNIFTY02JAN2421300PE.NFO,02/01/2024,09:16:23,9.8,9.8,520,9.85,6960,96280,2777480
FINNIFTY02JAN2421300PE.NFO,02/01/2024,09:16:24,9.35,9.35,8000,9.4,1000,53680,2777480
FINNIFTY02JAN2421300PE.NFO,02/01/2024,09:16:25,9.65,9.65,4000,9.75,12760,66480,2777480
FINNIFTY02JAN2421300PE.NFO,02/01/2024,09:16:26,9.7,9.75,1120,9.8,7680,80840,2777480
FINNIFTY02JAN2421300PE.NFO,02/01/2024,09:16:27,9.85,9.85,280,9.9,7560,57840,2777480
FINNIFTY02JAN2421300PE.NFO,02/01/2024,09:16:28,9.95,9.9,7680,10,10240,48040,2777480
FINNIFTY02JAN2421300PE.NFO,02/01/2024,09:16:28,9.85,9.85,8120,9.95,10560,8160,2777480
FINNIFTY02JAN2421300PE.NFO,02/01/2024,09:16:30,9.55,9.5,6520,9.55,1760,54800,2777480
FINNIFTY02JAN2421300PE.NFO,02/01/2024,09:16:31,9.45,9.4,7880,9.45,3360,54200,2777480
FINNIFTY02JAN2421300PE.NFO,02/01/2024,09:16:32,9.55,9.55,2800,9.6,4360,62920,2777480
FINNIFTY02JAN2421300PE.NFO,02/01/2024,09:16:33,9.7,9.7,8120,9.8,13200,51960,2777480
FINNIFTY02JAN2421300PE.NFO,02/01/2024,09:16:34,9.8,9.8,13480,9.85,360,31880,2777480
FINNIFTY02JAN2421300PE.NFO,02/01/2024,09:16:35,9.5,9.45,3720,9.5,3760,59440,2777480
FINNIFTY02JAN2421300PE.NFO,02/01/2024,09:16:35,9.55,9.45,9120,9.55,13040,4920,2777480
FINNIFTY02JAN2421300PE.NFO,02/01/2024,09:16:37,9.6,9.6,5480,9.65,9080,51000,2777480
FINNIFTY02JAN2421300PE.NFO,02/01/2024,09:16:38,9.8,9.75,3240,9.8,5760,33080,2777480
FINNIFTY02JAN2421300PE.NFO,02/01/2024,09:16:39,9.75,9.7,9440,9.75,2040,41160,2777480
FINNIFTY02JAN2421300PE.NFO,02/01/2024,09:16:40,9.55,9.5,6000,9.6,16240,25240,2777480
FINNIFTY02JAN2421300PE.NFO,02/01/2024,09:16:41,9.5,9.45,8440,9.5,560,52480,2777480
FINNIFTY02JAN2421300PE.NFO,02/01/2024,09:16:42,9.35,9.35,33320,9.45,17880,41720,2777480
FINNIFTY02JAN2421300PE.NFO,02/01/2024,09:16:42,9.35,9.35,27640,9.4,9920,13920,2777480
FINNIFTY02JAN2421300PE.NFO,02/01/2024,09:16:43,9.3,9.3,14200,9.35,960,61240,2777480
FINNIFTY02JAN2421300PE.NFO,02/01/2024,09:16:45,8.75,8.7,3000,8.75,8280,105360,2777480
FINNIFTY02JAN2421300PE.NFO,02/01/2024,09:16:46,8.8,8.8,8440,8.85,400,32240,2777480
FINNIFTY02JAN2421300PE.NFO,02/01/2024,09:16:47,8.95,8.9,12480,8.95,1720,54360,2777480
FINNIFTY02JAN2421300PE.NFO,02/01/2024,09:16:48,8.85,8.8,4240,8.85,10360,78400,2777480
FINNIFTY02JAN2421300PE.NFO,02/01/2024,09:16:49,8.65,8.55,15360,8.65,9360,59800,2777480
FINNIFTY02JAN2421300PE.NFO,02/01/2024,09:16:50,8.65,8.65,11240,8.7,3520,46640,2777480
FINNIFTY02JAN2421300PE.NFO,02/01/2024,09:16:50,8.8,8.7,13000,8.8,11800,16000,2777480
FINNIFTY02JAN2421300PE.NFO,02/01/2024,09:16:52,8.75,8.75,4640,8.8,9760,56200,2777480
FINNIFTY02JAN2421300PE.NFO,02/01/2024,09:16:53,8.5,8.45,8800,8.55,10800,71600,2777480
FINNIFTY02JAN2421300PE.NFO,02/01/2024,09:16:54,8.7,8.7,2600,8.75,5600,50320,2777480
FINNIFTY02JAN2421300PE.NFO,02/01/2024,09:16:55,8.8,8.8,1480,8.85,7920,39440,2777480
FINNIFTY02JAN2421300PE.NFO,02/01/2024,09:16:56,8.7,8.65,5160,8.7,5680,67560,2777480
FINNIFTY02JAN2421300PE.NFO,02/01/2024,09:16:56,8.75,8.75,2960,8.8,11080,8160,2777480
FINNIFTY02JAN2421300PE.NFO,02/01/2024,09:16:57,8.7,8.65,12000,8.75,9400,40320,2777480
FINNIFTY02JAN2421300PE.NFO,02/01/2024,09:16:59,8.7,8.65,14000,8.7,80,85120,2777480
FINNIFTY02JAN2421300PE.NFO,02/01/2024,09:17:00,8.2,8.2,80,8.25,8680,100320,2777480
FINNIFTY02JAN2421300PE.NFO,02/01/2024,09:17:01,8.3,8.25,1800,8.3,6440,125880,2777480
FINNIFTY02JAN2421300PE.NFO,02/01/2024,09:17:02,8.55,8.55,13520,8.65,9360,170840,2777480
FINNIFTY02JAN2421300PE.NFO,02/01/2024,09:17:03,8.45,8.4,5280,8.45,5280,119440,2777480
FINNIFTY02JAN2421300PE.NFO,02/01/2024,09:17:03,8.45,8.4,9360,8.45,2000,7000,2777480
FINNIFTY02JAN2421300PE.NFO,02/01/2024,09:17:05,8.65,8.65,13040,8.7,6040,51960,2777480
FINNIFTY02JAN2421300PE.NFO,02/01/2024,09:17:06,8.6,8.6,11840,8.65,2560,68800,2777480
FINNIFTY02JAN2421300PE.NFO,02/01/2024,09:17:07,8.55,8.45,14800,8.55,15000,61400,2777480
FINNIFTY02JAN2421300PE.NFO,02/01/2024,09:17:08,8.6,8.55,10200,8.6,5720,37280,2777480
FINNIFTY02JAN2421300PE.NFO,02/01/2024,09:17:09,8.75,8.7,7520,8.75,7880,26560,2777480
FINNIFTY02JAN2421300PE.NFO,02/01/2024,09:17:10,8.75,8.75,11600,8.85,18920,22560,2777480
FINNIFTY02JAN2421300PE.NFO,02/01/2024,09:17:10,8.85,8.85,5720,8.9,4800,10720,2777480
FINNIFTY02JAN2421300PE.NFO,02/01/2024,09:17:12,8.9,8.85,8640,8.9,3720,59120,2777480
FINNIFTY02JAN2421300PE.NFO,02/01/2024,09:17:13,8.65,8.65,19680,8.75,19360,36520,2777480
FINNIFTY02JAN2421300PE.NFO,02/01/2024,09:17:14,8.7,8.65,21440,8.7,2360,17920,2777480
FINNIFTY02JAN2421300PE.NFO,02/01/2024,09:17:15,8.65,8.65,10640,8.7,4760,38040,2777480
FINNIFTY02JAN2421300PE.NFO,02/01/2024,09:17:16,8.55,8.55,12160,8.6,1920,46600,2777480
FINNIFTY02JAN2421300PE.NFO,02/01/2024,09:17:16,8.6,8.55,3960,8.6,15840,3320,2777480
FINNIFTY02JAN2421300PE.NFO,02/01/2024,09:17:18,8.3,8.25,4680,8.3,9440,83520,2777480
FINNIFTY02JAN2421300PE.NFO,02/01/2024,09:17:19,8.25,8.2,6000,8.25,15600,27280,2777480
FINNIFTY02JAN2421300PE.NFO,02/01/2024,09:17:20,8.3,8.3,19600,8.35,5000,43200,2777480
FINNIFTY02JAN2421300PE.NFO,02/01/2024,09:17:21,8.25,8.25,11080,8.3,9160,49920,2777480
FINNIFTY02JAN2421300PE.NFO,02/01/2024,09:17:22,8.2,8.2,4400,8.25,18760,43160,2777480
FINNIFTY02JAN2421300PE.NFO,02/01/2024,09:17:22,8.25,8.2,10480,8.25,8680,10040,2777480
FINNIFTY02JAN2421300PE.NFO,02/01/2024,09:17:23,8.4,8.3,8880,8.35,13080,29080,2777480
FINNIFTY02JAN2421300PE.NFO,02/01/2024,09:17:25,8.5,8.5,12240,8.55,3440,73640,2777480
FINNIFTY02JAN2421300PE.NFO,02/01/2024,09:17:26,8.5,8.5,3480,8.55,12600,36160,3892760
FINNIFTY02JAN2421300PE.NFO,02/01/2024,09:17:27,8.6,8.6,7000,8.65,12200,42120,3892760
FINNIFTY02JAN2421300PE.NFO,02/01/2024,09:17:28,8.9,8.85,11120,8.9,1920,46600,3892760
FINNIFTY02JAN2421300PE.NFO,02/01/2024,09:17:29,9.05,9.05,1600,9.1,17640,67920,3892760
FINNIFTY02JAN2421300PE.NFO,02/01/2024,09:17:29,9.05,9.05,6200,9.1,5080,4160,3892760
FINNIFTY02JAN2421300PE.NFO,02/01/2024,09:17:31,9.15,9.1,14680,9.2,14480,45960,3892760
FINNIFTY02JAN2421300PE.NFO,02/01/2024,09:17:32,9.15,9.15,18400,9.25,13800,48600,3892760
FINNIFTY02JAN2421300PE.NFO,02/01/2024,09:17:33,9,9,2240,9.05,9680,68720,3892760
FINNIFTY02JAN2421300PE.NFO,02/01/2024,09:17:34,8.95,8.95,4520,9,7800,36600,3892760
FINNIFTY02JAN2421300PE.NFO,02/01/2024,09:17:35,8.95,8.9,2920,8.95,20080,28560,3892760
FINNIFTY02JAN2421300PE.NFO,02/01/2024,09:17:36,8.95,8.9,920,8.95,21440,4560,3892760
FINNIFTY02JAN2421300PE.NFO,02/01/2024,09:17:37,8.85,8.85,24000,8.95,19720,56640,3892760
FINNIFTY02JAN2421300PE.NFO,02/01/2024,09:17:38,8.55,8.5,22880,8.6,19560,40800,3892760
FINNIFTY02JAN2421300PE.NFO,02/01/2024,09:17:39,9,8.95,14000,9,5440,49400,3892760
FINNIFTY02JAN2421300PE.NFO,02/01/2024,09:17:40,9.3,9.2,12800,9.3,13160,43040,3892760
FINNIFTY02JAN2421300PE.NFO,02/01/2024,09:17:41,9.5,9.4,18400,9.5,22000,50440,3892760
FINNIFTY02JAN2421300PE.NFO,02/01/2024,09:17:42,9.55,9.5,3200,9.55,5520,14680,3892760
FINNIFTY02JAN2421300PE.NFO,02/01/2024,09:17:43,9.3,9.3,13160,9.35,5960,32560,3892760
FINNIFTY02JAN2421300PE.NFO,02/01/2024,09:17:44,9.25,9.3,12200,9.35,4920,37480,3892760
FINNIFTY02JAN2421300PE.NFO,02/01/2024,09:17:45,9.4,9.4,15360,9.5,12640,83120,3892760
FINNIFTY02JAN2421300PE.NFO,02/01/2024,09:17:46,9.6,9.55,15040,9.65,18440,49360,3892760
FINNIFTY02JAN2421300PE.NFO,02/01/2024,09:17:47,9.65,9.7,10320,9.75,5240,67280,3892760
FINNIFTY02JAN2421300PE.NFO,02/01/2024,09:17:48,9.5,9.45,22000,9.55,15400,47840,3892760
FINNIFTY02JAN2421300PE.NFO,02/01/2024,09:17:49,9.4,9.4,5320,9.45,11200,3400,3892760
FINNIFTY02JAN2421300PE.NFO,02/01/2024,09:17:50,9.25,9.2,20320,9.3,12680,57440,3892760
FINNIFTY02JAN2421300PE.NFO,02/01/2024,09:17:51,9.15,9.15,10680,9.2,5600,27440,3892760
FINNIFTY02JAN2421300PE.NFO,02/01/2024,09:17:52,9.15,9.1,5920,9.15,16320,42680,3892760
FINNIFTY02JAN2421300PE.NFO,02/01/2024,09:17:53,9.1,9.05,12920,9.1,11240,21360,3892760
FINNIFTY02JAN2421300PE.NFO,02/01/2024,09:17:54,9.4,9.4,7960,9.45,11440,29560,3892760
FINNIFTY02JAN2421300PE.NFO,02/01/2024,09:17:55,9.4,9.35,25080,9.4,440,3800,3892760
FINNIFTY02JAN2421300PE.NFO,02/01/2024,09:17:56,9.35,9.25,22000,9.35,16240,27840,3892760
FINNIFTY02JAN2421300PE.NFO,02/01/2024,09:17:57,9.2,9.2,35240,9.25,22000,34120,3892760
FINNIFTY02JAN2421300PE.NFO,02/01/2024,09:17:58,9.15,9.1,12240,9.15,5840,48440,3892760
FINNIFTY02JAN2421300PE.NFO,02/01/2024,09:17:59,9.25,9.25,2240,9.3,25960,37920,3892760
FINNIFTY02JAN2421300PE.NFO,02/01/2024,09:18:00,9.15,9.15,1600,9.2,16640,41000,3892760
FINNIFTY02JAN2421300PE.NFO,02/01/2024,09:18:01,9.1,9.1,8040,9.15,8040,53360,3892760
FINNIFTY02JAN2421300PE.NFO,02/01/2024,09:18:02,9.05,9,41200,9.05,40,8600,3892760
FINNIFTY02JAN2421300PE.NFO,02/01/2024,09:18:03,8.85,8.8,16920,8.9,16040,70040,3892760
FINNIFTY02JAN2421300PE.NFO,02/01/2024,09:18:04,8.85,8.8,17360,8.9,25320,30040,3892760
FINNIFTY02JAN2421300PE.NFO,02/01/2024,09:18:05,8.85,8.85,12680,8.9,10120,28560,3892760
FINNIFTY02JAN2421300PE.NFO,02/01/2024,09:18:06,8.8,8.75,21440,8.85,13480,43080,3892760
FINNIFTY02JAN2421300PE.NFO,02/01/2024,09:18:07,8.7,8.65,18800,8.7,4560,30840,3892760
FINNIFTY02JAN2421300PE.NFO,02/01/2024,09:18:08,8.7,8.65,12400,8.7,11520,3400,3892760
FINNIFTY02JAN2421300PE.NFO,02/01/2024,09:18:09,8.85,8.8,9600,8.85,6480,42720,3892760
FINNIFTY02JAN2421300PE.NFO,02/01/2024,09:18:10,8.8,8.7,17960,8.8,24560,25360,3892760
FINNIFTY02JAN2421300PE.NFO,02/01/2024,09:18:11,9,8.9,22240,9,29560,26440,3892760
FINNIFTY02JAN2421300PE.NFO,02/01/2024,09:18:12,9.05,9.05,3960,9.1,19400,30960,3892760
FINNIFTY02JAN2421300PE.NFO,02/01/2024,09:18:13,8.9,8.8,20200,8.85,1480,57480,3892760
FINNIFTY02JAN2421300PE.NFO,02/01/2024,09:18:14,8.9,8.9,8200,8.95,8800,29800,3892760
FINNIFTY02JAN2421300PE.NFO,02/01/2024,09:18:15,8.85,8.85,40,8.9,18600,3920,3892760
FINNIFTY02JAN2421300PE.NFO,02/01/2024,09:18:16,9.15,9.15,7120,9.2,10360,74800,3892760
FINNIFTY02JAN2421300PE.NFO,02/01/2024,09:18:17,9.3,9.25,24400,9.35,14400,46320,3892760
FINNIFTY02JAN2421300PE.NFO,02/01/2024,09:18:18,9.55,9.55,5000,9.6,15480,84760,3892760
FINNIFTY02JAN2421300PE.NFO,02/01/2024,09:18:19,9.8,9.75,16560,9.85,18560,63680,3892760
FINNIFTY02JAN2421300PE.NFO,02/01/2024,09:18:20,10.45,10.45,160,10.5,10600,140800,3892760
FINNIFTY02JAN2421300PE.NFO,02/01/2024,09:18:21,10,10,8920,10.05,13240,103160,3892760
FINNIFTY02JAN2421300PE.NFO,02/01/2024,09:18:22,10,9.95,6760,10,11280,15200,3892760
FINNIFTY02JAN2421300PE.NFO,02/01/2024,09:18:23,9.85,9.8,5680,9.85,14120,73640,3892760
FINNIFTY02JAN2421300PE.NFO,02/01/2024,09:18:24,10.15,10.15,80,10.2,16080,111280,3892760
FINNIFTY02JAN2421300PE.NFO,02/01/2024,09:18:25,10.3,10.3,2160,10.35,13600,62600,3892760
FINNIFTY02JAN2421300PE.NFO,02/01/2024,09:18:26,10.15,10.15,14240,10.25,12520,115840,3892760
FINNIFTY02JAN2421300PE.NFO,02/01/2024,09:18:27,9.9,9.9,280,9.95,11760,83560,3892760
FINNIFTY02JAN2421300PE.NFO,02/01/2024,09:18:28,9.65,9.7,1800,9.75,13600,11320,3892760
FINNIFTY02JAN2421300PE.NFO,02/01/2024,09:18:29,9.7,9.7,7080,9.75,14680,41160,3892760
FINNIFTY02JAN2421300PE.NFO,02/01/2024,09:18:30,9.85,9.8,3200,9.85,19040,50840,3892760
FINNIFTY02JAN2421300PE.NFO,02/01/2024,09:18:31,9.8,9.75,440,9.8,13120,52480,3892760
FINNIFTY02JAN2421300PE.NFO,02/01/2024,09:18:32,9.9,9.9,15680,9.95,3160,48160,3892760
FINNIFTY02JAN2421300PE.NFO,02/01/2024,09:18:33,10.1,10.05,1400,10.1,16120,60120,3892760
FINNIFTY02JAN2421300PE.NFO,02/01/2024,09:18:34,9.95,9.9,13240,10,11560,74480,3892760
FINNIFTY02JAN2421300PE.NFO,02/01/2024,09:18:35,9.9,9.85,5520,9.9,14240,7360,3892760
FINNIFTY02JAN2421300PE.NFO,02/01/2024,09:18:36,9.9,9.85,10520,9.9,8760,54560,3892760
FINNIFTY02JAN2421300PE.NFO,02/01/2024,09:18:37,9.85,9.8,3000,9.85,17520,57480,3892760
FINNIFTY02JAN2421300PE.NFO,02/01/2024,09:18:38,9.6,9.55,13200,9.6,80,42400,3892760
FINNIFTY02JAN2421300PE.NFO,02/01/2024,09:18:39,9.6,9.6,200,9.65,11000,49120,3892760
FINNIFTY02JAN2421300PE.NFO,02/01/2024,09:18:40,9.45,9.45,2840,9.5,16640,32920,3892760
FINNIFTY02JAN2421300PE.NFO,02/01/2024,09:18:41,9.6,9.55,7280,9.6,13040,56840,3892760
FINNIFTY02JAN2421300PE.NFO,02/01/2024,09:18:42,9.55,9.45,2200,9.5,14480,10120,3892760
FINNIFTY02JAN2421300PE.NFO,02/01/2024,09:18:43,9.55,9.5,7560,9.55,8320,55080,3892760
FINNIFTY02JAN2421300PE.NFO,02/01/2024,09:18:44,9.25,9.2,8320,9.3,19280,30680,3892760
FINNIFTY02JAN2421300PE.NFO,02/01/2024,09:18:45,9.2,9.15,5160,9.2,14000,77160,3892760
FINNIFTY02JAN2421300PE.NFO,02/01/2024,09:18:46,9.2,9.2,14680,9.25,2360,60800,3892760
FINNIFTY02JAN2421300PE.NFO,02/01/2024,09:18:47,9.15,9.15,22360,9.25,18320,36400,3892760
FINNIFTY02JAN2421300PE.NFO,02/01/2024,09:18:48,9.2,9.15,640,9.2,19920,6560,3892760
FINNIFTY02JAN2421300PE.NFO,02/01/2024,09:18:49,9.2,9.15,8880,9.2,12000,42960,3892760
FINNIFTY02JAN2421300PE.NFO,02/01/2024,09:18:50,9.05,9,19800,9.05,9160,41640,3892760
FINNIFTY02JAN2421300PE.NFO,02/01/2024,09:18:51,9,8.95,2720,9,14720,49560,3892760
FINNIFTY02JAN2421300PE.NFO,02/01/2024,09:18:52,8.8,8.8,15280,8.85,1720,46000,3892760
FINNIFTY02JAN2421300PE.NFO,02/01/2024,09:18:53,8.8,8.8,18440,8.85,720,55120,3892760
FINNIFTY02JAN2421300PE.NFO,02/01/2024,09:18:54,8.85,8.85,80,8.9,20080,34560,3892760
FINNIFTY02JAN2421300PE.NFO,02/01/2024,09:18:55,8.85,8.85,20040,8.9,480,4640,3892760
FINNIFTY02JAN2421300PE.NFO,02/01/2024,09:18:56,8.75,8.75,15160,8.8,2360,44920,3892760
FINNIFTY02JAN2421300PE.NFO,02/01/2024,09:18:57,8.85,8.85,5640,8.9,14840,44840,3892760
FINNIFTY02JAN2421300PE.NFO,02/01/2024,09:18:58,8.95,8.9,9320,8.95,6920,72480,3892760
FINNIFTY02JAN2421300PE.NFO,02/01/2024,09:18:59,8.9,8.85,21760,8.9,720,33480,3892760
FINNIFTY02JAN2421300PE.NFO,02/01/2024,09:19:00,8.8,8.8,3160,8.85,14720,96400,3892760
FINNIFTY02JAN2421300PE.NFO,02/01/2024,09:19:01,8.65,8.6,5440,8.65,5680,89320,3892760
FINNIFTY02JAN2421300PE.NFO,02/01/2024,09:19:02,8.75,8.75,16480,8.8,3200,19240,3892760
FINNIFTY02JAN2421300PE.NFO,02/01/2024,09:19:03,8.95,8.9,15600,8.95,1200,51600,3892760
FINNIFTY02JAN2421300PE.NFO,02/01/2024,09:19:04,8.95,8.9,10280,8.95,5560,65280,3892760
FINNIFTY02JAN2421300PE.NFO,02/01/2024,09:19:05,8.95,8.9,7240,8.95,10320,67480,3892760
FINNIFTY02JAN2421300PE.NFO,02/01/2024,09:19:06,8.7,8.65,14640,8.75,23480,37760,3892760
FINNIFTY02JAN2421300PE.NFO,02/01/2024,09:19:07,8.65,8.65,14480,8.7,3200,22200,3892760
FINNIFTY02JAN2421300PE.NFO,02/01/2024,09:19:08,8.8,8.75,9240,8.8,7480,35920,3892760
FINNIFTY02JAN2421300PE.NFO,02/01/2024,09:19:09,8.9,8.85,23200,8.9,2000,7840,3892760
FINNIFTY02JAN2421300PE.NFO,02/01/2024,09:19:10,8.75,8.7,6160,8.75,11600,45360,3892760
FINNIFTY02JAN2421300PE.NFO,02/01/2024,09:19:11,8.7,8.65,3760,8.7,19400,54480,3892760
FINNIFTY02JAN2421300PE.NFO,02/01/2024,09:19:12,8.55,8.55,10200,8.6,8080,48720,3892760
FINNIFTY02JAN2421300PE.NFO,02/01/2024,09:19:13,8.5,8.45,16120,8.5,2320,154520,3892760
FINNIFTY02JAN2421300PE.NFO,02/01/2024,09:19:14,8.45,8.4,8080,8.45,6080,38240,3892760
FINNIFTY02JAN2421300PE.NFO,02/01/2024,09:19:15,8.45,8.4,7920,8.45,17280,3040,3892760
FINNIFTY02JAN2421300PE.NFO,02/01/2024,09:19:16,8.55,8.5,19200,8.55,11160,35120,3892760
FINNIFTY02JAN2421300PE.NFO,02/01/2024,09:19:17,8.6,8.55,10640,8.6,7400,47720,3892760
FINNIFTY02JAN2421300PE.NFO,02/01/2024,09:19:18,8.55,8.5,760,8.55,17880,39520,3892760
FINNIFTY02JAN2421300PE.NFO,02/01/2024,09:19:19,8.6,8.6,1640,8.65,17520,28880,3892760
FINNIFTY02JAN2421300PE.NFO,02/01/2024,09:19:20,8.6,8.55,18320,8.6,1280,39880,3892760
FINNIFTY02JAN2421300PE.NFO,02/01/2024,09:19:21,8.8,8.75,14520,8.8,9360,25560,3892760
FINNIFTY02JAN2421300PE.NFO,02/01/2024,09:19:22,8.85,8.8,360,8.85,18320,11720,3892760
FINNIFTY02JAN2421300PE.NFO,02/01/2024,09:19:23,8.95,8.9,12160,8.95,10720,35200,3892760
FINNIFTY02JAN2421300PE.NFO,02/01/2024,09:19:24,9.05,9,9720,9.05,8480,56080,3892760
FINNIFTY02JAN2421300PE.NFO,02/01/2024,09:19:25,8.95,8.9,13160,8.95,760,50560,3892760
FINNIFTY02JAN2421300PE.NFO,02/01/2024,09:19:26,8.85,8.85,1680,8.9,15000,29840,3892760
FINNIFTY02JAN2421300PE.NFO,02/01/2024,09:19:27,8.9,8.9,8280,8.95,12320,40880,3892760
FINNIFTY02JAN2421300PE.NFO,02/01/2024,09:19:28,8.85,8.8,4680,8.85,15440,19840,3892760
FINNIFTY02JAN2421300PE.NFO,02/01/2024,09:19:29,8.85,8.8,18040,8.85,400,6680,3892760
FINNIFTY02JAN2421300PE.NFO,02/01/2024,09:19:30,8.75,8.7,5960,8.75,14680,35720,3892760
FINNIFTY02JAN2421300PE.NFO,02/01/2024,09:19:31,8.7,8.7,9640,8.75,2720,40600,3892760
FINNIFTY02JAN2421300PE.NFO,02/01/2024,09:19:32,8.7,8.65,7440,8.7,10720,22400,3892760
FINNIFTY02JAN2421300PE.NFO,02/01/2024,09:19:33,8.8,8.8,120,8.85,13560,15480,3892760
FINNIFTY02JAN2421300PE.NFO,02/01/2024,09:19:34,8.65,8.6,12640,8.65,6520,29720,3892760
FINNIFTY02JAN2421300PE.NFO,02/01/2024,09:19:35,8.6,8.55,11640,8.6,3000,30600,3892760
FINNIFTY02JAN2421300PE.NFO,02/01/2024,09:19:36,8.55,8.5,3240,8.55,20160,70400,3892760
FINNIFTY02JAN2421300PE.NFO,02/01/2024,09:19:37,8.6,8.55,20280,8.65,36760,24320,3892760
FINNIFTY02JAN2421300PE.NFO,02/01/2024,09:19:38,8.6,8.6,6800,8.65,14240,54680,3892760
FINNIFTY02JAN2421300PE.NFO,02/01/2024,09:19:39,8.75,8.75,5320,8.8,10960,36720,3892760
FINNIFTY02JAN2421300PE.NFO,02/01/2024,09:19:40,8.8,8.75,3280,8.8,15880,18000,3892760
FINNIFTY02JAN2421300PE.NFO,02/01/2024,09:19:41,8.7,8.65,19840,8.7,5240,23200,3892760
FINNIFTY02JAN2421300PE.NFO,02/01/2024,09:19:42,8.7,8.7,11000,8.75,9800,30280,3892760
FINNIFTY02JAN2421300PE.NFO,02/01/2024,09:19:43,8.75,8.75,11240,8.8,14600,32440,3892760
FINNIFTY02JAN2421300PE.NFO,02/01/2024,09:19:44,8.7,8.7,9160,8.75,19000,11040,3892760
FINNIFTY02JAN2421300PE.NFO,02/01/2024,09:19:45,8.75,8.75,80,8.8,20480,12360,3892760
FINNIFTY02JAN2421300PE.NFO,02/01/2024,09:19:46,8.55,8.55,25320,8.6,7160,23520,3892760
FINNIFTY02JAN2421300PE.NFO,02/01/2024,09:19:47,8.5,8.45,4880,8.5,16920,46440,3892760
FINNIFTY02JAN2421300PE.NFO,02/01/2024,09:19:48,8.5,8.45,7880,8.5,6200,23880,3892760
FINNIFTY02JAN2421300PE.NFO,02/01/2024,09:19:49,8.4,8.35,19080,8.4,7280,22040,3892760
FINNIFTY02JAN2421300PE.NFO,02/01/2024,09:19:50,8.4,8.35,11040,8.4,14520,19000,3892760
FINNIFTY02JAN2421300PE.NFO,02/01/2024,09:19:51,8.45,8.35,18560,8.45,12160,29720,3892760
FINNIFTY02JAN2421300PE.NFO,02/01/2024,09:19:52,8.5,8.5,200,8.55,17240,21280,3892760
FINNIFTY02JAN2421300PE.NFO,02/01/2024,09:19:53,8.75,8.7,12920,8.75,2520,70160,3892760
FINNIFTY02JAN2421300PE.NFO,02/01/2024,09:19:54,8.75,8.7,8040,8.75,11160,25880,3892760
FINNIFTY02JAN2421300PE.NFO,02/01/2024,09:19:55,8.6,8.55,18360,8.6,320,47320,3892760
FINNIFTY02JAN2421300PE.NFO,02/01/2024,09:19:56,8.7,8.65,12080,8.7,8920,29480,3892760
FINNIFTY02JAN2421300PE.NFO,02/01/2024,09:19:57,8.7,8.7,24520,8.75,1560,28800,3892760
FINNIFTY02JAN2421300PE.NFO,02/01/2024,09:19:58,8.8,8.75,22440,8.8,44320,19920,3892760
FINNIFTY02JAN2421300PE.NFO,02/01/2024,09:19:59,8.8,8.8,6960,8.85,15120,72680,3892760
FINNIFTY02JAN2421300PE.NFO,02/01/2024,09:20:00,8.7,8.65,13520,8.7,9960,44960,3892760
FINNIFTY02JAN2421300PE.NFO,02/01/2024,09:20:01,8.7,8.7,19920,8.8,21400,69160,3892760
FINNIFTY02JAN2421300PE.NFO,02/01/2024,09:20:02,8.75,8.75,14520,8.8,840,30880,3892760
FINNIFTY02JAN2421300PE.NFO,02/01/2024,09:20:03,8.6,8.55,19120,8.65,22800,30120,3892760
FINNIFTY02JAN2421300PE.NFO,02/01/2024,09:20:04,8.45,8.45,5720,8.5,13600,32040,3892760
FINNIFTY02JAN2421300PE.NFO,02/01/2024,09:20:05,8.45,8.4,13760,8.45,11440,43760,3892760
FINNIFTY02JAN2421300PE.NFO,02/01/2024,09:20:06,8.35,8.3,20000,8.35,1800,23520,3892760
FINNIFTY02JAN2421300PE.NFO,02/01/2024,09:20:07,8.35,8.35,21360,8.4,3240,42960,3892760
FINNIFTY02JAN2421300PE.NFO,02/01/2024,09:20:08,8.35,8.35,6440,8.4,23320,21920,3892760
FINNIFTY02JAN2421300PE.NFO,02/01/2024,09:20:09,8.35,8.3,23800,8.35,1640,28480,3892760
FINNIFTY02JAN2421300PE.NFO,02/01/2024,09:20:10,8.2,8.2,12120,8.25,14240,25080,3892760
FINNIFTY02JAN2421300PE.NFO,02/01/2024,09:20:11,8.2,8.15,17400,8.2,10800,50360,3892760
FINNIFTY02JAN2421300PE.NFO,02/01/2024,09:20:12,8.2,8.15,21680,8.2,2760,12240,3892760
FINNIFTY02JAN2421300PE.NFO,02/01/2024,09:20:13,8.1,8.1,23080,8.15,6960,14200,3892760
FINNIFTY02JAN2421300PE.NFO,02/01/2024,09:20:14,8.25,8.2,25920,8.25,1280,30480,3892760
FINNIFTY02JAN2421300PE.NFO,02/01/2024,09:20:15,8.15,8.15,26080,8.2,12360,25960,3892760
FINNIFTY02JAN2421300PE.NFO,02/01/2024,09:20:16,8.35,8.3,19640,8.35,6360,26640,3892760
FINNIFTY02JAN2421300PE.NFO,02/01/2024,09:20:17,8.5,8.5,22360,8.6,16520,49880,3892760
FINNIFTY02JAN2421300PE.NFO,02/01/2024,09:20:18,8.5,8.45,12760,8.5,7200,48760,3892760
FINNIFTY02JAN2421300PE.NFO,02/01/2024,09:20:19,8.5,8.45,2240,8.5,19520,13320,3892760
FINNIFTY02JAN2421300PE.NFO,02/01/2024,09:20:20,8.35,8.3,24880,8.35,1680,29280,3892760
FINNIFTY02JAN2421300PE.NFO,02/01/2024,09:20:21,8.45,8.4,320,8.45,19880,25360,3892760
FINNIFTY02JAN2421300PE.NFO,02/01/2024,09:20:22,8.35,8.4,6480,8.45,17800,8880,3892760
FINNIFTY02JAN2421300PE.NFO,02/01/2024,09:20:23,8.5,8.45,10600,8.5,8200,23040,3892760
FINNIFTY02JAN2421300PE.NFO,02/01/2024,09:20:24,8.55,8.5,24680,8.55,3320,23800,3892760
FINNIFTY02JAN2421300PE.NFO,02/01/2024,09:20:25,8.6,8.55,12960,8.6,5920,29880,3892760
FINNIFTY02JAN2421300PE.NFO,02/01/2024,09:20:26,8.65,8.6,3240,8.65,17440,19560,3892760
FINNIFTY02JAN2421300PE.NFO,02/01/2024,09:20:27,8.6,8.6,18600,8.7,19600,11880,4877600
FINNIFTY02JAN2421300PE.NFO,02/01/2024,09:20:28,8.75,8.65,20640,8.75,23000,13280,4877600
FINNIFTY02JAN2421300PE.NFO,02/01/2024,09:20:29,8.6,8.55,4640,8.6,12400,21680,4877600
FINNIFTY02JAN2421300PE.NFO,02/01/2024,09:20:30,8.55,8.5,20320,8.55,4080,24520,4877600
FINNIFTY02JAN2421300PE.NFO,02/01/2024,09:20:31,8.7,8.65,16600,8.7,1960,35480,4877600
FINNIFTY02JAN2421300PE.NFO,02/01/2024,09:20:33,8.8,8.75,11880,8.8,8720,25760,4877600
FINNIFTY02JAN2421300PE.NFO,02/01/2024,09:20:33,8.75,8.75,17960,8.85,22280,5840,4877600
FINNIFTY02JAN2421300PE.NFO,02/01/2024,09:20:34,8.8,8.75,16960,8.8,5600,32480,4877600
FINNIFTY02JAN2421300PE.NFO,02/01/2024,09:20:35,8.85,8.8,16880,8.9,21480,32520,4877600
FINNIFTY02JAN2421300PE.NFO,02/01/2024,09:20:36,8.75,8.7,9760,8.75,14760,25720,4877600
FINNIFTY02JAN2421300PE.NFO,02/01/2024,09:20:37,8.9,8.85,20560,8.9,2600,17040,4877600
FINNIFTY02JAN2421300PE.NFO,02/01/2024,09:20:38,8.8,8.8,12960,8.85,5280,28760,4877600
FINNIFTY02JAN2421300PE.NFO,02/01/2024,09:20:40,8.8,8.75,22000,8.85,16640,16760,4877600
FINNIFTY02JAN2421300PE.NFO,02/01/2024,09:20:40,8.8,8.8,18280,8.9,21440,5840,4877600
FINNIFTY02JAN2421300PE.NFO,02/01/2024,09:20:41,8.75,8.65,17520,8.75,15600,37520,4877600
FINNIFTY02JAN2421300PE.NFO,02/01/2024,09:20:42,8.65,8.6,15760,8.7,19520,21840,4877600
FINNIFTY02JAN2421300PE.NFO,02/01/2024,09:20:43,8.55,8.5,15360,8.55,3560,21680,4877600
FINNIFTY02JAN2421300PE.NFO,02/01/2024,09:20:44,8.35,8.35,2240,8.4,18680,48960,4877600
FINNIFTY02JAN2421300PE.NFO,02/01/2024,09:20:46,8.3,8.3,4840,8.35,16160,30640,4877600
FINNIFTY02JAN2421300PE.NFO,02/01/2024,09:20:46,8.25,8.2,26400,8.3,23080,8480,4877600
FINNIFTY02JAN2421300PE.NFO,02/01/2024,09:20:47,8.25,8.3,4840,8.35,14360,24160,4877600
FINNIFTY02JAN2421300PE.NFO,02/01/2024,09:20:48,8.25,8.2,24120,8.25,120,45160,4877600
FINNIFTY02JAN2421300PE.NFO,02/01/2024,09:20:49,8.3,8.25,22080,8.3,2480,33520,4877600
FINNIFTY02JAN2421300PE.NFO,02/01/2024,09:20:50,8.2,8.2,25000,8.3,17880,40000,4877600
FINNIFTY02JAN2421300PE.NFO,02/01/2024,09:20:51,8.25,8.2,17160,8.3,15080,39320,4877600
FINNIFTY02JAN2421300PE.NFO,02/01/2024,09:20:52,8.15,8.15,9560,8.2,7080,39600,4877600
FINNIFTY02JAN2421300PE.NFO,02/01/2024,09:20:53,8.15,8.1,15600,8.15,8560,60200,4877600
FINNIFTY02JAN2421300PE.NFO,02/01/2024,09:20:54,8.2,8.2,6440,8.25,18640,25320,4877600
FINNIFTY02JAN2421300PE.NFO,02/01/2024,09:20:55,8.3,8.25,2040,8.3,23560,45080,4877600
FINNIFTY02JAN2421300PE.NFO,02/01/2024,09:20:56,8.25,8.15,26320,8.2,3200,38920,4877600
FINNIFTY02JAN2421300PE.NFO,02/01/2024,09:20:58,8.4,8.4,2240,8.45,17240,43680,4877600
FINNIFTY02JAN2421300PE.NFO,02/01/2024,09:20:58,8.4,8.4,1800,8.45,26920,2600,4877600
FINNIFTY02JAN2421300PE.NFO,02/01/2024,09:20:59,8.3,8.3,16440,8.35,7840,36800,4877600
FINNIFTY02JAN2421300PE.NFO,02/01/2024,09:21:00,8.4,8.35,15720,8.4,440,41200,4877600
FINNIFTY02JAN2421300PE.NFO,02/01/2024,09:21:01,8.15,8.15,11160,8.2,10160,57480,4877600
FINNIFTY02JAN2421300PE.NFO,02/01/2024,09:21:02,8.25,8.2,16560,8.25,160,41320,4877600
FINNIFTY02JAN2421300PE.NFO,02/01/2024,09:21:03,8.2,8.1,28280,8.2,11160,51840,4877600
FINNIFTY02JAN2421300PE.NFO,02/01/2024,09:21:04,8.05,8,26440,8.05,6440,190200,4877600
FINNIFTY02JAN2421300PE.NFO,02/01/2024,09:21:05,7.9,7.85,8960,7.9,6600,128720,4877600
FINNIFTY02JAN2421300PE.NFO,02/01/2024,09:21:06,7.85,7.85,12160,7.9,5880,112440,4877600
FINNIFTY02JAN2421300PE.NFO,02/01/2024,09:21:07,8,7.95,8560,8,4800,308160,4877600
FINNIFTY02JAN2421300PE.NFO,02/01/2024,09:21:08,8,8,10440,8.05,3520,109960,4877600
FINNIFTY02JAN2421300PE.NFO,02/01/2024,09:21:09,8.05,8,4240,8.05,9360,85040,4877600
FINNIFTY02JAN2421300PE.NFO,02/01/2024,09:21:10,8,7.9,14400,7.95,200,60040,4877600
FINNIFTY02JAN2421300PE.NFO,02/01/2024,09:21:11,7.85,7.8,1640,7.85,10080,75240,4877600
FINNIFTY02JAN2421300PE.NFO,02/01/2024,09:21:12,7.8,7.75,8160,7.8,4480,69040,4877600
FINNIFTY02JAN2421300PE.NFO,02/01/2024,09:21:13,7.8,7.7,17080,7.8,11880,43720,4877600
FINNIFTY02JAN2421300PE.NFO,02/01/2024,09:21:14,7.8,7.75,14440,7.8,3240,90640,4877600
FINNIFTY02JAN2421300PE.NFO,02/01/2024,09:21:15,7.85,7.85,11120,7.9,1960,53120,4877600
FINNIFTY02JAN2421300PE.NFO,02/01/2024,09:21:16,8.1,8,12080,8.1,21720,43680,4877600
FINNIFTY02JAN2421300PE.NFO,02/01/2024,09:21:17,8.1,8.05,9640,8.1,10000,41320,4877600
FINNIFTY02JAN2421300PE.NFO,02/01/2024,09:21:18,8.05,8.05,6720,8.1,12920,36600,4877600
FINNIFTY02JAN2421300PE.NFO,02/01/2024,09:21:19,8,8,13360,8.05,3040,63960,4877600
FINNIFTY02JAN2421300PE.NFO,02/01/2024,09:21:20,8.05,8.05,16160,8.1,8520,40840,4877600
FINNIFTY02JAN2421300PE.NFO,02/01/2024,09:21:21,7.95,7.95,3880,8,13160,51320,4877600
FINNIFTY02JAN2421300PE.NFO,02/01/2024,09:21:22,7.9,7.85,3560,7.9,19320,27040,4877600
FINNIFTY02JAN2421300PE.NFO,02/01/2024,09:21:23,7.85,7.85,8160,7.9,11640,53120,4877600
FINNIFTY02JAN2421300PE.NFO,02/01/2024,09:21:24,7.75,7.75,7720,7.8,10680,33240,4877600
FINNIFTY02JAN2421300PE.NFO,02/01/2024,09:21:25,7.65,7.65,4680,7.7,13280,42880,4877600
FINNIFTY02JAN2421300PE.NFO,02/01/2024,09:21:26,7.55,7.55,18400,7.6,200,80680,4877600
FINNIFTY02JAN2421300PE.NFO,02/01/2024,09:21:27,7.5,7.5,3640,7.55,11160,97280,4877600
FINNIFTY02JAN2421300PE.NFO,02/01/2024,09:21:28,7.65,7.6,13040,7.65,1600,163000,4877600
FINNIFTY02JAN2421300PE.NFO,02/01/2024,09:21:29,7.6,7.55,18120,7.6,280,79960,4877600
FINNIFTY02JAN2421300PE.NFO,02/01/2024,09:21:30,7.7,7.7,7240,7.75,6520,74920,4877600
FINNIFTY02JAN2421300PE.NFO,02/01/2024,09:21:31,7.8,7.75,16520,7.8,3680,49400,4877600
FINNIFTY02JAN2421300PE.NFO,02/01/2024,09:21:32,7.7,7.7,280,7.75,12320,42840,4877600
FINNIFTY02JAN2421300PE.NFO,02/01/2024,09:21:33,7.6,7.55,17080,7.65,13080,64680,4877600
FINNIFTY02JAN2421300PE.NFO,02/01/2024,09:21:34,7.7,7.7,14040,7.75,5080,42000,4877600
FINNIFTY02JAN2421300PE.NFO,02/01/2024,09:21:35,7.9,7.9,12480,7.95,2000,40360,4877600
FINNIFTY02JAN2421300PE.NFO,02/01/2024,09:21:36,8.15,8.1,13080,8.2,14440,45640,4877600
FINNIFTY02JAN2421300PE.NFO,02/01/2024,09:21:37,7.75,7.75,5480,7.8,6920,71880,4877600
FINNIFTY02JAN2421300PE.NFO,02/01/2024,09:21:38,7.9,7.85,5080,7.9,7880,39080,4877600
FINNIFTY02JAN2421300PE.NFO,02/01/2024,09:21:39,7.95,7.95,11080,8,6480,35360,4877600
FINNIFTY02JAN2421300PE.NFO,02/01/2024,09:21:40,7.85,7.85,4880,7.9,11360,18000,4877600
FINNIFTY02JAN2421300PE.NFO,02/01/2024,09:21:41,7.95,7.9,17000,8,24160,25960,4877600
FINNIFTY02JAN2421300PE.NFO,02/01/2024,09:21:42,8,7.95,14000,8,4480,47240,4877600
FINNIFTY02JAN2421300PE.NFO,02/01/2024,09:21:43,7.95,7.95,10640,8,9000,39320,4877600
FINNIFTY02JAN2421300PE.NFO,02/01/2024,09:21:44,8.05,8.05,15720,8.15,24240,30920,4877600
FINNIFTY02JAN2421300PE.NFO,02/01/2024,09:21:45,8.1,8.05,15560,8.1,6280,25080,4877600
FINNIFTY02JAN2421300PE.NFO,02/01/2024,09:21:46,8.1,8.05,13000,8.1,4880,41960,4877600
FINNIFTY02JAN2421300PE.NFO,02/01/2024,09:21:47,8.05,8,22440,8.05,4080,31720,4877600
FINNIFTY02JAN2421300PE.NFO,02/01/2024,09:21:48,8.05,8,18880,8.05,1080,25200,4877600
FINNIFTY02JAN2421300PE.NFO,02/01/2024,09:21:49,8,7.95,4440,8,17480,40000,4877600
FINNIFTY02JAN2421300PE.NFO,02/01/2024,09:21:50,8,7.95,20840,8,7760,27920,4877600
FINNIFTY02JAN2421300PE.NFO,02/01/2024,09:21:51,7.95,7.95,120,8,19840,32080,4877600
FINNIFTY02JAN2421300PE.NFO,02/01/2024,09:21:53,7.9,7.9,8400,7.95,17440,36240,4877600
FINNIFTY02JAN2421300PE.NFO,02/01/2024,09:21:54,7.95,7.9,11840,7.95,16000,19280,4877600
FINNIFTY02JAN2421300PE.NFO,02/01/2024,09:21:55,7.85,7.85,1200,7.9,15080,27480,4877600
FINNIFTY02JAN2421300PE.NFO,02/01/2024,09:21:56,7.8,7.8,760,7.85,20880,29320,4877600
FINNIFTY02JAN2421300PE.NFO,02/01/2024,09:21:57,7.75,7.75,26520,7.8,3720,28400,4877600
FINNIFTY02JAN2421300PE.NFO,02/01/2024,09:21:57,7.8,7.75,26720,7.8,10360,840,4877600
FINNIFTY02JAN2421300PE.NFO,02/01/2024,09:21:58,7.8,7.75,6520,7.8,34440,25960,4877600
FINNIFTY02JAN2421300PE.NFO,02/01/2024,09:21:59,7.65,7.7,10160,7.75,14880,47960,4877600
FINNIFTY02JAN2421300PE.NFO,02/01/2024,09:22:00,7.7,7.75,40,7.8,57960,38040,4877600
FINNIFTY02JAN2421300PE.NFO,02/01/2024,09:22:01,7.7,7.7,27920,7.75,1160,48680,4877600
FINNIFTY02JAN2421300PE.NFO,02/01/2024,09:22:02,7.8,7.75,17080,7.8,58280,78400,4877600
FINNIFTY02JAN2421300PE.NFO,02/01/2024,09:22:03,7.55,7.55,9840,7.6,4800,64520,4877600
FINNIFTY02JAN2421300PE.NFO,02/01/2024,09:22:04,7.7,7.7,2720,7.75,13880,41840,4877600
FINNIFTY02JAN2421300PE.NFO,02/01/2024,09:22:05,7.75,7.7,14320,7.75,13720,21880,4877600
FINNIFTY02JAN2421300PE.NFO,02/01/2024,09:22:06,7.75,7.7,33600,7.75,2880,42160,4877600
FINNIFTY02JAN2421300PE.NFO,02/01/2024,09:22:07,7.75,7.75,23040,7.8,46280,24280,4877600
FINNIFTY02JAN2421300PE.NFO,02/01/2024,09:22:08,7.8,7.8,34600,7.85,1800,74080,4877600
FINNIFTY02JAN2421300PE.NFO,02/01/2024,09:22:09,7.8,7.8,23280,7.85,8160,46960,4877600
FINNIFTY02JAN2421300PE.NFO,02/01/2024,09:22:11,7.85,7.8,16960,7.85,13120,39240,4877600
FINNIFTY02JAN2421300PE.NFO,02/01/2024,09:22:12,7.8,7.8,15560,7.85,9560,41960,4877600
FINNIFTY02JAN2421300PE.NFO,02/01/2024,09:22:12,7.9,7.85,17480,7.9,17880,16560,4877600
FINNIFTY02JAN2421300PE.NFO,02/01/2024,09:22:13,7.8,7.75,80,7.8,23720,67280,4877600
FINNIFTY02JAN2421300PE.NFO,02/01/2024,09:22:14,7.85,7.8,10120,7.85,12000,34360,4877600
FINNIFTY02JAN2421300PE.NFO,02/01/2024,09:22:16,7.85,7.85,3040,7.9,23160,48960,4877600
FINNIFTY02JAN2421300PE.NFO,02/01/2024,09:22:17,7.95,7.95,4720,8,24880,61440,4877600
FINNIFTY02JAN2421300PE.NFO,02/01/2024,09:22:18,8,7.95,20400,8.05,19720,73480,4877600
FINNIFTY02JAN2421300PE.NFO,02/01/2024,09:22:19,8,7.95,17360,8,13320,46640,4877600
FINNIFTY02JAN2421300PE.NFO,02/01/2024,09:22:20,8,7.95,19120,8,40,40280,4877600
FINNIFTY02JAN2421300PE.NFO,02/01/2024,09:22:21,8.1,8.05,2480,8.1,23160,32320,4877600
FINNIFTY02JAN2421300PE.NFO,02/01/2024,09:22:21,8.1,8.05,9680,8.1,16200,3240,4877600
FINNIFTY02JAN2421300PE.NFO,02/01/2024,09:22:22,8,8,8120,8.05,14600,52800,4877600
FINNIFTY02JAN2421300PE.NFO,02/01/2024,09:22:23,8.15,8.1,14880,8.15,16400,56880,4877600
FINNIFTY02JAN2421300PE.NFO,02/01/2024,09:22:25,8.1,8.05,3520,8.1,19520,47400,4877600
FINNIFTY02JAN2421300PE.NFO,02/01/2024,09:22:26,8.1,8.1,13600,8.15,15560,39400,4877600
FINNIFTY02JAN2421300PE.NFO,02/01/2024,09:22:26,8.1,8.1,2920,8.15,23240,8200,4877600
FINNIFTY02JAN2421300PE.NFO,02/01/2024,09:22:27,8.2,8.15,12080,8.2,49120,67120,4877600
FINNIFTY02JAN2421300PE.NFO,02/01/2024,09:22:28,8.35,8.35,3880,8.4,13440,99000,4877600
FINNIFTY02JAN2421300PE.NFO,02/01/2024,09:22:29,8.2,8.2,19760,8.25,5200,48240,4877600
FINNIFTY02JAN2421300PE.NFO,02/01/2024,09:22:30,8.15,8.1,31240,8.2,29000,46920,4877600
FINNIFTY02JAN2421300PE.NFO,02/01/2024,09:22:31,8.25,8.2,17240,8.25,6760,23840,4877600
FINNIFTY02JAN2421300PE.NFO,02/01/2024,09:22:32,8.25,8.2,6800,8.25,22960,18400,4877600
FINNIFTY02JAN2421300PE.NFO,02/01/2024,09:22:34,8.4,8.3,23040,8.4,25400,38640,4877600
FINNIFTY02JAN2421300PE.NFO,02/01/2024,09:22:35,8.35,8.35,16840,8.4,5840,37600,4877600
FINNIFTY02JAN2421300PE.NFO,02/01/2024,09:22:36,8.5,8.45,20080,8.55,24120,67200,4877600
FINNIFTY02JAN2421300PE.NFO,02/01/2024,09:22:37,8.35,8.35,15880,8.4,4680,32720,4877600
FINNIFTY02JAN2421300PE.NFO,02/01/2024,09:22:38,8.45,8.4,25200,8.45,40,158560,4877600
FINNIFTY02JAN2421300PE.NFO,02/01/2024,09:22:39,8.45,8.4,26800,8.45,1440,24400,4877600
FINNIFTY02JAN2421300PE.NFO,02/01/2024,09:22:40,8.25,8.25,25120,8.35,14120,29720,4877600
FINNIFTY02JAN2421300PE.NFO,02/01/2024,09:22:41,8.35,8.4,6480,8.45,11760,38400,4877600
FINNIFTY02JAN2421300PE.NFO,02/01/2024,09:22:42,8.45,8.45,7320,8.5,23320,18320,4877600
FINNIFTY02JAN2421300PE.NFO,02/01/2024,09:22:43,8.45,8.45,18720,8.5,4160,32440,4877600
FINNIFTY02JAN2421300PE.NFO,02/01/2024,09:22:44,8.4,8.35,21800,8.45,19200,29080,4877600
FINNIFTY02JAN2421300PE.NFO,02/01/2024,09:22:45,8.4,8.35,16120,8.45,22320,29840,4877600
FINNIFTY02JAN2421300PE.NFO,02/01/2024,09:22:46,8.4,8.35,20760,8.4,3600,16240,4877600
FINNIFTY02JAN2421300PE.NFO,02/01/2024,09:22:47,8.35,8.25,19960,8.3,1920,37320,4877600
FINNIFTY02JAN2421300PE.NFO,02/01/2024,09:22:48,8.35,8.3,22160,8.35,1920,12000,4877600
FINNIFTY02JAN2421300PE.NFO,02/01/2024,09:22:49,8.5,8.5,9840,8.55,12640,31280,4877600
FINNIFTY02JAN2421300PE.NFO,02/01/2024,09:22:50,8.5,8.45,80,8.5,20760,23160,4877600
FINNIFTY02JAN2421300PE.NFO,02/01/2024,09:22:51,8.35,8.3,10520,8.35,11320,40760,4877600
FINNIFTY02JAN2421300PE.NFO,02/01/2024,09:22:52,8.35,8.3,5840,8.35,15400,69360,4877600
FINNIFTY02JAN2421300PE.NFO,02/01/2024,09:22:53,8.25,8.25,7800,8.3,10920,15120,4877600
FINNIFTY02JAN2421300PE.NFO,02/01/2024,09:22:54,8.25,8.25,16160,8.3,8080,23840,4877600
FINNIFTY02JAN2421300PE.NFO,02/01/2024,09:22:55,8.4,8.35,18640,8.4,6120,41640,4877600
FINNIFTY02JAN2421300PE.NFO,02/01/2024,09:22:56,8.45,8.4,2040,8.45,22000,26120,4877600
FINNIFTY02JAN2421300PE.NFO,02/01/2024,09:22:57,8.35,8.35,280,8.4,20440,16880,4877600
FINNIFTY02JAN2421300PE.NFO,02/01/2024,09:22:58,8.35,8.3,7000,8.35,11560,16840,4877600
FINNIFTY02JAN2421300PE.NFO,02/01/2024,09:22:59,8.25,8.25,29320,8.3,17440,9240,4877600
FINNIFTY02JAN2421300PE.NFO,02/01/2024,09:23:00,8.35,8.3,20680,8.35,10920,39280,4877600
FINNIFTY02JAN2421300PE.NFO,02/01/2024,09:23:01,8.3,8.25,26240,8.35,17280,25720,4877600
FINNIFTY02JAN2421300PE.NFO,02/01/2024,09:23:02,8.45,8.4,26120,8.45,1720,29960,4877600
FINNIFTY02JAN2421300PE.NFO,02/01/2024,09:23:03,8.45,8.4,21640,8.45,6400,16840,4877600
FINNIFTY02JAN2421300PE.NFO,02/01/2024,09:23:04,8.45,8.4,6520,8.45,16240,45000,4877600
FINNIFTY02JAN2421300PE.NFO,02/01/2024,09:23:05,8.3,8.25,9560,8.3,9240,37000,4877600
FINNIFTY02JAN2421300PE.NFO,02/01/2024,09:23:06,8.3,8.2,30000,8.25,2680,32200,4877600
FINNIFTY02JAN2421300PE.NFO,02/01/2024,09:23:07,8.1,8.1,16160,8.15,16720,43280,4877600
FINNIFTY02JAN2421300PE.NFO,02/01/2024,09:23:08,8.05,8.05,7240,8.1,22720,87880,4877600
FINNIFTY02JAN2421300PE.NFO,02/01/2024,09:23:09,8.1,8,43320,8.1,20760,30440,4877600
FINNIFTY02JAN2421300PE.NFO,02/01/2024,09:23:10,8.1,8.05,25720,8.15,22920,16680,4877600
FINNIFTY02JAN2421300PE.NFO,02/01/2024,09:23:10,8.1,8.05,24920,8.1,6040,1760,4877600
FINNIFTY02JAN2421300PE.NFO,02/01/2024,09:23:11,8.2,8.2,9520,8.25,3520,24440,4877600
FINNIFTY02JAN2421300PE.NFO,02/01/2024,09:23:12,8.35,8.3,17880,8.35,6280,33080,4877600
FINNIFTY02JAN2421300PE.NFO,02/01/2024,09:23:13,8.25,8.15,20520,8.25,23440,17480,4877600
FINNIFTY02JAN2421300PE.NFO,02/01/2024,09:23:14,8.15,8.15,21200,8.25,21840,26920,4877600
FINNIFTY02JAN2421300PE.NFO,02/01/2024,09:23:15,8.1,8.1,21920,8.2,20480,12760,4877600
FINNIFTY02JAN2421300PE.NFO,02/01/2024,09:23:16,8.1,8.05,23160,8.1,4240,28560,4877600
FINNIFTY02JAN2421300PE.NFO,02/01/2024,09:23:17,8,7.95,1440,8,17960,49320,4877600
FINNIFTY02JAN2421300PE.NFO,02/01/2024,09:23:18,8.05,8.05,11880,8.1,7600,17360,4877600
FINNIFTY02JAN2421300PE.NFO,02/01/2024,09:23:19,8.15,8.1,17200,8.2,24120,28480,4877600
FINNIFTY02JAN2421300PE.NFO,02/01/2024,09:23:20,8.05,8.05,13200,8.1,5760,16560,4877600
FINNIFTY02JAN2421300PE.NFO,02/01/2024,09:23:21,8.15,8.15,520,8.2,14920,18200,4877600
FINNIFTY02JAN2421300PE.NFO,02/01/2024,09:23:22,8.05,8.05,11880,8.1,8080,24120,4877600
FINNIFTY02JAN2421300PE.NFO,02/01/2024,09:23:23,8.1,8,30280,8.1,14360,9800,4877600
FINNIFTY02JAN2421300PE.NFO,02/01/2024,09:23:24,8.1,8.05,17000,8.1,11240,16920,4877600
FINNIFTY02JAN2421300PE.NFO,02/01/2024,09:23:25,8.05,8.05,22400,8.1,9520,6240,4877600
FINNIFTY02JAN2421300PE.NFO,02/01/2024,09:23:26,8.25,8.2,16040,8.25,11880,19000,4877600
FINNIFTY02JAN2421300PE.NFO,02/01/2024,09:23:27,8.1,8.1,16520,8.15,8920,21640,5769840
FINNIFTY02JAN2421300PE.NFO,02/01/2024,09:23:28,8.2,8.2,6520,8.25,13520,20760,5769840
FINNIFTY02JAN2421300PE.NFO,02/01/2024,09:23:29,8.45,8.4,10880,8.45,14760,43640,5769840
FINNIFTY02JAN2421300PE.NFO,02/01/2024,09:23:30,8.35,8.35,4080,8.4,22600,78800,5769840
FINNIFTY02JAN2421300PE.NFO,02/01/2024,09:23:31,8.25,8.2,20600,8.3,23560,24080,5769840
FINNIFTY02JAN2421300PE.NFO,02/01/2024,09:23:32,8.2,8.2,19400,8.25,13200,10840,5769840
FINNIFTY02JAN2421300PE.NFO,02/01/2024,09:23:33,8.25,8.2,2440,8.25,19040,22760,5769840
FINNIFTY02JAN2421300PE.NFO,02/01/2024,09:23:34,8.3,8.25,26080,8.3,4760,33360,5769840
FINNIFTY02JAN2421300PE.NFO,02/01/2024,09:23:35,8.35,8.3,4960,8.35,19360,15920,5769840
FINNIFTY02JAN2421300PE.NFO,02/01/2024,09:23:37,8.2,8.2,2760,8.25,17360,17800,5769840
FINNIFTY02JAN2421300PE.NFO,02/01/2024,09:23:38,8.2,8.15,18560,8.2,760,19880,5769840
FINNIFTY02JAN2421300PE.NFO,02/01/2024,09:23:38,8.2,8.2,7960,8.25,14840,5960,5769840
FINNIFTY02JAN2421300PE.NFO,02/01/2024,09:23:39,8.25,8.2,23600,8.25,4960,27480,5769840
FINNIFTY02JAN2421300PE.NFO,02/01/2024,09:23:40,8.2,8.2,7800,8.25,22080,16960,5769840
FINNIFTY02JAN2421300PE.NFO,02/01/2024,09:23:41,8.3,8.3,4440,8.35,15680,12240,5769840
FINNIFTY02JAN2421300PE.NFO,02/01/2024,09:23:42,8.4,8.4,9480,8.45,19920,39080,5769840
FINNIFTY02JAN2421300PE.NFO,02/01/2024,09:23:43,8.4,8.35,27320,8.4,160,8000,5769840
FINNIFTY02JAN2421300PE.NFO,02/01/2024,09:23:44,8.4,8.35,22400,8.4,2600,12720,5769840
FINNIFTY02JAN2421300PE.NFO,02/01/2024,09:23:45,8.4,8.35,8480,8.4,12960,20560,5769840
FINNIFTY02JAN2421300PE.NFO,02/01/2024,09:23:46,8.4,8.35,6600,8.4,13360,31960,5769840
FINNIFTY02JAN2421300PE.NFO,02/01/2024,09:23:48,8.55,8.5,25200,8.55,400,55800,5769840
FINNIFTY02JAN2421300PE.NFO,02/01/2024,09:23:49,8.45,8.45,5360,8.5,9840,32800,5769840
FINNIFTY02JAN2421300PE.NFO,02/01/2024,09:23:49,8.5,8.5,4760,8.55,16560,1240,5769840
FINNIFTY02JAN2421300PE.NFO,02/01/2024,09:23:50,8.45,8.4,27160,8.45,3720,20760,5769840
FINNIFTY02JAN2421300PE.NFO,02/01/2024,09:23:51,8.5,8.4,26520,8.5,21040,26280,5769840
FINNIFTY02JAN2421300PE.NFO,02/01/2024,09:23:53,8.4,8.35,24160,8.4,1880,23760,5769840
FINNIFTY02JAN2421300PE.NFO,02/01/2024,09:23:54,8.4,8.4,25440,8.45,4280,20560,5769840
FINNIFTY02JAN2421300PE.NFO,02/01/2024,09:23:55,8.45,8.4,11640,8.45,16120,29800,5769840
FINNIFTY02JAN2421300PE.NFO,02/01/2024,09:23:56,8.5,8.4,23320,8.5,21640,32160,5769840
FINNIFTY02JAN2421300PE.NFO,02/01/2024,09:23:57,8.55,8.45,19640,8.55,23280,19360,5769840
FINNIFTY02JAN2421300PE.NFO,02/01/2024,09:23:57,8.5,8.5,6920,8.55,19080,3880,5769840
FINNIFTY02JAN2421300PE.NFO,02/01/2024,09:23:58,8.55,8.5,20880,8.6,16680,31120,5769840
FINNIFTY02JAN2421300PE.NFO,02/01/2024,09:23:59,8.6,8.55,7720,8.6,19200,19200,5769840
FINNIFTY02JAN2421300PE.NFO,02/01/2024,09:24:00,8.55,8.5,23600,8.6,21560,8440,5769840
FINNIFTY02JAN2421300PE.NFO,02/01/2024,09:24:01,8.65,8.65,7000,8.7,18560,22240,5769840
FINNIFTY02JAN2421300PE.NFO,02/01/2024,09:24:02,8.65,8.65,16840,8.7,4960,17800,5769840
FINNIFTY02JAN2421300PE.NFO,02/01/2024,09:24:04,8.65,8.6,20640,8.65,2720,29560,5769840
FINNIFTY02JAN2421300PE.NFO,02/01/2024,09:24:05,8.65,8.55,21640,8.65,23960,12480,5769840
FINNIFTY02JAN2421300PE.NFO,02/01/2024,09:24:06,8.55,8.5,11800,8.55,18560,31840,5769840
FINNIFTY02JAN2421300PE.NFO,02/01/2024,09:24:06,8.55,8.5,6080,8.55,24840,7840,5769840
FINNIFTY02JAN2421300PE.NFO,02/01/2024,09:24:07,8.5,8.5,17960,8.6,30160,14560,5769840
FINNIFTY02JAN2421300PE.NFO,02/01/2024,09:24:08,8.55,8.5,7480,8.55,20640,28880,5769840
FINNIFTY02JAN2421300PE.NFO,02/01/2024,09:24:09,8.5,8.45,7840,8.5,16600,17960,5769840
FINNIFTY02JAN2421300PE.NFO,02/01/2024,09:24:11,8.45,8.4,21400,8.45,11640,19760,5769840
FINNIFTY02JAN2421300PE.NFO,02/01/2024,09:24:12,8.3,8.3,5160,8.35,25400,18520,5769840
FINNIFTY02JAN2421300PE.NFO,02/01/2024,09:24:13,8.3,8.25,15920,8.3,11080,25880,5769840
FINNIFTY02JAN2421300PE.NFO,02/01/2024,09:24:14,8.25,8.25,4920,8.3,15200,5480,5769840
FINNIFTY02JAN2421300PE.NFO,02/01/2024,09:24:14,8.3,8.25,960,8.3,27440,160,5769840
FINNIFTY02JAN2421300PE.NFO,02/01/2024,09:24:15,8.4,8.3,23960,8.4,24120,20840,5769840
FINNIFTY02JAN2421300PE.NFO,02/01/2024,09:24:17,8.45,8.45,4720,8.5,28440,32840,5769840
FINNIFTY02JAN2421300PE.NFO,02/01/2024,09:24:18,8.5,8.45,6080,8.5,28080,24200,5769840
FINNIFTY02JAN2421300PE.NFO,02/01/2024,09:24:19,8.5,8.45,5200,8.5,23600,47400,5769840
FINNIFTY02JAN2421300PE.NFO,02/01/2024,09:24:20,8.5,8.5,19480,8.55,10360,9760,5769840
FINNIFTY02JAN2421300PE.NFO,02/01/2024,09:24:21,8.6,8.55,26240,8.6,10080,24480,5769840
FINNIFTY02JAN2421300PE.NFO,02/01/2024,09:24:22,8.6,8.55,26080,8.6,3600,17160,5769840
FINNIFTY02JAN2421300PE.NFO,02/01/2024,09:24:23,8.65,8.6,18000,8.65,5920,41760,5769840
FINNIFTY02JAN2421300PE.NFO,02/01/2024,09:24:24,8.75,8.7,7840,8.75,20560,36040,5769840
FINNIFTY02JAN2421300PE.NFO,02/01/2024,09:24:25,8.6,8.6,16720,8.65,8840,27600,5769840
FINNIFTY02JAN2421300PE.NFO,02/01/2024,09:24:26,8.65,8.6,19960,8.7,22520,31000,5769840
FINNIFTY02JAN2421300PE.NFO,02/01/2024,09:24:27,8.7,8.65,12200,8.7,9040,31520,5769840
FINNIFTY02JAN2421300PE.NFO,02/01/2024,09:24:28,8.65,8.65,1800,8.7,28920,46680,5769840
FINNIFTY02JAN2421300PE.NFO,02/01/2024,09:24:28,8.65,8.65,80,8.7,27560,3600,5769840
FINNIFTY02JAN2421300PE.NFO,02/01/2024,09:24:29,8.65,8.6,14520,8.65,6200,26840,5769840
FINNIFTY02JAN2421300PE.NFO,02/01/2024,09:24:30,8.7,8.65,4920,8.7,22600,24480,5769840
FINNIFTY02JAN2421300PE.NFO,02/01/2024,09:24:31,8.55,8.55,4760,8.6,18880,16040,5769840
FINNIFTY02JAN2421300PE.NFO,02/01/2024,09:24:32,8.6,8.6,80,8.65,24080,26680,5769840
FINNIFTY02JAN2421300PE.NFO,02/01/2024,09:24:34,8.65,8.55,24240,8.65,22480,66320,5769840
FINNIFTY02JAN2421300PE.NFO,02/01/2024,09:24:35,8.6,8.55,1480,8.6,19440,25840,5769840
FINNIFTY02JAN2421300PE.NFO,02/01/2024,09:24:36,8.5,8.5,15480,8.55,15800,16480,5769840
FINNIFTY02JAN2421300PE.NFO,02/01/2024,09:24:36,8.45,8.4,9200,8.45,18160,11880,5769840
FINNIFTY02JAN2421300PE.NFO,02/01/2024,09:24:37,8.3,8.25,26680,8.3,720,36240,5769840
FINNIFTY02JAN2421300PE.NFO,02/01/2024,09:24:39,8.3,8.25,32760,8.35,20440,26040,5769840
FINNIFTY02JAN2421300PE.NFO,02/01/2024,09:24:40,8.4,8.3,19720,8.4,23040,34000,5769840
FINNIFTY02JAN2421300PE.NFO,02/01/2024,09:24:41,8.3,8.25,6320,8.3,22000,26840,5769840
FINNIFTY02JAN2421300PE.NFO,02/01/2024,09:24:41,8.25,8.2,14320,8.25,17560,2920,5769840
FINNIFTY02JAN2421300PE.NFO,02/01/2024,09:24:42,8.25,8.25,6960,8.3,16640,25040,5769840
FINNIFTY02JAN2421300PE.NFO,02/01/2024,09:24:44,8.25,8.2,24040,8.25,9520,31400,5769840
FINNIFTY02JAN2421300PE.NFO,02/01/2024,09:24:45,8.3,8.3,9120,8.35,12360,28360,5769840
FINNIFTY02JAN2421300PE.NFO,02/01/2024,09:24:46,8.2,8.15,30440,8.25,20680,32520,5769840
FINNIFTY02JAN2421300PE.NFO,02/01/2024,09:24:46,8.2,8.15,27040,8.2,2080,9000,5769840
FINNIFTY02JAN2421300PE.NFO,02/01/2024,09:24:47,8.25,8.25,8200,8.3,18960,28680,5769840
FINNIFTY02JAN2421300PE.NFO,02/01/2024,09:24:49,8.2,8.15,17360,8.2,7320,71720,5769840
FINNIFTY02JAN2421300PE.NFO,02/01/2024,09:24:50,8.15,8.1,25560,8.2,26720,43280,5769840
FINNIFTY02JAN2421300PE.NFO,02/01/2024,09:24:51,8.1,8.1,20720,8.15,7560,32960,5769840
FINNIFTY02JAN2421300PE.NFO,02/01/2024,09:24:51,8.15,8.15,18320,8.2,9320,9440,5769840
FINNIFTY02JAN2421300PE.NFO,02/01/2024,09:24:52,8.3,8.25,27320,8.3,80,24480,5769840
FINNIFTY02JAN2421300PE.NFO,02/01/2024,09:24:54,8.2,8.15,19520,8.2,12560,20960,5769840
FINNIFTY02JAN2421300PE.NFO,02/01/2024,09:24:55,8.35,8.35,16120,8.4,8840,34280,5769840
FINNIFTY02JAN2421300PE.NFO,02/01/2024,09:24:56,8.5,8.5,21720,8.55,11480,37440,5769840
FINNIFTY02JAN2421300PE.NFO,02/01/2024,09:24:56,8.55,8.45,23120,8.55,26000,5880,5769840
FINNIFTY02JAN2421300PE.NFO,02/01/2024,09:24:57,8.35,8.35,20160,8.4,8560,31920,5769840
FINNIFTY02JAN2421300PE.NFO,02/01/2024,09:24:59,8.4,8.4,5880,8.45,14400,25880,5769840
FINNIFTY02JAN2421300PE.NFO,02/01/2024,09:25:00,8.4,8.35,3960,8.4,12800,33000,5769840
FINNIFTY02JAN2421300PE.NFO,02/01/2024,09:25:01,8.4,8.3,17280,8.35,4760,67200,5769840
FINNIFTY02JAN2421300PE.NFO,02/01/2024,09:25:01,8.4,8.4,11800,8.45,5120,4880,5769840
FINNIFTY02JAN2421300PE.NFO,02/01/2024,09:25:02,8.3,8.3,13720,8.35,4800,30040,5769840
FINNIFTY02JAN2421300PE.NFO,02/01/2024,09:25:03,8.35,8.3,13480,8.35,5160,26200,5769840
FINNIFTY02JAN2421300PE.NFO,02/01/2024,09:25:04,8.3,8.25,26880,8.3,7640,14520,5769840
FINNIFTY02JAN2421300PE.NFO,02/01/2024,09:25:05,8.25,8.25,25880,8.35,19600,15600,5769840
FINNIFTY02JAN2421300PE.NFO,02/01/2024,09:25:06,8.3,8.25,20160,8.3,11040,11680,5769840
FINNIFTY02JAN2421300PE.NFO,02/01/2024,09:25:07,8.1,8.1,24240,8.15,11360,28160,5769840
FINNIFTY02JAN2421300PE.NFO,02/01/2024,09:25:09,8.2,8.2,11520,8.25,19520,19480,5769840
FINNIFTY02JAN2421300PE.NFO,02/01/2024,09:25:10,8.2,8.2,22800,8.25,2280,11720,5769840
FINNIFTY02JAN2421300PE.NFO,02/01/2024,09:25:11,8.4,8.4,18200,8.45,11760,33000,5769840
FINNIFTY02JAN2421300PE.NFO,02/01/2024,09:25:12,8.25,8.25,33400,8.3,1320,18760,5769840
FINNIFTY02JAN2421300PE.NFO,02/01/2024,09:25:13,8.35,8.3,20120,8.35,11640,20800,5769840
FINNIFTY02JAN2421300PE.NFO,02/01/2024,09:25:14,8.25,8.3,560,8.35,22520,15120,5769840
FINNIFTY02JAN2421300PE.NFO,02/01/2024,09:25:15,8.25,8.2,28920,8.3,15000,39560,5769840
FINNIFTY02JAN2421300PE.NFO,02/01/2024,09:25:15,8.3,8.25,25440,8.3,7400,1440,5769840
FINNIFTY02JAN2421300PE.NFO,02/01/2024,09:25:16,8.35,8.3,1800,8.35,22120,10680,5769840
FINNIFTY02JAN2421300PE.NFO,02/01/2024,09:25:18,8.3,8.25,11200,8.3,8920,17840,5769840
FINNIFTY02JAN2421300PE.NFO,02/01/2024,09:25:19,8.3,8.25,6520,8.3,25160,14480,5769840
FINNIFTY02JAN2421300PE.NFO,02/01/2024,09:25:20,8.25,8.25,15480,8.3,3960,12080,5769840
FINNIFTY02JAN2421300PE.NFO,02/01/2024,09:25:21,8.15,8.1,18360,8.15,13880,18520,5769840
FINNIFTY02JAN2421300PE.NFO,02/01/2024,09:25:22,8.2,8.15,18600,8.2,13080,5400,5769840
FINNIFTY02JAN2421300PE.NFO,02/01/2024,09:25:23,8.25,8.2,8160,8.25,14840,27680,5769840
FINNIFTY02JAN2421300PE.NFO,02/01/2024,09:25:24,8.2,8.15,8680,8.2,16920,10000,5769840
FINNIFTY02JAN2421300PE.NFO,02/01/2024,09:25:25,8.2,8.15,24320,8.2,4000,23040,5769840
FINNIFTY02JAN2421300PE.NFO,02/01/2024,09:25:25,8.25,8.15,22840,8.25,35040,4040,5769840
FINNIFTY02JAN2421300PE.NFO,02/01/2024,09:25:26,8.1,8.05,25480,8.1,200,16680,5769840
FINNIFTY02JAN2421300PE.NFO,02/01/2024,09:25:27,8.05,8.05,18640,8.1,9920,22760,5769840
FINNIFTY02JAN2421300PE.NFO,02/01/2024,09:25:28,8.15,8.1,22760,8.15,6960,26000,5769840
FINNIFTY02JAN2421300PE.NFO,02/01/2024,09:25:29,8.05,8.05,7040,8.1,23880,21640,5769840
FINNIFTY02JAN2421300PE.NFO,02/01/2024,09:25:30,8.1,8.05,7000,8.1,17840,22000,5769840
FINNIFTY02JAN2421300PE.NFO,02/01/2024,09:25:31,8,8,68640,8.05,17600,31040,5769840
FINNIFTY02JAN2421300PE.NFO,02/01/2024,09:25:32,7.9,7.85,24720,7.9,440,88040,5769840
FINNIFTY02JAN2421300PE.NFO,02/01/2024,09:25:33,7.85,7.85,13160,7.9,15680,20960,5769840
FINNIFTY02JAN2421300PE.NFO,02/01/2024,09:25:34,7.85,7.85,8080,7.9,22200,19320,5769840
FINNIFTY02JAN2421300PE.NFO,02/01/2024,09:25:36,7.8,7.8,24440,7.85,11560,21880,5769840
FINNIFTY02JAN2421300PE.NFO,02/01/2024,09:25:37,7.9,7.9,16680,7.95,8800,31920,5769840
FINNIFTY02JAN2421300PE.NFO,02/01/2024,09:25:38,8,7.95,17920,8,21480,24160,5769840
FINNIFTY02JAN2421300PE.NFO,02/01/2024,09:25:39,8,8,10200,8.05,22160,19560,5769840
FINNIFTY02JAN2421300PE.NFO,02/01/2024,09:25:40,8.1,8.05,21000,8.1,16920,22600,5769840
FINNIFTY02JAN2421300PE.NFO,02/01/2024,09:25:41,8.1,8.05,8840,8.1,27720,26040,5769840
FINNIFTY02JAN2421300PE.NFO,02/01/2024,09:25:42,7.9,7.9,80,7.95,27080,16400,5769840
FINNIFTY02JAN2421300PE.NFO,02/01/2024,09:25:43,8,7.95,26000,8,6960,13560,5769840
FINNIFTY02JAN2421300PE.NFO,02/01/2024,09:25:44,8,8,5520,8.05,29360,13320,5769840
FINNIFTY02JAN2421300PE.NFO,02/01/2024,09:25:45,8,8,22080,8.05,9320,22640,5769840
FINNIFTY02JAN2421300PE.NFO,02/01/2024,09:25:46,8,8,7000,8.05,24680,21400,5769840
FINNIFTY02JAN2421300PE.NFO,02/01/2024,09:25:47,8,8,320,8.05,25280,23840,5769840
FINNIFTY02JAN2421300PE.NFO,02/01/2024,09:25:48,8,8.05,6240,8.1,17160,21440,5769840
FINNIFTY02JAN2421300PE.NFO,02/01/2024,09:25:48,8.05,8,21320,8.05,5280,920,5769840
FINNIFTY02JAN2421300PE.NFO,02/01/2024,09:25:49,8.1,8.1,20360,8.15,12920,46080,5769840
FINNIFTY02JAN2421300PE.NFO,02/01/2024,09:25:50,8.15,8.1,29040,8.2,32160,13000,5769840
FINNIFTY02JAN2421300PE.NFO,02/01/2024,09:25:51,8.1,8.1,8600,8.15,20480,16480,5769840
FINNIFTY02JAN2421300PE.NFO,02/01/2024,09:25:52,8.05,8,27240,8.1,26800,19040,5769840
FINNIFTY02JAN2421300PE.NFO,02/01/2024,09:25:53,7.95,7.95,32920,8,800,24320,5769840
FINNIFTY02JAN2421300PE.NFO,02/01/2024,09:25:54,7.9,7.85,11640,7.9,25040,43840,5769840
FINNIFTY02JAN2421300PE.NFO,02/01/2024,09:25:55,7.9,7.8,32320,7.9,35080,60680,5769840
FINNIFTY02JAN2421300PE.NFO,02/01/2024,09:25:56,7.9,7.9,5240,7.95,30120,35160,5769840
FINNIFTY02JAN2421300PE.NFO,02/01/2024,09:25:57,7.85,7.85,16520,7.9,12840,41920,5769840
FINNIFTY02JAN2421300PE.NFO,02/01/2024,09:25:58,7.85,7.85,17240,7.9,5320,43040,5769840
FINNIFTY02JAN2421300PE.NFO,02/01/2024,09:25:59,7.9,7.85,28400,7.9,4960,18640,5769840
FINNIFTY02JAN2421300PE.NFO,02/01/2024,09:26:00,7.75,7.75,2760,7.8,26920,59080,5769840
FINNIFTY02JAN2421300PE.NFO,02/01/2024,09:26:01,7.7,7.65,30200,7.7,7720,25560,5769840
FINNIFTY02JAN2421300PE.NFO,02/01/2024,09:26:02,7.7,7.7,27160,7.8,34520,32240,5769840
FINNIFTY02JAN2421300PE.NFO,02/01/2024,09:26:03,7.8,7.75,8600,7.8,20720,21800,5769840
FINNIFTY02JAN2421300PE.NFO,02/01/2024,09:26:04,7.7,7.7,10640,7.75,23680,23560,5769840
FINNIFTY02JAN2421300PE.NFO,02/01/2024,09:26:05,7.65,7.6,27080,7.65,2240,50760,5769840
FINNIFTY02JAN2421300PE.NFO,02/01/2024,09:26:06,7.6,7.6,5680,7.65,19760,33600,5769840
FINNIFTY02JAN2421300PE.NFO,02/01/2024,09:26:07,7.65,7.6,17400,7.65,33480,21520,5769840
FINNIFTY02JAN2421300PE.NFO,02/01/2024,09:26:08,7.65,7.6,22000,7.65,17560,73240,5769840
FINNIFTY02JAN2421300PE.NFO,02/01/2024,09:26:09,7.6,7.6,30760,7.65,1120,13520,5769840
FINNIFTY02JAN2421300PE.NFO,02/01/2024,09:26:10,7.7,7.65,3880,7.7,40680,20040,5769840
FINNIFTY02JAN2421300PE.NFO,02/01/2024,09:26:11,7.7,7.65,31360,7.75,35360,33080,5769840
FINNIFTY02JAN2421300PE.NFO,02/01/2024,09:26:12,7.6,7.6,9200,7.65,26560,48480,5769840
FINNIFTY02JAN2421300PE.NFO,02/01/2024,09:26:13,7.5,7.5,1360,7.55,23200,102440,5769840
FINNIFTY02JAN2421300PE.NFO,02/01/2024,09:26:14,7.4,7.35,21880,7.4,10240,130160,5769840
FINNIFTY02JAN2421300PE.NFO,02/01/2024,09:26:15,7.25,7.2,1600,7.25,1760,275160,5769840
FINNIFTY02JAN2421300PE.NFO,02/01/2024,09:26:16,7.3,7.3,1480,7.35,9480,339760,5769840
FINNIFTY02JAN2421300PE.NFO,02/01/2024,09:26:17,7.3,7.3,80,7.35,2160,556240,5769840
FINNIFTY02JAN2421300PE.NFO,02/01/2024,09:26:18,7.35,7.3,1840,7.35,4560,420920,5769840
FINNIFTY02JAN2421300PE.NFO,02/01/2024,09:26:19,7.15,7.05,8600,7.15,13160,155240,5769840
FINNIFTY02JAN2421300PE.NFO,02/01/2024,09:26:20,6.95,6.95,6320,7,7920,228520,5769840
FINNIFTY02JAN2421300PE.NFO,02/01/2024,09:26:21,6.95,6.9,8640,6.95,3080,106120,5769840
FINNIFTY02JAN2421300PE.NFO,02/01/2024,09:26:22,7.05,7,7800,7.05,6560,88600,5769840
FINNIFTY02JAN2421300PE.NFO,02/01/2024,09:26:23,7.15,7.15,16240,7.2,720,73240,5769840
FINNIFTY02JAN2421300PE.NFO,02/01/2024,09:26:24,7.25,7.2,12600,7.25,4880,62000,5769840
FINNIFTY02JAN2421300PE.NFO,02/01/2024,09:26:25,7.3,7.3,8520,7.35,7200,52560,5769840
FINNIFTY02JAN2421300PE.NFO,02/01/2024,09:26:26,7.3,7.3,8000,7.35,12720,82840,5769840
FINNIFTY02JAN2421300PE.NFO,02/01/2024,09:26:27,7.4,7.4,8760,7.45,6840,94000,6361680
FINNIFTY02JAN2421300PE.NFO,02/01/2024,09:26:28,7.45,7.45,17120,7.55,8680,78200,6361680
FINNIFTY02JAN2421300PE.NFO,02/01/2024,09:26:29,7.4,7.35,880,7.4,13160,154920,6361680
FINNIFTY02JAN2421300PE.NFO,02/01/2024,09:26:31,7.45,7.45,2160,7.5,13160,154240,6361680
FINNIFTY02JAN2421300PE.NFO,02/01/2024,09:26:32,7.55,7.5,4600,7.55,4720,94160,6361680
FINNIFTY02JAN2421300PE.NFO,02/01/2024,09:26:33,7.65,7.6,8000,7.65,8440,109480,6361680
FINNIFTY02JAN2421300PE.NFO,02/01/2024,09:26:34,7.5,7.5,10680,7.55,5840,78960,6361680
FINNIFTY02JAN2421300PE.NFO,02/01/2024,09:26:35,7.55,7.55,11960,7.6,1320,95320,6361680
FINNIFTY02JAN2421300PE.NFO,02/01/2024,09:26:36,7.5,7.45,12440,7.5,4000,90760,6361680
FINNIFTY02JAN2421300PE.NFO,02/01/2024,09:26:37,7.45,7.4,14760,7.45,160,101200,6361680
FINNIFTY02JAN2421300PE.NFO,02/01/2024,09:26:38,7.2,7.2,8920,7.25,2280,78040,6361680
FINNIFTY02JAN2421300PE.NFO,02/01/2024,09:26:39,7.2,7.2,120,7.25,8120,126080,6361680
FINNIFTY02JAN2421300PE.NFO,02/01/2024,09:26:40,6.85,6.85,8520,6.95,6920,149400,6361680
FINNIFTY02JAN2421300PE.NFO,02/01/2024,09:26:41,6.8,6.8,7600,6.85,4040,90480,6361680
FINNIFTY02JAN2421300PE.NFO,02/01/2024,09:26:42,6.75,6.7,6560,6.75,5960,89080,6361680
FINNIFTY02JAN2421300PE.NFO,02/01/2024,09:26:43,6.6,6.6,4360,6.65,8880,85240,6361680
FINNIFTY02JAN2421300PE.NFO,02/01/2024,09:26:44,6.45,6.45,9960,6.5,3440,163840,6361680
FINNIFTY02JAN2421300PE.NFO,02/01/2024,09:26:45,6.25,6.25,9040,6.3,2520,142240,6361680
FINNIFTY02JAN2421300PE.NFO,02/01/2024,09:26:46,6.2,6.2,200,6.25,15560,163800,6361680
FINNIFTY02JAN2421300PE.NFO,02/01/2024,09:26:47,5.8,5.8,3760,5.85,160,254160,6361680
FINNIFTY02JAN2421300PE.NFO,02/01/2024,09:26:47,5.8,5.8,3760,5.85,160,0,6361680
FINNIFTY02JAN2421300PE.NFO,02/01/2024,09:26:48,6,6,6480,6.05,8960,122160,6361680
FINNIFTY02JAN2421300PE.NFO,02/01/2024,09:26:49,5.9,5.85,4560,5.9,11320,101200,6361680
FINNIFTY02JAN2421300PE.NFO,02/01/2024,09:26:50,5.85,5.85,8880,5.9,7920,99720,6361680
FINNIFTY02JAN2421300PE.NFO,02/01/2024,09:26:50,5.75,5.85,8880,5.9,7920,0,6361680
FINNIFTY02JAN2421300PE.NFO,02/01/2024,09:26:51,5.85,5.85,8680,5.9,7480,102400,6361680
FINNIFTY02JAN2421300PE.NFO,02/01/2024,09:26:52,5.95,5.95,7400,6,2640,99960,6361680
FINNIFTY02JAN2421300PE.NFO,02/01/2024,09:26:53,5.95,5.9,280,5.95,19440,91480,6361680
FINNIFTY02JAN2421300PE.NFO,02/01/2024,09:26:54,6.1,6.05,7600,6.1,1920,60880,6361680
FINNIFTY02JAN2421300PE.NFO,02/01/2024,09:26:55,6.35,6.3,1800,6.35,6400,127160,6361680
FINNIFTY02JAN2421300PE.NFO,02/01/2024,09:26:56,6.35,6.3,8040,6.35,10120,43680,6361680
FINNIFTY02JAN2421300PE.NFO,02/01/2024,09:26:57,6.3,6.2,12800,6.3,18080,67040,6361680
FINNIFTY02JAN2421300PE.NFO,02/01/2024,09:26:58,6.35,6.3,7200,6.35,10520,50480,6361680
FINNIFTY02JAN2421300PE.NFO,02/01/2024,09:26:59,6.45,6.4,200,6.45,14320,47480,6361680
FINNIFTY02JAN2421300PE.NFO,02/01/2024,09:27:00,6.3,6.25,14920,6.3,200,66320,6361680
FINNIFTY02JAN2421300PE.NFO,02/01/2024,09:27:01,6.2,6.15,10800,6.25,17880,70400,6361680
FINNIFTY02JAN2421300PE.NFO,02/01/2024,09:27:02,6.1,6.1,14960,6.2,15440,76160,6361680
FINNIFTY02JAN2421300PE.NFO,02/01/2024,09:27:03,6.25,6.25,8920,6.3,5480,98120,6361680
FINNIFTY02JAN2421300PE.NFO,02/01/2024,09:27:04,6.2,6.2,4680,6.25,7960,80000,6361680
FINNIFTY02JAN2421300PE.NFO,02/01/2024,09:27:05,6.25,6.25,6080,6.3,9960,49560,6361680
FINNIFTY02JAN2421300PE.NFO,02/01/2024,09:27:06,6.3,6.3,10800,6.35,9360,104520,6361680
FINNIFTY02JAN2421300PE.NFO,02/01/2024,09:27:07,6.35,6.3,12760,6.35,6000,49200,6361680
FINNIFTY02JAN2421300PE.NFO,02/01/2024,09:27:08,6.3,6.3,22280,6.35,10440,66000,6361680
FINNIFTY02JAN2421300PE.NFO,02/01/2024,09:27:09,6.2,6.2,16840,6.25,3120,125400,6361680
FINNIFTY02JAN2421300PE.NFO,02/01/2024,09:27:10,6.4,6.3,19840,6.35,5120,53960,6361680
FINNIFTY02JAN2421300PE.NFO,02/01/2024,09:27:11,6.4,6.4,1080,6.45,17680,85920,6361680
FINNIFTY02JAN2421300PE.NFO,02/01/2024,09:27:12,6.3,6.3,18120,6.4,19560,76280,6361680
FINNIFTY02JAN2421300PE.NFO,02/01/2024,09:27:13,6.25,6.2,9280,6.25,10720,73040,6361680
FINNIFTY02JAN2421300PE.NFO,02/01/2024,09:27:14,6.2,6.15,14240,6.2,6480,61280,6361680
FINNIFTY02JAN2421300PE.NFO,02/01/2024,09:27:15,6.25,6.25,17520,6.3,1000,44560,6361680
FINNIFTY02JAN2421300PE.NFO,02/01/2024,09:27:16,6.3,6.25,17920,6.35,22160,38680,6361680
FINNIFTY02JAN2421300PE.NFO,02/01/2024,09:27:17,6.25,6.2,17000,6.3,31200,42360,6361680
FINNIFTY02JAN2421300PE.NFO,02/01/2024,09:27:18,6.3,6.25,6200,6.3,13600,70960,6361680
FINNIFTY02JAN2421300PE.NFO,02/01/2024,09:27:19,6.25,6.2,11320,6.25,7960,39600,6361680
FINNIFTY02JAN2421300PE.NFO,02/01/2024,09:27:20,6.2,6.2,16640,6.25,1760,40960,6361680
FINNIFTY02JAN2421300PE.NFO,02/01/2024,09:27:21,6.25,6.15,20120,6.25,27520,85520,6361680
FINNIFTY02JAN2421300PE.NFO,02/01/2024,09:27:22,6.15,6.15,6000,6.2,13760,28360,6361680
FINNIFTY02JAN2421300PE.NFO,02/01/2024,09:27:23,6.1,6.1,23440,6.15,1400,60680,6361680
FINNIFTY02JAN2421300PE.NFO,02/01/2024,09:27:24,6.1,6.05,17080,6.1,80,32880,6361680
FINNIFTY02JAN2421300PE.NFO,02/01/2024,09:27:25,6.1,6.1,26880,6.2,10880,61400,6361680
FINNIFTY02JAN2421300PE.NFO,02/01/2024,09:27:26,6.2,6.15,18240,6.2,520,35640,6361680
FINNIFTY02JAN2421300PE.NFO,02/01/2024,09:27:27,6.25,6.25,14760,6.3,10960,57720,6361680
FINNIFTY02JAN2421300PE.NFO,02/01/2024,09:27:28,6.3,6.25,14120,6.3,12720,34320,6361680
FINNIFTY02JAN2421300PE.NFO,02/01/2024,09:27:29,6.25,6.25,17920,6.3,6440,49160,6361680
FINNIFTY02JAN2421300PE.NFO,02/01/2024,09:27:30,6.3,6.2,21600,6.3,25840,60360,6361680
FINNIFTY02JAN2421300PE.NFO,02/01/2024,09:27:30,6.3,6.25,12200,6.3,23280,52640,6361680
FINNIFTY02JAN2421300PE.NFO,02/01/2024,09:27:31,6.25,6.2,14120,6.3,33240,54280,6361680
FINNIFTY02JAN2421300PE.NFO,02/01/2024,09:27:32,6.35,6.3,2200,6.35,26440,90440,6361680
FINNIFTY02JAN2421300PE.NFO,02/01/2024,09:27:33,6.3,6.25,9040,6.3,14640,24080,6361680
FINNIFTY02JAN2421300PE.NFO,02/01/2024,09:27:34,6.3,6.25,4880,6.3,23920,51200,6361680
FINNIFTY02JAN2421300PE.NFO,02/01/2024,09:27:35,6.25,6.15,16560,6.25,28080,20640,6361680
FINNIFTY02JAN2421300PE.NFO,02/01/2024,09:27:36,6.15,6.05,20200,6.15,29840,37240,6361680
FINNIFTY02JAN2421300PE.NFO,02/01/2024,09:27:37,6.15,6.15,23760,6.2,4200,39160,6361680
FINNIFTY02JAN2421300PE.NFO,02/01/2024,09:27:38,6.2,6.15,24600,6.2,160,37480,6361680
FINNIFTY02JAN2421300PE.NFO,02/01/2024,09:27:39,6.25,6.25,9120,6.3,30520,37120,6361680
FINNIFTY02JAN2421300PE.NFO,02/01/2024,09:27:40,6.15,6.1,18240,6.15,10720,64280,6361680
FINNIFTY02JAN2421300PE.NFO,02/01/2024,09:27:41,6.2,6.15,4840,6.2,26040,41280,6361680
FINNIFTY02JAN2421300PE.NFO,02/01/2024,09:27:42,6.1,6.1,6760,6.15,18760,44200,6361680
FINNIFTY02JAN2421300PE.NFO,02/01/2024,09:27:43,6.1,6.1,800,6.15,28000,35960,6361680
FINNIFTY02JAN2421300PE.NFO,02/01/2024,09:27:44,6.2,6.15,17560,6.2,7800,36640,6361680
FINNIFTY02JAN2421300PE.NFO,02/01/2024,09:27:46,6.2,6.2,16040,6.25,16000,81600,6361680
FINNIFTY02JAN2421300PE.NFO,02/01/2024,09:27:46,6.3,6.25,15600,6.3,25120,27600,6361680
FINNIFTY02JAN2421300PE.NFO,02/01/2024,09:27:47,6.25,6.2,14120,6.25,15320,35520,6361680
FINNIFTY02JAN2421300PE.NFO,02/01/2024,09:27:48,6.15,6.15,640,6.2,26680,20920,6361680
FINNIFTY02JAN2421300PE.NFO,02/01/2024,09:27:49,6.05,6.05,27200,6.15,23400,31960,6361680
FINNIFTY02JAN2421300PE.NFO,02/01/2024,09:27:51,6.05,6.05,19520,6.1,12680,27040,6361680
FINNIFTY02JAN2421300PE.NFO,02/01/2024,09:27:52,5.9,5.85,6160,5.9,20400,130160,6361680
FINNIFTY02JAN2421300PE.NFO,02/01/2024,09:27:53,5.8,5.7,23680,5.75,880,131320,6361680
FINNIFTY02JAN2421300PE.NFO,02/01/2024,09:27:53,5.7,5.7,23680,5.75,880,0,6361680
FINNIFTY02JAN2421300PE.NFO,02/01/2024,09:27:54,5.8,5.8,5520,5.85,20000,60000,6361680
FINNIFTY02JAN2421300PE.NFO,02/01/2024,09:27:54,5.65,5.8,5520,5.85,20000,0,6361680
FINNIFTY02JAN2421300PE.NFO,02/01/2024,09:27:55,5.75,5.65,20400,5.75,24080,61000,6361680
FINNIFTY02JAN2421300PE.NFO,02/01/2024,09:27:56,5.7,5.7,17760,5.75,23200,66280,6361680
FINNIFTY02JAN2421300PE.NFO,02/01/2024,09:27:57,5.55,5.55,15160,5.6,15280,44320,6361680
FINNIFTY02JAN2421300PE.NFO,02/01/2024,09:27:57,5.5,5.55,15160,5.6,15280,0,6361680
FINNIFTY02JAN2421300PE.NFO,02/01/2024,09:27:58,5.75,5.7,8680,5.75,7280,283160,6361680
FINNIFTY02JAN2421300PE.NFO,02/01/2024,09:27:58,5.4,5.7,8680,5.75,7280,0,6361680
FINNIFTY02JAN2421300PE.NFO,02/01/2024,09:27:59,5.45,5.4,15360,5.45,1960,142640,6361680
FINNIFTY02JAN2421300PE.NFO,02/01/2024,09:28:00,5.4,5.35,8440,5.4,1880,82560,6361680
FINNIFTY02JAN2421300PE.NFO,02/01/2024,09:28:00,5.3,5.35,8440,5.4,1880,0,6361680
FINNIFTY02JAN2421300PE.NFO,02/01/2024,09:28:01,5.4,5.4,5840,5.45,16760,95520,6361680
FINNIFTY02JAN2421300PE.NFO,02/01/2024,09:28:02,5.5,5.45,8000,5.5,14200,52360,6361680
FINNIFTY02JAN2421300PE.NFO,02/01/2024,09:28:03,5.25,5.25,4720,5.3,21160,79920,6361680
FINNIFTY02JAN2421300PE.NFO,02/01/2024,09:28:03,5.2,5.25,4720,5.3,21160,0,6361680
FINNIFTY02JAN2421300PE.NFO,02/01/2024,09:28:04,5.25,5.25,11560,5.3,14160,50360,6361680
FINNIFTY02JAN2421300PE.NFO,02/01/2024,09:28:05,5.15,5.15,1560,5.2,23840,67280,6361680
FINNIFTY02JAN2421300PE.NFO,02/01/2024,09:28:05,5.1,5.15,1560,5.2,23840,0,6361680
FINNIFTY02JAN2421300PE.NFO,02/01/2024,09:28:06,5.15,5.15,23640,5.2,160,68520,6361680
FINNIFTY02JAN2421300PE.NFO,02/01/2024,09:28:07,5.2,5.2,11720,5.25,11000,57560,6361680
FINNIFTY02JAN2421300PE.NFO,02/01/2024,09:28:08,5.2,5.2,20880,5.3,32760,48240,6361680
FINNIFTY02JAN2421300PE.NFO,02/01/2024,09:28:09,5.2,5.2,11040,5.25,13280,46000,6361680
FINNIFTY02JAN2421300PE.NFO,02/01/2024,09:28:10,5.3,5.25,2120,5.3,29040,36840,6361680
FINNIFTY02JAN2421300PE.NFO,02/01/2024,09:28:11,5.25,5.25,10800,5.3,30320,33080,6361680
FINNIFTY02JAN2421300PE.NFO,02/01/2024,09:28:12,5.1,5.1,10800,5.15,2640,78880,6361680
FINNIFTY02JAN2421300PE.NFO,02/01/2024,09:28:12,5.05,5.1,10800,5.15,2640,0,6361680
FINNIFTY02JAN2421300PE.NFO,02/01/2024,09:28:13,5.2,5.15,10720,5.2,23480,39920,6361680
FINNIFTY02JAN2421300PE.NFO,02/01/2024,09:28:14,5.2,5.15,8880,5.2,24440,63280,6361680
FINNIFTY02JAN2421300PE.NFO,02/01/2024,09:28:15,5.1,5.05,24200,5.1,2160,49160,6361680
FINNIFTY02JAN2421300PE.NFO,02/01/2024,09:28:16,5.15,5.1,20360,5.15,760,34440,6361680
FINNIFTY02JAN2421300PE.NFO,02/01/2024,09:28:17,5.15,5.15,8600,5.2,22480,55960,6361680
FINNIFTY02JAN2421300PE.NFO,02/01/2024,09:28:18,5.2,5.1,18720,5.2,35640,39280,6361680
FINNIFTY02JAN2421300PE.NFO,02/01/2024,09:28:19,5.2,5.15,23880,5.2,13400,62640,6361680
FINNIFTY02JAN2421300PE.NFO,02/01/2024,09:28:20,5.25,5.25,2800,5.3,29160,61080,6361680
FINNIFTY02JAN2421300PE.NFO,02/01/2024,09:28:21,5.1,5.1,3720,5.15,25240,78480,6361680
FINNIFTY02JAN2421300PE.NFO,02/01/2024,09:28:22,5.1,5.05,28280,5.15,31640,28800,6361680
FINNIFTY02JAN2421300PE.NFO,02/01/2024,09:28:23,5.1,5.05,16880,5.1,18840,62240,6361680
FINNIFTY02JAN2421300PE.NFO,02/01/2024,09:28:24,5,5,18720,5.05,31320,114640,6361680
FINNIFTY02JAN2421300PE.NFO,02/01/2024,09:28:24,5,5,18720,5.05,31320,0,6361680
FINNIFTY02JAN2421300PE.NFO,02/01/2024,09:28:25,4.95,4.9,29400,4.95,6920,100560,6361680
FINNIFTY02JAN2421300PE.NFO,02/01/2024,09:28:25,4.85,4.9,29400,4.95,6920,0,6361680
FINNIFTY02JAN2421300PE.NFO,02/01/2024,09:28:26,4.95,4.95,31280,5.05,42320,81200,6361680
FINNIFTY02JAN2421300PE.NFO,02/01/2024,09:28:27,5.1,5.05,14880,5.1,25520,56720,6361680
FINNIFTY02JAN2421300PE.NFO,02/01/2024,09:28:28,5.05,5.05,17160,5.1,22240,81480,6361680
FINNIFTY02JAN2421300PE.NFO,02/01/2024,09:28:29,5.05,5.05,23200,5.1,24120,37120,6361680
FINNIFTY02JAN2421300PE.NFO,02/01/2024,09:28:30,5.05,5,37680,5.05,1840,38240,6361680
FINNIFTY02JAN2421300PE.NFO,02/01/2024,09:28:31,5.05,5,30560,5.1,36600,48400,6361680
FINNIFTY02JAN2421300PE.NFO,02/01/2024,09:28:32,5.05,5,22400,5.05,12880,50080,6361680
FINNIFTY02JAN2421300PE.NFO,02/01/2024,09:28:33,5.1,5.05,23600,5.1,28680,49120,6361680
FINNIFTY02JAN2421300PE.NFO,02/01/2024,09:28:34,5.1,5.05,34520,5.1,80,42280,6361680
FINNIFTY02JAN2421300PE.NFO,02/01/2024,09:28:35,5.05,5.05,40920,5.15,29960,58040,6361680
FINNIFTY02JAN2421300PE.NFO,02/01/2024,09:28:36,5.1,5.05,24040,5.1,13640,45840,6361680
FINNIFTY02JAN2421300PE.NFO,02/01/2024,09:28:37,5.1,5.1,8720,5.15,35640,87240,6361680
FINNIFTY02JAN2421300PE.NFO,02/01/2024,09:28:38,5.15,5.15,26640,5.2,2240,54720,6361680
FINNIFTY02JAN2421300PE.NFO,02/01/2024,09:28:39,5.3,5.25,27200,5.3,5840,67480,6361680
FINNIFTY02JAN2421300PE.NFO,02/01/2024,09:28:40,5.2,5.2,1920,5.25,37200,36000,6361680
FINNIFTY02JAN2421300PE.NFO,02/01/2024,09:28:41,5.2,5.2,11800,5.25,27720,28720,6361680
FINNIFTY02JAN2421300PE.NFO,02/01/2024,09:28:42,5.25,5.25,1760,5.3,33960,36880,6361680
FINNIFTY02JAN2421300PE.NFO,02/01/2024,09:28:43,5.3,5.25,29040,5.3,8840,23280,6361680
FINNIFTY02JAN2421300PE.NFO,02/01/2024,09:28:44,5.35,5.25,39320,5.35,21960,46280,6361680
FINNIFTY02JAN2421300PE.NFO,02/01/2024,09:28:45,5.25,5.25,10400,5.3,30400,37520,6361680
FINNIFTY02JAN2421300PE.NFO,02/01/2024,09:28:46,5.3,5.25,4840,5.3,35480,32760,6361680
FINNIFTY02JAN2421300PE.NFO,02/01/2024,09:28:47,5.15,5.15,32040,5.2,19680,62200,6361680
FINNIFTY02JAN2421300PE.NFO,02/01/2024,09:28:48,5.2,5.15,31360,5.2,18880,48600,6361680
FINNIFTY02JAN2421300PE.NFO,02/01/2024,09:28:49,5.25,5.2,23000,5.25,19040,35400,6361680
FINNIFTY02JAN2421300PE.NFO,02/01/2024,09:28:50,5.25,5.2,27800,5.25,10200,50920,6361680
FINNIFTY02JAN2421300PE.NFO,02/01/2024,09:28:51,5.2,5.2,33960,5.3,42600,49080,6361680
FINNIFTY02JAN2421300PE.NFO,02/01/2024,09:28:52,5.25,5.2,35640,5.3,25680,42760,6361680
FINNIFTY02JAN2421300PE.NFO,02/01/2024,09:28:53,5.25,5.25,1920,5.3,42520,32680,6361680
FINNIFTY02JAN2421300PE.NFO,02/01/2024,09:28:54,5.2,5.2,44360,5.3,33120,29320,6361680
FINNIFTY02JAN2421300PE.NFO,02/01/2024,09:28:55,5.3,5.3,17040,5.35,24440,43400,6361680
FINNIFTY02JAN2421300PE.NFO,02/01/2024,09:28:56,5.3,5.3,25320,5.35,23240,71800,6361680
FINNIFTY02JAN2421300PE.NFO,02/01/2024,09:28:57,5.3,5.25,46480,5.35,34760,48720,6361680
FINNIFTY02JAN2421300PE.NFO,02/01/2024,09:28:58,5.3,5.25,13640,5.3,27440,33400,6361680
FINNIFTY02JAN2421300PE.NFO,02/01/2024,09:28:59,5.3,5.3,23560,5.35,30320,29440,6361680
FINNIFTY02JAN2421300PE.NFO,02/01/2024,09:29:00,5.3,5.3,17840,5.35,24040,47720,6361680
FINNIFTY02JAN2421300PE.NFO,02/01/2024,09:29:01,5.2,5.2,34800,5.25,1160,119120,6361680
FINNIFTY02JAN2421300PE.NFO,02/01/2024,09:29:02,5.35,5.25,39960,5.35,35120,71120,6361680
FINNIFTY02JAN2421300PE.NFO,02/01/2024,09:29:03,5.45,5.4,25720,5.45,15080,54560,6361680
FINNIFTY02JAN2421300PE.NFO,02/01/2024,09:29:04,5.35,5.35,12480,5.4,21240,56880,6361680
FINNIFTY02JAN2421300PE.NFO,02/01/2024,09:29:05,5.5,5.4,21360,5.5,45640,47240,6361680
FINNIFTY02JAN2421300PE.NFO,02/01/2024,09:29:06,5.5,5.45,13440,5.5,31400,32760,6361680
FINNIFTY02JAN2421300PE.NFO,02/01/2024,09:29:07,5.4,5.4,11960,5.45,34600,51080,6361680
FINNIFTY02JAN2421300PE.NFO,02/01/2024,09:29:08,5.4,5.4,10920,5.45,30520,27160,6361680
FINNIFTY02JAN2421300PE.NFO,02/01/2024,09:29:09,5.45,5.35,37200,5.45,33160,9600,6361680
FINNIFTY02JAN2421300PE.NFO,02/01/2024,09:29:10,5.35,5.35,6720,5.4,29840,44280,6361680
FINNIFTY02JAN2421300PE.NFO,02/01/2024,09:29:11,5.25,5.2,31080,5.25,6000,39640,6361680
FINNIFTY02JAN2421300PE.NFO,02/01/2024,09:29:12,5.2,5.15,27600,5.25,45880,51000,6361680
FINNIFTY02JAN2421300PE.NFO,02/01/2024,09:29:13,5.3,5.25,440,5.3,36480,54560,6361680
FINNIFTY02JAN2421300PE.NFO,02/01/2024,09:29:14,5.3,5.25,37040,5.3,4680,40720,6361680
FINNIFTY02JAN2421300PE.NFO,02/01/2024,09:29:15,5.35,5.35,15800,5.4,21560,35680,6361680
FINNIFTY02JAN2421300PE.NFO,02/01/2024,09:29:16,5.35,5.3,42400,5.4,20000,24040,6361680
FINNIFTY02JAN2421300PE.NFO,02/01/2024,09:29:17,5.35,5.35,21160,5.4,13200,13960,6361680
FINNIFTY02JAN2421300PE.NFO,02/01/2024,09:29:18,5.5,5.45,17280,5.5,25200,25720,6361680
FINNIFTY02JAN2421300PE.NFO,02/01/2024,09:29:19,5.45,5.45,36600,5.55,30160,34360,6361680
FINNIFTY02JAN2421300PE.NFO,02/01/2024,09:29:20,5.5,5.5,24160,5.55,21160,17360,6361680
FINNIFTY02JAN2421300PE.NFO,02/01/2024,09:29:21,5.55,5.5,17360,5.55,29640,21880,6361680
FINNIFTY02JAN2421300PE.NFO,02/01/2024,09:29:22,5.6,5.55,10520,5.6,27240,68560,6361680
FINNIFTY02JAN2421300PE.NFO,02/01/2024,09:29:23,5.55,5.55,8560,5.6,37800,71120,6361680
FINNIFTY02JAN2421300PE.NFO,02/01/2024,09:29:24,5.5,5.5,50440,5.6,29880,30520,6361680
FINNIFTY02JAN2421300PE.NFO,02/01/2024,09:29:25,5.6,5.5,40840,5.6,25200,57600,6361680
FINNIFTY02JAN2421300PE.NFO,02/01/2024,09:29:26,5.65,5.6,13040,5.65,33240,51760,6361680
FINNIFTY02JAN2421300PE.NFO,02/01/2024,09:29:27,5.6,5.6,23120,5.65,22640,20080,6361680
FINNIFTY02JAN2421300PE.NFO,02/01/2024,09:29:28,5.65,5.6,12040,5.65,29160,22640,6361680
FINNIFTY02JAN2421300PE.NFO,02/01/2024,09:29:29,5.65,5.6,21880,5.65,24880,18400,6290760
FINNIFTY02JAN2421300PE.NFO,02/01/2024,09:29:30,5.5,5.5,20200,5.55,31480,15480,6290760
FINNIFTY02JAN2421300PE.NFO,02/01/2024,09:29:31,5.4,5.45,160,5.5,34160,35160,6290760
FINNIFTY02JAN2421300PE.NFO,02/01/2024,09:29:32,5.5,5.45,17600,5.5,18320,27760,6290760
FINNIFTY02JAN2421300PE.NFO,02/01/2024,09:29:33,5.55,5.5,23400,5.55,21280,23040,6290760
FINNIFTY02JAN2421300PE.NFO,02/01/2024,09:29:34,5.55,5.5,34080,5.55,12160,43280,6290760
FINNIFTY02JAN2421300PE.NFO,02/01/2024,09:29:35,5.4,5.4,42640,5.5,39120,28080,6290760
FINNIFTY02JAN2421300PE.NFO,02/01/2024,09:29:36,5.35,5.35,27520,5.4,15880,35480,6290760
FINNIFTY02JAN2421300PE.NFO,02/01/2024,09:29:37,5.4,5.35,22920,5.4,19480,15360,6290760
FINNIFTY02JAN2421300PE.NFO,02/01/2024,09:29:38,5.35,5.3,34480,5.35,19360,36160,6290760
FINNIFTY02JAN2421300PE.NFO,02/01/2024,09:29:39,5.35,5.3,50760,5.4,40720,8440,6290760
FINNIFTY02JAN2421300PE.NFO,02/01/2024,09:29:40,5.35,5.3,34760,5.35,12320,12320,6290760
FINNIFTY02JAN2421300PE.NFO,02/01/2024,09:29:41,5.35,5.3,41160,5.35,10840,16600,6290760
FINNIFTY02JAN2421300PE.NFO,02/01/2024,09:29:42,5.3,5.3,25760,5.35,17240,13960,6290760
FINNIFTY02JAN2421300PE.NFO,02/01/2024,09:29:43,5.35,5.35,13800,5.4,34280,13160,6290760
FINNIFTY02JAN2421300PE.NFO,02/01/2024,09:29:44,5.3,5.3,22560,5.35,26800,14440,6290760
FINNIFTY02JAN2421300PE.NFO,02/01/2024,09:29:45,5.35,5.35,19080,5.4,21360,13400,6290760
FINNIFTY02JAN2421300PE.NFO,02/01/2024,09:29:46,5.4,5.4,12040,5.45,28920,45720,6290760
FINNIFTY02JAN2421300PE.NFO,02/01/2024,09:29:47,5.4,5.35,45560,5.45,31640,25800,6290760
FINNIFTY02JAN2421300PE.NFO,02/01/2024,09:29:48,5.4,5.35,33360,5.4,7640,9080,6290760
FINNIFTY02JAN2421300PE.NFO,02/01/2024,09:29:49,5.35,5.35,26240,5.4,18160,1000,6290760
FINNIFTY02JAN2421300PE.NFO,02/01/2024,09:29:50,5.35,5.35,21480,5.4,17960,6200,6290760
FINNIFTY02JAN2421300PE.NFO,02/01/2024,09:29:51,5.4,5.35,39440,5.4,9760,8520,6290760
FINNIFTY02JAN2421300PE.NFO,02/01/2024,09:29:52,5.25,5.25,28600,5.3,15440,31880,6290760
FINNIFTY02JAN2421300PE.NFO,02/01/2024,09:29:53,5.25,5.25,20920,5.3,23080,17360,6290760
FINNIFTY02JAN2421300PE.NFO,02/01/2024,09:29:54,5.3,5.25,42960,5.35,26360,84360,6290760
FINNIFTY02JAN2421300PE.NFO,02/01/2024,09:29:55,5.25,5.25,21200,5.3,17800,4400,6290760
FINNIFTY02JAN2421300PE.NFO,02/01/2024,09:29:56,5.3,5.2,29000,5.3,39640,14600,6290760
FINNIFTY02JAN2421300PE.NFO,02/01/2024,09:29:57,5.25,5.25,25040,5.3,17200,8080,6290760
FINNIFTY02JAN2421300PE.NFO,02/01/2024,09:29:58,5.25,5.25,29280,5.3,14800,14600,6290760
FINNIFTY02JAN2421300PE.NFO,02/01/2024,09:29:59,5.2,5.2,5160,5.25,36920,19120,6290760
FINNIFTY02JAN2421300PE.NFO,02/01/2024,09:30:00,5.1,5.1,28120,5.15,20160,43240,6290760
FINNIFTY02JAN2421300PE.NFO,02/01/2024,09:30:01,4.95,4.9,37560,5,33520,186720,6290760
FINNIFTY02JAN2421300PE.NFO,02/01/2024,09:30:01,4.8,4.9,37560,5,33520,0,6290760
FINNIFTY02JAN2421300PE.NFO,02/01/2024,09:30:02,5,5,27240,5.05,17600,56240,6290760
FINNIFTY02JAN2421300PE.NFO,02/01/2024,09:30:03,5.2,5.15,33120,5.2,24560,41040,6290760
FINNIFTY02JAN2421300PE.NFO,02/01/2024,09:30:04,5.2,5.2,8600,5.25,30960,37960,6290760
FINNIFTY02JAN2421300PE.NFO,02/01/2024,09:30:05,5.15,5.15,24040,5.2,20600,24840,6290760
FINNIFTY02JAN2421300PE.NFO,02/01/2024,09:30:06,5.3,5.25,24440,5.3,24680,57480,6290760
FINNIFTY02JAN2421300PE.NFO,02/01/2024,09:30:07,5.25,5.2,32920,5.25,12120,14760,6290760
FINNIFTY02JAN2421300PE.NFO,02/01/2024,09:30:08,5.25,5.2,40440,5.25,15960,56560,6290760
FINNIFTY02JAN2421300PE.NFO,02/01/2024,09:30:09,5.15,5.15,1200,5.2,35760,22000,6290760
FINNIFTY02JAN2421300PE.NFO,02/01/2024,09:30:10,5.15,5.15,23160,5.2,24920,18600,6290760
FINNIFTY02JAN2421300PE.NFO,02/01/2024,09:30:11,5.1,5.1,7920,5.15,28880,41120,6290760
FINNIFTY02JAN2421300PE.NFO,02/01/2024,09:30:12,5.05,5.05,31120,5.1,10520,4560,6290760
FINNIFTY02JAN2421300PE.NFO,02/01/2024,09:30:13,5.1,5.05,17120,5.1,33080,23600,6290760
FINNIFTY02JAN2421300PE.NFO,02/01/2024,09:30:14,4.9,4.9,22320,4.95,37120,28680,6290760
FINNIFTY02JAN2421300PE.NFO,02/01/2024,09:30:15,4.95,4.9,26280,4.95,27000,26160,6290760
FINNIFTY02JAN2421300PE.NFO,02/01/2024,09:30:16,4.95,4.95,5640,5,35160,20560,6290760
FINNIFTY02JAN2421300PE.NFO,02/01/2024,09:30:17,4.9,4.9,45000,4.95,24680,13880,6290760
FINNIFTY02JAN2421300PE.NFO,02/01/2024,09:30:18,4.85,4.85,35640,4.9,18200,31640,6290760
FINNIFTY02JAN2421300PE.NFO,02/01/2024,09:30:19,4.8,4.75,34960,4.8,20680,39520,6290760
FINNIFTY02JAN2421300PE.NFO,02/01/2024,09:30:19,4.75,4.75,34960,4.8,20680,0,6290760
FINNIFTY02JAN2421300PE.NFO,02/01/2024,09:30:20,4.8,4.8,4400,4.85,37840,101400,6290760
FINNIFTY02JAN2421300PE.NFO,02/01/2024,09:30:20,4.7,4.8,4400,4.85,37840,0,6290760
FINNIFTY02JAN2421300PE.NFO,02/01/2024,09:30:21,4.85,4.8,26480,4.85,18040,42760,6290760
FINNIFTY02JAN2421300PE.NFO,02/01/2024,09:30:22,4.95,4.9,760,4.95,40800,65200,6290760
FINNIFTY02JAN2421300PE.NFO,02/01/2024,09:30:23,4.95,4.9,36960,5,39600,54080,6290760
FINNIFTY02JAN2421300PE.NFO,02/01/2024,09:30:24,4.95,4.95,32440,5,23640,28560,6290760
FINNIFTY02JAN2421300PE.NFO,02/01/2024,09:30:25,5,4.95,38160,5,8040,1640,6290760
FINNIFTY02JAN2421300PE.NFO,02/01/2024,09:30:26,5.05,5,13520,5.05,36560,26480,6290760
FINNIFTY02JAN2421300PE.NFO,02/01/2024,09:30:27,5.05,5,29840,5.05,12760,35760,6290760
FINNIFTY02JAN2421300PE.NFO,02/01/2024,09:30:28,5,5,34000,5.05,16280,26120,6290760
FINNIFTY02JAN2421300PE.NFO,02/01/2024,09:30:29,5,5,16560,5.05,25200,24240,6290760
FINNIFTY02JAN2421300PE.NFO,02/01/2024,09:30:30,5,5,5200,5.05,35880,50600,6290760
FINNIFTY02JAN2421300PE.NFO,02/01/2024,09:30:31,5.1,5.05,24200,5.1,30360,30040,6290760
FINNIFTY02JAN2421300PE.NFO,02/01/2024,09:30:32,5.05,5.05,17200,5.1,29720,6200,6290760
FINNIFTY02JAN2421300PE.NFO,02/01/2024,09:30:33,5.1,5.05,22080,5.1,16240,12600,6290760
FINNIFTY02JAN2421300PE.NFO,02/01/2024,09:30:34,5.05,5.05,41320,5.1,4000,31120,6290760
FINNIFTY02JAN2421300PE.NFO,02/01/2024,09:30:35,5.05,5.05,14720,5.1,33280,15960,6290760
FINNIFTY02JAN2421300PE.NFO,02/01/2024,09:30:36,5.1,5.05,11280,5.1,26520,32240,6290760
FINNIFTY02JAN2421300PE.NFO,02/01/2024,09:30:37,5.1,5,32120,5.1,48640,5080,6290760
FINNIFTY02JAN2421300PE.NFO,02/01/2024,09:30:38,5.1,5.1,13800,5.15,33360,23200,6290760
FINNIFTY02JAN2421300PE.NFO,02/01/2024,09:30:39,5.05,5.05,4120,5.1,43960,26200,6290760
FINNIFTY02JAN2421300PE.NFO,02/01/2024,09:30:40,5.05,5,24840,5.05,31080,16240,6290760
FINNIFTY02JAN2421300PE.NFO,02/01/2024,09:30:41,4.95,4.95,24120,5,20400,30960,6290760
FINNIFTY02JAN2421300PE.NFO,02/01/2024,09:30:42,4.95,4.95,2320,5,34920,1320,6290760
FINNIFTY02JAN2421300PE.NFO,02/01/2024,09:30:43,5.05,5,36080,5.05,120,23600,6290760
FINNIFTY02JAN2421300PE.NFO,02/01/2024,09:30:44,5.1,5.05,18760,5.1,40720,51680,6290760
FINNIFTY02JAN2421300PE.NFO,02/01/2024,09:30:45,5,5,38680,5.05,31840,11880,6290760
FINNIFTY02JAN2421300PE.NFO,02/01/2024,09:30:46,5.05,5,55080,5.05,18400,10240,6290760
FINNIFTY02JAN2421300PE.NFO,02/01/2024,09:30:47,5,5,39280,5.05,27520,12160,6290760
FINNIFTY02JAN2421300PE.NFO,02/01/2024,09:30:48,5.05,5,53120,5.05,9400,25280,6290760
FINNIFTY02JAN2421300PE.NFO,02/01/2024,09:30:49,5.05,5.05,4480,5.1,41040,16720,6290760
FINNIFTY02JAN2421300PE.NFO,02/01/2024,09:30:50,5,5,49800,5.05,16880,27760,6290760
FINNIFTY02JAN2421300PE.NFO,02/01/2024,09:30:51,5.05,5,53200,5.05,11240,13920,6290760
FINNIFTY02JAN2421300PE.NFO,02/01/2024,09:30:53,4.95,4.95,25760,5,23560,28480,6290760
FINNIFTY02JAN2421300PE.NFO,02/01/2024,09:30:53,4.95,4.95,17560,5,24000,3120,6290760
FINNIFTY02JAN2421300PE.NFO,02/01/2024,09:30:54,4.95,4.95,38200,5,19480,17040,6290760
FINNIFTY02JAN2421300PE.NFO,02/01/2024,09:30:55,5,5,18800,5.05,31400,22880,6290760
FINNIFTY02JAN2421300PE.NFO,02/01/2024,09:30:56,5,5,25200,5.05,21400,35800,6290760
FINNIFTY02JAN2421300PE.NFO,02/01/2024,09:30:58,5,5,36480,5.1,55800,46000,6290760
FINNIFTY02JAN2421300PE.NFO,02/01/2024,09:30:58,5,5,45600,5.1,52280,14680,6290760
FINNIFTY02JAN2421300PE.NFO,02/01/2024,09:30:59,5.05,5.05,10680,5.1,47280,62560,6290760
FINNIFTY02JAN2421300PE.NFO,02/01/2024,09:31:00,5,5,14920,5.05,31200,54880,6290760
FINNIFTY02JAN2421300PE.NFO,02/01/2024,09:31:01,5,4.95,18560,5,32800,25240,6290760
FINNIFTY02JAN2421300PE.NFO,02/01/2024,09:31:03,5.05,5,23200,5.05,24720,30560,6290760
FINNIFTY02JAN2421300PE.NFO,02/01/2024,09:31:03,5,5,32040,5.05,22880,3480,6290760
FINNIFTY02JAN2421300PE.NFO,02/01/2024,09:31:04,5.05,5,16720,5.05,35000,15800,6290760
FINNIFTY02JAN2421300PE.NFO,02/01/2024,09:31:05,5,5,29880,5.05,24240,21120,6290760
FINNIFTY02JAN2421300PE.NFO,02/01/2024,09:31:06,5.05,5.05,12640,5.1,49480,38600,6290760
FINNIFTY02JAN2421300PE.NFO,02/01/2024,09:31:07,5.05,5.05,24400,5.1,28040,14800,6290760
FINNIFTY02JAN2421300PE.NFO,02/01/2024,09:31:08,5.1,5.05,21520,5.1,41680,8360,6290760
FINNIFTY02JAN2421300PE.NFO,02/01/2024,09:31:10,5.1,5.05,32120,5.1,37680,20360,6290760
FINNIFTY02JAN2421300PE.NFO,02/01/2024,09:31:10,5.1,5.05,34120,5.1,23920,3920,6290760
FINNIFTY02JAN2421300PE.NFO,02/01/2024,09:31:11,5.05,5.05,13680,5.1,35280,10000,6290760
FINNIFTY02JAN2421300PE.NFO,02/01/2024,09:31:12,5.05,5.05,20200,5.1,38280,71480,6290760
FINNIFTY02JAN2421300PE.NFO,02/01/2024,09:31:13,5.15,5.1,13000,5.15,29960,61200,6290760
FINNIFTY02JAN2421300PE.NFO,02/01/2024,09:31:15,5.2,5.2,30880,5.25,10520,108120,6290760
FINNIFTY02JAN2421300PE.NFO,02/01/2024,09:31:15,5.2,5.2,31240,5.25,12160,12920,6290760
FINNIFTY02JAN2421300PE.NFO,02/01/2024,09:31:16,5.25,5.25,12120,5.3,36720,45600,6290760
FINNIFTY02JAN2421300PE.NFO,02/01/2024,09:31:17,5.15,5.15,33640,5.2,35240,26080,6290760
FINNIFTY02JAN2421300PE.NFO,02/01/2024,09:31:18,5.2,5.2,21000,5.25,28080,27360,6290760
FINNIFTY02JAN2421300PE.NFO,02/01/2024,09:31:19,5.2,5.2,19640,5.25,30480,22120,6290760
FINNIFTY02JAN2421300PE.NFO,02/01/2024,09:31:21,5.2,5.2,19680,5.25,32240,12560,6290760
FINNIFTY02JAN2421300PE.NFO,02/01/2024,09:31:21,5.25,5.2,28320,5.25,22080,1200,6290760
FINNIFTY02JAN2421300PE.NFO,02/01/2024,09:31:22,5.2,5.15,37560,5.2,31400,31440,6290760
FINNIFTY02JAN2421300PE.NFO,02/01/2024,09:31:23,5.15,5.1,43280,5.2,53640,51520,6290760
FINNIFTY02JAN2421300PE.NFO,02/01/2024,09:31:24,5.15,5.1,30080,5.15,18320,13520,6290760
FINNIFTY02JAN2421300PE.NFO,02/01/2024,09:31:26,5,4.95,21560,5,19560,60600,6290760
FINNIFTY02JAN2421300PE.NFO,02/01/2024,09:31:26,4.95,4.95,15280,5,30640,320,6290760
FINNIFTY02JAN2421300PE.NFO,02/01/2024,09:31:27,5,5,6680,5.05,42440,34400,6290760
FINNIFTY02JAN2421300PE.NFO,02/01/2024,09:31:28,5.05,5,32840,5.05,18200,41640,6290760
FINNIFTY02JAN2421300PE.NFO,02/01/2024,09:31:29,5,5,21160,5.05,27920,8880,6290760
FINNIFTY02JAN2421300PE.NFO,02/01/2024,09:31:31,5.05,5,41760,5.05,320,31280,6290760
FINNIFTY02JAN2421300PE.NFO,02/01/2024,09:31:32,5.05,5,45640,5.05,3640,9480,6290760
FINNIFTY02JAN2421300PE.NFO,02/01/2024,09:31:32,5.1,5.05,32360,5.1,22880,1440,6290760
FINNIFTY02JAN2421300PE.NFO,02/01/2024,09:31:33,5.1,5.05,5440,5.1,41400,24480,6290760
FINNIFTY02JAN2421300PE.NFO,02/01/2024,09:31:34,5.15,5.15,18680,5.2,45760,23320,6290760
FINNIFTY02JAN2421300PE.NFO,02/01/2024,09:31:35,5.2,5.2,28880,5.25,32960,16280,6290760
FINNIFTY02JAN2421300PE.NFO,02/01/2024,09:31:36,5.25,5.15,48680,5.25,43520,32600,6290760
FINNIFTY02JAN2421300PE.NFO,02/01/2024,09:31:37,5.25,5.2,1240,5.25,41880,11320,6290760
FINNIFTY02JAN2421300PE.NFO,02/01/2024,09:31:38,5.2,5.2,39880,5.25,15080,15000,6290760
FINNIFTY02JAN2421300PE.NFO,02/01/2024,09:31:39,5.2,5.2,21920,5.25,40480,13080,6290760
FINNIFTY02JAN2421300PE.NFO,02/01/2024,09:31:40,5.25,5.2,47480,5.25,11680,21960,6290760
FINNIFTY02JAN2421300PE.NFO,02/01/2024,09:31:41,5.2,5.2,41760,5.25,18080,15680,6290760
FINNIFTY02JAN2421300PE.NFO,02/01/2024,09:31:43,5.25,5.2,44320,5.25,240,9480,6290760
FINNIFTY02JAN2421300PE.NFO,02/01/2024,09:31:44,5.3,5.2,54400,5.3,46320,9000,6290760
FINNIFTY02JAN2421300PE.NFO,02/01/2024,09:31:44,5.2,5.2,27400,5.25,32440,1920,6290760
FINNIFTY02JAN2421300PE.NFO,02/01/2024,09:31:45,5.25,5.2,11600,5.25,40480,16720,6290760
FINNIFTY02JAN2421300PE.NFO,02/01/2024,09:31:46,5.1,5.1,26920,5.15,29400,25120,6290760
FINNIFTY02JAN2421300PE.NFO,02/01/2024,09:31:47,5.2,5.1,45080,5.2,46400,43520,6290760
FINNIFTY02JAN2421300PE.NFO,02/01/2024,09:31:48,5.05,5.05,46040,5.15,40560,32920,6290760
FINNIFTY02JAN2421300PE.NFO,02/01/2024,09:31:49,5.1,5.1,12760,5.15,27960,13400,6290760
FINNIFTY02JAN2421300PE.NFO,02/01/2024,09:31:51,5.15,5.1,38040,5.2,57440,18560,6290760
FINNIFTY02JAN2421300PE.NFO,02/01/2024,09:31:51,5.15,5.15,1840,5.2,54520,480,6290760
FINNIFTY02JAN2421300PE.NFO,02/01/2024,09:31:52,5.15,5.15,10080,5.2,47000,18720,6290760
FINNIFTY02JAN2421300PE.NFO,02/01/2024,09:31:53,5.15,5.15,25040,5.2,29240,7120,6290760
FINNIFTY02JAN2421300PE.NFO,02/01/2024,09:31:54,5.25,5.2,5400,5.25,37720,102200,6290760
FINNIFTY02JAN2421300PE.NFO,02/01/2024,09:31:55,5.25,5.2,20600,5.25,31320,14520,6290760
FINNIFTY02JAN2421300PE.NFO,02/01/2024,09:31:57,5.2,5.2,27000,5.25,17240,19400,6290760
FINNIFTY02JAN2421300PE.NFO,02/01/2024,09:31:57,5.2,5.15,42480,5.2,480,3560,6290760
FINNIFTY02JAN2421300PE.NFO,02/01/2024,09:31:58,5.1,5.1,31640,5.15,6800,21520,6290760
FINNIFTY02JAN2421300PE.NFO,02/01/2024,09:31:59,5.15,5.15,8640,5.2,42760,17400,6290760
FINNIFTY02JAN2421300PE.NFO,02/01/2024,09:32:00,5.15,5.1,6080,5.15,30440,23880,6290760
FINNIFTY02JAN2421300PE.NFO,02/01/2024,09:32:02,5.1,5.1,8480,5.15,43120,17400,6290760
FINNIFTY02JAN2421300PE.NFO,02/01/2024,09:32:02,5.15,5.1,27320,5.15,17280,320,6290760
FINNIFTY02JAN2421300PE.NFO,02/01/2024,09:32:03,5.15,5.1,19160,5.15,29120,14360,6290760
FINNIFTY02JAN2421300PE.NFO,02/01/2024,09:32:04,5.2,5.2,23560,5.25,25600,29520,6290760
FINNIFTY02JAN2421300PE.NFO,02/01/2024,09:32:05,5.15,5.1,22360,5.15,22200,28000,6290760
FINNIFTY02JAN2421300PE.NFO,02/01/2024,09:32:06,5.2,5.15,33280,5.2,25560,22440,6290760
FINNIFTY02JAN2421300PE.NFO,02/01/2024,09:32:08,5.2,5.2,15560,5.25,25840,26160,6290760
FINNIFTY02JAN2421300PE.NFO,02/01/2024,09:32:08,5.25,5.2,8480,5.25,43880,1960,6290760
FINNIFTY02JAN2421300PE.NFO,02/01/2024,09:32:09,5.25,5.2,31880,5.25,25240,22400,6290760
FINNIFTY02JAN2421300PE.NFO,02/01/2024,09:32:10,5.25,5.2,41520,5.25,12880,32600,6290760
FINNIFTY02JAN2421300PE.NFO,02/01/2024,09:32:11,5.2,5.15,39400,5.2,13920,36000,6290760
FINNIFTY02JAN2421300PE.NFO,02/01/2024,09:32:13,5.1,5.05,21440,5.1,24880,23640,6290760
FINNIFTY02JAN2421300PE.NFO,02/01/2024,09:32:13,5.1,5.05,34320,5.1,13360,280,6290760
FINNIFTY02JAN2421300PE.NFO,02/01/2024,09:32:14,5.2,5.1,43920,5.2,42880,40040,6290760
FINNIFTY02JAN2421300PE.NFO,02/01/2024,09:32:15,5.25,5.2,16480,5.25,39240,18440,6290760
FINNIFTY02JAN2421300PE.NFO,02/01/2024,09:32:16,5.2,5.2,13360,5.25,34880,10080,6290760
FINNIFTY02JAN2421300PE.NFO,02/01/2024,09:32:18,5.3,5.3,16120,5.35,35120,20200,6290760
FINNIFTY02JAN2421300PE.NFO,02/01/2024,09:32:18,5.3,5.25,38960,5.3,12400,6360,6290760
FINNIFTY02JAN2421300PE.NFO,02/01/2024,09:32:19,5.45,5.4,14760,5.45,38560,62360,6290760
FINNIFTY02JAN2421300PE.NFO,02/01/2024,09:32:20,5.35,5.35,16960,5.4,26120,48400,6290760
FINNIFTY02JAN2421300PE.NFO,02/01/2024,09:32:21,5.35,5.3,26280,5.35,38520,19760,6290760
FINNIFTY02JAN2421300PE.NFO,02/01/2024,09:32:22,5.35,5.3,17080,5.35,30880,35200,6290760
FINNIFTY02JAN2421300PE.NFO,02/01/2024,09:32:23,5.4,5.4,38480,5.45,22920,15920,6290760
FINNIFTY02JAN2421300PE.NFO,02/01/2024,09:32:24,5.4,5.4,2040,5.45,38240,25400,6290760
FINNIFTY02JAN2421300PE.NFO,02/01/2024,09:32:26,5.5,5.4,54920,5.5,59440,42160,6290760
FINNIFTY02JAN2421300PE.NFO,02/01/2024,09:32:26,5.45,5.4,44360,5.45,30640,3280,6290760
FINNIFTY02JAN2421300PE.NFO,02/01/2024,09:32:27,5.3,5.3,33160,5.35,21240,52920,6290760
FINNIFTY02JAN2421300PE.NFO,02/01/2024,09:32:28,5.3,5.25,29400,5.3,22880,29880,6290760
FINNIFTY02JAN2421300PE.NFO,02/01/2024,09:32:29,5.25,5.2,42800,5.25,11520,26920,6617560
FINNIFTY02JAN2421300PE.NFO,02/01/2024,09:32:30,5.25,5.25,440,5.3,47920,7240,6617560
FINNIFTY02JAN2421300PE.NFO,02/01/2024,09:32:31,5.3,5.25,1200,5.3,48600,16720,6617560
FINNIFTY02JAN2421300PE.NFO,02/01/2024,09:32:32,5.25,5.25,14720,5.3,49400,10680,6617560
FINNIFTY02JAN2421300PE.NFO,02/01/2024,09:32:33,5.3,5.25,16680,5.3,37400,7760,6617560
FINNIFTY02JAN2421300PE.NFO,02/01/2024,09:32:35,5.35,5.3,25920,5.35,27920,34960,6617560
FINNIFTY02JAN2421300PE.NFO,02/01/2024,09:32:36,5.3,5.3,46400,5.35,15600,18200,6617560
FINNIFTY02JAN2421300PE.NFO,02/01/2024,09:32:37,5.45,5.4,38760,5.45,8280,39160,6617560
FINNIFTY02JAN2421300PE.NFO,02/01/2024,09:32:38,5.5,5.45,18680,5.5,43000,32840,6617560
FINNIFTY02JAN2421300PE.NFO,02/01/2024,09:32:39,5.5,5.45,25760,5.5,30520,19480,6617560
FINNIFTY02JAN2421300PE.NFO,02/01/2024,09:32:40,5.5,5.45,36960,5.5,36280,33680,6617560
FINNIFTY02JAN2421300PE.NFO,02/01/2024,09:32:41,5.4,5.35,22320,5.4,11680,37080,6617560
FINNIFTY02JAN2421300PE.NFO,02/01/2024,09:32:42,5.5,5.4,13680,5.45,28880,15000,6617560
FINNIFTY02JAN2421300PE.NFO,02/01/2024,09:32:43,5.45,5.4,38040,5.45,2720,9800,6617560
FINNIFTY02JAN2421300PE.NFO,02/01/2024,09:32:44,5.4,5.35,37160,5.4,20960,36120,6617560
FINNIFTY02JAN2421300PE.NFO,02/01/2024,09:32:45,5.35,5.35,34240,5.4,32920,12040,6617560
FINNIFTY02JAN2421300PE.NFO,02/01/2024,09:32:46,5.4,5.4,45160,5.45,11400,58960,6617560
FINNIFTY02JAN2421300PE.NFO,02/01/2024,09:32:47,5.3,5.3,50880,5.35,2920,35320,6617560
FINNIFTY02JAN2421300PE.NFO,02/01/2024,09:32:48,5.35,5.3,48760,5.35,12040,21840,6617560
FINNIFTY02JAN2421300PE.NFO,02/01/2024,09:32:49,5.3,5.25,19120,5.3,18280,41480,6617560
FINNIFTY02JAN2421300PE.NFO,02/01/2024,09:32:50,5.3,5.25,21120,5.3,20560,9720,6617560
FINNIFTY02JAN2421300PE.NFO,02/01/2024,09:32:51,5.35,5.3,38560,5.35,1640,35440,6617560
FINNIFTY02JAN2421300PE.NFO,02/01/2024,09:32:52,5.35,5.3,38920,5.35,11800,25320,6617560
FINNIFTY02JAN2421300PE.NFO,02/01/2024,09:32:52,5.35,5.3,43840,5.35,12200,5040,6617560
FINNIFTY02JAN2421300PE.NFO,02/01/2024,09:32:53,5.5,5.45,29040,5.5,30680,70360,6617560
FINNIFTY02JAN2421300PE.NFO,02/01/2024,09:32:54,5.35,5.35,31600,5.4,20160,23760,6617560
FINNIFTY02JAN2421300PE.NFO,02/01/2024,09:32:55,5.45,5.4,17080,5.45,29200,23040,6617560
FINNIFTY02JAN2421300PE.NFO,02/01/2024,09:32:56,5.4,5.35,46600,5.45,47360,26160,6617560
FINNIFTY02JAN2421300PE.NFO,02/01/2024,09:32:57,5.4,5.4,33200,5.45,25200,17320,6617560
FINNIFTY02JAN2421300PE.NFO,02/01/2024,09:32:58,5.45,5.4,18200,5.45,28240,18200,6617560
FINNIFTY02JAN2421300PE.NFO,02/01/2024,09:32:59,5.4,5.35,14800,5.4,39320,27960,6617560
FINNIFTY02JAN2421300PE.NFO,02/01/2024,09:33:00,5.35,5.3,23680,5.35,27880,32760,6617560
FINNIFTY02JAN2421300PE.NFO,02/01/2024,09:33:01,5.25,5.25,20080,5.3,28440,39280,6617560
FINNIFTY02JAN2421300PE.NFO,02/01/2024,09:33:02,5.3,5.25,48840,5.3,14920,19520,6617560
FINNIFTY02JAN2421300PE.NFO,02/01/2024,09:33:03,5.25,5.25,27680,5.3,23000,12360,6617560
FINNIFTY02JAN2421300PE.NFO,02/01/2024,09:33:04,5.25,5.2,41120,5.25,19800,17360,6617560
FINNIFTY02JAN2421300PE.NFO,02/01/2024,09:33:05,5.25,5.2,29920,5.25,25560,16560,6617560
FINNIFTY02JAN2421300PE.NFO,02/01/2024,09:33:06,5.2,5.2,31000,5.25,28000,28160,6617560
FINNIFTY02JAN2421300PE.NFO,02/01/2024,09:33:08,5.25,5.25,56440,5.35,49320,33520,6617560
FINNIFTY02JAN2421300PE.NFO,02/01/2024,09:33:09,5.25,5.2,23720,5.25,43400,19680,6617560
FINNIFTY02JAN2421300PE.NFO,02/01/2024,09:33:09,5.2,5.2,42640,5.25,16520,2200,6617560
FINNIFTY02JAN2421300PE.NFO,02/01/2024,09:33:10,5.25,5.2,31520,5.25,21960,11920,6617560
FINNIFTY02JAN2421300PE.NFO,02/01/2024,09:33:11,5.3,5.3,26240,5.35,34480,24320,6617560
FINNIFTY02JAN2421300PE.NFO,02/01/2024,09:33:13,5.35,5.3,35000,5.35,25680,9520,6617560
FINNIFTY02JAN2421300PE.NFO,02/01/2024,09:33:14,5.35,5.3,47440,5.35,16480,9920,6617560
FINNIFTY02JAN2421300PE.NFO,02/01/2024,09:33:14,5.35,5.3,41080,5.35,22040,160,6617560
FINNIFTY02JAN2421300PE.NFO,02/01/2024,09:33:15,5.45,5.35,52480,5.45,46080,22120,6617560
FINNIFTY02JAN2421300PE.NFO,02/01/2024,09:33:16,5.5,5.45,53640,5.5,8280,51480,6617560
FINNIFTY02JAN2421300PE.NFO,02/01/2024,09:33:18,5.45,5.4,44960,5.45,24400,24000,6617560
FINNIFTY02JAN2421300PE.NFO,02/01/2024,09:33:19,5.35,5.35,760,5.4,49840,31960,6617560
FINNIFTY02JAN2421300PE.NFO,02/01/2024,09:33:19,5.4,5.35,28160,5.4,25720,4440,6617560
FINNIFTY02JAN2421300PE.NFO,02/01/2024,09:33:20,5.45,5.4,30160,5.45,14680,17640,6617560
FINNIFTY02JAN2421300PE.NFO,02/01/2024,09:33:21,5.4,5.4,30880,5.45,28920,6320,6617560
FINNIFTY02JAN2421300PE.NFO,02/01/2024,09:33:22,5.5,5.45,44600,5.5,15120,18040,6617560
FINNIFTY02JAN2421300PE.NFO,02/01/2024,09:33:24,5.5,5.4,54000,5.5,39720,21560,6617560
FINNIFTY02JAN2421300PE.NFO,02/01/2024,09:33:25,5.5,5.45,19800,5.5,34560,12720,6617560
FINNIFTY02JAN2421300PE.NFO,02/01/2024,09:33:25,5.5,5.5,11960,5.55,32120,6120,6617560
FINNIFTY02JAN2421300PE.NFO,02/01/2024,09:33:26,5.6,5.55,35680,5.6,17560,29200,6617560
FINNIFTY02JAN2421300PE.NFO,02/01/2024,09:33:27,5.55,5.5,43600,5.55,13840,21040,6617560
FINNIFTY02JAN2421300PE.NFO,02/01/2024,09:33:29,5.6,5.5,47400,5.6,45200,17200,6617560
FINNIFTY02JAN2421300PE.NFO,02/01/2024,09:33:30,5.5,5.45,47280,5.5,5280,25000,6617560
FINNIFTY02JAN2421300PE.NFO,02/01/2024,09:33:30,5.45,5.45,47960,5.55,42560,8160,6617560
FINNIFTY02JAN2421300PE.NFO,02/01/2024,09:33:31,5.5,5.45,36800,5.5,13400,10280,6617560
FINNIFTY02JAN2421300PE.NFO,02/01/2024,09:33:32,5.35,5.35,30680,5.4,28360,46040,6617560
FINNIFTY02JAN2421300PE.NFO,02/01/2024,09:33:34,5.35,5.35,21000,5.4,45240,13680,6617560
FINNIFTY02JAN2421300PE.NFO,02/01/2024,09:33:35,5.4,5.35,37160,5.4,21040,11520,6617560
FINNIFTY02JAN2421300PE.NFO,02/01/2024,09:33:35,5.4,5.35,20240,5.4,33240,520,6617560
FINNIFTY02JAN2421300PE.NFO,02/01/2024,09:33:36,5.45,5.4,38800,5.45,29840,11800,6617560
FINNIFTY02JAN2421300PE.NFO,02/01/2024,09:33:37,5.4,5.35,15720,5.4,35280,20080,6617560
FINNIFTY02JAN2421300PE.NFO,02/01/2024,09:33:39,5.45,5.35,41160,5.45,52600,11360,6617560
FINNIFTY02JAN2421300PE.NFO,02/01/2024,09:33:40,5.45,5.45,27680,5.5,42480,14400,6617560
FINNIFTY02JAN2421300PE.NFO,02/01/2024,09:33:40,5.5,5.4,59200,5.5,52000,600,6617560
FINNIFTY02JAN2421300PE.NFO,02/01/2024,09:33:41,5.55,5.45,50040,5.55,52320,29920,6617560
FINNIFTY02JAN2421300PE.NFO,02/01/2024,09:33:42,5.45,5.4,15560,5.45,42960,46160,6617560
FINNIFTY02JAN2421300PE.NFO,02/01/2024,09:33:44,5.35,5.25,51920,5.35,53600,59880,6617560
FINNIFTY02JAN2421300PE.NFO,02/01/2024,09:33:45,5.25,5.25,50840,5.35,51480,10960,6617560
FINNIFTY02JAN2421300PE.NFO,02/01/2024,09:33:45,5.3,5.3,23080,5.35,36080,7400,6617560
FINNIFTY02JAN2421300PE.NFO,02/01/2024,09:33:46,5.35,5.35,15600,5.4,36440,38120,6617560
FINNIFTY02JAN2421300PE.NFO,02/01/2024,09:33:47,5.35,5.3,45160,5.4,38520,13720,6617560
FINNIFTY02JAN2421300PE.NFO,02/01/2024,09:33:48,5.35,5.35,38560,5.4,15320,5360,6617560
FINNIFTY02JAN2421300PE.NFO,02/01/2024,09:33:49,5.3,5.3,32280,5.35,34720,22280,6617560
FINNIFTY02JAN2421300PE.NFO,02/01/2024,09:33:50,5.3,5.25,3680,5.3,46280,54400,6617560
FINNIFTY02JAN2421300PE.NFO,02/01/2024,09:33:51,5.25,5.2,59640,5.3,41680,38560,6617560
FINNIFTY02JAN2421300PE.NFO,02/01/2024,09:33:52,5.15,5.1,51320,5.15,16200,79560,6617560
FINNIFTY02JAN2421300PE.NFO,02/01/2024,09:33:53,5.1,5.1,34240,5.15,31800,8640,6617560
FINNIFTY02JAN2421300PE.NFO,02/01/2024,09:33:54,5.15,5.15,22640,5.2,28800,19760,6617560
FINNIFTY02JAN2421300PE.NFO,02/01/2024,09:33:55,5.15,5.15,17760,5.2,42600,7400,6617560
FINNIFTY02JAN2421300PE.NFO,02/01/2024,09:33:56,5.15,5.15,16920,5.2,27040,19120,6617560
FINNIFTY02JAN2421300PE.NFO,02/01/2024,09:33:57,5.25,5.15,46520,5.25,37760,12840,6617560
FINNIFTY02JAN2421300PE.NFO,02/01/2024,09:33:58,5.2,5.15,49520,5.2,80,12040,6617560
FINNIFTY02JAN2421300PE.NFO,02/01/2024,09:33:59,5.25,5.2,41280,5.3,45400,17240,6617560
FINNIFTY02JAN2421300PE.NFO,02/01/2024,09:34:01,5.15,5.15,26440,5.2,36480,17280,6617560
FINNIFTY02JAN2421300PE.NFO,02/01/2024,09:34:02,5.3,5.25,44960,5.3,2800,20400,6617560
FINNIFTY02JAN2421300PE.NFO,02/01/2024,09:34:02,5.25,5.25,25760,5.3,19640,480,6617560
FINNIFTY02JAN2421300PE.NFO,02/01/2024,09:34:03,5.25,5.3,200,5.35,39240,20800,6617560
FINNIFTY02JAN2421300PE.NFO,02/01/2024,09:34:04,5.3,5.25,9400,5.3,32960,3880,6617560
FINNIFTY02JAN2421300PE.NFO,02/01/2024,09:34:06,5.3,5.25,28960,5.3,25320,15360,6617560
FINNIFTY02JAN2421300PE.NFO,02/01/2024,09:34:07,5.25,5.2,32200,5.25,31800,9080,6617560
FINNIFTY02JAN2421300PE.NFO,02/01/2024,09:34:08,5.25,5.25,21840,5.3,34840,5840,6617560
FINNIFTY02JAN2421300PE.NFO,02/01/2024,09:34:09,5.25,5.25,2400,5.3,45160,24200,6617560
FINNIFTY02JAN2421300PE.NFO,02/01/2024,09:34:09,5.25,5.25,18000,5.3,35360,1080,6617560
FINNIFTY02JAN2421300PE.NFO,02/01/2024,09:34:10,5.3,5.25,44920,5.3,19840,1240,6617560
FINNIFTY02JAN2421300PE.NFO,02/01/2024,09:34:11,5.35,5.35,23320,5.4,23120,33920,6617560
FINNIFTY02JAN2421300PE.NFO,02/01/2024,09:34:13,5.35,5.35,19000,5.4,37040,1600,6617560
