Ticker,Date,Time,LTP,BuyPrice,BuyQty,SellPrice,SellQty,LTQ,OpenInterest
FINNIFTY02JAN2422500PE.NFO,02/01/2024,12:47:05,1144,1132.85,120,1144.85,360,40,320
FINNIFTY02JAN2422500PE.NFO,02/01/2024,12:47:05,1144,1132.85,120,1144.85,360,0,320
FINNIFTY02JAN2422500PE.NFO,02/01/2024,12:47:05,1144,1132.85,120,1144.85,360,0,320
FINNIFTY02JAN2422500PE.NFO,02/01/2024,12:47:05,1144,1132.85,120,1144.85,360,0,320
FINNIFTY02JAN2422500PE.NFO,02/01/2024,12:47:14,1144,1141.1,360,1145.45,40,0,320
FINNIFTY02JAN2422500PE.NFO,02/01/2024,12:47:23,1144,1141.2,240,1145.7,40,0,320
FINNIFTY02JAN2422500PE.NFO,02/01/2024,12:47:30,1144,1140.65,120,1145.4,200,0,320
FINNIFTY02JAN2422500PE.NFO,02/01/2024,12:47:32,1144,1140.85,120,1145.45,120,0,320
FINNIFTY02JAN2422500PE.NFO,02/01/2024,12:47:33,1144,1140.95,80,1145.4,40,0,320
FINNIFTY02JAN2422500PE.NFO,02/01/2024,12:47:34,1144,1141.05,120,1145.45,40,0,320
FINNIFTY02JAN2422500PE.NFO,02/01/2024,12:47:35,1144,1141.05,120,1146.85,3440,0,320
FINNIFTY02JAN2422500PE.NFO,02/01/2024,12:47:36,1144,1141.05,120,1145.4,40,0,320
FINNIFTY02JAN2422500PE.NFO,02/01/2024,12:47:36,1144,1141.05,120,1145.35,80,0,320
FINNIFTY02JAN2422500PE.NFO,02/01/2024,12:47:38,1144,1141.1,120,1146.15,2960,0,320
FINNIFTY02JAN2422500PE.NFO,02/01/2024,12:47:40,1144,1141.1,80,1145.4,200,0,320
FINNIFTY02JAN2422500PE.NFO,02/01/2024,12:47:40,1144,1141.15,240,1146.1,160,0,320
FINNIFTY02JAN2422500PE.NFO,02/01/2024,12:47:41,1144,1141.35,360,1146.8,3320,0,320
FINNIFTY02JAN2422500PE.NFO,02/01/2024,12:47:42,1144,1141.65,120,1146.1,320,0,320
FINNIFTY02JAN2422500PE.NFO,02/01/2024,12:47:43,1144,1141.7,120,1145.85,40,0,320
FINNIFTY02JAN2422500PE.NFO,02/01/2024,12:47:45,1144,1141.4,160,1145.65,120,0,320
FINNIFTY02JAN2422500PE.NFO,02/01/2024,12:47:46,1144,1141.45,120,1145.55,120,0,320
FINNIFTY02JAN2422500PE.NFO,02/01/2024,12:47:47,1144,1141.5,400,1146.55,80,0,320
FINNIFTY02JAN2422500PE.NFO,02/01/2024,12:47:48,1144,1141.5,400,1145.9,240,0,320
FINNIFTY02JAN2422500PE.NFO,02/01/2024,12:47:49,1144,1141.65,120,1146.1,480,0,320
FINNIFTY02JAN2422500PE.NFO,02/01/2024,12:47:50,1144,1141.65,120,1146.05,240,0,320
FINNIFTY02JAN2422500PE.NFO,02/01/2024,12:47:52,1144,1141.65,120,1145.95,200,0,320
FINNIFTY02JAN2422500PE.NFO,02/01/2024,12:47:53,1144,1141.65,120,1146.25,200,0,320
FINNIFTY02JAN2422500PE.NFO,02/01/2024,12:47:55,1144,1141.75,80,1146.55,200,0,320
FINNIFTY02JAN2422500PE.NFO,02/01/2024,12:47:56,1144,1141.9,120,1146.3,200,0,320
FINNIFTY02JAN2422500PE.NFO,02/01/2024,12:47:57,1144,1141.55,240,1146.05,120,0,320
FINNIFTY02JAN2422500PE.NFO,02/01/2024,12:47:58,1144,1141.3,160,1145.6,120,0,320
FINNIFTY02JAN2422500PE.NFO,02/01/2024,12:47:59,1144,1141.3,160,1145.4,200,0,320
FINNIFTY02JAN2422500PE.NFO,02/01/2024,12:48:00,1144,1141.4,320,1145.55,40,0,320
FINNIFTY02JAN2422500PE.NFO,02/01/2024,12:48:01,1144,1141.6,200,1146.35,40,0,320
FINNIFTY02JAN2422500PE.NFO,02/01/2024,12:48:02,1144,1141.8,120,1146.4,240,0,320
FINNIFTY02JAN2422500PE.NFO,02/01/2024,12:48:03,1144,1142.05,240,1164.65,40,0,320
FINNIFTY02JAN2422500PE.NFO,02/01/2024,12:48:04,1144,1142.15,80,1160.3,40,0,320
FINNIFTY02JAN2422500PE.NFO,02/01/2024,12:48:05,1144,1142.2,120,1155.2,200,0,320
FINNIFTY02JAN2422500PE.NFO,02/01/2024,12:48:06,1144,1142.2,120,1148.85,200,0,320
FINNIFTY02JAN2422500PE.NFO,02/01/2024,12:48:07,1144,1142.15,80,1146.75,240,0,320
FINNIFTY02JAN2422500PE.NFO,02/01/2024,12:48:08,1144,1141.5,1080,1146,120,0,320
FINNIFTY02JAN2422500PE.NFO,02/01/2024,12:48:09,1144,1141.75,80,1146.65,1520,0,320
FINNIFTY02JAN2422500PE.NFO,02/01/2024,12:48:10,1144,1141.95,80,1146.55,200,0,320
FINNIFTY02JAN2422500PE.NFO,02/01/2024,12:48:10,1144,1141.95,80,1146.45,40,0,320
FINNIFTY02JAN2422500PE.NFO,02/01/2024,12:48:11,1144,1141.95,80,1146.4,80,0,320
FINNIFTY02JAN2422500PE.NFO,02/01/2024,12:48:13,1144,1142,120,1146.35,120,0,320
FINNIFTY02JAN2422500PE.NFO,02/01/2024,12:48:14,1144,1141.95,80,1146.25,200,0,320
FINNIFTY02JAN2422500PE.NFO,02/01/2024,12:48:15,1144,1142,240,1146.6,40,0,320
FINNIFTY02JAN2422500PE.NFO,02/01/2024,12:48:16,1144,1141.9,120,1146.45,200,0,320
FINNIFTY02JAN2422500PE.NFO,02/01/2024,12:48:17,1144,1141.55,200,1146.05,200,0,320
FINNIFTY02JAN2422500PE.NFO,02/01/2024,12:48:18,1144,1141.55,200,1146.05,880,0,320
FINNIFTY02JAN2422500PE.NFO,02/01/2024,12:48:19,1144,1141.65,80,1146.35,480,0,320
FINNIFTY02JAN2422500PE.NFO,02/01/2024,12:48:20,1144,1141.85,120,1146.35,40,0,320
FINNIFTY02JAN2422500PE.NFO,02/01/2024,12:48:21,1144,1141.95,120,1146.35,40,0,320
FINNIFTY02JAN2422500PE.NFO,02/01/2024,12:48:22,1144,1142.25,160,1147.2,400,0,320
FINNIFTY02JAN2422500PE.NFO,02/01/2024,12:48:23,1144,1142.4,160,1147,40,0,320
FINNIFTY02JAN2422500PE.NFO,02/01/2024,12:48:24,1144,1139.95,40,1146.5,120,0,320
FINNIFTY02JAN2422500PE.NFO,02/01/2024,12:48:25,1144,1141.35,120,1146.35,120,0,320
FINNIFTY02JAN2422500PE.NFO,02/01/2024,12:48:26,1144,1141.65,120,1146.25,200,0,320
FINNIFTY02JAN2422500PE.NFO,02/01/2024,12:48:27,1144,1141.85,360,1146.35,40,0,320
FINNIFTY02JAN2422500PE.NFO,02/01/2024,12:48:28,1144,1141.9,520,1147.05,2400,0,320
FINNIFTY02JAN2422500PE.NFO,02/01/2024,12:48:29,1144,1142.25,120,1146.8,200,0,320
FINNIFTY02JAN2422500PE.NFO,02/01/2024,12:48:35,1144,1142.85,120,1147.4,200,0,320
FINNIFTY02JAN2422500PE.NFO,02/01/2024,12:48:44,1144,1143.55,120,1148,200,0,320
FINNIFTY02JAN2422500PE.NFO,02/01/2024,12:48:54,1144,1141.95,120,1146.45,200,0,320
FINNIFTY02JAN2422500PE.NFO,02/01/2024,12:49:03,1144,1141,1080,1146.05,200,0,320
FINNIFTY02JAN2422500PE.NFO,02/01/2024,12:49:11,1144,1141.25,160,1145.65,120,0,320
FINNIFTY02JAN2422500PE.NFO,02/01/2024,12:49:20,1144,1142.9,240,1147.6,240,0,320
FINNIFTY02JAN2422500PE.NFO,02/01/2024,12:49:29,1144,1142.7,840,1147.3,1160,0,320
FINNIFTY02JAN2422500PE.NFO,02/01/2024,12:49:38,1144,1142.85,200,1147.65,200,0,320
FINNIFTY02JAN2422500PE.NFO,02/01/2024,12:49:46,1144,1142.7,80,1147,40,0,320
FINNIFTY02JAN2422500PE.NFO,02/01/2024,12:49:55,1144,1143.5,40,1148.3,40,0,320
FINNIFTY02JAN2422500PE.NFO,02/01/2024,12:50:03,1144,1107.7,200,1147.7,320,0,320
FINNIFTY02JAN2422500PE.NFO,02/01/2024,12:50:12,1144,1142.35,120,1147.9,40,0,320
FINNIFTY02JAN2422500PE.NFO,02/01/2024,12:50:21,1144,1144.45,800,1149.15,120,0,320
FINNIFTY02JAN2422500PE.NFO,02/01/2024,12:50:30,1144,1143.3,120,1147.85,240,0,320
FINNIFTY02JAN2422500PE.NFO,02/01/2024,12:50:31,1144,1143.5,120,1148.6,2920,0,320
FINNIFTY02JAN2422500PE.NFO,02/01/2024,12:50:32,1144,1143.6,40,1148.1,200,0,320
FINNIFTY02JAN2422500PE.NFO,02/01/2024,12:50:33,1144,1143.55,80,1148,40,0,320
FINNIFTY02JAN2422500PE.NFO,02/01/2024,12:50:34,1144,1143.55,80,1148.05,200,0,320
FINNIFTY02JAN2422500PE.NFO,02/01/2024,12:50:35,1144,1143.5,120,1147.85,40,0,320
FINNIFTY02JAN2422500PE.NFO,02/01/2024,12:50:36,1144,1143.4,240,1147.6,200,0,320
FINNIFTY02JAN2422500PE.NFO,02/01/2024,12:50:37,1144,1142.6,1080,1147.05,120,0,320
FINNIFTY02JAN2422500PE.NFO,02/01/2024,12:50:38,1144,1142.6,1040,1147.2,600,0,320
FINNIFTY02JAN2422500PE.NFO,02/01/2024,12:50:39,1144,1142.7,280,1147.5,640,0,320
FINNIFTY02JAN2422500PE.NFO,02/01/2024,12:50:40,1144,1143,120,1147.5,160,0,320
FINNIFTY02JAN2422500PE.NFO,02/01/2024,12:50:41,1144,1143.2,120,1147.45,360,0,320
FINNIFTY02JAN2422500PE.NFO,02/01/2024,12:50:42,1144,1143.2,120,1147.45,40,0,320
FINNIFTY02JAN2422500PE.NFO,02/01/2024,12:50:43,1144,1142.75,240,1147.35,1040,0,320
FINNIFTY02JAN2422500PE.NFO,02/01/2024,12:50:44,1144,1142.75,240,1147.25,40,0,320
FINNIFTY02JAN2422500PE.NFO,02/01/2024,12:50:45,1144,1142.8,40,1147.15,40,0,320
FINNIFTY02JAN2422500PE.NFO,02/01/2024,12:50:46,1144,1142.75,240,1147.3,240,0,320
FINNIFTY02JAN2422500PE.NFO,02/01/2024,12:50:48,1144,1142.8,80,1147.3,280,0,320
FINNIFTY02JAN2422500PE.NFO,02/01/2024,12:50:49,1144,1142.8,40,1147.25,200,0,320
FINNIFTY02JAN2422500PE.NFO,02/01/2024,12:50:50,1144,1142.8,40,1147.3,200,0,320
FINNIFTY02JAN2422500PE.NFO,02/01/2024,12:50:51,1144,1142.75,240,1147.2,200,0,320
FINNIFTY02JAN2422500PE.NFO,02/01/2024,12:50:52,1144,1142.75,240,1147.3,1480,0,320
FINNIFTY02JAN2422500PE.NFO,02/01/2024,12:50:53,1144,1142.75,120,1147.2,200,0,320
FINNIFTY02JAN2422500PE.NFO,02/01/2024,12:50:56,1144,1142.75,120,1147.35,40,0,320
FINNIFTY02JAN2422500PE.NFO,02/01/2024,12:50:57,1144,1142.85,240,1147.5,200,0,320
FINNIFTY02JAN2422500PE.NFO,02/01/2024,12:50:58,1144,1142.85,40,1147.25,200,0,320
FINNIFTY02JAN2422500PE.NFO,02/01/2024,12:50:59,1144,1142.75,120,1147.1,40,0,320
FINNIFTY02JAN2422500PE.NFO,02/01/2024,12:51:00,1144,1142.65,120,1147.05,200,0,320
FINNIFTY02JAN2422500PE.NFO,02/01/2024,12:51:01,1144,1140.9,200,1146.3,200,0,320
FINNIFTY02JAN2422500PE.NFO,02/01/2024,12:51:02,1144,1141.3,200,1146.1,120,0,320
FINNIFTY02JAN2422500PE.NFO,02/01/2024,12:51:03,1144,1141.6,120,1146.1,440,0,320
FINNIFTY02JAN2422500PE.NFO,02/01/2024,12:51:04,1144,1141.8,120,1147.05,3200,0,320
FINNIFTY02JAN2422500PE.NFO,02/01/2024,12:51:06,1144,1107.35,3320,1145.4,40,0,320
FINNIFTY02JAN2422500PE.NFO,02/01/2024,12:51:07,1144,1140.15,120,1144.6,40,0,320
FINNIFTY02JAN2422500PE.NFO,02/01/2024,12:51:08,1144,1140.25,160,1145,200,0,320
FINNIFTY02JAN2422500PE.NFO,02/01/2024,12:51:09,1144,1140.45,440,1145.25,120,0,320
FINNIFTY02JAN2422500PE.NFO,02/01/2024,12:51:10,1144,1140.6,120,1145.15,40,0,320
FINNIFTY02JAN2422500PE.NFO,02/01/2024,12:51:11,1144,1107.75,120,1144.6,80,0,320
FINNIFTY02JAN2422500PE.NFO,02/01/2024,12:51:12,1144,1111.35,80,1144.05,200,0,320
FINNIFTY02JAN2422500PE.NFO,02/01/2024,12:51:13,1144,1114.25,200,1143.25,40,0,320
FINNIFTY02JAN2422500PE.NFO,02/01/2024,12:51:14,1144,1117.7,40,1143,40,0,320
FINNIFTY02JAN2422500PE.NFO,02/01/2024,12:51:15,1144,1120.5,80,1142.9,80,0,320
FINNIFTY02JAN2422500PE.NFO,02/01/2024,12:51:16,1144,1123.2,240,1142.3,120,0,320
FINNIFTY02JAN2422500PE.NFO,02/01/2024,12:51:17,1144,1124.8,80,1142,80,0,320
FINNIFTY02JAN2422500PE.NFO,02/01/2024,12:51:18,1144,1127.6,200,1141.1,40,0,320
FINNIFTY02JAN2422500PE.NFO,02/01/2024,12:51:19,1144,1128.2,280,1140.65,120,0,320
FINNIFTY02JAN2422500PE.NFO,02/01/2024,12:51:20,1144,1130,120,1139.2,120,0,320
FINNIFTY02JAN2422500PE.NFO,02/01/2024,12:51:21,1144,1131.85,200,1138.45,40,0,320
FINNIFTY02JAN2422500PE.NFO,02/01/2024,12:51:22,1144,1132.85,360,1137.8,200,0,320
FINNIFTY02JAN2422500PE.NFO,02/01/2024,12:51:23,1144,1133,200,1138.25,200,0,320
FINNIFTY02JAN2422500PE.NFO,02/01/2024,12:51:24,1144,1133.3,240,1138.3,40,0,320
FINNIFTY02JAN2422500PE.NFO,02/01/2024,12:51:25,1144,1133.5,120,1139,720,0,320
FINNIFTY02JAN2422500PE.NFO,02/01/2024,12:51:26,1144,1134.3,80,1164.65,80,0,320
FINNIFTY02JAN2422500PE.NFO,02/01/2024,12:51:27,1144,1134.9,80,1161.6,80,0,320
FINNIFTY02JAN2422500PE.NFO,02/01/2024,12:51:28,1144,1135.05,120,1157.9,80,0,320
FINNIFTY02JAN2422500PE.NFO,02/01/2024,12:51:29,1144,1135.15,200,1154.2,120,0,320
FINNIFTY02JAN2422500PE.NFO,02/01/2024,12:51:30,1144,1135.3,360,1150.1,200,0,320
FINNIFTY02JAN2422500PE.NFO,02/01/2024,12:51:31,1144,1135.65,120,1146.8,80,0,320
FINNIFTY02JAN2422500PE.NFO,02/01/2024,12:51:32,1144,1136.35,120,1143.55,120,0,320
FINNIFTY02JAN2422500PE.NFO,02/01/2024,12:51:33,1144,1136.75,120,1141.2,200,0,320
FINNIFTY02JAN2422500PE.NFO,02/01/2024,12:51:34,1144,1136.75,240,1141.75,1520,0,320
FINNIFTY02JAN2422500PE.NFO,02/01/2024,12:51:35,1144,1136.7,240,1141,40,0,320
FINNIFTY02JAN2422500PE.NFO,02/01/2024,12:51:36,1144,1136.8,520,1141.65,480,0,320
FINNIFTY02JAN2422500PE.NFO,02/01/2024,12:51:37,1144,1136.85,440,1141.6,760,0,320
FINNIFTY02JAN2422500PE.NFO,02/01/2024,12:51:38,1144,1136.85,320,1141.65,720,0,320
FINNIFTY02JAN2422500PE.NFO,02/01/2024,12:51:39,1144,1136.8,160,1141.4,240,0,320
FINNIFTY02JAN2422500PE.NFO,02/01/2024,12:51:39,1144,1136.8,160,1141.15,200,0,320
FINNIFTY02JAN2422500PE.NFO,02/01/2024,12:51:41,1144,1136.9,80,1141.45,320,0,320
FINNIFTY02JAN2422500PE.NFO,02/01/2024,12:51:42,1144,1136.8,160,1140.9,360,0,320
FINNIFTY02JAN2422500PE.NFO,02/01/2024,12:51:43,1144,1108.55,40,1140.35,40,0,320
FINNIFTY02JAN2422500PE.NFO,02/01/2024,12:51:44,1144,1112.1,200,1140.9,40,0,320
FINNIFTY02JAN2422500PE.NFO,02/01/2024,12:51:45,1144,1115.65,160,1143.25,120,0,320
FINNIFTY02JAN2422500PE.NFO,02/01/2024,12:51:46,1144,1118.9,40,1141.05,120,0,320
FINNIFTY02JAN2422500PE.NFO,02/01/2024,12:51:47,1144,1122.55,120,1141,80,0,320
FINNIFTY02JAN2422500PE.NFO,02/01/2024,12:51:48,1144,1127.15,80,1141.3,400,0,320
FINNIFTY02JAN2422500PE.NFO,02/01/2024,12:51:49,1144,1131.6,80,1140.9,120,0,320
FINNIFTY02JAN2422500PE.NFO,02/01/2024,12:51:50,1144,1135,120,1140.75,40,0,320
FINNIFTY02JAN2422500PE.NFO,02/01/2024,12:51:51,1144,1136.1,120,1141.15,360,0,320
FINNIFTY02JAN2422500PE.NFO,02/01/2024,12:51:52,1144,1136.55,120,1141.05,40,0,320
FINNIFTY02JAN2422500PE.NFO,02/01/2024,12:51:53,1144,1136.65,120,1141.25,40,0,320
FINNIFTY02JAN2422500PE.NFO,02/01/2024,12:51:54,1144,1136.6,360,1143.45,3360,0,320
FINNIFTY02JAN2422500PE.NFO,02/01/2024,12:51:55,1144,1136.65,80,1141.75,240,0,320
FINNIFTY02JAN2422500PE.NFO,02/01/2024,12:51:56,1144,1137,80,1141.55,40,0,320
FINNIFTY02JAN2422500PE.NFO,02/01/2024,12:51:57,1144,1137.3,120,1141.6,320,0,320
FINNIFTY02JAN2422500PE.NFO,02/01/2024,12:51:58,1144,1137.1,160,1141.25,200,0,320
FINNIFTY02JAN2422500PE.NFO,02/01/2024,12:51:59,1144,1136.5,600,1140.7,200,0,320
FINNIFTY02JAN2422500PE.NFO,02/01/2024,12:52:00,1144,1136.55,120,1141,40,0,320
FINNIFTY02JAN2422500PE.NFO,02/01/2024,12:52:01,1144,1136.6,320,1141,80,0,320
FINNIFTY02JAN2422500PE.NFO,02/01/2024,12:52:02,1144,1136.6,400,1141,320,0,320
FINNIFTY02JAN2422500PE.NFO,02/01/2024,12:52:03,1144,1136.75,120,1141.3,160,0,320
FINNIFTY02JAN2422500PE.NFO,02/01/2024,12:52:04,1144,1136.75,120,1141.3,40,0,320
FINNIFTY02JAN2422500PE.NFO,02/01/2024,12:52:05,1144,1136.8,440,1141.65,200,0,320
FINNIFTY02JAN2422500PE.NFO,02/01/2024,12:52:06,1144,1137,200,1142.1,200,0,320
FINNIFTY02JAN2422500PE.NFO,02/01/2024,12:52:07,1144,1137.45,360,1142.2,40,0,320
FINNIFTY02JAN2422500PE.NFO,02/01/2024,12:52:08,1144,1137.7,320,1142.8,40,0,320
FINNIFTY02JAN2422500PE.NFO,02/01/2024,12:52:09,1144,1138.35,360,1143.1,440,0,320
FINNIFTY02JAN2422500PE.NFO,02/01/2024,12:52:10,1144,1138.4,80,1143.05,120,0,320
FINNIFTY02JAN2422500PE.NFO,02/01/2024,12:52:11,1144,1138.4,360,1142.75,200,0,320
FINNIFTY02JAN2422500PE.NFO,02/01/2024,12:52:12,1144,1138.3,160,1142.55,200,0,320
FINNIFTY02JAN2422500PE.NFO,02/01/2024,12:52:13,1144,1137.45,120,1142.25,240,0,320
FINNIFTY02JAN2422500PE.NFO,02/01/2024,12:52:14,1144,1137.75,240,1143,2440,0,320
FINNIFTY02JAN2422500PE.NFO,02/01/2024,12:52:15,1144,1138.2,160,1142.9,200,0,320
FINNIFTY02JAN2422500PE.NFO,02/01/2024,12:52:16,1144,1138.15,120,1142.35,200,0,320
FINNIFTY02JAN2422500PE.NFO,02/01/2024,12:52:17,1144,1138.6,200,1166.1,120,0,320
FINNIFTY02JAN2422500PE.NFO,02/01/2024,12:52:18,1144,1139.25,120,1161.25,120,0,320
FINNIFTY02JAN2422500PE.NFO,02/01/2024,12:52:19,1144,1139.25,120,1156.2,80,0,320
FINNIFTY02JAN2422500PE.NFO,02/01/2024,12:52:20,1144,1139.25,120,1151.6,40,0,320
FINNIFTY02JAN2422500PE.NFO,02/01/2024,12:52:21,1144,1139.05,160,1146.95,40,0,320
FINNIFTY02JAN2422500PE.NFO,02/01/2024,12:52:22,1144,1139.15,160,1143.55,200,0,320
FINNIFTY02JAN2422500PE.NFO,02/01/2024,12:52:23,1144,1139.35,160,1144.45,360,0,320
FINNIFTY02JAN2422500PE.NFO,02/01/2024,12:52:24,1144,1139.55,80,1144.25,360,0,320
FINNIFTY02JAN2422500PE.NFO,02/01/2024,12:52:25,1144,1139.8,120,1144.5,520,0,320
FINNIFTY02JAN2422500PE.NFO,02/01/2024,12:52:26,1144,1140,320,1144.4,240,0,320
FINNIFTY02JAN2422500PE.NFO,02/01/2024,12:52:27,1144,1139.85,160,1144,40,0,320
FINNIFTY02JAN2422500PE.NFO,02/01/2024,12:52:28,1144,1139.9,120,1144.2,160,0,320
FINNIFTY02JAN2422500PE.NFO,02/01/2024,12:52:29,1144,1136.85,80,1143.5,40,0,320
FINNIFTY02JAN2422500PE.NFO,02/01/2024,12:52:30,1144,1139.1,360,1143.8,40,0,320
FINNIFTY02JAN2422500PE.NFO,02/01/2024,12:52:30,1144,1139.2,120,1143.75,240,0,320
FINNIFTY02JAN2422500PE.NFO,02/01/2024,12:52:31,1144,1139.2,120,1143.4,40,0,320
FINNIFTY02JAN2422500PE.NFO,02/01/2024,12:52:33,1144,1139.15,240,1143.5,40,0,320
FINNIFTY02JAN2422500PE.NFO,02/01/2024,12:52:34,1144,1139.2,120,1143.6,200,0,320
FINNIFTY02JAN2422500PE.NFO,02/01/2024,12:52:35,1144,1139.25,200,1143.8,360,0,320
FINNIFTY02JAN2422500PE.NFO,02/01/2024,12:52:36,1144,1139.35,120,1144.1,2720,0,320
FINNIFTY02JAN2422500PE.NFO,02/01/2024,12:52:37,1144,1138.9,160,1143.15,200,0,320
FINNIFTY02JAN2422500PE.NFO,02/01/2024,12:52:38,1144,1138,360,1142.5,120,0,320
FINNIFTY02JAN2422500PE.NFO,02/01/2024,12:52:39,1144,1138,360,1142.7,200,0,320
FINNIFTY02JAN2422500PE.NFO,02/01/2024,12:52:40,1144,1138.05,40,1142.5,200,0,320
FINNIFTY02JAN2422500PE.NFO,02/01/2024,12:52:41,1144,1138.05,240,1142.3,200,0,320
FINNIFTY02JAN2422500PE.NFO,02/01/2024,12:52:42,1144,1138.05,400,1142.5,200,0,320
FINNIFTY02JAN2422500PE.NFO,02/01/2024,12:52:43,1144,1138.05,400,1142.45,200,0,320
FINNIFTY02JAN2422500PE.NFO,02/01/2024,12:52:44,1144,1138.05,240,1142.3,120,0,320
FINNIFTY02JAN2422500PE.NFO,02/01/2024,12:52:45,1144,1138.1,200,1142.5,400,0,320
FINNIFTY02JAN2422500PE.NFO,02/01/2024,12:52:46,1144,1110.4,40,1141.95,320,0,320
FINNIFTY02JAN2422500PE.NFO,02/01/2024,12:52:47,1144,1115.3,160,1141.85,240,0,320
FINNIFTY02JAN2422500PE.NFO,02/01/2024,12:52:48,1144,1119,40,1141.75,40,0,320
FINNIFTY02JAN2422500PE.NFO,02/01/2024,12:52:49,1144,1122.45,40,1141.8,120,0,320
FINNIFTY02JAN2422500PE.NFO,02/01/2024,12:52:50,1144,1127.5,40,1142.4,1520,0,320
FINNIFTY02JAN2422500PE.NFO,02/01/2024,12:52:51,1144,1131.3,120,1142.3,200,0,320
FINNIFTY02JAN2422500PE.NFO,02/01/2024,12:52:52,1144,1135.35,360,1142.7,240,0,320
FINNIFTY02JAN2422500PE.NFO,02/01/2024,12:52:53,1144,1137.75,200,1142.65,200,0,320
FINNIFTY02JAN2422500PE.NFO,02/01/2024,12:52:54,1144,1137.9,120,1142.25,200,0,320
FINNIFTY02JAN2422500PE.NFO,02/01/2024,12:52:55,1144,1138,560,1143.05,2080,0,320
FINNIFTY02JAN2422500PE.NFO,02/01/2024,12:52:56,1144,1138.4,80,1164.2,120,0,320
FINNIFTY02JAN2422500PE.NFO,02/01/2024,12:52:57,1144,1138.3,120,1159.05,40,0,320
FINNIFTY02JAN2422500PE.NFO,02/01/2024,12:52:58,1144,1138.3,120,1153.55,120,0,320
FINNIFTY02JAN2422500PE.NFO,02/01/2024,12:52:59,1144,1138.35,200,1149.3,40,0,320
FINNIFTY02JAN2422500PE.NFO,02/01/2024,12:53:00,1144,1138.35,80,1145.55,120,0,320
FINNIFTY02JAN2422500PE.NFO,02/01/2024,12:53:01,1144,1138.3,120,1142.6,200,0,320
FINNIFTY02JAN2422500PE.NFO,02/01/2024,12:53:02,1144,1138.3,120,1142.5,80,0,320
FINNIFTY02JAN2422500PE.NFO,02/01/2024,12:53:03,1144,1138.35,80,1142.9,1480,0,320
FINNIFTY02JAN2422500PE.NFO,02/01/2024,12:53:04,1144,1138.3,120,1142.8,200,0,320
FINNIFTY02JAN2422500PE.NFO,02/01/2024,12:53:05,1144,1138.35,80,1142.8,200,0,320
FINNIFTY02JAN2422500PE.NFO,02/01/2024,12:53:06,1144,1138.5,120,1142.9,40,0,320
FINNIFTY02JAN2422500PE.NFO,02/01/2024,12:53:07,1144,1138.4,120,1142.6,200,0,320
FINNIFTY02JAN2422500PE.NFO,02/01/2024,12:53:08,1144,1138.1,120,1142.6,240,0,320
FINNIFTY02JAN2422500PE.NFO,02/01/2024,12:53:09,1144,1138.05,200,1142.15,200,0,320
FINNIFTY02JAN2422500PE.NFO,02/01/2024,12:53:10,1144,1136.95,200,1141.9,320,0,320
FINNIFTY02JAN2422500PE.NFO,02/01/2024,12:53:11,1144,1136.95,40,1141.7,200,0,320
FINNIFTY02JAN2422500PE.NFO,02/01/2024,12:53:12,1144,1136.95,40,1141.65,640,0,320
FINNIFTY02JAN2422500PE.NFO,02/01/2024,12:53:13,1144,1137.05,120,1141.35,40,0,320
FINNIFTY02JAN2422500PE.NFO,02/01/2024,12:53:14,1144,1137.05,120,1141.35,80,0,320
FINNIFTY02JAN2422500PE.NFO,02/01/2024,12:53:15,1144,1137.05,120,1141.25,200,0,320
FINNIFTY02JAN2422500PE.NFO,02/01/2024,12:53:16,1144,1135.45,200,1140.7,200,0,320
FINNIFTY02JAN2422500PE.NFO,02/01/2024,12:53:17,1144,1135.95,120,1140.65,40,0,320
FINNIFTY02JAN2422500PE.NFO,02/01/2024,12:53:18,1144,1136.05,80,1142.6,120,0,320
FINNIFTY02JAN2422500PE.NFO,02/01/2024,12:53:19,1144,1136.15,120,1140.9,320,0,320
FINNIFTY02JAN2422500PE.NFO,02/01/2024,12:53:20,1144,1136.35,120,1141.1,120,0,320
FINNIFTY02JAN2422500PE.NFO,02/01/2024,12:53:21,1144,1136.25,240,1140.7,240,0,320
FINNIFTY02JAN2422500PE.NFO,02/01/2024,12:53:22,1144,1135.75,240,1140.2,200,0,320
FINNIFTY02JAN2422500PE.NFO,02/01/2024,12:53:23,1144,1134.75,720,1139.75,160,0,320
FINNIFTY02JAN2422500PE.NFO,02/01/2024,12:53:24,1144,1134.5,120,1139.25,200,0,320
FINNIFTY02JAN2422500PE.NFO,02/01/2024,12:53:25,1144,1134.45,240,1139.05,200,0,320
FINNIFTY02JAN2422500PE.NFO,02/01/2024,12:53:26,1144,1134.6,120,1138.95,40,0,320
FINNIFTY02JAN2422500PE.NFO,02/01/2024,12:53:27,1144,1134.5,240,1139.3,720,0,320
FINNIFTY02JAN2422500PE.NFO,02/01/2024,12:53:28,1144,1134.7,120,1139.6,80,0,320
FINNIFTY02JAN2422500PE.NFO,02/01/2024,12:53:29,1144,1134.75,160,1139.5,40,0,320
FINNIFTY02JAN2422500PE.NFO,02/01/2024,12:53:30,1144,1135,40,1140.6,40,0,320
FINNIFTY02JAN2422500PE.NFO,02/01/2024,12:53:31,1144,1135.2,80,1139.75,40,0,320
FINNIFTY02JAN2422500PE.NFO,02/01/2024,12:53:32,1144,1135.35,120,1139.85,360,0,320
FINNIFTY02JAN2422500PE.NFO,02/01/2024,12:53:33,1144,1135.4,120,1139.75,40,0,320
FINNIFTY02JAN2422500PE.NFO,02/01/2024,12:53:34,1144,1135.3,160,1139.5,200,0,320
FINNIFTY02JAN2422500PE.NFO,02/01/2024,12:53:35,1144,1135.35,120,1139.45,40,0,320
FINNIFTY02JAN2422500PE.NFO,02/01/2024,12:53:36,1144,1135.35,120,1139.4,160,0,320
FINNIFTY02JAN2422500PE.NFO,02/01/2024,12:53:37,1144,1107.45,40,1139.25,200,0,320
FINNIFTY02JAN2422500PE.NFO,02/01/2024,12:53:38,1144,1110.3,80,1138.65,200,0,320
FINNIFTY02JAN2422500PE.NFO,02/01/2024,12:53:39,1144,1113.7,80,1138.25,240,0,320
FINNIFTY02JAN2422500PE.NFO,02/01/2024,12:53:40,1144,1117.9,120,1138.1,40,0,320
FINNIFTY02JAN2422500PE.NFO,02/01/2024,12:53:41,1144,1122.75,40,1138.05,240,0,320
FINNIFTY02JAN2422500PE.NFO,02/01/2024,12:53:42,1144,1125.95,40,1138.1,40,0,320
FINNIFTY02JAN2422500PE.NFO,02/01/2024,12:53:43,1144,1130.45,120,1138,360,0,320
FINNIFTY02JAN2422500PE.NFO,02/01/2024,12:53:44,1144,1132.85,360,1137.6,200,0,320
FINNIFTY02JAN2422500PE.NFO,02/01/2024,12:53:45,1144,1133.9,80,1139,2680,0,320
FINNIFTY02JAN2422500PE.NFO,02/01/2024,12:53:46,1144,1134.7,160,1138.95,160,0,320
FINNIFTY02JAN2422500PE.NFO,02/01/2024,12:53:47,1144,1134.8,240,1138.8,40,0,320
FINNIFTY02JAN2422500PE.NFO,02/01/2024,12:53:48,1144,1134.8,120,1138.8,40,0,320
FINNIFTY02JAN2422500PE.NFO,02/01/2024,12:53:49,1144,1134.75,120,1138.8,40,0,320
FINNIFTY02JAN2422500PE.NFO,02/01/2024,12:53:50,1144,1134.1,40,1138.8,40,0,320
FINNIFTY02JAN2422500PE.NFO,02/01/2024,12:53:51,1144,1134.95,160,1138.8,40,0,320
FINNIFTY02JAN2422500PE.NFO,02/01/2024,12:53:52,1144,1135,120,1138.8,40,0,320
FINNIFTY02JAN2422500PE.NFO,02/01/2024,12:53:53,1144,1135.15,120,1140,120,0,320
FINNIFTY02JAN2422500PE.NFO,02/01/2024,12:53:54,1144,1135.05,120,1139.4,440,0,320
FINNIFTY02JAN2422500PE.NFO,02/01/2024,12:53:55,1144,1135.1,120,1139.45,80,0,320
FINNIFTY02JAN2422500PE.NFO,02/01/2024,12:53:56,1144,1135.1,80,1139.45,80,0,320
FINNIFTY02JAN2422500PE.NFO,02/01/2024,12:53:57,1144,1135.3,120,1140.1,240,0,320
FINNIFTY02JAN2422500PE.NFO,02/01/2024,12:53:58,1144,1136.2,120,1141.55,3320,0,320
FINNIFTY02JAN2422500PE.NFO,02/01/2024,12:53:59,1144,1136.35,360,1141.55,3320,0,320
FINNIFTY02JAN2422500PE.NFO,02/01/2024,12:54:00,1144,1135.9,240,1140.95,200,0,320
FINNIFTY02JAN2422500PE.NFO,02/01/2024,12:54:01,1144,1136.15,40,1141.4,200,0,320
FINNIFTY02JAN2422500PE.NFO,02/01/2024,12:54:02,1144,1136.6,400,1141.3,120,0,320
FINNIFTY02JAN2422500PE.NFO,02/01/2024,12:54:03,1144,1136.75,120,1141.15,200,0,320
FINNIFTY02JAN2422500PE.NFO,02/01/2024,12:54:04,1144,1136.85,120,1141.5,360,0,320
FINNIFTY02JAN2422500PE.NFO,02/01/2024,12:54:05,1144,1136.95,120,1143.05,360,0,320
FINNIFTY02JAN2422500PE.NFO,02/01/2024,12:54:06,1144,1136.95,120,1141.25,120,0,320
FINNIFTY02JAN2422500PE.NFO,02/01/2024,12:54:07,1144,1136.85,120,1141.1,40,0,320
FINNIFTY02JAN2422500PE.NFO,02/01/2024,12:54:08,1144,1136.9,40,1141.3,200,0,320
FINNIFTY02JAN2422500PE.NFO,02/01/2024,12:54:09,1144,1136.85,120,1141.1,200,0,320
FINNIFTY02JAN2422500PE.NFO,02/01/2024,12:54:10,1144,1136.85,120,1141.15,320,0,320
FINNIFTY02JAN2422500PE.NFO,02/01/2024,12:54:11,1144,1136.8,160,1141.1,200,0,320
FINNIFTY02JAN2422500PE.NFO,02/01/2024,12:54:12,1144,1136.8,160,1140.75,40,0,320
FINNIFTY02JAN2422500PE.NFO,02/01/2024,12:54:13,1144,1135.95,40,1140.5,40,0,320
FINNIFTY02JAN2422500PE.NFO,02/01/2024,12:54:14,1144,1136.2,360,1140.4,200,0,320
FINNIFTY02JAN2422500PE.NFO,02/01/2024,12:54:15,1144,1136.3,80,1141.55,2920,0,320
FINNIFTY02JAN2422500PE.NFO,02/01/2024,12:54:16,1144,1136.8,120,1141.45,200,0,320
FINNIFTY02JAN2422500PE.NFO,02/01/2024,12:54:17,1144,1137.1,160,1141.05,40,0,320
FINNIFTY02JAN2422500PE.NFO,02/01/2024,12:54:18,1144,1136.3,1040,1141.25,200,0,320
FINNIFTY02JAN2422500PE.NFO,02/01/2024,12:54:19,1144,1136.75,120,1141.3,80,0,320
FINNIFTY02JAN2422500PE.NFO,02/01/2024,12:54:20,1144,1136.65,200,1141.1,200,0,320
FINNIFTY02JAN2422500PE.NFO,02/01/2024,12:54:21,1144,1136.7,40,1140.95,40,0,320
FINNIFTY02JAN2422500PE.NFO,02/01/2024,12:54:22,1144,1136.7,80,1141.05,80,0,320
FINNIFTY02JAN2422500PE.NFO,02/01/2024,12:54:23,1144,1136.65,120,1141,400,0,320
FINNIFTY02JAN2422500PE.NFO,02/01/2024,12:54:24,1144,1136.65,120,1141,80,0,320
FINNIFTY02JAN2422500PE.NFO,02/01/2024,12:54:25,1144,1136.7,40,1141,40,0,320
FINNIFTY02JAN2422500PE.NFO,02/01/2024,12:54:26,1144,1136.75,40,1141.5,920,0,320
FINNIFTY02JAN2422500PE.NFO,02/01/2024,12:54:27,1144,1137.4,40,1141.75,40,0,320
FINNIFTY02JAN2422500PE.NFO,02/01/2024,12:54:28,1144,1137.45,120,1141.75,40,0,320
FINNIFTY02JAN2422500PE.NFO,02/01/2024,12:54:29,1144,1137.65,40,1142.5,240,0,320
FINNIFTY02JAN2422500PE.NFO,02/01/2024,12:54:30,1144,1137.8,120,1142.2,200,0,320
FINNIFTY02JAN2422500PE.NFO,02/01/2024,12:54:31,1144,1137.9,80,1142.2,40,0,320
FINNIFTY02JAN2422500PE.NFO,02/01/2024,12:54:32,1144,1137.9,80,1142.4,120,0,320
FINNIFTY02JAN2422500PE.NFO,02/01/2024,12:54:33,1144,1137.85,120,1142.05,200,0,320
FINNIFTY02JAN2422500PE.NFO,02/01/2024,12:54:34,1144,1137.5,760,1141.95,200,0,320
FINNIFTY02JAN2422500PE.NFO,02/01/2024,12:54:35,1144,1137.55,160,1142.05,40,0,320
FINNIFTY02JAN2422500PE.NFO,02/01/2024,12:54:36,1144,1137.5,560,1141.7,40,0,320
FINNIFTY02JAN2422500PE.NFO,02/01/2024,12:54:37,1144,1137.55,400,1141.95,320,0,320
FINNIFTY02JAN2422500PE.NFO,02/01/2024,12:54:38,1144,1137.6,200,1142,120,0,320
FINNIFTY02JAN2422500PE.NFO,02/01/2024,12:54:40,1144,1137.55,240,1141.9,320,0,320
FINNIFTY02JAN2422500PE.NFO,02/01/2024,12:54:41,1144,1137.55,240,1141.8,40,0,320
FINNIFTY02JAN2422500PE.NFO,02/01/2024,12:54:43,1144,1137.55,120,1141.8,200,0,320
FINNIFTY02JAN2422500PE.NFO,02/01/2024,12:54:44,1144,1137.6,240,1141.9,40,0,320
FINNIFTY02JAN2422500PE.NFO,02/01/2024,12:54:45,1144,1137.75,120,1142.25,40,0,320
FINNIFTY02JAN2422500PE.NFO,02/01/2024,12:54:46,1144,1137.8,40,1142.3,40,0,320
FINNIFTY02JAN2422500PE.NFO,02/01/2024,12:54:46,1144,1138.1,40,1143.45,1800,0,320
FINNIFTY02JAN2422500PE.NFO,02/01/2024,12:54:47,1144,1138.05,160,1142.45,40,0,320
FINNIFTY02JAN2422500PE.NFO,02/01/2024,12:54:48,1144,1137.65,160,1141.85,200,0,320
FINNIFTY02JAN2422500PE.NFO,02/01/2024,12:54:49,1144,1137.55,160,1141.6,40,0,320
FINNIFTY02JAN2422500PE.NFO,02/01/2024,12:54:50,1144,1136.9,120,1141.55,40,0,320
FINNIFTY02JAN2422500PE.NFO,02/01/2024,12:54:52,1144,1137.25,40,1141.75,640,0,320
FINNIFTY02JAN2422500PE.NFO,02/01/2024,12:54:52,1144,1137.3,40,1141.75,600,0,320
FINNIFTY02JAN2422500PE.NFO,02/01/2024,12:54:53,1144,1137.3,40,1141.75,120,0,320
FINNIFTY02JAN2422500PE.NFO,02/01/2024,12:54:54,1144,1137.3,40,1141.7,480,0,320
FINNIFTY02JAN2422500PE.NFO,02/01/2024,12:54:56,1144,1137.5,160,1141.75,120,0,320
FINNIFTY02JAN2422500PE.NFO,02/01/2024,12:54:56,1144,1137.5,200,1141.75,120,0,320
FINNIFTY02JAN2422500PE.NFO,02/01/2024,12:54:57,1144,1137.6,120,1142.05,1240,0,320
FINNIFTY02JAN2422500PE.NFO,02/01/2024,12:54:58,1144,1137.65,40,1142,40,0,320
FINNIFTY02JAN2422500PE.NFO,02/01/2024,12:54:59,1144,1137.6,120,1141.85,200,0,320
FINNIFTY02JAN2422500PE.NFO,02/01/2024,12:55:00,1144,1137.5,160,1141.7,320,0,320
FINNIFTY02JAN2422500PE.NFO,02/01/2024,12:55:01,1144,1137,480,1141.15,40,0,320
FINNIFTY02JAN2422500PE.NFO,02/01/2024,12:55:02,1144,1136.2,120,1141.1,960,0,320
FINNIFTY02JAN2422500PE.NFO,02/01/2024,12:55:03,1144,1136.6,40,1141.1,80,0,320
FINNIFTY02JAN2422500PE.NFO,02/01/2024,12:55:05,1144,1137.05,400,1143.2,200,0,320
FINNIFTY02JAN2422500PE.NFO,02/01/2024,12:55:05,1144,1137.4,120,1141.65,40,0,320
FINNIFTY02JAN2422500PE.NFO,02/01/2024,12:55:07,1144,1137.6,120,1142.3,1960,0,320
FINNIFTY02JAN2422500PE.NFO,02/01/2024,12:55:08,1144,1137.9,40,1142.3,40,0,320
FINNIFTY02JAN2422500PE.NFO,02/01/2024,12:55:09,1144,1138.15,160,1143.25,3240,0,320
FINNIFTY02JAN2422500PE.NFO,02/01/2024,12:55:09,1144,1138.2,160,1143.25,3240,0,320
FINNIFTY02JAN2422500PE.NFO,02/01/2024,12:55:10,1144,1138.3,40,1143.25,3040,0,320
FINNIFTY02JAN2422500PE.NFO,02/01/2024,12:55:11,1144,1138.25,40,1142.65,280,0,320
FINNIFTY02JAN2422500PE.NFO,02/01/2024,12:55:12,1144,1138.2,120,1142.35,40,0,320
FINNIFTY02JAN2422500PE.NFO,02/01/2024,12:55:13,1144,1136.8,2680,1142.1,200,0,320
FINNIFTY02JAN2422500PE.NFO,02/01/2024,12:55:14,1144,1137.25,200,1142.25,560,0,320
FINNIFTY02JAN2422500PE.NFO,02/01/2024,12:55:15,1144,1137.65,480,1142.2,80,0,320
FINNIFTY02JAN2422500PE.NFO,02/01/2024,12:55:16,1144,1137.8,160,1143,3200,0,320
FINNIFTY02JAN2422500PE.NFO,02/01/2024,12:55:17,1144,1137.8,120,1143,3200,0,320
FINNIFTY02JAN2422500PE.NFO,02/01/2024,12:55:20,1144,1138,120,1142.9,200,0,320
FINNIFTY02JAN2422500PE.NFO,02/01/2024,12:55:20,1144,1138.05,80,1142.9,200,0,320
FINNIFTY02JAN2422500PE.NFO,02/01/2024,12:55:21,1144,1138.35,120,1142.75,120,0,320
FINNIFTY02JAN2422500PE.NFO,02/01/2024,12:55:22,1144,1137.75,80,1142.5,200,0,320
FINNIFTY02JAN2422500PE.NFO,02/01/2024,12:55:23,1144,1110.1,120,1141.4,40,0,320
FINNIFTY02JAN2422500PE.NFO,02/01/2024,12:55:24,1144,1114.1,120,1141,120,0,320
FINNIFTY02JAN2422500PE.NFO,02/01/2024,12:55:25,1144,1118.1,80,1140.9,40,0,320
FINNIFTY02JAN2422500PE.NFO,02/01/2024,12:55:26,1144,1122,40,1141.15,400,0,320
FINNIFTY02JAN2422500PE.NFO,02/01/2024,12:55:27,1144,1126.6,120,1140.6,200,0,320
FINNIFTY02JAN2422500PE.NFO,02/01/2024,12:55:28,1144,1130.15,40,1139.85,40,0,320
FINNIFTY02JAN2422500PE.NFO,02/01/2024,12:55:30,1144,1134.35,200,1139.5,40,0,320
FINNIFTY02JAN2422500PE.NFO,02/01/2024,12:55:31,1144,1134.9,40,1139.45,320,0,320
FINNIFTY02JAN2422500PE.NFO,02/01/2024,12:55:31,1144,1135.1,40,1139.55,120,0,320
FINNIFTY02JAN2422500PE.NFO,02/01/2024,12:55:32,1144,1135.2,120,1139.55,40,0,320
FINNIFTY02JAN2422500PE.NFO,02/01/2024,12:55:34,1144,1133.45,80,1139.15,40,0,320
FINNIFTY02JAN2422500PE.NFO,02/01/2024,12:55:34,1144,1133.5,2080,1138.75,200,0,320
FINNIFTY02JAN2422500PE.NFO,02/01/2024,12:55:35,1144,1134.05,40,1138.95,360,0,320
FINNIFTY02JAN2422500PE.NFO,02/01/2024,12:55:36,1144,1134.5,280,1139.2,880,0,320
FINNIFTY02JAN2422500PE.NFO,02/01/2024,12:55:37,1144,1134.6,120,1139.1,400,0,320
FINNIFTY02JAN2422500PE.NFO,02/01/2024,12:55:38,1144,1133.6,200,1138.25,40,0,320
FINNIFTY02JAN2422500PE.NFO,02/01/2024,12:55:40,1144,1131.6,200,1137.9,200,0,320
FINNIFTY02JAN2422500PE.NFO,02/01/2024,12:55:40,1144,1132.25,120,1137.85,120,0,320
FINNIFTY02JAN2422500PE.NFO,02/01/2024,12:55:41,1144,1134.3,120,1140.85,2320,0,320
FINNIFTY02JAN2422500PE.NFO,02/01/2024,12:55:42,1144,1133.9,40,1139.15,40,0,320
FINNIFTY02JAN2422500PE.NFO,02/01/2024,12:55:43,1144,1134.7,120,1140.75,1760,0,320
FINNIFTY02JAN2422500PE.NFO,02/01/2024,12:55:45,1144,1135.1,120,1140.15,320,0,320
FINNIFTY02JAN2422500PE.NFO,02/01/2024,12:55:45,1144,1135.2,400,1166.8,1520,0,320
FINNIFTY02JAN2422500PE.NFO,02/01/2024,12:55:46,1144,1135.5,40,1162.05,40,0,320
FINNIFTY02JAN2422500PE.NFO,02/01/2024,12:55:47,1144,1135.4,240,1158.45,200,0,320
FINNIFTY02JAN2422500PE.NFO,02/01/2024,12:55:48,1144,1135.45,80,1153.2,200,0,320
FINNIFTY02JAN2422500PE.NFO,02/01/2024,12:55:50,1144,1135.5,120,1146.3,80,0,320
FINNIFTY02JAN2422500PE.NFO,02/01/2024,12:55:51,1144,1135.5,120,1142.3,40,0,320
FINNIFTY02JAN2422500PE.NFO,02/01/2024,12:55:52,1144,1135.7,120,1140.15,40,0,320
FINNIFTY02JAN2422500PE.NFO,02/01/2024,12:55:52,1144,1135.8,240,1140.95,3080,0,320
FINNIFTY02JAN2422500PE.NFO,02/01/2024,12:55:53,1144,1136,160,1140.95,3080,0,320
FINNIFTY02JAN2422500PE.NFO,02/01/2024,12:55:54,1144,1136.3,120,1140.85,200,0,320
FINNIFTY02JAN2422500PE.NFO,02/01/2024,12:55:55,1144,1136.35,120,1140.85,200,0,320
FINNIFTY02JAN2422500PE.NFO,02/01/2024,12:55:56,1144,1136.3,400,1140.55,40,0,320
FINNIFTY02JAN2422500PE.NFO,02/01/2024,12:55:57,1144,1135.9,240,1140.15,40,0,320
FINNIFTY02JAN2422500PE.NFO,02/01/2024,12:55:58,1144,1136,40,1140.3,240,0,320
FINNIFTY02JAN2422500PE.NFO,02/01/2024,12:56:00,1144,1136,40,1140.9,2480,0,320
FINNIFTY02JAN2422500PE.NFO,02/01/2024,12:56:00,1144,1136.05,40,1140.9,2400,0,320
FINNIFTY02JAN2422500PE.NFO,02/01/2024,12:56:01,1144,1136.05,360,1140.85,240,0,320
FINNIFTY02JAN2422500PE.NFO,02/01/2024,12:56:02,1144,1136.5,240,1142.7,40,0,320
FINNIFTY02JAN2422500PE.NFO,02/01/2024,12:56:03,1144,1136.95,40,1141.4,200,0,320
FINNIFTY02JAN2422500PE.NFO,02/01/2024,12:56:04,1144,1137.1,120,1141.45,200,0,320
FINNIFTY02JAN2422500PE.NFO,02/01/2024,12:56:05,1144,1137.15,120,1141.8,680,0,320
FINNIFTY02JAN2422500PE.NFO,02/01/2024,12:56:06,1144,1137.35,40,1141.9,40,0,320
FINNIFTY02JAN2422500PE.NFO,02/01/2024,12:56:07,1144,1137.6,120,1142.5,200,0,320
FINNIFTY02JAN2422500PE.NFO,02/01/2024,12:56:08,1144,1138,120,1166.65,40,0,320
FINNIFTY02JAN2422500PE.NFO,02/01/2024,12:56:09,1144,1138.35,480,1162,80,0,320
FINNIFTY02JAN2422500PE.NFO,02/01/2024,12:56:10,1144,1138.65,120,1157.75,80,0,320
FINNIFTY02JAN2422500PE.NFO,02/01/2024,12:56:11,1144,1138.6,160,1153.3,40,0,320
FINNIFTY02JAN2422500PE.NFO,02/01/2024,12:56:12,1144,1138.65,160,1148.9,40,0,320
FINNIFTY02JAN2422500PE.NFO,02/01/2024,12:56:13,1144,1138.7,160,1144.8,80,0,320
FINNIFTY02JAN2422500PE.NFO,02/01/2024,12:56:14,1144,1138.7,240,1143.35,40,0,320
FINNIFTY02JAN2422500PE.NFO,02/01/2024,12:56:16,1144,1138.9,40,1143.7,200,0,320
FINNIFTY02JAN2422500PE.NFO,02/01/2024,12:56:18,1144,1139,120,1143.15,200,0,320
FINNIFTY02JAN2422500PE.NFO,02/01/2024,12:56:18,1144,1138.75,640,1143,200,0,320
FINNIFTY02JAN2422500PE.NFO,02/01/2024,12:56:19,1144,1138.8,120,1143.3,840,0,320
FINNIFTY02JAN2422500PE.NFO,02/01/2024,12:56:20,1144,1138.7,400,1143.05,200,0,320
FINNIFTY02JAN2422500PE.NFO,02/01/2024,12:56:21,1144,1137.75,360,1142.2,40,0,320
FINNIFTY02JAN2422500PE.NFO,02/01/2024,12:56:22,1144,1137.8,120,1142.35,200,0,320
FINNIFTY02JAN2422500PE.NFO,02/01/2024,12:56:23,1144,1138.15,80,1142.85,120,0,320
FINNIFTY02JAN2422500PE.NFO,02/01/2024,12:56:24,1144,1138.25,80,1142.7,200,0,320
FINNIFTY02JAN2422500PE.NFO,02/01/2024,12:56:25,1144,1138.1,240,1142.5,200,0,320
FINNIFTY02JAN2422500PE.NFO,02/01/2024,12:56:26,1144,1138.15,40,1142.65,40,0,320
FINNIFTY02JAN2422500PE.NFO,02/01/2024,12:56:27,1144,1138.35,40,1142.8,240,0,320
FINNIFTY02JAN2422500PE.NFO,02/01/2024,12:56:29,1144,1138.55,120,1142.75,360,0,320
FINNIFTY02JAN2422500PE.NFO,02/01/2024,12:56:29,1144,1138.55,120,1142.75,40,0,320
FINNIFTY02JAN2422500PE.NFO,02/01/2024,12:56:31,1144,1138.55,240,1142.7,200,0,320
FINNIFTY02JAN2422500PE.NFO,02/01/2024,12:56:31,1144,1138.55,240,1142.75,40,0,320
FINNIFTY02JAN2422500PE.NFO,02/01/2024,12:56:32,1144,1138.7,120,1142.95,40,0,320
FINNIFTY02JAN2422500PE.NFO,02/01/2024,12:56:33,1144,1138.65,120,1142.85,120,0,320
FINNIFTY02JAN2422500PE.NFO,02/01/2024,12:56:34,1144,1138.6,240,1142.8,40,0,320
FINNIFTY02JAN2422500PE.NFO,02/01/2024,12:56:35,1144,1138.6,240,1142.85,200,0,320
FINNIFTY02JAN2422500PE.NFO,02/01/2024,12:56:36,1144,1138.7,80,1144.5,3520,0,320
FINNIFTY02JAN2422500PE.NFO,02/01/2024,12:56:37,1144,1138.65,160,1144.5,3480,0,320
FINNIFTY02JAN2422500PE.NFO,02/01/2024,12:56:38,1144,1138.85,40,1144.1,2320,0,320
FINNIFTY02JAN2422500PE.NFO,02/01/2024,12:56:39,1144,1139.25,120,1143.75,40,0,320
FINNIFTY02JAN2422500PE.NFO,02/01/2024,12:56:40,1144,1139.45,120,1144.1,200,0,320
FINNIFTY02JAN2422500PE.NFO,02/01/2024,12:56:41,1144,1139.65,120,1144.05,200,0,320
FINNIFTY02JAN2422500PE.NFO,02/01/2024,12:56:42,1144,1139.55,160,1144.25,40,0,320
FINNIFTY02JAN2422500PE.NFO,02/01/2024,12:56:43,1144,1139.7,40,1144.25,40,0,320
FINNIFTY02JAN2422500PE.NFO,02/01/2024,12:56:44,1144,1139.75,120,1161.85,120,0,320
FINNIFTY02JAN2422500PE.NFO,02/01/2024,12:56:45,1144,1139.85,120,1156.45,80,0,320
FINNIFTY02JAN2422500PE.NFO,02/01/2024,12:56:46,1144,1139.55,40,1151.75,120,0,320
FINNIFTY02JAN2422500PE.NFO,02/01/2024,12:56:47,1144,1139.55,120,1146.9,80,0,320
FINNIFTY02JAN2422500PE.NFO,02/01/2024,12:56:48,1144,1139.8,160,1144.75,120,0,320
FINNIFTY02JAN2422500PE.NFO,02/01/2024,12:56:49,1144,1139.6,240,1144.3,280,0,320
FINNIFTY02JAN2422500PE.NFO,02/01/2024,12:56:50,1144,1139.7,480,1144.65,480,0,320
FINNIFTY02JAN2422500PE.NFO,02/01/2024,12:56:51,1144,1140.05,120,1145.8,3120,0,320
FINNIFTY02JAN2422500PE.NFO,02/01/2024,12:56:52,1144,1140.6,80,1166.6,200,0,320
FINNIFTY02JAN2422500PE.NFO,02/01/2024,12:56:53,1144,1140.85,160,1161.35,80,0,320
FINNIFTY02JAN2422500PE.NFO,02/01/2024,12:56:54,1144,1141,80,1157.4,80,0,320
FINNIFTY02JAN2422500PE.NFO,02/01/2024,12:56:55,1144,1140.95,40,1153.7,120,0,320
FINNIFTY02JAN2422500PE.NFO,02/01/2024,12:56:57,1144,1141.1,40,1147.9,40,0,320
FINNIFTY02JAN2422500PE.NFO,02/01/2024,12:56:57,1144,1140.95,40,1146.5,120,0,320
FINNIFTY02JAN2422500PE.NFO,02/01/2024,12:56:58,1144,1141.05,40,1145.45,40,0,320
FINNIFTY02JAN2422500PE.NFO,02/01/2024,12:56:59,1144,1139.95,200,1144.85,200,0,320
FINNIFTY02JAN2422500PE.NFO,02/01/2024,12:57:00,1144,1140.65,240,1145.35,240,0,320
FINNIFTY02JAN2422500PE.NFO,02/01/2024,12:57:01,1144,1140.75,120,1145.2,360,0,320
FINNIFTY02JAN2422500PE.NFO,02/01/2024,12:57:02,1144,1140.45,360,1145.15,40,0,320
FINNIFTY02JAN2422500PE.NFO,02/01/2024,12:57:03,1144,1140.45,240,1144.85,480,0,320
FINNIFTY02JAN2422500PE.NFO,02/01/2024,12:57:04,1144,1140.5,120,1145.05,1560,0,320
FINNIFTY02JAN2422500PE.NFO,02/01/2024,12:57:05,1144,1140.45,80,1144.65,40,0,320
FINNIFTY02JAN2422500PE.NFO,02/01/2024,12:57:06,1144,1140.45,440,1144.9,40,0,320
FINNIFTY02JAN2422500PE.NFO,02/01/2024,12:57:07,1144,1140.45,360,1144.7,200,0,320
FINNIFTY02JAN2422500PE.NFO,02/01/2024,12:57:08,1144,1140.5,360,1145,400,0,320
FINNIFTY02JAN2422500PE.NFO,02/01/2024,12:57:09,1144,1140.55,200,1144.8,40,0,320
FINNIFTY02JAN2422500PE.NFO,02/01/2024,12:57:10,1144,1140.35,160,1144.5,200,0,320
FINNIFTY02JAN2422500PE.NFO,02/01/2024,12:57:11,1144,1139.9,1120,1144.6,800,0,320
FINNIFTY02JAN2422500PE.NFO,02/01/2024,12:57:12,1144,1139.95,200,1144.4,40,0,320
FINNIFTY02JAN2422500PE.NFO,02/01/2024,12:57:13,1144,1140.2,40,1145.8,80,0,320
FINNIFTY02JAN2422500PE.NFO,02/01/2024,12:57:14,1144,1140.3,120,1144.7,200,0,320
FINNIFTY02JAN2422500PE.NFO,02/01/2024,12:57:15,1144,1140.45,120,1145.05,40,0,320
FINNIFTY02JAN2422500PE.NFO,02/01/2024,12:57:16,1144,1140.9,160,1145.55,200,0,320
FINNIFTY02JAN2422500PE.NFO,02/01/2024,12:57:17,1144,1141.2,120,1145.65,120,0,320
FINNIFTY02JAN2422500PE.NFO,02/01/2024,12:57:18,1144,1141.55,40,1146.65,200,0,320
FINNIFTY02JAN2422500PE.NFO,02/01/2024,12:57:19,1144,1141.85,120,1146.65,200,0,320
FINNIFTY02JAN2422500PE.NFO,02/01/2024,12:57:20,1144,1141.55,160,1145.7,40,0,320
FINNIFTY02JAN2422500PE.NFO,02/01/2024,12:57:21,1144,1140.65,80,1145.75,40,0,320
FINNIFTY02JAN2422500PE.NFO,02/01/2024,12:57:22,1144,1141.35,120,1146.4,200,0,320
FINNIFTY02JAN2422500PE.NFO,02/01/2024,12:57:23,1144,1141.15,280,1145.5,200,0,320
FINNIFTY02JAN2422500PE.NFO,02/01/2024,12:57:24,1144,1140.65,1240,1145.25,120,0,320
FINNIFTY02JAN2422500PE.NFO,02/01/2024,12:57:25,1144,1140.85,120,1145.65,600,0,320
FINNIFTY02JAN2422500PE.NFO,02/01/2024,12:57:26,1144,1141.05,120,1145.85,200,0,320
FINNIFTY02JAN2422500PE.NFO,02/01/2024,12:57:27,1144,1141.05,120,1145.35,200,0,320
FINNIFTY02JAN2422500PE.NFO,02/01/2024,12:57:29,1144,1140.7,280,1145.05,40,0,320
FINNIFTY02JAN2422500PE.NFO,02/01/2024,12:57:29,1144,1140.8,240,1145.35,40,0,320
FINNIFTY02JAN2422500PE.NFO,02/01/2024,12:57:30,1144,1140.9,120,1145.7,120,0,320
FINNIFTY02JAN2422500PE.NFO,02/01/2024,12:57:31,1144,1141.2,160,1145.65,200,0,320
FINNIFTY02JAN2422500PE.NFO,02/01/2024,12:57:32,1144,1141.5,80,1145.7,40,0,320
FINNIFTY02JAN2422500PE.NFO,02/01/2024,12:57:33,1144,1141.55,600,1145.95,200,0,320
FINNIFTY02JAN2422500PE.NFO,02/01/2024,12:57:34,1144,1141.65,120,1146.25,400,0,320
FINNIFTY02JAN2422500PE.NFO,02/01/2024,12:57:35,1144,1141.9,160,1164.85,40,0,320
FINNIFTY02JAN2422500PE.NFO,02/01/2024,12:57:36,1144,1142.05,120,1159.6,80,0,320
FINNIFTY02JAN2422500PE.NFO,02/01/2024,12:57:37,1144,1141.7,40,1155.2,80,0,320
FINNIFTY02JAN2422500PE.NFO,02/01/2024,12:57:38,1144,1141.75,200,1150.4,120,0,320
FINNIFTY02JAN2422500PE.NFO,02/01/2024,12:57:39,1144,1141.7,40,1146.4,120,0,320
FINNIFTY02JAN2422500PE.NFO,02/01/2024,12:57:40,1144,1141.85,160,1147.1,200,0,320
FINNIFTY02JAN2422500PE.NFO,02/01/2024,12:57:41,1144,1142.15,120,1146.7,200,0,320
FINNIFTY02JAN2422500PE.NFO,02/01/2024,12:57:42,1144,1142.3,160,1146.4,40,0,320
FINNIFTY02JAN2422500PE.NFO,02/01/2024,12:57:43,1144,1141.95,120,1146.45,200,0,320
FINNIFTY02JAN2422500PE.NFO,02/01/2024,12:57:44,1144,1141.95,240,1146.05,40,0,320
FINNIFTY02JAN2422500PE.NFO,02/01/2024,12:57:45,1144,1141.6,520,1146.15,200,0,320
FINNIFTY02JAN2422500PE.NFO,02/01/2024,12:57:46,1144,1141.7,40,1146.2,200,0,320
FINNIFTY02JAN2422500PE.NFO,02/01/2024,12:57:47,1144,1141.85,40,1146.25,200,0,320
FINNIFTY02JAN2422500PE.NFO,02/01/2024,12:57:49,1144,1141.8,120,1146.05,200,0,320
FINNIFTY02JAN2422500PE.NFO,02/01/2024,12:57:50,1144,1139.75,40,1145.05,320,0,320
FINNIFTY02JAN2422500PE.NFO,02/01/2024,12:57:51,1144,1140.2,80,1144.5,40,0,320
FINNIFTY02JAN2422500PE.NFO,02/01/2024,12:57:52,1144,1140.2,80,1144.65,200,0,320
FINNIFTY02JAN2422500PE.NFO,02/01/2024,12:57:53,1144,1140.2,160,1144.75,160,0,320
FINNIFTY02JAN2422500PE.NFO,02/01/2024,12:57:53,1144,1140.45,80,1144.8,200,0,320
FINNIFTY02JAN2422500PE.NFO,02/01/2024,12:57:54,1144,1140.6,80,1144.7,40,0,320
FINNIFTY02JAN2422500PE.NFO,02/01/2024,12:57:55,1144,1140.75,120,1145.6,520,0,320
FINNIFTY02JAN2422500PE.NFO,02/01/2024,12:57:56,1144,1140.8,280,1145.6,520,0,320
FINNIFTY02JAN2422500PE.NFO,02/01/2024,12:57:57,1144,1140.95,120,1145.5,200,0,320
FINNIFTY02JAN2422500PE.NFO,02/01/2024,12:57:58,1144,1140.95,120,1145.55,400,0,320
FINNIFTY02JAN2422500PE.NFO,02/01/2024,12:57:59,1144,1140.95,120,1145.35,40,0,320
FINNIFTY02JAN2422500PE.NFO,02/01/2024,12:58:00,1144,1141.15,120,1165.75,40,0,320
FINNIFTY02JAN2422500PE.NFO,02/01/2024,12:58:01,1144,1140.9,160,1160.2,120,0,320
FINNIFTY02JAN2422500PE.NFO,02/01/2024,12:58:02,1144,1141.05,120,1155.7,80,0,320
FINNIFTY02JAN2422500PE.NFO,02/01/2024,12:58:03,1144,1141.1,120,1151.15,80,0,320
FINNIFTY02JAN2422500PE.NFO,02/01/2024,12:58:04,1144,1141.15,360,1147.05,80,0,320
FINNIFTY02JAN2422500PE.NFO,02/01/2024,12:58:05,1144,1141.35,40,1146.25,320,0,320
FINNIFTY02JAN2422500PE.NFO,02/01/2024,12:58:06,1144,1141.7,120,1146,200,0,320
FINNIFTY02JAN2422500PE.NFO,02/01/2024,12:58:07,1144,1141.55,280,1145.8,200,0,320
FINNIFTY02JAN2422500PE.NFO,02/01/2024,12:58:08,1144,1141.6,240,1145.85,200,0,320
FINNIFTY02JAN2422500PE.NFO,02/01/2024,12:58:10,1144,1141.6,80,1145.9,40,0,320
FINNIFTY02JAN2422500PE.NFO,02/01/2024,12:58:11,1144,1141.75,120,1146.15,200,0,320
FINNIFTY02JAN2422500PE.NFO,02/01/2024,12:58:12,1144,1141.5,160,1145.65,40,0,320
FINNIFTY02JAN2422500PE.NFO,02/01/2024,12:58:13,1144,1141.5,160,1146,400,0,320
FINNIFTY02JAN2422500PE.NFO,02/01/2024,12:58:14,1144,1141.5,160,1145.65,200,0,320
FINNIFTY02JAN2422500PE.NFO,02/01/2024,12:58:15,1144,1141,120,1145.2,200,0,320
FINNIFTY02JAN2422500PE.NFO,02/01/2024,12:58:16,1144,1141,120,1145.55,1240,0,320
FINNIFTY02JAN2422500PE.NFO,02/01/2024,12:58:17,1144,1141,120,1145.15,200,0,320
FINNIFTY02JAN2422500PE.NFO,02/01/2024,12:58:18,1144,1141.05,240,1145.3,200,0,320
FINNIFTY02JAN2422500PE.NFO,02/01/2024,12:58:19,1144,1141.05,120,1145.35,40,0,320
FINNIFTY02JAN2422500PE.NFO,02/01/2024,12:58:20,1144,1141.1,120,1146.65,3080,0,320
FINNIFTY02JAN2422500PE.NFO,02/01/2024,12:58:21,1144,1141.3,40,1145.6,80,0,320
FINNIFTY02JAN2422500PE.NFO,02/01/2024,12:58:22,1144,1141.3,200,1146.35,2720,0,320
FINNIFTY02JAN2422500PE.NFO,02/01/2024,12:58:23,1144,1141.5,120,1146.35,2400,0,320
FINNIFTY02JAN2422500PE.NFO,02/01/2024,12:58:24,1144,1141.55,40,1146.35,2400,0,320
FINNIFTY02JAN2422500PE.NFO,02/01/2024,12:58:25,1144,1141.95,120,1146.35,960,0,320
FINNIFTY02JAN2422500PE.NFO,02/01/2024,12:58:26,1144,1142.15,120,1165.4,120,0,320
FINNIFTY02JAN2422500PE.NFO,02/01/2024,12:58:27,1144,1142.15,200,1160.8,80,0,320
FINNIFTY02JAN2422500PE.NFO,02/01/2024,12:58:28,1144,1142.1,160,1156.65,120,0,320
FINNIFTY02JAN2422500PE.NFO,02/01/2024,12:58:29,1144,1132.15,80,1152.05,80,0,320
FINNIFTY02JAN2422500PE.NFO,02/01/2024,12:58:30,1144,1135.45,120,1149.25,120,0,320
FINNIFTY02JAN2422500PE.NFO,02/01/2024,12:58:31,1144,1138.65,80,1146.55,80,0,320
FINNIFTY02JAN2422500PE.NFO,02/01/2024,12:58:32,1144,1141.2,120,1146.15,240,0,320
FINNIFTY02JAN2422500PE.NFO,02/01/2024,12:58:33,1144,1141.65,120,1146.4,360,0,320
FINNIFTY02JAN2422500PE.NFO,02/01/2024,12:58:34,1144,1141.65,120,1146,40,0,320
FINNIFTY02JAN2422500PE.NFO,02/01/2024,12:58:36,1144,1141.35,280,1145.75,200,0,320
FINNIFTY02JAN2422500PE.NFO,02/01/2024,12:58:37,1144,1141.3,160,1145.35,200,0,320
FINNIFTY02JAN2422500PE.NFO,02/01/2024,12:58:38,1144,1141.4,80,1146.25,200,0,320
FINNIFTY02JAN2422500PE.NFO,02/01/2024,12:58:39,1144,1141.65,40,1146.2,200,0,320
FINNIFTY02JAN2422500PE.NFO,02/01/2024,12:58:40,1144,1141.9,360,1146.95,2960,0,320
FINNIFTY02JAN2422500PE.NFO,02/01/2024,12:58:41,1144,1142.2,120,1146.8,200,0,320
FINNIFTY02JAN2422500PE.NFO,02/01/2024,12:58:42,1144,1142.15,80,1146.8,1760,0,320
FINNIFTY02JAN2422500PE.NFO,02/01/2024,12:58:43,1144,1141.95,160,1146.05,200,0,320
FINNIFTY02JAN2422500PE.NFO,02/01/2024,12:58:44,1144,1141.55,360,1145.75,200,0,320
FINNIFTY02JAN2422500PE.NFO,02/01/2024,12:58:45,1144,1141.7,120,1146.45,200,0,320
FINNIFTY02JAN2422500PE.NFO,02/01/2024,12:58:46,1144,1142,120,1146.65,200,0,320
FINNIFTY02JAN2422500PE.NFO,02/01/2024,12:58:47,1144,1142.4,120,1148.35,1200,0,320
FINNIFTY02JAN2422500PE.NFO,02/01/2024,12:58:48,1144,1142.7,40,1148.35,1200,0,320
FINNIFTY02JAN2422500PE.NFO,02/01/2024,12:58:49,1144,1143,120,1148.35,1280,0,320
FINNIFTY02JAN2422500PE.NFO,02/01/2024,12:58:50,1144,1143,120,1148.35,1200,0,320
FINNIFTY02JAN2422500PE.NFO,02/01/2024,12:58:51,1144,1142.6,200,1148.35,1200,0,320
FINNIFTY02JAN2422500PE.NFO,02/01/2024,12:58:52,1144,1142.45,80,1148.35,1200,0,320
FINNIFTY02JAN2422500PE.NFO,02/01/2024,12:58:54,1144,1142.65,40,1148.35,1200,0,320
FINNIFTY02JAN2422500PE.NFO,02/01/2024,12:58:56,1144,1142.5,160,1148.35,1200,0,320
FINNIFTY02JAN2422500PE.NFO,02/01/2024,12:58:57,1144,1141.95,120,1148.35,1200,0,320
FINNIFTY02JAN2422500PE.NFO,02/01/2024,12:58:58,1144,1142.2,80,1148.35,1200,0,320
FINNIFTY02JAN2422500PE.NFO,02/01/2024,12:58:59,1144,1142.5,40,1148.35,1200,0,320
FINNIFTY02JAN2422500PE.NFO,02/01/2024,12:59:00,1144,1142.8,120,1147.35,40,0,320
FINNIFTY02JAN2422500PE.NFO,02/01/2024,12:59:01,1144,1142.85,200,1147.5,120,0,320
FINNIFTY02JAN2422500PE.NFO,02/01/2024,12:59:02,1144,1143.2,120,1147.5,200,0,320
FINNIFTY02JAN2422500PE.NFO,02/01/2024,12:59:03,1144,1142.75,240,1147.05,200,0,320
FINNIFTY02JAN2422500PE.NFO,02/01/2024,12:59:04,1144,1141.75,360,1146.55,200,0,320
FINNIFTY02JAN2422500PE.NFO,02/01/2024,12:59:05,1144,1141.8,640,1147.25,360,0,320
FINNIFTY02JAN2422500PE.NFO,02/01/2024,12:59:06,1144,1142.7,360,1147.2,40,0,320
FINNIFTY02JAN2422500PE.NFO,02/01/2024,12:59:07,1144,1142.9,160,1147.2,40,0,320
FINNIFTY02JAN2422500PE.NFO,02/01/2024,12:59:08,1144,1143,120,1147.2,40,0,320
FINNIFTY02JAN2422500PE.NFO,02/01/2024,12:59:09,1144,1142.9,160,1147.2,40,0,320
FINNIFTY02JAN2422500PE.NFO,02/01/2024,12:59:10,1144,1142.55,160,1146.65,120,0,320
FINNIFTY02JAN2422500PE.NFO,02/01/2024,12:59:11,1144,1141.9,40,1146.45,480,0,320
FINNIFTY02JAN2422500PE.NFO,02/01/2024,12:59:12,1144,1141.95,120,1146.2,120,0,320
FINNIFTY02JAN2422500PE.NFO,02/01/2024,12:59:13,1144,1141.8,240,1145.85,40,0,320
FINNIFTY02JAN2422500PE.NFO,02/01/2024,12:59:14,1144,1141.85,200,1146.1,120,0,320
FINNIFTY02JAN2422500PE.NFO,02/01/2024,12:59:15,1144,1142,120,1146.1,40,0,320
FINNIFTY02JAN2422500PE.NFO,02/01/2024,12:59:16,1144,1141.85,120,1145.9,200,0,320
FINNIFTY02JAN2422500PE.NFO,02/01/2024,12:59:17,1144,1140.8,1880,1145.7,200,0,320
FINNIFTY02JAN2422500PE.NFO,02/01/2024,12:59:18,1144,1140.85,80,1145.65,480,0,320
FINNIFTY02JAN2422500PE.NFO,02/01/2024,12:59:19,1144,1141,120,1145.45,240,0,320
FINNIFTY02JAN2422500PE.NFO,02/01/2024,12:59:20,1144,1141.05,40,1145.4,200,0,320
FINNIFTY02JAN2422500PE.NFO,02/01/2024,12:59:21,1144,1141,120,1145.25,560,0,320
FINNIFTY02JAN2422500PE.NFO,02/01/2024,12:59:22,1144,1141.1,80,1145.65,200,0,320
FINNIFTY02JAN2422500PE.NFO,02/01/2024,12:59:23,1144,1140.85,280,1145.45,520,0,320
FINNIFTY02JAN2422500PE.NFO,02/01/2024,12:59:24,1144,1140.9,160,1145.55,120,0,320
FINNIFTY02JAN2422500PE.NFO,02/01/2024,12:59:25,1144,1141.15,120,1145.8,200,0,320
FINNIFTY02JAN2422500PE.NFO,02/01/2024,12:59:26,1144,1141.35,80,1145.7,40,0,320
FINNIFTY02JAN2422500PE.NFO,02/01/2024,12:59:27,1144,1141.55,40,1146.65,200,0,320
FINNIFTY02JAN2422500PE.NFO,02/01/2024,12:59:28,1144,1141.9,120,1146.65,200,0,320
FINNIFTY02JAN2422500PE.NFO,02/01/2024,12:59:29,1144,1141.95,40,1146.65,200,0,320
FINNIFTY02JAN2422500PE.NFO,02/01/2024,12:59:32,1144,1142.15,120,1146.5,40,0,320
FINNIFTY02JAN2422500PE.NFO,02/01/2024,12:59:41,1144,1127.7,120,1146.45,80,0,320
FINNIFTY02JAN2422500PE.NFO,02/01/2024,12:59:50,1144,1141.45,40,1146.1,200,0,320
FINNIFTY02JAN2422500PE.NFO,02/01/2024,12:59:58,1144,1142.15,120,1146.5,200,0,320
FINNIFTY02JAN2422500PE.NFO,02/01/2024,13:00:07,1144,1141.55,240,1145.7,200,0,320
FINNIFTY02JAN2422500PE.NFO,02/01/2024,13:00:16,1144,1141.55,40,1146.1,200,0,320
FINNIFTY02JAN2422500PE.NFO,02/01/2024,13:00:24,1144,1141.5,120,1145.55,40,0,320
FINNIFTY02JAN2422500PE.NFO,02/01/2024,13:00:33,1144,1141.6,120,1145.8,120,0,320
FINNIFTY02JAN2422500PE.NFO,02/01/2024,13:00:41,1144,1139.95,40,1144.45,40,0,320
FINNIFTY02JAN2422500PE.NFO,02/01/2024,13:00:50,1144,1141.15,120,1147,3440,0,320
FINNIFTY02JAN2422500PE.NFO,02/01/2024,13:00:58,1144,1141.35,160,1145.6,200,0,320
FINNIFTY02JAN2422500PE.NFO,02/01/2024,13:01:07,1144,1140.15,1640,1144.85,200,0,320
FINNIFTY02JAN2422500PE.NFO,02/01/2024,13:01:15,1144,1141.55,120,1146,200,0,320
FINNIFTY02JAN2422500PE.NFO,02/01/2024,13:01:24,1144,1141.95,320,1146.4,200,0,320
FINNIFTY02JAN2422500PE.NFO,02/01/2024,13:01:33,1144,1142.2,1040,1166.15,120,0,320
FINNIFTY02JAN2422500PE.NFO,02/01/2024,13:01:42,1144,1147.2,240,1155.9,80,0,320
FINNIFTY02JAN2422500PE.NFO,02/01/2024,13:01:51,1144,1148.1,40,1155.6,40,0,320
FINNIFTY02JAN2422500PE.NFO,02/01/2024,13:02:00,1144,1147.55,200,1152.75,120,0,320
FINNIFTY02JAN2422500PE.NFO,02/01/2024,13:02:09,1144,1145.45,200,1151.6,1840,0,320
FINNIFTY02JAN2422500PE.NFO,02/01/2024,13:02:18,1144,1147.55,40,1166.2,120,0,320
FINNIFTY02JAN2422500PE.NFO,02/01/2024,13:02:28,1144,1145.75,120,1150.15,200,0,320
FINNIFTY02JAN2422500PE.NFO,02/01/2024,13:02:30,1144,1145.95,120,1151.1,40,0,320
FINNIFTY02JAN2422500PE.NFO,02/01/2024,13:02:32,1144,1146.1,120,1151.4,200,0,320
FINNIFTY02JAN2422500PE.NFO,02/01/2024,13:02:33,1144,1146.45,120,1151.35,560,0,320
FINNIFTY02JAN2422500PE.NFO,02/01/2024,13:02:34,1144,1146.95,80,1182.8,240,0,320
FINNIFTY02JAN2422500PE.NFO,02/01/2024,13:02:35,1144,1147.3,120,1176.6,80,0,320
FINNIFTY02JAN2422500PE.NFO,02/01/2024,13:02:35,1144,1147.55,80,1176.05,80,0,320
FINNIFTY02JAN2422500PE.NFO,02/01/2024,13:02:36,1144,1148,120,1173.2,40,0,320
FINNIFTY02JAN2422500PE.NFO,02/01/2024,13:02:37,1144,1148.35,80,1170.6,200,0,320
FINNIFTY02JAN2422500PE.NFO,02/01/2024,13:02:38,1144,1148.75,40,1167.6,40,0,320
FINNIFTY02JAN2422500PE.NFO,02/01/2024,13:02:40,1144,1149.55,120,1165.1,120,0,320
FINNIFTY02JAN2422500PE.NFO,02/01/2024,13:02:41,1144,1150.55,240,1163.45,40,0,320
FINNIFTY02JAN2422500PE.NFO,02/01/2024,13:02:42,1144,1149.65,120,1160.9,120,0,320
FINNIFTY02JAN2422500PE.NFO,02/01/2024,13:02:43,1144,1150.55,80,1157.9,200,0,320
FINNIFTY02JAN2422500PE.NFO,02/01/2024,13:02:44,1144,1150.7,240,1155.9,320,0,320
FINNIFTY02JAN2422500PE.NFO,02/01/2024,13:02:45,1144,1149.95,40,1155.05,120,0,320
FINNIFTY02JAN2422500PE.NFO,02/01/2024,13:02:46,1144,1150.2,400,1154.95,320,0,320
FINNIFTY02JAN2422500PE.NFO,02/01/2024,13:02:47,1144,1150,280,1154.85,200,0,320
FINNIFTY02JAN2422500PE.NFO,02/01/2024,13:02:48,1144,1149.05,360,1153.85,40,0,320
FINNIFTY02JAN2422500PE.NFO,02/01/2024,13:02:49,1144,1149.05,240,1153.8,40,0,320
FINNIFTY02JAN2422500PE.NFO,02/01/2024,13:02:50,1144,1110.05,40,1153.65,40,0,320
FINNIFTY02JAN2422500PE.NFO,02/01/2024,13:02:51,1144,1113.2,120,1153.1,200,0,320
FINNIFTY02JAN2422500PE.NFO,02/01/2024,13:02:52,1144,1115.55,40,1152.15,40,0,320
FINNIFTY02JAN2422500PE.NFO,02/01/2024,13:02:53,1144,1117.25,200,1152.1,320,0,320
FINNIFTY02JAN2422500PE.NFO,02/01/2024,13:02:54,1144,1120.4,40,1152.25,80,0,320
FINNIFTY02JAN2422500PE.NFO,02/01/2024,13:02:55,1144,1122.85,40,1182.95,40,0,320
FINNIFTY02JAN2422500PE.NFO,02/01/2024,13:02:56,1144,1125.75,40,1180.75,80,0,320
FINNIFTY02JAN2422500PE.NFO,02/01/2024,13:02:57,1144,1128.45,40,1178.55,40,0,320
FINNIFTY02JAN2422500PE.NFO,02/01/2024,13:02:58,1144,1131.65,80,1175.8,80,0,320
FINNIFTY02JAN2422500PE.NFO,02/01/2024,13:02:59,1144,1134.05,120,1173.8,120,0,320
FINNIFTY02JAN2422500PE.NFO,02/01/2024,13:03:00,1144,1136.65,40,1171.3,120,0,320
FINNIFTY02JAN2422500PE.NFO,02/01/2024,13:03:01,1144,1138.75,80,1169.55,80,0,320
FINNIFTY02JAN2422500PE.NFO,02/01/2024,13:03:02,1144,1141.15,120,1166.5,120,0,320
FINNIFTY02JAN2422500PE.NFO,02/01/2024,13:03:03,1144,1144.15,120,1163.95,120,0,320
FINNIFTY02JAN2422500PE.NFO,02/01/2024,13:03:03,1144,1144.5,40,1163.75,80,0,320
FINNIFTY02JAN2422500PE.NFO,02/01/2024,13:03:04,1144,1147,160,1161.9,40,0,320
FINNIFTY02JAN2422500PE.NFO,02/01/2024,13:03:05,1144,1148,40,1159.05,120,0,320
FINNIFTY02JAN2422500PE.NFO,02/01/2024,13:03:06,1144,1148.1,120,1155.35,80,0,320
FINNIFTY02JAN2422500PE.NFO,02/01/2024,13:03:08,1144,1148,120,1152.95,200,0,320
FINNIFTY02JAN2422500PE.NFO,02/01/2024,13:03:09,1144,1147,120,1152.05,200,0,320
FINNIFTY02JAN2422500PE.NFO,02/01/2024,13:03:10,1144,1146.35,320,1151,200,0,320
FINNIFTY02JAN2422500PE.NFO,02/01/2024,13:03:11,1144,1146.4,280,1151.05,360,0,320
FINNIFTY02JAN2422500PE.NFO,02/01/2024,13:03:12,1144,1146.55,120,1151.4,200,0,320
FINNIFTY02JAN2422500PE.NFO,02/01/2024,13:03:13,1144,1146.9,120,1151.9,200,0,320
FINNIFTY02JAN2422500PE.NFO,02/01/2024,13:03:14,1144,1147.35,120,1151.85,40,0,320
FINNIFTY02JAN2422500PE.NFO,02/01/2024,13:03:15,1144,1147.35,120,1151.6,40,0,320
FINNIFTY02JAN2422500PE.NFO,02/01/2024,13:03:16,1144,1147.1,160,1151.35,200,0,320
FINNIFTY02JAN2422500PE.NFO,02/01/2024,13:03:17,1144,1145.8,200,1151.3,40,0,320
FINNIFTY02JAN2422500PE.NFO,02/01/2024,13:03:18,1144,1146.65,40,1151.15,200,0,320
FINNIFTY02JAN2422500PE.NFO,02/01/2024,13:03:19,1144,1146.95,120,1151.45,200,0,320
FINNIFTY02JAN2422500PE.NFO,02/01/2024,13:03:20,1144,1146.95,360,1151.45,560,0,320
FINNIFTY02JAN2422500PE.NFO,02/01/2024,13:03:20,1144,1147,40,1151.65,160,0,320
FINNIFTY02JAN2422500PE.NFO,02/01/2024,13:03:21,1144,1147.1,40,1151.6,40,0,320
FINNIFTY02JAN2422500PE.NFO,02/01/2024,13:03:23,1144,1147.25,360,1152.05,880,0,320
FINNIFTY02JAN2422500PE.NFO,02/01/2024,13:03:24,1144,1146.95,240,1151.1,40,0,320
FINNIFTY02JAN2422500PE.NFO,02/01/2024,13:03:25,1144,1146.4,80,1151.9,360,0,320
FINNIFTY02JAN2422500PE.NFO,02/01/2024,13:03:26,1144,1146.9,640,1151.6,200,0,320
FINNIFTY02JAN2422500PE.NFO,02/01/2024,13:03:27,1144,1147.4,200,1184.2,40,0,320
FINNIFTY02JAN2422500PE.NFO,02/01/2024,13:03:27,1144,1147.55,80,1183.9,120,0,320
FINNIFTY02JAN2422500PE.NFO,02/01/2024,13:03:29,1144,1147.8,120,1176.15,40,0,320
FINNIFTY02JAN2422500PE.NFO,02/01/2024,13:03:30,1144,1148.1,120,1172.6,80,0,320
FINNIFTY02JAN2422500PE.NFO,02/01/2024,13:03:31,1144,1148.65,80,1169.4,80,0,320
FINNIFTY02JAN2422500PE.NFO,02/01/2024,13:03:32,1144,1148.9,80,1166.6,80,0,320
FINNIFTY02JAN2422500PE.NFO,02/01/2024,13:03:33,1144,1149.15,40,1163.05,200,0,320
FINNIFTY02JAN2422500PE.NFO,02/01/2024,13:03:34,1144,1149.95,80,1161.45,80,0,320
FINNIFTY02JAN2422500PE.NFO,02/01/2024,13:03:35,1144,1150.35,120,1159.55,80,0,320
FINNIFTY02JAN2422500PE.NFO,02/01/2024,13:03:36,1144,1149.6,40,1157.95,80,0,320
FINNIFTY02JAN2422500PE.NFO,02/01/2024,13:03:37,1144,1149.6,120,1155.65,80,0,320
FINNIFTY02JAN2422500PE.NFO,02/01/2024,13:03:38,1144,1149.8,120,1154.9,40,0,320
FINNIFTY02JAN2422500PE.NFO,02/01/2024,13:03:39,1144,1150.35,80,1155.5,160,0,320
FINNIFTY02JAN2422500PE.NFO,02/01/2024,13:03:40,1144,1150.3,360,1154.75,40,0,320
FINNIFTY02JAN2422500PE.NFO,02/01/2024,13:03:41,1144,1142.15,40,1153.9,40,0,320
FINNIFTY02JAN2422500PE.NFO,02/01/2024,13:03:42,1144,1144.45,80,1155.4,960,0,320
FINNIFTY02JAN2422500PE.NFO,02/01/2024,13:03:43,1144,1146.25,200,1184.15,40,0,320
FINNIFTY02JAN2422500PE.NFO,02/01/2024,13:03:44,1144,1146.6,80,1183.85,80,0,320
FINNIFTY02JAN2422500PE.NFO,02/01/2024,13:03:46,1144,1147.95,40,1182.7,80,0,320
FINNIFTY02JAN2422500PE.NFO,02/01/2024,13:03:47,1144,1148.8,40,1182.1,40,0,320
FINNIFTY02JAN2422500PE.NFO,02/01/2024,13:03:48,1144,1149.95,80,1181.2,80,0,320
FINNIFTY02JAN2422500PE.NFO,02/01/2024,13:03:49,1144,1150.85,560,1180.6,560,0,320
FINNIFTY02JAN2422500PE.NFO,02/01/2024,13:03:50,1144,1151.9,40,1179.85,40,0,320
FINNIFTY02JAN2422500PE.NFO,02/01/2024,13:03:51,1144,1152.05,80,1178.9,80,0,320
FINNIFTY02JAN2422500PE.NFO,02/01/2024,13:03:52,1144,1143.25,240,1177.5,240,0,320
FINNIFTY02JAN2422500PE.NFO,02/01/2024,13:03:53,1144,1144.65,40,1176.2,40,0,320
FINNIFTY02JAN2422500PE.NFO,02/01/2024,13:03:54,1144,1146.15,40,1175,80,0,320
FINNIFTY02JAN2422500PE.NFO,02/01/2024,13:03:55,1144,1147.65,200,1173.8,200,0,320
FINNIFTY02JAN2422500PE.NFO,02/01/2024,13:03:56,1144,1149.35,40,1172.6,40,0,320
FINNIFTY02JAN2422500PE.NFO,02/01/2024,13:03:57,1144,1150.7,40,1171.15,200,0,320
FINNIFTY02JAN2422500PE.NFO,02/01/2024,13:03:58,1144,1151.4,200,1169.8,240,0,320
FINNIFTY02JAN2422500PE.NFO,02/01/2024,13:03:59,1144,1152.3,40,1168.55,120,0,320
FINNIFTY02JAN2422500PE.NFO,02/01/2024,13:04:00,1144,1153.1,120,1166.3,120,0,320
FINNIFTY02JAN2422500PE.NFO,02/01/2024,13:04:01,1144,1153.5,640,1165.5,640,0,320
FINNIFTY02JAN2422500PE.NFO,02/01/2024,13:04:02,1144,1153.9,80,1165.3,80,0,320
FINNIFTY02JAN2422500PE.NFO,02/01/2024,13:04:03,1144,1154.45,80,1184,80,0,320
FINNIFTY02JAN2422500PE.NFO,02/01/2024,13:04:04,1144,1155.5,80,1183.2,120,0,320
FINNIFTY02JAN2422500PE.NFO,02/01/2024,13:04:05,1144,1156.65,120,1182.35,120,0,320
FINNIFTY02JAN2422500PE.NFO,02/01/2024,13:04:06,1144,1157.7,120,1181.25,120,0,320
FINNIFTY02JAN2422500PE.NFO,02/01/2024,13:04:07,1144,1158.05,40,1180,40,0,320
FINNIFTY02JAN2422500PE.NFO,02/01/2024,13:04:08,1144,1143.5,80,1179.05,120,0,320
FINNIFTY02JAN2422500PE.NFO,02/01/2024,13:04:09,1144,1144.8,200,1178.05,200,0,320
FINNIFTY02JAN2422500PE.NFO,02/01/2024,13:04:10,1144,1146.35,200,1176.65,200,0,320
FINNIFTY02JAN2422500PE.NFO,02/01/2024,13:04:11,1144,1147.7,120,1175.5,120,0,320
FINNIFTY02JAN2422500PE.NFO,02/01/2024,13:04:12,1144,1149.4,120,1174.1,120,0,320
FINNIFTY02JAN2422500PE.NFO,02/01/2024,13:04:13,1144,1151.05,80,1172.75,80,0,320
FINNIFTY02JAN2422500PE.NFO,02/01/2024,13:04:14,1144,1152.75,200,1171.45,200,0,320
FINNIFTY02JAN2422500PE.NFO,02/01/2024,13:04:15,1144,1154.2,200,1170.7,200,0,320
FINNIFTY02JAN2422500PE.NFO,02/01/2024,13:04:16,1144,1155.45,240,1169.15,120,0,320
FINNIFTY02JAN2422500PE.NFO,02/01/2024,13:04:17,1144,1154.4,40,1167.55,120,0,320
FINNIFTY02JAN2422500PE.NFO,02/01/2024,13:04:18,1144,1154.9,40,1165.65,40,0,320
FINNIFTY02JAN2422500PE.NFO,02/01/2024,13:04:19,1144,1155.4,200,1164,200,0,320
FINNIFTY02JAN2422500PE.NFO,02/01/2024,13:04:20,1144,1144.2,200,1162.7,200,0,320
FINNIFTY02JAN2422500PE.NFO,02/01/2024,13:04:21,1144,1145.95,40,1161.35,40,0,320
FINNIFTY02JAN2422500PE.NFO,02/01/2024,13:04:22,1144,1147.85,40,1160.05,160,0,320
FINNIFTY02JAN2422500PE.NFO,02/01/2024,13:04:23,1144,1149.25,200,1158.85,120,0,320
FINNIFTY02JAN2422500PE.NFO,02/01/2024,13:04:24,1144,1151.85,40,1158.25,120,0,320
FINNIFTY02JAN2422500PE.NFO,02/01/2024,13:04:25,1144,1152.7,360,1158.15,40,0,320
FINNIFTY02JAN2422500PE.NFO,02/01/2024,13:04:26,1144,1153,80,1157.85,280,0,320
FINNIFTY02JAN2422500PE.NFO,02/01/2024,13:04:27,1144,1153.25,80,1158.55,2320,0,320
FINNIFTY02JAN2422500PE.NFO,02/01/2024,13:04:28,1144,1153.55,40,1158.1,40,0,320
FINNIFTY02JAN2422500PE.NFO,02/01/2024,13:04:29,1144,1153.7,200,1158.5,1000,0,320
FINNIFTY02JAN2422500PE.NFO,02/01/2024,13:04:31,1144,1154.45,40,1159.65,2920,0,320
FINNIFTY02JAN2422500PE.NFO,02/01/2024,13:04:32,1144,1155.05,40,1183,40,0,320
FINNIFTY02JAN2422500PE.NFO,02/01/2024,13:04:33,1144,1154.65,200,1179.5,80,0,320
FINNIFTY02JAN2422500PE.NFO,02/01/2024,13:04:34,1144,1154.7,120,1176,240,0,320
FINNIFTY02JAN2422500PE.NFO,02/01/2024,13:04:35,1144,1150.35,200,1172.8,40,0,320
FINNIFTY02JAN2422500PE.NFO,02/01/2024,13:04:36,1144,1152.3,120,1170.45,200,0,320
FINNIFTY02JAN2422500PE.NFO,02/01/2024,13:04:37,1144,1153.15,40,1168.15,480,0,320
FINNIFTY02JAN2422500PE.NFO,02/01/2024,13:04:38,1144,1153.25,200,1166.1,40,0,320
FINNIFTY02JAN2422500PE.NFO,02/01/2024,13:04:39,1144,1153,200,1163.45,560,0,320
FINNIFTY02JAN2422500PE.NFO,02/01/2024,13:04:40,1144,1152.95,200,1160.5,40,0,320
FINNIFTY02JAN2422500PE.NFO,02/01/2024,13:04:41,1144,1150.15,200,1157.7,40,0,320
FINNIFTY02JAN2422500PE.NFO,02/01/2024,13:04:42,1144,1150.85,120,1156.6,40,0,320
FINNIFTY02JAN2422500PE.NFO,02/01/2024,13:04:43,1144,1151.15,160,1156.6,160,0,320
FINNIFTY02JAN2422500PE.NFO,02/01/2024,13:04:44,1144,1151.2,280,1155.75,40,0,320
FINNIFTY02JAN2422500PE.NFO,02/01/2024,13:04:45,1144,1151,400,1155.75,400,0,320
FINNIFTY02JAN2422500PE.NFO,02/01/2024,13:04:46,1144,1145.15,80,1155.4,80,0,320
FINNIFTY02JAN2422500PE.NFO,02/01/2024,13:04:47,1144,1147.4,40,1154.8,200,0,320
FINNIFTY02JAN2422500PE.NFO,02/01/2024,13:04:48,1144,1148.95,360,1155.2,80,0,320
FINNIFTY02JAN2422500PE.NFO,02/01/2024,13:04:49,1144,1149.5,40,1154.15,120,0,320
FINNIFTY02JAN2422500PE.NFO,02/01/2024,13:04:50,1144,1149.5,200,1154.05,240,0,320
FINNIFTY02JAN2422500PE.NFO,02/01/2024,13:04:51,1144,1149.6,40,1154.4,240,0,320
FINNIFTY02JAN2422500PE.NFO,02/01/2024,13:04:52,1144,1149.75,280,1183.9,80,0,320
FINNIFTY02JAN2422500PE.NFO,02/01/2024,13:04:53,1144,1150.55,160,1181.8,80,0,320
FINNIFTY02JAN2422500PE.NFO,02/01/2024,13:04:54,1144,1149.85,360,1179.5,40,0,320
FINNIFTY02JAN2422500PE.NFO,02/01/2024,13:04:55,1144,1149.95,200,1176.7,40,0,320
FINNIFTY02JAN2422500PE.NFO,02/01/2024,13:04:56,1144,1150.1,80,1173.8,80,0,320
FINNIFTY02JAN2422500PE.NFO,02/01/2024,13:04:57,1144,1150.25,120,1170.2,200,0,320
FINNIFTY02JAN2422500PE.NFO,02/01/2024,13:04:58,1144,1150.6,80,1167.75,160,0,320
FINNIFTY02JAN2422500PE.NFO,02/01/2024,13:04:59,1144,1151.5,160,1165.45,240,0,320
FINNIFTY02JAN2422500PE.NFO,02/01/2024,13:05:00,1144,1151.85,200,1163,80,0,320
FINNIFTY02JAN2422500PE.NFO,02/01/2024,13:05:01,1144,1145.7,40,1160.4,40,0,320
FINNIFTY02JAN2422500PE.NFO,02/01/2024,13:05:02,1144,1148.05,200,1158.55,80,0,320
FINNIFTY02JAN2422500PE.NFO,02/01/2024,13:05:03,1144,1149.6,40,1155.1,80,0,320
FINNIFTY02JAN2422500PE.NFO,02/01/2024,13:05:04,1144,1148.9,440,1153.9,80,0,320
FINNIFTY02JAN2422500PE.NFO,02/01/2024,13:05:05,1144,1148.95,80,1153.55,680,0,320
FINNIFTY02JAN2422500PE.NFO,02/01/2024,13:05:06,1144,1149,240,1153.95,240,0,320
FINNIFTY02JAN2422500PE.NFO,02/01/2024,13:05:07,1144,1149.5,200,1154.55,200,0,320
FINNIFTY02JAN2422500PE.NFO,02/01/2024,13:05:08,1144,1149.8,40,1154.3,200,0,320
FINNIFTY02JAN2422500PE.NFO,02/01/2024,13:05:09,1144,1150.05,240,1155.05,320,0,320
FINNIFTY02JAN2422500PE.NFO,02/01/2024,13:05:10,1144,1150.3,400,1155.2,480,0,320
FINNIFTY02JAN2422500PE.NFO,02/01/2024,13:05:11,1144,1150.5,40,1183.9,200,0,320
FINNIFTY02JAN2422500PE.NFO,02/01/2024,13:05:12,1144,1151.15,40,1179.7,80,0,320
FINNIFTY02JAN2422500PE.NFO,02/01/2024,13:05:13,1144,1150.6,160,1176.9,40,0,320
FINNIFTY02JAN2422500PE.NFO,02/01/2024,13:05:14,1144,1148.75,80,1174.8,80,0,320
FINNIFTY02JAN2422500PE.NFO,02/01/2024,13:05:15,1144,1150.05,80,1172.35,80,0,320
FINNIFTY02JAN2422500PE.NFO,02/01/2024,13:05:16,1144,1150.55,80,1168.75,80,0,320
FINNIFTY02JAN2422500PE.NFO,02/01/2024,13:05:17,1144,1150.7,40,1165.15,40,0,320
FINNIFTY02JAN2422500PE.NFO,02/01/2024,13:05:18,1144,1150.6,40,1162.1,80,0,320
FINNIFTY02JAN2422500PE.NFO,02/01/2024,13:05:19,1144,1150.15,760,1158.3,80,0,320
FINNIFTY02JAN2422500PE.NFO,02/01/2024,13:05:20,1144,1150.45,120,1155.65,120,0,320
FINNIFTY02JAN2422500PE.NFO,02/01/2024,13:05:21,1144,1150.15,440,1154.6,200,0,320
FINNIFTY02JAN2422500PE.NFO,02/01/2024,13:05:22,1144,1148.45,40,1154.5,360,0,320
FINNIFTY02JAN2422500PE.NFO,02/01/2024,13:05:23,1144,1149.7,720,1154.9,2400,0,320
FINNIFTY02JAN2422500PE.NFO,02/01/2024,13:05:24,1144,1150,40,1154.85,480,0,320
FINNIFTY02JAN2422500PE.NFO,02/01/2024,13:05:25,1144,1150.25,200,1154.85,440,0,320
FINNIFTY02JAN2422500PE.NFO,02/01/2024,13:05:26,1144,1150.25,200,1154.75,200,0,320
FINNIFTY02JAN2422500PE.NFO,02/01/2024,13:05:27,1144,1150.15,240,1154.55,200,0,320
FINNIFTY02JAN2422500PE.NFO,02/01/2024,13:05:28,1144,1149.8,360,1154.55,80,0,320
FINNIFTY02JAN2422500PE.NFO,02/01/2024,13:05:29,1144,1150.1,40,1154.75,200,0,320
FINNIFTY02JAN2422500PE.NFO,02/01/2024,13:05:30,1144,1150.15,320,1156.15,2600,0,320
FINNIFTY02JAN2422500PE.NFO,02/01/2024,13:05:31,1144,1150.55,200,1154.75,200,0,320
FINNIFTY02JAN2422500PE.NFO,02/01/2024,13:05:32,1144,1150.2,120,1155.15,2720,0,320
FINNIFTY02JAN2422500PE.NFO,02/01/2024,13:05:33,1144,1150.35,200,1154.75,240,0,320
FINNIFTY02JAN2422500PE.NFO,02/01/2024,13:05:34,1144,1150.65,40,1155.75,3160,0,320
FINNIFTY02JAN2422500PE.NFO,02/01/2024,13:05:35,1144,1150.8,240,1184.2,40,0,320
FINNIFTY02JAN2422500PE.NFO,02/01/2024,13:05:36,1144,1151.4,120,1181.95,40,0,320
FINNIFTY02JAN2422500PE.NFO,02/01/2024,13:05:37,1144,1151.3,120,1177.5,80,0,320
FINNIFTY02JAN2422500PE.NFO,02/01/2024,13:05:38,1144,1151.05,240,1174.1,80,0,320
FINNIFTY02JAN2422500PE.NFO,02/01/2024,13:05:39,1144,1148.1,3720,1169.4,40,0,320
FINNIFTY02JAN2422500PE.NFO,02/01/2024,13:05:40,1144,1149.5,40,1166.9,240,0,320
FINNIFTY02JAN2422500PE.NFO,02/01/2024,13:05:41,1144,1150.2,560,1163.6,80,0,320
FINNIFTY02JAN2422500PE.NFO,02/01/2024,13:05:42,1144,1150.5,80,1158.7,40,0,320
FINNIFTY02JAN2422500PE.NFO,02/01/2024,13:05:43,1144,1150.6,200,1155.35,40,0,320
FINNIFTY02JAN2422500PE.NFO,02/01/2024,13:05:44,1144,1150.2,160,1154.5,200,0,320
FINNIFTY02JAN2422500PE.NFO,02/01/2024,13:05:45,1144,1149,40,1153.65,80,0,320
FINNIFTY02JAN2422500PE.NFO,02/01/2024,13:05:46,1144,1149,40,1153.05,200,0,320
FINNIFTY02JAN2422500PE.NFO,02/01/2024,13:05:47,1144,1149,40,1152.6,200,0,320
FINNIFTY02JAN2422500PE.NFO,02/01/2024,13:05:48,1144,1149,40,1153.2,1760,0,320
FINNIFTY02JAN2422500PE.NFO,02/01/2024,13:05:49,1144,1149,40,1153,200,0,320
FINNIFTY02JAN2422500PE.NFO,02/01/2024,13:05:50,1144,1149,40,1152.6,400,0,320
FINNIFTY02JAN2422500PE.NFO,02/01/2024,13:05:51,1144,1149,40,1152.8,200,0,320
FINNIFTY02JAN2422500PE.NFO,02/01/2024,13:05:52,1144,1149,40,1152.35,200,0,320
FINNIFTY02JAN2422500PE.NFO,02/01/2024,13:05:53,1144,1149,40,1152.9,80,0,320
FINNIFTY02JAN2422500PE.NFO,02/01/2024,13:05:54,1144,1149.15,40,1182.25,40,0,320
FINNIFTY02JAN2422500PE.NFO,02/01/2024,13:05:55,1144,1149.15,200,1181.45,200,0,320
FINNIFTY02JAN2422500PE.NFO,02/01/2024,13:05:56,1144,1149.35,200,1176.5,200,0,320
FINNIFTY02JAN2422500PE.NFO,02/01/2024,13:05:57,1144,1149.25,280,1172.2,120,0,320
FINNIFTY02JAN2422500PE.NFO,02/01/2024,13:05:58,1144,1149.35,40,1167.75,40,0,320
FINNIFTY02JAN2422500PE.NFO,02/01/2024,13:05:59,1144,1149.7,40,1163.8,200,0,320
FINNIFTY02JAN2422500PE.NFO,02/01/2024,13:06:00,1144,1150,160,1160.3,80,0,320
FINNIFTY02JAN2422500PE.NFO,02/01/2024,13:06:01,1144,1150,160,1156.95,80,0,320
FINNIFTY02JAN2422500PE.NFO,02/01/2024,13:06:02,1144,1150.2,80,1155.05,200,0,320
FINNIFTY02JAN2422500PE.NFO,02/01/2024,13:06:03,1144,1150.4,520,1156.55,1800,0,320
FINNIFTY02JAN2422500PE.NFO,02/01/2024,13:06:04,1144,1151.15,320,1156.1,80,0,320
FINNIFTY02JAN2422500PE.NFO,02/01/2024,13:06:05,1144,1151.65,40,1182.65,200,0,320
FINNIFTY02JAN2422500PE.NFO,02/01/2024,13:06:06,1144,1150.85,280,1179.15,120,0,320
FINNIFTY02JAN2422500PE.NFO,02/01/2024,13:06:07,1144,1150,40,1175.7,80,0,320
FINNIFTY02JAN2422500PE.NFO,02/01/2024,13:06:08,1144,1150.05,160,1171.5,40,0,320
FINNIFTY02JAN2422500PE.NFO,02/01/2024,13:06:09,1144,1150.2,40,1167.05,40,0,320
FINNIFTY02JAN2422500PE.NFO,02/01/2024,13:06:10,1144,1151,40,1162.55,80,0,320
FINNIFTY02JAN2422500PE.NFO,02/01/2024,13:06:12,1144,1151.05,160,1156.95,200,0,320
FINNIFTY02JAN2422500PE.NFO,02/01/2024,13:06:13,1144,1151.05,280,1155.2,240,0,320
FINNIFTY02JAN2422500PE.NFO,02/01/2024,13:06:14,1144,1151,40,1155,200,0,320
FINNIFTY02JAN2422500PE.NFO,02/01/2024,13:06:14,1144,1151,40,1154.9,200,0,320
FINNIFTY02JAN2422500PE.NFO,02/01/2024,13:06:15,1144,1151,40,1154.5,200,0,320
FINNIFTY02JAN2422500PE.NFO,02/01/2024,13:06:16,1144,1151,40,1154.75,360,0,320
FINNIFTY02JAN2422500PE.NFO,02/01/2024,13:06:17,1144,1151,40,1154.45,200,0,320
FINNIFTY02JAN2422500PE.NFO,02/01/2024,13:06:18,1144,1151,40,1154.15,40,0,320
FINNIFTY02JAN2422500PE.NFO,02/01/2024,13:06:19,1144,1151,40,1153.8,200,0,320
FINNIFTY02JAN2422500PE.NFO,02/01/2024,13:06:20,1144,1151,40,1153.4,200,0,320
FINNIFTY02JAN2422500PE.NFO,02/01/2024,13:06:21,1144,1151,40,1153,40,0,320
FINNIFTY02JAN2422500PE.NFO,02/01/2024,13:06:22,1144,1151,40,1152.45,200,0,320
FINNIFTY02JAN2422500PE.NFO,02/01/2024,13:06:23,1144,1151,40,1152.8,280,0,320
FINNIFTY02JAN2422500PE.NFO,02/01/2024,13:06:24,1144,1151,40,1153.35,1800,0,320
FINNIFTY02JAN2422500PE.NFO,02/01/2024,13:06:25,1144,1151,40,1157,40,0,320
FINNIFTY02JAN2422500PE.NFO,02/01/2024,13:06:26,1144,1151,40,1153.9,200,0,320
FINNIFTY02JAN2422500PE.NFO,02/01/2024,13:06:27,1144,1151,40,1153.75,80,0,320
FINNIFTY02JAN2422500PE.NFO,02/01/2024,13:06:28,1144,1151,40,1153.75,40,0,320
FINNIFTY02JAN2422500PE.NFO,02/01/2024,13:06:29,1144,1151,40,1153.6,200,0,320
FINNIFTY02JAN2422500PE.NFO,02/01/2024,13:06:30,1144,1151,40,1153.6,240,0,320
FINNIFTY02JAN2422500PE.NFO,02/01/2024,13:06:31,1144,1151,40,1153.45,200,0,320
FINNIFTY02JAN2422500PE.NFO,02/01/2024,13:06:32,1144,1151,40,1154.3,360,0,320
FINNIFTY02JAN2422500PE.NFO,02/01/2024,13:06:33,1144,1151,40,1154.15,200,0,320
FINNIFTY02JAN2422500PE.NFO,02/01/2024,13:06:34,1144,1151,40,1154.2,320,0,320
FINNIFTY02JAN2422500PE.NFO,02/01/2024,13:06:35,1144,1151,40,1153.9,40,0,320
FINNIFTY02JAN2422500PE.NFO,02/01/2024,13:06:36,1144,1151,40,1154,40,0,320
FINNIFTY02JAN2422500PE.NFO,02/01/2024,13:06:37,1144,1152,40,1153.35,200,0,320
FINNIFTY02JAN2422500PE.NFO,02/01/2024,13:06:38,1144,1152,40,1153.75,200,0,320
FINNIFTY02JAN2422500PE.NFO,02/01/2024,13:06:39,1144,1152,40,1153.75,120,0,320
FINNIFTY02JAN2422500PE.NFO,02/01/2024,13:06:40,1144,1152,40,1153.7,200,0,320
FINNIFTY02JAN2422500PE.NFO,02/01/2024,13:06:41,1144,1152,40,1153.8,200,0,320
FINNIFTY02JAN2422500PE.NFO,02/01/2024,13:06:42,1144,1152,40,1153.85,440,0,320
FINNIFTY02JAN2422500PE.NFO,02/01/2024,13:06:43,1144,1152,40,1153.75,200,0,320
FINNIFTY02JAN2422500PE.NFO,02/01/2024,13:06:44,1144,1152,40,1153.2,200,0,320
FINNIFTY02JAN2422500PE.NFO,02/01/2024,13:06:45,1144,1152,40,1153.4,1000,0,320
FINNIFTY02JAN2422500PE.NFO,02/01/2024,13:06:46,1144,1152,40,1153.1,200,0,320
FINNIFTY02JAN2422500PE.NFO,02/01/2024,13:06:47,1152,1127.6,40,1152.65,120,40,320
FINNIFTY02JAN2422500PE.NFO,02/01/2024,13:06:47,1152,1127.6,40,1152.65,120,0,320
FINNIFTY02JAN2422500PE.NFO,02/01/2024,13:06:48,1152,1130.55,40,1152.6,440,0,320
FINNIFTY02JAN2422500PE.NFO,02/01/2024,13:06:49,1152,1133.15,120,1152.35,40,0,320
FINNIFTY02JAN2422500PE.NFO,02/01/2024,13:06:50,1152,1135.6,40,1152,320,0,320
FINNIFTY02JAN2422500PE.NFO,02/01/2024,13:06:51,1152,1138.5,40,1153.2,40,0,320
FINNIFTY02JAN2422500PE.NFO,02/01/2024,13:06:52,1152,1141,120,1153,240,0,320
FINNIFTY02JAN2422500PE.NFO,02/01/2024,13:06:53,1152,1143.85,40,1153.05,40,0,320
FINNIFTY02JAN2422500PE.NFO,02/01/2024,13:06:54,1152,1146.9,40,1152.85,200,0,320
FINNIFTY02JAN2422500PE.NFO,02/01/2024,13:06:55,1152,1148.3,200,1153.6,1280,0,320
FINNIFTY02JAN2422500PE.NFO,02/01/2024,13:06:56,1152,1148.85,200,1153.5,320,0,320
FINNIFTY02JAN2422500PE.NFO,02/01/2024,13:06:57,1152,1149.1,40,1153.35,200,0,320
FINNIFTY02JAN2422500PE.NFO,02/01/2024,13:06:58,1152,1149.3,160,1153.55,120,0,320
FINNIFTY02JAN2422500PE.NFO,02/01/2024,13:06:59,1152,1148.95,160,1153.1,240,0,320
FINNIFTY02JAN2422500PE.NFO,02/01/2024,13:07:00,1152,1149.05,200,1153.3,40,0,320
FINNIFTY02JAN2422500PE.NFO,02/01/2024,13:07:01,1152,1149.25,200,1180.45,40,0,320
FINNIFTY02JAN2422500PE.NFO,02/01/2024,13:07:02,1152,1149.05,200,1176.5,80,0,320
FINNIFTY02JAN2422500PE.NFO,02/01/2024,13:07:03,1152,1147.8,320,1173,40,0,320
FINNIFTY02JAN2422500PE.NFO,02/01/2024,13:07:04,1152,1148.15,40,1169.75,80,0,320
FINNIFTY02JAN2422500PE.NFO,02/01/2024,13:07:05,1152,1148.4,40,1165.75,40,0,320
FINNIFTY02JAN2422500PE.NFO,02/01/2024,13:07:06,1152,1148.7,120,1161.75,200,0,320
FINNIFTY02JAN2422500PE.NFO,02/01/2024,13:07:07,1152,1148.95,40,1156.5,80,0,320
FINNIFTY02JAN2422500PE.NFO,02/01/2024,13:07:08,1152,1149.1,40,1153.7,80,0,320
FINNIFTY02JAN2422500PE.NFO,02/01/2024,13:07:09,1152,1149.25,200,1154.4,1400,0,320
FINNIFTY02JAN2422500PE.NFO,02/01/2024,13:07:10,1152,1149.55,40,1153.9,40,0,320
FINNIFTY02JAN2422500PE.NFO,02/01/2024,13:07:11,1152,1149.55,240,1154.15,120,0,320
FINNIFTY02JAN2422500PE.NFO,02/01/2024,13:07:12,1152,1149.45,160,1154,400,0,320
FINNIFTY02JAN2422500PE.NFO,02/01/2024,13:07:13,1152,1148.7,40,1153.45,40,0,320
FINNIFTY02JAN2422500PE.NFO,02/01/2024,13:07:14,1152,1148.9,40,1153.4,120,0,320
FINNIFTY02JAN2422500PE.NFO,02/01/2024,13:07:15,1152,1149.15,320,1153.65,200,0,320
FINNIFTY02JAN2422500PE.NFO,02/01/2024,13:07:16,1152,1149.2,200,1153.45,40,0,320
FINNIFTY02JAN2422500PE.NFO,02/01/2024,13:07:17,1152,1148.3,1360,1152.85,40,0,320
FINNIFTY02JAN2422500PE.NFO,02/01/2024,13:07:18,1152,1148.4,320,1153.3,1000,0,320
FINNIFTY02JAN2422500PE.NFO,02/01/2024,13:07:19,1152,1148.4,40,1154.05,120,0,320
FINNIFTY02JAN2422500PE.NFO,02/01/2024,13:07:20,1152,1148.5,80,1153.05,40,0,320
FINNIFTY02JAN2422500PE.NFO,02/01/2024,13:07:21,1152,1148.7,40,1152.95,40,0,320
FINNIFTY02JAN2422500PE.NFO,02/01/2024,13:07:22,1152,1148.35,440,1152.85,200,0,320
FINNIFTY02JAN2422500PE.NFO,02/01/2024,13:07:23,1152,1148.3,600,1152.65,200,0,320
FINNIFTY02JAN2422500PE.NFO,02/01/2024,13:07:24,1152,1146.6,120,1152.7,200,0,320
FINNIFTY02JAN2422500PE.NFO,02/01/2024,13:07:25,1152,1147.95,40,1153.75,2960,0,320
FINNIFTY02JAN2422500PE.NFO,02/01/2024,13:07:26,1152,1148.45,200,1153.15,560,0,320
FINNIFTY02JAN2422500PE.NFO,02/01/2024,13:07:27,1152,1148.2,160,1152.55,200,0,320
FINNIFTY02JAN2422500PE.NFO,02/01/2024,13:07:28,1152,1147.25,40,1151.95,40,0,320
FINNIFTY02JAN2422500PE.NFO,02/01/2024,13:07:29,1152,1147.65,200,1152.25,200,0,320
FINNIFTY02JAN2422500PE.NFO,02/01/2024,13:07:31,1152,1147.75,40,1152.25,40,0,320
FINNIFTY02JAN2422500PE.NFO,02/01/2024,13:07:31,1152,1147.75,40,1152.1,40,0,320
FINNIFTY02JAN2422500PE.NFO,02/01/2024,13:07:32,1152,1147.85,200,1152.25,200,0,320
FINNIFTY02JAN2422500PE.NFO,02/01/2024,13:07:33,1152,1147.95,40,1152.35,40,0,320
FINNIFTY02JAN2422500PE.NFO,02/01/2024,13:07:34,1152,1147.85,200,1152.05,200,0,320
FINNIFTY02JAN2422500PE.NFO,02/01/2024,13:07:35,1152,1145.4,200,1151.4,80,0,320
FINNIFTY02JAN2422500PE.NFO,02/01/2024,13:07:36,1152,1146.3,200,1151.1,440,0,320
FINNIFTY02JAN2422500PE.NFO,02/01/2024,13:07:37,1152,1146.25,40,1150.65,360,0,320
FINNIFTY02JAN2422500PE.NFO,02/01/2024,13:07:38,1152,1146.6,360,1151.05,200,0,320
FINNIFTY02JAN2422500PE.NFO,02/01/2024,13:07:39,1152,1146.4,120,1150.65,200,0,320
FINNIFTY02JAN2422500PE.NFO,02/01/2024,13:07:40,1152,1146.3,120,1150.55,120,0,320
FINNIFTY02JAN2422500PE.NFO,02/01/2024,13:07:41,1152,1146.3,200,1150.55,320,0,320
FINNIFTY02JAN2422500PE.NFO,02/01/2024,13:07:42,1152,1146.25,160,1150.6,40,0,320
FINNIFTY02JAN2422500PE.NFO,02/01/2024,13:07:43,1152,1146.5,80,1153.55,40,0,320
FINNIFTY02JAN2422500PE.NFO,02/01/2024,13:07:44,1152,1146.6,80,1151.5,200,0,320
FINNIFTY02JAN2422500PE.NFO,02/01/2024,13:07:45,1152,1146.95,200,1152.1,2960,0,320
FINNIFTY02JAN2422500PE.NFO,02/01/2024,13:07:46,1152,1146.95,40,1151.3,40,0,320
FINNIFTY02JAN2422500PE.NFO,02/01/2024,13:07:47,1152,1147.25,200,1151.75,40,0,320
FINNIFTY02JAN2422500PE.NFO,02/01/2024,13:07:48,1152,1147.15,40,1151.75,40,0,320
FINNIFTY02JAN2422500PE.NFO,02/01/2024,13:07:49,1152,1145.75,200,1151.05,560,0,320
FINNIFTY02JAN2422500PE.NFO,02/01/2024,13:07:50,1152,1146.15,40,1150.95,640,0,320
FINNIFTY02JAN2422500PE.NFO,02/01/2024,13:07:51,1152,1146.8,120,1151.6,360,0,320
FINNIFTY02JAN2422500PE.NFO,02/01/2024,13:07:52,1152,1147.2,200,1151.95,120,0,320
FINNIFTY02JAN2422500PE.NFO,02/01/2024,13:07:53,1152,1146.95,200,1151.25,200,0,320
FINNIFTY02JAN2422500PE.NFO,02/01/2024,13:07:54,1152,1147,80,1151.75,1800,0,320
FINNIFTY02JAN2422500PE.NFO,02/01/2024,13:07:55,1152,1147.15,200,1151.65,200,0,320
FINNIFTY02JAN2422500PE.NFO,02/01/2024,13:07:56,1152,1147.1,40,1151.7,160,0,320
FINNIFTY02JAN2422500PE.NFO,02/01/2024,13:07:57,1152,1147.2,200,1151.45,200,0,320
FINNIFTY02JAN2422500PE.NFO,02/01/2024,13:07:58,1152,1127.05,80,1150.6,80,0,320
FINNIFTY02JAN2422500PE.NFO,02/01/2024,13:07:59,1152,1130.7,40,1150.95,1320,0,320
FINNIFTY02JAN2422500PE.NFO,02/01/2024,13:08:00,1152,1133.7,40,1150.6,40,0,320
FINNIFTY02JAN2422500PE.NFO,02/01/2024,13:08:01,1152,1136.25,40,1149.95,200,0,320
FINNIFTY02JAN2422500PE.NFO,02/01/2024,13:08:02,1152,1138.55,80,1149.75,40,0,320
FINNIFTY02JAN2422500PE.NFO,02/01/2024,13:08:03,1152,1139.9,200,1148.95,160,0,320
FINNIFTY02JAN2422500PE.NFO,02/01/2024,13:08:04,1152,1141.65,40,1148,40,0,320
FINNIFTY02JAN2422500PE.NFO,02/01/2024,13:08:05,1152,1142.9,40,1148.45,240,0,320
FINNIFTY02JAN2422500PE.NFO,02/01/2024,13:08:06,1152,1143.15,160,1147.45,40,0,320
FINNIFTY02JAN2422500PE.NFO,02/01/2024,13:08:07,1152,1126.1,40,1148.3,120,0,320
FINNIFTY02JAN2422500PE.NFO,02/01/2024,13:08:08,1152,1128.95,80,1148.25,40,0,320
FINNIFTY02JAN2422500PE.NFO,02/01/2024,13:08:09,1152,1131.15,40,1148.5,200,0,320
FINNIFTY02JAN2422500PE.NFO,02/01/2024,13:08:10,1152,1135,40,1148.4,200,0,320
FINNIFTY02JAN2422500PE.NFO,02/01/2024,13:08:11,1152,1138.1,80,1147.9,40,0,320
FINNIFTY02JAN2422500PE.NFO,02/01/2024,13:08:12,1152,1139.5,80,1147.3,200,0,320
FINNIFTY02JAN2422500PE.NFO,02/01/2024,13:08:13,1152,1141.65,40,1147.7,40,0,320
FINNIFTY02JAN2422500PE.NFO,02/01/2024,13:08:14,1152,1142.8,200,1147.65,40,0,320
FINNIFTY02JAN2422500PE.NFO,02/01/2024,13:08:15,1152,1142.9,160,1181.5,320,0,320
FINNIFTY02JAN2422500PE.NFO,02/01/2024,13:08:16,1152,1142.95,200,1178.05,200,0,320
FINNIFTY02JAN2422500PE.NFO,02/01/2024,13:08:17,1152,1143.2,40,1175.1,80,0,320
FINNIFTY02JAN2422500PE.NFO,02/01/2024,13:08:18,1152,1143.5,240,1171.75,120,0,320
FINNIFTY02JAN2422500PE.NFO,02/01/2024,13:08:19,1152,1144,120,1169,40,0,320
FINNIFTY02JAN2422500PE.NFO,02/01/2024,13:08:20,1152,1144.4,40,1166.3,80,0,320
FINNIFTY02JAN2422500PE.NFO,02/01/2024,13:08:21,1152,1144.45,160,1162.15,40,0,320
FINNIFTY02JAN2422500PE.NFO,02/01/2024,13:08:22,1152,1142.5,120,1159.2,40,0,320
FINNIFTY02JAN2422500PE.NFO,02/01/2024,13:08:23,1152,1142.55,40,1156.45,80,0,320
FINNIFTY02JAN2422500PE.NFO,02/01/2024,13:08:24,1152,1137.3,80,1154.8,200,0,320
FINNIFTY02JAN2422500PE.NFO,02/01/2024,13:08:25,1152,1139.95,120,1152.9,120,0,320
FINNIFTY02JAN2422500PE.NFO,02/01/2024,13:08:27,1152,1141.4,240,1149.85,40,0,320
FINNIFTY02JAN2422500PE.NFO,02/01/2024,13:08:27,1152,1141.7,40,1148.05,80,0,320
FINNIFTY02JAN2422500PE.NFO,02/01/2024,13:08:28,1152,1141.9,40,1146.4,200,0,320
FINNIFTY02JAN2422500PE.NFO,02/01/2024,13:08:29,1152,1138.8,80,1145.9,200,0,320
FINNIFTY02JAN2422500PE.NFO,02/01/2024,13:08:30,1152,1139.9,120,1145.4,40,0,320
FINNIFTY02JAN2422500PE.NFO,02/01/2024,13:08:31,1152,1140.1,40,1145.1,120,0,320
FINNIFTY02JAN2422500PE.NFO,02/01/2024,13:08:32,1152,1140.3,200,1145.4,40,0,320
FINNIFTY02JAN2422500PE.NFO,02/01/2024,13:08:33,1152,1140.05,360,1144.85,200,0,320
FINNIFTY02JAN2422500PE.NFO,02/01/2024,13:08:34,1152,1139,800,1144.7,160,0,320
FINNIFTY02JAN2422500PE.NFO,02/01/2024,13:08:35,1152,1137.15,80,1143.75,40,0,320
FINNIFTY02JAN2422500PE.NFO,02/01/2024,13:08:36,1152,1137.2,120,1143.2,440,0,320
FINNIFTY02JAN2422500PE.NFO,02/01/2024,13:08:37,1152,1137.7,40,1142.7,40,0,320
FINNIFTY02JAN2422500PE.NFO,02/01/2024,13:08:38,1152,1138.15,80,1144.55,200,0,320
FINNIFTY02JAN2422500PE.NFO,02/01/2024,13:08:39,1152,1139.1,200,1143.95,40,0,320
FINNIFTY02JAN2422500PE.NFO,02/01/2024,13:08:40,1152,1139.4,40,1144,560,0,320
FINNIFTY02JAN2422500PE.NFO,02/01/2024,13:08:41,1152,1139.4,120,1144.45,2360,0,320
FINNIFTY02JAN2422500PE.NFO,02/01/2024,13:08:42,1152,1139.8,40,1182.3,40,0,320
FINNIFTY02JAN2422500PE.NFO,02/01/2024,13:08:43,1152,1140.15,40,1179.5,40,0,320
FINNIFTY02JAN2422500PE.NFO,02/01/2024,13:08:44,1152,1140.85,200,1177.15,40,0,320
FINNIFTY02JAN2422500PE.NFO,02/01/2024,13:08:45,1152,1141.1,40,1174.3,40,0,320
FINNIFTY02JAN2422500PE.NFO,02/01/2024,13:08:46,1152,1140.4,560,1170.55,40,0,320
FINNIFTY02JAN2422500PE.NFO,02/01/2024,13:08:47,1152,1140.85,320,1167.2,120,0,320
FINNIFTY02JAN2422500PE.NFO,02/01/2024,13:08:48,1152,1141.2,40,1162.75,120,0,320
FINNIFTY02JAN2422500PE.NFO,02/01/2024,13:08:49,1152,1141.35,280,1158.5,40,0,320
FINNIFTY02JAN2422500PE.NFO,02/01/2024,13:08:50,1152,1140.95,360,1155.15,40,0,320
FINNIFTY02JAN2422500PE.NFO,02/01/2024,13:08:51,1152,1140.95,160,1151.55,120,0,320
FINNIFTY02JAN2422500PE.NFO,02/01/2024,13:08:52,1152,1135.25,80,1148.75,80,0,320
FINNIFTY02JAN2422500PE.NFO,02/01/2024,13:08:53,1152,1137.55,120,1146.9,120,0,320
FINNIFTY02JAN2422500PE.NFO,02/01/2024,13:08:54,1152,1138.8,40,1145.05,120,0,320
FINNIFTY02JAN2422500PE.NFO,02/01/2024,13:08:55,1152,1139.6,200,1144.45,200,0,320
FINNIFTY02JAN2422500PE.NFO,02/01/2024,13:08:56,1152,1139.8,40,1144.15,200,0,320
FINNIFTY02JAN2422500PE.NFO,02/01/2024,13:08:57,1152,1139.75,200,1144.1,200,0,320
FINNIFTY02JAN2422500PE.NFO,02/01/2024,13:08:58,1152,1139.75,200,1144.1,40,0,320
FINNIFTY02JAN2422500PE.NFO,02/01/2024,13:08:59,1152,1139.8,200,1144.65,40,0,320
FINNIFTY02JAN2422500PE.NFO,02/01/2024,13:09:00,1152,1138.6,40,1144.35,40,0,320
FINNIFTY02JAN2422500PE.NFO,02/01/2024,13:09:01,1152,1139.7,80,1144.6,80,0,320
FINNIFTY02JAN2422500PE.NFO,02/01/2024,13:09:02,1152,1140.1,80,1146.25,1960,0,320
FINNIFTY02JAN2422500PE.NFO,02/01/2024,13:09:03,1152,1140.7,40,1145.75,40,0,320
FINNIFTY02JAN2422500PE.NFO,02/01/2024,13:09:05,1152,1141.15,360,1145.65,200,0,320
FINNIFTY02JAN2422500PE.NFO,02/01/2024,13:09:05,1152,1141.3,160,1146,320,0,320
FINNIFTY02JAN2422500PE.NFO,02/01/2024,13:09:06,1152,1141.35,280,1152.25,2520,0,320
FINNIFTY02JAN2422500PE.NFO,02/01/2024,13:09:07,1152,1142.1,200,1150.15,200,0,320
FINNIFTY02JAN2422500PE.NFO,02/01/2024,13:09:08,1152,1142.55,40,1147.75,200,0,320
FINNIFTY02JAN2422500PE.NFO,02/01/2024,13:09:09,1152,1142.45,80,1146.7,200,0,320
FINNIFTY02JAN2422500PE.NFO,02/01/2024,13:09:10,1152,1142.7,40,1147.35,80,0,320
FINNIFTY02JAN2422500PE.NFO,02/01/2024,13:09:11,1152,1142.9,40,1149.25,2040,0,320
FINNIFTY02JAN2422500PE.NFO,02/01/2024,13:09:12,1152,1143.25,80,1147.95,200,0,320
FINNIFTY02JAN2422500PE.NFO,02/01/2024,13:09:13,1152,1142.8,800,1147.1,200,0,320
FINNIFTY02JAN2422500PE.NFO,02/01/2024,13:09:14,1152,1142.8,160,1147.15,40,0,320
FINNIFTY02JAN2422500PE.NFO,02/01/2024,13:09:15,1152,1142.35,40,1147.75,1120,0,320
FINNIFTY02JAN2422500PE.NFO,02/01/2024,13:09:16,1152,1143.15,200,1149.05,800,0,320
FINNIFTY02JAN2422500PE.NFO,02/01/2024,13:09:17,1152,1143.35,200,1147.9,40,0,320
FINNIFTY02JAN2422500PE.NFO,02/01/2024,13:09:18,1152,1143.05,320,1147.6,200,0,320
FINNIFTY02JAN2422500PE.NFO,02/01/2024,13:09:19,1152,1143.05,320,1147.5,80,0,320
FINNIFTY02JAN2422500PE.NFO,02/01/2024,13:09:20,1152,1143.05,320,1147.25,200,0,320
FINNIFTY02JAN2422500PE.NFO,02/01/2024,13:09:21,1152,1142.8,40,1147.3,40,0,320
FINNIFTY02JAN2422500PE.NFO,02/01/2024,13:09:22,1152,1141.7,200,1147.15,400,0,320
FINNIFTY02JAN2422500PE.NFO,02/01/2024,13:09:23,1152,1141.85,200,1146.1,400,0,320
FINNIFTY02JAN2422500PE.NFO,02/01/2024,13:09:24,1152,1141.75,120,1145.85,200,0,320
FINNIFTY02JAN2422500PE.NFO,02/01/2024,13:09:25,1152,1141.9,200,1146.3,40,0,320
FINNIFTY02JAN2422500PE.NFO,02/01/2024,13:09:26,1152,1141.8,200,1146.1,200,0,320
FINNIFTY02JAN2422500PE.NFO,02/01/2024,13:09:27,1152,1140.45,40,1145.6,40,0,320
FINNIFTY02JAN2422500PE.NFO,02/01/2024,13:09:28,1152,1141.15,40,1146,2000,0,320
FINNIFTY02JAN2422500PE.NFO,02/01/2024,13:09:30,1152,1140.6,200,1145,120,0,320
FINNIFTY02JAN2422500PE.NFO,02/01/2024,13:09:30,1152,1140.7,160,1145.55,120,0,320
FINNIFTY02JAN2422500PE.NFO,02/01/2024,13:09:31,1152,1141.15,40,1145.95,1360,0,320
FINNIFTY02JAN2422500PE.NFO,02/01/2024,13:09:32,1152,1141,200,1145.3,240,0,320
FINNIFTY02JAN2422500PE.NFO,02/01/2024,13:09:33,1152,1141.05,40,1145.8,640,0,320
FINNIFTY02JAN2422500PE.NFO,02/01/2024,13:09:34,1152,1141.05,40,1145.4,40,0,320
FINNIFTY02JAN2422500PE.NFO,02/01/2024,13:09:35,1152,1141.25,40,1149,2960,0,320
FINNIFTY02JAN2422500PE.NFO,02/01/2024,13:09:36,1152,1141.7,200,1146.05,400,0,320
FINNIFTY02JAN2422500PE.NFO,02/01/2024,13:09:37,1152,1141.6,200,1145.95,40,0,320
FINNIFTY02JAN2422500PE.NFO,02/01/2024,13:09:38,1152,1141.4,800,1145.95,360,0,320
FINNIFTY02JAN2422500PE.NFO,02/01/2024,13:09:39,1152,1141.65,40,1146.2,120,0,320
FINNIFTY02JAN2422500PE.NFO,02/01/2024,13:09:40,1152,1141.5,40,1146.2,80,0,320
FINNIFTY02JAN2422500PE.NFO,02/01/2024,13:09:41,1152,1141.9,40,1146.7,120,0,320
FINNIFTY02JAN2422500PE.NFO,02/01/2024,13:09:42,1152,1142.3,40,1146.9,680,0,320
FINNIFTY02JAN2422500PE.NFO,02/01/2024,13:09:43,1152,1142.6,200,1146.8,280,0,320
FINNIFTY02JAN2422500PE.NFO,02/01/2024,13:09:44,1152,1140.65,120,1146.3,200,0,320
FINNIFTY02JAN2422500PE.NFO,02/01/2024,13:09:45,1152,1141.5,40,1145.95,80,0,320
FINNIFTY02JAN2422500PE.NFO,02/01/2024,13:09:46,1152,1141.65,120,1146.1,40,0,320
FINNIFTY02JAN2422500PE.NFO,02/01/2024,13:09:47,1152,1141.9,320,1146.35,160,0,320
FINNIFTY02JAN2422500PE.NFO,02/01/2024,13:09:48,1152,1142.2,200,1147.7,120,0,320
FINNIFTY02JAN2422500PE.NFO,02/01/2024,13:09:49,1152,1142.3,40,1146.75,200,0,320
FINNIFTY02JAN2422500PE.NFO,02/01/2024,13:09:50,1152,1142.5,40,1146.85,200,0,320
FINNIFTY02JAN2422500PE.NFO,02/01/2024,13:09:51,1152,1142.7,160,1147,40,0,320
FINNIFTY02JAN2422500PE.NFO,02/01/2024,13:09:52,1152,1142.6,200,1147.15,960,0,320
FINNIFTY02JAN2422500PE.NFO,02/01/2024,13:09:53,1152,1143.05,200,1147.45,80,0,320
FINNIFTY02JAN2422500PE.NFO,02/01/2024,13:09:54,1152,1143.25,200,1147.45,40,0,320
FINNIFTY02JAN2422500PE.NFO,02/01/2024,13:09:55,1152,1141.2,200,1147.15,120,0,320
FINNIFTY02JAN2422500PE.NFO,02/01/2024,13:09:56,1152,1142.65,120,1147.6,200,0,320
FINNIFTY02JAN2422500PE.NFO,02/01/2024,13:09:57,1152,1143.05,200,1147.4,200,0,320
FINNIFTY02JAN2422500PE.NFO,02/01/2024,13:09:58,1152,1142.5,280,1146.75,200,0,320
FINNIFTY02JAN2422500PE.NFO,02/01/2024,13:09:59,1152,1142.65,120,1147.4,840,0,320
FINNIFTY02JAN2422500PE.NFO,02/01/2024,13:10:00,1152,1142.65,160,1147.15,40,0,320
FINNIFTY02JAN2422500PE.NFO,02/01/2024,13:10:01,1152,1142.7,40,1147.15,40,0,320
FINNIFTY02JAN2422500PE.NFO,02/01/2024,13:10:02,1152,1142.65,40,1147.1,40,0,320
FINNIFTY02JAN2422500PE.NFO,02/01/2024,13:10:04,1152,1142.6,200,1146.85,200,0,320
FINNIFTY02JAN2422500PE.NFO,02/01/2024,13:10:05,1152,1141.7,240,1145.9,200,0,320
FINNIFTY02JAN2422500PE.NFO,02/01/2024,13:10:06,1152,1140.65,120,1145.35,40,0,320
FINNIFTY02JAN2422500PE.NFO,02/01/2024,13:10:07,1152,1140.9,40,1145.4,200,0,320
FINNIFTY02JAN2422500PE.NFO,02/01/2024,13:10:08,1152,1141.15,240,1145.9,200,0,320
FINNIFTY02JAN2422500PE.NFO,02/01/2024,13:10:09,1152,1141.75,200,1181.3,320,0,320
FINNIFTY02JAN2422500PE.NFO,02/01/2024,13:10:10,1152,1141.7,200,1177.25,200,0,320
FINNIFTY02JAN2422500PE.NFO,02/01/2024,13:10:11,1152,1141.75,200,1173.1,200,0,320
FINNIFTY02JAN2422500PE.NFO,02/01/2024,13:10:12,1152,1141.7,240,1169.15,120,0,320
FINNIFTY02JAN2422500PE.NFO,02/01/2024,13:10:13,1152,1141.05,840,1164.8,200,0,320
FINNIFTY02JAN2422500PE.NFO,02/01/2024,13:10:14,1152,1141.1,360,1160.25,200,0,320
FINNIFTY02JAN2422500PE.NFO,02/01/2024,13:10:15,1152,1140.1,40,1156.6,40,0,320
FINNIFTY02JAN2422500PE.NFO,02/01/2024,13:10:16,1152,1140.05,200,1153.15,200,0,320
FINNIFTY02JAN2422500PE.NFO,02/01/2024,13:10:17,1152,1140.2,200,1149.45,200,0,320
FINNIFTY02JAN2422500PE.NFO,02/01/2024,13:10:18,1152,1140.65,240,1146.4,200,0,320
FINNIFTY02JAN2422500PE.NFO,02/01/2024,13:10:19,1152,1141,120,1145.45,40,0,320
FINNIFTY02JAN2422500PE.NFO,02/01/2024,13:10:20,1152,1141.15,40,1145.35,200,0,320
FINNIFTY02JAN2422500PE.NFO,02/01/2024,13:10:21,1152,1141.15,120,1145.55,40,0,320
FINNIFTY02JAN2422500PE.NFO,02/01/2024,13:10:22,1152,1141.05,160,1145.45,240,0,320
FINNIFTY02JAN2422500PE.NFO,02/01/2024,13:10:23,1152,1141.1,320,1145.35,40,0,320
FINNIFTY02JAN2422500PE.NFO,02/01/2024,13:10:23,1152,1141.15,120,1145.55,40,0,320
FINNIFTY02JAN2422500PE.NFO,02/01/2024,13:10:24,1152,1141.25,240,1145.6,40,0,320
FINNIFTY02JAN2422500PE.NFO,02/01/2024,13:10:25,1152,1141.5,200,1148.2,200,0,320
FINNIFTY02JAN2422500PE.NFO,02/01/2024,13:10:26,1152,1141.75,40,1146.4,200,0,320
FINNIFTY02JAN2422500PE.NFO,02/01/2024,13:10:27,1152,1142.25,160,1146.75,200,0,320
FINNIFTY02JAN2422500PE.NFO,02/01/2024,13:10:28,1152,1142.4,240,1146.75,40,0,320
FINNIFTY02JAN2422500PE.NFO,02/01/2024,13:10:29,1152,1142.35,80,1146.55,40,0,320
FINNIFTY02JAN2422500PE.NFO,02/01/2024,13:10:31,1152,1110.9,200,1146.25,440,0,320
FINNIFTY02JAN2422500PE.NFO,02/01/2024,13:10:31,1152,1113.65,120,1147.55,3040,0,320
FINNIFTY02JAN2422500PE.NFO,02/01/2024,13:10:32,1152,1117.85,40,1147,280,0,320
FINNIFTY02JAN2422500PE.NFO,02/01/2024,13:10:33,1152,1122.05,80,1146.7,40,0,320
FINNIFTY02JAN2422500PE.NFO,02/01/2024,13:10:34,1152,1126.8,80,1146.9,40,0,320
FINNIFTY02JAN2422500PE.NFO,02/01/2024,13:10:36,1152,1132.15,40,1146.85,40,0,320
FINNIFTY02JAN2422500PE.NFO,02/01/2024,13:10:37,1152,1137.2,40,1146.6,80,0,320
FINNIFTY02JAN2422500PE.NFO,02/01/2024,13:10:38,1152,1141.3,40,1146.85,80,0,320
FINNIFTY02JAN2422500PE.NFO,02/01/2024,13:10:38,1152,1141.55,80,1146.85,560,0,320
FINNIFTY02JAN2422500PE.NFO,02/01/2024,13:10:39,1152,1142.2,240,1146.85,40,0,320
FINNIFTY02JAN2422500PE.NFO,02/01/2024,13:10:40,1152,1142.3,200,1146.5,120,0,320
FINNIFTY02JAN2422500PE.NFO,02/01/2024,13:10:42,1152,1141.9,200,1146.35,400,0,320
FINNIFTY02JAN2422500PE.NFO,02/01/2024,13:10:43,1152,1141.8,360,1146.15,120,0,320
FINNIFTY02JAN2422500PE.NFO,02/01/2024,13:10:43,1152,1141.8,240,1146.1,40,0,320
FINNIFTY02JAN2422500PE.NFO,02/01/2024,13:10:44,1152,1141.85,120,1146.25,360,0,320
FINNIFTY02JAN2422500PE.NFO,02/01/2024,13:10:46,1152,1141.85,120,1146.15,200,0,320
FINNIFTY02JAN2422500PE.NFO,02/01/2024,13:10:47,1152,1141.85,400,1146.15,200,0,320
FINNIFTY02JAN2422500PE.NFO,02/01/2024,13:10:48,1152,1141.85,120,1145.95,40,0,320
FINNIFTY02JAN2422500PE.NFO,02/01/2024,13:10:49,1152,1141.65,160,1145.75,200,0,320
FINNIFTY02JAN2422500PE.NFO,02/01/2024,13:10:50,1152,1140.8,200,1145.95,40,0,320
FINNIFTY02JAN2422500PE.NFO,02/01/2024,13:10:51,1152,1141.6,120,1146.1,160,0,320
FINNIFTY02JAN2422500PE.NFO,02/01/2024,13:10:51,1152,1141.7,120,1146.1,160,0,320
FINNIFTY02JAN2422500PE.NFO,02/01/2024,13:10:52,1152,1141.9,160,1146.45,560,0,320
FINNIFTY02JAN2422500PE.NFO,02/01/2024,13:10:54,1152,1142.05,480,1146.7,280,0,320
FINNIFTY02JAN2422500PE.NFO,02/01/2024,13:10:54,1152,1142.3,80,1146.7,160,0,320
FINNIFTY02JAN2422500PE.NFO,02/01/2024,13:10:56,1152,1142.5,120,1179.9,40,0,320
FINNIFTY02JAN2422500PE.NFO,02/01/2024,13:10:56,1152,1142.7,120,1176.7,80,0,320
FINNIFTY02JAN2422500PE.NFO,02/01/2024,13:10:57,1152,1142.9,480,1171.85,80,0,320
FINNIFTY02JAN2422500PE.NFO,02/01/2024,13:10:59,1152,1142.6,280,1167.55,80,0,320
FINNIFTY02JAN2422500PE.NFO,02/01/2024,13:11:00,1152,1142.7,240,1163.4,200,0,320
FINNIFTY02JAN2422500PE.NFO,02/01/2024,13:11:00,1152,1142.75,160,1160.25,80,0,320
FINNIFTY02JAN2422500PE.NFO,02/01/2024,13:11:01,1152,1142.95,120,1156.45,120,0,320
FINNIFTY02JAN2422500PE.NFO,02/01/2024,13:11:02,1152,1143.4,120,1152.55,40,0,320
FINNIFTY02JAN2422500PE.NFO,02/01/2024,13:11:03,1152,1143.55,360,1148.5,120,0,320
FINNIFTY02JAN2422500PE.NFO,02/01/2024,13:11:04,1152,1143.5,160,1147.8,40,0,320
FINNIFTY02JAN2422500PE.NFO,02/01/2024,13:11:05,1152,1143.2,240,1147.45,40,0,320
FINNIFTY02JAN2422500PE.NFO,02/01/2024,13:11:06,1152,1143.25,240,1147.5,40,0,320
FINNIFTY02JAN2422500PE.NFO,02/01/2024,13:11:07,1152,1143.3,320,1147.7,40,0,320
FINNIFTY02JAN2422500PE.NFO,02/01/2024,13:11:08,1152,1143.75,120,1151.55,120,0,320
FINNIFTY02JAN2422500PE.NFO,02/01/2024,13:11:09,1152,1144.35,120,1149.45,360,0,320
FINNIFTY02JAN2422500PE.NFO,02/01/2024,13:11:10,1152,1144.75,120,1149.35,40,0,320
FINNIFTY02JAN2422500PE.NFO,02/01/2024,13:11:12,1152,1144.9,120,1149.4,40,0,320
FINNIFTY02JAN2422500PE.NFO,02/01/2024,13:11:12,1152,1144.45,240,1148.75,200,0,320
FINNIFTY02JAN2422500PE.NFO,02/01/2024,13:11:13,1152,1144.45,240,1148.85,680,0,320
FINNIFTY02JAN2422500PE.NFO,02/01/2024,13:11:15,1152,1144.6,80,1149.1,200,0,320
FINNIFTY02JAN2422500PE.NFO,02/01/2024,13:11:15,1152,1144.75,120,1149.15,40,0,320
FINNIFTY02JAN2422500PE.NFO,02/01/2024,13:11:16,1152,1144.55,240,1149.05,120,0,320
FINNIFTY02JAN2422500PE.NFO,02/01/2024,13:11:17,1152,1144.75,120,1149.1,200,0,320
FINNIFTY02JAN2422500PE.NFO,02/01/2024,13:11:18,1152,1143.3,200,1148.35,40,0,320
FINNIFTY02JAN2422500PE.NFO,02/01/2024,13:11:19,1152,1143.25,720,1147.6,40,0,320
FINNIFTY02JAN2422500PE.NFO,02/01/2024,13:11:20,1152,1143.55,120,1184.05,40,0,320
FINNIFTY02JAN2422500PE.NFO,02/01/2024,13:11:21,1152,1143.8,240,1181.45,120,0,320
FINNIFTY02JAN2422500PE.NFO,02/01/2024,13:11:22,1152,1144.25,120,1177.9,40,0,320
FINNIFTY02JAN2422500PE.NFO,02/01/2024,13:11:23,1152,1144,240,1174.65,80,0,320
FINNIFTY02JAN2422500PE.NFO,02/01/2024,13:11:24,1152,1144.2,120,1170.3,120,0,320
FINNIFTY02JAN2422500PE.NFO,02/01/2024,13:11:25,1152,1144.4,120,1167.4,120,0,320
FINNIFTY02JAN2422500PE.NFO,02/01/2024,13:11:26,1152,1144.55,240,1163.15,280,0,320
FINNIFTY02JAN2422500PE.NFO,02/01/2024,13:11:28,1152,1144.55,120,1157.75,120,0,320
FINNIFTY02JAN2422500PE.NFO,02/01/2024,13:11:29,1152,1144.2,120,1153.75,200,0,320
FINNIFTY02JAN2422500PE.NFO,02/01/2024,13:11:30,1152,1144.6,120,1149.5,40,0,320
FINNIFTY02JAN2422500PE.NFO,02/01/2024,13:11:30,1152,1144.85,120,1149.65,120,0,320
FINNIFTY02JAN2422500PE.NFO,02/01/2024,13:11:32,1152,1145.6,120,1150.55,200,0,320
FINNIFTY02JAN2422500PE.NFO,02/01/2024,13:11:32,1152,1146.1,120,1150.7,40,0,320
FINNIFTY02JAN2422500PE.NFO,02/01/2024,13:11:34,1152,1145.95,240,1150.4,240,0,320
FINNIFTY02JAN2422500PE.NFO,02/01/2024,13:11:35,1152,1146,480,1150.45,200,0,320
FINNIFTY02JAN2422500PE.NFO,02/01/2024,13:11:36,1152,1146.15,120,1181.6,40,0,320
FINNIFTY02JAN2422500PE.NFO,02/01/2024,13:11:37,1152,1146.4,160,1177.55,120,0,320
FINNIFTY02JAN2422500PE.NFO,02/01/2024,13:11:38,1152,1146.65,120,1173.7,120,0,320
FINNIFTY02JAN2422500PE.NFO,02/01/2024,13:11:39,1152,1146.75,120,1169.85,120,0,320
FINNIFTY02JAN2422500PE.NFO,02/01/2024,13:11:40,1152,1147,120,1165.75,120,0,320
FINNIFTY02JAN2422500PE.NFO,02/01/2024,13:11:41,1152,1147,120,1161.1,120,0,320
FINNIFTY02JAN2422500PE.NFO,02/01/2024,13:11:42,1152,1145.4,200,1157.7,120,0,320
FINNIFTY02JAN2422500PE.NFO,02/01/2024,13:11:43,1152,1146,240,1153.95,80,0,320
FINNIFTY02JAN2422500PE.NFO,02/01/2024,13:11:44,1152,1146.4,120,1151.4,120,0,320
FINNIFTY02JAN2422500PE.NFO,02/01/2024,13:11:45,1152,1146.65,120,1150.9,200,0,320
FINNIFTY02JAN2422500PE.NFO,02/01/2024,13:11:46,1152,1146.9,80,1151.1,200,0,320
FINNIFTY02JAN2422500PE.NFO,02/01/2024,13:11:46,1152,1146.9,80,1151.2,40,0,320
FINNIFTY02JAN2422500PE.NFO,02/01/2024,13:11:47,1152,1146.4,600,1150.85,200,0,320
FINNIFTY02JAN2422500PE.NFO,02/01/2024,13:11:48,1152,1146.4,600,1150.95,80,0,320
FINNIFTY02JAN2422500PE.NFO,02/01/2024,13:11:49,1152,1145.5,1640,1150.3,40,0,320
FINNIFTY02JAN2422500PE.NFO,02/01/2024,13:11:51,1152,1146.15,80,1150.6,40,0,320
FINNIFTY02JAN2422500PE.NFO,02/01/2024,13:11:52,1152,1146.1,80,1150.25,200,0,320
FINNIFTY02JAN2422500PE.NFO,02/01/2024,13:11:53,1152,1145.65,120,1150.25,40,0,320
FINNIFTY02JAN2422500PE.NFO,02/01/2024,13:11:54,1152,1141.9,80,1149.9,120,0,320
FINNIFTY02JAN2422500PE.NFO,02/01/2024,13:11:56,1152,1145.45,120,1150.15,40,0,320
FINNIFTY02JAN2422500PE.NFO,02/01/2024,13:11:56,1152,1145.75,120,1151.65,3160,0,320
FINNIFTY02JAN2422500PE.NFO,02/01/2024,13:11:57,1152,1146.2,120,1150.4,40,0,320
FINNIFTY02JAN2422500PE.NFO,02/01/2024,13:11:58,1152,1146.15,120,1150.3,40,0,320
FINNIFTY02JAN2422500PE.NFO,02/01/2024,13:12:00,1152,1145.9,280,1149.95,200,0,320
FINNIFTY02JAN2422500PE.NFO,02/01/2024,13:12:01,1152,1145.7,240,1150.2,40,0,320
FINNIFTY02JAN2422500PE.NFO,02/01/2024,13:12:02,1152,1145.75,120,1149.9,40,0,320
FINNIFTY02JAN2422500PE.NFO,02/01/2024,13:12:03,1152,1145.6,240,1149.7,120,0,320
FINNIFTY02JAN2422500PE.NFO,02/01/2024,13:12:03,1152,1145.6,240,1149.75,240,0,320
FINNIFTY02JAN2422500PE.NFO,02/01/2024,13:12:04,1152,1145.65,120,1149.75,200,0,320
FINNIFTY02JAN2422500PE.NFO,02/01/2024,13:12:06,1152,1144.7,120,1149.25,40,0,320
FINNIFTY02JAN2422500PE.NFO,02/01/2024,13:12:07,1152,1145.2,120,1150.85,40,0,320
FINNIFTY02JAN2422500PE.NFO,02/01/2024,13:12:08,1152,1145.6,120,1149.95,40,0,320
FINNIFTY02JAN2422500PE.NFO,02/01/2024,13:12:09,1152,1145.9,120,1150.2,400,0,320
FINNIFTY02JAN2422500PE.NFO,02/01/2024,13:12:10,1152,1145.95,160,1150.25,40,0,320
FINNIFTY02JAN2422500PE.NFO,02/01/2024,13:12:11,1152,1145.65,240,1150.15,120,0,320
FINNIFTY02JAN2422500PE.NFO,02/01/2024,13:12:12,1152,1143.15,200,1149,120,0,320
FINNIFTY02JAN2422500PE.NFO,02/01/2024,13:12:13,1152,1144.2,120,1148.75,240,0,320
FINNIFTY02JAN2422500PE.NFO,02/01/2024,13:12:14,1152,1144.55,160,1148.9,40,0,320
FINNIFTY02JAN2422500PE.NFO,02/01/2024,13:12:15,1152,1144.7,160,1149.25,200,0,320
FINNIFTY02JAN2422500PE.NFO,02/01/2024,13:12:16,1152,1144.7,120,1148.95,200,0,320
FINNIFTY02JAN2422500PE.NFO,02/01/2024,13:12:17,1152,1144.3,400,1148.8,40,0,320
FINNIFTY02JAN2422500PE.NFO,02/01/2024,13:12:18,1152,1144.3,240,1148.6,40,0,320
FINNIFTY02JAN2422500PE.NFO,02/01/2024,13:12:19,1152,1144.35,120,1148.6,200,0,320
FINNIFTY02JAN2422500PE.NFO,02/01/2024,13:12:20,1152,1144.3,120,1149,120,0,320
FINNIFTY02JAN2422500PE.NFO,02/01/2024,13:12:21,1152,1144.5,120,1149.75,200,0,320
FINNIFTY02JAN2422500PE.NFO,02/01/2024,13:12:22,1152,1144.9,120,1149.45,200,0,320
FINNIFTY02JAN2422500PE.NFO,02/01/2024,13:12:23,1152,1145.35,120,1149.7,320,0,320
FINNIFTY02JAN2422500PE.NFO,02/01/2024,13:12:24,1152,1145.35,120,1149.65,200,0,320
FINNIFTY02JAN2422500PE.NFO,02/01/2024,13:12:25,1152,1145.6,120,1181.3,40,0,320
FINNIFTY02JAN2422500PE.NFO,02/01/2024,13:12:26,1152,1145.65,120,1177.15,120,0,320
FINNIFTY02JAN2422500PE.NFO,02/01/2024,13:12:27,1152,1145.65,280,1173.1,120,0,320
FINNIFTY02JAN2422500PE.NFO,02/01/2024,13:12:28,1152,1145.75,120,1168.3,120,0,320
FINNIFTY02JAN2422500PE.NFO,02/01/2024,13:12:29,1152,1145.7,240,1163.1,40,0,320
FINNIFTY02JAN2422500PE.NFO,02/01/2024,13:12:30,1152,1145.9,40,1156.85,80,0,320
FINNIFTY02JAN2422500PE.NFO,02/01/2024,13:12:30,1152,1146.05,120,1155.55,120,0,320
FINNIFTY02JAN2422500PE.NFO,02/01/2024,13:12:32,1152,1145.8,200,1150.5,120,0,320
FINNIFTY02JAN2422500PE.NFO,02/01/2024,13:12:33,1152,1145.75,160,1149.8,120,0,320
FINNIFTY02JAN2422500PE.NFO,02/01/2024,13:12:34,1152,1145.7,80,1149.75,200,0,320
FINNIFTY02JAN2422500PE.NFO,02/01/2024,13:12:35,1152,1145.75,80,1149.8,200,0,320
FINNIFTY02JAN2422500PE.NFO,02/01/2024,13:12:36,1152,1144.85,120,1149.6,40,0,320
FINNIFTY02JAN2422500PE.NFO,02/01/2024,13:12:38,1152,1145.2,160,1150.05,2280,0,320
FINNIFTY02JAN2422500PE.NFO,02/01/2024,13:12:39,1152,1145.6,360,1149.95,240,0,320
FINNIFTY02JAN2422500PE.NFO,02/01/2024,13:12:40,1152,1145.8,120,1150.05,80,0,320
FINNIFTY02JAN2422500PE.NFO,02/01/2024,13:12:41,1152,1145.75,120,1150,80,0,320
FINNIFTY02JAN2422500PE.NFO,02/01/2024,13:12:42,1152,1145.8,200,1150.05,40,0,320
FINNIFTY02JAN2422500PE.NFO,02/01/2024,13:12:43,1152,1146,120,1150.6,200,0,320
FINNIFTY02JAN2422500PE.NFO,02/01/2024,13:12:44,1152,1145.85,120,1150,40,0,320
FINNIFTY02JAN2422500PE.NFO,02/01/2024,13:12:45,1152,1145.6,120,1149.75,40,0,320
FINNIFTY02JAN2422500PE.NFO,02/01/2024,13:12:46,1152,1145.55,120,1149.65,40,0,320
FINNIFTY02JAN2422500PE.NFO,02/01/2024,13:12:47,1152,1145.55,120,1149.7,40,0,320
FINNIFTY02JAN2422500PE.NFO,02/01/2024,13:12:48,1152,1144.65,120,1149.3,40,0,320
FINNIFTY02JAN2422500PE.NFO,02/01/2024,13:12:49,1152,1144.75,120,1149.05,40,0,320
FINNIFTY02JAN2422500PE.NFO,02/01/2024,13:12:50,1152,1144.75,120,1149.2,40,0,320
FINNIFTY02JAN2422500PE.NFO,02/01/2024,13:12:51,1152,1145.2,120,1149.75,40,0,320
FINNIFTY02JAN2422500PE.NFO,02/01/2024,13:12:52,1152,1145.5,120,1149.75,40,0,320
FINNIFTY02JAN2422500PE.NFO,02/01/2024,13:12:53,1152,1145.35,240,1149.55,40,0,320
FINNIFTY02JAN2422500PE.NFO,02/01/2024,13:12:54,1152,1145.35,240,1149.9,1840,0,320
FINNIFTY02JAN2422500PE.NFO,02/01/2024,13:12:55,1152,1145.4,120,1149.7,40,0,320
FINNIFTY02JAN2422500PE.NFO,02/01/2024,13:12:57,1152,1145.35,240,1149.5,40,0,320
