Ticker,Date,Time,LTP,BuyPrice,BuyQty,SellPrice,SellQty,LTQ,OpenInterest
FINNIFTY02JAN2420900PE.NFO,02/01/2024,09:15:00,0.75,0.6,1240,0.65,600,3840,1398240
FINNIFTY02JAN2420900PE.NFO,02/01/2024,09:15:00,0.75,0.6,1240,0.65,600,0,1398240
FINNIFTY02JAN2420900PE.NFO,02/01/2024,09:15:00,0.75,0.6,1240,0.65,600,0,1398240
FINNIFTY02JAN2420900PE.NFO,02/01/2024,09:15:00,0.55,0.6,1240,0.65,600,0,1398240
FINNIFTY02JAN2420900PE.NFO,02/01/2024,09:15:01,0.6,0.6,8640,0.65,8920,7240,1398240
FINNIFTY02JAN2420900PE.NFO,02/01/2024,09:15:02,0.55,0.55,10360,0.6,10280,19400,1398240
FINNIFTY02JAN2420900PE.NFO,02/01/2024,09:15:03,0.6,0.55,9680,0.6,9280,11640,1398240
FINNIFTY02JAN2420900PE.NFO,02/01/2024,09:15:04,0.55,0.55,1400,0.6,3160,48720,1398240
FINNIFTY02JAN2420900PE.NFO,02/01/2024,09:15:06,0.6,0.6,30080,0.65,33200,32200,1398240
FINNIFTY02JAN2420900PE.NFO,02/01/2024,09:15:07,0.6,0.6,24800,0.65,34280,23760,1398240
FINNIFTY02JAN2420900PE.NFO,02/01/2024,09:15:08,0.6,0.6,5960,0.65,36720,23920,1398240
FINNIFTY02JAN2420900PE.NFO,02/01/2024,09:15:09,0.6,0.6,22120,0.65,65280,20280,1398240
FINNIFTY02JAN2420900PE.NFO,02/01/2024,09:15:10,0.6,0.6,23920,0.65,73080,9560,1398240
FINNIFTY02JAN2420900PE.NFO,02/01/2024,09:15:11,0.6,0.55,22360,0.6,67280,19360,1398240
FINNIFTY02JAN2420900PE.NFO,02/01/2024,09:15:11,0.55,0.55,22200,0.6,71160,160,1398240
FINNIFTY02JAN2420900PE.NFO,02/01/2024,09:15:12,0.55,0.55,35040,0.6,82200,6640,1398240
FINNIFTY02JAN2420900PE.NFO,02/01/2024,09:15:13,0.55,0.55,43960,0.6,91440,16240,1398240
FINNIFTY02JAN2420900PE.NFO,02/01/2024,09:15:14,0.55,0.55,47080,0.6,102520,12840,1398240
FINNIFTY02JAN2420900PE.NFO,02/01/2024,09:15:16,0.55,0.55,45400,0.6,100440,20080,1398240
FINNIFTY02JAN2420900PE.NFO,02/01/2024,09:15:17,0.55,0.55,36120,0.6,110440,8480,1398240
FINNIFTY02JAN2420900PE.NFO,02/01/2024,09:15:18,0.5,0.5,288520,0.55,92160,44560,1398240
FINNIFTY02JAN2420900PE.NFO,02/01/2024,09:15:18,0.5,0.5,288520,0.55,92160,0,1398240
FINNIFTY02JAN2420900PE.NFO,02/01/2024,09:15:19,0.55,0.5,286920,0.55,95680,1680,1398240
FINNIFTY02JAN2420900PE.NFO,02/01/2024,09:15:20,0.5,0.5,286320,0.55,116680,26000,1398240
FINNIFTY02JAN2420900PE.NFO,02/01/2024,09:15:20,0.55,0.5,288920,0.55,117120,3800,1398240
FINNIFTY02JAN2420900PE.NFO,02/01/2024,09:15:21,0.55,0.5,339840,0.55,120120,26920,1398240
FINNIFTY02JAN2420900PE.NFO,02/01/2024,09:15:23,0.55,0.5,341480,0.55,122080,5400,1398240
FINNIFTY02JAN2420900PE.NFO,02/01/2024,09:15:24,0.5,0.5,338880,0.55,129280,4800,1398240
FINNIFTY02JAN2420900PE.NFO,02/01/2024,09:15:25,0.5,0.5,358320,0.55,151880,4160,1398240
FINNIFTY02JAN2420900PE.NFO,02/01/2024,09:15:26,0.5,0.5,362040,0.55,156680,14040,1398240
FINNIFTY02JAN2420900PE.NFO,02/01/2024,09:15:26,0.55,0.5,361880,0.55,154920,1920,1398240
FINNIFTY02JAN2420900PE.NFO,02/01/2024,09:15:27,0.5,0.5,352600,0.55,156720,9280,1398240
FINNIFTY02JAN2420900PE.NFO,02/01/2024,09:15:29,0.5,0.5,360920,0.55,158520,9680,1398240
FINNIFTY02JAN2420900PE.NFO,02/01/2024,09:15:30,0.5,0.5,354720,0.55,146680,21200,1398240
FINNIFTY02JAN2420900PE.NFO,02/01/2024,09:15:31,0.55,0.5,350320,0.55,158080,8440,1398240
FINNIFTY02JAN2420900PE.NFO,02/01/2024,09:15:32,0.5,0.5,344960,0.55,158600,8160,1398240
FINNIFTY02JAN2420900PE.NFO,02/01/2024,09:15:33,0.5,0.5,337640,0.55,160400,7400,1398240
FINNIFTY02JAN2420900PE.NFO,02/01/2024,09:15:33,0.5,0.5,337640,0.55,160400,0,1398240
FINNIFTY02JAN2420900PE.NFO,02/01/2024,09:15:35,0.5,0.5,334480,0.55,167600,3080,1398240
FINNIFTY02JAN2420900PE.NFO,02/01/2024,09:15:36,0.5,0.5,323520,0.55,167560,9600,1398240
FINNIFTY02JAN2420900PE.NFO,02/01/2024,09:15:37,0.5,0.5,317840,0.55,167120,8920,1398240
FINNIFTY02JAN2420900PE.NFO,02/01/2024,09:15:38,0.55,0.5,316920,0.55,184720,1640,1398240
FINNIFTY02JAN2420900PE.NFO,02/01/2024,09:15:39,0.5,0.5,333240,0.55,183880,15280,1398240
FINNIFTY02JAN2420900PE.NFO,02/01/2024,09:15:40,0.5,0.5,342240,0.55,187120,8080,1398240
FINNIFTY02JAN2420900PE.NFO,02/01/2024,09:15:40,0.55,0.5,342240,0.55,187040,1880,1398240
FINNIFTY02JAN2420900PE.NFO,02/01/2024,09:15:42,0.5,0.5,344240,0.55,195440,13360,1398240
FINNIFTY02JAN2420900PE.NFO,02/01/2024,09:15:43,0.5,0.5,332680,0.55,212560,14240,1398240
FINNIFTY02JAN2420900PE.NFO,02/01/2024,09:15:44,0.5,0.5,345480,0.55,228040,2360,1398240
FINNIFTY02JAN2420900PE.NFO,02/01/2024,09:15:45,0.55,0.5,356280,0.55,234920,8080,1398240
FINNIFTY02JAN2420900PE.NFO,02/01/2024,09:15:46,0.55,0.5,359280,0.55,234120,1640,1398240
FINNIFTY02JAN2420900PE.NFO,02/01/2024,09:15:47,0.55,0.5,348520,0.55,243840,11800,1398240
FINNIFTY02JAN2420900PE.NFO,02/01/2024,09:15:47,0.5,0.5,343120,0.55,241680,5800,1398240
FINNIFTY02JAN2420900PE.NFO,02/01/2024,09:15:49,0.5,0.5,322920,0.55,241280,25640,1398240
FINNIFTY02JAN2420900PE.NFO,02/01/2024,09:15:50,0.55,0.5,321760,0.55,251600,1640,1398240
FINNIFTY02JAN2420900PE.NFO,02/01/2024,09:15:51,0.55,0.5,322160,0.55,272400,12520,1398240
FINNIFTY02JAN2420900PE.NFO,02/01/2024,09:15:52,0.5,0.5,312680,0.55,274880,13440,1398240
FINNIFTY02JAN2420900PE.NFO,02/01/2024,09:15:53,0.5,0.5,301320,0.55,274560,13160,1398240
FINNIFTY02JAN2420900PE.NFO,02/01/2024,09:15:54,0.55,0.5,283680,0.55,274920,21520,1398240
FINNIFTY02JAN2420900PE.NFO,02/01/2024,09:15:54,0.5,0.5,279760,0.55,274920,2120,1398240
FINNIFTY02JAN2420900PE.NFO,02/01/2024,09:15:56,0.55,0.5,279040,0.55,307720,16760,1398240
FINNIFTY02JAN2420900PE.NFO,02/01/2024,09:15:57,0.55,0.5,280040,0.55,304000,23440,1398240
FINNIFTY02JAN2420900PE.NFO,02/01/2024,09:15:58,0.55,0.5,297040,0.55,319400,37280,1398240
FINNIFTY02JAN2420900PE.NFO,02/01/2024,09:15:59,0.5,0.5,282640,0.55,330520,24200,1398240
FINNIFTY02JAN2420900PE.NFO,02/01/2024,09:16:00,0.55,0.5,273920,0.55,309920,43920,1398240
FINNIFTY02JAN2420900PE.NFO,02/01/2024,09:16:01,0.55,0.5,310800,0.55,445400,68480,1398240
FINNIFTY02JAN2420900PE.NFO,02/01/2024,09:16:01,0.5,0.5,306640,0.55,464840,4520,1398240
FINNIFTY02JAN2420900PE.NFO,02/01/2024,09:16:03,0.5,0.5,304440,0.55,391200,65760,1398240
FINNIFTY02JAN2420900PE.NFO,02/01/2024,09:16:04,0.5,0.5,289600,0.55,340840,59840,1398240
FINNIFTY02JAN2420900PE.NFO,02/01/2024,09:16:05,0.5,0.5,299440,0.55,380600,15400,1398240
FINNIFTY02JAN2420900PE.NFO,02/01/2024,09:16:06,0.5,0.5,306600,0.55,379400,11840,1398240
FINNIFTY02JAN2420900PE.NFO,02/01/2024,09:16:07,0.55,0.5,324680,0.55,358600,22280,1398240
FINNIFTY02JAN2420900PE.NFO,02/01/2024,09:16:07,0.5,0.5,325960,0.55,356800,4120,1398240
FINNIFTY02JAN2420900PE.NFO,02/01/2024,09:16:08,0.5,0.5,321360,0.55,358640,10680,1398240
FINNIFTY02JAN2420900PE.NFO,02/01/2024,09:16:10,0.5,0.5,300080,0.55,359040,22000,1398240
FINNIFTY02JAN2420900PE.NFO,02/01/2024,09:16:11,0.5,0.5,313600,0.55,389520,8080,1398240
FINNIFTY02JAN2420900PE.NFO,02/01/2024,09:16:12,0.5,0.5,324960,0.55,414440,16440,1398240
FINNIFTY02JAN2420900PE.NFO,02/01/2024,09:16:13,0.5,0.5,332960,0.55,425160,6920,1398240
FINNIFTY02JAN2420900PE.NFO,02/01/2024,09:16:14,0.55,0.5,344200,0.55,444800,10120,1398240
FINNIFTY02JAN2420900PE.NFO,02/01/2024,09:16:14,0.5,0.5,345840,0.55,446600,1960,1398240
FINNIFTY02JAN2420900PE.NFO,02/01/2024,09:16:15,0.5,0.5,353720,0.55,446480,8920,1398240
FINNIFTY02JAN2420900PE.NFO,02/01/2024,09:16:17,0.5,0.5,350600,0.55,447920,17040,1398240
FINNIFTY02JAN2420900PE.NFO,02/01/2024,09:16:18,0.5,0.5,354560,0.55,448440,5240,1398240
FINNIFTY02JAN2420900PE.NFO,02/01/2024,09:16:19,0.5,0.5,343360,0.55,441000,22240,1398240
FINNIFTY02JAN2420900PE.NFO,02/01/2024,09:16:20,0.5,0.5,336320,0.55,435320,19720,1398240
FINNIFTY02JAN2420900PE.NFO,02/01/2024,09:16:21,0.5,0.5,330240,0.55,432720,5080,1398240
FINNIFTY02JAN2420900PE.NFO,02/01/2024,09:16:22,0.5,0.5,278720,0.55,420920,26560,1398240
FINNIFTY02JAN2420900PE.NFO,02/01/2024,09:16:22,0.5,0.5,247680,0.55,415680,7360,1398240
FINNIFTY02JAN2420900PE.NFO,02/01/2024,09:16:24,0.5,0.5,271720,0.55,414920,16360,1398240
FINNIFTY02JAN2420900PE.NFO,02/01/2024,09:16:25,0.5,0.5,262120,0.55,414360,10760,1398240
FINNIFTY02JAN2420900PE.NFO,02/01/2024,09:16:26,0.5,0.5,223920,0.55,411520,23280,1398240
FINNIFTY02JAN2420900PE.NFO,02/01/2024,09:16:27,0.5,0.5,160560,0.55,416160,20240,1398240
FINNIFTY02JAN2420900PE.NFO,02/01/2024,09:16:28,0.5,0.45,812760,0.5,112960,105360,1398240
FINNIFTY02JAN2420900PE.NFO,02/01/2024,09:16:28,0.45,0.45,812760,0.5,112960,0,1398240
FINNIFTY02JAN2420900PE.NFO,02/01/2024,09:16:29,0.5,0.45,823000,0.5,237880,4000,1398240
FINNIFTY02JAN2420900PE.NFO,02/01/2024,09:16:29,0.5,0.45,822840,0.5,242520,560,1398240
FINNIFTY02JAN2420900PE.NFO,02/01/2024,09:16:30,0.45,0.45,817320,0.5,246560,6080,1398240
FINNIFTY02JAN2420900PE.NFO,02/01/2024,09:16:32,0.5,0.45,814440,0.5,255720,4960,1398240
FINNIFTY02JAN2420900PE.NFO,02/01/2024,09:16:33,0.45,0.45,808520,0.5,331000,5680,1398240
FINNIFTY02JAN2420900PE.NFO,02/01/2024,09:16:34,0.45,0.45,806200,0.5,354120,6400,1398240
FINNIFTY02JAN2420900PE.NFO,02/01/2024,09:16:35,0.45,0.45,798040,0.5,401680,9120,1398240
FINNIFTY02JAN2420900PE.NFO,02/01/2024,09:16:36,0.45,0.45,794440,0.5,406760,6080,1398240
FINNIFTY02JAN2420900PE.NFO,02/01/2024,09:16:36,0.45,0.45,794040,0.5,406720,400,1398240
FINNIFTY02JAN2420900PE.NFO,02/01/2024,09:16:37,0.45,0.45,793080,0.5,424920,2240,1398240
FINNIFTY02JAN2420900PE.NFO,02/01/2024,09:16:39,0.45,0.45,794040,0.5,431720,1240,1398240
FINNIFTY02JAN2420900PE.NFO,02/01/2024,09:16:40,0.45,0.45,794160,0.5,453560,5120,1398240
FINNIFTY02JAN2420900PE.NFO,02/01/2024,09:16:41,0.45,0.45,792600,0.5,493960,5560,1398240
FINNIFTY02JAN2420900PE.NFO,02/01/2024,09:16:42,0.5,0.45,793360,0.5,528560,2440,1398240
FINNIFTY02JAN2420900PE.NFO,02/01/2024,09:16:43,0.45,0.45,792720,0.5,553160,2600,1398240
FINNIFTY02JAN2420900PE.NFO,02/01/2024,09:16:44,0.45,0.45,728760,0.5,567240,4480,1398240
FINNIFTY02JAN2420900PE.NFO,02/01/2024,09:16:44,0.5,0.45,728440,0.5,567200,360,1398240
FINNIFTY02JAN2420900PE.NFO,02/01/2024,09:16:45,0.45,0.45,729680,0.5,567200,520,1398240
FINNIFTY02JAN2420900PE.NFO,02/01/2024,09:16:47,0.45,0.45,729520,0.5,566880,3800,1398240
FINNIFTY02JAN2420900PE.NFO,02/01/2024,09:16:48,0.5,0.45,731360,0.5,568120,4160,1398240
FINNIFTY02JAN2420900PE.NFO,02/01/2024,09:16:49,0.5,0.45,728560,0.5,575840,9160,1398240
FINNIFTY02JAN2420900PE.NFO,02/01/2024,09:16:50,0.45,0.45,730160,0.5,581240,200,1398240
FINNIFTY02JAN2420900PE.NFO,02/01/2024,09:16:51,0.5,0.45,742200,0.5,586280,32640,1398240
FINNIFTY02JAN2420900PE.NFO,02/01/2024,09:16:51,0.5,0.45,746840,0.5,586320,5400,1398240
FINNIFTY02JAN2420900PE.NFO,02/01/2024,09:16:52,0.5,0.45,750360,0.5,592120,11280,1398240
FINNIFTY02JAN2420900PE.NFO,02/01/2024,09:16:54,0.5,0.45,753200,0.5,592360,6440,1398240
FINNIFTY02JAN2420900PE.NFO,02/01/2024,09:16:55,0.45,0.45,756440,0.5,590160,7000,1398240
FINNIFTY02JAN2420900PE.NFO,02/01/2024,09:16:56,0.45,0.45,757160,0.5,592920,1080,1398240
FINNIFTY02JAN2420900PE.NFO,02/01/2024,09:16:57,0.5,0.45,755920,0.5,598160,3160,1398240
FINNIFTY02JAN2420900PE.NFO,02/01/2024,09:16:58,0.5,0.45,753800,0.5,597560,3760,1398240
FINNIFTY02JAN2420900PE.NFO,02/01/2024,09:16:58,0.5,0.45,755600,0.5,597560,0,1398240
FINNIFTY02JAN2420900PE.NFO,02/01/2024,09:17:00,0.45,0.45,749480,0.5,597640,4720,1398240
FINNIFTY02JAN2420900PE.NFO,02/01/2024,09:17:01,0.45,0.45,751040,0.5,583800,24720,1398240
FINNIFTY02JAN2420900PE.NFO,02/01/2024,09:17:02,0.45,0.45,744520,0.5,583160,15880,1398240
FINNIFTY02JAN2420900PE.NFO,02/01/2024,09:17:03,0.5,0.45,746000,0.5,584440,2040,1398240
FINNIFTY02JAN2420900PE.NFO,02/01/2024,09:17:04,0.45,0.45,746600,0.5,585600,3040,1398240
FINNIFTY02JAN2420900PE.NFO,02/01/2024,09:17:04,0.45,0.45,746600,0.5,587400,0,1398240
FINNIFTY02JAN2420900PE.NFO,02/01/2024,09:17:05,0.5,0.45,744520,0.5,594400,2320,1398240
FINNIFTY02JAN2420900PE.NFO,02/01/2024,09:17:07,0.45,0.45,742520,0.5,573800,2200,1398240
FINNIFTY02JAN2420900PE.NFO,02/01/2024,09:17:08,0.45,0.45,738680,0.5,583520,2560,1398240
FINNIFTY02JAN2420900PE.NFO,02/01/2024,09:17:09,0.45,0.45,738640,0.5,585280,40,1398240
FINNIFTY02JAN2420900PE.NFO,02/01/2024,09:17:10,0.45,0.45,740280,0.5,588880,200,1398240
FINNIFTY02JAN2420900PE.NFO,02/01/2024,09:17:11,0.45,0.45,794160,0.5,588880,80,1398240
FINNIFTY02JAN2420900PE.NFO,02/01/2024,09:17:11,0.5,0.45,794160,0.5,588680,200,1398240
FINNIFTY02JAN2420900PE.NFO,02/01/2024,09:17:13,0.5,0.45,793960,0.5,590400,280,1398240
FINNIFTY02JAN2420900PE.NFO,02/01/2024,09:17:14,0.5,0.45,793920,0.5,591800,0,1398240
FINNIFTY02JAN2420900PE.NFO,02/01/2024,09:17:15,0.5,0.45,793720,0.5,592240,240,1398240
FINNIFTY02JAN2420900PE.NFO,02/01/2024,09:17:16,0.5,0.45,791920,0.5,591800,440,1398240
FINNIFTY02JAN2420900PE.NFO,02/01/2024,09:17:17,0.45,0.45,790880,0.5,592320,2320,1398240
FINNIFTY02JAN2420900PE.NFO,02/01/2024,09:17:17,0.45,0.45,790880,0.5,592320,0,1398240
FINNIFTY02JAN2420900PE.NFO,02/01/2024,09:17:18,0.5,0.45,789080,0.5,593680,2240,1398240
FINNIFTY02JAN2420900PE.NFO,02/01/2024,09:17:20,0.5,0.45,790880,0.5,591720,160,1398240
FINNIFTY02JAN2420900PE.NFO,02/01/2024,09:17:21,0.5,0.45,789560,0.5,591280,3200,1398240
FINNIFTY02JAN2420900PE.NFO,02/01/2024,09:17:22,0.45,0.45,788520,0.5,591680,2400,1398240
FINNIFTY02JAN2420900PE.NFO,02/01/2024,09:17:23,0.45,0.45,788080,0.5,591680,440,1398240
FINNIFTY02JAN2420900PE.NFO,02/01/2024,09:17:24,0.45,0.45,786600,0.5,602760,1000,1398240
FINNIFTY02JAN2420900PE.NFO,02/01/2024,09:17:24,0.45,0.45,786600,0.5,600880,120,1398240
FINNIFTY02JAN2420900PE.NFO,02/01/2024,09:17:26,0.45,0.45,787760,0.5,603480,1120,1398240
FINNIFTY02JAN2420900PE.NFO,02/01/2024,09:17:27,0.45,0.45,787240,0.5,597160,2320,2084240
FINNIFTY02JAN2420900PE.NFO,02/01/2024,09:17:28,0.45,0.45,786320,0.5,591560,8120,2084240
FINNIFTY02JAN2420900PE.NFO,02/01/2024,09:17:29,0.5,0.45,788680,0.5,585160,14320,2084240
FINNIFTY02JAN2420900PE.NFO,02/01/2024,09:17:30,0.5,0.45,789160,0.5,551000,25920,2084240
FINNIFTY02JAN2420900PE.NFO,02/01/2024,09:17:30,0.5,0.45,789160,0.5,549800,2200,2084240
FINNIFTY02JAN2420900PE.NFO,02/01/2024,09:17:32,0.5,0.45,786280,0.5,544160,10240,2084240
FINNIFTY02JAN2420900PE.NFO,02/01/2024,09:17:33,0.45,0.45,788560,0.5,536160,13280,2084240
FINNIFTY02JAN2420900PE.NFO,02/01/2024,09:17:34,0.45,0.45,795680,0.5,541560,480,2084240
FINNIFTY02JAN2420900PE.NFO,02/01/2024,09:17:35,0.45,0.45,799480,0.5,549760,5200,2084240
FINNIFTY02JAN2420900PE.NFO,02/01/2024,09:17:36,0.5,0.45,801280,0.5,562160,5440,2084240
FINNIFTY02JAN2420900PE.NFO,02/01/2024,09:17:37,0.5,0.45,803080,0.5,563160,10800,2084240
FINNIFTY02JAN2420900PE.NFO,02/01/2024,09:17:38,0.5,0.45,806680,0.5,561360,1800,2084240
FINNIFTY02JAN2420900PE.NFO,02/01/2024,09:17:39,0.45,0.45,804040,0.5,558560,9840,2084240
FINNIFTY02JAN2420900PE.NFO,02/01/2024,09:17:40,0.5,0.45,800920,0.5,555440,8080,2084240
FINNIFTY02JAN2420900PE.NFO,02/01/2024,09:17:41,0.45,0.45,804120,0.5,550480,7200,2084240
FINNIFTY02JAN2420900PE.NFO,02/01/2024,09:17:42,0.45,0.45,808320,0.5,549280,2800,2084240
FINNIFTY02JAN2420900PE.NFO,02/01/2024,09:17:43,0.45,0.45,811800,0.5,549840,2320,2084240
FINNIFTY02JAN2420900PE.NFO,02/01/2024,09:17:44,0.45,0.45,813200,0.5,549440,2200,2084240
FINNIFTY02JAN2420900PE.NFO,02/01/2024,09:17:45,0.45,0.45,815000,0.5,551240,0,2084240
FINNIFTY02JAN2420900PE.NFO,02/01/2024,09:17:46,0.5,0.45,820400,0.5,550400,1240,2084240
FINNIFTY02JAN2420900PE.NFO,02/01/2024,09:17:47,0.5,0.45,822400,0.5,548240,2960,2084240
FINNIFTY02JAN2420900PE.NFO,02/01/2024,09:17:48,0.5,0.45,827800,0.5,545720,2480,2084240
FINNIFTY02JAN2420900PE.NFO,02/01/2024,09:17:49,0.5,0.45,831000,0.5,539680,9960,2084240
FINNIFTY02JAN2420900PE.NFO,02/01/2024,09:17:50,0.45,0.45,830720,0.5,539480,240,2084240
FINNIFTY02JAN2420900PE.NFO,02/01/2024,09:17:51,0.45,0.45,830720,0.5,539480,0,2084240
FINNIFTY02JAN2420900PE.NFO,02/01/2024,09:17:52,0.45,0.45,826160,0.5,533880,10600,2084240
FINNIFTY02JAN2420900PE.NFO,02/01/2024,09:17:53,0.5,0.45,820760,0.5,521880,13800,2084240
FINNIFTY02JAN2420900PE.NFO,02/01/2024,09:17:54,0.5,0.45,818960,0.5,522120,9760,2084240
FINNIFTY02JAN2420900PE.NFO,02/01/2024,09:17:55,0.5,0.45,822600,0.5,520120,3800,2084240
FINNIFTY02JAN2420900PE.NFO,02/01/2024,09:17:56,0.5,0.45,819000,0.5,457200,5320,2084240
FINNIFTY02JAN2420900PE.NFO,02/01/2024,09:17:57,0.45,0.45,818920,0.5,457200,80,2084240
FINNIFTY02JAN2420900PE.NFO,02/01/2024,09:17:58,0.5,0.5,226760,0.55,323600,401200,2084240
FINNIFTY02JAN2420900PE.NFO,02/01/2024,09:17:59,0.5,0.5,269080,0.55,327280,7880,2084240
FINNIFTY02JAN2420900PE.NFO,02/01/2024,09:18:00,0.55,0.5,720200,0.55,336920,10320,2084240
FINNIFTY02JAN2420900PE.NFO,02/01/2024,09:18:01,0.55,0.5,768040,0.55,338600,15000,2084240
FINNIFTY02JAN2420900PE.NFO,02/01/2024,09:18:02,0.5,0.5,1084280,0.55,348400,4120,2084240
FINNIFTY02JAN2420900PE.NFO,02/01/2024,09:18:03,0.5,0.5,1084280,0.55,348400,0,2084240
FINNIFTY02JAN2420900PE.NFO,02/01/2024,09:18:04,0.5,0.5,1285720,0.55,350040,2440,2084240
FINNIFTY02JAN2420900PE.NFO,02/01/2024,09:18:05,0.55,0.5,1566280,0.55,351960,7560,2084240
FINNIFTY02JAN2420900PE.NFO,02/01/2024,09:18:06,0.5,0.5,1566280,0.55,355360,7920,2084240
FINNIFTY02JAN2420900PE.NFO,02/01/2024,09:18:07,0.5,0.5,1563880,0.55,356280,5200,2084240
FINNIFTY02JAN2420900PE.NFO,02/01/2024,09:18:08,0.5,0.5,1565840,0.55,357920,3520,2084240
FINNIFTY02JAN2420900PE.NFO,02/01/2024,09:18:09,0.5,0.5,1568520,0.55,359120,3400,2084240
FINNIFTY02JAN2420900PE.NFO,02/01/2024,09:18:10,0.5,0.5,1567720,0.55,359120,800,2084240
FINNIFTY02JAN2420900PE.NFO,02/01/2024,09:18:11,0.5,0.5,1551400,0.55,356720,1640,2084240
FINNIFTY02JAN2420900PE.NFO,02/01/2024,09:18:12,0.5,0.5,1548640,0.55,354200,5600,2084240
FINNIFTY02JAN2420900PE.NFO,02/01/2024,09:18:13,0.5,0.5,1548960,0.55,357800,2000,2084240
FINNIFTY02JAN2420900PE.NFO,02/01/2024,09:18:14,0.5,0.5,1548480,0.55,355960,7520,2084240
FINNIFTY02JAN2420900PE.NFO,02/01/2024,09:18:15,0.5,0.5,1548040,0.55,355120,2120,2084240
FINNIFTY02JAN2420900PE.NFO,02/01/2024,09:18:16,0.5,0.5,1548000,0.55,358840,200,2084240
FINNIFTY02JAN2420900PE.NFO,02/01/2024,09:18:17,0.5,0.5,1546400,0.55,358680,1800,2084240
FINNIFTY02JAN2420900PE.NFO,02/01/2024,09:18:18,0.55,0.5,1542960,0.55,356680,3600,2084240
FINNIFTY02JAN2420900PE.NFO,02/01/2024,09:18:19,0.5,0.5,1540200,0.55,358680,2800,2084240
FINNIFTY02JAN2420900PE.NFO,02/01/2024,09:18:20,0.5,0.5,1534280,0.55,358640,5880,2084240
FINNIFTY02JAN2420900PE.NFO,02/01/2024,09:18:21,0.55,0.5,1533040,0.55,357400,2600,2084240
FINNIFTY02JAN2420900PE.NFO,02/01/2024,09:18:22,0.55,0.5,1536600,0.55,326480,400,2084240
FINNIFTY02JAN2420900PE.NFO,02/01/2024,09:18:23,0.55,0.5,1538400,0.55,319600,5400,2084240
FINNIFTY02JAN2420900PE.NFO,02/01/2024,09:18:24,0.55,0.5,1541000,0.55,298800,5840,2084240
FINNIFTY02JAN2420900PE.NFO,02/01/2024,09:18:25,0.55,0.5,1540080,0.55,292120,18720,2084240
FINNIFTY02JAN2420900PE.NFO,02/01/2024,09:18:26,0.55,0.5,1536000,0.55,229480,49080,2084240
FINNIFTY02JAN2420900PE.NFO,02/01/2024,09:18:27,0.55,0.55,87640,0.6,463240,194040,2084240
FINNIFTY02JAN2420900PE.NFO,02/01/2024,09:18:28,0.5,0.5,1482560,0.55,121280,129520,2084240
FINNIFTY02JAN2420900PE.NFO,02/01/2024,09:18:29,0.55,0.5,1485800,0.55,111920,3680,2084240
FINNIFTY02JAN2420900PE.NFO,02/01/2024,09:18:30,0.55,0.5,1494680,0.55,110800,10800,2084240
FINNIFTY02JAN2420900PE.NFO,02/01/2024,09:18:31,0.55,0.5,1501760,0.55,106960,21640,2084240
FINNIFTY02JAN2420900PE.NFO,02/01/2024,09:18:32,0.55,0.55,108160,0.6,514920,126360,2084240
FINNIFTY02JAN2420900PE.NFO,02/01/2024,09:18:33,0.55,0.55,126840,0.6,549880,4000,2084240
FINNIFTY02JAN2420900PE.NFO,02/01/2024,09:18:34,0.55,0.55,149800,0.6,580440,4600,2084240
FINNIFTY02JAN2420900PE.NFO,02/01/2024,09:18:35,0.55,0.55,129640,0.6,606000,15240,2084240
FINNIFTY02JAN2420900PE.NFO,02/01/2024,09:18:36,0.55,0.55,144560,0.6,630560,16520,2084240
FINNIFTY02JAN2420900PE.NFO,02/01/2024,09:18:37,0.55,0.55,144520,0.6,632040,400,2084240
FINNIFTY02JAN2420900PE.NFO,02/01/2024,09:18:38,0.5,0.5,1558320,0.55,321360,110920,2084240
FINNIFTY02JAN2420900PE.NFO,02/01/2024,09:18:39,0.5,0.5,1558240,0.55,344400,120,2084240
FINNIFTY02JAN2420900PE.NFO,02/01/2024,09:18:40,0.5,0.5,1556880,0.55,363760,3840,2084240
FINNIFTY02JAN2420900PE.NFO,02/01/2024,09:18:41,0.55,0.5,1554320,0.55,403240,12240,2084240
FINNIFTY02JAN2420900PE.NFO,02/01/2024,09:18:42,0.5,0.5,1550600,0.55,389640,16720,2084240
FINNIFTY02JAN2420900PE.NFO,02/01/2024,09:18:43,0.55,0.5,1550600,0.55,386040,3600,2084240
FINNIFTY02JAN2420900PE.NFO,02/01/2024,09:18:44,0.5,0.5,1550680,0.55,383800,2760,2084240
FINNIFTY02JAN2420900PE.NFO,02/01/2024,09:18:45,0.5,0.5,1547880,0.55,383800,1040,2084240
FINNIFTY02JAN2420900PE.NFO,02/01/2024,09:18:46,0.5,0.5,1549280,0.55,385600,400,2084240
FINNIFTY02JAN2420900PE.NFO,02/01/2024,09:18:47,0.55,0.5,1549200,0.55,398960,3960,2084240
FINNIFTY02JAN2420900PE.NFO,02/01/2024,09:18:48,0.55,0.5,1550080,0.55,406760,8800,2084240
FINNIFTY02JAN2420900PE.NFO,02/01/2024,09:18:49,0.5,0.5,1546240,0.55,420840,5520,2084240
FINNIFTY02JAN2420900PE.NFO,02/01/2024,09:18:50,0.5,0.5,1546120,0.55,420840,120,2084240
FINNIFTY02JAN2420900PE.NFO,02/01/2024,09:18:51,0.5,0.5,1546160,0.55,421400,5920,2084240
FINNIFTY02JAN2420900PE.NFO,02/01/2024,09:18:52,0.5,0.5,1544280,0.55,419160,6080,2084240
FINNIFTY02JAN2420900PE.NFO,02/01/2024,09:18:53,0.5,0.5,1541040,0.55,419960,2480,2084240
FINNIFTY02JAN2420900PE.NFO,02/01/2024,09:18:54,0.5,0.5,1538040,0.55,421760,2960,2084240
FINNIFTY02JAN2420900PE.NFO,02/01/2024,09:18:55,0.5,0.5,1537440,0.55,499760,2760,2084240
FINNIFTY02JAN2420900PE.NFO,02/01/2024,09:18:56,0.5,0.5,1533440,0.55,499880,2120,2084240
FINNIFTY02JAN2420900PE.NFO,02/01/2024,09:18:57,0.5,0.5,1533320,0.55,499880,80,2084240
FINNIFTY02JAN2420900PE.NFO,02/01/2024,09:18:58,0.5,0.5,1534080,0.55,537520,4400,2084240
FINNIFTY02JAN2420900PE.NFO,02/01/2024,09:18:59,0.5,0.5,1532840,0.55,540720,2080,2084240
FINNIFTY02JAN2420900PE.NFO,02/01/2024,09:19:00,0.5,0.5,1531240,0.55,540600,4400,2084240
FINNIFTY02JAN2420900PE.NFO,02/01/2024,09:19:01,0.5,0.5,1526400,0.55,544040,4720,2084240
FINNIFTY02JAN2420900PE.NFO,02/01/2024,09:19:02,0.5,0.5,1521040,0.55,554760,7120,2084240
FINNIFTY02JAN2420900PE.NFO,02/01/2024,09:19:03,0.5,0.5,1516360,0.55,556680,2840,2084240
FINNIFTY02JAN2420900PE.NFO,02/01/2024,09:19:04,0.5,0.5,1517000,0.55,556680,400,2084240
FINNIFTY02JAN2420900PE.NFO,02/01/2024,09:19:05,0.55,0.5,1514040,0.55,558000,3200,2084240
FINNIFTY02JAN2420900PE.NFO,02/01/2024,09:19:06,0.5,0.5,1511800,0.55,563960,2400,2084240
FINNIFTY02JAN2420900PE.NFO,02/01/2024,09:19:07,0.55,0.5,1509560,0.55,577240,3200,2084240
FINNIFTY02JAN2420900PE.NFO,02/01/2024,09:19:08,0.55,0.5,1508800,0.55,594680,2040,2084240
FINNIFTY02JAN2420900PE.NFO,02/01/2024,09:19:09,0.55,0.5,1508960,0.55,609920,1640,2084240
FINNIFTY02JAN2420900PE.NFO,02/01/2024,09:19:10,0.55,0.5,1508960,0.55,611720,0,2084240
FINNIFTY02JAN2420900PE.NFO,02/01/2024,09:19:11,0.5,0.5,1506840,0.55,630360,5560,2084240
FINNIFTY02JAN2420900PE.NFO,02/01/2024,09:19:12,0.55,0.5,1507040,0.55,640160,3120,2084240
FINNIFTY02JAN2420900PE.NFO,02/01/2024,09:19:13,0.55,0.5,1507040,0.55,653160,0,2084240
FINNIFTY02JAN2420900PE.NFO,02/01/2024,09:19:14,0.55,0.5,1506760,0.55,670200,6400,2084240
FINNIFTY02JAN2420900PE.NFO,02/01/2024,09:19:15,0.55,0.5,1505600,0.55,671760,2240,2084240
FINNIFTY02JAN2420900PE.NFO,02/01/2024,09:19:16,0.55,0.5,1507240,0.55,673120,240,2084240
FINNIFTY02JAN2420900PE.NFO,02/01/2024,09:19:17,0.55,0.5,1514360,0.55,678760,240,2084240
FINNIFTY02JAN2420900PE.NFO,02/01/2024,09:19:18,0.55,0.5,1511040,0.55,683160,4040,2084240
FINNIFTY02JAN2420900PE.NFO,02/01/2024,09:19:19,0.5,0.5,1507040,0.55,688520,5840,2084240
FINNIFTY02JAN2420900PE.NFO,02/01/2024,09:19:20,0.55,0.5,1507040,0.55,687240,280,2084240
FINNIFTY02JAN2420900PE.NFO,02/01/2024,09:19:21,0.55,0.5,1507040,0.55,691920,2120,2084240
FINNIFTY02JAN2420900PE.NFO,02/01/2024,09:19:22,0.5,0.5,1505960,0.55,688840,4120,2084240
FINNIFTY02JAN2420900PE.NFO,02/01/2024,09:19:23,0.5,0.5,1503440,0.55,686600,5440,2084240
FINNIFTY02JAN2420900PE.NFO,02/01/2024,09:19:24,0.5,0.5,1503440,0.55,686600,0,2084240
FINNIFTY02JAN2420900PE.NFO,02/01/2024,09:19:25,0.5,0.5,1503400,0.55,792400,40,2084240
FINNIFTY02JAN2420900PE.NFO,02/01/2024,09:19:26,0.55,0.5,1503120,0.55,795160,3760,2084240
FINNIFTY02JAN2420900PE.NFO,02/01/2024,09:19:27,0.55,0.5,1503160,0.55,793600,440,2084240
FINNIFTY02JAN2420900PE.NFO,02/01/2024,09:19:28,0.55,0.5,1501360,0.55,794600,0,2084240
FINNIFTY02JAN2420900PE.NFO,02/01/2024,09:19:29,0.55,0.5,1501320,0.55,800000,0,2084240
FINNIFTY02JAN2420900PE.NFO,02/01/2024,09:19:30,0.5,0.5,1501760,0.55,812400,1400,2084240
FINNIFTY02JAN2420900PE.NFO,02/01/2024,09:19:31,0.5,0.5,1500960,0.55,788800,1920,2084240
FINNIFTY02JAN2420900PE.NFO,02/01/2024,09:19:32,0.55,0.5,1500840,0.55,795480,160,2084240
FINNIFTY02JAN2420900PE.NFO,02/01/2024,09:19:33,0.5,0.5,1499240,0.55,793920,5040,2084240
FINNIFTY02JAN2420900PE.NFO,02/01/2024,09:19:34,0.5,0.5,1497800,0.55,800240,4920,2084240
FINNIFTY02JAN2420900PE.NFO,02/01/2024,09:19:35,0.55,0.5,1493280,0.55,802760,4760,2084240
FINNIFTY02JAN2420900PE.NFO,02/01/2024,09:19:36,0.5,0.5,1492840,0.55,804480,440,2084240
FINNIFTY02JAN2420900PE.NFO,02/01/2024,09:19:37,0.55,0.5,1494640,0.55,800680,2080,2084240
FINNIFTY02JAN2420900PE.NFO,02/01/2024,09:19:38,0.5,0.5,1491480,0.55,800160,3200,2084240
FINNIFTY02JAN2420900PE.NFO,02/01/2024,09:19:39,0.5,0.5,1487680,0.55,800160,3800,2084240
FINNIFTY02JAN2420900PE.NFO,02/01/2024,09:19:40,0.5,0.5,1485520,0.55,798920,5240,2084240
FINNIFTY02JAN2420900PE.NFO,02/01/2024,09:19:41,0.5,0.5,1485280,0.55,798920,240,2084240
FINNIFTY02JAN2420900PE.NFO,02/01/2024,09:19:42,0.5,0.5,1482080,0.55,864640,3600,2084240
FINNIFTY02JAN2420900PE.NFO,02/01/2024,09:19:43,0.5,0.5,1480040,0.55,865840,560,2084240
FINNIFTY02JAN2420900PE.NFO,02/01/2024,09:19:44,0.5,0.5,1479560,0.55,866040,3000,2084240
FINNIFTY02JAN2420900PE.NFO,02/01/2024,09:19:45,0.5,0.5,1478680,0.55,894800,960,2084240
FINNIFTY02JAN2420900PE.NFO,02/01/2024,09:19:46,0.55,0.5,1476840,0.55,897280,2040,2084240
FINNIFTY02JAN2420900PE.NFO,02/01/2024,09:19:47,0.5,0.5,1476240,0.55,897280,600,2084240
FINNIFTY02JAN2420900PE.NFO,02/01/2024,09:19:48,0.5,0.5,1476360,0.55,898080,1600,2084240
FINNIFTY02JAN2420900PE.NFO,02/01/2024,09:19:49,0.5,0.5,1477240,0.55,898040,160,2084240
FINNIFTY02JAN2420900PE.NFO,02/01/2024,09:19:50,0.55,0.5,1476520,0.55,900280,5320,2084240
FINNIFTY02JAN2420900PE.NFO,02/01/2024,09:19:51,0.55,0.5,1475280,0.55,898480,5600,2084240
FINNIFTY02JAN2420900PE.NFO,02/01/2024,09:19:52,0.5,0.5,1474160,0.55,902040,3160,2084240
FINNIFTY02JAN2420900PE.NFO,02/01/2024,09:19:53,0.5,0.5,1473720,0.55,900240,2520,2084240
FINNIFTY02JAN2420900PE.NFO,02/01/2024,09:19:54,0.5,0.5,1472320,0.55,901680,2840,2084240
FINNIFTY02JAN2420900PE.NFO,02/01/2024,09:19:55,0.55,0.5,1474200,0.55,906240,5960,2084240
FINNIFTY02JAN2420900PE.NFO,02/01/2024,09:19:56,0.55,0.5,1470800,0.55,909720,3520,2084240
FINNIFTY02JAN2420900PE.NFO,02/01/2024,09:19:57,0.55,0.5,1470200,0.55,913240,3840,2084240
FINNIFTY02JAN2420900PE.NFO,02/01/2024,09:19:58,0.55,0.5,1469400,0.55,909560,4720,2084240
FINNIFTY02JAN2420900PE.NFO,02/01/2024,09:19:59,0.5,0.5,1467200,0.55,910560,1840,2084240
FINNIFTY02JAN2420900PE.NFO,02/01/2024,09:20:00,0.5,0.5,1455000,0.55,916440,13920,2084240
FINNIFTY02JAN2420900PE.NFO,02/01/2024,09:20:01,0.5,0.5,1456440,0.55,909600,7640,2084240
FINNIFTY02JAN2420900PE.NFO,02/01/2024,09:20:02,0.5,0.5,1454080,0.55,909120,560,2084240
FINNIFTY02JAN2420900PE.NFO,02/01/2024,09:20:03,0.5,0.5,1453720,0.55,908720,760,2084240
FINNIFTY02JAN2420900PE.NFO,02/01/2024,09:20:04,0.55,0.5,1449320,0.55,1024920,3400,2084240
FINNIFTY02JAN2420900PE.NFO,02/01/2024,09:20:05,0.5,0.5,1450080,0.55,1023480,680,2084240
FINNIFTY02JAN2420900PE.NFO,02/01/2024,09:20:06,0.5,0.5,1451040,0.55,1022680,3440,2084240
FINNIFTY02JAN2420900PE.NFO,02/01/2024,09:20:07,0.55,0.5,1447880,0.55,1022640,1440,2084240
FINNIFTY02JAN2420900PE.NFO,02/01/2024,09:20:08,0.5,0.5,1443960,0.55,1021720,12280,2084240
FINNIFTY02JAN2420900PE.NFO,02/01/2024,09:20:09,0.5,0.5,1441840,0.55,1025320,2120,2084240
FINNIFTY02JAN2420900PE.NFO,02/01/2024,09:20:10,0.55,0.5,1441800,0.55,1020240,6480,2084240
FINNIFTY02JAN2420900PE.NFO,02/01/2024,09:20:11,0.55,0.5,1439880,0.55,1031080,1920,2084240
FINNIFTY02JAN2420900PE.NFO,02/01/2024,09:20:12,0.55,0.5,1439880,0.55,1031000,80,2084240
FINNIFTY02JAN2420900PE.NFO,02/01/2024,09:20:13,0.55,0.5,1439880,0.55,1029280,1800,2084240
FINNIFTY02JAN2420900PE.NFO,02/01/2024,09:20:14,0.5,0.5,1440920,0.55,1028320,1240,2084240
FINNIFTY02JAN2420900PE.NFO,02/01/2024,09:20:15,0.5,0.5,1440280,0.55,1029160,1000,2084240
FINNIFTY02JAN2420900PE.NFO,02/01/2024,09:20:16,0.55,0.5,1440280,0.55,1027320,40,2084240
FINNIFTY02JAN2420900PE.NFO,02/01/2024,09:20:17,0.5,0.5,1439880,0.55,1029120,400,2084240
FINNIFTY02JAN2420900PE.NFO,02/01/2024,09:20:18,0.55,0.5,1439880,0.55,1029080,1840,2084240
FINNIFTY02JAN2420900PE.NFO,02/01/2024,09:20:19,0.5,0.5,1437160,0.55,1027280,2720,2084240
FINNIFTY02JAN2420900PE.NFO,02/01/2024,09:20:20,0.55,0.5,1440720,0.55,1028280,800,2084240
FINNIFTY02JAN2420900PE.NFO,02/01/2024,09:20:21,0.55,0.5,1438920,0.55,1028280,0,2084240
FINNIFTY02JAN2420900PE.NFO,02/01/2024,09:20:22,0.5,0.5,1438520,0.55,1027160,1520,2084240
FINNIFTY02JAN2420900PE.NFO,02/01/2024,09:20:23,0.5,0.5,1438320,0.55,1027160,240,2084240
FINNIFTY02JAN2420900PE.NFO,02/01/2024,09:20:24,0.5,0.5,1438160,0.55,1029160,80,2084240
FINNIFTY02JAN2420900PE.NFO,02/01/2024,09:20:25,0.5,0.5,1440360,0.55,1028440,400,2084240
FINNIFTY02JAN2420900PE.NFO,02/01/2024,09:20:26,0.5,0.5,1437880,0.55,1026440,2640,2084240
FINNIFTY02JAN2420900PE.NFO,02/01/2024,09:20:27,0.5,0.5,1435080,0.55,1026440,2760,2631520
FINNIFTY02JAN2420900PE.NFO,02/01/2024,09:20:28,0.5,0.5,1436000,0.55,1028160,1000,2631520
FINNIFTY02JAN2420900PE.NFO,02/01/2024,09:20:29,0.5,0.5,1434280,0.55,1026360,1720,2631520
FINNIFTY02JAN2420900PE.NFO,02/01/2024,09:20:36,0.5,0.5,1431760,0.55,1026000,8520,2631520
FINNIFTY02JAN2420900PE.NFO,02/01/2024,09:20:45,0.55,0.5,1406800,0.55,1022880,25640,2631520
FINNIFTY02JAN2420900PE.NFO,02/01/2024,09:20:55,0.55,0.5,1402360,0.55,1015440,20000,2631520
FINNIFTY02JAN2420900PE.NFO,02/01/2024,09:21:04,0.5,0.5,1387440,0.55,1007240,28320,2631520
FINNIFTY02JAN2420900PE.NFO,02/01/2024,09:21:15,0.55,0.5,1378440,0.55,993760,33120,2631520
FINNIFTY02JAN2420900PE.NFO,02/01/2024,09:21:25,0.5,0.5,1369480,0.55,961320,61120,2631520
FINNIFTY02JAN2420900PE.NFO,02/01/2024,09:21:35,0.5,0.5,1374560,0.55,941600,72360,2631520
FINNIFTY02JAN2420900PE.NFO,02/01/2024,09:21:45,0.5,0.5,1309880,0.55,938680,79240,2631520
FINNIFTY02JAN2420900PE.NFO,02/01/2024,09:21:55,0.5,0.5,1195200,0.55,890240,105480,2631520
FINNIFTY02JAN2420900PE.NFO,02/01/2024,09:22:07,0.5,0.5,2017240,0.55,833920,101920,2631520
FINNIFTY02JAN2420900PE.NFO,02/01/2024,09:22:19,0.55,0.5,2448440,0.55,832240,11160,2631520
FINNIFTY02JAN2420900PE.NFO,02/01/2024,09:22:30,0.55,0.5,2443440,0.55,854160,12840,2631520
FINNIFTY02JAN2420900PE.NFO,02/01/2024,09:22:40,0.55,0.5,2431800,0.55,842560,17480,2631520
FINNIFTY02JAN2420900PE.NFO,02/01/2024,09:22:50,0.5,0.5,2382440,0.55,856560,65680,2631520
FINNIFTY02JAN2420900PE.NFO,02/01/2024,09:23:00,0.5,0.45,2047200,0.5,268880,401840,2631520
FINNIFTY02JAN2420900PE.NFO,02/01/2024,09:23:09,0.45,0.45,2043880,0.5,608360,20920,2631520
FINNIFTY02JAN2420900PE.NFO,02/01/2024,09:23:19,0.45,0.45,2039080,0.5,744600,8000,2631520
FINNIFTY02JAN2420900PE.NFO,02/01/2024,09:23:28,0.5,0.45,2039960,0.5,741480,20280,2898400
FINNIFTY02JAN2420900PE.NFO,02/01/2024,09:23:30,0.5,0.45,2040520,0.5,747240,10120,2898400
FINNIFTY02JAN2420900PE.NFO,02/01/2024,09:23:32,0.5,0.45,2041280,0.5,741960,7160,2898400
FINNIFTY02JAN2420900PE.NFO,02/01/2024,09:23:33,0.5,0.45,2043280,0.5,733560,3680,2898400
FINNIFTY02JAN2420900PE.NFO,02/01/2024,09:23:34,0.5,0.45,2043520,0.5,728640,4840,2898400
FINNIFTY02JAN2420900PE.NFO,02/01/2024,09:23:35,0.5,0.45,2043000,0.5,739200,1120,2898400
FINNIFTY02JAN2420900PE.NFO,02/01/2024,09:23:36,0.45,0.45,2042960,0.5,740960,80,2898400
FINNIFTY02JAN2420900PE.NFO,02/01/2024,09:23:36,0.45,0.45,2042960,0.5,739160,0,2898400
FINNIFTY02JAN2420900PE.NFO,02/01/2024,09:23:37,0.45,0.45,2041720,0.5,742040,1960,2898400
FINNIFTY02JAN2420900PE.NFO,02/01/2024,09:23:38,0.45,0.45,2041640,0.5,737960,2360,2898400
FINNIFTY02JAN2420900PE.NFO,02/01/2024,09:23:39,0.5,0.45,2040160,0.5,740680,120,2898400
FINNIFTY02JAN2420900PE.NFO,02/01/2024,09:23:40,0.45,0.45,2041480,0.5,738880,80,2898400
FINNIFTY02JAN2420900PE.NFO,02/01/2024,09:23:41,0.5,0.45,2041240,0.5,742760,600,2898400
FINNIFTY02JAN2420900PE.NFO,02/01/2024,09:23:42,0.45,0.45,2041160,0.5,740800,320,2898400
FINNIFTY02JAN2420900PE.NFO,02/01/2024,09:23:43,0.45,0.45,2041080,0.5,742800,80,2898400
FINNIFTY02JAN2420900PE.NFO,02/01/2024,09:23:44,0.5,0.45,2041120,0.5,702440,38400,2898400
FINNIFTY02JAN2420900PE.NFO,02/01/2024,09:23:45,0.5,0.45,2040320,0.5,682600,22600,2898400
FINNIFTY02JAN2420900PE.NFO,02/01/2024,09:23:47,0.5,0.45,2040320,0.5,661200,9080,2898400
FINNIFTY02JAN2420900PE.NFO,02/01/2024,09:23:48,0.5,0.45,2040320,0.5,661200,0,2898400
FINNIFTY02JAN2420900PE.NFO,02/01/2024,09:23:48,0.45,0.45,2039520,0.5,661200,800,2898400
FINNIFTY02JAN2420900PE.NFO,02/01/2024,09:23:49,0.5,0.45,2039520,0.5,660200,1000,2898400
FINNIFTY02JAN2420900PE.NFO,02/01/2024,09:23:50,0.5,0.45,2037120,0.5,658600,2200,2898400
FINNIFTY02JAN2420900PE.NFO,02/01/2024,09:23:52,0.45,0.45,2036120,0.5,657760,1800,2898400
FINNIFTY02JAN2420900PE.NFO,02/01/2024,09:23:53,0.5,0.45,2036080,0.5,655760,2040,2898400
FINNIFTY02JAN2420900PE.NFO,02/01/2024,09:23:54,0.5,0.45,2035840,0.5,656040,400,2898400
FINNIFTY02JAN2420900PE.NFO,02/01/2024,09:23:55,0.5,0.45,2037200,0.5,655680,360,2898400
FINNIFTY02JAN2420900PE.NFO,02/01/2024,09:23:56,0.45,0.45,2036240,0.5,646600,1040,2898400
FINNIFTY02JAN2420900PE.NFO,02/01/2024,09:23:57,0.45,0.45,2036240,0.5,623200,0,2898400
FINNIFTY02JAN2420900PE.NFO,02/01/2024,09:23:58,0.45,0.45,2036040,0.5,622960,240,2898400
FINNIFTY02JAN2420900PE.NFO,02/01/2024,09:23:58,0.45,0.45,2036040,0.5,622960,0,2898400
FINNIFTY02JAN2420900PE.NFO,02/01/2024,09:23:59,0.5,0.45,2035600,0.5,621040,1920,2898400
FINNIFTY02JAN2420900PE.NFO,02/01/2024,09:24:00,0.5,0.45,2036040,0.5,614360,6280,2898400
FINNIFTY02JAN2420900PE.NFO,02/01/2024,09:24:01,0.45,0.45,2034160,0.5,612720,1440,2898400
FINNIFTY02JAN2420900PE.NFO,02/01/2024,09:24:02,0.45,0.45,2035680,0.5,576640,38240,2898400
FINNIFTY02JAN2420900PE.NFO,02/01/2024,09:24:03,0.5,0.45,2035720,0.5,517640,59440,2898400
FINNIFTY02JAN2420900PE.NFO,02/01/2024,09:24:05,0.5,0.45,2025120,0.5,377880,50880,2898400
FINNIFTY02JAN2420900PE.NFO,02/01/2024,09:24:06,0.5,0.45,2024640,0.5,322480,5560,2898400
FINNIFTY02JAN2420900PE.NFO,02/01/2024,09:24:07,0.5,0.45,2024200,0.5,244600,39600,2898400
FINNIFTY02JAN2420900PE.NFO,02/01/2024,09:24:08,0.5,0.45,1988120,0.5,123760,122520,2898400
FINNIFTY02JAN2420900PE.NFO,02/01/2024,09:24:09,0.5,0.45,1983560,0.5,60080,52520,2898400
FINNIFTY02JAN2420900PE.NFO,02/01/2024,09:24:10,0.5,0.5,224080,0.55,981680,55560,2898400
FINNIFTY02JAN2420900PE.NFO,02/01/2024,09:24:11,0.5,0.5,287800,0.55,998120,5160,2898400
FINNIFTY02JAN2420900PE.NFO,02/01/2024,09:24:11,0.5,0.5,291400,0.55,998120,0,2898400
FINNIFTY02JAN2420900PE.NFO,02/01/2024,09:24:12,0.5,0.5,280600,0.55,1028800,4160,2898400
FINNIFTY02JAN2420900PE.NFO,02/01/2024,09:24:13,0.5,0.5,264040,0.55,1046560,6880,2898400
FINNIFTY02JAN2420900PE.NFO,02/01/2024,09:24:15,0.5,0.5,255720,0.55,1064560,75960,2898400
FINNIFTY02JAN2420900PE.NFO,02/01/2024,09:24:16,0.55,0.5,224080,0.55,1074280,25400,2898400
FINNIFTY02JAN2420900PE.NFO,02/01/2024,09:24:17,0.5,0.5,223560,0.55,1075440,3680,2898400
FINNIFTY02JAN2420900PE.NFO,02/01/2024,09:24:17,0.5,0.5,223480,0.55,1067440,8080,2898400
FINNIFTY02JAN2420900PE.NFO,02/01/2024,09:24:19,0.55,0.5,224600,0.55,1086680,8080,2898400
FINNIFTY02JAN2420900PE.NFO,02/01/2024,09:24:20,0.5,0.5,228680,0.55,1081400,6320,2898400
FINNIFTY02JAN2420900PE.NFO,02/01/2024,09:24:21,0.5,0.5,227880,0.55,1080400,4400,2898400
FINNIFTY02JAN2420900PE.NFO,02/01/2024,09:24:22,0.55,0.5,227880,0.55,1076760,1840,2898400
FINNIFTY02JAN2420900PE.NFO,02/01/2024,09:24:23,0.5,0.5,202640,0.55,1078560,3640,2898400
FINNIFTY02JAN2420900PE.NFO,02/01/2024,09:24:24,0.5,0.5,189040,0.55,1079560,0,2898400
FINNIFTY02JAN2420900PE.NFO,02/01/2024,09:24:25,0.55,0.5,187600,0.55,1077440,3840,2898400
FINNIFTY02JAN2420900PE.NFO,02/01/2024,09:24:26,0.55,0.5,187600,0.55,1078040,0,2898400
FINNIFTY02JAN2420900PE.NFO,02/01/2024,09:24:27,0.55,0.5,186160,0.55,1079840,0,2898400
FINNIFTY02JAN2420900PE.NFO,02/01/2024,09:24:27,0.55,0.5,186160,0.55,1079560,0,2898400
FINNIFTY02JAN2420900PE.NFO,02/01/2024,09:24:28,0.5,0.5,183360,0.55,1079640,600,2898400
FINNIFTY02JAN2420900PE.NFO,02/01/2024,09:24:29,0.5,0.5,183360,0.55,1082120,0,2898400
FINNIFTY02JAN2420900PE.NFO,02/01/2024,09:24:30,0.5,0.5,139600,0.55,1079520,23160,2898400
FINNIFTY02JAN2420900PE.NFO,02/01/2024,09:24:31,0.5,0.45,2107440,0.5,191320,62760,2898400
FINNIFTY02JAN2420900PE.NFO,02/01/2024,09:24:32,0.45,0.45,2110600,0.5,298920,1640,2898400
FINNIFTY02JAN2420900PE.NFO,02/01/2024,09:24:33,0.5,0.45,2036800,0.5,339440,1600,2898400
FINNIFTY02JAN2420900PE.NFO,02/01/2024,09:24:35,0.5,0.45,2018800,0.5,376680,12400,2898400
FINNIFTY02JAN2420900PE.NFO,02/01/2024,09:24:36,0.45,0.45,2020560,0.5,407640,40,2898400
FINNIFTY02JAN2420900PE.NFO,02/01/2024,09:24:37,0.45,0.45,2018320,0.5,425280,0,2898400
FINNIFTY02JAN2420900PE.NFO,02/01/2024,09:24:37,0.45,0.45,2018320,0.5,428880,0,2898400
FINNIFTY02JAN2420900PE.NFO,02/01/2024,09:24:38,0.45,0.45,2020160,0.5,445080,0,2898400
FINNIFTY02JAN2420900PE.NFO,02/01/2024,09:24:39,0.5,0.45,2023760,0.5,441640,1760,2898400
FINNIFTY02JAN2420900PE.NFO,02/01/2024,09:24:41,0.5,0.45,2022320,0.5,452360,160,2898400
FINNIFTY02JAN2420900PE.NFO,02/01/2024,09:24:42,0.45,0.45,2021160,0.5,476040,2560,2898400
FINNIFTY02JAN2420900PE.NFO,02/01/2024,09:24:43,0.45,0.45,2026720,0.5,484360,10800,2898400
FINNIFTY02JAN2420900PE.NFO,02/01/2024,09:24:43,0.45,0.45,2028200,0.5,484360,320,2898400
FINNIFTY02JAN2420900PE.NFO,02/01/2024,09:24:44,0.45,0.45,2025200,0.5,484400,2280,2898400
FINNIFTY02JAN2420900PE.NFO,02/01/2024,09:24:45,0.45,0.45,2023440,0.5,487880,1280,2898400
FINNIFTY02JAN2420900PE.NFO,02/01/2024,09:24:47,0.45,0.45,2021840,0.5,488880,1600,2898400
FINNIFTY02JAN2420900PE.NFO,02/01/2024,09:24:48,0.45,0.45,2018920,0.5,492480,1120,2898400
FINNIFTY02JAN2420900PE.NFO,02/01/2024,09:24:49,0.45,0.45,2011480,0.5,539440,9400,2898400
FINNIFTY02JAN2420900PE.NFO,02/01/2024,09:24:50,0.45,0.45,2005400,0.5,536080,13520,2898400
FINNIFTY02JAN2420900PE.NFO,02/01/2024,09:24:50,0.45,0.45,2000000,0.5,536880,6680,2898400
FINNIFTY02JAN2420900PE.NFO,02/01/2024,09:24:51,0.45,0.45,2013640,0.5,536600,4640,2898400
FINNIFTY02JAN2420900PE.NFO,02/01/2024,09:24:53,0.45,0.45,2010880,0.5,543920,4400,2898400
FINNIFTY02JAN2420900PE.NFO,02/01/2024,09:24:54,0.45,0.45,2001880,0.5,558320,4360,2898400
FINNIFTY02JAN2420900PE.NFO,02/01/2024,09:24:55,0.45,0.45,1997520,0.5,581760,6080,2898400
FINNIFTY02JAN2420900PE.NFO,02/01/2024,09:24:56,0.45,0.45,1992400,0.5,583320,5520,2898400
FINNIFTY02JAN2420900PE.NFO,02/01/2024,09:24:56,0.45,0.45,1991600,0.5,581520,800,2898400
FINNIFTY02JAN2420900PE.NFO,02/01/2024,09:24:57,0.45,0.45,1995320,0.5,584520,1440,2898400
FINNIFTY02JAN2420900PE.NFO,02/01/2024,09:24:59,0.5,0.45,1991200,0.5,582640,21800,2898400
FINNIFTY02JAN2420900PE.NFO,02/01/2024,09:25:00,0.45,0.45,1988120,0.5,579880,3080,2898400
FINNIFTY02JAN2420900PE.NFO,02/01/2024,09:25:01,0.5,0.45,1987800,0.5,578000,4320,2898400
FINNIFTY02JAN2420900PE.NFO,02/01/2024,09:25:02,0.5,0.45,1990600,0.5,600440,7240,2898400
FINNIFTY02JAN2420900PE.NFO,02/01/2024,09:25:02,0.5,0.45,1990600,0.5,613760,0,2898400
FINNIFTY02JAN2420900PE.NFO,02/01/2024,09:25:03,0.5,0.45,1990640,0.5,721800,1200,2898400
FINNIFTY02JAN2420900PE.NFO,02/01/2024,09:25:04,0.5,0.45,1989960,0.5,744840,2040,2898400
FINNIFTY02JAN2420900PE.NFO,02/01/2024,09:25:05,0.5,0.45,1989880,0.5,745440,1120,2898400
FINNIFTY02JAN2420900PE.NFO,02/01/2024,09:25:06,0.45,0.45,1988120,0.5,759120,2280,2898400
FINNIFTY02JAN2420900PE.NFO,02/01/2024,09:25:07,0.5,0.45,1987040,0.5,764480,1480,2898400
FINNIFTY02JAN2420900PE.NFO,02/01/2024,09:25:08,0.5,0.45,1987040,0.5,763760,0,2898400
FINNIFTY02JAN2420900PE.NFO,02/01/2024,09:25:10,0.5,0.45,1987280,0.5,754680,5000,2898400
FINNIFTY02JAN2420900PE.NFO,02/01/2024,09:25:11,0.5,0.45,1974680,0.5,765320,0,2898400
FINNIFTY02JAN2420900PE.NFO,02/01/2024,09:25:12,0.5,0.45,1967480,0.5,761120,1320,2898400
FINNIFTY02JAN2420900PE.NFO,02/01/2024,09:25:14,0.5,0.45,1969280,0.5,766600,0,2898400
FINNIFTY02JAN2420900PE.NFO,02/01/2024,09:25:15,0.5,0.45,1969240,0.5,764120,1360,2898400
FINNIFTY02JAN2420900PE.NFO,02/01/2024,09:25:16,0.5,0.45,1969760,0.5,763760,1120,2898400
FINNIFTY02JAN2420900PE.NFO,02/01/2024,09:25:16,0.45,0.45,1965760,0.5,763760,4000,2898400
FINNIFTY02JAN2420900PE.NFO,02/01/2024,09:25:17,0.5,0.45,1965760,0.5,765800,80,2898400
FINNIFTY02JAN2420900PE.NFO,02/01/2024,09:25:18,0.5,0.45,1965880,0.5,765760,1840,2898400
FINNIFTY02JAN2420900PE.NFO,02/01/2024,09:25:19,0.5,0.45,1965880,0.5,763960,2160,2898400
FINNIFTY02JAN2420900PE.NFO,02/01/2024,09:25:20,0.5,0.45,1965880,0.5,766840,0,2898400
FINNIFTY02JAN2420900PE.NFO,02/01/2024,09:25:21,0.45,0.45,1965480,0.5,768640,400,2898400
FINNIFTY02JAN2420900PE.NFO,02/01/2024,09:25:22,0.45,0.45,1965480,0.5,770440,0,2898400
FINNIFTY02JAN2420900PE.NFO,02/01/2024,09:25:24,0.5,0.45,1965640,0.5,770800,1880,2898400
FINNIFTY02JAN2420900PE.NFO,02/01/2024,09:25:24,0.5,0.45,1966280,0.5,772400,1520,2898400
FINNIFTY02JAN2420900PE.NFO,02/01/2024,09:25:26,0.45,0.45,1968000,0.5,770120,3880,2898400
FINNIFTY02JAN2420900PE.NFO,02/01/2024,09:25:26,0.45,0.45,1966200,0.5,771920,0,2898400
FINNIFTY02JAN2420900PE.NFO,02/01/2024,09:25:27,0.5,0.45,1968360,0.5,766360,10040,2898400
FINNIFTY02JAN2420900PE.NFO,02/01/2024,09:25:28,0.5,0.45,1968360,0.5,766280,80,2898400
FINNIFTY02JAN2420900PE.NFO,02/01/2024,09:25:36,0.5,0.45,1964680,0.5,757880,14520,2898400
FINNIFTY02JAN2420900PE.NFO,02/01/2024,09:25:46,0.45,0.45,1954800,0.5,721240,52840,2898400
FINNIFTY02JAN2420900PE.NFO,02/01/2024,09:25:56,0.5,0.45,1693800,0.5,729840,6120,2898400
FINNIFTY02JAN2420900PE.NFO,02/01/2024,09:26:06,0.5,0.45,1689360,0.5,725920,13680,2898400
FINNIFTY02JAN2420900PE.NFO,02/01/2024,09:26:15,0.5,0.45,1660920,0.5,706440,16280,2898400
FINNIFTY02JAN2420900PE.NFO,02/01/2024,09:26:26,0.5,0.45,1657000,0.5,653760,99320,2898400
FINNIFTY02JAN2420900PE.NFO,02/01/2024,09:26:36,0.5,0.45,1650440,0.5,613400,30400,3036080
FINNIFTY02JAN2420900PE.NFO,02/01/2024,09:26:47,0.45,0.45,1584880,0.5,28880,508120,3036080
FINNIFTY02JAN2420900PE.NFO,02/01/2024,09:26:58,0.5,0.5,194000,0.55,850440,86280,3036080
FINNIFTY02JAN2420900PE.NFO,02/01/2024,09:27:08,0.5,0.5,157000,0.55,854080,99960,3036080
FINNIFTY02JAN2420900PE.NFO,02/01/2024,09:27:18,0.5,0.45,1911840,0.5,552080,88320,3036080
FINNIFTY02JAN2420900PE.NFO,02/01/2024,09:27:28,0.5,0.45,1914840,0.5,678240,11120,3036080
FINNIFTY02JAN2420900PE.NFO,02/01/2024,09:27:30,0.5,0.45,1914240,0.5,690160,1680,3036080
FINNIFTY02JAN2420900PE.NFO,02/01/2024,09:27:31,0.5,0.45,1914240,0.5,691960,0,3036080
FINNIFTY02JAN2420900PE.NFO,02/01/2024,09:27:32,0.5,0.45,1914240,0.5,691880,80,3036080
FINNIFTY02JAN2420900PE.NFO,02/01/2024,09:27:33,0.5,0.45,1914240,0.5,693680,0,3036080
FINNIFTY02JAN2420900PE.NFO,02/01/2024,09:27:34,0.5,0.45,1914240,0.5,694360,3320,3036080
FINNIFTY02JAN2420900PE.NFO,02/01/2024,09:27:35,0.5,0.45,1914240,0.5,696000,1640,3036080
FINNIFTY02JAN2420900PE.NFO,02/01/2024,09:27:36,0.5,0.45,1913440,0.5,711480,800,3036080
FINNIFTY02JAN2420900PE.NFO,02/01/2024,09:27:37,0.5,0.45,1913440,0.5,715600,1240,3036080
FINNIFTY02JAN2420900PE.NFO,02/01/2024,09:27:38,0.5,0.45,1913440,0.5,704520,1800,3036080
FINNIFTY02JAN2420900PE.NFO,02/01/2024,09:27:39,0.5,0.45,1913240,0.5,699960,4440,3036080
FINNIFTY02JAN2420900PE.NFO,02/01/2024,09:27:40,0.5,0.45,1912800,0.5,697200,1320,3036080
FINNIFTY02JAN2420900PE.NFO,02/01/2024,09:27:41,0.45,0.45,1910920,0.5,711960,6000,3036080
FINNIFTY02JAN2420900PE.NFO,02/01/2024,09:27:42,0.5,0.45,1911360,0.5,710600,1800,3036080
FINNIFTY02JAN2420900PE.NFO,02/01/2024,09:27:43,0.5,0.45,1911360,0.5,700680,160,3036080
FINNIFTY02JAN2420900PE.NFO,02/01/2024,09:27:44,0.5,0.45,1911360,0.5,710080,2000,3036080
FINNIFTY02JAN2420900PE.NFO,02/01/2024,09:27:45,0.45,0.45,1911120,0.5,711400,240,3036080
FINNIFTY02JAN2420900PE.NFO,02/01/2024,09:27:46,0.5,0.45,1911120,0.5,693120,4520,3036080
FINNIFTY02JAN2420900PE.NFO,02/01/2024,09:27:47,0.5,0.45,1911360,0.5,695480,480,3036080
FINNIFTY02JAN2420900PE.NFO,02/01/2024,09:27:48,0.5,0.45,1911360,0.5,694080,1400,3036080
FINNIFTY02JAN2420900PE.NFO,02/01/2024,09:27:49,0.5,0.45,1910400,0.5,688600,2560,3036080
FINNIFTY02JAN2420900PE.NFO,02/01/2024,09:27:51,0.5,0.45,1911680,0.5,702400,6920,3036080
FINNIFTY02JAN2420900PE.NFO,02/01/2024,09:27:52,0.5,0.45,1588480,0.5,701440,9560,3036080
FINNIFTY02JAN2420900PE.NFO,02/01/2024,09:27:53,0.5,0.45,1589480,0.5,692760,1760,3036080
FINNIFTY02JAN2420900PE.NFO,02/01/2024,09:27:54,0.5,0.45,1589400,0.5,692400,1000,3036080
FINNIFTY02JAN2420900PE.NFO,02/01/2024,09:27:55,0.5,0.45,1589400,0.5,692080,320,3036080
FINNIFTY02JAN2420900PE.NFO,02/01/2024,09:27:56,0.5,0.45,1589440,0.5,690800,1400,3036080
FINNIFTY02JAN2420900PE.NFO,02/01/2024,09:27:57,0.5,0.45,1590600,0.5,688360,5400,3036080
FINNIFTY02JAN2420900PE.NFO,02/01/2024,09:27:58,0.45,0.45,1590240,0.5,693480,7480,3036080
FINNIFTY02JAN2420900PE.NFO,02/01/2024,09:27:59,0.5,0.45,1591320,0.5,681400,3560,3036080
FINNIFTY02JAN2420900PE.NFO,02/01/2024,09:28:00,0.45,0.45,1571280,0.5,695360,20080,3036080
FINNIFTY02JAN2420900PE.NFO,02/01/2024,09:28:01,0.45,0.45,1567840,0.5,694280,1040,3036080
FINNIFTY02JAN2420900PE.NFO,02/01/2024,09:28:02,0.45,0.45,1572560,0.5,696080,1840,3036080
FINNIFTY02JAN2420900PE.NFO,02/01/2024,09:28:03,0.45,0.45,1572440,0.5,712280,160,3036080
FINNIFTY02JAN2420900PE.NFO,02/01/2024,09:28:04,0.45,0.45,1572720,0.5,713440,7800,3036080
FINNIFTY02JAN2420900PE.NFO,02/01/2024,09:28:05,0.45,0.45,1572720,0.5,714320,0,3036080
FINNIFTY02JAN2420900PE.NFO,02/01/2024,09:28:06,0.5,0.45,1573960,0.5,712720,4400,3036080
FINNIFTY02JAN2420900PE.NFO,02/01/2024,09:28:07,0.5,0.45,1575400,0.5,713280,2720,3036080
FINNIFTY02JAN2420900PE.NFO,02/01/2024,09:28:08,0.5,0.45,1576760,0.5,710320,6000,3036080
FINNIFTY02JAN2420900PE.NFO,02/01/2024,09:28:09,0.45,0.45,1576960,0.5,710120,3680,3036080
FINNIFTY02JAN2420900PE.NFO,02/01/2024,09:28:10,0.5,0.45,1577600,0.5,710480,1920,3036080
FINNIFTY02JAN2420900PE.NFO,02/01/2024,09:28:11,0.5,0.45,1579200,0.5,708600,7800,3036080
FINNIFTY02JAN2420900PE.NFO,02/01/2024,09:28:12,0.5,0.45,1580120,0.5,705520,1280,3036080
FINNIFTY02JAN2420900PE.NFO,02/01/2024,09:28:13,0.5,0.45,1559640,0.5,706000,23000,3036080
FINNIFTY02JAN2420900PE.NFO,02/01/2024,09:28:14,0.5,0.45,1559160,0.5,710720,4680,3036080
FINNIFTY02JAN2420900PE.NFO,02/01/2024,09:28:14,0.5,0.45,1559160,0.5,710520,200,3036080
FINNIFTY02JAN2420900PE.NFO,02/01/2024,09:28:16,0.5,0.45,1559160,0.5,712040,11400,3036080
FINNIFTY02JAN2420900PE.NFO,02/01/2024,09:28:17,0.5,0.45,1559120,0.5,712480,600,3036080
FINNIFTY02JAN2420900PE.NFO,02/01/2024,09:28:18,0.5,0.45,1558520,0.5,719720,1000,3036080
FINNIFTY02JAN2420900PE.NFO,02/01/2024,09:28:19,0.5,0.45,1558520,0.5,719320,400,3036080
FINNIFTY02JAN2420900PE.NFO,02/01/2024,09:28:20,0.45,0.45,1557480,0.5,721120,1040,3036080
FINNIFTY02JAN2420900PE.NFO,02/01/2024,09:28:21,0.5,0.45,1561080,0.5,720840,280,3036080
FINNIFTY02JAN2420900PE.NFO,02/01/2024,09:28:23,0.5,0.45,1561120,0.5,719040,1800,3036080
FINNIFTY02JAN2420900PE.NFO,02/01/2024,09:28:24,0.45,0.45,1568360,0.5,719040,40,3036080
FINNIFTY02JAN2420900PE.NFO,02/01/2024,09:28:25,0.5,0.45,1568360,0.5,719400,800,3036080
FINNIFTY02JAN2420900PE.NFO,02/01/2024,09:28:26,0.5,0.45,1560360,0.5,710000,22800,3036080
FINNIFTY02JAN2420900PE.NFO,02/01/2024,09:28:27,0.5,0.45,1560400,0.5,698000,15600,3036080
FINNIFTY02JAN2420900PE.NFO,02/01/2024,09:28:28,0.5,0.45,1560400,0.5,699600,2000,3036080
FINNIFTY02JAN2420900PE.NFO,02/01/2024,09:28:29,0.5,0.45,1560360,0.5,699600,0,3036080
FINNIFTY02JAN2420900PE.NFO,02/01/2024,09:28:42,0.5,0.45,1562240,0.5,702440,10600,3036080
FINNIFTY02JAN2420900PE.NFO,02/01/2024,09:28:55,0.5,0.45,1561640,0.5,672120,24600,3036080
FINNIFTY02JAN2420900PE.NFO,02/01/2024,09:29:05,0.45,0.45,1558520,0.5,686640,10760,3036080
FINNIFTY02JAN2420900PE.NFO,02/01/2024,09:29:16,0.5,0.45,1547040,0.5,879600,10760,3036080
FINNIFTY02JAN2420900PE.NFO,02/01/2024,09:29:28,0.45,0.45,1496480,0.5,868080,23560,3363120
FINNIFTY02JAN2420900PE.NFO,02/01/2024,09:29:38,0.5,0.45,1496080,0.5,864480,4760,3363120
FINNIFTY02JAN2420900PE.NFO,02/01/2024,09:29:48,0.45,0.45,1454320,0.5,902440,46160,3363120
FINNIFTY02JAN2420900PE.NFO,02/01/2024,09:29:58,0.5,0.45,1438560,0.5,840680,99160,3363120
FINNIFTY02JAN2420900PE.NFO,02/01/2024,09:30:08,0.5,0.45,1441720,0.5,838200,12080,3363120
FINNIFTY02JAN2420900PE.NFO,02/01/2024,09:30:18,0.45,0.45,1422560,0.5,873800,49200,3363120
FINNIFTY02JAN2420900PE.NFO,02/01/2024,09:30:28,0.5,0.45,1422400,0.5,866320,4000,3363120
FINNIFTY02JAN2420900PE.NFO,02/01/2024,09:30:39,0.45,0.45,710040,0.5,858040,37520,3363120
FINNIFTY02JAN2420900PE.NFO,02/01/2024,09:30:49,0.5,0.45,542800,0.5,814560,42520,3363120
FINNIFTY02JAN2420900PE.NFO,02/01/2024,09:30:59,0.45,0.45,341920,0.5,800400,75040,3363120
FINNIFTY02JAN2420900PE.NFO,02/01/2024,09:31:10,0.5,0.45,355200,0.5,828280,3960,3363120
FINNIFTY02JAN2420900PE.NFO,02/01/2024,09:31:21,0.5,0.45,352480,0.5,834160,11120,3363120
FINNIFTY02JAN2420900PE.NFO,02/01/2024,09:31:30,0.5,0.45,326320,0.5,810600,28280,3363120
FINNIFTY02JAN2420900PE.NFO,02/01/2024,09:31:40,0.45,0.45,361680,0.5,862880,27960,3363120
FINNIFTY02JAN2420900PE.NFO,02/01/2024,09:31:49,0.5,0.45,354520,0.5,880120,28040,3363120
FINNIFTY02JAN2420900PE.NFO,02/01/2024,09:31:59,0.5,0.45,351880,0.5,882080,11440,3363120
FINNIFTY02JAN2420900PE.NFO,02/01/2024,09:32:08,0.5,0.45,499800,0.5,885480,6280,3363120
FINNIFTY02JAN2420900PE.NFO,02/01/2024,09:32:18,0.5,0.45,514280,0.5,890840,20520,3363120
FINNIFTY02JAN2420900PE.NFO,02/01/2024,09:32:28,0.5,0.45,495160,0.5,902160,28400,3363120
FINNIFTY02JAN2420900PE.NFO,02/01/2024,09:32:38,0.5,0.45,490320,0.5,901440,14640,3535280
FINNIFTY02JAN2420900PE.NFO,02/01/2024,09:32:48,0.5,0.45,470480,0.5,914840,25440,3535280
FINNIFTY02JAN2420900PE.NFO,02/01/2024,09:32:58,0.5,0.45,471520,0.5,912640,5960,3535280
FINNIFTY02JAN2420900PE.NFO,02/01/2024,09:33:08,0.5,0.45,460680,0.5,879160,55120,3535280
FINNIFTY02JAN2420900PE.NFO,02/01/2024,09:33:17,0.5,0.45,703440,0.5,869760,36000,3535280
FINNIFTY02JAN2420900PE.NFO,02/01/2024,09:33:27,0.5,0.45,803560,0.5,851640,24520,3535280
FINNIFTY02JAN2420900PE.NFO,02/01/2024,09:33:36,0.5,0.45,837720,0.5,856640,19680,3535280
FINNIFTY02JAN2420900PE.NFO,02/01/2024,09:33:46,0.5,0.45,856880,0.5,864320,13280,3535280
FINNIFTY02JAN2420900PE.NFO,02/01/2024,09:33:56,0.45,0.45,860160,0.5,864760,25880,3535280
FINNIFTY02JAN2420900PE.NFO,02/01/2024,09:34:05,0.45,0.45,869120,0.5,858120,10520,3535280
FINNIFTY02JAN2420900PE.NFO,02/01/2024,09:34:14,0.5,0.45,878080,0.5,857320,2120,3535280
FINNIFTY02JAN2420900PE.NFO,02/01/2024,09:34:23,0.5,0.45,878040,0.5,854440,1040,3535280
FINNIFTY02JAN2420900PE.NFO,02/01/2024,09:34:32,0.5,0.45,878440,0.5,852840,3520,3535280
FINNIFTY02JAN2420900PE.NFO,02/01/2024,09:34:41,0.45,0.45,872920,0.5,852680,5760,3535280
FINNIFTY02JAN2420900PE.NFO,02/01/2024,09:34:51,0.5,0.45,863800,0.5,835120,18200,3535280
FINNIFTY02JAN2420900PE.NFO,02/01/2024,09:35:00,0.5,0.45,875160,0.5,718480,152760,3535280
FINNIFTY02JAN2420900PE.NFO,02/01/2024,09:35:09,0.5,0.45,960800,0.5,699360,40120,3535280
FINNIFTY02JAN2420900PE.NFO,02/01/2024,09:35:18,0.5,0.45,973440,0.5,704560,16400,3535280
FINNIFTY02JAN2420900PE.NFO,02/01/2024,09:35:28,0.45,0.45,995400,0.5,693680,35600,3535280
FINNIFTY02JAN2420900PE.NFO,02/01/2024,09:35:37,0.5,0.45,1016840,0.5,673760,30600,3575720
FINNIFTY02JAN2420900PE.NFO,02/01/2024,09:35:46,0.5,0.45,1015520,0.5,633200,34960,3575720
FINNIFTY02JAN2420900PE.NFO,02/01/2024,09:35:56,0.45,0.45,1017360,0.5,567400,95360,3575720
FINNIFTY02JAN2420900PE.NFO,02/01/2024,09:36:06,0.5,0.45,1028600,0.5,555040,11040,3575720
FINNIFTY02JAN2420900PE.NFO,02/01/2024,09:36:15,0.5,0.45,1043560,0.5,547400,13720,3575720
FINNIFTY02JAN2420900PE.NFO,02/01/2024,09:36:24,0.5,0.45,1046080,0.5,534680,24800,3575720
FINNIFTY02JAN2420900PE.NFO,02/01/2024,09:36:34,0.5,0.45,1045920,0.5,517040,52920,3575720
FINNIFTY02JAN2420900PE.NFO,02/01/2024,09:36:43,0.5,0.45,1089960,0.5,441320,58480,3575720
FINNIFTY02JAN2420900PE.NFO,02/01/2024,09:36:52,0.5,0.5,637800,0.55,567440,360440,3575720
FINNIFTY02JAN2420900PE.NFO,02/01/2024,09:37:01,0.5,0.5,637680,0.55,563240,5720,3575720
FINNIFTY02JAN2420900PE.NFO,02/01/2024,09:37:09,0.5,0.5,629760,0.55,676000,17040,3575720
FINNIFTY02JAN2420900PE.NFO,02/01/2024,09:37:19,0.55,0.5,575760,0.55,706560,24480,3575720
FINNIFTY02JAN2420900PE.NFO,02/01/2024,09:37:28,0.55,0.5,528920,0.55,692520,27920,3575720
FINNIFTY02JAN2420900PE.NFO,02/01/2024,09:37:30,0.5,0.5,234840,0.55,688640,3880,3575720
FINNIFTY02JAN2420900PE.NFO,02/01/2024,09:37:31,0.55,0.5,176760,0.55,679760,1800,3575720
FINNIFTY02JAN2420900PE.NFO,02/01/2024,09:37:32,0.5,0.45,1422440,0.5,374960,103440,3575720
FINNIFTY02JAN2420900PE.NFO,02/01/2024,09:37:33,0.5,0.45,1430280,0.5,445960,1800,3575720
FINNIFTY02JAN2420900PE.NFO,02/01/2024,09:37:33,0.5,0.45,1430280,0.5,463960,0,3575720
FINNIFTY02JAN2420900PE.NFO,02/01/2024,09:37:34,0.5,0.45,1430280,0.5,463760,3600,3575720
FINNIFTY02JAN2420900PE.NFO,02/01/2024,09:37:36,0.5,0.45,1430160,0.5,457000,3320,3575720
FINNIFTY02JAN2420900PE.NFO,02/01/2024,09:37:37,0.5,0.45,1430880,0.5,463200,2880,3575720
FINNIFTY02JAN2420900PE.NFO,02/01/2024,09:37:38,0.5,0.45,1430880,0.5,472640,1800,3575720
FINNIFTY02JAN2420900PE.NFO,02/01/2024,09:37:38,0.5,0.45,1432200,0.5,472640,1800,3575720
FINNIFTY02JAN2420900PE.NFO,02/01/2024,09:37:39,0.5,0.45,1433520,0.5,475240,0,3575720
FINNIFTY02JAN2420900PE.NFO,02/01/2024,09:37:41,0.5,0.45,1433520,0.5,475440,200,3575720
FINNIFTY02JAN2420900PE.NFO,02/01/2024,09:37:42,0.5,0.45,1436320,0.5,470760,3680,3575720
FINNIFTY02JAN2420900PE.NFO,02/01/2024,09:37:43,0.5,0.45,1436240,0.5,476160,0,3575720
FINNIFTY02JAN2420900PE.NFO,02/01/2024,09:37:44,0.5,0.45,1436240,0.5,470960,200,3575720
FINNIFTY02JAN2420900PE.NFO,02/01/2024,09:37:45,0.5,0.45,1436840,0.5,465920,1800,3575720
FINNIFTY02JAN2420900PE.NFO,02/01/2024,09:37:46,0.5,0.45,1436840,0.5,464120,1800,3575720
FINNIFTY02JAN2420900PE.NFO,02/01/2024,09:37:47,0.5,0.45,1436840,0.5,464120,0,3575720
FINNIFTY02JAN2420900PE.NFO,02/01/2024,09:37:49,0.5,0.45,1436840,0.5,472520,1120,3575720
FINNIFTY02JAN2420900PE.NFO,02/01/2024,09:37:50,0.5,0.45,1436840,0.5,472920,0,3575720
FINNIFTY02JAN2420900PE.NFO,02/01/2024,09:37:51,0.5,0.45,1436840,0.5,467640,280,3575720
FINNIFTY02JAN2420900PE.NFO,02/01/2024,09:37:52,0.5,0.45,1454840,0.5,467640,0,3575720
FINNIFTY02JAN2420900PE.NFO,02/01/2024,09:37:53,0.5,0.45,1454120,0.5,470720,4400,3575720
FINNIFTY02JAN2420900PE.NFO,02/01/2024,09:37:53,0.5,0.45,1454120,0.5,470560,160,3575720
FINNIFTY02JAN2420900PE.NFO,02/01/2024,09:37:57,0.5,0.45,1454120,0.5,470560,0,3575720
FINNIFTY02JAN2420900PE.NFO,02/01/2024,09:38:00,0.5,0.45,1456320,0.5,469840,5200,3575720
FINNIFTY02JAN2420900PE.NFO,02/01/2024,09:38:01,0.5,0.45,1456320,0.5,467080,1680,3575720
FINNIFTY02JAN2420900PE.NFO,02/01/2024,09:38:02,0.5,0.45,1456320,0.5,470080,0,3575720
FINNIFTY02JAN2420900PE.NFO,02/01/2024,09:38:04,0.45,0.45,1456240,0.5,470080,80,3575720
FINNIFTY02JAN2420900PE.NFO,02/01/2024,09:38:06,0.5,0.45,1456240,0.5,468400,1680,3575720
FINNIFTY02JAN2420900PE.NFO,02/01/2024,09:38:07,0.5,0.45,1456240,0.5,468400,0,3575720
FINNIFTY02JAN2420900PE.NFO,02/01/2024,09:38:09,0.5,0.45,1456200,0.5,467600,800,3575720
FINNIFTY02JAN2420900PE.NFO,02/01/2024,09:38:09,0.5,0.45,1456200,0.5,467600,0,3575720
FINNIFTY02JAN2420900PE.NFO,02/01/2024,09:38:11,0.5,0.45,1454200,0.5,467480,2120,3575720
FINNIFTY02JAN2420900PE.NFO,02/01/2024,09:38:12,0.5,0.45,1455840,0.5,467680,40,3575720
FINNIFTY02JAN2420900PE.NFO,02/01/2024,09:38:13,0.5,0.45,1455840,0.5,467280,400,3575720
FINNIFTY02JAN2420900PE.NFO,02/01/2024,09:38:14,0.5,0.45,1455800,0.5,467280,0,3575720
FINNIFTY02JAN2420900PE.NFO,02/01/2024,09:38:15,0.5,0.45,1455800,0.5,467320,0,3575720
FINNIFTY02JAN2420900PE.NFO,02/01/2024,09:38:16,0.5,0.45,1455920,0.5,467840,800,3575720
FINNIFTY02JAN2420900PE.NFO,02/01/2024,09:38:17,0.5,0.45,1455920,0.5,467800,40,3575720
FINNIFTY02JAN2420900PE.NFO,02/01/2024,09:38:18,0.5,0.45,1455920,0.5,462560,240,3575720
FINNIFTY02JAN2420900PE.NFO,02/01/2024,09:38:19,0.45,0.45,1454600,0.5,469160,1320,3575720
FINNIFTY02JAN2420900PE.NFO,02/01/2024,09:38:20,0.5,0.45,1454600,0.5,467360,1800,3575720
FINNIFTY02JAN2420900PE.NFO,02/01/2024,09:38:21,0.5,0.45,1455600,0.5,468000,2000,3575720
FINNIFTY02JAN2420900PE.NFO,02/01/2024,09:38:21,0.5,0.45,1455600,0.5,468000,0,3575720
FINNIFTY02JAN2420900PE.NFO,02/01/2024,09:38:23,0.5,0.45,1455720,0.5,464680,1800,3575720
FINNIFTY02JAN2420900PE.NFO,02/01/2024,09:38:24,0.5,0.45,1455880,0.5,460120,1800,3575720
FINNIFTY02JAN2420900PE.NFO,02/01/2024,09:38:25,0.5,0.45,1455880,0.5,459160,1800,3575720
FINNIFTY02JAN2420900PE.NFO,02/01/2024,09:38:26,0.45,0.45,1455000,0.5,464200,1840,3575720
FINNIFTY02JAN2420900PE.NFO,02/01/2024,09:38:27,0.5,0.45,1455000,0.5,467960,1840,3575720
FINNIFTY02JAN2420900PE.NFO,02/01/2024,09:38:29,0.5,0.45,1455000,0.5,463080,200,3575720
FINNIFTY02JAN2420900PE.NFO,02/01/2024,09:38:30,0.45,0.45,1453200,0.5,467040,1800,3671520
FINNIFTY02JAN2420900PE.NFO,02/01/2024,09:38:39,0.45,0.45,1430800,0.5,672320,43040,3671520
FINNIFTY02JAN2420900PE.NFO,02/01/2024,09:38:48,0.5,0.45,1430160,0.5,688040,10480,3671520
FINNIFTY02JAN2420900PE.NFO,02/01/2024,09:38:58,0.5,0.45,1439880,0.5,673120,48520,3671520
FINNIFTY02JAN2420900PE.NFO,02/01/2024,09:39:07,0.5,0.45,1363000,0.5,678000,17000,3671520
FINNIFTY02JAN2420900PE.NFO,02/01/2024,09:39:17,0.5,0.45,1337360,0.5,681040,6000,3671520
FINNIFTY02JAN2420900PE.NFO,02/01/2024,09:39:26,0.5,0.45,1269120,0.5,664880,74760,3671520
FINNIFTY02JAN2420900PE.NFO,02/01/2024,09:39:35,0.5,0.45,1267320,0.5,644040,35480,3671520
FINNIFTY02JAN2420900PE.NFO,02/01/2024,09:39:44,0.5,0.45,1037080,0.5,643560,5960,3671520
FINNIFTY02JAN2420900PE.NFO,02/01/2024,09:39:55,0.5,0.45,1008600,0.5,513360,181320,3671520
FINNIFTY02JAN2420900PE.NFO,02/01/2024,09:40:06,0.45,0.45,997200,0.5,532360,19520,3671520
FINNIFTY02JAN2420900PE.NFO,02/01/2024,09:40:16,0.45,0.45,994640,0.5,544600,5120,3671520
FINNIFTY02JAN2420900PE.NFO,02/01/2024,09:40:27,0.45,0.45,989840,0.5,544400,3120,3671520
FINNIFTY02JAN2420900PE.NFO,02/01/2024,09:40:37,0.5,0.45,960400,0.5,558080,18520,3671520
FINNIFTY02JAN2420900PE.NFO,02/01/2024,09:40:47,0.45,0.45,952920,0.5,568440,7720,3671520
FINNIFTY02JAN2420900PE.NFO,02/01/2024,09:40:58,0.45,0.45,960200,0.5,536880,30720,3671520
FINNIFTY02JAN2420900PE.NFO,02/01/2024,09:41:08,0.45,0.45,938640,0.5,515880,53920,3671520
FINNIFTY02JAN2420900PE.NFO,02/01/2024,09:41:18,0.5,0.45,930440,0.5,522440,20840,3671520
FINNIFTY02JAN2420900PE.NFO,02/01/2024,09:41:28,0.5,0.45,928640,0.5,536440,15560,3671520
FINNIFTY02JAN2420900PE.NFO,02/01/2024,09:41:38,0.45,0.45,920960,0.5,531320,24280,3822760
FINNIFTY02JAN2420900PE.NFO,02/01/2024,09:41:47,0.5,0.45,920440,0.5,516360,25480,3822760
FINNIFTY02JAN2420900PE.NFO,02/01/2024,09:41:57,0.5,0.45,903760,0.5,345280,119880,3822760
FINNIFTY02JAN2420900PE.NFO,02/01/2024,09:42:07,0.5,0.45,891920,0.5,420720,50640,3822760
FINNIFTY02JAN2420900PE.NFO,02/01/2024,09:42:17,0.5,0.45,835080,0.5,114320,250000,3822760
FINNIFTY02JAN2420900PE.NFO,02/01/2024,09:42:27,0.5,0.5,187920,0.55,471000,114640,3822760
FINNIFTY02JAN2420900PE.NFO,02/01/2024,09:42:35,0.55,0.5,195760,0.55,458640,19320,3822760
FINNIFTY02JAN2420900PE.NFO,02/01/2024,09:42:45,0.5,0.5,198880,0.55,469800,58120,3822760
FINNIFTY02JAN2420900PE.NFO,02/01/2024,09:42:54,0.5,0.5,193640,0.55,485720,65360,3822760
FINNIFTY02JAN2420900PE.NFO,02/01/2024,09:43:04,0.55,0.5,182000,0.55,461720,22320,3822760
FINNIFTY02JAN2420900PE.NFO,02/01/2024,09:43:14,0.5,0.5,179320,0.55,461640,3600,3822760
FINNIFTY02JAN2420900PE.NFO,02/01/2024,09:43:24,0.5,0.5,180680,0.55,464000,10920,3822760
FINNIFTY02JAN2420900PE.NFO,02/01/2024,09:43:34,0.5,0.5,169640,0.55,469680,19000,3822760
FINNIFTY02JAN2420900PE.NFO,02/01/2024,09:43:44,0.5,0.5,117920,0.55,469480,28840,3822760
FINNIFTY02JAN2420900PE.NFO,02/01/2024,09:43:53,0.55,0.5,120840,0.55,526000,26000,3822760
FINNIFTY02JAN2420900PE.NFO,02/01/2024,09:44:03,0.5,0.5,48040,0.55,509600,88360,3822760
FINNIFTY02JAN2420900PE.NFO,02/01/2024,09:44:12,0.5,0.45,1041920,0.5,317320,116760,3822760
FINNIFTY02JAN2420900PE.NFO,02/01/2024,09:44:22,0.5,0.45,1154520,0.5,338240,46560,3822760
FINNIFTY02JAN2420900PE.NFO,02/01/2024,09:44:31,0.45,0.45,1162920,0.5,344520,1800,3822760
FINNIFTY02JAN2420900PE.NFO,02/01/2024,09:44:40,0.5,0.45,1216840,0.5,343000,3600,3794560
FINNIFTY02JAN2420900PE.NFO,02/01/2024,09:44:49,0.45,0.45,1056600,0.5,365080,10240,3794560
FINNIFTY02JAN2420900PE.NFO,02/01/2024,09:44:58,0.45,0.45,1052720,0.5,366880,40,3794560
FINNIFTY02JAN2420900PE.NFO,02/01/2024,09:45:07,0.45,0.45,1056640,0.5,373040,12000,3794560
FINNIFTY02JAN2420900PE.NFO,02/01/2024,09:45:16,0.5,0.45,1044400,0.5,384840,10920,3794560
FINNIFTY02JAN2420900PE.NFO,02/01/2024,09:45:26,0.5,0.45,1042560,0.5,369760,8480,3794560
FINNIFTY02JAN2420900PE.NFO,02/01/2024,09:45:36,0.5,0.45,989720,0.5,386960,6280,3794560
FINNIFTY02JAN2420900PE.NFO,02/01/2024,09:45:45,0.45,0.45,998600,0.5,387320,3600,3794560
FINNIFTY02JAN2420900PE.NFO,02/01/2024,09:45:55,0.5,0.45,1014920,0.5,365440,16040,3794560
FINNIFTY02JAN2420900PE.NFO,02/01/2024,09:46:05,0.5,0.45,1029520,0.5,363800,13440,3794560
FINNIFTY02JAN2420900PE.NFO,02/01/2024,09:46:14,0.5,0.45,1023840,0.5,365480,24240,3794560
FINNIFTY02JAN2420900PE.NFO,02/01/2024,09:46:24,0.5,0.45,1021000,0.5,355840,16720,3794560
FINNIFTY02JAN2420900PE.NFO,02/01/2024,09:46:34,0.5,0.45,1019680,0.5,342560,15680,3794560
FINNIFTY02JAN2420900PE.NFO,02/01/2024,09:46:43,0.5,0.45,1022120,0.5,332640,13840,3794560
FINNIFTY02JAN2420900PE.NFO,02/01/2024,09:46:52,0.5,0.45,1019760,0.5,344800,8360,3794560
FINNIFTY02JAN2420900PE.NFO,02/01/2024,09:47:01,0.45,0.45,1016360,0.5,353760,25880,3794560
FINNIFTY02JAN2420900PE.NFO,02/01/2024,09:47:11,0.5,0.45,1014440,0.5,324440,12560,3794560
FINNIFTY02JAN2420900PE.NFO,02/01/2024,09:47:20,0.5,0.45,1012520,0.5,348760,2520,3794560
FINNIFTY02JAN2420900PE.NFO,02/01/2024,09:47:29,0.45,0.45,1010920,0.5,348680,1920,3794560
FINNIFTY02JAN2420900PE.NFO,02/01/2024,09:47:38,0.5,0.45,1010920,0.5,340360,240,3829000
FINNIFTY02JAN2420900PE.NFO,02/01/2024,09:47:47,0.45,0.45,1003680,0.5,365640,7800,3829000
FINNIFTY02JAN2420900PE.NFO,02/01/2024,09:47:57,0.45,0.45,799520,0.5,553280,141240,3829000
FINNIFTY02JAN2420900PE.NFO,02/01/2024,09:48:06,0.45,0.45,680280,0.5,571720,53760,3829000
FINNIFTY02JAN2420900PE.NFO,02/01/2024,09:48:15,0.5,0.45,612160,0.5,570440,5080,3829000
FINNIFTY02JAN2420900PE.NFO,02/01/2024,09:48:24,0.45,0.45,596360,0.5,600200,17600,3829000
FINNIFTY02JAN2420900PE.NFO,02/01/2024,09:48:33,0.45,0.45,574800,0.5,611200,18840,3829000
FINNIFTY02JAN2420900PE.NFO,02/01/2024,09:48:42,0.5,0.45,518960,0.5,636280,6120,3829000
FINNIFTY02JAN2420900PE.NFO,02/01/2024,09:48:51,0.5,0.45,359480,0.5,576200,2360,3829000
FINNIFTY02JAN2420900PE.NFO,02/01/2024,09:49:01,0.45,0.45,355040,0.5,569320,17720,3829000
FINNIFTY02JAN2420900PE.NFO,02/01/2024,09:49:10,0.45,0.45,132920,0.5,544800,102760,3829000
FINNIFTY02JAN2420900PE.NFO,02/01/2024,09:49:19,0.45,0.4,2164040,0.45,389600,120200,3829000
FINNIFTY02JAN2420900PE.NFO,02/01/2024,09:49:19,0.4,0.4,2164040,0.45,389600,0,3829000
FINNIFTY02JAN2420900PE.NFO,02/01/2024,09:49:29,0.4,0.4,2155480,0.45,449840,19200,3829000
FINNIFTY02JAN2420900PE.NFO,02/01/2024,09:49:30,0.45,0.4,2158040,0.45,448880,1800,3829000
FINNIFTY02JAN2420900PE.NFO,02/01/2024,09:49:31,0.4,0.4,2156240,0.45,451160,3600,3829000
FINNIFTY02JAN2420900PE.NFO,02/01/2024,09:49:32,0.45,0.4,2156240,0.45,451120,40,3829000
FINNIFTY02JAN2420900PE.NFO,02/01/2024,09:49:35,0.45,0.4,2156240,0.45,460120,0,3829000
FINNIFTY02JAN2420900PE.NFO,02/01/2024,09:49:36,0.45,0.4,2154680,0.45,461000,3400,3829000
FINNIFTY02JAN2420900PE.NFO,02/01/2024,09:49:37,0.4,0.4,2153680,0.45,463040,2000,3829000
FINNIFTY02JAN2420900PE.NFO,02/01/2024,09:49:38,0.45,0.4,2153680,0.45,455920,4840,3829000
FINNIFTY02JAN2420900PE.NFO,02/01/2024,09:49:39,0.45,0.4,2153680,0.45,454920,1000,3829000
FINNIFTY02JAN2420900PE.NFO,02/01/2024,09:49:40,0.45,0.4,2154880,0.45,453080,2800,3829000
FINNIFTY02JAN2420900PE.NFO,02/01/2024,09:49:41,0.45,0.4,2154600,0.45,452480,1000,3829000
FINNIFTY02JAN2420900PE.NFO,02/01/2024,09:49:42,0.45,0.4,2154400,0.45,452480,0,3829000
FINNIFTY02JAN2420900PE.NFO,02/01/2024,09:49:43,0.45,0.4,2154400,0.45,463840,0,3829000
FINNIFTY02JAN2420900PE.NFO,02/01/2024,09:49:44,0.45,0.4,2154400,0.45,462080,960,3829000
FINNIFTY02JAN2420900PE.NFO,02/01/2024,09:49:45,0.45,0.4,2154960,0.45,462080,0,3829000
FINNIFTY02JAN2420900PE.NFO,02/01/2024,09:49:46,0.4,0.4,2153000,0.45,462880,80,3829000
FINNIFTY02JAN2420900PE.NFO,02/01/2024,09:49:47,0.4,0.4,2154320,0.45,462880,0,3829000
FINNIFTY02JAN2420900PE.NFO,02/01/2024,09:49:48,0.4,0.4,2154320,0.45,462920,0,3829000
FINNIFTY02JAN2420900PE.NFO,02/01/2024,09:49:50,0.4,0.4,2154320,0.45,462880,0,3829000
FINNIFTY02JAN2420900PE.NFO,02/01/2024,09:49:51,0.4,0.4,2141120,0.45,473680,10800,3829000
FINNIFTY02JAN2420900PE.NFO,02/01/2024,09:49:52,0.4,0.4,2143920,0.45,473720,0,3829000
FINNIFTY02JAN2420900PE.NFO,02/01/2024,09:49:53,0.4,0.4,2143520,0.45,474160,0,3829000
FINNIFTY02JAN2420900PE.NFO,02/01/2024,09:49:54,0.4,0.4,2143520,0.45,474600,0,3829000
FINNIFTY02JAN2420900PE.NFO,02/01/2024,09:49:59,0.4,0.4,2143520,0.45,475480,0,3829000
FINNIFTY02JAN2420900PE.NFO,02/01/2024,09:50:00,0.45,0.4,2143520,0.45,474480,880,3829000
FINNIFTY02JAN2420900PE.NFO,02/01/2024,09:50:03,0.45,0.4,2143520,0.45,467080,1800,3829000
FINNIFTY02JAN2420900PE.NFO,02/01/2024,09:50:05,0.45,0.4,2143080,0.45,473600,0,3829000
FINNIFTY02JAN2420900PE.NFO,02/01/2024,09:50:06,0.4,0.4,2132280,0.45,482640,10800,3829000
FINNIFTY02JAN2420900PE.NFO,02/01/2024,09:50:07,0.4,0.4,2130480,0.45,482640,1800,3829000
FINNIFTY02JAN2420900PE.NFO,02/01/2024,09:50:08,0.4,0.4,2130480,0.45,493440,0,3829000
FINNIFTY02JAN2420900PE.NFO,02/01/2024,09:50:11,0.45,0.4,2130480,0.45,492920,400,3829000
FINNIFTY02JAN2420900PE.NFO,02/01/2024,09:50:12,0.45,0.4,2130480,0.45,492920,0,3829000
FINNIFTY02JAN2420900PE.NFO,02/01/2024,09:50:14,0.45,0.4,2130920,0.45,494400,0,3829000
FINNIFTY02JAN2420900PE.NFO,02/01/2024,09:50:16,0.45,0.4,2130920,0.45,487760,80,3829000
FINNIFTY02JAN2420900PE.NFO,02/01/2024,09:50:18,0.45,0.4,2131200,0.45,487200,320,3829000
FINNIFTY02JAN2420900PE.NFO,02/01/2024,09:50:19,0.45,0.4,2130920,0.45,487200,0,3829000
FINNIFTY02JAN2420900PE.NFO,02/01/2024,09:50:20,0.45,0.4,2132120,0.45,493760,0,3829000
FINNIFTY02JAN2420900PE.NFO,02/01/2024,09:50:22,0.45,0.4,2133120,0.45,496600,640,3829000
FINNIFTY02JAN2420900PE.NFO,02/01/2024,09:50:27,0.45,0.4,2133120,0.45,497360,480,3829000
FINNIFTY02JAN2420900PE.NFO,02/01/2024,09:50:28,0.4,0.4,2132320,0.45,497400,800,3829000
FINNIFTY02JAN2420900PE.NFO,02/01/2024,09:50:29,0.45,0.4,2132320,0.45,496280,320,3829000
FINNIFTY02JAN2420900PE.NFO,02/01/2024,09:50:32,0.4,0.4,2133640,0.45,492000,6400,3842760
FINNIFTY02JAN2420900PE.NFO,02/01/2024,09:50:41,0.4,0.4,2132160,0.45,490560,4520,3842760
FINNIFTY02JAN2420900PE.NFO,02/01/2024,09:50:50,0.4,0.4,2130760,0.45,501440,880,3842760
FINNIFTY02JAN2420900PE.NFO,02/01/2024,09:50:59,0.4,0.4,2131080,0.45,547440,5600,3842760
FINNIFTY02JAN2420900PE.NFO,02/01/2024,09:51:08,0.4,0.4,2121440,0.45,557040,12640,3842760
FINNIFTY02JAN2420900PE.NFO,02/01/2024,09:51:18,0.45,0.4,2120320,0.45,556880,640,3842760
FINNIFTY02JAN2420900PE.NFO,02/01/2024,09:51:28,0.45,0.4,2119920,0.45,565560,2480,3842760
FINNIFTY02JAN2420900PE.NFO,02/01/2024,09:51:38,0.4,0.4,2129520,0.45,574360,13680,3842760
FINNIFTY02JAN2420900PE.NFO,02/01/2024,09:51:47,0.4,0.4,2129560,0.45,584560,2200,3842760
FINNIFTY02JAN2420900PE.NFO,02/01/2024,09:51:56,0.45,0.4,2130040,0.45,586160,4400,3842760
FINNIFTY02JAN2420900PE.NFO,02/01/2024,09:52:05,0.45,0.4,2109360,0.45,606040,20840,3842760
FINNIFTY02JAN2420900PE.NFO,02/01/2024,09:52:14,0.45,0.4,2106560,0.45,605920,3200,3842760
FINNIFTY02JAN2420900PE.NFO,02/01/2024,09:52:23,0.45,0.4,2106560,0.45,606720,0,3842760
FINNIFTY02JAN2420900PE.NFO,02/01/2024,09:52:32,0.4,0.4,2110080,0.45,606720,640,3842760
FINNIFTY02JAN2420900PE.NFO,02/01/2024,09:52:41,0.45,0.4,2105280,0.45,611920,7400,3842760
FINNIFTY02JAN2420900PE.NFO,02/01/2024,09:52:50,0.45,0.4,2105280,0.45,621920,0,3842760
FINNIFTY02JAN2420900PE.NFO,02/01/2024,09:52:59,0.45,0.4,2104080,0.45,619280,1440,3842760
FINNIFTY02JAN2420900PE.NFO,02/01/2024,09:53:09,0.4,0.4,2100720,0.45,610880,6360,3842760
FINNIFTY02JAN2420900PE.NFO,02/01/2024,09:53:18,0.45,0.4,2099840,0.45,613440,1520,3842760
FINNIFTY02JAN2420900PE.NFO,02/01/2024,09:53:27,0.45,0.4,2098040,0.45,618360,2280,3842760
FINNIFTY02JAN2420900PE.NFO,02/01/2024,09:53:37,0.4,0.4,2098800,0.45,617080,3000,3868720
FINNIFTY02JAN2420900PE.NFO,02/01/2024,09:53:46,0.45,0.4,2085000,0.45,629800,12320,3868720
FINNIFTY02JAN2420900PE.NFO,02/01/2024,09:53:55,0.4,0.4,2085000,0.45,630480,1280,3868720
FINNIFTY02JAN2420900PE.NFO,02/01/2024,09:54:04,0.4,0.4,2075600,0.45,641280,9000,3868720
FINNIFTY02JAN2420900PE.NFO,02/01/2024,09:54:13,0.4,0.4,2075880,0.45,641280,400,3868720
FINNIFTY02JAN2420900PE.NFO,02/01/2024,09:54:21,0.4,0.4,2073400,0.45,640840,80,3868720
FINNIFTY02JAN2420900PE.NFO,02/01/2024,09:54:31,0.45,0.4,2075200,0.45,644960,6920,3868720
FINNIFTY02JAN2420900PE.NFO,02/01/2024,09:54:41,0.4,0.4,2072240,0.45,648240,6760,3868720
FINNIFTY02JAN2420900PE.NFO,02/01/2024,09:54:50,0.4,0.4,2073640,0.45,648760,200,3868720
FINNIFTY02JAN2420900PE.NFO,02/01/2024,09:55:01,0.5,0.45,617000,0.5,505520,595080,3868720
FINNIFTY02JAN2420900PE.NFO,02/01/2024,09:55:12,0.45,0.45,678120,0.5,537400,23200,3868720
FINNIFTY02JAN2420900PE.NFO,02/01/2024,09:55:22,0.45,0.45,688600,0.5,614840,11720,3868720
FINNIFTY02JAN2420900PE.NFO,02/01/2024,09:55:32,0.45,0.45,725480,0.5,619280,41120,3868720
FINNIFTY02JAN2420900PE.NFO,02/01/2024,09:55:43,0.45,0.45,754880,0.5,629840,52600,3868720
FINNIFTY02JAN2420900PE.NFO,02/01/2024,09:55:53,0.45,0.45,849120,0.5,615000,99000,3868720
FINNIFTY02JAN2420900PE.NFO,02/01/2024,09:56:04,0.5,0.45,795880,0.5,397800,325680,3868720
FINNIFTY02JAN2420900PE.NFO,02/01/2024,09:56:16,0.5,0.45,781600,0.5,123400,1041760,3868720
FINNIFTY02JAN2420900PE.NFO,02/01/2024,09:56:29,0.45,0.45,1091400,0.5,340760,233920,3868720
FINNIFTY02JAN2420900PE.NFO,02/01/2024,09:56:30,0.45,0.45,1100040,0.5,341200,3960,3868720
FINNIFTY02JAN2420900PE.NFO,02/01/2024,09:56:31,0.5,0.45,1106720,0.5,334520,9480,3868720
FINNIFTY02JAN2420900PE.NFO,02/01/2024,09:56:32,0.5,0.45,1121560,0.5,328520,23120,3868720
FINNIFTY02JAN2420900PE.NFO,02/01/2024,09:56:33,0.5,0.45,1128800,0.5,322480,7280,4221920
FINNIFTY02JAN2420900PE.NFO,02/01/2024,09:56:34,0.45,0.45,1132880,0.5,322200,80,4221920
FINNIFTY02JAN2420900PE.NFO,02/01/2024,09:56:35,0.5,0.45,1142000,0.5,312400,880,4221920
FINNIFTY02JAN2420900PE.NFO,02/01/2024,09:56:36,0.5,0.45,1147120,0.5,310280,9360,4221920
FINNIFTY02JAN2420900PE.NFO,02/01/2024,09:56:37,0.45,0.45,1122280,0.5,306760,31880,4221920
FINNIFTY02JAN2420900PE.NFO,02/01/2024,09:56:38,0.5,0.45,1110760,0.5,273400,35080,4221920
FINNIFTY02JAN2420900PE.NFO,02/01/2024,09:56:39,0.5,0.45,1098960,0.5,227640,42880,4221920
FINNIFTY02JAN2420900PE.NFO,02/01/2024,09:56:40,0.5,0.5,220240,0.55,850480,229000,4221920
FINNIFTY02JAN2420900PE.NFO,02/01/2024,09:56:41,0.5,0.5,205680,0.55,854920,8880,4221920
FINNIFTY02JAN2420900PE.NFO,02/01/2024,09:56:42,0.55,0.5,268440,0.55,863480,4200,4221920
FINNIFTY02JAN2420900PE.NFO,02/01/2024,09:56:43,0.55,0.5,265600,0.55,885160,6760,4221920
FINNIFTY02JAN2420900PE.NFO,02/01/2024,09:56:44,0.55,0.5,310680,0.55,906960,6080,4221920
FINNIFTY02JAN2420900PE.NFO,02/01/2024,09:56:45,0.55,0.5,310240,0.55,899000,22840,4221920
FINNIFTY02JAN2420900PE.NFO,02/01/2024,09:56:46,0.55,0.5,488840,0.55,898520,2000,4221920
FINNIFTY02JAN2420900PE.NFO,02/01/2024,09:56:47,0.55,0.5,511800,0.55,899440,18160,4221920
FINNIFTY02JAN2420900PE.NFO,02/01/2024,09:56:48,0.55,0.5,520480,0.55,904200,15720,4221920
FINNIFTY02JAN2420900PE.NFO,02/01/2024,09:56:49,0.55,0.5,502080,0.55,924160,86200,4221920
FINNIFTY02JAN2420900PE.NFO,02/01/2024,09:56:50,0.5,0.5,502280,0.55,919560,8400,4221920
FINNIFTY02JAN2420900PE.NFO,02/01/2024,09:56:51,0.5,0.5,504400,0.55,917640,9000,4221920
FINNIFTY02JAN2420900PE.NFO,02/01/2024,09:56:52,0.5,0.5,507880,0.55,903920,2000,4221920
FINNIFTY02JAN2420900PE.NFO,02/01/2024,09:56:53,0.55,0.5,507080,0.55,924640,2280,4221920
FINNIFTY02JAN2420900PE.NFO,02/01/2024,09:56:54,0.5,0.5,505160,0.55,944520,1800,4221920
FINNIFTY02JAN2420900PE.NFO,02/01/2024,09:56:55,0.55,0.5,498000,0.55,955600,11880,4221920
FINNIFTY02JAN2420900PE.NFO,02/01/2024,09:56:56,0.5,0.5,492440,0.55,949680,2360,4221920
FINNIFTY02JAN2420900PE.NFO,02/01/2024,09:56:57,0.55,0.5,399440,0.55,964960,2200,4221920
FINNIFTY02JAN2420900PE.NFO,02/01/2024,09:56:58,0.5,0.5,222200,0.55,973920,11360,4221920
FINNIFTY02JAN2420900PE.NFO,02/01/2024,09:56:59,0.5,0.5,103200,0.55,959720,38360,4221920
FINNIFTY02JAN2420900PE.NFO,02/01/2024,09:57:00,0.45,0.45,975240,0.5,255840,92520,4221920
FINNIFTY02JAN2420900PE.NFO,02/01/2024,09:57:01,0.5,0.45,975440,0.5,258680,23280,4221920
FINNIFTY02JAN2420900PE.NFO,02/01/2024,09:57:02,0.5,0.45,975720,0.5,282680,6520,4221920
FINNIFTY02JAN2420900PE.NFO,02/01/2024,09:57:03,0.5,0.45,976520,0.5,320720,7200,4221920
FINNIFTY02JAN2420900PE.NFO,02/01/2024,09:57:04,0.5,0.45,978600,0.5,349440,14400,4221920
FINNIFTY02JAN2420900PE.NFO,02/01/2024,09:57:05,0.5,0.45,912000,0.5,173160,265440,4221920
FINNIFTY02JAN2420900PE.NFO,02/01/2024,09:57:06,0.5,0.5,283840,0.55,814640,159680,4221920
FINNIFTY02JAN2420900PE.NFO,02/01/2024,09:57:07,0.55,0.5,600560,0.55,709800,19960,4221920
FINNIFTY02JAN2420900PE.NFO,02/01/2024,09:57:08,0.55,0.5,598480,0.55,762640,14480,4221920
FINNIFTY02JAN2420900PE.NFO,02/01/2024,09:57:10,0.55,0.5,598560,0.55,692760,91440,4221920
FINNIFTY02JAN2420900PE.NFO,02/01/2024,09:57:11,0.55,0.5,585640,0.55,681400,18320,4221920
FINNIFTY02JAN2420900PE.NFO,02/01/2024,09:57:12,0.55,0.5,561160,0.55,659000,43680,4221920
FINNIFTY02JAN2420900PE.NFO,02/01/2024,09:57:13,0.5,0.5,559400,0.55,631160,28240,4221920
FINNIFTY02JAN2420900PE.NFO,02/01/2024,09:57:14,0.55,0.5,579200,0.55,433800,83600,4221920
FINNIFTY02JAN2420900PE.NFO,02/01/2024,09:57:14,0.55,0.5,757040,0.55,395360,18720,4221920
FINNIFTY02JAN2420900PE.NFO,02/01/2024,09:57:15,0.55,0.55,117360,0.6,304000,307800,4221920
FINNIFTY02JAN2420900PE.NFO,02/01/2024,09:57:16,0.55,0.55,222960,0.6,391160,15720,4221920
FINNIFTY02JAN2420900PE.NFO,02/01/2024,09:57:18,0.55,0.55,135040,0.6,381080,88080,4221920
FINNIFTY02JAN2420900PE.NFO,02/01/2024,09:57:19,0.5,0.5,554000,0.55,120360,144880,4221920
FINNIFTY02JAN2420900PE.NFO,02/01/2024,09:57:20,0.55,0.55,133360,0.6,274080,215360,4221920
FINNIFTY02JAN2420900PE.NFO,02/01/2024,09:57:21,0.55,0.55,159280,0.6,255080,37160,4221920
FINNIFTY02JAN2420900PE.NFO,02/01/2024,09:57:22,0.6,0.55,158120,0.6,279400,17600,4221920
FINNIFTY02JAN2420900PE.NFO,02/01/2024,09:57:23,0.55,0.55,179840,0.6,410920,19920,4221920
FINNIFTY02JAN2420900PE.NFO,02/01/2024,09:57:24,0.55,0.55,219600,0.6,471360,6640,4221920
FINNIFTY02JAN2420900PE.NFO,02/01/2024,09:57:25,0.55,0.55,220040,0.6,552760,51120,4221920
FINNIFTY02JAN2420900PE.NFO,02/01/2024,09:57:25,0.6,0.55,217560,0.6,553760,13440,4221920
FINNIFTY02JAN2420900PE.NFO,02/01/2024,09:57:27,0.55,0.55,427080,0.6,566480,26360,4221920
FINNIFTY02JAN2420900PE.NFO,02/01/2024,09:57:28,0.55,0.55,427240,0.6,555280,16440,4221920
FINNIFTY02JAN2420900PE.NFO,02/01/2024,09:57:29,0.6,0.55,430680,0.6,537720,15080,4221920
FINNIFTY02JAN2420900PE.NFO,02/01/2024,09:57:30,0.55,0.55,436560,0.6,538280,6440,4221920
FINNIFTY02JAN2420900PE.NFO,02/01/2024,09:57:31,0.55,0.55,410720,0.6,538200,12680,4221920
FINNIFTY02JAN2420900PE.NFO,02/01/2024,09:57:32,0.6,0.55,244400,0.6,536600,2920,4221920
FINNIFTY02JAN2420900PE.NFO,02/01/2024,09:57:33,0.55,0.5,414080,0.55,80760,259800,4221920
FINNIFTY02JAN2420900PE.NFO,02/01/2024,09:57:34,0.55,0.5,440960,0.55,153760,20600,4221920
FINNIFTY02JAN2420900PE.NFO,02/01/2024,09:57:35,0.55,0.5,468800,0.55,183080,14720,4221920
FINNIFTY02JAN2420900PE.NFO,02/01/2024,09:57:36,0.55,0.5,628040,0.55,284080,10400,4221920
FINNIFTY02JAN2420900PE.NFO,02/01/2024,09:57:37,0.55,0.5,628200,0.55,295280,20080,4221920
FINNIFTY02JAN2420900PE.NFO,02/01/2024,09:57:38,0.55,0.5,633760,0.55,302640,5480,4221920
FINNIFTY02JAN2420900PE.NFO,02/01/2024,09:57:39,0.55,0.5,640800,0.55,293240,10360,4221920
FINNIFTY02JAN2420900PE.NFO,02/01/2024,09:57:40,0.55,0.5,647440,0.55,300840,12840,4221920
FINNIFTY02JAN2420900PE.NFO,02/01/2024,09:57:41,0.55,0.5,656360,0.55,290280,2560,4221920
FINNIFTY02JAN2420900PE.NFO,02/01/2024,09:57:42,0.5,0.5,655240,0.55,298000,11920,4221920
FINNIFTY02JAN2420900PE.NFO,02/01/2024,09:57:43,0.5,0.5,652200,0.55,300520,11880,4221920
FINNIFTY02JAN2420900PE.NFO,02/01/2024,09:57:44,0.5,0.5,651720,0.55,278520,15280,4221920
FINNIFTY02JAN2420900PE.NFO,02/01/2024,09:57:45,0.55,0.5,657120,0.55,277520,2920,4221920
FINNIFTY02JAN2420900PE.NFO,02/01/2024,09:57:46,0.55,0.5,662880,0.55,255200,4360,4221920
FINNIFTY02JAN2420900PE.NFO,02/01/2024,09:57:47,0.5,0.5,667840,0.55,276360,3880,4221920
FINNIFTY02JAN2420900PE.NFO,02/01/2024,09:57:48,0.55,0.5,664280,0.55,229200,56200,4221920
FINNIFTY02JAN2420900PE.NFO,02/01/2024,09:57:49,0.55,0.5,664760,0.55,215520,3080,4221920
FINNIFTY02JAN2420900PE.NFO,02/01/2024,09:57:50,0.55,0.5,659240,0.55,162120,5920,4221920
FINNIFTY02JAN2420900PE.NFO,02/01/2024,09:57:51,0.6,0.55,524280,0.6,403320,156680,4221920
FINNIFTY02JAN2420900PE.NFO,02/01/2024,09:57:52,0.6,0.55,559040,0.6,427520,2880,4221920
FINNIFTY02JAN2420900PE.NFO,02/01/2024,09:57:53,0.55,0.55,559440,0.6,465440,3480,4221920
FINNIFTY02JAN2420900PE.NFO,02/01/2024,09:57:54,0.55,0.55,500720,0.6,520560,40640,4221920
FINNIFTY02JAN2420900PE.NFO,02/01/2024,09:57:55,0.55,0.55,499000,0.6,537160,3600,4221920
FINNIFTY02JAN2420900PE.NFO,02/01/2024,09:57:56,0.6,0.55,458520,0.6,563920,47840,4221920
FINNIFTY02JAN2420900PE.NFO,02/01/2024,09:57:57,0.55,0.55,479720,0.6,583920,4720,4221920
FINNIFTY02JAN2420900PE.NFO,02/01/2024,09:57:58,0.55,0.55,477920,0.6,593960,5080,4221920
FINNIFTY02JAN2420900PE.NFO,02/01/2024,09:57:59,0.6,0.55,436040,0.6,548840,100000,4221920
FINNIFTY02JAN2420900PE.NFO,02/01/2024,09:58:00,0.6,0.55,432520,0.6,536360,28360,4221920
FINNIFTY02JAN2420900PE.NFO,02/01/2024,09:58:01,0.55,0.55,437680,0.6,536680,30680,4221920
FINNIFTY02JAN2420900PE.NFO,02/01/2024,09:58:02,0.55,0.55,435920,0.6,517600,28560,4221920
FINNIFTY02JAN2420900PE.NFO,02/01/2024,09:58:03,0.6,0.55,433160,0.6,445400,62920,4221920
FINNIFTY02JAN2420900PE.NFO,02/01/2024,09:58:04,0.6,0.55,167080,0.6,432320,24840,4221920
FINNIFTY02JAN2420900PE.NFO,02/01/2024,09:58:05,0.6,0.55,133520,0.6,425040,11880,4221920
FINNIFTY02JAN2420900PE.NFO,02/01/2024,09:58:06,0.55,0.55,119120,0.6,403440,24560,4221920
FINNIFTY02JAN2420900PE.NFO,02/01/2024,09:58:07,0.5,0.5,610960,0.55,230640,50360,4221920
FINNIFTY02JAN2420900PE.NFO,02/01/2024,09:58:08,0.55,0.5,630080,0.55,497920,26880,4221920
FINNIFTY02JAN2420900PE.NFO,02/01/2024,09:58:09,0.5,0.5,638880,0.55,577000,12520,4221920
FINNIFTY02JAN2420900PE.NFO,02/01/2024,09:58:10,0.5,0.5,625920,0.55,609760,25560,4221920
FINNIFTY02JAN2420900PE.NFO,02/01/2024,09:58:11,0.55,0.5,619760,0.55,644280,10960,4221920
FINNIFTY02JAN2420900PE.NFO,02/01/2024,09:58:12,0.55,0.5,619040,0.55,635600,11520,4221920
FINNIFTY02JAN2420900PE.NFO,02/01/2024,09:58:13,0.55,0.5,615920,0.55,668880,10000,4221920
FINNIFTY02JAN2420900PE.NFO,02/01/2024,09:58:14,0.5,0.5,604240,0.55,517840,13640,4221920
FINNIFTY02JAN2420900PE.NFO,02/01/2024,09:58:15,0.5,0.5,602360,0.55,496240,24360,4221920
FINNIFTY02JAN2420900PE.NFO,02/01/2024,09:58:16,0.55,0.5,600720,0.55,479360,19880,4221920
FINNIFTY02JAN2420900PE.NFO,02/01/2024,09:58:17,0.55,0.5,614200,0.55,429840,1120,4221920
FINNIFTY02JAN2420900PE.NFO,02/01/2024,09:58:18,0.55,0.5,633840,0.55,426720,8560,4221920
FINNIFTY02JAN2420900PE.NFO,02/01/2024,09:58:19,0.55,0.5,628920,0.55,196880,211160,4221920
FINNIFTY02JAN2420900PE.NFO,02/01/2024,09:58:20,0.55,0.55,398520,0.6,352920,205480,4221920
FINNIFTY02JAN2420900PE.NFO,02/01/2024,09:58:21,0.55,0.55,426600,0.6,353040,7520,4221920
FINNIFTY02JAN2420900PE.NFO,02/01/2024,09:58:22,0.55,0.55,443480,0.6,343840,10800,4221920
FINNIFTY02JAN2420900PE.NFO,02/01/2024,09:58:23,0.6,0.55,449800,0.6,298240,31880,4221920
FINNIFTY02JAN2420900PE.NFO,02/01/2024,09:58:24,0.55,0.55,444320,0.6,306120,3960,4221920
FINNIFTY02JAN2420900PE.NFO,02/01/2024,09:58:25,0.6,0.55,436880,0.6,238880,51840,4221920
FINNIFTY02JAN2420900PE.NFO,02/01/2024,09:58:26,0.6,0.55,439120,0.6,201760,13840,4221920
FINNIFTY02JAN2420900PE.NFO,02/01/2024,09:58:27,0.6,0.55,440600,0.6,180760,5600,4221920
FINNIFTY02JAN2420900PE.NFO,02/01/2024,09:58:28,0.6,0.55,439680,0.6,59320,102720,4221920
FINNIFTY02JAN2420900PE.NFO,02/01/2024,09:58:29,0.6,0.6,205280,0.65,254440,48200,4221920
FINNIFTY02JAN2420900PE.NFO,02/01/2024,09:58:30,0.6,0.6,444480,0.65,254960,11320,4221920
FINNIFTY02JAN2420900PE.NFO,02/01/2024,09:58:31,0.65,0.6,454280,0.65,274040,18600,4221920
FINNIFTY02JAN2420900PE.NFO,02/01/2024,09:58:32,0.6,0.6,459160,0.65,258360,38240,4221920
FINNIFTY02JAN2420900PE.NFO,02/01/2024,09:58:33,0.6,0.6,457000,0.65,261760,6440,4221920
FINNIFTY02JAN2420900PE.NFO,02/01/2024,09:58:34,0.65,0.6,455240,0.65,255160,15520,4221920
FINNIFTY02JAN2420900PE.NFO,02/01/2024,09:58:35,0.6,0.6,448920,0.65,224320,35960,4221920
FINNIFTY02JAN2420900PE.NFO,02/01/2024,09:58:36,0.6,0.6,446320,0.65,215280,50200,4221920
FINNIFTY02JAN2420900PE.NFO,02/01/2024,09:58:37,0.6,0.6,446400,0.65,203600,71200,4221920
FINNIFTY02JAN2420900PE.NFO,02/01/2024,09:58:38,0.6,0.6,442720,0.65,215640,5640,4221920
FINNIFTY02JAN2420900PE.NFO,02/01/2024,09:58:39,0.65,0.6,452480,0.65,214440,2200,4221920
FINNIFTY02JAN2420900PE.NFO,02/01/2024,09:58:40,0.6,0.6,448560,0.65,230160,4800,4221920
FINNIFTY02JAN2420900PE.NFO,02/01/2024,09:58:41,0.65,0.6,156080,0.65,218280,128080,4221920
FINNIFTY02JAN2420900PE.NFO,02/01/2024,09:58:42,0.6,0.55,203280,0.6,123280,178320,4221920
FINNIFTY02JAN2420900PE.NFO,02/01/2024,09:58:43,0.6,0.55,217760,0.6,198680,4360,4221920
FINNIFTY02JAN2420900PE.NFO,02/01/2024,09:58:44,0.6,0.55,231000,0.6,198320,3000,4221920
FINNIFTY02JAN2420900PE.NFO,02/01/2024,09:58:45,0.6,0.55,233520,0.6,219480,7920,4221920
FINNIFTY02JAN2420900PE.NFO,02/01/2024,09:58:46,0.55,0.55,247840,0.6,222880,2800,4221920
FINNIFTY02JAN2420900PE.NFO,02/01/2024,09:58:47,0.6,0.55,247080,0.6,222880,2880,4221920
FINNIFTY02JAN2420900PE.NFO,02/01/2024,09:58:48,0.55,0.55,248160,0.6,240560,3120,4221920
FINNIFTY02JAN2420900PE.NFO,02/01/2024,09:58:49,0.6,0.55,266120,0.6,222400,12800,4221920
FINNIFTY02JAN2420900PE.NFO,02/01/2024,09:58:50,0.6,0.55,248720,0.6,231600,11720,4221920
FINNIFTY02JAN2420900PE.NFO,02/01/2024,09:58:51,0.55,0.55,236360,0.6,237120,10680,4221920
FINNIFTY02JAN2420900PE.NFO,02/01/2024,09:58:52,0.6,0.55,235840,0.6,239520,5560,4221920
FINNIFTY02JAN2420900PE.NFO,02/01/2024,09:58:53,0.6,0.55,242840,0.6,226200,18440,4221920
FINNIFTY02JAN2420900PE.NFO,02/01/2024,09:58:54,0.6,0.55,272840,0.6,233960,6800,4221920
FINNIFTY02JAN2420900PE.NFO,02/01/2024,09:58:55,0.6,0.55,273080,0.6,228840,2200,4221920
FINNIFTY02JAN2420900PE.NFO,02/01/2024,09:58:56,0.55,0.55,277040,0.6,234120,4440,4221920
FINNIFTY02JAN2420900PE.NFO,02/01/2024,09:58:57,0.55,0.55,285440,0.6,237440,1320,4221920
FINNIFTY02JAN2420900PE.NFO,02/01/2024,09:58:58,0.6,0.55,171280,0.6,269080,111680,4221920
FINNIFTY02JAN2420900PE.NFO,02/01/2024,09:58:59,0.55,0.55,215320,0.6,268600,27040,4221920
FINNIFTY02JAN2420900PE.NFO,02/01/2024,09:59:00,0.6,0.55,217720,0.6,279240,24600,4221920
FINNIFTY02JAN2420900PE.NFO,02/01/2024,09:59:01,0.6,0.55,217760,0.6,271680,16480,4221920
FINNIFTY02JAN2420900PE.NFO,02/01/2024,09:59:02,0.55,0.55,213360,0.6,303400,12160,4221920
FINNIFTY02JAN2420900PE.NFO,02/01/2024,09:59:03,0.6,0.55,209880,0.6,304040,10440,4221920
FINNIFTY02JAN2420900PE.NFO,02/01/2024,09:59:04,0.55,0.5,671400,0.55,92880,151720,4221920
FINNIFTY02JAN2420900PE.NFO,02/01/2024,09:59:05,0.55,0.5,688080,0.55,201680,16200,4221920
FINNIFTY02JAN2420900PE.NFO,02/01/2024,09:59:06,0.55,0.5,687840,0.55,266320,480,4221920
FINNIFTY02JAN2420900PE.NFO,02/01/2024,09:59:07,0.55,0.5,690200,0.55,319200,5520,4221920
FINNIFTY02JAN2420900PE.NFO,02/01/2024,09:59:08,0.5,0.5,693960,0.55,353040,16880,4221920
FINNIFTY02JAN2420900PE.NFO,02/01/2024,09:59:09,0.55,0.5,698160,0.55,351720,9840,4221920
FINNIFTY02JAN2420900PE.NFO,02/01/2024,09:59:10,0.55,0.5,695720,0.55,344640,5760,4221920
FINNIFTY02JAN2420900PE.NFO,02/01/2024,09:59:11,0.55,0.5,700640,0.55,350800,10320,4221920
FINNIFTY02JAN2420900PE.NFO,02/01/2024,09:59:12,0.55,0.5,700840,0.55,339080,13080,4221920
FINNIFTY02JAN2420900PE.NFO,02/01/2024,09:59:13,0.55,0.5,698400,0.55,320360,20000,4221920
FINNIFTY02JAN2420900PE.NFO,02/01/2024,09:59:14,0.55,0.5,705600,0.55,159600,136160,4221920
FINNIFTY02JAN2420900PE.NFO,02/01/2024,09:59:15,0.6,0.55,500840,0.6,241120,140240,4221920
FINNIFTY02JAN2420900PE.NFO,02/01/2024,09:59:16,0.6,0.55,532000,0.6,252280,2600,4221920
FINNIFTY02JAN2420900PE.NFO,02/01/2024,09:59:17,0.6,0.55,533920,0.6,300800,4000,4221920
FINNIFTY02JAN2420900PE.NFO,02/01/2024,09:59:18,0.55,0.55,532600,0.6,308240,5160,4221920
FINNIFTY02JAN2420900PE.NFO,02/01/2024,09:59:19,0.55,0.55,533440,0.6,318600,6880,4221920
FINNIFTY02JAN2420900PE.NFO,02/01/2024,09:59:20,0.55,0.55,533840,0.6,318960,5800,4221920
FINNIFTY02JAN2420900PE.NFO,02/01/2024,09:59:21,0.55,0.55,514920,0.6,319240,8320,4221920
FINNIFTY02JAN2420900PE.NFO,02/01/2024,09:59:22,0.55,0.55,516280,0.6,318720,8280,4221920
FINNIFTY02JAN2420900PE.NFO,02/01/2024,09:59:23,0.6,0.55,514440,0.6,341680,7480,4221920
FINNIFTY02JAN2420900PE.NFO,02/01/2024,09:59:24,0.55,0.55,513320,0.6,331120,9800,4221920
FINNIFTY02JAN2420900PE.NFO,02/01/2024,09:59:25,0.55,0.55,518160,0.6,296120,2080,4221920
FINNIFTY02JAN2420900PE.NFO,02/01/2024,09:59:26,0.6,0.55,597280,0.6,267960,9040,4221920
FINNIFTY02JAN2420900PE.NFO,02/01/2024,09:59:27,0.6,0.55,580800,0.6,244280,49000,4221920
FINNIFTY02JAN2420900PE.NFO,02/01/2024,09:59:28,0.55,0.55,573520,0.6,214000,6920,4221920
FINNIFTY02JAN2420900PE.NFO,02/01/2024,09:59:29,0.6,0.55,573680,0.6,107200,100280,4221920
FINNIFTY02JAN2420900PE.NFO,02/01/2024,09:59:31,0.6,0.6,137360,0.65,318000,85720,4221920
FINNIFTY02JAN2420900PE.NFO,02/01/2024,09:59:32,0.55,0.55,590000,0.6,199920,120920,4221920
FINNIFTY02JAN2420900PE.NFO,02/01/2024,09:59:33,0.55,0.55,716720,0.6,237840,1200,4470160
FINNIFTY02JAN2420900PE.NFO,02/01/2024,09:59:34,0.55,0.55,708840,0.6,247440,11120,4470160
FINNIFTY02JAN2420900PE.NFO,02/01/2024,09:59:35,0.6,0.55,730200,0.6,267200,13200,4470160
FINNIFTY02JAN2420900PE.NFO,02/01/2024,09:59:36,0.6,0.55,724720,0.6,265800,8560,4470160
FINNIFTY02JAN2420900PE.NFO,02/01/2024,09:59:37,0.6,0.55,727080,0.6,335640,11840,4470160
FINNIFTY02JAN2420900PE.NFO,02/01/2024,09:59:38,0.55,0.55,726560,0.6,341400,4040,4470160
FINNIFTY02JAN2420900PE.NFO,02/01/2024,09:59:39,0.55,0.55,726000,0.6,331040,120,4470160
FINNIFTY02JAN2420900PE.NFO,02/01/2024,09:59:40,0.6,0.55,726160,0.6,348760,3080,4470160
FINNIFTY02JAN2420900PE.NFO,02/01/2024,09:59:41,0.55,0.55,723640,0.6,439400,2520,4470160
FINNIFTY02JAN2420900PE.NFO,02/01/2024,09:59:42,0.6,0.55,721600,0.6,453240,3320,4470160
FINNIFTY02JAN2420900PE.NFO,02/01/2024,09:59:43,0.6,0.55,716640,0.6,446680,10840,4470160
FINNIFTY02JAN2420900PE.NFO,02/01/2024,09:59:44,0.55,0.55,703040,0.6,453960,12400,4470160
FINNIFTY02JAN2420900PE.NFO,02/01/2024,09:59:45,0.6,0.55,704040,0.6,446640,1240,4470160
FINNIFTY02JAN2420900PE.NFO,02/01/2024,09:59:46,0.55,0.55,700760,0.6,453560,3720,4470160
FINNIFTY02JAN2420900PE.NFO,02/01/2024,09:59:47,0.6,0.55,691520,0.6,445360,10200,4470160
FINNIFTY02JAN2420900PE.NFO,02/01/2024,09:59:48,0.6,0.55,691920,0.6,438960,6160,4470160
FINNIFTY02JAN2420900PE.NFO,02/01/2024,09:59:49,0.55,0.55,699480,0.6,611360,2240,4470160
FINNIFTY02JAN2420900PE.NFO,02/01/2024,09:59:50,0.6,0.55,698480,0.6,615920,9760,4470160
FINNIFTY02JAN2420900PE.NFO,02/01/2024,09:59:51,0.55,0.55,698760,0.6,595960,11280,4470160
FINNIFTY02JAN2420900PE.NFO,02/01/2024,09:59:52,0.55,0.55,697720,0.6,608440,9960,4470160
FINNIFTY02JAN2420900PE.NFO,02/01/2024,09:59:53,0.6,0.55,694480,0.6,607600,1920,4470160
FINNIFTY02JAN2420900PE.NFO,02/01/2024,09:59:54,0.6,0.55,697120,0.6,605360,2680,4470160
FINNIFTY02JAN2420900PE.NFO,02/01/2024,09:59:55,0.6,0.55,692800,0.6,599120,10120,4470160
FINNIFTY02JAN2420900PE.NFO,02/01/2024,09:59:56,0.6,0.55,693600,0.6,595480,3720,4470160
FINNIFTY02JAN2420900PE.NFO,02/01/2024,09:59:57,0.55,0.55,689160,0.6,597160,1120,4470160
FINNIFTY02JAN2420900PE.NFO,02/01/2024,09:59:58,0.6,0.55,690960,0.6,595320,1840,4470160
FINNIFTY02JAN2420900PE.NFO,02/01/2024,09:59:59,0.55,0.55,592000,0.6,595560,2560,4470160
FINNIFTY02JAN2420900PE.NFO,02/01/2024,10:00:00,0.6,0.55,592560,0.6,599360,3480,4470160
FINNIFTY02JAN2420900PE.NFO,02/01/2024,10:00:01,0.6,0.55,587600,0.6,600240,7560,4470160
FINNIFTY02JAN2420900PE.NFO,02/01/2024,10:00:02,0.55,0.55,562880,0.6,593800,4800,4470160
FINNIFTY02JAN2420900PE.NFO,02/01/2024,10:00:03,0.55,0.55,549400,0.6,597800,0,4470160
FINNIFTY02JAN2420900PE.NFO,02/01/2024,10:00:04,0.55,0.55,545640,0.6,595800,1240,4470160
FINNIFTY02JAN2420900PE.NFO,02/01/2024,10:00:05,0.6,0.55,540280,0.6,596840,760,4470160
FINNIFTY02JAN2420900PE.NFO,02/01/2024,10:00:06,0.6,0.55,424400,0.6,595800,68000,4470160
FINNIFTY02JAN2420900PE.NFO,02/01/2024,10:00:07,0.55,0.55,420600,0.6,598520,3880,4470160
FINNIFTY02JAN2420900PE.NFO,02/01/2024,10:00:08,0.55,0.55,346680,0.6,577200,74480,4470160
FINNIFTY02JAN2420900PE.NFO,02/01/2024,10:00:09,0.55,0.55,318360,0.6,596680,16760,4470160
FINNIFTY02JAN2420900PE.NFO,02/01/2024,10:00:10,0.55,0.55,268600,0.6,630360,1960,4470160
FINNIFTY02JAN2420900PE.NFO,02/01/2024,10:00:11,0.55,0.5,873280,0.55,93640,143360,4470160
FINNIFTY02JAN2420900PE.NFO,02/01/2024,10:00:12,0.55,0.5,938280,0.55,287360,6440,4470160
FINNIFTY02JAN2420900PE.NFO,02/01/2024,10:00:13,0.5,0.5,940240,0.55,315600,2040,4470160
FINNIFTY02JAN2420900PE.NFO,02/01/2024,10:00:14,0.55,0.5,915200,0.55,323360,640,4470160
FINNIFTY02JAN2420900PE.NFO,02/01/2024,10:00:15,0.55,0.5,911880,0.55,356040,3080,4470160
FINNIFTY02JAN2420900PE.NFO,02/01/2024,10:00:16,0.55,0.5,915440,0.55,369640,440,4470160
FINNIFTY02JAN2420900PE.NFO,02/01/2024,10:00:17,0.55,0.5,895280,0.55,369520,280,4470160
FINNIFTY02JAN2420900PE.NFO,02/01/2024,10:00:18,0.55,0.5,893720,0.55,377400,2920,4470160
FINNIFTY02JAN2420900PE.NFO,02/01/2024,10:00:19,0.55,0.5,892080,0.55,384960,2320,4470160
FINNIFTY02JAN2420900PE.NFO,02/01/2024,10:00:20,0.55,0.5,893000,0.55,367600,12600,4470160
FINNIFTY02JAN2420900PE.NFO,02/01/2024,10:00:21,0.5,0.5,890960,0.55,377960,7880,4470160
FINNIFTY02JAN2420900PE.NFO,02/01/2024,10:00:22,0.55,0.5,894120,0.55,334120,6680,4470160
FINNIFTY02JAN2420900PE.NFO,02/01/2024,10:00:23,0.55,0.5,929880,0.55,346320,4280,4470160
FINNIFTY02JAN2420900PE.NFO,02/01/2024,10:00:24,0.55,0.5,930480,0.55,378360,2600,4470160
FINNIFTY02JAN2420900PE.NFO,02/01/2024,10:00:25,0.55,0.5,929080,0.55,397960,3440,4470160
FINNIFTY02JAN2420900PE.NFO,02/01/2024,10:00:26,0.5,0.5,930280,0.55,410240,5120,4470160
FINNIFTY02JAN2420900PE.NFO,02/01/2024,10:00:27,0.5,0.5,924840,0.55,414280,4640,4470160
FINNIFTY02JAN2420900PE.NFO,02/01/2024,10:00:28,0.55,0.5,923360,0.55,415640,40,4470160
FINNIFTY02JAN2420900PE.NFO,02/01/2024,10:00:29,0.55,0.5,930400,0.55,449800,5040,4470160
FINNIFTY02JAN2420900PE.NFO,02/01/2024,10:00:30,0.55,0.5,930200,0.55,448800,2800,4470160
FINNIFTY02JAN2420900PE.NFO,02/01/2024,10:00:30,0.55,0.5,931720,0.55,449800,800,4470160
FINNIFTY02JAN2420900PE.NFO,02/01/2024,10:00:31,0.5,0.5,942560,0.55,447160,200,4470160
FINNIFTY02JAN2420900PE.NFO,02/01/2024,10:00:32,0.55,0.5,944000,0.55,445960,720,4470160
FINNIFTY02JAN2420900PE.NFO,02/01/2024,10:00:33,0.55,0.5,1005560,0.55,448200,2400,4470160
FINNIFTY02JAN2420900PE.NFO,02/01/2024,10:00:34,0.5,0.5,1200440,0.55,428840,6280,4470160
FINNIFTY02JAN2420900PE.NFO,02/01/2024,10:00:35,0.55,0.5,1461880,0.55,428960,6000,4470160
FINNIFTY02JAN2420900PE.NFO,02/01/2024,10:00:36,0.55,0.5,1455760,0.55,409480,10520,4470160
FINNIFTY02JAN2420900PE.NFO,02/01/2024,10:00:37,0.55,0.5,1459840,0.55,404840,4640,4470160
FINNIFTY02JAN2420900PE.NFO,02/01/2024,10:00:38,0.5,0.5,1459320,0.55,441240,400,4470160
FINNIFTY02JAN2420900PE.NFO,02/01/2024,10:00:39,0.55,0.5,1459280,0.55,440200,1840,4470160
FINNIFTY02JAN2420900PE.NFO,02/01/2024,10:00:40,0.5,0.5,1455120,0.55,442760,12800,4470160
FINNIFTY02JAN2420900PE.NFO,02/01/2024,10:00:41,0.55,0.5,1449560,0.55,390920,1840,4470160
FINNIFTY02JAN2420900PE.NFO,02/01/2024,10:00:42,0.55,0.55,269440,0.6,261480,306000,4470160
FINNIFTY02JAN2420900PE.NFO,02/01/2024,10:00:43,0.55,0.55,616600,0.6,263400,1280,4470160
FINNIFTY02JAN2420900PE.NFO,02/01/2024,10:00:44,0.55,0.55,644600,0.6,310160,3480,4470160
FINNIFTY02JAN2420900PE.NFO,02/01/2024,10:00:45,0.55,0.55,722640,0.6,306520,7000,4470160
FINNIFTY02JAN2420900PE.NFO,02/01/2024,10:00:46,0.6,0.55,723560,0.6,270840,11400,4470160
FINNIFTY02JAN2420900PE.NFO,02/01/2024,10:00:47,0.6,0.55,720360,0.6,267640,8840,4470160
FINNIFTY02JAN2420900PE.NFO,02/01/2024,10:00:48,0.6,0.55,723320,0.6,302120,6680,4470160
FINNIFTY02JAN2420900PE.NFO,02/01/2024,10:00:49,0.55,0.55,469720,0.6,308800,12200,4470160
FINNIFTY02JAN2420900PE.NFO,02/01/2024,10:00:50,0.6,0.55,405080,0.6,303720,7640,4470160
FINNIFTY02JAN2420900PE.NFO,02/01/2024,10:00:51,0.55,0.55,413800,0.6,304600,880,4470160
FINNIFTY02JAN2420900PE.NFO,02/01/2024,10:00:52,0.6,0.55,402560,0.6,296920,21240,4470160
FINNIFTY02JAN2420900PE.NFO,02/01/2024,10:00:53,0.6,0.55,402040,0.6,294240,3720,4470160
FINNIFTY02JAN2420900PE.NFO,02/01/2024,10:00:54,0.6,0.55,432320,0.6,278960,20240,4470160
FINNIFTY02JAN2420900PE.NFO,02/01/2024,10:00:55,0.55,0.55,460760,0.6,273640,8080,4470160
FINNIFTY02JAN2420900PE.NFO,02/01/2024,10:00:56,0.55,0.55,902240,0.6,280640,2160,4470160
FINNIFTY02JAN2420900PE.NFO,02/01/2024,10:00:57,0.6,0.55,902400,0.6,281480,3680,4470160
FINNIFTY02JAN2420900PE.NFO,02/01/2024,10:00:58,0.55,0.55,898840,0.6,277640,8520,4470160
FINNIFTY02JAN2420900PE.NFO,02/01/2024,10:00:59,0.6,0.55,898120,0.6,266560,7200,4470160
FINNIFTY02JAN2420900PE.NFO,02/01/2024,10:01:00,0.55,0.55,896240,0.6,229880,7400,4470160
FINNIFTY02JAN2420900PE.NFO,02/01/2024,10:01:01,0.6,0.55,888880,0.6,217480,11880,4470160
FINNIFTY02JAN2420900PE.NFO,02/01/2024,10:01:02,0.55,0.55,892720,0.6,226760,15080,4470160
FINNIFTY02JAN2420900PE.NFO,02/01/2024,10:01:03,0.6,0.55,893560,0.6,222960,8440,4470160
FINNIFTY02JAN2420900PE.NFO,02/01/2024,10:01:04,0.55,0.55,886880,0.6,218600,14600,4470160
FINNIFTY02JAN2420900PE.NFO,02/01/2024,10:01:05,0.6,0.55,886120,0.6,276400,1720,4470160
FINNIFTY02JAN2420900PE.NFO,02/01/2024,10:01:06,0.6,0.55,887240,0.6,274560,3760,4470160
FINNIFTY02JAN2420900PE.NFO,02/01/2024,10:01:07,0.6,0.55,886320,0.6,245080,7920,4470160
FINNIFTY02JAN2420900PE.NFO,02/01/2024,10:01:08,0.6,0.55,878600,0.6,266440,2880,4470160
FINNIFTY02JAN2420900PE.NFO,02/01/2024,10:01:09,0.55,0.55,872560,0.6,258480,4400,4470160
FINNIFTY02JAN2420900PE.NFO,02/01/2024,10:01:10,0.55,0.55,860680,0.6,252840,8160,4470160
FINNIFTY02JAN2420900PE.NFO,02/01/2024,10:01:11,0.55,0.55,842240,0.6,260200,6160,4470160
FINNIFTY02JAN2420900PE.NFO,02/01/2024,10:01:12,0.6,0.55,842400,0.6,263120,120,4470160
FINNIFTY02JAN2420900PE.NFO,02/01/2024,10:01:13,0.55,0.55,843760,0.6,267960,1760,4470160
FINNIFTY02JAN2420900PE.NFO,02/01/2024,10:01:14,0.6,0.55,844000,0.6,264160,3640,4470160
FINNIFTY02JAN2420900PE.NFO,02/01/2024,10:01:15,0.6,0.55,844000,0.6,257960,3000,4470160
FINNIFTY02JAN2420900PE.NFO,02/01/2024,10:01:16,0.55,0.55,841120,0.6,258120,2840,4470160
FINNIFTY02JAN2420900PE.NFO,02/01/2024,10:01:17,0.6,0.55,842880,0.6,259320,440,4470160
FINNIFTY02JAN2420900PE.NFO,02/01/2024,10:01:18,0.6,0.55,842680,0.6,258320,2840,4470160
FINNIFTY02JAN2420900PE.NFO,02/01/2024,10:01:19,0.55,0.55,840840,0.6,256280,4160,4470160
FINNIFTY02JAN2420900PE.NFO,02/01/2024,10:01:20,0.6,0.55,838600,0.6,238800,8040,4470160
FINNIFTY02JAN2420900PE.NFO,02/01/2024,10:01:21,0.55,0.55,839160,0.6,251720,2080,4470160
FINNIFTY02JAN2420900PE.NFO,02/01/2024,10:01:22,0.6,0.55,843360,0.6,249080,3680,4470160
FINNIFTY02JAN2420900PE.NFO,02/01/2024,10:01:23,0.6,0.55,843400,0.6,232640,4920,4470160
FINNIFTY02JAN2420900PE.NFO,02/01/2024,10:01:24,0.55,0.55,844000,0.6,241440,5160,4470160
FINNIFTY02JAN2420900PE.NFO,02/01/2024,10:01:26,0.6,0.55,844400,0.6,238200,6120,4470160
FINNIFTY02JAN2420900PE.NFO,02/01/2024,10:01:26,0.55,0.55,843760,0.6,232520,1480,4470160
FINNIFTY02JAN2420900PE.NFO,02/01/2024,10:01:27,0.6,0.55,849640,0.6,197720,13200,4470160
FINNIFTY02JAN2420900PE.NFO,02/01/2024,10:01:28,0.6,0.55,848960,0.6,181200,2840,4470160
FINNIFTY02JAN2420900PE.NFO,02/01/2024,10:01:29,0.6,0.55,852760,0.6,220880,800,4470160
FINNIFTY02JAN2420900PE.NFO,02/01/2024,10:01:31,0.6,0.55,853520,0.6,213920,2560,4470160
FINNIFTY02JAN2420900PE.NFO,02/01/2024,10:01:32,0.6,0.55,853360,0.6,226240,2840,4470160
FINNIFTY02JAN2420900PE.NFO,02/01/2024,10:01:33,0.6,0.55,856760,0.6,210240,2400,4470160
FINNIFTY02JAN2420900PE.NFO,02/01/2024,10:01:34,0.55,0.55,853440,0.6,222520,6120,4470160
FINNIFTY02JAN2420900PE.NFO,02/01/2024,10:01:35,0.55,0.55,852640,0.6,232520,0,4470160
FINNIFTY02JAN2420900PE.NFO,02/01/2024,10:01:36,0.6,0.55,847960,0.6,230880,5760,4470160
FINNIFTY02JAN2420900PE.NFO,02/01/2024,10:01:37,0.55,0.55,845720,0.6,240720,3560,4470160
FINNIFTY02JAN2420900PE.NFO,02/01/2024,10:01:38,0.55,0.55,845280,0.6,240080,480,4470160
FINNIFTY02JAN2420900PE.NFO,02/01/2024,10:01:39,0.6,0.55,846320,0.6,241680,200,4470160
FINNIFTY02JAN2420900PE.NFO,02/01/2024,10:01:40,0.55,0.55,845880,0.6,242320,12160,4470160
FINNIFTY02JAN2420900PE.NFO,02/01/2024,10:01:41,0.6,0.55,845960,0.6,252720,80,4470160
FINNIFTY02JAN2420900PE.NFO,02/01/2024,10:01:42,0.6,0.55,846200,0.6,286400,800,4470160
FINNIFTY02JAN2420900PE.NFO,02/01/2024,10:01:43,0.55,0.55,844920,0.6,288440,4040,4470160
FINNIFTY02JAN2420900PE.NFO,02/01/2024,10:01:44,0.55,0.55,844280,0.6,293960,3120,4470160
FINNIFTY02JAN2420900PE.NFO,02/01/2024,10:01:45,0.55,0.55,842640,0.6,289000,4400,4470160
FINNIFTY02JAN2420900PE.NFO,02/01/2024,10:01:46,0.55,0.55,833160,0.6,289000,9000,4470160
FINNIFTY02JAN2420900PE.NFO,02/01/2024,10:01:47,0.55,0.55,828440,0.6,290880,4560,4470160
FINNIFTY02JAN2420900PE.NFO,02/01/2024,10:01:48,0.6,0.55,823560,0.6,287200,4920,4470160
FINNIFTY02JAN2420900PE.NFO,02/01/2024,10:01:49,0.55,0.55,821840,0.6,291000,5480,4470160
FINNIFTY02JAN2420900PE.NFO,02/01/2024,10:01:50,0.6,0.55,823200,0.6,288600,4960,4470160
FINNIFTY02JAN2420900PE.NFO,02/01/2024,10:01:51,0.55,0.55,332320,0.6,289160,20640,4470160
FINNIFTY02JAN2420900PE.NFO,02/01/2024,10:01:52,0.6,0.55,369640,0.6,281000,20560,4470160
FINNIFTY02JAN2420900PE.NFO,02/01/2024,10:01:53,0.55,0.55,369040,0.6,280920,1320,4470160
FINNIFTY02JAN2420900PE.NFO,02/01/2024,10:01:54,0.55,0.55,367240,0.6,274480,7520,4470160
FINNIFTY02JAN2420900PE.NFO,02/01/2024,10:01:55,0.55,0.55,362680,0.6,280880,6040,4470160
FINNIFTY02JAN2420900PE.NFO,02/01/2024,10:01:56,0.55,0.55,361800,0.6,280880,840,4470160
FINNIFTY02JAN2420900PE.NFO,02/01/2024,10:01:57,0.5,0.5,1160640,0.55,231880,285600,4470160
FINNIFTY02JAN2420900PE.NFO,02/01/2024,10:01:58,0.5,0.5,1189040,0.55,425080,1880,4470160
FINNIFTY02JAN2420900PE.NFO,02/01/2024,10:01:59,0.5,0.5,1189600,0.55,453760,960,4470160
FINNIFTY02JAN2420900PE.NFO,02/01/2024,10:02:00,0.55,0.5,1188400,0.55,476960,4240,4470160
FINNIFTY02JAN2420900PE.NFO,02/01/2024,10:02:01,0.55,0.5,1188040,0.55,478840,7720,4470160
FINNIFTY02JAN2420900PE.NFO,02/01/2024,10:02:02,0.5,0.5,1186040,0.55,480080,5720,4470160
FINNIFTY02JAN2420900PE.NFO,02/01/2024,10:02:03,0.5,0.5,1184600,0.55,482880,2880,4470160
FINNIFTY02JAN2420900PE.NFO,02/01/2024,10:02:04,0.5,0.5,1182800,0.55,488800,3080,4470160
FINNIFTY02JAN2420900PE.NFO,02/01/2024,10:02:05,0.55,0.5,1180960,0.55,489440,2240,4470160
FINNIFTY02JAN2420900PE.NFO,02/01/2024,10:02:06,0.5,0.5,1182160,0.55,526480,760,4470160
FINNIFTY02JAN2420900PE.NFO,02/01/2024,10:02:07,0.5,0.5,1175280,0.55,503560,3560,4470160
FINNIFTY02JAN2420900PE.NFO,02/01/2024,10:02:08,0.5,0.5,1171920,0.55,510800,2280,4470160
FINNIFTY02JAN2420900PE.NFO,02/01/2024,10:02:09,0.55,0.5,1174320,0.55,509840,1760,4470160
FINNIFTY02JAN2420900PE.NFO,02/01/2024,10:02:10,0.5,0.5,1184120,0.55,513440,4120,4470160
FINNIFTY02JAN2420900PE.NFO,02/01/2024,10:02:11,0.5,0.5,1196960,0.55,514000,1960,4470160
FINNIFTY02JAN2420900PE.NFO,02/01/2024,10:02:12,0.5,0.5,1207560,0.55,501200,13000,4470160
