Ticker,Date,Time,LTP,BuyPrice,BuyQty,SellPrice,SellQty,LTQ,OpenInterest
FINNIFTY02JAN2420600CE.NFO,02/01/2024,10:05:21,765,740,40,759.55,120,160,1640
FINNIFTY02JAN2420600CE.NFO,02/01/2024,10:05:21,765,740,40,759.55,120,0,1640
FINNIFTY02JAN2420600CE.NFO,02/01/2024,10:05:21,765,740,40,759.55,120,0,1640
FINNIFTY02JAN2420600CE.NFO,02/01/2024,10:05:21,765,740,40,759.55,120,0,1640
FINNIFTY02JAN2420600CE.NFO,02/01/2024,10:05:31,765,755.2,40,758.75,200,0,1640
FINNIFTY02JAN2420600CE.NFO,02/01/2024,10:05:33,765,755.15,480,758.95,40,0,1640
FINNIFTY02JAN2420600CE.NFO,02/01/2024,10:05:35,765,755.85,40,759.25,760,0,1640
FINNIFTY02JAN2420600CE.NFO,02/01/2024,10:05:36,765,755,80,762.35,80,0,1640
FINNIFTY02JAN2420600CE.NFO,02/01/2024,10:05:38,765,754.45,200,758.1,40,0,1640
FINNIFTY02JAN2420600CE.NFO,02/01/2024,10:05:40,765,755.45,80,759,480,0,1640
FINNIFTY02JAN2420600CE.NFO,02/01/2024,10:05:41,765,754.45,40,758.6,40,0,1640
FINNIFTY02JAN2420600CE.NFO,02/01/2024,10:05:43,765,744.15,120,756.25,120,0,1640
FINNIFTY02JAN2420600CE.NFO,02/01/2024,10:05:45,765,748.8,120,758,120,0,1640
FINNIFTY02JAN2420600CE.NFO,02/01/2024,10:05:46,765,753.1,80,757,40,0,1640
FINNIFTY02JAN2420600CE.NFO,02/01/2024,10:05:48,765,751.8,40,755.7,120,0,1640
FINNIFTY02JAN2420600CE.NFO,02/01/2024,10:05:50,765,749.6,560,754.8,360,0,1640
FINNIFTY02JAN2420600CE.NFO,02/01/2024,10:05:51,765,736.9,40,753.85,80,0,1640
FINNIFTY02JAN2420600CE.NFO,02/01/2024,10:05:53,765,740.85,40,753.55,560,0,1640
FINNIFTY02JAN2420600CE.NFO,02/01/2024,10:05:55,765,744.8,320,753.9,400,0,1640
FINNIFTY02JAN2420600CE.NFO,02/01/2024,10:05:56,765,749.9,40,754.25,40,0,1640
FINNIFTY02JAN2420600CE.NFO,02/01/2024,10:05:58,765,752.55,120,761.65,120,0,1640
FINNIFTY02JAN2420600CE.NFO,02/01/2024,10:06:00,765,739.35,120,756.75,80,0,1640
FINNIFTY02JAN2420600CE.NFO,02/01/2024,10:06:01,765,742.95,200,757.8,40,0,1640
FINNIFTY02JAN2420600CE.NFO,02/01/2024,10:06:03,765,747.2,80,759.95,40,0,1640
FINNIFTY02JAN2420600CE.NFO,02/01/2024,10:06:05,765,750.55,120,763.1,40,0,1640
FINNIFTY02JAN2420600CE.NFO,02/01/2024,10:06:06,765,754,80,762.35,120,0,1640
FINNIFTY02JAN2420600CE.NFO,02/01/2024,10:06:08,765,756.95,40,765.75,40,0,1640
FINNIFTY02JAN2420600CE.NFO,02/01/2024,10:06:10,765,759.3,120,766.5,480,0,1640
FINNIFTY02JAN2420600CE.NFO,02/01/2024,10:06:11,765,762.05,80,769.25,80,0,1640
FINNIFTY02JAN2420600CE.NFO,02/01/2024,10:06:13,765,763.8,120,769.1,40,0,1640
FINNIFTY02JAN2420600CE.NFO,02/01/2024,10:06:15,765,765,560,769.4,360,0,1640
FINNIFTY02JAN2420600CE.NFO,02/01/2024,10:06:16,765,758.45,120,769.85,480,0,1640
FINNIFTY02JAN2420600CE.NFO,02/01/2024,10:06:18,765,760.95,80,771.65,80,0,1640
FINNIFTY02JAN2420600CE.NFO,02/01/2024,10:06:20,765,763.7,80,798.55,80,0,1640
FINNIFTY02JAN2420600CE.NFO,02/01/2024,10:06:21,765,765.85,240,777.55,360,0,1640
FINNIFTY02JAN2420600CE.NFO,02/01/2024,10:06:23,765,768.1,200,775.45,80,0,1640
FINNIFTY02JAN2420600CE.NFO,02/01/2024,10:06:25,765,771.05,120,776.85,120,0,1640
FINNIFTY02JAN2420600CE.NFO,02/01/2024,10:06:26,765,773.3,80,778.5,80,0,1640
FINNIFTY02JAN2420600CE.NFO,02/01/2024,10:06:28,765,771.2,200,777.45,40,0,1640
FINNIFTY02JAN2420600CE.NFO,02/01/2024,10:06:30,765,764.4,200,773.15,200,0,1640
FINNIFTY02JAN2420600CE.NFO,02/01/2024,10:06:32,765,765.8,120,771.4,320,0,1640
FINNIFTY02JAN2420600CE.NFO,02/01/2024,10:06:33,765,761.3,2840,769.8,120,0,1640
FINNIFTY02JAN2420600CE.NFO,02/01/2024,10:06:35,765,763.2,200,767.9,440,0,1640
FINNIFTY02JAN2420600CE.NFO,02/01/2024,10:06:37,765,765.2,40,771.35,40,0,1640
FINNIFTY02JAN2420600CE.NFO,02/01/2024,10:06:38,765,762.85,640,768.5,80,0,1640
FINNIFTY02JAN2420600CE.NFO,02/01/2024,10:06:40,765,765.6,120,769.15,240,0,1640
FINNIFTY02JAN2420600CE.NFO,02/01/2024,10:06:42,765,766.7,80,770.9,1800,0,1640
FINNIFTY02JAN2420600CE.NFO,02/01/2024,10:06:43,765,764.95,120,768.7,40,0,1640
FINNIFTY02JAN2420600CE.NFO,02/01/2024,10:06:45,765,765.55,160,769.75,160,0,1640
FINNIFTY02JAN2420600CE.NFO,02/01/2024,10:06:47,765,766.95,120,770.8,320,0,1640
FINNIFTY02JAN2420600CE.NFO,02/01/2024,10:06:48,765,765.65,80,769.55,120,0,1640
FINNIFTY02JAN2420600CE.NFO,02/01/2024,10:06:50,765,766.45,80,769.4,200,0,1640
FINNIFTY02JAN2420600CE.NFO,02/01/2024,10:06:52,765,765.75,80,769.65,280,0,1640
FINNIFTY02JAN2420600CE.NFO,02/01/2024,10:06:53,765,764.6,80,767.75,640,0,1640
FINNIFTY02JAN2420600CE.NFO,02/01/2024,10:06:55,765,759.3,360,768.05,120,0,1640
FINNIFTY02JAN2420600CE.NFO,02/01/2024,10:06:57,765,763.2,240,769.2,200,0,1640
FINNIFTY02JAN2420600CE.NFO,02/01/2024,10:06:58,765,765.25,40,769.1,880,0,1640
FINNIFTY02JAN2420600CE.NFO,02/01/2024,10:07:00,765,766.8,200,771.25,200,0,1640
FINNIFTY02JAN2420600CE.NFO,02/01/2024,10:07:02,765,768.7,160,774.1,200,0,1640
FINNIFTY02JAN2420600CE.NFO,02/01/2024,10:07:03,765,767.65,120,772.6,120,0,1640
FINNIFTY02JAN2420600CE.NFO,02/01/2024,10:07:05,765,769.6,600,777.8,720,0,1640
FINNIFTY02JAN2420600CE.NFO,02/01/2024,10:07:07,765,772.2,120,777.4,120,0,1640
FINNIFTY02JAN2420600CE.NFO,02/01/2024,10:07:08,765,770.75,280,776.25,120,0,1640
FINNIFTY02JAN2420600CE.NFO,02/01/2024,10:07:10,765,771.5,440,776.85,200,0,1640
FINNIFTY02JAN2420600CE.NFO,02/01/2024,10:07:12,765,773.55,440,782.8,240,0,1640
FINNIFTY02JAN2420600CE.NFO,02/01/2024,10:07:13,765,775.5,80,787.75,3600,0,1640
FINNIFTY02JAN2420600CE.NFO,02/01/2024,10:07:15,765,776.25,80,780.2,280,0,1640
FINNIFTY02JAN2420600CE.NFO,02/01/2024,10:07:17,765,777.35,360,786.75,360,0,1640
FINNIFTY02JAN2420600CE.NFO,02/01/2024,10:07:18,765,778.8,80,786.3,40,0,1640
FINNIFTY02JAN2420600CE.NFO,02/01/2024,10:07:20,765,773,280,780.3,280,0,1640
FINNIFTY02JAN2420600CE.NFO,02/01/2024,10:07:22,765,768.45,360,778.1,360,0,1640
FINNIFTY02JAN2420600CE.NFO,02/01/2024,10:07:23,765,771.35,1920,777.65,80,0,1640
FINNIFTY02JAN2420600CE.NFO,02/01/2024,10:07:25,765,771.55,40,776.5,200,0,1640
FINNIFTY02JAN2420600CE.NFO,02/01/2024,10:07:27,765,769.25,80,773.1,80,0,1640
FINNIFTY02JAN2420600CE.NFO,02/01/2024,10:07:28,765,768.5,80,773.2,80,0,1640
FINNIFTY02JAN2420600CE.NFO,02/01/2024,10:07:30,765,765.7,120,772.9,120,0,1640
FINNIFTY02JAN2420600CE.NFO,02/01/2024,10:07:32,765,768.7,80,771.95,120,0,1640
FINNIFTY02JAN2420600CE.NFO,02/01/2024,10:07:33,765,769.2,80,773.4,200,0,1640
FINNIFTY02JAN2420600CE.NFO,02/01/2024,10:07:35,765,771.15,200,776.85,120,0,1640
FINNIFTY02JAN2420600CE.NFO,02/01/2024,10:07:37,765,773.2,80,777.35,200,0,1640
FINNIFTY02JAN2420600CE.NFO,02/01/2024,10:07:38,765,773.1,80,776.25,80,0,1640
FINNIFTY02JAN2420600CE.NFO,02/01/2024,10:07:40,765,755.8,80,774.15,80,0,1640
FINNIFTY02JAN2420600CE.NFO,02/01/2024,10:07:42,765,760.95,40,776.1,120,0,1640
FINNIFTY02JAN2420600CE.NFO,02/01/2024,10:07:43,765,766.45,80,776.9,120,0,1640
FINNIFTY02JAN2420600CE.NFO,02/01/2024,10:07:45,765,771.45,120,776.1,360,0,1640
FINNIFTY02JAN2420600CE.NFO,02/01/2024,10:07:47,765,771.45,80,775,120,0,1640
FINNIFTY02JAN2420600CE.NFO,02/01/2024,10:07:48,765,770.5,80,773.55,120,0,1640
FINNIFTY02JAN2420600CE.NFO,02/01/2024,10:07:50,765,758.8,120,772.25,360,0,1640
FINNIFTY02JAN2420600CE.NFO,02/01/2024,10:07:52,765,763.95,240,773.15,920,0,1640
FINNIFTY02JAN2420600CE.NFO,02/01/2024,10:07:53,765,766.55,80,771.3,360,0,1640
FINNIFTY02JAN2420600CE.NFO,02/01/2024,10:07:55,765,763.55,120,769.25,80,0,1640
FINNIFTY02JAN2420600CE.NFO,02/01/2024,10:07:57,765,764.95,40,776.25,40,0,1640
FINNIFTY02JAN2420600CE.NFO,02/01/2024,10:07:58,765,767.8,40,771.25,80,0,1640
FINNIFTY02JAN2420600CE.NFO,02/01/2024,10:08:00,765,767.85,80,770.75,200,0,1640
FINNIFTY02JAN2420600CE.NFO,02/01/2024,10:08:02,765,766.9,80,770.25,800,0,1640
FINNIFTY02JAN2420600CE.NFO,02/01/2024,10:08:03,765,769,80,772.95,200,0,1640
FINNIFTY02JAN2420600CE.NFO,02/01/2024,10:08:05,765,768.1,80,771.75,40,0,1640
FINNIFTY02JAN2420600CE.NFO,02/01/2024,10:08:07,765,767.25,80,770.85,40,0,1640
FINNIFTY02JAN2420600CE.NFO,02/01/2024,10:08:08,765,766.15,80,769.9,40,0,1640
FINNIFTY02JAN2420600CE.NFO,02/01/2024,10:08:10,765,767.35,80,770.75,40,0,1640
FINNIFTY02JAN2420600CE.NFO,02/01/2024,10:08:12,765,766.5,80,770,240,0,1640
FINNIFTY02JAN2420600CE.NFO,02/01/2024,10:08:13,765,766.25,80,769.4,120,0,1640
FINNIFTY02JAN2420600CE.NFO,02/01/2024,10:08:15,765,767.25,80,771.75,40,0,1640
FINNIFTY02JAN2420600CE.NFO,02/01/2024,10:08:17,765,769.35,80,773.05,120,0,1640
FINNIFTY02JAN2420600CE.NFO,02/01/2024,10:08:18,765,766.2,40,770.95,80,0,1640
FINNIFTY02JAN2420600CE.NFO,02/01/2024,10:08:20,765,766.75,80,769.9,240,0,1640
FINNIFTY02JAN2420600CE.NFO,02/01/2024,10:08:22,765,767.4,40,770.9,40,0,1640
FINNIFTY02JAN2420600CE.NFO,02/01/2024,10:08:23,765,753.7,200,768.85,200,0,1640
FINNIFTY02JAN2420600CE.NFO,02/01/2024,10:08:25,765,757,120,767.65,160,0,1640
FINNIFTY02JAN2420600CE.NFO,02/01/2024,10:08:27,765,760.95,80,768.05,200,0,1640
FINNIFTY02JAN2420600CE.NFO,02/01/2024,10:08:28,765,764.1,80,767.75,240,0,1640
FINNIFTY02JAN2420600CE.NFO,02/01/2024,10:08:30,765,764.85,80,770.8,120,0,1640
FINNIFTY02JAN2420600CE.NFO,02/01/2024,10:08:32,765,764.8,80,768.35,40,0,1640
FINNIFTY02JAN2420600CE.NFO,02/01/2024,10:08:33,765,765.1,80,768.45,520,0,1640
FINNIFTY02JAN2420600CE.NFO,02/01/2024,10:08:35,765,765.1,80,768.7,280,0,1640
FINNIFTY02JAN2420600CE.NFO,02/01/2024,10:08:37,765,753.7,240,767.75,240,0,1640
FINNIFTY02JAN2420600CE.NFO,02/01/2024,10:08:38,765,757.65,160,764.25,360,0,1640
FINNIFTY02JAN2420600CE.NFO,02/01/2024,10:08:40,765,760.2,40,765.9,360,0,1640
FINNIFTY02JAN2420600CE.NFO,02/01/2024,10:08:42,765,758.15,80,762.45,240,0,1640
FINNIFTY02JAN2420600CE.NFO,02/01/2024,10:08:43,765,754.5,200,765.4,120,0,1640
FINNIFTY02JAN2420600CE.NFO,02/01/2024,10:08:45,765,757.55,640,763.5,40,0,1640
FINNIFTY02JAN2420600CE.NFO,02/01/2024,10:08:47,765,759.4,480,764.3,360,0,1640
FINNIFTY02JAN2420600CE.NFO,02/01/2024,10:08:49,765,758.85,440,764.15,200,0,1640
FINNIFTY02JAN2420600CE.NFO,02/01/2024,10:08:50,765,760,360,763.95,40,0,1640
FINNIFTY02JAN2420600CE.NFO,02/01/2024,10:08:52,765,760.2,80,763.4,680,0,1640
FINNIFTY02JAN2420600CE.NFO,02/01/2024,10:08:54,765,761.9,480,767.05,80,0,1640
FINNIFTY02JAN2420600CE.NFO,02/01/2024,10:08:55,765,761.3,40,765.3,80,0,1640
FINNIFTY02JAN2420600CE.NFO,02/01/2024,10:08:57,765,762.45,80,765.45,40,0,1640
FINNIFTY02JAN2420600CE.NFO,02/01/2024,10:08:59,765,762.05,240,766.85,3280,0,1640
FINNIFTY02JAN2420600CE.NFO,02/01/2024,10:09:00,765,758.25,40,764.55,120,0,1640
FINNIFTY02JAN2420600CE.NFO,02/01/2024,10:09:02,765,760.8,80,765.35,80,0,1640
FINNIFTY02JAN2420600CE.NFO,02/01/2024,10:09:04,765,763.95,480,774.95,200,0,1640
FINNIFTY02JAN2420600CE.NFO,02/01/2024,10:09:05,765,766.8,480,773.55,640,0,1640
FINNIFTY02JAN2420600CE.NFO,02/01/2024,10:09:07,765,770.15,120,775.25,40,0,1640
FINNIFTY02JAN2420600CE.NFO,02/01/2024,10:09:09,765,772.4,80,777.1,200,0,1640
FINNIFTY02JAN2420600CE.NFO,02/01/2024,10:09:10,765,774.05,200,779.8,200,0,1640
FINNIFTY02JAN2420600CE.NFO,02/01/2024,10:09:12,765,775.05,40,780.9,400,0,1640
FINNIFTY02JAN2420600CE.NFO,02/01/2024,10:09:14,765,774.35,1000,780.1,40,0,1640
FINNIFTY02JAN2420600CE.NFO,02/01/2024,10:09:15,765,775.8,80,779.7,200,0,1640
FINNIFTY02JAN2420600CE.NFO,02/01/2024,10:09:17,765,772.5,40,776.6,240,0,1640
FINNIFTY02JAN2420600CE.NFO,02/01/2024,10:09:19,765,771.85,120,775.75,680,0,1640
FINNIFTY02JAN2420600CE.NFO,02/01/2024,10:09:20,765,772.6,40,777.2,120,0,1640
FINNIFTY02JAN2420600CE.NFO,02/01/2024,10:09:22,765,773.15,80,780.95,80,0,1640
FINNIFTY02JAN2420600CE.NFO,02/01/2024,10:09:24,765,773.8,80,777.05,240,0,1640
FINNIFTY02JAN2420600CE.NFO,02/01/2024,10:09:25,765,761.25,80,786.25,120,0,1640
FINNIFTY02JAN2420600CE.NFO,02/01/2024,10:09:27,765,765.85,120,778.15,240,0,1640
FINNIFTY02JAN2420600CE.NFO,02/01/2024,10:09:29,765,773.3,80,776.95,240,0,1640
FINNIFTY02JAN2420600CE.NFO,02/01/2024,10:09:30,765,773.15,80,778.1,400,0,1640
FINNIFTY02JAN2420600CE.NFO,02/01/2024,10:09:32,765,774.7,80,778.3,200,0,1640
FINNIFTY02JAN2420600CE.NFO,02/01/2024,10:09:33,765,773.25,80,776.15,240,0,1640
FINNIFTY02JAN2420600CE.NFO,02/01/2024,10:09:35,765,772.2,40,775.65,120,0,1640
FINNIFTY02JAN2420600CE.NFO,02/01/2024,10:09:37,765,772.9,80,775.5,240,0,1640
FINNIFTY02JAN2420600CE.NFO,02/01/2024,10:09:38,765,772.65,80,776.35,120,0,1640
FINNIFTY02JAN2420600CE.NFO,02/01/2024,10:09:40,765,770.3,40,774,120,0,1640
FINNIFTY02JAN2420600CE.NFO,02/01/2024,10:09:42,765,770.05,40,773.1,120,0,1640
FINNIFTY02JAN2420600CE.NFO,02/01/2024,10:09:43,765,770.1,120,773.25,240,0,1640
FINNIFTY02JAN2420600CE.NFO,02/01/2024,10:09:45,765,766.15,120,772.15,120,0,1640
FINNIFTY02JAN2420600CE.NFO,02/01/2024,10:09:47,765,770.25,120,774.2,120,0,1640
FINNIFTY02JAN2420600CE.NFO,02/01/2024,10:09:48,765,771.15,80,774.55,240,0,1640
FINNIFTY02JAN2420600CE.NFO,02/01/2024,10:09:50,765,769.8,320,773.25,120,0,1640
FINNIFTY02JAN2420600CE.NFO,02/01/2024,10:09:52,765,771.6,400,775.05,320,0,1640
FINNIFTY02JAN2420600CE.NFO,02/01/2024,10:09:53,765,772.75,80,778.45,80,0,1640
FINNIFTY02JAN2420600CE.NFO,02/01/2024,10:09:55,765,771.8,80,775.65,40,0,1640
FINNIFTY02JAN2420600CE.NFO,02/01/2024,10:09:57,765,770.15,120,773.15,240,0,1640
FINNIFTY02JAN2420600CE.NFO,02/01/2024,10:09:58,765,768.65,40,771.85,120,0,1640
FINNIFTY02JAN2420600CE.NFO,02/01/2024,10:10:00,765,767.4,80,771.7,480,0,1640
FINNIFTY02JAN2420600CE.NFO,02/01/2024,10:10:02,765,769,80,773.4,40,0,1640
FINNIFTY02JAN2420600CE.NFO,02/01/2024,10:10:03,765,768.75,40,772.35,120,0,1640
FINNIFTY02JAN2420600CE.NFO,02/01/2024,10:10:05,765,769.4,400,774.1,120,0,1640
FINNIFTY02JAN2420600CE.NFO,02/01/2024,10:10:07,765,770.5,40,774.3,1560,0,1640
FINNIFTY02JAN2420600CE.NFO,02/01/2024,10:10:08,765,769.7,80,773.15,360,0,1640
FINNIFTY02JAN2420600CE.NFO,02/01/2024,10:10:10,765,761.1,120,772.3,240,0,1640
FINNIFTY02JAN2420600CE.NFO,02/01/2024,10:10:12,765,767.1,200,796.65,200,0,1640
FINNIFTY02JAN2420600CE.NFO,02/01/2024,10:10:13,765,770.1,80,773.7,120,0,1640
FINNIFTY02JAN2420600CE.NFO,02/01/2024,10:10:15,765,771.2,80,774.75,80,0,1640
FINNIFTY02JAN2420600CE.NFO,02/01/2024,10:10:17,765,761.6,240,771.6,80,0,1640
FINNIFTY02JAN2420600CE.NFO,02/01/2024,10:10:18,765,764.2,80,768.2,160,0,1640
FINNIFTY02JAN2420600CE.NFO,02/01/2024,10:10:20,765,765.4,80,769.75,120,0,1640
FINNIFTY02JAN2420600CE.NFO,02/01/2024,10:10:22,765,763.35,120,768.4,120,0,1640
FINNIFTY02JAN2420600CE.NFO,02/01/2024,10:10:23,765,763.55,40,766.9,120,0,1640
FINNIFTY02JAN2420600CE.NFO,02/01/2024,10:10:25,765,762.05,80,765.25,200,0,1640
FINNIFTY02JAN2420600CE.NFO,02/01/2024,10:10:27,765,764.2,120,774.1,1920,0,1640
FINNIFTY02JAN2420600CE.NFO,02/01/2024,10:10:28,765,765.4,80,768.6,40,0,1640
FINNIFTY02JAN2420600CE.NFO,02/01/2024,10:10:30,765,765.35,80,769.55,2520,0,1640
FINNIFTY02JAN2420600CE.NFO,02/01/2024,10:10:32,765,767.5,200,773.95,1760,0,1640
FINNIFTY02JAN2420600CE.NFO,02/01/2024,10:10:33,765,768.05,80,770.75,160,0,1640
FINNIFTY02JAN2420600CE.NFO,02/01/2024,10:10:35,765,767.1,80,770.3,40,0,1640
FINNIFTY02JAN2420600CE.NFO,02/01/2024,10:10:37,765,766.5,80,769.85,120,0,1640
FINNIFTY02JAN2420600CE.NFO,02/01/2024,10:10:38,765,765.45,40,768.65,80,0,1640
FINNIFTY02JAN2420600CE.NFO,02/01/2024,10:10:40,765,763.5,40,768.55,120,0,1640
FINNIFTY02JAN2420600CE.NFO,02/01/2024,10:10:42,765,766.1,40,769.15,80,0,1640
FINNIFTY02JAN2420600CE.NFO,02/01/2024,10:10:43,765,764.8,40,767.8,120,0,1640
FINNIFTY02JAN2420600CE.NFO,02/01/2024,10:10:45,765,763.6,80,766.4,240,0,1640
FINNIFTY02JAN2420600CE.NFO,02/01/2024,10:10:47,765,763.75,80,766.9,120,0,1640
FINNIFTY02JAN2420600CE.NFO,02/01/2024,10:10:48,765,764.5,80,767.7,120,0,1640
FINNIFTY02JAN2420600CE.NFO,02/01/2024,10:10:50,765,763.65,200,767.25,160,0,1640
FINNIFTY02JAN2420600CE.NFO,02/01/2024,10:10:52,765,762.55,80,766.05,1200,0,1640
FINNIFTY02JAN2420600CE.NFO,02/01/2024,10:10:53,765,764.05,120,773,120,0,1640
FINNIFTY02JAN2420600CE.NFO,02/01/2024,10:10:55,765,765.9,120,770.1,40,0,1640
FINNIFTY02JAN2420600CE.NFO,02/01/2024,10:10:57,765,765.75,80,769,80,0,1640
FINNIFTY02JAN2420600CE.NFO,02/01/2024,10:10:58,765,764.85,200,768.4,160,0,1640
FINNIFTY02JAN2420600CE.NFO,02/01/2024,10:11:00,765,764.55,40,768.35,120,0,1640
FINNIFTY02JAN2420600CE.NFO,02/01/2024,10:11:02,765,765.9,80,769.1,640,0,1640
FINNIFTY02JAN2420600CE.NFO,02/01/2024,10:11:03,765,767.4,120,771.2,80,0,1640
FINNIFTY02JAN2420600CE.NFO,02/01/2024,10:11:05,765,766.6,40,770.2,40,0,1640
FINNIFTY02JAN2420600CE.NFO,02/01/2024,10:11:07,765,767.75,80,771.3,80,0,1640
FINNIFTY02JAN2420600CE.NFO,02/01/2024,10:11:08,765,768.65,80,772.8,80,0,1640
FINNIFTY02JAN2420600CE.NFO,02/01/2024,10:11:10,765,770.45,80,778.85,80,0,1640
FINNIFTY02JAN2420600CE.NFO,02/01/2024,10:11:12,765,770.5,40,773.6,240,0,1640
FINNIFTY02JAN2420600CE.NFO,02/01/2024,10:11:13,765,768.9,80,772.05,120,0,1640
FINNIFTY02JAN2420600CE.NFO,02/01/2024,10:11:15,765,767.5,200,772.65,40,0,1640
FINNIFTY02JAN2420600CE.NFO,02/01/2024,10:11:17,765,769.45,80,772.8,120,0,1640
FINNIFTY02JAN2420600CE.NFO,02/01/2024,10:11:18,765,767.95,40,771.5,120,0,1640
FINNIFTY02JAN2420600CE.NFO,02/01/2024,10:11:20,765,763.25,80,771.2,600,0,1640
FINNIFTY02JAN2420600CE.NFO,02/01/2024,10:11:22,765,767.35,80,770.2,120,0,1640
FINNIFTY02JAN2420600CE.NFO,02/01/2024,10:11:23,765,766.2,80,769.05,240,0,1640
FINNIFTY02JAN2420600CE.NFO,02/01/2024,10:11:25,765,766.45,120,769.65,120,0,1640
FINNIFTY02JAN2420600CE.NFO,02/01/2024,10:11:27,765,765.05,80,768.2,200,0,1640
FINNIFTY02JAN2420600CE.NFO,02/01/2024,10:11:28,765,764.55,80,768.25,200,0,1640
FINNIFTY02JAN2420600CE.NFO,02/01/2024,10:11:30,765,765.35,120,768.4,40,0,1640
FINNIFTY02JAN2420600CE.NFO,02/01/2024,10:11:31,765,761.3,80,767,120,0,1640
FINNIFTY02JAN2420600CE.NFO,02/01/2024,10:11:33,765,760.55,80,765.4,1440,0,1640
FINNIFTY02JAN2420600CE.NFO,02/01/2024,10:11:35,765,757.9,120,762.3,560,0,1640
FINNIFTY02JAN2420600CE.NFO,02/01/2024,10:11:36,765,759.7,120,764.85,120,0,1640
FINNIFTY02JAN2420600CE.NFO,02/01/2024,10:11:38,765,757.75,80,762.75,80,0,1640
FINNIFTY02JAN2420600CE.NFO,02/01/2024,10:11:40,765,760.6,120,770.7,80,0,1640
FINNIFTY02JAN2420600CE.NFO,02/01/2024,10:11:41,765,761.55,80,765.25,1400,0,1640
FINNIFTY02JAN2420600CE.NFO,02/01/2024,10:11:43,765,760.3,80,762.9,120,0,1640
FINNIFTY02JAN2420600CE.NFO,02/01/2024,10:11:45,765,759.5,80,762.85,200,0,1640
FINNIFTY02JAN2420600CE.NFO,02/01/2024,10:11:46,765,759,120,765.75,2120,0,1640
FINNIFTY02JAN2420600CE.NFO,02/01/2024,10:11:48,765,759.2,40,762.8,40,0,1640
FINNIFTY02JAN2420600CE.NFO,02/01/2024,10:11:50,765,758.95,200,762.9,40,0,1640
FINNIFTY02JAN2420600CE.NFO,02/01/2024,10:11:51,765,760.95,40,765,120,0,1640
FINNIFTY02JAN2420600CE.NFO,02/01/2024,10:11:53,765,763.1,120,766.5,360,0,1640
FINNIFTY02JAN2420600CE.NFO,02/01/2024,10:11:55,765,762.8,40,766.5,40,0,1640
FINNIFTY02JAN2420600CE.NFO,02/01/2024,10:11:56,765,758.35,120,764.55,240,0,1640
FINNIFTY02JAN2420600CE.NFO,02/01/2024,10:11:58,765,761,80,763.65,360,0,1640
FINNIFTY02JAN2420600CE.NFO,02/01/2024,10:12:00,765,761,80,763.7,360,0,1640
FINNIFTY02JAN2420600CE.NFO,02/01/2024,10:12:01,765,762.4,240,772.85,160,0,1640
FINNIFTY02JAN2420600CE.NFO,02/01/2024,10:12:03,765,762.55,80,766.75,200,0,1640
FINNIFTY02JAN2420600CE.NFO,02/01/2024,10:12:05,765,763.05,80,767.9,200,0,1640
FINNIFTY02JAN2420600CE.NFO,02/01/2024,10:12:06,765,763.65,40,767.25,200,0,1640
FINNIFTY02JAN2420600CE.NFO,02/01/2024,10:12:08,765,765.95,80,769.5,120,0,1640
FINNIFTY02JAN2420600CE.NFO,02/01/2024,10:12:10,765,757.45,40,767.5,40,0,1640
FINNIFTY02JAN2420600CE.NFO,02/01/2024,10:12:11,765,763.45,80,766.75,80,0,1640
FINNIFTY02JAN2420600CE.NFO,02/01/2024,10:12:13,765,763.6,40,766.9,120,0,1640
FINNIFTY02JAN2420600CE.NFO,02/01/2024,10:12:15,765,764.05,120,767.2,120,0,1640
FINNIFTY02JAN2420600CE.NFO,02/01/2024,10:12:16,765,763.9,80,766.55,200,0,1640
FINNIFTY02JAN2420600CE.NFO,02/01/2024,10:12:18,765,763.65,80,767.45,360,0,1640
FINNIFTY02JAN2420600CE.NFO,02/01/2024,10:12:20,765,765.1,120,769.4,440,0,1640
FINNIFTY02JAN2420600CE.NFO,02/01/2024,10:12:21,765,763.75,80,766.8,80,0,1640
FINNIFTY02JAN2420600CE.NFO,02/01/2024,10:12:23,765,763,80,766,360,0,1640
FINNIFTY02JAN2420600CE.NFO,02/01/2024,10:12:25,765,763.2,40,766.45,40,0,1640
FINNIFTY02JAN2420600CE.NFO,02/01/2024,10:12:26,765,763,80,765.85,240,0,1640
FINNIFTY02JAN2420600CE.NFO,02/01/2024,10:12:28,765,761.1,80,765.1,360,0,1640
FINNIFTY02JAN2420600CE.NFO,02/01/2024,10:12:30,765,761.45,80,764.7,240,0,1640
FINNIFTY02JAN2420600CE.NFO,02/01/2024,10:12:31,765,761.5,80,765.9,40,0,1640
FINNIFTY02JAN2420600CE.NFO,02/01/2024,10:12:33,765,760.5,200,763.95,200,0,1640
FINNIFTY02JAN2420600CE.NFO,02/01/2024,10:12:35,765,761.1,80,764.45,120,0,1640
FINNIFTY02JAN2420600CE.NFO,02/01/2024,10:12:36,765,759.85,80,764.1,80,0,1640
FINNIFTY02JAN2420600CE.NFO,02/01/2024,10:12:38,765,758.25,80,763.3,120,0,1640
FINNIFTY02JAN2420600CE.NFO,02/01/2024,10:12:40,765,752.4,40,760.7,40,0,1640
FINNIFTY02JAN2420600CE.NFO,02/01/2024,10:12:41,765,753.55,200,757.95,160,0,1640
FINNIFTY02JAN2420600CE.NFO,02/01/2024,10:12:43,765,751.3,80,756.7,80,0,1640
FINNIFTY02JAN2420600CE.NFO,02/01/2024,10:12:45,765,748.55,120,755.35,40,0,1640
FINNIFTY02JAN2420600CE.NFO,02/01/2024,10:12:46,765,748.95,240,753.7,40,0,1640
FINNIFTY02JAN2420600CE.NFO,02/01/2024,10:12:48,765,751.95,120,756.6,120,0,1640
FINNIFTY02JAN2420600CE.NFO,02/01/2024,10:12:50,765,750.55,160,756.25,1760,0,1640
FINNIFTY02JAN2420600CE.NFO,02/01/2024,10:12:51,765,753.05,80,760.65,80,0,1640
FINNIFTY02JAN2420600CE.NFO,02/01/2024,10:12:53,765,755.6,200,760.3,200,0,1640
FINNIFTY02JAN2420600CE.NFO,02/01/2024,10:12:55,765,753.55,360,757.8,360,0,1640
FINNIFTY02JAN2420600CE.NFO,02/01/2024,10:12:56,765,754.05,80,758.65,560,0,1640
FINNIFTY02JAN2420600CE.NFO,02/01/2024,10:12:58,765,754.3,40,758.75,120,0,1640
FINNIFTY02JAN2420600CE.NFO,02/01/2024,10:13:00,765,753.9,40,758.65,720,0,1640
FINNIFTY02JAN2420600CE.NFO,02/01/2024,10:13:01,765,755,80,759.5,200,0,1640
FINNIFTY02JAN2420600CE.NFO,02/01/2024,10:13:03,765,757.1,40,761.1,280,0,1640
FINNIFTY02JAN2420600CE.NFO,02/01/2024,10:13:05,765,756.8,80,760.75,200,0,1640
FINNIFTY02JAN2420600CE.NFO,02/01/2024,10:13:06,765,757,80,760.55,120,0,1640
FINNIFTY02JAN2420600CE.NFO,02/01/2024,10:13:08,765,757.4,80,760.6,120,0,1640
FINNIFTY02JAN2420600CE.NFO,02/01/2024,10:13:10,765,755.4,120,758.65,120,0,1640
FINNIFTY02JAN2420600CE.NFO,02/01/2024,10:13:11,765,752.7,80,756.85,120,0,1640
FINNIFTY02JAN2420600CE.NFO,02/01/2024,10:13:13,765,752.3,80,756.05,40,0,1640
FINNIFTY02JAN2420600CE.NFO,02/01/2024,10:13:15,765,752.5,80,756.45,80,0,1640
FINNIFTY02JAN2420600CE.NFO,02/01/2024,10:13:16,765,751.3,40,755.65,360,0,1640
FINNIFTY02JAN2420600CE.NFO,02/01/2024,10:13:18,765,750.55,80,757.75,40,0,1640
FINNIFTY02JAN2420600CE.NFO,02/01/2024,10:13:20,765,750.3,80,753.85,200,0,1640
FINNIFTY02JAN2420600CE.NFO,02/01/2024,10:13:21,765,749.7,80,756,120,0,1640
FINNIFTY02JAN2420600CE.NFO,02/01/2024,10:13:23,765,750.4,200,754,240,0,1640
FINNIFTY02JAN2420600CE.NFO,02/01/2024,10:13:25,765,752.5,80,756.8,480,0,1640
FINNIFTY02JAN2420600CE.NFO,02/01/2024,10:13:26,765,752.55,120,756.2,120,0,1640
FINNIFTY02JAN2420600CE.NFO,02/01/2024,10:13:28,765,752.95,80,756.55,240,0,1640
FINNIFTY02JAN2420600CE.NFO,02/01/2024,10:13:30,765,753.7,240,756.85,440,0,1640
FINNIFTY02JAN2420600CE.NFO,02/01/2024,10:13:32,765,753.75,80,756.3,160,0,1640
FINNIFTY02JAN2420600CE.NFO,02/01/2024,10:13:33,765,753.15,40,756.65,80,0,1640
FINNIFTY02JAN2420600CE.NFO,02/01/2024,10:13:35,765,751.95,520,755.6,640,0,1640
FINNIFTY02JAN2420600CE.NFO,02/01/2024,10:13:37,765,753.75,120,757.25,80,0,1640
FINNIFTY02JAN2420600CE.NFO,02/01/2024,10:13:38,765,755.75,80,759.25,120,0,1640
FINNIFTY02JAN2420600CE.NFO,02/01/2024,10:13:40,765,756.65,80,759.75,80,0,1640
FINNIFTY02JAN2420600CE.NFO,02/01/2024,10:13:42,765,757,40,760.15,120,0,1640
FINNIFTY02JAN2420600CE.NFO,02/01/2024,10:13:43,765,755.5,80,759.1,160,0,1640
FINNIFTY02JAN2420600CE.NFO,02/01/2024,10:13:45,765,755.9,40,759.1,240,0,1640
FINNIFTY02JAN2420600CE.NFO,02/01/2024,10:13:47,765,754.65,40,758.85,240,0,1640
FINNIFTY02JAN2420600CE.NFO,02/01/2024,10:13:48,765,754,120,757,120,0,1640
FINNIFTY02JAN2420600CE.NFO,02/01/2024,10:13:50,765,755.9,40,759.3,560,0,1640
FINNIFTY02JAN2420600CE.NFO,02/01/2024,10:13:52,765,756.25,80,759.25,360,0,1640
FINNIFTY02JAN2420600CE.NFO,02/01/2024,10:13:53,765,755.35,80,758.6,120,0,1640
FINNIFTY02JAN2420600CE.NFO,02/01/2024,10:13:55,765,754.95,40,758.5,1600,0,1640
FINNIFTY02JAN2420600CE.NFO,02/01/2024,10:13:57,765,755.5,200,759.4,240,0,1640
FINNIFTY02JAN2420600CE.NFO,02/01/2024,10:13:58,765,756.2,80,759.05,160,0,1640
FINNIFTY02JAN2420600CE.NFO,02/01/2024,10:14:00,765,756,80,767.55,40,0,1640
FINNIFTY02JAN2420600CE.NFO,02/01/2024,10:14:02,765,759.1,280,763.15,800,0,1640
FINNIFTY02JAN2420600CE.NFO,02/01/2024,10:14:03,765,760.65,80,764.15,160,0,1640
FINNIFTY02JAN2420600CE.NFO,02/01/2024,10:14:05,765,760,80,763.05,320,0,1640
FINNIFTY02JAN2420600CE.NFO,02/01/2024,10:14:07,765,760.5,80,765.6,200,0,1640
FINNIFTY02JAN2420600CE.NFO,02/01/2024,10:14:08,765,761.9,40,771.8,80,0,1640
FINNIFTY02JAN2420600CE.NFO,02/01/2024,10:14:10,765,762.35,80,766.05,120,0,1640
FINNIFTY02JAN2420600CE.NFO,02/01/2024,10:14:12,765,761.65,80,764.15,120,0,1640
FINNIFTY02JAN2420600CE.NFO,02/01/2024,10:14:13,765,751.45,120,764.3,40,0,1640
FINNIFTY02JAN2420600CE.NFO,02/01/2024,10:14:15,765,757.25,120,765.3,120,0,1640
FINNIFTY02JAN2420600CE.NFO,02/01/2024,10:14:17,765,760.9,80,764.65,360,0,1640
FINNIFTY02JAN2420600CE.NFO,02/01/2024,10:14:18,765,758.65,160,762.9,160,0,1640
FINNIFTY02JAN2420600CE.NFO,02/01/2024,10:14:20,765,760.85,80,764.2,280,0,1640
FINNIFTY02JAN2420600CE.NFO,02/01/2024,10:14:22,765,759.8,40,763.25,200,0,1640
FINNIFTY02JAN2420600CE.NFO,02/01/2024,10:14:23,765,759.65,80,762.75,120,0,1640
FINNIFTY02JAN2420600CE.NFO,02/01/2024,10:14:25,765,759.65,80,762.55,440,0,1640
FINNIFTY02JAN2420600CE.NFO,02/01/2024,10:14:27,765,760.75,80,763.8,400,0,1640
FINNIFTY02JAN2420600CE.NFO,02/01/2024,10:14:28,765,761.25,80,766.25,120,0,1640
FINNIFTY02JAN2420600CE.NFO,02/01/2024,10:14:30,765,762.1,200,765.7,480,0,1640
FINNIFTY02JAN2420600CE.NFO,02/01/2024,10:14:32,765,762.95,80,767.05,160,0,1640
FINNIFTY02JAN2420600CE.NFO,02/01/2024,10:14:33,765,762.3,80,766.05,320,0,1640
FINNIFTY02JAN2420600CE.NFO,02/01/2024,10:14:35,765,763.65,80,769.15,120,0,1640
FINNIFTY02JAN2420600CE.NFO,02/01/2024,10:14:37,765,765.25,40,769.95,680,0,1640
FINNIFTY02JAN2420600CE.NFO,02/01/2024,10:14:38,765,763.85,120,769.5,120,0,1640
FINNIFTY02JAN2420600CE.NFO,02/01/2024,10:14:40,765,765.1,80,768.1,200,0,1640
FINNIFTY02JAN2420600CE.NFO,02/01/2024,10:14:42,765,764.15,80,766.7,200,0,1640
FINNIFTY02JAN2420600CE.NFO,02/01/2024,10:14:43,765,749.85,120,766.1,240,0,1640
FINNIFTY02JAN2420600CE.NFO,02/01/2024,10:14:45,765,757.8,40,764.85,160,0,1640
FINNIFTY02JAN2420600CE.NFO,02/01/2024,10:14:47,765,762.5,80,765.75,320,0,1640
FINNIFTY02JAN2420600CE.NFO,02/01/2024,10:14:48,765,761.5,280,764.75,200,0,1640
FINNIFTY02JAN2420600CE.NFO,02/01/2024,10:14:50,765,760.15,80,763.1,120,0,1640
FINNIFTY02JAN2420600CE.NFO,02/01/2024,10:14:52,765,762.05,80,765.1,480,0,1640
FINNIFTY02JAN2420600CE.NFO,02/01/2024,10:14:53,765,761.05,80,764.1,360,0,1640
FINNIFTY02JAN2420600CE.NFO,02/01/2024,10:14:55,765,760.55,80,763.85,200,0,1640
FINNIFTY02JAN2420600CE.NFO,02/01/2024,10:14:57,765,760.1,120,763.8,680,0,1640
FINNIFTY02JAN2420600CE.NFO,02/01/2024,10:14:58,765,759.15,600,762.7,200,0,1640
FINNIFTY02JAN2420600CE.NFO,02/01/2024,10:15:00,765,760.8,440,772.75,240,0,1640
FINNIFTY02JAN2420600CE.NFO,02/01/2024,10:15:02,765,762.6,80,767.65,280,0,1640
FINNIFTY02JAN2420600CE.NFO,02/01/2024,10:15:03,765,761.1,40,764.35,160,0,1640
FINNIFTY02JAN2420600CE.NFO,02/01/2024,10:15:05,765,761.6,80,764.45,40,0,1640
FINNIFTY02JAN2420600CE.NFO,02/01/2024,10:15:07,765,759.9,40,763.75,200,0,1640
FINNIFTY02JAN2420600CE.NFO,02/01/2024,10:15:08,765,759.2,120,762.7,480,0,1640
FINNIFTY02JAN2420600CE.NFO,02/01/2024,10:15:10,765,760.7,80,763.8,120,0,1640
FINNIFTY02JAN2420600CE.NFO,02/01/2024,10:15:12,765,759.4,360,762.5,200,0,1640
FINNIFTY02JAN2420600CE.NFO,02/01/2024,10:15:13,765,759.6,80,762,80,0,1640
FINNIFTY02JAN2420600CE.NFO,02/01/2024,10:15:15,765,760.2,80,763.75,360,0,1640
FINNIFTY02JAN2420600CE.NFO,02/01/2024,10:15:17,765,761.45,80,764.6,200,0,1640
FINNIFTY02JAN2420600CE.NFO,02/01/2024,10:15:18,765,761.85,80,764.35,80,0,1640
FINNIFTY02JAN2420600CE.NFO,02/01/2024,10:15:20,765,761.65,80,765.2,3720,0,1640
FINNIFTY02JAN2420600CE.NFO,02/01/2024,10:15:22,765,761.9,80,764.9,200,0,1640
FINNIFTY02JAN2420600CE.NFO,02/01/2024,10:15:23,765,760.55,80,763.4,40,0,1640
FINNIFTY02JAN2420600CE.NFO,02/01/2024,10:15:25,765,760.9,80,763.55,120,0,1640
FINNIFTY02JAN2420600CE.NFO,02/01/2024,10:15:27,765,760.05,40,763.25,480,0,1640
FINNIFTY02JAN2420600CE.NFO,02/01/2024,10:15:28,765,758.4,80,762.25,120,0,1640
FINNIFTY02JAN2420600CE.NFO,02/01/2024,10:15:30,765,759.45,80,761.85,200,0,1640
FINNIFTY02JAN2420600CE.NFO,02/01/2024,10:15:32,765,758.75,80,761.7,1000,0,1640
FINNIFTY02JAN2420600CE.NFO,02/01/2024,10:15:33,765,758.4,120,761.6,80,0,1640
FINNIFTY02JAN2420600CE.NFO,02/01/2024,10:15:35,765,758.2,80,761,200,0,1640
FINNIFTY02JAN2420600CE.NFO,02/01/2024,10:15:37,765,758.55,120,762.3,1160,0,1640
FINNIFTY02JAN2420600CE.NFO,02/01/2024,10:15:38,765,758.7,320,762.65,2280,0,1640
FINNIFTY02JAN2420600CE.NFO,02/01/2024,10:15:40,765,759.45,120,762.5,200,0,1640
FINNIFTY02JAN2420600CE.NFO,02/01/2024,10:15:42,765,759.55,80,762.45,80,0,1640
FINNIFTY02JAN2420600CE.NFO,02/01/2024,10:15:43,765,759.65,40,762.7,40,0,1640
FINNIFTY02JAN2420600CE.NFO,02/01/2024,10:15:45,765,760.7,120,763.75,160,0,1640
FINNIFTY02JAN2420600CE.NFO,02/01/2024,10:15:47,765,762.05,120,765.2,520,0,1640
FINNIFTY02JAN2420600CE.NFO,02/01/2024,10:15:48,765,762.6,40,767.8,200,0,1640
FINNIFTY02JAN2420600CE.NFO,02/01/2024,10:15:50,765,763.35,80,767,120,0,1640
FINNIFTY02JAN2420600CE.NFO,02/01/2024,10:15:52,765,761.25,3520,766.1,40,0,1640
FINNIFTY02JAN2420600CE.NFO,02/01/2024,10:15:53,765,761.9,200,765.3,720,0,1640
FINNIFTY02JAN2420600CE.NFO,02/01/2024,10:15:55,765,760.45,240,763.55,120,0,1640
FINNIFTY02JAN2420600CE.NFO,02/01/2024,10:15:57,765,760.7,40,763.6,200,0,1640
FINNIFTY02JAN2420600CE.NFO,02/01/2024,10:15:58,765,760.6,80,763.85,120,0,1640
FINNIFTY02JAN2420600CE.NFO,02/01/2024,10:16:00,765,761.85,200,766.9,40,0,1640
FINNIFTY02JAN2420600CE.NFO,02/01/2024,10:16:02,765,760.65,80,763.8,120,0,1640
FINNIFTY02JAN2420600CE.NFO,02/01/2024,10:16:03,765,760.65,80,763.3,400,0,1640
FINNIFTY02JAN2420600CE.NFO,02/01/2024,10:16:05,765,760.8,40,764.1,840,0,1640
FINNIFTY02JAN2420600CE.NFO,02/01/2024,10:16:07,765,761.5,80,764.9,40,0,1640
FINNIFTY02JAN2420600CE.NFO,02/01/2024,10:16:08,765,762.55,360,770.95,200,0,1640
FINNIFTY02JAN2420600CE.NFO,02/01/2024,10:16:10,765,762.75,80,765.85,120,0,1640
FINNIFTY02JAN2420600CE.NFO,02/01/2024,10:16:12,765,761.95,80,765.1,160,0,1640
FINNIFTY02JAN2420600CE.NFO,02/01/2024,10:16:13,765,761.95,80,764.65,40,0,1640
FINNIFTY02JAN2420600CE.NFO,02/01/2024,10:16:15,765,762.35,160,765.75,160,0,1640
FINNIFTY02JAN2420600CE.NFO,02/01/2024,10:16:17,765,761.2,40,766,240,0,1640
FINNIFTY02JAN2420600CE.NFO,02/01/2024,10:16:18,765,761.8,80,764.8,200,0,1640
FINNIFTY02JAN2420600CE.NFO,02/01/2024,10:16:20,765,761.25,40,764.55,200,0,1640
FINNIFTY02JAN2420600CE.NFO,02/01/2024,10:16:22,765,762.1,200,768.4,200,0,1640
FINNIFTY02JAN2420600CE.NFO,02/01/2024,10:16:23,765,763,80,765.8,120,0,1640
FINNIFTY02JAN2420600CE.NFO,02/01/2024,10:16:25,765,763,80,766.45,3520,0,1640
FINNIFTY02JAN2420600CE.NFO,02/01/2024,10:16:27,765,762.15,80,765,80,0,1640
FINNIFTY02JAN2420600CE.NFO,02/01/2024,10:16:28,765,762.25,120,765.5,240,0,1640
FINNIFTY02JAN2420600CE.NFO,02/01/2024,10:16:30,765,762.25,40,765.35,40,0,1640
FINNIFTY02JAN2420600CE.NFO,02/01/2024,10:16:32,765,762.75,80,765.7,240,0,1640
FINNIFTY02JAN2420600CE.NFO,02/01/2024,10:16:33,765,761.55,80,764.85,80,0,1640
FINNIFTY02JAN2420600CE.NFO,02/01/2024,10:16:35,765,761.75,80,764.4,120,0,1640
FINNIFTY02JAN2420600CE.NFO,02/01/2024,10:16:37,765,762.25,80,765.4,200,0,1640
FINNIFTY02JAN2420600CE.NFO,02/01/2024,10:16:38,765,760.9,200,764.4,120,0,1640
FINNIFTY02JAN2420600CE.NFO,02/01/2024,10:16:40,765,761.4,40,764.65,200,0,1640
FINNIFTY02JAN2420600CE.NFO,02/01/2024,10:16:42,765,761.85,80,764.7,40,0,1640
FINNIFTY02JAN2420600CE.NFO,02/01/2024,10:16:43,765,761.85,80,764.6,40,0,1640
FINNIFTY02JAN2420600CE.NFO,02/01/2024,10:16:45,765,759.2,80,762.8,240,0,1640
FINNIFTY02JAN2420600CE.NFO,02/01/2024,10:16:47,765,759.2,80,761.55,40,0,1640
FINNIFTY02JAN2420600CE.NFO,02/01/2024,10:16:48,765,757.1,240,760.45,120,0,1640
FINNIFTY02JAN2420600CE.NFO,02/01/2024,10:16:50,765,754.7,80,758.45,40,0,1640
FINNIFTY02JAN2420600CE.NFO,02/01/2024,10:16:52,765,753.8,80,757.4,200,0,1640
FINNIFTY02JAN2420600CE.NFO,02/01/2024,10:16:53,765,754.35,80,759.45,120,0,1640
FINNIFTY02JAN2420600CE.NFO,02/01/2024,10:16:55,765,753.1,240,756.7,320,0,1640
FINNIFTY02JAN2420600CE.NFO,02/01/2024,10:16:57,765,752.4,80,755.8,560,0,1640
FINNIFTY02JAN2420600CE.NFO,02/01/2024,10:16:58,765,752.9,80,756.25,120,0,1640
FINNIFTY02JAN2420600CE.NFO,02/01/2024,10:17:00,765,750.65,40,755.55,240,0,1640
FINNIFTY02JAN2420600CE.NFO,02/01/2024,10:17:02,765,753.55,80,767.1,200,0,1640
FINNIFTY02JAN2420600CE.NFO,02/01/2024,10:17:03,765,752.3,80,760.55,120,0,1640
FINNIFTY02JAN2420600CE.NFO,02/01/2024,10:17:05,765,748.45,80,754.35,80,0,1640
FINNIFTY02JAN2420600CE.NFO,02/01/2024,10:17:07,765,747.55,240,751.95,40,0,1640
FINNIFTY02JAN2420600CE.NFO,02/01/2024,10:17:08,765,748.15,80,766.45,40,0,1640
FINNIFTY02JAN2420600CE.NFO,02/01/2024,10:17:10,765,749.6,200,760.45,120,0,1640
FINNIFTY02JAN2420600CE.NFO,02/01/2024,10:17:12,765,750.25,40,753.85,200,0,1640
FINNIFTY02JAN2420600CE.NFO,02/01/2024,10:17:13,765,750.15,80,752.95,240,0,1640
FINNIFTY02JAN2420600CE.NFO,02/01/2024,10:17:15,765,748.5,80,751.4,80,0,1640
FINNIFTY02JAN2420600CE.NFO,02/01/2024,10:17:17,765,746.05,80,749.45,200,0,1640
FINNIFTY02JAN2420600CE.NFO,02/01/2024,10:17:18,765,747.9,120,762.2,120,0,1640
FINNIFTY02JAN2420600CE.NFO,02/01/2024,10:17:20,765,745.15,120,756.8,120,0,1640
FINNIFTY02JAN2420600CE.NFO,02/01/2024,10:17:22,765,744.65,200,750.4,120,0,1640
FINNIFTY02JAN2420600CE.NFO,02/01/2024,10:17:23,765,742.15,40,748,120,0,1640
FINNIFTY02JAN2420600CE.NFO,02/01/2024,10:17:25,765,739.2,40,746.8,120,0,1640
FINNIFTY02JAN2420600CE.NFO,02/01/2024,10:17:27,765,741.55,40,750.5,160,0,1640
FINNIFTY02JAN2420600CE.NFO,02/01/2024,10:17:28,765,741.15,80,747.65,240,0,1640
FINNIFTY02JAN2420600CE.NFO,02/01/2024,10:17:30,765,744.45,120,750.55,440,0,1640
FINNIFTY02JAN2420600CE.NFO,02/01/2024,10:17:32,765,745.9,200,750.2,200,0,1640
FINNIFTY02JAN2420600CE.NFO,02/01/2024,10:17:33,765,746.2,80,750.05,120,0,1640
FINNIFTY02JAN2420600CE.NFO,02/01/2024,10:17:35,765,743.9,80,756.85,200,0,1640
FINNIFTY02JAN2420600CE.NFO,02/01/2024,10:17:37,765,748,120,752.85,120,0,1640
FINNIFTY02JAN2420600CE.NFO,02/01/2024,10:17:38,765,744.1,40,750.55,80,0,1640
FINNIFTY02JAN2420600CE.NFO,02/01/2024,10:17:40,765,748.05,360,765.2,360,0,1640
FINNIFTY02JAN2420600CE.NFO,02/01/2024,10:17:42,765,748.4,160,759.1,160,0,1640
FINNIFTY02JAN2420600CE.NFO,02/01/2024,10:17:43,765,748.55,80,752.8,360,0,1640
FINNIFTY02JAN2420600CE.NFO,02/01/2024,10:17:45,765,749.3,80,763.05,120,0,1640
FINNIFTY02JAN2420600CE.NFO,02/01/2024,10:17:47,765,751.35,40,756.85,80,0,1640
FINNIFTY02JAN2420600CE.NFO,02/01/2024,10:17:48,765,750.15,440,753.6,120,0,1640
FINNIFTY02JAN2420600CE.NFO,02/01/2024,10:17:50,765,749.35,80,752.05,80,0,1640
FINNIFTY02JAN2420600CE.NFO,02/01/2024,10:17:52,765,748.55,120,751.6,120,0,1640
FINNIFTY02JAN2420600CE.NFO,02/01/2024,10:17:53,765,750,80,754.5,40,0,1640
FINNIFTY02JAN2420600CE.NFO,02/01/2024,10:17:55,765,749.25,40,752.55,40,0,1640
FINNIFTY02JAN2420600CE.NFO,02/01/2024,10:17:57,765,748.15,80,751.75,160,0,1640
FINNIFTY02JAN2420600CE.NFO,02/01/2024,10:17:58,765,749.65,120,753.35,120,0,1640
FINNIFTY02JAN2420600CE.NFO,02/01/2024,10:18:00,765,750.95,320,756.55,40,0,1640
FINNIFTY02JAN2420600CE.NFO,02/01/2024,10:18:02,765,752.8,80,756.15,120,0,1640
FINNIFTY02JAN2420600CE.NFO,02/01/2024,10:18:03,765,751.5,80,754.45,680,0,1640
FINNIFTY02JAN2420600CE.NFO,02/01/2024,10:18:05,765,744.45,80,753.35,160,0,1640
FINNIFTY02JAN2420600CE.NFO,02/01/2024,10:18:07,765,750.7,80,754.15,120,0,1640
FINNIFTY02JAN2420600CE.NFO,02/01/2024,10:18:08,765,751.7,80,754.95,120,0,1640
FINNIFTY02JAN2420600CE.NFO,02/01/2024,10:18:10,765,752.2,40,756.05,160,0,1640
FINNIFTY02JAN2420600CE.NFO,02/01/2024,10:18:12,765,752.25,40,755.45,120,0,1640
FINNIFTY02JAN2420600CE.NFO,02/01/2024,10:18:13,765,752.8,80,758.05,160,0,1640
FINNIFTY02JAN2420600CE.NFO,02/01/2024,10:18:15,765,751.4,200,754.55,120,0,1640
FINNIFTY02JAN2420600CE.NFO,02/01/2024,10:18:17,765,750.55,80,753.9,360,0,1640
FINNIFTY02JAN2420600CE.NFO,02/01/2024,10:18:18,765,749.6,80,752.65,200,0,1640
FINNIFTY02JAN2420600CE.NFO,02/01/2024,10:18:20,765,749.5,80,752.85,200,0,1640
FINNIFTY02JAN2420600CE.NFO,02/01/2024,10:18:22,765,748.9,40,752.55,2480,0,1640
FINNIFTY02JAN2420600CE.NFO,02/01/2024,10:18:23,765,748.65,80,751.85,120,0,1640
FINNIFTY02JAN2420600CE.NFO,02/01/2024,10:18:25,765,748.2,80,751.7,120,0,1640
FINNIFTY02JAN2420600CE.NFO,02/01/2024,10:18:27,765,747.25,80,750.7,320,0,1640
FINNIFTY02JAN2420600CE.NFO,02/01/2024,10:18:28,765,747.6,40,750.6,120,0,1640
FINNIFTY02JAN2420600CE.NFO,02/01/2024,10:18:30,765,746.95,120,750.35,200,0,1640
FINNIFTY02JAN2420600CE.NFO,02/01/2024,10:18:32,765,746.05,80,749.15,1640,0,1640
FINNIFTY02JAN2420600CE.NFO,02/01/2024,10:18:33,765,745.7,40,749.55,240,0,1640
FINNIFTY02JAN2420600CE.NFO,02/01/2024,10:18:35,765,747.2,200,761.3,120,0,1640
FINNIFTY02JAN2420600CE.NFO,02/01/2024,10:18:37,765,747.9,80,753.85,200,0,1640
FINNIFTY02JAN2420600CE.NFO,02/01/2024,10:18:38,765,746.15,80,749.1,120,0,1640
FINNIFTY02JAN2420600CE.NFO,02/01/2024,10:18:40,765,747,80,750.3,480,0,1640
FINNIFTY02JAN2420600CE.NFO,02/01/2024,10:18:42,765,747.95,40,751.15,440,0,1640
FINNIFTY02JAN2420600CE.NFO,02/01/2024,10:18:43,765,748.05,80,750.4,160,0,1640
FINNIFTY02JAN2420600CE.NFO,02/01/2024,10:18:45,765,747.05,80,750.05,360,0,1640
FINNIFTY02JAN2420600CE.NFO,02/01/2024,10:18:47,765,747.1,40,750.3,80,0,1640
FINNIFTY02JAN2420600CE.NFO,02/01/2024,10:18:48,765,748.5,80,759.5,120,0,1640
FINNIFTY02JAN2420600CE.NFO,02/01/2024,10:18:50,765,749.7,40,752.9,40,0,1640
FINNIFTY02JAN2420600CE.NFO,02/01/2024,10:18:52,765,750.55,40,754.05,2240,0,1640
FINNIFTY02JAN2420600CE.NFO,02/01/2024,10:18:53,765,750.5,80,753.35,120,0,1640
FINNIFTY02JAN2420600CE.NFO,02/01/2024,10:18:55,765,746.95,40,752.6,120,0,1640
FINNIFTY02JAN2420600CE.NFO,02/01/2024,10:18:57,765,749.65,80,753.25,680,0,1640
FINNIFTY02JAN2420600CE.NFO,02/01/2024,10:18:58,765,749.6,40,753.05,200,0,1640
FINNIFTY02JAN2420600CE.NFO,02/01/2024,10:19:00,765,749.65,80,752.75,120,0,1640
FINNIFTY02JAN2420600CE.NFO,02/01/2024,10:19:02,765,747.6,80,750.6,320,0,1640
FINNIFTY02JAN2420600CE.NFO,02/01/2024,10:19:03,765,748.6,80,752.85,120,0,1640
FINNIFTY02JAN2420600CE.NFO,02/01/2024,10:19:05,765,748.9,80,751.7,200,0,1640
FINNIFTY02JAN2420600CE.NFO,02/01/2024,10:19:07,765,748.75,120,752.35,120,0,1640
FINNIFTY02JAN2420600CE.NFO,02/01/2024,10:19:08,765,748.2,80,751.45,480,0,1640
FINNIFTY02JAN2420600CE.NFO,02/01/2024,10:19:10,765,747.2,80,749.95,200,0,1640
FINNIFTY02JAN2420600CE.NFO,02/01/2024,10:19:12,765,746.55,40,749.85,40,0,1640
FINNIFTY02JAN2420600CE.NFO,02/01/2024,10:19:13,765,744.35,160,748.85,160,0,1640
FINNIFTY02JAN2420600CE.NFO,02/01/2024,10:19:15,765,742.3,2200,747.85,80,0,1640
FINNIFTY02JAN2420600CE.NFO,02/01/2024,10:19:17,765,743.65,120,747.15,280,0,1640
FINNIFTY02JAN2420600CE.NFO,02/01/2024,10:19:18,765,744.3,40,748,120,0,1640
FINNIFTY02JAN2420600CE.NFO,02/01/2024,10:19:20,765,744.05,80,747.35,120,0,1640
FINNIFTY02JAN2420600CE.NFO,02/01/2024,10:19:22,765,745.15,80,749.25,160,0,1640
FINNIFTY02JAN2420600CE.NFO,02/01/2024,10:19:23,765,745.25,80,748.25,80,0,1640
FINNIFTY02JAN2420600CE.NFO,02/01/2024,10:19:25,765,744.4,80,748.1,240,0,1640
FINNIFTY02JAN2420600CE.NFO,02/01/2024,10:19:27,765,745.1,40,748.4,40,0,1640
FINNIFTY02JAN2420600CE.NFO,02/01/2024,10:19:28,765,745.25,80,748.6,120,0,1640
FINNIFTY02JAN2420600CE.NFO,02/01/2024,10:19:30,765,745.95,120,749.2,40,0,1640
FINNIFTY02JAN2420600CE.NFO,02/01/2024,10:19:32,765,747.45,80,750.75,200,0,1640
FINNIFTY02JAN2420600CE.NFO,02/01/2024,10:19:33,765,748.15,200,751.5,40,0,1640
FINNIFTY02JAN2420600CE.NFO,02/01/2024,10:19:35,765,747.35,80,750.15,80,0,1640
FINNIFTY02JAN2420600CE.NFO,02/01/2024,10:19:37,765,746.65,80,749.85,160,0,1640
FINNIFTY02JAN2420600CE.NFO,02/01/2024,10:19:38,765,748.35,80,751.6,120,0,1640
FINNIFTY02JAN2420600CE.NFO,02/01/2024,10:19:40,765,749.45,240,754.35,240,0,1640
FINNIFTY02JAN2420600CE.NFO,02/01/2024,10:19:42,765,749.6,80,752.7,80,0,1640
FINNIFTY02JAN2420600CE.NFO,02/01/2024,10:19:43,765,750.05,80,753.35,240,0,1640
FINNIFTY02JAN2420600CE.NFO,02/01/2024,10:19:45,765,750.3,80,754.7,640,0,1640
FINNIFTY02JAN2420600CE.NFO,02/01/2024,10:19:47,765,749.2,80,751.85,120,0,1640
FINNIFTY02JAN2420600CE.NFO,02/01/2024,10:19:48,765,744,120,752.35,120,0,1640
FINNIFTY02JAN2420600CE.NFO,02/01/2024,10:19:50,765,749.3,40,752.6,360,0,1640
FINNIFTY02JAN2420600CE.NFO,02/01/2024,10:19:52,765,749.5,40,752.55,80,0,1640
FINNIFTY02JAN2420600CE.NFO,02/01/2024,10:19:53,765,749.7,40,752.85,120,0,1640
FINNIFTY02JAN2420600CE.NFO,02/01/2024,10:19:55,765,750.75,80,756.85,120,0,1640
FINNIFTY02JAN2420600CE.NFO,02/01/2024,10:19:57,765,752.15,40,756.75,2640,0,1640
FINNIFTY02JAN2420600CE.NFO,02/01/2024,10:19:58,765,752.4,40,755.65,120,0,1640
FINNIFTY02JAN2420600CE.NFO,02/01/2024,10:20:00,765,751.2,80,754.45,120,0,1640
FINNIFTY02JAN2420600CE.NFO,02/01/2024,10:20:02,765,751.85,80,755.85,240,0,1640
FINNIFTY02JAN2420600CE.NFO,02/01/2024,10:20:03,765,753.2,120,758.5,40,0,1640
FINNIFTY02JAN2420600CE.NFO,02/01/2024,10:20:05,765,751.45,120,755,80,0,1640
FINNIFTY02JAN2420600CE.NFO,02/01/2024,10:20:07,765,751.65,80,754.45,120,0,1640
FINNIFTY02JAN2420600CE.NFO,02/01/2024,10:20:08,765,750.4,40,753.9,280,0,1640
FINNIFTY02JAN2420600CE.NFO,02/01/2024,10:20:10,765,750.6,40,753.8,80,0,1640
FINNIFTY02JAN2420600CE.NFO,02/01/2024,10:20:12,765,749.55,80,752.8,440,0,1640
FINNIFTY02JAN2420600CE.NFO,02/01/2024,10:20:13,765,749.65,80,756,120,0,1640
FINNIFTY02JAN2420600CE.NFO,02/01/2024,10:20:15,765,750.75,80,753.85,120,0,1640
FINNIFTY02JAN2420600CE.NFO,02/01/2024,10:20:17,765,749.95,80,753.25,120,0,1640
FINNIFTY02JAN2420600CE.NFO,02/01/2024,10:20:18,765,750.05,80,753.2,480,0,1640
FINNIFTY02JAN2420600CE.NFO,02/01/2024,10:20:20,765,750.05,80,753.2,120,0,1640
FINNIFTY02JAN2420600CE.NFO,02/01/2024,10:20:22,765,749.15,80,752,80,0,1640
FINNIFTY02JAN2420600CE.NFO,02/01/2024,10:20:23,765,746.65,40,750.4,240,0,1640
FINNIFTY02JAN2420600CE.NFO,02/01/2024,10:20:25,765,748.95,120,758.5,120,0,1640
FINNIFTY02JAN2420600CE.NFO,02/01/2024,10:20:27,765,749.1,80,752.05,200,0,1640
FINNIFTY02JAN2420600CE.NFO,02/01/2024,10:20:28,765,750.4,40,753.65,120,0,1640
FINNIFTY02JAN2420600CE.NFO,02/01/2024,10:20:30,765,750.65,80,753.7,40,0,1640
FINNIFTY02JAN2420600CE.NFO,02/01/2024,10:20:32,765,750.15,80,752.65,120,0,1640
FINNIFTY02JAN2420600CE.NFO,02/01/2024,10:20:33,765,750.15,80,753,360,0,1640
FINNIFTY02JAN2420600CE.NFO,02/01/2024,10:20:35,765,749.7,120,753.1,880,0,1640
FINNIFTY02JAN2420600CE.NFO,02/01/2024,10:20:37,765,751.15,360,754.4,40,0,1640
FINNIFTY02JAN2420600CE.NFO,02/01/2024,10:20:38,765,751.8,40,754.95,240,0,1640
FINNIFTY02JAN2420600CE.NFO,02/01/2024,10:20:40,765,750.95,120,754.4,120,0,1640
FINNIFTY02JAN2420600CE.NFO,02/01/2024,10:20:42,765,751.3,80,753.85,160,0,1640
FINNIFTY02JAN2420600CE.NFO,02/01/2024,10:20:43,765,751.35,40,754.4,120,0,1640
FINNIFTY02JAN2420600CE.NFO,02/01/2024,10:20:45,765,750.15,40,753.5,80,0,1640
FINNIFTY02JAN2420600CE.NFO,02/01/2024,10:20:47,765,751,80,754.3,1560,0,1640
FINNIFTY02JAN2420600CE.NFO,02/01/2024,10:20:48,765,751,80,753.25,120,0,1640
FINNIFTY02JAN2420600CE.NFO,02/01/2024,10:20:50,765,749.55,80,752.55,160,0,1640
FINNIFTY02JAN2420600CE.NFO,02/01/2024,10:20:52,765,749.75,40,752.85,80,0,1640
FINNIFTY02JAN2420600CE.NFO,02/01/2024,10:20:53,765,749.7,40,753.05,160,0,1640
FINNIFTY02JAN2420600CE.NFO,02/01/2024,10:20:55,765,749.55,80,752.1,120,0,1640
FINNIFTY02JAN2420600CE.NFO,02/01/2024,10:20:57,765,749.55,80,752.45,80,0,1640
FINNIFTY02JAN2420600CE.NFO,02/01/2024,10:20:58,765,749.55,80,752.55,120,0,1640
FINNIFTY02JAN2420600CE.NFO,02/01/2024,10:21:00,765,748.35,80,751.5,120,0,1640
FINNIFTY02JAN2420600CE.NFO,02/01/2024,10:21:02,765,746.8,80,749.8,120,0,1640
FINNIFTY02JAN2420600CE.NFO,02/01/2024,10:21:03,765,747.05,80,750.2,120,0,1640
FINNIFTY02JAN2420600CE.NFO,02/01/2024,10:21:05,765,745.8,40,749.15,240,0,1640
FINNIFTY02JAN2420600CE.NFO,02/01/2024,10:21:07,765,745.75,80,748.65,120,0,1640
FINNIFTY02JAN2420600CE.NFO,02/01/2024,10:21:08,765,746,80,749.1,120,0,1640
FINNIFTY02JAN2420600CE.NFO,02/01/2024,10:21:10,765,744,120,748.4,120,0,1640
FINNIFTY02JAN2420600CE.NFO,02/01/2024,10:21:12,765,746.35,40,757.7,160,0,1640
FINNIFTY02JAN2420600CE.NFO,02/01/2024,10:21:13,765,747.95,80,751.25,120,0,1640
FINNIFTY02JAN2420600CE.NFO,02/01/2024,10:21:15,765,748.1,40,751.35,360,0,1640
FINNIFTY02JAN2420600CE.NFO,02/01/2024,10:21:17,765,749.15,80,752.2,120,0,1640
FINNIFTY02JAN2420600CE.NFO,02/01/2024,10:21:18,765,750.15,120,753.4,120,0,1640
FINNIFTY02JAN2420600CE.NFO,02/01/2024,10:21:20,765,751.35,120,754.55,80,0,1640
FINNIFTY02JAN2420600CE.NFO,02/01/2024,10:21:22,765,751.65,80,760.25,200,0,1640
FINNIFTY02JAN2420600CE.NFO,02/01/2024,10:21:23,765,753.6,80,757.7,160,0,1640
FINNIFTY02JAN2420600CE.NFO,02/01/2024,10:21:25,765,755.15,120,760.05,40,0,1640
FINNIFTY02JAN2420600CE.NFO,02/01/2024,10:21:27,765,755.75,120,761.05,200,0,1640
FINNIFTY02JAN2420600CE.NFO,02/01/2024,10:21:28,765,756.85,80,760.8,80,0,1640
FINNIFTY02JAN2420600CE.NFO,02/01/2024,10:21:30,765,757.85,40,765.5,1800,0,1640
FINNIFTY02JAN2420600CE.NFO,02/01/2024,10:21:32,765,758.45,80,761.8,40,0,1640
FINNIFTY02JAN2420600CE.NFO,02/01/2024,10:21:34,765,756.5,40,760.4,40,0,1640
FINNIFTY02JAN2420600CE.NFO,02/01/2024,10:21:35,765,755.85,40,759.45,240,0,1640
FINNIFTY02JAN2420600CE.NFO,02/01/2024,10:21:37,765,756.05,40,759.3,1040,0,1640
FINNIFTY02JAN2420600CE.NFO,02/01/2024,10:21:39,765,756,80,758.7,80,0,1640
FINNIFTY02JAN2420600CE.NFO,02/01/2024,10:21:40,765,756,80,758.55,120,0,1640
FINNIFTY02JAN2420600CE.NFO,02/01/2024,10:21:42,765,747.25,80,756.75,120,0,1640
FINNIFTY02JAN2420600CE.NFO,02/01/2024,10:21:44,765,753.9,80,759.45,120,0,1640
FINNIFTY02JAN2420600CE.NFO,02/01/2024,10:21:45,765,755.2,80,758.4,240,0,1640
FINNIFTY02JAN2420600CE.NFO,02/01/2024,10:21:47,765,756.05,80,759.25,120,0,1640
FINNIFTY02JAN2420600CE.NFO,02/01/2024,10:21:49,765,756.8,160,765.45,320,0,1640
FINNIFTY02JAN2420600CE.NFO,02/01/2024,10:21:50,765,756.2,40,759.95,1920,0,1640
FINNIFTY02JAN2420600CE.NFO,02/01/2024,10:21:52,765,756.15,80,759.05,80,0,1640
FINNIFTY02JAN2420600CE.NFO,02/01/2024,10:21:54,765,756.3,240,759.75,760,0,1640
FINNIFTY02JAN2420600CE.NFO,02/01/2024,10:21:55,765,756.4,80,759.2,120,0,1640
FINNIFTY02JAN2420600CE.NFO,02/01/2024,10:21:57,765,754.15,40,757.35,40,0,1640
FINNIFTY02JAN2420600CE.NFO,02/01/2024,10:21:59,765,743.65,80,756.1,280,0,1640
FINNIFTY02JAN2420600CE.NFO,02/01/2024,10:22:00,765,750.05,120,756,160,0,1640
FINNIFTY02JAN2420600CE.NFO,02/01/2024,10:22:02,765,752.4,80,755.2,80,0,1640
FINNIFTY02JAN2420600CE.NFO,02/01/2024,10:22:04,765,752.7,80,755.65,360,0,1640
FINNIFTY02JAN2420600CE.NFO,02/01/2024,10:22:05,765,751.6,80,753.85,120,0,1640
FINNIFTY02JAN2420600CE.NFO,02/01/2024,10:22:07,765,751.1,40,754.45,160,0,1640
FINNIFTY02JAN2420600CE.NFO,02/01/2024,10:22:09,765,751.7,80,755.15,80,0,1640
FINNIFTY02JAN2420600CE.NFO,02/01/2024,10:22:10,765,749.95,120,753.7,120,0,1640
FINNIFTY02JAN2420600CE.NFO,02/01/2024,10:22:12,765,751.3,80,753.95,440,0,1640
FINNIFTY02JAN2420600CE.NFO,02/01/2024,10:22:14,765,750.55,80,753.3,120,0,1640
FINNIFTY02JAN2420600CE.NFO,02/01/2024,10:22:15,765,746.3,160,752.45,160,0,1640
FINNIFTY02JAN2420600CE.NFO,02/01/2024,10:22:17,765,747.95,120,751.7,120,0,1640
FINNIFTY02JAN2420600CE.NFO,02/01/2024,10:22:19,765,749.35,200,766.35,720,0,1640
FINNIFTY02JAN2420600CE.NFO,02/01/2024,10:22:20,765,749.55,80,758.65,120,0,1640
FINNIFTY02JAN2420600CE.NFO,02/01/2024,10:22:22,765,748.3,80,751.05,120,0,1640
FINNIFTY02JAN2420600CE.NFO,02/01/2024,10:22:24,765,748.75,80,751.9,200,0,1640
FINNIFTY02JAN2420600CE.NFO,02/01/2024,10:22:25,765,747.6,80,750.8,360,0,1640
FINNIFTY02JAN2420600CE.NFO,02/01/2024,10:22:27,765,748.45,80,751.5,120,0,1640
FINNIFTY02JAN2420600CE.NFO,02/01/2024,10:22:29,765,748.45,80,751.25,320,0,1640
FINNIFTY02JAN2420600CE.NFO,02/01/2024,10:22:30,765,748.55,80,751.8,80,0,1640
FINNIFTY02JAN2420600CE.NFO,02/01/2024,10:22:32,765,749,40,752.1,240,0,1640
FINNIFTY02JAN2420600CE.NFO,02/01/2024,10:22:34,765,748.95,80,751.55,160,0,1640
FINNIFTY02JAN2420600CE.NFO,02/01/2024,10:22:35,765,748.95,80,751.5,120,0,1640
FINNIFTY02JAN2420600CE.NFO,02/01/2024,10:22:37,765,747.25,200,750.45,240,0,1640
FINNIFTY02JAN2420600CE.NFO,02/01/2024,10:22:39,765,746.8,80,750.15,40,0,1640
FINNIFTY02JAN2420600CE.NFO,02/01/2024,10:22:40,765,747.25,120,750.5,720,0,1640
FINNIFTY02JAN2420600CE.NFO,02/01/2024,10:22:42,765,746.65,120,750.2,120,0,1640
FINNIFTY02JAN2420600CE.NFO,02/01/2024,10:22:44,765,747.25,80,756.45,120,0,1640
FINNIFTY02JAN2420600CE.NFO,02/01/2024,10:22:45,765,746.8,80,750.9,160,0,1640
FINNIFTY02JAN2420600CE.NFO,02/01/2024,10:22:47,765,748.3,40,751.35,40,0,1640
FINNIFTY02JAN2420600CE.NFO,02/01/2024,10:22:49,765,749.5,160,752.65,160,0,1640
FINNIFTY02JAN2420600CE.NFO,02/01/2024,10:22:50,765,748.5,80,751.25,160,0,1640
FINNIFTY02JAN2420600CE.NFO,02/01/2024,10:22:52,765,747.3,80,749.8,120,0,1640
FINNIFTY02JAN2420600CE.NFO,02/01/2024,10:22:54,765,746.15,80,748.85,280,0,1640
FINNIFTY02JAN2420600CE.NFO,02/01/2024,10:22:55,765,745.55,80,748.75,40,0,1640
FINNIFTY02JAN2420600CE.NFO,02/01/2024,10:22:57,765,746.05,80,749.25,160,0,1640
FINNIFTY02JAN2420600CE.NFO,02/01/2024,10:22:59,765,746.1,40,749.35,200,0,1640
FINNIFTY02JAN2420600CE.NFO,02/01/2024,10:23:00,765,746.65,80,754.1,40,0,1640
FINNIFTY02JAN2420600CE.NFO,02/01/2024,10:23:02,765,747.2,80,750.55,320,0,1640
FINNIFTY02JAN2420600CE.NFO,02/01/2024,10:23:04,765,748.3,80,752,120,0,1640
FINNIFTY02JAN2420600CE.NFO,02/01/2024,10:23:05,765,748.3,80,750.75,40,0,1640
FINNIFTY02JAN2420600CE.NFO,02/01/2024,10:23:07,765,747.35,80,750.45,80,0,1640
FINNIFTY02JAN2420600CE.NFO,02/01/2024,10:23:09,765,747.4,40,750.8,2240,0,1640
FINNIFTY02JAN2420600CE.NFO,02/01/2024,10:23:10,765,747.4,40,750.7,80,0,1640
FINNIFTY02JAN2420600CE.NFO,02/01/2024,10:23:12,765,747.5,40,750.8,280,0,1640
FINNIFTY02JAN2420600CE.NFO,02/01/2024,10:23:14,765,746.65,400,750.45,120,0,1640
FINNIFTY02JAN2420600CE.NFO,02/01/2024,10:23:15,765,747.55,80,750.4,160,0,1640
FINNIFTY02JAN2420600CE.NFO,02/01/2024,10:23:17,765,746.75,80,749.65,80,0,1640
FINNIFTY02JAN2420600CE.NFO,02/01/2024,10:23:19,765,745.8,80,749.05,120,0,1640
FINNIFTY02JAN2420600CE.NFO,02/01/2024,10:23:20,765,745.8,40,749.05,240,0,1640
FINNIFTY02JAN2420600CE.NFO,02/01/2024,10:23:22,765,745.75,80,748.2,40,0,1640
FINNIFTY02JAN2420600CE.NFO,02/01/2024,10:23:24,765,745.6,440,750.7,80,0,1640
FINNIFTY02JAN2420600CE.NFO,02/01/2024,10:23:25,765,747.45,80,763.4,120,0,1640
FINNIFTY02JAN2420600CE.NFO,02/01/2024,10:23:27,765,747.8,40,756.25,200,0,1640
FINNIFTY02JAN2420600CE.NFO,02/01/2024,10:23:29,765,748.4,40,751.8,480,0,1640
FINNIFTY02JAN2420600CE.NFO,02/01/2024,10:23:30,765,748.6,80,751.6,120,0,1640
FINNIFTY02JAN2420600CE.NFO,02/01/2024,10:23:32,765,747.45,80,750.6,80,0,1640
FINNIFTY02JAN2420600CE.NFO,02/01/2024,10:23:34,765,747,240,750.35,440,0,1640
FINNIFTY02JAN2420600CE.NFO,02/01/2024,10:23:35,765,747.45,40,750.95,120,0,1640
FINNIFTY02JAN2420600CE.NFO,02/01/2024,10:23:37,765,747.15,120,750.5,80,0,1640
FINNIFTY02JAN2420600CE.NFO,02/01/2024,10:23:39,765,747.35,40,750.55,40,0,1640
FINNIFTY02JAN2420600CE.NFO,02/01/2024,10:23:40,765,747.4,40,750.55,240,0,1640
FINNIFTY02JAN2420600CE.NFO,02/01/2024,10:23:42,765,746.2,80,749.25,40,0,1640
FINNIFTY02JAN2420600CE.NFO,02/01/2024,10:23:44,765,746.2,80,749.8,40,0,1640
FINNIFTY02JAN2420600CE.NFO,02/01/2024,10:23:45,765,746.45,80,749.5,80,0,1640
FINNIFTY02JAN2420600CE.NFO,02/01/2024,10:23:47,765,746.45,80,748.9,120,0,1640
FINNIFTY02JAN2420600CE.NFO,02/01/2024,10:23:49,765,746.4,40,749.4,240,0,1640
FINNIFTY02JAN2420600CE.NFO,02/01/2024,10:23:50,765,745.65,120,749.1,120,0,1640
FINNIFTY02JAN2420600CE.NFO,02/01/2024,10:23:52,765,741.85,40,747.1,200,0,1640
FINNIFTY02JAN2420600CE.NFO,02/01/2024,10:23:54,765,742.9,120,746.7,200,0,1640
FINNIFTY02JAN2420600CE.NFO,02/01/2024,10:23:55,765,745.15,40,756.55,120,0,1640
FINNIFTY02JAN2420600CE.NFO,02/01/2024,10:23:57,765,743.95,160,749.5,120,0,1640
FINNIFTY02JAN2420600CE.NFO,02/01/2024,10:23:59,765,744.2,80,747.35,120,0,1640
FINNIFTY02JAN2420600CE.NFO,02/01/2024,10:24:00,765,744.05,200,759.45,40,0,1640
FINNIFTY02JAN2420600CE.NFO,02/01/2024,10:24:02,765,746.5,80,753.35,40,0,1640
FINNIFTY02JAN2420600CE.NFO,02/01/2024,10:24:04,765,747.15,40,750.3,120,0,1640
FINNIFTY02JAN2420600CE.NFO,02/01/2024,10:24:05,765,747.95,120,751.5,120,0,1640
FINNIFTY02JAN2420600CE.NFO,02/01/2024,10:24:07,765,749.25,120,752.35,120,0,1640
FINNIFTY02JAN2420600CE.NFO,02/01/2024,10:24:09,765,749.5,80,752.6,120,0,1640
FINNIFTY02JAN2420600CE.NFO,02/01/2024,10:24:10,765,748.65,80,751.6,120,0,1640
FINNIFTY02JAN2420600CE.NFO,02/01/2024,10:24:12,765,747.4,80,750.85,120,0,1640
FINNIFTY02JAN2420600CE.NFO,02/01/2024,10:24:14,765,746.55,80,749.9,480,0,1640
FINNIFTY02JAN2420600CE.NFO,02/01/2024,10:24:15,765,746.05,40,749.75,120,0,1640
FINNIFTY02JAN2420600CE.NFO,02/01/2024,10:24:17,765,747.4,80,756.6,120,0,1640
FINNIFTY02JAN2420600CE.NFO,02/01/2024,10:24:19,765,748,120,751.1,120,0,1640
FINNIFTY02JAN2420600CE.NFO,02/01/2024,10:24:20,765,747.75,80,750.65,280,0,1640
FINNIFTY02JAN2420600CE.NFO,02/01/2024,10:24:22,765,746.65,80,749.45,360,0,1640
FINNIFTY02JAN2420600CE.NFO,02/01/2024,10:24:24,765,746.7,40,750.05,40,0,1640
FINNIFTY02JAN2420600CE.NFO,02/01/2024,10:24:25,765,747.7,40,750.9,120,0,1640
FINNIFTY02JAN2420600CE.NFO,02/01/2024,10:24:27,765,747.9,80,750.8,80,0,1640
FINNIFTY02JAN2420600CE.NFO,02/01/2024,10:24:29,765,747.35,200,750.5,120,0,1640
FINNIFTY02JAN2420600CE.NFO,02/01/2024,10:24:30,765,747.6,120,750.6,120,0,1640
FINNIFTY02JAN2420600CE.NFO,02/01/2024,10:24:32,765,748.2,80,758.1,40,0,1640
FINNIFTY02JAN2420600CE.NFO,02/01/2024,10:24:34,765,749.85,80,752.95,200,0,1640
FINNIFTY02JAN2420600CE.NFO,02/01/2024,10:24:35,765,748.7,520,752.2,360,0,1640
FINNIFTY02JAN2420600CE.NFO,02/01/2024,10:24:37,765,748,40,751.55,40,0,1640
FINNIFTY02JAN2420600CE.NFO,02/01/2024,10:24:39,765,749.05,200,753.4,200,0,1640
FINNIFTY02JAN2420600CE.NFO,02/01/2024,10:24:40,765,748.2,40,751.6,120,0,1640
FINNIFTY02JAN2420600CE.NFO,02/01/2024,10:24:42,765,748.6,80,751.7,80,0,1640
FINNIFTY02JAN2420600CE.NFO,02/01/2024,10:24:44,765,748.6,80,750.9,40,0,1640
FINNIFTY02JAN2420600CE.NFO,02/01/2024,10:24:45,765,746.85,80,749.4,160,0,1640
FINNIFTY02JAN2420600CE.NFO,02/01/2024,10:24:47,765,746.25,200,749.7,120,0,1640
FINNIFTY02JAN2420600CE.NFO,02/01/2024,10:24:49,765,747.5,40,754.2,80,0,1640
FINNIFTY02JAN2420600CE.NFO,02/01/2024,10:24:50,765,746.5,40,749.8,120,0,1640
FINNIFTY02JAN2420600CE.NFO,02/01/2024,10:24:52,765,746.4,80,749.5,440,0,1640
FINNIFTY02JAN2420600CE.NFO,02/01/2024,10:24:54,765,746.65,80,749.7,120,0,1640
FINNIFTY02JAN2420600CE.NFO,02/01/2024,10:24:55,765,746.65,80,749.5,120,0,1640
FINNIFTY02JAN2420600CE.NFO,02/01/2024,10:24:57,765,746.1,40,749.35,80,0,1640
FINNIFTY02JAN2420600CE.NFO,02/01/2024,10:24:59,765,747.95,480,757.6,480,0,1640
FINNIFTY02JAN2420600CE.NFO,02/01/2024,10:25:00,765,748.1,80,751.95,160,0,1640
FINNIFTY02JAN2420600CE.NFO,02/01/2024,10:25:02,765,747.2,240,750.75,80,0,1640
FINNIFTY02JAN2420600CE.NFO,02/01/2024,10:25:04,765,746.75,40,750.6,40,0,1640
FINNIFTY02JAN2420600CE.NFO,02/01/2024,10:25:05,765,746.9,120,750.4,1800,0,1640
FINNIFTY02JAN2420600CE.NFO,02/01/2024,10:25:07,765,747.15,40,750.4,40,0,1640
FINNIFTY02JAN2420600CE.NFO,02/01/2024,10:25:09,765,745.3,120,758,120,0,1640
FINNIFTY02JAN2420600CE.NFO,02/01/2024,10:25:10,765,748.55,80,752.55,120,0,1640
FINNIFTY02JAN2420600CE.NFO,02/01/2024,10:25:12,765,749.75,200,758.05,40,0,1640
FINNIFTY02JAN2420600CE.NFO,02/01/2024,10:25:14,765,750.6,40,753.75,200,0,1640
FINNIFTY02JAN2420600CE.NFO,02/01/2024,10:25:15,765,751.35,80,756,80,0,1640
FINNIFTY02JAN2420600CE.NFO,02/01/2024,10:25:17,765,750.65,80,754,120,0,1640
FINNIFTY02JAN2420600CE.NFO,02/01/2024,10:25:19,765,748.75,120,752.7,80,0,1640
FINNIFTY02JAN2420600CE.NFO,02/01/2024,10:25:20,765,749.15,40,752.5,80,0,1640
FINNIFTY02JAN2420600CE.NFO,02/01/2024,10:25:22,765,750.1,80,753.75,120,0,1640
FINNIFTY02JAN2420600CE.NFO,02/01/2024,10:25:24,765,750.7,80,753.5,480,0,1640
FINNIFTY02JAN2420600CE.NFO,02/01/2024,10:25:25,765,750.7,80,753.85,200,0,1640
FINNIFTY02JAN2420600CE.NFO,02/01/2024,10:25:27,765,749.9,160,753.25,80,0,1640
FINNIFTY02JAN2420600CE.NFO,02/01/2024,10:25:29,765,750.1,80,753.15,40,0,1640
FINNIFTY02JAN2420600CE.NFO,02/01/2024,10:25:31,765,750.1,80,753,120,0,1640
FINNIFTY02JAN2420600CE.NFO,02/01/2024,10:25:32,765,749.15,200,752.95,1720,0,1640
FINNIFTY02JAN2420600CE.NFO,02/01/2024,10:25:34,765,750.25,120,753.25,80,0,1640
FINNIFTY02JAN2420600CE.NFO,02/01/2024,10:25:36,765,751.55,80,754.4,400,0,1640
FINNIFTY02JAN2420600CE.NFO,02/01/2024,10:25:37,765,751.2,80,754.4,80,0,1640
FINNIFTY02JAN2420600CE.NFO,02/01/2024,10:25:39,765,750.15,80,753.05,120,0,1640
FINNIFTY02JAN2420600CE.NFO,02/01/2024,10:25:41,765,750.65,160,754.15,120,0,1640
FINNIFTY02JAN2420600CE.NFO,02/01/2024,10:25:42,765,750.95,80,753.6,80,0,1640
FINNIFTY02JAN2420600CE.NFO,02/01/2024,10:25:44,765,750.95,80,753.3,160,0,1640
FINNIFTY02JAN2420600CE.NFO,02/01/2024,10:25:46,765,750.95,120,754.95,360,0,1640
FINNIFTY02JAN2420600CE.NFO,02/01/2024,10:25:47,765,751.45,80,754.7,280,0,1640
FINNIFTY02JAN2420600CE.NFO,02/01/2024,10:25:49,765,751.8,80,754.75,160,0,1640
FINNIFTY02JAN2420600CE.NFO,02/01/2024,10:25:51,765,752.6,80,755.35,40,0,1640
FINNIFTY02JAN2420600CE.NFO,02/01/2024,10:25:52,765,752.6,80,755.95,800,0,1640
FINNIFTY02JAN2420600CE.NFO,02/01/2024,10:25:54,765,752.1,80,756,320,0,1640
FINNIFTY02JAN2420600CE.NFO,02/01/2024,10:25:56,765,752,200,755.45,40,0,1640
FINNIFTY02JAN2420600CE.NFO,02/01/2024,10:25:57,765,744.6,120,754,40,0,1640
FINNIFTY02JAN2420600CE.NFO,02/01/2024,10:25:59,765,750.65,40,757.05,40,0,1640
FINNIFTY02JAN2420600CE.NFO,02/01/2024,10:26:01,765,752.5,80,755.4,120,0,1640
FINNIFTY02JAN2420600CE.NFO,02/01/2024,10:26:02,765,752.5,80,754.95,240,0,1640
FINNIFTY02JAN2420600CE.NFO,02/01/2024,10:26:04,765,751.4,80,754,120,0,1640
FINNIFTY02JAN2420600CE.NFO,02/01/2024,10:26:06,765,743.3,440,753.85,200,0,1640
FINNIFTY02JAN2420600CE.NFO,02/01/2024,10:26:07,765,749.55,40,752.8,40,0,1640
FINNIFTY02JAN2420600CE.NFO,02/01/2024,10:26:09,765,751.3,40,754.7,2080,0,1640
FINNIFTY02JAN2420600CE.NFO,02/01/2024,10:26:11,765,751.7,80,754.3,80,0,1640
FINNIFTY02JAN2420600CE.NFO,02/01/2024,10:26:12,765,750.75,40,753.65,40,0,1640
FINNIFTY02JAN2420600CE.NFO,02/01/2024,10:26:14,765,750.7,120,753.9,520,0,1640
FINNIFTY02JAN2420600CE.NFO,02/01/2024,10:26:16,765,751.5,80,754.8,200,0,1640
FINNIFTY02JAN2420600CE.NFO,02/01/2024,10:26:17,765,751.5,80,753.9,240,0,1640
FINNIFTY02JAN2420600CE.NFO,02/01/2024,10:26:19,765,751.5,80,754.95,120,0,1640
FINNIFTY02JAN2420600CE.NFO,02/01/2024,10:26:21,765,750.4,120,753.6,160,0,1640
FINNIFTY02JAN2420600CE.NFO,02/01/2024,10:26:22,765,749.65,200,753,40,0,1640
FINNIFTY02JAN2420600CE.NFO,02/01/2024,10:26:24,765,750.25,120,753.6,200,0,1640
FINNIFTY02JAN2420600CE.NFO,02/01/2024,10:26:26,765,749.3,80,752.75,200,0,1640
FINNIFTY02JAN2420600CE.NFO,02/01/2024,10:26:27,765,749.75,80,753.15,160,0,1640
FINNIFTY02JAN2420600CE.NFO,02/01/2024,10:26:29,765,749.75,80,752.75,120,0,1640
FINNIFTY02JAN2420600CE.NFO,02/01/2024,10:26:31,765,748.55,80,751.8,200,0,1640
FINNIFTY02JAN2420600CE.NFO,02/01/2024,10:26:33,765,743.75,80,749.85,80,0,1640
FINNIFTY02JAN2420600CE.NFO,02/01/2024,10:26:34,765,739.75,320,749.1,120,0,1640
FINNIFTY02JAN2420600CE.NFO,02/01/2024,10:26:36,765,741.85,80,746.85,400,0,1640
FINNIFTY02JAN2420600CE.NFO,02/01/2024,10:26:38,765,742.8,240,748.35,80,0,1640
FINNIFTY02JAN2420600CE.NFO,02/01/2024,10:26:39,765,744.2,120,748.8,80,0,1640
FINNIFTY02JAN2420600CE.NFO,02/01/2024,10:26:41,765,744.95,1320,758.1,1560,0,1640
FINNIFTY02JAN2420600CE.NFO,02/01/2024,10:26:43,765,745.25,80,754.35,200,0,1640
FINNIFTY02JAN2420600CE.NFO,02/01/2024,10:26:44,765,743.05,80,750.1,120,0,1640
FINNIFTY02JAN2420600CE.NFO,02/01/2024,10:26:46,765,743.25,120,746.95,240,0,1640
FINNIFTY02JAN2420600CE.NFO,02/01/2024,10:26:48,765,744.6,200,749.25,200,0,1640
FINNIFTY02JAN2420600CE.NFO,02/01/2024,10:26:49,765,745.75,440,757.15,80,0,1640
FINNIFTY02JAN2420600CE.NFO,02/01/2024,10:26:51,765,747.15,40,752.15,80,0,1640
FINNIFTY02JAN2420600CE.NFO,02/01/2024,10:26:53,765,743.05,80,749.1,240,0,1640
FINNIFTY02JAN2420600CE.NFO,02/01/2024,10:26:54,765,746.25,40,750.5,120,0,1640
FINNIFTY02JAN2420600CE.NFO,02/01/2024,10:26:56,765,745.75,40,749.1,160,0,1640
FINNIFTY02JAN2420600CE.NFO,02/01/2024,10:26:58,765,746.4,200,750.25,120,0,1640
FINNIFTY02JAN2420600CE.NFO,02/01/2024,10:26:59,765,745.75,80,749.4,40,0,1640
FINNIFTY02JAN2420600CE.NFO,02/01/2024,10:27:01,765,744.9,120,748.5,40,0,1640
FINNIFTY02JAN2420600CE.NFO,02/01/2024,10:27:03,765,743.95,200,758.75,400,0,1640
FINNIFTY02JAN2420600CE.NFO,02/01/2024,10:27:04,765,745.4,40,754.95,120,0,1640
FINNIFTY02JAN2420600CE.NFO,02/01/2024,10:27:06,765,744.55,80,749.85,80,0,1640
FINNIFTY02JAN2420600CE.NFO,02/01/2024,10:27:08,765,739.85,200,747.55,40,0,1640
FINNIFTY02JAN2420600CE.NFO,02/01/2024,10:27:09,765,744.3,80,748.9,120,0,1640
FINNIFTY02JAN2420600CE.NFO,02/01/2024,10:27:11,765,744.75,40,748.9,160,0,1640
FINNIFTY02JAN2420600CE.NFO,02/01/2024,10:27:13,765,745.25,80,748.8,120,0,1640
FINNIFTY02JAN2420600CE.NFO,02/01/2024,10:27:14,765,746.6,80,760.15,160,0,1640
FINNIFTY02JAN2420600CE.NFO,02/01/2024,10:27:16,765,747.55,120,752.65,120,0,1640
FINNIFTY02JAN2420600CE.NFO,02/01/2024,10:27:18,765,746.75,200,750.15,200,0,1640
FINNIFTY02JAN2420600CE.NFO,02/01/2024,10:27:19,765,747.75,80,752.2,120,0,1640
FINNIFTY02JAN2420600CE.NFO,02/01/2024,10:27:21,765,749.05,120,752.1,40,0,1640
FINNIFTY02JAN2420600CE.NFO,02/01/2024,10:27:23,765,747.4,40,756.85,80,0,1640
FINNIFTY02JAN2420600CE.NFO,02/01/2024,10:27:24,765,749.45,80,753.15,120,0,1640
FINNIFTY02JAN2420600CE.NFO,02/01/2024,10:27:26,765,749.2,40,752.3,280,0,1640
FINNIFTY02JAN2420600CE.NFO,02/01/2024,10:27:28,765,749.65,80,752.7,720,0,1640
FINNIFTY02JAN2420600CE.NFO,02/01/2024,10:27:29,765,747.85,120,751.45,120,0,1640
FINNIFTY02JAN2420600CE.NFO,02/01/2024,10:27:31,765,749.6,80,762.6,120,0,1640
FINNIFTY02JAN2420600CE.NFO,02/01/2024,10:27:32,765,750.6,40,755.75,120,0,1640
FINNIFTY02JAN2420600CE.NFO,02/01/2024,10:27:34,765,750.85,80,753.65,80,0,1640
FINNIFTY02JAN2420600CE.NFO,02/01/2024,10:27:36,765,750.2,200,753.55,40,0,1640
FINNIFTY02JAN2420600CE.NFO,02/01/2024,10:27:37,765,751.95,80,762.95,200,0,1640
FINNIFTY02JAN2420600CE.NFO,02/01/2024,10:27:39,765,752.85,80,758.25,200,0,1640
FINNIFTY02JAN2420600CE.NFO,02/01/2024,10:27:41,765,753.55,200,756.9,240,0,1640
FINNIFTY02JAN2420600CE.NFO,02/01/2024,10:27:42,765,753.95,80,757.1,40,0,1640
FINNIFTY02JAN2420600CE.NFO,02/01/2024,10:27:44,765,755.25,120,758.55,120,0,1640
FINNIFTY02JAN2420600CE.NFO,02/01/2024,10:27:46,765,755.1,80,758.05,120,0,1640
FINNIFTY02JAN2420600CE.NFO,02/01/2024,10:27:47,765,752.2,80,755.75,120,0,1640
FINNIFTY02JAN2420600CE.NFO,02/01/2024,10:27:49,765,752.1,40,755.65,160,0,1640
FINNIFTY02JAN2420600CE.NFO,02/01/2024,10:27:51,765,752.2,80,755.15,200,0,1640
FINNIFTY02JAN2420600CE.NFO,02/01/2024,10:27:52,765,751.15,80,754.15,80,0,1640
FINNIFTY02JAN2420600CE.NFO,02/01/2024,10:27:54,765,742.95,120,753.65,80,0,1640
FINNIFTY02JAN2420600CE.NFO,02/01/2024,10:27:56,765,748.35,320,754.95,120,0,1640
FINNIFTY02JAN2420600CE.NFO,02/01/2024,10:27:57,765,751,80,753.95,160,0,1640
FINNIFTY02JAN2420600CE.NFO,02/01/2024,10:27:59,765,750.5,80,753.6,40,0,1640
FINNIFTY02JAN2420600CE.NFO,02/01/2024,10:28:01,765,751.8,80,755.1,520,0,1640
FINNIFTY02JAN2420600CE.NFO,02/01/2024,10:28:02,765,752.25,80,762.7,80,0,1640
FINNIFTY02JAN2420600CE.NFO,02/01/2024,10:28:04,765,752.55,80,755.7,120,0,1640
FINNIFTY02JAN2420600CE.NFO,02/01/2024,10:28:06,765,752.05,120,755.25,360,0,1640
FINNIFTY02JAN2420600CE.NFO,02/01/2024,10:28:07,765,750.8,240,754.2,200,0,1640
FINNIFTY02JAN2420600CE.NFO,02/01/2024,10:28:09,765,751.65,80,755.6,3320,0,1640
FINNIFTY02JAN2420600CE.NFO,02/01/2024,10:28:11,765,752.25,80,754.95,120,0,1640
FINNIFTY02JAN2420600CE.NFO,02/01/2024,10:28:12,765,751.55,80,754.6,120,0,1640
FINNIFTY02JAN2420600CE.NFO,02/01/2024,10:28:14,765,752.75,40,759.25,120,0,1640
FINNIFTY02JAN2420600CE.NFO,02/01/2024,10:28:16,765,753.2,80,756.35,200,0,1640
FINNIFTY02JAN2420600CE.NFO,02/01/2024,10:28:17,765,753.5,80,756.85,200,0,1640
FINNIFTY02JAN2420600CE.NFO,02/01/2024,10:28:19,765,753.5,80,756,120,0,1640
FINNIFTY02JAN2420600CE.NFO,02/01/2024,10:28:21,765,752.45,120,755.6,200,0,1640
FINNIFTY02JAN2420600CE.NFO,02/01/2024,10:28:22,765,753.15,80,756.25,120,0,1640
FINNIFTY02JAN2420600CE.NFO,02/01/2024,10:28:24,765,752.3,80,754.9,440,0,1640
FINNIFTY02JAN2420600CE.NFO,02/01/2024,10:28:26,765,751.85,560,755.15,120,0,1640
FINNIFTY02JAN2420600CE.NFO,02/01/2024,10:28:27,765,750.55,40,754.4,200,0,1640
FINNIFTY02JAN2420600CE.NFO,02/01/2024,10:28:29,765,750.85,80,753.7,720,0,1640
FINNIFTY02JAN2420600CE.NFO,02/01/2024,10:28:31,765,741.75,120,753.3,240,0,1640
FINNIFTY02JAN2420600CE.NFO,02/01/2024,10:28:32,765,748.1,120,753.7,120,0,1640
FINNIFTY02JAN2420600CE.NFO,02/01/2024,10:28:34,765,750.95,40,754.5,200,0,1640
FINNIFTY02JAN2420600CE.NFO,02/01/2024,10:28:36,765,751.5,80,754.2,160,0,1640
FINNIFTY02JAN2420600CE.NFO,02/01/2024,10:28:37,765,751.8,80,757.9,120,0,1640
FINNIFTY02JAN2420600CE.NFO,02/01/2024,10:28:39,765,752.6,80,755.75,1920,0,1640
FINNIFTY02JAN2420600CE.NFO,02/01/2024,10:28:41,765,752,40,755.05,240,0,1640
FINNIFTY02JAN2420600CE.NFO,02/01/2024,10:28:42,765,752.7,160,755.7,280,0,1640
FINNIFTY02JAN2420600CE.NFO,02/01/2024,10:28:44,765,752.75,200,755.65,40,0,1640
FINNIFTY02JAN2420600CE.NFO,02/01/2024,10:28:46,765,752.95,80,755.75,120,0,1640
FINNIFTY02JAN2420600CE.NFO,02/01/2024,10:28:47,765,752.95,80,755.75,80,0,1640
FINNIFTY02JAN2420600CE.NFO,02/01/2024,10:28:49,765,751.55,120,754.9,480,0,1640
FINNIFTY02JAN2420600CE.NFO,02/01/2024,10:28:50,765,751.5,80,753.9,160,0,1640
FINNIFTY02JAN2420600CE.NFO,02/01/2024,10:28:52,765,750.6,120,753.9,80,0,1640
FINNIFTY02JAN2420600CE.NFO,02/01/2024,10:28:54,765,751.15,120,754.25,120,0,1640
FINNIFTY02JAN2420600CE.NFO,02/01/2024,10:28:55,765,750.35,40,753.65,120,0,1640
FINNIFTY02JAN2420600CE.NFO,02/01/2024,10:28:57,765,751.35,80,754.55,360,0,1640
FINNIFTY02JAN2420600CE.NFO,02/01/2024,10:28:59,765,751,80,753.85,40,0,1640
FINNIFTY02JAN2420600CE.NFO,02/01/2024,10:29:00,765,751,80,753.6,200,0,1640
FINNIFTY02JAN2420600CE.NFO,02/01/2024,10:29:02,765,750.85,120,753.95,240,0,1640
FINNIFTY02JAN2420600CE.NFO,02/01/2024,10:29:03,765,750.85,120,753.9,40,0,1640
FINNIFTY02JAN2420600CE.NFO,02/01/2024,10:29:05,765,752.95,80,758,80,0,1640
FINNIFTY02JAN2420600CE.NFO,02/01/2024,10:29:07,765,752.9,80,755.8,40,0,1640
FINNIFTY02JAN2420600CE.NFO,02/01/2024,10:29:09,765,752.9,80,755.3,120,0,1640
FINNIFTY02JAN2420600CE.NFO,02/01/2024,10:29:10,765,752.1,80,754.95,40,0,1640
FINNIFTY02JAN2420600CE.NFO,02/01/2024,10:29:12,765,752.5,40,755.4,120,0,1640
FINNIFTY02JAN2420600CE.NFO,02/01/2024,10:29:14,765,753.75,40,756.95,200,0,1640
FINNIFTY02JAN2420600CE.NFO,02/01/2024,10:29:15,765,753.65,80,755.95,160,0,1640
FINNIFTY02JAN2420600CE.NFO,02/01/2024,10:29:17,765,753.35,80,756.8,120,0,1640
FINNIFTY02JAN2420600CE.NFO,02/01/2024,10:29:19,765,753.65,80,756.45,320,0,1640
FINNIFTY02JAN2420600CE.NFO,02/01/2024,10:29:20,765,754.25,120,758.6,80,0,1640
FINNIFTY02JAN2420600CE.NFO,02/01/2024,10:29:22,765,756.65,120,760.25,120,0,1640
FINNIFTY02JAN2420600CE.NFO,02/01/2024,10:29:24,765,757.2,80,760.55,120,0,1640
FINNIFTY02JAN2420600CE.NFO,02/01/2024,10:29:25,765,754.85,80,757.75,120,0,1640
FINNIFTY02JAN2420600CE.NFO,02/01/2024,10:29:27,765,754.85,80,757.35,120,0,1640
FINNIFTY02JAN2420600CE.NFO,02/01/2024,10:29:29,765,742.65,200,756.9,760,0,1640
FINNIFTY02JAN2420600CE.NFO,02/01/2024,10:29:31,765,751.1,120,756.75,120,0,1640
FINNIFTY02JAN2420600CE.NFO,02/01/2024,10:29:32,765,752.9,120,756.05,40,0,1640
FINNIFTY02JAN2420600CE.NFO,02/01/2024,10:29:34,765,753.4,80,756.15,40,0,1640
FINNIFTY02JAN2420600CE.NFO,02/01/2024,10:29:36,765,752.25,80,755.4,80,0,1640
FINNIFTY02JAN2420600CE.NFO,02/01/2024,10:29:37,765,752.25,80,755.1,120,0,1640
FINNIFTY02JAN2420600CE.NFO,02/01/2024,10:29:39,765,753.65,120,757.3,120,0,1640
FINNIFTY02JAN2420600CE.NFO,02/01/2024,10:29:41,765,753.8,80,756.25,120,0,1640
FINNIFTY02JAN2420600CE.NFO,02/01/2024,10:29:42,765,752.75,40,755.5,120,0,1640
FINNIFTY02JAN2420600CE.NFO,02/01/2024,10:29:44,765,753.1,120,756.35,120,0,1640
FINNIFTY02JAN2420600CE.NFO,02/01/2024,10:29:46,765,753.9,40,756.85,40,0,1640
FINNIFTY02JAN2420600CE.NFO,02/01/2024,10:29:47,765,753.85,80,756.7,120,0,1640
FINNIFTY02JAN2420600CE.NFO,02/01/2024,10:29:49,765,752.25,120,755.65,120,0,1640
FINNIFTY02JAN2420600CE.NFO,02/01/2024,10:29:51,765,752.4,40,755.75,40,0,1640
FINNIFTY02JAN2420600CE.NFO,02/01/2024,10:29:52,765,753,80,755.7,40,0,1640
FINNIFTY02JAN2420600CE.NFO,02/01/2024,10:29:54,765,751.95,40,755.05,120,0,1640
FINNIFTY02JAN2420600CE.NFO,02/01/2024,10:29:56,765,751.7,40,754.9,80,0,1640
FINNIFTY02JAN2420600CE.NFO,02/01/2024,10:29:57,765,752,80,754.5,120,0,1640
FINNIFTY02JAN2420600CE.NFO,02/01/2024,10:29:59,765,752.15,40,755.25,240,0,1640
FINNIFTY02JAN2420600CE.NFO,02/01/2024,10:30:01,765,753.5,200,765.85,240,0,1640
FINNIFTY02JAN2420600CE.NFO,02/01/2024,10:30:02,765,753.4,80,762.35,80,0,1640
FINNIFTY02JAN2420600CE.NFO,02/01/2024,10:30:04,765,755.3,120,758.9,120,0,1640
FINNIFTY02JAN2420600CE.NFO,02/01/2024,10:30:06,765,754.8,80,765.6,120,0,1640
FINNIFTY02JAN2420600CE.NFO,02/01/2024,10:30:07,765,754.9,80,760.9,80,0,1640
FINNIFTY02JAN2420600CE.NFO,02/01/2024,10:30:09,765,755.1,80,758,80,0,1640
FINNIFTY02JAN2420600CE.NFO,02/01/2024,10:30:11,765,749.15,3720,756.8,120,0,1640
FINNIFTY02JAN2420600CE.NFO,02/01/2024,10:30:12,765,754.3,120,758,40,0,1640
FINNIFTY02JAN2420600CE.NFO,02/01/2024,10:30:14,765,756.15,40,762.85,200,0,1640
FINNIFTY02JAN2420600CE.NFO,02/01/2024,10:30:16,765,755.75,40,759,120,0,1640
FINNIFTY02JAN2420600CE.NFO,02/01/2024,10:30:17,765,757.4,120,761.4,600,0,1640
FINNIFTY02JAN2420600CE.NFO,02/01/2024,10:30:19,765,758.7,120,767.2,120,0,1640
FINNIFTY02JAN2420600CE.NFO,02/01/2024,10:30:21,765,761.25,80,765.25,120,0,1640
FINNIFTY02JAN2420600CE.NFO,02/01/2024,10:30:22,765,762.05,80,764.95,120,0,1640
FINNIFTY02JAN2420600CE.NFO,02/01/2024,10:30:24,765,759.1,80,761.85,240,0,1640
FINNIFTY02JAN2420600CE.NFO,02/01/2024,10:30:26,765,759.6,40,763,280,0,1640
FINNIFTY02JAN2420600CE.NFO,02/01/2024,10:30:27,765,750.95,40,762.95,120,0,1640
FINNIFTY02JAN2420600CE.NFO,02/01/2024,10:30:29,765,759.25,120,762.65,120,0,1640
FINNIFTY02JAN2420600CE.NFO,02/01/2024,10:30:31,765,760.2,80,764,160,0,1640
FINNIFTY02JAN2420600CE.NFO,02/01/2024,10:30:33,765,760.65,120,764,120,0,1640
FINNIFTY02JAN2420600CE.NFO,02/01/2024,10:30:35,765,761.1,80,764.35,320,0,1640
FINNIFTY02JAN2420600CE.NFO,02/01/2024,10:30:36,765,759.95,200,764,80,0,1640
FINNIFTY02JAN2420600CE.NFO,02/01/2024,10:30:38,765,760.9,40,764.25,120,0,1640
FINNIFTY02JAN2420600CE.NFO,02/01/2024,10:30:40,765,762.9,120,769.4,240,0,1640
FINNIFTY02JAN2420600CE.NFO,02/01/2024,10:30:41,765,761.25,80,764.8,120,0,1640
FINNIFTY02JAN2420600CE.NFO,02/01/2024,10:30:43,765,762.2,200,765.85,120,0,1640
FINNIFTY02JAN2420600CE.NFO,02/01/2024,10:30:45,765,751.7,160,764.15,160,0,1640
FINNIFTY02JAN2420600CE.NFO,02/01/2024,10:30:46,765,756.9,120,769.05,120,0,1640
FINNIFTY02JAN2420600CE.NFO,02/01/2024,10:30:48,765,762.95,120,767.85,120,0,1640
FINNIFTY02JAN2420600CE.NFO,02/01/2024,10:30:50,765,760.95,120,764.85,320,0,1640
FINNIFTY02JAN2420600CE.NFO,02/01/2024,10:30:51,765,761.45,80,765,120,0,1640
FINNIFTY02JAN2420600CE.NFO,02/01/2024,10:30:53,765,763.2,200,766.55,120,0,1640
FINNIFTY02JAN2420600CE.NFO,02/01/2024,10:30:55,765,761.8,80,764.85,200,0,1640
FINNIFTY02JAN2420600CE.NFO,02/01/2024,10:30:56,765,763.85,40,768.55,120,0,1640
FINNIFTY02JAN2420600CE.NFO,02/01/2024,10:30:58,765,765.3,40,769.85,200,0,1640
FINNIFTY02JAN2420600CE.NFO,02/01/2024,10:31:00,765,763.95,80,766.95,520,0,1640
FINNIFTY02JAN2420600CE.NFO,02/01/2024,10:31:01,765,762.9,320,766.7,280,0,1640
FINNIFTY02JAN2420600CE.NFO,02/01/2024,10:31:03,765,763.5,40,767.45,40,0,1640
FINNIFTY02JAN2420600CE.NFO,02/01/2024,10:31:05,765,763.65,80,766.6,120,0,1640
FINNIFTY02JAN2420600CE.NFO,02/01/2024,10:31:06,765,764.45,120,771.05,120,0,1640
FINNIFTY02JAN2420600CE.NFO,02/01/2024,10:31:08,765,754,80,766.35,120,0,1640
FINNIFTY02JAN2420600CE.NFO,02/01/2024,10:31:10,765,761.95,120,766.8,120,0,1640
FINNIFTY02JAN2420600CE.NFO,02/01/2024,10:31:11,765,763.8,80,766.55,120,0,1640
FINNIFTY02JAN2420600CE.NFO,02/01/2024,10:31:13,765,759.8,120,765.45,120,0,1640
FINNIFTY02JAN2420600CE.NFO,02/01/2024,10:31:15,765,762.35,80,765.55,120,0,1640
FINNIFTY02JAN2420600CE.NFO,02/01/2024,10:31:16,765,762.65,120,766.05,400,0,1640
FINNIFTY02JAN2420600CE.NFO,02/01/2024,10:31:18,765,763.05,80,765.45,160,0,1640
FINNIFTY02JAN2420600CE.NFO,02/01/2024,10:31:20,765,762.4,80,765.4,120,0,1640
FINNIFTY02JAN2420600CE.NFO,02/01/2024,10:31:21,765,762.4,80,765.2,80,0,1640
FINNIFTY02JAN2420600CE.NFO,02/01/2024,10:31:23,765,762.65,80,765.3,200,0,1640
FINNIFTY02JAN2420600CE.NFO,02/01/2024,10:31:25,765,762.9,120,765.95,280,0,1640
FINNIFTY02JAN2420600CE.NFO,02/01/2024,10:31:26,765,763,80,765.45,120,0,1640
FINNIFTY02JAN2420600CE.NFO,02/01/2024,10:31:28,765,763,80,765.45,160,0,1640
FINNIFTY02JAN2420600CE.NFO,02/01/2024,10:31:30,765,762.75,40,771.65,1440,0,1640
FINNIFTY02JAN2420600CE.NFO,02/01/2024,10:31:31,765,764,40,767.25,40,0,1640
FINNIFTY02JAN2420600CE.NFO,02/01/2024,10:31:33,765,764.95,80,769.3,320,0,1640
FINNIFTY02JAN2420600CE.NFO,02/01/2024,10:31:34,765,767.1,80,770.65,40,0,1640
FINNIFTY02JAN2420600CE.NFO,02/01/2024,10:31:36,765,768.3,80,775.8,120,0,1640
FINNIFTY02JAN2420600CE.NFO,02/01/2024,10:31:38,765,769.4,520,773.3,120,0,1640
FINNIFTY02JAN2420600CE.NFO,02/01/2024,10:31:39,765,771.15,120,775.05,160,0,1640
FINNIFTY02JAN2420600CE.NFO,02/01/2024,10:31:41,765,773.15,80,779.85,80,0,1640
FINNIFTY02JAN2420600CE.NFO,02/01/2024,10:31:43,765,771.25,80,775.55,120,0,1640
FINNIFTY02JAN2420600CE.NFO,02/01/2024,10:31:44,765,771.25,80,774.6,240,0,1640
FINNIFTY02JAN2420600CE.NFO,02/01/2024,10:31:46,765,772,80,779.9,2000,0,1640
FINNIFTY02JAN2420600CE.NFO,02/01/2024,10:31:48,765,772.45,80,787.7,760,0,1640
FINNIFTY02JAN2420600CE.NFO,02/01/2024,10:31:49,765,775.2,120,785.1,120,0,1640
FINNIFTY02JAN2420600CE.NFO,02/01/2024,10:31:51,765,775.85,160,781.55,200,0,1640
FINNIFTY02JAN2420600CE.NFO,02/01/2024,10:31:53,765,772.9,120,779.5,80,0,1640
FINNIFTY02JAN2420600CE.NFO,02/01/2024,10:31:54,765,775.5,440,779.3,160,0,1640
FINNIFTY02JAN2420600CE.NFO,02/01/2024,10:31:56,765,776.3,80,779.8,560,0,1640
FINNIFTY02JAN2420600CE.NFO,02/01/2024,10:31:58,765,776.05,120,785.8,120,0,1640
FINNIFTY02JAN2420600CE.NFO,02/01/2024,10:31:59,765,773.4,120,779.25,120,0,1640
FINNIFTY02JAN2420600CE.NFO,02/01/2024,10:32:01,765,775.2,80,779.3,80,0,1640
FINNIFTY02JAN2420600CE.NFO,02/01/2024,10:32:03,765,776.4,120,780.5,40,0,1640
FINNIFTY02JAN2420600CE.NFO,02/01/2024,10:32:04,765,751.6,120,808.7,120,0,1640
FINNIFTY02JAN2420600CE.NFO,02/01/2024,10:32:06,765,758.35,240,798.95,240,0,1640
FINNIFTY02JAN2420600CE.NFO,02/01/2024,10:32:08,765,765.15,200,792,200,0,1640
FINNIFTY02JAN2420600CE.NFO,02/01/2024,10:32:09,765,770.65,160,787.2,160,0,1640
FINNIFTY02JAN2420600CE.NFO,02/01/2024,10:32:11,765,772.05,120,780.25,200,0,1640
FINNIFTY02JAN2420600CE.NFO,02/01/2024,10:32:13,765,772.4,80,775.55,120,0,1640
FINNIFTY02JAN2420600CE.NFO,02/01/2024,10:32:14,765,771.45,40,774.65,120,0,1640
FINNIFTY02JAN2420600CE.NFO,02/01/2024,10:32:16,765,771.4,80,774.25,80,0,1640
FINNIFTY02JAN2420600CE.NFO,02/01/2024,10:32:18,765,772.1,320,775.35,40,0,1640
FINNIFTY02JAN2420600CE.NFO,02/01/2024,10:32:19,765,772.45,80,775.3,80,0,1640
FINNIFTY02JAN2420600CE.NFO,02/01/2024,10:32:21,765,764.4,80,773.45,80,0,1640
FINNIFTY02JAN2420600CE.NFO,02/01/2024,10:32:23,765,769.5,200,772.65,40,0,1640
FINNIFTY02JAN2420600CE.NFO,02/01/2024,10:32:24,765,769.05,40,785.1,160,0,1640
FINNIFTY02JAN2420600CE.NFO,02/01/2024,10:32:26,765,768.1,80,778.45,120,0,1640
FINNIFTY02JAN2420600CE.NFO,02/01/2024,10:32:28,765,768.4,40,771.85,200,0,1640
FINNIFTY02JAN2420600CE.NFO,02/01/2024,10:32:29,765,768.3,80,771.1,160,0,1640
FINNIFTY02JAN2420600CE.NFO,02/01/2024,10:32:31,765,766.35,80,769.65,40,0,1640
FINNIFTY02JAN2420600CE.NFO,02/01/2024,10:32:33,765,766.55,40,770.55,2280,0,1640
FINNIFTY02JAN2420600CE.NFO,02/01/2024,10:32:34,765,765.8,80,768.95,240,0,1640
FINNIFTY02JAN2420600CE.NFO,02/01/2024,10:32:36,765,765.8,80,768.9,240,0,1640
FINNIFTY02JAN2420600CE.NFO,02/01/2024,10:32:38,765,765.4,120,768.7,80,0,1640
FINNIFTY02JAN2420600CE.NFO,02/01/2024,10:32:39,765,762.85,4000,768.55,400,0,1640
FINNIFTY02JAN2420600CE.NFO,02/01/2024,10:32:41,765,765.45,80,768.75,120,0,1640
FINNIFTY02JAN2420600CE.NFO,02/01/2024,10:32:43,765,764.5,80,767.5,80,0,1640
FINNIFTY02JAN2420600CE.NFO,02/01/2024,10:32:44,765,764.4,120,768.2,120,0,1640
FINNIFTY02JAN2420600CE.NFO,02/01/2024,10:32:46,765,765.45,80,780.35,160,0,1640
FINNIFTY02JAN2420600CE.NFO,02/01/2024,10:32:48,765,760.8,40,773.2,200,0,1640
FINNIFTY02JAN2420600CE.NFO,02/01/2024,10:32:49,765,763.15,80,766.5,360,0,1640
FINNIFTY02JAN2420600CE.NFO,02/01/2024,10:32:51,765,763.8,80,766.95,200,0,1640
FINNIFTY02JAN2420600CE.NFO,02/01/2024,10:32:53,765,763.85,40,766.85,80,0,1640
FINNIFTY02JAN2420600CE.NFO,02/01/2024,10:32:54,765,764.25,40,768.1,5280,0,1640
FINNIFTY02JAN2420600CE.NFO,02/01/2024,10:32:56,765,765.75,80,768.7,240,0,1640
FINNIFTY02JAN2420600CE.NFO,02/01/2024,10:32:58,765,765.75,40,768.95,160,0,1640
FINNIFTY02JAN2420600CE.NFO,02/01/2024,10:32:59,765,766.8,80,782.35,200,0,1640
FINNIFTY02JAN2420600CE.NFO,02/01/2024,10:33:01,765,765.75,80,773.3,160,0,1640
FINNIFTY02JAN2420600CE.NFO,02/01/2024,10:33:03,765,765.15,120,768.1,80,0,1640
FINNIFTY02JAN2420600CE.NFO,02/01/2024,10:33:04,765,765.7,80,768.55,80,0,1640
FINNIFTY02JAN2420600CE.NFO,02/01/2024,10:33:06,765,766.6,40,770.1,120,0,1640
FINNIFTY02JAN2420600CE.NFO,02/01/2024,10:33:08,765,766.75,40,769.75,80,0,1640
FINNIFTY02JAN2420600CE.NFO,02/01/2024,10:33:09,765,766.95,40,770.8,120,0,1640
FINNIFTY02JAN2420600CE.NFO,02/01/2024,10:33:11,765,768.2,280,775.55,80,0,1640
FINNIFTY02JAN2420600CE.NFO,02/01/2024,10:33:13,765,768.05,80,770.6,40,0,1640
FINNIFTY02JAN2420600CE.NFO,02/01/2024,10:33:14,765,767.1,40,770.4,440,0,1640
FINNIFTY02JAN2420600CE.NFO,02/01/2024,10:33:16,765,767.55,40,770.9,1840,0,1640
FINNIFTY02JAN2420600CE.NFO,02/01/2024,10:33:18,765,764.5,160,772.2,200,0,1640
FINNIFTY02JAN2420600CE.NFO,02/01/2024,10:33:19,765,768.1,40,771.85,520,0,1640
FINNIFTY02JAN2420600CE.NFO,02/01/2024,10:33:21,765,767.9,40,771.2,200,0,1640
FINNIFTY02JAN2420600CE.NFO,02/01/2024,10:33:23,765,769,120,811.15,120,0,1640
FINNIFTY02JAN2420600CE.NFO,02/01/2024,10:33:24,765,769.2,80,791.25,80,0,1640
FINNIFTY02JAN2420600CE.NFO,02/01/2024,10:33:26,765,768,80,780.8,120,0,1640
FINNIFTY02JAN2420600CE.NFO,02/01/2024,10:33:28,765,767.6,40,771.55,120,0,1640
FINNIFTY02JAN2420600CE.NFO,02/01/2024,10:33:29,765,767.55,80,770.1,40,0,1640
FINNIFTY02JAN2420600CE.NFO,02/01/2024,10:33:31,765,766.55,80,769.1,40,0,1640
FINNIFTY02JAN2420600CE.NFO,02/01/2024,10:33:32,765,762.85,120,768.65,40,0,1640
FINNIFTY02JAN2420600CE.NFO,02/01/2024,10:33:34,765,764.55,40,767.7,80,0,1640
FINNIFTY02JAN2420600CE.NFO,02/01/2024,10:33:36,765,764.9,80,767.45,80,0,1640
FINNIFTY02JAN2420600CE.NFO,02/01/2024,10:33:37,765,764.2,40,766.75,40,0,1640
FINNIFTY02JAN2420600CE.NFO,02/01/2024,10:33:39,765,764.6,40,767.3,40,0,1640
FINNIFTY02JAN2420600CE.NFO,02/01/2024,10:33:41,765,764.75,120,768.55,3480,0,1640
FINNIFTY02JAN2420600CE.NFO,02/01/2024,10:33:43,765,764.05,80,766.95,40,0,1640
FINNIFTY02JAN2420600CE.NFO,02/01/2024,10:33:44,765,764.45,40,767.6,120,0,1640
FINNIFTY02JAN2420600CE.NFO,02/01/2024,10:33:46,765,764.55,40,767.3,40,0,1640
FINNIFTY02JAN2420600CE.NFO,02/01/2024,10:33:48,765,763.35,40,766.5,200,0,1640
FINNIFTY02JAN2420600CE.NFO,02/01/2024,10:33:49,765,764.4,40,767.75,80,0,1640
FINNIFTY02JAN2420600CE.NFO,02/01/2024,10:33:51,765,764.95,120,768.15,80,0,1640
FINNIFTY02JAN2420600CE.NFO,02/01/2024,10:33:53,765,764.25,40,767.4,80,0,1640
FINNIFTY02JAN2420600CE.NFO,02/01/2024,10:33:54,765,763.3,80,766.5,40,0,1640
FINNIFTY02JAN2420600CE.NFO,02/01/2024,10:33:56,765,763.55,40,766.3,40,0,1640
FINNIFTY02JAN2420600CE.NFO,02/01/2024,10:33:58,765,763.5,80,766.4,40,0,1640
FINNIFTY02JAN2420600CE.NFO,02/01/2024,10:33:59,765,763.5,80,765.95,120,0,1640
FINNIFTY02JAN2420600CE.NFO,02/01/2024,10:34:01,765,764.45,80,782.95,120,0,1640
FINNIFTY02JAN2420600CE.NFO,02/01/2024,10:34:03,765,764.6,80,776.4,400,0,1640
FINNIFTY02JAN2420600CE.NFO,02/01/2024,10:34:04,765,763.9,40,767.95,40,0,1640
FINNIFTY02JAN2420600CE.NFO,02/01/2024,10:34:06,765,763.75,80,766.45,40,0,1640
FINNIFTY02JAN2420600CE.NFO,02/01/2024,10:34:08,765,763.4,80,766.15,40,0,1640
FINNIFTY02JAN2420600CE.NFO,02/01/2024,10:34:09,765,762.55,40,765.7,40,0,1640
FINNIFTY02JAN2420600CE.NFO,02/01/2024,10:34:11,765,763.05,80,765.7,40,0,1640
FINNIFTY02JAN2420600CE.NFO,02/01/2024,10:34:13,765,763.65,80,766.8,40,0,1640
FINNIFTY02JAN2420600CE.NFO,02/01/2024,10:34:14,765,763.8,200,766.5,40,0,1640
FINNIFTY02JAN2420600CE.NFO,02/01/2024,10:34:16,765,765.15,40,779.5,80,0,1640
FINNIFTY02JAN2420600CE.NFO,02/01/2024,10:34:18,765,765.75,160,771.8,40,0,1640
FINNIFTY02JAN2420600CE.NFO,02/01/2024,10:34:19,765,765.9,80,768.5,40,0,1640
FINNIFTY02JAN2420600CE.NFO,02/01/2024,10:34:21,765,765.95,40,769.05,40,0,1640
FINNIFTY02JAN2420600CE.NFO,02/01/2024,10:34:23,765,766.15,200,769.05,40,0,1640
FINNIFTY02JAN2420600CE.NFO,02/01/2024,10:34:24,765,766.5,40,769.05,40,0,1640
FINNIFTY02JAN2420600CE.NFO,02/01/2024,10:34:26,765,766.85,40,769.7,40,0,1640
FINNIFTY02JAN2420600CE.NFO,02/01/2024,10:34:28,765,766.7,80,769.65,160,0,1640
FINNIFTY02JAN2420600CE.NFO,02/01/2024,10:34:29,765,767.2,80,775.7,160,0,1640
FINNIFTY02JAN2420600CE.NFO,02/01/2024,10:34:31,765,767.2,80,769.55,40,0,1640
FINNIFTY02JAN2420600CE.NFO,02/01/2024,10:34:33,765,767.25,40,770.15,40,0,1640
FINNIFTY02JAN2420600CE.NFO,02/01/2024,10:34:34,765,767.45,80,770.45,80,0,1640
FINNIFTY02JAN2420600CE.NFO,02/01/2024,10:34:36,765,767.9,160,770.95,40,0,1640
FINNIFTY02JAN2420600CE.NFO,02/01/2024,10:34:38,765,767.05,80,769.95,120,0,1640
FINNIFTY02JAN2420600CE.NFO,02/01/2024,10:34:39,765,767.05,80,769.85,80,0,1640
FINNIFTY02JAN2420600CE.NFO,02/01/2024,10:34:41,765,763.2,160,767.5,160,0,1640
FINNIFTY02JAN2420600CE.NFO,02/01/2024,10:34:43,765,764.25,40,767.7,1200,0,1640
FINNIFTY02JAN2420600CE.NFO,02/01/2024,10:34:44,765,764.6,80,767.45,40,0,1640
FINNIFTY02JAN2420600CE.NFO,02/01/2024,10:34:46,765,764.6,80,767.2,120,0,1640
FINNIFTY02JAN2420600CE.NFO,02/01/2024,10:34:47,765,763.75,80,766.4,120,0,1640
FINNIFTY02JAN2420600CE.NFO,02/01/2024,10:34:49,765,762.8,160,765.95,40,0,1640
FINNIFTY02JAN2420600CE.NFO,02/01/2024,10:34:51,765,764.3,80,782.55,80,0,1640
FINNIFTY02JAN2420600CE.NFO,02/01/2024,10:34:52,765,761.45,80,775.55,80,0,1640
FINNIFTY02JAN2420600CE.NFO,02/01/2024,10:34:54,765,763.6,40,767.45,120,0,1640
FINNIFTY02JAN2420600CE.NFO,02/01/2024,10:34:56,765,763.55,80,766.45,40,0,1640
FINNIFTY02JAN2420600CE.NFO,02/01/2024,10:34:57,765,763.8,80,766.45,40,0,1640
FINNIFTY02JAN2420600CE.NFO,02/01/2024,10:34:59,765,764.5,80,767.35,40,0,1640
FINNIFTY02JAN2420600CE.NFO,02/01/2024,10:35:01,765,764.55,40,767.4,40,0,1640
FINNIFTY02JAN2420600CE.NFO,02/01/2024,10:35:02,765,765,200,767.9,40,0,1640
FINNIFTY02JAN2420600CE.NFO,02/01/2024,10:35:04,765,765.85,80,777.05,120,0,1640
FINNIFTY02JAN2420600CE.NFO,02/01/2024,10:35:05,765,765.1,80,769.5,120,0,1640
FINNIFTY02JAN2420600CE.NFO,02/01/2024,10:35:07,765,764.35,80,767.4,240,0,1640
FINNIFTY02JAN2420600CE.NFO,02/01/2024,10:35:09,765,763.4,80,766.05,40,0,1640
FINNIFTY02JAN2420600CE.NFO,02/01/2024,10:35:10,765,761.55,120,764.85,80,0,1640
FINNIFTY02JAN2420600CE.NFO,02/01/2024,10:35:12,765,761.75,40,764.75,40,0,1640
FINNIFTY02JAN2420600CE.NFO,02/01/2024,10:35:14,765,763.95,80,767.1,40,0,1640
FINNIFTY02JAN2420600CE.NFO,02/01/2024,10:35:15,765,764.2,120,767.7,80,0,1640
FINNIFTY02JAN2420600CE.NFO,02/01/2024,10:35:17,765,764.25,40,767.15,40,0,1640
FINNIFTY02JAN2420600CE.NFO,02/01/2024,10:35:19,765,764.5,80,767.15,40,0,1640
FINNIFTY02JAN2420600CE.NFO,02/01/2024,10:35:20,765,764.5,80,766.85,40,0,1640
FINNIFTY02JAN2420600CE.NFO,02/01/2024,10:35:22,765,763.3,80,766,40,0,1640
FINNIFTY02JAN2420600CE.NFO,02/01/2024,10:35:24,765,762.6,80,765.45,40,0,1640
FINNIFTY02JAN2420600CE.NFO,02/01/2024,10:35:25,765,763.6,40,766.25,40,0,1640
FINNIFTY02JAN2420600CE.NFO,02/01/2024,10:35:27,765,763.75,80,766.5,40,0,1640
FINNIFTY02JAN2420600CE.NFO,02/01/2024,10:35:29,765,763.75,80,766.1,40,0,1640
FINNIFTY02JAN2420600CE.NFO,02/01/2024,10:35:30,765,763.75,80,766.75,80,0,1640
FINNIFTY02JAN2420600CE.NFO,02/01/2024,10:35:32,765,764,80,766.75,80,0,1640
FINNIFTY02JAN2420600CE.NFO,02/01/2024,10:35:34,765,761.45,360,766.45,40,0,1640
FINNIFTY02JAN2420600CE.NFO,02/01/2024,10:35:35,765,763.95,80,767.05,120,0,1640
FINNIFTY02JAN2420600CE.NFO,02/01/2024,10:35:37,765,763.25,120,766.3,40,0,1640
FINNIFTY02JAN2420600CE.NFO,02/01/2024,10:35:39,765,763.4,80,766.2,80,0,1640
FINNIFTY02JAN2420600CE.NFO,02/01/2024,10:35:40,765,762.7,120,765.75,40,0,1640
FINNIFTY02JAN2420600CE.NFO,02/01/2024,10:35:42,765,763.3,80,766.4,40,0,1640
FINNIFTY02JAN2420600CE.NFO,02/01/2024,10:35:44,765,763.55,80,766.05,40,0,1640
FINNIFTY02JAN2420600CE.NFO,02/01/2024,10:35:45,765,763.55,80,766.1,80,0,1640
FINNIFTY02JAN2420600CE.NFO,02/01/2024,10:35:47,765,762.85,80,765.55,40,0,1640
FINNIFTY02JAN2420600CE.NFO,02/01/2024,10:35:49,765,762.85,80,765.35,40,0,1640
FINNIFTY02JAN2420600CE.NFO,02/01/2024,10:35:50,765,763.25,160,765.8,40,0,1640
FINNIFTY02JAN2420600CE.NFO,02/01/2024,10:35:52,765,764.2,80,766.95,120,0,1640
FINNIFTY02JAN2420600CE.NFO,02/01/2024,10:35:54,765,763.3,40,766.45,80,0,1640
FINNIFTY02JAN2420600CE.NFO,02/01/2024,10:35:55,765,763.45,40,766.4,40,0,1640
FINNIFTY02JAN2420600CE.NFO,02/01/2024,10:35:57,765,763.6,80,766.4,40,0,1640
FINNIFTY02JAN2420600CE.NFO,02/01/2024,10:35:59,765,764.45,80,773.75,120,0,1640
FINNIFTY02JAN2420600CE.NFO,02/01/2024,10:36:00,765,759.75,160,767.2,160,0,1640
FINNIFTY02JAN2420600CE.NFO,02/01/2024,10:36:02,765,763.75,40,766.6,40,0,1640
FINNIFTY02JAN2420600CE.NFO,02/01/2024,10:36:04,765,764.85,240,767.55,40,0,1640
FINNIFTY02JAN2420600CE.NFO,02/01/2024,10:36:05,765,765.05,40,767.55,40,0,1640
FINNIFTY02JAN2420600CE.NFO,02/01/2024,10:36:07,765,765.25,80,774.3,720,0,1640
FINNIFTY02JAN2420600CE.NFO,02/01/2024,10:36:09,765,764.25,80,767.45,120,0,1640
FINNIFTY02JAN2420600CE.NFO,02/01/2024,10:36:10,765,762.85,80,766.05,160,0,1640
FINNIFTY02JAN2420600CE.NFO,02/01/2024,10:36:12,765,762.85,80,765.45,120,0,1640
FINNIFTY02JAN2420600CE.NFO,02/01/2024,10:36:14,765,762.85,80,765.3,40,0,1640
FINNIFTY02JAN2420600CE.NFO,02/01/2024,10:36:15,765,763.25,120,765.85,40,0,1640
FINNIFTY02JAN2420600CE.NFO,02/01/2024,10:36:17,765,763.1,80,766.15,160,0,1640
FINNIFTY02JAN2420600CE.NFO,02/01/2024,10:36:19,765,763.1,80,765.45,40,0,1640
FINNIFTY02JAN2420600CE.NFO,02/01/2024,10:36:20,765,762.1,80,764.65,80,0,1640
FINNIFTY02JAN2420600CE.NFO,02/01/2024,10:36:22,765,761.7,40,764.7,40,0,1640
FINNIFTY02JAN2420600CE.NFO,02/01/2024,10:36:24,765,760.05,80,763.4,40,0,1640
FINNIFTY02JAN2420600CE.NFO,02/01/2024,10:36:25,765,760.4,40,763.1,40,0,1640
FINNIFTY02JAN2420600CE.NFO,02/01/2024,10:36:27,765,757.8,80,761.8,120,0,1640
FINNIFTY02JAN2420600CE.NFO,02/01/2024,10:36:29,765,756.9,40,760.1,40,0,1640
FINNIFTY02JAN2420600CE.NFO,02/01/2024,10:36:30,765,753.45,80,759.05,80,0,1640
FINNIFTY02JAN2420600CE.NFO,02/01/2024,10:36:32,765,753.1,80,756.95,160,0,1640
FINNIFTY02JAN2420600CE.NFO,02/01/2024,10:36:34,765,753.8,120,757.25,40,0,1640
FINNIFTY02JAN2420600CE.NFO,02/01/2024,10:36:35,765,754,40,791,120,0,1640
FINNIFTY02JAN2420600CE.NFO,02/01/2024,10:36:37,765,753.1,120,781.95,120,0,1640
FINNIFTY02JAN2420600CE.NFO,02/01/2024,10:36:39,765,751.5,80,771.5,80,0,1640
FINNIFTY02JAN2420600CE.NFO,02/01/2024,10:36:40,765,752.8,40,765.7,120,0,1640
FINNIFTY02JAN2420600CE.NFO,02/01/2024,10:36:42,765,752.1,200,761.4,80,0,1640
FINNIFTY02JAN2420600CE.NFO,02/01/2024,10:36:44,765,748.05,120,757.65,120,0,1640
FINNIFTY02JAN2420600CE.NFO,02/01/2024,10:36:45,765,750.85,80,754.65,80,0,1640
FINNIFTY02JAN2420600CE.NFO,02/01/2024,10:36:47,765,751.45,960,756.65,80,0,1640
FINNIFTY02JAN2420600CE.NFO,02/01/2024,10:36:49,765,745.55,200,753.3,200,0,1640
FINNIFTY02JAN2420600CE.NFO,02/01/2024,10:36:50,765,746.8,80,751.15,80,0,1640
FINNIFTY02JAN2420600CE.NFO,02/01/2024,10:36:52,765,747.45,320,751.75,80,0,1640
FINNIFTY02JAN2420600CE.NFO,02/01/2024,10:36:54,765,745.05,40,749.65,160,0,1640
FINNIFTY02JAN2420600CE.NFO,02/01/2024,10:36:55,765,744,80,748.15,80,0,1640
FINNIFTY02JAN2420600CE.NFO,02/01/2024,10:36:57,765,745.25,240,768.25,120,0,1640
FINNIFTY02JAN2420600CE.NFO,02/01/2024,10:36:59,765,746.1,80,761.35,120,0,1640
FINNIFTY02JAN2420600CE.NFO,02/01/2024,10:37:00,765,746.2,80,757.65,120,0,1640
FINNIFTY02JAN2420600CE.NFO,02/01/2024,10:37:02,765,746.45,80,753.25,240,0,1640
FINNIFTY02JAN2420600CE.NFO,02/01/2024,10:37:04,765,747.85,120,751.9,80,0,1640
FINNIFTY02JAN2420600CE.NFO,02/01/2024,10:37:05,765,749.95,40,771.95,120,0,1640
FINNIFTY02JAN2420600CE.NFO,02/01/2024,10:37:07,765,748.95,200,763.25,80,0,1640
FINNIFTY02JAN2420600CE.NFO,02/01/2024,10:37:09,765,748.15,40,758,160,0,1640
FINNIFTY02JAN2420600CE.NFO,02/01/2024,10:37:10,765,743.8,80,752.75,80,0,1640
FINNIFTY02JAN2420600CE.NFO,02/01/2024,10:37:12,765,748.35,360,752.05,40,0,1640
FINNIFTY02JAN2420600CE.NFO,02/01/2024,10:37:14,765,749.7,80,752.9,40,0,1640
FINNIFTY02JAN2420600CE.NFO,02/01/2024,10:37:15,765,749.7,80,752.45,120,0,1640
FINNIFTY02JAN2420600CE.NFO,02/01/2024,10:37:17,765,749.7,80,759.65,200,0,1640
FINNIFTY02JAN2420600CE.NFO,02/01/2024,10:37:19,765,750.2,480,754.25,400,0,1640
FINNIFTY02JAN2420600CE.NFO,02/01/2024,10:37:20,765,748.7,80,751.75,160,0,1640
FINNIFTY02JAN2420600CE.NFO,02/01/2024,10:37:22,765,749.8,200,752.6,40,0,1640
FINNIFTY02JAN2420600CE.NFO,02/01/2024,10:37:24,765,749,200,752.15,40,0,1640
FINNIFTY02JAN2420600CE.NFO,02/01/2024,10:37:25,765,750.2,40,767.25,40,0,1640
FINNIFTY02JAN2420600CE.NFO,02/01/2024,10:37:27,765,750.75,80,761.95,200,0,1640
FINNIFTY02JAN2420600CE.NFO,02/01/2024,10:37:29,765,751.85,200,756.9,120,0,1640
FINNIFTY02JAN2420600CE.NFO,02/01/2024,10:37:31,765,752.55,40,755.2,40,0,1640
FINNIFTY02JAN2420600CE.NFO,02/01/2024,10:37:33,765,752.6,80,755.25,80,0,1640
FINNIFTY02JAN2420600CE.NFO,02/01/2024,10:37:35,765,753.9,120,764.65,40,0,1640
FINNIFTY02JAN2420600CE.NFO,02/01/2024,10:37:36,765,754.8,40,758.1,40,0,1640
FINNIFTY02JAN2420600CE.NFO,02/01/2024,10:37:38,765,753.5,80,757.65,120,0,1640
FINNIFTY02JAN2420600CE.NFO,02/01/2024,10:37:40,765,754.8,120,757.65,40,0,1640
FINNIFTY02JAN2420600CE.NFO,02/01/2024,10:37:41,765,754.85,200,757.65,40,0,1640
FINNIFTY02JAN2420600CE.NFO,02/01/2024,10:37:43,765,754.95,40,757.8,120,0,1640
FINNIFTY02JAN2420600CE.NFO,02/01/2024,10:37:45,765,754.1,40,757.75,40,0,1640
FINNIFTY02JAN2420600CE.NFO,02/01/2024,10:37:46,765,750.5,120,756.35,120,0,1640
FINNIFTY02JAN2420600CE.NFO,02/01/2024,10:37:48,765,751.75,80,754.7,40,0,1640
FINNIFTY02JAN2420600CE.NFO,02/01/2024,10:37:50,765,752.8,40,756.05,40,0,1640
FINNIFTY02JAN2420600CE.NFO,02/01/2024,10:37:51,765,752.15,40,755.65,80,0,1640
FINNIFTY02JAN2420600CE.NFO,02/01/2024,10:37:53,765,751.05,120,754.3,40,0,1640
FINNIFTY02JAN2420600CE.NFO,02/01/2024,10:37:55,765,751.3,360,754.3,40,0,1640
FINNIFTY02JAN2420600CE.NFO,02/01/2024,10:37:56,765,752.35,80,763.4,160,0,1640
FINNIFTY02JAN2420600CE.NFO,02/01/2024,10:37:58,765,752.35,80,754.9,40,0,1640
FINNIFTY02JAN2420600CE.NFO,02/01/2024,10:38:00,765,751.65,200,754.45,40,0,1640
FINNIFTY02JAN2420600CE.NFO,02/01/2024,10:38:01,765,752.95,80,765.25,120,0,1640
FINNIFTY02JAN2420600CE.NFO,02/01/2024,10:38:03,765,753.1,80,757.9,80,0,1640
FINNIFTY02JAN2420600CE.NFO,02/01/2024,10:38:05,765,748.4,40,755.6,40,0,1640
FINNIFTY02JAN2420600CE.NFO,02/01/2024,10:38:06,765,752.5,80,756.15,200,0,1640
FINNIFTY02JAN2420600CE.NFO,02/01/2024,10:38:08,765,752.6,120,764.5,200,0,1640
FINNIFTY02JAN2420600CE.NFO,02/01/2024,10:38:10,765,753.1,80,756.2,120,0,1640
FINNIFTY02JAN2420600CE.NFO,02/01/2024,10:38:11,765,753.1,80,755.7,160,0,1640
FINNIFTY02JAN2420600CE.NFO,02/01/2024,10:38:13,765,753.95,200,756.95,40,0,1640
FINNIFTY02JAN2420600CE.NFO,02/01/2024,10:38:15,765,754.35,120,756.95,40,0,1640
FINNIFTY02JAN2420600CE.NFO,02/01/2024,10:38:16,765,755.15,120,761.9,40,0,1640
FINNIFTY02JAN2420600CE.NFO,02/01/2024,10:38:18,765,755.05,80,757.95,200,0,1640
FINNIFTY02JAN2420600CE.NFO,02/01/2024,10:38:20,765,755.35,80,758.15,40,0,1640
FINNIFTY02JAN2420600CE.NFO,02/01/2024,10:38:21,765,756.15,40,758.75,40,0,1640
FINNIFTY02JAN2420600CE.NFO,02/01/2024,10:38:23,765,757.25,80,760.9,200,0,1640
FINNIFTY02JAN2420600CE.NFO,02/01/2024,10:38:25,765,754.6,80,759,120,0,1640
FINNIFTY02JAN2420600CE.NFO,02/01/2024,10:38:26,765,756.45,120,759.2,40,0,1640
FINNIFTY02JAN2420600CE.NFO,02/01/2024,10:38:28,765,756.5,40,759.6,80,0,1640
FINNIFTY02JAN2420600CE.NFO,02/01/2024,10:38:31,765,755.7,80,758.5,360,0,1640
FINNIFTY02JAN2420600CE.NFO,02/01/2024,10:38:32,765,755.05,40,757.9,40,0,1640
FINNIFTY02JAN2420600CE.NFO,02/01/2024,10:38:34,765,747.4,640,757.2,160,0,1640
FINNIFTY02JAN2420600CE.NFO,02/01/2024,10:38:36,765,754.35,40,757.7,480,0,1640
FINNIFTY02JAN2420600CE.NFO,02/01/2024,10:38:37,765,754.8,80,757.55,40,0,1640
FINNIFTY02JAN2420600CE.NFO,02/01/2024,10:38:39,765,754.65,80,757.25,40,0,1640
FINNIFTY02JAN2420600CE.NFO,02/01/2024,10:38:42,765,754.65,80,757.2,80,0,1640
FINNIFTY02JAN2420600CE.NFO,02/01/2024,10:38:44,765,754.65,80,757.15,160,0,1640
FINNIFTY02JAN2420600CE.NFO,02/01/2024,10:38:45,765,753.6,200,756.4,40,0,1640
FINNIFTY02JAN2420600CE.NFO,02/01/2024,10:38:47,765,750.95,120,757.85,240,0,1640
FINNIFTY02JAN2420600CE.NFO,02/01/2024,10:38:49,765,753.2,80,755.95,200,0,1640
FINNIFTY02JAN2420600CE.NFO,02/01/2024,10:38:50,765,752.25,120,755.15,40,0,1640
FINNIFTY02JAN2420600CE.NFO,02/01/2024,10:38:52,765,752.65,80,755.05,200,0,1640
FINNIFTY02JAN2420600CE.NFO,02/01/2024,10:38:54,765,751.7,80,754.4,200,0,1640
FINNIFTY02JAN2420600CE.NFO,02/01/2024,10:38:55,765,750.85,120,753.6,40,0,1640
FINNIFTY02JAN2420600CE.NFO,02/01/2024,10:38:57,765,749.95,80,753.05,40,0,1640
FINNIFTY02JAN2420600CE.NFO,02/01/2024,10:38:59,765,748.8,40,752.45,40,0,1640
FINNIFTY02JAN2420600CE.NFO,02/01/2024,10:39:00,765,750.25,120,754.3,40,0,1640
FINNIFTY02JAN2420600CE.NFO,02/01/2024,10:39:02,765,751.45,80,754.25,160,0,1640
FINNIFTY02JAN2420600CE.NFO,02/01/2024,10:39:04,765,727.25,120,752.15,120,0,1640
FINNIFTY02JAN2420600CE.NFO,02/01/2024,10:39:05,765,733.1,160,752,400,0,1640
FINNIFTY02JAN2420600CE.NFO,02/01/2024,10:39:07,765,738.05,40,752.5,40,0,1640
FINNIFTY02JAN2420600CE.NFO,02/01/2024,10:39:09,765,743.1,120,752.85,120,0,1640
FINNIFTY02JAN2420600CE.NFO,02/01/2024,10:39:10,765,748.45,120,764.25,120,0,1640
FINNIFTY02JAN2420600CE.NFO,02/01/2024,10:39:12,765,749.7,40,756.7,40,0,1640
FINNIFTY02JAN2420600CE.NFO,02/01/2024,10:39:14,765,750.3,80,753.4,40,0,1640
FINNIFTY02JAN2420600CE.NFO,02/01/2024,10:39:15,765,751.15,80,754.15,40,0,1640
FINNIFTY02JAN2420600CE.NFO,02/01/2024,10:39:17,765,749.9,160,752.8,40,0,1640
FINNIFTY02JAN2420600CE.NFO,02/01/2024,10:39:19,765,750.5,40,753.85,1960,0,1640
FINNIFTY02JAN2420600CE.NFO,02/01/2024,10:39:20,765,750.55,40,753.7,280,0,1640
FINNIFTY02JAN2420600CE.NFO,02/01/2024,10:39:22,765,750.5,80,753.3,40,0,1640
FINNIFTY02JAN2420600CE.NFO,02/01/2024,10:39:24,765,749.25,200,752.45,40,0,1640
FINNIFTY02JAN2420600CE.NFO,02/01/2024,10:39:25,765,750,80,753.15,400,0,1640
FINNIFTY02JAN2420600CE.NFO,02/01/2024,10:39:27,765,750.85,40,760.55,40,0,1640
FINNIFTY02JAN2420600CE.NFO,02/01/2024,10:39:29,765,751.45,80,754.3,120,0,1640
FINNIFTY02JAN2420600CE.NFO,02/01/2024,10:39:30,765,750.65,80,753.65,40,0,1640
FINNIFTY02JAN2420600CE.NFO,02/01/2024,10:39:32,765,749.55,40,753,80,0,1640
FINNIFTY02JAN2420600CE.NFO,02/01/2024,10:39:34,765,749.8,40,753,80,0,1640
FINNIFTY02JAN2420600CE.NFO,02/01/2024,10:39:35,765,749.85,40,752.9,40,0,1640
FINNIFTY02JAN2420600CE.NFO,02/01/2024,10:39:37,765,750.05,80,752.6,40,0,1640
FINNIFTY02JAN2420600CE.NFO,02/01/2024,10:39:39,765,739.7,120,751.9,120,0,1640
FINNIFTY02JAN2420600CE.NFO,02/01/2024,10:39:40,765,747.15,120,751.45,40,0,1640
FINNIFTY02JAN2420600CE.NFO,02/01/2024,10:39:42,765,749,200,754,200,0,1640
FINNIFTY02JAN2420600CE.NFO,02/01/2024,10:39:44,765,749.15,80,751.65,40,0,1640
FINNIFTY02JAN2420600CE.NFO,02/01/2024,10:39:45,765,749.75,80,752.8,200,0,1640
FINNIFTY02JAN2420600CE.NFO,02/01/2024,10:39:47,765,749.75,80,752.55,40,0,1640
FINNIFTY02JAN2420600CE.NFO,02/01/2024,10:39:49,765,750.1,40,753.3,80,0,1640
FINNIFTY02JAN2420600CE.NFO,02/01/2024,10:39:50,765,750.5,40,753.5,40,0,1640
FINNIFTY02JAN2420600CE.NFO,02/01/2024,10:39:52,765,748.85,120,752.35,80,0,1640
FINNIFTY02JAN2420600CE.NFO,02/01/2024,10:39:54,765,733.35,200,751,40,0,1640
FINNIFTY02JAN2420600CE.NFO,02/01/2024,10:39:55,765,739.75,40,751.6,80,0,1640
FINNIFTY02JAN2420600CE.NFO,02/01/2024,10:39:57,765,748.15,120,752.1,40,0,1640
FINNIFTY02JAN2420600CE.NFO,02/01/2024,10:39:58,765,749.2,80,751.85,40,0,1640
FINNIFTY02JAN2420600CE.NFO,02/01/2024,10:40:00,765,748.3,120,759.85,200,0,1640
FINNIFTY02JAN2420600CE.NFO,02/01/2024,10:40:02,765,748.7,40,752.75,120,0,1640
FINNIFTY02JAN2420600CE.NFO,02/01/2024,10:40:03,765,749,80,751.65,80,0,1640
FINNIFTY02JAN2420600CE.NFO,02/01/2024,10:40:05,765,748.4,520,751.8,40,0,1640
FINNIFTY02JAN2420600CE.NFO,02/01/2024,10:40:07,765,748,80,751.6,40,0,1640
FINNIFTY02JAN2420600CE.NFO,02/01/2024,10:40:08,765,748.2,120,752.45,40,0,1640
FINNIFTY02JAN2420600CE.NFO,02/01/2024,10:40:10,765,749.2,80,752.2,40,0,1640
FINNIFTY02JAN2420600CE.NFO,02/01/2024,10:40:12,765,750,120,754.05,40,0,1640
FINNIFTY02JAN2420600CE.NFO,02/01/2024,10:40:13,765,750,80,753.05,40,0,1640
FINNIFTY02JAN2420600CE.NFO,02/01/2024,10:40:15,765,751.05,120,755.2,120,0,1640
FINNIFTY02JAN2420600CE.NFO,02/01/2024,10:40:17,765,752.25,80,755.3,40,0,1640
FINNIFTY02JAN2420600CE.NFO,02/01/2024,10:40:18,765,752.55,120,755.3,40,0,1640
FINNIFTY02JAN2420600CE.NFO,02/01/2024,10:40:20,765,753.15,120,760.45,200,0,1640
FINNIFTY02JAN2420600CE.NFO,02/01/2024,10:40:22,765,753.85,80,756.9,40,0,1640
FINNIFTY02JAN2420600CE.NFO,02/01/2024,10:40:23,765,752.8,80,755.9,40,0,1640
FINNIFTY02JAN2420600CE.NFO,02/01/2024,10:40:25,765,753.55,200,756.8,80,0,1640
FINNIFTY02JAN2420600CE.NFO,02/01/2024,10:40:27,765,753.8,80,756.4,40,0,1640
FINNIFTY02JAN2420600CE.NFO,02/01/2024,10:40:28,765,751.75,40,754.75,160,0,1640
FINNIFTY02JAN2420600CE.NFO,02/01/2024,10:40:30,765,734.8,160,754.2,80,0,1640
FINNIFTY02JAN2420600CE.NFO,02/01/2024,10:40:32,765,743.75,200,753.1,120,0,1640
FINNIFTY02JAN2420600CE.NFO,02/01/2024,10:40:33,765,750,240,753.35,120,0,1640
FINNIFTY02JAN2420600CE.NFO,02/01/2024,10:40:35,765,751,40,757.65,160,0,1640
FINNIFTY02JAN2420600CE.NFO,02/01/2024,10:40:37,765,751.85,80,754.75,200,0,1640
FINNIFTY02JAN2420600CE.NFO,02/01/2024,10:40:38,765,751.15,360,754.45,120,0,1640
FINNIFTY02JAN2420600CE.NFO,02/01/2024,10:40:40,765,752.75,80,755.9,40,0,1640
FINNIFTY02JAN2420600CE.NFO,02/01/2024,10:40:42,765,751.95,80,755.2,40,0,1640
FINNIFTY02JAN2420600CE.NFO,02/01/2024,10:40:43,765,749.25,120,754.05,40,0,1640
FINNIFTY02JAN2420600CE.NFO,02/01/2024,10:40:45,765,751.2,80,753.75,40,0,1640
FINNIFTY02JAN2420600CE.NFO,02/01/2024,10:40:47,765,750.55,40,753.75,40,0,1640
FINNIFTY02JAN2420600CE.NFO,02/01/2024,10:40:48,765,751.25,80,753.75,40,0,1640
FINNIFTY02JAN2420600CE.NFO,02/01/2024,10:40:50,765,751.15,40,754.4,40,0,1640
FINNIFTY02JAN2420600CE.NFO,02/01/2024,10:40:52,765,751.3,120,753.9,40,0,1640
FINNIFTY02JAN2420600CE.NFO,02/01/2024,10:40:53,765,751.35,80,754.2,40,0,1640
FINNIFTY02JAN2420600CE.NFO,02/01/2024,10:40:55,765,751.8,80,754.6,40,0,1640
FINNIFTY02JAN2420600CE.NFO,02/01/2024,10:40:57,765,750.6,200,754.25,240,0,1640
FINNIFTY02JAN2420600CE.NFO,02/01/2024,10:40:58,765,751.4,80,754.05,240,0,1640
FINNIFTY02JAN2420600CE.NFO,02/01/2024,10:41:00,765,737.85,360,752.65,40,0,1640
FINNIFTY02JAN2420600CE.NFO,02/01/2024,10:41:02,765,747.5,120,752.9,360,0,1640
FINNIFTY02JAN2420600CE.NFO,02/01/2024,10:41:03,765,749.75,40,752.7,40,0,1640
FINNIFTY02JAN2420600CE.NFO,02/01/2024,10:41:05,765,749.9,80,752.7,40,0,1640
