Ticker,Date,Time,LTP,BuyPrice,BuyQty,SellPrice,SellQty,LTQ,OpenInterest
FINNIFTY02JAN2422150PE.NFO,02/01/2024,15:06:29,790.8,791.8,120,794.95,240,200,240
FINNIFTY02JAN2422150PE.NFO,02/01/2024,15:06:29,791.2,791.8,120,794.95,240,0,240
FINNIFTY02JAN2422150PE.NFO,02/01/2024,15:06:29,791.2,791.8,120,794.95,240,0,240
FINNIFTY02JAN2422150PE.NFO,02/01/2024,15:06:29,790.8,791.8,120,794.95,240,0,240
FINNIFTY02JAN2422150PE.NFO,02/01/2024,15:06:40,791.2,792.15,80,795.4,80,0,240
FINNIFTY02JAN2422150PE.NFO,02/01/2024,15:06:50,791.2,790.95,200,793.25,120,0,240
FINNIFTY02JAN2422150PE.NFO,02/01/2024,15:06:59,791.95,790.7,160,794.8,160,200,240
FINNIFTY02JAN2422150PE.NFO,02/01/2024,15:06:59,792.3,790.7,160,794.8,160,0,240
FINNIFTY02JAN2422150PE.NFO,02/01/2024,15:07:09,791.95,791.75,280,795.35,240,0,240
FINNIFTY02JAN2422150PE.NFO,02/01/2024,15:07:19,791.95,794.45,120,797.45,480,0,240
FINNIFTY02JAN2422150PE.NFO,02/01/2024,15:07:31,797.15,796.75,120,799.85,400,120,240
FINNIFTY02JAN2422150PE.NFO,02/01/2024,15:07:31,797.15,796.75,120,799.85,400,0,240
FINNIFTY02JAN2422150PE.NFO,02/01/2024,15:07:43,797.15,800.55,120,804.9,200,0,240
FINNIFTY02JAN2422150PE.NFO,02/01/2024,15:07:54,797.15,800.9,80,809.45,240,0,240
FINNIFTY02JAN2422150PE.NFO,02/01/2024,15:08:07,797.15,802.8,120,806.4,160,0,240
FINNIFTY02JAN2422150PE.NFO,02/01/2024,15:08:20,797.15,798.45,400,803.2,320,0,240
FINNIFTY02JAN2422150PE.NFO,02/01/2024,15:08:31,797.15,800.65,120,802.85,160,0,240
FINNIFTY02JAN2422150PE.NFO,02/01/2024,15:08:44,797.15,801.3,120,804.3,840,0,240
FINNIFTY02JAN2422150PE.NFO,02/01/2024,15:08:55,797.15,803.55,120,809.4,80,0,240
FINNIFTY02JAN2422150PE.NFO,02/01/2024,15:09:05,797.15,803.25,120,805.75,120,0,240
FINNIFTY02JAN2422150PE.NFO,02/01/2024,15:09:15,797.15,802.75,120,805.5,240,0,240
FINNIFTY02JAN2422150PE.NFO,02/01/2024,15:09:25,797.15,802.7,120,805.7,360,0,240
FINNIFTY02JAN2422150PE.NFO,02/01/2024,15:09:35,797.15,803.55,120,806.4,760,0,240
FINNIFTY02JAN2422150PE.NFO,02/01/2024,15:09:45,797.15,804.6,40,806.4,240,0,240
FINNIFTY02JAN2422150PE.NFO,02/01/2024,15:09:56,797.15,793.95,360,805.85,600,0,240
FINNIFTY02JAN2422150PE.NFO,02/01/2024,15:10:08,797.15,806.15,120,809.15,160,0,240
FINNIFTY02JAN2422150PE.NFO,02/01/2024,15:10:20,797.15,802.75,160,806.75,200,0,240
FINNIFTY02JAN2422150PE.NFO,02/01/2024,15:10:31,797.15,806.35,280,809.65,480,0,240
FINNIFTY02JAN2422150PE.NFO,02/01/2024,15:10:43,797.15,807.1,160,810.45,240,0,240
FINNIFTY02JAN2422150PE.NFO,02/01/2024,15:10:54,797.15,798.2,120,809.55,280,0,240
FINNIFTY02JAN2422150PE.NFO,02/01/2024,15:11:05,797.15,806.6,160,809.55,240,0,240
FINNIFTY02JAN2422150PE.NFO,02/01/2024,15:11:16,797.15,806.15,40,806.95,240,0,240
FINNIFTY02JAN2422150PE.NFO,02/01/2024,15:11:26,797.15,804.1,40,805.45,160,0,240
FINNIFTY02JAN2422150PE.NFO,02/01/2024,15:11:36,797.15,804.1,40,804.2,240,0,240
FINNIFTY02JAN2422150PE.NFO,02/01/2024,15:11:46,804.1,803.45,120,805.85,240,40,160
FINNIFTY02JAN2422150PE.NFO,02/01/2024,15:11:46,804.1,803.45,120,805.85,240,0,160
FINNIFTY02JAN2422150PE.NFO,02/01/2024,15:11:56,804.1,804.65,40,806.85,360,0,160
FINNIFTY02JAN2422150PE.NFO,02/01/2024,15:12:06,804.1,803.35,160,806.2,40,0,160
FINNIFTY02JAN2422150PE.NFO,02/01/2024,15:12:15,804.1,803.75,40,805.6,200,0,160
FINNIFTY02JAN2422150PE.NFO,02/01/2024,15:12:25,804.1,804.7,40,806.75,160,0,160
FINNIFTY02JAN2422150PE.NFO,02/01/2024,15:12:31,804.1,806.05,120,807.7,40,0,160
FINNIFTY02JAN2422150PE.NFO,02/01/2024,15:12:32,804.1,805.35,120,807.7,40,0,160
FINNIFTY02JAN2422150PE.NFO,02/01/2024,15:12:33,804.1,806,160,807.7,40,0,160
FINNIFTY02JAN2422150PE.NFO,02/01/2024,15:12:34,804.1,806.65,160,807.7,40,0,160
FINNIFTY02JAN2422150PE.NFO,02/01/2024,15:12:35,804.1,807.15,40,807.7,40,0,160
FINNIFTY02JAN2422150PE.NFO,02/01/2024,15:12:36,804.1,807.1,40,807.7,40,0,160
FINNIFTY02JAN2422150PE.NFO,02/01/2024,15:12:41,807.7,806.2,40,809.15,440,40,200
FINNIFTY02JAN2422150PE.NFO,02/01/2024,15:12:41,807.7,806.2,40,809.15,440,0,200
FINNIFTY02JAN2422150PE.NFO,02/01/2024,15:12:42,807.7,806.5,80,808.65,120,0,200
FINNIFTY02JAN2422150PE.NFO,02/01/2024,15:12:43,807.7,805.45,200,808.25,80,0,200
FINNIFTY02JAN2422150PE.NFO,02/01/2024,15:12:44,807.7,805.8,160,808,200,0,200
FINNIFTY02JAN2422150PE.NFO,02/01/2024,15:12:45,807.7,806,120,807.9,520,0,200
FINNIFTY02JAN2422150PE.NFO,02/01/2024,15:12:46,807.7,806,160,807.75,80,0,200
FINNIFTY02JAN2422150PE.NFO,02/01/2024,15:12:47,807.7,805.55,80,807.7,80,0,200
FINNIFTY02JAN2422150PE.NFO,02/01/2024,15:12:48,807.7,805.75,40,807.45,200,0,200
FINNIFTY02JAN2422150PE.NFO,02/01/2024,15:12:49,807.7,805.5,80,807.3,200,0,200
FINNIFTY02JAN2422150PE.NFO,02/01/2024,15:12:50,807.7,804.8,40,807,160,0,200
FINNIFTY02JAN2422150PE.NFO,02/01/2024,15:12:51,807.7,805.15,80,807.7,240,0,200
FINNIFTY02JAN2422150PE.NFO,02/01/2024,15:12:52,807.7,805.45,80,808.2,80,0,200
FINNIFTY02JAN2422150PE.NFO,02/01/2024,15:12:53,807.7,805.95,40,808.35,80,0,200
FINNIFTY02JAN2422150PE.NFO,02/01/2024,15:12:54,807.7,806.8,80,809.5,120,0,200
FINNIFTY02JAN2422150PE.NFO,02/01/2024,15:12:55,807.7,806.55,40,808.3,200,0,200
FINNIFTY02JAN2422150PE.NFO,02/01/2024,15:12:56,807.7,806.4,120,808.3,440,0,200
FINNIFTY02JAN2422150PE.NFO,02/01/2024,15:12:57,807.7,799.35,400,808.25,80,0,200
FINNIFTY02JAN2422150PE.NFO,02/01/2024,15:12:58,807.7,803.55,120,808.25,80,0,200
FINNIFTY02JAN2422150PE.NFO,02/01/2024,15:12:59,807.7,805.85,40,808.7,80,0,200
FINNIFTY02JAN2422150PE.NFO,02/01/2024,15:13:00,807.7,806.15,40,808.8,80,0,200
FINNIFTY02JAN2422150PE.NFO,02/01/2024,15:13:01,807.7,806.6,200,808.4,680,0,200
FINNIFTY02JAN2422150PE.NFO,02/01/2024,15:13:02,807.7,805.6,200,808,200,0,200
FINNIFTY02JAN2422150PE.NFO,02/01/2024,15:13:03,807.7,805.8,160,807.55,240,0,200
FINNIFTY02JAN2422150PE.NFO,02/01/2024,15:13:04,807.7,804.6,40,807.3,200,0,200
FINNIFTY02JAN2422150PE.NFO,02/01/2024,15:13:05,807.7,805.1,120,807.65,480,0,200
FINNIFTY02JAN2422150PE.NFO,02/01/2024,15:13:06,807.7,805.5,40,808.05,120,0,200
FINNIFTY02JAN2422150PE.NFO,02/01/2024,15:13:07,807.7,805.95,40,807.65,80,0,200
FINNIFTY02JAN2422150PE.NFO,02/01/2024,15:13:08,807.7,806.2,120,808.05,240,0,200
FINNIFTY02JAN2422150PE.NFO,02/01/2024,15:13:09,807.7,805.45,40,808.15,240,0,200
FINNIFTY02JAN2422150PE.NFO,02/01/2024,15:13:10,807.7,805.95,80,808,640,0,200
FINNIFTY02JAN2422150PE.NFO,02/01/2024,15:13:11,807.7,806.45,120,808,80,0,200
FINNIFTY02JAN2422150PE.NFO,02/01/2024,15:13:12,807.7,805.55,80,808,200,0,200
FINNIFTY02JAN2422150PE.NFO,02/01/2024,15:13:13,807.7,806.15,40,808,80,0,200
FINNIFTY02JAN2422150PE.NFO,02/01/2024,15:13:14,807.7,805.15,200,808,80,0,200
FINNIFTY02JAN2422150PE.NFO,02/01/2024,15:13:15,807.7,805.65,80,807.5,360,0,200
FINNIFTY02JAN2422150PE.NFO,02/01/2024,15:13:16,807.7,804.4,80,807.25,200,0,200
FINNIFTY02JAN2422150PE.NFO,02/01/2024,15:13:17,807.7,804.7,160,806.8,920,0,200
FINNIFTY02JAN2422150PE.NFO,02/01/2024,15:13:18,807.7,803.85,120,806.65,240,0,200
FINNIFTY02JAN2422150PE.NFO,02/01/2024,15:13:19,807.7,804.4,40,806.6,440,0,200
FINNIFTY02JAN2422150PE.NFO,02/01/2024,15:13:20,807.7,804.85,80,806.55,80,0,200
FINNIFTY02JAN2422150PE.NFO,02/01/2024,15:13:21,807.7,804.35,160,806.45,80,0,200
FINNIFTY02JAN2422150PE.NFO,02/01/2024,15:13:22,807.7,804.75,120,806.35,80,0,200
FINNIFTY02JAN2422150PE.NFO,02/01/2024,15:13:23,807.7,805,120,806.65,120,0,200
FINNIFTY02JAN2422150PE.NFO,02/01/2024,15:13:24,807.7,804.65,80,806.55,240,0,200
FINNIFTY02JAN2422150PE.NFO,02/01/2024,15:13:25,807.7,805.15,120,806.7,80,0,200
FINNIFTY02JAN2422150PE.NFO,02/01/2024,15:13:26,807.7,804.45,80,806.75,240,0,200
FINNIFTY02JAN2422150PE.NFO,02/01/2024,15:13:27,807.7,804.7,160,806.75,80,0,200
FINNIFTY02JAN2422150PE.NFO,02/01/2024,15:13:28,807.7,804.3,120,806.7,240,0,200
FINNIFTY02JAN2422150PE.NFO,02/01/2024,15:13:29,807.7,804.65,40,806.8,160,0,200
FINNIFTY02JAN2422150PE.NFO,02/01/2024,15:13:30,807.7,804.9,200,808.15,80,0,200
FINNIFTY02JAN2422150PE.NFO,02/01/2024,15:13:32,807.7,805.35,40,807.25,720,0,200
FINNIFTY02JAN2422150PE.NFO,02/01/2024,15:13:33,807.7,804.7,40,807.2,200,0,200
FINNIFTY02JAN2422150PE.NFO,02/01/2024,15:13:34,807.7,805.25,80,807.35,80,0,200
FINNIFTY02JAN2422150PE.NFO,02/01/2024,15:13:35,807.7,805.7,80,807.75,80,0,200
FINNIFTY02JAN2422150PE.NFO,02/01/2024,15:13:36,807.7,806.3,40,807.9,80,0,200
FINNIFTY02JAN2422150PE.NFO,02/01/2024,15:13:37,807.7,805.5,40,807.75,760,0,200
FINNIFTY02JAN2422150PE.NFO,02/01/2024,15:13:38,807.7,805.9,40,807.95,80,0,200
FINNIFTY02JAN2422150PE.NFO,02/01/2024,15:13:39,807.7,806.45,40,808.25,480,0,200
FINNIFTY02JAN2422150PE.NFO,02/01/2024,15:13:40,807.7,795.65,2880,808.2,160,0,200
FINNIFTY02JAN2422150PE.NFO,02/01/2024,15:13:41,807.7,802.8,120,808,80,0,200
FINNIFTY02JAN2422150PE.NFO,02/01/2024,15:13:42,807.7,805.45,80,807.85,80,0,200
FINNIFTY02JAN2422150PE.NFO,02/01/2024,15:13:43,807.7,806.35,40,807.9,240,0,200
FINNIFTY02JAN2422150PE.NFO,02/01/2024,15:13:44,807.7,805.75,160,807.6,240,0,200
FINNIFTY02JAN2422150PE.NFO,02/01/2024,15:13:45,807.7,804.5,360,807.4,480,0,200
FINNIFTY02JAN2422150PE.NFO,02/01/2024,15:13:46,807.7,805.15,80,807.35,80,0,200
FINNIFTY02JAN2422150PE.NFO,02/01/2024,15:13:47,807.7,805.55,120,807.05,160,0,200
FINNIFTY02JAN2422150PE.NFO,02/01/2024,15:13:48,807.7,805.6,160,807.35,240,0,200
FINNIFTY02JAN2422150PE.NFO,02/01/2024,15:13:49,807.7,805.7,160,807.25,160,0,200
FINNIFTY02JAN2422150PE.NFO,02/01/2024,15:13:50,807.7,804.7,80,807.3,440,0,200
FINNIFTY02JAN2422150PE.NFO,02/01/2024,15:13:51,807.7,805.2,80,807.3,80,0,200
FINNIFTY02JAN2422150PE.NFO,02/01/2024,15:13:52,807.7,805.75,160,807.45,240,0,200
FINNIFTY02JAN2422150PE.NFO,02/01/2024,15:13:53,807.7,804.65,80,807.4,80,0,200
FINNIFTY02JAN2422150PE.NFO,02/01/2024,15:13:54,807.7,805.25,40,807.35,80,0,200
FINNIFTY02JAN2422150PE.NFO,02/01/2024,15:13:54,807.7,805.4,160,807.35,80,0,200
FINNIFTY02JAN2422150PE.NFO,02/01/2024,15:13:55,807.7,804.4,120,807.35,120,0,200
FINNIFTY02JAN2422150PE.NFO,02/01/2024,15:13:56,807.7,804.75,160,806.85,200,0,200
FINNIFTY02JAN2422150PE.NFO,02/01/2024,15:13:57,807.7,805.05,80,806.8,200,0,200
FINNIFTY02JAN2422150PE.NFO,02/01/2024,15:13:58,807.7,804.25,120,806.9,200,0,200
FINNIFTY02JAN2422150PE.NFO,02/01/2024,15:13:59,807.7,804.65,160,806.95,80,0,200
FINNIFTY02JAN2422150PE.NFO,02/01/2024,15:14:00,807.7,804.3,120,806.8,200,0,200
FINNIFTY02JAN2422150PE.NFO,02/01/2024,15:14:01,807.7,804.65,160,806.85,200,0,200
FINNIFTY02JAN2422150PE.NFO,02/01/2024,15:14:02,807.7,804.4,40,805.4,120,0,200
FINNIFTY02JAN2422150PE.NFO,02/01/2024,15:14:03,807.7,782,200,805.85,120,0,200
FINNIFTY02JAN2422150PE.NFO,02/01/2024,15:14:04,807.7,785.85,80,805.9,160,0,200
FINNIFTY02JAN2422150PE.NFO,02/01/2024,15:14:05,807.7,789.95,200,806,200,0,200
FINNIFTY02JAN2422150PE.NFO,02/01/2024,15:14:06,807.7,794.45,200,805.25,120,0,200
FINNIFTY02JAN2422150PE.NFO,02/01/2024,15:14:07,807.7,799.85,640,805.8,80,0,200
FINNIFTY02JAN2422150PE.NFO,02/01/2024,15:14:08,807.7,803.45,200,806.4,160,0,200
FINNIFTY02JAN2422150PE.NFO,02/01/2024,15:14:09,807.7,804.15,40,806.5,160,0,200
FINNIFTY02JAN2422150PE.NFO,02/01/2024,15:14:10,807.7,804.6,40,806.7,240,0,200
FINNIFTY02JAN2422150PE.NFO,02/01/2024,15:14:11,807.7,804,80,806.5,400,0,200
FINNIFTY02JAN2422150PE.NFO,02/01/2024,15:14:12,807.7,804.3,80,806.3,200,0,200
FINNIFTY02JAN2422150PE.NFO,02/01/2024,15:14:13,807.7,804,120,805.25,120,0,200
FINNIFTY02JAN2422150PE.NFO,02/01/2024,15:14:14,807.7,804.25,240,805.95,80,0,200
FINNIFTY02JAN2422150PE.NFO,02/01/2024,15:14:15,807.7,804.55,160,805.85,120,0,200
FINNIFTY02JAN2422150PE.NFO,02/01/2024,15:14:16,807.7,804.3,160,806.45,80,0,200
FINNIFTY02JAN2422150PE.NFO,02/01/2024,15:14:17,807.7,804.25,120,805.9,200,0,200
FINNIFTY02JAN2422150PE.NFO,02/01/2024,15:14:18,807.7,803.15,120,806,560,0,200
FINNIFTY02JAN2422150PE.NFO,02/01/2024,15:14:19,807.7,803.8,160,805.05,120,0,200
FINNIFTY02JAN2422150PE.NFO,02/01/2024,15:14:20,803.95,802.25,400,805.5,80,120,200
FINNIFTY02JAN2422150PE.NFO,02/01/2024,15:14:21,803.95,802.7,160,805.25,80,0,200
FINNIFTY02JAN2422150PE.NFO,02/01/2024,15:14:22,803.95,802.75,120,805.1,160,0,200
FINNIFTY02JAN2422150PE.NFO,02/01/2024,15:14:23,803.95,802.8,120,805.1,360,0,200
FINNIFTY02JAN2422150PE.NFO,02/01/2024,15:14:24,803.95,802.8,160,805.3,160,0,200
FINNIFTY02JAN2422150PE.NFO,02/01/2024,15:14:25,803.95,802.9,160,805.2,120,0,200
FINNIFTY02JAN2422150PE.NFO,02/01/2024,15:14:26,803.95,802.9,160,805.7,200,0,200
FINNIFTY02JAN2422150PE.NFO,02/01/2024,15:14:27,803.95,802.95,80,804.95,80,0,200
FINNIFTY02JAN2422150PE.NFO,02/01/2024,15:14:28,803.95,803,160,804.8,320,0,200
FINNIFTY02JAN2422150PE.NFO,02/01/2024,15:14:29,803.95,801.8,160,804.5,200,0,200
FINNIFTY02JAN2422150PE.NFO,02/01/2024,15:14:30,803.95,801.95,80,804.6,80,0,200
FINNIFTY02JAN2422150PE.NFO,02/01/2024,15:14:31,803.95,802,160,804.3,80,0,200
FINNIFTY02JAN2422150PE.NFO,02/01/2024,15:14:32,803.95,802.1,120,804.7,360,0,200
FINNIFTY02JAN2422150PE.NFO,02/01/2024,15:14:33,803.95,802.3,120,804.6,80,0,200
FINNIFTY02JAN2422150PE.NFO,02/01/2024,15:14:35,803.95,802.35,160,804.85,80,0,200
FINNIFTY02JAN2422150PE.NFO,02/01/2024,15:14:36,803.95,802.45,120,804.35,240,0,200
FINNIFTY02JAN2422150PE.NFO,02/01/2024,15:14:36,803.95,802.45,160,804.15,240,0,200
FINNIFTY02JAN2422150PE.NFO,02/01/2024,15:14:37,803.95,801.2,200,804,160,0,200
FINNIFTY02JAN2422150PE.NFO,02/01/2024,15:14:38,803.95,801.3,80,803.65,80,0,200
FINNIFTY02JAN2422150PE.NFO,02/01/2024,15:14:40,803.95,801.35,240,803.6,280,0,200
FINNIFTY02JAN2422150PE.NFO,02/01/2024,15:14:41,803.95,801.45,160,803.1,200,0,200
FINNIFTY02JAN2422150PE.NFO,02/01/2024,15:14:42,803.95,800.35,160,803.2,80,0,200
FINNIFTY02JAN2422150PE.NFO,02/01/2024,15:14:42,803.95,800.4,80,803.7,160,0,200
FINNIFTY02JAN2422150PE.NFO,02/01/2024,15:14:43,803.95,800.9,40,803.55,120,0,200
FINNIFTY02JAN2422150PE.NFO,02/01/2024,15:14:45,803.95,801.1,240,803.1,160,0,200
FINNIFTY02JAN2422150PE.NFO,02/01/2024,15:14:46,803.95,800.25,240,803,600,0,200
FINNIFTY02JAN2422150PE.NFO,02/01/2024,15:14:47,803.95,800.35,160,803.3,200,0,200
FINNIFTY02JAN2422150PE.NFO,02/01/2024,15:14:47,803.95,800.35,160,803.05,160,0,200
FINNIFTY02JAN2422150PE.NFO,02/01/2024,15:14:48,803.95,800.5,160,803.2,200,0,200
FINNIFTY02JAN2422150PE.NFO,02/01/2024,15:14:49,803.95,800.55,160,803.05,240,0,200
FINNIFTY02JAN2422150PE.NFO,02/01/2024,15:14:51,803.95,800.7,120,803.45,1280,0,200
FINNIFTY02JAN2422150PE.NFO,02/01/2024,15:14:52,803.95,800.7,160,802.8,240,0,200
FINNIFTY02JAN2422150PE.NFO,02/01/2024,15:14:53,803.95,800.7,160,802.5,240,0,200
FINNIFTY02JAN2422150PE.NFO,02/01/2024,15:14:53,803.95,800.7,160,803,840,0,200
FINNIFTY02JAN2422150PE.NFO,02/01/2024,15:14:54,803.95,800.55,120,802.45,400,0,200
FINNIFTY02JAN2422150PE.NFO,02/01/2024,15:14:55,803.95,800.6,120,802.35,200,0,200
FINNIFTY02JAN2422150PE.NFO,02/01/2024,15:14:56,803.95,800.6,160,802.55,200,0,200
FINNIFTY02JAN2422150PE.NFO,02/01/2024,15:14:57,803.95,800.65,120,802.45,80,0,200
FINNIFTY02JAN2422150PE.NFO,02/01/2024,15:14:58,803.95,800.7,120,802.85,240,0,200
FINNIFTY02JAN2422150PE.NFO,02/01/2024,15:14:59,803.95,800.7,160,803.25,80,0,200
FINNIFTY02JAN2422150PE.NFO,02/01/2024,15:15:00,803.95,800.7,160,803,160,0,200
FINNIFTY02JAN2422150PE.NFO,02/01/2024,15:15:01,803.95,800.7,160,802.8,200,0,200
FINNIFTY02JAN2422150PE.NFO,02/01/2024,15:15:02,803.95,800.8,120,803.65,160,0,200
FINNIFTY02JAN2422150PE.NFO,02/01/2024,15:15:03,803.95,800.9,120,803.55,200,0,200
FINNIFTY02JAN2422150PE.NFO,02/01/2024,15:15:04,803.95,801,120,803.85,80,0,200
FINNIFTY02JAN2422150PE.NFO,02/01/2024,15:15:05,803.95,801.1,160,803.7,80,0,200
FINNIFTY02JAN2422150PE.NFO,02/01/2024,15:15:06,803.95,801.1,160,803.5,160,0,200
FINNIFTY02JAN2422150PE.NFO,02/01/2024,15:15:07,803.95,794.25,200,803.2,200,0,200
FINNIFTY02JAN2422150PE.NFO,02/01/2024,15:15:08,803.95,798.1,160,803.1,240,0,200
FINNIFTY02JAN2422150PE.NFO,02/01/2024,15:15:09,803.95,799.95,80,803.15,80,0,200
FINNIFTY02JAN2422150PE.NFO,02/01/2024,15:15:10,803.95,800.4,40,803.9,160,0,200
FINNIFTY02JAN2422150PE.NFO,02/01/2024,15:15:11,803.95,800.55,40,803.6,400,0,200
FINNIFTY02JAN2422150PE.NFO,02/01/2024,15:15:12,803.95,800.65,160,803.4,200,0,200
FINNIFTY02JAN2422150PE.NFO,02/01/2024,15:15:13,803.95,800.75,120,803.2,80,0,200
FINNIFTY02JAN2422150PE.NFO,02/01/2024,15:15:14,803.95,800.75,160,802.85,840,0,200
FINNIFTY02JAN2422150PE.NFO,02/01/2024,15:15:15,803.95,800.75,160,803,80,0,200
FINNIFTY02JAN2422150PE.NFO,02/01/2024,15:15:16,803.95,800.75,160,802.45,240,0,200
FINNIFTY02JAN2422150PE.NFO,02/01/2024,15:15:17,803.95,800,160,802.65,400,0,200
FINNIFTY02JAN2422150PE.NFO,02/01/2024,15:15:18,803.95,800,160,802.45,200,0,200
FINNIFTY02JAN2422150PE.NFO,02/01/2024,15:15:19,803.95,800.1,160,802.35,480,0,200
FINNIFTY02JAN2422150PE.NFO,02/01/2024,15:15:20,803.95,800.1,160,802.45,240,0,200
FINNIFTY02JAN2422150PE.NFO,02/01/2024,15:15:21,803.95,800.1,160,801.95,240,0,200
FINNIFTY02JAN2422150PE.NFO,02/01/2024,15:15:22,803.95,800.2,160,802.05,160,0,200
FINNIFTY02JAN2422150PE.NFO,02/01/2024,15:15:23,803.95,800.3,160,802.25,80,0,200
FINNIFTY02JAN2422150PE.NFO,02/01/2024,15:15:24,803.95,800.35,80,803.1,240,0,200
FINNIFTY02JAN2422150PE.NFO,02/01/2024,15:15:25,803.95,800.5,160,802.65,200,0,200
FINNIFTY02JAN2422150PE.NFO,02/01/2024,15:15:26,803.95,800.6,160,802.95,320,0,200
FINNIFTY02JAN2422150PE.NFO,02/01/2024,15:15:27,803.95,800.6,160,803.15,160,0,200
FINNIFTY02JAN2422150PE.NFO,02/01/2024,15:15:28,803.95,800.6,160,803.4,400,0,200
FINNIFTY02JAN2422150PE.NFO,02/01/2024,15:15:29,803.95,800.7,160,803.4,240,0,200
FINNIFTY02JAN2422150PE.NFO,02/01/2024,15:15:33,803.95,801.5,80,804.3,440,0,200
FINNIFTY02JAN2422150PE.NFO,02/01/2024,15:15:43,803.95,802.6,160,805.45,240,0,200
FINNIFTY02JAN2422150PE.NFO,02/01/2024,15:15:54,803.95,803,120,806.1,240,0,200
FINNIFTY02JAN2422150PE.NFO,02/01/2024,15:16:04,803.95,802.65,160,805.05,240,0,200
FINNIFTY02JAN2422150PE.NFO,02/01/2024,15:16:14,803.95,801.05,160,803.6,200,0,200
FINNIFTY02JAN2422150PE.NFO,02/01/2024,15:16:23,803.95,801.9,120,804.7,240,0,200
FINNIFTY02JAN2422150PE.NFO,02/01/2024,15:16:33,803.95,802.95,160,804.65,80,0,200
FINNIFTY02JAN2422150PE.NFO,02/01/2024,15:16:43,803.95,802,160,803.9,240,0,200
FINNIFTY02JAN2422150PE.NFO,02/01/2024,15:16:52,803.95,802.45,160,804.7,80,0,200
FINNIFTY02JAN2422150PE.NFO,02/01/2024,15:17:02,803.95,801.55,160,807.6,80,0,200
FINNIFTY02JAN2422150PE.NFO,02/01/2024,15:17:12,803.95,802.35,160,806.1,80,0,200
FINNIFTY02JAN2422150PE.NFO,02/01/2024,15:17:22,803.95,801.35,160,805.4,80,0,200
FINNIFTY02JAN2422150PE.NFO,02/01/2024,15:17:32,803.95,802,120,805.2,80,0,200
FINNIFTY02JAN2422150PE.NFO,02/01/2024,15:17:42,803.95,801.45,160,805.1,80,0,200
FINNIFTY02JAN2422150PE.NFO,02/01/2024,15:17:52,803.95,801.15,120,805,80,0,200
FINNIFTY02JAN2422150PE.NFO,02/01/2024,15:18:02,803.95,801.35,160,804.5,80,0,200
FINNIFTY02JAN2422150PE.NFO,02/01/2024,15:18:12,803.95,801.3,40,804.5,80,0,200
FINNIFTY02JAN2422150PE.NFO,02/01/2024,15:18:31,803.95,801.3,40,804,80,0,200
FINNIFTY02JAN2422150PE.NFO,02/01/2024,15:18:41,801.3,799.35,80,803.3,120,40,120
FINNIFTY02JAN2422150PE.NFO,02/01/2024,15:18:50,801.3,798.4,120,803.2,120,0,120
FINNIFTY02JAN2422150PE.NFO,02/01/2024,15:19:09,801.3,799.35,120,802.6,120,0,120
FINNIFTY02JAN2422150PE.NFO,02/01/2024,15:19:19,801.3,800.1,120,802.95,200,0,120
FINNIFTY02JAN2422150PE.NFO,02/01/2024,15:19:28,801.3,800.2,120,802.95,200,0,120
FINNIFTY02JAN2422150PE.NFO,02/01/2024,15:19:38,801.3,800.5,120,802.8,120,0,120
FINNIFTY02JAN2422150PE.NFO,02/01/2024,15:19:48,801.3,800.85,120,802.75,120,0,120
FINNIFTY02JAN2422150PE.NFO,02/01/2024,15:19:57,801.3,800.4,120,805.8,120,0,120
FINNIFTY02JAN2422150PE.NFO,02/01/2024,15:20:09,801.3,801.25,120,805.5,120,0,120
FINNIFTY02JAN2422150PE.NFO,02/01/2024,15:20:22,801.3,800.5,120,805.3,120,0,120
FINNIFTY02JAN2422150PE.NFO,02/01/2024,15:20:33,801.3,801.15,120,804.3,120,0,120
FINNIFTY02JAN2422150PE.NFO,02/01/2024,15:20:42,801.3,800.7,120,804.1,120,0,120
FINNIFTY02JAN2422150PE.NFO,02/01/2024,15:20:52,801.3,800.9,120,804,120,0,120
FINNIFTY02JAN2422150PE.NFO,02/01/2024,15:21:01,801.3,801.2,120,803.55,120,0,120
FINNIFTY02JAN2422150PE.NFO,02/01/2024,15:21:12,801.3,801.2,80,806.75,120,0,120
FINNIFTY02JAN2422150PE.NFO,02/01/2024,15:21:22,801.3,801.35,120,806.35,120,0,120
FINNIFTY02JAN2422150PE.NFO,02/01/2024,15:21:31,801.3,801.45,120,806.15,120,0,120
FINNIFTY02JAN2422150PE.NFO,02/01/2024,15:21:40,801.3,801.15,120,806.05,120,0,120
FINNIFTY02JAN2422150PE.NFO,02/01/2024,15:21:50,801.3,801.15,120,805.55,120,0,120
FINNIFTY02JAN2422150PE.NFO,02/01/2024,15:21:58,801.3,801.25,120,804.75,120,0,120
FINNIFTY02JAN2422150PE.NFO,02/01/2024,15:22:08,801.3,800.4,120,804.25,120,0,120
FINNIFTY02JAN2422150PE.NFO,02/01/2024,15:22:17,801.3,801.05,120,803.7,120,0,120
FINNIFTY02JAN2422150PE.NFO,02/01/2024,15:22:36,801.3,801.45,80,803.15,120,0,120
FINNIFTY02JAN2422150PE.NFO,02/01/2024,15:22:45,801.3,801.8,120,802.85,120,0,120
FINNIFTY02JAN2422150PE.NFO,02/01/2024,15:22:55,801.3,802.05,120,802.85,120,0,120
FINNIFTY02JAN2422150PE.NFO,02/01/2024,15:23:05,801.3,800.95,240,802.85,120,0,120
FINNIFTY02JAN2422150PE.NFO,02/01/2024,15:23:14,801.3,801.75,120,808.05,120,0,120
FINNIFTY02JAN2422150PE.NFO,02/01/2024,15:23:24,801.3,801.75,120,806.55,120,0,120
FINNIFTY02JAN2422150PE.NFO,02/01/2024,15:23:34,801.3,802.2,160,804.95,80,0,120
FINNIFTY02JAN2422150PE.NFO,02/01/2024,15:23:44,801.3,801.7,120,804.2,120,0,120
FINNIFTY02JAN2422150PE.NFO,02/01/2024,15:23:54,801.3,802.05,80,803.7,80,0,120
FINNIFTY02JAN2422150PE.NFO,02/01/2024,15:24:03,801.3,802.05,120,803.45,80,0,120
FINNIFTY02JAN2422150PE.NFO,02/01/2024,15:24:13,801.3,801.35,120,808.95,440,0,120
FINNIFTY02JAN2422150PE.NFO,02/01/2024,15:24:22,801.3,801.75,120,807.3,120,0,120
FINNIFTY02JAN2422150PE.NFO,02/01/2024,15:24:32,801.3,802.45,120,805.6,120,0,120
FINNIFTY02JAN2422150PE.NFO,02/01/2024,15:24:41,801.3,802.7,160,804.85,80,0,120
FINNIFTY02JAN2422150PE.NFO,02/01/2024,15:24:51,801.3,801.7,200,804.6,80,0,120
FINNIFTY02JAN2422150PE.NFO,02/01/2024,15:25:01,801.3,801.7,200,804.45,120,0,120
FINNIFTY02JAN2422150PE.NFO,02/01/2024,15:25:11,801.3,802.2,120,804.15,120,0,120
FINNIFTY02JAN2422150PE.NFO,02/01/2024,15:25:21,801.3,802.75,80,803.9,120,0,120
FINNIFTY02JAN2422150PE.NFO,02/01/2024,15:25:30,801.3,802.8,80,806.55,120,0,120
FINNIFTY02JAN2422150PE.NFO,02/01/2024,15:25:41,801.3,802.8,80,806.25,120,0,120
FINNIFTY02JAN2422150PE.NFO,02/01/2024,15:25:51,801.3,801.4,160,804.5,120,0,120
FINNIFTY02JAN2422150PE.NFO,02/01/2024,15:26:01,801.3,801.55,80,805.6,120,0,120
FINNIFTY02JAN2422150PE.NFO,02/01/2024,15:26:11,801.3,802.45,240,804.5,120,0,120
FINNIFTY02JAN2422150PE.NFO,02/01/2024,15:26:21,801.3,803.1,80,806.3,120,0,120
FINNIFTY02JAN2422150PE.NFO,02/01/2024,15:26:31,801.3,803.25,80,804.7,200,0,120
FINNIFTY02JAN2422150PE.NFO,02/01/2024,15:26:40,801.3,803.35,160,804.85,120,0,120
FINNIFTY02JAN2422150PE.NFO,02/01/2024,15:26:50,801.3,801.25,480,806.1,120,0,120
FINNIFTY02JAN2422150PE.NFO,02/01/2024,15:27:00,801.3,801.5,80,805.75,200,0,120
FINNIFTY02JAN2422150PE.NFO,02/01/2024,15:27:09,801.3,801.5,80,805.7,120,0,120
FINNIFTY02JAN2422150PE.NFO,02/01/2024,15:27:19,801.3,801.65,80,805.6,120,0,120
FINNIFTY02JAN2422150PE.NFO,02/01/2024,15:27:29,801.3,801.75,160,806.05,120,0,120
FINNIFTY02JAN2422150PE.NFO,02/01/2024,15:27:38,801.3,801.75,160,805.95,120,0,120
FINNIFTY02JAN2422150PE.NFO,02/01/2024,15:27:48,801.3,801.75,160,805.85,120,0,120
FINNIFTY02JAN2422150PE.NFO,02/01/2024,15:27:57,801.3,801.95,80,805.85,120,0,120
FINNIFTY02JAN2422150PE.NFO,02/01/2024,15:28:07,801.95,801.9,80,806,80,40,160
FINNIFTY02JAN2422150PE.NFO,02/01/2024,15:28:17,801.95,801.9,80,805.95,80,0,160
FINNIFTY02JAN2422150PE.NFO,02/01/2024,15:28:28,801.95,790.5,400,805.95,80,0,160
FINNIFTY02JAN2422150PE.NFO,02/01/2024,15:28:38,801.95,800,400,805.8,80,0,160
FINNIFTY02JAN2422150PE.NFO,02/01/2024,15:28:48,801.95,800.05,80,805.75,80,0,160
FINNIFTY02JAN2422150PE.NFO,02/01/2024,15:28:59,801.95,800.55,80,805.5,80,0,160
FINNIFTY02JAN2422150PE.NFO,02/01/2024,15:29:10,801.95,800.7,80,805.5,80,0,160
FINNIFTY02JAN2422150PE.NFO,02/01/2024,15:29:19,801.95,801,80,805.35,80,0,160
FINNIFTY02JAN2422150PE.NFO,02/01/2024,15:29:30,801.95,801.15,80,805.35,80,0,160
FINNIFTY02JAN2422150PE.NFO,02/01/2024,15:29:41,801.95,801.1,80,805.25,80,0,160
FINNIFTY02JAN2422150PE.NFO,02/01/2024,15:29:55,801.95,801.3,80,805.2,80,0,160
FINNIFTY02JAN2422150PE.NFO,02/01/2024,15:30:03,801.95,800,400,829.65,1800,0,160
