Ticker,Date,Time,LTP,BuyPrice,BuyQty,SellPrice,SellQty,LTQ,OpenInterest
FINNIFTY02JAN2420950PE.NFO,02/01/2024,09:15:00,1,0.6,800,0.7,280,3400,0
FINNIFTY02JAN2420950PE.NFO,02/01/2024,09:15:00,1,0.6,800,0.7,280,0,0
FINNIFTY02JAN2420950PE.NFO,02/01/2024,09:15:00,1,0.6,800,0.7,280,0,0
FINNIFTY02JAN2420950PE.NFO,02/01/2024,09:15:00,0.65,0.6,800,0.7,280,0,0
FINNIFTY02JAN2420950PE.NFO,02/01/2024,09:15:00,0.7,0.65,720,0.7,1360,1400,644400
FINNIFTY02JAN2420950PE.NFO,02/01/2024,09:15:00,0.6,0.65,720,0.7,1360,0,644400
FINNIFTY02JAN2420950PE.NFO,02/01/2024,09:15:01,0.6,0.6,4600,0.65,9040,21840,644400
FINNIFTY02JAN2420950PE.NFO,02/01/2024,09:15:02,0.65,0.6,2880,0.65,10480,18480,644400
FINNIFTY02JAN2420950PE.NFO,02/01/2024,09:15:03,0.6,0.6,600,0.65,7040,32400,644400
FINNIFTY02JAN2420950PE.NFO,02/01/2024,09:15:04,0.6,0.55,10720,0.6,8480,21120,644400
FINNIFTY02JAN2420950PE.NFO,02/01/2024,09:15:04,0.55,0.55,10720,0.6,8480,0,644400
FINNIFTY02JAN2420950PE.NFO,02/01/2024,09:15:05,0.6,0.6,15040,0.65,13800,22680,644400
FINNIFTY02JAN2420950PE.NFO,02/01/2024,09:15:06,0.55,0.55,7520,0.6,19040,24040,644400
FINNIFTY02JAN2420950PE.NFO,02/01/2024,09:15:08,0.6,0.6,29560,0.65,35800,73680,644400
FINNIFTY02JAN2420950PE.NFO,02/01/2024,09:15:08,0.5,0.6,29560,0.65,35800,0,644400
FINNIFTY02JAN2420950PE.NFO,02/01/2024,09:15:09,0.6,0.6,41920,0.65,53520,16960,644400
FINNIFTY02JAN2420950PE.NFO,02/01/2024,09:15:10,0.6,0.6,44000,0.65,58680,15520,644400
FINNIFTY02JAN2420950PE.NFO,02/01/2024,09:15:11,0.6,0.55,23200,0.6,48120,33800,644400
FINNIFTY02JAN2420950PE.NFO,02/01/2024,09:15:11,0.6,0.55,23520,0.6,49920,0,644400
FINNIFTY02JAN2420950PE.NFO,02/01/2024,09:15:12,0.6,0.55,27400,0.6,57520,5440,644400
FINNIFTY02JAN2420950PE.NFO,02/01/2024,09:15:13,0.6,0.55,29040,0.6,57360,1840,644400
FINNIFTY02JAN2420950PE.NFO,02/01/2024,09:15:15,0.6,0.55,40880,0.6,56440,13880,644400
FINNIFTY02JAN2420950PE.NFO,02/01/2024,09:15:16,0.6,0.55,53800,0.6,54680,26280,644400
FINNIFTY02JAN2420950PE.NFO,02/01/2024,09:15:17,0.55,0.55,57000,0.6,48920,15640,644400
FINNIFTY02JAN2420950PE.NFO,02/01/2024,09:15:18,0.6,0.55,57000,0.6,49560,3600,644400
FINNIFTY02JAN2420950PE.NFO,02/01/2024,09:15:18,0.6,0.55,57000,0.6,49560,0,644400
FINNIFTY02JAN2420950PE.NFO,02/01/2024,09:15:19,0.6,0.55,67800,0.6,49160,400,644400
FINNIFTY02JAN2420950PE.NFO,02/01/2024,09:15:21,0.55,0.55,83760,0.6,53200,840,644400
FINNIFTY02JAN2420950PE.NFO,02/01/2024,09:15:22,0.55,0.55,102920,0.6,53480,4240,644400
FINNIFTY02JAN2420950PE.NFO,02/01/2024,09:15:23,0.6,0.55,116640,0.6,54080,1640,644400
FINNIFTY02JAN2420950PE.NFO,02/01/2024,09:15:24,0.55,0.55,140120,0.6,66400,480,644400
FINNIFTY02JAN2420950PE.NFO,02/01/2024,09:15:24,0.55,0.55,141880,0.6,66400,40,644400
FINNIFTY02JAN2420950PE.NFO,02/01/2024,09:15:25,0.55,0.55,168800,0.6,69960,9120,644400
FINNIFTY02JAN2420950PE.NFO,02/01/2024,09:15:26,0.55,0.55,180000,0.6,76240,21640,644400
FINNIFTY02JAN2420950PE.NFO,02/01/2024,09:15:28,0.6,0.55,176280,0.6,77040,22040,644400
FINNIFTY02JAN2420950PE.NFO,02/01/2024,09:15:29,0.55,0.55,197720,0.6,98640,160,644400
FINNIFTY02JAN2420950PE.NFO,02/01/2024,09:15:30,0.55,0.55,203800,0.6,102000,8760,644400
FINNIFTY02JAN2420950PE.NFO,02/01/2024,09:15:31,0.55,0.55,204120,0.6,105920,7440,644400
FINNIFTY02JAN2420950PE.NFO,02/01/2024,09:15:32,0.55,0.55,200840,0.6,109520,3280,644400
FINNIFTY02JAN2420950PE.NFO,02/01/2024,09:15:33,0.6,0.55,202080,0.6,110680,5480,644400
FINNIFTY02JAN2420950PE.NFO,02/01/2024,09:15:33,0.55,0.55,202320,0.6,121760,5000,644400
FINNIFTY02JAN2420950PE.NFO,02/01/2024,09:15:35,0.6,0.55,204720,0.6,128720,20520,644400
FINNIFTY02JAN2420950PE.NFO,02/01/2024,09:15:36,0.55,0.55,256400,0.6,127400,9920,644400
FINNIFTY02JAN2420950PE.NFO,02/01/2024,09:15:37,0.55,0.55,238680,0.6,127440,10480,644400
FINNIFTY02JAN2420950PE.NFO,02/01/2024,09:15:38,0.6,0.55,245880,0.6,127280,920,644400
FINNIFTY02JAN2420950PE.NFO,02/01/2024,09:15:38,0.6,0.55,245880,0.6,127280,0,644400
FINNIFTY02JAN2420950PE.NFO,02/01/2024,09:15:39,0.55,0.55,237960,0.6,127280,7160,644400
FINNIFTY02JAN2420950PE.NFO,02/01/2024,09:15:40,0.55,0.55,235240,0.6,127160,2000,644400
FINNIFTY02JAN2420950PE.NFO,02/01/2024,09:15:42,0.6,0.55,228160,0.6,125240,5520,644400
FINNIFTY02JAN2420950PE.NFO,02/01/2024,09:15:43,0.55,0.55,225360,0.6,128200,8920,644400
FINNIFTY02JAN2420950PE.NFO,02/01/2024,09:15:44,0.55,0.55,225360,0.6,128200,0,644400
FINNIFTY02JAN2420950PE.NFO,02/01/2024,09:15:45,0.55,0.55,227280,0.6,132560,4880,644400
FINNIFTY02JAN2420950PE.NFO,02/01/2024,09:15:46,0.6,0.55,227520,0.6,125240,13720,644400
FINNIFTY02JAN2420950PE.NFO,02/01/2024,09:15:46,0.6,0.55,227480,0.6,125240,0,644400
FINNIFTY02JAN2420950PE.NFO,02/01/2024,09:15:49,0.55,0.55,226640,0.6,126920,5480,644400
FINNIFTY02JAN2420950PE.NFO,02/01/2024,09:15:50,0.55,0.55,226240,0.6,133200,2000,644400
FINNIFTY02JAN2420950PE.NFO,02/01/2024,09:15:51,0.55,0.55,226200,0.6,150480,1240,644400
FINNIFTY02JAN2420950PE.NFO,02/01/2024,09:15:52,0.55,0.55,225600,0.6,163960,680,644400
FINNIFTY02JAN2420950PE.NFO,02/01/2024,09:15:52,0.55,0.55,225600,0.6,165760,0,644400
FINNIFTY02JAN2420950PE.NFO,02/01/2024,09:15:53,0.6,0.55,225040,0.6,173720,9120,644400
FINNIFTY02JAN2420950PE.NFO,02/01/2024,09:15:55,0.55,0.55,221040,0.6,184520,5960,644400
FINNIFTY02JAN2420950PE.NFO,02/01/2024,09:15:56,0.55,0.55,215960,0.6,195320,5080,644400
FINNIFTY02JAN2420950PE.NFO,02/01/2024,09:15:57,0.55,0.55,214200,0.6,209680,1800,644400
FINNIFTY02JAN2420950PE.NFO,02/01/2024,09:15:58,0.55,0.55,214200,0.6,222200,0,644400
FINNIFTY02JAN2420950PE.NFO,02/01/2024,09:15:58,0.55,0.55,214200,0.6,225800,0,644400
FINNIFTY02JAN2420950PE.NFO,02/01/2024,09:15:59,0.55,0.55,212000,0.6,228800,2800,644400
FINNIFTY02JAN2420950PE.NFO,02/01/2024,09:16:01,0.55,0.55,217880,0.6,244960,7200,644400
FINNIFTY02JAN2420950PE.NFO,02/01/2024,09:16:02,0.55,0.55,218600,0.6,246680,1160,644400
FINNIFTY02JAN2420950PE.NFO,02/01/2024,09:16:03,0.55,0.55,213800,0.6,235400,5800,644400
FINNIFTY02JAN2420950PE.NFO,02/01/2024,09:16:04,0.55,0.55,204720,0.6,237680,1840,644400
FINNIFTY02JAN2420950PE.NFO,02/01/2024,09:16:04,0.55,0.55,204720,0.6,237680,0,644400
FINNIFTY02JAN2420950PE.NFO,02/01/2024,09:16:06,0.55,0.55,210280,0.6,237560,9800,644400
FINNIFTY02JAN2420950PE.NFO,02/01/2024,09:16:07,0.55,0.55,200120,0.6,256120,18200,644400
FINNIFTY02JAN2420950PE.NFO,02/01/2024,09:16:08,0.55,0.55,201480,0.6,262240,3400,644400
FINNIFTY02JAN2420950PE.NFO,02/01/2024,09:16:09,0.6,0.55,151920,0.6,267440,12280,644400
FINNIFTY02JAN2420950PE.NFO,02/01/2024,09:16:10,0.55,0.55,168560,0.6,271520,5360,644400
FINNIFTY02JAN2420950PE.NFO,02/01/2024,09:16:10,0.55,0.55,168040,0.6,271560,800,644400
FINNIFTY02JAN2420950PE.NFO,02/01/2024,09:16:11,0.55,0.55,167040,0.6,266600,1680,644400
FINNIFTY02JAN2420950PE.NFO,02/01/2024,09:16:13,0.55,0.55,157480,0.6,266800,1600,644400
FINNIFTY02JAN2420950PE.NFO,02/01/2024,09:16:14,0.6,0.55,166680,0.6,249720,14000,644400
FINNIFTY02JAN2420950PE.NFO,02/01/2024,09:16:15,0.55,0.55,170680,0.6,256200,7640,644400
FINNIFTY02JAN2420950PE.NFO,02/01/2024,09:16:16,0.55,0.55,168800,0.6,259560,5200,644400
FINNIFTY02JAN2420950PE.NFO,02/01/2024,09:16:17,0.6,0.55,160040,0.6,253960,12040,644400
FINNIFTY02JAN2420950PE.NFO,02/01/2024,09:16:17,0.55,0.55,169800,0.6,254320,840,644400
FINNIFTY02JAN2420950PE.NFO,02/01/2024,09:16:19,0.6,0.55,167960,0.6,265600,12680,644400
FINNIFTY02JAN2420950PE.NFO,02/01/2024,09:16:20,0.55,0.55,94440,0.6,265920,17720,644400
FINNIFTY02JAN2420950PE.NFO,02/01/2024,09:16:21,0.55,0.55,107320,0.6,266040,5000,644400
FINNIFTY02JAN2420950PE.NFO,02/01/2024,09:16:22,0.55,0.55,110000,0.6,265760,9720,644400
FINNIFTY02JAN2420950PE.NFO,02/01/2024,09:16:23,0.55,0.55,157360,0.6,265160,4400,644400
FINNIFTY02JAN2420950PE.NFO,02/01/2024,09:16:24,0.55,0.55,151760,0.6,267120,2440,644400
FINNIFTY02JAN2420950PE.NFO,02/01/2024,09:16:25,0.55,0.55,50520,0.6,266840,6400,644400
FINNIFTY02JAN2420950PE.NFO,02/01/2024,09:16:26,0.55,0.55,151800,0.6,267480,5000,644400
FINNIFTY02JAN2420950PE.NFO,02/01/2024,09:16:27,0.55,0.55,124440,0.6,267480,6600,644400
FINNIFTY02JAN2420950PE.NFO,02/01/2024,09:16:28,0.55,0.55,142120,0.6,267000,7440,644400
FINNIFTY02JAN2420950PE.NFO,02/01/2024,09:16:28,0.55,0.55,133840,0.6,268120,3560,644400
FINNIFTY02JAN2420950PE.NFO,02/01/2024,09:16:29,0.55,0.55,137200,0.6,268240,1880,644400
FINNIFTY02JAN2420950PE.NFO,02/01/2024,09:16:31,0.55,0.5,264400,0.55,141680,21840,644400
FINNIFTY02JAN2420950PE.NFO,02/01/2024,09:16:32,0.55,0.5,259840,0.55,150360,8440,644400
FINNIFTY02JAN2420950PE.NFO,02/01/2024,09:16:33,0.55,0.5,238840,0.55,147840,1520,644400
FINNIFTY02JAN2420950PE.NFO,02/01/2024,09:16:34,0.5,0.5,236560,0.55,150600,2760,644400
FINNIFTY02JAN2420950PE.NFO,02/01/2024,09:16:34,0.5,0.5,237040,0.55,149760,2600,644400
FINNIFTY02JAN2420950PE.NFO,02/01/2024,09:16:36,0.5,0.5,234920,0.55,147600,6240,644400
FINNIFTY02JAN2420950PE.NFO,02/01/2024,09:16:37,0.55,0.5,234880,0.55,156760,840,644400
FINNIFTY02JAN2420950PE.NFO,02/01/2024,09:16:38,0.55,0.5,230520,0.55,155120,6640,644400
FINNIFTY02JAN2420950PE.NFO,02/01/2024,09:16:39,0.55,0.5,230600,0.55,155080,2040,644400
FINNIFTY02JAN2420950PE.NFO,02/01/2024,09:16:40,0.55,0.5,230640,0.55,160480,2040,644400
FINNIFTY02JAN2420950PE.NFO,02/01/2024,09:16:40,0.55,0.5,230640,0.55,160240,240,644400
FINNIFTY02JAN2420950PE.NFO,02/01/2024,09:16:42,0.5,0.5,228360,0.55,162040,3040,644400
FINNIFTY02JAN2420950PE.NFO,02/01/2024,09:16:43,0.5,0.5,225080,0.55,163600,2600,644400
FINNIFTY02JAN2420950PE.NFO,02/01/2024,09:16:44,0.55,0.5,225320,0.55,161920,6920,644400
FINNIFTY02JAN2420950PE.NFO,02/01/2024,09:16:45,0.55,0.5,210280,0.55,162160,15120,644400
FINNIFTY02JAN2420950PE.NFO,02/01/2024,09:16:46,0.55,0.5,210280,0.55,162160,0,644400
FINNIFTY02JAN2420950PE.NFO,02/01/2024,09:16:46,0.55,0.5,209880,0.55,162520,800,644400
FINNIFTY02JAN2420950PE.NFO,02/01/2024,09:16:48,0.55,0.5,210480,0.55,161680,1080,644400
FINNIFTY02JAN2420950PE.NFO,02/01/2024,09:16:49,0.5,0.5,208240,0.55,178880,400,644400
FINNIFTY02JAN2420950PE.NFO,02/01/2024,09:16:50,0.5,0.5,205040,0.55,178760,3320,644400
FINNIFTY02JAN2420950PE.NFO,02/01/2024,09:16:51,0.5,0.5,199040,0.55,178760,9600,644400
FINNIFTY02JAN2420950PE.NFO,02/01/2024,09:16:52,0.5,0.5,185440,0.55,179200,6400,644400
FINNIFTY02JAN2420950PE.NFO,02/01/2024,09:16:53,0.5,0.5,314440,0.55,179120,0,644400
FINNIFTY02JAN2420950PE.NFO,02/01/2024,09:16:53,0.55,0.5,314440,0.55,179280,600,644400
FINNIFTY02JAN2420950PE.NFO,02/01/2024,09:16:54,0.55,0.5,333640,0.55,178920,0,644400
FINNIFTY02JAN2420950PE.NFO,02/01/2024,09:16:56,0.55,0.5,333640,0.55,178200,720,644400
FINNIFTY02JAN2420950PE.NFO,02/01/2024,09:16:57,0.5,0.5,331840,0.55,178080,1920,644400
FINNIFTY02JAN2420950PE.NFO,02/01/2024,09:16:58,0.55,0.5,333280,0.55,172960,7520,644400
FINNIFTY02JAN2420950PE.NFO,02/01/2024,09:16:59,0.55,0.5,332000,0.55,168240,9640,644400
FINNIFTY02JAN2420950PE.NFO,02/01/2024,09:17:00,0.5,0.5,331680,0.55,166400,7680,644400
FINNIFTY02JAN2420950PE.NFO,02/01/2024,09:17:00,0.5,0.5,331520,0.55,166480,240,644400
FINNIFTY02JAN2420950PE.NFO,02/01/2024,09:17:02,0.55,0.5,334400,0.55,166760,19040,644400
FINNIFTY02JAN2420950PE.NFO,02/01/2024,09:17:03,0.55,0.5,335320,0.55,174080,3800,644400
FINNIFTY02JAN2420950PE.NFO,02/01/2024,09:17:04,0.55,0.5,335600,0.55,185920,3040,644400
FINNIFTY02JAN2420950PE.NFO,02/01/2024,09:17:05,0.5,0.5,333840,0.55,196320,1760,644400
FINNIFTY02JAN2420950PE.NFO,02/01/2024,09:17:06,0.5,0.5,333680,0.55,208920,160,644400
FINNIFTY02JAN2420950PE.NFO,02/01/2024,09:17:06,0.5,0.5,333520,0.55,210720,160,644400
FINNIFTY02JAN2420950PE.NFO,02/01/2024,09:17:08,0.55,0.5,334320,0.55,205400,3560,644400
FINNIFTY02JAN2420950PE.NFO,02/01/2024,09:17:09,0.5,0.5,332360,0.55,217960,1960,644400
FINNIFTY02JAN2420950PE.NFO,02/01/2024,09:17:10,0.55,0.5,332240,0.55,230480,240,644400
FINNIFTY02JAN2420950PE.NFO,02/01/2024,09:17:11,0.55,0.5,335600,0.55,239000,8560,644400
FINNIFTY02JAN2420950PE.NFO,02/01/2024,09:17:11,0.5,0.5,335440,0.55,248080,160,644400
FINNIFTY02JAN2420950PE.NFO,02/01/2024,09:17:12,0.55,0.5,335280,0.55,260640,200,644400
FINNIFTY02JAN2420950PE.NFO,02/01/2024,09:17:13,0.5,0.5,335080,0.55,278640,200,644400
FINNIFTY02JAN2420950PE.NFO,02/01/2024,09:17:15,0.5,0.5,336480,0.55,279840,3560,644400
FINNIFTY02JAN2420950PE.NFO,02/01/2024,09:17:16,0.5,0.5,334520,0.55,291120,160,644400
FINNIFTY02JAN2420950PE.NFO,02/01/2024,09:17:17,0.55,0.5,334360,0.55,300400,400,644400
FINNIFTY02JAN2420950PE.NFO,02/01/2024,09:17:18,0.55,0.5,353120,0.55,300680,1360,644400
FINNIFTY02JAN2420950PE.NFO,02/01/2024,09:17:18,0.5,0.5,352960,0.55,300680,160,644400
FINNIFTY02JAN2420950PE.NFO,02/01/2024,09:17:19,0.5,0.5,349600,0.55,303240,6680,644400
FINNIFTY02JAN2420950PE.NFO,02/01/2024,09:17:21,0.5,0.5,347640,0.55,305040,1960,644400
FINNIFTY02JAN2420950PE.NFO,02/01/2024,09:17:22,0.55,0.5,347680,0.55,306400,760,644400
FINNIFTY02JAN2420950PE.NFO,02/01/2024,09:17:23,0.5,0.5,346120,0.55,308200,3360,644400
FINNIFTY02JAN2420950PE.NFO,02/01/2024,09:17:24,0.55,0.5,347800,0.55,312160,240,644400
FINNIFTY02JAN2420950PE.NFO,02/01/2024,09:17:25,0.5,0.5,347600,0.55,309720,320,644400
FINNIFTY02JAN2420950PE.NFO,02/01/2024,09:17:25,0.5,0.5,347440,0.55,311520,160,644400
FINNIFTY02JAN2420950PE.NFO,02/01/2024,09:17:27,0.5,0.5,343840,0.55,316680,5520,1013840
FINNIFTY02JAN2420950PE.NFO,02/01/2024,09:17:28,0.5,0.5,343640,0.55,319480,200,1013840
FINNIFTY02JAN2420950PE.NFO,02/01/2024,09:17:29,0.55,0.5,338640,0.55,324960,8160,1013840
FINNIFTY02JAN2420950PE.NFO,02/01/2024,09:17:30,0.55,0.5,338480,0.55,324920,200,1013840
FINNIFTY02JAN2420950PE.NFO,02/01/2024,09:17:31,0.55,0.5,338600,0.55,325480,1360,1013840
FINNIFTY02JAN2420950PE.NFO,02/01/2024,09:17:32,0.55,0.5,338440,0.55,325440,200,1013840
FINNIFTY02JAN2420950PE.NFO,02/01/2024,09:17:33,0.55,0.5,338280,0.55,325400,200,1013840
FINNIFTY02JAN2420950PE.NFO,02/01/2024,09:17:34,0.5,0.5,353120,0.55,327200,160,1013840
FINNIFTY02JAN2420950PE.NFO,02/01/2024,09:17:35,0.5,0.5,349760,0.55,327200,1560,1013840
FINNIFTY02JAN2420950PE.NFO,02/01/2024,09:17:36,0.5,0.5,349560,0.55,326960,2320,1013840
FINNIFTY02JAN2420950PE.NFO,02/01/2024,09:17:37,0.55,0.5,349640,0.55,326440,680,1013840
FINNIFTY02JAN2420950PE.NFO,02/01/2024,09:17:38,0.55,0.5,348440,0.55,326400,1240,1013840
FINNIFTY02JAN2420950PE.NFO,02/01/2024,09:17:39,0.5,0.5,348440,0.55,324680,2200,1013840
FINNIFTY02JAN2420950PE.NFO,02/01/2024,09:17:40,0.5,0.5,348840,0.55,324640,1240,1013840
FINNIFTY02JAN2420950PE.NFO,02/01/2024,09:17:41,0.55,0.5,347640,0.55,324400,1440,1013840
FINNIFTY02JAN2420950PE.NFO,02/01/2024,09:17:42,0.5,0.5,344880,0.55,323160,4080,1013840
FINNIFTY02JAN2420950PE.NFO,02/01/2024,09:17:43,0.55,0.5,344880,0.55,323080,80,1013840
FINNIFTY02JAN2420950PE.NFO,02/01/2024,09:17:44,0.55,0.5,344880,0.55,322880,200,1013840
FINNIFTY02JAN2420950PE.NFO,02/01/2024,09:17:45,0.5,0.5,397040,0.55,324720,80,1013840
FINNIFTY02JAN2420950PE.NFO,02/01/2024,09:17:46,0.5,0.5,395160,0.55,324720,1880,1013840
FINNIFTY02JAN2420950PE.NFO,02/01/2024,09:17:47,0.55,0.5,397040,0.55,322400,960,1013840
FINNIFTY02JAN2420950PE.NFO,02/01/2024,09:17:48,0.55,0.55,266360,0.6,102200,323000,1013840
FINNIFTY02JAN2420950PE.NFO,02/01/2024,09:17:49,0.55,0.55,281040,0.6,111840,10880,1013840
FINNIFTY02JAN2420950PE.NFO,02/01/2024,09:17:50,0.55,0.55,280800,0.6,112080,0,1013840
FINNIFTY02JAN2420950PE.NFO,02/01/2024,09:17:51,0.55,0.55,280800,0.6,113880,0,1013840
FINNIFTY02JAN2420950PE.NFO,02/01/2024,09:17:52,0.55,0.55,287880,0.6,118480,3720,1013840
FINNIFTY02JAN2420950PE.NFO,02/01/2024,09:17:53,0.6,0.55,289680,0.6,118400,40,1013840
FINNIFTY02JAN2420950PE.NFO,02/01/2024,09:17:54,0.55,0.55,497600,0.6,113080,200,1013840
FINNIFTY02JAN2420950PE.NFO,02/01/2024,09:17:55,0.6,0.55,497840,0.6,111600,1120,1013840
FINNIFTY02JAN2420950PE.NFO,02/01/2024,09:17:56,0.6,0.55,497840,0.6,111000,600,1013840
FINNIFTY02JAN2420950PE.NFO,02/01/2024,09:17:57,0.55,0.55,498640,0.6,115920,1800,1013840
FINNIFTY02JAN2420950PE.NFO,02/01/2024,09:17:58,0.55,0.55,499040,0.6,120080,13440,1013840
FINNIFTY02JAN2420950PE.NFO,02/01/2024,09:17:59,0.55,0.55,497400,0.6,120400,2320,1013840
FINNIFTY02JAN2420950PE.NFO,02/01/2024,09:18:00,0.55,0.55,495600,0.6,122200,0,1013840
FINNIFTY02JAN2420950PE.NFO,02/01/2024,09:18:01,0.55,0.55,498080,0.6,122240,5600,1013840
FINNIFTY02JAN2420950PE.NFO,02/01/2024,09:18:02,0.55,0.55,499680,0.6,122240,0,1013840
FINNIFTY02JAN2420950PE.NFO,02/01/2024,09:18:03,0.55,0.55,499080,0.6,125560,4000,1013840
FINNIFTY02JAN2420950PE.NFO,02/01/2024,09:18:04,0.6,0.55,499920,0.6,129160,2880,1013840
FINNIFTY02JAN2420950PE.NFO,02/01/2024,09:18:05,0.55,0.55,499640,0.6,129160,240,1013840
FINNIFTY02JAN2420950PE.NFO,02/01/2024,09:18:06,0.55,0.55,498240,0.6,129120,40,1013840
FINNIFTY02JAN2420950PE.NFO,02/01/2024,09:18:07,0.55,0.55,498160,0.6,141720,0,1013840
FINNIFTY02JAN2420950PE.NFO,02/01/2024,09:18:08,0.6,0.55,497560,0.6,141160,560,1013840
FINNIFTY02JAN2420950PE.NFO,02/01/2024,09:18:09,0.6,0.55,500200,0.6,138880,0,1013840
FINNIFTY02JAN2420950PE.NFO,02/01/2024,09:18:10,0.6,0.55,500200,0.6,137080,0,1013840
FINNIFTY02JAN2420950PE.NFO,02/01/2024,09:18:11,0.55,0.55,500160,0.6,141720,40,1013840
FINNIFTY02JAN2420950PE.NFO,02/01/2024,09:18:12,0.55,0.55,500160,0.6,142160,0,1013840
FINNIFTY02JAN2420950PE.NFO,02/01/2024,09:18:13,0.55,0.55,500160,0.6,144680,0,1013840
FINNIFTY02JAN2420950PE.NFO,02/01/2024,09:18:14,0.55,0.55,501760,0.6,149040,1960,1013840
FINNIFTY02JAN2420950PE.NFO,02/01/2024,09:18:15,0.55,0.55,502160,0.6,149080,280,1013840
FINNIFTY02JAN2420950PE.NFO,02/01/2024,09:18:16,0.6,0.55,502040,0.6,147680,720,1013840
FINNIFTY02JAN2420950PE.NFO,02/01/2024,09:18:17,0.55,0.55,502000,0.6,147920,40,1013840
FINNIFTY02JAN2420950PE.NFO,02/01/2024,09:18:18,0.6,0.55,502080,0.6,148720,160,1013840
FINNIFTY02JAN2420950PE.NFO,02/01/2024,09:18:19,0.6,0.55,502120,0.6,148480,240,1013840
FINNIFTY02JAN2420950PE.NFO,02/01/2024,09:18:20,0.6,0.55,502080,0.6,149200,80,1013840
FINNIFTY02JAN2420950PE.NFO,02/01/2024,09:18:21,0.6,0.55,502040,0.6,149360,640,1013840
FINNIFTY02JAN2420950PE.NFO,02/01/2024,09:18:22,0.6,0.55,501800,0.6,149320,560,1013840
FINNIFTY02JAN2420950PE.NFO,02/01/2024,09:18:23,0.6,0.55,501840,0.6,146400,80,1013840
FINNIFTY02JAN2420950PE.NFO,02/01/2024,09:18:24,0.6,0.55,506880,0.6,141800,40,1013840
FINNIFTY02JAN2420950PE.NFO,02/01/2024,09:18:25,0.6,0.55,506880,0.6,141800,0,1013840
FINNIFTY02JAN2420950PE.NFO,02/01/2024,09:18:26,0.6,0.55,506720,0.6,143320,1400,1013840
FINNIFTY02JAN2420950PE.NFO,02/01/2024,09:18:27,0.6,0.55,504800,0.6,119600,29000,1013840
FINNIFTY02JAN2420950PE.NFO,02/01/2024,09:18:28,0.55,0.55,515800,0.6,82720,80280,1013840
FINNIFTY02JAN2420950PE.NFO,02/01/2024,09:18:29,0.65,0.6,306120,0.65,56760,53520,1013840
FINNIFTY02JAN2420950PE.NFO,02/01/2024,09:18:30,0.6,0.6,298160,0.65,65360,25880,1013840
FINNIFTY02JAN2420950PE.NFO,02/01/2024,09:18:31,0.6,0.6,298080,0.65,65360,1800,1013840
FINNIFTY02JAN2420950PE.NFO,02/01/2024,09:18:32,0.6,0.6,298360,0.65,74840,7040,1013840
FINNIFTY02JAN2420950PE.NFO,02/01/2024,09:18:33,0.65,0.6,298440,0.65,71840,80,1013840
FINNIFTY02JAN2420950PE.NFO,02/01/2024,09:18:34,0.65,0.6,297240,0.65,55400,1240,1013840
FINNIFTY02JAN2420950PE.NFO,02/01/2024,09:18:35,0.65,0.6,295960,0.65,58880,1840,1013840
FINNIFTY02JAN2420950PE.NFO,02/01/2024,09:18:36,0.65,0.6,295920,0.65,60080,40,1013840
FINNIFTY02JAN2420950PE.NFO,02/01/2024,09:18:37,0.65,0.6,291320,0.65,66960,1880,1013840
FINNIFTY02JAN2420950PE.NFO,02/01/2024,09:18:38,0.65,0.6,291320,0.65,66520,160,1013840
FINNIFTY02JAN2420950PE.NFO,02/01/2024,09:18:39,0.65,0.6,294520,0.65,72120,4040,1013840
FINNIFTY02JAN2420950PE.NFO,02/01/2024,09:18:40,0.65,0.6,296920,0.65,70200,6720,1013840
FINNIFTY02JAN2420950PE.NFO,02/01/2024,09:18:41,0.65,0.6,296960,0.65,70160,0,1013840
FINNIFTY02JAN2420950PE.NFO,02/01/2024,09:18:42,0.65,0.6,296520,0.65,76400,6280,1013840
FINNIFTY02JAN2420950PE.NFO,02/01/2024,09:18:43,0.65,0.6,298960,0.65,79600,680,1013840
FINNIFTY02JAN2420950PE.NFO,02/01/2024,09:18:44,0.6,0.6,296360,0.65,80400,2000,1013840
FINNIFTY02JAN2420950PE.NFO,02/01/2024,09:18:45,0.6,0.6,298240,0.65,106320,1280,1013840
FINNIFTY02JAN2420950PE.NFO,02/01/2024,09:18:46,0.6,0.6,297640,0.65,106800,2880,1013840
FINNIFTY02JAN2420950PE.NFO,02/01/2024,09:18:47,0.6,0.6,297640,0.65,106800,0,1013840
FINNIFTY02JAN2420950PE.NFO,02/01/2024,09:18:48,0.65,0.6,297640,0.65,107320,280,1013840
FINNIFTY02JAN2420950PE.NFO,02/01/2024,09:18:49,0.6,0.6,287560,0.65,116920,27920,1013840
FINNIFTY02JAN2420950PE.NFO,02/01/2024,09:18:50,0.6,0.6,290600,0.65,131960,19280,1013840
FINNIFTY02JAN2420950PE.NFO,02/01/2024,09:18:51,0.6,0.6,291560,0.65,133120,9280,1013840
FINNIFTY02JAN2420950PE.NFO,02/01/2024,09:18:52,0.6,0.6,181680,0.65,134920,5120,1013840
FINNIFTY02JAN2420950PE.NFO,02/01/2024,09:18:53,0.6,0.6,183400,0.65,134920,80,1013840
FINNIFTY02JAN2420950PE.NFO,02/01/2024,09:18:54,0.6,0.55,530160,0.6,361960,129680,1013840
FINNIFTY02JAN2420950PE.NFO,02/01/2024,09:18:55,0.55,0.55,572080,0.6,366240,160,1013840
FINNIFTY02JAN2420950PE.NFO,02/01/2024,09:18:56,0.55,0.55,572120,0.6,366160,0,1013840
FINNIFTY02JAN2420950PE.NFO,02/01/2024,09:18:57,0.55,0.55,574040,0.6,364360,1880,1013840
FINNIFTY02JAN2420950PE.NFO,02/01/2024,09:18:58,0.6,0.55,573880,0.6,369360,400,1013840
FINNIFTY02JAN2420950PE.NFO,02/01/2024,09:18:59,0.55,0.55,571400,0.6,370240,720,1013840
FINNIFTY02JAN2420950PE.NFO,02/01/2024,09:19:00,0.6,0.55,571400,0.6,369640,600,1013840
FINNIFTY02JAN2420950PE.NFO,02/01/2024,09:19:01,0.6,0.55,569440,0.6,370080,2120,1013840
FINNIFTY02JAN2420950PE.NFO,02/01/2024,09:19:02,0.6,0.55,722560,0.6,367960,680,1013840
FINNIFTY02JAN2420950PE.NFO,02/01/2024,09:19:03,0.6,0.55,723320,0.6,360600,0,1013840
FINNIFTY02JAN2420950PE.NFO,02/01/2024,09:19:04,0.6,0.55,723280,0.6,361000,0,1013840
FINNIFTY02JAN2420950PE.NFO,02/01/2024,09:19:05,0.6,0.55,721480,0.6,361000,0,1013840
FINNIFTY02JAN2420950PE.NFO,02/01/2024,09:19:06,0.55,0.55,722640,0.6,362800,640,1013840
FINNIFTY02JAN2420950PE.NFO,02/01/2024,09:19:07,0.6,0.55,722960,0.6,363960,200,1013840
FINNIFTY02JAN2420950PE.NFO,02/01/2024,09:19:08,0.55,0.55,719360,0.6,363560,2280,1013840
FINNIFTY02JAN2420950PE.NFO,02/01/2024,09:19:09,0.55,0.55,719200,0.6,365360,160,1013840
FINNIFTY02JAN2420950PE.NFO,02/01/2024,09:19:10,0.55,0.55,719200,0.6,365360,0,1013840
FINNIFTY02JAN2420950PE.NFO,02/01/2024,09:19:11,0.55,0.55,716920,0.6,373680,4080,1013840
FINNIFTY02JAN2420950PE.NFO,02/01/2024,09:19:12,0.55,0.55,716840,0.6,389800,240,1013840
FINNIFTY02JAN2420950PE.NFO,02/01/2024,09:19:13,0.55,0.55,716800,0.6,390000,0,1013840
FINNIFTY02JAN2420950PE.NFO,02/01/2024,09:19:14,0.6,0.55,701400,0.6,378680,920,1013840
FINNIFTY02JAN2420950PE.NFO,02/01/2024,09:19:15,0.6,0.55,699600,0.6,379560,0,1013840
FINNIFTY02JAN2420950PE.NFO,02/01/2024,09:19:16,0.6,0.55,701360,0.6,377120,240,1013840
FINNIFTY02JAN2420950PE.NFO,02/01/2024,09:19:17,0.6,0.55,721040,0.6,381040,600,1013840
FINNIFTY02JAN2420950PE.NFO,02/01/2024,09:19:18,0.6,0.55,721040,0.6,381160,2600,1013840
FINNIFTY02JAN2420950PE.NFO,02/01/2024,09:19:19,0.6,0.55,719520,0.6,380520,6000,1013840
FINNIFTY02JAN2420950PE.NFO,02/01/2024,09:19:20,0.55,0.55,718720,0.6,378680,840,1013840
FINNIFTY02JAN2420950PE.NFO,02/01/2024,09:19:21,0.6,0.55,718720,0.6,378960,2080,1013840
FINNIFTY02JAN2420950PE.NFO,02/01/2024,09:19:22,0.6,0.55,718680,0.6,380760,0,1013840
FINNIFTY02JAN2420950PE.NFO,02/01/2024,09:19:23,0.55,0.55,718280,0.6,380760,400,1013840
FINNIFTY02JAN2420950PE.NFO,02/01/2024,09:19:24,0.55,0.55,718280,0.6,382560,0,1013840
FINNIFTY02JAN2420950PE.NFO,02/01/2024,09:19:26,0.55,0.55,718280,0.6,384360,0,1013840
FINNIFTY02JAN2420950PE.NFO,02/01/2024,09:19:27,0.6,0.55,718320,0.6,385000,1040,1013840
FINNIFTY02JAN2420950PE.NFO,02/01/2024,09:19:28,0.6,0.55,714680,0.6,386680,2040,1013840
FINNIFTY02JAN2420950PE.NFO,02/01/2024,09:19:29,0.55,0.55,714560,0.6,386760,120,1013840
FINNIFTY02JAN2420950PE.NFO,02/01/2024,09:19:30,0.55,0.55,721160,0.6,386760,0,1013840
FINNIFTY02JAN2420950PE.NFO,02/01/2024,09:19:31,0.55,0.55,719840,0.6,386760,1800,1013840
FINNIFTY02JAN2420950PE.NFO,02/01/2024,09:19:32,0.6,0.55,719880,0.6,360680,1920,1013840
FINNIFTY02JAN2420950PE.NFO,02/01/2024,09:19:33,0.6,0.55,715840,0.6,356760,8040,1013840
FINNIFTY02JAN2420950PE.NFO,02/01/2024,09:19:34,0.55,0.55,712320,0.6,354920,6400,1013840
FINNIFTY02JAN2420950PE.NFO,02/01/2024,09:19:35,0.6,0.55,708280,0.6,363680,4320,1013840
FINNIFTY02JAN2420950PE.NFO,02/01/2024,09:19:36,0.55,0.55,704720,0.6,363680,1800,1013840
FINNIFTY02JAN2420950PE.NFO,02/01/2024,09:19:37,0.55,0.55,704080,0.6,364280,40,1013840
FINNIFTY02JAN2420950PE.NFO,02/01/2024,09:19:38,0.55,0.55,704680,0.6,361880,0,1013840
FINNIFTY02JAN2420950PE.NFO,02/01/2024,09:19:39,0.6,0.55,708280,0.6,357680,5400,1013840
FINNIFTY02JAN2420950PE.NFO,02/01/2024,09:19:40,0.55,0.55,700920,0.6,359840,1720,1013840
FINNIFTY02JAN2420950PE.NFO,02/01/2024,09:19:41,0.6,0.55,700640,0.6,359640,160,1013840
FINNIFTY02JAN2420950PE.NFO,02/01/2024,09:19:42,0.6,0.55,700640,0.6,362280,1680,1013840
FINNIFTY02JAN2420950PE.NFO,02/01/2024,09:19:43,0.6,0.55,700040,0.6,334720,2840,1013840
FINNIFTY02JAN2420950PE.NFO,02/01/2024,09:19:44,0.6,0.55,700600,0.6,327560,600,1013840
FINNIFTY02JAN2420950PE.NFO,02/01/2024,09:19:45,0.6,0.55,698800,0.6,333640,1120,1013840
FINNIFTY02JAN2420950PE.NFO,02/01/2024,09:19:46,0.6,0.55,701360,0.6,333680,0,1013840
FINNIFTY02JAN2420950PE.NFO,02/01/2024,09:19:47,0.6,0.55,703040,0.6,334120,4000,1013840
FINNIFTY02JAN2420950PE.NFO,02/01/2024,09:19:49,0.6,0.55,702920,0.6,334120,0,1013840
FINNIFTY02JAN2420950PE.NFO,02/01/2024,09:19:50,0.6,0.55,702920,0.6,335720,200,1013840
FINNIFTY02JAN2420950PE.NFO,02/01/2024,09:19:51,0.6,0.55,703720,0.6,335160,1200,1013840
FINNIFTY02JAN2420950PE.NFO,02/01/2024,09:19:52,0.6,0.55,703720,0.6,337000,600,1013840
FINNIFTY02JAN2420950PE.NFO,02/01/2024,09:19:53,0.6,0.55,703720,0.6,337000,0,1013840
FINNIFTY02JAN2420950PE.NFO,02/01/2024,09:19:54,0.55,0.55,691080,0.6,341760,400,1013840
FINNIFTY02JAN2420950PE.NFO,02/01/2024,09:19:55,0.55,0.55,696200,0.6,345520,560,1013840
FINNIFTY02JAN2420950PE.NFO,02/01/2024,09:19:56,0.6,0.55,696160,0.6,348720,400,1013840
FINNIFTY02JAN2420950PE.NFO,02/01/2024,09:19:57,0.6,0.55,696160,0.6,349080,240,1013840
FINNIFTY02JAN2420950PE.NFO,02/01/2024,09:19:58,0.6,0.55,696160,0.6,359000,840,1013840
FINNIFTY02JAN2420950PE.NFO,02/01/2024,09:19:59,0.6,0.55,696280,0.6,361240,1080,1013840
FINNIFTY02JAN2420950PE.NFO,02/01/2024,09:20:00,0.6,0.55,699160,0.6,358400,15880,1013840
FINNIFTY02JAN2420950PE.NFO,02/01/2024,09:20:01,0.6,0.55,696640,0.6,370480,5560,1013840
FINNIFTY02JAN2420950PE.NFO,02/01/2024,09:20:02,0.6,0.55,698440,0.6,368080,80,1013840
FINNIFTY02JAN2420950PE.NFO,02/01/2024,09:20:03,0.6,0.55,698280,0.6,371760,240,1013840
FINNIFTY02JAN2420950PE.NFO,02/01/2024,09:20:04,0.55,0.55,690040,0.6,371680,8360,1013840
FINNIFTY02JAN2420950PE.NFO,02/01/2024,09:20:05,0.6,0.55,688320,0.6,372000,1880,1013840
FINNIFTY02JAN2420950PE.NFO,02/01/2024,09:20:06,0.55,0.55,688720,0.6,371960,1440,1013840
FINNIFTY02JAN2420950PE.NFO,02/01/2024,09:20:07,0.6,0.55,688480,0.6,370400,3640,1013840
FINNIFTY02JAN2420950PE.NFO,02/01/2024,09:20:08,0.6,0.55,687400,0.6,368520,2920,1013840
FINNIFTY02JAN2420950PE.NFO,02/01/2024,09:20:09,0.6,0.55,687440,0.6,368560,120,1013840
FINNIFTY02JAN2420950PE.NFO,02/01/2024,09:20:10,0.6,0.55,687960,0.6,368440,120,1013840
FINNIFTY02JAN2420950PE.NFO,02/01/2024,09:20:11,0.6,0.55,686240,0.6,368360,1280,1013840
FINNIFTY02JAN2420950PE.NFO,02/01/2024,09:20:12,0.6,0.55,685520,0.6,368400,4120,1013840
FINNIFTY02JAN2420950PE.NFO,02/01/2024,09:20:13,0.6,0.55,680600,0.6,370840,7120,1013840
FINNIFTY02JAN2420950PE.NFO,02/01/2024,09:20:14,0.6,0.55,680800,0.6,370360,2080,1013840
FINNIFTY02JAN2420950PE.NFO,02/01/2024,09:20:15,0.55,0.55,678640,0.6,370320,2440,1013840
FINNIFTY02JAN2420950PE.NFO,02/01/2024,09:20:16,0.55,0.55,676400,0.6,369600,2320,1013840
FINNIFTY02JAN2420950PE.NFO,02/01/2024,09:20:17,0.55,0.55,674840,0.6,367720,1880,1013840
FINNIFTY02JAN2420950PE.NFO,02/01/2024,09:20:18,0.6,0.55,673800,0.6,366720,3600,1013840
FINNIFTY02JAN2420950PE.NFO,02/01/2024,09:20:19,0.55,0.55,672240,0.6,366680,1640,1013840
FINNIFTY02JAN2420950PE.NFO,02/01/2024,09:20:20,0.6,0.55,670000,0.6,364560,6280,1013840
FINNIFTY02JAN2420950PE.NFO,02/01/2024,09:20:21,0.6,0.55,668400,0.6,367320,1680,1013840
FINNIFTY02JAN2420950PE.NFO,02/01/2024,09:20:22,0.6,0.55,666760,0.6,367240,1680,1013840
FINNIFTY02JAN2420950PE.NFO,02/01/2024,09:20:23,0.6,0.55,664920,0.6,385200,1640,1013840
FINNIFTY02JAN2420950PE.NFO,02/01/2024,09:20:24,0.6,0.55,663200,0.6,386840,3680,1013840
FINNIFTY02JAN2420950PE.NFO,02/01/2024,09:20:25,0.6,0.55,658880,0.6,389960,9040,1013840
FINNIFTY02JAN2420950PE.NFO,02/01/2024,09:20:26,0.6,0.55,652840,0.6,390640,8400,1013840
FINNIFTY02JAN2420950PE.NFO,02/01/2024,09:20:27,0.55,0.55,646840,0.6,390080,6040,1013840
FINNIFTY02JAN2420950PE.NFO,02/01/2024,09:20:28,0.55,0.55,645240,0.6,388960,2200,1085920
FINNIFTY02JAN2420950PE.NFO,02/01/2024,09:20:29,0.55,0.55,643680,0.6,391240,3960,1085920
FINNIFTY02JAN2420950PE.NFO,02/01/2024,09:20:36,0.6,0.55,562000,0.6,393040,17360,1085920
FINNIFTY02JAN2420950PE.NFO,02/01/2024,09:20:45,0.55,0.55,551840,0.6,394040,18320,1085920
FINNIFTY02JAN2420950PE.NFO,02/01/2024,09:20:55,0.6,0.55,544560,0.6,390720,13640,1085920
FINNIFTY02JAN2420950PE.NFO,02/01/2024,09:21:04,0.55,0.55,533880,0.6,379480,20480,1085920
FINNIFTY02JAN2420950PE.NFO,02/01/2024,09:21:15,0.55,0.55,522960,0.6,379720,14000,1085920
FINNIFTY02JAN2420950PE.NFO,02/01/2024,09:21:25,0.55,0.55,505760,0.6,346520,44880,1085920
FINNIFTY02JAN2420950PE.NFO,02/01/2024,09:21:35,0.6,0.55,511640,0.6,323080,28240,1085920
FINNIFTY02JAN2420950PE.NFO,02/01/2024,09:21:46,0.6,0.55,506640,0.6,318520,8520,1085920
FINNIFTY02JAN2420950PE.NFO,02/01/2024,09:21:55,0.6,0.55,507280,0.6,104120,343160,1085920
FINNIFTY02JAN2420950PE.NFO,02/01/2024,09:22:07,0.6,0.55,514920,0.6,225880,204520,1085920
FINNIFTY02JAN2420950PE.NFO,02/01/2024,09:22:19,0.6,0.55,707800,0.6,232080,36800,1085920
FINNIFTY02JAN2420950PE.NFO,02/01/2024,09:22:30,0.6,0.55,799840,0.6,302800,10040,1085920
FINNIFTY02JAN2420950PE.NFO,02/01/2024,09:22:31,0.6,0.55,797400,0.6,300160,4400,1085920
FINNIFTY02JAN2420950PE.NFO,02/01/2024,09:22:32,0.6,0.55,795640,0.6,303240,1840,1085920
FINNIFTY02JAN2420950PE.NFO,02/01/2024,09:22:34,0.6,0.55,795640,0.6,302440,1440,1085920
FINNIFTY02JAN2420950PE.NFO,02/01/2024,09:22:35,0.6,0.55,797040,0.6,301040,0,1085920
FINNIFTY02JAN2420950PE.NFO,02/01/2024,09:22:36,0.6,0.55,797520,0.6,301000,0,1085920
FINNIFTY02JAN2420950PE.NFO,02/01/2024,09:22:37,0.6,0.55,792760,0.6,296840,0,1085920
FINNIFTY02JAN2420950PE.NFO,02/01/2024,09:22:38,0.6,0.55,788600,0.6,295680,3600,1085920
FINNIFTY02JAN2420950PE.NFO,02/01/2024,09:22:39,0.6,0.55,788840,0.6,295680,80,1085920
FINNIFTY02JAN2420950PE.NFO,02/01/2024,09:22:40,0.6,0.55,789360,0.6,296120,0,1085920
FINNIFTY02JAN2420950PE.NFO,02/01/2024,09:22:41,0.6,0.55,788880,0.6,296080,40,1085920
FINNIFTY02JAN2420950PE.NFO,02/01/2024,09:22:42,0.55,0.55,789280,0.6,296160,1080,1085920
FINNIFTY02JAN2420950PE.NFO,02/01/2024,09:22:43,0.55,0.55,787480,0.6,296760,0,1085920
FINNIFTY02JAN2420950PE.NFO,02/01/2024,09:22:44,0.6,0.55,788000,0.6,294840,3680,1085920
FINNIFTY02JAN2420950PE.NFO,02/01/2024,09:22:45,0.6,0.55,789040,0.6,295680,0,1085920
FINNIFTY02JAN2420950PE.NFO,02/01/2024,09:22:46,0.6,0.55,783600,0.6,295640,3640,1085920
FINNIFTY02JAN2420950PE.NFO,02/01/2024,09:22:47,0.55,0.55,783160,0.6,292640,2240,1085920
FINNIFTY02JAN2420950PE.NFO,02/01/2024,09:22:48,0.55,0.55,779920,0.6,294040,1800,1085920
FINNIFTY02JAN2420950PE.NFO,02/01/2024,09:22:49,0.55,0.55,778360,0.6,291720,3800,1085920
FINNIFTY02JAN2420950PE.NFO,02/01/2024,09:22:50,0.55,0.55,776520,0.6,289920,1800,1085920
FINNIFTY02JAN2420950PE.NFO,02/01/2024,09:22:51,0.55,0.55,774680,0.6,288120,1840,1085920
FINNIFTY02JAN2420950PE.NFO,02/01/2024,09:22:52,0.55,0.55,773520,0.6,303720,1680,1085920
FINNIFTY02JAN2420950PE.NFO,02/01/2024,09:22:53,0.55,0.55,771640,0.6,300120,1840,1085920
FINNIFTY02JAN2420950PE.NFO,02/01/2024,09:22:54,0.55,0.55,771240,0.6,299280,4600,1085920
FINNIFTY02JAN2420950PE.NFO,02/01/2024,09:22:55,0.55,0.55,729360,0.6,299360,41840,1085920
FINNIFTY02JAN2420950PE.NFO,02/01/2024,09:22:56,0.55,0.55,706000,0.6,288560,10200,1085920
FINNIFTY02JAN2420950PE.NFO,02/01/2024,09:22:57,0.55,0.55,716480,0.6,279240,3200,1085920
FINNIFTY02JAN2420950PE.NFO,02/01/2024,09:22:58,0.55,0.55,712240,0.6,275760,4680,1085920
FINNIFTY02JAN2420950PE.NFO,02/01/2024,09:22:59,0.55,0.55,708480,0.6,309920,2000,1085920
FINNIFTY02JAN2420950PE.NFO,02/01/2024,09:23:00,0.6,0.55,706680,0.6,304920,4160,1085920
FINNIFTY02JAN2420950PE.NFO,02/01/2024,09:23:01,0.55,0.55,703080,0.6,301800,1840,1085920
FINNIFTY02JAN2420950PE.NFO,02/01/2024,09:23:02,0.55,0.55,702920,0.6,291840,2080,1085920
FINNIFTY02JAN2420950PE.NFO,02/01/2024,09:23:03,0.6,0.55,701080,0.6,284000,2400,1085920
FINNIFTY02JAN2420950PE.NFO,02/01/2024,09:23:04,0.55,0.55,697560,0.6,285840,1800,1085920
FINNIFTY02JAN2420950PE.NFO,02/01/2024,09:23:05,0.55,0.55,693920,0.6,285760,1880,1085920
FINNIFTY02JAN2420950PE.NFO,02/01/2024,09:23:06,0.55,0.55,686760,0.6,283800,1880,1085920
FINNIFTY02JAN2420950PE.NFO,02/01/2024,09:23:07,0.55,0.55,684400,0.6,284640,9040,1085920
FINNIFTY02JAN2420950PE.NFO,02/01/2024,09:23:08,0.6,0.55,684000,0.6,284480,2280,1085920
FINNIFTY02JAN2420950PE.NFO,02/01/2024,09:23:09,0.55,0.55,682360,0.6,285440,1720,1085920
FINNIFTY02JAN2420950PE.NFO,02/01/2024,09:23:10,0.6,0.55,679880,0.6,285720,4160,1085920
FINNIFTY02JAN2420950PE.NFO,02/01/2024,09:23:11,0.55,0.55,668440,0.6,284800,9560,1085920
FINNIFTY02JAN2420950PE.NFO,02/01/2024,09:23:12,0.55,0.55,663160,0.6,284800,3800,1085920
FINNIFTY02JAN2420950PE.NFO,02/01/2024,09:23:13,0.55,0.55,651760,0.6,284720,3800,1085920
FINNIFTY02JAN2420950PE.NFO,02/01/2024,09:23:14,0.55,0.55,656760,0.6,284640,7640,1085920
FINNIFTY02JAN2420950PE.NFO,02/01/2024,09:23:15,0.6,0.55,646040,0.6,286400,8960,1085920
FINNIFTY02JAN2420950PE.NFO,02/01/2024,09:23:16,0.6,0.55,646040,0.6,285960,2280,1085920
FINNIFTY02JAN2420950PE.NFO,02/01/2024,09:23:17,0.6,0.55,644240,0.6,284000,1880,1085920
FINNIFTY02JAN2420950PE.NFO,02/01/2024,09:23:18,0.55,0.55,641280,0.6,284040,3640,1085920
FINNIFTY02JAN2420950PE.NFO,02/01/2024,09:23:19,0.55,0.55,638400,0.6,300560,3280,1085920
FINNIFTY02JAN2420950PE.NFO,02/01/2024,09:23:20,0.55,0.55,634200,0.6,302280,1880,1085920
FINNIFTY02JAN2420950PE.NFO,02/01/2024,09:23:21,0.55,0.55,635160,0.6,297480,7960,1085920
FINNIFTY02JAN2420950PE.NFO,02/01/2024,09:23:22,0.6,0.55,634040,0.6,294560,5960,1085920
FINNIFTY02JAN2420950PE.NFO,02/01/2024,09:23:23,0.55,0.55,632200,0.6,294480,1880,1085920
FINNIFTY02JAN2420950PE.NFO,02/01/2024,09:23:24,0.55,0.55,630400,0.6,292680,5880,1085920
FINNIFTY02JAN2420950PE.NFO,02/01/2024,09:23:25,0.55,0.55,629240,0.6,298200,1880,1085920
FINNIFTY02JAN2420950PE.NFO,02/01/2024,09:23:26,0.55,0.55,617720,0.6,310800,11880,1085920
FINNIFTY02JAN2420950PE.NFO,02/01/2024,09:23:27,0.6,0.55,616240,0.6,317960,2760,1338320
FINNIFTY02JAN2420950PE.NFO,02/01/2024,09:23:28,0.6,0.55,616360,0.6,314760,9960,1338320
FINNIFTY02JAN2420950PE.NFO,02/01/2024,09:23:29,0.6,0.55,614560,0.6,315080,1880,1338320
FINNIFTY02JAN2420950PE.NFO,02/01/2024,09:23:37,0.6,0.55,602120,0.6,312360,19240,1338320
FINNIFTY02JAN2420950PE.NFO,02/01/2024,09:23:47,0.55,0.55,590960,0.6,312440,12000,1338320
FINNIFTY02JAN2420950PE.NFO,02/01/2024,09:23:56,0.6,0.55,585960,0.6,256800,55440,1338320
FINNIFTY02JAN2420950PE.NFO,02/01/2024,09:24:05,0.6,0.55,581560,0.6,296640,13120,1338320
FINNIFTY02JAN2420950PE.NFO,02/01/2024,09:24:15,0.55,0.55,571160,0.6,340160,9640,1338320
FINNIFTY02JAN2420950PE.NFO,02/01/2024,09:24:24,0.55,0.55,570520,0.6,330600,9240,1338320
FINNIFTY02JAN2420950PE.NFO,02/01/2024,09:24:35,0.55,0.55,569240,0.6,326480,7240,1338320
FINNIFTY02JAN2420950PE.NFO,02/01/2024,09:24:45,0.6,0.55,567280,0.6,293000,49360,1338320
FINNIFTY02JAN2420950PE.NFO,02/01/2024,09:24:55,0.55,0.55,570880,0.6,295800,5160,1338320
FINNIFTY02JAN2420950PE.NFO,02/01/2024,09:25:05,0.55,0.55,663960,0.6,258640,20800,1338320
FINNIFTY02JAN2420950PE.NFO,02/01/2024,09:25:16,0.6,0.55,659040,0.6,277680,6120,1338320
FINNIFTY02JAN2420950PE.NFO,02/01/2024,09:25:27,0.55,0.55,652080,0.6,266600,16400,1338320
FINNIFTY02JAN2420950PE.NFO,02/01/2024,09:25:37,0.55,0.55,644160,0.6,268440,12440,1338320
FINNIFTY02JAN2420950PE.NFO,02/01/2024,09:25:46,0.6,0.55,644040,0.6,267200,3440,1338320
FINNIFTY02JAN2420950PE.NFO,02/01/2024,09:25:56,0.55,0.55,640800,0.6,262280,9840,1338320
FINNIFTY02JAN2420950PE.NFO,02/01/2024,09:26:06,0.6,0.55,634280,0.6,288000,16960,1338320
FINNIFTY02JAN2420950PE.NFO,02/01/2024,09:26:16,0.55,0.55,619080,0.6,280600,15480,1338320
FINNIFTY02JAN2420950PE.NFO,02/01/2024,09:26:26,0.6,0.55,622760,0.6,281280,29280,1338320
FINNIFTY02JAN2420950PE.NFO,02/01/2024,09:26:36,0.6,0.55,617440,0.6,238600,39400,1476040
FINNIFTY02JAN2420950PE.NFO,02/01/2024,09:26:47,0.6,0.55,554440,0.6,455880,314160,1476040
FINNIFTY02JAN2420950PE.NFO,02/01/2024,09:26:58,0.6,0.55,550560,0.6,440120,27000,1476040
FINNIFTY02JAN2420950PE.NFO,02/01/2024,09:27:08,0.6,0.55,552000,0.6,438840,10440,1476040
FINNIFTY02JAN2420950PE.NFO,02/01/2024,09:27:18,0.6,0.55,533440,0.6,465800,9480,1476040
FINNIFTY02JAN2420950PE.NFO,02/01/2024,09:27:28,0.6,0.55,585520,0.6,493040,9000,1476040
FINNIFTY02JAN2420950PE.NFO,02/01/2024,09:27:38,0.6,0.55,591160,0.6,493520,10640,1476040
FINNIFTY02JAN2420950PE.NFO,02/01/2024,09:27:48,0.6,0.55,592240,0.6,491840,9520,1476040
FINNIFTY02JAN2420950PE.NFO,02/01/2024,09:27:57,0.6,0.55,612680,0.6,398120,146360,1476040
FINNIFTY02JAN2420950PE.NFO,02/01/2024,09:28:07,0.6,0.55,610920,0.6,347080,47400,1476040
FINNIFTY02JAN2420950PE.NFO,02/01/2024,09:28:18,0.55,0.55,665560,0.6,330480,32840,1476040
FINNIFTY02JAN2420950PE.NFO,02/01/2024,09:28:28,0.55,0.55,668480,0.6,377560,4440,1476040
FINNIFTY02JAN2420950PE.NFO,02/01/2024,09:28:42,0.6,0.55,653040,0.6,400920,22600,1476040
FINNIFTY02JAN2420950PE.NFO,02/01/2024,09:28:55,0.6,0.55,650120,0.6,395640,7080,1476040
FINNIFTY02JAN2420950PE.NFO,02/01/2024,09:29:05,0.6,0.55,786960,0.6,403560,23480,1476040
FINNIFTY02JAN2420950PE.NFO,02/01/2024,09:29:16,0.55,0.55,786320,0.6,402000,7440,1476040
FINNIFTY02JAN2420950PE.NFO,02/01/2024,09:29:28,0.55,0.55,775920,0.6,400640,22080,1476040
FINNIFTY02JAN2420950PE.NFO,02/01/2024,09:29:38,0.55,0.55,769920,0.6,395240,13680,1416160
FINNIFTY02JAN2420950PE.NFO,02/01/2024,09:29:48,0.55,0.55,764640,0.6,395360,11480,1416160
FINNIFTY02JAN2420950PE.NFO,02/01/2024,09:29:58,0.6,0.55,693400,0.6,391640,102680,1416160
FINNIFTY02JAN2420950PE.NFO,02/01/2024,09:30:08,0.55,0.55,682520,0.6,383400,20920,1416160
FINNIFTY02JAN2420950PE.NFO,02/01/2024,09:30:18,0.55,0.55,674960,0.6,426240,14000,1416160
FINNIFTY02JAN2420950PE.NFO,02/01/2024,09:30:28,0.6,0.55,666560,0.6,414920,9600,1416160
FINNIFTY02JAN2420950PE.NFO,02/01/2024,09:30:39,0.55,0.55,147120,0.6,279680,105800,1416160
FINNIFTY02JAN2420950PE.NFO,02/01/2024,09:30:49,0.6,0.55,220800,0.6,278640,6280,1416160
FINNIFTY02JAN2420950PE.NFO,02/01/2024,09:30:59,0.55,0.5,420800,0.55,196400,167920,1416160
FINNIFTY02JAN2420950PE.NFO,02/01/2024,09:31:10,0.55,0.5,428400,0.55,269600,9760,1416160
FINNIFTY02JAN2420950PE.NFO,02/01/2024,09:31:21,0.55,0.5,431320,0.55,268960,6560,1416160
FINNIFTY02JAN2420950PE.NFO,02/01/2024,09:31:30,0.5,0.5,438080,0.55,270520,2880,1416160
FINNIFTY02JAN2420950PE.NFO,02/01/2024,09:31:40,0.55,0.5,434960,0.55,274800,10360,1416160
FINNIFTY02JAN2420950PE.NFO,02/01/2024,09:31:50,0.55,0.5,436000,0.55,272120,14000,1416160
FINNIFTY02JAN2420950PE.NFO,02/01/2024,09:31:59,0.55,0.5,471560,0.55,249840,73520,1416160
FINNIFTY02JAN2420950PE.NFO,02/01/2024,09:32:08,0.55,0.5,471320,0.55,246960,14600,1416160
FINNIFTY02JAN2420950PE.NFO,02/01/2024,09:32:18,0.5,0.5,467040,0.55,248600,4440,1416160
FINNIFTY02JAN2420950PE.NFO,02/01/2024,09:32:28,0.5,0.5,466640,0.55,249400,1400,1416160
FINNIFTY02JAN2420950PE.NFO,02/01/2024,09:32:38,0.55,0.5,466000,0.55,248560,880,1412280
FINNIFTY02JAN2420950PE.NFO,02/01/2024,09:32:48,0.55,0.5,461760,0.55,254280,9000,1412280
FINNIFTY02JAN2420950PE.NFO,02/01/2024,09:32:58,0.5,0.5,558000,0.55,262160,3120,1412280
FINNIFTY02JAN2420950PE.NFO,02/01/2024,09:33:08,0.55,0.5,552800,0.55,268080,6360,1412280
FINNIFTY02JAN2420950PE.NFO,02/01/2024,09:33:17,0.55,0.5,481640,0.55,268120,1600,1412280
FINNIFTY02JAN2420950PE.NFO,02/01/2024,09:33:27,0.55,0.5,480840,0.55,267920,1000,1412280
FINNIFTY02JAN2420950PE.NFO,02/01/2024,09:33:36,0.55,0.5,478360,0.55,279400,6960,1412280
FINNIFTY02JAN2420950PE.NFO,02/01/2024,09:33:46,0.55,0.5,480160,0.55,275400,5400,1412280
FINNIFTY02JAN2420950PE.NFO,02/01/2024,09:33:56,0.55,0.5,475760,0.55,279560,4800,1412280
FINNIFTY02JAN2420950PE.NFO,02/01/2024,09:34:05,0.55,0.5,478440,0.55,279880,2280,1412280
FINNIFTY02JAN2420950PE.NFO,02/01/2024,09:34:14,0.5,0.5,476280,0.55,253160,2160,1412280
FINNIFTY02JAN2420950PE.NFO,02/01/2024,09:34:23,0.55,0.5,475400,0.55,250160,1200,1412280
FINNIFTY02JAN2420950PE.NFO,02/01/2024,09:34:32,0.5,0.5,471320,0.55,279560,5320,1412280
FINNIFTY02JAN2420950PE.NFO,02/01/2024,09:34:41,0.55,0.5,467280,0.55,281360,7120,1412280
FINNIFTY02JAN2420950PE.NFO,02/01/2024,09:34:51,0.5,0.5,456600,0.55,274920,4600,1412280
FINNIFTY02JAN2420950PE.NFO,02/01/2024,09:35:00,0.55,0.5,448000,0.55,268160,17760,1412280
FINNIFTY02JAN2420950PE.NFO,02/01/2024,09:35:09,0.55,0.55,1139440,0.6,375000,238960,1412280
FINNIFTY02JAN2420950PE.NFO,02/01/2024,09:35:18,0.55,0.55,667040,0.6,376400,7320,1412280
FINNIFTY02JAN2420950PE.NFO,02/01/2024,09:35:28,0.55,0.55,459680,0.6,430040,57440,1412280
FINNIFTY02JAN2420950PE.NFO,02/01/2024,09:35:30,0.6,0.55,459480,0.6,446400,3280,1406400
FINNIFTY02JAN2420950PE.NFO,02/01/2024,09:35:31,0.6,0.55,459480,0.6,447720,0,1406400
FINNIFTY02JAN2420950PE.NFO,02/01/2024,09:35:32,0.55,0.55,456440,0.6,447680,160,1406400
FINNIFTY02JAN2420950PE.NFO,02/01/2024,09:35:33,0.6,0.55,459320,0.6,447160,480,1406400
FINNIFTY02JAN2420950PE.NFO,02/01/2024,09:35:34,0.55,0.55,459320,0.6,447000,40,1406400
FINNIFTY02JAN2420950PE.NFO,02/01/2024,09:35:35,0.55,0.55,459200,0.6,447320,80,1406400
FINNIFTY02JAN2420950PE.NFO,02/01/2024,09:35:37,0.55,0.55,459120,0.6,446880,520,1406400
FINNIFTY02JAN2420950PE.NFO,02/01/2024,09:35:38,0.6,0.55,459040,0.6,446800,160,1406400
FINNIFTY02JAN2420950PE.NFO,02/01/2024,09:35:39,0.55,0.55,459480,0.6,446240,80,1406400
FINNIFTY02JAN2420950PE.NFO,02/01/2024,09:35:40,0.55,0.55,459000,0.6,446200,0,1406400
FINNIFTY02JAN2420950PE.NFO,02/01/2024,09:35:44,0.55,0.55,461320,0.6,445600,0,1406400
FINNIFTY02JAN2420950PE.NFO,02/01/2024,09:35:45,0.55,0.55,461280,0.6,445600,40,1406400
FINNIFTY02JAN2420950PE.NFO,02/01/2024,09:35:46,0.55,0.55,461200,0.6,445600,80,1406400
FINNIFTY02JAN2420950PE.NFO,02/01/2024,09:35:46,0.55,0.55,461120,0.6,445600,40,1406400
FINNIFTY02JAN2420950PE.NFO,02/01/2024,09:35:47,0.55,0.55,461040,0.6,445600,80,1406400
FINNIFTY02JAN2420950PE.NFO,02/01/2024,09:35:50,0.6,0.55,461080,0.6,444000,1600,1406400
FINNIFTY02JAN2420950PE.NFO,02/01/2024,09:35:51,0.6,0.55,461080,0.6,438160,5840,1406400
FINNIFTY02JAN2420950PE.NFO,02/01/2024,09:35:52,0.6,0.55,461080,0.6,436360,1800,1406400
FINNIFTY02JAN2420950PE.NFO,02/01/2024,09:35:55,0.55,0.55,457960,0.6,438200,6000,1406400
FINNIFTY02JAN2420950PE.NFO,02/01/2024,09:35:55,0.55,0.55,457960,0.6,438200,0,1406400
FINNIFTY02JAN2420950PE.NFO,02/01/2024,09:35:56,0.55,0.55,458480,0.6,431000,0,1406400
FINNIFTY02JAN2420950PE.NFO,02/01/2024,09:35:57,0.55,0.55,458480,0.6,411200,0,1406400
FINNIFTY02JAN2420950PE.NFO,02/01/2024,09:35:58,0.55,0.55,458480,0.6,402200,0,1406400
FINNIFTY02JAN2420950PE.NFO,02/01/2024,09:36:00,0.55,0.55,458480,0.6,402600,0,1406400
FINNIFTY02JAN2420950PE.NFO,02/01/2024,09:36:01,0.6,0.55,458960,0.6,401360,2080,1406400
FINNIFTY02JAN2420950PE.NFO,02/01/2024,09:36:02,0.6,0.55,458960,0.6,394960,6400,1406400
FINNIFTY02JAN2420950PE.NFO,02/01/2024,09:36:04,0.6,0.55,858120,0.6,382800,880,1406400
FINNIFTY02JAN2420950PE.NFO,02/01/2024,09:36:04,0.6,0.55,858120,0.6,382280,0,1406400
FINNIFTY02JAN2420950PE.NFO,02/01/2024,09:36:05,0.55,0.55,855720,0.6,389040,2400,1406400
FINNIFTY02JAN2420950PE.NFO,02/01/2024,09:36:08,0.55,0.55,853880,0.6,389080,1840,1406400
FINNIFTY02JAN2420950PE.NFO,02/01/2024,09:36:09,0.55,0.55,853800,0.6,390880,80,1406400
FINNIFTY02JAN2420950PE.NFO,02/01/2024,09:36:10,0.55,0.55,851520,0.6,397400,2280,1406400
FINNIFTY02JAN2420950PE.NFO,02/01/2024,09:36:12,0.55,0.55,847920,0.6,397400,3600,1406400
FINNIFTY02JAN2420950PE.NFO,02/01/2024,09:36:13,0.55,0.55,847120,0.6,397400,800,1406400
FINNIFTY02JAN2420950PE.NFO,02/01/2024,09:36:14,0.55,0.55,847080,0.6,397400,40,1406400
FINNIFTY02JAN2420950PE.NFO,02/01/2024,09:36:15,0.55,0.55,847560,0.6,397400,0,1406400
FINNIFTY02JAN2420950PE.NFO,02/01/2024,09:36:17,0.55,0.55,848040,0.6,397400,0,1406400
FINNIFTY02JAN2420950PE.NFO,02/01/2024,09:36:23,0.6,0.55,848040,0.6,393440,40,1406400
FINNIFTY02JAN2420950PE.NFO,02/01/2024,09:36:24,0.6,0.55,848640,0.6,397760,0,1406400
FINNIFTY02JAN2420950PE.NFO,02/01/2024,09:36:25,0.55,0.55,848160,0.6,397720,520,1406400
FINNIFTY02JAN2420950PE.NFO,02/01/2024,09:36:25,0.55,0.55,848160,0.6,325720,0,1406400
FINNIFTY02JAN2420950PE.NFO,02/01/2024,09:36:27,0.55,0.55,848200,0.6,325720,0,1406400
FINNIFTY02JAN2420950PE.NFO,02/01/2024,09:36:34,0.55,0.55,848160,0.6,325560,840,1406400
FINNIFTY02JAN2420950PE.NFO,02/01/2024,09:36:43,0.6,0.55,847640,0.6,391120,1000,1406400
FINNIFTY02JAN2420950PE.NFO,02/01/2024,09:36:52,0.55,0.55,848040,0.6,461760,1320,1406400
FINNIFTY02JAN2420950PE.NFO,02/01/2024,09:37:01,0.55,0.55,855800,0.6,461440,2000,1406400
FINNIFTY02JAN2420950PE.NFO,02/01/2024,09:37:10,0.55,0.55,854080,0.6,453360,9160,1406400
FINNIFTY02JAN2420950PE.NFO,02/01/2024,09:37:19,0.55,0.55,854240,0.6,452720,480,1406400
FINNIFTY02JAN2420950PE.NFO,02/01/2024,09:37:28,0.6,0.55,852040,0.6,451160,2600,1406400
FINNIFTY02JAN2420950PE.NFO,02/01/2024,09:37:36,0.55,0.55,852120,0.6,437600,280,1406400
FINNIFTY02JAN2420950PE.NFO,02/01/2024,09:37:45,0.6,0.55,852680,0.6,444480,1000,1406400
FINNIFTY02JAN2420950PE.NFO,02/01/2024,09:37:53,0.6,0.55,851880,0.6,462120,1160,1406400
FINNIFTY02JAN2420950PE.NFO,02/01/2024,09:38:02,0.6,0.55,852200,0.6,486400,2600,1406400
FINNIFTY02JAN2420950PE.NFO,02/01/2024,09:38:11,0.6,0.55,851400,0.6,484600,4960,1406400
FINNIFTY02JAN2420950PE.NFO,02/01/2024,09:38:20,0.55,0.55,849960,0.6,482760,3480,1406400
FINNIFTY02JAN2420950PE.NFO,02/01/2024,09:38:29,0.55,0.55,848080,0.6,485520,5480,1406400
FINNIFTY02JAN2420950PE.NFO,02/01/2024,09:38:39,0.55,0.55,835800,0.6,482120,5760,1414000
FINNIFTY02JAN2420950PE.NFO,02/01/2024,09:38:48,0.55,0.55,797400,0.6,442040,65080,1414000
FINNIFTY02JAN2420950PE.NFO,02/01/2024,09:38:58,0.6,0.55,1195400,0.6,427760,9120,1414000
FINNIFTY02JAN2420950PE.NFO,02/01/2024,09:39:07,0.55,0.55,198840,0.6,276760,158320,1414000
FINNIFTY02JAN2420950PE.NFO,02/01/2024,09:39:17,0.55,0.5,907600,0.55,373320,61920,1414000
FINNIFTY02JAN2420950PE.NFO,02/01/2024,09:39:26,0.55,0.5,909680,0.55,374560,4200,1414000
FINNIFTY02JAN2420950PE.NFO,02/01/2024,09:39:35,0.55,0.5,910960,0.55,375600,3680,1414000
FINNIFTY02JAN2420950PE.NFO,02/01/2024,09:39:44,0.55,0.5,909520,0.55,386840,7480,1414000
FINNIFTY02JAN2420950PE.NFO,02/01/2024,09:39:55,0.55,0.5,908480,0.55,386120,4200,1414000
FINNIFTY02JAN2420950PE.NFO,02/01/2024,09:40:06,0.55,0.5,906320,0.55,379960,8920,1414000
FINNIFTY02JAN2420950PE.NFO,02/01/2024,09:40:17,0.55,0.5,905400,0.55,377440,3400,1414000
FINNIFTY02JAN2420950PE.NFO,02/01/2024,09:40:27,0.55,0.5,905880,0.55,367720,4360,1414000
FINNIFTY02JAN2420950PE.NFO,02/01/2024,09:40:37,0.55,0.5,904520,0.55,373920,4040,1414000
FINNIFTY02JAN2420950PE.NFO,02/01/2024,09:40:47,0.55,0.5,908040,0.55,355960,46560,1414000
FINNIFTY02JAN2420950PE.NFO,02/01/2024,09:40:58,0.55,0.5,921640,0.55,334880,35320,1414000
FINNIFTY02JAN2420950PE.NFO,02/01/2024,09:41:08,0.55,0.5,919960,0.55,328600,6800,1414000
FINNIFTY02JAN2420950PE.NFO,02/01/2024,09:41:18,0.55,0.5,917520,0.55,333960,5480,1414000
FINNIFTY02JAN2420950PE.NFO,02/01/2024,09:41:28,0.55,0.5,914640,0.55,333040,4880,1414000
FINNIFTY02JAN2420950PE.NFO,02/01/2024,09:41:38,0.5,0.5,914240,0.55,333000,2360,1490120
FINNIFTY02JAN2420950PE.NFO,02/01/2024,09:41:47,0.55,0.5,914000,0.55,346760,2200,1490120
FINNIFTY02JAN2420950PE.NFO,02/01/2024,09:41:57,0.55,0.5,914760,0.55,345080,5480,1490120
FINNIFTY02JAN2420950PE.NFO,02/01/2024,09:42:07,0.5,0.5,913240,0.55,342240,3720,1490120
FINNIFTY02JAN2420950PE.NFO,02/01/2024,09:42:17,0.5,0.5,904240,0.55,329040,38280,1490120
FINNIFTY02JAN2420950PE.NFO,02/01/2024,09:42:27,0.55,0.5,922040,0.55,328000,1640,1490120
FINNIFTY02JAN2420950PE.NFO,02/01/2024,09:42:36,0.5,0.5,922000,0.55,328000,40,1490120
FINNIFTY02JAN2420950PE.NFO,02/01/2024,09:42:45,0.55,0.5,922080,0.55,314960,800,1490120
FINNIFTY02JAN2420950PE.NFO,02/01/2024,09:42:54,0.55,0.5,922000,0.55,325760,1440,1490120
FINNIFTY02JAN2420950PE.NFO,02/01/2024,09:43:04,0.55,0.5,920120,0.55,307880,3280,1490120
FINNIFTY02JAN2420950PE.NFO,02/01/2024,09:43:14,0.5,0.5,920880,0.55,319880,1920,1490120
FINNIFTY02JAN2420950PE.NFO,02/01/2024,09:43:24,0.55,0.5,918160,0.55,319200,2600,1490120
FINNIFTY02JAN2420950PE.NFO,02/01/2024,09:43:34,0.5,0.5,1000520,0.55,323720,2320,1490120
FINNIFTY02JAN2420950PE.NFO,02/01/2024,09:43:44,0.55,0.5,979600,0.55,355880,30240,1490120
FINNIFTY02JAN2420950PE.NFO,02/01/2024,09:43:53,0.55,0.5,996680,0.55,354720,2200,1490120
FINNIFTY02JAN2420950PE.NFO,02/01/2024,09:44:03,0.5,0.5,995480,0.55,348640,7280,1490120
FINNIFTY02JAN2420950PE.NFO,02/01/2024,09:44:12,0.55,0.5,994400,0.55,271200,80680,1490120
FINNIFTY02JAN2420950PE.NFO,02/01/2024,09:44:22,0.55,0.55,271680,0.6,322240,273800,1490120
FINNIFTY02JAN2420950PE.NFO,02/01/2024,09:44:31,0.55,0.5,830400,0.55,145480,165160,1469880
FINNIFTY02JAN2420950PE.NFO,02/01/2024,09:44:40,0.55,0.5,830960,0.55,195760,3400,1469880
FINNIFTY02JAN2420950PE.NFO,02/01/2024,09:44:49,0.55,0.5,822640,0.55,209920,20400,1469880
FINNIFTY02JAN2420950PE.NFO,02/01/2024,09:44:58,0.55,0.5,821760,0.55,222680,920,1469880
FINNIFTY02JAN2420950PE.NFO,02/01/2024,09:45:07,0.55,0.5,798640,0.55,237600,43720,1469880
FINNIFTY02JAN2420950PE.NFO,02/01/2024,09:45:16,0.5,0.5,776520,0.55,264520,26920,1469880
FINNIFTY02JAN2420950PE.NFO,02/01/2024,09:45:26,0.55,0.5,770840,0.55,253120,6480,1469880
FINNIFTY02JAN2420950PE.NFO,02/01/2024,09:45:36,0.5,0.5,760720,0.55,362880,5840,1469880
FINNIFTY02JAN2420950PE.NFO,02/01/2024,09:45:45,0.55,0.5,763320,0.55,359960,7040,1469880
FINNIFTY02JAN2420950PE.NFO,02/01/2024,09:45:55,0.55,0.5,764960,0.55,360400,4840,1469880
FINNIFTY02JAN2420950PE.NFO,02/01/2024,09:46:05,0.55,0.5,762280,0.55,355040,15120,1469880
FINNIFTY02JAN2420950PE.NFO,02/01/2024,09:46:14,0.55,0.5,758160,0.55,354520,4120,1469880
FINNIFTY02JAN2420950PE.NFO,02/01/2024,09:46:24,0.55,0.5,744920,0.55,355200,13560,1469880
FINNIFTY02JAN2420950PE.NFO,02/01/2024,09:46:34,0.55,0.5,743240,0.55,384920,2480,1469880
FINNIFTY02JAN2420950PE.NFO,02/01/2024,09:46:43,0.55,0.5,742720,0.55,383760,1120,1469880
FINNIFTY02JAN2420950PE.NFO,02/01/2024,09:46:52,0.5,0.5,739520,0.55,384760,3200,1469880
FINNIFTY02JAN2420950PE.NFO,02/01/2024,09:47:01,0.55,0.5,743920,0.55,381280,8320,1469880
FINNIFTY02JAN2420950PE.NFO,02/01/2024,09:47:11,0.55,0.5,743720,0.55,380960,6920,1469880
FINNIFTY02JAN2420950PE.NFO,02/01/2024,09:47:20,0.55,0.5,746000,0.55,384640,2840,1469880
FINNIFTY02JAN2420950PE.NFO,02/01/2024,09:47:29,0.55,0.5,747440,0.55,381600,2360,1469880
FINNIFTY02JAN2420950PE.NFO,02/01/2024,09:47:38,0.55,0.5,747080,0.55,397480,800,1567920
FINNIFTY02JAN2420950PE.NFO,02/01/2024,09:47:47,0.5,0.5,748040,0.55,395440,10120,1567920
FINNIFTY02JAN2420950PE.NFO,02/01/2024,09:47:57,0.5,0.5,656400,0.55,393880,60200,1567920
FINNIFTY02JAN2420950PE.NFO,02/01/2024,09:48:06,0.5,0.5,675400,0.55,399240,20760,1567920
FINNIFTY02JAN2420950PE.NFO,02/01/2024,09:48:15,0.5,0.5,161520,0.55,331600,78360,1567920
FINNIFTY02JAN2420950PE.NFO,02/01/2024,09:48:24,0.5,0.5,159480,0.55,331720,2560,1567920
FINNIFTY02JAN2420950PE.NFO,02/01/2024,09:48:33,0.55,0.5,161360,0.55,331640,320,1567920
FINNIFTY02JAN2420950PE.NFO,02/01/2024,09:48:42,0.55,0.5,161360,0.55,331240,1840,1567920
FINNIFTY02JAN2420950PE.NFO,02/01/2024,09:48:51,0.5,0.5,162600,0.55,365160,5600,1567920
FINNIFTY02JAN2420950PE.NFO,02/01/2024,09:49:01,0.55,0.5,160720,0.55,357400,12720,1567920
FINNIFTY02JAN2420950PE.NFO,02/01/2024,09:49:10,0.55,0.5,160680,0.55,354440,4360,1567920
FINNIFTY02JAN2420950PE.NFO,02/01/2024,09:49:19,0.5,0.5,161960,0.55,356800,27000,1567920
FINNIFTY02JAN2420950PE.NFO,02/01/2024,09:49:29,0.5,0.5,161800,0.55,356760,5560,1567920
FINNIFTY02JAN2420950PE.NFO,02/01/2024,09:49:38,0.55,0.5,166920,0.55,353800,16240,1567920
FINNIFTY02JAN2420950PE.NFO,02/01/2024,09:49:47,0.5,0.5,160600,0.55,349960,11080,1567920
FINNIFTY02JAN2420950PE.NFO,02/01/2024,09:49:56,0.5,0.5,157520,0.55,348760,8480,1567920
FINNIFTY02JAN2420950PE.NFO,02/01/2024,09:50:05,0.55,0.5,158600,0.55,319800,37800,1567920
FINNIFTY02JAN2420950PE.NFO,02/01/2024,09:50:14,0.5,0.5,156360,0.55,312520,9400,1567920
FINNIFTY02JAN2420950PE.NFO,02/01/2024,09:50:23,0.55,0.5,176160,0.55,305800,9600,1567920
FINNIFTY02JAN2420950PE.NFO,02/01/2024,09:50:32,0.5,0.5,188160,0.55,302520,6400,1567920
FINNIFTY02JAN2420950PE.NFO,02/01/2024,09:50:41,0.5,0.5,187960,0.55,308080,7040,1590040
FINNIFTY02JAN2420950PE.NFO,02/01/2024,09:50:50,0.55,0.5,178080,0.55,318800,4520,1590040
FINNIFTY02JAN2420950PE.NFO,02/01/2024,09:50:59,0.55,0.5,181360,0.55,331160,10520,1590040
FINNIFTY02JAN2420950PE.NFO,02/01/2024,09:51:08,0.55,0.5,176280,0.55,323640,12720,1590040
FINNIFTY02JAN2420950PE.NFO,02/01/2024,09:51:18,0.5,0.5,175840,0.55,323680,840,1590040
FINNIFTY02JAN2420950PE.NFO,02/01/2024,09:51:28,0.55,0.5,284400,0.55,310880,13160,1590040
FINNIFTY02JAN2420950PE.NFO,02/01/2024,09:51:38,0.5,0.5,262720,0.55,322960,3520,1590040
FINNIFTY02JAN2420950PE.NFO,02/01/2024,09:51:47,0.55,0.5,281120,0.55,354960,5400,1590040
FINNIFTY02JAN2420950PE.NFO,02/01/2024,09:51:56,0.55,0.5,281000,0.55,354240,720,1590040
FINNIFTY02JAN2420950PE.NFO,02/01/2024,09:52:05,0.55,0.5,291320,0.55,344280,11200,1590040
FINNIFTY02JAN2420950PE.NFO,02/01/2024,09:52:14,0.55,0.5,396720,0.55,341000,13040,1590040
FINNIFTY02JAN2420950PE.NFO,02/01/2024,09:52:23,0.5,0.5,388160,0.55,337000,15680,1590040
FINNIFTY02JAN2420950PE.NFO,02/01/2024,09:52:32,0.5,0.5,388760,0.55,355760,10960,1590040
FINNIFTY02JAN2420950PE.NFO,02/01/2024,09:52:41,0.5,0.5,390400,0.55,351640,8840,1590040
FINNIFTY02JAN2420950PE.NFO,02/01/2024,09:52:50,0.5,0.5,390160,0.55,351640,0,1590040
FINNIFTY02JAN2420950PE.NFO,02/01/2024,09:52:59,0.55,0.5,391360,0.55,341800,13960,1590040
FINNIFTY02JAN2420950PE.NFO,02/01/2024,09:53:09,0.55,0.5,396800,0.55,341800,15600,1590040
FINNIFTY02JAN2420950PE.NFO,02/01/2024,09:53:18,0.5,0.5,405680,0.55,341800,520,1590040
FINNIFTY02JAN2420950PE.NFO,02/01/2024,09:53:27,0.5,0.5,420920,0.55,338520,10840,1590040
FINNIFTY02JAN2420950PE.NFO,02/01/2024,09:53:37,0.5,0.5,422400,0.55,337960,2720,1622640
FINNIFTY02JAN2420950PE.NFO,02/01/2024,09:53:46,0.5,0.5,418360,0.55,338960,3040,1622640
FINNIFTY02JAN2420950PE.NFO,02/01/2024,09:53:55,0.55,0.5,417960,0.55,334800,5040,1622640
FINNIFTY02JAN2420950PE.NFO,02/01/2024,09:54:04,0.5,0.5,422440,0.55,327200,10520,1622640
FINNIFTY02JAN2420950PE.NFO,02/01/2024,09:54:13,0.5,0.5,421880,0.55,327160,3160,1622640
FINNIFTY02JAN2420950PE.NFO,02/01/2024,09:54:21,0.5,0.5,424360,0.55,325080,3360,1622640
FINNIFTY02JAN2420950PE.NFO,02/01/2024,09:54:31,0.5,0.5,422080,0.55,325320,5720,1622640
FINNIFTY02JAN2420950PE.NFO,02/01/2024,09:54:41,0.5,0.5,427640,0.55,321600,7760,1622640
FINNIFTY02JAN2420950PE.NFO,02/01/2024,09:54:50,0.5,0.5,411520,0.55,320360,10600,1622640
FINNIFTY02JAN2420950PE.NFO,02/01/2024,09:55:01,0.5,0.5,407480,0.55,333120,78080,1622640
FINNIFTY02JAN2420950PE.NFO,02/01/2024,09:55:12,0.5,0.5,402400,0.55,339680,26560,1622640
FINNIFTY02JAN2420950PE.NFO,02/01/2024,09:55:22,0.5,0.5,402120,0.55,340320,3680,1622640
FINNIFTY02JAN2420950PE.NFO,02/01/2024,09:55:32,0.5,0.5,388120,0.55,353360,18040,1622640
FINNIFTY02JAN2420950PE.NFO,02/01/2024,09:55:43,0.5,0.5,463000,0.55,353360,16600,1622640
FINNIFTY02JAN2420950PE.NFO,02/01/2024,09:55:53,0.5,0.5,448400,0.55,337320,29200,1622640
FINNIFTY02JAN2420950PE.NFO,02/01/2024,09:56:04,0.55,0.5,382240,0.55,262840,280200,1622640
FINNIFTY02JAN2420950PE.NFO,02/01/2024,09:56:16,0.55,0.55,862600,0.6,391320,325760,1622640
FINNIFTY02JAN2420950PE.NFO,02/01/2024,09:56:29,0.6,0.55,889080,0.6,291840,130200,1622640
FINNIFTY02JAN2420950PE.NFO,02/01/2024,09:56:31,0.55,0.55,886120,0.6,297480,12600,1622640
FINNIFTY02JAN2420950PE.NFO,02/01/2024,09:56:32,0.55,0.55,875720,0.6,294040,18360,1622640
FINNIFTY02JAN2420950PE.NFO,02/01/2024,09:56:33,0.6,0.55,871240,0.6,291640,6400,1622640
FINNIFTY02JAN2420950PE.NFO,02/01/2024,09:56:34,0.6,0.55,871320,0.6,286880,4840,1846520
FINNIFTY02JAN2420950PE.NFO,02/01/2024,09:56:35,0.6,0.55,852440,0.6,280720,20960,1846520
FINNIFTY02JAN2420950PE.NFO,02/01/2024,09:56:36,0.6,0.55,840600,0.6,273240,18120,1846520
FINNIFTY02JAN2420950PE.NFO,02/01/2024,09:56:37,0.6,0.55,840160,0.6,255600,17920,1846520
FINNIFTY02JAN2420950PE.NFO,02/01/2024,09:56:38,0.6,0.55,828040,0.6,230840,25720,1846520
FINNIFTY02JAN2420950PE.NFO,02/01/2024,09:56:39,0.6,0.55,820400,0.6,130680,128920,1846520
FINNIFTY02JAN2420950PE.NFO,02/01/2024,09:56:40,0.65,0.6,232080,0.65,160760,96320,1846520
FINNIFTY02JAN2420950PE.NFO,02/01/2024,09:56:41,0.6,0.6,271800,0.65,167040,200,1846520
FINNIFTY02JAN2420950PE.NFO,02/01/2024,09:56:42,0.65,0.6,156920,0.65,175480,1160,1846520
FINNIFTY02JAN2420950PE.NFO,02/01/2024,09:56:43,0.6,0.6,139280,0.65,164760,39680,1846520
FINNIFTY02JAN2420950PE.NFO,02/01/2024,09:56:44,0.65,0.6,162000,0.65,146800,14440,1846520
FINNIFTY02JAN2420950PE.NFO,02/01/2024,09:56:45,0.65,0.6,159280,0.65,132280,11440,1846520
FINNIFTY02JAN2420950PE.NFO,02/01/2024,09:56:46,0.6,0.6,158960,0.65,110320,20600,1846520
FINNIFTY02JAN2420950PE.NFO,02/01/2024,09:56:47,0.6,0.6,174760,0.65,102840,18320,1846520
FINNIFTY02JAN2420950PE.NFO,02/01/2024,09:56:48,0.6,0.6,197040,0.65,101480,59320,1846520
FINNIFTY02JAN2420950PE.NFO,02/01/2024,09:56:49,0.65,0.6,201520,0.65,108440,17520,1846520
FINNIFTY02JAN2420950PE.NFO,02/01/2024,09:56:50,0.65,0.6,195720,0.65,47240,114280,1846520
FINNIFTY02JAN2420950PE.NFO,02/01/2024,09:56:51,0.6,0.6,224960,0.65,184200,1600,1846520
FINNIFTY02JAN2420950PE.NFO,02/01/2024,09:56:52,0.65,0.6,225040,0.65,221200,4080,1846520
FINNIFTY02JAN2420950PE.NFO,02/01/2024,09:56:53,0.6,0.6,219400,0.65,233560,2040,1846520
FINNIFTY02JAN2420950PE.NFO,02/01/2024,09:56:54,0.65,0.6,228320,0.65,232880,7200,1846520
FINNIFTY02JAN2420950PE.NFO,02/01/2024,09:56:55,0.65,0.6,206480,0.65,225720,12720,1846520
FINNIFTY02JAN2420950PE.NFO,02/01/2024,09:56:56,0.65,0.6,204840,0.65,225440,9680,1846520
FINNIFTY02JAN2420950PE.NFO,02/01/2024,09:56:57,0.65,0.6,225800,0.65,215760,6600,1846520
FINNIFTY02JAN2420950PE.NFO,02/01/2024,09:56:58,0.6,0.6,219240,0.65,218200,12720,1846520
FINNIFTY02JAN2420950PE.NFO,02/01/2024,09:56:59,0.6,0.6,210400,0.65,216720,11360,1846520
FINNIFTY02JAN2420950PE.NFO,02/01/2024,09:57:00,0.65,0.6,207680,0.65,217840,2560,1846520
FINNIFTY02JAN2420950PE.NFO,02/01/2024,09:57:01,0.65,0.6,211040,0.65,210360,13200,1846520
FINNIFTY02JAN2420950PE.NFO,02/01/2024,09:57:02,0.6,0.6,198920,0.65,207840,10280,1846520
FINNIFTY02JAN2420950PE.NFO,02/01/2024,09:57:03,0.6,0.6,196200,0.65,182720,24200,1846520
FINNIFTY02JAN2420950PE.NFO,02/01/2024,09:57:04,0.65,0.6,194760,0.65,156600,27480,1846520
FINNIFTY02JAN2420950PE.NFO,02/01/2024,09:57:05,0.6,0.6,187840,0.65,150360,36040,1846520
FINNIFTY02JAN2420950PE.NFO,02/01/2024,09:57:06,0.6,0.6,187040,0.65,128640,21160,1846520
FINNIFTY02JAN2420950PE.NFO,02/01/2024,09:57:07,0.7,0.65,163240,0.7,123840,104720,1846520
FINNIFTY02JAN2420950PE.NFO,02/01/2024,09:57:08,0.8,0.75,126800,0.8,82160,90360,1846520
FINNIFTY02JAN2420950PE.NFO,02/01/2024,09:57:09,0.7,0.65,238440,0.7,85000,370160,1846520
FINNIFTY02JAN2420950PE.NFO,02/01/2024,09:57:10,0.7,0.7,48280,0.75,179040,66800,1846520
FINNIFTY02JAN2420950PE.NFO,02/01/2024,09:57:11,0.75,0.7,133080,0.75,164920,57560,1846520
FINNIFTY02JAN2420950PE.NFO,02/01/2024,09:57:12,0.75,0.7,158320,0.75,127560,43720,1846520
FINNIFTY02JAN2420950PE.NFO,02/01/2024,09:57:13,0.75,0.7,157960,0.75,176880,19520,1846520
FINNIFTY02JAN2420950PE.NFO,02/01/2024,09:57:13,0.75,0.7,158880,0.75,175840,3280,1846520
FINNIFTY02JAN2420950PE.NFO,02/01/2024,09:57:14,0.8,0.75,110400,0.8,81040,138600,1846520
FINNIFTY02JAN2420950PE.NFO,02/01/2024,09:57:15,0.8,0.75,111720,0.8,101640,74880,1846520
FINNIFTY02JAN2420950PE.NFO,02/01/2024,09:57:17,0.85,0.8,122600,0.85,128000,142480,1846520
FINNIFTY02JAN2420950PE.NFO,02/01/2024,09:57:17,0.85,0.8,157320,0.85,91320,17760,1846520
FINNIFTY02JAN2420950PE.NFO,02/01/2024,09:57:18,0.85,0.85,90680,0.9,88840,72800,1846520
FINNIFTY02JAN2420950PE.NFO,02/01/2024,09:57:19,0.95,0.9,93600,0.95,106440,78880,1846520
FINNIFTY02JAN2420950PE.NFO,02/01/2024,09:57:20,1,0.95,68800,1,79480,116360,1846520
FINNIFTY02JAN2420950PE.NFO,02/01/2024,09:57:21,0.9,0.85,71640,0.9,88320,106400,1846520
FINNIFTY02JAN2420950PE.NFO,02/01/2024,09:57:22,0.9,0.85,75880,0.9,90320,44600,1846520
FINNIFTY02JAN2420950PE.NFO,02/01/2024,09:57:23,0.9,0.85,78880,0.9,101920,12080,1846520
FINNIFTY02JAN2420950PE.NFO,02/01/2024,09:57:24,0.9,0.85,77360,0.9,112400,28680,1846520
FINNIFTY02JAN2420950PE.NFO,02/01/2024,09:57:25,0.9,0.85,82040,0.9,138200,53120,1846520
FINNIFTY02JAN2420950PE.NFO,02/01/2024,09:57:26,0.9,0.85,73800,0.9,136960,26200,1846520
FINNIFTY02JAN2420950PE.NFO,02/01/2024,09:57:27,0.9,0.85,74840,0.9,138320,30920,1846520
FINNIFTY02JAN2420950PE.NFO,02/01/2024,09:57:28,0.9,0.85,78480,0.9,139240,29280,1846520
FINNIFTY02JAN2420950PE.NFO,02/01/2024,09:57:29,0.9,0.85,108480,0.9,118360,14560,1846520
FINNIFTY02JAN2420950PE.NFO,02/01/2024,09:57:30,0.9,0.85,111320,0.9,128120,34400,1846520
FINNIFTY02JAN2420950PE.NFO,02/01/2024,09:57:31,0.85,0.85,101640,0.9,123800,16040,1846520
FINNIFTY02JAN2420950PE.NFO,02/01/2024,09:57:32,0.85,0.85,62000,0.9,102480,110560,1846520
FINNIFTY02JAN2420950PE.NFO,02/01/2024,09:57:33,0.85,0.8,145600,0.85,98880,39880,1846520
FINNIFTY02JAN2420950PE.NFO,02/01/2024,09:57:34,0.85,0.8,145960,0.85,121840,8680,1846520
FINNIFTY02JAN2420950PE.NFO,02/01/2024,09:57:35,0.85,0.8,136240,0.85,121560,29000,1846520
FINNIFTY02JAN2420950PE.NFO,02/01/2024,09:57:36,0.85,0.8,121520,0.85,111480,37320,1846520
FINNIFTY02JAN2420950PE.NFO,02/01/2024,09:57:37,0.85,0.8,111360,0.85,108080,14480,1846520
FINNIFTY02JAN2420950PE.NFO,02/01/2024,09:57:38,0.85,0.8,113040,0.85,104000,10480,1846520
FINNIFTY02JAN2420950PE.NFO,02/01/2024,09:57:39,0.8,0.75,107920,0.8,68200,79560,1846520
FINNIFTY02JAN2420950PE.NFO,02/01/2024,09:57:40,0.8,0.8,102480,0.85,88000,190440,1846520
FINNIFTY02JAN2420950PE.NFO,02/01/2024,09:57:41,0.85,0.8,111960,0.85,99920,28720,1846520
FINNIFTY02JAN2420950PE.NFO,02/01/2024,09:57:42,0.85,0.8,127480,0.85,134880,22160,1846520
FINNIFTY02JAN2420950PE.NFO,02/01/2024,09:57:43,0.8,0.8,126040,0.85,148600,33600,1846520
FINNIFTY02JAN2420950PE.NFO,02/01/2024,09:57:44,0.85,0.8,144000,0.85,149920,30440,1846520
FINNIFTY02JAN2420950PE.NFO,02/01/2024,09:57:45,0.8,0.8,144080,0.85,154760,10880,1846520
FINNIFTY02JAN2420950PE.NFO,02/01/2024,09:57:46,0.85,0.8,147040,0.85,135320,12280,1846520
FINNIFTY02JAN2420950PE.NFO,02/01/2024,09:57:47,0.85,0.8,125880,0.85,107240,10920,1846520
FINNIFTY02JAN2420950PE.NFO,02/01/2024,09:57:48,0.85,0.8,126040,0.85,98360,21840,1846520
FINNIFTY02JAN2420950PE.NFO,02/01/2024,09:57:49,0.9,0.85,101320,0.9,107280,67880,1846520
FINNIFTY02JAN2420950PE.NFO,02/01/2024,09:57:50,0.9,0.85,141720,0.9,102400,13080,1846520
FINNIFTY02JAN2420950PE.NFO,02/01/2024,09:57:51,0.85,0.85,170920,0.9,102160,1640,1846520
FINNIFTY02JAN2420950PE.NFO,02/01/2024,09:57:52,0.85,0.85,105280,0.9,107720,42640,1846520
FINNIFTY02JAN2420950PE.NFO,02/01/2024,09:57:53,0.9,0.85,37520,0.9,102520,63400,1846520
FINNIFTY02JAN2420950PE.NFO,02/01/2024,09:57:54,0.8,0.8,112240,0.85,53400,35360,1846520
FINNIFTY02JAN2420950PE.NFO,02/01/2024,09:57:55,0.85,0.8,106560,0.85,57880,7880,1846520
FINNIFTY02JAN2420950PE.NFO,02/01/2024,09:57:56,0.85,0.8,108760,0.85,92440,5640,1846520
FINNIFTY02JAN2420950PE.NFO,02/01/2024,09:57:57,0.8,0.8,110440,0.85,90360,2400,1846520
FINNIFTY02JAN2420950PE.NFO,02/01/2024,09:57:58,0.85,0.8,96200,0.85,83640,25160,1846520
FINNIFTY02JAN2420950PE.NFO,02/01/2024,09:57:59,0.85,0.85,78240,0.9,59760,85280,1846520
FINNIFTY02JAN2420950PE.NFO,02/01/2024,09:58:00,0.85,0.85,84440,0.9,62480,7880,1846520
FINNIFTY02JAN2420950PE.NFO,02/01/2024,09:58:01,0.9,0.85,89480,0.9,56000,13040,1846520
FINNIFTY02JAN2420950PE.NFO,02/01/2024,09:58:02,0.9,0.85,80600,0.9,98960,5240,1846520
FINNIFTY02JAN2420950PE.NFO,02/01/2024,09:58:03,0.9,0.85,87800,0.9,143160,1400,1846520
FINNIFTY02JAN2420950PE.NFO,02/01/2024,09:58:04,0.9,0.85,83840,0.9,140480,17720,1846520
FINNIFTY02JAN2420950PE.NFO,02/01/2024,09:58:05,0.9,0.85,76560,0.9,145800,10080,1846520
FINNIFTY02JAN2420950PE.NFO,02/01/2024,09:58:06,0.85,0.85,73760,0.9,153400,4800,1846520
FINNIFTY02JAN2420950PE.NFO,02/01/2024,09:58:07,0.85,0.8,118160,0.85,35280,50160,1846520
FINNIFTY02JAN2420950PE.NFO,02/01/2024,09:58:08,0.8,0.8,115680,0.85,55200,1840,1846520
FINNIFTY02JAN2420950PE.NFO,02/01/2024,09:58:09,0.8,0.8,117160,0.85,63480,5240,1846520
FINNIFTY02JAN2420950PE.NFO,02/01/2024,09:58:10,0.8,0.8,110640,0.85,119840,32760,1846520
FINNIFTY02JAN2420950PE.NFO,02/01/2024,09:58:11,0.8,0.8,112240,0.85,160600,3760,1846520
FINNIFTY02JAN2420950PE.NFO,02/01/2024,09:58:12,0.85,0.8,101280,0.85,159720,21920,1846520
FINNIFTY02JAN2420950PE.NFO,02/01/2024,09:58:13,0.8,0.8,101680,0.85,154640,10520,1846520
FINNIFTY02JAN2420950PE.NFO,02/01/2024,09:58:14,0.85,0.8,101880,0.85,106000,12280,1846520
FINNIFTY02JAN2420950PE.NFO,02/01/2024,09:58:15,0.85,0.85,53560,0.9,80680,35240,1846520
FINNIFTY02JAN2420950PE.NFO,02/01/2024,09:58:16,0.85,0.85,68440,0.9,87240,7640,1846520
FINNIFTY02JAN2420950PE.NFO,02/01/2024,09:58:17,0.85,0.8,106400,0.85,45440,28520,1846520
FINNIFTY02JAN2420950PE.NFO,02/01/2024,09:58:18,0.85,0.8,109920,0.85,55600,520,1846520
FINNIFTY02JAN2420950PE.NFO,02/01/2024,09:58:19,0.8,0.8,110600,0.85,56720,2160,1846520
FINNIFTY02JAN2420950PE.NFO,02/01/2024,09:58:20,0.85,0.8,114520,0.85,43920,440,1846520
FINNIFTY02JAN2420950PE.NFO,02/01/2024,09:58:21,0.85,0.85,85200,0.9,87800,27440,1846520
FINNIFTY02JAN2420950PE.NFO,02/01/2024,09:58:22,0.85,0.85,106320,0.9,92160,6000,1846520
FINNIFTY02JAN2420950PE.NFO,02/01/2024,09:58:23,0.9,0.85,112240,0.9,128440,5720,1846520
FINNIFTY02JAN2420950PE.NFO,02/01/2024,09:58:24,0.9,0.85,108440,0.9,161560,15360,1846520
FINNIFTY02JAN2420950PE.NFO,02/01/2024,09:58:25,0.85,0.85,126880,0.9,138760,22040,1846520
FINNIFTY02JAN2420950PE.NFO,02/01/2024,09:58:26,0.9,0.9,50440,0.95,108960,127280,1846520
FINNIFTY02JAN2420950PE.NFO,02/01/2024,09:58:27,0.9,0.9,89440,0.95,109960,2280,1846520
FINNIFTY02JAN2420950PE.NFO,02/01/2024,09:58:28,0.95,0.9,47240,0.95,104160,160720,1846520
FINNIFTY02JAN2420950PE.NFO,02/01/2024,09:58:29,0.95,0.9,56360,0.95,97040,6520,1846520
FINNIFTY02JAN2420950PE.NFO,02/01/2024,09:58:31,0.95,0.9,57960,0.95,92240,34400,1846520
FINNIFTY02JAN2420950PE.NFO,02/01/2024,09:58:32,1.05,1,33440,1.05,33600,133440,1846520
FINNIFTY02JAN2420950PE.NFO,02/01/2024,09:58:32,1.05,1,33440,1.05,33600,0,1846520
FINNIFTY02JAN2420950PE.NFO,02/01/2024,09:58:33,0.95,0.95,48000,1,57680,8000,1846520
FINNIFTY02JAN2420950PE.NFO,02/01/2024,09:58:34,0.9,0.9,62000,0.95,63160,22480,1846520
FINNIFTY02JAN2420950PE.NFO,02/01/2024,09:58:35,0.95,0.9,60200,0.95,68520,3120,1846520
FINNIFTY02JAN2420950PE.NFO,02/01/2024,09:58:36,0.9,0.85,114000,0.9,51040,68640,1846520
FINNIFTY02JAN2420950PE.NFO,02/01/2024,09:58:37,0.9,0.85,114120,0.9,80400,7800,1846520
FINNIFTY02JAN2420950PE.NFO,02/01/2024,09:58:38,0.9,0.85,118080,0.9,123720,7920,1846520
FINNIFTY02JAN2420950PE.NFO,02/01/2024,09:58:39,0.9,0.85,120440,0.9,127400,1120,1846520
FINNIFTY02JAN2420950PE.NFO,02/01/2024,09:58:40,0.85,0.85,88800,0.9,150560,13920,1846520
FINNIFTY02JAN2420950PE.NFO,02/01/2024,09:58:41,0.85,0.85,131480,0.9,138800,26240,1846520
FINNIFTY02JAN2420950PE.NFO,02/01/2024,09:58:42,0.85,0.85,75080,0.9,142040,34600,1846520
FINNIFTY02JAN2420950PE.NFO,02/01/2024,09:58:43,0.85,0.8,97040,0.85,34480,77000,1846520
FINNIFTY02JAN2420950PE.NFO,02/01/2024,09:58:44,0.85,0.8,107960,0.85,38320,2720,1846520
FINNIFTY02JAN2420950PE.NFO,02/01/2024,09:58:45,0.9,0.85,78320,0.9,105520,29280,1846520
FINNIFTY02JAN2420950PE.NFO,02/01/2024,09:58:46,0.9,0.85,82200,0.9,102760,13560,1846520
FINNIFTY02JAN2420950PE.NFO,02/01/2024,09:58:47,0.9,0.85,79560,0.9,122520,6240,1846520
FINNIFTY02JAN2420950PE.NFO,02/01/2024,09:58:48,0.85,0.85,76960,0.9,118240,6680,1846520
FINNIFTY02JAN2420950PE.NFO,02/01/2024,09:58:49,0.9,0.85,76360,0.9,124040,8280,1846520
FINNIFTY02JAN2420950PE.NFO,02/01/2024,09:58:50,0.85,0.85,80640,0.9,118000,5680,1846520
FINNIFTY02JAN2420950PE.NFO,02/01/2024,09:58:51,0.8,0.8,92720,0.85,32760,112040,1846520
FINNIFTY02JAN2420950PE.NFO,02/01/2024,09:58:52,0.85,0.8,100760,0.85,94760,10520,1846520
FINNIFTY02JAN2420950PE.NFO,02/01/2024,09:58:53,0.85,0.8,100000,0.85,96000,1200,1846520
FINNIFTY02JAN2420950PE.NFO,02/01/2024,09:58:54,0.8,0.8,95240,0.85,99600,6320,1846520
FINNIFTY02JAN2420950PE.NFO,02/01/2024,09:58:55,0.8,0.8,93000,0.85,96600,13960,1846520
FINNIFTY02JAN2420950PE.NFO,02/01/2024,09:58:56,0.85,0.8,91640,0.85,96480,6520,1846520
FINNIFTY02JAN2420950PE.NFO,02/01/2024,09:58:57,0.8,0.8,89640,0.85,95520,2120,1846520
FINNIFTY02JAN2420950PE.NFO,02/01/2024,09:58:58,0.8,0.8,130400,0.85,88640,20920,1846520
FINNIFTY02JAN2420950PE.NFO,02/01/2024,09:58:59,0.8,0.8,126160,0.85,93960,12040,1846520
FINNIFTY02JAN2420950PE.NFO,02/01/2024,09:59:00,0.8,0.8,131840,0.85,93840,10360,1846520
FINNIFTY02JAN2420950PE.NFO,02/01/2024,09:59:01,0.8,0.8,136680,0.85,95000,440,1846520
FINNIFTY02JAN2420950PE.NFO,02/01/2024,09:59:02,0.8,0.8,136840,0.85,95920,3480,1846520
FINNIFTY02JAN2420950PE.NFO,02/01/2024,09:59:03,0.8,0.8,122680,0.85,105640,19880,1846520
FINNIFTY02JAN2420950PE.NFO,02/01/2024,09:59:04,0.85,0.8,126000,0.85,112320,15160,1846520
FINNIFTY02JAN2420950PE.NFO,02/01/2024,09:59:05,0.8,0.8,137240,0.85,119680,6040,1846520
FINNIFTY02JAN2420950PE.NFO,02/01/2024,09:59:06,0.8,0.8,132840,0.85,123920,9680,1846520
FINNIFTY02JAN2420950PE.NFO,02/01/2024,09:59:07,0.8,0.8,118360,0.85,121640,14720,1846520
FINNIFTY02JAN2420950PE.NFO,02/01/2024,09:59:08,0.8,0.8,96200,0.85,117720,28000,1846520
FINNIFTY02JAN2420950PE.NFO,02/01/2024,09:59:09,0.8,0.8,78120,0.85,115720,25800,1846520
FINNIFTY02JAN2420950PE.NFO,02/01/2024,09:59:10,0.85,0.8,65600,0.85,107520,1560,1846520
FINNIFTY02JAN2420950PE.NFO,02/01/2024,09:59:11,0.85,0.8,78000,0.85,110880,240,1846520
FINNIFTY02JAN2420950PE.NFO,02/01/2024,09:59:12,0.8,0.75,112760,0.8,104920,43080,1846520
FINNIFTY02JAN2420950PE.NFO,02/01/2024,09:59:13,0.8,0.75,115360,0.8,108560,8760,1846520
FINNIFTY02JAN2420950PE.NFO,02/01/2024,09:59:14,0.8,0.75,114160,0.8,104720,13160,1846520
FINNIFTY02JAN2420950PE.NFO,02/01/2024,09:59:15,0.75,0.75,83680,0.8,85800,19680,1846520
FINNIFTY02JAN2420950PE.NFO,02/01/2024,09:59:16,0.75,0.75,85280,0.8,94360,1960,1846520
FINNIFTY02JAN2420950PE.NFO,02/01/2024,09:59:17,0.75,0.75,100880,0.8,101320,200,1846520
FINNIFTY02JAN2420950PE.NFO,02/01/2024,09:59:18,0.8,0.75,100720,0.8,114840,7280,1846520
FINNIFTY02JAN2420950PE.NFO,02/01/2024,09:59:19,0.75,0.75,100240,0.8,119400,8600,1846520
FINNIFTY02JAN2420950PE.NFO,02/01/2024,09:59:20,0.8,0.75,204240,0.8,123400,2880,1846520
FINNIFTY02JAN2420950PE.NFO,02/01/2024,09:59:21,0.75,0.75,203080,0.8,114600,11880,1846520
FINNIFTY02JAN2420950PE.NFO,02/01/2024,09:59:22,0.75,0.75,195920,0.8,108640,11000,1846520
FINNIFTY02JAN2420950PE.NFO,02/01/2024,09:59:23,0.8,0.75,194200,0.8,95760,14320,1846520
FINNIFTY02JAN2420950PE.NFO,02/01/2024,09:59:24,0.8,0.8,29960,0.85,119320,52920,1846520
FINNIFTY02JAN2420950PE.NFO,02/01/2024,09:59:25,0.85,0.8,60200,0.85,129240,8680,1846520
FINNIFTY02JAN2420950PE.NFO,02/01/2024,09:59:26,0.85,0.8,63800,0.85,117960,10440,1846520
FINNIFTY02JAN2420950PE.NFO,02/01/2024,09:59:27,0.85,0.8,66320,0.85,91800,32520,1846520
FINNIFTY02JAN2420950PE.NFO,02/01/2024,09:59:28,0.85,0.8,63320,0.85,65920,44080,1846520
FINNIFTY02JAN2420950PE.NFO,02/01/2024,09:59:29,0.85,0.85,47600,0.9,80360,15080,1846520
FINNIFTY02JAN2420950PE.NFO,02/01/2024,09:59:30,0.85,0.85,65880,0.9,82000,4040,1846520
FINNIFTY02JAN2420950PE.NFO,02/01/2024,09:59:31,0.85,0.85,64320,0.9,86400,2240,1846520
FINNIFTY02JAN2420950PE.NFO,02/01/2024,09:59:32,0.9,0.85,70400,0.9,87480,3240,1846520
FINNIFTY02JAN2420950PE.NFO,02/01/2024,09:59:33,0.85,0.85,68040,0.9,84920,10120,1806840
FINNIFTY02JAN2420950PE.NFO,02/01/2024,09:59:34,0.9,0.85,63960,0.9,77240,14520,1806840
FINNIFTY02JAN2420950PE.NFO,02/01/2024,09:59:35,0.9,0.85,43240,0.9,77600,2480,1806840
FINNIFTY02JAN2420950PE.NFO,02/01/2024,09:59:36,0.85,0.85,53160,0.9,66440,18560,1806840
FINNIFTY02JAN2420950PE.NFO,02/01/2024,09:59:37,0.9,0.85,40240,0.9,73920,5560,1806840
FINNIFTY02JAN2420950PE.NFO,02/01/2024,09:59:38,0.8,0.8,90080,0.85,36080,35240,1806840
FINNIFTY02JAN2420950PE.NFO,02/01/2024,09:59:39,0.8,0.8,97480,0.85,59040,8520,1806840
FINNIFTY02JAN2420950PE.NFO,02/01/2024,09:59:40,0.8,0.8,77800,0.85,60280,7120,1806840
FINNIFTY02JAN2420950PE.NFO,02/01/2024,09:59:41,0.8,0.8,80680,0.85,65960,3360,1806840
FINNIFTY02JAN2420950PE.NFO,02/01/2024,09:59:42,0.85,0.8,80480,0.85,56600,5040,1806840
FINNIFTY02JAN2420950PE.NFO,02/01/2024,09:59:43,0.85,0.85,22560,0.9,63120,40000,1806840
FINNIFTY02JAN2420950PE.NFO,02/01/2024,09:59:44,0.85,0.8,132360,0.85,62880,23640,1806840
FINNIFTY02JAN2420950PE.NFO,02/01/2024,09:59:45,0.85,0.85,31400,0.9,71880,23680,1806840
FINNIFTY02JAN2420950PE.NFO,02/01/2024,09:59:46,0.85,0.85,24840,0.9,71520,3560,1806840
FINNIFTY02JAN2420950PE.NFO,02/01/2024,09:59:47,0.85,0.8,132120,0.85,55360,16480,1806840
FINNIFTY02JAN2420950PE.NFO,02/01/2024,09:59:48,0.85,0.8,132320,0.85,57360,880,1806840
FINNIFTY02JAN2420950PE.NFO,02/01/2024,09:59:49,0.85,0.8,136680,0.85,41680,2240,1806840
FINNIFTY02JAN2420950PE.NFO,02/01/2024,09:59:50,0.85,0.8,145120,0.85,16160,127960,1806840
FINNIFTY02JAN2420950PE.NFO,02/01/2024,09:59:51,0.85,0.85,58120,0.9,72720,23200,1806840
FINNIFTY02JAN2420950PE.NFO,02/01/2024,09:59:52,0.85,0.85,53720,0.9,74600,7520,1806840
FINNIFTY02JAN2420950PE.NFO,02/01/2024,09:59:53,0.85,0.85,50600,0.9,82520,3440,1806840
FINNIFTY02JAN2420950PE.NFO,02/01/2024,09:59:54,0.85,0.85,54600,0.9,85520,8200,1806840
FINNIFTY02JAN2420950PE.NFO,02/01/2024,09:59:55,0.85,0.8,156800,0.85,46000,40640,1806840
FINNIFTY02JAN2420950PE.NFO,02/01/2024,09:59:56,0.85,0.8,141360,0.85,92040,25160,1806840
FINNIFTY02JAN2420950PE.NFO,02/01/2024,09:59:57,0.85,0.8,140840,0.85,101880,1720,1806840
FINNIFTY02JAN2420950PE.NFO,02/01/2024,09:59:58,0.85,0.8,132640,0.85,136240,1040,1806840
FINNIFTY02JAN2420950PE.NFO,02/01/2024,09:59:59,0.85,0.8,133880,0.85,139320,1680,1806840
FINNIFTY02JAN2420950PE.NFO,02/01/2024,10:00:00,0.8,0.8,130560,0.85,150040,7880,1806840
FINNIFTY02JAN2420950PE.NFO,02/01/2024,10:00:01,0.8,0.8,124160,0.85,149040,12560,1806840
FINNIFTY02JAN2420950PE.NFO,02/01/2024,10:00:02,0.85,0.8,124480,0.85,150720,2440,1806840
FINNIFTY02JAN2420950PE.NFO,02/01/2024,10:00:03,0.85,0.8,124480,0.85,153520,3280,1806840
FINNIFTY02JAN2420950PE.NFO,02/01/2024,10:00:04,0.85,0.8,113960,0.85,153600,15000,1806840
FINNIFTY02JAN2420950PE.NFO,02/01/2024,10:00:05,0.85,0.8,125680,0.85,153200,4960,1806840
FINNIFTY02JAN2420950PE.NFO,02/01/2024,10:00:06,0.85,0.8,126480,0.85,152760,1080,1806840
FINNIFTY02JAN2420950PE.NFO,02/01/2024,10:00:07,0.85,0.8,127560,0.85,152720,1200,1806840
FINNIFTY02JAN2420950PE.NFO,02/01/2024,10:00:08,0.85,0.8,125280,0.85,152400,3560,1806840
FINNIFTY02JAN2420950PE.NFO,02/01/2024,10:00:09,0.85,0.8,124360,0.85,150640,3320,1806840
FINNIFTY02JAN2420950PE.NFO,02/01/2024,10:00:10,0.85,0.8,141920,0.85,169720,2240,1806840
FINNIFTY02JAN2420950PE.NFO,02/01/2024,10:00:11,0.8,0.8,143920,0.85,168120,2680,1806840
FINNIFTY02JAN2420950PE.NFO,02/01/2024,10:00:12,0.8,0.8,140960,0.85,168600,5640,1806840
FINNIFTY02JAN2420950PE.NFO,02/01/2024,10:00:13,0.8,0.8,159040,0.85,187600,160,1806840
FINNIFTY02JAN2420950PE.NFO,02/01/2024,10:00:14,0.8,0.8,154120,0.85,185520,3200,1806840
FINNIFTY02JAN2420950PE.NFO,02/01/2024,10:00:15,0.85,0.8,155080,0.85,189880,800,1806840
FINNIFTY02JAN2420950PE.NFO,02/01/2024,10:00:16,0.8,0.8,155600,0.85,188840,2080,1806840
FINNIFTY02JAN2420950PE.NFO,02/01/2024,10:00:17,0.8,0.8,152520,0.85,190880,560,1806840
FINNIFTY02JAN2420950PE.NFO,02/01/2024,10:00:18,0.85,0.8,154400,0.85,188600,4720,1806840
FINNIFTY02JAN2420950PE.NFO,02/01/2024,10:00:19,0.8,0.8,146160,0.85,188560,4280,1806840
FINNIFTY02JAN2420950PE.NFO,02/01/2024,10:00:20,0.8,0.8,95200,0.85,190280,22440,1806840
FINNIFTY02JAN2420950PE.NFO,02/01/2024,10:00:21,0.8,0.8,100200,0.85,186840,13440,1806840
FINNIFTY02JAN2420950PE.NFO,02/01/2024,10:00:22,0.85,0.8,110160,0.85,163240,3680,1806840
FINNIFTY02JAN2420950PE.NFO,02/01/2024,10:00:23,0.8,0.75,262040,0.8,114680,71600,1806840
FINNIFTY02JAN2420950PE.NFO,02/01/2024,10:00:24,0.8,0.75,267680,0.8,138560,40,1806840
FINNIFTY02JAN2420950PE.NFO,02/01/2024,10:00:25,0.8,0.75,268440,0.8,154560,2240,1806840
FINNIFTY02JAN2420950PE.NFO,02/01/2024,10:00:26,0.75,0.75,264960,0.8,164760,1920,1806840
FINNIFTY02JAN2420950PE.NFO,02/01/2024,10:00:27,0.8,0.75,265440,0.8,179240,1640,1806840
FINNIFTY02JAN2420950PE.NFO,02/01/2024,10:00:28,0.75,0.75,249680,0.8,185120,4760,1806840
FINNIFTY02JAN2420950PE.NFO,02/01/2024,10:00:29,0.75,0.75,235640,0.8,192760,11960,1806840
FINNIFTY02JAN2420950PE.NFO,02/01/2024,10:00:30,0.8,0.75,240080,0.8,174640,4520,1806840
FINNIFTY02JAN2420950PE.NFO,02/01/2024,10:00:31,0.75,0.75,238520,0.8,171960,3880,1806840
FINNIFTY02JAN2420950PE.NFO,02/01/2024,10:00:32,0.75,0.75,238200,0.8,184960,1040,1806840
FINNIFTY02JAN2420950PE.NFO,02/01/2024,10:00:33,0.75,0.75,237880,0.8,185360,560,1806840
FINNIFTY02JAN2420950PE.NFO,02/01/2024,10:00:34,0.8,0.75,238800,0.8,177160,10920,1806840
FINNIFTY02JAN2420950PE.NFO,02/01/2024,10:00:35,0.8,0.75,241760,0.8,175680,5920,1806840
FINNIFTY02JAN2420950PE.NFO,02/01/2024,10:00:36,0.75,0.75,231400,0.8,167040,36800,1806840
FINNIFTY02JAN2420950PE.NFO,02/01/2024,10:00:37,0.8,0.75,229160,0.8,167320,5080,1806840
FINNIFTY02JAN2420950PE.NFO,02/01/2024,10:00:38,0.75,0.75,221960,0.8,169960,10200,1806840
FINNIFTY02JAN2420950PE.NFO,02/01/2024,10:00:39,0.8,0.75,217760,0.8,168280,11320,1806840
FINNIFTY02JAN2420950PE.NFO,02/01/2024,10:00:40,0.8,0.75,217040,0.8,157320,16280,1806840
FINNIFTY02JAN2420950PE.NFO,02/01/2024,10:00:41,0.75,0.75,216640,0.8,98080,7600,1806840
FINNIFTY02JAN2420950PE.NFO,02/01/2024,10:00:42,0.85,0.8,122240,0.85,163280,41440,1806840
FINNIFTY02JAN2420950PE.NFO,02/01/2024,10:00:43,0.8,0.8,184520,0.85,166000,1200,1806840
FINNIFTY02JAN2420950PE.NFO,02/01/2024,10:00:44,0.85,0.8,195040,0.85,165440,2000,1806840
FINNIFTY02JAN2420950PE.NFO,02/01/2024,10:00:45,0.85,0.85,50160,0.9,74720,90480,1806840
FINNIFTY02JAN2420950PE.NFO,02/01/2024,10:00:46,0.85,0.85,63880,0.9,80480,4840,1806840
FINNIFTY02JAN2420950PE.NFO,02/01/2024,10:00:47,0.8,0.8,136880,0.85,159240,55560,1806840
FINNIFTY02JAN2420950PE.NFO,02/01/2024,10:00:48,0.8,0.8,137200,0.85,182120,0,1806840
FINNIFTY02JAN2420950PE.NFO,02/01/2024,10:00:49,0.8,0.8,131440,0.85,182040,6120,1806840
FINNIFTY02JAN2420950PE.NFO,02/01/2024,10:00:50,0.8,0.8,131080,0.85,184040,1440,1806840
FINNIFTY02JAN2420950PE.NFO,02/01/2024,10:00:51,0.8,0.8,134520,0.85,184200,2000,1806840
FINNIFTY02JAN2420950PE.NFO,02/01/2024,10:00:52,0.8,0.8,136400,0.85,196640,3760,1806840
FINNIFTY02JAN2420950PE.NFO,02/01/2024,10:00:53,0.8,0.8,134400,0.85,198000,2280,1806840
FINNIFTY02JAN2420950PE.NFO,02/01/2024,10:00:54,0.8,0.8,136160,0.85,198200,2240,1806840
FINNIFTY02JAN2420950PE.NFO,02/01/2024,10:00:55,0.85,0.8,135240,0.85,195760,9200,1806840
FINNIFTY02JAN2420950PE.NFO,02/01/2024,10:00:56,0.85,0.8,136600,0.85,205480,360,1806840
FINNIFTY02JAN2420950PE.NFO,02/01/2024,10:00:57,0.85,0.8,136000,0.85,199600,160,1806840
FINNIFTY02JAN2420950PE.NFO,02/01/2024,10:00:58,0.85,0.8,135600,0.85,197880,5240,1806840
FINNIFTY02JAN2420950PE.NFO,02/01/2024,10:00:59,0.8,0.8,142800,0.85,191560,21440,1806840
FINNIFTY02JAN2420950PE.NFO,02/01/2024,10:01:00,0.8,0.8,142960,0.85,185600,14920,1806840
FINNIFTY02JAN2420950PE.NFO,02/01/2024,10:01:01,0.8,0.8,139080,0.85,170440,25080,1806840
FINNIFTY02JAN2420950PE.NFO,02/01/2024,10:01:02,0.85,0.8,140160,0.85,165960,760,1806840
FINNIFTY02JAN2420950PE.NFO,02/01/2024,10:01:03,0.8,0.8,95080,0.85,167280,6600,1806840
FINNIFTY02JAN2420950PE.NFO,02/01/2024,10:01:04,0.85,0.8,92200,0.85,164280,3560,1806840
FINNIFTY02JAN2420950PE.NFO,02/01/2024,10:01:05,0.85,0.8,94560,0.85,157200,24360,1806840
FINNIFTY02JAN2420950PE.NFO,02/01/2024,10:01:06,0.85,0.8,70840,0.85,116080,49120,1806840
FINNIFTY02JAN2420950PE.NFO,02/01/2024,10:01:07,0.85,0.8,64920,0.85,115440,15040,1806840
FINNIFTY02JAN2420950PE.NFO,02/01/2024,10:01:08,0.8,0.8,63200,0.85,115160,23440,1806840
FINNIFTY02JAN2420950PE.NFO,02/01/2024,10:01:09,0.85,0.8,73080,0.85,109840,10960,1806840
FINNIFTY02JAN2420950PE.NFO,02/01/2024,10:01:10,0.8,0.8,72360,0.85,109440,960,1806840
FINNIFTY02JAN2420950PE.NFO,02/01/2024,10:01:11,0.8,0.8,73720,0.85,87880,2680,1806840
FINNIFTY02JAN2420950PE.NFO,02/01/2024,10:01:12,0.8,0.8,68840,0.85,95400,4760,1806840
FINNIFTY02JAN2420950PE.NFO,02/01/2024,10:01:13,0.85,0.8,68840,0.85,94880,520,1806840
FINNIFTY02JAN2420950PE.NFO,02/01/2024,10:01:14,0.85,0.8,73920,0.85,111080,9000,1806840
FINNIFTY02JAN2420950PE.NFO,02/01/2024,10:01:15,0.85,0.8,72760,0.85,113920,4520,1806840
FINNIFTY02JAN2420950PE.NFO,02/01/2024,10:01:16,0.8,0.8,71640,0.85,107680,29760,1806840
FINNIFTY02JAN2420950PE.NFO,02/01/2024,10:01:17,0.85,0.8,75360,0.85,102840,29480,1806840
FINNIFTY02JAN2420950PE.NFO,02/01/2024,10:01:18,0.85,0.8,74480,0.85,105360,1320,1806840
FINNIFTY02JAN2420950PE.NFO,02/01/2024,10:01:19,0.85,0.8,75400,0.85,106360,6120,1806840
FINNIFTY02JAN2420950PE.NFO,02/01/2024,10:01:20,0.85,0.8,75880,0.85,115640,9360,1806840
FINNIFTY02JAN2420950PE.NFO,02/01/2024,10:01:21,0.8,0.8,64360,0.85,126920,16400,1806840
FINNIFTY02JAN2420950PE.NFO,02/01/2024,10:01:22,0.85,0.8,73200,0.85,105360,3120,1806840
FINNIFTY02JAN2420950PE.NFO,02/01/2024,10:01:23,0.85,0.8,77760,0.85,100440,1640,1806840
FINNIFTY02JAN2420950PE.NFO,02/01/2024,10:01:24,0.85,0.8,80280,0.85,72320,19240,1806840
FINNIFTY02JAN2420950PE.NFO,02/01/2024,10:01:25,0.85,0.8,82280,0.85,55920,19320,1806840
FINNIFTY02JAN2420950PE.NFO,02/01/2024,10:01:26,0.8,0.8,81200,0.85,76240,11600,1806840
FINNIFTY02JAN2420950PE.NFO,02/01/2024,10:01:27,0.8,0.8,82960,0.85,69120,18280,1806840
FINNIFTY02JAN2420950PE.NFO,02/01/2024,10:01:28,0.85,0.8,82480,0.85,62880,13840,1806840
FINNIFTY02JAN2420950PE.NFO,02/01/2024,10:01:29,0.8,0.8,83720,0.85,63480,9080,1806840
FINNIFTY02JAN2420950PE.NFO,02/01/2024,10:01:30,0.85,0.8,119680,0.85,68640,4560,1806840
FINNIFTY02JAN2420950PE.NFO,02/01/2024,10:01:31,0.8,0.8,123160,0.85,65640,200,1806840
FINNIFTY02JAN2420950PE.NFO,02/01/2024,10:01:32,0.8,0.8,123760,0.85,68720,4240,1806840
FINNIFTY02JAN2420950PE.NFO,02/01/2024,10:01:33,0.85,0.8,123040,0.85,75160,1560,1806840
FINNIFTY02JAN2420950PE.NFO,02/01/2024,10:01:34,0.85,0.8,128720,0.85,72400,1280,1806840
FINNIFTY02JAN2420950PE.NFO,02/01/2024,10:01:35,0.8,0.8,140640,0.85,88600,12920,1806840
FINNIFTY02JAN2420950PE.NFO,02/01/2024,10:01:36,0.8,0.8,140560,0.85,97000,0,1806840
FINNIFTY02JAN2420950PE.NFO,02/01/2024,10:01:37,0.8,0.8,148280,0.85,101520,16600,1806840
FINNIFTY02JAN2420950PE.NFO,02/01/2024,10:01:38,0.8,0.8,127880,0.85,101960,23280,1806840
FINNIFTY02JAN2420950PE.NFO,02/01/2024,10:01:39,0.8,0.8,113400,0.85,101840,22600,1806840
FINNIFTY02JAN2420950PE.NFO,02/01/2024,10:01:40,0.8,0.75,222520,0.8,93680,51440,1806840
FINNIFTY02JAN2420950PE.NFO,02/01/2024,10:01:41,0.8,0.75,226120,0.8,103120,1680,1806840
FINNIFTY02JAN2420950PE.NFO,02/01/2024,10:01:42,0.75,0.75,225840,0.8,173040,440,1806840
FINNIFTY02JAN2420950PE.NFO,02/01/2024,10:01:43,0.75,0.75,223560,0.8,176880,1800,1806840
FINNIFTY02JAN2420950PE.NFO,02/01/2024,10:01:44,0.75,0.75,222240,0.8,176560,0,1806840
FINNIFTY02JAN2420950PE.NFO,02/01/2024,10:01:45,0.75,0.75,219720,0.8,179400,1280,1806840
FINNIFTY02JAN2420950PE.NFO,02/01/2024,10:01:46,0.8,0.75,216120,0.8,179160,320,1806840
FINNIFTY02JAN2420950PE.NFO,02/01/2024,10:01:47,0.75,0.75,215920,0.8,180480,1040,1806840
FINNIFTY02JAN2420950PE.NFO,02/01/2024,10:01:48,0.8,0.75,141760,0.8,173160,42480,1806840
FINNIFTY02JAN2420950PE.NFO,02/01/2024,10:01:49,0.75,0.75,143120,0.8,175920,2160,1806840
FINNIFTY02JAN2420950PE.NFO,02/01/2024,10:01:50,0.8,0.75,160880,0.8,170560,2200,1806840
FINNIFTY02JAN2420950PE.NFO,02/01/2024,10:01:51,0.75,0.75,159800,0.8,172240,2960,1806840
FINNIFTY02JAN2420950PE.NFO,02/01/2024,10:01:52,0.75,0.75,154960,0.8,175720,1320,1806840
FINNIFTY02JAN2420950PE.NFO,02/01/2024,10:01:53,0.75,0.75,156960,0.8,176000,0,1806840
FINNIFTY02JAN2420950PE.NFO,02/01/2024,10:01:54,0.75,0.75,147760,0.8,174200,5840,1806840
FINNIFTY02JAN2420950PE.NFO,02/01/2024,10:01:55,0.8,0.75,147480,0.8,176120,3120,1806840
FINNIFTY02JAN2420950PE.NFO,02/01/2024,10:01:56,0.8,0.75,146840,0.8,175600,600,1806840
FINNIFTY02JAN2420950PE.NFO,02/01/2024,10:01:57,0.8,0.75,145160,0.8,177480,1240,1806840
FINNIFTY02JAN2420950PE.NFO,02/01/2024,10:01:58,0.75,0.75,149240,0.8,176520,2000,1806840
FINNIFTY02JAN2420950PE.NFO,02/01/2024,10:01:59,0.8,0.75,123880,0.8,174120,320,1806840
FINNIFTY02JAN2420950PE.NFO,02/01/2024,10:02:00,0.75,0.75,159600,0.8,175560,1520,1806840
FINNIFTY02JAN2420950PE.NFO,02/01/2024,10:02:01,0.75,0.75,160560,0.8,175080,920,1806840
FINNIFTY02JAN2420950PE.NFO,02/01/2024,10:02:02,0.8,0.75,161080,0.8,175440,1000,1806840
FINNIFTY02JAN2420950PE.NFO,02/01/2024,10:02:03,0.75,0.75,160680,0.8,174920,1080,1806840
FINNIFTY02JAN2420950PE.NFO,02/01/2024,10:02:04,0.75,0.75,159280,0.8,177160,200,1806840
FINNIFTY02JAN2420950PE.NFO,02/01/2024,10:02:05,0.75,0.75,158960,0.8,179280,320,1806840
FINNIFTY02JAN2420950PE.NFO,02/01/2024,10:02:06,0.75,0.75,155160,0.8,177200,4280,1806840
FINNIFTY02JAN2420950PE.NFO,02/01/2024,10:02:07,0.75,0.75,160160,0.8,164560,40,1806840
FINNIFTY02JAN2420950PE.NFO,02/01/2024,10:02:08,0.75,0.75,154720,0.8,166160,920,1806840
FINNIFTY02JAN2420950PE.NFO,02/01/2024,10:02:09,0.75,0.75,152880,0.8,164480,2560,1806840
FINNIFTY02JAN2420950PE.NFO,02/01/2024,10:02:10,0.75,0.75,76000,0.8,174640,67160,1806840
FINNIFTY02JAN2420950PE.NFO,02/01/2024,10:02:11,0.75,0.7,164200,0.75,92200,51560,1806840
FINNIFTY02JAN2420950PE.NFO,02/01/2024,10:02:12,0.75,0.7,165080,0.75,110560,1600,1806840
FINNIFTY02JAN2420950PE.NFO,02/01/2024,10:02:13,0.7,0.7,166280,0.75,115200,5240,1806840
FINNIFTY02JAN2420950PE.NFO,02/01/2024,10:02:14,0.75,0.7,165400,0.75,112400,2800,1806840
FINNIFTY02JAN2420950PE.NFO,02/01/2024,10:02:15,0.75,0.7,164520,0.75,107480,4720,1806840
FINNIFTY02JAN2420950PE.NFO,02/01/2024,10:02:16,0.75,0.7,163920,0.75,105960,400,1806840
FINNIFTY02JAN2420950PE.NFO,02/01/2024,10:02:17,0.75,0.7,170600,0.75,109000,10840,1806840
FINNIFTY02JAN2420950PE.NFO,02/01/2024,10:02:18,0.8,0.75,214880,0.8,167840,101960,1806840
FINNIFTY02JAN2420950PE.NFO,02/01/2024,10:02:19,0.8,0.75,225480,0.8,135360,43800,1806840
FINNIFTY02JAN2420950PE.NFO,02/01/2024,10:02:20,0.8,0.75,228560,0.8,132360,3000,1806840
FINNIFTY02JAN2420950PE.NFO,02/01/2024,10:02:21,0.8,0.75,231000,0.8,136480,4800,1806840
FINNIFTY02JAN2420950PE.NFO,02/01/2024,10:02:22,0.75,0.75,234440,0.8,129520,6480,1806840
FINNIFTY02JAN2420950PE.NFO,02/01/2024,10:02:23,0.75,0.75,231640,0.8,136480,5360,1806840
FINNIFTY02JAN2420950PE.NFO,02/01/2024,10:02:24,0.75,0.75,235000,0.8,135640,3720,1806840
FINNIFTY02JAN2420950PE.NFO,02/01/2024,10:02:25,0.8,0.75,240200,0.8,71520,19400,1806840
FINNIFTY02JAN2420950PE.NFO,02/01/2024,10:02:26,0.75,0.75,249320,0.8,104200,11760,1806840
FINNIFTY02JAN2420950PE.NFO,02/01/2024,10:02:27,0.8,0.75,250760,0.8,51040,8840,1806840
FINNIFTY02JAN2420950PE.NFO,02/01/2024,10:02:28,0.8,0.75,256720,0.8,115040,10320,1806840
FINNIFTY02JAN2420950PE.NFO,02/01/2024,10:02:29,0.75,0.75,258880,0.8,103880,3440,1806840
FINNIFTY02JAN2420950PE.NFO,02/01/2024,10:02:30,0.75,0.75,254080,0.8,133320,6200,1806840
FINNIFTY02JAN2420950PE.NFO,02/01/2024,10:02:31,0.8,0.75,252000,0.8,134120,3880,1806840
FINNIFTY02JAN2420950PE.NFO,02/01/2024,10:02:32,0.8,0.75,250160,0.8,135880,40,1806840
FINNIFTY02JAN2420950PE.NFO,02/01/2024,10:02:33,0.8,0.75,248800,0.8,126960,12240,1806840
FINNIFTY02JAN2420950PE.NFO,02/01/2024,10:02:34,0.8,0.75,244600,0.8,122960,6840,1980400
FINNIFTY02JAN2420950PE.NFO,02/01/2024,10:02:35,0.75,0.75,245760,0.8,124280,160,1980400
FINNIFTY02JAN2420950PE.NFO,02/01/2024,10:02:36,0.75,0.75,109240,0.8,123160,4200,1980400
FINNIFTY02JAN2420950PE.NFO,02/01/2024,10:02:37,0.75,0.7,188200,0.75,109320,94800,1980400
FINNIFTY02JAN2420950PE.NFO,02/01/2024,10:02:38,0.75,0.7,189200,0.75,119440,1840,1980400
FINNIFTY02JAN2420950PE.NFO,02/01/2024,10:02:39,0.75,0.7,189840,0.75,120680,1000,1980400
FINNIFTY02JAN2420950PE.NFO,02/01/2024,10:02:40,0.75,0.7,190320,0.75,119520,1000,1980400
FINNIFTY02JAN2420950PE.NFO,02/01/2024,10:02:41,0.7,0.7,187440,0.75,127400,320,1980400
FINNIFTY02JAN2420950PE.NFO,02/01/2024,10:02:42,0.75,0.7,197680,0.75,121600,11000,1980400
FINNIFTY02JAN2420950PE.NFO,02/01/2024,10:02:43,0.7,0.7,198200,0.75,119440,7040,1980400
FINNIFTY02JAN2420950PE.NFO,02/01/2024,10:02:44,0.8,0.75,98560,0.8,125080,78600,1980400
FINNIFTY02JAN2420950PE.NFO,02/01/2024,10:02:45,0.8,0.75,97240,0.8,125280,0,1980400
FINNIFTY02JAN2420950PE.NFO,02/01/2024,10:02:46,0.8,0.75,92560,0.8,130040,20240,1980400
FINNIFTY02JAN2420950PE.NFO,02/01/2024,10:02:47,0.8,0.75,96680,0.8,128200,2480,1980400
FINNIFTY02JAN2420950PE.NFO,02/01/2024,10:02:48,0.75,0.75,103800,0.8,123080,5000,1980400
FINNIFTY02JAN2420950PE.NFO,02/01/2024,10:02:49,0.75,0.75,85600,0.8,129240,16320,1980400
FINNIFTY02JAN2420950PE.NFO,02/01/2024,10:02:50,0.75,0.75,90160,0.8,131320,8280,1980400
FINNIFTY02JAN2420950PE.NFO,02/01/2024,10:02:51,0.75,0.75,85440,0.8,131480,1400,1980400
FINNIFTY02JAN2420950PE.NFO,02/01/2024,10:02:52,0.8,0.75,91640,0.8,128240,4000,1980400
FINNIFTY02JAN2420950PE.NFO,02/01/2024,10:02:53,0.75,0.75,89120,0.8,127680,6360,1980400
FINNIFTY02JAN2420950PE.NFO,02/01/2024,10:02:54,0.75,0.75,83760,0.8,128640,6800,1980400
FINNIFTY02JAN2420950PE.NFO,02/01/2024,10:02:55,0.75,0.75,83760,0.8,122640,10680,1980400
FINNIFTY02JAN2420950PE.NFO,02/01/2024,10:02:56,0.75,0.75,90920,0.8,122640,40,1980400
FINNIFTY02JAN2420950PE.NFO,02/01/2024,10:02:57,0.75,0.7,176880,0.75,109480,49360,1980400
FINNIFTY02JAN2420950PE.NFO,02/01/2024,10:02:58,0.7,0.7,156600,0.75,124960,23720,1980400
FINNIFTY02JAN2420950PE.NFO,02/01/2024,10:02:59,0.7,0.7,157240,0.75,121600,680,1980400
FINNIFTY02JAN2420950PE.NFO,02/01/2024,10:03:00,0.75,0.7,143440,0.75,120040,21880,1980400
FINNIFTY02JAN2420950PE.NFO,02/01/2024,10:03:01,0.75,0.7,138320,0.75,123720,7280,1980400
FINNIFTY02JAN2420950PE.NFO,02/01/2024,10:03:02,0.75,0.7,136640,0.75,157960,5280,1980400
FINNIFTY02JAN2420950PE.NFO,02/01/2024,10:03:03,0.75,0.7,136640,0.75,157920,1440,1980400
FINNIFTY02JAN2420950PE.NFO,02/01/2024,10:03:04,0.7,0.7,135800,0.75,158400,840,1980400
FINNIFTY02JAN2420950PE.NFO,02/01/2024,10:03:05,0.7,0.7,129720,0.75,158200,8880,1980400
FINNIFTY02JAN2420950PE.NFO,02/01/2024,10:03:06,0.75,0.7,131720,0.75,157360,1800,1980400
FINNIFTY02JAN2420950PE.NFO,02/01/2024,10:03:07,0.75,0.7,132280,0.75,158920,4000,1980400
FINNIFTY02JAN2420950PE.NFO,02/01/2024,10:03:08,0.75,0.7,131040,0.75,158600,400,1980400
FINNIFTY02JAN2420950PE.NFO,02/01/2024,10:03:09,0.75,0.7,130240,0.75,158400,4680,1980400
FINNIFTY02JAN2420950PE.NFO,02/01/2024,10:03:10,0.75,0.7,130800,0.75,160280,4200,1980400
FINNIFTY02JAN2420950PE.NFO,02/01/2024,10:03:11,0.75,0.7,131760,0.75,159800,5520,1980400
FINNIFTY02JAN2420950PE.NFO,02/01/2024,10:03:12,0.75,0.7,123560,0.75,157960,4920,1980400
FINNIFTY02JAN2420950PE.NFO,02/01/2024,10:03:13,0.75,0.7,86120,0.75,156640,12920,1980400
FINNIFTY02JAN2420950PE.NFO,02/01/2024,10:03:14,0.7,0.65,155160,0.7,119600,77720,1980400
FINNIFTY02JAN2420950PE.NFO,02/01/2024,10:03:15,0.7,0.65,149400,0.7,139760,14200,1980400
FINNIFTY02JAN2420950PE.NFO,02/01/2024,10:03:16,0.7,0.65,148680,0.7,154000,1920,1980400
FINNIFTY02JAN2420950PE.NFO,02/01/2024,10:03:17,0.7,0.65,144840,0.7,179680,3160,1980400
FINNIFTY02JAN2420950PE.NFO,02/01/2024,10:03:18,0.7,0.65,146640,0.7,179880,7240,1980400
FINNIFTY02JAN2420950PE.NFO,02/01/2024,10:03:19,0.65,0.65,144560,0.7,180960,5160,1980400
FINNIFTY02JAN2420950PE.NFO,02/01/2024,10:03:20,0.65,0.65,145640,0.7,179200,5320,1980400
FINNIFTY02JAN2420950PE.NFO,02/01/2024,10:03:21,0.7,0.65,147360,0.7,190160,5640,1980400
FINNIFTY02JAN2420950PE.NFO,02/01/2024,10:03:22,0.65,0.65,147520,0.7,190240,40,1980400
FINNIFTY02JAN2420950PE.NFO,02/01/2024,10:03:23,0.7,0.65,147600,0.7,189400,4120,1980400
FINNIFTY02JAN2420950PE.NFO,02/01/2024,10:03:24,0.7,0.65,141960,0.7,187800,7400,1980400
FINNIFTY02JAN2420950PE.NFO,02/01/2024,10:03:25,0.65,0.65,138920,0.7,190120,3200,1980400
FINNIFTY02JAN2420950PE.NFO,02/01/2024,10:03:26,0.7,0.65,139240,0.7,189960,5640,1980400
FINNIFTY02JAN2420950PE.NFO,02/01/2024,10:03:27,0.7,0.65,141240,0.7,190560,1800,1980400
FINNIFTY02JAN2420950PE.NFO,02/01/2024,10:03:28,0.7,0.65,141400,0.7,189160,3960,1980400
FINNIFTY02JAN2420950PE.NFO,02/01/2024,10:03:29,0.7,0.65,175800,0.7,189440,1800,1980400
FINNIFTY02JAN2420950PE.NFO,02/01/2024,10:03:30,0.7,0.65,177680,0.7,188800,3440,1980400
FINNIFTY02JAN2420950PE.NFO,02/01/2024,10:03:31,0.65,0.65,175480,0.7,187160,4000,1980400
FINNIFTY02JAN2420950PE.NFO,02/01/2024,10:03:32,0.7,0.65,183160,0.7,189120,10800,1980400
FINNIFTY02JAN2420950PE.NFO,02/01/2024,10:03:33,0.7,0.65,183560,0.7,186120,5400,1980400
FINNIFTY02JAN2420950PE.NFO,02/01/2024,10:03:34,0.65,0.65,182160,0.7,189200,5800,1980400
FINNIFTY02JAN2420950PE.NFO,02/01/2024,10:03:35,0.65,0.65,176760,0.7,190200,6240,1980400
FINNIFTY02JAN2420950PE.NFO,02/01/2024,10:03:36,0.65,0.65,172440,0.7,189080,3000,1980400
FINNIFTY02JAN2420950PE.NFO,02/01/2024,10:03:37,0.65,0.65,172480,0.7,189920,1800,1980400
FINNIFTY02JAN2420950PE.NFO,02/01/2024,10:03:38,0.65,0.65,172880,0.7,192840,0,1980400
FINNIFTY02JAN2420950PE.NFO,02/01/2024,10:03:39,0.65,0.65,169800,0.7,194720,1880,1980400
FINNIFTY02JAN2420950PE.NFO,02/01/2024,10:03:40,0.65,0.65,173400,0.7,198400,0,1980400
FINNIFTY02JAN2420950PE.NFO,02/01/2024,10:03:41,0.7,0.65,171600,0.7,200120,200,1980400
FINNIFTY02JAN2420950PE.NFO,02/01/2024,10:03:42,0.7,0.65,171600,0.7,200120,1800,1980400
FINNIFTY02JAN2420950PE.NFO,02/01/2024,10:03:43,0.7,0.65,171200,0.7,197280,4000,1980400
FINNIFTY02JAN2420950PE.NFO,02/01/2024,10:03:44,0.7,0.65,171200,0.7,198360,2000,1980400
FINNIFTY02JAN2420950PE.NFO,02/01/2024,10:03:45,0.65,0.65,169960,0.7,198000,1240,1980400
FINNIFTY02JAN2420950PE.NFO,02/01/2024,10:03:46,0.65,0.65,169560,0.7,200320,400,1980400
FINNIFTY02JAN2420950PE.NFO,02/01/2024,10:03:47,0.65,0.65,169640,0.7,198920,3000,1980400
FINNIFTY02JAN2420950PE.NFO,02/01/2024,10:03:48,0.7,0.65,165480,0.7,196160,4760,1980400
FINNIFTY02JAN2420950PE.NFO,02/01/2024,10:03:49,0.65,0.65,165040,0.7,199760,120,1980400
FINNIFTY02JAN2420950PE.NFO,02/01/2024,10:03:50,0.65,0.65,164920,0.7,199760,120,1980400
FINNIFTY02JAN2420950PE.NFO,02/01/2024,10:03:51,0.65,0.65,163920,0.7,198360,2800,1980400
FINNIFTY02JAN2420950PE.NFO,02/01/2024,10:03:52,0.65,0.65,162920,0.7,203720,1920,1980400
FINNIFTY02JAN2420950PE.NFO,02/01/2024,10:03:53,0.65,0.65,157880,0.7,205080,3200,1980400
FINNIFTY02JAN2420950PE.NFO,02/01/2024,10:03:54,0.65,0.65,156680,0.7,205120,0,1980400
FINNIFTY02JAN2420950PE.NFO,02/01/2024,10:03:55,0.7,0.65,157160,0.7,204120,3120,1980400
FINNIFTY02JAN2420950PE.NFO,02/01/2024,10:03:56,0.7,0.65,157160,0.7,200120,5400,1980400
FINNIFTY02JAN2420950PE.NFO,02/01/2024,10:03:57,0.7,0.65,158800,0.7,200320,2400,1980400
FINNIFTY02JAN2420950PE.NFO,02/01/2024,10:03:58,0.7,0.65,155760,0.7,200000,560,1980400
FINNIFTY02JAN2420950PE.NFO,02/01/2024,10:03:59,0.7,0.65,158720,0.7,199000,3400,1980400
FINNIFTY02JAN2420950PE.NFO,02/01/2024,10:04:00,0.65,0.65,153760,0.7,199480,800,1980400
FINNIFTY02JAN2420950PE.NFO,02/01/2024,10:04:01,0.65,0.65,155880,0.7,199520,0,1980400
FINNIFTY02JAN2420950PE.NFO,02/01/2024,10:04:02,0.65,0.65,105360,0.7,200320,2160,1980400
FINNIFTY02JAN2420950PE.NFO,02/01/2024,10:04:03,0.7,0.65,105360,0.7,198480,1840,1980400
FINNIFTY02JAN2420950PE.NFO,02/01/2024,10:04:04,0.65,0.65,101040,0.7,194160,4320,1980400
FINNIFTY02JAN2420950PE.NFO,02/01/2024,10:04:05,0.7,0.65,101080,0.7,191480,1440,1980400
FINNIFTY02JAN2420950PE.NFO,02/01/2024,10:04:06,0.7,0.65,102640,0.7,194640,2640,1980400
FINNIFTY02JAN2420950PE.NFO,02/01/2024,10:04:07,0.65,0.65,100160,0.7,192640,4840,1980400
FINNIFTY02JAN2420950PE.NFO,02/01/2024,10:04:08,0.7,0.65,98480,0.7,216520,30000,1980400
FINNIFTY02JAN2420950PE.NFO,02/01/2024,10:04:09,0.65,0.65,96600,0.7,213200,10040,1980400
FINNIFTY02JAN2420950PE.NFO,02/01/2024,10:04:10,0.7,0.65,97120,0.7,203360,11680,1980400
FINNIFTY02JAN2420950PE.NFO,02/01/2024,10:04:11,0.65,0.6,284720,0.65,82800,71520,1980400
FINNIFTY02JAN2420950PE.NFO,02/01/2024,10:04:12,0.6,0.6,286920,0.65,101280,5120,1980400
FINNIFTY02JAN2420950PE.NFO,02/01/2024,10:04:13,0.6,0.6,286920,0.65,117440,0,1980400
FINNIFTY02JAN2420950PE.NFO,02/01/2024,10:04:14,0.6,0.6,286040,0.65,118000,0,1980400
FINNIFTY02JAN2420950PE.NFO,02/01/2024,10:04:15,0.65,0.6,286920,0.65,118080,920,1980400
FINNIFTY02JAN2420950PE.NFO,02/01/2024,10:04:16,0.65,0.6,287800,0.65,117840,240,1980400
FINNIFTY02JAN2420950PE.NFO,02/01/2024,10:04:17,0.6,0.6,289400,0.65,118840,3160,1980400
FINNIFTY02JAN2420950PE.NFO,02/01/2024,10:04:18,0.6,0.6,288960,0.65,106040,3320,1980400
FINNIFTY02JAN2420950PE.NFO,02/01/2024,10:04:19,0.65,0.6,287280,0.65,97920,1200,1980400
FINNIFTY02JAN2420950PE.NFO,02/01/2024,10:04:20,0.65,0.65,58960,0.7,224440,50240,1980400
FINNIFTY02JAN2420950PE.NFO,02/01/2024,10:04:21,0.7,0.65,71160,0.7,228720,1840,1980400
FINNIFTY02JAN2420950PE.NFO,02/01/2024,10:04:22,0.7,0.65,72960,0.7,229120,0,1980400
FINNIFTY02JAN2420950PE.NFO,02/01/2024,10:04:23,0.65,0.65,36880,0.7,227680,9400,1980400
FINNIFTY02JAN2420950PE.NFO,02/01/2024,10:04:24,0.6,0.6,235560,0.65,104840,29920,1980400
FINNIFTY02JAN2420950PE.NFO,02/01/2024,10:04:25,0.6,0.6,236480,0.65,108880,0,1980400
FINNIFTY02JAN2420950PE.NFO,02/01/2024,10:04:26,0.65,0.6,236120,0.65,109440,2400,1980400
FINNIFTY02JAN2420950PE.NFO,02/01/2024,10:04:27,0.65,0.6,236760,0.65,107680,1800,1980400
FINNIFTY02JAN2420950PE.NFO,02/01/2024,10:04:28,0.65,0.6,237640,0.65,97720,2840,1980400
FINNIFTY02JAN2420950PE.NFO,02/01/2024,10:04:29,0.6,0.6,234360,0.65,105640,4400,1980400
FINNIFTY02JAN2420950PE.NFO,02/01/2024,10:04:31,0.65,0.6,272880,0.65,105280,2080,1980400
FINNIFTY02JAN2420950PE.NFO,02/01/2024,10:04:41,0.6,0.6,310360,0.65,110960,12040,1980400
FINNIFTY02JAN2420950PE.NFO,02/01/2024,10:04:52,0.7,0.65,146720,0.7,253320,95840,1980400
FINNIFTY02JAN2420950PE.NFO,02/01/2024,10:05:02,0.7,0.65,149720,0.7,260920,15320,1980400
FINNIFTY02JAN2420950PE.NFO,02/01/2024,10:05:13,0.65,0.65,144120,0.7,256080,15160,1980400
FINNIFTY02JAN2420950PE.NFO,02/01/2024,10:05:23,0.7,0.65,152920,0.7,259760,19240,1980400
FINNIFTY02JAN2420950PE.NFO,02/01/2024,10:05:33,0.7,0.65,164640,0.7,242800,19680,1980400
FINNIFTY02JAN2420950PE.NFO,02/01/2024,10:05:43,0.7,0.65,193200,0.7,232240,20600,2039640
FINNIFTY02JAN2420950PE.NFO,02/01/2024,10:05:53,0.7,0.65,195640,0.7,229840,21280,2039640
FINNIFTY02JAN2420950PE.NFO,02/01/2024,10:06:03,0.65,0.65,194640,0.7,232240,36680,2039640
FINNIFTY02JAN2420950PE.NFO,02/01/2024,10:06:14,0.65,0.65,143760,0.7,234080,14520,2039640
FINNIFTY02JAN2420950PE.NFO,02/01/2024,10:06:24,0.65,0.65,126040,0.7,243560,33800,2039640
FINNIFTY02JAN2420950PE.NFO,02/01/2024,10:06:34,0.7,0.65,113360,0.7,257360,92920,2039640
FINNIFTY02JAN2420950PE.NFO,02/01/2024,10:06:45,0.7,0.65,104720,0.7,274360,26000,2039640
FINNIFTY02JAN2420950PE.NFO,02/01/2024,10:06:55,0.65,0.6,325520,0.65,47080,131320,2039640
FINNIFTY02JAN2420950PE.NFO,02/01/2024,10:07:05,0.65,0.6,334720,0.65,147680,114120,2039640
FINNIFTY02JAN2420950PE.NFO,02/01/2024,10:07:16,0.65,0.6,362440,0.65,89640,86520,2039640
FINNIFTY02JAN2420950PE.NFO,02/01/2024,10:07:26,0.7,0.65,119080,0.7,222480,80080,2039640
FINNIFTY02JAN2420950PE.NFO,02/01/2024,10:07:30,0.7,0.65,132600,0.7,211040,4000,2039640
FINNIFTY02JAN2420950PE.NFO,02/01/2024,10:07:31,0.65,0.65,132600,0.7,210040,680,2039640
FINNIFTY02JAN2420950PE.NFO,02/01/2024,10:07:32,0.65,0.65,132160,0.7,209960,520,2039640
FINNIFTY02JAN2420950PE.NFO,02/01/2024,10:07:33,0.65,0.65,128920,0.7,226400,2720,2039640
FINNIFTY02JAN2420950PE.NFO,02/01/2024,10:07:34,0.7,0.65,128480,0.7,226400,2400,2039640
FINNIFTY02JAN2420950PE.NFO,02/01/2024,10:07:35,0.7,0.65,233480,0.7,230120,7080,2039640
