Ticker,Date,Time,LTP,BuyPrice,BuyQty,SellPrice,SellQty,LTQ,OpenInterest
FINNIFTY02JAN2419750PE.NFO,02/01/2024,09:15:39,0.2,0.2,40,0.5,3040,120,4880
FINNIFTY02JAN2419750PE.NFO,02/01/2024,09:15:39,0.2,0.2,40,0.5,3040,0,4880
FINNIFTY02JAN2419750PE.NFO,02/01/2024,09:15:39,0.2,0.2,40,0.5,3040,0,4880
FINNIFTY02JAN2419750PE.NFO,02/01/2024,09:15:39,0.2,0.2,40,0.5,3040,0,4880
FINNIFTY02JAN2419750PE.NFO,02/01/2024,09:15:50,0.2,0.2,40,0.5,3040,40,4880
FINNIFTY02JAN2419750PE.NFO,02/01/2024,09:16:00,0.2,0.2,40,0.45,1600,0,4880
FINNIFTY02JAN2419750PE.NFO,02/01/2024,09:16:12,0.2,0.2,40,0.45,1680,240,4880
FINNIFTY02JAN2419750PE.NFO,02/01/2024,09:16:21,0.2,0.2,40,0.45,2080,0,4880
FINNIFTY02JAN2419750PE.NFO,02/01/2024,09:16:31,0.2,0.2,40,0.45,3680,0,4880
FINNIFTY02JAN2419750PE.NFO,02/01/2024,09:16:41,0.2,0.2,40,0.45,2480,0,4880
FINNIFTY02JAN2419750PE.NFO,02/01/2024,09:16:50,0.2,0.2,40,0.4,80,0,4880
FINNIFTY02JAN2419750PE.NFO,02/01/2024,09:17:00,0.2,0.2,40,0.4,120,0,4880
FINNIFTY02JAN2419750PE.NFO,02/01/2024,09:17:10,0.2,0.2,40,0.35,80,0,4880
FINNIFTY02JAN2419750PE.NFO,02/01/2024,09:17:19,0.2,0.2,40,0.35,160,0,4880
FINNIFTY02JAN2419750PE.NFO,02/01/2024,09:17:29,0.2,0.2,80,0.3,1920,0,4880
FINNIFTY02JAN2419750PE.NFO,02/01/2024,09:17:38,0.2,0.2,240,0.3,1920,0,4880
FINNIFTY02JAN2419750PE.NFO,02/01/2024,09:17:48,0.2,0.2,240,0.3,480,0,4880
FINNIFTY02JAN2419750PE.NFO,02/01/2024,09:18:07,0.2,0.2,40,0.3,560,0,4880
FINNIFTY02JAN2419750PE.NFO,02/01/2024,09:18:26,0.2,0.2,240,0.3,480,0,4880
FINNIFTY02JAN2419750PE.NFO,02/01/2024,09:18:45,0.2,0.2,2000,0.3,560,0,4880
FINNIFTY02JAN2419750PE.NFO,02/01/2024,09:20:16,0.2,0.2,2000,0.3,1360,0,4880
FINNIFTY02JAN2419750PE.NFO,02/01/2024,09:20:26,0.2,0.2,2000,0.3,1280,0,4880
FINNIFTY02JAN2419750PE.NFO,02/01/2024,09:21:35,0.3,0.2,2640,0.3,1080,200,4480
FINNIFTY02JAN2419750PE.NFO,02/01/2024,09:21:35,0.3,0.2,2640,0.3,1080,0,4480
FINNIFTY02JAN2419750PE.NFO,02/01/2024,09:21:45,0.3,0.2,2640,0.3,1080,0,4480
FINNIFTY02JAN2419750PE.NFO,02/01/2024,09:22:59,0.3,0.2,2000,0.3,1200,0,4480
FINNIFTY02JAN2419750PE.NFO,02/01/2024,09:23:37,0.3,0.2,2000,0.3,1120,0,4480
FINNIFTY02JAN2419750PE.NFO,02/01/2024,09:23:56,0.3,0.2,240,0.3,1400,0,4480
FINNIFTY02JAN2419750PE.NFO,02/01/2024,09:25:26,0.3,0.2,4080,0.3,1360,0,4480
FINNIFTY02JAN2419750PE.NFO,02/01/2024,09:25:46,0.3,0.2,40,0.3,1320,0,4480
FINNIFTY02JAN2419750PE.NFO,02/01/2024,09:25:55,0.3,0.2,7720,0.3,1440,0,4480
FINNIFTY02JAN2419750PE.NFO,02/01/2024,09:26:05,0.3,0.2,40,0.3,1560,0,4480
FINNIFTY02JAN2419750PE.NFO,02/01/2024,09:26:15,0.3,0.2,40,0.3,1480,0,4480
FINNIFTY02JAN2419750PE.NFO,02/01/2024,09:26:25,0.3,0.2,80,0.3,1480,0,4480
FINNIFTY02JAN2419750PE.NFO,02/01/2024,09:26:36,0.3,0.25,40,0.3,1440,0,4480
FINNIFTY02JAN2419750PE.NFO,02/01/2024,09:26:46,0.3,0.25,80,0.3,1440,0,4480
FINNIFTY02JAN2419750PE.NFO,02/01/2024,09:26:57,0.3,0.2,360,0.3,1480,0,4480
FINNIFTY02JAN2419750PE.NFO,02/01/2024,09:27:07,0.3,0.25,40,0.3,1480,0,4480
FINNIFTY02JAN2419750PE.NFO,02/01/2024,09:27:18,0.3,0.25,80,0.3,1480,0,4480
FINNIFTY02JAN2419750PE.NFO,02/01/2024,09:27:57,0.3,0.25,40,0.3,1480,0,4480
FINNIFTY02JAN2419750PE.NFO,02/01/2024,09:28:07,0.25,0.2,1760,0.3,1440,40,4280
FINNIFTY02JAN2419750PE.NFO,02/01/2024,09:28:17,0.25,0.2,1720,0.3,1440,0,4280
FINNIFTY02JAN2419750PE.NFO,02/01/2024,09:28:41,0.25,0.2,1920,0.3,1480,0,4280
FINNIFTY02JAN2419750PE.NFO,02/01/2024,09:32:48,0.25,0.2,1680,0.3,1440,0,4280
FINNIFTY02JAN2419750PE.NFO,02/01/2024,09:34:41,0.25,0.2,1640,0.3,1600,280,4240
FINNIFTY02JAN2419750PE.NFO,02/01/2024,09:35:08,0.25,0.2,1640,0.3,1600,0,4240
FINNIFTY02JAN2419750PE.NFO,02/01/2024,09:36:05,0.25,0.2,1640,0.25,240,0,4240
FINNIFTY02JAN2419750PE.NFO,02/01/2024,09:38:57,0.25,0.25,1480,0.3,1880,240,4080
FINNIFTY02JAN2419750PE.NFO,02/01/2024,09:39:07,0.25,0.25,840,0.3,1880,640,4080
FINNIFTY02JAN2419750PE.NFO,02/01/2024,09:39:25,0.25,0.25,840,0.3,1880,0,4080
FINNIFTY02JAN2419750PE.NFO,02/01/2024,09:39:54,0.25,0.25,840,0.3,1760,0,4080
FINNIFTY02JAN2419750PE.NFO,02/01/2024,09:40:05,0.25,0.25,480,0.3,1760,240,4080
FINNIFTY02JAN2419750PE.NFO,02/01/2024,09:40:16,0.25,0.25,400,0.3,1760,80,4080
FINNIFTY02JAN2419750PE.NFO,02/01/2024,09:40:26,0.25,0.25,200,0.3,1760,200,4080
FINNIFTY02JAN2419750PE.NFO,02/01/2024,09:40:47,0.25,0.2,1760,0.25,1160,200,4080
FINNIFTY02JAN2419750PE.NFO,02/01/2024,09:41:07,0.25,0.2,1760,0.25,1160,0,4080
FINNIFTY02JAN2419750PE.NFO,02/01/2024,09:41:18,0.25,0.2,1760,0.25,400,0,4080
FINNIFTY02JAN2419750PE.NFO,02/01/2024,09:44:21,0.25,0.2,1760,0.25,200,200,3160
FINNIFTY02JAN2419750PE.NFO,02/01/2024,09:44:30,0.25,0.2,1760,0.25,200,0,3160
FINNIFTY02JAN2419750PE.NFO,02/01/2024,09:49:10,0.3,0.2,1760,0.3,480,1720,2960
FINNIFTY02JAN2419750PE.NFO,02/01/2024,09:49:38,0.3,0.2,1760,0.3,600,0,2960
FINNIFTY02JAN2419750PE.NFO,02/01/2024,09:49:47,0.3,0.2,1760,0.3,720,0,2960
FINNIFTY02JAN2419750PE.NFO,02/01/2024,09:49:56,0.3,0.2,1760,0.3,1080,0,2960
FINNIFTY02JAN2419750PE.NFO,02/01/2024,09:50:05,0.3,0.2,1760,0.3,1440,0,2960
FINNIFTY02JAN2419750PE.NFO,02/01/2024,09:50:14,0.3,0.2,1760,0.3,1560,0,2960
FINNIFTY02JAN2419750PE.NFO,02/01/2024,09:50:23,0.3,0.2,1760,0.3,1680,0,2960
FINNIFTY02JAN2419750PE.NFO,02/01/2024,09:50:31,0.3,0.2,1760,0.3,2000,0,2960
FINNIFTY02JAN2419750PE.NFO,02/01/2024,09:50:40,0.3,0.2,1760,0.3,2120,0,2960
FINNIFTY02JAN2419750PE.NFO,02/01/2024,09:52:05,0.3,0.2,1760,0.25,720,0,2960
FINNIFTY02JAN2419750PE.NFO,02/01/2024,09:52:41,0.3,0.2,1760,0.25,1640,0,2960
FINNIFTY02JAN2419750PE.NFO,02/01/2024,09:52:59,0.3,0.2,1760,0.25,1760,0,2960
FINNIFTY02JAN2419750PE.NFO,02/01/2024,09:54:04,0.3,0.2,200,0.25,1800,0,2960
FINNIFTY02JAN2419750PE.NFO,02/01/2024,09:55:01,0.3,0.2,280,0.25,1760,0,2960
FINNIFTY02JAN2419750PE.NFO,02/01/2024,09:55:12,0.25,0.2,280,0.25,2080,40,3760
FINNIFTY02JAN2419750PE.NFO,02/01/2024,09:56:53,0.2,0.15,15560,0.25,1640,1000,3800
FINNIFTY02JAN2419750PE.NFO,02/01/2024,09:57:05,0.2,0.15,15480,0.25,2000,0,3800
FINNIFTY02JAN2419750PE.NFO,02/01/2024,09:57:18,0.2,0.2,200,0.25,1640,0,3800
FINNIFTY02JAN2419750PE.NFO,02/01/2024,09:57:30,0.2,0.15,15480,0.25,2000,0,3800
FINNIFTY02JAN2419750PE.NFO,02/01/2024,09:58:16,0.2,0.15,15480,0.25,2800,200,3800
FINNIFTY02JAN2419750PE.NFO,02/01/2024,09:58:41,0.2,0.15,16320,0.25,2040,40,3800
FINNIFTY02JAN2419750PE.NFO,02/01/2024,09:58:51,0.2,0.15,15480,0.25,2040,0,3800
FINNIFTY02JAN2419750PE.NFO,02/01/2024,09:59:02,0.2,0.15,16360,0.25,2920,0,3800
FINNIFTY02JAN2419750PE.NFO,02/01/2024,09:59:13,0.2,0.15,16400,0.25,2040,0,3800
FINNIFTY02JAN2419750PE.NFO,02/01/2024,09:59:25,0.2,0.15,15480,0.25,2040,0,3800
FINNIFTY02JAN2419750PE.NFO,02/01/2024,10:01:30,0.2,0.15,15480,0.25,3000,0,3800
FINNIFTY02JAN2419750PE.NFO,02/01/2024,10:02:53,0.2,0.15,16480,0.25,3000,0,3800
FINNIFTY02JAN2419750PE.NFO,02/01/2024,10:03:50,0.15,0.15,16280,0.25,3000,200,3120
FINNIFTY02JAN2419750PE.NFO,02/01/2024,10:03:50,0.15,0.15,16280,0.25,3000,0,3120
FINNIFTY02JAN2419750PE.NFO,02/01/2024,10:04:00,0.15,0.15,16280,0.25,3000,0,3120
FINNIFTY02JAN2419750PE.NFO,02/01/2024,10:04:41,0.15,0.15,15480,0.25,3000,800,3120
FINNIFTY02JAN2419750PE.NFO,02/01/2024,10:04:52,0.15,0.15,14160,0.25,3000,1320,3120
FINNIFTY02JAN2419750PE.NFO,02/01/2024,10:05:02,0.15,0.15,13960,0.25,3000,200,3120
FINNIFTY02JAN2419750PE.NFO,02/01/2024,10:05:12,0.15,0.15,13960,0.25,3000,0,3120
FINNIFTY02JAN2419750PE.NFO,02/01/2024,10:05:23,0.15,0.15,13960,0.2,2320,0,3120
FINNIFTY02JAN2419750PE.NFO,02/01/2024,10:05:43,0.15,0.15,9160,0.2,2560,4800,5440
FINNIFTY02JAN2419750PE.NFO,02/01/2024,10:05:53,0.15,0.15,9280,0.2,2560,0,5440
FINNIFTY02JAN2419750PE.NFO,02/01/2024,10:06:13,0.15,0.15,9280,0.2,3480,0,5440
FINNIFTY02JAN2419750PE.NFO,02/01/2024,10:06:24,0.15,0.15,9280,0.2,5080,0,5440
FINNIFTY02JAN2419750PE.NFO,02/01/2024,10:06:34,0.15,0.15,9280,0.2,6680,0,5440
FINNIFTY02JAN2419750PE.NFO,02/01/2024,10:06:44,0.15,0.15,9280,0.2,7480,0,5440
FINNIFTY02JAN2419750PE.NFO,02/01/2024,10:12:03,0.15,0.15,9280,0.2,8880,0,5440
FINNIFTY02JAN2419750PE.NFO,02/01/2024,10:13:14,0.15,0.15,9320,0.2,8920,0,5440
FINNIFTY02JAN2419750PE.NFO,02/01/2024,10:14:14,0.15,0.15,6200,0.2,8800,0,5440
FINNIFTY02JAN2419750PE.NFO,02/01/2024,10:15:24,0.15,0.15,4800,0.2,8800,0,5440
FINNIFTY02JAN2419750PE.NFO,02/01/2024,10:15:34,0.15,0.15,3360,0.2,8800,0,5440
FINNIFTY02JAN2419750PE.NFO,02/01/2024,10:16:03,0.2,0.15,3360,0.2,8640,160,10240
FINNIFTY02JAN2419750PE.NFO,02/01/2024,10:16:13,0.15,0.15,12280,0.2,8600,160,10240
FINNIFTY02JAN2419750PE.NFO,02/01/2024,10:16:23,0.15,0.15,11400,0.2,8600,880,10240
FINNIFTY02JAN2419750PE.NFO,02/01/2024,10:16:43,0.15,0.15,2400,0.2,8600,0,10240
FINNIFTY02JAN2419750PE.NFO,02/01/2024,10:16:52,0.15,0.15,1640,0.2,8600,760,10240
FINNIFTY02JAN2419750PE.NFO,02/01/2024,10:17:02,0.15,0.15,1640,0.2,8600,0,10240
FINNIFTY02JAN2419750PE.NFO,02/01/2024,10:17:12,0.2,0.15,1480,0.2,8560,40,10240
FINNIFTY02JAN2419750PE.NFO,02/01/2024,10:17:22,0.2,0.15,1480,0.2,9760,0,10240
FINNIFTY02JAN2419750PE.NFO,02/01/2024,10:17:32,0.2,0.15,1640,0.2,9760,0,10240
FINNIFTY02JAN2419750PE.NFO,02/01/2024,10:18:20,0.15,0.15,1000,0.2,9800,640,11000
FINNIFTY02JAN2419750PE.NFO,02/01/2024,10:18:58,0.15,0.15,1000,0.2,10000,0,11000
FINNIFTY02JAN2419750PE.NFO,02/01/2024,10:20:04,0.15,0.15,1000,0.2,10040,0,11000
FINNIFTY02JAN2419750PE.NFO,02/01/2024,10:20:33,0.15,0.15,1000,0.2,10000,0,11000
FINNIFTY02JAN2419750PE.NFO,02/01/2024,10:20:43,0.15,0.15,1000,0.2,10080,0,11000
FINNIFTY02JAN2419750PE.NFO,02/01/2024,10:20:53,0.15,0.15,1000,0.2,10040,0,11000
FINNIFTY02JAN2419750PE.NFO,02/01/2024,10:21:22,0.15,0.15,1000,0.2,10120,0,11000
FINNIFTY02JAN2419750PE.NFO,02/01/2024,10:21:32,0.15,0.15,1000,0.2,10000,0,11000
FINNIFTY02JAN2419750PE.NFO,02/01/2024,10:21:42,0.15,0.15,1000,0.2,10040,0,11000
FINNIFTY02JAN2419750PE.NFO,02/01/2024,10:21:52,0.15,0.15,1000,0.2,10080,0,11000
FINNIFTY02JAN2419750PE.NFO,02/01/2024,10:22:11,0.15,0.15,1000,0.2,10040,0,11000
FINNIFTY02JAN2419750PE.NFO,02/01/2024,10:22:21,0.15,0.15,1000,0.2,10000,0,11000
FINNIFTY02JAN2419750PE.NFO,02/01/2024,10:22:31,0.15,0.15,1000,0.2,10080,0,11000
FINNIFTY02JAN2419750PE.NFO,02/01/2024,10:22:51,0.15,0.15,1000,0.2,10000,0,11000
FINNIFTY02JAN2419750PE.NFO,02/01/2024,10:23:01,0.15,0.15,1000,0.2,10040,0,11000
FINNIFTY02JAN2419750PE.NFO,02/01/2024,10:23:31,0.15,0.15,1000,0.2,10000,0,11000
FINNIFTY02JAN2419750PE.NFO,02/01/2024,10:23:41,0.15,0.15,1000,0.2,10080,0,11000
FINNIFTY02JAN2419750PE.NFO,02/01/2024,10:23:52,0.15,0.15,1000,0.2,10040,0,11000
FINNIFTY02JAN2419750PE.NFO,02/01/2024,10:24:01,0.15,0.15,1000,0.2,10000,0,11000
FINNIFTY02JAN2419750PE.NFO,02/01/2024,10:24:12,0.15,0.15,1280,0.2,10040,0,11000
FINNIFTY02JAN2419750PE.NFO,02/01/2024,10:24:22,0.15,0.15,1280,0.2,10000,0,11000
FINNIFTY02JAN2419750PE.NFO,02/01/2024,10:25:04,0.15,0.15,1280,0.2,10080,0,11000
FINNIFTY02JAN2419750PE.NFO,02/01/2024,10:25:36,0.15,0.15,1280,0.2,10040,0,11000
FINNIFTY02JAN2419750PE.NFO,02/01/2024,10:25:47,0.15,0.15,1280,0.2,10120,0,11000
FINNIFTY02JAN2419750PE.NFO,02/01/2024,10:25:57,0.15,0.15,1280,0.2,10200,0,11000
FINNIFTY02JAN2419750PE.NFO,02/01/2024,10:26:19,0.15,0.15,1280,0.2,10120,0,11000
FINNIFTY02JAN2419750PE.NFO,02/01/2024,10:26:31,0.15,0.15,1280,0.2,10080,0,11000
FINNIFTY02JAN2419750PE.NFO,02/01/2024,10:26:42,0.15,0.15,1280,0.2,10000,0,11000
FINNIFTY02JAN2419750PE.NFO,02/01/2024,10:27:05,0.15,0.15,1120,0.2,10000,0,11000
FINNIFTY02JAN2419750PE.NFO,02/01/2024,10:27:37,0.15,0.15,1120,0.2,10040,0,11000
FINNIFTY02JAN2419750PE.NFO,02/01/2024,10:27:47,0.15,0.15,1120,0.2,10080,0,11000
FINNIFTY02JAN2419750PE.NFO,02/01/2024,10:27:58,0.15,0.15,1120,0.2,10040,0,11000
FINNIFTY02JAN2419750PE.NFO,02/01/2024,10:28:08,0.15,0.15,960,0.2,10080,0,11000
FINNIFTY02JAN2419750PE.NFO,02/01/2024,10:28:18,0.15,0.15,960,0.2,10040,0,11000
FINNIFTY02JAN2419750PE.NFO,02/01/2024,10:28:29,0.15,0.15,920,0.2,10040,0,11000
FINNIFTY02JAN2419750PE.NFO,02/01/2024,10:28:48,0.15,0.15,880,0.2,10040,0,11000
FINNIFTY02JAN2419750PE.NFO,02/01/2024,10:28:58,0.15,0.15,880,0.2,10080,0,11000
FINNIFTY02JAN2419750PE.NFO,02/01/2024,10:29:08,0.15,0.1,46240,0.15,360,2160,11640
FINNIFTY02JAN2419750PE.NFO,02/01/2024,10:29:18,0.15,0.1,47280,0.15,800,40,11640
FINNIFTY02JAN2419750PE.NFO,02/01/2024,10:29:28,0.15,0.1,45640,0.2,9160,800,11640
FINNIFTY02JAN2419750PE.NFO,02/01/2024,10:30:34,0.15,0.15,12760,0.2,9160,0,11640
FINNIFTY02JAN2419750PE.NFO,02/01/2024,10:31:04,0.15,0.15,12800,0.2,9160,0,11640
FINNIFTY02JAN2419750PE.NFO,02/01/2024,10:36:50,0.15,0.15,12640,0.2,9160,240,10240
FINNIFTY02JAN2419750PE.NFO,02/01/2024,10:37:01,0.2,0.15,12640,0.2,9080,80,10240
FINNIFTY02JAN2419750PE.NFO,02/01/2024,10:37:13,0.2,0.15,12560,0.2,9080,0,10240
FINNIFTY02JAN2419750PE.NFO,02/01/2024,10:37:25,0.2,0.15,12600,0.2,9080,0,10240
FINNIFTY02JAN2419750PE.NFO,02/01/2024,10:38:37,0.2,0.15,12560,0.2,9080,0,10240
FINNIFTY02JAN2419750PE.NFO,02/01/2024,10:40:59,0.2,0.15,12560,0.2,9040,40,10400
FINNIFTY02JAN2419750PE.NFO,02/01/2024,10:44:51,0.2,0.15,12520,0.2,9160,0,10400
FINNIFTY02JAN2419750PE.NFO,02/01/2024,10:45:22,0.2,0.15,3880,0.2,9160,0,10400
FINNIFTY02JAN2419750PE.NFO,02/01/2024,10:46:41,0.2,0.15,3880,0.2,8960,200,10360
FINNIFTY02JAN2419750PE.NFO,02/01/2024,10:47:32,0.2,0.15,3880,0.2,8760,200,10360
FINNIFTY02JAN2419750PE.NFO,02/01/2024,10:49:24,0.2,0.15,3880,0.2,8760,0,10360
FINNIFTY02JAN2419750PE.NFO,02/01/2024,11:09:58,0.2,0.15,2080,0.2,6920,0,10360
FINNIFTY02JAN2419750PE.NFO,02/01/2024,11:12:52,0.2,0.15,3600,0.2,6720,200,9960
FINNIFTY02JAN2419750PE.NFO,02/01/2024,11:13:01,0.2,0.15,2080,0.2,6720,0,9960
FINNIFTY02JAN2419750PE.NFO,02/01/2024,11:14:00,0.2,0.15,3560,0.2,6720,0,9960
FINNIFTY02JAN2419750PE.NFO,02/01/2024,11:14:19,0.2,0.15,3600,0.2,6720,0,9960
FINNIFTY02JAN2419750PE.NFO,02/01/2024,11:15:07,0.2,0.15,2120,0.2,6720,0,9960
FINNIFTY02JAN2419750PE.NFO,02/01/2024,11:15:48,0.2,0.15,3480,0.2,7160,200,9880
FINNIFTY02JAN2419750PE.NFO,02/01/2024,11:15:58,0.2,0.15,3480,0.2,7040,120,9880
FINNIFTY02JAN2419750PE.NFO,02/01/2024,11:16:08,0.2,0.15,3440,0.2,8480,0,9880
FINNIFTY02JAN2419750PE.NFO,02/01/2024,11:16:18,0.2,0.15,3560,0.2,8280,200,9880
FINNIFTY02JAN2419750PE.NFO,02/01/2024,11:18:39,0.2,0.15,3560,0.2,8280,0,9880
FINNIFTY02JAN2419750PE.NFO,02/01/2024,11:26:13,0.15,0.15,3360,0.2,8160,200,9680
FINNIFTY02JAN2419750PE.NFO,02/01/2024,11:29:35,0.15,0.15,3360,0.2,8160,0,9680
FINNIFTY02JAN2419750PE.NFO,02/01/2024,11:30:20,0.15,0.15,3280,0.2,8160,0,9680
FINNIFTY02JAN2419750PE.NFO,02/01/2024,11:33:47,0.15,0.15,3040,0.2,8160,200,9880
FINNIFTY02JAN2419750PE.NFO,02/01/2024,11:34:59,0.15,0.15,2240,0.2,8160,0,9880
FINNIFTY02JAN2419750PE.NFO,02/01/2024,11:35:26,0.15,0.15,2040,0.2,8160,200,9880
FINNIFTY02JAN2419750PE.NFO,02/01/2024,11:36:49,0.15,0.15,2040,0.2,8160,0,9880
FINNIFTY02JAN2419750PE.NFO,02/01/2024,11:43:06,0.2,0.15,2040,0.2,8080,200,10080
FINNIFTY02JAN2419750PE.NFO,02/01/2024,11:43:53,0.2,0.15,2040,0.2,7760,200,10080
FINNIFTY02JAN2419750PE.NFO,02/01/2024,11:45:35,0.2,0.15,2040,0.2,7760,0,10080
FINNIFTY02JAN2419750PE.NFO,02/01/2024,11:45:54,0.15,0.15,1840,0.2,7880,200,9680
FINNIFTY02JAN2419750PE.NFO,02/01/2024,11:46:03,0.15,0.15,1640,0.2,7880,200,9680
FINNIFTY02JAN2419750PE.NFO,02/01/2024,11:46:13,0.15,0.15,1280,0.2,8000,360,9680
FINNIFTY02JAN2419750PE.NFO,02/01/2024,11:46:41,0.15,0.15,1280,0.2,8000,0,9680
FINNIFTY02JAN2419750PE.NFO,02/01/2024,11:46:50,0.15,0.15,1080,0.2,7880,200,9680
FINNIFTY02JAN2419750PE.NFO,02/01/2024,11:47:08,0.15,0.15,1480,0.2,7880,0,9680
FINNIFTY02JAN2419750PE.NFO,02/01/2024,11:49:01,0.15,0.15,1880,0.2,7760,0,9680
FINNIFTY02JAN2419750PE.NFO,02/01/2024,11:52:45,0.15,0.15,1480,0.2,7760,0,9680
FINNIFTY02JAN2419750PE.NFO,02/01/2024,11:56:00,0.15,0.15,1280,0.2,7760,200,10480
FINNIFTY02JAN2419750PE.NFO,02/01/2024,11:57:09,0.15,0.15,1280,0.2,7760,0,10480
FINNIFTY02JAN2419750PE.NFO,02/01/2024,11:57:52,0.15,0.15,1280,0.2,7840,0,10480
FINNIFTY02JAN2419750PE.NFO,02/01/2024,11:59:02,0.15,0.15,1400,0.2,8080,0,10480
FINNIFTY02JAN2419750PE.NFO,02/01/2024,12:03:10,0.15,0.15,600,0.2,7160,800,10680
FINNIFTY02JAN2419750PE.NFO,02/01/2024,12:03:19,0.15,0.1,46440,0.2,6360,1600,10680
FINNIFTY02JAN2419750PE.NFO,02/01/2024,12:03:55,0.15,0.1,46440,0.2,6360,0,10680
FINNIFTY02JAN2419750PE.NFO,02/01/2024,12:04:21,0.15,0.1,46440,0.2,6280,0,10680
FINNIFTY02JAN2419750PE.NFO,02/01/2024,12:04:31,0.15,0.1,46440,0.2,6240,0,10680
FINNIFTY02JAN2419750PE.NFO,02/01/2024,12:06:44,0.15,0.1,47440,0.2,5560,3120,9680
FINNIFTY02JAN2419750PE.NFO,02/01/2024,12:07:09,0.15,0.15,1640,0.2,3520,3440,9680
FINNIFTY02JAN2419750PE.NFO,02/01/2024,12:07:35,0.15,0.1,47840,0.2,2720,800,9680
FINNIFTY02JAN2419750PE.NFO,02/01/2024,12:08:54,0.15,0.1,47840,0.2,2360,360,9680
FINNIFTY02JAN2419750PE.NFO,02/01/2024,12:10:20,0.15,0.1,47040,0.2,2320,0,9680
FINNIFTY02JAN2419750PE.NFO,02/01/2024,12:11:52,0.15,0.1,45600,0.2,880,2080,6080
FINNIFTY02JAN2419750PE.NFO,02/01/2024,12:14:28,0.15,0.15,2360,0.2,720,80,6720
FINNIFTY02JAN2419750PE.NFO,02/01/2024,12:14:36,0.15,0.1,46800,0.2,720,360,6720
FINNIFTY02JAN2419750PE.NFO,02/01/2024,12:14:45,0.15,0.1,46800,0.2,720,0,6720
FINNIFTY02JAN2419750PE.NFO,02/01/2024,12:17:59,0.2,0.1,46800,0.2,640,120,7000
FINNIFTY02JAN2419750PE.NFO,02/01/2024,12:18:57,0.2,0.15,1960,0.2,640,0,7000
FINNIFTY02JAN2419750PE.NFO,02/01/2024,12:20:33,0.15,0.15,3200,0.2,640,40,7000
FINNIFTY02JAN2419750PE.NFO,02/01/2024,12:20:43,0.15,0.15,3080,0.2,760,80,7000
FINNIFTY02JAN2419750PE.NFO,02/01/2024,12:20:52,0.15,0.15,1760,0.2,760,80,7000
FINNIFTY02JAN2419750PE.NFO,02/01/2024,12:21:01,0.15,0.15,2880,0.2,840,0,7000
FINNIFTY02JAN2419750PE.NFO,02/01/2024,12:21:11,0.15,0.15,2760,0.2,840,80,7120
FINNIFTY02JAN2419750PE.NFO,02/01/2024,12:21:21,0.15,0.15,1360,0.2,880,520,7120
FINNIFTY02JAN2419750PE.NFO,02/01/2024,12:21:31,0.15,0.15,2160,0.2,1040,80,7120
FINNIFTY02JAN2419750PE.NFO,02/01/2024,12:22:00,0.15,0.15,1160,0.2,1120,120,7120
FINNIFTY02JAN2419750PE.NFO,02/01/2024,12:22:10,0.15,0.15,1960,0.2,1240,0,7120
FINNIFTY02JAN2419750PE.NFO,02/01/2024,12:23:48,0.15,0.15,1040,0.2,1240,120,7120
FINNIFTY02JAN2419750PE.NFO,02/01/2024,12:23:57,0.15,0.15,1000,0.2,1400,40,7120
FINNIFTY02JAN2419750PE.NFO,02/01/2024,12:24:16,0.15,0.15,1000,0.2,1400,0,7120
FINNIFTY02JAN2419750PE.NFO,02/01/2024,12:24:53,0.15,0.15,480,0.2,1400,400,7880
FINNIFTY02JAN2419750PE.NFO,02/01/2024,12:25:02,0.15,0.1,46200,0.2,1880,80,7880
FINNIFTY02JAN2419750PE.NFO,02/01/2024,12:25:11,0.15,0.1,46200,0.2,1880,0,7880
FINNIFTY02JAN2419750PE.NFO,02/01/2024,12:27:23,0.15,0.1,46200,0.2,1920,40,7960
FINNIFTY02JAN2419750PE.NFO,02/01/2024,12:27:32,0.15,0.1,46200,0.2,1880,0,7960
FINNIFTY02JAN2419750PE.NFO,02/01/2024,12:27:49,0.15,0.1,46200,0.2,1920,0,7960
FINNIFTY02JAN2419750PE.NFO,02/01/2024,12:31:15,0.15,0.1,46200,0.2,1840,0,7960
FINNIFTY02JAN2419750PE.NFO,02/01/2024,12:37:28,0.15,0.1,47000,0.2,2240,0,7960
FINNIFTY02JAN2419750PE.NFO,02/01/2024,12:40:22,0.15,0.1,45600,0.2,2280,0,7960
FINNIFTY02JAN2419750PE.NFO,02/01/2024,12:41:31,0.15,0.1,47040,0.2,1880,0,7960
FINNIFTY02JAN2419750PE.NFO,02/01/2024,12:41:41,0.15,0.1,47040,0.2,3240,400,7920
FINNIFTY02JAN2419750PE.NFO,02/01/2024,12:43:37,0.15,0.1,47040,0.2,3240,0,7920
FINNIFTY02JAN2419750PE.NFO,02/01/2024,12:48:26,0.15,0.1,47120,0.2,3240,0,7920
FINNIFTY02JAN2419750PE.NFO,02/01/2024,12:49:46,0.2,0.1,47120,0.2,3040,960,7920
FINNIFTY02JAN2419750PE.NFO,02/01/2024,12:51:34,0.2,0.1,47080,0.2,3040,0,7920
FINNIFTY02JAN2419750PE.NFO,02/01/2024,12:58:57,0.2,0.1,47080,0.2,2880,0,7920
FINNIFTY02JAN2419750PE.NFO,02/01/2024,13:02:27,0.2,0.1,47080,0.2,2840,0,7920
FINNIFTY02JAN2419750PE.NFO,02/01/2024,13:02:47,0.2,0.1,47080,0.15,1000,0,7920
FINNIFTY02JAN2419750PE.NFO,02/01/2024,13:03:06,0.2,0.1,47080,0.15,2480,0,7920
FINNIFTY02JAN2419750PE.NFO,02/01/2024,13:03:43,0.15,0.1,47880,0.15,2280,200,8280
FINNIFTY02JAN2419750PE.NFO,02/01/2024,13:04:04,0.15,0.1,47960,0.15,2320,200,8280
FINNIFTY02JAN2419750PE.NFO,02/01/2024,13:04:15,0.15,0.1,47920,0.15,2240,80,8280
FINNIFTY02JAN2419750PE.NFO,02/01/2024,13:04:45,0.15,0.1,48200,0.15,2040,200,8280
FINNIFTY02JAN2419750PE.NFO,02/01/2024,13:04:55,0.15,0.1,48560,0.15,1240,400,8280
FINNIFTY02JAN2419750PE.NFO,02/01/2024,13:05:31,0.15,0.1,48560,0.15,400,200,8280
FINNIFTY02JAN2419750PE.NFO,02/01/2024,13:05:58,0.15,0.1,48560,0.15,680,120,8280
FINNIFTY02JAN2419750PE.NFO,02/01/2024,13:07:18,0.15,0.1,48560,0.15,640,40,7920
FINNIFTY02JAN2419750PE.NFO,02/01/2024,13:07:26,0.15,0.1,48560,0.15,480,160,7920
FINNIFTY02JAN2419750PE.NFO,02/01/2024,13:08:13,0.15,0.1,48560,0.15,480,0,7920
FINNIFTY02JAN2419750PE.NFO,02/01/2024,13:14:15,0.15,0.1,48520,0.15,480,0,7920
FINNIFTY02JAN2419750PE.NFO,02/01/2024,13:14:57,0.15,0.1,48520,0.2,2440,80,7720
FINNIFTY02JAN2419750PE.NFO,02/01/2024,13:15:06,0.15,0.1,48520,0.2,4400,0,7720
FINNIFTY02JAN2419750PE.NFO,02/01/2024,13:15:15,0.15,0.1,48520,0.2,2440,0,7720
FINNIFTY02JAN2419750PE.NFO,02/01/2024,13:15:59,0.15,0.1,44920,0.2,2440,0,7720
FINNIFTY02JAN2419750PE.NFO,02/01/2024,13:18:22,0.1,0.1,44840,0.15,720,120,7640
FINNIFTY02JAN2419750PE.NFO,02/01/2024,13:18:22,0.1,0.1,44840,0.15,720,0,7640
FINNIFTY02JAN2419750PE.NFO,02/01/2024,13:19:23,0.1,0.1,37640,0.15,720,0,7640
FINNIFTY02JAN2419750PE.NFO,02/01/2024,13:25:15,0.1,0.1,37680,0.15,720,0,7640
FINNIFTY02JAN2419750PE.NFO,02/01/2024,13:26:18,0.1,0.1,30600,0.15,720,0,7640
FINNIFTY02JAN2419750PE.NFO,02/01/2024,13:26:26,0.1,0.1,30600,0.15,840,0,7640
FINNIFTY02JAN2419750PE.NFO,02/01/2024,13:28:16,0.1,0.1,30520,0.15,840,0,7640
FINNIFTY02JAN2419750PE.NFO,02/01/2024,13:30:51,0.1,0.1,28720,0.15,840,0,7640
FINNIFTY02JAN2419750PE.NFO,02/01/2024,13:33:50,0.1,0.1,28680,0.15,840,0,7640
FINNIFTY02JAN2419750PE.NFO,02/01/2024,13:34:36,0.1,0.1,28480,0.15,840,200,7520
FINNIFTY02JAN2419750PE.NFO,02/01/2024,13:36:24,0.1,0.1,28480,0.15,840,0,7520
FINNIFTY02JAN2419750PE.NFO,02/01/2024,13:37:20,0.1,0.1,28600,0.15,840,0,7520
FINNIFTY02JAN2419750PE.NFO,02/01/2024,13:38:40,0.1,0.1,25720,0.15,840,0,7520
FINNIFTY02JAN2419750PE.NFO,02/01/2024,13:44:21,0.1,0.1,25720,0.15,1080,0,7520
FINNIFTY02JAN2419750PE.NFO,02/01/2024,13:44:38,0.1,0.1,16640,0.15,1080,0,7520
FINNIFTY02JAN2419750PE.NFO,02/01/2024,13:47:09,0.15,0.1,16640,0.15,880,200,7440
FINNIFTY02JAN2419750PE.NFO,02/01/2024,13:48:00,0.15,0.1,16640,0.15,680,0,7440
FINNIFTY02JAN2419750PE.NFO,02/01/2024,13:48:09,0.15,0.1,13760,0.15,680,0,7440
FINNIFTY02JAN2419750PE.NFO,02/01/2024,13:48:35,0.15,0.1,16640,0.15,680,0,7440
FINNIFTY02JAN2419750PE.NFO,02/01/2024,13:49:50,0.15,0.1,13760,0.15,680,0,7440
FINNIFTY02JAN2419750PE.NFO,02/01/2024,13:49:58,0.15,0.1,16640,0.15,440,240,7440
FINNIFTY02JAN2419750PE.NFO,02/01/2024,13:50:15,0.15,0.1,13760,0.15,440,0,7440
FINNIFTY02JAN2419750PE.NFO,02/01/2024,13:50:33,0.1,0.1,16680,0.15,440,40,7440
FINNIFTY02JAN2419750PE.NFO,02/01/2024,13:50:41,0.1,0.1,16600,0.15,520,80,7440
FINNIFTY02JAN2419750PE.NFO,02/01/2024,13:51:00,0.1,0.1,13720,0.15,440,0,7440
FINNIFTY02JAN2419750PE.NFO,02/01/2024,13:51:46,0.1,0.1,16640,0.15,440,0,7440
FINNIFTY02JAN2419750PE.NFO,02/01/2024,13:52:32,0.15,0.1,16560,0.2,1280,200,7440
FINNIFTY02JAN2419750PE.NFO,02/01/2024,13:52:41,0.15,0.1,13760,0.2,1280,0,7440
FINNIFTY02JAN2419750PE.NFO,02/01/2024,13:52:51,0.15,0.15,1000,0.2,1520,400,7440
FINNIFTY02JAN2419750PE.NFO,02/01/2024,13:53:09,0.15,0.15,2400,0.2,1520,0,7440
FINNIFTY02JAN2419750PE.NFO,02/01/2024,13:53:18,0.15,0.15,1120,0.25,960,2200,7440
FINNIFTY02JAN2419750PE.NFO,02/01/2024,13:53:28,0.15,0.1,13720,0.25,440,1920,7440
FINNIFTY02JAN2419750PE.NFO,02/01/2024,13:53:38,0.15,0.1,13720,0.25,440,0,7440
FINNIFTY02JAN2419750PE.NFO,02/01/2024,13:54:25,0.15,0.1,13720,0.2,280,0,7440
FINNIFTY02JAN2419750PE.NFO,02/01/2024,13:54:35,0.15,0.1,13720,0.2,360,0,7440
FINNIFTY02JAN2419750PE.NFO,02/01/2024,13:55:30,0.15,0.1,13720,0.2,2000,0,7440
FINNIFTY02JAN2419750PE.NFO,02/01/2024,13:56:47,0.15,0.1,13720,0.2,120,0,7440
FINNIFTY02JAN2419750PE.NFO,02/01/2024,13:57:13,0.15,0.1,13720,0.2,2440,0,7440
FINNIFTY02JAN2419750PE.NFO,02/01/2024,13:57:22,0.15,0.1,13720,0.2,4240,0,7440
FINNIFTY02JAN2419750PE.NFO,02/01/2024,14:00:23,0.15,0.1,13720,0.15,3120,0,7440
FINNIFTY02JAN2419750PE.NFO,02/01/2024,14:00:40,0.15,0.1,8320,0.15,1320,0,7440
FINNIFTY02JAN2419750PE.NFO,02/01/2024,14:02:16,0.1,0.1,8160,0.15,1320,160,5280
FINNIFTY02JAN2419750PE.NFO,02/01/2024,14:02:24,0.1,0.1,1480,0.15,1320,0,5280
FINNIFTY02JAN2419750PE.NFO,02/01/2024,14:02:33,0.1,0.1,1360,0.15,1360,160,5280
FINNIFTY02JAN2419750PE.NFO,02/01/2024,14:02:42,0.1,0.1,120,0.15,1360,1240,5280
FINNIFTY02JAN2419750PE.NFO,02/01/2024,14:02:50,0.1,0.1,80,0.15,1360,0,5280
FINNIFTY02JAN2419750PE.NFO,02/01/2024,14:03:07,0.1,0.1,40,0.2,2960,80,5280
FINNIFTY02JAN2419750PE.NFO,02/01/2024,14:03:16,0.1,0.1,40,0.15,200,0,5280
FINNIFTY02JAN2419750PE.NFO,02/01/2024,14:03:34,0.1,0.1,240,0.15,200,0,5280
FINNIFTY02JAN2419750PE.NFO,02/01/2024,14:04:11,0.1,0.1,120,0.15,200,120,5520
FINNIFTY02JAN2419750PE.NFO,02/01/2024,14:04:20,0.1,0.1,40,0.15,160,120,5520
FINNIFTY02JAN2419750PE.NFO,02/01/2024,14:04:30,0.1,0.1,40,0.15,160,0,5520
FINNIFTY02JAN2419750PE.NFO,02/01/2024,14:04:39,0.1,0.05,13240,0.15,120,0,5520
FINNIFTY02JAN2419750PE.NFO,02/01/2024,14:06:16,0.1,0.1,40,0.2,1160,0,5520
FINNIFTY02JAN2419750PE.NFO,02/01/2024,14:06:25,0.1,0.05,13240,0.2,640,0,5520
FINNIFTY02JAN2419750PE.NFO,02/01/2024,14:06:33,0.1,0.1,40,0.2,640,0,5520
FINNIFTY02JAN2419750PE.NFO,02/01/2024,14:06:58,0.1,0.05,13640,0.2,640,0,5520
FINNIFTY02JAN2419750PE.NFO,02/01/2024,14:08:04,0.1,0.1,40,0.2,1160,0,5520
FINNIFTY02JAN2419750PE.NFO,02/01/2024,14:08:20,0.1,0.05,14640,0.2,640,0,5520
FINNIFTY02JAN2419750PE.NFO,02/01/2024,14:08:28,0.1,0.1,40,0.2,2440,0,5520
FINNIFTY02JAN2419750PE.NFO,02/01/2024,14:08:45,0.1,0.05,14640,0.2,2440,0,5520
FINNIFTY02JAN2419750PE.NFO,02/01/2024,14:09:22,0.1,0.1,10000,0.2,2440,0,5520
FINNIFTY02JAN2419750PE.NFO,02/01/2024,14:09:31,0.1,0.1,10000,0.2,2480,0,5520
FINNIFTY02JAN2419750PE.NFO,02/01/2024,14:09:41,0.1,0.1,10000,0.2,2440,0,5520
FINNIFTY02JAN2419750PE.NFO,02/01/2024,14:09:50,0.1,0.05,14640,0.2,2440,0,5520
FINNIFTY02JAN2419750PE.NFO,02/01/2024,14:10:12,0.1,0.1,9480,0.2,2480,0,5520
FINNIFTY02JAN2419750PE.NFO,02/01/2024,14:10:24,0.1,0.1,9480,0.2,2440,0,5520
FINNIFTY02JAN2419750PE.NFO,02/01/2024,14:10:34,0.1,0.1,9480,0.2,3000,0,5520
FINNIFTY02JAN2419750PE.NFO,02/01/2024,14:10:44,0.1,0.05,14640,0.2,2440,0,5520
FINNIFTY02JAN2419750PE.NFO,02/01/2024,14:10:53,0.1,0.05,14640,0.15,120,0,5520
FINNIFTY02JAN2419750PE.NFO,02/01/2024,14:14:20,0.1,0.05,14560,0.15,120,0,5520
FINNIFTY02JAN2419750PE.NFO,02/01/2024,14:15:28,0.1,0.05,13560,0.15,360,40,5520
FINNIFTY02JAN2419750PE.NFO,02/01/2024,14:15:38,0.1,0.05,13560,0.15,360,0,5520
FINNIFTY02JAN2419750PE.NFO,02/01/2024,14:17:47,0.1,0.05,13520,0.15,320,0,5520
FINNIFTY02JAN2419750PE.NFO,02/01/2024,14:18:35,0.1,0.05,13480,0.15,320,0,5520
FINNIFTY02JAN2419750PE.NFO,02/01/2024,14:25:55,0.1,0.05,13480,0.1,200,240,5520
FINNIFTY02JAN2419750PE.NFO,02/01/2024,14:29:57,0.1,0.05,14280,0.1,200,80,5720
FINNIFTY02JAN2419750PE.NFO,02/01/2024,14:30:06,0.1,0.05,14280,0.25,200,200,5720
FINNIFTY02JAN2419750PE.NFO,02/01/2024,14:30:16,0.1,0.05,14280,0.1,200,240,5720
FINNIFTY02JAN2419750PE.NFO,02/01/2024,14:30:35,0.1,0.05,14280,0.1,200,280,5640
FINNIFTY02JAN2419750PE.NFO,02/01/2024,14:30:45,0.1,0.05,14280,0.1,200,160,5640
FINNIFTY02JAN2419750PE.NFO,02/01/2024,14:31:04,0.1,0.05,14280,0.15,200,240,5640
FINNIFTY02JAN2419750PE.NFO,02/01/2024,14:32:35,0.1,0.05,14280,0.15,200,0,5640
FINNIFTY02JAN2419750PE.NFO,02/01/2024,14:32:44,0.1,0.05,14280,0.15,160,160,5640
FINNIFTY02JAN2419750PE.NFO,02/01/2024,14:33:58,0.1,0.05,14280,0.1,320,0,5640
FINNIFTY02JAN2419750PE.NFO,02/01/2024,14:36:23,0.1,0.05,14280,0.1,320,160,5520
FINNIFTY02JAN2419750PE.NFO,02/01/2024,14:37:46,0.1,0.05,14280,0.1,320,0,5520
FINNIFTY02JAN2419750PE.NFO,02/01/2024,14:37:57,0.1,0.05,14280,0.15,440,360,5520
FINNIFTY02JAN2419750PE.NFO,02/01/2024,14:38:08,0.15,0.05,14280,0.15,120,360,5520
FINNIFTY02JAN2419750PE.NFO,02/01/2024,14:38:20,0.15,0.05,14280,0.15,120,0,5520
FINNIFTY02JAN2419750PE.NFO,02/01/2024,14:38:33,0.15,0.05,14280,0.15,80,40,5520
FINNIFTY02JAN2419750PE.NFO,02/01/2024,14:39:05,0.15,0.05,14280,0.15,80,0,5520
FINNIFTY02JAN2419750PE.NFO,02/01/2024,14:39:44,0.1,0.05,14280,0.15,240,80,5600
FINNIFTY02JAN2419750PE.NFO,02/01/2024,14:39:55,0.1,0.05,14280,0.15,280,0,5600
FINNIFTY02JAN2419750PE.NFO,02/01/2024,14:40:36,0.1,0.05,1680,0.15,240,120,5600
FINNIFTY02JAN2419750PE.NFO,02/01/2024,14:40:48,0.1,0.05,1680,0.15,240,0,5600
FINNIFTY02JAN2419750PE.NFO,02/01/2024,14:42:17,0.1,0.05,880,0.15,240,0,5600
FINNIFTY02JAN2419750PE.NFO,02/01/2024,14:47:03,0.1,0.05,880,0.1,200,0,5600
FINNIFTY02JAN2419750PE.NFO,02/01/2024,14:50:29,0.1,0.05,880,0.2,480,40,5600
FINNIFTY02JAN2419750PE.NFO,02/01/2024,14:50:56,0.1,0.05,880,0.15,960,0,5600
FINNIFTY02JAN2419750PE.NFO,02/01/2024,14:52:42,0.1,0.05,880,0.2,480,0,5600
FINNIFTY02JAN2419750PE.NFO,02/01/2024,14:53:10,0.1,0.05,880,0.2,200,40,5600
FINNIFTY02JAN2419750PE.NFO,02/01/2024,14:53:20,0.1,0.05,1200,0.2,200,120,5600
FINNIFTY02JAN2419750PE.NFO,02/01/2024,14:53:29,0.1,0.05,880,0.15,40,0,5600
FINNIFTY02JAN2419750PE.NFO,02/01/2024,14:53:38,0.1,0.05,760,0.15,40,0,5600
FINNIFTY02JAN2419750PE.NFO,02/01/2024,14:53:57,0.1,0.05,760,0.15,1800,120,5600
FINNIFTY02JAN2419750PE.NFO,02/01/2024,14:54:07,0.1,0.05,760,0.15,1800,680,5600
FINNIFTY02JAN2419750PE.NFO,02/01/2024,14:54:16,0.1,0.05,760,0.15,1840,200,6120
FINNIFTY02JAN2419750PE.NFO,02/01/2024,14:54:26,0.1,0.05,760,0.15,1960,160,6120
FINNIFTY02JAN2419750PE.NFO,02/01/2024,14:54:37,0.1,0.05,760,0.15,1960,520,6120
FINNIFTY02JAN2419750PE.NFO,02/01/2024,14:55:27,0.05,0.05,480,0.15,1960,280,6120
FINNIFTY02JAN2419750PE.NFO,02/01/2024,14:55:27,0.05,0.05,480,0.15,1960,0,6120
FINNIFTY02JAN2419750PE.NFO,02/01/2024,14:55:46,0.1,0.05,480,0.15,1840,120,6120
FINNIFTY02JAN2419750PE.NFO,02/01/2024,14:55:55,0.1,0.05,560,0.15,2040,0,6120
FINNIFTY02JAN2419750PE.NFO,02/01/2024,14:56:14,0.1,0.05,640,0.15,2040,0,6120
FINNIFTY02JAN2419750PE.NFO,02/01/2024,14:56:34,0.1,0.05,640,0.15,5040,0,6120
FINNIFTY02JAN2419750PE.NFO,02/01/2024,14:56:43,0.1,0.05,640,0.15,1440,0,6120
FINNIFTY02JAN2419750PE.NFO,02/01/2024,14:56:52,0.1,0.05,560,0.15,200,0,6120
FINNIFTY02JAN2419750PE.NFO,02/01/2024,14:57:02,0.1,0.05,560,0.1,1160,40,6120
FINNIFTY02JAN2419750PE.NFO,02/01/2024,14:57:22,0.1,0.05,560,0.1,1280,0,6120
FINNIFTY02JAN2419750PE.NFO,02/01/2024,14:57:32,0.1,0.05,560,0.1,1200,120,6400
FINNIFTY02JAN2419750PE.NFO,02/01/2024,14:57:42,0.1,0.05,560,0.1,1040,0,6400
FINNIFTY02JAN2419750PE.NFO,02/01/2024,15:02:25,0.05,0.05,360,0.1,1040,200,6400
FINNIFTY02JAN2419750PE.NFO,02/01/2024,15:03:22,0.05,0.05,160,0.1,1040,200,6400
FINNIFTY02JAN2419750PE.NFO,02/01/2024,15:03:51,0.05,0,0,0.1,1040,160,6320
FINNIFTY02JAN2419750PE.NFO,02/01/2024,15:04:10,0.05,0,0,0.1,1160,0,6320
FINNIFTY02JAN2419750PE.NFO,02/01/2024,15:07:34,0.05,0,0,0.1,1120,0,6320
FINNIFTY02JAN2419750PE.NFO,02/01/2024,15:07:46,0.1,0,0,0.1,1120,40,6360
FINNIFTY02JAN2419750PE.NFO,02/01/2024,15:08:58,0.1,0,0,0.1,880,0,6360
FINNIFTY02JAN2419750PE.NFO,02/01/2024,15:09:08,0.1,0,0,0.1,960,0,6360
FINNIFTY02JAN2419750PE.NFO,02/01/2024,15:09:38,0.1,0,0,0.1,1840,0,6360
FINNIFTY02JAN2419750PE.NFO,02/01/2024,15:12:09,0.05,0,0,0.1,1840,40,6320
FINNIFTY02JAN2419750PE.NFO,02/01/2024,15:12:19,0.05,0,0,0.1,1840,0,6320
FINNIFTY02JAN2419750PE.NFO,02/01/2024,15:17:55,0.05,0,0,0.1,1800,0,6320
FINNIFTY02JAN2419750PE.NFO,02/01/2024,15:19:31,0.05,0,0,0.1,1960,0,6320
FINNIFTY02JAN2419750PE.NFO,02/01/2024,15:19:51,0.05,0,0,0.05,200,0,6320
FINNIFTY02JAN2419750PE.NFO,02/01/2024,15:20:25,0.05,0,0,0.05,240,0,6320
FINNIFTY02JAN2419750PE.NFO,02/01/2024,15:21:05,0.05,0,0,0.05,200,0,6320
FINNIFTY02JAN2419750PE.NFO,02/01/2024,15:21:43,0.05,0,0,0.05,240,0,6320
FINNIFTY02JAN2419750PE.NFO,02/01/2024,15:22:48,0.05,0,0,0.05,240,40,6280
FINNIFTY02JAN2419750PE.NFO,02/01/2024,15:22:58,0.05,0,0,0.05,120,120,6280
FINNIFTY02JAN2419750PE.NFO,02/01/2024,15:23:08,0.05,0,0,0.05,280,0,6280
FINNIFTY02JAN2419750PE.NFO,02/01/2024,15:23:18,0.05,0,0,0.05,120,240,6280
FINNIFTY02JAN2419750PE.NFO,02/01/2024,15:23:27,0.05,0,0,0.05,80,120,6280
FINNIFTY02JAN2419750PE.NFO,02/01/2024,15:24:44,0.05,0,0,0.05,2840,0,6280
FINNIFTY02JAN2419750PE.NFO,02/01/2024,15:25:14,0.05,0,0,0.05,2280,640,6360
FINNIFTY02JAN2419750PE.NFO,02/01/2024,15:25:33,0.05,0,0,0.05,2280,0,6360
FINNIFTY02JAN2419750PE.NFO,02/01/2024,15:25:54,0.05,0,0,0.05,1760,520,6360
FINNIFTY02JAN2419750PE.NFO,02/01/2024,15:26:24,0.05,0,0,0.05,1760,0,6360
FINNIFTY02JAN2419750PE.NFO,02/01/2024,15:28:41,0.05,0,0,0.05,1840,0,6360
FINNIFTY02JAN2419750PE.NFO,02/01/2024,15:29:02,0.05,0,0,0.05,1800,40,5840
FINNIFTY02JAN2419750PE.NFO,02/01/2024,15:29:12,0.05,0,0,0.05,1720,0,5840
FINNIFTY02JAN2419750PE.NFO,02/01/2024,15:29:45,0.05,0,0,0.05,1680,0,5840
FINNIFTY02JAN2419750PE.NFO,02/01/2024,15:30:00,0.05,0,0,0.05,1640,0,5840
