Ticker,Date,Time,LTP,BuyPrice,BuyQty,SellPrice,SellQty,LTQ,OpenInterest
FINNIFTY02JAN2420800PE.NFO,02/01/2024,09:15:00,0.8,0.5,8200,0.55,2640,6920,1437760
FINNIFTY02JAN2420800PE.NFO,02/01/2024,09:15:00,0.8,0.5,8200,0.55,2640,0,1437760
FINNIFTY02JAN2420800PE.NFO,02/01/2024,09:15:00,0.85,0.5,8200,0.55,2640,0,1437760
FINNIFTY02JAN2420800PE.NFO,02/01/2024,09:15:00,0.5,0.5,8200,0.55,2640,0,1437760
FINNIFTY02JAN2420800PE.NFO,02/01/2024,09:15:01,0.55,0.5,16320,0.55,4440,12640,1437760
FINNIFTY02JAN2420800PE.NFO,02/01/2024,09:15:02,0.55,0.5,23000,0.55,2920,12520,1437760
FINNIFTY02JAN2420800PE.NFO,02/01/2024,09:15:02,0.55,0.5,22440,0.55,2160,480,1437760
FINNIFTY02JAN2420800PE.NFO,02/01/2024,09:15:03,0.5,0.5,25080,0.55,5400,3040,1437760
FINNIFTY02JAN2420800PE.NFO,02/01/2024,09:15:05,0.55,0.5,38760,0.55,17320,39840,1437760
FINNIFTY02JAN2420800PE.NFO,02/01/2024,09:15:06,0.5,0.5,102200,0.55,53320,1960,1437760
FINNIFTY02JAN2420800PE.NFO,02/01/2024,09:15:07,0.5,0.5,111480,0.55,63040,4040,1437760
FINNIFTY02JAN2420800PE.NFO,02/01/2024,09:15:08,0.5,0.5,89480,0.55,67720,24840,1437760
FINNIFTY02JAN2420800PE.NFO,02/01/2024,09:15:09,0.5,0.5,117240,0.55,95920,520,1437760
FINNIFTY02JAN2420800PE.NFO,02/01/2024,09:15:10,0.5,0.5,115440,0.55,101520,3200,1437760
FINNIFTY02JAN2420800PE.NFO,02/01/2024,09:15:11,0.5,0.5,126520,0.55,114440,3480,1437760
FINNIFTY02JAN2420800PE.NFO,02/01/2024,09:15:12,0.5,0.5,74440,0.55,115040,55680,1437760
FINNIFTY02JAN2420800PE.NFO,02/01/2024,09:15:13,0.5,0.5,72400,0.55,101680,14760,1437760
FINNIFTY02JAN2420800PE.NFO,02/01/2024,09:15:13,0.5,0.5,65520,0.55,102000,7200,1437760
FINNIFTY02JAN2420800PE.NFO,02/01/2024,09:15:14,0.5,0.45,163120,0.5,91080,53280,1437760
FINNIFTY02JAN2420800PE.NFO,02/01/2024,09:15:15,0.45,0.45,253920,0.5,95600,920,1437760
FINNIFTY02JAN2420800PE.NFO,02/01/2024,09:15:15,0.45,0.45,253920,0.5,95600,0,1437760
FINNIFTY02JAN2420800PE.NFO,02/01/2024,09:15:17,0.45,0.45,252400,0.5,125400,1520,1437760
FINNIFTY02JAN2420800PE.NFO,02/01/2024,09:15:18,0.45,0.45,254280,0.5,116480,6280,1437760
FINNIFTY02JAN2420800PE.NFO,02/01/2024,09:15:19,0.5,0.45,239560,0.5,136440,320,1437760
FINNIFTY02JAN2420800PE.NFO,02/01/2024,09:15:20,0.5,0.45,248760,0.5,140800,15320,1437760
FINNIFTY02JAN2420800PE.NFO,02/01/2024,09:15:20,0.5,0.45,252000,0.5,136080,3600,1437760
FINNIFTY02JAN2420800PE.NFO,02/01/2024,09:15:21,0.5,0.45,295200,0.5,139360,13120,1437760
FINNIFTY02JAN2420800PE.NFO,02/01/2024,09:15:23,0.45,0.45,291200,0.5,145360,4000,1437760
FINNIFTY02JAN2420800PE.NFO,02/01/2024,09:15:24,0.45,0.45,294760,0.5,151120,40,1437760
FINNIFTY02JAN2420800PE.NFO,02/01/2024,09:15:25,0.45,0.45,306200,0.5,151520,2920,1437760
FINNIFTY02JAN2420800PE.NFO,02/01/2024,09:15:26,0.5,0.45,312280,0.5,163080,6960,1437760
FINNIFTY02JAN2420800PE.NFO,02/01/2024,09:15:26,0.5,0.45,312280,0.5,163080,0,1437760
FINNIFTY02JAN2420800PE.NFO,02/01/2024,09:15:27,0.45,0.45,308680,0.5,163560,3600,1437760
FINNIFTY02JAN2420800PE.NFO,02/01/2024,09:15:29,0.5,0.45,279680,0.5,162800,34600,1437760
FINNIFTY02JAN2420800PE.NFO,02/01/2024,09:15:30,0.5,0.45,278080,0.5,167560,9040,1437760
FINNIFTY02JAN2420800PE.NFO,02/01/2024,09:15:31,0.5,0.45,277240,0.5,168160,3400,1437760
FINNIFTY02JAN2420800PE.NFO,02/01/2024,09:15:32,0.5,0.45,276480,0.5,167440,3280,1437760
FINNIFTY02JAN2420800PE.NFO,02/01/2024,09:15:32,0.5,0.45,276920,0.5,167720,480,1437760
FINNIFTY02JAN2420800PE.NFO,02/01/2024,09:15:34,0.45,0.45,241440,0.5,172320,45640,1437760
FINNIFTY02JAN2420800PE.NFO,02/01/2024,09:15:34,0.5,0.45,241040,0.5,179040,880,1437760
FINNIFTY02JAN2420800PE.NFO,02/01/2024,09:15:35,0.5,0.45,241680,0.5,188960,1240,1437760
FINNIFTY02JAN2420800PE.NFO,02/01/2024,09:15:37,0.5,0.45,245160,0.5,201440,2720,1437760
FINNIFTY02JAN2420800PE.NFO,02/01/2024,09:15:38,0.45,0.45,240800,0.5,202960,6160,1437760
FINNIFTY02JAN2420800PE.NFO,02/01/2024,09:15:39,0.45,0.45,237800,0.5,203080,3520,1437760
FINNIFTY02JAN2420800PE.NFO,02/01/2024,09:15:40,0.45,0.45,237320,0.5,200680,6840,1437760
FINNIFTY02JAN2420800PE.NFO,02/01/2024,09:15:41,0.45,0.45,236520,0.5,199840,1640,1437760
FINNIFTY02JAN2420800PE.NFO,02/01/2024,09:15:41,0.45,0.45,235720,0.5,199840,800,1437760
FINNIFTY02JAN2420800PE.NFO,02/01/2024,09:15:42,0.5,0.45,234920,0.5,201160,17600,1437760
FINNIFTY02JAN2420800PE.NFO,02/01/2024,09:15:44,0.45,0.45,230640,0.5,210240,28840,1437760
FINNIFTY02JAN2420800PE.NFO,02/01/2024,09:15:45,0.45,0.45,227800,0.5,208280,10800,1437760
FINNIFTY02JAN2420800PE.NFO,02/01/2024,09:15:46,0.45,0.45,224600,0.5,209520,5600,1437760
FINNIFTY02JAN2420800PE.NFO,02/01/2024,09:15:47,0.5,0.45,218000,0.5,209000,7120,1437760
FINNIFTY02JAN2420800PE.NFO,02/01/2024,09:15:48,0.45,0.45,216320,0.5,211200,3480,1437760
FINNIFTY02JAN2420800PE.NFO,02/01/2024,09:15:48,0.45,0.45,215920,0.5,218400,400,1437760
FINNIFTY02JAN2420800PE.NFO,02/01/2024,09:15:50,0.45,0.45,214280,0.5,223200,1600,1437760
FINNIFTY02JAN2420800PE.NFO,02/01/2024,09:15:51,0.45,0.45,217080,0.5,235000,2360,1437760
FINNIFTY02JAN2420800PE.NFO,02/01/2024,09:15:52,0.45,0.45,213120,0.5,236000,8520,1437760
FINNIFTY02JAN2420800PE.NFO,02/01/2024,09:15:53,0.45,0.45,201360,0.5,249080,14080,1437760
FINNIFTY02JAN2420800PE.NFO,02/01/2024,09:15:54,0.5,0.45,200680,0.5,233080,20080,1437760
FINNIFTY02JAN2420800PE.NFO,02/01/2024,09:15:54,0.5,0.45,200680,0.5,233080,0,1437760
FINNIFTY02JAN2420800PE.NFO,02/01/2024,09:15:55,0.45,0.45,198280,0.5,234680,2000,1437760
FINNIFTY02JAN2420800PE.NFO,02/01/2024,09:15:57,0.5,0.45,194280,0.5,236160,480,1437760
FINNIFTY02JAN2420800PE.NFO,02/01/2024,09:15:58,0.45,0.45,185040,0.5,249440,11400,1437760
FINNIFTY02JAN2420800PE.NFO,02/01/2024,09:15:59,0.5,0.45,181040,0.5,271520,8320,1437760
FINNIFTY02JAN2420800PE.NFO,02/01/2024,09:16:00,0.5,0.45,188240,0.5,288320,1200,1437760
FINNIFTY02JAN2420800PE.NFO,02/01/2024,09:16:00,0.45,0.45,186880,0.5,287720,1960,1437760
FINNIFTY02JAN2420800PE.NFO,02/01/2024,09:16:02,0.5,0.45,163960,0.5,345240,26360,1437760
FINNIFTY02JAN2420800PE.NFO,02/01/2024,09:16:03,0.5,0.45,168520,0.5,325880,8480,1437760
FINNIFTY02JAN2420800PE.NFO,02/01/2024,09:16:04,0.5,0.45,154120,0.5,331440,7320,1437760
FINNIFTY02JAN2420800PE.NFO,02/01/2024,09:16:05,0.5,0.45,149720,0.5,329440,11960,1437760
FINNIFTY02JAN2420800PE.NFO,02/01/2024,09:16:06,0.5,0.45,121840,0.5,344840,39880,1437760
FINNIFTY02JAN2420800PE.NFO,02/01/2024,09:16:06,0.5,0.45,122080,0.5,336680,1320,1437760
FINNIFTY02JAN2420800PE.NFO,02/01/2024,09:16:07,0.5,0.45,123640,0.5,344200,6920,1437760
FINNIFTY02JAN2420800PE.NFO,02/01/2024,09:16:09,0.5,0.45,135400,0.5,398880,11320,1437760
FINNIFTY02JAN2420800PE.NFO,02/01/2024,09:16:10,0.45,0.45,130320,0.5,400320,10640,1437760
FINNIFTY02JAN2420800PE.NFO,02/01/2024,09:16:11,0.5,0.45,128720,0.5,400120,5600,1437760
FINNIFTY02JAN2420800PE.NFO,02/01/2024,09:16:12,0.5,0.45,128320,0.5,400320,2800,1437760
FINNIFTY02JAN2420800PE.NFO,02/01/2024,09:16:13,0.45,0.45,56760,0.5,386000,67840,1437760
FINNIFTY02JAN2420800PE.NFO,02/01/2024,09:16:13,0.45,0.4,748720,0.45,125720,32760,1437760
FINNIFTY02JAN2420800PE.NFO,02/01/2024,09:16:15,0.45,0.4,750200,0.45,274920,1400,1437760
FINNIFTY02JAN2420800PE.NFO,02/01/2024,09:16:16,0.45,0.4,746880,0.45,400920,3400,1437760
FINNIFTY02JAN2420800PE.NFO,02/01/2024,09:16:16,0.4,0.4,746880,0.45,400920,0,1437760
FINNIFTY02JAN2420800PE.NFO,02/01/2024,09:16:17,0.45,0.4,748880,0.45,491080,0,1437760
FINNIFTY02JAN2420800PE.NFO,02/01/2024,09:16:18,0.45,0.4,747200,0.45,490960,840,1437760
FINNIFTY02JAN2420800PE.NFO,02/01/2024,09:16:19,0.45,0.4,747360,0.45,491400,1040,1437760
FINNIFTY02JAN2420800PE.NFO,02/01/2024,09:16:19,0.4,0.4,746680,0.45,491400,400,1437760
FINNIFTY02JAN2420800PE.NFO,02/01/2024,09:16:21,0.45,0.4,754720,0.45,487960,19640,1437760
FINNIFTY02JAN2420800PE.NFO,02/01/2024,09:16:22,0.4,0.4,704000,0.45,509040,51240,1437760
FINNIFTY02JAN2420800PE.NFO,02/01/2024,09:16:23,0.45,0.4,704040,0.45,518560,1000,1437760
FINNIFTY02JAN2420800PE.NFO,02/01/2024,09:16:24,0.45,0.4,705920,0.45,520440,0,1437760
FINNIFTY02JAN2420800PE.NFO,02/01/2024,09:16:24,0.45,0.4,707680,0.45,520440,0,1437760
FINNIFTY02JAN2420800PE.NFO,02/01/2024,09:16:25,0.4,0.4,702680,0.45,516800,19520,1437760
FINNIFTY02JAN2420800PE.NFO,02/01/2024,09:16:27,0.4,0.4,688200,0.45,518240,16200,1437760
FINNIFTY02JAN2420800PE.NFO,02/01/2024,09:16:28,0.4,0.4,675720,0.45,518240,1840,1437760
FINNIFTY02JAN2420800PE.NFO,02/01/2024,09:16:29,0.4,0.4,667960,0.45,523520,2240,1437760
FINNIFTY02JAN2420800PE.NFO,02/01/2024,09:16:30,0.4,0.4,669320,0.45,523960,280,1437760
FINNIFTY02JAN2420800PE.NFO,02/01/2024,09:16:30,0.4,0.4,669320,0.45,523960,0,1437760
FINNIFTY02JAN2420800PE.NFO,02/01/2024,09:16:32,0.4,0.4,672960,0.45,501960,600,1437760
FINNIFTY02JAN2420800PE.NFO,02/01/2024,09:16:33,0.4,0.4,671200,0.45,512680,0,1437760
FINNIFTY02JAN2420800PE.NFO,02/01/2024,09:16:34,0.45,0.4,672640,0.45,511880,2000,1437760
FINNIFTY02JAN2420800PE.NFO,02/01/2024,09:16:35,0.4,0.4,668840,0.45,535720,2000,1437760
FINNIFTY02JAN2420800PE.NFO,02/01/2024,09:16:36,0.45,0.4,653920,0.45,537120,15160,1437760
FINNIFTY02JAN2420800PE.NFO,02/01/2024,09:16:37,0.45,0.4,654200,0.45,539000,400,1437760
FINNIFTY02JAN2420800PE.NFO,02/01/2024,09:16:38,0.45,0.4,654480,0.45,538600,400,1437760
FINNIFTY02JAN2420800PE.NFO,02/01/2024,09:16:39,0.45,0.4,654520,0.45,540040,400,1437760
FINNIFTY02JAN2420800PE.NFO,02/01/2024,09:16:40,0.4,0.4,652520,0.45,543640,2000,1437760
FINNIFTY02JAN2420800PE.NFO,02/01/2024,09:16:41,0.4,0.4,654320,0.45,565240,0,1437760
FINNIFTY02JAN2420800PE.NFO,02/01/2024,09:16:42,0.4,0.4,652640,0.45,575360,2200,1437760
FINNIFTY02JAN2420800PE.NFO,02/01/2024,09:16:42,0.45,0.4,652640,0.45,575200,160,1437760
FINNIFTY02JAN2420800PE.NFO,02/01/2024,09:16:44,0.45,0.4,652880,0.45,575200,160,1437760
FINNIFTY02JAN2420800PE.NFO,02/01/2024,09:16:45,0.45,0.4,652880,0.45,575600,0,1437760
FINNIFTY02JAN2420800PE.NFO,02/01/2024,09:16:46,0.45,0.4,652600,0.45,575320,280,1437760
FINNIFTY02JAN2420800PE.NFO,02/01/2024,09:16:47,0.4,0.4,637120,0.45,584320,15000,1437760
FINNIFTY02JAN2420800PE.NFO,02/01/2024,09:16:48,0.4,0.4,638320,0.45,588160,0,1437760
FINNIFTY02JAN2420800PE.NFO,02/01/2024,09:16:48,0.45,0.4,638640,0.45,591880,800,1437760
FINNIFTY02JAN2420800PE.NFO,02/01/2024,09:16:50,0.45,0.4,638640,0.45,592120,1200,1437760
FINNIFTY02JAN2420800PE.NFO,02/01/2024,09:16:51,0.4,0.4,638320,0.45,592120,320,1437760
FINNIFTY02JAN2420800PE.NFO,02/01/2024,09:16:52,0.45,0.4,638320,0.45,592200,120,1437760
FINNIFTY02JAN2420800PE.NFO,02/01/2024,09:16:53,0.45,0.4,638320,0.45,605080,80,1437760
FINNIFTY02JAN2420800PE.NFO,02/01/2024,09:16:54,0.4,0.4,637920,0.45,607040,440,1437760
FINNIFTY02JAN2420800PE.NFO,02/01/2024,09:16:55,0.4,0.4,644440,0.45,606920,520,1437760
FINNIFTY02JAN2420800PE.NFO,02/01/2024,09:16:55,0.45,0.4,644440,0.45,606880,40,1437760
FINNIFTY02JAN2420800PE.NFO,02/01/2024,09:16:56,0.4,0.4,644480,0.45,605120,5680,1437760
FINNIFTY02JAN2420800PE.NFO,02/01/2024,09:16:58,0.4,0.4,643880,0.45,605040,680,1437760
FINNIFTY02JAN2420800PE.NFO,02/01/2024,09:16:59,0.45,0.4,643880,0.45,605600,40,1437760
FINNIFTY02JAN2420800PE.NFO,02/01/2024,09:17:00,0.45,0.4,644080,0.45,607000,440,1437760
FINNIFTY02JAN2420800PE.NFO,02/01/2024,09:17:01,0.45,0.4,644040,0.45,608640,3040,1437760
FINNIFTY02JAN2420800PE.NFO,02/01/2024,09:17:02,0.45,0.4,642560,0.45,615880,3800,1437760
FINNIFTY02JAN2420800PE.NFO,02/01/2024,09:17:02,0.4,0.4,641360,0.45,615400,1200,1437760
FINNIFTY02JAN2420800PE.NFO,02/01/2024,09:17:04,0.45,0.4,641400,0.45,614880,14880,1437760
FINNIFTY02JAN2420800PE.NFO,02/01/2024,09:17:05,0.45,0.4,640320,0.45,611680,5000,1437760
FINNIFTY02JAN2420800PE.NFO,02/01/2024,09:17:06,0.45,0.4,639520,0.45,611160,1600,1437760
FINNIFTY02JAN2420800PE.NFO,02/01/2024,09:17:07,0.4,0.4,636960,0.45,596120,2840,1437760
FINNIFTY02JAN2420800PE.NFO,02/01/2024,09:17:08,0.4,0.4,635760,0.45,616040,1320,1437760
FINNIFTY02JAN2420800PE.NFO,02/01/2024,09:17:08,0.45,0.4,635760,0.45,616000,40,1437760
FINNIFTY02JAN2420800PE.NFO,02/01/2024,09:17:10,0.4,0.4,635560,0.45,615440,280,1437760
FINNIFTY02JAN2420800PE.NFO,02/01/2024,09:17:11,0.45,0.4,635560,0.45,616880,120,1437760
FINNIFTY02JAN2420800PE.NFO,02/01/2024,09:17:12,0.45,0.4,634880,0.45,614120,8120,1437760
FINNIFTY02JAN2420800PE.NFO,02/01/2024,09:17:13,0.45,0.4,637240,0.45,606280,14040,1437760
FINNIFTY02JAN2420800PE.NFO,02/01/2024,09:17:14,0.45,0.4,635400,0.45,607600,120,1437760
FINNIFTY02JAN2420800PE.NFO,02/01/2024,09:17:14,0.45,0.4,635400,0.45,607560,40,1437760
FINNIFTY02JAN2420800PE.NFO,02/01/2024,09:17:16,0.45,0.4,633280,0.45,617840,6560,1437760
FINNIFTY02JAN2420800PE.NFO,02/01/2024,09:17:17,0.45,0.4,633280,0.45,618720,320,1437760
FINNIFTY02JAN2420800PE.NFO,02/01/2024,09:17:18,0.45,0.4,683320,0.45,614840,9280,1437760
FINNIFTY02JAN2420800PE.NFO,02/01/2024,09:17:19,0.4,0.4,684600,0.45,612960,1880,1437760
FINNIFTY02JAN2420800PE.NFO,02/01/2024,09:17:20,0.45,0.4,683920,0.45,613440,1040,1437760
FINNIFTY02JAN2420800PE.NFO,02/01/2024,09:17:20,0.45,0.4,684400,0.45,613400,40,1437760
FINNIFTY02JAN2420800PE.NFO,02/01/2024,09:17:21,0.45,0.4,682600,0.45,612840,2360,1437760
FINNIFTY02JAN2420800PE.NFO,02/01/2024,09:17:23,0.4,0.4,680240,0.45,612800,1960,1437760
FINNIFTY02JAN2420800PE.NFO,02/01/2024,09:17:24,0.45,0.4,680240,0.45,613040,240,1437760
FINNIFTY02JAN2420800PE.NFO,02/01/2024,09:17:25,0.45,0.4,680240,0.45,612800,240,1437760
FINNIFTY02JAN2420800PE.NFO,02/01/2024,09:17:26,0.4,0.4,677760,0.45,622000,3680,1942000
FINNIFTY02JAN2420800PE.NFO,02/01/2024,09:17:27,0.4,0.4,679280,0.45,623080,400,1942000
FINNIFTY02JAN2420800PE.NFO,02/01/2024,09:17:27,0.45,0.4,679280,0.45,623040,40,1942000
FINNIFTY02JAN2420800PE.NFO,02/01/2024,09:17:29,0.4,0.4,675080,0.45,623000,4240,1942000
FINNIFTY02JAN2420800PE.NFO,02/01/2024,09:17:30,0.45,0.4,675080,0.45,623160,80,1942000
FINNIFTY02JAN2420800PE.NFO,02/01/2024,09:17:31,0.45,0.4,675080,0.45,622800,440,1942000
FINNIFTY02JAN2420800PE.NFO,02/01/2024,09:17:32,0.45,0.4,675560,0.45,622720,80,1942000
FINNIFTY02JAN2420800PE.NFO,02/01/2024,09:17:33,0.4,0.4,671960,0.45,626280,1840,1942000
FINNIFTY02JAN2420800PE.NFO,02/01/2024,09:17:33,0.45,0.4,673760,0.45,628000,80,1942000
FINNIFTY02JAN2420800PE.NFO,02/01/2024,09:17:35,0.45,0.4,674360,0.45,620160,8040,1942000
FINNIFTY02JAN2420800PE.NFO,02/01/2024,09:17:36,0.45,0.4,673960,0.45,621880,480,1942000
FINNIFTY02JAN2420800PE.NFO,02/01/2024,09:17:37,0.4,0.4,670760,0.45,621800,1480,1942000
FINNIFTY02JAN2420800PE.NFO,02/01/2024,09:17:38,0.4,0.4,670360,0.45,619920,2280,1942000
FINNIFTY02JAN2420800PE.NFO,02/01/2024,09:17:39,0.4,0.4,670120,0.45,627800,360,1942000
FINNIFTY02JAN2420800PE.NFO,02/01/2024,09:17:40,0.45,0.4,670120,0.45,636720,80,1942000
FINNIFTY02JAN2420800PE.NFO,02/01/2024,09:17:41,0.45,0.4,670120,0.45,636680,40,1942000
FINNIFTY02JAN2420800PE.NFO,02/01/2024,09:17:42,0.45,0.4,669640,0.45,636640,40,1942000
FINNIFTY02JAN2420800PE.NFO,02/01/2024,09:17:43,0.45,0.4,670120,0.45,636200,440,1942000
FINNIFTY02JAN2420800PE.NFO,02/01/2024,09:17:44,0.4,0.4,667840,0.45,636120,1880,1942000
FINNIFTY02JAN2420800PE.NFO,02/01/2024,09:17:45,0.45,0.4,665920,0.45,639400,9400,1942000
FINNIFTY02JAN2420800PE.NFO,02/01/2024,09:17:46,0.45,0.4,665920,0.45,630800,8640,1942000
FINNIFTY02JAN2420800PE.NFO,02/01/2024,09:17:47,0.45,0.4,665800,0.45,622120,10720,1942000
FINNIFTY02JAN2420800PE.NFO,02/01/2024,09:17:48,0.45,0.4,665400,0.45,621560,960,1942000
FINNIFTY02JAN2420800PE.NFO,02/01/2024,09:17:49,0.45,0.4,663800,0.45,621080,680,1942000
FINNIFTY02JAN2420800PE.NFO,02/01/2024,09:17:50,0.45,0.4,658000,0.45,616040,2400,1942000
FINNIFTY02JAN2420800PE.NFO,02/01/2024,09:17:51,0.45,0.4,657760,0.45,607120,17000,1942000
FINNIFTY02JAN2420800PE.NFO,02/01/2024,09:17:52,0.45,0.4,657760,0.45,603480,3640,1942000
FINNIFTY02JAN2420800PE.NFO,02/01/2024,09:17:53,0.45,0.4,655760,0.45,594440,14640,1942000
FINNIFTY02JAN2420800PE.NFO,02/01/2024,09:17:54,0.45,0.4,657560,0.45,592600,40,1942000
FINNIFTY02JAN2420800PE.NFO,02/01/2024,09:17:55,0.45,0.4,655960,0.45,592000,2200,1942000
FINNIFTY02JAN2420800PE.NFO,02/01/2024,09:17:56,0.45,0.4,653360,0.45,591400,1400,1942000
FINNIFTY02JAN2420800PE.NFO,02/01/2024,09:17:57,0.45,0.4,652760,0.45,590200,3600,1942000
FINNIFTY02JAN2420800PE.NFO,02/01/2024,09:17:58,0.45,0.4,652760,0.45,586480,3720,1942000
FINNIFTY02JAN2420800PE.NFO,02/01/2024,09:17:59,0.45,0.4,651120,0.45,576800,11120,1942000
FINNIFTY02JAN2420800PE.NFO,02/01/2024,09:18:00,0.4,0.4,645920,0.45,577320,2680,1942000
FINNIFTY02JAN2420800PE.NFO,02/01/2024,09:18:01,0.45,0.4,647720,0.45,563520,2000,1942000
FINNIFTY02JAN2420800PE.NFO,02/01/2024,09:18:02,0.45,0.4,647720,0.45,562680,800,1942000
FINNIFTY02JAN2420800PE.NFO,02/01/2024,09:18:03,0.45,0.4,647640,0.45,564120,120,1942000
FINNIFTY02JAN2420800PE.NFO,02/01/2024,09:18:04,0.45,0.4,647640,0.45,565680,40,1942000
FINNIFTY02JAN2420800PE.NFO,02/01/2024,09:18:05,0.4,0.4,646080,0.45,570280,30280,1942000
FINNIFTY02JAN2420800PE.NFO,02/01/2024,09:18:06,0.45,0.4,644240,0.45,570160,160,1942000
FINNIFTY02JAN2420800PE.NFO,02/01/2024,09:18:07,0.4,0.4,645440,0.45,570080,2480,1942000
FINNIFTY02JAN2420800PE.NFO,02/01/2024,09:18:08,0.4,0.4,646600,0.45,568240,1080,1942000
FINNIFTY02JAN2420800PE.NFO,02/01/2024,09:18:09,0.4,0.4,646400,0.45,568200,240,1942000
FINNIFTY02JAN2420800PE.NFO,02/01/2024,09:18:10,0.45,0.4,647800,0.45,565920,2680,1942000
FINNIFTY02JAN2420800PE.NFO,02/01/2024,09:18:11,0.4,0.4,665400,0.45,567640,480,1942000
FINNIFTY02JAN2420800PE.NFO,02/01/2024,09:18:12,0.45,0.4,665400,0.45,565720,1920,1942000
FINNIFTY02JAN2420800PE.NFO,02/01/2024,09:18:13,0.4,0.4,665000,0.45,564800,1280,1942000
FINNIFTY02JAN2420800PE.NFO,02/01/2024,09:18:14,0.4,0.4,660320,0.45,563920,1880,1942000
FINNIFTY02JAN2420800PE.NFO,02/01/2024,09:18:15,0.45,0.4,660320,0.45,565680,40,1942000
FINNIFTY02JAN2420800PE.NFO,02/01/2024,09:18:16,0.4,0.4,652520,0.45,563800,680,1942000
FINNIFTY02JAN2420800PE.NFO,02/01/2024,09:18:17,0.45,0.4,653920,0.45,563280,2200,1942000
FINNIFTY02JAN2420800PE.NFO,02/01/2024,09:18:18,0.4,0.4,650440,0.45,571920,2080,1942000
FINNIFTY02JAN2420800PE.NFO,02/01/2024,09:18:19,0.45,0.4,649200,0.45,571080,2080,1942000
FINNIFTY02JAN2420800PE.NFO,02/01/2024,09:18:20,0.45,0.4,651000,0.45,569520,1800,1942000
FINNIFTY02JAN2420800PE.NFO,02/01/2024,09:18:21,0.45,0.4,651000,0.45,567720,1800,1942000
FINNIFTY02JAN2420800PE.NFO,02/01/2024,09:18:22,0.4,0.4,647200,0.45,567320,2400,1942000
FINNIFTY02JAN2420800PE.NFO,02/01/2024,09:18:23,0.45,0.4,648960,0.45,543880,1840,1942000
FINNIFTY02JAN2420800PE.NFO,02/01/2024,09:18:24,0.45,0.4,650760,0.45,542840,1800,1942000
FINNIFTY02JAN2420800PE.NFO,02/01/2024,09:18:25,0.45,0.4,652520,0.45,540360,2880,1942000
FINNIFTY02JAN2420800PE.NFO,02/01/2024,09:18:26,0.4,0.4,652120,0.45,538560,2200,1942000
FINNIFTY02JAN2420800PE.NFO,02/01/2024,09:18:27,0.45,0.4,652200,0.45,525400,22760,1942000
FINNIFTY02JAN2420800PE.NFO,02/01/2024,09:18:28,0.45,0.4,650400,0.45,533360,2000,1942000
FINNIFTY02JAN2420800PE.NFO,02/01/2024,09:18:29,0.45,0.4,650400,0.45,529320,4040,1942000
FINNIFTY02JAN2420800PE.NFO,02/01/2024,09:18:30,0.45,0.4,650400,0.45,527520,0,1942000
FINNIFTY02JAN2420800PE.NFO,02/01/2024,09:18:31,0.4,0.4,653000,0.45,527600,2040,1942000
FINNIFTY02JAN2420800PE.NFO,02/01/2024,09:18:32,0.45,0.4,653000,0.45,521760,440,1942000
FINNIFTY02JAN2420800PE.NFO,02/01/2024,09:18:33,0.45,0.4,653000,0.45,521320,440,1942000
FINNIFTY02JAN2420800PE.NFO,02/01/2024,09:18:34,0.45,0.4,654800,0.45,461480,9840,1942000
FINNIFTY02JAN2420800PE.NFO,02/01/2024,09:18:35,0.45,0.4,654800,0.45,471080,880,1942000
FINNIFTY02JAN2420800PE.NFO,02/01/2024,09:18:36,0.45,0.4,654800,0.45,463800,9000,1942000
FINNIFTY02JAN2420800PE.NFO,02/01/2024,09:18:37,0.45,0.4,654800,0.45,458280,3600,1942000
FINNIFTY02JAN2420800PE.NFO,02/01/2024,09:18:38,0.45,0.4,655760,0.45,438160,22080,1942000
FINNIFTY02JAN2420800PE.NFO,02/01/2024,09:18:39,0.45,0.4,657080,0.45,229200,201000,1942000
FINNIFTY02JAN2420800PE.NFO,02/01/2024,09:18:40,0.45,0.4,658160,0.45,191520,39040,1942000
FINNIFTY02JAN2420800PE.NFO,02/01/2024,09:18:41,0.45,0.4,657520,0.45,120080,84080,1942000
FINNIFTY02JAN2420800PE.NFO,02/01/2024,09:18:42,0.4,0.4,659880,0.45,133960,600,1942000
FINNIFTY02JAN2420800PE.NFO,02/01/2024,09:18:43,0.45,0.4,659840,0.45,132160,1800,1942000
FINNIFTY02JAN2420800PE.NFO,02/01/2024,09:18:44,0.45,0.4,659640,0.45,127480,0,1942000
FINNIFTY02JAN2420800PE.NFO,02/01/2024,09:18:45,0.4,0.4,658440,0.45,127320,1600,1942000
FINNIFTY02JAN2420800PE.NFO,02/01/2024,09:18:46,0.4,0.4,657480,0.45,126920,3160,1942000
FINNIFTY02JAN2420800PE.NFO,02/01/2024,09:18:47,0.5,0.45,235520,0.5,520800,116760,1942000
FINNIFTY02JAN2420800PE.NFO,02/01/2024,09:18:48,0.45,0.45,242880,0.5,533440,400,1942000
FINNIFTY02JAN2420800PE.NFO,02/01/2024,09:18:49,0.45,0.45,243040,0.5,535240,0,1942000
FINNIFTY02JAN2420800PE.NFO,02/01/2024,09:18:50,0.45,0.45,263040,0.5,558640,0,1942000
FINNIFTY02JAN2420800PE.NFO,02/01/2024,09:18:52,0.5,0.45,263040,0.5,552800,3600,1942000
FINNIFTY02JAN2420800PE.NFO,02/01/2024,09:18:53,0.5,0.45,263040,0.5,551760,1040,1942000
FINNIFTY02JAN2420800PE.NFO,02/01/2024,09:18:54,0.5,0.45,263040,0.5,555400,0,1942000
FINNIFTY02JAN2420800PE.NFO,02/01/2024,09:18:55,0.45,0.45,264640,0.5,553600,200,1942000
FINNIFTY02JAN2420800PE.NFO,02/01/2024,09:18:56,0.45,0.45,265440,0.5,555400,0,1942000
FINNIFTY02JAN2420800PE.NFO,02/01/2024,09:18:57,0.5,0.45,265800,0.5,553880,2080,1942000
FINNIFTY02JAN2420800PE.NFO,02/01/2024,09:18:58,0.5,0.45,266240,0.5,553280,2400,1942000
FINNIFTY02JAN2420800PE.NFO,02/01/2024,09:18:59,0.5,0.45,266160,0.5,552360,2800,1942000
FINNIFTY02JAN2420800PE.NFO,02/01/2024,09:19:00,0.5,0.45,272160,0.5,541280,10480,1942000
FINNIFTY02JAN2420800PE.NFO,02/01/2024,09:19:01,0.5,0.45,272160,0.5,542760,320,1942000
FINNIFTY02JAN2420800PE.NFO,02/01/2024,09:19:02,0.5,0.45,275040,0.5,538760,5800,1942000
FINNIFTY02JAN2420800PE.NFO,02/01/2024,09:19:03,0.5,0.45,273240,0.5,538640,1040,1942000
FINNIFTY02JAN2420800PE.NFO,02/01/2024,09:19:04,0.5,0.45,274600,0.5,537840,3720,1942000
FINNIFTY02JAN2420800PE.NFO,02/01/2024,09:19:05,0.5,0.45,274600,0.5,543080,160,1942000
FINNIFTY02JAN2420800PE.NFO,02/01/2024,09:19:06,0.5,0.45,274600,0.5,551560,1440,1942000
FINNIFTY02JAN2420800PE.NFO,02/01/2024,09:19:07,0.5,0.45,275040,0.5,551560,2440,1942000
FINNIFTY02JAN2420800PE.NFO,02/01/2024,09:19:08,0.5,0.45,275680,0.5,638400,3560,1942000
FINNIFTY02JAN2420800PE.NFO,02/01/2024,09:19:09,0.5,0.45,275680,0.5,649480,640,1942000
FINNIFTY02JAN2420800PE.NFO,02/01/2024,09:19:10,0.5,0.45,277360,0.5,663880,1880,1942000
FINNIFTY02JAN2420800PE.NFO,02/01/2024,09:19:11,0.5,0.45,277360,0.5,663200,640,1942000
FINNIFTY02JAN2420800PE.NFO,02/01/2024,09:19:12,0.5,0.45,276960,0.5,662120,1520,1942000
FINNIFTY02JAN2420800PE.NFO,02/01/2024,09:19:13,0.5,0.45,275160,0.5,660160,1960,1942000
FINNIFTY02JAN2420800PE.NFO,02/01/2024,09:19:14,0.5,0.45,273360,0.5,658840,1280,1942000
FINNIFTY02JAN2420800PE.NFO,02/01/2024,09:19:15,0.5,0.45,273160,0.5,655760,3400,1942000
FINNIFTY02JAN2420800PE.NFO,02/01/2024,09:19:16,0.5,0.45,272680,0.5,658600,23360,1942000
FINNIFTY02JAN2420800PE.NFO,02/01/2024,09:19:17,0.5,0.45,272280,0.5,651120,3440,1942000
FINNIFTY02JAN2420800PE.NFO,02/01/2024,09:19:18,0.5,0.45,272080,0.5,651480,1640,1942000
FINNIFTY02JAN2420800PE.NFO,02/01/2024,09:19:19,0.5,0.45,272880,0.5,653600,1960,1942000
FINNIFTY02JAN2420800PE.NFO,02/01/2024,09:19:20,0.5,0.45,330160,0.5,652920,5480,1942000
FINNIFTY02JAN2420800PE.NFO,02/01/2024,09:19:21,0.5,0.45,330160,0.5,653600,1120,1942000
FINNIFTY02JAN2420800PE.NFO,02/01/2024,09:19:22,0.5,0.45,330160,0.5,648280,5280,1942000
FINNIFTY02JAN2420800PE.NFO,02/01/2024,09:19:23,0.5,0.45,330640,0.5,649800,10760,1942000
FINNIFTY02JAN2420800PE.NFO,02/01/2024,09:19:24,0.5,0.45,328840,0.5,650360,1960,1942000
FINNIFTY02JAN2420800PE.NFO,02/01/2024,09:19:25,0.5,0.45,328640,0.5,648040,6760,1942000
FINNIFTY02JAN2420800PE.NFO,02/01/2024,09:19:26,0.5,0.45,328040,0.5,647000,2760,1942000
FINNIFTY02JAN2420800PE.NFO,02/01/2024,09:19:27,0.5,0.45,329840,0.5,643800,5000,1942000
FINNIFTY02JAN2420800PE.NFO,02/01/2024,09:19:28,0.5,0.45,328040,0.5,645120,480,1942000
FINNIFTY02JAN2420800PE.NFO,02/01/2024,09:19:29,0.5,0.45,328040,0.5,645840,1120,1942000
FINNIFTY02JAN2420800PE.NFO,02/01/2024,09:19:30,0.5,0.45,331880,0.5,642200,1800,1942000
FINNIFTY02JAN2420800PE.NFO,02/01/2024,09:19:31,0.5,0.45,333680,0.5,624440,720,1942000
FINNIFTY02JAN2420800PE.NFO,02/01/2024,09:19:32,0.5,0.45,334440,0.5,624200,4400,1942000
FINNIFTY02JAN2420800PE.NFO,02/01/2024,09:19:33,0.5,0.45,335200,0.5,623680,3600,1942000
FINNIFTY02JAN2420800PE.NFO,02/01/2024,09:19:34,0.5,0.45,334240,0.5,621200,3560,1942000
FINNIFTY02JAN2420800PE.NFO,02/01/2024,09:19:35,0.5,0.45,351400,0.5,624360,8600,1942000
FINNIFTY02JAN2420800PE.NFO,02/01/2024,09:19:36,0.5,0.45,352200,0.5,620800,1280,1942000
FINNIFTY02JAN2420800PE.NFO,02/01/2024,09:19:37,0.5,0.45,354000,0.5,621080,480,1942000
FINNIFTY02JAN2420800PE.NFO,02/01/2024,09:19:38,0.5,0.45,354000,0.5,620800,1000,1942000
FINNIFTY02JAN2420800PE.NFO,02/01/2024,09:19:39,0.5,0.45,361320,0.5,618920,3560,1942000
FINNIFTY02JAN2420800PE.NFO,02/01/2024,09:19:40,0.5,0.45,363120,0.5,628000,800,1942000
FINNIFTY02JAN2420800PE.NFO,02/01/2024,09:19:41,0.5,0.45,361320,0.5,634560,640,1942000
FINNIFTY02JAN2420800PE.NFO,02/01/2024,09:19:42,0.5,0.45,361320,0.5,644240,640,1942000
FINNIFTY02JAN2420800PE.NFO,02/01/2024,09:19:43,0.5,0.45,361320,0.5,730200,960,1942000
FINNIFTY02JAN2420800PE.NFO,02/01/2024,09:19:44,0.5,0.45,359120,0.5,753000,2000,1942000
FINNIFTY02JAN2420800PE.NFO,02/01/2024,09:19:45,0.5,0.45,360040,0.5,749480,2640,1942000
FINNIFTY02JAN2420800PE.NFO,02/01/2024,09:19:46,0.5,0.45,360040,0.5,759960,800,1942000
FINNIFTY02JAN2420800PE.NFO,02/01/2024,09:19:47,0.5,0.45,360440,0.5,760480,1280,1942000
FINNIFTY02JAN2420800PE.NFO,02/01/2024,09:19:48,0.5,0.45,362240,0.5,759760,2760,1942000
FINNIFTY02JAN2420800PE.NFO,02/01/2024,09:19:49,0.5,0.45,362240,0.5,761080,480,1942000
FINNIFTY02JAN2420800PE.NFO,02/01/2024,09:19:50,0.5,0.45,361680,0.5,761200,920,1942000
FINNIFTY02JAN2420800PE.NFO,02/01/2024,09:19:51,0.5,0.45,361480,0.5,769720,2520,1942000
FINNIFTY02JAN2420800PE.NFO,02/01/2024,09:19:52,0.5,0.45,361400,0.5,768280,1520,1942000
FINNIFTY02JAN2420800PE.NFO,02/01/2024,09:19:53,0.5,0.45,363360,0.5,765960,3640,1942000
FINNIFTY02JAN2420800PE.NFO,02/01/2024,09:19:54,0.5,0.45,366400,0.5,768640,6920,1942000
FINNIFTY02JAN2420800PE.NFO,02/01/2024,09:19:55,0.5,0.45,366320,0.5,776680,1040,1942000
FINNIFTY02JAN2420800PE.NFO,02/01/2024,09:19:56,0.5,0.45,364520,0.5,776040,640,1942000
FINNIFTY02JAN2420800PE.NFO,02/01/2024,09:19:57,0.5,0.45,365640,0.5,774920,1800,1942000
FINNIFTY02JAN2420800PE.NFO,02/01/2024,09:19:58,0.5,0.45,364440,0.5,779080,3680,1942000
FINNIFTY02JAN2420800PE.NFO,02/01/2024,09:19:59,0.5,0.45,366000,0.5,774720,2800,1942000
FINNIFTY02JAN2420800PE.NFO,02/01/2024,09:20:00,0.45,0.45,363560,0.5,775520,3440,1942000
FINNIFTY02JAN2420800PE.NFO,02/01/2024,09:20:01,0.45,0.45,366600,0.5,777560,600,1942000
FINNIFTY02JAN2420800PE.NFO,02/01/2024,09:20:02,0.45,0.45,364720,0.5,775760,400,1942000
FINNIFTY02JAN2420800PE.NFO,02/01/2024,09:20:03,0.45,0.45,366000,0.5,781600,1040,1942000
FINNIFTY02JAN2420800PE.NFO,02/01/2024,09:20:04,0.5,0.45,362440,0.5,785080,1880,1942000
FINNIFTY02JAN2420800PE.NFO,02/01/2024,09:20:05,0.45,0.45,365240,0.5,795800,3920,1942000
FINNIFTY02JAN2420800PE.NFO,02/01/2024,09:20:06,0.45,0.45,361680,0.5,802840,1800,1942000
FINNIFTY02JAN2420800PE.NFO,02/01/2024,09:20:07,0.45,0.45,361480,0.5,806040,18000,1942000
FINNIFTY02JAN2420800PE.NFO,02/01/2024,09:20:08,0.5,0.45,343480,0.5,808240,1000,1942000
FINNIFTY02JAN2420800PE.NFO,02/01/2024,09:20:09,0.5,0.45,361480,0.5,808240,0,1942000
FINNIFTY02JAN2420800PE.NFO,02/01/2024,09:20:10,0.5,0.45,363280,0.5,807680,480,1942000
FINNIFTY02JAN2420800PE.NFO,02/01/2024,09:20:11,0.5,0.45,361480,0.5,807680,0,1942000
FINNIFTY02JAN2420800PE.NFO,02/01/2024,09:20:12,0.5,0.45,361480,0.5,807160,480,1942000
FINNIFTY02JAN2420800PE.NFO,02/01/2024,09:20:13,0.5,0.45,362480,0.5,807720,1280,1942000
FINNIFTY02JAN2420800PE.NFO,02/01/2024,09:20:14,0.45,0.45,362080,0.5,808520,400,1942000
FINNIFTY02JAN2420800PE.NFO,02/01/2024,09:20:15,0.5,0.45,362080,0.5,809840,480,1942000
FINNIFTY02JAN2420800PE.NFO,02/01/2024,09:20:16,0.5,0.45,363880,0.5,808320,520,1942000
FINNIFTY02JAN2420800PE.NFO,02/01/2024,09:20:17,0.5,0.45,363920,0.5,810120,0,1942000
FINNIFTY02JAN2420800PE.NFO,02/01/2024,09:20:19,0.5,0.45,363520,0.5,809680,800,1942000
FINNIFTY02JAN2420800PE.NFO,02/01/2024,09:20:20,0.45,0.45,361080,0.5,815120,600,1942000
FINNIFTY02JAN2420800PE.NFO,02/01/2024,09:20:21,0.45,0.45,357480,0.5,816920,1800,1942000
FINNIFTY02JAN2420800PE.NFO,02/01/2024,09:20:22,0.45,0.45,357080,0.5,816920,2200,1942000
FINNIFTY02JAN2420800PE.NFO,02/01/2024,09:20:23,0.5,0.45,355280,0.5,816920,1800,1942000
FINNIFTY02JAN2420800PE.NFO,02/01/2024,09:20:24,0.45,0.45,356800,0.5,815120,320,1942000
FINNIFTY02JAN2420800PE.NFO,02/01/2024,09:20:25,0.45,0.45,354960,0.5,814720,1800,1942000
FINNIFTY02JAN2420800PE.NFO,02/01/2024,09:20:26,0.5,0.45,354960,0.5,814520,200,1942000
FINNIFTY02JAN2420800PE.NFO,02/01/2024,09:20:27,0.45,0.45,354400,0.5,816320,560,2236920
FINNIFTY02JAN2420800PE.NFO,02/01/2024,09:20:28,0.5,0.45,336400,0.5,814520,3600,2236920
FINNIFTY02JAN2420800PE.NFO,02/01/2024,09:20:36,0.5,0.45,338200,0.5,818040,1800,2236920
FINNIFTY02JAN2420800PE.NFO,02/01/2024,09:20:45,0.45,0.45,330760,0.5,826600,3400,2236920
FINNIFTY02JAN2420800PE.NFO,02/01/2024,09:20:55,0.45,0.45,315920,0.5,835760,5520,2236920
FINNIFTY02JAN2420800PE.NFO,02/01/2024,09:21:04,0.5,0.45,329360,0.5,837040,14760,2236920
FINNIFTY02JAN2420800PE.NFO,02/01/2024,09:21:15,0.45,0.45,316320,0.5,835200,16240,2236920
FINNIFTY02JAN2420800PE.NFO,02/01/2024,09:21:25,0.45,0.45,310600,0.5,830840,11360,2236920
FINNIFTY02JAN2420800PE.NFO,02/01/2024,09:21:35,0.5,0.45,310120,0.5,821960,8360,2236920
FINNIFTY02JAN2420800PE.NFO,02/01/2024,09:21:45,0.45,0.45,324640,0.5,824320,6080,2236920
FINNIFTY02JAN2420800PE.NFO,02/01/2024,09:21:55,0.45,0.45,320880,0.5,830720,24920,2236920
FINNIFTY02JAN2420800PE.NFO,02/01/2024,09:22:07,0.5,0.45,273280,0.5,836800,33920,2236920
FINNIFTY02JAN2420800PE.NFO,02/01/2024,09:22:19,0.5,0.45,265560,0.5,834600,20960,2236920
FINNIFTY02JAN2420800PE.NFO,02/01/2024,09:22:30,0.5,0.45,243040,0.5,855240,12120,2236920
FINNIFTY02JAN2420800PE.NFO,02/01/2024,09:22:40,0.45,0.45,373920,0.5,864360,2360,2236920
FINNIFTY02JAN2420800PE.NFO,02/01/2024,09:22:50,0.45,0.45,352280,0.5,866640,7400,2236920
FINNIFTY02JAN2420800PE.NFO,02/01/2024,09:23:00,0.45,0.45,338760,0.5,888880,15080,2236920
FINNIFTY02JAN2420800PE.NFO,02/01/2024,09:23:09,0.4,0.4,969480,0.45,426400,138520,2236920
FINNIFTY02JAN2420800PE.NFO,02/01/2024,09:23:19,0.4,0.4,952520,0.45,570120,15720,2236920
FINNIFTY02JAN2420800PE.NFO,02/01/2024,09:23:28,0.4,0.4,900720,0.45,606440,49000,2363200
FINNIFTY02JAN2420800PE.NFO,02/01/2024,09:23:37,0.4,0.4,862040,0.45,650520,55520,2363200
FINNIFTY02JAN2420800PE.NFO,02/01/2024,09:23:47,0.4,0.4,860840,0.45,650360,36880,2363200
FINNIFTY02JAN2420800PE.NFO,02/01/2024,09:23:56,0.45,0.4,865560,0.45,644560,31080,2363200
FINNIFTY02JAN2420800PE.NFO,02/01/2024,09:24:05,0.45,0.4,865120,0.45,640080,9080,2363200
FINNIFTY02JAN2420800PE.NFO,02/01/2024,09:24:15,0.45,0.4,921320,0.45,643360,2880,2363200
FINNIFTY02JAN2420800PE.NFO,02/01/2024,09:24:24,0.4,0.4,920800,0.45,640840,5200,2363200
FINNIFTY02JAN2420800PE.NFO,02/01/2024,09:24:35,0.4,0.4,914400,0.45,640680,8920,2363200
FINNIFTY02JAN2420800PE.NFO,02/01/2024,09:24:45,0.4,0.4,904280,0.45,693680,7920,2363200
FINNIFTY02JAN2420800PE.NFO,02/01/2024,09:24:55,0.4,0.4,859640,0.45,688560,13200,2363200
FINNIFTY02JAN2420800PE.NFO,02/01/2024,09:25:05,0.4,0.4,840280,0.45,685720,22200,2363200
FINNIFTY02JAN2420800PE.NFO,02/01/2024,09:25:16,0.45,0.4,829040,0.45,723520,22040,2363200
FINNIFTY02JAN2420800PE.NFO,02/01/2024,09:25:27,0.4,0.4,819320,0.45,739360,10080,2363200
FINNIFTY02JAN2420800PE.NFO,02/01/2024,09:25:36,0.4,0.4,781160,0.45,755000,26920,2363200
FINNIFTY02JAN2420800PE.NFO,02/01/2024,09:25:46,0.45,0.4,779200,0.45,752560,2720,2363200
FINNIFTY02JAN2420800PE.NFO,02/01/2024,09:25:56,0.45,0.4,749600,0.45,752680,34880,2363200
FINNIFTY02JAN2420800PE.NFO,02/01/2024,09:26:06,0.4,0.4,705600,0.45,767240,49880,2363200
FINNIFTY02JAN2420800PE.NFO,02/01/2024,09:26:15,0.45,0.4,706440,0.45,752160,25880,2363200
FINNIFTY02JAN2420800PE.NFO,02/01/2024,09:26:26,0.4,0.4,690160,0.45,747320,81720,2363200
FINNIFTY02JAN2420800PE.NFO,02/01/2024,09:26:36,0.4,0.4,687840,0.45,751280,2800,2467480
FINNIFTY02JAN2420800PE.NFO,02/01/2024,09:26:46,0.45,0.4,685640,0.45,750680,4440,2467480
FINNIFTY02JAN2420800PE.NFO,02/01/2024,09:26:58,0.45,0.4,685040,0.45,745280,16960,2467480
FINNIFTY02JAN2420800PE.NFO,02/01/2024,09:27:08,0.45,0.4,757720,0.45,756400,49000,2467480
FINNIFTY02JAN2420800PE.NFO,02/01/2024,09:27:18,0.45,0.4,735600,0.45,770840,42840,2467480
FINNIFTY02JAN2420800PE.NFO,02/01/2024,09:27:28,0.4,0.4,729600,0.45,763760,15240,2467480
FINNIFTY02JAN2420800PE.NFO,02/01/2024,09:27:38,0.45,0.4,727680,0.45,759480,6200,2467480
FINNIFTY02JAN2420800PE.NFO,02/01/2024,09:27:48,0.45,0.4,726240,0.45,750840,9880,2467480
FINNIFTY02JAN2420800PE.NFO,02/01/2024,09:27:57,0.45,0.4,725680,0.45,718160,35880,2467480
FINNIFTY02JAN2420800PE.NFO,02/01/2024,09:28:07,0.4,0.4,724160,0.45,700920,19400,2467480
FINNIFTY02JAN2420800PE.NFO,02/01/2024,09:28:18,0.45,0.4,528000,0.45,701680,110000,2467480
FINNIFTY02JAN2420800PE.NFO,02/01/2024,09:28:28,0.45,0.4,527040,0.45,701000,4400,2467480
FINNIFTY02JAN2420800PE.NFO,02/01/2024,09:28:41,0.4,0.4,569000,0.45,701440,5640,2467480
FINNIFTY02JAN2420800PE.NFO,02/01/2024,09:28:55,0.45,0.4,333560,0.45,714200,109360,2467480
FINNIFTY02JAN2420800PE.NFO,02/01/2024,09:29:05,0.45,0.4,310800,0.45,734560,52040,2467480
FINNIFTY02JAN2420800PE.NFO,02/01/2024,09:29:16,0.4,0.4,118320,0.45,670360,179520,2467480
FINNIFTY02JAN2420800PE.NFO,02/01/2024,09:29:28,0.4,0.35,896280,0.4,555360,197680,2747760
FINNIFTY02JAN2420800PE.NFO,02/01/2024,09:29:28,0.35,0.35,896280,0.4,555360,0,2747760
FINNIFTY02JAN2420800PE.NFO,02/01/2024,09:29:30,0.4,0.35,912520,0.4,556440,2120,2747760
FINNIFTY02JAN2420800PE.NFO,02/01/2024,09:29:31,0.4,0.35,911240,0.4,556360,3160,2747760
FINNIFTY02JAN2420800PE.NFO,02/01/2024,09:29:32,0.4,0.35,913040,0.4,551360,6800,2747760
FINNIFTY02JAN2420800PE.NFO,02/01/2024,09:29:33,0.4,0.35,912840,0.4,553960,1000,2747760
FINNIFTY02JAN2420800PE.NFO,02/01/2024,09:29:34,0.4,0.35,914640,0.4,550960,3000,2747760
FINNIFTY02JAN2420800PE.NFO,02/01/2024,09:29:35,0.35,0.35,914480,0.4,550960,160,2747760
FINNIFTY02JAN2420800PE.NFO,02/01/2024,09:29:36,0.4,0.35,907280,0.4,552520,240,2747760
FINNIFTY02JAN2420800PE.NFO,02/01/2024,09:29:37,0.4,0.35,898280,0.4,552120,400,2747760
FINNIFTY02JAN2420800PE.NFO,02/01/2024,09:29:38,0.4,0.35,898280,0.4,630640,680,2747760
FINNIFTY02JAN2420800PE.NFO,02/01/2024,09:29:41,0.35,0.35,898240,0.4,630640,40,2747760
FINNIFTY02JAN2420800PE.NFO,02/01/2024,09:29:42,0.35,0.35,898240,0.4,640640,0,2747760
FINNIFTY02JAN2420800PE.NFO,02/01/2024,09:29:43,0.4,0.35,898240,0.4,638840,1800,2747760
FINNIFTY02JAN2420800PE.NFO,02/01/2024,09:29:44,0.4,0.35,897840,0.4,638040,1200,2747760
FINNIFTY02JAN2420800PE.NFO,02/01/2024,09:29:45,0.35,0.35,896840,0.4,603040,1000,2747760
FINNIFTY02JAN2420800PE.NFO,02/01/2024,09:29:46,0.35,0.35,896760,0.4,583360,80,2747760
FINNIFTY02JAN2420800PE.NFO,02/01/2024,09:29:47,0.4,0.35,896760,0.4,503760,200,2747760
FINNIFTY02JAN2420800PE.NFO,02/01/2024,09:29:48,0.4,0.35,896760,0.4,473560,0,2747760
FINNIFTY02JAN2420800PE.NFO,02/01/2024,09:29:49,0.4,0.35,896360,0.4,474760,1600,2747760
FINNIFTY02JAN2420800PE.NFO,02/01/2024,09:29:50,0.35,0.35,898000,0.4,459360,1960,2747760
FINNIFTY02JAN2420800PE.NFO,02/01/2024,09:29:51,0.4,0.35,906080,0.4,241120,226240,2747760
FINNIFTY02JAN2420800PE.NFO,02/01/2024,09:29:52,0.4,0.35,897640,0.4,243200,0,2747760
FINNIFTY02JAN2420800PE.NFO,02/01/2024,09:29:53,0.35,0.35,897560,0.4,189200,80,2747760
FINNIFTY02JAN2420800PE.NFO,02/01/2024,09:29:54,0.4,0.35,896640,0.4,140840,52360,2747760
FINNIFTY02JAN2420800PE.NFO,02/01/2024,09:29:55,0.4,0.35,897480,0.4,107280,27600,2747760
FINNIFTY02JAN2420800PE.NFO,02/01/2024,09:29:56,0.45,0.4,197800,0.45,668640,90280,2747760
FINNIFTY02JAN2420800PE.NFO,02/01/2024,09:29:57,0.4,0.4,207840,0.45,673120,1360,2747760
FINNIFTY02JAN2420800PE.NFO,02/01/2024,09:29:58,0.4,0.4,223080,0.45,725640,1920,2747760
FINNIFTY02JAN2420800PE.NFO,02/01/2024,09:29:59,0.4,0.4,226320,0.45,775320,4320,2747760
FINNIFTY02JAN2420800PE.NFO,02/01/2024,09:30:00,0.4,0.4,252920,0.45,798320,4040,2747760
FINNIFTY02JAN2420800PE.NFO,02/01/2024,09:30:01,0.4,0.4,233440,0.45,810800,1960,2747760
FINNIFTY02JAN2420800PE.NFO,02/01/2024,09:30:02,0.4,0.4,265840,0.45,810800,0,2747760
FINNIFTY02JAN2420800PE.NFO,02/01/2024,09:30:03,0.4,0.4,263760,0.45,812640,3280,2747760
FINNIFTY02JAN2420800PE.NFO,02/01/2024,09:30:04,0.4,0.4,250960,0.45,813160,2880,2747760
FINNIFTY02JAN2420800PE.NFO,02/01/2024,09:30:05,0.4,0.4,248520,0.45,813440,7320,2747760
FINNIFTY02JAN2420800PE.NFO,02/01/2024,09:30:06,0.4,0.4,212200,0.45,813440,6760,2747760
FINNIFTY02JAN2420800PE.NFO,02/01/2024,09:30:07,0.4,0.4,212880,0.45,813800,2160,2747760
FINNIFTY02JAN2420800PE.NFO,02/01/2024,09:30:08,0.4,0.4,211280,0.45,812120,4680,2747760
FINNIFTY02JAN2420800PE.NFO,02/01/2024,09:30:09,0.4,0.4,218720,0.45,831040,400,2747760
FINNIFTY02JAN2420800PE.NFO,02/01/2024,09:30:10,0.4,0.4,218160,0.45,834720,4320,2747760
FINNIFTY02JAN2420800PE.NFO,02/01/2024,09:30:11,0.4,0.4,202400,0.45,837320,3360,2747760
FINNIFTY02JAN2420800PE.NFO,02/01/2024,09:30:12,0.4,0.4,199600,0.45,839040,4320,2747760
FINNIFTY02JAN2420800PE.NFO,02/01/2024,09:30:13,0.4,0.4,199040,0.45,840960,1440,2747760
FINNIFTY02JAN2420800PE.NFO,02/01/2024,09:30:14,0.4,0.4,209240,0.45,842800,2840,2747760
FINNIFTY02JAN2420800PE.NFO,02/01/2024,09:30:15,0.4,0.4,192520,0.45,845160,2880,2747760
FINNIFTY02JAN2420800PE.NFO,02/01/2024,09:30:16,0.45,0.4,197560,0.45,845680,1480,2747760
FINNIFTY02JAN2420800PE.NFO,02/01/2024,09:30:17,0.4,0.4,197680,0.45,847880,7920,2747760
FINNIFTY02JAN2420800PE.NFO,02/01/2024,09:30:18,0.4,0.4,183920,0.45,848600,2880,2747760
FINNIFTY02JAN2420800PE.NFO,02/01/2024,09:30:19,0.4,0.4,177840,0.45,827000,4320,2747760
FINNIFTY02JAN2420800PE.NFO,02/01/2024,09:30:20,0.4,0.4,179200,0.45,830680,1280,2747760
FINNIFTY02JAN2420800PE.NFO,02/01/2024,09:30:21,0.4,0.4,177760,0.45,830680,1440,2747760
FINNIFTY02JAN2420800PE.NFO,02/01/2024,09:30:22,0.4,0.4,181040,0.45,830680,3680,2747760
FINNIFTY02JAN2420800PE.NFO,02/01/2024,09:30:23,0.4,0.4,161520,0.45,822680,13840,2747760
FINNIFTY02JAN2420800PE.NFO,02/01/2024,09:30:24,0.45,0.4,190200,0.45,822280,400,2747760
FINNIFTY02JAN2420800PE.NFO,02/01/2024,09:30:25,0.45,0.4,190200,0.45,821440,840,2747760
FINNIFTY02JAN2420800PE.NFO,02/01/2024,09:30:27,0.45,0.4,190200,0.45,821040,1400,2747760
FINNIFTY02JAN2420800PE.NFO,02/01/2024,09:30:28,0.45,0.4,190200,0.45,820080,1400,2747760
FINNIFTY02JAN2420800PE.NFO,02/01/2024,09:30:29,0.4,0.4,190360,0.45,820640,800,2747760
FINNIFTY02JAN2420800PE.NFO,02/01/2024,09:30:30,0.4,0.4,179400,0.45,821280,3280,2747760
FINNIFTY02JAN2420800PE.NFO,02/01/2024,09:30:31,0.4,0.4,172320,0.45,821520,4440,2747760
FINNIFTY02JAN2420800PE.NFO,02/01/2024,09:30:32,0.4,0.4,182600,0.45,821360,1520,2747760
FINNIFTY02JAN2420800PE.NFO,02/01/2024,09:30:33,0.4,0.4,171840,0.45,821360,1440,2747760
FINNIFTY02JAN2420800PE.NFO,02/01/2024,09:30:34,0.45,0.4,177920,0.45,822960,3480,2747760
FINNIFTY02JAN2420800PE.NFO,02/01/2024,09:30:35,0.4,0.4,165920,0.45,822760,3080,2747760
FINNIFTY02JAN2420800PE.NFO,02/01/2024,09:30:36,0.4,0.4,142160,0.45,825400,3280,2747760
FINNIFTY02JAN2420800PE.NFO,02/01/2024,09:30:37,0.4,0.4,140720,0.45,825400,1440,2747760
FINNIFTY02JAN2420800PE.NFO,02/01/2024,09:30:38,0.4,0.4,162840,0.45,825400,4320,2747760
FINNIFTY02JAN2420800PE.NFO,02/01/2024,09:30:39,0.45,0.4,173200,0.45,824400,2440,2747760
FINNIFTY02JAN2420800PE.NFO,02/01/2024,09:30:40,0.4,0.4,162000,0.45,824400,1840,2747760
FINNIFTY02JAN2420800PE.NFO,02/01/2024,09:30:41,0.4,0.4,171360,0.45,824400,0,2747760
FINNIFTY02JAN2420800PE.NFO,02/01/2024,09:30:42,0.4,0.4,173160,0.45,824400,0,2747760
FINNIFTY02JAN2420800PE.NFO,02/01/2024,09:30:43,0.4,0.4,167760,0.45,819000,5400,2747760
FINNIFTY02JAN2420800PE.NFO,02/01/2024,09:30:44,0.4,0.4,136800,0.45,795800,23800,2747760
FINNIFTY02JAN2420800PE.NFO,02/01/2024,09:30:45,0.4,0.35,888320,0.4,94960,33600,2747760
FINNIFTY02JAN2420800PE.NFO,02/01/2024,09:30:46,0.4,0.35,896640,0.4,153840,280,2747760
FINNIFTY02JAN2420800PE.NFO,02/01/2024,09:30:47,0.4,0.35,896640,0.4,161440,0,2747760
FINNIFTY02JAN2420800PE.NFO,02/01/2024,09:30:48,0.4,0.35,896640,0.4,163240,0,2747760
FINNIFTY02JAN2420800PE.NFO,02/01/2024,09:30:49,0.4,0.35,896640,0.4,165280,0,2747760
FINNIFTY02JAN2420800PE.NFO,02/01/2024,09:30:51,0.4,0.35,898440,0.4,165280,0,2747760
FINNIFTY02JAN2420800PE.NFO,02/01/2024,09:30:51,0.4,0.35,900240,0.4,165280,0,2747760
FINNIFTY02JAN2420800PE.NFO,02/01/2024,09:30:52,0.4,0.35,902040,0.4,165240,200,2747760
FINNIFTY02JAN2420800PE.NFO,02/01/2024,09:30:53,0.4,0.35,905640,0.4,167040,0,2747760
FINNIFTY02JAN2420800PE.NFO,02/01/2024,09:30:54,0.4,0.35,907440,0.4,166280,760,2747760
FINNIFTY02JAN2420800PE.NFO,02/01/2024,09:30:55,0.4,0.35,911600,0.4,171440,0,2747760
FINNIFTY02JAN2420800PE.NFO,02/01/2024,09:30:57,0.4,0.35,915400,0.4,171320,600,2747760
FINNIFTY02JAN2420800PE.NFO,02/01/2024,09:30:57,0.35,0.35,914760,0.4,171320,640,2747760
FINNIFTY02JAN2420800PE.NFO,02/01/2024,09:30:58,0.35,0.35,917280,0.4,171400,1680,2747760
FINNIFTY02JAN2420800PE.NFO,02/01/2024,09:30:59,0.35,0.35,920480,0.4,171400,400,2747760
FINNIFTY02JAN2420800PE.NFO,02/01/2024,09:31:00,0.4,0.35,922400,0.4,171520,400,2747760
FINNIFTY02JAN2420800PE.NFO,02/01/2024,09:31:01,0.4,0.4,147840,0.45,669440,197960,2747760
FINNIFTY02JAN2420800PE.NFO,02/01/2024,09:31:03,0.4,0.4,165080,0.45,671640,0,2747760
FINNIFTY02JAN2420800PE.NFO,02/01/2024,09:31:04,0.4,0.4,168680,0.45,671640,0,2747760
FINNIFTY02JAN2420800PE.NFO,02/01/2024,09:31:04,0.4,0.4,172280,0.45,671640,0,2747760
FINNIFTY02JAN2420800PE.NFO,02/01/2024,09:31:05,0.45,0.4,172280,0.45,671600,40,2747760
FINNIFTY02JAN2420800PE.NFO,02/01/2024,09:31:06,0.45,0.4,172280,0.45,681600,0,2747760
FINNIFTY02JAN2420800PE.NFO,02/01/2024,09:31:07,0.45,0.4,172280,0.45,680800,800,2747760
FINNIFTY02JAN2420800PE.NFO,02/01/2024,09:31:08,0.4,0.4,172080,0.45,680800,200,2747760
FINNIFTY02JAN2420800PE.NFO,02/01/2024,09:31:09,0.4,0.4,172080,0.45,680800,0,2747760
FINNIFTY02JAN2420800PE.NFO,02/01/2024,09:31:11,0.4,0.4,172080,0.45,680560,0,2747760
FINNIFTY02JAN2420800PE.NFO,02/01/2024,09:31:14,0.4,0.4,170840,0.45,680760,1240,2747760
FINNIFTY02JAN2420800PE.NFO,02/01/2024,09:31:15,0.4,0.4,171800,0.45,680760,0,2747760
FINNIFTY02JAN2420800PE.NFO,02/01/2024,09:31:16,0.45,0.4,209720,0.45,680480,280,2747760
FINNIFTY02JAN2420800PE.NFO,02/01/2024,09:31:17,0.45,0.4,209720,0.45,680480,0,2747760
FINNIFTY02JAN2420800PE.NFO,02/01/2024,09:31:20,0.45,0.4,209680,0.45,679440,1040,2747760
FINNIFTY02JAN2420800PE.NFO,02/01/2024,09:31:20,0.45,0.4,209800,0.45,678680,800,2747760
FINNIFTY02JAN2420800PE.NFO,02/01/2024,09:31:21,0.45,0.4,209800,0.45,674640,3840,2747760
FINNIFTY02JAN2420800PE.NFO,02/01/2024,09:31:22,0.45,0.4,207680,0.45,673880,6840,2747760
FINNIFTY02JAN2420800PE.NFO,02/01/2024,09:31:23,0.45,0.4,207560,0.45,669800,3840,2747760
FINNIFTY02JAN2420800PE.NFO,02/01/2024,09:31:24,0.4,0.4,205760,0.45,668520,3480,2747760
FINNIFTY02JAN2420800PE.NFO,02/01/2024,09:31:25,0.45,0.4,204160,0.45,666640,1880,2747760
FINNIFTY02JAN2420800PE.NFO,02/01/2024,09:31:27,0.45,0.4,205960,0.45,665440,2160,2747760
FINNIFTY02JAN2420800PE.NFO,02/01/2024,09:31:27,0.45,0.4,205960,0.45,665440,0,2747760
FINNIFTY02JAN2420800PE.NFO,02/01/2024,09:31:28,0.45,0.4,205560,0.45,660720,5400,2747760
FINNIFTY02JAN2420800PE.NFO,02/01/2024,09:31:29,0.45,0.4,205560,0.45,657960,2600,2747760
FINNIFTY02JAN2420800PE.NFO,02/01/2024,09:31:30,0.45,0.4,203880,0.45,657280,2800,2747760
FINNIFTY02JAN2420800PE.NFO,02/01/2024,09:31:40,0.4,0.4,1255040,0.45,654520,13080,2747760
FINNIFTY02JAN2420800PE.NFO,02/01/2024,09:31:49,0.4,0.4,1277360,0.45,665720,3600,2747760
FINNIFTY02JAN2420800PE.NFO,02/01/2024,09:31:59,0.45,0.4,1286480,0.45,663480,4760,2747760
FINNIFTY02JAN2420800PE.NFO,02/01/2024,09:32:08,0.4,0.4,1286920,0.45,671440,2640,2747760
FINNIFTY02JAN2420800PE.NFO,02/01/2024,09:32:18,0.45,0.4,1252280,0.45,679360,4400,2747760
FINNIFTY02JAN2420800PE.NFO,02/01/2024,09:32:28,0.45,0.4,1252200,0.45,678840,7800,2747760
FINNIFTY02JAN2420800PE.NFO,02/01/2024,09:32:38,0.4,0.4,1252480,0.45,687600,22320,2851840
FINNIFTY02JAN2420800PE.NFO,02/01/2024,09:32:48,0.45,0.4,1250680,0.45,701240,7920,2851840
FINNIFTY02JAN2420800PE.NFO,02/01/2024,09:32:58,0.45,0.4,1205880,0.45,700920,520,2851840
FINNIFTY02JAN2420800PE.NFO,02/01/2024,09:33:08,0.45,0.4,1207440,0.45,699080,1160,2851840
FINNIFTY02JAN2420800PE.NFO,02/01/2024,09:33:17,0.45,0.4,1206760,0.45,707280,2280,2851840
FINNIFTY02JAN2420800PE.NFO,02/01/2024,09:33:27,0.45,0.4,1208400,0.45,711040,6920,2851840
FINNIFTY02JAN2420800PE.NFO,02/01/2024,09:33:36,0.4,0.4,1207240,0.45,711520,2280,2851840
FINNIFTY02JAN2420800PE.NFO,02/01/2024,09:33:46,0.45,0.4,1209440,0.45,713880,2720,2851840
FINNIFTY02JAN2420800PE.NFO,02/01/2024,09:33:55,0.4,0.4,1208920,0.45,716760,10160,2851840
FINNIFTY02JAN2420800PE.NFO,02/01/2024,09:34:05,0.4,0.4,1213040,0.45,721440,9200,2851840
FINNIFTY02JAN2420800PE.NFO,02/01/2024,09:34:14,0.4,0.4,1180360,0.45,723200,59360,2851840
FINNIFTY02JAN2420800PE.NFO,02/01/2024,09:34:23,0.45,0.4,1182760,0.45,702480,19560,2851840
FINNIFTY02JAN2420800PE.NFO,02/01/2024,09:34:32,0.4,0.4,1180280,0.45,708640,5960,2851840
FINNIFTY02JAN2420800PE.NFO,02/01/2024,09:34:41,0.4,0.4,1178760,0.45,710520,2920,2851840
FINNIFTY02JAN2420800PE.NFO,02/01/2024,09:34:50,0.4,0.4,1180280,0.45,709040,1400,2851840
FINNIFTY02JAN2420800PE.NFO,02/01/2024,09:35:00,0.45,0.4,1181560,0.45,710080,2480,2851840
FINNIFTY02JAN2420800PE.NFO,02/01/2024,09:35:09,0.45,0.4,1182600,0.45,714680,10480,2851840
FINNIFTY02JAN2420800PE.NFO,02/01/2024,09:35:18,0.45,0.4,1189080,0.45,726360,2440,2851840
FINNIFTY02JAN2420800PE.NFO,02/01/2024,09:35:28,0.45,0.4,1189040,0.45,739840,14080,2851840
FINNIFTY02JAN2420800PE.NFO,02/01/2024,09:35:37,0.4,0.4,1194360,0.45,752880,6760,2850440
FINNIFTY02JAN2420800PE.NFO,02/01/2024,09:35:46,0.45,0.4,1196760,0.45,757320,2800,2850440
FINNIFTY02JAN2420800PE.NFO,02/01/2024,09:35:56,0.4,0.4,1194880,0.45,757640,880,2850440
FINNIFTY02JAN2420800PE.NFO,02/01/2024,09:36:06,0.45,0.4,1199480,0.45,763400,10720,2850440
FINNIFTY02JAN2420800PE.NFO,02/01/2024,09:36:15,0.45,0.4,1241360,0.45,758200,8800,2850440
FINNIFTY02JAN2420800PE.NFO,02/01/2024,09:36:24,0.4,0.4,1230640,0.45,771000,18200,2850440
FINNIFTY02JAN2420800PE.NFO,02/01/2024,09:36:34,0.45,0.4,1230640,0.45,806080,920,2850440
FINNIFTY02JAN2420800PE.NFO,02/01/2024,09:36:43,0.45,0.4,1230640,0.45,806080,0,2850440
FINNIFTY02JAN2420800PE.NFO,02/01/2024,09:36:52,0.45,0.4,1331360,0.45,804960,3000,2850440
FINNIFTY02JAN2420800PE.NFO,02/01/2024,09:37:00,0.4,0.4,1331040,0.45,801960,320,2850440
FINNIFTY02JAN2420800PE.NFO,02/01/2024,09:37:09,0.4,0.4,1316200,0.45,801480,12520,2850440
FINNIFTY02JAN2420800PE.NFO,02/01/2024,09:37:19,0.45,0.4,1306400,0.45,833120,12960,2850440
FINNIFTY02JAN2420800PE.NFO,02/01/2024,09:37:27,0.45,0.4,1306400,0.45,834920,0,2850440
FINNIFTY02JAN2420800PE.NFO,02/01/2024,09:37:36,0.4,0.4,1304600,0.45,819480,2280,2850440
FINNIFTY02JAN2420800PE.NFO,02/01/2024,09:37:45,0.45,0.4,1279560,0.45,824960,27520,2850440
FINNIFTY02JAN2420800PE.NFO,02/01/2024,09:37:53,0.45,0.4,1260880,0.45,823880,19800,2850440
FINNIFTY02JAN2420800PE.NFO,02/01/2024,09:38:02,0.45,0.4,1242880,0.45,511040,18800,2850440
FINNIFTY02JAN2420800PE.NFO,02/01/2024,09:38:10,0.45,0.4,349640,0.45,507840,13840,2850440
FINNIFTY02JAN2420800PE.NFO,02/01/2024,09:38:20,0.4,0.35,962560,0.4,526080,287880,2850440
FINNIFTY02JAN2420800PE.NFO,02/01/2024,09:38:29,0.35,0.35,957800,0.4,562720,22720,2850440
FINNIFTY02JAN2420800PE.NFO,02/01/2024,09:38:30,0.4,0.35,957800,0.4,577040,80,2906640
FINNIFTY02JAN2420800PE.NFO,02/01/2024,09:38:31,0.35,0.35,957480,0.4,586040,320,2906640
FINNIFTY02JAN2420800PE.NFO,02/01/2024,09:38:32,0.35,0.35,957440,0.4,595040,40,2906640
FINNIFTY02JAN2420800PE.NFO,02/01/2024,09:38:33,0.35,0.35,957440,0.4,602240,0,2906640
FINNIFTY02JAN2420800PE.NFO,02/01/2024,09:38:34,0.35,0.35,959240,0.4,609440,0,2906640
FINNIFTY02JAN2420800PE.NFO,02/01/2024,09:38:35,0.35,0.35,959240,0.4,616640,0,2906640
FINNIFTY02JAN2420800PE.NFO,02/01/2024,09:38:36,0.35,0.35,948360,0.4,625640,10280,2906640
FINNIFTY02JAN2420800PE.NFO,02/01/2024,09:38:37,0.35,0.35,950760,0.4,632720,1920,2906640
FINNIFTY02JAN2420800PE.NFO,02/01/2024,09:38:38,0.4,0.35,950760,0.4,641200,520,2906640
FINNIFTY02JAN2420800PE.NFO,02/01/2024,09:38:39,0.4,0.35,952560,0.4,650120,80,2906640
FINNIFTY02JAN2420800PE.NFO,02/01/2024,09:38:40,0.4,0.35,952560,0.4,659520,0,2906640
FINNIFTY02JAN2420800PE.NFO,02/01/2024,09:38:41,0.4,0.35,952560,0.4,668520,0,2906640
FINNIFTY02JAN2420800PE.NFO,02/01/2024,09:38:42,0.4,0.35,954360,0.4,677520,0,2906640
FINNIFTY02JAN2420800PE.NFO,02/01/2024,09:38:43,0.4,0.35,954360,0.4,686120,0,2906640
FINNIFTY02JAN2420800PE.NFO,02/01/2024,09:38:44,0.4,0.35,956160,0.4,695640,0,2906640
FINNIFTY02JAN2420800PE.NFO,02/01/2024,09:38:45,0.4,0.35,956160,0.4,700480,2800,2906640
FINNIFTY02JAN2420800PE.NFO,02/01/2024,09:38:46,0.4,0.35,956160,0.4,707520,1200,2906640
FINNIFTY02JAN2420800PE.NFO,02/01/2024,09:38:47,0.35,0.35,942960,0.4,713720,11800,2906640
FINNIFTY02JAN2420800PE.NFO,02/01/2024,09:38:48,0.35,0.35,935880,0.4,717320,5200,2906640
FINNIFTY02JAN2420800PE.NFO,02/01/2024,09:38:50,0.4,0.35,940480,0.4,717960,320,2906640
FINNIFTY02JAN2420800PE.NFO,02/01/2024,09:38:54,0.4,0.35,940480,0.4,719760,0,2906640
FINNIFTY02JAN2420800PE.NFO,02/01/2024,09:38:55,0.4,0.35,940480,0.4,725160,0,2906640
FINNIFTY02JAN2420800PE.NFO,02/01/2024,09:38:57,0.4,0.35,940480,0.4,724800,400,2906640
FINNIFTY02JAN2420800PE.NFO,02/01/2024,09:38:58,0.4,0.35,940480,0.4,724800,0,2906640
FINNIFTY02JAN2420800PE.NFO,02/01/2024,09:38:59,0.4,0.35,940480,0.4,724840,0,2906640
FINNIFTY02JAN2420800PE.NFO,02/01/2024,09:39:01,0.4,0.35,931480,0.4,724440,0,2906640
FINNIFTY02JAN2420800PE.NFO,02/01/2024,09:39:02,0.4,0.35,930400,0.4,723440,4760,2906640
FINNIFTY02JAN2420800PE.NFO,02/01/2024,09:39:03,0.4,0.35,930640,0.4,723120,320,2906640
FINNIFTY02JAN2420800PE.NFO,02/01/2024,09:39:04,0.4,0.35,918000,0.4,724080,13600,2906640
FINNIFTY02JAN2420800PE.NFO,02/01/2024,09:39:05,0.35,0.35,916160,0.4,734480,5200,2906640
FINNIFTY02JAN2420800PE.NFO,02/01/2024,09:39:06,0.4,0.35,916160,0.4,734280,200,2906640
FINNIFTY02JAN2420800PE.NFO,02/01/2024,09:39:07,0.35,0.35,916120,0.4,734280,40,2906640
FINNIFTY02JAN2420800PE.NFO,02/01/2024,09:39:08,0.35,0.35,916120,0.4,737560,0,2906640
FINNIFTY02JAN2420800PE.NFO,02/01/2024,09:39:10,0.35,0.35,916120,0.4,737880,0,2906640
FINNIFTY02JAN2420800PE.NFO,02/01/2024,09:39:12,0.4,0.35,916120,0.4,736560,1320,2906640
FINNIFTY02JAN2420800PE.NFO,02/01/2024,09:39:13,0.4,0.35,917320,0.4,736560,0,2906640
FINNIFTY02JAN2420800PE.NFO,02/01/2024,09:39:14,0.4,0.35,917320,0.4,736800,0,2906640
FINNIFTY02JAN2420800PE.NFO,02/01/2024,09:39:15,0.4,0.35,917320,0.4,735240,1800,2906640
FINNIFTY02JAN2420800PE.NFO,02/01/2024,09:39:16,0.4,0.35,927200,0.4,743920,0,2906640
FINNIFTY02JAN2420800PE.NFO,02/01/2024,09:39:20,0.4,0.35,926720,0.4,745720,0,2906640
FINNIFTY02JAN2420800PE.NFO,02/01/2024,09:39:21,0.4,0.35,926720,0.4,596280,0,2906640
FINNIFTY02JAN2420800PE.NFO,02/01/2024,09:39:23,0.35,0.35,922400,0.4,596280,1920,2906640
FINNIFTY02JAN2420800PE.NFO,02/01/2024,09:39:23,0.35,0.35,921920,0.4,598080,480,2906640
FINNIFTY02JAN2420800PE.NFO,02/01/2024,09:39:25,0.35,0.35,918280,0.4,599880,1440,2906640
FINNIFTY02JAN2420800PE.NFO,02/01/2024,09:39:26,0.35,0.35,917320,0.4,601720,960,2906640
FINNIFTY02JAN2420800PE.NFO,02/01/2024,09:39:27,0.35,0.35,921920,0.4,601680,0,2906640
FINNIFTY02JAN2420800PE.NFO,02/01/2024,09:39:28,0.35,0.35,921920,0.4,603480,0,2906640
FINNIFTY02JAN2420800PE.NFO,02/01/2024,09:39:29,0.4,0.35,921920,0.4,603400,80,2906640
FINNIFTY02JAN2420800PE.NFO,02/01/2024,09:39:35,0.35,0.35,915960,0.4,605200,1360,2906640
FINNIFTY02JAN2420800PE.NFO,02/01/2024,09:39:44,0.35,0.35,931920,0.4,757880,2400,2906640
FINNIFTY02JAN2420800PE.NFO,02/01/2024,09:39:55,0.35,0.35,930600,0.4,761440,6920,2906640
FINNIFTY02JAN2420800PE.NFO,02/01/2024,09:40:06,0.4,0.35,931480,0.4,760920,2520,2906640
FINNIFTY02JAN2420800PE.NFO,02/01/2024,09:40:16,0.35,0.35,919600,0.4,773320,12840,2906640
FINNIFTY02JAN2420800PE.NFO,02/01/2024,09:40:27,0.35,0.35,920320,0.4,776360,6000,2906640
FINNIFTY02JAN2420800PE.NFO,02/01/2024,09:40:37,0.4,0.35,890840,0.4,779120,30920,2906640
FINNIFTY02JAN2420800PE.NFO,02/01/2024,09:40:47,0.4,0.35,893720,0.4,791960,3840,2906640
FINNIFTY02JAN2420800PE.NFO,02/01/2024,09:40:58,0.4,0.35,908720,0.4,795440,13320,2906640
FINNIFTY02JAN2420800PE.NFO,02/01/2024,09:41:08,0.4,0.35,869200,0.4,830760,54440,2906640
FINNIFTY02JAN2420800PE.NFO,02/01/2024,09:41:18,0.35,0.35,854080,0.4,838960,12680,2906640
FINNIFTY02JAN2420800PE.NFO,02/01/2024,09:41:28,0.35,0.35,847560,0.4,835840,22400,2906640
FINNIFTY02JAN2420800PE.NFO,02/01/2024,09:41:38,0.4,0.35,838560,0.4,835480,9760,2937040
FINNIFTY02JAN2420800PE.NFO,02/01/2024,09:41:47,0.4,0.35,842480,0.4,854080,1400,2937040
FINNIFTY02JAN2420800PE.NFO,02/01/2024,09:41:57,0.35,0.35,765480,0.4,853320,114440,2937040
FINNIFTY02JAN2420800PE.NFO,02/01/2024,09:42:07,0.35,0.35,753760,0.4,898520,27320,2937040
FINNIFTY02JAN2420800PE.NFO,02/01/2024,09:42:17,0.35,0.35,681120,0.4,890640,97640,2937040
FINNIFTY02JAN2420800PE.NFO,02/01/2024,09:42:27,0.4,0.35,684080,0.4,964000,39560,2937040
FINNIFTY02JAN2420800PE.NFO,02/01/2024,09:42:35,0.35,0.35,680880,0.4,967120,6240,2937040
FINNIFTY02JAN2420800PE.NFO,02/01/2024,09:42:45,0.4,0.35,690440,0.4,1014760,16640,2937040
FINNIFTY02JAN2420800PE.NFO,02/01/2024,09:42:54,0.4,0.35,693040,0.4,1012720,10240,2937040
FINNIFTY02JAN2420800PE.NFO,02/01/2024,09:43:04,0.35,0.35,707840,0.4,1010280,15640,2937040
FINNIFTY02JAN2420800PE.NFO,02/01/2024,09:43:14,0.4,0.35,706640,0.4,1009280,13400,2937040
FINNIFTY02JAN2420800PE.NFO,02/01/2024,09:43:24,0.35,0.35,690040,0.4,1073680,21600,2937040
FINNIFTY02JAN2420800PE.NFO,02/01/2024,09:43:34,0.4,0.35,693640,0.4,1078880,12800,2937040
FINNIFTY02JAN2420800PE.NFO,02/01/2024,09:43:44,0.35,0.35,686440,0.4,1086080,9000,2937040
FINNIFTY02JAN2420800PE.NFO,02/01/2024,09:43:53,0.4,0.35,686160,0.4,1055280,16720,2937040
FINNIFTY02JAN2420800PE.NFO,02/01/2024,09:44:03,0.35,0.35,658640,0.4,1057400,10440,2937040
FINNIFTY02JAN2420800PE.NFO,02/01/2024,09:44:12,0.35,0.35,572720,0.4,1127840,54120,2937040
FINNIFTY02JAN2420800PE.NFO,02/01/2024,09:44:21,0.4,0.35,783040,0.4,1159520,4200,2937040
FINNIFTY02JAN2420800PE.NFO,02/01/2024,09:44:31,0.4,0.35,804840,0.4,1166080,12880,2967800
FINNIFTY02JAN2420800PE.NFO,02/01/2024,09:44:40,0.4,0.35,785640,0.4,1167160,920,2967800
FINNIFTY02JAN2420800PE.NFO,02/01/2024,09:44:49,0.35,0.35,516440,0.4,1166960,8400,2967800
FINNIFTY02JAN2420800PE.NFO,02/01/2024,09:44:58,0.35,0.35,517840,0.4,1182200,4600,2967800
FINNIFTY02JAN2420800PE.NFO,02/01/2024,09:45:07,0.35,0.35,422640,0.4,1169600,47640,2967800
FINNIFTY02JAN2420800PE.NFO,02/01/2024,09:45:16,0.35,0.35,400200,0.4,1224640,16120,2967800
FINNIFTY02JAN2420800PE.NFO,02/01/2024,09:45:26,0.4,0.35,369840,0.4,1196840,78480,2967800
FINNIFTY02JAN2420800PE.NFO,02/01/2024,09:45:36,0.35,0.35,355440,0.4,1204440,28320,2967800
FINNIFTY02JAN2420800PE.NFO,02/01/2024,09:45:45,0.35,0.35,358600,0.4,1201840,12600,2967800
FINNIFTY02JAN2420800PE.NFO,02/01/2024,09:45:54,0.4,0.35,468360,0.4,1213400,640,2967800
FINNIFTY02JAN2420800PE.NFO,02/01/2024,09:46:05,0.35,0.35,437600,0.4,1198960,47680,2967800
FINNIFTY02JAN2420800PE.NFO,02/01/2024,09:46:14,0.4,0.35,449480,0.4,1180040,25880,2967800
FINNIFTY02JAN2420800PE.NFO,02/01/2024,09:46:24,0.4,0.35,445720,0.4,1181720,11080,2967800
FINNIFTY02JAN2420800PE.NFO,02/01/2024,09:46:34,0.4,0.35,444760,0.4,1181040,1640,2967800
FINNIFTY02JAN2420800PE.NFO,02/01/2024,09:46:43,0.4,0.35,448360,0.4,1171920,1040,2967800
FINNIFTY02JAN2420800PE.NFO,02/01/2024,09:46:52,0.35,0.35,455720,0.4,1172280,7200,2967800
FINNIFTY02JAN2420800PE.NFO,02/01/2024,09:47:01,0.4,0.35,455160,0.4,1171360,1800,2967800
FINNIFTY02JAN2420800PE.NFO,02/01/2024,09:47:11,0.35,0.35,458600,0.4,1147120,23360,2967800
FINNIFTY02JAN2420800PE.NFO,02/01/2024,09:47:20,0.35,0.35,444000,0.4,1158160,7280,2967800
FINNIFTY02JAN2420800PE.NFO,02/01/2024,09:47:29,0.4,0.35,464120,0.4,1157680,2920,2967800
FINNIFTY02JAN2420800PE.NFO,02/01/2024,09:47:38,0.4,0.35,438040,0.4,1158520,160,2982840
FINNIFTY02JAN2420800PE.NFO,02/01/2024,09:47:47,0.4,0.35,440480,0.4,1101400,65400,2982840
FINNIFTY02JAN2420800PE.NFO,02/01/2024,09:47:57,0.35,0.35,442800,0.4,1100960,1760,2982840
FINNIFTY02JAN2420800PE.NFO,02/01/2024,09:48:06,0.35,0.35,441480,0.4,1108440,12040,2982840
FINNIFTY02JAN2420800PE.NFO,02/01/2024,09:48:15,0.35,0.35,434160,0.4,1096920,50480,2982840
FINNIFTY02JAN2420800PE.NFO,02/01/2024,09:48:23,0.35,0.35,434720,0.4,1096400,960,2982840
FINNIFTY02JAN2420800PE.NFO,02/01/2024,09:48:32,0.4,0.35,424560,0.4,1094560,10840,2982840
FINNIFTY02JAN2420800PE.NFO,02/01/2024,09:48:42,0.4,0.35,424560,0.4,1094560,0,2982840
FINNIFTY02JAN2420800PE.NFO,02/01/2024,09:48:51,0.4,0.35,424560,0.4,1092800,1760,2982840
FINNIFTY02JAN2420800PE.NFO,02/01/2024,09:49:00,0.4,0.35,430080,0.4,1092040,2200,2982840
FINNIFTY02JAN2420800PE.NFO,02/01/2024,09:49:10,0.4,0.35,426480,0.4,1079520,13400,2982840
FINNIFTY02JAN2420800PE.NFO,02/01/2024,09:49:19,0.35,0.35,314680,0.4,1078880,2440,2982840
FINNIFTY02JAN2420800PE.NFO,02/01/2024,09:49:29,0.35,0.3,1129400,0.35,1249120,174360,2982840
FINNIFTY02JAN2420800PE.NFO,02/01/2024,09:49:38,0.35,0.3,1168120,0.35,1292520,4640,2982840
FINNIFTY02JAN2420800PE.NFO,02/01/2024,09:49:38,0.3,0.3,1168120,0.35,1292520,0,2982840
FINNIFTY02JAN2420800PE.NFO,02/01/2024,09:49:47,0.3,0.3,1165400,0.35,1328880,23400,2982840
FINNIFTY02JAN2420800PE.NFO,02/01/2024,09:49:56,0.3,0.3,1030680,0.35,1341280,80,2982840
FINNIFTY02JAN2420800PE.NFO,02/01/2024,09:50:05,0.35,0.3,1029440,0.35,1336800,13240,2982840
FINNIFTY02JAN2420800PE.NFO,02/01/2024,09:50:14,0.35,0.3,1022680,0.35,1322320,7680,2982840
FINNIFTY02JAN2420800PE.NFO,02/01/2024,09:50:23,0.3,0.3,1021240,0.35,1328840,3240,2982840
FINNIFTY02JAN2420800PE.NFO,02/01/2024,09:50:32,0.3,0.3,1247920,0.35,1332600,8760,3002640
FINNIFTY02JAN2420800PE.NFO,02/01/2024,09:50:41,0.35,0.3,1236760,0.35,1334440,5800,3002640
FINNIFTY02JAN2420800PE.NFO,02/01/2024,09:50:50,0.35,0.3,1237480,0.35,1335600,1440,3002640
FINNIFTY02JAN2420800PE.NFO,02/01/2024,09:50:59,0.3,0.3,1237400,0.35,1339600,80,3002640
FINNIFTY02JAN2420800PE.NFO,02/01/2024,09:51:08,0.35,0.3,1238280,0.35,1340840,1800,3002640
FINNIFTY02JAN2420800PE.NFO,02/01/2024,09:51:18,0.35,0.3,1239360,0.35,1339960,2880,3002640
FINNIFTY02JAN2420800PE.NFO,02/01/2024,09:51:28,0.35,0.3,1239480,0.35,1340880,960,3002640
FINNIFTY02JAN2420800PE.NFO,02/01/2024,09:51:38,0.35,0.3,1238640,0.35,1344160,1120,3002640
FINNIFTY02JAN2420800PE.NFO,02/01/2024,09:51:47,0.35,0.3,1237760,0.35,1341600,640,3002640
FINNIFTY02JAN2420800PE.NFO,02/01/2024,09:51:56,0.35,0.3,1238480,0.35,1339040,5920,3002640
FINNIFTY02JAN2420800PE.NFO,02/01/2024,09:52:05,0.3,0.3,1229440,0.35,1351480,9640,3002640
FINNIFTY02JAN2420800PE.NFO,02/01/2024,09:52:14,0.35,0.3,1229440,0.35,1350000,1080,3002640
FINNIFTY02JAN2420800PE.NFO,02/01/2024,09:52:23,0.35,0.3,1221320,0.35,1341600,8400,3002640
FINNIFTY02JAN2420800PE.NFO,02/01/2024,09:52:32,0.35,0.3,1221320,0.35,1341600,2520,3002640
FINNIFTY02JAN2420800PE.NFO,02/01/2024,09:52:41,0.35,0.3,1220440,0.35,1306800,41440,3002640
FINNIFTY02JAN2420800PE.NFO,02/01/2024,09:52:50,0.3,0.3,1207080,0.35,1247360,40720,3002640
FINNIFTY02JAN2420800PE.NFO,02/01/2024,09:52:59,0.35,0.3,1206600,0.35,1207680,42240,3002640
FINNIFTY02JAN2420800PE.NFO,02/01/2024,09:53:09,0.35,0.3,1207040,0.35,897960,73760,3002640
FINNIFTY02JAN2420800PE.NFO,02/01/2024,09:53:18,0.35,0.3,1207000,0.35,850720,50080,3002640
FINNIFTY02JAN2420800PE.NFO,02/01/2024,09:53:27,0.35,0.3,1208400,0.35,768960,70360,3002640
FINNIFTY02JAN2420800PE.NFO,02/01/2024,09:53:37,0.35,0.3,1288040,0.35,432560,177080,2779160
FINNIFTY02JAN2420800PE.NFO,02/01/2024,09:53:46,0.35,0.3,1338200,0.35,433040,42360,2779160
FINNIFTY02JAN2420800PE.NFO,02/01/2024,09:53:55,0.35,0.3,1333960,0.35,89920,268800,2779160
FINNIFTY02JAN2420800PE.NFO,02/01/2024,09:54:04,0.4,0.35,258120,0.4,989160,81440,2779160
FINNIFTY02JAN2420800PE.NFO,02/01/2024,09:54:13,0.4,0.35,252720,0.4,1090120,6200,2779160
FINNIFTY02JAN2420800PE.NFO,02/01/2024,09:54:21,0.35,0.35,215360,0.4,904000,297040,2779160
FINNIFTY02JAN2420800PE.NFO,02/01/2024,09:54:30,0.35,0.35,272640,0.4,952280,760,2779160
FINNIFTY02JAN2420800PE.NFO,02/01/2024,09:54:31,0.35,0.35,255240,0.4,948680,3600,2779160
FINNIFTY02JAN2420800PE.NFO,02/01/2024,09:54:32,0.35,0.3,1307800,0.35,102960,135840,2779160
FINNIFTY02JAN2420800PE.NFO,02/01/2024,09:54:33,0.35,0.3,1319200,0.35,254440,0,2779160
FINNIFTY02JAN2420800PE.NFO,02/01/2024,09:54:35,0.35,0.3,1319200,0.35,320160,120,2779160
FINNIFTY02JAN2420800PE.NFO,02/01/2024,09:54:36,0.35,0.3,1319200,0.35,691560,0,2779160
FINNIFTY02JAN2420800PE.NFO,02/01/2024,09:54:37,0.35,0.3,1319120,0.35,704160,0,2779160
FINNIFTY02JAN2420800PE.NFO,02/01/2024,09:54:38,0.35,0.3,1324920,0.35,719360,2000,2779160
FINNIFTY02JAN2420800PE.NFO,02/01/2024,09:54:39,0.35,0.3,1327680,0.35,798640,0,2779160
FINNIFTY02JAN2420800PE.NFO,02/01/2024,09:54:40,0.35,0.3,1329400,0.35,829240,0,2779160
FINNIFTY02JAN2420800PE.NFO,02/01/2024,09:54:41,0.35,0.3,1331200,0.35,840040,0,2779160
FINNIFTY02JAN2420800PE.NFO,02/01/2024,09:54:42,0.3,0.3,1332680,0.35,851840,320,2779160
FINNIFTY02JAN2420800PE.NFO,02/01/2024,09:54:43,0.3,0.3,1334400,0.35,851840,0,2779160
FINNIFTY02JAN2420800PE.NFO,02/01/2024,09:54:44,0.3,0.3,1336200,0.35,851840,0,2779160
FINNIFTY02JAN2420800PE.NFO,02/01/2024,09:54:45,0.3,0.3,1338000,0.35,851840,0,2779160
FINNIFTY02JAN2420800PE.NFO,02/01/2024,09:54:47,0.3,0.3,1335520,0.35,852720,0,2779160
FINNIFTY02JAN2420800PE.NFO,02/01/2024,09:54:49,0.3,0.3,1340680,0.35,852720,0,2779160
FINNIFTY02JAN2420800PE.NFO,02/01/2024,09:54:50,0.35,0.3,1345920,0.35,844480,21600,2779160
FINNIFTY02JAN2420800PE.NFO,02/01/2024,09:54:51,0.35,0.3,1351880,0.35,823880,22400,2779160
FINNIFTY02JAN2420800PE.NFO,02/01/2024,09:54:52,0.3,0.3,1352880,0.35,802200,5400,2779160
FINNIFTY02JAN2420800PE.NFO,02/01/2024,09:54:53,0.3,0.3,1337640,0.35,811080,80,2779160
FINNIFTY02JAN2420800PE.NFO,02/01/2024,09:54:54,0.35,0.3,1336720,0.35,694720,1200,2779160
FINNIFTY02JAN2420800PE.NFO,02/01/2024,09:54:55,0.35,0.3,1338360,0.35,699480,3600,2779160
FINNIFTY02JAN2420800PE.NFO,02/01/2024,09:54:56,0.3,0.3,1338240,0.35,693200,120,2779160
FINNIFTY02JAN2420800PE.NFO,02/01/2024,09:54:57,0.35,0.3,1338440,0.35,630000,1800,2779160
FINNIFTY02JAN2420800PE.NFO,02/01/2024,09:54:58,0.3,0.3,1343480,0.35,496280,51760,2779160
FINNIFTY02JAN2420800PE.NFO,02/01/2024,09:54:59,0.35,0.35,461480,0.4,494000,503800,2779160
FINNIFTY02JAN2420800PE.NFO,02/01/2024,09:55:00,0.4,0.35,547480,0.4,507000,5120,2779160
FINNIFTY02JAN2420800PE.NFO,02/01/2024,09:55:01,0.4,0.35,546000,0.4,525480,3640,2779160
FINNIFTY02JAN2420800PE.NFO,02/01/2024,09:55:02,0.4,0.35,557800,0.4,543440,240,2779160
FINNIFTY02JAN2420800PE.NFO,02/01/2024,09:55:03,0.35,0.35,575680,0.4,553760,6960,2779160
FINNIFTY02JAN2420800PE.NFO,02/01/2024,09:55:04,0.35,0.35,580800,0.4,554080,2200,2779160
FINNIFTY02JAN2420800PE.NFO,02/01/2024,09:55:04,0.35,0.35,584960,0.4,554080,400,2779160
FINNIFTY02JAN2420800PE.NFO,02/01/2024,09:55:05,0.35,0.35,644000,0.4,553720,1760,2779160
FINNIFTY02JAN2420800PE.NFO,02/01/2024,09:55:06,0.35,0.35,1243160,0.4,555560,1320,2779160
FINNIFTY02JAN2420800PE.NFO,02/01/2024,09:55:07,0.35,0.35,1242760,0.4,556080,1840,2779160
FINNIFTY02JAN2420800PE.NFO,02/01/2024,09:55:08,0.35,0.35,1273840,0.4,556680,2760,2779160
FINNIFTY02JAN2420800PE.NFO,02/01/2024,09:55:09,0.35,0.35,1272920,0.4,556920,1880,2779160
FINNIFTY02JAN2420800PE.NFO,02/01/2024,09:55:10,0.35,0.35,1287280,0.4,557480,2040,2779160
FINNIFTY02JAN2420800PE.NFO,02/01/2024,09:55:11,0.35,0.35,1285360,0.4,559360,2880,2779160
FINNIFTY02JAN2420800PE.NFO,02/01/2024,09:55:12,0.35,0.35,1298760,0.4,559600,3000,2779160
FINNIFTY02JAN2420800PE.NFO,02/01/2024,09:55:13,0.35,0.35,1297440,0.4,563360,2040,2779160
FINNIFTY02JAN2420800PE.NFO,02/01/2024,09:55:14,0.35,0.35,1297920,0.4,567000,2720,2779160
FINNIFTY02JAN2420800PE.NFO,02/01/2024,09:55:15,0.35,0.35,1297000,0.4,569040,1880,2779160
FINNIFTY02JAN2420800PE.NFO,02/01/2024,09:55:16,0.35,0.35,1297880,0.4,569040,2040,2779160
FINNIFTY02JAN2420800PE.NFO,02/01/2024,09:55:17,0.35,0.35,1297080,0.4,569360,2200,2779160
FINNIFTY02JAN2420800PE.NFO,02/01/2024,09:55:18,0.35,0.35,1294640,0.4,578000,2440,2779160
FINNIFTY02JAN2420800PE.NFO,02/01/2024,09:55:19,0.35,0.35,1285960,0.4,579160,1800,2779160
FINNIFTY02JAN2420800PE.NFO,02/01/2024,09:55:20,0.35,0.35,1286080,0.4,579280,1720,2779160
FINNIFTY02JAN2420800PE.NFO,02/01/2024,09:55:21,0.35,0.35,1285240,0.4,581160,2520,2779160
FINNIFTY02JAN2420800PE.NFO,02/01/2024,09:55:22,0.35,0.35,1286480,0.4,581320,1360,2779160
FINNIFTY02JAN2420800PE.NFO,02/01/2024,09:55:23,0.35,0.35,1286440,0.4,583160,1800,2779160
FINNIFTY02JAN2420800PE.NFO,02/01/2024,09:55:24,0.35,0.35,1289120,0.4,583160,920,2779160
FINNIFTY02JAN2420800PE.NFO,02/01/2024,09:55:25,0.35,0.35,1291320,0.4,585160,1280,2779160
FINNIFTY02JAN2420800PE.NFO,02/01/2024,09:55:26,0.35,0.35,1309360,0.4,585160,1800,2779160
FINNIFTY02JAN2420800PE.NFO,02/01/2024,09:55:27,0.35,0.35,1310960,0.4,585160,200,2779160
FINNIFTY02JAN2420800PE.NFO,02/01/2024,09:55:28,0.35,0.35,1258120,0.4,587000,320,2779160
FINNIFTY02JAN2420800PE.NFO,02/01/2024,09:55:29,0.4,0.35,1241520,0.4,586000,1400,2779160
FINNIFTY02JAN2420800PE.NFO,02/01/2024,09:55:32,0.35,0.35,1247400,0.4,585960,3160,2779160
FINNIFTY02JAN2420800PE.NFO,02/01/2024,09:55:43,0.35,0.35,1280520,0.4,583840,12280,2779160
FINNIFTY02JAN2420800PE.NFO,02/01/2024,09:55:52,0.4,0.35,1291840,0.4,582240,2760,2779160
FINNIFTY02JAN2420800PE.NFO,02/01/2024,09:56:04,0.4,0.35,1895360,0.4,256520,59040,2779160
FINNIFTY02JAN2420800PE.NFO,02/01/2024,09:56:16,0.4,0.4,267880,0.45,407440,1077360,2779160
FINNIFTY02JAN2420800PE.NFO,02/01/2024,09:56:29,0.4,0.35,1831880,0.4,268400,255160,2779160
FINNIFTY02JAN2420800PE.NFO,02/01/2024,09:56:31,0.35,0.35,1822600,0.4,266360,12960,2779160
FINNIFTY02JAN2420800PE.NFO,02/01/2024,09:56:32,0.35,0.35,1816640,0.4,258440,10560,2779160
FINNIFTY02JAN2420800PE.NFO,02/01/2024,09:56:33,0.4,0.35,1816880,0.4,255000,3800,2779160
FINNIFTY02JAN2420800PE.NFO,02/01/2024,09:56:34,0.35,0.35,1813800,0.4,254320,1880,2686920
FINNIFTY02JAN2420800PE.NFO,02/01/2024,09:56:35,0.35,0.35,1813080,0.4,233400,20600,2686920
FINNIFTY02JAN2420800PE.NFO,02/01/2024,09:56:36,0.35,0.35,1812920,0.4,231240,3760,2686920
FINNIFTY02JAN2420800PE.NFO,02/01/2024,09:56:37,0.35,0.35,1812160,0.4,229440,2560,2686920
FINNIFTY02JAN2420800PE.NFO,02/01/2024,09:56:38,0.35,0.35,1807480,0.4,232040,13160,2686920
FINNIFTY02JAN2420800PE.NFO,02/01/2024,09:56:39,0.4,0.35,1808880,0.4,230000,3680,2686920
FINNIFTY02JAN2420800PE.NFO,02/01/2024,09:56:40,0.4,0.35,1808280,0.4,218880,6440,2686920
FINNIFTY02JAN2420800PE.NFO,02/01/2024,09:56:41,0.4,0.35,1817600,0.4,152920,72600,2686920
FINNIFTY02JAN2420800PE.NFO,02/01/2024,09:56:42,0.4,0.4,355840,0.45,496920,116760,2686920
FINNIFTY02JAN2420800PE.NFO,02/01/2024,09:56:43,0.4,0.4,429480,0.45,490040,1520,2686920
FINNIFTY02JAN2420800PE.NFO,02/01/2024,09:56:44,0.4,0.4,529400,0.45,500400,40,2686920
FINNIFTY02JAN2420800PE.NFO,02/01/2024,09:56:45,0.4,0.4,613240,0.45,520200,3360,2686920
FINNIFTY02JAN2420800PE.NFO,02/01/2024,09:56:46,0.4,0.4,690000,0.45,523320,20800,2686920
FINNIFTY02JAN2420800PE.NFO,02/01/2024,09:56:47,0.4,0.4,728600,0.45,516280,4200,2686920
FINNIFTY02JAN2420800PE.NFO,02/01/2024,09:56:48,0.4,0.4,733840,0.45,530440,560,2686920
FINNIFTY02JAN2420800PE.NFO,02/01/2024,09:56:49,0.4,0.4,748320,0.45,532240,80,2686920
FINNIFTY02JAN2420800PE.NFO,02/01/2024,09:56:50,0.4,0.4,766000,0.45,533680,4520,2686920
FINNIFTY02JAN2420800PE.NFO,02/01/2024,09:56:51,0.4,0.4,775280,0.45,533680,680,2686920
FINNIFTY02JAN2420800PE.NFO,02/01/2024,09:56:52,0.45,0.4,773720,0.45,533080,3680,2686920
FINNIFTY02JAN2420800PE.NFO,02/01/2024,09:56:53,0.4,0.4,770680,0.45,522120,1560,2686920
FINNIFTY02JAN2420800PE.NFO,02/01/2024,09:56:54,0.4,0.4,791520,0.45,541160,1080,2686920
FINNIFTY02JAN2420800PE.NFO,02/01/2024,09:56:55,0.4,0.4,803280,0.45,397160,1840,2686920
FINNIFTY02JAN2420800PE.NFO,02/01/2024,09:56:56,0.4,0.4,801000,0.45,404080,2560,2686920
FINNIFTY02JAN2420800PE.NFO,02/01/2024,09:56:57,0.4,0.4,798680,0.45,408200,2360,2686920
FINNIFTY02JAN2420800PE.NFO,02/01/2024,09:56:58,0.4,0.4,796640,0.45,408600,3360,2686920
FINNIFTY02JAN2420800PE.NFO,02/01/2024,09:56:59,0.4,0.4,796320,0.45,363240,2520,2686920
FINNIFTY02JAN2420800PE.NFO,02/01/2024,09:57:00,0.45,0.4,795680,0.45,365720,1800,2686920
FINNIFTY02JAN2420800PE.NFO,02/01/2024,09:57:01,0.45,0.4,792800,0.45,353240,5520,2686920
FINNIFTY02JAN2420800PE.NFO,02/01/2024,09:57:02,0.45,0.4,788960,0.45,354600,4280,2686920
FINNIFTY02JAN2420800PE.NFO,02/01/2024,09:57:03,0.4,0.4,790440,0.45,365280,320,2686920
FINNIFTY02JAN2420800PE.NFO,02/01/2024,09:57:04,0.4,0.4,789800,0.45,345360,840,2686920
FINNIFTY02JAN2420800PE.NFO,02/01/2024,09:57:05,0.4,0.4,792240,0.45,347640,1000,2686920
FINNIFTY02JAN2420800PE.NFO,02/01/2024,09:57:06,0.4,0.4,787560,0.45,348080,4720,2686920
FINNIFTY02JAN2420800PE.NFO,02/01/2024,09:57:07,0.4,0.4,784920,0.45,340880,11360,2686920
FINNIFTY02JAN2420800PE.NFO,02/01/2024,09:57:08,0.4,0.4,781840,0.45,355400,16880,2686920
FINNIFTY02JAN2420800PE.NFO,02/01/2024,09:57:09,0.4,0.4,768000,0.45,354200,600,2686920
FINNIFTY02JAN2420800PE.NFO,02/01/2024,09:57:10,0.4,0.4,758000,0.45,338880,8440,2686920
FINNIFTY02JAN2420800PE.NFO,02/01/2024,09:57:11,0.45,0.4,778080,0.45,337120,7720,2686920
FINNIFTY02JAN2420800PE.NFO,02/01/2024,09:57:12,0.4,0.4,777440,0.45,295800,27080,2686920
FINNIFTY02JAN2420800PE.NFO,02/01/2024,09:57:13,0.45,0.4,777720,0.45,245360,43800,2686920
FINNIFTY02JAN2420800PE.NFO,02/01/2024,09:57:13,0.4,0.4,775920,0.45,251960,1800,2686920
FINNIFTY02JAN2420800PE.NFO,02/01/2024,09:57:14,0.45,0.45,210600,0.5,473920,264440,2686920
FINNIFTY02JAN2420800PE.NFO,02/01/2024,09:57:15,0.45,0.45,251120,0.5,520600,4160,2686920
FINNIFTY02JAN2420800PE.NFO,02/01/2024,09:57:16,0.5,0.45,222760,0.5,544320,64480,2686920
FINNIFTY02JAN2420800PE.NFO,02/01/2024,09:57:17,0.5,0.45,233200,0.5,510480,12440,2686920
FINNIFTY02JAN2420800PE.NFO,02/01/2024,09:57:18,0.5,0.45,234240,0.5,512720,16720,2686920
FINNIFTY02JAN2420800PE.NFO,02/01/2024,09:57:19,0.5,0.45,228920,0.5,513720,6240,2686920
FINNIFTY02JAN2420800PE.NFO,02/01/2024,09:57:20,0.5,0.45,248640,0.5,491800,22080,2686920
FINNIFTY02JAN2420800PE.NFO,02/01/2024,09:57:21,0.5,0.45,245640,0.5,488880,5880,2686920
FINNIFTY02JAN2420800PE.NFO,02/01/2024,09:57:22,0.5,0.45,324440,0.5,476440,1720,2686920
FINNIFTY02JAN2420800PE.NFO,02/01/2024,09:57:23,0.5,0.45,323560,0.5,489400,5640,2686920
FINNIFTY02JAN2420800PE.NFO,02/01/2024,09:57:24,0.5,0.45,324480,0.5,336120,4280,2686920
FINNIFTY02JAN2420800PE.NFO,02/01/2024,09:57:25,0.5,0.45,321680,0.5,329600,9480,2686920
FINNIFTY02JAN2420800PE.NFO,02/01/2024,09:57:26,0.5,0.45,321840,0.5,326040,2960,2686920
FINNIFTY02JAN2420800PE.NFO,02/01/2024,09:57:27,0.45,0.45,321480,0.5,326560,1880,2686920
FINNIFTY02JAN2420800PE.NFO,02/01/2024,09:57:28,0.5,0.45,315440,0.5,326600,6080,2686920
FINNIFTY02JAN2420800PE.NFO,02/01/2024,09:57:29,0.45,0.45,304560,0.5,324760,10880,2686920
FINNIFTY02JAN2420800PE.NFO,02/01/2024,09:57:31,0.5,0.45,302760,0.5,324360,5880,2686920
FINNIFTY02JAN2420800PE.NFO,02/01/2024,09:57:43,0.4,0.4,684200,0.45,450960,262360,2686920
FINNIFTY02JAN2420800PE.NFO,02/01/2024,09:57:54,0.4,0.4,693480,0.45,621080,31120,2686920
FINNIFTY02JAN2420800PE.NFO,02/01/2024,09:58:05,0.4,0.4,743960,0.45,571880,51040,2686920
FINNIFTY02JAN2420800PE.NFO,02/01/2024,09:58:17,0.45,0.4,773680,0.45,559440,37000,2686920
FINNIFTY02JAN2420800PE.NFO,02/01/2024,09:58:28,0.45,0.4,764360,0.45,552960,45400,2686920
FINNIFTY02JAN2420800PE.NFO,02/01/2024,09:58:41,0.5,0.45,296560,0.5,416800,593080,2686920
FINNIFTY02JAN2420800PE.NFO,02/01/2024,09:58:52,0.5,0.45,279120,0.5,331520,68840,2686920
FINNIFTY02JAN2420800PE.NFO,02/01/2024,09:59:02,0.4,0.4,890040,0.45,406520,261680,2686920
FINNIFTY02JAN2420800PE.NFO,02/01/2024,09:59:13,0.45,0.4,932200,0.45,426720,24000,2686920
FINNIFTY02JAN2420800PE.NFO,02/01/2024,09:59:26,0.4,0.4,965400,0.45,394360,15880,2686920
FINNIFTY02JAN2420800PE.NFO,02/01/2024,09:59:37,0.45,0.4,1000160,0.45,357600,32600,2735920
FINNIFTY02JAN2420800PE.NFO,02/01/2024,09:59:48,0.45,0.4,1012720,0.45,351360,21040,2735920
FINNIFTY02JAN2420800PE.NFO,02/01/2024,09:59:59,0.45,0.4,1401600,0.45,380200,29200,2735920
FINNIFTY02JAN2420800PE.NFO,02/01/2024,10:00:10,0.45,0.4,1814160,0.45,405960,50600,2735920
FINNIFTY02JAN2420800PE.NFO,02/01/2024,10:00:22,0.45,0.4,1646200,0.45,643800,32360,2735920
FINNIFTY02JAN2420800PE.NFO,02/01/2024,10:00:35,0.45,0.4,1643720,0.45,692840,24320,2735920
FINNIFTY02JAN2420800PE.NFO,02/01/2024,10:00:47,0.4,0.4,1639000,0.45,743240,10560,2735920
FINNIFTY02JAN2420800PE.NFO,02/01/2024,10:00:58,0.45,0.4,1633520,0.45,547440,26920,2735920
FINNIFTY02JAN2420800PE.NFO,02/01/2024,10:01:08,0.4,0.4,1620880,0.45,477920,29960,2735920
FINNIFTY02JAN2420800PE.NFO,02/01/2024,10:01:19,0.4,0.4,2020280,0.45,465320,12720,2735920
FINNIFTY02JAN2420800PE.NFO,02/01/2024,10:01:31,0.4,0.4,2015280,0.45,424120,52000,2735920
FINNIFTY02JAN2420800PE.NFO,02/01/2024,10:01:41,0.4,0.4,2014560,0.45,643520,7400,2735920
FINNIFTY02JAN2420800PE.NFO,02/01/2024,10:01:52,0.4,0.4,2006360,0.45,654400,11800,2735920
FINNIFTY02JAN2420800PE.NFO,02/01/2024,10:02:02,0.4,0.4,2001400,0.45,857160,12400,2735920
FINNIFTY02JAN2420800PE.NFO,02/01/2024,10:02:13,0.45,0.4,1979800,0.45,845320,5880,2735920
FINNIFTY02JAN2420800PE.NFO,02/01/2024,10:02:23,0.45,0.4,1976720,0.45,841280,12760,2735920
FINNIFTY02JAN2420800PE.NFO,02/01/2024,10:02:33,0.45,0.4,1968760,0.45,849120,18560,2735920
FINNIFTY02JAN2420800PE.NFO,02/01/2024,10:02:43,0.45,0.4,1960320,0.45,753880,108800,2758080
FINNIFTY02JAN2420800PE.NFO,02/01/2024,10:02:53,0.45,0.4,1961040,0.45,840480,15880,2758080
FINNIFTY02JAN2420800PE.NFO,02/01/2024,10:03:03,0.4,0.4,1917280,0.45,796840,104040,2758080
FINNIFTY02JAN2420800PE.NFO,02/01/2024,10:03:14,0.45,0.4,1902520,0.45,760120,77360,2758080
FINNIFTY02JAN2420800PE.NFO,02/01/2024,10:03:27,0.45,0.4,1890800,0.45,712680,124160,2758080
FINNIFTY02JAN2420800PE.NFO,02/01/2024,10:03:39,0.45,0.4,1781560,0.45,722360,39840,2758080
FINNIFTY02JAN2420800PE.NFO,02/01/2024,10:03:50,0.4,0.4,1793000,0.45,730600,12120,2758080
FINNIFTY02JAN2420800PE.NFO,02/01/2024,10:04:00,0.4,0.4,1789560,0.45,721600,18320,2758080
FINNIFTY02JAN2420800PE.NFO,02/01/2024,10:04:11,0.45,0.4,1779960,0.45,696320,31200,2758080
FINNIFTY02JAN2420800PE.NFO,02/01/2024,10:04:21,0.4,0.4,1755400,0.45,684600,17360,2758080
FINNIFTY02JAN2420800PE.NFO,02/01/2024,10:04:31,0.45,0.4,1753520,0.45,675360,12520,2758080
FINNIFTY02JAN2420800PE.NFO,02/01/2024,10:04:41,0.4,0.4,1752520,0.45,669280,7040,2758080
FINNIFTY02JAN2420800PE.NFO,02/01/2024,10:04:52,0.4,0.4,1748520,0.45,663080,12960,2758080
FINNIFTY02JAN2420800PE.NFO,02/01/2024,10:05:02,0.4,0.4,1744040,0.45,649240,16680,2758080
FINNIFTY02JAN2420800PE.NFO,02/01/2024,10:05:13,0.4,0.4,1578160,0.45,652480,8560,2758080
FINNIFTY02JAN2420800PE.NFO,02/01/2024,10:05:23,0.45,0.4,1578560,0.45,648640,5840,2758080
FINNIFTY02JAN2420800PE.NFO,02/01/2024,10:05:33,0.45,0.4,1975000,0.45,623600,15080,2758080
FINNIFTY02JAN2420800PE.NFO,02/01/2024,10:05:43,0.4,0.4,1992520,0.45,644200,2880,2714280
FINNIFTY02JAN2420800PE.NFO,02/01/2024,10:05:53,0.45,0.4,1992360,0.45,640280,6400,2714280
FINNIFTY02JAN2420800PE.NFO,02/01/2024,10:06:03,0.45,0.4,1992280,0.45,605480,55400,2714280
FINNIFTY02JAN2420800PE.NFO,02/01/2024,10:06:14,0.45,0.4,1990920,0.45,587520,24760,2714280
FINNIFTY02JAN2420800PE.NFO,02/01/2024,10:06:24,0.45,0.4,1988680,0.45,543560,6760,2714280
FINNIFTY02JAN2420800PE.NFO,02/01/2024,10:06:34,0.45,0.4,1990520,0.45,527280,2440,2714280
FINNIFTY02JAN2420800PE.NFO,02/01/2024,10:06:45,0.45,0.4,1988440,0.45,544640,19440,2714280
FINNIFTY02JAN2420800PE.NFO,02/01/2024,10:06:55,0.45,0.4,1990200,0.45,546160,9920,2714280
FINNIFTY02JAN2420800PE.NFO,02/01/2024,10:07:05,0.4,0.4,1989840,0.45,545120,480,2714280
FINNIFTY02JAN2420800PE.NFO,02/01/2024,10:07:16,0.45,0.4,1987560,0.45,507840,18400,2714280
FINNIFTY02JAN2420800PE.NFO,02/01/2024,10:07:26,0.45,0.4,1987800,0.45,512600,2640,2714280
FINNIFTY02JAN2420800PE.NFO,02/01/2024,10:07:37,0.4,0.4,1984360,0.45,510520,5440,2714280
FINNIFTY02JAN2420800PE.NFO,02/01/2024,10:07:48,0.4,0.4,1918720,0.45,507160,77200,2714280
FINNIFTY02JAN2420800PE.NFO,02/01/2024,10:07:58,0.45,0.4,1915920,0.45,505440,5800,2714280
FINNIFTY02JAN2420800PE.NFO,02/01/2024,10:08:08,0.4,0.4,1928600,0.45,513520,14880,2714280
FINNIFTY02JAN2420800PE.NFO,02/01/2024,10:08:18,0.4,0.4,1924080,0.45,511000,7080,2714280
FINNIFTY02JAN2420800PE.NFO,02/01/2024,10:08:28,0.4,0.4,1918040,0.45,506720,10120,2714280
FINNIFTY02JAN2420800PE.NFO,02/01/2024,10:08:38,0.45,0.4,1915200,0.45,502000,5760,2699640
FINNIFTY02JAN2420800PE.NFO,02/01/2024,10:08:48,0.45,0.4,1915400,0.45,497800,5920,2699640
FINNIFTY02JAN2420800PE.NFO,02/01/2024,10:08:58,0.45,0.4,1906320,0.45,472960,59200,2699640
FINNIFTY02JAN2420800PE.NFO,02/01/2024,10:09:08,0.4,0.4,1905800,0.45,470720,5880,2699640
FINNIFTY02JAN2420800PE.NFO,02/01/2024,10:09:18,0.45,0.4,1927360,0.45,517560,64480,2699640
FINNIFTY02JAN2420800PE.NFO,02/01/2024,10:09:28,0.45,0.4,1927400,0.45,529000,360,2699640
FINNIFTY02JAN2420800PE.NFO,02/01/2024,10:09:38,0.4,0.4,1927000,0.45,538360,3640,2699640
FINNIFTY02JAN2420800PE.NFO,02/01/2024,10:09:47,0.45,0.4,1926480,0.45,546960,480,2699640
FINNIFTY02JAN2420800PE.NFO,02/01/2024,10:09:57,0.45,0.4,1925920,0.45,548120,2560,2699640
FINNIFTY02JAN2420800PE.NFO,02/01/2024,10:10:07,0.45,0.4,1927240,0.45,548760,6720,2699640
FINNIFTY02JAN2420800PE.NFO,02/01/2024,10:10:17,0.45,0.4,1926360,0.45,552760,4320,2699640
FINNIFTY02JAN2420800PE.NFO,02/01/2024,10:10:27,0.45,0.4,1907080,0.45,536960,33480,2699640
FINNIFTY02JAN2420800PE.NFO,02/01/2024,10:10:37,0.45,0.4,1875720,0.45,577320,38880,2699640
FINNIFTY02JAN2420800PE.NFO,02/01/2024,10:10:47,0.45,0.4,1875120,0.45,577320,2400,2699640
FINNIFTY02JAN2420800PE.NFO,02/01/2024,10:10:57,0.45,0.4,1868320,0.45,577640,11200,2699640
FINNIFTY02JAN2420800PE.NFO,02/01/2024,10:11:06,0.4,0.4,1857080,0.45,546760,58280,2699640
FINNIFTY02JAN2420800PE.NFO,02/01/2024,10:11:16,0.45,0.4,1863640,0.45,404560,160360,2699640
FINNIFTY02JAN2420800PE.NFO,02/01/2024,10:11:26,0.45,0.45,218600,0.5,532000,438600,2699640
FINNIFTY02JAN2420800PE.NFO,02/01/2024,10:11:36,0.5,0.45,210160,0.5,627520,36680,2699640
FINNIFTY02JAN2420800PE.NFO,02/01/2024,10:11:45,0.5,0.45,262440,0.5,627280,3320,2789320
FINNIFTY02JAN2420800PE.NFO,02/01/2024,10:11:54,0.45,0.45,334000,0.5,629360,8600,2789320
FINNIFTY02JAN2420800PE.NFO,02/01/2024,10:12:03,0.5,0.45,449200,0.5,597720,20240,2789320
FINNIFTY02JAN2420800PE.NFO,02/01/2024,10:12:13,0.5,0.45,472760,0.5,603880,47880,2789320
FINNIFTY02JAN2420800PE.NFO,02/01/2024,10:12:23,0.45,0.45,491160,0.5,602400,11600,2789320
FINNIFTY02JAN2420800PE.NFO,02/01/2024,10:12:33,0.45,0.45,491080,0.5,705000,1520,2789320
FINNIFTY02JAN2420800PE.NFO,02/01/2024,10:12:43,0.5,0.45,498840,0.5,706600,12720,2789320
FINNIFTY02JAN2420800PE.NFO,02/01/2024,10:12:54,0.5,0.45,514000,0.5,459120,143960,2789320
FINNIFTY02JAN2420800PE.NFO,02/01/2024,10:13:04,0.5,0.45,594360,0.5,482360,1400,2789320
FINNIFTY02JAN2420800PE.NFO,02/01/2024,10:13:15,0.5,0.45,598040,0.5,476280,4640,2789320
FINNIFTY02JAN2420800PE.NFO,02/01/2024,10:13:25,0.5,0.45,601560,0.5,471600,8840,2789320
FINNIFTY02JAN2420800PE.NFO,02/01/2024,10:13:34,0.5,0.45,627080,0.5,586200,3360,2789320
FINNIFTY02JAN2420800PE.NFO,02/01/2024,10:13:44,0.5,0.45,636440,0.5,562960,3840,2789320
FINNIFTY02JAN2420800PE.NFO,02/01/2024,10:13:54,0.5,0.45,683600,0.5,535680,40600,2789320
FINNIFTY02JAN2420800PE.NFO,02/01/2024,10:14:04,0.5,0.45,682960,0.5,514080,37560,2789320
FINNIFTY02JAN2420800PE.NFO,02/01/2024,10:14:15,0.45,0.45,687760,0.5,521920,38040,2789320
FINNIFTY02JAN2420800PE.NFO,02/01/2024,10:14:25,0.45,0.45,684920,0.5,524760,19840,2789320
FINNIFTY02JAN2420800PE.NFO,02/01/2024,10:14:34,0.45,0.45,680760,0.5,517960,19000,2789320
FINNIFTY02JAN2420800PE.NFO,02/01/2024,10:14:45,0.45,0.45,682280,0.5,518120,15760,2793880
FINNIFTY02JAN2420800PE.NFO,02/01/2024,10:14:55,0.45,0.45,669800,0.5,517400,10800,2793880
FINNIFTY02JAN2420800PE.NFO,02/01/2024,10:15:04,0.45,0.45,666240,0.5,524320,18560,2793880
FINNIFTY02JAN2420800PE.NFO,02/01/2024,10:15:14,0.45,0.45,661560,0.5,530480,14360,2793880
FINNIFTY02JAN2420800PE.NFO,02/01/2024,10:15:25,0.45,0.45,646000,0.5,537680,12000,2793880
FINNIFTY02JAN2420800PE.NFO,02/01/2024,10:15:34,0.45,0.45,637000,0.5,537360,9640,2793880
FINNIFTY02JAN2420800PE.NFO,02/01/2024,10:15:44,0.5,0.45,539640,0.5,533240,4800,2793880
FINNIFTY02JAN2420800PE.NFO,02/01/2024,10:15:53,0.45,0.45,536320,0.5,532040,13640,2793880
FINNIFTY02JAN2420800PE.NFO,02/01/2024,10:16:03,0.45,0.45,514000,0.5,544920,21920,2793880
FINNIFTY02JAN2420800PE.NFO,02/01/2024,10:16:13,0.45,0.45,558640,0.5,543960,17160,2793880
FINNIFTY02JAN2420800PE.NFO,02/01/2024,10:16:24,0.45,0.45,497760,0.5,681480,40,2793880
FINNIFTY02JAN2420800PE.NFO,02/01/2024,10:16:33,0.45,0.45,442400,0.5,681680,1920,2793880
FINNIFTY02JAN2420800PE.NFO,02/01/2024,10:16:43,0.5,0.45,449680,0.5,672160,15240,2793880
FINNIFTY02JAN2420800PE.NFO,02/01/2024,10:16:53,0.5,0.45,451440,0.5,660000,2720,2793880
FINNIFTY02JAN2420800PE.NFO,02/01/2024,10:17:02,0.5,0.45,448760,0.5,671840,240,2793880
FINNIFTY02JAN2420800PE.NFO,02/01/2024,10:17:12,0.5,0.45,513480,0.5,475240,103480,2793880
FINNIFTY02JAN2420800PE.NFO,02/01/2024,10:17:22,0.5,0.45,573520,0.5,533440,17600,2793880
FINNIFTY02JAN2420800PE.NFO,02/01/2024,10:17:32,0.5,0.5,222680,0.55,494800,341080,2793880
FINNIFTY02JAN2420800PE.NFO,02/01/2024,10:17:42,0.5,0.5,171560,0.55,507440,59840,2892240
FINNIFTY02JAN2420800PE.NFO,02/01/2024,10:17:52,0.45,0.45,625760,0.5,357880,150000,2892240
FINNIFTY02JAN2420800PE.NFO,02/01/2024,10:18:01,0.5,0.45,616360,0.5,373400,7840,2892240
FINNIFTY02JAN2420800PE.NFO,02/01/2024,10:18:10,0.5,0.45,616560,0.5,413080,10680,2892240
FINNIFTY02JAN2420800PE.NFO,02/01/2024,10:18:20,0.5,0.45,617440,0.5,440480,0,2892240
FINNIFTY02JAN2420800PE.NFO,02/01/2024,10:18:30,0.5,0.45,618280,0.5,459560,3880,2892240
FINNIFTY02JAN2420800PE.NFO,02/01/2024,10:18:39,0.45,0.45,618000,0.5,466480,320,2892240
FINNIFTY02JAN2420800PE.NFO,02/01/2024,10:18:49,0.5,0.45,618120,0.5,473640,40,2892240
FINNIFTY02JAN2420800PE.NFO,02/01/2024,10:18:58,0.5,0.45,615280,0.5,473080,6080,2892240
FINNIFTY02JAN2420800PE.NFO,02/01/2024,10:19:08,0.5,0.45,623400,0.5,426760,1440,2892240
FINNIFTY02JAN2420800PE.NFO,02/01/2024,10:19:18,0.5,0.5,107600,0.55,553200,259000,2892240
FINNIFTY02JAN2420800PE.NFO,02/01/2024,10:19:27,0.55,0.5,52120,0.55,581120,275080,2892240
FINNIFTY02JAN2420800PE.NFO,02/01/2024,10:19:30,0.5,0.5,159520,0.55,562840,144360,2892240
FINNIFTY02JAN2420800PE.NFO,02/01/2024,10:19:31,0.5,0.5,166680,0.55,560640,1920,2892240
FINNIFTY02JAN2420800PE.NFO,02/01/2024,10:19:32,0.5,0.5,178000,0.55,581960,40,2892240
FINNIFTY02JAN2420800PE.NFO,02/01/2024,10:19:33,0.5,0.5,175880,0.55,582360,40,2892240
FINNIFTY02JAN2420800PE.NFO,02/01/2024,10:19:34,0.5,0.5,165800,0.55,582400,480,2892240
FINNIFTY02JAN2420800PE.NFO,02/01/2024,10:19:35,0.5,0.5,179520,0.55,582080,400,2892240
FINNIFTY02JAN2420800PE.NFO,02/01/2024,10:19:36,0.55,0.5,179440,0.55,582000,80,2892240
FINNIFTY02JAN2420800PE.NFO,02/01/2024,10:19:37,0.5,0.5,169680,0.55,582120,6000,2892240
FINNIFTY02JAN2420800PE.NFO,02/01/2024,10:19:38,0.5,0.5,176320,0.55,582280,0,2892240
FINNIFTY02JAN2420800PE.NFO,02/01/2024,10:19:39,0.5,0.5,176320,0.55,582240,0,2892240
FINNIFTY02JAN2420800PE.NFO,02/01/2024,10:19:40,0.5,0.5,176280,0.55,581840,80,2892240
FINNIFTY02JAN2420800PE.NFO,02/01/2024,10:19:41,0.5,0.5,142160,0.55,580000,1800,2892240
FINNIFTY02JAN2420800PE.NFO,02/01/2024,10:19:42,0.5,0.45,792080,0.5,139480,56640,2892240
FINNIFTY02JAN2420800PE.NFO,02/01/2024,10:19:43,0.5,0.45,805160,0.5,171720,0,2892240
FINNIFTY02JAN2420800PE.NFO,02/01/2024,10:19:45,0.5,0.45,835760,0.5,171720,0,2892240
FINNIFTY02JAN2420800PE.NFO,02/01/2024,10:19:50,0.5,0.45,835760,0.5,171840,0,2892240
FINNIFTY02JAN2420800PE.NFO,02/01/2024,10:19:52,0.5,0.45,835720,0.5,171840,0,2892240
FINNIFTY02JAN2420800PE.NFO,02/01/2024,10:19:53,0.5,0.45,839360,0.5,136560,6120,2892240
FINNIFTY02JAN2420800PE.NFO,02/01/2024,10:19:55,0.5,0.45,841520,0.5,168720,0,2892240
FINNIFTY02JAN2420800PE.NFO,02/01/2024,10:19:56,0.5,0.45,842080,0.5,139520,1200,2892240
FINNIFTY02JAN2420800PE.NFO,02/01/2024,10:19:57,0.5,0.45,842320,0.5,168520,0,2892240
FINNIFTY02JAN2420800PE.NFO,02/01/2024,10:19:57,0.5,0.45,842320,0.5,168480,0,2892240
FINNIFTY02JAN2420800PE.NFO,02/01/2024,10:19:58,0.5,0.45,842320,0.5,168960,0,2892240
FINNIFTY02JAN2420800PE.NFO,02/01/2024,10:19:59,0.45,0.45,842240,0.5,169480,80,2892240
FINNIFTY02JAN2420800PE.NFO,02/01/2024,10:20:01,0.45,0.45,839960,0.5,169680,0,2892240
FINNIFTY02JAN2420800PE.NFO,02/01/2024,10:20:02,0.45,0.45,842240,0.5,236640,0,2892240
FINNIFTY02JAN2420800PE.NFO,02/01/2024,10:20:04,0.45,0.45,840280,0.5,237200,1800,2892240
FINNIFTY02JAN2420800PE.NFO,02/01/2024,10:20:05,0.45,0.45,840480,0.5,236640,0,2892240
FINNIFTY02JAN2420800PE.NFO,02/01/2024,10:20:06,0.45,0.45,840440,0.5,236640,0,2892240
FINNIFTY02JAN2420800PE.NFO,02/01/2024,10:20:07,0.45,0.45,840440,0.5,236160,0,2892240
FINNIFTY02JAN2420800PE.NFO,02/01/2024,10:20:08,0.5,0.45,841080,0.5,226120,1040,2892240
FINNIFTY02JAN2420800PE.NFO,02/01/2024,10:20:09,0.5,0.45,841040,0.5,226120,0,2892240
FINNIFTY02JAN2420800PE.NFO,02/01/2024,10:20:10,0.5,0.45,841040,0.5,213440,80,2892240
FINNIFTY02JAN2420800PE.NFO,02/01/2024,10:20:11,0.5,0.45,841040,0.5,213160,280,2892240
FINNIFTY02JAN2420800PE.NFO,02/01/2024,10:20:12,0.5,0.45,842240,0.5,225400,1800,2892240
FINNIFTY02JAN2420800PE.NFO,02/01/2024,10:20:13,0.5,0.45,680240,0.5,225400,0,2892240
FINNIFTY02JAN2420800PE.NFO,02/01/2024,10:20:15,0.5,0.45,680240,0.5,237080,0,2892240
FINNIFTY02JAN2420800PE.NFO,02/01/2024,10:20:16,0.45,0.45,675480,0.5,237080,640,2892240
FINNIFTY02JAN2420800PE.NFO,02/01/2024,10:20:17,0.45,0.45,679120,0.5,237080,0,2892240
FINNIFTY02JAN2420800PE.NFO,02/01/2024,10:20:18,0.45,0.45,671200,0.5,237080,3200,2892240
FINNIFTY02JAN2420800PE.NFO,02/01/2024,10:20:19,0.5,0.45,676400,0.5,238200,320,2892240
FINNIFTY02JAN2420800PE.NFO,02/01/2024,10:20:20,0.5,0.45,676480,0.5,238120,1520,2892240
FINNIFTY02JAN2420800PE.NFO,02/01/2024,10:20:21,0.5,0.45,676480,0.5,251680,440,2892240
FINNIFTY02JAN2420800PE.NFO,02/01/2024,10:20:22,0.5,0.45,676480,0.5,250720,800,2892240
FINNIFTY02JAN2420800PE.NFO,02/01/2024,10:20:23,0.5,0.45,676520,0.5,248280,200,2892240
FINNIFTY02JAN2420800PE.NFO,02/01/2024,10:20:24,0.5,0.45,676480,0.5,249880,200,2892240
FINNIFTY02JAN2420800PE.NFO,02/01/2024,10:20:25,0.5,0.45,676480,0.5,241800,400,2892240
FINNIFTY02JAN2420800PE.NFO,02/01/2024,10:20:26,0.5,0.45,676480,0.5,253120,200,2892240
FINNIFTY02JAN2420800PE.NFO,02/01/2024,10:20:27,0.5,0.45,676440,0.5,253120,0,2892240
FINNIFTY02JAN2420800PE.NFO,02/01/2024,10:20:28,0.5,0.45,676000,0.5,254960,0,2892240
FINNIFTY02JAN2420800PE.NFO,02/01/2024,10:20:29,0.5,0.45,676000,0.5,243120,320,2892240
FINNIFTY02JAN2420800PE.NFO,02/01/2024,10:20:33,0.5,0.45,676000,0.5,254600,0,2892240
FINNIFTY02JAN2420800PE.NFO,02/01/2024,10:20:43,0.5,0.45,675560,0.5,254360,0,2892240
FINNIFTY02JAN2420800PE.NFO,02/01/2024,10:20:53,0.45,0.45,675240,0.5,224040,4680,2890400
FINNIFTY02JAN2420800PE.NFO,02/01/2024,10:21:03,0.45,0.45,696320,0.5,257600,7000,2890400
FINNIFTY02JAN2420800PE.NFO,02/01/2024,10:21:12,0.5,0.45,682680,0.5,309720,23000,2890400
FINNIFTY02JAN2420800PE.NFO,02/01/2024,10:21:22,0.45,0.45,664600,0.5,329040,36000,2890400
FINNIFTY02JAN2420800PE.NFO,02/01/2024,10:21:32,0.45,0.45,362040,0.5,638280,192960,2890400
FINNIFTY02JAN2420800PE.NFO,02/01/2024,10:21:42,0.45,0.45,322280,0.5,718880,3880,2890400
FINNIFTY02JAN2420800PE.NFO,02/01/2024,10:21:52,0.5,0.45,321880,0.5,717080,2320,2890400
FINNIFTY02JAN2420800PE.NFO,02/01/2024,10:22:02,0.45,0.45,322120,0.5,717640,240,2890400
FINNIFTY02JAN2420800PE.NFO,02/01/2024,10:22:11,0.5,0.45,322240,0.5,716080,1800,2890400
FINNIFTY02JAN2420800PE.NFO,02/01/2024,10:22:21,0.5,0.45,318720,0.5,720440,8840,2890400
FINNIFTY02JAN2420800PE.NFO,02/01/2024,10:22:31,0.45,0.45,318640,0.5,722080,440,2890400
FINNIFTY02JAN2420800PE.NFO,02/01/2024,10:22:41,0.5,0.45,316920,0.5,726280,3200,2890400
FINNIFTY02JAN2420800PE.NFO,02/01/2024,10:22:51,0.5,0.45,303200,0.5,734160,14520,2890400
FINNIFTY02JAN2420800PE.NFO,02/01/2024,10:23:01,0.5,0.45,299240,0.5,737120,5160,2890400
FINNIFTY02JAN2420800PE.NFO,02/01/2024,10:23:11,0.45,0.45,406280,0.5,746920,11680,2890400
FINNIFTY02JAN2420800PE.NFO,02/01/2024,10:23:21,0.45,0.45,516960,0.5,748800,2200,2890400
FINNIFTY02JAN2420800PE.NFO,02/01/2024,10:23:31,0.45,0.45,513440,0.5,752400,3520,2890400
FINNIFTY02JAN2420800PE.NFO,02/01/2024,10:23:42,0.45,0.45,712280,0.5,753880,2000,2933680
FINNIFTY02JAN2420800PE.NFO,02/01/2024,10:23:52,0.5,0.45,912640,0.5,722880,1760,2933680
FINNIFTY02JAN2420800PE.NFO,02/01/2024,10:24:02,0.45,0.45,916360,0.5,749000,12520,2933680
FINNIFTY02JAN2420800PE.NFO,02/01/2024,10:24:12,0.45,0.45,915360,0.5,750920,3280,2933680
FINNIFTY02JAN2420800PE.NFO,02/01/2024,10:24:22,0.45,0.45,914560,0.5,747240,4440,2933680
FINNIFTY02JAN2420800PE.NFO,02/01/2024,10:24:32,0.45,0.45,516720,0.5,746760,2880,2933680
FINNIFTY02JAN2420800PE.NFO,02/01/2024,10:24:42,0.5,0.45,512920,0.5,744080,6240,2933680
FINNIFTY02JAN2420800PE.NFO,02/01/2024,10:24:52,0.5,0.45,1072880,0.5,725640,680,2933680
FINNIFTY02JAN2420800PE.NFO,02/01/2024,10:25:04,0.5,0.45,1070280,0.5,741040,6240,2933680
FINNIFTY02JAN2420800PE.NFO,02/01/2024,10:25:16,0.5,0.45,868880,0.5,639240,9840,2933680
FINNIFTY02JAN2420800PE.NFO,02/01/2024,10:25:26,0.5,0.45,514920,0.5,488400,7400,2933680
FINNIFTY02JAN2420800PE.NFO,02/01/2024,10:25:37,0.5,0.45,604280,0.5,484480,8880,2933680
FINNIFTY02JAN2420800PE.NFO,02/01/2024,10:25:47,0.5,0.45,884240,0.5,454720,1240,2933680
FINNIFTY02JAN2420800PE.NFO,02/01/2024,10:25:57,0.5,0.45,651960,0.5,593120,2480,2933680
FINNIFTY02JAN2420800PE.NFO,02/01/2024,10:26:08,0.45,0.45,579240,0.5,598920,11200,2933680
FINNIFTY02JAN2420800PE.NFO,02/01/2024,10:26:19,0.45,0.45,607480,0.5,596960,5920,2933680
FINNIFTY02JAN2420800PE.NFO,02/01/2024,10:26:31,0.45,0.45,606400,0.5,601120,2680,2933680
FINNIFTY02JAN2420800PE.NFO,02/01/2024,10:26:42,0.5,0.45,601440,0.5,603160,6960,2997280
FINNIFTY02JAN2420800PE.NFO,02/01/2024,10:26:54,0.45,0.45,629840,0.5,498400,9040,2997280
FINNIFTY02JAN2420800PE.NFO,02/01/2024,10:27:05,0.5,0.45,654640,0.5,503080,4960,2997280
FINNIFTY02JAN2420800PE.NFO,02/01/2024,10:27:16,0.5,0.45,655720,0.5,495600,14760,2997280
FINNIFTY02JAN2420800PE.NFO,02/01/2024,10:27:27,0.5,0.45,654320,0.5,496200,3400,2997280
FINNIFTY02JAN2420800PE.NFO,02/01/2024,10:27:37,0.45,0.45,649280,0.5,495240,6560,2997280
FINNIFTY02JAN2420800PE.NFO,02/01/2024,10:27:47,0.5,0.45,649360,0.5,605200,1200,2997280
FINNIFTY02JAN2420800PE.NFO,02/01/2024,10:27:58,0.5,0.45,627440,0.5,619320,25240,2997280
FINNIFTY02JAN2420800PE.NFO,02/01/2024,10:28:08,0.5,0.45,623880,0.5,623880,4480,2997280
FINNIFTY02JAN2420800PE.NFO,02/01/2024,10:28:19,0.45,0.45,613280,0.5,630600,5800,2997280
FINNIFTY02JAN2420800PE.NFO,02/01/2024,10:28:29,0.5,0.45,613320,0.5,623000,7440,2997280
FINNIFTY02JAN2420800PE.NFO,02/01/2024,10:28:39,0.45,0.45,575800,0.5,627280,14760,2997280
FINNIFTY02JAN2420800PE.NFO,02/01/2024,10:28:48,0.45,0.45,572240,0.5,639640,3600,2997280
FINNIFTY02JAN2420800PE.NFO,02/01/2024,10:28:58,0.45,0.45,605200,0.5,639680,2920,2997280
FINNIFTY02JAN2420800PE.NFO,02/01/2024,10:29:09,0.5,0.45,604280,0.5,638800,4200,2997280
FINNIFTY02JAN2420800PE.NFO,02/01/2024,10:29:18,0.5,0.45,605080,0.5,638600,3520,2997280
FINNIFTY02JAN2420800PE.NFO,02/01/2024,10:29:28,0.45,0.45,604080,0.5,625800,4760,2997280
FINNIFTY02JAN2420800PE.NFO,02/01/2024,10:29:39,0.45,0.45,603000,0.5,631200,5760,3044280
FINNIFTY02JAN2420800PE.NFO,02/01/2024,10:29:49,0.45,0.45,570720,0.5,630040,7000,3044280
FINNIFTY02JAN2420800PE.NFO,02/01/2024,10:29:59,0.45,0.45,576640,0.5,652640,12000,3044280
FINNIFTY02JAN2420800PE.NFO,02/01/2024,10:30:11,0.5,0.45,579200,0.5,685720,12680,3044280
FINNIFTY02JAN2420800PE.NFO,02/01/2024,10:30:22,0.45,0.45,573520,0.5,692560,11520,3044280
FINNIFTY02JAN2420800PE.NFO,02/01/2024,10:30:34,0.45,0.45,535440,0.5,693760,3800,3044280
FINNIFTY02JAN2420800PE.NFO,02/01/2024,10:30:44,0.45,0.45,553280,0.5,690560,13480,3044280
FINNIFTY02JAN2420800PE.NFO,02/01/2024,10:30:54,0.45,0.45,421360,0.5,690480,4240,3044280
FINNIFTY02JAN2420800PE.NFO,02/01/2024,10:31:04,0.45,0.4,1905680,0.45,535320,279800,3044280
FINNIFTY02JAN2420800PE.NFO,02/01/2024,10:31:14,0.4,0.4,289800,0.45,689880,21600,3044280
FINNIFTY02JAN2420800PE.NFO,02/01/2024,10:31:24,0.4,0.4,243000,0.45,724560,4680,3044280
FINNIFTY02JAN2420800PE.NFO,02/01/2024,10:31:34,0.45,0.4,237320,0.45,780920,4800,3044280
FINNIFTY02JAN2420800PE.NFO,02/01/2024,10:31:44,0.4,0.4,185120,0.45,791680,73120,3044280
FINNIFTY02JAN2420800PE.NFO,02/01/2024,10:31:55,0.4,0.35,1718200,0.4,348160,122520,3044280
FINNIFTY02JAN2420800PE.NFO,02/01/2024,10:32:06,0.35,0.35,1720680,0.4,374080,11240,3044280
FINNIFTY02JAN2420800PE.NFO,02/01/2024,10:32:16,0.4,0.35,1721520,0.4,368000,4880,3044280
FINNIFTY02JAN2420800PE.NFO,02/01/2024,10:32:26,0.4,0.35,1719080,0.4,376640,2320,3044280
FINNIFTY02JAN2420800PE.NFO,02/01/2024,10:32:36,0.35,0.35,1724280,0.4,533600,1600,3044280
FINNIFTY02JAN2420800PE.NFO,02/01/2024,10:32:46,0.35,0.35,1737800,0.4,536200,5800,3017920
FINNIFTY02JAN2420800PE.NFO,02/01/2024,10:32:56,0.4,0.35,1749240,0.4,536240,16200,3017920
FINNIFTY02JAN2420800PE.NFO,02/01/2024,10:33:06,0.4,0.35,1758160,0.4,544120,14800,3017920
FINNIFTY02JAN2420800PE.NFO,02/01/2024,10:33:15,0.4,0.35,1768600,0.4,533440,27640,3017920
FINNIFTY02JAN2420800PE.NFO,02/01/2024,10:33:25,0.4,0.35,1767600,0.4,525440,10200,3017920
FINNIFTY02JAN2420800PE.NFO,02/01/2024,10:33:34,0.4,0.35,1767600,0.4,493200,15200,3017920
FINNIFTY02JAN2420800PE.NFO,02/01/2024,10:33:44,0.4,0.35,1700080,0.4,175640,215680,3017920
FINNIFTY02JAN2420800PE.NFO,02/01/2024,10:33:55,0.4,0.35,1701120,0.4,142440,31920,3017920
FINNIFTY02JAN2420800PE.NFO,02/01/2024,10:34:05,0.45,0.4,563200,0.45,632200,96800,3017920
FINNIFTY02JAN2420800PE.NFO,02/01/2024,10:34:14,0.45,0.4,578560,0.45,645880,2880,3017920
FINNIFTY02JAN2420800PE.NFO,02/01/2024,10:34:24,0.4,0.4,590480,0.45,641200,31720,3017920
FINNIFTY02JAN2420800PE.NFO,02/01/2024,10:34:34,0.4,0.4,577840,0.45,692600,120160,3017920
FINNIFTY02JAN2420800PE.NFO,02/01/2024,10:34:43,0.45,0.4,578000,0.45,688200,16240,3017920
FINNIFTY02JAN2420800PE.NFO,02/01/2024,10:34:53,0.45,0.4,578000,0.45,678120,2080,3017920
FINNIFTY02JAN2420800PE.NFO,02/01/2024,10:35:03,0.4,0.4,576720,0.45,681720,5040,3017920
FINNIFTY02JAN2420800PE.NFO,02/01/2024,10:35:13,0.4,0.4,575560,0.45,681200,560,3017920
FINNIFTY02JAN2420800PE.NFO,02/01/2024,10:35:23,0.4,0.4,577440,0.45,679400,200,3017920
FINNIFTY02JAN2420800PE.NFO,02/01/2024,10:35:33,0.45,0.4,578040,0.45,682960,80,3017920
FINNIFTY02JAN2420800PE.NFO,02/01/2024,10:35:43,0.4,0.4,575240,0.45,667360,14200,3008480
FINNIFTY02JAN2420800PE.NFO,02/01/2024,10:35:53,0.45,0.4,575240,0.45,665440,5000,3008480
FINNIFTY02JAN2420800PE.NFO,02/01/2024,10:36:03,0.45,0.4,575480,0.45,654520,11320,3008480
FINNIFTY02JAN2420800PE.NFO,02/01/2024,10:36:13,0.4,0.4,556480,0.45,649800,3320,3008480
FINNIFTY02JAN2420800PE.NFO,02/01/2024,10:36:25,0.45,0.4,538400,0.45,651160,31320,3008480
FINNIFTY02JAN2420800PE.NFO,02/01/2024,10:36:38,0.45,0.4,564440,0.45,644000,6840,3008480
FINNIFTY02JAN2420800PE.NFO,02/01/2024,10:36:50,0.45,0.4,606760,0.45,186120,212160,3008480
FINNIFTY02JAN2420800PE.NFO,02/01/2024,10:37:02,0.45,0.4,632840,0.45,56440,261480,3008480
FINNIFTY02JAN2420800PE.NFO,02/01/2024,10:37:14,0.4,0.4,760880,0.45,200040,110280,3008480
FINNIFTY02JAN2420800PE.NFO,02/01/2024,10:37:25,0.4,0.4,825720,0.45,320640,7160,3008480
FINNIFTY02JAN2420800PE.NFO,02/01/2024,10:37:36,0.4,0.4,829080,0.45,613960,4880,3008480
FINNIFTY02JAN2420800PE.NFO,02/01/2024,10:37:47,0.45,0.4,840600,0.45,699200,6200,3008480
FINNIFTY02JAN2420800PE.NFO,02/01/2024,10:37:57,0.45,0.4,834560,0.45,695240,7880,3008480
FINNIFTY02JAN2420800PE.NFO,02/01/2024,10:38:07,0.45,0.4,781160,0.45,693360,2760,3008480
FINNIFTY02JAN2420800PE.NFO,02/01/2024,10:38:17,0.4,0.4,713160,0.45,730920,6320,3008480
FINNIFTY02JAN2420800PE.NFO,02/01/2024,10:38:27,0.45,0.4,622240,0.45,725200,5600,3008480
FINNIFTY02JAN2420800PE.NFO,02/01/2024,10:38:37,0.4,0.4,603120,0.45,732120,13120,3008480
FINNIFTY02JAN2420800PE.NFO,02/01/2024,10:38:48,0.4,0.4,601160,0.45,779240,6800,3161000
FINNIFTY02JAN2420800PE.NFO,02/01/2024,10:38:58,0.4,0.4,274400,0.45,739920,25840,3161000
FINNIFTY02JAN2420800PE.NFO,02/01/2024,10:39:11,0.4,0.4,773320,0.45,597400,29920,3161000
FINNIFTY02JAN2420800PE.NFO,02/01/2024,10:39:23,0.45,0.4,778840,0.45,608080,11240,3161000
FINNIFTY02JAN2420800PE.NFO,02/01/2024,10:39:33,0.45,0.4,780040,0.45,653400,2160,3161000
FINNIFTY02JAN2420800PE.NFO,02/01/2024,10:39:44,0.45,0.4,832320,0.45,524000,4960,3161000
FINNIFTY02JAN2420800PE.NFO,02/01/2024,10:39:55,0.45,0.4,832240,0.45,539560,6960,3161000
FINNIFTY02JAN2420800PE.NFO,02/01/2024,10:40:06,0.45,0.4,832240,0.45,509640,19960,3161000
FINNIFTY02JAN2420800PE.NFO,02/01/2024,10:40:17,0.45,0.45,258120,0.5,377280,476520,3161000
FINNIFTY02JAN2420800PE.NFO,02/01/2024,10:40:28,0.5,0.45,259040,0.5,378680,16200,3161000
FINNIFTY02JAN2420800PE.NFO,02/01/2024,10:40:38,0.5,0.45,1064560,0.5,378600,11400,3161000
FINNIFTY02JAN2420800PE.NFO,02/01/2024,10:40:48,0.5,0.45,1065440,0.5,374680,9440,3161000
FINNIFTY02JAN2420800PE.NFO,02/01/2024,10:40:59,0.45,0.45,1062160,0.5,382640,53080,3161000
FINNIFTY02JAN2420800PE.NFO,02/01/2024,10:41:10,0.45,0.45,1060160,0.5,386880,4800,3161000
FINNIFTY02JAN2420800PE.NFO,02/01/2024,10:41:21,0.5,0.45,1059720,0.5,390600,5840,3161000
FINNIFTY02JAN2420800PE.NFO,02/01/2024,10:41:31,0.5,0.45,1059680,0.5,388360,240,3161000
FINNIFTY02JAN2420800PE.NFO,02/01/2024,10:41:41,0.45,0.45,172520,0.5,386760,24640,3071000
FINNIFTY02JAN2420800PE.NFO,02/01/2024,10:41:53,0.4,0.4,811080,0.45,268760,85320,3071000
FINNIFTY02JAN2420800PE.NFO,02/01/2024,10:42:03,0.4,0.4,805760,0.45,337400,5880,3071000
FINNIFTY02JAN2420800PE.NFO,02/01/2024,10:42:14,0.45,0.4,802960,0.45,662120,1480,3071000
FINNIFTY02JAN2420800PE.NFO,02/01/2024,10:42:24,0.45,0.4,778640,0.45,668360,840,3071000
FINNIFTY02JAN2420800PE.NFO,02/01/2024,10:42:35,0.45,0.4,398920,0.45,670200,1440,3071000
FINNIFTY02JAN2420800PE.NFO,02/01/2024,10:42:45,0.45,0.4,504640,0.45,671960,720,3071000
FINNIFTY02JAN2420800PE.NFO,02/01/2024,10:42:56,0.45,0.4,439640,0.45,678520,2680,3071000
FINNIFTY02JAN2420800PE.NFO,02/01/2024,10:43:07,0.45,0.4,426080,0.45,676040,9440,3071000
FINNIFTY02JAN2420800PE.NFO,02/01/2024,10:43:17,0.45,0.4,450920,0.45,682960,1400,3071000
FINNIFTY02JAN2420800PE.NFO,02/01/2024,10:43:28,0.45,0.4,520480,0.45,685080,4880,3071000
FINNIFTY02JAN2420800PE.NFO,02/01/2024,10:43:39,0.4,0.4,514520,0.45,688040,7920,3071000
FINNIFTY02JAN2420800PE.NFO,02/01/2024,10:43:49,0.45,0.4,314760,0.45,695040,10320,3071000
FINNIFTY02JAN2420800PE.NFO,02/01/2024,10:43:59,0.45,0.4,313160,0.45,694080,2400,3071000
FINNIFTY02JAN2420800PE.NFO,02/01/2024,10:44:10,0.4,0.35,1686040,0.4,194040,177320,3071000
FINNIFTY02JAN2420800PE.NFO,02/01/2024,10:44:20,0.35,0.35,1683360,0.4,226960,1040,3071000
FINNIFTY02JAN2420800PE.NFO,02/01/2024,10:44:30,0.35,0.35,1683320,0.4,221040,8120,3071000
FINNIFTY02JAN2420800PE.NFO,02/01/2024,10:44:41,0.35,0.35,1662920,0.4,245320,17320,3025280
FINNIFTY02JAN2420800PE.NFO,02/01/2024,10:44:51,0.35,0.35,1662680,0.4,256520,560,3025280
FINNIFTY02JAN2420800PE.NFO,02/01/2024,10:45:01,0.35,0.35,1661280,0.4,258320,1800,3025280
FINNIFTY02JAN2420800PE.NFO,02/01/2024,10:45:12,0.35,0.35,1668080,0.4,266120,14360,3025280
FINNIFTY02JAN2420800PE.NFO,02/01/2024,10:45:22,0.35,0.35,1670680,0.4,266120,0,3025280
FINNIFTY02JAN2420800PE.NFO,02/01/2024,10:45:32,0.35,0.35,1676080,0.4,319960,0,3025280
FINNIFTY02JAN2420800PE.NFO,02/01/2024,10:45:42,0.4,0.35,1676120,0.4,319920,40,3025280
FINNIFTY02JAN2420800PE.NFO,02/01/2024,10:45:52,0.4,0.35,1676120,0.4,427120,0,3025280
FINNIFTY02JAN2420800PE.NFO,02/01/2024,10:46:02,0.4,0.35,1676120,0.4,402240,1080,3025280
