Ticker,Date,Time,LTP,BuyPrice,BuyQty,SellPrice,SellQty,LTQ,OpenInterest
FINNIFTY02JAN2421800PE.NFO,02/01/2024,09:15:13,397.95,392.85,240,394.8,80,640,42280
FINNIFTY02JAN2421800PE.NFO,02/01/2024,09:15:13,397.75,392.85,240,394.8,80,0,42280
FINNIFTY02JAN2421800PE.NFO,02/01/2024,09:15:13,398,392.85,240,394.8,80,0,42280
FINNIFTY02JAN2421800PE.NFO,02/01/2024,09:15:13,397.7,392.85,240,394.8,80,0,42280
FINNIFTY02JAN2421800PE.NFO,02/01/2024,09:15:14,394,392.3,80,394.35,120,120,42280
FINNIFTY02JAN2421800PE.NFO,02/01/2024,09:15:14,394,392.3,80,394.35,120,0,42280
FINNIFTY02JAN2421800PE.NFO,02/01/2024,09:15:15,394,393.4,880,395.6,40,0,42280
FINNIFTY02JAN2421800PE.NFO,02/01/2024,09:15:16,394,394.9,400,397.3,120,0,42280
FINNIFTY02JAN2421800PE.NFO,02/01/2024,09:15:16,394,395.5,40,397.5,120,0,42280
FINNIFTY02JAN2421800PE.NFO,02/01/2024,09:15:17,395.55,394,40,395.85,40,40,42280
FINNIFTY02JAN2421800PE.NFO,02/01/2024,09:15:18,394,390.45,200,392.95,80,40,42280
FINNIFTY02JAN2421800PE.NFO,02/01/2024,09:15:20,394,389.9,40,391.7,40,0,42280
FINNIFTY02JAN2421800PE.NFO,02/01/2024,09:15:21,394,391.6,160,393.45,40,0,42280
FINNIFTY02JAN2421800PE.NFO,02/01/2024,09:15:22,394,393.2,800,395.25,1120,0,42280
FINNIFTY02JAN2421800PE.NFO,02/01/2024,09:15:23,394,392.6,40,394.6,320,40,42280
FINNIFTY02JAN2421800PE.NFO,02/01/2024,09:15:23,394,393.15,40,395.1,80,0,42280
FINNIFTY02JAN2421800PE.NFO,02/01/2024,09:15:24,395.25,393.7,240,395.4,40,40,42280
FINNIFTY02JAN2421800PE.NFO,02/01/2024,09:15:26,395.25,392.95,80,394.9,560,0,42280
FINNIFTY02JAN2421800PE.NFO,02/01/2024,09:15:27,395.25,393.9,240,395.55,440,0,42280
FINNIFTY02JAN2421800PE.NFO,02/01/2024,09:15:28,395.25,392.35,120,393.85,40,0,42280
FINNIFTY02JAN2421800PE.NFO,02/01/2024,09:15:29,395.25,391.75,40,393.3,40,0,42280
FINNIFTY02JAN2421800PE.NFO,02/01/2024,09:15:30,395.25,391.5,40,393.15,40,0,42280
FINNIFTY02JAN2421800PE.NFO,02/01/2024,09:15:30,395.25,390.1,80,391.95,80,0,42280
FINNIFTY02JAN2421800PE.NFO,02/01/2024,09:15:32,392.5,390.7,240,392.25,200,40,42280
FINNIFTY02JAN2421800PE.NFO,02/01/2024,09:15:32,392.5,390.7,240,392.25,200,0,42280
FINNIFTY02JAN2421800PE.NFO,02/01/2024,09:15:33,392.5,391,40,392.4,120,0,42280
FINNIFTY02JAN2421800PE.NFO,02/01/2024,09:15:34,392.5,391.85,280,393.4,40,0,42280
FINNIFTY02JAN2421800PE.NFO,02/01/2024,09:15:35,392.5,392.45,120,393.8,160,0,42280
FINNIFTY02JAN2421800PE.NFO,02/01/2024,09:15:36,392.5,392.25,120,393.75,120,0,42280
FINNIFTY02JAN2421800PE.NFO,02/01/2024,09:15:36,392.5,392.1,240,393.75,200,0,42280
FINNIFTY02JAN2421800PE.NFO,02/01/2024,09:15:37,392.5,391.65,120,393.5,40,0,42280
FINNIFTY02JAN2421800PE.NFO,02/01/2024,09:15:39,392.5,391,40,392.75,200,0,42280
FINNIFTY02JAN2421800PE.NFO,02/01/2024,09:15:40,392.5,389.2,200,390.6,80,0,42280
FINNIFTY02JAN2421800PE.NFO,02/01/2024,09:15:41,392.5,389.15,80,390.75,40,0,42280
FINNIFTY02JAN2421800PE.NFO,02/01/2024,09:15:42,392.5,389.3,40,390.7,200,0,42280
FINNIFTY02JAN2421800PE.NFO,02/01/2024,09:15:43,392.5,389.3,40,390.95,240,0,42280
FINNIFTY02JAN2421800PE.NFO,02/01/2024,09:15:44,392.5,387.85,40,389.4,40,0,42280
FINNIFTY02JAN2421800PE.NFO,02/01/2024,09:15:44,392.5,388.3,80,390.05,1000,0,42280
FINNIFTY02JAN2421800PE.NFO,02/01/2024,09:15:46,392.5,387.7,280,389.15,200,0,42280
FINNIFTY02JAN2421800PE.NFO,02/01/2024,09:15:47,392.5,388.4,40,390,320,0,42280
FINNIFTY02JAN2421800PE.NFO,02/01/2024,09:15:48,392.5,389.2,40,390,40,0,42280
FINNIFTY02JAN2421800PE.NFO,02/01/2024,09:15:49,390,391,160,392.4,40,40,42280
FINNIFTY02JAN2421800PE.NFO,02/01/2024,09:15:49,390,391,160,392.4,40,0,42280
FINNIFTY02JAN2421800PE.NFO,02/01/2024,09:15:50,390,392.25,80,393.95,40,0,42280
FINNIFTY02JAN2421800PE.NFO,02/01/2024,09:15:50,390,392,40,393.8,80,0,42280
FINNIFTY02JAN2421800PE.NFO,02/01/2024,09:15:51,390,391.15,40,392.9,160,0,42280
FINNIFTY02JAN2421800PE.NFO,02/01/2024,09:15:53,390,391.15,160,392.6,80,0,42280
FINNIFTY02JAN2421800PE.NFO,02/01/2024,09:15:54,390,391.25,80,392.95,1000,0,42280
FINNIFTY02JAN2421800PE.NFO,02/01/2024,09:15:55,390,391.6,240,393.3,120,0,42280
FINNIFTY02JAN2421800PE.NFO,02/01/2024,09:15:56,390,392.7,200,394.25,80,0,42280
FINNIFTY02JAN2421800PE.NFO,02/01/2024,09:15:57,390,392.3,40,394,200,0,42280
FINNIFTY02JAN2421800PE.NFO,02/01/2024,09:15:58,393.85,392.8,40,394.35,40,40,42280
FINNIFTY02JAN2421800PE.NFO,02/01/2024,09:15:58,393.85,392.65,80,394.2,40,0,42280
FINNIFTY02JAN2421800PE.NFO,02/01/2024,09:16:00,393.85,391.15,120,392.85,200,0,42280
FINNIFTY02JAN2421800PE.NFO,02/01/2024,09:16:01,393.85,391.5,40,393.2,40,0,42280
FINNIFTY02JAN2421800PE.NFO,02/01/2024,09:16:02,393.85,391.3,40,392.7,120,0,42280
FINNIFTY02JAN2421800PE.NFO,02/01/2024,09:16:03,393.85,390.85,40,392.3,40,0,42280
FINNIFTY02JAN2421800PE.NFO,02/01/2024,09:16:04,393.85,389.7,3480,391.65,80,0,42280
FINNIFTY02JAN2421800PE.NFO,02/01/2024,09:16:04,393.85,390.1,40,391.65,40,0,42280
FINNIFTY02JAN2421800PE.NFO,02/01/2024,09:16:05,393.85,389.25,40,390.8,320,0,42280
FINNIFTY02JAN2421800PE.NFO,02/01/2024,09:16:07,393.85,386.3,40,388.25,400,0,42280
FINNIFTY02JAN2421800PE.NFO,02/01/2024,09:16:08,393.85,385.75,40,387.3,40,0,42280
FINNIFTY02JAN2421800PE.NFO,02/01/2024,09:16:09,393.85,386.5,40,389.75,40,0,42280
FINNIFTY02JAN2421800PE.NFO,02/01/2024,09:16:10,393.85,387,80,388.55,40,0,42280
FINNIFTY02JAN2421800PE.NFO,02/01/2024,09:16:11,393.85,387.2,40,388.85,40,0,42280
FINNIFTY02JAN2421800PE.NFO,02/01/2024,09:16:11,393.85,387.5,40,389.25,560,0,42280
FINNIFTY02JAN2421800PE.NFO,02/01/2024,09:16:13,393.85,386.5,40,388.1,40,0,42280
FINNIFTY02JAN2421800PE.NFO,02/01/2024,09:16:14,393.85,387.4,40,388.75,40,0,42280
FINNIFTY02JAN2421800PE.NFO,02/01/2024,09:16:15,393.85,388.8,40,390.3,120,0,42280
FINNIFTY02JAN2421800PE.NFO,02/01/2024,09:16:16,393.85,389.55,120,390.9,80,0,42280
FINNIFTY02JAN2421800PE.NFO,02/01/2024,09:16:17,393.85,389.25,80,390.85,80,0,42280
FINNIFTY02JAN2421800PE.NFO,02/01/2024,09:16:18,393.85,389.9,80,391.25,240,0,42280
FINNIFTY02JAN2421800PE.NFO,02/01/2024,09:16:18,393.85,390,40,391.2,40,0,42280
FINNIFTY02JAN2421800PE.NFO,02/01/2024,09:16:19,391.2,390.7,200,391.9,560,80,42280
FINNIFTY02JAN2421800PE.NFO,02/01/2024,09:16:21,391.2,391.25,240,392.8,640,0,42280
FINNIFTY02JAN2421800PE.NFO,02/01/2024,09:16:22,391.2,393.05,40,394.45,80,0,42280
FINNIFTY02JAN2421800PE.NFO,02/01/2024,09:16:23,391.2,393.05,40,394.6,120,0,42280
FINNIFTY02JAN2421800PE.NFO,02/01/2024,09:16:24,391.2,393.25,40,394.7,560,0,42280
FINNIFTY02JAN2421800PE.NFO,02/01/2024,09:16:25,391.2,394.35,120,395,40,0,42280
FINNIFTY02JAN2421800PE.NFO,02/01/2024,09:16:26,395,394.75,160,396,280,40,42280
FINNIFTY02JAN2421800PE.NFO,02/01/2024,09:16:26,395,395.1,280,396.6,80,0,42280
FINNIFTY02JAN2421800PE.NFO,02/01/2024,09:16:28,395,395.55,40,396.75,120,0,42280
FINNIFTY02JAN2421800PE.NFO,02/01/2024,09:16:29,395,394.85,360,396.35,40,0,42280
FINNIFTY02JAN2421800PE.NFO,02/01/2024,09:16:30,395,392.85,40,394.5,720,0,42280
FINNIFTY02JAN2421800PE.NFO,02/01/2024,09:16:31,394.25,392.5,120,393.95,80,40,42280
FINNIFTY02JAN2421800PE.NFO,02/01/2024,09:16:32,394.25,393.85,400,395.45,80,240,42280
FINNIFTY02JAN2421800PE.NFO,02/01/2024,09:16:33,394.25,394.55,40,395.85,40,0,42280
FINNIFTY02JAN2421800PE.NFO,02/01/2024,09:16:33,394.25,394.65,40,395.8,80,0,42280
FINNIFTY02JAN2421800PE.NFO,02/01/2024,09:16:34,394.25,394.5,120,395.7,200,0,42280
FINNIFTY02JAN2421800PE.NFO,02/01/2024,09:16:36,394.25,392.8,40,394.15,40,0,42280
FINNIFTY02JAN2421800PE.NFO,02/01/2024,09:16:37,394.25,393.85,240,395.3,40,0,42280
FINNIFTY02JAN2421800PE.NFO,02/01/2024,09:16:38,394.25,394.55,200,395.65,40,0,42280
FINNIFTY02JAN2421800PE.NFO,02/01/2024,09:16:39,394.25,394.45,80,395.85,200,0,42280
FINNIFTY02JAN2421800PE.NFO,02/01/2024,09:16:40,394.25,393.9,80,395.35,40,0,42280
FINNIFTY02JAN2421800PE.NFO,02/01/2024,09:16:41,394.25,393.2,200,394.7,120,0,42280
FINNIFTY02JAN2421800PE.NFO,02/01/2024,09:16:41,394.25,393.25,40,394.8,80,0,42280
FINNIFTY02JAN2421800PE.NFO,02/01/2024,09:16:43,394.25,393.05,40,394.2,120,0,42280
FINNIFTY02JAN2421800PE.NFO,02/01/2024,09:16:44,394.25,392.75,80,393.9,40,0,42280
FINNIFTY02JAN2421800PE.NFO,02/01/2024,09:16:45,394.25,389.6,40,390.9,40,0,42280
FINNIFTY02JAN2421800PE.NFO,02/01/2024,09:16:46,394.25,390,40,391.25,160,0,42280
FINNIFTY02JAN2421800PE.NFO,02/01/2024,09:16:47,394.25,389.4,120,391,240,0,42280
FINNIFTY02JAN2421800PE.NFO,02/01/2024,09:16:48,389.25,388.85,120,390.2,200,800,42280
FINNIFTY02JAN2421800PE.NFO,02/01/2024,09:16:48,389.25,388.85,120,390.2,200,0,42280
FINNIFTY02JAN2421800PE.NFO,02/01/2024,09:16:48,389.25,388.4,280,390,40,0,42280
FINNIFTY02JAN2421800PE.NFO,02/01/2024,09:16:49,389.25,387.7,40,389.15,80,0,42280
FINNIFTY02JAN2421800PE.NFO,02/01/2024,09:16:51,387.45,389.05,40,390.25,560,40,42280
FINNIFTY02JAN2421800PE.NFO,02/01/2024,09:16:51,387.45,389.05,40,390.25,560,0,42280
FINNIFTY02JAN2421800PE.NFO,02/01/2024,09:16:52,387.45,388.5,400,390,40,0,42280
FINNIFTY02JAN2421800PE.NFO,02/01/2024,09:16:53,387.45,389.4,40,390.75,120,0,42280
FINNIFTY02JAN2421800PE.NFO,02/01/2024,09:16:54,387.45,390.8,80,392.25,200,0,42280
FINNIFTY02JAN2421800PE.NFO,02/01/2024,09:16:55,387.45,390.8,40,392,200,0,42280
FINNIFTY02JAN2421800PE.NFO,02/01/2024,09:16:55,387.45,390.4,160,391.95,120,0,42280
FINNIFTY02JAN2421800PE.NFO,02/01/2024,09:16:57,392.1,390.7,120,392.15,40,40,42280
FINNIFTY02JAN2421800PE.NFO,02/01/2024,09:16:58,390.35,389.65,160,390.95,40,40,42280
FINNIFTY02JAN2421800PE.NFO,02/01/2024,09:16:59,390.45,389.25,40,390.5,120,40,42280
FINNIFTY02JAN2421800PE.NFO,02/01/2024,09:17:00,390.6,389.6,40,391.25,440,40,42280
FINNIFTY02JAN2421800PE.NFO,02/01/2024,09:17:01,390.6,389.55,280,391.15,40,0,42280
FINNIFTY02JAN2421800PE.NFO,02/01/2024,09:17:01,390.6,389.7,160,391.2,120,0,42280
FINNIFTY02JAN2421800PE.NFO,02/01/2024,09:17:02,390.6,391.1,320,392.45,240,0,42280
FINNIFTY02JAN2421800PE.NFO,02/01/2024,09:17:04,391.35,390.1,600,391.35,120,2800,42280
FINNIFTY02JAN2421800PE.NFO,02/01/2024,09:17:05,391.35,390.6,80,391.6,40,0,42280
FINNIFTY02JAN2421800PE.NFO,02/01/2024,09:17:06,391.35,390.6,80,391.65,40,0,42280
FINNIFTY02JAN2421800PE.NFO,02/01/2024,09:17:07,390.6,389.55,560,390.85,40,80,42280
FINNIFTY02JAN2421800PE.NFO,02/01/2024,09:17:08,390.6,389.55,560,390.9,120,0,42280
FINNIFTY02JAN2421800PE.NFO,02/01/2024,09:17:08,390.6,390.2,560,391.45,200,0,42280
FINNIFTY02JAN2421800PE.NFO,02/01/2024,09:17:10,390.6,390.3,640,391.4,40,0,42280
FINNIFTY02JAN2421800PE.NFO,02/01/2024,09:17:11,390.6,391.2,560,392.35,200,0,42280
FINNIFTY02JAN2421800PE.NFO,02/01/2024,09:17:12,390.6,391.05,560,392.3,80,0,42280
FINNIFTY02JAN2421800PE.NFO,02/01/2024,09:17:13,390.6,390.5,120,391.65,40,0,42280
FINNIFTY02JAN2421800PE.NFO,02/01/2024,09:17:14,390.6,390.6,40,391.7,200,0,42280
FINNIFTY02JAN2421800PE.NFO,02/01/2024,09:17:14,390.6,390.9,560,392.05,560,0,42280
FINNIFTY02JAN2421800PE.NFO,02/01/2024,09:17:15,390.6,390.35,40,391.35,560,0,42280
FINNIFTY02JAN2421800PE.NFO,02/01/2024,09:17:17,390.6,389.6,560,390.55,560,0,42280
FINNIFTY02JAN2421800PE.NFO,02/01/2024,09:17:18,390.6,387.85,560,388.8,560,0,42280
FINNIFTY02JAN2421800PE.NFO,02/01/2024,09:17:19,390.6,387.1,40,388.35,240,0,42280
FINNIFTY02JAN2421800PE.NFO,02/01/2024,09:17:20,390.6,387.25,160,388.3,560,0,42280
FINNIFTY02JAN2421800PE.NFO,02/01/2024,09:17:21,390.6,387.05,640,388.15,560,0,42280
FINNIFTY02JAN2421800PE.NFO,02/01/2024,09:17:21,390.6,387.45,80,388.6,560,0,42280
FINNIFTY02JAN2421800PE.NFO,02/01/2024,09:17:23,390.6,387.35,560,388.45,560,0,42280
FINNIFTY02JAN2421800PE.NFO,02/01/2024,09:17:24,387.45,387.05,40,388.05,560,120,42280
FINNIFTY02JAN2421800PE.NFO,02/01/2024,09:17:25,389.55,388.95,560,390.4,280,80,42280
FINNIFTY02JAN2421800PE.NFO,02/01/2024,09:17:26,389.55,387.75,40,388.75,560,0,42280
FINNIFTY02JAN2421800PE.NFO,02/01/2024,09:17:27,388.75,389.1,560,390.15,560,240,42280
FINNIFTY02JAN2421800PE.NFO,02/01/2024,09:17:27,388.75,389.4,600,390.5,560,0,41960
FINNIFTY02JAN2421800PE.NFO,02/01/2024,09:17:28,388.75,390.5,80,391.4,560,0,41960
FINNIFTY02JAN2421800PE.NFO,02/01/2024,09:17:30,388.75,390.85,120,391.9,560,0,41960
FINNIFTY02JAN2421800PE.NFO,02/01/2024,09:17:31,388.75,390.9,80,391.8,80,0,41960
FINNIFTY02JAN2421800PE.NFO,02/01/2024,09:17:32,388.75,389,80,389.95,560,0,41960
FINNIFTY02JAN2421800PE.NFO,02/01/2024,09:17:33,388.75,390,80,390.9,80,0,41960
FINNIFTY02JAN2421800PE.NFO,02/01/2024,09:17:34,388.75,390.2,80,391.15,640,0,41960
FINNIFTY02JAN2421800PE.NFO,02/01/2024,09:17:35,388.75,390.35,80,391.35,640,0,41960
FINNIFTY02JAN2421800PE.NFO,02/01/2024,09:17:36,388.75,390.5,80,391.4,40,0,41960
FINNIFTY02JAN2421800PE.NFO,02/01/2024,09:17:37,388.75,390.7,40,391.55,80,0,41960
FINNIFTY02JAN2421800PE.NFO,02/01/2024,09:17:38,388.75,389.4,80,390.35,560,0,41960
FINNIFTY02JAN2421800PE.NFO,02/01/2024,09:17:39,388.75,390.9,80,391.85,560,0,41960
FINNIFTY02JAN2421800PE.NFO,02/01/2024,09:17:40,388.75,392.35,80,393.35,640,0,41960
FINNIFTY02JAN2421800PE.NFO,02/01/2024,09:17:41,388.75,392.55,80,393.5,80,0,41960
FINNIFTY02JAN2421800PE.NFO,02/01/2024,09:17:42,388.75,392.15,80,393.1,560,0,41960
FINNIFTY02JAN2421800PE.NFO,02/01/2024,09:17:43,388.75,392.2,120,393.05,80,0,41960
FINNIFTY02JAN2421800PE.NFO,02/01/2024,09:17:44,388.75,392.65,80,393.6,80,0,41960
FINNIFTY02JAN2421800PE.NFO,02/01/2024,09:17:45,388.75,392.65,80,393.85,80,0,41960
FINNIFTY02JAN2421800PE.NFO,02/01/2024,09:17:46,388.75,393.45,80,394.2,40,0,41960
FINNIFTY02JAN2421800PE.NFO,02/01/2024,09:17:47,388.75,393.8,40,394.2,40,0,41960
FINNIFTY02JAN2421800PE.NFO,02/01/2024,09:17:48,394.2,392.4,120,393.3,80,40,41960
FINNIFTY02JAN2421800PE.NFO,02/01/2024,09:17:49,394.2,392.55,600,393.5,80,0,41960
FINNIFTY02JAN2421800PE.NFO,02/01/2024,09:17:50,394.2,391.85,80,392.8,80,0,41960
FINNIFTY02JAN2421800PE.NFO,02/01/2024,09:17:51,394.2,391.85,80,392.85,560,0,41960
FINNIFTY02JAN2421800PE.NFO,02/01/2024,09:17:52,394.2,391.65,80,392.65,560,0,41960
FINNIFTY02JAN2421800PE.NFO,02/01/2024,09:17:53,394.2,391.25,40,392.2,120,0,41960
FINNIFTY02JAN2421800PE.NFO,02/01/2024,09:17:54,394.2,391.5,80,392.5,560,0,41960
FINNIFTY02JAN2421800PE.NFO,02/01/2024,09:17:55,394.2,392.75,80,393.7,560,0,41960
FINNIFTY02JAN2421800PE.NFO,02/01/2024,09:17:56,394.2,392.45,680,393.45,80,0,41960
FINNIFTY02JAN2421800PE.NFO,02/01/2024,09:17:57,394.2,391.9,120,392.8,40,0,41960
FINNIFTY02JAN2421800PE.NFO,02/01/2024,09:17:58,394.2,391.65,120,392.6,160,0,41960
FINNIFTY02JAN2421800PE.NFO,02/01/2024,09:17:59,394.2,391.7,120,392.7,80,0,41960
FINNIFTY02JAN2421800PE.NFO,02/01/2024,09:18:00,394.2,392,120,393,280,0,41960
FINNIFTY02JAN2421800PE.NFO,02/01/2024,09:18:01,394.2,392.15,120,393,160,0,41960
FINNIFTY02JAN2421800PE.NFO,02/01/2024,09:18:02,394.2,390.55,160,391.6,600,0,41960
FINNIFTY02JAN2421800PE.NFO,02/01/2024,09:18:03,394.2,389.2,40,390,120,0,41960
FINNIFTY02JAN2421800PE.NFO,02/01/2024,09:18:04,394.2,389.75,40,390.6,80,0,41960
FINNIFTY02JAN2421800PE.NFO,02/01/2024,09:18:05,394.2,389.8,80,390.7,560,0,41960
FINNIFTY02JAN2421800PE.NFO,02/01/2024,09:18:06,394.2,389.55,160,390.6,600,0,41960
FINNIFTY02JAN2421800PE.NFO,02/01/2024,09:18:07,394.2,389.15,160,390.15,600,0,41960
FINNIFTY02JAN2421800PE.NFO,02/01/2024,09:18:08,394.2,388.3,80,389.35,560,0,41960
FINNIFTY02JAN2421800PE.NFO,02/01/2024,09:18:09,394.2,388.8,40,390.05,120,0,41960
FINNIFTY02JAN2421800PE.NFO,02/01/2024,09:18:10,394.2,389.4,120,390.4,40,0,41960
FINNIFTY02JAN2421800PE.NFO,02/01/2024,09:18:11,394.2,391,40,392,600,0,41960
FINNIFTY02JAN2421800PE.NFO,02/01/2024,09:18:12,394.2,390.5,80,391.7,200,0,41960
FINNIFTY02JAN2421800PE.NFO,02/01/2024,09:18:13,394.2,390.65,40,391.9,200,0,41960
FINNIFTY02JAN2421800PE.NFO,02/01/2024,09:18:14,394.2,389.9,600,390.8,560,0,41960
FINNIFTY02JAN2421800PE.NFO,02/01/2024,09:18:15,394.2,390.1,40,391.35,200,0,41960
FINNIFTY02JAN2421800PE.NFO,02/01/2024,09:18:16,394.2,391.9,120,392.8,560,0,41960
FINNIFTY02JAN2421800PE.NFO,02/01/2024,09:18:17,394.2,392.1,600,393.15,760,0,41960
FINNIFTY02JAN2421800PE.NFO,02/01/2024,09:18:18,394.2,393.4,40,394.3,560,0,41960
FINNIFTY02JAN2421800PE.NFO,02/01/2024,09:18:19,394.2,394.2,600,395.3,40,0,41960
FINNIFTY02JAN2421800PE.NFO,02/01/2024,09:18:20,394.2,394.5,40,395.7,560,0,41960
FINNIFTY02JAN2421800PE.NFO,02/01/2024,09:18:21,396.55,395.15,80,396.1,560,80,41960
FINNIFTY02JAN2421800PE.NFO,02/01/2024,09:18:22,396.55,394.25,40,395.4,80,0,41960
FINNIFTY02JAN2421800PE.NFO,02/01/2024,09:18:23,396.55,393.45,120,394.35,560,0,41960
FINNIFTY02JAN2421800PE.NFO,02/01/2024,09:18:24,396.55,394.25,560,395.2,560,0,41960
FINNIFTY02JAN2421800PE.NFO,02/01/2024,09:18:25,396.55,394.65,40,395.55,560,0,41960
FINNIFTY02JAN2421800PE.NFO,02/01/2024,09:18:26,396.55,394.95,80,395.85,560,0,41960
FINNIFTY02JAN2421800PE.NFO,02/01/2024,09:18:27,396.55,394.2,160,395.05,560,0,41960
FINNIFTY02JAN2421800PE.NFO,02/01/2024,09:18:28,396.55,392.95,80,393.85,560,0,41960
FINNIFTY02JAN2421800PE.NFO,02/01/2024,09:18:29,396.55,392.9,560,393.75,560,0,41960
FINNIFTY02JAN2421800PE.NFO,02/01/2024,09:18:30,396.55,393.35,80,394.25,200,0,41960
FINNIFTY02JAN2421800PE.NFO,02/01/2024,09:18:31,393.8,393.45,40,394.3,560,200,41960
FINNIFTY02JAN2421800PE.NFO,02/01/2024,09:18:32,393.8,394.05,80,395.25,80,0,41960
FINNIFTY02JAN2421800PE.NFO,02/01/2024,09:18:33,393.8,393.3,560,394.2,560,0,41960
FINNIFTY02JAN2421800PE.NFO,02/01/2024,09:18:34,393.8,393,680,393.95,560,0,41960
FINNIFTY02JAN2421800PE.NFO,02/01/2024,09:18:35,393.8,393.5,560,394.4,560,0,41960
FINNIFTY02JAN2421800PE.NFO,02/01/2024,09:18:36,393.8,393.15,560,394.05,560,0,41960
FINNIFTY02JAN2421800PE.NFO,02/01/2024,09:18:37,393.8,392.5,40,393.45,560,0,41960
FINNIFTY02JAN2421800PE.NFO,02/01/2024,09:18:38,393.8,391.7,680,392.65,560,0,41960
FINNIFTY02JAN2421800PE.NFO,02/01/2024,09:18:39,393.8,391.65,40,392.5,560,0,41960
FINNIFTY02JAN2421800PE.NFO,02/01/2024,09:18:40,393.8,391.15,160,392.05,560,0,41960
FINNIFTY02JAN2421800PE.NFO,02/01/2024,09:18:41,393.8,392.15,80,393.15,40,0,41960
FINNIFTY02JAN2421800PE.NFO,02/01/2024,09:18:42,393.8,391.55,80,392.55,560,0,41960
FINNIFTY02JAN2421800PE.NFO,02/01/2024,09:18:43,393.8,391.5,80,392.4,600,0,41960
FINNIFTY02JAN2421800PE.NFO,02/01/2024,09:18:44,393.8,389.5,80,390.45,560,0,41960
FINNIFTY02JAN2421800PE.NFO,02/01/2024,09:18:45,393.8,389.85,80,390.95,200,0,41960
FINNIFTY02JAN2421800PE.NFO,02/01/2024,09:18:46,393.8,390.3,80,391.25,560,0,41960
FINNIFTY02JAN2421800PE.NFO,02/01/2024,09:18:47,393.8,390.3,120,391.25,560,0,41960
FINNIFTY02JAN2421800PE.NFO,02/01/2024,09:18:48,393.8,389.95,80,390.9,560,0,41960
FINNIFTY02JAN2421800PE.NFO,02/01/2024,09:18:49,393.8,389.75,80,391.05,120,0,41960
FINNIFTY02JAN2421800PE.NFO,02/01/2024,09:18:50,393.8,389.15,120,390.1,560,0,41960
FINNIFTY02JAN2421800PE.NFO,02/01/2024,09:18:51,393.8,388.5,40,389.35,560,0,41960
FINNIFTY02JAN2421800PE.NFO,02/01/2024,09:18:52,393.8,388.15,80,388.95,560,0,41960
FINNIFTY02JAN2421800PE.NFO,02/01/2024,09:18:53,393.8,388.45,80,389.4,80,0,41960
FINNIFTY02JAN2421800PE.NFO,02/01/2024,09:18:54,393.8,388.7,80,389.6,560,0,41960
FINNIFTY02JAN2421800PE.NFO,02/01/2024,09:18:55,393.8,388.35,80,389.25,560,0,41960
FINNIFTY02JAN2421800PE.NFO,02/01/2024,09:18:56,393.8,388.9,80,390.25,40,0,41960
FINNIFTY02JAN2421800PE.NFO,02/01/2024,09:18:57,393.8,389.05,640,389.9,560,0,41960
FINNIFTY02JAN2421800PE.NFO,02/01/2024,09:18:58,393.8,388.6,160,390,400,0,41960
FINNIFTY02JAN2421800PE.NFO,02/01/2024,09:18:59,388.9,388.75,80,389.65,560,120,41960
FINNIFTY02JAN2421800PE.NFO,02/01/2024,09:19:00,388.9,388.2,560,389.05,80,0,41960
FINNIFTY02JAN2421800PE.NFO,02/01/2024,09:19:01,387,387.65,640,388.65,560,4640,41960
FINNIFTY02JAN2421800PE.NFO,02/01/2024,09:19:01,387,387.65,640,388.65,560,0,41960
FINNIFTY02JAN2421800PE.NFO,02/01/2024,09:19:02,387.65,387.9,160,388.95,640,600,41960
FINNIFTY02JAN2421800PE.NFO,02/01/2024,09:19:03,387.65,389.4,80,390.3,80,0,41960
FINNIFTY02JAN2421800PE.NFO,02/01/2024,09:19:04,387.65,388.6,720,389.55,640,0,41960
FINNIFTY02JAN2421800PE.NFO,02/01/2024,09:19:05,387.65,388.85,40,389.95,240,0,41960
FINNIFTY02JAN2421800PE.NFO,02/01/2024,09:19:06,387.65,388.05,560,389.05,640,0,41960
FINNIFTY02JAN2421800PE.NFO,02/01/2024,09:19:07,387.65,388.15,560,389,80,0,41960
FINNIFTY02JAN2421800PE.NFO,02/01/2024,09:19:08,387.65,388.65,560,389.6,80,0,41960
FINNIFTY02JAN2421800PE.NFO,02/01/2024,09:19:09,387.65,389.2,560,390.1,80,0,41960
FINNIFTY02JAN2421800PE.NFO,02/01/2024,09:19:10,387.65,388.35,560,389.25,80,0,41960
FINNIFTY02JAN2421800PE.NFO,02/01/2024,09:19:11,387.65,386.9,560,387.75,40,0,41960
FINNIFTY02JAN2421800PE.NFO,02/01/2024,09:19:12,385.65,385,40,385.9,40,320,41960
FINNIFTY02JAN2421800PE.NFO,02/01/2024,09:19:12,385.65,385,40,385.9,40,0,41960
FINNIFTY02JAN2421800PE.NFO,02/01/2024,09:19:13,385.65,385.2,560,386.1,80,0,41960
FINNIFTY02JAN2421800PE.NFO,02/01/2024,09:19:14,385.65,385.3,560,386.2,160,0,41960
FINNIFTY02JAN2421800PE.NFO,02/01/2024,09:19:15,385.65,384,40,384.95,80,0,41960
FINNIFTY02JAN2421800PE.NFO,02/01/2024,09:19:16,385.65,384.05,560,384.95,80,0,41960
FINNIFTY02JAN2421800PE.NFO,02/01/2024,09:19:17,385.65,384.85,600,385.75,80,0,41960
FINNIFTY02JAN2421800PE.NFO,02/01/2024,09:19:18,385.65,383.65,80,384.55,80,0,41960
FINNIFTY02JAN2421800PE.NFO,02/01/2024,09:19:19,385.65,384.8,640,385.7,80,0,41960
FINNIFTY02JAN2421800PE.NFO,02/01/2024,09:19:20,385.65,384.45,560,385.45,80,0,41960
FINNIFTY02JAN2421800PE.NFO,02/01/2024,09:19:21,385.65,384.25,560,385.15,80,0,41960
FINNIFTY02JAN2421800PE.NFO,02/01/2024,09:19:22,385.65,385.55,600,386.5,80,0,41960
FINNIFTY02JAN2421800PE.NFO,02/01/2024,09:19:23,385.65,386.8,680,387.7,80,0,41960
FINNIFTY02JAN2421800PE.NFO,02/01/2024,09:19:24,385.65,387.45,560,388.4,160,0,41960
FINNIFTY02JAN2421800PE.NFO,02/01/2024,09:19:25,385.65,386.9,640,387.85,80,0,41960
FINNIFTY02JAN2421800PE.NFO,02/01/2024,09:19:26,385.65,387.5,560,388.35,80,0,41960
FINNIFTY02JAN2421800PE.NFO,02/01/2024,09:19:28,385.65,387.3,600,388.25,80,0,41960
FINNIFTY02JAN2421800PE.NFO,02/01/2024,09:19:29,385.65,387,640,387.95,80,0,41960
FINNIFTY02JAN2421800PE.NFO,02/01/2024,09:19:30,385.65,386.3,560,387.2,160,0,41960
FINNIFTY02JAN2421800PE.NFO,02/01/2024,09:19:31,385.65,386.15,40,387,160,0,41960
FINNIFTY02JAN2421800PE.NFO,02/01/2024,09:19:32,385.65,386.1,560,386.95,80,0,41960
FINNIFTY02JAN2421800PE.NFO,02/01/2024,09:19:33,385.65,386.05,560,386.95,80,0,41960
FINNIFTY02JAN2421800PE.NFO,02/01/2024,09:19:34,385.65,384.85,560,385.75,80,0,41960
FINNIFTY02JAN2421800PE.NFO,02/01/2024,09:19:35,385.65,384.45,560,385.3,560,0,41960
FINNIFTY02JAN2421800PE.NFO,02/01/2024,09:19:36,385.65,384.3,560,385.2,80,0,41960
FINNIFTY02JAN2421800PE.NFO,02/01/2024,09:19:37,385.65,384.9,560,385.8,160,0,41960
FINNIFTY02JAN2421800PE.NFO,02/01/2024,09:19:38,385.65,384.75,560,385.65,80,0,41960
FINNIFTY02JAN2421800PE.NFO,02/01/2024,09:19:39,385.65,385.75,560,386.7,640,0,41960
FINNIFTY02JAN2421800PE.NFO,02/01/2024,09:19:40,385.2,385.85,240,386.75,80,800,41960
FINNIFTY02JAN2421800PE.NFO,02/01/2024,09:19:40,385.2,385.85,240,386.75,80,0,41960
FINNIFTY02JAN2421800PE.NFO,02/01/2024,09:19:41,385.2,385.15,240,386.05,80,0,41960
FINNIFTY02JAN2421800PE.NFO,02/01/2024,09:19:42,385.2,385.85,240,386.75,80,0,41960
FINNIFTY02JAN2421800PE.NFO,02/01/2024,09:19:43,385.2,386,240,386.85,80,0,41960
FINNIFTY02JAN2421800PE.NFO,02/01/2024,09:19:44,385.2,386.1,240,387,80,0,41960
FINNIFTY02JAN2421800PE.NFO,02/01/2024,09:19:46,385.2,385.45,240,386.35,80,0,41960
FINNIFTY02JAN2421800PE.NFO,02/01/2024,09:19:47,385.2,384.8,240,385.7,80,0,41960
FINNIFTY02JAN2421800PE.NFO,02/01/2024,09:19:48,385.1,384.8,200,385.75,640,40,41960
FINNIFTY02JAN2421800PE.NFO,02/01/2024,09:19:48,385.1,384.8,200,385.75,640,0,41960
FINNIFTY02JAN2421800PE.NFO,02/01/2024,09:19:49,384.6,385,80,385.95,640,120,41960
FINNIFTY02JAN2421800PE.NFO,02/01/2024,09:19:49,384.6,385,80,385.95,640,0,41960
FINNIFTY02JAN2421800PE.NFO,02/01/2024,09:19:50,384.6,384.65,80,385.55,80,0,41960
FINNIFTY02JAN2421800PE.NFO,02/01/2024,09:19:51,384.6,385.45,80,386.35,640,0,41960
FINNIFTY02JAN2421800PE.NFO,02/01/2024,09:19:52,384.6,386.2,200,387.1,80,0,41960
FINNIFTY02JAN2421800PE.NFO,02/01/2024,09:19:53,384.6,387.35,80,388.25,80,0,41960
FINNIFTY02JAN2421800PE.NFO,02/01/2024,09:19:55,384.6,386.7,80,387.55,80,0,41960
FINNIFTY02JAN2421800PE.NFO,02/01/2024,09:19:56,384.6,387.2,80,388.1,80,0,41960
FINNIFTY02JAN2421800PE.NFO,02/01/2024,09:19:57,384.6,388.2,80,389.05,80,0,41960
FINNIFTY02JAN2421800PE.NFO,02/01/2024,09:19:58,388.3,388.6,200,389.65,80,80,41960
FINNIFTY02JAN2421800PE.NFO,02/01/2024,09:19:59,388.3,388.3,200,389.35,80,0,41960
FINNIFTY02JAN2421800PE.NFO,02/01/2024,09:20:00,388.3,388.25,80,389.45,80,0,41960
FINNIFTY02JAN2421800PE.NFO,02/01/2024,09:20:01,388.3,388.75,40,389.7,80,0,41960
FINNIFTY02JAN2421800PE.NFO,02/01/2024,09:20:02,388.3,388.85,40,389.95,80,0,41960
FINNIFTY02JAN2421800PE.NFO,02/01/2024,09:20:03,388.3,387.9,120,388.95,80,0,41960
FINNIFTY02JAN2421800PE.NFO,02/01/2024,09:20:04,388.3,386.75,160,387.8,200,0,41960
FINNIFTY02JAN2421800PE.NFO,02/01/2024,09:20:05,388.3,386.2,200,387.5,120,0,41960
FINNIFTY02JAN2421800PE.NFO,02/01/2024,09:20:06,388.3,385.45,80,386.45,80,0,41960
FINNIFTY02JAN2421800PE.NFO,02/01/2024,09:20:07,388.3,385.9,240,386.95,80,0,41960
FINNIFTY02JAN2421800PE.NFO,02/01/2024,09:20:08,388.3,385.95,40,386.95,80,0,41960
FINNIFTY02JAN2421800PE.NFO,02/01/2024,09:20:09,388.3,385.7,120,386.7,80,0,41960
FINNIFTY02JAN2421800PE.NFO,02/01/2024,09:20:10,388.3,385.2,120,386.15,80,0,41960
FINNIFTY02JAN2421800PE.NFO,02/01/2024,09:20:11,388.3,384.8,40,385.8,200,0,41960
FINNIFTY02JAN2421800PE.NFO,02/01/2024,09:20:12,388.3,384.7,40,385.8,120,0,41960
FINNIFTY02JAN2421800PE.NFO,02/01/2024,09:20:13,388.3,384.45,40,385.4,80,0,41960
FINNIFTY02JAN2421800PE.NFO,02/01/2024,09:20:14,388.3,385.35,200,386.35,80,0,41960
FINNIFTY02JAN2421800PE.NFO,02/01/2024,09:20:15,388.3,384.45,40,385.5,80,0,41960
FINNIFTY02JAN2421800PE.NFO,02/01/2024,09:20:16,386.15,386.25,40,387.4,560,40,41960
FINNIFTY02JAN2421800PE.NFO,02/01/2024,09:20:17,386.15,386.35,120,387.4,80,0,41960
FINNIFTY02JAN2421800PE.NFO,02/01/2024,09:20:18,386.15,386.6,40,387.5,560,0,41960
FINNIFTY02JAN2421800PE.NFO,02/01/2024,09:20:19,386.15,386.4,80,387.15,640,0,41960
FINNIFTY02JAN2421800PE.NFO,02/01/2024,09:20:20,386.3,385.45,80,386.45,80,240,41960
FINNIFTY02JAN2421800PE.NFO,02/01/2024,09:20:21,386.15,385.85,240,386.85,80,40,41960
FINNIFTY02JAN2421800PE.NFO,02/01/2024,09:20:22,386.15,386.15,40,387.15,80,0,41960
FINNIFTY02JAN2421800PE.NFO,02/01/2024,09:20:23,386.15,386.4,80,387.35,80,0,41960
FINNIFTY02JAN2421800PE.NFO,02/01/2024,09:20:24,386.15,387.1,40,388.05,80,0,41960
FINNIFTY02JAN2421800PE.NFO,02/01/2024,09:20:25,386.15,386.75,40,387.7,80,0,41960
FINNIFTY02JAN2421800PE.NFO,02/01/2024,09:20:26,386.15,387.35,40,388.35,80,0,41960
FINNIFTY02JAN2421800PE.NFO,02/01/2024,09:20:27,386.15,387.75,80,388.7,80,0,41960
FINNIFTY02JAN2421800PE.NFO,02/01/2024,09:20:28,386.15,388.25,40,389.15,80,0,41960
FINNIFTY02JAN2421800PE.NFO,02/01/2024,09:20:29,386.15,387.15,40,388.05,80,0,41960
FINNIFTY02JAN2421800PE.NFO,02/01/2024,09:20:30,386.15,387.1,40,388,80,0,41960
FINNIFTY02JAN2421800PE.NFO,02/01/2024,09:20:32,386.15,388,40,388.9,80,0,41960
FINNIFTY02JAN2421800PE.NFO,02/01/2024,09:20:32,386.15,387.6,160,388.6,200,0,41960
FINNIFTY02JAN2421800PE.NFO,02/01/2024,09:20:33,389.05,388.85,40,389.7,640,1600,40880
FINNIFTY02JAN2421800PE.NFO,02/01/2024,09:20:34,389.05,388.7,560,389.65,560,0,40880
FINNIFTY02JAN2421800PE.NFO,02/01/2024,09:20:35,389.05,388.8,560,389.75,600,0,40880
FINNIFTY02JAN2421800PE.NFO,02/01/2024,09:20:36,389.05,388.95,560,389.85,80,0,40880
FINNIFTY02JAN2421800PE.NFO,02/01/2024,09:20:37,389.05,389.1,600,390.1,560,0,40880
FINNIFTY02JAN2421800PE.NFO,02/01/2024,09:20:39,389.05,388.7,40,389.65,560,0,40880
FINNIFTY02JAN2421800PE.NFO,02/01/2024,09:20:39,389.05,388.9,560,389.85,600,0,40880
FINNIFTY02JAN2421800PE.NFO,02/01/2024,09:20:40,389.05,388.55,560,389.45,40,0,40880
FINNIFTY02JAN2421800PE.NFO,02/01/2024,09:20:41,389.05,387.55,560,388.4,120,0,40880
FINNIFTY02JAN2421800PE.NFO,02/01/2024,09:20:42,389.05,387.3,120,388.2,640,0,40880
FINNIFTY02JAN2421800PE.NFO,02/01/2024,09:20:43,389.05,387.2,640,388.15,560,0,40880
FINNIFTY02JAN2421800PE.NFO,02/01/2024,09:20:45,389.05,386.6,640,387.55,560,0,40880
FINNIFTY02JAN2421800PE.NFO,02/01/2024,09:20:45,389.05,386.15,560,387.1,560,0,40880
FINNIFTY02JAN2421800PE.NFO,02/01/2024,09:20:46,389.05,385.8,600,386.75,560,0,40880
FINNIFTY02JAN2421800PE.NFO,02/01/2024,09:20:47,389.05,385.7,560,386.65,560,0,40880
FINNIFTY02JAN2421800PE.NFO,02/01/2024,09:20:48,389.05,385.3,560,386.25,560,0,40880
FINNIFTY02JAN2421800PE.NFO,02/01/2024,09:20:49,389.05,385.45,120,386.35,560,0,40880
FINNIFTY02JAN2421800PE.NFO,02/01/2024,09:20:50,389.05,384.75,640,385.7,560,0,40880
FINNIFTY02JAN2421800PE.NFO,02/01/2024,09:20:51,389.05,384.35,560,385.3,560,0,40880
FINNIFTY02JAN2421800PE.NFO,02/01/2024,09:20:52,389.05,384.55,560,385.5,560,0,40880
FINNIFTY02JAN2421800PE.NFO,02/01/2024,09:20:54,389.05,385.65,40,386.5,560,0,40880
FINNIFTY02JAN2421800PE.NFO,02/01/2024,09:20:56,389.05,385.2,560,386.15,560,0,40880
FINNIFTY02JAN2421800PE.NFO,02/01/2024,09:20:57,389.05,385.1,40,386,560,0,40880
FINNIFTY02JAN2421800PE.NFO,02/01/2024,09:20:57,389.05,385.35,560,386.35,560,0,40880
FINNIFTY02JAN2421800PE.NFO,02/01/2024,09:20:58,389.05,385.9,80,386.85,560,0,40880
FINNIFTY02JAN2421800PE.NFO,02/01/2024,09:20:59,389.05,386.2,640,387.15,560,0,40880
FINNIFTY02JAN2421800PE.NFO,02/01/2024,09:21:00,385.8,385.95,80,387.3,80,1800,40880
FINNIFTY02JAN2421800PE.NFO,02/01/2024,09:21:01,385.8,386.1,560,387,560,0,40880
FINNIFTY02JAN2421800PE.NFO,02/01/2024,09:21:02,385.8,386.45,560,387.35,80,0,40880
FINNIFTY02JAN2421800PE.NFO,02/01/2024,09:21:03,385.8,385,720,385.95,80,0,40880
FINNIFTY02JAN2421800PE.NFO,02/01/2024,09:21:04,384.55,383.95,560,384.75,80,600,40880
FINNIFTY02JAN2421800PE.NFO,02/01/2024,09:21:04,384.55,383.95,560,384.75,80,0,40880
FINNIFTY02JAN2421800PE.NFO,02/01/2024,09:21:05,381.55,381.55,600,382.5,160,2600,40880
FINNIFTY02JAN2421800PE.NFO,02/01/2024,09:21:05,374.3,381.55,600,382.5,160,0,40880
FINNIFTY02JAN2421800PE.NFO,02/01/2024,09:21:06,377.65,376.4,40,378.5,240,2760,40880
FINNIFTY02JAN2421800PE.NFO,02/01/2024,09:21:07,378.95,378.75,80,379.75,80,1240,40880
FINNIFTY02JAN2421800PE.NFO,02/01/2024,09:21:08,378.95,378.3,80,379.45,80,0,40880
FINNIFTY02JAN2421800PE.NFO,02/01/2024,09:21:09,378.8,378.9,80,380.05,120,200,40880
FINNIFTY02JAN2421800PE.NFO,02/01/2024,09:21:10,378,377.05,40,378.35,120,40,40880
FINNIFTY02JAN2421800PE.NFO,02/01/2024,09:21:11,378,375.6,120,376.7,80,0,40880
FINNIFTY02JAN2421800PE.NFO,02/01/2024,09:21:12,378,376.55,80,377.65,80,0,40880
FINNIFTY02JAN2421800PE.NFO,02/01/2024,09:21:13,376.6,377.15,80,378.35,80,800,40880
FINNIFTY02JAN2421800PE.NFO,02/01/2024,09:21:14,376.6,378.05,40,379.2,80,0,40880
FINNIFTY02JAN2421800PE.NFO,02/01/2024,09:21:15,376.6,378.85,80,379.95,80,0,40880
FINNIFTY02JAN2421800PE.NFO,02/01/2024,09:21:16,376.6,380.1,40,381.2,80,0,40880
FINNIFTY02JAN2421800PE.NFO,02/01/2024,09:21:17,378.8,379.6,120,380.9,80,800,40880
FINNIFTY02JAN2421800PE.NFO,02/01/2024,09:21:18,378.8,378.95,40,379.9,80,0,40880
FINNIFTY02JAN2421800PE.NFO,02/01/2024,09:21:19,378.8,378.4,40,379.75,160,0,40880
FINNIFTY02JAN2421800PE.NFO,02/01/2024,09:21:20,378.8,379.25,120,380.1,80,0,40880
FINNIFTY02JAN2421800PE.NFO,02/01/2024,09:21:21,378.8,378.45,40,379.45,80,0,40880
FINNIFTY02JAN2421800PE.NFO,02/01/2024,09:21:22,378.8,378.25,80,379.3,80,0,40880
FINNIFTY02JAN2421800PE.NFO,02/01/2024,09:21:23,378.8,378.45,40,379.55,80,0,40880
FINNIFTY02JAN2421800PE.NFO,02/01/2024,09:21:24,378.8,377.45,40,378.45,80,0,40880
FINNIFTY02JAN2421800PE.NFO,02/01/2024,09:21:25,378.8,375.25,40,376.5,80,0,40880
FINNIFTY02JAN2421800PE.NFO,02/01/2024,09:21:26,378.8,375.55,80,376.75,80,0,40880
FINNIFTY02JAN2421800PE.NFO,02/01/2024,09:21:27,378.8,372.9,80,374.15,80,0,40880
FINNIFTY02JAN2421800PE.NFO,02/01/2024,09:21:28,371,372,120,373.45,40,1160,40880
FINNIFTY02JAN2421800PE.NFO,02/01/2024,09:21:28,370.2,372,120,373.45,40,0,40880
FINNIFTY02JAN2421800PE.NFO,02/01/2024,09:21:29,371,372.9,40,374,560,0,40880
FINNIFTY02JAN2421800PE.NFO,02/01/2024,09:21:30,371,373,80,374.25,120,0,40880
FINNIFTY02JAN2421800PE.NFO,02/01/2024,09:21:31,371,373,160,374.2,40,0,40880
FINNIFTY02JAN2421800PE.NFO,02/01/2024,09:21:32,371,371.95,80,373.05,600,0,40880
FINNIFTY02JAN2421800PE.NFO,02/01/2024,09:21:33,371,371.05,80,372.15,40,0,40880
FINNIFTY02JAN2421800PE.NFO,02/01/2024,09:21:34,371,371.25,80,372.3,80,0,40880
FINNIFTY02JAN2421800PE.NFO,02/01/2024,09:21:35,371,372.75,120,373.85,40,0,40880
FINNIFTY02JAN2421800PE.NFO,02/01/2024,09:21:36,371,374.35,80,375.45,40,0,40880
FINNIFTY02JAN2421800PE.NFO,02/01/2024,09:21:37,373.65,373.95,200,374.95,40,80,40880
FINNIFTY02JAN2421800PE.NFO,02/01/2024,09:21:38,373.65,373.45,40,374.4,80,0,40880
FINNIFTY02JAN2421800PE.NFO,02/01/2024,09:21:39,373.65,374.4,80,375.5,720,0,40880
FINNIFTY02JAN2421800PE.NFO,02/01/2024,09:21:40,373.65,374.15,40,375.15,40,0,40880
FINNIFTY02JAN2421800PE.NFO,02/01/2024,09:21:41,373.65,374.5,80,375.45,80,0,40880
FINNIFTY02JAN2421800PE.NFO,02/01/2024,09:21:42,375.55,375.35,80,376.45,40,40,40880
FINNIFTY02JAN2421800PE.NFO,02/01/2024,09:21:43,375.55,375.25,120,376.3,40,0,40880
FINNIFTY02JAN2421800PE.NFO,02/01/2024,09:21:44,375.55,375.25,80,376.25,40,0,40880
FINNIFTY02JAN2421800PE.NFO,02/01/2024,09:21:45,375.55,375.35,80,376.3,40,0,40880
FINNIFTY02JAN2421800PE.NFO,02/01/2024,09:21:46,375.55,375.5,80,376.5,80,0,40880
FINNIFTY02JAN2421800PE.NFO,02/01/2024,09:21:47,375.55,375.45,240,376.55,40,0,40880
FINNIFTY02JAN2421800PE.NFO,02/01/2024,09:21:48,375.55,375.7,40,376.6,40,0,40880
FINNIFTY02JAN2421800PE.NFO,02/01/2024,09:21:49,375.55,374.95,160,375.95,40,0,40880
FINNIFTY02JAN2421800PE.NFO,02/01/2024,09:21:50,375.55,375.7,40,376.65,600,0,40880
FINNIFTY02JAN2421800PE.NFO,02/01/2024,09:21:51,376.55,375.2,40,376.2,680,40,40880
FINNIFTY02JAN2421800PE.NFO,02/01/2024,09:21:53,376.55,375.45,120,376.5,680,0,40880
FINNIFTY02JAN2421800PE.NFO,02/01/2024,09:21:53,376.55,375.45,240,376.45,560,0,40880
FINNIFTY02JAN2421800PE.NFO,02/01/2024,09:21:54,376.55,375.5,80,376.5,40,0,40880
FINNIFTY02JAN2421800PE.NFO,02/01/2024,09:21:55,376.55,374.85,40,375.85,560,0,40880
FINNIFTY02JAN2421800PE.NFO,02/01/2024,09:21:56,376.55,374.4,160,375.5,560,0,40880
FINNIFTY02JAN2421800PE.NFO,02/01/2024,09:21:57,375.4,373.6,80,374.6,720,80,40880
FINNIFTY02JAN2421800PE.NFO,02/01/2024,09:21:58,375.4,373.65,80,374.65,80,0,40880
FINNIFTY02JAN2421800PE.NFO,02/01/2024,09:21:59,375.4,372.45,200,373.65,600,0,40880
FINNIFTY02JAN2421800PE.NFO,02/01/2024,09:22:00,375.4,371.85,120,373.4,40,0,40880
FINNIFTY02JAN2421800PE.NFO,02/01/2024,09:22:01,375.4,373.95,40,375,120,0,40880
FINNIFTY02JAN2421800PE.NFO,02/01/2024,09:22:02,375.4,374.1,40,375,160,0,40880
FINNIFTY02JAN2421800PE.NFO,02/01/2024,09:22:03,375.4,373.55,80,374.75,120,0,40880
FINNIFTY02JAN2421800PE.NFO,02/01/2024,09:22:04,375.4,374.05,80,375.15,40,0,40880
FINNIFTY02JAN2421800PE.NFO,02/01/2024,09:22:05,375.4,374.45,80,375.5,120,0,40880
FINNIFTY02JAN2421800PE.NFO,02/01/2024,09:22:06,375.45,374.6,120,375.65,40,40,40880
FINNIFTY02JAN2421800PE.NFO,02/01/2024,09:22:07,375.45,375.15,80,376.2,80,0,40880
FINNIFTY02JAN2421800PE.NFO,02/01/2024,09:22:08,376.2,375.35,120,376.35,560,40,40880
FINNIFTY02JAN2421800PE.NFO,02/01/2024,09:22:10,376.2,375.2,80,376.2,560,0,40880
FINNIFTY02JAN2421800PE.NFO,02/01/2024,09:22:11,376.2,375.1,80,376.1,40,0,40880
FINNIFTY02JAN2421800PE.NFO,02/01/2024,09:22:11,376.2,374.65,40,375.7,600,0,40880
FINNIFTY02JAN2421800PE.NFO,02/01/2024,09:22:12,376.2,375.4,120,376.3,560,0,40880
FINNIFTY02JAN2421800PE.NFO,02/01/2024,09:22:13,376.2,374.55,80,375.6,160,0,40880
FINNIFTY02JAN2421800PE.NFO,02/01/2024,09:22:15,376.2,375.2,40,376.2,560,0,40880
FINNIFTY02JAN2421800PE.NFO,02/01/2024,09:22:16,376.2,377,120,378.2,560,0,40880
FINNIFTY02JAN2421800PE.NFO,02/01/2024,09:22:17,376.2,377.15,80,378.3,40,0,40880
FINNIFTY02JAN2421800PE.NFO,02/01/2024,09:22:17,376.2,377.2,40,378.25,680,0,40880
FINNIFTY02JAN2421800PE.NFO,02/01/2024,09:22:18,376.2,377.1,120,378.1,560,0,40880
FINNIFTY02JAN2421800PE.NFO,02/01/2024,09:22:19,376.2,376.6,40,377.6,680,0,40880
FINNIFTY02JAN2421800PE.NFO,02/01/2024,09:22:20,376.2,376.85,40,377.9,560,0,40880
FINNIFTY02JAN2421800PE.NFO,02/01/2024,09:22:21,376.2,376.9,80,378,680,0,40880
FINNIFTY02JAN2421800PE.NFO,02/01/2024,09:22:22,376.2,377.1,80,378.2,120,0,40880
FINNIFTY02JAN2421800PE.NFO,02/01/2024,09:22:24,376.2,378.2,40,379.3,560,0,40880
FINNIFTY02JAN2421800PE.NFO,02/01/2024,09:22:25,376.2,378,240,379.15,560,0,40880
FINNIFTY02JAN2421800PE.NFO,02/01/2024,09:22:25,376.2,378.3,40,379.5,800,0,40880
FINNIFTY02JAN2421800PE.NFO,02/01/2024,09:22:26,376.2,378.85,120,379.95,560,0,40880
FINNIFTY02JAN2421800PE.NFO,02/01/2024,09:22:27,376.2,379.8,40,381.1,600,0,40880
FINNIFTY02JAN2421800PE.NFO,02/01/2024,09:22:28,376.2,380.9,40,382.05,560,0,40880
FINNIFTY02JAN2421800PE.NFO,02/01/2024,09:22:29,376.2,380.45,40,381.45,560,0,40880
FINNIFTY02JAN2421800PE.NFO,02/01/2024,09:22:30,376.2,379.85,40,380.8,560,0,40880
FINNIFTY02JAN2421800PE.NFO,02/01/2024,09:22:31,376.2,380.15,80,381.2,560,0,40880
FINNIFTY02JAN2421800PE.NFO,02/01/2024,09:22:32,376.2,380.1,40,381.1,560,0,40880
FINNIFTY02JAN2421800PE.NFO,02/01/2024,09:22:34,376.2,381.3,120,382.4,680,0,40880
FINNIFTY02JAN2421800PE.NFO,02/01/2024,09:22:35,376.2,381.35,40,382.4,560,0,40880
FINNIFTY02JAN2421800PE.NFO,02/01/2024,09:22:36,376.2,382.6,120,383.75,560,0,40880
FINNIFTY02JAN2421800PE.NFO,02/01/2024,09:22:37,376.2,382.25,40,383.3,560,0,40880
FINNIFTY02JAN2421800PE.NFO,02/01/2024,09:22:38,376.2,381.75,120,383,720,0,40880
FINNIFTY02JAN2421800PE.NFO,02/01/2024,09:22:39,376.2,381.95,80,382.95,600,0,40880
FINNIFTY02JAN2421800PE.NFO,02/01/2024,09:22:40,376.2,380.9,40,382,120,0,40880
FINNIFTY02JAN2421800PE.NFO,02/01/2024,09:22:41,376.2,381.6,40,382.7,560,0,40880
FINNIFTY02JAN2421800PE.NFO,02/01/2024,09:22:42,376.2,382.05,40,382.9,560,0,40880
FINNIFTY02JAN2421800PE.NFO,02/01/2024,09:22:43,376.2,382.1,80,383.25,560,0,40880
FINNIFTY02JAN2421800PE.NFO,02/01/2024,09:22:44,376.2,381.75,120,382.8,560,0,40880
FINNIFTY02JAN2421800PE.NFO,02/01/2024,09:22:45,376.2,381.75,200,383.05,560,0,40880
FINNIFTY02JAN2421800PE.NFO,02/01/2024,09:22:46,376.2,382,120,383,680,0,40880
FINNIFTY02JAN2421800PE.NFO,02/01/2024,09:22:47,376.2,380.7,40,381.95,80,0,40880
FINNIFTY02JAN2421800PE.NFO,02/01/2024,09:22:48,376.2,381.05,40,382.15,560,0,40880
FINNIFTY02JAN2421800PE.NFO,02/01/2024,09:22:49,376.2,382.25,160,383.45,40,0,40880
FINNIFTY02JAN2421800PE.NFO,02/01/2024,09:22:50,376.2,381.95,40,382.95,560,0,40880
FINNIFTY02JAN2421800PE.NFO,02/01/2024,09:22:51,376.2,380.25,120,381.5,560,0,40880
FINNIFTY02JAN2421800PE.NFO,02/01/2024,09:22:52,376.2,380,160,381,120,0,40880
FINNIFTY02JAN2421800PE.NFO,02/01/2024,09:22:53,380.75,379.75,40,380.85,640,40,40880
FINNIFTY02JAN2421800PE.NFO,02/01/2024,09:22:54,380.75,379.75,160,380.9,600,0,40880
FINNIFTY02JAN2421800PE.NFO,02/01/2024,09:22:55,380.75,380.4,40,381.3,560,0,40880
FINNIFTY02JAN2421800PE.NFO,02/01/2024,09:22:56,381.3,380.35,80,381.4,680,40,40880
FINNIFTY02JAN2421800PE.NFO,02/01/2024,09:22:57,381.3,379.9,80,380.95,560,0,40880
FINNIFTY02JAN2421800PE.NFO,02/01/2024,09:22:58,380.95,378.8,120,379.75,560,40,40880
FINNIFTY02JAN2421800PE.NFO,02/01/2024,09:22:59,380.95,378.9,80,379.8,680,0,40880
FINNIFTY02JAN2421800PE.NFO,02/01/2024,09:23:00,380.95,379.55,80,380.5,560,0,40880
FINNIFTY02JAN2421800PE.NFO,02/01/2024,09:23:01,380.95,379.45,40,380.5,560,0,40880
FINNIFTY02JAN2421800PE.NFO,02/01/2024,09:23:02,380.9,379.8,80,380.75,560,40,40880
FINNIFTY02JAN2421800PE.NFO,02/01/2024,09:23:03,379.8,379.85,40,380.85,560,40,40880
FINNIFTY02JAN2421800PE.NFO,02/01/2024,09:23:04,379.8,380.25,40,381.2,40,0,40880
FINNIFTY02JAN2421800PE.NFO,02/01/2024,09:23:05,379.8,378.9,40,379.8,560,0,40880
FINNIFTY02JAN2421800PE.NFO,02/01/2024,09:23:06,379.8,378.1,40,379.1,640,0,40880
FINNIFTY02JAN2421800PE.NFO,02/01/2024,09:23:07,379.8,376.55,40,377.2,560,0,40880
FINNIFTY02JAN2421800PE.NFO,02/01/2024,09:23:08,376.2,375.6,40,376.45,560,40,40880
FINNIFTY02JAN2421800PE.NFO,02/01/2024,09:23:09,376.2,375.55,80,376.55,600,0,40880
FINNIFTY02JAN2421800PE.NFO,02/01/2024,09:23:10,376.2,375.8,40,376.7,560,0,40880
FINNIFTY02JAN2421800PE.NFO,02/01/2024,09:23:10,376.2,375.7,120,376.65,560,0,40880
FINNIFTY02JAN2421800PE.NFO,02/01/2024,09:23:11,376.2,376.95,40,377.9,600,0,40880
FINNIFTY02JAN2421800PE.NFO,02/01/2024,09:23:12,376.2,377.85,40,378.75,40,0,40880
FINNIFTY02JAN2421800PE.NFO,02/01/2024,09:23:13,376.2,376.35,160,377.35,560,0,40880
FINNIFTY02JAN2421800PE.NFO,02/01/2024,09:23:14,376.2,376.25,200,377.3,640,0,40880
FINNIFTY02JAN2421800PE.NFO,02/01/2024,09:23:15,376.2,376.2,40,377.05,560,0,40880
FINNIFTY02JAN2421800PE.NFO,02/01/2024,09:23:16,376.2,375.85,40,376.75,680,0,40880
FINNIFTY02JAN2421800PE.NFO,02/01/2024,09:23:17,376.2,374.35,120,375.25,40,0,40880
FINNIFTY02JAN2421800PE.NFO,02/01/2024,09:23:18,376.2,375.4,80,376.35,40,0,40880
FINNIFTY02JAN2421800PE.NFO,02/01/2024,09:23:19,376.2,375.75,80,376.75,40,0,40880
FINNIFTY02JAN2421800PE.NFO,02/01/2024,09:23:20,376.2,375.6,80,376.45,40,0,40880
FINNIFTY02JAN2421800PE.NFO,02/01/2024,09:23:21,376.2,376.4,80,377.25,80,0,40880
FINNIFTY02JAN2421800PE.NFO,02/01/2024,09:23:22,376.2,375.8,80,376.7,40,0,40880
FINNIFTY02JAN2421800PE.NFO,02/01/2024,09:23:23,376.2,375.7,80,376.6,80,0,40880
FINNIFTY02JAN2421800PE.NFO,02/01/2024,09:23:24,376.2,375.75,80,376.7,40,0,40880
FINNIFTY02JAN2421800PE.NFO,02/01/2024,09:23:25,376.2,375.65,40,376.55,40,0,40880
FINNIFTY02JAN2421800PE.NFO,02/01/2024,09:23:26,375.75,376.7,120,377.65,40,200,40880
FINNIFTY02JAN2421800PE.NFO,02/01/2024,09:23:27,375.75,376.3,40,377.15,40,0,40880
FINNIFTY02JAN2421800PE.NFO,02/01/2024,09:23:28,375.75,377,40,377.95,40,0,40880
FINNIFTY02JAN2421800PE.NFO,02/01/2024,09:23:29,375.75,378.35,120,379.4,80,0,40880
FINNIFTY02JAN2421800PE.NFO,02/01/2024,09:23:31,375.75,378.05,40,379.05,600,0,40880
FINNIFTY02JAN2421800PE.NFO,02/01/2024,09:23:32,375.75,376.95,80,377.95,40,0,40880
FINNIFTY02JAN2421800PE.NFO,02/01/2024,09:23:33,375.75,376.15,40,377.05,40,0,40880
FINNIFTY02JAN2421800PE.NFO,02/01/2024,09:23:34,375.75,376.15,40,377.15,80,0,40880
FINNIFTY02JAN2421800PE.NFO,02/01/2024,09:23:35,375.75,376.35,40,377.35,600,0,40880
FINNIFTY02JAN2421800PE.NFO,02/01/2024,09:23:36,375.75,376.35,240,377.3,40,0,40880
FINNIFTY02JAN2421800PE.NFO,02/01/2024,09:23:37,375.75,375.7,40,376.55,40,0,40880
FINNIFTY02JAN2421800PE.NFO,02/01/2024,09:23:37,375.75,375.6,200,376.55,40,0,40880
FINNIFTY02JAN2421800PE.NFO,02/01/2024,09:23:38,375.75,375.45,40,376.5,40,0,40880
FINNIFTY02JAN2421800PE.NFO,02/01/2024,09:23:40,375.75,375.5,120,376.5,40,0,40880
FINNIFTY02JAN2421800PE.NFO,02/01/2024,09:23:41,375.75,376.25,80,377.15,40,0,40880
FINNIFTY02JAN2421800PE.NFO,02/01/2024,09:23:42,375.75,376.95,40,377.75,40,0,40880
FINNIFTY02JAN2421800PE.NFO,02/01/2024,09:23:43,375.75,376.6,40,377.45,40,0,40880
FINNIFTY02JAN2421800PE.NFO,02/01/2024,09:23:44,375.75,376.45,40,377.3,120,0,40880
FINNIFTY02JAN2421800PE.NFO,02/01/2024,09:23:45,375.75,376.5,40,377.35,40,0,40880
FINNIFTY02JAN2421800PE.NFO,02/01/2024,09:23:47,375.75,377.15,40,378.1,40,0,40880
FINNIFTY02JAN2421800PE.NFO,02/01/2024,09:23:48,375.75,378,280,379.05,80,0,40880
FINNIFTY02JAN2421800PE.NFO,02/01/2024,09:23:48,375.75,378.15,40,379.15,40,0,40880
FINNIFTY02JAN2421800PE.NFO,02/01/2024,09:23:49,375.75,378.1,80,379.15,40,0,40880
FINNIFTY02JAN2421800PE.NFO,02/01/2024,09:23:50,375.75,378.2,120,379.15,80,0,40880
FINNIFTY02JAN2421800PE.NFO,02/01/2024,09:23:52,375.75,378,200,379,160,0,40880
FINNIFTY02JAN2421800PE.NFO,02/01/2024,09:23:53,375.75,377.3,80,378.3,560,0,40880
FINNIFTY02JAN2421800PE.NFO,02/01/2024,09:23:53,375.75,377.4,120,378.4,40,0,40880
FINNIFTY02JAN2421800PE.NFO,02/01/2024,09:23:54,378.95,378.2,120,379.3,720,40,40040
FINNIFTY02JAN2421800PE.NFO,02/01/2024,09:23:55,378.95,378.55,40,379.45,40,0,40040
FINNIFTY02JAN2421800PE.NFO,02/01/2024,09:23:56,378.95,378.65,40,379.55,40,0,40040
FINNIFTY02JAN2421800PE.NFO,02/01/2024,09:23:57,378.95,378.85,80,379.9,680,0,40040
FINNIFTY02JAN2421800PE.NFO,02/01/2024,09:23:58,378.95,379.75,80,380.8,640,0,40040
FINNIFTY02JAN2421800PE.NFO,02/01/2024,09:24:00,378.95,380.05,40,381.25,160,0,40040
FINNIFTY02JAN2421800PE.NFO,02/01/2024,09:24:01,378.95,380.2,40,381.15,560,0,40040
FINNIFTY02JAN2421800PE.NFO,02/01/2024,09:24:02,378.95,380.95,40,382,120,0,40040
FINNIFTY02JAN2421800PE.NFO,02/01/2024,09:24:03,378.95,381.25,120,382.35,120,0,40040
FINNIFTY02JAN2421800PE.NFO,02/01/2024,09:24:04,378.95,380.7,80,381.6,80,0,40040
FINNIFTY02JAN2421800PE.NFO,02/01/2024,09:24:05,378.95,380,120,381,600,0,40040
FINNIFTY02JAN2421800PE.NFO,02/01/2024,09:24:05,378.95,379.7,40,380.6,40,0,40040
FINNIFTY02JAN2421800PE.NFO,02/01/2024,09:24:06,378.95,379.1,40,380,40,0,40040
FINNIFTY02JAN2421800PE.NFO,02/01/2024,09:24:08,378.95,379.6,120,380.65,80,0,40040
FINNIFTY02JAN2421800PE.NFO,02/01/2024,09:24:09,380.55,379.5,40,380.45,80,40,40040
FINNIFTY02JAN2421800PE.NFO,02/01/2024,09:24:10,380.55,379.3,80,380.35,40,0,40040
FINNIFTY02JAN2421800PE.NFO,02/01/2024,09:24:11,380.55,379.05,120,380.05,40,0,40040
FINNIFTY02JAN2421800PE.NFO,02/01/2024,09:24:12,380.55,378.05,40,379.05,560,0,40040
FINNIFTY02JAN2421800PE.NFO,02/01/2024,09:24:13,380.55,377.9,40,378.9,80,0,40040
FINNIFTY02JAN2421800PE.NFO,02/01/2024,09:24:13,380.55,377.95,40,378.95,40,0,40040
FINNIFTY02JAN2421800PE.NFO,02/01/2024,09:24:14,380.55,377.8,40,378.65,560,0,40040
FINNIFTY02JAN2421800PE.NFO,02/01/2024,09:24:16,380.55,378.85,40,379.9,80,0,40040
FINNIFTY02JAN2421800PE.NFO,02/01/2024,09:24:17,380.55,379.4,80,380.4,600,0,40040
FINNIFTY02JAN2421800PE.NFO,02/01/2024,09:24:18,380.55,379.6,120,380.6,680,0,40040
FINNIFTY02JAN2421800PE.NFO,02/01/2024,09:24:19,380.55,379.8,120,380.85,560,0,40040
FINNIFTY02JAN2421800PE.NFO,02/01/2024,09:24:20,380.55,380.6,160,381.75,600,0,40040
FINNIFTY02JAN2421800PE.NFO,02/01/2024,09:24:21,380.55,381.1,40,382.15,560,0,40040
FINNIFTY02JAN2421800PE.NFO,02/01/2024,09:24:22,380.55,381.4,80,382.4,560,0,40040
FINNIFTY02JAN2421800PE.NFO,02/01/2024,09:24:23,380.55,382,120,383.15,600,0,40040
FINNIFTY02JAN2421800PE.NFO,02/01/2024,09:24:24,380.55,382.2,40,383.1,560,0,40040
FINNIFTY02JAN2421800PE.NFO,02/01/2024,09:24:25,380.55,382,120,383,160,0,40040
FINNIFTY02JAN2421800PE.NFO,02/01/2024,09:24:26,380.55,381.7,80,382.8,680,0,40040
FINNIFTY02JAN2421800PE.NFO,02/01/2024,09:24:27,382.75,382.4,80,383.4,640,40,40040
FINNIFTY02JAN2421800PE.NFO,02/01/2024,09:24:27,382.75,382.4,40,383.4,640,0,40040
FINNIFTY02JAN2421800PE.NFO,02/01/2024,09:24:28,382.75,382.1,80,383,680,0,40040
FINNIFTY02JAN2421800PE.NFO,02/01/2024,09:24:29,382.75,381.9,40,382.85,600,0,40040
FINNIFTY02JAN2421800PE.NFO,02/01/2024,09:24:31,383.3,382.1,120,383.15,560,80,40040
FINNIFTY02JAN2421800PE.NFO,02/01/2024,09:24:32,383.3,381.95,80,382.9,600,0,40040
FINNIFTY02JAN2421800PE.NFO,02/01/2024,09:24:33,383.3,382.35,120,383.15,40,0,40040
FINNIFTY02JAN2421800PE.NFO,02/01/2024,09:24:34,383.05,382.3,160,383.3,40,40,40040
FINNIFTY02JAN2421800PE.NFO,02/01/2024,09:24:35,383.05,382.55,160,383.45,640,0,40040
FINNIFTY02JAN2421800PE.NFO,02/01/2024,09:24:35,383.05,382.2,280,383.2,560,0,40040
FINNIFTY02JAN2421800PE.NFO,02/01/2024,09:24:36,383.05,380.6,160,381.6,160,0,40040
FINNIFTY02JAN2421800PE.NFO,02/01/2024,09:24:38,383.05,380.1,240,381,160,0,40040
FINNIFTY02JAN2421800PE.NFO,02/01/2024,09:24:39,383.05,380.25,160,381.15,640,0,40040
FINNIFTY02JAN2421800PE.NFO,02/01/2024,09:24:40,383.05,380.9,160,381.85,40,0,40040
FINNIFTY02JAN2421800PE.NFO,02/01/2024,09:24:40,383.05,380.75,80,381.65,560,0,40040
FINNIFTY02JAN2421800PE.NFO,02/01/2024,09:24:41,383.05,379.8,160,380.75,600,0,40040
FINNIFTY02JAN2421800PE.NFO,02/01/2024,09:24:43,383.05,379.65,160,380.65,560,0,40040
FINNIFTY02JAN2421800PE.NFO,02/01/2024,09:24:44,383.05,379.45,40,380.35,80,0,40040
FINNIFTY02JAN2421800PE.NFO,02/01/2024,09:24:45,383.05,380.05,80,380.95,560,0,40040
FINNIFTY02JAN2421800PE.NFO,02/01/2024,09:24:46,383.05,379.45,200,380.35,560,0,40040
FINNIFTY02JAN2421800PE.NFO,02/01/2024,09:24:46,383.05,379.55,160,380.4,160,0,40040
FINNIFTY02JAN2421800PE.NFO,02/01/2024,09:24:47,383.05,379.85,240,380.75,600,0,40040
FINNIFTY02JAN2421800PE.NFO,02/01/2024,09:24:49,383.05,378.75,200,379.75,600,0,40040
FINNIFTY02JAN2421800PE.NFO,02/01/2024,09:24:50,383.05,378.25,160,379.15,80,0,40040
FINNIFTY02JAN2421800PE.NFO,02/01/2024,09:24:51,383.05,378.4,80,379.3,680,0,40040
FINNIFTY02JAN2421800PE.NFO,02/01/2024,09:24:51,383.05,378.6,240,379.55,560,0,40040
FINNIFTY02JAN2421800PE.NFO,02/01/2024,09:24:52,383.05,379.85,160,380.75,40,0,40040
FINNIFTY02JAN2421800PE.NFO,02/01/2024,09:24:54,383.05,379.05,200,380.05,560,0,40040
FINNIFTY02JAN2421800PE.NFO,02/01/2024,09:24:55,383.05,380.75,160,381.65,40,0,40040
FINNIFTY02JAN2421800PE.NFO,02/01/2024,09:24:56,383.05,381.55,160,382.55,720,0,40040
FINNIFTY02JAN2421800PE.NFO,02/01/2024,09:24:56,383.05,381.6,80,382.55,680,0,40040
FINNIFTY02JAN2421800PE.NFO,02/01/2024,09:24:57,383.05,381.1,160,382,560,0,40040
FINNIFTY02JAN2421800PE.NFO,02/01/2024,09:24:59,383.05,381.85,160,382.85,560,0,40040
FINNIFTY02JAN2421800PE.NFO,02/01/2024,09:25:00,383.05,382.75,160,383.75,600,0,40040
FINNIFTY02JAN2421800PE.NFO,02/01/2024,09:25:01,383.05,382.6,160,383.5,680,0,40040
FINNIFTY02JAN2421800PE.NFO,02/01/2024,09:25:01,383.05,382.65,160,383.6,560,0,40040
FINNIFTY02JAN2421800PE.NFO,02/01/2024,09:25:02,383.05,381.45,160,382.4,560,0,40040
FINNIFTY02JAN2421800PE.NFO,02/01/2024,09:25:03,383.05,381.35,160,382.3,40,0,40040
FINNIFTY02JAN2421800PE.NFO,02/01/2024,09:25:04,383.05,381.3,40,382.2,680,0,40040
FINNIFTY02JAN2421800PE.NFO,02/01/2024,09:25:05,383.05,381.45,40,382.65,40,0,40040
FINNIFTY02JAN2421800PE.NFO,02/01/2024,09:25:06,383.05,381.5,40,382.45,720,0,40040
FINNIFTY02JAN2421800PE.NFO,02/01/2024,09:25:07,383.05,380.1,40,381.05,560,0,40040
FINNIFTY02JAN2421800PE.NFO,02/01/2024,09:25:09,383.05,381,240,382,800,0,40040
FINNIFTY02JAN2421800PE.NFO,02/01/2024,09:25:10,383.05,381.25,280,382.2,40,0,40040
FINNIFTY02JAN2421800PE.NFO,02/01/2024,09:25:11,383.05,382.35,80,383.25,560,0,40040
FINNIFTY02JAN2421800PE.NFO,02/01/2024,09:25:12,383.05,381.85,160,382.8,120,0,40040
FINNIFTY02JAN2421800PE.NFO,02/01/2024,09:25:13,383.05,381.85,160,382.75,40,0,40040
FINNIFTY02JAN2421800PE.NFO,02/01/2024,09:25:14,383.05,381.9,200,382.95,560,0,40040
FINNIFTY02JAN2421800PE.NFO,02/01/2024,09:25:15,383.05,382.05,160,383.05,560,0,40040
FINNIFTY02JAN2421800PE.NFO,02/01/2024,09:25:15,383.05,382.3,160,383.3,560,0,40040
FINNIFTY02JAN2421800PE.NFO,02/01/2024,09:25:16,383.05,382.35,200,383.3,600,0,40040
FINNIFTY02JAN2421800PE.NFO,02/01/2024,09:25:18,383.05,381.7,160,382.7,560,0,40040
FINNIFTY02JAN2421800PE.NFO,02/01/2024,09:25:19,383.05,381.4,40,382.4,720,0,40040
FINNIFTY02JAN2421800PE.NFO,02/01/2024,09:25:20,383.05,381.55,160,382.55,560,0,40040
FINNIFTY02JAN2421800PE.NFO,02/01/2024,09:25:21,383.05,380.45,160,381.3,40,0,40040
FINNIFTY02JAN2421800PE.NFO,02/01/2024,09:25:22,383.05,380.6,240,381.55,600,0,40040
FINNIFTY02JAN2421800PE.NFO,02/01/2024,09:25:23,383.05,380.85,160,381.75,40,0,40040
FINNIFTY02JAN2421800PE.NFO,02/01/2024,09:25:24,383.05,380.55,200,381.5,560,0,40040
FINNIFTY02JAN2421800PE.NFO,02/01/2024,09:25:25,383.05,380.85,40,381.75,560,0,40040
FINNIFTY02JAN2421800PE.NFO,02/01/2024,09:25:25,383.05,381.1,160,381.95,40,0,40040
FINNIFTY02JAN2421800PE.NFO,02/01/2024,09:25:26,383.05,380.1,40,381,680,0,40040
FINNIFTY02JAN2421800PE.NFO,02/01/2024,09:25:27,383.05,379.55,160,380.5,560,0,40040
FINNIFTY02JAN2421800PE.NFO,02/01/2024,09:25:28,383.05,379.95,160,380.9,560,0,40040
FINNIFTY02JAN2421800PE.NFO,02/01/2024,09:25:29,383.05,379.15,160,380.15,560,0,40040
FINNIFTY02JAN2421800PE.NFO,02/01/2024,09:25:30,383.05,378.85,160,379.85,560,0,40040
FINNIFTY02JAN2421800PE.NFO,02/01/2024,09:25:31,383.05,378.3,40,379.2,680,0,40040
FINNIFTY02JAN2421800PE.NFO,02/01/2024,09:25:33,383.05,377.55,40,378.45,560,0,40040
FINNIFTY02JAN2421800PE.NFO,02/01/2024,09:25:34,383.05,377.2,360,378.2,680,0,40040
FINNIFTY02JAN2421800PE.NFO,02/01/2024,09:25:35,376.8,376.7,80,377.65,560,80,40040
FINNIFTY02JAN2421800PE.NFO,02/01/2024,09:25:36,376.8,376.65,40,377.5,40,0,40040
FINNIFTY02JAN2421800PE.NFO,02/01/2024,09:25:37,376.8,377.55,80,378.55,600,0,40040
FINNIFTY02JAN2421800PE.NFO,02/01/2024,09:25:37,376.8,377.7,80,378.65,40,0,40040
FINNIFTY02JAN2421800PE.NFO,02/01/2024,09:25:38,376.8,377.35,80,378.3,40,0,40040
FINNIFTY02JAN2421800PE.NFO,02/01/2024,09:25:39,376.8,378.1,80,379.05,600,0,40040
FINNIFTY02JAN2421800PE.NFO,02/01/2024,09:25:40,376.8,378.35,120,379.3,40,0,40040
FINNIFTY02JAN2421800PE.NFO,02/01/2024,09:25:41,376.8,377.75,40,378.7,560,0,40040
FINNIFTY02JAN2421800PE.NFO,02/01/2024,09:25:42,376.8,377.1,80,378,560,0,40040
FINNIFTY02JAN2421800PE.NFO,02/01/2024,09:25:43,376.8,377.3,40,378.25,560,0,40040
FINNIFTY02JAN2421800PE.NFO,02/01/2024,09:25:44,376.8,377.85,80,378.8,680,0,40040
FINNIFTY02JAN2421800PE.NFO,02/01/2024,09:25:45,376.8,377.4,120,378.35,560,0,40040
FINNIFTY02JAN2421800PE.NFO,02/01/2024,09:25:46,376.8,378.1,40,378.9,40,0,40040
FINNIFTY02JAN2421800PE.NFO,02/01/2024,09:25:47,376.8,377.7,80,378.65,600,0,40040
FINNIFTY02JAN2421800PE.NFO,02/01/2024,09:25:48,376.8,378.4,120,379.35,40,0,40040
FINNIFTY02JAN2421800PE.NFO,02/01/2024,09:25:49,376.8,379.25,80,380,40,0,40040
FINNIFTY02JAN2421800PE.NFO,02/01/2024,09:25:50,376.8,378.8,80,379.8,720,0,40040
FINNIFTY02JAN2421800PE.NFO,02/01/2024,09:25:51,376.8,378.9,40,379.8,40,0,40040
FINNIFTY02JAN2421800PE.NFO,02/01/2024,09:25:52,376.8,378.6,120,379.5,560,0,40040
FINNIFTY02JAN2421800PE.NFO,02/01/2024,09:25:53,376.8,378.2,80,379.1,640,0,40040
FINNIFTY02JAN2421800PE.NFO,02/01/2024,09:25:54,376.8,376.35,120,377.4,680,0,40040
FINNIFTY02JAN2421800PE.NFO,02/01/2024,09:25:55,376.8,376.15,80,377,40,0,40040
FINNIFTY02JAN2421800PE.NFO,02/01/2024,09:25:56,376.8,375.8,40,376.7,40,0,40040
FINNIFTY02JAN2421800PE.NFO,02/01/2024,09:25:57,376.8,375.05,40,375.95,40,0,40040
FINNIFTY02JAN2421800PE.NFO,02/01/2024,09:25:58,376.8,375.4,160,376.55,40,0,40040
FINNIFTY02JAN2421800PE.NFO,02/01/2024,09:25:59,376.8,375,240,375.95,40,0,40040
FINNIFTY02JAN2421800PE.NFO,02/01/2024,09:26:00,376.8,374.3,80,375.35,600,0,40040
FINNIFTY02JAN2421800PE.NFO,02/01/2024,09:26:01,376.8,374,80,374.8,40,0,40040
FINNIFTY02JAN2421800PE.NFO,02/01/2024,09:26:02,376.8,374.5,80,375.45,40,0,40040
FINNIFTY02JAN2421800PE.NFO,02/01/2024,09:26:03,376.8,374.55,80,375.45,600,0,40040
FINNIFTY02JAN2421800PE.NFO,02/01/2024,09:26:04,376.8,374.65,80,375.6,720,0,40040
FINNIFTY02JAN2421800PE.NFO,02/01/2024,09:26:05,376.8,374.55,80,375.55,600,0,40040
FINNIFTY02JAN2421800PE.NFO,02/01/2024,09:26:06,376.8,374.2,120,375.15,40,0,40040
FINNIFTY02JAN2421800PE.NFO,02/01/2024,09:26:07,376.8,374.6,120,375.5,40,0,40040
FINNIFTY02JAN2421800PE.NFO,02/01/2024,09:26:08,376.8,374.35,40,375.25,80,0,40040
FINNIFTY02JAN2421800PE.NFO,02/01/2024,09:26:09,376.8,374.65,80,375.6,760,0,40040
FINNIFTY02JAN2421800PE.NFO,02/01/2024,09:26:10,376.8,374.5,40,375.4,40,0,40040
FINNIFTY02JAN2421800PE.NFO,02/01/2024,09:26:11,376.8,374.75,40,375.6,40,0,40040
FINNIFTY02JAN2421800PE.NFO,02/01/2024,09:26:12,376.8,374.45,80,375.4,160,0,40040
FINNIFTY02JAN2421800PE.NFO,02/01/2024,09:26:13,376.8,373.2,240,374.1,40,0,40040
FINNIFTY02JAN2421800PE.NFO,02/01/2024,09:26:14,376.8,371,80,371.9,40,0,40040
FINNIFTY02JAN2421800PE.NFO,02/01/2024,09:26:15,365.35,355.5,240,363.65,560,840,40040
FINNIFTY02JAN2421800PE.NFO,02/01/2024,09:26:15,364.3,355.5,240,363.65,560,0,40040
FINNIFTY02JAN2421800PE.NFO,02/01/2024,09:26:16,363.5,353.45,120,368.45,40,1160,40040
FINNIFTY02JAN2421800PE.NFO,02/01/2024,09:26:16,346.9,353.45,120,368.45,40,0,40040
FINNIFTY02JAN2421800PE.NFO,02/01/2024,09:26:18,361.45,350.7,40,362.95,120,560,40040
FINNIFTY02JAN2421800PE.NFO,02/01/2024,09:26:19,363.15,355.75,40,358.5,600,320,40040
FINNIFTY02JAN2421800PE.NFO,02/01/2024,09:26:20,363.15,356.5,40,358.25,160,0,40040
FINNIFTY02JAN2421800PE.NFO,02/01/2024,09:26:21,356.35,355.6,120,357.1,40,40,40040
FINNIFTY02JAN2421800PE.NFO,02/01/2024,09:26:22,356.35,356.2,80,357.8,40,0,40040
FINNIFTY02JAN2421800PE.NFO,02/01/2024,09:26:23,356.35,356.9,120,358.2,40,0,40040
FINNIFTY02JAN2421800PE.NFO,02/01/2024,09:26:24,356.35,357.75,40,359.15,40,0,40040
FINNIFTY02JAN2421800PE.NFO,02/01/2024,09:26:25,356.35,357.7,40,359.15,40,0,40040
FINNIFTY02JAN2421800PE.NFO,02/01/2024,09:26:26,356.35,359.6,120,360.5,40,0,40040
FINNIFTY02JAN2421800PE.NFO,02/01/2024,09:26:27,356.35,359.3,40,360.35,80,0,40040
FINNIFTY02JAN2421800PE.NFO,02/01/2024,09:26:28,356.35,358.95,40,360.45,40,0,40040
FINNIFTY02JAN2421800PE.NFO,02/01/2024,09:26:29,356.35,354.85,120,356.65,120,0,40040
FINNIFTY02JAN2421800PE.NFO,02/01/2024,09:26:30,356.35,352,120,353,40,0,40040
FINNIFTY02JAN2421800PE.NFO,02/01/2024,09:26:31,351.55,351.15,40,352.2,120,40,40640
FINNIFTY02JAN2421800PE.NFO,02/01/2024,09:26:32,351.35,350.85,40,352.2,80,40,40640
FINNIFTY02JAN2421800PE.NFO,02/01/2024,09:26:33,351.35,352.2,120,353.35,560,0,40640
FINNIFTY02JAN2421800PE.NFO,02/01/2024,09:26:34,352.55,351.45,40,352.5,640,40,40640
FINNIFTY02JAN2421800PE.NFO,02/01/2024,09:26:35,352.55,353.25,160,354.45,80,0,40640
FINNIFTY02JAN2421800PE.NFO,02/01/2024,09:26:36,352.55,352.35,160,353.3,40,0,40640
FINNIFTY02JAN2421800PE.NFO,02/01/2024,09:26:37,352.55,351.9,40,352.75,40,0,40640
FINNIFTY02JAN2421800PE.NFO,02/01/2024,09:26:38,350.25,345.4,80,347.45,40,40,40640
FINNIFTY02JAN2421800PE.NFO,02/01/2024,09:26:39,350.25,342.35,40,344.3,40,0,40640
FINNIFTY02JAN2421800PE.NFO,02/01/2024,09:26:40,344.3,339.35,40,341,120,80,40640
FINNIFTY02JAN2421800PE.NFO,02/01/2024,09:26:40,344.3,339.35,40,341,120,0,40640
FINNIFTY02JAN2421800PE.NFO,02/01/2024,09:26:41,341.15,341.9,40,343.45,40,120,40640
FINNIFTY02JAN2421800PE.NFO,02/01/2024,09:26:41,341.15,341.9,40,343.45,40,0,40640
FINNIFTY02JAN2421800PE.NFO,02/01/2024,09:26:42,341.15,341.15,40,342.65,40,0,40640
FINNIFTY02JAN2421800PE.NFO,02/01/2024,09:26:43,341.15,340.75,160,342.35,120,0,40640
FINNIFTY02JAN2421800PE.NFO,02/01/2024,09:26:44,340.5,339.25,40,340.45,560,40,40640
FINNIFTY02JAN2421800PE.NFO,02/01/2024,09:26:44,340.5,339.25,40,340.45,560,0,40640
FINNIFTY02JAN2421800PE.NFO,02/01/2024,09:26:45,340.5,335,40,336.2,560,0,40640
FINNIFTY02JAN2421800PE.NFO,02/01/2024,09:26:46,334.9,334,40,335.05,600,40,40640
FINNIFTY02JAN2421800PE.NFO,02/01/2024,09:26:46,334.9,334,40,335.05,600,0,40640
FINNIFTY02JAN2421800PE.NFO,02/01/2024,09:26:47,334.9,331.3,80,332.85,120,0,40640
FINNIFTY02JAN2421800PE.NFO,02/01/2024,09:26:48,334.9,333.3,40,334.7,40,0,40640
FINNIFTY02JAN2421800PE.NFO,02/01/2024,09:26:49,334.9,334.85,200,336.05,40,0,40640
FINNIFTY02JAN2421800PE.NFO,02/01/2024,09:26:50,334.9,336.15,80,337.3,600,0,40640
FINNIFTY02JAN2421800PE.NFO,02/01/2024,09:26:51,334.9,334.65,120,335.9,40,0,40640
FINNIFTY02JAN2421800PE.NFO,02/01/2024,09:26:52,334.9,335,40,336.3,40,0,40640
FINNIFTY02JAN2421800PE.NFO,02/01/2024,09:26:53,334.9,336.5,40,338.1,120,0,40640
FINNIFTY02JAN2421800PE.NFO,02/01/2024,09:26:54,334.9,337.6,80,338.95,40,0,40640
FINNIFTY02JAN2421800PE.NFO,02/01/2024,09:26:55,340.8,340.2,40,341.7,40,160,40640
FINNIFTY02JAN2421800PE.NFO,02/01/2024,09:26:56,340.8,340.4,120,341.8,40,0,40640
FINNIFTY02JAN2421800PE.NFO,02/01/2024,09:26:57,340.8,341.15,40,342.45,40,0,40640
FINNIFTY02JAN2421800PE.NFO,02/01/2024,09:26:58,340.8,342.6,80,343.8,80,0,40640
FINNIFTY02JAN2421800PE.NFO,02/01/2024,09:26:59,340.8,343.5,40,344.65,120,0,40640
FINNIFTY02JAN2421800PE.NFO,02/01/2024,09:27:00,340.8,342.3,40,343.8,80,0,40640
FINNIFTY02JAN2421800PE.NFO,02/01/2024,09:27:01,340.8,340.1,80,341.3,600,0,40640
FINNIFTY02JAN2421800PE.NFO,02/01/2024,09:27:02,340.8,338.55,40,339.9,40,0,40640
FINNIFTY02JAN2421800PE.NFO,02/01/2024,09:27:03,340.8,338.1,40,339.4,560,0,40640
FINNIFTY02JAN2421800PE.NFO,02/01/2024,09:27:04,340.8,337.8,40,339.1,560,0,40640
FINNIFTY02JAN2421800PE.NFO,02/01/2024,09:27:05,340.8,339,40,339.95,40,0,40640
FINNIFTY02JAN2421800PE.NFO,02/01/2024,09:27:06,340.8,340.3,40,341.2,640,0,40640
FINNIFTY02JAN2421800PE.NFO,02/01/2024,09:27:07,340.8,339.9,80,340.9,40,0,40640
FINNIFTY02JAN2421800PE.NFO,02/01/2024,09:27:08,340.8,336.85,80,338.4,40,0,40640
FINNIFTY02JAN2421800PE.NFO,02/01/2024,09:27:09,340.8,337.3,40,338.35,40,0,40640
FINNIFTY02JAN2421800PE.NFO,02/01/2024,09:27:10,340.8,338.7,40,339.75,40,0,40640
FINNIFTY02JAN2421800PE.NFO,02/01/2024,09:27:11,340.8,340.8,40,341.15,120,0,40640
FINNIFTY02JAN2421800PE.NFO,02/01/2024,09:27:12,340.8,341.05,40,342,640,0,40640
FINNIFTY02JAN2421800PE.NFO,02/01/2024,09:27:13,340.8,338.85,40,339.85,560,40,40640
FINNIFTY02JAN2421800PE.NFO,02/01/2024,09:27:14,340.8,338.85,40,339.85,40,0,40640
FINNIFTY02JAN2421800PE.NFO,02/01/2024,09:27:15,340.8,340.95,40,342.1,160,0,40640
FINNIFTY02JAN2421800PE.NFO,02/01/2024,09:27:16,340.8,341.65,80,342.85,40,0,40640
FINNIFTY02JAN2421800PE.NFO,02/01/2024,09:27:17,340.8,339.75,80,341.5,40,0,40640
FINNIFTY02JAN2421800PE.NFO,02/01/2024,09:27:18,340.8,341.1,80,342.15,80,0,40640
FINNIFTY02JAN2421800PE.NFO,02/01/2024,09:27:19,340.8,341,80,342.15,80,0,40640
FINNIFTY02JAN2421800PE.NFO,02/01/2024,09:27:20,340.8,341.55,40,342.55,40,0,40640
FINNIFTY02JAN2421800PE.NFO,02/01/2024,09:27:21,340.8,341.3,40,342.25,120,0,40640
FINNIFTY02JAN2421800PE.NFO,02/01/2024,09:27:22,340.8,340.15,400,341.55,560,0,40640
FINNIFTY02JAN2421800PE.NFO,02/01/2024,09:27:23,340.8,340.1,40,341.15,560,0,40640
FINNIFTY02JAN2421800PE.NFO,02/01/2024,09:27:24,340.8,339.95,40,341,760,0,40640
FINNIFTY02JAN2421800PE.NFO,02/01/2024,09:27:25,340.8,341.5,40,342.5,40,0,40640
FINNIFTY02JAN2421800PE.NFO,02/01/2024,09:27:26,340.8,342.95,280,344.25,200,0,40640
FINNIFTY02JAN2421800PE.NFO,02/01/2024,09:27:27,340.8,344.75,120,345.95,160,0,40640
FINNIFTY02JAN2421800PE.NFO,02/01/2024,09:27:28,340.8,344.6,40,345.9,40,0,40640
FINNIFTY02JAN2421800PE.NFO,02/01/2024,09:27:29,340.8,344.9,40,346,120,0,40640
FINNIFTY02JAN2421800PE.NFO,02/01/2024,09:27:30,340.8,344.85,40,345.75,560,0,40640
FINNIFTY02JAN2421800PE.NFO,02/01/2024,09:27:31,340.8,344.9,40,345.9,40,0,40640
FINNIFTY02JAN2421800PE.NFO,02/01/2024,09:27:32,340.8,347.4,40,348.75,120,0,40640
FINNIFTY02JAN2421800PE.NFO,02/01/2024,09:27:33,340.8,346.05,80,347.05,560,0,40640
FINNIFTY02JAN2421800PE.NFO,02/01/2024,09:27:34,340.8,346.65,40,347.6,560,0,40640
FINNIFTY02JAN2421800PE.NFO,02/01/2024,09:27:35,340.8,345.05,40,346.15,560,0,40640
FINNIFTY02JAN2421800PE.NFO,02/01/2024,09:27:36,340.8,343.4,80,344.55,40,0,40640
FINNIFTY02JAN2421800PE.NFO,02/01/2024,09:27:37,340.8,342.6,40,343.55,560,0,40640
FINNIFTY02JAN2421800PE.NFO,02/01/2024,09:27:38,340.8,342.85,40,343.8,560,0,40640
FINNIFTY02JAN2421800PE.NFO,02/01/2024,09:27:39,340.8,343,120,344.05,40,0,40640
FINNIFTY02JAN2421800PE.NFO,02/01/2024,09:27:40,340.8,343.85,40,344.75,680,0,40640
FINNIFTY02JAN2421800PE.NFO,02/01/2024,09:27:41,340.8,343.5,120,344.85,40,0,40640
FINNIFTY02JAN2421800PE.NFO,02/01/2024,09:27:42,340.8,343.45,40,344.45,640,0,40640
FINNIFTY02JAN2421800PE.NFO,02/01/2024,09:27:43,340.8,342.2,40,343.2,80,0,40640
FINNIFTY02JAN2421800PE.NFO,02/01/2024,09:27:44,340.8,342.1,40,343.2,40,0,40640
FINNIFTY02JAN2421800PE.NFO,02/01/2024,09:27:45,340.8,343.55,80,344.75,120,0,40640
FINNIFTY02JAN2421800PE.NFO,02/01/2024,09:27:46,340.8,343.9,40,344.7,40,0,40640
FINNIFTY02JAN2421800PE.NFO,02/01/2024,09:27:47,340.8,343.9,40,344.75,680,0,40640
FINNIFTY02JAN2421800PE.NFO,02/01/2024,09:27:48,340.8,344.05,40,345.2,600,0,40640
FINNIFTY02JAN2421800PE.NFO,02/01/2024,09:27:49,340.8,342.1,40,343.2,80,0,40640
FINNIFTY02JAN2421800PE.NFO,02/01/2024,09:27:50,340.8,341.75,40,342.65,40,0,40640
FINNIFTY02JAN2421800PE.NFO,02/01/2024,09:27:51,342.2,341.55,80,342.25,40,40,40640
FINNIFTY02JAN2421800PE.NFO,02/01/2024,09:27:52,342.2,338.2,120,339.1,40,0,40640
FINNIFTY02JAN2421800PE.NFO,02/01/2024,09:27:53,336.05,335.85,40,336.8,560,240,40640
FINNIFTY02JAN2421800PE.NFO,02/01/2024,09:27:54,336.05,336.7,40,337.9,40,0,40640
FINNIFTY02JAN2421800PE.NFO,02/01/2024,09:27:55,336.5,335.45,80,336.45,40,40,40640
FINNIFTY02JAN2421800PE.NFO,02/01/2024,09:27:56,336.5,335.8,120,336.75,80,0,40640
FINNIFTY02JAN2421800PE.NFO,02/01/2024,09:27:57,336.5,332.95,40,334.1,40,0,40640
FINNIFTY02JAN2421800PE.NFO,02/01/2024,09:27:58,330.85,329.95,40,333.4,480,680,40640
FINNIFTY02JAN2421800PE.NFO,02/01/2024,09:27:58,325.6,329.95,40,333.4,480,0,40640
FINNIFTY02JAN2421800PE.NFO,02/01/2024,09:27:59,328.5,327.45,40,328.75,560,40,40640
FINNIFTY02JAN2421800PE.NFO,02/01/2024,09:28:00,328.5,329,280,330.45,80,0,40640
FINNIFTY02JAN2421800PE.NFO,02/01/2024,09:28:01,328.5,329.05,40,330.7,40,0,40640
FINNIFTY02JAN2421800PE.NFO,02/01/2024,09:28:02,328.5,330.2,40,332.25,40,0,40640
FINNIFTY02JAN2421800PE.NFO,02/01/2024,09:28:03,328.5,326.65,40,328.95,40,0,40640
FINNIFTY02JAN2421800PE.NFO,02/01/2024,09:28:04,328.5,326.55,40,327.75,40,0,40640
FINNIFTY02JAN2421800PE.NFO,02/01/2024,09:28:05,328.5,326.15,80,327.4,40,0,40640
FINNIFTY02JAN2421800PE.NFO,02/01/2024,09:28:06,328.5,328.85,40,329.55,40,0,40640
FINNIFTY02JAN2421800PE.NFO,02/01/2024,09:28:07,328.5,329.8,40,330.8,560,0,40640
FINNIFTY02JAN2421800PE.NFO,02/01/2024,09:28:08,328.5,330.1,40,331.4,120,0,40640
FINNIFTY02JAN2421800PE.NFO,02/01/2024,09:28:09,328.5,330.45,40,331.65,80,0,40640
FINNIFTY02JAN2421800PE.NFO,02/01/2024,09:28:10,328.5,331.05,40,332.05,40,0,40640
FINNIFTY02JAN2421800PE.NFO,02/01/2024,09:28:11,328.5,331.3,40,332.55,120,0,40640
FINNIFTY02JAN2421800PE.NFO,02/01/2024,09:28:12,328.5,331.2,40,332.3,600,0,40640
FINNIFTY02JAN2421800PE.NFO,02/01/2024,09:28:13,328.5,332.1,40,333.5,80,0,40640
FINNIFTY02JAN2421800PE.NFO,02/01/2024,09:28:14,328.5,332.1,80,333.4,40,0,40640
FINNIFTY02JAN2421800PE.NFO,02/01/2024,09:28:15,328.5,332.75,40,333.8,80,0,40640
FINNIFTY02JAN2421800PE.NFO,02/01/2024,09:28:16,328.5,331.95,120,333.25,40,0,40640
FINNIFTY02JAN2421800PE.NFO,02/01/2024,09:28:17,328.5,331.9,120,333.3,120,0,40640
FINNIFTY02JAN2421800PE.NFO,02/01/2024,09:28:18,328.5,332.7,40,333.7,40,0,40640
FINNIFTY02JAN2421800PE.NFO,02/01/2024,09:28:19,328.5,332.55,40,333.5,40,0,40640
FINNIFTY02JAN2421800PE.NFO,02/01/2024,09:28:20,328.5,334.35,40,335.25,40,0,40640
FINNIFTY02JAN2421800PE.NFO,02/01/2024,09:28:21,328.5,331.65,40,332.85,560,0,40640
FINNIFTY02JAN2421800PE.NFO,02/01/2024,09:28:22,328.5,332.25,40,333.35,600,0,40640
FINNIFTY02JAN2421800PE.NFO,02/01/2024,09:28:23,328.5,331.4,40,332.5,40,0,40640
FINNIFTY02JAN2421800PE.NFO,02/01/2024,09:28:24,328.5,330.35,40,331.25,40,0,40640
FINNIFTY02JAN2421800PE.NFO,02/01/2024,09:28:25,328.5,328.5,40,329.15,600,0,40640
FINNIFTY02JAN2421800PE.NFO,02/01/2024,09:28:26,328.5,329.2,80,330.2,40,40,40640
FINNIFTY02JAN2421800PE.NFO,02/01/2024,09:28:27,328.5,329.9,40,330.9,40,0,40640
FINNIFTY02JAN2421800PE.NFO,02/01/2024,09:28:28,328.5,330.8,120,331.8,40,0,40640
FINNIFTY02JAN2421800PE.NFO,02/01/2024,09:28:29,328.5,330.35,40,331.4,600,0,40640
FINNIFTY02JAN2421800PE.NFO,02/01/2024,09:28:30,328.5,329.4,80,330.45,120,0,40640
FINNIFTY02JAN2421800PE.NFO,02/01/2024,09:28:31,328.5,330.65,80,331.7,40,0,40640
FINNIFTY02JAN2421800PE.NFO,02/01/2024,09:28:32,328.5,331.45,40,332.35,80,0,40640
FINNIFTY02JAN2421800PE.NFO,02/01/2024,09:28:33,333.15,332.85,80,334.05,40,160,40640
FINNIFTY02JAN2421800PE.NFO,02/01/2024,09:28:34,333.15,333.7,80,334.7,40,0,40640
FINNIFTY02JAN2421800PE.NFO,02/01/2024,09:28:35,333.15,334.55,80,335.5,80,0,40640
FINNIFTY02JAN2421800PE.NFO,02/01/2024,09:28:36,333.15,333.75,40,334.8,560,0,40640
FINNIFTY02JAN2421800PE.NFO,02/01/2024,09:28:37,333.15,334.25,40,335.65,40,0,40640
FINNIFTY02JAN2421800PE.NFO,02/01/2024,09:28:38,333.15,335.65,200,336.8,40,0,40640
FINNIFTY02JAN2421800PE.NFO,02/01/2024,09:28:39,333.15,336.2,80,337.65,40,0,40640
FINNIFTY02JAN2421800PE.NFO,02/01/2024,09:28:40,333.15,334.95,40,335.85,40,0,40640
FINNIFTY02JAN2421800PE.NFO,02/01/2024,09:28:41,333.15,334.85,80,335.95,40,0,40640
FINNIFTY02JAN2421800PE.NFO,02/01/2024,09:28:42,333.15,335,200,336.05,600,0,40640
FINNIFTY02JAN2421800PE.NFO,02/01/2024,09:28:43,333.15,335.15,160,336.25,200,0,40640
FINNIFTY02JAN2421800PE.NFO,02/01/2024,09:28:44,333.15,335.4,120,336.65,80,0,40640
FINNIFTY02JAN2421800PE.NFO,02/01/2024,09:28:45,333.15,334.7,80,335.65,40,0,40640
FINNIFTY02JAN2421800PE.NFO,02/01/2024,09:28:46,333.15,334.45,40,335.45,560,0,40640
FINNIFTY02JAN2421800PE.NFO,02/01/2024,09:28:47,333.15,333.3,240,334.25,120,0,40640
FINNIFTY02JAN2421800PE.NFO,02/01/2024,09:28:48,333.15,333.85,80,334.75,40,0,40640
FINNIFTY02JAN2421800PE.NFO,02/01/2024,09:28:49,333.15,334.85,120,335.8,120,0,40640
FINNIFTY02JAN2421800PE.NFO,02/01/2024,09:28:50,333.15,334.4,120,335.45,560,0,40640
FINNIFTY02JAN2421800PE.NFO,02/01/2024,09:28:51,334.05,334.15,40,335.05,40,120,40640
FINNIFTY02JAN2421800PE.NFO,02/01/2024,09:28:52,334.05,334.25,40,335.25,560,0,40640
FINNIFTY02JAN2421800PE.NFO,02/01/2024,09:28:53,334.05,334.75,80,335.65,80,0,40640
FINNIFTY02JAN2421800PE.NFO,02/01/2024,09:28:54,334.05,334.55,120,335.4,40,0,40640
FINNIFTY02JAN2421800PE.NFO,02/01/2024,09:28:55,334.05,335.95,80,336.75,80,0,40640
FINNIFTY02JAN2421800PE.NFO,02/01/2024,09:28:56,334.05,336.45,40,337.45,640,0,40640
FINNIFTY02JAN2421800PE.NFO,02/01/2024,09:28:57,334.05,336.65,40,337.65,200,0,40640
FINNIFTY02JAN2421800PE.NFO,02/01/2024,09:28:58,334.05,336.55,40,337.5,40,0,40640
FINNIFTY02JAN2421800PE.NFO,02/01/2024,09:28:59,334.05,337.35,80,338.35,600,0,40640
FINNIFTY02JAN2421800PE.NFO,02/01/2024,09:29:00,338.15,338.3,80,339.65,80,40,40640
FINNIFTY02JAN2421800PE.NFO,02/01/2024,09:29:01,337.9,336.95,40,337.75,560,80,40640
FINNIFTY02JAN2421800PE.NFO,02/01/2024,09:29:02,337.9,338.3,40,339.45,560,0,40640
FINNIFTY02JAN2421800PE.NFO,02/01/2024,09:29:03,337.9,339.2,240,340,40,0,40640
FINNIFTY02JAN2421800PE.NFO,02/01/2024,09:29:04,340,338.3,40,339.7,40,40,40640
FINNIFTY02JAN2421800PE.NFO,02/01/2024,09:29:05,340,339.15,240,340.4,160,0,40640
FINNIFTY02JAN2421800PE.NFO,02/01/2024,09:29:06,340,339.85,40,340.8,40,0,40640
FINNIFTY02JAN2421800PE.NFO,02/01/2024,09:29:07,340,339.4,40,340.4,560,0,40640
FINNIFTY02JAN2421800PE.NFO,02/01/2024,09:29:08,340,339.65,200,340.6,40,0,40640
FINNIFTY02JAN2421800PE.NFO,02/01/2024,09:29:09,340,339.95,40,340.85,560,0,40640
FINNIFTY02JAN2421800PE.NFO,02/01/2024,09:29:10,340,338.55,40,339.45,40,0,40640
FINNIFTY02JAN2421800PE.NFO,02/01/2024,09:29:11,340,338.35,40,339.2,600,0,40640
FINNIFTY02JAN2421800PE.NFO,02/01/2024,09:29:12,337.9,336.45,40,337.45,600,240,40640
FINNIFTY02JAN2421800PE.NFO,02/01/2024,09:29:13,337.9,336.85,240,338,120,0,40640
FINNIFTY02JAN2421800PE.NFO,02/01/2024,09:29:14,337.9,337.15,160,338.15,600,0,40640
FINNIFTY02JAN2421800PE.NFO,02/01/2024,09:29:15,337.9,337.95,40,338.9,560,0,40640
FINNIFTY02JAN2421800PE.NFO,02/01/2024,09:29:16,337.9,338.75,160,339.7,80,0,40640
FINNIFTY02JAN2421800PE.NFO,02/01/2024,09:29:17,337.9,338.4,120,339.4,680,0,40640
FINNIFTY02JAN2421800PE.NFO,02/01/2024,09:29:18,337.9,339.35,40,340.25,120,0,40640
FINNIFTY02JAN2421800PE.NFO,02/01/2024,09:29:19,337.9,339.5,160,340.35,40,0,40640
FINNIFTY02JAN2421800PE.NFO,02/01/2024,09:29:20,337.9,340.35,160,341.2,40,0,40640
FINNIFTY02JAN2421800PE.NFO,02/01/2024,09:29:21,337.9,340.2,240,341.2,680,0,40640
FINNIFTY02JAN2421800PE.NFO,02/01/2024,09:29:22,337.9,340.45,160,341.4,120,0,40640
FINNIFTY02JAN2421800PE.NFO,02/01/2024,09:29:23,337.9,340.5,200,341.35,40,0,40640
FINNIFTY02JAN2421800PE.NFO,02/01/2024,09:29:24,337.9,340.05,400,341.05,80,0,40640
FINNIFTY02JAN2421800PE.NFO,02/01/2024,09:29:25,337.9,339.25,40,340.2,640,0,40640
FINNIFTY02JAN2421800PE.NFO,02/01/2024,09:29:26,337.9,341.1,80,342.15,40,0,40640
FINNIFTY02JAN2421800PE.NFO,02/01/2024,09:29:27,342.4,341.6,200,342.45,40,40,40640
FINNIFTY02JAN2421800PE.NFO,02/01/2024,09:29:28,342.4,341.65,120,342.55,40,0,40640
FINNIFTY02JAN2421800PE.NFO,02/01/2024,09:29:29,342.4,341.5,40,342.4,640,0,40640
FINNIFTY02JAN2421800PE.NFO,02/01/2024,09:29:30,342.4,340.4,120,341.25,80,0,40640
FINNIFTY02JAN2421800PE.NFO,02/01/2024,09:29:31,342.4,340.3,40,341.15,640,0,40640
FINNIFTY02JAN2421800PE.NFO,02/01/2024,09:29:32,342.4,340.1,40,341.05,560,0,40640
FINNIFTY02JAN2421800PE.NFO,02/01/2024,09:29:33,342.4,340.7,40,341.7,680,0,40640
FINNIFTY02JAN2421800PE.NFO,02/01/2024,09:29:34,342.4,340.75,40,341.65,560,0,40640
FINNIFTY02JAN2421800PE.NFO,02/01/2024,09:29:35,342.4,339.2,80,340.15,40,0,40640
FINNIFTY02JAN2421800PE.NFO,02/01/2024,09:29:36,339.8,338.3,40,339.25,80,40,40800
FINNIFTY02JAN2421800PE.NFO,02/01/2024,09:29:37,339.8,338.7,80,339.6,560,0,40800
FINNIFTY02JAN2421800PE.NFO,02/01/2024,09:29:38,339.8,339,40,339.8,560,0,40800
FINNIFTY02JAN2421800PE.NFO,02/01/2024,09:29:39,339.8,337.6,200,338.4,40,0,40800
FINNIFTY02JAN2421800PE.NFO,02/01/2024,09:29:40,339.8,337.45,240,338.4,120,0,40800
FINNIFTY02JAN2421800PE.NFO,02/01/2024,09:29:41,339.8,337.55,200,338.45,40,0,40800
FINNIFTY02JAN2421800PE.NFO,02/01/2024,09:29:42,339.8,337.7,40,338.45,560,0,40800
FINNIFTY02JAN2421800PE.NFO,02/01/2024,09:29:43,339.8,338.9,40,339.7,40,0,40800
FINNIFTY02JAN2421800PE.NFO,02/01/2024,09:29:44,339.8,338.95,40,339.9,40,0,40800
FINNIFTY02JAN2421800PE.NFO,02/01/2024,09:29:45,339.8,339.05,80,340,80,0,40800
FINNIFTY02JAN2421800PE.NFO,02/01/2024,09:29:46,339.8,339.55,240,340.55,600,0,40800
FINNIFTY02JAN2421800PE.NFO,02/01/2024,09:29:47,339.8,340.05,80,341,600,0,40800
FINNIFTY02JAN2421800PE.NFO,02/01/2024,09:29:48,339.8,339.9,40,340.75,40,0,40800
FINNIFTY02JAN2421800PE.NFO,02/01/2024,09:29:49,339.8,338.7,40,339.75,40,0,40800
FINNIFTY02JAN2421800PE.NFO,02/01/2024,09:29:50,339.8,338.9,40,339.85,80,0,40800
FINNIFTY02JAN2421800PE.NFO,02/01/2024,09:29:51,339.8,339.1,240,340.05,40,0,40800
FINNIFTY02JAN2421800PE.NFO,02/01/2024,09:29:52,339.8,338.6,120,339.5,80,0,40800
FINNIFTY02JAN2421800PE.NFO,02/01/2024,09:29:53,339.8,338.25,40,339,80,0,40800
FINNIFTY02JAN2421800PE.NFO,02/01/2024,09:29:54,339.8,338.6,120,339.45,40,0,40800
FINNIFTY02JAN2421800PE.NFO,02/01/2024,09:29:55,339.8,338.55,200,339.6,680,0,40800
FINNIFTY02JAN2421800PE.NFO,02/01/2024,09:29:56,339.8,339.1,40,339.95,80,0,40800
FINNIFTY02JAN2421800PE.NFO,02/01/2024,09:29:57,339.8,339.6,280,340.45,40,0,40800
FINNIFTY02JAN2421800PE.NFO,02/01/2024,09:29:58,339.8,339.65,200,340.55,40,0,40800
FINNIFTY02JAN2421800PE.NFO,02/01/2024,09:29:59,339.8,338.5,280,339.55,600,0,40800
FINNIFTY02JAN2421800PE.NFO,02/01/2024,09:30:00,339.8,338.4,40,339.5,40,0,40800
FINNIFTY02JAN2421800PE.NFO,02/01/2024,09:30:01,339.8,337,280,338,40,0,40800
FINNIFTY02JAN2421800PE.NFO,02/01/2024,09:30:02,339.8,337.95,200,338.8,40,0,40800
FINNIFTY02JAN2421800PE.NFO,02/01/2024,09:30:03,339.8,340.4,200,341.4,40,0,40800
FINNIFTY02JAN2421800PE.NFO,02/01/2024,09:30:04,339.8,340.9,240,341.95,560,0,40800
FINNIFTY02JAN2421800PE.NFO,02/01/2024,09:30:05,342.55,341.65,280,342.55,40,200,40800
FINNIFTY02JAN2421800PE.NFO,02/01/2024,09:30:06,342.55,341.85,280,342.75,40,0,40800
FINNIFTY02JAN2421800PE.NFO,02/01/2024,09:30:07,342.55,342.6,280,343.55,560,0,40800
FINNIFTY02JAN2421800PE.NFO,02/01/2024,09:30:08,342.55,341.8,280,342.85,560,0,40800
FINNIFTY02JAN2421800PE.NFO,02/01/2024,09:30:09,342.55,341.25,280,342.25,640,0,40800
FINNIFTY02JAN2421800PE.NFO,02/01/2024,09:30:10,342.55,340.6,360,341.6,120,0,40800
FINNIFTY02JAN2421800PE.NFO,02/01/2024,09:30:11,342.55,340.65,40,341.75,40,0,40800
FINNIFTY02JAN2421800PE.NFO,02/01/2024,09:30:12,342.55,340.3,80,341.25,560,0,40800
FINNIFTY02JAN2421800PE.NFO,02/01/2024,09:30:13,340.95,339.25,480,340.2,80,120,40800
FINNIFTY02JAN2421800PE.NFO,02/01/2024,09:30:14,340.2,336.9,40,337.85,560,40,40800
FINNIFTY02JAN2421800PE.NFO,02/01/2024,09:30:16,340.2,337.6,600,338.55,80,0,40800
FINNIFTY02JAN2421800PE.NFO,02/01/2024,09:30:17,340.2,337.45,40,338.35,120,0,40800
FINNIFTY02JAN2421800PE.NFO,02/01/2024,09:30:18,340.2,335.75,40,336.7,600,0,40800
FINNIFTY02JAN2421800PE.NFO,02/01/2024,09:30:19,340.2,333.55,80,334.75,40,0,40800
FINNIFTY02JAN2421800PE.NFO,02/01/2024,09:30:20,340.2,334.7,200,336,120,0,40800
FINNIFTY02JAN2421800PE.NFO,02/01/2024,09:30:21,340.2,335.6,440,336.5,120,0,40800
FINNIFTY02JAN2421800PE.NFO,02/01/2024,09:30:22,340.2,335.85,40,337,80,0,40800
FINNIFTY02JAN2421800PE.NFO,02/01/2024,09:30:23,340.2,336.2,480,337.2,720,0,40800
FINNIFTY02JAN2421800PE.NFO,02/01/2024,09:30:24,340.2,336.75,40,337.55,40,0,40800
FINNIFTY02JAN2421800PE.NFO,02/01/2024,09:30:25,340.2,337.35,40,338.25,600,0,40800
FINNIFTY02JAN2421800PE.NFO,02/01/2024,09:30:26,340.2,337.4,440,338.3,40,0,40800
FINNIFTY02JAN2421800PE.NFO,02/01/2024,09:30:27,340.2,338.25,480,339.25,600,0,40800
FINNIFTY02JAN2421800PE.NFO,02/01/2024,09:30:28,340.2,338.4,40,339.3,40,0,40800
FINNIFTY02JAN2421800PE.NFO,02/01/2024,09:30:29,340.2,339.55,40,340.55,560,0,40800
FINNIFTY02JAN2421800PE.NFO,02/01/2024,09:30:30,340.2,339.95,40,341.2,40,0,40800
FINNIFTY02JAN2421800PE.NFO,02/01/2024,09:30:31,340.2,340.1,40,341.3,80,0,40800
FINNIFTY02JAN2421800PE.NFO,02/01/2024,09:30:32,340.2,340.3,80,341.2,40,0,40800
FINNIFTY02JAN2421800PE.NFO,02/01/2024,09:30:33,340.2,339.4,520,340.3,40,0,40800
FINNIFTY02JAN2421800PE.NFO,02/01/2024,09:30:34,340.2,339.05,40,339.9,560,0,40800
FINNIFTY02JAN2421800PE.NFO,02/01/2024,09:30:35,340.2,339.4,80,340.25,600,0,40800
FINNIFTY02JAN2421800PE.NFO,02/01/2024,09:30:36,340.2,339.2,40,340.15,560,0,40800
FINNIFTY02JAN2421800PE.NFO,02/01/2024,09:30:37,340.2,338.95,40,339.95,560,0,40800
FINNIFTY02JAN2421800PE.NFO,02/01/2024,09:30:38,340.2,339.75,160,340.7,80,0,40800
FINNIFTY02JAN2421800PE.NFO,02/01/2024,09:30:39,340.2,339.4,80,340.3,80,0,40800
FINNIFTY02JAN2421800PE.NFO,02/01/2024,09:30:40,340.2,337,40,337.9,40,0,40800
FINNIFTY02JAN2421800PE.NFO,02/01/2024,09:30:41,340.2,336.7,40,337.7,40,0,40800
FINNIFTY02JAN2421800PE.NFO,02/01/2024,09:30:42,340.2,337.7,440,338.6,40,0,40800
FINNIFTY02JAN2421800PE.NFO,02/01/2024,09:30:43,340.2,338.7,40,339.6,720,0,40800
FINNIFTY02JAN2421800PE.NFO,02/01/2024,09:30:44,340.2,338.3,80,339.15,40,0,40800
FINNIFTY02JAN2421800PE.NFO,02/01/2024,09:30:45,340.2,337.9,40,338.8,80,0,40800
FINNIFTY02JAN2421800PE.NFO,02/01/2024,09:30:46,340.2,338.3,440,339.2,80,0,40800
FINNIFTY02JAN2421800PE.NFO,02/01/2024,09:30:47,340.2,338.1,80,339.1,640,0,40800
FINNIFTY02JAN2421800PE.NFO,02/01/2024,09:30:48,340.2,337.9,440,338.85,40,0,40800
FINNIFTY02JAN2421800PE.NFO,02/01/2024,09:30:49,340.2,338.35,40,339.3,40,0,40800
FINNIFTY02JAN2421800PE.NFO,02/01/2024,09:30:50,340.2,338.4,520,339.35,80,0,40800
FINNIFTY02JAN2421800PE.NFO,02/01/2024,09:30:52,340.2,338.75,440,339.6,560,0,40800
FINNIFTY02JAN2421800PE.NFO,02/01/2024,09:30:52,340.2,338.5,480,339.4,200,0,40800
FINNIFTY02JAN2421800PE.NFO,02/01/2024,09:30:53,340.2,338.2,80,339.2,640,0,40800
FINNIFTY02JAN2421800PE.NFO,02/01/2024,09:30:54,340.2,339.1,480,340.1,520,0,40800
FINNIFTY02JAN2421800PE.NFO,02/01/2024,09:30:55,340.2,339.05,480,339.9,40,0,40800
FINNIFTY02JAN2421800PE.NFO,02/01/2024,09:30:57,340.2,339.6,480,340.5,80,0,40800
FINNIFTY02JAN2421800PE.NFO,02/01/2024,09:30:57,340.2,340,40,340.85,40,0,40800
FINNIFTY02JAN2421800PE.NFO,02/01/2024,09:30:58,340.2,339.75,440,340.6,600,0,40800
FINNIFTY02JAN2421800PE.NFO,02/01/2024,09:30:59,340.2,340.3,480,341.2,640,0,40800
FINNIFTY02JAN2421800PE.NFO,02/01/2024,09:31:00,340.2,341,40,341.9,40,0,40800
FINNIFTY02JAN2421800PE.NFO,02/01/2024,09:31:02,340.2,340.95,80,341.85,600,0,40800
FINNIFTY02JAN2421800PE.NFO,02/01/2024,09:31:02,340.2,341.4,120,342.3,560,0,40800
FINNIFTY02JAN2421800PE.NFO,02/01/2024,09:31:03,340.2,341.55,520,342.5,600,0,40800
FINNIFTY02JAN2421800PE.NFO,02/01/2024,09:31:04,340.2,342.3,80,343.1,600,0,40800
FINNIFTY02JAN2421800PE.NFO,02/01/2024,09:31:05,340.2,342.4,520,343.35,560,0,40800
FINNIFTY02JAN2421800PE.NFO,02/01/2024,09:31:06,340.2,342.55,440,343.45,40,0,40800
FINNIFTY02JAN2421800PE.NFO,02/01/2024,09:31:08,340.2,342.1,80,343,600,0,40800
FINNIFTY02JAN2421800PE.NFO,02/01/2024,09:31:09,340.2,341.75,480,342.7,40,0,40800
FINNIFTY02JAN2421800PE.NFO,02/01/2024,09:31:09,340.2,341.85,440,342.7,80,0,40800
FINNIFTY02JAN2421800PE.NFO,02/01/2024,09:31:10,340.2,341.65,440,342.55,40,0,40800
FINNIFTY02JAN2421800PE.NFO,02/01/2024,09:31:11,340.2,340.95,440,341.85,40,0,40800
FINNIFTY02JAN2421800PE.NFO,02/01/2024,09:31:12,340.2,342.85,40,343.75,640,0,40800
FINNIFTY02JAN2421800PE.NFO,02/01/2024,09:31:14,340.2,343.95,80,344.8,40,0,40800
FINNIFTY02JAN2421800PE.NFO,02/01/2024,09:31:14,340.2,344.7,440,345.75,40,0,40800
FINNIFTY02JAN2421800PE.NFO,02/01/2024,09:31:15,340.2,345.65,440,346.6,80,0,40800
FINNIFTY02JAN2421800PE.NFO,02/01/2024,09:31:16,340.2,345.75,80,346.85,240,0,40800
FINNIFTY02JAN2421800PE.NFO,02/01/2024,09:31:17,340.2,344.4,520,345.3,600,0,40800
FINNIFTY02JAN2421800PE.NFO,02/01/2024,09:31:18,340.2,344.5,440,345.45,680,0,40800
FINNIFTY02JAN2421800PE.NFO,02/01/2024,09:31:20,340.2,343.5,520,344.45,560,0,40800
FINNIFTY02JAN2421800PE.NFO,02/01/2024,09:31:20,340.2,343.75,440,344.75,560,0,40800
FINNIFTY02JAN2421800PE.NFO,02/01/2024,09:31:21,340.2,344.8,480,345.7,560,0,40800
FINNIFTY02JAN2421800PE.NFO,02/01/2024,09:31:22,340.2,343.75,40,344.7,560,0,40800
FINNIFTY02JAN2421800PE.NFO,02/01/2024,09:31:23,340.2,343,40,343.75,560,0,40800
FINNIFTY02JAN2421800PE.NFO,02/01/2024,09:31:24,343,343.65,480,344.5,600,40,40800
FINNIFTY02JAN2421800PE.NFO,02/01/2024,09:31:26,343,340.85,40,342.05,80,0,40800
FINNIFTY02JAN2421800PE.NFO,02/01/2024,09:31:26,343,340.55,40,341.55,560,0,40800
FINNIFTY02JAN2421800PE.NFO,02/01/2024,09:31:27,343,340.75,480,341.65,560,0,40800
FINNIFTY02JAN2421800PE.NFO,02/01/2024,09:31:28,343,341.1,40,342.25,40,0,40800
FINNIFTY02JAN2421800PE.NFO,02/01/2024,09:31:29,343,341.65,480,342.55,560,0,40800
FINNIFTY02JAN2421800PE.NFO,02/01/2024,09:31:31,343,341.6,520,342.55,560,0,40800
FINNIFTY02JAN2421800PE.NFO,02/01/2024,09:31:32,343,342.2,480,343.1,560,0,40800
FINNIFTY02JAN2421800PE.NFO,02/01/2024,09:31:32,343,342.7,480,343.55,40,0,40800
FINNIFTY02JAN2421800PE.NFO,02/01/2024,09:31:33,343,342.25,480,343.15,560,0,40800
FINNIFTY02JAN2421800PE.NFO,02/01/2024,09:31:34,343,343.75,40,344.95,120,0,40800
FINNIFTY02JAN2421800PE.NFO,02/01/2024,09:31:35,343,344.45,480,345.4,560,0,40800
FINNIFTY02JAN2421800PE.NFO,02/01/2024,09:31:36,343,344.15,480,345.05,560,0,40800
FINNIFTY02JAN2421800PE.NFO,02/01/2024,09:31:37,343,344.45,480,345.35,40,0,40800
FINNIFTY02JAN2421800PE.NFO,02/01/2024,09:31:38,343,344.6,480,345.5,720,0,40800
FINNIFTY02JAN2421800PE.NFO,02/01/2024,09:31:39,343,344.35,480,345.25,560,0,40800
FINNIFTY02JAN2421800PE.NFO,02/01/2024,09:31:40,343,344.8,560,345.75,600,0,40800
FINNIFTY02JAN2421800PE.NFO,02/01/2024,09:31:41,343,345.4,480,346.35,560,0,40800
FINNIFTY02JAN2421800PE.NFO,02/01/2024,09:31:44,343,345.3,480,346.25,560,0,40800
FINNIFTY02JAN2421800PE.NFO,02/01/2024,09:31:44,343,344.85,480,345.75,560,0,40800
FINNIFTY02JAN2421800PE.NFO,02/01/2024,09:31:45,343,344.9,40,345.75,560,0,40800
FINNIFTY02JAN2421800PE.NFO,02/01/2024,09:31:46,343,344.2,80,345.35,40,0,40800
FINNIFTY02JAN2421800PE.NFO,02/01/2024,09:31:47,343,344.35,520,345.2,600,0,40800
FINNIFTY02JAN2421800PE.NFO,02/01/2024,09:31:48,343.45,343.9,480,344.8,600,1840,40800
FINNIFTY02JAN2421800PE.NFO,02/01/2024,09:31:50,343.45,343.75,480,344.55,40,0,40800
FINNIFTY02JAN2421800PE.NFO,02/01/2024,09:31:50,343.45,343.75,480,344.6,80,0,40800
FINNIFTY02JAN2421800PE.NFO,02/01/2024,09:31:51,343.45,344,120,345.05,560,0,40800
FINNIFTY02JAN2421800PE.NFO,02/01/2024,09:31:52,343.45,344.85,80,345.9,560,0,40800
FINNIFTY02JAN2421800PE.NFO,02/01/2024,09:31:53,343.45,345.4,80,346.3,40,0,40800
FINNIFTY02JAN2421800PE.NFO,02/01/2024,09:31:54,343.45,346.5,40,347.55,560,0,40800
FINNIFTY02JAN2421800PE.NFO,02/01/2024,09:31:56,343.45,346.8,240,347.95,560,0,40800
FINNIFTY02JAN2421800PE.NFO,02/01/2024,09:31:56,343.45,347,40,348.15,600,0,40800
FINNIFTY02JAN2421800PE.NFO,02/01/2024,09:31:57,343.45,346.65,80,347.65,560,0,40800
FINNIFTY02JAN2421800PE.NFO,02/01/2024,09:31:58,343.45,345.6,120,346.65,560,0,40800
FINNIFTY02JAN2421800PE.NFO,02/01/2024,09:31:59,343.45,345.3,40,346.35,600,0,40800
FINNIFTY02JAN2421800PE.NFO,02/01/2024,09:32:01,343.45,346,120,347.05,560,0,40800
FINNIFTY02JAN2421800PE.NFO,02/01/2024,09:32:01,343.45,346.25,80,347.3,40,0,40800
FINNIFTY02JAN2421800PE.NFO,02/01/2024,09:32:02,343.45,346.2,80,347.15,560,0,40800
FINNIFTY02JAN2421800PE.NFO,02/01/2024,09:32:03,343.45,346.9,40,348,40,0,40800
FINNIFTY02JAN2421800PE.NFO,02/01/2024,09:32:04,343.45,347.95,80,349.1,560,0,40800
FINNIFTY02JAN2421800PE.NFO,02/01/2024,09:32:05,343.45,347.5,80,348.5,600,0,40800
FINNIFTY02JAN2421800PE.NFO,02/01/2024,09:32:07,343.45,348.35,80,349.3,560,0,40800
FINNIFTY02JAN2421800PE.NFO,02/01/2024,09:32:07,343.45,347.45,40,348.6,40,0,40800
FINNIFTY02JAN2421800PE.NFO,02/01/2024,09:32:08,343.45,348.5,40,349.5,600,0,40800
FINNIFTY02JAN2421800PE.NFO,02/01/2024,09:32:09,348.65,348.45,40,349.35,560,40,40800
FINNIFTY02JAN2421800PE.NFO,02/01/2024,09:32:10,348.65,347.9,80,348.9,560,0,40800
FINNIFTY02JAN2421800PE.NFO,02/01/2024,09:32:12,348.65,347.2,40,348.1,560,0,40800
FINNIFTY02JAN2421800PE.NFO,02/01/2024,09:32:12,348.65,346.6,120,347.55,560,0,40800
FINNIFTY02JAN2421800PE.NFO,02/01/2024,09:32:13,348.65,345.85,40,346.8,560,0,40800
FINNIFTY02JAN2421800PE.NFO,02/01/2024,09:32:14,348.65,347,40,347.9,560,0,40800
FINNIFTY02JAN2421800PE.NFO,02/01/2024,09:32:15,348.65,347.95,40,348.9,560,0,40800
FINNIFTY02JAN2421800PE.NFO,02/01/2024,09:32:17,348.65,348.1,120,349.05,560,0,40800
FINNIFTY02JAN2421800PE.NFO,02/01/2024,09:32:17,348.65,348.2,40,349.05,560,0,40800
FINNIFTY02JAN2421800PE.NFO,02/01/2024,09:32:18,348.65,349.8,40,350.7,40,0,40800
FINNIFTY02JAN2421800PE.NFO,02/01/2024,09:32:19,351.4,351.1,80,352.05,560,80,40800
FINNIFTY02JAN2421800PE.NFO,02/01/2024,09:32:20,351.4,350.8,80,351.65,560,0,40800
FINNIFTY02JAN2421800PE.NFO,02/01/2024,09:32:21,351.4,350.3,80,351.3,560,0,40800
FINNIFTY02JAN2421800PE.NFO,02/01/2024,09:32:22,351.4,350.1,40,351.4,40,0,40800
FINNIFTY02JAN2421800PE.NFO,02/01/2024,09:32:23,351.4,351.15,80,352.2,560,0,40800
FINNIFTY02JAN2421800PE.NFO,02/01/2024,09:32:24,351.4,351,40,352.05,560,0,40800
FINNIFTY02JAN2421800PE.NFO,02/01/2024,09:32:26,351.4,351.5,120,352.5,560,0,40800
FINNIFTY02JAN2421800PE.NFO,02/01/2024,09:32:26,351.4,350.85,40,351.85,560,0,40800
FINNIFTY02JAN2421800PE.NFO,02/01/2024,09:32:27,351.4,349.9,80,350.9,560,0,40800
FINNIFTY02JAN2421800PE.NFO,02/01/2024,09:32:28,351.4,349.3,40,350.3,560,0,40800
FINNIFTY02JAN2421800PE.NFO,02/01/2024,09:32:29,351.4,348.35,360,349.5,560,0,40800
FINNIFTY02JAN2421800PE.NFO,02/01/2024,09:32:30,349.7,348.6,40,349.45,560,80,40800
FINNIFTY02JAN2421800PE.NFO,02/01/2024,09:32:31,349.7,348.75,80,349.7,600,0,40800
FINNIFTY02JAN2421800PE.NFO,02/01/2024,09:32:32,349.7,349.05,80,350,560,0,40800
FINNIFTY02JAN2421800PE.NFO,02/01/2024,09:32:34,349.7,349.05,80,350,600,0,40800
FINNIFTY02JAN2421800PE.NFO,02/01/2024,09:32:34,349.7,348.85,80,349.75,560,0,40800
FINNIFTY02JAN2421800PE.NFO,02/01/2024,09:32:35,349.7,349.4,120,350.35,560,0,40800
FINNIFTY02JAN2421800PE.NFO,02/01/2024,09:32:36,349.7,349.85,80,350.8,80,0,40800
FINNIFTY02JAN2421800PE.NFO,02/01/2024,09:32:37,349.7,350.7,80,351.65,560,0,40800
FINNIFTY02JAN2421800PE.NFO,02/01/2024,09:32:38,349.7,351.1,80,352,600,0,40800
FINNIFTY02JAN2421800PE.NFO,02/01/2024,09:32:39,349.7,351.35,80,352.25,600,0,40800
FINNIFTY02JAN2421800PE.NFO,02/01/2024,09:32:40,349.7,351.55,80,352.5,560,0,40800
FINNIFTY02JAN2421800PE.NFO,02/01/2024,09:32:41,349.7,350.7,80,351.65,560,0,40800
FINNIFTY02JAN2421800PE.NFO,02/01/2024,09:32:42,349.7,351.05,80,352,560,0,40800
FINNIFTY02JAN2421800PE.NFO,02/01/2024,09:32:43,349.7,352.05,80,352.95,560,0,40800
FINNIFTY02JAN2421800PE.NFO,02/01/2024,09:32:44,349.7,351.2,80,352.1,560,0,40800
FINNIFTY02JAN2421800PE.NFO,02/01/2024,09:32:45,349.7,351.6,120,352.6,600,0,40800
FINNIFTY02JAN2421800PE.NFO,02/01/2024,09:32:46,349.7,351.65,80,352.55,560,0,40800
FINNIFTY02JAN2421800PE.NFO,02/01/2024,09:32:47,349.7,350.8,120,351.9,560,0,40800
FINNIFTY02JAN2421800PE.NFO,02/01/2024,09:32:48,349.7,349.6,80,350.5,560,0,40800
FINNIFTY02JAN2421800PE.NFO,02/01/2024,09:32:49,350.45,349.95,120,350.8,560,80,40800
FINNIFTY02JAN2421800PE.NFO,02/01/2024,09:32:50,350.45,348.75,120,349.7,560,0,40800
FINNIFTY02JAN2421800PE.NFO,02/01/2024,09:32:51,350.45,350.2,160,351.1,560,0,40800
FINNIFTY02JAN2421800PE.NFO,02/01/2024,09:32:52,350.45,350.15,120,351.05,560,0,40800
FINNIFTY02JAN2421800PE.NFO,02/01/2024,09:32:53,350.45,350.4,160,351.6,80,0,40800
FINNIFTY02JAN2421800PE.NFO,02/01/2024,09:32:54,350.45,349.7,120,350.65,560,0,40800
FINNIFTY02JAN2421800PE.NFO,02/01/2024,09:32:55,350.45,349.95,120,350.85,560,0,40800
FINNIFTY02JAN2421800PE.NFO,02/01/2024,09:32:56,350.45,350.3,120,351.2,600,0,40800
FINNIFTY02JAN2421800PE.NFO,02/01/2024,09:32:57,350.45,350.1,120,351,80,0,40800
FINNIFTY02JAN2421800PE.NFO,02/01/2024,09:32:58,350.45,349.95,120,350.85,40,0,40800
FINNIFTY02JAN2421800PE.NFO,02/01/2024,09:32:59,350.45,348.6,120,349.55,560,0,40800
FINNIFTY02JAN2421800PE.NFO,02/01/2024,09:33:00,350.45,348.4,120,349.25,560,0,40800
FINNIFTY02JAN2421800PE.NFO,02/01/2024,09:33:01,350.45,348.2,120,349.25,560,0,40800
FINNIFTY02JAN2421800PE.NFO,02/01/2024,09:33:02,350.45,348,120,348.9,560,0,40800
FINNIFTY02JAN2421800PE.NFO,02/01/2024,09:33:03,350.45,348.2,120,349.1,560,0,40800
FINNIFTY02JAN2421800PE.NFO,02/01/2024,09:33:04,350.45,348.45,120,349.3,560,0,40800
FINNIFTY02JAN2421800PE.NFO,02/01/2024,09:33:05,350.45,348.4,160,349.3,560,0,40800
FINNIFTY02JAN2421800PE.NFO,02/01/2024,09:33:07,350.45,348.5,120,349.45,560,0,40800
FINNIFTY02JAN2421800PE.NFO,02/01/2024,09:33:08,350.45,349.3,80,350.1,560,0,40800
FINNIFTY02JAN2421800PE.NFO,02/01/2024,09:33:08,350.45,348.9,120,349.8,40,0,40800
FINNIFTY02JAN2421800PE.NFO,02/01/2024,09:33:09,350.45,348.7,120,349.6,600,0,40800
FINNIFTY02JAN2421800PE.NFO,02/01/2024,09:33:10,350.45,349,120,349.85,560,0,40800
FINNIFTY02JAN2421800PE.NFO,02/01/2024,09:33:12,350.45,349.4,120,350.25,560,0,40800
FINNIFTY02JAN2421800PE.NFO,02/01/2024,09:33:13,350.45,349.95,120,350.8,560,0,40800
FINNIFTY02JAN2421800PE.NFO,02/01/2024,09:33:13,350.45,349.8,120,350.7,560,0,40800
FINNIFTY02JAN2421800PE.NFO,02/01/2024,09:33:14,350.45,351,120,351.8,40,0,40800
FINNIFTY02JAN2421800PE.NFO,02/01/2024,09:33:15,350.45,352.3,120,353.2,600,0,40800
FINNIFTY02JAN2421800PE.NFO,02/01/2024,09:33:17,350.45,352.4,80,353.5,80,0,40800
FINNIFTY02JAN2421800PE.NFO,02/01/2024,09:33:18,350.45,352,160,352.9,560,0,40800
FINNIFTY02JAN2421800PE.NFO,02/01/2024,09:33:18,350.45,351.3,40,352.35,560,0,40800
FINNIFTY02JAN2421800PE.NFO,02/01/2024,09:33:19,350.45,350.4,40,351.3,560,0,40800
FINNIFTY02JAN2421800PE.NFO,02/01/2024,09:33:20,350.45,351.7,120,352.65,560,0,40800
FINNIFTY02JAN2421800PE.NFO,02/01/2024,09:33:21,350.45,351.15,160,352.1,560,0,40800
FINNIFTY02JAN2421800PE.NFO,02/01/2024,09:33:23,350.45,351.85,120,352.75,560,0,40800
FINNIFTY02JAN2421800PE.NFO,02/01/2024,09:33:24,350.45,352.4,120,353.3,560,0,40800
FINNIFTY02JAN2421800PE.NFO,02/01/2024,09:33:24,350.45,352.55,120,353.5,600,0,40800
FINNIFTY02JAN2421800PE.NFO,02/01/2024,09:33:25,350.45,353.9,120,354.6,40,0,40800
FINNIFTY02JAN2421800PE.NFO,02/01/2024,09:33:26,350.45,353.1,40,354.25,560,0,40800
FINNIFTY02JAN2421800PE.NFO,02/01/2024,09:33:28,350.45,353.55,80,354.45,560,0,40800
FINNIFTY02JAN2421800PE.NFO,02/01/2024,09:33:29,350.45,353.4,120,354.25,560,0,40800
FINNIFTY02JAN2421800PE.NFO,02/01/2024,09:33:29,350.45,353.35,80,354.2,560,0,40800
FINNIFTY02JAN2421800PE.NFO,02/01/2024,09:33:30,350.45,352.25,80,353.1,560,0,40800
FINNIFTY02JAN2421800PE.NFO,02/01/2024,09:33:31,350.45,352.05,120,353,600,0,40800
FINNIFTY02JAN2421800PE.NFO,02/01/2024,09:33:33,350.45,350.8,80,351.65,560,0,40800
FINNIFTY02JAN2421800PE.NFO,02/01/2024,09:33:34,350.45,351.4,160,352.35,560,0,40800
FINNIFTY02JAN2421800PE.NFO,02/01/2024,09:33:34,350.45,351.65,120,352.55,560,0,40800
FINNIFTY02JAN2421800PE.NFO,02/01/2024,09:33:35,350.45,352.15,120,353.05,560,0,40800
FINNIFTY02JAN2421800PE.NFO,02/01/2024,09:33:36,350.45,351.85,120,352.75,560,0,40800
FINNIFTY02JAN2421800PE.NFO,02/01/2024,09:33:38,350.45,349.9,120,350.8,640,0,40800
FINNIFTY02JAN2421800PE.NFO,02/01/2024,09:33:39,350.8,351.15,120,352.05,560,40,40800
FINNIFTY02JAN2421800PE.NFO,02/01/2024,09:33:39,350.8,350.95,120,351.8,40,0,40800
FINNIFTY02JAN2421800PE.NFO,02/01/2024,09:33:40,350.8,351.3,120,352.2,600,0,40800
FINNIFTY02JAN2421800PE.NFO,02/01/2024,09:33:41,350.8,351,160,351.9,560,0,40800
FINNIFTY02JAN2421800PE.NFO,02/01/2024,09:33:43,350.8,349.6,160,350.45,560,0,40800
FINNIFTY02JAN2421800PE.NFO,02/01/2024,09:33:44,350.8,349.6,160,350.5,600,0,40800
FINNIFTY02JAN2421800PE.NFO,02/01/2024,09:33:44,350.8,349.25,120,350.15,560,0,40800
FINNIFTY02JAN2421800PE.NFO,02/01/2024,09:33:45,350.8,348.65,120,349.55,560,0,40800
FINNIFTY02JAN2421800PE.NFO,02/01/2024,09:33:46,350.8,349.85,120,350.7,560,0,40800
FINNIFTY02JAN2421800PE.NFO,02/01/2024,09:33:47,350.8,349.45,120,350.35,560,0,40800
FINNIFTY02JAN2421800PE.NFO,02/01/2024,09:33:48,350.8,349.2,80,349.95,560,0,40800
FINNIFTY02JAN2421800PE.NFO,02/01/2024,09:33:50,350.8,347.95,120,348.9,600,0,40800
FINNIFTY02JAN2421800PE.NFO,02/01/2024,09:33:51,350.8,346.2,240,347.25,560,0,40800
FINNIFTY02JAN2421800PE.NFO,02/01/2024,09:33:52,350.8,346.35,120,347.2,80,0,40800
FINNIFTY02JAN2421800PE.NFO,02/01/2024,09:33:53,350.8,344.8,40,345.95,80,0,40800
FINNIFTY02JAN2421800PE.NFO,02/01/2024,09:33:54,350.8,345.1,120,346,600,0,40800
FINNIFTY02JAN2421800PE.NFO,02/01/2024,09:33:55,350.8,345.1,120,346.1,560,0,40800
FINNIFTY02JAN2421800PE.NFO,02/01/2024,09:33:56,350.8,345.3,120,346.2,680,0,40800
FINNIFTY02JAN2421800PE.NFO,02/01/2024,09:33:57,350.8,345.55,120,346.45,680,0,40800
FINNIFTY02JAN2421800PE.NFO,02/01/2024,09:33:58,350.8,345.35,120,346.3,560,0,40800
FINNIFTY02JAN2421800PE.NFO,02/01/2024,09:33:59,350.8,345.4,160,346.3,560,0,40800
FINNIFTY02JAN2421800PE.NFO,02/01/2024,09:34:00,350.8,346.6,80,347.6,40,0,40800
FINNIFTY02JAN2421800PE.NFO,02/01/2024,09:34:01,350.8,345.75,120,346.65,600,0,40800
FINNIFTY02JAN2421800PE.NFO,02/01/2024,09:34:02,350.8,347.1,120,348,560,0,40800
FINNIFTY02JAN2421800PE.NFO,02/01/2024,09:34:03,350.8,347.5,120,348.45,560,0,40800
FINNIFTY02JAN2421800PE.NFO,02/01/2024,09:34:05,350.8,347.65,120,348.45,40,0,40800
FINNIFTY02JAN2421800PE.NFO,02/01/2024,09:34:06,350.8,348.05,120,348.9,40,0,40800
FINNIFTY02JAN2421800PE.NFO,02/01/2024,09:34:08,350.8,348.55,120,349.45,560,0,40800
FINNIFTY02JAN2421800PE.NFO,02/01/2024,09:34:08,350.8,348.85,120,349.7,40,0,40800
FINNIFTY02JAN2421800PE.NFO,02/01/2024,09:34:09,350.8,348.5,120,349.35,40,0,40800
FINNIFTY02JAN2421800PE.NFO,02/01/2024,09:34:10,350.8,348.75,120,349.65,40,0,40800
FINNIFTY02JAN2421800PE.NFO,02/01/2024,09:34:12,350.8,348.85,120,349.75,560,0,40800
FINNIFTY02JAN2421800PE.NFO,02/01/2024,09:34:13,350.8,348.8,120,349.6,40,0,40800
FINNIFTY02JAN2421800PE.NFO,02/01/2024,09:34:13,350.8,348.75,120,349.65,560,0,40800
FINNIFTY02JAN2421800PE.NFO,02/01/2024,09:34:14,350.8,348.4,120,349.15,40,0,40800
FINNIFTY02JAN2421800PE.NFO,02/01/2024,09:34:15,350.8,348.6,160,349.5,560,0,40800
FINNIFTY02JAN2421800PE.NFO,02/01/2024,09:34:16,350.8,348.8,160,349.7,560,0,40800
FINNIFTY02JAN2421800PE.NFO,02/01/2024,09:34:18,350.8,348.85,120,349.7,560,0,40800
FINNIFTY02JAN2421800PE.NFO,02/01/2024,09:34:19,350.8,350.3,120,351.15,600,0,40800
FINNIFTY02JAN2421800PE.NFO,02/01/2024,09:34:19,350.8,350.15,120,351.05,560,0,40800
FINNIFTY02JAN2421800PE.NFO,02/01/2024,09:34:20,350.8,349.5,120,350.35,560,0,40800
FINNIFTY02JAN2421800PE.NFO,02/01/2024,09:34:21,350.8,350.75,120,351.6,40,0,40800
FINNIFTY02JAN2421800PE.NFO,02/01/2024,09:34:23,350.8,351.05,80,352.05,40,0,40800
FINNIFTY02JAN2421800PE.NFO,02/01/2024,09:34:24,350.8,352.55,200,353.5,640,0,40800
FINNIFTY02JAN2421800PE.NFO,02/01/2024,09:34:24,350.8,352.8,160,353.7,40,0,40800
FINNIFTY02JAN2421800PE.NFO,02/01/2024,09:34:25,353.85,353.2,240,354.1,560,200,40800
FINNIFTY02JAN2421800PE.NFO,02/01/2024,09:34:26,353.85,353.4,280,354.2,40,0,40800
FINNIFTY02JAN2421800PE.NFO,02/01/2024,09:34:27,353.85,352.45,240,353.35,560,0,40800
FINNIFTY02JAN2421800PE.NFO,02/01/2024,09:34:28,353.85,352.2,280,353.1,560,0,40800
FINNIFTY02JAN2421800PE.NFO,02/01/2024,09:34:30,353.85,353.45,240,354.35,560,0,40800
FINNIFTY02JAN2421800PE.NFO,02/01/2024,09:34:30,353.85,353.35,240,354.2,560,0,40800
FINNIFTY02JAN2421800PE.NFO,02/01/2024,09:34:31,353.85,352.8,280,353.65,560,0,40800
FINNIFTY02JAN2421800PE.NFO,02/01/2024,09:34:32,353.85,352.15,240,353.05,560,0,40800
FINNIFTY02JAN2421800PE.NFO,02/01/2024,09:34:34,353.85,351.9,240,352.75,640,0,40800
FINNIFTY02JAN2421800PE.NFO,02/01/2024,09:34:34,353.85,351.55,240,352.45,560,0,40800
FINNIFTY02JAN2421800PE.NFO,02/01/2024,09:34:35,353.85,351.9,240,352.8,640,0,40800
FINNIFTY02JAN2421800PE.NFO,02/01/2024,09:34:36,353.85,351.7,120,352.55,560,0,40800
FINNIFTY02JAN2421800PE.NFO,02/01/2024,09:34:37,353.85,351.8,280,352.7,600,0,40800
FINNIFTY02JAN2421800PE.NFO,02/01/2024,09:34:38,353.85,352.2,280,353.1,560,0,40800
FINNIFTY02JAN2421800PE.NFO,02/01/2024,09:34:39,352.35,352.2,40,353.25,560,440,40800
FINNIFTY02JAN2421800PE.NFO,02/01/2024,09:34:40,352.35,351.5,160,352.5,560,0,40800
FINNIFTY02JAN2421800PE.NFO,02/01/2024,09:34:41,352.35,350.6,40,351.55,560,0,40800
FINNIFTY02JAN2421800PE.NFO,02/01/2024,09:34:42,352.35,349.7,120,350.75,600,0,40800
FINNIFTY02JAN2421800PE.NFO,02/01/2024,09:34:43,352.35,350,120,351.05,560,0,40800
FINNIFTY02JAN2421800PE.NFO,02/01/2024,09:34:44,352.35,350.3,120,351.3,560,0,40800
FINNIFTY02JAN2421800PE.NFO,02/01/2024,09:34:45,352.35,350.35,120,351.35,560,0,40800
FINNIFTY02JAN2421800PE.NFO,02/01/2024,09:34:46,352.35,350.2,80,351.2,600,0,40800
FINNIFTY02JAN2421800PE.NFO,02/01/2024,09:34:48,352.35,350.25,80,351.25,600,0,40800
FINNIFTY02JAN2421800PE.NFO,02/01/2024,09:34:49,352.35,350.6,40,351.55,80,0,40800
FINNIFTY02JAN2421800PE.NFO,02/01/2024,09:34:50,352.35,350.6,40,351.6,680,0,40800
FINNIFTY02JAN2421800PE.NFO,02/01/2024,09:34:51,352.35,350.8,40,351.85,600,0,40800
FINNIFTY02JAN2421800PE.NFO,02/01/2024,09:34:52,352.35,351.5,80,352.45,560,0,40800
FINNIFTY02JAN2421800PE.NFO,02/01/2024,09:34:53,352.35,351.8,80,352.85,600,0,40800
FINNIFTY02JAN2421800PE.NFO,02/01/2024,09:34:54,352.35,352.3,80,353.25,560,0,40800
FINNIFTY02JAN2421800PE.NFO,02/01/2024,09:34:55,352.35,351.95,80,352.9,560,0,40800
FINNIFTY02JAN2421800PE.NFO,02/01/2024,09:34:55,352.35,351.8,120,352.8,600,0,40800
FINNIFTY02JAN2421800PE.NFO,02/01/2024,09:34:56,352.35,352.2,120,353.2,640,0,40800
FINNIFTY02JAN2421800PE.NFO,02/01/2024,09:34:57,352.35,350.9,40,351.75,560,0,40800
FINNIFTY02JAN2421800PE.NFO,02/01/2024,09:34:58,352.35,350.1,320,351.15,600,0,40800
FINNIFTY02JAN2421800PE.NFO,02/01/2024,09:34:59,352.35,349.4,40,350.55,560,0,40800
FINNIFTY02JAN2421800PE.NFO,02/01/2024,09:35:00,352.35,348,40,349.25,40,0,40800
FINNIFTY02JAN2421800PE.NFO,02/01/2024,09:35:01,352.35,348.15,40,349.2,80,0,40800
FINNIFTY02JAN2421800PE.NFO,02/01/2024,09:35:02,352.35,348.65,120,349.75,680,0,40800
FINNIFTY02JAN2421800PE.NFO,02/01/2024,09:35:03,352.35,347.85,80,348.9,560,0,40800
FINNIFTY02JAN2421800PE.NFO,02/01/2024,09:35:04,352.35,346.65,40,347.7,560,0,40800
FINNIFTY02JAN2421800PE.NFO,02/01/2024,09:35:05,352.35,347.8,40,349,680,0,40800
FINNIFTY02JAN2421800PE.NFO,02/01/2024,09:35:06,352.35,347.9,80,348.95,600,0,40800
FINNIFTY02JAN2421800PE.NFO,02/01/2024,09:35:07,352.35,347.5,80,348.5,640,0,40800
FINNIFTY02JAN2421800PE.NFO,02/01/2024,09:35:09,352.35,348.2,200,349.2,40,0,40800
FINNIFTY02JAN2421800PE.NFO,02/01/2024,09:35:10,352.35,348.3,40,349.3,40,0,40800
FINNIFTY02JAN2421800PE.NFO,02/01/2024,09:35:10,352.35,348.95,160,350,40,0,40800
FINNIFTY02JAN2421800PE.NFO,02/01/2024,09:35:11,352.35,349.85,280,350.9,40,0,40800
FINNIFTY02JAN2421800PE.NFO,02/01/2024,09:35:12,352.35,350.1,40,351.1,560,0,40800
FINNIFTY02JAN2421800PE.NFO,02/01/2024,09:35:13,352.35,349.55,120,350.5,40,0,40800
FINNIFTY02JAN2421800PE.NFO,02/01/2024,09:35:14,352.35,349.35,40,350.35,560,0,40800
FINNIFTY02JAN2421800PE.NFO,02/01/2024,09:35:15,352.35,349.7,80,350.7,40,0,40800
FINNIFTY02JAN2421800PE.NFO,02/01/2024,09:35:16,352.35,349.55,40,350.7,560,0,40800
FINNIFTY02JAN2421800PE.NFO,02/01/2024,09:35:18,352.35,348.8,160,349.75,40,0,40800
FINNIFTY02JAN2421800PE.NFO,02/01/2024,09:35:18,352.35,348.7,120,349.7,560,0,40800
FINNIFTY02JAN2421800PE.NFO,02/01/2024,09:35:19,352.35,348.2,80,349.15,560,0,40800
FINNIFTY02JAN2421800PE.NFO,02/01/2024,09:35:20,352.35,346.85,120,347.95,600,0,40800
FINNIFTY02JAN2421800PE.NFO,02/01/2024,09:35:21,352.35,347,120,348.15,80,0,40800
FINNIFTY02JAN2421800PE.NFO,02/01/2024,09:35:22,352.35,347.95,80,348.9,640,0,40800
FINNIFTY02JAN2421800PE.NFO,02/01/2024,09:35:24,352.35,348.3,120,349.3,80,0,40800
FINNIFTY02JAN2421800PE.NFO,02/01/2024,09:35:25,352.35,347.8,40,348.7,600,0,40800
FINNIFTY02JAN2421800PE.NFO,02/01/2024,09:35:26,347.9,347.8,120,348.8,40,40,40800
FINNIFTY02JAN2421800PE.NFO,02/01/2024,09:35:27,347.9,347.75,40,348.7,560,0,40800
FINNIFTY02JAN2421800PE.NFO,02/01/2024,09:35:28,347.9,348.4,40,349.4,600,0,40800
FINNIFTY02JAN2421800PE.NFO,02/01/2024,09:35:29,347.9,348.3,80,349.2,120,0,40800
