Ticker,Date,Time,LTP,BuyPrice,BuyQty,SellPrice,SellQty,LTQ,OpenInterest
FINNIFTY02JAN2420400CE.NFO,02/01/2024,09:57:25,895.25,875.2,120,896.3,480,1920,0
FINNIFTY02JAN2420400CE.NFO,02/01/2024,09:57:25,895.25,875.2,120,896.3,480,0,0
FINNIFTY02JAN2420400CE.NFO,02/01/2024,09:57:25,895.25,875.2,120,896.3,480,0,0
FINNIFTY02JAN2420400CE.NFO,02/01/2024,09:57:25,892.5,875.2,120,896.3,480,0,0
FINNIFTY02JAN2420400CE.NFO,02/01/2024,09:57:38,895.25,904.25,120,910.95,200,0,0
FINNIFTY02JAN2420400CE.NFO,02/01/2024,09:57:50,895.25,908.05,440,917.7,120,0,0
FINNIFTY02JAN2420400CE.NFO,02/01/2024,09:58:01,895.25,914,240,922.05,120,0,0
FINNIFTY02JAN2420400CE.NFO,02/01/2024,09:58:13,895.25,893.2,280,907.75,240,0,0
FINNIFTY02JAN2420400CE.NFO,02/01/2024,09:58:25,895.25,887.65,40,896.9,360,0,0
FINNIFTY02JAN2420400CE.NFO,02/01/2024,09:58:31,895.25,878.55,40,892.25,120,0,0
FINNIFTY02JAN2420400CE.NFO,02/01/2024,09:58:33,895.25,880.7,160,896.1,400,0,0
FINNIFTY02JAN2420400CE.NFO,02/01/2024,09:58:34,895.25,885.15,120,899.1,120,0,0
FINNIFTY02JAN2420400CE.NFO,02/01/2024,09:58:36,895.25,887.55,160,901.8,160,0,0
FINNIFTY02JAN2420400CE.NFO,02/01/2024,09:58:38,895.25,889.65,600,902.85,200,0,0
FINNIFTY02JAN2420400CE.NFO,02/01/2024,09:58:39,895.25,892,40,902.65,40,0,0
FINNIFTY02JAN2420400CE.NFO,02/01/2024,09:58:41,895.25,894.1,120,906.4,120,0,0
FINNIFTY02JAN2420400CE.NFO,02/01/2024,09:58:42,895.25,899.4,240,910.45,200,0,0
FINNIFTY02JAN2420400CE.NFO,02/01/2024,09:58:44,895.25,901.9,120,907.8,120,0,0
FINNIFTY02JAN2420400CE.NFO,02/01/2024,09:58:46,895.25,888.7,200,901.55,320,0,0
FINNIFTY02JAN2420400CE.NFO,02/01/2024,09:58:47,895.25,890.55,440,904.35,200,0,0
FINNIFTY02JAN2420400CE.NFO,02/01/2024,09:58:49,895.25,892.7,360,905.95,240,0,0
FINNIFTY02JAN2420400CE.NFO,02/01/2024,09:58:51,895.25,895.25,600,905.85,600,0,0
FINNIFTY02JAN2420400CE.NFO,02/01/2024,09:58:52,895.25,897.35,240,910.5,240,0,0
FINNIFTY02JAN2420400CE.NFO,02/01/2024,09:58:54,895.25,899.8,480,911.75,120,0,0
FINNIFTY02JAN2420400CE.NFO,02/01/2024,09:58:56,895.25,902.1,40,914.8,40,0,0
FINNIFTY02JAN2420400CE.NFO,02/01/2024,09:58:57,895.25,904.45,320,914.1,440,0,0
FINNIFTY02JAN2420400CE.NFO,02/01/2024,09:58:59,895.25,905.95,120,914.45,120,0,0
FINNIFTY02JAN2420400CE.NFO,02/01/2024,09:59:01,895.25,906.5,320,911.2,240,0,0
FINNIFTY02JAN2420400CE.NFO,02/01/2024,09:59:02,895.25,907.55,120,913.35,200,0,0
FINNIFTY02JAN2420400CE.NFO,02/01/2024,09:59:04,895.25,906.7,320,916.6,40,0,0
FINNIFTY02JAN2420400CE.NFO,02/01/2024,09:59:06,895.25,890.75,360,913.8,360,0,0
FINNIFTY02JAN2420400CE.NFO,02/01/2024,09:59:07,895.25,893.45,480,911.65,40,0,0
FINNIFTY02JAN2420400CE.NFO,02/01/2024,09:59:09,895.25,897.05,160,909.15,720,0,0
FINNIFTY02JAN2420400CE.NFO,02/01/2024,09:59:11,895.25,899.05,200,906.75,240,0,0
FINNIFTY02JAN2420400CE.NFO,02/01/2024,09:59:12,895.25,894.4,200,901.3,240,0,0
FINNIFTY02JAN2420400CE.NFO,02/01/2024,09:59:14,895.25,889,240,899.15,200,0,0
FINNIFTY02JAN2420400CE.NFO,02/01/2024,09:59:16,895.25,892.5,240,901.7,320,0,0
FINNIFTY02JAN2420400CE.NFO,02/01/2024,09:59:17,895.25,894.75,120,903.75,200,0,0
FINNIFTY02JAN2420400CE.NFO,02/01/2024,09:59:19,895.25,895,40,901.45,40,0,0
FINNIFTY02JAN2420400CE.NFO,02/01/2024,09:59:21,895.25,896.5,200,902.2,240,0,0
FINNIFTY02JAN2420400CE.NFO,02/01/2024,09:59:22,895.25,894.55,120,900.7,240,0,0
FINNIFTY02JAN2420400CE.NFO,02/01/2024,09:59:24,895.25,895.1,120,898.15,160,0,0
FINNIFTY02JAN2420400CE.NFO,02/01/2024,09:59:26,895.25,879.8,360,895.45,200,0,0
FINNIFTY02JAN2420400CE.NFO,02/01/2024,09:59:27,895.25,881.9,200,896.4,200,0,0
FINNIFTY02JAN2420400CE.NFO,02/01/2024,09:59:29,895.25,883.75,240,898.55,240,0,0
FINNIFTY02JAN2420400CE.NFO,02/01/2024,09:59:30,895.25,885.7,120,897.85,200,0,0
FINNIFTY02JAN2420400CE.NFO,02/01/2024,09:59:32,895.25,888.5,120,899.6,120,0,0
FINNIFTY02JAN2420400CE.NFO,02/01/2024,09:59:34,895.25,892.45,200,901.35,240,0,0
FINNIFTY02JAN2420400CE.NFO,02/01/2024,09:59:35,895.25,895.35,120,904.8,40,0,0
FINNIFTY02JAN2420400CE.NFO,02/01/2024,09:59:37,895.25,897.65,200,903.8,200,0,0
FINNIFTY02JAN2420400CE.NFO,02/01/2024,09:59:39,895.25,899.75,200,910.05,320,0,0
FINNIFTY02JAN2420400CE.NFO,02/01/2024,09:59:40,895.25,902,280,912.9,280,0,0
FINNIFTY02JAN2420400CE.NFO,02/01/2024,09:59:42,895.25,904.75,240,911.95,120,0,0
FINNIFTY02JAN2420400CE.NFO,02/01/2024,09:59:44,895.25,907.2,80,915.3,40,0,0
FINNIFTY02JAN2420400CE.NFO,02/01/2024,09:59:45,895.25,909.25,120,918.8,120,0,0
FINNIFTY02JAN2420400CE.NFO,02/01/2024,09:59:47,895.25,911.55,480,917.7,280,0,0
FINNIFTY02JAN2420400CE.NFO,02/01/2024,09:59:49,895.25,909.65,240,915.6,120,0,0
FINNIFTY02JAN2420400CE.NFO,02/01/2024,09:59:50,895.25,911.45,120,920.75,360,0,0
FINNIFTY02JAN2420400CE.NFO,02/01/2024,09:59:52,895.25,909.95,400,916.85,120,0,0
FINNIFTY02JAN2420400CE.NFO,02/01/2024,09:59:54,895.25,911.85,240,917.3,200,0,0
FINNIFTY02JAN2420400CE.NFO,02/01/2024,09:59:55,895.25,910.7,200,915.55,40,0,0
FINNIFTY02JAN2420400CE.NFO,02/01/2024,09:59:57,895.25,902.4,240,911.75,160,0,0
FINNIFTY02JAN2420400CE.NFO,02/01/2024,09:59:59,895.25,905.3,120,912.75,120,0,0
FINNIFTY02JAN2420400CE.NFO,02/01/2024,10:00:00,895.25,907.45,120,912.6,360,0,0
FINNIFTY02JAN2420400CE.NFO,02/01/2024,10:00:02,895.25,902.75,360,911.15,40,0,0
FINNIFTY02JAN2420400CE.NFO,02/01/2024,10:00:03,895.25,904.55,200,913.4,880,0,0
FINNIFTY02JAN2420400CE.NFO,02/01/2024,10:00:05,895.25,906.45,200,911.35,200,0,0
FINNIFTY02JAN2420400CE.NFO,02/01/2024,10:00:07,895.25,904.9,80,909.1,240,0,0
FINNIFTY02JAN2420400CE.NFO,02/01/2024,10:00:08,895.25,905.35,80,909.55,40,0,0
FINNIFTY02JAN2420400CE.NFO,02/01/2024,10:00:10,895.25,900.75,240,913.05,240,0,0
FINNIFTY02JAN2420400CE.NFO,02/01/2024,10:00:12,895.25,903.2,200,909.9,200,0,0
FINNIFTY02JAN2420400CE.NFO,02/01/2024,10:00:13,895.25,904.1,80,907.7,80,0,0
FINNIFTY02JAN2420400CE.NFO,02/01/2024,10:00:15,895.25,905,80,910.15,200,0,0
FINNIFTY02JAN2420400CE.NFO,02/01/2024,10:00:16,895.25,905.6,120,909.5,160,0,0
FINNIFTY02JAN2420400CE.NFO,02/01/2024,10:00:18,895.25,906.05,80,909.6,200,0,0
FINNIFTY02JAN2420400CE.NFO,02/01/2024,10:00:20,895.25,907.95,120,915.4,3520,0,0
FINNIFTY02JAN2420400CE.NFO,02/01/2024,10:00:21,895.25,910.1,240,923.5,1480,0,0
FINNIFTY02JAN2420400CE.NFO,02/01/2024,10:00:23,895.25,912.1,240,923.25,40,0,0
FINNIFTY02JAN2420400CE.NFO,02/01/2024,10:00:25,895.25,914.2,1120,922.2,1160,0,0
FINNIFTY02JAN2420400CE.NFO,02/01/2024,10:00:26,895.25,916.45,480,924.35,680,0,0
FINNIFTY02JAN2420400CE.NFO,02/01/2024,10:00:28,895.25,919.1,400,930.6,40,0,0
FINNIFTY02JAN2420400CE.NFO,02/01/2024,10:00:31,895.25,919.5,160,926.65,40,0,0
FINNIFTY02JAN2420400CE.NFO,02/01/2024,10:00:33,895.25,918.7,40,923,200,0,0
FINNIFTY02JAN2420400CE.NFO,02/01/2024,10:00:35,895.25,912,400,921.7,440,0,0
FINNIFTY02JAN2420400CE.NFO,02/01/2024,10:00:36,895.25,916.9,80,924,240,0,0
FINNIFTY02JAN2420400CE.NFO,02/01/2024,10:00:38,895.25,915.25,160,920.6,200,0,0
FINNIFTY02JAN2420400CE.NFO,02/01/2024,10:00:39,895.25,912.35,240,918.95,200,0,0
FINNIFTY02JAN2420400CE.NFO,02/01/2024,10:00:41,895.25,909.75,40,917.15,40,0,0
FINNIFTY02JAN2420400CE.NFO,02/01/2024,10:00:43,895.25,913.7,200,919.65,200,0,0
FINNIFTY02JAN2420400CE.NFO,02/01/2024,10:00:44,895.25,906.05,1320,918.5,40,0,0
FINNIFTY02JAN2420400CE.NFO,02/01/2024,10:00:46,895.25,905.15,240,910.4,200,0,0
FINNIFTY02JAN2420400CE.NFO,02/01/2024,10:00:48,895.25,906.8,80,911.75,400,0,0
FINNIFTY02JAN2420400CE.NFO,02/01/2024,10:00:49,895.25,906.65,200,912.3,120,0,0
FINNIFTY02JAN2420400CE.NFO,02/01/2024,10:00:51,895.25,905.25,80,910.35,240,0,0
FINNIFTY02JAN2420400CE.NFO,02/01/2024,10:00:53,895.25,900.25,200,909.85,440,0,0
FINNIFTY02JAN2420400CE.NFO,02/01/2024,10:00:54,895.25,902.45,200,911.6,200,0,0
FINNIFTY02JAN2420400CE.NFO,02/01/2024,10:00:56,895.25,904.85,200,913.95,400,0,0
FINNIFTY02JAN2420400CE.NFO,02/01/2024,10:00:57,895.25,906.85,200,911.6,160,0,0
FINNIFTY02JAN2420400CE.NFO,02/01/2024,10:00:59,895.25,905.55,40,910.05,120,0,0
FINNIFTY02JAN2420400CE.NFO,02/01/2024,10:01:01,895.25,901.5,200,912.5,200,0,0
FINNIFTY02JAN2420400CE.NFO,02/01/2024,10:01:02,895.25,903.8,40,910.25,120,0,0
FINNIFTY02JAN2420400CE.NFO,02/01/2024,10:01:04,895.25,906,480,912.2,200,0,0
FINNIFTY02JAN2420400CE.NFO,02/01/2024,10:01:06,895.25,907.3,120,912.95,120,0,0
FINNIFTY02JAN2420400CE.NFO,02/01/2024,10:01:07,895.25,908.4,120,915.65,1200,0,0
FINNIFTY02JAN2420400CE.NFO,02/01/2024,10:01:09,895.25,910.75,320,916.95,360,0,0
FINNIFTY02JAN2420400CE.NFO,02/01/2024,10:01:11,895.25,907.2,200,916.8,200,0,0
FINNIFTY02JAN2420400CE.NFO,02/01/2024,10:01:12,895.25,910.3,40,914.55,200,0,0
FINNIFTY02JAN2420400CE.NFO,02/01/2024,10:01:14,895.25,912.6,360,918,200,0,0
FINNIFTY02JAN2420400CE.NFO,02/01/2024,10:01:15,895.25,910.6,120,916.45,120,0,0
FINNIFTY02JAN2420400CE.NFO,02/01/2024,10:01:17,895.25,912.6,40,919,200,0,0
FINNIFTY02JAN2420400CE.NFO,02/01/2024,10:01:19,895.25,915.1,120,922.85,120,0,0
FINNIFTY02JAN2420400CE.NFO,02/01/2024,10:01:20,895.25,917.1,240,928.4,520,0,0
FINNIFTY02JAN2420400CE.NFO,02/01/2024,10:01:22,895.25,919.3,160,924.75,120,0,0
FINNIFTY02JAN2420400CE.NFO,02/01/2024,10:01:24,895.25,921.2,120,927.6,120,0,0
FINNIFTY02JAN2420400CE.NFO,02/01/2024,10:01:25,895.25,923.7,120,932.1,40,0,0
FINNIFTY02JAN2420400CE.NFO,02/01/2024,10:01:27,895.25,924.85,480,929.75,320,0,0
FINNIFTY02JAN2420400CE.NFO,02/01/2024,10:01:29,895.25,922.2,120,931.3,120,0,0
FINNIFTY02JAN2420400CE.NFO,02/01/2024,10:01:30,895.25,922.9,40,928.5,120,0,0
FINNIFTY02JAN2420400CE.NFO,02/01/2024,10:01:32,895.25,922.2,360,926.95,360,0,0
FINNIFTY02JAN2420400CE.NFO,02/01/2024,10:01:33,895.25,911.25,120,926.2,120,0,0
FINNIFTY02JAN2420400CE.NFO,02/01/2024,10:01:35,895.25,914.7,120,924.55,120,0,0
FINNIFTY02JAN2420400CE.NFO,02/01/2024,10:01:37,895.25,917.85,120,927.25,200,0,0
FINNIFTY02JAN2420400CE.NFO,02/01/2024,10:01:38,895.25,920.9,200,927.35,280,0,0
FINNIFTY02JAN2420400CE.NFO,02/01/2024,10:01:40,895.25,921.95,160,927.05,160,0,0
FINNIFTY02JAN2420400CE.NFO,02/01/2024,10:01:42,895.25,923.15,200,929.05,120,0,0
FINNIFTY02JAN2420400CE.NFO,02/01/2024,10:01:43,895.25,923.9,200,928.45,120,0,0
FINNIFTY02JAN2420400CE.NFO,02/01/2024,10:01:45,895.25,923.45,120,928.3,200,0,0
FINNIFTY02JAN2420400CE.NFO,02/01/2024,10:01:47,895.25,925,200,931.9,320,0,0
FINNIFTY02JAN2420400CE.NFO,02/01/2024,10:01:48,895.25,928.1,120,934.35,280,0,0
FINNIFTY02JAN2420400CE.NFO,02/01/2024,10:01:50,895.25,898.15,4240,931.95,120,0,0
FINNIFTY02JAN2420400CE.NFO,02/01/2024,10:01:52,895.25,906.55,120,931.3,2080,0,0
FINNIFTY02JAN2420400CE.NFO,02/01/2024,10:01:53,895.25,909.9,120,931.2,120,0,0
FINNIFTY02JAN2420400CE.NFO,02/01/2024,10:01:55,895.25,914.2,200,929.4,200,0,0
FINNIFTY02JAN2420400CE.NFO,02/01/2024,10:01:57,895.25,920.75,120,928.7,680,0,0
FINNIFTY02JAN2420400CE.NFO,02/01/2024,10:01:58,895.25,923,360,927.15,520,0,0
FINNIFTY02JAN2420400CE.NFO,02/01/2024,10:02:00,895.25,922.2,160,926.6,2480,0,0
FINNIFTY02JAN2420400CE.NFO,02/01/2024,10:02:02,895.25,921.95,160,926.5,40,0,0
FINNIFTY02JAN2420400CE.NFO,02/01/2024,10:02:03,895.25,925.15,240,929.35,160,0,0
FINNIFTY02JAN2420400CE.NFO,02/01/2024,10:02:05,895.25,923.1,40,929,120,0,0
FINNIFTY02JAN2420400CE.NFO,02/01/2024,10:02:07,895.25,926,120,931.55,360,0,0
FINNIFTY02JAN2420400CE.NFO,02/01/2024,10:02:08,895.25,929.6,200,938.65,880,0,0
FINNIFTY02JAN2420400CE.NFO,02/01/2024,10:02:10,895.25,931.8,120,941.35,1960,0,0
FINNIFTY02JAN2420400CE.NFO,02/01/2024,10:02:12,895.25,931.25,360,936.35,240,0,0
FINNIFTY02JAN2420400CE.NFO,02/01/2024,10:02:13,895.25,932.4,160,937.4,240,0,0
FINNIFTY02JAN2420400CE.NFO,02/01/2024,10:02:15,895.25,931.8,600,937.35,120,0,0
FINNIFTY02JAN2420400CE.NFO,02/01/2024,10:02:17,895.25,927.85,40,937.2,200,0,0
FINNIFTY02JAN2420400CE.NFO,02/01/2024,10:02:18,895.25,928.35,80,932.9,160,0,0
FINNIFTY02JAN2420400CE.NFO,02/01/2024,10:02:20,895.25,925.6,560,931.25,120,0,0
FINNIFTY02JAN2420400CE.NFO,02/01/2024,10:02:22,895.25,926.15,280,930.3,520,0,0
FINNIFTY02JAN2420400CE.NFO,02/01/2024,10:02:23,895.25,926.9,240,933.15,240,0,0
FINNIFTY02JAN2420400CE.NFO,02/01/2024,10:02:25,895.25,923.35,1840,930.45,920,0,0
FINNIFTY02JAN2420400CE.NFO,02/01/2024,10:02:27,895.25,925.4,160,929.45,560,0,0
FINNIFTY02JAN2420400CE.NFO,02/01/2024,10:02:28,895.25,925.3,120,929.3,120,0,0
FINNIFTY02JAN2420400CE.NFO,02/01/2024,10:02:30,895.25,926.2,200,931.9,200,0,0
FINNIFTY02JAN2420400CE.NFO,02/01/2024,10:02:32,895.25,925.75,240,930.8,80,0,0
FINNIFTY02JAN2420400CE.NFO,02/01/2024,10:02:33,895.25,927.3,240,931.7,120,0,0
FINNIFTY02JAN2420400CE.NFO,02/01/2024,10:02:35,895.25,928.8,360,941.3,240,0,0
FINNIFTY02JAN2420400CE.NFO,02/01/2024,10:02:37,895.25,930.55,560,935.25,240,0,0
FINNIFTY02JAN2420400CE.NFO,02/01/2024,10:02:38,895.25,931.75,160,936.2,120,0,0
FINNIFTY02JAN2420400CE.NFO,02/01/2024,10:02:40,895.25,932.9,240,937.55,240,0,0
FINNIFTY02JAN2420400CE.NFO,02/01/2024,10:02:42,895.25,922.25,240,938.7,120,0,0
FINNIFTY02JAN2420400CE.NFO,02/01/2024,10:02:43,895.25,927.25,120,935.65,80,0,0
FINNIFTY02JAN2420400CE.NFO,02/01/2024,10:02:45,895.25,931.7,200,938.6,4760,0,0
FINNIFTY02JAN2420400CE.NFO,02/01/2024,10:02:47,895.25,932.25,440,936.4,120,0,0
FINNIFTY02JAN2420400CE.NFO,02/01/2024,10:02:48,895.25,929.3,560,933.75,200,0,0
FINNIFTY02JAN2420400CE.NFO,02/01/2024,10:02:50,895.25,929.75,160,933.8,120,0,0
FINNIFTY02JAN2420400CE.NFO,02/01/2024,10:02:52,895.25,929.95,120,934.9,200,0,0
FINNIFTY02JAN2420400CE.NFO,02/01/2024,10:02:53,895.25,932.35,80,938.25,1640,0,0
FINNIFTY02JAN2420400CE.NFO,02/01/2024,10:02:55,895.25,934.45,560,943.5,2960,0,0
FINNIFTY02JAN2420400CE.NFO,02/01/2024,10:02:57,895.25,936.4,200,941.8,320,0,0
FINNIFTY02JAN2420400CE.NFO,02/01/2024,10:02:58,895.25,938.2,160,943.4,120,0,0
FINNIFTY02JAN2420400CE.NFO,02/01/2024,10:03:00,895.25,937.3,160,941.4,360,0,0
FINNIFTY02JAN2420400CE.NFO,02/01/2024,10:03:02,895.25,936.15,160,945.05,1360,0,0
FINNIFTY02JAN2420400CE.NFO,02/01/2024,10:03:03,895.25,936.6,520,942.05,120,0,0
FINNIFTY02JAN2420400CE.NFO,02/01/2024,10:03:05,895.25,933.65,120,940.45,440,0,0
FINNIFTY02JAN2420400CE.NFO,02/01/2024,10:03:07,895.25,934.25,360,939.95,240,0,0
FINNIFTY02JAN2420400CE.NFO,02/01/2024,10:03:08,895.25,933.85,120,939.1,120,0,0
FINNIFTY02JAN2420400CE.NFO,02/01/2024,10:03:10,895.25,935.55,320,943.15,400,0,0
FINNIFTY02JAN2420400CE.NFO,02/01/2024,10:03:12,945.7,937.55,520,947.05,120,320,1920
FINNIFTY02JAN2420400CE.NFO,02/01/2024,10:03:12,945.7,937.55,520,947.05,120,0,1920
FINNIFTY02JAN2420400CE.NFO,02/01/2024,10:03:13,945.7,939.2,1720,948.1,960,0,1920
FINNIFTY02JAN2420400CE.NFO,02/01/2024,10:03:15,945.7,941,120,947.05,200,0,1920
FINNIFTY02JAN2420400CE.NFO,02/01/2024,10:03:17,945.7,942.85,240,950.5,120,0,1920
FINNIFTY02JAN2420400CE.NFO,02/01/2024,10:03:18,945.7,945.05,120,952.3,120,0,1920
FINNIFTY02JAN2420400CE.NFO,02/01/2024,10:03:20,945.7,941.35,120,949.9,120,0,1920
FINNIFTY02JAN2420400CE.NFO,02/01/2024,10:03:22,945.7,943.75,120,947.95,200,0,1920
FINNIFTY02JAN2420400CE.NFO,02/01/2024,10:03:23,945.7,941.9,40,947.85,1240,0,1920
FINNIFTY02JAN2420400CE.NFO,02/01/2024,10:03:25,945.7,942.75,80,949.55,40,0,1920
FINNIFTY02JAN2420400CE.NFO,02/01/2024,10:03:27,945.7,943.9,80,948.25,200,0,1920
FINNIFTY02JAN2420400CE.NFO,02/01/2024,10:03:28,945.7,939.45,360,948.1,480,0,1920
FINNIFTY02JAN2420400CE.NFO,02/01/2024,10:03:30,945.7,942.45,440,947.85,200,0,1920
FINNIFTY02JAN2420400CE.NFO,02/01/2024,10:03:32,945.7,941.45,240,946.45,720,0,1920
FINNIFTY02JAN2420400CE.NFO,02/01/2024,10:03:33,945.7,941.8,160,945.5,200,0,1920
FINNIFTY02JAN2420400CE.NFO,02/01/2024,10:03:35,945.7,936.45,120,942.45,200,0,1920
FINNIFTY02JAN2420400CE.NFO,02/01/2024,10:03:37,945.7,938.9,200,944.55,120,0,1920
FINNIFTY02JAN2420400CE.NFO,02/01/2024,10:03:38,945.7,936.65,40,941.3,120,0,1920
FINNIFTY02JAN2420400CE.NFO,02/01/2024,10:03:40,945.7,933.95,80,941.5,80,0,1920
FINNIFTY02JAN2420400CE.NFO,02/01/2024,10:03:42,945.7,935.9,160,939.85,200,0,1920
FINNIFTY02JAN2420400CE.NFO,02/01/2024,10:03:43,945.7,937.6,160,943.1,120,0,1920
FINNIFTY02JAN2420400CE.NFO,02/01/2024,10:03:45,945.7,935.35,200,940.95,240,0,1920
FINNIFTY02JAN2420400CE.NFO,02/01/2024,10:03:47,945.7,937.05,120,941.2,360,0,1920
FINNIFTY02JAN2420400CE.NFO,02/01/2024,10:03:48,945.7,935.05,200,940.2,40,0,1920
FINNIFTY02JAN2420400CE.NFO,02/01/2024,10:03:50,945.7,936.5,400,940.65,1240,0,1920
FINNIFTY02JAN2420400CE.NFO,02/01/2024,10:03:52,945.7,938,120,942,200,0,1920
FINNIFTY02JAN2420400CE.NFO,02/01/2024,10:03:53,945.7,939.6,120,943.55,120,0,1920
FINNIFTY02JAN2420400CE.NFO,02/01/2024,10:03:55,945.7,940.2,120,943.85,360,0,1920
FINNIFTY02JAN2420400CE.NFO,02/01/2024,10:03:57,945.7,940.85,120,944,400,0,1920
FINNIFTY02JAN2420400CE.NFO,02/01/2024,10:03:58,945.7,938.75,80,945.05,200,0,1920
FINNIFTY02JAN2420400CE.NFO,02/01/2024,10:04:00,945.7,940.35,40,950.65,40,0,1920
FINNIFTY02JAN2420400CE.NFO,02/01/2024,10:04:02,945.7,943.55,240,950,240,0,1920
FINNIFTY02JAN2420400CE.NFO,02/01/2024,10:04:03,945.7,945.75,240,954.55,40,0,1920
FINNIFTY02JAN2420400CE.NFO,02/01/2024,10:04:05,945.7,946.95,120,951.3,360,0,1920
FINNIFTY02JAN2420400CE.NFO,02/01/2024,10:04:07,945.7,948.1,120,952,120,0,1920
FINNIFTY02JAN2420400CE.NFO,02/01/2024,10:04:08,945.7,945.45,120,954.5,2560,0,1920
FINNIFTY02JAN2420400CE.NFO,02/01/2024,10:04:10,945.7,948.6,120,961.35,120,0,1920
FINNIFTY02JAN2420400CE.NFO,02/01/2024,10:04:12,945.7,951.4,120,956.25,680,0,1920
FINNIFTY02JAN2420400CE.NFO,02/01/2024,10:04:13,945.7,952.65,120,960.15,120,0,1920
FINNIFTY02JAN2420400CE.NFO,02/01/2024,10:04:15,945.7,954.2,120,958.5,120,0,1920
FINNIFTY02JAN2420400CE.NFO,02/01/2024,10:04:17,945.7,952.9,120,956.9,120,0,1920
FINNIFTY02JAN2420400CE.NFO,02/01/2024,10:04:18,945.7,948,80,955.5,40,0,1920
FINNIFTY02JAN2420400CE.NFO,02/01/2024,10:04:20,945.7,951.25,120,954.75,120,0,1920
FINNIFTY02JAN2420400CE.NFO,02/01/2024,10:04:22,945.7,953.45,120,958.25,640,0,1920
FINNIFTY02JAN2420400CE.NFO,02/01/2024,10:04:23,945.7,953.45,600,958.25,240,0,1920
FINNIFTY02JAN2420400CE.NFO,02/01/2024,10:04:25,945.7,953.5,120,956.7,200,0,1920
FINNIFTY02JAN2420400CE.NFO,02/01/2024,10:04:27,945.7,952.45,120,956.35,360,0,1920
FINNIFTY02JAN2420400CE.NFO,02/01/2024,10:04:28,945.7,953.45,160,957.2,120,0,1920
FINNIFTY02JAN2420400CE.NFO,02/01/2024,10:04:30,945.7,954,120,957.3,200,0,1920
FINNIFTY02JAN2420400CE.NFO,02/01/2024,10:04:32,945.7,954.65,120,959.2,80,0,1920
FINNIFTY02JAN2420400CE.NFO,02/01/2024,10:04:33,945.7,955.7,120,983.1,160,0,1920
FINNIFTY02JAN2420400CE.NFO,02/01/2024,10:04:35,945.7,956.8,1120,966.45,1840,0,1920
FINNIFTY02JAN2420400CE.NFO,02/01/2024,10:04:37,945.7,958.95,1120,967.55,120,0,1920
FINNIFTY02JAN2420400CE.NFO,02/01/2024,10:04:38,945.7,960.65,200,966.7,80,0,1920
FINNIFTY02JAN2420400CE.NFO,02/01/2024,10:04:40,945.7,961.65,120,966.7,120,0,1920
FINNIFTY02JAN2420400CE.NFO,02/01/2024,10:04:42,945.7,959.2,120,964.3,360,0,1920
FINNIFTY02JAN2420400CE.NFO,02/01/2024,10:04:43,945.7,952.55,200,960.65,120,0,1920
FINNIFTY02JAN2420400CE.NFO,02/01/2024,10:04:45,945.7,955.5,40,959.8,120,0,1920
FINNIFTY02JAN2420400CE.NFO,02/01/2024,10:04:47,945.7,952.8,120,958.75,160,0,1920
FINNIFTY02JAN2420400CE.NFO,02/01/2024,10:04:48,945.7,942.95,40,956.4,40,0,1920
FINNIFTY02JAN2420400CE.NFO,02/01/2024,10:04:50,945.7,947.1,200,955.75,40,0,1920
FINNIFTY02JAN2420400CE.NFO,02/01/2024,10:04:52,945.7,951.45,40,957.9,120,0,1920
FINNIFTY02JAN2420400CE.NFO,02/01/2024,10:04:53,945.7,953.45,40,956.95,440,0,1920
FINNIFTY02JAN2420400CE.NFO,02/01/2024,10:04:55,945.7,949.55,120,954.35,120,0,1920
FINNIFTY02JAN2420400CE.NFO,02/01/2024,10:04:57,945.7,950.95,240,956.5,160,0,1920
FINNIFTY02JAN2420400CE.NFO,02/01/2024,10:04:58,945.7,950.8,40,954.3,40,0,1920
FINNIFTY02JAN2420400CE.NFO,02/01/2024,10:05:00,945.7,949,80,976,200,0,1920
FINNIFTY02JAN2420400CE.NFO,02/01/2024,10:05:02,945.7,951.55,160,962.45,160,0,1920
FINNIFTY02JAN2420400CE.NFO,02/01/2024,10:05:03,945.7,954.9,80,963.45,80,0,1920
FINNIFTY02JAN2420400CE.NFO,02/01/2024,10:05:05,945.7,956.65,120,960.4,200,0,1920
FINNIFTY02JAN2420400CE.NFO,02/01/2024,10:05:07,945.7,956.15,40,960.4,320,0,1920
FINNIFTY02JAN2420400CE.NFO,02/01/2024,10:05:08,945.7,953.7,80,959.5,80,0,1920
FINNIFTY02JAN2420400CE.NFO,02/01/2024,10:05:10,945.7,954.6,120,958.1,80,0,1920
FINNIFTY02JAN2420400CE.NFO,02/01/2024,10:05:12,945.7,955.05,280,958.6,40,0,1920
FINNIFTY02JAN2420400CE.NFO,02/01/2024,10:05:13,945.7,956.05,160,959.95,40,0,1920
FINNIFTY02JAN2420400CE.NFO,02/01/2024,10:05:15,945.7,953.55,40,957.65,40,0,1920
FINNIFTY02JAN2420400CE.NFO,02/01/2024,10:05:17,945.7,952.2,120,956.35,160,0,1920
FINNIFTY02JAN2420400CE.NFO,02/01/2024,10:05:18,945.7,952.5,120,955.85,40,0,1920
FINNIFTY02JAN2420400CE.NFO,02/01/2024,10:05:20,945.7,950.55,200,954.95,440,0,1920
FINNIFTY02JAN2420400CE.NFO,02/01/2024,10:05:22,945.7,952.8,160,956.85,120,0,1920
FINNIFTY02JAN2420400CE.NFO,02/01/2024,10:05:23,945.7,951.1,80,955.35,120,0,1920
FINNIFTY02JAN2420400CE.NFO,02/01/2024,10:05:25,945.7,951.5,120,954.65,80,0,1920
FINNIFTY02JAN2420400CE.NFO,02/01/2024,10:05:27,945.7,952.1,120,956.1,360,0,1920
FINNIFTY02JAN2420400CE.NFO,02/01/2024,10:05:28,945.7,953.15,80,958.25,400,0,1920
FINNIFTY02JAN2420400CE.NFO,02/01/2024,10:05:30,945.7,954.55,160,959.5,120,0,1920
FINNIFTY02JAN2420400CE.NFO,02/01/2024,10:05:32,945.7,955.25,120,958.8,120,0,1920
FINNIFTY02JAN2420400CE.NFO,02/01/2024,10:05:33,945.7,955.6,80,959,40,0,1920
FINNIFTY02JAN2420400CE.NFO,02/01/2024,10:05:35,945.7,956,160,959.85,560,0,1920
FINNIFTY02JAN2420400CE.NFO,02/01/2024,10:05:37,945.7,954.75,40,959.8,80,0,1920
FINNIFTY02JAN2420400CE.NFO,02/01/2024,10:05:38,945.7,955.3,120,958.05,240,0,1920
FINNIFTY02JAN2420400CE.NFO,02/01/2024,10:05:40,945.7,955.65,80,959.1,560,0,1920
FINNIFTY02JAN2420400CE.NFO,02/01/2024,10:05:42,945.7,952.95,520,958.2,120,0,1920
FINNIFTY02JAN2420400CE.NFO,02/01/2024,10:05:43,945.7,949.8,40,956.1,120,0,1920
FINNIFTY02JAN2420400CE.NFO,02/01/2024,10:05:45,945.7,952.6,200,958.65,120,0,1920
FINNIFTY02JAN2420400CE.NFO,02/01/2024,10:05:47,945.7,953.7,80,957.1,120,0,1920
FINNIFTY02JAN2420400CE.NFO,02/01/2024,10:05:48,945.7,952.1,120,955.8,120,0,1920
FINNIFTY02JAN2420400CE.NFO,02/01/2024,10:05:50,945.7,950.75,120,954.6,320,0,1920
FINNIFTY02JAN2420400CE.NFO,02/01/2024,10:05:52,945.7,949.15,160,954.3,120,0,1920
FINNIFTY02JAN2420400CE.NFO,02/01/2024,10:05:53,945.7,950.05,160,954.1,360,0,1920
FINNIFTY02JAN2420400CE.NFO,02/01/2024,10:05:55,945.7,949.9,40,953.9,160,0,1920
FINNIFTY02JAN2420400CE.NFO,02/01/2024,10:05:57,945.7,950.55,160,954.9,440,0,1920
FINNIFTY02JAN2420400CE.NFO,02/01/2024,10:05:58,945.7,952.6,40,958.4,40,0,1920
FINNIFTY02JAN2420400CE.NFO,02/01/2024,10:06:00,945.7,950.95,40,955.8,120,0,1920
FINNIFTY02JAN2420400CE.NFO,02/01/2024,10:06:02,945.7,952.55,560,958.1,120,0,1920
FINNIFTY02JAN2420400CE.NFO,02/01/2024,10:06:03,945.7,954.7,120,960.4,120,0,1920
FINNIFTY02JAN2420400CE.NFO,02/01/2024,10:06:05,945.7,956.4,120,960.6,40,0,1920
FINNIFTY02JAN2420400CE.NFO,02/01/2024,10:06:07,945.7,958.3,200,962.8,120,0,1920
FINNIFTY02JAN2420400CE.NFO,02/01/2024,10:06:08,945.7,959.3,200,966.25,40,0,1920
FINNIFTY02JAN2420400CE.NFO,02/01/2024,10:06:10,945.7,961.35,40,966.5,40,0,1920
FINNIFTY02JAN2420400CE.NFO,02/01/2024,10:06:12,945.7,962.5,120,968.15,120,0,1920
FINNIFTY02JAN2420400CE.NFO,02/01/2024,10:06:13,945.7,964.1,80,968.75,280,0,1920
FINNIFTY02JAN2420400CE.NFO,02/01/2024,10:06:15,945.7,965.15,120,972.4,80,0,1920
FINNIFTY02JAN2420400CE.NFO,02/01/2024,10:06:17,945.7,964.5,200,970.25,120,0,1920
FINNIFTY02JAN2420400CE.NFO,02/01/2024,10:06:18,945.7,965.35,120,970.75,480,0,1920
FINNIFTY02JAN2420400CE.NFO,02/01/2024,10:06:20,945.7,966.7,240,996.45,240,0,1920
FINNIFTY02JAN2420400CE.NFO,02/01/2024,10:06:22,945.7,969.2,120,977.75,200,0,1920
FINNIFTY02JAN2420400CE.NFO,02/01/2024,10:06:23,945.7,970.2,80,975.65,40,0,1920
FINNIFTY02JAN2420400CE.NFO,02/01/2024,10:06:25,945.7,971.3,120,977.85,80,0,1920
FINNIFTY02JAN2420400CE.NFO,02/01/2024,10:06:27,945.7,972.9,360,979.1,160,0,1920
FINNIFTY02JAN2420400CE.NFO,02/01/2024,10:06:28,945.7,970.9,80,977.6,400,0,1920
FINNIFTY02JAN2420400CE.NFO,02/01/2024,10:06:30,945.7,967.5,120,973.3,120,0,1920
FINNIFTY02JAN2420400CE.NFO,02/01/2024,10:06:32,945.7,966.05,240,971.6,120,0,1920
FINNIFTY02JAN2420400CE.NFO,02/01/2024,10:06:33,945.7,966.4,80,969.9,200,0,1920
FINNIFTY02JAN2420400CE.NFO,02/01/2024,10:06:35,945.7,960.2,200,968.15,280,0,1920
FINNIFTY02JAN2420400CE.NFO,02/01/2024,10:06:37,945.7,963.3,80,972,200,0,1920
FINNIFTY02JAN2420400CE.NFO,02/01/2024,10:06:38,945.7,964.8,120,969.1,160,0,1920
FINNIFTY02JAN2420400CE.NFO,02/01/2024,10:06:40,945.7,966,120,970,360,0,1920
FINNIFTY02JAN2420400CE.NFO,02/01/2024,10:06:42,945.7,967.25,160,970.8,320,0,1920
FINNIFTY02JAN2420400CE.NFO,02/01/2024,10:06:43,945.7,964,120,968.9,360,0,1920
FINNIFTY02JAN2420400CE.NFO,02/01/2024,10:06:45,945.7,965.3,160,970.3,3680,0,1920
FINNIFTY02JAN2420400CE.NFO,02/01/2024,10:06:47,945.7,966.7,80,971.85,400,0,1920
FINNIFTY02JAN2420400CE.NFO,02/01/2024,10:06:48,945.7,964,1680,969.95,120,0,1920
FINNIFTY02JAN2420400CE.NFO,02/01/2024,10:06:50,945.7,965.95,120,970.45,160,0,1920
FINNIFTY02JAN2420400CE.NFO,02/01/2024,10:06:52,945.7,966.15,160,969.8,160,0,1920
FINNIFTY02JAN2420400CE.NFO,02/01/2024,10:06:53,945.7,964.65,120,967.85,120,0,1920
FINNIFTY02JAN2420400CE.NFO,02/01/2024,10:06:55,945.7,962.65,560,969.2,4160,0,1920
FINNIFTY02JAN2420400CE.NFO,02/01/2024,10:06:57,945.7,965.5,160,969.95,200,0,1920
FINNIFTY02JAN2420400CE.NFO,02/01/2024,10:06:58,945.7,965.6,200,969.35,600,0,1920
FINNIFTY02JAN2420400CE.NFO,02/01/2024,10:07:00,945.7,966.5,120,972.1,360,0,1920
FINNIFTY02JAN2420400CE.NFO,02/01/2024,10:07:02,945.7,968.4,360,977.95,360,0,1920
FINNIFTY02JAN2420400CE.NFO,02/01/2024,10:07:03,945.7,968.85,120,972.65,40,0,1920
FINNIFTY02JAN2420400CE.NFO,02/01/2024,10:07:05,945.7,970.4,200,977.75,1040,0,1920
FINNIFTY02JAN2420400CE.NFO,02/01/2024,10:07:07,945.7,972.45,280,978.45,120,0,1920
FINNIFTY02JAN2420400CE.NFO,02/01/2024,10:07:08,945.7,969.6,160,976.5,120,0,1920
FINNIFTY02JAN2420400CE.NFO,02/01/2024,10:07:10,945.7,971.3,160,976.55,200,0,1920
FINNIFTY02JAN2420400CE.NFO,02/01/2024,10:07:12,945.7,972.65,240,983.3,40,0,1920
FINNIFTY02JAN2420400CE.NFO,02/01/2024,10:07:13,945.7,974.45,200,982.9,160,0,1920
FINNIFTY02JAN2420400CE.NFO,02/01/2024,10:07:15,945.7,975.5,160,980.8,120,0,1920
FINNIFTY02JAN2420400CE.NFO,02/01/2024,10:07:17,945.7,976.5,360,983.6,360,0,1920
FINNIFTY02JAN2420400CE.NFO,02/01/2024,10:07:18,945.7,978.2,160,990.35,80,0,1920
FINNIFTY02JAN2420400CE.NFO,02/01/2024,10:07:20,945.7,975.8,120,980.6,280,0,1920
FINNIFTY02JAN2420400CE.NFO,02/01/2024,10:07:22,945.7,969.55,120,978.2,120,0,1920
FINNIFTY02JAN2420400CE.NFO,02/01/2024,10:07:23,945.7,972.65,80,977.65,440,0,1920
FINNIFTY02JAN2420400CE.NFO,02/01/2024,10:07:25,945.7,973.15,120,976.7,480,0,1920
FINNIFTY02JAN2420400CE.NFO,02/01/2024,10:07:27,945.7,968.15,360,973.55,160,0,1920
FINNIFTY02JAN2420400CE.NFO,02/01/2024,10:07:28,945.7,969.45,40,974.2,80,0,1920
FINNIFTY02JAN2420400CE.NFO,02/01/2024,10:07:30,945.7,968.55,120,973.4,360,0,1920
FINNIFTY02JAN2420400CE.NFO,02/01/2024,10:07:32,945.7,967.3,40,971.9,240,0,1920
FINNIFTY02JAN2420400CE.NFO,02/01/2024,10:07:33,945.7,968.95,120,973.35,360,0,1920
FINNIFTY02JAN2420400CE.NFO,02/01/2024,10:07:35,945.7,970.1,240,980.15,40,0,1920
FINNIFTY02JAN2420400CE.NFO,02/01/2024,10:07:37,945.7,972.7,120,978,120,0,1920
FINNIFTY02JAN2420400CE.NFO,02/01/2024,10:07:38,945.7,973.65,40,976.5,160,0,1920
FINNIFTY02JAN2420400CE.NFO,02/01/2024,10:07:40,945.7,967.3,80,974.6,80,0,1920
FINNIFTY02JAN2420400CE.NFO,02/01/2024,10:07:42,945.7,971.15,200,976.35,80,0,1920
FINNIFTY02JAN2420400CE.NFO,02/01/2024,10:07:43,945.7,972.95,120,981.7,80,0,1920
FINNIFTY02JAN2420400CE.NFO,02/01/2024,10:07:45,945.7,973.05,120,976.7,40,0,1920
FINNIFTY02JAN2420400CE.NFO,02/01/2024,10:07:47,945.7,971.8,80,974.85,80,0,1920
FINNIFTY02JAN2420400CE.NFO,02/01/2024,10:07:48,945.7,969.4,40,974.8,160,0,1920
FINNIFTY02JAN2420400CE.NFO,02/01/2024,10:07:50,945.7,969.65,120,972.35,200,0,1920
FINNIFTY02JAN2420400CE.NFO,02/01/2024,10:07:52,945.7,968.1,360,973.4,80,0,1920
FINNIFTY02JAN2420400CE.NFO,02/01/2024,10:07:53,945.7,965.7,160,971.35,160,0,1920
FINNIFTY02JAN2420400CE.NFO,02/01/2024,10:07:55,945.7,963.7,160,969.9,200,0,1920
FINNIFTY02JAN2420400CE.NFO,02/01/2024,10:07:57,945.7,965.25,200,1006,200,0,1920
FINNIFTY02JAN2420400CE.NFO,02/01/2024,10:07:58,945.7,967.6,80,1000.9,80,0,1920
FINNIFTY02JAN2420400CE.NFO,02/01/2024,10:08:00,945.7,968.05,120,995.9,200,0,1920
FINNIFTY02JAN2420400CE.NFO,02/01/2024,10:08:02,945.7,966.6,120,989.8,200,0,1920
FINNIFTY02JAN2420400CE.NFO,02/01/2024,10:08:03,945.7,968.55,120,986.1,360,0,1920
FINNIFTY02JAN2420400CE.NFO,02/01/2024,10:08:05,945.7,968.1,120,980.85,40,0,1920
FINNIFTY02JAN2420400CE.NFO,02/01/2024,10:08:07,945.7,966.6,120,973.7,1760,0,1920
FINNIFTY02JAN2420400CE.NFO,02/01/2024,10:08:08,945.7,963.1,160,970.25,160,0,1920
FINNIFTY02JAN2420400CE.NFO,02/01/2024,10:08:10,945.7,966.85,40,970.85,160,0,1920
FINNIFTY02JAN2420400CE.NFO,02/01/2024,10:08:12,945.7,967.2,40,969.9,80,0,1920
FINNIFTY02JAN2420400CE.NFO,02/01/2024,10:08:13,945.7,966,120,969.65,120,0,1920
FINNIFTY02JAN2420400CE.NFO,02/01/2024,10:08:15,945.7,966.8,80,974.15,40,0,1920
FINNIFTY02JAN2420400CE.NFO,02/01/2024,10:08:17,945.7,968.85,40,973.65,2640,0,1920
FINNIFTY02JAN2420400CE.NFO,02/01/2024,10:08:18,945.7,967.45,120,971.15,80,0,1920
FINNIFTY02JAN2420400CE.NFO,02/01/2024,10:08:20,945.7,962.95,80,970.2,240,0,1920
FINNIFTY02JAN2420400CE.NFO,02/01/2024,10:08:22,945.7,966.6,200,973.2,200,0,1920
FINNIFTY02JAN2420400CE.NFO,02/01/2024,10:08:23,945.7,965.05,320,969.9,200,0,1920
FINNIFTY02JAN2420400CE.NFO,02/01/2024,10:08:25,945.7,963.8,120,968.1,200,0,1920
FINNIFTY02JAN2420400CE.NFO,02/01/2024,10:08:27,945.7,964.2,80,970.6,720,0,1920
FINNIFTY02JAN2420400CE.NFO,02/01/2024,10:08:28,945.7,964.55,120,968.1,120,0,1920
FINNIFTY02JAN2420400CE.NFO,02/01/2024,10:08:30,945.7,963.85,80,970.35,80,0,1920
FINNIFTY02JAN2420400CE.NFO,02/01/2024,10:08:32,945.7,965.15,120,968.85,120,0,1920
FINNIFTY02JAN2420400CE.NFO,02/01/2024,10:08:33,945.7,965.15,120,968.75,880,0,1920
FINNIFTY02JAN2420400CE.NFO,02/01/2024,10:08:35,945.7,965.6,40,968.65,40,0,1920
FINNIFTY02JAN2420400CE.NFO,02/01/2024,10:08:37,945.7,963.75,120,968.25,200,0,1920
FINNIFTY02JAN2420400CE.NFO,02/01/2024,10:08:38,945.7,960.25,160,964.45,240,0,1920
FINNIFTY02JAN2420400CE.NFO,02/01/2024,10:08:40,945.7,960.6,120,964.85,200,0,1920
FINNIFTY02JAN2420400CE.NFO,02/01/2024,10:08:42,945.7,958.3,80,962.9,200,0,1920
FINNIFTY02JAN2420400CE.NFO,02/01/2024,10:08:43,945.7,955.6,120,963.65,200,0,1920
FINNIFTY02JAN2420400CE.NFO,02/01/2024,10:08:45,945.7,957.9,200,967.8,80,0,1920
FINNIFTY02JAN2420400CE.NFO,02/01/2024,10:08:47,945.7,959.4,120,964.4,120,0,1920
FINNIFTY02JAN2420400CE.NFO,02/01/2024,10:08:48,945.7,958.3,160,964.25,40,0,1920
FINNIFTY02JAN2420400CE.NFO,02/01/2024,10:08:50,945.7,959.3,120,963.2,120,0,1920
FINNIFTY02JAN2420400CE.NFO,02/01/2024,10:08:52,945.7,960.3,160,963.8,1000,0,1920
FINNIFTY02JAN2420400CE.NFO,02/01/2024,10:08:53,945.7,961.8,40,966.15,80,0,1920
FINNIFTY02JAN2420400CE.NFO,02/01/2024,10:08:55,945.7,961.85,120,965.6,240,0,1920
FINNIFTY02JAN2420400CE.NFO,02/01/2024,10:08:57,945.7,962.45,120,973.45,440,0,1920
FINNIFTY02JAN2420400CE.NFO,02/01/2024,10:08:58,945.7,961.05,80,969.5,80,0,1920
FINNIFTY02JAN2420400CE.NFO,02/01/2024,10:09:00,945.7,959.7,160,967,200,0,1920
FINNIFTY02JAN2420400CE.NFO,02/01/2024,10:09:02,945.7,960.75,120,964.85,440,0,1920
FINNIFTY02JAN2420400CE.NFO,02/01/2024,10:09:03,945.7,962.9,80,968.35,200,0,1920
FINNIFTY02JAN2420400CE.NFO,02/01/2024,10:09:05,945.7,965.45,600,972.35,360,0,1920
FINNIFTY02JAN2420400CE.NFO,02/01/2024,10:09:07,945.7,967.9,480,977.8,200,0,1920
FINNIFTY02JAN2420400CE.NFO,02/01/2024,10:09:08,945.7,971.1,80,976.65,40,0,1920
FINNIFTY02JAN2420400CE.NFO,02/01/2024,10:09:10,945.7,972.9,40,991.85,120,0,1920
FINNIFTY02JAN2420400CE.NFO,02/01/2024,10:09:12,945.7,974.3,160,989.85,160,0,1920
FINNIFTY02JAN2420400CE.NFO,02/01/2024,10:09:13,945.7,975.2,120,986.95,480,0,1920
FINNIFTY02JAN2420400CE.NFO,02/01/2024,10:09:15,945.7,976,80,983.45,240,0,1920
FINNIFTY02JAN2420400CE.NFO,02/01/2024,10:09:17,945.7,971.65,80,980.3,200,0,1920
FINNIFTY02JAN2420400CE.NFO,02/01/2024,10:09:18,945.7,971.05,160,976.9,1800,0,1920
FINNIFTY02JAN2420400CE.NFO,02/01/2024,10:09:20,945.7,971.95,120,976.25,120,0,1920
FINNIFTY02JAN2420400CE.NFO,02/01/2024,10:09:22,945.7,972.7,80,976,120,0,1920
FINNIFTY02JAN2420400CE.NFO,02/01/2024,10:09:23,945.7,973.9,120,979.35,120,0,1920
FINNIFTY02JAN2420400CE.NFO,02/01/2024,10:09:25,945.7,974,160,976.75,120,0,1920
FINNIFTY02JAN2420400CE.NFO,02/01/2024,10:09:26,945.7,974.45,80,978.45,40,0,1920
FINNIFTY02JAN2420400CE.NFO,02/01/2024,10:09:28,945.7,975,80,978.05,200,0,1920
FINNIFTY02JAN2420400CE.NFO,02/01/2024,10:09:30,945.7,972.5,80,977.55,240,0,1920
FINNIFTY02JAN2420400CE.NFO,02/01/2024,10:09:31,945.7,974.1,200,980.15,40,0,1920
FINNIFTY02JAN2420400CE.NFO,02/01/2024,10:09:33,945.7,971.8,40,976.4,80,0,1920
FINNIFTY02JAN2420400CE.NFO,02/01/2024,10:09:35,945.7,972.55,120,976.15,120,0,1920
FINNIFTY02JAN2420400CE.NFO,02/01/2024,10:09:36,945.7,973,120,976.2,240,0,1920
FINNIFTY02JAN2420400CE.NFO,02/01/2024,10:09:38,945.7,973.15,40,975.5,200,0,1920
FINNIFTY02JAN2420400CE.NFO,02/01/2024,10:09:40,945.7,970.5,200,975.55,400,0,1920
FINNIFTY02JAN2420400CE.NFO,02/01/2024,10:09:41,945.7,969.55,120,973.8,480,0,1920
FINNIFTY02JAN2420400CE.NFO,02/01/2024,10:09:43,945.7,970,120,973.05,120,0,1920
FINNIFTY02JAN2420400CE.NFO,02/01/2024,10:09:45,945.7,968.5,120,972.4,120,0,1920
FINNIFTY02JAN2420400CE.NFO,02/01/2024,10:09:46,945.7,969.15,80,973.85,440,0,1920
FINNIFTY02JAN2420400CE.NFO,02/01/2024,10:09:48,945.7,971.2,240,975.45,200,0,1920
FINNIFTY02JAN2420400CE.NFO,02/01/2024,10:09:50,945.7,968.5,120,973.6,200,0,1920
FINNIFTY02JAN2420400CE.NFO,02/01/2024,10:09:51,945.7,970.95,80,975.1,320,0,1920
FINNIFTY02JAN2420400CE.NFO,02/01/2024,10:09:53,945.7,972.25,360,976.9,200,0,1920
FINNIFTY02JAN2420400CE.NFO,02/01/2024,10:09:55,945.7,972.6,80,975.5,400,0,1920
FINNIFTY02JAN2420400CE.NFO,02/01/2024,10:09:56,945.7,970.6,120,974.45,120,0,1920
FINNIFTY02JAN2420400CE.NFO,02/01/2024,10:09:58,945.7,967.5,160,972.5,360,0,1920
FINNIFTY02JAN2420400CE.NFO,02/01/2024,10:10:00,945.7,968.5,120,971.95,200,0,1920
FINNIFTY02JAN2420400CE.NFO,02/01/2024,10:10:01,945.7,968.75,240,972.65,120,0,1920
FINNIFTY02JAN2420400CE.NFO,02/01/2024,10:10:03,945.7,969.25,160,972.8,240,0,1920
FINNIFTY02JAN2420400CE.NFO,02/01/2024,10:10:05,945.7,970.05,240,974.95,520,0,1920
FINNIFTY02JAN2420400CE.NFO,02/01/2024,10:10:06,945.7,970.3,120,973.8,200,0,1920
FINNIFTY02JAN2420400CE.NFO,02/01/2024,10:10:08,945.7,970.7,120,974.45,120,0,1920
FINNIFTY02JAN2420400CE.NFO,02/01/2024,10:10:10,945.7,968.9,280,972.8,760,0,1920
FINNIFTY02JAN2420400CE.NFO,02/01/2024,10:10:11,945.7,969.25,120,974.25,200,0,1920
FINNIFTY02JAN2420400CE.NFO,02/01/2024,10:10:13,945.7,970.25,120,975.05,200,0,1920
FINNIFTY02JAN2420400CE.NFO,02/01/2024,10:10:15,945.7,971.05,160,975.7,200,0,1920
FINNIFTY02JAN2420400CE.NFO,02/01/2024,10:10:16,945.7,969.05,80,973.5,400,0,1920
FINNIFTY02JAN2420400CE.NFO,02/01/2024,10:10:18,945.7,963.9,200,970.4,240,0,1920
FINNIFTY02JAN2420400CE.NFO,02/01/2024,10:10:20,945.7,964.75,120,968.65,200,0,1920
FINNIFTY02JAN2420400CE.NFO,02/01/2024,10:10:21,945.7,965.35,120,969.05,120,0,1920
FINNIFTY02JAN2420400CE.NFO,02/01/2024,10:10:23,945.7,962.6,120,968.2,120,0,1920
FINNIFTY02JAN2420400CE.NFO,02/01/2024,10:10:25,945.7,963,40,966.4,240,0,1920
FINNIFTY02JAN2420400CE.NFO,02/01/2024,10:10:26,945.7,962.65,40,967.95,1440,0,1920
FINNIFTY02JAN2420400CE.NFO,02/01/2024,10:10:28,945.7,964.9,160,969.15,80,0,1920
FINNIFTY02JAN2420400CE.NFO,02/01/2024,10:10:30,945.7,965.3,120,968.4,80,0,1920
FINNIFTY02JAN2420400CE.NFO,02/01/2024,10:10:31,945.7,966.1,240,970.85,360,0,1920
FINNIFTY02JAN2420400CE.NFO,02/01/2024,10:10:33,945.7,967.65,120,993.65,200,0,1920
FINNIFTY02JAN2420400CE.NFO,02/01/2024,10:10:34,945.7,967.8,160,987.45,200,0,1920
FINNIFTY02JAN2420400CE.NFO,02/01/2024,10:10:36,945.7,967.7,40,980.85,40,0,1920
FINNIFTY02JAN2420400CE.NFO,02/01/2024,10:10:38,945.7,966.35,120,974.85,240,0,1920
FINNIFTY02JAN2420400CE.NFO,02/01/2024,10:10:39,945.7,963.55,160,969.7,80,0,1920
FINNIFTY02JAN2420400CE.NFO,02/01/2024,10:10:41,945.7,965.7,120,969.65,80,0,1920
FINNIFTY02JAN2420400CE.NFO,02/01/2024,10:10:43,945.7,966,40,969.7,200,0,1920
FINNIFTY02JAN2420400CE.NFO,02/01/2024,10:10:44,945.7,964.5,120,968.2,160,0,1920
FINNIFTY02JAN2420400CE.NFO,02/01/2024,10:10:46,945.7,962.55,80,966.85,80,0,1920
FINNIFTY02JAN2420400CE.NFO,02/01/2024,10:10:48,945.7,963.8,160,968.75,200,0,1920
FINNIFTY02JAN2420400CE.NFO,02/01/2024,10:10:49,945.7,964.15,160,968.05,280,0,1920
FINNIFTY02JAN2420400CE.NFO,02/01/2024,10:10:51,945.7,963.3,160,966.25,600,0,1920
FINNIFTY02JAN2420400CE.NFO,02/01/2024,10:10:53,945.7,963.1,40,967.95,3160,0,1920
FINNIFTY02JAN2420400CE.NFO,02/01/2024,10:10:55,945.7,964.9,400,973,200,0,1920
FINNIFTY02JAN2420400CE.NFO,02/01/2024,10:10:56,945.7,965.85,120,969.35,240,0,1920
FINNIFTY02JAN2420400CE.NFO,02/01/2024,10:10:58,945.7,964.35,160,968.25,280,0,1920
FINNIFTY02JAN2420400CE.NFO,02/01/2024,10:11:00,945.7,964.95,80,968.55,480,0,1920
FINNIFTY02JAN2420400CE.NFO,02/01/2024,10:11:01,945.7,965.5,120,969.35,240,0,1920
FINNIFTY02JAN2420400CE.NFO,02/01/2024,10:11:03,945.7,966.75,120,970.75,360,0,1920
FINNIFTY02JAN2420400CE.NFO,02/01/2024,10:11:05,945.7,964.75,520,970.75,520,0,1920
FINNIFTY02JAN2420400CE.NFO,02/01/2024,10:11:06,945.7,966.85,80,970.85,40,0,1920
FINNIFTY02JAN2420400CE.NFO,02/01/2024,10:11:08,945.7,967.85,120,975.6,120,0,1920
FINNIFTY02JAN2420400CE.NFO,02/01/2024,10:11:10,945.7,969.55,200,974.4,1200,0,1920
FINNIFTY02JAN2420400CE.NFO,02/01/2024,10:11:11,945.7,970.45,120,974.25,240,0,1920
FINNIFTY02JAN2420400CE.NFO,02/01/2024,10:11:13,945.7,968.15,120,972.9,280,0,1920
FINNIFTY02JAN2420400CE.NFO,02/01/2024,10:11:15,945.7,968.6,160,972.5,760,0,1920
FINNIFTY02JAN2420400CE.NFO,02/01/2024,10:11:16,945.7,969.35,120,984.4,80,0,1920
FINNIFTY02JAN2420400CE.NFO,02/01/2024,10:11:18,945.7,967,160,977,40,0,1920
FINNIFTY02JAN2420400CE.NFO,02/01/2024,10:11:20,945.7,967.75,120,971.9,80,0,1920
FINNIFTY02JAN2420400CE.NFO,02/01/2024,10:11:21,945.7,967.95,80,970.95,160,0,1920
FINNIFTY02JAN2420400CE.NFO,02/01/2024,10:11:23,945.7,966.2,80,970,200,0,1920
FINNIFTY02JAN2420400CE.NFO,02/01/2024,10:11:25,945.7,967,160,970.55,120,0,1920
FINNIFTY02JAN2420400CE.NFO,02/01/2024,10:11:26,945.7,965.4,120,968.25,80,0,1920
FINNIFTY02JAN2420400CE.NFO,02/01/2024,10:11:28,945.7,965.4,160,968.55,2040,0,1920
FINNIFTY02JAN2420400CE.NFO,02/01/2024,10:11:29,945.7,965.4,120,969.65,3560,0,1920
FINNIFTY02JAN2420400CE.NFO,02/01/2024,10:11:30,945.7,965.55,160,969.05,200,0,1920
FINNIFTY02JAN2420400CE.NFO,02/01/2024,10:11:32,945.7,962.8,160,966.7,200,0,1920
FINNIFTY02JAN2420400CE.NFO,02/01/2024,10:11:33,945.7,960.9,120,965.2,40,0,1920
FINNIFTY02JAN2420400CE.NFO,02/01/2024,10:11:35,945.7,958.9,40,962.65,280,0,1920
FINNIFTY02JAN2420400CE.NFO,02/01/2024,10:11:37,945.7,959.7,120,964.2,80,0,1920
FINNIFTY02JAN2420400CE.NFO,02/01/2024,10:11:38,945.7,958.8,80,963.5,760,0,1920
FINNIFTY02JAN2420400CE.NFO,02/01/2024,10:11:40,945.7,960.8,160,974.55,120,0,1920
FINNIFTY02JAN2420400CE.NFO,02/01/2024,10:11:42,945.7,960.3,80,966.8,200,0,1920
FINNIFTY02JAN2420400CE.NFO,02/01/2024,10:11:43,945.7,958.55,360,963.15,160,0,1920
FINNIFTY02JAN2420400CE.NFO,02/01/2024,10:11:45,945.7,956,40,963.9,320,0,1920
FINNIFTY02JAN2420400CE.NFO,02/01/2024,10:11:47,945.7,959.35,200,963.65,120,0,1920
FINNIFTY02JAN2420400CE.NFO,02/01/2024,10:11:48,945.7,959.55,160,962.85,120,0,1920
FINNIFTY02JAN2420400CE.NFO,02/01/2024,10:11:50,945.7,958.6,120,962.9,120,0,1920
FINNIFTY02JAN2420400CE.NFO,02/01/2024,10:11:52,945.7,960.85,80,966.55,40,0,1920
FINNIFTY02JAN2420400CE.NFO,02/01/2024,10:11:53,945.7,962.95,120,966.85,40,0,1920
FINNIFTY02JAN2420400CE.NFO,02/01/2024,10:11:55,945.7,963.25,40,966.35,200,0,1920
FINNIFTY02JAN2420400CE.NFO,02/01/2024,10:11:57,945.7,961.3,120,964.75,80,0,1920
FINNIFTY02JAN2420400CE.NFO,02/01/2024,10:11:58,945.7,961.4,280,964.1,120,0,1920
FINNIFTY02JAN2420400CE.NFO,02/01/2024,10:12:00,945.7,961.4,320,964.5,520,0,1920
FINNIFTY02JAN2420400CE.NFO,02/01/2024,10:12:02,945.7,962.6,120,971.1,40,0,1920
FINNIFTY02JAN2420400CE.NFO,02/01/2024,10:12:03,945.7,963.55,120,967.5,200,0,1920
FINNIFTY02JAN2420400CE.NFO,02/01/2024,10:12:05,945.7,963.95,120,967.5,200,0,1920
FINNIFTY02JAN2420400CE.NFO,02/01/2024,10:12:07,945.7,964.5,320,970.9,480,0,1920
FINNIFTY02JAN2420400CE.NFO,02/01/2024,10:12:08,945.7,965.75,120,969.45,80,0,1920
FINNIFTY02JAN2420400CE.NFO,02/01/2024,10:12:10,945.7,963.35,160,967.55,200,0,1920
FINNIFTY02JAN2420400CE.NFO,02/01/2024,10:12:12,945.7,963.85,80,966.75,240,0,1920
FINNIFTY02JAN2420400CE.NFO,02/01/2024,10:12:13,945.7,963.95,240,967.3,120,0,1920
FINNIFTY02JAN2420400CE.NFO,02/01/2024,10:12:15,945.7,964.4,160,968,2720,0,1920
FINNIFTY02JAN2420400CE.NFO,02/01/2024,10:12:17,945.7,960.9,120,966.3,240,0,1920
FINNIFTY02JAN2420400CE.NFO,02/01/2024,10:12:18,945.7,963.7,160,967.9,120,0,1920
FINNIFTY02JAN2420400CE.NFO,02/01/2024,10:12:20,945.7,964.85,40,971.6,360,0,1920
FINNIFTY02JAN2420400CE.NFO,02/01/2024,10:12:22,945.7,963.05,280,967.3,200,0,1920
FINNIFTY02JAN2420400CE.NFO,02/01/2024,10:12:23,945.7,963.4,120,966.45,360,0,1920
FINNIFTY02JAN2420400CE.NFO,02/01/2024,10:12:25,945.7,963.65,80,966.5,80,0,1920
FINNIFTY02JAN2420400CE.NFO,02/01/2024,10:12:27,945.7,961.9,120,966,280,0,1920
FINNIFTY02JAN2420400CE.NFO,02/01/2024,10:12:28,945.7,962.15,40,964.85,120,0,1920
FINNIFTY02JAN2420400CE.NFO,02/01/2024,10:12:30,945.7,960.45,120,964.7,160,0,1920
FINNIFTY02JAN2420400CE.NFO,02/01/2024,10:12:32,945.7,961.4,40,965.25,200,0,1920
FINNIFTY02JAN2420400CE.NFO,02/01/2024,10:12:33,945.7,961.05,80,964.05,120,0,1920
FINNIFTY02JAN2420400CE.NFO,02/01/2024,10:12:35,945.7,961.25,120,964.5,120,0,1920
FINNIFTY02JAN2420400CE.NFO,02/01/2024,10:12:37,945.7,960.3,120,965.2,200,0,1920
FINNIFTY02JAN2420400CE.NFO,02/01/2024,10:12:38,945.7,957.95,440,962.85,840,0,1920
FINNIFTY02JAN2420400CE.NFO,02/01/2024,10:12:40,945.7,953.7,120,960.2,80,0,1920
FINNIFTY02JAN2420400CE.NFO,02/01/2024,10:12:42,945.7,951.4,320,958.3,120,0,1920
FINNIFTY02JAN2420400CE.NFO,02/01/2024,10:12:43,945.7,952.5,120,956.45,80,0,1920
FINNIFTY02JAN2420400CE.NFO,02/01/2024,10:12:45,945.7,946.65,80,955.4,240,0,1920
FINNIFTY02JAN2420400CE.NFO,02/01/2024,10:12:47,945.7,948.45,120,956.15,120,0,1920
FINNIFTY02JAN2420400CE.NFO,02/01/2024,10:12:48,945.7,950.9,120,957,120,0,1920
FINNIFTY02JAN2420400CE.NFO,02/01/2024,10:12:50,945.7,951.55,120,956.4,1280,0,1920
FINNIFTY02JAN2420400CE.NFO,02/01/2024,10:12:52,945.7,953.1,80,958.9,80,0,1920
FINNIFTY02JAN2420400CE.NFO,02/01/2024,10:12:53,945.7,954.8,160,961.75,80,0,1920
FINNIFTY02JAN2420400CE.NFO,02/01/2024,10:12:55,945.7,952.75,120,958.1,160,0,1920
FINNIFTY02JAN2420400CE.NFO,02/01/2024,10:12:57,945.7,954.1,480,960,200,0,1920
FINNIFTY02JAN2420400CE.NFO,02/01/2024,10:12:58,945.7,954.75,400,959,40,0,1920
FINNIFTY02JAN2420400CE.NFO,02/01/2024,10:13:00,945.7,953.3,200,958.7,80,0,1920
FINNIFTY02JAN2420400CE.NFO,02/01/2024,10:13:02,945.7,955,80,961.75,80,0,1920
FINNIFTY02JAN2420400CE.NFO,02/01/2024,10:13:03,945.7,957,120,961.3,680,0,1920
FINNIFTY02JAN2420400CE.NFO,02/01/2024,10:13:05,945.7,946.95,280,960.4,240,0,1920
FINNIFTY02JAN2420400CE.NFO,02/01/2024,10:13:07,945.7,950.6,80,975.65,200,0,1920
FINNIFTY02JAN2420400CE.NFO,02/01/2024,10:13:08,945.7,954.7,80,972.45,280,0,1920
FINNIFTY02JAN2420400CE.NFO,02/01/2024,10:13:10,945.7,954.15,2520,965.85,160,0,1920
FINNIFTY02JAN2420400CE.NFO,02/01/2024,10:13:12,945.7,951.4,80,961.75,80,0,1920
FINNIFTY02JAN2420400CE.NFO,02/01/2024,10:13:13,945.7,952.1,120,957.25,200,0,1920
FINNIFTY02JAN2420400CE.NFO,02/01/2024,10:13:15,945.7,952.7,120,956.05,200,0,1920
FINNIFTY02JAN2420400CE.NFO,02/01/2024,10:13:17,945.7,951.1,80,955.4,200,0,1920
FINNIFTY02JAN2420400CE.NFO,02/01/2024,10:13:18,945.7,948.35,80,960.5,40,0,1920
FINNIFTY02JAN2420400CE.NFO,02/01/2024,10:13:20,945.7,949.85,120,957.25,200,0,1920
FINNIFTY02JAN2420400CE.NFO,02/01/2024,10:13:22,945.7,950.25,120,954.3,200,0,1920
FINNIFTY02JAN2420400CE.NFO,02/01/2024,10:13:23,945.7,950.5,120,954.65,120,0,1920
FINNIFTY02JAN2420400CE.NFO,02/01/2024,10:13:25,945.7,951.9,520,957,440,0,1920
FINNIFTY02JAN2420400CE.NFO,02/01/2024,10:13:27,945.7,952.65,200,956.4,800,0,1920
FINNIFTY02JAN2420400CE.NFO,02/01/2024,10:13:28,945.7,953,160,956.6,160,0,1920
FINNIFTY02JAN2420400CE.NFO,02/01/2024,10:13:30,945.7,953.55,120,957.15,200,0,1920
FINNIFTY02JAN2420400CE.NFO,02/01/2024,10:13:32,945.7,953.85,120,956.55,200,0,1920
FINNIFTY02JAN2420400CE.NFO,02/01/2024,10:13:33,945.7,951.7,2000,959.1,200,0,1920
FINNIFTY02JAN2420400CE.NFO,02/01/2024,10:13:35,945.7,952.35,160,955.7,360,0,1920
FINNIFTY02JAN2420400CE.NFO,02/01/2024,10:13:37,945.7,953.45,120,958.5,200,0,1920
FINNIFTY02JAN2420400CE.NFO,02/01/2024,10:13:38,945.7,955.2,120,960.3,120,0,1920
FINNIFTY02JAN2420400CE.NFO,02/01/2024,10:13:40,945.7,956.45,160,959.95,80,0,1920
FINNIFTY02JAN2420400CE.NFO,02/01/2024,10:13:42,945.7,956.9,120,961.55,120,0,1920
FINNIFTY02JAN2420400CE.NFO,02/01/2024,10:13:43,945.7,954.85,160,959.45,280,0,1920
FINNIFTY02JAN2420400CE.NFO,02/01/2024,10:13:45,945.7,955.7,80,959.2,200,0,1920
FINNIFTY02JAN2420400CE.NFO,02/01/2024,10:13:47,945.7,953.8,160,958.45,400,0,1920
FINNIFTY02JAN2420400CE.NFO,02/01/2024,10:13:48,945.7,954.1,80,957.3,320,0,1920
FINNIFTY02JAN2420400CE.NFO,02/01/2024,10:13:50,945.7,955.7,160,959.45,200,0,1920
FINNIFTY02JAN2420400CE.NFO,02/01/2024,10:13:52,945.7,956.1,120,959.5,360,0,1920
FINNIFTY02JAN2420400CE.NFO,02/01/2024,10:13:53,945.7,954.45,200,958.7,240,0,1920
FINNIFTY02JAN2420400CE.NFO,02/01/2024,10:13:55,945.7,954.85,160,959.25,360,0,1920
FINNIFTY02JAN2420400CE.NFO,02/01/2024,10:13:57,945.7,955.4,200,959.7,2960,0,1920
FINNIFTY02JAN2420400CE.NFO,02/01/2024,10:13:58,945.7,956.05,120,959.35,200,0,1920
FINNIFTY02JAN2420400CE.NFO,02/01/2024,10:14:00,945.7,955.3,120,962.9,120,0,1920
FINNIFTY02JAN2420400CE.NFO,02/01/2024,10:14:02,945.7,957.7,160,966.9,200,0,1920
FINNIFTY02JAN2420400CE.NFO,02/01/2024,10:14:03,945.7,959.75,80,964.7,160,0,1920
FINNIFTY02JAN2420400CE.NFO,02/01/2024,10:14:05,945.7,960.35,120,963.85,80,0,1920
FINNIFTY02JAN2420400CE.NFO,02/01/2024,10:14:07,945.7,960.5,80,964.95,440,0,1920
FINNIFTY02JAN2420400CE.NFO,02/01/2024,10:14:08,945.7,961.6,200,966.45,1080,0,1920
FINNIFTY02JAN2420400CE.NFO,02/01/2024,10:14:10,945.7,962.2,280,966,200,0,1920
FINNIFTY02JAN2420400CE.NFO,02/01/2024,10:14:12,945.7,959.55,200,964.5,560,0,1920
FINNIFTY02JAN2420400CE.NFO,02/01/2024,10:14:13,945.7,960.7,120,964.4,80,0,1920
FINNIFTY02JAN2420400CE.NFO,02/01/2024,10:14:15,945.7,961.5,80,964.7,80,0,1920
FINNIFTY02JAN2420400CE.NFO,02/01/2024,10:14:17,945.7,960.6,160,967.4,160,0,1920
FINNIFTY02JAN2420400CE.NFO,02/01/2024,10:14:18,945.7,958.55,160,963.7,200,0,1920
FINNIFTY02JAN2420400CE.NFO,02/01/2024,10:14:20,945.7,960.7,80,964.35,200,0,1920
FINNIFTY02JAN2420400CE.NFO,02/01/2024,10:14:21,945.7,961.05,120,963.8,240,0,1920
FINNIFTY02JAN2420400CE.NFO,02/01/2024,10:14:23,945.7,959.35,160,963,360,0,1920
FINNIFTY02JAN2420400CE.NFO,02/01/2024,10:14:25,945.7,959.6,120,962.8,400,0,1920
FINNIFTY02JAN2420400CE.NFO,02/01/2024,10:14:26,945.7,960.3,160,964.35,240,0,1920
FINNIFTY02JAN2420400CE.NFO,02/01/2024,10:14:28,945.7,960.8,80,967.5,40,0,1920
FINNIFTY02JAN2420400CE.NFO,02/01/2024,10:14:30,945.7,961.6,120,965.15,120,0,1920
FINNIFTY02JAN2420400CE.NFO,02/01/2024,10:14:31,945.7,962.45,120,966.05,80,0,1920
FINNIFTY02JAN2420400CE.NFO,02/01/2024,10:14:33,945.7,962.9,200,965.9,40,0,1920
FINNIFTY02JAN2420400CE.NFO,02/01/2024,10:14:35,945.7,963.45,80,968.65,160,0,1920
FINNIFTY02JAN2420400CE.NFO,02/01/2024,10:14:36,945.7,964.55,200,970.75,80,0,1920
FINNIFTY02JAN2420400CE.NFO,02/01/2024,10:14:38,945.7,965.45,120,969.3,120,0,1920
FINNIFTY02JAN2420400CE.NFO,02/01/2024,10:14:40,945.7,965.45,280,969,200,0,1920
FINNIFTY02JAN2420400CE.NFO,02/01/2024,10:14:41,945.7,960.8,120,967.8,360,0,1920
FINNIFTY02JAN2420400CE.NFO,02/01/2024,10:14:43,945.7,963.2,80,966,200,0,1920
FINNIFTY02JAN2420400CE.NFO,02/01/2024,10:14:45,945.7,961.6,120,965.2,120,0,1920
FINNIFTY02JAN2420400CE.NFO,02/01/2024,10:14:46,945.7,962.05,120,966.5,200,0,1920
FINNIFTY02JAN2420400CE.NFO,02/01/2024,10:14:48,945.7,962.15,160,965.7,80,0,1920
FINNIFTY02JAN2420400CE.NFO,02/01/2024,10:14:49,945.7,960.8,120,964.1,120,0,1920
FINNIFTY02JAN2420400CE.NFO,02/01/2024,10:14:51,945.7,961.65,160,965.45,120,0,1920
FINNIFTY02JAN2420400CE.NFO,02/01/2024,10:14:53,945.7,962,120,964.7,320,0,1920
FINNIFTY02JAN2420400CE.NFO,02/01/2024,10:14:54,945.7,960.5,120,964.55,720,0,1920
FINNIFTY02JAN2420400CE.NFO,02/01/2024,10:14:56,945.7,958.7,2840,963.35,160,0,1920
FINNIFTY02JAN2420400CE.NFO,02/01/2024,10:14:58,945.7,960,160,963.65,200,0,1920
FINNIFTY02JAN2420400CE.NFO,02/01/2024,10:14:59,945.7,960.25,80,964.85,360,0,1920
FINNIFTY02JAN2420400CE.NFO,02/01/2024,10:15:01,945.7,962,160,966.95,200,0,1920
FINNIFTY02JAN2420400CE.NFO,02/01/2024,10:15:03,945.7,960.95,160,965.75,360,0,1920
FINNIFTY02JAN2420400CE.NFO,02/01/2024,10:15:04,945.7,961.65,80,966.7,80,0,1920
FINNIFTY02JAN2420400CE.NFO,02/01/2024,10:15:06,945.7,961.75,40,964.7,120,0,1920
FINNIFTY02JAN2420400CE.NFO,02/01/2024,10:15:08,945.7,959.75,120,962.95,200,0,1920
FINNIFTY02JAN2420400CE.NFO,02/01/2024,10:15:09,945.7,960.2,160,964.25,640,0,1920
FINNIFTY02JAN2420400CE.NFO,02/01/2024,10:15:11,945.7,958.55,160,962.45,160,0,1920
FINNIFTY02JAN2420400CE.NFO,02/01/2024,10:15:13,945.7,959.3,120,963.65,200,0,1920
FINNIFTY02JAN2420400CE.NFO,02/01/2024,10:15:14,945.7,959.6,120,963.35,1040,0,1920
FINNIFTY02JAN2420400CE.NFO,02/01/2024,10:15:16,945.7,960.45,160,965.25,80,0,1920
FINNIFTY02JAN2420400CE.NFO,02/01/2024,10:15:18,945.7,961.5,560,965.35,520,0,1920
FINNIFTY02JAN2420400CE.NFO,02/01/2024,10:15:19,945.7,961.4,120,964.45,80,0,1920
FINNIFTY02JAN2420400CE.NFO,02/01/2024,10:15:21,945.7,961.85,120,966.7,4440,0,1920
FINNIFTY02JAN2420400CE.NFO,02/01/2024,10:15:23,945.7,959.85,120,964.05,80,0,1920
FINNIFTY02JAN2420400CE.NFO,02/01/2024,10:15:24,945.7,960.5,120,964.4,80,0,1920
FINNIFTY02JAN2420400CE.NFO,02/01/2024,10:15:26,945.7,960.8,80,963.65,160,0,1920
FINNIFTY02JAN2420400CE.NFO,02/01/2024,10:15:28,945.7,960.8,40,963.15,80,0,1920
FINNIFTY02JAN2420400CE.NFO,02/01/2024,10:15:29,945.7,959.15,120,962.65,120,0,1920
FINNIFTY02JAN2420400CE.NFO,02/01/2024,10:15:31,945.7,959.35,120,962.75,960,0,1920
FINNIFTY02JAN2420400CE.NFO,02/01/2024,10:15:33,945.7,957.55,320,961.7,1080,0,1920
FINNIFTY02JAN2420400CE.NFO,02/01/2024,10:15:34,945.7,958.1,80,961.5,80,0,1920
FINNIFTY02JAN2420400CE.NFO,02/01/2024,10:15:36,945.7,958.45,80,961.55,200,0,1920
FINNIFTY02JAN2420400CE.NFO,02/01/2024,10:15:38,945.7,958.85,160,962,400,0,1920
FINNIFTY02JAN2420400CE.NFO,02/01/2024,10:15:39,945.7,959.3,120,963.65,4160,0,1920
FINNIFTY02JAN2420400CE.NFO,02/01/2024,10:15:41,945.7,959.7,120,962.8,200,0,1920
FINNIFTY02JAN2420400CE.NFO,02/01/2024,10:15:43,945.7,959.95,240,962.9,80,0,1920
FINNIFTY02JAN2420400CE.NFO,02/01/2024,10:15:44,945.7,960.4,120,965.65,200,0,1920
FINNIFTY02JAN2420400CE.NFO,02/01/2024,10:15:46,945.7,960.85,160,964.45,440,0,1920
FINNIFTY02JAN2420400CE.NFO,02/01/2024,10:15:47,945.7,962.05,440,967.15,120,0,1920
FINNIFTY02JAN2420400CE.NFO,02/01/2024,10:15:49,945.7,962.85,200,967.4,1480,0,1920
FINNIFTY02JAN2420400CE.NFO,02/01/2024,10:15:51,945.7,963.45,120,966.85,200,0,1920
FINNIFTY02JAN2420400CE.NFO,02/01/2024,10:15:52,945.7,961.25,160,965.2,200,0,1920
FINNIFTY02JAN2420400CE.NFO,02/01/2024,10:15:54,945.7,961.8,200,964.5,200,0,1920
FINNIFTY02JAN2420400CE.NFO,02/01/2024,10:15:56,945.7,960.3,200,964,200,0,1920
FINNIFTY02JAN2420400CE.NFO,02/01/2024,10:15:57,945.7,960.7,120,964.3,240,0,1920
FINNIFTY02JAN2420400CE.NFO,02/01/2024,10:15:59,945.7,961.2,160,964.95,800,0,1920
FINNIFTY02JAN2420400CE.NFO,02/01/2024,10:16:01,945.7,961.85,80,970.55,80,0,1920
FINNIFTY02JAN2420400CE.NFO,02/01/2024,10:16:02,945.7,960,200,965.3,80,0,1920
FINNIFTY02JAN2420400CE.NFO,02/01/2024,10:16:04,945.7,960.55,200,963.85,160,0,1920
FINNIFTY02JAN2420400CE.NFO,02/01/2024,10:16:06,945.7,961.05,120,964.65,280,0,1920
FINNIFTY02JAN2420400CE.NFO,02/01/2024,10:16:07,945.7,961.6,120,965.45,120,0,1920
FINNIFTY02JAN2420400CE.NFO,02/01/2024,10:16:09,945.7,962.35,80,966.3,400,0,1920
FINNIFTY02JAN2420400CE.NFO,02/01/2024,10:16:11,945.7,962.8,200,966.5,400,0,1920
FINNIFTY02JAN2420400CE.NFO,02/01/2024,10:16:12,945.7,961,160,965.05,440,0,1920
FINNIFTY02JAN2420400CE.NFO,02/01/2024,10:16:14,945.7,961.6,160,965.35,200,0,1920
FINNIFTY02JAN2420400CE.NFO,02/01/2024,10:16:16,945.7,962.5,80,966.15,360,0,1920
FINNIFTY02JAN2420400CE.NFO,02/01/2024,10:16:17,945.7,961,200,964.8,200,0,1920
FINNIFTY02JAN2420400CE.NFO,02/01/2024,10:16:19,945.7,961.65,200,964.85,960,0,1920
FINNIFTY02JAN2420400CE.NFO,02/01/2024,10:16:21,945.7,961.8,360,964.65,200,0,1920
FINNIFTY02JAN2420400CE.NFO,02/01/2024,10:16:22,945.7,962.6,120,969.55,80,0,1920
FINNIFTY02JAN2420400CE.NFO,02/01/2024,10:16:24,945.7,963,120,965.8,80,0,1920
FINNIFTY02JAN2420400CE.NFO,02/01/2024,10:16:26,945.7,963.2,80,966.05,200,0,1920
FINNIFTY02JAN2420400CE.NFO,02/01/2024,10:16:27,945.7,961.45,80,965.25,120,0,1920
FINNIFTY02JAN2420400CE.NFO,02/01/2024,10:16:29,945.7,962.1,200,965.4,200,0,1920
FINNIFTY02JAN2420400CE.NFO,02/01/2024,10:16:31,945.7,962.6,200,965.85,200,0,1920
FINNIFTY02JAN2420400CE.NFO,02/01/2024,10:16:32,945.7,962.75,80,965.65,360,0,1920
FINNIFTY02JAN2420400CE.NFO,02/01/2024,10:16:34,945.7,961.5,200,965.15,400,0,1920
FINNIFTY02JAN2420400CE.NFO,02/01/2024,10:16:36,945.7,962,200,965.3,120,0,1920
FINNIFTY02JAN2420400CE.NFO,02/01/2024,10:16:37,945.7,962.35,80,965.55,320,0,1920
FINNIFTY02JAN2420400CE.NFO,02/01/2024,10:16:39,945.7,960.7,160,964.55,200,0,1920
FINNIFTY02JAN2420400CE.NFO,02/01/2024,10:16:40,945.7,961.4,200,964.6,120,0,1920
FINNIFTY02JAN2420400CE.NFO,02/01/2024,10:16:42,945.7,961.8,120,964.85,600,0,1920
FINNIFTY02JAN2420400CE.NFO,02/01/2024,10:16:44,945.7,961.8,120,964.4,200,0,1920
FINNIFTY02JAN2420400CE.NFO,02/01/2024,10:16:45,945.7,959.8,160,962.9,80,0,1920
FINNIFTY02JAN2420400CE.NFO,02/01/2024,10:16:47,945.7,958.4,200,961.25,200,0,1920
FINNIFTY02JAN2420400CE.NFO,02/01/2024,10:16:49,945.7,957.2,80,960.15,80,0,1920
FINNIFTY02JAN2420400CE.NFO,02/01/2024,10:16:50,945.7,954.15,200,958.2,240,0,1920
FINNIFTY02JAN2420400CE.NFO,02/01/2024,10:16:52,945.7,952.75,80,957.05,200,0,1920
FINNIFTY02JAN2420400CE.NFO,02/01/2024,10:16:54,945.7,953.9,120,958.15,240,0,1920
FINNIFTY02JAN2420400CE.NFO,02/01/2024,10:16:55,945.7,952.95,200,957.5,200,0,1920
FINNIFTY02JAN2420400CE.NFO,02/01/2024,10:16:57,945.7,951.45,200,955.65,720,0,1920
FINNIFTY02JAN2420400CE.NFO,02/01/2024,10:16:59,945.7,952.65,200,956.9,200,0,1920
FINNIFTY02JAN2420400CE.NFO,02/01/2024,10:17:00,945.7,951.6,80,955.8,120,0,1920
FINNIFTY02JAN2420400CE.NFO,02/01/2024,10:17:02,945.7,953.45,200,957.5,120,0,1920
FINNIFTY02JAN2420400CE.NFO,02/01/2024,10:17:04,945.7,951.95,280,955.2,360,0,1920
FINNIFTY02JAN2420400CE.NFO,02/01/2024,10:17:05,945.7,948.1,40,954,80,0,1920
FINNIFTY02JAN2420400CE.NFO,02/01/2024,10:17:07,945.7,944.55,80,951.15,200,0,1920
FINNIFTY02JAN2420400CE.NFO,02/01/2024,10:17:09,945.7,947.65,80,952.75,80,0,1920
FINNIFTY02JAN2420400CE.NFO,02/01/2024,10:17:10,945.7,949.3,80,955.9,40,0,1920
FINNIFTY02JAN2420400CE.NFO,02/01/2024,10:17:12,945.7,950.15,200,955.65,40,0,1920
FINNIFTY02JAN2420400CE.NFO,02/01/2024,10:17:14,945.7,950.1,120,952.7,80,0,1920
FINNIFTY02JAN2420400CE.NFO,02/01/2024,10:17:15,945.7,946.2,200,951.5,40,0,1920
FINNIFTY02JAN2420400CE.NFO,02/01/2024,10:17:17,945.7,946.6,80,950.3,120,0,1920
FINNIFTY02JAN2420400CE.NFO,02/01/2024,10:17:19,945.7,947.65,120,951.45,400,0,1920
FINNIFTY02JAN2420400CE.NFO,02/01/2024,10:17:20,945.7,946.2,200,950.75,240,0,1920
FINNIFTY02JAN2420400CE.NFO,02/01/2024,10:17:22,945.7,945.15,200,950.6,80,0,1920
FINNIFTY02JAN2420400CE.NFO,02/01/2024,10:17:24,945.7,943.55,200,947.6,80,0,1920
FINNIFTY02JAN2420400CE.NFO,02/01/2024,10:17:25,945.7,941.2,40,949.6,600,0,1920
FINNIFTY02JAN2420400CE.NFO,02/01/2024,10:17:27,945.7,938.6,40,947.45,200,0,1920
FINNIFTY02JAN2420400CE.NFO,02/01/2024,10:17:29,945.7,940.6,120,947.35,80,0,1920
FINNIFTY02JAN2420400CE.NFO,02/01/2024,10:17:30,945.7,943.2,120,950.05,200,0,1920
FINNIFTY02JAN2420400CE.NFO,02/01/2024,10:17:32,945.7,945.65,200,951.55,280,0,1920
FINNIFTY02JAN2420400CE.NFO,02/01/2024,10:17:33,945.7,946.3,200,950.35,40,0,1920
FINNIFTY02JAN2420400CE.NFO,02/01/2024,10:17:35,945.7,947.1,40,954.8,200,0,1920
FINNIFTY02JAN2420400CE.NFO,02/01/2024,10:17:37,945.7,948.2,200,952.05,360,0,1920
FINNIFTY02JAN2420400CE.NFO,02/01/2024,10:17:39,945.7,946.75,200,950.7,120,0,1920
FINNIFTY02JAN2420400CE.NFO,02/01/2024,10:17:40,945.7,947.75,80,954.5,280,0,1920
FINNIFTY02JAN2420400CE.NFO,02/01/2024,10:17:42,945.7,948.25,160,954.2,40,0,1920
FINNIFTY02JAN2420400CE.NFO,02/01/2024,10:17:44,945.7,948.6,200,951.7,200,0,1920
FINNIFTY02JAN2420400CE.NFO,02/01/2024,10:17:45,945.7,949.15,200,953.75,600,0,1920
FINNIFTY02JAN2420400CE.NFO,02/01/2024,10:17:47,945.7,950.85,240,954.95,80,0,1920
FINNIFTY02JAN2420400CE.NFO,02/01/2024,10:17:49,945.7,945,160,954.15,680,0,1920
FINNIFTY02JAN2420400CE.NFO,02/01/2024,10:17:50,945.7,948.6,80,952.45,120,0,1920
FINNIFTY02JAN2420400CE.NFO,02/01/2024,10:17:52,945.7,949.05,160,953,80,0,1920
FINNIFTY02JAN2420400CE.NFO,02/01/2024,10:17:54,945.7,950.05,120,953.15,240,0,1920
FINNIFTY02JAN2420400CE.NFO,02/01/2024,10:17:55,945.7,950.1,40,952.7,120,0,1920
FINNIFTY02JAN2420400CE.NFO,02/01/2024,10:17:57,945.7,948.5,120,952.2,240,0,1920
FINNIFTY02JAN2420400CE.NFO,02/01/2024,10:17:59,945.7,949.6,120,953.9,120,0,1920
FINNIFTY02JAN2420400CE.NFO,02/01/2024,10:18:00,945.7,950.95,80,955.75,40,0,1920
FINNIFTY02JAN2420400CE.NFO,02/01/2024,10:18:02,945.7,952.55,120,955.9,120,0,1920
FINNIFTY02JAN2420400CE.NFO,02/01/2024,10:18:04,945.7,951.1,80,954.45,360,0,1920
FINNIFTY02JAN2420400CE.NFO,02/01/2024,10:18:05,945.7,949.8,80,953.45,120,0,1920
FINNIFTY02JAN2420400CE.NFO,02/01/2024,10:18:07,945.7,950.85,120,956.8,80,0,1920
FINNIFTY02JAN2420400CE.NFO,02/01/2024,10:18:09,945.7,951.55,120,955.2,640,0,1920
FINNIFTY02JAN2420400CE.NFO,02/01/2024,10:18:10,945.7,952,160,955.55,80,0,1920
FINNIFTY02JAN2420400CE.NFO,02/01/2024,10:18:12,945.7,952.4,80,955.7,120,0,1920
FINNIFTY02JAN2420400CE.NFO,02/01/2024,10:18:14,945.7,952.7,120,957.35,80,0,1920
FINNIFTY02JAN2420400CE.NFO,02/01/2024,10:18:15,945.7,951.7,120,954.9,240,0,1920
FINNIFTY02JAN2420400CE.NFO,02/01/2024,10:18:17,945.7,950.35,280,954.05,360,0,1920
FINNIFTY02JAN2420400CE.NFO,02/01/2024,10:18:19,945.7,948.75,160,952.55,200,0,1920
FINNIFTY02JAN2420400CE.NFO,02/01/2024,10:18:20,945.7,949.4,120,952.95,200,0,1920
FINNIFTY02JAN2420400CE.NFO,02/01/2024,10:18:22,945.7,949.5,120,952.55,120,0,1920
FINNIFTY02JAN2420400CE.NFO,02/01/2024,10:18:23,945.7,948.25,80,952.2,120,0,1920
FINNIFTY02JAN2420400CE.NFO,02/01/2024,10:18:25,945.7,948.35,40,951.95,80,0,1920
FINNIFTY02JAN2420400CE.NFO,02/01/2024,10:18:27,945.7,946.6,120,950.8,120,0,1920
FINNIFTY02JAN2420400CE.NFO,02/01/2024,10:18:28,945.7,947.6,120,950.85,160,0,1920
FINNIFTY02JAN2420400CE.NFO,02/01/2024,10:18:30,945.7,946.6,80,950.55,200,0,1920
FINNIFTY02JAN2420400CE.NFO,02/01/2024,10:18:32,945.7,944.85,80,949.15,240,0,1920
FINNIFTY02JAN2420400CE.NFO,02/01/2024,10:18:33,945.7,945.4,280,949.25,120,0,1920
FINNIFTY02JAN2420400CE.NFO,02/01/2024,10:18:35,945.7,946.7,120,961.3,80,0,1920
FINNIFTY02JAN2420400CE.NFO,02/01/2024,10:18:37,945.7,947.7,280,951.1,200,0,1920
FINNIFTY02JAN2420400CE.NFO,02/01/2024,10:18:38,945.7,945.65,160,949.4,80,0,1920
FINNIFTY02JAN2420400CE.NFO,02/01/2024,10:18:40,945.7,946.7,80,950.55,120,0,1920
FINNIFTY02JAN2420400CE.NFO,02/01/2024,10:18:42,945.7,947.85,160,951.45,360,0,1920
FINNIFTY02JAN2420400CE.NFO,02/01/2024,10:18:43,945.7,948,120,950.75,120,0,1920
FINNIFTY02JAN2420400CE.NFO,02/01/2024,10:18:45,945.7,946.3,120,950.2,360,0,1920
FINNIFTY02JAN2420400CE.NFO,02/01/2024,10:18:47,945.7,946.8,120,950.55,160,0,1920
FINNIFTY02JAN2420400CE.NFO,02/01/2024,10:18:48,945.7,948.05,120,952.25,120,0,1920
FINNIFTY02JAN2420400CE.NFO,02/01/2024,10:18:50,945.7,949.55,120,953.15,200,0,1920
FINNIFTY02JAN2420400CE.NFO,02/01/2024,10:18:52,945.7,950.2,240,960.4,160,0,1920
FINNIFTY02JAN2420400CE.NFO,02/01/2024,10:18:53,945.7,950.55,120,954.35,80,0,1920
FINNIFTY02JAN2420400CE.NFO,02/01/2024,10:18:55,945.7,948.8,120,952.65,200,0,1920
FINNIFTY02JAN2420400CE.NFO,02/01/2024,10:18:57,945.7,949.5,160,953.25,120,0,1920
FINNIFTY02JAN2420400CE.NFO,02/01/2024,10:18:58,945.7,948.8,120,953.1,720,0,1920
FINNIFTY02JAN2420400CE.NFO,02/01/2024,10:19:00,945.7,949.6,80,952.9,40,0,1920
FINNIFTY02JAN2420400CE.NFO,02/01/2024,10:19:02,945.7,948.25,80,950.95,120,0,1920
FINNIFTY02JAN2420400CE.NFO,02/01/2024,10:19:03,945.7,948.75,160,952.55,200,0,1920
FINNIFTY02JAN2420400CE.NFO,02/01/2024,10:19:05,945.7,949.05,120,951.9,120,0,1920
FINNIFTY02JAN2420400CE.NFO,02/01/2024,10:19:07,945.7,948.25,160,953.55,40,0,1920
FINNIFTY02JAN2420400CE.NFO,02/01/2024,10:19:08,945.7,948.7,120,951.55,120,0,1920
FINNIFTY02JAN2420400CE.NFO,02/01/2024,10:19:10,945.7,947.25,120,950.55,120,0,1920
FINNIFTY02JAN2420400CE.NFO,02/01/2024,10:19:12,945.7,945.4,160,950.4,200,0,1920
FINNIFTY02JAN2420400CE.NFO,02/01/2024,10:19:13,945.7,946.45,120,949.15,120,0,1920
FINNIFTY02JAN2420400CE.NFO,02/01/2024,10:19:15,945.7,944.65,120,948.3,520,0,1920
FINNIFTY02JAN2420400CE.NFO,02/01/2024,10:19:17,945.7,943.25,120,947.25,200,0,1920
FINNIFTY02JAN2420400CE.NFO,02/01/2024,10:19:18,945.7,944.9,80,948.8,120,0,1920
FINNIFTY02JAN2420400CE.NFO,02/01/2024,10:19:20,945.7,943.4,120,947.45,120,0,1920
FINNIFTY02JAN2420400CE.NFO,02/01/2024,10:19:21,945.7,944.2,40,948.7,40,0,1920
FINNIFTY02JAN2420400CE.NFO,02/01/2024,10:19:23,945.7,945.8,80,949.1,120,0,1920
FINNIFTY02JAN2420400CE.NFO,02/01/2024,10:19:25,945.7,943.9,120,948.45,1040,0,1920
FINNIFTY02JAN2420400CE.NFO,02/01/2024,10:19:26,945.7,944.65,120,948.4,160,0,1920
FINNIFTY02JAN2420400CE.NFO,02/01/2024,10:19:28,945.7,945.2,120,948.5,120,0,1920
FINNIFTY02JAN2420400CE.NFO,02/01/2024,10:19:30,945.7,945.8,120,950.6,80,0,1920
FINNIFTY02JAN2420400CE.NFO,02/01/2024,10:19:32,945.7,947.25,160,950.95,320,0,1920
FINNIFTY02JAN2420400CE.NFO,02/01/2024,10:19:34,945.7,948,280,951.35,360,0,1920
FINNIFTY02JAN2420400CE.NFO,02/01/2024,10:19:35,945.7,946.75,120,950.5,120,0,1920
FINNIFTY02JAN2420400CE.NFO,02/01/2024,10:19:37,945.7,947.3,120,950.4,120,0,1920
FINNIFTY02JAN2420400CE.NFO,02/01/2024,10:19:39,945.7,948.35,160,952.05,160,0,1920
FINNIFTY02JAN2420400CE.NFO,02/01/2024,10:19:40,945.7,949.15,160,963.35,80,0,1920
FINNIFTY02JAN2420400CE.NFO,02/01/2024,10:19:42,945.7,949.5,120,952.85,80,0,1920
FINNIFTY02JAN2420400CE.NFO,02/01/2024,10:19:44,945.7,949.95,120,953.6,40,0,1920
FINNIFTY02JAN2420400CE.NFO,02/01/2024,10:19:45,945.7,950.3,120,953.25,120,0,1920
FINNIFTY02JAN2420400CE.NFO,02/01/2024,10:19:47,945.7,949.2,80,951.85,120,0,1920
FINNIFTY02JAN2420400CE.NFO,02/01/2024,10:19:49,945.7,949.05,200,953.05,120,0,1920
FINNIFTY02JAN2420400CE.NFO,02/01/2024,10:19:50,945.7,949.7,160,952.85,160,0,1920
FINNIFTY02JAN2420400CE.NFO,02/01/2024,10:19:52,945.7,949.95,120,953,80,0,1920
FINNIFTY02JAN2420400CE.NFO,02/01/2024,10:19:54,945.7,950.2,160,952.9,80,0,1920
FINNIFTY02JAN2420400CE.NFO,02/01/2024,10:19:55,945.7,950.6,120,954.8,200,0,1920
FINNIFTY02JAN2420400CE.NFO,02/01/2024,10:19:57,945.7,952.05,120,957.9,200,0,1920
FINNIFTY02JAN2420400CE.NFO,02/01/2024,10:19:59,945.7,952.55,120,955.65,120,0,1920
FINNIFTY02JAN2420400CE.NFO,02/01/2024,10:20:00,945.7,951.25,360,954.45,240,0,1920
FINNIFTY02JAN2420400CE.NFO,02/01/2024,10:20:02,945.7,951.95,120,956.3,120,0,1920
FINNIFTY02JAN2420400CE.NFO,02/01/2024,10:20:04,945.7,953.1,120,958.25,1040,0,1920
FINNIFTY02JAN2420400CE.NFO,02/01/2024,10:20:05,945.7,951.6,120,955.3,120,0,1920
FINNIFTY02JAN2420400CE.NFO,02/01/2024,10:20:07,945.7,951.95,80,954.85,240,0,1920
FINNIFTY02JAN2420400CE.NFO,02/01/2024,10:20:09,945.7,950.15,120,953.85,160,0,1920
FINNIFTY02JAN2420400CE.NFO,02/01/2024,10:20:10,945.7,950.55,120,953.95,640,0,1920
FINNIFTY02JAN2420400CE.NFO,02/01/2024,10:20:12,945.7,948.95,80,952.65,80,0,1920
FINNIFTY02JAN2420400CE.NFO,02/01/2024,10:20:14,945.7,949.85,120,954.6,200,0,1920
FINNIFTY02JAN2420400CE.NFO,02/01/2024,10:20:15,945.7,950.55,120,954.1,280,0,1920
FINNIFTY02JAN2420400CE.NFO,02/01/2024,10:20:17,945.7,949.4,160,953.45,120,0,1920
FINNIFTY02JAN2420400CE.NFO,02/01/2024,10:20:19,945.7,950.3,120,953.5,120,0,1920
FINNIFTY02JAN2420400CE.NFO,02/01/2024,10:20:20,945.7,948.7,600,953.35,160,0,1920
FINNIFTY02JAN2420400CE.NFO,02/01/2024,10:20:22,945.7,949.4,80,952.15,120,0,1920
FINNIFTY02JAN2420400CE.NFO,02/01/2024,10:20:24,945.7,946.9,80,950.45,200,0,1920
FINNIFTY02JAN2420400CE.NFO,02/01/2024,10:20:25,945.7,948.7,120,952.65,160,0,1920
FINNIFTY02JAN2420400CE.NFO,02/01/2024,10:20:27,945.7,949.35,80,963.45,200,0,1920
FINNIFTY02JAN2420400CE.NFO,02/01/2024,10:20:29,945.7,950.15,120,953.75,120,0,1920
FINNIFTY02JAN2420400CE.NFO,02/01/2024,10:20:30,945.7,950.45,120,953.65,120,0,1920
FINNIFTY02JAN2420400CE.NFO,02/01/2024,10:20:32,945.7,947.75,3760,952.95,400,0,1920
FINNIFTY02JAN2420400CE.NFO,02/01/2024,10:20:34,945.7,949.35,80,953.1,280,0,1920
FINNIFTY02JAN2420400CE.NFO,02/01/2024,10:20:35,945.7,949.7,120,953.2,120,0,1920
FINNIFTY02JAN2420400CE.NFO,02/01/2024,10:20:37,945.7,950.8,160,955.15,2000,0,1920
FINNIFTY02JAN2420400CE.NFO,02/01/2024,10:20:39,945.7,951.7,80,956.45,200,0,1920
FINNIFTY02JAN2420400CE.NFO,02/01/2024,10:20:40,945.7,951.8,160,954.85,80,0,1920
FINNIFTY02JAN2420400CE.NFO,02/01/2024,10:20:42,945.7,951.7,40,954.05,80,0,1920
FINNIFTY02JAN2420400CE.NFO,02/01/2024,10:20:44,945.7,951.85,120,954.5,200,0,1920
FINNIFTY02JAN2420400CE.NFO,02/01/2024,10:20:45,945.7,949.7,80,953.95,80,0,1920
FINNIFTY02JAN2420400CE.NFO,02/01/2024,10:20:47,945.7,950.8,120,954.2,120,0,1920
FINNIFTY02JAN2420400CE.NFO,02/01/2024,10:20:49,945.7,950.95,40,953.4,200,0,1920
FINNIFTY02JAN2420400CE.NFO,02/01/2024,10:20:50,945.7,949.75,160,952.65,360,0,1920
FINNIFTY02JAN2420400CE.NFO,02/01/2024,10:20:52,945.7,950.1,120,953.05,480,0,1920
FINNIFTY02JAN2420400CE.NFO,02/01/2024,10:20:54,945.7,950.25,40,952.95,120,0,1920
FINNIFTY02JAN2420400CE.NFO,02/01/2024,10:20:55,945.7,948.95,120,952.5,120,0,1920
FINNIFTY02JAN2420400CE.NFO,02/01/2024,10:20:57,945.7,949.25,120,952.75,120,0,1920
FINNIFTY02JAN2420400CE.NFO,02/01/2024,10:20:59,945.7,949.6,80,952.75,40,0,1920
FINNIFTY02JAN2420400CE.NFO,02/01/2024,10:21:00,945.7,947.5,200,951.15,120,0,1920
FINNIFTY02JAN2420400CE.NFO,02/01/2024,10:21:02,945.7,947.5,40,950.05,120,0,1920
FINNIFTY02JAN2420400CE.NFO,02/01/2024,10:21:04,945.7,946.65,120,950.95,640,0,1920
FINNIFTY02JAN2420400CE.NFO,02/01/2024,10:21:05,945.7,945.05,120,949.3,200,0,1920
FINNIFTY02JAN2420400CE.NFO,02/01/2024,10:21:07,945.7,945.55,160,949,120,0,1920
FINNIFTY02JAN2420400CE.NFO,02/01/2024,10:21:09,945.7,946,120,949.25,160,0,1920
FINNIFTY02JAN2420400CE.NFO,02/01/2024,10:21:10,945.7,944.8,120,949,40,0,1920
FINNIFTY02JAN2420400CE.NFO,02/01/2024,10:21:12,945.7,946.05,120,950.05,200,0,1920
FINNIFTY02JAN2420400CE.NFO,02/01/2024,10:21:14,945.7,947.45,200,952.1,200,0,1920
FINNIFTY02JAN2420400CE.NFO,02/01/2024,10:21:15,945.7,948.2,120,951.85,280,0,1920
FINNIFTY02JAN2420400CE.NFO,02/01/2024,10:21:17,945.7,949.15,120,952.5,240,0,1920
FINNIFTY02JAN2420400CE.NFO,02/01/2024,10:21:19,945.7,950.05,160,956.45,3920,0,1920
FINNIFTY02JAN2420400CE.NFO,02/01/2024,10:21:20,945.7,951.3,80,954.65,120,0,1920
FINNIFTY02JAN2420400CE.NFO,02/01/2024,10:21:22,945.7,951.75,160,955.3,240,0,1920
FINNIFTY02JAN2420400CE.NFO,02/01/2024,10:21:24,945.7,953.4,80,957.65,120,0,1920
FINNIFTY02JAN2420400CE.NFO,02/01/2024,10:21:25,945.7,955.3,360,962.8,40,0,1920
FINNIFTY02JAN2420400CE.NFO,02/01/2024,10:21:27,945.7,955.7,120,960.55,80,0,1920
FINNIFTY02JAN2420400CE.NFO,02/01/2024,10:21:29,945.7,956.45,280,960.5,200,0,1920
FINNIFTY02JAN2420400CE.NFO,02/01/2024,10:21:30,945.7,957.6,40,965.25,1080,0,1920
FINNIFTY02JAN2420400CE.NFO,02/01/2024,10:21:32,945.7,958.45,120,962.95,80,0,1920
FINNIFTY02JAN2420400CE.NFO,02/01/2024,10:21:34,945.7,956.7,160,960.9,760,0,1920
FINNIFTY02JAN2420400CE.NFO,02/01/2024,10:21:35,945.7,955.45,120,959.5,200,0,1920
FINNIFTY02JAN2420400CE.NFO,02/01/2024,10:21:37,945.7,955.8,120,959,120,0,1920
FINNIFTY02JAN2420400CE.NFO,02/01/2024,10:21:39,945.7,955.95,120,959,120,0,1920
FINNIFTY02JAN2420400CE.NFO,02/01/2024,10:21:40,945.7,956.05,120,959,120,0,1920
FINNIFTY02JAN2420400CE.NFO,02/01/2024,10:21:42,945.7,952.8,120,957.05,160,0,1920
FINNIFTY02JAN2420400CE.NFO,02/01/2024,10:21:44,945.7,954.15,120,959.05,960,0,1920
FINNIFTY02JAN2420400CE.NFO,02/01/2024,10:21:45,945.7,954.95,120,958.55,360,0,1920
FINNIFTY02JAN2420400CE.NFO,02/01/2024,10:21:47,945.7,955.7,120,960.15,120,0,1920
FINNIFTY02JAN2420400CE.NFO,02/01/2024,10:21:48,945.7,956.45,440,960.8,440,0,1920
FINNIFTY02JAN2420400CE.NFO,02/01/2024,10:21:50,945.7,956.9,120,960.35,840,0,1920
FINNIFTY02JAN2420400CE.NFO,02/01/2024,10:21:52,945.7,954.65,40,959.15,200,0,1920
FINNIFTY02JAN2420400CE.NFO,02/01/2024,10:21:53,945.7,955.8,200,959.55,200,0,1920
FINNIFTY02JAN2420400CE.NFO,02/01/2024,10:21:55,945.7,956.3,120,959.35,240,0,1920
FINNIFTY02JAN2420400CE.NFO,02/01/2024,10:21:57,945.7,954.6,120,958.55,320,0,1920
FINNIFTY02JAN2420400CE.NFO,02/01/2024,10:21:58,945.7,952.6,480,956.7,80,0,1920
FINNIFTY02JAN2420400CE.NFO,02/01/2024,10:22:00,945.7,952.65,160,955.7,80,0,1920
FINNIFTY02JAN2420400CE.NFO,02/01/2024,10:22:02,945.7,952.7,280,955.65,120,0,1920
FINNIFTY02JAN2420400CE.NFO,02/01/2024,10:22:03,945.7,952.95,160,956.3,80,0,1920
FINNIFTY02JAN2420400CE.NFO,02/01/2024,10:22:05,945.7,951.1,120,954.5,200,0,1920
FINNIFTY02JAN2420400CE.NFO,02/01/2024,10:22:07,945.7,951.2,160,954.15,360,0,1920
FINNIFTY02JAN2420400CE.NFO,02/01/2024,10:22:08,945.7,951.65,120,956,40,0,1920
FINNIFTY02JAN2420400CE.NFO,02/01/2024,10:22:10,945.7,949.4,40,954.2,360,0,1920
FINNIFTY02JAN2420400CE.NFO,02/01/2024,10:22:12,945.7,951,120,954.4,640,0,1920
FINNIFTY02JAN2420400CE.NFO,02/01/2024,10:22:13,945.7,951.2,80,954.2,120,0,1920
FINNIFTY02JAN2420400CE.NFO,02/01/2024,10:22:15,945.7,949.7,160,953.2,120,0,1920
FINNIFTY02JAN2420400CE.NFO,02/01/2024,10:22:17,945.7,948.3,160,951,80,0,1920
FINNIFTY02JAN2420400CE.NFO,02/01/2024,10:22:18,945.7,948.95,160,967.7,40,0,1920
FINNIFTY02JAN2420400CE.NFO,02/01/2024,10:22:20,945.7,949.55,120,952.3,200,0,1920
FINNIFTY02JAN2420400CE.NFO,02/01/2024,10:22:22,945.7,947.75,120,951.35,200,0,1920
FINNIFTY02JAN2420400CE.NFO,02/01/2024,10:22:23,945.7,948.4,120,952.2,2280,0,1920
FINNIFTY02JAN2420400CE.NFO,02/01/2024,10:22:25,945.7,947.15,480,951.2,200,0,1920
FINNIFTY02JAN2420400CE.NFO,02/01/2024,10:22:27,945.7,947.7,320,952.2,560,0,1920
FINNIFTY02JAN2420400CE.NFO,02/01/2024,10:22:28,945.7,948.25,120,951.05,160,0,1920
FINNIFTY02JAN2420400CE.NFO,02/01/2024,10:22:30,945.7,948.45,120,952,400,0,1920
FINNIFTY02JAN2420400CE.NFO,02/01/2024,10:22:32,945.7,948.85,120,954.65,80,0,1920
FINNIFTY02JAN2420400CE.NFO,02/01/2024,10:22:33,945.7,949.3,120,952.2,640,0,1920
FINNIFTY02JAN2420400CE.NFO,02/01/2024,10:22:35,945.7,948.1,120,951.9,120,0,1920
FINNIFTY02JAN2420400CE.NFO,02/01/2024,10:22:36,945.7,946.7,800,950.8,120,0,1920
FINNIFTY02JAN2420400CE.NFO,02/01/2024,10:22:38,945.7,947.25,120,951.1,160,0,1920
FINNIFTY02JAN2420400CE.NFO,02/01/2024,10:22:40,945.7,946.6,160,950.35,160,0,1920
FINNIFTY02JAN2420400CE.NFO,02/01/2024,10:22:41,945.7,942.85,4120,949.95,200,0,1920
FINNIFTY02JAN2420400CE.NFO,02/01/2024,10:22:43,945.7,946.8,120,950.75,400,0,1920
FINNIFTY02JAN2420400CE.NFO,02/01/2024,10:22:45,945.7,947.15,120,950.5,200,0,1920
FINNIFTY02JAN2420400CE.NFO,02/01/2024,10:22:46,945.7,947.6,40,952.25,120,0,1920
FINNIFTY02JAN2420400CE.NFO,02/01/2024,10:22:48,945.7,948.6,160,954.4,160,0,1920
FINNIFTY02JAN2420400CE.NFO,02/01/2024,10:22:50,945.7,949.2,80,952.15,80,0,1920
FINNIFTY02JAN2420400CE.NFO,02/01/2024,10:22:51,945.7,947.65,120,950.9,320,0,1920
FINNIFTY02JAN2420400CE.NFO,02/01/2024,10:22:53,945.7,946.55,120,949.85,200,0,1920
FINNIFTY02JAN2420400CE.NFO,02/01/2024,10:22:55,945.7,944.7,200,949.1,1120,0,1920
FINNIFTY02JAN2420400CE.NFO,02/01/2024,10:22:56,945.7,945.4,120,949.1,80,0,1920
FINNIFTY02JAN2420400CE.NFO,02/01/2024,10:22:58,945.7,946,160,949.1,200,0,1920
FINNIFTY02JAN2420400CE.NFO,02/01/2024,10:22:59,945.7,946.35,120,949.25,240,0,1920
FINNIFTY02JAN2420400CE.NFO,02/01/2024,10:23:01,945.7,946.8,120,950.3,200,0,1920
FINNIFTY02JAN2420400CE.NFO,02/01/2024,10:23:03,945.7,947.1,560,951.65,400,0,1920
FINNIFTY02JAN2420400CE.NFO,02/01/2024,10:23:04,945.7,948.1,120,953.4,200,0,1920
FINNIFTY02JAN2420400CE.NFO,02/01/2024,10:23:06,945.7,948.4,80,950.9,120,0,1920
FINNIFTY02JAN2420400CE.NFO,02/01/2024,10:23:07,945.7,947.05,120,950.25,120,0,1920
FINNIFTY02JAN2420400CE.NFO,02/01/2024,10:23:09,945.7,947.6,120,950.75,120,0,1920
FINNIFTY02JAN2420400CE.NFO,02/01/2024,10:23:11,945.7,947.75,120,950.95,640,0,1920
FINNIFTY02JAN2420400CE.NFO,02/01/2024,10:23:12,945.7,948,40,952.85,40,0,1920
FINNIFTY02JAN2420400CE.NFO,02/01/2024,10:23:14,945.7,948.25,40,950.7,360,0,1920
FINNIFTY02JAN2420400CE.NFO,02/01/2024,10:23:15,945.7,946.95,160,950.45,160,0,1920
FINNIFTY02JAN2420400CE.NFO,02/01/2024,10:23:17,945.7,947.3,80,949.85,200,0,1920
FINNIFTY02JAN2420400CE.NFO,02/01/2024,10:23:19,945.7,946.25,120,948.95,120,0,1920
FINNIFTY02JAN2420400CE.NFO,02/01/2024,10:23:20,945.7,946.3,80,949,120,0,1920
FINNIFTY02JAN2420400CE.NFO,02/01/2024,10:23:22,945.7,945.1,160,948.6,480,0,1920
FINNIFTY02JAN2420400CE.NFO,02/01/2024,10:23:23,945.7,944.65,80,949.95,240,0,1920
FINNIFTY02JAN2420400CE.NFO,02/01/2024,10:23:25,945.7,946.8,80,950.9,120,0,1920
FINNIFTY02JAN2420400CE.NFO,02/01/2024,10:23:27,945.7,947.8,120,952.05,240,0,1920
FINNIFTY02JAN2420400CE.NFO,02/01/2024,10:23:28,945.7,948.35,120,951.5,40,0,1920
FINNIFTY02JAN2420400CE.NFO,02/01/2024,10:23:31,945.7,948.9,120,951.75,440,0,1920
FINNIFTY02JAN2420400CE.NFO,02/01/2024,10:23:32,945.7,947.2,120,950.65,120,0,1920
FINNIFTY02JAN2420400CE.NFO,02/01/2024,10:23:34,945.7,947.25,120,950.5,120,0,1920
FINNIFTY02JAN2420400CE.NFO,02/01/2024,10:23:36,945.7,947.6,120,950.9,40,0,1920
FINNIFTY02JAN2420400CE.NFO,02/01/2024,10:23:37,945.7,946.3,160,950.6,120,0,1920
FINNIFTY02JAN2420400CE.NFO,02/01/2024,10:23:39,945.7,947.3,160,950.8,200,0,1920
FINNIFTY02JAN2420400CE.NFO,02/01/2024,10:23:41,945.7,947.5,120,952.65,3800,0,1920
FINNIFTY02JAN2420400CE.NFO,02/01/2024,10:23:42,945.7,946,120,949.9,120,0,1920
FINNIFTY02JAN2420400CE.NFO,02/01/2024,10:23:44,945.7,946.5,120,949.8,120,0,1920
FINNIFTY02JAN2420400CE.NFO,02/01/2024,10:23:46,945.7,946.85,120,949.6,80,0,1920
FINNIFTY02JAN2420400CE.NFO,02/01/2024,10:23:47,945.7,945.7,160,949.1,240,0,1920
FINNIFTY02JAN2420400CE.NFO,02/01/2024,10:23:49,945.7,946.1,80,949.3,200,0,1920
FINNIFTY02JAN2420400CE.NFO,02/01/2024,10:23:51,945.7,945.25,120,948.9,40,0,1920
FINNIFTY02JAN2420400CE.NFO,02/01/2024,10:23:52,945.7,942.05,40,947.7,240,0,1920
FINNIFTY02JAN2420400CE.NFO,02/01/2024,10:23:54,945.7,942.9,160,946.7,80,0,1920
FINNIFTY02JAN2420400CE.NFO,02/01/2024,10:23:56,945.7,944.85,120,949.65,200,0,1920
FINNIFTY02JAN2420400CE.NFO,02/01/2024,10:23:57,945.7,943.5,360,947.55,240,0,1920
FINNIFTY02JAN2420400CE.NFO,02/01/2024,10:23:59,945.7,944,120,947.6,640,0,1920
FINNIFTY02JAN2420400CE.NFO,02/01/2024,10:24:01,945.7,944.95,120,950.65,120,0,1920
FINNIFTY02JAN2420400CE.NFO,02/01/2024,10:24:02,945.7,946.45,120,949.95,120,0,1920
FINNIFTY02JAN2420400CE.NFO,02/01/2024,10:24:04,945.7,947.1,160,950.95,680,0,1920
FINNIFTY02JAN2420400CE.NFO,02/01/2024,10:24:06,945.7,947.9,120,952,120,0,1920
FINNIFTY02JAN2420400CE.NFO,02/01/2024,10:24:07,945.7,948.9,160,953.5,120,0,1920
FINNIFTY02JAN2420400CE.NFO,02/01/2024,10:24:09,945.7,949.7,160,952.85,240,0,1920
FINNIFTY02JAN2420400CE.NFO,02/01/2024,10:24:11,945.7,948.5,120,951.9,520,0,1920
FINNIFTY02JAN2420400CE.NFO,02/01/2024,10:24:12,945.7,947.3,160,950.95,80,0,1920
FINNIFTY02JAN2420400CE.NFO,02/01/2024,10:24:14,945.7,945,120,949.95,240,0,1920
FINNIFTY02JAN2420400CE.NFO,02/01/2024,10:24:16,945.7,946.3,120,950.15,120,0,1920
FINNIFTY02JAN2420400CE.NFO,02/01/2024,10:24:17,945.7,947.15,160,952.2,200,0,1920
FINNIFTY02JAN2420400CE.NFO,02/01/2024,10:24:19,945.7,947.7,160,951.25,200,0,1920
FINNIFTY02JAN2420400CE.NFO,02/01/2024,10:24:21,945.7,945.5,120,950.5,120,0,1920
FINNIFTY02JAN2420400CE.NFO,02/01/2024,10:24:22,945.7,946.55,160,949.5,240,0,1920
FINNIFTY02JAN2420400CE.NFO,02/01/2024,10:24:24,945.7,946.85,160,951.65,3720,0,1920
FINNIFTY02JAN2420400CE.NFO,02/01/2024,10:24:26,945.7,947.6,160,951.2,400,0,1920
FINNIFTY02JAN2420400CE.NFO,02/01/2024,10:24:27,945.7,947.95,160,950.85,240,0,1920
FINNIFTY02JAN2420400CE.NFO,02/01/2024,10:24:29,945.7,945.4,200,950.5,560,0,1920
FINNIFTY02JAN2420400CE.NFO,02/01/2024,10:24:31,945.7,947.55,120,951.5,1560,0,1920
FINNIFTY02JAN2420400CE.NFO,02/01/2024,10:24:33,945.7,948.95,80,952.95,160,0,1920
FINNIFTY02JAN2420400CE.NFO,02/01/2024,10:24:34,945.7,949.75,120,953.55,120,0,1920
FINNIFTY02JAN2420400CE.NFO,02/01/2024,10:24:36,945.7,948.4,120,952.35,80,0,1920
FINNIFTY02JAN2420400CE.NFO,02/01/2024,10:24:38,945.7,948.6,80,951.35,40,0,1920
FINNIFTY02JAN2420400CE.NFO,02/01/2024,10:24:39,945.7,949.05,160,951.95,80,0,1920
FINNIFTY02JAN2420400CE.NFO,02/01/2024,10:24:41,945.7,948.5,120,951.55,40,0,1920
FINNIFTY02JAN2420400CE.NFO,02/01/2024,10:24:43,945.7,948.8,80,951.5,80,0,1920
FINNIFTY02JAN2420400CE.NFO,02/01/2024,10:24:44,945.7,946.95,160,950.9,120,0,1920
FINNIFTY02JAN2420400CE.NFO,02/01/2024,10:24:46,945.7,946.15,80,949.7,40,0,1920
FINNIFTY02JAN2420400CE.NFO,02/01/2024,10:24:48,945.7,946.9,120,950.75,120,0,1920
FINNIFTY02JAN2420400CE.NFO,02/01/2024,10:24:49,945.7,947.4,120,956.65,160,0,1920
FINNIFTY02JAN2420400CE.NFO,02/01/2024,10:24:51,945.7,945.9,80,950.45,80,0,1920
FINNIFTY02JAN2420400CE.NFO,02/01/2024,10:24:53,945.7,946.2,120,950,320,0,1920
FINNIFTY02JAN2420400CE.NFO,02/01/2024,10:24:54,945.7,946.8,80,950,120,0,1920
FINNIFTY02JAN2420400CE.NFO,02/01/2024,10:24:56,945.7,945.6,40,949.2,40,0,1920
FINNIFTY02JAN2420400CE.NFO,02/01/2024,10:24:58,945.7,946.15,120,949.6,200,0,1920
FINNIFTY02JAN2420400CE.NFO,02/01/2024,10:24:59,945.7,948.2,120,952.7,440,0,1920
FINNIFTY02JAN2420400CE.NFO,02/01/2024,10:25:01,945.7,947.5,240,950.6,120,0,1920
FINNIFTY02JAN2420400CE.NFO,02/01/2024,10:25:03,945.7,946.75,160,951.3,200,0,1920
FINNIFTY02JAN2420400CE.NFO,02/01/2024,10:25:04,945.7,946.9,160,949.55,200,0,1920
FINNIFTY02JAN2420400CE.NFO,02/01/2024,10:25:06,945.7,946.85,280,950.25,80,0,1920
FINNIFTY02JAN2420400CE.NFO,02/01/2024,10:25:08,945.7,945.65,120,950.2,120,0,1920
FINNIFTY02JAN2420400CE.NFO,02/01/2024,10:25:09,945.7,947,120,951.05,80,0,1920
FINNIFTY02JAN2420400CE.NFO,02/01/2024,10:25:11,945.7,948.7,120,952.05,200,0,1920
FINNIFTY02JAN2420400CE.NFO,02/01/2024,10:25:13,945.7,949.7,120,954.3,120,0,1920
FINNIFTY02JAN2420400CE.NFO,02/01/2024,10:25:14,945.7,950.65,160,955.15,120,0,1920
FINNIFTY02JAN2420400CE.NFO,02/01/2024,10:25:16,945.7,951.6,120,955,160,0,1920
FINNIFTY02JAN2420400CE.NFO,02/01/2024,10:25:18,945.7,949.5,200,954.15,480,0,1920
FINNIFTY02JAN2420400CE.NFO,02/01/2024,10:25:19,945.7,947.5,40,952.3,120,0,1920
FINNIFTY02JAN2420400CE.NFO,02/01/2024,10:25:21,945.7,949.15,120,954.1,360,0,1920
FINNIFTY02JAN2420400CE.NFO,02/01/2024,10:25:22,945.7,949.7,120,953.95,880,0,1920
FINNIFTY02JAN2420400CE.NFO,02/01/2024,10:25:24,945.7,950.45,80,954.7,120,0,1920
FINNIFTY02JAN2420400CE.NFO,02/01/2024,10:25:26,945.7,950.55,160,953.35,200,0,1920
FINNIFTY02JAN2420400CE.NFO,02/01/2024,10:25:27,945.7,950.45,80,953.35,160,0,1920
FINNIFTY02JAN2420400CE.NFO,02/01/2024,10:25:29,945.7,949.85,40,953.45,120,0,1920
FINNIFTY02JAN2420400CE.NFO,02/01/2024,10:25:31,945.7,950.3,120,953.1,200,0,1920
FINNIFTY02JAN2420400CE.NFO,02/01/2024,10:25:32,945.7,948.95,200,953.15,1360,0,1920
FINNIFTY02JAN2420400CE.NFO,02/01/2024,10:25:34,945.7,950.05,160,953.55,120,0,1920
FINNIFTY02JAN2420400CE.NFO,02/01/2024,10:25:36,945.7,951.3,120,954.75,120,0,1920
FINNIFTY02JAN2420400CE.NFO,02/01/2024,10:25:37,945.7,951.45,120,954.5,120,0,1920
FINNIFTY02JAN2420400CE.NFO,02/01/2024,10:25:39,945.7,949.75,120,953.4,40,0,1920
FINNIFTY02JAN2420400CE.NFO,02/01/2024,10:25:40,945.7,950.3,120,954.15,440,0,1920
FINNIFTY02JAN2420400CE.NFO,02/01/2024,10:25:42,945.7,951,160,953.9,120,0,1920
FINNIFTY02JAN2420400CE.NFO,02/01/2024,10:25:44,945.7,949.1,40,953.55,440,0,1920
FINNIFTY02JAN2420400CE.NFO,02/01/2024,10:25:45,945.7,950.05,80,954.25,40,0,1920
FINNIFTY02JAN2420400CE.NFO,02/01/2024,10:25:47,945.7,950.9,80,954.6,80,0,1920
FINNIFTY02JAN2420400CE.NFO,02/01/2024,10:25:49,945.7,951.7,120,955.85,360,0,1920
FINNIFTY02JAN2420400CE.NFO,02/01/2024,10:25:50,945.7,952.45,120,956.05,400,0,1920
FINNIFTY02JAN2420400CE.NFO,02/01/2024,10:25:52,945.7,952.95,160,955.95,80,0,1920
FINNIFTY02JAN2420400CE.NFO,02/01/2024,10:25:54,945.7,953.15,40,956.5,200,0,1920
FINNIFTY02JAN2420400CE.NFO,02/01/2024,10:25:55,945.7,953.2,120,955.6,80,0,1920
FINNIFTY02JAN2420400CE.NFO,02/01/2024,10:25:57,945.7,951,120,954.4,200,0,1920
FINNIFTY02JAN2420400CE.NFO,02/01/2024,10:25:58,945.7,951.65,120,955.95,360,0,1920
FINNIFTY02JAN2420400CE.NFO,02/01/2024,10:26:00,945.7,952.7,160,956.05,200,0,1920
FINNIFTY02JAN2420400CE.NFO,02/01/2024,10:26:02,945.7,951.2,160,955.2,120,0,1920
FINNIFTY02JAN2420400CE.NFO,02/01/2024,10:26:03,945.7,951.9,120,954.6,440,0,1920
FINNIFTY02JAN2420400CE.NFO,02/01/2024,10:26:05,945.7,950.45,120,953.9,200,0,1920
FINNIFTY02JAN2420400CE.NFO,02/01/2024,10:26:07,945.7,949.05,120,953.15,120,0,1920
FINNIFTY02JAN2420400CE.NFO,02/01/2024,10:26:08,945.7,950.05,80,953.5,240,0,1920
FINNIFTY02JAN2420400CE.NFO,02/01/2024,10:26:10,945.7,951.3,160,955.15,200,0,1920
FINNIFTY02JAN2420400CE.NFO,02/01/2024,10:26:12,945.7,951.4,160,953.75,200,0,1920
FINNIFTY02JAN2420400CE.NFO,02/01/2024,10:26:13,945.7,950.05,160,953.75,240,0,1920
FINNIFTY02JAN2420400CE.NFO,02/01/2024,10:26:15,945.7,950.75,120,954.2,200,0,1920
FINNIFTY02JAN2420400CE.NFO,02/01/2024,10:26:16,945.7,951.5,160,954.35,120,0,1920
FINNIFTY02JAN2420400CE.NFO,02/01/2024,10:26:18,945.7,951.8,160,954.45,120,0,1920
FINNIFTY02JAN2420400CE.NFO,02/01/2024,10:26:20,945.7,950.05,2160,954.45,200,0,1920
FINNIFTY02JAN2420400CE.NFO,02/01/2024,10:26:21,945.7,948.3,200,953.05,120,0,1920
FINNIFTY02JAN2420400CE.NFO,02/01/2024,10:26:23,945.7,949.5,80,953.2,600,0,1920
FINNIFTY02JAN2420400CE.NFO,02/01/2024,10:26:25,945.7,950.05,80,953.55,200,0,1920
FINNIFTY02JAN2420400CE.NFO,02/01/2024,10:26:26,945.7,950.15,40,953.35,80,0,1920
FINNIFTY02JAN2420400CE.NFO,02/01/2024,10:26:28,945.7,950.4,160,953.25,200,0,1920
FINNIFTY02JAN2420400CE.NFO,02/01/2024,10:26:30,945.7,950.4,120,953.3,320,0,1920
FINNIFTY02JAN2420400CE.NFO,02/01/2024,10:26:31,945.7,948.45,160,951.85,80,0,1920
FINNIFTY02JAN2420400CE.NFO,02/01/2024,10:26:33,945.7,946.8,200,949.55,120,0,1920
FINNIFTY02JAN2420400CE.NFO,02/01/2024,10:26:35,945.7,940.7,400,948.75,40,0,1920
FINNIFTY02JAN2420400CE.NFO,02/01/2024,10:26:36,945.7,942.35,120,947.15,120,0,1920
FINNIFTY02JAN2420400CE.NFO,02/01/2024,10:26:38,945.7,943.15,120,948.95,1440,0,1920
FINNIFTY02JAN2420400CE.NFO,02/01/2024,10:26:40,945.7,944.25,120,957.45,200,0,1920
FINNIFTY02JAN2420400CE.NFO,02/01/2024,10:26:41,945.7,945.15,160,954.1,40,0,1920
FINNIFTY02JAN2420400CE.NFO,02/01/2024,10:26:43,945.7,942.55,200,949.5,120,0,1920
FINNIFTY02JAN2420400CE.NFO,02/01/2024,10:26:45,945.7,943.75,320,948.2,200,0,1920
FINNIFTY02JAN2420400CE.NFO,02/01/2024,10:26:46,945.7,941.15,80,947.15,80,0,1920
FINNIFTY02JAN2420400CE.NFO,02/01/2024,10:26:48,945.7,943.95,80,950.2,160,0,1920
FINNIFTY02JAN2420400CE.NFO,02/01/2024,10:26:50,945.7,945.75,120,950.55,200,0,1920
FINNIFTY02JAN2420400CE.NFO,02/01/2024,10:26:51,945.7,944.1,320,949.95,200,0,1920
FINNIFTY02JAN2420400CE.NFO,02/01/2024,10:26:53,945.7,945.4,120,959.45,40,0,1920
FINNIFTY02JAN2420400CE.NFO,02/01/2024,10:26:55,945.7,946.5,120,950.4,120,0,1920
FINNIFTY02JAN2420400CE.NFO,02/01/2024,10:26:56,945.7,943.85,40,949.3,200,0,1920
FINNIFTY02JAN2420400CE.NFO,02/01/2024,10:26:58,945.7,946.3,200,950.15,120,0,1920
FINNIFTY02JAN2420400CE.NFO,02/01/2024,10:27:00,945.7,945.9,160,949.95,440,0,1920
FINNIFTY02JAN2420400CE.NFO,02/01/2024,10:27:01,945.7,945.1,40,949.55,120,0,1920
FINNIFTY02JAN2420400CE.NFO,02/01/2024,10:27:03,945.7,944.85,160,948.75,200,0,1920
FINNIFTY02JAN2420400CE.NFO,02/01/2024,10:27:05,945.7,945.4,120,949,200,0,1920
FINNIFTY02JAN2420400CE.NFO,02/01/2024,10:27:06,945.7,943.75,120,947.95,120,0,1920
FINNIFTY02JAN2420400CE.NFO,02/01/2024,10:27:08,945.7,944.6,120,959.55,360,0,1920
FINNIFTY02JAN2420400CE.NFO,02/01/2024,10:27:10,945.7,945.6,240,955.15,440,0,1920
FINNIFTY02JAN2420400CE.NFO,02/01/2024,10:27:11,945.7,946.15,80,951.15,160,0,1920
FINNIFTY02JAN2420400CE.NFO,02/01/2024,10:27:13,945.7,945.15,80,948.95,120,0,1920
FINNIFTY02JAN2420400CE.NFO,02/01/2024,10:27:15,945.7,946.75,120,950.3,200,0,1920
FINNIFTY02JAN2420400CE.NFO,02/01/2024,10:27:16,945.7,947.3,80,950.7,80,0,1920
FINNIFTY02JAN2420400CE.NFO,02/01/2024,10:27:18,945.7,946.7,120,954.95,120,0,1920
FINNIFTY02JAN2420400CE.NFO,02/01/2024,10:27:20,945.7,948.15,120,951.8,160,0,1920
FINNIFTY02JAN2420400CE.NFO,02/01/2024,10:27:21,945.7,949.15,80,954.15,200,0,1920
FINNIFTY02JAN2420400CE.NFO,02/01/2024,10:27:23,945.7,947.9,160,952.3,40,0,1920
FINNIFTY02JAN2420400CE.NFO,02/01/2024,10:27:25,945.7,948.85,120,954.7,200,0,1920
FINNIFTY02JAN2420400CE.NFO,02/01/2024,10:27:26,945.7,949.2,160,952.85,160,0,1920
FINNIFTY02JAN2420400CE.NFO,02/01/2024,10:27:28,945.7,949.75,160,952.75,120,0,1920
FINNIFTY02JAN2420400CE.NFO,02/01/2024,10:27:30,945.7,948.35,40,953,720,0,1920
FINNIFTY02JAN2420400CE.NFO,02/01/2024,10:27:31,945.7,949.65,160,953.3,40,0,1920
FINNIFTY02JAN2420400CE.NFO,02/01/2024,10:27:33,945.7,950.7,120,958.95,200,0,1920
FINNIFTY02JAN2420400CE.NFO,02/01/2024,10:27:34,945.7,949.1,240,953.55,360,0,1920
FINNIFTY02JAN2420400CE.NFO,02/01/2024,10:27:36,945.7,950.35,120,957.2,200,0,1920
FINNIFTY02JAN2420400CE.NFO,02/01/2024,10:27:38,945.7,951.65,120,956.7,200,0,1920
FINNIFTY02JAN2420400CE.NFO,02/01/2024,10:27:39,945.7,952.65,160,956.5,400,0,1920
FINNIFTY02JAN2420400CE.NFO,02/01/2024,10:27:41,945.7,953.4,120,957.5,160,0,1920
FINNIFTY02JAN2420400CE.NFO,02/01/2024,10:27:43,945.7,954.15,120,958.15,120,0,1920
FINNIFTY02JAN2420400CE.NFO,02/01/2024,10:27:44,945.7,954.95,120,958.7,120,0,1920
FINNIFTY02JAN2420400CE.NFO,02/01/2024,10:27:46,945.7,952.45,200,957.75,560,0,1920
FINNIFTY02JAN2420400CE.NFO,02/01/2024,10:27:48,945.7,952.45,120,955.5,200,0,1920
FINNIFTY02JAN2420400CE.NFO,02/01/2024,10:27:49,945.7,951.35,120,956.05,40,0,1920
FINNIFTY02JAN2420400CE.NFO,02/01/2024,10:27:51,945.7,952.2,40,954.8,120,0,1920
FINNIFTY02JAN2420400CE.NFO,02/01/2024,10:27:53,945.7,950.75,120,954.1,120,0,1920
FINNIFTY02JAN2420400CE.NFO,02/01/2024,10:27:54,945.7,949.95,120,954.7,2880,0,1920
FINNIFTY02JAN2420400CE.NFO,02/01/2024,10:27:56,945.7,951.7,80,958.35,160,0,1920
FINNIFTY02JAN2420400CE.NFO,02/01/2024,10:27:58,945.7,950.15,120,954.2,200,0,1920
FINNIFTY02JAN2420400CE.NFO,02/01/2024,10:27:59,945.7,950.65,160,953.9,120,0,1920
FINNIFTY02JAN2420400CE.NFO,02/01/2024,10:28:01,945.7,951.8,200,955.65,240,0,1920
FINNIFTY02JAN2420400CE.NFO,02/01/2024,10:28:03,945.7,952.5,120,955.6,40,0,1920
FINNIFTY02JAN2420400CE.NFO,02/01/2024,10:28:04,945.7,950.95,200,955.55,200,0,1920
FINNIFTY02JAN2420400CE.NFO,02/01/2024,10:28:06,945.7,951.8,80,955.35,200,0,1920
FINNIFTY02JAN2420400CE.NFO,02/01/2024,10:28:08,945.7,950.35,200,954.4,280,0,1920
FINNIFTY02JAN2420400CE.NFO,02/01/2024,10:28:09,945.7,951.55,80,964.05,120,0,1920
FINNIFTY02JAN2420400CE.NFO,02/01/2024,10:28:11,945.7,952.25,120,956.95,40,0,1920
FINNIFTY02JAN2420400CE.NFO,02/01/2024,10:28:13,945.7,951.3,120,954.8,160,0,1920
FINNIFTY02JAN2420400CE.NFO,02/01/2024,10:28:14,945.7,952.6,80,960.85,40,0,1920
FINNIFTY02JAN2420400CE.NFO,02/01/2024,10:28:16,945.7,953.3,160,956.85,440,0,1920
FINNIFTY02JAN2420400CE.NFO,02/01/2024,10:28:18,945.7,953.65,120,956.3,200,0,1920
FINNIFTY02JAN2420400CE.NFO,02/01/2024,10:28:19,945.7,953.65,120,956.5,800,0,1920
FINNIFTY02JAN2420400CE.NFO,02/01/2024,10:28:21,945.7,952.35,80,955.85,120,0,1920
FINNIFTY02JAN2420400CE.NFO,02/01/2024,10:28:23,945.7,953,120,955.95,200,0,1920
FINNIFTY02JAN2420400CE.NFO,02/01/2024,10:28:24,945.7,952.1,80,955.05,160,0,1920
FINNIFTY02JAN2420400CE.NFO,02/01/2024,10:28:26,945.7,951.7,120,955,120,0,1920
FINNIFTY02JAN2420400CE.NFO,02/01/2024,10:28:28,945.7,950.45,120,954.2,120,0,1920
FINNIFTY02JAN2420400CE.NFO,02/01/2024,10:28:29,945.7,951,80,953.85,40,0,1920
FINNIFTY02JAN2420400CE.NFO,02/01/2024,10:28:31,945.7,950,160,953.5,240,0,1920
FINNIFTY02JAN2420400CE.NFO,02/01/2024,10:28:33,945.7,950.65,160,953.5,120,0,1920
FINNIFTY02JAN2420400CE.NFO,02/01/2024,10:28:34,945.7,950.8,120,954.2,240,0,1920
FINNIFTY02JAN2420400CE.NFO,02/01/2024,10:28:36,945.7,951.4,120,954.45,120,0,1920
FINNIFTY02JAN2420400CE.NFO,02/01/2024,10:28:38,945.7,952.05,120,955,440,0,1920
FINNIFTY02JAN2420400CE.NFO,02/01/2024,10:28:39,945.7,952.5,160,955.6,360,0,1920
FINNIFTY02JAN2420400CE.NFO,02/01/2024,10:28:41,945.7,952.75,120,955.45,360,0,1920
FINNIFTY02JAN2420400CE.NFO,02/01/2024,10:28:43,945.7,953.2,40,955.8,160,0,1920
FINNIFTY02JAN2420400CE.NFO,02/01/2024,10:28:44,945.7,953.35,160,955.9,120,0,1920
FINNIFTY02JAN2420400CE.NFO,02/01/2024,10:28:46,945.7,953.25,120,955.8,120,0,1920
FINNIFTY02JAN2420400CE.NFO,02/01/2024,10:28:47,945.7,953.4,40,956.05,160,0,1920
FINNIFTY02JAN2420400CE.NFO,02/01/2024,10:28:49,945.7,952.15,80,954.85,240,0,1920
FINNIFTY02JAN2420400CE.NFO,02/01/2024,10:28:51,945.7,951,120,954.15,120,0,1920
FINNIFTY02JAN2420400CE.NFO,02/01/2024,10:28:52,945.7,951.4,80,954.35,120,0,1920
FINNIFTY02JAN2420400CE.NFO,02/01/2024,10:28:54,945.7,951.8,120,954.85,200,0,1920
FINNIFTY02JAN2420400CE.NFO,02/01/2024,10:28:56,945.7,950.45,120,954.55,2080,0,1920
FINNIFTY02JAN2420400CE.NFO,02/01/2024,10:28:57,945.7,951.15,120,954.7,200,0,1920
FINNIFTY02JAN2420400CE.NFO,02/01/2024,10:28:59,945.7,951.55,160,954.15,120,0,1920
FINNIFTY02JAN2420400CE.NFO,02/01/2024,10:29:00,945.7,950.15,160,953.8,120,0,1920
FINNIFTY02JAN2420400CE.NFO,02/01/2024,10:29:02,945.7,950.9,120,953.85,200,0,1920
FINNIFTY02JAN2420400CE.NFO,02/01/2024,10:29:04,945.7,951.5,120,955.45,200,0,1920
FINNIFTY02JAN2420400CE.NFO,02/01/2024,10:29:05,945.7,952.55,160,960.15,240,0,1920
FINNIFTY02JAN2420400CE.NFO,02/01/2024,10:29:07,945.7,953,120,956.5,120,0,1920
FINNIFTY02JAN2420400CE.NFO,02/01/2024,10:29:09,945.7,951.75,160,955.55,160,0,1920
FINNIFTY02JAN2420400CE.NFO,02/01/2024,10:29:11,945.7,952.3,120,955.15,40,0,1920
FINNIFTY02JAN2420400CE.NFO,02/01/2024,10:29:12,945.7,952.85,120,956.15,400,0,1920
FINNIFTY02JAN2420400CE.NFO,02/01/2024,10:29:14,945.7,953.6,120,957.15,800,0,1920
FINNIFTY02JAN2420400CE.NFO,02/01/2024,10:29:16,945.7,950.4,200,956.25,520,0,1920
FINNIFTY02JAN2420400CE.NFO,02/01/2024,10:29:17,945.7,952.95,160,956.8,120,0,1920
FINNIFTY02JAN2420400CE.NFO,02/01/2024,10:29:19,945.7,953.6,120,957.05,160,0,1920
FINNIFTY02JAN2420400CE.NFO,02/01/2024,10:29:21,945.7,954.35,40,958.6,160,0,1920
FINNIFTY02JAN2420400CE.NFO,02/01/2024,10:29:22,945.7,956.75,120,960.9,240,0,1920
FINNIFTY02JAN2420400CE.NFO,02/01/2024,10:29:24,945.7,955.45,520,960,160,0,1920
FINNIFTY02JAN2420400CE.NFO,02/01/2024,10:29:26,945.7,953.75,160,957.95,680,0,1920
FINNIFTY02JAN2420400CE.NFO,02/01/2024,10:29:27,945.7,954.7,80,957.6,40,0,1920
FINNIFTY02JAN2420400CE.NFO,02/01/2024,10:29:29,945.7,953.3,160,956.7,160,0,1920
FINNIFTY02JAN2420400CE.NFO,02/01/2024,10:29:31,945.7,953.4,120,957.25,440,0,1920
FINNIFTY02JAN2420400CE.NFO,02/01/2024,10:29:32,945.7,952.3,120,956.4,480,0,1920
FINNIFTY02JAN2420400CE.NFO,02/01/2024,10:29:34,945.7,953.4,120,956.5,200,0,1920
FINNIFTY02JAN2420400CE.NFO,02/01/2024,10:29:36,945.7,952,120,955.8,440,0,1920
FINNIFTY02JAN2420400CE.NFO,02/01/2024,10:29:37,945.7,952.4,120,955.4,120,0,1920
FINNIFTY02JAN2420400CE.NFO,02/01/2024,10:29:39,945.7,953.05,120,957.35,200,0,1920
FINNIFTY02JAN2420400CE.NFO,02/01/2024,10:29:41,945.7,953.8,120,956.35,120,0,1920
FINNIFTY02JAN2420400CE.NFO,02/01/2024,10:29:42,945.7,951.7,2160,955.7,40,0,1920
FINNIFTY02JAN2420400CE.NFO,02/01/2024,10:29:44,945.7,952.6,120,955.6,120,0,1920
FINNIFTY02JAN2420400CE.NFO,02/01/2024,10:29:46,945.7,953.55,120,957.5,200,0,1920
FINNIFTY02JAN2420400CE.NFO,02/01/2024,10:29:47,945.7,954.05,80,956.9,40,0,1920
FINNIFTY02JAN2420400CE.NFO,02/01/2024,10:29:49,945.7,952.55,120,956.05,160,0,1920
FINNIFTY02JAN2420400CE.NFO,02/01/2024,10:29:51,945.7,952.9,40,955.35,40,0,1920
FINNIFTY02JAN2420400CE.NFO,02/01/2024,10:29:52,945.7,953.15,160,956.05,120,0,1920
FINNIFTY02JAN2420400CE.NFO,02/01/2024,10:29:54,945.7,951.55,120,955.1,120,0,1920
FINNIFTY02JAN2420400CE.NFO,02/01/2024,10:29:55,945.7,952.3,80,955.45,120,0,1920
FINNIFTY02JAN2420400CE.NFO,02/01/2024,10:29:57,945.7,951.15,160,954.65,160,0,1920
FINNIFTY02JAN2420400CE.NFO,02/01/2024,10:29:59,945.7,951.9,120,956.25,120,0,1920
FINNIFTY02JAN2420400CE.NFO,02/01/2024,10:30:00,945.7,952.6,120,958.15,40,0,1920
FINNIFTY02JAN2420400CE.NFO,02/01/2024,10:30:02,945.7,953.6,160,957.1,400,0,1920
FINNIFTY02JAN2420400CE.NFO,02/01/2024,10:30:04,945.7,954.45,200,959.9,800,0,1920
FINNIFTY02JAN2420400CE.NFO,02/01/2024,10:30:05,945.7,955.5,160,962.55,120,0,1920
FINNIFTY02JAN2420400CE.NFO,02/01/2024,10:30:07,945.7,953.1,40,958.65,200,0,1920
FINNIFTY02JAN2420400CE.NFO,02/01/2024,10:30:09,945.7,954.65,240,958.75,440,0,1920
FINNIFTY02JAN2420400CE.NFO,02/01/2024,10:30:10,945.7,954.7,200,957.45,120,0,1920
FINNIFTY02JAN2420400CE.NFO,02/01/2024,10:30:12,945.7,953.9,160,957.75,200,0,1920
FINNIFTY02JAN2420400CE.NFO,02/01/2024,10:30:13,945.7,955.65,80,961.55,80,0,1920
FINNIFTY02JAN2420400CE.NFO,02/01/2024,10:30:15,945.7,956.3,120,959.95,120,0,1920
FINNIFTY02JAN2420400CE.NFO,02/01/2024,10:30:17,945.7,956.75,120,960.65,360,0,1920
FINNIFTY02JAN2420400CE.NFO,02/01/2024,10:30:18,945.7,957.75,80,961.6,40,0,1920
FINNIFTY02JAN2420400CE.NFO,02/01/2024,10:30:20,945.7,959.2,400,966.3,40,0,1920
FINNIFTY02JAN2420400CE.NFO,02/01/2024,10:30:22,945.7,961.7,240,965.6,120,0,1920
FINNIFTY02JAN2420400CE.NFO,02/01/2024,10:30:23,945.7,959.3,360,963.9,160,0,1920
FINNIFTY02JAN2420400CE.NFO,02/01/2024,10:30:25,945.7,959.4,160,963.05,200,0,1920
FINNIFTY02JAN2420400CE.NFO,02/01/2024,10:30:27,945.7,960.25,160,965.15,80,0,1920
FINNIFTY02JAN2420400CE.NFO,02/01/2024,10:30:28,945.7,958.95,80,962.6,40,0,1920
FINNIFTY02JAN2420400CE.NFO,02/01/2024,10:30:30,945.7,959.55,120,962.6,360,0,1920
FINNIFTY02JAN2420400CE.NFO,02/01/2024,10:30:32,945.7,960.1,120,964.35,200,0,1920
FINNIFTY02JAN2420400CE.NFO,02/01/2024,10:30:33,945.7,960.95,80,964.95,120,0,1920
FINNIFTY02JAN2420400CE.NFO,02/01/2024,10:30:35,945.7,961.6,120,964.85,320,0,1920
FINNIFTY02JAN2420400CE.NFO,02/01/2024,10:30:37,945.7,960.25,120,963.65,120,0,1920
FINNIFTY02JAN2420400CE.NFO,02/01/2024,10:30:38,945.7,960.55,120,964.6,3560,0,1920
FINNIFTY02JAN2420400CE.NFO,02/01/2024,10:30:40,945.7,962.35,120,967.35,80,0,1920
FINNIFTY02JAN2420400CE.NFO,02/01/2024,10:30:42,945.7,961.4,120,965,40,0,1920
FINNIFTY02JAN2420400CE.NFO,02/01/2024,10:30:43,945.7,962.1,160,966,120,0,1920
FINNIFTY02JAN2420400CE.NFO,02/01/2024,10:30:45,945.7,960.8,240,965.85,360,0,1920
FINNIFTY02JAN2420400CE.NFO,02/01/2024,10:30:47,945.7,963.25,120,967.7,200,0,1920
FINNIFTY02JAN2420400CE.NFO,02/01/2024,10:30:48,945.7,963.7,40,968,280,0,1920
FINNIFTY02JAN2420400CE.NFO,02/01/2024,10:30:50,945.7,961.45,160,964.95,160,0,1920
FINNIFTY02JAN2420400CE.NFO,02/01/2024,10:30:52,945.7,961.9,120,964.9,120,0,1920
FINNIFTY02JAN2420400CE.NFO,02/01/2024,10:30:53,945.7,962.9,160,966.55,120,0,1920
FINNIFTY02JAN2420400CE.NFO,02/01/2024,10:30:55,945.7,961.45,80,966.4,1360,0,1920
FINNIFTY02JAN2420400CE.NFO,02/01/2024,10:30:57,945.7,963.65,40,969.2,200,0,1920
FINNIFTY02JAN2420400CE.NFO,02/01/2024,10:30:58,945.7,964.6,160,968.95,120,0,1920
FINNIFTY02JAN2420400CE.NFO,02/01/2024,10:31:00,945.7,963.3,160,967.45,160,0,1920
FINNIFTY02JAN2420400CE.NFO,02/01/2024,10:31:02,945.7,964,120,966.9,400,0,1920
FINNIFTY02JAN2420400CE.NFO,02/01/2024,10:31:03,945.7,962.95,200,967,320,0,1920
FINNIFTY02JAN2420400CE.NFO,02/01/2024,10:31:05,945.7,963.75,120,967.65,1080,0,1920
FINNIFTY02JAN2420400CE.NFO,02/01/2024,10:31:07,945.7,964.25,120,971.1,200,0,1920
FINNIFTY02JAN2420400CE.NFO,02/01/2024,10:31:08,945.7,963.35,160,966.4,160,0,1920
FINNIFTY02JAN2420400CE.NFO,02/01/2024,10:31:10,945.7,963.9,160,966.75,160,0,1920
FINNIFTY02JAN2420400CE.NFO,02/01/2024,10:31:12,945.7,964.2,120,969.3,40,0,1920
FINNIFTY02JAN2420400CE.NFO,02/01/2024,10:31:13,945.7,959.7,40,965.75,360,0,1920
FINNIFTY02JAN2420400CE.NFO,02/01/2024,10:31:15,945.7,962.05,160,965.8,480,0,1920
FINNIFTY02JAN2420400CE.NFO,02/01/2024,10:31:17,945.7,962.7,120,966.3,120,0,1920
FINNIFTY02JAN2420400CE.NFO,02/01/2024,10:31:18,945.7,962.75,200,965.85,800,0,1920
FINNIFTY02JAN2420400CE.NFO,02/01/2024,10:31:20,945.7,962.75,200,965.5,120,0,1920
FINNIFTY02JAN2420400CE.NFO,02/01/2024,10:31:22,945.7,962.85,160,965.65,320,0,1920
FINNIFTY02JAN2420400CE.NFO,02/01/2024,10:31:23,945.7,962.85,160,965.6,160,0,1920
FINNIFTY02JAN2420400CE.NFO,02/01/2024,10:31:25,945.7,963.3,120,966.7,200,0,1920
FINNIFTY02JAN2420400CE.NFO,02/01/2024,10:31:27,945.7,962.1,120,965.7,40,0,1920
FINNIFTY02JAN2420400CE.NFO,02/01/2024,10:31:28,945.7,962.65,160,965.75,680,0,1920
FINNIFTY02JAN2420400CE.NFO,02/01/2024,10:31:30,945.7,963.15,120,967.5,200,0,1920
FINNIFTY02JAN2420400CE.NFO,02/01/2024,10:31:31,945.7,963.75,120,967.4,280,0,1920
FINNIFTY02JAN2420400CE.NFO,02/01/2024,10:31:33,945.7,965.25,280,970.1,80,0,1920
FINNIFTY02JAN2420400CE.NFO,02/01/2024,10:31:35,945.7,967,120,971.45,360,0,1920
FINNIFTY02JAN2420400CE.NFO,02/01/2024,10:31:36,945.7,968.35,120,976.35,80,0,1920
FINNIFTY02JAN2420400CE.NFO,02/01/2024,10:31:38,945.7,969.55,120,974.4,680,0,1920
FINNIFTY02JAN2420400CE.NFO,02/01/2024,10:31:40,945.7,970.9,200,976.65,240,0,1920
FINNIFTY02JAN2420400CE.NFO,02/01/2024,10:31:41,945.7,972.35,200,977.4,960,0,1920
FINNIFTY02JAN2420400CE.NFO,02/01/2024,10:31:43,945.7,971.15,120,975.25,200,0,1920
FINNIFTY02JAN2420400CE.NFO,02/01/2024,10:31:45,945.7,971.5,120,975.65,200,0,1920
FINNIFTY02JAN2420400CE.NFO,02/01/2024,10:31:46,945.7,971.95,160,976.55,640,0,1920
FINNIFTY02JAN2420400CE.NFO,02/01/2024,10:31:48,945.7,974.05,80,982.55,40,0,1920
FINNIFTY02JAN2420400CE.NFO,02/01/2024,10:31:50,945.7,975.75,200,981.1,120,0,1920
FINNIFTY02JAN2420400CE.NFO,02/01/2024,10:31:51,945.7,975.85,120,979.6,120,0,1920
FINNIFTY02JAN2420400CE.NFO,02/01/2024,10:31:53,945.7,976.05,160,979.9,120,0,1920
FINNIFTY02JAN2420400CE.NFO,02/01/2024,10:31:55,945.7,975.35,160,979.5,40,0,1920
FINNIFTY02JAN2420400CE.NFO,02/01/2024,10:31:56,945.7,976.05,80,979.95,320,0,1920
FINNIFTY02JAN2420400CE.NFO,02/01/2024,10:31:58,945.7,977.05,120,980.15,160,0,1920
FINNIFTY02JAN2420400CE.NFO,02/01/2024,10:32:00,945.7,974.6,520,979.1,960,0,1920
FINNIFTY02JAN2420400CE.NFO,02/01/2024,10:32:01,945.7,975.95,160,982.7,40,0,1920
FINNIFTY02JAN2420400CE.NFO,02/01/2024,10:32:03,945.7,976.95,160,980.9,560,0,1920
FINNIFTY02JAN2420400CE.NFO,02/01/2024,10:32:05,945.7,974.7,120,979.45,200,0,1920
FINNIFTY02JAN2420400CE.NFO,02/01/2024,10:32:06,945.7,958.85,80,977.9,120,0,1920
FINNIFTY02JAN2420400CE.NFO,02/01/2024,10:32:08,945.7,972.9,120,975.9,200,0,1920
FINNIFTY02JAN2420400CE.NFO,02/01/2024,10:32:10,945.7,970.95,200,975.5,40,0,1920
FINNIFTY02JAN2420400CE.NFO,02/01/2024,10:32:11,945.7,971.8,120,975.25,200,0,1920
FINNIFTY02JAN2420400CE.NFO,02/01/2024,10:32:13,945.7,972.3,120,975.55,360,0,1920
FINNIFTY02JAN2420400CE.NFO,02/01/2024,10:32:15,945.7,970.8,120,974.6,160,0,1920
FINNIFTY02JAN2420400CE.NFO,02/01/2024,10:32:16,945.7,971.5,120,975.6,200,0,1920
FINNIFTY02JAN2420400CE.NFO,02/01/2024,10:32:18,945.7,972.15,120,976.05,40,0,1920
FINNIFTY02JAN2420400CE.NFO,02/01/2024,10:32:19,945.7,972.5,160,975.35,160,0,1920
FINNIFTY02JAN2420400CE.NFO,02/01/2024,10:32:21,945.7,969.5,80,973.2,80,0,1920
FINNIFTY02JAN2420400CE.NFO,02/01/2024,10:32:23,945.7,969.8,120,973.3,80,0,1920
FINNIFTY02JAN2420400CE.NFO,02/01/2024,10:32:24,945.7,969.85,80,972.55,240,0,1920
FINNIFTY02JAN2420400CE.NFO,02/01/2024,10:32:26,945.7,968,120,971,120,0,1920
FINNIFTY02JAN2420400CE.NFO,02/01/2024,10:32:28,945.7,968.6,160,971.8,240,0,1920
FINNIFTY02JAN2420400CE.NFO,02/01/2024,10:32:29,945.7,966.75,200,971.05,40,0,1920
FINNIFTY02JAN2420400CE.NFO,02/01/2024,10:32:31,945.7,967.05,40,969.9,120,0,1920
FINNIFTY02JAN2420400CE.NFO,02/01/2024,10:32:33,945.7,967.2,120,970.25,40,0,1920
FINNIFTY02JAN2420400CE.NFO,02/01/2024,10:32:35,945.7,965.8,120,969.1,80,0,1920
FINNIFTY02JAN2420400CE.NFO,02/01/2024,10:32:36,945.7,966.25,120,969.05,120,0,1920
FINNIFTY02JAN2420400CE.NFO,02/01/2024,10:32:38,945.7,964.95,200,969.15,40,0,1920
FINNIFTY02JAN2420400CE.NFO,02/01/2024,10:32:39,945.7,965.15,40,968.45,200,0,1920
FINNIFTY02JAN2420400CE.NFO,02/01/2024,10:32:41,945.7,964.95,160,969.35,80,0,1920
