Ticker,Date,Time,LTP,BuyPrice,BuyQty,SellPrice,SellQty,LTQ,OpenInterest
FINNIFTY02JAN2419700CE.NFO,02/01/2024,12:12:18,1658,1574.5,200,1800.65,200,40,800
FINNIFTY02JAN2419700CE.NFO,02/01/2024,12:12:18,1658,1574.5,200,1800.65,200,0,800
FINNIFTY02JAN2419700CE.NFO,02/01/2024,12:12:18,1658,1574.5,200,1800.65,200,0,800
FINNIFTY02JAN2419700CE.NFO,02/01/2024,12:12:18,1658,1574.5,200,1800.65,200,0,800
FINNIFTY02JAN2419700CE.NFO,02/01/2024,12:12:24,1658,1591.8,400,1783.4,400,0,800
FINNIFTY02JAN2419700CE.NFO,02/01/2024,12:12:30,1658,1600.7,160,1765.05,200,0,800
FINNIFTY02JAN2419700CE.NFO,02/01/2024,12:12:32,1658,1600.8,360,1752.55,200,0,800
FINNIFTY02JAN2419700CE.NFO,02/01/2024,12:12:33,1658,1600.8,360,1740.9,400,0,800
FINNIFTY02JAN2419700CE.NFO,02/01/2024,12:12:35,1658,1600.8,360,1727.55,400,0,800
FINNIFTY02JAN2419700CE.NFO,02/01/2024,12:12:37,1658,1601.15,160,1716.85,200,0,800
FINNIFTY02JAN2419700CE.NFO,02/01/2024,12:12:38,1658,1601.25,320,1713.05,40,0,800
FINNIFTY02JAN2419700CE.NFO,02/01/2024,12:12:40,1658,1601.25,320,1712.75,40,0,800
FINNIFTY02JAN2419700CE.NFO,02/01/2024,12:12:42,1658,1601.7,160,1712.45,40,0,800
FINNIFTY02JAN2419700CE.NFO,02/01/2024,12:12:45,1658,1602.1,360,1711.85,40,0,800
FINNIFTY02JAN2419700CE.NFO,02/01/2024,12:12:46,1658,1602.1,360,1711.45,40,0,800
FINNIFTY02JAN2419700CE.NFO,02/01/2024,12:12:48,1658,1602.1,360,1711.05,40,0,800
FINNIFTY02JAN2419700CE.NFO,02/01/2024,12:12:50,1658,1602.1,360,1710.75,40,0,800
FINNIFTY02JAN2419700CE.NFO,02/01/2024,12:12:51,1658,1602.1,360,1710.45,40,0,800
FINNIFTY02JAN2419700CE.NFO,02/01/2024,12:12:53,1658,1655,120,1710.25,160,0,800
FINNIFTY02JAN2419700CE.NFO,02/01/2024,12:12:55,1658,1655,120,1710.15,40,0,800
FINNIFTY02JAN2419700CE.NFO,02/01/2024,12:12:56,1657,1602.25,160,1709.85,40,120,800
FINNIFTY02JAN2419700CE.NFO,02/01/2024,12:12:56,1657,1602.25,160,1709.85,40,0,800
FINNIFTY02JAN2419700CE.NFO,02/01/2024,12:12:58,1657,1602.65,40,1709.55,40,0,800
FINNIFTY02JAN2419700CE.NFO,02/01/2024,12:13:01,1657,1603.05,160,1709.15,160,0,800
FINNIFTY02JAN2419700CE.NFO,02/01/2024,12:13:06,1657,1603.2,40,1709,40,0,800
FINNIFTY02JAN2419700CE.NFO,02/01/2024,12:13:10,1657,1603.9,40,1708.45,40,0,800
FINNIFTY02JAN2419700CE.NFO,02/01/2024,12:13:18,1657,1655,160,1706.95,40,0,800
FINNIFTY02JAN2419700CE.NFO,02/01/2024,12:13:19,1657,1655,160,1706.75,160,0,800
FINNIFTY02JAN2419700CE.NFO,02/01/2024,12:13:21,1657,1605.4,360,1657,80,160,800
FINNIFTY02JAN2419700CE.NFO,02/01/2024,12:13:23,1657,1605.4,360,1656.8,160,0,800
FINNIFTY02JAN2419700CE.NFO,02/01/2024,12:14:13,1657,1653,160,1656.8,160,0,800
FINNIFTY02JAN2419700CE.NFO,02/01/2024,12:14:16,1654,1605.65,40,1656.8,160,160,800
FINNIFTY02JAN2419700CE.NFO,02/01/2024,12:14:16,1654,1605.65,40,1656.8,160,0,800
FINNIFTY02JAN2419700CE.NFO,02/01/2024,12:14:18,1654,1605.9,40,1656.8,160,0,800
FINNIFTY02JAN2419700CE.NFO,02/01/2024,12:14:19,1654,1606.2,40,1656.8,160,0,800
FINNIFTY02JAN2419700CE.NFO,02/01/2024,12:14:21,1654,1606.7,80,1656.8,160,0,800
FINNIFTY02JAN2419700CE.NFO,02/01/2024,12:14:23,1654,1606.9,40,1656.8,160,0,800
FINNIFTY02JAN2419700CE.NFO,02/01/2024,12:14:24,1654,1607.2,40,1656.8,160,0,800
FINNIFTY02JAN2419700CE.NFO,02/01/2024,12:14:26,1654,1607.5,40,1656.8,160,0,800
FINNIFTY02JAN2419700CE.NFO,02/01/2024,12:14:28,1654,1607.8,40,1656.8,160,0,800
FINNIFTY02JAN2419700CE.NFO,02/01/2024,12:14:29,1654,1608.2,40,1656.8,160,0,800
FINNIFTY02JAN2419700CE.NFO,02/01/2024,12:14:35,1654,1609.1,40,1656.8,160,0,800
FINNIFTY02JAN2419700CE.NFO,02/01/2024,12:14:41,1654,1610.3,40,1656.8,160,0,800
FINNIFTY02JAN2419700CE.NFO,02/01/2024,12:14:48,1654,1611.4,80,1656.8,160,0,800
FINNIFTY02JAN2419700CE.NFO,02/01/2024,12:14:54,1654,1653,200,1656.8,160,0,800
FINNIFTY02JAN2419700CE.NFO,02/01/2024,12:15:00,1654,1654,200,1656.8,160,0,800
FINNIFTY02JAN2419700CE.NFO,02/01/2024,12:15:06,1654,1655,200,1656.8,160,0,800
FINNIFTY02JAN2419700CE.NFO,02/01/2024,12:15:12,1655,1655,160,1656.8,160,40,720
FINNIFTY02JAN2419700CE.NFO,02/01/2024,12:15:38,1655,1655,160,1722.15,400,0,720
FINNIFTY02JAN2419700CE.NFO,02/01/2024,12:15:46,1655,1655,160,1711.35,40,0,720
FINNIFTY02JAN2419700CE.NFO,02/01/2024,12:15:53,1655,1655,160,1711.05,160,0,720
FINNIFTY02JAN2419700CE.NFO,02/01/2024,12:16:00,1655,1655,160,1710.75,40,0,720
FINNIFTY02JAN2419700CE.NFO,02/01/2024,12:16:07,1655,1656,160,1710.45,40,0,720
FINNIFTY02JAN2419700CE.NFO,02/01/2024,12:16:14,1655,1656.05,80,1710.2,40,0,720
FINNIFTY02JAN2419700CE.NFO,02/01/2024,12:16:21,1655,1658.05,80,1709.9,40,0,720
FINNIFTY02JAN2419700CE.NFO,02/01/2024,12:16:28,1655,1658,160,1709.6,40,0,720
FINNIFTY02JAN2419700CE.NFO,02/01/2024,12:16:35,1655,1658.05,80,1709.35,160,0,720
FINNIFTY02JAN2419700CE.NFO,02/01/2024,12:16:42,1655,1658,160,1709.05,40,0,720
FINNIFTY02JAN2419700CE.NFO,02/01/2024,12:16:49,1655,1658,160,1708.75,40,0,720
FINNIFTY02JAN2419700CE.NFO,02/01/2024,12:16:56,1655,1658,160,1708.45,40,0,720
FINNIFTY02JAN2419700CE.NFO,02/01/2024,12:17:03,1655,1660.05,80,1708.15,160,0,720
FINNIFTY02JAN2419700CE.NFO,02/01/2024,12:17:12,1655,1660.2,160,1708.05,160,0,720
FINNIFTY02JAN2419700CE.NFO,02/01/2024,12:18:01,1655,1660.05,80,1707.9,40,0,720
FINNIFTY02JAN2419700CE.NFO,02/01/2024,12:18:10,1655,1660.6,40,1707.65,160,0,720
FINNIFTY02JAN2419700CE.NFO,02/01/2024,12:18:17,1655,1665.05,80,1707.35,80,0,720
FINNIFTY02JAN2419700CE.NFO,02/01/2024,12:18:24,1670,1661.9,120,1706.75,160,160,720
FINNIFTY02JAN2419700CE.NFO,02/01/2024,12:18:24,1670,1661.9,120,1706.75,160,0,720
FINNIFTY02JAN2419700CE.NFO,02/01/2024,12:18:32,1670,1660.8,40,1706.45,40,0,720
FINNIFTY02JAN2419700CE.NFO,02/01/2024,12:18:40,1670,1660.8,200,1706.15,40,0,720
FINNIFTY02JAN2419700CE.NFO,02/01/2024,12:18:47,1670,1660.9,200,1705.85,40,0,720
FINNIFTY02JAN2419700CE.NFO,02/01/2024,12:18:55,1670,1660.9,200,1705.6,40,0,720
FINNIFTY02JAN2419700CE.NFO,02/01/2024,12:19:02,1670,1660.9,200,1705.35,160,0,720
FINNIFTY02JAN2419700CE.NFO,02/01/2024,12:19:10,1670,1668,120,1703.8,40,0,720
FINNIFTY02JAN2419700CE.NFO,02/01/2024,12:19:17,1670,1670,120,1702.65,40,0,720
FINNIFTY02JAN2419700CE.NFO,02/01/2024,12:19:25,1670,1670,120,1702.25,160,0,720
FINNIFTY02JAN2419700CE.NFO,02/01/2024,12:19:33,1670,1670,120,1701.95,160,0,720
FINNIFTY02JAN2419700CE.NFO,02/01/2024,12:19:42,1670,1670,40,1700.85,160,80,720
FINNIFTY02JAN2419700CE.NFO,02/01/2024,12:19:49,1670,1670,40,1699.6,40,0,720
FINNIFTY02JAN2419700CE.NFO,02/01/2024,12:19:57,1670,1660.9,200,1698.9,40,40,720
FINNIFTY02JAN2419700CE.NFO,02/01/2024,12:20:05,1670,1660.9,200,1698.6,40,0,720
FINNIFTY02JAN2419700CE.NFO,02/01/2024,12:20:12,1670,1660.9,200,1698.3,40,0,720
FINNIFTY02JAN2419700CE.NFO,02/01/2024,12:20:19,1670,1660.9,200,1698,40,0,720
FINNIFTY02JAN2419700CE.NFO,02/01/2024,12:20:26,1670,1586.9,920,1697.7,40,0,720
FINNIFTY02JAN2419700CE.NFO,02/01/2024,12:20:32,1670,1586.9,920,1697.6,160,0,720
FINNIFTY02JAN2419700CE.NFO,02/01/2024,12:21:33,1670,1590.7,400,1697.45,40,0,720
FINNIFTY02JAN2419700CE.NFO,02/01/2024,12:21:41,1670,1601.55,400,1697.15,40,0,720
FINNIFTY02JAN2419700CE.NFO,02/01/2024,12:21:48,1670,1605.35,40,1696.9,160,0,720
FINNIFTY02JAN2419700CE.NFO,02/01/2024,12:21:55,1670,1605.65,40,1696.6,40,0,720
FINNIFTY02JAN2419700CE.NFO,02/01/2024,12:22:17,1670,1606.5,160,1695.75,160,0,720
FINNIFTY02JAN2419700CE.NFO,02/01/2024,12:22:24,1670,1606.65,160,1695.7,360,0,720
FINNIFTY02JAN2419700CE.NFO,02/01/2024,12:23:32,1670,1606.8,40,1695.45,40,0,720
FINNIFTY02JAN2419700CE.NFO,02/01/2024,12:24:27,1670,1611.5,160,1690.75,160,0,720
FINNIFTY02JAN2419700CE.NFO,02/01/2024,12:24:33,1670,1611.6,360,1690.65,360,0,720
FINNIFTY02JAN2419700CE.NFO,02/01/2024,12:25:38,1670,1611.7,160,1690.55,160,0,720
FINNIFTY02JAN2419700CE.NFO,02/01/2024,12:27:10,1670,1612.45,40,1689.8,40,0,720
FINNIFTY02JAN2419700CE.NFO,02/01/2024,12:27:29,1670,1614.15,160,1688.1,160,0,720
FINNIFTY02JAN2419700CE.NFO,02/01/2024,12:27:35,1670,1614.25,320,1688,320,0,720
FINNIFTY02JAN2419700CE.NFO,02/01/2024,12:28:33,1670,1614.35,160,1687.9,160,0,720
FINNIFTY02JAN2419700CE.NFO,02/01/2024,12:30:05,1670,1615.1,40,1687.15,40,0,720
FINNIFTY02JAN2419700CE.NFO,02/01/2024,12:30:11,1670,1616.2,160,1686.05,160,0,720
FINNIFTY02JAN2419700CE.NFO,02/01/2024,12:30:17,1670,1616.3,200,1685.95,200,0,720
FINNIFTY02JAN2419700CE.NFO,02/01/2024,12:30:29,1670,1616.6,40,1685.65,40,0,720
FINNIFTY02JAN2419700CE.NFO,02/01/2024,12:30:46,1670,1619.5,160,1683.55,40,0,720
FINNIFTY02JAN2419700CE.NFO,02/01/2024,12:30:52,1670,1619.6,360,1683.3,40,0,720
FINNIFTY02JAN2419700CE.NFO,02/01/2024,12:30:59,1670,1619.6,360,1683,40,0,720
FINNIFTY02JAN2419700CE.NFO,02/01/2024,12:31:05,1670,1619.6,360,1682.7,40,0,720
FINNIFTY02JAN2419700CE.NFO,02/01/2024,12:31:11,1670,1619.6,360,1682.4,40,0,720
FINNIFTY02JAN2419700CE.NFO,02/01/2024,12:31:17,1670,1619.6,360,1682.1,40,0,720
FINNIFTY02JAN2419700CE.NFO,02/01/2024,12:31:24,1670,1619.6,360,1681.8,40,0,720
FINNIFTY02JAN2419700CE.NFO,02/01/2024,12:31:30,1670,1619.6,360,1681.5,40,0,720
FINNIFTY02JAN2419700CE.NFO,02/01/2024,12:31:36,1670,1619.6,360,1681.4,160,0,720
FINNIFTY02JAN2419700CE.NFO,02/01/2024,12:32:05,1670,1619.75,160,1680.55,40,0,720
FINNIFTY02JAN2419700CE.NFO,02/01/2024,12:32:11,1670,1620.6,160,1680.25,40,0,720
FINNIFTY02JAN2419700CE.NFO,02/01/2024,12:32:17,1670,1620.7,360,1679.95,40,0,720
FINNIFTY02JAN2419700CE.NFO,02/01/2024,12:32:22,1670,1620.7,360,1679.65,40,0,720
FINNIFTY02JAN2419700CE.NFO,02/01/2024,12:32:28,1670,1620.7,360,1679.35,40,0,720
FINNIFTY02JAN2419700CE.NFO,02/01/2024,12:32:34,1670,1620.7,360,1679.05,40,0,720
FINNIFTY02JAN2419700CE.NFO,02/01/2024,12:32:39,1670,1620.7,360,1677.85,40,0,720
FINNIFTY02JAN2419700CE.NFO,02/01/2024,12:32:45,1670,1620.7,360,1676.85,40,0,720
FINNIFTY02JAN2419700CE.NFO,02/01/2024,12:32:51,1670,1620.7,360,1675.95,40,0,720
FINNIFTY02JAN2419700CE.NFO,02/01/2024,12:32:56,1670,1620.7,360,1675.05,40,0,720
FINNIFTY02JAN2419700CE.NFO,02/01/2024,12:33:01,1670,1620.7,360,1673.95,160,0,720
FINNIFTY02JAN2419700CE.NFO,02/01/2024,12:33:07,1670,1620.7,360,1673.85,360,0,720
FINNIFTY02JAN2419700CE.NFO,02/01/2024,12:33:36,1670,1620.8,160,1673.85,360,0,720
FINNIFTY02JAN2419700CE.NFO,02/01/2024,12:34:36,1670,1620.85,160,1673.7,160,0,720
FINNIFTY02JAN2419700CE.NFO,02/01/2024,12:34:48,1670,1621.8,120,1672.9,200,0,720
FINNIFTY02JAN2419700CE.NFO,02/01/2024,12:34:55,1670,1623,40,1671.75,40,0,720
FINNIFTY02JAN2419700CE.NFO,02/01/2024,12:35:02,1670,1624.1,160,1670.65,160,0,720
FINNIFTY02JAN2419700CE.NFO,02/01/2024,12:35:09,1670,1624.2,360,1670.55,360,0,720
FINNIFTY02JAN2419700CE.NFO,02/01/2024,12:36:34,1670,1624.35,160,1670.4,160,0,720
FINNIFTY02JAN2419700CE.NFO,02/01/2024,12:36:41,1670,1624.65,160,1670.15,160,0,720
FINNIFTY02JAN2419700CE.NFO,02/01/2024,12:36:48,1670,1624.95,160,1670.1,360,0,720
FINNIFTY02JAN2419700CE.NFO,02/01/2024,12:36:54,1670,1625.25,160,1670.1,360,0,720
FINNIFTY02JAN2419700CE.NFO,02/01/2024,12:37:00,1670,1626.35,40,1670.1,360,0,720
FINNIFTY02JAN2419700CE.NFO,02/01/2024,12:37:07,1670,1626.65,40,1670.1,360,0,720
FINNIFTY02JAN2419700CE.NFO,02/01/2024,12:37:13,1670,1626.95,40,1670.1,360,0,720
FINNIFTY02JAN2419700CE.NFO,02/01/2024,12:37:20,1670,1627.25,40,1670.1,360,0,720
FINNIFTY02JAN2419700CE.NFO,02/01/2024,12:37:26,1670,1627.55,40,1670.1,360,0,720
FINNIFTY02JAN2419700CE.NFO,02/01/2024,12:37:32,1670,1627.85,40,1670.1,360,0,720
FINNIFTY02JAN2419700CE.NFO,02/01/2024,12:37:38,1670,1628.15,40,1670.1,360,0,720
FINNIFTY02JAN2419700CE.NFO,02/01/2024,12:37:44,1670,1628.45,40,1670.1,360,0,720
FINNIFTY02JAN2419700CE.NFO,02/01/2024,12:37:50,1670,1628.75,40,1670.1,360,0,720
FINNIFTY02JAN2419700CE.NFO,02/01/2024,12:37:56,1670,1629.05,40,1670.1,360,0,720
FINNIFTY02JAN2419700CE.NFO,02/01/2024,12:38:01,1670,1629.35,40,1669.85,160,0,720
FINNIFTY02JAN2419700CE.NFO,02/01/2024,12:38:07,1670,1629.65,40,1668.85,40,0,720
FINNIFTY02JAN2419700CE.NFO,02/01/2024,12:38:13,1670,1629.9,160,1668.6,40,0,720
FINNIFTY02JAN2419700CE.NFO,02/01/2024,12:38:20,1670,1630.2,40,1667.35,40,0,720
FINNIFTY02JAN2419700CE.NFO,02/01/2024,12:38:26,1670,1630.5,40,1666.45,40,0,720
FINNIFTY02JAN2419700CE.NFO,02/01/2024,12:38:32,1670,1630.8,40,1665.55,40,0,720
FINNIFTY02JAN2419700CE.NFO,02/01/2024,12:38:37,1670,1631.1,40,1664.75,160,0,720
FINNIFTY02JAN2419700CE.NFO,02/01/2024,12:38:42,1670,1631.4,40,1663.75,40,0,720
FINNIFTY02JAN2419700CE.NFO,02/01/2024,12:38:48,1670,1631.7,40,1662.85,40,0,720
FINNIFTY02JAN2419700CE.NFO,02/01/2024,12:38:53,1670,1632,40,1662.15,40,0,720
FINNIFTY02JAN2419700CE.NFO,02/01/2024,12:38:58,1670,1632.3,40,1661.15,40,0,720
FINNIFTY02JAN2419700CE.NFO,02/01/2024,12:39:03,1670,1632.6,40,1660.25,40,0,720
FINNIFTY02JAN2419700CE.NFO,02/01/2024,12:39:09,1670,1632.9,40,1716.7,240,0,720
FINNIFTY02JAN2419700CE.NFO,02/01/2024,12:39:14,1670,1633.2,40,1714.65,40,0,720
FINNIFTY02JAN2419700CE.NFO,02/01/2024,12:39:19,1670,1633.5,40,1714.05,40,0,720
FINNIFTY02JAN2419700CE.NFO,02/01/2024,12:39:24,1670,1634.6,160,1712.95,160,0,720
FINNIFTY02JAN2419700CE.NFO,02/01/2024,12:39:29,1670,1635.4,40,1712.15,40,0,720
FINNIFTY02JAN2419700CE.NFO,02/01/2024,12:39:35,1670,1636.6,40,1710.95,80,0,720
FINNIFTY02JAN2419700CE.NFO,02/01/2024,12:39:37,1670,1637.1,160,1710.65,40,0,720
FINNIFTY02JAN2419700CE.NFO,02/01/2024,12:39:38,1670,1637.3,40,1710.25,40,0,720
FINNIFTY02JAN2419700CE.NFO,02/01/2024,12:39:40,1670,1637.6,40,1709.85,40,0,720
FINNIFTY02JAN2419700CE.NFO,02/01/2024,12:39:46,1670,1639,160,1708.65,40,0,720
FINNIFTY02JAN2419700CE.NFO,02/01/2024,12:39:48,1670,1639.4,40,1708.35,40,0,720
FINNIFTY02JAN2419700CE.NFO,02/01/2024,12:39:50,1670,1640,160,1707.85,160,0,720
FINNIFTY02JAN2419700CE.NFO,02/01/2024,12:39:51,1670,1640.1,240,1707.65,40,0,720
FINNIFTY02JAN2419700CE.NFO,02/01/2024,12:39:53,1670,1640.1,240,1707.35,40,0,720
FINNIFTY02JAN2419700CE.NFO,02/01/2024,12:39:54,1670,1640.1,240,1707.05,40,0,720
FINNIFTY02JAN2419700CE.NFO,02/01/2024,12:39:56,1670,1640.1,240,1706.75,40,0,720
FINNIFTY02JAN2419700CE.NFO,02/01/2024,12:39:58,1670,1640.1,240,1706.45,40,0,720
FINNIFTY02JAN2419700CE.NFO,02/01/2024,12:39:59,1670,1640.1,240,1706.2,120,0,720
FINNIFTY02JAN2419700CE.NFO,02/01/2024,12:40:01,1670,1640.1,240,1705.85,40,0,720
FINNIFTY02JAN2419700CE.NFO,02/01/2024,12:40:02,1670,1640.1,240,1705.6,40,0,720
FINNIFTY02JAN2419700CE.NFO,02/01/2024,12:40:04,1670,1640.1,240,1705.15,40,0,720
FINNIFTY02JAN2419700CE.NFO,02/01/2024,12:40:06,1670,1640.1,240,1704.75,40,0,720
FINNIFTY02JAN2419700CE.NFO,02/01/2024,12:40:07,1670,1640.1,240,1704.45,40,0,720
FINNIFTY02JAN2419700CE.NFO,02/01/2024,12:40:09,1670,1640.1,240,1704.15,40,0,720
FINNIFTY02JAN2419700CE.NFO,02/01/2024,12:40:11,1670,1640.1,240,1703.85,40,0,720
FINNIFTY02JAN2419700CE.NFO,02/01/2024,12:40:12,1670,1640.1,240,1703.55,40,0,720
FINNIFTY02JAN2419700CE.NFO,02/01/2024,12:40:14,1670,1640.1,240,1703.15,40,0,720
FINNIFTY02JAN2419700CE.NFO,02/01/2024,12:40:15,1670,1640.1,240,1702.85,160,0,720
FINNIFTY02JAN2419700CE.NFO,02/01/2024,12:40:17,1670,1640.1,240,1702.75,360,0,720
FINNIFTY02JAN2419700CE.NFO,02/01/2024,12:41:04,1670,1640.95,40,1702.75,360,0,720
FINNIFTY02JAN2419700CE.NFO,02/01/2024,12:41:10,1670,1642,160,1702.75,360,0,720
FINNIFTY02JAN2419700CE.NFO,02/01/2024,12:41:15,1670,1642.1,360,1702.75,360,0,720
FINNIFTY02JAN2419700CE.NFO,02/01/2024,12:41:33,1670,1642.1,360,1702.65,160,0,720
FINNIFTY02JAN2419700CE.NFO,02/01/2024,12:42:31,1670,1642.2,160,1702.6,160,0,720
FINNIFTY02JAN2419700CE.NFO,02/01/2024,12:42:38,1670,1642.25,160,1702.5,360,0,720
FINNIFTY02JAN2419700CE.NFO,02/01/2024,12:42:44,1670,1643.35,40,1702.5,360,0,720
FINNIFTY02JAN2419700CE.NFO,02/01/2024,12:42:50,1670,1644.45,160,1702.5,360,0,720
FINNIFTY02JAN2419700CE.NFO,02/01/2024,12:42:56,1670,1645.45,40,1702.5,360,0,720
FINNIFTY02JAN2419700CE.NFO,02/01/2024,12:43:01,1670,1646.25,160,1702.5,360,0,720
FINNIFTY02JAN2419700CE.NFO,02/01/2024,12:43:07,1670,1646.35,360,1702.5,360,0,720
FINNIFTY02JAN2419700CE.NFO,02/01/2024,12:44:06,1670,1646.35,360,1702.4,160,0,720
FINNIFTY02JAN2419700CE.NFO,02/01/2024,12:44:34,1670,1646.45,160,1702.35,160,0,720
FINNIFTY02JAN2419700CE.NFO,02/01/2024,12:44:39,1670,1646.5,160,1702.05,160,0,720
FINNIFTY02JAN2419700CE.NFO,02/01/2024,12:44:44,1670,1647.5,40,1701.05,40,0,720
FINNIFTY02JAN2419700CE.NFO,02/01/2024,12:44:59,1670,1650.05,160,1698.65,160,0,720
FINNIFTY02JAN2419700CE.NFO,02/01/2024,12:45:05,1670,1650.9,160,1698.35,40,0,720
FINNIFTY02JAN2419700CE.NFO,02/01/2024,12:45:10,1670,1651.9,40,1698.05,40,0,720
FINNIFTY02JAN2419700CE.NFO,02/01/2024,12:45:16,1670,1652.95,160,1697.75,40,0,720
FINNIFTY02JAN2419700CE.NFO,02/01/2024,12:45:23,1670,1653.05,360,1697.45,40,0,720
FINNIFTY02JAN2419700CE.NFO,02/01/2024,12:45:28,1670,1653.05,360,1697.15,40,0,720
FINNIFTY02JAN2419700CE.NFO,02/01/2024,12:45:33,1670,1653.05,360,1696.85,40,0,720
FINNIFTY02JAN2419700CE.NFO,02/01/2024,12:45:38,1670,1653.05,360,1696.55,40,0,720
FINNIFTY02JAN2419700CE.NFO,02/01/2024,12:45:43,1670,1653.45,40,1696.25,40,0,720
FINNIFTY02JAN2419700CE.NFO,02/01/2024,12:45:49,1670,1653.55,160,1695.95,40,0,720
FINNIFTY02JAN2419700CE.NFO,02/01/2024,12:46:00,1670,1653.85,160,1694.45,40,0,720
FINNIFTY02JAN2419700CE.NFO,02/01/2024,12:46:06,1670,1653.85,160,1693.45,40,0,720
FINNIFTY02JAN2419700CE.NFO,02/01/2024,12:46:13,1670,1602.95,200,1693.15,40,0,720
FINNIFTY02JAN2419700CE.NFO,02/01/2024,12:46:18,1670,1605.65,40,1692.2,40,0,720
FINNIFTY02JAN2419700CE.NFO,02/01/2024,12:46:23,1670,1606.45,160,1691.4,160,0,720
FINNIFTY02JAN2419700CE.NFO,02/01/2024,12:46:27,1670,1607.25,40,1690.5,40,0,720
FINNIFTY02JAN2419700CE.NFO,02/01/2024,12:46:31,1670,1607.55,40,1689.9,40,0,720
FINNIFTY02JAN2419700CE.NFO,02/01/2024,12:46:37,1670,1608.75,40,1688.6,40,0,720
FINNIFTY02JAN2419700CE.NFO,02/01/2024,12:46:45,1670,1610.15,160,1687.2,160,0,720
FINNIFTY02JAN2419700CE.NFO,02/01/2024,12:46:48,1670,1610.5,40,1687.1,360,0,720
FINNIFTY02JAN2419700CE.NFO,02/01/2024,12:46:50,1670,1611.1,40,1687.1,360,0,720
FINNIFTY02JAN2419700CE.NFO,02/01/2024,12:46:52,1670,1611.4,40,1687.1,360,0,720
FINNIFTY02JAN2419700CE.NFO,02/01/2024,12:46:53,1670,1611.7,40,1687.1,360,0,720
FINNIFTY02JAN2419700CE.NFO,02/01/2024,12:46:55,1670,1612,40,1687.1,360,0,720
FINNIFTY02JAN2419700CE.NFO,02/01/2024,12:46:56,1670,1612.3,40,1687.1,360,0,720
FINNIFTY02JAN2419700CE.NFO,02/01/2024,12:46:58,1670,1612.5,160,1687.1,360,0,720
FINNIFTY02JAN2419700CE.NFO,02/01/2024,12:47:00,1670,1612.8,160,1687.1,360,0,720
FINNIFTY02JAN2419700CE.NFO,02/01/2024,12:47:01,1670,1612.9,120,1687.1,360,0,720
FINNIFTY02JAN2419700CE.NFO,02/01/2024,12:48:03,1670,1613.35,160,1686.85,40,0,720
FINNIFTY02JAN2419700CE.NFO,02/01/2024,12:48:09,1670,1613.45,360,1686.55,40,0,720
FINNIFTY02JAN2419700CE.NFO,02/01/2024,12:48:15,1670,1613.45,360,1686.25,40,0,720
FINNIFTY02JAN2419700CE.NFO,02/01/2024,12:48:20,1670,1613.45,360,1685.95,40,0,720
FINNIFTY02JAN2419700CE.NFO,02/01/2024,12:48:25,1670,1613.45,360,1685.65,40,0,720
FINNIFTY02JAN2419700CE.NFO,02/01/2024,12:48:30,1670,1613.45,360,1685.35,40,0,720
FINNIFTY02JAN2419700CE.NFO,02/01/2024,12:48:36,1670,1613.45,360,1685.05,40,0,720
FINNIFTY02JAN2419700CE.NFO,02/01/2024,12:48:42,1670,1613.45,360,1683.8,40,0,720
FINNIFTY02JAN2419700CE.NFO,02/01/2024,12:48:48,1670,1613.45,360,1682.8,160,0,720
FINNIFTY02JAN2419700CE.NFO,02/01/2024,12:48:55,1670,1613.45,360,1682.5,160,0,720
FINNIFTY02JAN2419700CE.NFO,02/01/2024,12:49:01,1670,1613.45,360,1682.2,160,0,720
FINNIFTY02JAN2419700CE.NFO,02/01/2024,12:49:06,1670,1613.45,360,1681.3,160,0,720
FINNIFTY02JAN2419700CE.NFO,02/01/2024,12:49:12,1670,1613.45,360,1680.3,40,0,720
FINNIFTY02JAN2419700CE.NFO,02/01/2024,12:49:17,1670,1613.45,360,1679.25,40,0,720
FINNIFTY02JAN2419700CE.NFO,02/01/2024,12:49:22,1670,1613.45,360,1678.25,40,0,720
FINNIFTY02JAN2419700CE.NFO,02/01/2024,12:49:29,1670,1613.45,360,1677.95,40,0,720
FINNIFTY02JAN2419700CE.NFO,02/01/2024,12:49:35,1670,1613.45,160,1677.7,40,0,720
FINNIFTY02JAN2419700CE.NFO,02/01/2024,12:49:40,1670,1613.6,160,1677.4,40,0,720
FINNIFTY02JAN2419700CE.NFO,02/01/2024,12:49:46,1670,1614.7,40,1676.2,40,0,720
FINNIFTY02JAN2419700CE.NFO,02/01/2024,12:49:56,1670,1616.6,40,1674.4,40,0,720
FINNIFTY02JAN2419700CE.NFO,02/01/2024,12:50:02,1670,1616.85,120,1674.15,120,0,720
FINNIFTY02JAN2419700CE.NFO,02/01/2024,12:50:07,1670,1617.15,40,1673.3,160,0,720
FINNIFTY02JAN2419700CE.NFO,02/01/2024,12:50:12,1670,1617.45,40,1672.3,40,0,720
FINNIFTY02JAN2419700CE.NFO,02/01/2024,12:50:18,1670,1617.75,40,1671.3,40,0,720
FINNIFTY02JAN2419700CE.NFO,02/01/2024,12:50:24,1670,1618.05,40,1670.3,40,0,720
FINNIFTY02JAN2419700CE.NFO,02/01/2024,12:50:30,1670,1618.35,40,1669.25,160,0,720
FINNIFTY02JAN2419700CE.NFO,02/01/2024,12:50:36,1670,1618.65,40,1668.25,40,0,720
FINNIFTY02JAN2419700CE.NFO,02/01/2024,12:50:42,1670,1618.95,40,1667.2,160,0,720
FINNIFTY02JAN2419700CE.NFO,02/01/2024,12:50:48,1670,1619.25,40,1667.1,360,0,720
FINNIFTY02JAN2419700CE.NFO,02/01/2024,12:50:54,1670,1619.55,40,1667.1,360,0,720
FINNIFTY02JAN2419700CE.NFO,02/01/2024,12:50:59,1670,1619.85,40,1667.1,360,0,720
FINNIFTY02JAN2419700CE.NFO,02/01/2024,12:51:05,1670,1620.15,40,1667.1,360,0,720
FINNIFTY02JAN2419700CE.NFO,02/01/2024,12:51:11,1670,1621.3,40,1667.1,360,0,720
FINNIFTY02JAN2419700CE.NFO,02/01/2024,12:51:18,1670,1622.1,40,1667.1,360,0,720
FINNIFTY02JAN2419700CE.NFO,02/01/2024,12:51:24,1670,1622.7,40,1733.25,400,0,720
FINNIFTY02JAN2419700CE.NFO,02/01/2024,12:51:30,1670,1623.75,160,1728.85,400,0,720
FINNIFTY02JAN2419700CE.NFO,02/01/2024,12:51:36,1670,1623.8,400,1725.9,560,0,720
FINNIFTY02JAN2419700CE.NFO,02/01/2024,12:51:42,1670,1623.8,400,1715.95,160,0,720
FINNIFTY02JAN2419700CE.NFO,02/01/2024,12:51:47,1670,1623.8,400,1713.7,160,0,720
FINNIFTY02JAN2419700CE.NFO,02/01/2024,12:51:51,1670,1623.8,400,1712.7,40,0,720
FINNIFTY02JAN2419700CE.NFO,02/01/2024,12:51:56,1670,1623.8,400,1711.9,160,0,720
FINNIFTY02JAN2419700CE.NFO,02/01/2024,12:52:01,1670,1623.8,400,1711.8,360,0,720
FINNIFTY02JAN2419700CE.NFO,02/01/2024,12:52:35,1670,1624.65,160,1711.8,360,0,720
FINNIFTY02JAN2419700CE.NFO,02/01/2024,12:52:40,1670,1625.45,160,1711.8,360,0,720
FINNIFTY02JAN2419700CE.NFO,02/01/2024,12:52:45,1670,1625.7,160,1711.8,360,0,720
FINNIFTY02JAN2419700CE.NFO,02/01/2024,12:52:50,1670,1626.65,40,1711.8,360,0,720
FINNIFTY02JAN2419700CE.NFO,02/01/2024,12:52:56,1670,1627.6,40,1711.8,360,0,720
FINNIFTY02JAN2419700CE.NFO,02/01/2024,12:53:01,1670,1627.9,40,1711.8,360,0,720
FINNIFTY02JAN2419700CE.NFO,02/01/2024,12:53:05,1670,1628.2,40,1711.65,160,0,720
FINNIFTY02JAN2419700CE.NFO,02/01/2024,12:53:10,1670,1628.5,40,1710.95,40,0,720
FINNIFTY02JAN2419700CE.NFO,02/01/2024,12:53:14,1670,1628.6,160,1710.85,160,0,720
FINNIFTY02JAN2419700CE.NFO,02/01/2024,12:55:26,1670,1628.75,40,1710.4,40,0,720
FINNIFTY02JAN2419700CE.NFO,02/01/2024,12:55:32,1670,1629.05,40,1709.45,40,0,720
FINNIFTY02JAN2419700CE.NFO,02/01/2024,12:55:50,1670,1629.9,40,1708.75,360,0,720
FINNIFTY02JAN2419700CE.NFO,02/01/2024,12:55:54,1670,1630.15,160,1708.75,360,0,720
FINNIFTY02JAN2419700CE.NFO,02/01/2024,12:55:59,1670,1630.45,40,1708.75,360,0,720
FINNIFTY02JAN2419700CE.NFO,02/01/2024,12:56:03,1670,1630.75,40,1708.75,360,0,720
FINNIFTY02JAN2419700CE.NFO,02/01/2024,12:56:08,1670,1631.05,40,1708.75,360,0,720
FINNIFTY02JAN2419700CE.NFO,02/01/2024,12:56:14,1670,1631.35,40,1708.75,360,0,720
FINNIFTY02JAN2419700CE.NFO,02/01/2024,12:56:19,1670,1631.65,40,1708.75,360,0,720
FINNIFTY02JAN2419700CE.NFO,02/01/2024,12:56:25,1670,1631.95,40,1708.75,360,0,720
FINNIFTY02JAN2419700CE.NFO,02/01/2024,12:56:30,1670,1632.25,40,1708.75,360,0,720
FINNIFTY02JAN2419700CE.NFO,02/01/2024,12:56:35,1670,1632.55,40,1708.75,360,0,720
FINNIFTY02JAN2419700CE.NFO,02/01/2024,12:56:40,1670,1632.85,40,1708.75,360,0,720
FINNIFTY02JAN2419700CE.NFO,02/01/2024,12:56:46,1670,1634.05,40,1708.75,360,0,720
FINNIFTY02JAN2419700CE.NFO,02/01/2024,12:56:50,1670,1634.85,160,1708.75,360,0,720
FINNIFTY02JAN2419700CE.NFO,02/01/2024,12:56:56,1670,1635.8,40,1708.75,360,0,720
FINNIFTY02JAN2419700CE.NFO,02/01/2024,12:57:01,1670,1636.65,40,1708.6,40,0,720
FINNIFTY02JAN2419700CE.NFO,02/01/2024,12:57:06,1670,1637.55,40,1708.3,40,0,720
FINNIFTY02JAN2419700CE.NFO,02/01/2024,12:57:11,1670,1638.35,160,1708,40,0,720
FINNIFTY02JAN2419700CE.NFO,02/01/2024,12:57:16,1670,1638.45,320,1707.7,40,0,720
FINNIFTY02JAN2419700CE.NFO,02/01/2024,12:57:21,1670,1638.45,320,1706.5,40,0,720
FINNIFTY02JAN2419700CE.NFO,02/01/2024,12:57:27,1670,1638.45,320,1705.6,40,0,720
FINNIFTY02JAN2419700CE.NFO,02/01/2024,12:57:32,1670,1638.45,320,1704.8,160,0,720
FINNIFTY02JAN2419700CE.NFO,02/01/2024,12:57:37,1670,1638.45,320,1703.95,160,0,720
FINNIFTY02JAN2419700CE.NFO,02/01/2024,12:57:41,1670,1638.45,320,1702.75,160,0,720
FINNIFTY02JAN2419700CE.NFO,02/01/2024,12:57:46,1670,1638.45,320,1702.65,360,0,720
FINNIFTY02JAN2419700CE.NFO,02/01/2024,12:58:32,1670,1638.45,120,1702.65,360,0,720
FINNIFTY02JAN2419700CE.NFO,02/01/2024,12:58:38,1670,1638.7,40,1702.65,360,0,720
FINNIFTY02JAN2419700CE.NFO,02/01/2024,12:58:43,1670,1639.55,40,1702.65,360,0,720
FINNIFTY02JAN2419700CE.NFO,02/01/2024,12:58:49,1670,1640.55,40,1702.65,360,0,720
FINNIFTY02JAN2419700CE.NFO,02/01/2024,12:58:54,1670,1640.85,40,1702.65,360,0,720
FINNIFTY02JAN2419700CE.NFO,02/01/2024,12:59:00,1670,1641.15,40,1702.65,360,0,720
FINNIFTY02JAN2419700CE.NFO,02/01/2024,12:59:06,1670,1641.45,40,1702.65,160,0,720
FINNIFTY02JAN2419700CE.NFO,02/01/2024,12:59:12,1670,1641.7,40,1702.5,160,0,720
FINNIFTY02JAN2419700CE.NFO,02/01/2024,12:59:18,1670,1641.8,160,1702.4,160,0,720
FINNIFTY02JAN2419700CE.NFO,02/01/2024,13:00:39,1670,1641.95,40,1702.25,160,0,720
FINNIFTY02JAN2419700CE.NFO,02/01/2024,13:00:45,1670,1642.25,40,1701.3,40,0,720
FINNIFTY02JAN2419700CE.NFO,02/01/2024,13:00:50,1670,1642.55,160,1700.35,160,0,720
FINNIFTY02JAN2419700CE.NFO,02/01/2024,13:00:55,1670,1642.85,40,1700.25,240,0,720
FINNIFTY02JAN2419700CE.NFO,02/01/2024,13:01:01,1670,1643.15,40,1700.25,240,0,720
FINNIFTY02JAN2419700CE.NFO,02/01/2024,13:01:07,1670,1643.45,40,1700.25,240,0,720
FINNIFTY02JAN2419700CE.NFO,02/01/2024,13:01:12,1670,1643.75,40,1700.25,240,0,720
FINNIFTY02JAN2419700CE.NFO,02/01/2024,13:01:18,1670,1644.05,40,1700.25,240,0,720
FINNIFTY02JAN2419700CE.NFO,02/01/2024,13:01:25,1670,1644.35,40,1700.25,240,0,720
FINNIFTY02JAN2419700CE.NFO,02/01/2024,13:01:30,1670,1644.65,40,1700.25,240,0,720
FINNIFTY02JAN2419700CE.NFO,02/01/2024,13:01:37,1670,1554.7,400,1700.15,160,0,720
FINNIFTY02JAN2419700CE.NFO,02/01/2024,13:02:36,1670,1564.8,400,1699.15,40,0,720
FINNIFTY02JAN2419700CE.NFO,02/01/2024,13:02:44,1670,1568.8,400,1698.75,160,0,720
FINNIFTY02JAN2419700CE.NFO,02/01/2024,13:02:51,1670,1573.65,400,1698.5,200,0,720
FINNIFTY02JAN2419700CE.NFO,02/01/2024,13:02:59,1670,1574.75,400,1698.15,120,0,720
FINNIFTY02JAN2419700CE.NFO,02/01/2024,13:03:06,1670,1577.1,400,1697.9,120,0,720
FINNIFTY02JAN2419700CE.NFO,02/01/2024,13:03:13,1670,1582.75,400,1697.1,120,0,720
FINNIFTY02JAN2419700CE.NFO,02/01/2024,13:03:19,1670,1594.15,40,1696.65,200,0,720
FINNIFTY02JAN2419700CE.NFO,02/01/2024,13:03:25,1670,1594.45,40,1695.7,40,0,720
FINNIFTY02JAN2419700CE.NFO,02/01/2024,13:03:31,1670,1594.75,40,1694.7,40,0,720
FINNIFTY02JAN2419700CE.NFO,02/01/2024,13:03:39,1670,1595,40,1694.5,320,0,720
FINNIFTY02JAN2419700CE.NFO,02/01/2024,13:03:47,1670,1595.05,200,1694.5,320,0,720
FINNIFTY02JAN2419700CE.NFO,02/01/2024,13:03:54,1670,1595.25,160,1694.5,320,0,720
FINNIFTY02JAN2419700CE.NFO,02/01/2024,13:04:02,1670,1595.5,40,1694.5,320,0,720
FINNIFTY02JAN2419700CE.NFO,02/01/2024,13:04:12,1670,1595.55,200,1694.45,400,0,720
FINNIFTY02JAN2419700CE.NFO,02/01/2024,13:04:22,1670,1595.9,160,1693,160,0,720
FINNIFTY02JAN2419700CE.NFO,02/01/2024,13:04:31,1670,1596.45,160,1692.6,40,0,720
FINNIFTY02JAN2419700CE.NFO,02/01/2024,13:04:39,1670,1597.45,40,1692.3,40,0,720
FINNIFTY02JAN2419700CE.NFO,02/01/2024,13:04:48,1670,1597.75,40,1692.1,320,0,720
FINNIFTY02JAN2419700CE.NFO,02/01/2024,13:04:56,1670,1597.85,160,1692.1,320,0,720
FINNIFTY02JAN2419700CE.NFO,02/01/2024,13:06:03,1670,1597.85,160,1692.1,160,0,720
FINNIFTY02JAN2419700CE.NFO,02/01/2024,13:07:36,1670,1598,40,1692.05,160,0,720
FINNIFTY02JAN2419700CE.NFO,02/01/2024,13:07:41,1670,1598.3,40,1691.85,160,0,720
FINNIFTY02JAN2419700CE.NFO,02/01/2024,13:07:47,1670,1598.55,40,1691.8,160,0,720
FINNIFTY02JAN2419700CE.NFO,02/01/2024,13:07:53,1670,1598.85,40,1691.5,40,0,720
FINNIFTY02JAN2419700CE.NFO,02/01/2024,13:08:05,1670,1600.55,40,1690.9,40,0,720
FINNIFTY02JAN2419700CE.NFO,02/01/2024,13:08:12,1670,1600.95,160,1690.6,160,0,720
FINNIFTY02JAN2419700CE.NFO,02/01/2024,13:08:18,1670,1601.1,400,1690.5,160,0,720
FINNIFTY02JAN2419700CE.NFO,02/01/2024,13:09:49,1670,1604.35,200,1690.35,40,0,720
FINNIFTY02JAN2419700CE.NFO,02/01/2024,13:09:55,1670,1605.05,40,1690.05,40,0,720
FINNIFTY02JAN2419700CE.NFO,02/01/2024,13:10:01,1670,1605.3,40,1689.95,360,0,720
FINNIFTY02JAN2419700CE.NFO,02/01/2024,13:10:06,1670,1606.35,160,1689.3,40,0,720
FINNIFTY02JAN2419700CE.NFO,02/01/2024,13:10:11,1670,1607.55,160,1688.4,40,0,720
FINNIFTY02JAN2419700CE.NFO,02/01/2024,13:10:17,1670,1608.4,160,1687.6,160,0,720
FINNIFTY02JAN2419700CE.NFO,02/01/2024,13:10:23,1670,1608.85,160,1687.4,280,0,720
FINNIFTY02JAN2419700CE.NFO,02/01/2024,13:10:28,1670,1609.85,40,1687.4,280,0,720
FINNIFTY02JAN2419700CE.NFO,02/01/2024,13:10:32,1670,1610.55,40,1687.4,280,0,720
FINNIFTY02JAN2419700CE.NFO,02/01/2024,13:10:37,1670,1611.2,160,1687.4,280,0,720
FINNIFTY02JAN2419700CE.NFO,02/01/2024,13:10:42,1670,1612,40,1687.4,280,0,720
FINNIFTY02JAN2419700CE.NFO,02/01/2024,13:10:46,1670,1612.85,40,1687.4,280,0,720
FINNIFTY02JAN2419700CE.NFO,02/01/2024,13:10:51,1670,1613.35,120,1687.4,280,0,720
FINNIFTY02JAN2419700CE.NFO,02/01/2024,13:10:55,1670,1614.15,40,1687.4,280,0,720
FINNIFTY02JAN2419700CE.NFO,02/01/2024,13:11:00,1670,1614.95,160,1687.4,280,0,720
FINNIFTY02JAN2419700CE.NFO,02/01/2024,13:11:06,1670,1615.05,320,1687.4,280,0,720
FINNIFTY02JAN2419700CE.NFO,02/01/2024,13:11:32,1670,1615.05,320,1687.1,160,0,720
FINNIFTY02JAN2419700CE.NFO,02/01/2024,13:11:38,1670,1615.05,320,1686.1,40,0,720
FINNIFTY02JAN2419700CE.NFO,02/01/2024,13:11:44,1670,1615.05,320,1685.2,40,0,720
FINNIFTY02JAN2419700CE.NFO,02/01/2024,13:11:50,1670,1615.05,320,1684.35,40,0,720
FINNIFTY02JAN2419700CE.NFO,02/01/2024,13:11:55,1670,1615.05,320,1683.55,160,0,720
FINNIFTY02JAN2419700CE.NFO,02/01/2024,13:12:00,1670,1615.05,320,1682.6,40,0,720
FINNIFTY02JAN2419700CE.NFO,02/01/2024,13:12:05,1670,1615.7,40,1681.7,40,0,720
FINNIFTY02JAN2419700CE.NFO,02/01/2024,13:12:10,1670,1616,40,1680.95,160,0,720
FINNIFTY02JAN2419700CE.NFO,02/01/2024,13:12:15,1670,1616.3,40,1680.85,360,0,720
FINNIFTY02JAN2419700CE.NFO,02/01/2024,13:12:20,1670,1616.6,40,1680.85,360,0,720
FINNIFTY02JAN2419700CE.NFO,02/01/2024,13:12:25,1670,1616.9,40,1680.85,360,0,720
FINNIFTY02JAN2419700CE.NFO,02/01/2024,13:12:30,1670,1617.2,40,1680.85,360,0,720
FINNIFTY02JAN2419700CE.NFO,02/01/2024,13:12:35,1670,1617.5,40,1680.85,360,0,720
FINNIFTY02JAN2419700CE.NFO,02/01/2024,13:12:40,1670,1617.8,40,1680.85,360,0,720
FINNIFTY02JAN2419700CE.NFO,02/01/2024,13:12:46,1670,1618.1,40,1680.85,360,0,720
FINNIFTY02JAN2419700CE.NFO,02/01/2024,13:12:50,1670,1618.4,40,1680.85,360,0,720
FINNIFTY02JAN2419700CE.NFO,02/01/2024,13:12:55,1670,1618.7,40,1680.85,360,0,720
FINNIFTY02JAN2419700CE.NFO,02/01/2024,13:12:59,1670,1619,40,1680.85,360,0,720
FINNIFTY02JAN2419700CE.NFO,02/01/2024,13:13:04,1670,1619.3,40,1680.85,360,0,720
FINNIFTY02JAN2419700CE.NFO,02/01/2024,13:13:09,1670,1619.6,40,1680.85,360,0,720
FINNIFTY02JAN2419700CE.NFO,02/01/2024,13:13:14,1670,1619.9,40,1680.85,360,0,720
FINNIFTY02JAN2419700CE.NFO,02/01/2024,13:13:19,1670,1620.2,40,1680.85,360,0,720
FINNIFTY02JAN2419700CE.NFO,02/01/2024,13:13:24,1670,1620.5,40,1680.85,360,0,720
FINNIFTY02JAN2419700CE.NFO,02/01/2024,13:13:29,1670,1620.8,40,1680.85,360,0,720
FINNIFTY02JAN2419700CE.NFO,02/01/2024,13:13:35,1670,1621.1,40,1680.7,160,0,720
FINNIFTY02JAN2419700CE.NFO,02/01/2024,13:13:52,1670,1621.95,40,1679.8,160,0,720
FINNIFTY02JAN2419700CE.NFO,02/01/2024,13:13:58,1670,1622.2,160,1679.6,160,0,720
FINNIFTY02JAN2419700CE.NFO,02/01/2024,13:14:03,1670,1622.5,40,1679.55,160,0,720
FINNIFTY02JAN2419700CE.NFO,02/01/2024,13:14:14,1670,1623.1,40,1678.6,160,0,720
FINNIFTY02JAN2419700CE.NFO,02/01/2024,13:14:19,1670,1623.4,40,1678.3,40,0,720
FINNIFTY02JAN2419700CE.NFO,02/01/2024,13:14:25,1670,1623.6,160,1678.2,360,0,720
FINNIFTY02JAN2419700CE.NFO,02/01/2024,13:14:41,1670,1623.65,160,1678.2,360,0,720
FINNIFTY02JAN2419700CE.NFO,02/01/2024,13:14:45,1670,1624.6,120,1678.2,360,0,720
FINNIFTY02JAN2419700CE.NFO,02/01/2024,13:14:51,1670,1624.9,40,1678.2,360,0,720
FINNIFTY02JAN2419700CE.NFO,02/01/2024,13:14:56,1670,1625.1,160,1678.2,360,0,720
FINNIFTY02JAN2419700CE.NFO,02/01/2024,13:15:34,1670,1625.1,160,1678.2,160,0,720
FINNIFTY02JAN2419700CE.NFO,02/01/2024,13:16:02,1670,1625.15,160,1678.05,40,0,720
FINNIFTY02JAN2419700CE.NFO,02/01/2024,13:16:07,1670,1625.4,40,1677.95,360,0,720
FINNIFTY02JAN2419700CE.NFO,02/01/2024,13:16:12,1670,1625.7,40,1677.95,360,0,720
FINNIFTY02JAN2419700CE.NFO,02/01/2024,13:16:17,1670,1626,40,1677.95,360,0,720
FINNIFTY02JAN2419700CE.NFO,02/01/2024,13:16:22,1670,1626.25,40,1677.95,360,0,720
FINNIFTY02JAN2419700CE.NFO,02/01/2024,13:16:26,1670,1626.55,40,1677.95,360,0,720
FINNIFTY02JAN2419700CE.NFO,02/01/2024,13:16:32,1670,1626.8,40,1677.95,360,0,720
FINNIFTY02JAN2419700CE.NFO,02/01/2024,13:16:38,1670,1627.05,160,1677.95,360,0,720
FINNIFTY02JAN2419700CE.NFO,02/01/2024,13:16:44,1670,1627.35,40,1677.95,360,0,720
FINNIFTY02JAN2419700CE.NFO,02/01/2024,13:16:49,1670,1627.65,40,1677.95,360,0,720
FINNIFTY02JAN2419700CE.NFO,02/01/2024,13:16:53,1670,1628.75,160,1677.95,360,0,720
FINNIFTY02JAN2419700CE.NFO,02/01/2024,13:16:58,1670,1629.15,120,1677.95,360,0,720
FINNIFTY02JAN2419700CE.NFO,02/01/2024,13:17:03,1670,1629.45,40,1677.95,360,0,720
FINNIFTY02JAN2419700CE.NFO,02/01/2024,13:17:08,1670,1629.75,40,1677.95,360,0,720
FINNIFTY02JAN2419700CE.NFO,02/01/2024,13:17:14,1670,1630,160,1677.95,360,0,720
FINNIFTY02JAN2419700CE.NFO,02/01/2024,13:17:18,1670,1630.05,200,1677.95,360,0,720
FINNIFTY02JAN2419700CE.NFO,02/01/2024,13:17:33,1670,1630.05,200,1677.95,160,0,720
FINNIFTY02JAN2419700CE.NFO,02/01/2024,13:17:51,1670,1630.3,40,1677.8,40,0,720
FINNIFTY02JAN2419700CE.NFO,02/01/2024,13:18:01,1670,1630.85,40,1677.4,360,0,720
FINNIFTY02JAN2419700CE.NFO,02/01/2024,13:18:06,1670,1631.15,40,1677.4,360,0,720
FINNIFTY02JAN2419700CE.NFO,02/01/2024,13:18:11,1670,1631.45,40,1677.4,360,0,720
FINNIFTY02JAN2419700CE.NFO,02/01/2024,13:18:16,1670,1631.75,40,1677.4,360,0,720
FINNIFTY02JAN2419700CE.NFO,02/01/2024,13:18:21,1670,1632.05,40,1677.4,360,0,720
FINNIFTY02JAN2419700CE.NFO,02/01/2024,13:18:27,1670,1632.35,40,1677.4,360,0,720
FINNIFTY02JAN2419700CE.NFO,02/01/2024,13:18:33,1670,1632.65,40,1677.4,360,0,720
FINNIFTY02JAN2419700CE.NFO,02/01/2024,13:18:38,1670,1632.9,40,1677.4,360,0,720
FINNIFTY02JAN2419700CE.NFO,02/01/2024,13:18:43,1670,1633.15,160,1677.4,360,0,720
FINNIFTY02JAN2419700CE.NFO,02/01/2024,13:18:49,1670,1633.45,40,1677.4,360,0,720
FINNIFTY02JAN2419700CE.NFO,02/01/2024,13:18:54,1670,1633.75,40,1677.4,360,0,720
FINNIFTY02JAN2419700CE.NFO,02/01/2024,13:19:00,1670,1634.05,40,1677.4,360,0,720
FINNIFTY02JAN2419700CE.NFO,02/01/2024,13:19:04,1670,1634.35,40,1677.25,40,0,720
FINNIFTY02JAN2419700CE.NFO,02/01/2024,13:19:18,1670,1636.9,40,1675.05,40,0,720
FINNIFTY02JAN2419700CE.NFO,02/01/2024,13:19:22,1670,1637.75,160,1674.75,40,0,720
FINNIFTY02JAN2419700CE.NFO,02/01/2024,13:19:27,1670,1637.85,240,1674.45,40,0,720
FINNIFTY02JAN2419700CE.NFO,02/01/2024,13:19:31,1670,1637.85,240,1674.2,40,0,720
FINNIFTY02JAN2419700CE.NFO,02/01/2024,13:19:35,1670,1637.85,240,1673.9,40,0,720
FINNIFTY02JAN2419700CE.NFO,02/01/2024,13:19:40,1670,1637.85,240,1673.6,40,0,720
FINNIFTY02JAN2419700CE.NFO,02/01/2024,13:19:45,1670,1637.85,240,1673.35,40,0,720
FINNIFTY02JAN2419700CE.NFO,02/01/2024,13:19:49,1670,1637.85,240,1673.3,200,0,720
FINNIFTY02JAN2419700CE.NFO,02/01/2024,13:20:34,1670,1638.55,160,1673.05,40,0,720
FINNIFTY02JAN2419700CE.NFO,02/01/2024,13:20:38,1670,1639.35,40,1672.75,40,0,720
FINNIFTY02JAN2419700CE.NFO,02/01/2024,13:20:43,1670,1640.2,40,1672.45,40,0,720
FINNIFTY02JAN2419700CE.NFO,02/01/2024,13:20:49,1670,1640.8,120,1672.15,40,0,720
FINNIFTY02JAN2419700CE.NFO,02/01/2024,13:20:55,1670,1641.4,160,1671.9,160,0,720
FINNIFTY02JAN2419700CE.NFO,02/01/2024,13:21:01,1670,1641.5,40,1671.8,160,0,720
FINNIFTY02JAN2419700CE.NFO,02/01/2024,13:21:30,1670,1642.35,160,1671.65,40,0,720
FINNIFTY02JAN2419700CE.NFO,02/01/2024,13:21:34,1670,1642.45,360,1671.35,40,0,720
FINNIFTY02JAN2419700CE.NFO,02/01/2024,13:21:39,1670,1642.45,360,1671.05,40,0,720
FINNIFTY02JAN2419700CE.NFO,02/01/2024,13:21:43,1670,1642.45,360,1670.75,40,0,720
FINNIFTY02JAN2419700CE.NFO,02/01/2024,13:21:47,1670,1642.45,360,1670.45,40,0,720
FINNIFTY02JAN2419700CE.NFO,02/01/2024,13:21:52,1670,1642.45,360,1670.15,40,0,720
FINNIFTY02JAN2419700CE.NFO,02/01/2024,13:21:57,1670,1642.45,360,1669.85,40,0,720
FINNIFTY02JAN2419700CE.NFO,02/01/2024,13:22:01,1670,1642.45,360,1669.55,40,0,720
FINNIFTY02JAN2419700CE.NFO,02/01/2024,13:22:06,1670,1642.45,360,1669.25,40,0,720
FINNIFTY02JAN2419700CE.NFO,02/01/2024,13:22:11,1670,1642.45,360,1668.95,40,0,720
FINNIFTY02JAN2419700CE.NFO,02/01/2024,13:22:15,1670,1642.45,360,1668.65,40,0,720
FINNIFTY02JAN2419700CE.NFO,02/01/2024,13:22:21,1670,1642.45,360,1668.55,360,0,720
FINNIFTY02JAN2419700CE.NFO,02/01/2024,13:22:34,1670,1642.6,160,1668.55,360,0,720
FINNIFTY02JAN2419700CE.NFO,02/01/2024,13:22:38,1670,1642.9,160,1668.55,360,0,720
FINNIFTY02JAN2419700CE.NFO,02/01/2024,13:22:49,1670,1643.1,40,1668.55,360,0,720
FINNIFTY02JAN2419700CE.NFO,02/01/2024,13:22:53,1670,1643.55,40,1668.55,360,0,720
FINNIFTY02JAN2419700CE.NFO,02/01/2024,13:22:58,1670,1643.8,80,1668.55,360,0,720
FINNIFTY02JAN2419700CE.NFO,02/01/2024,13:23:03,1670,1588.7,400,1668.55,360,0,720
FINNIFTY02JAN2419700CE.NFO,02/01/2024,13:23:31,1670,1589.1,400,1668.4,40,0,720
FINNIFTY02JAN2419700CE.NFO,02/01/2024,13:23:37,1670,1598.7,400,1668.1,40,0,720
FINNIFTY02JAN2419700CE.NFO,02/01/2024,13:23:42,1670,1602.9,40,1667.8,40,0,720
FINNIFTY02JAN2419700CE.NFO,02/01/2024,13:23:48,1670,1603.7,40,1667.5,40,0,720
FINNIFTY02JAN2419700CE.NFO,02/01/2024,13:23:53,1670,1603.95,40,1667.4,360,0,720
FINNIFTY02JAN2419700CE.NFO,02/01/2024,13:23:59,1670,1604.2,40,1667.4,360,0,720
FINNIFTY02JAN2419700CE.NFO,02/01/2024,13:24:04,1670,1604.5,40,1667.4,360,0,720
FINNIFTY02JAN2419700CE.NFO,02/01/2024,13:24:09,1670,1605.5,160,1667.4,360,0,720
FINNIFTY02JAN2419700CE.NFO,02/01/2024,13:24:14,1670,1606.3,40,1667.4,360,0,720
FINNIFTY02JAN2419700CE.NFO,02/01/2024,13:24:19,1670,1607.2,40,1667.4,360,0,720
FINNIFTY02JAN2419700CE.NFO,02/01/2024,13:24:24,1670,1607.95,160,1667.4,360,0,720
FINNIFTY02JAN2419700CE.NFO,02/01/2024,13:24:29,1670,1608.65,40,1667.4,360,0,720
FINNIFTY02JAN2419700CE.NFO,02/01/2024,13:24:35,1670,1608.95,40,1667.4,360,0,720
FINNIFTY02JAN2419700CE.NFO,02/01/2024,13:24:40,1670,1609.25,40,1667.4,360,0,720
FINNIFTY02JAN2419700CE.NFO,02/01/2024,13:24:45,1670,1609.55,40,1667.4,360,0,720
FINNIFTY02JAN2419700CE.NFO,02/01/2024,13:24:50,1670,1609.85,40,1667.4,360,0,720
FINNIFTY02JAN2419700CE.NFO,02/01/2024,13:24:56,1670,1610.1,160,1667.4,360,0,720
FINNIFTY02JAN2419700CE.NFO,02/01/2024,13:25:01,1670,1610.4,40,1667.4,160,0,720
FINNIFTY02JAN2419700CE.NFO,02/01/2024,13:25:06,1670,1610.7,40,1667.25,40,0,720
FINNIFTY02JAN2419700CE.NFO,02/01/2024,13:25:22,1670,1612.4,40,1666.05,160,0,720
FINNIFTY02JAN2419700CE.NFO,02/01/2024,13:25:26,1670,1613.2,160,1665.75,40,0,720
FINNIFTY02JAN2419700CE.NFO,02/01/2024,13:25:32,1670,1614.1,40,1665.45,40,0,720
FINNIFTY02JAN2419700CE.NFO,02/01/2024,13:25:38,1670,1614.6,40,1665.15,40,0,720
FINNIFTY02JAN2419700CE.NFO,02/01/2024,13:25:44,1670,1614.7,320,1664.9,40,0,720
FINNIFTY02JAN2419700CE.NFO,02/01/2024,13:25:50,1670,1614.7,320,1664.6,40,0,720
FINNIFTY02JAN2419700CE.NFO,02/01/2024,13:25:56,1670,1614.7,320,1664.3,40,0,720
FINNIFTY02JAN2419700CE.NFO,02/01/2024,13:26:00,1670,1614.7,320,1664,40,0,720
FINNIFTY02JAN2419700CE.NFO,02/01/2024,13:26:05,1670,1614.7,320,1663.75,40,0,720
FINNIFTY02JAN2419700CE.NFO,02/01/2024,13:26:10,1670,1614.7,320,1663.45,40,0,720
FINNIFTY02JAN2419700CE.NFO,02/01/2024,13:26:16,1670,1614.7,320,1663.15,40,0,720
FINNIFTY02JAN2419700CE.NFO,02/01/2024,13:26:20,1670,1614.7,320,1662.9,40,0,720
FINNIFTY02JAN2419700CE.NFO,02/01/2024,13:26:26,1670,1614.7,320,1662.6,40,0,720
FINNIFTY02JAN2419700CE.NFO,02/01/2024,13:26:31,1670,1614.7,320,1662.3,40,0,720
FINNIFTY02JAN2419700CE.NFO,02/01/2024,13:26:36,1670,1614.7,320,1662,40,0,720
FINNIFTY02JAN2419700CE.NFO,02/01/2024,13:26:41,1670,1614.7,320,1661.7,40,0,720
FINNIFTY02JAN2419700CE.NFO,02/01/2024,13:26:45,1670,1614.7,320,1661.4,40,0,720
FINNIFTY02JAN2419700CE.NFO,02/01/2024,13:26:49,1670,1614.7,320,1661.1,40,0,720
FINNIFTY02JAN2419700CE.NFO,02/01/2024,13:26:54,1670,1614.7,320,1660.8,40,0,720
FINNIFTY02JAN2419700CE.NFO,02/01/2024,13:26:59,1670,1614.7,320,1660.5,40,0,720
FINNIFTY02JAN2419700CE.NFO,02/01/2024,13:27:04,1670,1615.3,40,1660.2,40,0,720
FINNIFTY02JAN2419700CE.NFO,02/01/2024,13:27:08,1670,1615.5,120,1660,160,0,720
FINNIFTY02JAN2419700CE.NFO,02/01/2024,13:30:42,1670,1615.5,120,1728.5,400,0,720
FINNIFTY02JAN2419700CE.NFO,02/01/2024,13:30:52,1670,1615.55,120,1726.4,200,0,720
FINNIFTY02JAN2419700CE.NFO,02/01/2024,13:30:57,1670,1616.3,40,1724.45,360,0,720
FINNIFTY02JAN2419700CE.NFO,02/01/2024,13:31:02,1670,1616.55,40,1723.85,40,0,720
FINNIFTY02JAN2419700CE.NFO,02/01/2024,13:31:08,1670,1616.75,200,1723.6,40,0,720
FINNIFTY02JAN2419700CE.NFO,02/01/2024,13:31:13,1670,1616.75,200,1723.3,40,0,720
FINNIFTY02JAN2419700CE.NFO,02/01/2024,13:31:18,1670,1616.75,200,1722.75,400,0,720
FINNIFTY02JAN2419700CE.NFO,02/01/2024,13:31:24,1670,1616.75,200,1722.3,160,0,720
FINNIFTY02JAN2419700CE.NFO,02/01/2024,13:31:29,1670,1616.75,200,1722.05,160,0,720
FINNIFTY02JAN2419700CE.NFO,02/01/2024,13:31:35,1670,1616.75,200,1721.45,40,0,720
FINNIFTY02JAN2419700CE.NFO,02/01/2024,13:31:40,1670,1616.75,200,1720.55,120,0,720
FINNIFTY02JAN2419700CE.NFO,02/01/2024,13:31:46,1670,1616.75,200,1720.25,40,0,720
FINNIFTY02JAN2419700CE.NFO,02/01/2024,13:31:52,1670,1616.75,200,1719.95,40,0,720
FINNIFTY02JAN2419700CE.NFO,02/01/2024,13:31:58,1670,1616.75,200,1719.65,40,0,720
FINNIFTY02JAN2419700CE.NFO,02/01/2024,13:32:05,1670,1616.75,200,1719.35,40,0,720
FINNIFTY02JAN2419700CE.NFO,02/01/2024,13:32:10,1670,1616.75,200,1719.1,160,0,720
FINNIFTY02JAN2419700CE.NFO,02/01/2024,13:32:16,1670,1616.75,200,1718.8,40,0,720
FINNIFTY02JAN2419700CE.NFO,02/01/2024,13:32:22,1670,1616.75,200,1718.7,160,0,720
FINNIFTY02JAN2419700CE.NFO,02/01/2024,13:32:32,1670,1616.8,40,1718.6,160,0,720
FINNIFTY02JAN2419700CE.NFO,02/01/2024,13:32:37,1670,1617.6,40,1717.45,400,0,720
FINNIFTY02JAN2419700CE.NFO,02/01/2024,13:32:43,1670,1617.85,160,1717.05,400,0,720
FINNIFTY02JAN2419700CE.NFO,02/01/2024,13:32:49,1670,1618.6,40,1716.25,40,0,720
FINNIFTY02JAN2419700CE.NFO,02/01/2024,13:32:54,1670,1618.85,40,1716,400,0,720
FINNIFTY02JAN2419700CE.NFO,02/01/2024,13:32:59,1670,1618.95,320,1715.1,40,0,720
FINNIFTY02JAN2419700CE.NFO,02/01/2024,13:33:04,1670,1618.95,320,1714.8,40,0,720
FINNIFTY02JAN2419700CE.NFO,02/01/2024,13:33:09,1670,1618.95,320,1714.55,40,0,720
FINNIFTY02JAN2419700CE.NFO,02/01/2024,13:33:13,1670,1618.95,320,1714.3,160,0,720
FINNIFTY02JAN2419700CE.NFO,02/01/2024,13:33:19,1670,1618.95,320,1714,40,0,720
FINNIFTY02JAN2419700CE.NFO,02/01/2024,13:33:24,1670,1618.95,320,1713.7,40,0,720
FINNIFTY02JAN2419700CE.NFO,02/01/2024,13:33:27,1670,1618.95,320,1713.45,40,0,720
FINNIFTY02JAN2419700CE.NFO,02/01/2024,13:33:32,1670,1618.95,320,1713.15,40,0,720
FINNIFTY02JAN2419700CE.NFO,02/01/2024,13:33:37,1670,1618.95,320,1712.9,160,0,720
FINNIFTY02JAN2419700CE.NFO,02/01/2024,13:33:42,1670,1618.95,320,1712.85,240,0,720
FINNIFTY02JAN2419700CE.NFO,02/01/2024,13:34:04,1670,1619.25,120,1712.6,40,0,720
FINNIFTY02JAN2419700CE.NFO,02/01/2024,13:34:09,1670,1620.05,40,1712.3,40,0,720
FINNIFTY02JAN2419700CE.NFO,02/01/2024,13:34:14,1670,1621.05,40,1712.1,320,0,720
FINNIFTY02JAN2419700CE.NFO,02/01/2024,13:34:19,1670,1621.35,40,1712.1,320,0,720
FINNIFTY02JAN2419700CE.NFO,02/01/2024,13:34:25,1670,1621.65,40,1712.1,320,0,720
FINNIFTY02JAN2419700CE.NFO,02/01/2024,13:34:31,1670,1621.95,40,1712.1,320,0,720
FINNIFTY02JAN2419700CE.NFO,02/01/2024,13:34:38,1670,1622.25,40,1712.1,320,0,720
FINNIFTY02JAN2419700CE.NFO,02/01/2024,13:34:44,1670,1622.45,160,1712.1,320,0,720
FINNIFTY02JAN2419700CE.NFO,02/01/2024,13:35:14,1670,1622.5,160,1712.1,320,0,720
FINNIFTY02JAN2419700CE.NFO,02/01/2024,13:35:19,1670,1623.5,40,1712.1,320,0,720
FINNIFTY02JAN2419700CE.NFO,02/01/2024,13:35:25,1670,1623.75,120,1712.1,320,0,720
FINNIFTY02JAN2419700CE.NFO,02/01/2024,13:35:31,1670,1624.05,40,1712.1,160,0,720
FINNIFTY02JAN2419700CE.NFO,02/01/2024,13:35:36,1670,1624.35,40,1712.05,160,0,720
FINNIFTY02JAN2419700CE.NFO,02/01/2024,13:35:42,1670,1624.65,40,1711.75,40,0,720
FINNIFTY02JAN2419700CE.NFO,02/01/2024,13:35:53,1670,1625.05,160,1711.35,160,0,720
FINNIFTY02JAN2419700CE.NFO,02/01/2024,13:37:11,1670,1625.2,40,1711.2,40,0,720
FINNIFTY02JAN2419700CE.NFO,02/01/2024,13:37:17,1670,1626.3,160,1710.5,200,0,720
FINNIFTY02JAN2419700CE.NFO,02/01/2024,13:37:22,1670,1626.4,360,1710.4,320,0,720
FINNIFTY02JAN2419700CE.NFO,02/01/2024,13:38:32,1670,1626.55,160,1710.25,40,0,720
FINNIFTY02JAN2419700CE.NFO,02/01/2024,13:38:38,1670,1626.8,160,1709.4,40,0,720
FINNIFTY02JAN2419700CE.NFO,02/01/2024,13:38:55,1670,1627.65,160,1708.6,160,0,720
FINNIFTY02JAN2419700CE.NFO,02/01/2024,13:39:00,1670,1627.95,160,1708.55,160,0,720
FINNIFTY02JAN2419700CE.NFO,02/01/2024,13:39:05,1670,1628.25,160,1708.35,320,0,720
FINNIFTY02JAN2419700CE.NFO,02/01/2024,13:39:10,1670,1628.55,160,1708.35,320,0,720
FINNIFTY02JAN2419700CE.NFO,02/01/2024,13:39:15,1670,1629.5,40,1708.35,320,0,720
FINNIFTY02JAN2419700CE.NFO,02/01/2024,13:39:20,1670,1630.3,160,1708.35,320,0,720
FINNIFTY02JAN2419700CE.NFO,02/01/2024,13:39:26,1670,1630.6,40,1708.35,320,0,720
FINNIFTY02JAN2419700CE.NFO,02/01/2024,13:39:31,1670,1630.9,40,1708.35,320,0,720
FINNIFTY02JAN2419700CE.NFO,02/01/2024,13:39:36,1670,1631,160,1708.35,320,0,720
FINNIFTY02JAN2419700CE.NFO,02/01/2024,13:40:33,1670,1631.15,40,1708.3,160,0,720
FINNIFTY02JAN2419700CE.NFO,02/01/2024,13:40:38,1670,1631.45,40,1708,40,0,720
FINNIFTY02JAN2419700CE.NFO,02/01/2024,13:41:20,1670,1634.35,160,1705.1,160,0,720
FINNIFTY02JAN2419700CE.NFO,02/01/2024,13:41:24,1670,1634.65,40,1705.05,400,0,720
FINNIFTY02JAN2419700CE.NFO,02/01/2024,13:41:31,1670,1634.75,160,1705.05,400,0,720
FINNIFTY02JAN2419700CE.NFO,02/01/2024,13:42:33,1670,1634.75,160,1705.05,240,0,720
FINNIFTY02JAN2419700CE.NFO,02/01/2024,13:45:16,1670,1634.9,40,1704.8,40,0,720
FINNIFTY02JAN2419700CE.NFO,02/01/2024,13:45:25,1670,1635.3,160,1704.4,160,0,720
FINNIFTY02JAN2419700CE.NFO,02/01/2024,13:45:53,1670,1635.45,40,1704.25,40,0,720
FINNIFTY02JAN2419700CE.NFO,02/01/2024,13:47:05,1670,1635.4,160,1704.3,160,0,720
FINNIFTY02JAN2419700CE.NFO,02/01/2024,14:07:31,1670,1635.45,160,1704,40,0,720
FINNIFTY02JAN2419700CE.NFO,02/01/2024,14:09:01,1670,1635.4,160,1704.05,160,0,720
FINNIFTY02JAN2419700CE.NFO,02/01/2024,14:19:24,1670,1636,40,1703.9,240,0,720
FINNIFTY02JAN2419700CE.NFO,02/01/2024,14:19:32,1670,1636.75,160,1703.9,240,0,720
FINNIFTY02JAN2419700CE.NFO,02/01/2024,14:19:39,1670,1637.1,80,1703.9,240,0,720
FINNIFTY02JAN2419700CE.NFO,02/01/2024,14:19:46,1670,1637.25,160,1703.9,240,0,720
FINNIFTY02JAN2419700CE.NFO,02/01/2024,14:19:53,1670,1637.8,160,1703.9,240,0,720
FINNIFTY02JAN2419700CE.NFO,02/01/2024,14:19:59,1670,1638.9,40,1703.9,240,0,720
FINNIFTY02JAN2419700CE.NFO,02/01/2024,14:20:06,1670,1639.3,120,1703.9,240,0,720
FINNIFTY02JAN2419700CE.NFO,02/01/2024,14:20:31,1670,1639.55,160,1703.75,40,0,720
FINNIFTY02JAN2419700CE.NFO,02/01/2024,14:20:38,1670,1640.75,160,1702.65,160,0,720
FINNIFTY02JAN2419700CE.NFO,02/01/2024,14:20:44,1670,1641.7,40,1701.8,160,0,720
FINNIFTY02JAN2419700CE.NFO,02/01/2024,14:20:49,1670,1642.6,40,1700.8,40,0,720
FINNIFTY02JAN2419700CE.NFO,02/01/2024,14:20:55,1670,1642.8,280,1700.05,160,0,720
FINNIFTY02JAN2419700CE.NFO,02/01/2024,14:21:01,1670,1642.8,280,1699.55,160,0,720
FINNIFTY02JAN2419700CE.NFO,02/01/2024,14:21:39,1670,1642.8,280,1699.3,160,0,720
FINNIFTY02JAN2419700CE.NFO,02/01/2024,14:21:45,1670,1642.8,280,1698.95,120,0,720
FINNIFTY02JAN2419700CE.NFO,02/01/2024,14:21:58,1670,1586.3,400,1827.8,400,0,720
FINNIFTY02JAN2419700CE.NFO,02/01/2024,14:22:04,1670,1589,400,1825.4,400,0,720
FINNIFTY02JAN2419700CE.NFO,02/01/2024,14:22:17,1670,1600.4,160,1813.85,560,0,720
FINNIFTY02JAN2419700CE.NFO,02/01/2024,14:22:24,1670,1611.85,400,1802.5,400,0,720
FINNIFTY02JAN2419700CE.NFO,02/01/2024,14:22:31,1670,1618.95,400,1795.2,400,0,720
FINNIFTY02JAN2419700CE.NFO,02/01/2024,14:22:32,1670,1619.75,160,1790.15,400,0,720
FINNIFTY02JAN2419700CE.NFO,02/01/2024,14:22:34,1670,1620.1,40,1785.9,400,0,720
FINNIFTY02JAN2419700CE.NFO,02/01/2024,14:22:36,1670,1620.15,400,1782.7,400,0,720
FINNIFTY02JAN2419700CE.NFO,02/01/2024,14:22:37,1670,1620.4,400,1782.1,400,0,720
FINNIFTY02JAN2419700CE.NFO,02/01/2024,14:22:39,1670,1620.6,40,1775.7,400,0,720
FINNIFTY02JAN2419700CE.NFO,02/01/2024,14:22:41,1670,1620.6,40,1775.5,400,0,720
FINNIFTY02JAN2419700CE.NFO,02/01/2024,14:22:42,1670,1620.6,40,1775.25,400,0,720
FINNIFTY02JAN2419700CE.NFO,02/01/2024,14:22:44,1670,1620.6,40,1775,400,0,720
FINNIFTY02JAN2419700CE.NFO,02/01/2024,14:22:46,1670,1543.95,400,1774.9,400,0,720
FINNIFTY02JAN2419700CE.NFO,02/01/2024,14:23:47,1670,1544.5,400,1774.6,400,0,720
FINNIFTY02JAN2419700CE.NFO,02/01/2024,14:23:54,1670,1545.15,400,1774.1,400,0,720
FINNIFTY02JAN2419700CE.NFO,02/01/2024,14:24:37,1670,1551.05,240,1768.45,400,0,720
FINNIFTY02JAN2419700CE.NFO,02/01/2024,14:24:43,1670,1562.1,400,1756.65,400,0,720
FINNIFTY02JAN2419700CE.NFO,02/01/2024,14:24:50,1670,1568.4,400,1750.25,400,0,720
FINNIFTY02JAN2419700CE.NFO,02/01/2024,14:24:55,1670,1579.75,400,1735.95,400,0,720
FINNIFTY02JAN2419700CE.NFO,02/01/2024,14:25:01,1670,1591,400,1727.2,40,0,720
FINNIFTY02JAN2419700CE.NFO,02/01/2024,14:25:07,1670,1593.45,400,1727.2,40,0,720
FINNIFTY02JAN2419700CE.NFO,02/01/2024,14:25:43,1670,1596.3,240,1726.7,240,0,720
FINNIFTY02JAN2419700CE.NFO,02/01/2024,14:25:45,1670,1599.55,240,1726.4,240,0,720
FINNIFTY02JAN2419700CE.NFO,02/01/2024,14:25:47,1670,1604,400,1726.4,240,0,720
FINNIFTY02JAN2419700CE.NFO,02/01/2024,14:25:48,1670,1608.3,400,1725.8,40,0,720
FINNIFTY02JAN2419700CE.NFO,02/01/2024,14:25:50,1670,1609.15,400,1725.7,120,0,720
FINNIFTY02JAN2419700CE.NFO,02/01/2024,14:26:26,1670,1611.95,400,1725.35,40,0,720
FINNIFTY02JAN2419700CE.NFO,02/01/2024,14:26:27,1670,1615.25,400,1724.85,280,0,720
FINNIFTY02JAN2419700CE.NFO,02/01/2024,14:26:29,1670,1616.2,400,1724.85,280,0,720
FINNIFTY02JAN2419700CE.NFO,02/01/2024,14:26:35,1670,1616.4,160,1724.45,240,0,720
FINNIFTY02JAN2419700CE.NFO,02/01/2024,14:26:48,1670,1616.9,400,1724.4,240,0,720
FINNIFTY02JAN2419700CE.NFO,02/01/2024,14:26:54,1670,1616.85,240,1724.4,240,0,720
FINNIFTY02JAN2419700CE.NFO,02/01/2024,14:27:17,1670,1617.4,240,1724.4,240,0,720
FINNIFTY02JAN2419700CE.NFO,02/01/2024,14:27:29,1670,1618.4,160,1724.4,240,0,720
FINNIFTY02JAN2419700CE.NFO,02/01/2024,14:27:46,1670,1618.4,160,1723.85,400,0,720
FINNIFTY02JAN2419700CE.NFO,02/01/2024,14:27:52,1670,1618.4,160,1723.65,160,0,720
FINNIFTY02JAN2419700CE.NFO,02/01/2024,14:29:49,1670,1618.65,400,1723.65,160,0,720
FINNIFTY02JAN2419700CE.NFO,02/01/2024,14:29:56,1670,1618.9,160,1723.65,160,0,720
FINNIFTY02JAN2419700CE.NFO,02/01/2024,14:30:03,1670,1619.55,400,1723.65,160,0,720
FINNIFTY02JAN2419700CE.NFO,02/01/2024,14:30:10,1670,1620.1,400,1723.65,160,0,720
FINNIFTY02JAN2419700CE.NFO,02/01/2024,14:30:17,1670,1620.9,160,1723.65,160,0,720
FINNIFTY02JAN2419700CE.NFO,02/01/2024,14:30:24,1670,1622.25,160,1723.65,160,0,720
FINNIFTY02JAN2419700CE.NFO,02/01/2024,14:30:32,1670,1622.35,40,1723.65,160,0,720
FINNIFTY02JAN2419700CE.NFO,02/01/2024,14:31:33,1670,1622.3,240,1723.65,160,0,720
FINNIFTY02JAN2419700CE.NFO,02/01/2024,14:31:41,1670,1622.35,240,1723.65,160,0,720
FINNIFTY02JAN2419700CE.NFO,02/01/2024,14:32:30,1670,1622.35,240,1723.75,240,0,720
FINNIFTY02JAN2419700CE.NFO,02/01/2024,14:32:44,1670,1622.45,160,1723.65,160,0,720
FINNIFTY02JAN2419700CE.NFO,02/01/2024,14:43:05,1670,1622.45,160,1723.7,160,0,720
FINNIFTY02JAN2419700CE.NFO,02/01/2024,14:43:41,1670,1622.45,160,1723.65,160,0,720
FINNIFTY02JAN2419700CE.NFO,02/01/2024,14:45:02,1670,1622.45,160,1723.7,160,0,720
FINNIFTY02JAN2419700CE.NFO,02/01/2024,14:45:10,1670,1622.45,160,1723.65,160,0,720
FINNIFTY02JAN2419700CE.NFO,02/01/2024,14:46:06,1670,1622.4,160,1723.65,160,0,720
FINNIFTY02JAN2419700CE.NFO,02/01/2024,14:46:13,1670,1622.45,160,1723.65,160,0,720
FINNIFTY02JAN2419700CE.NFO,02/01/2024,14:49:36,1670,1622.45,160,1723.7,160,0,720
FINNIFTY02JAN2419700CE.NFO,02/01/2024,14:50:35,1670,1622.45,160,1723.65,160,0,720
FINNIFTY02JAN2419700CE.NFO,02/01/2024,14:59:49,1670,1622.55,40,1723.6,400,0,720
FINNIFTY02JAN2419700CE.NFO,02/01/2024,14:59:57,1670,1622.45,160,1723.65,160,0,720
FINNIFTY02JAN2419700CE.NFO,02/01/2024,15:00:13,1670,1622.55,120,1723.55,120,0,720
FINNIFTY02JAN2419700CE.NFO,02/01/2024,15:00:36,1670,1622.45,160,1723.7,160,0,720
FINNIFTY02JAN2419700CE.NFO,02/01/2024,15:01:06,1670,1650.65,120,1658.75,160,0,720
FINNIFTY02JAN2419700CE.NFO,02/01/2024,15:01:13,1670,1652.6,120,1658.8,160,0,720
FINNIFTY02JAN2419700CE.NFO,02/01/2024,15:01:28,1670,1653.85,120,1658.8,160,0,720
FINNIFTY02JAN2419700CE.NFO,02/01/2024,15:01:36,1670,1653.85,120,1658.75,160,0,720
FINNIFTY02JAN2419700CE.NFO,02/01/2024,15:01:43,1670,1651.75,160,1658.8,160,0,720
FINNIFTY02JAN2419700CE.NFO,02/01/2024,15:01:51,1670,1653.1,120,1658.8,160,0,720
FINNIFTY02JAN2419700CE.NFO,02/01/2024,15:01:59,1670,1654.4,120,1662.45,160,0,720
FINNIFTY02JAN2419700CE.NFO,02/01/2024,15:02:07,1670,1655,160,1662.45,160,0,720
FINNIFTY02JAN2419700CE.NFO,02/01/2024,15:02:15,1670,1658.65,160,1665.2,280,0,720
FINNIFTY02JAN2419700CE.NFO,02/01/2024,15:02:31,1670,1656.4,120,1664.45,160,0,720
FINNIFTY02JAN2419700CE.NFO,02/01/2024,15:03:01,1670,1656.35,120,1664.45,160,0,720
FINNIFTY02JAN2419700CE.NFO,02/01/2024,15:03:29,1670,1657.15,120,1664.4,160,0,720
FINNIFTY02JAN2419700CE.NFO,02/01/2024,15:03:57,1670,1658.7,120,1664.45,160,0,720
FINNIFTY02JAN2419700CE.NFO,02/01/2024,15:04:05,1670,1661.9,120,1668,160,0,720
FINNIFTY02JAN2419700CE.NFO,02/01/2024,15:04:21,1670,1660.35,120,1666.95,160,0,720
FINNIFTY02JAN2419700CE.NFO,02/01/2024,15:04:37,1670,1658.1,120,1666.4,160,0,720
FINNIFTY02JAN2419700CE.NFO,02/01/2024,15:04:51,1670,1660.8,120,1666.45,160,0,720
FINNIFTY02JAN2419700CE.NFO,02/01/2024,15:04:59,1670,1662.35,120,1670.95,160,0,720
FINNIFTY02JAN2419700CE.NFO,02/01/2024,15:05:32,1670,1660.4,120,1668.75,280,0,720
FINNIFTY02JAN2419700CE.NFO,02/01/2024,15:06:12,1670,1659.65,120,1666.65,160,0,720
FINNIFTY02JAN2419700CE.NFO,02/01/2024,15:06:20,1670,1652.45,120,1661.15,120,0,720
FINNIFTY02JAN2419700CE.NFO,02/01/2024,15:06:29,1670,1650.85,160,1662.8,160,0,720
FINNIFTY02JAN2419700CE.NFO,02/01/2024,15:07:26,1670,1649.25,160,1655.55,120,0,720
FINNIFTY02JAN2419700CE.NFO,02/01/2024,15:07:35,1670,1642.1,160,1914.5,1600,0,720
FINNIFTY02JAN2419700CE.NFO,02/01/2024,15:08:04,1670,1626.25,160,1914.5,1600,0,720
FINNIFTY02JAN2419700CE.NFO,02/01/2024,15:08:25,1670,1639.4,120,1914.45,400,0,720
FINNIFTY02JAN2419700CE.NFO,02/01/2024,15:08:34,1670,1639.45,160,1914.25,1600,0,720
FINNIFTY02JAN2419700CE.NFO,02/01/2024,15:08:43,1670,1639.5,160,1913.9,160,0,720
FINNIFTY02JAN2419700CE.NFO,02/01/2024,15:08:52,1670,1639.5,160,1913.85,1600,0,720
FINNIFTY02JAN2419700CE.NFO,02/01/2024,15:10:02,1670,1639.45,160,1913.85,1600,0,720
FINNIFTY02JAN2419700CE.NFO,02/01/2024,15:10:13,1670,1635.55,160,1913.75,1600,0,720
FINNIFTY02JAN2419700CE.NFO,02/01/2024,15:11:34,1670,1640.5,160,1913.3,1600,0,720
FINNIFTY02JAN2419700CE.NFO,02/01/2024,15:12:30,1670,1636.05,160,1913.25,400,0,720
FINNIFTY02JAN2419700CE.NFO,02/01/2024,15:12:39,1670,1636.05,160,1912.95,1600,0,720
FINNIFTY02JAN2419700CE.NFO,02/01/2024,15:13:31,1670,1639.45,160,1912.7,400,0,720
FINNIFTY02JAN2419700CE.NFO,02/01/2024,15:13:40,1670,1639.45,160,1911.9,160,0,720
FINNIFTY02JAN2419700CE.NFO,02/01/2024,15:13:49,1670,1213.75,240,1911.3,400,0,720
FINNIFTY02JAN2419700CE.NFO,02/01/2024,15:13:58,1670,1213.95,160,1911.25,1600,0,720
FINNIFTY02JAN2419700CE.NFO,02/01/2024,15:14:08,1670,1214.35,240,1910.8,400,0,720
FINNIFTY02JAN2419700CE.NFO,02/01/2024,15:14:17,1670,1215.15,160,1910.3,400,0,720
FINNIFTY02JAN2419700CE.NFO,02/01/2024,15:14:26,1670,1215.55,240,1649.2,120,0,720
FINNIFTY02JAN2419700CE.NFO,02/01/2024,15:14:36,1670,1216.05,160,1650.3,120,0,720
FINNIFTY02JAN2419700CE.NFO,02/01/2024,15:14:45,1670,1216.55,240,1651.85,120,0,720
FINNIFTY02JAN2419700CE.NFO,02/01/2024,15:14:53,1670,1217,240,1651.65,120,0,720
FINNIFTY02JAN2419700CE.NFO,02/01/2024,15:15:01,1670,1217.3,240,1650.95,120,0,720
FINNIFTY02JAN2419700CE.NFO,02/01/2024,15:15:09,1670,1217.65,1600,1650.25,120,0,720
FINNIFTY02JAN2419700CE.NFO,02/01/2024,15:15:18,1670,1218.05,160,1652.55,120,0,720
FINNIFTY02JAN2419700CE.NFO,02/01/2024,15:15:27,1670,1218.65,160,1649.9,120,0,720
FINNIFTY02JAN2419700CE.NFO,02/01/2024,15:15:35,1670,1219.05,240,1650.25,240,0,720
FINNIFTY02JAN2419700CE.NFO,02/01/2024,15:15:43,1670,1219.35,240,1649.7,120,0,720
FINNIFTY02JAN2419700CE.NFO,02/01/2024,15:15:51,1670,1220.1,160,1650.25,240,0,720
FINNIFTY02JAN2419700CE.NFO,02/01/2024,15:16:00,1670,1220.8,240,1650.2,240,0,720
FINNIFTY02JAN2419700CE.NFO,02/01/2024,15:16:08,1670,1221.3,160,1909.9,400,0,720
FINNIFTY02JAN2419700CE.NFO,02/01/2024,15:16:18,1670,1222,240,1909.6,400,0,720
FINNIFTY02JAN2419700CE.NFO,02/01/2024,15:16:27,1670,1222.6,240,1909.3,400,0,720
FINNIFTY02JAN2419700CE.NFO,02/01/2024,15:16:37,1670,1223.1,240,1908.9,400,0,720
FINNIFTY02JAN2419700CE.NFO,02/01/2024,15:16:47,1670,1223.95,240,1908.5,400,0,720
FINNIFTY02JAN2419700CE.NFO,02/01/2024,15:16:56,1670,1225.15,40,1908,400,0,720
FINNIFTY02JAN2419700CE.NFO,02/01/2024,15:17:05,1670,1225.15,40,1907.4,400,0,720
FINNIFTY02JAN2419700CE.NFO,02/01/2024,15:17:15,1670,1225.15,40,1907.1,240,0,720
FINNIFTY02JAN2419700CE.NFO,02/01/2024,15:17:24,1670,1225.15,40,1906.7,240,0,720
FINNIFTY02JAN2419700CE.NFO,02/01/2024,15:17:33,1670,1225.15,40,1906.65,1600,0,720
FINNIFTY02JAN2419700CE.NFO,02/01/2024,15:17:51,1670,1225.45,40,1906.4,400,0,720
FINNIFTY02JAN2419700CE.NFO,02/01/2024,15:18:00,1670,1225.45,40,1906.1,400,0,720
FINNIFTY02JAN2419700CE.NFO,02/01/2024,15:18:08,1670,1225.75,40,1905.55,400,0,720
FINNIFTY02JAN2419700CE.NFO,02/01/2024,15:18:16,1670,1226.75,160,1905.05,400,0,720
FINNIFTY02JAN2419700CE.NFO,02/01/2024,15:18:24,1670,1226.9,40,1904.45,400,0,720
FINNIFTY02JAN2419700CE.NFO,02/01/2024,15:18:32,1670,1226.9,40,1904.15,400,0,720
FINNIFTY02JAN2419700CE.NFO,02/01/2024,15:18:41,1670,1226.9,40,1903.75,240,0,720
FINNIFTY02JAN2419700CE.NFO,02/01/2024,15:18:50,1670,1226.9,40,1903.35,400,0,720
FINNIFTY02JAN2419700CE.NFO,02/01/2024,15:18:58,1670,1226.9,40,1903.15,400,0,720
FINNIFTY02JAN2419700CE.NFO,02/01/2024,15:19:06,1670,1226.9,40,1902.75,240,0,720
FINNIFTY02JAN2419700CE.NFO,02/01/2024,15:19:14,1670,1226.9,40,1902.55,400,0,720
FINNIFTY02JAN2419700CE.NFO,02/01/2024,15:19:21,1670,1226.9,40,1902.15,400,0,720
FINNIFTY02JAN2419700CE.NFO,02/01/2024,15:19:30,1670,1226.9,40,1901.55,400,0,720
FINNIFTY02JAN2419700CE.NFO,02/01/2024,15:19:38,1670,1226.9,120,1901.25,400,0,720
FINNIFTY02JAN2419700CE.NFO,02/01/2024,15:19:46,1670,1226.9,120,1900.65,240,0,720
FINNIFTY02JAN2419700CE.NFO,02/01/2024,15:19:55,1670,1226.9,120,1900.45,400,0,720
FINNIFTY02JAN2419700CE.NFO,02/01/2024,15:20:03,1670,1226.9,120,1900.25,400,0,720
FINNIFTY02JAN2419700CE.NFO,02/01/2024,15:20:12,1670,1226.9,120,1899.75,240,0,720
FINNIFTY02JAN2419700CE.NFO,02/01/2024,15:20:21,1670,1226.9,120,1899.35,400,0,720
FINNIFTY02JAN2419700CE.NFO,02/01/2024,15:20:30,1670,1226.9,120,1899.15,400,0,720
FINNIFTY02JAN2419700CE.NFO,02/01/2024,15:20:38,1670,1226.9,120,1898.65,240,0,720
FINNIFTY02JAN2419700CE.NFO,02/01/2024,15:20:46,1670,1226.9,120,1898.45,400,0,720
FINNIFTY02JAN2419700CE.NFO,02/01/2024,15:20:53,1670,1226.9,120,1898.05,400,0,720
FINNIFTY02JAN2419700CE.NFO,02/01/2024,15:21:01,1670,1226.9,120,1897.55,400,0,720
FINNIFTY02JAN2419700CE.NFO,02/01/2024,15:21:10,1670,1226.9,120,1897.25,400,0,720
FINNIFTY02JAN2419700CE.NFO,02/01/2024,15:21:18,1670,1226.9,120,1896.55,400,0,720
FINNIFTY02JAN2419700CE.NFO,02/01/2024,15:21:25,1670,1226.9,120,1896.25,400,0,720
FINNIFTY02JAN2419700CE.NFO,02/01/2024,15:21:34,1670,1226.9,120,1896.05,400,0,720
FINNIFTY02JAN2419700CE.NFO,02/01/2024,15:21:43,1670,1226.9,120,1895.45,400,0,720
FINNIFTY02JAN2419700CE.NFO,02/01/2024,15:21:51,1670,1226.9,120,1895.15,400,0,720
FINNIFTY02JAN2419700CE.NFO,02/01/2024,15:21:59,1670,1226.9,120,1894.95,400,0,720
FINNIFTY02JAN2419700CE.NFO,02/01/2024,15:22:07,1670,1226.9,120,1894.55,400,0,720
FINNIFTY02JAN2419700CE.NFO,02/01/2024,15:22:15,1670,1226.9,120,1894.25,400,0,720
FINNIFTY02JAN2419700CE.NFO,02/01/2024,15:22:22,1670,1226.9,120,1893.75,240,0,720
FINNIFTY02JAN2419700CE.NFO,02/01/2024,15:22:30,1670,1226.9,120,1893.45,400,0,720
FINNIFTY02JAN2419700CE.NFO,02/01/2024,15:22:38,1670,1226.9,120,1893.15,400,0,720
FINNIFTY02JAN2419700CE.NFO,02/01/2024,15:22:45,1670,1226.9,120,1892.55,400,0,720
FINNIFTY02JAN2419700CE.NFO,02/01/2024,15:22:54,1670,1226.9,120,1892.25,400,0,720
FINNIFTY02JAN2419700CE.NFO,02/01/2024,15:23:03,1670,1226.9,120,1891.65,240,0,720
FINNIFTY02JAN2419700CE.NFO,02/01/2024,15:23:13,1670,1226.9,120,1891.25,400,0,720
FINNIFTY02JAN2419700CE.NFO,02/01/2024,15:23:22,1670,1226.9,120,1890.95,400,0,720
FINNIFTY02JAN2419700CE.NFO,02/01/2024,15:23:32,1670,1226.9,120,1890.35,400,0,720
FINNIFTY02JAN2419700CE.NFO,02/01/2024,15:23:41,1670,1226.9,120,1889.95,400,0,720
FINNIFTY02JAN2419700CE.NFO,02/01/2024,15:23:50,1670,1226.9,120,1889.35,400,0,720
FINNIFTY02JAN2419700CE.NFO,02/01/2024,15:24:00,1670,1226.9,120,1889,1600,0,720
FINNIFTY02JAN2419700CE.NFO,02/01/2024,15:24:09,1670,1226.9,120,1888.45,400,0,720
FINNIFTY02JAN2419700CE.NFO,02/01/2024,15:24:18,1670,1226.9,120,1888.15,400,0,720
FINNIFTY02JAN2419700CE.NFO,02/01/2024,15:24:28,1670,1226.9,120,1887.55,400,0,720
FINNIFTY02JAN2419700CE.NFO,02/01/2024,15:24:37,1670,1226.9,120,1887.15,400,0,720
FINNIFTY02JAN2419700CE.NFO,02/01/2024,15:24:48,1670,1228.05,40,1886.55,400,0,720
FINNIFTY02JAN2419700CE.NFO,02/01/2024,15:24:57,1670,1228.05,40,1886.25,400,0,720
FINNIFTY02JAN2419700CE.NFO,02/01/2024,15:25:07,1670,1228.05,40,1885.55,400,0,720
FINNIFTY02JAN2419700CE.NFO,02/01/2024,15:25:17,1670,1228.05,40,1885.15,400,0,720
FINNIFTY02JAN2419700CE.NFO,02/01/2024,15:25:27,1670,1228.35,40,1884.55,400,0,720
FINNIFTY02JAN2419700CE.NFO,02/01/2024,15:25:37,1670,1229.25,40,1884.25,400,0,720
FINNIFTY02JAN2419700CE.NFO,02/01/2024,15:25:47,1670,1230.1,1600,1884.1,1600,0,720
FINNIFTY02JAN2419700CE.NFO,02/01/2024,15:27:15,1670,1230.2,240,1884,1600,0,720
FINNIFTY02JAN2419700CE.NFO,02/01/2024,15:27:23,1670,1230.25,1600,1884,1600,0,720
