Ticker,Date,Time,LTP,BuyPrice,BuyQty,SellPrice,SellQty,LTQ,OpenInterest
FINNIFTY02JAN2421200PE.NFO,02/01/2024,09:15:00,3.25,2.65,200,3.25,320,5240,2285080
FINNIFTY02JAN2421200PE.NFO,02/01/2024,09:15:00,3.25,2.65,200,3.25,320,0,2285080
FINNIFTY02JAN2421200PE.NFO,02/01/2024,09:15:00,3.5,2.65,200,3.25,320,0,2285080
FINNIFTY02JAN2421200PE.NFO,02/01/2024,09:15:00,2.35,2.65,200,3.25,320,0,2285080
FINNIFTY02JAN2421200PE.NFO,02/01/2024,09:15:01,2.7,2.75,320,2.95,160,12960,2285080
FINNIFTY02JAN2421200PE.NFO,02/01/2024,09:15:02,3.7,3.35,640,3.65,760,33840,2285080
FINNIFTY02JAN2421200PE.NFO,02/01/2024,09:15:02,4.7,3.35,640,3.65,760,0,2285080
FINNIFTY02JAN2421200PE.NFO,02/01/2024,09:15:02,2.3,3.35,640,3.65,760,0,2285080
FINNIFTY02JAN2421200PE.NFO,02/01/2024,09:15:03,3.2,3.2,400,3.25,80,27440,2285080
FINNIFTY02JAN2421200PE.NFO,02/01/2024,09:15:04,3.65,3.4,920,3.6,120,62640,2285080
FINNIFTY02JAN2421200PE.NFO,02/01/2024,09:15:05,3.35,3.35,800,3.4,400,51480,2285080
FINNIFTY02JAN2421200PE.NFO,02/01/2024,09:15:06,2.85,2.85,520,2.9,880,43000,2285080
FINNIFTY02JAN2421200PE.NFO,02/01/2024,09:15:07,2.5,2.45,1120,2.5,120,48680,2285080
FINNIFTY02JAN2421200PE.NFO,02/01/2024,09:15:07,2.2,2.45,1120,2.5,120,0,2285080
FINNIFTY02JAN2421200PE.NFO,02/01/2024,09:15:07,2.6,2.6,240,2.65,1000,4680,2285080
FINNIFTY02JAN2421200PE.NFO,02/01/2024,09:15:08,2.35,2.35,2880,2.4,1920,28440,2285080
FINNIFTY02JAN2421200PE.NFO,02/01/2024,09:15:09,2.55,2.5,2320,2.55,720,38960,2285080
FINNIFTY02JAN2421200PE.NFO,02/01/2024,09:15:10,2.85,2.85,1000,2.9,1760,80160,2285080
FINNIFTY02JAN2421200PE.NFO,02/01/2024,09:15:11,2.95,2.95,1680,3,3200,68680,2285080
FINNIFTY02JAN2421200PE.NFO,02/01/2024,09:15:13,3.15,3.1,1560,3.15,2320,72800,2285080
FINNIFTY02JAN2421200PE.NFO,02/01/2024,09:15:14,2.7,2.7,7320,2.75,80,38400,2285080
FINNIFTY02JAN2421200PE.NFO,02/01/2024,09:15:15,2.65,2.55,5880,2.65,1840,74000,2285080
FINNIFTY02JAN2421200PE.NFO,02/01/2024,09:15:16,2.85,2.85,6480,2.9,600,104920,2285080
FINNIFTY02JAN2421200PE.NFO,02/01/2024,09:15:16,3,3,7160,3.05,440,25960,2285080
FINNIFTY02JAN2421200PE.NFO,02/01/2024,09:15:17,3.3,3.25,3480,3.3,480,85360,2285080
FINNIFTY02JAN2421200PE.NFO,02/01/2024,09:15:18,3,3,440,3.05,4080,47240,2285080
FINNIFTY02JAN2421200PE.NFO,02/01/2024,09:15:19,2.85,2.85,40,2.9,9440,31440,2285080
FINNIFTY02JAN2421200PE.NFO,02/01/2024,09:15:21,2.85,2.8,1680,2.85,5440,60080,2285080
FINNIFTY02JAN2421200PE.NFO,02/01/2024,09:15:22,2.8,2.8,4880,2.85,6680,58240,2285080
FINNIFTY02JAN2421200PE.NFO,02/01/2024,09:15:23,2.7,2.7,3720,2.75,4680,63120,2285080
FINNIFTY02JAN2421200PE.NFO,02/01/2024,09:15:23,2.85,2.8,6000,2.85,2040,13680,2285080
FINNIFTY02JAN2421200PE.NFO,02/01/2024,09:15:24,2.8,2.8,5120,2.85,3800,26080,2285080
FINNIFTY02JAN2421200PE.NFO,02/01/2024,09:15:26,2.75,2.7,9360,2.75,3720,45360,2285080
FINNIFTY02JAN2421200PE.NFO,02/01/2024,09:15:27,2.85,2.75,12000,2.85,10160,42680,2285080
FINNIFTY02JAN2421200PE.NFO,02/01/2024,09:15:28,2.75,2.7,5280,2.75,11040,30920,2285080
FINNIFTY02JAN2421200PE.NFO,02/01/2024,09:15:29,2.65,2.65,8120,2.7,2840,52880,2285080
FINNIFTY02JAN2421200PE.NFO,02/01/2024,09:15:30,2.7,2.65,7680,2.75,11360,102800,2285080
FINNIFTY02JAN2421200PE.NFO,02/01/2024,09:15:30,2.7,2.65,8120,2.7,3000,6520,2285080
FINNIFTY02JAN2421200PE.NFO,02/01/2024,09:15:31,2.65,2.65,1000,2.7,6480,50680,2285080
FINNIFTY02JAN2421200PE.NFO,02/01/2024,09:15:33,2.65,2.6,10600,2.7,8360,57640,2285080
FINNIFTY02JAN2421200PE.NFO,02/01/2024,09:15:34,2.7,2.7,15720,2.75,10800,62680,2285080
FINNIFTY02JAN2421200PE.NFO,02/01/2024,09:15:35,2.75,2.75,4000,2.8,2040,67480,2285080
FINNIFTY02JAN2421200PE.NFO,02/01/2024,09:15:36,2.8,2.75,600,2.8,9360,52360,2285080
FINNIFTY02JAN2421200PE.NFO,02/01/2024,09:15:37,2.75,2.7,4760,2.75,11680,26880,2285080
FINNIFTY02JAN2421200PE.NFO,02/01/2024,09:15:37,2.75,2.7,11120,2.75,6920,2280,2285080
FINNIFTY02JAN2421200PE.NFO,02/01/2024,09:15:38,2.7,2.7,8040,2.75,7360,45080,2285080
FINNIFTY02JAN2421200PE.NFO,02/01/2024,09:15:40,2.6,2.6,10120,2.65,5320,52480,2285080
FINNIFTY02JAN2421200PE.NFO,02/01/2024,09:15:41,2.6,2.6,7640,2.65,10880,63120,2285080
FINNIFTY02JAN2421200PE.NFO,02/01/2024,09:15:42,2.65,2.6,6720,2.65,6120,45680,2285080
FINNIFTY02JAN2421200PE.NFO,02/01/2024,09:15:43,2.6,2.6,10200,2.7,11520,46680,2285080
FINNIFTY02JAN2421200PE.NFO,02/01/2024,09:15:44,2.6,2.5,15320,2.6,9880,73400,2285080
FINNIFTY02JAN2421200PE.NFO,02/01/2024,09:15:44,2.55,2.55,7240,2.65,11320,11320,2285080
FINNIFTY02JAN2421200PE.NFO,02/01/2024,09:15:45,2.45,2.35,8000,2.45,10720,82280,2285080
FINNIFTY02JAN2421200PE.NFO,02/01/2024,09:15:47,2.55,2.55,5120,2.6,9440,61720,2285080
FINNIFTY02JAN2421200PE.NFO,02/01/2024,09:15:48,2.65,2.6,9280,2.65,4000,72080,2285080
FINNIFTY02JAN2421200PE.NFO,02/01/2024,09:15:49,2.6,2.6,5000,2.65,11760,58280,2285080
FINNIFTY02JAN2421200PE.NFO,02/01/2024,09:15:50,2.6,2.6,7600,2.65,12960,27320,2285080
FINNIFTY02JAN2421200PE.NFO,02/01/2024,09:15:51,2.6,2.55,8520,2.6,3400,97080,2285080
FINNIFTY02JAN2421200PE.NFO,02/01/2024,09:15:51,2.6,2.55,2680,2.6,11920,11720,2285080
FINNIFTY02JAN2421200PE.NFO,02/01/2024,09:15:52,2.5,2.5,13800,2.6,13880,53960,2285080
FINNIFTY02JAN2421200PE.NFO,02/01/2024,09:15:54,2.55,2.5,4320,2.55,8040,61720,2285080
FINNIFTY02JAN2421200PE.NFO,02/01/2024,09:15:55,2.45,2.45,8800,2.5,14440,59800,2285080
FINNIFTY02JAN2421200PE.NFO,02/01/2024,09:15:56,2.5,2.5,11480,2.55,8800,40760,2285080
FINNIFTY02JAN2421200PE.NFO,02/01/2024,09:15:57,2.55,2.55,400,2.6,19440,41840,2285080
FINNIFTY02JAN2421200PE.NFO,02/01/2024,09:15:58,2.45,2.45,16440,2.5,6480,28280,2285080
FINNIFTY02JAN2421200PE.NFO,02/01/2024,09:15:58,2.5,2.45,12440,2.5,12160,3000,2285080
FINNIFTY02JAN2421200PE.NFO,02/01/2024,09:15:59,2.35,2.35,8520,2.4,8480,29200,2285080
FINNIFTY02JAN2421200PE.NFO,02/01/2024,09:16:01,2.05,2,32600,2.05,7120,157760,2285080
FINNIFTY02JAN2421200PE.NFO,02/01/2024,09:16:01,2.05,2,32600,2.05,7120,0,2285080
FINNIFTY02JAN2421200PE.NFO,02/01/2024,09:16:02,2,1.95,2480,2,18440,76600,2285080
FINNIFTY02JAN2421200PE.NFO,02/01/2024,09:16:02,1.85,1.95,2480,2,18440,0,2285080
FINNIFTY02JAN2421200PE.NFO,02/01/2024,09:16:03,2,1.95,4160,2,12720,53960,2285080
FINNIFTY02JAN2421200PE.NFO,02/01/2024,09:16:04,1.9,1.9,18320,1.95,7640,52080,2285080
FINNIFTY02JAN2421200PE.NFO,02/01/2024,09:16:05,1.95,1.9,19920,1.95,17360,44080,2285080
FINNIFTY02JAN2421200PE.NFO,02/01/2024,09:16:05,1.8,1.9,19920,1.95,17360,0,2285080
FINNIFTY02JAN2421200PE.NFO,02/01/2024,09:16:05,2,1.95,19360,2,3840,30080,2285080
FINNIFTY02JAN2421200PE.NFO,02/01/2024,09:16:07,1.9,1.85,14280,1.9,11440,109280,2285080
FINNIFTY02JAN2421200PE.NFO,02/01/2024,09:16:08,1.95,1.95,2560,2,31480,54600,2285080
FINNIFTY02JAN2421200PE.NFO,02/01/2024,09:16:09,2.1,2.05,16720,2.1,16240,67280,2285080
FINNIFTY02JAN2421200PE.NFO,02/01/2024,09:16:10,2.05,2.05,440,2.1,22760,42360,2285080
FINNIFTY02JAN2421200PE.NFO,02/01/2024,09:16:11,2.15,2.1,16360,2.15,8840,28720,2285080
FINNIFTY02JAN2421200PE.NFO,02/01/2024,09:16:11,2.1,2.05,20280,2.15,19800,12640,2285080
FINNIFTY02JAN2421200PE.NFO,02/01/2024,09:16:12,2,2,26080,2.05,5160,33840,2285080
FINNIFTY02JAN2421200PE.NFO,02/01/2024,09:16:14,2.15,2.1,19440,2.15,10880,32720,2285080
FINNIFTY02JAN2421200PE.NFO,02/01/2024,09:16:15,2.1,2.1,3280,2.15,29000,33160,2285080
FINNIFTY02JAN2421200PE.NFO,02/01/2024,09:16:16,2.1,2.05,25600,2.1,25120,9080,2285080
FINNIFTY02JAN2421200PE.NFO,02/01/2024,09:16:17,2.15,2.15,8480,2.2,19960,38440,2285080
FINNIFTY02JAN2421200PE.NFO,02/01/2024,09:16:18,2.25,2.2,800,2.25,23840,40080,2285080
FINNIFTY02JAN2421200PE.NFO,02/01/2024,09:16:19,2.15,2.15,10200,2.2,20080,30520,2285080
FINNIFTY02JAN2421200PE.NFO,02/01/2024,09:16:19,2.2,2.15,16320,2.2,16600,4720,2285080
FINNIFTY02JAN2421200PE.NFO,02/01/2024,09:16:21,2.3,2.25,15040,2.3,22720,36000,2285080
FINNIFTY02JAN2421200PE.NFO,02/01/2024,09:16:22,2.4,2.35,16080,2.4,3640,26200,2285080
FINNIFTY02JAN2421200PE.NFO,02/01/2024,09:16:23,2.3,2.25,23880,2.3,600,48320,2285080
FINNIFTY02JAN2421200PE.NFO,02/01/2024,09:16:24,2.2,2.2,20520,2.25,20520,15720,2285080
FINNIFTY02JAN2421200PE.NFO,02/01/2024,09:16:25,2.25,2.25,9560,2.3,16920,30520,2285080
FINNIFTY02JAN2421200PE.NFO,02/01/2024,09:16:26,2.35,2.3,7120,2.35,26560,24160,2285080
FINNIFTY02JAN2421200PE.NFO,02/01/2024,09:16:26,2.35,2.35,18120,2.4,18960,7200,2285080
FINNIFTY02JAN2421200PE.NFO,02/01/2024,09:16:27,2.35,2.3,27280,2.35,3280,29960,2285080
FINNIFTY02JAN2421200PE.NFO,02/01/2024,09:16:29,2.4,2.35,24080,2.4,22080,39320,2285080
FINNIFTY02JAN2421200PE.NFO,02/01/2024,09:16:30,2.3,2.25,24800,2.3,25960,35520,2285080
FINNIFTY02JAN2421200PE.NFO,02/01/2024,09:16:31,2.3,2.2,35600,2.3,30880,15240,2285080
FINNIFTY02JAN2421200PE.NFO,02/01/2024,09:16:32,2.4,2.35,8040,2.4,27600,45880,2285080
FINNIFTY02JAN2421200PE.NFO,02/01/2024,09:16:33,2.45,2.4,18120,2.45,24000,46040,2285080
FINNIFTY02JAN2421200PE.NFO,02/01/2024,09:16:33,2.45,2.4,22080,2.45,13120,4800,2285080
FINNIFTY02JAN2421200PE.NFO,02/01/2024,09:16:34,2.4,2.4,21520,2.45,15720,29480,2285080
FINNIFTY02JAN2421200PE.NFO,02/01/2024,09:16:36,2.35,2.3,30280,2.35,600,37200,2285080
FINNIFTY02JAN2421200PE.NFO,02/01/2024,09:16:37,2.4,2.35,23720,2.4,28480,31200,2285080
FINNIFTY02JAN2421200PE.NFO,02/01/2024,09:16:38,2.4,2.4,9480,2.45,34840,18640,2285080
FINNIFTY02JAN2421200PE.NFO,02/01/2024,09:16:39,2.4,2.35,40240,2.4,13120,25640,2285080
FINNIFTY02JAN2421200PE.NFO,02/01/2024,09:16:40,2.35,2.35,11560,2.4,30400,30000,2285080
FINNIFTY02JAN2421200PE.NFO,02/01/2024,09:16:41,2.35,2.3,40320,2.35,28240,19640,2285080
FINNIFTY02JAN2421200PE.NFO,02/01/2024,09:16:41,2.3,2.3,50400,2.35,22640,880,2285080
FINNIFTY02JAN2421200PE.NFO,02/01/2024,09:16:42,2.35,2.3,39040,2.35,42280,7160,2285080
FINNIFTY02JAN2421200PE.NFO,02/01/2024,09:16:44,2.3,2.3,35560,2.35,32400,24760,2285080
FINNIFTY02JAN2421200PE.NFO,02/01/2024,09:16:45,2.25,2.2,48440,2.25,26440,41160,2285080
FINNIFTY02JAN2421200PE.NFO,02/01/2024,09:16:46,2.25,2.2,34480,2.25,39560,8560,2285080
FINNIFTY02JAN2421200PE.NFO,02/01/2024,09:16:47,2.3,2.25,50000,2.3,20440,17520,2285080
FINNIFTY02JAN2421200PE.NFO,02/01/2024,09:16:48,2.3,2.25,56200,2.3,33680,20200,2285080
FINNIFTY02JAN2421200PE.NFO,02/01/2024,09:16:49,2.25,2.2,52280,2.25,15000,32080,2285080
FINNIFTY02JAN2421200PE.NFO,02/01/2024,09:16:49,2.3,2.25,47880,2.3,35440,4040,2285080
FINNIFTY02JAN2421200PE.NFO,02/01/2024,09:16:51,2.25,2.25,4160,2.3,51160,118840,2285080
FINNIFTY02JAN2421200PE.NFO,02/01/2024,09:16:52,2.15,2.15,35720,2.2,35320,69840,2285080
FINNIFTY02JAN2421200PE.NFO,02/01/2024,09:16:53,2.05,2.05,33600,2.1,25360,62320,2285080
FINNIFTY02JAN2421200PE.NFO,02/01/2024,09:16:54,2.15,2.1,26360,2.15,37880,43360,2285080
FINNIFTY02JAN2421200PE.NFO,02/01/2024,09:16:55,2.1,2.1,44120,2.15,1640,44160,2285080
FINNIFTY02JAN2421200PE.NFO,02/01/2024,09:16:55,2.15,2.15,3200,2.2,48480,10440,2285080
FINNIFTY02JAN2421200PE.NFO,02/01/2024,09:16:56,2.1,2.05,29680,2.15,41480,67000,2285080
FINNIFTY02JAN2421200PE.NFO,02/01/2024,09:16:58,2.1,2.1,4200,2.15,42880,59760,2285080
FINNIFTY02JAN2421200PE.NFO,02/01/2024,09:16:59,2.15,2.1,41880,2.15,1160,69560,2285080
FINNIFTY02JAN2421200PE.NFO,02/01/2024,09:17:00,1.9,1.9,44200,1.95,28360,102000,2285080
FINNIFTY02JAN2421200PE.NFO,02/01/2024,09:17:01,2,2,39240,2.05,6440,51000,2285080
FINNIFTY02JAN2421200PE.NFO,02/01/2024,09:17:02,2.1,2.1,41560,2.15,28640,36720,2285080
FINNIFTY02JAN2421200PE.NFO,02/01/2024,09:17:02,2.15,2.1,43280,2.15,34200,2720,2285080
FINNIFTY02JAN2421200PE.NFO,02/01/2024,09:17:04,2.1,2.05,35360,2.1,39920,43800,2285080
FINNIFTY02JAN2421200PE.NFO,02/01/2024,09:17:05,2.1,2.1,52600,2.15,25080,28920,2285080
FINNIFTY02JAN2421200PE.NFO,02/01/2024,09:17:06,2.15,2.1,62800,2.15,8720,21240,2285080
FINNIFTY02JAN2421200PE.NFO,02/01/2024,09:17:07,2.15,2.1,64440,2.15,30640,22080,2285080
FINNIFTY02JAN2421200PE.NFO,02/01/2024,09:17:08,2.2,2.15,27560,2.2,46640,13040,2285080
FINNIFTY02JAN2421200PE.NFO,02/01/2024,09:17:08,2.2,2.15,48920,2.2,48200,2120,2285080
FINNIFTY02JAN2421200PE.NFO,02/01/2024,09:17:09,2.25,2.2,56960,2.25,20920,32200,2285080
FINNIFTY02JAN2421200PE.NFO,02/01/2024,09:17:11,2.2,2.2,46040,2.25,26520,16760,2285080
FINNIFTY02JAN2421200PE.NFO,02/01/2024,09:17:12,2.25,2.2,39920,2.25,43080,42760,2285080
FINNIFTY02JAN2421200PE.NFO,02/01/2024,09:17:13,2.15,2.15,58360,2.2,4600,25880,2285080
FINNIFTY02JAN2421200PE.NFO,02/01/2024,09:17:14,2.2,2.15,59720,2.2,9080,12640,2285080
FINNIFTY02JAN2421200PE.NFO,02/01/2024,09:17:15,2.15,2.15,53840,2.2,23080,23680,2285080
FINNIFTY02JAN2421200PE.NFO,02/01/2024,09:17:15,2.2,2.15,41080,2.2,44720,1240,2285080
FINNIFTY02JAN2421200PE.NFO,02/01/2024,09:17:17,2.2,2.15,22000,2.2,47520,14120,2285080
FINNIFTY02JAN2421200PE.NFO,02/01/2024,09:17:18,2.1,2.1,56720,2.15,23280,61520,2285080
FINNIFTY02JAN2421200PE.NFO,02/01/2024,09:17:19,2.15,2.1,57400,2.15,25880,24520,2285080
FINNIFTY02JAN2421200PE.NFO,02/01/2024,09:17:20,2.2,2.15,39840,2.2,38240,27240,2285080
FINNIFTY02JAN2421200PE.NFO,02/01/2024,09:17:21,2.15,2.1,61640,2.15,8280,26880,2285080
FINNIFTY02JAN2421200PE.NFO,02/01/2024,09:17:21,2.15,2.15,28760,2.2,48480,5480,2285080
FINNIFTY02JAN2421200PE.NFO,02/01/2024,09:17:22,2.15,2.1,55760,2.15,1800,22640,2285080
FINNIFTY02JAN2421200PE.NFO,02/01/2024,09:17:24,2.2,2.15,64640,2.2,14520,25360,2285080
FINNIFTY02JAN2421200PE.NFO,02/01/2024,09:17:25,2.25,2.2,43120,2.25,51880,24680,2285080
FINNIFTY02JAN2421200PE.NFO,02/01/2024,09:17:26,2.2,2.2,28080,2.25,61160,6840,2772720
FINNIFTY02JAN2421200PE.NFO,02/01/2024,09:17:27,2.25,2.2,43240,2.25,30040,10320,2772720
FINNIFTY02JAN2421200PE.NFO,02/01/2024,09:17:28,2.35,2.35,22880,2.4,31400,43960,2772720
FINNIFTY02JAN2421200PE.NFO,02/01/2024,09:17:28,2.35,2.35,44240,2.4,16200,560,2772720
FINNIFTY02JAN2421200PE.NFO,02/01/2024,09:17:30,2.45,2.4,40640,2.45,36160,25320,2772720
FINNIFTY02JAN2421200PE.NFO,02/01/2024,09:17:31,2.5,2.4,54400,2.5,57920,28040,2772720
FINNIFTY02JAN2421200PE.NFO,02/01/2024,09:17:32,2.4,2.35,44920,2.4,21000,18240,2772720
FINNIFTY02JAN2421200PE.NFO,02/01/2024,09:17:33,2.4,2.4,2000,2.45,53840,20920,2772720
FINNIFTY02JAN2421200PE.NFO,02/01/2024,09:17:34,2.4,2.4,33520,2.45,34400,13520,2772720
FINNIFTY02JAN2421200PE.NFO,02/01/2024,09:17:35,2.45,2.4,47800,2.45,33840,880,2772720
FINNIFTY02JAN2421200PE.NFO,02/01/2024,09:17:36,2.4,2.35,38360,2.4,31240,8280,2772720
FINNIFTY02JAN2421200PE.NFO,02/01/2024,09:17:37,2.4,2.35,53600,2.4,10960,9320,2772720
FINNIFTY02JAN2421200PE.NFO,02/01/2024,09:17:38,2.35,2.3,3080,2.35,58040,41520,2772720
FINNIFTY02JAN2421200PE.NFO,02/01/2024,09:17:39,2.4,2.4,40760,2.45,41080,52800,2772720
FINNIFTY02JAN2421200PE.NFO,02/01/2024,09:17:40,2.5,2.45,36200,2.5,64080,34040,2772720
FINNIFTY02JAN2421200PE.NFO,02/01/2024,09:17:41,2.5,2.45,53680,2.5,41320,4280,2772720
FINNIFTY02JAN2421200PE.NFO,02/01/2024,09:17:42,2.55,2.55,37520,2.6,35000,46600,2772720
FINNIFTY02JAN2421200PE.NFO,02/01/2024,09:17:43,2.5,2.5,57520,2.55,4080,18480,2772720
FINNIFTY02JAN2421200PE.NFO,02/01/2024,09:17:44,2.55,2.55,40320,2.6,42360,18920,2772720
FINNIFTY02JAN2421200PE.NFO,02/01/2024,09:17:45,2.6,2.55,13880,2.6,43520,10520,2772720
FINNIFTY02JAN2421200PE.NFO,02/01/2024,09:17:46,2.65,2.6,33480,2.65,42880,31880,2772720
FINNIFTY02JAN2421200PE.NFO,02/01/2024,09:17:47,2.6,2.6,9200,2.65,68520,2080,2772720
FINNIFTY02JAN2421200PE.NFO,02/01/2024,09:17:48,2.6,2.55,37200,2.6,49880,27200,2772720
FINNIFTY02JAN2421200PE.NFO,02/01/2024,09:17:49,2.6,2.55,44640,2.6,30800,14440,2772720
FINNIFTY02JAN2421200PE.NFO,02/01/2024,09:17:50,2.55,2.5,26200,2.55,46320,39560,2772720
FINNIFTY02JAN2421200PE.NFO,02/01/2024,09:17:51,2.5,2.45,46680,2.5,38720,36760,2772720
FINNIFTY02JAN2421200PE.NFO,02/01/2024,09:17:52,2.55,2.5,32440,2.55,51320,21360,2772720
FINNIFTY02JAN2421200PE.NFO,02/01/2024,09:17:53,2.5,2.5,15280,2.55,52200,21120,2772720
FINNIFTY02JAN2421200PE.NFO,02/01/2024,09:17:54,2.55,2.5,52480,2.55,2840,5760,2772720
FINNIFTY02JAN2421200PE.NFO,02/01/2024,09:17:55,2.65,2.6,32360,2.65,61880,37240,2772720
FINNIFTY02JAN2421200PE.NFO,02/01/2024,09:17:56,2.55,2.55,36120,2.6,42640,17360,2772720
FINNIFTY02JAN2421200PE.NFO,02/01/2024,09:17:57,2.6,2.55,34160,2.6,45800,8160,2772720
FINNIFTY02JAN2421200PE.NFO,02/01/2024,09:17:58,2.5,2.5,49800,2.55,34080,17280,2772720
FINNIFTY02JAN2421200PE.NFO,02/01/2024,09:17:59,2.55,2.5,50000,2.55,39320,28600,2772720
FINNIFTY02JAN2421200PE.NFO,02/01/2024,09:18:00,2.55,2.5,91720,2.55,4640,25880,2772720
FINNIFTY02JAN2421200PE.NFO,02/01/2024,09:18:01,2.5,2.5,86200,2.55,8720,1520,2772720
FINNIFTY02JAN2421200PE.NFO,02/01/2024,09:18:02,2.55,2.5,96120,2.55,27120,22560,2772720
FINNIFTY02JAN2421200PE.NFO,02/01/2024,09:18:03,2.5,2.45,54560,2.5,28480,78280,2772720
FINNIFTY02JAN2421200PE.NFO,02/01/2024,09:18:04,2.45,2.4,80360,2.45,10680,31360,2772720
FINNIFTY02JAN2421200PE.NFO,02/01/2024,09:18:05,2.5,2.45,62840,2.5,6280,24000,2772720
FINNIFTY02JAN2421200PE.NFO,02/01/2024,09:18:06,2.5,2.45,73280,2.5,13160,39080,2772720
FINNIFTY02JAN2421200PE.NFO,02/01/2024,09:18:07,2.45,2.45,53640,2.5,43280,3560,2772720
FINNIFTY02JAN2421200PE.NFO,02/01/2024,09:18:08,2.5,2.45,32240,2.5,30800,6640,2772720
FINNIFTY02JAN2421200PE.NFO,02/01/2024,09:18:09,2.5,2.45,48720,2.5,18480,38320,2772720
FINNIFTY02JAN2421200PE.NFO,02/01/2024,09:18:10,2.5,2.45,24600,2.5,42280,12200,2772720
FINNIFTY02JAN2421200PE.NFO,02/01/2024,09:18:11,2.55,2.5,25520,2.55,60560,33720,2772720
FINNIFTY02JAN2421200PE.NFO,02/01/2024,09:18:12,2.55,2.5,30800,2.55,65920,22080,2772720
FINNIFTY02JAN2421200PE.NFO,02/01/2024,09:18:13,2.5,2.4,77600,2.5,54080,35920,2772720
FINNIFTY02JAN2421200PE.NFO,02/01/2024,09:18:14,2.5,2.4,76440,2.5,53840,2040,2772720
FINNIFTY02JAN2421200PE.NFO,02/01/2024,09:18:15,2.45,2.45,2880,2.5,52560,24960,2772720
FINNIFTY02JAN2421200PE.NFO,02/01/2024,09:18:16,2.55,2.5,52760,2.55,59840,20520,2772720
FINNIFTY02JAN2421200PE.NFO,02/01/2024,09:18:17,2.6,2.55,9720,2.6,71040,65520,2772720
FINNIFTY02JAN2421200PE.NFO,02/01/2024,09:18:18,2.7,2.65,31200,2.7,44040,58520,2772720
FINNIFTY02JAN2421200PE.NFO,02/01/2024,09:18:19,2.75,2.7,60160,2.8,65800,55280,2772720
FINNIFTY02JAN2421200PE.NFO,02/01/2024,09:18:20,2.8,2.75,47680,2.8,160,15400,2772720
FINNIFTY02JAN2421200PE.NFO,02/01/2024,09:18:21,2.9,2.9,49440,2.95,33760,137680,2772720
FINNIFTY02JAN2421200PE.NFO,02/01/2024,09:18:22,2.8,2.8,56960,2.85,18240,50440,2772720
FINNIFTY02JAN2421200PE.NFO,02/01/2024,09:18:23,2.85,2.8,25120,2.85,69240,34000,2772720
FINNIFTY02JAN2421200PE.NFO,02/01/2024,09:18:24,2.9,2.9,40600,2.95,25480,64480,2772720
FINNIFTY02JAN2421200PE.NFO,02/01/2024,09:18:25,3.05,3.05,8760,3.1,50960,57360,2772720
FINNIFTY02JAN2421200PE.NFO,02/01/2024,09:18:26,2.95,2.9,65000,2.95,11840,17560,2772720
FINNIFTY02JAN2421200PE.NFO,02/01/2024,09:18:27,2.9,2.85,66640,2.9,25000,2920,2772720
FINNIFTY02JAN2421200PE.NFO,02/01/2024,09:18:28,2.75,2.75,54440,2.8,40200,27040,2772720
FINNIFTY02JAN2421200PE.NFO,02/01/2024,09:18:29,2.75,2.75,13760,2.8,50120,27720,2772720
FINNIFTY02JAN2421200PE.NFO,02/01/2024,09:18:30,2.75,2.75,19640,2.8,53800,62200,2772720
FINNIFTY02JAN2421200PE.NFO,02/01/2024,09:18:31,2.7,2.7,56440,2.75,62880,20320,2772720
FINNIFTY02JAN2421200PE.NFO,02/01/2024,09:18:32,2.8,2.8,43120,2.85,7280,83160,2772720
FINNIFTY02JAN2421200PE.NFO,02/01/2024,09:18:33,2.85,2.8,40040,2.85,21400,34520,2772720
FINNIFTY02JAN2421200PE.NFO,02/01/2024,09:18:34,2.8,2.8,36040,2.85,23400,1000,2772720
FINNIFTY02JAN2421200PE.NFO,02/01/2024,09:18:35,2.9,2.85,17480,2.9,66040,27520,2772720
FINNIFTY02JAN2421200PE.NFO,02/01/2024,09:18:36,2.85,2.85,24240,2.9,62240,34920,2772720
FINNIFTY02JAN2421200PE.NFO,02/01/2024,09:18:37,2.75,2.7,38400,2.75,37280,17680,2772720
FINNIFTY02JAN2421200PE.NFO,02/01/2024,09:18:38,2.75,2.7,19120,2.75,55200,29840,2772720
FINNIFTY02JAN2421200PE.NFO,02/01/2024,09:18:39,2.7,2.7,21680,2.75,59360,15440,2772720
FINNIFTY02JAN2421200PE.NFO,02/01/2024,09:18:40,2.75,2.7,10360,2.75,63040,20000,2772720
FINNIFTY02JAN2421200PE.NFO,02/01/2024,09:18:41,2.75,2.7,36680,2.75,42840,5200,2772720
FINNIFTY02JAN2421200PE.NFO,02/01/2024,09:18:42,2.65,2.65,66720,2.7,1400,26400,2772720
FINNIFTY02JAN2421200PE.NFO,02/01/2024,09:18:43,2.7,2.7,19800,2.75,39560,22520,2772720
FINNIFTY02JAN2421200PE.NFO,02/01/2024,09:18:44,2.65,2.6,67920,2.65,19080,31200,2772720
FINNIFTY02JAN2421200PE.NFO,02/01/2024,09:18:45,2.65,2.6,68360,2.65,6400,31120,2772720
FINNIFTY02JAN2421200PE.NFO,02/01/2024,09:18:46,2.65,2.65,44880,2.7,62760,14400,2772720
FINNIFTY02JAN2421200PE.NFO,02/01/2024,09:18:47,2.7,2.65,63040,2.7,59960,600,2772720
FINNIFTY02JAN2421200PE.NFO,02/01/2024,09:18:48,2.65,2.65,32240,2.7,83040,7760,2772720
FINNIFTY02JAN2421200PE.NFO,02/01/2024,09:18:49,2.7,2.6,62920,2.65,34320,43360,2772720
FINNIFTY02JAN2421200PE.NFO,02/01/2024,09:18:50,2.6,2.6,14640,2.65,61880,9360,2772720
FINNIFTY02JAN2421200PE.NFO,02/01/2024,09:18:51,2.6,2.55,38440,2.6,33960,78400,2772720
FINNIFTY02JAN2421200PE.NFO,02/01/2024,09:18:52,2.55,2.55,9000,2.6,72520,20200,2772720
FINNIFTY02JAN2421200PE.NFO,02/01/2024,09:18:53,2.5,2.45,41560,2.5,15640,140640,2772720
FINNIFTY02JAN2421200PE.NFO,02/01/2024,09:18:54,2.5,2.5,680,2.55,73600,5840,2772720
FINNIFTY02JAN2421200PE.NFO,02/01/2024,09:18:55,2.5,2.45,15640,2.5,52000,134560,2772720
FINNIFTY02JAN2421200PE.NFO,02/01/2024,09:18:56,2.5,2.45,32960,2.5,40840,31160,2772720
FINNIFTY02JAN2421200PE.NFO,02/01/2024,09:18:57,2.5,2.45,10920,2.5,50680,43400,2772720
FINNIFTY02JAN2421200PE.NFO,02/01/2024,09:18:58,2.5,2.45,40,2.5,81960,13600,2772720
FINNIFTY02JAN2421200PE.NFO,02/01/2024,09:18:59,2.45,2.4,17560,2.45,56840,60920,2772720
FINNIFTY02JAN2421200PE.NFO,02/01/2024,09:19:00,2.5,2.4,38240,2.5,53080,92440,2772720
FINNIFTY02JAN2421200PE.NFO,02/01/2024,09:19:01,2.45,2.4,35400,2.45,40520,5440,2772720
FINNIFTY02JAN2421200PE.NFO,02/01/2024,09:19:02,2.4,2.4,26160,2.45,45080,50600,2772720
FINNIFTY02JAN2421200PE.NFO,02/01/2024,09:19:03,2.5,2.45,28600,2.5,44360,22480,2772720
FINNIFTY02JAN2421200PE.NFO,02/01/2024,09:19:04,2.45,2.4,39440,2.45,38760,51440,2772720
FINNIFTY02JAN2421200PE.NFO,02/01/2024,09:19:05,2.45,2.4,800,2.45,53560,41520,2772720
FINNIFTY02JAN2421200PE.NFO,02/01/2024,09:19:06,2.35,2.35,9920,2.4,38400,20680,2772720
FINNIFTY02JAN2421200PE.NFO,02/01/2024,09:19:07,2.4,2.35,8680,2.4,36600,3080,2772720
FINNIFTY02JAN2421200PE.NFO,02/01/2024,09:19:08,2.35,2.35,6840,2.4,53520,21400,2772720
FINNIFTY02JAN2421200PE.NFO,02/01/2024,09:19:09,2.4,2.35,12800,2.4,44480,45600,2772720
FINNIFTY02JAN2421200PE.NFO,02/01/2024,09:19:10,2.35,2.35,19960,2.4,57200,35880,2772720
FINNIFTY02JAN2421200PE.NFO,02/01/2024,09:19:11,2.35,2.3,52880,2.35,24400,50400,2772720
FINNIFTY02JAN2421200PE.NFO,02/01/2024,09:19:12,2.25,2.2,49960,2.25,1640,88080,2772720
FINNIFTY02JAN2421200PE.NFO,02/01/2024,09:19:13,2.25,2.25,7840,2.3,58880,156560,2772720
FINNIFTY02JAN2421200PE.NFO,02/01/2024,09:19:14,2.3,2.25,12880,2.3,54600,5440,2772720
FINNIFTY02JAN2421200PE.NFO,02/01/2024,09:19:15,2.3,2.25,360,2.3,67440,43440,2772720
FINNIFTY02JAN2421200PE.NFO,02/01/2024,09:19:16,2.25,2.25,52840,2.3,21480,140520,2772720
FINNIFTY02JAN2421200PE.NFO,02/01/2024,09:19:17,2.25,2.25,58040,2.3,29640,12280,2772720
FINNIFTY02JAN2421200PE.NFO,02/01/2024,09:19:18,2.3,2.25,11320,2.3,37640,111600,2772720
FINNIFTY02JAN2421200PE.NFO,02/01/2024,09:19:19,2.3,2.3,14520,2.35,54360,58320,2772720
FINNIFTY02JAN2421200PE.NFO,02/01/2024,09:19:20,2.3,2.3,2440,2.35,55920,38120,2772720
FINNIFTY02JAN2421200PE.NFO,02/01/2024,09:19:21,2.3,2.3,2840,2.35,57600,2960,2772720
FINNIFTY02JAN2421200PE.NFO,02/01/2024,09:19:22,2.3,2.3,25920,2.35,42280,13560,2772720
FINNIFTY02JAN2421200PE.NFO,02/01/2024,09:19:23,2.4,2.35,52960,2.4,44600,30240,2772720
FINNIFTY02JAN2421200PE.NFO,02/01/2024,09:19:24,2.4,2.35,45480,2.4,43320,8360,2772720
FINNIFTY02JAN2421200PE.NFO,02/01/2024,09:19:25,2.4,2.4,47640,2.45,69120,31080,2772720
FINNIFTY02JAN2421200PE.NFO,02/01/2024,09:19:26,2.4,2.35,70720,2.4,32480,37840,2772720
FINNIFTY02JAN2421200PE.NFO,02/01/2024,09:19:27,2.45,2.4,38840,2.45,59040,26560,2772720
FINNIFTY02JAN2421200PE.NFO,02/01/2024,09:19:28,2.45,2.4,51560,2.45,68040,6200,2772720
FINNIFTY02JAN2421200PE.NFO,02/01/2024,09:19:29,2.4,2.4,33440,2.45,56320,9120,2772720
FINNIFTY02JAN2421200PE.NFO,02/01/2024,09:19:30,2.4,2.35,4840,2.4,62960,50080,2772720
FINNIFTY02JAN2421200PE.NFO,02/01/2024,09:19:31,2.4,2.35,34920,2.4,62760,41120,2772720
FINNIFTY02JAN2421200PE.NFO,02/01/2024,09:19:32,2.4,2.35,64880,2.4,6840,77520,2772720
FINNIFTY02JAN2421200PE.NFO,02/01/2024,09:19:33,2.4,2.4,21360,2.45,54440,31400,2772720
FINNIFTY02JAN2421200PE.NFO,02/01/2024,09:19:34,2.4,2.35,48960,2.4,51520,17320,2772720
FINNIFTY02JAN2421200PE.NFO,02/01/2024,09:19:35,2.3,2.3,53480,2.35,51080,28600,2772720
FINNIFTY02JAN2421200PE.NFO,02/01/2024,09:19:36,2.3,2.3,1800,2.35,61600,17400,2772720
FINNIFTY02JAN2421200PE.NFO,02/01/2024,09:19:37,2.35,2.3,49080,2.35,60520,46920,2772720
FINNIFTY02JAN2421200PE.NFO,02/01/2024,09:19:38,2.3,2.3,68760,2.35,20800,20120,2772720
FINNIFTY02JAN2421200PE.NFO,02/01/2024,09:19:39,2.35,2.35,30840,2.4,65200,24800,2772720
FINNIFTY02JAN2421200PE.NFO,02/01/2024,09:19:40,2.4,2.35,45200,2.4,51720,51400,2772720
FINNIFTY02JAN2421200PE.NFO,02/01/2024,09:19:41,2.35,2.35,54480,2.4,56440,26120,2772720
FINNIFTY02JAN2421200PE.NFO,02/01/2024,09:19:42,2.35,2.3,80680,2.35,520,24720,2772720
FINNIFTY02JAN2421200PE.NFO,02/01/2024,09:19:43,2.35,2.3,78200,2.35,1800,36400,2772720
FINNIFTY02JAN2421200PE.NFO,02/01/2024,09:19:44,2.3,2.3,54120,2.35,60840,28400,2772720
FINNIFTY02JAN2421200PE.NFO,02/01/2024,09:19:45,2.35,2.3,56760,2.35,64720,18840,2772720
FINNIFTY02JAN2421200PE.NFO,02/01/2024,09:19:46,2.3,2.25,57560,2.3,43360,35520,2772720
FINNIFTY02JAN2421200PE.NFO,02/01/2024,09:19:47,2.3,2.25,28120,2.3,60360,33160,2772720
FINNIFTY02JAN2421200PE.NFO,02/01/2024,09:19:48,2.25,2.25,40000,2.3,41560,11920,2772720
FINNIFTY02JAN2421200PE.NFO,02/01/2024,09:19:49,2.2,2.2,80480,2.3,65560,36400,2772720
FINNIFTY02JAN2421200PE.NFO,02/01/2024,09:19:50,2.25,2.2,58800,2.25,53080,7520,2772720
FINNIFTY02JAN2421200PE.NFO,02/01/2024,09:19:51,2.25,2.2,69560,2.25,36680,39320,2772720
FINNIFTY02JAN2421200PE.NFO,02/01/2024,09:19:52,2.3,2.25,6360,2.3,72240,13960,2772720
FINNIFTY02JAN2421200PE.NFO,02/01/2024,09:19:53,2.25,2.25,27960,2.3,48640,22280,2772720
FINNIFTY02JAN2421200PE.NFO,02/01/2024,09:19:54,2.3,2.25,70400,2.35,68600,80320,2772720
FINNIFTY02JAN2421200PE.NFO,02/01/2024,09:19:55,2.3,2.25,52800,2.3,59960,22920,2772720
FINNIFTY02JAN2421200PE.NFO,02/01/2024,09:19:56,2.3,2.3,1440,2.35,55480,28080,2772720
FINNIFTY02JAN2421200PE.NFO,02/01/2024,09:19:57,2.25,2.25,78400,2.3,1680,46880,2772720
FINNIFTY02JAN2421200PE.NFO,02/01/2024,09:19:58,2.3,2.3,31600,2.35,60760,10800,2772720
FINNIFTY02JAN2421200PE.NFO,02/01/2024,09:19:59,2.3,2.3,18080,2.35,75040,9240,2772720
FINNIFTY02JAN2421200PE.NFO,02/01/2024,09:20:00,2.3,2.25,65680,2.3,23360,17480,2772720
FINNIFTY02JAN2421200PE.NFO,02/01/2024,09:20:01,2.25,2.25,82040,2.3,1760,36320,2772720
FINNIFTY02JAN2421200PE.NFO,02/01/2024,09:20:02,2.3,2.25,83280,2.3,16720,26400,2772720
FINNIFTY02JAN2421200PE.NFO,02/01/2024,09:20:03,2.3,2.25,58920,2.3,63920,6720,2772720
FINNIFTY02JAN2421200PE.NFO,02/01/2024,09:20:04,2.25,2.2,1880,2.25,63680,69040,2772720
FINNIFTY02JAN2421200PE.NFO,02/01/2024,09:20:05,2.2,2.15,70360,2.2,53560,22240,2772720
FINNIFTY02JAN2421200PE.NFO,02/01/2024,09:20:06,2.2,2.15,69080,2.2,66000,4720,2772720
FINNIFTY02JAN2421200PE.NFO,02/01/2024,09:20:07,2.2,2.15,77320,2.2,44120,3880,2772720
FINNIFTY02JAN2421200PE.NFO,02/01/2024,09:20:08,2.15,2.15,64080,2.2,69560,9000,2772720
FINNIFTY02JAN2421200PE.NFO,02/01/2024,09:20:09,2.15,2.15,80920,2.2,11640,50560,2772720
FINNIFTY02JAN2421200PE.NFO,02/01/2024,09:20:10,2.1,2.1,90040,2.15,7520,31960,2772720
FINNIFTY02JAN2421200PE.NFO,02/01/2024,09:20:11,2.1,2.1,58000,2.15,50520,23320,2772720
FINNIFTY02JAN2421200PE.NFO,02/01/2024,09:20:12,2.15,2.1,51440,2.15,42920,15520,2772720
FINNIFTY02JAN2421200PE.NFO,02/01/2024,09:20:13,2.1,2.1,45560,2.15,61920,7240,2772720
FINNIFTY02JAN2421200PE.NFO,02/01/2024,09:20:14,2.2,2.15,17680,2.2,58360,24240,2772720
FINNIFTY02JAN2421200PE.NFO,02/01/2024,09:20:15,2.2,2.15,12440,2.2,78040,37080,2772720
FINNIFTY02JAN2421200PE.NFO,02/01/2024,09:20:16,2.15,2.15,53240,2.2,46120,25640,2772720
FINNIFTY02JAN2421200PE.NFO,02/01/2024,09:20:17,2.2,2.2,84640,2.25,18800,63240,2772720
FINNIFTY02JAN2421200PE.NFO,02/01/2024,09:20:18,2.25,2.2,60000,2.25,58120,23240,2772720
FINNIFTY02JAN2421200PE.NFO,02/01/2024,09:20:19,2.25,2.2,52800,2.25,67480,10560,2772720
FINNIFTY02JAN2421200PE.NFO,02/01/2024,09:20:20,2.15,2.15,89560,2.2,19720,17960,2772720
FINNIFTY02JAN2421200PE.NFO,02/01/2024,09:20:21,2.15,2.15,86480,2.2,21400,7200,2772720
FINNIFTY02JAN2421200PE.NFO,02/01/2024,09:20:22,2.2,2.15,67720,2.2,45840,6960,2772720
FINNIFTY02JAN2421200PE.NFO,02/01/2024,09:20:23,2.25,2.2,5040,2.25,81000,29920,2772720
FINNIFTY02JAN2421200PE.NFO,02/01/2024,09:20:24,2.25,2.2,6280,2.25,84520,35680,2772720
FINNIFTY02JAN2421200PE.NFO,02/01/2024,09:20:25,2.2,2.2,39520,2.25,76720,11920,2772720
FINNIFTY02JAN2421200PE.NFO,02/01/2024,09:20:26,2.2,2.2,71400,2.25,58680,2720,2772720
FINNIFTY02JAN2421200PE.NFO,02/01/2024,09:20:27,2.25,2.2,48720,2.25,71960,6920,3586840
FINNIFTY02JAN2421200PE.NFO,02/01/2024,09:20:28,2.25,2.2,47440,2.25,55120,8520,3586840
FINNIFTY02JAN2421200PE.NFO,02/01/2024,09:20:29,2.2,2.2,16520,2.25,67960,14400,3586840
FINNIFTY02JAN2421200PE.NFO,02/01/2024,09:20:30,2.25,2.2,82600,2.25,26640,81080,3586840
FINNIFTY02JAN2421200PE.NFO,02/01/2024,09:20:31,2.3,2.25,72200,2.3,55000,19840,3586840
FINNIFTY02JAN2421200PE.NFO,02/01/2024,09:20:33,2.3,2.3,49920,2.35,56640,32480,3586840
FINNIFTY02JAN2421200PE.NFO,02/01/2024,09:20:33,2.3,2.3,72880,2.35,28800,19640,3586840
FINNIFTY02JAN2421200PE.NFO,02/01/2024,09:20:34,2.35,2.3,72840,2.35,45680,3040,3586840
FINNIFTY02JAN2421200PE.NFO,02/01/2024,09:20:35,2.35,2.3,78080,2.35,18360,8560,3586840
FINNIFTY02JAN2421200PE.NFO,02/01/2024,09:20:36,2.25,2.25,74280,2.3,18560,13520,3586840
FINNIFTY02JAN2421200PE.NFO,02/01/2024,09:20:37,2.35,2.3,56480,2.35,65840,9440,3586840
FINNIFTY02JAN2421200PE.NFO,02/01/2024,09:20:38,2.35,2.3,23280,2.35,82160,14920,3586840
FINNIFTY02JAN2421200PE.NFO,02/01/2024,09:20:40,2.35,2.3,3560,2.35,79240,33760,3586840
FINNIFTY02JAN2421200PE.NFO,02/01/2024,09:20:40,2.35,2.3,4520,2.35,77800,7640,3586840
FINNIFTY02JAN2421200PE.NFO,02/01/2024,09:20:41,2.25,2.25,52560,2.3,54440,27320,3586840
FINNIFTY02JAN2421200PE.NFO,02/01/2024,09:20:42,2.3,2.25,48440,2.3,62280,9800,3586840
FINNIFTY02JAN2421200PE.NFO,02/01/2024,09:20:43,2.25,2.2,60840,2.25,40480,38720,3586840
FINNIFTY02JAN2421200PE.NFO,02/01/2024,09:20:44,2.15,2.15,84000,2.2,7280,34160,3586840
FINNIFTY02JAN2421200PE.NFO,02/01/2024,09:20:46,2.2,2.15,40880,2.2,65520,11160,3586840
FINNIFTY02JAN2421200PE.NFO,02/01/2024,09:20:46,2.15,2.15,38160,2.2,67400,9120,3586840
FINNIFTY02JAN2421200PE.NFO,02/01/2024,09:20:47,2.15,2.15,54000,2.2,38920,7280,3586840
FINNIFTY02JAN2421200PE.NFO,02/01/2024,09:20:48,2.2,2.15,50440,2.2,53280,13440,3586840
FINNIFTY02JAN2421200PE.NFO,02/01/2024,09:20:49,2.2,2.2,80,2.25,80560,41760,3586840
FINNIFTY02JAN2421200PE.NFO,02/01/2024,09:20:50,2.2,2.15,70920,2.2,13240,40680,3586840
FINNIFTY02JAN2421200PE.NFO,02/01/2024,09:20:51,2.2,2.15,73320,2.2,1960,21120,3586840
FINNIFTY02JAN2421200PE.NFO,02/01/2024,09:20:52,2.2,2.15,54280,2.2,43960,9320,3586840
FINNIFTY02JAN2421200PE.NFO,02/01/2024,09:20:53,2.15,2.15,50560,2.2,65880,7920,3586840
FINNIFTY02JAN2421200PE.NFO,02/01/2024,09:20:54,2.15,2.15,60680,2.2,43200,8680,3586840
FINNIFTY02JAN2421200PE.NFO,02/01/2024,09:20:55,2.2,2.15,67400,2.2,3720,41880,3586840
FINNIFTY02JAN2421200PE.NFO,02/01/2024,09:20:56,2.2,2.15,61880,2.2,39040,23400,3586840
FINNIFTY02JAN2421200PE.NFO,02/01/2024,09:20:58,2.25,2.2,35440,2.25,51560,25200,3586840
FINNIFTY02JAN2421200PE.NFO,02/01/2024,09:20:58,2.25,2.2,29080,2.25,71840,80,3586840
FINNIFTY02JAN2421200PE.NFO,02/01/2024,09:20:59,2.15,2.15,69520,2.2,29920,10040,3586840
FINNIFTY02JAN2421200PE.NFO,02/01/2024,09:21:00,2.2,2.15,54880,2.2,47760,12880,3586840
FINNIFTY02JAN2421200PE.NFO,02/01/2024,09:21:01,2.2,2.15,23560,2.2,71560,9760,3586840
FINNIFTY02JAN2421200PE.NFO,02/01/2024,09:21:02,2.2,2.15,18640,2.2,85880,57840,3586840
FINNIFTY02JAN2421200PE.NFO,02/01/2024,09:21:03,2.2,2.15,12280,2.2,74840,23680,3586840
FINNIFTY02JAN2421200PE.NFO,02/01/2024,09:21:04,2.15,2.15,16920,2.2,63320,22240,3586840
FINNIFTY02JAN2421200PE.NFO,02/01/2024,09:21:05,2.15,2.1,81920,2.15,160,39400,3586840
FINNIFTY02JAN2421200PE.NFO,02/01/2024,09:21:06,2.2,2.15,40600,2.2,56400,27240,3586840
FINNIFTY02JAN2421200PE.NFO,02/01/2024,09:21:07,2.2,2.2,19760,2.25,47440,203760,3586840
FINNIFTY02JAN2421200PE.NFO,02/01/2024,09:21:08,2.25,2.25,1200,2.3,40240,70280,3586840
FINNIFTY02JAN2421200PE.NFO,02/01/2024,09:21:09,2.2,2.2,39720,2.25,39200,26960,3586840
FINNIFTY02JAN2421200PE.NFO,02/01/2024,09:21:10,2.25,2.2,40560,2.25,31840,7120,3586840
FINNIFTY02JAN2421200PE.NFO,02/01/2024,09:21:11,2.2,2.2,4680,2.25,61160,26280,3586840
FINNIFTY02JAN2421200PE.NFO,02/01/2024,09:21:12,2.15,2.15,44200,2.2,7800,39880,3586840
FINNIFTY02JAN2421200PE.NFO,02/01/2024,09:21:13,2.2,2.15,51920,2.2,22080,15520,3586840
FINNIFTY02JAN2421200PE.NFO,02/01/2024,09:21:14,2.2,2.15,43320,2.2,36120,10640,3586840
FINNIFTY02JAN2421200PE.NFO,02/01/2024,09:21:15,2.2,2.2,24640,2.25,58960,13600,3586840
FINNIFTY02JAN2421200PE.NFO,02/01/2024,09:21:16,2.2,2.2,42920,2.25,69600,5120,3586840
FINNIFTY02JAN2421200PE.NFO,02/01/2024,09:21:17,2.2,2.2,45960,2.25,63320,44680,3586840
FINNIFTY02JAN2421200PE.NFO,02/01/2024,09:21:18,2.25,2.2,37840,2.25,64680,5000,3586840
FINNIFTY02JAN2421200PE.NFO,02/01/2024,09:21:19,2.25,2.25,3960,2.3,63760,52040,3586840
FINNIFTY02JAN2421200PE.NFO,02/01/2024,09:21:20,2.25,2.25,34560,2.3,46280,25400,3586840
FINNIFTY02JAN2421200PE.NFO,02/01/2024,09:21:21,2.25,2.25,32200,2.3,45760,20360,3586840
FINNIFTY02JAN2421200PE.NFO,02/01/2024,09:21:22,2.3,2.25,35920,2.3,47760,8040,3586840
FINNIFTY02JAN2421200PE.NFO,02/01/2024,09:21:23,2.25,2.2,65400,2.25,18560,41600,3586840
FINNIFTY02JAN2421200PE.NFO,02/01/2024,09:21:24,2.25,2.2,42520,2.25,66520,7000,3586840
FINNIFTY02JAN2421200PE.NFO,02/01/2024,09:21:25,2.25,2.2,36440,2.25,67520,4960,3586840
FINNIFTY02JAN2421200PE.NFO,02/01/2024,09:21:26,2.25,2.2,8320,2.25,74760,79760,3586840
FINNIFTY02JAN2421200PE.NFO,02/01/2024,09:21:27,2.25,2.2,1400,2.25,75400,19920,3586840
FINNIFTY02JAN2421200PE.NFO,02/01/2024,09:21:28,2.3,2.25,18440,2.3,56600,68160,3586840
FINNIFTY02JAN2421200PE.NFO,02/01/2024,09:21:29,2.3,2.25,31240,2.3,57480,57680,3586840
FINNIFTY02JAN2421200PE.NFO,02/01/2024,09:21:30,2.25,2.25,54480,2.3,26640,43000,3586840
FINNIFTY02JAN2421200PE.NFO,02/01/2024,09:21:31,2.3,2.25,70880,2.3,1440,32040,3586840
FINNIFTY02JAN2421200PE.NFO,02/01/2024,09:21:32,2.3,2.25,67640,2.3,17240,12080,3586840
FINNIFTY02JAN2421200PE.NFO,02/01/2024,09:21:33,2.25,2.25,22200,2.3,66160,37160,3586840
FINNIFTY02JAN2421200PE.NFO,02/01/2024,09:21:34,2.3,2.25,62080,2.3,3520,40200,3586840
FINNIFTY02JAN2421200PE.NFO,02/01/2024,09:21:35,2.35,2.3,57520,2.35,960,15640,3586840
FINNIFTY02JAN2421200PE.NFO,02/01/2024,09:21:36,2.4,2.4,36760,2.45,49800,30880,3586840
FINNIFTY02JAN2421200PE.NFO,02/01/2024,09:21:37,2.25,2.25,40480,2.3,38960,26280,3586840
FINNIFTY02JAN2421200PE.NFO,02/01/2024,09:21:38,2.3,2.25,59760,2.3,2000,44600,3586840
FINNIFTY02JAN2421200PE.NFO,02/01/2024,09:21:39,2.35,2.3,29240,2.35,62520,25800,3586840
FINNIFTY02JAN2421200PE.NFO,02/01/2024,09:21:40,2.3,2.3,28640,2.35,61040,7080,3586840
FINNIFTY02JAN2421200PE.NFO,02/01/2024,09:21:41,2.35,2.3,40000,2.35,44440,2520,3586840
FINNIFTY02JAN2421200PE.NFO,02/01/2024,09:21:42,2.35,2.3,41200,2.35,55480,5120,3586840
FINNIFTY02JAN2421200PE.NFO,02/01/2024,09:21:43,2.35,2.3,63560,2.35,25080,22880,3586840
FINNIFTY02JAN2421200PE.NFO,02/01/2024,09:21:44,2.35,2.35,59440,2.4,58880,32760,3586840
FINNIFTY02JAN2421200PE.NFO,02/01/2024,09:21:45,2.3,2.3,70520,2.35,27040,12960,3586840
FINNIFTY02JAN2421200PE.NFO,02/01/2024,09:21:46,2.3,2.3,67080,2.35,27080,4920,3586840
FINNIFTY02JAN2421200PE.NFO,02/01/2024,09:21:47,2.3,2.3,45040,2.35,61360,13000,3586840
FINNIFTY02JAN2421200PE.NFO,02/01/2024,09:21:48,2.3,2.3,50160,2.35,68160,5880,3586840
FINNIFTY02JAN2421200PE.NFO,02/01/2024,09:21:49,2.25,2.25,35280,2.3,61040,17880,3586840
FINNIFTY02JAN2421200PE.NFO,02/01/2024,09:21:50,2.25,2.25,20120,2.3,81040,83600,3586840
FINNIFTY02JAN2421200PE.NFO,02/01/2024,09:21:51,2.3,2.25,8720,2.3,83600,11760,3586840
FINNIFTY02JAN2421200PE.NFO,02/01/2024,09:21:53,2.25,2.2,65000,2.25,44960,11480,3586840
FINNIFTY02JAN2421200PE.NFO,02/01/2024,09:21:54,2.25,2.2,64680,2.25,49720,7600,3586840
FINNIFTY02JAN2421200PE.NFO,02/01/2024,09:21:55,2.25,2.2,63440,2.25,69080,5800,3586840
FINNIFTY02JAN2421200PE.NFO,02/01/2024,09:21:56,2.2,2.2,69840,2.25,76000,7000,3586840
FINNIFTY02JAN2421200PE.NFO,02/01/2024,09:21:57,2.2,2.2,31480,2.25,82760,7320,3586840
FINNIFTY02JAN2421200PE.NFO,02/01/2024,09:21:57,2.2,2.2,30160,2.25,82600,1600,3586840
FINNIFTY02JAN2421200PE.NFO,02/01/2024,09:21:58,2.25,2.2,24920,2.25,91280,26800,3586840
FINNIFTY02JAN2421200PE.NFO,02/01/2024,09:21:59,2.2,2.2,12320,2.25,86720,21160,3586840
FINNIFTY02JAN2421200PE.NFO,02/01/2024,09:22:00,2.25,2.2,22040,2.25,89440,5840,3586840
FINNIFTY02JAN2421200PE.NFO,02/01/2024,09:22:01,2.25,2.2,32920,2.25,91920,66560,3586840
FINNIFTY02JAN2421200PE.NFO,02/01/2024,09:22:02,2.2,2.2,22880,2.25,93160,14360,3586840
FINNIFTY02JAN2421200PE.NFO,02/01/2024,09:22:03,2.15,2.15,44480,2.2,67360,55800,3586840
FINNIFTY02JAN2421200PE.NFO,02/01/2024,09:22:04,2.15,2.15,34240,2.2,53400,34280,3586840
FINNIFTY02JAN2421200PE.NFO,02/01/2024,09:22:05,2.15,2.15,4640,2.2,79520,103600,3586840
FINNIFTY02JAN2421200PE.NFO,02/01/2024,09:22:06,2.15,2.15,10120,2.2,80640,34280,3586840
FINNIFTY02JAN2421200PE.NFO,02/01/2024,09:22:07,2.15,2.15,6400,2.2,79120,15960,3586840
FINNIFTY02JAN2421200PE.NFO,02/01/2024,09:22:08,2.15,2.15,120,2.2,76920,15480,3586840
FINNIFTY02JAN2421200PE.NFO,02/01/2024,09:22:09,2.15,2.1,81800,2.15,56600,32760,3586840
FINNIFTY02JAN2421200PE.NFO,02/01/2024,09:22:11,2.1,2.1,55200,2.15,72160,31040,3586840
FINNIFTY02JAN2421200PE.NFO,02/01/2024,09:22:12,2.15,2.1,78200,2.15,57880,16840,3586840
FINNIFTY02JAN2421200PE.NFO,02/01/2024,09:22:12,2.15,2.15,3040,2.2,91320,24920,3586840
FINNIFTY02JAN2421200PE.NFO,02/01/2024,09:22:13,2.15,2.1,77120,2.15,33760,33040,3586840
FINNIFTY02JAN2421200PE.NFO,02/01/2024,09:22:14,2.15,2.1,67200,2.15,32040,19000,3586840
FINNIFTY02JAN2421200PE.NFO,02/01/2024,09:22:16,2.15,2.1,55680,2.15,36200,18800,3586840
FINNIFTY02JAN2421200PE.NFO,02/01/2024,09:22:17,2.1,2.1,71360,2.2,92800,97200,3586840
FINNIFTY02JAN2421200PE.NFO,02/01/2024,09:22:18,2.2,2.15,73960,2.2,67760,23760,3586840
FINNIFTY02JAN2421200PE.NFO,02/01/2024,09:22:19,2.2,2.15,53520,2.2,66920,12400,3586840
FINNIFTY02JAN2421200PE.NFO,02/01/2024,09:22:20,2.2,2.15,53960,2.2,60360,21120,3586840
FINNIFTY02JAN2421200PE.NFO,02/01/2024,09:22:21,2.2,2.15,80480,2.2,22600,21520,3586840
FINNIFTY02JAN2421200PE.NFO,02/01/2024,09:22:21,2.2,2.15,80880,2.2,23000,2440,3586840
FINNIFTY02JAN2421200PE.NFO,02/01/2024,09:22:22,2.2,2.15,81200,2.2,51240,7040,3586840
FINNIFTY02JAN2421200PE.NFO,02/01/2024,09:22:23,2.2,2.15,76800,2.2,38240,17160,3586840
FINNIFTY02JAN2421200PE.NFO,02/01/2024,09:22:25,2.2,2.15,72080,2.2,52080,11280,3586840
FINNIFTY02JAN2421200PE.NFO,02/01/2024,09:22:26,2.2,2.15,54120,2.2,65360,4840,3586840
FINNIFTY02JAN2421200PE.NFO,02/01/2024,09:22:26,2.2,2.15,56880,2.2,47760,2320,3586840
FINNIFTY02JAN2421200PE.NFO,02/01/2024,09:22:27,2.2,2.15,49760,2.2,77800,10480,3586840
FINNIFTY02JAN2421200PE.NFO,02/01/2024,09:22:28,2.2,2.15,83400,2.2,2120,18160,3586840
FINNIFTY02JAN2421200PE.NFO,02/01/2024,09:22:29,2.15,2.15,59240,2.2,64560,42200,3586840
FINNIFTY02JAN2421200PE.NFO,02/01/2024,09:22:30,2.15,2.1,83880,2.15,6320,39440,3586840
FINNIFTY02JAN2421200PE.NFO,02/01/2024,09:22:31,2.15,2.1,71520,2.15,56480,16800,3586840
FINNIFTY02JAN2421200PE.NFO,02/01/2024,09:22:32,2.1,2.1,70680,2.15,57400,11440,3586840
FINNIFTY02JAN2421200PE.NFO,02/01/2024,09:22:34,2.15,2.15,23760,2.2,94800,61080,3586840
FINNIFTY02JAN2421200PE.NFO,02/01/2024,09:22:35,2.15,2.15,55080,2.2,83640,6720,3586840
FINNIFTY02JAN2421200PE.NFO,02/01/2024,09:22:36,2.2,2.15,87880,2.2,68480,30360,3586840
FINNIFTY02JAN2421200PE.NFO,02/01/2024,09:22:37,2.2,2.15,62600,2.2,101040,6160,3586840
FINNIFTY02JAN2421200PE.NFO,02/01/2024,09:22:38,2.2,2.15,11440,2.2,103440,68280,3586840
FINNIFTY02JAN2421200PE.NFO,02/01/2024,09:22:39,2.2,2.15,43480,2.2,104560,3760,3586840
FINNIFTY02JAN2421200PE.NFO,02/01/2024,09:22:40,2.15,2.1,90520,2.15,12320,23680,3586840
FINNIFTY02JAN2421200PE.NFO,02/01/2024,09:22:41,2.2,2.15,75440,2.2,61240,37960,3586840
FINNIFTY02JAN2421200PE.NFO,02/01/2024,09:22:42,2.15,2.15,81400,2.2,72560,8040,3586840
FINNIFTY02JAN2421200PE.NFO,02/01/2024,09:22:43,2.2,2.15,91000,2.2,49880,5680,3586840
FINNIFTY02JAN2421200PE.NFO,02/01/2024,09:22:44,2.15,2.15,50200,2.2,90040,8400,3586840
FINNIFTY02JAN2421200PE.NFO,02/01/2024,09:22:45,2.15,2.15,1560,2.2,104120,26440,3586840
FINNIFTY02JAN2421200PE.NFO,02/01/2024,09:22:46,2.15,2.15,6920,2.2,103640,360,3586840
FINNIFTY02JAN2421200PE.NFO,02/01/2024,09:22:47,2.1,2.1,74160,2.15,73920,45240,3586840
FINNIFTY02JAN2421200PE.NFO,02/01/2024,09:22:48,2.15,2.1,78680,2.15,70080,3760,3586840
FINNIFTY02JAN2421200PE.NFO,02/01/2024,09:22:49,2.2,2.15,66640,2.2,79080,19520,3586840
FINNIFTY02JAN2421200PE.NFO,02/01/2024,09:22:50,2.2,2.15,78400,2.2,84480,4560,3586840
FINNIFTY02JAN2421200PE.NFO,02/01/2024,09:22:51,2.2,2.15,29160,2.2,103760,31840,3586840
FINNIFTY02JAN2421200PE.NFO,02/01/2024,09:22:52,2.2,2.15,51960,2.2,87080,10040,3586840
FINNIFTY02JAN2421200PE.NFO,02/01/2024,09:22:53,2.15,2.15,59280,2.2,82960,2960,3586840
FINNIFTY02JAN2421200PE.NFO,02/01/2024,09:22:54,2.15,2.15,39560,2.2,104680,6320,3586840
FINNIFTY02JAN2421200PE.NFO,02/01/2024,09:22:55,2.2,2.15,48160,2.2,98840,9320,3586840
FINNIFTY02JAN2421200PE.NFO,02/01/2024,09:22:56,2.2,2.15,83840,2.2,53760,6560,3586840
FINNIFTY02JAN2421200PE.NFO,02/01/2024,09:22:57,2.2,2.15,75080,2.2,60240,4880,3586840
FINNIFTY02JAN2421200PE.NFO,02/01/2024,09:22:58,2.15,2.15,92000,2.2,71400,4840,3586840
FINNIFTY02JAN2421200PE.NFO,02/01/2024,09:22:59,2.2,2.15,99320,2.2,69800,2640,3586840
FINNIFTY02JAN2421200PE.NFO,02/01/2024,09:23:00,2.15,2.15,102280,2.2,51840,7040,3586840
FINNIFTY02JAN2421200PE.NFO,02/01/2024,09:23:01,2.15,2.15,69120,2.2,97920,6680,3586840
FINNIFTY02JAN2421200PE.NFO,02/01/2024,09:23:02,2.25,2.15,110480,2.25,95240,31640,3586840
FINNIFTY02JAN2421200PE.NFO,02/01/2024,09:23:03,2.2,2.2,73720,2.25,77760,16800,3586840
FINNIFTY02JAN2421200PE.NFO,02/01/2024,09:23:04,2.2,2.2,56600,2.25,92600,14800,3586840
FINNIFTY02JAN2421200PE.NFO,02/01/2024,09:23:05,2.15,2.15,80040,2.2,90960,32440,3586840
FINNIFTY02JAN2421200PE.NFO,02/01/2024,09:23:06,2.2,2.15,106200,2.2,50480,5720,3586840
FINNIFTY02JAN2421200PE.NFO,02/01/2024,09:23:07,2.15,2.15,60360,2.2,62960,17680,3586840
FINNIFTY02JAN2421200PE.NFO,02/01/2024,09:23:08,2.15,2.15,108600,2.2,59120,30480,3586840
FINNIFTY02JAN2421200PE.NFO,02/01/2024,09:23:09,2.15,2.15,113480,2.2,31400,45200,3586840
FINNIFTY02JAN2421200PE.NFO,02/01/2024,09:23:10,2.15,2.15,82200,2.2,87240,3000,3586840
FINNIFTY02JAN2421200PE.NFO,02/01/2024,09:23:10,2.15,2.15,82080,2.2,88040,520,3586840
FINNIFTY02JAN2421200PE.NFO,02/01/2024,09:23:11,2.25,2.2,51160,2.25,103200,39040,3586840
FINNIFTY02JAN2421200PE.NFO,02/01/2024,09:23:12,2.2,2.2,75280,2.25,86120,2480,3586840
FINNIFTY02JAN2421200PE.NFO,02/01/2024,09:23:13,2.2,2.2,90960,2.25,78880,1000,3586840
FINNIFTY02JAN2421200PE.NFO,02/01/2024,09:23:14,2.2,2.2,95200,2.25,74560,5440,3586840
FINNIFTY02JAN2421200PE.NFO,02/01/2024,09:23:15,2.25,2.2,67240,2.25,92080,8600,3586840
FINNIFTY02JAN2421200PE.NFO,02/01/2024,09:23:16,2.25,2.2,86720,2.25,82520,2920,3586840
FINNIFTY02JAN2421200PE.NFO,02/01/2024,09:23:17,2.15,2.15,122440,2.2,7280,49560,3586840
FINNIFTY02JAN2421200PE.NFO,02/01/2024,09:23:18,2.2,2.2,90440,2.25,65000,10120,3586840
FINNIFTY02JAN2421200PE.NFO,02/01/2024,09:23:19,2.25,2.2,89040,2.25,65200,8520,3586840
FINNIFTY02JAN2421200PE.NFO,02/01/2024,09:23:20,2.25,2.2,87480,2.25,72680,5800,3586840
FINNIFTY02JAN2421200PE.NFO,02/01/2024,09:23:21,2.2,2.2,66400,2.25,100000,8400,3586840
FINNIFTY02JAN2421200PE.NFO,02/01/2024,09:23:22,2.2,2.2,70960,2.25,79760,6200,3586840
FINNIFTY02JAN2421200PE.NFO,02/01/2024,09:23:23,2.2,2.2,74840,2.25,86960,13240,3586840
FINNIFTY02JAN2421200PE.NFO,02/01/2024,09:23:24,2.2,2.2,93560,2.25,80240,5400,3586840
FINNIFTY02JAN2421200PE.NFO,02/01/2024,09:23:25,2.2,2.2,94560,2.25,79800,2480,3586840
FINNIFTY02JAN2421200PE.NFO,02/01/2024,09:23:26,2.25,2.2,92720,2.25,63880,10040,3586840
FINNIFTY02JAN2421200PE.NFO,02/01/2024,09:23:27,2.2,2.2,102080,2.25,73840,4840,4062040
FINNIFTY02JAN2421200PE.NFO,02/01/2024,09:23:28,2.25,2.2,111320,2.25,76320,3160,4062040
FINNIFTY02JAN2421200PE.NFO,02/01/2024,09:23:29,2.25,2.25,95160,2.3,48960,32320,4062040
FINNIFTY02JAN2421200PE.NFO,02/01/2024,09:23:31,2.3,2.25,94200,2.3,54720,13080,4062040
FINNIFTY02JAN2421200PE.NFO,02/01/2024,09:23:32,2.25,2.2,113600,2.25,42520,15200,4062040
FINNIFTY02JAN2421200PE.NFO,02/01/2024,09:23:33,2.2,2.2,113400,2.25,37200,17440,4062040
FINNIFTY02JAN2421200PE.NFO,02/01/2024,09:23:34,2.2,2.2,110680,2.25,37320,18720,4062040
FINNIFTY02JAN2421200PE.NFO,02/01/2024,09:23:35,2.25,2.2,111520,2.25,5440,37120,4062040
FINNIFTY02JAN2421200PE.NFO,02/01/2024,09:23:36,2.25,2.2,112840,2.25,43360,6240,4062040
FINNIFTY02JAN2421200PE.NFO,02/01/2024,09:23:37,2.25,2.2,61440,2.25,89120,17640,4062040
FINNIFTY02JAN2421200PE.NFO,02/01/2024,09:23:37,2.25,2.2,62760,2.25,84120,9000,4062040
FINNIFTY02JAN2421200PE.NFO,02/01/2024,09:23:38,2.25,2.25,4000,2.3,104480,17440,4062040
FINNIFTY02JAN2421200PE.NFO,02/01/2024,09:23:39,2.25,2.2,94600,2.25,960,16240,4062040
FINNIFTY02JAN2421200PE.NFO,02/01/2024,09:23:40,2.25,2.2,96680,2.3,99840,5000,4062040
FINNIFTY02JAN2421200PE.NFO,02/01/2024,09:23:41,2.3,2.25,7600,2.3,99120,8680,4062040
FINNIFTY02JAN2421200PE.NFO,02/01/2024,09:23:42,2.3,2.25,47600,2.3,81440,8840,4062040
FINNIFTY02JAN2421200PE.NFO,02/01/2024,09:23:43,2.25,2.25,46240,2.3,76760,5120,4062040
FINNIFTY02JAN2421200PE.NFO,02/01/2024,09:23:44,2.25,2.25,46200,2.3,81120,21320,4062040
FINNIFTY02JAN2421200PE.NFO,02/01/2024,09:23:45,2.3,2.25,38920,2.3,96440,1680,4062040
FINNIFTY02JAN2421200PE.NFO,02/01/2024,09:23:47,2.3,2.25,44840,2.3,86160,7800,4062040
FINNIFTY02JAN2421200PE.NFO,02/01/2024,09:23:48,2.3,2.25,74240,2.3,57080,5800,4062040
FINNIFTY02JAN2421200PE.NFO,02/01/2024,09:23:48,2.25,2.25,72440,2.3,58800,120,4062040
FINNIFTY02JAN2421200PE.NFO,02/01/2024,09:23:49,2.25,2.25,45920,2.3,94720,7440,4062040
FINNIFTY02JAN2421200PE.NFO,02/01/2024,09:23:50,2.25,2.25,44440,2.3,95320,8000,4062040
FINNIFTY02JAN2421200PE.NFO,02/01/2024,09:23:52,2.3,2.25,58760,2.3,79480,6760,4062040
FINNIFTY02JAN2421200PE.NFO,02/01/2024,09:23:53,2.25,2.25,39200,2.3,96840,4440,4062040
FINNIFTY02JAN2421200PE.NFO,02/01/2024,09:23:53,2.25,2.25,46640,2.3,91960,40,4062040
FINNIFTY02JAN2421200PE.NFO,02/01/2024,09:23:54,2.3,2.25,67680,2.3,65560,7560,4062040
FINNIFTY02JAN2421200PE.NFO,02/01/2024,09:23:55,2.25,2.25,38320,2.3,97880,200,4062040
FINNIFTY02JAN2421200PE.NFO,02/01/2024,09:23:56,2.3,2.25,38680,2.3,94920,5680,4062040
FINNIFTY02JAN2421200PE.NFO,02/01/2024,09:23:57,2.25,2.25,39080,2.3,98760,9440,4062040
FINNIFTY02JAN2421200PE.NFO,02/01/2024,09:23:58,2.3,2.25,86280,2.3,70920,6480,4062040
FINNIFTY02JAN2421200PE.NFO,02/01/2024,09:23:59,2.3,2.25,61200,2.3,96000,6640,4062040
FINNIFTY02JAN2421200PE.NFO,02/01/2024,09:24:01,2.25,2.25,60720,2.3,90800,7680,4062040
FINNIFTY02JAN2421200PE.NFO,02/01/2024,09:24:02,2.3,2.3,6040,2.35,100200,24720,4062040
FINNIFTY02JAN2421200PE.NFO,02/01/2024,09:24:03,2.3,2.3,90880,2.35,34840,6920,4062040
FINNIFTY02JAN2421200PE.NFO,02/01/2024,09:24:04,2.35,2.3,71480,2.35,73360,6200,4062040
FINNIFTY02JAN2421200PE.NFO,02/01/2024,09:24:05,2.3,2.3,91240,2.35,66160,10760,4062040
FINNIFTY02JAN2421200PE.NFO,02/01/2024,09:24:06,2.35,2.3,89520,2.35,77800,6520,4062040
FINNIFTY02JAN2421200PE.NFO,02/01/2024,09:24:06,2.35,2.3,93280,2.35,69720,280,4062040
FINNIFTY02JAN2421200PE.NFO,02/01/2024,09:24:07,2.35,2.3,75080,2.35,83560,15320,4062040
FINNIFTY02JAN2421200PE.NFO,02/01/2024,09:24:08,2.3,2.3,98520,2.35,54520,14840,4062040
FINNIFTY02JAN2421200PE.NFO,02/01/2024,09:24:09,2.3,2.3,99840,2.35,65000,11080,4062040
FINNIFTY02JAN2421200PE.NFO,02/01/2024,09:24:11,2.3,2.3,70160,2.35,93400,4560,4062040
FINNIFTY02JAN2421200PE.NFO,02/01/2024,09:24:12,2.3,2.25,85040,2.3,96720,34960,4062040
FINNIFTY02JAN2421200PE.NFO,02/01/2024,09:24:13,2.3,2.25,92560,2.3,85120,4680,4062040
FINNIFTY02JAN2421200PE.NFO,02/01/2024,09:24:13,2.25,2.25,98800,2.3,85960,2720,4062040
FINNIFTY02JAN2421200PE.NFO,02/01/2024,09:24:14,2.3,2.25,78240,2.3,101200,5520,4062040
FINNIFTY02JAN2421200PE.NFO,02/01/2024,09:24:16,2.3,2.25,104000,2.3,79960,5160,4062040
FINNIFTY02JAN2421200PE.NFO,02/01/2024,09:24:17,2.35,2.3,63160,2.35,82640,67560,4062040
FINNIFTY02JAN2421200PE.NFO,02/01/2024,09:24:18,2.35,2.3,68640,2.35,82760,5160,4062040
FINNIFTY02JAN2421200PE.NFO,02/01/2024,09:24:19,2.3,2.3,107840,2.35,35640,5680,4062040
FINNIFTY02JAN2421200PE.NFO,02/01/2024,09:24:20,2.35,2.3,108880,2.35,2240,26080,4062040
FINNIFTY02JAN2421200PE.NFO,02/01/2024,09:24:21,2.35,2.35,4800,2.4,103720,28520,4062040
FINNIFTY02JAN2421200PE.NFO,02/01/2024,09:24:22,2.4,2.3,106320,2.4,83280,51440,4062040
FINNIFTY02JAN2421200PE.NFO,02/01/2024,09:24:23,2.35,2.35,7280,2.4,102000,18000,4062040
FINNIFTY02JAN2421200PE.NFO,02/01/2024,09:24:24,2.35,2.35,4120,2.4,101240,28800,4062040
FINNIFTY02JAN2421200PE.NFO,02/01/2024,09:24:25,2.35,2.3,105120,2.35,4120,9080,4062040
FINNIFTY02JAN2421200PE.NFO,02/01/2024,09:24:26,2.35,2.3,94240,2.35,35640,15960,4062040
FINNIFTY02JAN2421200PE.NFO,02/01/2024,09:24:27,2.35,2.3,109160,2.35,37920,3640,4062040
FINNIFTY02JAN2421200PE.NFO,02/01/2024,09:24:27,2.35,2.3,92480,2.35,55200,240,4062040
FINNIFTY02JAN2421200PE.NFO,02/01/2024,09:24:28,2.35,2.3,90760,2.35,47480,9440,4062040
FINNIFTY02JAN2421200PE.NFO,02/01/2024,09:24:29,2.35,2.3,104400,2.35,23480,5040,4062040
FINNIFTY02JAN2421200PE.NFO,02/01/2024,09:24:30,2.35,2.3,108920,2.35,34200,6480,4062040
FINNIFTY02JAN2421200PE.NFO,02/01/2024,09:24:31,2.3,2.3,110560,2.35,33160,5560,4062040
FINNIFTY02JAN2421200PE.NFO,02/01/2024,09:24:32,2.35,2.3,90280,2.35,74640,9800,4062040
FINNIFTY02JAN2421200PE.NFO,02/01/2024,09:24:34,2.3,2.3,92800,2.35,76400,42280,4062040
FINNIFTY02JAN2421200PE.NFO,02/01/2024,09:24:35,2.3,2.3,93200,2.35,88520,7720,4062040
FINNIFTY02JAN2421200PE.NFO,02/01/2024,09:24:36,2.3,2.3,93760,2.35,89560,5520,4062040
FINNIFTY02JAN2421200PE.NFO,02/01/2024,09:24:36,2.3,2.3,66920,2.35,95040,3560,4062040
FINNIFTY02JAN2421200PE.NFO,02/01/2024,09:24:37,2.3,2.25,49200,2.3,96160,49720,4062040
FINNIFTY02JAN2421200PE.NFO,02/01/2024,09:24:39,2.3,2.25,52520,2.3,100960,6160,4062040
FINNIFTY02JAN2421200PE.NFO,02/01/2024,09:24:40,2.3,2.25,54040,2.3,103080,11920,4062040
FINNIFTY02JAN2421200PE.NFO,02/01/2024,09:24:41,2.25,2.2,86080,2.3,118160,68560,4062040
FINNIFTY02JAN2421200PE.NFO,02/01/2024,09:24:41,2.25,2.2,89200,2.3,93360,2760,4062040
FINNIFTY02JAN2421200PE.NFO,02/01/2024,09:24:42,2.3,2.25,26200,2.3,118920,28880,4062040
FINNIFTY02JAN2421200PE.NFO,02/01/2024,09:24:44,2.25,2.25,29280,2.3,118000,7800,4062040
FINNIFTY02JAN2421200PE.NFO,02/01/2024,09:24:45,2.3,2.25,58520,2.3,94240,10640,4062040
FINNIFTY02JAN2421200PE.NFO,02/01/2024,09:24:46,2.2,2.2,97480,2.25,17160,23080,4062040
FINNIFTY02JAN2421200PE.NFO,02/01/2024,09:24:46,2.2,2.2,94680,2.25,21320,2720,4062040
FINNIFTY02JAN2421200PE.NFO,02/01/2024,09:24:47,2.25,2.2,92960,2.25,9680,6720,4062040
FINNIFTY02JAN2421200PE.NFO,02/01/2024,09:24:49,2.25,2.2,90560,2.25,5480,67480,4062040
FINNIFTY02JAN2421200PE.NFO,02/01/2024,09:24:50,2.2,2.2,89040,2.25,15720,4480,4062040
FINNIFTY02JAN2421200PE.NFO,02/01/2024,09:24:51,2.25,2.25,640,2.3,85160,8640,4062040
FINNIFTY02JAN2421200PE.NFO,02/01/2024,09:24:51,2.25,2.2,90320,2.25,1800,8920,4062040
FINNIFTY02JAN2421200PE.NFO,02/01/2024,09:24:52,2.25,2.25,56440,2.3,100560,14120,4062040
FINNIFTY02JAN2421200PE.NFO,02/01/2024,09:24:54,2.25,2.2,88720,2.25,34200,9800,4062040
FINNIFTY02JAN2421200PE.NFO,02/01/2024,09:24:55,2.3,2.25,70480,2.3,85600,23480,4062040
FINNIFTY02JAN2421200PE.NFO,02/01/2024,09:24:56,2.25,2.25,90680,2.3,2280,13120,4062040
FINNIFTY02JAN2421200PE.NFO,02/01/2024,09:24:56,2.25,2.25,90920,2.3,4960,5560,4062040
FINNIFTY02JAN2421200PE.NFO,02/01/2024,09:24:57,2.25,2.25,66080,2.3,61360,26200,4062040
FINNIFTY02JAN2421200PE.NFO,02/01/2024,09:24:59,2.3,2.25,72520,2.3,56160,10720,4062040
FINNIFTY02JAN2421200PE.NFO,02/01/2024,09:25:00,2.3,2.25,46920,2.3,90040,6760,4062040
FINNIFTY02JAN2421200PE.NFO,02/01/2024,09:25:01,2.25,2.2,100360,2.25,1840,55720,4062040
FINNIFTY02JAN2421200PE.NFO,02/01/2024,09:25:01,2.25,2.2,131840,2.3,99160,7520,4062040
FINNIFTY02JAN2421200PE.NFO,02/01/2024,09:25:02,2.25,2.25,44760,2.3,100880,23160,4062040
FINNIFTY02JAN2421200PE.NFO,02/01/2024,09:25:03,2.3,2.25,76760,2.3,79520,12400,4062040
FINNIFTY02JAN2421200PE.NFO,02/01/2024,09:25:04,2.3,2.25,59120,2.3,107040,10080,4062040
FINNIFTY02JAN2421200PE.NFO,02/01/2024,09:25:05,2.3,2.25,63720,2.3,86120,10520,4062040
FINNIFTY02JAN2421200PE.NFO,02/01/2024,09:25:06,2.3,2.25,59400,2.3,92800,32240,4062040
FINNIFTY02JAN2421200PE.NFO,02/01/2024,09:25:07,2.2,2.2,133080,2.25,39320,27120,4062040
FINNIFTY02JAN2421200PE.NFO,02/01/2024,09:25:09,2.2,2.2,136440,2.25,32840,1320,4062040
FINNIFTY02JAN2421200PE.NFO,02/01/2024,09:25:10,2.2,2.2,119120,2.25,69080,12840,4062040
FINNIFTY02JAN2421200PE.NFO,02/01/2024,09:25:11,2.3,2.25,101720,2.3,79720,40880,4062040
FINNIFTY02JAN2421200PE.NFO,02/01/2024,09:25:12,2.3,2.25,64760,2.3,98960,7560,4062040
FINNIFTY02JAN2421200PE.NFO,02/01/2024,09:25:13,2.3,2.25,70520,2.3,100640,20600,4062040
FINNIFTY02JAN2421200PE.NFO,02/01/2024,09:25:14,2.3,2.25,1920,2.3,123640,13520,4062040
FINNIFTY02JAN2421200PE.NFO,02/01/2024,09:25:15,2.2,2.2,140200,2.25,50040,13680,4062040
FINNIFTY02JAN2421200PE.NFO,02/01/2024,09:25:15,2.2,2.2,114640,2.25,58720,1840,4062040
FINNIFTY02JAN2421200PE.NFO,02/01/2024,09:25:16,2.25,2.2,142320,2.25,9960,2720,4062040
FINNIFTY02JAN2421200PE.NFO,02/01/2024,09:25:18,2.2,2.2,114680,2.25,84480,4440,4062040
FINNIFTY02JAN2421200PE.NFO,02/01/2024,09:25:19,2.25,2.2,134400,2.25,54720,4200,4062040
FINNIFTY02JAN2421200PE.NFO,02/01/2024,09:25:20,2.25,2.2,143720,2.25,56320,7720,4062040
FINNIFTY02JAN2421200PE.NFO,02/01/2024,09:25:21,2.2,2.2,108480,2.25,90720,3240,4062040
FINNIFTY02JAN2421200PE.NFO,02/01/2024,09:25:22,2.2,2.2,108600,2.25,70320,7800,4062040
FINNIFTY02JAN2421200PE.NFO,02/01/2024,09:25:23,2.25,2.2,114240,2.25,80440,11160,4062040
FINNIFTY02JAN2421200PE.NFO,02/01/2024,09:25:24,2.25,2.2,106280,2.25,98800,1240,4062040
FINNIFTY02JAN2421200PE.NFO,02/01/2024,09:25:25,2.2,2.2,127400,2.25,73040,8640,4062040
FINNIFTY02JAN2421200PE.NFO,02/01/2024,09:25:25,2.2,2.2,111320,2.25,77840,1120,4062040
FINNIFTY02JAN2421200PE.NFO,02/01/2024,09:25:26,2.25,2.2,71720,2.25,108560,16560,4062040
FINNIFTY02JAN2421200PE.NFO,02/01/2024,09:25:27,2.25,2.2,126520,2.25,78120,2640,4062040
FINNIFTY02JAN2421200PE.NFO,02/01/2024,09:25:28,2.25,2.2,121480,2.25,71880,10480,4062040
FINNIFTY02JAN2421200PE.NFO,02/01/2024,09:25:29,2.25,2.2,112480,2.25,73200,7000,4062040
FINNIFTY02JAN2421200PE.NFO,02/01/2024,09:25:30,2.25,2.2,63560,2.25,101080,5440,4062040
FINNIFTY02JAN2421200PE.NFO,02/01/2024,09:25:31,2.2,2.2,59400,2.25,110800,11040,4062040
FINNIFTY02JAN2421200PE.NFO,02/01/2024,09:25:33,2.2,2.2,40800,2.25,107480,45960,4062040
FINNIFTY02JAN2421200PE.NFO,02/01/2024,09:25:34,2.25,2.2,60440,2.25,73720,9480,4062040
FINNIFTY02JAN2421200PE.NFO,02/01/2024,09:25:35,2.2,2.2,59680,2.25,85920,10560,4062040
FINNIFTY02JAN2421200PE.NFO,02/01/2024,09:25:36,2.2,2.2,64680,2.25,77320,3280,4062040
FINNIFTY02JAN2421200PE.NFO,02/01/2024,09:25:37,2.25,2.2,86080,2.25,76520,5120,4062040
FINNIFTY02JAN2421200PE.NFO,02/01/2024,09:25:37,2.25,2.2,86720,2.25,76080,160,4062040
FINNIFTY02JAN2421200PE.NFO,02/01/2024,09:25:38,2.2,2.2,98320,2.25,86840,4920,4062040
FINNIFTY02JAN2421200PE.NFO,02/01/2024,09:25:39,2.25,2.2,96320,2.25,83800,7680,4062040
FINNIFTY02JAN2421200PE.NFO,02/01/2024,09:25:40,2.25,2.2,97000,2.25,81000,4480,4062040
FINNIFTY02JAN2421200PE.NFO,02/01/2024,09:25:41,2.2,2.2,58560,2.25,103240,8560,4062040
FINNIFTY02JAN2421200PE.NFO,02/01/2024,09:25:42,2.2,2.2,21000,2.25,113880,28360,4062040
FINNIFTY02JAN2421200PE.NFO,02/01/2024,09:25:43,2.25,2.2,35240,2.25,110920,12560,4062040
FINNIFTY02JAN2421200PE.NFO,02/01/2024,09:25:44,2.2,2.2,77000,2.25,77720,11280,4062040
FINNIFTY02JAN2421200PE.NFO,02/01/2024,09:25:45,2.25,2.2,74680,2.25,78200,9520,4062040
FINNIFTY02JAN2421200PE.NFO,02/01/2024,09:25:46,2.25,2.2,39000,2.25,113320,11160,4062040
FINNIFTY02JAN2421200PE.NFO,02/01/2024,09:25:47,2.25,2.2,35600,2.25,107800,5880,4062040
FINNIFTY02JAN2421200PE.NFO,02/01/2024,09:25:48,2.25,2.2,66240,2.25,90320,5080,4062040
FINNIFTY02JAN2421200PE.NFO,02/01/2024,09:25:49,2.2,2.2,70920,2.25,94160,4800,4062040
FINNIFTY02JAN2421200PE.NFO,02/01/2024,09:25:50,2.2,2.2,52280,2.25,104120,5680,4062040
FINNIFTY02JAN2421200PE.NFO,02/01/2024,09:25:51,2.25,2.2,80600,2.25,77520,34640,4062040
FINNIFTY02JAN2421200PE.NFO,02/01/2024,09:25:52,2.25,2.2,65720,2.25,86720,11440,4062040
FINNIFTY02JAN2421200PE.NFO,02/01/2024,09:25:53,2.25,2.2,51200,2.25,99640,34200,4062040
FINNIFTY02JAN2421200PE.NFO,02/01/2024,09:25:54,2.15,2.15,199240,2.2,11240,43440,4062040
FINNIFTY02JAN2421200PE.NFO,02/01/2024,09:25:55,2.25,2.2,43680,2.25,84120,23760,4062040
FINNIFTY02JAN2421200PE.NFO,02/01/2024,09:25:56,2.25,2.2,71960,2.25,63720,27000,4062040
FINNIFTY02JAN2421200PE.NFO,02/01/2024,09:25:57,2.25,2.2,87680,2.25,65440,11360,4062040
FINNIFTY02JAN2421200PE.NFO,02/01/2024,09:25:58,2.25,2.2,103560,2.25,53440,22800,4062040
FINNIFTY02JAN2421200PE.NFO,02/01/2024,09:25:59,2.25,2.2,103040,2.25,3920,74320,4062040
FINNIFTY02JAN2421200PE.NFO,02/01/2024,09:26:00,2.2,2.2,38840,2.25,93800,28120,4062040
FINNIFTY02JAN2421200PE.NFO,02/01/2024,09:26:01,2.2,2.2,70000,2.25,79160,19640,4062040
FINNIFTY02JAN2421200PE.NFO,02/01/2024,09:26:02,2.25,2.2,82920,2.25,60440,6160,4062040
FINNIFTY02JAN2421200PE.NFO,02/01/2024,09:26:03,2.2,2.2,89000,2.25,76320,5080,4062040
FINNIFTY02JAN2421200PE.NFO,02/01/2024,09:26:04,2.2,2.2,65400,2.25,81800,1040,4062040
FINNIFTY02JAN2421200PE.NFO,02/01/2024,09:26:05,2.25,2.2,86480,2.25,71920,17160,4062040
FINNIFTY02JAN2421200PE.NFO,02/01/2024,09:26:06,2.2,2.2,33200,2.25,95760,10840,4062040
FINNIFTY02JAN2421200PE.NFO,02/01/2024,09:26:07,2.2,2.2,49840,2.25,82520,1880,4062040
FINNIFTY02JAN2421200PE.NFO,02/01/2024,09:26:08,2.2,2.2,74360,2.25,79520,2160,4062040
FINNIFTY02JAN2421200PE.NFO,02/01/2024,09:26:09,2.25,2.2,77840,2.25,69560,3640,4062040
FINNIFTY02JAN2421200PE.NFO,02/01/2024,09:26:10,2.25,2.2,55600,2.25,96040,9440,4062040
FINNIFTY02JAN2421200PE.NFO,02/01/2024,09:26:11,2.2,2.2,96240,2.25,57920,17200,4062040
FINNIFTY02JAN2421200PE.NFO,02/01/2024,09:26:12,2.25,2.2,56840,2.25,99280,32160,4062040
FINNIFTY02JAN2421200PE.NFO,02/01/2024,09:26:13,2.2,2.2,60560,2.25,74760,31280,4062040
FINNIFTY02JAN2421200PE.NFO,02/01/2024,09:26:14,2.15,2.15,165360,2.2,63840,29520,4062040
FINNIFTY02JAN2421200PE.NFO,02/01/2024,09:26:15,2.2,2.2,17320,2.25,61800,163400,4062040
FINNIFTY02JAN2421200PE.NFO,02/01/2024,09:26:16,2.35,2.3,30840,2.35,33040,245800,4062040
FINNIFTY02JAN2421200PE.NFO,02/01/2024,09:26:17,2.3,2.25,36200,2.3,39120,205360,4062040
FINNIFTY02JAN2421200PE.NFO,02/01/2024,09:26:18,2.2,2.2,42760,2.25,73600,60800,4062040
FINNIFTY02JAN2421200PE.NFO,02/01/2024,09:26:20,2.25,2.2,43640,2.25,83240,10080,4062040
FINNIFTY02JAN2421200PE.NFO,02/01/2024,09:26:21,2.2,2.2,47040,2.25,65640,26240,4062040
FINNIFTY02JAN2421200PE.NFO,02/01/2024,09:26:22,2.15,2.15,153440,2.2,3400,40600,4062040
FINNIFTY02JAN2421200PE.NFO,02/01/2024,09:26:23,2.2,2.2,38000,2.25,51600,20640,4062040
FINNIFTY02JAN2421200PE.NFO,02/01/2024,09:26:24,2.2,2.2,47720,2.25,36720,12920,4062040
FINNIFTY02JAN2421200PE.NFO,02/01/2024,09:26:25,2.2,2.2,53240,2.25,34920,7160,4062040
FINNIFTY02JAN2421200PE.NFO,02/01/2024,09:26:26,2.2,2.2,50520,2.25,37400,4960,4062040
FINNIFTY02JAN2421200PE.NFO,02/01/2024,09:26:27,2.25,2.25,58520,2.3,57760,52560,4062040
FINNIFTY02JAN2421200PE.NFO,02/01/2024,09:26:28,2.35,2.3,66680,2.35,30920,70160,4390960
FINNIFTY02JAN2421200PE.NFO,02/01/2024,09:26:29,2.3,2.3,64880,2.35,38720,13680,4390960
FINNIFTY02JAN2421200PE.NFO,02/01/2024,09:26:30,2.4,2.35,60120,2.4,46280,75240,4390960
FINNIFTY02JAN2421200PE.NFO,02/01/2024,09:26:31,2.45,2.4,65720,2.45,2920,90160,4390960
FINNIFTY02JAN2421200PE.NFO,02/01/2024,09:26:32,2.5,2.45,51080,2.5,18320,40840,4390960
FINNIFTY02JAN2421200PE.NFO,02/01/2024,09:26:33,2.5,2.45,63960,2.5,10600,46480,4390960
FINNIFTY02JAN2421200PE.NFO,02/01/2024,09:26:34,2.45,2.45,41600,2.5,37120,61880,4390960
FINNIFTY02JAN2421200PE.NFO,02/01/2024,09:26:35,2.55,2.5,31840,2.55,62000,34920,4390960
FINNIFTY02JAN2421200PE.NFO,02/01/2024,09:26:36,2.5,2.45,48640,2.5,26720,8880,4390960
FINNIFTY02JAN2421200PE.NFO,02/01/2024,09:26:37,2.45,2.45,37600,2.5,37600,4560,4390960
FINNIFTY02JAN2421200PE.NFO,02/01/2024,09:26:38,2.5,2.45,37080,2.5,48440,17720,4390960
FINNIFTY02JAN2421200PE.NFO,02/01/2024,09:26:39,2.45,2.5,1800,2.55,48640,120160,4390960
FINNIFTY02JAN2421200PE.NFO,02/01/2024,09:26:40,2.4,2.35,56720,2.4,45760,67160,4390960
FINNIFTY02JAN2421200PE.NFO,02/01/2024,09:26:41,2.25,2.25,63160,2.3,9720,55880,4390960
FINNIFTY02JAN2421200PE.NFO,02/01/2024,09:26:42,2.2,2.2,50200,2.25,37520,43320,4390960
FINNIFTY02JAN2421200PE.NFO,02/01/2024,09:26:43,2.2,2.2,18280,2.25,54960,28960,4390960
FINNIFTY02JAN2421200PE.NFO,02/01/2024,09:26:44,2.2,2.2,37040,2.25,48200,45120,4390960
FINNIFTY02JAN2421200PE.NFO,02/01/2024,09:26:45,2.25,2.2,34840,2.25,42920,54080,4390960
FINNIFTY02JAN2421200PE.NFO,02/01/2024,09:26:46,2.2,2.15,135280,2.25,66520,95800,4390960
FINNIFTY02JAN2421200PE.NFO,02/01/2024,09:26:47,2.15,2.15,76320,2.2,67360,48720,4390960
FINNIFTY02JAN2421200PE.NFO,02/01/2024,09:26:48,2.2,2.15,46880,2.2,61800,34600,4390960
FINNIFTY02JAN2421200PE.NFO,02/01/2024,09:26:49,2.1,2.1,45520,2.15,93200,25920,4390960
FINNIFTY02JAN2421200PE.NFO,02/01/2024,09:26:50,2.1,2.05,73880,2.1,240,76680,4390960
FINNIFTY02JAN2421200PE.NFO,02/01/2024,09:26:51,2.1,2.1,3040,2.15,82040,30120,4390960
FINNIFTY02JAN2421200PE.NFO,02/01/2024,09:26:52,2.1,2.1,44320,2.15,67720,35360,4390960
FINNIFTY02JAN2421200PE.NFO,02/01/2024,09:26:53,2.05,2.05,78600,2.1,8160,22160,4390960
FINNIFTY02JAN2421200PE.NFO,02/01/2024,09:26:54,2.15,2.1,48560,2.15,59000,14160,4390960
FINNIFTY02JAN2421200PE.NFO,02/01/2024,09:26:55,2.2,2.15,63880,2.2,55720,62400,4390960
FINNIFTY02JAN2421200PE.NFO,02/01/2024,09:26:56,2.15,2.15,17800,2.2,82080,14920,4390960
FINNIFTY02JAN2421200PE.NFO,02/01/2024,09:26:57,2.15,2.1,72720,2.15,7200,62120,4390960
FINNIFTY02JAN2421200PE.NFO,02/01/2024,09:26:58,2.15,2.1,67800,2.2,99880,74040,4390960
FINNIFTY02JAN2421200PE.NFO,02/01/2024,09:26:59,2.15,2.15,7760,2.2,96800,38000,4390960
FINNIFTY02JAN2421200PE.NFO,02/01/2024,09:27:00,2.1,2.1,56600,2.15,51600,21360,4390960
FINNIFTY02JAN2421200PE.NFO,02/01/2024,09:27:01,2.15,2.1,77320,2.15,13640,69440,4390960
FINNIFTY02JAN2421200PE.NFO,02/01/2024,09:27:02,2.15,2.1,87920,2.15,41400,8000,4390960
FINNIFTY02JAN2421200PE.NFO,02/01/2024,09:27:03,2.15,2.15,4680,2.2,97040,63840,4390960
FINNIFTY02JAN2421200PE.NFO,02/01/2024,09:27:04,2.2,2.15,47600,2.2,73720,54680,4390960
FINNIFTY02JAN2421200PE.NFO,02/01/2024,09:27:05,2.2,2.15,55200,2.2,73360,35720,4390960
FINNIFTY02JAN2421200PE.NFO,02/01/2024,09:27:06,2.15,2.15,60840,2.2,48120,26440,4390960
FINNIFTY02JAN2421200PE.NFO,02/01/2024,09:27:07,2.2,2.2,1920,2.25,92600,62160,4390960
FINNIFTY02JAN2421200PE.NFO,02/01/2024,09:27:08,2.25,2.2,74880,2.25,65200,15440,4390960
FINNIFTY02JAN2421200PE.NFO,02/01/2024,09:27:09,2.25,2.2,74160,2.25,26200,92120,4390960
FINNIFTY02JAN2421200PE.NFO,02/01/2024,09:27:10,2.25,2.25,53200,2.3,68760,58000,4390960
FINNIFTY02JAN2421200PE.NFO,02/01/2024,09:27:11,2.25,2.25,55200,2.3,38880,46480,4390960
FINNIFTY02JAN2421200PE.NFO,02/01/2024,09:27:12,2.2,2.2,54560,2.25,83080,37400,4390960
FINNIFTY02JAN2421200PE.NFO,02/01/2024,09:27:13,2.2,2.15,34920,2.2,117720,23160,4390960
FINNIFTY02JAN2421200PE.NFO,02/01/2024,09:27:14,2.2,2.15,5880,2.2,141080,41120,4390960
FINNIFTY02JAN2421200PE.NFO,02/01/2024,09:27:15,2.15,2.15,49400,2.2,123960,13440,4390960
FINNIFTY02JAN2421200PE.NFO,02/01/2024,09:27:16,2.2,2.15,43880,2.2,141040,19160,4390960
FINNIFTY02JAN2421200PE.NFO,02/01/2024,09:27:17,2.2,2.15,1320,2.2,148400,56520,4390960
FINNIFTY02JAN2421200PE.NFO,02/01/2024,09:27:18,2.15,2.1,111280,2.15,280,22880,4390960
FINNIFTY02JAN2421200PE.NFO,02/01/2024,09:27:19,2.1,2.1,114640,2.15,15440,13920,4390960
FINNIFTY02JAN2421200PE.NFO,02/01/2024,09:27:20,2.15,2.1,86920,2.15,68160,25880,4390960
FINNIFTY02JAN2421200PE.NFO,02/01/2024,09:27:21,2.15,2.1,98760,2.15,51440,11800,4390960
FINNIFTY02JAN2421200PE.NFO,02/01/2024,09:27:22,2.1,2.1,72400,2.15,69960,17400,4390960
FINNIFTY02JAN2421200PE.NFO,02/01/2024,09:27:23,2.15,2.1,74800,2.15,49480,21200,4390960
FINNIFTY02JAN2421200PE.NFO,02/01/2024,09:27:24,2.15,2.1,68480,2.15,73800,8480,4390960
FINNIFTY02JAN2421200PE.NFO,02/01/2024,09:27:25,2.15,2.1,73800,2.15,89880,41720,4390960
FINNIFTY02JAN2421200PE.NFO,02/01/2024,09:27:26,2.15,2.1,69520,2.15,85080,6920,4390960
FINNIFTY02JAN2421200PE.NFO,02/01/2024,09:27:27,2.1,2.1,69720,2.15,52680,11600,4390960
FINNIFTY02JAN2421200PE.NFO,02/01/2024,09:27:28,2.15,2.1,75000,2.15,59120,11280,4390960
FINNIFTY02JAN2421200PE.NFO,02/01/2024,09:27:29,2.1,2.1,71800,2.15,89360,12000,4390960
FINNIFTY02JAN2421200PE.NFO,02/01/2024,09:27:30,2.15,2.1,82160,2.15,76560,7240,4390960
FINNIFTY02JAN2421200PE.NFO,02/01/2024,09:27:31,2.15,2.1,84400,2.15,93400,8240,4390960
FINNIFTY02JAN2421200PE.NFO,02/01/2024,09:27:32,2.15,2.1,94720,2.15,42840,5960,4390960
FINNIFTY02JAN2421200PE.NFO,02/01/2024,09:27:33,2.1,2.1,87960,2.15,106760,12680,4390960
FINNIFTY02JAN2421200PE.NFO,02/01/2024,09:27:34,2.15,2.1,84560,2.15,74840,7000,4390960
FINNIFTY02JAN2421200PE.NFO,02/01/2024,09:27:35,2.1,2.1,52440,2.15,115200,53160,4390960
FINNIFTY02JAN2421200PE.NFO,02/01/2024,09:27:36,2.1,2.05,110520,2.1,12160,44480,4390960
FINNIFTY02JAN2421200PE.NFO,02/01/2024,09:27:37,2.1,2.05,89200,2.1,75600,14040,4390960
FINNIFTY02JAN2421200PE.NFO,02/01/2024,09:27:38,2.1,2.1,20000,2.15,111640,48720,4390960
FINNIFTY02JAN2421200PE.NFO,02/01/2024,09:27:39,2.1,2.1,70520,2.15,108080,11440,4390960
FINNIFTY02JAN2421200PE.NFO,02/01/2024,09:27:40,2.15,2.1,73120,2.15,103240,21120,4390960
FINNIFTY02JAN2421200PE.NFO,02/01/2024,09:27:41,2.15,2.1,78720,2.15,88320,13920,4390960
FINNIFTY02JAN2421200PE.NFO,02/01/2024,09:27:42,2.1,2.1,96560,2.15,60680,6240,4390960
FINNIFTY02JAN2421200PE.NFO,02/01/2024,09:27:43,2.1,2.1,74800,2.15,92520,9120,4390960
FINNIFTY02JAN2421200PE.NFO,02/01/2024,09:27:44,2.1,2.1,12440,2.15,94000,32600,4390960
FINNIFTY02JAN2421200PE.NFO,02/01/2024,09:27:45,2.1,2.1,72200,2.15,55320,12280,4390960
FINNIFTY02JAN2421200PE.NFO,02/01/2024,09:27:46,2.1,2.1,64440,2.15,86600,21840,4390960
FINNIFTY02JAN2421200PE.NFO,02/01/2024,09:27:47,2.1,2.1,65960,2.15,87840,5560,4390960
FINNIFTY02JAN2421200PE.NFO,02/01/2024,09:27:48,2.15,2.1,79480,2.15,84640,7960,4390960
FINNIFTY02JAN2421200PE.NFO,02/01/2024,09:27:49,2.15,2.1,110000,2.15,67240,16760,4390960
FINNIFTY02JAN2421200PE.NFO,02/01/2024,09:27:50,2.1,2.1,46000,2.15,102400,20360,4390960
FINNIFTY02JAN2421200PE.NFO,02/01/2024,09:27:51,2.15,2.1,95040,2.15,75240,20760,4390960
FINNIFTY02JAN2421200PE.NFO,02/01/2024,09:27:52,2.05,2.05,94840,2.1,72000,14840,4390960
FINNIFTY02JAN2421200PE.NFO,02/01/2024,09:27:53,2.05,2.05,9520,2.1,119480,85680,4390960
FINNIFTY02JAN2421200PE.NFO,02/01/2024,09:27:54,2.1,2.05,26560,2.1,116880,50480,4390960
FINNIFTY02JAN2421200PE.NFO,02/01/2024,09:27:55,2,2,169880,2.05,64680,30640,4390960
FINNIFTY02JAN2421200PE.NFO,02/01/2024,09:27:56,2,2,171160,2.05,74560,9920,4390960
FINNIFTY02JAN2421200PE.NFO,02/01/2024,09:27:57,2.05,2,128080,2.05,79080,13720,4390960
FINNIFTY02JAN2421200PE.NFO,02/01/2024,09:27:58,2.15,2.1,14680,2.15,64360,199480,4390960
FINNIFTY02JAN2421200PE.NFO,02/01/2024,09:27:59,2,2,96480,2.05,65520,134320,4390960
FINNIFTY02JAN2421200PE.NFO,02/01/2024,09:28:00,2,2,65360,2.05,113120,14880,4390960
FINNIFTY02JAN2421200PE.NFO,02/01/2024,09:28:01,2,2,42440,2.05,97000,38880,4390960
FINNIFTY02JAN2421200PE.NFO,02/01/2024,09:28:02,2.05,2,45600,2.05,120400,39040,4390960
FINNIFTY02JAN2421200PE.NFO,02/01/2024,09:28:03,1.95,1.95,63640,2,81240,21480,4390960
FINNIFTY02JAN2421200PE.NFO,02/01/2024,09:28:04,2,1.95,69360,2,104960,12080,4390960
FINNIFTY02JAN2421200PE.NFO,02/01/2024,09:28:05,1.9,1.9,130080,1.95,70800,66960,4390960
FINNIFTY02JAN2421200PE.NFO,02/01/2024,09:28:06,1.9,1.9,102960,1.95,101960,26920,4390960
FINNIFTY02JAN2421200PE.NFO,02/01/2024,09:28:07,1.9,1.9,129840,1.95,67320,13400,4390960
FINNIFTY02JAN2421200PE.NFO,02/01/2024,09:28:08,1.9,1.9,110920,1.95,33280,105640,4390960
FINNIFTY02JAN2421200PE.NFO,02/01/2024,09:28:09,1.9,1.9,81040,1.95,51520,67800,4390960
FINNIFTY02JAN2421200PE.NFO,02/01/2024,09:28:10,1.9,1.9,106080,1.95,52760,45160,4390960
FINNIFTY02JAN2421200PE.NFO,02/01/2024,09:28:11,1.9,1.9,62000,1.95,78640,50880,4390960
FINNIFTY02JAN2421200PE.NFO,02/01/2024,09:28:12,1.85,1.85,119200,1.9,3760,77640,4390960
FINNIFTY02JAN2421200PE.NFO,02/01/2024,09:28:13,1.85,1.85,72840,1.9,102440,22480,4390960
FINNIFTY02JAN2421200PE.NFO,02/01/2024,09:28:14,1.85,1.85,6880,1.9,135280,55280,4390960
FINNIFTY02JAN2421200PE.NFO,02/01/2024,09:28:15,1.8,1.8,118520,1.85,99760,31760,4390960
FINNIFTY02JAN2421200PE.NFO,02/01/2024,09:28:16,1.85,1.85,67520,1.9,130960,54240,4390960
FINNIFTY02JAN2421200PE.NFO,02/01/2024,09:28:17,1.9,1.85,103640,1.9,126960,12920,4390960
FINNIFTY02JAN2421200PE.NFO,02/01/2024,09:28:18,1.9,1.85,46360,1.9,158560,9320,4390960
FINNIFTY02JAN2421200PE.NFO,02/01/2024,09:28:19,1.9,1.85,114200,1.9,91520,45120,4390960
FINNIFTY02JAN2421200PE.NFO,02/01/2024,09:28:20,1.85,1.85,80240,1.9,80200,117640,4390960
FINNIFTY02JAN2421200PE.NFO,02/01/2024,09:28:21,1.85,1.85,108280,1.9,54160,30080,4390960
FINNIFTY02JAN2421200PE.NFO,02/01/2024,09:28:22,1.9,1.85,73080,1.9,89560,19880,4390960
FINNIFTY02JAN2421200PE.NFO,02/01/2024,09:28:23,1.85,1.8,143760,1.85,17120,49240,4390960
FINNIFTY02JAN2421200PE.NFO,02/01/2024,09:28:24,1.8,1.8,146360,1.85,9600,60600,4390960
FINNIFTY02JAN2421200PE.NFO,02/01/2024,09:28:25,1.8,1.8,107600,1.85,59680,19200,4390960
FINNIFTY02JAN2421200PE.NFO,02/01/2024,09:28:26,1.8,1.8,71440,1.85,86160,33760,4390960
FINNIFTY02JAN2421200PE.NFO,02/01/2024,09:28:27,1.8,1.8,85600,1.85,90680,15560,4390960
FINNIFTY02JAN2421200PE.NFO,02/01/2024,09:28:28,1.85,1.8,74000,1.85,103280,32640,4390960
FINNIFTY02JAN2421200PE.NFO,02/01/2024,09:28:29,1.8,1.8,66520,1.85,113600,53560,4390960
FINNIFTY02JAN2421200PE.NFO,02/01/2024,09:28:30,1.85,1.8,77280,1.85,77760,32440,4390960
FINNIFTY02JAN2421200PE.NFO,02/01/2024,09:28:31,1.8,1.8,56080,1.85,98280,23960,4390960
FINNIFTY02JAN2421200PE.NFO,02/01/2024,09:28:32,1.85,1.8,48080,1.85,118440,19000,4390960
FINNIFTY02JAN2421200PE.NFO,02/01/2024,09:28:33,1.8,1.8,70200,1.85,123440,15600,4390960
FINNIFTY02JAN2421200PE.NFO,02/01/2024,09:28:34,1.8,1.8,58640,1.85,127200,26240,4390960
FINNIFTY02JAN2421200PE.NFO,02/01/2024,09:28:35,1.85,1.8,106800,1.85,23680,90000,4390960
FINNIFTY02JAN2421200PE.NFO,02/01/2024,09:28:36,1.8,1.8,86760,1.85,26000,135680,4390960
FINNIFTY02JAN2421200PE.NFO,02/01/2024,09:28:37,1.8,1.8,67400,1.85,81200,23880,4390960
FINNIFTY02JAN2421200PE.NFO,02/01/2024,09:28:38,1.8,1.8,75040,1.85,80440,42880,4390960
FINNIFTY02JAN2421200PE.NFO,02/01/2024,09:28:39,1.85,1.85,34200,1.9,118800,87800,4390960
FINNIFTY02JAN2421200PE.NFO,02/01/2024,09:28:40,1.8,1.8,83040,1.85,73640,156040,4390960
FINNIFTY02JAN2421200PE.NFO,02/01/2024,09:28:41,1.8,1.8,82920,1.85,77200,56360,4390960
FINNIFTY02JAN2421200PE.NFO,02/01/2024,09:28:42,1.85,1.8,92000,1.85,99200,15120,4390960
FINNIFTY02JAN2421200PE.NFO,02/01/2024,09:28:43,1.9,1.85,61080,1.9,122880,73640,4390960
FINNIFTY02JAN2421200PE.NFO,02/01/2024,09:28:44,1.9,1.85,75480,1.9,75360,31160,4390960
FINNIFTY02JAN2421200PE.NFO,02/01/2024,09:28:45,1.85,1.85,78560,1.9,81640,18960,4390960
FINNIFTY02JAN2421200PE.NFO,02/01/2024,09:28:46,1.85,1.85,76120,1.9,81520,34800,4390960
FINNIFTY02JAN2421200PE.NFO,02/01/2024,09:28:47,1.85,1.85,90520,1.9,38960,84360,4390960
FINNIFTY02JAN2421200PE.NFO,02/01/2024,09:28:48,1.9,1.85,68280,1.9,54160,23800,4390960
FINNIFTY02JAN2421200PE.NFO,02/01/2024,09:28:49,1.85,1.85,64440,1.9,82800,30200,4390960
FINNIFTY02JAN2421200PE.NFO,02/01/2024,09:28:50,1.85,1.85,78800,1.9,57480,21840,4390960
FINNIFTY02JAN2421200PE.NFO,02/01/2024,09:28:51,1.9,1.85,84720,1.9,54800,7360,4390960
FINNIFTY02JAN2421200PE.NFO,02/01/2024,09:28:52,1.85,1.85,82000,1.9,75800,28560,4390960
FINNIFTY02JAN2421200PE.NFO,02/01/2024,09:28:53,1.9,1.85,114120,1.9,1920,90960,4390960
FINNIFTY02JAN2421200PE.NFO,02/01/2024,09:28:54,1.85,1.85,115960,1.9,30240,85760,4390960
FINNIFTY02JAN2421200PE.NFO,02/01/2024,09:28:55,1.85,1.85,93840,1.9,75200,77280,4390960
FINNIFTY02JAN2421200PE.NFO,02/01/2024,09:28:56,1.95,1.85,120720,1.95,91960,105320,4390960
FINNIFTY02JAN2421200PE.NFO,02/01/2024,09:28:57,1.9,1.85,102040,1.9,39200,57520,4390960
FINNIFTY02JAN2421200PE.NFO,02/01/2024,09:28:58,1.85,1.85,81440,1.9,75440,114960,4390960
FINNIFTY02JAN2421200PE.NFO,02/01/2024,09:28:59,1.9,1.85,81600,1.9,53520,58360,4390960
FINNIFTY02JAN2421200PE.NFO,02/01/2024,09:29:00,1.9,1.85,79200,1.9,82920,15600,4390960
FINNIFTY02JAN2421200PE.NFO,02/01/2024,09:29:01,1.9,1.85,82160,1.9,112040,17520,4390960
FINNIFTY02JAN2421200PE.NFO,02/01/2024,09:29:02,1.9,1.85,82560,1.9,106000,10320,4390960
FINNIFTY02JAN2421200PE.NFO,02/01/2024,09:29:03,1.95,1.9,73520,1.95,68840,23160,4390960
FINNIFTY02JAN2421200PE.NFO,02/01/2024,09:29:04,1.95,1.9,44920,1.95,110840,46400,4390960
FINNIFTY02JAN2421200PE.NFO,02/01/2024,09:29:05,1.95,1.9,58080,1.95,103360,6960,4390960
FINNIFTY02JAN2421200PE.NFO,02/01/2024,09:29:06,1.9,1.9,77000,1.95,105000,13320,4390960
FINNIFTY02JAN2421200PE.NFO,02/01/2024,09:29:07,1.9,1.9,20440,1.95,113800,81560,4390960
FINNIFTY02JAN2421200PE.NFO,02/01/2024,09:29:08,1.9,1.9,200,1.95,115680,20800,4390960
FINNIFTY02JAN2421200PE.NFO,02/01/2024,09:29:09,1.9,1.9,39040,1.95,108560,44080,4390960
FINNIFTY02JAN2421200PE.NFO,02/01/2024,09:29:10,1.9,1.85,124520,1.9,7600,23600,4390960
FINNIFTY02JAN2421200PE.NFO,02/01/2024,09:29:11,1.9,1.85,108240,1.9,54800,38840,4390960
FINNIFTY02JAN2421200PE.NFO,02/01/2024,09:29:12,1.9,1.85,94960,1.9,62680,45360,4390960
FINNIFTY02JAN2421200PE.NFO,02/01/2024,09:29:13,1.9,1.85,74560,1.9,80320,8160,4390960
FINNIFTY02JAN2421200PE.NFO,02/01/2024,09:29:14,1.85,1.85,70400,1.9,78560,8680,4390960
FINNIFTY02JAN2421200PE.NFO,02/01/2024,09:29:15,1.85,1.85,79680,1.9,75640,28040,4390960
FINNIFTY02JAN2421200PE.NFO,02/01/2024,09:29:16,1.85,1.85,86080,1.9,68280,61360,4390960
FINNIFTY02JAN2421200PE.NFO,02/01/2024,09:29:17,1.85,1.85,100960,1.9,72400,46280,4390960
FINNIFTY02JAN2421200PE.NFO,02/01/2024,09:29:18,1.95,1.85,96240,1.95,171000,102360,4390960
FINNIFTY02JAN2421200PE.NFO,02/01/2024,09:29:19,1.9,1.9,41600,1.95,136800,35800,4390960
FINNIFTY02JAN2421200PE.NFO,02/01/2024,09:29:20,1.95,1.9,62600,1.95,155960,14240,4390960
FINNIFTY02JAN2421200PE.NFO,02/01/2024,09:29:21,1.95,1.9,40840,1.95,146440,49160,4390960
FINNIFTY02JAN2421200PE.NFO,02/01/2024,09:29:22,1.95,1.9,53040,1.95,121520,1960,4390960
FINNIFTY02JAN2421200PE.NFO,02/01/2024,09:29:23,1.9,1.9,70400,1.95,119400,11120,4390960
FINNIFTY02JAN2421200PE.NFO,02/01/2024,09:29:24,1.95,1.9,69480,1.95,139200,12080,4390960
FINNIFTY02JAN2421200PE.NFO,02/01/2024,09:29:25,1.95,1.9,72760,1.95,131400,4000,4390960
FINNIFTY02JAN2421200PE.NFO,02/01/2024,09:29:26,1.9,1.9,75480,1.95,102240,33120,4390960
FINNIFTY02JAN2421200PE.NFO,02/01/2024,09:29:27,1.95,1.9,68040,1.95,114440,20560,4390960
FINNIFTY02JAN2421200PE.NFO,02/01/2024,09:29:28,1.9,1.9,72080,1.95,112640,6000,4390960
FINNIFTY02JAN2421200PE.NFO,02/01/2024,09:29:29,1.95,1.9,70760,1.95,112760,5680,4493480
FINNIFTY02JAN2421200PE.NFO,02/01/2024,09:29:30,1.95,1.9,58040,1.95,116720,5600,4493480
FINNIFTY02JAN2421200PE.NFO,02/01/2024,09:29:31,1.9,1.9,4560,1.95,118120,8560,4493480
FINNIFTY02JAN2421200PE.NFO,02/01/2024,09:29:32,1.9,1.9,3360,1.95,111760,48280,4493480
FINNIFTY02JAN2421200PE.NFO,02/01/2024,09:29:33,1.9,1.9,33840,1.95,108240,6200,4493480
FINNIFTY02JAN2421200PE.NFO,02/01/2024,09:29:34,1.95,1.9,42680,1.95,101640,12760,4493480
FINNIFTY02JAN2421200PE.NFO,02/01/2024,09:29:35,1.95,1.9,42040,1.95,98800,8000,4493480
FINNIFTY02JAN2421200PE.NFO,02/01/2024,09:29:36,1.9,1.85,123680,1.9,40760,18920,4493480
FINNIFTY02JAN2421200PE.NFO,02/01/2024,09:29:37,1.9,1.85,98520,1.9,61880,10760,4493480
FINNIFTY02JAN2421200PE.NFO,02/01/2024,09:29:38,1.9,1.85,97720,1.9,69240,240,4493480
FINNIFTY02JAN2421200PE.NFO,02/01/2024,09:29:39,1.9,1.85,91160,1.9,66520,10240,4493480
FINNIFTY02JAN2421200PE.NFO,02/01/2024,09:29:40,1.85,1.85,85480,1.9,85760,5160,4493480
FINNIFTY02JAN2421200PE.NFO,02/01/2024,09:29:41,1.9,1.85,86320,1.9,94920,1280,4493480
FINNIFTY02JAN2421200PE.NFO,02/01/2024,09:29:42,1.9,1.85,88440,1.9,64680,3680,4493480
FINNIFTY02JAN2421200PE.NFO,02/01/2024,09:29:43,1.9,1.85,111440,1.9,75720,24080,4493480
FINNIFTY02JAN2421200PE.NFO,02/01/2024,09:29:44,1.9,1.85,75360,1.9,118080,10240,4493480
FINNIFTY02JAN2421200PE.NFO,02/01/2024,09:29:45,1.85,1.85,78640,1.9,118040,18000,4493480
FINNIFTY02JAN2421200PE.NFO,02/01/2024,09:29:46,1.85,1.85,81640,1.9,84240,31640,4493480
FINNIFTY02JAN2421200PE.NFO,02/01/2024,09:29:47,1.9,1.85,103360,1.9,71680,2000,4493480
FINNIFTY02JAN2421200PE.NFO,02/01/2024,09:29:48,1.9,1.85,101320,1.9,70520,7280,4493480
FINNIFTY02JAN2421200PE.NFO,02/01/2024,09:29:49,1.9,1.85,114720,1.9,69840,7520,4493480
FINNIFTY02JAN2421200PE.NFO,02/01/2024,09:29:50,1.85,1.85,97320,1.9,86840,2440,4493480
FINNIFTY02JAN2421200PE.NFO,02/01/2024,09:29:51,1.9,1.85,100480,1.9,77680,4240,4493480
FINNIFTY02JAN2421200PE.NFO,02/01/2024,09:29:52,1.9,1.85,78800,1.9,123880,9800,4493480
FINNIFTY02JAN2421200PE.NFO,02/01/2024,09:29:53,1.9,1.85,80920,1.9,122960,6400,4493480
FINNIFTY02JAN2421200PE.NFO,02/01/2024,09:29:54,1.85,1.85,66080,1.9,98120,23080,4493480
FINNIFTY02JAN2421200PE.NFO,02/01/2024,09:29:55,1.85,1.8,107000,1.85,62440,66920,4493480
FINNIFTY02JAN2421200PE.NFO,02/01/2024,09:29:56,1.8,1.8,116400,1.85,81880,3320,4493480
FINNIFTY02JAN2421200PE.NFO,02/01/2024,09:29:57,1.85,1.8,87680,1.85,121640,8200,4493480
FINNIFTY02JAN2421200PE.NFO,02/01/2024,09:29:58,1.85,1.8,135280,1.85,68600,12240,4493480
FINNIFTY02JAN2421200PE.NFO,02/01/2024,09:29:59,1.85,1.8,74560,1.85,121040,4880,4493480
FINNIFTY02JAN2421200PE.NFO,02/01/2024,09:30:00,1.85,1.8,57440,1.85,127840,20280,4493480
FINNIFTY02JAN2421200PE.NFO,02/01/2024,09:30:01,1.75,1.7,153800,1.75,101640,71720,4493480
FINNIFTY02JAN2421200PE.NFO,02/01/2024,09:30:01,1.7,1.7,153800,1.75,101640,0,4493480
FINNIFTY02JAN2421200PE.NFO,02/01/2024,09:30:02,1.75,1.75,28040,1.8,128960,20080,4493480
FINNIFTY02JAN2421200PE.NFO,02/01/2024,09:30:03,1.8,1.75,75960,1.8,103480,14840,4493480
FINNIFTY02JAN2421200PE.NFO,02/01/2024,09:30:04,1.75,1.75,46640,1.8,136120,8760,4493480
FINNIFTY02JAN2421200PE.NFO,02/01/2024,09:30:05,1.75,1.75,24640,1.8,147520,23200,4493480
FINNIFTY02JAN2421200PE.NFO,02/01/2024,09:30:06,1.8,1.75,18160,1.8,150000,2880,4493480
FINNIFTY02JAN2421200PE.NFO,02/01/2024,09:30:07,1.75,1.75,360,1.8,146280,36680,4493480
FINNIFTY02JAN2421200PE.NFO,02/01/2024,09:30:08,1.8,1.75,41880,1.8,143560,24000,4493480
FINNIFTY02JAN2421200PE.NFO,02/01/2024,09:30:09,1.8,1.75,29640,1.8,146720,14200,4493480
FINNIFTY02JAN2421200PE.NFO,02/01/2024,09:30:10,1.75,1.75,65960,1.8,119520,17800,4493480
FINNIFTY02JAN2421200PE.NFO,02/01/2024,09:30:11,1.7,1.7,167880,1.75,58240,63880,4493480
FINNIFTY02JAN2421200PE.NFO,02/01/2024,09:30:12,1.7,1.7,156000,1.75,81840,440,4493480
FINNIFTY02JAN2421200PE.NFO,02/01/2024,09:30:13,1.75,1.7,174480,1.75,94200,11000,4493480
FINNIFTY02JAN2421200PE.NFO,02/01/2024,09:30:14,1.7,1.7,67280,1.75,143200,18200,4493480
FINNIFTY02JAN2421200PE.NFO,02/01/2024,09:30:15,1.75,1.7,104160,1.75,127200,13800,4493480
FINNIFTY02JAN2421200PE.NFO,02/01/2024,09:30:16,1.75,1.7,108240,1.75,142840,2480,4493480
FINNIFTY02JAN2421200PE.NFO,02/01/2024,09:30:17,1.75,1.7,105760,1.75,151480,3280,4493480
FINNIFTY02JAN2421200PE.NFO,02/01/2024,09:30:18,1.7,1.7,122840,1.75,121680,10360,4493480
FINNIFTY02JAN2421200PE.NFO,02/01/2024,09:30:19,1.7,1.7,4800,1.75,163240,71200,4493480
FINNIFTY02JAN2421200PE.NFO,02/01/2024,09:30:19,1.65,1.7,4800,1.75,163240,0,4493480
FINNIFTY02JAN2421200PE.NFO,02/01/2024,09:30:20,1.7,1.65,177280,1.7,6160,81600,4493480
FINNIFTY02JAN2421200PE.NFO,02/01/2024,09:30:21,1.7,1.65,141600,1.7,77000,19160,4493480
FINNIFTY02JAN2421200PE.NFO,02/01/2024,09:30:22,1.7,1.65,165520,1.7,88360,4560,4493480
FINNIFTY02JAN2421200PE.NFO,02/01/2024,09:30:23,1.65,1.65,134520,1.7,82960,13920,4493480
FINNIFTY02JAN2421200PE.NFO,02/01/2024,09:30:24,1.7,1.65,167240,1.7,69640,8240,4493480
FINNIFTY02JAN2421200PE.NFO,02/01/2024,09:30:25,1.7,1.65,166960,1.7,51560,11040,4493480
FINNIFTY02JAN2421200PE.NFO,02/01/2024,09:30:26,1.7,1.65,129320,1.7,97840,9880,4493480
FINNIFTY02JAN2421200PE.NFO,02/01/2024,09:30:27,1.65,1.65,114440,1.7,73400,74280,4493480
FINNIFTY02JAN2421200PE.NFO,02/01/2024,09:30:28,1.65,1.65,138440,1.7,54920,32240,4493480
FINNIFTY02JAN2421200PE.NFO,02/01/2024,09:30:29,1.7,1.7,11640,1.75,158400,58480,4493480
FINNIFTY02JAN2421200PE.NFO,02/01/2024,09:30:30,1.65,1.65,101560,1.7,84560,85080,4493480
FINNIFTY02JAN2421200PE.NFO,02/01/2024,09:30:31,1.65,1.65,128000,1.7,56720,440,4493480
FINNIFTY02JAN2421200PE.NFO,02/01/2024,09:30:32,1.65,1.65,102560,1.7,100600,16640,4493480
FINNIFTY02JAN2421200PE.NFO,02/01/2024,09:30:33,1.65,1.65,104560,1.7,79840,21320,4493480
FINNIFTY02JAN2421200PE.NFO,02/01/2024,09:30:34,1.65,1.65,62720,1.7,118080,15600,4493480
FINNIFTY02JAN2421200PE.NFO,02/01/2024,09:30:35,1.7,1.65,80920,1.7,117120,9120,4493480
FINNIFTY02JAN2421200PE.NFO,02/01/2024,09:30:36,1.7,1.65,81920,1.7,115760,600,4493480
FINNIFTY02JAN2421200PE.NFO,02/01/2024,09:30:37,1.7,1.65,115200,1.7,61440,6520,4493480
FINNIFTY02JAN2421200PE.NFO,02/01/2024,09:30:38,1.7,1.65,104840,1.7,106960,70720,4493480
FINNIFTY02JAN2421200PE.NFO,02/01/2024,09:30:39,1.7,1.65,101200,1.7,108400,28240,4493480
FINNIFTY02JAN2421200PE.NFO,02/01/2024,09:30:40,1.65,1.65,86680,1.7,117960,1960,4493480
FINNIFTY02JAN2421200PE.NFO,02/01/2024,09:30:41,1.65,1.65,102240,1.7,76560,400,4493480
FINNIFTY02JAN2421200PE.NFO,02/01/2024,09:30:42,1.7,1.65,126520,1.7,73640,10320,4493480
FINNIFTY02JAN2421200PE.NFO,02/01/2024,09:30:43,1.7,1.7,99960,1.75,166200,51080,4493480
FINNIFTY02JAN2421200PE.NFO,02/01/2024,09:30:44,1.7,1.7,102560,1.75,166360,16080,4493480
FINNIFTY02JAN2421200PE.NFO,02/01/2024,09:30:45,1.7,1.7,106600,1.75,166600,8920,4493480
FINNIFTY02JAN2421200PE.NFO,02/01/2024,09:30:46,1.7,1.7,116400,1.75,167080,5760,4493480
FINNIFTY02JAN2421200PE.NFO,02/01/2024,09:30:47,1.7,1.7,99000,1.75,146000,10840,4493480
FINNIFTY02JAN2421200PE.NFO,02/01/2024,09:30:48,1.75,1.7,93680,1.75,159520,9840,4493480
FINNIFTY02JAN2421200PE.NFO,02/01/2024,09:30:49,1.75,1.7,98560,1.75,158720,760,4493480
FINNIFTY02JAN2421200PE.NFO,02/01/2024,09:30:50,1.75,1.7,95840,1.75,153200,14440,4493480
FINNIFTY02JAN2421200PE.NFO,02/01/2024,09:30:52,1.75,1.7,98760,1.75,151480,7880,4493480
FINNIFTY02JAN2421200PE.NFO,02/01/2024,09:30:52,1.75,1.7,64880,1.75,153840,3200,4493480
FINNIFTY02JAN2421200PE.NFO,02/01/2024,09:30:53,1.7,1.7,60400,1.75,155040,11280,4493480
FINNIFTY02JAN2421200PE.NFO,02/01/2024,09:30:54,1.7,1.7,73400,1.75,150880,15120,4493480
FINNIFTY02JAN2421200PE.NFO,02/01/2024,09:30:55,1.7,1.7,41280,1.75,145400,14480,4493480
FINNIFTY02JAN2421200PE.NFO,02/01/2024,09:30:57,1.7,1.7,58560,1.75,141680,10360,4493480
FINNIFTY02JAN2421200PE.NFO,02/01/2024,09:30:57,1.7,1.7,77280,1.75,136720,1800,4493480
FINNIFTY02JAN2421200PE.NFO,02/01/2024,09:30:58,1.7,1.7,123040,1.75,83880,27680,4493480
FINNIFTY02JAN2421200PE.NFO,02/01/2024,09:30:59,1.7,1.7,104000,1.75,121520,13520,4493480
FINNIFTY02JAN2421200PE.NFO,02/01/2024,09:31:00,1.7,1.7,52960,1.75,114960,23400,4493480
FINNIFTY02JAN2421200PE.NFO,02/01/2024,09:31:02,1.75,1.7,64640,1.75,122640,11760,4493480
FINNIFTY02JAN2421200PE.NFO,02/01/2024,09:31:02,1.7,1.7,73040,1.75,131080,3000,4493480
FINNIFTY02JAN2421200PE.NFO,02/01/2024,09:31:03,1.7,1.7,88080,1.75,130560,11040,4493480
FINNIFTY02JAN2421200PE.NFO,02/01/2024,09:31:04,1.7,1.7,1760,1.75,124120,63720,4493480
FINNIFTY02JAN2421200PE.NFO,02/01/2024,09:31:05,1.65,1.65,149040,1.7,8680,82080,4493480
FINNIFTY02JAN2421200PE.NFO,02/01/2024,09:31:06,1.7,1.7,52720,1.75,102840,86480,4493480
FINNIFTY02JAN2421200PE.NFO,02/01/2024,09:31:08,1.75,1.7,25280,1.75,129840,1840,4493480
FINNIFTY02JAN2421200PE.NFO,02/01/2024,09:31:09,1.7,1.7,12880,1.75,130840,3160,4493480
FINNIFTY02JAN2421200PE.NFO,02/01/2024,09:31:09,1.75,1.7,12760,1.75,130080,1440,4493480
FINNIFTY02JAN2421200PE.NFO,02/01/2024,09:31:10,1.75,1.7,73440,1.75,106560,9080,4493480
FINNIFTY02JAN2421200PE.NFO,02/01/2024,09:31:11,1.7,1.7,17920,1.75,131320,30320,4493480
FINNIFTY02JAN2421200PE.NFO,02/01/2024,09:31:12,1.75,1.7,77920,1.75,104280,35320,4493480
FINNIFTY02JAN2421200PE.NFO,02/01/2024,09:31:14,1.75,1.7,79040,1.75,95120,20880,4493480
FINNIFTY02JAN2421200PE.NFO,02/01/2024,09:31:14,1.75,1.7,68280,1.75,120120,1440,4493480
FINNIFTY02JAN2421200PE.NFO,02/01/2024,09:31:15,1.75,1.7,105760,1.75,95360,8800,4493480
FINNIFTY02JAN2421200PE.NFO,02/01/2024,09:31:16,1.7,1.7,87920,1.75,98480,9960,4493480
FINNIFTY02JAN2421200PE.NFO,02/01/2024,09:31:17,1.65,1.65,144400,1.7,24000,45440,4493480
FINNIFTY02JAN2421200PE.NFO,02/01/2024,09:31:18,1.75,1.7,12720,1.75,133840,58200,4493480
FINNIFTY02JAN2421200PE.NFO,02/01/2024,09:31:20,1.7,1.7,46440,1.75,135240,10840,4493480
FINNIFTY02JAN2421200PE.NFO,02/01/2024,09:31:20,1.7,1.7,39640,1.75,137480,5240,4493480
FINNIFTY02JAN2421200PE.NFO,02/01/2024,09:31:21,1.7,1.7,3520,1.75,127240,64760,4493480
FINNIFTY02JAN2421200PE.NFO,02/01/2024,09:31:22,1.65,1.65,108000,1.7,73800,14280,4493480
FINNIFTY02JAN2421200PE.NFO,02/01/2024,09:31:23,1.7,1.65,88720,1.7,93680,19680,4493480
FINNIFTY02JAN2421200PE.NFO,02/01/2024,09:31:24,1.65,1.65,90520,1.7,90360,1320,4493480
FINNIFTY02JAN2421200PE.NFO,02/01/2024,09:31:26,1.7,1.65,74440,1.7,119200,19480,4493480
FINNIFTY02JAN2421200PE.NFO,02/01/2024,09:31:26,1.7,1.65,77560,1.7,119640,0,4493480
FINNIFTY02JAN2421200PE.NFO,02/01/2024,09:31:27,1.7,1.65,84000,1.7,117560,3240,4493480
FINNIFTY02JAN2421200PE.NFO,02/01/2024,09:31:28,1.7,1.65,116360,1.7,90160,4240,4493480
FINNIFTY02JAN2421200PE.NFO,02/01/2024,09:31:29,1.7,1.65,100640,1.7,105240,50600,4493480
FINNIFTY02JAN2421200PE.NFO,02/01/2024,09:31:31,1.7,1.65,127440,1.7,82040,4040,4493480
FINNIFTY02JAN2421200PE.NFO,02/01/2024,09:31:32,1.65,1.65,91560,1.7,116560,5960,4493480
FINNIFTY02JAN2421200PE.NFO,02/01/2024,09:31:32,1.65,1.65,123960,1.7,83800,1200,4493480
FINNIFTY02JAN2421200PE.NFO,02/01/2024,09:31:33,1.65,1.65,132600,1.7,96160,3160,4493480
FINNIFTY02JAN2421200PE.NFO,02/01/2024,09:31:34,1.65,1.65,141800,1.7,6280,38920,4493480
FINNIFTY02JAN2421200PE.NFO,02/01/2024,09:31:35,1.7,1.65,144360,1.7,1960,68680,4493480
FINNIFTY02JAN2421200PE.NFO,02/01/2024,09:31:36,1.7,1.65,123960,1.7,84240,47520,4493480
FINNIFTY02JAN2421200PE.NFO,02/01/2024,09:31:37,1.7,1.65,139320,1.7,84440,2160,4493480
FINNIFTY02JAN2421200PE.NFO,02/01/2024,09:31:38,1.7,1.65,138240,1.7,85880,15600,4493480
FINNIFTY02JAN2421200PE.NFO,02/01/2024,09:31:39,1.7,1.65,101720,1.7,116400,5840,4493480
FINNIFTY02JAN2421200PE.NFO,02/01/2024,09:31:40,1.65,1.65,148000,1.7,12280,55440,4493480
FINNIFTY02JAN2421200PE.NFO,02/01/2024,09:31:41,1.65,1.65,105360,1.7,87880,34880,4493480
FINNIFTY02JAN2421200PE.NFO,02/01/2024,09:31:43,1.7,1.65,115040,1.7,81720,5040,4493480
FINNIFTY02JAN2421200PE.NFO,02/01/2024,09:31:44,1.7,1.65,150120,1.7,69520,2280,4493480
FINNIFTY02JAN2421200PE.NFO,02/01/2024,09:31:44,1.7,1.65,111520,1.7,114200,1360,4493480
FINNIFTY02JAN2421200PE.NFO,02/01/2024,09:31:45,1.7,1.65,111240,1.7,112440,7280,4493480
FINNIFTY02JAN2421200PE.NFO,02/01/2024,09:31:46,1.7,1.65,123920,1.7,74240,22680,4493480
FINNIFTY02JAN2421200PE.NFO,02/01/2024,09:31:47,1.7,1.65,147400,1.7,79720,3680,4493480
FINNIFTY02JAN2421200PE.NFO,02/01/2024,09:31:48,1.7,1.65,79800,1.7,113720,11880,4493480
FINNIFTY02JAN2421200PE.NFO,02/01/2024,09:31:49,1.65,1.65,96320,1.7,113640,10800,4493480
FINNIFTY02JAN2421200PE.NFO,02/01/2024,09:31:51,1.65,1.65,133440,1.7,109560,20360,4493480
FINNIFTY02JAN2421200PE.NFO,02/01/2024,09:31:51,1.65,1.65,131880,1.7,94840,200,4493480
FINNIFTY02JAN2421200PE.NFO,02/01/2024,09:31:52,1.65,1.65,113160,1.7,136720,16360,4493480
FINNIFTY02JAN2421200PE.NFO,02/01/2024,09:31:53,1.7,1.65,151600,1.7,99160,5120,4493480
FINNIFTY02JAN2421200PE.NFO,02/01/2024,09:31:54,1.65,1.65,110040,1.7,120040,7000,4493480
FINNIFTY02JAN2421200PE.NFO,02/01/2024,09:31:56,1.7,1.65,111960,1.7,120360,9840,4493480
FINNIFTY02JAN2421200PE.NFO,02/01/2024,09:31:56,1.65,1.65,111920,1.7,120360,40,4493480
FINNIFTY02JAN2421200PE.NFO,02/01/2024,09:31:57,1.7,1.65,112800,1.7,107400,18240,4493480
FINNIFTY02JAN2421200PE.NFO,02/01/2024,09:31:58,1.7,1.65,112240,1.7,107640,9200,4493480
FINNIFTY02JAN2421200PE.NFO,02/01/2024,09:31:59,1.7,1.65,109560,1.7,95400,16360,4493480
FINNIFTY02JAN2421200PE.NFO,02/01/2024,09:32:00,1.7,1.65,101880,1.7,96040,74440,4493480
FINNIFTY02JAN2421200PE.NFO,02/01/2024,09:32:02,1.65,1.65,115600,1.7,73280,8240,4493480
FINNIFTY02JAN2421200PE.NFO,02/01/2024,09:32:02,1.65,1.65,115920,1.7,96320,1520,4493480
FINNIFTY02JAN2421200PE.NFO,02/01/2024,09:32:03,1.7,1.65,93040,1.7,111240,7080,4493480
FINNIFTY02JAN2421200PE.NFO,02/01/2024,09:32:04,1.7,1.65,135960,1.7,39160,10040,4493480
FINNIFTY02JAN2421200PE.NFO,02/01/2024,09:32:05,1.65,1.65,87080,1.7,114120,7040,4493480
FINNIFTY02JAN2421200PE.NFO,02/01/2024,09:32:07,1.7,1.65,89520,1.7,116320,7600,4493480
FINNIFTY02JAN2421200PE.NFO,02/01/2024,09:32:07,1.65,1.65,87760,1.7,118360,1440,4493480
FINNIFTY02JAN2421200PE.NFO,02/01/2024,09:32:08,1.7,1.65,114160,1.7,99200,5360,4493480
FINNIFTY02JAN2421200PE.NFO,02/01/2024,09:32:09,1.7,1.65,131760,1.7,72000,8040,4493480
FINNIFTY02JAN2421200PE.NFO,02/01/2024,09:32:10,1.65,1.65,103960,1.7,125360,9240,4493480
FINNIFTY02JAN2421200PE.NFO,02/01/2024,09:32:12,1.65,1.65,85080,1.7,164360,16720,4493480
FINNIFTY02JAN2421200PE.NFO,02/01/2024,09:32:12,1.65,1.65,83240,1.7,165040,40,4493480
FINNIFTY02JAN2421200PE.NFO,02/01/2024,09:32:13,1.7,1.65,91120,1.7,167280,12000,4493480
FINNIFTY02JAN2421200PE.NFO,02/01/2024,09:32:14,1.7,1.65,116840,1.7,153280,4560,4493480
FINNIFTY02JAN2421200PE.NFO,02/01/2024,09:32:15,1.7,1.65,141880,1.7,150000,9240,4493480
FINNIFTY02JAN2421200PE.NFO,02/01/2024,09:32:17,1.7,1.65,130920,1.7,164080,7280,4493480
FINNIFTY02JAN2421200PE.NFO,02/01/2024,09:32:17,1.7,1.65,145040,1.7,127320,120,4493480
FINNIFTY02JAN2421200PE.NFO,02/01/2024,09:32:18,1.65,1.65,159680,1.7,138200,7400,4493480
FINNIFTY02JAN2421200PE.NFO,02/01/2024,09:32:19,1.7,1.65,148440,1.7,144840,15320,4493480
FINNIFTY02JAN2421200PE.NFO,02/01/2024,09:32:20,1.65,1.65,123040,1.7,151960,17400,4493480
FINNIFTY02JAN2421200PE.NFO,02/01/2024,09:32:21,1.65,1.65,115600,1.7,154120,4880,4493480
FINNIFTY02JAN2421200PE.NFO,02/01/2024,09:32:22,1.65,1.65,117760,1.7,150640,4640,4493480
FINNIFTY02JAN2421200PE.NFO,02/01/2024,09:32:23,1.7,1.65,160120,1.7,104160,11120,4493480
FINNIFTY02JAN2421200PE.NFO,02/01/2024,09:32:24,1.7,1.65,159920,1.7,94880,8720,4493480
FINNIFTY02JAN2421200PE.NFO,02/01/2024,09:32:26,1.7,1.7,62680,1.75,145920,50720,4493480
FINNIFTY02JAN2421200PE.NFO,02/01/2024,09:32:26,1.7,1.7,6880,1.75,100800,24200,4493480
FINNIFTY02JAN2421200PE.NFO,02/01/2024,09:32:27,1.7,1.65,116320,1.7,103400,31200,4493480
FINNIFTY02JAN2421200PE.NFO,02/01/2024,09:32:28,1.7,1.65,116840,1.7,126480,2520,4493480
FINNIFTY02JAN2421200PE.NFO,02/01/2024,09:32:29,1.7,1.65,93000,1.7,128480,2760,4493480
FINNIFTY02JAN2421200PE.NFO,02/01/2024,09:32:30,1.65,1.65,90520,1.7,129160,2160,4627280
FINNIFTY02JAN2421200PE.NFO,02/01/2024,09:32:31,1.65,1.65,96640,1.7,128640,6400,4627280
FINNIFTY02JAN2421200PE.NFO,02/01/2024,09:32:32,1.65,1.65,106880,1.7,125560,18360,4627280
FINNIFTY02JAN2421200PE.NFO,02/01/2024,09:32:34,1.7,1.65,119440,1.7,127800,5280,4627280
FINNIFTY02JAN2421200PE.NFO,02/01/2024,09:32:34,1.7,1.65,119160,1.7,126680,440,4627280
FINNIFTY02JAN2421200PE.NFO,02/01/2024,09:32:35,1.7,1.65,150440,1.7,109520,5160,4627280
FINNIFTY02JAN2421200PE.NFO,02/01/2024,09:32:36,1.7,1.7,88200,1.75,147240,16120,4627280
FINNIFTY02JAN2421200PE.NFO,02/01/2024,09:32:37,1.75,1.7,84920,1.75,140280,4640,4627280
FINNIFTY02JAN2421200PE.NFO,02/01/2024,09:32:38,1.75,1.7,91920,1.75,127600,8000,4627280
FINNIFTY02JAN2421200PE.NFO,02/01/2024,09:32:39,1.75,1.7,91720,1.75,127720,14800,4627280
FINNIFTY02JAN2421200PE.NFO,02/01/2024,09:32:40,1.75,1.7,91160,1.75,138560,4720,4627280
FINNIFTY02JAN2421200PE.NFO,02/01/2024,09:32:41,1.7,1.7,91840,1.75,142760,14160,4627280
FINNIFTY02JAN2421200PE.NFO,02/01/2024,09:32:42,1.75,1.7,100040,1.75,133800,5200,4627280
FINNIFTY02JAN2421200PE.NFO,02/01/2024,09:32:43,1.7,1.7,102240,1.75,134440,3400,4627280
FINNIFTY02JAN2421200PE.NFO,02/01/2024,09:32:44,1.75,1.7,73400,1.75,144400,2560,4627280
FINNIFTY02JAN2421200PE.NFO,02/01/2024,09:32:45,1.75,1.7,78800,1.75,146520,2720,4627280
FINNIFTY02JAN2421200PE.NFO,02/01/2024,09:32:46,1.7,1.7,96560,1.75,139880,6520,4627280
FINNIFTY02JAN2421200PE.NFO,02/01/2024,09:32:47,1.75,1.7,72000,1.75,142120,15960,4627280
FINNIFTY02JAN2421200PE.NFO,02/01/2024,09:32:48,1.7,1.7,65800,1.75,137520,16800,4627280
FINNIFTY02JAN2421200PE.NFO,02/01/2024,09:32:49,1.75,1.7,89640,1.75,132320,6840,4627280
FINNIFTY02JAN2421200PE.NFO,02/01/2024,09:32:50,1.75,1.7,73960,1.75,137120,5760,4627280
FINNIFTY02JAN2421200PE.NFO,02/01/2024,09:32:51,1.7,1.7,96520,1.75,135960,1720,4627280
FINNIFTY02JAN2421200PE.NFO,02/01/2024,09:32:52,1.75,1.7,130840,1.75,112280,4040,4627280
FINNIFTY02JAN2421200PE.NFO,02/01/2024,09:32:53,1.8,1.75,43320,1.8,157360,71840,4627280
FINNIFTY02JAN2421200PE.NFO,02/01/2024,09:32:54,1.75,1.75,126040,1.8,121920,6280,4627280
FINNIFTY02JAN2421200PE.NFO,02/01/2024,09:32:55,1.75,1.75,135680,1.8,121120,5640,4627280
FINNIFTY02JAN2421200PE.NFO,02/01/2024,09:32:56,1.8,1.75,92600,1.8,132080,9840,4627280
FINNIFTY02JAN2421200PE.NFO,02/01/2024,09:32:57,1.8,1.75,123920,1.8,131120,520,4627280
FINNIFTY02JAN2421200PE.NFO,02/01/2024,09:32:58,1.75,1.75,135680,1.8,106840,8080,4627280
FINNIFTY02JAN2421200PE.NFO,02/01/2024,09:32:59,1.8,1.75,111720,1.8,126720,10920,4627280
FINNIFTY02JAN2421200PE.NFO,02/01/2024,09:33:00,1.75,1.7,143400,1.75,32480,56600,4627280
FINNIFTY02JAN2421200PE.NFO,02/01/2024,09:33:01,1.75,1.7,101320,1.75,139320,8600,4627280
FINNIFTY02JAN2421200PE.NFO,02/01/2024,09:33:02,1.7,1.7,92000,1.75,141480,3360,4627280
FINNIFTY02JAN2421200PE.NFO,02/01/2024,09:33:03,1.75,1.7,88120,1.75,144480,2080,4627280
FINNIFTY02JAN2421200PE.NFO,02/01/2024,09:33:04,1.7,1.7,87320,1.75,147000,2160,4627280
FINNIFTY02JAN2421200PE.NFO,02/01/2024,09:33:05,1.75,1.7,104400,1.75,133320,11160,4627280
FINNIFTY02JAN2421200PE.NFO,02/01/2024,09:33:07,1.7,1.7,98000,1.75,147040,4800,4627280
FINNIFTY02JAN2421200PE.NFO,02/01/2024,09:33:08,1.7,1.7,139000,1.75,104040,2280,4627280
FINNIFTY02JAN2421200PE.NFO,02/01/2024,09:33:08,1.75,1.7,139680,1.75,115160,1480,4627280
FINNIFTY02JAN2421200PE.NFO,02/01/2024,09:33:09,1.75,1.7,99720,1.75,148520,3600,4627280
FINNIFTY02JAN2421200PE.NFO,02/01/2024,09:33:10,1.75,1.7,137400,1.75,111600,4640,4627280
FINNIFTY02JAN2421200PE.NFO,02/01/2024,09:33:12,1.75,1.7,137240,1.75,114840,2920,4627280
FINNIFTY02JAN2421200PE.NFO,02/01/2024,09:33:13,1.75,1.7,137120,1.75,113800,4200,4627280
FINNIFTY02JAN2421200PE.NFO,02/01/2024,09:33:13,1.75,1.7,137360,1.75,114520,720,4627280
FINNIFTY02JAN2421200PE.NFO,02/01/2024,09:33:14,1.75,1.7,134280,1.75,118040,4400,4627280
FINNIFTY02JAN2421200PE.NFO,02/01/2024,09:33:15,1.75,1.7,141320,1.75,107000,10680,4627280
FINNIFTY02JAN2421200PE.NFO,02/01/2024,09:33:17,1.75,1.7,135640,1.75,111400,3680,4627280
FINNIFTY02JAN2421200PE.NFO,02/01/2024,09:33:18,1.75,1.7,133280,1.75,113040,1800,4627280
FINNIFTY02JAN2421200PE.NFO,02/01/2024,09:33:19,1.75,1.7,142400,1.75,115760,3000,4627280
FINNIFTY02JAN2421200PE.NFO,02/01/2024,09:33:19,1.75,1.7,142400,1.75,117280,360,4627280
FINNIFTY02JAN2421200PE.NFO,02/01/2024,09:33:20,1.75,1.7,120240,1.75,141720,1480,4627280
FINNIFTY02JAN2421200PE.NFO,02/01/2024,09:33:21,1.75,1.7,142960,1.75,116640,1760,4627280
FINNIFTY02JAN2421200PE.NFO,02/01/2024,09:33:23,1.75,1.7,143960,1.75,114960,960,4627280
FINNIFTY02JAN2421200PE.NFO,02/01/2024,09:33:24,1.75,1.7,144560,1.75,124000,4920,4627280
FINNIFTY02JAN2421200PE.NFO,02/01/2024,09:33:24,1.75,1.7,145120,1.75,124320,1240,4627280
FINNIFTY02JAN2421200PE.NFO,02/01/2024,09:33:25,1.75,1.7,103840,1.75,156600,7960,4627280
FINNIFTY02JAN2421200PE.NFO,02/01/2024,09:33:26,1.75,1.75,103800,1.8,154240,69200,4627280
FINNIFTY02JAN2421200PE.NFO,02/01/2024,09:33:28,1.8,1.75,97800,1.8,155920,8240,4627280
FINNIFTY02JAN2421200PE.NFO,02/01/2024,09:33:29,1.8,1.75,96360,1.8,157680,3880,4627280
FINNIFTY02JAN2421200PE.NFO,02/01/2024,09:33:29,1.75,1.75,100400,1.8,117640,1480,4627280
FINNIFTY02JAN2421200PE.NFO,02/01/2024,09:33:30,1.8,1.75,84800,1.8,152520,6440,4627280
FINNIFTY02JAN2421200PE.NFO,02/01/2024,09:33:31,1.75,1.75,99160,1.8,152920,2200,4627280
FINNIFTY02JAN2421200PE.NFO,02/01/2024,09:33:33,1.75,1.75,83040,1.8,153800,11400,4627280
FINNIFTY02JAN2421200PE.NFO,02/01/2024,09:33:34,1.75,1.75,82600,1.8,170120,6640,4627280
FINNIFTY02JAN2421200PE.NFO,02/01/2024,09:33:34,1.75,1.7,104440,1.75,114200,28200,4627280
FINNIFTY02JAN2421200PE.NFO,02/01/2024,09:33:35,1.7,1.7,109040,1.75,123160,1800,4627280
FINNIFTY02JAN2421200PE.NFO,02/01/2024,09:33:36,1.75,1.7,108040,1.75,95080,2560,4627280
FINNIFTY02JAN2421200PE.NFO,02/01/2024,09:33:38,1.75,1.7,108760,1.75,126320,2760,4627280
FINNIFTY02JAN2421200PE.NFO,02/01/2024,09:33:39,1.7,1.7,106520,1.75,88760,2760,4627280
FINNIFTY02JAN2421200PE.NFO,02/01/2024,09:33:39,1.7,1.7,105240,1.75,125080,800,4627280
FINNIFTY02JAN2421200PE.NFO,02/01/2024,09:33:40,1.75,1.7,118680,1.75,75800,10320,4627280
FINNIFTY02JAN2421200PE.NFO,02/01/2024,09:33:41,1.75,1.7,117800,1.75,84800,3280,4627280
FINNIFTY02JAN2421200PE.NFO,02/01/2024,09:33:43,1.75,1.7,114640,1.75,93240,2080,4627280
FINNIFTY02JAN2421200PE.NFO,02/01/2024,09:33:44,1.75,1.7,101480,1.75,124560,5600,4627280
FINNIFTY02JAN2421200PE.NFO,02/01/2024,09:33:44,1.75,1.7,100560,1.75,122920,1200,4627280
FINNIFTY02JAN2421200PE.NFO,02/01/2024,09:33:45,1.75,1.7,100840,1.75,82800,8120,4627280
FINNIFTY02JAN2421200PE.NFO,02/01/2024,09:33:46,1.75,1.7,99960,1.75,124600,2200,4627280
FINNIFTY02JAN2421200PE.NFO,02/01/2024,09:33:47,1.75,1.7,98440,1.75,82760,3000,4627280
FINNIFTY02JAN2421200PE.NFO,02/01/2024,09:33:48,1.75,1.7,97160,1.75,85560,5560,4627280
FINNIFTY02JAN2421200PE.NFO,02/01/2024,09:33:50,1.75,1.7,95480,1.75,100680,5760,4627280
FINNIFTY02JAN2421200PE.NFO,02/01/2024,09:33:51,1.75,1.7,95320,1.75,93680,2200,4627280
FINNIFTY02JAN2421200PE.NFO,02/01/2024,09:33:52,1.75,1.7,100120,1.75,96320,7280,4627280
FINNIFTY02JAN2421200PE.NFO,02/01/2024,09:33:53,1.7,1.7,70000,1.75,130800,4160,4627280
FINNIFTY02JAN2421200PE.NFO,02/01/2024,09:33:54,1.7,1.7,98240,1.75,111120,2000,4627280
FINNIFTY02JAN2421200PE.NFO,02/01/2024,09:33:55,1.7,1.7,95400,1.75,132160,3000,4627280
FINNIFTY02JAN2421200PE.NFO,02/01/2024,09:33:56,1.7,1.7,96400,1.75,95520,1280,4627280
FINNIFTY02JAN2421200PE.NFO,02/01/2024,09:33:57,1.75,1.7,106520,1.75,93280,10720,4627280
FINNIFTY02JAN2421200PE.NFO,02/01/2024,09:33:58,1.7,1.7,102080,1.75,91040,9560,4627280
FINNIFTY02JAN2421200PE.NFO,02/01/2024,09:33:59,1.7,1.7,101560,1.75,110600,840,4627280
FINNIFTY02JAN2421200PE.NFO,02/01/2024,09:34:00,1.7,1.7,99840,1.75,92840,2560,4627280
FINNIFTY02JAN2421200PE.NFO,02/01/2024,09:34:01,1.7,1.7,100200,1.75,127160,5200,4627280
FINNIFTY02JAN2421200PE.NFO,02/01/2024,09:34:01,1.75,1.7,100680,1.75,126880,1640,4627280
FINNIFTY02JAN2421200PE.NFO,02/01/2024,09:34:02,1.7,1.7,99160,1.75,88280,10720,4627280
FINNIFTY02JAN2421200PE.NFO,02/01/2024,09:34:03,1.7,1.7,102920,1.75,91640,5360,4627280
FINNIFTY02JAN2421200PE.NFO,02/01/2024,09:34:05,1.7,1.7,103600,1.75,111560,6560,4627280
FINNIFTY02JAN2421200PE.NFO,02/01/2024,09:34:06,1.7,1.7,98120,1.75,103120,6120,4627280
FINNIFTY02JAN2421200PE.NFO,02/01/2024,09:34:07,1.75,1.7,97640,1.75,130400,560,4627280
FINNIFTY02JAN2421200PE.NFO,02/01/2024,09:34:08,1.75,1.7,97600,1.75,132520,5600,4627280
FINNIFTY02JAN2421200PE.NFO,02/01/2024,09:34:08,1.75,1.7,97640,1.75,91960,1440,4627280
