Ticker,Date,Time,LTP,BuyPrice,BuyQty,SellPrice,SellQty,LTQ,OpenInterest
FINNIFTY02JAN2420900CE.NFO,02/01/2024,09:16:06,513.1,510.45,80,512.3,80,120,2840
FINNIFTY02JAN2420900CE.NFO,02/01/2024,09:16:06,513.05,510.45,80,512.3,80,0,2840
FINNIFTY02JAN2420900CE.NFO,02/01/2024,09:16:06,513.15,510.45,80,512.3,80,0,2840
FINNIFTY02JAN2420900CE.NFO,02/01/2024,09:16:06,513.05,510.45,80,512.3,80,0,2840
FINNIFTY02JAN2420900CE.NFO,02/01/2024,09:16:07,513.05,514.15,80,516.2,80,0,2840
FINNIFTY02JAN2420900CE.NFO,02/01/2024,09:16:09,513.05,512.85,40,514.7,80,0,2840
FINNIFTY02JAN2420900CE.NFO,02/01/2024,09:16:10,512.85,512.25,160,514.4,80,40,2840
FINNIFTY02JAN2420900CE.NFO,02/01/2024,09:16:10,512.85,512.25,160,514.4,80,0,2840
FINNIFTY02JAN2420900CE.NFO,02/01/2024,09:16:12,512.85,510.6,80,512.8,80,0,2840
FINNIFTY02JAN2420900CE.NFO,02/01/2024,09:16:14,512.85,512.35,240,513.95,80,0,2840
FINNIFTY02JAN2420900CE.NFO,02/01/2024,09:16:15,512.85,510.55,120,512.7,200,0,2840
FINNIFTY02JAN2420900CE.NFO,02/01/2024,09:16:17,512.85,510.05,80,511.95,80,0,2840
FINNIFTY02JAN2420900CE.NFO,02/01/2024,09:16:19,512.85,509.7,240,511.3,80,0,2840
FINNIFTY02JAN2420900CE.NFO,02/01/2024,09:16:20,512.85,507.65,80,509.65,80,0,2840
FINNIFTY02JAN2420900CE.NFO,02/01/2024,09:16:22,512.85,506.15,80,507.95,80,0,2840
FINNIFTY02JAN2420900CE.NFO,02/01/2024,09:16:23,512.85,506.3,80,507.9,80,0,2840
FINNIFTY02JAN2420900CE.NFO,02/01/2024,09:16:25,512.85,505.15,120,506.85,80,0,2840
FINNIFTY02JAN2420900CE.NFO,02/01/2024,09:16:27,512.85,504.2,80,505.9,80,0,2840
FINNIFTY02JAN2420900CE.NFO,02/01/2024,09:16:28,512.85,504.2,120,506.15,80,0,2840
FINNIFTY02JAN2420900CE.NFO,02/01/2024,09:16:30,512.85,506.3,40,508.3,80,0,2840
FINNIFTY02JAN2420900CE.NFO,02/01/2024,09:16:32,512.85,506.65,80,508.5,80,0,2840
FINNIFTY02JAN2420900CE.NFO,02/01/2024,09:16:33,512.85,505.3,40,506.75,80,0,2840
FINNIFTY02JAN2420900CE.NFO,02/01/2024,09:16:35,512.85,505,80,506.75,80,0,2840
FINNIFTY02JAN2420900CE.NFO,02/01/2024,09:16:36,512.85,505.35,80,507.65,80,0,2840
FINNIFTY02JAN2420900CE.NFO,02/01/2024,09:16:38,512.85,504.55,40,506.5,80,0,2840
FINNIFTY02JAN2420900CE.NFO,02/01/2024,09:16:39,512.85,505.65,80,507.45,80,0,2840
FINNIFTY02JAN2420900CE.NFO,02/01/2024,09:16:41,512.85,505.35,80,507.45,80,0,2840
FINNIFTY02JAN2420900CE.NFO,02/01/2024,09:16:43,512.85,506.55,80,508.35,80,0,2840
FINNIFTY02JAN2420900CE.NFO,02/01/2024,09:16:44,512.85,508.8,80,510.55,80,0,2840
FINNIFTY02JAN2420900CE.NFO,02/01/2024,09:16:46,512.85,509.35,80,511.15,80,0,2840
FINNIFTY02JAN2420900CE.NFO,02/01/2024,09:16:47,512.85,510.25,80,511.95,80,0,2840
FINNIFTY02JAN2420900CE.NFO,02/01/2024,09:16:49,512.85,511.7,80,513.8,80,0,2840
FINNIFTY02JAN2420900CE.NFO,02/01/2024,09:16:51,512.85,510.15,80,512.1,80,0,2840
FINNIFTY02JAN2420900CE.NFO,02/01/2024,09:16:52,512.85,510.5,40,511.95,80,0,2840
FINNIFTY02JAN2420900CE.NFO,02/01/2024,09:16:54,512.85,509.5,40,511.05,80,0,2840
FINNIFTY02JAN2420900CE.NFO,02/01/2024,09:16:55,512.85,509.05,40,510.4,80,0,2840
FINNIFTY02JAN2420900CE.NFO,02/01/2024,09:16:57,512.85,508.7,40,510.25,80,0,2840
FINNIFTY02JAN2420900CE.NFO,02/01/2024,09:16:59,512.85,510.65,40,511.95,80,0,2840
FINNIFTY02JAN2420900CE.NFO,02/01/2024,09:17:00,512.85,510.5,40,512.7,80,0,2840
FINNIFTY02JAN2420900CE.NFO,02/01/2024,09:17:02,512.85,509.2,40,510.45,80,0,2840
FINNIFTY02JAN2420900CE.NFO,02/01/2024,09:17:04,512.85,509.75,40,511.2,400,0,2840
FINNIFTY02JAN2420900CE.NFO,02/01/2024,09:17:05,512.85,509.15,40,510.55,80,0,2840
FINNIFTY02JAN2420900CE.NFO,02/01/2024,09:17:07,512.85,510.45,40,511.65,400,0,2840
FINNIFTY02JAN2420900CE.NFO,02/01/2024,09:17:08,512.85,509.55,40,511.2,80,0,2840
FINNIFTY02JAN2420900CE.NFO,02/01/2024,09:17:10,512.85,509.5,40,510.8,80,0,2840
FINNIFTY02JAN2420900CE.NFO,02/01/2024,09:17:12,512.85,508.6,40,510,80,0,2840
FINNIFTY02JAN2420900CE.NFO,02/01/2024,09:17:13,512.85,509.25,40,510.85,80,0,2840
FINNIFTY02JAN2420900CE.NFO,02/01/2024,09:17:15,512.85,508.95,40,510.3,80,0,2840
FINNIFTY02JAN2420900CE.NFO,02/01/2024,09:17:16,512.85,509.8,40,511.25,80,0,2840
FINNIFTY02JAN2420900CE.NFO,02/01/2024,09:17:18,512.85,512.2,40,513.65,80,0,2840
FINNIFTY02JAN2420900CE.NFO,02/01/2024,09:17:20,512.85,512.5,40,513.9,80,0,2840
FINNIFTY02JAN2420900CE.NFO,02/01/2024,09:17:21,512.85,512.7,40,514.1,80,0,2840
FINNIFTY02JAN2420900CE.NFO,02/01/2024,09:17:23,512.85,512.15,40,513.6,80,0,2840
FINNIFTY02JAN2420900CE.NFO,02/01/2024,09:17:24,512.85,510.75,40,512.4,80,0,2840
FINNIFTY02JAN2420900CE.NFO,02/01/2024,09:17:26,512.85,512,40,513.65,80,0,2840
FINNIFTY02JAN2420900CE.NFO,02/01/2024,09:17:28,512.85,509.85,40,511.1,80,0,2840
FINNIFTY02JAN2420900CE.NFO,02/01/2024,09:17:29,512.85,508.8,40,510.2,80,0,2840
FINNIFTY02JAN2420900CE.NFO,02/01/2024,09:17:31,512.85,508.9,40,510.3,80,0,2840
FINNIFTY02JAN2420900CE.NFO,02/01/2024,09:17:32,512.85,511.3,40,513.1,80,0,2840
FINNIFTY02JAN2420900CE.NFO,02/01/2024,09:17:34,512.85,509.75,40,511.2,40,0,2840
FINNIFTY02JAN2420900CE.NFO,02/01/2024,09:17:36,512.85,509,40,510.65,80,0,2840
FINNIFTY02JAN2420900CE.NFO,02/01/2024,09:17:37,512.85,509.05,40,510.5,80,0,2840
FINNIFTY02JAN2420900CE.NFO,02/01/2024,09:17:39,512.85,509.85,40,511.15,80,0,2840
FINNIFTY02JAN2420900CE.NFO,02/01/2024,09:17:40,512.85,507.1,40,508.65,80,0,2840
FINNIFTY02JAN2420900CE.NFO,02/01/2024,09:17:42,512.85,507.35,40,508.8,80,0,2840
FINNIFTY02JAN2420900CE.NFO,02/01/2024,09:17:43,512.85,507.85,40,509.15,80,0,2840
FINNIFTY02JAN2420900CE.NFO,02/01/2024,09:17:45,512.85,506.7,40,507.9,80,0,2840
FINNIFTY02JAN2420900CE.NFO,02/01/2024,09:17:47,512.85,506,120,507.3,80,0,2840
FINNIFTY02JAN2420900CE.NFO,02/01/2024,09:17:48,512.85,507.05,40,508.45,80,0,2840
FINNIFTY02JAN2420900CE.NFO,02/01/2024,09:17:50,512.85,507.95,40,509.2,80,0,2840
FINNIFTY02JAN2420900CE.NFO,02/01/2024,09:17:51,512.85,507.6,40,509.25,80,0,2840
FINNIFTY02JAN2420900CE.NFO,02/01/2024,09:17:53,512.85,507.85,40,509.35,80,0,2840
FINNIFTY02JAN2420900CE.NFO,02/01/2024,09:17:55,512.85,507.2,40,508.45,80,0,2840
FINNIFTY02JAN2420900CE.NFO,02/01/2024,09:17:56,512.85,507.65,40,509.05,80,0,2840
FINNIFTY02JAN2420900CE.NFO,02/01/2024,09:17:58,512.85,508.35,80,509.65,80,0,2840
FINNIFTY02JAN2420900CE.NFO,02/01/2024,09:17:59,512.85,507.95,40,509.45,80,0,2840
FINNIFTY02JAN2420900CE.NFO,02/01/2024,09:18:01,512.85,507.95,120,509.45,80,0,2840
FINNIFTY02JAN2420900CE.NFO,02/01/2024,09:18:03,512.85,510.5,40,511.8,440,0,2840
FINNIFTY02JAN2420900CE.NFO,02/01/2024,09:18:04,512.85,510.3,120,511.8,120,0,2840
FINNIFTY02JAN2420900CE.NFO,02/01/2024,09:18:06,512.85,510.05,40,511.55,120,0,2840
FINNIFTY02JAN2420900CE.NFO,02/01/2024,09:18:07,512.85,511.25,80,512.65,40,0,2840
FINNIFTY02JAN2420900CE.NFO,02/01/2024,09:18:09,512.85,510.8,80,512.6,80,0,2840
FINNIFTY02JAN2420900CE.NFO,02/01/2024,09:18:11,511.5,509.45,200,510.65,80,40,2920
FINNIFTY02JAN2420900CE.NFO,02/01/2024,09:18:11,511.5,509.45,200,510.65,80,0,2920
FINNIFTY02JAN2420900CE.NFO,02/01/2024,09:18:13,511.5,509,120,510.7,80,0,2920
FINNIFTY02JAN2420900CE.NFO,02/01/2024,09:18:14,511.5,509.85,120,511.45,80,0,2920
FINNIFTY02JAN2420900CE.NFO,02/01/2024,09:18:16,511.5,507.95,80,510.05,80,0,2920
FINNIFTY02JAN2420900CE.NFO,02/01/2024,09:18:17,511.5,507.1,80,508.7,80,0,2920
FINNIFTY02JAN2420900CE.NFO,02/01/2024,09:18:19,511.5,505.35,80,507.1,80,0,2920
FINNIFTY02JAN2420900CE.NFO,02/01/2024,09:18:21,511.5,504.3,80,506.2,160,0,2920
FINNIFTY02JAN2420900CE.NFO,02/01/2024,09:18:22,511.5,506.35,80,508.05,80,0,2920
FINNIFTY02JAN2420900CE.NFO,02/01/2024,09:18:24,511.5,505.2,40,506.65,80,0,2920
FINNIFTY02JAN2420900CE.NFO,02/01/2024,09:18:26,511.5,504.75,320,506.6,80,0,2920
FINNIFTY02JAN2420900CE.NFO,02/01/2024,09:18:27,511.5,506.45,120,507.95,80,0,2920
FINNIFTY02JAN2420900CE.NFO,02/01/2024,09:18:29,511.5,506.85,40,508.5,80,0,2920
FINNIFTY02JAN2420900CE.NFO,02/01/2024,09:18:30,511.5,506.1,480,507.85,80,0,2920
FINNIFTY02JAN2420900CE.NFO,02/01/2024,09:18:32,511.5,506.15,80,507.8,80,0,2920
FINNIFTY02JAN2420900CE.NFO,02/01/2024,09:18:34,511.5,506.2,120,508.3,80,0,2920
FINNIFTY02JAN2420900CE.NFO,02/01/2024,09:18:35,511.5,506.65,80,508.3,80,0,2920
FINNIFTY02JAN2420900CE.NFO,02/01/2024,09:18:37,511.5,506.8,80,508.55,80,0,2920
FINNIFTY02JAN2420900CE.NFO,02/01/2024,09:18:38,511.5,507.9,80,509.9,360,0,2920
FINNIFTY02JAN2420900CE.NFO,02/01/2024,09:18:40,511.5,508.05,80,509.9,80,0,2920
FINNIFTY02JAN2420900CE.NFO,02/01/2024,09:18:42,511.5,507.35,80,509.25,80,0,2920
FINNIFTY02JAN2420900CE.NFO,02/01/2024,09:18:43,511.5,508.45,40,510.4,120,0,2920
FINNIFTY02JAN2420900CE.NFO,02/01/2024,09:18:45,511.5,509.95,80,511.8,80,0,2920
FINNIFTY02JAN2420900CE.NFO,02/01/2024,09:18:46,511.5,509.75,40,511.5,80,0,2920
FINNIFTY02JAN2420900CE.NFO,02/01/2024,09:18:48,511.5,509.75,120,511.4,80,0,2920
FINNIFTY02JAN2420900CE.NFO,02/01/2024,09:18:50,511.5,510.4,360,512.1,80,0,2920
FINNIFTY02JAN2420900CE.NFO,02/01/2024,09:18:51,511.5,510.95,160,512.65,120,0,2920
FINNIFTY02JAN2420900CE.NFO,02/01/2024,09:18:53,511.5,511.25,40,513.2,40,0,2920
FINNIFTY02JAN2420900CE.NFO,02/01/2024,09:18:55,511.5,511.1,40,512.7,80,0,2920
FINNIFTY02JAN2420900CE.NFO,02/01/2024,09:18:56,511.5,510.55,120,512.85,80,0,2920
FINNIFTY02JAN2420900CE.NFO,02/01/2024,09:18:58,511.5,510.3,40,512.05,80,0,2920
FINNIFTY02JAN2420900CE.NFO,02/01/2024,09:18:59,511.5,511,80,512.85,80,0,2920
FINNIFTY02JAN2420900CE.NFO,02/01/2024,09:19:01,511.5,511.75,80,513.55,80,0,2920
FINNIFTY02JAN2420900CE.NFO,02/01/2024,09:19:03,511.5,511.25,40,512.95,80,0,2920
FINNIFTY02JAN2420900CE.NFO,02/01/2024,09:19:04,511.5,511.15,80,513.4,160,0,2920
FINNIFTY02JAN2420900CE.NFO,02/01/2024,09:19:06,511.5,511.35,80,513.4,80,0,2920
FINNIFTY02JAN2420900CE.NFO,02/01/2024,09:19:07,511.5,511.9,80,513.6,80,0,2920
FINNIFTY02JAN2420900CE.NFO,02/01/2024,09:19:09,511.5,510.15,80,512.25,80,0,2920
FINNIFTY02JAN2420900CE.NFO,02/01/2024,09:19:11,511.5,511.9,360,513.65,80,0,2920
FINNIFTY02JAN2420900CE.NFO,02/01/2024,09:19:12,511.5,513.6,80,515.55,80,0,2920
FINNIFTY02JAN2420900CE.NFO,02/01/2024,09:19:14,511.5,514.5,80,516.55,80,0,2920
FINNIFTY02JAN2420900CE.NFO,02/01/2024,09:19:16,511.5,515.55,240,517.05,80,0,2920
FINNIFTY02JAN2420900CE.NFO,02/01/2024,09:19:17,511.5,514.85,120,516.35,80,0,2920
FINNIFTY02JAN2420900CE.NFO,02/01/2024,09:19:19,511.5,514.8,80,516.7,80,0,2920
FINNIFTY02JAN2420900CE.NFO,02/01/2024,09:19:20,511.5,515.3,80,517.2,80,0,2920
FINNIFTY02JAN2420900CE.NFO,02/01/2024,09:19:22,511.5,512.25,80,515,280,0,2920
FINNIFTY02JAN2420900CE.NFO,02/01/2024,09:19:24,511.5,512.25,80,514.2,80,0,2920
FINNIFTY02JAN2420900CE.NFO,02/01/2024,09:19:25,511.5,512.5,160,514.1,80,0,2920
FINNIFTY02JAN2420900CE.NFO,02/01/2024,09:19:27,511.5,511.5,200,513.6,80,0,2920
FINNIFTY02JAN2420900CE.NFO,02/01/2024,09:19:29,511.5,512.25,40,513.8,80,0,2920
FINNIFTY02JAN2420900CE.NFO,02/01/2024,09:19:30,511.5,513.4,80,514.75,80,0,2920
FINNIFTY02JAN2420900CE.NFO,02/01/2024,09:19:31,511.5,513.55,40,515,80,0,2920
FINNIFTY02JAN2420900CE.NFO,02/01/2024,09:19:33,511.5,513.4,80,515.15,80,0,2920
FINNIFTY02JAN2420900CE.NFO,02/01/2024,09:19:34,511.5,514.75,160,516.5,80,0,2920
FINNIFTY02JAN2420900CE.NFO,02/01/2024,09:19:36,511.5,515.45,40,516.85,80,0,2920
FINNIFTY02JAN2420900CE.NFO,02/01/2024,09:19:38,511.5,514.2,80,516.1,80,0,2920
FINNIFTY02JAN2420900CE.NFO,02/01/2024,09:19:39,511.5,513.9,40,515.4,80,0,2920
FINNIFTY02JAN2420900CE.NFO,02/01/2024,09:19:41,511.5,514.6,80,516.3,80,0,2920
FINNIFTY02JAN2420900CE.NFO,02/01/2024,09:19:43,511.5,513.65,40,515.3,80,0,2920
FINNIFTY02JAN2420900CE.NFO,02/01/2024,09:19:44,511.5,513.7,240,515.55,80,0,2920
FINNIFTY02JAN2420900CE.NFO,02/01/2024,09:19:46,511.5,514.2,40,515.8,80,0,2920
FINNIFTY02JAN2420900CE.NFO,02/01/2024,09:19:48,511.5,514.8,160,516.3,80,0,2920
FINNIFTY02JAN2420900CE.NFO,02/01/2024,09:19:49,511.5,515.05,200,516.75,80,0,2920
FINNIFTY02JAN2420900CE.NFO,02/01/2024,09:19:51,511.5,514.2,40,516.05,80,0,2920
FINNIFTY02JAN2420900CE.NFO,02/01/2024,09:19:53,511.5,511.9,80,513.9,80,0,2920
FINNIFTY02JAN2420900CE.NFO,02/01/2024,09:19:54,511.5,512.6,80,514.65,80,0,2920
FINNIFTY02JAN2420900CE.NFO,02/01/2024,09:19:56,511.5,512.3,80,514.1,80,0,2920
FINNIFTY02JAN2420900CE.NFO,02/01/2024,09:19:58,511.5,511.7,40,512.8,80,0,2920
FINNIFTY02JAN2420900CE.NFO,02/01/2024,09:19:59,511.5,511.7,240,513.5,120,0,2920
FINNIFTY02JAN2420900CE.NFO,02/01/2024,09:20:01,511.5,510.75,40,512.7,200,0,2920
FINNIFTY02JAN2420900CE.NFO,02/01/2024,09:20:03,511.5,511.25,520,513.65,40,0,2920
FINNIFTY02JAN2420900CE.NFO,02/01/2024,09:20:04,511.5,512.7,120,515.3,80,0,2920
FINNIFTY02JAN2420900CE.NFO,02/01/2024,09:20:06,511.5,514.1,40,515.75,120,0,2920
FINNIFTY02JAN2420900CE.NFO,02/01/2024,09:20:08,511.5,513.9,40,515.45,200,0,2920
FINNIFTY02JAN2420900CE.NFO,02/01/2024,09:20:09,511.5,514,40,515.6,40,0,2920
FINNIFTY02JAN2420900CE.NFO,02/01/2024,09:20:11,511.5,514.8,40,516.35,200,0,2920
FINNIFTY02JAN2420900CE.NFO,02/01/2024,09:20:13,511.5,514.6,40,516.35,80,0,2920
FINNIFTY02JAN2420900CE.NFO,02/01/2024,09:20:14,511.5,514.7,120,516.4,80,0,2920
FINNIFTY02JAN2420900CE.NFO,02/01/2024,09:20:16,511.5,513.3,240,515.7,80,0,2920
FINNIFTY02JAN2420900CE.NFO,02/01/2024,09:20:18,511.5,513.35,40,514.9,200,0,2920
FINNIFTY02JAN2420900CE.NFO,02/01/2024,09:20:19,511.5,513.35,120,515,240,0,2920
FINNIFTY02JAN2420900CE.NFO,02/01/2024,09:20:21,511.5,513.7,40,515.2,40,0,2920
FINNIFTY02JAN2420900CE.NFO,02/01/2024,09:20:23,511.5,513.45,40,515.05,80,0,2920
FINNIFTY02JAN2420900CE.NFO,02/01/2024,09:20:24,511.5,512.3,40,513.9,40,0,2920
FINNIFTY02JAN2420900CE.NFO,02/01/2024,09:20:26,511.5,512.4,40,513.95,160,0,2920
FINNIFTY02JAN2420900CE.NFO,02/01/2024,09:20:28,511.5,511.7,40,513.25,40,0,2920
FINNIFTY02JAN2420900CE.NFO,02/01/2024,09:20:29,511.5,512.3,40,513.95,80,0,2920
FINNIFTY02JAN2420900CE.NFO,02/01/2024,09:20:31,511.5,511.75,40,513.25,40,0,2920
FINNIFTY02JAN2420900CE.NFO,02/01/2024,09:20:33,511.5,510.6,40,512.65,200,0,2920
FINNIFTY02JAN2420900CE.NFO,02/01/2024,09:20:35,511.5,511.15,80,512.85,240,0,2920
FINNIFTY02JAN2420900CE.NFO,02/01/2024,09:20:36,511.5,511.5,40,513.3,760,0,2920
FINNIFTY02JAN2420900CE.NFO,02/01/2024,09:20:38,511.5,510.7,40,512.65,40,0,2920
FINNIFTY02JAN2420900CE.NFO,02/01/2024,09:20:40,511.5,511.05,40,512.65,1440,0,2920
FINNIFTY02JAN2420900CE.NFO,02/01/2024,09:20:41,511.5,512.3,40,513.9,200,0,2920
FINNIFTY02JAN2420900CE.NFO,02/01/2024,09:20:43,511.5,511.6,80,513.5,400,0,2920
FINNIFTY02JAN2420900CE.NFO,02/01/2024,09:20:45,511.5,513.35,80,515.15,920,0,2920
FINNIFTY02JAN2420900CE.NFO,02/01/2024,09:20:46,511.5,514,40,515.55,80,0,2920
FINNIFTY02JAN2420900CE.NFO,02/01/2024,09:20:48,511.5,514.15,40,515.6,400,0,2920
FINNIFTY02JAN2420900CE.NFO,02/01/2024,09:20:50,511.5,514.4,40,516.3,80,0,2920
FINNIFTY02JAN2420900CE.NFO,02/01/2024,09:20:51,511.5,514.4,80,517.1,40,0,2920
FINNIFTY02JAN2420900CE.NFO,02/01/2024,09:20:53,511.5,514.7,360,516.75,120,0,2920
FINNIFTY02JAN2420900CE.NFO,02/01/2024,09:20:55,511.5,514.05,720,515.8,80,0,2920
FINNIFTY02JAN2420900CE.NFO,02/01/2024,09:20:56,511.5,515,40,516.75,40,0,2920
FINNIFTY02JAN2420900CE.NFO,02/01/2024,09:20:58,511.5,513.65,40,515.4,120,0,2920
FINNIFTY02JAN2420900CE.NFO,02/01/2024,09:21:00,511.5,513.45,80,515.3,720,0,2920
FINNIFTY02JAN2420900CE.NFO,02/01/2024,09:21:01,511.5,513.35,80,515.4,80,0,2920
FINNIFTY02JAN2420900CE.NFO,02/01/2024,09:21:03,511.5,514.05,80,516.1,200,0,2920
FINNIFTY02JAN2420900CE.NFO,02/01/2024,09:21:05,511.5,515.75,40,518.05,320,0,2920
FINNIFTY02JAN2420900CE.NFO,02/01/2024,09:21:06,523.8,519.3,880,524.6,560,320,2920
FINNIFTY02JAN2420900CE.NFO,02/01/2024,09:21:06,524.65,519.3,880,524.6,560,0,2920
FINNIFTY02JAN2420900CE.NFO,02/01/2024,09:21:08,523.05,520,80,522.7,200,40,2880
FINNIFTY02JAN2420900CE.NFO,02/01/2024,09:21:10,523.05,520.4,80,522.7,200,0,2880
FINNIFTY02JAN2420900CE.NFO,02/01/2024,09:21:11,523.05,523.5,40,525.7,40,0,2880
FINNIFTY02JAN2420900CE.NFO,02/01/2024,09:21:13,523.05,521.7,80,523.75,40,0,2880
FINNIFTY02JAN2420900CE.NFO,02/01/2024,09:21:15,523.05,521.2,40,522.5,40,0,2880
FINNIFTY02JAN2420900CE.NFO,02/01/2024,09:21:16,523.05,519.6,560,521.05,480,0,2880
FINNIFTY02JAN2420900CE.NFO,02/01/2024,09:21:18,523.05,520.3,40,522.2,40,0,2880
FINNIFTY02JAN2420900CE.NFO,02/01/2024,09:21:20,523.05,520.55,80,522.4,320,0,2880
FINNIFTY02JAN2420900CE.NFO,02/01/2024,09:21:21,523.05,520.7,80,522.85,80,0,2880
FINNIFTY02JAN2420900CE.NFO,02/01/2024,09:21:23,523.05,521.5,40,523.2,600,0,2880
FINNIFTY02JAN2420900CE.NFO,02/01/2024,09:21:25,523.05,522.4,80,525.6,560,0,2880
FINNIFTY02JAN2420900CE.NFO,02/01/2024,09:21:26,523.05,523.4,40,525.95,160,0,2880
FINNIFTY02JAN2420900CE.NFO,02/01/2024,09:21:28,530.05,530.3,40,533.1,200,80,2880
FINNIFTY02JAN2420900CE.NFO,02/01/2024,09:21:28,530.05,530.3,40,533.1,200,0,2880
FINNIFTY02JAN2420900CE.NFO,02/01/2024,09:21:31,530.05,527.1,80,528.95,200,0,2880
FINNIFTY02JAN2420900CE.NFO,02/01/2024,09:21:33,530.05,528.15,240,530.3,80,0,2880
FINNIFTY02JAN2420900CE.NFO,02/01/2024,09:21:34,530.05,527.75,40,530,200,0,2880
FINNIFTY02JAN2420900CE.NFO,02/01/2024,09:21:36,530.05,526.1,40,527.8,200,0,2880
FINNIFTY02JAN2420900CE.NFO,02/01/2024,09:21:38,530.05,525.85,40,528.05,320,0,2880
FINNIFTY02JAN2420900CE.NFO,02/01/2024,09:21:39,530.05,524.7,40,526.9,40,0,2880
FINNIFTY02JAN2420900CE.NFO,02/01/2024,09:21:41,530.05,525.3,40,527.1,120,0,2880
FINNIFTY02JAN2420900CE.NFO,02/01/2024,09:21:43,530.05,524.55,560,525.75,120,0,2880
FINNIFTY02JAN2420900CE.NFO,02/01/2024,09:21:44,530.05,524.55,560,526.05,760,0,2880
FINNIFTY02JAN2420900CE.NFO,02/01/2024,09:21:46,530.05,524.85,40,526.4,40,0,2880
FINNIFTY02JAN2420900CE.NFO,02/01/2024,09:21:48,530.05,524.55,560,525.8,200,0,2880
FINNIFTY02JAN2420900CE.NFO,02/01/2024,09:21:49,530.05,524.6,40,526.25,40,0,2880
FINNIFTY02JAN2420900CE.NFO,02/01/2024,09:21:51,530.05,524.55,560,525.85,120,0,2880
FINNIFTY02JAN2420900CE.NFO,02/01/2024,09:21:53,530.05,524.55,560,525.85,80,0,2880
FINNIFTY02JAN2420900CE.NFO,02/01/2024,09:21:54,530.05,524.55,560,526,120,0,2880
FINNIFTY02JAN2420900CE.NFO,02/01/2024,09:21:56,530.05,525.25,80,526.9,120,0,2880
FINNIFTY02JAN2420900CE.NFO,02/01/2024,09:21:58,530.05,526.3,120,528,200,0,2880
FINNIFTY02JAN2420900CE.NFO,02/01/2024,09:21:59,530.05,527.2,40,529.25,3880,0,2880
FINNIFTY02JAN2420900CE.NFO,02/01/2024,09:22:01,530.05,525.2,80,527.5,640,0,2880
FINNIFTY02JAN2420900CE.NFO,02/01/2024,09:22:03,530.05,525.9,40,527.7,200,0,2880
FINNIFTY02JAN2420900CE.NFO,02/01/2024,09:22:04,530.05,525.3,120,527.35,80,0,2880
FINNIFTY02JAN2420900CE.NFO,02/01/2024,09:22:06,530.05,525.2,40,526.85,240,0,2880
FINNIFTY02JAN2420900CE.NFO,02/01/2024,09:22:08,530.05,524.35,80,525.95,200,0,2880
FINNIFTY02JAN2420900CE.NFO,02/01/2024,09:22:09,530.05,524.5,240,526.1,560,0,2880
FINNIFTY02JAN2420900CE.NFO,02/01/2024,09:22:11,530.05,525,40,526.75,40,0,2880
FINNIFTY02JAN2420900CE.NFO,02/01/2024,09:22:13,530.05,524.9,40,526.65,1400,0,2880
FINNIFTY02JAN2420900CE.NFO,02/01/2024,09:22:14,530.05,524.55,40,526.2,160,0,2880
FINNIFTY02JAN2420900CE.NFO,02/01/2024,09:22:16,530.05,523.2,80,525.45,200,0,2880
FINNIFTY02JAN2420900CE.NFO,02/01/2024,09:22:18,530.05,522.45,40,524.1,320,0,2880
FINNIFTY02JAN2420900CE.NFO,02/01/2024,09:22:19,530.05,523.4,120,525.05,40,0,2880
FINNIFTY02JAN2420900CE.NFO,02/01/2024,09:22:21,530.05,522.5,160,524,80,0,2880
FINNIFTY02JAN2420900CE.NFO,02/01/2024,09:22:23,530.05,522.4,160,524,40,0,2880
FINNIFTY02JAN2420900CE.NFO,02/01/2024,09:22:24,530.05,521.6,40,523.65,1360,0,2880
FINNIFTY02JAN2420900CE.NFO,02/01/2024,09:22:26,530.05,521.2,40,522.75,40,0,2880
FINNIFTY02JAN2420900CE.NFO,02/01/2024,09:22:28,530.05,519.3,560,521.1,360,0,2880
FINNIFTY02JAN2420900CE.NFO,02/01/2024,09:22:29,530.05,519.45,40,521.6,1040,0,2880
FINNIFTY02JAN2420900CE.NFO,02/01/2024,09:22:31,530.05,519.7,80,521.45,120,0,2880
FINNIFTY02JAN2420900CE.NFO,02/01/2024,09:22:33,530.05,519.7,40,521.25,320,0,2880
FINNIFTY02JAN2420900CE.NFO,02/01/2024,09:22:34,530.05,518.25,40,519.85,120,0,2880
FINNIFTY02JAN2420900CE.NFO,02/01/2024,09:22:36,530.05,516.45,40,518.55,400,0,2880
FINNIFTY02JAN2420900CE.NFO,02/01/2024,09:22:38,530.05,517.4,40,519.45,200,0,2880
FINNIFTY02JAN2420900CE.NFO,02/01/2024,09:22:39,530.05,517.75,40,519.6,40,0,2880
FINNIFTY02JAN2420900CE.NFO,02/01/2024,09:22:41,530.05,517.75,40,519.35,520,0,2880
FINNIFTY02JAN2420900CE.NFO,02/01/2024,09:22:43,530.05,517.45,80,519.25,80,0,2880
FINNIFTY02JAN2420900CE.NFO,02/01/2024,09:22:44,530.05,517.85,40,519.65,40,0,2880
FINNIFTY02JAN2420900CE.NFO,02/01/2024,09:22:46,530.05,518.5,240,521.5,240,0,2880
FINNIFTY02JAN2420900CE.NFO,02/01/2024,09:22:48,530.05,518.85,40,520.4,280,0,2880
FINNIFTY02JAN2420900CE.NFO,02/01/2024,09:22:49,530.05,518,560,519.4,400,0,2880
FINNIFTY02JAN2420900CE.NFO,02/01/2024,09:22:51,530.05,519,80,520.95,80,0,2880
FINNIFTY02JAN2420900CE.NFO,02/01/2024,09:22:53,530.05,520.05,40,521.65,40,0,2880
FINNIFTY02JAN2420900CE.NFO,02/01/2024,09:22:54,530.05,519.15,80,520.85,200,0,2880
FINNIFTY02JAN2420900CE.NFO,02/01/2024,09:22:56,530.05,519.2,80,520.9,40,0,2880
FINNIFTY02JAN2420900CE.NFO,02/01/2024,09:22:58,530.05,520.65,40,522.7,200,0,2880
FINNIFTY02JAN2420900CE.NFO,02/01/2024,09:22:59,530.05,520.25,40,521.85,240,0,2880
FINNIFTY02JAN2420900CE.NFO,02/01/2024,09:23:01,530.05,519.8,40,521.45,320,0,2880
FINNIFTY02JAN2420900CE.NFO,02/01/2024,09:23:03,530.05,519.35,40,521.3,240,0,2880
FINNIFTY02JAN2420900CE.NFO,02/01/2024,09:23:04,530.05,520.3,80,522.9,200,0,2880
FINNIFTY02JAN2420900CE.NFO,02/01/2024,09:23:06,530.05,521.7,40,523.5,3760,0,2880
FINNIFTY02JAN2420900CE.NFO,02/01/2024,09:23:08,530.05,523.9,80,525.7,120,0,2880
FINNIFTY02JAN2420900CE.NFO,02/01/2024,09:23:09,530.05,523.75,40,525.4,240,0,2880
FINNIFTY02JAN2420900CE.NFO,02/01/2024,09:23:11,530.05,523.3,560,524.35,200,0,2880
FINNIFTY02JAN2420900CE.NFO,02/01/2024,09:23:13,530.05,523.1,40,525.1,2320,0,2880
FINNIFTY02JAN2420900CE.NFO,02/01/2024,09:23:14,530.05,523.65,40,525.35,80,0,2880
FINNIFTY02JAN2420900CE.NFO,02/01/2024,09:23:16,530.05,524.1,40,525.5,280,0,2880
FINNIFTY02JAN2420900CE.NFO,02/01/2024,09:23:18,530.05,525.35,40,526.85,80,0,2880
FINNIFTY02JAN2420900CE.NFO,02/01/2024,09:23:19,530.05,523.9,80,525.7,120,0,2880
FINNIFTY02JAN2420900CE.NFO,02/01/2024,09:23:21,530.05,523.6,40,525.15,240,0,2880
FINNIFTY02JAN2420900CE.NFO,02/01/2024,09:23:23,530.05,524.1,40,525.6,80,0,2880
FINNIFTY02JAN2420900CE.NFO,02/01/2024,09:23:24,530.05,523.95,40,525.55,160,0,2880
FINNIFTY02JAN2420900CE.NFO,02/01/2024,09:23:26,530.05,523.2,560,524.5,200,0,2880
FINNIFTY02JAN2420900CE.NFO,02/01/2024,09:23:28,530.05,523.2,560,524.5,80,0,2880
FINNIFTY02JAN2420900CE.NFO,02/01/2024,09:23:29,530.05,521.65,560,522.9,40,0,2880
FINNIFTY02JAN2420900CE.NFO,02/01/2024,09:23:30,530.05,521.65,560,523.2,5240,0,2880
FINNIFTY02JAN2420900CE.NFO,02/01/2024,09:23:31,530.05,522.25,80,524.1,40,0,2880
FINNIFTY02JAN2420900CE.NFO,02/01/2024,09:23:33,530.05,523.45,80,525.3,120,0,2880
FINNIFTY02JAN2420900CE.NFO,02/01/2024,09:23:35,530.05,523.3,80,524.7,80,0,2880
FINNIFTY02JAN2420900CE.NFO,02/01/2024,09:23:36,530.05,523.3,40,524.75,80,0,2880
FINNIFTY02JAN2420900CE.NFO,02/01/2024,09:23:38,530.05,524.4,80,526.7,480,0,2880
FINNIFTY02JAN2420900CE.NFO,02/01/2024,09:23:40,530.05,524.35,40,525.85,200,0,2880
FINNIFTY02JAN2420900CE.NFO,02/01/2024,09:23:41,530.05,524.2,560,524.95,120,0,2880
FINNIFTY02JAN2420900CE.NFO,02/01/2024,09:23:43,530.05,523.25,80,524.7,40,0,2880
FINNIFTY02JAN2420900CE.NFO,02/01/2024,09:23:45,530.05,523.5,80,525.05,120,0,2880
FINNIFTY02JAN2420900CE.NFO,02/01/2024,09:23:46,530.05,523.4,80,524.75,200,0,2880
FINNIFTY02JAN2420900CE.NFO,02/01/2024,09:23:48,530.05,521.7,40,523.1,120,0,2880
FINNIFTY02JAN2420900CE.NFO,02/01/2024,09:23:50,530.05,521.7,40,523.2,160,0,2880
FINNIFTY02JAN2420900CE.NFO,02/01/2024,09:23:51,530.05,521.65,40,523.2,120,0,2880
FINNIFTY02JAN2420900CE.NFO,02/01/2024,09:23:53,530.05,522.45,40,524,200,0,2880
FINNIFTY02JAN2420900CE.NFO,02/01/2024,09:23:55,530.05,521.45,40,522.95,400,0,2880
FINNIFTY02JAN2420900CE.NFO,02/01/2024,09:23:56,530.05,521.3,40,522.8,200,0,2880
FINNIFTY02JAN2420900CE.NFO,02/01/2024,09:23:58,530.05,519.85,80,521.45,120,0,2880
FINNIFTY02JAN2420900CE.NFO,02/01/2024,09:24:00,530.05,519.3,40,520.9,80,0,2880
FINNIFTY02JAN2420900CE.NFO,02/01/2024,09:24:01,530.05,519.05,560,520.25,160,0,2880
FINNIFTY02JAN2420900CE.NFO,02/01/2024,09:24:03,530.05,518.45,40,519.95,80,0,2880
FINNIFTY02JAN2420900CE.NFO,02/01/2024,09:24:05,530.05,519.5,200,520.95,200,0,2880
FINNIFTY02JAN2420900CE.NFO,02/01/2024,09:24:06,530.05,520.85,40,522.45,600,0,2880
FINNIFTY02JAN2420900CE.NFO,02/01/2024,09:24:08,530.05,520.35,80,521.85,40,0,2880
FINNIFTY02JAN2420900CE.NFO,02/01/2024,09:24:10,530.05,520.55,40,522.15,160,0,2880
FINNIFTY02JAN2420900CE.NFO,02/01/2024,09:24:11,530.05,521.45,40,523.1,200,0,2880
FINNIFTY02JAN2420900CE.NFO,02/01/2024,09:24:13,530.05,521.8,80,523.4,120,0,2880
FINNIFTY02JAN2420900CE.NFO,02/01/2024,09:24:15,530.05,520.55,2640,523.05,360,0,2880
FINNIFTY02JAN2420900CE.NFO,02/01/2024,09:24:16,530.05,520.45,600,521.9,480,0,2880
FINNIFTY02JAN2420900CE.NFO,02/01/2024,09:24:18,530.05,520.45,560,521.75,840,0,2880
FINNIFTY02JAN2420900CE.NFO,02/01/2024,09:24:20,530.05,519.75,40,521.25,200,0,2880
FINNIFTY02JAN2420900CE.NFO,02/01/2024,09:24:21,530.05,519,560,520.15,240,0,2880
FINNIFTY02JAN2420900CE.NFO,02/01/2024,09:24:23,530.05,517.5,40,519.1,360,0,2880
FINNIFTY02JAN2420900CE.NFO,02/01/2024,09:24:25,530.05,517.6,80,519,80,0,2880
FINNIFTY02JAN2420900CE.NFO,02/01/2024,09:24:26,530.05,518.05,40,519.8,1000,0,2880
FINNIFTY02JAN2420900CE.NFO,02/01/2024,09:24:28,530.05,517.9,40,519.5,200,0,2880
FINNIFTY02JAN2420900CE.NFO,02/01/2024,09:24:30,530.05,518,40,519.5,800,0,2880
FINNIFTY02JAN2420900CE.NFO,02/01/2024,09:24:31,530.05,517.95,120,519.45,760,0,2880
FINNIFTY02JAN2420900CE.NFO,02/01/2024,09:24:33,530.05,517.45,560,519.05,120,0,2880
FINNIFTY02JAN2420900CE.NFO,02/01/2024,09:24:35,530.05,517.45,560,519.05,200,0,2880
FINNIFTY02JAN2420900CE.NFO,02/01/2024,09:24:36,530.05,518.55,80,520.85,400,0,2880
FINNIFTY02JAN2420900CE.NFO,02/01/2024,09:24:38,530.05,519.65,40,521.3,40,0,2880
FINNIFTY02JAN2420900CE.NFO,02/01/2024,09:24:40,530.05,519,40,520.4,120,0,2880
FINNIFTY02JAN2420900CE.NFO,02/01/2024,09:24:41,530.05,520.05,40,521.55,200,0,2880
FINNIFTY02JAN2420900CE.NFO,02/01/2024,09:24:43,530.05,519.55,40,521.25,120,0,2880
FINNIFTY02JAN2420900CE.NFO,02/01/2024,09:24:45,530.05,519.85,40,521.6,120,0,2880
FINNIFTY02JAN2420900CE.NFO,02/01/2024,09:24:46,530.05,520.35,80,521.85,200,0,2880
FINNIFTY02JAN2420900CE.NFO,02/01/2024,09:24:48,530.05,520.7,80,523.7,320,0,2880
FINNIFTY02JAN2420900CE.NFO,02/01/2024,09:24:50,530.05,521.7,40,523.1,80,0,2880
FINNIFTY02JAN2420900CE.NFO,02/01/2024,09:24:51,530.05,521.3,40,522.8,200,0,2880
FINNIFTY02JAN2420900CE.NFO,02/01/2024,09:24:53,530.05,520.55,40,522.05,240,0,2880
FINNIFTY02JAN2420900CE.NFO,02/01/2024,09:24:55,530.05,518.25,40,520.4,120,0,2880
FINNIFTY02JAN2420900CE.NFO,02/01/2024,09:24:56,530.05,518.05,600,519.45,120,0,2880
FINNIFTY02JAN2420900CE.NFO,02/01/2024,09:24:58,530.05,518.3,40,519.65,120,0,2880
FINNIFTY02JAN2420900CE.NFO,02/01/2024,09:25:00,530.05,517,40,518.5,200,0,2880
FINNIFTY02JAN2420900CE.NFO,02/01/2024,09:25:01,530.05,517.05,40,518.8,360,0,2880
FINNIFTY02JAN2420900CE.NFO,02/01/2024,09:25:03,530.05,518.75,80,521,40,0,2880
FINNIFTY02JAN2420900CE.NFO,02/01/2024,09:25:05,530.05,518,560,519.35,200,0,2880
FINNIFTY02JAN2420900CE.NFO,02/01/2024,09:25:06,530.05,518.45,40,519.8,120,0,2880
FINNIFTY02JAN2420900CE.NFO,02/01/2024,09:25:08,530.05,519.45,40,520.9,120,0,2880
FINNIFTY02JAN2420900CE.NFO,02/01/2024,09:25:10,530.05,518.75,560,519.85,80,0,2880
FINNIFTY02JAN2420900CE.NFO,02/01/2024,09:25:12,530.05,517.5,40,519.45,1960,0,2880
FINNIFTY02JAN2420900CE.NFO,02/01/2024,09:25:13,530.05,517.6,40,519.2,200,0,2880
FINNIFTY02JAN2420900CE.NFO,02/01/2024,09:25:15,530.05,517.65,40,519.15,240,0,2880
FINNIFTY02JAN2420900CE.NFO,02/01/2024,09:25:17,530.05,517.55,40,519.15,320,0,2880
FINNIFTY02JAN2420900CE.NFO,02/01/2024,09:25:18,530.05,518.15,40,519.95,280,0,2880
FINNIFTY02JAN2420900CE.NFO,02/01/2024,09:25:20,530.05,518.3,40,519.9,640,0,2880
FINNIFTY02JAN2420900CE.NFO,02/01/2024,09:25:22,530.05,519.45,40,520.85,120,0,2880
FINNIFTY02JAN2420900CE.NFO,02/01/2024,09:25:23,530.05,518.9,40,520.4,120,0,2880
FINNIFTY02JAN2420900CE.NFO,02/01/2024,09:25:25,530.05,518.9,40,520.4,160,0,2880
FINNIFTY02JAN2420900CE.NFO,02/01/2024,09:25:27,530.05,519.65,80,521.6,200,0,2880
FINNIFTY02JAN2420900CE.NFO,02/01/2024,09:25:28,530.05,519.55,40,521.45,120,0,2880
FINNIFTY02JAN2420900CE.NFO,02/01/2024,09:25:30,530.05,521,40,522.4,160,0,2880
FINNIFTY02JAN2420900CE.NFO,02/01/2024,09:25:32,530.05,521.35,40,523.4,240,0,2880
FINNIFTY02JAN2420900CE.NFO,02/01/2024,09:25:33,530.05,521.85,40,523.4,40,0,2880
FINNIFTY02JAN2420900CE.NFO,02/01/2024,09:25:35,530.05,522.4,40,524.15,120,0,2880
FINNIFTY02JAN2420900CE.NFO,02/01/2024,09:25:37,530.05,523.15,40,524.6,40,0,2880
FINNIFTY02JAN2420900CE.NFO,02/01/2024,09:25:38,530.05,522.3,40,523.85,160,0,2880
FINNIFTY02JAN2420900CE.NFO,02/01/2024,09:25:40,530.05,521.7,560,522.9,120,0,2880
FINNIFTY02JAN2420900CE.NFO,02/01/2024,09:25:42,530.05,522.2,40,523.75,120,0,2880
FINNIFTY02JAN2420900CE.NFO,02/01/2024,09:25:43,530.05,522.3,40,524.05,360,0,2880
FINNIFTY02JAN2420900CE.NFO,02/01/2024,09:25:45,530.05,522.2,40,523.6,40,0,2880
FINNIFTY02JAN2420900CE.NFO,02/01/2024,09:25:47,530.05,521.3,40,522.95,160,0,2880
FINNIFTY02JAN2420900CE.NFO,02/01/2024,09:25:48,530.05,521.65,40,523.05,120,0,2880
FINNIFTY02JAN2420900CE.NFO,02/01/2024,09:25:50,530.05,520.75,40,522.3,40,0,2880
FINNIFTY02JAN2420900CE.NFO,02/01/2024,09:25:52,530.05,520.8,40,522.25,80,0,2880
FINNIFTY02JAN2420900CE.NFO,02/01/2024,09:25:53,530.05,521.45,40,523.25,160,0,2880
FINNIFTY02JAN2420900CE.NFO,02/01/2024,09:25:55,530.05,523.3,40,525,320,0,2880
FINNIFTY02JAN2420900CE.NFO,02/01/2024,09:25:57,530.05,523.6,40,525.2,120,0,2880
FINNIFTY02JAN2420900CE.NFO,02/01/2024,09:25:58,530.05,524.4,120,526.15,240,0,2880
FINNIFTY02JAN2420900CE.NFO,02/01/2024,09:26:00,530.05,524.9,40,526.85,120,0,2880
FINNIFTY02JAN2420900CE.NFO,02/01/2024,09:26:02,530.05,525.65,80,527.2,200,0,2880
FINNIFTY02JAN2420900CE.NFO,02/01/2024,09:26:03,530.05,525.05,40,526.75,160,0,2880
FINNIFTY02JAN2420900CE.NFO,02/01/2024,09:26:05,530.05,525.05,40,526.6,40,0,2880
FINNIFTY02JAN2420900CE.NFO,02/01/2024,09:26:07,530.05,525.55,40,527.2,240,0,2880
FINNIFTY02JAN2420900CE.NFO,02/01/2024,09:26:08,530.05,525.2,80,526.8,40,0,2880
FINNIFTY02JAN2420900CE.NFO,02/01/2024,09:26:10,530.05,525.05,80,526.6,160,0,2880
FINNIFTY02JAN2420900CE.NFO,02/01/2024,09:26:12,530.05,525.05,40,526.55,320,0,2880
FINNIFTY02JAN2420900CE.NFO,02/01/2024,09:26:13,530.05,526.25,80,528.6,400,0,2880
FINNIFTY02JAN2420900CE.NFO,02/01/2024,09:26:15,530.05,529,40,530.55,40,0,2880
FINNIFTY02JAN2420900CE.NFO,02/01/2024,09:26:17,530.05,531,680,553.1,160,0,2880
FINNIFTY02JAN2420900CE.NFO,02/01/2024,09:26:18,530.05,537.35,120,552.25,2160,0,2880
FINNIFTY02JAN2420900CE.NFO,02/01/2024,09:26:20,530.05,541.5,240,545,560,0,2880
FINNIFTY02JAN2420900CE.NFO,02/01/2024,09:26:22,530.05,542.4,40,545.45,360,0,2880
FINNIFTY02JAN2420900CE.NFO,02/01/2024,09:26:23,530.05,541.5,120,544.55,320,0,2880
FINNIFTY02JAN2420900CE.NFO,02/01/2024,09:26:25,530.05,541.1,80,543.4,680,0,2880
FINNIFTY02JAN2420900CE.NFO,02/01/2024,09:26:27,530.05,540.1,320,542.9,120,0,2880
FINNIFTY02JAN2420900CE.NFO,02/01/2024,09:26:28,530.05,542.05,80,544.95,200,0,2880
FINNIFTY02JAN2420900CE.NFO,02/01/2024,09:26:30,530.05,546.35,320,551.95,200,0,2880
FINNIFTY02JAN2420900CE.NFO,02/01/2024,09:26:31,530.05,548.35,40,550.9,200,0,2880
FINNIFTY02JAN2420900CE.NFO,02/01/2024,09:26:33,530.05,546.6,40,548.7,120,0,2880
FINNIFTY02JAN2420900CE.NFO,02/01/2024,09:26:35,530.05,545.8,80,548.2,40,0,2880
FINNIFTY02JAN2420900CE.NFO,02/01/2024,09:26:36,530.05,547.25,80,550.1,160,0,2880
FINNIFTY02JAN2420900CE.NFO,02/01/2024,09:26:38,530.05,553.4,840,557.85,520,0,2880
FINNIFTY02JAN2420900CE.NFO,02/01/2024,09:26:40,530.05,557.85,80,562,560,0,2880
FINNIFTY02JAN2420900CE.NFO,02/01/2024,09:26:41,530.05,558.05,40,560.55,240,0,2880
FINNIFTY02JAN2420900CE.NFO,02/01/2024,09:26:43,530.05,558.35,680,562.45,40,0,2880
FINNIFTY02JAN2420900CE.NFO,02/01/2024,09:26:45,530.05,565,560,568.2,240,0,2880
FINNIFTY02JAN2420900CE.NFO,02/01/2024,09:26:46,530.05,566,560,569,560,0,2880
FINNIFTY02JAN2420900CE.NFO,02/01/2024,09:26:48,530.05,563.9,40,566.75,520,0,2880
FINNIFTY02JAN2420900CE.NFO,02/01/2024,09:26:50,530.05,563.3,120,565.85,520,0,2880
FINNIFTY02JAN2420900CE.NFO,02/01/2024,09:26:51,530.05,564.55,80,567.45,200,0,2880
FINNIFTY02JAN2420900CE.NFO,02/01/2024,09:26:53,530.05,560.8,40,563.6,200,0,2880
FINNIFTY02JAN2420900CE.NFO,02/01/2024,09:26:55,530.05,558.1,80,560.95,360,0,2880
FINNIFTY02JAN2420900CE.NFO,02/01/2024,09:26:56,530.05,558.35,80,561.55,240,0,2880
FINNIFTY02JAN2420900CE.NFO,02/01/2024,09:26:58,530.05,556.75,40,558.85,320,0,2880
FINNIFTY02JAN2420900CE.NFO,02/01/2024,09:27:00,530.05,557.05,40,559.75,120,0,2880
FINNIFTY02JAN2420900CE.NFO,02/01/2024,09:27:01,530.05,560.35,40,563.45,200,0,2880
FINNIFTY02JAN2420900CE.NFO,02/01/2024,09:27:03,530.05,559.2,320,562.5,160,0,2880
FINNIFTY02JAN2420900CE.NFO,02/01/2024,09:27:05,530.05,560.1,80,562.15,40,0,2880
FINNIFTY02JAN2420900CE.NFO,02/01/2024,09:27:06,530.05,559.05,80,561.35,40,0,2880
FINNIFTY02JAN2420900CE.NFO,02/01/2024,09:27:08,530.05,562.05,40,564.95,40,0,2880
FINNIFTY02JAN2420900CE.NFO,02/01/2024,09:27:10,530.05,560.6,40,563.25,40,0,2880
FINNIFTY02JAN2420900CE.NFO,02/01/2024,09:27:11,530.05,558.15,80,560.7,360,0,2880
FINNIFTY02JAN2420900CE.NFO,02/01/2024,09:27:13,530.05,561.35,80,563.75,120,0,2880
FINNIFTY02JAN2420900CE.NFO,02/01/2024,09:27:15,530.05,558.45,40,560.4,200,0,2880
FINNIFTY02JAN2420900CE.NFO,02/01/2024,09:27:17,530.05,557.95,40,559.95,120,0,2880
FINNIFTY02JAN2420900CE.NFO,02/01/2024,09:27:18,530.05,558.35,40,560.4,40,0,2880
FINNIFTY02JAN2420900CE.NFO,02/01/2024,09:27:20,530.05,557.55,80,559.3,600,0,2880
FINNIFTY02JAN2420900CE.NFO,02/01/2024,09:27:22,530.05,558.35,40,560.35,200,0,2880
FINNIFTY02JAN2420900CE.NFO,02/01/2024,09:27:23,530.05,559.1,40,560.85,200,0,2880
FINNIFTY02JAN2420900CE.NFO,02/01/2024,09:27:25,530.05,558.2,40,559.95,200,0,2880
FINNIFTY02JAN2420900CE.NFO,02/01/2024,09:27:27,530.05,555.3,40,557.1,800,0,2880
FINNIFTY02JAN2420900CE.NFO,02/01/2024,09:27:28,530.05,554.4,40,556.65,160,0,2880
FINNIFTY02JAN2420900CE.NFO,02/01/2024,09:27:30,530.05,554.45,40,556.4,200,0,2880
FINNIFTY02JAN2420900CE.NFO,02/01/2024,09:27:32,530.05,548.2,8320,555.35,80,0,2880
FINNIFTY02JAN2420900CE.NFO,02/01/2024,09:27:33,530.05,552.75,40,554.75,160,0,2880
FINNIFTY02JAN2420900CE.NFO,02/01/2024,09:27:35,530.05,554.25,160,556.2,120,0,2880
FINNIFTY02JAN2420900CE.NFO,02/01/2024,09:27:37,530.05,556.5,40,558.65,160,0,2880
FINNIFTY02JAN2420900CE.NFO,02/01/2024,09:27:38,530.05,556.8,80,558.7,40,0,2880
FINNIFTY02JAN2420900CE.NFO,02/01/2024,09:27:40,530.05,555.45,40,557.15,80,0,2880
FINNIFTY02JAN2420900CE.NFO,02/01/2024,09:27:42,530.05,556,560,558.1,240,0,2880
FINNIFTY02JAN2420900CE.NFO,02/01/2024,09:27:43,530.05,557.85,40,559.85,120,0,2880
FINNIFTY02JAN2420900CE.NFO,02/01/2024,09:27:45,530.05,556.25,40,558.05,120,0,2880
FINNIFTY02JAN2420900CE.NFO,02/01/2024,09:27:47,530.05,555.3,40,557.15,1080,0,2880
FINNIFTY02JAN2420900CE.NFO,02/01/2024,09:27:48,530.05,556.1,40,557.8,40,0,2880
FINNIFTY02JAN2420900CE.NFO,02/01/2024,09:27:50,530.05,558,40,559.65,80,0,2880
FINNIFTY02JAN2420900CE.NFO,02/01/2024,09:27:52,530.05,559.35,80,561.9,640,0,2880
FINNIFTY02JAN2420900CE.NFO,02/01/2024,09:27:53,530.05,563.5,40,565.6,120,0,2880
FINNIFTY02JAN2420900CE.NFO,02/01/2024,09:27:55,530.05,562.9,40,565.35,160,0,2880
FINNIFTY02JAN2420900CE.NFO,02/01/2024,09:27:57,530.05,566.1,40,568.65,160,0,2880
FINNIFTY02JAN2420900CE.NFO,02/01/2024,09:27:58,530.05,570.2,80,573.7,160,0,2880
FINNIFTY02JAN2420900CE.NFO,02/01/2024,09:28:00,530.05,570.35,80,574.05,200,0,2880
FINNIFTY02JAN2420900CE.NFO,02/01/2024,09:28:02,530.05,568.2,640,572.75,200,0,2880
FINNIFTY02JAN2420900CE.NFO,02/01/2024,09:28:03,530.05,573,520,575.65,40,0,2880
FINNIFTY02JAN2420900CE.NFO,02/01/2024,09:28:05,530.05,572.05,120,574.65,200,0,2880
FINNIFTY02JAN2420900CE.NFO,02/01/2024,09:28:07,530.05,569.15,80,571.35,200,0,2880
FINNIFTY02JAN2420900CE.NFO,02/01/2024,09:28:08,530.05,562.75,1760,571.1,600,0,2880
FINNIFTY02JAN2420900CE.NFO,02/01/2024,09:28:10,530.05,567.3,40,570.2,120,0,2880
FINNIFTY02JAN2420900CE.NFO,02/01/2024,09:28:12,530.05,568.35,40,570.75,240,0,2880
FINNIFTY02JAN2420900CE.NFO,02/01/2024,09:28:13,530.05,567.1,40,569.4,200,0,2880
FINNIFTY02JAN2420900CE.NFO,02/01/2024,09:28:15,530.05,566.15,80,568.9,160,0,2880
FINNIFTY02JAN2420900CE.NFO,02/01/2024,09:28:17,530.05,567.5,40,569.8,40,0,2880
FINNIFTY02JAN2420900CE.NFO,02/01/2024,09:28:18,530.05,566.7,40,568.9,760,0,2880
FINNIFTY02JAN2420900CE.NFO,02/01/2024,09:28:20,530.05,565.8,40,568.3,120,0,2880
FINNIFTY02JAN2420900CE.NFO,02/01/2024,09:28:22,530.05,566.7,40,569.15,200,0,2880
FINNIFTY02JAN2420900CE.NFO,02/01/2024,09:28:23,530.05,568,40,569.85,40,0,2880
FINNIFTY02JAN2420900CE.NFO,02/01/2024,09:28:25,530.05,571.25,40,573.5,160,0,2880
FINNIFTY02JAN2420900CE.NFO,02/01/2024,09:28:27,530.05,569.55,40,571.6,440,0,2880
FINNIFTY02JAN2420900CE.NFO,02/01/2024,09:28:28,530.05,568.75,40,570.65,240,0,2880
FINNIFTY02JAN2420900CE.NFO,02/01/2024,09:28:30,530.05,569.85,40,571.75,200,0,2880
FINNIFTY02JAN2420900CE.NFO,02/01/2024,09:28:32,530.05,568.2,40,569.95,40,0,2880
FINNIFTY02JAN2420900CE.NFO,02/01/2024,09:28:33,530.05,565.7,40,567.6,280,0,2880
FINNIFTY02JAN2420900CE.NFO,02/01/2024,09:28:35,530.05,565.05,80,567.8,1560,0,2880
FINNIFTY02JAN2420900CE.NFO,02/01/2024,09:28:37,530.05,564.4,80,567.05,40,0,2880
FINNIFTY02JAN2420900CE.NFO,02/01/2024,09:28:38,530.05,563.25,40,565.4,40,0,2880
FINNIFTY02JAN2420900CE.NFO,02/01/2024,09:28:40,530.05,564.6,40,568,80,0,2880
FINNIFTY02JAN2420900CE.NFO,02/01/2024,09:28:42,530.05,564.45,40,566.35,80,0,2880
FINNIFTY02JAN2420900CE.NFO,02/01/2024,09:28:43,530.05,564.6,40,566.85,120,0,2880
FINNIFTY02JAN2420900CE.NFO,02/01/2024,09:28:45,530.05,564.9,120,566.6,40,0,2880
FINNIFTY02JAN2420900CE.NFO,02/01/2024,09:28:47,530.05,566.25,40,568.2,640,0,2880
FINNIFTY02JAN2420900CE.NFO,02/01/2024,09:28:48,530.05,565.1,80,566.8,120,0,2880
FINNIFTY02JAN2420900CE.NFO,02/01/2024,09:28:50,530.05,565.6,40,567.5,40,0,2880
FINNIFTY02JAN2420900CE.NFO,02/01/2024,09:28:52,530.05,565.15,40,567.1,280,0,2880
FINNIFTY02JAN2420900CE.NFO,02/01/2024,09:28:53,530.05,564.85,40,566.7,40,0,2880
FINNIFTY02JAN2420900CE.NFO,02/01/2024,09:28:55,530.05,563.3,40,565.35,200,0,2880
FINNIFTY02JAN2420900CE.NFO,02/01/2024,09:28:57,530.05,562.3,80,564.65,200,0,2880
FINNIFTY02JAN2420900CE.NFO,02/01/2024,09:28:58,530.05,562.45,40,564.7,960,0,2880
FINNIFTY02JAN2420900CE.NFO,02/01/2024,09:29:00,530.05,561.1,40,563.65,40,0,2880
FINNIFTY02JAN2420900CE.NFO,02/01/2024,09:29:02,530.05,560.45,80,563.05,200,0,2880
FINNIFTY02JAN2420900CE.NFO,02/01/2024,09:29:03,530.05,559.3,80,561.5,120,0,2880
FINNIFTY02JAN2420900CE.NFO,02/01/2024,09:29:05,530.05,560.5,40,562.8,40,0,2880
FINNIFTY02JAN2420900CE.NFO,02/01/2024,09:29:07,530.05,560.3,120,562.35,160,0,2880
FINNIFTY02JAN2420900CE.NFO,02/01/2024,09:29:08,530.05,559.15,40,561.5,200,0,2880
FINNIFTY02JAN2420900CE.NFO,02/01/2024,09:29:10,530.05,560.6,40,562.7,40,0,2880
FINNIFTY02JAN2420900CE.NFO,02/01/2024,09:29:12,530.05,562.55,40,564.8,80,0,2880
FINNIFTY02JAN2420900CE.NFO,02/01/2024,09:29:13,530.05,562.4,80,564.7,40,0,2880
FINNIFTY02JAN2420900CE.NFO,02/01/2024,09:29:15,530.05,561.55,40,563.25,40,0,2880
FINNIFTY02JAN2420900CE.NFO,02/01/2024,09:29:17,530.05,561.1,80,562.95,240,0,2880
FINNIFTY02JAN2420900CE.NFO,02/01/2024,09:29:18,530.05,560.35,200,562.2,40,0,2880
FINNIFTY02JAN2420900CE.NFO,02/01/2024,09:29:20,530.05,558.9,40,560.85,120,0,2880
FINNIFTY02JAN2420900CE.NFO,02/01/2024,09:29:22,530.05,558.85,40,561.15,120,0,2880
FINNIFTY02JAN2420900CE.NFO,02/01/2024,09:29:23,530.05,559.65,40,561.65,120,0,2880
FINNIFTY02JAN2420900CE.NFO,02/01/2024,09:29:25,530.05,559.2,40,561.4,120,0,2880
FINNIFTY02JAN2420900CE.NFO,02/01/2024,09:29:27,530.05,558.1,80,559.75,40,0,2880
FINNIFTY02JAN2420900CE.NFO,02/01/2024,09:29:29,530.05,558,40,559.7,120,0,2880
FINNIFTY02JAN2420900CE.NFO,02/01/2024,09:29:30,530.05,559.45,40,561.3,320,0,2880
FINNIFTY02JAN2420900CE.NFO,02/01/2024,09:29:32,530.05,559.4,80,561.15,200,0,2880
FINNIFTY02JAN2420900CE.NFO,02/01/2024,09:29:33,530.05,558.85,80,560.55,360,0,2880
FINNIFTY02JAN2420900CE.NFO,02/01/2024,09:29:35,530.05,560,40,562.25,120,0,2880
FINNIFTY02JAN2420900CE.NFO,02/01/2024,09:29:37,530.05,561.7,120,563.35,40,0,2880
FINNIFTY02JAN2420900CE.NFO,02/01/2024,09:29:38,530.05,562.05,40,564.2,80,0,2880
FINNIFTY02JAN2420900CE.NFO,02/01/2024,09:29:40,530.05,561.55,40,563.4,80,0,2880
FINNIFTY02JAN2420900CE.NFO,02/01/2024,09:29:42,530.05,562.3,40,563.9,40,0,2880
FINNIFTY02JAN2420900CE.NFO,02/01/2024,09:29:43,530.05,560.7,40,562.45,80,0,2880
FINNIFTY02JAN2420900CE.NFO,02/01/2024,09:29:45,530.05,560.25,400,562.3,120,0,2880
FINNIFTY02JAN2420900CE.NFO,02/01/2024,09:29:47,530.05,559.55,40,561.15,40,0,2880
FINNIFTY02JAN2420900CE.NFO,02/01/2024,09:29:48,530.05,559.75,80,561.4,240,0,2880
FINNIFTY02JAN2420900CE.NFO,02/01/2024,09:29:50,530.05,560.5,40,562.2,40,0,2880
FINNIFTY02JAN2420900CE.NFO,02/01/2024,09:29:52,530.05,561.15,40,562.75,120,0,2880
FINNIFTY02JAN2420900CE.NFO,02/01/2024,09:29:53,530.05,559.6,40,563,520,0,2880
FINNIFTY02JAN2420900CE.NFO,02/01/2024,09:29:55,530.05,560.9,40,563,120,0,2880
FINNIFTY02JAN2420900CE.NFO,02/01/2024,09:29:57,530.05,560.25,40,561.8,240,0,2880
FINNIFTY02JAN2420900CE.NFO,02/01/2024,09:29:58,530.05,560.1,40,561.75,40,0,2880
FINNIFTY02JAN2420900CE.NFO,02/01/2024,09:30:00,530.05,560.55,80,563.15,120,0,2880
FINNIFTY02JAN2420900CE.NFO,02/01/2024,09:30:02,530.05,562.05,40,563.85,160,0,2880
FINNIFTY02JAN2420900CE.NFO,02/01/2024,09:30:03,530.05,559.15,80,561.1,40,0,2880
FINNIFTY02JAN2420900CE.NFO,02/01/2024,09:30:05,530.05,558,40,559.9,160,0,2880
FINNIFTY02JAN2420900CE.NFO,02/01/2024,09:30:07,530.05,557,40,559.05,120,0,2880
FINNIFTY02JAN2420900CE.NFO,02/01/2024,09:30:08,530.05,558.45,40,560.6,40,0,2880
FINNIFTY02JAN2420900CE.NFO,02/01/2024,09:30:10,530.05,559,40,560.8,400,0,2880
FINNIFTY02JAN2420900CE.NFO,02/01/2024,09:30:12,530.05,559.15,40,561.3,40,0,2880
FINNIFTY02JAN2420900CE.NFO,02/01/2024,09:30:13,530.05,560.3,40,562.75,680,0,2880
FINNIFTY02JAN2420900CE.NFO,02/01/2024,09:30:15,530.05,562.6,40,564.9,1760,0,2880
FINNIFTY02JAN2420900CE.NFO,02/01/2024,09:30:17,530.05,562.55,40,564.2,40,0,2880
FINNIFTY02JAN2420900CE.NFO,02/01/2024,09:30:18,530.05,564.05,80,566.3,120,0,2880
FINNIFTY02JAN2420900CE.NFO,02/01/2024,09:30:20,530.05,564.05,40,566.35,120,0,2880
FINNIFTY02JAN2420900CE.NFO,02/01/2024,09:30:22,530.05,563.25,40,565.1,40,0,2880
FINNIFTY02JAN2420900CE.NFO,02/01/2024,09:30:23,530.05,563.25,80,565.05,120,0,2880
FINNIFTY02JAN2420900CE.NFO,02/01/2024,09:30:25,530.05,562.05,40,564.2,120,0,2880
FINNIFTY02JAN2420900CE.NFO,02/01/2024,09:30:27,530.05,561.75,40,563.6,40,0,2880
FINNIFTY02JAN2420900CE.NFO,02/01/2024,09:30:28,530.05,561.5,40,563.15,40,0,2880
FINNIFTY02JAN2420900CE.NFO,02/01/2024,09:30:30,530.05,560.25,80,562.2,40,0,2880
FINNIFTY02JAN2420900CE.NFO,02/01/2024,09:30:32,530.05,558.85,40,560.9,40,0,2880
FINNIFTY02JAN2420900CE.NFO,02/01/2024,09:30:33,530.05,560.2,40,562.15,80,0,2880
FINNIFTY02JAN2420900CE.NFO,02/01/2024,09:30:35,530.05,560.35,40,562.15,40,0,2880
FINNIFTY02JAN2420900CE.NFO,02/01/2024,09:30:37,530.05,560.3,40,562.05,200,0,2880
FINNIFTY02JAN2420900CE.NFO,02/01/2024,09:30:38,530.05,559.8,40,561.55,200,0,2880
FINNIFTY02JAN2420900CE.NFO,02/01/2024,09:30:40,530.05,560.85,40,563.25,160,0,2880
FINNIFTY02JAN2420900CE.NFO,02/01/2024,09:30:42,530.05,562.55,80,564.35,240,0,2880
FINNIFTY02JAN2420900CE.NFO,02/01/2024,09:30:43,530.05,561.05,80,562.95,40,0,2880
FINNIFTY02JAN2420900CE.NFO,02/01/2024,09:30:45,530.05,561.75,80,563.55,200,0,2880
FINNIFTY02JAN2420900CE.NFO,02/01/2024,09:30:47,530.05,561.45,80,563.4,240,0,2880
FINNIFTY02JAN2420900CE.NFO,02/01/2024,09:30:48,530.05,561.35,40,563.2,1120,0,2880
FINNIFTY02JAN2420900CE.NFO,02/01/2024,09:30:50,530.05,561.2,40,562.75,40,0,2880
FINNIFTY02JAN2420900CE.NFO,02/01/2024,09:30:52,530.05,561.1,40,562.65,40,0,2880
FINNIFTY02JAN2420900CE.NFO,02/01/2024,09:30:53,530.05,560.9,120,562.6,120,0,2880
FINNIFTY02JAN2420900CE.NFO,02/01/2024,09:30:55,530.05,560.75,40,562.6,240,0,2880
FINNIFTY02JAN2420900CE.NFO,02/01/2024,09:30:56,530.05,560.25,40,561.9,200,0,2880
FINNIFTY02JAN2420900CE.NFO,02/01/2024,09:30:58,530.05,559.7,40,561.35,200,0,2880
FINNIFTY02JAN2420900CE.NFO,02/01/2024,09:31:00,530.05,558.35,40,560.35,200,0,2880
FINNIFTY02JAN2420900CE.NFO,02/01/2024,09:31:01,530.05,558.8,40,560.65,120,0,2880
FINNIFTY02JAN2420900CE.NFO,02/01/2024,09:31:03,530.05,558.2,120,559.85,40,0,2880
FINNIFTY02JAN2420900CE.NFO,02/01/2024,09:31:05,530.05,557.05,80,558.85,240,0,2880
FINNIFTY02JAN2420900CE.NFO,02/01/2024,09:31:06,530.05,556.8,80,558.75,200,0,2880
FINNIFTY02JAN2420900CE.NFO,02/01/2024,09:31:08,530.05,557.5,80,559.2,40,0,2880
FINNIFTY02JAN2420900CE.NFO,02/01/2024,09:31:10,530.05,557.75,120,559.75,40,0,2880
FINNIFTY02JAN2420900CE.NFO,02/01/2024,09:31:11,530.05,558.1,80,560.1,120,0,2880
FINNIFTY02JAN2420900CE.NFO,02/01/2024,09:31:13,530.05,555.75,200,557.5,200,0,2880
FINNIFTY02JAN2420900CE.NFO,02/01/2024,09:31:15,530.05,553.15,120,555.85,240,0,2880
FINNIFTY02JAN2420900CE.NFO,02/01/2024,09:31:16,530.05,554.05,200,556.95,760,0,2880
FINNIFTY02JAN2420900CE.NFO,02/01/2024,09:31:18,530.05,555.85,40,557.55,40,0,2880
FINNIFTY02JAN2420900CE.NFO,02/01/2024,09:31:20,530.05,555.5,80,557.45,40,0,2880
FINNIFTY02JAN2420900CE.NFO,02/01/2024,09:31:21,530.05,555.2,120,557.3,280,0,2880
FINNIFTY02JAN2420900CE.NFO,02/01/2024,09:31:23,530.05,555.3,80,557.8,120,0,2880
FINNIFTY02JAN2420900CE.NFO,02/01/2024,09:31:25,530.05,555.95,40,557.75,200,0,2880
FINNIFTY02JAN2420900CE.NFO,02/01/2024,09:31:26,530.05,557.65,80,559.9,120,0,2880
FINNIFTY02JAN2420900CE.NFO,02/01/2024,09:31:28,530.05,558.9,40,560.7,40,0,2880
FINNIFTY02JAN2420900CE.NFO,02/01/2024,09:31:29,530.05,557.75,40,559.6,40,0,2880
FINNIFTY02JAN2420900CE.NFO,02/01/2024,09:31:31,530.05,558,40,559.7,200,0,2880
FINNIFTY02JAN2420900CE.NFO,02/01/2024,09:31:33,530.05,557.45,40,559.1,240,0,2880
FINNIFTY02JAN2420900CE.NFO,02/01/2024,09:31:34,530.05,555.45,40,557.3,240,0,2880
FINNIFTY02JAN2420900CE.NFO,02/01/2024,09:31:36,530.05,555.65,40,557.25,120,0,2880
FINNIFTY02JAN2420900CE.NFO,02/01/2024,09:31:38,530.05,555.25,40,556.75,40,0,2880
FINNIFTY02JAN2420900CE.NFO,02/01/2024,09:31:39,530.05,555.15,40,556.85,120,0,2880
FINNIFTY02JAN2420900CE.NFO,02/01/2024,09:31:41,530.05,553.65,80,555.9,80,0,2880
FINNIFTY02JAN2420900CE.NFO,02/01/2024,09:31:43,530.05,554.3,40,556.05,40,0,2880
FINNIFTY02JAN2420900CE.NFO,02/01/2024,09:31:44,530.05,555,40,556.6,40,0,2880
FINNIFTY02JAN2420900CE.NFO,02/01/2024,09:31:46,530.05,555.2,80,557.35,40,0,2880
FINNIFTY02JAN2420900CE.NFO,02/01/2024,09:31:48,530.05,555.4,120,557.6,40,0,2880
FINNIFTY02JAN2420900CE.NFO,02/01/2024,09:31:50,530.05,556.2,40,557.8,120,0,2880
FINNIFTY02JAN2420900CE.NFO,02/01/2024,09:31:51,530.05,555.5,80,557.15,40,0,2880
FINNIFTY02JAN2420900CE.NFO,02/01/2024,09:31:53,530.05,554.45,80,556.05,40,0,2880
FINNIFTY02JAN2420900CE.NFO,02/01/2024,09:31:55,530.05,552.25,40,554.75,440,0,2880
FINNIFTY02JAN2420900CE.NFO,02/01/2024,09:31:56,530.05,552.65,80,554.65,360,0,2880
FINNIFTY02JAN2420900CE.NFO,02/01/2024,09:31:58,530.05,553.85,40,555.5,360,0,2880
FINNIFTY02JAN2420900CE.NFO,02/01/2024,09:32:00,530.05,554.25,40,556.25,240,0,2880
FINNIFTY02JAN2420900CE.NFO,02/01/2024,09:32:01,530.05,553.55,80,555.25,160,0,2880
FINNIFTY02JAN2420900CE.NFO,02/01/2024,09:32:03,530.05,552.8,40,554.7,120,0,2880
FINNIFTY02JAN2420900CE.NFO,02/01/2024,09:32:05,530.05,550.9,40,553.05,480,0,2880
FINNIFTY02JAN2420900CE.NFO,02/01/2024,09:32:06,530.05,551.45,80,553.3,280,0,2880
FINNIFTY02JAN2420900CE.NFO,02/01/2024,09:32:08,530.05,551.05,40,553.1,40,0,2880
FINNIFTY02JAN2420900CE.NFO,02/01/2024,09:32:10,530.05,551.2,40,552.9,480,0,2880
FINNIFTY02JAN2420900CE.NFO,02/01/2024,09:32:11,530.05,552.35,80,554.3,120,0,2880
FINNIFTY02JAN2420900CE.NFO,02/01/2024,09:32:13,530.05,553.65,40,555.7,360,0,2880
FINNIFTY02JAN2420900CE.NFO,02/01/2024,09:32:15,530.05,552.15,40,554,240,0,2880
FINNIFTY02JAN2420900CE.NFO,02/01/2024,09:32:16,530.05,551.45,40,553.45,40,0,2880
FINNIFTY02JAN2420900CE.NFO,02/01/2024,09:32:18,530.05,550.2,40,552.35,320,0,2880
FINNIFTY02JAN2420900CE.NFO,02/01/2024,09:32:19,530.05,548.3,40,550.05,200,0,2880
FINNIFTY02JAN2420900CE.NFO,02/01/2024,09:32:21,530.05,548.95,120,550.9,40,0,2880
FINNIFTY02JAN2420900CE.NFO,02/01/2024,09:32:23,530.05,549.15,40,551,40,0,2880
FINNIFTY02JAN2420900CE.NFO,02/01/2024,09:32:24,530.05,548.45,40,550.5,120,0,2880
FINNIFTY02JAN2420900CE.NFO,02/01/2024,09:32:26,530.05,548.75,40,550.85,800,0,2880
FINNIFTY02JAN2420900CE.NFO,02/01/2024,09:32:28,530.05,549.9,40,551.6,480,0,2880
FINNIFTY02JAN2420900CE.NFO,02/01/2024,09:32:29,530.05,550.65,40,552.45,40,0,2880
FINNIFTY02JAN2420900CE.NFO,02/01/2024,09:32:31,530.05,551.4,80,553.1,40,0,2880
FINNIFTY02JAN2420900CE.NFO,02/01/2024,09:32:33,530.05,550.55,40,552.1,40,0,2880
FINNIFTY02JAN2420900CE.NFO,02/01/2024,09:32:34,530.05,550.7,40,552.35,120,0,2880
FINNIFTY02JAN2420900CE.NFO,02/01/2024,09:32:36,530.05,550.1,40,551.75,360,0,2880
FINNIFTY02JAN2420900CE.NFO,02/01/2024,09:32:38,530.05,547.5,80,549.8,40,0,2880
FINNIFTY02JAN2420900CE.NFO,02/01/2024,09:32:39,530.05,547.65,40,549.95,160,0,2880
FINNIFTY02JAN2420900CE.NFO,02/01/2024,09:32:41,530.05,548.8,40,550.9,200,0,2880
FINNIFTY02JAN2420900CE.NFO,02/01/2024,09:32:43,530.05,547.9,40,549.65,40,0,2880
FINNIFTY02JAN2420900CE.NFO,02/01/2024,09:32:44,530.05,548.6,40,550.2,120,0,2880
FINNIFTY02JAN2420900CE.NFO,02/01/2024,09:32:46,530.05,547.65,40,549.85,440,0,2880
FINNIFTY02JAN2420900CE.NFO,02/01/2024,09:32:48,530.05,548.5,80,550.4,240,0,2880
FINNIFTY02JAN2420900CE.NFO,02/01/2024,09:32:49,530.05,550.05,40,551.85,240,0,2880
FINNIFTY02JAN2420900CE.NFO,02/01/2024,09:32:51,530.05,548.95,40,551,200,0,2880
FINNIFTY02JAN2420900CE.NFO,02/01/2024,09:32:53,530.05,548.45,40,550.6,200,0,2880
FINNIFTY02JAN2420900CE.NFO,02/01/2024,09:32:54,530.05,549.75,40,551.65,40,0,2880
FINNIFTY02JAN2420900CE.NFO,02/01/2024,09:32:56,530.05,549.7,80,551.45,80,0,2880
FINNIFTY02JAN2420900CE.NFO,02/01/2024,09:32:58,530.05,549.55,80,551.3,40,0,2880
FINNIFTY02JAN2420900CE.NFO,02/01/2024,09:32:59,530.05,551.05,40,553.05,200,0,2880
FINNIFTY02JAN2420900CE.NFO,02/01/2024,09:33:01,530.05,550.95,80,553.5,40,0,2880
FINNIFTY02JAN2420900CE.NFO,02/01/2024,09:33:03,530.05,551.75,80,553.4,520,0,2880
FINNIFTY02JAN2420900CE.NFO,02/01/2024,09:33:04,530.05,551.4,40,553,40,0,2880
FINNIFTY02JAN2420900CE.NFO,02/01/2024,09:33:06,530.05,551.35,80,553,120,0,2880
FINNIFTY02JAN2420900CE.NFO,02/01/2024,09:33:08,530.05,550.5,40,552.2,40,0,2880
FINNIFTY02JAN2420900CE.NFO,02/01/2024,09:33:09,530.05,551,40,552.6,120,0,2880
FINNIFTY02JAN2420900CE.NFO,02/01/2024,09:33:11,530.05,550.5,80,552.15,200,0,2880
FINNIFTY02JAN2420900CE.NFO,02/01/2024,09:33:13,530.05,549.2,40,551.6,360,0,2880
FINNIFTY02JAN2420900CE.NFO,02/01/2024,09:33:14,530.05,548.65,40,550.45,40,0,2880
FINNIFTY02JAN2420900CE.NFO,02/01/2024,09:33:16,530.05,547.25,40,548.8,200,0,2880
FINNIFTY02JAN2420900CE.NFO,02/01/2024,09:33:18,530.05,547.4,120,549.45,1840,0,2880
FINNIFTY02JAN2420900CE.NFO,02/01/2024,09:33:19,530.05,548.75,40,551.6,280,0,2880
FINNIFTY02JAN2420900CE.NFO,02/01/2024,09:33:21,530.05,548.15,40,549.85,40,0,2880
FINNIFTY02JAN2420900CE.NFO,02/01/2024,09:33:23,530.05,547.65,40,549.6,360,0,2880
FINNIFTY02JAN2420900CE.NFO,02/01/2024,09:33:24,547.4,547.45,80,549.25,40,40,3200
FINNIFTY02JAN2420900CE.NFO,02/01/2024,09:33:24,547.4,547.45,80,549.25,40,0,3200
FINNIFTY02JAN2420900CE.NFO,02/01/2024,09:33:26,547.4,545.55,40,547.6,40,0,3200
FINNIFTY02JAN2420900CE.NFO,02/01/2024,09:33:28,547.4,546.05,80,548.1,400,0,3200
FINNIFTY02JAN2420900CE.NFO,02/01/2024,09:33:29,547.4,546,40,548,200,0,3200
FINNIFTY02JAN2420900CE.NFO,02/01/2024,09:33:31,547.4,547.8,40,549.4,40,0,3200
FINNIFTY02JAN2420900CE.NFO,02/01/2024,09:33:32,547.4,548.45,40,550.45,160,0,3200
FINNIFTY02JAN2420900CE.NFO,02/01/2024,09:33:34,547.4,547.35,120,549.7,200,0,3200
FINNIFTY02JAN2420900CE.NFO,02/01/2024,09:33:36,547.4,547.65,40,549.35,120,0,3200
FINNIFTY02JAN2420900CE.NFO,02/01/2024,09:33:37,547.4,549.55,80,551.35,160,0,3200
FINNIFTY02JAN2420900CE.NFO,02/01/2024,09:33:39,547.4,548.75,40,550.6,120,0,3200
FINNIFTY02JAN2420900CE.NFO,02/01/2024,09:33:41,547.4,547.75,80,549.75,80,0,3200
FINNIFTY02JAN2420900CE.NFO,02/01/2024,09:33:42,547.4,549.55,40,552.65,40,0,3200
FINNIFTY02JAN2420900CE.NFO,02/01/2024,09:33:44,547.4,550.05,240,551.95,200,0,3200
FINNIFTY02JAN2420900CE.NFO,02/01/2024,09:33:46,547.4,550.45,40,552.05,40,0,3200
FINNIFTY02JAN2420900CE.NFO,02/01/2024,09:33:47,547.4,550.5,40,552.15,120,0,3200
FINNIFTY02JAN2420900CE.NFO,02/01/2024,09:33:49,547.4,551.25,40,553.2,240,0,3200
FINNIFTY02JAN2420900CE.NFO,02/01/2024,09:33:51,547.4,553.35,80,555,40,0,3200
FINNIFTY02JAN2420900CE.NFO,02/01/2024,09:33:52,547.4,554.35,80,556.5,200,0,3200
FINNIFTY02JAN2420900CE.NFO,02/01/2024,09:33:54,547.4,554.1,80,556,40,0,3200
FINNIFTY02JAN2420900CE.NFO,02/01/2024,09:33:56,547.4,554.4,40,556.55,40,0,3200
FINNIFTY02JAN2420900CE.NFO,02/01/2024,09:33:57,547.4,553.85,40,555.7,160,0,3200
FINNIFTY02JAN2420900CE.NFO,02/01/2024,09:33:59,547.4,553.8,80,555.55,80,0,3200
FINNIFTY02JAN2420900CE.NFO,02/01/2024,09:34:01,547.4,553.85,80,556.15,5560,0,3200
FINNIFTY02JAN2420900CE.NFO,02/01/2024,09:34:03,547.4,552,80,553.75,680,0,3200
FINNIFTY02JAN2420900CE.NFO,02/01/2024,09:34:04,547.4,552.15,40,553.85,40,0,3200
FINNIFTY02JAN2420900CE.NFO,02/01/2024,09:34:06,547.4,551.7,40,553.65,120,0,3200
FINNIFTY02JAN2420900CE.NFO,02/01/2024,09:34:08,547.4,551.25,40,553.1,200,0,3200
FINNIFTY02JAN2420900CE.NFO,02/01/2024,09:34:09,547.4,551.15,120,552.85,280,0,3200
FINNIFTY02JAN2420900CE.NFO,02/01/2024,09:34:11,547.4,550.5,40,552.1,400,0,3200
FINNIFTY02JAN2420900CE.NFO,02/01/2024,09:34:13,547.4,551.05,40,552.8,880,0,3200
FINNIFTY02JAN2420900CE.NFO,02/01/2024,09:34:14,547.4,551.3,40,552.85,40,0,3200
FINNIFTY02JAN2420900CE.NFO,02/01/2024,09:34:16,547.4,551.1,40,552.55,120,0,3200
FINNIFTY02JAN2420900CE.NFO,02/01/2024,09:34:18,547.4,550.55,40,552.8,400,0,3200
FINNIFTY02JAN2420900CE.NFO,02/01/2024,09:34:19,547.4,549.4,40,551.2,120,0,3200
FINNIFTY02JAN2420900CE.NFO,02/01/2024,09:34:21,547.4,549.4,40,551.05,40,0,3200
FINNIFTY02JAN2420900CE.NFO,02/01/2024,09:34:23,547.4,548.65,40,550.15,240,0,3200
FINNIFTY02JAN2420900CE.NFO,02/01/2024,09:34:24,547.4,546.9,40,548.75,120,0,3200
FINNIFTY02JAN2420900CE.NFO,02/01/2024,09:34:26,547.4,546.55,40,548.2,120,0,3200
FINNIFTY02JAN2420900CE.NFO,02/01/2024,09:34:28,547.4,547.25,40,548.85,240,0,3200
FINNIFTY02JAN2420900CE.NFO,02/01/2024,09:34:29,547.4,546.4,40,548.3,80,0,3200
FINNIFTY02JAN2420900CE.NFO,02/01/2024,09:34:31,547.4,546.65,40,548.45,120,0,3200
FINNIFTY02JAN2420900CE.NFO,02/01/2024,09:34:33,547.4,547.35,40,549,40,0,3200
FINNIFTY02JAN2420900CE.NFO,02/01/2024,09:34:34,547.4,547.95,40,549.65,40,0,3200
FINNIFTY02JAN2420900CE.NFO,02/01/2024,09:34:36,547.4,547.95,40,549.75,120,0,3200
FINNIFTY02JAN2420900CE.NFO,02/01/2024,09:34:38,547.4,547.65,40,549.2,240,0,3200
FINNIFTY02JAN2420900CE.NFO,02/01/2024,09:34:39,547.4,547.15,40,548.75,120,0,3200
FINNIFTY02JAN2420900CE.NFO,02/01/2024,09:34:41,547.4,547.8,80,549.8,240,0,3200
FINNIFTY02JAN2420900CE.NFO,02/01/2024,09:34:43,547.4,550,160,551.75,800,0,3200
FINNIFTY02JAN2420900CE.NFO,02/01/2024,09:34:44,547.4,549.25,40,550.75,640,0,3200
FINNIFTY02JAN2420900CE.NFO,02/01/2024,09:34:46,547.4,549.2,40,550.6,160,0,3200
FINNIFTY02JAN2420900CE.NFO,02/01/2024,09:34:48,547.4,549.35,120,550.9,200,0,3200
FINNIFTY02JAN2420900CE.NFO,02/01/2024,09:34:49,547.4,548.85,80,550.55,120,0,3200
FINNIFTY02JAN2420900CE.NFO,02/01/2024,09:34:51,547.4,548.65,40,550.4,200,0,3200
FINNIFTY02JAN2420900CE.NFO,02/01/2024,09:34:53,547.4,547.8,40,549.5,200,0,3200
FINNIFTY02JAN2420900CE.NFO,02/01/2024,09:34:54,547.4,547.35,40,548.9,200,0,3200
FINNIFTY02JAN2420900CE.NFO,02/01/2024,09:34:56,547.4,547.65,80,549.2,200,0,3200
FINNIFTY02JAN2420900CE.NFO,02/01/2024,09:34:58,547.4,548.9,40,550.4,40,0,3200
FINNIFTY02JAN2420900CE.NFO,02/01/2024,09:34:59,547.4,549.7,80,551.65,200,0,3200
FINNIFTY02JAN2420900CE.NFO,02/01/2024,09:35:01,547.4,550.95,40,552.6,40,0,3200
FINNIFTY02JAN2420900CE.NFO,02/01/2024,09:35:03,547.4,550.8,40,552.55,200,0,3200
FINNIFTY02JAN2420900CE.NFO,02/01/2024,09:35:04,547.4,552.3,80,555.2,400,0,3200
FINNIFTY02JAN2420900CE.NFO,02/01/2024,09:35:06,547.4,551.85,40,553.6,40,0,3200
FINNIFTY02JAN2420900CE.NFO,02/01/2024,09:35:08,547.4,552,40,553.85,160,0,3200
FINNIFTY02JAN2420900CE.NFO,02/01/2024,09:35:09,547.4,551.4,40,553.05,200,0,3200
FINNIFTY02JAN2420900CE.NFO,02/01/2024,09:35:11,547.4,550.15,160,551.7,40,0,3200
FINNIFTY02JAN2420900CE.NFO,02/01/2024,09:35:13,547.4,549.55,40,551.25,200,0,3200
FINNIFTY02JAN2420900CE.NFO,02/01/2024,09:35:14,547.4,550.2,40,552.05,1560,0,3200
FINNIFTY02JAN2420900CE.NFO,02/01/2024,09:35:16,547.4,550.2,40,551.85,40,0,3200
FINNIFTY02JAN2420900CE.NFO,02/01/2024,09:35:18,547.4,550.45,40,552.3,200,0,3200
FINNIFTY02JAN2420900CE.NFO,02/01/2024,09:35:19,547.4,551.2,40,553.2,40,0,3200
FINNIFTY02JAN2420900CE.NFO,02/01/2024,09:35:21,547.4,553,40,554.8,40,0,3200
FINNIFTY02JAN2420900CE.NFO,02/01/2024,09:35:23,547.4,551.2,40,552.8,200,0,3200
FINNIFTY02JAN2420900CE.NFO,02/01/2024,09:35:24,547.4,551.55,80,553.15,40,0,3200
FINNIFTY02JAN2420900CE.NFO,02/01/2024,09:35:26,547.4,551.65,120,553.35,200,0,3200
FINNIFTY02JAN2420900CE.NFO,02/01/2024,09:35:28,547.4,551.25,40,552.9,40,0,3200
FINNIFTY02JAN2420900CE.NFO,02/01/2024,09:35:29,547.4,551.1,80,552.65,40,0,3200
FINNIFTY02JAN2420900CE.NFO,02/01/2024,09:35:31,547.4,549.9,40,551.6,40,0,3200
FINNIFTY02JAN2420900CE.NFO,02/01/2024,09:35:33,547.4,550.2,40,551.7,240,0,3200
FINNIFTY02JAN2420900CE.NFO,02/01/2024,09:35:34,547.4,551,40,552.65,240,0,3200
FINNIFTY02JAN2420900CE.NFO,02/01/2024,09:35:36,547.4,549.9,40,551.5,40,0,3200
FINNIFTY02JAN2420900CE.NFO,02/01/2024,09:35:38,547.4,548.85,40,550.5,200,0,3200
FINNIFTY02JAN2420900CE.NFO,02/01/2024,09:35:39,547.4,548.25,40,549.9,40,0,3200
FINNIFTY02JAN2420900CE.NFO,02/01/2024,09:35:41,547.4,548.5,40,550.4,240,0,3200
FINNIFTY02JAN2420900CE.NFO,02/01/2024,09:35:43,547.4,548.7,40,550.4,40,0,3200
FINNIFTY02JAN2420900CE.NFO,02/01/2024,09:35:44,547.4,548.45,40,550,200,0,3200
FINNIFTY02JAN2420900CE.NFO,02/01/2024,09:35:46,547.4,546.8,40,548.2,120,0,3200
FINNIFTY02JAN2420900CE.NFO,02/01/2024,09:35:48,547.4,545.75,40,547.65,200,0,3200
FINNIFTY02JAN2420900CE.NFO,02/01/2024,09:35:49,547.4,546.45,80,548.3,200,0,3200
FINNIFTY02JAN2420900CE.NFO,02/01/2024,09:35:51,547.4,546.7,40,548.3,120,0,3200
FINNIFTY02JAN2420900CE.NFO,02/01/2024,09:35:53,547.4,546.45,120,548.25,200,0,3200
FINNIFTY02JAN2420900CE.NFO,02/01/2024,09:35:54,547.4,545.6,40,547.25,40,0,3200
FINNIFTY02JAN2420900CE.NFO,02/01/2024,09:35:56,547.4,544.25,40,546.15,200,0,3200
FINNIFTY02JAN2420900CE.NFO,02/01/2024,09:35:58,547.4,544.75,40,546.9,680,0,3200
FINNIFTY02JAN2420900CE.NFO,02/01/2024,09:35:59,547.4,545.3,40,547.2,120,0,3200
FINNIFTY02JAN2420900CE.NFO,02/01/2024,09:36:01,547.4,544.2,40,546,40,0,3200
FINNIFTY02JAN2420900CE.NFO,02/01/2024,09:36:03,547.4,544.8,40,546.5,120,0,3200
FINNIFTY02JAN2420900CE.NFO,02/01/2024,09:36:04,547.4,545.35,40,547.2,80,0,3200
FINNIFTY02JAN2420900CE.NFO,02/01/2024,09:36:06,547.4,545.3,40,547.4,480,0,3200
FINNIFTY02JAN2420900CE.NFO,02/01/2024,09:36:08,547.4,545.75,40,548,40,0,3200
FINNIFTY02JAN2420900CE.NFO,02/01/2024,09:36:09,547.4,546.1,40,547.95,200,0,3200
FINNIFTY02JAN2420900CE.NFO,02/01/2024,09:36:11,547.4,546.45,80,548,40,0,3200
FINNIFTY02JAN2420900CE.NFO,02/01/2024,09:36:13,547.4,545.55,80,547.45,200,0,3200
FINNIFTY02JAN2420900CE.NFO,02/01/2024,09:36:14,547.4,544.35,40,546.35,3720,0,3200
FINNIFTY02JAN2420900CE.NFO,02/01/2024,09:36:16,547.4,540.6,40,544,240,0,3200
FINNIFTY02JAN2420900CE.NFO,02/01/2024,09:36:19,547.4,541.6,40,543.9,560,0,3200
FINNIFTY02JAN2420900CE.NFO,02/01/2024,09:36:21,547.4,541.25,40,542.85,40,0,3200
FINNIFTY02JAN2420900CE.NFO,02/01/2024,09:36:23,547.4,541.25,40,542.85,120,0,3200
FINNIFTY02JAN2420900CE.NFO,02/01/2024,09:36:24,547.4,543.05,40,544.9,280,0,3200
FINNIFTY02JAN2420900CE.NFO,02/01/2024,09:36:26,547.4,544.45,40,546.15,400,0,3200
FINNIFTY02JAN2420900CE.NFO,02/01/2024,09:36:28,547.4,544.05,80,546.3,200,0,3200
FINNIFTY02JAN2420900CE.NFO,02/01/2024,09:36:29,547.4,545.4,40,547.85,40,0,3200
FINNIFTY02JAN2420900CE.NFO,02/01/2024,09:36:31,547.4,545.4,40,547.3,160,0,3200
FINNIFTY02JAN2420900CE.NFO,02/01/2024,09:36:33,547.4,544.95,40,546.65,40,0,3200
FINNIFTY02JAN2420900CE.NFO,02/01/2024,09:36:34,547.4,544.4,40,546.15,200,0,3200
FINNIFTY02JAN2420900CE.NFO,02/01/2024,09:36:36,547.4,544.7,40,546.55,120,0,3200
FINNIFTY02JAN2420900CE.NFO,02/01/2024,09:36:38,547.4,543.7,40,545.2,120,0,3200
FINNIFTY02JAN2420900CE.NFO,02/01/2024,09:36:39,547.4,544.95,40,546.85,200,0,3200
FINNIFTY02JAN2420900CE.NFO,02/01/2024,09:36:41,547.4,545.85,40,547.5,40,0,3200
FINNIFTY02JAN2420900CE.NFO,02/01/2024,09:36:43,547.4,544.2,80,546.35,120,0,3200
FINNIFTY02JAN2420900CE.NFO,02/01/2024,09:36:44,547.4,546.1,40,547.75,40,0,3200
FINNIFTY02JAN2420900CE.NFO,02/01/2024,09:36:46,547.4,546.5,40,548.05,40,0,3200
FINNIFTY02JAN2420900CE.NFO,02/01/2024,09:36:48,547.4,546.25,40,548,40,0,3200
FINNIFTY02JAN2420900CE.NFO,02/01/2024,09:36:49,547.4,545.5,40,547.4,40,0,3200
FINNIFTY02JAN2420900CE.NFO,02/01/2024,09:36:51,547.4,546.55,120,548.25,40,0,3200
FINNIFTY02JAN2420900CE.NFO,02/01/2024,09:36:53,547.4,547.3,40,548.9,200,0,3200
FINNIFTY02JAN2420900CE.NFO,02/01/2024,09:36:54,547.4,547.8,40,549.6,120,0,3200
FINNIFTY02JAN2420900CE.NFO,02/01/2024,09:36:56,547.4,547.25,40,548.7,40,0,3200
FINNIFTY02JAN2420900CE.NFO,02/01/2024,09:36:58,547.4,547.35,40,549.1,200,0,3200
FINNIFTY02JAN2420900CE.NFO,02/01/2024,09:36:59,547.4,547.3,120,548.75,200,0,3200
FINNIFTY02JAN2420900CE.NFO,02/01/2024,09:37:01,547.4,548.75,40,550.95,160,0,3200
FINNIFTY02JAN2420900CE.NFO,02/01/2024,09:37:03,547.4,548.9,40,550.7,200,0,3200
FINNIFTY02JAN2420900CE.NFO,02/01/2024,09:37:04,547.4,549.5,40,551.2,200,0,3200
FINNIFTY02JAN2420900CE.NFO,02/01/2024,09:37:06,547.4,549.75,40,551.45,40,0,3200
FINNIFTY02JAN2420900CE.NFO,02/01/2024,09:37:08,547.4,549.35,40,551.1,360,0,3200
FINNIFTY02JAN2420900CE.NFO,02/01/2024,09:37:09,547.4,548.65,80,550.35,80,0,3200
FINNIFTY02JAN2420900CE.NFO,02/01/2024,09:37:11,547.4,548.6,40,550.2,280,0,3200
FINNIFTY02JAN2420900CE.NFO,02/01/2024,09:37:13,547.4,548.05,40,549.45,240,0,3200
FINNIFTY02JAN2420900CE.NFO,02/01/2024,09:37:14,547.4,547.4,40,549.6,120,0,3200
FINNIFTY02JAN2420900CE.NFO,02/01/2024,09:37:16,547.4,548.3,80,549.85,40,0,3200
FINNIFTY02JAN2420900CE.NFO,02/01/2024,09:37:18,547.4,548.15,40,549.75,40,0,3200
FINNIFTY02JAN2420900CE.NFO,02/01/2024,09:37:19,547.4,548.3,40,550.05,200,0,3200
FINNIFTY02JAN2420900CE.NFO,02/01/2024,09:37:21,547.4,548.85,40,550.5,120,0,3200
FINNIFTY02JAN2420900CE.NFO,02/01/2024,09:37:23,547.4,548.95,80,550.55,40,0,3200
FINNIFTY02JAN2420900CE.NFO,02/01/2024,09:37:24,547.4,549.5,40,551.15,80,0,3200
FINNIFTY02JAN2420900CE.NFO,02/01/2024,09:37:26,547.4,550.85,120,552.3,120,0,3200
FINNIFTY02JAN2420900CE.NFO,02/01/2024,09:37:28,547.4,550.9,80,552.8,360,0,3200
FINNIFTY02JAN2420900CE.NFO,02/01/2024,09:37:29,547.4,551.55,40,553.45,120,0,3200
FINNIFTY02JAN2420900CE.NFO,02/01/2024,09:37:31,547.4,553.4,40,555.2,120,0,3200
FINNIFTY02JAN2420900CE.NFO,02/01/2024,09:37:33,547.4,553.05,40,554.6,200,0,3200
FINNIFTY02JAN2420900CE.NFO,02/01/2024,09:37:34,547.4,553.05,40,554.8,200,0,3200
FINNIFTY02JAN2420900CE.NFO,02/01/2024,09:37:36,547.4,552.6,120,554.3,120,0,3200
FINNIFTY02JAN2420900CE.NFO,02/01/2024,09:37:38,547.4,551.35,40,553,40,0,3200
FINNIFTY02JAN2420900CE.NFO,02/01/2024,09:37:39,547.4,552.05,40,554,40,0,3200
FINNIFTY02JAN2420900CE.NFO,02/01/2024,09:37:41,547.4,553.2,40,555.25,4280,0,3200
FINNIFTY02JAN2420900CE.NFO,02/01/2024,09:37:43,547.4,552.7,80,554.8,200,0,3200
FINNIFTY02JAN2420900CE.NFO,02/01/2024,09:37:44,547.4,551.2,40,553.3,120,0,3200
FINNIFTY02JAN2420900CE.NFO,02/01/2024,09:37:46,547.4,550.75,40,552.7,320,0,3200
FINNIFTY02JAN2420900CE.NFO,02/01/2024,09:37:48,547.4,550.95,120,552.6,200,0,3200
FINNIFTY02JAN2420900CE.NFO,02/01/2024,09:37:49,547.4,551.7,40,553.3,200,0,3200
FINNIFTY02JAN2420900CE.NFO,02/01/2024,09:37:51,547.4,551.55,40,553.3,40,0,3200
FINNIFTY02JAN2420900CE.NFO,02/01/2024,09:37:53,547.4,551.25,40,552.9,200,0,3200
FINNIFTY02JAN2420900CE.NFO,02/01/2024,09:37:54,547.4,552.3,40,553.9,120,0,3200
FINNIFTY02JAN2420900CE.NFO,02/01/2024,09:37:56,547.4,552.15,40,554,160,0,3200
FINNIFTY02JAN2420900CE.NFO,02/01/2024,09:37:58,547.4,552.15,40,553.75,160,0,3200
FINNIFTY02JAN2420900CE.NFO,02/01/2024,09:37:59,547.4,551.35,40,553.25,200,0,3200
FINNIFTY02JAN2420900CE.NFO,02/01/2024,09:38:01,547.4,551.9,40,553.55,120,0,3200
FINNIFTY02JAN2420900CE.NFO,02/01/2024,09:38:03,547.4,552.8,40,554.7,4840,0,3200
FINNIFTY02JAN2420900CE.NFO,02/01/2024,09:38:04,547.4,551.4,40,553.3,200,0,3200
FINNIFTY02JAN2420900CE.NFO,02/01/2024,09:38:06,547.4,551.4,40,552.85,200,0,3200
FINNIFTY02JAN2420900CE.NFO,02/01/2024,09:38:08,547.4,551.4,40,552.9,80,0,3200
FINNIFTY02JAN2420900CE.NFO,02/01/2024,09:38:09,547.4,550.95,40,552.7,520,0,3200
FINNIFTY02JAN2420900CE.NFO,02/01/2024,09:38:11,547.4,549.8,40,551.6,200,0,3200
FINNIFTY02JAN2420900CE.NFO,02/01/2024,09:38:13,547.4,550.5,120,552.2,200,0,3200
FINNIFTY02JAN2420900CE.NFO,02/01/2024,09:38:14,547.4,551.45,40,553.45,280,0,3200
FINNIFTY02JAN2420900CE.NFO,02/01/2024,09:38:16,547.4,552.25,40,553.85,40,0,3200
FINNIFTY02JAN2420900CE.NFO,02/01/2024,09:38:18,547.4,551.5,40,553.35,40,0,3200
FINNIFTY02JAN2420900CE.NFO,02/01/2024,09:38:19,547.4,551.9,40,553.6,200,0,3200
FINNIFTY02JAN2420900CE.NFO,02/01/2024,09:38:21,547.4,553.25,40,554.85,80,0,3200
FINNIFTY02JAN2420900CE.NFO,02/01/2024,09:38:23,547.4,554.15,80,556.4,40,0,3200
FINNIFTY02JAN2420900CE.NFO,02/01/2024,09:38:24,547.4,552.55,40,554.75,120,0,3200
FINNIFTY02JAN2420900CE.NFO,02/01/2024,09:38:26,547.4,553.85,40,556.3,2480,0,3200
FINNIFTY02JAN2420900CE.NFO,02/01/2024,09:38:28,547.4,554.65,40,556.85,40,0,3200
FINNIFTY02JAN2420900CE.NFO,02/01/2024,09:38:30,547.4,554.65,40,556.6,40,0,3200
FINNIFTY02JAN2420900CE.NFO,02/01/2024,09:38:31,547.4,554.35,40,556,40,0,3200
FINNIFTY02JAN2420900CE.NFO,02/01/2024,09:38:33,547.4,554.2,40,556.1,200,0,3200
FINNIFTY02JAN2420900CE.NFO,02/01/2024,09:38:35,547.4,553.45,40,555.1,240,0,3200
FINNIFTY02JAN2420900CE.NFO,02/01/2024,09:38:36,547.4,553.05,80,554.95,480,0,3200
FINNIFTY02JAN2420900CE.NFO,02/01/2024,09:38:38,547.4,555.15,80,557.15,120,0,3200
FINNIFTY02JAN2420900CE.NFO,02/01/2024,09:38:40,547.4,555.35,40,556.9,240,0,3200
FINNIFTY02JAN2420900CE.NFO,02/01/2024,09:38:41,547.4,554.5,40,556.7,160,0,3200
FINNIFTY02JAN2420900CE.NFO,02/01/2024,09:38:43,547.4,554.9,40,556.8,2400,0,3200
FINNIFTY02JAN2420900CE.NFO,02/01/2024,09:38:45,547.4,555.4,40,557.05,40,0,3200
FINNIFTY02JAN2420900CE.NFO,02/01/2024,09:38:46,547.4,554.1,80,555.85,200,0,3200
FINNIFTY02JAN2420900CE.NFO,02/01/2024,09:38:48,547.4,553.6,40,555.1,40,0,3200
FINNIFTY02JAN2420900CE.NFO,02/01/2024,09:38:50,547.4,553.95,40,555.6,40,0,3200
FINNIFTY02JAN2420900CE.NFO,02/01/2024,09:38:51,547.4,553.15,40,555.25,80,0,3200
FINNIFTY02JAN2420900CE.NFO,02/01/2024,09:38:53,547.4,554.95,40,556.6,200,0,3200
FINNIFTY02JAN2420900CE.NFO,02/01/2024,09:38:55,547.4,555.55,40,557.45,2640,0,3200
FINNIFTY02JAN2420900CE.NFO,02/01/2024,09:38:56,547.4,556.25,80,558.1,120,0,3200
FINNIFTY02JAN2420900CE.NFO,02/01/2024,09:38:58,547.4,559.6,40,561.95,80,0,3200
FINNIFTY02JAN2420900CE.NFO,02/01/2024,09:39:00,547.4,559.4,40,561.85,360,0,3200
FINNIFTY02JAN2420900CE.NFO,02/01/2024,09:39:01,547.4,561.05,80,563.75,40,0,3200
FINNIFTY02JAN2420900CE.NFO,02/01/2024,09:39:03,547.4,562.25,80,565.6,200,0,3200
FINNIFTY02JAN2420900CE.NFO,02/01/2024,09:39:05,547.4,561.7,80,564.25,480,0,3200
FINNIFTY02JAN2420900CE.NFO,02/01/2024,09:39:06,547.4,562.55,40,564.9,40,0,3200
FINNIFTY02JAN2420900CE.NFO,02/01/2024,09:39:08,547.4,562.75,40,565,440,0,3200
FINNIFTY02JAN2420900CE.NFO,02/01/2024,09:39:10,547.4,561.25,40,563,200,0,3200
FINNIFTY02JAN2420900CE.NFO,02/01/2024,09:39:11,547.4,560.8,40,562.7,40,0,3200
FINNIFTY02JAN2420900CE.NFO,02/01/2024,09:39:13,547.4,561.4,40,563.1,520,0,3200
FINNIFTY02JAN2420900CE.NFO,02/01/2024,09:39:15,547.4,561.65,40,563.3,40,0,3200
FINNIFTY02JAN2420900CE.NFO,02/01/2024,09:39:16,547.4,559.4,40,561.9,80,0,3200
FINNIFTY02JAN2420900CE.NFO,02/01/2024,09:39:18,547.4,558.75,80,561.05,360,0,3200
FINNIFTY02JAN2420900CE.NFO,02/01/2024,09:39:20,547.4,559.85,80,562.35,400,0,3200
FINNIFTY02JAN2420900CE.NFO,02/01/2024,09:39:21,547.4,560.95,40,562.85,80,0,3200
FINNIFTY02JAN2420900CE.NFO,02/01/2024,09:39:23,547.4,561.25,80,563.5,1280,0,3200
FINNIFTY02JAN2420900CE.NFO,02/01/2024,09:39:25,547.4,560.55,40,562.3,200,0,3200
FINNIFTY02JAN2420900CE.NFO,02/01/2024,09:39:26,547.4,561.65,80,563.7,360,0,3200
FINNIFTY02JAN2420900CE.NFO,02/01/2024,09:39:28,547.4,562.35,40,564.25,40,0,3200
FINNIFTY02JAN2420900CE.NFO,02/01/2024,09:39:30,547.4,561.55,80,563.95,200,0,3200
FINNIFTY02JAN2420900CE.NFO,02/01/2024,09:39:31,547.4,560.75,40,562.6,80,0,3200
FINNIFTY02JAN2420900CE.NFO,02/01/2024,09:39:33,547.4,560.7,40,562.6,1200,0,3200
FINNIFTY02JAN2420900CE.NFO,02/01/2024,09:39:35,547.4,560.45,40,562.1,80,0,3200
FINNIFTY02JAN2420900CE.NFO,02/01/2024,09:39:36,547.4,559.45,120,561.25,120,0,3200
FINNIFTY02JAN2420900CE.NFO,02/01/2024,09:39:38,547.4,559.4,240,561.25,200,0,3200
FINNIFTY02JAN2420900CE.NFO,02/01/2024,09:39:40,547.4,560.15,40,561.85,320,0,3200
FINNIFTY02JAN2420900CE.NFO,02/01/2024,09:39:41,547.4,560.8,40,562.75,40,0,3200
FINNIFTY02JAN2420900CE.NFO,02/01/2024,09:39:43,547.4,561.8,160,563.55,40,0,3200
FINNIFTY02JAN2420900CE.NFO,02/01/2024,09:39:45,547.4,564.05,80,566.3,200,0,3200
FINNIFTY02JAN2420900CE.NFO,02/01/2024,09:39:46,547.4,565.5,40,568,520,0,3200
FINNIFTY02JAN2420900CE.NFO,02/01/2024,09:39:48,547.4,564,520,566.15,40,0,3200
FINNIFTY02JAN2420900CE.NFO,02/01/2024,09:39:50,547.4,564.8,40,566.65,80,0,3200
FINNIFTY02JAN2420900CE.NFO,02/01/2024,09:39:51,547.4,565.4,40,567.5,360,0,3200
FINNIFTY02JAN2420900CE.NFO,02/01/2024,09:39:53,547.4,564.3,40,566.35,40,0,3200
FINNIFTY02JAN2420900CE.NFO,02/01/2024,09:39:55,547.4,564.7,120,567,40,0,3200
FINNIFTY02JAN2420900CE.NFO,02/01/2024,09:39:56,547.4,563.9,40,566,40,0,3200
FINNIFTY02JAN2420900CE.NFO,02/01/2024,09:39:58,547.4,562.7,40,565.25,560,0,3200
FINNIFTY02JAN2420900CE.NFO,02/01/2024,09:40:00,547.4,562.1,320,564.3,280,0,3200
FINNIFTY02JAN2420900CE.NFO,02/01/2024,09:40:01,547.4,561.9,40,563.9,120,0,3200
FINNIFTY02JAN2420900CE.NFO,02/01/2024,09:40:03,547.4,565,80,567.55,200,0,3200
FINNIFTY02JAN2420900CE.NFO,02/01/2024,09:40:05,547.4,563.15,320,566.05,440,0,3200
FINNIFTY02JAN2420900CE.NFO,02/01/2024,09:40:06,547.4,562.9,40,564.9,160,0,3200
FINNIFTY02JAN2420900CE.NFO,02/01/2024,09:40:08,547.4,562.55,80,564.7,40,0,3200
FINNIFTY02JAN2420900CE.NFO,02/01/2024,09:40:10,547.4,562.4,40,564,40,0,3200
FINNIFTY02JAN2420900CE.NFO,02/01/2024,09:40:11,547.4,561.7,40,563.9,40,0,3200
FINNIFTY02JAN2420900CE.NFO,02/01/2024,09:40:13,547.4,561.95,80,563.85,440,0,3200
FINNIFTY02JAN2420900CE.NFO,02/01/2024,09:40:15,547.4,562.25,120,564,200,0,3200
FINNIFTY02JAN2420900CE.NFO,02/01/2024,09:40:16,547.4,562.65,120,564.85,40,0,3200
FINNIFTY02JAN2420900CE.NFO,02/01/2024,09:40:18,547.4,564.4,40,567.85,40,0,3200
FINNIFTY02JAN2420900CE.NFO,02/01/2024,09:40:20,547.4,565.15,40,567.35,3120,0,3200
FINNIFTY02JAN2420900CE.NFO,02/01/2024,09:40:21,547.4,564.6,40,566.7,40,0,3200
FINNIFTY02JAN2420900CE.NFO,02/01/2024,09:40:23,547.4,564.15,80,565.9,120,0,3200
FINNIFTY02JAN2420900CE.NFO,02/01/2024,09:40:25,547.4,563.95,120,565.6,40,0,3200
FINNIFTY02JAN2420900CE.NFO,02/01/2024,09:40:26,547.4,562.55,160,564.4,120,0,3200
FINNIFTY02JAN2420900CE.NFO,02/01/2024,09:40:28,547.4,560.85,40,562.8,40,0,3200
FINNIFTY02JAN2420900CE.NFO,02/01/2024,09:40:30,547.4,561.35,40,563.55,1280,0,3200
FINNIFTY02JAN2420900CE.NFO,02/01/2024,09:40:31,547.4,560.55,40,562.6,40,0,3200
FINNIFTY02JAN2420900CE.NFO,02/01/2024,09:40:33,547.4,560.4,40,562.15,120,0,3200
FINNIFTY02JAN2420900CE.NFO,02/01/2024,09:40:35,547.4,560.45,40,562.3,80,0,3200
FINNIFTY02JAN2420900CE.NFO,02/01/2024,09:40:36,547.4,561.55,120,563.45,120,0,3200
FINNIFTY02JAN2420900CE.NFO,02/01/2024,09:40:38,547.4,561.6,40,563.35,40,0,3200
FINNIFTY02JAN2420900CE.NFO,02/01/2024,09:40:40,547.4,561.25,40,562.9,200,0,3200
FINNIFTY02JAN2420900CE.NFO,02/01/2024,09:40:41,547.4,560.4,80,562.6,160,0,3200
FINNIFTY02JAN2420900CE.NFO,02/01/2024,09:40:43,547.4,559.05,80,561.7,720,0,3200
FINNIFTY02JAN2420900CE.NFO,02/01/2024,09:40:45,547.4,558.8,80,560.55,40,0,3200
FINNIFTY02JAN2420900CE.NFO,02/01/2024,09:40:47,547.4,557.55,40,559.75,80,0,3200
FINNIFTY02JAN2420900CE.NFO,02/01/2024,09:40:48,547.4,557.55,40,559.45,120,0,3200
FINNIFTY02JAN2420900CE.NFO,02/01/2024,09:40:50,547.4,558.7,40,560.7,320,0,3200
FINNIFTY02JAN2420900CE.NFO,02/01/2024,09:40:52,547.4,558.9,40,560.75,80,0,3200
FINNIFTY02JAN2420900CE.NFO,02/01/2024,09:40:53,547.4,559.7,40,561.55,200,0,3200
FINNIFTY02JAN2420900CE.NFO,02/01/2024,09:40:55,547.4,559.5,80,561.7,40,0,3200
FINNIFTY02JAN2420900CE.NFO,02/01/2024,09:40:57,547.4,560.05,40,561.75,40,0,3200
FINNIFTY02JAN2420900CE.NFO,02/01/2024,09:40:58,547.4,559.75,120,561.95,2040,0,3200
FINNIFTY02JAN2420900CE.NFO,02/01/2024,09:41:00,547.4,561.45,40,563.25,200,0,3200
FINNIFTY02JAN2420900CE.NFO,02/01/2024,09:41:02,547.4,559.65,40,561.65,200,0,3200
FINNIFTY02JAN2420900CE.NFO,02/01/2024,09:41:03,547.4,559.5,40,561.15,120,0,3200
FINNIFTY02JAN2420900CE.NFO,02/01/2024,09:41:05,547.4,559.95,40,561.95,360,0,3200
FINNIFTY02JAN2420900CE.NFO,02/01/2024,09:41:07,547.4,560,40,561.8,200,0,3200
FINNIFTY02JAN2420900CE.NFO,02/01/2024,09:41:08,547.4,560.05,40,561.85,80,0,3200
FINNIFTY02JAN2420900CE.NFO,02/01/2024,09:41:10,547.4,559.8,40,561.75,1800,0,3200
FINNIFTY02JAN2420900CE.NFO,02/01/2024,09:41:12,547.4,558.85,80,560.6,560,0,3200
FINNIFTY02JAN2420900CE.NFO,02/01/2024,09:41:13,547.4,558.95,40,560.6,120,0,3200
FINNIFTY02JAN2420900CE.NFO,02/01/2024,09:41:15,547.4,559.15,160,560.85,40,0,3200
FINNIFTY02JAN2420900CE.NFO,02/01/2024,09:41:17,547.4,558.55,40,560.7,400,0,3200
FINNIFTY02JAN2420900CE.NFO,02/01/2024,09:41:18,547.4,558.8,40,560.5,120,0,3200
FINNIFTY02JAN2420900CE.NFO,02/01/2024,09:41:20,547.4,559.2,120,560.8,40,0,3200
FINNIFTY02JAN2420900CE.NFO,02/01/2024,09:41:22,547.4,559.95,80,561.75,120,0,3200
FINNIFTY02JAN2420900CE.NFO,02/01/2024,09:41:23,547.4,560.55,40,562.25,40,0,3200
FINNIFTY02JAN2420900CE.NFO,02/01/2024,09:41:25,547.4,559.85,40,561.85,120,0,3200
FINNIFTY02JAN2420900CE.NFO,02/01/2024,09:41:27,547.4,560.2,120,562.1,1320,0,3200
FINNIFTY02JAN2420900CE.NFO,02/01/2024,09:41:28,547.4,560.25,40,561.85,40,0,3200
FINNIFTY02JAN2420900CE.NFO,02/01/2024,09:41:30,547.4,559.65,40,561.45,200,0,3200
FINNIFTY02JAN2420900CE.NFO,02/01/2024,09:41:32,547.4,559.8,40,561.7,320,0,3200
FINNIFTY02JAN2420900CE.NFO,02/01/2024,09:41:33,547.4,560.4,40,562.15,40,0,3200
FINNIFTY02JAN2420900CE.NFO,02/01/2024,09:41:35,547.4,560.35,40,562,40,0,3200
FINNIFTY02JAN2420900CE.NFO,02/01/2024,09:41:37,547.4,559.25,240,561.15,320,0,3200
FINNIFTY02JAN2420900CE.NFO,02/01/2024,09:41:38,547.4,558.7,40,560.35,40,0,3200
FINNIFTY02JAN2420900CE.NFO,02/01/2024,09:41:40,547.4,559.4,40,561.7,1080,0,3200
FINNIFTY02JAN2420900CE.NFO,02/01/2024,09:41:42,547.4,560.1,40,561.85,280,0,3200
FINNIFTY02JAN2420900CE.NFO,02/01/2024,09:41:43,547.4,560.15,40,562.05,120,0,3200
FINNIFTY02JAN2420900CE.NFO,02/01/2024,09:41:45,547.4,560.7,40,562.25,120,0,3200
FINNIFTY02JAN2420900CE.NFO,02/01/2024,09:41:47,547.4,559.75,80,561.8,200,0,3200
FINNIFTY02JAN2420900CE.NFO,02/01/2024,09:41:48,547.4,560.15,40,561.9,40,0,3200
FINNIFTY02JAN2420900CE.NFO,02/01/2024,09:41:50,547.4,559.45,40,561.2,80,0,3200
FINNIFTY02JAN2420900CE.NFO,02/01/2024,09:41:52,547.4,559.35,40,561.1,40,0,3200
FINNIFTY02JAN2420900CE.NFO,02/01/2024,09:41:53,547.4,559.1,40,561,80,0,3200
FINNIFTY02JAN2420900CE.NFO,02/01/2024,09:41:55,547.4,559.55,40,561.25,280,0,3200
FINNIFTY02JAN2420900CE.NFO,02/01/2024,09:41:57,547.4,559.3,40,561.05,40,0,3200
FINNIFTY02JAN2420900CE.NFO,02/01/2024,09:41:58,547.4,558.7,40,560.8,80,0,3200
FINNIFTY02JAN2420900CE.NFO,02/01/2024,09:42:00,547.4,558.9,160,560.6,240,0,3200
FINNIFTY02JAN2420900CE.NFO,02/01/2024,09:42:02,547.4,556.05,40,557.95,40,0,3200
FINNIFTY02JAN2420900CE.NFO,02/01/2024,09:42:03,547.4,555.5,80,557.7,200,0,3200
FINNIFTY02JAN2420900CE.NFO,02/01/2024,09:42:05,547.4,555.45,40,557.7,40,0,3200
FINNIFTY02JAN2420900CE.NFO,02/01/2024,09:42:07,547.4,553.3,40,555.1,120,0,3200
FINNIFTY02JAN2420900CE.NFO,02/01/2024,09:42:08,547.4,553.9,40,556.25,40,0,3200
FINNIFTY02JAN2420900CE.NFO,02/01/2024,09:42:10,547.4,554.95,40,557.15,200,0,3200
FINNIFTY02JAN2420900CE.NFO,02/01/2024,09:42:12,547.4,554.9,80,556.6,80,0,3200
FINNIFTY02JAN2420900CE.NFO,02/01/2024,09:42:13,547.4,554.45,200,556.4,360,0,3200
FINNIFTY02JAN2420900CE.NFO,02/01/2024,09:42:15,547.4,554.6,120,556.3,200,0,3200
FINNIFTY02JAN2420900CE.NFO,02/01/2024,09:42:17,547.4,554.85,80,556.75,200,0,3200
FINNIFTY02JAN2420900CE.NFO,02/01/2024,09:42:18,547.4,554.65,40,556.8,160,0,3200
FINNIFTY02JAN2420900CE.NFO,02/01/2024,09:42:20,547.4,556.8,40,558.75,40,0,3200
FINNIFTY02JAN2420900CE.NFO,02/01/2024,09:42:22,547.4,555.3,40,557.2,120,0,3200
FINNIFTY02JAN2420900CE.NFO,02/01/2024,09:42:23,547.4,555.15,200,557,120,0,3200
FINNIFTY02JAN2420900CE.NFO,02/01/2024,09:42:25,547.4,555.15,40,556.9,480,0,3200
FINNIFTY02JAN2420900CE.NFO,02/01/2024,09:42:27,547.4,555.1,40,556.9,80,0,3200
FINNIFTY02JAN2420900CE.NFO,02/01/2024,09:42:28,547.4,555.5,40,557.2,40,0,3200
FINNIFTY02JAN2420900CE.NFO,02/01/2024,09:42:30,547.4,556.6,80,558.3,120,0,3200
FINNIFTY02JAN2420900CE.NFO,02/01/2024,09:42:32,547.4,556.3,40,558.05,200,0,3200
FINNIFTY02JAN2420900CE.NFO,02/01/2024,09:42:33,547.4,555.95,40,557.75,80,0,3200
FINNIFTY02JAN2420900CE.NFO,02/01/2024,09:42:35,547.4,556.35,40,558.15,840,0,3200
FINNIFTY02JAN2420900CE.NFO,02/01/2024,09:42:37,547.4,555.9,80,557.55,40,0,3200
FINNIFTY02JAN2420900CE.NFO,02/01/2024,09:42:38,547.4,557.05,80,559.5,80,0,3200
FINNIFTY02JAN2420900CE.NFO,02/01/2024,09:42:42,547.4,556.7,120,558.65,760,0,3200
FINNIFTY02JAN2420900CE.NFO,02/01/2024,09:42:43,547.4,557.3,40,558.9,80,0,3200
FINNIFTY02JAN2420900CE.NFO,02/01/2024,09:42:45,547.4,557.85,80,559.7,40,0,3200
FINNIFTY02JAN2420900CE.NFO,02/01/2024,09:42:47,547.4,557.05,40,558.7,280,0,3200
FINNIFTY02JAN2420900CE.NFO,02/01/2024,09:42:48,547.4,557.65,40,559.25,40,0,3200
FINNIFTY02JAN2420900CE.NFO,02/01/2024,09:42:50,547.4,557.7,40,559.4,680,0,3200
FINNIFTY02JAN2420900CE.NFO,02/01/2024,09:42:52,547.4,558.25,40,560,200,0,3200
FINNIFTY02JAN2420900CE.NFO,02/01/2024,09:42:53,547.4,559.8,160,561.75,200,0,3200
FINNIFTY02JAN2420900CE.NFO,02/01/2024,09:42:55,547.4,559.6,80,561.65,120,0,3200
FINNIFTY02JAN2420900CE.NFO,02/01/2024,09:42:57,547.4,560.05,40,562.1,920,0,3200
FINNIFTY02JAN2420900CE.NFO,02/01/2024,09:42:59,547.4,560.25,40,562.25,120,0,3200
FINNIFTY02JAN2420900CE.NFO,02/01/2024,09:43:00,547.4,559.3,40,561.15,160,0,3200
FINNIFTY02JAN2420900CE.NFO,02/01/2024,09:43:02,547.4,558.95,40,560.95,80,0,3200
FINNIFTY02JAN2420900CE.NFO,02/01/2024,09:43:04,547.4,559.75,80,561.65,320,0,3200
FINNIFTY02JAN2420900CE.NFO,02/01/2024,09:43:05,547.4,560.5,40,562.3,80,0,3200
FINNIFTY02JAN2420900CE.NFO,02/01/2024,09:43:07,547.4,559.7,40,561.3,120,0,3200
FINNIFTY02JAN2420900CE.NFO,02/01/2024,09:43:09,547.4,559.45,120,561.4,200,0,3200
FINNIFTY02JAN2420900CE.NFO,02/01/2024,09:43:10,547.4,558.55,40,560.35,440,0,3200
FINNIFTY02JAN2420900CE.NFO,02/01/2024,09:43:12,547.4,557.9,40,559.65,40,0,3200
FINNIFTY02JAN2420900CE.NFO,02/01/2024,09:43:14,547.4,556.5,40,558.4,120,0,3200
FINNIFTY02JAN2420900CE.NFO,02/01/2024,09:43:15,547.4,556.15,40,558.05,40,0,3200
FINNIFTY02JAN2420900CE.NFO,02/01/2024,09:43:17,547.4,556.45,40,558,40,0,3200
FINNIFTY02JAN2420900CE.NFO,02/01/2024,09:43:19,547.4,555.5,120,557.15,40,0,3200
FINNIFTY02JAN2420900CE.NFO,02/01/2024,09:43:20,547.4,554.75,80,556.7,40,0,3200
FINNIFTY02JAN2420900CE.NFO,02/01/2024,09:43:22,547.4,555.3,40,557.05,520,0,3200
FINNIFTY02JAN2420900CE.NFO,02/01/2024,09:43:24,547.4,554.55,80,556.4,640,0,3200
FINNIFTY02JAN2420900CE.NFO,02/01/2024,09:43:25,547.4,553.6,40,555.3,40,0,3200
FINNIFTY02JAN2420900CE.NFO,02/01/2024,09:43:27,547.4,553.15,40,555.05,280,0,3200
FINNIFTY02JAN2420900CE.NFO,02/01/2024,09:43:29,547.4,553.65,40,555.3,40,0,3200
FINNIFTY02JAN2420900CE.NFO,02/01/2024,09:43:30,547.4,554.2,40,556,240,0,3200
FINNIFTY02JAN2420900CE.NFO,02/01/2024,09:43:32,547.4,554.7,40,556.45,120,0,3200
FINNIFTY02JAN2420900CE.NFO,02/01/2024,09:43:34,547.4,551.35,40,553.7,800,0,3200
FINNIFTY02JAN2420900CE.NFO,02/01/2024,09:43:35,547.4,552.7,40,554.55,440,0,3200
FINNIFTY02JAN2420900CE.NFO,02/01/2024,09:43:37,547.4,550.7,40,553.2,280,0,3200
FINNIFTY02JAN2420900CE.NFO,02/01/2024,09:43:39,547.4,549.35,80,551.1,40,0,3200
FINNIFTY02JAN2420900CE.NFO,02/01/2024,09:43:40,547.4,550.9,120,553.25,40,0,3200
FINNIFTY02JAN2420900CE.NFO,02/01/2024,09:43:42,547.4,550.8,40,552.6,200,0,3200
FINNIFTY02JAN2420900CE.NFO,02/01/2024,09:43:44,547.4,549.75,40,551.65,120,0,3200
FINNIFTY02JAN2420900CE.NFO,02/01/2024,09:43:45,547.4,550.7,40,552.7,40,0,3200
FINNIFTY02JAN2420900CE.NFO,02/01/2024,09:43:47,547.4,551.85,40,554.5,200,0,3200
FINNIFTY02JAN2420900CE.NFO,02/01/2024,09:43:49,547.4,552.75,120,554.75,280,0,3200
FINNIFTY02JAN2420900CE.NFO,02/01/2024,09:43:50,547.4,552.65,40,554.7,40,0,3200
FINNIFTY02JAN2420900CE.NFO,02/01/2024,09:43:52,547.4,552.05,40,553.95,320,0,3200
FINNIFTY02JAN2420900CE.NFO,02/01/2024,09:43:54,547.4,550.95,40,553.2,640,0,3200
FINNIFTY02JAN2420900CE.NFO,02/01/2024,09:43:55,547.4,550.85,40,552.65,200,0,3200
FINNIFTY02JAN2420900CE.NFO,02/01/2024,09:43:57,547.4,551.2,80,553.25,40,0,3200
FINNIFTY02JAN2420900CE.NFO,02/01/2024,09:43:59,547.4,551.6,40,553.55,200,0,3200
FINNIFTY02JAN2420900CE.NFO,02/01/2024,09:44:00,547.4,552.25,40,554.3,40,0,3200
FINNIFTY02JAN2420900CE.NFO,02/01/2024,09:44:02,547.4,549.4,40,551.4,40,0,3200
FINNIFTY02JAN2420900CE.NFO,02/01/2024,09:44:04,547.4,547.9,40,550.25,80,0,3200
FINNIFTY02JAN2420900CE.NFO,02/01/2024,09:44:05,547.4,548.3,40,550.15,40,0,3200
FINNIFTY02JAN2420900CE.NFO,02/01/2024,09:44:07,547.4,548.35,80,550.3,40,0,3200
FINNIFTY02JAN2420900CE.NFO,02/01/2024,09:44:09,547.4,547.3,80,549.4,200,0,3200
FINNIFTY02JAN2420900CE.NFO,02/01/2024,09:44:10,547.4,547.55,40,549.25,40,0,3200
FINNIFTY02JAN2420900CE.NFO,02/01/2024,09:44:12,547.4,547.9,40,550.1,120,0,3200
FINNIFTY02JAN2420900CE.NFO,02/01/2024,09:44:14,547.4,547.95,40,550.35,40,0,3200
FINNIFTY02JAN2420900CE.NFO,02/01/2024,09:44:15,547.4,548.55,40,550.45,80,0,3200
FINNIFTY02JAN2420900CE.NFO,02/01/2024,09:44:17,547.4,548.25,40,549.95,40,0,3200
FINNIFTY02JAN2420900CE.NFO,02/01/2024,09:44:19,547.4,545.35,40,547.3,40,0,3200
FINNIFTY02JAN2420900CE.NFO,02/01/2024,09:44:20,547.4,546.7,40,548.95,360,0,3200
FINNIFTY02JAN2420900CE.NFO,02/01/2024,09:44:22,547.4,547.35,80,549.15,40,0,3200
FINNIFTY02JAN2420900CE.NFO,02/01/2024,09:44:24,547.4,547.3,40,549.45,40,0,3200
FINNIFTY02JAN2420900CE.NFO,02/01/2024,09:44:25,547.4,547.95,80,550.15,200,0,3200
FINNIFTY02JAN2420900CE.NFO,02/01/2024,09:44:27,547.4,548.3,80,550.1,120,0,3200
FINNIFTY02JAN2420900CE.NFO,02/01/2024,09:44:29,547.4,548.2,40,550.3,200,0,3200
FINNIFTY02JAN2420900CE.NFO,02/01/2024,09:44:30,547.4,548.7,40,550.45,40,0,3200
FINNIFTY02JAN2420900CE.NFO,02/01/2024,09:44:31,547.4,549.2,40,550.9,240,0,3200
FINNIFTY02JAN2420900CE.NFO,02/01/2024,09:44:33,547.4,548.15,80,550,40,0,3200
FINNIFTY02JAN2420900CE.NFO,02/01/2024,09:44:35,547.4,546.65,40,548.7,80,0,3200
FINNIFTY02JAN2420900CE.NFO,02/01/2024,09:44:36,547.4,547.05,40,549,280,0,3200
FINNIFTY02JAN2420900CE.NFO,02/01/2024,09:44:38,547.4,547.85,40,550.1,40,0,3200
FINNIFTY02JAN2420900CE.NFO,02/01/2024,09:44:40,547.4,548.2,40,550.35,120,0,3200
FINNIFTY02JAN2420900CE.NFO,02/01/2024,09:44:41,547.4,549.2,40,550.95,40,0,3200
FINNIFTY02JAN2420900CE.NFO,02/01/2024,09:44:43,547.4,549.4,80,551.45,40,0,3200
FINNIFTY02JAN2420900CE.NFO,02/01/2024,09:44:45,547.4,549.3,40,551,160,0,3200
FINNIFTY02JAN2420900CE.NFO,02/01/2024,09:44:46,547.4,548.6,80,550.55,360,0,3200
FINNIFTY02JAN2420900CE.NFO,02/01/2024,09:44:48,547.4,547.95,40,549.6,40,0,3200
FINNIFTY02JAN2420900CE.NFO,02/01/2024,09:44:50,547.4,548.25,40,550,160,0,3200
FINNIFTY02JAN2420900CE.NFO,02/01/2024,09:44:51,547.4,548.5,40,550.5,2760,0,3200
FINNIFTY02JAN2420900CE.NFO,02/01/2024,09:44:53,547.4,548.25,40,549.9,80,0,3200
FINNIFTY02JAN2420900CE.NFO,02/01/2024,09:44:55,547.4,548.35,80,550.5,200,0,3200
FINNIFTY02JAN2420900CE.NFO,02/01/2024,09:44:56,547.4,547.9,40,549.8,200,0,3200
FINNIFTY02JAN2420900CE.NFO,02/01/2024,09:44:58,547.4,547.4,40,549.05,40,0,3200
FINNIFTY02JAN2420900CE.NFO,02/01/2024,09:45:00,547.4,547.3,40,549.3,80,0,3200
FINNIFTY02JAN2420900CE.NFO,02/01/2024,09:45:02,547.4,545.85,120,547.95,240,0,3200
FINNIFTY02JAN2420900CE.NFO,02/01/2024,09:45:03,547.4,546.35,80,548.8,40,0,3200
FINNIFTY02JAN2420900CE.NFO,02/01/2024,09:45:05,547.4,548.3,40,550.5,120,0,3200
FINNIFTY02JAN2420900CE.NFO,02/01/2024,09:45:07,547.4,546.25,40,548.4,280,0,3200
FINNIFTY02JAN2420900CE.NFO,02/01/2024,09:45:08,547.4,546.45,80,548.3,80,0,3200
FINNIFTY02JAN2420900CE.NFO,02/01/2024,09:45:10,547.4,546.9,120,548.6,40,0,3200
FINNIFTY02JAN2420900CE.NFO,02/01/2024,09:45:12,547.4,547.75,40,549.75,120,0,3200
FINNIFTY02JAN2420900CE.NFO,02/01/2024,09:45:13,547.4,547.35,80,549.35,120,0,3200
FINNIFTY02JAN2420900CE.NFO,02/01/2024,09:45:15,547.4,547.05,80,549.2,40,0,3200
FINNIFTY02JAN2420900CE.NFO,02/01/2024,09:45:17,547.4,547.65,40,549.35,80,0,3200
FINNIFTY02JAN2420900CE.NFO,02/01/2024,09:45:18,547.4,546.45,40,548.45,40,0,3200
FINNIFTY02JAN2420900CE.NFO,02/01/2024,09:45:20,547.4,546.35,120,548.15,200,0,3200
FINNIFTY02JAN2420900CE.NFO,02/01/2024,09:45:22,547.4,546.35,80,547.95,120,0,3200
FINNIFTY02JAN2420900CE.NFO,02/01/2024,09:45:23,547.4,544.95,120,547.2,80,0,3200
FINNIFTY02JAN2420900CE.NFO,02/01/2024,09:45:25,547.4,543,680,546,80,0,3200
FINNIFTY02JAN2420900CE.NFO,02/01/2024,09:45:27,547.4,541.55,40,543.9,200,0,3200
FINNIFTY02JAN2420900CE.NFO,02/01/2024,09:45:28,547.4,542.95,80,544.8,40,0,3200
FINNIFTY02JAN2420900CE.NFO,02/01/2024,09:45:30,547.4,543.15,40,545.35,40,0,3200
FINNIFTY02JAN2420900CE.NFO,02/01/2024,09:45:32,547.4,544.35,40,546.55,120,0,3200
FINNIFTY02JAN2420900CE.NFO,02/01/2024,09:45:33,547.4,543.95,40,545.75,240,0,3200
FINNIFTY02JAN2420900CE.NFO,02/01/2024,09:45:35,547.4,544.3,40,546.2,40,0,3200
FINNIFTY02JAN2420900CE.NFO,02/01/2024,09:45:37,547.4,544.75,40,546.4,320,0,3200
FINNIFTY02JAN2420900CE.NFO,02/01/2024,09:45:38,547.4,544.4,40,546.1,80,0,3200
FINNIFTY02JAN2420900CE.NFO,02/01/2024,09:45:40,547.4,544.6,80,546.3,40,0,3200
FINNIFTY02JAN2420900CE.NFO,02/01/2024,09:45:42,547.4,544.15,40,546.05,120,0,3200
FINNIFTY02JAN2420900CE.NFO,02/01/2024,09:45:43,547.4,544.05,40,545.8,280,0,3200
FINNIFTY02JAN2420900CE.NFO,02/01/2024,09:45:45,547.4,543.9,40,545.55,120,0,3200
FINNIFTY02JAN2420900CE.NFO,02/01/2024,09:45:47,547.4,542.25,40,544.6,360,0,3200
FINNIFTY02JAN2420900CE.NFO,02/01/2024,09:45:48,547.4,540.6,40,542.95,120,0,3200
FINNIFTY02JAN2420900CE.NFO,02/01/2024,09:45:50,547.4,541.25,40,543.4,120,0,3200
FINNIFTY02JAN2420900CE.NFO,02/01/2024,09:45:52,547.4,540.25,40,542.4,200,0,3200
FINNIFTY02JAN2420900CE.NFO,02/01/2024,09:45:53,547.4,540.05,160,541.8,80,0,3200
FINNIFTY02JAN2420900CE.NFO,02/01/2024,09:45:55,547.4,536.1,80,541.25,120,0,3200
FINNIFTY02JAN2420900CE.NFO,02/01/2024,09:45:57,547.4,539.25,40,541.85,200,0,3200
FINNIFTY02JAN2420900CE.NFO,02/01/2024,09:45:58,547.4,537.8,40,540.15,160,0,3200
FINNIFTY02JAN2420900CE.NFO,02/01/2024,09:46:00,547.4,537.3,80,539.6,40,0,3200
FINNIFTY02JAN2420900CE.NFO,02/01/2024,09:46:02,547.4,538.2,240,541.6,240,0,3200
FINNIFTY02JAN2420900CE.NFO,02/01/2024,09:46:03,547.4,537.2,40,539.55,40,0,3200
FINNIFTY02JAN2420900CE.NFO,02/01/2024,09:46:05,547.4,535.05,80,537.55,40,0,3200
FINNIFTY02JAN2420900CE.NFO,02/01/2024,09:46:07,547.4,535.3,80,537.35,40,0,3200
FINNIFTY02JAN2420900CE.NFO,02/01/2024,09:46:08,547.4,536.5,40,539.15,40,0,3200
FINNIFTY02JAN2420900CE.NFO,02/01/2024,09:46:10,547.4,536.15,40,538.5,40,0,3200
FINNIFTY02JAN2420900CE.NFO,02/01/2024,09:46:12,547.4,535.95,40,538.2,40,0,3200
FINNIFTY02JAN2420900CE.NFO,02/01/2024,09:46:13,547.4,536.65,40,538.5,40,0,3200
FINNIFTY02JAN2420900CE.NFO,02/01/2024,09:46:15,547.4,536.65,40,538.7,40,0,3200
FINNIFTY02JAN2420900CE.NFO,02/01/2024,09:46:17,547.4,538,40,540.3,200,0,3200
FINNIFTY02JAN2420900CE.NFO,02/01/2024,09:46:18,547.4,538.35,120,540.15,200,0,3200
FINNIFTY02JAN2420900CE.NFO,02/01/2024,09:46:20,547.4,538.1,40,539.85,120,0,3200
FINNIFTY02JAN2420900CE.NFO,02/01/2024,09:46:22,547.4,538.35,80,540.4,40,0,3200
FINNIFTY02JAN2420900CE.NFO,02/01/2024,09:46:23,547.4,538.8,40,540.5,120,0,3200
FINNIFTY02JAN2420900CE.NFO,02/01/2024,09:46:25,547.4,539.05,40,540.9,160,0,3200
FINNIFTY02JAN2420900CE.NFO,02/01/2024,09:46:27,547.4,538.35,40,540.15,320,0,3200
FINNIFTY02JAN2420900CE.NFO,02/01/2024,09:46:28,547.4,539.6,80,541.55,280,0,3200
FINNIFTY02JAN2420900CE.NFO,02/01/2024,09:46:30,547.4,540.4,80,542.8,200,0,3200
FINNIFTY02JAN2420900CE.NFO,02/01/2024,09:46:32,547.4,540.85,40,542.6,320,0,3200
FINNIFTY02JAN2420900CE.NFO,02/01/2024,09:46:33,547.4,541.45,160,543.2,200,0,3200
FINNIFTY02JAN2420900CE.NFO,02/01/2024,09:46:35,547.4,541.55,120,543.35,200,0,3200
FINNIFTY02JAN2420900CE.NFO,02/01/2024,09:46:37,547.4,541.15,40,542.9,280,0,3200
FINNIFTY02JAN2420900CE.NFO,02/01/2024,09:46:38,547.4,540.35,80,542.2,200,0,3200
FINNIFTY02JAN2420900CE.NFO,02/01/2024,09:46:40,547.4,540.85,40,542.75,40,0,3200
FINNIFTY02JAN2420900CE.NFO,02/01/2024,09:46:42,547.4,541.65,40,543.5,240,0,3200
FINNIFTY02JAN2420900CE.NFO,02/01/2024,09:46:43,547.4,542.1,40,543.75,240,0,3200
FINNIFTY02JAN2420900CE.NFO,02/01/2024,09:46:45,547.4,542.35,120,544,80,0,3200
FINNIFTY02JAN2420900CE.NFO,02/01/2024,09:46:47,547.4,542.05,40,543.95,520,0,3200
FINNIFTY02JAN2420900CE.NFO,02/01/2024,09:46:48,547.4,542.6,40,544.4,240,0,3200
FINNIFTY02JAN2420900CE.NFO,02/01/2024,09:46:50,547.4,542.45,80,544.35,240,0,3200
FINNIFTY02JAN2420900CE.NFO,02/01/2024,09:46:52,547.4,543.75,40,545.45,200,0,3200
FINNIFTY02JAN2420900CE.NFO,02/01/2024,09:46:53,547.4,543.55,40,545.65,80,0,3200
FINNIFTY02JAN2420900CE.NFO,02/01/2024,09:46:55,547.4,543.5,40,545.3,200,0,3200
FINNIFTY02JAN2420900CE.NFO,02/01/2024,09:46:57,547.4,543.55,40,545.3,40,0,3200
FINNIFTY02JAN2420900CE.NFO,02/01/2024,09:46:58,547.4,543.95,80,545.65,200,0,3200
FINNIFTY02JAN2420900CE.NFO,02/01/2024,09:47:00,547.4,543.2,40,545,120,0,3200
FINNIFTY02JAN2420900CE.NFO,02/01/2024,09:47:02,547.4,544.8,40,547.2,200,0,3200
FINNIFTY02JAN2420900CE.NFO,02/01/2024,09:47:03,547.4,546.95,80,549.35,120,0,3200
FINNIFTY02JAN2420900CE.NFO,02/01/2024,09:47:05,547.4,546.6,40,548.6,120,0,3200
FINNIFTY02JAN2420900CE.NFO,02/01/2024,09:47:07,547.4,545,40,546.75,40,0,3200
FINNIFTY02JAN2420900CE.NFO,02/01/2024,09:47:08,547.4,545.2,40,547.4,1000,0,3200
FINNIFTY02JAN2420900CE.NFO,02/01/2024,09:47:10,547.4,545.9,40,547.65,80,0,3200
FINNIFTY02JAN2420900CE.NFO,02/01/2024,09:47:12,547.4,546.25,40,547.9,200,0,3200
FINNIFTY02JAN2420900CE.NFO,02/01/2024,09:47:13,547.4,546.3,80,548.25,120,0,3200
FINNIFTY02JAN2420900CE.NFO,02/01/2024,09:47:15,547.4,545.65,40,547.5,200,0,3200
FINNIFTY02JAN2420900CE.NFO,02/01/2024,09:47:17,547.4,545.85,80,547.65,80,0,3200
FINNIFTY02JAN2420900CE.NFO,02/01/2024,09:47:18,547.4,547.35,40,549.05,200,0,3200
FINNIFTY02JAN2420900CE.NFO,02/01/2024,09:47:20,547.4,546.2,40,548.3,120,0,3200
FINNIFTY02JAN2420900CE.NFO,02/01/2024,09:47:22,547.4,546.45,40,548.25,720,0,3200
FINNIFTY02JAN2420900CE.NFO,02/01/2024,09:47:23,547.4,547.1,80,548.8,320,0,3200
FINNIFTY02JAN2420900CE.NFO,02/01/2024,09:47:25,547.4,546.8,40,548.4,160,0,3200
FINNIFTY02JAN2420900CE.NFO,02/01/2024,09:47:27,547.4,546.95,40,548.6,120,0,3200
FINNIFTY02JAN2420900CE.NFO,02/01/2024,09:47:28,547.4,548.2,160,550,120,0,3200
FINNIFTY02JAN2420900CE.NFO,02/01/2024,09:47:30,547.4,548.95,80,550.8,2240,0,3200
FINNIFTY02JAN2420900CE.NFO,02/01/2024,09:47:32,547.4,550.45,200,552.4,200,0,3200
FINNIFTY02JAN2420900CE.NFO,02/01/2024,09:47:33,547.4,549.85,80,551.65,80,0,3200
FINNIFTY02JAN2420900CE.NFO,02/01/2024,09:47:35,547.4,549.75,40,551.9,1560,0,3200
FINNIFTY02JAN2420900CE.NFO,02/01/2024,09:47:37,547.4,550.4,40,552.15,440,0,3200
FINNIFTY02JAN2420900CE.NFO,02/01/2024,09:47:38,547.4,550.65,40,552.45,40,0,3200
FINNIFTY02JAN2420900CE.NFO,02/01/2024,09:47:40,547.4,549.9,80,551.75,80,0,3200
FINNIFTY02JAN2420900CE.NFO,02/01/2024,09:47:42,547.4,549.55,40,551.2,40,0,3200
FINNIFTY02JAN2420900CE.NFO,02/01/2024,09:47:43,547.4,550.35,160,552.25,1320,0,3200
FINNIFTY02JAN2420900CE.NFO,02/01/2024,09:47:45,547.4,550,40,551.55,40,0,3200
FINNIFTY02JAN2420900CE.NFO,02/01/2024,09:47:47,547.4,548.8,40,550.6,320,0,3200
FINNIFTY02JAN2420900CE.NFO,02/01/2024,09:47:48,547.4,550.4,40,552.1,120,0,3200
FINNIFTY02JAN2420900CE.NFO,02/01/2024,09:47:50,547.4,550.4,40,552.35,880,0,3200
FINNIFTY02JAN2420900CE.NFO,02/01/2024,09:47:52,547.4,550.7,40,552.5,280,0,3200
FINNIFTY02JAN2420900CE.NFO,02/01/2024,09:47:53,547.4,547.75,80,549.95,120,0,3200
FINNIFTY02JAN2420900CE.NFO,02/01/2024,09:47:55,547.4,545.8,40,548.2,80,0,3200
FINNIFTY02JAN2420900CE.NFO,02/01/2024,09:47:57,547.4,547.9,40,549.6,80,0,3200
FINNIFTY02JAN2420900CE.NFO,02/01/2024,09:47:58,547.4,547.85,80,549.7,200,0,3200
FINNIFTY02JAN2420900CE.NFO,02/01/2024,09:48:00,547.4,548.45,40,550.3,40,0,3200
FINNIFTY02JAN2420900CE.NFO,02/01/2024,09:48:02,547.4,547.65,40,549.8,120,0,3200
FINNIFTY02JAN2420900CE.NFO,02/01/2024,09:48:03,547.4,546.55,40,548.9,40,0,3200
FINNIFTY02JAN2420900CE.NFO,02/01/2024,09:48:05,547.4,546.65,40,548.3,40,0,3200
FINNIFTY02JAN2420900CE.NFO,02/01/2024,09:48:07,547.4,545.6,40,547.4,160,0,3200
FINNIFTY02JAN2420900CE.NFO,02/01/2024,09:48:08,547.4,545.7,40,547.5,40,0,3200
FINNIFTY02JAN2420900CE.NFO,02/01/2024,09:48:10,547.4,545.55,40,547.4,1200,0,3200
FINNIFTY02JAN2420900CE.NFO,02/01/2024,09:48:12,547.4,545.6,40,547.55,480,0,3200
FINNIFTY02JAN2420900CE.NFO,02/01/2024,09:48:13,547.4,546,40,547.65,40,0,3200
FINNIFTY02JAN2420900CE.NFO,02/01/2024,09:48:15,547.4,546.3,120,547.85,80,0,3200
FINNIFTY02JAN2420900CE.NFO,02/01/2024,09:48:17,547.4,546.45,40,548.15,80,0,3200
FINNIFTY02JAN2420900CE.NFO,02/01/2024,09:48:18,547.4,544.5,80,546.15,120,0,3200
FINNIFTY02JAN2420900CE.NFO,02/01/2024,09:48:20,547.4,543.65,40,545.6,120,0,3200
FINNIFTY02JAN2420900CE.NFO,02/01/2024,09:48:22,547.4,544.5,40,546.2,320,0,3200
FINNIFTY02JAN2420900CE.NFO,02/01/2024,09:48:23,547.4,543.9,40,545.55,80,0,3200
FINNIFTY02JAN2420900CE.NFO,02/01/2024,09:48:25,547.4,543.1,40,544.85,80,0,3200
FINNIFTY02JAN2420900CE.NFO,02/01/2024,09:48:27,547.4,542.6,80,544.7,40,0,3200
FINNIFTY02JAN2420900CE.NFO,02/01/2024,09:48:28,547.4,543.35,40,545.05,80,0,3200
FINNIFTY02JAN2420900CE.NFO,02/01/2024,09:48:30,547.4,543.3,80,545,40,0,3200
FINNIFTY02JAN2420900CE.NFO,02/01/2024,09:48:31,547.4,543.55,40,545.2,240,0,3200
FINNIFTY02JAN2420900CE.NFO,02/01/2024,09:48:33,547.4,543.15,40,544.9,120,0,3200
FINNIFTY02JAN2420900CE.NFO,02/01/2024,09:48:35,547.4,542.3,40,543.95,80,0,3200
FINNIFTY02JAN2420900CE.NFO,02/01/2024,09:48:36,547.4,542.2,40,544,240,0,3200
FINNIFTY02JAN2420900CE.NFO,02/01/2024,09:48:38,547.4,542.4,40,544.15,120,0,3200
FINNIFTY02JAN2420900CE.NFO,02/01/2024,09:48:40,547.4,542.6,40,544.4,80,0,3200
FINNIFTY02JAN2420900CE.NFO,02/01/2024,09:48:41,547.4,544.5,120,546.15,120,0,3200
FINNIFTY02JAN2420900CE.NFO,02/01/2024,09:48:43,547.4,545.15,80,546.85,40,0,3200
FINNIFTY02JAN2420900CE.NFO,02/01/2024,09:48:45,547.4,545.35,40,546.95,360,0,3200
FINNIFTY02JAN2420900CE.NFO,02/01/2024,09:48:46,547.4,546.15,80,548,80,0,3200
FINNIFTY02JAN2420900CE.NFO,02/01/2024,09:48:48,547.4,546.45,80,548.2,40,0,3200
FINNIFTY02JAN2420900CE.NFO,02/01/2024,09:48:50,547.4,546.5,40,548.15,240,0,3200
FINNIFTY02JAN2420900CE.NFO,02/01/2024,09:48:51,547.4,546.05,40,547.8,120,0,3200
FINNIFTY02JAN2420900CE.NFO,02/01/2024,09:48:53,547.4,545.75,40,547.75,40,0,3200
FINNIFTY02JAN2420900CE.NFO,02/01/2024,09:48:55,547.4,547.3,80,549.3,200,0,3200
FINNIFTY02JAN2420900CE.NFO,02/01/2024,09:48:56,547.4,547.65,40,549.45,200,0,3200
FINNIFTY02JAN2420900CE.NFO,02/01/2024,09:48:58,547.4,547.85,40,549.5,40,0,3200
FINNIFTY02JAN2420900CE.NFO,02/01/2024,09:49:00,547.4,548.05,40,549.8,960,0,3200
FINNIFTY02JAN2420900CE.NFO,02/01/2024,09:49:01,547.4,548.2,40,550.25,120,0,3200
FINNIFTY02JAN2420900CE.NFO,02/01/2024,09:49:03,547.4,548.8,80,550.8,200,0,3200
FINNIFTY02JAN2420900CE.NFO,02/01/2024,09:49:05,547.4,547.4,40,549.95,200,0,3200
FINNIFTY02JAN2420900CE.NFO,02/01/2024,09:49:06,547.4,547,40,548.8,200,0,3200
FINNIFTY02JAN2420900CE.NFO,02/01/2024,09:49:08,547.4,546.15,40,547.9,120,0,3200
FINNIFTY02JAN2420900CE.NFO,02/01/2024,09:49:10,547.4,545.5,80,547.45,200,0,3200
FINNIFTY02JAN2420900CE.NFO,02/01/2024,09:49:11,547.4,545.45,40,547.05,120,0,3200
FINNIFTY02JAN2420900CE.NFO,02/01/2024,09:49:13,547.4,544.45,40,546.1,40,0,3200
FINNIFTY02JAN2420900CE.NFO,02/01/2024,09:49:15,547.4,545.2,40,547.15,120,0,3200
FINNIFTY02JAN2420900CE.NFO,02/01/2024,09:49:17,547.4,545.2,80,546.9,40,0,3200
FINNIFTY02JAN2420900CE.NFO,02/01/2024,09:49:18,547.4,545.4,40,547,40,0,3200
FINNIFTY02JAN2420900CE.NFO,02/01/2024,09:49:20,547.4,546.25,40,548.05,200,0,3200
FINNIFTY02JAN2420900CE.NFO,02/01/2024,09:49:22,547.4,546.3,40,548.15,600,0,3200
FINNIFTY02JAN2420900CE.NFO,02/01/2024,09:49:23,547.4,547.2,40,549.2,160,0,3200
FINNIFTY02JAN2420900CE.NFO,02/01/2024,09:49:25,547.4,546.65,40,548.7,80,0,3200
FINNIFTY02JAN2420900CE.NFO,02/01/2024,09:49:27,547.4,547.15,80,548.8,120,0,3200
FINNIFTY02JAN2420900CE.NFO,02/01/2024,09:49:28,547.4,546.8,40,548.4,240,0,3200
FINNIFTY02JAN2420900CE.NFO,02/01/2024,09:49:30,547.4,546.8,40,548.4,80,0,3200
FINNIFTY02JAN2420900CE.NFO,02/01/2024,09:49:32,547.4,545.5,40,547.25,40,0,3200
FINNIFTY02JAN2420900CE.NFO,02/01/2024,09:49:33,547.4,545.75,40,547.35,120,0,3200
FINNIFTY02JAN2420900CE.NFO,02/01/2024,09:49:35,547.4,546.05,40,547.8,200,0,3200
FINNIFTY02JAN2420900CE.NFO,02/01/2024,09:49:37,547.4,546.4,200,548.05,40,0,3200
FINNIFTY02JAN2420900CE.NFO,02/01/2024,09:49:38,547.4,546.75,40,548.3,160,0,3200
FINNIFTY02JAN2420900CE.NFO,02/01/2024,09:49:40,547.4,546.3,40,547.9,80,0,3200
FINNIFTY02JAN2420900CE.NFO,02/01/2024,09:49:42,547.4,546.5,40,548.05,120,0,3200
FINNIFTY02JAN2420900CE.NFO,02/01/2024,09:49:43,547.4,548.1,40,549.75,120,0,3200
FINNIFTY02JAN2420900CE.NFO,02/01/2024,09:49:45,547.4,547.4,40,548.95,40,0,3200
FINNIFTY02JAN2420900CE.NFO,02/01/2024,09:49:47,547.4,547.7,40,549.4,320,0,3200
FINNIFTY02JAN2420900CE.NFO,02/01/2024,09:49:48,547.4,548.2,40,549.9,240,0,3200
FINNIFTY02JAN2420900CE.NFO,02/01/2024,09:49:50,547.4,549,80,550.75,280,0,3200
FINNIFTY02JAN2420900CE.NFO,02/01/2024,09:49:52,547.4,549.05,40,550.65,120,0,3200
FINNIFTY02JAN2420900CE.NFO,02/01/2024,09:49:53,547.4,548.25,40,549.9,40,0,3200
FINNIFTY02JAN2420900CE.NFO,02/01/2024,09:49:55,547.4,547.8,40,549.8,200,0,3200
FINNIFTY02JAN2420900CE.NFO,02/01/2024,09:49:57,547.4,547.45,40,548.9,200,0,3200
FINNIFTY02JAN2420900CE.NFO,02/01/2024,09:49:58,547.4,547.5,40,549.35,120,0,3200
FINNIFTY02JAN2420900CE.NFO,02/01/2024,09:50:00,547.4,547.9,80,550.3,200,0,3200
FINNIFTY02JAN2420900CE.NFO,02/01/2024,09:50:02,547.4,548.65,40,550.4,680,0,3200
FINNIFTY02JAN2420900CE.NFO,02/01/2024,09:50:03,547.4,548.65,40,550.35,80,0,3200
FINNIFTY02JAN2420900CE.NFO,02/01/2024,09:50:05,547.4,548.85,120,550.55,120,0,3200
FINNIFTY02JAN2420900CE.NFO,02/01/2024,09:50:07,547.4,550.5,40,552.15,120,0,3200
FINNIFTY02JAN2420900CE.NFO,02/01/2024,09:50:08,547.4,550.5,40,552.15,200,0,3200
FINNIFTY02JAN2420900CE.NFO,02/01/2024,09:50:10,547.4,549.85,80,551.35,80,0,3200
FINNIFTY02JAN2420900CE.NFO,02/01/2024,09:50:12,547.4,549.35,160,551,360,0,3200
FINNIFTY02JAN2420900CE.NFO,02/01/2024,09:50:13,547.4,548.15,120,549.85,200,0,3200
FINNIFTY02JAN2420900CE.NFO,02/01/2024,09:50:15,547.4,548.05,40,549.65,40,0,3200
FINNIFTY02JAN2420900CE.NFO,02/01/2024,09:50:17,547.4,548.25,40,549.85,80,0,3200
FINNIFTY02JAN2420900CE.NFO,02/01/2024,09:50:18,547.4,548.15,120,549.75,160,0,3200
FINNIFTY02JAN2420900CE.NFO,02/01/2024,09:50:20,547.4,547.5,40,549.15,120,0,3200
FINNIFTY02JAN2420900CE.NFO,02/01/2024,09:50:22,547.4,546.45,40,548.15,280,0,3200
FINNIFTY02JAN2420900CE.NFO,02/01/2024,09:50:23,547.4,545.85,40,547.75,480,0,3200
FINNIFTY02JAN2420900CE.NFO,02/01/2024,09:50:25,547.4,546.25,40,547.9,40,0,3200
FINNIFTY02JAN2420900CE.NFO,02/01/2024,09:50:27,547.4,546.95,40,548.5,80,0,3200
FINNIFTY02JAN2420900CE.NFO,02/01/2024,09:50:28,547.4,546.05,40,547.9,40,0,3200
