Ticker,Date,Time,LTP,BuyPrice,BuyQty,SellPrice,SellQty,LTQ,OpenInterest
FINNIFTY02JAN2423000CE.NFO,02/01/2024,09:15:19,0.4,0.3,4200,0.35,2400,28840,343040
FINNIFTY02JAN2423000CE.NFO,02/01/2024,09:15:19,0.3,0.3,4200,0.35,2400,0,343040
FINNIFTY02JAN2423000CE.NFO,02/01/2024,09:15:19,0.4,0.3,4200,0.35,2400,0,343040
FINNIFTY02JAN2423000CE.NFO,02/01/2024,09:15:19,0.25,0.3,4200,0.35,2400,0,343040
FINNIFTY02JAN2423000CE.NFO,02/01/2024,09:15:31,0.35,0.3,4200,0.35,8520,80,343040
FINNIFTY02JAN2423000CE.NFO,02/01/2024,09:15:40,0.3,0.25,83160,0.35,12160,3680,343040
FINNIFTY02JAN2423000CE.NFO,02/01/2024,09:15:49,0.25,0.25,82960,0.35,12200,5080,343040
FINNIFTY02JAN2423000CE.NFO,02/01/2024,09:15:57,0.25,0.25,112640,0.3,3640,0,343040
FINNIFTY02JAN2423000CE.NFO,02/01/2024,09:16:08,0.3,0.25,122360,0.35,11040,8400,343040
FINNIFTY02JAN2423000CE.NFO,02/01/2024,09:16:16,0.25,0.25,226200,0.35,11920,2440,343040
FINNIFTY02JAN2423000CE.NFO,02/01/2024,09:16:24,0.35,0.25,228720,0.3,3080,3640,343040
FINNIFTY02JAN2423000CE.NFO,02/01/2024,09:16:32,0.25,0.25,242440,0.3,11880,2560,343040
FINNIFTY02JAN2423000CE.NFO,02/01/2024,09:16:40,0.3,0.25,242440,0.3,12000,3200,343040
FINNIFTY02JAN2423000CE.NFO,02/01/2024,09:16:49,0.3,0.25,240880,0.3,10360,1640,343040
FINNIFTY02JAN2423000CE.NFO,02/01/2024,09:16:56,0.3,0.25,240960,0.3,10320,40,343040
FINNIFTY02JAN2423000CE.NFO,02/01/2024,09:17:04,0.3,0.25,226320,0.3,1680,21920,343040
FINNIFTY02JAN2423000CE.NFO,02/01/2024,09:17:13,0.3,0.25,239440,0.3,21400,2240,343040
FINNIFTY02JAN2423000CE.NFO,02/01/2024,09:17:21,0.3,0.25,239440,0.3,21400,0,343040
FINNIFTY02JAN2423000CE.NFO,02/01/2024,09:17:38,0.3,0.25,227560,0.3,9080,10040,386600
FINNIFTY02JAN2423000CE.NFO,02/01/2024,09:17:46,0.3,0.25,235560,0.3,5480,1800,386600
FINNIFTY02JAN2423000CE.NFO,02/01/2024,09:17:54,0.3,0.25,237360,0.3,6480,800,386600
FINNIFTY02JAN2423000CE.NFO,02/01/2024,09:18:01,0.3,0.25,237360,0.3,4640,40,386600
FINNIFTY02JAN2423000CE.NFO,02/01/2024,09:18:09,0.25,0.25,234960,0.3,4360,440,386600
FINNIFTY02JAN2423000CE.NFO,02/01/2024,09:18:16,0.25,0.25,236760,0.3,5040,0,386600
FINNIFTY02JAN2423000CE.NFO,02/01/2024,09:18:24,0.25,0.25,233760,0.3,5320,3000,386600
FINNIFTY02JAN2423000CE.NFO,02/01/2024,09:18:31,0.25,0.25,224920,0.3,12520,9000,386600
FINNIFTY02JAN2423000CE.NFO,02/01/2024,09:18:38,0.3,0.25,224920,0.3,34080,40,386600
FINNIFTY02JAN2423000CE.NFO,02/01/2024,09:18:45,0.3,0.25,224840,0.3,33760,40,386600
FINNIFTY02JAN2423000CE.NFO,02/01/2024,09:18:54,0.3,0.25,324920,0.3,33720,40,386600
FINNIFTY02JAN2423000CE.NFO,02/01/2024,09:19:04,0.3,0.25,324840,0.3,16240,240,386600
FINNIFTY02JAN2423000CE.NFO,02/01/2024,09:19:12,0.3,0.25,323120,0.3,14920,40,386600
FINNIFTY02JAN2423000CE.NFO,02/01/2024,09:19:21,0.25,0.25,333920,0.3,16880,7240,386600
FINNIFTY02JAN2423000CE.NFO,02/01/2024,09:19:29,0.3,0.25,333920,0.3,28280,520,386600
FINNIFTY02JAN2423000CE.NFO,02/01/2024,09:19:37,0.3,0.25,334520,0.3,28280,0,386600
FINNIFTY02JAN2423000CE.NFO,02/01/2024,09:19:47,0.3,0.25,334440,0.3,28080,200,386600
FINNIFTY02JAN2423000CE.NFO,02/01/2024,09:20:02,0.3,0.25,261520,0.3,26280,0,386600
FINNIFTY02JAN2423000CE.NFO,02/01/2024,09:20:11,0.3,0.25,234040,0.3,28200,680,386600
FINNIFTY02JAN2423000CE.NFO,02/01/2024,09:20:19,0.3,0.25,234440,0.3,28120,0,386600
FINNIFTY02JAN2423000CE.NFO,02/01/2024,09:20:26,0.25,0.25,234360,0.3,27840,80,409840
FINNIFTY02JAN2423000CE.NFO,02/01/2024,09:20:42,0.3,0.25,234320,0.3,27480,80,409840
FINNIFTY02JAN2423000CE.NFO,02/01/2024,09:20:49,0.3,0.25,235240,0.3,24320,1360,409840
FINNIFTY02JAN2423000CE.NFO,02/01/2024,09:20:59,0.25,0.25,483440,0.3,45880,2160,409840
FINNIFTY02JAN2423000CE.NFO,02/01/2024,09:21:11,0.25,0.25,476960,0.3,45200,6880,409840
FINNIFTY02JAN2423000CE.NFO,02/01/2024,09:21:23,0.25,0.25,470280,0.3,72480,6040,409840
FINNIFTY02JAN2423000CE.NFO,02/01/2024,09:21:35,0.3,0.25,470280,0.3,69800,2400,409840
FINNIFTY02JAN2423000CE.NFO,02/01/2024,09:21:46,0.3,0.25,468760,0.3,68320,3440,409840
FINNIFTY02JAN2423000CE.NFO,02/01/2024,09:21:57,0.3,0.25,468640,0.3,63160,5280,409840
FINNIFTY02JAN2423000CE.NFO,02/01/2024,09:22:08,0.3,0.3,23600,0.35,63040,43760,409840
FINNIFTY02JAN2423000CE.NFO,02/01/2024,09:22:20,0.35,0.3,74640,0.35,103120,8440,409840
FINNIFTY02JAN2423000CE.NFO,02/01/2024,09:22:31,0.3,0.3,74800,0.35,90240,8000,409840
FINNIFTY02JAN2423000CE.NFO,02/01/2024,09:22:43,0.3,0.3,74360,0.35,93840,40,409840
FINNIFTY02JAN2423000CE.NFO,02/01/2024,09:22:54,0.3,0.3,67560,0.35,96920,7720,409840
FINNIFTY02JAN2423000CE.NFO,02/01/2024,09:23:05,0.3,0.3,52160,0.35,117200,3800,409840
FINNIFTY02JAN2423000CE.NFO,02/01/2024,09:23:16,0.3,0.3,38800,0.35,119000,6360,409840
FINNIFTY02JAN2423000CE.NFO,02/01/2024,09:23:26,0.35,0.3,38800,0.35,118600,400,428480
FINNIFTY02JAN2423000CE.NFO,02/01/2024,09:23:37,0.25,0.25,204640,0.3,71640,19320,428480
FINNIFTY02JAN2423000CE.NFO,02/01/2024,09:23:47,0.3,0.25,204400,0.3,65240,8400,428480
FINNIFTY02JAN2423000CE.NFO,02/01/2024,09:23:58,0.25,0.25,204640,0.3,64720,3080,428480
FINNIFTY02JAN2423000CE.NFO,02/01/2024,09:24:09,0.3,0.25,212160,0.3,59920,6280,428480
FINNIFTY02JAN2423000CE.NFO,02/01/2024,09:24:19,0.25,0.25,215200,0.3,68120,5960,428480
FINNIFTY02JAN2423000CE.NFO,02/01/2024,09:24:31,0.25,0.25,206400,0.3,68920,1800,428480
FINNIFTY02JAN2423000CE.NFO,02/01/2024,09:24:41,0.25,0.25,211800,0.3,74320,0,428480
FINNIFTY02JAN2423000CE.NFO,02/01/2024,09:24:52,0.3,0.25,212600,0.3,79680,40,428480
FINNIFTY02JAN2423000CE.NFO,02/01/2024,09:25:03,0.25,0.25,211360,0.3,82880,1600,428480
FINNIFTY02JAN2423000CE.NFO,02/01/2024,09:25:14,0.25,0.25,211080,0.3,81080,280,428480
FINNIFTY02JAN2423000CE.NFO,02/01/2024,09:25:25,0.25,0.25,213520,0.3,93680,1160,428480
FINNIFTY02JAN2423000CE.NFO,02/01/2024,09:25:36,0.3,0.25,234440,0.3,92800,7040,428480
FINNIFTY02JAN2423000CE.NFO,02/01/2024,09:25:47,0.3,0.25,129120,0.3,92160,560,428480
FINNIFTY02JAN2423000CE.NFO,02/01/2024,09:25:58,0.3,0.25,129280,0.3,95080,0,428480
FINNIFTY02JAN2423000CE.NFO,02/01/2024,09:26:08,0.25,0.25,126680,0.3,94880,1800,428480
FINNIFTY02JAN2423000CE.NFO,02/01/2024,09:26:21,0.3,0.25,127080,0.3,90040,4480,428480
FINNIFTY02JAN2423000CE.NFO,02/01/2024,09:26:33,0.3,0.25,162280,0.3,87520,3200,407560
FINNIFTY02JAN2423000CE.NFO,02/01/2024,09:26:46,0.25,0.25,177000,0.3,87200,320,407560
FINNIFTY02JAN2423000CE.NFO,02/01/2024,09:26:58,0.3,0.25,208080,0.3,87960,1600,407560
FINNIFTY02JAN2423000CE.NFO,02/01/2024,09:27:10,0.25,0.25,201400,0.3,94000,6680,407560
FINNIFTY02JAN2423000CE.NFO,02/01/2024,09:27:21,0.25,0.25,201400,0.3,94000,0,407560
FINNIFTY02JAN2423000CE.NFO,02/01/2024,09:27:32,0.25,0.25,199600,0.3,94760,1800,407560
FINNIFTY02JAN2423000CE.NFO,02/01/2024,09:27:43,0.3,0.25,199080,0.3,112720,560,407560
FINNIFTY02JAN2423000CE.NFO,02/01/2024,09:27:54,0.25,0.25,191840,0.3,114520,7240,407560
FINNIFTY02JAN2423000CE.NFO,02/01/2024,09:28:07,0.25,0.25,190640,0.3,121720,0,407560
FINNIFTY02JAN2423000CE.NFO,02/01/2024,09:28:19,0.3,0.25,190920,0.3,122800,80,407560
FINNIFTY02JAN2423000CE.NFO,02/01/2024,09:28:43,0.3,0.25,194520,0.3,124000,0,407560
FINNIFTY02JAN2423000CE.NFO,02/01/2024,09:28:54,0.3,0.25,196640,0.3,123880,400,407560
FINNIFTY02JAN2423000CE.NFO,02/01/2024,09:29:06,0.3,0.25,196640,0.3,123880,0,407560
FINNIFTY02JAN2423000CE.NFO,02/01/2024,09:29:41,0.25,0.25,196520,0.3,123480,120,415480
FINNIFTY02JAN2423000CE.NFO,02/01/2024,09:29:52,0.25,0.25,196480,0.3,123480,40,415480
FINNIFTY02JAN2423000CE.NFO,02/01/2024,09:30:04,0.25,0.25,195560,0.3,123200,920,415480
FINNIFTY02JAN2423000CE.NFO,02/01/2024,09:30:16,0.25,0.25,195560,0.3,123200,0,415480
FINNIFTY02JAN2423000CE.NFO,02/01/2024,09:30:28,0.25,0.25,194560,0.3,123480,0,415480
FINNIFTY02JAN2423000CE.NFO,02/01/2024,09:30:39,0.25,0.25,194520,0.3,123480,40,415480
FINNIFTY02JAN2423000CE.NFO,02/01/2024,09:30:50,0.25,0.25,194480,0.3,125280,40,415480
FINNIFTY02JAN2423000CE.NFO,02/01/2024,09:31:01,0.25,0.25,194480,0.3,125280,0,415480
FINNIFTY02JAN2423000CE.NFO,02/01/2024,09:31:12,0.25,0.25,194440,0.3,123480,40,415480
FINNIFTY02JAN2423000CE.NFO,02/01/2024,09:31:35,0.3,0.25,195640,0.3,124280,400,415480
FINNIFTY02JAN2423000CE.NFO,02/01/2024,09:31:46,0.3,0.25,195640,0.3,124280,0,415480
FINNIFTY02JAN2423000CE.NFO,02/01/2024,09:32:31,0.3,0.25,186640,0.3,124280,0,415480
FINNIFTY02JAN2423000CE.NFO,02/01/2024,09:32:54,0.25,0.25,185440,0.3,126000,1280,415680
FINNIFTY02JAN2423000CE.NFO,02/01/2024,09:33:05,0.25,0.25,185440,0.3,126000,0,415680
FINNIFTY02JAN2423000CE.NFO,02/01/2024,09:33:15,0.25,0.25,183640,0.3,127800,1800,415680
FINNIFTY02JAN2423000CE.NFO,02/01/2024,09:33:48,0.25,0.25,181840,0.3,129320,1800,415680
FINNIFTY02JAN2423000CE.NFO,02/01/2024,09:34:00,0.25,0.25,181840,0.3,129320,0,415680
FINNIFTY02JAN2423000CE.NFO,02/01/2024,09:34:11,0.3,0.25,181840,0.3,129240,80,415680
FINNIFTY02JAN2423000CE.NFO,02/01/2024,09:34:42,0.3,0.25,181840,0.3,129240,0,415680
FINNIFTY02JAN2423000CE.NFO,02/01/2024,09:35:55,0.3,0.25,181840,0.3,129440,80,417400
FINNIFTY02JAN2423000CE.NFO,02/01/2024,09:36:06,0.3,0.25,181840,0.3,129680,0,417400
FINNIFTY02JAN2423000CE.NFO,02/01/2024,09:36:29,0.3,0.25,181840,0.3,127880,1800,417400
FINNIFTY02JAN2423000CE.NFO,02/01/2024,09:36:40,0.3,0.25,181840,0.3,127880,0,417400
FINNIFTY02JAN2423000CE.NFO,02/01/2024,09:36:50,0.3,0.25,182840,0.3,127600,0,417400
FINNIFTY02JAN2423000CE.NFO,02/01/2024,09:37:01,0.3,0.25,181840,0.3,127880,0,417400
FINNIFTY02JAN2423000CE.NFO,02/01/2024,09:37:42,0.3,0.25,181840,0.3,128000,0,417400
FINNIFTY02JAN2423000CE.NFO,02/01/2024,09:38:03,0.3,0.25,181040,0.3,128000,0,417400
FINNIFTY02JAN2423000CE.NFO,02/01/2024,09:38:13,0.3,0.25,181040,0.3,131880,0,417400
FINNIFTY02JAN2423000CE.NFO,02/01/2024,09:38:24,0.3,0.25,181040,0.3,132560,0,417400
FINNIFTY02JAN2423000CE.NFO,02/01/2024,09:38:35,0.3,0.25,181040,0.3,133040,0,417400
FINNIFTY02JAN2423000CE.NFO,02/01/2024,09:38:46,0.3,0.25,181040,0.3,133160,0,417400
FINNIFTY02JAN2423000CE.NFO,02/01/2024,09:39:08,0.25,0.25,175280,0.3,138560,5760,417400
FINNIFTY02JAN2423000CE.NFO,02/01/2024,09:39:29,0.25,0.25,174960,0.3,138920,360,417400
FINNIFTY02JAN2423000CE.NFO,02/01/2024,09:39:40,0.25,0.25,174160,0.3,139920,800,417400
FINNIFTY02JAN2423000CE.NFO,02/01/2024,09:39:51,0.25,0.25,174160,0.3,139920,0,417400
FINNIFTY02JAN2423000CE.NFO,02/01/2024,09:40:15,0.25,0.25,167120,0.3,138800,0,417400
FINNIFTY02JAN2423000CE.NFO,02/01/2024,09:40:28,0.25,0.25,154920,0.3,140600,1400,417400
FINNIFTY02JAN2423000CE.NFO,02/01/2024,09:40:39,0.25,0.25,136000,0.3,142120,920,417400
FINNIFTY02JAN2423000CE.NFO,02/01/2024,09:40:52,0.25,0.25,136000,0.3,142200,0,417400
FINNIFTY02JAN2423000CE.NFO,02/01/2024,09:41:27,0.25,0.25,135880,0.3,142200,120,417400
FINNIFTY02JAN2423000CE.NFO,02/01/2024,09:41:38,0.25,0.25,135880,0.3,143600,0,417400
FINNIFTY02JAN2423000CE.NFO,02/01/2024,09:41:49,0.25,0.25,134960,0.3,143600,920,425760
FINNIFTY02JAN2423000CE.NFO,02/01/2024,09:42:00,0.25,0.25,135040,0.3,143600,0,425760
FINNIFTY02JAN2423000CE.NFO,02/01/2024,09:42:11,0.3,0.25,73280,0.3,143840,200,425760
FINNIFTY02JAN2423000CE.NFO,02/01/2024,09:42:22,0.25,0.25,65080,0.3,144160,2800,425760
FINNIFTY02JAN2423000CE.NFO,02/01/2024,09:42:33,0.25,0.25,65080,0.3,144160,0,425760
FINNIFTY02JAN2423000CE.NFO,02/01/2024,09:42:44,0.25,0.25,65200,0.3,144560,0,425760
FINNIFTY02JAN2423000CE.NFO,02/01/2024,09:42:54,0.25,0.25,65360,0.3,144560,0,425760
FINNIFTY02JAN2423000CE.NFO,02/01/2024,09:43:06,0.25,0.25,65440,0.3,144400,600,425760
FINNIFTY02JAN2423000CE.NFO,02/01/2024,09:43:17,0.3,0.25,65440,0.3,142360,2080,425760
FINNIFTY02JAN2423000CE.NFO,02/01/2024,09:43:28,0.3,0.25,67240,0.3,141040,400,425760
FINNIFTY02JAN2423000CE.NFO,02/01/2024,09:43:40,0.25,0.25,66800,0.3,141040,440,425760
FINNIFTY02JAN2423000CE.NFO,02/01/2024,09:43:51,0.25,0.25,66200,0.3,141040,1000,425760
FINNIFTY02JAN2423000CE.NFO,02/01/2024,09:44:02,0.25,0.25,52600,0.3,143040,13600,425760
FINNIFTY02JAN2423000CE.NFO,02/01/2024,09:44:13,0.25,0.25,53800,0.3,143040,0,425760
FINNIFTY02JAN2423000CE.NFO,02/01/2024,09:44:25,0.25,0.25,52240,0.3,143320,1400,425760
FINNIFTY02JAN2423000CE.NFO,02/01/2024,09:44:35,0.25,0.25,50440,0.3,143320,1800,425760
FINNIFTY02JAN2423000CE.NFO,02/01/2024,09:44:45,0.25,0.25,47440,0.3,143040,1800,418800
FINNIFTY02JAN2423000CE.NFO,02/01/2024,09:44:55,0.25,0.25,45600,0.3,143040,1840,418800
FINNIFTY02JAN2423000CE.NFO,02/01/2024,09:45:06,0.3,0.25,43800,0.3,144640,2000,418800
FINNIFTY02JAN2423000CE.NFO,02/01/2024,09:45:17,0.25,0.25,42000,0.3,144640,1800,418800
FINNIFTY02JAN2423000CE.NFO,02/01/2024,09:45:28,0.25,0.25,41000,0.3,144640,1000,418800
FINNIFTY02JAN2423000CE.NFO,02/01/2024,09:45:39,0.25,0.25,39760,0.3,117320,4040,418800
FINNIFTY02JAN2423000CE.NFO,02/01/2024,09:45:50,0.3,0.25,39760,0.3,133400,120,418800
FINNIFTY02JAN2423000CE.NFO,02/01/2024,09:46:01,0.3,0.25,39760,0.3,147720,0,418800
FINNIFTY02JAN2423000CE.NFO,02/01/2024,09:46:23,0.3,0.25,39760,0.3,147120,600,418800
FINNIFTY02JAN2423000CE.NFO,02/01/2024,09:46:34,0.25,0.25,30160,0.3,147120,11200,418800
FINNIFTY02JAN2423000CE.NFO,02/01/2024,09:46:44,0.25,0.25,30160,0.3,147400,0,418800
FINNIFTY02JAN2423000CE.NFO,02/01/2024,09:46:54,0.25,0.25,31760,0.3,147120,0,418800
FINNIFTY02JAN2423000CE.NFO,02/01/2024,09:47:05,0.3,0.25,31760,0.3,145880,1240,418800
FINNIFTY02JAN2423000CE.NFO,02/01/2024,09:47:16,0.25,0.25,30960,0.3,145880,800,418800
FINNIFTY02JAN2423000CE.NFO,02/01/2024,09:47:37,0.3,0.25,10560,0.3,127640,21200,438560
FINNIFTY02JAN2423000CE.NFO,02/01/2024,09:47:48,0.25,0.2,387200,0.25,77440,20880,438560
FINNIFTY02JAN2423000CE.NFO,02/01/2024,09:47:59,0.25,0.2,402680,0.25,96280,10760,438560
FINNIFTY02JAN2423000CE.NFO,02/01/2024,09:48:09,0.25,0.2,402560,0.25,97560,160,438560
FINNIFTY02JAN2423000CE.NFO,02/01/2024,09:48:20,0.25,0.2,402560,0.25,97280,280,438560
FINNIFTY02JAN2423000CE.NFO,02/01/2024,09:48:30,0.25,0.2,402560,0.25,97960,0,438560
FINNIFTY02JAN2423000CE.NFO,02/01/2024,09:48:40,0.25,0.2,403280,0.25,97960,0,438560
FINNIFTY02JAN2423000CE.NFO,02/01/2024,09:48:50,0.2,0.2,402880,0.25,97960,400,438560
FINNIFTY02JAN2423000CE.NFO,02/01/2024,09:48:50,0.2,0.2,402880,0.25,97960,0,438560
FINNIFTY02JAN2423000CE.NFO,02/01/2024,09:49:00,0.2,0.2,402880,0.25,99040,0,438560
FINNIFTY02JAN2423000CE.NFO,02/01/2024,09:49:10,0.25,0.2,402880,0.25,84600,40,438560
FINNIFTY02JAN2423000CE.NFO,02/01/2024,09:49:21,0.2,0.2,408160,0.25,85640,120,438560
FINNIFTY02JAN2423000CE.NFO,02/01/2024,09:49:31,0.25,0.2,408160,0.25,88040,560,438560
FINNIFTY02JAN2423000CE.NFO,02/01/2024,09:49:41,0.25,0.2,408160,0.25,102440,0,438560
FINNIFTY02JAN2423000CE.NFO,02/01/2024,09:49:51,0.25,0.2,408080,0.25,102440,0,438560
FINNIFTY02JAN2423000CE.NFO,02/01/2024,09:50:01,0.25,0.2,408080,0.25,103880,0,438560
FINNIFTY02JAN2423000CE.NFO,02/01/2024,09:50:11,0.25,0.2,408080,0.25,126920,0,438560
FINNIFTY02JAN2423000CE.NFO,02/01/2024,09:50:21,0.25,0.2,408080,0.25,105240,80,438560
FINNIFTY02JAN2423000CE.NFO,02/01/2024,09:50:31,0.25,0.2,408080,0.25,105240,0,438560
FINNIFTY02JAN2423000CE.NFO,02/01/2024,09:50:41,0.25,0.2,406280,0.25,110640,1800,406160
FINNIFTY02JAN2423000CE.NFO,02/01/2024,09:50:52,0.25,0.2,406280,0.25,110640,0,406160
FINNIFTY02JAN2423000CE.NFO,02/01/2024,09:51:13,0.25,0.2,404480,0.25,110640,0,406160
FINNIFTY02JAN2423000CE.NFO,02/01/2024,09:51:56,0.25,0.2,406280,0.25,109440,1360,406160
FINNIFTY02JAN2423000CE.NFO,02/01/2024,09:52:17,0.2,0.2,404440,0.25,109440,40,406160
FINNIFTY02JAN2423000CE.NFO,02/01/2024,09:52:27,0.25,0.2,404440,0.25,107040,2400,406160
FINNIFTY02JAN2423000CE.NFO,02/01/2024,09:52:37,0.25,0.2,406240,0.25,106840,200,406160
FINNIFTY02JAN2423000CE.NFO,02/01/2024,09:52:57,0.25,0.2,404440,0.25,105640,1200,406160
FINNIFTY02JAN2423000CE.NFO,02/01/2024,09:53:08,0.25,0.2,404440,0.25,103360,2280,406160
FINNIFTY02JAN2423000CE.NFO,02/01/2024,09:53:28,0.2,0.2,404320,0.25,103360,120,406160
FINNIFTY02JAN2423000CE.NFO,02/01/2024,09:53:39,0.25,0.2,404240,0.25,103320,120,403000
FINNIFTY02JAN2423000CE.NFO,02/01/2024,09:54:10,0.25,0.2,406040,0.25,103280,40,403000
FINNIFTY02JAN2423000CE.NFO,02/01/2024,09:54:20,0.25,0.2,402640,0.25,103240,40,403000
FINNIFTY02JAN2423000CE.NFO,02/01/2024,09:54:31,0.25,0.2,404440,0.25,96120,7400,403000
FINNIFTY02JAN2423000CE.NFO,02/01/2024,09:54:42,0.25,0.2,407040,0.25,87360,14160,403000
FINNIFTY02JAN2423000CE.NFO,02/01/2024,09:54:53,0.25,0.2,408120,0.25,57120,38960,403000
FINNIFTY02JAN2423000CE.NFO,02/01/2024,09:55:06,0.2,0.2,396440,0.25,32680,58000,403000
FINNIFTY02JAN2423000CE.NFO,02/01/2024,09:55:17,0.25,0.2,412560,0.25,38440,3600,403000
FINNIFTY02JAN2423000CE.NFO,02/01/2024,09:55:29,0.2,0.2,405760,0.25,38440,7200,403000
FINNIFTY02JAN2423000CE.NFO,02/01/2024,09:55:42,0.2,0.2,405240,0.25,61440,520,403000
FINNIFTY02JAN2423000CE.NFO,02/01/2024,09:55:53,0.2,0.2,405240,0.25,74400,0,403000
FINNIFTY02JAN2423000CE.NFO,02/01/2024,09:56:06,0.25,0.2,394840,0.25,57520,5400,403000
FINNIFTY02JAN2423000CE.NFO,02/01/2024,09:56:20,0.3,0.25,80880,0.3,70040,56720,403000
FINNIFTY02JAN2423000CE.NFO,02/01/2024,09:56:34,0.3,0.25,122200,0.3,116400,1800,403000
FINNIFTY02JAN2423000CE.NFO,02/01/2024,09:56:46,0.25,0.25,114400,0.3,118000,7800,393200
FINNIFTY02JAN2423000CE.NFO,02/01/2024,09:57:00,0.25,0.25,102520,0.3,125200,4280,393200
FINNIFTY02JAN2423000CE.NFO,02/01/2024,09:57:13,0.3,0.25,120520,0.3,109920,2880,393200
FINNIFTY02JAN2423000CE.NFO,02/01/2024,09:57:26,0.25,0.25,109520,0.3,107240,3360,393200
FINNIFTY02JAN2423000CE.NFO,02/01/2024,09:57:39,0.25,0.25,117240,0.3,110840,3080,393200
FINNIFTY02JAN2423000CE.NFO,02/01/2024,09:57:51,0.25,0.25,112040,0.3,112640,5120,393200
FINNIFTY02JAN2423000CE.NFO,02/01/2024,09:58:02,0.3,0.25,120680,0.3,114040,400,393200
FINNIFTY02JAN2423000CE.NFO,02/01/2024,09:58:14,0.3,0.25,196680,0.3,113480,760,393200
FINNIFTY02JAN2423000CE.NFO,02/01/2024,09:58:25,0.3,0.25,196680,0.3,112440,840,393200
FINNIFTY02JAN2423000CE.NFO,02/01/2024,09:58:37,0.3,0.25,196680,0.3,112040,200,393200
FINNIFTY02JAN2423000CE.NFO,02/01/2024,09:58:49,0.3,0.25,196640,0.3,30040,17680,393200
FINNIFTY02JAN2423000CE.NFO,02/01/2024,09:59:00,0.3,0.3,32200,0.35,98880,31600,393200
FINNIFTY02JAN2423000CE.NFO,02/01/2024,09:59:11,0.35,0.3,57120,0.35,105080,2080,393200
FINNIFTY02JAN2423000CE.NFO,02/01/2024,09:59:22,0.35,0.3,53760,0.35,102000,0,393200
FINNIFTY02JAN2423000CE.NFO,02/01/2024,09:59:33,0.35,0.3,64960,0.35,101960,0,393200
FINNIFTY02JAN2423000CE.NFO,02/01/2024,09:59:44,0.35,0.3,52360,0.35,90960,0,393200
FINNIFTY02JAN2423000CE.NFO,02/01/2024,09:59:55,0.35,0.3,54160,0.35,91080,0,393200
FINNIFTY02JAN2423000CE.NFO,02/01/2024,10:00:06,0.3,0.3,30080,0.35,91360,9600,398720
FINNIFTY02JAN2423000CE.NFO,02/01/2024,10:00:17,0.35,0.3,37640,0.35,89640,1600,398720
FINNIFTY02JAN2423000CE.NFO,02/01/2024,10:00:29,0.35,0.3,39440,0.35,90000,0,398720
FINNIFTY02JAN2423000CE.NFO,02/01/2024,10:00:41,0.35,0.3,40720,0.35,87360,960,398720
FINNIFTY02JAN2423000CE.NFO,02/01/2024,10:00:52,0.3,0.3,40520,0.35,111080,1360,398720
FINNIFTY02JAN2423000CE.NFO,02/01/2024,10:01:03,0.35,0.3,40520,0.35,110520,560,398720
FINNIFTY02JAN2423000CE.NFO,02/01/2024,10:01:14,0.35,0.3,40480,0.35,110520,0,398720
FINNIFTY02JAN2423000CE.NFO,02/01/2024,10:01:26,0.3,0.25,252880,0.3,144080,75120,398720
FINNIFTY02JAN2423000CE.NFO,02/01/2024,10:01:37,0.3,0.25,254480,0.3,129080,21960,398720
FINNIFTY02JAN2423000CE.NFO,02/01/2024,10:01:47,0.3,0.25,255440,0.3,129080,0,398720
FINNIFTY02JAN2423000CE.NFO,02/01/2024,10:01:59,0.25,0.25,255240,0.3,130280,1800,398720
FINNIFTY02JAN2423000CE.NFO,02/01/2024,10:02:10,0.25,0.25,241440,0.3,141840,14720,398720
FINNIFTY02JAN2423000CE.NFO,02/01/2024,10:02:21,0.3,0.25,259560,0.3,151680,960,398720
FINNIFTY02JAN2423000CE.NFO,02/01/2024,10:02:31,0.3,0.25,261360,0.3,151840,0,398720
FINNIFTY02JAN2423000CE.NFO,02/01/2024,10:02:42,0.3,0.25,261360,0.3,151520,160,445560
FINNIFTY02JAN2423000CE.NFO,02/01/2024,10:02:54,0.3,0.25,259360,0.3,153320,0,445560
FINNIFTY02JAN2423000CE.NFO,02/01/2024,10:03:05,0.3,0.25,259240,0.3,152920,800,445560
FINNIFTY02JAN2423000CE.NFO,02/01/2024,10:03:30,0.3,0.25,259240,0.3,150440,3600,445560
FINNIFTY02JAN2423000CE.NFO,02/01/2024,10:03:41,0.3,0.25,259280,0.3,68560,36080,445560
FINNIFTY02JAN2423000CE.NFO,02/01/2024,10:03:52,0.3,0.3,5080,0.35,145720,67440,445560
FINNIFTY02JAN2423000CE.NFO,02/01/2024,10:04:03,0.3,0.3,16720,0.35,149000,2080,445560
FINNIFTY02JAN2423000CE.NFO,02/01/2024,10:04:15,0.3,0.25,251760,0.3,110160,19240,445560
FINNIFTY02JAN2423000CE.NFO,02/01/2024,10:04:26,0.3,0.25,255520,0.3,108960,3000,445560
FINNIFTY02JAN2423000CE.NFO,02/01/2024,10:04:37,0.3,0.25,255520,0.3,109480,80,445560
FINNIFTY02JAN2423000CE.NFO,02/01/2024,10:04:49,0.3,0.25,237520,0.3,105560,3920,445560
FINNIFTY02JAN2423000CE.NFO,02/01/2024,10:05:00,0.25,0.25,236960,0.3,104480,1840,445560
FINNIFTY02JAN2423000CE.NFO,02/01/2024,10:05:11,0.25,0.25,234840,0.3,104520,320,445560
FINNIFTY02JAN2423000CE.NFO,02/01/2024,10:05:22,0.25,0.25,234840,0.3,106320,0,445560
FINNIFTY02JAN2423000CE.NFO,02/01/2024,10:05:33,0.25,0.25,258840,0.3,106320,0,445560
FINNIFTY02JAN2423000CE.NFO,02/01/2024,10:05:55,0.25,0.25,256200,0.3,106320,840,460280
FINNIFTY02JAN2423000CE.NFO,02/01/2024,10:06:06,0.3,0.25,255600,0.3,106240,80,460280
FINNIFTY02JAN2423000CE.NFO,02/01/2024,10:06:18,0.3,0.25,252000,0.3,111560,280,460280
FINNIFTY02JAN2423000CE.NFO,02/01/2024,10:06:30,0.3,0.25,246600,0.3,111560,0,460280
FINNIFTY02JAN2423000CE.NFO,02/01/2024,10:06:42,0.3,0.25,243000,0.3,109280,2280,460280
FINNIFTY02JAN2423000CE.NFO,02/01/2024,10:06:53,0.3,0.25,237600,0.3,109280,0,460280
FINNIFTY02JAN2423000CE.NFO,02/01/2024,10:07:04,0.3,0.25,234000,0.3,109320,0,460280
FINNIFTY02JAN2423000CE.NFO,02/01/2024,10:07:16,0.3,0.25,234000,0.3,108360,960,460280
FINNIFTY02JAN2423000CE.NFO,02/01/2024,10:07:27,0.3,0.25,234000,0.3,91520,4360,460280
FINNIFTY02JAN2423000CE.NFO,02/01/2024,10:07:38,0.25,0.25,233320,0.3,91360,760,460280
FINNIFTY02JAN2423000CE.NFO,02/01/2024,10:07:50,0.25,0.25,232960,0.3,91360,360,460280
FINNIFTY02JAN2423000CE.NFO,02/01/2024,10:08:01,0.3,0.25,232960,0.3,72760,20400,460280
FINNIFTY02JAN2423000CE.NFO,02/01/2024,10:08:12,0.3,0.25,221520,0.3,81280,12520,460280
FINNIFTY02JAN2423000CE.NFO,02/01/2024,10:08:23,0.3,0.25,221520,0.3,90280,0,460280
FINNIFTY02JAN2423000CE.NFO,02/01/2024,10:08:34,0.25,0.25,221320,0.3,90280,200,469520
FINNIFTY02JAN2423000CE.NFO,02/01/2024,10:08:45,0.25,0.25,220240,0.3,92080,1080,469520
FINNIFTY02JAN2423000CE.NFO,02/01/2024,10:08:56,0.25,0.25,220200,0.3,84880,40,469520
FINNIFTY02JAN2423000CE.NFO,02/01/2024,10:09:08,0.3,0.25,220200,0.3,91560,520,469520
FINNIFTY02JAN2423000CE.NFO,02/01/2024,10:09:20,0.25,0.25,199800,0.3,93360,20400,469520
FINNIFTY02JAN2423000CE.NFO,02/01/2024,10:09:31,0.25,0.25,199800,0.3,140760,0,469520
FINNIFTY02JAN2423000CE.NFO,02/01/2024,10:09:42,0.25,0.25,199400,0.3,142560,0,469520
FINNIFTY02JAN2423000CE.NFO,02/01/2024,10:09:54,0.3,0.25,201200,0.3,141360,1200,469520
FINNIFTY02JAN2423000CE.NFO,02/01/2024,10:10:05,0.3,0.25,199520,0.3,141360,0,469520
FINNIFTY02JAN2423000CE.NFO,02/01/2024,10:10:16,0.3,0.25,201200,0.3,141240,120,469520
FINNIFTY02JAN2423000CE.NFO,02/01/2024,10:10:27,0.3,0.25,201200,0.3,141120,0,469520
FINNIFTY02JAN2423000CE.NFO,02/01/2024,10:10:39,0.3,0.25,201200,0.3,138480,2640,469520
FINNIFTY02JAN2423000CE.NFO,02/01/2024,10:10:50,0.3,0.25,201160,0.3,138600,0,469520
FINNIFTY02JAN2423000CE.NFO,02/01/2024,10:11:02,0.3,0.25,201160,0.3,114480,0,469520
FINNIFTY02JAN2423000CE.NFO,02/01/2024,10:11:12,0.25,0.25,201120,0.3,114480,40,469520
FINNIFTY02JAN2423000CE.NFO,02/01/2024,10:11:23,0.25,0.25,201120,0.3,114480,0,469520
FINNIFTY02JAN2423000CE.NFO,02/01/2024,10:11:34,0.25,0.25,199720,0.3,114480,1400,468320
FINNIFTY02JAN2423000CE.NFO,02/01/2024,10:11:45,0.25,0.25,199400,0.3,116400,320,468320
FINNIFTY02JAN2423000CE.NFO,02/01/2024,10:11:56,0.25,0.25,199400,0.3,118080,0,468320
FINNIFTY02JAN2423000CE.NFO,02/01/2024,10:12:06,0.25,0.25,199120,0.3,118080,280,468320
FINNIFTY02JAN2423000CE.NFO,02/01/2024,10:12:16,0.3,0.25,199120,0.3,116480,1600,468320
FINNIFTY02JAN2423000CE.NFO,02/01/2024,10:12:37,0.3,0.25,199120,0.3,116480,0,468320
FINNIFTY02JAN2423000CE.NFO,02/01/2024,10:12:49,0.3,0.25,199120,0.3,114680,0,468320
FINNIFTY02JAN2423000CE.NFO,02/01/2024,10:13:00,0.25,0.25,198600,0.3,107480,520,468320
FINNIFTY02JAN2423000CE.NFO,02/01/2024,10:13:11,0.25,0.25,198600,0.3,109280,0,468320
FINNIFTY02JAN2423000CE.NFO,02/01/2024,10:13:32,0.25,0.25,200360,0.3,109280,40,468320
FINNIFTY02JAN2423000CE.NFO,02/01/2024,10:13:43,0.25,0.25,202160,0.3,109280,0,468320
FINNIFTY02JAN2423000CE.NFO,02/01/2024,10:14:04,0.3,0.25,202160,0.3,107320,160,468320
FINNIFTY02JAN2423000CE.NFO,02/01/2024,10:14:14,0.3,0.25,202160,0.3,106240,1080,468320
FINNIFTY02JAN2423000CE.NFO,02/01/2024,10:14:25,0.3,0.25,202560,0.3,106240,0,468320
FINNIFTY02JAN2423000CE.NFO,02/01/2024,10:14:46,0.3,0.25,202560,0.3,107800,0,468320
FINNIFTY02JAN2423000CE.NFO,02/01/2024,10:14:56,0.3,0.25,202560,0.3,107520,160,468920
FINNIFTY02JAN2423000CE.NFO,02/01/2024,10:15:07,0.3,0.25,202560,0.3,106080,0,468920
FINNIFTY02JAN2423000CE.NFO,02/01/2024,10:15:16,0.3,0.25,87760,0.3,106080,0,468920
FINNIFTY02JAN2423000CE.NFO,02/01/2024,10:15:37,0.3,0.25,61120,0.3,107880,0,468920
FINNIFTY02JAN2423000CE.NFO,02/01/2024,10:15:47,0.25,0.2,410840,0.25,56960,54680,468920
FINNIFTY02JAN2423000CE.NFO,02/01/2024,10:15:58,0.25,0.2,410800,0.25,88640,720,468920
FINNIFTY02JAN2423000CE.NFO,02/01/2024,10:16:08,0.25,0.2,410800,0.25,87800,840,468920
FINNIFTY02JAN2423000CE.NFO,02/01/2024,10:16:19,0.25,0.2,410800,0.25,87760,200,468920
FINNIFTY02JAN2423000CE.NFO,02/01/2024,10:16:29,0.25,0.2,410800,0.25,87800,0,468920
FINNIFTY02JAN2423000CE.NFO,02/01/2024,10:17:44,0.2,0.2,407600,0.25,91320,3200,459720
FINNIFTY02JAN2423000CE.NFO,02/01/2024,10:17:54,0.2,0.2,405920,0.25,87840,1680,459720
FINNIFTY02JAN2423000CE.NFO,02/01/2024,10:18:04,0.25,0.2,405920,0.25,91040,400,459720
FINNIFTY02JAN2423000CE.NFO,02/01/2024,10:18:13,0.25,0.2,405920,0.25,92840,0,459720
FINNIFTY02JAN2423000CE.NFO,02/01/2024,10:18:32,0.25,0.2,405920,0.25,92640,200,459720
FINNIFTY02JAN2423000CE.NFO,02/01/2024,10:18:41,0.25,0.2,405920,0.25,92640,0,459720
FINNIFTY02JAN2423000CE.NFO,02/01/2024,10:18:50,0.25,0.2,405920,0.25,92520,80,459720
FINNIFTY02JAN2423000CE.NFO,02/01/2024,10:19:00,0.2,0.2,404320,0.25,94200,1640,459720
FINNIFTY02JAN2423000CE.NFO,02/01/2024,10:19:10,0.25,0.2,404320,0.25,94800,1200,459720
FINNIFTY02JAN2423000CE.NFO,02/01/2024,10:19:20,0.25,0.2,406120,0.25,94800,0,459720
FINNIFTY02JAN2423000CE.NFO,02/01/2024,10:19:40,0.25,0.2,406120,0.25,94680,80,459720
FINNIFTY02JAN2423000CE.NFO,02/01/2024,10:19:50,0.25,0.2,406080,0.25,94480,200,459720
FINNIFTY02JAN2423000CE.NFO,02/01/2024,10:20:00,0.25,0.2,402480,0.25,92400,1880,459720
FINNIFTY02JAN2423000CE.NFO,02/01/2024,10:20:09,0.25,0.2,402800,0.25,92400,0,459720
FINNIFTY02JAN2423000CE.NFO,02/01/2024,10:20:19,0.25,0.2,402800,0.25,92800,0,459720
FINNIFTY02JAN2423000CE.NFO,02/01/2024,10:20:29,0.2,0.2,402400,0.25,91800,1600,459720
FINNIFTY02JAN2423000CE.NFO,02/01/2024,10:20:39,0.25,0.2,402400,0.25,90000,2400,461320
FINNIFTY02JAN2423000CE.NFO,02/01/2024,10:20:48,0.25,0.2,402600,0.25,90000,0,461320
FINNIFTY02JAN2423000CE.NFO,02/01/2024,10:20:57,0.25,0.2,402600,0.25,87600,2400,461320
FINNIFTY02JAN2423000CE.NFO,02/01/2024,10:21:06,0.25,0.2,372400,0.25,87600,0,461320
FINNIFTY02JAN2423000CE.NFO,02/01/2024,10:21:17,0.25,0.2,372400,0.25,84600,3000,461320
FINNIFTY02JAN2423000CE.NFO,02/01/2024,10:21:27,0.25,0.2,372400,0.25,83240,1360,461320
FINNIFTY02JAN2423000CE.NFO,02/01/2024,10:21:39,0.25,0.2,372400,0.25,90760,0,461320
FINNIFTY02JAN2423000CE.NFO,02/01/2024,10:22:08,0.25,0.2,372400,0.25,88680,1800,461320
FINNIFTY02JAN2423000CE.NFO,02/01/2024,10:22:18,0.25,0.2,372400,0.25,88680,1800,461320
FINNIFTY02JAN2423000CE.NFO,02/01/2024,10:22:28,0.25,0.2,372400,0.25,88400,280,461320
FINNIFTY02JAN2423000CE.NFO,02/01/2024,10:22:38,0.25,0.2,372400,0.25,90360,0,461320
FINNIFTY02JAN2423000CE.NFO,02/01/2024,10:22:48,0.25,0.2,368800,0.25,88560,1800,461320
FINNIFTY02JAN2423000CE.NFO,02/01/2024,10:22:58,0.25,0.2,368800,0.25,88480,80,461320
FINNIFTY02JAN2423000CE.NFO,02/01/2024,10:23:08,0.25,0.2,370600,0.25,90080,0,461320
FINNIFTY02JAN2423000CE.NFO,02/01/2024,10:23:39,0.25,0.2,370600,0.25,86120,200,458040
FINNIFTY02JAN2423000CE.NFO,02/01/2024,10:23:49,0.2,0.2,370520,0.25,86120,80,458040
FINNIFTY02JAN2423000CE.NFO,02/01/2024,10:24:00,0.25,0.2,371320,0.25,85720,400,458040
FINNIFTY02JAN2423000CE.NFO,02/01/2024,10:24:11,0.2,0.2,371240,0.25,85720,80,458040
FINNIFTY02JAN2423000CE.NFO,02/01/2024,10:24:31,0.25,0.2,370280,0.25,85320,560,458040
FINNIFTY02JAN2423000CE.NFO,02/01/2024,10:24:41,0.25,0.2,370280,0.25,85320,0,458040
FINNIFTY02JAN2423000CE.NFO,02/01/2024,10:25:11,0.25,0.2,368480,0.25,85320,0,458040
FINNIFTY02JAN2423000CE.NFO,02/01/2024,10:25:21,0.25,0.2,368480,0.25,83520,1800,458040
FINNIFTY02JAN2423000CE.NFO,02/01/2024,10:25:32,0.25,0.2,368480,0.25,81720,1800,458040
FINNIFTY02JAN2423000CE.NFO,02/01/2024,10:25:42,0.25,0.2,370360,0.25,42680,42240,458040
FINNIFTY02JAN2423000CE.NFO,02/01/2024,10:25:52,0.25,0.25,64000,0.3,121920,45040,458040
FINNIFTY02JAN2423000CE.NFO,02/01/2024,10:26:02,0.25,0.25,28000,0.3,133400,26160,458040
FINNIFTY02JAN2423000CE.NFO,02/01/2024,10:26:22,0.25,0.2,357880,0.25,7200,19120,458040
FINNIFTY02JAN2423000CE.NFO,02/01/2024,10:26:33,0.25,0.2,357880,0.25,29520,0,458040
FINNIFTY02JAN2423000CE.NFO,02/01/2024,10:26:44,0.25,0.2,368680,0.25,25600,2400,465880
FINNIFTY02JAN2423000CE.NFO,02/01/2024,10:26:55,0.25,0.2,368680,0.25,25640,0,465880
FINNIFTY02JAN2423000CE.NFO,02/01/2024,10:27:05,0.25,0.2,368680,0.25,26560,600,465880
FINNIFTY02JAN2423000CE.NFO,02/01/2024,10:27:17,0.25,0.2,368680,0.25,31560,0,465880
FINNIFTY02JAN2423000CE.NFO,02/01/2024,10:27:28,0.25,0.2,368680,0.25,31720,0,465880
FINNIFTY02JAN2423000CE.NFO,02/01/2024,10:27:48,0.25,0.2,368680,0.25,31200,0,465880
FINNIFTY02JAN2423000CE.NFO,02/01/2024,10:27:58,0.25,0.2,368680,0.25,32320,400,465880
FINNIFTY02JAN2423000CE.NFO,02/01/2024,10:28:18,0.25,0.2,368360,0.25,32320,0,465880
FINNIFTY02JAN2423000CE.NFO,02/01/2024,10:28:28,0.2,0.2,368280,0.25,32320,80,465880
FINNIFTY02JAN2423000CE.NFO,02/01/2024,10:28:45,0.2,0.2,368280,0.25,51520,0,465880
FINNIFTY02JAN2423000CE.NFO,02/01/2024,10:29:03,0.2,0.2,362880,0.25,51520,5400,465880
FINNIFTY02JAN2423000CE.NFO,02/01/2024,10:29:12,0.25,0.2,362880,0.25,51120,400,465880
FINNIFTY02JAN2423000CE.NFO,02/01/2024,10:29:21,0.25,0.2,362880,0.25,54920,2000,465880
FINNIFTY02JAN2423000CE.NFO,02/01/2024,10:29:30,0.25,0.2,362880,0.25,53360,40,465880
FINNIFTY02JAN2423000CE.NFO,02/01/2024,10:29:38,0.25,0.2,362880,0.25,51560,1800,465840
FINNIFTY02JAN2423000CE.NFO,02/01/2024,10:29:55,0.25,0.2,363680,0.25,48480,3080,465840
FINNIFTY02JAN2423000CE.NFO,02/01/2024,10:30:03,0.25,0.2,370880,0.25,4280,26200,465840
FINNIFTY02JAN2423000CE.NFO,02/01/2024,10:30:13,0.25,0.25,15800,0.3,146480,5400,465840
FINNIFTY02JAN2423000CE.NFO,02/01/2024,10:30:32,0.25,0.25,14000,0.3,146720,0,465840
FINNIFTY02JAN2423000CE.NFO,02/01/2024,10:30:41,0.25,0.2,370880,0.25,23520,12280,465840
FINNIFTY02JAN2423000CE.NFO,02/01/2024,10:30:51,0.25,0.2,385280,0.25,22240,1280,465840
FINNIFTY02JAN2423000CE.NFO,02/01/2024,10:31:01,0.25,0.2,370880,0.25,35520,40,465840
FINNIFTY02JAN2423000CE.NFO,02/01/2024,10:31:10,0.25,0.2,370880,0.25,35520,0,465840
FINNIFTY02JAN2423000CE.NFO,02/01/2024,10:31:37,0.25,0.2,370480,0.25,35520,0,465840
FINNIFTY02JAN2423000CE.NFO,02/01/2024,10:31:47,0.25,0.2,370880,0.25,34920,600,465840
FINNIFTY02JAN2423000CE.NFO,02/01/2024,10:31:58,0.25,0.2,370880,0.25,52920,0,465840
FINNIFTY02JAN2423000CE.NFO,02/01/2024,10:32:08,0.25,0.2,370880,0.25,49320,3600,465840
FINNIFTY02JAN2423000CE.NFO,02/01/2024,10:32:18,0.25,0.2,370880,0.25,49200,120,465840
FINNIFTY02JAN2423000CE.NFO,02/01/2024,10:32:37,0.25,0.2,370880,0.25,49040,160,464880
FINNIFTY02JAN2423000CE.NFO,02/01/2024,10:32:46,0.25,0.2,367280,0.25,49040,0,464880
FINNIFTY02JAN2423000CE.NFO,02/01/2024,10:32:56,0.25,0.2,361880,0.25,49040,0,464880
FINNIFTY02JAN2423000CE.NFO,02/01/2024,10:33:42,0.25,0.2,361880,0.25,48880,160,464880
FINNIFTY02JAN2423000CE.NFO,02/01/2024,10:34:11,0.25,0.2,361360,0.25,47080,1800,464880
FINNIFTY02JAN2423000CE.NFO,02/01/2024,10:34:21,0.25,0.2,362000,0.25,44480,2600,464880
FINNIFTY02JAN2423000CE.NFO,02/01/2024,10:34:30,0.25,0.2,362000,0.25,43280,1200,464880
FINNIFTY02JAN2423000CE.NFO,02/01/2024,10:34:39,0.25,0.2,362000,0.25,36080,3600,464880
FINNIFTY02JAN2423000CE.NFO,02/01/2024,10:36:18,0.25,0.2,344000,0.25,39680,0,464880
FINNIFTY02JAN2423000CE.NFO,02/01/2024,10:37:37,0.25,0.2,344000,0.25,39720,0,464880
FINNIFTY02JAN2423000CE.NFO,02/01/2024,10:37:46,0.2,0.2,341160,0.25,39560,1200,459120
FINNIFTY02JAN2423000CE.NFO,02/01/2024,10:38:06,0.2,0.2,342560,0.25,40360,0,459120
FINNIFTY02JAN2423000CE.NFO,02/01/2024,10:38:16,0.25,0.2,342960,0.25,38560,1800,459120
FINNIFTY02JAN2423000CE.NFO,02/01/2024,10:38:44,0.2,0.2,342480,0.25,38560,80,457320
FINNIFTY02JAN2423000CE.NFO,02/01/2024,10:38:54,0.2,0.2,342480,0.25,38560,0,457320
FINNIFTY02JAN2423000CE.NFO,02/01/2024,10:39:04,0.2,0.2,341080,0.25,38680,0,457320
FINNIFTY02JAN2423000CE.NFO,02/01/2024,10:39:15,0.25,0.2,341080,0.25,34760,3800,457320
FINNIFTY02JAN2423000CE.NFO,02/01/2024,10:39:26,0.25,0.2,341080,0.25,33760,1000,457320
FINNIFTY02JAN2423000CE.NFO,02/01/2024,10:39:37,0.25,0.2,341080,0.25,10640,21920,457320
FINNIFTY02JAN2423000CE.NFO,02/01/2024,10:39:48,0.25,0.25,80320,0.3,148960,11240,457320
FINNIFTY02JAN2423000CE.NFO,02/01/2024,10:39:58,0.25,0.25,29480,0.3,162320,2760,457320
FINNIFTY02JAN2423000CE.NFO,02/01/2024,10:40:09,0.25,0.25,20480,0.3,147120,0,457320
FINNIFTY02JAN2423000CE.NFO,02/01/2024,10:40:20,0.25,0.25,19560,0.3,146880,920,457320
FINNIFTY02JAN2423000CE.NFO,02/01/2024,10:40:41,0.25,0.25,15960,0.3,145080,1800,457320
FINNIFTY02JAN2423000CE.NFO,02/01/2024,10:41:01,0.25,0.2,329680,0.25,14440,12360,457320
FINNIFTY02JAN2423000CE.NFO,02/01/2024,10:41:11,0.25,0.2,343480,0.25,19720,3600,457320
FINNIFTY02JAN2423000CE.NFO,02/01/2024,10:41:21,0.25,0.2,347280,0.25,23320,0,457320
FINNIFTY02JAN2423000CE.NFO,02/01/2024,10:41:31,0.25,0.2,352680,0.25,23320,0,457320
FINNIFTY02JAN2423000CE.NFO,02/01/2024,10:41:51,0.25,0.2,352680,0.25,23280,40,450960
FINNIFTY02JAN2423000CE.NFO,02/01/2024,10:42:01,0.25,0.2,352680,0.25,23280,0,450960
FINNIFTY02JAN2423000CE.NFO,02/01/2024,10:42:11,0.25,0.2,350680,0.25,29080,0,450960
FINNIFTY02JAN2423000CE.NFO,02/01/2024,10:42:21,0.25,0.2,350680,0.25,42880,0,450960
FINNIFTY02JAN2423000CE.NFO,02/01/2024,10:42:31,0.2,0.2,350560,0.25,42880,120,450960
FINNIFTY02JAN2423000CE.NFO,02/01/2024,10:42:51,0.25,0.2,350560,0.25,42840,40,450960
FINNIFTY02JAN2423000CE.NFO,02/01/2024,10:43:01,0.25,0.2,350560,0.25,41600,2200,450960
FINNIFTY02JAN2423000CE.NFO,02/01/2024,10:43:21,0.25,0.2,350560,0.25,41600,0,450960
FINNIFTY02JAN2423000CE.NFO,02/01/2024,10:43:41,0.25,0.2,350560,0.25,41720,0,450960
FINNIFTY02JAN2423000CE.NFO,02/01/2024,10:44:31,0.25,0.2,350560,0.25,41520,200,450960
FINNIFTY02JAN2423000CE.NFO,02/01/2024,10:44:41,0.25,0.2,350560,0.25,31320,9000,450760
FINNIFTY02JAN2423000CE.NFO,02/01/2024,10:45:58,0.25,0.2,350560,0.25,22320,9000,450760
FINNIFTY02JAN2423000CE.NFO,02/01/2024,10:46:17,0.25,0.2,350560,0.25,22320,0,450760
FINNIFTY02JAN2423000CE.NFO,02/01/2024,10:46:47,0.25,0.2,350560,0.25,23920,0,450760
FINNIFTY02JAN2423000CE.NFO,02/01/2024,10:46:56,0.25,0.2,350560,0.25,23520,0,450760
FINNIFTY02JAN2423000CE.NFO,02/01/2024,10:48:03,0.2,0.2,342640,0.25,23520,7920,460520
FINNIFTY02JAN2423000CE.NFO,02/01/2024,10:48:12,0.2,0.2,341560,0.25,23680,1080,460520
FINNIFTY02JAN2423000CE.NFO,02/01/2024,10:48:22,0.2,0.2,340480,0.25,23680,1080,460520
FINNIFTY02JAN2423000CE.NFO,02/01/2024,10:48:31,0.2,0.2,332560,0.25,37480,7920,460520
FINNIFTY02JAN2423000CE.NFO,02/01/2024,10:48:40,0.2,0.2,330760,0.25,41080,0,460520
FINNIFTY02JAN2423000CE.NFO,02/01/2024,10:48:50,0.2,0.2,332560,0.25,41880,0,460520
FINNIFTY02JAN2423000CE.NFO,02/01/2024,10:48:59,0.25,0.2,330760,0.25,40080,1800,460520
FINNIFTY02JAN2423000CE.NFO,02/01/2024,10:49:58,0.25,0.2,330800,0.25,38880,200,460520
FINNIFTY02JAN2423000CE.NFO,02/01/2024,10:50:08,0.25,0.2,332600,0.25,39480,0,460520
FINNIFTY02JAN2423000CE.NFO,02/01/2024,10:50:17,0.25,0.2,330800,0.25,18480,19920,460520
FINNIFTY02JAN2423000CE.NFO,02/01/2024,10:50:37,0.25,0.2,330800,0.25,18480,0,460520
FINNIFTY02JAN2423000CE.NFO,02/01/2024,10:50:57,0.25,0.2,332600,0.25,19280,440,461960
FINNIFTY02JAN2423000CE.NFO,02/01/2024,10:51:08,0.25,0.2,332560,0.25,21080,0,461960
FINNIFTY02JAN2423000CE.NFO,02/01/2024,10:51:38,0.25,0.2,332560,0.25,21160,40,461960
FINNIFTY02JAN2423000CE.NFO,02/01/2024,10:52:07,0.2,0.2,331760,0.25,21160,800,461960
FINNIFTY02JAN2423000CE.NFO,02/01/2024,10:52:36,0.25,0.2,331760,0.25,20120,1040,461960
FINNIFTY02JAN2423000CE.NFO,02/01/2024,10:52:55,0.25,0.2,331760,0.25,20080,40,461960
FINNIFTY02JAN2423000CE.NFO,02/01/2024,10:53:04,0.25,0.2,331760,0.25,20360,0,461960
FINNIFTY02JAN2423000CE.NFO,02/01/2024,10:53:14,0.25,0.2,331760,0.25,19920,440,461960
FINNIFTY02JAN2423000CE.NFO,02/01/2024,10:53:23,0.25,0.2,331760,0.25,21720,0,461960
FINNIFTY02JAN2423000CE.NFO,02/01/2024,10:54:09,0.25,0.2,331760,0.25,21520,200,461640
FINNIFTY02JAN2423000CE.NFO,02/01/2024,10:55:14,0.25,0.2,330800,0.25,20560,960,461640
FINNIFTY02JAN2423000CE.NFO,02/01/2024,10:55:42,0.25,0.2,330800,0.25,18600,1560,461640
FINNIFTY02JAN2423000CE.NFO,02/01/2024,10:56:36,0.25,0.2,330800,0.25,18600,0,461640
FINNIFTY02JAN2423000CE.NFO,02/01/2024,10:57:59,0.25,0.2,321800,0.25,16800,0,461640
FINNIFTY02JAN2423000CE.NFO,02/01/2024,10:59:24,0.25,0.2,321800,0.25,17600,1000,460680
FINNIFTY02JAN2423000CE.NFO,02/01/2024,10:59:43,0.2,0.2,321680,0.25,17600,120,460680
FINNIFTY02JAN2423000CE.NFO,02/01/2024,10:59:52,0.2,0.2,321480,0.25,24800,200,460680
FINNIFTY02JAN2423000CE.NFO,02/01/2024,11:00:01,0.2,0.2,321480,0.25,24800,0,460680
FINNIFTY02JAN2423000CE.NFO,02/01/2024,11:00:39,0.25,0.2,321480,0.25,24000,800,460680
FINNIFTY02JAN2423000CE.NFO,02/01/2024,11:01:08,0.25,0.2,321480,0.25,24000,0,460680
FINNIFTY02JAN2423000CE.NFO,02/01/2024,11:01:18,0.2,0.2,301680,0.25,22200,19800,460680
FINNIFTY02JAN2423000CE.NFO,02/01/2024,11:01:27,0.2,0.2,301680,0.25,41400,0,460680
FINNIFTY02JAN2423000CE.NFO,02/01/2024,11:01:46,0.25,0.2,301680,0.25,38960,2440,460680
FINNIFTY02JAN2423000CE.NFO,02/01/2024,11:01:56,0.25,0.2,301680,0.25,38960,0,460680
FINNIFTY02JAN2423000CE.NFO,02/01/2024,11:02:16,0.25,0.2,301680,0.25,42560,0,460680
FINNIFTY02JAN2423000CE.NFO,02/01/2024,11:02:45,0.25,0.2,301680,0.25,68880,0,460680
FINNIFTY02JAN2423000CE.NFO,02/01/2024,11:04:09,0.25,0.2,301680,0.25,67280,1600,460640
FINNIFTY02JAN2423000CE.NFO,02/01/2024,11:05:05,0.25,0.2,301680,0.25,67280,0,460640
FINNIFTY02JAN2423000CE.NFO,02/01/2024,11:05:15,0.25,0.2,301680,0.25,66880,400,460640
FINNIFTY02JAN2423000CE.NFO,02/01/2024,11:06:11,0.25,0.2,301680,0.25,46760,20000,460640
FINNIFTY02JAN2423000CE.NFO,02/01/2024,11:06:38,0.25,0.2,301680,0.25,46760,0,460640
FINNIFTY02JAN2423000CE.NFO,02/01/2024,11:07:17,0.2,0.2,301640,0.25,46880,40,460640
FINNIFTY02JAN2423000CE.NFO,02/01/2024,11:08:22,0.2,0.2,301640,0.25,46880,0,460640
FINNIFTY02JAN2423000CE.NFO,02/01/2024,11:08:49,0.2,0.2,301040,0.25,46880,600,442000
FINNIFTY02JAN2423000CE.NFO,02/01/2024,11:08:59,0.2,0.2,283040,0.25,45360,0,442000
FINNIFTY02JAN2423000CE.NFO,02/01/2024,11:09:09,0.2,0.2,326240,0.25,45360,0,442000
FINNIFTY02JAN2423000CE.NFO,02/01/2024,11:09:37,0.25,0.25,29000,0.3,49840,45800,442000
FINNIFTY02JAN2423000CE.NFO,02/01/2024,11:09:46,0.25,0.25,106160,0.3,50040,240,442000
FINNIFTY02JAN2423000CE.NFO,02/01/2024,11:09:55,0.25,0.25,95520,0.3,38800,240,442000
FINNIFTY02JAN2423000CE.NFO,02/01/2024,11:10:04,0.25,0.25,109880,0.3,38800,40,442000
FINNIFTY02JAN2423000CE.NFO,02/01/2024,11:10:12,0.25,0.25,95480,0.3,38800,0,442000
FINNIFTY02JAN2423000CE.NFO,02/01/2024,11:10:30,0.25,0.25,99080,0.3,38800,0,442000
FINNIFTY02JAN2423000CE.NFO,02/01/2024,11:11:05,0.3,0.25,102680,0.3,37840,800,442000
FINNIFTY02JAN2423000CE.NFO,02/01/2024,11:11:14,0.3,0.25,133520,0.3,28240,9600,442000
FINNIFTY02JAN2423000CE.NFO,02/01/2024,11:11:24,0.3,0.3,47920,0.35,11720,28400,442000
FINNIFTY02JAN2423000CE.NFO,02/01/2024,11:11:33,0.3,0.3,49720,0.35,36600,0,442000
FINNIFTY02JAN2423000CE.NFO,02/01/2024,11:11:42,0.35,0.3,42920,0.35,35400,1080,438120
FINNIFTY02JAN2423000CE.NFO,02/01/2024,11:11:51,0.35,0.3,42920,0.35,35400,0,438120
FINNIFTY02JAN2423000CE.NFO,02/01/2024,11:12:01,0.3,0.3,35520,0.35,35400,200,438120
FINNIFTY02JAN2423000CE.NFO,02/01/2024,11:12:10,0.3,0.3,20320,0.35,37200,0,438120
FINNIFTY02JAN2423000CE.NFO,02/01/2024,11:12:20,0.3,0.3,27480,0.35,37200,0,438120
FINNIFTY02JAN2423000CE.NFO,02/01/2024,11:12:28,0.3,0.3,31000,0.35,39160,0,438120
FINNIFTY02JAN2423000CE.NFO,02/01/2024,11:12:38,0.35,0.3,30840,0.35,38120,2720,438120
FINNIFTY02JAN2423000CE.NFO,02/01/2024,11:12:47,0.3,0.3,30800,0.35,38120,40,438120
FINNIFTY02JAN2423000CE.NFO,02/01/2024,11:12:55,0.35,0.3,25840,0.35,38280,1520,438120
FINNIFTY02JAN2423000CE.NFO,02/01/2024,11:13:04,0.35,0.3,25840,0.35,38480,0,438120
FINNIFTY02JAN2423000CE.NFO,02/01/2024,11:13:13,0.35,0.3,20600,0.35,38480,0,438120
FINNIFTY02JAN2423000CE.NFO,02/01/2024,11:13:22,0.35,0.3,19160,0.35,38480,0,438120
FINNIFTY02JAN2423000CE.NFO,02/01/2024,11:13:32,0.35,0.3,22760,0.35,38480,0,438120
FINNIFTY02JAN2423000CE.NFO,02/01/2024,11:13:42,0.35,0.35,33400,0.4,4680,37000,438120
FINNIFTY02JAN2423000CE.NFO,02/01/2024,11:13:52,0.4,0.35,36480,0.4,3000,2240,438120
FINNIFTY02JAN2423000CE.NFO,02/01/2024,11:14:01,0.4,0.35,37120,0.4,40,2680,438120
FINNIFTY02JAN2423000CE.NFO,02/01/2024,11:14:11,0.4,0.4,23760,0.45,6960,9440,438120
FINNIFTY02JAN2423000CE.NFO,02/01/2024,11:14:20,0.4,0.4,23760,0.45,6960,0,438120
FINNIFTY02JAN2423000CE.NFO,02/01/2024,11:14:28,0.45,0.4,23760,0.5,12960,11320,438120
FINNIFTY02JAN2423000CE.NFO,02/01/2024,11:14:28,0.45,0.4,23760,0.5,12960,0,438120
FINNIFTY02JAN2423000CE.NFO,02/01/2024,11:14:37,0.45,0.4,24960,0.45,4640,5880,438120
FINNIFTY02JAN2423000CE.NFO,02/01/2024,11:14:47,0.45,0.4,26680,0.45,4400,2080,433680
FINNIFTY02JAN2423000CE.NFO,02/01/2024,11:14:56,0.45,0.4,26840,0.45,2400,2200,433680
FINNIFTY02JAN2423000CE.NFO,02/01/2024,11:15:06,0.45,0.4,7240,0.45,3000,0,433680
FINNIFTY02JAN2423000CE.NFO,02/01/2024,11:15:16,0.4,0.4,8640,0.45,5360,1800,433680
FINNIFTY02JAN2423000CE.NFO,02/01/2024,11:15:26,0.4,0.35,36680,0.4,17680,29960,433680
FINNIFTY02JAN2423000CE.NFO,02/01/2024,11:15:35,0.4,0.35,37440,0.4,24800,0,433680
FINNIFTY02JAN2423000CE.NFO,02/01/2024,11:15:46,0.4,0.35,37680,0.4,23080,1800,433680
FINNIFTY02JAN2423000CE.NFO,02/01/2024,11:15:57,0.4,0.35,37680,0.4,23200,240,433680
FINNIFTY02JAN2423000CE.NFO,02/01/2024,11:16:07,0.4,0.35,37560,0.4,24320,2600,433680
FINNIFTY02JAN2423000CE.NFO,02/01/2024,11:16:17,0.4,0.35,37560,0.4,24240,0,433680
FINNIFTY02JAN2423000CE.NFO,02/01/2024,11:16:26,0.4,0.35,37560,0.4,19840,5440,433680
FINNIFTY02JAN2423000CE.NFO,02/01/2024,11:16:54,0.4,0.35,22600,0.4,20360,80,433680
FINNIFTY02JAN2423000CE.NFO,02/01/2024,11:17:03,0.4,0.35,22600,0.4,20360,0,433680
FINNIFTY02JAN2423000CE.NFO,02/01/2024,11:17:30,0.35,0.35,20720,0.4,20360,1880,433680
FINNIFTY02JAN2423000CE.NFO,02/01/2024,11:17:39,0.35,0.35,12520,0.4,20920,2800,433680
FINNIFTY02JAN2423000CE.NFO,02/01/2024,11:17:49,0.35,0.35,13800,0.4,20920,80,419360
FINNIFTY02JAN2423000CE.NFO,02/01/2024,11:17:58,0.35,0.35,13800,0.4,20920,0,419360
FINNIFTY02JAN2423000CE.NFO,02/01/2024,11:18:25,0.35,0.35,9240,0.4,16360,4560,419360
FINNIFTY02JAN2423000CE.NFO,02/01/2024,11:18:43,0.35,0.35,9240,0.4,16360,0,419360
FINNIFTY02JAN2423000CE.NFO,02/01/2024,11:18:52,0.35,0.35,8880,0.4,17800,360,419360
FINNIFTY02JAN2423000CE.NFO,02/01/2024,11:19:00,0.4,0.35,8880,0.4,17000,800,419360
FINNIFTY02JAN2423000CE.NFO,02/01/2024,11:19:09,0.35,0.35,4480,0.4,17440,4400,419360
FINNIFTY02JAN2423000CE.NFO,02/01/2024,11:19:25,0.4,0.35,8320,0.4,18520,200,419360
FINNIFTY02JAN2423000CE.NFO,02/01/2024,11:19:34,0.4,0.35,8320,0.4,16760,3600,419360
FINNIFTY02JAN2423000CE.NFO,02/01/2024,11:19:50,0.35,0.35,6200,0.4,16840,2800,419360
FINNIFTY02JAN2423000CE.NFO,02/01/2024,11:19:58,0.4,0.35,10240,0.4,13840,5400,419360
FINNIFTY02JAN2423000CE.NFO,02/01/2024,11:20:06,0.4,0.35,10240,0.4,12040,1800,419360
FINNIFTY02JAN2423000CE.NFO,02/01/2024,11:20:14,0.35,0.35,8440,0.4,12600,2200,419360
FINNIFTY02JAN2423000CE.NFO,02/01/2024,11:20:23,0.35,0.35,6920,0.4,12480,1520,419360
FINNIFTY02JAN2423000CE.NFO,02/01/2024,11:20:31,0.35,0.35,5120,0.4,12600,1800,419360
FINNIFTY02JAN2423000CE.NFO,02/01/2024,11:20:48,0.35,0.35,5120,0.4,12600,0,419360
FINNIFTY02JAN2423000CE.NFO,02/01/2024,11:21:58,0.35,0.35,7680,0.4,11400,1200,421520
FINNIFTY02JAN2423000CE.NFO,02/01/2024,11:22:08,0.35,0.35,7600,0.4,13240,80,421520
FINNIFTY02JAN2423000CE.NFO,02/01/2024,11:22:17,0.35,0.35,7400,0.4,13240,200,421520
FINNIFTY02JAN2423000CE.NFO,02/01/2024,11:22:25,0.35,0.35,6120,0.4,13240,680,421520
FINNIFTY02JAN2423000CE.NFO,02/01/2024,11:22:34,0.35,0.35,6120,0.4,15640,0,421520
FINNIFTY02JAN2423000CE.NFO,02/01/2024,11:22:42,0.35,0.35,6200,0.4,15480,0,421520
FINNIFTY02JAN2423000CE.NFO,02/01/2024,11:22:51,0.35,0.35,6160,0.4,15520,40,421520
FINNIFTY02JAN2423000CE.NFO,02/01/2024,11:23:00,0.35,0.35,5960,0.4,15400,120,421520
FINNIFTY02JAN2423000CE.NFO,02/01/2024,11:23:25,0.35,0.35,5960,0.4,17200,0,421520
FINNIFTY02JAN2423000CE.NFO,02/01/2024,11:23:49,0.35,0.35,5920,0.4,17200,40,421760
FINNIFTY02JAN2423000CE.NFO,02/01/2024,11:23:57,0.35,0.35,5920,0.4,17320,0,421760
FINNIFTY02JAN2423000CE.NFO,02/01/2024,11:24:06,0.35,0.35,5200,0.4,17200,720,421760
FINNIFTY02JAN2423000CE.NFO,02/01/2024,11:24:14,0.35,0.35,5200,0.4,17320,0,421760
FINNIFTY02JAN2423000CE.NFO,02/01/2024,11:24:30,0.35,0.35,5080,0.4,17320,200,421760
FINNIFTY02JAN2423000CE.NFO,02/01/2024,11:24:38,0.35,0.35,4400,0.4,17320,720,421760
FINNIFTY02JAN2423000CE.NFO,02/01/2024,11:24:47,0.35,0.35,4360,0.4,17320,0,421760
FINNIFTY02JAN2423000CE.NFO,02/01/2024,11:24:55,0.35,0.35,4280,0.4,17320,0,421760
FINNIFTY02JAN2423000CE.NFO,02/01/2024,11:25:03,0.35,0.3,19840,0.4,16720,3000,421760
FINNIFTY02JAN2423000CE.NFO,02/01/2024,11:25:11,0.35,0.3,20880,0.35,7400,3320,421760
FINNIFTY02JAN2423000CE.NFO,02/01/2024,11:25:19,0.35,0.3,47640,0.35,7320,0,421760
FINNIFTY02JAN2423000CE.NFO,02/01/2024,11:25:36,0.35,0.3,47640,0.35,10280,0,421760
FINNIFTY02JAN2423000CE.NFO,02/01/2024,11:25:44,0.35,0.3,47640,0.35,11080,0,421760
FINNIFTY02JAN2423000CE.NFO,02/01/2024,11:26:16,0.35,0.3,21240,0.35,11440,240,421760
FINNIFTY02JAN2423000CE.NFO,02/01/2024,11:26:32,0.35,0.3,21560,0.35,9600,40,421760
FINNIFTY02JAN2423000CE.NFO,02/01/2024,11:26:40,0.35,0.3,21560,0.35,9600,0,421760
FINNIFTY02JAN2423000CE.NFO,02/01/2024,11:27:45,0.35,0.3,23680,0.35,7800,1800,418400
FINNIFTY02JAN2423000CE.NFO,02/01/2024,11:28:02,0.3,0.3,19040,0.35,9760,1040,418400
FINNIFTY02JAN2423000CE.NFO,02/01/2024,11:28:10,0.3,0.3,19040,0.35,11360,0,418400
FINNIFTY02JAN2423000CE.NFO,02/01/2024,11:28:18,0.3,0.3,19000,0.35,11360,0,418400
FINNIFTY02JAN2423000CE.NFO,02/01/2024,11:28:34,0.3,0.3,17000,0.35,13160,1800,418400
FINNIFTY02JAN2423000CE.NFO,02/01/2024,11:28:43,0.3,0.3,19920,0.35,13160,160,418400
FINNIFTY02JAN2423000CE.NFO,02/01/2024,11:29:16,0.3,0.3,13440,0.35,13160,6000,418400
FINNIFTY02JAN2423000CE.NFO,02/01/2024,11:29:24,0.3,0.3,13440,0.35,16760,0,418400
FINNIFTY02JAN2423000CE.NFO,02/01/2024,11:30:03,0.35,0.3,13440,0.35,16440,320,418240
FINNIFTY02JAN2423000CE.NFO,02/01/2024,11:30:26,0.35,0.3,13440,0.35,16440,0,418240
FINNIFTY02JAN2423000CE.NFO,02/01/2024,11:30:49,0.3,0.3,11040,0.35,17040,3200,418240
FINNIFTY02JAN2423000CE.NFO,02/01/2024,11:30:56,0.3,0.3,11040,0.35,18840,0,418240
FINNIFTY02JAN2423000CE.NFO,02/01/2024,11:31:35,0.3,0.3,4720,0.35,13640,9400,418240
FINNIFTY02JAN2423000CE.NFO,02/01/2024,11:31:42,0.3,0.3,3320,0.35,17280,2000,418240
FINNIFTY02JAN2423000CE.NFO,02/01/2024,11:31:50,0.3,0.3,1520,0.35,17280,1800,418240
FINNIFTY02JAN2423000CE.NFO,02/01/2024,11:31:58,0.3,0.3,2560,0.35,17240,0,418240
FINNIFTY02JAN2423000CE.NFO,02/01/2024,11:32:14,0.3,0.3,2560,0.35,17280,0,418240
FINNIFTY02JAN2423000CE.NFO,02/01/2024,11:32:29,0.3,0.3,1400,0.35,17240,1800,418240
FINNIFTY02JAN2423000CE.NFO,02/01/2024,11:32:43,0.35,0.3,1520,0.35,16600,7200,418240
FINNIFTY02JAN2423000CE.NFO,02/01/2024,11:32:51,0.35,0.3,1520,0.35,16600,0,418240
FINNIFTY02JAN2423000CE.NFO,02/01/2024,11:32:58,0.35,0.3,2000,0.35,18760,0,418240
FINNIFTY02JAN2423000CE.NFO,02/01/2024,11:33:49,0.35,0.3,2000,0.35,20560,0,418240
FINNIFTY02JAN2423000CE.NFO,02/01/2024,11:34:30,0.3,0.25,155720,0.3,10960,2240,415800
FINNIFTY02JAN2423000CE.NFO,02/01/2024,11:34:38,0.3,0.25,156400,0.3,12320,200,415800
FINNIFTY02JAN2423000CE.NFO,02/01/2024,11:34:46,0.3,0.25,156840,0.3,11760,560,415800
FINNIFTY02JAN2423000CE.NFO,02/01/2024,11:35:01,0.3,0.25,155040,0.3,11560,200,415800
FINNIFTY02JAN2423000CE.NFO,02/01/2024,11:35:23,0.3,0.25,155480,0.3,11360,200,415800
FINNIFTY02JAN2423000CE.NFO,02/01/2024,11:36:54,0.3,0.25,156200,0.3,8360,9000,414640
FINNIFTY02JAN2423000CE.NFO,02/01/2024,11:37:02,0.3,0.3,15880,0.35,19880,10600,414640
FINNIFTY02JAN2423000CE.NFO,02/01/2024,11:37:09,0.3,0.3,19680,0.35,21520,0,414640
FINNIFTY02JAN2423000CE.NFO,02/01/2024,11:37:17,0.3,0.3,18840,0.35,21520,840,414640
FINNIFTY02JAN2423000CE.NFO,02/01/2024,11:37:24,0.3,0.3,200,0.35,26920,18440,414640
FINNIFTY02JAN2423000CE.NFO,02/01/2024,11:37:33,0.3,0.25,153200,0.3,22040,200,414640
FINNIFTY02JAN2423000CE.NFO,02/01/2024,11:37:41,0.3,0.25,156560,0.3,22040,0,414640
FINNIFTY02JAN2423000CE.NFO,02/01/2024,11:37:56,0.25,0.25,159320,0.3,22680,640,414640
FINNIFTY02JAN2423000CE.NFO,02/01/2024,11:38:28,0.25,0.25,159280,0.3,24000,0,414640
FINNIFTY02JAN2423000CE.NFO,02/01/2024,11:39:31,0.25,0.25,159960,0.3,24000,0,414640
FINNIFTY02JAN2423000CE.NFO,02/01/2024,11:40:04,0.25,0.25,159840,0.3,24600,0,414640
FINNIFTY02JAN2423000CE.NFO,02/01/2024,11:40:53,0.25,0.25,159400,0.3,29440,440,418880
FINNIFTY02JAN2423000CE.NFO,02/01/2024,11:41:00,0.3,0.25,160040,0.3,27440,2000,418880
FINNIFTY02JAN2423000CE.NFO,02/01/2024,11:41:07,0.3,0.25,160040,0.3,26440,1000,418880
FINNIFTY02JAN2423000CE.NFO,02/01/2024,11:41:29,0.3,0.25,160040,0.3,26440,0,418880
FINNIFTY02JAN2423000CE.NFO,02/01/2024,11:41:46,0.3,0.25,158240,0.3,23480,2960,418880
FINNIFTY02JAN2423000CE.NFO,02/01/2024,11:42:19,0.3,0.25,156440,0.3,27640,0,418880
FINNIFTY02JAN2423000CE.NFO,02/01/2024,11:43:03,0.25,0.25,157040,0.3,27640,1200,418880
FINNIFTY02JAN2423000CE.NFO,02/01/2024,11:43:23,0.25,0.25,155240,0.3,27640,0,418880
FINNIFTY02JAN2423000CE.NFO,02/01/2024,11:43:30,0.25,0.25,155240,0.3,28440,0,418880
FINNIFTY02JAN2423000CE.NFO,02/01/2024,11:43:37,0.25,0.25,157040,0.3,28440,0,418880
FINNIFTY02JAN2423000CE.NFO,02/01/2024,11:45:57,0.25,0.25,153400,0.3,29440,1840,417120
FINNIFTY02JAN2423000CE.NFO,02/01/2024,11:46:05,0.25,0.25,152480,0.3,29440,920,417120
FINNIFTY02JAN2423000CE.NFO,02/01/2024,11:46:11,0.25,0.25,153840,0.3,29440,440,417120
FINNIFTY02JAN2423000CE.NFO,02/01/2024,11:46:24,0.3,0.25,152040,0.3,29040,400,417120
FINNIFTY02JAN2423000CE.NFO,02/01/2024,11:46:30,0.3,0.25,152040,0.3,29840,0,417120
FINNIFTY02JAN2423000CE.NFO,02/01/2024,11:46:43,0.25,0.25,153560,0.3,29840,280,417120
FINNIFTY02JAN2423000CE.NFO,02/01/2024,11:46:50,0.25,0.25,151560,0.3,29840,200,417120
FINNIFTY02JAN2423000CE.NFO,02/01/2024,11:47:38,0.25,0.25,153360,0.3,31640,0,417120
FINNIFTY02JAN2423000CE.NFO,02/01/2024,11:49:01,0.3,0.25,153360,0.3,29080,2560,420800
FINNIFTY02JAN2423000CE.NFO,02/01/2024,11:49:39,0.25,0.25,152480,0.3,32680,880,420800
FINNIFTY02JAN2423000CE.NFO,02/01/2024,11:49:57,0.25,0.25,144400,0.3,32680,880,420800
FINNIFTY02JAN2423000CE.NFO,02/01/2024,11:50:04,0.25,0.25,133600,0.3,32680,0,420800
FINNIFTY02JAN2423000CE.NFO,02/01/2024,11:50:10,0.25,0.25,133400,0.3,32680,400,420800
FINNIFTY02JAN2423000CE.NFO,02/01/2024,11:50:23,0.25,0.25,133440,0.3,32680,0,420800
FINNIFTY02JAN2423000CE.NFO,02/01/2024,11:50:35,0.25,0.25,131640,0.3,36480,0,420800
FINNIFTY02JAN2423000CE.NFO,02/01/2024,11:50:47,0.25,0.25,133440,0.3,36480,0,420800
FINNIFTY02JAN2423000CE.NFO,02/01/2024,11:51:53,0.3,0.25,133440,0.3,36320,160,420800
FINNIFTY02JAN2423000CE.NFO,02/01/2024,11:52:11,0.3,0.25,133440,0.3,36120,200,420800
FINNIFTY02JAN2423000CE.NFO,02/01/2024,11:52:35,0.25,0.25,131440,0.3,36120,200,420800
FINNIFTY02JAN2423000CE.NFO,02/01/2024,11:52:54,0.25,0.25,102640,0.3,36120,0,420800
FINNIFTY02JAN2423000CE.NFO,02/01/2024,11:53:00,0.25,0.25,95160,0.3,36120,280,420800
FINNIFTY02JAN2423000CE.NFO,02/01/2024,11:53:21,0.25,0.25,74840,0.3,36120,320,420800
FINNIFTY02JAN2423000CE.NFO,02/01/2024,11:54:35,0.25,0.25,76640,0.3,36120,0,420800
FINNIFTY02JAN2423000CE.NFO,02/01/2024,11:54:53,0.25,0.25,74840,0.3,36120,0,420800
FINNIFTY02JAN2423000CE.NFO,02/01/2024,11:54:59,0.25,0.25,76640,0.3,36120,0,420800
FINNIFTY02JAN2423000CE.NFO,02/01/2024,11:55:10,0.25,0.25,74840,0.3,36120,0,420800
FINNIFTY02JAN2423000CE.NFO,02/01/2024,11:55:16,0.25,0.25,76640,0.3,36120,0,420800
FINNIFTY02JAN2423000CE.NFO,02/01/2024,11:56:05,0.3,0.25,76640,0.3,34920,1800,421600
FINNIFTY02JAN2423000CE.NFO,02/01/2024,11:56:39,0.25,0.25,76480,0.3,36120,160,421600
FINNIFTY02JAN2423000CE.NFO,02/01/2024,11:57:11,0.25,0.25,76480,0.3,36120,0,421600
FINNIFTY02JAN2423000CE.NFO,02/01/2024,11:58:29,0.25,0.25,74680,0.3,35560,0,421600
FINNIFTY02JAN2423000CE.NFO,02/01/2024,11:58:59,0.25,0.25,74680,0.3,36520,0,421600
FINNIFTY02JAN2423000CE.NFO,02/01/2024,11:59:22,0.25,0.25,69280,0.3,36520,0,421600
FINNIFTY02JAN2423000CE.NFO,02/01/2024,11:59:27,0.25,0.25,55280,0.3,36520,0,421600
FINNIFTY02JAN2423000CE.NFO,02/01/2024,11:59:33,0.25,0.25,40880,0.3,36520,0,421600
FINNIFTY02JAN2423000CE.NFO,02/01/2024,11:59:38,0.25,0.25,39080,0.3,33520,1800,419800
FINNIFTY02JAN2423000CE.NFO,02/01/2024,11:59:50,0.25,0.25,35440,0.3,31320,1840,419800
FINNIFTY02JAN2423000CE.NFO,02/01/2024,12:00:31,0.25,0.25,37240,0.3,31320,0,419800
FINNIFTY02JAN2423000CE.NFO,02/01/2024,12:00:50,0.25,0.25,37000,0.3,31320,240,419800
FINNIFTY02JAN2423000CE.NFO,02/01/2024,12:00:57,0.25,0.25,37000,0.3,31680,0,419800
FINNIFTY02JAN2423000CE.NFO,02/01/2024,12:01:04,0.3,0.25,37000,0.3,31640,40,419800
FINNIFTY02JAN2423000CE.NFO,02/01/2024,12:01:30,0.3,0.25,37000,0.3,31280,0,419800
FINNIFTY02JAN2423000CE.NFO,02/01/2024,12:01:37,0.3,0.25,37000,0.3,31640,0,419800
FINNIFTY02JAN2423000CE.NFO,02/01/2024,12:02:13,0.3,0.25,37000,0.3,31280,0,419800
FINNIFTY02JAN2423000CE.NFO,02/01/2024,12:02:25,0.3,0.25,37000,0.3,31240,40,419800
FINNIFTY02JAN2423000CE.NFO,02/01/2024,12:02:36,0.3,0.25,37000,0.3,31600,0,419800
FINNIFTY02JAN2423000CE.NFO,02/01/2024,12:02:48,0.3,0.25,37000,0.3,32400,0,419800
FINNIFTY02JAN2423000CE.NFO,02/01/2024,12:03:00,0.3,0.25,37000,0.3,32320,80,419760
FINNIFTY02JAN2423000CE.NFO,02/01/2024,12:03:25,0.3,0.25,37000,0.3,32120,0,419760
FINNIFTY02JAN2423000CE.NFO,02/01/2024,12:03:31,0.3,0.25,37000,0.3,31960,0,419760
FINNIFTY02JAN2423000CE.NFO,02/01/2024,12:03:37,0.3,0.25,37000,0.3,32120,0,419760
FINNIFTY02JAN2423000CE.NFO,02/01/2024,12:04:15,0.3,0.25,37000,0.3,31160,0,419760
FINNIFTY02JAN2423000CE.NFO,02/01/2024,12:04:22,0.25,0.25,36960,0.3,31160,40,419760
FINNIFTY02JAN2423000CE.NFO,02/01/2024,12:04:30,0.25,0.25,36960,0.3,31120,0,419760
FINNIFTY02JAN2423000CE.NFO,02/01/2024,12:05:42,0.25,0.25,38760,0.3,31680,0,419760
FINNIFTY02JAN2423000CE.NFO,02/01/2024,12:05:48,0.25,0.25,38760,0.3,31720,0,419760
FINNIFTY02JAN2423000CE.NFO,02/01/2024,12:06:05,0.25,0.25,38760,0.3,31200,0,419760
FINNIFTY02JAN2423000CE.NFO,02/01/2024,12:06:21,0.25,0.25,38760,0.3,31720,0,419760
FINNIFTY02JAN2423000CE.NFO,02/01/2024,12:06:38,0.25,0.25,38680,0.3,31560,80,419760
FINNIFTY02JAN2423000CE.NFO,02/01/2024,12:06:43,0.25,0.25,38680,0.3,31560,0,419760
FINNIFTY02JAN2423000CE.NFO,02/01/2024,12:06:54,0.25,0.25,38480,0.3,31560,200,419760
FINNIFTY02JAN2423000CE.NFO,02/01/2024,12:07:23,0.25,0.25,38280,0.3,31560,200,419760
FINNIFTY02JAN2423000CE.NFO,02/01/2024,12:07:29,0.25,0.25,37720,0.3,31560,560,419760
FINNIFTY02JAN2423000CE.NFO,02/01/2024,12:07:35,0.25,0.25,37720,0.3,33160,0,419760
FINNIFTY02JAN2423000CE.NFO,02/01/2024,12:07:55,0.25,0.25,33840,0.3,32000,3880,419760
FINNIFTY02JAN2423000CE.NFO,02/01/2024,12:08:02,0.25,0.25,33440,0.3,32000,400,419760
FINNIFTY02JAN2423000CE.NFO,02/01/2024,12:08:14,0.25,0.25,29840,0.3,37520,3600,419760
FINNIFTY02JAN2423000CE.NFO,02/01/2024,12:08:21,0.25,0.25,28000,0.3,38960,1840,419760
FINNIFTY02JAN2423000CE.NFO,02/01/2024,12:08:27,0.25,0.25,4760,0.3,42920,9800,419760
FINNIFTY02JAN2423000CE.NFO,02/01/2024,12:08:33,0.2,0.2,310280,0.25,34440,13720,419760
FINNIFTY02JAN2423000CE.NFO,02/01/2024,12:08:40,0.2,0.2,310280,0.25,33640,0,419760
FINNIFTY02JAN2423000CE.NFO,02/01/2024,12:08:48,0.2,0.2,312080,0.25,33640,0,419760
FINNIFTY02JAN2423000CE.NFO,02/01/2024,12:08:55,0.2,0.2,312080,0.25,33640,1800,418760
FINNIFTY02JAN2423000CE.NFO,02/01/2024,12:09:02,0.2,0.2,312080,0.25,33640,0,418760
FINNIFTY02JAN2423000CE.NFO,02/01/2024,12:09:08,0.25,0.2,312080,0.25,33600,40,418760
FINNIFTY02JAN2423000CE.NFO,02/01/2024,12:09:14,0.25,0.2,312080,0.25,33600,0,418760
FINNIFTY02JAN2423000CE.NFO,02/01/2024,12:09:20,0.25,0.2,308480,0.25,33400,3800,418760
FINNIFTY02JAN2423000CE.NFO,02/01/2024,12:09:40,0.25,0.2,308480,0.25,35200,0,418760
FINNIFTY02JAN2423000CE.NFO,02/01/2024,12:09:46,0.25,0.2,308480,0.25,43600,0,418760
FINNIFTY02JAN2423000CE.NFO,02/01/2024,12:10:25,0.25,0.2,306280,0.25,43600,0,418760
FINNIFTY02JAN2423000CE.NFO,02/01/2024,12:10:47,0.2,0.2,303120,0.25,45400,3160,418760
FINNIFTY02JAN2423000CE.NFO,02/01/2024,12:10:54,0.2,0.2,303120,0.25,51800,0,418760
FINNIFTY02JAN2423000CE.NFO,02/01/2024,12:11:08,0.2,0.2,298720,0.25,51800,4400,418760
FINNIFTY02JAN2423000CE.NFO,02/01/2024,12:11:23,0.25,0.2,298720,0.25,50800,1000,418760
FINNIFTY02JAN2423000CE.NFO,02/01/2024,12:11:52,0.2,0.2,281320,0.25,54400,4800,418520
FINNIFTY02JAN2423000CE.NFO,02/01/2024,12:11:58,0.2,0.2,270520,0.25,54400,1800,418520
FINNIFTY02JAN2423000CE.NFO,02/01/2024,12:12:12,0.2,0.2,261520,0.25,67000,0,418520
FINNIFTY02JAN2423000CE.NFO,02/01/2024,12:12:38,0.2,0.2,252520,0.25,67000,0,418520
FINNIFTY02JAN2423000CE.NFO,02/01/2024,12:12:44,0.2,0.2,252480,0.25,67000,40,418520
FINNIFTY02JAN2423000CE.NFO,02/01/2024,12:12:57,0.2,0.2,252000,0.25,67000,0,418520
FINNIFTY02JAN2423000CE.NFO,02/01/2024,12:13:03,0.2,0.2,247600,0.25,67000,4400,418520
FINNIFTY02JAN2423000CE.NFO,02/01/2024,12:13:25,0.2,0.2,231400,0.25,67120,3600,418520
FINNIFTY02JAN2423000CE.NFO,02/01/2024,12:13:31,0.2,0.2,182800,0.25,67000,3600,418520
FINNIFTY02JAN2423000CE.NFO,02/01/2024,12:13:42,0.25,0.2,163000,0.25,59800,10800,418520
FINNIFTY02JAN2423000CE.NFO,02/01/2024,12:13:48,0.25,0.2,163000,0.25,63400,0,418520
FINNIFTY02JAN2423000CE.NFO,02/01/2024,12:14:03,0.25,0.2,162880,0.25,63400,0,418520
FINNIFTY02JAN2423000CE.NFO,02/01/2024,12:14:42,0.25,0.2,162880,0.25,65200,0,418520
FINNIFTY02JAN2423000CE.NFO,02/01/2024,12:15:13,0.2,0.2,157680,0.25,65320,5200,418520
FINNIFTY02JAN2423000CE.NFO,02/01/2024,12:15:19,0.2,0.2,125960,0.25,65320,19080,418520
FINNIFTY02JAN2423000CE.NFO,02/01/2024,12:15:25,0.2,0.2,110240,0.25,56240,15720,418520
FINNIFTY02JAN2423000CE.NFO,02/01/2024,12:15:32,0.2,0.2,108440,0.25,56200,0,418520
FINNIFTY02JAN2423000CE.NFO,02/01/2024,12:15:39,0.2,0.2,108440,0.25,75000,0,418520
FINNIFTY02JAN2423000CE.NFO,02/01/2024,12:15:47,0.2,0.2,108440,0.25,93000,0,418520
FINNIFTY02JAN2423000CE.NFO,02/01/2024,12:15:53,0.2,0.2,108440,0.25,94240,0,418520
FINNIFTY02JAN2423000CE.NFO,02/01/2024,12:16:00,0.2,0.2,68440,0.25,94240,0,418520
FINNIFTY02JAN2423000CE.NFO,02/01/2024,12:16:22,0.2,0.2,68440,0.25,95040,0,418520
FINNIFTY02JAN2423000CE.NFO,02/01/2024,12:17:04,0.2,0.2,68280,0.25,93240,160,418520
FINNIFTY02JAN2423000CE.NFO,02/01/2024,12:17:13,0.2,0.2,61080,0.25,95040,7200,418520
FINNIFTY02JAN2423000CE.NFO,02/01/2024,12:17:22,0.2,0.2,43200,0.25,85040,16080,418520
FINNIFTY02JAN2423000CE.NFO,02/01/2024,12:17:31,0.2,0.2,14360,0.25,74320,23400,418520
FINNIFTY02JAN2423000CE.NFO,02/01/2024,12:17:39,0.2,0.2,16160,0.25,77880,1800,418520
FINNIFTY02JAN2423000CE.NFO,02/01/2024,12:17:47,0.2,0.15,567280,0.2,10800,23760,418520
FINNIFTY02JAN2423000CE.NFO,02/01/2024,12:17:55,0.2,0.15,574480,0.2,53600,120,414120
FINNIFTY02JAN2423000CE.NFO,02/01/2024,12:18:03,0.2,0.15,574480,0.2,64400,0,414120
FINNIFTY02JAN2423000CE.NFO,02/01/2024,12:18:11,0.2,0.15,572680,0.2,65640,0,414120
FINNIFTY02JAN2423000CE.NFO,02/01/2024,12:18:41,0.2,0.15,572680,0.2,63840,0,414120
FINNIFTY02JAN2423000CE.NFO,02/01/2024,12:18:56,0.2,0.15,572680,0.2,67440,0,414120
FINNIFTY02JAN2423000CE.NFO,02/01/2024,12:19:26,0.2,0.15,572680,0.2,65640,0,414120
FINNIFTY02JAN2423000CE.NFO,02/01/2024,12:19:34,0.2,0.15,572680,0.2,64160,1480,414120
FINNIFTY02JAN2423000CE.NFO,02/01/2024,12:19:42,0.2,0.15,575040,0.2,61160,3000,414120
FINNIFTY02JAN2423000CE.NFO,02/01/2024,12:19:50,0.2,0.15,575040,0.2,60360,800,414120
FINNIFTY02JAN2423000CE.NFO,02/01/2024,12:19:58,0.2,0.15,575040,0.2,59760,600,414120
FINNIFTY02JAN2423000CE.NFO,02/01/2024,12:20:06,0.2,0.15,575040,0.2,57960,1800,414120
FINNIFTY02JAN2423000CE.NFO,02/01/2024,12:20:20,0.2,0.15,575040,0.2,70560,0,414120
FINNIFTY02JAN2423000CE.NFO,02/01/2024,12:20:33,0.2,0.15,575040,0.2,70520,40,414120
FINNIFTY02JAN2423000CE.NFO,02/01/2024,12:20:39,0.2,0.15,575040,0.2,70440,80,414120
FINNIFTY02JAN2423000CE.NFO,02/01/2024,12:20:46,0.2,0.15,575040,0.2,70360,80,414120
FINNIFTY02JAN2423000CE.NFO,02/01/2024,12:20:59,0.2,0.15,575040,0.2,68560,0,414120
FINNIFTY02JAN2423000CE.NFO,02/01/2024,12:21:13,0.2,0.15,575040,0.2,70560,0,414120
FINNIFTY02JAN2423000CE.NFO,02/01/2024,12:21:20,0.15,0.15,574960,0.2,68760,80,408560
FINNIFTY02JAN2423000CE.NFO,02/01/2024,12:21:20,0.15,0.15,574960,0.2,68760,0,408560
FINNIFTY02JAN2423000CE.NFO,02/01/2024,12:21:27,0.15,0.15,574960,0.2,70560,0,408560
FINNIFTY02JAN2423000CE.NFO,02/01/2024,12:21:34,0.2,0.15,574960,0.2,70560,40,408560
FINNIFTY02JAN2423000CE.NFO,02/01/2024,12:21:42,0.2,0.15,574960,0.2,68720,0,408560
FINNIFTY02JAN2423000CE.NFO,02/01/2024,12:21:49,0.2,0.15,574960,0.2,70560,0,408560
FINNIFTY02JAN2423000CE.NFO,02/01/2024,12:21:55,0.15,0.15,574880,0.2,70560,80,408560
FINNIFTY02JAN2423000CE.NFO,02/01/2024,12:22:02,0.15,0.15,574840,0.2,68760,40,408560
FINNIFTY02JAN2423000CE.NFO,02/01/2024,12:22:10,0.15,0.15,574840,0.2,68720,0,408560
FINNIFTY02JAN2423000CE.NFO,02/01/2024,12:22:18,0.2,0.15,574840,0.2,67520,1240,408560
FINNIFTY02JAN2423000CE.NFO,02/01/2024,12:22:25,0.15,0.15,569440,0.2,67520,5400,408560
FINNIFTY02JAN2423000CE.NFO,02/01/2024,12:22:32,0.15,0.15,569440,0.2,67320,0,408560
FINNIFTY02JAN2423000CE.NFO,02/01/2024,12:22:45,0.2,0.15,571240,0.2,67120,2000,408560
FINNIFTY02JAN2423000CE.NFO,02/01/2024,12:22:58,0.15,0.15,571200,0.2,67120,40,408560
FINNIFTY02JAN2423000CE.NFO,02/01/2024,12:23:05,0.2,0.15,571200,0.2,66640,480,408560
FINNIFTY02JAN2423000CE.NFO,02/01/2024,12:23:39,0.2,0.15,571200,0.2,66640,1800,408560
FINNIFTY02JAN2423000CE.NFO,02/01/2024,12:23:45,0.2,0.15,571200,0.2,66640,0,408560
FINNIFTY02JAN2423000CE.NFO,02/01/2024,12:23:56,0.2,0.15,571200,0.2,66480,160,406840
FINNIFTY02JAN2423000CE.NFO,02/01/2024,12:24:02,0.2,0.15,571200,0.2,66440,40,406840
FINNIFTY02JAN2423000CE.NFO,02/01/2024,12:24:22,0.2,0.15,571200,0.2,66440,0,406840
FINNIFTY02JAN2423000CE.NFO,02/01/2024,12:24:28,0.2,0.15,571200,0.2,66360,80,406840
FINNIFTY02JAN2423000CE.NFO,02/01/2024,12:25:05,0.15,0.15,571040,0.2,66360,160,406840
FINNIFTY02JAN2423000CE.NFO,02/01/2024,12:25:11,0.2,0.15,721000,0.2,66280,80,406840
FINNIFTY02JAN2423000CE.NFO,02/01/2024,12:25:25,0.2,0.15,721000,0.2,66080,200,406840
FINNIFTY02JAN2423000CE.NFO,02/01/2024,12:25:31,0.2,0.15,721000,0.2,66040,40,406840
FINNIFTY02JAN2423000CE.NFO,02/01/2024,12:25:52,0.2,0.15,721000,0.2,65960,80,406840
FINNIFTY02JAN2423000CE.NFO,02/01/2024,12:26:04,0.15,0.15,720640,0.2,65960,360,406840
FINNIFTY02JAN2423000CE.NFO,02/01/2024,12:26:17,0.2,0.15,720640,0.2,65840,120,406840
FINNIFTY02JAN2423000CE.NFO,02/01/2024,12:26:23,0.2,0.15,738640,0.2,65840,0,406840
FINNIFTY02JAN2423000CE.NFO,02/01/2024,12:26:36,0.2,0.15,756640,0.2,65840,0,406840
FINNIFTY02JAN2423000CE.NFO,02/01/2024,12:27:05,0.2,0.15,570640,0.2,65840,0,406840
FINNIFTY02JAN2423000CE.NFO,02/01/2024,12:27:41,0.2,0.15,570640,0.2,67760,0,406840
FINNIFTY02JAN2423000CE.NFO,02/01/2024,12:27:48,0.15,0.15,570520,0.2,67640,120,406440
FINNIFTY02JAN2423000CE.NFO,02/01/2024,12:27:55,0.15,0.15,570600,0.2,73640,0,406440
FINNIFTY02JAN2423000CE.NFO,02/01/2024,12:29:24,0.15,0.15,558000,0.2,73640,0,406440
FINNIFTY02JAN2423000CE.NFO,02/01/2024,12:29:30,0.15,0.15,541800,0.2,73640,0,406440
FINNIFTY02JAN2423000CE.NFO,02/01/2024,12:29:36,0.15,0.15,542600,0.2,73640,0,406440
FINNIFTY02JAN2423000CE.NFO,02/01/2024,12:29:42,0.15,0.15,542560,0.2,73640,40,406440
FINNIFTY02JAN2423000CE.NFO,02/01/2024,12:29:48,0.15,0.15,545440,0.2,73760,0,406440
FINNIFTY02JAN2423000CE.NFO,02/01/2024,12:30:23,0.15,0.15,544880,0.2,73640,480,406440
FINNIFTY02JAN2423000CE.NFO,02/01/2024,12:30:59,0.15,0.15,545640,0.2,73760,0,406440
FINNIFTY02JAN2423000CE.NFO,02/01/2024,12:31:05,0.2,0.15,545640,0.2,73640,120,406440
FINNIFTY02JAN2423000CE.NFO,02/01/2024,12:31:42,0.2,0.15,545640,0.2,73200,440,406440
FINNIFTY02JAN2423000CE.NFO,02/01/2024,12:33:02,0.2,0.15,545720,0.2,73200,0,406440
FINNIFTY02JAN2423000CE.NFO,02/01/2024,12:33:20,0.2,0.15,543920,0.2,73320,0,406440
FINNIFTY02JAN2423000CE.NFO,02/01/2024,12:33:37,0.2,0.15,543920,0.2,75000,0,406440
FINNIFTY02JAN2423000CE.NFO,02/01/2024,12:33:43,0.2,0.15,543920,0.2,73200,1800,406440
FINNIFTY02JAN2423000CE.NFO,02/01/2024,12:33:55,0.2,0.15,543920,0.2,72800,0,406440
FINNIFTY02JAN2423000CE.NFO,02/01/2024,12:34:19,0.15,0.15,543880,0.2,76400,40,406440
FINNIFTY02JAN2423000CE.NFO,02/01/2024,12:34:25,0.15,0.15,542080,0.2,76280,0,406440
FINNIFTY02JAN2423000CE.NFO,02/01/2024,12:34:31,0.15,0.15,541960,0.2,76280,120,406440
FINNIFTY02JAN2423000CE.NFO,02/01/2024,12:35:36,0.15,0.15,541840,0.2,76280,120,406440
FINNIFTY02JAN2423000CE.NFO,02/01/2024,12:37:07,0.15,0.15,538240,0.2,76280,0,406440
FINNIFTY02JAN2423000CE.NFO,02/01/2024,12:37:14,0.15,0.15,525640,0.2,76280,0,406440
FINNIFTY02JAN2423000CE.NFO,02/01/2024,12:37:20,0.15,0.15,511240,0.2,76280,0,406440
FINNIFTY02JAN2423000CE.NFO,02/01/2024,12:37:27,0.15,0.15,505840,0.2,76400,0,406440
FINNIFTY02JAN2423000CE.NFO,02/01/2024,12:38:14,0.15,0.15,504600,0.2,75040,1240,406440
FINNIFTY02JAN2423000CE.NFO,02/01/2024,12:39:24,0.15,0.15,504200,0.2,75160,400,406440
FINNIFTY02JAN2423000CE.NFO,02/01/2024,12:40:03,0.2,0.15,504200,0.2,74760,400,406440
FINNIFTY02JAN2423000CE.NFO,02/01/2024,12:40:18,0.2,0.15,504240,0.2,74640,0,406440
FINNIFTY02JAN2423000CE.NFO,02/01/2024,12:40:48,0.2,0.15,502440,0.2,74640,0,406440
FINNIFTY02JAN2423000CE.NFO,02/01/2024,12:40:59,0.2,0.15,501680,0.2,74640,0,406440
FINNIFTY02JAN2423000CE.NFO,02/01/2024,12:41:53,0.2,0.15,465680,0.2,74640,0,406440
FINNIFTY02JAN2423000CE.NFO,02/01/2024,12:42:15,0.2,0.15,465680,0.2,76280,0,406440
FINNIFTY02JAN2423000CE.NFO,02/01/2024,12:43:25,0.15,0.15,465000,0.2,76160,680,406440
FINNIFTY02JAN2423000CE.NFO,02/01/2024,12:43:31,0.15,0.15,432600,0.2,76160,0,406440
FINNIFTY02JAN2423000CE.NFO,02/01/2024,12:43:37,0.15,0.15,411000,0.2,76160,0,406440
FINNIFTY02JAN2423000CE.NFO,02/01/2024,12:44:29,0.15,0.15,411000,0.2,76680,0,406440
FINNIFTY02JAN2423000CE.NFO,02/01/2024,12:45:00,0.15,0.15,411000,0.2,76840,0,406440
FINNIFTY02JAN2423000CE.NFO,02/01/2024,12:47:35,0.15,0.15,411600,0.2,76960,0,406440
FINNIFTY02JAN2423000CE.NFO,02/01/2024,12:47:57,0.2,0.15,411600,0.2,77160,1000,406440
FINNIFTY02JAN2423000CE.NFO,02/01/2024,12:48:04,0.15,0.15,409640,0.2,77160,160,406440
FINNIFTY02JAN2423000CE.NFO,02/01/2024,12:48:15,0.15,0.15,407840,0.2,77040,0,406440
FINNIFTY02JAN2423000CE.NFO,02/01/2024,12:48:37,0.15,0.15,407840,0.2,77200,0,406440
FINNIFTY02JAN2423000CE.NFO,02/01/2024,12:48:43,0.15,0.15,389840,0.2,77320,0,406440
FINNIFTY02JAN2423000CE.NFO,02/01/2024,12:49:01,0.15,0.15,388040,0.2,77320,0,406440
FINNIFTY02JAN2423000CE.NFO,02/01/2024,12:49:12,0.15,0.15,386240,0.2,77320,0,406440
FINNIFTY02JAN2423000CE.NFO,02/01/2024,12:49:23,0.15,0.15,384440,0.2,77320,0,406440
FINNIFTY02JAN2423000CE.NFO,02/01/2024,12:49:30,0.15,0.15,377240,0.2,77320,0,406440
FINNIFTY02JAN2423000CE.NFO,02/01/2024,12:49:36,0.15,0.15,376640,0.2,77320,600,406440
FINNIFTY02JAN2423000CE.NFO,02/01/2024,12:49:51,0.15,0.15,376640,0.2,77800,0,406440
FINNIFTY02JAN2423000CE.NFO,02/01/2024,12:50:03,0.15,0.15,374840,0.2,77920,0,406440
FINNIFTY02JAN2423000CE.NFO,02/01/2024,12:50:08,0.15,0.15,371240,0.2,77920,0,406440
FINNIFTY02JAN2423000CE.NFO,02/01/2024,12:50:43,0.2,0.15,371240,0.2,76000,1800,406440
FINNIFTY02JAN2423000CE.NFO,02/01/2024,12:50:49,0.2,0.15,371240,0.2,76040,0,406440
FINNIFTY02JAN2423000CE.NFO,02/01/2024,12:53:10,0.2,0.15,371200,0.2,76040,0,406440
FINNIFTY02JAN2423000CE.NFO,02/01/2024,12:53:36,0.2,0.15,371200,0.2,73320,2720,406240
FINNIFTY02JAN2423000CE.NFO,02/01/2024,12:53:41,0.2,0.15,371200,0.2,71480,1840,406240
FINNIFTY02JAN2423000CE.NFO,02/01/2024,12:54:29,0.15,0.15,368800,0.2,75080,2400,406240
FINNIFTY02JAN2423000CE.NFO,02/01/2024,12:54:47,0.15,0.15,368600,0.2,75080,0,406240
FINNIFTY02JAN2423000CE.NFO,02/01/2024,12:54:51,0.15,0.15,348800,0.2,75080,0,406240
FINNIFTY02JAN2423000CE.NFO,02/01/2024,12:54:59,0.15,0.15,348800,0.2,75680,0,406240
FINNIFTY02JAN2423000CE.NFO,02/01/2024,12:55:09,0.15,0.15,348800,0.2,75760,0,406240
FINNIFTY02JAN2423000CE.NFO,02/01/2024,12:55:27,0.15,0.15,348680,0.2,75760,0,406240
FINNIFTY02JAN2423000CE.NFO,02/01/2024,12:55:33,0.15,0.15,348640,0.2,75760,0,406240
FINNIFTY02JAN2423000CE.NFO,02/01/2024,12:55:39,0.15,0.15,348640,0.2,75800,0,406240
FINNIFTY02JAN2423000CE.NFO,02/01/2024,12:55:45,0.15,0.15,348640,0.2,75760,0,406240
FINNIFTY02JAN2423000CE.NFO,02/01/2024,12:56:56,0.15,0.15,345760,0.2,75760,0,406240
FINNIFTY02JAN2423000CE.NFO,02/01/2024,12:57:27,0.15,0.15,345720,0.2,75760,40,406240
FINNIFTY02JAN2423000CE.NFO,02/01/2024,12:58:55,0.15,0.15,345720,0.2,75600,0,406240
FINNIFTY02JAN2423000CE.NFO,02/01/2024,12:59:01,0.15,0.15,345720,0.2,75480,0,406240
FINNIFTY02JAN2423000CE.NFO,02/01/2024,12:59:07,0.15,0.15,345720,0.2,75400,0,406240
FINNIFTY02JAN2423000CE.NFO,02/01/2024,12:59:58,0.2,0.15,345720,0.2,75240,160,406240
FINNIFTY02JAN2423000CE.NFO,02/01/2024,13:00:03,0.2,0.15,345720,0.2,77040,0,406240
FINNIFTY02JAN2423000CE.NFO,02/01/2024,13:00:14,0.2,0.15,345720,0.2,77000,160,406240
FINNIFTY02JAN2423000CE.NFO,02/01/2024,13:00:19,0.2,0.15,327720,0.2,77000,0,406240
FINNIFTY02JAN2423000CE.NFO,02/01/2024,13:01:02,0.2,0.15,302520,0.2,77320,0,406240
FINNIFTY02JAN2423000CE.NFO,02/01/2024,13:01:07,0.2,0.15,222920,0.2,77320,0,406240
FINNIFTY02JAN2423000CE.NFO,02/01/2024,13:01:19,0.15,0.15,216920,0.2,71320,6000,406240
FINNIFTY02JAN2423000CE.NFO,02/01/2024,13:01:46,0.15,0.15,216920,0.2,71120,0,406240
FINNIFTY02JAN2423000CE.NFO,02/01/2024,13:01:52,0.15,0.15,216920,0.2,71480,0,406240
FINNIFTY02JAN2423000CE.NFO,02/01/2024,13:02:06,0.15,0.15,216920,0.2,75080,0,406240
FINNIFTY02JAN2423000CE.NFO,02/01/2024,13:02:14,0.15,0.15,216920,0.2,78680,0,406240
FINNIFTY02JAN2423000CE.NFO,02/01/2024,13:02:21,0.15,0.15,198920,0.2,78680,0,406240
FINNIFTY02JAN2423000CE.NFO,02/01/2024,13:02:29,0.15,0.15,198920,0.2,79480,0,406240
FINNIFTY02JAN2423000CE.NFO,02/01/2024,13:02:45,0.2,0.15,198920,0.2,79320,160,406240
FINNIFTY02JAN2423000CE.NFO,02/01/2024,13:03:25,0.2,0.15,198920,0.2,79320,0,406240
FINNIFTY02JAN2423000CE.NFO,02/01/2024,13:03:32,0.2,0.15,188920,0.2,79320,0,406240
FINNIFTY02JAN2423000CE.NFO,02/01/2024,13:03:48,0.15,0.15,188280,0.2,72080,40,406240
FINNIFTY02JAN2423000CE.NFO,02/01/2024,13:04:03,0.15,0.15,170280,0.2,68560,0,406240
FINNIFTY02JAN2423000CE.NFO,02/01/2024,13:04:13,0.15,0.15,168480,0.2,75880,0,406240
FINNIFTY02JAN2423000CE.NFO,02/01/2024,13:04:23,0.15,0.15,78480,0.2,77480,0,406240
FINNIFTY02JAN2423000CE.NFO,02/01/2024,13:04:32,0.15,0.15,58880,0.2,75760,3400,406240
FINNIFTY02JAN2423000CE.NFO,02/01/2024,13:04:40,0.15,0.15,47720,0.2,64600,11160,406240
FINNIFTY02JAN2423000CE.NFO,02/01/2024,13:04:49,0.15,0.15,47240,0.2,73600,480,406240
FINNIFTY02JAN2423000CE.NFO,02/01/2024,13:04:57,0.15,0.15,46240,0.2,78800,1000,406240
FINNIFTY02JAN2423000CE.NFO,02/01/2024,13:05:04,0.15,0.15,46200,0.2,82400,40,406240
FINNIFTY02JAN2423000CE.NFO,02/01/2024,13:05:11,0.15,0.15,43800,0.2,82400,2400,406240
FINNIFTY02JAN2423000CE.NFO,02/01/2024,13:05:22,0.15,0.15,43040,0.2,82400,760,406240
FINNIFTY02JAN2423000CE.NFO,02/01/2024,13:05:28,0.15,0.15,41440,0.2,82400,0,406240
FINNIFTY02JAN2423000CE.NFO,02/01/2024,13:05:45,0.15,0.15,38560,0.2,82520,0,406240
FINNIFTY02JAN2423000CE.NFO,02/01/2024,13:06:04,0.15,0.15,38520,0.2,82520,40,410480
FINNIFTY02JAN2423000CE.NFO,02/01/2024,13:06:10,0.15,0.15,38520,0.2,84320,0,410480
FINNIFTY02JAN2423000CE.NFO,02/01/2024,13:06:32,0.15,0.15,37320,0.2,84200,1200,410480
FINNIFTY02JAN2423000CE.NFO,02/01/2024,13:06:37,0.15,0.15,37320,0.2,84600,0,410480
FINNIFTY02JAN2423000CE.NFO,02/01/2024,13:06:47,0.15,0.15,37280,0.2,84720,40,410480
FINNIFTY02JAN2423000CE.NFO,02/01/2024,13:06:53,0.15,0.15,37280,0.2,86800,0,410480
FINNIFTY02JAN2423000CE.NFO,02/01/2024,13:07:04,0.15,0.15,32920,0.2,82480,4360,410480
FINNIFTY02JAN2423000CE.NFO,02/01/2024,13:07:09,0.15,0.15,32960,0.2,84280,0,410480
FINNIFTY02JAN2423000CE.NFO,02/01/2024,13:08:38,0.15,0.15,32640,0.2,83960,320,410480
FINNIFTY02JAN2423000CE.NFO,02/01/2024,13:08:51,0.15,0.15,34440,0.2,84080,0,410480
FINNIFTY02JAN2423000CE.NFO,02/01/2024,13:09:02,0.2,0.15,29240,0.2,83960,5360,410480
FINNIFTY02JAN2423000CE.NFO,02/01/2024,13:09:18,0.2,0.15,29240,0.2,83800,160,410480
FINNIFTY02JAN2423000CE.NFO,02/01/2024,13:09:23,0.2,0.15,30840,0.2,83800,0,410480
FINNIFTY02JAN2423000CE.NFO,02/01/2024,13:09:29,0.15,0.15,30520,0.2,83680,320,410480
FINNIFTY02JAN2423000CE.NFO,02/01/2024,13:09:56,0.15,0.15,28920,0.2,83680,0,410480
FINNIFTY02JAN2423000CE.NFO,02/01/2024,13:10:17,0.15,0.15,28920,0.2,84680,0,410480
FINNIFTY02JAN2423000CE.NFO,02/01/2024,13:10:24,0.15,0.15,28920,0.2,83680,0,410480
FINNIFTY02JAN2423000CE.NFO,02/01/2024,13:11:27,0.15,0.1,767960,0.15,16560,28920,410480
FINNIFTY02JAN2423000CE.NFO,02/01/2024,13:11:32,0.15,0.1,771560,0.15,26800,0,410480
FINNIFTY02JAN2423000CE.NFO,02/01/2024,13:11:38,0.15,0.1,771560,0.15,26840,0,410480
FINNIFTY02JAN2423000CE.NFO,02/01/2024,13:11:45,0.15,0.1,771560,0.15,21440,0,410480
FINNIFTY02JAN2423000CE.NFO,02/01/2024,13:11:50,0.15,0.1,771560,0.15,21840,0,410480
FINNIFTY02JAN2423000CE.NFO,02/01/2024,13:11:55,0.15,0.1,775160,0.15,34640,1600,410480
FINNIFTY02JAN2423000CE.NFO,02/01/2024,13:12:16,0.15,0.1,775160,0.15,34640,0,410480
FINNIFTY02JAN2423000CE.NFO,02/01/2024,13:12:21,0.1,0.1,775080,0.15,34720,80,406560
FINNIFTY02JAN2423000CE.NFO,02/01/2024,13:12:21,0.1,0.1,775080,0.15,34720,0,406560
FINNIFTY02JAN2423000CE.NFO,02/01/2024,13:12:36,0.1,0.1,775080,0.15,38200,0,406560
FINNIFTY02JAN2423000CE.NFO,02/01/2024,13:12:41,0.1,0.1,773080,0.15,38200,0,406560
FINNIFTY02JAN2423000CE.NFO,02/01/2024,13:12:51,0.1,0.1,773080,0.15,63400,0,406560
FINNIFTY02JAN2423000CE.NFO,02/01/2024,13:12:55,0.1,0.1,772800,0.15,63320,280,406560
FINNIFTY02JAN2423000CE.NFO,02/01/2024,13:13:05,0.1,0.1,772800,0.15,65240,0,406560
FINNIFTY02JAN2423000CE.NFO,02/01/2024,13:13:14,0.1,0.1,772800,0.15,66640,0,406560
FINNIFTY02JAN2423000CE.NFO,02/01/2024,13:13:41,0.1,0.1,765600,0.15,66640,0,406560
FINNIFTY02JAN2423000CE.NFO,02/01/2024,13:14:14,0.1,0.1,765600,0.15,66680,0,406560
FINNIFTY02JAN2423000CE.NFO,02/01/2024,13:14:36,0.15,0.1,765600,0.15,66280,400,406560
FINNIFTY02JAN2423000CE.NFO,02/01/2024,13:14:41,0.15,0.1,765600,0.15,66280,0,406560
FINNIFTY02JAN2423000CE.NFO,02/01/2024,13:14:46,0.15,0.1,765600,0.15,66040,240,406560
FINNIFTY02JAN2423000CE.NFO,02/01/2024,13:14:57,0.15,0.1,765600,0.15,65960,0,406560
FINNIFTY02JAN2423000CE.NFO,02/01/2024,13:15:02,0.15,0.1,765600,0.15,66040,0,406560
FINNIFTY02JAN2423000CE.NFO,02/01/2024,13:15:13,0.15,0.1,765600,0.15,67840,0,406560
FINNIFTY02JAN2423000CE.NFO,02/01/2024,13:15:19,0.15,0.1,763840,0.15,66080,1800,405920
FINNIFTY02JAN2423000CE.NFO,02/01/2024,13:15:44,0.15,0.1,765640,0.15,64360,1800,405920
FINNIFTY02JAN2423000CE.NFO,02/01/2024,13:15:57,0.15,0.1,765640,0.15,62560,0,405920
FINNIFTY02JAN2423000CE.NFO,02/01/2024,13:16:07,0.1,0.1,765600,0.15,66160,40,405920
FINNIFTY02JAN2423000CE.NFO,02/01/2024,13:16:17,0.1,0.1,765600,0.15,66080,0,405920
FINNIFTY02JAN2423000CE.NFO,02/01/2024,13:16:38,0.1,0.1,736800,0.15,66080,0,405920
FINNIFTY02JAN2423000CE.NFO,02/01/2024,13:17:38,0.1,0.1,736800,0.15,71840,0,405920
FINNIFTY02JAN2423000CE.NFO,02/01/2024,13:17:43,0.15,0.1,735000,0.15,73640,1800,405920
FINNIFTY02JAN2423000CE.NFO,02/01/2024,13:17:57,0.15,0.1,734000,0.15,73840,1000,405920
FINNIFTY02JAN2423000CE.NFO,02/01/2024,13:18:22,0.15,0.1,734000,0.15,73840,0,405920
FINNIFTY02JAN2423000CE.NFO,02/01/2024,13:20:39,0.15,0.1,734840,0.15,76200,0,405920
FINNIFTY02JAN2423000CE.NFO,02/01/2024,13:20:44,0.15,0.1,734840,0.15,77120,0,405920
FINNIFTY02JAN2423000CE.NFO,02/01/2024,13:21:01,0.15,0.1,734840,0.15,76560,0,405920
FINNIFTY02JAN2423000CE.NFO,02/01/2024,13:22:26,0.1,0.1,734680,0.15,77120,160,399520
FINNIFTY02JAN2423000CE.NFO,02/01/2024,13:22:54,0.1,0.1,734560,0.15,77120,120,399520
FINNIFTY02JAN2423000CE.NFO,02/01/2024,13:23:10,0.1,0.1,734520,0.15,77120,40,399520
FINNIFTY02JAN2423000CE.NFO,02/01/2024,13:23:43,0.1,0.1,733680,0.15,77120,0,399520
FINNIFTY02JAN2423000CE.NFO,02/01/2024,13:23:54,0.1,0.1,703680,0.15,77120,0,399520
FINNIFTY02JAN2423000CE.NFO,02/01/2024,13:24:20,0.1,0.1,696480,0.15,77120,0,399520
FINNIFTY02JAN2423000CE.NFO,02/01/2024,13:25:12,0.1,0.1,689280,0.15,76560,0,399520
FINNIFTY02JAN2423000CE.NFO,02/01/2024,13:25:17,0.1,0.1,689280,0.15,76600,0,399520
FINNIFTY02JAN2423000CE.NFO,02/01/2024,13:25:56,0.1,0.1,689280,0.15,77160,0,399520
FINNIFTY02JAN2423000CE.NFO,02/01/2024,13:26:06,0.1,0.1,653280,0.15,76600,0,399520
FINNIFTY02JAN2423000CE.NFO,02/01/2024,13:26:11,0.1,0.1,651480,0.15,76600,0,399520
FINNIFTY02JAN2423000CE.NFO,02/01/2024,13:26:26,0.1,0.1,649680,0.15,76600,0,399520
FINNIFTY02JAN2423000CE.NFO,02/01/2024,13:26:37,0.1,0.1,631680,0.15,77160,0,399520
FINNIFTY02JAN2423000CE.NFO,02/01/2024,13:26:42,0.1,0.1,613680,0.15,76600,0,399520
FINNIFTY02JAN2423000CE.NFO,02/01/2024,13:26:46,0.1,0.1,613880,0.15,76600,0,399520
FINNIFTY02JAN2423000CE.NFO,02/01/2024,13:27:54,0.1,0.1,613880,0.15,76400,0,399520
FINNIFTY02JAN2423000CE.NFO,02/01/2024,13:28:35,0.15,0.1,613880,0.15,76400,200,399800
FINNIFTY02JAN2423000CE.NFO,02/01/2024,13:28:44,0.15,0.1,606680,0.15,76840,0,399800
FINNIFTY02JAN2423000CE.NFO,02/01/2024,13:30:25,0.15,0.1,604920,0.15,76360,40,399600
FINNIFTY02JAN2423000CE.NFO,02/01/2024,13:30:31,0.15,0.1,604920,0.15,76160,200,399600
FINNIFTY02JAN2423000CE.NFO,02/01/2024,13:31:36,0.1,0.1,599280,0.15,76040,5640,399600
FINNIFTY02JAN2423000CE.NFO,02/01/2024,13:31:41,0.1,0.1,599280,0.15,86840,0,399600
FINNIFTY02JAN2423000CE.NFO,02/01/2024,13:31:53,0.1,0.1,599280,0.15,86480,0,399600
FINNIFTY02JAN2423000CE.NFO,02/01/2024,13:32:05,0.1,0.1,596880,0.15,86480,2400,399600
FINNIFTY02JAN2423000CE.NFO,02/01/2024,13:32:10,0.1,0.1,590880,0.15,87840,0,399600
FINNIFTY02JAN2423000CE.NFO,02/01/2024,13:32:16,0.1,0.1,590880,0.15,89520,0,399600
FINNIFTY02JAN2423000CE.NFO,02/01/2024,13:33:05,0.1,0.1,589080,0.15,90080,0,399600
FINNIFTY02JAN2423000CE.NFO,02/01/2024,13:33:53,0.1,0.1,589080,0.15,89400,0,399600
FINNIFTY02JAN2423000CE.NFO,02/01/2024,13:34:05,0.1,0.1,553080,0.15,89400,0,399600
FINNIFTY02JAN2423000CE.NFO,02/01/2024,13:35:42,0.1,0.1,551280,0.15,89400,0,399600
FINNIFTY02JAN2423000CE.NFO,02/01/2024,13:36:55,0.1,0.1,545880,0.15,89400,0,399600
FINNIFTY02JAN2423000CE.NFO,02/01/2024,13:37:01,0.1,0.1,538680,0.15,89400,0,399600
FINNIFTY02JAN2423000CE.NFO,02/01/2024,13:37:06,0.1,0.1,535080,0.15,89400,0,399600
FINNIFTY02JAN2423000CE.NFO,02/01/2024,13:37:12,0.15,0.1,535600,0.15,89480,40,402640
FINNIFTY02JAN2423000CE.NFO,02/01/2024,13:37:22,0.15,0.1,535600,0.15,89440,40,402640
FINNIFTY02JAN2423000CE.NFO,02/01/2024,13:37:27,0.15,0.1,525400,0.15,89400,40,402640
FINNIFTY02JAN2423000CE.NFO,02/01/2024,13:37:31,0.15,0.1,498400,0.15,89400,0,402640
FINNIFTY02JAN2423000CE.NFO,02/01/2024,13:37:36,0.15,0.1,466000,0.15,89960,0,402640
FINNIFTY02JAN2423000CE.NFO,02/01/2024,13:37:40,0.15,0.1,462400,0.15,89440,0,402640
FINNIFTY02JAN2423000CE.NFO,02/01/2024,13:37:46,0.15,0.1,422400,0.15,89440,0,402640
FINNIFTY02JAN2423000CE.NFO,02/01/2024,13:37:50,0.15,0.1,391800,0.15,89440,0,402640
FINNIFTY02JAN2423000CE.NFO,02/01/2024,13:37:54,0.15,0.1,349400,0.15,87600,0,402640
FINNIFTY02JAN2423000CE.NFO,02/01/2024,13:38:11,0.1,0.1,337520,0.15,89440,1080,402640
FINNIFTY02JAN2423000CE.NFO,02/01/2024,13:38:17,0.1,0.1,308000,0.15,89400,0,402640
FINNIFTY02JAN2423000CE.NFO,02/01/2024,13:38:27,0.1,0.1,307800,0.15,89400,200,402640
FINNIFTY02JAN2423000CE.NFO,02/01/2024,13:38:32,0.1,0.1,289360,0.15,89400,440,402640
FINNIFTY02JAN2423000CE.NFO,02/01/2024,13:38:38,0.1,0.1,289360,0.15,89440,0,402640
FINNIFTY02JAN2423000CE.NFO,02/01/2024,13:38:44,0.1,0.1,286960,0.15,89560,2400,402640
FINNIFTY02JAN2423000CE.NFO,02/01/2024,13:38:50,0.1,0.1,286960,0.15,91360,0,402640
FINNIFTY02JAN2423000CE.NFO,02/01/2024,13:38:55,0.1,0.1,286960,0.15,91560,0,402640
FINNIFTY02JAN2423000CE.NFO,02/01/2024,13:39:01,0.1,0.1,285440,0.15,91560,0,402640
FINNIFTY02JAN2423000CE.NFO,02/01/2024,13:39:27,0.1,0.1,278240,0.15,91560,0,402640
FINNIFTY02JAN2423000CE.NFO,02/01/2024,13:39:32,0.15,0.1,278240,0.15,91400,600,404360
FINNIFTY02JAN2423000CE.NFO,02/01/2024,13:39:41,0.15,0.1,278240,0.15,91400,0,404360
FINNIFTY02JAN2423000CE.NFO,02/01/2024,13:39:51,0.1,0.1,277640,0.15,91400,600,404360
FINNIFTY02JAN2423000CE.NFO,02/01/2024,13:40:19,0.1,0.1,276240,0.15,89440,1400,404360
FINNIFTY02JAN2423000CE.NFO,02/01/2024,13:41:32,0.1,0.1,270360,0.15,87640,5880,404360
FINNIFTY02JAN2423000CE.NFO,02/01/2024,13:41:44,0.1,0.1,270360,0.15,97320,0,404360
FINNIFTY02JAN2423000CE.NFO,02/01/2024,13:41:56,0.1,0.1,270280,0.15,97320,80,404360
FINNIFTY02JAN2423000CE.NFO,02/01/2024,13:42:23,0.1,0.1,270280,0.15,97320,0,404360
FINNIFTY02JAN2423000CE.NFO,02/01/2024,13:43:11,0.1,0.1,261280,0.15,97200,0,404360
FINNIFTY02JAN2423000CE.NFO,02/01/2024,13:43:15,0.1,0.1,259480,0.15,96640,0,404360
FINNIFTY02JAN2423000CE.NFO,02/01/2024,13:43:46,0.1,0.1,259320,0.15,97320,160,410240
FINNIFTY02JAN2423000CE.NFO,02/01/2024,13:44:16,0.15,0.1,259320,0.15,95400,1800,410240
FINNIFTY02JAN2423000CE.NFO,02/01/2024,13:44:24,0.15,0.1,259320,0.15,96200,0,410240
FINNIFTY02JAN2423000CE.NFO,02/01/2024,13:44:28,0.1,0.1,259280,0.15,96160,40,410240
FINNIFTY02JAN2423000CE.NFO,02/01/2024,13:44:48,0.1,0.1,259280,0.15,96160,0,410240
FINNIFTY02JAN2423000CE.NFO,02/01/2024,13:45:17,0.1,0.1,249200,0.15,96280,10080,408440
FINNIFTY02JAN2423000CE.NFO,02/01/2024,13:45:26,0.1,0.1,245600,0.15,107760,0,408440
FINNIFTY02JAN2423000CE.NFO,02/01/2024,13:45:30,0.1,0.1,240400,0.15,112800,0,408440
FINNIFTY02JAN2423000CE.NFO,02/01/2024,13:45:53,0.1,0.1,238600,0.15,112920,1800,408440
FINNIFTY02JAN2423000CE.NFO,02/01/2024,13:45:58,0.1,0.1,237000,0.15,113480,1600,408440
FINNIFTY02JAN2423000CE.NFO,02/01/2024,13:46:07,0.1,0.1,236920,0.15,112920,80,408440
FINNIFTY02JAN2423000CE.NFO,02/01/2024,13:46:17,0.15,0.1,218920,0.15,115320,1080,408440
FINNIFTY02JAN2423000CE.NFO,02/01/2024,13:46:23,0.15,0.1,220480,0.15,117920,1240,408440
FINNIFTY02JAN2423000CE.NFO,02/01/2024,13:46:28,0.15,0.1,202480,0.15,118800,920,408440
FINNIFTY02JAN2423000CE.NFO,02/01/2024,13:46:33,0.15,0.1,202480,0.15,116280,720,408440
FINNIFTY02JAN2423000CE.NFO,02/01/2024,13:46:46,0.15,0.1,202480,0.15,118320,0,408440
FINNIFTY02JAN2423000CE.NFO,02/01/2024,13:47:57,0.15,0.1,189880,0.15,105160,0,408440
FINNIFTY02JAN2423000CE.NFO,02/01/2024,13:48:33,0.1,0.1,186200,0.15,119560,3680,404720
FINNIFTY02JAN2423000CE.NFO,02/01/2024,13:48:37,0.1,0.1,185320,0.15,119560,880,404720
FINNIFTY02JAN2423000CE.NFO,02/01/2024,13:48:41,0.1,0.1,185120,0.15,119920,200,404720
FINNIFTY02JAN2423000CE.NFO,02/01/2024,13:48:45,0.15,0.1,188720,0.15,119840,80,404720
FINNIFTY02JAN2423000CE.NFO,02/01/2024,13:49:03,0.15,0.1,199520,0.15,116120,0,404720
FINNIFTY02JAN2423000CE.NFO,02/01/2024,13:49:08,0.1,0.1,191800,0.15,115480,5400,404720
FINNIFTY02JAN2423000CE.NFO,02/01/2024,13:49:12,0.1,0.1,188720,0.15,115480,3080,404720
FINNIFTY02JAN2423000CE.NFO,02/01/2024,13:49:16,0.1,0.1,188720,0.15,115440,0,404720
FINNIFTY02JAN2423000CE.NFO,02/01/2024,13:49:23,0.1,0.1,186720,0.15,115280,2000,404720
FINNIFTY02JAN2423000CE.NFO,02/01/2024,13:49:27,0.1,0.1,186720,0.15,115320,0,404720
FINNIFTY02JAN2423000CE.NFO,02/01/2024,13:49:34,0.1,0.1,176280,0.15,101040,0,404720
FINNIFTY02JAN2423000CE.NFO,02/01/2024,13:49:42,0.1,0.1,172680,0.15,79320,0,404720
FINNIFTY02JAN2423000CE.NFO,02/01/2024,13:49:53,0.1,0.1,161520,0.15,87080,1800,404720
FINNIFTY02JAN2423000CE.NFO,02/01/2024,13:50:10,0.1,0.1,154320,0.15,86520,0,404720
FINNIFTY02JAN2423000CE.NFO,02/01/2024,13:50:15,0.1,0.1,150720,0.15,84720,3600,404720
FINNIFTY02JAN2423000CE.NFO,02/01/2024,13:50:31,0.1,0.1,145320,0.15,75840,3600,404720
FINNIFTY02JAN2423000CE.NFO,02/01/2024,13:50:35,0.1,0.1,145320,0.15,87360,0,404720
FINNIFTY02JAN2423000CE.NFO,02/01/2024,13:50:43,0.1,0.1,138120,0.15,103200,7200,404720
FINNIFTY02JAN2423000CE.NFO,02/01/2024,13:50:48,0.1,0.1,138000,0.15,110760,120,404720
FINNIFTY02JAN2423000CE.NFO,02/01/2024,13:50:54,0.1,0.1,137960,0.15,95000,40,404720
FINNIFTY02JAN2423000CE.NFO,02/01/2024,13:51:01,0.1,0.1,135760,0.15,96000,2200,404720
FINNIFTY02JAN2423000CE.NFO,02/01/2024,13:51:17,0.1,0.1,133640,0.15,109160,2120,405000
FINNIFTY02JAN2423000CE.NFO,02/01/2024,13:51:22,0.1,0.1,133560,0.15,112040,80,405000
FINNIFTY02JAN2423000CE.NFO,02/01/2024,13:51:35,0.1,0.1,33120,0.15,119240,440,405000
FINNIFTY02JAN2423000CE.NFO,02/01/2024,13:51:39,0.1,0.1,32320,0.15,119240,800,405000
FINNIFTY02JAN2423000CE.NFO,02/01/2024,13:51:43,0.1,0.1,30280,0.15,117440,2040,405000
FINNIFTY02JAN2423000CE.NFO,02/01/2024,13:51:48,0.1,0.1,30320,0.15,116920,3600,405000
FINNIFTY02JAN2423000CE.NFO,02/01/2024,13:51:52,0.1,0.1,4240,0.15,107960,27000,405000
FINNIFTY02JAN2423000CE.NFO,02/01/2024,13:51:56,0.1,0.05,305040,0.1,20800,10360,405000
FINNIFTY02JAN2423000CE.NFO,02/01/2024,13:52:00,0.1,0.05,308600,0.1,40240,0,405000
FINNIFTY02JAN2423000CE.NFO,02/01/2024,13:52:06,0.1,0.05,312200,0.1,88880,0,405000
FINNIFTY02JAN2423000CE.NFO,02/01/2024,13:52:12,0.1,0.05,312200,0.1,92480,0,405000
FINNIFTY02JAN2423000CE.NFO,02/01/2024,13:52:18,0.1,0.05,312640,0.1,94640,1440,405000
FINNIFTY02JAN2423000CE.NFO,02/01/2024,13:52:23,0.1,0.05,312640,0.1,96120,320,405000
FINNIFTY02JAN2423000CE.NFO,02/01/2024,13:52:29,0.1,0.05,301840,0.1,90600,280,405000
FINNIFTY02JAN2423000CE.NFO,02/01/2024,13:52:34,0.1,0.05,309040,0.1,90000,600,405000
FINNIFTY02JAN2423000CE.NFO,02/01/2024,13:52:39,0.1,0.05,298240,0.1,95200,240,405000
FINNIFTY02JAN2423000CE.NFO,02/01/2024,13:52:44,0.1,0.05,298240,0.1,97000,0,405000
FINNIFTY02JAN2423000CE.NFO,02/01/2024,13:52:50,0.1,0.05,301840,0.1,95200,0,405000
FINNIFTY02JAN2423000CE.NFO,02/01/2024,13:52:56,0.1,0.05,305440,0.1,102440,0,405000
FINNIFTY02JAN2423000CE.NFO,02/01/2024,13:53:00,0.1,0.05,305440,0.1,102480,0,405000
FINNIFTY02JAN2423000CE.NFO,02/01/2024,13:53:09,0.1,0.05,312640,0.1,102440,0,405000
FINNIFTY02JAN2423000CE.NFO,02/01/2024,13:53:14,0.1,0.05,310840,0.1,103280,0,405000
FINNIFTY02JAN2423000CE.NFO,02/01/2024,13:53:20,0.1,0.05,305440,0.1,103280,0,405000
FINNIFTY02JAN2423000CE.NFO,02/01/2024,13:53:26,0.1,0.05,303640,0.1,103240,40,405000
FINNIFTY02JAN2423000CE.NFO,02/01/2024,13:53:32,0.1,0.05,303640,0.1,103080,160,405000
FINNIFTY02JAN2423000CE.NFO,02/01/2024,13:53:38,0.1,0.05,303640,0.1,104640,240,405000
FINNIFTY02JAN2423000CE.NFO,02/01/2024,13:53:44,0.1,0.05,303640,0.1,104400,240,405000
FINNIFTY02JAN2423000CE.NFO,02/01/2024,13:53:49,0.1,0.05,285280,0.1,103480,80,405000
FINNIFTY02JAN2423000CE.NFO,02/01/2024,13:53:55,0.1,0.05,285280,0.1,103320,160,405000
FINNIFTY02JAN2423000CE.NFO,02/01/2024,13:54:12,0.1,0.05,285200,0.1,103360,0,405000
FINNIFTY02JAN2423000CE.NFO,02/01/2024,13:54:18,0.05,0.05,284280,0.1,103360,920,391400
FINNIFTY02JAN2423000CE.NFO,02/01/2024,13:54:18,0.05,0.05,284280,0.1,103360,0,391400
FINNIFTY02JAN2423000CE.NFO,02/01/2024,13:55:02,0.05,0.05,284640,0.1,104280,0,391400
FINNIFTY02JAN2423000CE.NFO,02/01/2024,13:55:12,0.1,0.05,284640,0.1,102080,400,391400
FINNIFTY02JAN2423000CE.NFO,02/01/2024,13:55:36,0.1,0.05,284640,0.1,102400,0,391400
FINNIFTY02JAN2423000CE.NFO,02/01/2024,13:55:41,0.1,0.05,284640,0.1,102480,0,391400
FINNIFTY02JAN2423000CE.NFO,02/01/2024,13:55:46,0.1,0.05,284640,0.1,102600,0,391400
FINNIFTY02JAN2423000CE.NFO,02/01/2024,13:55:50,0.1,0.05,284640,0.1,102320,0,391400
FINNIFTY02JAN2423000CE.NFO,02/01/2024,13:55:58,0.1,0.05,284640,0.1,100920,1400,391400
FINNIFTY02JAN2423000CE.NFO,02/01/2024,13:56:27,0.1,0.05,284920,0.1,102120,0,391400
FINNIFTY02JAN2423000CE.NFO,02/01/2024,13:57:28,0.1,0.05,284920,0.1,103960,0,391400
FINNIFTY02JAN2423000CE.NFO,02/01/2024,13:57:33,0.1,0.05,284920,0.1,102240,0,391400
FINNIFTY02JAN2423000CE.NFO,02/01/2024,13:57:37,0.1,0.05,284920,0.1,102400,0,391400
FINNIFTY02JAN2423000CE.NFO,02/01/2024,13:57:42,0.1,0.05,284920,0.1,102520,0,391400
FINNIFTY02JAN2423000CE.NFO,02/01/2024,13:57:47,0.1,0.05,284920,0.1,102120,0,391400
FINNIFTY02JAN2423000CE.NFO,02/01/2024,13:57:52,0.1,0.05,285920,0.1,102120,0,391400
FINNIFTY02JAN2423000CE.NFO,02/01/2024,13:58:01,0.1,0.05,284920,0.1,102120,0,391400
FINNIFTY02JAN2423000CE.NFO,02/01/2024,13:58:15,0.1,0.05,284920,0.1,103920,0,391400
FINNIFTY02JAN2423000CE.NFO,02/01/2024,13:59:12,0.1,0.05,284920,0.1,104240,80,391000
FINNIFTY02JAN2423000CE.NFO,02/01/2024,13:59:17,0.1,0.05,284920,0.1,104200,40,391000
FINNIFTY02JAN2423000CE.NFO,02/01/2024,13:59:21,0.1,0.05,284920,0.1,104680,40,391000
FINNIFTY02JAN2423000CE.NFO,02/01/2024,13:59:26,0.1,0.05,284920,0.1,104600,80,391000
FINNIFTY02JAN2423000CE.NFO,02/01/2024,13:59:30,0.1,0.05,284920,0.1,106360,40,391000
FINNIFTY02JAN2423000CE.NFO,02/01/2024,13:59:35,0.1,0.05,284920,0.1,104520,40,391000
FINNIFTY02JAN2423000CE.NFO,02/01/2024,13:59:39,0.1,0.05,284920,0.1,104480,40,391000
FINNIFTY02JAN2423000CE.NFO,02/01/2024,13:59:43,0.1,0.05,284920,0.1,104400,80,391000
FINNIFTY02JAN2423000CE.NFO,02/01/2024,13:59:47,0.1,0.05,284920,0.1,104360,40,391000
FINNIFTY02JAN2423000CE.NFO,02/01/2024,13:59:52,0.1,0.05,284920,0.1,104120,240,391000
FINNIFTY02JAN2423000CE.NFO,02/01/2024,13:59:58,0.1,0.05,284920,0.1,105520,0,391000
FINNIFTY02JAN2423000CE.NFO,02/01/2024,14:00:02,0.1,0.05,284920,0.1,100160,5360,391000
FINNIFTY02JAN2423000CE.NFO,02/01/2024,14:00:07,0.1,0.05,284920,0.1,100120,40,391000
FINNIFTY02JAN2423000CE.NFO,02/01/2024,14:00:15,0.1,0.05,284920,0.1,101960,0,391000
FINNIFTY02JAN2423000CE.NFO,02/01/2024,14:01:23,0.1,0.05,284920,0.1,100200,0,391000
FINNIFTY02JAN2423000CE.NFO,02/01/2024,14:01:27,0.1,0.05,284920,0.1,100280,0,391000
FINNIFTY02JAN2423000CE.NFO,02/01/2024,14:01:32,0.1,0.05,284920,0.1,102200,0,391000
FINNIFTY02JAN2423000CE.NFO,02/01/2024,14:01:37,0.1,0.05,284920,0.1,102360,0,391000
FINNIFTY02JAN2423000CE.NFO,02/01/2024,14:01:42,0.1,0.05,284920,0.1,102480,0,391000
FINNIFTY02JAN2423000CE.NFO,02/01/2024,14:01:47,0.1,0.05,275920,0.1,88200,0,391000
FINNIFTY02JAN2423000CE.NFO,02/01/2024,14:01:52,0.1,0.05,275920,0.1,87680,0,391000
FINNIFTY02JAN2423000CE.NFO,02/01/2024,14:01:56,0.1,0.05,275920,0.1,87560,0,391000
FINNIFTY02JAN2423000CE.NFO,02/01/2024,14:02:14,0.1,0.05,275920,0.1,88400,0,391000
FINNIFTY02JAN2423000CE.NFO,02/01/2024,14:02:19,0.1,0.05,275920,0.1,88440,0,391000
FINNIFTY02JAN2423000CE.NFO,02/01/2024,14:02:24,0.1,0.05,275920,0.1,88560,0,391000
FINNIFTY02JAN2423000CE.NFO,02/01/2024,14:02:30,0.1,0.05,275920,0.1,86560,40,391000
FINNIFTY02JAN2423000CE.NFO,02/01/2024,14:03:05,0.1,0.05,275920,0.1,87440,0,391000
FINNIFTY02JAN2423000CE.NFO,02/01/2024,14:03:26,0.05,0.05,275240,0.1,87440,680,391000
FINNIFTY02JAN2423000CE.NFO,02/01/2024,14:03:32,0.05,0.05,275160,0.1,91040,80,391000
FINNIFTY02JAN2423000CE.NFO,02/01/2024,14:04:12,0.1,0.05,275160,0.1,100000,40,391000
FINNIFTY02JAN2423000CE.NFO,02/01/2024,14:04:17,0.1,0.05,275160,0.1,97880,320,391000
FINNIFTY02JAN2423000CE.NFO,02/01/2024,14:04:24,0.1,0.05,275160,0.1,96880,1000,391000
FINNIFTY02JAN2423000CE.NFO,02/01/2024,14:04:30,0.05,0.05,274880,0.1,96880,280,391000
FINNIFTY02JAN2423000CE.NFO,02/01/2024,14:04:36,0.05,0.05,273840,0.1,96880,1040,391000
FINNIFTY02JAN2423000CE.NFO,02/01/2024,14:04:48,0.05,0.05,273840,0.1,111280,0,391000
FINNIFTY02JAN2423000CE.NFO,02/01/2024,14:05:10,0.05,0.05,274240,0.1,107680,0,391000
FINNIFTY02JAN2423000CE.NFO,02/01/2024,14:05:23,0.05,0.05,274240,0.1,107640,0,391000
FINNIFTY02JAN2423000CE.NFO,02/01/2024,14:05:34,0.1,0.05,274240,0.1,107360,400,391000
FINNIFTY02JAN2423000CE.NFO,02/01/2024,14:05:44,0.1,0.05,273400,0.1,106520,840,391000
FINNIFTY02JAN2423000CE.NFO,02/01/2024,14:06:17,0.1,0.05,273400,0.1,107480,0,391000
FINNIFTY02JAN2423000CE.NFO,02/01/2024,14:06:26,0.1,0.05,273400,0.1,105680,0,391000
FINNIFTY02JAN2423000CE.NFO,02/01/2024,14:06:30,0.1,0.05,273400,0.1,108320,0,391000
FINNIFTY02JAN2423000CE.NFO,02/01/2024,14:06:42,0.1,0.05,264400,0.1,106520,0,391000
FINNIFTY02JAN2423000CE.NFO,02/01/2024,14:06:46,0.1,0.05,262600,0.1,106520,0,391000
FINNIFTY02JAN2423000CE.NFO,02/01/2024,14:06:49,0.1,0.05,257200,0.1,106520,0,391000
FINNIFTY02JAN2423000CE.NFO,02/01/2024,14:07:03,0.1,0.05,268000,0.1,106520,0,391000
FINNIFTY02JAN2423000CE.NFO,02/01/2024,14:07:07,0.1,0.05,259000,0.1,97520,10800,390160
FINNIFTY02JAN2423000CE.NFO,02/01/2024,14:07:36,0.1,0.05,257200,0.1,97520,0,390160
FINNIFTY02JAN2423000CE.NFO,02/01/2024,14:07:44,0.1,0.05,259000,0.1,97520,0,390160
FINNIFTY02JAN2423000CE.NFO,02/01/2024,14:07:55,0.1,0.05,259000,0.1,113120,0,390160
FINNIFTY02JAN2423000CE.NFO,02/01/2024,14:07:59,0.1,0.05,259000,0.1,97520,0,390160
FINNIFTY02JAN2423000CE.NFO,02/01/2024,14:08:03,0.1,0.05,259000,0.1,97600,0,390160
FINNIFTY02JAN2423000CE.NFO,02/01/2024,14:08:52,0.1,0.05,259000,0.1,99520,0,390160
FINNIFTY02JAN2423000CE.NFO,02/01/2024,14:08:56,0.1,0.05,259000,0.1,99640,0,390160
FINNIFTY02JAN2423000CE.NFO,02/01/2024,14:09:02,0.1,0.05,259000,0.1,99800,0,390160
FINNIFTY02JAN2423000CE.NFO,02/01/2024,14:09:08,0.1,0.05,259000,0.1,99960,0,390160
FINNIFTY02JAN2423000CE.NFO,02/01/2024,14:09:15,0.1,0.05,259000,0.1,97720,0,390160
FINNIFTY02JAN2423000CE.NFO,02/01/2024,14:09:21,0.1,0.05,259000,0.1,97600,0,390160
FINNIFTY02JAN2423000CE.NFO,02/01/2024,14:09:48,0.1,0.05,259000,0.1,97640,0,390160
FINNIFTY02JAN2423000CE.NFO,02/01/2024,14:09:53,0.1,0.05,253600,0.1,97800,0,390160
FINNIFTY02JAN2423000CE.NFO,02/01/2024,14:09:59,0.1,0.05,253600,0.1,97960,0,390160
FINNIFTY02JAN2423000CE.NFO,02/01/2024,14:10:06,0.1,0.05,253600,0.1,95080,4400,390160
FINNIFTY02JAN2423000CE.NFO,02/01/2024,14:10:48,0.05,0.05,252720,0.1,93280,880,390160
FINNIFTY02JAN2423000CE.NFO,02/01/2024,14:11:00,0.05,0.05,252720,0.1,93200,0,390160
FINNIFTY02JAN2423000CE.NFO,02/01/2024,14:11:14,0.05,0.05,251960,0.1,95000,760,390160
FINNIFTY02JAN2423000CE.NFO,02/01/2024,14:11:21,0.05,0.05,251160,0.1,98600,800,390160
FINNIFTY02JAN2423000CE.NFO,02/01/2024,14:11:35,0.05,0.05,251120,0.1,98600,40,390160
FINNIFTY02JAN2423000CE.NFO,02/01/2024,14:11:48,0.05,0.05,252120,0.1,98600,0,390160
FINNIFTY02JAN2423000CE.NFO,02/01/2024,14:11:54,0.05,0.05,252160,0.1,98600,0,390160
FINNIFTY02JAN2423000CE.NFO,02/01/2024,14:12:05,0.05,0.05,252560,0.1,98600,0,390160
FINNIFTY02JAN2423000CE.NFO,02/01/2024,14:12:25,0.1,0.05,252560,0.1,98560,40,392600
FINNIFTY02JAN2423000CE.NFO,02/01/2024,14:12:43,0.1,0.05,252560,0.1,98680,0,392600
FINNIFTY02JAN2423000CE.NFO,02/01/2024,14:12:50,0.1,0.05,252560,0.1,98840,0,392600
FINNIFTY02JAN2423000CE.NFO,02/01/2024,14:12:56,0.1,0.05,252560,0.1,99040,0,392600
FINNIFTY02JAN2423000CE.NFO,02/01/2024,14:13:03,0.05,0.05,245000,0.1,98920,360,392600
FINNIFTY02JAN2423000CE.NFO,02/01/2024,14:13:10,0.05,0.05,243560,0.1,98560,1440,392600
FINNIFTY02JAN2423000CE.NFO,02/01/2024,14:13:18,0.05,0.05,243360,0.1,98560,200,392600
FINNIFTY02JAN2423000CE.NFO,02/01/2024,14:13:37,0.05,0.05,243600,0.1,98480,0,392600
FINNIFTY02JAN2423000CE.NFO,02/01/2024,14:13:50,0.05,0.05,243200,0.1,98480,0,392600
FINNIFTY02JAN2423000CE.NFO,02/01/2024,14:14:22,0.1,0.05,243200,0.1,98360,120,392600
FINNIFTY02JAN2423000CE.NFO,02/01/2024,14:14:34,0.1,0.05,243200,0.1,100160,0,392600
FINNIFTY02JAN2423000CE.NFO,02/01/2024,14:14:47,0.1,0.05,242200,0.1,99160,1000,392600
FINNIFTY02JAN2423000CE.NFO,02/01/2024,14:14:59,0.05,0.05,242080,0.1,99320,120,392600
FINNIFTY02JAN2423000CE.NFO,02/01/2024,14:15:45,0.05,0.05,241840,0.1,99320,0,392600
FINNIFTY02JAN2423000CE.NFO,02/01/2024,14:15:58,0.05,0.05,241840,0.1,99440,0,392600
FINNIFTY02JAN2423000CE.NFO,02/01/2024,14:16:04,0.05,0.05,241840,0.1,99600,0,392600
FINNIFTY02JAN2423000CE.NFO,02/01/2024,14:16:10,0.05,0.05,241840,0.1,99800,0,392600
FINNIFTY02JAN2423000CE.NFO,02/01/2024,14:16:17,0.05,0.05,241840,0.1,97640,0,392600
FINNIFTY02JAN2423000CE.NFO,02/01/2024,14:16:23,0.05,0.05,241840,0.1,97520,0,392600
FINNIFTY02JAN2423000CE.NFO,02/01/2024,14:16:35,0.1,0.05,241840,0.1,98720,600,394600
FINNIFTY02JAN2423000CE.NFO,02/01/2024,14:16:42,0.1,0.05,241840,0.1,98240,520,394600
FINNIFTY02JAN2423000CE.NFO,02/01/2024,14:17:01,0.1,0.05,241840,0.1,97920,320,394600
FINNIFTY02JAN2423000CE.NFO,02/01/2024,14:17:07,0.1,0.05,241840,0.1,95920,2000,394600
FINNIFTY02JAN2423000CE.NFO,02/01/2024,14:17:19,0.1,0.05,243640,0.1,95920,0,394600
FINNIFTY02JAN2423000CE.NFO,02/01/2024,14:17:38,0.1,0.05,249040,0.1,94000,0,394600
FINNIFTY02JAN2423000CE.NFO,02/01/2024,14:17:58,0.1,0.05,249040,0.1,91000,3000,394600
FINNIFTY02JAN2423000CE.NFO,02/01/2024,14:18:05,0.1,0.05,249040,0.1,91000,0,394600
FINNIFTY02JAN2423000CE.NFO,02/01/2024,14:18:11,0.1,0.05,249040,0.1,90760,240,391760
FINNIFTY02JAN2423000CE.NFO,02/01/2024,14:18:17,0.1,0.05,249040,0.1,90520,240,391760
FINNIFTY02JAN2423000CE.NFO,02/01/2024,14:18:24,0.1,0.05,249040,0.1,89600,920,391760
FINNIFTY02JAN2423000CE.NFO,02/01/2024,14:18:31,0.1,0.05,249040,0.1,85520,480,391760
FINNIFTY02JAN2423000CE.NFO,02/01/2024,14:18:44,0.1,0.05,249040,0.1,89120,0,391760
FINNIFTY02JAN2423000CE.NFO,02/01/2024,14:18:57,0.1,0.05,249040,0.1,89200,0,391760
FINNIFTY02JAN2423000CE.NFO,02/01/2024,14:19:18,0.1,0.05,249040,0.1,89080,120,391760
FINNIFTY02JAN2423000CE.NFO,02/01/2024,14:19:25,0.1,0.05,249040,0.1,88800,280,391760
FINNIFTY02JAN2423000CE.NFO,02/01/2024,14:19:33,0.1,0.05,249040,0.1,85960,1040,391760
FINNIFTY02JAN2423000CE.NFO,02/01/2024,14:19:40,0.1,0.05,249880,0.1,87280,480,391760
FINNIFTY02JAN2423000CE.NFO,02/01/2024,14:19:47,0.1,0.05,249880,0.1,85160,320,391760
FINNIFTY02JAN2423000CE.NFO,02/01/2024,14:19:54,0.05,0.05,249640,0.1,85160,240,391760
FINNIFTY02JAN2423000CE.NFO,02/01/2024,14:20:00,0.1,0.05,249640,0.1,86920,40,391760
FINNIFTY02JAN2423000CE.NFO,02/01/2024,14:20:07,0.1,0.05,249640,0.1,81400,5520,391760
FINNIFTY02JAN2423000CE.NFO,02/01/2024,14:20:32,0.1,0.05,248640,0.1,81400,0,391760
FINNIFTY02JAN2423000CE.NFO,02/01/2024,14:21:20,0.1,0.05,248640,0.1,79640,0,391760
FINNIFTY02JAN2423000CE.NFO,02/01/2024,14:21:39,0.1,0.05,248640,0.1,79600,40,384480
FINNIFTY02JAN2423000CE.NFO,02/01/2024,14:22:37,0.1,0.05,246840,0.1,78000,1800,384480
FINNIFTY02JAN2423000CE.NFO,02/01/2024,14:22:44,0.1,0.05,246840,0.1,77040,2760,384480
FINNIFTY02JAN2423000CE.NFO,02/01/2024,14:22:51,0.1,0.05,244920,0.1,74440,2720,384480
FINNIFTY02JAN2423000CE.NFO,02/01/2024,14:23:11,0.05,0.05,244520,0.1,74440,400,384480
FINNIFTY02JAN2423000CE.NFO,02/01/2024,14:23:48,0.05,0.05,243840,0.1,76240,680,384480
FINNIFTY02JAN2423000CE.NFO,02/01/2024,14:23:55,0.05,0.05,243040,0.1,74440,800,384480
FINNIFTY02JAN2423000CE.NFO,02/01/2024,14:24:07,0.05,0.05,243040,0.1,76240,0,384480
FINNIFTY02JAN2423000CE.NFO,02/01/2024,14:24:13,0.05,0.05,242640,0.1,76240,400,380960
FINNIFTY02JAN2423000CE.NFO,02/01/2024,14:24:25,0.05,0.05,241800,0.1,75400,840,380960
FINNIFTY02JAN2423000CE.NFO,02/01/2024,14:24:44,0.05,0.05,241800,0.1,77480,0,380960
FINNIFTY02JAN2423000CE.NFO,02/01/2024,14:25:30,0.05,0.05,241720,0.1,77480,80,380960
FINNIFTY02JAN2423000CE.NFO,02/01/2024,14:25:35,0.05,0.05,241320,0.1,77480,400,380960
FINNIFTY02JAN2423000CE.NFO,02/01/2024,14:25:40,0.05,0.05,217920,0.1,77480,21600,380960
FINNIFTY02JAN2423000CE.NFO,02/01/2024,14:25:46,0.05,0.05,213000,0.1,77560,6720,380960
FINNIFTY02JAN2423000CE.NFO,02/01/2024,14:25:52,0.05,0.05,209400,0.1,106240,3600,380960
FINNIFTY02JAN2423000CE.NFO,02/01/2024,14:25:58,0.05,0.05,207600,0.1,109960,0,380960
FINNIFTY02JAN2423000CE.NFO,02/01/2024,14:26:09,0.05,0.05,204000,0.1,111760,0,380960
FINNIFTY02JAN2423000CE.NFO,02/01/2024,14:26:13,0.05,0.05,200400,0.1,109960,0,380960
FINNIFTY02JAN2423000CE.NFO,02/01/2024,14:26:24,0.05,0.05,200080,0.1,111760,320,380960
FINNIFTY02JAN2423000CE.NFO,02/01/2024,14:26:36,0.05,0.05,192880,0.1,110280,0,380960
FINNIFTY02JAN2423000CE.NFO,02/01/2024,14:26:42,0.05,0.05,182080,0.1,110280,0,380960
FINNIFTY02JAN2423000CE.NFO,02/01/2024,14:26:54,0.05,0.05,180880,0.1,112080,1200,380960
