Ticker,Date,Time,LTP,BuyPrice,BuyQty,SellPrice,SellQty,LTQ,OpenInterest
FINNIFTY02JAN2420850PE.NFO,02/01/2024,09:15:02,0.7,0.55,760,0.6,10560,10320,817920
FINNIFTY02JAN2420850PE.NFO,02/01/2024,09:15:02,0.7,0.55,760,0.6,10560,0,817920
FINNIFTY02JAN2420850PE.NFO,02/01/2024,09:15:02,0.7,0.55,760,0.6,10560,0,817920
FINNIFTY02JAN2420850PE.NFO,02/01/2024,09:15:02,0.55,0.55,760,0.6,10560,0,817920
FINNIFTY02JAN2420850PE.NFO,02/01/2024,09:15:16,0.55,0.55,55880,0.6,82160,51440,817920
FINNIFTY02JAN2420850PE.NFO,02/01/2024,09:15:28,0.5,0.5,66440,0.55,142560,86280,817920
FINNIFTY02JAN2420850PE.NFO,02/01/2024,09:15:28,0.5,0.5,66440,0.55,142560,0,817920
FINNIFTY02JAN2420850PE.NFO,02/01/2024,09:15:39,0.5,0.5,48560,0.55,139240,24520,817920
FINNIFTY02JAN2420850PE.NFO,02/01/2024,09:15:50,0.45,0.45,90880,0.5,141520,61240,817920
FINNIFTY02JAN2420850PE.NFO,02/01/2024,09:15:50,0.45,0.45,90880,0.5,141520,0,817920
FINNIFTY02JAN2420850PE.NFO,02/01/2024,09:16:01,0.45,0.4,154320,0.45,156000,91680,817920
FINNIFTY02JAN2420850PE.NFO,02/01/2024,09:16:01,0.4,0.4,154320,0.45,156000,0,817920
FINNIFTY02JAN2420850PE.NFO,02/01/2024,09:16:12,0.45,0.4,188720,0.45,194800,21480,817920
FINNIFTY02JAN2420850PE.NFO,02/01/2024,09:16:22,0.45,0.4,214920,0.45,191360,7440,817920
FINNIFTY02JAN2420850PE.NFO,02/01/2024,09:16:31,0.45,0.4,211720,0.45,190360,12960,817920
FINNIFTY02JAN2420850PE.NFO,02/01/2024,09:16:41,0.4,0.4,189120,0.45,182480,14840,817920
FINNIFTY02JAN2420850PE.NFO,02/01/2024,09:16:50,0.45,0.4,189960,0.45,187040,4200,817920
FINNIFTY02JAN2420850PE.NFO,02/01/2024,09:17:00,0.45,0.4,196160,0.45,205600,24280,817920
FINNIFTY02JAN2420850PE.NFO,02/01/2024,09:17:10,0.4,0.4,176960,0.45,207240,10640,817920
FINNIFTY02JAN2420850PE.NFO,02/01/2024,09:17:19,0.4,0.4,175800,0.45,207360,2520,817920
FINNIFTY02JAN2420850PE.NFO,02/01/2024,09:17:29,0.45,0.4,175400,0.45,207600,5560,959120
FINNIFTY02JAN2420850PE.NFO,02/01/2024,09:17:39,0.4,0.4,170680,0.45,208920,4040,959120
FINNIFTY02JAN2420850PE.NFO,02/01/2024,09:17:48,0.45,0.4,168800,0.45,209920,15080,959120
FINNIFTY02JAN2420850PE.NFO,02/01/2024,09:17:58,0.45,0.4,197680,0.45,202480,20280,959120
FINNIFTY02JAN2420850PE.NFO,02/01/2024,09:18:07,0.45,0.45,176120,0.5,142960,185280,959120
FINNIFTY02JAN2420850PE.NFO,02/01/2024,09:18:17,0.45,0.45,170680,0.5,187160,6200,959120
FINNIFTY02JAN2420850PE.NFO,02/01/2024,09:18:27,0.5,0.45,169960,0.5,197520,19040,959120
FINNIFTY02JAN2420850PE.NFO,02/01/2024,09:18:36,0.45,0.45,186040,0.5,195840,8600,959120
FINNIFTY02JAN2420850PE.NFO,02/01/2024,09:18:46,0.5,0.45,192000,0.5,134880,16880,959120
FINNIFTY02JAN2420850PE.NFO,02/01/2024,09:18:55,0.5,0.45,197680,0.5,144960,21760,959120
FINNIFTY02JAN2420850PE.NFO,02/01/2024,09:19:06,0.5,0.45,196640,0.5,156240,13320,959120
FINNIFTY02JAN2420850PE.NFO,02/01/2024,09:19:16,0.45,0.45,188400,0.5,182560,22920,959120
FINNIFTY02JAN2420850PE.NFO,02/01/2024,09:19:26,0.45,0.45,193320,0.5,180160,6200,959120
FINNIFTY02JAN2420850PE.NFO,02/01/2024,09:19:36,0.45,0.45,190640,0.5,165160,13160,959120
FINNIFTY02JAN2420850PE.NFO,02/01/2024,09:19:45,0.45,0.45,191280,0.5,176520,20920,959120
FINNIFTY02JAN2420850PE.NFO,02/01/2024,09:19:56,0.45,0.45,192960,0.5,175920,6480,959120
FINNIFTY02JAN2420850PE.NFO,02/01/2024,09:20:06,0.5,0.45,186000,0.5,175000,11800,959120
FINNIFTY02JAN2420850PE.NFO,02/01/2024,09:20:16,0.5,0.45,186000,0.5,182520,1880,959120
FINNIFTY02JAN2420850PE.NFO,02/01/2024,09:20:26,0.5,0.45,184440,0.5,181640,7440,959120
FINNIFTY02JAN2420850PE.NFO,02/01/2024,09:20:36,0.5,0.45,187560,0.5,162280,4160,1008960
FINNIFTY02JAN2420850PE.NFO,02/01/2024,09:20:45,0.5,0.45,184440,0.5,165720,5080,1008960
FINNIFTY02JAN2420850PE.NFO,02/01/2024,09:20:55,0.45,0.45,179480,0.5,164600,7880,1008960
FINNIFTY02JAN2420850PE.NFO,02/01/2024,09:21:04,0.45,0.45,174240,0.5,168400,12880,1008960
FINNIFTY02JAN2420850PE.NFO,02/01/2024,09:21:15,0.5,0.45,165240,0.5,182240,13640,1008960
FINNIFTY02JAN2420850PE.NFO,02/01/2024,09:21:25,0.5,0.45,160160,0.5,163640,27320,1008960
FINNIFTY02JAN2420850PE.NFO,02/01/2024,09:21:35,0.5,0.45,198680,0.5,158360,3320,1008960
FINNIFTY02JAN2420850PE.NFO,02/01/2024,09:21:45,0.5,0.45,323600,0.5,147400,160,1008960
FINNIFTY02JAN2420850PE.NFO,02/01/2024,09:21:55,0.5,0.45,337960,0.5,147840,22560,1008960
FINNIFTY02JAN2420850PE.NFO,02/01/2024,09:22:07,0.5,0.45,307640,0.5,110680,48880,1008960
FINNIFTY02JAN2420850PE.NFO,02/01/2024,09:22:19,0.5,0.45,277280,0.5,84480,48200,1008960
FINNIFTY02JAN2420850PE.NFO,02/01/2024,09:22:30,0.5,0.45,276080,0.5,82200,7040,1008960
FINNIFTY02JAN2420850PE.NFO,02/01/2024,09:22:40,0.45,0.45,272920,0.5,63160,9200,1008960
FINNIFTY02JAN2420850PE.NFO,02/01/2024,09:22:50,0.45,0.45,269600,0.5,49920,12040,1008960
FINNIFTY02JAN2420850PE.NFO,02/01/2024,09:23:00,0.5,0.45,189240,0.5,120360,11360,1008960
FINNIFTY02JAN2420850PE.NFO,02/01/2024,09:23:09,0.45,0.45,160960,0.5,173720,10120,1008960
FINNIFTY02JAN2420850PE.NFO,02/01/2024,09:23:19,0.45,0.45,157200,0.5,177320,400,1008960
FINNIFTY02JAN2420850PE.NFO,02/01/2024,09:23:28,0.5,0.45,156000,0.5,178600,3560,1072280
FINNIFTY02JAN2420850PE.NFO,02/01/2024,09:23:37,0.45,0.45,156640,0.5,177920,1520,1072280
FINNIFTY02JAN2420850PE.NFO,02/01/2024,09:23:47,0.45,0.45,157120,0.5,183200,0,1072280
FINNIFTY02JAN2420850PE.NFO,02/01/2024,09:23:56,0.5,0.45,152840,0.5,185480,1880,1072280
FINNIFTY02JAN2420850PE.NFO,02/01/2024,09:24:05,0.45,0.45,155440,0.5,181200,2840,1072280
FINNIFTY02JAN2420850PE.NFO,02/01/2024,09:24:15,0.45,0.45,183000,0.5,180160,6880,1072280
FINNIFTY02JAN2420850PE.NFO,02/01/2024,09:24:24,0.5,0.45,307800,0.5,186000,40,1072280
FINNIFTY02JAN2420850PE.NFO,02/01/2024,09:24:35,0.45,0.45,284560,0.5,186080,2760,1072280
FINNIFTY02JAN2420850PE.NFO,02/01/2024,09:24:45,0.45,0.45,232880,0.5,189760,1080,1072280
FINNIFTY02JAN2420850PE.NFO,02/01/2024,09:24:55,0.45,0.45,155440,0.5,201360,400,1072280
FINNIFTY02JAN2420850PE.NFO,02/01/2024,09:25:05,0.45,0.45,163640,0.5,208480,10040,1072280
FINNIFTY02JAN2420850PE.NFO,02/01/2024,09:25:16,0.45,0.45,163120,0.5,206760,840,1072280
FINNIFTY02JAN2420850PE.NFO,02/01/2024,09:25:27,0.5,0.45,160400,0.5,206920,5840,1072280
FINNIFTY02JAN2420850PE.NFO,02/01/2024,09:25:36,0.45,0.45,159680,0.5,206920,680,1072280
FINNIFTY02JAN2420850PE.NFO,02/01/2024,09:25:46,0.45,0.45,175640,0.5,211440,2520,1072280
FINNIFTY02JAN2420850PE.NFO,02/01/2024,09:25:56,0.45,0.45,171960,0.5,214480,2360,1072280
FINNIFTY02JAN2420850PE.NFO,02/01/2024,09:26:06,0.5,0.45,168800,0.5,209080,11000,1072280
FINNIFTY02JAN2420850PE.NFO,02/01/2024,09:26:15,0.45,0.45,169320,0.5,209600,4520,1072280
FINNIFTY02JAN2420850PE.NFO,02/01/2024,09:26:26,0.5,0.45,171040,0.5,183720,22680,1072280
FINNIFTY02JAN2420850PE.NFO,02/01/2024,09:26:36,0.45,0.45,172640,0.5,189960,10520,1075560
FINNIFTY02JAN2420850PE.NFO,02/01/2024,09:26:46,0.5,0.45,172160,0.5,183080,10200,1075560
FINNIFTY02JAN2420850PE.NFO,02/01/2024,09:26:58,0.5,0.45,172440,0.5,178680,13480,1075560
FINNIFTY02JAN2420850PE.NFO,02/01/2024,09:27:08,0.5,0.45,172440,0.5,185280,9360,1075560
FINNIFTY02JAN2420850PE.NFO,02/01/2024,09:27:18,0.5,0.45,178880,0.5,182720,18200,1075560
FINNIFTY02JAN2420850PE.NFO,02/01/2024,09:27:28,0.5,0.45,178280,0.5,180000,3280,1075560
FINNIFTY02JAN2420850PE.NFO,02/01/2024,09:27:38,0.5,0.45,175080,0.5,182640,8680,1075560
FINNIFTY02JAN2420850PE.NFO,02/01/2024,09:27:48,0.5,0.45,175560,0.5,181120,1560,1075560
FINNIFTY02JAN2420850PE.NFO,02/01/2024,09:27:57,0.5,0.45,174520,0.5,148160,16680,1075560
FINNIFTY02JAN2420850PE.NFO,02/01/2024,09:28:07,0.5,0.45,190760,0.5,142600,18680,1075560
FINNIFTY02JAN2420850PE.NFO,02/01/2024,09:28:18,0.45,0.45,203320,0.5,142600,5400,1075560
FINNIFTY02JAN2420850PE.NFO,02/01/2024,09:28:28,0.45,0.45,199080,0.5,140920,5160,1075560
FINNIFTY02JAN2420850PE.NFO,02/01/2024,09:28:42,0.45,0.45,198600,0.5,148600,920,1075560
FINNIFTY02JAN2420850PE.NFO,02/01/2024,09:28:55,0.45,0.45,197720,0.5,171400,920,1075560
FINNIFTY02JAN2420850PE.NFO,02/01/2024,09:29:05,0.45,0.45,192280,0.5,174920,5360,1075560
FINNIFTY02JAN2420850PE.NFO,02/01/2024,09:29:16,0.5,0.45,156040,0.5,187840,23080,1075560
FINNIFTY02JAN2420850PE.NFO,02/01/2024,09:29:28,0.5,0.45,123640,0.5,187480,0,1075560
FINNIFTY02JAN2420850PE.NFO,02/01/2024,09:29:38,0.5,0.45,123600,0.5,188240,80,1072200
FINNIFTY02JAN2420850PE.NFO,02/01/2024,09:29:48,0.45,0.45,121800,0.5,187120,2520,1072200
FINNIFTY02JAN2420850PE.NFO,02/01/2024,09:29:58,0.5,0.45,122280,0.5,195000,1600,1072200
FINNIFTY02JAN2420850PE.NFO,02/01/2024,09:30:08,0.45,0.45,120240,0.5,194600,4440,1072200
FINNIFTY02JAN2420850PE.NFO,02/01/2024,09:30:18,0.45,0.45,125200,0.5,196280,480,1072200
FINNIFTY02JAN2420850PE.NFO,02/01/2024,09:30:28,0.5,0.45,123400,0.5,184880,5400,1072200
FINNIFTY02JAN2420850PE.NFO,02/01/2024,09:30:39,0.45,0.45,116080,0.5,184080,9360,1072200
FINNIFTY02JAN2420850PE.NFO,02/01/2024,09:30:49,0.45,0.45,116280,0.5,184560,560,1072200
FINNIFTY02JAN2420850PE.NFO,02/01/2024,09:30:59,0.5,0.45,117280,0.5,132240,87560,1072200
FINNIFTY02JAN2420850PE.NFO,02/01/2024,09:31:10,0.45,0.45,117920,0.5,143640,20160,1072200
FINNIFTY02JAN2420850PE.NFO,02/01/2024,09:31:21,0.45,0.45,125440,0.5,147160,4360,1072200
FINNIFTY02JAN2420850PE.NFO,02/01/2024,09:31:30,0.45,0.45,127440,0.5,150600,1360,1072200
FINNIFTY02JAN2420850PE.NFO,02/01/2024,09:31:40,0.5,0.45,127800,0.5,149840,2600,1072200
FINNIFTY02JAN2420850PE.NFO,02/01/2024,09:31:49,0.45,0.45,126000,0.5,151520,1800,1072200
FINNIFTY02JAN2420850PE.NFO,02/01/2024,09:31:59,0.5,0.45,126160,0.5,148960,7600,1072200
FINNIFTY02JAN2420850PE.NFO,02/01/2024,09:32:08,0.5,0.45,136960,0.5,142760,5600,1072200
FINNIFTY02JAN2420850PE.NFO,02/01/2024,09:32:18,0.5,0.45,136960,0.5,143480,1200,1072200
FINNIFTY02JAN2420850PE.NFO,02/01/2024,09:32:28,0.45,0.45,138200,0.5,153160,880,1072200
FINNIFTY02JAN2420850PE.NFO,02/01/2024,09:32:38,0.5,0.45,138200,0.5,148840,6400,1113720
FINNIFTY02JAN2420850PE.NFO,02/01/2024,09:32:48,0.45,0.45,138000,0.5,148560,1400,1113720
FINNIFTY02JAN2420850PE.NFO,02/01/2024,09:32:58,0.45,0.45,137200,0.5,149520,840,1113720
FINNIFTY02JAN2420850PE.NFO,02/01/2024,09:33:08,0.45,0.45,155120,0.5,150280,80,1113720
FINNIFTY02JAN2420850PE.NFO,02/01/2024,09:33:17,0.45,0.45,154760,0.5,154120,4920,1113720
FINNIFTY02JAN2420850PE.NFO,02/01/2024,09:33:27,0.45,0.45,168000,0.5,156520,3680,1113720
FINNIFTY02JAN2420850PE.NFO,02/01/2024,09:33:36,0.45,0.45,166560,0.5,163520,3600,1113720
FINNIFTY02JAN2420850PE.NFO,02/01/2024,09:33:46,0.45,0.45,167120,0.5,163520,0,1113720
FINNIFTY02JAN2420850PE.NFO,02/01/2024,09:33:56,0.45,0.45,166560,0.5,168840,4120,1113720
FINNIFTY02JAN2420850PE.NFO,02/01/2024,09:34:05,0.45,0.45,167120,0.5,173040,3440,1113720
FINNIFTY02JAN2420850PE.NFO,02/01/2024,09:34:14,0.45,0.45,167120,0.5,172680,40,1113720
FINNIFTY02JAN2420850PE.NFO,02/01/2024,09:34:23,0.45,0.45,167120,0.5,172680,0,1113720
FINNIFTY02JAN2420850PE.NFO,02/01/2024,09:34:32,0.45,0.45,165680,0.5,172200,1400,1113720
FINNIFTY02JAN2420850PE.NFO,02/01/2024,09:34:41,0.45,0.45,164640,0.5,173080,1040,1113720
FINNIFTY02JAN2420850PE.NFO,02/01/2024,09:34:51,0.5,0.45,164160,0.5,170600,1240,1113720
FINNIFTY02JAN2420850PE.NFO,02/01/2024,09:35:00,0.45,0.45,163200,0.5,174400,960,1113720
FINNIFTY02JAN2420850PE.NFO,02/01/2024,09:35:09,0.5,0.45,179400,0.5,171080,8400,1113720
FINNIFTY02JAN2420850PE.NFO,02/01/2024,09:35:18,0.45,0.45,256480,0.5,175280,1800,1113720
FINNIFTY02JAN2420850PE.NFO,02/01/2024,09:35:28,0.5,0.45,238080,0.5,175160,40,1113720
FINNIFTY02JAN2420850PE.NFO,02/01/2024,09:35:37,0.45,0.45,238080,0.5,190160,1840,1087320
FINNIFTY02JAN2420850PE.NFO,02/01/2024,09:35:46,0.45,0.45,196440,0.5,191000,5000,1087320
FINNIFTY02JAN2420850PE.NFO,02/01/2024,09:35:56,0.5,0.45,167640,0.5,186120,5480,1087320
FINNIFTY02JAN2420850PE.NFO,02/01/2024,09:36:06,0.45,0.45,167560,0.5,186120,80,1087320
FINNIFTY02JAN2420850PE.NFO,02/01/2024,09:36:15,0.45,0.45,167440,0.5,186720,120,1087320
FINNIFTY02JAN2420850PE.NFO,02/01/2024,09:36:24,0.45,0.45,167640,0.5,187560,4080,1087320
FINNIFTY02JAN2420850PE.NFO,02/01/2024,09:36:34,0.5,0.45,167640,0.5,189520,40,1087320
FINNIFTY02JAN2420850PE.NFO,02/01/2024,09:36:43,0.5,0.45,168040,0.5,186040,5440,1087320
FINNIFTY02JAN2420850PE.NFO,02/01/2024,09:36:52,0.5,0.45,173040,0.5,184720,0,1087320
FINNIFTY02JAN2420850PE.NFO,02/01/2024,09:37:00,0.5,0.45,254440,0.5,184880,120,1087320
FINNIFTY02JAN2420850PE.NFO,02/01/2024,09:37:09,0.45,0.45,254040,0.5,184200,2280,1087320
FINNIFTY02JAN2420850PE.NFO,02/01/2024,09:37:19,0.45,0.45,255320,0.5,182480,2000,1087320
FINNIFTY02JAN2420850PE.NFO,02/01/2024,09:37:27,0.45,0.45,255720,0.5,182480,80,1087320
FINNIFTY02JAN2420850PE.NFO,02/01/2024,09:37:36,0.45,0.45,239320,0.5,182480,40,1087320
FINNIFTY02JAN2420850PE.NFO,02/01/2024,09:37:45,0.45,0.45,239920,0.5,186880,6600,1087320
FINNIFTY02JAN2420850PE.NFO,02/01/2024,09:37:53,0.45,0.45,238640,0.5,186920,1280,1087320
FINNIFTY02JAN2420850PE.NFO,02/01/2024,09:38:02,0.5,0.45,238640,0.5,184920,2960,1087320
FINNIFTY02JAN2420850PE.NFO,02/01/2024,09:38:11,0.5,0.45,238520,0.5,184000,1040,1087320
FINNIFTY02JAN2420850PE.NFO,02/01/2024,09:38:20,0.45,0.45,222040,0.5,184080,2080,1087320
FINNIFTY02JAN2420850PE.NFO,02/01/2024,09:38:29,0.45,0.45,205760,0.5,185280,3680,1087320
FINNIFTY02JAN2420850PE.NFO,02/01/2024,09:38:39,0.45,0.45,194280,0.5,185280,280,1069880
FINNIFTY02JAN2420850PE.NFO,02/01/2024,09:38:48,0.45,0.45,172560,0.5,186160,1000,1069880
FINNIFTY02JAN2420850PE.NFO,02/01/2024,09:38:58,0.5,0.45,175280,0.5,183520,2640,1069880
FINNIFTY02JAN2420850PE.NFO,02/01/2024,09:39:07,0.45,0.45,168560,0.5,191400,12200,1069880
FINNIFTY02JAN2420850PE.NFO,02/01/2024,09:39:17,0.45,0.45,169040,0.5,192440,1320,1069880
FINNIFTY02JAN2420850PE.NFO,02/01/2024,09:39:26,0.45,0.45,179880,0.5,195320,440,1069880
FINNIFTY02JAN2420850PE.NFO,02/01/2024,09:39:35,0.45,0.45,184080,0.5,194800,1320,1069880
FINNIFTY02JAN2420850PE.NFO,02/01/2024,09:39:44,0.45,0.45,191880,0.5,196080,3000,1069880
FINNIFTY02JAN2420850PE.NFO,02/01/2024,09:39:55,0.45,0.45,181040,0.5,195200,12280,1069880
FINNIFTY02JAN2420850PE.NFO,02/01/2024,09:40:06,0.5,0.45,189480,0.5,192440,6720,1069880
FINNIFTY02JAN2420850PE.NFO,02/01/2024,09:40:16,0.5,0.45,189480,0.5,189640,4320,1069880
FINNIFTY02JAN2420850PE.NFO,02/01/2024,09:40:27,0.5,0.45,186320,0.5,191040,7440,1069880
FINNIFTY02JAN2420850PE.NFO,02/01/2024,09:40:37,0.45,0.45,183280,0.5,353000,6920,1069880
FINNIFTY02JAN2420850PE.NFO,02/01/2024,09:40:47,0.45,0.45,176680,0.5,350000,4720,1069880
FINNIFTY02JAN2420850PE.NFO,02/01/2024,09:40:58,0.45,0.45,173440,0.5,332520,22120,1069880
FINNIFTY02JAN2420850PE.NFO,02/01/2024,09:41:08,0.5,0.45,184240,0.5,325920,8400,1069880
FINNIFTY02JAN2420850PE.NFO,02/01/2024,09:41:18,0.45,0.45,184320,0.5,324680,1760,1069880
FINNIFTY02JAN2420850PE.NFO,02/01/2024,09:41:28,0.45,0.45,184320,0.5,324800,0,1069880
FINNIFTY02JAN2420850PE.NFO,02/01/2024,09:41:38,0.5,0.45,184360,0.5,324800,840,1095840
FINNIFTY02JAN2420850PE.NFO,02/01/2024,09:41:47,0.45,0.45,186560,0.5,324760,1560,1095840
FINNIFTY02JAN2420850PE.NFO,02/01/2024,09:41:57,0.5,0.45,185920,0.5,324360,960,1095840
FINNIFTY02JAN2420850PE.NFO,02/01/2024,09:42:07,0.5,0.45,183120,0.5,322640,4520,1095840
FINNIFTY02JAN2420850PE.NFO,02/01/2024,09:42:17,0.5,0.45,181400,0.5,324840,9440,1095840
FINNIFTY02JAN2420850PE.NFO,02/01/2024,09:42:27,0.45,0.45,198640,0.5,325320,360,1095840
FINNIFTY02JAN2420850PE.NFO,02/01/2024,09:42:35,0.5,0.45,198760,0.5,324560,480,1095840
FINNIFTY02JAN2420850PE.NFO,02/01/2024,09:42:45,0.5,0.45,197960,0.5,324520,840,1095840
FINNIFTY02JAN2420850PE.NFO,02/01/2024,09:42:54,0.45,0.45,197920,0.5,323720,840,1095840
FINNIFTY02JAN2420850PE.NFO,02/01/2024,09:43:04,0.5,0.45,195880,0.5,323480,2400,1095840
FINNIFTY02JAN2420850PE.NFO,02/01/2024,09:43:14,0.45,0.45,194160,0.5,318800,8760,1095840
FINNIFTY02JAN2420850PE.NFO,02/01/2024,09:43:24,0.5,0.45,193560,0.5,335000,1600,1095840
FINNIFTY02JAN2420850PE.NFO,02/01/2024,09:43:34,0.45,0.45,182760,0.5,334200,10800,1095840
FINNIFTY02JAN2420850PE.NFO,02/01/2024,09:43:44,0.5,0.45,182760,0.5,356200,400,1095840
FINNIFTY02JAN2420850PE.NFO,02/01/2024,09:43:53,0.5,0.45,182760,0.5,356160,40,1095840
FINNIFTY02JAN2420850PE.NFO,02/01/2024,09:44:03,0.45,0.45,185720,0.5,360320,5520,1095840
FINNIFTY02JAN2420850PE.NFO,02/01/2024,09:44:12,0.45,0.45,184440,0.5,358920,2720,1095840
FINNIFTY02JAN2420850PE.NFO,02/01/2024,09:44:21,0.5,0.45,187200,0.5,373760,5240,1095840
FINNIFTY02JAN2420850PE.NFO,02/01/2024,09:44:31,0.5,0.45,186320,0.5,381520,320,1111880
FINNIFTY02JAN2420850PE.NFO,02/01/2024,09:44:40,0.45,0.45,59480,0.5,374600,28320,1111880
FINNIFTY02JAN2420850PE.NFO,02/01/2024,09:44:49,0.45,0.4,306640,0.45,166600,48560,1111880
FINNIFTY02JAN2420850PE.NFO,02/01/2024,09:44:58,0.45,0.4,308480,0.45,192760,1000,1111880
FINNIFTY02JAN2420850PE.NFO,02/01/2024,09:45:07,0.4,0.4,306640,0.45,192600,2520,1111880
FINNIFTY02JAN2420850PE.NFO,02/01/2024,09:45:16,0.45,0.4,306160,0.45,191920,2280,1111880
FINNIFTY02JAN2420850PE.NFO,02/01/2024,09:45:26,0.45,0.4,306960,0.45,188320,3480,1111880
FINNIFTY02JAN2420850PE.NFO,02/01/2024,09:45:36,0.45,0.4,305400,0.45,188440,1040,1111880
FINNIFTY02JAN2420850PE.NFO,02/01/2024,09:45:45,0.45,0.4,307200,0.45,189040,0,1111880
FINNIFTY02JAN2420850PE.NFO,02/01/2024,09:45:54,0.45,0.4,308280,0.45,188840,1680,1111880
FINNIFTY02JAN2420850PE.NFO,02/01/2024,09:46:05,0.45,0.4,311760,0.45,189040,760,1111880
FINNIFTY02JAN2420850PE.NFO,02/01/2024,09:46:14,0.45,0.4,304440,0.45,188960,7760,1111880
FINNIFTY02JAN2420850PE.NFO,02/01/2024,09:46:24,0.45,0.4,304440,0.45,188520,440,1111880
FINNIFTY02JAN2420850PE.NFO,02/01/2024,09:46:34,0.45,0.4,304440,0.45,188520,0,1111880
FINNIFTY02JAN2420850PE.NFO,02/01/2024,09:46:43,0.45,0.4,304440,0.45,188480,40,1111880
FINNIFTY02JAN2420850PE.NFO,02/01/2024,09:46:52,0.45,0.4,304440,0.45,190080,0,1111880
FINNIFTY02JAN2420850PE.NFO,02/01/2024,09:47:01,0.45,0.4,304440,0.45,200080,0,1111880
FINNIFTY02JAN2420850PE.NFO,02/01/2024,09:47:11,0.45,0.4,293400,0.45,201200,11480,1111880
FINNIFTY02JAN2420850PE.NFO,02/01/2024,09:47:20,0.45,0.4,293400,0.45,201200,0,1111880
FINNIFTY02JAN2420850PE.NFO,02/01/2024,09:47:29,0.45,0.4,285480,0.45,199640,10600,1111880
FINNIFTY02JAN2420850PE.NFO,02/01/2024,09:47:38,0.4,0.4,284560,0.45,200520,1600,1110440
FINNIFTY02JAN2420850PE.NFO,02/01/2024,09:47:47,0.4,0.4,272080,0.45,215160,12000,1110440
FINNIFTY02JAN2420850PE.NFO,02/01/2024,09:47:57,0.4,0.4,206960,0.45,231000,50960,1110440
FINNIFTY02JAN2420850PE.NFO,02/01/2024,09:48:06,0.45,0.4,187600,0.45,215200,22000,1110440
FINNIFTY02JAN2420850PE.NFO,02/01/2024,09:48:15,0.4,0.4,185600,0.45,255200,2000,1110440
FINNIFTY02JAN2420850PE.NFO,02/01/2024,09:48:23,0.45,0.4,166400,0.45,255200,1320,1110440
FINNIFTY02JAN2420850PE.NFO,02/01/2024,09:48:32,0.45,0.4,162840,0.45,254200,5000,1110440
FINNIFTY02JAN2420850PE.NFO,02/01/2024,09:48:42,0.45,0.4,162840,0.45,254200,0,1110440
FINNIFTY02JAN2420850PE.NFO,02/01/2024,09:48:51,0.45,0.4,162000,0.45,261640,600,1110440
FINNIFTY02JAN2420850PE.NFO,02/01/2024,09:49:01,0.4,0.4,152800,0.45,258960,14000,1110440
FINNIFTY02JAN2420850PE.NFO,02/01/2024,09:49:10,0.4,0.4,81560,0.45,256040,49000,1110440
FINNIFTY02JAN2420850PE.NFO,02/01/2024,09:49:19,0.4,0.35,388280,0.4,223160,78280,1110440
FINNIFTY02JAN2420850PE.NFO,02/01/2024,09:49:19,0.35,0.35,388280,0.4,223160,0,1110440
FINNIFTY02JAN2420850PE.NFO,02/01/2024,09:49:29,0.4,0.35,568800,0.4,240160,280,1110440
FINNIFTY02JAN2420850PE.NFO,02/01/2024,09:49:38,0.35,0.35,566800,0.4,249120,2240,1110440
FINNIFTY02JAN2420850PE.NFO,02/01/2024,09:49:47,0.35,0.35,561600,0.4,261640,600,1110440
FINNIFTY02JAN2420850PE.NFO,02/01/2024,09:49:56,0.35,0.35,558600,0.4,263840,3000,1110440
FINNIFTY02JAN2420850PE.NFO,02/01/2024,09:50:05,0.4,0.35,545480,0.4,262440,1400,1110440
FINNIFTY02JAN2420850PE.NFO,02/01/2024,09:50:14,0.4,0.35,395600,0.4,240960,120,1110440
FINNIFTY02JAN2420850PE.NFO,02/01/2024,09:50:23,0.4,0.35,395720,0.4,246680,1560,1110440
FINNIFTY02JAN2420850PE.NFO,02/01/2024,09:50:32,0.4,0.35,392120,0.4,256840,12760,1110440
FINNIFTY02JAN2420850PE.NFO,02/01/2024,09:50:41,0.4,0.35,395720,0.4,258640,120,1120000
FINNIFTY02JAN2420850PE.NFO,02/01/2024,09:50:50,0.35,0.35,388680,0.4,265240,13000,1120000
FINNIFTY02JAN2420850PE.NFO,02/01/2024,09:50:59,0.35,0.35,390120,0.4,281440,400,1120000
FINNIFTY02JAN2420850PE.NFO,02/01/2024,09:51:08,0.4,0.35,390080,0.4,280360,280,1120000
FINNIFTY02JAN2420850PE.NFO,02/01/2024,09:51:18,0.4,0.35,390000,0.4,278160,2800,1120000
FINNIFTY02JAN2420850PE.NFO,02/01/2024,09:51:28,0.4,0.35,390000,0.4,277680,480,1120000
FINNIFTY02JAN2420850PE.NFO,02/01/2024,09:51:38,0.4,0.35,390000,0.4,277600,80,1120000
FINNIFTY02JAN2420850PE.NFO,02/01/2024,09:51:47,0.4,0.35,389920,0.4,281560,1760,1120000
FINNIFTY02JAN2420850PE.NFO,02/01/2024,09:51:56,0.4,0.35,390680,0.4,280800,760,1120000
FINNIFTY02JAN2420850PE.NFO,02/01/2024,09:52:05,0.35,0.35,391480,0.4,280800,800,1120000
FINNIFTY02JAN2420850PE.NFO,02/01/2024,09:52:14,0.35,0.35,391480,0.4,280800,0,1120000
FINNIFTY02JAN2420850PE.NFO,02/01/2024,09:52:23,0.4,0.35,377080,0.4,280360,14440,1120000
FINNIFTY02JAN2420850PE.NFO,02/01/2024,09:52:32,0.35,0.35,390680,0.4,280360,280,1120000
FINNIFTY02JAN2420850PE.NFO,02/01/2024,09:52:41,0.35,0.35,388880,0.4,280360,1800,1120000
FINNIFTY02JAN2420850PE.NFO,02/01/2024,09:52:50,0.4,0.35,388880,0.4,280160,200,1120000
FINNIFTY02JAN2420850PE.NFO,02/01/2024,09:52:59,0.4,0.35,388960,0.4,280400,200,1120000
FINNIFTY02JAN2420850PE.NFO,02/01/2024,09:53:09,0.35,0.35,364760,0.4,296960,24680,1120000
FINNIFTY02JAN2420850PE.NFO,02/01/2024,09:53:18,0.35,0.35,381560,0.4,307760,0,1120000
FINNIFTY02JAN2420850PE.NFO,02/01/2024,09:53:27,0.35,0.35,375560,0.4,304120,640,1120000
FINNIFTY02JAN2420850PE.NFO,02/01/2024,09:53:37,0.35,0.35,361280,0.4,300520,14800,1110960
FINNIFTY02JAN2420850PE.NFO,02/01/2024,09:53:46,0.4,0.35,361280,0.4,300560,40,1110960
FINNIFTY02JAN2420850PE.NFO,02/01/2024,09:53:55,0.4,0.35,361280,0.4,300360,200,1110960
FINNIFTY02JAN2420850PE.NFO,02/01/2024,09:54:13,0.4,0.35,361280,0.4,304160,0,1110960
FINNIFTY02JAN2420850PE.NFO,02/01/2024,09:54:31,0.35,0.35,361040,0.4,306160,1680,1110960
FINNIFTY02JAN2420850PE.NFO,02/01/2024,09:54:41,0.35,0.35,360840,0.4,306160,200,1110960
FINNIFTY02JAN2420850PE.NFO,02/01/2024,09:54:50,0.35,0.35,348560,0.4,323360,9000,1110960
FINNIFTY02JAN2420850PE.NFO,02/01/2024,09:55:01,0.35,0.35,371920,0.4,324040,58040,1110960
FINNIFTY02JAN2420850PE.NFO,02/01/2024,09:55:12,0.4,0.4,414040,0.45,196560,358560,1110960
FINNIFTY02JAN2420850PE.NFO,02/01/2024,09:55:22,0.4,0.4,432640,0.45,213800,32320,1110960
FINNIFTY02JAN2420850PE.NFO,02/01/2024,09:55:32,0.4,0.4,439960,0.45,220440,17640,1110960
FINNIFTY02JAN2420850PE.NFO,02/01/2024,09:55:43,0.4,0.4,436320,0.45,226320,26520,1110960
FINNIFTY02JAN2420850PE.NFO,02/01/2024,09:55:53,0.4,0.4,438640,0.45,155800,110280,1110960
FINNIFTY02JAN2420850PE.NFO,02/01/2024,09:56:04,0.4,0.4,479640,0.45,149120,83360,1110960
FINNIFTY02JAN2420850PE.NFO,02/01/2024,09:56:16,0.4,0.4,479160,0.45,164200,36800,1110960
FINNIFTY02JAN2420850PE.NFO,02/01/2024,09:56:29,0.4,0.4,429800,0.45,177880,82560,1110960
FINNIFTY02JAN2420850PE.NFO,02/01/2024,09:56:41,0.4,0.4,807320,0.45,155880,16800,1106320
FINNIFTY02JAN2420850PE.NFO,02/01/2024,09:56:53,0.45,0.45,344720,0.5,318320,190480,1106320
FINNIFTY02JAN2420850PE.NFO,02/01/2024,09:57:05,0.45,0.4,580960,0.45,297720,331480,1106320
FINNIFTY02JAN2420850PE.NFO,02/01/2024,09:57:18,0.5,0.45,553040,0.5,459680,342160,1106320
FINNIFTY02JAN2420850PE.NFO,02/01/2024,09:57:31,0.5,0.45,507040,0.5,450320,71720,1106320
FINNIFTY02JAN2420850PE.NFO,02/01/2024,09:57:43,0.45,0.45,430920,0.5,455880,114080,1106320
FINNIFTY02JAN2420850PE.NFO,02/01/2024,09:57:54,0.45,0.45,693760,0.5,442640,35040,1106320
FINNIFTY02JAN2420850PE.NFO,02/01/2024,09:58:05,0.5,0.5,72640,0.55,231440,384680,1106320
FINNIFTY02JAN2420850PE.NFO,02/01/2024,09:58:17,0.45,0.45,661080,0.5,462560,327160,1106320
FINNIFTY02JAN2420850PE.NFO,02/01/2024,09:58:28,0.5,0.45,657960,0.5,87360,139920,1106320
FINNIFTY02JAN2420850PE.NFO,02/01/2024,09:58:41,0.55,0.5,549560,0.55,310720,76320,1106320
FINNIFTY02JAN2420850PE.NFO,02/01/2024,09:58:52,0.5,0.5,287680,0.55,279600,372840,1106320
FINNIFTY02JAN2420850PE.NFO,02/01/2024,09:59:02,0.5,0.5,254320,0.55,240320,62280,1106320
FINNIFTY02JAN2420850PE.NFO,02/01/2024,09:59:13,0.5,0.45,609480,0.5,510560,258600,1106320
FINNIFTY02JAN2420850PE.NFO,02/01/2024,09:59:26,0.5,0.45,625680,0.5,532680,14840,1106320
FINNIFTY02JAN2420850PE.NFO,02/01/2024,09:59:37,0.5,0.5,336560,0.55,175160,347760,1201080
FINNIFTY02JAN2420850PE.NFO,02/01/2024,09:59:48,0.5,0.5,147280,0.55,157280,321880,1201080
FINNIFTY02JAN2420850PE.NFO,02/01/2024,09:59:59,0.5,0.5,171840,0.55,257000,305080,1201080
FINNIFTY02JAN2420850PE.NFO,02/01/2024,10:00:10,0.5,0.45,671600,0.5,177520,196400,1201080
FINNIFTY02JAN2420850PE.NFO,02/01/2024,10:00:22,0.45,0.45,678080,0.5,184440,17200,1201080
FINNIFTY02JAN2420850PE.NFO,02/01/2024,10:00:30,0.5,0.45,676120,0.5,174840,38920,1201080
FINNIFTY02JAN2420850PE.NFO,02/01/2024,10:00:30,0.5,0.45,676080,0.5,182040,0,1201080
FINNIFTY02JAN2420850PE.NFO,02/01/2024,10:00:31,0.5,0.45,677000,0.5,180360,10400,1201080
FINNIFTY02JAN2420850PE.NFO,02/01/2024,10:00:32,0.5,0.45,677000,0.5,178160,1600,1201080
FINNIFTY02JAN2420850PE.NFO,02/01/2024,10:00:33,0.5,0.45,677000,0.5,177320,0,1201080
FINNIFTY02JAN2420850PE.NFO,02/01/2024,10:00:34,0.5,0.45,677000,0.5,191920,0,1201080
FINNIFTY02JAN2420850PE.NFO,02/01/2024,10:00:36,0.5,0.45,677240,0.5,192920,0,1201080
FINNIFTY02JAN2420850PE.NFO,02/01/2024,10:00:37,0.5,0.45,677280,0.5,193880,800,1201080
FINNIFTY02JAN2420850PE.NFO,02/01/2024,10:00:38,0.5,0.45,676960,0.5,193440,600,1201080
FINNIFTY02JAN2420850PE.NFO,02/01/2024,10:00:39,0.5,0.45,677200,0.5,193440,0,1201080
FINNIFTY02JAN2420850PE.NFO,02/01/2024,10:00:40,0.45,0.45,675400,0.5,193440,1800,1201080
FINNIFTY02JAN2420850PE.NFO,02/01/2024,10:00:41,0.45,0.45,673400,0.5,193400,1800,1201080
FINNIFTY02JAN2420850PE.NFO,02/01/2024,10:00:42,0.45,0.45,673400,0.5,193400,0,1201080
FINNIFTY02JAN2420850PE.NFO,02/01/2024,10:00:43,0.5,0.45,673640,0.5,115200,3440,1201080
FINNIFTY02JAN2420850PE.NFO,02/01/2024,10:00:44,0.5,0.45,674320,0.5,115320,2600,1201080
FINNIFTY02JAN2420850PE.NFO,02/01/2024,10:00:45,0.5,0.45,673280,0.5,168800,8240,1201080
FINNIFTY02JAN2420850PE.NFO,02/01/2024,10:00:46,0.5,0.45,672000,0.5,129360,5200,1201080
FINNIFTY02JAN2420850PE.NFO,02/01/2024,10:00:47,0.45,0.45,666920,0.5,181960,8120,1201080
FINNIFTY02JAN2420850PE.NFO,02/01/2024,10:00:48,0.45,0.45,663240,0.5,175080,7760,1201080
FINNIFTY02JAN2420850PE.NFO,02/01/2024,10:00:49,0.45,0.45,661840,0.5,181880,4400,1201080
FINNIFTY02JAN2420850PE.NFO,02/01/2024,10:00:50,0.5,0.45,662240,0.5,171640,5000,1201080
FINNIFTY02JAN2420850PE.NFO,02/01/2024,10:00:51,0.5,0.45,663440,0.5,174440,4560,1201080
FINNIFTY02JAN2420850PE.NFO,02/01/2024,10:00:52,0.45,0.45,661440,0.5,181400,3800,1201080
FINNIFTY02JAN2420850PE.NFO,02/01/2024,10:00:53,0.45,0.45,660120,0.5,183200,1680,1201080
FINNIFTY02JAN2420850PE.NFO,02/01/2024,10:00:54,0.45,0.45,660160,0.5,187840,0,1201080
FINNIFTY02JAN2420850PE.NFO,02/01/2024,10:00:55,0.45,0.45,660160,0.5,203680,0,1201080
FINNIFTY02JAN2420850PE.NFO,02/01/2024,10:00:56,0.45,0.45,659160,0.5,204640,0,1201080
FINNIFTY02JAN2420850PE.NFO,02/01/2024,10:00:57,0.45,0.45,660120,0.5,204680,0,1201080
FINNIFTY02JAN2420850PE.NFO,02/01/2024,10:01:00,0.45,0.45,659720,0.5,196600,400,1201080
FINNIFTY02JAN2420850PE.NFO,02/01/2024,10:01:01,0.45,0.45,656680,0.5,193720,8800,1201080
FINNIFTY02JAN2420850PE.NFO,02/01/2024,10:01:02,0.45,0.45,654000,0.5,193360,3080,1201080
FINNIFTY02JAN2420850PE.NFO,02/01/2024,10:01:03,0.45,0.45,645200,0.5,193360,8800,1201080
FINNIFTY02JAN2420850PE.NFO,02/01/2024,10:01:04,0.45,0.45,644000,0.5,193040,1200,1201080
FINNIFTY02JAN2420850PE.NFO,02/01/2024,10:01:05,0.45,0.45,643400,0.5,193960,0,1201080
FINNIFTY02JAN2420850PE.NFO,02/01/2024,10:01:06,0.45,0.45,643440,0.5,194000,0,1201080
FINNIFTY02JAN2420850PE.NFO,02/01/2024,10:01:07,0.5,0.45,633800,0.5,192960,10040,1201080
FINNIFTY02JAN2420850PE.NFO,02/01/2024,10:01:08,0.45,0.45,633360,0.5,212960,40,1201080
FINNIFTY02JAN2420850PE.NFO,02/01/2024,10:01:09,0.5,0.45,631640,0.5,192760,10800,1201080
FINNIFTY02JAN2420850PE.NFO,02/01/2024,10:01:10,0.5,0.45,647800,0.5,159480,9040,1201080
FINNIFTY02JAN2420850PE.NFO,02/01/2024,10:01:11,0.5,0.45,649000,0.5,136800,7200,1201080
FINNIFTY02JAN2420850PE.NFO,02/01/2024,10:01:12,0.55,0.5,109840,0.55,235200,110400,1201080
FINNIFTY02JAN2420850PE.NFO,02/01/2024,10:01:13,0.55,0.5,126240,0.55,247960,6960,1201080
FINNIFTY02JAN2420850PE.NFO,02/01/2024,10:01:14,0.5,0.5,146960,0.55,240600,8800,1201080
FINNIFTY02JAN2420850PE.NFO,02/01/2024,10:01:15,0.55,0.5,184240,0.55,230680,11680,1201080
FINNIFTY02JAN2420850PE.NFO,02/01/2024,10:01:16,0.55,0.5,93520,0.55,280960,105000,1201080
FINNIFTY02JAN2420850PE.NFO,02/01/2024,10:01:17,0.5,0.5,113640,0.55,281680,2000,1201080
FINNIFTY02JAN2420850PE.NFO,02/01/2024,10:01:18,0.5,0.5,106240,0.55,280720,6280,1201080
FINNIFTY02JAN2420850PE.NFO,02/01/2024,10:01:19,0.5,0.5,111120,0.55,286200,5440,1201080
FINNIFTY02JAN2420850PE.NFO,02/01/2024,10:01:20,0.5,0.5,106760,0.55,286560,1600,1201080
FINNIFTY02JAN2420850PE.NFO,02/01/2024,10:01:21,0.5,0.5,82320,0.55,264960,1760,1201080
FINNIFTY02JAN2420850PE.NFO,02/01/2024,10:01:22,0.45,0.45,598680,0.5,213800,37760,1201080
FINNIFTY02JAN2420850PE.NFO,02/01/2024,10:01:23,0.5,0.45,599680,0.5,256920,120,1201080
FINNIFTY02JAN2420850PE.NFO,02/01/2024,10:01:24,0.5,0.45,602320,0.5,257880,3400,1201080
FINNIFTY02JAN2420850PE.NFO,02/01/2024,10:01:25,0.45,0.45,600720,0.5,257880,1600,1201080
FINNIFTY02JAN2420850PE.NFO,02/01/2024,10:01:26,0.5,0.45,600120,0.5,252320,80,1201080
FINNIFTY02JAN2420850PE.NFO,02/01/2024,10:01:27,0.5,0.45,600120,0.5,203160,600,1201080
FINNIFTY02JAN2420850PE.NFO,02/01/2024,10:01:28,0.45,0.45,598120,0.5,202480,2400,1201080
FINNIFTY02JAN2420850PE.NFO,02/01/2024,10:01:29,0.5,0.45,598120,0.5,202400,200,1201080
FINNIFTY02JAN2420850PE.NFO,02/01/2024,10:01:31,0.45,0.45,600400,0.5,201360,2040,1201080
FINNIFTY02JAN2420850PE.NFO,02/01/2024,10:01:41,0.5,0.45,595040,0.5,213600,14760,1201080
FINNIFTY02JAN2420850PE.NFO,02/01/2024,10:01:52,0.45,0.45,611120,0.5,235800,45200,1201080
FINNIFTY02JAN2420850PE.NFO,02/01/2024,10:02:02,0.5,0.45,619800,0.5,233160,53920,1201080
FINNIFTY02JAN2420850PE.NFO,02/01/2024,10:02:13,0.5,0.45,610640,0.5,170600,85640,1201080
FINNIFTY02JAN2420850PE.NFO,02/01/2024,10:02:23,0.45,0.45,606280,0.5,151600,83600,1201080
FINNIFTY02JAN2420850PE.NFO,02/01/2024,10:02:33,0.5,0.45,605400,0.5,146240,9520,1201080
FINNIFTY02JAN2420850PE.NFO,02/01/2024,10:02:43,0.5,0.45,601840,0.5,144400,14480,987080
FINNIFTY02JAN2420850PE.NFO,02/01/2024,10:02:53,0.45,0.45,594200,0.5,163560,13120,987080
FINNIFTY02JAN2420850PE.NFO,02/01/2024,10:03:03,0.5,0.45,590640,0.5,159920,21920,987080
FINNIFTY02JAN2420850PE.NFO,02/01/2024,10:03:14,0.45,0.45,586040,0.5,151360,16760,987080
FINNIFTY02JAN2420850PE.NFO,02/01/2024,10:03:27,0.5,0.45,563400,0.5,205240,32040,987080
FINNIFTY02JAN2420850PE.NFO,02/01/2024,10:03:39,0.45,0.45,531240,0.5,190640,26480,987080
FINNIFTY02JAN2420850PE.NFO,02/01/2024,10:03:50,0.5,0.45,507800,0.5,186360,9240,987080
FINNIFTY02JAN2420850PE.NFO,02/01/2024,10:04:00,0.45,0.45,502520,0.5,191920,7760,987080
FINNIFTY02JAN2420850PE.NFO,02/01/2024,10:04:11,0.45,0.45,494960,0.5,209480,21240,987080
FINNIFTY02JAN2420850PE.NFO,02/01/2024,10:04:21,0.45,0.45,468600,0.5,239320,34720,987080
FINNIFTY02JAN2420850PE.NFO,02/01/2024,10:04:31,0.5,0.45,468200,0.5,242160,13240,987080
FINNIFTY02JAN2420850PE.NFO,02/01/2024,10:04:41,0.45,0.45,568000,0.5,234480,4640,987080
FINNIFTY02JAN2420850PE.NFO,02/01/2024,10:04:52,0.45,0.45,553240,0.5,227400,15080,987080
FINNIFTY02JAN2420850PE.NFO,02/01/2024,10:05:02,0.45,0.45,557040,0.5,289840,3680,987080
FINNIFTY02JAN2420850PE.NFO,02/01/2024,10:05:13,0.45,0.45,565120,0.5,301200,4880,987080
FINNIFTY02JAN2420850PE.NFO,02/01/2024,10:05:23,0.5,0.45,558920,0.5,251640,62120,987080
FINNIFTY02JAN2420850PE.NFO,02/01/2024,10:05:33,0.5,0.45,562040,0.5,170520,83800,987080
FINNIFTY02JAN2420850PE.NFO,02/01/2024,10:05:43,0.5,0.45,596680,0.5,191320,4000,1013120
FINNIFTY02JAN2420850PE.NFO,02/01/2024,10:05:53,0.5,0.45,597880,0.5,180200,12360,1013120
FINNIFTY02JAN2420850PE.NFO,02/01/2024,10:06:03,0.5,0.45,618720,0.5,173040,7880,1013120
FINNIFTY02JAN2420850PE.NFO,02/01/2024,10:06:14,0.5,0.45,621920,0.5,167440,20280,1013120
FINNIFTY02JAN2420850PE.NFO,02/01/2024,10:06:24,0.5,0.45,622880,0.5,159360,6560,1013120
FINNIFTY02JAN2420850PE.NFO,02/01/2024,10:06:34,0.5,0.45,617960,0.5,158920,10680,1013120
FINNIFTY02JAN2420850PE.NFO,02/01/2024,10:06:45,0.5,0.45,612560,0.5,157440,5480,1013120
FINNIFTY02JAN2420850PE.NFO,02/01/2024,10:06:55,0.45,0.45,599560,0.5,168040,9600,1013120
FINNIFTY02JAN2420850PE.NFO,02/01/2024,10:07:05,0.45,0.45,594320,0.5,165560,7800,1013120
FINNIFTY02JAN2420850PE.NFO,02/01/2024,10:07:16,0.45,0.45,592520,0.5,165360,13000,1013120
FINNIFTY02JAN2420850PE.NFO,02/01/2024,10:07:26,0.45,0.45,585760,0.5,159040,12160,1013120
FINNIFTY02JAN2420850PE.NFO,02/01/2024,10:07:38,0.45,0.45,575920,0.5,157160,10880,1013120
FINNIFTY02JAN2420850PE.NFO,02/01/2024,10:07:48,0.45,0.45,575640,0.5,173800,320,1013120
FINNIFTY02JAN2420850PE.NFO,02/01/2024,10:07:58,0.5,0.45,575640,0.5,168600,6080,1013120
FINNIFTY02JAN2420850PE.NFO,02/01/2024,10:08:08,0.45,0.45,572040,0.5,166200,5480,1013120
FINNIFTY02JAN2420850PE.NFO,02/01/2024,10:08:18,0.45,0.45,571480,0.5,163920,5240,1013120
FINNIFTY02JAN2420850PE.NFO,02/01/2024,10:08:28,0.5,0.45,571000,0.5,163960,1800,1013120
FINNIFTY02JAN2420850PE.NFO,02/01/2024,10:08:38,0.5,0.45,533280,0.5,154800,61920,1013120
FINNIFTY02JAN2420850PE.NFO,02/01/2024,10:08:48,0.5,0.45,532000,0.5,177360,6080,1074520
FINNIFTY02JAN2420850PE.NFO,02/01/2024,10:08:58,0.5,0.45,531200,0.5,172920,4840,1074520
FINNIFTY02JAN2420850PE.NFO,02/01/2024,10:09:08,0.5,0.45,530720,0.5,168000,7840,1074520
FINNIFTY02JAN2420850PE.NFO,02/01/2024,10:09:18,0.5,0.45,530240,0.5,156480,16040,1074520
FINNIFTY02JAN2420850PE.NFO,02/01/2024,10:09:28,0.5,0.45,529320,0.5,156120,2200,1074520
FINNIFTY02JAN2420850PE.NFO,02/01/2024,10:09:38,0.45,0.45,550800,0.5,159480,29040,1074520
FINNIFTY02JAN2420850PE.NFO,02/01/2024,10:09:47,0.5,0.45,550760,0.5,185560,3960,1074520
FINNIFTY02JAN2420850PE.NFO,02/01/2024,10:09:57,0.5,0.45,550560,0.5,179400,5120,1074520
FINNIFTY02JAN2420850PE.NFO,02/01/2024,10:10:07,0.5,0.45,649400,0.5,175400,4680,1074520
FINNIFTY02JAN2420850PE.NFO,02/01/2024,10:10:17,0.5,0.45,649400,0.5,152240,11400,1074520
FINNIFTY02JAN2420850PE.NFO,02/01/2024,10:10:27,0.5,0.45,647400,0.5,142000,10200,1074520
FINNIFTY02JAN2420850PE.NFO,02/01/2024,10:10:37,0.5,0.45,658320,0.5,135920,18000,1074520
FINNIFTY02JAN2420850PE.NFO,02/01/2024,10:10:47,0.5,0.45,654640,0.5,132360,4320,1074520
FINNIFTY02JAN2420850PE.NFO,02/01/2024,10:10:57,0.45,0.45,655560,0.5,141560,640,1074520
FINNIFTY02JAN2420850PE.NFO,02/01/2024,10:11:06,0.55,0.55,47280,0.6,98040,281480,1074520
FINNIFTY02JAN2420850PE.NFO,02/01/2024,10:11:16,0.55,0.5,172520,0.55,139600,78280,1074520
FINNIFTY02JAN2420850PE.NFO,02/01/2024,10:11:26,0.5,0.5,176360,0.55,131640,13560,1074520
FINNIFTY02JAN2420850PE.NFO,02/01/2024,10:11:36,0.5,0.5,295000,0.55,144680,28000,1076320
FINNIFTY02JAN2420850PE.NFO,02/01/2024,10:11:45,0.5,0.5,303600,0.55,127280,10840,1076320
FINNIFTY02JAN2420850PE.NFO,02/01/2024,10:11:54,0.5,0.5,443080,0.55,115000,52280,1076320
FINNIFTY02JAN2420850PE.NFO,02/01/2024,10:12:03,0.5,0.5,460920,0.55,115200,120,1076320
FINNIFTY02JAN2420850PE.NFO,02/01/2024,10:12:13,0.5,0.5,341160,0.55,120880,4400,1076320
FINNIFTY02JAN2420850PE.NFO,02/01/2024,10:12:23,0.5,0.5,337560,0.55,128400,10360,1076320
FINNIFTY02JAN2420850PE.NFO,02/01/2024,10:12:33,0.5,0.5,334920,0.55,148520,3520,1076320
FINNIFTY02JAN2420850PE.NFO,02/01/2024,10:12:43,0.6,0.55,201120,0.6,157520,102080,1076320
FINNIFTY02JAN2420850PE.NFO,02/01/2024,10:12:54,0.55,0.55,229000,0.6,153600,4200,1076320
FINNIFTY02JAN2420850PE.NFO,02/01/2024,10:13:04,0.55,0.55,210240,0.6,125960,7320,1076320
FINNIFTY02JAN2420850PE.NFO,02/01/2024,10:13:15,0.6,0.55,218280,0.6,116040,11440,1076320
FINNIFTY02JAN2420850PE.NFO,02/01/2024,10:13:25,0.6,0.6,211680,0.65,171040,50960,1076320
FINNIFTY02JAN2420850PE.NFO,02/01/2024,10:13:34,0.55,0.55,212280,0.6,124600,126440,1076320
FINNIFTY02JAN2420850PE.NFO,02/01/2024,10:13:44,0.55,0.55,233480,0.6,156600,10200,1076320
FINNIFTY02JAN2420850PE.NFO,02/01/2024,10:13:54,0.6,0.6,270920,0.65,139080,119640,1076320
FINNIFTY02JAN2420850PE.NFO,02/01/2024,10:14:04,0.6,0.6,270880,0.65,169840,6080,1076320
FINNIFTY02JAN2420850PE.NFO,02/01/2024,10:14:15,0.6,0.6,217520,0.65,157520,116000,1076320
FINNIFTY02JAN2420850PE.NFO,02/01/2024,10:14:25,0.6,0.55,251960,0.6,211360,126560,1076320
FINNIFTY02JAN2420850PE.NFO,02/01/2024,10:14:35,0.55,0.55,251960,0.6,221080,2480,1076320
FINNIFTY02JAN2420850PE.NFO,02/01/2024,10:14:45,0.55,0.55,244680,0.6,219880,7000,1173240
FINNIFTY02JAN2420850PE.NFO,02/01/2024,10:14:55,0.6,0.55,169280,0.6,250960,1800,1173240
FINNIFTY02JAN2420850PE.NFO,02/01/2024,10:15:04,0.6,0.55,132640,0.6,248440,5160,1173240
FINNIFTY02JAN2420850PE.NFO,02/01/2024,10:15:15,0.55,0.55,79000,0.6,270320,70280,1173240
FINNIFTY02JAN2420850PE.NFO,02/01/2024,10:15:25,0.55,0.5,283840,0.55,234120,54320,1173240
FINNIFTY02JAN2420850PE.NFO,02/01/2024,10:15:34,0.55,0.5,264520,0.55,233160,11320,1173240
FINNIFTY02JAN2420850PE.NFO,02/01/2024,10:15:44,0.55,0.5,264920,0.55,234720,4440,1173240
FINNIFTY02JAN2420850PE.NFO,02/01/2024,10:15:53,0.55,0.5,266280,0.55,233680,2240,1173240
FINNIFTY02JAN2420850PE.NFO,02/01/2024,10:16:03,0.55,0.5,267360,0.55,232120,6600,1173240
FINNIFTY02JAN2420850PE.NFO,02/01/2024,10:16:13,0.55,0.5,310320,0.55,239800,2640,1173240
FINNIFTY02JAN2420850PE.NFO,02/01/2024,10:16:24,0.55,0.5,313080,0.55,239360,4840,1173240
FINNIFTY02JAN2420850PE.NFO,02/01/2024,10:16:33,0.55,0.5,273880,0.55,245160,11720,1173240
FINNIFTY02JAN2420850PE.NFO,02/01/2024,10:16:43,0.5,0.5,258720,0.55,248520,80,1173240
FINNIFTY02JAN2420850PE.NFO,02/01/2024,10:16:53,0.5,0.5,258720,0.55,251800,680,1173240
FINNIFTY02JAN2420850PE.NFO,02/01/2024,10:17:02,0.55,0.5,256280,0.55,251960,3840,1173240
FINNIFTY02JAN2420850PE.NFO,02/01/2024,10:17:12,0.6,0.6,75320,0.65,142880,290000,1173240
FINNIFTY02JAN2420850PE.NFO,02/01/2024,10:17:22,0.6,0.55,346120,0.6,154280,55720,1173240
FINNIFTY02JAN2420850PE.NFO,02/01/2024,10:17:32,0.6,0.6,166920,0.65,155760,78400,1173240
FINNIFTY02JAN2420850PE.NFO,02/01/2024,10:17:42,0.65,0.6,108920,0.65,158640,11680,1173200
FINNIFTY02JAN2420850PE.NFO,02/01/2024,10:17:52,0.6,0.55,188160,0.6,175880,67880,1173200
FINNIFTY02JAN2420850PE.NFO,02/01/2024,10:18:01,0.55,0.55,380920,0.6,201760,2960,1173200
FINNIFTY02JAN2420850PE.NFO,02/01/2024,10:18:11,0.6,0.55,377680,0.6,230960,600,1173200
FINNIFTY02JAN2420850PE.NFO,02/01/2024,10:18:20,0.6,0.55,385960,0.6,207880,5320,1173200
FINNIFTY02JAN2420850PE.NFO,02/01/2024,10:18:30,0.55,0.55,380120,0.6,206160,10480,1173200
FINNIFTY02JAN2420850PE.NFO,02/01/2024,10:18:39,0.6,0.55,377040,0.6,209200,1320,1173200
FINNIFTY02JAN2420850PE.NFO,02/01/2024,10:18:49,0.55,0.55,371640,0.6,194800,5440,1173200
FINNIFTY02JAN2420850PE.NFO,02/01/2024,10:18:58,0.6,0.55,371640,0.6,196400,4640,1173200
FINNIFTY02JAN2420850PE.NFO,02/01/2024,10:19:08,0.6,0.55,378480,0.6,222040,10480,1173200
FINNIFTY02JAN2420850PE.NFO,02/01/2024,10:19:18,0.6,0.55,399640,0.6,161680,104440,1173200
FINNIFTY02JAN2420850PE.NFO,02/01/2024,10:19:27,0.6,0.55,409360,0.6,138360,48160,1173200
FINNIFTY02JAN2420850PE.NFO,02/01/2024,10:19:36,0.6,0.55,405680,0.6,155840,3680,1173200
FINNIFTY02JAN2420850PE.NFO,02/01/2024,10:19:46,0.55,0.55,379440,0.6,167240,9920,1173200
FINNIFTY02JAN2420850PE.NFO,02/01/2024,10:19:55,0.55,0.55,371160,0.6,182040,12080,1173200
FINNIFTY02JAN2420850PE.NFO,02/01/2024,10:20:04,0.6,0.55,366960,0.6,203400,14120,1173200
FINNIFTY02JAN2420850PE.NFO,02/01/2024,10:20:14,0.6,0.55,364640,0.6,209080,5200,1173200
FINNIFTY02JAN2420850PE.NFO,02/01/2024,10:20:24,0.55,0.55,360760,0.6,216040,1600,1173200
FINNIFTY02JAN2420850PE.NFO,02/01/2024,10:20:33,0.55,0.55,349920,0.6,222800,9480,1173200
FINNIFTY02JAN2420850PE.NFO,02/01/2024,10:20:43,0.55,0.55,329680,0.6,236880,22200,1265960
FINNIFTY02JAN2420850PE.NFO,02/01/2024,10:20:53,0.55,0.55,327160,0.6,244640,5200,1265960
FINNIFTY02JAN2420850PE.NFO,02/01/2024,10:21:03,0.55,0.55,360720,0.6,272720,54600,1265960
FINNIFTY02JAN2420850PE.NFO,02/01/2024,10:21:12,0.55,0.55,330040,0.6,283160,12520,1265960
FINNIFTY02JAN2420850PE.NFO,02/01/2024,10:21:22,0.55,0.5,324680,0.55,277160,60560,1265960
FINNIFTY02JAN2420850PE.NFO,02/01/2024,10:21:32,0.55,0.5,302240,0.55,290160,4560,1265960
FINNIFTY02JAN2420850PE.NFO,02/01/2024,10:21:42,0.5,0.5,303440,0.55,294160,7240,1265960
FINNIFTY02JAN2420850PE.NFO,02/01/2024,10:21:52,0.5,0.5,300440,0.55,295360,3480,1265960
FINNIFTY02JAN2420850PE.NFO,02/01/2024,10:22:02,0.5,0.5,280880,0.55,295280,2600,1265960
FINNIFTY02JAN2420850PE.NFO,02/01/2024,10:22:12,0.5,0.5,280840,0.55,295320,80,1265960
FINNIFTY02JAN2420850PE.NFO,02/01/2024,10:22:21,0.55,0.5,280840,0.55,295280,160,1265960
FINNIFTY02JAN2420850PE.NFO,02/01/2024,10:22:31,0.55,0.5,287760,0.55,296480,6640,1265960
FINNIFTY02JAN2420850PE.NFO,02/01/2024,10:22:41,0.5,0.5,282760,0.55,289840,16040,1265960
FINNIFTY02JAN2420850PE.NFO,02/01/2024,10:22:51,0.5,0.5,274920,0.55,288520,13880,1265960
FINNIFTY02JAN2420850PE.NFO,02/01/2024,10:23:01,0.55,0.5,277720,0.55,285320,6720,1265960
FINNIFTY02JAN2420850PE.NFO,02/01/2024,10:23:11,0.55,0.5,278600,0.55,273240,6000,1265960
FINNIFTY02JAN2420850PE.NFO,02/01/2024,10:23:21,0.55,0.5,284000,0.55,272480,40,1265960
FINNIFTY02JAN2420850PE.NFO,02/01/2024,10:23:31,0.5,0.5,284000,0.55,243240,2000,1265960
FINNIFTY02JAN2420850PE.NFO,02/01/2024,10:23:42,0.55,0.5,293600,0.55,247600,16240,1299920
FINNIFTY02JAN2420850PE.NFO,02/01/2024,10:23:52,0.55,0.5,324200,0.55,251480,200,1299920
FINNIFTY02JAN2420850PE.NFO,02/01/2024,10:24:02,0.55,0.5,328320,0.55,206240,64240,1299920
FINNIFTY02JAN2420850PE.NFO,02/01/2024,10:24:12,0.55,0.5,329880,0.55,181280,4160,1299920
FINNIFTY02JAN2420850PE.NFO,02/01/2024,10:24:22,0.55,0.5,364800,0.55,157200,37320,1299920
FINNIFTY02JAN2420850PE.NFO,02/01/2024,10:24:32,0.55,0.5,364800,0.55,156240,960,1299920
FINNIFTY02JAN2420850PE.NFO,02/01/2024,10:24:42,0.55,0.55,114800,0.6,285480,115480,1299920
FINNIFTY02JAN2420850PE.NFO,02/01/2024,10:24:52,0.55,0.55,143840,0.6,295520,1440,1299920
FINNIFTY02JAN2420850PE.NFO,02/01/2024,10:25:04,0.6,0.55,170000,0.6,301920,33880,1299920
FINNIFTY02JAN2420850PE.NFO,02/01/2024,10:25:16,0.6,0.55,187200,0.6,302840,9560,1299920
FINNIFTY02JAN2420850PE.NFO,02/01/2024,10:25:26,0.6,0.55,188120,0.6,303760,4120,1299920
FINNIFTY02JAN2420850PE.NFO,02/01/2024,10:25:37,0.6,0.55,185920,0.6,302960,6040,1299920
FINNIFTY02JAN2420850PE.NFO,02/01/2024,10:25:47,0.55,0.55,184520,0.6,304720,1720,1299920
FINNIFTY02JAN2420850PE.NFO,02/01/2024,10:25:57,0.55,0.55,184520,0.6,305480,0,1299920
FINNIFTY02JAN2420850PE.NFO,02/01/2024,10:26:08,0.55,0.55,169520,0.6,307160,6000,1299920
FINNIFTY02JAN2420850PE.NFO,02/01/2024,10:26:19,0.55,0.55,161680,0.6,309840,400,1299920
FINNIFTY02JAN2420850PE.NFO,02/01/2024,10:26:31,0.6,0.55,161200,0.6,263400,1120,1299920
FINNIFTY02JAN2420850PE.NFO,02/01/2024,10:26:42,0.55,0.55,133520,0.6,266160,11000,1348840
FINNIFTY02JAN2420850PE.NFO,02/01/2024,10:26:54,0.55,0.55,229760,0.6,260440,4200,1348840
FINNIFTY02JAN2420850PE.NFO,02/01/2024,10:27:05,0.6,0.55,229600,0.6,253240,7600,1348840
FINNIFTY02JAN2420850PE.NFO,02/01/2024,10:27:16,0.6,0.55,229720,0.6,244200,3680,1348840
FINNIFTY02JAN2420850PE.NFO,02/01/2024,10:27:27,0.55,0.55,223400,0.6,250160,5600,1348840
FINNIFTY02JAN2420850PE.NFO,02/01/2024,10:27:37,0.55,0.55,221400,0.6,250760,2960,1348840
FINNIFTY02JAN2420850PE.NFO,02/01/2024,10:27:47,0.55,0.55,221880,0.6,247600,0,1348840
FINNIFTY02JAN2420850PE.NFO,02/01/2024,10:27:58,0.55,0.55,153000,0.6,241160,37560,1348840
FINNIFTY02JAN2420850PE.NFO,02/01/2024,10:28:08,0.55,0.55,174040,0.6,241280,26200,1348840
FINNIFTY02JAN2420850PE.NFO,02/01/2024,10:28:19,0.55,0.55,150440,0.6,244040,14720,1348840
FINNIFTY02JAN2420850PE.NFO,02/01/2024,10:28:29,0.55,0.55,161480,0.6,244880,1160,1348840
FINNIFTY02JAN2420850PE.NFO,02/01/2024,10:28:39,0.55,0.55,159080,0.6,244880,720,1348840
FINNIFTY02JAN2420850PE.NFO,02/01/2024,10:28:48,0.55,0.55,136680,0.6,244880,1560,1348840
FINNIFTY02JAN2420850PE.NFO,02/01/2024,10:28:58,0.55,0.55,157520,0.6,242200,3440,1348840
FINNIFTY02JAN2420850PE.NFO,02/01/2024,10:29:09,0.55,0.55,153600,0.6,240680,2880,1348840
FINNIFTY02JAN2420850PE.NFO,02/01/2024,10:29:18,0.55,0.5,294400,0.55,170280,51120,1348840
FINNIFTY02JAN2420850PE.NFO,02/01/2024,10:29:28,0.55,0.5,295240,0.55,173080,200,1348840
FINNIFTY02JAN2420850PE.NFO,02/01/2024,10:29:39,0.55,0.5,295040,0.55,172800,1600,1425800
FINNIFTY02JAN2420850PE.NFO,02/01/2024,10:29:49,0.5,0.5,356200,0.55,175880,480,1425800
FINNIFTY02JAN2420850PE.NFO,02/01/2024,10:29:59,0.55,0.5,355960,0.55,174960,1080,1425800
FINNIFTY02JAN2420850PE.NFO,02/01/2024,10:30:11,0.55,0.5,371840,0.55,179520,47320,1425800
FINNIFTY02JAN2420850PE.NFO,02/01/2024,10:30:22,0.55,0.5,364000,0.55,181360,18800,1425800
FINNIFTY02JAN2420850PE.NFO,02/01/2024,10:30:34,0.55,0.5,361360,0.55,173880,10440,1425800
FINNIFTY02JAN2420850PE.NFO,02/01/2024,10:30:44,0.55,0.5,368680,0.55,176040,18840,1425800
FINNIFTY02JAN2420850PE.NFO,02/01/2024,10:30:54,0.55,0.5,331760,0.55,173400,6880,1425800
FINNIFTY02JAN2420850PE.NFO,02/01/2024,10:31:04,0.55,0.5,75960,0.55,194280,222960,1425800
FINNIFTY02JAN2420850PE.NFO,02/01/2024,10:31:14,0.5,0.45,501480,0.5,190600,69280,1425800
FINNIFTY02JAN2420850PE.NFO,02/01/2024,10:31:24,0.5,0.45,500800,0.5,220720,4640,1425800
FINNIFTY02JAN2420850PE.NFO,02/01/2024,10:31:34,0.5,0.45,500680,0.5,269360,2640,1425800
FINNIFTY02JAN2420850PE.NFO,02/01/2024,10:31:44,0.45,0.45,498320,0.5,271360,1640,1425800
FINNIFTY02JAN2420850PE.NFO,02/01/2024,10:31:55,0.45,0.45,423160,0.5,271280,21120,1425800
FINNIFTY02JAN2420850PE.NFO,02/01/2024,10:32:06,0.45,0.45,56400,0.5,258360,11240,1425800
FINNIFTY02JAN2420850PE.NFO,02/01/2024,10:32:16,0.5,0.45,74960,0.5,270520,79200,1425800
FINNIFTY02JAN2420850PE.NFO,02/01/2024,10:32:26,0.5,0.45,89680,0.5,279520,31960,1425800
FINNIFTY02JAN2420850PE.NFO,02/01/2024,10:32:36,0.45,0.45,114920,0.5,270280,30600,1425800
FINNIFTY02JAN2420850PE.NFO,02/01/2024,10:32:46,0.45,0.45,116640,0.5,270400,2360,1371680
FINNIFTY02JAN2420850PE.NFO,02/01/2024,10:32:56,0.45,0.45,126920,0.5,282960,5720,1371680
FINNIFTY02JAN2420850PE.NFO,02/01/2024,10:33:06,0.45,0.45,130160,0.5,283880,12480,1371680
FINNIFTY02JAN2420850PE.NFO,02/01/2024,10:33:15,0.45,0.45,111200,0.5,285080,1800,1371680
FINNIFTY02JAN2420850PE.NFO,02/01/2024,10:33:25,0.5,0.45,112120,0.5,284280,6560,1371680
FINNIFTY02JAN2420850PE.NFO,02/01/2024,10:33:35,0.45,0.45,97880,0.5,258720,21960,1371680
FINNIFTY02JAN2420850PE.NFO,02/01/2024,10:33:44,0.5,0.45,128880,0.5,243480,22960,1371680
FINNIFTY02JAN2420850PE.NFO,02/01/2024,10:33:55,0.5,0.45,174320,0.5,244640,1800,1371680
FINNIFTY02JAN2420850PE.NFO,02/01/2024,10:34:05,0.5,0.45,225040,0.5,245240,8560,1371680
FINNIFTY02JAN2420850PE.NFO,02/01/2024,10:34:14,0.45,0.45,226760,0.5,241680,5560,1371680
FINNIFTY02JAN2420850PE.NFO,02/01/2024,10:34:24,0.45,0.45,241760,0.5,235440,4720,1371680
FINNIFTY02JAN2420850PE.NFO,02/01/2024,10:34:34,0.5,0.45,252040,0.5,236400,1200,1371680
FINNIFTY02JAN2420850PE.NFO,02/01/2024,10:34:43,0.5,0.45,256720,0.5,238520,2000,1371680
FINNIFTY02JAN2420850PE.NFO,02/01/2024,10:34:53,0.45,0.45,256200,0.5,238400,2240,1371680
FINNIFTY02JAN2420850PE.NFO,02/01/2024,10:35:03,0.45,0.45,255160,0.5,233600,11920,1371680
FINNIFTY02JAN2420850PE.NFO,02/01/2024,10:35:13,0.5,0.45,256640,0.5,230440,6240,1371680
FINNIFTY02JAN2420850PE.NFO,02/01/2024,10:35:24,0.45,0.45,256960,0.5,229280,2600,1371680
FINNIFTY02JAN2420850PE.NFO,02/01/2024,10:35:33,0.45,0.45,258080,0.5,228400,0,1371680
FINNIFTY02JAN2420850PE.NFO,02/01/2024,10:35:43,0.45,0.45,260360,0.5,221320,15640,1415200
FINNIFTY02JAN2420850PE.NFO,02/01/2024,10:35:53,0.5,0.45,260040,0.5,217920,3240,1415200
FINNIFTY02JAN2420850PE.NFO,02/01/2024,10:36:03,0.5,0.45,259920,0.5,218200,1400,1415200
FINNIFTY02JAN2420850PE.NFO,02/01/2024,10:36:13,0.45,0.45,313760,0.5,216120,1600,1415200
FINNIFTY02JAN2420850PE.NFO,02/01/2024,10:36:25,0.5,0.45,321200,0.5,209080,2360,1415200
FINNIFTY02JAN2420850PE.NFO,02/01/2024,10:36:38,0.5,0.5,237280,0.55,200800,223440,1415200
FINNIFTY02JAN2420850PE.NFO,02/01/2024,10:36:50,0.5,0.5,182320,0.55,176480,22040,1415200
FINNIFTY02JAN2420850PE.NFO,02/01/2024,10:37:02,0.55,0.5,237040,0.55,154320,32240,1415200
FINNIFTY02JAN2420850PE.NFO,02/01/2024,10:37:14,0.5,0.5,243000,0.55,168040,9040,1415200
FINNIFTY02JAN2420850PE.NFO,02/01/2024,10:37:25,0.5,0.5,244240,0.55,177200,1880,1415200
FINNIFTY02JAN2420850PE.NFO,02/01/2024,10:37:36,0.5,0.5,176760,0.55,190280,12080,1415200
FINNIFTY02JAN2420850PE.NFO,02/01/2024,10:37:47,0.5,0.5,173080,0.55,185440,6000,1415200
FINNIFTY02JAN2420850PE.NFO,02/01/2024,10:37:57,0.5,0.5,174200,0.55,185520,5840,1415200
FINNIFTY02JAN2420850PE.NFO,02/01/2024,10:38:07,0.45,0.45,359440,0.5,233000,109280,1415200
FINNIFTY02JAN2420850PE.NFO,02/01/2024,10:38:17,0.45,0.45,354120,0.5,240320,5880,1415200
FINNIFTY02JAN2420850PE.NFO,02/01/2024,10:38:27,0.5,0.45,358120,0.5,257240,4600,1415200
FINNIFTY02JAN2420850PE.NFO,02/01/2024,10:38:37,0.45,0.45,358120,0.5,256480,1800,1415200
FINNIFTY02JAN2420850PE.NFO,02/01/2024,10:38:48,0.45,0.45,357680,0.5,260000,1400,1494000
FINNIFTY02JAN2420850PE.NFO,02/01/2024,10:38:58,0.5,0.45,358400,0.5,260440,1760,1494000
FINNIFTY02JAN2420850PE.NFO,02/01/2024,10:39:11,0.5,0.45,381240,0.5,163960,247000,1494000
FINNIFTY02JAN2420850PE.NFO,02/01/2024,10:39:23,0.5,0.45,405400,0.5,148600,75080,1494000
FINNIFTY02JAN2420850PE.NFO,02/01/2024,10:39:33,0.45,0.45,421520,0.5,172480,1520,1494000
FINNIFTY02JAN2420850PE.NFO,02/01/2024,10:39:44,0.5,0.5,516000,0.55,252480,116680,1494000
FINNIFTY02JAN2420850PE.NFO,02/01/2024,10:39:55,0.5,0.5,517440,0.55,266240,4320,1494000
FINNIFTY02JAN2420850PE.NFO,02/01/2024,10:40:06,0.55,0.5,515800,0.55,270560,27400,1494000
FINNIFTY02JAN2420850PE.NFO,02/01/2024,10:40:17,0.5,0.5,513360,0.55,270760,13680,1494000
FINNIFTY02JAN2420850PE.NFO,02/01/2024,10:40:28,0.55,0.5,513520,0.55,271240,8760,1494000
FINNIFTY02JAN2420850PE.NFO,02/01/2024,10:40:38,0.55,0.5,511640,0.55,137760,78880,1494000
FINNIFTY02JAN2420850PE.NFO,02/01/2024,10:40:48,0.55,0.5,507120,0.55,127360,19280,1494000
FINNIFTY02JAN2420850PE.NFO,02/01/2024,10:40:59,0.5,0.5,505520,0.55,237440,12200,1494000
FINNIFTY02JAN2420850PE.NFO,02/01/2024,10:41:11,0.5,0.5,478200,0.55,310200,19360,1494000
FINNIFTY02JAN2420850PE.NFO,02/01/2024,10:41:21,0.5,0.5,485680,0.55,319120,15200,1494000
FINNIFTY02JAN2420850PE.NFO,02/01/2024,10:41:31,0.55,0.5,215320,0.55,160240,88720,1494000
FINNIFTY02JAN2420850PE.NFO,02/01/2024,10:41:42,0.55,0.5,216880,0.55,155840,15400,1595840
FINNIFTY02JAN2420850PE.NFO,02/01/2024,10:41:53,0.5,0.5,211960,0.55,165280,13800,1595840
FINNIFTY02JAN2420850PE.NFO,02/01/2024,10:42:04,0.5,0.45,437920,0.5,280400,140280,1595840
FINNIFTY02JAN2420850PE.NFO,02/01/2024,10:42:14,0.5,0.45,427680,0.5,280800,7040,1595840
FINNIFTY02JAN2420850PE.NFO,02/01/2024,10:42:25,0.45,0.45,424840,0.5,291560,21280,1595840
FINNIFTY02JAN2420850PE.NFO,02/01/2024,10:42:35,0.45,0.45,425880,0.5,293080,6280,1595840
FINNIFTY02JAN2420850PE.NFO,02/01/2024,10:42:45,0.45,0.45,414680,0.5,295480,2400,1595840
FINNIFTY02JAN2420850PE.NFO,02/01/2024,10:42:56,0.5,0.45,416800,0.5,292840,1680,1595840
FINNIFTY02JAN2420850PE.NFO,02/01/2024,10:43:07,0.5,0.45,358440,0.5,346160,69720,1595840
FINNIFTY02JAN2420850PE.NFO,02/01/2024,10:43:17,0.45,0.45,350720,0.5,343960,6280,1595840
FINNIFTY02JAN2420850PE.NFO,02/01/2024,10:43:28,0.5,0.45,351240,0.5,353160,2600,1595840
FINNIFTY02JAN2420850PE.NFO,02/01/2024,10:43:39,0.45,0.45,341320,0.5,364080,10520,1595840
FINNIFTY02JAN2420850PE.NFO,02/01/2024,10:43:49,0.5,0.45,344600,0.5,364160,6440,1595840
FINNIFTY02JAN2420850PE.NFO,02/01/2024,10:43:59,0.5,0.45,346880,0.5,363040,14440,1595840
FINNIFTY02JAN2420850PE.NFO,02/01/2024,10:44:10,0.45,0.45,311080,0.5,370240,9600,1595840
FINNIFTY02JAN2420850PE.NFO,02/01/2024,10:44:20,0.45,0.45,263400,0.5,299880,12280,1595840
FINNIFTY02JAN2420850PE.NFO,02/01/2024,10:44:30,0.45,0.45,230920,0.5,393880,4440,1595840
FINNIFTY02JAN2420850PE.NFO,02/01/2024,10:44:41,0.45,0.45,226560,0.5,394440,8240,1533560
FINNIFTY02JAN2420850PE.NFO,02/01/2024,10:44:51,0.45,0.45,206120,0.5,328960,25600,1533560
FINNIFTY02JAN2420850PE.NFO,02/01/2024,10:45:01,0.45,0.45,195480,0.5,378320,7880,1533560
FINNIFTY02JAN2420850PE.NFO,02/01/2024,10:45:12,0.45,0.45,201520,0.5,383960,80,1533560
FINNIFTY02JAN2420850PE.NFO,02/01/2024,10:45:22,0.45,0.45,199800,0.5,381560,14920,1533560
FINNIFTY02JAN2420850PE.NFO,02/01/2024,10:45:32,0.45,0.45,175040,0.5,307800,7480,1533560
FINNIFTY02JAN2420850PE.NFO,02/01/2024,10:45:42,0.45,0.4,492920,0.45,304520,86280,1533560
FINNIFTY02JAN2420850PE.NFO,02/01/2024,10:45:52,0.4,0.4,491080,0.45,306440,1800,1533560
FINNIFTY02JAN2420850PE.NFO,02/01/2024,10:46:02,0.45,0.4,332920,0.45,304080,3320,1533560
FINNIFTY02JAN2420850PE.NFO,02/01/2024,10:46:12,0.45,0.4,332920,0.45,303280,320,1533560
FINNIFTY02JAN2420850PE.NFO,02/01/2024,10:46:22,0.45,0.4,332960,0.45,303800,0,1533560
FINNIFTY02JAN2420850PE.NFO,02/01/2024,10:46:31,0.45,0.4,332960,0.45,303840,0,1533560
FINNIFTY02JAN2420850PE.NFO,02/01/2024,10:46:42,0.45,0.4,333080,0.45,303040,920,1533560
FINNIFTY02JAN2420850PE.NFO,02/01/2024,10:46:51,0.45,0.4,335120,0.45,288160,16720,1533560
FINNIFTY02JAN2420850PE.NFO,02/01/2024,10:47:02,0.45,0.4,327360,0.45,280680,9040,1533560
FINNIFTY02JAN2420850PE.NFO,02/01/2024,10:47:12,0.45,0.4,330440,0.45,262120,42200,1533560
FINNIFTY02JAN2420850PE.NFO,02/01/2024,10:47:22,0.45,0.4,331120,0.45,261680,19960,1533560
FINNIFTY02JAN2420850PE.NFO,02/01/2024,10:47:33,0.45,0.4,418720,0.45,261240,37640,1533560
FINNIFTY02JAN2420850PE.NFO,02/01/2024,10:47:43,0.45,0.4,422720,0.45,262880,15560,1533560
FINNIFTY02JAN2420850PE.NFO,02/01/2024,10:47:53,0.45,0.4,330880,0.45,261160,2000,1632000
FINNIFTY02JAN2420850PE.NFO,02/01/2024,10:48:03,0.4,0.4,470720,0.45,263800,160,1632000
FINNIFTY02JAN2420850PE.NFO,02/01/2024,10:48:14,0.45,0.4,494240,0.45,243320,27160,1632000
FINNIFTY02JAN2420850PE.NFO,02/01/2024,10:48:24,0.45,0.4,494280,0.45,222880,30400,1632000
FINNIFTY02JAN2420850PE.NFO,02/01/2024,10:48:34,0.45,0.4,494080,0.45,188720,13520,1632000
FINNIFTY02JAN2420850PE.NFO,02/01/2024,10:48:43,0.45,0.4,491280,0.45,178080,16480,1632000
FINNIFTY02JAN2420850PE.NFO,02/01/2024,10:48:53,0.45,0.4,416520,0.45,170280,11800,1632000
FINNIFTY02JAN2420850PE.NFO,02/01/2024,10:49:03,0.45,0.45,206480,0.5,169640,161840,1632000
FINNIFTY02JAN2420850PE.NFO,02/01/2024,10:49:14,0.45,0.45,260480,0.5,160600,29680,1632000
FINNIFTY02JAN2420850PE.NFO,02/01/2024,10:49:25,0.45,0.45,257360,0.5,160600,6040,1632000
FINNIFTY02JAN2420850PE.NFO,02/01/2024,10:49:35,0.45,0.45,247400,0.5,166120,3280,1632000
FINNIFTY02JAN2420850PE.NFO,02/01/2024,10:49:45,0.45,0.45,247360,0.5,198320,40,1632000
FINNIFTY02JAN2420850PE.NFO,02/01/2024,10:49:55,0.5,0.45,237040,0.5,181240,21240,1632000
FINNIFTY02JAN2420850PE.NFO,02/01/2024,10:50:05,0.5,0.45,246640,0.5,201880,9880,1632000
FINNIFTY02JAN2420850PE.NFO,02/01/2024,10:50:17,0.45,0.45,245720,0.5,202840,9720,1632000
FINNIFTY02JAN2420850PE.NFO,02/01/2024,10:50:27,0.45,0.45,244920,0.5,203320,2720,1632000
FINNIFTY02JAN2420850PE.NFO,02/01/2024,10:50:38,0.45,0.45,240240,0.5,207120,5200,1632000
FINNIFTY02JAN2420850PE.NFO,02/01/2024,10:50:48,0.45,0.45,240880,0.5,202360,4080,1624400
FINNIFTY02JAN2420850PE.NFO,02/01/2024,10:50:58,0.45,0.45,245920,0.5,188400,960,1624400
FINNIFTY02JAN2420850PE.NFO,02/01/2024,10:51:08,0.45,0.45,254840,0.5,198560,62120,1624400
FINNIFTY02JAN2420850PE.NFO,02/01/2024,10:51:18,0.45,0.45,255040,0.5,199520,2920,1624400
FINNIFTY02JAN2420850PE.NFO,02/01/2024,10:51:27,0.45,0.45,253880,0.5,207640,2120,1624400
FINNIFTY02JAN2420850PE.NFO,02/01/2024,10:51:37,0.45,0.45,253560,0.5,196880,7880,1624400
FINNIFTY02JAN2420850PE.NFO,02/01/2024,10:51:47,0.45,0.45,263560,0.5,202200,960,1624400
FINNIFTY02JAN2420850PE.NFO,02/01/2024,10:51:57,0.45,0.45,274320,0.5,203080,4920,1624400
FINNIFTY02JAN2420850PE.NFO,02/01/2024,10:52:07,0.45,0.45,282280,0.5,200920,3760,1624400
FINNIFTY02JAN2420850PE.NFO,02/01/2024,10:52:16,0.45,0.45,282120,0.5,202840,1000,1624400
FINNIFTY02JAN2420850PE.NFO,02/01/2024,10:52:26,0.45,0.45,281160,0.5,202200,720,1624400
FINNIFTY02JAN2420850PE.NFO,02/01/2024,10:52:36,0.45,0.45,260400,0.5,207040,7640,1624400
FINNIFTY02JAN2420850PE.NFO,02/01/2024,10:52:46,0.45,0.45,252760,0.5,205120,3720,1624400
FINNIFTY02JAN2420850PE.NFO,02/01/2024,10:52:55,0.5,0.45,258680,0.5,208160,9840,1624400
FINNIFTY02JAN2420850PE.NFO,02/01/2024,10:53:05,0.5,0.45,258840,0.5,204400,4640,1624400
FINNIFTY02JAN2420850PE.NFO,02/01/2024,10:53:15,0.45,0.45,257280,0.5,204640,9120,1624400
FINNIFTY02JAN2420850PE.NFO,02/01/2024,10:53:24,0.45,0.45,259040,0.5,204600,5400,1624400
FINNIFTY02JAN2420850PE.NFO,02/01/2024,10:53:34,0.45,0.45,258760,0.5,211640,120,1624400
FINNIFTY02JAN2420850PE.NFO,02/01/2024,10:53:44,0.45,0.45,259080,0.5,210360,0,1624400
FINNIFTY02JAN2420850PE.NFO,02/01/2024,10:53:53,0.45,0.45,260600,0.5,210520,4960,1662080
FINNIFTY02JAN2420850PE.NFO,02/01/2024,10:54:03,0.45,0.45,262240,0.5,210800,880,1662080
FINNIFTY02JAN2420850PE.NFO,02/01/2024,10:54:12,0.45,0.45,261840,0.5,224560,2240,1662080
FINNIFTY02JAN2420850PE.NFO,02/01/2024,10:54:22,0.5,0.45,281760,0.5,220960,39000,1662080
FINNIFTY02JAN2420850PE.NFO,02/01/2024,10:54:31,0.5,0.45,285960,0.5,222120,1800,1662080
FINNIFTY02JAN2420850PE.NFO,02/01/2024,10:54:40,0.45,0.45,274960,0.5,223360,4440,1662080
FINNIFTY02JAN2420850PE.NFO,02/01/2024,10:54:50,0.45,0.45,274320,0.5,229600,3240,1662080
FINNIFTY02JAN2420850PE.NFO,02/01/2024,10:54:59,0.45,0.45,265360,0.5,226680,1960,1662080
FINNIFTY02JAN2420850PE.NFO,02/01/2024,10:55:09,0.45,0.45,267480,0.5,222720,6360,1662080
FINNIFTY02JAN2420850PE.NFO,02/01/2024,10:55:18,0.45,0.45,266840,0.5,222360,2440,1662080
FINNIFTY02JAN2420850PE.NFO,02/01/2024,10:55:26,0.45,0.45,267480,0.5,223200,4920,1662080
FINNIFTY02JAN2420850PE.NFO,02/01/2024,10:55:37,0.45,0.45,267400,0.5,221440,1640,1662080
FINNIFTY02JAN2420850PE.NFO,02/01/2024,10:55:46,0.45,0.45,267640,0.5,221920,4120,1662080
FINNIFTY02JAN2420850PE.NFO,02/01/2024,10:55:56,0.45,0.45,267600,0.5,224640,7400,1662080
FINNIFTY02JAN2420850PE.NFO,02/01/2024,10:56:05,0.45,0.45,285680,0.5,224520,6080,1662080
FINNIFTY02JAN2420850PE.NFO,02/01/2024,10:56:14,0.45,0.45,285640,0.5,224480,11920,1662080
FINNIFTY02JAN2420850PE.NFO,02/01/2024,10:56:24,0.45,0.45,299880,0.5,228480,5840,1662080
FINNIFTY02JAN2420850PE.NFO,02/01/2024,10:56:33,0.45,0.45,284920,0.5,225480,3400,1662080
FINNIFTY02JAN2420850PE.NFO,02/01/2024,10:56:42,0.5,0.45,297920,0.5,230520,1960,1704280
FINNIFTY02JAN2420850PE.NFO,02/01/2024,10:56:52,0.45,0.45,298920,0.5,227320,2760,1704280
FINNIFTY02JAN2420850PE.NFO,02/01/2024,10:57:03,0.5,0.45,302160,0.5,215880,1120,1704280
FINNIFTY02JAN2420850PE.NFO,02/01/2024,10:57:12,0.45,0.45,302200,0.5,216000,40,1704280
FINNIFTY02JAN2420850PE.NFO,02/01/2024,10:57:22,0.45,0.45,297960,0.5,220720,1080,1704280
FINNIFTY02JAN2420850PE.NFO,02/01/2024,10:57:32,0.45,0.45,300080,0.5,221080,520,1704280
FINNIFTY02JAN2420850PE.NFO,02/01/2024,10:57:42,0.45,0.45,299400,0.5,221640,440,1704280
FINNIFTY02JAN2420850PE.NFO,02/01/2024,10:57:51,0.45,0.45,298160,0.5,218480,4680,1704280
FINNIFTY02JAN2420850PE.NFO,02/01/2024,10:58:01,0.45,0.45,296640,0.5,217800,1880,1704280
FINNIFTY02JAN2420850PE.NFO,02/01/2024,10:58:11,0.45,0.45,292720,0.5,211880,10640,1704280
FINNIFTY02JAN2420850PE.NFO,02/01/2024,10:58:20,0.5,0.45,292720,0.5,212720,40,1704280
FINNIFTY02JAN2420850PE.NFO,02/01/2024,10:58:29,0.45,0.45,292200,0.5,211920,1200,1704280
FINNIFTY02JAN2420850PE.NFO,02/01/2024,10:58:39,0.45,0.45,289680,0.5,211920,2520,1704280
FINNIFTY02JAN2420850PE.NFO,02/01/2024,10:58:48,0.5,0.45,290880,0.5,211480,2600,1704280
FINNIFTY02JAN2420850PE.NFO,02/01/2024,10:58:57,0.45,0.45,289920,0.5,213320,960,1704280
FINNIFTY02JAN2420850PE.NFO,02/01/2024,10:59:07,0.45,0.45,288680,0.5,214240,2840,1704280
FINNIFTY02JAN2420850PE.NFO,02/01/2024,10:59:17,0.45,0.45,264320,0.5,231000,38600,1704280
FINNIFTY02JAN2420850PE.NFO,02/01/2024,10:59:27,0.45,0.45,216080,0.5,260760,54880,1704280
FINNIFTY02JAN2420850PE.NFO,02/01/2024,10:59:37,0.45,0.45,210440,0.5,261000,23400,1704280
FINNIFTY02JAN2420850PE.NFO,02/01/2024,10:59:47,0.5,0.45,201680,0.5,262880,12760,1687400
FINNIFTY02JAN2420850PE.NFO,02/01/2024,10:59:57,0.5,0.45,201680,0.5,262680,40,1687400
FINNIFTY02JAN2420850PE.NFO,02/01/2024,11:00:07,0.45,0.45,195600,0.5,261600,5520,1687400
FINNIFTY02JAN2420850PE.NFO,02/01/2024,11:00:17,0.45,0.45,198600,0.5,257800,1400,1687400
FINNIFTY02JAN2420850PE.NFO,02/01/2024,11:00:26,0.45,0.45,197800,0.5,254720,960,1687400
FINNIFTY02JAN2420850PE.NFO,02/01/2024,11:00:36,0.45,0.45,194640,0.5,243560,2320,1687400
FINNIFTY02JAN2420850PE.NFO,02/01/2024,11:00:45,0.45,0.45,170760,0.5,243960,12600,1687400
FINNIFTY02JAN2420850PE.NFO,02/01/2024,11:00:55,0.45,0.45,184920,0.5,238840,600,1687400
FINNIFTY02JAN2420850PE.NFO,02/01/2024,11:01:04,0.45,0.45,186360,0.5,239680,4120,1687400
FINNIFTY02JAN2420850PE.NFO,02/01/2024,11:01:14,0.45,0.45,193240,0.5,237360,5080,1687400
FINNIFTY02JAN2420850PE.NFO,02/01/2024,11:01:23,0.45,0.45,221000,0.5,241000,3520,1687400
FINNIFTY02JAN2420850PE.NFO,02/01/2024,11:01:33,0.5,0.45,222960,0.5,233960,1240,1687400
FINNIFTY02JAN2420850PE.NFO,02/01/2024,11:01:43,0.5,0.45,221440,0.5,241000,1600,1687400
FINNIFTY02JAN2420850PE.NFO,02/01/2024,11:01:52,0.5,0.45,224280,0.5,238640,6080,1687400
FINNIFTY02JAN2420850PE.NFO,02/01/2024,11:02:02,0.5,0.45,324280,0.5,239000,440,1687400
FINNIFTY02JAN2420850PE.NFO,02/01/2024,11:02:12,0.5,0.45,323960,0.5,243040,0,1687400
FINNIFTY02JAN2420850PE.NFO,02/01/2024,11:02:21,0.45,0.45,324280,0.5,240800,2240,1687400
FINNIFTY02JAN2420850PE.NFO,02/01/2024,11:02:31,0.45,0.45,325760,0.5,243480,0,1687400
FINNIFTY02JAN2420850PE.NFO,02/01/2024,11:02:40,0.5,0.45,325760,0.5,242720,600,1687400
FINNIFTY02JAN2420850PE.NFO,02/01/2024,11:02:49,0.5,0.45,326160,0.5,242880,400,1704680
FINNIFTY02JAN2420850PE.NFO,02/01/2024,11:02:59,0.5,0.45,327040,0.5,242520,600,1704680
FINNIFTY02JAN2420850PE.NFO,02/01/2024,11:03:08,0.5,0.45,328200,0.5,281480,3960,1704680
FINNIFTY02JAN2420850PE.NFO,02/01/2024,11:03:18,0.45,0.45,326480,0.5,282280,520,1704680
FINNIFTY02JAN2420850PE.NFO,02/01/2024,11:03:27,0.45,0.45,326480,0.5,282280,0,1704680
FINNIFTY02JAN2420850PE.NFO,02/01/2024,11:03:45,0.45,0.45,322120,0.5,282280,3800,1704680
FINNIFTY02JAN2420850PE.NFO,02/01/2024,11:03:54,0.45,0.45,381960,0.5,281160,2520,1704680
FINNIFTY02JAN2420850PE.NFO,02/01/2024,11:04:03,0.45,0.45,376400,0.5,277440,22720,1704680
FINNIFTY02JAN2420850PE.NFO,02/01/2024,11:04:13,0.5,0.45,372560,0.5,281400,2400,1704680
FINNIFTY02JAN2420850PE.NFO,02/01/2024,11:04:22,0.45,0.45,309440,0.5,280360,2440,1704680
FINNIFTY02JAN2420850PE.NFO,02/01/2024,11:04:32,0.45,0.45,155960,0.5,282160,9120,1704680
FINNIFTY02JAN2420850PE.NFO,02/01/2024,11:04:41,0.45,0.45,131280,0.5,280760,22440,1704680
FINNIFTY02JAN2420850PE.NFO,02/01/2024,11:04:50,0.4,0.4,360440,0.45,285440,72920,1704680
FINNIFTY02JAN2420850PE.NFO,02/01/2024,11:04:59,0.4,0.4,376480,0.45,285480,11320,1704680
FINNIFTY02JAN2420850PE.NFO,02/01/2024,11:05:08,0.4,0.4,361520,0.45,293600,17800,1704680
FINNIFTY02JAN2420850PE.NFO,02/01/2024,11:05:18,0.4,0.4,353680,0.45,293400,17160,1704680
FINNIFTY02JAN2420850PE.NFO,02/01/2024,11:05:27,0.45,0.4,351720,0.45,280360,42640,1704680
FINNIFTY02JAN2420850PE.NFO,02/01/2024,11:05:36,0.45,0.4,360960,0.45,280480,28800,1704680
FINNIFTY02JAN2420850PE.NFO,02/01/2024,11:05:46,0.45,0.4,318040,0.45,309920,77480,1677800
FINNIFTY02JAN2420850PE.NFO,02/01/2024,11:05:55,0.45,0.4,309360,0.45,316920,27760,1677800
FINNIFTY02JAN2420850PE.NFO,02/01/2024,11:06:05,0.45,0.4,296480,0.45,328840,47680,1677800
FINNIFTY02JAN2420850PE.NFO,02/01/2024,11:06:14,0.45,0.4,288080,0.45,317960,38240,1677800
FINNIFTY02JAN2420850PE.NFO,02/01/2024,11:06:24,0.45,0.4,286680,0.45,313320,13240,1677800
FINNIFTY02JAN2420850PE.NFO,02/01/2024,11:06:33,0.45,0.4,286680,0.45,308120,4080,1677800
FINNIFTY02JAN2420850PE.NFO,02/01/2024,11:06:43,0.45,0.4,286680,0.45,311000,40,1677800
FINNIFTY02JAN2420850PE.NFO,02/01/2024,11:06:52,0.5,0.45,424600,0.5,170840,267200,1677800
FINNIFTY02JAN2420850PE.NFO,02/01/2024,11:07:02,0.45,0.45,476760,0.5,220960,2360,1677800
FINNIFTY02JAN2420850PE.NFO,02/01/2024,11:07:12,0.45,0.45,475560,0.5,220400,1000,1677800
FINNIFTY02JAN2420850PE.NFO,02/01/2024,11:07:21,0.45,0.45,476360,0.5,197840,13040,1677800
FINNIFTY02JAN2420850PE.NFO,02/01/2024,11:07:30,0.45,0.45,429160,0.5,240240,118840,1677800
FINNIFTY02JAN2420850PE.NFO,02/01/2024,11:07:39,0.45,0.45,204400,0.5,246040,0,1677800
FINNIFTY02JAN2420850PE.NFO,02/01/2024,11:07:48,0.5,0.45,209520,0.5,252200,15720,1677800
FINNIFTY02JAN2420850PE.NFO,02/01/2024,11:07:58,0.45,0.45,200600,0.5,259520,9400,1677800
FINNIFTY02JAN2420850PE.NFO,02/01/2024,11:08:07,0.45,0.4,449760,0.45,182760,143000,1677800
FINNIFTY02JAN2420850PE.NFO,02/01/2024,11:08:16,0.45,0.4,464200,0.45,203000,0,1677800
FINNIFTY02JAN2420850PE.NFO,02/01/2024,11:08:25,0.45,0.4,463000,0.45,201760,2600,1677800
FINNIFTY02JAN2420850PE.NFO,02/01/2024,11:08:34,0.45,0.4,463000,0.45,199440,1800,1677800
FINNIFTY02JAN2420850PE.NFO,02/01/2024,11:08:44,0.4,0.4,461560,0.45,201160,1440,1677800
FINNIFTY02JAN2420850PE.NFO,02/01/2024,11:08:53,0.45,0.4,464280,0.45,194800,27360,1716120
FINNIFTY02JAN2420850PE.NFO,02/01/2024,11:09:03,0.45,0.4,483240,0.45,189120,72720,1716120
FINNIFTY02JAN2420850PE.NFO,02/01/2024,11:09:12,0.5,0.45,233800,0.5,208000,170200,1716120
FINNIFTY02JAN2420850PE.NFO,02/01/2024,11:09:21,0.5,0.45,235600,0.5,209040,5800,1716120
FINNIFTY02JAN2420850PE.NFO,02/01/2024,11:09:30,0.5,0.45,229400,0.5,206760,1800,1716120
FINNIFTY02JAN2420850PE.NFO,02/01/2024,11:09:40,0.5,0.45,229400,0.5,207200,200,1716120
FINNIFTY02JAN2420850PE.NFO,02/01/2024,11:09:49,0.5,0.45,232160,0.5,186440,17000,1716120
FINNIFTY02JAN2420850PE.NFO,02/01/2024,11:09:59,0.5,0.45,193960,0.5,157800,19720,1716120
FINNIFTY02JAN2420850PE.NFO,02/01/2024,11:10:08,0.5,0.45,193160,0.5,158400,16120,1716120
FINNIFTY02JAN2420850PE.NFO,02/01/2024,11:10:17,0.5,0.45,203320,0.5,166600,16880,1716120
FINNIFTY02JAN2420850PE.NFO,02/01/2024,11:10:26,0.5,0.45,205720,0.5,156040,17600,1716120
FINNIFTY02JAN2420850PE.NFO,02/01/2024,11:10:36,0.5,0.45,207280,0.5,151120,26680,1716120
FINNIFTY02JAN2420850PE.NFO,02/01/2024,11:10:45,0.5,0.45,206680,0.5,124600,15200,1716120
FINNIFTY02JAN2420850PE.NFO,02/01/2024,11:10:54,0.5,0.45,199480,0.5,121080,200,1716120
FINNIFTY02JAN2420850PE.NFO,02/01/2024,11:11:03,0.5,0.45,206680,0.5,119440,5400,1716120
FINNIFTY02JAN2420850PE.NFO,02/01/2024,11:11:12,0.5,0.45,205000,0.5,117160,840,1716120
FINNIFTY02JAN2420850PE.NFO,02/01/2024,11:11:22,0.45,0.45,206000,0.5,120560,4800,1716120
FINNIFTY02JAN2420850PE.NFO,02/01/2024,11:11:31,0.5,0.45,206040,0.5,120440,80,1716120
FINNIFTY02JAN2420850PE.NFO,02/01/2024,11:11:40,0.45,0.45,206000,0.5,120240,280,1716120
FINNIFTY02JAN2420850PE.NFO,02/01/2024,11:11:49,0.5,0.45,206000,0.5,118160,5640,1834040
FINNIFTY02JAN2420850PE.NFO,02/01/2024,11:11:57,0.5,0.45,205120,0.5,118880,200,1834040
FINNIFTY02JAN2420850PE.NFO,02/01/2024,11:12:07,0.5,0.45,202240,0.5,132240,1400,1834040
FINNIFTY02JAN2420850PE.NFO,02/01/2024,11:12:16,0.5,0.45,221400,0.5,110280,20960,1834040
FINNIFTY02JAN2420850PE.NFO,02/01/2024,11:12:25,0.55,0.5,275440,0.55,124040,77040,1834040
FINNIFTY02JAN2420850PE.NFO,02/01/2024,11:12:34,0.5,0.5,276760,0.55,141040,1080,1834040
FINNIFTY02JAN2420850PE.NFO,02/01/2024,11:12:44,0.55,0.5,249680,0.55,155000,2880,1834040
FINNIFTY02JAN2420850PE.NFO,02/01/2024,11:12:52,0.55,0.5,234480,0.55,132640,18280,1834040
FINNIFTY02JAN2420850PE.NFO,02/01/2024,11:13:01,0.55,0.55,323360,0.6,121600,61440,1834040
FINNIFTY02JAN2420850PE.NFO,02/01/2024,11:13:11,0.6,0.55,324680,0.6,130560,6160,1834040
FINNIFTY02JAN2420850PE.NFO,02/01/2024,11:13:20,0.6,0.55,325960,0.6,104200,800,1834040
FINNIFTY02JAN2420850PE.NFO,02/01/2024,11:13:30,0.6,0.55,320160,0.6,101040,10400,1834040
FINNIFTY02JAN2420850PE.NFO,02/01/2024,11:13:41,0.55,0.55,327800,0.6,118040,7880,1834040
FINNIFTY02JAN2420850PE.NFO,02/01/2024,11:13:51,0.6,0.55,324800,0.6,121160,3640,1834040
FINNIFTY02JAN2420850PE.NFO,02/01/2024,11:14:01,0.6,0.55,324040,0.6,120920,2760,1834040
FINNIFTY02JAN2420850PE.NFO,02/01/2024,11:14:10,0.6,0.55,323920,0.6,139560,2000,1834040
FINNIFTY02JAN2420850PE.NFO,02/01/2024,11:14:20,0.6,0.55,324800,0.6,141360,600,1834040
FINNIFTY02JAN2420850PE.NFO,02/01/2024,11:14:29,0.6,0.55,323320,0.6,141560,1600,1834040
FINNIFTY02JAN2420850PE.NFO,02/01/2024,11:14:38,0.55,0.55,322800,0.6,141040,2440,1834040
FINNIFTY02JAN2420850PE.NFO,02/01/2024,11:14:48,0.6,0.55,323840,0.6,148560,13640,1902920
FINNIFTY02JAN2420850PE.NFO,02/01/2024,11:14:57,0.6,0.55,323280,0.6,149760,2920,1902920
FINNIFTY02JAN2420850PE.NFO,02/01/2024,11:15:07,0.55,0.55,245040,0.6,149600,10800,1902920
FINNIFTY02JAN2420850PE.NFO,02/01/2024,11:15:18,0.65,0.6,247320,0.65,117160,127440,1902920
FINNIFTY02JAN2420850PE.NFO,02/01/2024,11:15:27,0.65,0.6,222360,0.65,97920,5440,1902920
FINNIFTY02JAN2420850PE.NFO,02/01/2024,11:15:37,0.6,0.6,223600,0.65,93720,8480,1902920
FINNIFTY02JAN2420850PE.NFO,02/01/2024,11:15:48,0.7,0.7,174880,0.75,75800,138680,1902920
FINNIFTY02JAN2420850PE.NFO,02/01/2024,11:15:48,0.75,0.7,174880,0.75,75800,0,1902920
FINNIFTY02JAN2420850PE.NFO,02/01/2024,11:15:58,0.75,0.7,173200,0.75,78960,4680,1902920
FINNIFTY02JAN2420850PE.NFO,02/01/2024,11:16:08,0.7,0.7,185440,0.75,111640,18040,1902920
FINNIFTY02JAN2420850PE.NFO,02/01/2024,11:16:18,0.7,0.7,180480,0.75,117360,11240,1902920
FINNIFTY02JAN2420850PE.NFO,02/01/2024,11:16:28,0.75,0.7,137800,0.75,118240,71400,1902920
FINNIFTY02JAN2420850PE.NFO,02/01/2024,11:16:37,0.7,0.7,114400,0.75,114560,16280,1902920
FINNIFTY02JAN2420850PE.NFO,02/01/2024,11:16:47,0.7,0.65,116880,0.7,216040,92080,1902920
FINNIFTY02JAN2420850PE.NFO,02/01/2024,11:16:56,0.7,0.65,124840,0.7,189000,12280,1902920
FINNIFTY02JAN2420850PE.NFO,02/01/2024,11:17:06,0.65,0.65,122080,0.7,194400,8600,1902920
FINNIFTY02JAN2420850PE.NFO,02/01/2024,11:17:15,0.7,0.65,124920,0.7,204080,1680,1902920
FINNIFTY02JAN2420850PE.NFO,02/01/2024,11:17:24,0.7,0.65,121640,0.7,210880,16720,1902920
FINNIFTY02JAN2420850PE.NFO,02/01/2024,11:17:34,0.65,0.65,143120,0.7,209960,8400,1902920
FINNIFTY02JAN2420850PE.NFO,02/01/2024,11:17:43,0.7,0.65,79760,0.7,213000,38120,1902920
FINNIFTY02JAN2420850PE.NFO,02/01/2024,11:17:53,0.65,0.6,138640,0.65,28240,54720,1933320
FINNIFTY02JAN2420850PE.NFO,02/01/2024,11:18:02,0.6,0.6,134200,0.65,28520,9600,1933320
FINNIFTY02JAN2420850PE.NFO,02/01/2024,11:18:12,0.6,0.6,122160,0.65,79600,5880,1933320
FINNIFTY02JAN2420850PE.NFO,02/01/2024,11:18:21,0.65,0.6,122520,0.65,76840,4480,1933320
FINNIFTY02JAN2420850PE.NFO,02/01/2024,11:18:30,0.65,0.6,116280,0.65,83040,6160,1933320
FINNIFTY02JAN2420850PE.NFO,02/01/2024,11:18:40,0.65,0.6,97000,0.65,84520,27200,1933320
FINNIFTY02JAN2420850PE.NFO,02/01/2024,11:18:49,0.65,0.6,98040,0.65,92280,5680,1933320
FINNIFTY02JAN2420850PE.NFO,02/01/2024,11:18:58,0.6,0.6,97480,0.65,108840,5800,1933320
FINNIFTY02JAN2420850PE.NFO,02/01/2024,11:19:07,0.65,0.6,97680,0.65,108880,2360,1933320
FINNIFTY02JAN2420850PE.NFO,02/01/2024,11:19:16,0.65,0.6,96160,0.65,108480,12440,1933320
FINNIFTY02JAN2420850PE.NFO,02/01/2024,11:19:25,0.65,0.6,96160,0.65,124040,440,1933320
FINNIFTY02JAN2420850PE.NFO,02/01/2024,11:19:34,0.6,0.6,67120,0.65,124080,1400,1933320
FINNIFTY02JAN2420850PE.NFO,02/01/2024,11:19:43,0.65,0.6,97880,0.65,121920,2560,1933320
FINNIFTY02JAN2420850PE.NFO,02/01/2024,11:19:52,0.65,0.6,102760,0.65,122480,8440,1933320
FINNIFTY02JAN2420850PE.NFO,02/01/2024,11:20:01,0.65,0.6,105880,0.65,113160,9320,1933320
FINNIFTY02JAN2420850PE.NFO,02/01/2024,11:20:10,0.65,0.6,107600,0.65,92720,17880,1933320
FINNIFTY02JAN2420850PE.NFO,02/01/2024,11:20:19,0.65,0.6,116680,0.65,78440,30560,1933320
FINNIFTY02JAN2420850PE.NFO,02/01/2024,11:20:29,0.7,0.65,138280,0.7,158520,51280,1933320
FINNIFTY02JAN2420850PE.NFO,02/01/2024,11:20:38,0.7,0.65,111840,0.7,168720,7920,1933320
FINNIFTY02JAN2420850PE.NFO,02/01/2024,11:20:47,0.7,0.65,107040,0.7,155680,25720,1952440
FINNIFTY02JAN2420850PE.NFO,02/01/2024,11:20:56,0.7,0.65,107840,0.7,138440,18720,1952440
FINNIFTY02JAN2420850PE.NFO,02/01/2024,11:21:05,0.7,0.65,106640,0.7,136600,25840,1952440
FINNIFTY02JAN2420850PE.NFO,02/01/2024,11:21:15,0.65,0.65,106000,0.7,133240,6320,1952440
FINNIFTY02JAN2420850PE.NFO,02/01/2024,11:21:24,0.65,0.65,101960,0.7,130720,4240,1952440
FINNIFTY02JAN2420850PE.NFO,02/01/2024,11:21:34,0.7,0.65,140520,0.7,127240,3160,1952440
FINNIFTY02JAN2420850PE.NFO,02/01/2024,11:21:43,0.7,0.65,110680,0.7,124880,12320,1952440
FINNIFTY02JAN2420850PE.NFO,02/01/2024,11:21:52,0.7,0.65,107960,0.7,115040,14640,1952440
FINNIFTY02JAN2420850PE.NFO,02/01/2024,11:22:02,0.7,0.65,104240,0.7,102400,19560,1952440
FINNIFTY02JAN2420850PE.NFO,02/01/2024,11:22:11,0.65,0.65,107920,0.7,107680,6320,1952440
FINNIFTY02JAN2420850PE.NFO,02/01/2024,11:22:21,0.7,0.65,107320,0.7,101080,15000,1952440
FINNIFTY02JAN2420850PE.NFO,02/01/2024,11:22:31,0.7,0.65,106040,0.7,115000,16080,1952440
FINNIFTY02JAN2420850PE.NFO,02/01/2024,11:22:41,0.65,0.65,113840,0.7,115000,1000,1952440
FINNIFTY02JAN2420850PE.NFO,02/01/2024,11:22:50,0.7,0.65,120480,0.7,126560,36200,1952440
FINNIFTY02JAN2420850PE.NFO,02/01/2024,11:23:00,0.7,0.65,109680,0.7,132920,23680,1952440
FINNIFTY02JAN2420850PE.NFO,02/01/2024,11:23:09,0.7,0.65,85800,0.7,134400,17840,1952440
FINNIFTY02JAN2420850PE.NFO,02/01/2024,11:23:18,0.65,0.65,103360,0.7,129400,27640,1952440
FINNIFTY02JAN2420850PE.NFO,02/01/2024,11:23:27,0.7,0.65,110240,0.7,130480,3520,1952440
FINNIFTY02JAN2420850PE.NFO,02/01/2024,11:23:36,0.65,0.6,171600,0.65,129000,58320,1952440
FINNIFTY02JAN2420850PE.NFO,02/01/2024,11:23:46,0.65,0.6,168440,0.65,130400,2600,1952440
FINNIFTY02JAN2420850PE.NFO,02/01/2024,11:23:55,0.65,0.6,169200,0.65,138360,1840,2079920
FINNIFTY02JAN2420850PE.NFO,02/01/2024,11:24:04,0.6,0.6,122080,0.65,132480,21120,2079920
FINNIFTY02JAN2420850PE.NFO,02/01/2024,11:24:13,0.6,0.55,143880,0.6,66120,75080,2079920
FINNIFTY02JAN2420850PE.NFO,02/01/2024,11:24:22,0.65,0.6,89280,0.65,110240,38160,2079920
FINNIFTY02JAN2420850PE.NFO,02/01/2024,11:24:31,0.6,0.6,89000,0.65,120160,6440,2079920
FINNIFTY02JAN2420850PE.NFO,02/01/2024,11:24:41,0.65,0.6,91480,0.65,109640,9160,2079920
FINNIFTY02JAN2420850PE.NFO,02/01/2024,11:24:49,0.55,0.55,141360,0.6,102040,40680,2079920
FINNIFTY02JAN2420850PE.NFO,02/01/2024,11:24:59,0.6,0.55,126160,0.6,101240,1800,2079920
FINNIFTY02JAN2420850PE.NFO,02/01/2024,11:25:08,0.6,0.55,128160,0.6,100360,2360,2079920
FINNIFTY02JAN2420850PE.NFO,02/01/2024,11:25:17,0.6,0.55,135000,0.6,102440,1000,2079920
FINNIFTY02JAN2420850PE.NFO,02/01/2024,11:25:26,0.55,0.55,133720,0.6,102520,1000,2079920
FINNIFTY02JAN2420850PE.NFO,02/01/2024,11:25:36,0.6,0.55,136440,0.6,103160,4200,2079920
FINNIFTY02JAN2420850PE.NFO,02/01/2024,11:25:45,0.6,0.55,137440,0.6,103280,4920,2079920
FINNIFTY02JAN2420850PE.NFO,02/01/2024,11:25:54,0.55,0.55,134200,0.6,103200,2200,2079920
FINNIFTY02JAN2420850PE.NFO,02/01/2024,11:26:04,0.55,0.55,131200,0.6,102680,2560,2079920
FINNIFTY02JAN2420850PE.NFO,02/01/2024,11:26:13,0.55,0.55,121000,0.6,102960,5400,2079920
FINNIFTY02JAN2420850PE.NFO,02/01/2024,11:26:22,0.55,0.55,121960,0.6,103840,0,2079920
FINNIFTY02JAN2420850PE.NFO,02/01/2024,11:26:32,0.55,0.55,113760,0.6,104760,3640,2079920
FINNIFTY02JAN2420850PE.NFO,02/01/2024,11:26:41,0.55,0.55,101560,0.6,105920,29040,2079920
FINNIFTY02JAN2420850PE.NFO,02/01/2024,11:26:51,0.55,0.55,90040,0.6,117240,19200,2087960
FINNIFTY02JAN2420850PE.NFO,02/01/2024,11:27:00,0.55,0.55,50760,0.6,118680,16680,2087960
FINNIFTY02JAN2420850PE.NFO,02/01/2024,11:27:09,0.55,0.55,99720,0.6,120400,4920,2087960
FINNIFTY02JAN2420850PE.NFO,02/01/2024,11:27:18,0.55,0.55,81800,0.6,120960,10240,2087960
FINNIFTY02JAN2420850PE.NFO,02/01/2024,11:27:27,0.55,0.55,42680,0.6,120560,16280,2087960
FINNIFTY02JAN2420850PE.NFO,02/01/2024,11:27:36,0.55,0.5,138920,0.55,133040,43120,2087960
FINNIFTY02JAN2420850PE.NFO,02/01/2024,11:27:46,0.55,0.5,129320,0.55,127360,13240,2087960
FINNIFTY02JAN2420850PE.NFO,02/01/2024,11:27:55,0.55,0.5,132360,0.55,127760,1640,2087960
FINNIFTY02JAN2420850PE.NFO,02/01/2024,11:28:04,0.55,0.5,133040,0.55,129240,1600,2087960
FINNIFTY02JAN2420850PE.NFO,02/01/2024,11:28:13,0.55,0.5,132120,0.55,131640,1840,2087960
FINNIFTY02JAN2420850PE.NFO,02/01/2024,11:28:22,0.55,0.5,126320,0.55,140640,5040,2087960
FINNIFTY02JAN2420850PE.NFO,02/01/2024,11:28:31,0.55,0.5,185360,0.55,140200,1320,2087960
FINNIFTY02JAN2420850PE.NFO,02/01/2024,11:28:41,0.5,0.5,191400,0.55,144360,2560,2087960
FINNIFTY02JAN2420850PE.NFO,02/01/2024,11:28:50,0.5,0.5,186480,0.55,144360,0,2087960
FINNIFTY02JAN2420850PE.NFO,02/01/2024,11:28:58,0.5,0.5,121640,0.55,145160,7320,2087960
FINNIFTY02JAN2420850PE.NFO,02/01/2024,11:29:07,0.55,0.5,113440,0.55,144440,400,2087960
FINNIFTY02JAN2420850PE.NFO,02/01/2024,11:29:17,0.55,0.5,111800,0.55,144640,200,2087960
FINNIFTY02JAN2420850PE.NFO,02/01/2024,11:29:26,0.5,0.5,99360,0.55,146440,200,2087960
FINNIFTY02JAN2420850PE.NFO,02/01/2024,11:29:35,0.55,0.5,81560,0.55,138200,8240,2087960
FINNIFTY02JAN2420850PE.NFO,02/01/2024,11:29:45,0.5,0.5,66800,0.55,144680,17920,2087960
FINNIFTY02JAN2420850PE.NFO,02/01/2024,11:29:53,0.5,0.5,172240,0.55,133680,39720,2070360
FINNIFTY02JAN2420850PE.NFO,02/01/2024,11:30:02,0.5,0.5,145800,0.55,139920,3560,2070360
FINNIFTY02JAN2420850PE.NFO,02/01/2024,11:30:12,0.55,0.5,146440,0.55,139080,1400,2070360
FINNIFTY02JAN2420850PE.NFO,02/01/2024,11:30:21,0.55,0.5,145960,0.55,138600,1240,2070360
FINNIFTY02JAN2420850PE.NFO,02/01/2024,11:30:29,0.55,0.5,146040,0.55,137960,760,2070360
FINNIFTY02JAN2420850PE.NFO,02/01/2024,11:30:38,0.5,0.5,143640,0.55,146240,3760,2070360
FINNIFTY02JAN2420850PE.NFO,02/01/2024,11:30:47,0.5,0.5,85160,0.55,139240,18040,2070360
FINNIFTY02JAN2420850PE.NFO,02/01/2024,11:30:56,0.5,0.5,97640,0.55,138120,17080,2070360
FINNIFTY02JAN2420850PE.NFO,02/01/2024,11:31:05,0.5,0.5,64360,0.55,137160,14960,2070360
FINNIFTY02JAN2420850PE.NFO,02/01/2024,11:31:14,0.5,0.45,298040,0.5,150640,44360,2070360
FINNIFTY02JAN2420850PE.NFO,02/01/2024,11:31:23,0.5,0.45,306040,0.5,150560,1240,2070360
FINNIFTY02JAN2420850PE.NFO,02/01/2024,11:31:32,0.5,0.45,304240,0.5,151040,200,2070360
FINNIFTY02JAN2420850PE.NFO,02/01/2024,11:31:41,0.5,0.45,306000,0.5,151360,1000,2070360
FINNIFTY02JAN2420850PE.NFO,02/01/2024,11:31:50,0.5,0.45,307520,0.5,152520,4000,2070360
FINNIFTY02JAN2420850PE.NFO,02/01/2024,11:31:59,0.5,0.45,307680,0.5,155280,2160,2070360
FINNIFTY02JAN2420850PE.NFO,02/01/2024,11:32:09,0.5,0.45,312280,0.5,88360,41680,2070360
FINNIFTY02JAN2420850PE.NFO,02/01/2024,11:32:18,0.5,0.45,312600,0.5,159200,28520,2070360
FINNIFTY02JAN2420850PE.NFO,02/01/2024,11:32:27,0.5,0.45,314800,0.5,173080,1520,2070360
FINNIFTY02JAN2420850PE.NFO,02/01/2024,11:32:36,0.5,0.45,311440,0.5,173840,3760,2070360
FINNIFTY02JAN2420850PE.NFO,02/01/2024,11:32:45,0.5,0.45,314480,0.5,174280,5400,2070360
FINNIFTY02JAN2420850PE.NFO,02/01/2024,11:32:54,0.5,0.45,314440,0.5,173080,7760,2039480
FINNIFTY02JAN2420850PE.NFO,02/01/2024,11:33:03,0.5,0.45,313040,0.5,172760,2160,2039480
FINNIFTY02JAN2420850PE.NFO,02/01/2024,11:33:12,0.5,0.45,312240,0.5,169440,1880,2039480
FINNIFTY02JAN2420850PE.NFO,02/01/2024,11:33:21,0.5,0.45,313360,0.5,177040,4480,2039480
FINNIFTY02JAN2420850PE.NFO,02/01/2024,11:33:30,0.5,0.45,315040,0.5,174560,2960,2039480
FINNIFTY02JAN2420850PE.NFO,02/01/2024,11:33:39,0.5,0.45,313000,0.5,176720,5360,2039480
FINNIFTY02JAN2420850PE.NFO,02/01/2024,11:33:47,0.5,0.45,315280,0.5,172760,40,2039480
FINNIFTY02JAN2420850PE.NFO,02/01/2024,11:33:56,0.45,0.45,311640,0.5,173600,3000,2039480
FINNIFTY02JAN2420850PE.NFO,02/01/2024,11:34:05,0.5,0.45,311000,0.5,169840,3400,2039480
FINNIFTY02JAN2420850PE.NFO,02/01/2024,11:34:14,0.5,0.45,311800,0.5,170200,0,2039480
FINNIFTY02JAN2420850PE.NFO,02/01/2024,11:34:23,0.5,0.45,311800,0.5,164840,5400,2039480
FINNIFTY02JAN2420850PE.NFO,02/01/2024,11:34:32,0.5,0.45,312200,0.5,171760,80,2039480
FINNIFTY02JAN2420850PE.NFO,02/01/2024,11:34:42,0.45,0.45,310200,0.5,170160,3240,2039480
FINNIFTY02JAN2420850PE.NFO,02/01/2024,11:34:51,0.5,0.45,307240,0.5,164360,1400,2039480
FINNIFTY02JAN2420850PE.NFO,02/01/2024,11:35:00,0.5,0.45,308440,0.5,165200,40,2039480
FINNIFTY02JAN2420850PE.NFO,02/01/2024,11:35:08,0.5,0.45,308360,0.5,162920,2320,2039480
FINNIFTY02JAN2420850PE.NFO,02/01/2024,11:35:18,0.5,0.45,309200,0.5,159440,3040,2039480
FINNIFTY02JAN2420850PE.NFO,02/01/2024,11:35:27,0.5,0.45,309000,0.5,158360,40,2039480
FINNIFTY02JAN2420850PE.NFO,02/01/2024,11:35:36,0.5,0.45,308560,0.5,163880,160,2039480
FINNIFTY02JAN2420850PE.NFO,02/01/2024,11:35:45,0.5,0.45,308720,0.5,163440,120,2039480
FINNIFTY02JAN2420850PE.NFO,02/01/2024,11:35:54,0.5,0.45,311880,0.5,90040,16360,2061960
FINNIFTY02JAN2420850PE.NFO,02/01/2024,11:36:02,0.55,0.5,127160,0.55,185640,100960,2061960
FINNIFTY02JAN2420850PE.NFO,02/01/2024,11:36:12,0.5,0.5,126160,0.55,186280,1000,2061960
FINNIFTY02JAN2420850PE.NFO,02/01/2024,11:36:21,0.55,0.5,128160,0.55,184240,840,2061960
FINNIFTY02JAN2420850PE.NFO,02/01/2024,11:36:30,0.55,0.5,127960,0.55,183840,600,2061960
FINNIFTY02JAN2420850PE.NFO,02/01/2024,11:36:39,0.5,0.45,306280,0.5,170600,110480,2061960
FINNIFTY02JAN2420850PE.NFO,02/01/2024,11:36:49,0.5,0.45,315960,0.5,171480,240,2061960
FINNIFTY02JAN2420850PE.NFO,02/01/2024,11:36:59,0.5,0.45,315960,0.5,171400,400,2061960
FINNIFTY02JAN2420850PE.NFO,02/01/2024,11:37:08,0.5,0.45,315960,0.5,170400,920,2061960
FINNIFTY02JAN2420850PE.NFO,02/01/2024,11:37:18,0.45,0.45,313840,0.5,170400,720,2061960
FINNIFTY02JAN2420850PE.NFO,02/01/2024,11:37:27,0.5,0.45,315520,0.5,171600,240,2061960
FINNIFTY02JAN2420850PE.NFO,02/01/2024,11:37:36,0.5,0.45,312920,0.5,172000,40,2061960
FINNIFTY02JAN2420850PE.NFO,02/01/2024,11:37:46,0.5,0.45,312920,0.5,172000,0,2061960
FINNIFTY02JAN2420850PE.NFO,02/01/2024,11:37:55,0.5,0.45,312240,0.5,170520,9000,2061960
FINNIFTY02JAN2420850PE.NFO,02/01/2024,11:38:04,0.45,0.45,294720,0.5,164360,3640,2061960
FINNIFTY02JAN2420850PE.NFO,02/01/2024,11:38:14,0.5,0.45,293160,0.5,163240,4000,2061960
FINNIFTY02JAN2420850PE.NFO,02/01/2024,11:38:24,0.45,0.45,292760,0.5,164040,5160,2061960
FINNIFTY02JAN2420850PE.NFO,02/01/2024,11:38:33,0.45,0.45,287680,0.5,157680,3480,2061960
FINNIFTY02JAN2420850PE.NFO,02/01/2024,11:38:43,0.45,0.45,287520,0.5,168320,2000,2061960
FINNIFTY02JAN2420850PE.NFO,02/01/2024,11:38:53,0.5,0.45,286880,0.5,166680,1680,2048640
FINNIFTY02JAN2420850PE.NFO,02/01/2024,11:39:02,0.45,0.45,282920,0.5,173480,4480,2048640
FINNIFTY02JAN2420850PE.NFO,02/01/2024,11:39:12,0.45,0.45,172240,0.5,176520,7880,2048640
FINNIFTY02JAN2420850PE.NFO,02/01/2024,11:39:21,0.45,0.45,163240,0.5,181920,7920,2048640
FINNIFTY02JAN2420850PE.NFO,02/01/2024,11:39:30,0.45,0.45,123880,0.5,182360,80,2048640
FINNIFTY02JAN2420850PE.NFO,02/01/2024,11:39:39,0.45,0.45,125520,0.5,193360,3400,2048640
FINNIFTY02JAN2420850PE.NFO,02/01/2024,11:39:49,0.45,0.45,123640,0.5,195720,0,2048640
FINNIFTY02JAN2420850PE.NFO,02/01/2024,11:39:58,0.5,0.45,124440,0.5,194720,1000,2048640
FINNIFTY02JAN2420850PE.NFO,02/01/2024,11:40:07,0.45,0.45,110080,0.5,196760,2840,2048640
FINNIFTY02JAN2420850PE.NFO,02/01/2024,11:40:16,0.45,0.45,40720,0.5,178240,37200,2048640
FINNIFTY02JAN2420850PE.NFO,02/01/2024,11:40:25,0.45,0.45,69280,0.5,185880,152240,2048640
FINNIFTY02JAN2420850PE.NFO,02/01/2024,11:40:33,0.5,0.45,106440,0.5,187280,1040,2048640
FINNIFTY02JAN2420850PE.NFO,02/01/2024,11:40:42,0.45,0.45,104600,0.5,187040,1920,2048640
FINNIFTY02JAN2420850PE.NFO,02/01/2024,11:40:51,0.45,0.45,104600,0.5,187040,0,2048640
FINNIFTY02JAN2420850PE.NFO,02/01/2024,11:41:00,0.45,0.45,103560,0.5,189120,1240,2048640
FINNIFTY02JAN2420850PE.NFO,02/01/2024,11:41:10,0.45,0.45,95800,0.5,186880,8760,2048640
FINNIFTY02JAN2420850PE.NFO,02/01/2024,11:41:19,0.45,0.45,96280,0.5,186880,2280,2048640
FINNIFTY02JAN2420850PE.NFO,02/01/2024,11:41:29,0.45,0.45,108520,0.5,187080,4960,2048640
FINNIFTY02JAN2420850PE.NFO,02/01/2024,11:41:39,0.5,0.45,101200,0.5,187360,22960,2048640
FINNIFTY02JAN2420850PE.NFO,02/01/2024,11:41:49,0.45,0.45,154600,0.5,187520,2880,2051720
FINNIFTY02JAN2420850PE.NFO,02/01/2024,11:41:59,0.5,0.45,158200,0.5,171920,23320,2051720
FINNIFTY02JAN2420850PE.NFO,02/01/2024,11:42:09,0.45,0.45,183160,0.5,171560,9240,2051720
FINNIFTY02JAN2420850PE.NFO,02/01/2024,11:42:19,0.45,0.45,185280,0.5,173800,4120,2051720
FINNIFTY02JAN2420850PE.NFO,02/01/2024,11:42:29,0.5,0.45,163160,0.5,190080,1880,2051720
FINNIFTY02JAN2420850PE.NFO,02/01/2024,11:42:38,0.45,0.45,174640,0.5,189440,4160,2051720
FINNIFTY02JAN2420850PE.NFO,02/01/2024,11:42:47,0.5,0.45,173000,0.5,191240,4920,2051720
FINNIFTY02JAN2420850PE.NFO,02/01/2024,11:42:57,0.5,0.45,172160,0.5,200160,4520,2051720
FINNIFTY02JAN2420850PE.NFO,02/01/2024,11:43:06,0.5,0.45,191800,0.5,205200,10840,2051720
FINNIFTY02JAN2420850PE.NFO,02/01/2024,11:43:15,0.5,0.45,191680,0.5,205600,5600,2051720
FINNIFTY02JAN2420850PE.NFO,02/01/2024,11:43:25,0.5,0.45,194240,0.5,206960,4800,2051720
FINNIFTY02JAN2420850PE.NFO,02/01/2024,11:43:34,0.5,0.45,187920,0.5,205920,26520,2051720
FINNIFTY02JAN2420850PE.NFO,02/01/2024,11:43:43,0.5,0.45,177720,0.5,213480,37440,2051720
FINNIFTY02JAN2420850PE.NFO,02/01/2024,11:43:53,0.45,0.45,48600,0.5,202480,46360,2051720
FINNIFTY02JAN2420850PE.NFO,02/01/2024,11:44:03,0.4,0.4,461720,0.45,214280,57400,2051720
FINNIFTY02JAN2420850PE.NFO,02/01/2024,11:44:12,0.45,0.4,460600,0.45,174680,43440,2051720
FINNIFTY02JAN2420850PE.NFO,02/01/2024,11:44:22,0.45,0.4,455680,0.45,177280,6360,2051720
FINNIFTY02JAN2420850PE.NFO,02/01/2024,11:44:31,0.45,0.4,462800,0.45,181440,13480,2051720
FINNIFTY02JAN2420850PE.NFO,02/01/2024,11:44:40,0.45,0.4,462800,0.45,182240,120,2051720
FINNIFTY02JAN2420850PE.NFO,02/01/2024,11:44:49,0.45,0.4,462400,0.45,182040,200,2051720
FINNIFTY02JAN2420850PE.NFO,02/01/2024,11:44:58,0.45,0.4,463560,0.45,182000,40,2041000
FINNIFTY02JAN2420850PE.NFO,02/01/2024,11:45:07,0.45,0.45,137760,0.5,195800,124440,2041000
FINNIFTY02JAN2420850PE.NFO,02/01/2024,11:45:17,0.45,0.45,140080,0.5,195720,8160,2041000
FINNIFTY02JAN2420850PE.NFO,02/01/2024,11:45:26,0.45,0.45,119440,0.5,195720,4640,2041000
FINNIFTY02JAN2420850PE.NFO,02/01/2024,11:45:36,0.45,0.45,130000,0.5,197080,11400,2041000
FINNIFTY02JAN2420850PE.NFO,02/01/2024,11:45:45,0.45,0.4,463560,0.45,215960,118320,2041000
FINNIFTY02JAN2420850PE.NFO,02/01/2024,11:45:54,0.4,0.4,465880,0.45,200000,1720,2041000
FINNIFTY02JAN2420850PE.NFO,02/01/2024,11:46:04,0.45,0.4,467080,0.45,199880,120,2041000
FINNIFTY02JAN2420850PE.NFO,02/01/2024,11:46:13,0.4,0.4,464640,0.45,203600,3000,2041000
FINNIFTY02JAN2420850PE.NFO,02/01/2024,11:46:32,0.4,0.4,464320,0.45,204400,320,2041000
FINNIFTY02JAN2420850PE.NFO,02/01/2024,11:46:41,0.45,0.4,464640,0.45,205800,400,2041000
FINNIFTY02JAN2420850PE.NFO,02/01/2024,11:46:50,0.45,0.4,464560,0.45,205720,160,2041000
FINNIFTY02JAN2420850PE.NFO,02/01/2024,11:47:00,0.45,0.4,462920,0.45,203520,4000,2041000
FINNIFTY02JAN2420850PE.NFO,02/01/2024,11:47:08,0.45,0.4,464720,0.45,203320,40,2041000
FINNIFTY02JAN2420850PE.NFO,02/01/2024,11:47:42,0.45,0.4,464720,0.45,203320,0,2041000
FINNIFTY02JAN2420850PE.NFO,02/01/2024,11:48:08,0.45,0.4,465320,0.45,200240,0,2041000
FINNIFTY02JAN2420850PE.NFO,02/01/2024,11:48:17,0.45,0.4,472520,0.45,200440,0,2041000
FINNIFTY02JAN2420850PE.NFO,02/01/2024,11:48:26,0.45,0.4,481520,0.45,202840,0,2041000
FINNIFTY02JAN2420850PE.NFO,02/01/2024,11:48:52,0.45,0.4,480600,0.45,203720,0,2041000
FINNIFTY02JAN2420850PE.NFO,02/01/2024,11:49:09,0.45,0.4,482400,0.45,203720,0,2041000
FINNIFTY02JAN2420850PE.NFO,02/01/2024,11:49:18,0.45,0.4,482400,0.45,204640,0,2041000
FINNIFTY02JAN2420850PE.NFO,02/01/2024,11:49:27,0.4,0.4,483360,0.45,205120,6360,2029920
FINNIFTY02JAN2420850PE.NFO,02/01/2024,11:49:36,0.4,0.4,482920,0.45,204120,520,2029920
FINNIFTY02JAN2420850PE.NFO,02/01/2024,11:49:45,0.45,0.4,494120,0.45,212880,2520,2029920
FINNIFTY02JAN2420850PE.NFO,02/01/2024,11:50:02,0.4,0.4,494040,0.45,213200,1640,2029920
FINNIFTY02JAN2420850PE.NFO,02/01/2024,11:50:11,0.4,0.4,494520,0.45,216040,4000,2029920
FINNIFTY02JAN2420850PE.NFO,02/01/2024,11:50:21,0.4,0.4,494040,0.45,215120,1880,2029920
FINNIFTY02JAN2420850PE.NFO,02/01/2024,11:50:30,0.4,0.4,493880,0.45,216360,720,2029920
FINNIFTY02JAN2420850PE.NFO,02/01/2024,11:50:38,0.4,0.4,502720,0.45,216360,40,2029920
FINNIFTY02JAN2420850PE.NFO,02/01/2024,11:50:47,0.4,0.4,494720,0.45,217280,0,2029920
FINNIFTY02JAN2420850PE.NFO,02/01/2024,11:50:56,0.4,0.4,494720,0.45,215480,0,2029920
FINNIFTY02JAN2420850PE.NFO,02/01/2024,11:51:05,0.45,0.4,493800,0.45,214480,1000,2026480
FINNIFTY02JAN2420850PE.NFO,02/01/2024,11:51:14,0.45,0.4,493840,0.45,214120,40,2026480
FINNIFTY02JAN2420850PE.NFO,02/01/2024,11:51:23,0.4,0.4,489840,0.45,214440,4000,2026480
FINNIFTY02JAN2420850PE.NFO,02/01/2024,11:51:32,0.45,0.4,489920,0.45,216000,240,2026480
FINNIFTY02JAN2420850PE.NFO,02/01/2024,11:51:41,0.45,0.4,389760,0.45,218320,1280,2026480
FINNIFTY02JAN2420850PE.NFO,02/01/2024,11:52:09,0.45,0.4,389760,0.45,218320,0,2026480
FINNIFTY02JAN2420850PE.NFO,02/01/2024,11:52:27,0.4,0.4,366240,0.45,218320,80,2026480
FINNIFTY02JAN2420850PE.NFO,02/01/2024,11:52:36,0.45,0.4,364840,0.45,218280,40,2026480
FINNIFTY02JAN2420850PE.NFO,02/01/2024,11:52:45,0.4,0.4,333600,0.45,218280,40,2026480
FINNIFTY02JAN2420850PE.NFO,02/01/2024,11:52:54,0.4,0.4,319880,0.45,218280,600,2026480
FINNIFTY02JAN2420850PE.NFO,02/01/2024,11:53:03,0.4,0.4,315880,0.45,220480,0,2026480
FINNIFTY02JAN2420850PE.NFO,02/01/2024,11:53:12,0.4,0.4,281560,0.45,226360,2880,2026480
FINNIFTY02JAN2420850PE.NFO,02/01/2024,11:53:21,0.4,0.4,262680,0.45,237760,40,2026480
FINNIFTY02JAN2420850PE.NFO,02/01/2024,11:53:30,0.4,0.4,261120,0.45,237760,1520,2026480
FINNIFTY02JAN2420850PE.NFO,02/01/2024,11:53:39,0.45,0.4,258200,0.45,227720,720,2026480
FINNIFTY02JAN2420850PE.NFO,02/01/2024,11:53:48,0.45,0.4,151120,0.45,228640,0,2026480
FINNIFTY02JAN2420850PE.NFO,02/01/2024,11:53:57,0.45,0.4,152200,0.45,231160,360,2032080
FINNIFTY02JAN2420850PE.NFO,02/01/2024,11:54:05,0.45,0.4,152200,0.45,243840,0,2032080
FINNIFTY02JAN2420850PE.NFO,02/01/2024,11:54:14,0.45,0.4,153080,0.45,243840,0,2032080
FINNIFTY02JAN2420850PE.NFO,02/01/2024,11:54:23,0.45,0.4,151720,0.45,243840,0,2032080
FINNIFTY02JAN2420850PE.NFO,02/01/2024,11:54:32,0.45,0.4,152200,0.45,243480,360,2032080
FINNIFTY02JAN2420850PE.NFO,02/01/2024,11:54:41,0.4,0.4,136320,0.45,242200,8160,2032080
FINNIFTY02JAN2420850PE.NFO,02/01/2024,11:54:50,0.4,0.4,136320,0.45,242200,0,2032080
FINNIFTY02JAN2420850PE.NFO,02/01/2024,11:55:07,0.45,0.4,134040,0.45,243640,1680,2032080
FINNIFTY02JAN2420850PE.NFO,02/01/2024,11:55:16,0.4,0.4,133960,0.45,243640,80,2032080
FINNIFTY02JAN2420850PE.NFO,02/01/2024,11:55:25,0.4,0.4,133920,0.45,243640,40,2032080
FINNIFTY02JAN2420850PE.NFO,02/01/2024,11:55:34,0.4,0.4,132360,0.45,243640,1560,2032080
FINNIFTY02JAN2420850PE.NFO,02/01/2024,11:55:43,0.4,0.4,132200,0.45,243640,160,2032080
FINNIFTY02JAN2420850PE.NFO,02/01/2024,11:55:52,0.45,0.4,131720,0.45,243600,40,2032080
FINNIFTY02JAN2420850PE.NFO,02/01/2024,11:56:10,0.45,0.4,131720,0.45,243520,80,2032080
FINNIFTY02JAN2420850PE.NFO,02/01/2024,11:56:26,0.45,0.4,131720,0.45,243520,0,2032080
FINNIFTY02JAN2420850PE.NFO,02/01/2024,11:56:35,0.4,0.4,130720,0.45,243520,1000,2032080
FINNIFTY02JAN2420850PE.NFO,02/01/2024,11:56:43,0.4,0.4,129080,0.45,242600,680,2032080
FINNIFTY02JAN2420850PE.NFO,02/01/2024,11:56:51,0.4,0.4,128520,0.45,243520,560,2028560
FINNIFTY02JAN2420850PE.NFO,02/01/2024,11:57:00,0.45,0.4,129480,0.45,242520,1000,2028560
FINNIFTY02JAN2420850PE.NFO,02/01/2024,11:57:09,0.45,0.4,129200,0.45,242960,2440,2028560
FINNIFTY02JAN2420850PE.NFO,02/01/2024,11:57:18,0.4,0.4,114320,0.45,192000,81880,2028560
FINNIFTY02JAN2420850PE.NFO,02/01/2024,11:57:26,0.4,0.4,92720,0.45,181360,25760,2028560
FINNIFTY02JAN2420850PE.NFO,02/01/2024,11:57:35,0.4,0.4,91120,0.45,180080,4000,2028560
FINNIFTY02JAN2420850PE.NFO,02/01/2024,11:57:44,0.4,0.4,77240,0.45,180160,12040,2028560
FINNIFTY02JAN2420850PE.NFO,02/01/2024,11:57:53,0.45,0.4,90440,0.45,179280,9640,2028560
FINNIFTY02JAN2420850PE.NFO,02/01/2024,11:58:01,0.4,0.4,84920,0.45,179280,8520,2028560
FINNIFTY02JAN2420850PE.NFO,02/01/2024,11:58:10,0.4,0.4,86200,0.45,178880,10800,2028560
FINNIFTY02JAN2420850PE.NFO,02/01/2024,11:58:19,0.4,0.4,81320,0.45,178760,5760,2028560
FINNIFTY02JAN2420850PE.NFO,02/01/2024,11:58:28,0.4,0.4,98640,0.45,176280,6080,2028560
FINNIFTY02JAN2420850PE.NFO,02/01/2024,11:58:37,0.45,0.4,98600,0.45,178040,600,2028560
FINNIFTY02JAN2420850PE.NFO,02/01/2024,11:58:45,0.45,0.4,75160,0.45,183400,21600,2028560
FINNIFTY02JAN2420850PE.NFO,02/01/2024,11:58:54,0.4,0.4,28440,0.45,189600,10560,2028560
FINNIFTY02JAN2420850PE.NFO,02/01/2024,11:59:03,0.4,0.4,39440,0.45,195080,6800,2028560
FINNIFTY02JAN2420850PE.NFO,02/01/2024,11:59:12,0.4,0.4,53280,0.45,199560,2200,2028560
FINNIFTY02JAN2420850PE.NFO,02/01/2024,11:59:21,0.4,0.4,49880,0.45,202280,3400,2028560
FINNIFTY02JAN2420850PE.NFO,02/01/2024,11:59:29,0.4,0.4,61120,0.45,206040,2400,2028560
FINNIFTY02JAN2420850PE.NFO,02/01/2024,11:59:38,0.4,0.35,337280,0.4,182240,15840,2028560
FINNIFTY02JAN2420850PE.NFO,02/01/2024,11:59:46,0.4,0.35,344000,0.4,187600,2400,2028560
FINNIFTY02JAN2420850PE.NFO,02/01/2024,11:59:54,0.4,0.35,343120,0.4,195680,0,2028560
FINNIFTY02JAN2420850PE.NFO,02/01/2024,12:00:03,0.35,0.35,335200,0.4,195240,1480,2080680
FINNIFTY02JAN2420850PE.NFO,02/01/2024,12:00:12,0.35,0.35,335200,0.4,195240,0,2080680
FINNIFTY02JAN2420850PE.NFO,02/01/2024,12:00:21,0.4,0.35,336200,0.4,196080,40,2080680
FINNIFTY02JAN2420850PE.NFO,02/01/2024,12:00:30,0.4,0.35,335320,0.4,196040,40,2080680
FINNIFTY02JAN2420850PE.NFO,02/01/2024,12:00:39,0.4,0.35,335320,0.4,195920,120,2080680
FINNIFTY02JAN2420850PE.NFO,02/01/2024,12:00:48,0.4,0.35,335320,0.4,195560,40,2080680
FINNIFTY02JAN2420850PE.NFO,02/01/2024,12:00:57,0.4,0.35,326280,0.4,195680,200,2080680
FINNIFTY02JAN2420850PE.NFO,02/01/2024,12:01:07,0.4,0.35,286840,0.4,195720,0,2080680
FINNIFTY02JAN2420850PE.NFO,02/01/2024,12:01:16,0.4,0.35,289400,0.4,196720,1920,2080680
FINNIFTY02JAN2420850PE.NFO,02/01/2024,12:01:24,0.4,0.35,289560,0.4,196720,0,2080680
FINNIFTY02JAN2420850PE.NFO,02/01/2024,12:01:42,0.4,0.35,290040,0.4,197440,2040,2080680
FINNIFTY02JAN2420850PE.NFO,02/01/2024,12:01:51,0.4,0.35,292040,0.4,190280,5400,2080680
FINNIFTY02JAN2420850PE.NFO,02/01/2024,12:02:00,0.4,0.35,292560,0.4,193600,6720,2080680
FINNIFTY02JAN2420850PE.NFO,02/01/2024,12:02:09,0.35,0.35,293480,0.4,194560,40,2080680
FINNIFTY02JAN2420850PE.NFO,02/01/2024,12:02:18,0.35,0.35,293480,0.4,194560,0,2080680
FINNIFTY02JAN2420850PE.NFO,02/01/2024,12:02:27,0.35,0.35,298480,0.4,194560,0,2080680
FINNIFTY02JAN2420850PE.NFO,02/01/2024,12:02:35,0.4,0.35,298440,0.4,193640,640,2080680
FINNIFTY02JAN2420850PE.NFO,02/01/2024,12:02:44,0.4,0.35,303440,0.4,193880,80,2080680
FINNIFTY02JAN2420850PE.NFO,02/01/2024,12:02:53,0.4,0.35,303360,0.4,193360,200,2070960
FINNIFTY02JAN2420850PE.NFO,02/01/2024,12:03:02,0.4,0.35,303240,0.4,193600,200,2070960
FINNIFTY02JAN2420850PE.NFO,02/01/2024,12:03:10,0.4,0.35,303240,0.4,193680,1400,2070960
FINNIFTY02JAN2420850PE.NFO,02/01/2024,12:03:19,0.4,0.35,303240,0.4,193640,40,2070960
FINNIFTY02JAN2420850PE.NFO,02/01/2024,12:03:29,0.4,0.35,303240,0.4,193600,40,2070960
FINNIFTY02JAN2420850PE.NFO,02/01/2024,12:03:37,0.4,0.35,305520,0.4,201680,5240,2070960
FINNIFTY02JAN2420850PE.NFO,02/01/2024,12:03:46,0.4,0.35,305520,0.4,201560,120,2070960
FINNIFTY02JAN2420850PE.NFO,02/01/2024,12:03:55,0.4,0.35,305800,0.4,200680,2400,2070960
FINNIFTY02JAN2420850PE.NFO,02/01/2024,12:04:04,0.4,0.35,305800,0.4,201880,0,2070960
FINNIFTY02JAN2420850PE.NFO,02/01/2024,12:04:12,0.4,0.35,305800,0.4,201080,800,2070960
FINNIFTY02JAN2420850PE.NFO,02/01/2024,12:04:22,0.35,0.35,303720,0.4,202280,2000,2070960
FINNIFTY02JAN2420850PE.NFO,02/01/2024,12:04:31,0.35,0.35,304840,0.4,201080,0,2070960
FINNIFTY02JAN2420850PE.NFO,02/01/2024,12:04:40,0.4,0.35,307040,0.4,200880,3200,2070960
FINNIFTY02JAN2420850PE.NFO,02/01/2024,12:04:50,0.4,0.35,306160,0.4,202080,0,2070960
FINNIFTY02JAN2420850PE.NFO,02/01/2024,12:04:58,0.4,0.35,305920,0.4,200400,4800,2070960
FINNIFTY02JAN2420850PE.NFO,02/01/2024,12:05:08,0.35,0.35,306760,0.4,200560,7560,2070960
FINNIFTY02JAN2420850PE.NFO,02/01/2024,12:05:16,0.4,0.35,306760,0.4,200400,1640,2070960
FINNIFTY02JAN2420850PE.NFO,02/01/2024,12:05:25,0.4,0.35,303160,0.4,204080,3840,2070960
FINNIFTY02JAN2420850PE.NFO,02/01/2024,12:05:34,0.4,0.35,303160,0.4,204200,160,2070960
FINNIFTY02JAN2420850PE.NFO,02/01/2024,12:05:43,0.4,0.35,303160,0.4,203200,680,2070960
FINNIFTY02JAN2420850PE.NFO,02/01/2024,12:05:51,0.4,0.35,303160,0.4,203440,120,2070960
FINNIFTY02JAN2420850PE.NFO,02/01/2024,12:06:01,0.4,0.35,301200,0.4,205200,1400,2061760
FINNIFTY02JAN2420850PE.NFO,02/01/2024,12:06:10,0.4,0.35,302080,0.4,205200,0,2061760
FINNIFTY02JAN2420850PE.NFO,02/01/2024,12:06:18,0.4,0.35,301200,0.4,205160,0,2061760
FINNIFTY02JAN2420850PE.NFO,02/01/2024,12:06:27,0.4,0.35,303840,0.4,202200,12800,2061760
FINNIFTY02JAN2420850PE.NFO,02/01/2024,12:06:36,0.4,0.35,302320,0.4,202200,0,2061760
FINNIFTY02JAN2420850PE.NFO,02/01/2024,12:06:44,0.4,0.35,302320,0.4,201120,200,2061760
FINNIFTY02JAN2420850PE.NFO,02/01/2024,12:07:09,0.4,0.35,302520,0.4,200760,1800,2061760
FINNIFTY02JAN2420850PE.NFO,02/01/2024,12:07:18,0.4,0.35,302800,0.4,197040,4480,2061760
FINNIFTY02JAN2420850PE.NFO,02/01/2024,12:07:35,0.35,0.35,302760,0.4,200240,40,2061760
FINNIFTY02JAN2420850PE.NFO,02/01/2024,12:07:53,0.4,0.35,303440,0.4,198920,760,2061760
FINNIFTY02JAN2420850PE.NFO,02/01/2024,12:08:02,0.35,0.35,303400,0.4,200440,40,2061760
FINNIFTY02JAN2420850PE.NFO,02/01/2024,12:08:10,0.35,0.35,300760,0.4,200680,120,2061760
FINNIFTY02JAN2420850PE.NFO,02/01/2024,12:08:19,0.35,0.35,244720,0.4,200440,240,2061760
FINNIFTY02JAN2420850PE.NFO,02/01/2024,12:08:27,0.35,0.35,244720,0.4,200440,0,2061760
FINNIFTY02JAN2420850PE.NFO,02/01/2024,12:08:36,0.35,0.35,235720,0.4,202240,9000,2061760
FINNIFTY02JAN2420850PE.NFO,02/01/2024,12:08:54,0.35,0.35,226600,0.4,202240,120,2061760
FINNIFTY02JAN2420850PE.NFO,02/01/2024,12:09:02,0.35,0.35,213000,0.4,202240,0,2061760
FINNIFTY02JAN2420850PE.NFO,02/01/2024,12:09:11,0.4,0.35,213000,0.4,202200,40,2052600
FINNIFTY02JAN2420850PE.NFO,02/01/2024,12:09:19,0.4,0.35,213000,0.4,209560,0,2052600
FINNIFTY02JAN2420850PE.NFO,02/01/2024,12:09:45,0.4,0.35,213000,0.4,212240,0,2052600
FINNIFTY02JAN2420850PE.NFO,02/01/2024,12:09:53,0.35,0.35,186720,0.4,212240,1280,2052600
FINNIFTY02JAN2420850PE.NFO,02/01/2024,12:10:02,0.35,0.35,185960,0.4,212720,1520,2052600
FINNIFTY02JAN2420850PE.NFO,02/01/2024,12:10:11,0.4,0.35,183400,0.4,217760,3000,2052600
FINNIFTY02JAN2420850PE.NFO,02/01/2024,12:10:21,0.35,0.35,178960,0.4,219520,4480,2052600
FINNIFTY02JAN2420850PE.NFO,02/01/2024,12:10:30,0.35,0.35,174240,0.4,219360,1840,2052600
FINNIFTY02JAN2420850PE.NFO,02/01/2024,12:10:39,0.35,0.35,173320,0.4,229800,2120,2052600
FINNIFTY02JAN2420850PE.NFO,02/01/2024,12:10:48,0.35,0.35,149840,0.4,228000,16400,2052600
FINNIFTY02JAN2420850PE.NFO,02/01/2024,12:10:57,0.35,0.35,137880,0.4,229560,11200,2052600
FINNIFTY02JAN2420850PE.NFO,02/01/2024,12:11:06,0.35,0.35,129400,0.4,231960,12160,2052600
FINNIFTY02JAN2420850PE.NFO,02/01/2024,12:11:15,0.35,0.35,97760,0.4,233400,7800,2052600
FINNIFTY02JAN2420850PE.NFO,02/01/2024,12:11:24,0.35,0.3,335160,0.35,167240,73080,2052600
FINNIFTY02JAN2420850PE.NFO,02/01/2024,12:11:34,0.35,0.3,328760,0.35,191200,360,2052600
FINNIFTY02JAN2420850PE.NFO,02/01/2024,12:11:43,0.35,0.3,329760,0.35,261960,5720,2052600
FINNIFTY02JAN2420850PE.NFO,02/01/2024,12:11:43,0.3,0.3,329760,0.35,261960,0,2052600
FINNIFTY02JAN2420850PE.NFO,02/01/2024,12:11:52,0.35,0.3,330760,0.35,262040,0,2052600
FINNIFTY02JAN2420850PE.NFO,02/01/2024,12:12:00,0.35,0.3,331080,0.35,261480,2000,2086320
FINNIFTY02JAN2420850PE.NFO,02/01/2024,12:12:09,0.3,0.3,331880,0.35,262040,3680,2086320
FINNIFTY02JAN2420850PE.NFO,02/01/2024,12:12:18,0.3,0.3,324680,0.35,262040,0,2086320
FINNIFTY02JAN2420850PE.NFO,02/01/2024,12:12:27,0.3,0.3,324680,0.35,263840,0,2086320
FINNIFTY02JAN2420850PE.NFO,02/01/2024,12:12:45,0.35,0.3,323800,0.35,264320,400,2086320
FINNIFTY02JAN2420850PE.NFO,02/01/2024,12:12:53,0.35,0.3,325680,0.35,265840,2800,2086320
FINNIFTY02JAN2420850PE.NFO,02/01/2024,12:13:02,0.35,0.3,326560,0.35,265520,0,2086320
FINNIFTY02JAN2420850PE.NFO,02/01/2024,12:13:11,0.3,0.3,323880,0.35,264200,1800,2086320
FINNIFTY02JAN2420850PE.NFO,02/01/2024,12:13:20,0.3,0.3,325320,0.35,266040,4520,2086320
