Ticker,Date,Time,LTP,BuyPrice,BuyQty,SellPrice,SellQty,LTQ,OpenInterest
FINNIFTY02JAN2422000CE.NFO,02/01/2024,09:15:00,0.85,0.55,32480,0.6,196240,52480,4104640
FINNIFTY02JAN2422000CE.NFO,02/01/2024,09:15:00,0.85,0.55,32480,0.6,196240,0,4104640
FINNIFTY02JAN2422000CE.NFO,02/01/2024,09:15:00,0.85,0.55,32480,0.6,196240,0,4104640
FINNIFTY02JAN2422000CE.NFO,02/01/2024,09:15:00,0.5,0.55,32480,0.6,196240,0,4104640
FINNIFTY02JAN2422000CE.NFO,02/01/2024,09:15:02,0.6,0.55,56640,0.6,192800,47920,4104640
FINNIFTY02JAN2422000CE.NFO,02/01/2024,09:15:04,0.6,0.55,74640,0.6,170320,48040,4104640
FINNIFTY02JAN2422000CE.NFO,02/01/2024,09:15:05,0.55,0.55,124280,0.6,186280,23520,4104640
FINNIFTY02JAN2422000CE.NFO,02/01/2024,09:15:07,0.55,0.55,144560,0.6,201840,29640,4104640
FINNIFTY02JAN2422000CE.NFO,02/01/2024,09:15:09,0.6,0.55,184280,0.6,229720,19920,4104640
FINNIFTY02JAN2422000CE.NFO,02/01/2024,09:15:10,0.55,0.55,203320,0.6,245080,9960,4104640
FINNIFTY02JAN2422000CE.NFO,02/01/2024,09:15:12,0.55,0.55,303720,0.6,251360,47640,4104640
FINNIFTY02JAN2422000CE.NFO,02/01/2024,09:15:13,0.55,0.55,318200,0.6,246760,10760,4104640
FINNIFTY02JAN2422000CE.NFO,02/01/2024,09:15:15,0.6,0.55,313560,0.6,244320,6920,4104640
FINNIFTY02JAN2422000CE.NFO,02/01/2024,09:15:17,0.55,0.55,312600,0.6,249480,8080,4104640
FINNIFTY02JAN2422000CE.NFO,02/01/2024,09:15:18,0.55,0.55,309400,0.6,246880,12360,4104640
FINNIFTY02JAN2422000CE.NFO,02/01/2024,09:15:20,0.55,0.55,321000,0.6,227440,25360,4104640
FINNIFTY02JAN2422000CE.NFO,02/01/2024,09:15:22,0.55,0.55,367080,0.6,198160,46680,4104640
FINNIFTY02JAN2422000CE.NFO,02/01/2024,09:15:23,0.6,0.55,391760,0.6,192280,16480,4104640
FINNIFTY02JAN2422000CE.NFO,02/01/2024,09:15:25,0.55,0.55,411760,0.6,185680,18960,4104640
FINNIFTY02JAN2422000CE.NFO,02/01/2024,09:15:27,0.6,0.55,439400,0.6,225160,29440,4104640
FINNIFTY02JAN2422000CE.NFO,02/01/2024,09:15:28,0.6,0.55,432960,0.6,310960,51960,4104640
FINNIFTY02JAN2422000CE.NFO,02/01/2024,09:15:30,0.55,0.55,430640,0.6,321160,30520,4104640
FINNIFTY02JAN2422000CE.NFO,02/01/2024,09:15:31,0.55,0.55,408040,0.6,345120,13400,4104640
FINNIFTY02JAN2422000CE.NFO,02/01/2024,09:15:33,0.55,0.55,364120,0.6,357680,20160,4104640
FINNIFTY02JAN2422000CE.NFO,02/01/2024,09:15:35,0.6,0.55,369240,0.6,368600,17360,4104640
FINNIFTY02JAN2422000CE.NFO,02/01/2024,09:15:36,0.6,0.55,350800,0.6,386760,14600,4104640
FINNIFTY02JAN2422000CE.NFO,02/01/2024,09:15:38,0.55,0.55,273840,0.6,392000,94840,4104640
FINNIFTY02JAN2422000CE.NFO,02/01/2024,09:15:40,0.6,0.55,226000,0.6,375000,65880,4104640
FINNIFTY02JAN2422000CE.NFO,02/01/2024,09:15:41,0.6,0.55,174920,0.6,374120,65440,4104640
FINNIFTY02JAN2422000CE.NFO,02/01/2024,09:15:43,0.55,0.55,186400,0.6,407000,16160,4104640
FINNIFTY02JAN2422000CE.NFO,02/01/2024,09:15:44,0.55,0.55,163200,0.6,407280,14760,4104640
FINNIFTY02JAN2422000CE.NFO,02/01/2024,09:15:46,0.55,0.55,165240,0.6,413560,38640,4104640
FINNIFTY02JAN2422000CE.NFO,02/01/2024,09:15:48,0.55,0.55,117360,0.6,438240,71760,4104640
FINNIFTY02JAN2422000CE.NFO,02/01/2024,09:15:49,0.55,0.55,79880,0.6,478040,46800,4104640
FINNIFTY02JAN2422000CE.NFO,02/01/2024,09:15:51,0.55,0.55,51520,0.6,503640,20120,4104640
FINNIFTY02JAN2422000CE.NFO,02/01/2024,09:15:53,0.55,0.55,27800,0.6,500120,33080,4104640
FINNIFTY02JAN2422000CE.NFO,02/01/2024,09:15:54,0.55,0.5,1250880,0.55,206600,37640,4104640
FINNIFTY02JAN2422000CE.NFO,02/01/2024,09:15:56,0.55,0.5,1302120,0.55,299760,26320,4104640
FINNIFTY02JAN2422000CE.NFO,02/01/2024,09:15:57,0.55,0.5,1294560,0.55,371080,5400,4104640
FINNIFTY02JAN2422000CE.NFO,02/01/2024,09:15:59,0.55,0.5,1368400,0.55,406680,5360,4104640
FINNIFTY02JAN2422000CE.NFO,02/01/2024,09:16:01,0.5,0.5,1367880,0.55,420120,25880,4104640
FINNIFTY02JAN2422000CE.NFO,02/01/2024,09:16:02,0.55,0.5,1358800,0.55,415240,18440,4104640
FINNIFTY02JAN2422000CE.NFO,02/01/2024,09:16:04,0.55,0.5,1356640,0.55,419720,33160,4104640
FINNIFTY02JAN2422000CE.NFO,02/01/2024,09:16:05,0.55,0.5,1356120,0.55,424040,18280,4104640
FINNIFTY02JAN2422000CE.NFO,02/01/2024,09:16:07,0.5,0.5,1342760,0.55,426320,14520,4104640
FINNIFTY02JAN2422000CE.NFO,02/01/2024,09:16:09,0.5,0.5,1347960,0.55,446200,13680,4104640
FINNIFTY02JAN2422000CE.NFO,02/01/2024,09:16:10,0.5,0.5,1341840,0.55,453000,13160,4104640
FINNIFTY02JAN2422000CE.NFO,02/01/2024,09:16:12,0.5,0.5,1287200,0.55,456640,57160,4104640
FINNIFTY02JAN2422000CE.NFO,02/01/2024,09:16:13,0.5,0.5,1311320,0.55,360480,129440,4104640
FINNIFTY02JAN2422000CE.NFO,02/01/2024,09:16:15,0.5,0.5,1309080,0.55,371600,18320,4104640
FINNIFTY02JAN2422000CE.NFO,02/01/2024,09:16:17,0.5,0.5,1306200,0.55,346720,24760,4104640
FINNIFTY02JAN2422000CE.NFO,02/01/2024,09:16:18,0.55,0.5,1322000,0.55,347760,8360,4104640
FINNIFTY02JAN2422000CE.NFO,02/01/2024,09:16:20,0.5,0.5,1348760,0.55,337080,8000,4104640
FINNIFTY02JAN2422000CE.NFO,02/01/2024,09:16:22,0.55,0.5,1348000,0.55,400960,2000,4104640
FINNIFTY02JAN2422000CE.NFO,02/01/2024,09:16:23,0.55,0.5,1348240,0.55,397160,13680,4104640
FINNIFTY02JAN2422000CE.NFO,02/01/2024,09:16:25,0.5,0.5,1344760,0.55,401160,2120,4104640
FINNIFTY02JAN2422000CE.NFO,02/01/2024,09:16:26,0.5,0.5,1341200,0.55,407800,4160,4104640
FINNIFTY02JAN2422000CE.NFO,02/01/2024,09:16:28,0.5,0.5,1304920,0.55,425640,9520,4104640
FINNIFTY02JAN2422000CE.NFO,02/01/2024,09:16:30,0.55,0.5,1262400,0.55,484280,5720,4104640
FINNIFTY02JAN2422000CE.NFO,02/01/2024,09:16:31,0.5,0.5,1219360,0.55,549640,10240,4104640
FINNIFTY02JAN2422000CE.NFO,02/01/2024,09:16:33,0.55,0.5,1217640,0.55,531440,20000,4104640
FINNIFTY02JAN2422000CE.NFO,02/01/2024,09:16:35,0.55,0.55,246040,0.6,608600,446360,4104640
FINNIFTY02JAN2422000CE.NFO,02/01/2024,09:16:36,0.6,0.55,259720,0.6,594200,56720,4104640
FINNIFTY02JAN2422000CE.NFO,02/01/2024,09:16:38,0.55,0.55,226880,0.6,567000,62200,4104640
FINNIFTY02JAN2422000CE.NFO,02/01/2024,09:16:39,0.5,0.5,1189480,0.55,169200,225720,4104640
FINNIFTY02JAN2422000CE.NFO,02/01/2024,09:16:41,0.5,0.5,1183280,0.55,165400,33440,4104640
FINNIFTY02JAN2422000CE.NFO,02/01/2024,09:16:42,0.5,0.5,1170840,0.55,165040,17680,4104640
FINNIFTY02JAN2422000CE.NFO,02/01/2024,09:16:44,0.55,0.5,1165400,0.55,175320,22560,4104640
FINNIFTY02JAN2422000CE.NFO,02/01/2024,09:16:46,0.5,0.5,1171120,0.55,192800,34360,4104640
FINNIFTY02JAN2422000CE.NFO,02/01/2024,09:16:47,0.5,0.5,1188960,0.55,191000,15760,4104640
FINNIFTY02JAN2422000CE.NFO,02/01/2024,09:16:49,0.55,0.5,1197800,0.55,189800,15440,4104640
FINNIFTY02JAN2422000CE.NFO,02/01/2024,09:16:50,0.55,0.5,1187520,0.55,232240,13920,4104640
FINNIFTY02JAN2422000CE.NFO,02/01/2024,09:16:52,0.5,0.5,1175480,0.55,231680,13560,4104640
FINNIFTY02JAN2422000CE.NFO,02/01/2024,09:16:54,0.5,0.5,1182120,0.55,229960,97040,4104640
FINNIFTY02JAN2422000CE.NFO,02/01/2024,09:16:55,0.55,0.5,1160400,0.55,255600,26120,4104640
FINNIFTY02JAN2422000CE.NFO,02/01/2024,09:16:57,0.5,0.5,1142360,0.55,213000,81040,4104640
FINNIFTY02JAN2422000CE.NFO,02/01/2024,09:16:59,0.5,0.5,1128720,0.55,222640,59960,4104640
FINNIFTY02JAN2422000CE.NFO,02/01/2024,09:17:00,0.5,0.5,1127200,0.55,222800,32680,4104640
FINNIFTY02JAN2422000CE.NFO,02/01/2024,09:17:02,0.5,0.5,1126080,0.55,228760,26600,4104640
FINNIFTY02JAN2422000CE.NFO,02/01/2024,09:17:03,0.5,0.5,1152360,0.55,254280,15680,4104640
FINNIFTY02JAN2422000CE.NFO,02/01/2024,09:17:05,0.5,0.5,1154560,0.55,274280,15520,4104640
FINNIFTY02JAN2422000CE.NFO,02/01/2024,09:17:07,0.5,0.5,1187320,0.55,273040,30640,4104640
FINNIFTY02JAN2422000CE.NFO,02/01/2024,09:17:08,0.5,0.5,1160520,0.55,269800,30360,4104640
FINNIFTY02JAN2422000CE.NFO,02/01/2024,09:17:10,0.5,0.5,1142320,0.55,268040,23520,4104640
FINNIFTY02JAN2422000CE.NFO,02/01/2024,09:17:11,0.5,0.5,1133960,0.55,333200,19320,4104640
FINNIFTY02JAN2422000CE.NFO,02/01/2024,09:17:13,0.5,0.5,1147640,0.55,348960,25320,4104640
FINNIFTY02JAN2422000CE.NFO,02/01/2024,09:17:15,0.5,0.5,1149480,0.55,353200,22280,4104640
FINNIFTY02JAN2422000CE.NFO,02/01/2024,09:17:16,0.5,0.5,1141520,0.55,374680,18920,4104640
FINNIFTY02JAN2422000CE.NFO,02/01/2024,09:17:18,0.5,0.5,1179320,0.55,370640,21880,4104640
FINNIFTY02JAN2422000CE.NFO,02/01/2024,09:17:19,0.5,0.5,1185400,0.55,419800,17880,4104640
FINNIFTY02JAN2422000CE.NFO,02/01/2024,09:17:21,0.5,0.5,1276600,0.55,446680,11160,4104640
FINNIFTY02JAN2422000CE.NFO,02/01/2024,09:17:23,0.5,0.5,1264480,0.55,454800,15640,5483600
FINNIFTY02JAN2422000CE.NFO,02/01/2024,09:17:24,0.5,0.5,1218000,0.55,467880,20200,5483600
FINNIFTY02JAN2422000CE.NFO,02/01/2024,09:17:26,0.5,0.5,1209280,0.55,509840,20240,5483600
FINNIFTY02JAN2422000CE.NFO,02/01/2024,09:17:27,0.55,0.5,1197240,0.55,561360,14520,5483600
FINNIFTY02JAN2422000CE.NFO,02/01/2024,09:17:29,0.55,0.5,1189960,0.55,540760,22760,5483600
FINNIFTY02JAN2422000CE.NFO,02/01/2024,09:17:31,0.55,0.5,1188240,0.55,552960,2800,5483600
FINNIFTY02JAN2422000CE.NFO,02/01/2024,09:17:32,0.55,0.5,1186440,0.55,563440,5040,5483600
FINNIFTY02JAN2422000CE.NFO,02/01/2024,09:17:34,0.5,0.5,1197000,0.55,561840,1840,5483600
FINNIFTY02JAN2422000CE.NFO,02/01/2024,09:17:35,0.5,0.5,1196360,0.55,585360,440,5483600
FINNIFTY02JAN2422000CE.NFO,02/01/2024,09:17:37,0.55,0.5,1195760,0.55,585720,2200,5483600
FINNIFTY02JAN2422000CE.NFO,02/01/2024,09:17:38,0.5,0.5,1210880,0.55,589800,2200,5483600
FINNIFTY02JAN2422000CE.NFO,02/01/2024,09:17:40,0.5,0.5,1225040,0.55,591400,5680,5483600
FINNIFTY02JAN2422000CE.NFO,02/01/2024,09:17:42,0.5,0.5,1223880,0.55,610680,2400,5483600
FINNIFTY02JAN2422000CE.NFO,02/01/2024,09:17:43,0.5,0.5,1219120,0.55,606120,12720,5483600
FINNIFTY02JAN2422000CE.NFO,02/01/2024,09:17:45,0.5,0.5,1221560,0.55,583800,44960,5483600
FINNIFTY02JAN2422000CE.NFO,02/01/2024,09:17:46,0.55,0.5,1216600,0.55,562800,30400,5483600
FINNIFTY02JAN2422000CE.NFO,02/01/2024,09:17:48,0.55,0.5,1215040,0.55,565760,15720,5483600
FINNIFTY02JAN2422000CE.NFO,02/01/2024,09:17:50,0.5,0.5,1210080,0.55,565640,7480,5483600
FINNIFTY02JAN2422000CE.NFO,02/01/2024,09:17:51,0.5,0.5,1207480,0.55,574520,2720,5483600
FINNIFTY02JAN2422000CE.NFO,02/01/2024,09:17:53,0.5,0.5,1199680,0.55,578960,14160,5483600
FINNIFTY02JAN2422000CE.NFO,02/01/2024,09:17:54,0.55,0.5,1199760,0.55,577160,3600,5483600
FINNIFTY02JAN2422000CE.NFO,02/01/2024,09:17:56,0.5,0.5,1197040,0.55,579000,4280,5483600
FINNIFTY02JAN2422000CE.NFO,02/01/2024,09:17:58,0.5,0.5,1193440,0.55,586200,3600,5483600
FINNIFTY02JAN2422000CE.NFO,02/01/2024,09:17:59,0.55,0.5,1188720,0.55,581360,11840,5483600
FINNIFTY02JAN2422000CE.NFO,02/01/2024,09:18:01,0.55,0.5,1182560,0.55,593400,10480,5483600
FINNIFTY02JAN2422000CE.NFO,02/01/2024,09:18:02,0.55,0.5,1174360,0.55,583320,12240,5483600
FINNIFTY02JAN2422000CE.NFO,02/01/2024,09:18:04,0.55,0.5,1201160,0.55,545320,8840,5483600
FINNIFTY02JAN2422000CE.NFO,02/01/2024,09:18:06,0.5,0.5,1193080,0.55,555160,8040,5483600
FINNIFTY02JAN2422000CE.NFO,02/01/2024,09:18:07,0.55,0.5,1208760,0.55,555280,5000,5483600
FINNIFTY02JAN2422000CE.NFO,02/01/2024,09:18:09,0.5,0.5,1239640,0.55,562520,5760,5483600
FINNIFTY02JAN2422000CE.NFO,02/01/2024,09:18:11,0.5,0.5,1269320,0.55,576520,7840,5483600
FINNIFTY02JAN2422000CE.NFO,02/01/2024,09:18:12,0.5,0.5,1265160,0.55,584440,6520,5483600
FINNIFTY02JAN2422000CE.NFO,02/01/2024,09:18:14,0.5,0.5,1261360,0.55,604200,6840,5483600
FINNIFTY02JAN2422000CE.NFO,02/01/2024,09:18:16,0.5,0.5,1259480,0.55,611040,4040,5483600
FINNIFTY02JAN2422000CE.NFO,02/01/2024,09:18:17,0.5,0.5,1255920,0.55,608360,9200,5483600
FINNIFTY02JAN2422000CE.NFO,02/01/2024,09:18:19,0.5,0.5,1251760,0.55,641400,10760,5483600
FINNIFTY02JAN2422000CE.NFO,02/01/2024,09:18:21,0.55,0.5,1247160,0.55,649240,11880,5483600
FINNIFTY02JAN2422000CE.NFO,02/01/2024,09:18:22,0.55,0.5,1247080,0.55,725960,760,5483600
FINNIFTY02JAN2422000CE.NFO,02/01/2024,09:18:24,0.5,0.5,1244320,0.55,723040,4160,5483600
FINNIFTY02JAN2422000CE.NFO,02/01/2024,09:18:25,0.55,0.5,1243840,0.55,705480,20040,5483600
FINNIFTY02JAN2422000CE.NFO,02/01/2024,09:18:27,0.5,0.5,1231200,0.55,611200,132680,5483600
FINNIFTY02JAN2422000CE.NFO,02/01/2024,09:18:29,0.5,0.5,1201960,0.55,621760,4040,5483600
FINNIFTY02JAN2422000CE.NFO,02/01/2024,09:18:30,0.55,0.5,1174640,0.55,617560,7040,5483600
FINNIFTY02JAN2422000CE.NFO,02/01/2024,09:18:32,0.55,0.5,1174640,0.55,618800,560,5483600
FINNIFTY02JAN2422000CE.NFO,02/01/2024,09:18:33,0.5,0.5,1182760,0.55,618560,8320,5483600
FINNIFTY02JAN2422000CE.NFO,02/01/2024,09:18:35,0.5,0.5,1195760,0.55,629160,5200,5483600
FINNIFTY02JAN2422000CE.NFO,02/01/2024,09:18:37,0.55,0.5,1200160,0.55,627880,1800,5483600
FINNIFTY02JAN2422000CE.NFO,02/01/2024,09:18:38,0.55,0.5,1198160,0.55,629640,3040,5483600
FINNIFTY02JAN2422000CE.NFO,02/01/2024,09:18:40,0.55,0.5,1187840,0.55,599240,17600,5483600
FINNIFTY02JAN2422000CE.NFO,02/01/2024,09:18:41,0.55,0.5,1186240,0.55,609520,4360,5483600
FINNIFTY02JAN2422000CE.NFO,02/01/2024,09:18:43,0.5,0.5,1148680,0.55,613760,22200,5483600
FINNIFTY02JAN2422000CE.NFO,02/01/2024,09:18:45,0.55,0.5,1169600,0.55,629640,2080,5483600
FINNIFTY02JAN2422000CE.NFO,02/01/2024,09:18:46,0.55,0.5,1149040,0.55,625440,5600,5483600
FINNIFTY02JAN2422000CE.NFO,02/01/2024,09:18:48,0.55,0.5,1146160,0.55,621560,20960,5483600
FINNIFTY02JAN2422000CE.NFO,02/01/2024,09:18:49,0.55,0.5,1182520,0.55,617760,9800,5483600
FINNIFTY02JAN2422000CE.NFO,02/01/2024,09:18:51,0.55,0.5,1212600,0.55,593880,12560,5483600
FINNIFTY02JAN2422000CE.NFO,02/01/2024,09:18:53,0.55,0.5,1212680,0.55,581920,8680,5483600
FINNIFTY02JAN2422000CE.NFO,02/01/2024,09:18:54,0.55,0.5,1210440,0.55,591720,10520,5483600
FINNIFTY02JAN2422000CE.NFO,02/01/2024,09:18:56,0.5,0.5,1235280,0.55,806120,20840,5483600
FINNIFTY02JAN2422000CE.NFO,02/01/2024,09:18:58,0.55,0.5,1272720,0.55,803040,5080,5483600
FINNIFTY02JAN2422000CE.NFO,02/01/2024,09:18:59,0.55,0.5,1274520,0.55,804200,2440,5483600
FINNIFTY02JAN2422000CE.NFO,02/01/2024,09:19:01,0.5,0.5,1258000,0.55,806640,25280,5483600
FINNIFTY02JAN2422000CE.NFO,02/01/2024,09:19:02,0.55,0.5,1265120,0.55,809160,1120,5483600
FINNIFTY02JAN2422000CE.NFO,02/01/2024,09:19:04,0.5,0.5,1264200,0.55,809200,920,5483600
FINNIFTY02JAN2422000CE.NFO,02/01/2024,09:19:06,0.5,0.5,1260560,0.55,819440,10480,5483600
FINNIFTY02JAN2422000CE.NFO,02/01/2024,09:19:07,0.5,0.5,1255200,0.55,842360,8520,5483600
FINNIFTY02JAN2422000CE.NFO,02/01/2024,09:19:09,0.5,0.5,1252960,0.55,840720,4880,5483600
FINNIFTY02JAN2422000CE.NFO,02/01/2024,09:19:10,0.55,0.5,1253160,0.55,768400,56520,5483600
FINNIFTY02JAN2422000CE.NFO,02/01/2024,09:19:12,0.55,0.5,1252720,0.55,785640,1080,5483600
FINNIFTY02JAN2422000CE.NFO,02/01/2024,09:19:14,0.5,0.5,1250080,0.55,798960,11440,5483600
FINNIFTY02JAN2422000CE.NFO,02/01/2024,09:19:15,0.55,0.5,1250800,0.55,855920,4720,5483600
FINNIFTY02JAN2422000CE.NFO,02/01/2024,09:19:17,0.55,0.5,1249400,0.55,900120,5200,5483600
FINNIFTY02JAN2422000CE.NFO,02/01/2024,09:19:19,0.5,0.5,1248120,0.55,899960,2400,5483600
FINNIFTY02JAN2422000CE.NFO,02/01/2024,09:19:20,0.5,0.5,1247840,0.55,898640,2520,5483600
FINNIFTY02JAN2422000CE.NFO,02/01/2024,09:19:22,0.5,0.5,1247600,0.55,896840,2040,5483600
FINNIFTY02JAN2422000CE.NFO,02/01/2024,09:19:23,0.5,0.5,1195200,0.55,884840,53080,5483600
FINNIFTY02JAN2422000CE.NFO,02/01/2024,09:19:25,0.5,0.5,1116680,0.55,880000,13360,5483600
FINNIFTY02JAN2422000CE.NFO,02/01/2024,09:19:27,0.5,0.5,1120880,0.55,884960,3440,5483600
FINNIFTY02JAN2422000CE.NFO,02/01/2024,09:19:28,0.5,0.5,1109200,0.55,883120,11720,5483600
FINNIFTY02JAN2422000CE.NFO,02/01/2024,09:19:30,0.5,0.5,1104120,0.55,882760,8200,5483600
FINNIFTY02JAN2422000CE.NFO,02/01/2024,09:19:32,0.5,0.5,1088560,0.55,869520,27920,5483600
FINNIFTY02JAN2422000CE.NFO,02/01/2024,09:19:34,0.5,0.5,1064120,0.55,867560,15440,5483600
FINNIFTY02JAN2422000CE.NFO,02/01/2024,09:19:35,0.5,0.5,1019720,0.55,865920,17920,5483600
FINNIFTY02JAN2422000CE.NFO,02/01/2024,09:19:37,0.5,0.5,1049320,0.55,856480,29560,5483600
FINNIFTY02JAN2422000CE.NFO,02/01/2024,09:19:39,0.5,0.5,1018040,0.55,856600,24440,5483600
FINNIFTY02JAN2422000CE.NFO,02/01/2024,09:19:40,0.5,0.5,1009120,0.55,854880,21640,5483600
FINNIFTY02JAN2422000CE.NFO,02/01/2024,09:19:42,0.5,0.5,984520,0.55,902480,34960,5483600
FINNIFTY02JAN2422000CE.NFO,02/01/2024,09:19:44,0.5,0.5,938680,0.55,920560,13080,5483600
FINNIFTY02JAN2422000CE.NFO,02/01/2024,09:19:45,0.5,0.5,876760,0.55,943320,24880,5483600
FINNIFTY02JAN2422000CE.NFO,02/01/2024,09:19:47,0.5,0.5,691200,0.55,955120,22280,5483600
FINNIFTY02JAN2422000CE.NFO,02/01/2024,09:19:49,0.5,0.5,192200,0.55,796920,239560,5483600
FINNIFTY02JAN2422000CE.NFO,02/01/2024,09:19:50,0.5,0.45,2226080,0.5,347600,183960,5483600
FINNIFTY02JAN2422000CE.NFO,02/01/2024,09:19:50,0.45,0.45,2226080,0.5,347600,0,5483600
FINNIFTY02JAN2422000CE.NFO,02/01/2024,09:19:52,0.5,0.45,2225440,0.5,442920,5320,5483600
FINNIFTY02JAN2422000CE.NFO,02/01/2024,09:19:54,0.45,0.45,2221520,0.5,472720,6880,5483600
FINNIFTY02JAN2422000CE.NFO,02/01/2024,09:19:55,0.45,0.45,2223320,0.5,538800,2040,5483600
FINNIFTY02JAN2422000CE.NFO,02/01/2024,09:19:57,0.45,0.45,2186320,0.5,563160,38240,5483600
FINNIFTY02JAN2422000CE.NFO,02/01/2024,09:19:59,0.5,0.45,2191600,0.5,581360,25080,5483600
FINNIFTY02JAN2422000CE.NFO,02/01/2024,09:20:00,0.5,0.45,2201400,0.5,568480,15600,5483600
FINNIFTY02JAN2422000CE.NFO,02/01/2024,09:20:02,0.45,0.45,2170400,0.5,707840,98040,5483600
FINNIFTY02JAN2422000CE.NFO,02/01/2024,09:20:04,0.45,0.45,2170120,0.5,703680,4880,5483600
FINNIFTY02JAN2422000CE.NFO,02/01/2024,09:20:05,0.45,0.45,2170040,0.5,711360,2440,5483600
FINNIFTY02JAN2422000CE.NFO,02/01/2024,09:20:07,0.45,0.45,2163640,0.5,706720,11720,5483600
FINNIFTY02JAN2422000CE.NFO,02/01/2024,09:20:09,0.45,0.45,2160520,0.5,712720,7160,5483600
FINNIFTY02JAN2422000CE.NFO,02/01/2024,09:20:10,0.45,0.45,2143040,0.5,705320,24880,5483600
FINNIFTY02JAN2422000CE.NFO,02/01/2024,09:20:12,0.45,0.45,2124120,0.5,711040,19760,5483600
FINNIFTY02JAN2422000CE.NFO,02/01/2024,09:20:14,0.5,0.45,2118680,0.5,703800,13360,5483600
FINNIFTY02JAN2422000CE.NFO,02/01/2024,09:20:15,0.5,0.45,2111040,0.5,706360,11200,5483600
FINNIFTY02JAN2422000CE.NFO,02/01/2024,09:20:17,0.45,0.45,2104400,0.5,754080,16360,5483600
FINNIFTY02JAN2422000CE.NFO,02/01/2024,09:20:19,0.45,0.45,2111200,0.5,748160,16280,5483600
FINNIFTY02JAN2422000CE.NFO,02/01/2024,09:20:20,0.45,0.45,2107960,0.5,742960,8560,5483600
FINNIFTY02JAN2422000CE.NFO,02/01/2024,09:20:22,0.45,0.45,2101160,0.5,741320,8400,5483600
FINNIFTY02JAN2422000CE.NFO,02/01/2024,09:20:24,0.5,0.45,2101120,0.5,749480,2640,5770240
FINNIFTY02JAN2422000CE.NFO,02/01/2024,09:20:25,0.5,0.45,2099320,0.5,756200,5720,5770240
FINNIFTY02JAN2422000CE.NFO,02/01/2024,09:20:27,0.45,0.45,2098120,0.5,756200,1200,5770240
FINNIFTY02JAN2422000CE.NFO,02/01/2024,09:20:29,0.45,0.45,2094480,0.5,763400,4480,5770240
FINNIFTY02JAN2422000CE.NFO,02/01/2024,09:20:30,0.5,0.45,2092640,0.5,760840,2600,5770240
FINNIFTY02JAN2422000CE.NFO,02/01/2024,09:20:32,0.5,0.45,2092960,0.5,759800,1040,5770240
FINNIFTY02JAN2422000CE.NFO,02/01/2024,09:20:34,0.45,0.45,2089560,0.5,755880,4800,5770240
FINNIFTY02JAN2422000CE.NFO,02/01/2024,09:20:35,0.5,0.45,2087760,0.5,765000,3480,5770240
FINNIFTY02JAN2422000CE.NFO,02/01/2024,09:20:37,0.5,0.45,2091000,0.5,774440,1400,5770240
FINNIFTY02JAN2422000CE.NFO,02/01/2024,09:20:39,0.45,0.45,2093160,0.5,784960,4720,5770240
FINNIFTY02JAN2422000CE.NFO,02/01/2024,09:20:40,0.45,0.45,2091360,0.5,786080,1800,5770240
FINNIFTY02JAN2422000CE.NFO,02/01/2024,09:20:42,0.5,0.45,2093680,0.5,772120,9200,5770240
FINNIFTY02JAN2422000CE.NFO,02/01/2024,09:20:44,0.45,0.45,2094800,0.5,786400,2680,5770240
FINNIFTY02JAN2422000CE.NFO,02/01/2024,09:20:45,0.5,0.45,2093720,0.5,787400,4320,5770240
FINNIFTY02JAN2422000CE.NFO,02/01/2024,09:20:47,0.5,0.45,2074680,0.5,785520,3680,5770240
FINNIFTY02JAN2422000CE.NFO,02/01/2024,09:20:49,0.5,0.45,2072320,0.5,781680,4840,5770240
FINNIFTY02JAN2422000CE.NFO,02/01/2024,09:20:50,0.5,0.45,2068840,0.5,821360,16720,5770240
FINNIFTY02JAN2422000CE.NFO,02/01/2024,09:20:52,0.45,0.45,2068400,0.5,816840,6760,5770240
FINNIFTY02JAN2422000CE.NFO,02/01/2024,09:20:54,0.5,0.45,2857920,0.5,774040,30560,5770240
FINNIFTY02JAN2422000CE.NFO,02/01/2024,09:20:55,0.5,0.45,3253240,0.5,786160,2480,5770240
FINNIFTY02JAN2422000CE.NFO,02/01/2024,09:20:57,0.45,0.45,3243440,0.5,806680,10800,5770240
FINNIFTY02JAN2422000CE.NFO,02/01/2024,09:20:59,0.5,0.45,3242880,0.5,800240,12440,5770240
FINNIFTY02JAN2422000CE.NFO,02/01/2024,09:21:00,0.5,0.45,3226120,0.5,808360,5680,5770240
FINNIFTY02JAN2422000CE.NFO,02/01/2024,09:21:02,0.45,0.45,3172800,0.5,812840,13320,5770240
FINNIFTY02JAN2422000CE.NFO,02/01/2024,09:21:04,0.45,0.45,3069640,0.5,818400,720,5770240
FINNIFTY02JAN2422000CE.NFO,02/01/2024,09:21:05,0.45,0.45,2185200,0.5,821480,2760,5770240
FINNIFTY02JAN2422000CE.NFO,02/01/2024,09:21:07,0.45,0.45,2015040,0.5,811080,23480,5770240
FINNIFTY02JAN2422000CE.NFO,02/01/2024,09:21:09,0.45,0.45,2017200,0.5,822000,1600,5770240
FINNIFTY02JAN2422000CE.NFO,02/01/2024,09:21:10,0.5,0.45,2010560,0.5,820240,13840,5770240
FINNIFTY02JAN2422000CE.NFO,02/01/2024,09:21:12,0.5,0.45,2004280,0.5,833560,9120,5770240
FINNIFTY02JAN2422000CE.NFO,02/01/2024,09:21:14,0.45,0.45,2004800,0.5,833960,2920,5770240
FINNIFTY02JAN2422000CE.NFO,02/01/2024,09:21:15,0.5,0.45,1985080,0.5,835240,11120,5770240
FINNIFTY02JAN2422000CE.NFO,02/01/2024,09:21:17,0.45,0.45,1999400,0.5,836560,3080,5770240
FINNIFTY02JAN2422000CE.NFO,02/01/2024,09:21:19,0.45,0.45,1997880,0.5,832040,7400,5770240
FINNIFTY02JAN2422000CE.NFO,02/01/2024,09:21:20,0.5,0.45,1993160,0.5,830000,8560,5770240
FINNIFTY02JAN2422000CE.NFO,02/01/2024,09:21:22,0.45,0.45,1992760,0.5,835720,3920,5770240
FINNIFTY02JAN2422000CE.NFO,02/01/2024,09:21:24,0.45,0.45,1992920,0.5,837600,5000,5770240
FINNIFTY02JAN2422000CE.NFO,02/01/2024,09:21:25,0.45,0.45,1996800,0.5,832120,12040,5770240
FINNIFTY02JAN2422000CE.NFO,02/01/2024,09:21:27,0.5,0.45,1984440,0.5,875800,26840,5770240
FINNIFTY02JAN2422000CE.NFO,02/01/2024,09:21:29,0.5,0.45,2002520,0.5,888760,18400,5770240
FINNIFTY02JAN2422000CE.NFO,02/01/2024,09:21:31,0.45,0.45,2013640,0.5,905680,13560,5770240
FINNIFTY02JAN2422000CE.NFO,02/01/2024,09:21:32,0.45,0.45,2028720,0.5,921520,4680,5770240
FINNIFTY02JAN2422000CE.NFO,02/01/2024,09:21:34,0.45,0.45,2050720,0.5,940120,2800,5770240
FINNIFTY02JAN2422000CE.NFO,02/01/2024,09:21:36,0.5,0.45,2048880,0.5,932960,7000,5770240
FINNIFTY02JAN2422000CE.NFO,02/01/2024,09:21:37,0.45,0.45,2047040,0.5,932760,2040,5770240
FINNIFTY02JAN2422000CE.NFO,02/01/2024,09:21:39,0.5,0.45,2046040,0.5,932240,3120,5770240
FINNIFTY02JAN2422000CE.NFO,02/01/2024,09:21:41,0.45,0.45,2032800,0.5,929520,14320,5770240
FINNIFTY02JAN2422000CE.NFO,02/01/2024,09:21:42,0.5,0.45,2034320,0.5,934920,3680,5770240
FINNIFTY02JAN2422000CE.NFO,02/01/2024,09:21:44,0.45,0.45,2025320,0.5,941920,9200,5770240
FINNIFTY02JAN2422000CE.NFO,02/01/2024,09:21:46,0.5,0.45,2027320,0.5,949720,2200,5770240
FINNIFTY02JAN2422000CE.NFO,02/01/2024,09:21:47,0.5,0.45,2026320,0.5,941880,11560,5770240
FINNIFTY02JAN2422000CE.NFO,02/01/2024,09:21:49,0.5,0.45,2018120,0.5,940000,10120,5770240
FINNIFTY02JAN2422000CE.NFO,02/01/2024,09:21:51,0.45,0.45,2007280,0.5,937760,9400,5770240
FINNIFTY02JAN2422000CE.NFO,02/01/2024,09:21:52,0.45,0.45,1998720,0.5,938680,9920,5770240
FINNIFTY02JAN2422000CE.NFO,02/01/2024,09:21:54,0.45,0.45,1996800,0.5,952600,5080,5770240
FINNIFTY02JAN2422000CE.NFO,02/01/2024,09:21:56,0.5,0.45,1999240,0.5,961720,9000,5770240
FINNIFTY02JAN2422000CE.NFO,02/01/2024,09:21:57,0.5,0.45,2017320,0.5,964920,5880,5770240
FINNIFTY02JAN2422000CE.NFO,02/01/2024,09:21:59,0.5,0.45,2015480,0.5,968760,16920,5770240
FINNIFTY02JAN2422000CE.NFO,02/01/2024,09:22:01,0.45,0.45,2012200,0.5,960080,15760,5770240
FINNIFTY02JAN2422000CE.NFO,02/01/2024,09:22:02,0.45,0.45,2008160,0.5,967560,9960,5770240
FINNIFTY02JAN2422000CE.NFO,02/01/2024,09:22:04,0.45,0.45,2007600,0.5,966520,8800,5770240
FINNIFTY02JAN2422000CE.NFO,02/01/2024,09:22:06,0.5,0.45,2009320,0.5,824880,139920,5770240
FINNIFTY02JAN2422000CE.NFO,02/01/2024,09:22:07,0.5,0.45,2011880,0.5,838560,2120,5770240
FINNIFTY02JAN2422000CE.NFO,02/01/2024,09:22:09,0.5,0.45,2011880,0.5,836960,1720,5770240
FINNIFTY02JAN2422000CE.NFO,02/01/2024,09:22:11,0.5,0.45,2011720,0.5,835880,2080,5770240
FINNIFTY02JAN2422000CE.NFO,02/01/2024,09:22:12,0.5,0.45,2010160,0.5,817720,19560,5770240
FINNIFTY02JAN2422000CE.NFO,02/01/2024,09:22:14,0.45,0.45,2009320,0.5,821880,1600,5770240
FINNIFTY02JAN2422000CE.NFO,02/01/2024,09:22:16,0.45,0.45,2009280,0.5,823840,1840,5770240
FINNIFTY02JAN2422000CE.NFO,02/01/2024,09:22:17,0.45,0.45,2008960,0.5,822520,3640,5770240
FINNIFTY02JAN2422000CE.NFO,02/01/2024,09:22:19,0.5,0.45,2010200,0.5,822960,1360,5770240
FINNIFTY02JAN2422000CE.NFO,02/01/2024,09:22:21,0.5,0.45,2007680,0.5,823320,2840,5770240
FINNIFTY02JAN2422000CE.NFO,02/01/2024,09:22:22,0.5,0.45,2009360,0.5,822320,3560,5770240
FINNIFTY02JAN2422000CE.NFO,02/01/2024,09:22:24,0.5,0.45,2019000,0.5,832840,1400,5770240
FINNIFTY02JAN2422000CE.NFO,02/01/2024,09:22:26,0.5,0.45,2019040,0.5,828440,5400,5770240
FINNIFTY02JAN2422000CE.NFO,02/01/2024,09:22:27,0.5,0.45,2018800,0.5,830080,1600,5770240
FINNIFTY02JAN2422000CE.NFO,02/01/2024,09:22:29,0.5,0.45,2017440,0.5,814880,4960,5770240
FINNIFTY02JAN2422000CE.NFO,02/01/2024,09:22:31,0.45,0.45,2013960,0.5,830360,3600,5770240
FINNIFTY02JAN2422000CE.NFO,02/01/2024,09:22:33,0.5,0.45,2013960,0.5,833560,400,5770240
FINNIFTY02JAN2422000CE.NFO,02/01/2024,09:22:34,0.5,0.45,2012960,0.5,832640,2960,5770240
FINNIFTY02JAN2422000CE.NFO,02/01/2024,09:22:36,0.5,0.45,2012560,0.5,832960,1880,5770240
FINNIFTY02JAN2422000CE.NFO,02/01/2024,09:22:38,0.45,0.45,2006000,0.5,832360,8840,5770240
FINNIFTY02JAN2422000CE.NFO,02/01/2024,09:22:39,0.5,0.45,2008360,0.5,840080,680,5770240
FINNIFTY02JAN2422000CE.NFO,02/01/2024,09:22:41,0.5,0.45,2007280,0.5,839800,1800,5770240
FINNIFTY02JAN2422000CE.NFO,02/01/2024,09:22:42,0.45,0.45,2005640,0.5,839800,2280,5770240
FINNIFTY02JAN2422000CE.NFO,02/01/2024,09:22:44,0.5,0.45,2007640,0.5,846120,3680,5770240
FINNIFTY02JAN2422000CE.NFO,02/01/2024,09:22:46,0.45,0.45,2004000,0.5,845360,5760,5770240
FINNIFTY02JAN2422000CE.NFO,02/01/2024,09:22:47,0.45,0.45,2002160,0.5,829760,17560,5770240
FINNIFTY02JAN2422000CE.NFO,02/01/2024,09:22:49,0.45,0.45,1995360,0.5,840400,5720,5770240
FINNIFTY02JAN2422000CE.NFO,02/01/2024,09:22:50,0.45,0.45,1988360,0.5,839960,6040,5770240
FINNIFTY02JAN2422000CE.NFO,02/01/2024,09:22:52,0.45,0.45,1985920,0.5,844600,6160,5770240
FINNIFTY02JAN2422000CE.NFO,02/01/2024,09:22:54,0.45,0.45,1982320,0.5,843440,4000,5770240
FINNIFTY02JAN2422000CE.NFO,02/01/2024,09:22:55,0.45,0.45,1981600,0.5,850040,6800,5770240
FINNIFTY02JAN2422000CE.NFO,02/01/2024,09:22:57,0.45,0.45,1979560,0.5,851000,6200,5770240
FINNIFTY02JAN2422000CE.NFO,02/01/2024,09:22:59,0.45,0.45,1973320,0.5,854600,8040,5770240
FINNIFTY02JAN2422000CE.NFO,02/01/2024,09:23:00,0.5,0.45,2025000,0.5,851280,5600,5770240
FINNIFTY02JAN2422000CE.NFO,02/01/2024,09:23:02,0.45,0.45,2120800,0.5,852480,12200,5770240
FINNIFTY02JAN2422000CE.NFO,02/01/2024,09:23:04,0.45,0.45,2113960,0.5,860040,11040,5770240
FINNIFTY02JAN2422000CE.NFO,02/01/2024,09:23:05,0.45,0.45,2104080,0.5,872240,12680,5770240
FINNIFTY02JAN2422000CE.NFO,02/01/2024,09:23:07,0.45,0.45,2089240,0.5,873640,3960,5770240
FINNIFTY02JAN2422000CE.NFO,02/01/2024,09:23:08,0.45,0.45,2096960,0.5,865240,22160,5770240
FINNIFTY02JAN2422000CE.NFO,02/01/2024,09:23:10,0.45,0.45,2093560,0.5,865640,4200,5770240
FINNIFTY02JAN2422000CE.NFO,02/01/2024,09:23:12,0.45,0.45,2086640,0.5,873280,7040,5770240
FINNIFTY02JAN2422000CE.NFO,02/01/2024,09:23:13,0.5,0.45,2064760,0.5,878280,8320,5770240
FINNIFTY02JAN2422000CE.NFO,02/01/2024,09:23:15,0.45,0.45,2076400,0.5,879760,6160,5770240
FINNIFTY02JAN2422000CE.NFO,02/01/2024,09:23:16,0.45,0.45,2068640,0.5,876280,11240,5770240
FINNIFTY02JAN2422000CE.NFO,02/01/2024,09:23:18,0.45,0.45,2065160,0.5,876840,3560,5770240
FINNIFTY02JAN2422000CE.NFO,02/01/2024,09:23:20,0.45,0.45,2061160,0.5,876640,11400,5770240
FINNIFTY02JAN2422000CE.NFO,02/01/2024,09:23:21,0.45,0.45,2059000,0.5,860200,25400,5770240
FINNIFTY02JAN2422000CE.NFO,02/01/2024,09:23:23,0.45,0.45,2055160,0.5,861400,4480,5770240
FINNIFTY02JAN2422000CE.NFO,02/01/2024,09:23:24,0.45,0.45,2052120,0.5,865040,1840,5734040
FINNIFTY02JAN2422000CE.NFO,02/01/2024,09:23:26,0.45,0.45,2041520,0.5,888840,2800,5734040
FINNIFTY02JAN2422000CE.NFO,02/01/2024,09:23:28,0.45,0.45,2054600,0.5,887000,9120,5734040
FINNIFTY02JAN2422000CE.NFO,02/01/2024,09:23:29,0.45,0.45,2047360,0.5,883400,13280,5734040
FINNIFTY02JAN2422000CE.NFO,02/01/2024,09:23:31,0.45,0.45,2047160,0.5,873280,13720,5734040
FINNIFTY02JAN2422000CE.NFO,02/01/2024,09:23:32,0.45,0.45,2042440,0.5,848360,39280,5734040
FINNIFTY02JAN2422000CE.NFO,02/01/2024,09:23:34,0.45,0.45,2039200,0.5,850320,2120,5734040
FINNIFTY02JAN2422000CE.NFO,02/01/2024,09:23:36,0.45,0.45,2037840,0.5,874480,6480,5734040
FINNIFTY02JAN2422000CE.NFO,02/01/2024,09:23:37,0.5,0.45,2036440,0.5,875360,3440,5734040
FINNIFTY02JAN2422000CE.NFO,02/01/2024,09:23:39,0.5,0.45,2036440,0.5,883240,0,5734040
FINNIFTY02JAN2422000CE.NFO,02/01/2024,09:23:41,0.5,0.45,2036600,0.5,882400,2360,5734040
FINNIFTY02JAN2422000CE.NFO,02/01/2024,09:23:42,0.45,0.45,2034040,0.5,883480,6120,5734040
FINNIFTY02JAN2422000CE.NFO,02/01/2024,09:23:44,0.45,0.45,2029720,0.5,847480,42880,5734040
FINNIFTY02JAN2422000CE.NFO,02/01/2024,09:23:46,0.5,0.45,2029680,0.5,847080,4760,5734040
FINNIFTY02JAN2422000CE.NFO,02/01/2024,09:23:47,0.5,0.45,2029080,0.5,849880,1080,5734040
FINNIFTY02JAN2422000CE.NFO,02/01/2024,09:23:49,0.5,0.45,2026440,0.5,850360,4080,5734040
FINNIFTY02JAN2422000CE.NFO,02/01/2024,09:23:51,0.5,0.45,2024280,0.5,896800,4120,5734040
FINNIFTY02JAN2422000CE.NFO,02/01/2024,09:23:52,0.5,0.45,2024840,0.5,899120,560,5734040
FINNIFTY02JAN2422000CE.NFO,02/01/2024,09:23:54,0.45,0.45,2024480,0.5,901000,2360,5734040
FINNIFTY02JAN2422000CE.NFO,02/01/2024,09:23:55,0.45,0.45,2024240,0.5,902160,5120,5734040
FINNIFTY02JAN2422000CE.NFO,02/01/2024,09:23:57,0.45,0.45,2071640,0.5,927560,5400,5734040
FINNIFTY02JAN2422000CE.NFO,02/01/2024,09:23:59,0.45,0.45,2070560,0.5,927760,3920,5734040
FINNIFTY02JAN2422000CE.NFO,02/01/2024,09:24:00,0.5,0.45,2070640,0.5,934200,2240,5734040
FINNIFTY02JAN2422000CE.NFO,02/01/2024,09:24:02,0.5,0.45,2070320,0.5,931960,2640,5734040
FINNIFTY02JAN2422000CE.NFO,02/01/2024,09:24:04,0.45,0.45,2069560,0.5,930800,1440,5734040
FINNIFTY02JAN2422000CE.NFO,02/01/2024,09:24:05,0.45,0.45,2068360,0.5,935120,2600,5734040
FINNIFTY02JAN2422000CE.NFO,02/01/2024,09:24:07,0.45,0.45,2066520,0.5,940760,3120,5734040
FINNIFTY02JAN2422000CE.NFO,02/01/2024,09:24:09,0.5,0.45,2060080,0.5,947360,6960,5734040
FINNIFTY02JAN2422000CE.NFO,02/01/2024,09:24:10,0.5,0.45,2058720,0.5,923320,2800,5734040
FINNIFTY02JAN2422000CE.NFO,02/01/2024,09:24:12,0.45,0.45,2043920,0.5,918120,1360,5734040
FINNIFTY02JAN2422000CE.NFO,02/01/2024,09:24:14,0.5,0.45,2086360,0.5,917360,360,5734040
FINNIFTY02JAN2422000CE.NFO,02/01/2024,09:24:15,0.5,0.45,2086440,0.5,921280,0,5734040
FINNIFTY02JAN2422000CE.NFO,02/01/2024,09:24:17,0.45,0.45,2086160,0.5,923800,3880,5734040
FINNIFTY02JAN2422000CE.NFO,02/01/2024,09:24:19,0.5,0.45,2084320,0.5,925800,2720,5734040
FINNIFTY02JAN2422000CE.NFO,02/01/2024,09:24:20,0.45,0.45,2083760,0.5,932240,600,5734040
FINNIFTY02JAN2422000CE.NFO,02/01/2024,09:24:22,0.5,0.45,2080840,0.5,935960,4240,5734040
FINNIFTY02JAN2422000CE.NFO,02/01/2024,09:24:23,0.5,0.45,2077240,0.5,937800,4280,5734040
FINNIFTY02JAN2422000CE.NFO,02/01/2024,09:24:25,0.5,0.45,2076760,0.5,919440,14600,5734040
FINNIFTY02JAN2422000CE.NFO,02/01/2024,09:24:27,0.5,0.45,2031520,0.5,921800,10320,5734040
FINNIFTY02JAN2422000CE.NFO,02/01/2024,09:24:28,0.5,0.45,2032680,0.5,903560,19760,5734040
FINNIFTY02JAN2422000CE.NFO,02/01/2024,09:24:30,0.5,0.45,2026120,0.5,881120,36080,5734040
FINNIFTY02JAN2422000CE.NFO,02/01/2024,09:24:32,0.5,0.45,2025880,0.5,872480,1800,5734040
FINNIFTY02JAN2422000CE.NFO,02/01/2024,09:24:33,0.5,0.45,2025880,0.5,841800,20120,5734040
FINNIFTY02JAN2422000CE.NFO,02/01/2024,09:24:35,0.5,0.45,2031680,0.5,771640,97880,5734040
FINNIFTY02JAN2422000CE.NFO,02/01/2024,09:24:37,0.5,0.45,2036600,0.5,735640,2480,5734040
FINNIFTY02JAN2422000CE.NFO,02/01/2024,09:24:38,0.45,0.45,2041520,0.5,737360,1960,5734040
FINNIFTY02JAN2422000CE.NFO,02/01/2024,09:24:40,0.5,0.45,2039480,0.5,699440,28040,5734040
FINNIFTY02JAN2422000CE.NFO,02/01/2024,09:24:41,0.45,0.45,2037640,0.5,719440,2800,5734040
FINNIFTY02JAN2422000CE.NFO,02/01/2024,09:24:43,0.45,0.45,2040120,0.5,720600,1320,5734040
FINNIFTY02JAN2422000CE.NFO,02/01/2024,09:24:45,0.5,0.45,2040160,0.5,720240,2160,5734040
FINNIFTY02JAN2422000CE.NFO,02/01/2024,09:24:46,0.5,0.45,2038600,0.5,719160,3400,5734040
FINNIFTY02JAN2422000CE.NFO,02/01/2024,09:24:48,0.45,0.45,2097400,0.5,717240,3360,5734040
FINNIFTY02JAN2422000CE.NFO,02/01/2024,09:24:50,0.45,0.45,2096560,0.5,752440,1600,5734040
FINNIFTY02JAN2422000CE.NFO,02/01/2024,09:24:51,0.5,0.45,2095680,0.5,746640,6680,5734040
FINNIFTY02JAN2422000CE.NFO,02/01/2024,09:24:53,0.45,0.45,2095240,0.5,746640,400,5734040
FINNIFTY02JAN2422000CE.NFO,02/01/2024,09:24:55,0.45,0.45,2095200,0.5,746120,560,5734040
FINNIFTY02JAN2422000CE.NFO,02/01/2024,09:24:56,0.5,0.45,2095160,0.5,748680,2440,5734040
FINNIFTY02JAN2422000CE.NFO,02/01/2024,09:24:58,0.5,0.45,2094640,0.5,749200,0,5734040
FINNIFTY02JAN2422000CE.NFO,02/01/2024,09:25:00,0.45,0.45,2094360,0.5,750680,160,5734040
FINNIFTY02JAN2422000CE.NFO,02/01/2024,09:25:01,0.5,0.45,2091000,0.5,749400,8200,5734040
FINNIFTY02JAN2422000CE.NFO,02/01/2024,09:25:03,0.5,0.45,2090240,0.5,749800,3320,5734040
FINNIFTY02JAN2422000CE.NFO,02/01/2024,09:25:05,0.5,0.45,2091040,0.5,748000,1800,5734040
FINNIFTY02JAN2422000CE.NFO,02/01/2024,09:25:06,0.5,0.45,2091040,0.5,747760,240,5734040
FINNIFTY02JAN2422000CE.NFO,02/01/2024,09:25:08,0.45,0.45,2090320,0.5,747520,720,5734040
FINNIFTY02JAN2422000CE.NFO,02/01/2024,09:25:10,0.5,0.45,2080320,0.5,749000,320,5734040
FINNIFTY02JAN2422000CE.NFO,02/01/2024,09:25:12,0.5,0.45,2077280,0.5,745400,4040,5734040
FINNIFTY02JAN2422000CE.NFO,02/01/2024,09:25:13,0.5,0.45,2077240,0.5,745560,1640,5734040
FINNIFTY02JAN2422000CE.NFO,02/01/2024,09:25:15,0.45,0.45,2062560,0.5,745560,5000,5734040
FINNIFTY02JAN2422000CE.NFO,02/01/2024,09:25:17,0.45,0.45,2061040,0.5,744000,4560,5734040
FINNIFTY02JAN2422000CE.NFO,02/01/2024,09:25:18,0.45,0.45,2059440,0.5,740360,5200,5734040
FINNIFTY02JAN2422000CE.NFO,02/01/2024,09:25:20,0.45,0.45,2060240,0.5,744160,0,5734040
FINNIFTY02JAN2422000CE.NFO,02/01/2024,09:25:21,0.5,0.45,2060160,0.5,744000,1120,5734040
FINNIFTY02JAN2422000CE.NFO,02/01/2024,09:25:23,0.45,0.45,2055480,0.5,741040,7080,5734040
FINNIFTY02JAN2422000CE.NFO,02/01/2024,09:25:25,0.45,0.45,2055000,0.5,741800,480,5734040
FINNIFTY02JAN2422000CE.NFO,02/01/2024,09:25:26,0.5,0.45,2056040,0.5,740960,2760,5734040
FINNIFTY02JAN2422000CE.NFO,02/01/2024,09:25:28,0.5,0.45,2056840,0.5,742920,2640,5734040
FINNIFTY02JAN2422000CE.NFO,02/01/2024,09:25:30,0.45,0.45,2053480,0.5,744680,3400,5734040
FINNIFTY02JAN2422000CE.NFO,02/01/2024,09:25:32,0.45,0.45,2048200,0.5,744680,5880,5734040
FINNIFTY02JAN2422000CE.NFO,02/01/2024,09:25:33,0.45,0.45,2049400,0.5,750080,0,5734040
FINNIFTY02JAN2422000CE.NFO,02/01/2024,09:25:35,0.45,0.45,2045120,0.5,750000,2320,5734040
FINNIFTY02JAN2422000CE.NFO,02/01/2024,09:25:37,0.5,0.45,2067920,0.5,743000,9600,5734040
FINNIFTY02JAN2422000CE.NFO,02/01/2024,09:25:38,0.45,0.45,2067400,0.5,744400,280,5734040
FINNIFTY02JAN2422000CE.NFO,02/01/2024,09:25:40,0.5,0.45,2069200,0.5,759280,1320,5734040
FINNIFTY02JAN2422000CE.NFO,02/01/2024,09:25:42,0.5,0.45,2068200,0.5,758080,1080,5734040
FINNIFTY02JAN2422000CE.NFO,02/01/2024,09:25:43,0.5,0.45,2066440,0.5,758640,40,5734040
FINNIFTY02JAN2422000CE.NFO,02/01/2024,09:25:45,0.5,0.45,2066440,0.5,757440,1800,5734040
FINNIFTY02JAN2422000CE.NFO,02/01/2024,09:25:47,0.5,0.45,1903480,0.5,757720,1200,5734040
FINNIFTY02JAN2422000CE.NFO,02/01/2024,09:25:48,0.45,0.45,1787360,0.5,755160,5160,5734040
FINNIFTY02JAN2422000CE.NFO,02/01/2024,09:25:50,0.45,0.45,1780840,0.5,760640,10000,5734040
FINNIFTY02JAN2422000CE.NFO,02/01/2024,09:25:52,0.5,0.45,1770600,0.5,761800,16080,5734040
FINNIFTY02JAN2422000CE.NFO,02/01/2024,09:25:53,0.45,0.45,1759480,0.5,761720,10600,5734040
FINNIFTY02JAN2422000CE.NFO,02/01/2024,09:25:55,0.5,0.45,1758240,0.5,761200,1760,5734040
FINNIFTY02JAN2422000CE.NFO,02/01/2024,09:25:57,0.5,0.45,1758440,0.5,763160,1600,5734040
FINNIFTY02JAN2422000CE.NFO,02/01/2024,09:25:58,0.5,0.45,1758440,0.5,764440,0,5734040
FINNIFTY02JAN2422000CE.NFO,02/01/2024,09:26:00,0.45,0.45,1757440,0.5,764400,1000,5734040
FINNIFTY02JAN2422000CE.NFO,02/01/2024,09:26:02,0.5,0.45,1757760,0.5,762600,1960,5734040
FINNIFTY02JAN2422000CE.NFO,02/01/2024,09:26:03,0.5,0.45,1757760,0.5,762400,200,5734040
FINNIFTY02JAN2422000CE.NFO,02/01/2024,09:26:05,0.45,0.45,1755760,0.5,779760,2840,5734040
FINNIFTY02JAN2422000CE.NFO,02/01/2024,09:26:07,0.5,0.45,1752160,0.5,779560,3800,5734040
FINNIFTY02JAN2422000CE.NFO,02/01/2024,09:26:08,0.5,0.45,1748360,0.5,787520,5920,5734040
FINNIFTY02JAN2422000CE.NFO,02/01/2024,09:26:10,0.45,0.45,1738760,0.5,798840,8400,5734040
FINNIFTY02JAN2422000CE.NFO,02/01/2024,09:26:12,0.5,0.45,1732360,0.5,798040,7880,5734040
FINNIFTY02JAN2422000CE.NFO,02/01/2024,09:26:13,0.5,0.45,1726800,0.5,796720,7360,5734040
FINNIFTY02JAN2422000CE.NFO,02/01/2024,09:26:15,0.45,0.45,1722560,0.5,796720,3040,5734040
FINNIFTY02JAN2422000CE.NFO,02/01/2024,09:26:16,0.45,0.45,1719000,0.5,772320,28080,5734040
FINNIFTY02JAN2422000CE.NFO,02/01/2024,09:26:18,0.45,0.45,1703960,0.5,793600,15400,5734040
FINNIFTY02JAN2422000CE.NFO,02/01/2024,09:26:20,0.5,0.45,1702880,0.5,806200,2080,5734040
FINNIFTY02JAN2422000CE.NFO,02/01/2024,09:26:21,0.5,0.45,1702560,0.5,806720,1600,5734040
FINNIFTY02JAN2422000CE.NFO,02/01/2024,09:26:23,0.45,0.45,1697080,0.5,807160,5680,5695920
FINNIFTY02JAN2422000CE.NFO,02/01/2024,09:26:25,0.5,0.45,1694880,0.5,812480,2480,5695920
FINNIFTY02JAN2422000CE.NFO,02/01/2024,09:26:26,0.45,0.45,1691320,0.5,833880,2680,5695920
FINNIFTY02JAN2422000CE.NFO,02/01/2024,09:26:28,0.5,0.45,1691320,0.5,834680,2120,5695920
FINNIFTY02JAN2422000CE.NFO,02/01/2024,09:26:30,0.5,0.45,1685640,0.5,833960,7720,5695920
FINNIFTY02JAN2422000CE.NFO,02/01/2024,09:26:31,0.45,0.45,1685920,0.5,833840,2040,5695920
FINNIFTY02JAN2422000CE.NFO,02/01/2024,09:26:33,0.45,0.45,1683680,0.5,841280,4200,5695920
FINNIFTY02JAN2422000CE.NFO,02/01/2024,09:26:35,0.45,0.45,1682880,0.5,807480,800,5695920
FINNIFTY02JAN2422000CE.NFO,02/01/2024,09:26:36,0.5,0.45,1681080,0.5,805440,5640,5695920
FINNIFTY02JAN2422000CE.NFO,02/01/2024,09:26:38,0.45,0.45,1672360,0.5,802240,10840,5695920
FINNIFTY02JAN2422000CE.NFO,02/01/2024,09:26:40,0.5,0.45,1667360,0.5,784640,22640,5695920
FINNIFTY02JAN2422000CE.NFO,02/01/2024,09:26:41,0.5,0.45,1660480,0.5,781320,10920,5695920
FINNIFTY02JAN2422000CE.NFO,02/01/2024,09:26:43,0.5,0.45,1657760,0.5,780160,5160,5695920
FINNIFTY02JAN2422000CE.NFO,02/01/2024,09:26:45,0.5,0.45,1650800,0.5,797840,10760,5695920
FINNIFTY02JAN2422000CE.NFO,02/01/2024,09:26:46,0.45,0.45,1641400,0.5,792880,13800,5695920
FINNIFTY02JAN2422000CE.NFO,02/01/2024,09:26:48,0.5,0.45,1633320,0.5,789280,8280,5695920
FINNIFTY02JAN2422000CE.NFO,02/01/2024,09:26:50,0.45,0.45,1625000,0.5,785360,15320,5695920
FINNIFTY02JAN2422000CE.NFO,02/01/2024,09:26:51,0.45,0.45,1606480,0.5,785320,17560,5695920
FINNIFTY02JAN2422000CE.NFO,02/01/2024,09:26:53,0.45,0.45,1581680,0.5,782280,10400,5695920
FINNIFTY02JAN2422000CE.NFO,02/01/2024,09:26:55,0.45,0.45,1589240,0.5,821080,10560,5695920
FINNIFTY02JAN2422000CE.NFO,02/01/2024,09:26:56,0.45,0.45,1573040,0.5,844480,24520,5695920
FINNIFTY02JAN2422000CE.NFO,02/01/2024,09:26:58,0.5,0.45,1574000,0.5,856920,2280,5695920
FINNIFTY02JAN2422000CE.NFO,02/01/2024,09:27:00,0.45,0.45,1573240,0.5,870440,360,5695920
FINNIFTY02JAN2422000CE.NFO,02/01/2024,09:27:01,0.45,0.45,1573360,0.5,876160,1720,5695920
FINNIFTY02JAN2422000CE.NFO,02/01/2024,09:27:03,0.45,0.45,1584760,0.5,876880,4200,5695920
FINNIFTY02JAN2422000CE.NFO,02/01/2024,09:27:05,0.45,0.45,1604760,0.5,872400,4760,5695920
FINNIFTY02JAN2422000CE.NFO,02/01/2024,09:27:06,0.45,0.45,1600400,0.5,900480,5320,5695920
FINNIFTY02JAN2422000CE.NFO,02/01/2024,09:27:08,0.5,0.45,1598400,0.5,907160,3800,5695920
FINNIFTY02JAN2422000CE.NFO,02/01/2024,09:27:10,0.45,0.45,1591000,0.5,909640,8640,5695920
FINNIFTY02JAN2422000CE.NFO,02/01/2024,09:27:11,0.5,0.45,1588760,0.5,914760,2520,5695920
FINNIFTY02JAN2422000CE.NFO,02/01/2024,09:27:13,0.45,0.45,1587000,0.5,914560,1440,5695920
FINNIFTY02JAN2422000CE.NFO,02/01/2024,09:27:14,0.5,0.45,1551200,0.5,925160,35040,5695920
FINNIFTY02JAN2422000CE.NFO,02/01/2024,09:27:16,0.45,0.45,1538040,0.5,942080,13480,5695920
FINNIFTY02JAN2422000CE.NFO,02/01/2024,09:27:18,0.45,0.45,1528160,0.5,949280,12400,5695920
FINNIFTY02JAN2422000CE.NFO,02/01/2024,09:27:20,0.5,0.45,1526640,0.5,953600,2680,5695920
FINNIFTY02JAN2422000CE.NFO,02/01/2024,09:27:21,0.45,0.45,1524560,0.5,969800,2080,5695920
FINNIFTY02JAN2422000CE.NFO,02/01/2024,09:27:23,0.5,0.45,1524560,0.5,967760,2600,5695920
FINNIFTY02JAN2422000CE.NFO,02/01/2024,09:27:25,0.45,0.45,1523760,0.5,971160,840,5695920
FINNIFTY02JAN2422000CE.NFO,02/01/2024,09:27:26,0.5,0.45,1522000,0.5,972320,2200,5695920
FINNIFTY02JAN2422000CE.NFO,02/01/2024,09:27:28,0.45,0.45,1521680,0.5,972840,320,5695920
FINNIFTY02JAN2422000CE.NFO,02/01/2024,09:27:30,0.45,0.45,1521680,0.5,974080,0,5695920
FINNIFTY02JAN2422000CE.NFO,02/01/2024,09:27:31,0.45,0.45,1498480,0.5,975520,6400,5695920
FINNIFTY02JAN2422000CE.NFO,02/01/2024,09:27:33,0.5,0.45,1500000,0.5,975960,16640,5695920
FINNIFTY02JAN2422000CE.NFO,02/01/2024,09:27:34,0.5,0.45,1497080,0.5,969640,8440,5695920
FINNIFTY02JAN2422000CE.NFO,02/01/2024,09:27:36,0.45,0.45,1496880,0.5,969720,600,5695920
FINNIFTY02JAN2422000CE.NFO,02/01/2024,09:27:38,0.45,0.45,1493680,0.5,986800,4200,5695920
FINNIFTY02JAN2422000CE.NFO,02/01/2024,09:27:39,0.45,0.45,1492200,0.5,994040,280,5695920
FINNIFTY02JAN2422000CE.NFO,02/01/2024,09:27:41,0.5,0.45,1492200,0.5,997480,1400,5695920
FINNIFTY02JAN2422000CE.NFO,02/01/2024,09:27:43,0.5,0.45,1488000,0.5,998760,6000,5695920
FINNIFTY02JAN2422000CE.NFO,02/01/2024,09:27:44,0.5,0.45,1488880,0.5,998280,120,5695920
FINNIFTY02JAN2422000CE.NFO,02/01/2024,09:27:46,0.5,0.45,1488200,0.5,998400,400,5695920
FINNIFTY02JAN2422000CE.NFO,02/01/2024,09:27:48,0.45,0.45,1486000,0.5,996080,5320,5695920
FINNIFTY02JAN2422000CE.NFO,02/01/2024,09:27:49,0.5,0.45,1486000,0.5,994640,1800,5695920
FINNIFTY02JAN2422000CE.NFO,02/01/2024,09:27:51,0.5,0.45,1486240,0.5,988160,6800,5695920
FINNIFTY02JAN2422000CE.NFO,02/01/2024,09:27:53,0.5,0.45,1486080,0.5,984760,3360,5695920
FINNIFTY02JAN2422000CE.NFO,02/01/2024,09:27:54,0.5,0.45,1484240,0.5,983720,4040,5695920
FINNIFTY02JAN2422000CE.NFO,02/01/2024,09:27:56,0.5,0.45,1484840,0.5,981880,2400,5695920
FINNIFTY02JAN2422000CE.NFO,02/01/2024,09:27:58,0.45,0.45,1482720,0.5,982120,3000,5695920
FINNIFTY02JAN2422000CE.NFO,02/01/2024,09:27:59,0.45,0.45,1478360,0.5,980920,5760,5695920
FINNIFTY02JAN2422000CE.NFO,02/01/2024,09:28:01,0.45,0.45,1429400,0.5,979880,35520,5695920
FINNIFTY02JAN2422000CE.NFO,02/01/2024,09:28:03,0.45,0.45,1444680,0.5,980520,1440,5695920
FINNIFTY02JAN2422000CE.NFO,02/01/2024,09:28:04,0.45,0.45,1439960,0.5,979040,6520,5695920
FINNIFTY02JAN2422000CE.NFO,02/01/2024,09:28:06,0.45,0.45,1437880,0.5,974320,6160,5695920
FINNIFTY02JAN2422000CE.NFO,02/01/2024,09:28:08,0.5,0.45,1430480,0.5,971800,11440,5695920
FINNIFTY02JAN2422000CE.NFO,02/01/2024,09:28:09,0.45,0.45,1424160,0.5,969080,8640,5695920
FINNIFTY02JAN2422000CE.NFO,02/01/2024,09:28:11,0.5,0.45,1424160,0.5,966800,3000,5695920
FINNIFTY02JAN2422000CE.NFO,02/01/2024,09:28:13,0.45,0.45,1421920,0.5,965240,3520,5695920
FINNIFTY02JAN2422000CE.NFO,02/01/2024,09:28:14,0.5,0.45,1421840,0.5,960680,4680,5695920
FINNIFTY02JAN2422000CE.NFO,02/01/2024,09:28:16,0.45,0.45,1418600,0.5,944000,18160,5695920
FINNIFTY02JAN2422000CE.NFO,02/01/2024,09:28:18,0.5,0.45,1419440,0.5,935200,7000,5695920
FINNIFTY02JAN2422000CE.NFO,02/01/2024,09:28:19,0.45,0.45,1417640,0.5,936160,4440,5695920
FINNIFTY02JAN2422000CE.NFO,02/01/2024,09:28:21,0.45,0.45,1409440,0.5,934680,8200,5695920
FINNIFTY02JAN2422000CE.NFO,02/01/2024,09:28:22,0.5,0.45,1405680,0.5,966400,6200,5695920
FINNIFTY02JAN2422000CE.NFO,02/01/2024,09:28:24,0.5,0.45,1405000,0.5,1001200,3720,5695920
FINNIFTY02JAN2422000CE.NFO,02/01/2024,09:28:26,0.45,0.45,1402960,0.5,1003560,2720,5695920
FINNIFTY02JAN2422000CE.NFO,02/01/2024,09:28:27,0.45,0.45,1401400,0.5,1001400,3240,5695920
FINNIFTY02JAN2422000CE.NFO,02/01/2024,09:28:29,0.45,0.45,1393280,0.5,1001400,7200,5695920
FINNIFTY02JAN2422000CE.NFO,02/01/2024,09:28:30,0.5,0.45,1393080,0.5,1000920,5480,5695920
FINNIFTY02JAN2422000CE.NFO,02/01/2024,09:28:42,0.45,0.45,1435800,0.5,992720,12280,5695920
FINNIFTY02JAN2422000CE.NFO,02/01/2024,09:28:54,0.5,0.45,1526920,0.5,984800,21880,5695920
FINNIFTY02JAN2422000CE.NFO,02/01/2024,09:29:05,0.5,0.45,1514520,0.5,976600,24480,5695920
FINNIFTY02JAN2422000CE.NFO,02/01/2024,09:29:17,0.5,0.45,1513880,0.5,972000,12480,5695920
FINNIFTY02JAN2422000CE.NFO,02/01/2024,09:29:29,0.45,0.45,1508840,0.5,936320,39400,5874360
FINNIFTY02JAN2422000CE.NFO,02/01/2024,09:29:40,0.45,0.45,1494120,0.5,873640,105120,5874360
FINNIFTY02JAN2422000CE.NFO,02/01/2024,09:29:52,0.5,0.45,1535400,0.5,873680,11080,5874360
FINNIFTY02JAN2422000CE.NFO,02/01/2024,09:30:04,0.5,0.45,1518520,0.5,865680,29240,5874360
FINNIFTY02JAN2422000CE.NFO,02/01/2024,09:30:15,0.5,0.45,1511520,0.5,824040,53000,5874360
FINNIFTY02JAN2422000CE.NFO,02/01/2024,09:30:27,0.45,0.45,1464320,0.5,811600,19440,5874360
FINNIFTY02JAN2422000CE.NFO,02/01/2024,09:30:30,0.45,0.45,1461440,0.5,811960,3280,5874360
FINNIFTY02JAN2422000CE.NFO,02/01/2024,09:30:32,0.45,0.45,1456960,0.5,811880,4680,5874360
FINNIFTY02JAN2422000CE.NFO,02/01/2024,09:30:34,0.45,0.45,1430480,0.5,810080,9240,5874360
FINNIFTY02JAN2422000CE.NFO,02/01/2024,09:30:35,0.45,0.45,1393880,0.5,810080,13000,5874360
FINNIFTY02JAN2422000CE.NFO,02/01/2024,09:30:37,0.45,0.45,1358320,0.5,808880,13600,5874360
FINNIFTY02JAN2422000CE.NFO,02/01/2024,09:30:39,0.45,0.45,1335200,0.5,828480,11920,5874360
FINNIFTY02JAN2422000CE.NFO,02/01/2024,09:30:40,0.45,0.45,1380440,0.5,826400,28800,5874360
FINNIFTY02JAN2422000CE.NFO,02/01/2024,09:30:42,0.45,0.45,1375960,0.5,819160,12320,5874360
FINNIFTY02JAN2422000CE.NFO,02/01/2024,09:30:43,0.45,0.45,1365560,0.5,836680,8920,5874360
FINNIFTY02JAN2422000CE.NFO,02/01/2024,09:30:45,0.45,0.45,1328200,0.5,854160,14080,5874360
FINNIFTY02JAN2422000CE.NFO,02/01/2024,09:30:47,0.45,0.45,1317920,0.5,853760,10680,5874360
FINNIFTY02JAN2422000CE.NFO,02/01/2024,09:30:48,0.45,0.45,1298520,0.5,874200,8320,5874360
FINNIFTY02JAN2422000CE.NFO,02/01/2024,09:30:50,0.45,0.45,1308000,0.5,876080,31160,5874360
FINNIFTY02JAN2422000CE.NFO,02/01/2024,09:30:52,0.45,0.45,1256480,0.5,879880,12640,5874360
FINNIFTY02JAN2422000CE.NFO,02/01/2024,09:30:53,0.45,0.45,1282560,0.5,877960,14640,5874360
FINNIFTY02JAN2422000CE.NFO,02/01/2024,09:30:55,0.45,0.45,1238360,0.5,898040,12040,5874360
FINNIFTY02JAN2422000CE.NFO,02/01/2024,09:30:57,0.45,0.45,1214280,0.5,918040,10120,5874360
FINNIFTY02JAN2422000CE.NFO,02/01/2024,09:30:58,0.45,0.45,1233280,0.5,952880,14160,5874360
FINNIFTY02JAN2422000CE.NFO,02/01/2024,09:31:00,0.45,0.45,1222800,0.5,955960,3280,5874360
FINNIFTY02JAN2422000CE.NFO,02/01/2024,09:31:02,0.45,0.45,1239120,0.5,953360,11400,5874360
FINNIFTY02JAN2422000CE.NFO,02/01/2024,09:31:03,0.45,0.45,1214600,0.5,973320,8080,5874360
FINNIFTY02JAN2422000CE.NFO,02/01/2024,09:31:05,0.45,0.45,1170920,0.5,992840,13080,5874360
FINNIFTY02JAN2422000CE.NFO,02/01/2024,09:31:07,0.45,0.45,1214640,0.5,890280,139440,5874360
FINNIFTY02JAN2422000CE.NFO,02/01/2024,09:31:08,0.45,0.45,1207720,0.5,859080,60400,5874360
FINNIFTY02JAN2422000CE.NFO,02/01/2024,09:31:10,0.45,0.45,1178480,0.5,870120,10880,5874360
FINNIFTY02JAN2422000CE.NFO,02/01/2024,09:31:12,0.45,0.45,1149160,0.5,901720,9200,5874360
FINNIFTY02JAN2422000CE.NFO,02/01/2024,09:31:13,0.45,0.45,1120600,0.5,896280,68000,5874360
FINNIFTY02JAN2422000CE.NFO,02/01/2024,09:31:15,0.45,0.45,1117920,0.5,933120,3840,5874360
FINNIFTY02JAN2422000CE.NFO,02/01/2024,09:31:17,0.5,0.45,1108200,0.5,922320,15840,5874360
FINNIFTY02JAN2422000CE.NFO,02/01/2024,09:31:18,0.5,0.45,1114360,0.5,922480,5640,5874360
FINNIFTY02JAN2422000CE.NFO,02/01/2024,09:31:20,0.5,0.45,1113680,0.5,916480,6000,5874360
FINNIFTY02JAN2422000CE.NFO,02/01/2024,09:31:22,0.5,0.45,1113680,0.5,915560,440,5874360
FINNIFTY02JAN2422000CE.NFO,02/01/2024,09:31:23,0.5,0.45,1113680,0.5,916080,0,5874360
FINNIFTY02JAN2422000CE.NFO,02/01/2024,09:31:25,0.5,0.45,1101200,0.5,904600,12480,5874360
FINNIFTY02JAN2422000CE.NFO,02/01/2024,09:31:27,0.5,0.45,1101240,0.5,902840,1160,5874360
FINNIFTY02JAN2422000CE.NFO,02/01/2024,09:31:28,0.45,0.45,1100200,0.5,903640,1400,5874360
FINNIFTY02JAN2422000CE.NFO,02/01/2024,09:31:30,0.5,0.45,1098120,0.5,902320,4880,5874360
FINNIFTY02JAN2422000CE.NFO,02/01/2024,09:31:32,0.5,0.45,1098120,0.5,896320,5400,5874360
FINNIFTY02JAN2422000CE.NFO,02/01/2024,09:31:34,0.5,0.45,1097720,0.5,893280,4640,5874360
FINNIFTY02JAN2422000CE.NFO,02/01/2024,09:31:35,0.45,0.45,1096480,0.5,890280,2600,5874360
FINNIFTY02JAN2422000CE.NFO,02/01/2024,09:31:37,0.5,0.45,1096520,0.5,891880,800,5874360
FINNIFTY02JAN2422000CE.NFO,02/01/2024,09:31:39,0.5,0.45,1096520,0.5,893160,0,5874360
FINNIFTY02JAN2422000CE.NFO,02/01/2024,09:31:40,0.5,0.45,1096320,0.5,893120,240,5874360
FINNIFTY02JAN2422000CE.NFO,02/01/2024,09:31:42,0.5,0.45,1096320,0.5,893080,40,5874360
FINNIFTY02JAN2422000CE.NFO,02/01/2024,09:31:44,0.5,0.45,1098120,0.5,891080,200,5874360
FINNIFTY02JAN2422000CE.NFO,02/01/2024,09:31:45,0.5,0.45,1098120,0.5,888120,1800,5874360
FINNIFTY02JAN2422000CE.NFO,02/01/2024,09:31:47,0.5,0.45,1098560,0.5,906120,4040,5874360
FINNIFTY02JAN2422000CE.NFO,02/01/2024,09:31:49,0.5,0.45,1098880,0.5,899400,9000,5874360
FINNIFTY02JAN2422000CE.NFO,02/01/2024,09:31:50,0.5,0.45,1080880,0.5,911760,20200,5874360
FINNIFTY02JAN2422000CE.NFO,02/01/2024,09:31:52,0.5,0.45,1080880,0.5,914600,120,5874360
FINNIFTY02JAN2422000CE.NFO,02/01/2024,09:31:54,0.45,0.45,1079200,0.5,917280,480,5874360
FINNIFTY02JAN2422000CE.NFO,02/01/2024,09:31:56,0.5,0.45,1079280,0.5,917200,1560,5874360
FINNIFTY02JAN2422000CE.NFO,02/01/2024,09:31:57,0.45,0.45,1179840,0.5,923280,200,5874360
FINNIFTY02JAN2422000CE.NFO,02/01/2024,09:31:59,0.5,0.45,1217000,0.5,927920,1440,5874360
FINNIFTY02JAN2422000CE.NFO,02/01/2024,09:32:00,0.45,0.45,1216600,0.5,933840,400,5874360
FINNIFTY02JAN2422000CE.NFO,02/01/2024,09:32:02,0.5,0.45,1216520,0.5,933160,1600,5874360
FINNIFTY02JAN2422000CE.NFO,02/01/2024,09:32:04,0.45,0.45,1214880,0.5,928280,16040,5874360
FINNIFTY02JAN2422000CE.NFO,02/01/2024,09:32:05,0.5,0.45,1214560,0.5,928280,160,5874360
FINNIFTY02JAN2422000CE.NFO,02/01/2024,09:32:07,0.5,0.45,1214560,0.5,924520,2600,5874360
FINNIFTY02JAN2422000CE.NFO,02/01/2024,09:32:09,0.45,0.45,1214760,0.5,925720,920,5874360
FINNIFTY02JAN2422000CE.NFO,02/01/2024,09:32:10,0.5,0.45,1250760,0.5,927560,200,5874360
FINNIFTY02JAN2422000CE.NFO,02/01/2024,09:32:12,0.5,0.45,1252160,0.5,927080,80,5874360
FINNIFTY02JAN2422000CE.NFO,02/01/2024,09:32:14,0.45,0.45,1263640,0.5,920640,14040,5874360
FINNIFTY02JAN2422000CE.NFO,02/01/2024,09:32:15,0.45,0.45,1263880,0.5,917400,5080,5874360
FINNIFTY02JAN2422000CE.NFO,02/01/2024,09:32:17,0.5,0.45,1272000,0.5,916200,1200,5874360
FINNIFTY02JAN2422000CE.NFO,02/01/2024,09:32:19,0.45,0.45,1243280,0.5,917840,67800,5874360
FINNIFTY02JAN2422000CE.NFO,02/01/2024,09:32:20,0.5,0.45,1181480,0.5,912680,101440,5874360
FINNIFTY02JAN2422000CE.NFO,02/01/2024,09:32:22,0.45,0.45,1063360,0.5,952160,118880,5874360
FINNIFTY02JAN2422000CE.NFO,02/01/2024,09:32:24,0.5,0.45,1117840,0.5,958240,1920,5874360
FINNIFTY02JAN2422000CE.NFO,02/01/2024,09:32:25,0.5,0.45,1118360,0.5,1019440,8800,6082040
FINNIFTY02JAN2422000CE.NFO,02/01/2024,09:32:27,0.5,0.45,1194680,0.5,1064760,6800,6082040
FINNIFTY02JAN2422000CE.NFO,02/01/2024,09:32:28,0.45,0.45,979240,0.5,1081200,163280,6082040
FINNIFTY02JAN2422000CE.NFO,02/01/2024,09:32:30,0.5,0.45,972480,0.5,1101640,71040,6082040
FINNIFTY02JAN2422000CE.NFO,02/01/2024,09:32:32,0.5,0.45,913800,0.5,1116120,41400,6082040
FINNIFTY02JAN2422000CE.NFO,02/01/2024,09:32:33,0.45,0.45,842800,0.5,1125200,2920,6082040
FINNIFTY02JAN2422000CE.NFO,02/01/2024,09:32:35,0.45,0.45,688800,0.5,1148720,2600,6082040
FINNIFTY02JAN2422000CE.NFO,02/01/2024,09:32:37,0.45,0.45,438320,0.5,1142760,23680,6082040
FINNIFTY02JAN2422000CE.NFO,02/01/2024,09:32:38,0.45,0.45,102880,0.5,1004760,127280,6082040
FINNIFTY02JAN2422000CE.NFO,02/01/2024,09:32:40,0.4,0.4,2443280,0.45,617320,150960,6082040
FINNIFTY02JAN2422000CE.NFO,02/01/2024,09:32:40,0.4,0.4,2443280,0.45,617320,0,6082040
FINNIFTY02JAN2422000CE.NFO,02/01/2024,09:32:41,0.45,0.4,2440840,0.45,850120,2160,6082040
FINNIFTY02JAN2422000CE.NFO,02/01/2024,09:32:43,0.4,0.4,2348000,0.45,879840,79240,6082040
FINNIFTY02JAN2422000CE.NFO,02/01/2024,09:32:45,0.45,0.4,2364720,0.45,969440,3640,6082040
FINNIFTY02JAN2422000CE.NFO,02/01/2024,09:32:46,0.45,0.4,2362640,0.45,1000760,7320,6082040
FINNIFTY02JAN2422000CE.NFO,02/01/2024,09:32:48,0.4,0.4,2363800,0.45,1067320,3160,6082040
FINNIFTY02JAN2422000CE.NFO,02/01/2024,09:32:50,0.45,0.4,2374520,0.45,1086360,2360,6082040
FINNIFTY02JAN2422000CE.NFO,02/01/2024,09:32:51,0.45,0.4,2374200,0.45,1086280,600,6082040
FINNIFTY02JAN2422000CE.NFO,02/01/2024,09:32:53,0.45,0.4,2357360,0.45,1116720,22040,6082040
FINNIFTY02JAN2422000CE.NFO,02/01/2024,09:32:55,0.45,0.4,2304640,0.45,1122040,52120,6082040
FINNIFTY02JAN2422000CE.NFO,02/01/2024,09:32:56,0.45,0.4,2322960,0.45,1120520,1920,6082040
FINNIFTY02JAN2422000CE.NFO,02/01/2024,09:32:58,0.45,0.4,2323720,0.45,1121720,240,6082040
FINNIFTY02JAN2422000CE.NFO,02/01/2024,09:32:59,0.45,0.4,2325040,0.45,1121040,880,6082040
FINNIFTY02JAN2422000CE.NFO,02/01/2024,09:33:01,0.45,0.4,2316840,0.45,1105280,40240,6082040
FINNIFTY02JAN2422000CE.NFO,02/01/2024,09:33:03,0.45,0.4,2317200,0.45,1104120,1680,6082040
FINNIFTY02JAN2422000CE.NFO,02/01/2024,09:33:04,0.45,0.4,2317640,0.45,1072720,31200,6082040
FINNIFTY02JAN2422000CE.NFO,02/01/2024,09:33:06,0.45,0.4,2317640,0.45,1068440,5080,6082040
FINNIFTY02JAN2422000CE.NFO,02/01/2024,09:33:08,0.45,0.4,2315600,0.45,1029240,39600,6082040
FINNIFTY02JAN2422000CE.NFO,02/01/2024,09:33:09,0.45,0.4,2315600,0.45,1028880,280,6082040
FINNIFTY02JAN2422000CE.NFO,02/01/2024,09:33:11,0.45,0.4,2315600,0.45,1025400,2440,6082040
FINNIFTY02JAN2422000CE.NFO,02/01/2024,09:33:13,0.4,0.4,2314760,0.45,1031160,3040,6082040
FINNIFTY02JAN2422000CE.NFO,02/01/2024,09:33:14,0.45,0.4,2314280,0.45,1030640,520,6082040
FINNIFTY02JAN2422000CE.NFO,02/01/2024,09:33:16,0.45,0.4,2314280,0.45,1031720,0,6082040
FINNIFTY02JAN2422000CE.NFO,02/01/2024,09:33:17,0.45,0.4,2313400,0.45,1008240,17120,6082040
FINNIFTY02JAN2422000CE.NFO,02/01/2024,09:33:19,0.45,0.4,2304640,0.45,993480,33040,6082040
FINNIFTY02JAN2422000CE.NFO,02/01/2024,09:33:21,0.45,0.4,2304640,0.45,984080,3120,6082040
FINNIFTY02JAN2422000CE.NFO,02/01/2024,09:33:22,0.45,0.4,2302840,0.45,949640,16320,6082040
FINNIFTY02JAN2422000CE.NFO,02/01/2024,09:33:24,0.45,0.4,2302440,0.45,989080,560,6082040
FINNIFTY02JAN2422000CE.NFO,02/01/2024,09:33:26,0.4,0.4,2301880,0.45,971080,40,6082040
FINNIFTY02JAN2422000CE.NFO,02/01/2024,09:33:27,0.4,0.4,2301480,0.45,955080,2000,6082040
FINNIFTY02JAN2422000CE.NFO,02/01/2024,09:33:29,0.45,0.4,2293440,0.45,955640,9240,6082040
FINNIFTY02JAN2422000CE.NFO,02/01/2024,09:33:30,0.45,0.4,2294000,0.45,957640,3560,6082040
FINNIFTY02JAN2422000CE.NFO,02/01/2024,09:33:32,0.4,0.4,2238920,0.45,980760,56320,6082040
FINNIFTY02JAN2422000CE.NFO,02/01/2024,09:33:34,0.4,0.4,2191440,0.45,982240,40320,6082040
FINNIFTY02JAN2422000CE.NFO,02/01/2024,09:33:35,0.4,0.4,2198400,0.45,982240,0,6082040
FINNIFTY02JAN2422000CE.NFO,02/01/2024,09:33:37,0.4,0.4,2198360,0.45,985840,40,6082040
FINNIFTY02JAN2422000CE.NFO,02/01/2024,09:33:39,0.4,0.4,2196480,0.45,996600,1920,6082040
FINNIFTY02JAN2422000CE.NFO,02/01/2024,09:33:40,0.45,0.4,2194680,0.45,1004960,2440,6082040
FINNIFTY02JAN2422000CE.NFO,02/01/2024,09:33:42,0.45,0.4,2191600,0.45,1048320,3840,6082040
FINNIFTY02JAN2422000CE.NFO,02/01/2024,09:33:44,0.4,0.4,2188240,0.45,1050360,4440,6082040
FINNIFTY02JAN2422000CE.NFO,02/01/2024,09:33:45,0.4,0.4,2192480,0.45,1055120,760,6082040
FINNIFTY02JAN2422000CE.NFO,02/01/2024,09:33:47,0.45,0.4,2197520,0.45,1055080,40,6082040
FINNIFTY02JAN2422000CE.NFO,02/01/2024,09:33:49,0.45,0.4,2203920,0.45,1054640,1040,6082040
FINNIFTY02JAN2422000CE.NFO,02/01/2024,09:33:50,0.45,0.4,2203920,0.45,1054040,80,6082040
FINNIFTY02JAN2422000CE.NFO,02/01/2024,09:33:52,0.45,0.4,2204640,0.45,1054400,680,6082040
FINNIFTY02JAN2422000CE.NFO,02/01/2024,09:33:54,0.45,0.4,2204640,0.45,1059720,80,6082040
FINNIFTY02JAN2422000CE.NFO,02/01/2024,09:33:55,0.4,0.4,2203720,0.45,1074120,40,6082040
FINNIFTY02JAN2422000CE.NFO,02/01/2024,09:33:57,0.45,0.4,2202720,0.45,1089360,3760,6082040
FINNIFTY02JAN2422000CE.NFO,02/01/2024,09:33:58,0.45,0.4,2202720,0.45,1103120,640,6082040
FINNIFTY02JAN2422000CE.NFO,02/01/2024,09:34:00,0.4,0.4,2201760,0.45,1120960,1080,6082040
FINNIFTY02JAN2422000CE.NFO,02/01/2024,09:34:02,0.4,0.4,2182640,0.45,1122720,20960,6082040
FINNIFTY02JAN2422000CE.NFO,02/01/2024,09:34:04,0.45,0.4,2185760,0.45,1134560,2560,6082040
FINNIFTY02JAN2422000CE.NFO,02/01/2024,09:34:05,0.45,0.4,2185760,0.45,1138160,0,6082040
FINNIFTY02JAN2422000CE.NFO,02/01/2024,09:34:07,0.45,0.4,2185760,0.45,1137880,800,6082040
FINNIFTY02JAN2422000CE.NFO,02/01/2024,09:34:09,0.4,0.4,2184080,0.45,1135760,2200,6082040
FINNIFTY02JAN2422000CE.NFO,02/01/2024,09:34:10,0.4,0.4,2184440,0.45,1137480,0,6082040
FINNIFTY02JAN2422000CE.NFO,02/01/2024,09:34:12,0.45,0.4,2154440,0.45,1134160,2440,6082040
FINNIFTY02JAN2422000CE.NFO,02/01/2024,09:34:14,0.4,0.4,2125880,0.45,1132720,23280,6082040
FINNIFTY02JAN2422000CE.NFO,02/01/2024,09:34:15,0.4,0.4,2087720,0.45,1128520,35240,6082040
FINNIFTY02JAN2422000CE.NFO,02/01/2024,09:34:17,0.45,0.4,2100480,0.45,1128280,440,6082040
FINNIFTY02JAN2422000CE.NFO,02/01/2024,09:34:19,0.45,0.4,2101240,0.45,1126240,2240,6082040
FINNIFTY02JAN2422000CE.NFO,02/01/2024,09:34:20,0.4,0.4,2121000,0.45,1123200,3280,6082040
FINNIFTY02JAN2422000CE.NFO,02/01/2024,09:34:22,0.4,0.4,2140800,0.45,1123520,200,6082040
FINNIFTY02JAN2422000CE.NFO,02/01/2024,09:34:24,0.4,0.4,2159200,0.45,1122320,2800,6082040
FINNIFTY02JAN2422000CE.NFO,02/01/2024,09:34:25,0.45,0.4,2158960,0.45,1112720,9800,6082040
FINNIFTY02JAN2422000CE.NFO,02/01/2024,09:34:27,0.45,0.4,2157480,0.45,1112720,0,6082040
FINNIFTY02JAN2422000CE.NFO,02/01/2024,09:34:29,0.45,0.4,2154240,0.45,1106720,9240,6082040
FINNIFTY02JAN2422000CE.NFO,02/01/2024,09:34:30,0.45,0.4,2154240,0.45,1106680,40,6082040
FINNIFTY02JAN2422000CE.NFO,02/01/2024,09:34:31,0.45,0.4,2151960,0.45,1104880,4080,6082040
FINNIFTY02JAN2422000CE.NFO,02/01/2024,09:34:33,0.45,0.4,2152040,0.45,1084800,12600,6082040
FINNIFTY02JAN2422000CE.NFO,02/01/2024,09:34:35,0.45,0.4,2150240,0.45,1084880,7800,6082040
FINNIFTY02JAN2422000CE.NFO,02/01/2024,09:34:36,0.4,0.4,2145880,0.45,1083160,6080,6082040
FINNIFTY02JAN2422000CE.NFO,02/01/2024,09:34:38,0.45,0.4,2145480,0.45,1080600,2960,6082040
FINNIFTY02JAN2422000CE.NFO,02/01/2024,09:34:40,0.45,0.4,2143080,0.45,1080600,2440,6082040
FINNIFTY02JAN2422000CE.NFO,02/01/2024,09:34:41,0.45,0.4,2147880,0.45,1079760,1800,6082040
FINNIFTY02JAN2422000CE.NFO,02/01/2024,09:34:43,0.4,0.4,2150120,0.45,1079760,40,6082040
FINNIFTY02JAN2422000CE.NFO,02/01/2024,09:34:45,0.4,0.4,2148320,0.45,1079760,0,6082040
FINNIFTY02JAN2422000CE.NFO,02/01/2024,09:34:46,0.45,0.4,2139200,0.45,1086600,160,6082040
FINNIFTY02JAN2422000CE.NFO,02/01/2024,09:34:48,0.45,0.4,2139200,0.45,1086600,0,6082040
FINNIFTY02JAN2422000CE.NFO,02/01/2024,09:34:50,0.4,0.4,2135200,0.45,1088360,4040,6082040
FINNIFTY02JAN2422000CE.NFO,02/01/2024,09:34:51,0.4,0.4,2108880,0.45,1085080,31240,6082040
FINNIFTY02JAN2422000CE.NFO,02/01/2024,09:34:53,0.45,0.4,2086160,0.45,1083920,23200,6082040
FINNIFTY02JAN2422000CE.NFO,02/01/2024,09:34:55,0.4,0.4,2085840,0.45,1078520,5760,6082040
FINNIFTY02JAN2422000CE.NFO,02/01/2024,09:34:56,0.45,0.4,2085520,0.45,1077600,920,6082040
FINNIFTY02JAN2422000CE.NFO,02/01/2024,09:34:58,0.45,0.4,2085520,0.45,1077000,600,6082040
FINNIFTY02JAN2422000CE.NFO,02/01/2024,09:35:00,0.4,0.4,2084240,0.45,1073200,5600,6082040
FINNIFTY02JAN2422000CE.NFO,02/01/2024,09:35:01,0.4,0.4,2082800,0.45,1063800,10560,6082040
FINNIFTY02JAN2422000CE.NFO,02/01/2024,09:35:03,0.4,0.4,2084520,0.45,1063800,0,6082040
FINNIFTY02JAN2422000CE.NFO,02/01/2024,09:35:05,0.45,0.4,2085920,0.45,1057960,4000,6082040
FINNIFTY02JAN2422000CE.NFO,02/01/2024,09:35:06,0.45,0.4,2085400,0.45,1057440,720,6082040
FINNIFTY02JAN2422000CE.NFO,02/01/2024,09:35:08,0.45,0.4,2085400,0.45,1053320,3600,6082040
FINNIFTY02JAN2422000CE.NFO,02/01/2024,09:35:10,0.4,0.4,2082200,0.45,1053240,5000,6082040
FINNIFTY02JAN2422000CE.NFO,02/01/2024,09:35:11,0.45,0.4,2081400,0.45,1045800,8240,6082040
FINNIFTY02JAN2422000CE.NFO,02/01/2024,09:35:15,0.45,0.4,2080920,0.45,1037520,9440,6082040
FINNIFTY02JAN2422000CE.NFO,02/01/2024,09:35:16,0.45,0.4,2075400,0.45,1033760,9320,6082040
FINNIFTY02JAN2422000CE.NFO,02/01/2024,09:35:18,0.45,0.4,2075440,0.45,1030160,3600,6082040
FINNIFTY02JAN2422000CE.NFO,02/01/2024,09:35:20,0.4,0.4,2075360,0.45,1028320,3720,6082040
FINNIFTY02JAN2422000CE.NFO,02/01/2024,09:35:21,0.4,0.4,2072160,0.45,1028880,5000,6082040
FINNIFTY02JAN2422000CE.NFO,02/01/2024,09:35:23,0.4,0.4,2068320,0.45,1026520,6200,6082040
FINNIFTY02JAN2422000CE.NFO,02/01/2024,09:35:25,0.4,0.4,2068760,0.45,1028320,0,6082040
FINNIFTY02JAN2422000CE.NFO,02/01/2024,09:35:26,0.45,0.4,2067160,0.45,1027960,1960,6036880
FINNIFTY02JAN2422000CE.NFO,02/01/2024,09:35:28,0.45,0.4,2065560,0.45,1026160,3400,6036880
FINNIFTY02JAN2422000CE.NFO,02/01/2024,09:35:34,0.45,0.4,2066920,0.45,1020800,5680,6036880
FINNIFTY02JAN2422000CE.NFO,02/01/2024,09:35:44,0.45,0.4,2064400,0.45,1015520,9480,6036880
FINNIFTY02JAN2422000CE.NFO,02/01/2024,09:35:55,0.45,0.4,2062720,0.45,1137240,30800,6036880
FINNIFTY02JAN2422000CE.NFO,02/01/2024,09:36:06,0.45,0.4,2059600,0.45,1173320,45600,6036880
FINNIFTY02JAN2422000CE.NFO,02/01/2024,09:36:17,0.4,0.4,2055360,0.45,1171400,20600,6036880
FINNIFTY02JAN2422000CE.NFO,02/01/2024,09:36:29,0.4,0.4,2046360,0.45,1168480,22640,6036880
FINNIFTY02JAN2422000CE.NFO,02/01/2024,09:36:39,0.45,0.4,2025920,0.45,1181680,38920,6036880
FINNIFTY02JAN2422000CE.NFO,02/01/2024,09:36:50,0.45,0.4,1928080,0.45,1171640,18000,6036880
FINNIFTY02JAN2422000CE.NFO,02/01/2024,09:37:01,0.4,0.4,1927280,0.45,1176280,6960,6036880
FINNIFTY02JAN2422000CE.NFO,02/01/2024,09:37:12,0.45,0.4,2067600,0.45,1213160,52360,6036880
FINNIFTY02JAN2422000CE.NFO,02/01/2024,09:37:22,0.45,0.4,2025760,0.45,1224120,19080,6036880
FINNIFTY02JAN2422000CE.NFO,02/01/2024,09:37:31,0.45,0.4,1998520,0.45,1229040,11280,6036880
FINNIFTY02JAN2422000CE.NFO,02/01/2024,09:37:33,0.45,0.4,1968480,0.45,1230600,280,6036880
FINNIFTY02JAN2422000CE.NFO,02/01/2024,09:37:34,0.45,0.4,1968480,0.45,1230400,200,6036880
FINNIFTY02JAN2422000CE.NFO,02/01/2024,09:37:36,0.45,0.4,1968480,0.45,1230840,0,6036880
FINNIFTY02JAN2422000CE.NFO,02/01/2024,09:37:38,0.45,0.4,1786680,0.45,1225880,5480,6036880
FINNIFTY02JAN2422000CE.NFO,02/01/2024,09:37:39,0.45,0.4,1786600,0.45,1226160,1600,6036880
FINNIFTY02JAN2422000CE.NFO,02/01/2024,09:37:41,0.45,0.4,1833600,0.45,1223760,1880,6036880
FINNIFTY02JAN2422000CE.NFO,02/01/2024,09:37:43,0.4,0.4,1833760,0.45,1225440,1160,6036880
FINNIFTY02JAN2422000CE.NFO,02/01/2024,09:37:44,0.45,0.4,1833760,0.45,1225360,80,6036880
FINNIFTY02JAN2422000CE.NFO,02/01/2024,09:37:46,0.45,0.4,1833120,0.45,1223080,2840,6036880
FINNIFTY02JAN2422000CE.NFO,02/01/2024,09:37:48,0.4,0.4,1828480,0.45,1227640,2000,6036880
FINNIFTY02JAN2422000CE.NFO,02/01/2024,09:37:49,0.4,0.4,1785440,0.45,1229200,1280,6036880
FINNIFTY02JAN2422000CE.NFO,02/01/2024,09:37:51,0.45,0.4,1778240,0.45,1228200,1000,6036880
FINNIFTY02JAN2422000CE.NFO,02/01/2024,09:37:52,0.45,0.4,1778240,0.45,1227960,240,6036880
FINNIFTY02JAN2422000CE.NFO,02/01/2024,09:37:54,0.45,0.4,1778240,0.45,1227960,0,6036880
FINNIFTY02JAN2422000CE.NFO,02/01/2024,09:37:56,0.45,0.4,1778720,0.45,1228000,120,6036880
FINNIFTY02JAN2422000CE.NFO,02/01/2024,09:37:57,0.45,0.4,1771520,0.45,1227600,400,6036880
FINNIFTY02JAN2422000CE.NFO,02/01/2024,09:37:59,0.45,0.4,1736840,0.45,1229440,0,6036880
FINNIFTY02JAN2422000CE.NFO,02/01/2024,09:38:01,0.45,0.4,1734040,0.45,1229400,1040,6036880
FINNIFTY02JAN2422000CE.NFO,02/01/2024,09:38:02,0.45,0.4,1732240,0.45,1229240,160,6036880
FINNIFTY02JAN2422000CE.NFO,02/01/2024,09:38:04,0.45,0.4,1912240,0.45,1229200,560,6036880
FINNIFTY02JAN2422000CE.NFO,02/01/2024,09:38:06,0.4,0.4,1910600,0.45,1229200,1640,6036880
FINNIFTY02JAN2422000CE.NFO,02/01/2024,09:38:07,0.45,0.4,1910400,0.45,1229160,240,6036880
FINNIFTY02JAN2422000CE.NFO,02/01/2024,09:38:09,0.4,0.4,1920240,0.45,1228000,160,6036880
FINNIFTY02JAN2422000CE.NFO,02/01/2024,09:38:10,0.4,0.4,1930240,0.45,1227000,0,6036880
FINNIFTY02JAN2422000CE.NFO,02/01/2024,09:38:12,0.4,0.4,1940040,0.45,1226000,480,6036880
FINNIFTY02JAN2422000CE.NFO,02/01/2024,09:38:14,0.45,0.4,1940040,0.45,1224920,80,6036880
FINNIFTY02JAN2422000CE.NFO,02/01/2024,09:38:15,0.45,0.4,1940640,0.45,1223080,960,6036880
FINNIFTY02JAN2422000CE.NFO,02/01/2024,09:38:17,0.45,0.4,1940640,0.45,1206880,15000,6036880
FINNIFTY02JAN2422000CE.NFO,02/01/2024,09:38:19,0.45,0.4,1949680,0.45,1204560,1800,6036880
FINNIFTY02JAN2422000CE.NFO,02/01/2024,09:38:20,0.4,0.4,1949680,0.45,1205720,240,6036880
FINNIFTY02JAN2422000CE.NFO,02/01/2024,09:38:22,0.4,0.4,1948760,0.45,1206560,80,6036880
FINNIFTY02JAN2422000CE.NFO,02/01/2024,09:38:23,0.4,0.4,1949640,0.45,1209280,0,6036880
FINNIFTY02JAN2422000CE.NFO,02/01/2024,09:38:25,0.4,0.4,1939320,0.45,1207440,3160,6090640
FINNIFTY02JAN2422000CE.NFO,02/01/2024,09:38:27,0.45,0.4,1938280,0.45,1206840,1320,6090640
FINNIFTY02JAN2422000CE.NFO,02/01/2024,09:38:28,0.45,0.4,1937360,0.45,1207440,320,6090640
FINNIFTY02JAN2422000CE.NFO,02/01/2024,09:38:30,0.45,0.4,1937360,0.45,1207440,0,6090640
FINNIFTY02JAN2422000CE.NFO,02/01/2024,09:38:32,0.4,0.4,1937760,0.45,1209240,800,6090640
FINNIFTY02JAN2422000CE.NFO,02/01/2024,09:38:34,0.4,0.4,1937760,0.45,1211040,0,6090640
FINNIFTY02JAN2422000CE.NFO,02/01/2024,09:38:35,0.4,0.4,1938640,0.45,1210680,0,6090640
FINNIFTY02JAN2422000CE.NFO,02/01/2024,09:38:37,0.4,0.4,1936840,0.45,1212480,1800,6090640
FINNIFTY02JAN2422000CE.NFO,02/01/2024,09:38:38,0.45,0.4,1937480,0.45,1210320,1800,6090640
FINNIFTY02JAN2422000CE.NFO,02/01/2024,09:38:40,0.45,0.4,1937360,0.45,1208280,2080,6090640
FINNIFTY02JAN2422000CE.NFO,02/01/2024,09:38:42,0.4,0.4,1937160,0.45,1208280,200,6090640
FINNIFTY02JAN2422000CE.NFO,02/01/2024,09:38:43,0.4,0.4,1935360,0.45,1205600,4480,6090640
FINNIFTY02JAN2422000CE.NFO,02/01/2024,09:38:45,0.4,0.4,1917360,0.45,1204560,19040,6090640
FINNIFTY02JAN2422000CE.NFO,02/01/2024,09:38:47,0.45,0.4,1917400,0.45,1201320,3240,6090640
FINNIFTY02JAN2422000CE.NFO,02/01/2024,09:38:48,0.45,0.4,1917360,0.45,1201280,40,6090640
FINNIFTY02JAN2422000CE.NFO,02/01/2024,09:38:50,0.45,0.4,1916040,0.45,1199320,2800,6090640
FINNIFTY02JAN2422000CE.NFO,02/01/2024,09:38:52,0.45,0.4,2016040,0.45,1199320,0,6090640
FINNIFTY02JAN2422000CE.NFO,02/01/2024,09:38:53,0.45,0.4,2016040,0.45,1211920,0,6090640
FINNIFTY02JAN2422000CE.NFO,02/01/2024,09:38:55,0.45,0.4,2016040,0.45,1220520,400,6090640
FINNIFTY02JAN2422000CE.NFO,02/01/2024,09:38:57,0.4,0.4,2015880,0.45,1220520,160,6090640
FINNIFTY02JAN2422000CE.NFO,02/01/2024,09:38:58,0.4,0.4,2012720,0.45,1220920,2600,6090640
FINNIFTY02JAN2422000CE.NFO,02/01/2024,09:39:00,0.4,0.4,2012720,0.45,1222720,0,6090640
FINNIFTY02JAN2422000CE.NFO,02/01/2024,09:39:02,0.4,0.4,2013200,0.45,1222280,560,6090640
FINNIFTY02JAN2422000CE.NFO,02/01/2024,09:39:03,0.45,0.4,2013160,0.45,1220160,3080,6090640
FINNIFTY02JAN2422000CE.NFO,02/01/2024,09:39:05,0.4,0.4,2013000,0.45,1221960,160,6090640
FINNIFTY02JAN2422000CE.NFO,02/01/2024,09:39:07,0.45,0.4,2011200,0.45,1219160,6400,6090640
FINNIFTY02JAN2422000CE.NFO,02/01/2024,09:39:08,0.4,0.4,2011160,0.45,1220000,80,6090640
FINNIFTY02JAN2422000CE.NFO,02/01/2024,09:39:10,0.4,0.4,2011160,0.45,1225400,0,6090640
FINNIFTY02JAN2422000CE.NFO,02/01/2024,09:39:11,0.45,0.4,2011160,0.45,1201960,3640,6090640
FINNIFTY02JAN2422000CE.NFO,02/01/2024,09:39:13,0.45,0.4,2012200,0.45,1118760,28480,6090640
FINNIFTY02JAN2422000CE.NFO,02/01/2024,09:39:15,0.4,0.4,2010400,0.45,1102560,3600,6090640
FINNIFTY02JAN2422000CE.NFO,02/01/2024,09:39:16,0.45,0.4,2010400,0.45,1083080,1480,6090640
FINNIFTY02JAN2422000CE.NFO,02/01/2024,09:39:18,0.45,0.4,2010400,0.45,1069600,0,6090640
FINNIFTY02JAN2422000CE.NFO,02/01/2024,09:39:20,0.4,0.4,2006160,0.45,1067160,4240,6090640
FINNIFTY02JAN2422000CE.NFO,02/01/2024,09:39:21,0.45,0.4,2006160,0.45,1053120,1480,6090640
FINNIFTY02JAN2422000CE.NFO,02/01/2024,09:39:23,0.45,0.4,2006080,0.45,1045360,7520,6090640
FINNIFTY02JAN2422000CE.NFO,02/01/2024,09:39:25,0.45,0.4,2006080,0.45,1041760,3360,6090640
FINNIFTY02JAN2422000CE.NFO,02/01/2024,09:39:26,0.4,0.4,2006840,0.45,1042480,120,6090640
FINNIFTY02JAN2422000CE.NFO,02/01/2024,09:39:28,0.4,0.4,1988480,0.45,1042120,20200,6090640
FINNIFTY02JAN2422000CE.NFO,02/01/2024,09:39:39,0.4,0.4,1955240,0.45,1104520,3480,6090640
FINNIFTY02JAN2422000CE.NFO,02/01/2024,09:39:50,0.45,0.4,1946800,0.45,1104480,19560,6090640
FINNIFTY02JAN2422000CE.NFO,02/01/2024,09:40:01,0.45,0.4,1933560,0.45,1082240,92520,6090640
FINNIFTY02JAN2422000CE.NFO,02/01/2024,09:40:14,0.45,0.4,2067800,0.45,1099640,39880,6090640
FINNIFTY02JAN2422000CE.NFO,02/01/2024,09:40:27,0.45,0.4,2158720,0.45,1006320,95600,6090640
FINNIFTY02JAN2422000CE.NFO,02/01/2024,09:40:31,0.4,0.4,2153160,0.45,1002600,11000,6090640
FINNIFTY02JAN2422000CE.NFO,02/01/2024,09:40:33,0.4,0.4,2151320,0.45,991800,12640,6090640
FINNIFTY02JAN2422000CE.NFO,02/01/2024,09:40:34,0.45,0.4,2144480,0.45,1007960,8920,6090640
FINNIFTY02JAN2422000CE.NFO,02/01/2024,09:40:36,0.45,0.4,2140840,0.45,1003160,7400,6090640
FINNIFTY02JAN2422000CE.NFO,02/01/2024,09:40:38,0.4,0.4,2140800,0.45,1006760,40,6090640
FINNIFTY02JAN2422000CE.NFO,02/01/2024,09:40:39,0.4,0.4,2135280,0.45,1007120,4800,6090640
FINNIFTY02JAN2422000CE.NFO,02/01/2024,09:40:41,0.4,0.4,2133840,0.45,1008920,1600,6090640
FINNIFTY02JAN2422000CE.NFO,02/01/2024,09:40:43,0.4,0.4,2132640,0.45,1010600,4280,6090640
FINNIFTY02JAN2422000CE.NFO,02/01/2024,09:40:44,0.4,0.4,2132720,0.45,1008800,2200,6090640
FINNIFTY02JAN2422000CE.NFO,02/01/2024,09:40:46,0.4,0.4,2132320,0.45,1008000,1200,6090640
FINNIFTY02JAN2422000CE.NFO,02/01/2024,09:40:48,0.4,0.4,2133640,0.45,1020000,3800,6090640
FINNIFTY02JAN2422000CE.NFO,02/01/2024,09:40:49,0.4,0.4,2130360,0.45,1020000,5000,6090640
FINNIFTY02JAN2422000CE.NFO,02/01/2024,09:40:51,0.45,0.4,2134520,0.45,1005600,14400,6090640
FINNIFTY02JAN2422000CE.NFO,02/01/2024,09:40:53,0.45,0.4,2133080,0.45,1004080,1520,6090640
FINNIFTY02JAN2422000CE.NFO,02/01/2024,09:40:54,0.45,0.4,2134000,0.45,1002640,0,6090640
FINNIFTY02JAN2422000CE.NFO,02/01/2024,09:40:56,0.45,0.4,2133960,0.45,1001040,1600,6090640
FINNIFTY02JAN2422000CE.NFO,02/01/2024,09:40:58,0.4,0.4,2133560,0.45,972960,8080,6090640
FINNIFTY02JAN2422000CE.NFO,02/01/2024,09:40:59,0.45,0.4,2133480,0.45,971040,1200,6090640
FINNIFTY02JAN2422000CE.NFO,02/01/2024,09:41:01,0.45,0.4,2131000,0.45,926360,40040,6090640
FINNIFTY02JAN2422000CE.NFO,02/01/2024,09:41:03,0.45,0.4,2129600,0.45,923720,2640,6090640
FINNIFTY02JAN2422000CE.NFO,02/01/2024,09:41:04,0.45,0.4,2129600,0.45,921720,2000,6090640
FINNIFTY02JAN2422000CE.NFO,02/01/2024,09:41:06,0.45,0.4,2127840,0.45,885520,27520,6090640
FINNIFTY02JAN2422000CE.NFO,02/01/2024,09:41:08,0.45,0.4,2129160,0.45,852720,13600,6090640
FINNIFTY02JAN2422000CE.NFO,02/01/2024,09:41:09,0.45,0.4,1990480,0.45,832280,41560,6090640
FINNIFTY02JAN2422000CE.NFO,02/01/2024,09:41:11,0.45,0.4,1996880,0.45,805120,0,6090640
FINNIFTY02JAN2422000CE.NFO,02/01/2024,09:41:13,0.45,0.4,1945640,0.45,773560,107600,6090640
FINNIFTY02JAN2422000CE.NFO,02/01/2024,09:41:14,0.45,0.4,1940440,0.45,682720,81280,6090640
FINNIFTY02JAN2422000CE.NFO,02/01/2024,09:41:16,0.5,0.45,1732280,0.5,596560,608400,6090640
FINNIFTY02JAN2422000CE.NFO,02/01/2024,09:41:18,0.45,0.45,2361400,0.5,658160,21000,6090640
FINNIFTY02JAN2422000CE.NFO,02/01/2024,09:41:19,0.5,0.45,2386000,0.5,705440,4400,6090640
FINNIFTY02JAN2422000CE.NFO,02/01/2024,09:41:21,0.45,0.45,2376240,0.5,712640,760,6090640
FINNIFTY02JAN2422000CE.NFO,02/01/2024,09:41:23,0.5,0.45,2301360,0.5,1190200,118760,6090640
FINNIFTY02JAN2422000CE.NFO,02/01/2024,09:41:24,0.5,0.45,2368080,0.5,1191560,400,6090640
FINNIFTY02JAN2422000CE.NFO,02/01/2024,09:41:26,0.5,0.45,2295000,0.5,1192920,2600,5993680
FINNIFTY02JAN2422000CE.NFO,02/01/2024,09:41:28,0.45,0.45,2301040,0.5,1191560,1640,5993680
FINNIFTY02JAN2422000CE.NFO,02/01/2024,09:41:29,0.45,0.45,2299240,0.5,1193360,0,5993680
FINNIFTY02JAN2422000CE.NFO,02/01/2024,09:41:31,0.5,0.45,2301040,0.5,1192840,520,5993680
FINNIFTY02JAN2422000CE.NFO,02/01/2024,09:41:33,0.5,0.45,2848240,0.5,1189520,3600,5993680
FINNIFTY02JAN2422000CE.NFO,02/01/2024,09:41:35,0.5,0.45,3197440,0.5,1190840,0,5993680
FINNIFTY02JAN2422000CE.NFO,02/01/2024,09:41:38,0.45,0.45,3195640,0.5,1194080,1800,5993680
FINNIFTY02JAN2422000CE.NFO,02/01/2024,09:41:39,0.5,0.45,4069560,0.5,1184520,1000,5993680
FINNIFTY02JAN2422000CE.NFO,02/01/2024,09:41:41,0.5,0.45,4094960,0.5,1190200,1640,5993680
FINNIFTY02JAN2422000CE.NFO,02/01/2024,09:41:43,0.45,0.45,4999040,0.5,1184280,120,5993680
FINNIFTY02JAN2422000CE.NFO,02/01/2024,09:41:44,0.45,0.45,4991560,0.5,1190880,7480,5993680
FINNIFTY02JAN2422000CE.NFO,02/01/2024,09:41:46,0.45,0.45,4992040,0.5,1189560,760,5993680
FINNIFTY02JAN2422000CE.NFO,02/01/2024,09:41:48,0.45,0.45,4989280,0.5,1189560,0,5993680
FINNIFTY02JAN2422000CE.NFO,02/01/2024,09:41:51,0.5,0.45,4987760,0.5,1259000,2720,5993680
FINNIFTY02JAN2422000CE.NFO,02/01/2024,09:41:53,0.45,0.45,4985960,0.5,1253520,7280,5993680
FINNIFTY02JAN2422000CE.NFO,02/01/2024,09:41:54,0.5,0.45,4985960,0.5,1271440,80,5993680
FINNIFTY02JAN2422000CE.NFO,02/01/2024,09:41:56,0.45,0.45,4984560,0.5,1271440,1400,5993680
FINNIFTY02JAN2422000CE.NFO,02/01/2024,09:41:59,0.45,0.45,4985560,0.5,1271440,0,5993680
FINNIFTY02JAN2422000CE.NFO,02/01/2024,09:42:01,0.45,0.45,4985520,0.5,1269120,5720,5993680
FINNIFTY02JAN2422000CE.NFO,02/01/2024,09:42:02,0.5,0.45,4984200,0.5,1266800,3120,5993680
FINNIFTY02JAN2422000CE.NFO,02/01/2024,09:42:04,0.5,0.45,4982640,0.5,1267560,1480,5993680
FINNIFTY02JAN2422000CE.NFO,02/01/2024,09:42:06,0.5,0.45,4981680,0.5,1264400,960,5993680
FINNIFTY02JAN2422000CE.NFO,02/01/2024,09:42:07,0.5,0.45,4981960,0.5,1262120,4800,5993680
FINNIFTY02JAN2422000CE.NFO,02/01/2024,09:42:09,0.5,0.45,4981960,0.5,1259120,3800,5993680
FINNIFTY02JAN2422000CE.NFO,02/01/2024,09:42:11,0.5,0.45,4980120,0.5,1251840,9120,5993680
FINNIFTY02JAN2422000CE.NFO,02/01/2024,09:42:12,0.5,0.45,4981440,0.5,1248880,1520,5993680
FINNIFTY02JAN2422000CE.NFO,02/01/2024,09:42:14,0.5,0.45,4979640,0.5,1243440,6760,5993680
FINNIFTY02JAN2422000CE.NFO,02/01/2024,09:42:15,0.45,0.45,4962000,0.5,1246560,18000,5993680
FINNIFTY02JAN2422000CE.NFO,02/01/2024,09:42:17,0.5,0.45,4961560,0.5,1246480,520,5993680
FINNIFTY02JAN2422000CE.NFO,02/01/2024,09:42:19,0.5,0.45,4961560,0.5,1244680,1800,5993680
FINNIFTY02JAN2422000CE.NFO,02/01/2024,09:42:20,0.5,0.45,4961520,0.5,1244680,0,5993680
FINNIFTY02JAN2422000CE.NFO,02/01/2024,09:42:22,0.5,0.45,4961440,0.5,1243600,3920,5993680
FINNIFTY02JAN2422000CE.NFO,02/01/2024,09:42:24,0.5,0.45,4961400,0.5,1236680,4000,5993680
FINNIFTY02JAN2422000CE.NFO,02/01/2024,09:42:25,0.5,0.45,4929000,0.5,1234720,2200,5993680
FINNIFTY02JAN2422000CE.NFO,02/01/2024,09:42:27,0.5,0.45,4923560,0.5,1236600,3640,5993680
FINNIFTY02JAN2422000CE.NFO,02/01/2024,09:42:28,0.45,0.45,4921560,0.5,1236600,2000,5993680
FINNIFTY02JAN2422000CE.NFO,02/01/2024,09:42:30,0.45,0.45,4921560,0.5,1236600,0,5993680
FINNIFTY02JAN2422000CE.NFO,02/01/2024,09:42:33,0.5,0.45,4921360,0.5,1236040,40,5993680
FINNIFTY02JAN2422000CE.NFO,02/01/2024,09:42:34,0.5,0.45,4920320,0.5,1235760,1320,5993680
FINNIFTY02JAN2422000CE.NFO,02/01/2024,09:42:36,0.5,0.45,4920320,0.5,1235560,200,5993680
FINNIFTY02JAN2422000CE.NFO,02/01/2024,09:42:38,0.45,0.45,4919640,0.5,1235240,680,5993680
FINNIFTY02JAN2422000CE.NFO,02/01/2024,09:42:39,0.5,0.45,4920160,0.5,1235200,40,5993680
FINNIFTY02JAN2422000CE.NFO,02/01/2024,09:42:41,0.45,0.45,4920040,0.5,1236200,1800,5993680
FINNIFTY02JAN2422000CE.NFO,02/01/2024,09:42:42,0.45,0.45,4918800,0.5,1235200,1160,5993680
FINNIFTY02JAN2422000CE.NFO,02/01/2024,09:42:44,0.45,0.45,4916120,0.5,1234280,4160,5993680
FINNIFTY02JAN2422000CE.NFO,02/01/2024,09:42:46,0.5,0.45,4914040,0.5,1235120,2280,5993680
FINNIFTY02JAN2422000CE.NFO,02/01/2024,09:42:47,0.5,0.45,4914800,0.5,1236400,360,5993680
FINNIFTY02JAN2422000CE.NFO,02/01/2024,09:42:49,0.5,0.45,4914800,0.5,1234960,1440,5993680
FINNIFTY02JAN2422000CE.NFO,02/01/2024,09:42:50,0.45,0.45,4914560,0.5,1234400,800,5993680
FINNIFTY02JAN2422000CE.NFO,02/01/2024,09:42:52,0.5,0.45,4914360,0.5,1234080,1240,5993680
FINNIFTY02JAN2422000CE.NFO,02/01/2024,09:42:54,0.5,0.45,4912400,0.5,1231760,1960,5993680
FINNIFTY02JAN2422000CE.NFO,02/01/2024,09:42:55,0.45,0.45,4912200,0.5,1224560,7800,5993680
FINNIFTY02JAN2422000CE.NFO,02/01/2024,09:42:57,0.45,0.45,4910160,0.5,1222760,3840,5993680
FINNIFTY02JAN2422000CE.NFO,02/01/2024,09:42:59,0.5,0.45,4910160,0.5,1218080,2880,5993680
FINNIFTY02JAN2422000CE.NFO,02/01/2024,09:43:00,0.5,0.45,4910000,0.5,1217800,440,5993680
FINNIFTY02JAN2422000CE.NFO,02/01/2024,09:43:02,0.45,0.45,4909600,0.5,1218080,640,5993680
FINNIFTY02JAN2422000CE.NFO,02/01/2024,09:43:04,0.5,0.45,4911200,0.5,1211520,3800,5993680
FINNIFTY02JAN2422000CE.NFO,02/01/2024,09:43:05,0.5,0.45,4909880,0.5,1212640,2080,5993680
FINNIFTY02JAN2422000CE.NFO,02/01/2024,09:43:07,0.5,0.45,4909880,0.5,1212000,640,5993680
FINNIFTY02JAN2422000CE.NFO,02/01/2024,09:43:09,0.5,0.45,4909880,0.5,1204240,6560,5993680
FINNIFTY02JAN2422000CE.NFO,02/01/2024,09:43:10,0.45,0.45,4909800,0.5,1205440,80,5993680
FINNIFTY02JAN2422000CE.NFO,02/01/2024,09:43:12,0.5,0.45,4909800,0.5,1196960,1800,5993680
FINNIFTY02JAN2422000CE.NFO,02/01/2024,09:43:14,0.45,0.45,4908000,0.5,1203680,1800,5993680
FINNIFTY02JAN2422000CE.NFO,02/01/2024,09:43:15,0.5,0.45,4908000,0.5,1202840,1800,5993680
FINNIFTY02JAN2422000CE.NFO,02/01/2024,09:43:17,0.5,0.45,4907400,0.5,1200920,2560,5993680
FINNIFTY02JAN2422000CE.NFO,02/01/2024,09:43:19,0.5,0.45,4907400,0.5,1200920,0,5993680
FINNIFTY02JAN2422000CE.NFO,02/01/2024,09:43:20,0.5,0.45,4907400,0.5,1195600,1200,5993680
FINNIFTY02JAN2422000CE.NFO,02/01/2024,09:43:22,0.5,0.45,4906920,0.5,1187200,3720,5993680
FINNIFTY02JAN2422000CE.NFO,02/01/2024,09:43:24,0.5,0.45,4906920,0.5,1179080,5920,5993680
FINNIFTY02JAN2422000CE.NFO,02/01/2024,09:43:25,0.5,0.45,4906920,0.5,1222280,3000,5993680
FINNIFTY02JAN2422000CE.NFO,02/01/2024,09:43:27,0.5,0.45,4906880,0.5,1221480,800,5993680
FINNIFTY02JAN2422000CE.NFO,02/01/2024,09:43:28,0.45,0.45,4905080,0.5,1227840,2440,5993680
FINNIFTY02JAN2422000CE.NFO,02/01/2024,09:43:39,0.5,0.45,4903480,0.5,1221840,9160,5993680
FINNIFTY02JAN2422000CE.NFO,02/01/2024,09:43:51,0.45,0.45,4898440,0.5,1218920,7960,5993680
FINNIFTY02JAN2422000CE.NFO,02/01/2024,09:44:01,0.5,0.45,4890640,0.5,1203000,22320,5993680
FINNIFTY02JAN2422000CE.NFO,02/01/2024,09:44:13,0.45,0.45,4884800,0.5,1194680,17640,5993680
FINNIFTY02JAN2422000CE.NFO,02/01/2024,09:44:24,0.5,0.45,4879400,0.5,1192160,8880,5993680
FINNIFTY02JAN2422000CE.NFO,02/01/2024,09:44:35,0.45,0.45,4873480,0.5,1188840,13400,6113840
FINNIFTY02JAN2422000CE.NFO,02/01/2024,09:44:45,0.45,0.45,4846600,0.5,1181720,33640,6113840
FINNIFTY02JAN2422000CE.NFO,02/01/2024,09:44:55,0.45,0.45,4831720,0.5,1178280,27280,6113840
FINNIFTY02JAN2422000CE.NFO,02/01/2024,09:45:06,0.45,0.45,4781680,0.5,1245160,71400,6113840
FINNIFTY02JAN2422000CE.NFO,02/01/2024,09:45:16,0.45,0.45,4763560,0.5,1240000,23240,6113840
FINNIFTY02JAN2422000CE.NFO,02/01/2024,09:45:28,0.5,0.45,4752800,0.5,1239080,16040,6113840
FINNIFTY02JAN2422000CE.NFO,02/01/2024,09:45:31,0.5,0.45,4748800,0.5,1233360,9720,6113840
FINNIFTY02JAN2422000CE.NFO,02/01/2024,09:45:33,0.5,0.45,4749120,0.5,1233080,360,6113840
FINNIFTY02JAN2422000CE.NFO,02/01/2024,09:45:35,0.5,0.45,4747680,0.5,1232000,2520,6113840
FINNIFTY02JAN2422000CE.NFO,02/01/2024,09:45:36,0.5,0.45,4747680,0.5,1232880,800,6113840
FINNIFTY02JAN2422000CE.NFO,02/01/2024,09:45:38,0.45,0.45,4746680,0.5,1229280,4600,6113840
FINNIFTY02JAN2422000CE.NFO,02/01/2024,09:45:40,0.45,0.45,4743360,0.5,1228680,5520,6113840
FINNIFTY02JAN2422000CE.NFO,02/01/2024,09:45:41,0.45,0.45,4670280,0.5,1232120,51200,6113840
FINNIFTY02JAN2422000CE.NFO,02/01/2024,09:45:43,0.45,0.45,4692280,0.5,1233560,4040,6113840
FINNIFTY02JAN2422000CE.NFO,02/01/2024,09:45:45,0.45,0.45,4692320,0.5,1233520,1000,6113840
FINNIFTY02JAN2422000CE.NFO,02/01/2024,09:45:46,0.45,0.45,4686440,0.5,1235120,5080,6113840
FINNIFTY02JAN2422000CE.NFO,02/01/2024,09:45:48,0.45,0.45,4672280,0.5,1229560,19520,6113840
FINNIFTY02JAN2422000CE.NFO,02/01/2024,09:45:50,0.45,0.45,4665520,0.5,1229520,6280,6113840
FINNIFTY02JAN2422000CE.NFO,02/01/2024,09:45:51,0.5,0.45,4665320,0.5,1228600,1360,6113840
FINNIFTY02JAN2422000CE.NFO,02/01/2024,09:45:53,0.5,0.45,4665480,0.5,1227280,3120,6113840
FINNIFTY02JAN2422000CE.NFO,02/01/2024,09:45:55,0.5,0.45,4662720,0.5,1227640,2680,6113840
FINNIFTY02JAN2422000CE.NFO,02/01/2024,09:45:56,0.5,0.45,4661280,0.5,1225160,5920,6113840
FINNIFTY02JAN2422000CE.NFO,02/01/2024,09:45:58,0.45,0.45,4654160,0.5,1225000,8720,6113840
FINNIFTY02JAN2422000CE.NFO,02/01/2024,09:46:00,0.5,0.45,4633480,0.5,1220960,26520,6113840
FINNIFTY02JAN2422000CE.NFO,02/01/2024,09:46:01,0.45,0.45,4601960,0.5,1247440,29200,6113840
FINNIFTY02JAN2422000CE.NFO,02/01/2024,09:46:03,0.45,0.45,4641520,0.5,1245200,20880,6113840
FINNIFTY02JAN2422000CE.NFO,02/01/2024,09:46:05,0.5,0.45,4649520,0.5,1247800,16000,6113840
FINNIFTY02JAN2422000CE.NFO,02/01/2024,09:46:06,0.5,0.45,4690520,0.5,1258600,12600,6113840
FINNIFTY02JAN2422000CE.NFO,02/01/2024,09:46:08,0.45,0.45,4680000,0.5,1242080,17440,6113840
FINNIFTY02JAN2422000CE.NFO,02/01/2024,09:46:10,0.5,0.45,4649080,0.5,1192200,44440,6113840
FINNIFTY02JAN2422000CE.NFO,02/01/2024,09:46:11,0.5,0.45,4640680,0.5,1179560,11320,6113840
FINNIFTY02JAN2422000CE.NFO,02/01/2024,09:46:13,0.5,0.45,4574200,0.5,1101600,68080,6113840
FINNIFTY02JAN2422000CE.NFO,02/01/2024,09:46:15,0.45,0.45,4573920,0.5,1123400,880,6113840
FINNIFTY02JAN2422000CE.NFO,02/01/2024,09:46:16,0.45,0.45,4564960,0.5,1107440,11880,6113840
FINNIFTY02JAN2422000CE.NFO,02/01/2024,09:46:18,0.5,0.45,4549760,0.5,1089600,16760,6113840
FINNIFTY02JAN2422000CE.NFO,02/01/2024,09:46:20,0.45,0.45,4548280,0.5,1089800,2720,6113840
FINNIFTY02JAN2422000CE.NFO,02/01/2024,09:46:21,0.45,0.45,4544200,0.5,1093960,7400,6113840
FINNIFTY02JAN2422000CE.NFO,02/01/2024,09:46:23,0.5,0.45,4543160,0.5,1090240,5160,6113840
FINNIFTY02JAN2422000CE.NFO,02/01/2024,09:46:25,0.45,0.45,4542560,0.5,1103720,3320,6113840
FINNIFTY02JAN2422000CE.NFO,02/01/2024,09:46:26,0.45,0.45,4520000,0.5,1103560,24520,6113840
FINNIFTY02JAN2422000CE.NFO,02/01/2024,09:46:28,0.5,0.45,4494080,0.5,1100560,30720,6113840
FINNIFTY02JAN2422000CE.NFO,02/01/2024,09:46:31,0.5,0.45,4466080,0.5,1098640,34960,6113840
FINNIFTY02JAN2422000CE.NFO,02/01/2024,09:46:33,0.5,0.45,4476840,0.5,1097520,3280,6113840
FINNIFTY02JAN2422000CE.NFO,02/01/2024,09:46:34,0.5,0.45,4436840,0.5,1096000,41520,6113840
FINNIFTY02JAN2422000CE.NFO,02/01/2024,09:46:36,0.5,0.45,4436720,0.5,1094040,3800,6113840
FINNIFTY02JAN2422000CE.NFO,02/01/2024,09:46:37,0.5,0.45,4436800,0.5,1107800,2240,6113840
FINNIFTY02JAN2422000CE.NFO,02/01/2024,09:46:39,0.5,0.45,4436800,0.5,1103680,2160,6113840
FINNIFTY02JAN2422000CE.NFO,02/01/2024,09:46:41,0.5,0.45,4433480,0.5,1103280,1320,6113840
FINNIFTY02JAN2422000CE.NFO,02/01/2024,09:46:42,0.5,0.45,4434840,0.5,1221320,2480,6113840
FINNIFTY02JAN2422000CE.NFO,02/01/2024,09:46:44,0.5,0.45,4434960,0.5,1340560,1680,6113840
FINNIFTY02JAN2422000CE.NFO,02/01/2024,09:46:46,0.5,0.45,4435360,0.5,1340640,1360,6113840
FINNIFTY02JAN2422000CE.NFO,02/01/2024,09:46:47,0.45,0.45,4370640,0.5,1389640,41520,6113840
FINNIFTY02JAN2422000CE.NFO,02/01/2024,09:46:49,0.5,0.45,4399720,0.5,1392920,6760,6113840
FINNIFTY02JAN2422000CE.NFO,02/01/2024,09:46:51,0.5,0.45,4400080,0.5,1392120,480,6113840
FINNIFTY02JAN2422000CE.NFO,02/01/2024,09:46:52,0.45,0.45,4391080,0.5,1391840,9280,6113840
FINNIFTY02JAN2422000CE.NFO,02/01/2024,09:46:54,0.5,0.45,4391840,0.5,1391800,1000,6113840
FINNIFTY02JAN2422000CE.NFO,02/01/2024,09:46:55,0.5,0.45,4391800,0.5,1436800,0,6113840
FINNIFTY02JAN2422000CE.NFO,02/01/2024,09:46:57,0.5,0.45,4391840,0.5,1436800,0,6113840
FINNIFTY02JAN2422000CE.NFO,02/01/2024,09:46:59,0.5,0.45,4393360,0.5,1431560,5400,6113840
FINNIFTY02JAN2422000CE.NFO,02/01/2024,09:47:00,0.5,0.45,4394080,0.5,1425320,8120,6113840
FINNIFTY02JAN2422000CE.NFO,02/01/2024,09:47:02,0.5,0.45,4394080,0.5,1424360,960,6113840
FINNIFTY02JAN2422000CE.NFO,02/01/2024,09:47:04,0.5,0.45,4395040,0.5,1431200,0,6113840
FINNIFTY02JAN2422000CE.NFO,02/01/2024,09:47:09,0.45,0.45,4392840,0.5,1433000,2200,6113840
FINNIFTY02JAN2422000CE.NFO,02/01/2024,09:47:12,0.45,0.45,4392200,0.5,1433000,640,6113840
FINNIFTY02JAN2422000CE.NFO,02/01/2024,09:47:14,0.5,0.45,4390320,0.5,1432000,2880,6113840
FINNIFTY02JAN2422000CE.NFO,02/01/2024,09:47:15,0.5,0.45,4390320,0.5,1437640,720,6113840
FINNIFTY02JAN2422000CE.NFO,02/01/2024,09:47:17,0.45,0.45,4390240,0.5,1436320,2240,6113840
FINNIFTY02JAN2422000CE.NFO,02/01/2024,09:47:19,0.5,0.45,4389480,0.5,1437080,2760,6113840
FINNIFTY02JAN2422000CE.NFO,02/01/2024,09:47:20,0.45,0.45,4389160,0.5,1436080,1320,6113840
FINNIFTY02JAN2422000CE.NFO,02/01/2024,09:47:22,0.45,0.45,4387320,0.5,1434520,3400,6113840
FINNIFTY02JAN2422000CE.NFO,02/01/2024,09:47:23,0.5,0.45,4387320,0.5,1435320,1000,6113840
FINNIFTY02JAN2422000CE.NFO,02/01/2024,09:47:25,0.5,0.45,4387480,0.5,1437120,0,6113840
FINNIFTY02JAN2422000CE.NFO,02/01/2024,09:47:27,0.45,0.45,4385880,0.5,1435320,3400,6231880
FINNIFTY02JAN2422000CE.NFO,02/01/2024,09:47:28,0.5,0.45,4385880,0.5,1435280,40,6231880
FINNIFTY02JAN2422000CE.NFO,02/01/2024,09:47:30,0.5,0.45,4386400,0.5,1431560,4600,6231880
FINNIFTY02JAN2422000CE.NFO,02/01/2024,09:47:32,0.5,0.45,4385520,0.5,1431560,0,6231880
FINNIFTY02JAN2422000CE.NFO,02/01/2024,09:47:35,0.5,0.45,4385200,0.5,1423560,8320,6231880
FINNIFTY02JAN2422000CE.NFO,02/01/2024,09:47:37,0.45,0.45,4385160,0.5,1424680,40,6231880
FINNIFTY02JAN2422000CE.NFO,02/01/2024,09:47:39,0.45,0.45,4385160,0.5,1426480,0,6231880
FINNIFTY02JAN2422000CE.NFO,02/01/2024,09:47:42,0.5,0.45,4385000,0.5,1422480,12280,6231880
FINNIFTY02JAN2422000CE.NFO,02/01/2024,09:47:45,0.45,0.45,4383000,0.5,1422480,2000,6231880
FINNIFTY02JAN2422000CE.NFO,02/01/2024,09:47:47,0.45,0.45,4381880,0.5,1419760,2880,6231880
FINNIFTY02JAN2422000CE.NFO,02/01/2024,09:47:48,0.45,0.45,4376680,0.5,1421720,5200,6231880
FINNIFTY02JAN2422000CE.NFO,02/01/2024,09:47:52,0.45,0.45,4375480,0.5,1418480,4200,6231880
FINNIFTY02JAN2422000CE.NFO,02/01/2024,09:47:53,0.5,0.45,4374960,0.5,1419160,1320,6231880
FINNIFTY02JAN2422000CE.NFO,02/01/2024,09:47:55,0.45,0.45,4362520,0.5,1420080,12760,6231880
FINNIFTY02JAN2422000CE.NFO,02/01/2024,09:47:57,0.45,0.45,4359640,0.5,1420880,2880,6231880
FINNIFTY02JAN2422000CE.NFO,02/01/2024,09:47:58,0.5,0.45,4351960,0.5,1420800,7760,6231880
FINNIFTY02JAN2422000CE.NFO,02/01/2024,09:48:00,0.45,0.45,4351920,0.5,1420800,40,6231880
FINNIFTY02JAN2422000CE.NFO,02/01/2024,09:48:02,0.45,0.45,4346880,0.5,1420000,2120,6231880
FINNIFTY02JAN2422000CE.NFO,02/01/2024,09:48:03,0.5,0.45,4349800,0.5,1419920,80,6231880
FINNIFTY02JAN2422000CE.NFO,02/01/2024,09:48:05,0.45,0.45,4340800,0.5,1420040,9400,6231880
FINNIFTY02JAN2422000CE.NFO,02/01/2024,09:48:08,0.5,0.45,4331400,0.5,1420120,9840,6231880
FINNIFTY02JAN2422000CE.NFO,02/01/2024,09:48:10,0.5,0.45,4330880,0.5,1348160,0,6231880
FINNIFTY02JAN2422000CE.NFO,02/01/2024,09:48:11,0.5,0.45,4330880,0.5,1256480,6000,6231880
FINNIFTY02JAN2422000CE.NFO,02/01/2024,09:48:13,0.5,0.45,4331280,0.5,1147640,4120,6231880
FINNIFTY02JAN2422000CE.NFO,02/01/2024,09:48:15,0.5,0.45,4331320,0.5,1065280,0,6231880
FINNIFTY02JAN2422000CE.NFO,02/01/2024,09:48:16,0.5,0.45,4322320,0.5,978400,9520,6231880
FINNIFTY02JAN2422000CE.NFO,02/01/2024,09:48:18,0.45,0.45,4321760,0.5,891360,560,6231880
FINNIFTY02JAN2422000CE.NFO,02/01/2024,09:48:19,0.45,0.45,4322560,0.5,803200,0,6231880
FINNIFTY02JAN2422000CE.NFO,02/01/2024,09:48:21,0.45,0.45,4322040,0.5,715640,0,6231880
FINNIFTY02JAN2422000CE.NFO,02/01/2024,09:48:23,0.5,0.45,4322160,0.5,620000,80,6231880
FINNIFTY02JAN2422000CE.NFO,02/01/2024,09:48:24,0.5,0.45,4325800,0.5,475920,10080,6231880
FINNIFTY02JAN2422000CE.NFO,02/01/2024,09:48:26,0.5,0.45,4252920,0.5,177480,145000,6231880
FINNIFTY02JAN2422000CE.NFO,02/01/2024,09:48:28,0.5,0.45,4245880,0.5,217240,58720,6231880
FINNIFTY02JAN2422000CE.NFO,02/01/2024,09:48:29,0.45,0.45,4244680,0.5,248600,1960,6231880
FINNIFTY02JAN2422000CE.NFO,02/01/2024,09:48:30,0.45,0.45,4244680,0.5,251480,0,6231880
FINNIFTY02JAN2422000CE.NFO,02/01/2024,09:48:32,0.45,0.45,4244680,0.5,268600,0,6231880
FINNIFTY02JAN2422000CE.NFO,02/01/2024,09:48:33,0.5,0.45,4243480,0.5,272840,1280,6231880
FINNIFTY02JAN2422000CE.NFO,02/01/2024,09:48:35,0.5,0.45,4243480,0.5,283200,0,6231880
FINNIFTY02JAN2422000CE.NFO,02/01/2024,09:48:38,0.5,0.45,4243320,0.5,293200,0,6231880
FINNIFTY02JAN2422000CE.NFO,02/01/2024,09:48:40,0.5,0.45,4243320,0.5,278920,1800,6231880
FINNIFTY02JAN2422000CE.NFO,02/01/2024,09:48:43,0.5,0.45,4243840,0.5,289080,0,6231880
FINNIFTY02JAN2422000CE.NFO,02/01/2024,09:48:45,0.5,0.45,4242920,0.5,298960,920,6231880
FINNIFTY02JAN2422000CE.NFO,02/01/2024,09:48:46,0.45,0.45,4242080,0.5,298960,40,6231880
FINNIFTY02JAN2422000CE.NFO,02/01/2024,09:48:51,0.5,0.45,4244000,0.5,299160,320,6231880
FINNIFTY02JAN2422000CE.NFO,02/01/2024,09:48:53,0.5,0.45,4244800,0.5,299160,0,6231880
FINNIFTY02JAN2422000CE.NFO,02/01/2024,09:48:54,0.5,0.45,4244800,0.5,285240,1440,6231880
FINNIFTY02JAN2422000CE.NFO,02/01/2024,09:48:56,0.5,0.45,4244640,0.5,285240,0,6231880
FINNIFTY02JAN2422000CE.NFO,02/01/2024,09:49:00,0.5,0.45,4244640,0.5,297720,0,6231880
FINNIFTY02JAN2422000CE.NFO,02/01/2024,09:49:02,0.5,0.45,4244600,0.5,304800,320,6231880
FINNIFTY02JAN2422000CE.NFO,02/01/2024,09:49:04,0.45,0.45,4243000,0.5,305800,1600,6231880
FINNIFTY02JAN2422000CE.NFO,02/01/2024,09:49:05,0.5,0.45,4243000,0.5,291880,1440,6231880
FINNIFTY02JAN2422000CE.NFO,02/01/2024,09:49:07,0.5,0.45,4243000,0.5,292400,0,6231880
FINNIFTY02JAN2422000CE.NFO,02/01/2024,09:49:09,0.45,0.45,4245160,0.5,304880,1440,6231880
FINNIFTY02JAN2422000CE.NFO,02/01/2024,09:49:10,0.5,0.45,4241560,0.5,288440,3760,6231880
FINNIFTY02JAN2422000CE.NFO,02/01/2024,09:49:17,0.45,0.45,4241360,0.5,301120,200,6231880
FINNIFTY02JAN2422000CE.NFO,02/01/2024,09:49:18,0.5,0.45,4241360,0.5,301080,40,6231880
FINNIFTY02JAN2422000CE.NFO,02/01/2024,09:49:21,0.45,0.45,4240960,0.5,301080,400,6231880
FINNIFTY02JAN2422000CE.NFO,02/01/2024,09:49:23,0.5,0.45,4239560,0.5,300080,2400,6231880
FINNIFTY02JAN2422000CE.NFO,02/01/2024,09:49:25,0.5,0.45,4239560,0.5,301840,40,6231880
FINNIFTY02JAN2422000CE.NFO,02/01/2024,09:49:26,0.5,0.45,4239560,0.5,289280,80,6231880
FINNIFTY02JAN2422000CE.NFO,02/01/2024,09:49:28,0.5,0.45,4239560,0.5,286040,80,6231880
FINNIFTY02JAN2422000CE.NFO,02/01/2024,09:49:29,0.5,0.45,4241360,0.5,287800,320,6231880
FINNIFTY02JAN2422000CE.NFO,02/01/2024,09:49:31,0.5,0.45,4241360,0.5,277640,1880,6231880
FINNIFTY02JAN2422000CE.NFO,02/01/2024,09:49:41,0.5,0.45,4248520,0.5,1009400,577200,6231880
FINNIFTY02JAN2422000CE.NFO,02/01/2024,09:49:50,0.45,0.45,4241640,0.5,1179040,12800,6231880
FINNIFTY02JAN2422000CE.NFO,02/01/2024,09:50:00,0.5,0.45,4242520,0.5,1212200,6160,6231880
FINNIFTY02JAN2422000CE.NFO,02/01/2024,09:50:11,0.45,0.45,4233960,0.5,1196200,17440,6231880
FINNIFTY02JAN2422000CE.NFO,02/01/2024,09:50:21,0.5,0.45,4259440,0.5,1188840,35480,6231880
FINNIFTY02JAN2422000CE.NFO,02/01/2024,09:50:31,0.5,0.45,4259600,0.5,1189160,5800,6231880
FINNIFTY02JAN2422000CE.NFO,02/01/2024,09:50:33,0.45,0.45,4259160,0.5,1188960,1240,6155720
FINNIFTY02JAN2422000CE.NFO,02/01/2024,09:50:37,0.45,0.45,4264160,0.5,1187320,2040,6155720
FINNIFTY02JAN2422000CE.NFO,02/01/2024,09:50:39,0.5,0.45,4269440,0.5,1184040,12160,6155720
FINNIFTY02JAN2422000CE.NFO,02/01/2024,09:50:41,0.5,0.45,4274440,0.5,1185040,0,6155720
FINNIFTY02JAN2422000CE.NFO,02/01/2024,09:50:44,0.5,0.45,4275840,0.5,1182680,1400,6155720
FINNIFTY02JAN2422000CE.NFO,02/01/2024,09:50:45,0.5,0.45,4275840,0.5,1180600,2120,6155720
FINNIFTY02JAN2422000CE.NFO,02/01/2024,09:50:50,0.5,0.45,4277040,0.5,1180080,1800,6155720
FINNIFTY02JAN2422000CE.NFO,02/01/2024,09:50:52,0.5,0.45,4277040,0.5,1182600,0,6155720
FINNIFTY02JAN2422000CE.NFO,02/01/2024,09:50:54,0.5,0.45,4277080,0.5,1182600,0,6155720
FINNIFTY02JAN2422000CE.NFO,02/01/2024,09:50:55,0.45,0.45,4276760,0.5,1183200,320,6155720
FINNIFTY02JAN2422000CE.NFO,02/01/2024,09:50:57,0.5,0.45,4277720,0.5,1182240,1320,6155720
FINNIFTY02JAN2422000CE.NFO,02/01/2024,09:50:58,0.5,0.45,4282520,0.5,1194800,0,6155720
FINNIFTY02JAN2422000CE.NFO,02/01/2024,09:51:00,0.5,0.45,4283760,0.5,1193520,2120,6155720
FINNIFTY02JAN2422000CE.NFO,02/01/2024,09:51:02,0.5,0.45,4285280,0.5,1192920,1640,6155720
FINNIFTY02JAN2422000CE.NFO,02/01/2024,09:51:03,0.5,0.45,4285280,0.5,1192760,160,6155720
FINNIFTY02JAN2422000CE.NFO,02/01/2024,09:51:05,0.45,0.45,4284400,0.5,1193000,360,6155720
FINNIFTY02JAN2422000CE.NFO,02/01/2024,09:51:10,0.45,0.45,4284720,0.5,1193000,0,6155720
FINNIFTY02JAN2422000CE.NFO,02/01/2024,09:51:11,0.45,0.45,4284720,0.5,1199920,0,6155720
FINNIFTY02JAN2422000CE.NFO,02/01/2024,09:51:13,0.5,0.45,4284720,0.5,1199880,40,6155720
FINNIFTY02JAN2422000CE.NFO,02/01/2024,09:51:15,0.5,0.45,4285760,0.5,1197840,3600,6155720
FINNIFTY02JAN2422000CE.NFO,02/01/2024,09:51:16,0.5,0.45,4287280,0.5,1198920,400,6155720
FINNIFTY02JAN2422000CE.NFO,02/01/2024,09:51:20,0.5,0.45,4286920,0.5,1199320,0,6155720
FINNIFTY02JAN2422000CE.NFO,02/01/2024,09:51:21,0.5,0.45,4287440,0.5,1198680,160,6155720
FINNIFTY02JAN2422000CE.NFO,02/01/2024,09:51:26,0.5,0.45,4287320,0.5,1199640,280,6155720
FINNIFTY02JAN2422000CE.NFO,02/01/2024,09:51:28,0.45,0.45,4287280,0.5,1199120,40,6155720
FINNIFTY02JAN2422000CE.NFO,02/01/2024,09:51:35,0.5,0.45,4287720,0.5,1198560,2160,6155720
FINNIFTY02JAN2422000CE.NFO,02/01/2024,09:51:45,0.5,0.45,4292160,0.5,1196520,8120,6155720
FINNIFTY02JAN2422000CE.NFO,02/01/2024,09:51:56,0.45,0.45,4296040,0.5,1193600,13120,6155720
FINNIFTY02JAN2422000CE.NFO,02/01/2024,09:52:06,0.45,0.45,4283800,0.5,1211120,11760,6155720
FINNIFTY02JAN2422000CE.NFO,02/01/2024,09:52:16,0.5,0.45,4285480,0.5,1209720,4800,6155720
FINNIFTY02JAN2422000CE.NFO,02/01/2024,09:52:26,0.5,0.45,4285360,0.5,1255480,9000,6155720
FINNIFTY02JAN2422000CE.NFO,02/01/2024,09:52:37,0.5,0.45,4290320,0.5,1239040,22880,6155720
FINNIFTY02JAN2422000CE.NFO,02/01/2024,09:52:47,0.5,0.45,4290320,0.5,1237960,1880,6155720
FINNIFTY02JAN2422000CE.NFO,02/01/2024,09:52:57,0.5,0.45,4287440,0.5,1237000,5840,6155720
FINNIFTY02JAN2422000CE.NFO,02/01/2024,09:53:07,0.5,0.45,4284920,0.5,1234200,8080,6155720
FINNIFTY02JAN2422000CE.NFO,02/01/2024,09:53:17,0.45,0.45,4280360,0.5,1232320,5200,6155720
FINNIFTY02JAN2422000CE.NFO,02/01/2024,09:53:28,0.5,0.45,4273520,0.5,1231720,9840,6210480
FINNIFTY02JAN2422000CE.NFO,02/01/2024,09:53:39,0.5,0.45,4274440,0.5,1225400,6720,6210480
FINNIFTY02JAN2422000CE.NFO,02/01/2024,09:53:49,0.45,0.45,4274840,0.5,1228800,2600,6210480
FINNIFTY02JAN2422000CE.NFO,02/01/2024,09:54:00,0.5,0.45,4285040,0.5,1225640,6880,6210480
FINNIFTY02JAN2422000CE.NFO,02/01/2024,09:54:10,0.5,0.45,4282880,0.5,1225040,2760,6210480
FINNIFTY02JAN2422000CE.NFO,02/01/2024,09:54:20,0.5,0.45,4285240,0.5,1210600,12680,6210480
FINNIFTY02JAN2422000CE.NFO,02/01/2024,09:54:30,0.5,0.45,4282720,0.5,1213200,4240,6210480
FINNIFTY02JAN2422000CE.NFO,02/01/2024,09:54:41,0.5,0.45,4279040,0.5,1213160,120,6210480
FINNIFTY02JAN2422000CE.NFO,02/01/2024,09:54:53,0.5,0.45,4265760,0.5,1170360,42800,6210480
FINNIFTY02JAN2422000CE.NFO,02/01/2024,09:55:06,0.5,0.45,4248600,0.5,1154960,48200,6210480
FINNIFTY02JAN2422000CE.NFO,02/01/2024,09:55:17,0.45,0.45,4242400,0.5,1122440,44400,6210480
FINNIFTY02JAN2422000CE.NFO,02/01/2024,09:55:28,0.5,0.45,4239560,0.5,1062680,63120,6210480
FINNIFTY02JAN2422000CE.NFO,02/01/2024,09:55:41,0.5,0.45,4154640,0.5,804160,251280,6210480
FINNIFTY02JAN2422000CE.NFO,02/01/2024,09:55:53,0.5,0.45,4135840,0.5,886400,58880,6210480
FINNIFTY02JAN2422000CE.NFO,02/01/2024,09:56:06,0.5,0.45,4069040,0.5,470120,352520,6210480
FINNIFTY02JAN2422000CE.NFO,02/01/2024,09:56:19,0.55,0.5,363120,0.55,943600,606720,6210480
FINNIFTY02JAN2422000CE.NFO,02/01/2024,09:56:30,0.55,0.5,503160,0.55,910680,80680,6263520
FINNIFTY02JAN2422000CE.NFO,02/01/2024,09:56:32,0.5,0.5,422000,0.55,913280,81080,6263520
FINNIFTY02JAN2422000CE.NFO,02/01/2024,09:56:34,0.5,0.5,408240,0.55,937920,6080,6263520
FINNIFTY02JAN2422000CE.NFO,02/01/2024,09:56:35,0.55,0.5,407720,0.55,936840,1600,6263520
FINNIFTY02JAN2422000CE.NFO,02/01/2024,09:56:37,0.55,0.5,406720,0.55,925880,11800,6263520
FINNIFTY02JAN2422000CE.NFO,02/01/2024,09:56:39,0.5,0.5,405480,0.55,924200,2960,6263520
FINNIFTY02JAN2422000CE.NFO,02/01/2024,09:56:40,0.5,0.5,416760,0.55,922760,7640,6263520
FINNIFTY02JAN2422000CE.NFO,02/01/2024,09:56:42,0.5,0.5,440200,0.55,922760,0,6263520
FINNIFTY02JAN2422000CE.NFO,02/01/2024,09:56:44,0.5,0.5,478600,0.55,923360,1160,6263520
FINNIFTY02JAN2422000CE.NFO,02/01/2024,09:56:45,0.55,0.5,498760,0.55,921880,1080,6263520
FINNIFTY02JAN2422000CE.NFO,02/01/2024,09:56:47,0.5,0.5,521400,0.55,912440,7040,6263520
FINNIFTY02JAN2422000CE.NFO,02/01/2024,09:56:49,0.55,0.5,548280,0.55,912640,7640,6263520
FINNIFTY02JAN2422000CE.NFO,02/01/2024,09:56:50,0.55,0.5,547640,0.55,895840,16240,6263520
FINNIFTY02JAN2422000CE.NFO,02/01/2024,09:56:52,0.55,0.5,544560,0.55,880840,400,6263520
FINNIFTY02JAN2422000CE.NFO,02/01/2024,09:56:54,0.55,0.5,545760,0.55,882240,14680,6263520
FINNIFTY02JAN2422000CE.NFO,02/01/2024,09:56:55,0.55,0.5,543440,0.55,884280,5880,6263520
FINNIFTY02JAN2422000CE.NFO,02/01/2024,09:56:57,0.55,0.5,554480,0.55,881960,3560,6263520
FINNIFTY02JAN2422000CE.NFO,02/01/2024,09:56:59,0.5,0.5,559400,0.55,880160,1880,6263520
FINNIFTY02JAN2422000CE.NFO,02/01/2024,09:57:00,0.55,0.5,554160,0.55,798680,13920,6263520
FINNIFTY02JAN2422000CE.NFO,02/01/2024,09:57:02,0.55,0.5,563360,0.55,774480,24080,6263520
FINNIFTY02JAN2422000CE.NFO,02/01/2024,09:57:04,0.55,0.5,563480,0.55,771360,2400,6263520
FINNIFTY02JAN2422000CE.NFO,02/01/2024,09:57:05,0.55,0.5,563480,0.55,754320,11080,6263520
FINNIFTY02JAN2422000CE.NFO,02/01/2024,09:57:07,0.55,0.5,561400,0.55,751800,18560,6263520
FINNIFTY02JAN2422000CE.NFO,02/01/2024,09:57:09,0.5,0.5,596000,0.55,724920,8520,6263520
FINNIFTY02JAN2422000CE.NFO,02/01/2024,09:57:10,0.55,0.5,615800,0.55,603120,18760,6263520
FINNIFTY02JAN2422000CE.NFO,02/01/2024,09:57:12,0.55,0.5,632920,0.55,505880,43000,6263520
FINNIFTY02JAN2422000CE.NFO,02/01/2024,09:57:14,0.55,0.5,633120,0.55,427080,72400,6263520
FINNIFTY02JAN2422000CE.NFO,02/01/2024,09:57:15,0.55,0.5,623600,0.55,330840,92640,6263520
FINNIFTY02JAN2422000CE.NFO,02/01/2024,09:57:17,0.55,0.5,681400,0.55,46880,186840,6263520
FINNIFTY02JAN2422000CE.NFO,02/01/2024,09:57:19,0.55,0.55,993960,0.6,452840,61000,6263520
FINNIFTY02JAN2422000CE.NFO,02/01/2024,09:57:20,0.55,0.55,981920,0.6,556320,92040,6263520
FINNIFTY02JAN2422000CE.NFO,02/01/2024,09:57:22,0.6,0.55,1025600,0.6,609720,29120,6263520
FINNIFTY02JAN2422000CE.NFO,02/01/2024,09:57:24,0.55,0.55,987120,0.6,651400,9000,6263520
FINNIFTY02JAN2422000CE.NFO,02/01/2024,09:57:25,0.55,0.55,982800,0.6,692800,1800,6263520
FINNIFTY02JAN2422000CE.NFO,02/01/2024,09:57:27,0.6,0.55,979520,0.6,707160,6640,6263520
FINNIFTY02JAN2422000CE.NFO,02/01/2024,09:57:28,0.55,0.55,978920,0.6,707160,5760,6263520
FINNIFTY02JAN2422000CE.NFO,02/01/2024,09:57:30,0.6,0.55,967040,0.6,703160,16200,6263520
FINNIFTY02JAN2422000CE.NFO,02/01/2024,09:57:32,0.6,0.55,908240,0.6,700040,10160,6263520
FINNIFTY02JAN2422000CE.NFO,02/01/2024,09:57:34,0.6,0.55,969240,0.6,695720,6560,6263520
FINNIFTY02JAN2422000CE.NFO,02/01/2024,09:57:35,0.55,0.55,961160,0.6,689640,12280,6263520
FINNIFTY02JAN2422000CE.NFO,02/01/2024,09:57:37,0.6,0.55,963760,0.6,684320,11400,6263520
FINNIFTY02JAN2422000CE.NFO,02/01/2024,09:57:39,0.6,0.55,963760,0.6,683400,5000,6263520
FINNIFTY02JAN2422000CE.NFO,02/01/2024,09:57:40,0.55,0.55,962000,0.6,681120,3520,6263520
FINNIFTY02JAN2422000CE.NFO,02/01/2024,09:57:42,0.55,0.55,954080,0.6,686000,10160,6263520
FINNIFTY02JAN2422000CE.NFO,02/01/2024,09:57:44,0.6,0.55,947000,0.6,682160,12000,6263520
