Ticker,Date,Time,LTP,BuyPrice,BuyQty,SellPrice,SellQty,LTQ,OpenInterest
FINNIFTY02JAN2421600PE.NFO,02/01/2024,09:15:00,180,162.7,320,171.2,320,40,826320
FINNIFTY02JAN2421600PE.NFO,02/01/2024,09:15:00,180,162.7,320,171.2,320,0,826320
FINNIFTY02JAN2421600PE.NFO,02/01/2024,09:15:00,180,162.7,320,171.2,320,0,826320
FINNIFTY02JAN2421600PE.NFO,02/01/2024,09:15:00,180,162.7,320,171.2,320,0,826320
FINNIFTY02JAN2421600PE.NFO,02/01/2024,09:15:00,168.1,168.1,80,173.8,320,440,826320
FINNIFTY02JAN2421600PE.NFO,02/01/2024,09:15:00,167.55,168.1,80,173.8,320,0,826320
FINNIFTY02JAN2421600PE.NFO,02/01/2024,09:15:01,176.55,175.7,40,178.4,320,560,826320
FINNIFTY02JAN2421600PE.NFO,02/01/2024,09:15:03,186.85,188.05,320,189.15,120,4320,826320
FINNIFTY02JAN2421600PE.NFO,02/01/2024,09:15:03,210,188.05,320,189.15,120,0,826320
FINNIFTY02JAN2421600PE.NFO,02/01/2024,09:15:04,196.65,195.1,320,196.95,40,2240,826320
FINNIFTY02JAN2421600PE.NFO,02/01/2024,09:15:05,189.45,188.85,40,190.4,80,880,826320
FINNIFTY02JAN2421600PE.NFO,02/01/2024,09:15:06,191.8,188.75,40,190.55,40,1880,826320
FINNIFTY02JAN2421600PE.NFO,02/01/2024,09:15:07,189.3,189.65,40,190,80,1680,826320
FINNIFTY02JAN2421600PE.NFO,02/01/2024,09:15:08,190.6,190.6,40,191.2,80,2800,826320
FINNIFTY02JAN2421600PE.NFO,02/01/2024,09:15:09,196.8,195.25,80,196.8,400,10080,826320
FINNIFTY02JAN2421600PE.NFO,02/01/2024,09:15:09,197.05,196.1,120,196.7,80,560,826320
FINNIFTY02JAN2421600PE.NFO,02/01/2024,09:15:10,199.1,198.95,40,200.75,320,7440,826320
FINNIFTY02JAN2421600PE.NFO,02/01/2024,09:15:11,195.45,195.55,360,196.6,40,5320,826320
FINNIFTY02JAN2421600PE.NFO,02/01/2024,09:15:12,197.9,197.1,40,198.7,360,2720,826320
FINNIFTY02JAN2421600PE.NFO,02/01/2024,09:15:14,195.25,195.55,80,196.45,80,1120,826320
FINNIFTY02JAN2421600PE.NFO,02/01/2024,09:15:15,196.35,196.55,80,197.45,320,360,826320
FINNIFTY02JAN2421600PE.NFO,02/01/2024,09:15:16,198.55,198.65,160,199.45,320,2480,826320
FINNIFTY02JAN2421600PE.NFO,02/01/2024,09:15:17,199.95,199.15,320,199.9,40,760,826320
FINNIFTY02JAN2421600PE.NFO,02/01/2024,09:15:18,193.25,192.6,40,193.55,120,640,826320
FINNIFTY02JAN2421600PE.NFO,02/01/2024,09:15:18,192.8,193.8,440,194.7,320,200,826320
FINNIFTY02JAN2421600PE.NFO,02/01/2024,09:15:19,192.3,192.25,40,193.15,320,1240,826320
FINNIFTY02JAN2421600PE.NFO,02/01/2024,09:15:20,193.45,193.05,360,193.8,360,2520,826320
FINNIFTY02JAN2421600PE.NFO,02/01/2024,09:15:22,195.15,195.05,320,195.9,240,9880,826320
FINNIFTY02JAN2421600PE.NFO,02/01/2024,09:15:23,195.4,194.8,200,195.35,80,1080,826320
FINNIFTY02JAN2421600PE.NFO,02/01/2024,09:15:24,195.95,196.2,320,196.95,480,520,826320
FINNIFTY02JAN2421600PE.NFO,02/01/2024,09:15:24,195.95,196,80,196.55,280,0,826320
FINNIFTY02JAN2421600PE.NFO,02/01/2024,09:15:25,196.3,196.15,40,196.95,560,760,826320
FINNIFTY02JAN2421600PE.NFO,02/01/2024,09:15:27,196.15,196.65,40,196.85,320,80,826320
FINNIFTY02JAN2421600PE.NFO,02/01/2024,09:15:28,195.75,195.2,400,195.9,360,680,826320
FINNIFTY02JAN2421600PE.NFO,02/01/2024,09:15:29,195,194.5,40,195.05,240,240,826320
FINNIFTY02JAN2421600PE.NFO,02/01/2024,09:15:30,194.3,193.85,360,194.4,360,880,826320
FINNIFTY02JAN2421600PE.NFO,02/01/2024,09:15:31,194.3,193.05,40,193.6,360,280,826320
FINNIFTY02JAN2421600PE.NFO,02/01/2024,09:15:31,193.65,193.05,400,193.65,240,120,826320
FINNIFTY02JAN2421600PE.NFO,02/01/2024,09:15:32,193.65,193.55,40,194.1,600,40,826320
FINNIFTY02JAN2421600PE.NFO,02/01/2024,09:15:34,193.9,194.4,320,195.1,160,1440,826320
FINNIFTY02JAN2421600PE.NFO,02/01/2024,09:15:35,195.65,194.9,320,195.65,320,2360,826320
FINNIFTY02JAN2421600PE.NFO,02/01/2024,09:15:36,196.1,195,80,195.65,80,16360,826320
FINNIFTY02JAN2421600PE.NFO,02/01/2024,09:15:37,195.4,195.35,80,195.8,360,11680,826320
FINNIFTY02JAN2421600PE.NFO,02/01/2024,09:15:38,194.65,194.2,360,194.85,80,400,826320
FINNIFTY02JAN2421600PE.NFO,02/01/2024,09:15:38,194.2,193.85,360,194.4,360,360,826320
FINNIFTY02JAN2421600PE.NFO,02/01/2024,09:15:39,192,191.9,360,192.6,560,400,826320
FINNIFTY02JAN2421600PE.NFO,02/01/2024,09:15:41,191.85,191.8,400,192.35,120,2280,826320
FINNIFTY02JAN2421600PE.NFO,02/01/2024,09:15:42,192.6,192.05,320,192.7,360,720,826320
FINNIFTY02JAN2421600PE.NFO,02/01/2024,09:15:43,192.65,191.95,360,192.45,80,680,826320
FINNIFTY02JAN2421600PE.NFO,02/01/2024,09:15:44,191.85,190.95,360,191.3,80,360,826320
FINNIFTY02JAN2421600PE.NFO,02/01/2024,09:15:45,191.6,190.75,80,191.3,400,760,826320
FINNIFTY02JAN2421600PE.NFO,02/01/2024,09:15:45,190.65,190.75,120,191.3,360,560,826320
FINNIFTY02JAN2421600PE.NFO,02/01/2024,09:15:46,191.45,191.05,120,191.7,360,120,826320
FINNIFTY02JAN2421600PE.NFO,02/01/2024,09:15:48,192.8,192.1,160,192.65,320,3120,826320
FINNIFTY02JAN2421600PE.NFO,02/01/2024,09:15:49,193.5,193.75,240,194.35,320,400,826320
FINNIFTY02JAN2421600PE.NFO,02/01/2024,09:15:50,195,194.7,80,195.3,680,280,826320
FINNIFTY02JAN2421600PE.NFO,02/01/2024,09:15:51,195,194.45,80,195.15,320,0,826320
FINNIFTY02JAN2421600PE.NFO,02/01/2024,09:15:52,195,194,80,194.55,320,0,826320
FINNIFTY02JAN2421600PE.NFO,02/01/2024,09:15:52,195,194,40,194.4,360,0,826320
FINNIFTY02JAN2421600PE.NFO,02/01/2024,09:15:53,195,193.95,160,194.5,320,840,826320
FINNIFTY02JAN2421600PE.NFO,02/01/2024,09:15:55,194.5,194.35,400,194.9,360,520,826320
FINNIFTY02JAN2421600PE.NFO,02/01/2024,09:15:56,195.2,195.7,320,196.35,240,280,826320
FINNIFTY02JAN2421600PE.NFO,02/01/2024,09:15:57,195.45,195.4,400,196.15,320,2440,826320
FINNIFTY02JAN2421600PE.NFO,02/01/2024,09:15:58,195.25,195.2,40,195.8,360,40,826320
FINNIFTY02JAN2421600PE.NFO,02/01/2024,09:15:59,195.3,194.55,80,195.2,40,800,826320
FINNIFTY02JAN2421600PE.NFO,02/01/2024,09:15:59,195.3,194,40,194.4,80,0,826320
FINNIFTY02JAN2421600PE.NFO,02/01/2024,09:16:00,195.3,194.1,80,194.7,200,1600,826320
FINNIFTY02JAN2421600PE.NFO,02/01/2024,09:16:02,194.2,193.75,40,194.2,440,1440,826320
FINNIFTY02JAN2421600PE.NFO,02/01/2024,09:16:03,194.05,193.6,40,194.05,320,640,826320
FINNIFTY02JAN2421600PE.NFO,02/01/2024,09:16:04,193.25,193.1,320,193.65,640,600,826320
FINNIFTY02JAN2421600PE.NFO,02/01/2024,09:16:05,192,191.95,280,192.45,480,1160,826320
FINNIFTY02JAN2421600PE.NFO,02/01/2024,09:16:06,192.35,191.15,480,191.5,80,1320,826320
FINNIFTY02JAN2421600PE.NFO,02/01/2024,09:16:06,190,190,40,190.1,320,2160,826320
FINNIFTY02JAN2421600PE.NFO,02/01/2024,09:16:08,188.45,188.6,600,189.1,880,1760,826320
FINNIFTY02JAN2421600PE.NFO,02/01/2024,09:16:09,189.55,189,760,189.45,40,680,826320
FINNIFTY02JAN2421600PE.NFO,02/01/2024,09:16:10,190.75,189.95,120,190.45,320,2720,826320
FINNIFTY02JAN2421600PE.NFO,02/01/2024,09:16:11,191.6,191.75,120,192.1,440,480,826320
FINNIFTY02JAN2421600PE.NFO,02/01/2024,09:16:12,191.2,190.4,40,190.75,320,920,826320
FINNIFTY02JAN2421600PE.NFO,02/01/2024,09:16:12,191.2,189.7,40,190.15,320,0,826320
FINNIFTY02JAN2421600PE.NFO,02/01/2024,09:16:13,189.85,189.65,160,190.15,320,200,826320
FINNIFTY02JAN2421600PE.NFO,02/01/2024,09:16:15,191.5,191.95,280,192.4,360,520,826320
FINNIFTY02JAN2421600PE.NFO,02/01/2024,09:16:16,192.95,192.25,880,192.7,360,1000,826320
FINNIFTY02JAN2421600PE.NFO,02/01/2024,09:16:17,193,192.45,360,192.9,360,960,826320
FINNIFTY02JAN2421600PE.NFO,02/01/2024,09:16:18,192.85,192.55,160,192.95,320,480,826320
FINNIFTY02JAN2421600PE.NFO,02/01/2024,09:16:19,192.85,192.7,1080,193.15,320,0,826320
FINNIFTY02JAN2421600PE.NFO,02/01/2024,09:16:20,194.55,194.25,320,194.75,320,2200,826320
FINNIFTY02JAN2421600PE.NFO,02/01/2024,09:16:20,194.55,194.45,160,194.95,240,0,826320
FINNIFTY02JAN2421600PE.NFO,02/01/2024,09:16:22,196,195.85,280,196,880,1760,826320
FINNIFTY02JAN2421600PE.NFO,02/01/2024,09:16:23,196.85,197.05,680,197.55,200,2000,826320
FINNIFTY02JAN2421600PE.NFO,02/01/2024,09:16:24,195.9,195.85,640,196.4,760,2280,826320
FINNIFTY02JAN2421600PE.NFO,02/01/2024,09:16:25,197.05,197.05,560,197.5,400,240,826320
FINNIFTY02JAN2421600PE.NFO,02/01/2024,09:16:26,197.75,197.3,80,197.8,400,480,826320
FINNIFTY02JAN2421600PE.NFO,02/01/2024,09:16:27,198.85,197.5,280,197.9,80,1880,826320
FINNIFTY02JAN2421600PE.NFO,02/01/2024,09:16:27,198.85,197.7,600,198.2,680,0,826320
FINNIFTY02JAN2421600PE.NFO,02/01/2024,09:16:28,198.25,197.5,1080,198,600,760,826320
FINNIFTY02JAN2421600PE.NFO,02/01/2024,09:16:30,196.05,195.6,600,196.2,560,1920,826320
FINNIFTY02JAN2421600PE.NFO,02/01/2024,09:16:31,196.05,195.4,560,195.85,80,1840,826320
FINNIFTY02JAN2421600PE.NFO,02/01/2024,09:16:32,195.85,195.9,480,196.55,520,240,826320
FINNIFTY02JAN2421600PE.NFO,02/01/2024,09:16:33,196.85,196.75,80,197.3,160,80,826320
FINNIFTY02JAN2421600PE.NFO,02/01/2024,09:16:34,197.6,197.2,160,197.8,880,40,826320
FINNIFTY02JAN2421600PE.NFO,02/01/2024,09:16:35,195.35,195.25,120,195.65,240,160,826320
FINNIFTY02JAN2421600PE.NFO,02/01/2024,09:16:35,195.3,195.25,80,195.85,800,200,826320
FINNIFTY02JAN2421600PE.NFO,02/01/2024,09:16:37,196,195.95,560,196.4,80,320,826320
FINNIFTY02JAN2421600PE.NFO,02/01/2024,09:16:38,197.25,197.05,80,197.45,80,240,826320
FINNIFTY02JAN2421600PE.NFO,02/01/2024,09:16:39,197.55,197.05,600,197.55,160,560,826320
FINNIFTY02JAN2421600PE.NFO,02/01/2024,09:16:40,196.35,196.5,80,196.95,40,120,826320
FINNIFTY02JAN2421600PE.NFO,02/01/2024,09:16:41,196.95,196.2,80,196.65,40,200,826320
FINNIFTY02JAN2421600PE.NFO,02/01/2024,09:16:42,195.75,195.45,560,195.95,280,2680,826320
FINNIFTY02JAN2421600PE.NFO,02/01/2024,09:16:42,195.75,195.45,560,196,520,0,826320
FINNIFTY02JAN2421600PE.NFO,02/01/2024,09:16:43,195.45,195.45,520,195.95,80,80,826320
FINNIFTY02JAN2421600PE.NFO,02/01/2024,09:16:45,192.85,192.3,80,192.75,200,680,826320
FINNIFTY02JAN2421600PE.NFO,02/01/2024,09:16:46,192.3,192.65,80,193.1,80,400,826320
FINNIFTY02JAN2421600PE.NFO,02/01/2024,09:16:47,192.8,192.75,40,193.25,800,640,826320
FINNIFTY02JAN2421600PE.NFO,02/01/2024,09:16:48,191.25,191.4,640,192,920,10640,826320
FINNIFTY02JAN2421600PE.NFO,02/01/2024,09:16:49,190.55,190.1,160,190.45,400,20280,826320
FINNIFTY02JAN2421600PE.NFO,02/01/2024,09:16:50,190.75,190.4,80,190.85,280,600,826320
FINNIFTY02JAN2421600PE.NFO,02/01/2024,09:16:50,190.75,191.4,280,191.85,280,0,826320
FINNIFTY02JAN2421600PE.NFO,02/01/2024,09:16:52,190.75,191.75,40,191.95,280,0,826320
FINNIFTY02JAN2421600PE.NFO,02/01/2024,09:16:53,192.95,192.3,240,192.75,200,800,826320
FINNIFTY02JAN2421600PE.NFO,02/01/2024,09:16:54,193,193.35,280,193.85,240,1880,826320
FINNIFTY02JAN2421600PE.NFO,02/01/2024,09:16:55,193.4,193.85,200,194.25,280,80,826320
FINNIFTY02JAN2421600PE.NFO,02/01/2024,09:16:56,193.8,193.05,560,193.5,640,800,826320
FINNIFTY02JAN2421600PE.NFO,02/01/2024,09:16:56,193.55,193.6,40,194.1,800,40,826320
FINNIFTY02JAN2421600PE.NFO,02/01/2024,09:16:58,192.6,192,960,192.45,280,680,826320
FINNIFTY02JAN2421600PE.NFO,02/01/2024,09:16:59,191.65,191.55,560,191.95,200,280,826320
FINNIFTY02JAN2421600PE.NFO,02/01/2024,09:17:00,192.35,191.85,320,192.25,160,1160,826320
FINNIFTY02JAN2421600PE.NFO,02/01/2024,09:17:01,191,191.8,80,192.2,360,1240,826320
FINNIFTY02JAN2421600PE.NFO,02/01/2024,09:17:02,193.3,193,280,193.45,80,40,826320
FINNIFTY02JAN2421600PE.NFO,02/01/2024,09:17:03,192.7,191.9,560,192.2,280,4960,826320
FINNIFTY02JAN2421600PE.NFO,02/01/2024,09:17:03,192.3,191.7,160,192.15,760,280,826320
FINNIFTY02JAN2421600PE.NFO,02/01/2024,09:17:05,193.2,193,560,193.35,160,80,826320
FINNIFTY02JAN2421600PE.NFO,02/01/2024,09:17:06,193,192.8,560,193.15,280,1360,826320
FINNIFTY02JAN2421600PE.NFO,02/01/2024,09:17:07,192.05,191.7,560,192.05,320,1240,826320
FINNIFTY02JAN2421600PE.NFO,02/01/2024,09:17:08,191.5,191.6,400,192.15,80,9000,826320
FINNIFTY02JAN2421600PE.NFO,02/01/2024,09:17:09,191.5,192.5,120,193.05,280,0,826320
FINNIFTY02JAN2421600PE.NFO,02/01/2024,09:17:09,191.5,192.5,880,193.05,200,0,826320
FINNIFTY02JAN2421600PE.NFO,02/01/2024,09:17:10,193.2,193.5,600,194.05,360,240,826320
FINNIFTY02JAN2421600PE.NFO,02/01/2024,09:17:12,193.15,193.3,480,193.85,280,40,826320
FINNIFTY02JAN2421600PE.NFO,02/01/2024,09:17:13,193,193,360,193.25,200,1840,826320
FINNIFTY02JAN2421600PE.NFO,02/01/2024,09:17:14,193.45,192.85,840,193.4,320,1160,826320
FINNIFTY02JAN2421600PE.NFO,02/01/2024,09:17:15,192.9,192.95,40,193.45,240,1880,826320
FINNIFTY02JAN2421600PE.NFO,02/01/2024,09:17:16,192.7,192.25,80,192.7,440,14560,826320
FINNIFTY02JAN2421600PE.NFO,02/01/2024,09:17:16,192,192.1,40,192.4,720,3760,826320
FINNIFTY02JAN2421600PE.NFO,02/01/2024,09:17:18,190.35,190.4,40,190.85,1040,13040,826320
FINNIFTY02JAN2421600PE.NFO,02/01/2024,09:17:19,189.75,189.5,80,189.9,920,6840,826320
FINNIFTY02JAN2421600PE.NFO,02/01/2024,09:17:20,189.5,189.4,80,189.7,320,15040,826320
FINNIFTY02JAN2421600PE.NFO,02/01/2024,09:17:21,189.9,189.6,40,189.85,80,7760,826320
FINNIFTY02JAN2421600PE.NFO,02/01/2024,09:17:22,189.35,189.25,40,189.45,800,17080,826320
FINNIFTY02JAN2421600PE.NFO,02/01/2024,09:17:22,189.2,189,880,189.25,40,80,826320
FINNIFTY02JAN2421600PE.NFO,02/01/2024,09:17:23,189.95,189.55,640,189.9,280,12240,826320
FINNIFTY02JAN2421600PE.NFO,02/01/2024,09:17:25,191.25,190.75,120,191.2,840,16720,826320
FINNIFTY02JAN2421600PE.NFO,02/01/2024,09:17:26,191.15,190.4,800,190.8,120,680,826320
FINNIFTY02JAN2421600PE.NFO,02/01/2024,09:17:27,191.1,191.25,280,191.45,120,360,824040
FINNIFTY02JAN2421600PE.NFO,02/01/2024,09:17:28,192.6,192.3,440,192.75,920,1040,824040
FINNIFTY02JAN2421600PE.NFO,02/01/2024,09:17:29,193.35,193.35,280,193.7,280,520,824040
FINNIFTY02JAN2421600PE.NFO,02/01/2024,09:17:29,193.35,193.4,280,193.7,120,0,824040
FINNIFTY02JAN2421600PE.NFO,02/01/2024,09:17:31,193.95,193.2,480,193.55,280,2040,824040
FINNIFTY02JAN2421600PE.NFO,02/01/2024,09:17:32,191.65,191.3,280,191.75,560,920,824040
FINNIFTY02JAN2421600PE.NFO,02/01/2024,09:17:33,191.15,192.4,840,192.85,880,320,824040
FINNIFTY02JAN2421600PE.NFO,02/01/2024,09:17:34,193.1,192.6,800,193.05,120,240,824040
FINNIFTY02JAN2421600PE.NFO,02/01/2024,09:17:35,193.1,192.6,480,193.05,560,0,824040
FINNIFTY02JAN2421600PE.NFO,02/01/2024,09:17:36,193.1,192.7,800,193.2,560,0,824040
FINNIFTY02JAN2421600PE.NFO,02/01/2024,09:17:37,192.85,192.8,320,193.25,280,120,824040
FINNIFTY02JAN2421600PE.NFO,02/01/2024,09:17:38,190.65,191.1,240,191.6,1320,1080,824040
FINNIFTY02JAN2421600PE.NFO,02/01/2024,09:17:39,193.1,193.1,240,193.45,280,80,824040
FINNIFTY02JAN2421600PE.NFO,02/01/2024,09:17:40,194.1,194,600,194.5,120,1440,824040
FINNIFTY02JAN2421600PE.NFO,02/01/2024,09:17:41,195,195,400,195.45,120,680,824040
FINNIFTY02JAN2421600PE.NFO,02/01/2024,09:17:42,195,195.3,320,195.7,1040,0,824040
FINNIFTY02JAN2421600PE.NFO,02/01/2024,09:17:43,194.85,194.35,200,194.85,760,120,824040
FINNIFTY02JAN2421600PE.NFO,02/01/2024,09:17:44,194.8,194.3,200,194.75,1000,680,824040
FINNIFTY02JAN2421600PE.NFO,02/01/2024,09:17:45,196,195.45,520,195.9,360,6280,824040
FINNIFTY02JAN2421600PE.NFO,02/01/2024,09:17:46,195.65,195.8,240,196,120,200,824040
FINNIFTY02JAN2421600PE.NFO,02/01/2024,09:17:47,196,195.5,1160,196,480,3320,824040
FINNIFTY02JAN2421600PE.NFO,02/01/2024,09:17:48,195.55,195.2,240,195.55,160,40,824040
FINNIFTY02JAN2421600PE.NFO,02/01/2024,09:17:49,195.7,195,240,195.45,120,1960,824040
FINNIFTY02JAN2421600PE.NFO,02/01/2024,09:17:50,194.3,194.3,880,194.7,360,1920,824040
FINNIFTY02JAN2421600PE.NFO,02/01/2024,09:17:51,194.3,193.9,240,194.35,160,2440,824040
FINNIFTY02JAN2421600PE.NFO,02/01/2024,09:17:52,194.7,193.9,840,194.3,520,280,824040
FINNIFTY02JAN2421600PE.NFO,02/01/2024,09:17:53,194.5,193.6,320,194.1,200,2240,824040
FINNIFTY02JAN2421600PE.NFO,02/01/2024,09:17:54,195.2,195.1,520,195.55,160,2800,824040
FINNIFTY02JAN2421600PE.NFO,02/01/2024,09:17:55,195.2,195.05,240,195.4,520,0,824040
FINNIFTY02JAN2421600PE.NFO,02/01/2024,09:17:56,195.3,194.8,240,195.15,120,1960,824040
FINNIFTY02JAN2421600PE.NFO,02/01/2024,09:17:57,195,194.3,280,194.7,920,1800,824040
FINNIFTY02JAN2421600PE.NFO,02/01/2024,09:17:58,194.4,194.1,440,194.45,80,2040,824040
FINNIFTY02JAN2421600PE.NFO,02/01/2024,09:17:59,195.15,194.2,1440,194.6,640,1920,824040
FINNIFTY02JAN2421600PE.NFO,02/01/2024,09:18:00,195.15,194.5,280,194.9,40,0,824040
FINNIFTY02JAN2421600PE.NFO,02/01/2024,09:18:01,195,194,480,194.5,760,2960,824040
FINNIFTY02JAN2421600PE.NFO,02/01/2024,09:18:02,195,193.4,400,193.9,400,0,824040
FINNIFTY02JAN2421600PE.NFO,02/01/2024,09:18:03,192.45,192,40,192.3,720,3920,824040
FINNIFTY02JAN2421600PE.NFO,02/01/2024,09:18:04,192.7,192,640,192.35,120,2120,824040
FINNIFTY02JAN2421600PE.NFO,02/01/2024,09:18:05,192.3,192.25,280,192.7,480,1800,824040
FINNIFTY02JAN2421600PE.NFO,02/01/2024,09:18:06,192.25,191.95,400,192.4,1480,280,824040
FINNIFTY02JAN2421600PE.NFO,02/01/2024,09:18:07,191.15,191.05,80,191.6,1800,2600,824040
FINNIFTY02JAN2421600PE.NFO,02/01/2024,09:18:08,191.15,191,40,191.4,640,0,824040
FINNIFTY02JAN2421600PE.NFO,02/01/2024,09:18:09,191.75,191.65,880,192.1,520,2920,824040
FINNIFTY02JAN2421600PE.NFO,02/01/2024,09:18:10,191.75,191.3,200,191.75,400,0,824040
FINNIFTY02JAN2421600PE.NFO,02/01/2024,09:18:11,192.7,192.8,440,193.25,400,1840,824040
FINNIFTY02JAN2421600PE.NFO,02/01/2024,09:18:12,193.55,193,280,193.5,1680,1880,824040
FINNIFTY02JAN2421600PE.NFO,02/01/2024,09:18:13,193.8,192.6,400,192.9,40,1800,824040
FINNIFTY02JAN2421600PE.NFO,02/01/2024,09:18:14,193.5,193.2,280,193.45,120,2200,824040
FINNIFTY02JAN2421600PE.NFO,02/01/2024,09:18:15,192.75,192.55,480,192.95,200,200,824040
FINNIFTY02JAN2421600PE.NFO,02/01/2024,09:18:16,193.8,194.2,240,194.45,80,1640,824040
FINNIFTY02JAN2421600PE.NFO,02/01/2024,09:18:17,194.7,194.6,480,194.95,640,2520,824040
FINNIFTY02JAN2421600PE.NFO,02/01/2024,09:18:18,195.75,195.8,880,196.2,360,3640,824040
FINNIFTY02JAN2421600PE.NFO,02/01/2024,09:18:19,197,196.55,600,196.95,560,2400,824040
FINNIFTY02JAN2421600PE.NFO,02/01/2024,09:18:20,198.3,198.05,200,198.45,400,4280,824040
FINNIFTY02JAN2421600PE.NFO,02/01/2024,09:18:21,198.3,197.75,200,198.15,880,0,824040
FINNIFTY02JAN2421600PE.NFO,02/01/2024,09:18:22,197.55,196.95,360,197.25,120,400,824040
FINNIFTY02JAN2421600PE.NFO,02/01/2024,09:18:23,195.95,195.7,320,196,920,2440,824040
FINNIFTY02JAN2421600PE.NFO,02/01/2024,09:18:24,196.75,196.85,360,197.3,800,2880,824040
FINNIFTY02JAN2421600PE.NFO,02/01/2024,09:18:25,197.9,197.55,720,198,360,2200,824040
FINNIFTY02JAN2421600PE.NFO,02/01/2024,09:18:26,197.9,197.1,520,197.4,560,0,824040
FINNIFTY02JAN2421600PE.NFO,02/01/2024,09:18:27,196.1,195.95,200,196.15,40,2280,824040
FINNIFTY02JAN2421600PE.NFO,02/01/2024,09:18:28,195.65,195.1,520,195.5,120,440,824040
FINNIFTY02JAN2421600PE.NFO,02/01/2024,09:18:29,195.9,195.25,240,195.65,640,1920,824040
FINNIFTY02JAN2421600PE.NFO,02/01/2024,09:18:30,196.05,195.8,320,196.05,600,2760,824040
FINNIFTY02JAN2421600PE.NFO,02/01/2024,09:18:31,195.95,195.8,280,196.25,200,80,824040
FINNIFTY02JAN2421600PE.NFO,02/01/2024,09:18:32,196.4,196.15,440,196.45,640,1840,824040
FINNIFTY02JAN2421600PE.NFO,02/01/2024,09:18:33,196.75,196.7,760,197.1,960,4800,824040
FINNIFTY02JAN2421600PE.NFO,02/01/2024,09:18:34,196.15,195.6,280,195.95,760,2400,824040
FINNIFTY02JAN2421600PE.NFO,02/01/2024,09:18:35,196.15,195.35,400,195.75,760,0,824040
FINNIFTY02JAN2421600PE.NFO,02/01/2024,09:18:36,195.95,195.7,800,196.1,640,1840,824040
FINNIFTY02JAN2421600PE.NFO,02/01/2024,09:18:37,195.9,195.6,160,195.9,640,200,824040
FINNIFTY02JAN2421600PE.NFO,02/01/2024,09:18:38,194.55,194.35,240,194.6,560,2800,824040
FINNIFTY02JAN2421600PE.NFO,02/01/2024,09:18:39,195.05,194.3,560,194.7,1080,2360,824040
FINNIFTY02JAN2421600PE.NFO,02/01/2024,09:18:40,195.05,194.1,1040,194.5,960,0,824040
FINNIFTY02JAN2421600PE.NFO,02/01/2024,09:18:41,194.75,194.75,240,195.05,320,4200,824040
FINNIFTY02JAN2421600PE.NFO,02/01/2024,09:18:42,194.75,194,320,194.4,480,0,824040
FINNIFTY02JAN2421600PE.NFO,02/01/2024,09:18:43,194.35,194.35,400,194.7,880,1920,824040
FINNIFTY02JAN2421600PE.NFO,02/01/2024,09:18:44,193.55,192.15,480,192.5,280,2320,824040
FINNIFTY02JAN2421600PE.NFO,02/01/2024,09:18:45,192.75,192.25,960,192.65,40,1960,824040
FINNIFTY02JAN2421600PE.NFO,02/01/2024,09:18:46,192.9,192.45,360,192.85,600,200,824040
FINNIFTY02JAN2421600PE.NFO,02/01/2024,09:18:47,192.85,192.45,520,192.8,560,1960,824040
FINNIFTY02JAN2421600PE.NFO,02/01/2024,09:18:48,192.85,192.4,440,192.8,640,0,824040
FINNIFTY02JAN2421600PE.NFO,02/01/2024,09:18:49,193.1,192.5,120,192.95,200,2000,824040
FINNIFTY02JAN2421600PE.NFO,02/01/2024,09:18:50,191.9,191.6,520,192,760,2240,824040
FINNIFTY02JAN2421600PE.NFO,02/01/2024,09:18:51,192.2,191.3,280,191.65,160,1840,824040
FINNIFTY02JAN2421600PE.NFO,02/01/2024,09:18:52,191.35,190.85,360,191.25,520,3440,824040
FINNIFTY02JAN2421600PE.NFO,02/01/2024,09:18:53,191.45,191.2,640,191.5,40,2560,824040
FINNIFTY02JAN2421600PE.NFO,02/01/2024,09:18:54,191.25,191,440,191.35,560,2040,824040
FINNIFTY02JAN2421600PE.NFO,02/01/2024,09:18:55,191.25,191.2,360,191.6,560,0,824040
FINNIFTY02JAN2421600PE.NFO,02/01/2024,09:18:56,190.75,190.7,40,191.1,400,3680,824040
FINNIFTY02JAN2421600PE.NFO,02/01/2024,09:18:57,191.6,191.2,520,191.55,400,4320,824040
FINNIFTY02JAN2421600PE.NFO,02/01/2024,09:18:58,191.75,191.65,280,192,1040,1520,824040
FINNIFTY02JAN2421600PE.NFO,02/01/2024,09:18:59,191.25,191.4,160,191.7,440,560,824040
FINNIFTY02JAN2421600PE.NFO,02/01/2024,09:19:00,191.45,190.8,200,191.25,1000,1560,824040
FINNIFTY02JAN2421600PE.NFO,02/01/2024,09:19:01,190,189.65,480,190.05,120,2640,824040
FINNIFTY02JAN2421600PE.NFO,02/01/2024,09:19:02,190.95,190.55,1120,190.9,40,520,824040
FINNIFTY02JAN2421600PE.NFO,02/01/2024,09:19:03,191.4,192.05,800,192.55,600,600,824040
FINNIFTY02JAN2421600PE.NFO,02/01/2024,09:19:04,191.65,191.35,280,191.7,600,120,824040
FINNIFTY02JAN2421600PE.NFO,02/01/2024,09:19:05,191.7,191.55,400,191.95,280,320,824040
FINNIFTY02JAN2421600PE.NFO,02/01/2024,09:19:06,190.55,190.15,320,190.55,320,40,824040
FINNIFTY02JAN2421600PE.NFO,02/01/2024,09:19:07,190.85,190.55,240,190.85,40,560,824040
FINNIFTY02JAN2421600PE.NFO,02/01/2024,09:19:08,190.55,190.55,680,190.9,40,400,824040
FINNIFTY02JAN2421600PE.NFO,02/01/2024,09:19:09,191.65,191.6,200,191.65,760,1800,824040
FINNIFTY02JAN2421600PE.NFO,02/01/2024,09:19:10,191.65,190.15,320,190.55,40,760,824040
FINNIFTY02JAN2421600PE.NFO,02/01/2024,09:19:11,190.75,189.8,80,190.15,200,40,824040
FINNIFTY02JAN2421600PE.NFO,02/01/2024,09:19:12,189.4,188.85,720,189.2,280,200,824040
FINNIFTY02JAN2421600PE.NFO,02/01/2024,09:19:13,187.95,187.8,40,188.05,120,3200,824040
FINNIFTY02JAN2421600PE.NFO,02/01/2024,09:19:14,186.85,186.8,640,187.25,240,1320,824040
FINNIFTY02JAN2421600PE.NFO,02/01/2024,09:19:15,186.85,186.9,480,187.3,600,0,824040
FINNIFTY02JAN2421600PE.NFO,02/01/2024,09:19:16,186.2,186.85,600,187.25,240,80,824040
FINNIFTY02JAN2421600PE.NFO,02/01/2024,09:19:17,186.6,187.25,960,187.75,800,120,824040
FINNIFTY02JAN2421600PE.NFO,02/01/2024,09:19:18,187,186.85,880,187.25,200,1080,824040
FINNIFTY02JAN2421600PE.NFO,02/01/2024,09:19:19,187.35,187.1,280,187.55,600,80,824040
FINNIFTY02JAN2421600PE.NFO,02/01/2024,09:19:20,186.5,186.4,1480,186.95,1160,640,824040
FINNIFTY02JAN2421600PE.NFO,02/01/2024,09:19:21,188,187.9,1400,188.35,240,2560,824040
FINNIFTY02JAN2421600PE.NFO,02/01/2024,09:19:22,188.45,188.15,1120,188.6,360,40,824040
FINNIFTY02JAN2421600PE.NFO,02/01/2024,09:19:23,189.05,188.95,600,189.3,240,360,824040
FINNIFTY02JAN2421600PE.NFO,02/01/2024,09:19:24,189.95,190.05,240,190.5,600,680,824040
FINNIFTY02JAN2421600PE.NFO,02/01/2024,09:19:25,189.9,189.5,840,189.95,320,720,824040
FINNIFTY02JAN2421600PE.NFO,02/01/2024,09:19:26,189.65,189.25,240,189.65,360,400,824040
FINNIFTY02JAN2421600PE.NFO,02/01/2024,09:19:27,190.4,190.25,320,190.65,160,520,824040
FINNIFTY02JAN2421600PE.NFO,02/01/2024,09:19:28,190.4,189.8,720,190.25,440,0,824040
FINNIFTY02JAN2421600PE.NFO,02/01/2024,09:19:29,189.8,189.8,80,190.1,320,160,824040
FINNIFTY02JAN2421600PE.NFO,02/01/2024,09:19:30,189,189.1,80,189.45,560,1400,824040
FINNIFTY02JAN2421600PE.NFO,02/01/2024,09:19:31,189.1,188.95,160,189.25,600,920,824040
FINNIFTY02JAN2421600PE.NFO,02/01/2024,09:19:32,187.9,187.85,480,188.25,240,280,824040
FINNIFTY02JAN2421600PE.NFO,02/01/2024,09:19:33,189,188.7,360,189.05,520,40,824040
FINNIFTY02JAN2421600PE.NFO,02/01/2024,09:19:34,188.1,187.2,1040,187.6,520,80,824040
FINNIFTY02JAN2421600PE.NFO,02/01/2024,09:19:35,187.1,186.9,320,187.2,80,160,824040
FINNIFTY02JAN2421600PE.NFO,02/01/2024,09:19:36,187.3,186.9,760,187.35,440,80,824040
FINNIFTY02JAN2421600PE.NFO,02/01/2024,09:19:37,187.3,187.3,200,187.6,880,0,824040
FINNIFTY02JAN2421600PE.NFO,02/01/2024,09:19:38,188.25,187.4,360,187.75,280,680,824040
FINNIFTY02JAN2421600PE.NFO,02/01/2024,09:19:39,188.7,188.25,160,188.7,360,880,824040
FINNIFTY02JAN2421600PE.NFO,02/01/2024,09:19:40,188.05,188.2,720,188.55,200,240,824040
FINNIFTY02JAN2421600PE.NFO,02/01/2024,09:19:41,188.1,187.65,280,188,160,40,824040
FINNIFTY02JAN2421600PE.NFO,02/01/2024,09:19:42,187.95,188.2,280,188.55,120,40,824040
FINNIFTY02JAN2421600PE.NFO,02/01/2024,09:19:43,188.35,188.45,360,188.85,120,40,824040
FINNIFTY02JAN2421600PE.NFO,02/01/2024,09:19:44,188.35,188.3,200,188.65,360,0,824040
FINNIFTY02JAN2421600PE.NFO,02/01/2024,09:19:45,188.35,188.65,680,189.05,160,0,824040
FINNIFTY02JAN2421600PE.NFO,02/01/2024,09:19:46,188.1,188.05,240,188.4,240,120,824040
FINNIFTY02JAN2421600PE.NFO,02/01/2024,09:19:47,187.45,187.2,360,187.65,640,600,824040
FINNIFTY02JAN2421600PE.NFO,02/01/2024,09:19:48,188,187.55,240,187.9,200,440,824040
FINNIFTY02JAN2421600PE.NFO,02/01/2024,09:19:49,186.95,186.95,320,187.35,480,40,824040
FINNIFTY02JAN2421600PE.NFO,02/01/2024,09:19:50,187,186.9,360,187.3,720,160,824040
FINNIFTY02JAN2421600PE.NFO,02/01/2024,09:19:51,187.6,187.65,440,187.95,160,3160,824040
FINNIFTY02JAN2421600PE.NFO,02/01/2024,09:19:52,188.85,188.55,320,189.05,840,560,824040
FINNIFTY02JAN2421600PE.NFO,02/01/2024,09:19:53,190,189.75,1080,190.2,360,200,824040
FINNIFTY02JAN2421600PE.NFO,02/01/2024,09:19:54,190.05,190,160,190.35,200,40,824040
FINNIFTY02JAN2421600PE.NFO,02/01/2024,09:19:55,189.45,189.1,160,189.45,240,160,824040
FINNIFTY02JAN2421600PE.NFO,02/01/2024,09:19:56,189.8,189.8,120,190.1,240,560,824040
FINNIFTY02JAN2421600PE.NFO,02/01/2024,09:19:57,190.55,190.5,40,190.85,240,560,824040
FINNIFTY02JAN2421600PE.NFO,02/01/2024,09:19:58,190.55,191,200,191.3,280,0,824040
FINNIFTY02JAN2421600PE.NFO,02/01/2024,09:19:59,191.2,190.9,160,191.35,680,200,824040
FINNIFTY02JAN2421600PE.NFO,02/01/2024,09:20:00,190.3,190.45,240,190.85,200,440,824040
FINNIFTY02JAN2421600PE.NFO,02/01/2024,09:20:01,191.65,191.25,40,191.55,440,720,824040
FINNIFTY02JAN2421600PE.NFO,02/01/2024,09:20:02,191.45,191.2,240,191.55,160,440,824040
FINNIFTY02JAN2421600PE.NFO,02/01/2024,09:20:03,190.55,190.4,120,190.7,160,40,824040
FINNIFTY02JAN2421600PE.NFO,02/01/2024,09:20:04,190.05,189.6,240,189.95,80,2120,824040
FINNIFTY02JAN2421600PE.NFO,02/01/2024,09:20:05,189.15,189,160,189.35,320,240,824040
FINNIFTY02JAN2421600PE.NFO,02/01/2024,09:20:06,188,188.05,520,188.45,200,400,824040
FINNIFTY02JAN2421600PE.NFO,02/01/2024,09:20:07,188.25,188.7,440,189.15,240,240,824040
FINNIFTY02JAN2421600PE.NFO,02/01/2024,09:20:08,188.5,188.4,520,188.75,40,1040,824040
FINNIFTY02JAN2421600PE.NFO,02/01/2024,09:20:09,188.3,188.3,560,188.75,240,520,824040
FINNIFTY02JAN2421600PE.NFO,02/01/2024,09:20:10,188,187.75,600,188.1,80,320,824040
FINNIFTY02JAN2421600PE.NFO,02/01/2024,09:20:11,188,187.55,680,188,720,0,824040
FINNIFTY02JAN2421600PE.NFO,02/01/2024,09:20:12,187.6,187.55,200,187.95,520,120,824040
FINNIFTY02JAN2421600PE.NFO,02/01/2024,09:20:13,187.95,187.1,320,187.55,400,880,824040
FINNIFTY02JAN2421600PE.NFO,02/01/2024,09:20:14,187.9,187.65,440,188.1,120,80,824040
FINNIFTY02JAN2421600PE.NFO,02/01/2024,09:20:15,187.9,186.9,200,187.3,240,0,824040
FINNIFTY02JAN2421600PE.NFO,02/01/2024,09:20:16,187.95,188.15,360,188.3,80,400,824040
FINNIFTY02JAN2421600PE.NFO,02/01/2024,09:20:17,189.75,189.35,120,189.7,240,440,824040
FINNIFTY02JAN2421600PE.NFO,02/01/2024,09:20:18,188.95,188.9,560,189.3,200,1720,824040
FINNIFTY02JAN2421600PE.NFO,02/01/2024,09:20:19,188.95,188.55,360,189,560,120,824040
FINNIFTY02JAN2421600PE.NFO,02/01/2024,09:20:20,188.35,188,1000,188.55,1000,680,824040
FINNIFTY02JAN2421600PE.NFO,02/01/2024,09:20:21,188.05,188.5,440,188.9,240,200,824040
FINNIFTY02JAN2421600PE.NFO,02/01/2024,09:20:22,189.1,188.8,120,189.15,200,240,824040
FINNIFTY02JAN2421600PE.NFO,02/01/2024,09:20:23,189.1,188.9,120,189.2,200,0,824040
FINNIFTY02JAN2421600PE.NFO,02/01/2024,09:20:24,189.1,189.2,840,189.55,80,0,824040
FINNIFTY02JAN2421600PE.NFO,02/01/2024,09:20:25,189.8,189.45,160,189.8,200,2040,824040
FINNIFTY02JAN2421600PE.NFO,02/01/2024,09:20:26,189.8,189.7,1000,190.05,40,0,824040
FINNIFTY02JAN2421600PE.NFO,02/01/2024,09:20:27,190.35,190.2,280,190.6,400,40,841080
FINNIFTY02JAN2421600PE.NFO,02/01/2024,09:20:28,191,190.65,400,191.15,360,400,841080
FINNIFTY02JAN2421600PE.NFO,02/01/2024,09:20:29,190.7,189.75,680,190.15,160,80,841080
FINNIFTY02JAN2421600PE.NFO,02/01/2024,09:20:30,190.7,189.45,320,189.75,40,0,841080
FINNIFTY02JAN2421600PE.NFO,02/01/2024,09:20:31,190.5,190.5,320,190.85,40,280,841080
FINNIFTY02JAN2421600PE.NFO,02/01/2024,09:20:33,191,190.9,120,191.2,160,2120,841080
FINNIFTY02JAN2421600PE.NFO,02/01/2024,09:20:33,191,190.95,960,191.35,560,0,841080
FINNIFTY02JAN2421600PE.NFO,02/01/2024,09:20:34,191,190.8,360,191.25,320,0,841080
FINNIFTY02JAN2421600PE.NFO,02/01/2024,09:20:35,191.65,191.1,1040,191.6,400,1240,841080
FINNIFTY02JAN2421600PE.NFO,02/01/2024,09:20:36,190.25,190.5,400,190.95,160,480,841080
FINNIFTY02JAN2421600PE.NFO,02/01/2024,09:20:37,191.25,191.3,400,191.75,320,120,841080
FINNIFTY02JAN2421600PE.NFO,02/01/2024,09:20:38,191.7,191,400,191.4,80,40,841080
FINNIFTY02JAN2421600PE.NFO,02/01/2024,09:20:40,190.9,191.15,320,191.5,40,400,841080
FINNIFTY02JAN2421600PE.NFO,02/01/2024,09:20:40,190.9,191.25,680,191.7,480,0,841080
FINNIFTY02JAN2421600PE.NFO,02/01/2024,09:20:41,190.9,189.75,1360,190.2,320,0,841080
FINNIFTY02JAN2421600PE.NFO,02/01/2024,09:20:42,190.3,189.55,840,190,400,40,841080
FINNIFTY02JAN2421600PE.NFO,02/01/2024,09:20:43,190.15,189.55,920,190,840,40,841080
FINNIFTY02JAN2421600PE.NFO,02/01/2024,09:20:44,189.05,188.95,800,189.45,1280,160,841080
FINNIFTY02JAN2421600PE.NFO,02/01/2024,09:20:46,189.05,188.7,320,189.1,360,0,841080
FINNIFTY02JAN2421600PE.NFO,02/01/2024,09:20:46,188.65,188.2,240,188.6,40,1400,841080
FINNIFTY02JAN2421600PE.NFO,02/01/2024,09:20:47,188,188.35,440,188.7,80,160,841080
FINNIFTY02JAN2421600PE.NFO,02/01/2024,09:20:48,188.65,187.75,880,188.25,360,200,841080
FINNIFTY02JAN2421600PE.NFO,02/01/2024,09:20:49,187.75,188,720,188.4,800,80,841080
FINNIFTY02JAN2421600PE.NFO,02/01/2024,09:20:50,187.45,187.3,840,187.75,320,240,841080
FINNIFTY02JAN2421600PE.NFO,02/01/2024,09:20:51,187.6,187.4,760,187.75,200,280,841080
FINNIFTY02JAN2421600PE.NFO,02/01/2024,09:20:52,187,186.9,1080,187.35,360,40,841080
FINNIFTY02JAN2421600PE.NFO,02/01/2024,09:20:53,187.6,186.85,520,187.3,280,40,841080
FINNIFTY02JAN2421600PE.NFO,02/01/2024,09:20:54,187.35,187.45,520,187.85,120,400,841080
FINNIFTY02JAN2421600PE.NFO,02/01/2024,09:20:55,187.95,187.5,1280,187.95,440,280,841080
FINNIFTY02JAN2421600PE.NFO,02/01/2024,09:20:56,188.05,187.45,320,187.8,320,120,841080
FINNIFTY02JAN2421600PE.NFO,02/01/2024,09:20:58,188.05,188.45,320,188.85,360,0,841080
FINNIFTY02JAN2421600PE.NFO,02/01/2024,09:20:58,188.05,188.35,1160,188.75,120,0,841080
FINNIFTY02JAN2421600PE.NFO,02/01/2024,09:20:59,188.25,188.25,440,188.65,360,320,841080
FINNIFTY02JAN2421600PE.NFO,02/01/2024,09:21:00,189.2,188.95,960,189.4,400,840,841080
FINNIFTY02JAN2421600PE.NFO,02/01/2024,09:21:01,188.3,188,320,188.35,280,520,841080
FINNIFTY02JAN2421600PE.NFO,02/01/2024,09:21:02,188.3,188.4,760,188.85,200,0,841080
FINNIFTY02JAN2421600PE.NFO,02/01/2024,09:21:03,188.3,187.55,40,187.9,200,0,841080
FINNIFTY02JAN2421600PE.NFO,02/01/2024,09:21:04,186.05,185.8,640,186.15,160,1320,841080
FINNIFTY02JAN2421600PE.NFO,02/01/2024,09:21:05,184.65,184.2,400,184.65,440,3080,841080
FINNIFTY02JAN2421600PE.NFO,02/01/2024,09:21:06,182.25,181.85,160,182.25,280,4000,841080
FINNIFTY02JAN2421600PE.NFO,02/01/2024,09:21:07,181.6,181.35,560,181.75,320,39080,841080
FINNIFTY02JAN2421600PE.NFO,02/01/2024,09:21:08,180.8,180.4,560,180.8,240,2480,841080
FINNIFTY02JAN2421600PE.NFO,02/01/2024,09:21:09,182.05,181.8,40,182.1,360,1480,841080
FINNIFTY02JAN2421600PE.NFO,02/01/2024,09:21:10,181.5,180.4,320,180.75,320,1200,841080
FINNIFTY02JAN2421600PE.NFO,02/01/2024,09:21:11,179.05,178.9,40,179.3,320,680,841080
FINNIFTY02JAN2421600PE.NFO,02/01/2024,09:21:12,179.3,179.1,360,179.55,360,3120,841080
FINNIFTY02JAN2421600PE.NFO,02/01/2024,09:21:13,180,180,520,180.45,760,440,841080
FINNIFTY02JAN2421600PE.NFO,02/01/2024,09:21:14,181.25,181.05,560,181.4,720,400,841080
FINNIFTY02JAN2421600PE.NFO,02/01/2024,09:21:15,181.25,181,600,181.5,440,400,841080
FINNIFTY02JAN2421600PE.NFO,02/01/2024,09:21:16,182.6,182.35,480,182.75,200,2000,841080
FINNIFTY02JAN2421600PE.NFO,02/01/2024,09:21:17,182.4,182,560,182.45,320,360,841080
FINNIFTY02JAN2421600PE.NFO,02/01/2024,09:21:18,181.8,181.6,680,182,760,480,841080
FINNIFTY02JAN2421600PE.NFO,02/01/2024,09:21:19,181.85,181.45,120,181.85,360,5160,841080
FINNIFTY02JAN2421600PE.NFO,02/01/2024,09:21:20,182,181.95,120,182.35,360,1040,841080
FINNIFTY02JAN2421600PE.NFO,02/01/2024,09:21:21,181.7,181.4,240,181.85,320,680,841080
FINNIFTY02JAN2421600PE.NFO,02/01/2024,09:21:22,181.3,180.8,360,181.2,600,880,841080
FINNIFTY02JAN2421600PE.NFO,02/01/2024,09:21:23,180.75,181.1,440,181.5,560,320,841080
FINNIFTY02JAN2421600PE.NFO,02/01/2024,09:21:24,180.3,180.15,640,180.55,560,600,841080
FINNIFTY02JAN2421600PE.NFO,02/01/2024,09:21:25,179.45,179.2,760,179.55,120,240,841080
FINNIFTY02JAN2421600PE.NFO,02/01/2024,09:21:26,178.5,177.85,200,178.25,40,15760,841080
FINNIFTY02JAN2421600PE.NFO,02/01/2024,09:21:27,176.3,176.15,400,176.35,40,21680,841080
FINNIFTY02JAN2421600PE.NFO,02/01/2024,09:21:28,174,174.65,200,174.85,120,20640,841080
FINNIFTY02JAN2421600PE.NFO,02/01/2024,09:21:29,175.5,175.45,40,175.75,120,2680,841080
FINNIFTY02JAN2421600PE.NFO,02/01/2024,09:21:30,176.05,175.9,240,176.25,40,2080,841080
FINNIFTY02JAN2421600PE.NFO,02/01/2024,09:21:31,175.95,175.75,320,176.15,360,1040,841080
FINNIFTY02JAN2421600PE.NFO,02/01/2024,09:21:32,175.45,175.2,240,175.45,40,1280,841080
FINNIFTY02JAN2421600PE.NFO,02/01/2024,09:21:33,174.2,173.5,1000,173.8,120,200,841080
FINNIFTY02JAN2421600PE.NFO,02/01/2024,09:21:34,174.3,174.1,440,174.55,280,1040,841080
FINNIFTY02JAN2421600PE.NFO,02/01/2024,09:21:35,175.75,175.9,240,176.15,40,1040,841080
FINNIFTY02JAN2421600PE.NFO,02/01/2024,09:21:36,177.35,177.2,80,177.6,360,520,841080
FINNIFTY02JAN2421600PE.NFO,02/01/2024,09:21:37,176.45,176.25,120,176.5,760,440,841080
FINNIFTY02JAN2421600PE.NFO,02/01/2024,09:21:38,176.8,176.45,1840,176.95,240,1400,841080
FINNIFTY02JAN2421600PE.NFO,02/01/2024,09:21:39,177.45,177.45,240,177.7,40,2600,841080
FINNIFTY02JAN2421600PE.NFO,02/01/2024,09:21:40,177.05,176.85,160,177.25,240,1120,841080
FINNIFTY02JAN2421600PE.NFO,02/01/2024,09:21:41,177.6,177.25,320,177.65,320,80,841080
FINNIFTY02JAN2421600PE.NFO,02/01/2024,09:21:42,177.75,177.9,560,178.2,40,320,841080
FINNIFTY02JAN2421600PE.NFO,02/01/2024,09:21:43,178.45,177.7,560,178.15,240,560,841080
FINNIFTY02JAN2421600PE.NFO,02/01/2024,09:21:44,178.4,178.25,640,178.5,880,240,841080
FINNIFTY02JAN2421600PE.NFO,02/01/2024,09:21:45,178.2,178.1,360,178.5,1280,280,841080
FINNIFTY02JAN2421600PE.NFO,02/01/2024,09:21:46,177.7,178.15,200,178.45,640,80,841080
FINNIFTY02JAN2421600PE.NFO,02/01/2024,09:21:47,178.4,178.4,200,178.8,40,640,841080
FINNIFTY02JAN2421600PE.NFO,02/01/2024,09:21:48,178.55,178.5,1200,178.9,160,80,841080
FINNIFTY02JAN2421600PE.NFO,02/01/2024,09:21:49,177.75,178,400,178.4,320,14400,841080
FINNIFTY02JAN2421600PE.NFO,02/01/2024,09:21:50,178.1,178.4,160,178.5,520,120,841080
FINNIFTY02JAN2421600PE.NFO,02/01/2024,09:21:51,178.5,178.2,120,178.45,680,320,841080
FINNIFTY02JAN2421600PE.NFO,02/01/2024,09:21:53,178.05,178.1,1240,178.5,1120,840,841080
FINNIFTY02JAN2421600PE.NFO,02/01/2024,09:21:54,178.45,178.05,120,178.4,440,520,841080
FINNIFTY02JAN2421600PE.NFO,02/01/2024,09:21:55,178.05,177.7,120,177.95,320,360,841080
FINNIFTY02JAN2421600PE.NFO,02/01/2024,09:21:56,177.6,177.1,280,177.5,160,1400,841080
FINNIFTY02JAN2421600PE.NFO,02/01/2024,09:21:57,176.85,177.05,80,177.45,600,600,841080
FINNIFTY02JAN2421600PE.NFO,02/01/2024,09:21:57,176.85,176.85,680,177.3,200,0,841080
FINNIFTY02JAN2421600PE.NFO,02/01/2024,09:21:58,176.55,176.25,1080,176.7,160,200,841080
FINNIFTY02JAN2421600PE.NFO,02/01/2024,09:21:59,175.4,175.25,280,175.65,560,280,841080
FINNIFTY02JAN2421600PE.NFO,02/01/2024,09:22:00,176.05,176.05,360,176.3,40,1400,841080
FINNIFTY02JAN2421600PE.NFO,02/01/2024,09:22:01,176.55,176.6,320,177.05,360,280,841080
FINNIFTY02JAN2421600PE.NFO,02/01/2024,09:22:02,176.6,176.6,120,177,280,280,841080
FINNIFTY02JAN2421600PE.NFO,02/01/2024,09:22:03,176.05,175.7,120,176.1,280,520,841080
FINNIFTY02JAN2421600PE.NFO,02/01/2024,09:22:04,176.6,176.85,600,177.3,280,2200,841080
FINNIFTY02JAN2421600PE.NFO,02/01/2024,09:22:05,176.9,177.1,360,177.45,120,400,841080
FINNIFTY02JAN2421600PE.NFO,02/01/2024,09:22:06,176.9,177.2,240,177.55,160,0,841080
FINNIFTY02JAN2421600PE.NFO,02/01/2024,09:22:07,177.2,177.7,720,178.15,360,40,841080
FINNIFTY02JAN2421600PE.NFO,02/01/2024,09:22:08,178.3,178,440,178.45,720,40,841080
FINNIFTY02JAN2421600PE.NFO,02/01/2024,09:22:09,178.5,177.95,840,178.45,320,640,841080
FINNIFTY02JAN2421600PE.NFO,02/01/2024,09:22:11,178.2,177.9,240,178.25,120,800,841080
FINNIFTY02JAN2421600PE.NFO,02/01/2024,09:22:12,177.85,177.7,520,177.9,400,600,841080
FINNIFTY02JAN2421600PE.NFO,02/01/2024,09:22:12,177.9,177.9,800,178.35,80,400,841080
FINNIFTY02JAN2421600PE.NFO,02/01/2024,09:22:13,177.15,177.2,320,177.6,40,520,841080
FINNIFTY02JAN2421600PE.NFO,02/01/2024,09:22:14,177.4,177.7,800,178.1,360,400,841080
FINNIFTY02JAN2421600PE.NFO,02/01/2024,09:22:16,177.75,177.75,80,178.2,400,4120,841080
FINNIFTY02JAN2421600PE.NFO,02/01/2024,09:22:17,178.95,179.2,360,179.55,160,3720,841080
FINNIFTY02JAN2421600PE.NFO,02/01/2024,09:22:18,179.95,179.35,840,179.8,160,960,841080
FINNIFTY02JAN2421600PE.NFO,02/01/2024,09:22:19,179.55,178.95,600,179.3,760,200,841080
FINNIFTY02JAN2421600PE.NFO,02/01/2024,09:22:20,179.35,178.95,600,179.4,200,120,841080
FINNIFTY02JAN2421600PE.NFO,02/01/2024,09:22:21,180,179.35,1120,179.85,680,400,841080
FINNIFTY02JAN2421600PE.NFO,02/01/2024,09:22:21,180,179.6,400,179.95,600,0,841080
FINNIFTY02JAN2421600PE.NFO,02/01/2024,09:22:22,179.75,179.35,400,179.8,200,640,841080
FINNIFTY02JAN2421600PE.NFO,02/01/2024,09:22:23,180,180.6,480,181,640,800,841080
FINNIFTY02JAN2421600PE.NFO,02/01/2024,09:22:25,181.3,180.3,800,180.7,120,240,841080
FINNIFTY02JAN2421600PE.NFO,02/01/2024,09:22:26,181.8,181.45,320,181.9,240,200,841080
FINNIFTY02JAN2421600PE.NFO,02/01/2024,09:22:26,181.8,180.95,360,181.35,440,0,841080
FINNIFTY02JAN2421600PE.NFO,02/01/2024,09:22:27,181.9,182,800,182.5,720,1040,841080
FINNIFTY02JAN2421600PE.NFO,02/01/2024,09:22:28,183.55,183.55,440,183.95,200,40,841080
FINNIFTY02JAN2421600PE.NFO,02/01/2024,09:22:29,183.2,182.95,40,183.3,440,520,841080
FINNIFTY02JAN2421600PE.NFO,02/01/2024,09:22:30,182.6,182.3,120,182.65,1040,2000,841080
FINNIFTY02JAN2421600PE.NFO,02/01/2024,09:22:31,182.95,182.8,440,183.15,960,720,841080
FINNIFTY02JAN2421600PE.NFO,02/01/2024,09:22:32,183,182.45,240,182.85,600,1120,841080
FINNIFTY02JAN2421600PE.NFO,02/01/2024,09:22:34,184,183.65,440,184.05,320,440,841080
FINNIFTY02JAN2421600PE.NFO,02/01/2024,09:22:35,184,183.85,680,184.25,480,80,841080
FINNIFTY02JAN2421600PE.NFO,02/01/2024,09:22:36,185,185.05,920,185.6,400,1400,841080
FINNIFTY02JAN2421600PE.NFO,02/01/2024,09:22:37,185.1,184.6,480,185,400,40,841080
FINNIFTY02JAN2421600PE.NFO,02/01/2024,09:22:38,183.95,184.3,920,184.8,800,200,841080
FINNIFTY02JAN2421600PE.NFO,02/01/2024,09:22:39,185.1,184.25,640,184.7,200,800,841080
FINNIFTY02JAN2421600PE.NFO,02/01/2024,09:22:40,184.25,183.3,800,183.75,80,240,841080
FINNIFTY02JAN2421600PE.NFO,02/01/2024,09:22:41,183.85,184.05,200,184.5,640,2160,841080
FINNIFTY02JAN2421600PE.NFO,02/01/2024,09:22:42,184.4,184.3,440,184.7,320,1120,841080
FINNIFTY02JAN2421600PE.NFO,02/01/2024,09:22:43,185,184.4,240,184.8,560,1520,841080
FINNIFTY02JAN2421600PE.NFO,02/01/2024,09:22:44,185,184,560,184.4,600,640,841080
FINNIFTY02JAN2421600PE.NFO,02/01/2024,09:22:45,184.15,184.2,560,184.6,560,800,841080
FINNIFTY02JAN2421600PE.NFO,02/01/2024,09:22:46,184.6,184.2,400,184.65,1000,560,841080
FINNIFTY02JAN2421600PE.NFO,02/01/2024,09:22:47,183,183.1,160,183.55,920,440,841080
FINNIFTY02JAN2421600PE.NFO,02/01/2024,09:22:48,183.7,183.45,320,183.85,480,920,841080
FINNIFTY02JAN2421600PE.NFO,02/01/2024,09:22:49,183.95,184.65,480,185,960,280,841080
FINNIFTY02JAN2421600PE.NFO,02/01/2024,09:22:50,183.95,184.2,400,184.65,600,0,841080
FINNIFTY02JAN2421600PE.NFO,02/01/2024,09:22:51,183.55,182.9,40,183.25,200,840,841080
FINNIFTY02JAN2421600PE.NFO,02/01/2024,09:22:52,182.95,182.5,760,182.95,40,2400,841080
FINNIFTY02JAN2421600PE.NFO,02/01/2024,09:22:53,182.55,182.2,480,182.6,280,120,841080
FINNIFTY02JAN2421600PE.NFO,02/01/2024,09:22:54,182.15,182.15,200,182.55,480,2040,841080
FINNIFTY02JAN2421600PE.NFO,02/01/2024,09:22:55,182.15,182.7,240,183.15,800,0,841080
FINNIFTY02JAN2421600PE.NFO,02/01/2024,09:22:56,182.15,182.7,200,183.15,600,0,841080
FINNIFTY02JAN2421600PE.NFO,02/01/2024,09:22:57,182.25,182.25,120,182.7,880,120,841080
FINNIFTY02JAN2421600PE.NFO,02/01/2024,09:22:58,181.1,181.2,200,181.6,920,80,841080
FINNIFTY02JAN2421600PE.NFO,02/01/2024,09:22:59,181.35,181.3,520,181.7,720,160,841080
FINNIFTY02JAN2421600PE.NFO,02/01/2024,09:23:00,182.3,181.8,520,182.25,360,1000,841080
FINNIFTY02JAN2421600PE.NFO,02/01/2024,09:23:01,181.85,181.85,40,182.25,560,1400,841080
FINNIFTY02JAN2421600PE.NFO,02/01/2024,09:23:02,182.5,182.05,960,182.5,80,320,841080
FINNIFTY02JAN2421600PE.NFO,02/01/2024,09:23:03,182.65,182.2,560,182.6,480,80,841080
FINNIFTY02JAN2421600PE.NFO,02/01/2024,09:23:04,182.65,182.5,440,182.95,520,0,841080
FINNIFTY02JAN2421600PE.NFO,02/01/2024,09:23:05,181.75,181.15,200,181.55,400,240,841080
FINNIFTY02JAN2421600PE.NFO,02/01/2024,09:23:06,180.85,180.45,440,180.95,560,520,841080
FINNIFTY02JAN2421600PE.NFO,02/01/2024,09:23:07,179.55,178.75,560,179.2,520,800,841080
FINNIFTY02JAN2421600PE.NFO,02/01/2024,09:23:08,178.4,178.05,440,178.4,480,160,841080
FINNIFTY02JAN2421600PE.NFO,02/01/2024,09:23:09,178,178,560,178.4,360,560,841080
FINNIFTY02JAN2421600PE.NFO,02/01/2024,09:23:10,178.5,178.25,1400,178.65,560,800,841080
FINNIFTY02JAN2421600PE.NFO,02/01/2024,09:23:10,178.55,178.2,320,178.6,1000,40,841080
FINNIFTY02JAN2421600PE.NFO,02/01/2024,09:23:11,179.4,179.3,520,179.75,320,1480,841080
FINNIFTY02JAN2421600PE.NFO,02/01/2024,09:23:12,180.4,180.2,280,180.6,360,280,841080
FINNIFTY02JAN2421600PE.NFO,02/01/2024,09:23:13,179.05,178.8,200,179.2,320,40,841080
FINNIFTY02JAN2421600PE.NFO,02/01/2024,09:23:14,179.1,178.7,320,179.1,200,80,841080
FINNIFTY02JAN2421600PE.NFO,02/01/2024,09:23:15,179.1,178.65,320,179.05,600,0,841080
FINNIFTY02JAN2421600PE.NFO,02/01/2024,09:23:16,179.1,178.15,200,178.55,280,0,841080
FINNIFTY02JAN2421600PE.NFO,02/01/2024,09:23:17,177.4,176.9,520,177.3,80,40,841080
FINNIFTY02JAN2421600PE.NFO,02/01/2024,09:23:18,177.3,177.75,120,178.1,40,40,841080
FINNIFTY02JAN2421600PE.NFO,02/01/2024,09:23:19,178.35,178.25,160,178.65,760,480,841080
FINNIFTY02JAN2421600PE.NFO,02/01/2024,09:23:20,178.7,178.05,160,178.4,200,40,841080
FINNIFTY02JAN2421600PE.NFO,02/01/2024,09:23:21,178.7,178.7,280,179.1,160,0,841080
FINNIFTY02JAN2421600PE.NFO,02/01/2024,09:23:22,178.3,178.1,120,178.5,440,240,841080
FINNIFTY02JAN2421600PE.NFO,02/01/2024,09:23:23,178.3,178.1,560,178.35,40,0,841080
FINNIFTY02JAN2421600PE.NFO,02/01/2024,09:23:24,178.45,178.2,440,178.55,120,120,841080
FINNIFTY02JAN2421600PE.NFO,02/01/2024,09:23:25,177.95,178,160,178.4,520,2000,841080
FINNIFTY02JAN2421600PE.NFO,02/01/2024,09:23:26,179.15,179.2,80,179.45,440,6080,841080
FINNIFTY02JAN2421600PE.NFO,02/01/2024,09:23:27,179.2,178.6,520,179.05,200,2040,868720
FINNIFTY02JAN2421600PE.NFO,02/01/2024,09:23:28,179.7,179.4,320,179.85,480,3520,868720
FINNIFTY02JAN2421600PE.NFO,02/01/2024,09:23:29,181.3,180.85,320,181.25,160,4240,868720
FINNIFTY02JAN2421600PE.NFO,02/01/2024,09:23:30,180.25,180.4,360,180.9,400,1800,868720
FINNIFTY02JAN2421600PE.NFO,02/01/2024,09:23:31,180,179.7,280,179.95,40,640,868720
FINNIFTY02JAN2421600PE.NFO,02/01/2024,09:23:32,180.15,178.85,360,179.25,240,1040,868720
FINNIFTY02JAN2421600PE.NFO,02/01/2024,09:23:33,179.1,178.5,920,178.9,40,80,868720
FINNIFTY02JAN2421600PE.NFO,02/01/2024,09:23:34,179.2,179,440,179.45,400,40,868720
FINNIFTY02JAN2421600PE.NFO,02/01/2024,09:23:35,179.25,179.1,280,179.45,160,480,868720
FINNIFTY02JAN2421600PE.NFO,02/01/2024,09:23:37,179.25,178.1,320,178.55,560,0,868720
FINNIFTY02JAN2421600PE.NFO,02/01/2024,09:23:38,179.25,177.6,40,178,40,0,868720
FINNIFTY02JAN2421600PE.NFO,02/01/2024,09:23:38,179.25,177.45,520,177.9,80,0,868720
FINNIFTY02JAN2421600PE.NFO,02/01/2024,09:23:39,178.4,177.85,320,178.2,680,160,868720
FINNIFTY02JAN2421600PE.NFO,02/01/2024,09:23:40,178.1,178,320,178.25,40,120,868720
FINNIFTY02JAN2421600PE.NFO,02/01/2024,09:23:41,178.7,178.7,120,179,120,280,868720
FINNIFTY02JAN2421600PE.NFO,02/01/2024,09:23:42,179.15,179.3,520,179.75,600,80,868720
FINNIFTY02JAN2421600PE.NFO,02/01/2024,09:23:43,179.6,179,120,179.4,440,240,868720
FINNIFTY02JAN2421600PE.NFO,02/01/2024,09:23:44,179.3,178.8,880,179.15,120,80,868720
FINNIFTY02JAN2421600PE.NFO,02/01/2024,09:23:45,179.15,178.9,320,179.3,560,120,868720
FINNIFTY02JAN2421600PE.NFO,02/01/2024,09:23:46,178.75,179.15,640,179.45,40,80,868720
FINNIFTY02JAN2421600PE.NFO,02/01/2024,09:23:48,180.2,180.4,920,180.8,200,520,868720
FINNIFTY02JAN2421600PE.NFO,02/01/2024,09:23:49,180.6,180.2,40,180.5,520,40,868720
FINNIFTY02JAN2421600PE.NFO,02/01/2024,09:23:49,180.6,180.55,680,180.95,200,0,868720
FINNIFTY02JAN2421600PE.NFO,02/01/2024,09:23:50,180.55,180.45,560,180.85,280,2080,868720
FINNIFTY02JAN2421600PE.NFO,02/01/2024,09:23:51,180.8,180.5,640,180.95,280,2160,868720
FINNIFTY02JAN2421600PE.NFO,02/01/2024,09:23:53,180.45,180,40,180.25,320,160,868720
FINNIFTY02JAN2421600PE.NFO,02/01/2024,09:23:54,180.75,180.35,280,180.75,360,120,868720
FINNIFTY02JAN2421600PE.NFO,02/01/2024,09:23:55,181,180.5,1240,180.95,440,80,868720
FINNIFTY02JAN2421600PE.NFO,02/01/2024,09:23:56,181,180.95,560,181.3,600,480,868720
FINNIFTY02JAN2421600PE.NFO,02/01/2024,09:23:57,181.35,180.95,960,181.35,480,360,868720
FINNIFTY02JAN2421600PE.NFO,02/01/2024,09:23:57,181.35,181.15,400,181.5,320,0,868720
FINNIFTY02JAN2421600PE.NFO,02/01/2024,09:23:58,182.4,181.9,200,182.35,320,3280,868720
FINNIFTY02JAN2421600PE.NFO,02/01/2024,09:23:59,182.35,181.9,560,182.35,520,80,868720
FINNIFTY02JAN2421600PE.NFO,02/01/2024,09:24:00,182.75,182.35,560,182.75,960,2440,868720
FINNIFTY02JAN2421600PE.NFO,02/01/2024,09:24:01,183,183.25,560,183.6,320,440,868720
FINNIFTY02JAN2421600PE.NFO,02/01/2024,09:24:02,183.75,183.35,1080,183.7,160,880,868720
FINNIFTY02JAN2421600PE.NFO,02/01/2024,09:24:04,183.75,183.25,520,183.7,600,200,868720
FINNIFTY02JAN2421600PE.NFO,02/01/2024,09:24:05,183,182.4,640,182.85,360,560,868720
FINNIFTY02JAN2421600PE.NFO,02/01/2024,09:24:06,181.9,181.2,720,181.7,120,680,868720
FINNIFTY02JAN2421600PE.NFO,02/01/2024,09:24:06,181.9,181.2,600,181.7,200,0,868720
FINNIFTY02JAN2421600PE.NFO,02/01/2024,09:24:07,181.9,181.85,520,182.25,120,0,868720
FINNIFTY02JAN2421600PE.NFO,02/01/2024,09:24:08,182.25,181.75,920,182.25,120,80,868720
FINNIFTY02JAN2421600PE.NFO,02/01/2024,09:24:09,182.25,181.6,920,182.05,640,0,868720
FINNIFTY02JAN2421600PE.NFO,02/01/2024,09:24:11,181.8,181.45,360,181.85,120,400,868720
FINNIFTY02JAN2421600PE.NFO,02/01/2024,09:24:12,181.15,180.35,600,180.8,720,240,868720
FINNIFTY02JAN2421600PE.NFO,02/01/2024,09:24:13,181,180.25,560,180.7,400,640,868720
FINNIFTY02JAN2421600PE.NFO,02/01/2024,09:24:13,181,180.3,640,180.75,880,0,868720
FINNIFTY02JAN2421600PE.NFO,02/01/2024,09:24:14,180.4,180.1,720,180.55,40,120,868720
FINNIFTY02JAN2421600PE.NFO,02/01/2024,09:24:15,181.3,181.15,1600,181.55,120,1440,868720
FINNIFTY02JAN2421600PE.NFO,02/01/2024,09:24:17,181.8,181.75,1120,182.2,120,920,868720
FINNIFTY02JAN2421600PE.NFO,02/01/2024,09:24:18,181.8,181.9,560,182.35,840,120,868720
FINNIFTY02JAN2421600PE.NFO,02/01/2024,09:24:19,181.8,182.2,520,182.6,120,0,868720
FINNIFTY02JAN2421600PE.NFO,02/01/2024,09:24:20,182.65,182.75,200,183,40,120,868720
FINNIFTY02JAN2421600PE.NFO,02/01/2024,09:24:21,183.3,183.3,640,183.75,480,80,868720
FINNIFTY02JAN2421600PE.NFO,02/01/2024,09:24:22,184.05,183.65,800,184.05,40,680,868720
FINNIFTY02JAN2421600PE.NFO,02/01/2024,09:24:23,184.05,183.9,1160,184.35,400,0,868720
FINNIFTY02JAN2421600PE.NFO,02/01/2024,09:24:24,185,184.6,560,184.95,680,640,868720
FINNIFTY02JAN2421600PE.NFO,02/01/2024,09:24:25,185,184.2,560,184.55,200,0,868720
FINNIFTY02JAN2421600PE.NFO,02/01/2024,09:24:26,183.9,184.35,200,184.8,1000,120,868720
FINNIFTY02JAN2421600PE.NFO,02/01/2024,09:24:27,184.7,184.55,640,185,760,1560,868720
FINNIFTY02JAN2421600PE.NFO,02/01/2024,09:24:28,185.1,184.25,600,184.6,240,1280,868720
FINNIFTY02JAN2421600PE.NFO,02/01/2024,09:24:28,185.1,184.15,1040,184.6,240,0,868720
FINNIFTY02JAN2421600PE.NFO,02/01/2024,09:24:29,184.05,183.95,1640,184.4,320,360,868720
FINNIFTY02JAN2421600PE.NFO,02/01/2024,09:24:30,184.3,184.6,920,185,1800,360,868720
FINNIFTY02JAN2421600PE.NFO,02/01/2024,09:24:31,184.95,184.05,600,184.45,520,40,868720
FINNIFTY02JAN2421600PE.NFO,02/01/2024,09:24:32,184.45,184.4,360,184.7,40,440,868720
FINNIFTY02JAN2421600PE.NFO,02/01/2024,09:24:34,184.6,184.65,240,185.1,640,2080,868720
FINNIFTY02JAN2421600PE.NFO,02/01/2024,09:24:35,185.05,184.4,160,184.85,640,600,868720
FINNIFTY02JAN2421600PE.NFO,02/01/2024,09:24:36,184.55,184.3,120,184.6,240,280,868720
FINNIFTY02JAN2421600PE.NFO,02/01/2024,09:24:36,183.65,183.5,80,183.8,120,480,868720
FINNIFTY02JAN2421600PE.NFO,02/01/2024,09:24:37,183,182.25,960,182.6,120,280,868720
FINNIFTY02JAN2421600PE.NFO,02/01/2024,09:24:39,182.5,182.15,480,182.6,560,400,868720
FINNIFTY02JAN2421600PE.NFO,02/01/2024,09:24:40,182.9,182.95,1160,183.35,240,2040,868720
FINNIFTY02JAN2421600PE.NFO,02/01/2024,09:24:41,182.75,182.65,1000,183,120,2280,868720
FINNIFTY02JAN2421600PE.NFO,02/01/2024,09:24:41,182.35,182.15,600,182.35,720,800,868720
FINNIFTY02JAN2421600PE.NFO,02/01/2024,09:24:42,182.3,182.2,720,182.65,1280,1320,868720
FINNIFTY02JAN2421600PE.NFO,02/01/2024,09:24:44,181.8,181.8,40,182.1,520,320,868720
FINNIFTY02JAN2421600PE.NFO,02/01/2024,09:24:45,182.25,182.4,520,182.75,560,1440,868720
FINNIFTY02JAN2421600PE.NFO,02/01/2024,09:24:46,181.55,181.6,560,182,640,640,868720
FINNIFTY02JAN2421600PE.NFO,02/01/2024,09:24:46,181.55,181.75,80,182.1,240,0,868720
FINNIFTY02JAN2421600PE.NFO,02/01/2024,09:24:47,182.35,182.05,1000,182.5,840,360,868720
FINNIFTY02JAN2421600PE.NFO,02/01/2024,09:24:49,181.25,180.95,600,181.4,200,2480,868720
FINNIFTY02JAN2421600PE.NFO,02/01/2024,09:24:50,180.6,180.5,200,180.95,160,240,868720
FINNIFTY02JAN2421600PE.NFO,02/01/2024,09:24:51,180.65,180.65,200,181.05,200,400,868720
FINNIFTY02JAN2421600PE.NFO,02/01/2024,09:24:51,180.65,180.85,560,181.3,640,0,868720
FINNIFTY02JAN2421600PE.NFO,02/01/2024,09:24:52,182,182,120,182.35,200,520,868720
FINNIFTY02JAN2421600PE.NFO,02/01/2024,09:24:54,182,181.25,1200,181.7,160,0,868720
FINNIFTY02JAN2421600PE.NFO,02/01/2024,09:24:55,182,183,120,183.35,320,0,868720
FINNIFTY02JAN2421600PE.NFO,02/01/2024,09:24:56,183.6,183.8,120,184.1,520,160,868720
FINNIFTY02JAN2421600PE.NFO,02/01/2024,09:24:56,184,183.7,520,184.15,280,120,868720
FINNIFTY02JAN2421600PE.NFO,02/01/2024,09:24:57,184.3,183.25,840,183.75,760,320,868720
FINNIFTY02JAN2421600PE.NFO,02/01/2024,09:24:59,183.3,184,520,184.4,360,960,868720
FINNIFTY02JAN2421600PE.NFO,02/01/2024,09:25:00,185,184.75,1120,185.15,160,440,868720
FINNIFTY02JAN2421600PE.NFO,02/01/2024,09:25:01,185,184.5,1280,185,920,600,868720
FINNIFTY02JAN2421600PE.NFO,02/01/2024,09:25:01,184.85,184.85,560,185.15,600,160,868720
FINNIFTY02JAN2421600PE.NFO,02/01/2024,09:25:02,183.55,183.5,440,184,480,480,868720
FINNIFTY02JAN2421600PE.NFO,02/01/2024,09:25:03,183.25,183.35,1000,183.8,280,120,868720
FINNIFTY02JAN2421600PE.NFO,02/01/2024,09:25:04,183.8,183.3,360,183.75,480,40,868720
FINNIFTY02JAN2421600PE.NFO,02/01/2024,09:25:05,183.8,183.45,200,183.9,600,0,868720
FINNIFTY02JAN2421600PE.NFO,02/01/2024,09:25:06,183.95,183.5,200,183.95,600,40,868720
FINNIFTY02JAN2421600PE.NFO,02/01/2024,09:25:07,183.3,182.2,520,182.6,160,40,868720
FINNIFTY02JAN2421600PE.NFO,02/01/2024,09:25:09,182.65,183.05,800,183.4,640,200,868720
FINNIFTY02JAN2421600PE.NFO,02/01/2024,09:25:10,183,183.25,520,183.75,240,240,868720
FINNIFTY02JAN2421600PE.NFO,02/01/2024,09:25:11,183,184.35,280,184.8,560,0,868720
FINNIFTY02JAN2421600PE.NFO,02/01/2024,09:25:12,184.15,183.85,560,184.25,240,240,868720
FINNIFTY02JAN2421600PE.NFO,02/01/2024,09:25:13,184.2,183.75,1000,184.2,160,1200,868720
FINNIFTY02JAN2421600PE.NFO,02/01/2024,09:25:14,184.4,183.95,560,184.4,560,920,868720
FINNIFTY02JAN2421600PE.NFO,02/01/2024,09:25:15,184.4,184.05,560,184.5,680,0,868720
FINNIFTY02JAN2421600PE.NFO,02/01/2024,09:25:15,184.4,184.25,640,184.75,680,80,868720
FINNIFTY02JAN2421600PE.NFO,02/01/2024,09:25:16,184.3,184.3,360,184.75,960,80,868720
FINNIFTY02JAN2421600PE.NFO,02/01/2024,09:25:18,184,183.7,1000,184.2,1240,120,868720
FINNIFTY02JAN2421600PE.NFO,02/01/2024,09:25:19,183.75,183.4,880,183.75,160,80,868720
FINNIFTY02JAN2421600PE.NFO,02/01/2024,09:25:20,183.75,183.55,840,183.95,720,0,868720
FINNIFTY02JAN2421600PE.NFO,02/01/2024,09:25:21,183,182.45,560,182.85,240,80,868720
FINNIFTY02JAN2421600PE.NFO,02/01/2024,09:25:22,182.9,182.6,800,183.05,240,120,868720
FINNIFTY02JAN2421600PE.NFO,02/01/2024,09:25:23,182.65,182.85,280,183.35,1000,280,868720
FINNIFTY02JAN2421600PE.NFO,02/01/2024,09:25:24,182.65,182.55,720,183,320,0,868720
FINNIFTY02JAN2421600PE.NFO,02/01/2024,09:25:25,182.65,182.85,440,183.25,160,0,868720
FINNIFTY02JAN2421600PE.NFO,02/01/2024,09:25:25,182.65,183.05,760,183.55,680,0,868720
FINNIFTY02JAN2421600PE.NFO,02/01/2024,09:25:26,182.65,182.05,360,182.5,240,0,868720
FINNIFTY02JAN2421600PE.NFO,02/01/2024,09:25:27,181.65,181.65,240,181.95,240,120,868720
FINNIFTY02JAN2421600PE.NFO,02/01/2024,09:25:28,182.05,181.95,360,182.35,320,1120,868720
FINNIFTY02JAN2421600PE.NFO,02/01/2024,09:25:29,181.75,181.2,1000,181.65,840,40,868720
FINNIFTY02JAN2421600PE.NFO,02/01/2024,09:25:30,181.1,181.1,760,181.55,760,120,868720
FINNIFTY02JAN2421600PE.NFO,02/01/2024,09:25:31,181.1,180.6,560,180.95,840,0,868720
FINNIFTY02JAN2421600PE.NFO,02/01/2024,09:25:32,179.75,179.6,1280,180.1,680,1960,868720
FINNIFTY02JAN2421600PE.NFO,02/01/2024,09:25:33,179.6,179.45,840,179.95,840,200,868720
FINNIFTY02JAN2421600PE.NFO,02/01/2024,09:25:34,178.7,178.95,280,179.4,840,120,868720
FINNIFTY02JAN2421600PE.NFO,02/01/2024,09:25:36,179.15,178.7,600,179.1,240,240,868720
FINNIFTY02JAN2421600PE.NFO,02/01/2024,09:25:37,179.6,179.2,280,179.65,680,40,868720
FINNIFTY02JAN2421600PE.NFO,02/01/2024,09:25:38,179.6,179.6,440,180.05,480,1480,868720
FINNIFTY02JAN2421600PE.NFO,02/01/2024,09:25:39,179.6,180.2,640,180.75,1560,0,868720
FINNIFTY02JAN2421600PE.NFO,02/01/2024,09:25:40,179.6,180.75,720,181.2,560,0,868720
FINNIFTY02JAN2421600PE.NFO,02/01/2024,09:25:41,179.6,180.35,120,180.8,680,0,868720
FINNIFTY02JAN2421600PE.NFO,02/01/2024,09:25:42,179.85,179.2,160,179.65,520,40,868720
FINNIFTY02JAN2421600PE.NFO,02/01/2024,09:25:43,179.7,179.7,520,180.15,560,80,868720
FINNIFTY02JAN2421600PE.NFO,02/01/2024,09:25:44,180.1,179.75,280,180.25,1200,200,868720
FINNIFTY02JAN2421600PE.NFO,02/01/2024,09:25:45,180.1,179.65,640,180.1,520,0,868720
FINNIFTY02JAN2421600PE.NFO,02/01/2024,09:25:46,180.1,180.05,960,180.55,960,0,868720
FINNIFTY02JAN2421600PE.NFO,02/01/2024,09:25:47,180.1,179.85,400,180.05,360,0,868720
FINNIFTY02JAN2421600PE.NFO,02/01/2024,09:25:48,179.85,180.3,560,180.65,640,400,868720
FINNIFTY02JAN2421600PE.NFO,02/01/2024,09:25:48,179.85,180.3,1080,180.65,240,0,868720
FINNIFTY02JAN2421600PE.NFO,02/01/2024,09:25:49,181.5,181.1,640,181.5,640,200,868720
FINNIFTY02JAN2421600PE.NFO,02/01/2024,09:25:50,181.6,181.15,560,181.5,880,120,868720
FINNIFTY02JAN2421600PE.NFO,02/01/2024,09:25:51,181.55,180.95,1000,181.3,560,1280,868720
FINNIFTY02JAN2421600PE.NFO,02/01/2024,09:25:52,181.25,180.75,960,181.2,600,840,868720
FINNIFTY02JAN2421600PE.NFO,02/01/2024,09:25:53,181.25,180.3,800,180.65,80,0,868720
FINNIFTY02JAN2421600PE.NFO,02/01/2024,09:25:54,179.7,179,40,179.3,680,800,868720
FINNIFTY02JAN2421600PE.NFO,02/01/2024,09:25:55,178.3,178,280,178.35,200,2280,868720
FINNIFTY02JAN2421600PE.NFO,02/01/2024,09:25:56,177.95,178.1,480,178.3,240,2600,868720
FINNIFTY02JAN2421600PE.NFO,02/01/2024,09:25:57,177.4,177.3,400,177.55,320,16400,868720
FINNIFTY02JAN2421600PE.NFO,02/01/2024,09:25:58,177.5,177.2,40,177.55,240,15320,868720
FINNIFTY02JAN2421600PE.NFO,02/01/2024,09:25:59,177.5,177.3,40,177.5,240,960,868720
FINNIFTY02JAN2421600PE.NFO,02/01/2024,09:26:00,176.55,176.4,1040,176.65,120,5160,868720
FINNIFTY02JAN2421600PE.NFO,02/01/2024,09:26:01,175.7,175.85,40,176.15,200,2640,868720
FINNIFTY02JAN2421600PE.NFO,02/01/2024,09:26:02,177.2,176.85,640,177.2,440,2360,868720
FINNIFTY02JAN2421600PE.NFO,02/01/2024,09:26:03,177,177.1,720,177.35,160,640,868720
FINNIFTY02JAN2421600PE.NFO,02/01/2024,09:26:04,177.1,176.9,560,177.25,320,640,868720
FINNIFTY02JAN2421600PE.NFO,02/01/2024,09:26:05,177.05,176.45,760,176.9,240,280,868720
FINNIFTY02JAN2421600PE.NFO,02/01/2024,09:26:06,176.85,176.35,320,176.8,880,200,868720
FINNIFTY02JAN2421600PE.NFO,02/01/2024,09:26:07,176.85,176.5,680,176.95,760,0,868720
FINNIFTY02JAN2421600PE.NFO,02/01/2024,09:26:08,177.6,176.7,560,177.05,640,40,868720
FINNIFTY02JAN2421600PE.NFO,02/01/2024,09:26:09,177.05,176.75,480,177.25,560,40,868720
FINNIFTY02JAN2421600PE.NFO,02/01/2024,09:26:10,177.2,176.85,640,177.3,1560,160,868720
FINNIFTY02JAN2421600PE.NFO,02/01/2024,09:26:11,176.85,176.9,560,177.15,120,4680,868720
FINNIFTY02JAN2421600PE.NFO,02/01/2024,09:26:12,177.2,176.55,640,176.9,160,80,868720
FINNIFTY02JAN2421600PE.NFO,02/01/2024,09:26:13,176.35,175.45,560,175.75,240,560,868720
FINNIFTY02JAN2421600PE.NFO,02/01/2024,09:26:14,173.75,173.5,840,173.9,480,7240,868720
FINNIFTY02JAN2421600PE.NFO,02/01/2024,09:26:15,166.6,166.6,400,166.9,480,28480,868720
FINNIFTY02JAN2421600PE.NFO,02/01/2024,09:26:15,166.25,166.6,400,166.9,480,0,868720
FINNIFTY02JAN2421600PE.NFO,02/01/2024,09:26:16,156.5,156.35,80,156.8,80,57320,868720
FINNIFTY02JAN2421600PE.NFO,02/01/2024,09:26:16,148.5,156.35,80,156.8,80,0,868720
FINNIFTY02JAN2421600PE.NFO,02/01/2024,09:26:17,159.75,159.6,120,159.75,80,57800,868720
FINNIFTY02JAN2421600PE.NFO,02/01/2024,09:26:18,161.05,161.75,320,162.2,360,33240,868720
FINNIFTY02JAN2421600PE.NFO,02/01/2024,09:26:19,159.3,159.05,200,159.4,480,5720,868720
FINNIFTY02JAN2421600PE.NFO,02/01/2024,09:26:20,158.4,158,240,158.45,320,6040,868720
FINNIFTY02JAN2421600PE.NFO,02/01/2024,09:26:21,159.8,159.45,280,159.8,240,3200,868720
FINNIFTY02JAN2421600PE.NFO,02/01/2024,09:26:22,159.6,159.7,400,160.05,80,2280,868720
FINNIFTY02JAN2421600PE.NFO,02/01/2024,09:26:23,160,160.55,360,160.95,400,880,868720
FINNIFTY02JAN2421600PE.NFO,02/01/2024,09:26:24,161.4,161.15,920,161.6,360,480,868720
FINNIFTY02JAN2421600PE.NFO,02/01/2024,09:26:25,162.4,162.1,1160,162.55,120,720,868720
FINNIFTY02JAN2421600PE.NFO,02/01/2024,09:26:26,162.55,162.25,280,162.7,280,1160,868720
FINNIFTY02JAN2421600PE.NFO,02/01/2024,09:26:27,161.8,161.75,120,162.15,480,1400,859440
FINNIFTY02JAN2421600PE.NFO,02/01/2024,09:26:28,160.25,160.25,360,160.65,720,1640,859440
FINNIFTY02JAN2421600PE.NFO,02/01/2024,09:26:29,156.25,156.25,120,156.65,2560,2400,859440
FINNIFTY02JAN2421600PE.NFO,02/01/2024,09:26:31,155.2,154.8,120,155.25,80,5560,859440
FINNIFTY02JAN2421600PE.NFO,02/01/2024,09:26:32,153.85,153.75,320,154.2,320,4800,859440
FINNIFTY02JAN2421600PE.NFO,02/01/2024,09:26:33,156.05,155.5,440,155.95,280,7000,859440
FINNIFTY02JAN2421600PE.NFO,02/01/2024,09:26:34,156.1,155.5,600,156,760,880,859440
FINNIFTY02JAN2421600PE.NFO,02/01/2024,09:26:35,156.35,155.4,200,155.8,600,3040,859440
FINNIFTY02JAN2421600PE.NFO,02/01/2024,09:26:36,155.45,155.45,80,155.7,360,7240,859440
FINNIFTY02JAN2421600PE.NFO,02/01/2024,09:26:37,155.15,154.65,40,155.05,240,2040,859440
FINNIFTY02JAN2421600PE.NFO,02/01/2024,09:26:38,151.6,150.8,160,151.2,280,1840,859440
FINNIFTY02JAN2421600PE.NFO,02/01/2024,09:26:39,147.1,146.8,480,147.55,760,11880,859440
FINNIFTY02JAN2421600PE.NFO,02/01/2024,09:26:39,145.1,146.8,480,147.55,760,0,859440
FINNIFTY02JAN2421600PE.NFO,02/01/2024,09:26:40,144.15,144.2,120,144.6,320,4400,859440
FINNIFTY02JAN2421600PE.NFO,02/01/2024,09:26:40,143.15,144.2,120,144.6,320,0,859440
FINNIFTY02JAN2421600PE.NFO,02/01/2024,09:26:41,144.05,144.75,120,145.2,280,2400,859440
FINNIFTY02JAN2421600PE.NFO,02/01/2024,09:26:41,143,144.75,120,145.2,280,0,859440
FINNIFTY02JAN2421600PE.NFO,02/01/2024,09:26:42,144.7,144.55,40,144.95,400,1800,859440
FINNIFTY02JAN2421600PE.NFO,02/01/2024,09:26:43,144.6,144.4,240,144.9,40,4040,859440
FINNIFTY02JAN2421600PE.NFO,02/01/2024,09:26:44,143.3,142.65,160,143.15,240,2400,859440
FINNIFTY02JAN2421600PE.NFO,02/01/2024,09:26:44,142.55,142.65,160,143.15,240,0,859440
FINNIFTY02JAN2421600PE.NFO,02/01/2024,09:26:45,139.4,139.3,80,139.45,40,8800,859440
FINNIFTY02JAN2421600PE.NFO,02/01/2024,09:26:45,138.25,139.3,80,139.45,40,0,859440
FINNIFTY02JAN2421600PE.NFO,02/01/2024,09:26:46,138.95,138.45,360,138.9,120,4040,859440
FINNIFTY02JAN2421600PE.NFO,02/01/2024,09:26:46,137.2,138.45,360,138.9,120,0,859440
FINNIFTY02JAN2421600PE.NFO,02/01/2024,09:26:47,135.2,135.2,40,135.55,80,4560,859440
FINNIFTY02JAN2421600PE.NFO,02/01/2024,09:26:47,135.15,135.2,40,135.55,80,0,859440
FINNIFTY02JAN2421600PE.NFO,02/01/2024,09:26:48,137.15,137.5,120,137.8,160,3840,859440
FINNIFTY02JAN2421600PE.NFO,02/01/2024,09:26:48,134.15,137.5,120,137.8,160,0,859440
FINNIFTY02JAN2421600PE.NFO,02/01/2024,09:26:49,138.45,138.35,160,138.7,160,3000,859440
FINNIFTY02JAN2421600PE.NFO,02/01/2024,09:26:50,139.55,139.5,80,139.8,160,4320,859440
FINNIFTY02JAN2421600PE.NFO,02/01/2024,09:26:51,139.2,138.75,40,138.95,200,2720,859440
FINNIFTY02JAN2421600PE.NFO,02/01/2024,09:26:52,137.95,137.65,160,137.9,200,2920,859440
FINNIFTY02JAN2421600PE.NFO,02/01/2024,09:26:53,138.35,138.6,160,138.85,80,880,859440
FINNIFTY02JAN2421600PE.NFO,02/01/2024,09:26:54,141.9,141.2,40,141.5,160,4200,859440
FINNIFTY02JAN2421600PE.NFO,02/01/2024,09:26:55,144.1,144.2,240,144.6,320,3840,859440
FINNIFTY02JAN2421600PE.NFO,02/01/2024,09:26:56,143.25,143.3,200,143.65,160,5720,859440
FINNIFTY02JAN2421600PE.NFO,02/01/2024,09:26:57,144.4,144.15,120,144.5,160,21480,859440
FINNIFTY02JAN2421600PE.NFO,02/01/2024,09:26:58,145.85,145.8,40,145.95,40,13760,859440
FINNIFTY02JAN2421600PE.NFO,02/01/2024,09:26:59,147.25,146.65,160,146.9,160,1240,859440
FINNIFTY02JAN2421600PE.NFO,02/01/2024,09:27:00,146.95,146.1,120,146.55,120,1160,859440
FINNIFTY02JAN2421600PE.NFO,02/01/2024,09:27:01,144,143.85,160,143.95,40,73200,859440
FINNIFTY02JAN2421600PE.NFO,02/01/2024,09:27:02,141.45,141.55,200,141.85,360,11320,859440
FINNIFTY02JAN2421600PE.NFO,02/01/2024,09:27:03,142.65,142.35,40,142.65,160,18000,859440
FINNIFTY02JAN2421600PE.NFO,02/01/2024,09:27:04,141.65,141.45,80,141.8,1040,4520,859440
FINNIFTY02JAN2421600PE.NFO,02/01/2024,09:27:05,143.55,143.2,160,143.5,40,3960,859440
FINNIFTY02JAN2421600PE.NFO,02/01/2024,09:27:06,143.8,143.8,280,144.2,240,4840,859440
FINNIFTY02JAN2421600PE.NFO,02/01/2024,09:27:07,143.85,143.8,600,144.15,200,1320,859440
FINNIFTY02JAN2421600PE.NFO,02/01/2024,09:27:08,143.25,142.65,160,143,160,3440,859440
FINNIFTY02JAN2421600PE.NFO,02/01/2024,09:27:09,141.85,141.15,200,141.5,120,5000,859440
FINNIFTY02JAN2421600PE.NFO,02/01/2024,09:27:10,141.45,141.6,160,142,160,4200,859440
FINNIFTY02JAN2421600PE.NFO,02/01/2024,09:27:11,144.4,143.85,240,144.1,240,3720,859440
FINNIFTY02JAN2421600PE.NFO,02/01/2024,09:27:12,144.95,144.95,520,145.25,280,1880,859440
FINNIFTY02JAN2421600PE.NFO,02/01/2024,09:27:13,143.9,143.4,160,143.7,80,1440,859440
FINNIFTY02JAN2421600PE.NFO,02/01/2024,09:27:14,142.6,142.8,200,143,160,160,859440
FINNIFTY02JAN2421600PE.NFO,02/01/2024,09:27:15,144.65,144.7,720,145,80,360,859440
FINNIFTY02JAN2421600PE.NFO,02/01/2024,09:27:16,145.25,145.5,240,145.75,240,1400,859440
FINNIFTY02JAN2421600PE.NFO,02/01/2024,09:27:17,145.2,144.95,200,145.35,240,40,859440
FINNIFTY02JAN2421600PE.NFO,02/01/2024,09:27:18,144.7,144.5,600,144.85,120,1920,859440
FINNIFTY02JAN2421600PE.NFO,02/01/2024,09:27:19,144.05,144.25,80,144.6,200,240,859440
FINNIFTY02JAN2421600PE.NFO,02/01/2024,09:27:20,145.45,145.1,80,145.4,200,760,859440
FINNIFTY02JAN2421600PE.NFO,02/01/2024,09:27:21,145.2,144.7,160,144.95,120,1280,859440
FINNIFTY02JAN2421600PE.NFO,02/01/2024,09:27:22,144.65,144.5,160,144.8,120,240,859440
FINNIFTY02JAN2421600PE.NFO,02/01/2024,09:27:23,144.6,144.3,80,144.6,200,280,859440
FINNIFTY02JAN2421600PE.NFO,02/01/2024,09:27:24,143.35,143.5,200,143.7,160,880,859440
FINNIFTY02JAN2421600PE.NFO,02/01/2024,09:27:25,145.2,145.3,40,145.5,280,1840,859440
FINNIFTY02JAN2421600PE.NFO,02/01/2024,09:27:26,146.6,146.45,120,146.75,160,720,859440
FINNIFTY02JAN2421600PE.NFO,02/01/2024,09:27:27,147.7,148.15,440,148.5,680,960,859440
FINNIFTY02JAN2421600PE.NFO,02/01/2024,09:27:28,148.4,147.95,680,148.25,240,560,859440
FINNIFTY02JAN2421600PE.NFO,02/01/2024,09:27:29,148.05,148.15,360,148.4,40,2280,859440
FINNIFTY02JAN2421600PE.NFO,02/01/2024,09:27:30,148.1,148.3,160,148.65,40,2200,859440
FINNIFTY02JAN2421600PE.NFO,02/01/2024,09:27:30,149.05,148.35,80,148.7,200,120,859440
FINNIFTY02JAN2421600PE.NFO,02/01/2024,09:27:31,149.3,149.15,160,149.45,400,1680,859440
FINNIFTY02JAN2421600PE.NFO,02/01/2024,09:27:32,149.9,149.95,80,150.3,240,2120,859440
FINNIFTY02JAN2421600PE.NFO,02/01/2024,09:27:33,149.35,150,400,150.35,120,1000,859440
FINNIFTY02JAN2421600PE.NFO,02/01/2024,09:27:34,148.6,148.95,40,149.3,120,2800,859440
FINNIFTY02JAN2421600PE.NFO,02/01/2024,09:27:35,147.95,147.75,200,148.1,120,1160,859440
FINNIFTY02JAN2421600PE.NFO,02/01/2024,09:27:36,146.15,146.25,760,146.6,200,1880,859440
FINNIFTY02JAN2421600PE.NFO,02/01/2024,09:27:37,147.05,146.5,680,146.9,680,3840,859440
FINNIFTY02JAN2421600PE.NFO,02/01/2024,09:27:38,146.85,146.4,40,146.75,280,120,859440
FINNIFTY02JAN2421600PE.NFO,02/01/2024,09:27:39,147.75,147.7,240,147.95,120,2760,859440
FINNIFTY02JAN2421600PE.NFO,02/01/2024,09:27:40,146.75,146.4,360,146.8,1240,280,859440
FINNIFTY02JAN2421600PE.NFO,02/01/2024,09:27:41,147.15,147.2,240,147.6,560,280,859440
FINNIFTY02JAN2421600PE.NFO,02/01/2024,09:27:42,146,146,160,146.3,80,1800,859440
FINNIFTY02JAN2421600PE.NFO,02/01/2024,09:27:43,145.55,145.35,640,145.7,200,1680,859440
FINNIFTY02JAN2421600PE.NFO,02/01/2024,09:27:44,146.95,146.65,1320,146.95,200,2120,859440
FINNIFTY02JAN2421600PE.NFO,02/01/2024,09:27:46,147,147,560,147.25,240,1080,859440
FINNIFTY02JAN2421600PE.NFO,02/01/2024,09:27:46,147.75,147.95,80,148.25,320,80,859440
FINNIFTY02JAN2421600PE.NFO,02/01/2024,09:27:47,147.45,147.4,40,147.75,800,1440,859440
FINNIFTY02JAN2421600PE.NFO,02/01/2024,09:27:48,147.35,146.65,280,147,160,200,859440
FINNIFTY02JAN2421600PE.NFO,02/01/2024,09:27:49,146,145.5,280,145.9,280,1240,859440
FINNIFTY02JAN2421600PE.NFO,02/01/2024,09:27:51,145.55,145.25,80,145.55,1040,400,859440
FINNIFTY02JAN2421600PE.NFO,02/01/2024,09:27:52,142.3,142,680,142.15,40,5480,859440
FINNIFTY02JAN2421600PE.NFO,02/01/2024,09:27:53,140.25,139.95,160,140.25,800,5920,859440
FINNIFTY02JAN2421600PE.NFO,02/01/2024,09:27:54,140.25,140.9,280,141.25,200,0,859440
FINNIFTY02JAN2421600PE.NFO,02/01/2024,09:27:55,140,139.35,320,139.7,240,1920,859440
FINNIFTY02JAN2421600PE.NFO,02/01/2024,09:27:56,140,139.9,80,140.2,240,920,859440
FINNIFTY02JAN2421600PE.NFO,02/01/2024,09:27:57,137.75,137.2,240,137.55,720,1440,859440
FINNIFTY02JAN2421600PE.NFO,02/01/2024,09:27:58,136.35,136.3,240,136.6,40,38680,859440
FINNIFTY02JAN2421600PE.NFO,02/01/2024,09:27:58,128.2,136.3,240,136.6,40,0,859440
FINNIFTY02JAN2421600PE.NFO,02/01/2024,09:27:59,132.9,132.85,120,133.15,880,11080,859440
FINNIFTY02JAN2421600PE.NFO,02/01/2024,09:28:00,134.25,134.1,240,134.45,120,3360,859440
FINNIFTY02JAN2421600PE.NFO,02/01/2024,09:28:01,134.95,134,160,134.3,240,5200,859440
FINNIFTY02JAN2421600PE.NFO,02/01/2024,09:28:02,135.75,135.7,240,135.95,160,3440,859440
FINNIFTY02JAN2421600PE.NFO,02/01/2024,09:28:03,132.35,132.1,80,132.45,240,5400,859440
FINNIFTY02JAN2421600PE.NFO,02/01/2024,09:28:04,131.8,131.6,240,132,320,7080,859440
FINNIFTY02JAN2421600PE.NFO,02/01/2024,09:28:05,131.85,131.1,360,131.5,240,1480,859440
FINNIFTY02JAN2421600PE.NFO,02/01/2024,09:28:06,133,133.35,240,133.65,160,1520,859440
FINNIFTY02JAN2421600PE.NFO,02/01/2024,09:28:07,134.8,134.75,120,134.9,240,1360,859440
FINNIFTY02JAN2421600PE.NFO,02/01/2024,09:28:08,135.05,134.95,120,135.2,80,880,859440
FINNIFTY02JAN2421600PE.NFO,02/01/2024,09:28:09,135.35,135.25,160,135.5,40,24200,859440
FINNIFTY02JAN2421600PE.NFO,02/01/2024,09:28:10,135.75,135.6,840,135.95,320,2120,859440
FINNIFTY02JAN2421600PE.NFO,02/01/2024,09:28:11,136.05,135.95,120,136.25,80,960,859440
FINNIFTY02JAN2421600PE.NFO,02/01/2024,09:28:12,135.75,135.7,1200,136.05,320,2720,859440
FINNIFTY02JAN2421600PE.NFO,02/01/2024,09:28:13,136.4,136.55,400,136.9,280,2240,859440
FINNIFTY02JAN2421600PE.NFO,02/01/2024,09:28:14,136.8,136.6,360,137.05,320,920,859440
FINNIFTY02JAN2421600PE.NFO,02/01/2024,09:28:15,136.9,137,560,137.3,160,2040,859440
FINNIFTY02JAN2421600PE.NFO,02/01/2024,09:28:16,136.75,136.5,560,136.85,240,880,859440
FINNIFTY02JAN2421600PE.NFO,02/01/2024,09:28:17,136.55,136.45,40,136.7,320,1280,859440
FINNIFTY02JAN2421600PE.NFO,02/01/2024,09:28:18,138.35,137.05,120,137.35,160,25440,859440
FINNIFTY02JAN2421600PE.NFO,02/01/2024,09:28:19,137,137.1,160,137.3,40,2760,859440
FINNIFTY02JAN2421600PE.NFO,02/01/2024,09:28:20,138.5,138.6,640,138.95,120,680,859440
FINNIFTY02JAN2421600PE.NFO,02/01/2024,09:28:21,136.05,136.15,600,136.5,280,2240,859440
FINNIFTY02JAN2421600PE.NFO,02/01/2024,09:28:22,136.55,136.65,280,136.9,120,520,859440
FINNIFTY02JAN2421600PE.NFO,02/01/2024,09:28:23,136.75,136.15,280,136.4,40,1560,859440
FINNIFTY02JAN2421600PE.NFO,02/01/2024,09:28:24,135.05,135,160,135.3,240,1040,859440
FINNIFTY02JAN2421600PE.NFO,02/01/2024,09:28:25,133.25,133.15,280,133.45,360,6560,859440
FINNIFTY02JAN2421600PE.NFO,02/01/2024,09:28:26,133.4,134,240,134.3,200,2480,859440
FINNIFTY02JAN2421600PE.NFO,02/01/2024,09:28:27,134.9,134.75,240,135.1,1040,2920,859440
FINNIFTY02JAN2421600PE.NFO,02/01/2024,09:28:28,135.8,135.55,480,135.9,240,1200,859440
FINNIFTY02JAN2421600PE.NFO,02/01/2024,09:28:29,135.95,135.05,80,135.35,120,480,859440
FINNIFTY02JAN2421600PE.NFO,02/01/2024,09:28:30,134.15,134.15,320,134.5,880,560,859440
FINNIFTY02JAN2421600PE.NFO,02/01/2024,09:28:31,135.8,135.3,400,135.65,320,560,859440
FINNIFTY02JAN2421600PE.NFO,02/01/2024,09:28:32,136.15,135.9,280,136.25,520,1720,859440
FINNIFTY02JAN2421600PE.NFO,02/01/2024,09:28:33,137.65,137.5,320,137.85,440,1800,859440
FINNIFTY02JAN2421600PE.NFO,02/01/2024,09:28:34,138.25,138.15,320,138.4,40,720,859440
FINNIFTY02JAN2421600PE.NFO,02/01/2024,09:28:35,138.6,138.75,240,139,280,1000,859440
FINNIFTY02JAN2421600PE.NFO,02/01/2024,09:28:36,138,138.05,640,138.45,240,1480,859440
FINNIFTY02JAN2421600PE.NFO,02/01/2024,09:28:37,139.45,138.6,160,138.95,160,3520,859440
FINNIFTY02JAN2421600PE.NFO,02/01/2024,09:28:38,140.35,140,80,140.3,160,3600,859440
FINNIFTY02JAN2421600PE.NFO,02/01/2024,09:28:39,140.75,140.65,160,141.05,120,2160,859440
FINNIFTY02JAN2421600PE.NFO,02/01/2024,09:28:40,139.3,139.4,160,139.7,40,1720,859440
FINNIFTY02JAN2421600PE.NFO,02/01/2024,09:28:41,139.1,139.1,80,139.45,600,360,859440
FINNIFTY02JAN2421600PE.NFO,02/01/2024,09:28:42,139.65,139.65,320,140,1000,600,859440
FINNIFTY02JAN2421600PE.NFO,02/01/2024,09:28:43,139.55,139.5,200,139.8,120,440,859440
FINNIFTY02JAN2421600PE.NFO,02/01/2024,09:28:44,138.7,139.7,200,140.05,240,360,859440
FINNIFTY02JAN2421600PE.NFO,02/01/2024,09:28:45,139.3,139.15,520,139.45,240,880,859440
FINNIFTY02JAN2421600PE.NFO,02/01/2024,09:28:46,139.5,139.35,240,139.6,80,3400,859440
FINNIFTY02JAN2421600PE.NFO,02/01/2024,09:28:47,138.1,137.85,400,138.25,160,1480,859440
FINNIFTY02JAN2421600PE.NFO,02/01/2024,09:28:48,138.3,137.9,760,138.15,560,360,859440
FINNIFTY02JAN2421600PE.NFO,02/01/2024,09:28:49,138.8,139.3,160,139.6,640,320,859440
FINNIFTY02JAN2421600PE.NFO,02/01/2024,09:28:50,139.45,139.2,160,139.45,120,560,859440
FINNIFTY02JAN2421600PE.NFO,02/01/2024,09:28:51,139,138.9,120,139.1,160,1640,859440
FINNIFTY02JAN2421600PE.NFO,02/01/2024,09:28:52,138.95,139.15,520,139.3,80,2200,859440
FINNIFTY02JAN2421600PE.NFO,02/01/2024,09:28:53,139.3,139.2,240,139.5,200,400,859440
FINNIFTY02JAN2421600PE.NFO,02/01/2024,09:28:54,139.75,139.1,160,139.45,600,120,859440
FINNIFTY02JAN2421600PE.NFO,02/01/2024,09:28:55,140.35,140.35,520,140.55,80,840,859440
FINNIFTY02JAN2421600PE.NFO,02/01/2024,09:28:56,140.95,140.8,600,141.15,80,1400,859440
FINNIFTY02JAN2421600PE.NFO,02/01/2024,09:28:57,140.65,140.9,240,141.25,320,360,859440
FINNIFTY02JAN2421600PE.NFO,02/01/2024,09:28:58,141.45,140.65,160,141,360,40,859440
FINNIFTY02JAN2421600PE.NFO,02/01/2024,09:28:59,142,141.7,520,141.95,120,840,859440
FINNIFTY02JAN2421600PE.NFO,02/01/2024,09:29:00,142.7,141.95,80,142.2,360,640,859440
FINNIFTY02JAN2421600PE.NFO,02/01/2024,09:29:01,141.9,141.55,760,141.9,560,760,859440
FINNIFTY02JAN2421600PE.NFO,02/01/2024,09:29:02,142.75,142.8,320,143.1,560,1640,859440
FINNIFTY02JAN2421600PE.NFO,02/01/2024,09:29:03,142.85,143.1,560,143.4,120,920,859440
FINNIFTY02JAN2421600PE.NFO,02/01/2024,09:29:04,142.8,142.55,280,142.85,80,2280,859440
FINNIFTY02JAN2421600PE.NFO,02/01/2024,09:29:05,143.5,143.2,280,143.6,360,1000,859440
FINNIFTY02JAN2421600PE.NFO,02/01/2024,09:29:06,144.35,144.05,80,144.4,640,240,859440
FINNIFTY02JAN2421600PE.NFO,02/01/2024,09:29:07,143.85,143.5,280,143.85,80,120,859440
FINNIFTY02JAN2421600PE.NFO,02/01/2024,09:29:08,144.2,144.3,600,144.6,800,1440,859440
FINNIFTY02JAN2421600PE.NFO,02/01/2024,09:29:09,144.2,144.5,80,144.75,640,0,859440
FINNIFTY02JAN2421600PE.NFO,02/01/2024,09:29:10,143.95,143.75,360,144.05,120,1680,859440
FINNIFTY02JAN2421600PE.NFO,02/01/2024,09:29:11,143.1,142.35,520,142.65,40,520,859440
FINNIFTY02JAN2421600PE.NFO,02/01/2024,09:29:12,141.7,141,400,141.45,280,3040,859440
FINNIFTY02JAN2421600PE.NFO,02/01/2024,09:29:13,141.1,141.2,40,141.4,560,720,859440
FINNIFTY02JAN2421600PE.NFO,02/01/2024,09:29:14,141.55,141.5,120,141.75,40,360,859440
FINNIFTY02JAN2421600PE.NFO,02/01/2024,09:29:15,141.85,142.4,80,142.65,280,720,859440
FINNIFTY02JAN2421600PE.NFO,02/01/2024,09:29:16,142.6,142.5,360,142.8,1040,320,859440
FINNIFTY02JAN2421600PE.NFO,02/01/2024,09:29:17,143.25,143,560,143.3,600,40,859440
FINNIFTY02JAN2421600PE.NFO,02/01/2024,09:29:18,143.65,143.65,120,143.9,600,320,859440
FINNIFTY02JAN2421600PE.NFO,02/01/2024,09:29:19,143.3,143.55,160,143.9,400,840,859440
FINNIFTY02JAN2421600PE.NFO,02/01/2024,09:29:20,144.05,143.85,440,144.25,280,1440,859440
FINNIFTY02JAN2421600PE.NFO,02/01/2024,09:29:21,144.05,144.4,720,144.8,720,0,859440
FINNIFTY02JAN2421600PE.NFO,02/01/2024,09:29:22,144.85,145.05,480,145.35,200,2640,859440
FINNIFTY02JAN2421600PE.NFO,02/01/2024,09:29:23,144.25,144.6,440,144.9,600,280,859440
FINNIFTY02JAN2421600PE.NFO,02/01/2024,09:29:24,144.6,144.05,560,144.45,640,880,859440
FINNIFTY02JAN2421600PE.NFO,02/01/2024,09:29:25,143.6,143.6,240,143.95,480,640,859440
FINNIFTY02JAN2421600PE.NFO,02/01/2024,09:29:26,144.55,145.05,80,145.25,40,960,859440
FINNIFTY02JAN2421600PE.NFO,02/01/2024,09:29:27,145.8,145.55,120,145.9,320,520,859440
FINNIFTY02JAN2421600PE.NFO,02/01/2024,09:29:28,145.85,145.55,120,145.85,200,680,859440
FINNIFTY02JAN2421600PE.NFO,02/01/2024,09:29:29,146.2,145.8,120,146.1,120,200,957800
FINNIFTY02JAN2421600PE.NFO,02/01/2024,09:29:30,145,144.3,400,144.7,240,1200,957800
FINNIFTY02JAN2421600PE.NFO,02/01/2024,09:29:31,144.5,144.45,400,144.8,120,520,957800
FINNIFTY02JAN2421600PE.NFO,02/01/2024,09:29:32,144.95,144.3,560,144.65,200,400,957800
FINNIFTY02JAN2421600PE.NFO,02/01/2024,09:29:33,145.25,144.8,120,145.15,440,80,957800
FINNIFTY02JAN2421600PE.NFO,02/01/2024,09:29:34,145.25,144.75,120,145.05,640,320,957800
FINNIFTY02JAN2421600PE.NFO,02/01/2024,09:29:35,143.45,143.4,240,143.7,120,440,957800
FINNIFTY02JAN2421600PE.NFO,02/01/2024,09:29:36,143,142.5,360,142.8,600,1120,957800
FINNIFTY02JAN2421600PE.NFO,02/01/2024,09:29:37,143,142.5,600,142.9,640,0,957800
FINNIFTY02JAN2421600PE.NFO,02/01/2024,09:29:38,142.1,141.95,360,142.3,560,920,957800
FINNIFTY02JAN2421600PE.NFO,02/01/2024,09:29:39,142.45,142,480,142.25,240,840,957800
FINNIFTY02JAN2421600PE.NFO,02/01/2024,09:29:40,142.45,142.05,80,142.35,760,0,957800
FINNIFTY02JAN2421600PE.NFO,02/01/2024,09:29:41,142.4,142.4,200,142.65,40,480,957800
FINNIFTY02JAN2421600PE.NFO,02/01/2024,09:29:42,142.4,141.9,480,142.1,40,120,957800
FINNIFTY02JAN2421600PE.NFO,02/01/2024,09:29:43,143.1,143.05,360,143.35,520,1160,957800
FINNIFTY02JAN2421600PE.NFO,02/01/2024,09:29:44,143.6,142.75,200,143.1,320,120,957800
FINNIFTY02JAN2421600PE.NFO,02/01/2024,09:29:45,143.6,143.35,280,143.65,720,0,957800
FINNIFTY02JAN2421600PE.NFO,02/01/2024,09:29:46,144.15,143.9,200,144.25,480,880,957800
FINNIFTY02JAN2421600PE.NFO,02/01/2024,09:29:47,143.85,143.85,320,144.2,80,1920,957800
FINNIFTY02JAN2421600PE.NFO,02/01/2024,09:29:48,144.1,143.5,240,143.85,600,720,957800
FINNIFTY02JAN2421600PE.NFO,02/01/2024,09:29:49,143.3,143.2,680,143.5,320,80,957800
FINNIFTY02JAN2421600PE.NFO,02/01/2024,09:29:50,143.3,143.2,960,143.55,760,0,957800
FINNIFTY02JAN2421600PE.NFO,02/01/2024,09:29:51,143.65,143.55,360,143.9,600,240,957800
FINNIFTY02JAN2421600PE.NFO,02/01/2024,09:29:52,143.15,142.9,800,143.25,360,80,957800
FINNIFTY02JAN2421600PE.NFO,02/01/2024,09:29:53,143.15,142.5,640,142.85,400,0,957800
FINNIFTY02JAN2421600PE.NFO,02/01/2024,09:29:54,143.25,143,600,143.3,240,3160,957800
FINNIFTY02JAN2421600PE.NFO,02/01/2024,09:29:55,143.2,143,480,143.3,240,800,957800
FINNIFTY02JAN2421600PE.NFO,02/01/2024,09:29:56,143.15,143.35,120,143.6,80,1520,957800
FINNIFTY02JAN2421600PE.NFO,02/01/2024,09:29:57,143.4,143.35,640,143.75,320,560,957800
FINNIFTY02JAN2421600PE.NFO,02/01/2024,09:29:58,143.55,143.45,560,143.8,440,1680,957800
FINNIFTY02JAN2421600PE.NFO,02/01/2024,09:29:59,142.65,143,200,143.25,80,200,957800
FINNIFTY02JAN2421600PE.NFO,02/01/2024,09:30:00,142.85,142.75,360,143.1,520,1120,957800
FINNIFTY02JAN2421600PE.NFO,02/01/2024,09:30:01,140.6,140,400,140.25,40,2920,957800
FINNIFTY02JAN2421600PE.NFO,02/01/2024,09:30:02,141.35,141.7,600,141.95,360,3280,957800
FINNIFTY02JAN2421600PE.NFO,02/01/2024,09:30:03,143.45,144,360,144.25,200,240,957800
FINNIFTY02JAN2421600PE.NFO,02/01/2024,09:30:04,144.7,144.8,1160,145.1,360,4200,957800
FINNIFTY02JAN2421600PE.NFO,02/01/2024,09:30:05,145.35,145.35,360,145.65,200,3720,957800
FINNIFTY02JAN2421600PE.NFO,02/01/2024,09:30:06,146.8,146.8,440,147,120,4520,957800
FINNIFTY02JAN2421600PE.NFO,02/01/2024,09:30:07,146.4,146.15,1120,146.4,120,840,957800
FINNIFTY02JAN2421600PE.NFO,02/01/2024,09:30:08,146.05,146.1,560,146.4,480,600,957800
FINNIFTY02JAN2421600PE.NFO,02/01/2024,09:30:09,145.7,145,920,145.35,80,1040,957800
FINNIFTY02JAN2421600PE.NFO,02/01/2024,09:30:10,144.8,144.55,280,144.95,360,760,957800
FINNIFTY02JAN2421600PE.NFO,02/01/2024,09:30:11,144.85,144.55,1120,144.9,480,2400,957800
FINNIFTY02JAN2421600PE.NFO,02/01/2024,09:30:12,144.85,144.2,1480,144.55,320,0,957800
FINNIFTY02JAN2421600PE.NFO,02/01/2024,09:30:13,144.25,143.85,640,144.1,40,680,957800
FINNIFTY02JAN2421600PE.NFO,02/01/2024,09:30:14,142.4,141.75,200,142.1,480,760,957800
FINNIFTY02JAN2421600PE.NFO,02/01/2024,09:30:15,141.9,141.6,240,141.9,120,560,957800
FINNIFTY02JAN2421600PE.NFO,02/01/2024,09:30:16,141.45,141.8,520,142.15,280,320,957800
FINNIFTY02JAN2421600PE.NFO,02/01/2024,09:30:17,141.75,141.6,480,141.95,440,280,957800
FINNIFTY02JAN2421600PE.NFO,02/01/2024,09:30:18,140.6,140.65,560,141,480,1000,957800
FINNIFTY02JAN2421600PE.NFO,02/01/2024,09:30:19,139.15,138.85,200,139.15,280,1600,957800
FINNIFTY02JAN2421600PE.NFO,02/01/2024,09:30:20,138.95,139,360,139.35,40,4040,957800
FINNIFTY02JAN2421600PE.NFO,02/01/2024,09:30:21,139.9,140.05,360,140.4,200,2080,957800
FINNIFTY02JAN2421600PE.NFO,02/01/2024,09:30:22,141.05,140.75,640,141.15,480,4200,957800
FINNIFTY02JAN2421600PE.NFO,02/01/2024,09:30:23,140.95,140.85,880,141.25,400,1040,957800
FINNIFTY02JAN2421600PE.NFO,02/01/2024,09:30:24,141.45,141.45,160,141.9,200,1120,957800
FINNIFTY02JAN2421600PE.NFO,02/01/2024,09:30:25,141.45,141.7,520,142,200,0,957800
FINNIFTY02JAN2421600PE.NFO,02/01/2024,09:30:26,141.8,141.7,920,141.95,200,600,957800
FINNIFTY02JAN2421600PE.NFO,02/01/2024,09:30:27,142.5,142.4,440,142.7,40,880,957800
FINNIFTY02JAN2421600PE.NFO,02/01/2024,09:30:28,142.9,142.75,320,143.05,600,680,957800
FINNIFTY02JAN2421600PE.NFO,02/01/2024,09:30:29,143.05,142.6,440,142.95,640,40,957800
FINNIFTY02JAN2421600PE.NFO,02/01/2024,09:30:30,143.25,143,920,143.35,120,440,957800
FINNIFTY02JAN2421600PE.NFO,02/01/2024,09:30:31,144.3,144.65,440,145,800,1200,957800
FINNIFTY02JAN2421600PE.NFO,02/01/2024,09:30:32,144.85,144.6,320,144.95,120,40,957800
FINNIFTY02JAN2421600PE.NFO,02/01/2024,09:30:33,144.15,144.05,440,144.45,360,1480,957800
FINNIFTY02JAN2421600PE.NFO,02/01/2024,09:30:34,144.2,143.85,880,144.25,440,40,957800
FINNIFTY02JAN2421600PE.NFO,02/01/2024,09:30:35,143.55,143.5,320,143.85,120,200,957800
FINNIFTY02JAN2421600PE.NFO,02/01/2024,09:30:36,143.45,143.55,640,143.85,960,120,957800
FINNIFTY02JAN2421600PE.NFO,02/01/2024,09:30:37,143.45,143.05,400,143.45,520,0,957800
FINNIFTY02JAN2421600PE.NFO,02/01/2024,09:30:38,144.65,144.35,200,144.65,520,240,957800
FINNIFTY02JAN2421600PE.NFO,02/01/2024,09:30:39,144.65,143.65,320,144.05,840,0,957800
FINNIFTY02JAN2421600PE.NFO,02/01/2024,09:30:40,143.15,142.2,400,142.6,280,800,957800
FINNIFTY02JAN2421600PE.NFO,02/01/2024,09:30:41,141.75,141.65,120,141.95,200,640,957800
FINNIFTY02JAN2421600PE.NFO,02/01/2024,09:30:42,141.75,141.55,520,141.9,480,0,957800
FINNIFTY02JAN2421600PE.NFO,02/01/2024,09:30:43,142.15,143.05,440,143.35,120,80,957800
FINNIFTY02JAN2421600PE.NFO,02/01/2024,09:30:44,143.25,143,1000,143.35,440,800,957800
FINNIFTY02JAN2421600PE.NFO,02/01/2024,09:30:45,142.6,142.4,560,142.75,320,160,957800
FINNIFTY02JAN2421600PE.NFO,02/01/2024,09:30:46,142.4,142.55,480,142.95,440,200,957800
FINNIFTY02JAN2421600PE.NFO,02/01/2024,09:30:47,142.95,142.6,640,142.95,200,320,957800
FINNIFTY02JAN2421600PE.NFO,02/01/2024,09:30:48,142.75,142.65,680,143,400,960,957800
FINNIFTY02JAN2421600PE.NFO,02/01/2024,09:30:49,142.9,142.65,120,142.9,280,80,957800
FINNIFTY02JAN2421600PE.NFO,02/01/2024,09:30:50,142.9,142.85,160,143.1,120,0,957800
FINNIFTY02JAN2421600PE.NFO,02/01/2024,09:30:51,143.3,142.95,1440,143.25,120,160,957800
FINNIFTY02JAN2421600PE.NFO,02/01/2024,09:30:53,142.7,142.45,720,142.8,40,880,957800
FINNIFTY02JAN2421600PE.NFO,02/01/2024,09:30:53,142.7,142.65,120,142.9,480,0,957800
FINNIFTY02JAN2421600PE.NFO,02/01/2024,09:30:54,143.3,143.1,520,143.4,120,280,957800
FINNIFTY02JAN2421600PE.NFO,02/01/2024,09:30:55,143.2,143.25,520,143.6,120,280,957800
FINNIFTY02JAN2421600PE.NFO,02/01/2024,09:30:56,143.8,143.75,200,144,760,520,957800
FINNIFTY02JAN2421600PE.NFO,02/01/2024,09:30:58,144.45,144,920,144.25,280,1600,957800
FINNIFTY02JAN2421600PE.NFO,02/01/2024,09:30:58,143.95,143.95,920,144.3,80,360,957800
FINNIFTY02JAN2421600PE.NFO,02/01/2024,09:30:59,144,144.15,680,144.5,320,240,957800
FINNIFTY02JAN2421600PE.NFO,02/01/2024,09:31:00,144.9,145.1,240,145.45,400,1920,957800
FINNIFTY02JAN2421600PE.NFO,02/01/2024,09:31:01,144.85,144.75,760,145,80,200,957800
FINNIFTY02JAN2421600PE.NFO,02/01/2024,09:31:03,145.6,145.75,80,146,400,1000,957800
FINNIFTY02JAN2421600PE.NFO,02/01/2024,09:31:03,145.6,145.55,680,145.9,640,0,957800
FINNIFTY02JAN2421600PE.NFO,02/01/2024,09:31:04,146.55,146.3,480,146.55,600,920,957800
FINNIFTY02JAN2421600PE.NFO,02/01/2024,09:31:05,146.35,146.45,360,146.8,240,560,957800
FINNIFTY02JAN2421600PE.NFO,02/01/2024,09:31:06,146.5,146.35,760,146.7,400,1280,957800
FINNIFTY02JAN2421600PE.NFO,02/01/2024,09:31:07,146.5,146.25,640,146.6,360,2200,957800
FINNIFTY02JAN2421600PE.NFO,02/01/2024,09:31:08,146.5,146,360,146.25,360,0,957800
FINNIFTY02JAN2421600PE.NFO,02/01/2024,09:31:10,145.6,145.4,440,145.75,240,1080,957800
FINNIFTY02JAN2421600PE.NFO,02/01/2024,09:31:10,145.8,145.9,880,146.3,360,40,957800
FINNIFTY02JAN2421600PE.NFO,02/01/2024,09:31:11,146,146,40,146.25,160,1120,957800
FINNIFTY02JAN2421600PE.NFO,02/01/2024,09:31:12,147.05,146.75,80,147.1,720,720,957800
FINNIFTY02JAN2421600PE.NFO,02/01/2024,09:31:13,147.75,147.45,400,147.8,560,400,957800
FINNIFTY02JAN2421600PE.NFO,02/01/2024,09:31:15,149.15,149.15,320,149.45,120,4840,957800
FINNIFTY02JAN2421600PE.NFO,02/01/2024,09:31:15,149.15,149.1,720,149.4,200,0,957800
FINNIFTY02JAN2421600PE.NFO,02/01/2024,09:31:16,150,149.55,400,149.9,120,2520,957800
FINNIFTY02JAN2421600PE.NFO,02/01/2024,09:31:17,148.65,148.25,480,148.6,120,1040,957800
FINNIFTY02JAN2421600PE.NFO,02/01/2024,09:31:18,147.85,147.8,640,148.1,320,6160,957800
FINNIFTY02JAN2421600PE.NFO,02/01/2024,09:31:19,148,147.85,440,148.15,320,480,957800
FINNIFTY02JAN2421600PE.NFO,02/01/2024,09:31:21,148.5,148.3,800,148.6,320,840,957800
FINNIFTY02JAN2421600PE.NFO,02/01/2024,09:31:21,148.5,148.4,560,148.75,320,0,957800
FINNIFTY02JAN2421600PE.NFO,02/01/2024,09:31:22,148.15,147.85,1000,148.15,440,240,957800
FINNIFTY02JAN2421600PE.NFO,02/01/2024,09:31:23,146.8,147.15,920,147.45,520,2200,957800
FINNIFTY02JAN2421600PE.NFO,02/01/2024,09:31:24,146.8,147.4,1200,147.7,160,440,957800
FINNIFTY02JAN2421600PE.NFO,02/01/2024,09:31:26,145,144.9,200,145.15,80,3160,957800
FINNIFTY02JAN2421600PE.NFO,02/01/2024,09:31:26,145,144.55,800,144.85,680,0,957800
FINNIFTY02JAN2421600PE.NFO,02/01/2024,09:31:27,145.85,144.9,560,145.25,600,560,957800
FINNIFTY02JAN2421600PE.NFO,02/01/2024,09:31:28,145.05,145.2,920,145.55,480,80,957800
FINNIFTY02JAN2421600PE.NFO,02/01/2024,09:31:29,145.05,145.7,600,146.05,480,0,957800
FINNIFTY02JAN2421600PE.NFO,02/01/2024,09:31:30,145.65,145.85,200,146.2,480,120,957800
FINNIFTY02JAN2421600PE.NFO,02/01/2024,09:31:31,145.65,146.25,560,146.45,120,0,957800
FINNIFTY02JAN2421600PE.NFO,02/01/2024,09:31:33,147.1,146.25,480,146.6,720,400,957800
FINNIFTY02JAN2421600PE.NFO,02/01/2024,09:31:34,146.4,147.2,1080,147.6,520,80,957800
FINNIFTY02JAN2421600PE.NFO,02/01/2024,09:31:35,148.5,148.35,240,148.55,40,1320,957800
FINNIFTY02JAN2421600PE.NFO,02/01/2024,09:31:36,147.65,147.65,640,148.05,480,1040,957800
FINNIFTY02JAN2421600PE.NFO,02/01/2024,09:31:37,148.25,148.05,400,148.35,120,960,957800
FINNIFTY02JAN2421600PE.NFO,02/01/2024,09:31:38,148.65,148.25,560,148.65,400,480,957800
FINNIFTY02JAN2421600PE.NFO,02/01/2024,09:31:39,148.65,148.45,640,148.8,200,0,957800
FINNIFTY02JAN2421600PE.NFO,02/01/2024,09:31:39,148.75,148.45,960,148.75,120,840,957800
FINNIFTY02JAN2421600PE.NFO,02/01/2024,09:31:40,149.15,148.85,520,149.15,320,1120,957800
FINNIFTY02JAN2421600PE.NFO,02/01/2024,09:31:41,148.95,149.35,400,149.65,120,80,957800
FINNIFTY02JAN2421600PE.NFO,02/01/2024,09:31:42,149.6,149.15,960,149.55,760,440,957800
FINNIFTY02JAN2421600PE.NFO,02/01/2024,09:31:43,149.5,148.95,520,149.25,160,80,957800
FINNIFTY02JAN2421600PE.NFO,02/01/2024,09:31:45,148.75,148.45,560,148.7,160,160,957800
FINNIFTY02JAN2421600PE.NFO,02/01/2024,09:31:46,148.4,147.55,360,147.8,280,1120,957800
FINNIFTY02JAN2421600PE.NFO,02/01/2024,09:31:46,148.4,147.8,200,148.15,760,0,957800
FINNIFTY02JAN2421600PE.NFO,02/01/2024,09:31:47,148.45,148.2,120,148.5,200,1080,957800
FINNIFTY02JAN2421600PE.NFO,02/01/2024,09:31:48,147.55,147.5,1000,147.85,120,1440,957800
FINNIFTY02JAN2421600PE.NFO,02/01/2024,09:31:49,147.85,147.4,560,147.75,560,80,957800
FINNIFTY02JAN2421600PE.NFO,02/01/2024,09:31:51,147.9,147.9,560,148.25,400,120,957800
FINNIFTY02JAN2421600PE.NFO,02/01/2024,09:31:51,148.4,148,600,148.3,1040,80,957800
FINNIFTY02JAN2421600PE.NFO,02/01/2024,09:31:52,148.55,148.7,920,149.05,280,240,957800
FINNIFTY02JAN2421600PE.NFO,02/01/2024,09:31:53,149.1,149.3,560,149.45,40,1800,957800
FINNIFTY02JAN2421600PE.NFO,02/01/2024,09:31:54,150.6,150.5,360,150.8,600,8640,957800
FINNIFTY02JAN2421600PE.NFO,02/01/2024,09:31:55,150.2,150.25,360,150.6,320,480,957800
FINNIFTY02JAN2421600PE.NFO,02/01/2024,09:31:57,150.9,150.9,400,151.25,200,800,957800
FINNIFTY02JAN2421600PE.NFO,02/01/2024,09:31:57,150.55,150.65,840,150.95,200,40,957800
FINNIFTY02JAN2421600PE.NFO,02/01/2024,09:31:58,150.05,149.55,440,149.9,200,560,957800
FINNIFTY02JAN2421600PE.NFO,02/01/2024,09:31:59,149.65,149.5,840,149.8,560,1200,957800
FINNIFTY02JAN2421600PE.NFO,02/01/2024,09:32:00,150.1,149.85,320,150.15,160,360,957800
FINNIFTY02JAN2421600PE.NFO,02/01/2024,09:32:02,150,149.75,1200,150.05,120,2280,957800
FINNIFTY02JAN2421600PE.NFO,02/01/2024,09:32:02,150.1,149.8,520,150.2,520,440,957800
FINNIFTY02JAN2421600PE.NFO,02/01/2024,09:32:03,150.75,150.45,680,150.8,120,1040,957800
FINNIFTY02JAN2421600PE.NFO,02/01/2024,09:32:04,151.75,151.65,40,151.85,240,80,957800
FINNIFTY02JAN2421600PE.NFO,02/01/2024,09:32:05,151.5,151.35,120,151.6,120,2520,957800
FINNIFTY02JAN2421600PE.NFO,02/01/2024,09:32:06,152.15,151.8,880,152.15,240,1080,957800
FINNIFTY02JAN2421600PE.NFO,02/01/2024,09:32:08,151.95,151.9,360,152.2,400,280,957800
FINNIFTY02JAN2421600PE.NFO,02/01/2024,09:32:08,151.9,151.65,40,151.9,120,760,957800
FINNIFTY02JAN2421600PE.NFO,02/01/2024,09:32:09,152.1,151.8,800,152.05,160,2080,957800
FINNIFTY02JAN2421600PE.NFO,02/01/2024,09:32:10,151.75,151.05,480,151.45,600,2240,957800
FINNIFTY02JAN2421600PE.NFO,02/01/2024,09:32:11,151.05,150.85,320,151.2,120,320,957800
FINNIFTY02JAN2421600PE.NFO,02/01/2024,09:32:13,149.25,149,320,149.3,120,1480,957800
FINNIFTY02JAN2421600PE.NFO,02/01/2024,09:32:13,149.25,149.05,1400,149.45,280,0,957800
FINNIFTY02JAN2421600PE.NFO,02/01/2024,09:32:14,150.8,150.55,240,150.8,560,1800,957800
FINNIFTY02JAN2421600PE.NFO,02/01/2024,09:32:15,151.25,151.4,200,151.55,40,520,957800
FINNIFTY02JAN2421600PE.NFO,02/01/2024,09:32:16,151.45,151.7,360,152,560,280,957800
FINNIFTY02JAN2421600PE.NFO,02/01/2024,09:32:18,152.2,152.6,360,153,800,720,957800
FINNIFTY02JAN2421600PE.NFO,02/01/2024,09:32:18,152.6,152.3,1080,152.65,320,200,957800
FINNIFTY02JAN2421600PE.NFO,02/01/2024,09:32:19,154.45,154.45,400,154.7,160,9360,957800
FINNIFTY02JAN2421600PE.NFO,02/01/2024,09:32:20,154.1,154.1,360,154.5,360,80,957800
FINNIFTY02JAN2421600PE.NFO,02/01/2024,09:32:21,154,153.85,480,154.2,520,880,957800
FINNIFTY02JAN2421600PE.NFO,02/01/2024,09:32:22,153.8,153.8,280,154,200,440,957800
FINNIFTY02JAN2421600PE.NFO,02/01/2024,09:32:23,155,154.75,480,155,7520,1120,957800
FINNIFTY02JAN2421600PE.NFO,02/01/2024,09:32:24,153.9,154.5,1280,154.8,200,440,957800
FINNIFTY02JAN2421600PE.NFO,02/01/2024,09:32:26,155,155.05,320,155.4,560,9160,957800
FINNIFTY02JAN2421600PE.NFO,02/01/2024,09:32:26,155,154.35,280,154.65,40,0,957800
FINNIFTY02JAN2421600PE.NFO,02/01/2024,09:32:27,153.9,153.55,80,153.9,600,80,957800
FINNIFTY02JAN2421600PE.NFO,02/01/2024,09:32:28,153.6,152.95,120,153.25,80,400,957800
FINNIFTY02JAN2421600PE.NFO,02/01/2024,09:32:29,153.05,152.35,280,152.6,560,440,946600
FINNIFTY02JAN2421600PE.NFO,02/01/2024,09:32:30,152.5,152.25,80,152.55,320,440,946600
FINNIFTY02JAN2421600PE.NFO,02/01/2024,09:32:31,152.3,152.3,480,152.6,400,2600,946600
FINNIFTY02JAN2421600PE.NFO,02/01/2024,09:32:32,152.5,152.6,960,152.95,400,680,946600
FINNIFTY02JAN2421600PE.NFO,02/01/2024,09:32:34,152.5,152.55,640,152.9,280,0,946600
FINNIFTY02JAN2421600PE.NFO,02/01/2024,09:32:34,152.5,152.35,640,152.7,200,0,946600
FINNIFTY02JAN2421600PE.NFO,02/01/2024,09:32:35,153.25,152.9,640,153.25,520,280,946600
FINNIFTY02JAN2421600PE.NFO,02/01/2024,09:32:36,153.4,153.4,80,153.75,400,440,946600
FINNIFTY02JAN2421600PE.NFO,02/01/2024,09:32:37,154.65,154.15,160,154.45,200,1040,946600
FINNIFTY02JAN2421600PE.NFO,02/01/2024,09:32:38,155.3,154.4,920,154.75,440,3280,946600
FINNIFTY02JAN2421600PE.NFO,02/01/2024,09:32:39,154.75,154.7,840,155.05,160,120,946600
FINNIFTY02JAN2421600PE.NFO,02/01/2024,09:32:40,155.3,154.95,360,155.35,640,3080,946600
FINNIFTY02JAN2421600PE.NFO,02/01/2024,09:32:41,154.35,154.1,280,154.45,120,40,946600
FINNIFTY02JAN2421600PE.NFO,02/01/2024,09:32:42,154.6,154.45,320,154.85,400,1000,946600
FINNIFTY02JAN2421600PE.NFO,02/01/2024,09:32:43,155.05,155.35,160,155.7,800,640,946600
FINNIFTY02JAN2421600PE.NFO,02/01/2024,09:32:44,154.8,154.5,760,154.9,480,1920,946600
FINNIFTY02JAN2421600PE.NFO,02/01/2024,09:32:45,155,154.9,520,155.3,280,1240,946600
FINNIFTY02JAN2421600PE.NFO,02/01/2024,09:32:46,155,155.1,360,155.45,680,0,946600
FINNIFTY02JAN2421600PE.NFO,02/01/2024,09:32:47,154.85,154.3,200,154.65,360,1960,946600
FINNIFTY02JAN2421600PE.NFO,02/01/2024,09:32:48,153.45,153.15,80,153.4,240,1360,946600
FINNIFTY02JAN2421600PE.NFO,02/01/2024,09:32:49,153.4,153.3,1160,153.7,480,2400,946600
FINNIFTY02JAN2421600PE.NFO,02/01/2024,09:32:50,152.3,152.3,240,152.6,120,2080,946600
FINNIFTY02JAN2421600PE.NFO,02/01/2024,09:32:51,152.6,153.6,240,153.95,240,120,946600
FINNIFTY02JAN2421600PE.NFO,02/01/2024,09:32:52,153.2,153.35,160,153.65,160,3240,946600
FINNIFTY02JAN2421600PE.NFO,02/01/2024,09:32:53,154.35,154.55,640,154.85,560,1600,946600
FINNIFTY02JAN2421600PE.NFO,02/01/2024,09:32:54,154.05,153.05,280,153.45,440,760,946600
FINNIFTY02JAN2421600PE.NFO,02/01/2024,09:32:55,153.5,153.45,440,153.8,560,200,946600
FINNIFTY02JAN2421600PE.NFO,02/01/2024,09:32:56,153.8,153.55,200,153.9,1080,200,946600
FINNIFTY02JAN2421600PE.NFO,02/01/2024,09:32:57,153.7,153.6,480,153.95,160,40,946600
FINNIFTY02JAN2421600PE.NFO,02/01/2024,09:32:58,153.7,153.3,40,153.55,400,0,946600
FINNIFTY02JAN2421600PE.NFO,02/01/2024,09:32:59,153,152.05,680,152.45,160,80,946600
FINNIFTY02JAN2421600PE.NFO,02/01/2024,09:33:00,153,152.5,560,152.8,320,0,946600
FINNIFTY02JAN2421600PE.NFO,02/01/2024,09:33:01,152.55,152.1,960,152.45,240,80,946600
FINNIFTY02JAN2421600PE.NFO,02/01/2024,09:33:02,152.6,151.75,360,152.1,80,600,946600
FINNIFTY02JAN2421600PE.NFO,02/01/2024,09:33:03,152.6,151.9,120,152.2,560,0,946600
FINNIFTY02JAN2421600PE.NFO,02/01/2024,09:33:04,152.05,151.9,240,152.25,560,1760,946600
FINNIFTY02JAN2421600PE.NFO,02/01/2024,09:33:05,152.05,151.85,160,152.15,560,0,946600
FINNIFTY02JAN2421600PE.NFO,02/01/2024,09:33:06,152,152.05,520,152.4,640,120,946600
FINNIFTY02JAN2421600PE.NFO,02/01/2024,09:33:08,152.7,152.55,200,152.9,120,560,946600
FINNIFTY02JAN2421600PE.NFO,02/01/2024,09:33:09,152.15,152,640,152.4,440,640,946600
FINNIFTY02JAN2421600PE.NFO,02/01/2024,09:33:09,152.15,152.3,240,152.65,840,0,946600
FINNIFTY02JAN2421600PE.NFO,02/01/2024,09:33:10,152.15,152.1,200,152.5,480,0,946600
FINNIFTY02JAN2421600PE.NFO,02/01/2024,09:33:11,153,152.75,200,153.15,680,120,946600
FINNIFTY02JAN2421600PE.NFO,02/01/2024,09:33:13,153.15,153.15,120,153.45,320,160,946600
FINNIFTY02JAN2421600PE.NFO,02/01/2024,09:33:14,153.8,153.75,640,154.05,40,440,946600
FINNIFTY02JAN2421600PE.NFO,02/01/2024,09:33:14,153.8,153.75,160,154.1,400,440,946600
FINNIFTY02JAN2421600PE.NFO,02/01/2024,09:33:15,155,155.1,80,155.4,560,960,946600
FINNIFTY02JAN2421600PE.NFO,02/01/2024,09:33:16,155.1,156,480,156.35,400,13960,946600
FINNIFTY02JAN2421600PE.NFO,02/01/2024,09:33:18,155.45,155.35,560,155.65,200,3600,946600
FINNIFTY02JAN2421600PE.NFO,02/01/2024,09:33:19,154.5,154.25,560,154.6,440,520,946600
FINNIFTY02JAN2421600PE.NFO,02/01/2024,09:33:19,154.5,154.45,880,154.85,280,0,946600
FINNIFTY02JAN2421600PE.NFO,02/01/2024,09:33:20,155.15,154.95,280,155.35,880,480,946600
FINNIFTY02JAN2421600PE.NFO,02/01/2024,09:33:21,154.55,154.45,480,154.8,80,1840,946600
FINNIFTY02JAN2421600PE.NFO,02/01/2024,09:33:23,155.35,155,560,155.35,960,200,946600
FINNIFTY02JAN2421600PE.NFO,02/01/2024,09:33:24,155.55,155.5,1000,155.85,200,1120,946600
FINNIFTY02JAN2421600PE.NFO,02/01/2024,09:33:24,156,155.8,360,156.15,200,320,946600
FINNIFTY02JAN2421600PE.NFO,02/01/2024,09:33:25,156.75,156.8,280,156.9,120,1040,946600
FINNIFTY02JAN2421600PE.NFO,02/01/2024,09:33:26,156.6,156.3,360,156.6,120,11680,946600
FINNIFTY02JAN2421600PE.NFO,02/01/2024,09:33:27,156.3,156.45,240,156.85,480,200,946600
FINNIFTY02JAN2421600PE.NFO,02/01/2024,09:33:29,156.9,156.65,400,157,560,520,946600
FINNIFTY02JAN2421600PE.NFO,02/01/2024,09:33:30,156.25,156.15,40,156.25,40,2400,946600
FINNIFTY02JAN2421600PE.NFO,02/01/2024,09:33:30,156.15,156,1600,156.15,360,320,946600
FINNIFTY02JAN2421600PE.NFO,02/01/2024,09:33:31,155.6,155.35,160,155.55,120,2240,946600
FINNIFTY02JAN2421600PE.NFO,02/01/2024,09:33:32,154.8,154.2,40,154.55,240,240,946600
FINNIFTY02JAN2421600PE.NFO,02/01/2024,09:33:34,154.5,154.25,520,154.6,1040,40,946600
FINNIFTY02JAN2421600PE.NFO,02/01/2024,09:33:35,155.2,155.2,640,155.45,160,480,946600
FINNIFTY02JAN2421600PE.NFO,02/01/2024,09:33:35,155.2,155,640,155.35,640,0,946600
FINNIFTY02JAN2421600PE.NFO,02/01/2024,09:33:36,154.95,155.1,520,155.45,360,1600,946600
FINNIFTY02JAN2421600PE.NFO,02/01/2024,09:33:37,153.8,153.5,280,153.8,160,1640,946600
FINNIFTY02JAN2421600PE.NFO,02/01/2024,09:33:39,153.7,153.7,1040,154,160,760,946600
FINNIFTY02JAN2421600PE.NFO,02/01/2024,09:33:40,153.95,154.15,640,154.5,360,1120,946600
FINNIFTY02JAN2421600PE.NFO,02/01/2024,09:33:40,153.95,153.95,640,154.3,360,0,946600
FINNIFTY02JAN2421600PE.NFO,02/01/2024,09:33:41,155.15,154.75,560,155.05,360,520,946600
FINNIFTY02JAN2421600PE.NFO,02/01/2024,09:33:42,153.65,153.6,600,153.9,320,560,946600
FINNIFTY02JAN2421600PE.NFO,02/01/2024,09:33:44,152.3,152.35,120,152.65,160,2120,946600
FINNIFTY02JAN2421600PE.NFO,02/01/2024,09:33:45,152.75,152.25,80,152.55,240,400,946600
FINNIFTY02JAN2421600PE.NFO,02/01/2024,09:33:45,152.75,152.1,120,152.45,240,0,946600
FINNIFTY02JAN2421600PE.NFO,02/01/2024,09:33:46,152.65,153.05,160,153.4,680,880,946600
FINNIFTY02JAN2421600PE.NFO,02/01/2024,09:33:47,153.05,152.75,680,153.05,80,1520,946600
FINNIFTY02JAN2421600PE.NFO,02/01/2024,09:33:48,153,152.55,80,152.9,280,80,946600
FINNIFTY02JAN2421600PE.NFO,02/01/2024,09:33:49,152.45,151.7,280,152,80,240,946600
FINNIFTY02JAN2421600PE.NFO,02/01/2024,09:33:50,150.6,150.25,200,150.6,920,680,946600
FINNIFTY02JAN2421600PE.NFO,02/01/2024,09:33:51,150.4,150.3,160,150.65,760,920,946600
FINNIFTY02JAN2421600PE.NFO,02/01/2024,09:33:52,149.1,149.05,120,149.3,160,5680,946600
FINNIFTY02JAN2421600PE.NFO,02/01/2024,09:33:53,148.95,148.45,200,148.8,160,800,946600
FINNIFTY02JAN2421600PE.NFO,02/01/2024,09:33:54,148.95,149.35,720,149.75,280,0,946600
FINNIFTY02JAN2421600PE.NFO,02/01/2024,09:33:55,148.95,149.25,920,149.6,200,240,946600
FINNIFTY02JAN2421600PE.NFO,02/01/2024,09:33:56,149.3,149.05,160,149.4,200,80,946600
FINNIFTY02JAN2421600PE.NFO,02/01/2024,09:33:57,149.85,149.55,120,149.9,640,520,946600
FINNIFTY02JAN2421600PE.NFO,02/01/2024,09:33:58,149.9,149.45,560,149.75,560,280,946600
FINNIFTY02JAN2421600PE.NFO,02/01/2024,09:33:59,149.4,150.2,200,150.6,1160,640,946600
FINNIFTY02JAN2421600PE.NFO,02/01/2024,09:34:01,149.4,149.55,280,149.9,200,0,946600
FINNIFTY02JAN2421600PE.NFO,02/01/2024,09:34:02,149.5,151,200,151.35,200,40,946600
FINNIFTY02JAN2421600PE.NFO,02/01/2024,09:34:02,149.5,150.9,80,151.2,240,0,946600
FINNIFTY02JAN2421600PE.NFO,02/01/2024,09:34:03,151.25,151.25,280,151.55,200,360,946600
FINNIFTY02JAN2421600PE.NFO,02/01/2024,09:34:04,151.2,151.05,200,151.4,280,2240,946600
FINNIFTY02JAN2421600PE.NFO,02/01/2024,09:34:06,151.25,151.5,320,151.75,120,40,946600
FINNIFTY02JAN2421600PE.NFO,02/01/2024,09:34:07,151.25,151.6,120,151.85,80,0,946600
FINNIFTY02JAN2421600PE.NFO,02/01/2024,09:34:08,151.8,151.9,640,152.3,600,480,946600
FINNIFTY02JAN2421600PE.NFO,02/01/2024,09:34:08,151.8,152.25,320,152.65,240,0,946600
FINNIFTY02JAN2421600PE.NFO,02/01/2024,09:34:09,151.8,151.95,280,152.15,160,0,946600
FINNIFTY02JAN2421600PE.NFO,02/01/2024,09:34:10,152.65,152.3,200,152.65,320,40,946600
FINNIFTY02JAN2421600PE.NFO,02/01/2024,09:34:11,152.6,152.45,640,152.8,400,1080,946600
FINNIFTY02JAN2421600PE.NFO,02/01/2024,09:34:13,152.8,152.1,640,152.45,120,120,946600
FINNIFTY02JAN2421600PE.NFO,02/01/2024,09:34:14,152,151.85,160,152.15,1000,120,946600
FINNIFTY02JAN2421600PE.NFO,02/01/2024,09:34:14,152.15,151.9,240,152.15,40,1200,946600
FINNIFTY02JAN2421600PE.NFO,02/01/2024,09:34:15,152.4,152.1,680,152.4,120,200,946600
FINNIFTY02JAN2421600PE.NFO,02/01/2024,09:34:16,152.2,152.35,320,152.65,240,400,946600
FINNIFTY02JAN2421600PE.NFO,02/01/2024,09:34:18,152.65,152.35,320,152.75,1400,1720,946600
FINNIFTY02JAN2421600PE.NFO,02/01/2024,09:34:19,152.9,153.6,280,153.95,240,40,946600
FINNIFTY02JAN2421600PE.NFO,02/01/2024,09:34:19,153.4,153.45,120,153.8,280,480,946600
FINNIFTY02JAN2421600PE.NFO,02/01/2024,09:34:20,153.8,153.25,40,153.55,280,40,946600
