Ticker,Date,Time,LTP,BuyPrice,BuyQty,SellPrice,SellQty,LTQ,OpenInterest
FINNIFTY02JAN2418800PE.NFO,02/01/2024,09:15:15,0.2,0.15,6600,0.2,5640,4120,58880
FINNIFTY02JAN2418800PE.NFO,02/01/2024,09:15:15,0.2,0.15,6600,0.2,5640,0,58880
FINNIFTY02JAN2418800PE.NFO,02/01/2024,09:15:15,0.2,0.15,6600,0.2,5640,0,58880
FINNIFTY02JAN2418800PE.NFO,02/01/2024,09:15:15,0.2,0.15,6600,0.2,5640,0,58880
FINNIFTY02JAN2418800PE.NFO,02/01/2024,09:15:27,0.2,0.15,7720,0.2,2760,4080,58880
FINNIFTY02JAN2418800PE.NFO,02/01/2024,09:15:27,0.15,0.15,7720,0.2,2760,0,58880
FINNIFTY02JAN2418800PE.NFO,02/01/2024,09:15:39,0.2,0.15,7880,0.2,4520,1800,58880
FINNIFTY02JAN2418800PE.NFO,02/01/2024,09:15:49,0.2,0.15,7880,0.2,4520,0,58880
FINNIFTY02JAN2418800PE.NFO,02/01/2024,09:16:00,0.25,0.2,440,0.25,2200,11080,58880
FINNIFTY02JAN2418800PE.NFO,02/01/2024,09:16:00,0.25,0.2,440,0.25,2200,0,58880
FINNIFTY02JAN2418800PE.NFO,02/01/2024,09:16:11,0.2,0.2,40,0.3,2760,3200,58880
FINNIFTY02JAN2418800PE.NFO,02/01/2024,09:16:21,0.2,0.15,8360,0.25,4520,0,58880
FINNIFTY02JAN2418800PE.NFO,02/01/2024,09:16:31,0.15,0.15,6680,0.25,8120,1800,58880
FINNIFTY02JAN2418800PE.NFO,02/01/2024,09:16:50,0.2,0.15,11080,0.2,1480,1400,58880
FINNIFTY02JAN2418800PE.NFO,02/01/2024,09:17:00,0.2,0.15,11080,0.2,1480,0,58880
FINNIFTY02JAN2418800PE.NFO,02/01/2024,09:20:05,0.2,0.15,9280,0.2,1480,0,58880
FINNIFTY02JAN2418800PE.NFO,02/01/2024,09:21:14,0.2,0.15,9280,0.2,1040,440,44360
FINNIFTY02JAN2418800PE.NFO,02/01/2024,09:21:24,0.25,0.15,9120,0.25,13160,80,44360
FINNIFTY02JAN2418800PE.NFO,02/01/2024,09:21:35,0.15,0.15,8960,0.2,1280,480,44360
FINNIFTY02JAN2418800PE.NFO,02/01/2024,09:21:45,0.15,0.15,8960,0.2,1280,0,44360
FINNIFTY02JAN2418800PE.NFO,02/01/2024,09:21:55,0.2,0.15,8960,0.2,1560,40,44360
FINNIFTY02JAN2418800PE.NFO,02/01/2024,09:23:37,0.2,0.15,8960,0.2,1280,280,44360
FINNIFTY02JAN2418800PE.NFO,02/01/2024,09:23:56,0.2,0.15,8960,0.2,1120,160,44360
FINNIFTY02JAN2418800PE.NFO,02/01/2024,09:24:05,0.2,0.15,8960,0.2,520,600,44360
FINNIFTY02JAN2418800PE.NFO,02/01/2024,09:24:14,0.2,0.15,8960,0.2,400,120,44360
FINNIFTY02JAN2418800PE.NFO,02/01/2024,09:24:24,0.2,0.15,8960,0.25,13160,80,44360
FINNIFTY02JAN2418800PE.NFO,02/01/2024,09:24:54,0.2,0.2,600,0.25,13160,0,44360
FINNIFTY02JAN2418800PE.NFO,02/01/2024,09:25:04,0.25,0.2,640,0.25,13040,280,44360
FINNIFTY02JAN2418800PE.NFO,02/01/2024,09:25:15,0.25,0.2,640,0.25,12960,80,44360
FINNIFTY02JAN2418800PE.NFO,02/01/2024,09:25:26,0.25,0.2,640,0.25,12600,360,44360
FINNIFTY02JAN2418800PE.NFO,02/01/2024,09:25:36,0.25,0.2,600,0.25,12040,600,44360
FINNIFTY02JAN2418800PE.NFO,02/01/2024,09:25:45,0.25,0.2,600,0.25,11240,1720,44360
FINNIFTY02JAN2418800PE.NFO,02/01/2024,09:25:55,0.25,0.2,600,0.25,10040,1200,44360
FINNIFTY02JAN2418800PE.NFO,02/01/2024,09:26:05,0.25,0.2,720,0.25,8240,1880,44360
FINNIFTY02JAN2418800PE.NFO,02/01/2024,09:26:15,0.25,0.2,800,0.25,7240,1240,44360
FINNIFTY02JAN2418800PE.NFO,02/01/2024,09:26:25,0.25,0.2,800,0.25,5640,1920,44360
FINNIFTY02JAN2418800PE.NFO,02/01/2024,09:26:46,0.2,0.15,8760,0.25,5280,800,44840
FINNIFTY02JAN2418800PE.NFO,02/01/2024,09:26:57,0.15,0.15,7160,0.2,840,1840,44840
FINNIFTY02JAN2418800PE.NFO,02/01/2024,09:27:07,0.15,0.15,7040,0.2,840,120,44840
FINNIFTY02JAN2418800PE.NFO,02/01/2024,09:27:17,0.15,0.15,6920,0.2,840,120,44840
FINNIFTY02JAN2418800PE.NFO,02/01/2024,09:27:57,0.15,0.15,6920,0.2,2880,0,44840
FINNIFTY02JAN2418800PE.NFO,02/01/2024,09:28:07,0.15,0.15,6920,0.2,3040,0,44840
FINNIFTY02JAN2418800PE.NFO,02/01/2024,09:28:28,0.2,0.15,6920,0.2,2360,680,44840
FINNIFTY02JAN2418800PE.NFO,02/01/2024,09:28:41,0.2,0.15,6920,0.2,2360,0,44840
FINNIFTY02JAN2418800PE.NFO,02/01/2024,09:28:54,0.2,0.15,6920,0.2,1240,1120,44840
FINNIFTY02JAN2418800PE.NFO,02/01/2024,09:29:05,0.2,0.15,6920,0.2,1160,1120,44840
FINNIFTY02JAN2418800PE.NFO,02/01/2024,09:29:28,0.2,0.15,6920,0.2,1160,0,44840
FINNIFTY02JAN2418800PE.NFO,02/01/2024,09:30:08,0.2,0.15,8360,0.2,1160,0,44840
FINNIFTY02JAN2418800PE.NFO,02/01/2024,09:30:18,0.2,0.2,920,0.25,5960,1440,45120
FINNIFTY02JAN2418800PE.NFO,02/01/2024,09:30:28,0.2,0.2,600,0.25,5880,520,45120
FINNIFTY02JAN2418800PE.NFO,02/01/2024,09:30:38,0.2,0.15,35920,0.2,6960,600,45120
FINNIFTY02JAN2418800PE.NFO,02/01/2024,09:30:48,0.2,0.15,36640,0.2,1120,0,45120
FINNIFTY02JAN2418800PE.NFO,02/01/2024,09:30:58,0.2,0.15,36880,0.2,560,560,45120
FINNIFTY02JAN2418800PE.NFO,02/01/2024,09:31:10,0.2,0.15,36800,0.2,560,0,45120
FINNIFTY02JAN2418800PE.NFO,02/01/2024,09:31:20,0.2,0.15,36800,0.25,24520,440,45120
FINNIFTY02JAN2418800PE.NFO,02/01/2024,09:31:49,0.2,0.15,36800,0.25,24520,0,45120
FINNIFTY02JAN2418800PE.NFO,02/01/2024,09:32:18,0.2,0.15,36800,0.25,24760,0,45120
FINNIFTY02JAN2418800PE.NFO,02/01/2024,09:33:26,0.25,0.15,37000,0.25,25960,120,46000
FINNIFTY02JAN2418800PE.NFO,02/01/2024,09:33:36,0.2,0.15,37440,0.25,26640,120,46000
FINNIFTY02JAN2418800PE.NFO,02/01/2024,09:33:45,0.25,0.15,37600,0.25,26640,120,46000
FINNIFTY02JAN2418800PE.NFO,02/01/2024,09:33:55,0.25,0.15,37520,0.25,26640,0,46000
FINNIFTY02JAN2418800PE.NFO,02/01/2024,09:36:24,0.25,0.15,37600,0.25,27440,240,46000
FINNIFTY02JAN2418800PE.NFO,02/01/2024,09:36:33,0.2,0.2,560,0.25,27440,40,46000
FINNIFTY02JAN2418800PE.NFO,02/01/2024,09:36:42,0.25,0.15,37520,0.25,27360,80,46000
FINNIFTY02JAN2418800PE.NFO,02/01/2024,09:39:07,0.25,0.15,37520,0.25,27360,0,46000
FINNIFTY02JAN2418800PE.NFO,02/01/2024,09:39:25,0.25,0.15,37520,0.25,27320,40,46000
FINNIFTY02JAN2418800PE.NFO,02/01/2024,09:40:16,0.25,0.15,37520,0.25,27320,0,46000
FINNIFTY02JAN2418800PE.NFO,02/01/2024,09:41:28,0.25,0.15,37520,0.25,27280,40,46000
FINNIFTY02JAN2418800PE.NFO,02/01/2024,09:46:04,0.2,0.15,37600,0.25,27760,120,46000
FINNIFTY02JAN2418800PE.NFO,02/01/2024,09:46:14,0.25,0.15,37520,0.25,27560,280,46000
FINNIFTY02JAN2418800PE.NFO,02/01/2024,09:46:24,0.25,0.15,37520,0.25,27560,0,46000
FINNIFTY02JAN2418800PE.NFO,02/01/2024,09:47:47,0.25,0.15,37520,0.25,26920,640,46080
FINNIFTY02JAN2418800PE.NFO,02/01/2024,09:48:05,0.25,0.15,37520,0.25,26760,0,46080
FINNIFTY02JAN2418800PE.NFO,02/01/2024,09:48:23,0.25,0.15,37520,0.25,26600,160,46080
FINNIFTY02JAN2418800PE.NFO,02/01/2024,09:49:28,0.25,0.15,37520,0.25,26720,0,46080
FINNIFTY02JAN2418800PE.NFO,02/01/2024,09:49:38,0.25,0.15,37520,0.25,26760,0,46080
FINNIFTY02JAN2418800PE.NFO,02/01/2024,09:53:36,0.25,0.15,37520,0.25,26720,40,46080
FINNIFTY02JAN2418800PE.NFO,02/01/2024,09:54:50,0.25,0.15,37520,0.25,10800,16000,46080
FINNIFTY02JAN2418800PE.NFO,02/01/2024,09:55:01,0.25,0.15,43280,0.25,10520,0,46080
FINNIFTY02JAN2418800PE.NFO,02/01/2024,09:55:11,0.25,0.15,44720,0.25,10520,0,46080
FINNIFTY02JAN2418800PE.NFO,02/01/2024,09:55:22,0.25,0.15,44720,0.25,11600,40,46080
FINNIFTY02JAN2418800PE.NFO,02/01/2024,09:56:41,0.25,0.15,44720,0.25,11600,0,46080
FINNIFTY02JAN2418800PE.NFO,02/01/2024,09:56:53,0.2,0.15,42120,0.25,8520,880,48280
FINNIFTY02JAN2418800PE.NFO,02/01/2024,09:57:04,0.2,0.15,43880,0.25,8520,280,48280
FINNIFTY02JAN2418800PE.NFO,02/01/2024,09:57:17,0.25,0.2,200,0.25,12040,80,48280
FINNIFTY02JAN2418800PE.NFO,02/01/2024,09:57:30,0.2,0.15,43720,0.25,11840,280,48280
FINNIFTY02JAN2418800PE.NFO,02/01/2024,09:57:54,0.15,0.15,43680,0.25,11800,80,48280
FINNIFTY02JAN2418800PE.NFO,02/01/2024,09:58:41,0.15,0.15,44880,0.25,8400,0,48280
FINNIFTY02JAN2418800PE.NFO,02/01/2024,09:58:51,0.15,0.15,43280,0.25,8400,0,48280
FINNIFTY02JAN2418800PE.NFO,02/01/2024,09:59:01,0.15,0.15,46760,0.25,11920,0,48280
FINNIFTY02JAN2418800PE.NFO,02/01/2024,09:59:13,0.15,0.15,45680,0.25,12000,0,48280
FINNIFTY02JAN2418800PE.NFO,02/01/2024,09:59:25,0.15,0.15,42080,0.25,8400,0,48280
FINNIFTY02JAN2418800PE.NFO,02/01/2024,09:59:58,0.15,0.15,41880,0.25,12000,200,47800
FINNIFTY02JAN2418800PE.NFO,02/01/2024,10:00:09,0.15,0.15,43280,0.25,8400,200,47800
FINNIFTY02JAN2418800PE.NFO,02/01/2024,10:00:22,0.15,0.15,45160,0.2,6440,200,47800
FINNIFTY02JAN2418800PE.NFO,02/01/2024,10:00:35,0.2,0.15,45160,0.2,6400,40,47800
FINNIFTY02JAN2418800PE.NFO,02/01/2024,10:01:18,0.2,0.15,45160,0.2,6400,0,47800
FINNIFTY02JAN2418800PE.NFO,02/01/2024,10:04:00,0.15,0.15,44960,0.2,6400,200,48040
FINNIFTY02JAN2418800PE.NFO,02/01/2024,10:04:51,0.15,0.15,36960,0.2,6400,8000,48040
FINNIFTY02JAN2418800PE.NFO,02/01/2024,10:05:02,0.15,0.15,36760,0.2,7880,200,48040
FINNIFTY02JAN2418800PE.NFO,02/01/2024,10:05:22,0.15,0.15,36560,0.2,7880,200,48040
FINNIFTY02JAN2418800PE.NFO,02/01/2024,10:05:43,0.15,0.15,4520,0.2,7880,0,48040
FINNIFTY02JAN2418800PE.NFO,02/01/2024,10:05:53,0.2,0.15,11720,0.2,6480,1400,48360
FINNIFTY02JAN2418800PE.NFO,02/01/2024,10:06:03,0.2,0.15,13160,0.2,6480,0,48360
FINNIFTY02JAN2418800PE.NFO,02/01/2024,10:16:33,0.2,0.15,14960,0.2,6480,0,48360
FINNIFTY02JAN2418800PE.NFO,02/01/2024,10:16:43,0.2,0.15,16760,0.2,6480,0,48360
FINNIFTY02JAN2418800PE.NFO,02/01/2024,10:22:11,0.2,0.15,12440,0.2,6480,0,48360
FINNIFTY02JAN2418800PE.NFO,02/01/2024,10:22:21,0.2,0.15,12440,0.2,13680,0,48360
FINNIFTY02JAN2418800PE.NFO,02/01/2024,10:23:41,0.2,0.15,12440,0.2,14480,0,48360
FINNIFTY02JAN2418800PE.NFO,02/01/2024,10:24:22,0.2,0.15,12440,0.2,13680,0,48360
FINNIFTY02JAN2418800PE.NFO,02/01/2024,10:25:57,0.2,0.15,12440,0.2,13000,680,48600
FINNIFTY02JAN2418800PE.NFO,02/01/2024,10:26:07,0.2,0.15,12440,0.2,12840,680,48600
FINNIFTY02JAN2418800PE.NFO,02/01/2024,10:26:19,0.2,0.15,12440,0.2,12840,0,48600
FINNIFTY02JAN2418800PE.NFO,02/01/2024,10:26:30,0.2,0.15,12440,0.2,12600,240,48600
FINNIFTY02JAN2418800PE.NFO,02/01/2024,10:26:42,0.2,0.15,12440,0.2,11000,1600,51120
FINNIFTY02JAN2418800PE.NFO,02/01/2024,10:26:53,0.2,0.15,12440,0.2,10720,280,51120
FINNIFTY02JAN2418800PE.NFO,02/01/2024,10:27:36,0.2,0.15,12440,0.2,10600,120,51120
FINNIFTY02JAN2418800PE.NFO,02/01/2024,10:28:08,0.2,0.15,12440,0.2,13760,120,51120
FINNIFTY02JAN2418800PE.NFO,02/01/2024,10:28:18,0.2,0.15,12440,0.2,20960,0,51120
FINNIFTY02JAN2418800PE.NFO,02/01/2024,10:28:39,0.15,0.15,12400,0.2,20960,40,51120
FINNIFTY02JAN2418800PE.NFO,02/01/2024,10:29:28,0.2,0.15,12400,0.2,20680,280,51120
FINNIFTY02JAN2418800PE.NFO,02/01/2024,10:30:22,0.2,0.15,12400,0.2,20560,120,52560
FINNIFTY02JAN2418800PE.NFO,02/01/2024,10:30:33,0.2,0.15,12400,0.2,20440,120,52560
FINNIFTY02JAN2418800PE.NFO,02/01/2024,10:31:55,0.2,0.15,12400,0.2,20320,120,52560
FINNIFTY02JAN2418800PE.NFO,02/01/2024,10:32:05,0.2,0.15,12400,0.2,19920,400,52560
FINNIFTY02JAN2418800PE.NFO,02/01/2024,10:36:37,0.15,0.15,12200,0.2,19920,200,53320
FINNIFTY02JAN2418800PE.NFO,02/01/2024,10:38:17,0.15,0.15,7040,0.2,19920,8000,53320
FINNIFTY02JAN2418800PE.NFO,02/01/2024,10:44:09,0.15,0.15,7520,0.2,22800,0,53320
FINNIFTY02JAN2418800PE.NFO,02/01/2024,10:51:57,0.15,0.15,9320,0.2,22800,0,53320
FINNIFTY02JAN2418800PE.NFO,02/01/2024,10:52:16,0.15,0.15,11120,0.2,22800,0,53320
FINNIFTY02JAN2418800PE.NFO,02/01/2024,10:52:45,0.15,0.15,7520,0.2,22800,0,53320
FINNIFTY02JAN2418800PE.NFO,02/01/2024,11:01:14,0.15,0.15,7440,0.2,22800,80,49280
FINNIFTY02JAN2418800PE.NFO,02/01/2024,11:02:11,0.15,0.15,2560,0.2,24600,4880,49280
FINNIFTY02JAN2418800PE.NFO,02/01/2024,11:04:41,0.15,0.15,840,0.2,23160,1720,44920
FINNIFTY02JAN2418800PE.NFO,02/01/2024,11:04:50,0.15,0.1,46480,0.15,2400,1280,44920
FINNIFTY02JAN2418800PE.NFO,02/01/2024,11:05:45,0.15,0.1,42880,0.15,2400,0,44920
FINNIFTY02JAN2418800PE.NFO,02/01/2024,11:06:14,0.15,0.1,43400,0.15,3240,160,41920
FINNIFTY02JAN2418800PE.NFO,02/01/2024,11:06:43,0.15,0.1,43400,0.15,3440,0,41920
FINNIFTY02JAN2418800PE.NFO,02/01/2024,11:09:58,0.15,0.1,41080,0.15,1000,0,41920
FINNIFTY02JAN2418800PE.NFO,02/01/2024,11:11:48,0.15,0.1,41080,0.15,18320,0,41920
FINNIFTY02JAN2418800PE.NFO,02/01/2024,11:12:06,0.15,0.1,41080,0.15,18120,200,41800
FINNIFTY02JAN2418800PE.NFO,02/01/2024,11:12:16,0.15,0.1,32080,0.15,18120,0,41800
FINNIFTY02JAN2418800PE.NFO,02/01/2024,11:13:11,0.15,0.1,32080,0.15,18200,200,41800
FINNIFTY02JAN2418800PE.NFO,02/01/2024,11:14:00,0.15,0.1,35080,0.15,18200,0,41800
FINNIFTY02JAN2418800PE.NFO,02/01/2024,11:14:10,0.15,0.1,35080,0.15,21280,0,41800
FINNIFTY02JAN2418800PE.NFO,02/01/2024,11:15:07,0.15,0.1,32080,0.15,18200,0,41800
FINNIFTY02JAN2418800PE.NFO,02/01/2024,11:15:47,0.15,0.1,35240,0.15,18000,200,41560
FINNIFTY02JAN2418800PE.NFO,02/01/2024,11:15:58,0.15,0.1,35240,0.15,22200,800,41560
FINNIFTY02JAN2418800PE.NFO,02/01/2024,11:16:08,0.15,0.1,35240,0.15,22000,200,41560
FINNIFTY02JAN2418800PE.NFO,02/01/2024,11:16:17,0.15,0.1,35240,0.15,20560,1440,41560
FINNIFTY02JAN2418800PE.NFO,02/01/2024,11:20:01,0.15,0.1,35240,0.15,20560,0,41560
FINNIFTY02JAN2418800PE.NFO,02/01/2024,11:20:28,0.15,0.1,35240,0.15,20320,240,41760
FINNIFTY02JAN2418800PE.NFO,02/01/2024,11:23:18,0.15,0.1,35240,0.15,19960,360,41760
FINNIFTY02JAN2418800PE.NFO,02/01/2024,11:24:13,0.15,0.1,35240,0.15,19920,40,41760
FINNIFTY02JAN2418800PE.NFO,02/01/2024,11:25:35,0.15,0.1,35240,0.15,18120,1800,41760
FINNIFTY02JAN2418800PE.NFO,02/01/2024,11:28:49,0.15,0.1,35240,0.15,18120,0,41760
FINNIFTY02JAN2418800PE.NFO,02/01/2024,11:29:16,0.15,0.1,35240,0.15,19560,0,41760
FINNIFTY02JAN2418800PE.NFO,02/01/2024,11:34:22,0.1,0.1,35040,0.15,19600,200,41760
FINNIFTY02JAN2418800PE.NFO,02/01/2024,11:34:22,0.1,0.1,35040,0.15,19600,0,41760
FINNIFTY02JAN2418800PE.NFO,02/01/2024,11:34:32,0.1,0.1,35320,0.15,19880,0,41760
FINNIFTY02JAN2418800PE.NFO,02/01/2024,11:36:21,0.1,0.1,35120,0.15,19880,200,41960
FINNIFTY02JAN2418800PE.NFO,02/01/2024,11:36:39,0.1,0.1,33920,0.15,19880,0,41960
FINNIFTY02JAN2418800PE.NFO,02/01/2024,11:37:17,0.1,0.1,28520,0.15,19880,0,41960
FINNIFTY02JAN2418800PE.NFO,02/01/2024,11:37:45,0.1,0.1,27080,0.15,20240,0,41960
FINNIFTY02JAN2418800PE.NFO,02/01/2024,11:38:14,0.1,0.1,27040,0.15,20240,0,41960
FINNIFTY02JAN2418800PE.NFO,02/01/2024,11:44:02,0.15,0.1,27040,0.15,20040,200,42160
FINNIFTY02JAN2418800PE.NFO,02/01/2024,11:46:03,0.1,0.1,26800,0.15,20040,240,41960
FINNIFTY02JAN2418800PE.NFO,02/01/2024,11:46:22,0.1,0.1,26600,0.15,20480,200,41960
FINNIFTY02JAN2418800PE.NFO,02/01/2024,11:46:40,0.1,0.1,26600,0.15,20480,0,41960
FINNIFTY02JAN2418800PE.NFO,02/01/2024,11:47:59,0.1,0.1,26400,0.15,20480,200,42400
FINNIFTY02JAN2418800PE.NFO,02/01/2024,11:48:34,0.1,0.1,19200,0.15,20680,0,42400
FINNIFTY02JAN2418800PE.NFO,02/01/2024,11:48:43,0.1,0.1,12640,0.15,20680,0,42400
FINNIFTY02JAN2418800PE.NFO,02/01/2024,11:49:53,0.1,0.1,10840,0.15,20680,0,42400
FINNIFTY02JAN2418800PE.NFO,02/01/2024,11:50:02,0.1,0.1,10480,0.15,20320,360,42400
FINNIFTY02JAN2418800PE.NFO,02/01/2024,11:50:11,0.1,0.1,9840,0.15,19680,640,42400
FINNIFTY02JAN2418800PE.NFO,02/01/2024,11:50:20,0.1,0.1,4440,0.15,19680,1000,42400
FINNIFTY02JAN2418800PE.NFO,02/01/2024,11:50:38,0.15,0.1,4440,0.15,19520,160,42400
FINNIFTY02JAN2418800PE.NFO,02/01/2024,11:50:47,0.15,0.1,4440,0.15,19440,80,42400
FINNIFTY02JAN2418800PE.NFO,02/01/2024,11:50:56,0.15,0.1,4440,0.15,19360,80,41840
FINNIFTY02JAN2418800PE.NFO,02/01/2024,11:51:14,0.15,0.1,4440,0.15,19280,80,41840
FINNIFTY02JAN2418800PE.NFO,02/01/2024,11:51:31,0.15,0.1,4440,0.15,19160,120,41840
FINNIFTY02JAN2418800PE.NFO,02/01/2024,11:51:41,0.15,0.1,4440,0.15,19120,40,41840
FINNIFTY02JAN2418800PE.NFO,02/01/2024,11:51:50,0.15,0.1,4440,0.15,19000,120,41840
FINNIFTY02JAN2418800PE.NFO,02/01/2024,11:51:59,0.15,0.1,4440,0.15,18840,160,41840
FINNIFTY02JAN2418800PE.NFO,02/01/2024,11:52:08,0.15,0.1,4440,0.15,18800,40,41840
FINNIFTY02JAN2418800PE.NFO,02/01/2024,11:56:00,0.1,0.1,4240,0.15,18800,200,41840
FINNIFTY02JAN2418800PE.NFO,02/01/2024,11:57:08,0.1,0.1,4240,0.15,18800,0,41840
FINNIFTY02JAN2418800PE.NFO,02/01/2024,12:02:17,0.1,0.1,4040,0.15,18800,200,41840
FINNIFTY02JAN2418800PE.NFO,02/01/2024,12:03:01,0.1,0.1,4040,0.15,18800,0,41840
FINNIFTY02JAN2418800PE.NFO,02/01/2024,12:06:09,0.1,0.1,6600,0.15,18800,0,41840
FINNIFTY02JAN2418800PE.NFO,02/01/2024,12:06:27,0.1,0.1,4040,0.15,18800,0,41840
FINNIFTY02JAN2418800PE.NFO,02/01/2024,12:06:52,0.15,0.1,4040,0.15,17000,1800,41920
FINNIFTY02JAN2418800PE.NFO,02/01/2024,12:10:20,0.15,0.1,4040,0.15,17000,0,41920
FINNIFTY02JAN2418800PE.NFO,02/01/2024,12:22:28,0.15,0.1,4040,0.15,16800,200,41920
FINNIFTY02JAN2418800PE.NFO,02/01/2024,12:23:22,0.15,0.1,4040,0.15,16800,0,41920
FINNIFTY02JAN2418800PE.NFO,02/01/2024,12:27:49,0.15,0.1,4040,0.15,16840,0,41920
FINNIFTY02JAN2418800PE.NFO,02/01/2024,12:39:40,0.1,0.1,3600,0.15,16840,440,41720
FINNIFTY02JAN2418800PE.NFO,02/01/2024,12:40:22,0.1,0.1,3600,0.15,16880,0,41720
FINNIFTY02JAN2418800PE.NFO,02/01/2024,12:40:31,0.1,0.1,3480,0.15,16880,120,41720
FINNIFTY02JAN2418800PE.NFO,02/01/2024,12:41:51,0.1,0.1,3480,0.15,16880,0,41720
FINNIFTY02JAN2418800PE.NFO,02/01/2024,12:46:39,0.1,0.1,3440,0.15,16880,40,41720
FINNIFTY02JAN2418800PE.NFO,02/01/2024,12:49:11,0.1,0.1,2560,0.15,15440,1440,41720
FINNIFTY02JAN2418800PE.NFO,02/01/2024,12:49:20,0.1,0.05,17800,0.1,3080,3360,41720
FINNIFTY02JAN2418800PE.NFO,02/01/2024,12:49:29,0.1,0.05,17800,0.1,10560,200,41720
FINNIFTY02JAN2418800PE.NFO,02/01/2024,12:50:03,0.1,0.05,17800,0.1,10560,0,41720
FINNIFTY02JAN2418800PE.NFO,02/01/2024,12:51:34,0.1,0.05,17760,0.1,10560,0,41720
FINNIFTY02JAN2418800PE.NFO,02/01/2024,12:52:09,0.1,0.05,17760,0.1,10440,120,41120
FINNIFTY02JAN2418800PE.NFO,02/01/2024,12:52:18,0.1,0.05,17760,0.1,10360,80,41120
FINNIFTY02JAN2418800PE.NFO,02/01/2024,12:52:27,0.1,0.05,17760,0.1,10080,280,41120
FINNIFTY02JAN2418800PE.NFO,02/01/2024,12:52:35,0.1,0.05,17760,0.1,9680,400,41120
FINNIFTY02JAN2418800PE.NFO,02/01/2024,12:53:10,0.1,0.05,17760,0.1,9520,160,41120
FINNIFTY02JAN2418800PE.NFO,02/01/2024,12:53:18,0.1,0.05,17760,0.1,9280,240,41120
FINNIFTY02JAN2418800PE.NFO,02/01/2024,12:53:27,0.1,0.05,17760,0.1,9160,120,41120
FINNIFTY02JAN2418800PE.NFO,02/01/2024,12:53:35,0.1,0.05,17920,0.1,8960,200,41120
FINNIFTY02JAN2418800PE.NFO,02/01/2024,12:55:44,0.1,0.05,17920,0.1,8920,40,41120
FINNIFTY02JAN2418800PE.NFO,02/01/2024,12:56:01,0.1,0.05,17920,0.1,8800,120,41120
FINNIFTY02JAN2418800PE.NFO,02/01/2024,12:56:10,0.1,0.05,17920,0.1,8560,240,41120
FINNIFTY02JAN2418800PE.NFO,02/01/2024,12:56:19,0.1,0.05,17920,0.1,8320,240,41120
FINNIFTY02JAN2418800PE.NFO,02/01/2024,12:57:53,0.1,0.05,17920,0.1,8080,240,41120
FINNIFTY02JAN2418800PE.NFO,02/01/2024,12:58:02,0.1,0.05,17920,0.1,7840,240,41120
FINNIFTY02JAN2418800PE.NFO,02/01/2024,12:58:11,0.1,0.05,17920,0.1,7600,240,41120
FINNIFTY02JAN2418800PE.NFO,02/01/2024,12:58:20,0.1,0.05,17920,0.1,7560,40,41120
FINNIFTY02JAN2418800PE.NFO,02/01/2024,12:58:39,0.1,0.05,17920,0.1,7400,160,41120
FINNIFTY02JAN2418800PE.NFO,02/01/2024,12:58:48,0.1,0.05,17920,0.1,7240,160,41120
FINNIFTY02JAN2418800PE.NFO,02/01/2024,12:58:57,0.1,0.05,17920,0.1,7120,120,41120
FINNIFTY02JAN2418800PE.NFO,02/01/2024,12:59:06,0.1,0.05,17920,0.1,7000,120,41120
FINNIFTY02JAN2418800PE.NFO,02/01/2024,12:59:41,0.1,0.05,17920,0.1,6920,80,41120
FINNIFTY02JAN2418800PE.NFO,02/01/2024,12:59:50,0.1,0.05,17920,0.1,6720,200,41120
FINNIFTY02JAN2418800PE.NFO,02/01/2024,12:59:58,0.1,0.05,17920,0.1,6600,120,41120
FINNIFTY02JAN2418800PE.NFO,02/01/2024,13:01:24,0.1,0.05,17920,0.1,6520,80,41120
FINNIFTY02JAN2418800PE.NFO,02/01/2024,13:02:00,0.1,0.05,17920,0.1,6520,0,41120
FINNIFTY02JAN2418800PE.NFO,02/01/2024,13:03:24,0.1,0.05,17920,0.1,6480,40,41120
FINNIFTY02JAN2418800PE.NFO,02/01/2024,13:03:33,0.1,0.05,17920,0.1,6320,160,41120
FINNIFTY02JAN2418800PE.NFO,02/01/2024,13:03:42,0.1,0.05,17920,0.1,6160,160,41120
FINNIFTY02JAN2418800PE.NFO,02/01/2024,13:03:53,0.1,0.05,17920,0.1,6040,120,41120
FINNIFTY02JAN2418800PE.NFO,02/01/2024,13:04:04,0.1,0.05,17920,0.1,6000,40,41120
FINNIFTY02JAN2418800PE.NFO,02/01/2024,13:04:15,0.1,0.05,17920,0.1,7640,0,41120
FINNIFTY02JAN2418800PE.NFO,02/01/2024,13:04:35,0.1,0.05,17920,0.1,7720,200,41120
FINNIFTY02JAN2418800PE.NFO,02/01/2024,13:04:45,0.1,0.05,17920,0.1,7080,640,41120
FINNIFTY02JAN2418800PE.NFO,02/01/2024,13:04:55,0.1,0.05,17920,0.1,6920,160,41120
FINNIFTY02JAN2418800PE.NFO,02/01/2024,13:05:31,0.1,0.05,17920,0.1,6720,200,41120
FINNIFTY02JAN2418800PE.NFO,02/01/2024,13:13:40,0.05,0.05,17920,0.1,6720,40,40960
FINNIFTY02JAN2418800PE.NFO,02/01/2024,13:13:40,0.05,0.05,17920,0.1,6720,0,40960
FINNIFTY02JAN2418800PE.NFO,02/01/2024,13:13:58,0.05,0.05,17920,0.1,6720,0,40960
FINNIFTY02JAN2418800PE.NFO,02/01/2024,13:15:59,0.1,0.05,17920,0.1,6680,40,40960
FINNIFTY02JAN2418800PE.NFO,02/01/2024,13:16:07,0.1,0.05,17920,0.1,6400,280,40960
FINNIFTY02JAN2418800PE.NFO,02/01/2024,13:16:16,0.1,0.05,17920,0.1,6320,80,40960
FINNIFTY02JAN2418800PE.NFO,02/01/2024,13:19:57,0.1,0.05,17920,0.1,6240,80,40960
FINNIFTY02JAN2418800PE.NFO,02/01/2024,13:20:56,0.1,0.05,17920,0.1,6080,160,40960
FINNIFTY02JAN2418800PE.NFO,02/01/2024,13:21:05,0.1,0.05,17920,0.1,5840,240,40960
FINNIFTY02JAN2418800PE.NFO,02/01/2024,13:23:40,0.1,0.05,17880,0.1,5840,0,40960
FINNIFTY02JAN2418800PE.NFO,02/01/2024,13:28:16,0.1,0.05,17880,0.1,7640,0,40960
FINNIFTY02JAN2418800PE.NFO,02/01/2024,13:33:50,0.1,0.05,17840,0.1,7640,0,40960
FINNIFTY02JAN2418800PE.NFO,02/01/2024,13:37:19,0.1,0.05,17880,0.1,7640,0,40960
FINNIFTY02JAN2418800PE.NFO,02/01/2024,13:39:57,0.1,0.05,16080,0.1,7640,0,40960
FINNIFTY02JAN2418800PE.NFO,02/01/2024,13:48:00,0.1,0.05,14120,0.1,6000,0,40960
FINNIFTY02JAN2418800PE.NFO,02/01/2024,13:48:26,0.1,0.05,14080,0.1,6000,0,40960
FINNIFTY02JAN2418800PE.NFO,02/01/2024,13:48:35,0.1,0.05,16000,0.1,5800,200,40960
FINNIFTY02JAN2418800PE.NFO,02/01/2024,13:49:33,0.1,0.05,14200,0.1,5800,0,40960
FINNIFTY02JAN2418800PE.NFO,02/01/2024,13:51:45,0.1,0.05,14240,0.1,5800,0,40960
FINNIFTY02JAN2418800PE.NFO,02/01/2024,13:52:22,0.1,0.05,16040,0.1,7360,200,40760
FINNIFTY02JAN2418800PE.NFO,02/01/2024,13:52:31,0.1,0.05,16000,0.1,5200,400,40760
FINNIFTY02JAN2418800PE.NFO,02/01/2024,13:52:41,0.1,0.05,14240,0.1,5200,0,40760
FINNIFTY02JAN2418800PE.NFO,02/01/2024,13:53:08,0.05,0.05,13840,0.1,6920,400,40760
FINNIFTY02JAN2418800PE.NFO,02/01/2024,13:53:18,0.05,0.05,13920,0.1,6720,1800,40760
FINNIFTY02JAN2418800PE.NFO,02/01/2024,13:53:28,0.05,0.05,10320,0.1,8120,3600,40760
FINNIFTY02JAN2418800PE.NFO,02/01/2024,13:53:37,0.05,0.05,6720,0.1,8120,3600,40760
FINNIFTY02JAN2418800PE.NFO,02/01/2024,13:53:47,0.05,0.05,3520,0.1,8120,3200,40760
FINNIFTY02JAN2418800PE.NFO,02/01/2024,13:53:56,0.05,0.05,3480,0.1,8120,40,40760
FINNIFTY02JAN2418800PE.NFO,02/01/2024,13:54:06,0.05,0.05,4280,0.1,8120,0,40760
FINNIFTY02JAN2418800PE.NFO,02/01/2024,13:54:16,0.1,0.05,3480,0.1,7960,160,40400
FINNIFTY02JAN2418800PE.NFO,02/01/2024,13:54:25,0.1,0.05,3480,0.1,3960,2560,40400
FINNIFTY02JAN2418800PE.NFO,02/01/2024,13:54:34,0.1,0.05,3480,0.1,8280,1680,40400
FINNIFTY02JAN2418800PE.NFO,02/01/2024,13:54:44,0.1,0.05,3480,0.1,12960,800,40400
FINNIFTY02JAN2418800PE.NFO,02/01/2024,13:54:53,0.1,0.05,3480,0.1,12880,0,40400
FINNIFTY02JAN2418800PE.NFO,02/01/2024,13:55:02,0.1,0.05,3480,0.1,12960,0,40400
FINNIFTY02JAN2418800PE.NFO,02/01/2024,13:55:12,0.1,0.05,3480,0.1,12880,0,40400
FINNIFTY02JAN2418800PE.NFO,02/01/2024,13:55:56,0.1,0.05,3480,0.1,12960,0,40400
FINNIFTY02JAN2418800PE.NFO,02/01/2024,13:56:21,0.1,0.05,3480,0.1,12880,0,40400
FINNIFTY02JAN2418800PE.NFO,02/01/2024,13:56:47,0.1,0.05,3480,0.1,12960,0,40400
FINNIFTY02JAN2418800PE.NFO,02/01/2024,13:57:48,0.1,0.05,3480,0.1,12880,0,40400
FINNIFTY02JAN2418800PE.NFO,02/01/2024,13:58:13,0.1,0.05,3480,0.1,12960,0,40400
FINNIFTY02JAN2418800PE.NFO,02/01/2024,13:58:47,0.05,0.05,320,0.1,9480,3600,40680
FINNIFTY02JAN2418800PE.NFO,02/01/2024,13:58:55,0.05,0.05,760,0.1,7680,2200,40680
FINNIFTY02JAN2418800PE.NFO,02/01/2024,13:59:04,0.05,0.05,680,0.1,7680,1200,40680
FINNIFTY02JAN2418800PE.NFO,02/01/2024,13:59:13,0.05,0,0,0.1,7680,1600,40680
FINNIFTY02JAN2418800PE.NFO,02/01/2024,13:59:22,0.05,0,0,0.1,7680,400,40680
FINNIFTY02JAN2418800PE.NFO,02/01/2024,13:59:39,0.1,0,0,0.1,6680,1000,40680
FINNIFTY02JAN2418800PE.NFO,02/01/2024,14:02:58,0.1,0.05,1160,0.1,7480,0,40680
FINNIFTY02JAN2418800PE.NFO,02/01/2024,14:03:07,0.1,0.05,920,0.1,7480,0,40680
FINNIFTY02JAN2418800PE.NFO,02/01/2024,14:03:25,0.1,0.05,920,0.1,7520,160,40400
FINNIFTY02JAN2418800PE.NFO,02/01/2024,14:03:34,0.1,0.05,920,0.1,7120,400,40400
FINNIFTY02JAN2418800PE.NFO,02/01/2024,14:03:52,0.1,0.05,920,0.1,6320,800,40400
FINNIFTY02JAN2418800PE.NFO,02/01/2024,14:04:01,0.05,0.05,880,0.1,6520,40,40400
FINNIFTY02JAN2418800PE.NFO,02/01/2024,14:04:10,0.05,0,0,0.1,6520,400,40400
FINNIFTY02JAN2418800PE.NFO,02/01/2024,14:04:20,0.05,0,0,0.1,6600,760,40400
FINNIFTY02JAN2418800PE.NFO,02/01/2024,14:04:49,0.1,0,0,0.1,4800,1800,40400
FINNIFTY02JAN2418800PE.NFO,02/01/2024,14:10:00,0.1,0,0,0.1,5000,0,40400
FINNIFTY02JAN2418800PE.NFO,02/01/2024,14:10:12,0.1,0,0,0.1,6200,0,40400
FINNIFTY02JAN2418800PE.NFO,02/01/2024,14:10:24,0.1,0,0,0.1,6320,0,40400
FINNIFTY02JAN2418800PE.NFO,02/01/2024,14:10:34,0.1,0,0,0.1,6440,0,40400
FINNIFTY02JAN2418800PE.NFO,02/01/2024,14:12:56,0.05,0,0,0.1,6200,280,40360
FINNIFTY02JAN2418800PE.NFO,02/01/2024,14:14:50,0.05,0,0,0.1,6120,0,40360
FINNIFTY02JAN2418800PE.NFO,02/01/2024,14:15:08,0.1,0,0,0.1,4400,1800,40360
FINNIFTY02JAN2418800PE.NFO,02/01/2024,14:16:43,0.1,0,0,0.1,7200,0,40360
FINNIFTY02JAN2418800PE.NFO,02/01/2024,14:17:37,0.1,0,0,0.1,4400,0,40360
FINNIFTY02JAN2418800PE.NFO,02/01/2024,14:18:45,0.1,0,0,0.1,6200,0,40360
FINNIFTY02JAN2418800PE.NFO,02/01/2024,14:19:27,0.1,0,0,0.1,4400,0,40360
FINNIFTY02JAN2418800PE.NFO,02/01/2024,14:20:16,0.05,0.05,160,0.1,4400,320,40360
FINNIFTY02JAN2418800PE.NFO,02/01/2024,14:20:45,0.05,0,0,0.05,1920,160,40360
FINNIFTY02JAN2418800PE.NFO,02/01/2024,14:21:40,0.05,0,0,0.05,4240,0,40360
FINNIFTY02JAN2418800PE.NFO,02/01/2024,14:25:46,0.05,0,0,0.05,4040,200,40240
FINNIFTY02JAN2418800PE.NFO,02/01/2024,14:30:15,0.05,0,0,0.05,3080,960,40240
FINNIFTY02JAN2418800PE.NFO,02/01/2024,14:30:35,0.05,0,0,0.05,2720,360,40240
FINNIFTY02JAN2418800PE.NFO,02/01/2024,14:31:04,0.05,0,0,0.05,2440,280,40240
FINNIFTY02JAN2418800PE.NFO,02/01/2024,14:31:13,0.05,0,0,0.05,2360,240,40240
FINNIFTY02JAN2418800PE.NFO,02/01/2024,14:31:31,0.05,0,0,0.05,1600,760,40240
FINNIFTY02JAN2418800PE.NFO,02/01/2024,14:31:49,0.05,0,0,0.05,1320,280,40240
FINNIFTY02JAN2418800PE.NFO,02/01/2024,14:31:58,0.05,0,0,0.05,1080,240,40240
FINNIFTY02JAN2418800PE.NFO,02/01/2024,14:32:35,0.05,0,0,0.05,800,280,40240
FINNIFTY02JAN2418800PE.NFO,02/01/2024,14:34:34,0.05,0,0,0.05,360,440,40240
FINNIFTY02JAN2418800PE.NFO,02/01/2024,14:37:46,0.05,0,0,0.1,2000,360,40240
FINNIFTY02JAN2418800PE.NFO,02/01/2024,14:37:56,0.1,0.05,400,0.1,1120,880,40240
FINNIFTY02JAN2418800PE.NFO,02/01/2024,14:38:08,0.05,0.05,520,0.1,800,680,40240
FINNIFTY02JAN2418800PE.NFO,02/01/2024,14:38:20,0.1,0.05,400,0.1,280,520,40240
FINNIFTY02JAN2418800PE.NFO,02/01/2024,14:38:33,0.05,0,0,0.05,5240,920,40240
FINNIFTY02JAN2418800PE.NFO,02/01/2024,14:38:45,0.05,0,0,0.1,520,1040,40240
FINNIFTY02JAN2418800PE.NFO,02/01/2024,14:38:55,0.05,0.05,40,0.1,920,0,40240
FINNIFTY02JAN2418800PE.NFO,02/01/2024,14:39:05,0.05,0.05,1960,0.1,840,0,40240
FINNIFTY02JAN2418800PE.NFO,02/01/2024,14:39:15,0.05,0.05,1960,0.1,920,0,40240
FINNIFTY02JAN2418800PE.NFO,02/01/2024,14:39:34,0.05,0.05,1960,0.1,840,0,40240
FINNIFTY02JAN2418800PE.NFO,02/01/2024,14:39:44,0.05,0.05,1960,0.1,920,0,40240
FINNIFTY02JAN2418800PE.NFO,02/01/2024,14:39:55,0.05,0.05,1960,0.1,840,0,40240
FINNIFTY02JAN2418800PE.NFO,02/01/2024,14:40:05,0.05,0.05,1960,0.1,7560,0,40240
FINNIFTY02JAN2418800PE.NFO,02/01/2024,14:40:58,0.05,0.05,2240,0.1,6880,0,40240
FINNIFTY02JAN2418800PE.NFO,02/01/2024,14:41:19,0.05,0.05,1960,0.1,7360,0,40240
FINNIFTY02JAN2418800PE.NFO,02/01/2024,14:41:29,0.05,0.05,1960,0.1,6880,0,40240
FINNIFTY02JAN2418800PE.NFO,02/01/2024,14:42:17,0.05,0.05,40,0.1,7280,0,40240
FINNIFTY02JAN2418800PE.NFO,02/01/2024,14:46:06,0.1,0.05,40,0.1,7160,120,40200
FINNIFTY02JAN2418800PE.NFO,02/01/2024,14:46:34,0.1,0.05,40,0.1,7160,0,40200
FINNIFTY02JAN2418800PE.NFO,02/01/2024,14:47:41,0.05,0.05,40,0.1,7160,40,40200
FINNIFTY02JAN2418800PE.NFO,02/01/2024,14:49:22,0.05,0,0,0.1,7160,0,40200
FINNIFTY02JAN2418800PE.NFO,02/01/2024,14:50:19,0.05,0.05,40,0.1,7640,0,40200
FINNIFTY02JAN2418800PE.NFO,02/01/2024,14:51:06,0.05,0.05,40,0.1,7160,0,40200
FINNIFTY02JAN2418800PE.NFO,02/01/2024,14:53:38,0.05,0.05,40,0.1,7040,0,40200
FINNIFTY02JAN2418800PE.NFO,02/01/2024,14:55:17,0.05,0.05,40,0.1,7040,40,40160
FINNIFTY02JAN2418800PE.NFO,02/01/2024,14:55:27,0.05,0.05,280,0.1,7040,0,40160
FINNIFTY02JAN2418800PE.NFO,02/01/2024,14:56:05,0.05,0.05,280,0.1,7000,0,40160
FINNIFTY02JAN2418800PE.NFO,02/01/2024,14:56:24,0.05,0.05,280,0.1,7120,0,40160
FINNIFTY02JAN2418800PE.NFO,02/01/2024,14:56:33,0.05,0.05,280,0.1,7680,0,40160
FINNIFTY02JAN2418800PE.NFO,02/01/2024,14:57:42,0.05,0.05,280,0.1,7800,0,40160
FINNIFTY02JAN2418800PE.NFO,02/01/2024,14:59:35,0.05,0,0,0.05,560,280,40120
FINNIFTY02JAN2418800PE.NFO,02/01/2024,15:02:44,0.05,0,0,0.05,600,0,40120
FINNIFTY02JAN2418800PE.NFO,02/01/2024,15:03:13,0.05,0,0,0.05,480,120,39840
FINNIFTY02JAN2418800PE.NFO,02/01/2024,15:04:20,0.05,0,0,0.05,480,0,39840
FINNIFTY02JAN2418800PE.NFO,02/01/2024,15:10:23,0.05,0,0,0.05,240,240,39840
FINNIFTY02JAN2418800PE.NFO,02/01/2024,15:10:46,0.05,0,0,0.05,280,0,39840
FINNIFTY02JAN2418800PE.NFO,02/01/2024,15:10:57,0.05,0,0,0.05,40,240,39840
FINNIFTY02JAN2418800PE.NFO,02/01/2024,15:11:19,0.05,0,0,0.05,40,0,39840
FINNIFTY02JAN2418800PE.NFO,02/01/2024,15:14:43,0.05,0,0,0.05,160,0,39840
FINNIFTY02JAN2418800PE.NFO,02/01/2024,15:17:05,0.05,0,0,0.05,240,0,39840
FINNIFTY02JAN2418800PE.NFO,02/01/2024,15:21:04,0.05,0,0,0.05,280,0,39840
FINNIFTY02JAN2418800PE.NFO,02/01/2024,15:22:10,0.05,0,0,0.05,440,0,39840
FINNIFTY02JAN2418800PE.NFO,02/01/2024,15:22:29,0.05,0,0,0.05,480,0,39840
FINNIFTY02JAN2418800PE.NFO,02/01/2024,15:23:08,0.05,0,0,0.05,440,0,39840
FINNIFTY02JAN2418800PE.NFO,02/01/2024,15:25:14,0.05,0,0,0.05,480,0,39840
FINNIFTY02JAN2418800PE.NFO,02/01/2024,15:29:59,0.05,0,0,0.05,440,0,39840
