Ticker,Date,Time,LTP,BuyPrice,BuyQty,SellPrice,SellQty,LTQ,OpenInterest
FINNIFTY02JAN2421150PE.NFO,02/01/2024,09:15:00,2.15,1.5,360,2.2,320,5280,1164160
FINNIFTY02JAN2421150PE.NFO,02/01/2024,09:15:00,2.15,1.5,360,2.2,320,0,1164160
FINNIFTY02JAN2421150PE.NFO,02/01/2024,09:15:00,3.4,1.5,360,2.2,320,0,1164160
FINNIFTY02JAN2421150PE.NFO,02/01/2024,09:15:00,1.5,1.5,360,2.2,320,0,1164160
FINNIFTY02JAN2421150PE.NFO,02/01/2024,09:15:01,1.7,1.6,560,1.8,120,13760,1164160
FINNIFTY02JAN2421150PE.NFO,02/01/2024,09:15:01,1.05,1.6,560,1.8,120,0,1164160
FINNIFTY02JAN2421150PE.NFO,02/01/2024,09:15:02,2.05,1.7,1640,2,280,14800,1164160
FINNIFTY02JAN2421150PE.NFO,02/01/2024,09:15:03,1.95,1.8,720,1.95,800,14120,1164160
FINNIFTY02JAN2421150PE.NFO,02/01/2024,09:15:04,1.95,1.95,720,2.05,80,15160,1164160
FINNIFTY02JAN2421150PE.NFO,02/01/2024,09:15:05,2.2,2,280,2.1,120,33880,1164160
FINNIFTY02JAN2421150PE.NFO,02/01/2024,09:15:05,1.75,1.9,520,2,640,3480,1164160
FINNIFTY02JAN2421150PE.NFO,02/01/2024,09:15:06,1.7,1.55,920,1.65,240,21880,1164160
FINNIFTY02JAN2421150PE.NFO,02/01/2024,09:15:07,1.25,1.25,1360,1.3,240,26520,1164160
FINNIFTY02JAN2421150PE.NFO,02/01/2024,09:15:08,1.2,1.2,7280,1.25,5760,25840,1164160
FINNIFTY02JAN2421150PE.NFO,02/01/2024,09:15:09,1.25,1.25,6760,1.3,4760,72240,1164160
FINNIFTY02JAN2421150PE.NFO,02/01/2024,09:15:09,0.75,1.25,6760,1.3,4760,0,1164160
FINNIFTY02JAN2421150PE.NFO,02/01/2024,09:15:10,1.5,1.45,7720,1.5,1160,28600,1164160
FINNIFTY02JAN2421150PE.NFO,02/01/2024,09:15:12,1.5,1.5,3960,1.55,8120,62760,1164160
FINNIFTY02JAN2421150PE.NFO,02/01/2024,09:15:13,1.55,1.55,80,1.6,7240,60600,1164160
FINNIFTY02JAN2421150PE.NFO,02/01/2024,09:15:14,1.4,1.4,6240,1.45,5200,19600,1164160
FINNIFTY02JAN2421150PE.NFO,02/01/2024,09:15:15,1.4,1.4,3560,1.45,5200,35680,1164160
FINNIFTY02JAN2421150PE.NFO,02/01/2024,09:15:15,1.45,1.45,5440,1.5,1440,6920,1164160
FINNIFTY02JAN2421150PE.NFO,02/01/2024,09:15:16,1.5,1.5,4560,1.55,5240,43520,1164160
FINNIFTY02JAN2421150PE.NFO,02/01/2024,09:15:17,1.7,1.7,3720,1.75,6640,63520,1164160
FINNIFTY02JAN2421150PE.NFO,02/01/2024,09:15:18,1.5,1.5,2880,1.55,8320,31960,1164160
FINNIFTY02JAN2421150PE.NFO,02/01/2024,09:15:20,1.4,1.4,10360,1.45,6960,50440,1164160
FINNIFTY02JAN2421150PE.NFO,02/01/2024,09:15:21,1.3,1.3,9880,1.35,2400,44280,1164160
FINNIFTY02JAN2421150PE.NFO,02/01/2024,09:15:22,1.3,1.3,7160,1.35,8200,39080,1164160
FINNIFTY02JAN2421150PE.NFO,02/01/2024,09:15:22,1.3,1.3,2720,1.35,8960,18120,1164160
FINNIFTY02JAN2421150PE.NFO,02/01/2024,09:15:23,1.5,1.45,6240,1.5,5040,67720,1164160
FINNIFTY02JAN2421150PE.NFO,02/01/2024,09:15:24,1.4,1.4,4920,1.45,9200,39000,1164160
FINNIFTY02JAN2421150PE.NFO,02/01/2024,09:15:26,1.4,1.4,11680,1.45,1440,42960,1164160
FINNIFTY02JAN2421150PE.NFO,02/01/2024,09:15:27,1.45,1.4,16040,1.45,8760,25720,1164160
FINNIFTY02JAN2421150PE.NFO,02/01/2024,09:15:28,1.4,1.4,8800,1.45,11440,17680,1164160
FINNIFTY02JAN2421150PE.NFO,02/01/2024,09:15:29,1.45,1.45,6640,1.5,17680,28520,1164160
FINNIFTY02JAN2421150PE.NFO,02/01/2024,09:15:29,1.45,1.4,13680,1.45,3680,10080,1164160
FINNIFTY02JAN2421150PE.NFO,02/01/2024,09:15:30,1.5,1.45,11480,1.5,16960,36480,1164160
FINNIFTY02JAN2421150PE.NFO,02/01/2024,09:15:32,1.5,1.45,12920,1.55,12400,52840,1164160
FINNIFTY02JAN2421150PE.NFO,02/01/2024,09:15:33,1.5,1.45,12040,1.5,7600,28360,1164160
FINNIFTY02JAN2421150PE.NFO,02/01/2024,09:15:34,1.55,1.5,16880,1.55,11400,32080,1164160
FINNIFTY02JAN2421150PE.NFO,02/01/2024,09:15:35,1.5,1.5,7640,1.55,15640,12760,1164160
FINNIFTY02JAN2421150PE.NFO,02/01/2024,09:15:36,1.5,1.45,18280,1.5,14640,23400,1164160
FINNIFTY02JAN2421150PE.NFO,02/01/2024,09:15:36,1.45,1.45,18280,1.5,18600,4120,1164160
FINNIFTY02JAN2421150PE.NFO,02/01/2024,09:15:37,1.45,1.45,17600,1.5,24840,12040,1164160
FINNIFTY02JAN2421150PE.NFO,02/01/2024,09:15:39,1.45,1.45,14560,1.5,18680,20040,1164160
FINNIFTY02JAN2421150PE.NFO,02/01/2024,09:15:40,1.45,1.45,13720,1.5,12240,32600,1164160
FINNIFTY02JAN2421150PE.NFO,02/01/2024,09:15:41,1.4,1.4,10360,1.45,9800,32840,1164160
FINNIFTY02JAN2421150PE.NFO,02/01/2024,09:15:42,1.45,1.45,9800,1.5,16880,24440,1164160
FINNIFTY02JAN2421150PE.NFO,02/01/2024,09:15:43,1.45,1.45,7800,1.5,12200,47800,1164160
FINNIFTY02JAN2421150PE.NFO,02/01/2024,09:15:43,1.4,1.4,10360,1.45,6600,8480,1164160
FINNIFTY02JAN2421150PE.NFO,02/01/2024,09:15:44,1.5,1.45,16080,1.5,200,48440,1164160
FINNIFTY02JAN2421150PE.NFO,02/01/2024,09:15:46,1.5,1.45,11760,1.5,1280,56280,1164160
FINNIFTY02JAN2421150PE.NFO,02/01/2024,09:15:47,1.45,1.45,2720,1.5,12840,33400,1164160
FINNIFTY02JAN2421150PE.NFO,02/01/2024,09:15:48,1.4,1.4,11160,1.45,13680,26880,1164160
FINNIFTY02JAN2421150PE.NFO,02/01/2024,09:15:49,1.4,1.4,9960,1.45,12560,30880,1164160
FINNIFTY02JAN2421150PE.NFO,02/01/2024,09:15:50,1.45,1.4,21840,1.45,17360,41560,1164160
FINNIFTY02JAN2421150PE.NFO,02/01/2024,09:15:50,1.4,1.4,20280,1.45,18560,12520,1164160
FINNIFTY02JAN2421150PE.NFO,02/01/2024,09:15:51,1.4,1.4,19640,1.45,22760,26920,1164160
FINNIFTY02JAN2421150PE.NFO,02/01/2024,09:15:53,1.45,1.4,29320,1.45,21760,23640,1164160
FINNIFTY02JAN2421150PE.NFO,02/01/2024,09:15:54,1.4,1.35,19280,1.4,24760,52200,1164160
FINNIFTY02JAN2421150PE.NFO,02/01/2024,09:15:55,1.4,1.35,28360,1.4,26640,16240,1164160
FINNIFTY02JAN2421150PE.NFO,02/01/2024,09:15:56,1.4,1.35,16840,1.4,23360,72040,1164160
FINNIFTY02JAN2421150PE.NFO,02/01/2024,09:15:57,1.35,1.35,23640,1.4,27520,22640,1164160
FINNIFTY02JAN2421150PE.NFO,02/01/2024,09:15:57,1.4,1.35,19080,1.4,23640,3960,1164160
FINNIFTY02JAN2421150PE.NFO,02/01/2024,09:15:58,1.4,1.35,12880,1.4,40080,17240,1164160
FINNIFTY02JAN2421150PE.NFO,02/01/2024,09:16:00,1.3,1.25,23920,1.3,18680,33640,1164160
FINNIFTY02JAN2421150PE.NFO,02/01/2024,09:16:01,1.1,1.1,26240,1.15,22440,42720,1164160
FINNIFTY02JAN2421150PE.NFO,02/01/2024,09:16:02,1.1,1.05,32920,1.1,26600,15160,1164160
FINNIFTY02JAN2421150PE.NFO,02/01/2024,09:16:03,1.1,1.1,23240,1.15,21480,21480,1164160
FINNIFTY02JAN2421150PE.NFO,02/01/2024,09:16:04,1.1,1.1,31480,1.15,31000,31840,1164160
FINNIFTY02JAN2421150PE.NFO,02/01/2024,09:16:04,1.1,1.1,21760,1.15,20200,2240,1164160
FINNIFTY02JAN2421150PE.NFO,02/01/2024,09:16:06,1.15,1.1,37760,1.15,24280,19560,1164160
FINNIFTY02JAN2421150PE.NFO,02/01/2024,09:16:07,1.1,1.1,46000,1.15,34720,17480,1164160
FINNIFTY02JAN2421150PE.NFO,02/01/2024,09:16:08,1.2,1.15,42040,1.2,40520,53280,1164160
FINNIFTY02JAN2421150PE.NFO,02/01/2024,09:16:09,1.15,1.15,39520,1.2,43400,43280,1164160
FINNIFTY02JAN2421150PE.NFO,02/01/2024,09:16:10,1.2,1.15,57040,1.2,36400,45920,1164160
FINNIFTY02JAN2421150PE.NFO,02/01/2024,09:16:10,1.25,1.2,47840,1.25,24920,35880,1164160
FINNIFTY02JAN2421150PE.NFO,02/01/2024,09:16:11,1.2,1.2,40640,1.25,48080,34000,1164160
FINNIFTY02JAN2421150PE.NFO,02/01/2024,09:16:13,1.15,1.15,64080,1.2,33720,27720,1164160
FINNIFTY02JAN2421150PE.NFO,02/01/2024,09:16:14,1.25,1.25,29680,1.3,46800,29400,1164160
FINNIFTY02JAN2421150PE.NFO,02/01/2024,09:16:15,1.2,1.15,63600,1.2,28720,48640,1164160
FINNIFTY02JAN2421150PE.NFO,02/01/2024,09:16:16,1.15,1.15,53240,1.2,46720,6120,1164160
FINNIFTY02JAN2421150PE.NFO,02/01/2024,09:16:17,1.25,1.25,27600,1.3,56680,114720,1164160
FINNIFTY02JAN2421150PE.NFO,02/01/2024,09:16:18,1.2,1.2,48040,1.25,19160,49480,1164160
FINNIFTY02JAN2421150PE.NFO,02/01/2024,09:16:18,1.25,1.2,53400,1.25,19280,4360,1164160
FINNIFTY02JAN2421150PE.NFO,02/01/2024,09:16:19,1.25,1.2,53520,1.25,30320,13680,1164160
FINNIFTY02JAN2421150PE.NFO,02/01/2024,09:16:21,1.3,1.25,33160,1.3,46720,62600,1164160
FINNIFTY02JAN2421150PE.NFO,02/01/2024,09:16:22,1.3,1.3,54440,1.35,69560,25520,1164160
FINNIFTY02JAN2421150PE.NFO,02/01/2024,09:16:23,1.3,1.25,53400,1.3,27480,94280,1164160
FINNIFTY02JAN2421150PE.NFO,02/01/2024,09:16:24,1.3,1.25,25760,1.3,62640,25320,1164160
FINNIFTY02JAN2421150PE.NFO,02/01/2024,09:16:25,1.25,1.2,69000,1.25,37040,45600,1164160
FINNIFTY02JAN2421150PE.NFO,02/01/2024,09:16:25,1.25,1.2,73640,1.25,3680,10720,1164160
FINNIFTY02JAN2421150PE.NFO,02/01/2024,09:16:26,1.3,1.25,16400,1.3,68840,55280,1164160
FINNIFTY02JAN2421150PE.NFO,02/01/2024,09:16:28,1.3,1.25,18440,1.3,67640,52480,1164160
FINNIFTY02JAN2421150PE.NFO,02/01/2024,09:16:29,1.3,1.25,49600,1.3,42480,30960,1164160
FINNIFTY02JAN2421150PE.NFO,02/01/2024,09:16:30,1.25,1.2,56640,1.25,61040,13400,1164160
FINNIFTY02JAN2421150PE.NFO,02/01/2024,09:16:31,1.25,1.2,66840,1.25,6200,50840,1164160
FINNIFTY02JAN2421150PE.NFO,02/01/2024,09:16:32,1.25,1.25,18160,1.3,52560,43120,1164160
FINNIFTY02JAN2421150PE.NFO,02/01/2024,09:16:33,1.25,1.25,51680,1.3,42000,39320,1164160
FINNIFTY02JAN2421150PE.NFO,02/01/2024,09:16:33,1.25,1.25,46920,1.3,47280,2720,1164160
FINNIFTY02JAN2421150PE.NFO,02/01/2024,09:16:35,1.3,1.25,43120,1.3,50520,8520,1164160
FINNIFTY02JAN2421150PE.NFO,02/01/2024,09:16:36,1.2,1.2,66160,1.3,63640,31440,1164160
FINNIFTY02JAN2421150PE.NFO,02/01/2024,09:16:37,1.25,1.25,12840,1.3,53640,35200,1164160
FINNIFTY02JAN2421150PE.NFO,02/01/2024,09:16:38,1.25,1.25,15280,1.3,53560,11960,1164160
FINNIFTY02JAN2421150PE.NFO,02/01/2024,09:16:39,1.25,1.2,66840,1.25,23880,54760,1164160
FINNIFTY02JAN2421150PE.NFO,02/01/2024,09:16:40,1.2,1.2,67120,1.25,32600,19080,1164160
FINNIFTY02JAN2421150PE.NFO,02/01/2024,09:16:40,1.2,1.2,64600,1.25,35160,2080,1164160
FINNIFTY02JAN2421150PE.NFO,02/01/2024,09:16:41,1.25,1.25,19800,1.3,55440,35440,1164160
FINNIFTY02JAN2421150PE.NFO,02/01/2024,09:16:43,1.25,1.25,40720,1.3,62400,13640,1164160
FINNIFTY02JAN2421150PE.NFO,02/01/2024,09:16:44,1.25,1.25,41360,1.3,64760,6840,1164160
FINNIFTY02JAN2421150PE.NFO,02/01/2024,09:16:45,1.2,1.2,74440,1.25,30000,28560,1164160
FINNIFTY02JAN2421150PE.NFO,02/01/2024,09:16:46,1.25,1.2,71280,1.25,39640,8680,1164160
FINNIFTY02JAN2421150PE.NFO,02/01/2024,09:16:47,1.2,1.2,72120,1.25,7720,26320,1164160
FINNIFTY02JAN2421150PE.NFO,02/01/2024,09:16:48,1.2,1.2,55400,1.25,47800,9040,1164160
FINNIFTY02JAN2421150PE.NFO,02/01/2024,09:16:48,1.2,1.2,52200,1.25,47720,1680,1164160
FINNIFTY02JAN2421150PE.NFO,02/01/2024,09:16:50,1.2,1.2,78200,1.25,38680,15320,1164160
FINNIFTY02JAN2421150PE.NFO,02/01/2024,09:16:51,1.2,1.2,80200,1.25,46240,4720,1164160
FINNIFTY02JAN2421150PE.NFO,02/01/2024,09:16:52,1.2,1.2,49840,1.25,47880,10720,1164160
FINNIFTY02JAN2421150PE.NFO,02/01/2024,09:16:53,1.15,1.15,61120,1.2,52720,32440,1164160
FINNIFTY02JAN2421150PE.NFO,02/01/2024,09:16:54,1.25,1.25,8840,1.3,45240,118880,1164160
FINNIFTY02JAN2421150PE.NFO,02/01/2024,09:16:54,1.25,1.2,69920,1.25,20520,15160,1164160
FINNIFTY02JAN2421150PE.NFO,02/01/2024,09:16:55,1.25,1.2,68520,1.25,9360,44400,1164160
FINNIFTY02JAN2421150PE.NFO,02/01/2024,09:16:57,1.2,1.2,67800,1.25,48400,70000,1164160
FINNIFTY02JAN2421150PE.NFO,02/01/2024,09:16:58,1.2,1.2,50920,1.25,54600,14120,1164160
FINNIFTY02JAN2421150PE.NFO,02/01/2024,09:16:59,1.25,1.2,60760,1.25,61400,5320,1164160
FINNIFTY02JAN2421150PE.NFO,02/01/2024,09:17:00,1.2,1.15,19600,1.2,56080,68920,1164160
FINNIFTY02JAN2421150PE.NFO,02/01/2024,09:17:01,1.2,1.15,63240,1.2,57080,20200,1164160
FINNIFTY02JAN2421150PE.NFO,02/01/2024,09:17:01,1.15,1.15,65600,1.2,55160,440,1164160
FINNIFTY02JAN2421150PE.NFO,02/01/2024,09:17:03,1.15,1.15,71040,1.2,52960,14560,1164160
FINNIFTY02JAN2421150PE.NFO,02/01/2024,09:17:04,1.2,1.15,46640,1.2,78440,5680,1164160
FINNIFTY02JAN2421150PE.NFO,02/01/2024,09:17:05,1.15,1.15,58440,1.2,80880,14360,1164160
FINNIFTY02JAN2421150PE.NFO,02/01/2024,09:17:06,1.15,1.15,67480,1.2,82120,6920,1164160
FINNIFTY02JAN2421150PE.NFO,02/01/2024,09:17:07,1.15,1.15,84640,1.2,67120,2760,1164160
FINNIFTY02JAN2421150PE.NFO,02/01/2024,09:17:08,1.2,1.15,87440,1.2,58000,6480,1164160
FINNIFTY02JAN2421150PE.NFO,02/01/2024,09:17:08,1.2,1.15,87840,1.2,57040,440,1164160
FINNIFTY02JAN2421150PE.NFO,02/01/2024,09:17:10,1.25,1.25,79920,1.3,61560,152360,1164160
FINNIFTY02JAN2421150PE.NFO,02/01/2024,09:17:11,1.25,1.25,89160,1.3,61840,13960,1164160
FINNIFTY02JAN2421150PE.NFO,02/01/2024,09:17:12,1.3,1.25,89560,1.3,69720,3520,1164160
FINNIFTY02JAN2421150PE.NFO,02/01/2024,09:17:13,1.25,1.25,48040,1.3,68360,38600,1164160
FINNIFTY02JAN2421150PE.NFO,02/01/2024,09:17:14,1.25,1.25,74360,1.3,65960,4280,1164160
FINNIFTY02JAN2421150PE.NFO,02/01/2024,09:17:14,1.25,1.25,51040,1.3,68880,2480,1164160
FINNIFTY02JAN2421150PE.NFO,02/01/2024,09:17:16,1.3,1.25,74920,1.3,47680,20920,1164160
FINNIFTY02JAN2421150PE.NFO,02/01/2024,09:17:17,1.3,1.25,55520,1.3,69360,8040,1164160
FINNIFTY02JAN2421150PE.NFO,02/01/2024,09:17:18,1.25,1.2,99760,1.25,46680,36840,1164160
FINNIFTY02JAN2421150PE.NFO,02/01/2024,09:17:19,1.2,1.2,100920,1.25,48640,10040,1164160
FINNIFTY02JAN2421150PE.NFO,02/01/2024,09:17:20,1.25,1.25,38040,1.3,66760,47760,1164160
FINNIFTY02JAN2421150PE.NFO,02/01/2024,09:17:20,1.3,1.25,42200,1.3,66520,80,1164160
FINNIFTY02JAN2421150PE.NFO,02/01/2024,09:17:21,1.25,1.25,69240,1.3,68720,2680,1164160
FINNIFTY02JAN2421150PE.NFO,02/01/2024,09:17:23,1.25,1.25,63760,1.3,69360,22880,1164160
FINNIFTY02JAN2421150PE.NFO,02/01/2024,09:17:24,1.3,1.25,78200,1.3,46360,6200,1164160
FINNIFTY02JAN2421150PE.NFO,02/01/2024,09:17:25,1.25,1.25,94080,1.3,19200,41560,1164160
FINNIFTY02JAN2421150PE.NFO,02/01/2024,09:17:26,1.3,1.3,2840,1.35,76560,45800,1757480
FINNIFTY02JAN2421150PE.NFO,02/01/2024,09:17:27,1.35,1.3,76520,1.35,90560,13760,1757480
FINNIFTY02JAN2421150PE.NFO,02/01/2024,09:17:27,1.35,1.3,79240,1.35,73080,1760,1757480
FINNIFTY02JAN2421150PE.NFO,02/01/2024,09:17:29,1.35,1.35,89800,1.4,69760,56360,1757480
FINNIFTY02JAN2421150PE.NFO,02/01/2024,09:17:30,1.35,1.35,136960,1.4,27560,53560,1757480
FINNIFTY02JAN2421150PE.NFO,02/01/2024,09:17:31,1.4,1.35,132600,1.4,13280,53320,1757480
FINNIFTY02JAN2421150PE.NFO,02/01/2024,09:17:32,1.4,1.35,139560,1.4,46560,85160,1757480
FINNIFTY02JAN2421150PE.NFO,02/01/2024,09:17:33,1.35,1.35,107480,1.4,99720,18640,1757480
FINNIFTY02JAN2421150PE.NFO,02/01/2024,09:17:34,1.35,1.35,138520,1.4,79000,7200,1757480
FINNIFTY02JAN2421150PE.NFO,02/01/2024,09:17:35,1.4,1.35,116440,1.4,104840,5080,1757480
FINNIFTY02JAN2421150PE.NFO,02/01/2024,09:17:36,1.35,1.35,127880,1.4,75800,8320,1757480
FINNIFTY02JAN2421150PE.NFO,02/01/2024,09:17:37,1.35,1.35,111120,1.4,105840,14880,1757480
FINNIFTY02JAN2421150PE.NFO,02/01/2024,09:17:38,1.35,1.3,94480,1.35,42040,56000,1757480
FINNIFTY02JAN2421150PE.NFO,02/01/2024,09:17:39,1.4,1.35,95240,1.4,85360,34760,1757480
FINNIFTY02JAN2421150PE.NFO,02/01/2024,09:17:40,1.4,1.35,101560,1.4,64200,5000,1757480
FINNIFTY02JAN2421150PE.NFO,02/01/2024,09:17:41,1.35,1.35,79280,1.4,96560,6000,1757480
FINNIFTY02JAN2421150PE.NFO,02/01/2024,09:17:42,1.45,1.4,69160,1.45,87320,23520,1757480
FINNIFTY02JAN2421150PE.NFO,02/01/2024,09:17:43,1.4,1.4,71840,1.45,59040,23840,1757480
FINNIFTY02JAN2421150PE.NFO,02/01/2024,09:17:44,1.4,1.4,100800,1.45,54960,12200,1757480
FINNIFTY02JAN2421150PE.NFO,02/01/2024,09:17:45,1.4,1.4,24880,1.45,95360,6680,1757480
FINNIFTY02JAN2421150PE.NFO,02/01/2024,09:17:46,1.45,1.45,49920,1.5,84480,30000,1757480
FINNIFTY02JAN2421150PE.NFO,02/01/2024,09:17:47,1.45,1.45,87440,1.5,104400,1520,1757480
FINNIFTY02JAN2421150PE.NFO,02/01/2024,09:17:48,1.45,1.4,92280,1.45,70520,14520,1757480
FINNIFTY02JAN2421150PE.NFO,02/01/2024,09:17:49,1.45,1.4,108800,1.45,55760,30280,1757480
FINNIFTY02JAN2421150PE.NFO,02/01/2024,09:17:50,1.45,1.4,27280,1.45,81680,6240,1757480
FINNIFTY02JAN2421150PE.NFO,02/01/2024,09:17:51,1.4,1.35,96960,1.4,29960,60840,1757480
FINNIFTY02JAN2421150PE.NFO,02/01/2024,09:17:52,1.45,1.4,69440,1.45,86880,31920,1757480
FINNIFTY02JAN2421150PE.NFO,02/01/2024,09:17:53,1.45,1.4,77000,1.45,57280,240,1757480
FINNIFTY02JAN2421150PE.NFO,02/01/2024,09:17:54,1.45,1.4,95480,1.45,51240,8640,1757480
FINNIFTY02JAN2421150PE.NFO,02/01/2024,09:17:55,1.45,1.45,74000,1.5,91000,19480,1757480
FINNIFTY02JAN2421150PE.NFO,02/01/2024,09:17:56,1.45,1.45,76920,1.5,97640,6480,1757480
FINNIFTY02JAN2421150PE.NFO,02/01/2024,09:17:57,1.45,1.45,79800,1.5,97600,7240,1757480
FINNIFTY02JAN2421150PE.NFO,02/01/2024,09:17:58,1.45,1.45,67040,1.5,96880,4160,1757480
FINNIFTY02JAN2421150PE.NFO,02/01/2024,09:17:59,1.5,1.45,64960,1.5,97280,7400,1757480
FINNIFTY02JAN2421150PE.NFO,02/01/2024,09:18:00,1.5,1.45,62680,1.5,97360,880,1757480
FINNIFTY02JAN2421150PE.NFO,02/01/2024,09:18:01,1.5,1.45,91440,1.5,61920,20240,1757480
FINNIFTY02JAN2421150PE.NFO,02/01/2024,09:18:02,1.5,1.45,37760,1.5,84160,37720,1757480
FINNIFTY02JAN2421150PE.NFO,02/01/2024,09:18:03,1.45,1.45,520,1.5,82640,29280,1757480
FINNIFTY02JAN2421150PE.NFO,02/01/2024,09:18:04,1.45,1.45,7320,1.5,84280,15200,1757480
FINNIFTY02JAN2421150PE.NFO,02/01/2024,09:18:05,1.45,1.45,78120,1.5,80680,20680,1757480
FINNIFTY02JAN2421150PE.NFO,02/01/2024,09:18:06,1.45,1.45,69160,1.5,84200,600,1757480
FINNIFTY02JAN2421150PE.NFO,02/01/2024,09:18:07,1.5,1.45,30440,1.5,80520,60160,1757480
FINNIFTY02JAN2421150PE.NFO,02/01/2024,09:18:08,1.45,1.45,72080,1.5,81920,31720,1757480
FINNIFTY02JAN2421150PE.NFO,02/01/2024,09:18:09,1.5,1.45,70680,1.5,54680,3440,1757480
FINNIFTY02JAN2421150PE.NFO,02/01/2024,09:18:10,1.45,1.45,63880,1.5,77960,18160,1757480
FINNIFTY02JAN2421150PE.NFO,02/01/2024,09:18:11,1.5,1.5,21160,1.55,78880,41720,1757480
FINNIFTY02JAN2421150PE.NFO,02/01/2024,09:18:12,1.5,1.5,68880,1.55,83120,3440,1757480
FINNIFTY02JAN2421150PE.NFO,02/01/2024,09:18:13,1.5,1.5,83240,1.55,57760,1800,1757480
FINNIFTY02JAN2421150PE.NFO,02/01/2024,09:18:14,1.5,1.45,76760,1.5,38520,35920,1757480
FINNIFTY02JAN2421150PE.NFO,02/01/2024,09:18:15,1.45,1.45,52360,1.5,54520,6680,1757480
FINNIFTY02JAN2421150PE.NFO,02/01/2024,09:18:16,1.5,1.5,63240,1.55,62720,22000,1757480
FINNIFTY02JAN2421150PE.NFO,02/01/2024,09:18:17,1.55,1.5,81000,1.55,46920,45600,1757480
FINNIFTY02JAN2421150PE.NFO,02/01/2024,09:18:18,1.55,1.55,58360,1.6,68640,78320,1757480
FINNIFTY02JAN2421150PE.NFO,02/01/2024,09:18:19,1.6,1.6,66120,1.65,62200,104640,1757480
FINNIFTY02JAN2421150PE.NFO,02/01/2024,09:18:20,1.6,1.6,55240,1.65,79520,2440,1757480
FINNIFTY02JAN2421150PE.NFO,02/01/2024,09:18:21,1.65,1.65,80080,1.7,7960,155000,1757480
FINNIFTY02JAN2421150PE.NFO,02/01/2024,09:18:22,1.65,1.6,53440,1.65,5720,40040,1757480
FINNIFTY02JAN2421150PE.NFO,02/01/2024,09:18:23,1.7,1.65,6240,1.7,94320,60520,1757480
FINNIFTY02JAN2421150PE.NFO,02/01/2024,09:18:24,1.7,1.7,51880,1.75,85800,40920,1757480
FINNIFTY02JAN2421150PE.NFO,02/01/2024,09:18:25,1.75,1.7,55920,1.75,44360,109840,1757480
FINNIFTY02JAN2421150PE.NFO,02/01/2024,09:18:26,1.75,1.7,79600,1.8,86040,12000,1757480
FINNIFTY02JAN2421150PE.NFO,02/01/2024,09:18:27,1.7,1.65,61200,1.7,78280,20760,1757480
FINNIFTY02JAN2421150PE.NFO,02/01/2024,09:18:28,1.65,1.6,60920,1.65,65600,38440,1757480
FINNIFTY02JAN2421150PE.NFO,02/01/2024,09:18:29,1.6,1.6,28880,1.65,74640,83480,1757480
FINNIFTY02JAN2421150PE.NFO,02/01/2024,09:18:30,1.65,1.6,31280,1.65,57160,11520,1757480
FINNIFTY02JAN2421150PE.NFO,02/01/2024,09:18:31,1.65,1.6,53880,1.65,53600,1760,1757480
FINNIFTY02JAN2421150PE.NFO,02/01/2024,09:18:32,1.65,1.65,45320,1.7,68000,72520,1757480
FINNIFTY02JAN2421150PE.NFO,02/01/2024,09:18:33,1.7,1.65,34400,1.7,86400,1880,1757480
FINNIFTY02JAN2421150PE.NFO,02/01/2024,09:18:34,1.65,1.65,51480,1.7,78000,1560,1757480
FINNIFTY02JAN2421150PE.NFO,02/01/2024,09:18:35,1.7,1.65,82680,1.7,67680,32160,1757480
FINNIFTY02JAN2421150PE.NFO,02/01/2024,09:18:36,1.7,1.65,58240,1.7,58440,52680,1757480
FINNIFTY02JAN2421150PE.NFO,02/01/2024,09:18:37,1.65,1.6,10640,1.65,94120,37960,1757480
FINNIFTY02JAN2421150PE.NFO,02/01/2024,09:18:38,1.65,1.6,1960,1.65,91280,69760,1757480
FINNIFTY02JAN2421150PE.NFO,02/01/2024,09:18:39,1.6,1.55,83200,1.6,12200,44840,1757480
FINNIFTY02JAN2421150PE.NFO,02/01/2024,09:18:40,1.6,1.55,66600,1.6,57480,2320,1757480
FINNIFTY02JAN2421150PE.NFO,02/01/2024,09:18:41,1.65,1.6,72960,1.65,64120,24200,1757480
FINNIFTY02JAN2421150PE.NFO,02/01/2024,09:18:42,1.65,1.6,54960,1.65,75480,5280,1757480
FINNIFTY02JAN2421150PE.NFO,02/01/2024,09:18:43,1.6,1.6,82000,1.65,33880,7880,1757480
FINNIFTY02JAN2421150PE.NFO,02/01/2024,09:18:44,1.6,1.55,84640,1.6,16680,74840,1757480
FINNIFTY02JAN2421150PE.NFO,02/01/2024,09:18:45,1.65,1.6,46440,1.65,83880,77720,1757480
FINNIFTY02JAN2421150PE.NFO,02/01/2024,09:18:46,1.6,1.6,55240,1.65,85480,3480,1757480
FINNIFTY02JAN2421150PE.NFO,02/01/2024,09:18:47,1.6,1.6,48680,1.65,85640,5080,1757480
FINNIFTY02JAN2421150PE.NFO,02/01/2024,09:18:48,1.6,1.6,7760,1.65,83520,71920,1757480
FINNIFTY02JAN2421150PE.NFO,02/01/2024,09:18:49,1.55,1.55,89560,1.6,8760,65680,1757480
FINNIFTY02JAN2421150PE.NFO,02/01/2024,09:18:50,1.55,1.55,60040,1.6,59520,5960,1757480
FINNIFTY02JAN2421150PE.NFO,02/01/2024,09:18:51,1.55,1.55,56160,1.6,71440,10640,1757480
FINNIFTY02JAN2421150PE.NFO,02/01/2024,09:18:52,1.6,1.55,68800,1.6,60760,6080,1757480
FINNIFTY02JAN2421150PE.NFO,02/01/2024,09:18:53,1.55,1.55,4520,1.6,80240,30440,1757480
FINNIFTY02JAN2421150PE.NFO,02/01/2024,09:18:54,1.5,1.5,72480,1.55,74840,28280,1757480
FINNIFTY02JAN2421150PE.NFO,02/01/2024,09:18:55,1.5,1.5,48880,1.55,63600,63400,1757480
FINNIFTY02JAN2421150PE.NFO,02/01/2024,09:18:56,1.5,1.5,46440,1.55,79360,43560,1757480
FINNIFTY02JAN2421150PE.NFO,02/01/2024,09:18:57,1.55,1.5,62920,1.55,62920,7560,1757480
FINNIFTY02JAN2421150PE.NFO,02/01/2024,09:18:58,1.5,1.5,43840,1.55,86760,4880,1757480
FINNIFTY02JAN2421150PE.NFO,02/01/2024,09:18:59,1.5,1.5,45000,1.55,73800,46320,1757480
FINNIFTY02JAN2421150PE.NFO,02/01/2024,09:19:00,1.5,1.5,4760,1.55,72560,26960,1757480
FINNIFTY02JAN2421150PE.NFO,02/01/2024,09:19:01,1.5,1.45,86400,1.5,6320,85200,1757480
FINNIFTY02JAN2421150PE.NFO,02/01/2024,09:19:02,1.55,1.5,11120,1.55,84120,25520,1757480
FINNIFTY02JAN2421150PE.NFO,02/01/2024,09:19:03,1.55,1.5,38960,1.55,72840,22720,1757480
FINNIFTY02JAN2421150PE.NFO,02/01/2024,09:19:04,1.5,1.45,86200,1.5,15280,14280,1757480
FINNIFTY02JAN2421150PE.NFO,02/01/2024,09:19:05,1.45,1.45,67240,1.5,92920,22640,1757480
FINNIFTY02JAN2421150PE.NFO,02/01/2024,09:19:06,1.5,1.45,58680,1.5,96640,560,1757480
FINNIFTY02JAN2421150PE.NFO,02/01/2024,09:19:07,1.45,1.45,42120,1.5,77800,36280,1757480
FINNIFTY02JAN2421150PE.NFO,02/01/2024,09:19:08,1.45,1.45,48120,1.5,76920,6800,1757480
FINNIFTY02JAN2421150PE.NFO,02/01/2024,09:19:09,1.45,1.45,46720,1.5,75240,2960,1757480
FINNIFTY02JAN2421150PE.NFO,02/01/2024,09:19:10,1.45,1.45,87720,1.5,55520,40760,1757480
FINNIFTY02JAN2421150PE.NFO,02/01/2024,09:19:11,1.5,1.45,86640,1.5,54600,8280,1757480
FINNIFTY02JAN2421150PE.NFO,02/01/2024,09:19:12,1.45,1.4,72440,1.45,55760,45280,1757480
FINNIFTY02JAN2421150PE.NFO,02/01/2024,09:19:13,1.45,1.4,61720,1.45,74160,0,1757480
FINNIFTY02JAN2421150PE.NFO,02/01/2024,09:19:14,1.45,1.4,63480,1.45,82640,15560,1757480
FINNIFTY02JAN2421150PE.NFO,02/01/2024,09:19:15,1.45,1.4,58760,1.45,91120,9400,1757480
FINNIFTY02JAN2421150PE.NFO,02/01/2024,09:19:16,1.45,1.4,39920,1.45,85000,43600,1757480
FINNIFTY02JAN2421150PE.NFO,02/01/2024,09:19:17,1.45,1.4,57960,1.45,93000,6040,1757480
FINNIFTY02JAN2421150PE.NFO,02/01/2024,09:19:18,1.4,1.4,50320,1.45,73480,91560,1757480
FINNIFTY02JAN2421150PE.NFO,02/01/2024,09:19:19,1.4,1.4,64640,1.45,67440,24040,1757480
FINNIFTY02JAN2421150PE.NFO,02/01/2024,09:19:20,1.4,1.4,69760,1.45,68760,840,1757480
FINNIFTY02JAN2421150PE.NFO,02/01/2024,09:19:21,1.45,1.4,70880,1.45,83800,4880,1757480
FINNIFTY02JAN2421150PE.NFO,02/01/2024,09:19:22,1.4,1.4,56040,1.45,92800,1840,1757480
FINNIFTY02JAN2421150PE.NFO,02/01/2024,09:19:23,1.45,1.45,50600,1.5,79560,61240,1757480
FINNIFTY02JAN2421150PE.NFO,02/01/2024,09:19:24,1.5,1.45,41680,1.5,86160,39040,1757480
FINNIFTY02JAN2421150PE.NFO,02/01/2024,09:19:25,1.45,1.45,61160,1.5,85920,1760,1757480
FINNIFTY02JAN2421150PE.NFO,02/01/2024,09:19:26,1.45,1.45,22120,1.5,75720,39640,1757480
FINNIFTY02JAN2421150PE.NFO,02/01/2024,09:19:27,1.5,1.45,29760,1.5,75680,120,1757480
FINNIFTY02JAN2421150PE.NFO,02/01/2024,09:19:28,1.45,1.45,12880,1.5,74680,26200,1757480
FINNIFTY02JAN2421150PE.NFO,02/01/2024,09:19:29,1.45,1.45,23320,1.5,76520,3360,1757480
FINNIFTY02JAN2421150PE.NFO,02/01/2024,09:19:30,1.45,1.45,26320,1.5,75800,17160,1757480
FINNIFTY02JAN2421150PE.NFO,02/01/2024,09:19:31,1.5,1.45,21800,1.5,73120,28120,1757480
FINNIFTY02JAN2421150PE.NFO,02/01/2024,09:19:32,1.5,1.45,58080,1.5,7520,120040,1757480
FINNIFTY02JAN2421150PE.NFO,02/01/2024,09:19:33,1.5,1.5,44160,1.55,65760,32600,1757480
FINNIFTY02JAN2421150PE.NFO,02/01/2024,09:19:34,1.5,1.45,63560,1.5,16960,75280,1757480
FINNIFTY02JAN2421150PE.NFO,02/01/2024,09:19:35,1.45,1.45,35360,1.5,76160,37120,1757480
FINNIFTY02JAN2421150PE.NFO,02/01/2024,09:19:36,1.45,1.4,93280,1.45,13040,19360,1757480
FINNIFTY02JAN2421150PE.NFO,02/01/2024,09:19:37,1.5,1.45,64240,1.5,79880,63600,1757480
FINNIFTY02JAN2421150PE.NFO,02/01/2024,09:19:38,1.45,1.45,34240,1.5,87400,5640,1757480
FINNIFTY02JAN2421150PE.NFO,02/01/2024,09:19:39,1.45,1.45,72400,1.5,84200,10720,1757480
FINNIFTY02JAN2421150PE.NFO,02/01/2024,09:19:40,1.45,1.45,37360,1.5,101120,3800,1757480
FINNIFTY02JAN2421150PE.NFO,02/01/2024,09:19:41,1.5,1.45,30920,1.5,90520,10400,1757480
FINNIFTY02JAN2421150PE.NFO,02/01/2024,09:19:42,1.45,1.4,89880,1.45,16760,40760,1757480
FINNIFTY02JAN2421150PE.NFO,02/01/2024,09:19:43,1.45,1.4,89920,1.45,9240,70160,1757480
FINNIFTY02JAN2421150PE.NFO,02/01/2024,09:19:44,1.45,1.4,88360,1.45,44320,31400,1757480
FINNIFTY02JAN2421150PE.NFO,02/01/2024,09:19:45,1.45,1.4,76320,1.45,67200,28560,1757480
FINNIFTY02JAN2421150PE.NFO,02/01/2024,09:19:46,1.4,1.4,41920,1.45,84240,8640,1757480
FINNIFTY02JAN2421150PE.NFO,02/01/2024,09:19:47,1.4,1.4,8920,1.45,95560,40520,1757480
FINNIFTY02JAN2421150PE.NFO,02/01/2024,09:19:48,1.4,1.4,17720,1.45,95200,25320,1757480
FINNIFTY02JAN2421150PE.NFO,02/01/2024,09:19:49,1.4,1.4,24680,1.45,83760,34240,1757480
FINNIFTY02JAN2421150PE.NFO,02/01/2024,09:19:50,1.4,1.4,12320,1.45,86200,44200,1757480
FINNIFTY02JAN2421150PE.NFO,02/01/2024,09:19:51,1.4,1.35,89520,1.4,39680,50280,1757480
FINNIFTY02JAN2421150PE.NFO,02/01/2024,09:19:52,1.4,1.35,75200,1.4,61880,24840,1757480
FINNIFTY02JAN2421150PE.NFO,02/01/2024,09:19:53,1.4,1.35,78880,1.4,52440,5960,1757480
FINNIFTY02JAN2421150PE.NFO,02/01/2024,09:19:54,1.35,1.35,52280,1.4,58440,88920,1757480
FINNIFTY02JAN2421150PE.NFO,02/01/2024,09:19:55,1.4,1.35,44320,1.4,75400,6280,1757480
FINNIFTY02JAN2421150PE.NFO,02/01/2024,09:19:56,1.35,1.35,62560,1.4,59360,1320,1757480
FINNIFTY02JAN2421150PE.NFO,02/01/2024,09:19:57,1.35,1.35,68760,1.4,53920,6560,1757480
FINNIFTY02JAN2421150PE.NFO,02/01/2024,09:19:58,1.4,1.35,71720,1.4,49080,3760,1757480
FINNIFTY02JAN2421150PE.NFO,02/01/2024,09:19:59,1.4,1.35,72040,1.4,53280,5720,1757480
FINNIFTY02JAN2421150PE.NFO,02/01/2024,09:20:00,1.4,1.35,11840,1.4,71840,31680,1757480
FINNIFTY02JAN2421150PE.NFO,02/01/2024,09:20:01,1.35,1.35,62400,1.4,58800,7560,1757480
FINNIFTY02JAN2421150PE.NFO,02/01/2024,09:20:02,1.4,1.35,82960,1.4,46320,10000,1757480
FINNIFTY02JAN2421150PE.NFO,02/01/2024,09:20:03,1.35,1.35,38760,1.4,82040,5160,1757480
FINNIFTY02JAN2421150PE.NFO,02/01/2024,09:20:04,1.35,1.3,92920,1.35,7160,41920,1757480
FINNIFTY02JAN2421150PE.NFO,02/01/2024,09:20:05,1.35,1.3,76440,1.35,77960,24040,1757480
FINNIFTY02JAN2421150PE.NFO,02/01/2024,09:20:06,1.3,1.3,60960,1.35,84880,19440,1757480
FINNIFTY02JAN2421150PE.NFO,02/01/2024,09:20:07,1.3,1.3,52160,1.35,87280,10160,1757480
FINNIFTY02JAN2421150PE.NFO,02/01/2024,09:20:08,1.3,1.3,33080,1.35,80200,33400,1757480
FINNIFTY02JAN2421150PE.NFO,02/01/2024,09:20:09,1.3,1.3,24200,1.35,70800,89480,1757480
FINNIFTY02JAN2421150PE.NFO,02/01/2024,09:20:10,1.35,1.3,6880,1.35,75760,45560,1757480
FINNIFTY02JAN2421150PE.NFO,02/01/2024,09:20:11,1.3,1.25,94960,1.3,8200,38520,1757480
FINNIFTY02JAN2421150PE.NFO,02/01/2024,09:20:12,1.25,1.25,88720,1.3,42840,12000,1757480
FINNIFTY02JAN2421150PE.NFO,02/01/2024,09:20:13,1.3,1.25,73160,1.3,66720,4320,1757480
FINNIFTY02JAN2421150PE.NFO,02/01/2024,09:20:14,1.3,1.25,89960,1.3,19000,3160,1757480
FINNIFTY02JAN2421150PE.NFO,02/01/2024,09:20:15,1.25,1.25,65880,1.3,63640,45880,1757480
FINNIFTY02JAN2421150PE.NFO,02/01/2024,09:20:16,1.3,1.3,77480,1.35,83640,28720,1757480
FINNIFTY02JAN2421150PE.NFO,02/01/2024,09:20:17,1.35,1.3,96040,1.35,61200,7560,1757480
FINNIFTY02JAN2421150PE.NFO,02/01/2024,09:20:18,1.35,1.3,95000,1.35,95280,3400,1757480
FINNIFTY02JAN2421150PE.NFO,02/01/2024,09:20:19,1.35,1.3,97440,1.35,97760,2480,1757480
FINNIFTY02JAN2421150PE.NFO,02/01/2024,09:20:20,1.35,1.3,94360,1.35,99200,3600,1757480
FINNIFTY02JAN2421150PE.NFO,02/01/2024,09:20:21,1.35,1.3,97360,1.35,102000,4080,1757480
FINNIFTY02JAN2421150PE.NFO,02/01/2024,09:20:22,1.35,1.3,98640,1.35,102040,480,1757480
FINNIFTY02JAN2421150PE.NFO,02/01/2024,09:20:23,1.35,1.3,130760,1.35,68320,2400,1757480
FINNIFTY02JAN2421150PE.NFO,02/01/2024,09:20:24,1.35,1.3,137240,1.35,70640,2160,1757480
FINNIFTY02JAN2421150PE.NFO,02/01/2024,09:20:25,1.3,1.3,104920,1.35,71920,45680,1757480
FINNIFTY02JAN2421150PE.NFO,02/01/2024,09:20:26,1.3,1.3,145600,1.35,33800,3600,1757480
FINNIFTY02JAN2421150PE.NFO,02/01/2024,09:20:27,1.35,1.3,113960,1.35,82560,27840,2192760
FINNIFTY02JAN2421150PE.NFO,02/01/2024,09:20:28,1.3,1.3,110880,1.35,103320,3120,2192760
FINNIFTY02JAN2421150PE.NFO,02/01/2024,09:20:29,1.35,1.35,280,1.4,76560,45120,2192760
FINNIFTY02JAN2421150PE.NFO,02/01/2024,09:20:30,1.35,1.35,1440,1.4,88960,120960,2192760
FINNIFTY02JAN2421150PE.NFO,02/01/2024,09:20:31,1.35,1.35,84640,1.4,67040,80880,2192760
FINNIFTY02JAN2421150PE.NFO,02/01/2024,09:20:33,1.35,1.35,93320,1.4,3920,22600,2192760
FINNIFTY02JAN2421150PE.NFO,02/01/2024,09:20:33,1.4,1.35,96440,1.4,16520,3560,2192760
FINNIFTY02JAN2421150PE.NFO,02/01/2024,09:20:34,1.4,1.35,84720,1.4,4200,13920,2192760
FINNIFTY02JAN2421150PE.NFO,02/01/2024,09:20:35,1.4,1.35,87440,1.4,16800,31520,2192760
FINNIFTY02JAN2421150PE.NFO,02/01/2024,09:20:36,1.35,1.35,85800,1.4,72360,34920,2192760
FINNIFTY02JAN2421150PE.NFO,02/01/2024,09:20:37,1.35,1.35,91880,1.4,58040,1160,2192760
FINNIFTY02JAN2421150PE.NFO,02/01/2024,09:20:38,1.35,1.35,93200,1.4,63200,2280,2192760
FINNIFTY02JAN2421150PE.NFO,02/01/2024,09:20:40,1.4,1.35,90920,1.4,67520,6720,2192760
FINNIFTY02JAN2421150PE.NFO,02/01/2024,09:20:40,1.4,1.35,90480,1.4,67520,0,2192760
FINNIFTY02JAN2421150PE.NFO,02/01/2024,09:20:41,1.35,1.35,77920,1.4,83800,5280,2192760
FINNIFTY02JAN2421150PE.NFO,02/01/2024,09:20:42,1.35,1.35,10960,1.4,97000,30120,2192760
FINNIFTY02JAN2421150PE.NFO,02/01/2024,09:20:43,1.3,1.3,116640,1.35,67560,63760,2192760
FINNIFTY02JAN2421150PE.NFO,02/01/2024,09:20:44,1.3,1.3,102040,1.35,100800,3000,2192760
FINNIFTY02JAN2421150PE.NFO,02/01/2024,09:20:46,1.3,1.3,85160,1.35,103880,3000,2192760
FINNIFTY02JAN2421150PE.NFO,02/01/2024,09:20:46,1.3,1.3,85040,1.35,104600,120,2192760
FINNIFTY02JAN2421150PE.NFO,02/01/2024,09:20:47,1.3,1.3,84480,1.35,100680,11200,2192760
FINNIFTY02JAN2421150PE.NFO,02/01/2024,09:20:48,1.3,1.3,90360,1.35,103280,1400,2192760
FINNIFTY02JAN2421150PE.NFO,02/01/2024,09:20:49,1.3,1.3,101800,1.35,101800,400,2192760
FINNIFTY02JAN2421150PE.NFO,02/01/2024,09:20:50,1.3,1.3,126880,1.35,74960,5400,2192760
FINNIFTY02JAN2421150PE.NFO,02/01/2024,09:20:51,1.35,1.3,135080,1.35,65160,4120,2192760
FINNIFTY02JAN2421150PE.NFO,02/01/2024,09:20:52,1.3,1.3,132800,1.35,82960,1200,2192760
FINNIFTY02JAN2421150PE.NFO,02/01/2024,09:20:53,1.3,1.3,96160,1.35,107800,1320,2192760
FINNIFTY02JAN2421150PE.NFO,02/01/2024,09:20:54,1.3,1.3,97960,1.35,105400,3640,2192760
FINNIFTY02JAN2421150PE.NFO,02/01/2024,09:20:55,1.3,1.3,91440,1.35,106840,4600,2192760
FINNIFTY02JAN2421150PE.NFO,02/01/2024,09:20:56,1.35,1.3,90120,1.35,115600,4040,2192760
FINNIFTY02JAN2421150PE.NFO,02/01/2024,09:20:58,1.35,1.35,11840,1.4,133600,19360,2192760
FINNIFTY02JAN2421150PE.NFO,02/01/2024,09:20:58,1.4,1.35,14320,1.4,132200,3680,2192760
FINNIFTY02JAN2421150PE.NFO,02/01/2024,09:20:59,1.3,1.3,124080,1.35,37720,30880,2192760
FINNIFTY02JAN2421150PE.NFO,02/01/2024,09:21:00,1.3,1.3,85160,1.35,66560,13320,2192760
FINNIFTY02JAN2421150PE.NFO,02/01/2024,09:21:01,1.35,1.3,89440,1.35,101960,1360,2192760
FINNIFTY02JAN2421150PE.NFO,02/01/2024,09:21:02,1.3,1.3,91200,1.35,102400,320,2192760
FINNIFTY02JAN2421150PE.NFO,02/01/2024,09:21:03,1.35,1.3,128360,1.35,66720,2080,2192760
FINNIFTY02JAN2421150PE.NFO,02/01/2024,09:21:04,1.35,1.3,118240,1.35,17840,29480,2192760
FINNIFTY02JAN2421150PE.NFO,02/01/2024,09:21:05,1.35,1.3,98360,1.35,32400,45720,2192760
FINNIFTY02JAN2421150PE.NFO,02/01/2024,09:21:06,1.35,1.35,31200,1.4,85560,43880,2192760
FINNIFTY02JAN2421150PE.NFO,02/01/2024,09:21:07,1.4,1.35,49600,1.4,32640,62040,2192760
FINNIFTY02JAN2421150PE.NFO,02/01/2024,09:21:08,1.4,1.35,60840,1.4,6640,25680,2192760
FINNIFTY02JAN2421150PE.NFO,02/01/2024,09:21:09,1.4,1.35,52920,1.4,59560,5640,2192760
FINNIFTY02JAN2421150PE.NFO,02/01/2024,09:21:10,1.4,1.35,73960,1.4,42520,4240,2192760
FINNIFTY02JAN2421150PE.NFO,02/01/2024,09:21:11,1.35,1.35,21400,1.4,72480,54280,2192760
FINNIFTY02JAN2421150PE.NFO,02/01/2024,09:21:12,1.35,1.35,4640,1.4,79960,24240,2192760
FINNIFTY02JAN2421150PE.NFO,02/01/2024,09:21:13,1.35,1.3,113160,1.35,31440,14320,2192760
FINNIFTY02JAN2421150PE.NFO,02/01/2024,09:21:14,1.35,1.3,106440,1.35,52080,6000,2192760
FINNIFTY02JAN2421150PE.NFO,02/01/2024,09:21:15,1.35,1.35,5280,1.4,91040,59200,2192760
FINNIFTY02JAN2421150PE.NFO,02/01/2024,09:21:16,1.35,1.35,25760,1.4,78120,12040,2192760
FINNIFTY02JAN2421150PE.NFO,02/01/2024,09:21:17,1.35,1.35,49040,1.4,70640,840,2192760
FINNIFTY02JAN2421150PE.NFO,02/01/2024,09:21:18,1.4,1.35,62480,1.4,70560,1560,2192760
FINNIFTY02JAN2421150PE.NFO,02/01/2024,09:21:19,1.4,1.35,33480,1.4,90000,1120,2192760
FINNIFTY02JAN2421150PE.NFO,02/01/2024,09:21:20,1.35,1.35,43560,1.4,91760,1800,2192760
FINNIFTY02JAN2421150PE.NFO,02/01/2024,09:21:21,1.35,1.35,25680,1.4,97880,4520,2192760
FINNIFTY02JAN2421150PE.NFO,02/01/2024,09:21:22,1.35,1.35,27440,1.4,100800,1120,2192760
FINNIFTY02JAN2421150PE.NFO,02/01/2024,09:21:23,1.4,1.35,37840,1.4,102600,13040,2192760
FINNIFTY02JAN2421150PE.NFO,02/01/2024,09:21:24,1.4,1.35,46760,1.4,98320,10080,2192760
FINNIFTY02JAN2421150PE.NFO,02/01/2024,09:21:25,1.4,1.35,58320,1.4,79200,3640,2192760
FINNIFTY02JAN2421150PE.NFO,02/01/2024,09:21:26,1.35,1.35,57760,1.4,82760,1240,2192760
FINNIFTY02JAN2421150PE.NFO,02/01/2024,09:21:27,1.4,1.35,37000,1.4,101840,3480,2192760
FINNIFTY02JAN2421150PE.NFO,02/01/2024,09:21:28,1.4,1.4,28160,1.45,33360,98600,2192760
FINNIFTY02JAN2421150PE.NFO,02/01/2024,09:21:29,1.4,1.4,57040,1.45,31440,18000,2192760
FINNIFTY02JAN2421150PE.NFO,02/01/2024,09:21:30,1.4,1.4,59800,1.45,54840,22640,2192760
FINNIFTY02JAN2421150PE.NFO,02/01/2024,09:21:31,1.4,1.4,71640,1.45,35240,9640,2192760
FINNIFTY02JAN2421150PE.NFO,02/01/2024,09:21:32,1.45,1.4,74520,1.45,42840,5280,2192760
FINNIFTY02JAN2421150PE.NFO,02/01/2024,09:21:33,1.4,1.4,50080,1.45,58120,5520,2192760
FINNIFTY02JAN2421150PE.NFO,02/01/2024,09:21:34,1.45,1.4,56320,1.45,51520,2040,2192760
FINNIFTY02JAN2421150PE.NFO,02/01/2024,09:21:35,1.45,1.4,78360,1.45,20240,19680,2192760
FINNIFTY02JAN2421150PE.NFO,02/01/2024,09:21:36,1.5,1.45,52040,1.5,66080,47320,2192760
FINNIFTY02JAN2421150PE.NFO,02/01/2024,09:21:37,1.45,1.4,42880,1.45,52000,38800,2192760
FINNIFTY02JAN2421150PE.NFO,02/01/2024,09:21:38,1.4,1.4,69440,1.45,23280,5760,2192760
FINNIFTY02JAN2421150PE.NFO,02/01/2024,09:21:39,1.4,1.4,60080,1.45,36280,6360,2192760
FINNIFTY02JAN2421150PE.NFO,02/01/2024,09:21:40,1.4,1.4,80160,1.45,34800,1960,2192760
FINNIFTY02JAN2421150PE.NFO,02/01/2024,09:21:41,1.45,1.4,73320,1.45,24880,45240,2192760
FINNIFTY02JAN2421150PE.NFO,02/01/2024,09:21:42,1.45,1.4,74560,1.45,20240,54560,2192760
FINNIFTY02JAN2421150PE.NFO,02/01/2024,09:21:43,1.45,1.4,70720,1.45,32960,58760,2192760
FINNIFTY02JAN2421150PE.NFO,02/01/2024,09:21:44,1.5,1.45,58320,1.5,76120,24880,2192760
FINNIFTY02JAN2421150PE.NFO,02/01/2024,09:21:45,1.45,1.4,82160,1.45,28760,20680,2192760
FINNIFTY02JAN2421150PE.NFO,02/01/2024,09:21:46,1.45,1.4,82680,1.45,37040,1400,2192760
FINNIFTY02JAN2421150PE.NFO,02/01/2024,09:21:47,1.45,1.4,68960,1.45,52720,5880,2192760
FINNIFTY02JAN2421150PE.NFO,02/01/2024,09:21:48,1.4,1.4,60920,1.45,80480,3800,2192760
FINNIFTY02JAN2421150PE.NFO,02/01/2024,09:21:49,1.45,1.4,55360,1.45,82400,1800,2192760
FINNIFTY02JAN2421150PE.NFO,02/01/2024,09:21:50,1.4,1.4,12600,1.45,102720,61440,2192760
FINNIFTY02JAN2421150PE.NFO,02/01/2024,09:21:51,1.4,1.35,83040,1.4,19240,87800,2192760
FINNIFTY02JAN2421150PE.NFO,02/01/2024,09:21:53,1.4,1.35,58480,1.4,54880,57680,2192760
FINNIFTY02JAN2421150PE.NFO,02/01/2024,09:21:54,1.4,1.35,58800,1.4,61960,7720,2192760
FINNIFTY02JAN2421150PE.NFO,02/01/2024,09:21:55,1.35,1.35,60240,1.4,71360,4600,2192760
FINNIFTY02JAN2421150PE.NFO,02/01/2024,09:21:56,1.4,1.35,54240,1.4,63960,3400,2192760
FINNIFTY02JAN2421150PE.NFO,02/01/2024,09:21:57,1.35,1.35,51920,1.4,88160,3760,2192760
FINNIFTY02JAN2421150PE.NFO,02/01/2024,09:21:57,1.4,1.35,50480,1.4,90320,800,2192760
FINNIFTY02JAN2421150PE.NFO,02/01/2024,09:21:58,1.4,1.35,66280,1.4,82560,16080,2192760
FINNIFTY02JAN2421150PE.NFO,02/01/2024,09:21:59,1.4,1.35,76280,1.4,74440,8160,2192760
FINNIFTY02JAN2421150PE.NFO,02/01/2024,09:22:00,1.4,1.35,73840,1.4,48960,36960,2192760
FINNIFTY02JAN2421150PE.NFO,02/01/2024,09:22:01,1.35,1.35,83800,1.4,54160,4040,2192760
FINNIFTY02JAN2421150PE.NFO,02/01/2024,09:22:02,1.35,1.35,78640,1.4,68240,8280,2192760
FINNIFTY02JAN2421150PE.NFO,02/01/2024,09:22:03,1.4,1.35,72160,1.4,87720,20120,2192760
FINNIFTY02JAN2421150PE.NFO,02/01/2024,09:22:04,1.4,1.35,105080,1.4,52880,13720,2192760
FINNIFTY02JAN2421150PE.NFO,02/01/2024,09:22:05,1.4,1.35,106000,1.4,67400,7080,2192760
FINNIFTY02JAN2421150PE.NFO,02/01/2024,09:22:06,1.35,1.35,103920,1.4,68520,3680,2192760
FINNIFTY02JAN2421150PE.NFO,02/01/2024,09:22:07,1.4,1.35,107440,1.4,53960,12200,2192760
FINNIFTY02JAN2421150PE.NFO,02/01/2024,09:22:08,1.35,1.35,107200,1.4,48280,3760,2192760
FINNIFTY02JAN2421150PE.NFO,02/01/2024,09:22:09,1.4,1.35,104840,1.4,28000,6800,2192760
FINNIFTY02JAN2421150PE.NFO,02/01/2024,09:22:11,1.4,1.35,81640,1.4,54120,33720,2192760
FINNIFTY02JAN2421150PE.NFO,02/01/2024,09:22:12,1.35,1.35,87200,1.4,75560,11080,2192760
FINNIFTY02JAN2421150PE.NFO,02/01/2024,09:22:12,1.35,1.35,88640,1.4,77880,9200,2192760
FINNIFTY02JAN2421150PE.NFO,02/01/2024,09:22:13,1.35,1.35,70640,1.4,94080,50000,2192760
FINNIFTY02JAN2421150PE.NFO,02/01/2024,09:22:14,1.35,1.35,67280,1.4,109040,12520,2192760
FINNIFTY02JAN2421150PE.NFO,02/01/2024,09:22:16,1.35,1.35,52600,1.4,112800,6520,2192760
FINNIFTY02JAN2421150PE.NFO,02/01/2024,09:22:17,1.35,1.35,75560,1.4,90320,19760,2192760
FINNIFTY02JAN2421150PE.NFO,02/01/2024,09:22:18,1.4,1.35,95680,1.4,88120,11760,2192760
FINNIFTY02JAN2421150PE.NFO,02/01/2024,09:22:19,1.35,1.35,75000,1.4,66400,49920,2192760
FINNIFTY02JAN2421150PE.NFO,02/01/2024,09:22:20,1.4,1.35,90000,1.4,68680,8400,2192760
FINNIFTY02JAN2421150PE.NFO,02/01/2024,09:22:21,1.35,1.35,91040,1.4,29840,27800,2192760
FINNIFTY02JAN2421150PE.NFO,02/01/2024,09:22:21,1.4,1.35,91040,1.4,26440,800,2192760
FINNIFTY02JAN2421150PE.NFO,02/01/2024,09:22:22,1.35,1.35,89280,1.4,34520,9960,2192760
FINNIFTY02JAN2421150PE.NFO,02/01/2024,09:22:23,1.4,1.35,79680,1.4,54120,7160,2192760
FINNIFTY02JAN2421150PE.NFO,02/01/2024,09:22:25,1.35,1.35,60680,1.4,76480,6160,2192760
FINNIFTY02JAN2421150PE.NFO,02/01/2024,09:22:26,1.35,1.35,52040,1.4,76080,2360,2192760
FINNIFTY02JAN2421150PE.NFO,02/01/2024,09:22:26,1.35,1.35,61000,1.4,76200,0,2192760
FINNIFTY02JAN2421150PE.NFO,02/01/2024,09:22:27,1.4,1.35,49560,1.4,93880,18720,2192760
FINNIFTY02JAN2421150PE.NFO,02/01/2024,09:22:28,1.4,1.35,82880,1.4,59440,12440,2192760
FINNIFTY02JAN2421150PE.NFO,02/01/2024,09:22:29,1.4,1.35,90800,1.4,66800,4560,2192760
FINNIFTY02JAN2421150PE.NFO,02/01/2024,09:22:30,1.35,1.35,86440,1.4,85760,8560,2192760
FINNIFTY02JAN2421150PE.NFO,02/01/2024,09:22:31,1.4,1.35,89520,1.4,74640,1080,2192760
FINNIFTY02JAN2421150PE.NFO,02/01/2024,09:22:32,1.35,1.35,93800,1.4,73280,640,2192760
FINNIFTY02JAN2421150PE.NFO,02/01/2024,09:22:34,1.4,1.35,74200,1.4,112400,5640,2192760
FINNIFTY02JAN2421150PE.NFO,02/01/2024,09:22:35,1.4,1.35,78880,1.4,94000,2680,2192760
FINNIFTY02JAN2421150PE.NFO,02/01/2024,09:22:36,1.4,1.35,96160,1.4,87120,4520,2192760
FINNIFTY02JAN2421150PE.NFO,02/01/2024,09:22:37,1.4,1.35,101960,1.4,70840,2000,2192760
FINNIFTY02JAN2421150PE.NFO,02/01/2024,09:22:38,1.35,1.35,101800,1.4,101240,3440,2192760
FINNIFTY02JAN2421150PE.NFO,02/01/2024,09:22:39,1.35,1.35,80160,1.4,114640,800,2192760
FINNIFTY02JAN2421150PE.NFO,02/01/2024,09:22:40,1.4,1.35,75480,1.4,123800,4880,2192760
FINNIFTY02JAN2421150PE.NFO,02/01/2024,09:22:41,1.4,1.35,99800,1.4,119440,11160,2192760
FINNIFTY02JAN2421150PE.NFO,02/01/2024,09:22:42,1.35,1.35,119360,1.4,85840,640,2192760
FINNIFTY02JAN2421150PE.NFO,02/01/2024,09:22:43,1.4,1.35,99040,1.4,95120,3120,2192760
FINNIFTY02JAN2421150PE.NFO,02/01/2024,09:22:44,1.35,1.35,86240,1.4,129040,14120,2192760
FINNIFTY02JAN2421150PE.NFO,02/01/2024,09:22:45,1.35,1.35,89400,1.4,134560,16360,2192760
FINNIFTY02JAN2421150PE.NFO,02/01/2024,09:22:46,1.35,1.35,89480,1.4,132280,7800,2192760
FINNIFTY02JAN2421150PE.NFO,02/01/2024,09:22:47,1.4,1.35,88320,1.4,136920,1760,2192760
FINNIFTY02JAN2421150PE.NFO,02/01/2024,09:22:48,1.4,1.35,91600,1.4,134320,1560,2192760
FINNIFTY02JAN2421150PE.NFO,02/01/2024,09:22:49,1.35,1.35,128120,1.4,98720,7400,2192760
FINNIFTY02JAN2421150PE.NFO,02/01/2024,09:22:50,1.35,1.35,128000,1.4,94760,3880,2192760
FINNIFTY02JAN2421150PE.NFO,02/01/2024,09:22:51,1.35,1.35,100960,1.4,126840,6280,2192760
FINNIFTY02JAN2421150PE.NFO,02/01/2024,09:22:52,1.35,1.35,77840,1.4,137680,2520,2192760
FINNIFTY02JAN2421150PE.NFO,02/01/2024,09:22:53,1.35,1.35,90040,1.4,135120,4520,2192760
FINNIFTY02JAN2421150PE.NFO,02/01/2024,09:22:54,1.35,1.35,64760,1.4,134760,14040,2192760
FINNIFTY02JAN2421150PE.NFO,02/01/2024,09:22:55,1.35,1.35,67960,1.4,133520,6040,2192760
FINNIFTY02JAN2421150PE.NFO,02/01/2024,09:22:56,1.35,1.35,80880,1.4,133560,2440,2192760
FINNIFTY02JAN2421150PE.NFO,02/01/2024,09:22:57,1.35,1.35,91600,1.4,126400,4840,2192760
FINNIFTY02JAN2421150PE.NFO,02/01/2024,09:22:58,1.35,1.35,121400,1.4,88480,720,2192760
FINNIFTY02JAN2421150PE.NFO,02/01/2024,09:22:59,1.35,1.35,117520,1.4,89760,6680,2192760
FINNIFTY02JAN2421150PE.NFO,02/01/2024,09:23:00,1.35,1.35,87560,1.4,110760,2960,2192760
FINNIFTY02JAN2421150PE.NFO,02/01/2024,09:23:01,1.4,1.35,76320,1.4,134640,3120,2192760
FINNIFTY02JAN2421150PE.NFO,02/01/2024,09:23:02,1.4,1.35,112520,1.4,105840,5400,2192760
FINNIFTY02JAN2421150PE.NFO,02/01/2024,09:23:03,1.4,1.35,119320,1.4,86280,8040,2192760
FINNIFTY02JAN2421150PE.NFO,02/01/2024,09:23:04,1.35,1.35,67520,1.4,130520,11360,2192760
FINNIFTY02JAN2421150PE.NFO,02/01/2024,09:23:05,1.4,1.35,77240,1.4,132960,2080,2192760
FINNIFTY02JAN2421150PE.NFO,02/01/2024,09:23:06,1.35,1.35,81800,1.4,103760,8320,2192760
FINNIFTY02JAN2421150PE.NFO,02/01/2024,09:23:07,1.4,1.35,92240,1.4,91520,12720,2192760
FINNIFTY02JAN2421150PE.NFO,02/01/2024,09:23:08,1.35,1.35,111200,1.4,102600,12280,2192760
FINNIFTY02JAN2421150PE.NFO,02/01/2024,09:23:09,1.35,1.35,113880,1.4,106440,9280,2192760
FINNIFTY02JAN2421150PE.NFO,02/01/2024,09:23:10,1.4,1.35,107000,1.4,107480,4600,2192760
FINNIFTY02JAN2421150PE.NFO,02/01/2024,09:23:10,1.4,1.35,107000,1.4,110560,0,2192760
FINNIFTY02JAN2421150PE.NFO,02/01/2024,09:23:11,1.4,1.35,90240,1.4,131360,2440,2192760
FINNIFTY02JAN2421150PE.NFO,02/01/2024,09:23:12,1.4,1.35,104680,1.4,121280,4000,2192760
FINNIFTY02JAN2421150PE.NFO,02/01/2024,09:23:13,1.35,1.35,122320,1.4,101920,5480,2192760
FINNIFTY02JAN2421150PE.NFO,02/01/2024,09:23:14,1.4,1.35,123920,1.4,97960,2480,2192760
FINNIFTY02JAN2421150PE.NFO,02/01/2024,09:23:15,1.4,1.35,79040,1.4,130360,4480,2192760
FINNIFTY02JAN2421150PE.NFO,02/01/2024,09:23:16,1.35,1.35,111640,1.4,107640,3440,2192760
FINNIFTY02JAN2421150PE.NFO,02/01/2024,09:23:17,1.4,1.35,84960,1.4,129600,1160,2192760
FINNIFTY02JAN2421150PE.NFO,02/01/2024,09:23:18,1.4,1.35,121760,1.4,81840,5480,2192760
FINNIFTY02JAN2421150PE.NFO,02/01/2024,09:23:19,1.4,1.35,118560,1.4,84880,6440,2192760
FINNIFTY02JAN2421150PE.NFO,02/01/2024,09:23:20,1.4,1.35,124320,1.4,98080,14240,2192760
FINNIFTY02JAN2421150PE.NFO,02/01/2024,09:23:21,1.4,1.35,101320,1.4,110160,2960,2192760
FINNIFTY02JAN2421150PE.NFO,02/01/2024,09:23:22,1.35,1.35,117280,1.4,108200,2040,2192760
FINNIFTY02JAN2421150PE.NFO,02/01/2024,09:23:23,1.35,1.35,102160,1.4,92800,4440,2192760
FINNIFTY02JAN2421150PE.NFO,02/01/2024,09:23:24,1.35,1.35,118560,1.4,94560,120,2192760
FINNIFTY02JAN2421150PE.NFO,02/01/2024,09:23:25,1.35,1.35,126680,1.4,92760,0,2192760
FINNIFTY02JAN2421150PE.NFO,02/01/2024,09:23:26,1.4,1.35,128640,1.4,101240,6800,2192760
FINNIFTY02JAN2421150PE.NFO,02/01/2024,09:23:27,1.4,1.35,113240,1.4,124160,8240,2397840
FINNIFTY02JAN2421150PE.NFO,02/01/2024,09:23:28,1.35,1.35,131480,1.4,101360,5760,2397840
FINNIFTY02JAN2421150PE.NFO,02/01/2024,09:23:29,1.35,1.35,133320,1.4,90960,2680,2397840
FINNIFTY02JAN2421150PE.NFO,02/01/2024,09:23:30,1.35,1.35,108800,1.4,94920,13600,2397840
FINNIFTY02JAN2421150PE.NFO,02/01/2024,09:23:31,1.4,1.35,132880,1.4,89800,3960,2397840
FINNIFTY02JAN2421150PE.NFO,02/01/2024,09:23:32,1.4,1.35,121600,1.4,100880,4080,2397840
FINNIFTY02JAN2421150PE.NFO,02/01/2024,09:23:33,1.4,1.35,132920,1.4,91120,3880,2397840
FINNIFTY02JAN2421150PE.NFO,02/01/2024,09:23:34,1.4,1.35,141800,1.4,69600,3000,2397840
FINNIFTY02JAN2421150PE.NFO,02/01/2024,09:23:35,1.35,1.35,143440,1.4,92640,1200,2397840
FINNIFTY02JAN2421150PE.NFO,02/01/2024,09:23:36,1.35,1.35,140480,1.4,82400,840,2397840
FINNIFTY02JAN2421150PE.NFO,02/01/2024,09:23:37,1.35,1.35,139480,1.4,89440,3560,2397840
FINNIFTY02JAN2421150PE.NFO,02/01/2024,09:23:39,1.4,1.35,135440,1.4,77400,6640,2397840
FINNIFTY02JAN2421150PE.NFO,02/01/2024,09:23:40,1.4,1.35,115240,1.4,103960,2280,2397840
FINNIFTY02JAN2421150PE.NFO,02/01/2024,09:23:41,1.35,1.35,103640,1.4,118480,360,2397840
FINNIFTY02JAN2421150PE.NFO,02/01/2024,09:23:42,1.35,1.35,136160,1.4,75600,1600,2397840
FINNIFTY02JAN2421150PE.NFO,02/01/2024,09:23:43,1.4,1.35,137440,1.4,68600,1480,2397840
FINNIFTY02JAN2421150PE.NFO,02/01/2024,09:23:44,1.35,1.35,137200,1.4,80640,160,2397840
FINNIFTY02JAN2421150PE.NFO,02/01/2024,09:23:45,1.4,1.35,137160,1.4,75080,1080,2397840
FINNIFTY02JAN2421150PE.NFO,02/01/2024,09:23:46,1.35,1.35,114760,1.4,109640,2880,2397840
FINNIFTY02JAN2421150PE.NFO,02/01/2024,09:23:46,1.35,1.35,107520,1.4,116840,0,2397840
FINNIFTY02JAN2421150PE.NFO,02/01/2024,09:23:47,1.35,1.35,132160,1.4,91920,880,2397840
FINNIFTY02JAN2421150PE.NFO,02/01/2024,09:23:48,1.35,1.35,102560,1.4,105880,4080,2397840
FINNIFTY02JAN2421150PE.NFO,02/01/2024,09:23:50,1.4,1.35,114360,1.4,119280,680,2397840
FINNIFTY02JAN2421150PE.NFO,02/01/2024,09:23:51,1.4,1.35,120480,1.4,118240,8120,2397840
FINNIFTY02JAN2421150PE.NFO,02/01/2024,09:23:51,1.4,1.35,118520,1.4,120040,0,2397840
FINNIFTY02JAN2421150PE.NFO,02/01/2024,09:23:52,1.4,1.35,160640,1.4,68640,2480,2397840
FINNIFTY02JAN2421150PE.NFO,02/01/2024,09:23:53,1.35,1.35,159720,1.4,85320,3160,2397840
FINNIFTY02JAN2421150PE.NFO,02/01/2024,09:23:54,1.4,1.35,119280,1.4,112440,240,2397840
FINNIFTY02JAN2421150PE.NFO,02/01/2024,09:23:55,1.4,1.35,132400,1.4,113640,1280,2397840
FINNIFTY02JAN2421150PE.NFO,02/01/2024,09:23:56,1.35,1.35,171480,1.4,75200,4840,2397840
FINNIFTY02JAN2421150PE.NFO,02/01/2024,09:23:58,1.4,1.35,131200,1.4,114040,1920,2397840
FINNIFTY02JAN2421150PE.NFO,02/01/2024,09:23:59,1.4,1.35,152680,1.4,70720,3560,2397840
FINNIFTY02JAN2421150PE.NFO,02/01/2024,09:24:00,1.45,1.4,50560,1.45,141360,64200,2397840
FINNIFTY02JAN2421150PE.NFO,02/01/2024,09:24:01,1.45,1.4,60000,1.45,142720,20720,2397840
FINNIFTY02JAN2421150PE.NFO,02/01/2024,09:24:02,1.45,1.4,113400,1.45,118400,80,2397840
FINNIFTY02JAN2421150PE.NFO,02/01/2024,09:24:03,1.45,1.4,121800,1.45,88600,3520,2397840
FINNIFTY02JAN2421150PE.NFO,02/01/2024,09:24:03,1.4,1.4,121640,1.45,101960,1200,2397840
FINNIFTY02JAN2421150PE.NFO,02/01/2024,09:24:04,1.4,1.4,123840,1.45,95720,4320,2397840
FINNIFTY02JAN2421150PE.NFO,02/01/2024,09:24:06,1.4,1.4,123520,1.45,89040,8480,2397840
FINNIFTY02JAN2421150PE.NFO,02/01/2024,09:24:07,1.45,1.4,122800,1.45,93720,5480,2397840
FINNIFTY02JAN2421150PE.NFO,02/01/2024,09:24:08,1.45,1.4,112120,1.45,94400,6200,2397840
FINNIFTY02JAN2421150PE.NFO,02/01/2024,09:24:09,1.45,1.4,121480,1.45,80760,6200,2397840
FINNIFTY02JAN2421150PE.NFO,02/01/2024,09:24:10,1.45,1.4,120880,1.45,81720,5280,2397840
FINNIFTY02JAN2421150PE.NFO,02/01/2024,09:24:10,1.4,1.4,120840,1.45,79240,440,2397840
FINNIFTY02JAN2421150PE.NFO,02/01/2024,09:24:11,1.45,1.4,92600,1.45,110840,5480,2397840
FINNIFTY02JAN2421150PE.NFO,02/01/2024,09:24:13,1.4,1.4,94280,1.45,120120,2960,2397840
FINNIFTY02JAN2421150PE.NFO,02/01/2024,09:24:14,1.45,1.4,83800,1.45,119760,4720,2397840
FINNIFTY02JAN2421150PE.NFO,02/01/2024,09:24:15,1.4,1.4,88280,1.45,127440,3240,2397840
FINNIFTY02JAN2421150PE.NFO,02/01/2024,09:24:16,1.4,1.4,98440,1.45,125360,5600,2397840
FINNIFTY02JAN2421150PE.NFO,02/01/2024,09:24:16,1.45,1.4,98440,1.45,125320,40,2397840
FINNIFTY02JAN2421150PE.NFO,02/01/2024,09:24:17,1.45,1.4,88800,1.45,121160,6240,2397840
FINNIFTY02JAN2421150PE.NFO,02/01/2024,09:24:18,1.4,1.4,105080,1.45,117920,4000,2397840
FINNIFTY02JAN2421150PE.NFO,02/01/2024,09:24:19,1.45,1.4,125000,1.45,87040,3880,2397840
FINNIFTY02JAN2421150PE.NFO,02/01/2024,09:24:20,1.4,1.4,129480,1.45,89480,1200,2397840
FINNIFTY02JAN2421150PE.NFO,02/01/2024,09:24:21,1.45,1.4,134520,1.45,69880,10920,2397840
FINNIFTY02JAN2421150PE.NFO,02/01/2024,09:24:22,1.45,1.4,135920,1.45,63520,2280,2397840
FINNIFTY02JAN2421150PE.NFO,02/01/2024,09:24:23,1.45,1.4,113040,1.45,104600,15720,2397840
FINNIFTY02JAN2421150PE.NFO,02/01/2024,09:24:24,1.4,1.4,110360,1.45,116440,5800,2397840
FINNIFTY02JAN2421150PE.NFO,02/01/2024,09:24:25,1.4,1.4,96440,1.45,117480,5720,2397840
FINNIFTY02JAN2421150PE.NFO,02/01/2024,09:24:26,1.45,1.4,139840,1.45,65800,4440,2397840
FINNIFTY02JAN2421150PE.NFO,02/01/2024,09:24:28,1.4,1.4,134720,1.45,82840,10200,2397840
FINNIFTY02JAN2421150PE.NFO,02/01/2024,09:24:29,1.4,1.4,135720,1.45,72320,2920,2397840
FINNIFTY02JAN2421150PE.NFO,02/01/2024,09:24:30,1.45,1.4,135960,1.45,67560,2080,2397840
FINNIFTY02JAN2421150PE.NFO,02/01/2024,09:24:31,1.45,1.4,135960,1.45,68720,640,2397840
FINNIFTY02JAN2421150PE.NFO,02/01/2024,09:24:32,1.45,1.4,130640,1.45,81040,2040,2397840
FINNIFTY02JAN2421150PE.NFO,02/01/2024,09:24:33,1.45,1.4,136120,1.45,66080,4120,2397840
FINNIFTY02JAN2421150PE.NFO,02/01/2024,09:24:34,1.45,1.4,134840,1.45,68640,1880,2397840
FINNIFTY02JAN2421150PE.NFO,02/01/2024,09:24:34,1.45,1.4,134840,1.45,72280,800,2397840
FINNIFTY02JAN2421150PE.NFO,02/01/2024,09:24:35,1.45,1.4,95440,1.45,109760,1000,2397840
FINNIFTY02JAN2421150PE.NFO,02/01/2024,09:24:37,1.4,1.4,82040,1.45,117480,3320,2397840
FINNIFTY02JAN2421150PE.NFO,02/01/2024,09:24:38,1.45,1.4,101800,1.45,123920,9840,2397840
FINNIFTY02JAN2421150PE.NFO,02/01/2024,09:24:39,1.4,1.4,92800,1.45,122120,2480,2397840
FINNIFTY02JAN2421150PE.NFO,02/01/2024,09:24:39,1.4,1.4,102000,1.45,127560,40,2397840
FINNIFTY02JAN2421150PE.NFO,02/01/2024,09:24:40,1.4,1.4,92280,1.45,124440,4480,2397840
FINNIFTY02JAN2421150PE.NFO,02/01/2024,09:24:42,1.4,1.4,93600,1.45,124200,4240,2397840
FINNIFTY02JAN2421150PE.NFO,02/01/2024,09:24:43,1.45,1.4,122360,1.45,103840,1000,2397840
FINNIFTY02JAN2421150PE.NFO,02/01/2024,09:24:44,1.45,1.4,135600,1.45,57080,12840,2397840
FINNIFTY02JAN2421150PE.NFO,02/01/2024,09:24:44,1.45,1.4,135520,1.45,57040,0,2397840
FINNIFTY02JAN2421150PE.NFO,02/01/2024,09:24:45,1.4,1.4,107840,1.45,118720,2200,2397840
FINNIFTY02JAN2421150PE.NFO,02/01/2024,09:24:47,1.4,1.4,84840,1.45,129040,11200,2397840
FINNIFTY02JAN2421150PE.NFO,02/01/2024,09:24:48,1.45,1.4,122240,1.45,117560,5520,2397840
FINNIFTY02JAN2421150PE.NFO,02/01/2024,09:24:49,1.4,1.4,113480,1.45,107440,7960,2397840
FINNIFTY02JAN2421150PE.NFO,02/01/2024,09:24:49,1.45,1.4,120680,1.45,108320,880,2397840
FINNIFTY02JAN2421150PE.NFO,02/01/2024,09:24:50,1.4,1.4,105880,1.45,130240,3120,2397840
FINNIFTY02JAN2421150PE.NFO,02/01/2024,09:24:52,1.45,1.4,132040,1.45,87920,2680,2397840
FINNIFTY02JAN2421150PE.NFO,02/01/2024,09:24:53,1.45,1.4,130200,1.45,92800,4400,2397840
FINNIFTY02JAN2421150PE.NFO,02/01/2024,09:24:54,1.45,1.4,130640,1.45,84800,6160,2397840
FINNIFTY02JAN2421150PE.NFO,02/01/2024,09:24:54,1.45,1.4,130680,1.45,77880,4200,2397840
FINNIFTY02JAN2421150PE.NFO,02/01/2024,09:24:55,1.4,1.4,133440,1.45,63520,3360,2397840
FINNIFTY02JAN2421150PE.NFO,02/01/2024,09:24:57,1.45,1.4,134080,1.45,53400,3760,2397840
FINNIFTY02JAN2421150PE.NFO,02/01/2024,09:24:58,1.4,1.4,110360,1.45,101400,2000,2397840
FINNIFTY02JAN2421150PE.NFO,02/01/2024,09:24:59,1.45,1.4,116400,1.45,102400,3240,2397840
FINNIFTY02JAN2421150PE.NFO,02/01/2024,09:24:59,1.45,1.4,96600,1.45,111400,0,2397840
FINNIFTY02JAN2421150PE.NFO,02/01/2024,09:25:00,1.4,1.4,87440,1.45,112760,12040,2397840
FINNIFTY02JAN2421150PE.NFO,02/01/2024,09:25:02,1.4,1.4,129200,1.45,73560,22600,2397840
FINNIFTY02JAN2421150PE.NFO,02/01/2024,09:25:03,1.45,1.4,131320,1.45,81600,2960,2397840
FINNIFTY02JAN2421150PE.NFO,02/01/2024,09:25:04,1.4,1.4,91840,1.45,108760,160,2397840
FINNIFTY02JAN2421150PE.NFO,02/01/2024,09:25:05,1.4,1.4,98960,1.45,115680,3280,2397840
FINNIFTY02JAN2421150PE.NFO,02/01/2024,09:25:06,1.4,1.4,81760,1.45,129600,9880,2397840
FINNIFTY02JAN2421150PE.NFO,02/01/2024,09:25:07,1.4,1.4,75200,1.45,137080,15720,2397840
FINNIFTY02JAN2421150PE.NFO,02/01/2024,09:25:08,1.4,1.4,70560,1.45,138560,2960,2397840
FINNIFTY02JAN2421150PE.NFO,02/01/2024,09:25:09,1.4,1.4,73880,1.45,137320,1200,2397840
FINNIFTY02JAN2421150PE.NFO,02/01/2024,09:25:10,1.4,1.4,96920,1.45,137520,6200,2397840
FINNIFTY02JAN2421150PE.NFO,02/01/2024,09:25:11,1.45,1.4,90960,1.45,140440,18600,2397840
FINNIFTY02JAN2421150PE.NFO,02/01/2024,09:25:12,1.45,1.4,106880,1.45,127960,4640,2397840
FINNIFTY02JAN2421150PE.NFO,02/01/2024,09:25:13,1.45,1.4,128400,1.45,109800,1320,2397840
FINNIFTY02JAN2421150PE.NFO,02/01/2024,09:25:13,1.45,1.4,126560,1.45,113360,40,2397840
FINNIFTY02JAN2421150PE.NFO,02/01/2024,09:25:14,1.45,1.4,72760,1.45,131080,5560,2397840
FINNIFTY02JAN2421150PE.NFO,02/01/2024,09:25:16,1.4,1.4,73000,1.45,131400,3400,2397840
FINNIFTY02JAN2421150PE.NFO,02/01/2024,09:25:17,1.4,1.4,74920,1.45,130120,5680,2397840
FINNIFTY02JAN2421150PE.NFO,02/01/2024,09:25:18,1.45,1.4,81600,1.45,128920,4720,2397840
FINNIFTY02JAN2421150PE.NFO,02/01/2024,09:25:19,1.4,1.4,97680,1.45,118080,120,2397840
FINNIFTY02JAN2421150PE.NFO,02/01/2024,09:25:20,1.4,1.4,91800,1.45,126880,1600,2397840
FINNIFTY02JAN2421150PE.NFO,02/01/2024,09:25:21,1.4,1.4,66040,1.45,142400,11200,2397840
FINNIFTY02JAN2421150PE.NFO,02/01/2024,09:25:22,1.4,1.4,56480,1.45,144920,9560,2397840
FINNIFTY02JAN2421150PE.NFO,02/01/2024,09:25:22,1.4,1.4,55480,1.45,144960,1200,2397840
FINNIFTY02JAN2421150PE.NFO,02/01/2024,09:25:23,1.45,1.4,67000,1.45,143840,3880,2397840
FINNIFTY02JAN2421150PE.NFO,02/01/2024,09:25:24,1.4,1.4,66400,1.45,144480,4640,2397840
FINNIFTY02JAN2421150PE.NFO,02/01/2024,09:25:26,1.4,1.4,58320,1.45,147240,8720,2397840
FINNIFTY02JAN2421150PE.NFO,02/01/2024,09:25:27,1.4,1.4,71920,1.45,141200,2320,2397840
FINNIFTY02JAN2421150PE.NFO,02/01/2024,09:25:28,1.45,1.4,70680,1.45,136120,720,2397840
FINNIFTY02JAN2421150PE.NFO,02/01/2024,09:25:29,1.4,1.4,98640,1.45,118680,200,2397840
FINNIFTY02JAN2421150PE.NFO,02/01/2024,09:25:30,1.45,1.4,89360,1.45,129800,4800,2397840
FINNIFTY02JAN2421150PE.NFO,02/01/2024,09:25:31,1.4,1.4,100560,1.45,116440,3040,2397840
FINNIFTY02JAN2421150PE.NFO,02/01/2024,09:25:32,1.45,1.4,33200,1.45,132720,47360,2397840
FINNIFTY02JAN2421150PE.NFO,02/01/2024,09:25:33,1.4,1.4,30160,1.45,140280,12920,2397840
FINNIFTY02JAN2421150PE.NFO,02/01/2024,09:25:34,1.4,1.4,69760,1.45,132120,9600,2397840
FINNIFTY02JAN2421150PE.NFO,02/01/2024,09:25:35,1.45,1.4,83000,1.45,114360,4000,2397840
FINNIFTY02JAN2421150PE.NFO,02/01/2024,09:25:35,1.45,1.4,85360,1.45,113680,1600,2397840
FINNIFTY02JAN2421150PE.NFO,02/01/2024,09:25:36,1.45,1.4,82240,1.45,121520,5760,2397840
FINNIFTY02JAN2421150PE.NFO,02/01/2024,09:25:38,1.45,1.4,109000,1.45,119720,6240,2397840
FINNIFTY02JAN2421150PE.NFO,02/01/2024,09:25:39,1.45,1.4,108960,1.45,123120,200,2397840
FINNIFTY02JAN2421150PE.NFO,02/01/2024,09:25:40,1.4,1.4,116760,1.45,120360,1680,2397840
FINNIFTY02JAN2421150PE.NFO,02/01/2024,09:25:41,1.45,1.4,116760,1.45,110560,3760,2397840
FINNIFTY02JAN2421150PE.NFO,02/01/2024,09:25:42,1.4,1.4,77560,1.45,142360,40,2397840
FINNIFTY02JAN2421150PE.NFO,02/01/2024,09:25:43,1.45,1.4,90080,1.45,139640,2400,2397840
FINNIFTY02JAN2421150PE.NFO,02/01/2024,09:25:44,1.4,1.4,89360,1.45,140720,960,2397840
FINNIFTY02JAN2421150PE.NFO,02/01/2024,09:25:45,1.45,1.4,114720,1.45,110560,3240,2397840
FINNIFTY02JAN2421150PE.NFO,02/01/2024,09:25:46,1.4,1.4,86960,1.45,141480,3600,2397840
FINNIFTY02JAN2421150PE.NFO,02/01/2024,09:25:47,1.4,1.4,86520,1.45,144480,1840,2397840
FINNIFTY02JAN2421150PE.NFO,02/01/2024,09:25:48,1.45,1.4,81360,1.45,143960,160,2397840
FINNIFTY02JAN2421150PE.NFO,02/01/2024,09:25:49,1.45,1.4,113000,1.45,126240,2920,2397840
FINNIFTY02JAN2421150PE.NFO,02/01/2024,09:25:50,1.45,1.4,98200,1.45,145480,960,2397840
FINNIFTY02JAN2421150PE.NFO,02/01/2024,09:25:51,1.45,1.4,84920,1.45,143960,320,2397840
FINNIFTY02JAN2421150PE.NFO,02/01/2024,09:25:52,1.45,1.4,97600,1.45,132560,760,2397840
FINNIFTY02JAN2421150PE.NFO,02/01/2024,09:25:53,1.45,1.4,103920,1.45,137360,1560,2397840
FINNIFTY02JAN2421150PE.NFO,02/01/2024,09:25:54,1.4,1.4,124600,1.45,111760,2520,2397840
FINNIFTY02JAN2421150PE.NFO,02/01/2024,09:25:55,1.45,1.4,131600,1.45,111320,3040,2397840
FINNIFTY02JAN2421150PE.NFO,02/01/2024,09:25:56,1.4,1.4,125920,1.45,111920,160,2397840
FINNIFTY02JAN2421150PE.NFO,02/01/2024,09:25:57,1.4,1.4,126840,1.45,106120,1240,2397840
FINNIFTY02JAN2421150PE.NFO,02/01/2024,09:25:58,1.4,1.4,121240,1.45,118120,4320,2397840
FINNIFTY02JAN2421150PE.NFO,02/01/2024,09:25:59,1.45,1.4,129560,1.45,107400,5960,2397840
FINNIFTY02JAN2421150PE.NFO,02/01/2024,09:26:00,1.4,1.4,147280,1.45,152880,8560,2397840
FINNIFTY02JAN2421150PE.NFO,02/01/2024,09:26:01,1.4,1.4,82320,1.45,193440,5120,2397840
FINNIFTY02JAN2421150PE.NFO,02/01/2024,09:26:02,1.4,1.4,148440,1.45,194760,1680,2397840
FINNIFTY02JAN2421150PE.NFO,02/01/2024,09:26:03,1.45,1.4,182680,1.45,154240,40,2397840
FINNIFTY02JAN2421150PE.NFO,02/01/2024,09:26:04,1.4,1.4,180000,1.45,146600,5640,2397840
FINNIFTY02JAN2421150PE.NFO,02/01/2024,09:26:05,1.4,1.4,122640,1.45,162520,6040,2397840
FINNIFTY02JAN2421150PE.NFO,02/01/2024,09:26:06,1.4,1.4,31840,1.45,176040,67960,2397840
FINNIFTY02JAN2421150PE.NFO,02/01/2024,09:26:07,1.4,1.4,42600,1.45,175360,171840,2397840
FINNIFTY02JAN2421150PE.NFO,02/01/2024,09:26:08,1.4,1.4,66760,1.45,166320,47640,2397840
FINNIFTY02JAN2421150PE.NFO,02/01/2024,09:26:09,1.45,1.4,124480,1.45,126840,1960,2397840
FINNIFTY02JAN2421150PE.NFO,02/01/2024,09:26:10,1.4,1.4,77000,1.45,166360,1320,2397840
FINNIFTY02JAN2421150PE.NFO,02/01/2024,09:26:11,1.45,1.4,90000,1.45,159720,720,2397840
FINNIFTY02JAN2421150PE.NFO,02/01/2024,09:26:12,1.4,1.4,145000,1.45,125200,880,2397840
FINNIFTY02JAN2421150PE.NFO,02/01/2024,09:26:13,1.4,1.4,100720,1.45,136840,91200,2397840
FINNIFTY02JAN2421150PE.NFO,02/01/2024,09:26:14,1.4,1.4,14240,1.45,127240,105640,2397840
FINNIFTY02JAN2421150PE.NFO,02/01/2024,09:26:15,1.4,1.35,147800,1.4,150760,54520,2397840
FINNIFTY02JAN2421150PE.NFO,02/01/2024,09:26:16,1.45,1.4,108880,1.45,31640,123520,2397840
FINNIFTY02JAN2421150PE.NFO,02/01/2024,09:26:17,1.45,1.4,84680,1.45,103920,288920,2397840
FINNIFTY02JAN2421150PE.NFO,02/01/2024,09:26:18,1.4,1.4,58040,1.45,100240,230800,2397840
FINNIFTY02JAN2421150PE.NFO,02/01/2024,09:26:19,1.4,1.35,165120,1.4,130000,77600,2397840
FINNIFTY02JAN2421150PE.NFO,02/01/2024,09:26:20,1.35,1.35,163120,1.4,116840,4560,2397840
FINNIFTY02JAN2421150PE.NFO,02/01/2024,09:26:21,1.35,1.35,137880,1.4,141280,3320,2397840
FINNIFTY02JAN2421150PE.NFO,02/01/2024,09:26:22,1.4,1.35,159000,1.4,56840,92400,2397840
FINNIFTY02JAN2421150PE.NFO,02/01/2024,09:26:23,1.4,1.4,102400,1.45,93560,74800,2397840
FINNIFTY02JAN2421150PE.NFO,02/01/2024,09:26:24,1.4,1.4,47240,1.45,120160,116320,2397840
FINNIFTY02JAN2421150PE.NFO,02/01/2024,09:26:25,1.4,1.4,166880,1.45,68720,960,2397840
FINNIFTY02JAN2421150PE.NFO,02/01/2024,09:26:26,1.45,1.45,70960,1.5,112880,41560,2397840
FINNIFTY02JAN2421150PE.NFO,02/01/2024,09:26:27,1.4,1.4,180640,1.45,74080,42720,2397840
FINNIFTY02JAN2421150PE.NFO,02/01/2024,09:26:28,1.4,1.4,187640,1.45,79440,6480,2546680
FINNIFTY02JAN2421150PE.NFO,02/01/2024,09:26:29,1.45,1.45,33040,1.5,109560,69080,2546680
FINNIFTY02JAN2421150PE.NFO,02/01/2024,09:26:30,1.5,1.5,50840,1.55,109520,125960,2546680
FINNIFTY02JAN2421150PE.NFO,02/01/2024,09:26:31,1.5,1.5,52760,1.55,108720,9560,2546680
FINNIFTY02JAN2421150PE.NFO,02/01/2024,09:26:32,1.5,1.5,21560,1.55,104320,167080,2546680
FINNIFTY02JAN2421150PE.NFO,02/01/2024,09:26:33,1.5,1.5,116760,1.55,62160,77280,2546680
FINNIFTY02JAN2421150PE.NFO,02/01/2024,09:26:34,1.55,1.5,87040,1.55,97080,24000,2546680
FINNIFTY02JAN2421150PE.NFO,02/01/2024,09:26:35,1.55,1.55,58800,1.6,108880,104960,2546680
FINNIFTY02JAN2421150PE.NFO,02/01/2024,09:26:36,1.5,1.5,116000,1.55,36520,64720,2546680
FINNIFTY02JAN2421150PE.NFO,02/01/2024,09:26:37,1.5,1.5,99400,1.55,52200,102640,2546680
FINNIFTY02JAN2421150PE.NFO,02/01/2024,09:26:38,1.55,1.5,100480,1.55,28680,76480,2546680
FINNIFTY02JAN2421150PE.NFO,02/01/2024,09:26:39,1.55,1.55,64120,1.6,88120,208560,2546680
FINNIFTY02JAN2421150PE.NFO,02/01/2024,09:26:40,1.55,1.5,118480,1.55,68480,99480,2546680
FINNIFTY02JAN2421150PE.NFO,02/01/2024,09:26:41,1.5,1.45,100560,1.5,45960,123400,2546680
FINNIFTY02JAN2421150PE.NFO,02/01/2024,09:26:42,1.45,1.45,66120,1.5,100600,3000,2546680
FINNIFTY02JAN2421150PE.NFO,02/01/2024,09:26:43,1.45,1.45,37160,1.5,100880,90720,2546680
FINNIFTY02JAN2421150PE.NFO,02/01/2024,09:26:44,1.5,1.45,58720,1.5,111040,75280,2546680
FINNIFTY02JAN2421150PE.NFO,02/01/2024,09:26:45,1.5,1.45,93560,1.5,59240,108200,2546680
FINNIFTY02JAN2421150PE.NFO,02/01/2024,09:26:46,1.5,1.45,84480,1.5,82160,80800,2546680
FINNIFTY02JAN2421150PE.NFO,02/01/2024,09:26:47,1.45,1.4,87160,1.45,25840,93720,2546680
FINNIFTY02JAN2421150PE.NFO,02/01/2024,09:26:48,1.5,1.45,88960,1.5,86640,62640,2546680
FINNIFTY02JAN2421150PE.NFO,02/01/2024,09:26:49,1.45,1.4,83880,1.45,89880,28080,2546680
FINNIFTY02JAN2421150PE.NFO,02/01/2024,09:26:50,1.4,1.4,81400,1.45,78880,8760,2546680
FINNIFTY02JAN2421150PE.NFO,02/01/2024,09:26:51,1.4,1.4,114720,1.45,69320,7760,2546680
FINNIFTY02JAN2421150PE.NFO,02/01/2024,09:26:52,1.4,1.4,114960,1.45,57280,5200,2546680
FINNIFTY02JAN2421150PE.NFO,02/01/2024,09:26:53,1.4,1.4,59120,1.45,92400,12480,2546680
FINNIFTY02JAN2421150PE.NFO,02/01/2024,09:26:54,1.45,1.4,119400,1.45,62720,11200,2546680
FINNIFTY02JAN2421150PE.NFO,02/01/2024,09:26:55,1.45,1.4,119360,1.45,65280,7440,2546680
FINNIFTY02JAN2421150PE.NFO,02/01/2024,09:26:56,1.45,1.4,84800,1.45,97480,11000,2546680
FINNIFTY02JAN2421150PE.NFO,02/01/2024,09:26:57,1.45,1.4,80200,1.45,105880,17520,2546680
FINNIFTY02JAN2421150PE.NFO,02/01/2024,09:26:58,1.4,1.4,111800,1.45,86720,13880,2546680
FINNIFTY02JAN2421150PE.NFO,02/01/2024,09:26:59,1.4,1.4,47560,1.45,108000,17080,2546680
FINNIFTY02JAN2421150PE.NFO,02/01/2024,09:27:00,1.45,1.4,68360,1.45,109080,15200,2546680
FINNIFTY02JAN2421150PE.NFO,02/01/2024,09:27:01,1.45,1.4,79480,1.45,105360,7920,2546680
FINNIFTY02JAN2421150PE.NFO,02/01/2024,09:27:02,1.45,1.4,108480,1.45,67920,4200,2546680
FINNIFTY02JAN2421150PE.NFO,02/01/2024,09:27:03,1.5,1.45,83040,1.5,93000,76840,2546680
FINNIFTY02JAN2421150PE.NFO,02/01/2024,09:27:04,1.5,1.45,119400,1.5,74320,12080,2546680
FINNIFTY02JAN2421150PE.NFO,02/01/2024,09:27:05,1.45,1.45,88760,1.5,102120,37320,2546680
FINNIFTY02JAN2421150PE.NFO,02/01/2024,09:27:06,1.5,1.45,112160,1.5,90360,11000,2546680
FINNIFTY02JAN2421150PE.NFO,02/01/2024,09:27:07,1.5,1.45,120800,1.5,78240,36680,2546680
FINNIFTY02JAN2421150PE.NFO,02/01/2024,09:27:08,1.5,1.45,156840,1.5,43120,13240,2546680
FINNIFTY02JAN2421150PE.NFO,02/01/2024,09:27:09,1.45,1.45,120720,1.5,64840,56280,2546680
FINNIFTY02JAN2421150PE.NFO,02/01/2024,09:27:10,1.5,1.5,23160,1.55,128040,34080,2546680
FINNIFTY02JAN2421150PE.NFO,02/01/2024,09:27:11,1.55,1.5,56800,1.55,117640,25960,2546680
FINNIFTY02JAN2421150PE.NFO,02/01/2024,09:27:12,1.5,1.45,119000,1.5,57840,35400,2546680
FINNIFTY02JAN2421150PE.NFO,02/01/2024,09:27:13,1.45,1.45,118520,1.5,81160,15880,2546680
FINNIFTY02JAN2421150PE.NFO,02/01/2024,09:27:14,1.45,1.45,114760,1.5,9600,90240,2546680
FINNIFTY02JAN2421150PE.NFO,02/01/2024,09:27:15,1.5,1.45,116440,1.5,67920,21720,2546680
FINNIFTY02JAN2421150PE.NFO,02/01/2024,09:27:16,1.45,1.45,90040,1.5,82600,21760,2546680
FINNIFTY02JAN2421150PE.NFO,02/01/2024,09:27:17,1.5,1.45,106840,1.5,74800,4560,2546680
FINNIFTY02JAN2421150PE.NFO,02/01/2024,09:27:18,1.45,1.45,86000,1.5,61280,83880,2546680
FINNIFTY02JAN2421150PE.NFO,02/01/2024,09:27:19,1.5,1.45,98160,1.5,71120,25120,2546680
FINNIFTY02JAN2421150PE.NFO,02/01/2024,09:27:20,1.5,1.45,83080,1.5,74600,8640,2546680
FINNIFTY02JAN2421150PE.NFO,02/01/2024,09:27:21,1.45,1.4,108000,1.45,82360,31680,2546680
FINNIFTY02JAN2421150PE.NFO,02/01/2024,09:27:22,1.45,1.4,92880,1.45,109000,5160,2546680
FINNIFTY02JAN2421150PE.NFO,02/01/2024,09:27:23,1.45,1.4,103800,1.45,98680,10560,2546680
FINNIFTY02JAN2421150PE.NFO,02/01/2024,09:27:24,1.45,1.4,104960,1.45,118680,4600,2546680
FINNIFTY02JAN2421150PE.NFO,02/01/2024,09:27:25,1.45,1.4,136920,1.45,47520,5840,2546680
FINNIFTY02JAN2421150PE.NFO,02/01/2024,09:27:26,1.4,1.4,93400,1.45,98760,3560,2546680
FINNIFTY02JAN2421150PE.NFO,02/01/2024,09:27:27,1.45,1.4,92760,1.45,98520,4720,2546680
FINNIFTY02JAN2421150PE.NFO,02/01/2024,09:27:28,1.4,1.4,93160,1.45,118960,6640,2546680
FINNIFTY02JAN2421150PE.NFO,02/01/2024,09:27:29,1.4,1.4,99040,1.45,120680,2160,2546680
FINNIFTY02JAN2421150PE.NFO,02/01/2024,09:27:30,1.45,1.4,93160,1.45,105240,13760,2546680
FINNIFTY02JAN2421150PE.NFO,02/01/2024,09:27:31,1.45,1.4,94840,1.45,122680,1600,2546680
FINNIFTY02JAN2421150PE.NFO,02/01/2024,09:27:32,1.45,1.4,107480,1.45,89200,2440,2546680
FINNIFTY02JAN2421150PE.NFO,02/01/2024,09:27:33,1.4,1.4,89640,1.45,131680,2120,2546680
FINNIFTY02JAN2421150PE.NFO,02/01/2024,09:27:34,1.4,1.4,77240,1.45,131160,6760,2546680
FINNIFTY02JAN2421150PE.NFO,02/01/2024,09:27:35,1.4,1.4,43040,1.45,122360,60520,2546680
FINNIFTY02JAN2421150PE.NFO,02/01/2024,09:27:36,1.4,1.35,105640,1.45,122840,43760,2546680
FINNIFTY02JAN2421150PE.NFO,02/01/2024,09:27:37,1.4,1.4,42680,1.45,125680,16280,2546680
FINNIFTY02JAN2421150PE.NFO,02/01/2024,09:27:38,1.45,1.4,84480,1.45,124120,18680,2546680
FINNIFTY02JAN2421150PE.NFO,02/01/2024,09:27:39,1.45,1.4,85360,1.45,98560,5400,2546680
FINNIFTY02JAN2421150PE.NFO,02/01/2024,09:27:40,1.45,1.4,86680,1.45,125800,2000,2546680
FINNIFTY02JAN2421150PE.NFO,02/01/2024,09:27:41,1.45,1.4,83360,1.45,127640,4200,2546680
FINNIFTY02JAN2421150PE.NFO,02/01/2024,09:27:42,1.45,1.4,97160,1.45,84440,12320,2546680
FINNIFTY02JAN2421150PE.NFO,02/01/2024,09:27:43,1.4,1.4,49080,1.45,131440,3800,2546680
FINNIFTY02JAN2421150PE.NFO,02/01/2024,09:27:44,1.4,1.4,5000,1.45,128600,95280,2546680
FINNIFTY02JAN2421150PE.NFO,02/01/2024,09:27:45,1.4,1.4,71040,1.45,99840,13400,2546680
FINNIFTY02JAN2421150PE.NFO,02/01/2024,09:27:46,1.4,1.4,35040,1.45,130000,8840,2546680
FINNIFTY02JAN2421150PE.NFO,02/01/2024,09:27:47,1.4,1.4,40440,1.45,126720,15960,2546680
FINNIFTY02JAN2421150PE.NFO,02/01/2024,09:27:48,1.4,1.4,58080,1.45,128600,6760,2546680
FINNIFTY02JAN2421150PE.NFO,02/01/2024,09:27:49,1.4,1.4,18800,1.45,111400,57360,2546680
FINNIFTY02JAN2421150PE.NFO,02/01/2024,09:27:50,1.4,1.4,25440,1.45,106920,18280,2546680
FINNIFTY02JAN2421150PE.NFO,02/01/2024,09:27:51,1.45,1.4,41880,1.45,107160,12800,2546680
FINNIFTY02JAN2421150PE.NFO,02/01/2024,09:27:52,1.4,1.35,112640,1.4,52160,39760,2546680
FINNIFTY02JAN2421150PE.NFO,02/01/2024,09:27:53,1.35,1.35,109200,1.4,54920,40000,2546680
FINNIFTY02JAN2421150PE.NFO,02/01/2024,09:27:54,1.4,1.35,114040,1.4,42400,14400,2546680
FINNIFTY02JAN2421150PE.NFO,02/01/2024,09:27:55,1.35,1.35,108880,1.4,59080,7640,2546680
FINNIFTY02JAN2421150PE.NFO,02/01/2024,09:27:56,1.4,1.35,111600,1.4,58640,1120,2546680
FINNIFTY02JAN2421150PE.NFO,02/01/2024,09:27:57,1.4,1.35,106600,1.4,63720,10400,2546680
FINNIFTY02JAN2421150PE.NFO,02/01/2024,09:27:58,1.4,1.4,42680,1.45,59000,82560,2546680
FINNIFTY02JAN2421150PE.NFO,02/01/2024,09:27:59,1.4,1.35,69840,1.4,49080,76400,2546680
FINNIFTY02JAN2421150PE.NFO,02/01/2024,09:28:00,1.4,1.35,82480,1.4,56040,8760,2546680
FINNIFTY02JAN2421150PE.NFO,02/01/2024,09:28:01,1.4,1.35,100040,1.4,67080,12120,2546680
FINNIFTY02JAN2421150PE.NFO,02/01/2024,09:28:02,1.4,1.35,66720,1.4,98880,19720,2546680
FINNIFTY02JAN2421150PE.NFO,02/01/2024,09:28:03,1.35,1.3,126000,1.35,47480,33520,2546680
FINNIFTY02JAN2421150PE.NFO,02/01/2024,09:28:04,1.3,1.3,99360,1.35,120600,6760,2546680
FINNIFTY02JAN2421150PE.NFO,02/01/2024,09:28:05,1.3,1.3,89160,1.35,100560,19280,2546680
FINNIFTY02JAN2421150PE.NFO,02/01/2024,09:28:06,1.3,1.3,68440,1.35,116240,5960,2546680
FINNIFTY02JAN2421150PE.NFO,02/01/2024,09:28:07,1.3,1.3,108000,1.35,96600,1840,2546680
FINNIFTY02JAN2421150PE.NFO,02/01/2024,09:28:08,1.35,1.3,112320,1.35,92480,6280,2546680
FINNIFTY02JAN2421150PE.NFO,02/01/2024,09:28:09,1.3,1.3,82880,1.35,108080,12640,2546680
FINNIFTY02JAN2421150PE.NFO,02/01/2024,09:28:10,1.3,1.3,108360,1.35,91320,9000,2546680
FINNIFTY02JAN2421150PE.NFO,02/01/2024,09:28:11,1.3,1.3,90440,1.35,111200,4120,2546680
FINNIFTY02JAN2421150PE.NFO,02/01/2024,09:28:12,1.35,1.3,37000,1.35,131560,5120,2546680
FINNIFTY02JAN2421150PE.NFO,02/01/2024,09:28:13,1.25,1.25,138320,1.3,54000,32240,2546680
FINNIFTY02JAN2421150PE.NFO,02/01/2024,09:28:14,1.3,1.25,111800,1.3,71920,7720,2546680
FINNIFTY02JAN2421150PE.NFO,02/01/2024,09:28:15,1.25,1.25,97760,1.3,115320,3360,2546680
FINNIFTY02JAN2421150PE.NFO,02/01/2024,09:28:16,1.25,1.25,133240,1.3,78480,3080,2546680
FINNIFTY02JAN2421150PE.NFO,02/01/2024,09:28:17,1.25,1.25,134720,1.3,76680,1600,2546680
FINNIFTY02JAN2421150PE.NFO,02/01/2024,09:28:18,1.3,1.25,94280,1.3,121280,8760,2546680
FINNIFTY02JAN2421150PE.NFO,02/01/2024,09:28:19,1.25,1.25,135280,1.3,81040,3880,2546680
FINNIFTY02JAN2421150PE.NFO,02/01/2024,09:28:20,1.3,1.25,90800,1.3,119240,12280,2546680
FINNIFTY02JAN2421150PE.NFO,02/01/2024,09:28:21,1.3,1.25,129520,1.3,81200,10880,2546680
FINNIFTY02JAN2421150PE.NFO,02/01/2024,09:28:22,1.3,1.25,69400,1.3,122720,7760,2546680
FINNIFTY02JAN2421150PE.NFO,02/01/2024,09:28:23,1.25,1.25,49720,1.3,104560,10840,2546680
FINNIFTY02JAN2421150PE.NFO,02/01/2024,09:28:24,1.3,1.25,131280,1.3,101920,14640,2546680
FINNIFTY02JAN2421150PE.NFO,02/01/2024,09:28:25,1.25,1.25,110720,1.3,108200,32320,2546680
FINNIFTY02JAN2421150PE.NFO,02/01/2024,09:28:26,1.3,1.25,40840,1.3,133920,59240,2546680
FINNIFTY02JAN2421150PE.NFO,02/01/2024,09:28:27,1.3,1.25,28920,1.3,134520,31440,2546680
FINNIFTY02JAN2421150PE.NFO,02/01/2024,09:28:28,1.3,1.25,33440,1.3,151840,25120,2546680
FINNIFTY02JAN2421150PE.NFO,02/01/2024,09:28:29,1.3,1.25,35200,1.3,143360,14880,2546680
FINNIFTY02JAN2421150PE.NFO,02/01/2024,09:28:30,1.3,1.25,61360,1.3,113920,38440,2546680
FINNIFTY02JAN2421150PE.NFO,02/01/2024,09:28:31,1.25,1.25,37880,1.3,142520,31600,2546680
FINNIFTY02JAN2421150PE.NFO,02/01/2024,09:28:32,1.25,1.25,42040,1.3,134320,20320,2546680
FINNIFTY02JAN2421150PE.NFO,02/01/2024,09:28:33,1.25,1.2,155920,1.25,5160,52040,2546680
FINNIFTY02JAN2421150PE.NFO,02/01/2024,09:28:34,1.25,1.2,161200,1.25,68440,26720,2546680
FINNIFTY02JAN2421150PE.NFO,02/01/2024,09:28:35,1.25,1.2,132080,1.25,120600,13880,2546680
FINNIFTY02JAN2421150PE.NFO,02/01/2024,09:28:36,1.2,1.2,165560,1.25,83480,23720,2546680
FINNIFTY02JAN2421150PE.NFO,02/01/2024,09:28:37,1.25,1.2,115520,1.25,122200,19840,2546680
FINNIFTY02JAN2421150PE.NFO,02/01/2024,09:28:38,1.2,1.2,99560,1.25,98080,62680,2546680
FINNIFTY02JAN2421150PE.NFO,02/01/2024,09:28:39,1.25,1.2,146880,1.25,5400,55840,2546680
FINNIFTY02JAN2421150PE.NFO,02/01/2024,09:28:40,1.25,1.2,102640,1.25,110760,89280,2546680
FINNIFTY02JAN2421150PE.NFO,02/01/2024,09:28:41,1.2,1.2,102200,1.25,107000,2760,2546680
FINNIFTY02JAN2421150PE.NFO,02/01/2024,09:28:42,1.25,1.2,101320,1.25,116200,1360,2546680
FINNIFTY02JAN2421150PE.NFO,02/01/2024,09:28:43,1.25,1.2,101400,1.25,119720,1160,2546680
FINNIFTY02JAN2421150PE.NFO,02/01/2024,09:28:44,1.25,1.2,102640,1.25,120560,1440,2546680
FINNIFTY02JAN2421150PE.NFO,02/01/2024,09:28:45,1.25,1.2,103280,1.25,108680,14320,2546680
FINNIFTY02JAN2421150PE.NFO,02/01/2024,09:28:46,1.25,1.2,104480,1.25,116600,7680,2546680
FINNIFTY02JAN2421150PE.NFO,02/01/2024,09:28:47,1.25,1.2,106720,1.25,81640,110000,2546680
FINNIFTY02JAN2421150PE.NFO,02/01/2024,09:28:48,1.2,1.2,136440,1.25,61840,6840,2546680
FINNIFTY02JAN2421150PE.NFO,02/01/2024,09:28:49,1.25,1.2,111280,1.25,104800,5200,2546680
FINNIFTY02JAN2421150PE.NFO,02/01/2024,09:28:50,1.2,1.2,141160,1.25,7760,27160,2546680
FINNIFTY02JAN2421150PE.NFO,02/01/2024,09:28:51,1.25,1.2,138840,1.25,5760,9000,2546680
FINNIFTY02JAN2421150PE.NFO,02/01/2024,09:28:52,1.25,1.2,99920,1.25,93840,1480,2546680
FINNIFTY02JAN2421150PE.NFO,02/01/2024,09:28:53,1.25,1.2,136560,1.25,6960,72160,2546680
FINNIFTY02JAN2421150PE.NFO,02/01/2024,09:28:54,1.2,1.2,103000,1.25,67600,75280,2546680
FINNIFTY02JAN2421150PE.NFO,02/01/2024,09:28:55,1.25,1.2,89040,1.25,79760,82840,2546680
FINNIFTY02JAN2421150PE.NFO,02/01/2024,09:28:56,1.2,1.2,85640,1.25,98400,38240,2546680
FINNIFTY02JAN2421150PE.NFO,02/01/2024,09:28:57,1.25,1.2,75560,1.25,132440,17160,2546680
FINNIFTY02JAN2421150PE.NFO,02/01/2024,09:28:58,1.25,1.2,84760,1.25,133680,26000,2546680
FINNIFTY02JAN2421150PE.NFO,02/01/2024,09:28:59,1.25,1.2,92720,1.25,136040,4080,2546680
FINNIFTY02JAN2421150PE.NFO,02/01/2024,09:29:00,1.25,1.2,89080,1.25,113880,24960,2546680
FINNIFTY02JAN2421150PE.NFO,02/01/2024,09:29:01,1.25,1.2,86880,1.25,81320,10760,2546680
FINNIFTY02JAN2421150PE.NFO,02/01/2024,09:29:02,1.2,1.2,91480,1.25,76760,6320,2546680
FINNIFTY02JAN2421150PE.NFO,02/01/2024,09:29:03,1.25,1.25,72680,1.3,153400,47280,2546680
FINNIFTY02JAN2421150PE.NFO,02/01/2024,09:29:04,1.3,1.25,64240,1.3,152680,36240,2546680
FINNIFTY02JAN2421150PE.NFO,02/01/2024,09:29:05,1.3,1.25,81040,1.3,150600,9120,2546680
FINNIFTY02JAN2421150PE.NFO,02/01/2024,09:29:06,1.3,1.25,92680,1.3,117960,19600,2546680
FINNIFTY02JAN2421150PE.NFO,02/01/2024,09:29:07,1.3,1.25,107560,1.3,117120,13560,2546680
FINNIFTY02JAN2421150PE.NFO,02/01/2024,09:29:08,1.3,1.25,94840,1.3,121040,600,2546680
FINNIFTY02JAN2421150PE.NFO,02/01/2024,09:29:09,1.3,1.25,94360,1.3,110000,4480,2546680
FINNIFTY02JAN2421150PE.NFO,02/01/2024,09:29:10,1.25,1.25,132400,1.3,83760,12960,2546680
FINNIFTY02JAN2421150PE.NFO,02/01/2024,09:29:11,1.25,1.25,109520,1.3,95240,21080,2546680
FINNIFTY02JAN2421150PE.NFO,02/01/2024,09:29:12,1.25,1.25,135240,1.3,57640,4320,2546680
FINNIFTY02JAN2421150PE.NFO,02/01/2024,09:29:13,1.25,1.25,114960,1.3,85800,17600,2546680
FINNIFTY02JAN2421150PE.NFO,02/01/2024,09:29:14,1.25,1.25,102640,1.3,94040,8920,2546680
FINNIFTY02JAN2421150PE.NFO,02/01/2024,09:29:15,1.3,1.25,91520,1.3,86960,15600,2546680
FINNIFTY02JAN2421150PE.NFO,02/01/2024,09:29:16,1.3,1.25,104000,1.3,85520,9480,2546680
FINNIFTY02JAN2421150PE.NFO,02/01/2024,09:29:17,1.3,1.25,134160,1.3,52880,23960,2546680
FINNIFTY02JAN2421150PE.NFO,02/01/2024,09:29:18,1.25,1.25,127200,1.3,87800,60680,2546680
FINNIFTY02JAN2421150PE.NFO,02/01/2024,09:29:19,1.25,1.25,111800,1.3,107760,3000,2546680
FINNIFTY02JAN2421150PE.NFO,02/01/2024,09:29:20,1.25,1.25,106760,1.3,110560,10800,2546680
FINNIFTY02JAN2421150PE.NFO,02/01/2024,09:29:21,1.3,1.25,100680,1.3,125400,17240,2546680
FINNIFTY02JAN2421150PE.NFO,02/01/2024,09:29:22,1.25,1.25,105920,1.3,122360,25880,2546680
FINNIFTY02JAN2421150PE.NFO,02/01/2024,09:29:23,1.3,1.25,126760,1.3,104080,17720,2546680
FINNIFTY02JAN2421150PE.NFO,02/01/2024,09:29:24,1.3,1.25,116760,1.3,123120,9320,2546680
FINNIFTY02JAN2421150PE.NFO,02/01/2024,09:29:25,1.3,1.25,106120,1.3,122840,4680,2546680
FINNIFTY02JAN2421150PE.NFO,02/01/2024,09:29:26,1.25,1.25,99160,1.3,96600,60640,2546680
FINNIFTY02JAN2421150PE.NFO,02/01/2024,09:29:27,1.3,1.25,105680,1.3,115280,760,2546680
FINNIFTY02JAN2421150PE.NFO,02/01/2024,09:29:28,1.25,1.25,113040,1.3,115080,3320,2546680
FINNIFTY02JAN2421150PE.NFO,02/01/2024,09:29:29,1.25,1.25,114120,1.3,116240,1480,2868720
FINNIFTY02JAN2421150PE.NFO,02/01/2024,09:29:30,1.3,1.25,108920,1.3,116840,5200,2868720
FINNIFTY02JAN2421150PE.NFO,02/01/2024,09:29:31,1.3,1.25,104200,1.3,117200,5720,2868720
FINNIFTY02JAN2421150PE.NFO,02/01/2024,09:29:32,1.25,1.25,106440,1.3,116760,2960,2868720
FINNIFTY02JAN2421150PE.NFO,02/01/2024,09:29:33,1.25,1.25,103160,1.3,116280,4960,2868720
FINNIFTY02JAN2421150PE.NFO,02/01/2024,09:29:34,1.25,1.25,107800,1.3,115240,4920,2868720
FINNIFTY02JAN2421150PE.NFO,02/01/2024,09:29:35,1.3,1.25,99440,1.3,116600,6200,2868720
FINNIFTY02JAN2421150PE.NFO,02/01/2024,09:29:36,1.25,1.25,132000,1.3,91720,2680,2868720
FINNIFTY02JAN2421150PE.NFO,02/01/2024,09:29:37,1.25,1.25,106000,1.3,117040,2680,2868720
FINNIFTY02JAN2421150PE.NFO,02/01/2024,09:29:38,1.25,1.25,103600,1.3,117160,120,2868720
FINNIFTY02JAN2421150PE.NFO,02/01/2024,09:29:39,1.25,1.25,108880,1.3,90880,3480,2868720
FINNIFTY02JAN2421150PE.NFO,02/01/2024,09:29:40,1.25,1.25,103240,1.3,88760,7240,2868720
FINNIFTY02JAN2421150PE.NFO,02/01/2024,09:29:41,1.25,1.25,90400,1.3,104520,6200,2868720
FINNIFTY02JAN2421150PE.NFO,02/01/2024,09:29:42,1.3,1.25,75120,1.3,117560,2600,2868720
FINNIFTY02JAN2421150PE.NFO,02/01/2024,09:29:43,1.3,1.25,90760,1.3,129640,6440,2868720
FINNIFTY02JAN2421150PE.NFO,02/01/2024,09:29:44,1.3,1.25,91720,1.3,128600,6520,2868720
FINNIFTY02JAN2421150PE.NFO,02/01/2024,09:29:45,1.3,1.25,90320,1.3,132280,4800,2868720
FINNIFTY02JAN2421150PE.NFO,02/01/2024,09:29:46,1.3,1.25,117640,1.3,108040,6360,2868720
FINNIFTY02JAN2421150PE.NFO,02/01/2024,09:29:47,1.3,1.25,110920,1.3,113320,3840,2868720
FINNIFTY02JAN2421150PE.NFO,02/01/2024,09:29:48,1.3,1.25,94600,1.3,132680,7080,2868720
FINNIFTY02JAN2421150PE.NFO,02/01/2024,09:29:49,1.25,1.25,122960,1.3,83320,9000,2868720
FINNIFTY02JAN2421150PE.NFO,02/01/2024,09:29:50,1.3,1.25,116480,1.3,99560,5760,2868720
FINNIFTY02JAN2421150PE.NFO,02/01/2024,09:29:51,1.25,1.25,121040,1.3,92600,13600,2868720
FINNIFTY02JAN2421150PE.NFO,02/01/2024,09:29:52,1.25,1.25,101640,1.3,118760,19160,2868720
FINNIFTY02JAN2421150PE.NFO,02/01/2024,09:29:53,1.25,1.25,91000,1.3,122680,15440,2868720
FINNIFTY02JAN2421150PE.NFO,02/01/2024,09:29:54,1.3,1.25,80680,1.3,136840,14160,2868720
FINNIFTY02JAN2421150PE.NFO,02/01/2024,09:29:55,1.2,1.2,117360,1.25,99040,60800,2868720
FINNIFTY02JAN2421150PE.NFO,02/01/2024,09:29:56,1.25,1.2,125400,1.25,112120,2240,2868720
FINNIFTY02JAN2421150PE.NFO,02/01/2024,09:29:57,1.25,1.2,113160,1.25,134800,1640,2868720
FINNIFTY02JAN2421150PE.NFO,02/01/2024,09:29:58,1.2,1.2,148600,1.25,97320,6000,2868720
FINNIFTY02JAN2421150PE.NFO,02/01/2024,09:29:59,1.2,1.2,98040,1.25,148000,8520,2868720
FINNIFTY02JAN2421150PE.NFO,02/01/2024,09:30:00,1.25,1.2,103080,1.25,146520,6840,2868720
FINNIFTY02JAN2421150PE.NFO,02/01/2024,09:30:01,1.15,1.15,169160,1.2,63640,59520,2868720
FINNIFTY02JAN2421150PE.NFO,02/01/2024,09:30:02,1.15,1.15,185160,1.2,25760,90000,2868720
FINNIFTY02JAN2421150PE.NFO,02/01/2024,09:30:03,1.2,1.15,150040,1.2,105840,57200,2868720
FINNIFTY02JAN2421150PE.NFO,02/01/2024,09:30:04,1.15,1.15,146000,1.2,114280,53560,2868720
FINNIFTY02JAN2421150PE.NFO,02/01/2024,09:30:05,1.15,1.15,137000,1.2,123280,13400,2868720
FINNIFTY02JAN2421150PE.NFO,02/01/2024,09:30:06,1.2,1.15,157040,1.2,104000,5120,2868720
FINNIFTY02JAN2421150PE.NFO,02/01/2024,09:30:07,1.2,1.15,133280,1.2,124480,9560,2868720
FINNIFTY02JAN2421150PE.NFO,02/01/2024,09:30:08,1.15,1.15,150600,1.2,108640,12000,2868720
FINNIFTY02JAN2421150PE.NFO,02/01/2024,09:30:09,1.2,1.15,131440,1.2,115320,19040,2868720
FINNIFTY02JAN2421150PE.NFO,02/01/2024,09:30:10,1.15,1.15,129600,1.2,108320,26800,2868720
FINNIFTY02JAN2421150PE.NFO,02/01/2024,09:30:11,1.15,1.15,111440,1.2,117960,2680,2868720
FINNIFTY02JAN2421150PE.NFO,02/01/2024,09:30:12,1.15,1.15,110960,1.2,112400,17720,2868720
FINNIFTY02JAN2421150PE.NFO,02/01/2024,09:30:13,1.15,1.15,95320,1.2,113800,25440,2868720
FINNIFTY02JAN2421150PE.NFO,02/01/2024,09:30:14,1.1,1.1,216800,1.15,65720,98200,2868720
FINNIFTY02JAN2421150PE.NFO,02/01/2024,09:30:15,1.1,1.1,188480,1.15,112120,16240,2868720
FINNIFTY02JAN2421150PE.NFO,02/01/2024,09:30:16,1.1,1.1,172360,1.15,158160,17200,2868720
FINNIFTY02JAN2421150PE.NFO,02/01/2024,09:30:17,1.15,1.1,150480,1.15,169800,8600,2868720
FINNIFTY02JAN2421150PE.NFO,02/01/2024,09:30:18,1.15,1.1,162000,1.15,139600,10800,2868720
FINNIFTY02JAN2421150PE.NFO,02/01/2024,09:30:19,1.1,1.1,151720,1.15,158880,7280,2868720
FINNIFTY02JAN2421150PE.NFO,02/01/2024,09:30:20,1.15,1.1,146560,1.15,150400,8920,2868720
FINNIFTY02JAN2421150PE.NFO,02/01/2024,09:30:21,1.1,1.1,105760,1.15,203960,4400,2868720
FINNIFTY02JAN2421150PE.NFO,02/01/2024,09:30:22,1.15,1.1,132920,1.15,168200,1760,2868720
FINNIFTY02JAN2421150PE.NFO,02/01/2024,09:30:23,1.15,1.1,126600,1.15,162280,8800,2868720
FINNIFTY02JAN2421150PE.NFO,02/01/2024,09:30:24,1.15,1.1,125120,1.15,165360,1680,2868720
FINNIFTY02JAN2421150PE.NFO,02/01/2024,09:30:25,1.15,1.1,126000,1.15,154240,1160,2868720
FINNIFTY02JAN2421150PE.NFO,02/01/2024,09:30:26,1.15,1.1,126360,1.15,162360,280,2868720
FINNIFTY02JAN2421150PE.NFO,02/01/2024,09:30:27,1.15,1.1,126960,1.15,177520,2920,2868720
FINNIFTY02JAN2421150PE.NFO,02/01/2024,09:30:28,1.15,1.1,122200,1.15,175400,16960,2868720
FINNIFTY02JAN2421150PE.NFO,02/01/2024,09:30:29,1.1,1.1,120560,1.15,172440,3720,2868720
FINNIFTY02JAN2421150PE.NFO,02/01/2024,09:30:30,1.15,1.1,88840,1.15,202080,2040,2868720
FINNIFTY02JAN2421150PE.NFO,02/01/2024,09:30:31,1.15,1.1,112520,1.15,176320,160,2868720
FINNIFTY02JAN2421150PE.NFO,02/01/2024,09:30:32,1.15,1.1,69600,1.15,195720,11840,2868720
FINNIFTY02JAN2421150PE.NFO,02/01/2024,09:30:33,1.1,1.1,98520,1.15,170720,1760,2868720
FINNIFTY02JAN2421150PE.NFO,02/01/2024,09:30:34,1.15,1.1,108120,1.15,170600,2880,2868720
FINNIFTY02JAN2421150PE.NFO,02/01/2024,09:30:35,1.1,1.1,74920,1.15,198960,5120,2868720
FINNIFTY02JAN2421150PE.NFO,02/01/2024,09:30:36,1.15,1.1,77360,1.15,197120,560,2868720
FINNIFTY02JAN2421150PE.NFO,02/01/2024,09:30:37,1.1,1.1,101520,1.15,149960,3920,2868720
FINNIFTY02JAN2421150PE.NFO,02/01/2024,09:30:38,1.1,1.1,66400,1.15,194600,6080,2868720
FINNIFTY02JAN2421150PE.NFO,02/01/2024,09:30:39,1.1,1.1,56000,1.15,204200,5000,2868720
FINNIFTY02JAN2421150PE.NFO,02/01/2024,09:30:40,1.15,1.1,71360,1.15,202000,8040,2868720
FINNIFTY02JAN2421150PE.NFO,02/01/2024,09:30:41,1.15,1.1,82320,1.15,203240,0,2868720
FINNIFTY02JAN2421150PE.NFO,02/01/2024,09:30:42,1.15,1.1,75240,1.15,207040,10320,2868720
FINNIFTY02JAN2421150PE.NFO,02/01/2024,09:30:43,1.15,1.1,69600,1.15,200320,11080,2868720
FINNIFTY02JAN2421150PE.NFO,02/01/2024,09:30:44,1.1,1.1,100880,1.15,171880,2840,2868720
FINNIFTY02JAN2421150PE.NFO,02/01/2024,09:30:45,1.15,1.1,113840,1.15,198600,680,2868720
FINNIFTY02JAN2421150PE.NFO,02/01/2024,09:30:46,1.15,1.1,134840,1.15,160560,6640,2868720
FINNIFTY02JAN2421150PE.NFO,02/01/2024,09:30:47,1.15,1.1,142160,1.15,155280,7880,2868720
FINNIFTY02JAN2421150PE.NFO,02/01/2024,09:30:48,1.15,1.1,132600,1.15,176000,1520,2868720
FINNIFTY02JAN2421150PE.NFO,02/01/2024,09:30:49,1.15,1.1,108560,1.15,196640,2200,2868720
FINNIFTY02JAN2421150PE.NFO,02/01/2024,09:30:50,1.15,1.1,114000,1.15,197280,1360,2868720
FINNIFTY02JAN2421150PE.NFO,02/01/2024,09:30:52,1.15,1.1,82200,1.15,196080,3920,2868720
FINNIFTY02JAN2421150PE.NFO,02/01/2024,09:30:52,1.15,1.1,71280,1.15,196560,1360,2868720
FINNIFTY02JAN2421150PE.NFO,02/01/2024,09:30:53,1.15,1.1,77000,1.15,199720,640,2868720
FINNIFTY02JAN2421150PE.NFO,02/01/2024,09:30:54,1.15,1.1,98280,1.15,181960,3240,2868720
FINNIFTY02JAN2421150PE.NFO,02/01/2024,09:30:55,1.15,1.1,112400,1.15,151760,6160,2868720
FINNIFTY02JAN2421150PE.NFO,02/01/2024,09:30:57,1.1,1.1,110520,1.15,155680,6960,2868720
FINNIFTY02JAN2421150PE.NFO,02/01/2024,09:30:57,1.15,1.1,112320,1.15,156480,280,2868720
FINNIFTY02JAN2421150PE.NFO,02/01/2024,09:30:58,1.15,1.1,113280,1.15,142600,4640,2868720
FINNIFTY02JAN2421150PE.NFO,02/01/2024,09:30:59,1.15,1.1,113240,1.15,156200,1600,2868720
FINNIFTY02JAN2421150PE.NFO,02/01/2024,09:31:00,1.15,1.1,67760,1.15,172480,3240,2868720
FINNIFTY02JAN2421150PE.NFO,02/01/2024,09:31:02,1.15,1.1,70080,1.15,169920,2840,2868720
FINNIFTY02JAN2421150PE.NFO,02/01/2024,09:31:02,1.1,1.1,78080,1.15,170640,1840,2868720
FINNIFTY02JAN2421150PE.NFO,02/01/2024,09:31:03,1.15,1.1,97720,1.15,159000,4200,2868720
FINNIFTY02JAN2421150PE.NFO,02/01/2024,09:31:04,1.1,1.1,75800,1.15,164440,23000,2868720
FINNIFTY02JAN2421150PE.NFO,02/01/2024,09:31:05,1.15,1.1,70400,1.15,168360,840,2868720
FINNIFTY02JAN2421150PE.NFO,02/01/2024,09:31:06,1.15,1.1,102160,1.15,116520,7880,2868720
FINNIFTY02JAN2421150PE.NFO,02/01/2024,09:31:08,1.15,1.1,126000,1.15,118000,3440,2868720
FINNIFTY02JAN2421150PE.NFO,02/01/2024,09:31:09,1.15,1.1,124720,1.15,121960,440,2868720
FINNIFTY02JAN2421150PE.NFO,02/01/2024,09:31:09,1.1,1.1,101200,1.15,158040,40,2868720
FINNIFTY02JAN2421150PE.NFO,02/01/2024,09:31:10,1.15,1.1,145720,1.15,135720,10120,2868720
FINNIFTY02JAN2421150PE.NFO,02/01/2024,09:31:11,1.15,1.1,143720,1.15,138760,26280,2868720
FINNIFTY02JAN2421150PE.NFO,02/01/2024,09:31:12,1.1,1.1,161040,1.15,127680,7520,2868720
FINNIFTY02JAN2421150PE.NFO,02/01/2024,09:31:14,1.15,1.1,145520,1.15,141360,5600,2868720
FINNIFTY02JAN2421150PE.NFO,02/01/2024,09:31:14,1.15,1.1,136720,1.15,138200,120,2868720
FINNIFTY02JAN2421150PE.NFO,02/01/2024,09:31:15,1.15,1.1,176600,1.15,126760,3160,2868720
FINNIFTY02JAN2421150PE.NFO,02/01/2024,09:31:16,1.15,1.1,157160,1.15,152000,10200,2868720
FINNIFTY02JAN2421150PE.NFO,02/01/2024,09:31:17,1.15,1.1,156160,1.15,147840,10000,2868720
FINNIFTY02JAN2421150PE.NFO,02/01/2024,09:31:18,1.15,1.1,183520,1.15,76000,39240,2868720
FINNIFTY02JAN2421150PE.NFO,02/01/2024,09:31:20,1.1,1.1,170000,1.15,126360,3120,2868720
FINNIFTY02JAN2421150PE.NFO,02/01/2024,09:31:20,1.15,1.1,144320,1.15,143240,160,2868720
FINNIFTY02JAN2421150PE.NFO,02/01/2024,09:31:21,1.15,1.1,162840,1.15,129160,6440,2868720
FINNIFTY02JAN2421150PE.NFO,02/01/2024,09:31:22,1.1,1.1,145360,1.15,131840,12760,2868720
FINNIFTY02JAN2421150PE.NFO,02/01/2024,09:31:23,1.1,1.1,152520,1.15,141240,5160,2868720
FINNIFTY02JAN2421150PE.NFO,02/01/2024,09:31:25,1.1,1.1,146160,1.15,141240,7920,2868720
FINNIFTY02JAN2421150PE.NFO,02/01/2024,09:31:25,1.15,1.1,143840,1.15,148720,4640,2868720
FINNIFTY02JAN2421150PE.NFO,02/01/2024,09:31:26,1.1,1.1,113840,1.15,152040,33040,2868720
FINNIFTY02JAN2421150PE.NFO,02/01/2024,09:31:27,1.1,1.1,111480,1.15,159280,11200,2868720
FINNIFTY02JAN2421150PE.NFO,02/01/2024,09:31:28,1.1,1.1,149400,1.15,105720,22480,2868720
FINNIFTY02JAN2421150PE.NFO,02/01/2024,09:31:29,1.1,1.1,130600,1.15,137200,4520,2868720
FINNIFTY02JAN2421150PE.NFO,02/01/2024,09:31:30,1.15,1.1,118880,1.15,149840,120,2868720
FINNIFTY02JAN2421150PE.NFO,02/01/2024,09:31:31,1.15,1.1,132440,1.15,157160,120,2868720
FINNIFTY02JAN2421150PE.NFO,02/01/2024,09:31:32,1.15,1.1,150920,1.15,139360,2560,2868720
FINNIFTY02JAN2421150PE.NFO,02/01/2024,09:31:33,1.15,1.1,136920,1.15,148560,1960,2868720
FINNIFTY02JAN2421150PE.NFO,02/01/2024,09:31:34,1.1,1.1,154520,1.15,134240,160,2868720
FINNIFTY02JAN2421150PE.NFO,02/01/2024,09:31:35,1.15,1.1,132880,1.15,150160,400,2868720
FINNIFTY02JAN2421150PE.NFO,02/01/2024,09:31:36,1.1,1.1,145080,1.15,140560,4880,2868720
FINNIFTY02JAN2421150PE.NFO,02/01/2024,09:31:37,1.1,1.1,143360,1.15,145200,3280,2868720
FINNIFTY02JAN2421150PE.NFO,02/01/2024,09:31:38,1.15,1.1,117360,1.15,167760,360,2868720
FINNIFTY02JAN2421150PE.NFO,02/01/2024,09:31:39,1.1,1.1,145520,1.15,135880,1160,2868720
FINNIFTY02JAN2421150PE.NFO,02/01/2024,09:31:41,1.1,1.1,139640,1.15,139760,5720,2868720
FINNIFTY02JAN2421150PE.NFO,02/01/2024,09:31:42,1.1,1.1,110680,1.15,170960,17640,2868720
FINNIFTY02JAN2421150PE.NFO,02/01/2024,09:31:42,1.1,1.1,122320,1.15,161920,2360,2868720
FINNIFTY02JAN2421150PE.NFO,02/01/2024,09:31:43,1.1,1.1,121080,1.15,170720,2360,2868720
FINNIFTY02JAN2421150PE.NFO,02/01/2024,09:31:44,1.1,1.1,130280,1.15,169720,8680,2868720
FINNIFTY02JAN2421150PE.NFO,02/01/2024,09:31:45,1.15,1.1,115600,1.15,194440,4680,2868720
FINNIFTY02JAN2421150PE.NFO,02/01/2024,09:31:46,1.1,1.1,98640,1.15,203720,1800,2868720
FINNIFTY02JAN2421150PE.NFO,02/01/2024,09:31:47,1.1,1.1,140600,1.15,167000,4760,2868720
FINNIFTY02JAN2421150PE.NFO,02/01/2024,09:31:49,1.15,1.1,143240,1.15,180920,2080,2868720
FINNIFTY02JAN2421150PE.NFO,02/01/2024,09:31:49,1.15,1.1,143320,1.15,168400,280,2868720
FINNIFTY02JAN2421150PE.NFO,02/01/2024,09:31:50,1.1,1.1,147760,1.15,173680,7040,2868720
FINNIFTY02JAN2421150PE.NFO,02/01/2024,09:31:51,1.1,1.1,138960,1.15,192760,1920,2868720
FINNIFTY02JAN2421150PE.NFO,02/01/2024,09:31:52,1.15,1.1,118440,1.15,213240,1280,2868720
FINNIFTY02JAN2421150PE.NFO,02/01/2024,09:31:53,1.15,1.1,109080,1.15,211600,1800,2868720
FINNIFTY02JAN2421150PE.NFO,02/01/2024,09:31:55,1.1,1.1,134520,1.15,196040,3880,2868720
FINNIFTY02JAN2421150PE.NFO,02/01/2024,09:31:55,1.15,1.1,109280,1.15,208560,1880,2868720
FINNIFTY02JAN2421150PE.NFO,02/01/2024,09:31:56,1.15,1.1,111720,1.15,204680,13520,2868720
FINNIFTY02JAN2421150PE.NFO,02/01/2024,09:31:57,1.1,1.1,112560,1.15,211040,2840,2868720
FINNIFTY02JAN2421150PE.NFO,02/01/2024,09:31:58,1.1,1.1,115960,1.15,209760,1960,2868720
FINNIFTY02JAN2421150PE.NFO,02/01/2024,09:32:00,1.15,1.1,168960,1.15,212440,14400,2868720
FINNIFTY02JAN2421150PE.NFO,02/01/2024,09:32:00,1.1,1.1,153560,1.15,212480,16280,2868720
FINNIFTY02JAN2421150PE.NFO,02/01/2024,09:32:01,1.1,1.1,134320,1.15,210560,5720,2868720
FINNIFTY02JAN2421150PE.NFO,02/01/2024,09:32:02,1.15,1.1,157880,1.15,209880,2520,2868720
FINNIFTY02JAN2421150PE.NFO,02/01/2024,09:32:03,1.1,1.1,145480,1.15,219200,6280,2868720
FINNIFTY02JAN2421150PE.NFO,02/01/2024,09:32:04,1.15,1.1,181120,1.15,188560,6080,2868720
FINNIFTY02JAN2421150PE.NFO,02/01/2024,09:32:06,1.15,1.1,145440,1.15,227520,3080,2868720
FINNIFTY02JAN2421150PE.NFO,02/01/2024,09:32:06,1.15,1.1,138720,1.15,227520,0,2868720
FINNIFTY02JAN2421150PE.NFO,02/01/2024,09:32:07,1.15,1.1,148600,1.15,228200,2120,2868720
FINNIFTY02JAN2421150PE.NFO,02/01/2024,09:32:08,1.15,1.1,155880,1.15,222720,1360,2868720
FINNIFTY02JAN2421150PE.NFO,02/01/2024,09:32:09,1.15,1.1,185720,1.15,213880,1680,2868720
FINNIFTY02JAN2421150PE.NFO,02/01/2024,09:32:11,1.15,1.1,171080,1.15,232520,1520,2868720
FINNIFTY02JAN2421150PE.NFO,02/01/2024,09:32:11,1.15,1.1,157480,1.15,234440,40,2868720
FINNIFTY02JAN2421150PE.NFO,02/01/2024,09:32:12,1.15,1.1,171120,1.15,230280,2400,2868720
FINNIFTY02JAN2421150PE.NFO,02/01/2024,09:32:13,1.1,1.1,171720,1.15,220520,5600,2868720
FINNIFTY02JAN2421150PE.NFO,02/01/2024,09:32:14,1.15,1.1,187240,1.15,209640,3080,2868720
FINNIFTY02JAN2421150PE.NFO,02/01/2024,09:32:16,1.1,1.1,186480,1.15,213000,2760,2868720
FINNIFTY02JAN2421150PE.NFO,02/01/2024,09:32:16,1.1,1.1,155040,1.15,236240,200,2868720
FINNIFTY02JAN2421150PE.NFO,02/01/2024,09:32:17,1.15,1.1,191480,1.15,207520,1120,2868720
FINNIFTY02JAN2421150PE.NFO,02/01/2024,09:32:18,1.1,1.1,178480,1.15,220760,6280,2868720
FINNIFTY02JAN2421150PE.NFO,02/01/2024,09:32:19,1.1,1.1,199520,1.15,201400,4480,2868720
FINNIFTY02JAN2421150PE.NFO,02/01/2024,09:32:20,1.1,1.1,165280,1.15,231520,7080,2868720
FINNIFTY02JAN2421150PE.NFO,02/01/2024,09:32:21,1.15,1.1,175160,1.15,232560,520,2868720
FINNIFTY02JAN2421150PE.NFO,02/01/2024,09:32:22,1.15,1.1,168480,1.15,233720,11640,2868720
FINNIFTY02JAN2421150PE.NFO,02/01/2024,09:32:24,1.15,1.1,207000,1.15,188200,3800,2868720
FINNIFTY02JAN2421150PE.NFO,02/01/2024,09:32:25,1.15,1.1,202600,1.15,198880,4680,2868720
FINNIFTY02JAN2421150PE.NFO,02/01/2024,09:32:25,1.1,1.1,188360,1.15,213280,160,2868720
FINNIFTY02JAN2421150PE.NFO,02/01/2024,09:32:26,1.1,1.1,173240,1.15,220880,6440,2868720
FINNIFTY02JAN2421150PE.NFO,02/01/2024,09:32:27,1.15,1.1,185280,1.15,169320,108200,2868720
FINNIFTY02JAN2421150PE.NFO,02/01/2024,09:32:28,1.15,1.1,183520,1.15,173480,160,2868720
FINNIFTY02JAN2421150PE.NFO,02/01/2024,09:32:30,1.15,1.1,161400,1.15,167480,17880,3107320
FINNIFTY02JAN2421150PE.NFO,02/01/2024,09:32:31,1.1,1.1,189280,1.15,169680,12520,3107320
FINNIFTY02JAN2421150PE.NFO,02/01/2024,09:32:31,1.15,1.1,189240,1.15,170400,80,3107320
FINNIFTY02JAN2421150PE.NFO,02/01/2024,09:32:32,1.1,1.1,198760,1.15,183200,4720,3107320
FINNIFTY02JAN2421150PE.NFO,02/01/2024,09:32:33,1.15,1.1,187760,1.15,183960,1360,3107320
FINNIFTY02JAN2421150PE.NFO,02/01/2024,09:32:34,1.1,1.1,198640,1.15,185800,680,3107320
FINNIFTY02JAN2421150PE.NFO,02/01/2024,09:32:35,1.1,1.1,226800,1.15,144240,4000,3107320
FINNIFTY02JAN2421150PE.NFO,02/01/2024,09:32:36,1.1,1.1,210000,1.15,180800,2680,3107320
FINNIFTY02JAN2421150PE.NFO,02/01/2024,09:32:37,1.15,1.15,48480,1.2,140560,80520,3107320
FINNIFTY02JAN2421150PE.NFO,02/01/2024,09:32:38,1.2,1.15,63400,1.2,145080,3960,3107320
FINNIFTY02JAN2421150PE.NFO,02/01/2024,09:32:39,1.15,1.15,124120,1.2,130560,2080,3107320
FINNIFTY02JAN2421150PE.NFO,02/01/2024,09:32:40,1.2,1.15,83840,1.2,155560,2400,3107320
FINNIFTY02JAN2421150PE.NFO,02/01/2024,09:32:41,1.2,1.15,110000,1.2,129680,1920,3107320
FINNIFTY02JAN2421150PE.NFO,02/01/2024,09:32:42,1.2,1.15,125160,1.2,111920,1600,3107320
FINNIFTY02JAN2421150PE.NFO,02/01/2024,09:32:43,1.2,1.15,84280,1.2,167680,11560,3107320
FINNIFTY02JAN2421150PE.NFO,02/01/2024,09:32:44,1.2,1.15,91920,1.2,136400,5680,3107320
FINNIFTY02JAN2421150PE.NFO,02/01/2024,09:32:45,1.2,1.15,76600,1.2,153120,34000,3107320
FINNIFTY02JAN2421150PE.NFO,02/01/2024,09:32:46,1.2,1.15,75640,1.2,152880,1240,3107320
FINNIFTY02JAN2421150PE.NFO,02/01/2024,09:32:47,1.15,1.15,64280,1.2,152600,560,3107320
FINNIFTY02JAN2421150PE.NFO,02/01/2024,09:32:48,1.15,1.15,85280,1.2,138800,1840,3107320
FINNIFTY02JAN2421150PE.NFO,02/01/2024,09:32:49,1.15,1.15,68920,1.2,155640,320,3107320
FINNIFTY02JAN2421150PE.NFO,02/01/2024,09:32:50,1.15,1.15,63160,1.2,157480,9960,3107320
FINNIFTY02JAN2421150PE.NFO,02/01/2024,09:32:51,1.15,1.15,74200,1.2,130720,8680,3107320
FINNIFTY02JAN2421150PE.NFO,02/01/2024,09:32:53,1.15,1.15,58920,1.2,157560,14960,3107320
FINNIFTY02JAN2421150PE.NFO,02/01/2024,09:32:53,1.15,1.15,42520,1.2,158960,1840,3107320
FINNIFTY02JAN2421150PE.NFO,02/01/2024,09:32:54,1.2,1.15,90880,1.2,156280,1280,3107320
FINNIFTY02JAN2421150PE.NFO,02/01/2024,09:32:55,1.2,1.15,132800,1.2,121480,1840,3107320
FINNIFTY02JAN2421150PE.NFO,02/01/2024,09:32:56,1.2,1.15,143360,1.2,146680,760,3107320
FINNIFTY02JAN2421150PE.NFO,02/01/2024,09:32:57,1.15,1.15,168600,1.2,120640,120,3107320
FINNIFTY02JAN2421150PE.NFO,02/01/2024,09:32:58,1.2,1.15,168480,1.2,146600,1040,3107320
FINNIFTY02JAN2421150PE.NFO,02/01/2024,09:32:59,1.2,1.15,167640,1.2,144240,3280,3107320
FINNIFTY02JAN2421150PE.NFO,02/01/2024,09:33:00,1.2,1.15,184840,1.2,145880,4240,3107320
FINNIFTY02JAN2421150PE.NFO,02/01/2024,09:33:01,1.2,1.15,181160,1.2,139800,1040,3107320
FINNIFTY02JAN2421150PE.NFO,02/01/2024,09:33:02,1.15,1.15,178600,1.2,139200,320,3107320
FINNIFTY02JAN2421150PE.NFO,02/01/2024,09:33:03,1.2,1.15,151520,1.2,156160,3560,3107320
FINNIFTY02JAN2421150PE.NFO,02/01/2024,09:33:04,1.2,1.15,136560,1.2,166960,2680,3107320
FINNIFTY02JAN2421150PE.NFO,02/01/2024,09:33:05,1.15,1.15,160720,1.2,142440,1920,3107320
FINNIFTY02JAN2421150PE.NFO,02/01/2024,09:33:06,1.15,1.15,159360,1.2,136400,2440,3107320
FINNIFTY02JAN2421150PE.NFO,02/01/2024,09:33:07,1.2,1.15,129760,1.2,175920,1720,3107320
FINNIFTY02JAN2421150PE.NFO,02/01/2024,09:33:09,1.2,1.15,147680,1.2,140360,5320,3107320
FINNIFTY02JAN2421150PE.NFO,02/01/2024,09:33:10,1.15,1.15,164760,1.2,122080,120,3107320
FINNIFTY02JAN2421150PE.NFO,02/01/2024,09:33:10,1.15,1.15,156200,1.2,141360,40,3107320
FINNIFTY02JAN2421150PE.NFO,02/01/2024,09:33:11,1.2,1.15,168560,1.2,115760,2400,3107320
FINNIFTY02JAN2421150PE.NFO,02/01/2024,09:33:12,1.2,1.15,168320,1.2,116080,760,3107320
FINNIFTY02JAN2421150PE.NFO,02/01/2024,09:33:13,1.2,1.15,173640,1.2,114560,280,3107320
FINNIFTY02JAN2421150PE.NFO,02/01/2024,09:33:15,1.15,1.15,172040,1.2,130400,2760,3107320
FINNIFTY02JAN2421150PE.NFO,02/01/2024,09:33:16,1.2,1.15,154040,1.2,142240,2120,3107320
FINNIFTY02JAN2421150PE.NFO,02/01/2024,09:33:16,1.2,1.15,161360,1.2,117920,0,3107320
FINNIFTY02JAN2421150PE.NFO,02/01/2024,09:33:17,1.2,1.15,154040,1.2,148480,280,3107320
FINNIFTY02JAN2421150PE.NFO,02/01/2024,09:33:18,1.15,1.15,173920,1.2,133440,2120,3107320
FINNIFTY02JAN2421150PE.NFO,02/01/2024,09:33:20,1.2,1.15,174880,1.2,123600,840,3107320
FINNIFTY02JAN2421150PE.NFO,02/01/2024,09:33:21,1.2,1.15,174920,1.2,120880,3520,3107320
FINNIFTY02JAN2421150PE.NFO,02/01/2024,09:33:21,1.2,1.15,174960,1.2,121080,0,3107320
FINNIFTY02JAN2421150PE.NFO,02/01/2024,09:33:22,1.2,1.15,178080,1.2,130040,8080,3107320
FINNIFTY02JAN2421150PE.NFO,02/01/2024,09:33:23,1.2,1.15,182240,1.2,126000,5320,3107320
FINNIFTY02JAN2421150PE.NFO,02/01/2024,09:33:25,1.15,1.15,185800,1.2,127320,1920,3107320
FINNIFTY02JAN2421150PE.NFO,02/01/2024,09:33:26,1.2,1.15,183000,1.2,129320,3760,3107320
FINNIFTY02JAN2421150PE.NFO,02/01/2024,09:33:26,1.2,1.15,182960,1.2,131360,0,3107320
FINNIFTY02JAN2421150PE.NFO,02/01/2024,09:33:27,1.15,1.15,171920,1.2,144320,280,3107320
FINNIFTY02JAN2421150PE.NFO,02/01/2024,09:33:28,1.2,1.15,154560,1.2,119880,160,3107320
FINNIFTY02JAN2421150PE.NFO,02/01/2024,09:33:30,1.2,1.15,146360,1.2,127920,2000,3107320
FINNIFTY02JAN2421150PE.NFO,02/01/2024,09:33:31,1.2,1.15,143800,1.2,129480,80,3107320
FINNIFTY02JAN2421150PE.NFO,02/01/2024,09:33:32,1.2,1.15,146320,1.2,129000,80,3107320
FINNIFTY02JAN2421150PE.NFO,02/01/2024,09:33:32,1.2,1.15,142680,1.2,129120,40,3107320
FINNIFTY02JAN2421150PE.NFO,02/01/2024,09:33:33,1.2,1.15,147080,1.2,132240,640,3107320
FINNIFTY02JAN2421150PE.NFO,02/01/2024,09:33:34,1.2,1.15,145520,1.2,136360,1880,3107320
FINNIFTY02JAN2421150PE.NFO,02/01/2024,09:33:36,1.15,1.15,165080,1.2,151760,1680,3107320
FINNIFTY02JAN2421150PE.NFO,02/01/2024,09:33:37,1.15,1.15,166080,1.2,150800,400,3107320
FINNIFTY02JAN2421150PE.NFO,02/01/2024,09:33:38,1.2,1.15,164120,1.2,151960,160,3107320
FINNIFTY02JAN2421150PE.NFO,02/01/2024,09:33:38,1.2,1.15,164120,1.2,150760,0,3107320
FINNIFTY02JAN2421150PE.NFO,02/01/2024,09:33:39,1.15,1.15,154720,1.2,150600,5680,3107320
FINNIFTY02JAN2421150PE.NFO,02/01/2024,09:33:40,1.15,1.15,173840,1.2,149760,1040,3107320
FINNIFTY02JAN2421150PE.NFO,02/01/2024,09:33:42,1.15,1.15,176520,1.2,148760,2840,3107320
FINNIFTY02JAN2421150PE.NFO,02/01/2024,09:33:43,1.15,1.15,162200,1.2,152680,6640,3107320
FINNIFTY02JAN2421150PE.NFO,02/01/2024,09:33:43,1.15,1.15,152040,1.2,154480,1120,3107320
FINNIFTY02JAN2421150PE.NFO,02/01/2024,09:33:44,1.2,1.15,156960,1.2,153160,760,3107320
FINNIFTY02JAN2421150PE.NFO,02/01/2024,09:33:45,1.15,1.15,116880,1.2,155000,28560,3107320
FINNIFTY02JAN2421150PE.NFO,02/01/2024,09:33:47,1.15,1.15,106080,1.2,154120,12640,3107320
FINNIFTY02JAN2421150PE.NFO,02/01/2024,09:33:48,1.2,1.15,115640,1.2,152360,2440,3107320
FINNIFTY02JAN2421150PE.NFO,02/01/2024,09:33:49,1.2,1.15,151080,1.2,153280,7240,3107320
FINNIFTY02JAN2421150PE.NFO,02/01/2024,09:33:50,1.2,1.15,152480,1.2,160240,8000,3107320
FINNIFTY02JAN2421150PE.NFO,02/01/2024,09:33:51,1.15,1.15,79400,1.2,161320,67680,3107320
FINNIFTY02JAN2421150PE.NFO,02/01/2024,09:33:52,1.15,1.15,70920,1.2,171160,10760,3107320
FINNIFTY02JAN2421150PE.NFO,02/01/2024,09:33:53,1.2,1.15,79120,1.2,186080,6360,3107320
FINNIFTY02JAN2421150PE.NFO,02/01/2024,09:33:54,1.15,1.15,14200,1.2,163280,105280,3107320
FINNIFTY02JAN2421150PE.NFO,02/01/2024,09:33:55,1.15,1.1,218040,1.15,129040,33360,3107320
FINNIFTY02JAN2421150PE.NFO,02/01/2024,09:33:56,1.15,1.1,219000,1.15,125080,9320,3107320
FINNIFTY02JAN2421150PE.NFO,02/01/2024,09:33:57,1.15,1.1,211080,1.15,145880,3720,3107320
FINNIFTY02JAN2421150PE.NFO,02/01/2024,09:33:58,1.15,1.1,219080,1.15,153280,720,3107320
FINNIFTY02JAN2421150PE.NFO,02/01/2024,09:33:59,1.15,1.1,218920,1.15,153400,1320,3107320
FINNIFTY02JAN2421150PE.NFO,02/01/2024,09:34:00,1.15,1.1,218640,1.15,175960,4480,3107320
FINNIFTY02JAN2421150PE.NFO,02/01/2024,09:34:00,1.15,1.1,210760,1.15,175920,40,3107320
FINNIFTY02JAN2421150PE.NFO,02/01/2024,09:34:01,1.15,1.1,211080,1.15,179440,3600,3107320
FINNIFTY02JAN2421150PE.NFO,02/01/2024,09:34:02,1.15,1.1,220800,1.15,178080,2360,3107320
FINNIFTY02JAN2421150PE.NFO,02/01/2024,09:34:04,1.15,1.1,216280,1.15,176600,3800,3107320
FINNIFTY02JAN2421150PE.NFO,02/01/2024,09:34:05,1.15,1.1,215360,1.15,177840,2480,3107320
FINNIFTY02JAN2421150PE.NFO,02/01/2024,09:34:05,1.15,1.1,216040,1.15,175360,2360,3107320
FINNIFTY02JAN2421150PE.NFO,02/01/2024,09:34:06,1.1,1.1,213760,1.15,182240,6680,3107320
FINNIFTY02JAN2421150PE.NFO,02/01/2024,09:34:07,1.1,1.1,196000,1.15,183600,17840,3107320
FINNIFTY02JAN2421150PE.NFO,02/01/2024,09:34:08,1.15,1.1,196400,1.15,180360,2840,3107320
FINNIFTY02JAN2421150PE.NFO,02/01/2024,09:34:10,1.15,1.1,194920,1.15,180760,1320,3107320
