Ticker,Date,Time,LTP,BuyPrice,BuyQty,SellPrice,SellQty,LTQ,OpenInterest
FINNIFTY02JAN2421200CE.NFO,02/01/2024,09:15:01,234.4,226.95,80,232.65,80,80,23960
FINNIFTY02JAN2421200CE.NFO,02/01/2024,09:15:01,234.4,226.95,80,232.65,80,0,23960
FINNIFTY02JAN2421200CE.NFO,02/01/2024,09:15:01,234.4,226.95,80,232.65,80,0,23960
FINNIFTY02JAN2421200CE.NFO,02/01/2024,09:15:01,234.4,226.95,80,232.65,80,0,23960
FINNIFTY02JAN2421200CE.NFO,02/01/2024,09:15:03,227.9,205.85,80,217,80,680,23960
FINNIFTY02JAN2421200CE.NFO,02/01/2024,09:15:03,227.7,205.85,80,217,80,0,23960
FINNIFTY02JAN2421200CE.NFO,02/01/2024,09:15:05,216.85,216.05,40,218.75,40,120,23960
FINNIFTY02JAN2421200CE.NFO,02/01/2024,09:15:05,213.45,216.05,40,218.75,40,0,23960
FINNIFTY02JAN2421200CE.NFO,02/01/2024,09:15:06,209,217.6,80,219.75,80,40,23960
FINNIFTY02JAN2421200CE.NFO,02/01/2024,09:15:06,209,217.6,80,219.75,80,0,23960
FINNIFTY02JAN2421200CE.NFO,02/01/2024,09:15:08,209,214.75,80,216.25,80,0,23960
FINNIFTY02JAN2421200CE.NFO,02/01/2024,09:15:10,209.8,207.7,2960,212,40,1040,23960
FINNIFTY02JAN2421200CE.NFO,02/01/2024,09:15:11,209.8,209.2,40,210.9,360,0,23960
FINNIFTY02JAN2421200CE.NFO,02/01/2024,09:15:13,209.8,210.1,360,211.5,160,0,23960
FINNIFTY02JAN2421200CE.NFO,02/01/2024,09:15:14,209.8,208.05,120,210,240,0,23960
FINNIFTY02JAN2421200CE.NFO,02/01/2024,09:15:16,207.85,206.5,360,208,360,80,23960
FINNIFTY02JAN2421200CE.NFO,02/01/2024,09:15:16,207.85,206.5,360,208,360,0,23960
FINNIFTY02JAN2421200CE.NFO,02/01/2024,09:15:18,206.4,208.65,160,210.05,40,40,23960
FINNIFTY02JAN2421200CE.NFO,02/01/2024,09:15:18,206.4,208.65,160,210.05,40,0,23960
FINNIFTY02JAN2421200CE.NFO,02/01/2024,09:15:19,213.75,212.3,360,213.65,40,40,23960
FINNIFTY02JAN2421200CE.NFO,02/01/2024,09:15:21,213.75,211.1,360,211.9,360,0,23960
FINNIFTY02JAN2421200CE.NFO,02/01/2024,09:15:23,209.8,209.8,360,210.65,80,560,23960
FINNIFTY02JAN2421200CE.NFO,02/01/2024,09:15:24,209.8,208.5,360,209.4,360,0,23960
FINNIFTY02JAN2421200CE.NFO,02/01/2024,09:15:26,209.8,208.5,400,209.35,80,0,23960
FINNIFTY02JAN2421200CE.NFO,02/01/2024,09:15:27,209.8,209.55,40,209.8,40,0,23960
FINNIFTY02JAN2421200CE.NFO,02/01/2024,09:15:29,211,210.4,400,211.2,40,120,23960
FINNIFTY02JAN2421200CE.NFO,02/01/2024,09:15:31,212.3,211.55,40,212.65,80,200,23960
FINNIFTY02JAN2421200CE.NFO,02/01/2024,09:15:32,211.8,211.05,80,211.75,40,400,23960
FINNIFTY02JAN2421200CE.NFO,02/01/2024,09:15:34,210.2,210.5,360,211,40,160,23960
FINNIFTY02JAN2421200CE.NFO,02/01/2024,09:15:36,210.95,209.65,120,210.3,360,3880,23960
FINNIFTY02JAN2421200CE.NFO,02/01/2024,09:15:37,211.85,210.3,40,211,360,5400,23960
FINNIFTY02JAN2421200CE.NFO,02/01/2024,09:15:39,211.8,212,80,212.3,120,1800,23960
FINNIFTY02JAN2421200CE.NFO,02/01/2024,09:15:40,214.2,213.05,40,213.6,80,600,23960
FINNIFTY02JAN2421200CE.NFO,02/01/2024,09:15:42,213.75,212.7,80,213.3,40,40,23960
FINNIFTY02JAN2421200CE.NFO,02/01/2024,09:15:44,213.25,214.15,80,215.2,360,40,23960
FINNIFTY02JAN2421200CE.NFO,02/01/2024,09:15:45,214.65,214.15,40,214.85,80,480,23960
FINNIFTY02JAN2421200CE.NFO,02/01/2024,09:15:47,213.4,213,440,213.75,80,880,23960
FINNIFTY02JAN2421200CE.NFO,02/01/2024,09:15:49,212.7,211.3,360,212.05,120,160,23960
FINNIFTY02JAN2421200CE.NFO,02/01/2024,09:15:50,211,210,80,210.7,360,160,23960
FINNIFTY02JAN2421200CE.NFO,02/01/2024,09:15:52,211,211.45,40,212.05,40,0,23960
FINNIFTY02JAN2421200CE.NFO,02/01/2024,09:15:53,211,210.5,40,211.05,40,0,23960
FINNIFTY02JAN2421200CE.NFO,02/01/2024,09:15:55,211,210.9,360,211.5,40,0,23960
FINNIFTY02JAN2421200CE.NFO,02/01/2024,09:15:57,209.55,209.25,80,210.1,400,200,23960
FINNIFTY02JAN2421200CE.NFO,02/01/2024,09:15:58,209.35,209,560,209.8,360,200,23960
FINNIFTY02JAN2421200CE.NFO,02/01/2024,09:16:00,210,210.3,360,211.1,360,1440,23960
FINNIFTY02JAN2421200CE.NFO,02/01/2024,09:16:01,209.45,209.55,560,210,160,1080,23960
FINNIFTY02JAN2421200CE.NFO,02/01/2024,09:16:03,210,210.3,360,211,560,160,23960
FINNIFTY02JAN2421200CE.NFO,02/01/2024,09:16:05,211.65,211.15,560,212,600,40,23960
FINNIFTY02JAN2421200CE.NFO,02/01/2024,09:16:06,212.15,214.2,40,214.85,560,40,23960
FINNIFTY02JAN2421200CE.NFO,02/01/2024,09:16:08,212.15,215.7,360,216.35,40,0,23960
FINNIFTY02JAN2421200CE.NFO,02/01/2024,09:16:10,212.15,213.4,360,214.1,560,0,23960
FINNIFTY02JAN2421200CE.NFO,02/01/2024,09:16:11,213.9,214.4,360,215.15,40,1000,23960
FINNIFTY02JAN2421200CE.NFO,02/01/2024,09:16:13,213.6,214.9,360,215.6,640,80,23960
FINNIFTY02JAN2421200CE.NFO,02/01/2024,09:16:14,214.2,213,160,213.8,560,400,23960
FINNIFTY02JAN2421200CE.NFO,02/01/2024,09:16:16,213,211.9,360,212.6,560,160,23960
FINNIFTY02JAN2421200CE.NFO,02/01/2024,09:16:18,212.95,211.8,360,212.4,600,440,23960
FINNIFTY02JAN2421200CE.NFO,02/01/2024,09:16:19,212.95,211.6,360,212.25,560,0,23960
FINNIFTY02JAN2421200CE.NFO,02/01/2024,09:16:21,211.35,210.5,360,211.15,560,40,23960
FINNIFTY02JAN2421200CE.NFO,02/01/2024,09:16:22,209.4,207.5,360,208.15,560,240,23960
FINNIFTY02JAN2421200CE.NFO,02/01/2024,09:16:24,209.4,208.3,360,208.95,560,0,23960
FINNIFTY02JAN2421200CE.NFO,02/01/2024,09:16:26,208.2,207.2,40,207.65,560,40,23960
FINNIFTY02JAN2421200CE.NFO,02/01/2024,09:16:27,206.25,206.9,600,207.55,40,2160,23960
FINNIFTY02JAN2421200CE.NFO,02/01/2024,09:16:27,206.25,206.9,600,207.55,40,0,23960
FINNIFTY02JAN2421200CE.NFO,02/01/2024,09:16:29,206.25,207.3,360,207.9,560,0,23960
FINNIFTY02JAN2421200CE.NFO,02/01/2024,09:16:31,207.2,208.9,360,209.5,640,400,23960
FINNIFTY02JAN2421200CE.NFO,02/01/2024,09:16:32,210.05,208.15,40,208.65,80,40,23960
FINNIFTY02JAN2421200CE.NFO,02/01/2024,09:16:34,210.05,207.3,440,207.95,80,0,23960
FINNIFTY02JAN2421200CE.NFO,02/01/2024,09:16:35,210.05,209.15,40,209.8,80,0,23960
FINNIFTY02JAN2421200CE.NFO,02/01/2024,09:16:37,210.05,207.65,40,208.25,80,0,23960
FINNIFTY02JAN2421200CE.NFO,02/01/2024,09:16:39,210.05,207.45,40,208.2,440,0,23960
FINNIFTY02JAN2421200CE.NFO,02/01/2024,09:16:40,210.05,207.6,40,208.15,80,0,23960
FINNIFTY02JAN2421200CE.NFO,02/01/2024,09:16:42,208.5,208.55,40,209.2,80,40,23960
FINNIFTY02JAN2421200CE.NFO,02/01/2024,09:16:43,208.5,208.9,440,209.5,80,0,23960
FINNIFTY02JAN2421200CE.NFO,02/01/2024,09:16:45,208.5,212.15,40,212.75,80,0,23960
FINNIFTY02JAN2421200CE.NFO,02/01/2024,09:16:46,211.95,210.95,160,211.6,80,40,23960
FINNIFTY02JAN2421200CE.NFO,02/01/2024,09:16:48,211.95,213.05,40,213.6,80,0,23960
FINNIFTY02JAN2421200CE.NFO,02/01/2024,09:16:50,211.95,214.3,360,214.85,80,0,23960
FINNIFTY02JAN2421200CE.NFO,02/01/2024,09:16:51,211.95,212.55,120,213.15,80,0,23960
FINNIFTY02JAN2421200CE.NFO,02/01/2024,09:16:53,211.95,211.65,40,212.25,560,0,23960
FINNIFTY02JAN2421200CE.NFO,02/01/2024,09:16:54,211.95,210.4,40,211,40,0,23960
FINNIFTY02JAN2421200CE.NFO,02/01/2024,09:16:56,211.85,211.05,120,211.6,560,200,23960
FINNIFTY02JAN2421200CE.NFO,02/01/2024,09:16:58,210.8,212.1,360,212.7,560,160,23960
FINNIFTY02JAN2421200CE.NFO,02/01/2024,09:16:59,212.35,211.85,560,212.55,560,160,23960
FINNIFTY02JAN2421200CE.NFO,02/01/2024,09:17:01,213,212.1,360,212.75,40,640,23960
FINNIFTY02JAN2421200CE.NFO,02/01/2024,09:17:03,210.95,210.85,40,211.45,40,720,23960
FINNIFTY02JAN2421200CE.NFO,02/01/2024,09:17:04,210.95,210.4,40,210.9,680,0,23960
FINNIFTY02JAN2421200CE.NFO,02/01/2024,09:17:06,210.95,211.15,80,211.75,560,0,23960
FINNIFTY02JAN2421200CE.NFO,02/01/2024,09:17:07,210.95,212.1,240,212.65,640,0,23960
FINNIFTY02JAN2421200CE.NFO,02/01/2024,09:17:09,212.05,211.5,360,212.15,600,200,23960
FINNIFTY02JAN2421200CE.NFO,02/01/2024,09:17:11,212.05,210.65,80,211.2,560,0,23960
FINNIFTY02JAN2421200CE.NFO,02/01/2024,09:17:12,211,210.9,600,211.45,560,40,23960
FINNIFTY02JAN2421200CE.NFO,02/01/2024,09:17:14,211,211.25,80,211.9,200,0,23960
FINNIFTY02JAN2421200CE.NFO,02/01/2024,09:17:15,211.85,211.9,360,212.25,160,80,23960
FINNIFTY02JAN2421200CE.NFO,02/01/2024,09:17:17,211.85,212.6,360,213,240,0,23960
FINNIFTY02JAN2421200CE.NFO,02/01/2024,09:17:19,211.85,214.6,80,214.9,1800,0,23960
FINNIFTY02JAN2421200CE.NFO,02/01/2024,09:17:20,214.9,214.4,80,214.9,480,1320,23960
FINNIFTY02JAN2421200CE.NFO,02/01/2024,09:17:22,214.9,214.3,80,214.9,480,0,23960
FINNIFTY02JAN2421200CE.NFO,02/01/2024,09:17:23,214.9,214.2,40,214.75,40,5960,33400
FINNIFTY02JAN2421200CE.NFO,02/01/2024,09:17:25,213.7,213,920,213.75,800,4000,33400
FINNIFTY02JAN2421200CE.NFO,02/01/2024,09:17:27,213.7,213.7,360,214.35,560,0,33400
FINNIFTY02JAN2421200CE.NFO,02/01/2024,09:17:28,211.55,211.5,360,212.2,560,80,33400
FINNIFTY02JAN2421200CE.NFO,02/01/2024,09:17:30,211.55,210.85,40,211.5,680,80,33400
FINNIFTY02JAN2421200CE.NFO,02/01/2024,09:17:31,211.65,211,920,211.8,1240,40,33400
FINNIFTY02JAN2421200CE.NFO,02/01/2024,09:17:33,211.45,211.65,40,212.35,600,40,33400
FINNIFTY02JAN2421200CE.NFO,02/01/2024,09:17:35,211.45,211.35,40,212.05,560,0,33400
FINNIFTY02JAN2421200CE.NFO,02/01/2024,09:17:36,212.05,211,360,211.7,720,40,33400
FINNIFTY02JAN2421200CE.NFO,02/01/2024,09:17:38,212.05,213.4,480,214,80,0,33400
FINNIFTY02JAN2421200CE.NFO,02/01/2024,09:17:39,211.5,210.85,80,211.5,680,1600,33400
FINNIFTY02JAN2421200CE.NFO,02/01/2024,09:17:41,211.5,209.5,80,210.1,680,0,33400
FINNIFTY02JAN2421200CE.NFO,02/01/2024,09:17:43,210.5,209.95,80,210.65,560,40,33400
FINNIFTY02JAN2421200CE.NFO,02/01/2024,09:17:44,210.5,209.25,80,209.9,560,0,33400
FINNIFTY02JAN2421200CE.NFO,02/01/2024,09:17:46,210.5,209.2,480,209.9,560,0,33400
FINNIFTY02JAN2421200CE.NFO,02/01/2024,09:17:47,210.5,208.85,80,209.5,560,0,33400
FINNIFTY02JAN2421200CE.NFO,02/01/2024,09:17:49,210.25,209.5,80,210.15,680,40,33400
FINNIFTY02JAN2421200CE.NFO,02/01/2024,09:17:51,210.25,210.5,40,210.95,560,0,33400
FINNIFTY02JAN2421200CE.NFO,02/01/2024,09:17:52,211,210.25,40,210.9,1000,80,33400
FINNIFTY02JAN2421200CE.NFO,02/01/2024,09:17:54,211,210.3,80,210.9,360,0,33400
FINNIFTY02JAN2421200CE.NFO,02/01/2024,09:17:55,209.25,209.7,80,210.3,80,120,33400
FINNIFTY02JAN2421200CE.NFO,02/01/2024,09:17:57,210.6,210.25,160,210.9,560,80,33400
FINNIFTY02JAN2421200CE.NFO,02/01/2024,09:17:58,210.35,210.3,120,210.85,560,40,33400
FINNIFTY02JAN2421200CE.NFO,02/01/2024,09:18:00,210.35,209.95,120,210.65,560,0,33400
FINNIFTY02JAN2421200CE.NFO,02/01/2024,09:18:02,211.5,211.4,560,212.1,40,480,33400
FINNIFTY02JAN2421200CE.NFO,02/01/2024,09:18:03,211.5,212.7,80,213.4,360,0,33400
FINNIFTY02JAN2421200CE.NFO,02/01/2024,09:18:05,211.5,212.25,160,212.9,1000,0,33400
FINNIFTY02JAN2421200CE.NFO,02/01/2024,09:18:07,211.5,213.35,160,213.85,640,0,33400
FINNIFTY02JAN2421200CE.NFO,02/01/2024,09:18:08,211.5,213.8,160,214.35,640,0,33400
FINNIFTY02JAN2421200CE.NFO,02/01/2024,09:18:10,211.5,212.85,120,213.45,640,0,33400
FINNIFTY02JAN2421200CE.NFO,02/01/2024,09:18:11,211.5,211.35,160,211.95,640,0,33400
FINNIFTY02JAN2421200CE.NFO,02/01/2024,09:18:13,211.5,211.8,160,212.4,640,0,33400
FINNIFTY02JAN2421200CE.NFO,02/01/2024,09:18:15,211.5,212,160,212.8,40,0,33400
FINNIFTY02JAN2421200CE.NFO,02/01/2024,09:18:17,211.5,210.05,80,210.55,120,0,33400
FINNIFTY02JAN2421200CE.NFO,02/01/2024,09:18:18,210,208.85,200,209.45,120,120,33400
FINNIFTY02JAN2421200CE.NFO,02/01/2024,09:18:20,208.05,207.55,200,208.2,1000,120,33400
FINNIFTY02JAN2421200CE.NFO,02/01/2024,09:18:21,206.85,207.7,80,208.25,560,40,33400
FINNIFTY02JAN2421200CE.NFO,02/01/2024,09:18:23,209.6,208.9,200,209.45,640,480,33400
FINNIFTY02JAN2421200CE.NFO,02/01/2024,09:18:25,208.7,208.3,40,208.85,120,80,33400
FINNIFTY02JAN2421200CE.NFO,02/01/2024,09:18:26,207.7,207.95,80,208.4,560,40,33400
FINNIFTY02JAN2421200CE.NFO,02/01/2024,09:18:28,209.55,209.35,720,210,920,200,33400
FINNIFTY02JAN2421200CE.NFO,02/01/2024,09:18:29,209.55,209.5,80,210.05,760,0,33400
FINNIFTY02JAN2421200CE.NFO,02/01/2024,09:18:31,209.55,208.85,240,209.35,120,0,33400
FINNIFTY02JAN2421200CE.NFO,02/01/2024,09:18:33,208.15,208.4,80,208.9,80,160,33400
FINNIFTY02JAN2421200CE.NFO,02/01/2024,09:18:34,208.9,208.9,120,209.45,640,120,33400
FINNIFTY02JAN2421200CE.NFO,02/01/2024,09:18:36,208.9,209.3,40,209.85,120,0,33400
FINNIFTY02JAN2421200CE.NFO,02/01/2024,09:18:37,210,209.9,40,210.5,640,1080,33400
FINNIFTY02JAN2421200CE.NFO,02/01/2024,09:18:39,210.8,210.4,40,210.95,600,80,33400
FINNIFTY02JAN2421200CE.NFO,02/01/2024,09:18:41,210.8,210.3,160,210.85,120,0,33400
FINNIFTY02JAN2421200CE.NFO,02/01/2024,09:18:42,210.7,210.85,40,211.35,160,200,33400
FINNIFTY02JAN2421200CE.NFO,02/01/2024,09:18:44,210.7,212,400,212.5,80,0,33400
FINNIFTY02JAN2421200CE.NFO,02/01/2024,09:18:45,212.5,212.05,80,212.6,120,3920,33400
FINNIFTY02JAN2421200CE.NFO,02/01/2024,09:18:47,212.5,212.05,120,212.6,40,0,33400
FINNIFTY02JAN2421200CE.NFO,02/01/2024,09:18:49,212.95,212,80,212.5,40,40,33400
FINNIFTY02JAN2421200CE.NFO,02/01/2024,09:18:50,212.95,213.2,520,213.75,560,0,33400
FINNIFTY02JAN2421200CE.NFO,02/01/2024,09:18:52,212.95,213.85,760,214.45,1120,0,33400
FINNIFTY02JAN2421200CE.NFO,02/01/2024,09:18:54,213.85,213.35,40,213.9,1200,40,33400
FINNIFTY02JAN2421200CE.NFO,02/01/2024,09:18:55,213.85,213.8,680,214.4,560,0,33400
FINNIFTY02JAN2421200CE.NFO,02/01/2024,09:18:57,214.15,213.55,40,214.1,120,120,33400
FINNIFTY02JAN2421200CE.NFO,02/01/2024,09:18:58,214.15,213.55,120,214.15,80,0,33400
FINNIFTY02JAN2421200CE.NFO,02/01/2024,09:19:00,214.3,213.1,120,213.7,80,40,33400
FINNIFTY02JAN2421200CE.NFO,02/01/2024,09:19:02,215,214.15,120,214.75,80,240,33400
FINNIFTY02JAN2421200CE.NFO,02/01/2024,09:19:03,213,212.8,520,213.45,40,160,33400
FINNIFTY02JAN2421200CE.NFO,02/01/2024,09:19:05,213,213.15,120,213.7,600,0,33400
FINNIFTY02JAN2421200CE.NFO,02/01/2024,09:19:07,214.1,213.85,120,214.35,80,120,33400
FINNIFTY02JAN2421200CE.NFO,02/01/2024,09:19:08,213.75,213.5,40,214.05,640,40,33400
FINNIFTY02JAN2421200CE.NFO,02/01/2024,09:19:10,213.75,214.15,160,214.65,40,0,33400
FINNIFTY02JAN2421200CE.NFO,02/01/2024,09:19:11,215.6,215.4,520,216,40,40,33400
FINNIFTY02JAN2421200CE.NFO,02/01/2024,09:19:13,218,216.6,120,217.1,560,600,33400
FINNIFTY02JAN2421200CE.NFO,02/01/2024,09:19:15,218,217.55,120,218.15,560,0,33400
FINNIFTY02JAN2421200CE.NFO,02/01/2024,09:19:16,218.25,217.4,440,218,560,80,33400
FINNIFTY02JAN2421200CE.NFO,02/01/2024,09:19:18,218.25,217.35,600,217.95,80,0,33400
FINNIFTY02JAN2421200CE.NFO,02/01/2024,09:19:19,217.05,216.9,160,217.5,600,15240,33400
FINNIFTY02JAN2421200CE.NFO,02/01/2024,09:19:21,217.05,217.4,160,218,920,0,33400
FINNIFTY02JAN2421200CE.NFO,02/01/2024,09:19:23,216.1,215.45,160,216.1,560,40,33400
FINNIFTY02JAN2421200CE.NFO,02/01/2024,09:19:24,216.1,214.8,240,215.4,600,0,33400
FINNIFTY02JAN2421200CE.NFO,02/01/2024,09:19:26,216.1,215.25,240,215.85,600,0,33400
FINNIFTY02JAN2421200CE.NFO,02/01/2024,09:19:28,214.35,214.7,120,215.2,560,200,33400
FINNIFTY02JAN2421200CE.NFO,02/01/2024,09:19:29,214.9,215.65,120,216.25,600,40,33400
FINNIFTY02JAN2421200CE.NFO,02/01/2024,09:19:31,215.45,215.8,680,216.3,560,40,33400
FINNIFTY02JAN2421200CE.NFO,02/01/2024,09:19:32,215.45,215.5,640,216.15,680,0,33400
FINNIFTY02JAN2421200CE.NFO,02/01/2024,09:19:34,215.45,217.1,320,217.75,560,0,33400
FINNIFTY02JAN2421200CE.NFO,02/01/2024,09:19:36,218,217.4,1320,218.05,40,40,33400
FINNIFTY02JAN2421200CE.NFO,02/01/2024,09:19:37,218,216.9,440,217.6,640,0,33400
FINNIFTY02JAN2421200CE.NFO,02/01/2024,09:19:39,218,216.2,360,216.8,560,0,33400
FINNIFTY02JAN2421200CE.NFO,02/01/2024,09:19:41,218,216.75,120,217.25,560,0,33400
FINNIFTY02JAN2421200CE.NFO,02/01/2024,09:19:42,217.35,216.25,200,216.85,640,80,33400
FINNIFTY02JAN2421200CE.NFO,02/01/2024,09:19:44,216.4,215.75,360,216.3,600,120,33400
FINNIFTY02JAN2421200CE.NFO,02/01/2024,09:19:46,216.4,216.25,440,216.8,560,0,33400
FINNIFTY02JAN2421200CE.NFO,02/01/2024,09:19:47,217.2,217.45,320,217.95,600,80,33400
FINNIFTY02JAN2421200CE.NFO,02/01/2024,09:19:49,217.4,216.9,440,217.4,160,440,33400
FINNIFTY02JAN2421200CE.NFO,02/01/2024,09:19:51,217.4,216.85,400,217.3,400,0,33400
FINNIFTY02JAN2421200CE.NFO,02/01/2024,09:19:52,216.2,215.1,680,215.6,320,80,33400
FINNIFTY02JAN2421200CE.NFO,02/01/2024,09:19:54,214.9,214.45,800,215.05,240,80,33400
FINNIFTY02JAN2421200CE.NFO,02/01/2024,09:19:56,214.9,214.9,120,215.4,280,0,33400
FINNIFTY02JAN2421200CE.NFO,02/01/2024,09:19:57,214.9,213.7,440,214.1,240,0,33400
FINNIFTY02JAN2421200CE.NFO,02/01/2024,09:19:59,213.6,213.45,600,214.05,160,80,33400
FINNIFTY02JAN2421200CE.NFO,02/01/2024,09:20:01,214.55,213.45,520,214.05,120,40,33400
FINNIFTY02JAN2421200CE.NFO,02/01/2024,09:20:02,214,213.75,160,214.55,80,840,33400
FINNIFTY02JAN2421200CE.NFO,02/01/2024,09:20:04,214.5,214.95,80,215.6,40,200,33400
FINNIFTY02JAN2421200CE.NFO,02/01/2024,09:20:06,214.5,216.25,160,216.85,40,0,33400
FINNIFTY02JAN2421200CE.NFO,02/01/2024,09:20:07,216.1,215.8,120,216.5,520,40,33400
FINNIFTY02JAN2421200CE.NFO,02/01/2024,09:20:09,216.1,216.1,680,216.75,80,0,33400
FINNIFTY02JAN2421200CE.NFO,02/01/2024,09:20:11,217.2,217.1,80,217.65,120,40,33400
FINNIFTY02JAN2421200CE.NFO,02/01/2024,09:20:12,217.2,216.6,40,217.2,360,0,33400
FINNIFTY02JAN2421200CE.NFO,02/01/2024,09:20:14,217.2,216.45,40,217,440,0,33400
FINNIFTY02JAN2421200CE.NFO,02/01/2024,09:20:16,216.85,216.2,80,216.85,80,80,33400
FINNIFTY02JAN2421200CE.NFO,02/01/2024,09:20:17,216.85,215.4,160,216.05,40,0,33400
FINNIFTY02JAN2421200CE.NFO,02/01/2024,09:20:19,215.2,215.6,160,216.3,80,160,33400
FINNIFTY02JAN2421200CE.NFO,02/01/2024,09:20:21,215.2,215.7,280,216.4,40,0,33400
FINNIFTY02JAN2421200CE.NFO,02/01/2024,09:20:22,215.2,215.8,80,216.35,40,0,33400
FINNIFTY02JAN2421200CE.NFO,02/01/2024,09:20:24,215.2,214.85,280,215.35,80,0,33400
FINNIFTY02JAN2421200CE.NFO,02/01/2024,09:20:26,215.2,214.7,160,215.3,40,0,33400
FINNIFTY02JAN2421200CE.NFO,02/01/2024,09:20:27,215.2,214,200,214.5,400,0,33400
FINNIFTY02JAN2421200CE.NFO,02/01/2024,09:20:29,215.2,214.75,160,215.5,440,0,33400
FINNIFTY02JAN2421200CE.NFO,02/01/2024,09:20:31,215.2,214.45,160,215.05,120,40,43920
FINNIFTY02JAN2421200CE.NFO,02/01/2024,09:20:32,215.2,213.95,160,214.45,40,0,43920
FINNIFTY02JAN2421200CE.NFO,02/01/2024,09:20:34,213.65,213.9,160,214.45,80,40,43920
FINNIFTY02JAN2421200CE.NFO,02/01/2024,09:20:36,213.3,213.65,240,214.3,40,120,43920
FINNIFTY02JAN2421200CE.NFO,02/01/2024,09:20:37,212.9,213.05,120,213.6,40,280,43920
FINNIFTY02JAN2421200CE.NFO,02/01/2024,09:20:39,212.9,213,360,213.6,40,0,43920
FINNIFTY02JAN2421200CE.NFO,02/01/2024,09:20:41,212.9,214.4,200,214.85,40,0,43920
FINNIFTY02JAN2421200CE.NFO,02/01/2024,09:20:42,212.9,214.5,1080,215.25,40,0,43920
FINNIFTY02JAN2421200CE.NFO,02/01/2024,09:20:44,214.5,214.8,40,215.4,80,40,43920
FINNIFTY02JAN2421200CE.NFO,02/01/2024,09:20:46,215.15,216,40,216.55,80,120,43920
FINNIFTY02JAN2421200CE.NFO,02/01/2024,09:20:47,215.15,216.6,80,217.2,80,0,43920
FINNIFTY02JAN2421200CE.NFO,02/01/2024,09:20:49,215.15,216.05,240,216.7,80,0,43920
FINNIFTY02JAN2421200CE.NFO,02/01/2024,09:20:51,217.8,217.3,80,217.8,40,320,43920
FINNIFTY02JAN2421200CE.NFO,02/01/2024,09:20:52,217.8,217.2,680,217.95,160,40,43920
FINNIFTY02JAN2421200CE.NFO,02/01/2024,09:20:54,217.8,217.25,440,217.8,40,0,43920
FINNIFTY02JAN2421200CE.NFO,02/01/2024,09:20:56,217,216.8,160,217.35,120,320,43920
FINNIFTY02JAN2421200CE.NFO,02/01/2024,09:20:57,216.75,216.8,560,217.3,40,40,43920
FINNIFTY02JAN2421200CE.NFO,02/01/2024,09:20:59,216.5,215.85,760,216.5,40,40,43920
FINNIFTY02JAN2421200CE.NFO,02/01/2024,09:21:01,217.35,216.4,80,216.95,40,600,43920
FINNIFTY02JAN2421200CE.NFO,02/01/2024,09:21:02,216.95,215.6,160,216.15,40,80,43920
FINNIFTY02JAN2421200CE.NFO,02/01/2024,09:21:04,218.45,218.35,40,218.65,40,120,43920
FINNIFTY02JAN2421200CE.NFO,02/01/2024,09:21:06,221.6,221.4,40,222.05,40,720,43920
FINNIFTY02JAN2421200CE.NFO,02/01/2024,09:21:07,222.9,223.2,280,223.9,360,5200,43920
FINNIFTY02JAN2421200CE.NFO,02/01/2024,09:21:09,224.55,223.05,80,223.75,80,40,43920
FINNIFTY02JAN2421200CE.NFO,02/01/2024,09:21:11,225.7,225.2,1120,226.15,80,480,43920
FINNIFTY02JAN2421200CE.NFO,02/01/2024,09:21:12,225.1,224.65,80,225.4,440,440,43920
FINNIFTY02JAN2421200CE.NFO,02/01/2024,09:21:14,224.35,223.2,480,223.8,360,80,43920
FINNIFTY02JAN2421200CE.NFO,02/01/2024,09:21:16,223.15,222.15,120,222.9,520,400,43920
FINNIFTY02JAN2421200CE.NFO,02/01/2024,09:21:17,223.15,222.7,360,223.45,120,0,43920
FINNIFTY02JAN2421200CE.NFO,02/01/2024,09:21:19,223.15,222.6,440,223.35,40,0,43920
FINNIFTY02JAN2421200CE.NFO,02/01/2024,09:21:21,223,222.45,200,223.15,40,40,43920
FINNIFTY02JAN2421200CE.NFO,02/01/2024,09:21:22,222.95,223.85,40,224.55,80,40,43920
FINNIFTY02JAN2421200CE.NFO,02/01/2024,09:21:24,222.95,224.5,360,225,40,0,43920
FINNIFTY02JAN2421200CE.NFO,02/01/2024,09:21:26,225.6,226.5,520,227.1,40,80,43920
FINNIFTY02JAN2421200CE.NFO,02/01/2024,09:21:27,229,228.7,920,229.5,520,520,43920
FINNIFTY02JAN2421200CE.NFO,02/01/2024,09:21:29,229.85,229.7,80,230.6,560,3400,43920
FINNIFTY02JAN2421200CE.NFO,02/01/2024,09:21:31,228.8,228.95,80,229.75,80,400,43920
FINNIFTY02JAN2421200CE.NFO,02/01/2024,09:21:32,229.85,229.65,280,230.2,320,40,43920
FINNIFTY02JAN2421200CE.NFO,02/01/2024,09:21:34,229.85,230.85,80,231.6,160,0,43920
FINNIFTY02JAN2421200CE.NFO,02/01/2024,09:21:36,229.85,228.9,640,229.65,400,0,43920
FINNIFTY02JAN2421200CE.NFO,02/01/2024,09:21:37,226.95,227.95,80,228.75,160,520,43920
FINNIFTY02JAN2421200CE.NFO,02/01/2024,09:21:39,226.95,227.95,160,228.7,520,0,43920
FINNIFTY02JAN2421200CE.NFO,02/01/2024,09:21:41,226.95,227.5,600,228.3,520,0,43920
FINNIFTY02JAN2421200CE.NFO,02/01/2024,09:21:42,227.05,226.7,1080,227.5,160,40,43920
FINNIFTY02JAN2421200CE.NFO,02/01/2024,09:21:44,226.25,226.55,120,227.35,120,3240,43920
FINNIFTY02JAN2421200CE.NFO,02/01/2024,09:21:46,227.25,226.6,360,227.3,200,80,43920
FINNIFTY02JAN2421200CE.NFO,02/01/2024,09:21:47,227.25,226.05,40,226.65,720,0,43920
FINNIFTY02JAN2421200CE.NFO,02/01/2024,09:21:49,226.15,226.4,400,227.05,640,560,43920
FINNIFTY02JAN2421200CE.NFO,02/01/2024,09:21:51,226.15,226.1,120,226.7,640,0,43920
FINNIFTY02JAN2421200CE.NFO,02/01/2024,09:21:52,226.15,226.45,40,227.05,640,0,43920
FINNIFTY02JAN2421200CE.NFO,02/01/2024,09:21:54,226.15,226.3,40,226.95,800,0,43920
FINNIFTY02JAN2421200CE.NFO,02/01/2024,09:21:56,226.9,227.35,280,227.85,560,40,43920
FINNIFTY02JAN2421200CE.NFO,02/01/2024,09:21:57,226.9,228.2,40,228.75,560,0,43920
FINNIFTY02JAN2421200CE.NFO,02/01/2024,09:21:59,226.9,229.25,320,229.85,640,0,43920
FINNIFTY02JAN2421200CE.NFO,02/01/2024,09:22:01,226.9,227.8,680,228.65,160,0,43920
FINNIFTY02JAN2421200CE.NFO,02/01/2024,09:22:02,226.9,227.9,240,228.6,440,0,43920
FINNIFTY02JAN2421200CE.NFO,02/01/2024,09:22:04,226.9,227.2,80,227.95,160,0,43920
FINNIFTY02JAN2421200CE.NFO,02/01/2024,09:22:06,226.9,227.4,440,228.15,240,0,43920
FINNIFTY02JAN2421200CE.NFO,02/01/2024,09:22:07,226.9,226.5,160,227.2,40,0,43920
FINNIFTY02JAN2421200CE.NFO,02/01/2024,09:22:09,226.9,226.45,40,227,560,0,43920
FINNIFTY02JAN2421200CE.NFO,02/01/2024,09:22:11,226.4,226.55,40,227.2,720,40,43920
FINNIFTY02JAN2421200CE.NFO,02/01/2024,09:22:12,226.4,226.6,440,227.2,560,0,43920
FINNIFTY02JAN2421200CE.NFO,02/01/2024,09:22:14,226.8,226.8,400,227.45,640,40,43920
FINNIFTY02JAN2421200CE.NFO,02/01/2024,09:22:16,226.8,226.3,160,226.9,1120,0,43920
FINNIFTY02JAN2421200CE.NFO,02/01/2024,09:22:17,226,224.35,600,225.05,640,80,43920
FINNIFTY02JAN2421200CE.NFO,02/01/2024,09:22:19,224.5,225.5,80,226.15,720,40,43920
FINNIFTY02JAN2421200CE.NFO,02/01/2024,09:22:21,225.45,224.55,280,225.15,560,40,43920
FINNIFTY02JAN2421200CE.NFO,02/01/2024,09:22:22,226.05,224.25,760,224.95,640,40,43920
FINNIFTY02JAN2421200CE.NFO,02/01/2024,09:22:24,223.25,223.4,360,224.05,640,440,43920
FINNIFTY02JAN2421200CE.NFO,02/01/2024,09:22:26,223.25,222.6,40,223.15,560,0,43920
FINNIFTY02JAN2421200CE.NFO,02/01/2024,09:22:27,222,221.7,40,222.2,560,240,43920
FINNIFTY02JAN2421200CE.NFO,02/01/2024,09:22:29,221,220.75,120,221.35,400,320,43920
FINNIFTY02JAN2421200CE.NFO,02/01/2024,09:22:31,221,221.8,560,222.45,560,0,43920
FINNIFTY02JAN2421200CE.NFO,02/01/2024,09:22:32,221,221.55,120,222.15,480,0,43920
FINNIFTY02JAN2421200CE.NFO,02/01/2024,09:22:34,220.85,220.3,720,220.95,400,40,43920
FINNIFTY02JAN2421200CE.NFO,02/01/2024,09:22:36,220.85,218.85,40,219.4,360,0,43920
FINNIFTY02JAN2421200CE.NFO,02/01/2024,09:22:37,220.85,219.7,560,220.25,440,0,43920
FINNIFTY02JAN2421200CE.NFO,02/01/2024,09:22:39,220.85,220,160,220.55,440,0,43920
FINNIFTY02JAN2421200CE.NFO,02/01/2024,09:22:41,220,220.15,120,220.8,440,120,43920
FINNIFTY02JAN2421200CE.NFO,02/01/2024,09:22:42,220,220,120,220.55,360,0,43920
FINNIFTY02JAN2421200CE.NFO,02/01/2024,09:22:44,220,219.7,1120,220.35,360,0,43920
FINNIFTY02JAN2421200CE.NFO,02/01/2024,09:22:46,220,219.5,40,220.05,440,0,43920
FINNIFTY02JAN2421200CE.NFO,02/01/2024,09:22:47,220,220.75,40,221.3,280,0,43920
FINNIFTY02JAN2421200CE.NFO,02/01/2024,09:22:49,220,219.75,40,220.3,280,0,43920
FINNIFTY02JAN2421200CE.NFO,02/01/2024,09:22:51,220,220.85,600,221.55,280,0,43920
FINNIFTY02JAN2421200CE.NFO,02/01/2024,09:22:52,220,222.05,40,222.65,280,0,43920
FINNIFTY02JAN2421200CE.NFO,02/01/2024,09:22:54,220,221.25,40,221.75,280,0,43920
FINNIFTY02JAN2421200CE.NFO,02/01/2024,09:22:56,220,221.25,120,221.85,360,0,43920
FINNIFTY02JAN2421200CE.NFO,02/01/2024,09:22:58,220,222.8,360,223.3,280,0,43920
FINNIFTY02JAN2421200CE.NFO,02/01/2024,09:22:59,223.5,222.6,480,223.2,320,40,43920
FINNIFTY02JAN2421200CE.NFO,02/01/2024,09:23:01,223.5,222.1,400,222.75,240,0,43920
FINNIFTY02JAN2421200CE.NFO,02/01/2024,09:23:03,223.5,221.6,160,222.15,320,0,43920
FINNIFTY02JAN2421200CE.NFO,02/01/2024,09:23:04,223.5,222.1,360,222.75,400,0,43920
FINNIFTY02JAN2421200CE.NFO,02/01/2024,09:23:06,223.5,223.55,240,224.1,240,0,43920
FINNIFTY02JAN2421200CE.NFO,02/01/2024,09:23:08,223.5,226.15,560,226.9,400,0,43920
FINNIFTY02JAN2421200CE.NFO,02/01/2024,09:23:09,226.65,225.65,40,226.3,120,200,43920
FINNIFTY02JAN2421200CE.NFO,02/01/2024,09:23:11,226.65,224.9,40,225.4,40,0,43920
FINNIFTY02JAN2421200CE.NFO,02/01/2024,09:23:14,226.35,225.75,120,226.45,120,120,43920
FINNIFTY02JAN2421200CE.NFO,02/01/2024,09:23:16,226.35,225.9,40,226.55,160,0,43920
FINNIFTY02JAN2421200CE.NFO,02/01/2024,09:23:18,226.35,227.4,80,228.05,160,0,43920
FINNIFTY02JAN2421200CE.NFO,02/01/2024,09:23:19,226.65,226.2,160,226.9,360,120,43920
FINNIFTY02JAN2421200CE.NFO,02/01/2024,09:23:21,226.65,226.1,40,226.7,160,0,43920
FINNIFTY02JAN2421200CE.NFO,02/01/2024,09:23:23,225.75,226,360,226.7,160,280,43920
FINNIFTY02JAN2421200CE.NFO,02/01/2024,09:23:24,225.75,226.05,120,226.75,120,0,43920
FINNIFTY02JAN2421200CE.NFO,02/01/2024,09:23:26,225.45,225.3,240,226,160,40,42480
FINNIFTY02JAN2421200CE.NFO,02/01/2024,09:23:28,225.45,225,120,225.6,360,0,42480
FINNIFTY02JAN2421200CE.NFO,02/01/2024,09:23:29,225.45,223.4,40,224.15,160,0,42480
FINNIFTY02JAN2421200CE.NFO,02/01/2024,09:23:31,225.45,223.7,40,224.4,160,0,42480
FINNIFTY02JAN2421200CE.NFO,02/01/2024,09:23:33,225.45,225.7,200,226.45,200,0,42480
FINNIFTY02JAN2421200CE.NFO,02/01/2024,09:23:34,225.45,225.1,40,225.8,520,0,42480
FINNIFTY02JAN2421200CE.NFO,02/01/2024,09:23:36,225.45,225.55,120,226.25,120,0,42480
FINNIFTY02JAN2421200CE.NFO,02/01/2024,09:23:38,225.45,226.2,120,226.8,40,0,42480
FINNIFTY02JAN2421200CE.NFO,02/01/2024,09:23:39,225.45,226.3,80,227.1,480,0,42480
FINNIFTY02JAN2421200CE.NFO,02/01/2024,09:23:41,225.45,225.85,200,226.55,160,0,42480
FINNIFTY02JAN2421200CE.NFO,02/01/2024,09:23:43,225.45,225.05,40,225.7,80,0,42480
FINNIFTY02JAN2421200CE.NFO,02/01/2024,09:23:44,225.45,225.5,120,226.2,640,0,42480
FINNIFTY02JAN2421200CE.NFO,02/01/2024,09:23:46,225.45,225.25,40,225.95,120,0,42480
FINNIFTY02JAN2421200CE.NFO,02/01/2024,09:23:48,225,224.4,40,224.9,400,120,42480
FINNIFTY02JAN2421200CE.NFO,02/01/2024,09:23:49,225,223.8,240,224.55,80,0,42480
FINNIFTY02JAN2421200CE.NFO,02/01/2024,09:23:51,225,223.8,360,224.55,240,0,42480
FINNIFTY02JAN2421200CE.NFO,02/01/2024,09:23:53,225,224.15,200,224.85,240,0,42480
FINNIFTY02JAN2421200CE.NFO,02/01/2024,09:23:54,225,223.6,40,224.25,80,0,42480
FINNIFTY02JAN2421200CE.NFO,02/01/2024,09:23:56,225,223.05,240,223.75,160,0,42480
FINNIFTY02JAN2421200CE.NFO,02/01/2024,09:23:58,223.8,222.35,40,223.1,440,40,42480
FINNIFTY02JAN2421200CE.NFO,02/01/2024,09:23:59,223.8,222.15,80,222.9,440,0,42480
FINNIFTY02JAN2421200CE.NFO,02/01/2024,09:24:01,223.8,221.05,40,221.8,520,0,42480
FINNIFTY02JAN2421200CE.NFO,02/01/2024,09:24:03,221.15,220.7,200,221.3,360,520,42480
FINNIFTY02JAN2421200CE.NFO,02/01/2024,09:24:04,221.15,221.65,80,222.35,80,0,42480
FINNIFTY02JAN2421200CE.NFO,02/01/2024,09:24:06,221.15,222.85,80,223.5,40,0,42480
FINNIFTY02JAN2421200CE.NFO,02/01/2024,09:24:08,221.15,222.35,120,223.05,280,0,42480
FINNIFTY02JAN2421200CE.NFO,02/01/2024,09:24:09,223.2,222.45,200,223.2,120,40,42480
FINNIFTY02JAN2421200CE.NFO,02/01/2024,09:24:11,222.8,223.7,120,224.4,600,200,42480
FINNIFTY02JAN2421200CE.NFO,02/01/2024,09:24:13,222.8,223.9,840,224.5,120,0,42480
FINNIFTY02JAN2421200CE.NFO,02/01/2024,09:24:14,222.8,224.05,160,224.7,40,0,42480
FINNIFTY02JAN2421200CE.NFO,02/01/2024,09:24:16,222.8,222.2,40,222.8,360,0,42480
FINNIFTY02JAN2421200CE.NFO,02/01/2024,09:24:18,222.8,222.4,120,223,400,0,42480
FINNIFTY02JAN2421200CE.NFO,02/01/2024,09:24:19,222.8,221.95,40,222.6,440,0,42480
FINNIFTY02JAN2421200CE.NFO,02/01/2024,09:24:21,222.8,221.15,40,221.45,40,0,42480
FINNIFTY02JAN2421200CE.NFO,02/01/2024,09:24:23,221.15,220.05,80,220.7,360,40,42480
FINNIFTY02JAN2421200CE.NFO,02/01/2024,09:24:24,221.15,219.5,40,220.1,360,0,42480
FINNIFTY02JAN2421200CE.NFO,02/01/2024,09:24:26,220.2,219.6,80,220.3,360,520,42480
FINNIFTY02JAN2421200CE.NFO,02/01/2024,09:24:28,219.75,219.85,200,220.5,160,80,42480
FINNIFTY02JAN2421200CE.NFO,02/01/2024,09:24:29,219.75,220,1160,220.7,600,0,42480
FINNIFTY02JAN2421200CE.NFO,02/01/2024,09:24:31,220.6,219.85,120,220.45,160,40,42480
FINNIFTY02JAN2421200CE.NFO,02/01/2024,09:24:33,220.05,219.95,560,220.45,40,160,42480
FINNIFTY02JAN2421200CE.NFO,02/01/2024,09:24:34,220.05,219.45,160,220.05,120,0,42480
FINNIFTY02JAN2421200CE.NFO,02/01/2024,09:24:36,220.05,219.9,120,220.45,40,0,42480
FINNIFTY02JAN2421200CE.NFO,02/01/2024,09:24:38,220.05,221.85,40,222,40,0,42480
FINNIFTY02JAN2421200CE.NFO,02/01/2024,09:24:39,222,221.2,80,221.75,80,40,42480
FINNIFTY02JAN2421200CE.NFO,02/01/2024,09:24:41,221.1,221.5,320,222.05,160,240,42480
FINNIFTY02JAN2421200CE.NFO,02/01/2024,09:24:43,221.8,222.15,560,222.8,160,200,42480
FINNIFTY02JAN2421200CE.NFO,02/01/2024,09:24:44,222.05,222.05,120,222.6,240,40,42480
FINNIFTY02JAN2421200CE.NFO,02/01/2024,09:24:46,222.05,222.3,1240,223,160,0,42480
FINNIFTY02JAN2421200CE.NFO,02/01/2024,09:24:48,222.05,222.4,560,223.15,160,0,42480
FINNIFTY02JAN2421200CE.NFO,02/01/2024,09:24:49,222.05,223.5,800,224.2,160,0,42480
FINNIFTY02JAN2421200CE.NFO,02/01/2024,09:24:51,222.05,223.6,160,224.2,160,0,42480
FINNIFTY02JAN2421200CE.NFO,02/01/2024,09:24:53,222.05,222.5,640,223.15,160,0,42480
FINNIFTY02JAN2421200CE.NFO,02/01/2024,09:24:54,222.6,222.15,560,222.8,240,40,42480
FINNIFTY02JAN2421200CE.NFO,02/01/2024,09:24:56,222.6,220.2,1040,220.7,160,0,42480
FINNIFTY02JAN2421200CE.NFO,02/01/2024,09:24:58,220.8,220.25,560,220.9,360,400,42480
FINNIFTY02JAN2421200CE.NFO,02/01/2024,09:24:59,220.8,220.05,200,220.8,440,0,42480
FINNIFTY02JAN2421200CE.NFO,02/01/2024,09:25:01,220.8,218.75,160,219.45,160,0,42480
FINNIFTY02JAN2421200CE.NFO,02/01/2024,09:25:03,220.6,220.9,360,221.6,360,80,42480
FINNIFTY02JAN2421200CE.NFO,02/01/2024,09:25:04,221.1,220.2,160,220.9,440,80,42480
FINNIFTY02JAN2421200CE.NFO,02/01/2024,09:25:06,221.1,220.05,520,220.7,360,0,42480
FINNIFTY02JAN2421200CE.NFO,02/01/2024,09:25:08,221.1,221.45,1000,222.2,360,40,42480
FINNIFTY02JAN2421200CE.NFO,02/01/2024,09:25:09,221.1,220.75,240,221.4,440,0,42480
FINNIFTY02JAN2421200CE.NFO,02/01/2024,09:25:11,221.1,219.7,720,220.45,200,0,42480
FINNIFTY02JAN2421200CE.NFO,02/01/2024,09:25:13,221.1,220.05,40,220.6,360,0,42480
FINNIFTY02JAN2421200CE.NFO,02/01/2024,09:25:14,221.1,220.3,40,221.05,200,0,42480
FINNIFTY02JAN2421200CE.NFO,02/01/2024,09:25:16,221.1,219.3,160,220,520,0,42480
FINNIFTY02JAN2421200CE.NFO,02/01/2024,09:25:18,221.1,219.9,120,220.55,40,0,42480
FINNIFTY02JAN2421200CE.NFO,02/01/2024,09:25:19,221.1,220.4,40,220.95,160,0,42480
FINNIFTY02JAN2421200CE.NFO,02/01/2024,09:25:21,220.65,221.1,560,221.85,240,80,42480
FINNIFTY02JAN2421200CE.NFO,02/01/2024,09:25:23,221.65,221.1,200,221.7,360,40,42480
FINNIFTY02JAN2421200CE.NFO,02/01/2024,09:25:24,221.65,220.9,1040,221.6,360,0,42480
FINNIFTY02JAN2421200CE.NFO,02/01/2024,09:25:26,221.7,221.1,320,221.75,40,80,42480
FINNIFTY02JAN2421200CE.NFO,02/01/2024,09:25:28,222,222.3,760,223.1,520,40,42480
FINNIFTY02JAN2421200CE.NFO,02/01/2024,09:25:29,222,222.65,40,223.4,480,0,42480
FINNIFTY02JAN2421200CE.NFO,02/01/2024,09:25:31,222,223.05,160,223.8,440,0,42480
FINNIFTY02JAN2421200CE.NFO,02/01/2024,09:25:33,222,224.3,480,225,480,0,42480
FINNIFTY02JAN2421200CE.NFO,02/01/2024,09:25:34,225,225.2,240,225.9,120,40,42480
FINNIFTY02JAN2421200CE.NFO,02/01/2024,09:25:36,225,225.25,560,226,40,0,42480
FINNIFTY02JAN2421200CE.NFO,02/01/2024,09:25:38,225,224.75,200,225.4,360,0,42480
FINNIFTY02JAN2421200CE.NFO,02/01/2024,09:25:39,225,223.4,160,224,440,0,42480
FINNIFTY02JAN2421200CE.NFO,02/01/2024,09:25:41,225,223.65,160,224.4,480,0,42480
FINNIFTY02JAN2421200CE.NFO,02/01/2024,09:25:43,225.35,224.75,80,225.4,440,160,42480
FINNIFTY02JAN2421200CE.NFO,02/01/2024,09:25:44,224.6,224.1,200,224.7,40,40,42480
FINNIFTY02JAN2421200CE.NFO,02/01/2024,09:25:46,224.6,224,40,224.5,40,0,42480
FINNIFTY02JAN2421200CE.NFO,02/01/2024,09:25:48,224.6,223.8,720,224.45,40,0,42480
FINNIFTY02JAN2421200CE.NFO,02/01/2024,09:25:49,224.6,222.75,400,223.35,40,0,42480
FINNIFTY02JAN2421200CE.NFO,02/01/2024,09:25:51,224.6,223.15,240,223.65,40,0,42480
FINNIFTY02JAN2421200CE.NFO,02/01/2024,09:25:53,224.6,223.3,120,224,400,0,42480
FINNIFTY02JAN2421200CE.NFO,02/01/2024,09:25:54,229.25,225.1,160,225.8,440,1600,42480
FINNIFTY02JAN2421200CE.NFO,02/01/2024,09:25:56,225.4,226.05,80,226.7,440,200,42480
FINNIFTY02JAN2421200CE.NFO,02/01/2024,09:25:58,225.4,226.35,760,227.1,200,0,42480
FINNIFTY02JAN2421200CE.NFO,02/01/2024,09:25:59,227.45,226.8,240,227.5,440,80,42480
FINNIFTY02JAN2421200CE.NFO,02/01/2024,09:26:01,228,228.05,120,228.85,120,80,42480
FINNIFTY02JAN2421200CE.NFO,02/01/2024,09:26:03,228,227.15,200,227.9,360,0,42480
FINNIFTY02JAN2421200CE.NFO,02/01/2024,09:26:04,228,227.05,160,227.8,480,0,42480
FINNIFTY02JAN2421200CE.NFO,02/01/2024,09:26:06,228,227.7,320,228.3,80,0,42480
FINNIFTY02JAN2421200CE.NFO,02/01/2024,09:26:08,227.9,226.95,80,227.6,80,400,42480
FINNIFTY02JAN2421200CE.NFO,02/01/2024,09:26:09,227.9,227.15,80,227.85,160,0,42480
FINNIFTY02JAN2421200CE.NFO,02/01/2024,09:26:11,227.9,226.95,200,227.7,400,0,42480
FINNIFTY02JAN2421200CE.NFO,02/01/2024,09:26:13,227.9,227.5,320,228.2,440,0,42480
FINNIFTY02JAN2421200CE.NFO,02/01/2024,09:26:14,231.05,230.7,200,231.3,200,400,42480
FINNIFTY02JAN2421200CE.NFO,02/01/2024,09:26:16,255.65,255.4,560,256.3,200,9960,42480
FINNIFTY02JAN2421200CE.NFO,02/01/2024,09:26:16,256.9,255.4,560,256.3,200,0,42480
FINNIFTY02JAN2421200CE.NFO,02/01/2024,09:26:18,243.85,243.3,80,244,40,4720,42480
FINNIFTY02JAN2421200CE.NFO,02/01/2024,09:26:19,243.5,245.7,920,246.7,440,680,42480
FINNIFTY02JAN2421200CE.NFO,02/01/2024,09:26:21,245.7,246.5,160,247.4,440,200,42480
FINNIFTY02JAN2421200CE.NFO,02/01/2024,09:26:23,245.6,244.7,160,245.5,440,40,42480
FINNIFTY02JAN2421200CE.NFO,02/01/2024,09:26:24,244.1,243.2,440,243.95,560,40,46160
FINNIFTY02JAN2421200CE.NFO,02/01/2024,09:26:26,242.95,242.3,440,243.2,160,120,46160
FINNIFTY02JAN2421200CE.NFO,02/01/2024,09:26:28,243.6,243.6,200,244.3,560,80,46160
FINNIFTY02JAN2421200CE.NFO,02/01/2024,09:26:29,248,249.5,400,250.45,120,40,46160
FINNIFTY02JAN2421200CE.NFO,02/01/2024,09:26:31,250.95,251.05,80,252.1,120,280,46160
FINNIFTY02JAN2421200CE.NFO,02/01/2024,09:26:33,251.6,249.85,40,250.4,40,120,46160
FINNIFTY02JAN2421200CE.NFO,02/01/2024,09:26:34,249.95,249.25,80,250.05,80,40,46160
FINNIFTY02JAN2421200CE.NFO,02/01/2024,09:26:36,249.95,249.95,560,250.65,600,0,46160
FINNIFTY02JAN2421200CE.NFO,02/01/2024,09:26:38,255,255.05,240,256.05,80,2280,46160
FINNIFTY02JAN2421200CE.NFO,02/01/2024,09:26:39,260.3,261.05,80,262.25,80,400,46160
FINNIFTY02JAN2421200CE.NFO,02/01/2024,09:26:39,260.3,261.05,80,262.25,80,0,46160
FINNIFTY02JAN2421200CE.NFO,02/01/2024,09:26:41,260.7,260.2,120,261.05,80,280,46160
FINNIFTY02JAN2421200CE.NFO,02/01/2024,09:26:41,262,260.2,120,261.05,80,0,46160
FINNIFTY02JAN2421200CE.NFO,02/01/2024,09:26:43,259.9,260.35,280,261.25,160,80,46160
FINNIFTY02JAN2421200CE.NFO,02/01/2024,09:26:44,266.5,266.45,120,267.35,40,480,46160
FINNIFTY02JAN2421200CE.NFO,02/01/2024,09:26:44,266.5,266.45,120,267.35,40,0,46160
FINNIFTY02JAN2421200CE.NFO,02/01/2024,09:26:46,267.4,267.7,80,268.7,80,480,46160
FINNIFTY02JAN2421200CE.NFO,02/01/2024,09:26:46,268.7,267.7,80,268.7,80,0,46160
FINNIFTY02JAN2421200CE.NFO,02/01/2024,09:26:48,268.4,267.75,120,268.65,80,920,46160
FINNIFTY02JAN2421200CE.NFO,02/01/2024,09:26:48,271.2,267.75,120,268.65,80,0,46160
FINNIFTY02JAN2421200CE.NFO,02/01/2024,09:26:49,264.95,264.9,560,265.4,80,280,46160
FINNIFTY02JAN2421200CE.NFO,02/01/2024,09:26:51,266.6,267.55,320,268.45,120,480,46160
FINNIFTY02JAN2421200CE.NFO,02/01/2024,09:26:53,268.25,265.4,40,266.2,360,40,46160
FINNIFTY02JAN2421200CE.NFO,02/01/2024,09:26:54,262.2,261.6,40,262.8,40,200,46160
FINNIFTY02JAN2421200CE.NFO,02/01/2024,09:26:56,261.2,260.65,400,261.4,560,720,46160
FINNIFTY02JAN2421200CE.NFO,02/01/2024,09:26:58,258.75,258.8,80,259.6,560,400,46160
FINNIFTY02JAN2421200CE.NFO,02/01/2024,09:26:59,259.55,257.85,200,258.7,80,120,46160
FINNIFTY02JAN2421200CE.NFO,02/01/2024,09:27:01,259.7,262.1,80,262.85,560,440,46160
FINNIFTY02JAN2421200CE.NFO,02/01/2024,09:27:03,261.85,262.9,520,263.75,560,240,46160
FINNIFTY02JAN2421200CE.NFO,02/01/2024,09:27:04,263.15,261.9,200,262.6,560,40,46160
FINNIFTY02JAN2421200CE.NFO,02/01/2024,09:27:06,263.15,261,40,261.7,560,0,46160
FINNIFTY02JAN2421200CE.NFO,02/01/2024,09:27:08,263.15,263.4,40,264.4,80,0,46160
FINNIFTY02JAN2421200CE.NFO,02/01/2024,09:27:09,264.45,264.15,200,265,80,240,46160
FINNIFTY02JAN2421200CE.NFO,02/01/2024,09:27:11,264.45,261.3,120,262.15,80,0,46160
FINNIFTY02JAN2421200CE.NFO,02/01/2024,09:27:13,261.9,262.5,560,263.2,120,40,46160
FINNIFTY02JAN2421200CE.NFO,02/01/2024,09:27:14,261.9,261.1,280,261.8,560,0,46160
FINNIFTY02JAN2421200CE.NFO,02/01/2024,09:27:16,260,260.2,120,260.85,560,80,46160
FINNIFTY02JAN2421200CE.NFO,02/01/2024,09:27:18,260.55,260.35,120,260.85,560,40,46160
FINNIFTY02JAN2421200CE.NFO,02/01/2024,09:27:20,260.55,259.6,200,260.45,640,0,46160
FINNIFTY02JAN2421200CE.NFO,02/01/2024,09:27:21,260.55,260.8,80,261.4,560,0,46160
FINNIFTY02JAN2421200CE.NFO,02/01/2024,09:27:23,260.8,261.25,560,262,640,120,46160
FINNIFTY02JAN2421200CE.NFO,02/01/2024,09:27:25,260.8,260.6,400,261.2,560,0,46160
FINNIFTY02JAN2421200CE.NFO,02/01/2024,09:27:26,259.4,257.7,120,258.4,560,200,46160
FINNIFTY02JAN2421200CE.NFO,02/01/2024,09:27:28,256.8,257.1,120,257.45,80,40,46160
FINNIFTY02JAN2421200CE.NFO,02/01/2024,09:27:30,257.5,256.8,40,257.5,560,80,46160
FINNIFTY02JAN2421200CE.NFO,02/01/2024,09:27:31,257.5,255.85,560,256.5,80,0,46160
FINNIFTY02JAN2421200CE.NFO,02/01/2024,09:27:33,255.1,255.55,80,256.2,240,160,46160
FINNIFTY02JAN2421200CE.NFO,02/01/2024,09:27:35,255.1,256.4,80,257.25,80,0,46160
FINNIFTY02JAN2421200CE.NFO,02/01/2024,09:27:36,257.95,259.05,40,259.7,560,800,46160
FINNIFTY02JAN2421200CE.NFO,02/01/2024,09:27:38,259.45,258.55,600,259.3,640,200,46160
FINNIFTY02JAN2421200CE.NFO,02/01/2024,09:27:40,258.35,257.9,560,258.7,560,360,46160
FINNIFTY02JAN2421200CE.NFO,02/01/2024,09:27:41,258.35,258.2,160,259,720,0,46160
FINNIFTY02JAN2421200CE.NFO,02/01/2024,09:27:43,258.35,259.7,120,260.35,560,0,46160
FINNIFTY02JAN2421200CE.NFO,02/01/2024,09:27:45,258.35,258.05,400,258.6,560,0,46160
FINNIFTY02JAN2421200CE.NFO,02/01/2024,09:27:46,258.35,257.25,480,257.9,640,0,46160
FINNIFTY02JAN2421200CE.NFO,02/01/2024,09:27:48,258.35,257.2,360,257.9,640,0,46160
FINNIFTY02JAN2421200CE.NFO,02/01/2024,09:27:50,258.35,259.8,120,260,120,0,46160
FINNIFTY02JAN2421200CE.NFO,02/01/2024,09:27:51,260,261,680,261.7,640,120,46160
FINNIFTY02JAN2421200CE.NFO,02/01/2024,09:27:53,265,266.1,200,267,120,720,46160
FINNIFTY02JAN2421200CE.NFO,02/01/2024,09:27:55,265.7,266.1,40,266.85,120,40,46160
FINNIFTY02JAN2421200CE.NFO,02/01/2024,09:27:56,264.9,266.85,200,267,40,120,46160
FINNIFTY02JAN2421200CE.NFO,02/01/2024,09:27:58,274,273.95,80,274.55,160,4720,46160
FINNIFTY02JAN2421200CE.NFO,02/01/2024,09:27:58,279.3,273.95,80,274.55,160,0,46160
FINNIFTY02JAN2421200CE.NFO,02/01/2024,09:28:00,273.4,272.55,80,273.45,80,760,46160
FINNIFTY02JAN2421200CE.NFO,02/01/2024,09:28:01,273.2,271.65,160,272.75,160,440,46160
FINNIFTY02JAN2421200CE.NFO,02/01/2024,09:28:03,275.35,274.15,160,275.65,80,80,46160
FINNIFTY02JAN2421200CE.NFO,02/01/2024,09:28:05,275.9,274.9,80,275.75,600,80,46160
FINNIFTY02JAN2421200CE.NFO,02/01/2024,09:28:06,272.65,271.35,80,272.65,120,40,46160
FINNIFTY02JAN2421200CE.NFO,02/01/2024,09:28:08,271.65,271.25,40,271.9,560,80,46160
FINNIFTY02JAN2421200CE.NFO,02/01/2024,09:28:10,271.65,270.15,80,271.05,240,0,46160
FINNIFTY02JAN2421200CE.NFO,02/01/2024,09:28:11,271.65,270.85,560,271.55,640,0,46160
FINNIFTY02JAN2421200CE.NFO,02/01/2024,09:28:13,269.55,269.3,160,269.9,560,200,46160
FINNIFTY02JAN2421200CE.NFO,02/01/2024,09:28:15,269.35,269,120,269.95,80,280,46160
FINNIFTY02JAN2421200CE.NFO,02/01/2024,09:28:16,269.45,269.45,120,270.3,80,80,46160
FINNIFTY02JAN2421200CE.NFO,02/01/2024,09:28:18,267.95,268.55,120,269.4,560,40,46160
FINNIFTY02JAN2421200CE.NFO,02/01/2024,09:28:20,268.7,267,120,268.05,160,360,46160
FINNIFTY02JAN2421200CE.NFO,02/01/2024,09:28:21,268.7,269.4,240,270.25,560,0,46160
FINNIFTY02JAN2421200CE.NFO,02/01/2024,09:28:23,268.7,269.95,120,270.75,640,0,46160
FINNIFTY02JAN2421200CE.NFO,02/01/2024,09:28:25,272.35,273.1,80,273.8,40,80,46160
FINNIFTY02JAN2421200CE.NFO,02/01/2024,09:28:26,272.35,271.5,200,272.3,560,0,46160
FINNIFTY02JAN2421200CE.NFO,02/01/2024,09:28:28,271.3,270.5,320,271.1,560,240,46160
FINNIFTY02JAN2421200CE.NFO,02/01/2024,09:28:30,271.3,272.15,80,272.85,40,0,46160
FINNIFTY02JAN2421200CE.NFO,02/01/2024,09:28:31,271.3,270.25,120,270.85,560,0,46160
FINNIFTY02JAN2421200CE.NFO,02/01/2024,09:28:33,271.3,268.2,40,268.9,640,0,46160
FINNIFTY02JAN2421200CE.NFO,02/01/2024,09:28:35,271.3,267.25,160,267.85,560,0,46160
FINNIFTY02JAN2421200CE.NFO,02/01/2024,09:28:36,268.35,266.2,240,267,640,40,46160
FINNIFTY02JAN2421200CE.NFO,02/01/2024,09:28:38,268.35,265.55,200,266.6,80,0,46160
FINNIFTY02JAN2421200CE.NFO,02/01/2024,09:28:40,268.35,266,680,266.75,560,0,46160
FINNIFTY02JAN2421200CE.NFO,02/01/2024,09:28:41,267.2,266.45,680,267.2,560,160,46160
FINNIFTY02JAN2421200CE.NFO,02/01/2024,09:28:43,267.05,265.85,560,266.65,280,360,46160
FINNIFTY02JAN2421200CE.NFO,02/01/2024,09:28:45,267.05,266.5,40,267.05,280,0,46160
FINNIFTY02JAN2421200CE.NFO,02/01/2024,09:28:46,267.05,268.2,40,269,160,0,46160
FINNIFTY02JAN2421200CE.NFO,02/01/2024,09:28:48,267.05,267.35,40,268.05,320,0,46160
FINNIFTY02JAN2421200CE.NFO,02/01/2024,09:28:50,266.75,267.05,120,267.65,280,200,46160
FINNIFTY02JAN2421200CE.NFO,02/01/2024,09:28:51,267.45,267.4,40,268,280,40,46160
FINNIFTY02JAN2421200CE.NFO,02/01/2024,09:28:53,267.45,266.7,40,267.45,120,0,46160
FINNIFTY02JAN2421200CE.NFO,02/01/2024,09:28:55,267.65,265.55,240,266.2,240,40,46160
FINNIFTY02JAN2421200CE.NFO,02/01/2024,09:28:56,267.65,265.3,640,266.1,320,0,46160
FINNIFTY02JAN2421200CE.NFO,02/01/2024,09:28:58,267.65,264.95,200,265.6,240,0,46160
FINNIFTY02JAN2421200CE.NFO,02/01/2024,09:29:00,264,263.7,40,264.55,40,280,46160
FINNIFTY02JAN2421200CE.NFO,02/01/2024,09:29:01,264,263.85,480,264.8,160,0,46160
FINNIFTY02JAN2421200CE.NFO,02/01/2024,09:29:03,264,262.25,40,263,80,0,46160
FINNIFTY02JAN2421200CE.NFO,02/01/2024,09:29:05,264,262.25,520,263.1,40,0,46160
FINNIFTY02JAN2421200CE.NFO,02/01/2024,09:29:06,263.2,262.4,560,263.45,40,40,46160
FINNIFTY02JAN2421200CE.NFO,02/01/2024,09:29:08,263.2,261.4,840,262.35,240,0,46160
FINNIFTY02JAN2421200CE.NFO,02/01/2024,09:29:10,263.2,262,160,262.8,80,0,46160
FINNIFTY02JAN2421200CE.NFO,02/01/2024,09:29:11,263.2,263.6,440,264.7,40,0,46160
FINNIFTY02JAN2421200CE.NFO,02/01/2024,09:29:13,263.2,264.45,120,265.35,120,0,46160
FINNIFTY02JAN2421200CE.NFO,02/01/2024,09:29:15,263.2,263.35,680,264.15,40,0,46160
FINNIFTY02JAN2421200CE.NFO,02/01/2024,09:29:16,263.2,262.55,760,263.35,40,400,46160
FINNIFTY02JAN2421200CE.NFO,02/01/2024,09:29:18,262.15,262.05,40,262.75,40,40,46160
FINNIFTY02JAN2421200CE.NFO,02/01/2024,09:29:20,262.15,261.3,80,262.15,40,0,46160
FINNIFTY02JAN2421200CE.NFO,02/01/2024,09:29:21,262.15,261.1,760,262,80,0,46160
FINNIFTY02JAN2421200CE.NFO,02/01/2024,09:29:23,262.15,261,80,261.75,40,0,46160
FINNIFTY02JAN2421200CE.NFO,02/01/2024,09:29:25,262.15,262.15,120,263,120,0,46160
FINNIFTY02JAN2421200CE.NFO,02/01/2024,09:29:26,260.2,260.15,40,260.85,120,160,41320
FINNIFTY02JAN2421200CE.NFO,02/01/2024,09:29:28,260.2,260,40,260.5,120,0,41320
FINNIFTY02JAN2421200CE.NFO,02/01/2024,09:29:30,260.2,261.25,200,262,360,0,41320
FINNIFTY02JAN2421200CE.NFO,02/01/2024,09:29:31,260.2,261.45,40,262.2,240,0,41320
FINNIFTY02JAN2421200CE.NFO,02/01/2024,09:29:33,260.2,260.85,40,261.55,40,0,41320
FINNIFTY02JAN2421200CE.NFO,02/01/2024,09:29:35,260.2,262.2,40,262.95,240,0,41320
FINNIFTY02JAN2421200CE.NFO,02/01/2024,09:29:36,260.2,263.35,40,263.95,40,0,41320
FINNIFTY02JAN2421200CE.NFO,02/01/2024,09:29:38,260.2,264.05,600,264.85,120,0,41320
FINNIFTY02JAN2421200CE.NFO,02/01/2024,09:29:40,260.2,264.05,40,264.75,40,0,41320
FINNIFTY02JAN2421200CE.NFO,02/01/2024,09:29:41,260.2,263.9,200,264.55,40,0,41320
FINNIFTY02JAN2421200CE.NFO,02/01/2024,09:29:43,263.4,262.55,160,263.3,240,40,41320
FINNIFTY02JAN2421200CE.NFO,02/01/2024,09:29:45,263.4,262.5,120,263.3,320,0,41320
FINNIFTY02JAN2421200CE.NFO,02/01/2024,09:29:46,263.4,261.75,40,262.45,40,0,41320
FINNIFTY02JAN2421200CE.NFO,02/01/2024,09:29:48,263.4,261.5,40,262.25,80,0,41320
FINNIFTY02JAN2421200CE.NFO,02/01/2024,09:29:50,262.35,262.5,120,263.15,40,40,41320
FINNIFTY02JAN2421200CE.NFO,02/01/2024,09:29:51,262.95,262.9,480,263.7,40,40,41320
FINNIFTY02JAN2421200CE.NFO,02/01/2024,09:29:53,262.95,263.4,480,264.15,40,0,41320
FINNIFTY02JAN2421200CE.NFO,02/01/2024,09:29:55,262.95,262.8,120,263.6,160,0,41320
FINNIFTY02JAN2421200CE.NFO,02/01/2024,09:29:56,262.95,262.25,1200,263.1,40,0,41320
FINNIFTY02JAN2421200CE.NFO,02/01/2024,09:29:58,262.95,261.75,80,262.65,120,0,41320
FINNIFTY02JAN2421200CE.NFO,02/01/2024,09:30:00,262.8,262.4,40,263.2,160,40,41320
FINNIFTY02JAN2421200CE.NFO,02/01/2024,09:30:01,264.9,264.45,120,265.4,240,720,41320
FINNIFTY02JAN2421200CE.NFO,02/01/2024,09:30:03,264.9,261,560,261.7,480,0,41320
FINNIFTY02JAN2421200CE.NFO,02/01/2024,09:30:05,260,259.75,560,260.55,240,480,41320
FINNIFTY02JAN2421200CE.NFO,02/01/2024,09:30:06,260,258.15,240,258.8,160,0,41320
FINNIFTY02JAN2421200CE.NFO,02/01/2024,09:30:08,260,259.15,640,259.9,160,0,41320
FINNIFTY02JAN2421200CE.NFO,02/01/2024,09:30:10,260,260.4,1040,261.15,160,0,41320
FINNIFTY02JAN2421200CE.NFO,02/01/2024,09:30:11,260,260.1,560,261,160,0,41320
FINNIFTY02JAN2421200CE.NFO,02/01/2024,09:30:13,260,261.75,160,262.35,160,0,41320
FINNIFTY02JAN2421200CE.NFO,02/01/2024,09:30:15,260,264.2,40,264.8,160,0,41320
FINNIFTY02JAN2421200CE.NFO,02/01/2024,09:30:16,260,264.25,120,264.95,160,0,41320
FINNIFTY02JAN2421200CE.NFO,02/01/2024,09:30:18,260,265.8,240,266.45,160,0,41320
FINNIFTY02JAN2421200CE.NFO,02/01/2024,09:30:20,268.85,267.75,40,268.45,40,240,41320
FINNIFTY02JAN2421200CE.NFO,02/01/2024,09:30:21,266,265.6,80,266.15,120,80,41320
FINNIFTY02JAN2421200CE.NFO,02/01/2024,09:30:23,266,265.25,80,265.75,200,0,41320
FINNIFTY02JAN2421200CE.NFO,02/01/2024,09:30:25,266,264.1,120,264.7,120,0,41320
FINNIFTY02JAN2421200CE.NFO,02/01/2024,09:30:26,266,263.55,80,264.05,120,0,41320
FINNIFTY02JAN2421200CE.NFO,02/01/2024,09:30:28,266,263.15,80,263.95,120,0,41320
FINNIFTY02JAN2421200CE.NFO,02/01/2024,09:30:30,266,261.65,200,262.45,120,0,41320
FINNIFTY02JAN2421200CE.NFO,02/01/2024,09:30:31,262.85,261.1,80,261.55,200,2120,41320
FINNIFTY02JAN2421200CE.NFO,02/01/2024,09:30:33,262.85,261.65,160,262.25,120,0,41320
FINNIFTY02JAN2421200CE.NFO,02/01/2024,09:30:35,262.85,262.05,80,262.7,40,0,41320
FINNIFTY02JAN2421200CE.NFO,02/01/2024,09:30:36,262.85,262.15,160,263,200,0,41320
FINNIFTY02JAN2421200CE.NFO,02/01/2024,09:30:38,262.85,261.5,80,262.35,120,0,41320
FINNIFTY02JAN2421200CE.NFO,02/01/2024,09:30:40,262.85,262.25,160,262.95,40,0,41320
FINNIFTY02JAN2421200CE.NFO,02/01/2024,09:30:41,262.85,264,160,264.9,40,0,41320
FINNIFTY02JAN2421200CE.NFO,02/01/2024,09:30:43,262.85,262.9,160,263.7,40,0,41320
FINNIFTY02JAN2421200CE.NFO,02/01/2024,09:30:45,262.85,263.3,160,264.1,40,0,41320
FINNIFTY02JAN2421200CE.NFO,02/01/2024,09:30:46,262.85,263.15,80,264.05,160,0,41320
FINNIFTY02JAN2421200CE.NFO,02/01/2024,09:30:48,262.85,262.8,80,263.6,160,0,41320
FINNIFTY02JAN2421200CE.NFO,02/01/2024,09:30:50,262.85,262.85,80,263.45,40,0,41320
FINNIFTY02JAN2421200CE.NFO,02/01/2024,09:30:51,263.4,262.55,80,263.3,80,40,41320
FINNIFTY02JAN2421200CE.NFO,02/01/2024,09:30:53,263.4,263.05,160,263.75,40,0,41320
FINNIFTY02JAN2421200CE.NFO,02/01/2024,09:30:54,263.1,262.75,40,263.3,40,40,41320
FINNIFTY02JAN2421200CE.NFO,02/01/2024,09:30:56,263.15,262,40,262.75,200,40,41320
FINNIFTY02JAN2421200CE.NFO,02/01/2024,09:30:58,263.15,261.6,120,262.35,80,0,41320
FINNIFTY02JAN2421200CE.NFO,02/01/2024,09:30:59,263.15,260.85,160,261.65,40,0,41320
FINNIFTY02JAN2421200CE.NFO,02/01/2024,09:31:01,260.85,260.6,120,261.55,160,120,41320
FINNIFTY02JAN2421200CE.NFO,02/01/2024,09:31:03,260.75,259.8,40,260.55,40,40,41320
FINNIFTY02JAN2421200CE.NFO,02/01/2024,09:31:04,258.95,258.7,40,259.55,160,200,41320
FINNIFTY02JAN2421200CE.NFO,02/01/2024,09:31:06,258.95,258.9,80,259.55,40,0,41320
FINNIFTY02JAN2421200CE.NFO,02/01/2024,09:31:08,258.95,259.1,40,259.7,40,0,41320
FINNIFTY02JAN2421200CE.NFO,02/01/2024,09:31:09,258.95,260,120,260.7,40,0,41320
FINNIFTY02JAN2421200CE.NFO,02/01/2024,09:31:11,258.95,259.7,80,260.45,40,0,41320
FINNIFTY02JAN2421200CE.NFO,02/01/2024,09:31:13,258.95,257.45,160,258.2,40,0,41320
FINNIFTY02JAN2421200CE.NFO,02/01/2024,09:31:14,258.95,255.7,1080,256.4,40,0,41320
FINNIFTY02JAN2421200CE.NFO,02/01/2024,09:31:16,255.2,255.75,280,256.6,160,200,41320
FINNIFTY02JAN2421200CE.NFO,02/01/2024,09:31:18,255.2,257.3,120,257.9,40,0,41320
FINNIFTY02JAN2421200CE.NFO,02/01/2024,09:31:19,255.2,257.45,40,258.25,40,0,41320
FINNIFTY02JAN2421200CE.NFO,02/01/2024,09:31:21,256.65,256.55,40,257.25,40,40,41320
FINNIFTY02JAN2421200CE.NFO,02/01/2024,09:31:23,256.55,258.45,280,259.35,200,40,41320
FINNIFTY02JAN2421200CE.NFO,02/01/2024,09:31:24,256.55,257.55,640,258.35,120,0,41320
FINNIFTY02JAN2421200CE.NFO,02/01/2024,09:31:26,257.25,260.55,40,261.45,200,40,41320
FINNIFTY02JAN2421200CE.NFO,02/01/2024,09:31:27,261.25,260.4,840,261.25,80,40,41320
FINNIFTY02JAN2421200CE.NFO,02/01/2024,09:31:29,261.25,259.6,720,260.35,40,0,41320
FINNIFTY02JAN2421200CE.NFO,02/01/2024,09:31:31,260.5,259.3,760,260.3,40,40,41320
FINNIFTY02JAN2421200CE.NFO,02/01/2024,09:31:32,260.5,258.9,1080,259.85,160,0,41320
FINNIFTY02JAN2421200CE.NFO,02/01/2024,09:31:34,259.8,257.3,160,258.2,200,40,41320
FINNIFTY02JAN2421200CE.NFO,02/01/2024,09:31:36,259.8,257,160,258,160,0,41320
FINNIFTY02JAN2421200CE.NFO,02/01/2024,09:31:37,259.8,256.9,840,257.85,160,0,41320
FINNIFTY02JAN2421200CE.NFO,02/01/2024,09:31:39,256.8,256.95,280,257.85,480,120,41320
FINNIFTY02JAN2421200CE.NFO,02/01/2024,09:31:41,256.8,256.35,280,257.05,40,0,41320
FINNIFTY02JAN2421200CE.NFO,02/01/2024,09:31:42,256.8,255.75,200,256.75,40,0,41320
FINNIFTY02JAN2421200CE.NFO,02/01/2024,09:31:44,256.8,256.25,80,257.25,80,0,41320
FINNIFTY02JAN2421200CE.NFO,02/01/2024,09:31:46,256.8,256.65,440,257.7,120,0,41320
FINNIFTY02JAN2421200CE.NFO,02/01/2024,09:31:48,256.8,257.05,200,258,80,0,41320
FINNIFTY02JAN2421200CE.NFO,02/01/2024,09:31:49,256.8,257.4,160,258.35,80,0,41320
FINNIFTY02JAN2421200CE.NFO,02/01/2024,09:31:51,257.15,256.75,760,257.8,200,200,41320
FINNIFTY02JAN2421200CE.NFO,02/01/2024,09:31:53,257.15,256.15,160,256.8,40,0,41320
FINNIFTY02JAN2421200CE.NFO,02/01/2024,09:31:54,254.15,254.1,640,254.8,80,40,41320
FINNIFTY02JAN2421200CE.NFO,02/01/2024,09:31:56,254.9,254,240,254.8,200,160,41320
FINNIFTY02JAN2421200CE.NFO,02/01/2024,09:31:58,254.9,254.95,560,255.75,200,0,41320
FINNIFTY02JAN2421200CE.NFO,02/01/2024,09:31:59,254.9,255.7,640,256.5,200,0,41320
FINNIFTY02JAN2421200CE.NFO,02/01/2024,09:32:01,254.9,254.75,480,255.5,200,0,41320
FINNIFTY02JAN2421200CE.NFO,02/01/2024,09:32:03,254.9,254.5,320,255.25,280,0,41320
FINNIFTY02JAN2421200CE.NFO,02/01/2024,09:32:04,254.9,252.8,120,253.5,200,0,41320
FINNIFTY02JAN2421200CE.NFO,02/01/2024,09:32:06,252.75,253,640,253.8,160,80,41320
FINNIFTY02JAN2421200CE.NFO,02/01/2024,09:32:08,252.75,252.9,240,253.55,200,0,41320
FINNIFTY02JAN2421200CE.NFO,02/01/2024,09:32:09,252.75,252.75,120,253.5,200,0,41320
FINNIFTY02JAN2421200CE.NFO,02/01/2024,09:32:11,252.75,253.95,920,254.9,280,0,41320
FINNIFTY02JAN2421200CE.NFO,02/01/2024,09:32:13,252.75,255.9,240,256.6,200,0,41320
FINNIFTY02JAN2421200CE.NFO,02/01/2024,09:32:14,252.75,254.2,640,255,280,0,41320
FINNIFTY02JAN2421200CE.NFO,02/01/2024,09:32:16,252.75,253.4,760,254.15,200,0,41320
FINNIFTY02JAN2421200CE.NFO,02/01/2024,09:32:18,252.75,252.75,360,253.35,280,0,41320
FINNIFTY02JAN2421200CE.NFO,02/01/2024,09:32:19,252.75,250.25,640,251,160,360,41320
FINNIFTY02JAN2421200CE.NFO,02/01/2024,09:32:21,252.75,250.4,160,251.2,160,0,41320
FINNIFTY02JAN2421200CE.NFO,02/01/2024,09:32:22,252.75,250.55,120,251.55,160,0,41320
FINNIFTY02JAN2421200CE.NFO,02/01/2024,09:32:24,252.75,250.65,640,251.5,160,0,41320
FINNIFTY02JAN2421200CE.NFO,02/01/2024,09:32:26,249.45,249.65,840,250,40,200,41840
FINNIFTY02JAN2421200CE.NFO,02/01/2024,09:32:27,250,251.25,720,252.05,160,40,41840
FINNIFTY02JAN2421200CE.NFO,02/01/2024,09:32:29,250,252.15,80,252.85,160,0,41840
FINNIFTY02JAN2421200CE.NFO,02/01/2024,09:32:31,252.25,252.85,120,253.55,320,160,41840
FINNIFTY02JAN2421200CE.NFO,02/01/2024,09:32:32,252.25,252,200,252.75,320,0,41840
FINNIFTY02JAN2421200CE.NFO,02/01/2024,09:32:34,252.25,252.35,640,253.15,320,0,41840
FINNIFTY02JAN2421200CE.NFO,02/01/2024,09:32:36,252.25,251.65,1160,252.45,400,0,41840
FINNIFTY02JAN2421200CE.NFO,02/01/2024,09:32:37,252,250,360,250.8,160,40,41840
FINNIFTY02JAN2421200CE.NFO,02/01/2024,09:32:39,252,249.7,160,250.45,320,0,41840
FINNIFTY02JAN2421200CE.NFO,02/01/2024,09:32:41,252,250.7,400,251.55,160,0,41840
FINNIFTY02JAN2421200CE.NFO,02/01/2024,09:32:42,252,249.65,200,250.35,320,0,41840
FINNIFTY02JAN2421200CE.NFO,02/01/2024,09:32:44,252,250.2,720,251.05,320,0,41840
FINNIFTY02JAN2421200CE.NFO,02/01/2024,09:32:46,252,249.35,280,250.3,120,0,41840
FINNIFTY02JAN2421200CE.NFO,02/01/2024,09:32:47,250.95,249.5,40,250.45,80,40,41840
FINNIFTY02JAN2421200CE.NFO,02/01/2024,09:32:49,250.95,251.75,640,252,40,0,41840
FINNIFTY02JAN2421200CE.NFO,02/01/2024,09:32:51,252,250.9,40,251.9,160,40,41840
FINNIFTY02JAN2421200CE.NFO,02/01/2024,09:32:52,252,251,200,251.7,320,0,41840
FINNIFTY02JAN2421200CE.NFO,02/01/2024,09:32:54,250,251.25,160,251.9,280,40,41840
FINNIFTY02JAN2421200CE.NFO,02/01/2024,09:32:56,250,251.1,40,251.75,280,0,41840
FINNIFTY02JAN2421200CE.NFO,02/01/2024,09:32:57,250,251,560,251.8,360,0,41840
FINNIFTY02JAN2421200CE.NFO,02/01/2024,09:32:59,250,251.95,160,252.6,280,0,41840
FINNIFTY02JAN2421200CE.NFO,02/01/2024,09:33:01,250,252.4,480,253.5,240,0,41840
FINNIFTY02JAN2421200CE.NFO,02/01/2024,09:33:02,250,253.25,280,254,280,0,41840
FINNIFTY02JAN2421200CE.NFO,02/01/2024,09:33:04,250,252.8,200,253.5,280,0,41840
FINNIFTY02JAN2421200CE.NFO,02/01/2024,09:33:06,250,252.8,840,253.55,280,0,41840
FINNIFTY02JAN2421200CE.NFO,02/01/2024,09:33:07,250,252.05,1040,252.85,360,0,41840
FINNIFTY02JAN2421200CE.NFO,02/01/2024,09:33:09,250,252.55,560,253.25,280,0,41840
FINNIFTY02JAN2421200CE.NFO,02/01/2024,09:33:11,250,252.35,80,253,280,0,41840
FINNIFTY02JAN2421200CE.NFO,02/01/2024,09:33:12,250,251.85,640,252.6,280,0,41840
FINNIFTY02JAN2421200CE.NFO,02/01/2024,09:33:14,252.05,250.8,720,251.7,160,280,41840
FINNIFTY02JAN2421200CE.NFO,02/01/2024,09:33:16,250.3,248.8,680,249.6,80,120,41840
FINNIFTY02JAN2421200CE.NFO,02/01/2024,09:33:17,248.8,248.7,560,249.45,40,40,41840
FINNIFTY02JAN2421200CE.NFO,02/01/2024,09:33:19,248.8,250.1,560,250.85,40,0,41840
FINNIFTY02JAN2421200CE.NFO,02/01/2024,09:33:21,249.95,249.6,640,250.4,40,40,41840
FINNIFTY02JAN2421200CE.NFO,02/01/2024,09:33:22,249.95,249.4,480,250.15,80,0,41840
FINNIFTY02JAN2421200CE.NFO,02/01/2024,09:33:24,249.95,248.65,480,249.4,80,0,41840
FINNIFTY02JAN2421200CE.NFO,02/01/2024,09:33:26,248,247.45,240,248.45,40,240,41840
FINNIFTY02JAN2421200CE.NFO,02/01/2024,09:33:27,248,248.15,200,249,80,0,41840
FINNIFTY02JAN2421200CE.NFO,02/01/2024,09:33:29,248,247.95,640,248.7,80,0,41840
FINNIFTY02JAN2421200CE.NFO,02/01/2024,09:33:30,248,249.2,720,250,80,0,41840
FINNIFTY02JAN2421200CE.NFO,02/01/2024,09:33:32,248,249.7,640,250.5,80,0,41840
FINNIFTY02JAN2421200CE.NFO,02/01/2024,09:33:34,248,249.8,80,250.45,80,0,41840
FINNIFTY02JAN2421200CE.NFO,02/01/2024,09:33:35,248,249.3,560,250.05,80,0,41840
FINNIFTY02JAN2421200CE.NFO,02/01/2024,09:33:37,248,251.25,280,251.95,80,0,41840
FINNIFTY02JAN2421200CE.NFO,02/01/2024,09:33:39,248,250.15,120,250.8,80,0,41840
FINNIFTY02JAN2421200CE.NFO,02/01/2024,09:33:40,248,250,640,250.8,160,0,41840
FINNIFTY02JAN2421200CE.NFO,02/01/2024,09:33:42,248,250.9,640,251.65,80,0,41840
FINNIFTY02JAN2421200CE.NFO,02/01/2024,09:33:44,248,251.85,640,252.6,240,0,41840
FINNIFTY02JAN2421200CE.NFO,02/01/2024,09:33:45,248,252.2,600,252.95,80,0,41840
FINNIFTY02JAN2421200CE.NFO,02/01/2024,09:33:47,252.9,251.9,200,252.65,80,600,41840
FINNIFTY02JAN2421200CE.NFO,02/01/2024,09:33:49,252.9,252.05,80,252.95,160,0,41840
FINNIFTY02JAN2421200CE.NFO,02/01/2024,09:33:50,252.9,254.85,120,255.75,40,0,41840
FINNIFTY02JAN2421200CE.NFO,02/01/2024,09:33:52,254.6,256.2,80,257.2,80,240,41840
FINNIFTY02JAN2421200CE.NFO,02/01/2024,09:33:54,254.6,256.35,280,257.1,120,0,41840
FINNIFTY02JAN2421200CE.NFO,02/01/2024,09:33:55,254.6,255.9,600,256.7,120,0,41840
FINNIFTY02JAN2421200CE.NFO,02/01/2024,09:33:57,256.55,255.45,680,256.35,200,1000,41840
FINNIFTY02JAN2421200CE.NFO,02/01/2024,09:33:59,256.55,255.4,200,256.3,120,0,41840
FINNIFTY02JAN2421200CE.NFO,02/01/2024,09:34:01,256.55,255.35,480,256.2,80,0,41840
FINNIFTY02JAN2421200CE.NFO,02/01/2024,09:34:02,256.55,254,600,254.75,40,0,41840
FINNIFTY02JAN2421200CE.NFO,02/01/2024,09:34:04,256.55,253.95,120,254.8,80,0,41840
FINNIFTY02JAN2421200CE.NFO,02/01/2024,09:34:06,256.55,253.9,120,254.7,40,0,41840
FINNIFTY02JAN2421200CE.NFO,02/01/2024,09:34:07,256.55,253.3,120,254.2,120,0,41840
FINNIFTY02JAN2421200CE.NFO,02/01/2024,09:34:09,256.55,253.3,640,254.2,80,0,41840
FINNIFTY02JAN2421200CE.NFO,02/01/2024,09:34:11,256.55,252.4,440,253.25,400,0,41840
FINNIFTY02JAN2421200CE.NFO,02/01/2024,09:34:12,253.15,252.55,120,253.3,40,200,41840
FINNIFTY02JAN2421200CE.NFO,02/01/2024,09:34:14,253.15,253,80,253.3,40,0,41840
FINNIFTY02JAN2421200CE.NFO,02/01/2024,09:34:16,252.95,252.7,120,253.25,40,240,41840
FINNIFTY02JAN2421200CE.NFO,02/01/2024,09:34:17,252.95,252.9,120,253.6,40,0,41840
FINNIFTY02JAN2421200CE.NFO,02/01/2024,09:34:19,252.95,251.15,800,251.9,40,0,41840
FINNIFTY02JAN2421200CE.NFO,02/01/2024,09:34:21,252.95,251.3,280,252,120,0,41840
FINNIFTY02JAN2421200CE.NFO,02/01/2024,09:34:22,252.95,250.35,280,251.1,160,0,41840
FINNIFTY02JAN2421200CE.NFO,02/01/2024,09:34:24,250,248.7,160,249.6,200,200,41840
FINNIFTY02JAN2421200CE.NFO,02/01/2024,09:34:26,249.45,248,40,248.7,80,40,41840
FINNIFTY02JAN2421200CE.NFO,02/01/2024,09:34:27,249.45,248.75,640,249.6,80,0,41840
FINNIFTY02JAN2421200CE.NFO,02/01/2024,09:34:29,250,248.95,40,249.8,160,400,41840
FINNIFTY02JAN2421200CE.NFO,02/01/2024,09:34:31,250,248,40,248.75,160,0,41840
FINNIFTY02JAN2421200CE.NFO,02/01/2024,09:34:32,250,248.75,200,249.6,80,0,41840
FINNIFTY02JAN2421200CE.NFO,02/01/2024,09:34:34,250,249.6,80,250.4,200,0,41840
FINNIFTY02JAN2421200CE.NFO,02/01/2024,09:34:36,250,249.7,120,250,40,0,41840
FINNIFTY02JAN2421200CE.NFO,02/01/2024,09:34:37,250,249.85,560,250.7,120,40,41840
FINNIFTY02JAN2421200CE.NFO,02/01/2024,09:34:39,250,248.75,80,249.65,40,0,41840
FINNIFTY02JAN2421200CE.NFO,02/01/2024,09:34:41,250,249.5,120,250.4,80,0,41840
FINNIFTY02JAN2421200CE.NFO,02/01/2024,09:34:42,250,251.15,120,252,120,0,41840
FINNIFTY02JAN2421200CE.NFO,02/01/2024,09:34:44,250,250.75,160,251.6,80,0,41840
FINNIFTY02JAN2421200CE.NFO,02/01/2024,09:34:46,250,250.85,440,251.75,160,0,41840
FINNIFTY02JAN2421200CE.NFO,02/01/2024,09:34:47,250,250.9,120,251.75,120,0,41840
FINNIFTY02JAN2421200CE.NFO,02/01/2024,09:34:49,251.7,250.8,200,251.7,120,40,41840
FINNIFTY02JAN2421200CE.NFO,02/01/2024,09:34:51,251.7,250.3,40,251.2,240,0,41840
FINNIFTY02JAN2421200CE.NFO,02/01/2024,09:34:52,251.7,249.45,40,250.35,40,0,41840
FINNIFTY02JAN2421200CE.NFO,02/01/2024,09:34:54,249.8,248.9,280,249.75,120,40,41840
FINNIFTY02JAN2421200CE.NFO,02/01/2024,09:34:56,250.4,249.75,400,250.55,40,40,41840
FINNIFTY02JAN2421200CE.NFO,02/01/2024,09:34:57,250,250.15,160,251,160,400,41840
FINNIFTY02JAN2421200CE.NFO,02/01/2024,09:34:59,250,251.9,560,252.7,40,0,41840
FINNIFTY02JAN2421200CE.NFO,02/01/2024,09:35:01,250,253.15,240,254,160,0,41840
FINNIFTY02JAN2421200CE.NFO,02/01/2024,09:35:02,252.65,252.6,280,253.4,80,40,41840
FINNIFTY02JAN2421200CE.NFO,02/01/2024,09:35:04,252.65,254.4,40,255.4,40,0,41840
FINNIFTY02JAN2421200CE.NFO,02/01/2024,09:35:06,252.65,253.5,120,254.15,40,0,41840
FINNIFTY02JAN2421200CE.NFO,02/01/2024,09:35:07,252.65,253.05,800,253.85,120,0,41840
FINNIFTY02JAN2421200CE.NFO,02/01/2024,09:35:09,254.15,253.3,40,253.9,40,80,41840
FINNIFTY02JAN2421200CE.NFO,02/01/2024,09:35:11,254.15,251.9,120,252.75,80,0,41840
FINNIFTY02JAN2421200CE.NFO,02/01/2024,09:35:12,254.15,250.65,120,251.6,40,0,41840
FINNIFTY02JAN2421200CE.NFO,02/01/2024,09:35:14,254.15,251.65,120,252.6,200,0,41840
FINNIFTY02JAN2421200CE.NFO,02/01/2024,09:35:16,254.15,251.65,160,252.55,80,0,41840
FINNIFTY02JAN2421200CE.NFO,02/01/2024,09:35:17,254.15,251.3,120,252.25,40,0,41840
FINNIFTY02JAN2421200CE.NFO,02/01/2024,09:35:19,254.15,252.4,360,253.4,280,0,41840
FINNIFTY02JAN2421200CE.NFO,02/01/2024,09:35:21,254.15,254.65,120,255.5,80,0,41840
FINNIFTY02JAN2421200CE.NFO,02/01/2024,09:35:22,254.15,253.4,200,254.1,40,0,41840
FINNIFTY02JAN2421200CE.NFO,02/01/2024,09:35:24,254.15,253.05,160,253.95,800,0,41840
FINNIFTY02JAN2421200CE.NFO,02/01/2024,09:35:26,254.15,253.35,120,254.2,120,0,41840
FINNIFTY02JAN2421200CE.NFO,02/01/2024,09:35:27,254,252.55,160,253.4,160,40,42400
FINNIFTY02JAN2421200CE.NFO,02/01/2024,09:35:29,252.8,252.6,320,253.4,200,40,42400
FINNIFTY02JAN2421200CE.NFO,02/01/2024,09:35:31,252.8,251.6,200,252.3,40,0,42400
FINNIFTY02JAN2421200CE.NFO,02/01/2024,09:35:32,252.8,251.75,120,252.45,40,0,42400
FINNIFTY02JAN2421200CE.NFO,02/01/2024,09:35:34,252.8,252.55,120,253.25,40,0,42400
FINNIFTY02JAN2421200CE.NFO,02/01/2024,09:35:36,252.8,251.55,1040,252.25,120,0,42400
FINNIFTY02JAN2421200CE.NFO,02/01/2024,09:35:37,252.8,250.65,80,251.3,40,0,42400
FINNIFTY02JAN2421200CE.NFO,02/01/2024,09:35:39,252.8,250.25,240,250.95,120,0,42400
FINNIFTY02JAN2421200CE.NFO,02/01/2024,09:35:41,252.8,250.1,160,250.75,40,0,42400
FINNIFTY02JAN2421200CE.NFO,02/01/2024,09:35:42,252.8,250.05,800,250.5,40,0,42400
FINNIFTY02JAN2421200CE.NFO,02/01/2024,09:35:44,251.1,250.3,120,251.2,80,160,42400
FINNIFTY02JAN2421200CE.NFO,02/01/2024,09:35:46,249,248.3,160,249.15,160,840,42400
FINNIFTY02JAN2421200CE.NFO,02/01/2024,09:35:47,249,248,40,248.35,160,0,42400
FINNIFTY02JAN2421200CE.NFO,02/01/2024,09:35:49,248,247.9,120,248.8,240,40,42400
FINNIFTY02JAN2421200CE.NFO,02/01/2024,09:35:51,248,248.2,280,249,80,0,42400
FINNIFTY02JAN2421200CE.NFO,02/01/2024,09:35:52,248,248.45,680,249.25,40,0,42400
FINNIFTY02JAN2421200CE.NFO,02/01/2024,09:35:54,247.75,247.6,240,248.4,160,40,42400
FINNIFTY02JAN2421200CE.NFO,02/01/2024,09:35:56,247.75,246.65,200,247.7,120,0,42400
FINNIFTY02JAN2421200CE.NFO,02/01/2024,09:35:57,247.45,246.35,120,247.25,40,400,42400
FINNIFTY02JAN2421200CE.NFO,02/01/2024,09:35:59,247.05,246.6,200,247.4,480,400,42400
FINNIFTY02JAN2421200CE.NFO,02/01/2024,09:36:01,247.05,246.2,280,246.9,400,0,42400
FINNIFTY02JAN2421200CE.NFO,02/01/2024,09:36:02,247.05,246,640,246.7,320,0,42400
FINNIFTY02JAN2421200CE.NFO,02/01/2024,09:36:04,247.05,246.45,680,247.2,320,0,42400
FINNIFTY02JAN2421200CE.NFO,02/01/2024,09:36:06,247.05,247.05,40,247.6,320,0,42400
FINNIFTY02JAN2421200CE.NFO,02/01/2024,09:36:07,247.05,247.05,240,247.75,280,40,42400
FINNIFTY02JAN2421200CE.NFO,02/01/2024,09:36:09,247.05,247.7,40,248.4,280,0,42400
FINNIFTY02JAN2421200CE.NFO,02/01/2024,09:36:11,247.05,248,40,248.65,280,0,42400
FINNIFTY02JAN2421200CE.NFO,02/01/2024,09:36:12,247.05,247.6,600,248.3,280,0,42400
FINNIFTY02JAN2421200CE.NFO,02/01/2024,09:36:14,247.05,245.75,720,246.5,360,0,42400
FINNIFTY02JAN2421200CE.NFO,02/01/2024,09:36:16,245,244.2,80,245,40,40,42400
FINNIFTY02JAN2421200CE.NFO,02/01/2024,09:36:17,243.4,242.95,120,243.8,480,520,42400
FINNIFTY02JAN2421200CE.NFO,02/01/2024,09:36:19,242.55,242.65,200,243.65,120,240,42400
FINNIFTY02JAN2421200CE.NFO,02/01/2024,09:36:21,242.55,243.1,960,244,440,0,42400
FINNIFTY02JAN2421200CE.NFO,02/01/2024,09:36:22,242.55,243.3,40,244,360,0,42400
FINNIFTY02JAN2421200CE.NFO,02/01/2024,09:36:24,242.55,244.55,720,245,40,0,42400
FINNIFTY02JAN2421200CE.NFO,02/01/2024,09:36:26,245,246.15,920,247,520,40,42400
FINNIFTY02JAN2421200CE.NFO,02/01/2024,09:36:27,246.2,245,560,245.8,440,40,42400
FINNIFTY02JAN2421200CE.NFO,02/01/2024,09:36:29,246.5,246.9,1040,247.8,440,120,42400
FINNIFTY02JAN2421200CE.NFO,02/01/2024,09:36:31,246.5,247.4,1200,248.3,440,0,42400
FINNIFTY02JAN2421200CE.NFO,02/01/2024,09:36:32,246.5,246.4,200,247.2,360,0,42400
FINNIFTY02JAN2421200CE.NFO,02/01/2024,09:36:34,246.25,246.1,120,246.9,360,40,42400
FINNIFTY02JAN2421200CE.NFO,02/01/2024,09:36:36,246.25,246.2,600,247,520,0,42400
FINNIFTY02JAN2421200CE.NFO,02/01/2024,09:36:37,246.25,245.65,160,246.5,80,40,42400
FINNIFTY02JAN2421200CE.NFO,02/01/2024,09:36:39,246.25,246.9,200,247.8,480,0,42400
FINNIFTY02JAN2421200CE.NFO,02/01/2024,09:36:41,246.25,247.65,720,248.5,440,0,42400
FINNIFTY02JAN2421200CE.NFO,02/01/2024,09:36:42,246.25,247.1,640,247.9,440,0,42400
FINNIFTY02JAN2421200CE.NFO,02/01/2024,09:36:44,246.25,247.75,320,248.6,480,0,42400
FINNIFTY02JAN2421200CE.NFO,02/01/2024,09:36:46,246.25,248.1,1120,248.95,40,0,42400
FINNIFTY02JAN2421200CE.NFO,02/01/2024,09:36:47,246.25,248.4,120,249.15,120,0,42400
FINNIFTY02JAN2421200CE.NFO,02/01/2024,09:36:49,246.25,247.3,960,248.2,440,0,42400
FINNIFTY02JAN2421200CE.NFO,02/01/2024,09:36:51,246.25,248.5,80,249,360,0,42400
FINNIFTY02JAN2421200CE.NFO,02/01/2024,09:36:52,246.25,248.5,80,249.15,240,0,42400
FINNIFTY02JAN2421200CE.NFO,02/01/2024,09:36:54,246.25,249.45,840,250.3,400,0,42400
FINNIFTY02JAN2421200CE.NFO,02/01/2024,09:36:56,246.25,248.8,1120,249.6,160,0,42400
FINNIFTY02JAN2421200CE.NFO,02/01/2024,09:36:57,246.25,248.7,1120,249.6,480,0,42400
FINNIFTY02JAN2421200CE.NFO,02/01/2024,09:36:59,246.25,249.25,360,250.1,360,0,42400
FINNIFTY02JAN2421200CE.NFO,02/01/2024,09:37:01,246.25,251.15,640,251.95,120,0,42400
FINNIFTY02JAN2421200CE.NFO,02/01/2024,09:37:02,246.25,251.1,640,251.95,40,0,42400
FINNIFTY02JAN2421200CE.NFO,02/01/2024,09:37:04,246.25,251.05,640,252,120,0,42400
FINNIFTY02JAN2421200CE.NFO,02/01/2024,09:37:06,246.25,251.4,200,252.25,40,0,42400
FINNIFTY02JAN2421200CE.NFO,02/01/2024,09:37:07,246.25,251,280,251.8,80,0,42400
FINNIFTY02JAN2421200CE.NFO,02/01/2024,09:37:09,246.25,250.65,680,251.5,120,0,42400
FINNIFTY02JAN2421200CE.NFO,02/01/2024,09:37:11,246.25,250.45,280,251.35,120,0,42400
FINNIFTY02JAN2421200CE.NFO,02/01/2024,09:37:12,246.25,249.7,320,250.6,120,0,42400
FINNIFTY02JAN2421200CE.NFO,02/01/2024,09:37:14,249.45,249.75,280,250.6,160,40,42400
FINNIFTY02JAN2421200CE.NFO,02/01/2024,09:37:16,249.45,249.65,640,250.5,40,0,42400
FINNIFTY02JAN2421200CE.NFO,02/01/2024,09:37:17,249.45,249.5,160,250.35,40,0,42400
FINNIFTY02JAN2421200CE.NFO,02/01/2024,09:37:19,249.45,250.05,560,250.95,120,0,42400
FINNIFTY02JAN2421200CE.NFO,02/01/2024,09:37:21,249.45,250.6,240,251.4,40,0,42400
FINNIFTY02JAN2421200CE.NFO,02/01/2024,09:37:22,249.45,250.55,80,251.35,80,0,42400
FINNIFTY02JAN2421200CE.NFO,02/01/2024,09:37:24,251.65,251.05,640,251.95,120,40,42400
FINNIFTY02JAN2421200CE.NFO,02/01/2024,09:37:26,251.65,252.45,200,253.2,200,0,42400
FINNIFTY02JAN2421200CE.NFO,02/01/2024,09:37:27,251.65,252.4,800,253.35,120,0,42400
FINNIFTY02JAN2421200CE.NFO,02/01/2024,09:37:29,251.65,253.2,760,254.15,40,0,42400
FINNIFTY02JAN2421200CE.NFO,02/01/2024,09:37:31,251.65,254.9,120,255.9,120,0,42400
FINNIFTY02JAN2421200CE.NFO,02/01/2024,09:37:32,251.65,255.1,80,256,40,0,42400
FINNIFTY02JAN2421200CE.NFO,02/01/2024,09:37:34,255.25,255.2,200,255.85,40,40,42400
FINNIFTY02JAN2421200CE.NFO,02/01/2024,09:37:36,255.4,254.65,720,255.6,80,80,42400
FINNIFTY02JAN2421200CE.NFO,02/01/2024,09:37:37,255.4,252.8,200,253.7,80,0,42400
FINNIFTY02JAN2421200CE.NFO,02/01/2024,09:37:39,255.4,253.7,120,254.5,160,0,42400
FINNIFTY02JAN2421200CE.NFO,02/01/2024,09:37:41,254.25,254.95,200,255.25,40,840,42400
FINNIFTY02JAN2421200CE.NFO,02/01/2024,09:37:42,255.25,254.35,280,255.3,160,40,42400
FINNIFTY02JAN2421200CE.NFO,02/01/2024,09:37:44,255.25,254.1,40,254.7,560,0,42400
FINNIFTY02JAN2421200CE.NFO,02/01/2024,09:37:46,255.25,252.65,40,253.6,120,0,42400
FINNIFTY02JAN2421200CE.NFO,02/01/2024,09:37:47,255.25,252.5,640,253.25,560,0,42400
FINNIFTY02JAN2421200CE.NFO,02/01/2024,09:37:49,255.25,253.35,760,254.05,560,0,42400
FINNIFTY02JAN2421200CE.NFO,02/01/2024,09:37:51,255.25,253.3,200,254.25,160,0,42400
FINNIFTY02JAN2421200CE.NFO,02/01/2024,09:37:52,255.25,252.8,40,253.45,640,0,42400
FINNIFTY02JAN2421200CE.NFO,02/01/2024,09:37:54,255.25,253.75,640,254.45,560,0,42400
FINNIFTY02JAN2421200CE.NFO,02/01/2024,09:37:56,255.25,253.65,40,254.2,560,0,42400
FINNIFTY02JAN2421200CE.NFO,02/01/2024,09:37:57,255.25,253.8,280,254.5,560,0,42400
FINNIFTY02JAN2421200CE.NFO,02/01/2024,09:37:59,255.25,253.35,560,254.1,560,0,42400
FINNIFTY02JAN2421200CE.NFO,02/01/2024,09:38:01,255.25,253.35,560,254.1,720,0,42400
FINNIFTY02JAN2421200CE.NFO,02/01/2024,09:38:02,255.25,253.95,640,254.65,560,0,42400
FINNIFTY02JAN2421200CE.NFO,02/01/2024,09:38:04,253.5,253.45,560,254.15,640,160,42400
FINNIFTY02JAN2421200CE.NFO,02/01/2024,09:38:06,254,252.9,200,253.55,560,80,42400
FINNIFTY02JAN2421200CE.NFO,02/01/2024,09:38:07,254,252.8,120,253.5,560,0,42400
FINNIFTY02JAN2421200CE.NFO,02/01/2024,09:38:11,254,252.3,320,252.95,560,0,42400
FINNIFTY02JAN2421200CE.NFO,02/01/2024,09:38:12,254,252,760,252.7,560,0,42400
FINNIFTY02JAN2421200CE.NFO,02/01/2024,09:38:14,254,252.95,640,253.7,560,0,42400
FINNIFTY02JAN2421200CE.NFO,02/01/2024,09:38:16,254,253.65,200,254,40,0,42400
FINNIFTY02JAN2421200CE.NFO,02/01/2024,09:38:17,254,253.3,120,254,560,40,42400
FINNIFTY02JAN2421200CE.NFO,02/01/2024,09:38:19,254,253.4,40,254.1,640,0,42400
FINNIFTY02JAN2421200CE.NFO,02/01/2024,09:38:21,254,254.85,120,255.65,120,0,42400
FINNIFTY02JAN2421200CE.NFO,02/01/2024,09:38:22,254,255.35,240,256,640,0,42400
FINNIFTY02JAN2421200CE.NFO,02/01/2024,09:38:24,256.4,255.15,120,255.85,640,320,42400
FINNIFTY02JAN2421200CE.NFO,02/01/2024,09:38:26,256.4,254.9,80,255.5,560,0,42400
FINNIFTY02JAN2421200CE.NFO,02/01/2024,09:38:27,259.1,256.2,600,256.9,560,80,41600
FINNIFTY02JAN2421200CE.NFO,02/01/2024,09:38:29,256.6,255.9,40,256.6,640,80,41600
FINNIFTY02JAN2421200CE.NFO,02/01/2024,09:38:31,256.8,256.1,840,256.9,640,80,41600
FINNIFTY02JAN2421200CE.NFO,02/01/2024,09:38:33,256.8,256.2,560,256.85,560,0,41600
FINNIFTY02JAN2421200CE.NFO,02/01/2024,09:38:34,256.8,254.95,680,255.65,560,0,41600
FINNIFTY02JAN2421200CE.NFO,02/01/2024,09:38:36,255,254.6,560,255.35,360,1880,41600
FINNIFTY02JAN2421200CE.NFO,02/01/2024,09:38:38,255,256.8,120,257.8,120,0,41600
FINNIFTY02JAN2421200CE.NFO,02/01/2024,09:38:39,255,257.2,760,257.95,440,0,41600
FINNIFTY02JAN2421200CE.NFO,02/01/2024,09:38:41,257,257.25,800,258,480,40,41600
FINNIFTY02JAN2421200CE.NFO,02/01/2024,09:38:43,257,255.8,40,256.45,480,0,41600
FINNIFTY02JAN2421200CE.NFO,02/01/2024,09:38:44,257,256.85,640,257.65,400,0,41600
FINNIFTY02JAN2421200CE.NFO,02/01/2024,09:38:46,257,255.45,400,256.1,400,0,41600
FINNIFTY02JAN2421200CE.NFO,02/01/2024,09:38:48,257,255.35,640,256.1,400,0,41600
FINNIFTY02JAN2421200CE.NFO,02/01/2024,09:38:49,257,255.65,40,256.25,400,0,41600
FINNIFTY02JAN2421200CE.NFO,02/01/2024,09:38:51,255.55,255.15,40,255.9,360,560,41600
FINNIFTY02JAN2421200CE.NFO,02/01/2024,09:38:53,255.55,256.2,240,256.85,280,0,41600
FINNIFTY02JAN2421200CE.NFO,02/01/2024,09:38:54,257,256.65,40,257.3,520,240,41600
FINNIFTY02JAN2421200CE.NFO,02/01/2024,09:38:56,257.5,258,80,258.55,560,720,41600
FINNIFTY02JAN2421200CE.NFO,02/01/2024,09:38:58,261.5,262,200,262.95,200,440,41600
FINNIFTY02JAN2421200CE.NFO,02/01/2024,09:38:59,261.7,261.1,80,262.15,120,40,41600
FINNIFTY02JAN2421200CE.NFO,02/01/2024,09:39:01,261.8,261.4,480,262.15,560,1000,41600
FINNIFTY02JAN2421200CE.NFO,02/01/2024,09:39:03,264.15,264.95,80,265.95,120,2080,41600
FINNIFTY02JAN2421200CE.NFO,02/01/2024,09:39:04,264.15,264.15,240,265.1,640,0,41600
FINNIFTY02JAN2421200CE.NFO,02/01/2024,09:39:06,264.15,264.45,120,265.35,560,0,41600
FINNIFTY02JAN2421200CE.NFO,02/01/2024,09:39:08,264.15,264.35,640,265.1,560,0,41600
FINNIFTY02JAN2421200CE.NFO,02/01/2024,09:39:09,264.25,263.05,160,263.95,80,160,41600
FINNIFTY02JAN2421200CE.NFO,02/01/2024,09:39:11,263,262.4,640,263.1,560,400,41600
FINNIFTY02JAN2421200CE.NFO,02/01/2024,09:39:13,263,262.75,80,263.45,560,0,41600
FINNIFTY02JAN2421200CE.NFO,02/01/2024,09:39:14,263,262.85,640,263.6,640,0,41600
FINNIFTY02JAN2421200CE.NFO,02/01/2024,09:39:16,263,262.25,400,262.9,560,0,41600
FINNIFTY02JAN2421200CE.NFO,02/01/2024,09:39:18,263,260.05,120,260.65,560,0,41600
FINNIFTY02JAN2421200CE.NFO,02/01/2024,09:39:19,261.45,261.3,400,261.95,560,80,41600
FINNIFTY02JAN2421200CE.NFO,02/01/2024,09:39:21,262.7,262.15,200,262.85,560,80,41600
FINNIFTY02JAN2421200CE.NFO,02/01/2024,09:39:23,262.7,262.85,120,263.55,640,0,41600
FINNIFTY02JAN2421200CE.NFO,02/01/2024,09:39:24,262.7,261.85,160,262.55,560,0,41600
FINNIFTY02JAN2421200CE.NFO,02/01/2024,09:39:26,262.7,263.05,560,263.85,560,0,41600
FINNIFTY02JAN2421200CE.NFO,02/01/2024,09:39:28,262.7,264,120,264.7,560,0,41600
FINNIFTY02JAN2421200CE.NFO,02/01/2024,09:39:29,263.9,263.05,560,263.85,560,1080,41600
FINNIFTY02JAN2421200CE.NFO,02/01/2024,09:39:31,263.9,262.2,400,262.8,560,0,41600
FINNIFTY02JAN2421200CE.NFO,02/01/2024,09:39:33,263.9,262.05,200,262.75,560,0,41600
FINNIFTY02JAN2421200CE.NFO,02/01/2024,09:39:34,263.9,262.05,280,262.75,560,0,41600
FINNIFTY02JAN2421200CE.NFO,02/01/2024,09:39:36,263.9,261.05,120,261.65,560,0,41600
FINNIFTY02JAN2421200CE.NFO,02/01/2024,09:39:38,263.9,261.05,640,261.8,560,0,41600
FINNIFTY02JAN2421200CE.NFO,02/01/2024,09:39:39,263.9,261.8,200,262.4,560,0,41600
FINNIFTY02JAN2421200CE.NFO,02/01/2024,09:39:41,263.9,262.25,120,262.95,560,0,41600
FINNIFTY02JAN2421200CE.NFO,02/01/2024,09:39:43,263.05,262.9,160,263.55,560,80,41600
FINNIFTY02JAN2421200CE.NFO,02/01/2024,09:39:44,265.55,265.2,240,266.2,40,560,41600
FINNIFTY02JAN2421200CE.NFO,02/01/2024,09:39:46,265.55,267.65,120,268.55,560,0,41600
FINNIFTY02JAN2421200CE.NFO,02/01/2024,09:39:48,265.55,264.8,680,265.55,560,0,41600
FINNIFTY02JAN2421200CE.NFO,02/01/2024,09:39:49,265.8,266.4,320,267.05,560,40,41600
FINNIFTY02JAN2421200CE.NFO,02/01/2024,09:39:51,265.8,267.35,80,268.1,560,0,41600
FINNIFTY02JAN2421200CE.NFO,02/01/2024,09:39:53,266.25,265.6,160,266.25,560,40,41600
FINNIFTY02JAN2421200CE.NFO,02/01/2024,09:39:54,266.4,266,560,266.75,560,80,41600
FINNIFTY02JAN2421200CE.NFO,02/01/2024,09:39:56,265.8,265.1,160,265.8,640,400,41600
FINNIFTY02JAN2421200CE.NFO,02/01/2024,09:39:58,265.8,265.05,120,265.75,560,0,41600
FINNIFTY02JAN2421200CE.NFO,02/01/2024,09:39:59,265,264.85,120,265.45,560,520,41600
FINNIFTY02JAN2421200CE.NFO,02/01/2024,09:40:01,264,263.4,640,264.1,560,40,41600
FINNIFTY02JAN2421200CE.NFO,02/01/2024,09:40:03,264,266.25,240,267,560,0,41600
FINNIFTY02JAN2421200CE.NFO,02/01/2024,09:40:04,266.55,266.35,760,267.1,640,160,41600
FINNIFTY02JAN2421200CE.NFO,02/01/2024,09:40:06,266.55,264.35,200,265.1,560,0,41600
FINNIFTY02JAN2421200CE.NFO,02/01/2024,09:40:08,264.4,263.85,120,264.55,560,80,41600
FINNIFTY02JAN2421200CE.NFO,02/01/2024,09:40:09,264.4,264.25,640,264.95,560,0,41600
FINNIFTY02JAN2421200CE.NFO,02/01/2024,09:40:11,264.4,263.45,240,264.1,560,0,41600
FINNIFTY02JAN2421200CE.NFO,02/01/2024,09:40:13,264.4,263.5,200,264.25,560,0,41600
FINNIFTY02JAN2421200CE.NFO,02/01/2024,09:40:14,264.4,263.55,200,264.25,640,0,41600
FINNIFTY02JAN2421200CE.NFO,02/01/2024,09:40:16,264.4,263.75,640,264.5,640,0,41600
FINNIFTY02JAN2421200CE.NFO,02/01/2024,09:40:18,265.55,265.35,160,266.05,560,1000,41600
FINNIFTY02JAN2421200CE.NFO,02/01/2024,09:40:19,267.35,266.35,200,267.05,640,40,41600
FINNIFTY02JAN2421200CE.NFO,02/01/2024,09:40:21,267.35,266.4,440,267.3,160,0,41600
FINNIFTY02JAN2421200CE.NFO,02/01/2024,09:40:23,267.35,265.55,120,266.3,640,0,41600
FINNIFTY02JAN2421200CE.NFO,02/01/2024,09:40:24,267.35,265.35,360,266,560,0,41600
FINNIFTY02JAN2421200CE.NFO,02/01/2024,09:40:26,267.35,264.25,240,264.85,640,0,41600
FINNIFTY02JAN2421200CE.NFO,02/01/2024,09:40:28,264,262.75,80,263.5,640,160,41600
FINNIFTY02JAN2421200CE.NFO,02/01/2024,09:40:29,263.3,262.55,240,263.4,720,40,41600
FINNIFTY02JAN2421200CE.NFO,02/01/2024,09:40:31,263.3,262.35,480,263.05,560,0,41600
FINNIFTY02JAN2421200CE.NFO,02/01/2024,09:40:33,263.3,261.95,240,262.6,560,0,41600
FINNIFTY02JAN2421200CE.NFO,02/01/2024,09:40:34,262.8,261.95,320,262.7,560,40,41600
FINNIFTY02JAN2421200CE.NFO,02/01/2024,09:40:36,262.8,263.1,640,263.8,560,0,41600
FINNIFTY02JAN2421200CE.NFO,02/01/2024,09:40:38,262.9,262.75,240,263.5,560,40,41600
FINNIFTY02JAN2421200CE.NFO,02/01/2024,09:40:39,263.65,262.6,40,263.35,640,40,41600
FINNIFTY02JAN2421200CE.NFO,02/01/2024,09:40:41,263.05,263.1,160,263.75,560,1680,41600
FINNIFTY02JAN2421200CE.NFO,02/01/2024,09:40:43,261.7,261.4,120,262.1,560,14920,41600
FINNIFTY02JAN2421200CE.NFO,02/01/2024,09:40:44,261.7,260.6,560,261.35,640,0,41600
FINNIFTY02JAN2421200CE.NFO,02/01/2024,09:40:46,261.7,258.9,560,259.8,760,0,41600
FINNIFTY02JAN2421200CE.NFO,02/01/2024,09:40:48,261.7,259.1,560,259.85,560,0,41600
FINNIFTY02JAN2421200CE.NFO,02/01/2024,09:40:49,259.05,259.7,80,260.55,760,80,41600
FINNIFTY02JAN2421200CE.NFO,02/01/2024,09:40:51,260.95,260.45,80,261.15,680,40,41600
FINNIFTY02JAN2421200CE.NFO,02/01/2024,09:40:53,260.95,260.75,80,261.4,560,0,41600
FINNIFTY02JAN2421200CE.NFO,02/01/2024,09:40:54,261.7,262.65,560,263.45,560,40,41600
FINNIFTY02JAN2421200CE.NFO,02/01/2024,09:40:56,261.7,261.4,640,262.15,560,0,41600
FINNIFTY02JAN2421200CE.NFO,02/01/2024,09:40:58,261.7,260.75,800,261.55,640,0,41600
FINNIFTY02JAN2421200CE.NFO,02/01/2024,09:40:59,261.7,262.7,560,263.45,560,0,41600
FINNIFTY02JAN2421200CE.NFO,02/01/2024,09:41:01,263.65,260.95,800,261.7,640,400,41600
FINNIFTY02JAN2421200CE.NFO,02/01/2024,09:41:03,263.65,260.75,800,261.5,560,0,41600
FINNIFTY02JAN2421200CE.NFO,02/01/2024,09:41:04,263.65,261.05,120,261.75,760,0,41600
FINNIFTY02JAN2421200CE.NFO,02/01/2024,09:41:06,263.65,261.6,120,262.3,640,0,41600
FINNIFTY02JAN2421200CE.NFO,02/01/2024,09:41:08,263.65,261.8,200,262.55,560,0,41600
FINNIFTY02JAN2421200CE.NFO,02/01/2024,09:41:09,262.35,260.9,560,261.65,640,40,41600
FINNIFTY02JAN2421200CE.NFO,02/01/2024,09:41:11,261.35,260.3,560,261.05,640,160,41600
FINNIFTY02JAN2421200CE.NFO,02/01/2024,09:41:13,261.35,260,200,260.7,760,0,41600
FINNIFTY02JAN2421200CE.NFO,02/01/2024,09:41:14,261.35,260.5,120,261.15,760,0,41600
FINNIFTY02JAN2421200CE.NFO,02/01/2024,09:41:16,261.35,260.85,720,261.65,560,0,41600
FINNIFTY02JAN2421200CE.NFO,02/01/2024,09:41:18,260.45,260.5,80,261.2,640,600,41600
FINNIFTY02JAN2421200CE.NFO,02/01/2024,09:41:19,260.3,260,200,260.45,560,40,41600
FINNIFTY02JAN2421200CE.NFO,02/01/2024,09:41:21,260.3,261.35,80,262.05,560,0,41600
FINNIFTY02JAN2421200CE.NFO,02/01/2024,09:41:23,261.75,261.75,520,262.5,560,40,41600
FINNIFTY02JAN2421200CE.NFO,02/01/2024,09:41:24,261.75,261.9,560,262.65,760,0,41600
FINNIFTY02JAN2421200CE.NFO,02/01/2024,09:41:26,261.9,261.55,120,262.25,560,40,30560
FINNIFTY02JAN2421200CE.NFO,02/01/2024,09:41:28,261.9,261.55,560,262.3,640,0,30560
FINNIFTY02JAN2421200CE.NFO,02/01/2024,09:41:29,261.9,261.05,560,261.8,640,0,30560
FINNIFTY02JAN2421200CE.NFO,02/01/2024,09:41:31,261.9,260.6,560,261.35,560,0,30560
FINNIFTY02JAN2421200CE.NFO,02/01/2024,09:41:33,261.9,261.5,560,262.3,560,0,30560
FINNIFTY02JAN2421200CE.NFO,02/01/2024,09:41:34,261.9,261.5,560,262.25,640,0,30560
FINNIFTY02JAN2421200CE.NFO,02/01/2024,09:41:36,261.9,261.05,480,262,120,0,30560
FINNIFTY02JAN2421200CE.NFO,02/01/2024,09:41:38,261.9,260.25,560,261.05,640,0,30560
FINNIFTY02JAN2421200CE.NFO,02/01/2024,09:41:39,261.9,260.3,200,261,560,0,30560
FINNIFTY02JAN2421200CE.NFO,02/01/2024,09:41:41,261.75,261.65,80,262.3,560,80,30560
FINNIFTY02JAN2421200CE.NFO,02/01/2024,09:41:43,261.75,261.5,800,262.35,720,0,30560
FINNIFTY02JAN2421200CE.NFO,02/01/2024,09:41:44,261.75,261.9,200,262.65,560,0,30560
FINNIFTY02JAN2421200CE.NFO,02/01/2024,09:41:46,261.75,261.95,640,262.7,560,0,30560
FINNIFTY02JAN2421200CE.NFO,02/01/2024,09:41:48,261.75,261.4,640,262.25,640,0,30560
FINNIFTY02JAN2421200CE.NFO,02/01/2024,09:41:49,261.75,261.35,560,262.15,640,0,30560
FINNIFTY02JAN2421200CE.NFO,02/01/2024,09:41:51,261.75,260.45,80,261.15,720,0,30560
FINNIFTY02JAN2421200CE.NFO,02/01/2024,09:41:53,261.75,260.25,640,261,640,0,30560
FINNIFTY02JAN2421200CE.NFO,02/01/2024,09:41:54,261.75,260.85,160,261.55,560,0,30560
FINNIFTY02JAN2421200CE.NFO,02/01/2024,09:41:56,261.75,260.7,560,261.5,640,0,30560
FINNIFTY02JAN2421200CE.NFO,02/01/2024,09:41:58,261.75,261,80,261.5,640,0,30560
FINNIFTY02JAN2421200CE.NFO,02/01/2024,09:41:59,261,260.45,560,261.2,640,80,30560
FINNIFTY02JAN2421200CE.NFO,02/01/2024,09:42:01,257.65,257.5,280,258.65,560,200,30560
FINNIFTY02JAN2421200CE.NFO,02/01/2024,09:42:03,256.15,257.3,560,258.2,560,40,30560
FINNIFTY02JAN2421200CE.NFO,02/01/2024,09:42:04,257.05,257.35,640,258.3,200,40,30560
FINNIFTY02JAN2421200CE.NFO,02/01/2024,09:42:06,257.05,255.05,40,255.85,560,0,30560
FINNIFTY02JAN2421200CE.NFO,02/01/2024,09:42:08,255,255.1,560,255.85,560,200,30560
FINNIFTY02JAN2421200CE.NFO,02/01/2024,09:42:09,255,256.3,640,257.05,560,0,30560
FINNIFTY02JAN2421200CE.NFO,02/01/2024,09:42:11,255,256.55,640,257.35,680,0,30560
FINNIFTY02JAN2421200CE.NFO,02/01/2024,09:42:13,255,256.15,120,257.05,160,0,30560
FINNIFTY02JAN2421200CE.NFO,02/01/2024,09:42:14,255,256.2,560,256.95,640,0,30560
FINNIFTY02JAN2421200CE.NFO,02/01/2024,09:42:16,255,256.1,640,256.9,640,0,30560
FINNIFTY02JAN2421200CE.NFO,02/01/2024,09:42:18,255,256.8,600,257.6,560,0,30560
FINNIFTY02JAN2421200CE.NFO,02/01/2024,09:42:19,256.35,258.35,80,259.35,160,40,30560
FINNIFTY02JAN2421200CE.NFO,02/01/2024,09:42:21,256.35,256.9,560,257.7,640,0,30560
FINNIFTY02JAN2421200CE.NFO,02/01/2024,09:42:23,256.35,256.95,600,257.75,640,0,30560
FINNIFTY02JAN2421200CE.NFO,02/01/2024,09:42:24,256.35,256.6,80,257.55,320,0,30560
FINNIFTY02JAN2421200CE.NFO,02/01/2024,09:42:26,256.35,256.05,880,256.85,640,0,30560
FINNIFTY02JAN2421200CE.NFO,02/01/2024,09:42:28,256.35,256.15,640,256.9,560,0,30560
FINNIFTY02JAN2421200CE.NFO,02/01/2024,09:42:29,256.85,257.1,200,257.8,560,80,30560
FINNIFTY02JAN2421200CE.NFO,02/01/2024,09:42:31,256.85,258.05,560,258.75,720,0,30560
FINNIFTY02JAN2421200CE.NFO,02/01/2024,09:42:33,256.85,257.65,560,258.4,640,0,30560
FINNIFTY02JAN2421200CE.NFO,02/01/2024,09:42:34,256.85,257.3,560,258.05,560,40,30560
FINNIFTY02JAN2421200CE.NFO,02/01/2024,09:42:36,256.85,257.15,640,257.9,640,0,30560
FINNIFTY02JAN2421200CE.NFO,02/01/2024,09:42:38,256.85,257.4,120,258.1,560,0,30560
FINNIFTY02JAN2421200CE.NFO,02/01/2024,09:42:39,259.45,258.8,200,259.55,560,1200,30560
FINNIFTY02JAN2421200CE.NFO,02/01/2024,09:42:41,259.45,258.05,160,258.8,560,0,30560
FINNIFTY02JAN2421200CE.NFO,02/01/2024,09:42:43,259.15,258.4,560,259.15,600,40,30560
FINNIFTY02JAN2421200CE.NFO,02/01/2024,09:42:44,259.15,259.05,760,259.8,560,0,30560
FINNIFTY02JAN2421200CE.NFO,02/01/2024,09:42:46,259.15,258.55,800,259.3,560,0,30560
FINNIFTY02JAN2421200CE.NFO,02/01/2024,09:42:48,259.15,258.9,600,259.65,560,0,30560
FINNIFTY02JAN2421200CE.NFO,02/01/2024,09:42:49,259.15,258.75,720,259.45,640,0,30560
FINNIFTY02JAN2421200CE.NFO,02/01/2024,09:42:51,259.15,259.25,640,260,720,0,30560
FINNIFTY02JAN2421200CE.NFO,02/01/2024,09:42:53,260,260.85,560,261.65,560,80,30560
FINNIFTY02JAN2421200CE.NFO,02/01/2024,09:42:54,262,260.55,560,261.3,720,40,30560
FINNIFTY02JAN2421200CE.NFO,02/01/2024,09:42:56,262,261.2,80,262.1,40,0,30560
FINNIFTY02JAN2421200CE.NFO,02/01/2024,09:42:58,262,261.65,160,262.35,560,0,30560
FINNIFTY02JAN2421200CE.NFO,02/01/2024,09:43:00,262,261.95,640,262.7,600,0,30560
FINNIFTY02JAN2421200CE.NFO,02/01/2024,09:43:01,262,260,200,260.65,560,0,30560
FINNIFTY02JAN2421200CE.NFO,02/01/2024,09:43:03,262,260.45,640,261.2,560,0,30560
FINNIFTY02JAN2421200CE.NFO,02/01/2024,09:43:05,262,261.7,80,262.35,640,0,30560
FINNIFTY02JAN2421200CE.NFO,02/01/2024,09:43:06,262,260.85,80,261.45,640,0,30560
FINNIFTY02JAN2421200CE.NFO,02/01/2024,09:43:08,261.65,260.7,80,261.4,640,40,30560
FINNIFTY02JAN2421200CE.NFO,02/01/2024,09:43:10,261.65,259.85,80,260.55,640,0,30560
FINNIFTY02JAN2421200CE.NFO,02/01/2024,09:43:11,261.65,259.65,80,260.35,640,0,30560
FINNIFTY02JAN2421200CE.NFO,02/01/2024,09:43:13,261.65,257.4,120,258,560,0,30560
FINNIFTY02JAN2421200CE.NFO,02/01/2024,09:43:15,261.65,257.6,160,258.4,640,0,30560
FINNIFTY02JAN2421200CE.NFO,02/01/2024,09:43:16,261.65,257.75,80,258.45,640,0,30560
FINNIFTY02JAN2421200CE.NFO,02/01/2024,09:43:18,261.65,257.25,680,258.1,560,0,30560
FINNIFTY02JAN2421200CE.NFO,02/01/2024,09:43:20,261.65,256.8,800,257.35,640,0,30560
FINNIFTY02JAN2421200CE.NFO,02/01/2024,09:43:21,261.65,256.8,800,257.2,560,0,30560
FINNIFTY02JAN2421200CE.NFO,02/01/2024,09:43:25,255,256.15,640,256.85,560,1200,30560
FINNIFTY02JAN2421200CE.NFO,02/01/2024,09:43:26,256.15,254.6,80,255.3,560,200,30560
FINNIFTY02JAN2421200CE.NFO,02/01/2024,09:43:28,256.15,254.8,80,255.4,560,0,30560
FINNIFTY02JAN2421200CE.NFO,02/01/2024,09:43:30,256.15,255.65,640,256.4,560,0,30560
FINNIFTY02JAN2421200CE.NFO,02/01/2024,09:43:31,256.15,255.45,680,256.2,640,0,30560
FINNIFTY02JAN2421200CE.NFO,02/01/2024,09:43:33,256.15,254.6,80,255.45,120,0,30560
FINNIFTY02JAN2421200CE.NFO,02/01/2024,09:43:35,256.15,253.7,640,254.45,560,0,30560
FINNIFTY02JAN2421200CE.NFO,02/01/2024,09:43:36,254.8,253.25,560,254,560,560,30560
FINNIFTY02JAN2421200CE.NFO,02/01/2024,09:43:38,254.8,252.05,760,252.8,560,0,30560
FINNIFTY02JAN2421200CE.NFO,02/01/2024,09:43:40,254.8,252,640,252.75,720,0,30560
FINNIFTY02JAN2421200CE.NFO,02/01/2024,09:43:41,254.8,252.35,640,253.1,560,0,30560
FINNIFTY02JAN2421200CE.NFO,02/01/2024,09:43:43,254.8,252.05,560,252.75,560,0,30560
FINNIFTY02JAN2421200CE.NFO,02/01/2024,09:43:45,254.8,251.15,160,251.95,560,0,30560
FINNIFTY02JAN2421200CE.NFO,02/01/2024,09:43:46,254.8,252.05,640,252.85,560,0,30560
FINNIFTY02JAN2421200CE.NFO,02/01/2024,09:43:48,254.8,254.7,160,255.4,560,0,30560
FINNIFTY02JAN2421200CE.NFO,02/01/2024,09:43:50,254.8,254.4,600,255.15,640,0,30560
FINNIFTY02JAN2421200CE.NFO,02/01/2024,09:43:51,254.8,253.55,160,254.25,640,0,30560
FINNIFTY02JAN2421200CE.NFO,02/01/2024,09:43:53,253.3,253.05,600,253.75,640,40,30560
FINNIFTY02JAN2421200CE.NFO,02/01/2024,09:43:55,253.3,252.45,640,253.2,640,0,30560
FINNIFTY02JAN2421200CE.NFO,02/01/2024,09:43:56,253.3,251.95,640,252.75,720,0,30560
FINNIFTY02JAN2421200CE.NFO,02/01/2024,09:43:58,253.3,252.8,560,253.6,560,0,30560
FINNIFTY02JAN2421200CE.NFO,02/01/2024,09:44:00,253.3,254.85,560,255.6,640,1200,30560
FINNIFTY02JAN2421200CE.NFO,02/01/2024,09:44:01,253.3,252.75,640,253.5,720,0,30560
FINNIFTY02JAN2421200CE.NFO,02/01/2024,09:44:03,253.3,251,160,251.7,640,0,30560
FINNIFTY02JAN2421200CE.NFO,02/01/2024,09:44:05,250,249.3,1080,250.1,560,160,30560
FINNIFTY02JAN2421200CE.NFO,02/01/2024,09:44:06,249.95,249.45,600,250.2,640,40,30560
FINNIFTY02JAN2421200CE.NFO,02/01/2024,09:44:08,249.95,249.9,560,250.6,40,0,30560
FINNIFTY02JAN2421200CE.NFO,02/01/2024,09:44:10,249.95,248.65,80,249.3,120,0,30560
FINNIFTY02JAN2421200CE.NFO,02/01/2024,09:44:11,249.45,249.2,40,249.85,560,40,30560
FINNIFTY02JAN2421200CE.NFO,02/01/2024,09:44:13,249.75,250.15,200,250.85,640,40,30560
FINNIFTY02JAN2421200CE.NFO,02/01/2024,09:44:15,249.75,250.35,40,251.05,120,0,30560
FINNIFTY02JAN2421200CE.NFO,02/01/2024,09:44:16,249.75,249.8,1000,250.5,800,0,30560
FINNIFTY02JAN2421200CE.NFO,02/01/2024,09:44:18,249.75,248.85,680,249.55,560,0,30560
FINNIFTY02JAN2421200CE.NFO,02/01/2024,09:44:20,248.4,247.15,160,247.85,560,80,30560
FINNIFTY02JAN2421200CE.NFO,02/01/2024,09:44:21,248.4,249.65,560,250.45,560,0,30560
FINNIFTY02JAN2421200CE.NFO,02/01/2024,09:44:23,248.4,249.4,120,250.15,640,0,30560
FINNIFTY02JAN2421200CE.NFO,02/01/2024,09:44:25,248.4,249.4,640,250.15,560,0,30560
FINNIFTY02JAN2421200CE.NFO,02/01/2024,09:44:26,248.4,249.95,80,250.5,800,0,30560
FINNIFTY02JAN2421200CE.NFO,02/01/2024,09:44:28,250.5,250.65,640,251.4,640,800,31520
FINNIFTY02JAN2421200CE.NFO,02/01/2024,09:44:31,250.5,250.2,520,250.85,560,0,31520
FINNIFTY02JAN2421200CE.NFO,02/01/2024,09:44:33,251.05,250.05,640,250.8,640,200,31520
FINNIFTY02JAN2421200CE.NFO,02/01/2024,09:44:34,250.3,248.95,120,249.6,120,40,31520
FINNIFTY02JAN2421200CE.NFO,02/01/2024,09:44:36,250.3,248.15,600,248.9,1040,0,31520
FINNIFTY02JAN2421200CE.NFO,02/01/2024,09:44:38,250.3,249.5,160,250.2,640,0,31520
FINNIFTY02JAN2421200CE.NFO,02/01/2024,09:44:39,250.3,249.35,160,250.05,560,0,31520
FINNIFTY02JAN2421200CE.NFO,02/01/2024,09:44:41,250.3,250.5,520,251.3,560,0,31520
FINNIFTY02JAN2421200CE.NFO,02/01/2024,09:44:43,250.3,250.45,120,251.1,560,0,31520
FINNIFTY02JAN2421200CE.NFO,02/01/2024,09:44:44,251.55,250.7,200,251.4,640,40,31520
FINNIFTY02JAN2421200CE.NFO,02/01/2024,09:44:46,251.55,249.9,600,250.65,640,0,31520
FINNIFTY02JAN2421200CE.NFO,02/01/2024,09:44:48,251.55,249.6,80,250.35,680,0,31520
FINNIFTY02JAN2421200CE.NFO,02/01/2024,09:44:49,251.55,249.55,720,250.3,560,0,31520
FINNIFTY02JAN2421200CE.NFO,02/01/2024,09:44:51,251.55,249.4,40,250.1,600,0,31520
FINNIFTY02JAN2421200CE.NFO,02/01/2024,09:44:53,251.55,249.75,40,250.45,640,0,31520
FINNIFTY02JAN2421200CE.NFO,02/01/2024,09:44:54,251.55,250.15,80,250.85,640,0,31520
FINNIFTY02JAN2421200CE.NFO,02/01/2024,09:44:56,251.55,249.35,560,250.05,200,0,31520
FINNIFTY02JAN2421200CE.NFO,02/01/2024,09:44:58,251.55,248.8,200,249.5,600,0,31520
FINNIFTY02JAN2421200CE.NFO,02/01/2024,09:45:00,251.55,248.8,40,249.5,560,0,31520
FINNIFTY02JAN2421200CE.NFO,02/01/2024,09:45:01,248,247.8,40,248.65,160,40,31520
FINNIFTY02JAN2421200CE.NFO,02/01/2024,09:45:03,248,247.8,560,248.55,600,0,31520
FINNIFTY02JAN2421200CE.NFO,02/01/2024,09:45:05,248,250.05,120,250.9,960,0,31520
FINNIFTY02JAN2421200CE.NFO,02/01/2024,09:45:06,248,248.4,160,249.15,640,0,31520
FINNIFTY02JAN2421200CE.NFO,02/01/2024,09:45:08,248,247.85,560,248.45,200,0,31520
FINNIFTY02JAN2421200CE.NFO,02/01/2024,09:45:10,248,248.45,80,249.1,640,0,31520
FINNIFTY02JAN2421200CE.NFO,02/01/2024,09:45:11,248,248.95,40,249.6,640,0,31520
FINNIFTY02JAN2421200CE.NFO,02/01/2024,09:45:13,248,249.6,80,250.25,560,0,31520
FINNIFTY02JAN2421200CE.NFO,02/01/2024,09:45:15,248,249.05,40,249.75,680,0,31520
FINNIFTY02JAN2421200CE.NFO,02/01/2024,09:45:16,248,249.1,40,249.75,120,0,31520
FINNIFTY02JAN2421200CE.NFO,02/01/2024,09:45:18,248,248.15,80,248.75,40,0,31520
FINNIFTY02JAN2421200CE.NFO,02/01/2024,09:45:20,248,248.1,120,248.75,640,0,31520
FINNIFTY02JAN2421200CE.NFO,02/01/2024,09:45:21,248.55,247.7,200,248.4,1240,40,31520
FINNIFTY02JAN2421200CE.NFO,02/01/2024,09:45:23,248.55,246.6,640,247.3,400,0,31520
FINNIFTY02JAN2421200CE.NFO,02/01/2024,09:45:25,248.55,246.35,40,247.05,640,0,31520
FINNIFTY02JAN2421200CE.NFO,02/01/2024,09:45:26,245.05,244.2,40,245,360,280,31520
FINNIFTY02JAN2421200CE.NFO,02/01/2024,09:45:28,244.9,244.4,600,245.15,560,40,31520
FINNIFTY02JAN2421200CE.NFO,02/01/2024,09:45:30,244.9,244.8,40,245.5,560,0,31520
FINNIFTY02JAN2421200CE.NFO,02/01/2024,09:45:31,244.9,246.1,360,246.95,160,0,31520
FINNIFTY02JAN2421200CE.NFO,02/01/2024,09:45:33,246.95,245.2,40,245.9,560,40,31520
FINNIFTY02JAN2421200CE.NFO,02/01/2024,09:45:35,246.95,245.95,640,246.65,640,0,31520
FINNIFTY02JAN2421200CE.NFO,02/01/2024,09:45:36,246.95,246.05,120,246.75,600,0,31520
FINNIFTY02JAN2421200CE.NFO,02/01/2024,09:45:38,246.95,245.45,920,246.2,360,0,31520
FINNIFTY02JAN2421200CE.NFO,02/01/2024,09:45:40,246.95,245.75,80,246.45,680,0,31520
FINNIFTY02JAN2421200CE.NFO,02/01/2024,09:45:41,246.95,245.75,40,246.35,560,0,31520
FINNIFTY02JAN2421200CE.NFO,02/01/2024,09:45:43,246.95,245.4,120,246.1,440,0,31520
FINNIFTY02JAN2421200CE.NFO,02/01/2024,09:45:45,246.95,245.5,720,246.3,1040,0,31520
FINNIFTY02JAN2421200CE.NFO,02/01/2024,09:45:46,246.95,245.15,80,246,760,0,31520
FINNIFTY02JAN2421200CE.NFO,02/01/2024,09:45:48,242,242.85,40,243.55,40,320,31520
FINNIFTY02JAN2421200CE.NFO,02/01/2024,09:45:50,242.95,242.55,40,243.4,1000,40,31520
FINNIFTY02JAN2421200CE.NFO,02/01/2024,09:45:51,243.15,241.8,40,242.5,560,40,31520
FINNIFTY02JAN2421200CE.NFO,02/01/2024,09:45:53,243.15,242,600,242.7,80,0,31520
FINNIFTY02JAN2421200CE.NFO,02/01/2024,09:45:55,238,237.9,80,238.75,80,1520,31520
FINNIFTY02JAN2421200CE.NFO,02/01/2024,09:45:56,240.85,240.65,560,241,360,2280,31520
FINNIFTY02JAN2421200CE.NFO,02/01/2024,09:45:58,241,239.85,160,240.5,360,360,31520
FINNIFTY02JAN2421200CE.NFO,02/01/2024,09:46:00,241,239.15,120,239.9,560,0,31520
FINNIFTY02JAN2421200CE.NFO,02/01/2024,09:46:01,241,239,680,239.75,560,0,31520
FINNIFTY02JAN2421200CE.NFO,02/01/2024,09:46:03,241,239.85,120,240.6,440,0,31520
FINNIFTY02JAN2421200CE.NFO,02/01/2024,09:46:05,238.9,237.7,640,238.3,360,80,31520
FINNIFTY02JAN2421200CE.NFO,02/01/2024,09:46:06,238.9,236.6,40,237.4,440,0,31520
FINNIFTY02JAN2421200CE.NFO,02/01/2024,09:46:08,238.9,238.85,560,239.55,560,0,31520
FINNIFTY02JAN2421200CE.NFO,02/01/2024,09:46:10,238.9,238.6,560,239.25,40,0,31520
FINNIFTY02JAN2421200CE.NFO,02/01/2024,09:46:11,238.9,237.4,1080,238.15,560,0,31520
FINNIFTY02JAN2421200CE.NFO,02/01/2024,09:46:13,238.9,237.65,680,238.35,560,0,31520
FINNIFTY02JAN2421200CE.NFO,02/01/2024,09:46:15,238.9,237.95,40,238.55,560,0,31520
FINNIFTY02JAN2421200CE.NFO,02/01/2024,09:46:16,239.2,239.2,600,239.95,840,200,31520
FINNIFTY02JAN2421200CE.NFO,02/01/2024,09:46:18,240.2,239.5,40,240.25,40,280,31520
FINNIFTY02JAN2421200CE.NFO,02/01/2024,09:46:20,239.65,239.65,40,240.3,120,80,31520
FINNIFTY02JAN2421200CE.NFO,02/01/2024,09:46:21,239.65,239.5,560,240.1,40,0,31520
FINNIFTY02JAN2421200CE.NFO,02/01/2024,09:46:23,239.65,240.45,600,241.15,40,0,31520
FINNIFTY02JAN2421200CE.NFO,02/01/2024,09:46:25,239.65,240.6,560,241.25,40,0,31520
FINNIFTY02JAN2421200CE.NFO,02/01/2024,09:46:26,241.4,240.15,640,240.85,120,40,31520
FINNIFTY02JAN2421200CE.NFO,02/01/2024,09:46:28,241.4,240.05,40,240.75,640,0,31520
FINNIFTY02JAN2421200CE.NFO,02/01/2024,09:46:30,241.4,241.8,40,242.45,40,0,31520
FINNIFTY02JAN2421200CE.NFO,02/01/2024,09:46:31,241.4,241.9,80,242.65,680,0,31520
FINNIFTY02JAN2421200CE.NFO,02/01/2024,09:46:33,241.4,242.9,560,243.6,240,0,31520
FINNIFTY02JAN2421200CE.NFO,02/01/2024,09:46:35,241.4,243.5,560,244.1,200,0,31520
FINNIFTY02JAN2421200CE.NFO,02/01/2024,09:46:36,241.4,243.15,640,243.85,240,0,31520
FINNIFTY02JAN2421200CE.NFO,02/01/2024,09:46:38,242.75,242,600,242.7,360,80,31520
FINNIFTY02JAN2421200CE.NFO,02/01/2024,09:46:40,242.75,242.25,720,242.95,80,0,31520
FINNIFTY02JAN2421200CE.NFO,02/01/2024,09:46:41,242.75,243.2,40,243.85,120,0,31520
FINNIFTY02JAN2421200CE.NFO,02/01/2024,09:46:43,242.75,243.45,120,244.15,760,0,31520
FINNIFTY02JAN2421200CE.NFO,02/01/2024,09:46:45,242.75,243.55,40,244.15,40,0,31520
FINNIFTY02JAN2421200CE.NFO,02/01/2024,09:46:46,242.75,243.5,560,244.2,120,0,31520
FINNIFTY02JAN2421200CE.NFO,02/01/2024,09:46:48,242.75,244.35,160,245.1,560,0,31520
FINNIFTY02JAN2421200CE.NFO,02/01/2024,09:46:50,244.6,243.9,920,244.65,560,40,31520
FINNIFTY02JAN2421200CE.NFO,02/01/2024,09:46:51,244.6,245.3,600,246,1120,0,31520
FINNIFTY02JAN2421200CE.NFO,02/01/2024,09:46:53,244.6,245.1,600,245.85,760,0,31520
FINNIFTY02JAN2421200CE.NFO,02/01/2024,09:46:55,246,245.25,640,246,1360,120,31520
FINNIFTY02JAN2421200CE.NFO,02/01/2024,09:46:56,246,244.9,40,245.55,560,0,31520
FINNIFTY02JAN2421200CE.NFO,02/01/2024,09:46:58,246,245.35,560,246,280,0,31520
FINNIFTY02JAN2421200CE.NFO,02/01/2024,09:47:00,246,244.9,600,245.6,640,0,31520
FINNIFTY02JAN2421200CE.NFO,02/01/2024,09:47:01,247,247.75,560,248.55,560,480,31520
FINNIFTY02JAN2421200CE.NFO,02/01/2024,09:47:03,248.25,248.8,560,249.55,40,120,31520
FINNIFTY02JAN2421200CE.NFO,02/01/2024,09:47:05,248.25,248.4,760,249.15,680,0,31520
FINNIFTY02JAN2421200CE.NFO,02/01/2024,09:47:06,248.25,246.55,600,247.25,40,0,31520
FINNIFTY02JAN2421200CE.NFO,02/01/2024,09:47:08,248.25,246.7,560,247.35,120,0,31520
FINNIFTY02JAN2421200CE.NFO,02/01/2024,09:47:10,248.25,247.55,560,248.25,200,0,31520
FINNIFTY02JAN2421200CE.NFO,02/01/2024,09:47:11,248.25,247.65,40,248.25,120,0,31520
FINNIFTY02JAN2421200CE.NFO,02/01/2024,09:47:13,248.25,248.15,40,248.85,40,0,31520
FINNIFTY02JAN2421200CE.NFO,02/01/2024,09:47:15,248.25,246.8,640,247.55,560,0,31520
FINNIFTY02JAN2421200CE.NFO,02/01/2024,09:47:16,248.25,247.2,320,247.9,600,0,31520
FINNIFTY02JAN2421200CE.NFO,02/01/2024,09:47:18,248.25,248.85,160,249.6,560,0,31520
FINNIFTY02JAN2421200CE.NFO,02/01/2024,09:47:20,249.5,248.25,240,248.85,560,480,31520
FINNIFTY02JAN2421200CE.NFO,02/01/2024,09:47:21,249.5,248.3,120,249.05,600,0,31520
FINNIFTY02JAN2421200CE.NFO,02/01/2024,09:47:23,249.5,248.85,40,249.5,120,0,31520
FINNIFTY02JAN2421200CE.NFO,02/01/2024,09:47:25,249.5,248.1,40,248.75,40,0,31520
FINNIFTY02JAN2421200CE.NFO,02/01/2024,09:47:26,249.5,248.4,40,249.05,40,0,31520
FINNIFTY02JAN2421200CE.NFO,02/01/2024,09:47:28,249.5,249.75,640,250.45,40,0,31520
FINNIFTY02JAN2421200CE.NFO,02/01/2024,09:47:30,249.5,250.05,40,250.75,560,0,31520
FINNIFTY02JAN2421200CE.NFO,02/01/2024,09:47:31,249.5,251.85,40,252.45,40,0,31520
FINNIFTY02JAN2421200CE.NFO,02/01/2024,09:47:33,249.5,251.05,120,251.75,40,0,31520
FINNIFTY02JAN2421200CE.NFO,02/01/2024,09:47:35,249.5,251.15,40,251.8,560,0,31520
FINNIFTY02JAN2421200CE.NFO,02/01/2024,09:47:36,249.5,251.7,40,252.35,560,0,31520
FINNIFTY02JAN2421200CE.NFO,02/01/2024,09:47:38,249.5,252.05,40,252.75,560,0,31520
FINNIFTY02JAN2421200CE.NFO,02/01/2024,09:47:40,249.5,252.05,560,252.75,200,0,31520
FINNIFTY02JAN2421200CE.NFO,02/01/2024,09:47:41,249.5,250.7,40,251.4,640,0,31520
FINNIFTY02JAN2421200CE.NFO,02/01/2024,09:47:43,249.5,251.6,40,252.3,40,0,31520
FINNIFTY02JAN2421200CE.NFO,02/01/2024,09:47:45,249.5,251.3,80,252,1000,0,31520
FINNIFTY02JAN2421200CE.NFO,02/01/2024,09:47:46,249.5,250.2,600,250.95,680,0,31520
FINNIFTY02JAN2421200CE.NFO,02/01/2024,09:47:48,249.5,251.75,120,252.45,600,0,31520
FINNIFTY02JAN2421200CE.NFO,02/01/2024,09:47:50,249.5,251.85,160,252.55,560,0,31520
FINNIFTY02JAN2421200CE.NFO,02/01/2024,09:47:51,249.5,252.05,640,252.75,120,0,31520
FINNIFTY02JAN2421200CE.NFO,02/01/2024,09:47:53,249.5,249.5,160,250.25,600,0,31520
FINNIFTY02JAN2421200CE.NFO,02/01/2024,09:47:55,249.5,248.2,120,249.1,40,40,32560
FINNIFTY02JAN2421200CE.NFO,02/01/2024,09:47:56,249.5,249.2,1000,249.95,560,0,32560
FINNIFTY02JAN2421200CE.NFO,02/01/2024,09:47:58,249.5,249.6,600,250.3,40,0,32560
FINNIFTY02JAN2421200CE.NFO,02/01/2024,09:48:00,249.5,249.75,160,250.5,1000,0,32560
FINNIFTY02JAN2421200CE.NFO,02/01/2024,09:48:01,249.5,248.7,920,249.45,600,320,32560
FINNIFTY02JAN2421200CE.NFO,02/01/2024,09:48:03,249.5,249,680,249.75,680,0,32560
FINNIFTY02JAN2421200CE.NFO,02/01/2024,09:48:05,249.5,248,120,248.7,560,0,32560
FINNIFTY02JAN2421200CE.NFO,02/01/2024,09:48:06,249.5,246.95,40,247.65,560,0,32560
FINNIFTY02JAN2421200CE.NFO,02/01/2024,09:48:08,249.5,247.05,640,247.75,40,0,32560
FINNIFTY02JAN2421200CE.NFO,02/01/2024,09:48:10,249.5,246.55,40,247.3,1040,0,32560
FINNIFTY02JAN2421200CE.NFO,02/01/2024,09:48:11,248.25,247.05,120,247.7,600,40,32560
FINNIFTY02JAN2421200CE.NFO,02/01/2024,09:48:13,248.25,247.65,280,248.3,920,0,32560
FINNIFTY02JAN2421200CE.NFO,02/01/2024,09:48:15,248.25,247.85,160,248.55,560,0,32560
FINNIFTY02JAN2421200CE.NFO,02/01/2024,09:48:16,248.25,247.75,40,248.3,560,0,32560
FINNIFTY02JAN2421200CE.NFO,02/01/2024,09:48:18,248.25,246,600,246.65,120,0,32560
FINNIFTY02JAN2421200CE.NFO,02/01/2024,09:48:20,248.25,245.7,200,246.3,560,0,32560
FINNIFTY02JAN2421200CE.NFO,02/01/2024,09:48:21,248.25,246.05,200,246.65,600,0,32560
FINNIFTY02JAN2421200CE.NFO,02/01/2024,09:48:23,248.25,245.45,360,246.1,920,0,32560
FINNIFTY02JAN2421200CE.NFO,02/01/2024,09:48:25,248.25,244.6,120,245.25,600,0,32560
