Ticker,Date,Time,LTP,BuyPrice,BuyQty,SellPrice,SellQty,LTQ,OpenInterest
FINNIFTY02JAN2421000PE.NFO,02/01/2024,09:15:00,1,0.8,1080,0.85,1520,4600,3838000
FINNIFTY02JAN2421000PE.NFO,02/01/2024,09:15:00,1,0.8,1080,0.85,1520,0,3838000
FINNIFTY02JAN2421000PE.NFO,02/01/2024,09:15:00,1,0.8,1080,0.85,1520,0,3838000
FINNIFTY02JAN2421000PE.NFO,02/01/2024,09:15:00,0.8,0.8,1080,0.85,1520,0,3838000
FINNIFTY02JAN2421000PE.NFO,02/01/2024,09:15:01,0.8,0.75,320,0.8,2400,14680,3838000
FINNIFTY02JAN2421000PE.NFO,02/01/2024,09:15:01,0.75,0.75,320,0.8,2400,0,3838000
FINNIFTY02JAN2421000PE.NFO,02/01/2024,09:15:02,0.85,0.8,3800,0.85,1200,30760,3838000
FINNIFTY02JAN2421000PE.NFO,02/01/2024,09:15:03,0.75,0.75,720,0.8,2760,54520,3838000
FINNIFTY02JAN2421000PE.NFO,02/01/2024,09:15:04,0.75,0.7,31440,0.75,760,54280,3838000
FINNIFTY02JAN2421000PE.NFO,02/01/2024,09:15:04,0.65,0.7,31440,0.75,760,0,3838000
FINNIFTY02JAN2421000PE.NFO,02/01/2024,09:15:04,0.8,0.75,1720,0.8,1120,8200,3838000
FINNIFTY02JAN2421000PE.NFO,02/01/2024,09:15:05,0.75,0.7,29800,0.75,1920,62760,3838000
FINNIFTY02JAN2421000PE.NFO,02/01/2024,09:15:06,0.8,0.75,9360,0.8,15720,38000,3838000
FINNIFTY02JAN2421000PE.NFO,02/01/2024,09:15:07,0.75,0.7,14960,0.75,3200,72160,3838000
FINNIFTY02JAN2421000PE.NFO,02/01/2024,09:15:08,0.75,0.75,18440,0.8,18480,33040,3838000
FINNIFTY02JAN2421000PE.NFO,02/01/2024,09:15:09,0.7,0.7,19160,0.75,23520,20880,3838000
FINNIFTY02JAN2421000PE.NFO,02/01/2024,09:15:11,0.8,0.75,9880,0.8,17600,36680,3838000
FINNIFTY02JAN2421000PE.NFO,02/01/2024,09:15:12,0.75,0.7,21160,0.75,24440,24600,3838000
FINNIFTY02JAN2421000PE.NFO,02/01/2024,09:15:13,0.75,0.75,16520,0.8,23160,38760,3838000
FINNIFTY02JAN2421000PE.NFO,02/01/2024,09:15:14,0.75,0.7,17120,0.75,28520,47320,3838000
FINNIFTY02JAN2421000PE.NFO,02/01/2024,09:15:14,0.75,0.7,24720,0.75,29240,7200,3838000
FINNIFTY02JAN2421000PE.NFO,02/01/2024,09:15:15,0.75,0.7,29320,0.75,64960,26320,3838000
FINNIFTY02JAN2421000PE.NFO,02/01/2024,09:15:16,0.75,0.7,27200,0.75,67240,38200,3838000
FINNIFTY02JAN2421000PE.NFO,02/01/2024,09:15:17,0.75,0.7,36640,0.75,68280,22320,3838000
FINNIFTY02JAN2421000PE.NFO,02/01/2024,09:15:19,0.7,0.7,68640,0.75,71920,13720,3838000
FINNIFTY02JAN2421000PE.NFO,02/01/2024,09:15:20,0.75,0.7,60680,0.75,48000,59360,3838000
FINNIFTY02JAN2421000PE.NFO,02/01/2024,09:15:21,0.75,0.7,40360,0.75,50040,41880,3838000
FINNIFTY02JAN2421000PE.NFO,02/01/2024,09:15:22,0.7,0.7,48000,0.75,49840,37000,3838000
FINNIFTY02JAN2421000PE.NFO,02/01/2024,09:15:22,0.7,0.7,37280,0.75,58280,11080,3838000
FINNIFTY02JAN2421000PE.NFO,02/01/2024,09:15:23,0.7,0.7,48480,0.75,84240,21240,3838000
FINNIFTY02JAN2421000PE.NFO,02/01/2024,09:15:25,0.7,0.7,44920,0.75,95640,31520,3838000
FINNIFTY02JAN2421000PE.NFO,02/01/2024,09:15:26,0.7,0.65,166720,0.7,63040,46360,3838000
FINNIFTY02JAN2421000PE.NFO,02/01/2024,09:15:27,0.7,0.65,176440,0.7,22600,38160,3838000
FINNIFTY02JAN2421000PE.NFO,02/01/2024,09:15:28,0.7,0.65,175040,0.7,3640,32800,3838000
FINNIFTY02JAN2421000PE.NFO,02/01/2024,09:15:29,0.7,0.65,184880,0.7,55080,85560,3838000
FINNIFTY02JAN2421000PE.NFO,02/01/2024,09:15:29,0.7,0.65,184800,0.7,64040,3640,3838000
FINNIFTY02JAN2421000PE.NFO,02/01/2024,09:15:31,0.7,0.65,188000,0.7,66360,19880,3838000
FINNIFTY02JAN2421000PE.NFO,02/01/2024,09:15:32,0.7,0.65,212080,0.7,68880,11360,3838000
FINNIFTY02JAN2421000PE.NFO,02/01/2024,09:15:33,0.7,0.7,57160,0.75,105800,99440,3838000
FINNIFTY02JAN2421000PE.NFO,02/01/2024,09:15:34,0.75,0.7,73880,0.75,93720,29160,3838000
FINNIFTY02JAN2421000PE.NFO,02/01/2024,09:15:35,0.7,0.7,55840,0.75,79920,83400,3838000
FINNIFTY02JAN2421000PE.NFO,02/01/2024,09:15:35,0.7,0.65,258280,0.7,72880,41280,3838000
FINNIFTY02JAN2421000PE.NFO,02/01/2024,09:15:36,0.65,0.65,237480,0.7,84840,50920,3838000
FINNIFTY02JAN2421000PE.NFO,02/01/2024,09:15:38,0.65,0.65,218320,0.7,97160,37240,3838000
FINNIFTY02JAN2421000PE.NFO,02/01/2024,09:15:39,0.7,0.65,205320,0.7,112000,2960,3838000
FINNIFTY02JAN2421000PE.NFO,02/01/2024,09:15:40,0.7,0.65,227920,0.7,191920,49000,3838000
FINNIFTY02JAN2421000PE.NFO,02/01/2024,09:15:41,0.7,0.65,225920,0.7,194240,27760,3838000
FINNIFTY02JAN2421000PE.NFO,02/01/2024,09:15:42,0.7,0.65,273280,0.7,181360,13240,3838000
FINNIFTY02JAN2421000PE.NFO,02/01/2024,09:15:42,0.7,0.65,272880,0.7,190120,5480,3838000
FINNIFTY02JAN2421000PE.NFO,02/01/2024,09:15:43,0.7,0.65,294520,0.7,159320,36720,3838000
FINNIFTY02JAN2421000PE.NFO,02/01/2024,09:15:45,0.7,0.65,352960,0.7,143840,18800,3838000
FINNIFTY02JAN2421000PE.NFO,02/01/2024,09:15:46,0.7,0.65,372040,0.7,128640,36880,3838000
FINNIFTY02JAN2421000PE.NFO,02/01/2024,09:15:47,0.7,0.65,394680,0.7,132720,11360,3838000
FINNIFTY02JAN2421000PE.NFO,02/01/2024,09:15:48,0.65,0.65,394280,0.7,119120,40760,3838000
FINNIFTY02JAN2421000PE.NFO,02/01/2024,09:15:49,0.65,0.65,341240,0.7,115640,42000,3838000
FINNIFTY02JAN2421000PE.NFO,02/01/2024,09:15:49,0.7,0.65,356200,0.7,116800,440,3838000
FINNIFTY02JAN2421000PE.NFO,02/01/2024,09:15:50,0.65,0.65,349800,0.7,130840,11320,3838000
FINNIFTY02JAN2421000PE.NFO,02/01/2024,09:15:52,0.65,0.65,332040,0.7,153080,52960,3838000
FINNIFTY02JAN2421000PE.NFO,02/01/2024,09:15:53,0.7,0.65,328960,0.7,158560,28000,3838000
FINNIFTY02JAN2421000PE.NFO,02/01/2024,09:15:54,0.7,0.65,321560,0.7,161120,40120,3838000
FINNIFTY02JAN2421000PE.NFO,02/01/2024,09:15:55,0.7,0.65,302000,0.7,186240,45040,3838000
FINNIFTY02JAN2421000PE.NFO,02/01/2024,09:15:56,0.65,0.65,306360,0.7,206720,47040,3838000
FINNIFTY02JAN2421000PE.NFO,02/01/2024,09:15:56,0.65,0.65,311720,0.7,219640,2400,3838000
FINNIFTY02JAN2421000PE.NFO,02/01/2024,09:15:57,0.65,0.65,283840,0.7,215400,45160,3838000
FINNIFTY02JAN2421000PE.NFO,02/01/2024,09:15:59,0.65,0.65,236440,0.7,197640,52720,3838000
FINNIFTY02JAN2421000PE.NFO,02/01/2024,09:16:00,0.65,0.65,230400,0.7,194440,45400,3838000
FINNIFTY02JAN2421000PE.NFO,02/01/2024,09:16:01,0.65,0.65,188560,0.7,217200,53520,3838000
FINNIFTY02JAN2421000PE.NFO,02/01/2024,09:16:02,0.65,0.65,154840,0.7,258880,57880,3838000
FINNIFTY02JAN2421000PE.NFO,02/01/2024,09:16:03,0.65,0.65,168960,0.7,332760,97840,3838000
FINNIFTY02JAN2421000PE.NFO,02/01/2024,09:16:03,0.65,0.65,126240,0.7,344600,7800,3838000
FINNIFTY02JAN2421000PE.NFO,02/01/2024,09:16:04,0.65,0.65,110640,0.7,359880,67720,3838000
FINNIFTY02JAN2421000PE.NFO,02/01/2024,09:16:06,0.65,0.65,143480,0.7,401560,19120,3838000
FINNIFTY02JAN2421000PE.NFO,02/01/2024,09:16:07,0.65,0.65,153960,0.7,433320,38840,3838000
FINNIFTY02JAN2421000PE.NFO,02/01/2024,09:16:08,0.7,0.65,158640,0.7,431520,17680,3838000
FINNIFTY02JAN2421000PE.NFO,02/01/2024,09:16:09,0.65,0.65,190960,0.7,425280,19280,3838000
FINNIFTY02JAN2421000PE.NFO,02/01/2024,09:16:10,0.7,0.65,177720,0.7,451280,27760,3838000
FINNIFTY02JAN2421000PE.NFO,02/01/2024,09:16:10,0.65,0.65,179720,0.7,453360,5640,3838000
FINNIFTY02JAN2421000PE.NFO,02/01/2024,09:16:12,0.65,0.65,172000,0.7,458080,26240,3838000
FINNIFTY02JAN2421000PE.NFO,02/01/2024,09:16:13,0.65,0.65,168160,0.7,465240,40880,3838000
FINNIFTY02JAN2421000PE.NFO,02/01/2024,09:16:14,0.7,0.65,156280,0.7,479240,13760,3838000
FINNIFTY02JAN2421000PE.NFO,02/01/2024,09:16:15,0.7,0.65,107720,0.7,480240,12320,3838000
FINNIFTY02JAN2421000PE.NFO,02/01/2024,09:16:16,0.65,0.65,151640,0.7,483280,2480,3838000
FINNIFTY02JAN2421000PE.NFO,02/01/2024,09:16:17,0.7,0.65,147240,0.7,475280,16160,3838000
FINNIFTY02JAN2421000PE.NFO,02/01/2024,09:16:17,0.7,0.65,147240,0.7,475360,80,3838000
FINNIFTY02JAN2421000PE.NFO,02/01/2024,09:16:18,0.7,0.65,140920,0.7,483480,9600,3838000
FINNIFTY02JAN2421000PE.NFO,02/01/2024,09:16:20,0.65,0.65,138880,0.7,488280,7640,3838000
FINNIFTY02JAN2421000PE.NFO,02/01/2024,09:16:21,0.65,0.65,125360,0.7,484240,24760,3838000
FINNIFTY02JAN2421000PE.NFO,02/01/2024,09:16:22,0.65,0.6,755880,0.65,8080,105080,3838000
FINNIFTY02JAN2421000PE.NFO,02/01/2024,09:16:22,0.6,0.6,755880,0.65,8080,0,3838000
FINNIFTY02JAN2421000PE.NFO,02/01/2024,09:16:23,0.65,0.6,745120,0.65,61760,46040,3838000
FINNIFTY02JAN2421000PE.NFO,02/01/2024,09:16:24,0.65,0.6,746160,0.65,91600,21000,3838000
FINNIFTY02JAN2421000PE.NFO,02/01/2024,09:16:24,0.6,0.6,744160,0.65,119160,2040,3838000
FINNIFTY02JAN2421000PE.NFO,02/01/2024,09:16:25,0.6,0.6,752040,0.65,124600,11680,3838000
FINNIFTY02JAN2421000PE.NFO,02/01/2024,09:16:27,0.65,0.6,752560,0.65,104320,34400,3838000
FINNIFTY02JAN2421000PE.NFO,02/01/2024,09:16:28,0.65,0.6,750920,0.65,47000,35080,3838000
FINNIFTY02JAN2421000PE.NFO,02/01/2024,09:16:29,0.6,0.6,749440,0.65,60760,114200,3838000
FINNIFTY02JAN2421000PE.NFO,02/01/2024,09:16:30,0.6,0.6,762040,0.65,126440,57840,3838000
FINNIFTY02JAN2421000PE.NFO,02/01/2024,09:16:31,0.65,0.6,755800,0.65,150200,13240,3838000
FINNIFTY02JAN2421000PE.NFO,02/01/2024,09:16:32,0.65,0.6,751320,0.65,156280,47240,3838000
FINNIFTY02JAN2421000PE.NFO,02/01/2024,09:16:32,0.65,0.6,751320,0.65,151280,5480,3838000
FINNIFTY02JAN2421000PE.NFO,02/01/2024,09:16:34,0.65,0.6,746040,0.65,225440,31520,3838000
FINNIFTY02JAN2421000PE.NFO,02/01/2024,09:16:35,0.65,0.6,743680,0.65,226680,18480,3838000
FINNIFTY02JAN2421000PE.NFO,02/01/2024,09:16:36,0.65,0.6,722600,0.65,226120,24120,3838000
FINNIFTY02JAN2421000PE.NFO,02/01/2024,09:16:37,0.6,0.6,724400,0.65,205360,15120,3838000
FINNIFTY02JAN2421000PE.NFO,02/01/2024,09:16:38,0.65,0.6,721320,0.65,196680,35680,3838000
FINNIFTY02JAN2421000PE.NFO,02/01/2024,09:16:39,0.65,0.6,718200,0.65,151160,29960,3838000
FINNIFTY02JAN2421000PE.NFO,02/01/2024,09:16:39,0.65,0.6,717880,0.65,152840,1920,3838000
FINNIFTY02JAN2421000PE.NFO,02/01/2024,09:16:40,0.65,0.6,716640,0.65,177480,18000,3838000
FINNIFTY02JAN2421000PE.NFO,02/01/2024,09:16:42,0.65,0.6,717040,0.65,117040,33920,3838000
FINNIFTY02JAN2421000PE.NFO,02/01/2024,09:16:43,0.65,0.6,741240,0.65,99120,24600,3838000
FINNIFTY02JAN2421000PE.NFO,02/01/2024,09:16:44,0.65,0.65,175040,0.7,288400,87240,3838000
FINNIFTY02JAN2421000PE.NFO,02/01/2024,09:16:45,0.65,0.65,170680,0.7,291560,33440,3838000
FINNIFTY02JAN2421000PE.NFO,02/01/2024,09:16:46,0.7,0.65,139720,0.7,306480,15720,3838000
FINNIFTY02JAN2421000PE.NFO,02/01/2024,09:16:47,0.65,0.65,208720,0.7,302440,21480,3838000
FINNIFTY02JAN2421000PE.NFO,02/01/2024,09:16:47,0.65,0.65,207360,0.7,303440,1360,3838000
FINNIFTY02JAN2421000PE.NFO,02/01/2024,09:16:48,0.7,0.65,229680,0.7,299840,3920,3838000
FINNIFTY02JAN2421000PE.NFO,02/01/2024,09:16:50,0.65,0.65,265200,0.7,299840,4880,3838000
FINNIFTY02JAN2421000PE.NFO,02/01/2024,09:16:51,0.65,0.65,267240,0.7,306600,3640,3838000
FINNIFTY02JAN2421000PE.NFO,02/01/2024,09:16:52,0.7,0.65,264440,0.7,305040,17120,3838000
FINNIFTY02JAN2421000PE.NFO,02/01/2024,09:16:53,0.65,0.65,231360,0.7,329600,8760,3838000
FINNIFTY02JAN2421000PE.NFO,02/01/2024,09:16:54,0.65,0.65,215520,0.7,333520,11760,3838000
FINNIFTY02JAN2421000PE.NFO,02/01/2024,09:16:54,0.7,0.65,262360,0.7,325880,7560,3838000
FINNIFTY02JAN2421000PE.NFO,02/01/2024,09:16:56,0.65,0.65,190520,0.7,317120,37320,3838000
FINNIFTY02JAN2421000PE.NFO,02/01/2024,09:16:57,0.7,0.65,131040,0.7,307320,53240,3838000
FINNIFTY02JAN2421000PE.NFO,02/01/2024,09:16:58,0.6,0.6,849520,0.65,119480,125440,3838000
FINNIFTY02JAN2421000PE.NFO,02/01/2024,09:16:59,0.7,0.65,165960,0.7,312280,116520,3838000
FINNIFTY02JAN2421000PE.NFO,02/01/2024,09:17:00,0.65,0.65,161120,0.7,343680,35840,3838000
FINNIFTY02JAN2421000PE.NFO,02/01/2024,09:17:00,0.7,0.65,141200,0.7,357560,3160,3838000
FINNIFTY02JAN2421000PE.NFO,02/01/2024,09:17:01,0.7,0.65,19040,0.7,375560,99040,3838000
FINNIFTY02JAN2421000PE.NFO,02/01/2024,09:17:03,0.65,0.65,129120,0.7,381960,133640,3838000
FINNIFTY02JAN2421000PE.NFO,02/01/2024,09:17:04,0.65,0.65,110680,0.7,386800,10560,3838000
FINNIFTY02JAN2421000PE.NFO,02/01/2024,09:17:05,0.65,0.6,912600,0.65,116840,113200,3838000
FINNIFTY02JAN2421000PE.NFO,02/01/2024,09:17:06,0.65,0.65,675640,0.7,382840,115320,3838000
FINNIFTY02JAN2421000PE.NFO,02/01/2024,09:17:07,0.65,0.65,673520,0.7,384440,18080,3838000
FINNIFTY02JAN2421000PE.NFO,02/01/2024,09:17:07,0.7,0.65,675280,0.7,382320,1840,3838000
FINNIFTY02JAN2421000PE.NFO,02/01/2024,09:17:09,0.65,0.65,674720,0.7,373520,27680,3838000
FINNIFTY02JAN2421000PE.NFO,02/01/2024,09:17:10,0.65,0.65,673280,0.7,405120,23480,3838000
FINNIFTY02JAN2421000PE.NFO,02/01/2024,09:17:11,0.65,0.65,626040,0.7,427760,55720,3838000
FINNIFTY02JAN2421000PE.NFO,02/01/2024,09:17:12,0.65,0.65,637320,0.7,433520,29680,3838000
FINNIFTY02JAN2421000PE.NFO,02/01/2024,09:17:13,0.65,0.65,615280,0.7,434920,28880,3838000
FINNIFTY02JAN2421000PE.NFO,02/01/2024,09:17:13,0.65,0.65,609760,0.7,434680,5920,3838000
FINNIFTY02JAN2421000PE.NFO,02/01/2024,09:17:14,0.65,0.65,606600,0.7,438360,16280,3838000
FINNIFTY02JAN2421000PE.NFO,02/01/2024,09:17:16,0.65,0.65,571680,0.7,445120,20640,3838000
FINNIFTY02JAN2421000PE.NFO,02/01/2024,09:17:17,0.65,0.65,551680,0.7,455000,26440,3838000
FINNIFTY02JAN2421000PE.NFO,02/01/2024,09:17:18,0.65,0.65,494560,0.7,525600,13280,3838000
FINNIFTY02JAN2421000PE.NFO,02/01/2024,09:17:19,0.7,0.65,546960,0.7,526880,5360,3838000
FINNIFTY02JAN2421000PE.NFO,02/01/2024,09:17:20,0.65,0.65,540280,0.7,524120,8280,3838000
FINNIFTY02JAN2421000PE.NFO,02/01/2024,09:17:20,0.65,0.65,546360,0.7,523560,4080,3838000
FINNIFTY02JAN2421000PE.NFO,02/01/2024,09:17:22,0.65,0.65,552240,0.7,512520,22640,3838000
FINNIFTY02JAN2421000PE.NFO,02/01/2024,09:17:23,0.7,0.65,550440,0.7,512040,1600,3838000
FINNIFTY02JAN2421000PE.NFO,02/01/2024,09:17:24,0.7,0.65,541440,0.7,509320,11040,3838000
FINNIFTY02JAN2421000PE.NFO,02/01/2024,09:17:25,0.65,0.65,540040,0.7,508440,8440,3838000
FINNIFTY02JAN2421000PE.NFO,02/01/2024,09:17:26,0.7,0.65,529360,0.7,511040,14360,4933320
FINNIFTY02JAN2421000PE.NFO,02/01/2024,09:17:26,0.65,0.65,526720,0.7,510480,3120,4933320
FINNIFTY02JAN2421000PE.NFO,02/01/2024,09:17:27,0.7,0.65,520520,0.7,511080,9680,4933320
FINNIFTY02JAN2421000PE.NFO,02/01/2024,09:17:29,0.7,0.65,506400,0.7,516000,13720,4933320
FINNIFTY02JAN2421000PE.NFO,02/01/2024,09:17:30,0.65,0.65,496240,0.7,518920,14680,4933320
FINNIFTY02JAN2421000PE.NFO,02/01/2024,09:17:31,0.65,0.65,504040,0.7,518320,9000,4933320
FINNIFTY02JAN2421000PE.NFO,02/01/2024,09:17:32,0.65,0.65,1100840,0.7,510960,5560,4933320
FINNIFTY02JAN2421000PE.NFO,02/01/2024,09:17:33,0.65,0.65,1098000,0.7,515200,3000,4933320
FINNIFTY02JAN2421000PE.NFO,02/01/2024,09:17:34,0.7,0.65,1099760,0.7,515120,120,4933320
FINNIFTY02JAN2421000PE.NFO,02/01/2024,09:17:35,0.65,0.65,1093600,0.7,506160,5520,4933320
FINNIFTY02JAN2421000PE.NFO,02/01/2024,09:17:36,0.65,0.65,1086720,0.7,499360,7040,4933320
FINNIFTY02JAN2421000PE.NFO,02/01/2024,09:17:37,0.65,0.65,1082360,0.7,553360,10800,4933320
FINNIFTY02JAN2421000PE.NFO,02/01/2024,09:17:38,0.65,0.65,1081080,0.7,548000,5360,4933320
FINNIFTY02JAN2421000PE.NFO,02/01/2024,09:17:39,0.65,0.65,1083080,0.7,548440,2760,4933320
FINNIFTY02JAN2421000PE.NFO,02/01/2024,09:17:40,0.65,0.65,1077400,0.7,549160,5040,4933320
FINNIFTY02JAN2421000PE.NFO,02/01/2024,09:17:41,0.7,0.65,1077920,0.7,568440,4480,4933320
FINNIFTY02JAN2421000PE.NFO,02/01/2024,09:17:42,0.7,0.65,1077440,0.7,569000,2120,4933320
FINNIFTY02JAN2421000PE.NFO,02/01/2024,09:17:43,0.65,0.65,1075760,0.7,568240,5800,4933320
FINNIFTY02JAN2421000PE.NFO,02/01/2024,09:17:44,0.65,0.65,1070680,0.7,567600,5560,4933320
FINNIFTY02JAN2421000PE.NFO,02/01/2024,09:17:45,0.65,0.65,1064600,0.7,565640,7680,4933320
FINNIFTY02JAN2421000PE.NFO,02/01/2024,09:17:46,0.65,0.65,1065000,0.7,565600,280,4933320
FINNIFTY02JAN2421000PE.NFO,02/01/2024,09:17:47,0.7,0.65,1062200,0.7,560240,9520,4933320
FINNIFTY02JAN2421000PE.NFO,02/01/2024,09:17:48,0.7,0.65,1060360,0.7,555360,7240,4933320
FINNIFTY02JAN2421000PE.NFO,02/01/2024,09:17:49,0.7,0.65,1054440,0.7,527080,35200,4933320
FINNIFTY02JAN2421000PE.NFO,02/01/2024,09:17:50,0.7,0.65,1041760,0.7,533000,10880,4933320
FINNIFTY02JAN2421000PE.NFO,02/01/2024,09:17:51,0.65,0.65,1011680,0.7,522360,16880,4933320
FINNIFTY02JAN2421000PE.NFO,02/01/2024,09:17:52,0.7,0.65,1012280,0.7,520080,8480,4933320
FINNIFTY02JAN2421000PE.NFO,02/01/2024,09:17:53,0.7,0.65,1012240,0.7,518240,1880,4933320
FINNIFTY02JAN2421000PE.NFO,02/01/2024,09:17:54,0.7,0.65,1028840,0.7,492760,12160,4933320
FINNIFTY02JAN2421000PE.NFO,02/01/2024,09:17:55,0.65,0.65,1027520,0.7,487520,20680,4933320
FINNIFTY02JAN2421000PE.NFO,02/01/2024,09:17:56,0.65,0.65,1023000,0.7,484480,11400,4933320
FINNIFTY02JAN2421000PE.NFO,02/01/2024,09:17:57,0.65,0.65,1026000,0.7,478320,29440,4933320
FINNIFTY02JAN2421000PE.NFO,02/01/2024,09:17:58,0.65,0.65,1033120,0.7,439560,65280,4933320
FINNIFTY02JAN2421000PE.NFO,02/01/2024,09:17:59,0.65,0.65,1031600,0.7,433640,2040,4933320
FINNIFTY02JAN2421000PE.NFO,02/01/2024,09:18:00,0.7,0.65,1042120,0.7,420600,46320,4933320
FINNIFTY02JAN2421000PE.NFO,02/01/2024,09:18:01,0.7,0.65,1063560,0.7,380200,100920,4933320
FINNIFTY02JAN2421000PE.NFO,02/01/2024,09:18:02,0.7,0.65,1050280,0.7,388520,15320,4933320
FINNIFTY02JAN2421000PE.NFO,02/01/2024,09:18:03,0.7,0.65,1704680,0.7,309200,45160,4933320
FINNIFTY02JAN2421000PE.NFO,02/01/2024,09:18:04,0.7,0.65,1711720,0.7,352440,6320,4933320
FINNIFTY02JAN2421000PE.NFO,02/01/2024,09:18:05,0.7,0.65,1744880,0.7,352040,7760,4933320
FINNIFTY02JAN2421000PE.NFO,02/01/2024,09:18:06,0.7,0.65,1743560,0.7,353640,240,4933320
FINNIFTY02JAN2421000PE.NFO,02/01/2024,09:18:07,0.7,0.65,1742120,0.7,349040,6720,4933320
FINNIFTY02JAN2421000PE.NFO,02/01/2024,09:18:08,0.65,0.65,1742120,0.7,340640,7760,4933320
FINNIFTY02JAN2421000PE.NFO,02/01/2024,09:18:09,0.65,0.65,1741160,0.7,344120,1600,4933320
FINNIFTY02JAN2421000PE.NFO,02/01/2024,09:18:10,0.65,0.65,1737200,0.7,340120,6720,4933320
FINNIFTY02JAN2421000PE.NFO,02/01/2024,09:18:11,0.7,0.65,1735640,0.7,334600,6520,4933320
FINNIFTY02JAN2421000PE.NFO,02/01/2024,09:18:12,0.7,0.65,1735400,0.7,333400,1560,4933320
FINNIFTY02JAN2421000PE.NFO,02/01/2024,09:18:13,0.7,0.65,1725240,0.7,329600,15240,4933320
FINNIFTY02JAN2421000PE.NFO,02/01/2024,09:18:14,0.7,0.65,1721640,0.7,325080,12840,4933320
FINNIFTY02JAN2421000PE.NFO,02/01/2024,09:18:15,0.7,0.65,1705000,0.7,322560,17160,4933320
FINNIFTY02JAN2421000PE.NFO,02/01/2024,09:18:16,0.7,0.65,1703120,0.7,325240,11920,4933320
FINNIFTY02JAN2421000PE.NFO,02/01/2024,09:18:17,0.7,0.65,1704480,0.7,328880,1360,4933320
FINNIFTY02JAN2421000PE.NFO,02/01/2024,09:18:18,0.65,0.65,1702160,0.7,272160,43840,4933320
FINNIFTY02JAN2421000PE.NFO,02/01/2024,09:18:19,0.7,0.65,1702240,0.7,255400,2040,4933320
FINNIFTY02JAN2421000PE.NFO,02/01/2024,09:18:20,0.7,0.65,1657480,0.7,101560,320760,4933320
FINNIFTY02JAN2421000PE.NFO,02/01/2024,09:18:21,0.7,0.7,365000,0.75,428280,120720,4933320
FINNIFTY02JAN2421000PE.NFO,02/01/2024,09:18:22,0.7,0.7,447000,0.75,443720,22560,4933320
FINNIFTY02JAN2421000PE.NFO,02/01/2024,09:18:23,0.7,0.7,493600,0.75,449560,16440,4933320
FINNIFTY02JAN2421000PE.NFO,02/01/2024,09:18:24,0.7,0.7,493520,0.75,446760,18200,4933320
FINNIFTY02JAN2421000PE.NFO,02/01/2024,09:18:25,0.7,0.7,493400,0.75,446800,120,4933320
FINNIFTY02JAN2421000PE.NFO,02/01/2024,09:18:26,0.7,0.7,491960,0.75,444600,7320,4933320
FINNIFTY02JAN2421000PE.NFO,02/01/2024,09:18:27,0.75,0.7,454840,0.75,415360,84960,4933320
FINNIFTY02JAN2421000PE.NFO,02/01/2024,09:18:28,0.7,0.7,395560,0.75,390880,94840,4933320
FINNIFTY02JAN2421000PE.NFO,02/01/2024,09:18:29,0.7,0.7,395640,0.75,408480,5360,4933320
FINNIFTY02JAN2421000PE.NFO,02/01/2024,09:18:30,0.7,0.7,393400,0.75,412720,2000,4933320
FINNIFTY02JAN2421000PE.NFO,02/01/2024,09:18:31,0.7,0.7,401280,0.75,421480,3480,4933320
FINNIFTY02JAN2421000PE.NFO,02/01/2024,09:18:32,0.75,0.7,419840,0.75,404960,18480,4933320
FINNIFTY02JAN2421000PE.NFO,02/01/2024,09:18:33,0.75,0.7,419840,0.75,400840,3480,4933320
FINNIFTY02JAN2421000PE.NFO,02/01/2024,09:18:34,0.7,0.7,419640,0.75,493480,11040,4933320
FINNIFTY02JAN2421000PE.NFO,02/01/2024,09:18:35,0.7,0.7,348800,0.75,483040,43400,4933320
FINNIFTY02JAN2421000PE.NFO,02/01/2024,09:18:36,0.75,0.7,390840,0.75,482200,6560,4933320
FINNIFTY02JAN2421000PE.NFO,02/01/2024,09:18:37,0.7,0.7,378240,0.75,469800,47760,4933320
FINNIFTY02JAN2421000PE.NFO,02/01/2024,09:18:38,0.75,0.7,389600,0.75,484520,9200,4933320
FINNIFTY02JAN2421000PE.NFO,02/01/2024,09:18:39,0.7,0.7,388120,0.75,484520,1480,4933320
FINNIFTY02JAN2421000PE.NFO,02/01/2024,09:18:40,0.75,0.7,391480,0.75,484520,400,4933320
FINNIFTY02JAN2421000PE.NFO,02/01/2024,09:18:41,0.7,0.7,389480,0.75,514560,10920,4933320
FINNIFTY02JAN2421000PE.NFO,02/01/2024,09:18:42,0.7,0.7,388280,0.75,524840,29800,4933320
FINNIFTY02JAN2421000PE.NFO,02/01/2024,09:18:43,0.7,0.7,315840,0.75,529240,28280,4933320
FINNIFTY02JAN2421000PE.NFO,02/01/2024,09:18:44,0.7,0.7,356600,0.75,518920,25960,4933320
FINNIFTY02JAN2421000PE.NFO,02/01/2024,09:18:45,0.7,0.7,346080,0.75,508880,26480,4933320
FINNIFTY02JAN2421000PE.NFO,02/01/2024,09:18:46,0.75,0.7,345920,0.75,508040,880,4933320
FINNIFTY02JAN2421000PE.NFO,02/01/2024,09:18:47,0.7,0.7,235600,0.75,510520,41440,4933320
FINNIFTY02JAN2421000PE.NFO,02/01/2024,09:18:48,0.7,0.65,1734120,0.7,482280,236600,4933320
FINNIFTY02JAN2421000PE.NFO,02/01/2024,09:18:49,0.7,0.65,1736840,0.7,471520,13640,4933320
FINNIFTY02JAN2421000PE.NFO,02/01/2024,09:18:50,0.7,0.65,1796280,0.7,534360,22240,4933320
FINNIFTY02JAN2421000PE.NFO,02/01/2024,09:18:51,0.7,0.65,1800080,0.7,701480,17680,4933320
FINNIFTY02JAN2421000PE.NFO,02/01/2024,09:18:52,0.7,0.65,1798280,0.7,718680,480,4933320
FINNIFTY02JAN2421000PE.NFO,02/01/2024,09:18:53,0.65,0.65,1797520,0.7,723400,10560,4933320
FINNIFTY02JAN2421000PE.NFO,02/01/2024,09:18:54,0.7,0.65,1792560,0.7,770120,6640,4933320
FINNIFTY02JAN2421000PE.NFO,02/01/2024,09:18:55,0.65,0.65,1765680,0.7,834160,33960,4933320
FINNIFTY02JAN2421000PE.NFO,02/01/2024,09:18:56,0.65,0.65,1757880,0.7,877560,6200,4933320
FINNIFTY02JAN2421000PE.NFO,02/01/2024,09:18:57,0.7,0.65,1746880,0.7,831040,39320,4933320
FINNIFTY02JAN2421000PE.NFO,02/01/2024,09:18:58,0.65,0.65,1740760,0.7,860360,27680,4933320
FINNIFTY02JAN2421000PE.NFO,02/01/2024,09:18:59,0.7,0.65,1741560,0.7,861760,400,4933320
FINNIFTY02JAN2421000PE.NFO,02/01/2024,09:19:00,0.7,0.65,1723720,0.7,872360,18880,4933320
FINNIFTY02JAN2421000PE.NFO,02/01/2024,09:19:01,0.65,0.65,1717800,0.7,873560,8880,4933320
FINNIFTY02JAN2421000PE.NFO,02/01/2024,09:19:02,0.7,0.65,1718280,0.7,883240,2080,4933320
FINNIFTY02JAN2421000PE.NFO,02/01/2024,09:19:03,0.7,0.65,1719560,0.7,898960,2920,4933320
FINNIFTY02JAN2421000PE.NFO,02/01/2024,09:19:04,0.7,0.65,1720760,0.7,913600,1880,4933320
FINNIFTY02JAN2421000PE.NFO,02/01/2024,09:19:05,0.7,0.65,1719000,0.7,842400,57920,4933320
FINNIFTY02JAN2421000PE.NFO,02/01/2024,09:19:06,0.7,0.65,1718960,0.7,846000,0,4933320
FINNIFTY02JAN2421000PE.NFO,02/01/2024,09:19:07,0.65,0.65,1721800,0.7,869680,1160,4933320
FINNIFTY02JAN2421000PE.NFO,02/01/2024,09:19:08,0.65,0.65,1716240,0.7,870160,5480,4933320
FINNIFTY02JAN2421000PE.NFO,02/01/2024,09:19:09,0.65,0.65,1711520,0.7,872960,3120,4933320
FINNIFTY02JAN2421000PE.NFO,02/01/2024,09:19:10,0.65,0.65,1707360,0.7,863480,14400,4933320
FINNIFTY02JAN2421000PE.NFO,02/01/2024,09:19:11,0.7,0.65,1708280,0.7,860280,4320,4933320
FINNIFTY02JAN2421000PE.NFO,02/01/2024,09:19:12,0.65,0.65,1705960,0.7,856280,5960,4933320
FINNIFTY02JAN2421000PE.NFO,02/01/2024,09:19:13,0.65,0.65,1705760,0.7,854240,360,4933320
FINNIFTY02JAN2421000PE.NFO,02/01/2024,09:19:14,0.7,0.65,1706840,0.7,850760,3360,4933320
FINNIFTY02JAN2421000PE.NFO,02/01/2024,09:19:15,0.7,0.65,1704880,0.7,821080,20280,4933320
FINNIFTY02JAN2421000PE.NFO,02/01/2024,09:19:16,0.7,0.65,1706680,0.7,820760,80,4933320
FINNIFTY02JAN2421000PE.NFO,02/01/2024,09:19:17,0.7,0.65,1712440,0.7,864280,320,4933320
FINNIFTY02JAN2421000PE.NFO,02/01/2024,09:19:18,0.7,0.65,1710120,0.7,866720,5600,4933320
FINNIFTY02JAN2421000PE.NFO,02/01/2024,09:19:19,0.7,0.65,1709480,0.7,868520,0,4933320
FINNIFTY02JAN2421000PE.NFO,02/01/2024,09:19:20,0.7,0.65,1707080,0.7,869600,8720,4933320
FINNIFTY02JAN2421000PE.NFO,02/01/2024,09:19:21,0.7,0.65,1690720,0.7,859840,29520,4933320
FINNIFTY02JAN2421000PE.NFO,02/01/2024,09:19:22,0.7,0.65,1691520,0.7,856720,7520,4933320
FINNIFTY02JAN2421000PE.NFO,02/01/2024,09:19:23,0.65,0.65,1687960,0.7,855800,4120,4933320
FINNIFTY02JAN2421000PE.NFO,02/01/2024,09:19:24,0.7,0.65,1681040,0.7,854560,6720,4933320
FINNIFTY02JAN2421000PE.NFO,02/01/2024,09:19:25,0.65,0.65,1682040,0.7,857560,280,4933320
FINNIFTY02JAN2421000PE.NFO,02/01/2024,09:19:26,0.65,0.65,1680800,0.7,855360,2240,4933320
FINNIFTY02JAN2421000PE.NFO,02/01/2024,09:19:27,0.65,0.65,1679960,0.7,852040,3360,4933320
FINNIFTY02JAN2421000PE.NFO,02/01/2024,09:19:28,0.7,0.65,1678080,0.7,850200,5240,4933320
FINNIFTY02JAN2421000PE.NFO,02/01/2024,09:19:29,0.65,0.65,1676920,0.7,880160,6000,4933320
FINNIFTY02JAN2421000PE.NFO,02/01/2024,09:19:30,0.65,0.65,1677880,0.7,884480,3640,4933320
FINNIFTY02JAN2421000PE.NFO,02/01/2024,09:19:31,0.65,0.65,1681560,0.7,885280,5920,4933320
FINNIFTY02JAN2421000PE.NFO,02/01/2024,09:19:32,0.65,0.65,1674080,0.7,861360,8880,4933320
FINNIFTY02JAN2421000PE.NFO,02/01/2024,09:19:33,0.7,0.65,1673160,0.7,861320,2680,4933320
FINNIFTY02JAN2421000PE.NFO,02/01/2024,09:19:34,0.7,0.65,1675360,0.7,847520,12400,4933320
FINNIFTY02JAN2421000PE.NFO,02/01/2024,09:19:35,0.65,0.65,1674920,0.7,791040,2080,4933320
FINNIFTY02JAN2421000PE.NFO,02/01/2024,09:19:36,0.7,0.65,1673040,0.7,744040,64000,4933320
FINNIFTY02JAN2421000PE.NFO,02/01/2024,09:19:37,0.65,0.65,1733360,0.7,727560,15880,4933320
FINNIFTY02JAN2421000PE.NFO,02/01/2024,09:19:38,0.7,0.65,1732400,0.7,708080,2760,4933320
FINNIFTY02JAN2421000PE.NFO,02/01/2024,09:19:39,0.65,0.65,1723960,0.7,694600,26040,4933320
FINNIFTY02JAN2421000PE.NFO,02/01/2024,09:19:40,0.7,0.65,1676840,0.7,281960,380280,4933320
FINNIFTY02JAN2421000PE.NFO,02/01/2024,09:19:41,0.65,0.65,1656840,0.7,259360,82480,4933320
FINNIFTY02JAN2421000PE.NFO,02/01/2024,09:19:42,0.7,0.7,117720,0.75,551240,175120,4933320
FINNIFTY02JAN2421000PE.NFO,02/01/2024,09:19:43,0.7,0.65,1693560,0.7,60240,123440,4933320
FINNIFTY02JAN2421000PE.NFO,02/01/2024,09:19:44,0.7,0.65,1694120,0.7,131480,113640,4933320
FINNIFTY02JAN2421000PE.NFO,02/01/2024,09:19:45,0.65,0.65,1683680,0.7,171520,473520,4933320
FINNIFTY02JAN2421000PE.NFO,02/01/2024,09:19:46,0.7,0.65,1686400,0.7,359400,150720,4933320
FINNIFTY02JAN2421000PE.NFO,02/01/2024,09:19:47,0.65,0.65,1697400,0.7,420600,16280,4933320
FINNIFTY02JAN2421000PE.NFO,02/01/2024,09:19:48,0.65,0.65,1699840,0.7,441480,12720,4933320
FINNIFTY02JAN2421000PE.NFO,02/01/2024,09:19:49,0.7,0.65,1698040,0.7,488160,11200,4933320
FINNIFTY02JAN2421000PE.NFO,02/01/2024,09:19:50,0.65,0.65,1695080,0.7,595120,4160,4933320
FINNIFTY02JAN2421000PE.NFO,02/01/2024,09:19:51,0.7,0.65,1693000,0.7,707320,640,4933320
FINNIFTY02JAN2421000PE.NFO,02/01/2024,09:19:52,0.7,0.65,1692440,0.7,743960,1640,4933320
FINNIFTY02JAN2421000PE.NFO,02/01/2024,09:19:53,0.65,0.65,1694160,0.7,742680,80,4933320
FINNIFTY02JAN2421000PE.NFO,02/01/2024,09:19:54,0.7,0.65,1690560,0.7,746320,5200,4933320
FINNIFTY02JAN2421000PE.NFO,02/01/2024,09:19:55,0.7,0.65,1685400,0.7,774760,10000,4933320
FINNIFTY02JAN2421000PE.NFO,02/01/2024,09:19:56,0.65,0.65,1680760,0.7,886040,9000,4933320
FINNIFTY02JAN2421000PE.NFO,02/01/2024,09:19:57,0.65,0.65,1678920,0.7,894720,1400,4933320
FINNIFTY02JAN2421000PE.NFO,02/01/2024,09:19:58,0.65,0.65,1684280,0.7,893640,10640,4933320
FINNIFTY02JAN2421000PE.NFO,02/01/2024,09:19:59,0.65,0.65,1698160,0.7,895840,3880,4933320
FINNIFTY02JAN2421000PE.NFO,02/01/2024,09:20:00,0.65,0.65,1690000,0.7,897120,7840,4933320
FINNIFTY02JAN2421000PE.NFO,02/01/2024,09:20:01,0.7,0.65,1688360,0.7,895360,13360,4933320
FINNIFTY02JAN2421000PE.NFO,02/01/2024,09:20:02,0.7,0.65,1680200,0.7,896240,15280,4933320
FINNIFTY02JAN2421000PE.NFO,02/01/2024,09:20:03,0.7,0.65,1678480,0.7,899880,7040,4933320
FINNIFTY02JAN2421000PE.NFO,02/01/2024,09:20:04,0.65,0.65,1665600,0.7,909880,16960,4933320
FINNIFTY02JAN2421000PE.NFO,02/01/2024,09:20:05,0.65,0.65,1661480,0.7,910040,10920,4933320
FINNIFTY02JAN2421000PE.NFO,02/01/2024,09:20:06,0.7,0.65,1656000,0.7,901120,41120,4933320
FINNIFTY02JAN2421000PE.NFO,02/01/2024,09:20:07,0.7,0.65,1655800,0.7,899240,5640,4933320
FINNIFTY02JAN2421000PE.NFO,02/01/2024,09:20:08,0.65,0.65,1672800,0.7,899120,7200,4933320
FINNIFTY02JAN2421000PE.NFO,02/01/2024,09:20:09,0.7,0.65,1659400,0.7,906360,15000,4933320
FINNIFTY02JAN2421000PE.NFO,02/01/2024,09:20:10,0.7,0.65,1658720,0.7,905640,2160,4933320
FINNIFTY02JAN2421000PE.NFO,02/01/2024,09:20:11,0.7,0.65,1659240,0.7,895400,16440,4933320
FINNIFTY02JAN2421000PE.NFO,02/01/2024,09:20:12,0.65,0.65,1660680,0.7,889760,7360,4933320
FINNIFTY02JAN2421000PE.NFO,02/01/2024,09:20:13,0.65,0.65,1658120,0.7,896080,15080,4933320
FINNIFTY02JAN2421000PE.NFO,02/01/2024,09:20:14,0.7,0.65,1656120,0.7,894240,3800,4933320
FINNIFTY02JAN2421000PE.NFO,02/01/2024,09:20:15,0.65,0.65,1659240,0.7,885680,10800,4933320
FINNIFTY02JAN2421000PE.NFO,02/01/2024,09:20:16,0.65,0.65,1657080,0.7,885560,760,4933320
FINNIFTY02JAN2421000PE.NFO,02/01/2024,09:20:17,0.7,0.65,1656760,0.7,885840,960,4933320
FINNIFTY02JAN2421000PE.NFO,02/01/2024,09:20:18,0.7,0.65,1655440,0.7,878120,11280,4933320
FINNIFTY02JAN2421000PE.NFO,02/01/2024,09:20:19,0.7,0.65,1651800,0.7,874040,5880,4933320
FINNIFTY02JAN2421000PE.NFO,02/01/2024,09:20:20,0.7,0.65,1653400,0.7,869960,8160,4933320
FINNIFTY02JAN2421000PE.NFO,02/01/2024,09:20:21,0.7,0.65,1653360,0.7,858240,2560,4933320
FINNIFTY02JAN2421000PE.NFO,02/01/2024,09:20:22,0.65,0.65,1651480,0.7,853480,3840,4933320
FINNIFTY02JAN2421000PE.NFO,02/01/2024,09:20:23,0.7,0.65,1653480,0.7,846480,7880,4933320
FINNIFTY02JAN2421000PE.NFO,02/01/2024,09:20:24,0.7,0.65,1654040,0.7,849160,4000,4933320
FINNIFTY02JAN2421000PE.NFO,02/01/2024,09:20:25,0.7,0.65,1654760,0.7,841920,6280,4933320
FINNIFTY02JAN2421000PE.NFO,02/01/2024,09:20:26,0.7,0.65,1654920,0.7,839120,7000,4933320
FINNIFTY02JAN2421000PE.NFO,02/01/2024,09:20:27,0.7,0.65,1652800,0.7,836280,4640,5908800
FINNIFTY02JAN2421000PE.NFO,02/01/2024,09:20:28,0.7,0.65,1651840,0.7,840400,8760,5908800
FINNIFTY02JAN2421000PE.NFO,02/01/2024,09:20:29,0.7,0.65,1653520,0.7,832200,13680,5908800
FINNIFTY02JAN2421000PE.NFO,02/01/2024,09:20:30,0.65,0.65,1652240,0.7,830400,1600,5908800
FINNIFTY02JAN2421000PE.NFO,02/01/2024,09:20:31,0.7,0.65,1642880,0.7,797760,22000,5908800
FINNIFTY02JAN2421000PE.NFO,02/01/2024,09:20:32,0.7,0.65,1639080,0.7,784560,7800,5908800
FINNIFTY02JAN2421000PE.NFO,02/01/2024,09:20:33,0.65,0.65,1637280,0.7,778000,10800,5908800
FINNIFTY02JAN2421000PE.NFO,02/01/2024,09:20:35,0.65,0.65,1636960,0.7,775440,3280,5908800
FINNIFTY02JAN2421000PE.NFO,02/01/2024,09:20:36,0.7,0.65,1636800,0.7,773240,4200,5908800
FINNIFTY02JAN2421000PE.NFO,02/01/2024,09:20:36,0.7,0.65,1636840,0.7,773240,0,5908800
FINNIFTY02JAN2421000PE.NFO,02/01/2024,09:20:37,0.7,0.65,1635640,0.7,771200,2040,5908800
FINNIFTY02JAN2421000PE.NFO,02/01/2024,09:20:38,0.7,0.65,1632440,0.7,769320,3600,5908800
FINNIFTY02JAN2421000PE.NFO,02/01/2024,09:20:39,0.65,0.65,1630000,0.7,764320,3560,5908800
FINNIFTY02JAN2421000PE.NFO,02/01/2024,09:20:40,0.7,0.65,1629960,0.7,771960,360,5908800
FINNIFTY02JAN2421000PE.NFO,02/01/2024,09:20:42,0.7,0.65,1627080,0.7,766040,12800,5908800
FINNIFTY02JAN2421000PE.NFO,02/01/2024,09:20:42,0.7,0.65,1627760,0.7,766040,0,5908800
FINNIFTY02JAN2421000PE.NFO,02/01/2024,09:20:43,0.7,0.65,1626320,0.7,760000,6680,5908800
FINNIFTY02JAN2421000PE.NFO,02/01/2024,09:20:44,0.7,0.65,1622320,0.7,741360,9840,5908800
FINNIFTY02JAN2421000PE.NFO,02/01/2024,09:20:45,0.7,0.65,1618120,0.7,748360,9200,5908800
FINNIFTY02JAN2421000PE.NFO,02/01/2024,09:20:46,0.65,0.65,1617080,0.7,743880,5520,5908800
FINNIFTY02JAN2421000PE.NFO,02/01/2024,09:20:47,0.65,0.65,1609880,0.7,742040,11200,5908800
FINNIFTY02JAN2421000PE.NFO,02/01/2024,09:20:49,0.7,0.65,1609640,0.7,737800,3480,5908800
FINNIFTY02JAN2421000PE.NFO,02/01/2024,09:20:50,0.65,0.65,1609280,0.7,734200,5360,5908800
FINNIFTY02JAN2421000PE.NFO,02/01/2024,09:20:51,0.65,0.65,1607560,0.7,730200,3200,5908800
FINNIFTY02JAN2421000PE.NFO,02/01/2024,09:20:52,0.65,0.65,1603920,0.7,732160,1800,5908800
FINNIFTY02JAN2421000PE.NFO,02/01/2024,09:20:53,0.65,0.65,1600320,0.7,731680,4480,5908800
FINNIFTY02JAN2421000PE.NFO,02/01/2024,09:20:54,0.65,0.65,1593800,0.7,782360,9680,5908800
FINNIFTY02JAN2421000PE.NFO,02/01/2024,09:20:54,0.65,0.65,1590200,0.7,841320,1800,5908800
FINNIFTY02JAN2421000PE.NFO,02/01/2024,09:20:55,0.65,0.65,1563320,0.7,837680,27560,5908800
FINNIFTY02JAN2421000PE.NFO,02/01/2024,09:20:56,0.65,0.65,1564520,0.7,832520,8960,5908800
FINNIFTY02JAN2421000PE.NFO,02/01/2024,09:20:57,0.65,0.65,1561920,0.7,832160,2960,5908800
FINNIFTY02JAN2421000PE.NFO,02/01/2024,09:20:58,0.7,0.65,1561920,0.7,837360,200,5908800
FINNIFTY02JAN2421000PE.NFO,02/01/2024,09:20:59,0.7,0.65,1571280,0.7,834160,2440,5908800
FINNIFTY02JAN2421000PE.NFO,02/01/2024,09:21:01,0.7,0.65,1709160,0.7,862360,2120,5908800
FINNIFTY02JAN2421000PE.NFO,02/01/2024,09:21:02,0.7,0.65,1705240,0.7,859600,7440,5908800
FINNIFTY02JAN2421000PE.NFO,02/01/2024,09:21:03,0.7,0.65,1708880,0.7,857800,1800,5908800
FINNIFTY02JAN2421000PE.NFO,02/01/2024,09:21:04,0.7,0.65,1710640,0.7,849240,400,5908800
FINNIFTY02JAN2421000PE.NFO,02/01/2024,09:21:05,0.7,0.65,1710520,0.7,845560,4000,5908800
FINNIFTY02JAN2421000PE.NFO,02/01/2024,09:21:06,0.7,0.65,1709880,0.7,836400,7880,5908800
FINNIFTY02JAN2421000PE.NFO,02/01/2024,09:21:07,0.7,0.65,1706240,0.7,829200,12760,5908800
FINNIFTY02JAN2421000PE.NFO,02/01/2024,09:21:08,0.7,0.65,1706080,0.7,823360,5360,5908800
FINNIFTY02JAN2421000PE.NFO,02/01/2024,09:21:09,0.65,0.65,1705520,0.7,816480,8200,5908800
FINNIFTY02JAN2421000PE.NFO,02/01/2024,09:21:10,0.7,0.65,1705520,0.7,846920,2520,5908800
FINNIFTY02JAN2421000PE.NFO,02/01/2024,09:21:11,0.7,0.65,1707760,0.7,840880,560,5908800
FINNIFTY02JAN2421000PE.NFO,02/01/2024,09:21:12,0.7,0.65,1706800,0.7,819680,9640,5908800
FINNIFTY02JAN2421000PE.NFO,02/01/2024,09:21:13,0.7,0.65,1701560,0.7,835720,8200,5908800
FINNIFTY02JAN2421000PE.NFO,02/01/2024,09:21:14,0.7,0.65,1700800,0.7,838120,520,5908800
FINNIFTY02JAN2421000PE.NFO,02/01/2024,09:21:15,0.7,0.65,1701240,0.7,833600,4080,5908800
FINNIFTY02JAN2421000PE.NFO,02/01/2024,09:21:16,0.65,0.65,1692680,0.7,838520,2080,5908800
FINNIFTY02JAN2421000PE.NFO,02/01/2024,09:21:17,0.7,0.65,1703000,0.7,854640,1720,5908800
FINNIFTY02JAN2421000PE.NFO,02/01/2024,09:21:18,0.7,0.65,1702760,0.7,855720,1160,5908800
FINNIFTY02JAN2421000PE.NFO,02/01/2024,09:21:19,0.7,0.65,1701120,0.7,858080,3240,5908800
FINNIFTY02JAN2421000PE.NFO,02/01/2024,09:21:20,0.7,0.65,1702440,0.7,859000,3840,5908800
FINNIFTY02JAN2421000PE.NFO,02/01/2024,09:21:21,0.7,0.65,1694800,0.7,852120,12560,5908800
FINNIFTY02JAN2421000PE.NFO,02/01/2024,09:21:22,0.7,0.65,1695120,0.7,852200,1160,5908800
FINNIFTY02JAN2421000PE.NFO,02/01/2024,09:21:23,0.7,0.65,1842760,0.7,835480,4920,5908800
FINNIFTY02JAN2421000PE.NFO,02/01/2024,09:21:24,0.65,0.65,1844360,0.7,847480,3240,5908800
FINNIFTY02JAN2421000PE.NFO,02/01/2024,09:21:25,0.7,0.65,1842320,0.7,802320,22120,5908800
FINNIFTY02JAN2421000PE.NFO,02/01/2024,09:21:26,0.7,0.65,1874200,0.7,824240,2440,5908800
FINNIFTY02JAN2421000PE.NFO,02/01/2024,09:21:27,0.7,0.65,1875720,0.7,817640,1840,5908800
FINNIFTY02JAN2421000PE.NFO,02/01/2024,09:21:28,0.65,0.65,1867800,0.7,816640,9560,5908800
FINNIFTY02JAN2421000PE.NFO,02/01/2024,09:21:29,0.7,0.65,1869360,0.7,804120,12360,5908800
FINNIFTY02JAN2421000PE.NFO,02/01/2024,09:21:35,0.7,0.65,1867680,0.7,794560,17720,5908800
FINNIFTY02JAN2421000PE.NFO,02/01/2024,09:21:46,0.65,0.65,1834560,0.7,705560,81160,5908800
FINNIFTY02JAN2421000PE.NFO,02/01/2024,09:21:55,0.65,0.65,1806880,0.7,662120,108240,5908800
FINNIFTY02JAN2421000PE.NFO,02/01/2024,09:22:07,0.65,0.65,1938040,0.7,716520,86480,5908800
FINNIFTY02JAN2421000PE.NFO,02/01/2024,09:22:19,0.65,0.65,1941680,0.7,724640,56880,5908800
FINNIFTY02JAN2421000PE.NFO,02/01/2024,09:22:30,0.65,0.65,1904920,0.7,706960,78200,5908800
FINNIFTY02JAN2421000PE.NFO,02/01/2024,09:22:31,0.65,0.65,1902280,0.7,706160,3440,5908800
FINNIFTY02JAN2421000PE.NFO,02/01/2024,09:22:32,0.65,0.65,1901760,0.7,704920,1760,5908800
FINNIFTY02JAN2421000PE.NFO,02/01/2024,09:22:33,0.65,0.65,1898720,0.7,709800,4760,5908800
FINNIFTY02JAN2421000PE.NFO,02/01/2024,09:22:33,0.65,0.65,1897720,0.7,709800,1000,5908800
FINNIFTY02JAN2421000PE.NFO,02/01/2024,09:22:34,0.65,0.65,1895680,0.7,709360,2560,5908800
FINNIFTY02JAN2421000PE.NFO,02/01/2024,09:22:35,0.65,0.65,1892160,0.7,717080,2080,5908800
FINNIFTY02JAN2421000PE.NFO,02/01/2024,09:22:36,0.7,0.65,1891800,0.7,714240,11760,5908800
FINNIFTY02JAN2421000PE.NFO,02/01/2024,09:22:37,0.65,0.65,1887200,0.7,716880,6520,5908800
FINNIFTY02JAN2421000PE.NFO,02/01/2024,09:22:38,0.65,0.65,1888560,0.7,715240,2040,5908800
FINNIFTY02JAN2421000PE.NFO,02/01/2024,09:22:39,0.7,0.65,1887560,0.7,705200,11120,5908800
FINNIFTY02JAN2421000PE.NFO,02/01/2024,09:22:40,0.7,0.65,1880680,0.7,678520,11960,5908800
FINNIFTY02JAN2421000PE.NFO,02/01/2024,09:22:41,0.7,0.65,1880720,0.7,668200,8160,5908800
FINNIFTY02JAN2421000PE.NFO,02/01/2024,09:22:42,0.7,0.65,1929480,0.7,666040,7720,5908800
FINNIFTY02JAN2421000PE.NFO,02/01/2024,09:22:43,0.7,0.65,1929400,0.7,665680,440,5908800
FINNIFTY02JAN2421000PE.NFO,02/01/2024,09:22:44,0.65,0.65,1933920,0.7,663680,3440,5908800
FINNIFTY02JAN2421000PE.NFO,02/01/2024,09:22:45,0.7,0.65,1946480,0.7,659360,4360,5908800
FINNIFTY02JAN2421000PE.NFO,02/01/2024,09:22:46,0.7,0.65,1946440,0.7,637640,3680,5908800
FINNIFTY02JAN2421000PE.NFO,02/01/2024,09:22:47,0.7,0.65,1946280,0.7,612080,10880,5908800
FINNIFTY02JAN2421000PE.NFO,02/01/2024,09:22:48,0.7,0.65,1945800,0.7,625920,600,5908800
FINNIFTY02JAN2421000PE.NFO,02/01/2024,09:22:49,0.7,0.65,1945480,0.7,625480,4080,5908800
FINNIFTY02JAN2421000PE.NFO,02/01/2024,09:22:50,0.65,0.65,1941520,0.7,622840,7800,5908800
FINNIFTY02JAN2421000PE.NFO,02/01/2024,09:22:51,0.7,0.65,1939520,0.7,622520,440,5908800
FINNIFTY02JAN2421000PE.NFO,02/01/2024,09:22:52,0.7,0.65,1940760,0.7,620440,2640,5908800
FINNIFTY02JAN2421000PE.NFO,02/01/2024,09:22:53,0.65,0.65,1940160,0.7,619840,1480,5908800
FINNIFTY02JAN2421000PE.NFO,02/01/2024,09:22:54,0.7,0.65,1942400,0.7,618800,1520,5908800
FINNIFTY02JAN2421000PE.NFO,02/01/2024,09:22:55,0.7,0.65,1940760,0.7,620440,1160,5908800
FINNIFTY02JAN2421000PE.NFO,02/01/2024,09:22:56,0.7,0.65,1937480,0.7,631160,3120,5908800
FINNIFTY02JAN2421000PE.NFO,02/01/2024,09:22:57,0.7,0.65,1933320,0.7,629240,4040,5908800
FINNIFTY02JAN2421000PE.NFO,02/01/2024,09:22:58,0.65,0.65,1933280,0.7,623280,5640,5908800
FINNIFTY02JAN2421000PE.NFO,02/01/2024,09:22:59,0.7,0.65,1934560,0.7,602440,2280,5908800
FINNIFTY02JAN2421000PE.NFO,02/01/2024,09:23:00,0.7,0.65,1923480,0.7,613800,8800,5908800
FINNIFTY02JAN2421000PE.NFO,02/01/2024,09:23:01,0.7,0.65,1923640,0.7,580560,9400,5908800
FINNIFTY02JAN2421000PE.NFO,02/01/2024,09:23:02,0.7,0.65,1923200,0.7,574760,5480,5908800
FINNIFTY02JAN2421000PE.NFO,02/01/2024,09:23:03,0.65,0.65,1912520,0.7,591800,17320,5908800
FINNIFTY02JAN2421000PE.NFO,02/01/2024,09:23:04,0.7,0.65,1909880,0.7,582440,800,5908800
FINNIFTY02JAN2421000PE.NFO,02/01/2024,09:23:05,0.65,0.65,1898360,0.7,608360,8000,5908800
FINNIFTY02JAN2421000PE.NFO,02/01/2024,09:23:06,0.7,0.65,1904480,0.7,607360,840,5908800
FINNIFTY02JAN2421000PE.NFO,02/01/2024,09:23:07,0.65,0.65,1900760,0.7,606920,1720,5908800
FINNIFTY02JAN2421000PE.NFO,02/01/2024,09:23:08,0.65,0.65,1901960,0.7,604960,600,5908800
FINNIFTY02JAN2421000PE.NFO,02/01/2024,09:23:09,0.7,0.65,1907240,0.7,607360,1440,5908800
FINNIFTY02JAN2421000PE.NFO,02/01/2024,09:23:10,0.7,0.65,1914080,0.7,603200,9520,5908800
FINNIFTY02JAN2421000PE.NFO,02/01/2024,09:23:11,0.65,0.65,1933800,0.7,601760,1520,5908800
FINNIFTY02JAN2421000PE.NFO,02/01/2024,09:23:12,0.65,0.65,1933680,0.7,597720,4160,5908800
FINNIFTY02JAN2421000PE.NFO,02/01/2024,09:23:13,0.65,0.65,1933400,0.7,596440,3360,5908800
FINNIFTY02JAN2421000PE.NFO,02/01/2024,09:23:14,0.65,0.65,1929480,0.7,569800,20800,5908800
FINNIFTY02JAN2421000PE.NFO,02/01/2024,09:23:15,0.7,0.65,1972920,0.7,576400,8120,5908800
FINNIFTY02JAN2421000PE.NFO,02/01/2024,09:23:16,0.7,0.65,1972920,0.7,577800,480,5908800
FINNIFTY02JAN2421000PE.NFO,02/01/2024,09:23:17,0.65,0.65,1972120,0.7,530040,16720,5908800
FINNIFTY02JAN2421000PE.NFO,02/01/2024,09:23:18,0.7,0.65,1965440,0.7,517200,2160,5908800
FINNIFTY02JAN2421000PE.NFO,02/01/2024,09:23:19,0.7,0.65,1965400,0.7,509800,4600,5908800
FINNIFTY02JAN2421000PE.NFO,02/01/2024,09:23:20,0.65,0.65,1965040,0.7,546560,360,5908800
FINNIFTY02JAN2421000PE.NFO,02/01/2024,09:23:21,0.7,0.65,1965000,0.7,533440,960,5908800
FINNIFTY02JAN2421000PE.NFO,02/01/2024,09:23:22,0.7,0.65,1963240,0.7,511840,7600,5908800
FINNIFTY02JAN2421000PE.NFO,02/01/2024,09:23:23,0.7,0.65,1963280,0.7,506480,1520,5908800
FINNIFTY02JAN2421000PE.NFO,02/01/2024,09:23:24,0.7,0.65,1963080,0.7,498680,2560,5908800
FINNIFTY02JAN2421000PE.NFO,02/01/2024,09:23:25,0.65,0.65,1962720,0.7,537560,1160,5908800
FINNIFTY02JAN2421000PE.NFO,02/01/2024,09:23:26,0.7,0.65,1952000,0.7,548440,15440,5908800
FINNIFTY02JAN2421000PE.NFO,02/01/2024,09:23:27,0.7,0.65,1947160,0.7,549760,4480,6177640
FINNIFTY02JAN2421000PE.NFO,02/01/2024,09:23:28,0.7,0.65,1946000,0.7,529400,6400,6177640
FINNIFTY02JAN2421000PE.NFO,02/01/2024,09:23:29,0.7,0.65,1945000,0.7,511000,2640,6177640
FINNIFTY02JAN2421000PE.NFO,02/01/2024,09:23:30,0.65,0.65,1946320,0.7,509880,280,6177640
FINNIFTY02JAN2421000PE.NFO,02/01/2024,09:23:31,0.7,0.65,1946720,0.7,541800,400,6177640
FINNIFTY02JAN2421000PE.NFO,02/01/2024,09:23:32,0.7,0.65,1945360,0.7,544400,2240,6177640
FINNIFTY02JAN2421000PE.NFO,02/01/2024,09:23:33,0.65,0.65,1943120,0.7,542760,1280,6177640
FINNIFTY02JAN2421000PE.NFO,02/01/2024,09:23:34,0.65,0.65,1943760,0.7,541120,680,6177640
FINNIFTY02JAN2421000PE.NFO,02/01/2024,09:23:35,0.7,0.65,1943560,0.7,531200,800,6177640
FINNIFTY02JAN2421000PE.NFO,02/01/2024,09:23:36,0.7,0.65,1942880,0.7,471080,9960,6177640
FINNIFTY02JAN2421000PE.NFO,02/01/2024,09:23:37,0.7,0.65,1942960,0.7,506480,2760,6177640
FINNIFTY02JAN2421000PE.NFO,02/01/2024,09:23:39,0.65,0.65,1938840,0.7,502920,6720,6177640
FINNIFTY02JAN2421000PE.NFO,02/01/2024,09:23:40,0.65,0.65,1929520,0.7,515360,8800,6177640
FINNIFTY02JAN2421000PE.NFO,02/01/2024,09:23:41,0.65,0.65,1923200,0.7,509520,13680,6177640
FINNIFTY02JAN2421000PE.NFO,02/01/2024,09:23:42,0.7,0.65,1923200,0.7,477600,5000,6177640
FINNIFTY02JAN2421000PE.NFO,02/01/2024,09:23:43,0.7,0.7,100280,0.75,307280,391200,6177640
FINNIFTY02JAN2421000PE.NFO,02/01/2024,09:23:44,0.75,0.7,129480,0.75,321320,1480,6177640
FINNIFTY02JAN2421000PE.NFO,02/01/2024,09:23:44,0.7,0.65,1750440,0.7,741680,115280,6177640
FINNIFTY02JAN2421000PE.NFO,02/01/2024,09:23:46,0.65,0.65,1795600,0.7,755520,38320,6177640
FINNIFTY02JAN2421000PE.NFO,02/01/2024,09:23:47,0.7,0.65,1796840,0.7,766600,1760,6177640
FINNIFTY02JAN2421000PE.NFO,02/01/2024,09:23:47,0.7,0.65,1796840,0.7,781400,0,6177640
FINNIFTY02JAN2421000PE.NFO,02/01/2024,09:23:48,0.7,0.65,1801240,0.7,777880,2320,6177640
FINNIFTY02JAN2421000PE.NFO,02/01/2024,09:23:49,0.7,0.65,1799960,0.7,810920,1920,6177640
FINNIFTY02JAN2421000PE.NFO,02/01/2024,09:23:51,0.7,0.65,1768080,0.7,808320,6800,6177640
FINNIFTY02JAN2421000PE.NFO,02/01/2024,09:23:52,0.7,0.65,1770480,0.7,808040,7440,6177640
FINNIFTY02JAN2421000PE.NFO,02/01/2024,09:23:53,0.7,0.65,1766680,0.7,809120,13320,6177640
FINNIFTY02JAN2421000PE.NFO,02/01/2024,09:23:53,0.7,0.65,2366560,0.7,761040,10880,6177640
FINNIFTY02JAN2421000PE.NFO,02/01/2024,09:23:54,0.7,0.65,2360880,0.7,806000,9760,6177640
FINNIFTY02JAN2421000PE.NFO,02/01/2024,09:23:55,0.65,0.65,2348440,0.7,810520,12760,6177640
FINNIFTY02JAN2421000PE.NFO,02/01/2024,09:23:56,0.7,0.65,2342000,0.7,812440,11840,6177640
FINNIFTY02JAN2421000PE.NFO,02/01/2024,09:23:57,0.7,0.65,2341560,0.7,833920,4400,6177640
FINNIFTY02JAN2421000PE.NFO,02/01/2024,09:23:58,0.7,0.65,2342720,0.7,832000,8240,6177640
FINNIFTY02JAN2421000PE.NFO,02/01/2024,09:23:59,0.7,0.65,2343600,0.7,806280,3000,6177640
FINNIFTY02JAN2421000PE.NFO,02/01/2024,09:24:00,0.7,0.65,2345680,0.7,816240,8080,6177640
FINNIFTY02JAN2421000PE.NFO,02/01/2024,09:24:01,0.7,0.65,2347400,0.7,797800,12480,6177640
FINNIFTY02JAN2421000PE.NFO,02/01/2024,09:24:02,0.7,0.65,2349640,0.7,803960,3040,6177640
FINNIFTY02JAN2421000PE.NFO,02/01/2024,09:24:04,0.7,0.65,2350440,0.7,835080,1960,6177640
FINNIFTY02JAN2421000PE.NFO,02/01/2024,09:24:05,0.65,0.65,2351720,0.7,844640,3360,6177640
FINNIFTY02JAN2421000PE.NFO,02/01/2024,09:24:06,0.7,0.65,2354600,0.7,834680,2400,6177640
FINNIFTY02JAN2421000PE.NFO,02/01/2024,09:24:07,0.7,0.65,2358200,0.7,815400,1800,6177640
FINNIFTY02JAN2421000PE.NFO,02/01/2024,09:24:07,0.7,0.65,2361800,0.7,815280,80,6177640
FINNIFTY02JAN2421000PE.NFO,02/01/2024,09:24:09,0.7,0.65,2388240,0.7,815520,8440,6177640
FINNIFTY02JAN2421000PE.NFO,02/01/2024,09:24:10,0.7,0.65,2395000,0.7,843520,14680,6177640
FINNIFTY02JAN2421000PE.NFO,02/01/2024,09:24:10,0.7,0.65,2395640,0.7,843680,120,6177640
FINNIFTY02JAN2421000PE.NFO,02/01/2024,09:24:11,0.7,0.65,2388360,0.7,839240,14520,6177640
FINNIFTY02JAN2421000PE.NFO,02/01/2024,09:24:12,0.65,0.65,2379760,0.7,841040,10640,6177640
FINNIFTY02JAN2421000PE.NFO,02/01/2024,09:24:14,0.7,0.65,2359560,0.7,867440,21880,6177640
FINNIFTY02JAN2421000PE.NFO,02/01/2024,09:24:15,0.7,0.65,2353440,0.7,892360,8720,6177640
FINNIFTY02JAN2421000PE.NFO,02/01/2024,09:24:16,0.7,0.65,2351320,0.7,842960,45880,6177640
FINNIFTY02JAN2421000PE.NFO,02/01/2024,09:24:17,0.7,0.65,2351360,0.7,843960,1640,6177640
FINNIFTY02JAN2421000PE.NFO,02/01/2024,09:24:17,0.7,0.65,2351400,0.7,849520,320,6177640
FINNIFTY02JAN2421000PE.NFO,02/01/2024,09:24:19,0.7,0.65,2353600,0.7,824400,14960,6177640
FINNIFTY02JAN2421000PE.NFO,02/01/2024,09:24:20,0.7,0.65,2352760,0.7,822400,2200,6177640
FINNIFTY02JAN2421000PE.NFO,02/01/2024,09:24:21,0.7,0.65,2352640,0.7,824720,880,6177640
FINNIFTY02JAN2421000PE.NFO,02/01/2024,09:24:22,0.7,0.65,2351400,0.7,825000,4160,6177640
FINNIFTY02JAN2421000PE.NFO,02/01/2024,09:24:23,0.7,0.65,2351400,0.7,835040,120,6177640
FINNIFTY02JAN2421000PE.NFO,02/01/2024,09:24:24,0.7,0.65,2351360,0.7,825040,280,6177640
FINNIFTY02JAN2421000PE.NFO,02/01/2024,09:24:25,0.7,0.65,2351120,0.7,825200,480,6177640
FINNIFTY02JAN2421000PE.NFO,02/01/2024,09:24:26,0.7,0.65,2351080,0.7,825120,680,6177640
FINNIFTY02JAN2421000PE.NFO,02/01/2024,09:24:27,0.7,0.65,2349240,0.7,836040,1920,6177640
FINNIFTY02JAN2421000PE.NFO,02/01/2024,09:24:27,0.7,0.65,2349280,0.7,823920,2880,6177640
FINNIFTY02JAN2421000PE.NFO,02/01/2024,09:24:28,0.65,0.65,2348600,0.7,836600,840,6177640
FINNIFTY02JAN2421000PE.NFO,02/01/2024,09:24:29,0.7,0.65,2348240,0.7,837160,1840,6177640
FINNIFTY02JAN2421000PE.NFO,02/01/2024,09:24:30,0.7,0.65,2345200,0.7,795720,38160,6177640
FINNIFTY02JAN2421000PE.NFO,02/01/2024,09:24:31,0.7,0.65,2342920,0.7,801480,3800,6177640
FINNIFTY02JAN2421000PE.NFO,02/01/2024,09:24:32,0.7,0.65,2341720,0.7,800320,1200,6177640
FINNIFTY02JAN2421000PE.NFO,02/01/2024,09:24:34,0.65,0.65,2340440,0.7,795560,6520,6177640
FINNIFTY02JAN2421000PE.NFO,02/01/2024,09:24:35,0.65,0.65,2340040,0.7,793640,2320,6177640
FINNIFTY02JAN2421000PE.NFO,02/01/2024,09:24:36,0.7,0.65,2340040,0.7,761520,6400,6177640
FINNIFTY02JAN2421000PE.NFO,02/01/2024,09:24:37,0.7,0.65,2340040,0.7,755240,1920,6177640
FINNIFTY02JAN2421000PE.NFO,02/01/2024,09:24:37,0.7,0.65,2340840,0.7,755720,40,6177640
FINNIFTY02JAN2421000PE.NFO,02/01/2024,09:24:38,0.7,0.65,2342600,0.7,737080,6560,6177640
FINNIFTY02JAN2421000PE.NFO,02/01/2024,09:24:40,0.7,0.65,2345520,0.7,739000,1080,6177640
FINNIFTY02JAN2421000PE.NFO,02/01/2024,09:24:41,0.65,0.65,1995880,0.7,770320,302560,6177640
FINNIFTY02JAN2421000PE.NFO,02/01/2024,09:24:42,0.7,0.65,1882480,0.7,742880,168520,6177640
FINNIFTY02JAN2421000PE.NFO,02/01/2024,09:24:42,0.7,0.65,1882480,0.7,742680,200,6177640
FINNIFTY02JAN2421000PE.NFO,02/01/2024,09:24:43,0.7,0.65,1935600,0.7,722680,1720,6177640
FINNIFTY02JAN2421000PE.NFO,02/01/2024,09:24:44,0.7,0.65,1933480,0.7,738240,4240,6177640
FINNIFTY02JAN2421000PE.NFO,02/01/2024,09:24:46,0.65,0.65,1932760,0.7,726720,5680,6177640
FINNIFTY02JAN2421000PE.NFO,02/01/2024,09:24:47,0.7,0.65,1932160,0.7,711320,2560,6177640
FINNIFTY02JAN2421000PE.NFO,02/01/2024,09:24:48,0.7,0.65,1932200,0.7,710080,2160,6177640
FINNIFTY02JAN2421000PE.NFO,02/01/2024,09:24:49,0.7,0.65,1928200,0.7,691960,8280,6177640
FINNIFTY02JAN2421000PE.NFO,02/01/2024,09:24:49,0.7,0.65,1928200,0.7,690320,1640,6177640
FINNIFTY02JAN2421000PE.NFO,02/01/2024,09:24:50,0.7,0.65,1660040,0.7,716320,231440,6177640
FINNIFTY02JAN2421000PE.NFO,02/01/2024,09:24:52,0.65,0.65,1713240,0.7,714120,3720,6177640
FINNIFTY02JAN2421000PE.NFO,02/01/2024,09:24:53,0.7,0.65,2103480,0.7,678000,24440,6177640
FINNIFTY02JAN2421000PE.NFO,02/01/2024,09:24:54,0.7,0.65,2105360,0.7,690240,5640,6177640
FINNIFTY02JAN2421000PE.NFO,02/01/2024,09:24:55,0.7,0.65,2105600,0.7,659520,2920,6177640
FINNIFTY02JAN2421000PE.NFO,02/01/2024,09:24:55,0.7,0.65,2105600,0.7,657520,200,6177640
FINNIFTY02JAN2421000PE.NFO,02/01/2024,09:24:56,0.7,0.65,2106760,0.7,651880,5600,6177640
FINNIFTY02JAN2421000PE.NFO,02/01/2024,09:24:57,0.7,0.65,2106760,0.7,718480,2840,6177640
FINNIFTY02JAN2421000PE.NFO,02/01/2024,09:24:59,0.65,0.65,2099160,0.7,738160,13920,6177640
FINNIFTY02JAN2421000PE.NFO,02/01/2024,09:25:00,0.7,0.65,2300560,0.7,708600,3040,6177640
FINNIFTY02JAN2421000PE.NFO,02/01/2024,09:25:01,0.7,0.65,2499000,0.7,701920,9960,6177640
FINNIFTY02JAN2421000PE.NFO,02/01/2024,09:25:01,0.7,0.65,2499000,0.7,701440,680,6177640
FINNIFTY02JAN2421000PE.NFO,02/01/2024,09:25:02,0.65,0.65,2700120,0.7,716120,4440,6177640
FINNIFTY02JAN2421000PE.NFO,02/01/2024,09:25:03,0.7,0.65,2701000,0.7,715280,720,6177640
FINNIFTY02JAN2421000PE.NFO,02/01/2024,09:25:04,0.7,0.65,2699000,0.7,743400,2400,6177640
FINNIFTY02JAN2421000PE.NFO,02/01/2024,09:25:05,0.7,0.65,2695040,0.7,742080,5440,6177640
FINNIFTY02JAN2421000PE.NFO,02/01/2024,09:25:06,0.7,0.65,2694640,0.7,706840,12320,6177640
FINNIFTY02JAN2421000PE.NFO,02/01/2024,09:25:07,0.7,0.65,2685760,0.7,701520,13680,6177640
FINNIFTY02JAN2421000PE.NFO,02/01/2024,09:25:09,0.65,0.65,2683560,0.7,713200,2280,6177640
FINNIFTY02JAN2421000PE.NFO,02/01/2024,09:25:10,0.7,0.65,2683600,0.7,704920,120,6177640
FINNIFTY02JAN2421000PE.NFO,02/01/2024,09:25:11,0.7,0.65,2683400,0.7,681000,1400,6177640
FINNIFTY02JAN2421000PE.NFO,02/01/2024,09:25:12,0.65,0.65,2682800,0.7,712600,3160,6177640
FINNIFTY02JAN2421000PE.NFO,02/01/2024,09:25:13,0.65,0.65,2681920,0.7,709160,2560,6177640
FINNIFTY02JAN2421000PE.NFO,02/01/2024,09:25:14,0.65,0.65,2680360,0.7,708640,2880,6177640
FINNIFTY02JAN2421000PE.NFO,02/01/2024,09:25:15,0.7,0.65,2680920,0.7,703040,1560,6177640
FINNIFTY02JAN2421000PE.NFO,02/01/2024,09:25:16,0.7,0.65,2680560,0.7,698600,3120,6177640
FINNIFTY02JAN2421000PE.NFO,02/01/2024,09:25:16,0.7,0.65,2680640,0.7,697280,1360,6177640
FINNIFTY02JAN2421000PE.NFO,02/01/2024,09:25:17,0.65,0.65,2680760,0.7,691680,1840,6177640
FINNIFTY02JAN2421000PE.NFO,02/01/2024,09:25:18,0.7,0.65,2676080,0.7,697080,5920,6177640
FINNIFTY02JAN2421000PE.NFO,02/01/2024,09:25:19,0.65,0.65,2675840,0.7,680640,12720,6177640
FINNIFTY02JAN2421000PE.NFO,02/01/2024,09:25:20,0.7,0.65,2675800,0.7,678640,2440,6177640
FINNIFTY02JAN2421000PE.NFO,02/01/2024,09:25:21,0.65,0.65,2674800,0.7,682000,1400,6177640
FINNIFTY02JAN2421000PE.NFO,02/01/2024,09:25:22,0.7,0.65,2670240,0.7,686360,880,6177640
FINNIFTY02JAN2421000PE.NFO,02/01/2024,09:25:24,0.7,0.65,2672720,0.7,675000,160,6177640
FINNIFTY02JAN2421000PE.NFO,02/01/2024,09:25:24,0.7,0.65,2672680,0.7,672720,360,6177640
FINNIFTY02JAN2421000PE.NFO,02/01/2024,09:25:26,0.65,0.65,2644880,0.7,694040,27920,6177640
FINNIFTY02JAN2421000PE.NFO,02/01/2024,09:25:26,0.7,0.65,2644280,0.7,680600,2240,6177640
FINNIFTY02JAN2421000PE.NFO,02/01/2024,09:25:27,0.7,0.65,2644160,0.7,722880,160,6177640
FINNIFTY02JAN2421000PE.NFO,02/01/2024,09:25:28,0.7,0.65,2643720,0.7,710320,5640,6177640
FINNIFTY02JAN2421000PE.NFO,02/01/2024,09:25:29,0.7,0.65,2642320,0.7,722800,1720,6177640
FINNIFTY02JAN2421000PE.NFO,02/01/2024,09:25:30,0.7,0.65,2642280,0.7,721160,1880,6177640
FINNIFTY02JAN2421000PE.NFO,02/01/2024,09:25:31,0.65,0.65,2638240,0.7,721160,6080,6177640
FINNIFTY02JAN2421000PE.NFO,02/01/2024,09:25:32,0.7,0.65,2631960,0.7,726840,8800,6177640
FINNIFTY02JAN2421000PE.NFO,02/01/2024,09:25:33,0.7,0.65,2631600,0.7,720880,480,6177640
FINNIFTY02JAN2421000PE.NFO,02/01/2024,09:25:34,0.7,0.65,2630040,0.7,737680,1320,6177640
FINNIFTY02JAN2421000PE.NFO,02/01/2024,09:25:35,0.65,0.65,2631200,0.7,748160,1080,6177640
FINNIFTY02JAN2421000PE.NFO,02/01/2024,09:25:37,0.65,0.65,2624560,0.7,747240,7760,6177640
FINNIFTY02JAN2421000PE.NFO,02/01/2024,09:25:38,0.7,0.65,2617880,0.7,751440,7400,6177640
FINNIFTY02JAN2421000PE.NFO,02/01/2024,09:25:39,0.65,0.65,2614160,0.7,749200,5440,6177640
FINNIFTY02JAN2421000PE.NFO,02/01/2024,09:25:40,0.7,0.65,2632840,0.7,745000,4080,6177640
FINNIFTY02JAN2421000PE.NFO,02/01/2024,09:25:41,0.7,0.65,2632800,0.7,713080,1120,6177640
FINNIFTY02JAN2421000PE.NFO,02/01/2024,09:25:42,0.7,0.65,2632720,0.7,742560,3280,6177640
FINNIFTY02JAN2421000PE.NFO,02/01/2024,09:25:43,0.7,0.65,2624360,0.7,742600,9760,6177640
FINNIFTY02JAN2421000PE.NFO,02/01/2024,09:25:44,0.7,0.65,2623960,0.7,742560,640,6177640
FINNIFTY02JAN2421000PE.NFO,02/01/2024,09:25:45,0.7,0.65,2623840,0.7,713600,9480,6177640
FINNIFTY02JAN2421000PE.NFO,02/01/2024,09:25:46,0.65,0.65,2622520,0.7,737640,3320,6177640
FINNIFTY02JAN2421000PE.NFO,02/01/2024,09:25:47,0.7,0.65,2623320,0.7,742520,560,6177640
FINNIFTY02JAN2421000PE.NFO,02/01/2024,09:25:48,0.7,0.65,2623160,0.7,746600,240,6177640
FINNIFTY02JAN2421000PE.NFO,02/01/2024,09:25:49,0.65,0.65,2618120,0.7,739600,5360,6177640
FINNIFTY02JAN2421000PE.NFO,02/01/2024,09:25:50,0.7,0.65,2617640,0.7,778600,960,6177640
FINNIFTY02JAN2421000PE.NFO,02/01/2024,09:25:51,0.7,0.65,2617120,0.7,772280,7400,6177640
FINNIFTY02JAN2421000PE.NFO,02/01/2024,09:25:52,0.7,0.65,2615800,0.7,763560,10040,6177640
FINNIFTY02JAN2421000PE.NFO,02/01/2024,09:25:53,0.65,0.65,2615280,0.7,763560,3800,6177640
FINNIFTY02JAN2421000PE.NFO,02/01/2024,09:25:54,0.7,0.65,2612200,0.7,724080,9480,6177640
FINNIFTY02JAN2421000PE.NFO,02/01/2024,09:25:55,0.65,0.65,2610600,0.7,752800,1600,6177640
FINNIFTY02JAN2421000PE.NFO,02/01/2024,09:25:56,0.7,0.65,2610640,0.7,744240,560,6177640
FINNIFTY02JAN2421000PE.NFO,02/01/2024,09:25:57,0.7,0.65,2609600,0.7,740720,3800,6177640
FINNIFTY02JAN2421000PE.NFO,02/01/2024,09:25:58,0.65,0.65,2599960,0.7,752720,10680,6177640
FINNIFTY02JAN2421000PE.NFO,02/01/2024,09:25:59,0.7,0.65,2594040,0.7,765600,7600,6177640
FINNIFTY02JAN2421000PE.NFO,02/01/2024,09:26:00,0.7,0.65,2592040,0.7,822920,3080,6177640
FINNIFTY02JAN2421000PE.NFO,02/01/2024,09:26:01,0.7,0.65,2593880,0.7,787800,9120,6177640
FINNIFTY02JAN2421000PE.NFO,02/01/2024,09:26:02,0.7,0.65,2593800,0.7,817720,1640,6177640
FINNIFTY02JAN2421000PE.NFO,02/01/2024,09:26:03,0.7,0.65,2592320,0.7,815000,2840,6177640
FINNIFTY02JAN2421000PE.NFO,02/01/2024,09:26:04,0.7,0.65,2592920,0.7,813520,11440,6177640
FINNIFTY02JAN2421000PE.NFO,02/01/2024,09:26:05,0.7,0.65,2591120,0.7,786880,1080,6177640
FINNIFTY02JAN2421000PE.NFO,02/01/2024,09:26:05,0.65,0.65,2591080,0.7,811560,960,6177640
FINNIFTY02JAN2421000PE.NFO,02/01/2024,09:26:06,0.65,0.65,2590200,0.7,814520,960,6177640
FINNIFTY02JAN2421000PE.NFO,02/01/2024,09:26:07,0.7,0.65,2591960,0.7,807680,3520,6177640
FINNIFTY02JAN2421000PE.NFO,02/01/2024,09:26:08,0.7,0.65,2590520,0.7,778920,3120,6177640
FINNIFTY02JAN2421000PE.NFO,02/01/2024,09:26:09,0.7,0.65,2592120,0.7,771800,4400,6177640
FINNIFTY02JAN2421000PE.NFO,02/01/2024,09:26:10,0.7,0.65,2592040,0.7,781920,2200,6177640
FINNIFTY02JAN2421000PE.NFO,02/01/2024,09:26:11,0.65,0.65,2590160,0.7,796960,3160,6177640
FINNIFTY02JAN2421000PE.NFO,02/01/2024,09:26:12,0.65,0.65,2636280,0.7,799280,2960,6177640
FINNIFTY02JAN2421000PE.NFO,02/01/2024,09:26:13,0.7,0.65,2632280,0.7,798800,8120,6177640
FINNIFTY02JAN2421000PE.NFO,02/01/2024,09:26:14,0.65,0.65,2629320,0.7,799520,6480,6177640
FINNIFTY02JAN2421000PE.NFO,02/01/2024,09:26:15,0.7,0.65,2624960,0.7,790960,11360,6177640
FINNIFTY02JAN2421000PE.NFO,02/01/2024,09:26:16,0.65,0.65,2615880,0.7,729840,68920,6177640
FINNIFTY02JAN2421000PE.NFO,02/01/2024,09:26:17,0.65,0.65,2605320,0.7,660960,20560,6177640
FINNIFTY02JAN2421000PE.NFO,02/01/2024,09:26:18,0.7,0.65,2619960,0.7,658400,2880,6177640
FINNIFTY02JAN2421000PE.NFO,02/01/2024,09:26:20,0.7,0.65,2619440,0.7,623880,1120,6177640
FINNIFTY02JAN2421000PE.NFO,02/01/2024,09:26:21,0.65,0.65,2618840,0.7,608320,22200,6177640
FINNIFTY02JAN2421000PE.NFO,02/01/2024,09:26:22,0.7,0.65,2619280,0.7,528960,58240,6177640
FINNIFTY02JAN2421000PE.NFO,02/01/2024,09:26:23,0.7,0.65,2619760,0.7,548200,6040,6177640
FINNIFTY02JAN2421000PE.NFO,02/01/2024,09:26:24,0.65,0.65,2619320,0.7,555720,7680,6177640
FINNIFTY02JAN2421000PE.NFO,02/01/2024,09:26:25,0.7,0.65,2626400,0.7,530240,8800,6177640
FINNIFTY02JAN2421000PE.NFO,02/01/2024,09:26:26,0.7,0.65,2627440,0.7,499560,31320,6177640
FINNIFTY02JAN2421000PE.NFO,02/01/2024,09:26:27,0.7,0.65,2628160,0.7,485480,4400,6177640
FINNIFTY02JAN2421000PE.NFO,02/01/2024,09:26:28,0.7,0.65,2626920,0.7,454080,5240,6543000
FINNIFTY02JAN2421000PE.NFO,02/01/2024,09:26:29,0.7,0.65,2625960,0.7,515120,2480,6543000
FINNIFTY02JAN2421000PE.NFO,02/01/2024,09:26:30,0.7,0.65,2626880,0.7,463160,20440,6543000
FINNIFTY02JAN2421000PE.NFO,02/01/2024,09:26:31,0.7,0.65,2626520,0.7,418720,20560,6543000
FINNIFTY02JAN2421000PE.NFO,02/01/2024,09:26:32,0.7,0.65,2547040,0.7,179080,194560,6543000
FINNIFTY02JAN2421000PE.NFO,02/01/2024,09:26:33,0.7,0.65,2542480,0.7,117120,62360,6543000
FINNIFTY02JAN2421000PE.NFO,02/01/2024,09:26:34,0.7,0.65,2538520,0.7,406200,272520,6543000
FINNIFTY02JAN2421000PE.NFO,02/01/2024,09:26:35,0.7,0.65,2548560,0.7,726600,32880,6543000
FINNIFTY02JAN2421000PE.NFO,02/01/2024,09:26:36,0.7,0.65,2605080,0.7,714000,1440,6543000
FINNIFTY02JAN2421000PE.NFO,02/01/2024,09:26:37,0.7,0.65,2647160,0.7,718400,4520,6543000
FINNIFTY02JAN2421000PE.NFO,02/01/2024,09:26:38,0.7,0.65,2651800,0.7,745000,7640,6543000
FINNIFTY02JAN2421000PE.NFO,02/01/2024,09:26:39,0.7,0.65,2650760,0.7,776600,8440,6543000
FINNIFTY02JAN2421000PE.NFO,02/01/2024,09:26:40,0.65,0.65,2628920,0.7,782760,24160,6543000
FINNIFTY02JAN2421000PE.NFO,02/01/2024,09:26:41,0.7,0.65,2640280,0.7,746200,44640,6543000
FINNIFTY02JAN2421000PE.NFO,02/01/2024,09:26:42,0.7,0.65,2637000,0.7,746440,10200,6543000
FINNIFTY02JAN2421000PE.NFO,02/01/2024,09:26:43,0.7,0.65,2630000,0.7,770240,12720,6543000
FINNIFTY02JAN2421000PE.NFO,02/01/2024,09:26:44,0.7,0.65,2626480,0.7,758320,8960,6543000
FINNIFTY02JAN2421000PE.NFO,02/01/2024,09:26:45,0.7,0.65,2625200,0.7,766320,10440,6543000
FINNIFTY02JAN2421000PE.NFO,02/01/2024,09:26:46,0.7,0.65,2625640,0.7,771480,17960,6543000
FINNIFTY02JAN2421000PE.NFO,02/01/2024,09:26:47,0.7,0.65,2620240,0.7,794880,14400,6543000
FINNIFTY02JAN2421000PE.NFO,02/01/2024,09:26:48,0.7,0.65,2616240,0.7,755920,7720,6543000
FINNIFTY02JAN2421000PE.NFO,02/01/2024,09:26:49,0.65,0.65,2597000,0.7,700240,72080,6543000
FINNIFTY02JAN2421000PE.NFO,02/01/2024,09:26:50,0.65,0.65,2588680,0.7,677080,33720,6543000
FINNIFTY02JAN2421000PE.NFO,02/01/2024,09:26:51,0.7,0.65,2587600,0.7,859880,11440,6543000
FINNIFTY02JAN2421000PE.NFO,02/01/2024,09:26:52,0.7,0.65,2585800,0.7,871840,9920,6543000
FINNIFTY02JAN2421000PE.NFO,02/01/2024,09:26:53,0.7,0.65,2580920,0.7,858080,13160,6543000
FINNIFTY02JAN2421000PE.NFO,02/01/2024,09:26:54,0.65,0.65,2578840,0.7,868400,2560,6543000
FINNIFTY02JAN2421000PE.NFO,02/01/2024,09:26:55,0.7,0.65,2576840,0.7,867360,2840,6543000
FINNIFTY02JAN2421000PE.NFO,02/01/2024,09:26:56,0.65,0.65,2570480,0.7,869280,5840,6543000
FINNIFTY02JAN2421000PE.NFO,02/01/2024,09:26:57,0.65,0.65,2563680,0.7,868480,7880,6543000
FINNIFTY02JAN2421000PE.NFO,02/01/2024,09:26:58,0.65,0.65,2581480,0.7,873080,3560,6543000
FINNIFTY02JAN2421000PE.NFO,02/01/2024,09:26:59,0.7,0.65,2569840,0.7,864960,16240,6543000
FINNIFTY02JAN2421000PE.NFO,02/01/2024,09:27:00,0.7,0.65,2571200,0.7,850120,3400,6543000
FINNIFTY02JAN2421000PE.NFO,02/01/2024,09:27:01,0.7,0.65,2572920,0.7,820440,8400,6543000
FINNIFTY02JAN2421000PE.NFO,02/01/2024,09:27:02,0.65,0.65,2572160,0.7,832840,8600,6543000
FINNIFTY02JAN2421000PE.NFO,02/01/2024,09:27:03,0.7,0.65,2572160,0.7,815320,11880,6543000
FINNIFTY02JAN2421000PE.NFO,02/01/2024,09:27:04,0.7,0.65,2566280,0.7,813560,11960,6543000
FINNIFTY02JAN2421000PE.NFO,02/01/2024,09:27:05,0.7,0.65,2563200,0.7,812080,7240,6543000
FINNIFTY02JAN2421000PE.NFO,02/01/2024,09:27:06,0.7,0.65,2542960,0.7,799920,11480,6543000
FINNIFTY02JAN2421000PE.NFO,02/01/2024,09:27:07,0.7,0.65,2541200,0.7,874480,6000,6543000
FINNIFTY02JAN2421000PE.NFO,02/01/2024,09:27:08,0.7,0.65,2539360,0.7,849560,8560,6543000
FINNIFTY02JAN2421000PE.NFO,02/01/2024,09:27:09,0.7,0.65,2539280,0.7,819440,6000,6543000
FINNIFTY02JAN2421000PE.NFO,02/01/2024,09:27:10,0.7,0.65,2517680,0.7,814680,3560,6543000
FINNIFTY02JAN2421000PE.NFO,02/01/2024,09:27:11,0.7,0.65,2501480,0.7,836480,440,6543000
FINNIFTY02JAN2421000PE.NFO,02/01/2024,09:27:12,0.7,0.65,2500040,0.7,866480,5320,6543000
FINNIFTY02JAN2421000PE.NFO,02/01/2024,09:27:13,0.7,0.65,2500080,0.7,855040,2200,6543000
FINNIFTY02JAN2421000PE.NFO,02/01/2024,09:27:14,0.7,0.65,2498640,0.7,849920,6080,6543000
FINNIFTY02JAN2421000PE.NFO,02/01/2024,09:27:15,0.7,0.65,2496680,0.7,854280,3360,6543000
FINNIFTY02JAN2421000PE.NFO,02/01/2024,09:27:16,0.7,0.65,2496160,0.7,857520,1440,6543000
FINNIFTY02JAN2421000PE.NFO,02/01/2024,09:27:17,0.7,0.65,2496040,0.7,851080,4800,6543000
FINNIFTY02JAN2421000PE.NFO,02/01/2024,09:27:18,0.7,0.65,2497920,0.7,839880,720,6543000
FINNIFTY02JAN2421000PE.NFO,02/01/2024,09:27:19,0.7,0.65,2497880,0.7,804120,16040,6543000
FINNIFTY02JAN2421000PE.NFO,02/01/2024,09:27:20,0.7,0.65,2497760,0.7,810640,2720,6543000
FINNIFTY02JAN2421000PE.NFO,02/01/2024,09:27:21,0.65,0.65,2497680,0.7,820880,2680,6543000
FINNIFTY02JAN2421000PE.NFO,02/01/2024,09:27:22,0.7,0.65,2497040,0.7,825960,3880,6543000
FINNIFTY02JAN2421000PE.NFO,02/01/2024,09:27:23,0.7,0.65,2495720,0.7,814680,2920,6543000
FINNIFTY02JAN2421000PE.NFO,02/01/2024,09:27:24,0.7,0.65,2495760,0.7,798760,2280,6543000
FINNIFTY02JAN2421000PE.NFO,02/01/2024,09:27:25,0.7,0.65,2495480,0.7,809440,1720,6543000
FINNIFTY02JAN2421000PE.NFO,02/01/2024,09:27:26,0.7,0.65,2495400,0.7,804200,2400,6543000
FINNIFTY02JAN2421000PE.NFO,02/01/2024,09:27:27,0.7,0.65,2495400,0.7,792080,2560,6543000
FINNIFTY02JAN2421000PE.NFO,02/01/2024,09:27:28,0.7,0.65,2495400,0.7,788760,3360,6543000
FINNIFTY02JAN2421000PE.NFO,02/01/2024,09:27:29,0.7,0.65,2495200,0.7,791920,4920,6543000
FINNIFTY02JAN2421000PE.NFO,02/01/2024,09:27:30,0.7,0.65,2493800,0.7,787000,5200,6543000
FINNIFTY02JAN2421000PE.NFO,02/01/2024,09:27:31,0.7,0.65,2499840,0.7,776080,1960,6543000
FINNIFTY02JAN2421000PE.NFO,02/01/2024,09:27:32,0.65,0.65,2507000,0.7,794280,5200,6543000
FINNIFTY02JAN2421000PE.NFO,02/01/2024,09:27:33,0.7,0.65,2515040,0.7,791800,5040,6543000
FINNIFTY02JAN2421000PE.NFO,02/01/2024,09:27:34,0.7,0.65,2499400,0.7,808840,22760,6543000
FINNIFTY02JAN2421000PE.NFO,02/01/2024,09:27:35,0.7,0.65,2501520,0.7,813280,3160,6543000
FINNIFTY02JAN2421000PE.NFO,02/01/2024,09:27:36,0.7,0.65,2505080,0.7,726240,22720,6543000
FINNIFTY02JAN2421000PE.NFO,02/01/2024,09:27:37,0.65,0.65,2506840,0.7,791560,12960,6543000
FINNIFTY02JAN2421000PE.NFO,02/01/2024,09:27:38,0.7,0.65,2503160,0.7,749000,28400,6543000
FINNIFTY02JAN2421000PE.NFO,02/01/2024,09:27:39,0.7,0.65,2503160,0.7,728400,10320,6543000
FINNIFTY02JAN2421000PE.NFO,02/01/2024,09:27:40,0.7,0.65,2503760,0.7,697120,11360,6543000
FINNIFTY02JAN2421000PE.NFO,02/01/2024,09:27:41,0.7,0.65,2504600,0.7,735560,5000,6543000
FINNIFTY02JAN2421000PE.NFO,02/01/2024,09:27:42,0.7,0.65,2501920,0.7,740320,3960,6543000
FINNIFTY02JAN2421000PE.NFO,02/01/2024,09:27:43,0.7,0.65,2501400,0.7,743840,2560,6543000
FINNIFTY02JAN2421000PE.NFO,02/01/2024,09:27:44,0.7,0.65,2500360,0.7,753360,4360,6543000
FINNIFTY02JAN2421000PE.NFO,02/01/2024,09:27:46,0.7,0.65,2499880,0.7,733360,2720,6543000
FINNIFTY02JAN2421000PE.NFO,02/01/2024,09:27:47,0.65,0.65,2499720,0.7,748800,1200,6543000
FINNIFTY02JAN2421000PE.NFO,02/01/2024,09:27:48,0.7,0.65,2500400,0.7,739080,1680,6543000
FINNIFTY02JAN2421000PE.NFO,02/01/2024,09:27:49,0.7,0.65,2497920,0.7,750800,4000,6543000
FINNIFTY02JAN2421000PE.NFO,02/01/2024,09:27:50,0.7,0.65,2495960,0.7,739480,12720,6543000
FINNIFTY02JAN2421000PE.NFO,02/01/2024,09:27:51,0.7,0.65,2445560,0.7,749320,52160,6543000
FINNIFTY02JAN2421000PE.NFO,02/01/2024,09:27:52,0.7,0.65,2448400,0.7,627120,54080,6543000
FINNIFTY02JAN2421000PE.NFO,02/01/2024,09:27:53,0.7,0.65,2448520,0.7,621440,6360,6543000
FINNIFTY02JAN2421000PE.NFO,02/01/2024,09:27:54,0.7,0.65,2448000,0.7,652400,3840,6543000
FINNIFTY02JAN2421000PE.NFO,02/01/2024,09:27:55,0.7,0.65,2477600,0.7,609960,8280,6543000
FINNIFTY02JAN2421000PE.NFO,02/01/2024,09:27:56,0.7,0.65,2476600,0.7,651760,2040,6543000
FINNIFTY02JAN2421000PE.NFO,02/01/2024,09:27:57,0.7,0.65,2476080,0.7,613680,16680,6543000
FINNIFTY02JAN2421000PE.NFO,02/01/2024,09:27:58,0.7,0.65,2467240,0.7,593200,46800,6543000
FINNIFTY02JAN2421000PE.NFO,02/01/2024,09:27:59,0.65,0.65,2462800,0.7,626400,6000,6543000
FINNIFTY02JAN2421000PE.NFO,02/01/2024,09:28:00,0.7,0.65,2462720,0.7,610800,1200,6543000
FINNIFTY02JAN2421000PE.NFO,02/01/2024,09:28:01,0.7,0.65,2432720,0.7,584200,3680,6543000
FINNIFTY02JAN2421000PE.NFO,02/01/2024,09:28:02,0.65,0.65,2429680,0.7,572720,11720,6543000
FINNIFTY02JAN2421000PE.NFO,02/01/2024,09:28:03,0.7,0.65,2427480,0.7,575960,5880,6543000
FINNIFTY02JAN2421000PE.NFO,02/01/2024,09:28:04,0.65,0.65,2418760,0.7,583880,19080,6543000
FINNIFTY02JAN2421000PE.NFO,02/01/2024,09:28:05,0.65,0.65,2400920,0.7,578160,23200,6543000
FINNIFTY02JAN2421000PE.NFO,02/01/2024,09:28:06,0.7,0.65,2396800,0.7,559240,33080,6543000
FINNIFTY02JAN2421000PE.NFO,02/01/2024,09:28:07,0.7,0.65,2396880,0.7,553440,6240,6543000
FINNIFTY02JAN2421000PE.NFO,02/01/2024,09:28:08,0.65,0.65,2406520,0.7,589920,9520,6543000
FINNIFTY02JAN2421000PE.NFO,02/01/2024,09:28:09,0.65,0.65,2424320,0.7,586200,4040,6543000
FINNIFTY02JAN2421000PE.NFO,02/01/2024,09:28:10,0.65,0.65,2414640,0.7,619920,12920,6543000
FINNIFTY02JAN2421000PE.NFO,02/01/2024,09:28:11,0.7,0.65,2412800,0.7,662600,1720,6543000
FINNIFTY02JAN2421000PE.NFO,02/01/2024,09:28:12,0.65,0.65,2412520,0.7,660080,8120,6543000
FINNIFTY02JAN2421000PE.NFO,02/01/2024,09:28:13,0.7,0.65,2321760,0.7,666640,103520,6543000
FINNIFTY02JAN2421000PE.NFO,02/01/2024,09:28:14,0.7,0.65,2316880,0.7,660200,16400,6543000
FINNIFTY02JAN2421000PE.NFO,02/01/2024,09:28:15,0.7,0.65,2320000,0.7,634800,5080,6543000
FINNIFTY02JAN2421000PE.NFO,02/01/2024,09:28:15,0.7,0.65,2319960,0.7,654640,600,6543000
FINNIFTY02JAN2421000PE.NFO,02/01/2024,09:28:16,0.7,0.65,2319560,0.7,636120,4560,6543000
FINNIFTY02JAN2421000PE.NFO,02/01/2024,09:28:17,0.7,0.65,2319560,0.7,616640,5080,6543000
FINNIFTY02JAN2421000PE.NFO,02/01/2024,09:28:18,0.7,0.65,2319400,0.7,579360,8200,6543000
FINNIFTY02JAN2421000PE.NFO,02/01/2024,09:28:19,0.65,0.65,2320600,0.7,637560,1040,6543000
FINNIFTY02JAN2421000PE.NFO,02/01/2024,09:28:20,0.65,0.65,2320480,0.7,614680,3920,6543000
FINNIFTY02JAN2421000PE.NFO,02/01/2024,09:28:21,0.65,0.65,2318200,0.7,633440,5640,6543000
FINNIFTY02JAN2421000PE.NFO,02/01/2024,09:28:23,0.7,0.65,2317280,0.7,620400,6120,6543000
FINNIFTY02JAN2421000PE.NFO,02/01/2024,09:28:24,0.65,0.65,2316560,0.7,609440,12680,6543000
FINNIFTY02JAN2421000PE.NFO,02/01/2024,09:28:25,0.65,0.65,2314040,0.7,609680,960,6543000
FINNIFTY02JAN2421000PE.NFO,02/01/2024,09:28:26,0.65,0.65,2316040,0.7,608560,3400,6543000
FINNIFTY02JAN2421000PE.NFO,02/01/2024,09:28:27,0.7,0.65,2314720,0.7,598040,12040,6543000
FINNIFTY02JAN2421000PE.NFO,02/01/2024,09:28:28,0.7,0.65,2311440,0.7,587600,10520,6543000
FINNIFTY02JAN2421000PE.NFO,02/01/2024,09:28:29,0.7,0.65,2310560,0.7,568480,15520,6543000
FINNIFTY02JAN2421000PE.NFO,02/01/2024,09:28:30,0.65,0.65,2309880,0.7,553680,9800,6543000
FINNIFTY02JAN2421000PE.NFO,02/01/2024,09:28:31,0.65,0.65,2306560,0.7,556640,11360,6543000
FINNIFTY02JAN2421000PE.NFO,02/01/2024,09:28:32,0.65,0.65,2306000,0.7,556040,3240,6543000
FINNIFTY02JAN2421000PE.NFO,02/01/2024,09:28:33,0.65,0.65,2304480,0.7,555520,3400,6543000
FINNIFTY02JAN2421000PE.NFO,02/01/2024,09:28:34,0.7,0.65,2303640,0.7,542400,4800,6543000
FINNIFTY02JAN2421000PE.NFO,02/01/2024,09:28:35,0.65,0.65,2284200,0.7,552240,2600,6543000
FINNIFTY02JAN2421000PE.NFO,02/01/2024,09:28:36,0.7,0.65,2283120,0.7,534160,14520,6543000
FINNIFTY02JAN2421000PE.NFO,02/01/2024,09:28:37,0.65,0.65,2279760,0.7,510320,5960,6543000
FINNIFTY02JAN2421000PE.NFO,02/01/2024,09:28:38,0.65,0.65,2266720,0.7,551680,1960,6543000
FINNIFTY02JAN2421000PE.NFO,02/01/2024,09:28:39,0.65,0.65,2256480,0.7,552120,920,6543000
FINNIFTY02JAN2421000PE.NFO,02/01/2024,09:28:40,0.7,0.65,2255440,0.7,550840,3360,6543000
FINNIFTY02JAN2421000PE.NFO,02/01/2024,09:28:41,0.65,0.65,2255920,0.7,550480,1400,6543000
FINNIFTY02JAN2421000PE.NFO,02/01/2024,09:28:42,0.65,0.65,2253280,0.7,551480,2800,6543000
FINNIFTY02JAN2421000PE.NFO,02/01/2024,09:28:43,0.7,0.65,2252600,0.7,551320,3280,6543000
FINNIFTY02JAN2421000PE.NFO,02/01/2024,09:28:44,0.65,0.65,2244000,0.7,551160,8280,6543000
FINNIFTY02JAN2421000PE.NFO,02/01/2024,09:28:45,0.7,0.65,2243880,0.7,535000,9280,6543000
FINNIFTY02JAN2421000PE.NFO,02/01/2024,09:28:46,0.7,0.65,2243400,0.7,573080,7440,6543000
FINNIFTY02JAN2421000PE.NFO,02/01/2024,09:28:47,0.65,0.65,2239080,0.7,588680,4920,6543000
FINNIFTY02JAN2421000PE.NFO,02/01/2024,09:28:48,0.65,0.65,2236840,0.7,585120,5760,6543000
FINNIFTY02JAN2421000PE.NFO,02/01/2024,09:28:49,0.7,0.65,2236600,0.7,570800,3400,6543000
FINNIFTY02JAN2421000PE.NFO,02/01/2024,09:28:50,0.65,0.65,2237800,0.7,580400,2040,6543000
FINNIFTY02JAN2421000PE.NFO,02/01/2024,09:28:51,0.7,0.65,2235960,0.7,574200,8040,6543000
FINNIFTY02JAN2421000PE.NFO,02/01/2024,09:28:52,0.65,0.65,2234080,0.7,573840,2840,6543000
FINNIFTY02JAN2421000PE.NFO,02/01/2024,09:28:53,0.7,0.65,2237840,0.7,542440,2640,6543000
FINNIFTY02JAN2421000PE.NFO,02/01/2024,09:28:54,0.65,0.65,2232680,0.7,559280,7280,6543000
FINNIFTY02JAN2421000PE.NFO,02/01/2024,09:28:55,0.65,0.65,2232640,0.7,541480,4920,6543000
FINNIFTY02JAN2421000PE.NFO,02/01/2024,09:28:56,0.7,0.65,2224920,0.7,552000,16960,6543000
FINNIFTY02JAN2421000PE.NFO,02/01/2024,09:28:57,0.65,0.65,2224200,0.7,544680,680,6543000
FINNIFTY02JAN2421000PE.NFO,02/01/2024,09:28:58,0.65,0.65,2217240,0.7,550040,8160,6543000
FINNIFTY02JAN2421000PE.NFO,02/01/2024,09:28:59,0.65,0.65,921160,0.7,542120,10560,6543000
FINNIFTY02JAN2421000PE.NFO,02/01/2024,09:29:00,0.7,0.65,496600,0.7,541840,3040,6543000
FINNIFTY02JAN2421000PE.NFO,02/01/2024,09:29:01,0.65,0.65,197840,0.7,458800,24520,6543000
FINNIFTY02JAN2421000PE.NFO,02/01/2024,09:29:02,0.65,0.6,1216040,0.65,281200,262600,6543000
FINNIFTY02JAN2421000PE.NFO,02/01/2024,09:29:03,0.6,0.6,1231120,0.65,431080,41080,6543000
FINNIFTY02JAN2421000PE.NFO,02/01/2024,09:29:04,0.6,0.6,1232000,0.65,433080,5360,6543000
FINNIFTY02JAN2421000PE.NFO,02/01/2024,09:29:05,0.65,0.6,1232360,0.65,453920,8680,6543000
FINNIFTY02JAN2421000PE.NFO,02/01/2024,09:29:06,0.65,0.6,1228840,0.65,483560,5360,6543000
FINNIFTY02JAN2421000PE.NFO,02/01/2024,09:29:07,0.65,0.6,1228520,0.65,568320,1600,6543000
FINNIFTY02JAN2421000PE.NFO,02/01/2024,09:29:08,0.6,0.6,1228480,0.65,569080,80,6543000
FINNIFTY02JAN2421000PE.NFO,02/01/2024,09:29:09,0.65,0.6,1228480,0.65,568560,1360,6543000
FINNIFTY02JAN2421000PE.NFO,02/01/2024,09:29:10,0.6,0.6,1229680,0.65,572280,1120,6543000
FINNIFTY02JAN2421000PE.NFO,02/01/2024,09:29:11,0.65,0.6,1229280,0.65,567400,5960,6543000
FINNIFTY02JAN2421000PE.NFO,02/01/2024,09:29:12,0.65,0.6,1213600,0.65,542320,32040,6543000
FINNIFTY02JAN2421000PE.NFO,02/01/2024,09:29:13,0.65,0.6,1212920,0.65,559280,8200,6543000
FINNIFTY02JAN2421000PE.NFO,02/01/2024,09:29:14,0.65,0.6,1194840,0.65,558000,20120,6543000
FINNIFTY02JAN2421000PE.NFO,02/01/2024,09:29:15,0.65,0.6,1193000,0.65,571480,6360,6543000
FINNIFTY02JAN2421000PE.NFO,02/01/2024,09:29:16,0.65,0.6,1192320,0.65,571720,2480,6543000
FINNIFTY02JAN2421000PE.NFO,02/01/2024,09:29:17,0.6,0.6,1190840,0.65,576440,1680,6543000
FINNIFTY02JAN2421000PE.NFO,02/01/2024,09:29:18,0.65,0.6,1190760,0.65,574760,1720,6543000
FINNIFTY02JAN2421000PE.NFO,02/01/2024,09:29:19,0.65,0.6,1183800,0.65,573240,8800,6543000
FINNIFTY02JAN2421000PE.NFO,02/01/2024,09:29:20,0.65,0.6,1165080,0.65,573920,920,6543000
FINNIFTY02JAN2421000PE.NFO,02/01/2024,09:29:21,0.65,0.6,1165000,0.65,573240,200,6543000
FINNIFTY02JAN2421000PE.NFO,02/01/2024,09:29:22,0.65,0.6,1164880,0.65,572920,480,6543000
FINNIFTY02JAN2421000PE.NFO,02/01/2024,09:29:23,0.65,0.6,1128360,0.65,600600,2040,6543000
FINNIFTY02JAN2421000PE.NFO,02/01/2024,09:29:24,0.65,0.6,1128080,0.65,614720,4040,6543000
FINNIFTY02JAN2421000PE.NFO,02/01/2024,09:29:25,0.6,0.6,1102320,0.65,636640,4800,6543000
FINNIFTY02JAN2421000PE.NFO,02/01/2024,09:29:26,0.65,0.6,1101800,0.65,639920,4360,6543000
FINNIFTY02JAN2421000PE.NFO,02/01/2024,09:29:27,0.65,0.6,1101120,0.65,641280,2200,6543000
FINNIFTY02JAN2421000PE.NFO,02/01/2024,09:29:28,0.65,0.6,1099640,0.65,640880,2520,6543000
FINNIFTY02JAN2421000PE.NFO,02/01/2024,09:29:29,0.65,0.6,1100000,0.65,629240,11400,6708280
FINNIFTY02JAN2421000PE.NFO,02/01/2024,09:29:30,0.6,0.6,1100000,0.65,627240,1080,6708280
FINNIFTY02JAN2421000PE.NFO,02/01/2024,09:29:31,0.6,0.6,1099880,0.65,626680,1520,6708280
FINNIFTY02JAN2421000PE.NFO,02/01/2024,09:29:32,0.65,0.6,1061600,0.65,628040,40320,6708280
FINNIFTY02JAN2421000PE.NFO,02/01/2024,09:29:33,0.6,0.6,1059840,0.65,578320,44240,6708280
FINNIFTY02JAN2421000PE.NFO,02/01/2024,09:29:34,0.65,0.6,1060040,0.65,583080,4120,6708280
FINNIFTY02JAN2421000PE.NFO,02/01/2024,09:29:35,0.65,0.6,1055920,0.65,613640,8440,6708280
FINNIFTY02JAN2421000PE.NFO,02/01/2024,09:29:36,0.65,0.6,1050840,0.65,613840,10240,6708280
FINNIFTY02JAN2421000PE.NFO,02/01/2024,09:29:37,0.65,0.6,1019240,0.65,633480,35360,6708280
FINNIFTY02JAN2421000PE.NFO,02/01/2024,09:29:38,0.65,0.6,1019240,0.65,631040,3360,6708280
FINNIFTY02JAN2421000PE.NFO,02/01/2024,09:29:39,0.65,0.6,1020040,0.65,629640,440,6708280
FINNIFTY02JAN2421000PE.NFO,02/01/2024,09:29:40,0.65,0.6,1018560,0.65,628640,4240,6708280
FINNIFTY02JAN2421000PE.NFO,02/01/2024,09:29:41,0.65,0.6,1018720,0.65,639040,5160,6708280
FINNIFTY02JAN2421000PE.NFO,02/01/2024,09:29:42,0.65,0.6,1038680,0.65,638440,200,6708280
FINNIFTY02JAN2421000PE.NFO,02/01/2024,09:29:43,0.6,0.6,1039360,0.65,642080,1240,6708280
FINNIFTY02JAN2421000PE.NFO,02/01/2024,09:29:44,0.6,0.6,1020800,0.65,640560,2080,6708280
FINNIFTY02JAN2421000PE.NFO,02/01/2024,09:29:45,0.65,0.6,1020800,0.65,633080,7520,6708280
FINNIFTY02JAN2421000PE.NFO,02/01/2024,09:29:46,0.6,0.6,1020640,0.65,632520,680,6708280
FINNIFTY02JAN2421000PE.NFO,02/01/2024,09:29:47,0.65,0.6,1020560,0.65,627400,5560,6708280
FINNIFTY02JAN2421000PE.NFO,02/01/2024,09:29:48,0.65,0.6,1018880,0.65,627720,3240,6708280
FINNIFTY02JAN2421000PE.NFO,02/01/2024,09:29:49,0.65,0.6,1016960,0.65,624760,6680,6708280
FINNIFTY02JAN2421000PE.NFO,02/01/2024,09:29:50,0.65,0.6,1016960,0.65,623560,1240,6708280
FINNIFTY02JAN2421000PE.NFO,02/01/2024,09:29:51,0.65,0.6,1016920,0.65,621520,3080,6708280
FINNIFTY02JAN2421000PE.NFO,02/01/2024,09:29:52,0.65,0.6,1016840,0.65,621440,1960,6708280
FINNIFTY02JAN2421000PE.NFO,02/01/2024,09:29:53,0.6,0.6,1015520,0.65,621440,3200,6708280
FINNIFTY02JAN2421000PE.NFO,02/01/2024,09:29:54,0.65,0.6,1015080,0.65,619400,2440,6708280
FINNIFTY02JAN2421000PE.NFO,02/01/2024,09:29:55,0.6,0.6,1016640,0.65,618600,960,6708280
FINNIFTY02JAN2421000PE.NFO,02/01/2024,09:29:56,0.65,0.6,1016560,0.65,620200,240,6708280
FINNIFTY02JAN2421000PE.NFO,02/01/2024,09:29:57,0.65,0.6,1016560,0.65,617280,3400,6708280
FINNIFTY02JAN2421000PE.NFO,02/01/2024,09:29:58,0.65,0.6,1016600,0.65,584320,17960,6708280
FINNIFTY02JAN2421000PE.NFO,02/01/2024,09:29:59,0.65,0.6,1014080,0.65,601960,640,6708280
FINNIFTY02JAN2421000PE.NFO,02/01/2024,09:30:00,0.65,0.6,1014040,0.65,595400,7280,6708280
FINNIFTY02JAN2421000PE.NFO,02/01/2024,09:30:01,0.6,0.6,1011720,0.65,592320,4320,6708280
FINNIFTY02JAN2421000PE.NFO,02/01/2024,09:30:02,0.65,0.6,1012600,0.65,602880,1680,6708280
FINNIFTY02JAN2421000PE.NFO,02/01/2024,09:30:03,0.65,0.6,967680,0.65,599000,18240,6708280
FINNIFTY02JAN2421000PE.NFO,02/01/2024,09:30:04,0.65,0.6,959240,0.65,633160,9880,6708280
FINNIFTY02JAN2421000PE.NFO,02/01/2024,09:30:05,0.65,0.6,869560,0.65,633760,16840,6708280
FINNIFTY02JAN2421000PE.NFO,02/01/2024,09:30:06,0.6,0.6,863480,0.65,637880,8520,6708280
FINNIFTY02JAN2421000PE.NFO,02/01/2024,09:30:07,0.65,0.6,849360,0.65,642640,6720,6708280
FINNIFTY02JAN2421000PE.NFO,02/01/2024,09:30:08,0.6,0.6,802920,0.65,644200,3920,6708280
FINNIFTY02JAN2421000PE.NFO,02/01/2024,09:30:09,0.6,0.6,794560,0.65,644120,8480,6708280
FINNIFTY02JAN2421000PE.NFO,02/01/2024,09:30:10,0.65,0.6,766880,0.65,657600,23200,6708280
FINNIFTY02JAN2421000PE.NFO,02/01/2024,09:30:11,0.65,0.6,768200,0.65,659040,6520,6708280
FINNIFTY02JAN2421000PE.NFO,02/01/2024,09:30:12,0.6,0.6,755680,0.65,672040,10360,6708280
FINNIFTY02JAN2421000PE.NFO,02/01/2024,09:30:13,0.6,0.6,744120,0.65,680640,7320,6708280
FINNIFTY02JAN2421000PE.NFO,02/01/2024,09:30:14,0.65,0.6,736920,0.65,682160,3080,6708280
FINNIFTY02JAN2421000PE.NFO,02/01/2024,09:30:15,0.65,0.6,734480,0.65,684440,3640,6708280
FINNIFTY02JAN2421000PE.NFO,02/01/2024,09:30:16,0.6,0.6,730200,0.65,689200,6720,6708280
FINNIFTY02JAN2421000PE.NFO,02/01/2024,09:30:17,0.65,0.6,718280,0.65,689920,13720,6708280
FINNIFTY02JAN2421000PE.NFO,02/01/2024,09:30:18,0.65,0.6,715680,0.65,692120,3120,6708280
FINNIFTY02JAN2421000PE.NFO,02/01/2024,09:30:19,0.65,0.6,713320,0.65,704840,6160,6708280
FINNIFTY02JAN2421000PE.NFO,02/01/2024,09:30:20,0.6,0.6,711200,0.65,690360,3520,6708280
FINNIFTY02JAN2421000PE.NFO,02/01/2024,09:30:21,0.6,0.6,710600,0.65,688120,6480,6708280
FINNIFTY02JAN2421000PE.NFO,02/01/2024,09:30:22,0.65,0.6,695800,0.65,689120,28800,6708280
FINNIFTY02JAN2421000PE.NFO,02/01/2024,09:30:23,0.65,0.6,695280,0.65,713320,880,6708280
FINNIFTY02JAN2421000PE.NFO,02/01/2024,09:30:24,0.65,0.6,695520,0.65,711560,1120,6708280
FINNIFTY02JAN2421000PE.NFO,02/01/2024,09:30:25,0.65,0.6,694040,0.65,706880,5560,6708280
FINNIFTY02JAN2421000PE.NFO,02/01/2024,09:30:26,0.65,0.6,692560,0.65,706480,1880,6708280
FINNIFTY02JAN2421000PE.NFO,02/01/2024,09:30:27,0.6,0.6,652720,0.65,709320,1800,6708280
FINNIFTY02JAN2421000PE.NFO,02/01/2024,09:30:28,0.6,0.6,650120,0.65,717760,2760,6708280
FINNIFTY02JAN2421000PE.NFO,02/01/2024,09:30:29,0.6,0.6,648880,0.65,715120,3680,6708280
FINNIFTY02JAN2421000PE.NFO,02/01/2024,09:30:39,0.65,0.6,303560,0.65,611400,159200,6708280
FINNIFTY02JAN2421000PE.NFO,02/01/2024,09:30:49,0.6,0.6,852280,0.65,658880,43120,6708280
FINNIFTY02JAN2421000PE.NFO,02/01/2024,09:30:59,0.65,0.6,744120,0.65,666040,75400,6708280
FINNIFTY02JAN2421000PE.NFO,02/01/2024,09:31:10,0.65,0.6,766880,0.65,650040,44480,6708280
FINNIFTY02JAN2421000PE.NFO,02/01/2024,09:31:21,0.65,0.6,757760,0.65,643880,28920,6708280
FINNIFTY02JAN2421000PE.NFO,02/01/2024,09:31:30,0.65,0.6,742400,0.65,610200,84360,6708280
FINNIFTY02JAN2421000PE.NFO,02/01/2024,09:31:40,0.6,0.6,757840,0.65,611200,29080,6708280
FINNIFTY02JAN2421000PE.NFO,02/01/2024,09:31:50,0.65,0.6,764200,0.65,612880,21720,6708280
FINNIFTY02JAN2421000PE.NFO,02/01/2024,09:31:59,0.65,0.6,834360,0.65,614920,18680,6708280
FINNIFTY02JAN2421000PE.NFO,02/01/2024,09:32:08,0.65,0.6,949240,0.65,550720,84080,6708280
FINNIFTY02JAN2421000PE.NFO,02/01/2024,09:32:18,0.65,0.6,1130760,0.65,527840,40920,6708280
FINNIFTY02JAN2421000PE.NFO,02/01/2024,09:32:28,0.6,0.6,1135200,0.65,486280,65160,6708280
FINNIFTY02JAN2421000PE.NFO,02/01/2024,09:32:38,0.65,0.6,1164200,0.65,449640,34560,6890960
FINNIFTY02JAN2421000PE.NFO,02/01/2024,09:32:48,0.65,0.6,1162200,0.65,446680,53920,6890960
FINNIFTY02JAN2421000PE.NFO,02/01/2024,09:32:58,0.65,0.6,1166280,0.65,436200,20160,6890960
FINNIFTY02JAN2421000PE.NFO,02/01/2024,09:33:08,0.65,0.6,1172080,0.65,429880,33640,6890960
FINNIFTY02JAN2421000PE.NFO,02/01/2024,09:33:17,0.65,0.6,1173040,0.65,398080,41520,6890960
FINNIFTY02JAN2421000PE.NFO,02/01/2024,09:33:27,0.65,0.6,1190400,0.65,412320,28960,6890960
FINNIFTY02JAN2421000PE.NFO,02/01/2024,09:33:37,0.65,0.6,1244480,0.65,346680,32440,6890960
FINNIFTY02JAN2421000PE.NFO,02/01/2024,09:33:46,0.6,0.6,1244680,0.65,365920,35880,6890960
FINNIFTY02JAN2421000PE.NFO,02/01/2024,09:33:56,0.65,0.6,1242160,0.65,317960,33040,6890960
FINNIFTY02JAN2421000PE.NFO,02/01/2024,09:34:05,0.6,0.6,1237840,0.65,330440,38080,6890960
FINNIFTY02JAN2421000PE.NFO,02/01/2024,09:34:15,0.65,0.6,1245640,0.65,322280,29440,6890960
FINNIFTY02JAN2421000PE.NFO,02/01/2024,09:34:23,0.6,0.6,1261480,0.65,290360,43120,6890960
FINNIFTY02JAN2421000PE.NFO,02/01/2024,09:34:30,0.65,0.6,1261320,0.65,285040,15360,6890960
FINNIFTY02JAN2421000PE.NFO,02/01/2024,09:34:31,0.6,0.6,1259520,0.65,292680,1800,6890960
FINNIFTY02JAN2421000PE.NFO,02/01/2024,09:34:32,0.65,0.6,1259520,0.65,259840,1800,6890960
FINNIFTY02JAN2421000PE.NFO,02/01/2024,09:34:33,0.6,0.6,1262560,0.65,288200,2440,6890960
FINNIFTY02JAN2421000PE.NFO,02/01/2024,09:34:34,0.6,0.6,1269680,0.65,295440,920,6890960
FINNIFTY02JAN2421000PE.NFO,02/01/2024,09:34:35,0.65,0.6,1274920,0.65,258960,5080,6890960
FINNIFTY02JAN2421000PE.NFO,02/01/2024,09:34:36,0.65,0.6,1274920,0.65,257840,160,6890960
FINNIFTY02JAN2421000PE.NFO,02/01/2024,09:34:37,0.65,0.6,1274680,0.65,293360,2040,6890960
FINNIFTY02JAN2421000PE.NFO,02/01/2024,09:34:38,0.6,0.6,1274280,0.65,293360,400,6890960
FINNIFTY02JAN2421000PE.NFO,02/01/2024,09:34:39,0.6,0.6,1275880,0.65,287960,600,6890960
FINNIFTY02JAN2421000PE.NFO,02/01/2024,09:34:40,0.6,0.6,1272280,0.65,289880,4360,6890960
FINNIFTY02JAN2421000PE.NFO,02/01/2024,09:34:41,0.65,0.6,1272240,0.65,270640,2680,6890960
FINNIFTY02JAN2421000PE.NFO,02/01/2024,09:34:42,0.65,0.6,1272120,0.65,273040,640,6890960
FINNIFTY02JAN2421000PE.NFO,02/01/2024,09:34:43,0.65,0.6,1272120,0.65,293120,0,6890960
FINNIFTY02JAN2421000PE.NFO,02/01/2024,09:34:44,0.65,0.6,1270760,0.65,251960,5920,6890960
FINNIFTY02JAN2421000PE.NFO,02/01/2024,09:34:45,0.65,0.6,1261160,0.65,242000,440,6890960
FINNIFTY02JAN2421000PE.NFO,02/01/2024,09:34:46,0.65,0.6,1261160,0.65,248880,80,6890960
FINNIFTY02JAN2421000PE.NFO,02/01/2024,09:34:47,0.65,0.6,1261160,0.65,247120,320,6890960
FINNIFTY02JAN2421000PE.NFO,02/01/2024,09:34:47,0.6,0.6,1259320,0.65,279600,1840,6890960
FINNIFTY02JAN2421000PE.NFO,02/01/2024,09:34:48,0.65,0.6,1259320,0.65,270840,1800,6890960
FINNIFTY02JAN2421000PE.NFO,02/01/2024,09:34:49,0.65,0.6,1259320,0.65,276000,0,6890960
FINNIFTY02JAN2421000PE.NFO,02/01/2024,09:34:50,0.65,0.6,1231240,0.65,152200,42200,6890960
FINNIFTY02JAN2421000PE.NFO,02/01/2024,09:34:51,0.65,0.6,1228680,0.65,244640,4240,6890960
FINNIFTY02JAN2421000PE.NFO,02/01/2024,09:34:52,0.65,0.6,1228680,0.65,222240,120,6890960
FINNIFTY02JAN2421000PE.NFO,02/01/2024,09:34:53,0.65,0.6,1227080,0.65,221640,320,6890960
FINNIFTY02JAN2421000PE.NFO,02/01/2024,09:34:54,0.6,0.6,1223600,0.65,199680,22120,6890960
FINNIFTY02JAN2421000PE.NFO,02/01/2024,09:34:55,0.65,0.6,1221680,0.65,83800,75400,6890960
FINNIFTY02JAN2421000PE.NFO,02/01/2024,09:34:56,0.65,0.65,178080,0.7,311240,95920,6890960
FINNIFTY02JAN2421000PE.NFO,02/01/2024,09:34:57,0.7,0.65,302000,0.7,398920,12240,6890960
FINNIFTY02JAN2421000PE.NFO,02/01/2024,09:34:58,0.65,0.65,321000,0.7,394880,8000,6890960
FINNIFTY02JAN2421000PE.NFO,02/01/2024,09:34:59,0.65,0.65,328960,0.7,402640,23600,6890960
FINNIFTY02JAN2421000PE.NFO,02/01/2024,09:35:00,0.7,0.65,328640,0.7,402600,5280,6890960
FINNIFTY02JAN2421000PE.NFO,02/01/2024,09:35:01,0.7,0.65,328160,0.7,396760,6840,6890960
FINNIFTY02JAN2421000PE.NFO,02/01/2024,09:35:02,0.7,0.65,332760,0.7,400240,6720,6890960
FINNIFTY02JAN2421000PE.NFO,02/01/2024,09:35:03,0.7,0.65,334160,0.7,399360,1600,6890960
FINNIFTY02JAN2421000PE.NFO,02/01/2024,09:35:04,0.65,0.65,328160,0.7,396880,27480,6890960
FINNIFTY02JAN2421000PE.NFO,02/01/2024,09:35:05,0.65,0.65,318240,0.7,393320,8560,6890960
FINNIFTY02JAN2421000PE.NFO,02/01/2024,09:35:06,0.65,0.65,316400,0.7,374160,29160,6890960
FINNIFTY02JAN2421000PE.NFO,02/01/2024,09:35:07,0.7,0.65,307040,0.7,375200,25840,6890960
FINNIFTY02JAN2421000PE.NFO,02/01/2024,09:35:08,0.65,0.65,278560,0.7,370920,7200,6890960
FINNIFTY02JAN2421000PE.NFO,02/01/2024,09:35:09,0.7,0.65,260720,0.7,366560,13960,6890960
FINNIFTY02JAN2421000PE.NFO,02/01/2024,09:35:10,0.65,0.65,167080,0.7,369920,10760,6890960
FINNIFTY02JAN2421000PE.NFO,02/01/2024,09:35:11,0.7,0.65,200760,0.7,367520,2240,6890960
FINNIFTY02JAN2421000PE.NFO,02/01/2024,09:35:12,0.65,0.65,199400,0.7,372600,2680,6890960
FINNIFTY02JAN2421000PE.NFO,02/01/2024,09:35:13,0.65,0.65,196440,0.7,381400,2960,6890960
FINNIFTY02JAN2421000PE.NFO,02/01/2024,09:35:14,0.7,0.65,196640,0.7,354920,59120,6890960
FINNIFTY02JAN2421000PE.NFO,02/01/2024,09:35:16,0.7,0.65,174640,0.7,351520,13120,6890960
FINNIFTY02JAN2421000PE.NFO,02/01/2024,09:35:17,0.65,0.65,119000,0.7,335360,35800,6890960
FINNIFTY02JAN2421000PE.NFO,02/01/2024,09:35:18,0.65,0.65,151560,0.7,338600,9400,6890960
FINNIFTY02JAN2421000PE.NFO,02/01/2024,09:35:19,0.65,0.65,144400,0.7,386320,1600,6890960
FINNIFTY02JAN2421000PE.NFO,02/01/2024,09:35:20,0.7,0.65,87600,0.7,392600,5480,6890960
FINNIFTY02JAN2421000PE.NFO,02/01/2024,09:35:21,0.65,0.65,88960,0.7,393520,5560,6890960
FINNIFTY02JAN2421000PE.NFO,02/01/2024,09:35:22,0.7,0.65,143600,0.7,390200,6480,6890960
FINNIFTY02JAN2421000PE.NFO,02/01/2024,09:35:23,0.65,0.65,133400,0.7,372200,47200,6890960
FINNIFTY02JAN2421000PE.NFO,02/01/2024,09:35:24,0.65,0.65,144640,0.7,371760,8680,6890960
FINNIFTY02JAN2421000PE.NFO,02/01/2024,09:35:25,0.65,0.65,125560,0.7,371840,23400,6890960
FINNIFTY02JAN2421000PE.NFO,02/01/2024,09:35:26,0.7,0.65,142960,0.7,378880,4880,6890960
FINNIFTY02JAN2421000PE.NFO,02/01/2024,09:35:27,0.65,0.65,152040,0.7,379160,2640,6890960
FINNIFTY02JAN2421000PE.NFO,02/01/2024,09:35:28,0.65,0.65,159240,0.7,384160,14680,6890960
FINNIFTY02JAN2421000PE.NFO,02/01/2024,09:35:29,0.65,0.65,136640,0.7,391000,8600,7159040
FINNIFTY02JAN2421000PE.NFO,02/01/2024,09:35:30,0.65,0.65,136360,0.7,390760,17320,7159040
FINNIFTY02JAN2421000PE.NFO,02/01/2024,09:35:31,0.65,0.65,109320,0.7,388920,14080,7159040
FINNIFTY02JAN2421000PE.NFO,02/01/2024,09:35:32,0.65,0.65,169520,0.7,395000,40040,7159040
FINNIFTY02JAN2421000PE.NFO,02/01/2024,09:35:33,0.7,0.65,179480,0.7,394800,640,7159040
FINNIFTY02JAN2421000PE.NFO,02/01/2024,09:35:34,0.7,0.65,193600,0.7,409920,29560,7159040
FINNIFTY02JAN2421000PE.NFO,02/01/2024,09:35:35,0.65,0.65,197200,0.7,412840,2040,7159040
FINNIFTY02JAN2421000PE.NFO,02/01/2024,09:35:36,0.7,0.65,192960,0.7,422720,5840,7159040
FINNIFTY02JAN2421000PE.NFO,02/01/2024,09:35:36,0.65,0.65,187760,0.7,422720,5200,7159040
FINNIFTY02JAN2421000PE.NFO,02/01/2024,09:35:37,0.7,0.65,198680,0.7,418360,36600,7159040
FINNIFTY02JAN2421000PE.NFO,02/01/2024,09:35:38,0.65,0.65,193120,0.7,429320,24640,7159040
FINNIFTY02JAN2421000PE.NFO,02/01/2024,09:35:39,0.65,0.65,191320,0.7,431120,1800,7159040
FINNIFTY02JAN2421000PE.NFO,02/01/2024,09:35:41,0.65,0.65,172880,0.7,462040,15160,7159040
FINNIFTY02JAN2421000PE.NFO,02/01/2024,09:35:42,0.65,0.65,194200,0.7,467320,24200,7159040
FINNIFTY02JAN2421000PE.NFO,02/01/2024,09:35:43,0.65,0.65,198920,0.7,471640,22600,7159040
FINNIFTY02JAN2421000PE.NFO,02/01/2024,09:35:44,0.65,0.65,183760,0.7,480640,5800,7159040
FINNIFTY02JAN2421000PE.NFO,02/01/2024,09:35:44,0.65,0.65,183760,0.7,482440,0,7159040
FINNIFTY02JAN2421000PE.NFO,02/01/2024,09:35:45,0.65,0.65,207040,0.7,483760,7000,7159040
FINNIFTY02JAN2421000PE.NFO,02/01/2024,09:35:47,0.65,0.65,199080,0.7,483080,16880,7159040
FINNIFTY02JAN2421000PE.NFO,02/01/2024,09:35:48,0.65,0.65,193400,0.7,482480,2400,7159040
FINNIFTY02JAN2421000PE.NFO,02/01/2024,09:35:49,0.65,0.65,176680,0.7,479320,17880,7159040
FINNIFTY02JAN2421000PE.NFO,02/01/2024,09:35:50,0.65,0.65,209080,0.7,476520,5800,7159040
FINNIFTY02JAN2421000PE.NFO,02/01/2024,09:35:51,0.65,0.65,206680,0.7,478320,600,7159040
FINNIFTY02JAN2421000PE.NFO,02/01/2024,09:35:52,0.7,0.65,220000,0.7,476120,12400,7159040
FINNIFTY02JAN2421000PE.NFO,02/01/2024,09:35:53,0.65,0.65,204720,0.7,476120,9520,7159040
FINNIFTY02JAN2421000PE.NFO,02/01/2024,09:35:54,0.65,0.65,213280,0.7,476760,3640,7159040
FINNIFTY02JAN2421000PE.NFO,02/01/2024,09:35:54,0.65,0.65,215680,0.7,479160,0,7159040
FINNIFTY02JAN2421000PE.NFO,02/01/2024,09:35:56,0.7,0.65,220880,0.7,474000,10440,7159040
FINNIFTY02JAN2421000PE.NFO,02/01/2024,09:35:57,0.7,0.65,221880,0.7,466200,8600,7159040
FINNIFTY02JAN2421000PE.NFO,02/01/2024,09:35:58,0.7,0.65,218920,0.7,462360,6800,7159040
FINNIFTY02JAN2421000PE.NFO,02/01/2024,09:35:59,0.7,0.65,221640,0.7,453840,9880,7159040
FINNIFTY02JAN2421000PE.NFO,02/01/2024,09:35:59,0.7,0.65,221640,0.7,450000,3840,7159040
FINNIFTY02JAN2421000PE.NFO,02/01/2024,09:36:00,0.7,0.65,220760,0.7,441600,5960,7159040
FINNIFTY02JAN2421000PE.NFO,02/01/2024,09:36:01,0.65,0.65,213080,0.7,434520,16720,7159040
FINNIFTY02JAN2421000PE.NFO,02/01/2024,09:36:02,0.7,0.65,221440,0.7,433520,1000,7159040
FINNIFTY02JAN2421000PE.NFO,02/01/2024,09:36:04,0.65,0.65,270440,0.7,436280,9760,7159040
FINNIFTY02JAN2421000PE.NFO,02/01/2024,09:36:05,0.65,0.65,270040,0.7,439720,2200,7159040
FINNIFTY02JAN2421000PE.NFO,02/01/2024,09:36:06,0.65,0.65,266880,0.7,447080,8120,7159040
FINNIFTY02JAN2421000PE.NFO,02/01/2024,09:36:06,0.65,0.65,457840,0.7,440680,840,7159040
FINNIFTY02JAN2421000PE.NFO,02/01/2024,09:36:07,0.65,0.65,463160,0.7,438360,8200,7159040
FINNIFTY02JAN2421000PE.NFO,02/01/2024,09:36:08,0.65,0.65,457720,0.7,442000,10080,7159040
FINNIFTY02JAN2421000PE.NFO,02/01/2024,09:36:10,0.65,0.65,461400,0.7,436760,22720,7159040
FINNIFTY02JAN2421000PE.NFO,02/01/2024,09:36:11,0.65,0.65,444400,0.7,435360,10360,7159040
FINNIFTY02JAN2421000PE.NFO,02/01/2024,09:36:12,0.7,0.65,450320,0.7,432480,4280,7159040
FINNIFTY02JAN2421000PE.NFO,02/01/2024,09:36:12,0.7,0.65,448520,0.7,432480,0,7159040
FINNIFTY02JAN2421000PE.NFO,02/01/2024,09:36:13,0.65,0.65,439080,0.7,432720,4000,7159040
FINNIFTY02JAN2421000PE.NFO,02/01/2024,09:36:14,0.7,0.65,439880,0.7,430520,4000,7159040
FINNIFTY02JAN2421000PE.NFO,02/01/2024,09:36:16,0.65,0.65,509160,0.7,428400,5360,7159040
FINNIFTY02JAN2421000PE.NFO,02/01/2024,09:36:17,0.65,0.65,575160,0.7,427920,4440,7159040
FINNIFTY02JAN2421000PE.NFO,02/01/2024,09:36:18,0.7,0.65,572120,0.7,430240,4040,7159040
FINNIFTY02JAN2421000PE.NFO,02/01/2024,09:36:19,0.65,0.65,571960,0.7,430240,160,7159040
FINNIFTY02JAN2421000PE.NFO,02/01/2024,09:36:20,0.65,0.65,578400,0.7,440480,8200,7159040
FINNIFTY02JAN2421000PE.NFO,02/01/2024,09:36:20,0.7,0.65,584400,0.7,440360,1320,7159040
FINNIFTY02JAN2421000PE.NFO,02/01/2024,09:36:21,0.7,0.65,604360,0.7,439760,1080,7159040
FINNIFTY02JAN2421000PE.NFO,02/01/2024,09:36:23,0.7,0.65,630160,0.7,439680,3080,7159040
FINNIFTY02JAN2421000PE.NFO,02/01/2024,09:36:24,0.7,0.65,630640,0.7,442520,3120,7159040
FINNIFTY02JAN2421000PE.NFO,02/01/2024,09:36:25,0.7,0.65,629600,0.7,436920,6080,7159040
FINNIFTY02JAN2421000PE.NFO,02/01/2024,09:36:26,0.65,0.65,595040,0.7,436760,29600,7159040
FINNIFTY02JAN2421000PE.NFO,02/01/2024,09:36:27,0.7,0.65,604000,0.7,435320,4480,7159040
FINNIFTY02JAN2421000PE.NFO,02/01/2024,09:36:28,0.7,0.65,612520,0.7,424480,3200,7159040
FINNIFTY02JAN2421000PE.NFO,02/01/2024,09:36:29,0.7,0.65,695920,0.7,428600,3040,7159040
FINNIFTY02JAN2421000PE.NFO,02/01/2024,09:36:30,0.7,0.65,700080,0.7,427720,4840,7159040
FINNIFTY02JAN2421000PE.NFO,02/01/2024,09:36:31,0.65,0.65,719720,0.7,435080,3600,7159040
FINNIFTY02JAN2421000PE.NFO,02/01/2024,09:36:32,0.7,0.65,718320,0.7,427320,2920,7159040
FINNIFTY02JAN2421000PE.NFO,02/01/2024,09:36:33,0.65,0.65,714040,0.7,431920,12200,7159040
FINNIFTY02JAN2421000PE.NFO,02/01/2024,09:36:34,0.65,0.65,714640,0.7,431880,200,7159040
FINNIFTY02JAN2421000PE.NFO,02/01/2024,09:36:34,0.7,0.65,714640,0.7,431200,520,7159040
FINNIFTY02JAN2421000PE.NFO,02/01/2024,09:36:35,0.7,0.65,714600,0.7,425280,6920,7159040
FINNIFTY02JAN2421000PE.NFO,02/01/2024,09:36:36,0.65,0.65,709200,0.7,413200,13520,7159040
FINNIFTY02JAN2421000PE.NFO,02/01/2024,09:36:37,0.7,0.65,735760,0.7,418520,3960,7159040
FINNIFTY02JAN2421000PE.NFO,02/01/2024,09:36:38,0.65,0.65,784760,0.7,419240,3800,7159040
FINNIFTY02JAN2421000PE.NFO,02/01/2024,09:36:39,0.7,0.65,782760,0.7,417680,3200,7159040
FINNIFTY02JAN2421000PE.NFO,02/01/2024,09:36:40,0.65,0.65,780160,0.7,418320,2600,7159040
FINNIFTY02JAN2421000PE.NFO,02/01/2024,09:36:41,0.65,0.65,775800,0.7,432680,5120,7159040
FINNIFTY02JAN2421000PE.NFO,02/01/2024,09:36:42,0.7,0.65,775800,0.7,431400,1280,7159040
FINNIFTY02JAN2421000PE.NFO,02/01/2024,09:36:43,0.65,0.65,774800,0.7,430400,1520,7159040
FINNIFTY02JAN2421000PE.NFO,02/01/2024,09:36:45,0.65,0.65,794480,0.7,434760,6400,7159040
FINNIFTY02JAN2421000PE.NFO,02/01/2024,09:36:46,0.7,0.65,794480,0.7,436240,360,7159040
FINNIFTY02JAN2421000PE.NFO,02/01/2024,09:36:46,0.7,0.65,794480,0.7,433120,1000,7159040
FINNIFTY02JAN2421000PE.NFO,02/01/2024,09:36:47,0.65,0.65,793680,0.7,435320,880,7159040
FINNIFTY02JAN2421000PE.NFO,02/01/2024,09:36:48,0.65,0.65,795800,0.7,433440,800,7159040
FINNIFTY02JAN2421000PE.NFO,02/01/2024,09:36:50,0.7,0.65,795840,0.7,433360,80,7159040
FINNIFTY02JAN2421000PE.NFO,02/01/2024,09:36:51,0.65,0.65,794240,0.7,433080,1800,7159040
FINNIFTY02JAN2421000PE.NFO,02/01/2024,09:36:52,0.7,0.65,794200,0.7,428040,6000,7159040
FINNIFTY02JAN2421000PE.NFO,02/01/2024,09:36:53,0.7,0.65,788760,0.7,428760,3200,7159040
FINNIFTY02JAN2421000PE.NFO,02/01/2024,09:36:53,0.7,0.65,786920,0.7,428760,0,7159040
FINNIFTY02JAN2421000PE.NFO,02/01/2024,09:36:54,0.7,0.65,783560,0.7,425960,6160,7159040
FINNIFTY02JAN2421000PE.NFO,02/01/2024,09:36:56,0.7,0.65,785400,0.7,421880,2000,7159040
FINNIFTY02JAN2421000PE.NFO,02/01/2024,09:36:57,0.7,0.65,783520,0.7,434280,400,7159040
FINNIFTY02JAN2421000PE.NFO,02/01/2024,09:36:58,0.65,0.65,782480,0.7,435720,1360,7159040
FINNIFTY02JAN2421000PE.NFO,02/01/2024,09:36:59,0.65,0.65,779280,0.7,439200,5080,7159040
FINNIFTY02JAN2421000PE.NFO,02/01/2024,09:36:59,0.7,0.65,781080,0.7,441640,1000,7159040
FINNIFTY02JAN2421000PE.NFO,02/01/2024,09:37:00,0.7,0.65,779280,0.7,442120,1000,7159040
FINNIFTY02JAN2421000PE.NFO,02/01/2024,09:37:02,0.65,0.65,779200,0.7,436640,7320,7159040
FINNIFTY02JAN2421000PE.NFO,02/01/2024,09:37:03,0.65,0.65,777400,0.7,436800,1800,7159040
FINNIFTY02JAN2421000PE.NFO,02/01/2024,09:37:04,0.65,0.65,773080,0.7,438600,4200,7159040
FINNIFTY02JAN2421000PE.NFO,02/01/2024,09:37:05,0.65,0.65,740680,0.7,437840,22120,7159040
FINNIFTY02JAN2421000PE.NFO,02/01/2024,09:37:05,0.65,0.65,737080,0.7,437840,3600,7159040
FINNIFTY02JAN2421000PE.NFO,02/01/2024,09:37:06,0.65,0.65,714320,0.7,445040,21640,7159040
FINNIFTY02JAN2421000PE.NFO,02/01/2024,09:37:07,0.65,0.65,693200,0.7,446000,19880,7159040
FINNIFTY02JAN2421000PE.NFO,02/01/2024,09:37:08,0.7,0.65,684400,0.7,450360,8800,7159040
FINNIFTY02JAN2421000PE.NFO,02/01/2024,09:37:10,0.65,0.65,682400,0.7,504680,1080,7159040
FINNIFTY02JAN2421000PE.NFO,02/01/2024,09:37:11,0.7,0.65,619960,0.7,504360,360,7159040
FINNIFTY02JAN2421000PE.NFO,02/01/2024,09:37:12,0.7,0.65,613960,0.7,504360,0,7159040
FINNIFTY02JAN2421000PE.NFO,02/01/2024,09:37:13,0.7,0.65,612680,0.7,501720,3920,7159040
FINNIFTY02JAN2421000PE.NFO,02/01/2024,09:37:14,0.7,0.65,614480,0.7,501320,0,7159040
FINNIFTY02JAN2421000PE.NFO,02/01/2024,09:37:15,0.65,0.65,614160,0.7,490120,3280,7159040
FINNIFTY02JAN2421000PE.NFO,02/01/2024,09:37:16,0.65,0.65,596600,0.7,489160,11920,7159040
FINNIFTY02JAN2421000PE.NFO,02/01/2024,09:37:17,0.65,0.65,503640,0.7,489640,520,7159040
FINNIFTY02JAN2421000PE.NFO,02/01/2024,09:37:17,0.7,0.65,433720,0.7,489160,840,7159040
FINNIFTY02JAN2421000PE.NFO,02/01/2024,09:37:18,0.65,0.65,346880,0.7,488840,2840,7159040
FINNIFTY02JAN2421000PE.NFO,02/01/2024,09:37:20,0.65,0.65,296360,0.7,487920,3840,7159040
FINNIFTY02JAN2421000PE.NFO,02/01/2024,09:37:21,0.65,0.65,312520,0.7,486560,6400,7159040
FINNIFTY02JAN2421000PE.NFO,02/01/2024,09:37:22,0.65,0.65,299960,0.7,487560,3040,7159040
FINNIFTY02JAN2421000PE.NFO,02/01/2024,09:37:23,0.65,0.65,320360,0.7,487560,2560,7159040
FINNIFTY02JAN2421000PE.NFO,02/01/2024,09:37:24,0.7,0.65,329440,0.7,486440,2040,7159040
FINNIFTY02JAN2421000PE.NFO,02/01/2024,09:37:24,0.65,0.65,329560,0.7,486440,440,7159040
FINNIFTY02JAN2421000PE.NFO,02/01/2024,09:37:26,0.65,0.65,327600,0.7,486480,2880,7159040
FINNIFTY02JAN2421000PE.NFO,02/01/2024,09:37:27,0.65,0.65,324560,0.7,481360,8240,7159040
FINNIFTY02JAN2421000PE.NFO,02/01/2024,09:37:28,0.7,0.65,324120,0.7,480920,1040,7159040
FINNIFTY02JAN2421000PE.NFO,02/01/2024,09:37:29,0.65,0.65,319920,0.7,476200,8720,7159040
FINNIFTY02JAN2421000PE.NFO,02/01/2024,09:37:36,0.7,0.65,379000,0.7,465040,23240,7159040
FINNIFTY02JAN2421000PE.NFO,02/01/2024,09:37:45,0.65,0.65,526080,0.7,462160,15960,7159040
FINNIFTY02JAN2421000PE.NFO,02/01/2024,09:37:53,0.65,0.65,561560,0.7,457040,20160,7159040
FINNIFTY02JAN2421000PE.NFO,02/01/2024,09:38:02,0.65,0.65,587680,0.7,490280,46880,7159040
FINNIFTY02JAN2421000PE.NFO,02/01/2024,09:38:11,0.65,0.65,591160,0.7,473640,55440,7159040
FINNIFTY02JAN2421000PE.NFO,02/01/2024,09:38:20,0.7,0.65,570920,0.7,511720,34120,7159040
FINNIFTY02JAN2421000PE.NFO,02/01/2024,09:38:29,0.7,0.65,540320,0.7,548680,52720,7159040
FINNIFTY02JAN2421000PE.NFO,02/01/2024,09:38:39,0.65,0.65,479720,0.7,558600,44640,7374440
FINNIFTY02JAN2421000PE.NFO,02/01/2024,09:38:48,0.65,0.6,1442720,0.65,420520,237560,7374440
FINNIFTY02JAN2421000PE.NFO,02/01/2024,09:38:58,0.6,0.6,1464280,0.65,448960,79840,7374440
FINNIFTY02JAN2421000PE.NFO,02/01/2024,09:39:07,0.6,0.6,1430120,0.65,529800,24880,7374440
FINNIFTY02JAN2421000PE.NFO,02/01/2024,09:39:17,0.65,0.6,1392120,0.65,560680,38480,7374440
FINNIFTY02JAN2421000PE.NFO,02/01/2024,09:39:26,0.6,0.6,1321200,0.65,646000,65080,7374440
FINNIFTY02JAN2421000PE.NFO,02/01/2024,09:39:30,0.6,0.6,1275640,0.65,656880,46080,7374440
FINNIFTY02JAN2421000PE.NFO,02/01/2024,09:39:31,0.6,0.6,1285440,0.65,663040,400,7374440
FINNIFTY02JAN2421000PE.NFO,02/01/2024,09:39:32,0.6,0.6,1283640,0.65,662440,2400,7374440
FINNIFTY02JAN2421000PE.NFO,02/01/2024,09:39:33,0.65,0.6,1281800,0.65,668560,2480,7374440
FINNIFTY02JAN2421000PE.NFO,02/01/2024,09:39:34,0.65,0.6,1281800,0.65,675320,1320,7374440
FINNIFTY02JAN2421000PE.NFO,02/01/2024,09:39:35,0.6,0.6,1279000,0.65,675720,3000,7374440
FINNIFTY02JAN2421000PE.NFO,02/01/2024,09:39:36,0.65,0.6,1277040,0.65,706200,3160,7374440
FINNIFTY02JAN2421000PE.NFO,02/01/2024,09:39:37,0.6,0.6,1277600,0.65,709200,1000,7374440
FINNIFTY02JAN2421000PE.NFO,02/01/2024,09:39:38,0.65,0.6,1258520,0.65,709160,320,7374440
FINNIFTY02JAN2421000PE.NFO,02/01/2024,09:39:39,0.6,0.6,1256000,0.65,711120,2960,7374440
FINNIFTY02JAN2421000PE.NFO,02/01/2024,09:39:40,0.6,0.6,1254080,0.65,711080,2720,7374440
FINNIFTY02JAN2421000PE.NFO,02/01/2024,09:39:41,0.65,0.6,1254040,0.65,716200,1040,7374440
FINNIFTY02JAN2421000PE.NFO,02/01/2024,09:39:41,0.65,0.6,1253560,0.65,713920,2760,7374440
FINNIFTY02JAN2421000PE.NFO,02/01/2024,09:39:42,0.65,0.6,1253560,0.65,714920,1040,7374440
FINNIFTY02JAN2421000PE.NFO,02/01/2024,09:39:43,0.65,0.6,1256760,0.65,715000,2400,7374440
FINNIFTY02JAN2421000PE.NFO,02/01/2024,09:39:44,0.6,0.6,1255800,0.65,715240,1640,7374440
FINNIFTY02JAN2421000PE.NFO,02/01/2024,09:39:45,0.65,0.6,1253800,0.65,715040,2520,7374440
FINNIFTY02JAN2421000PE.NFO,02/01/2024,09:39:46,0.6,0.6,1253040,0.65,713920,1880,7374440
FINNIFTY02JAN2421000PE.NFO,02/01/2024,09:39:47,0.6,0.6,1251920,0.65,715840,1600,7374440
FINNIFTY02JAN2421000PE.NFO,02/01/2024,09:39:48,0.6,0.6,1251200,0.65,715400,4000,7374440
FINNIFTY02JAN2421000PE.NFO,02/01/2024,09:39:49,0.65,0.6,1249600,0.65,715360,1400,7374440
FINNIFTY02JAN2421000PE.NFO,02/01/2024,09:39:50,0.65,0.6,1249600,0.65,714800,1200,7374440
FINNIFTY02JAN2421000PE.NFO,02/01/2024,09:39:51,0.65,0.6,1249600,0.65,714560,240,7374440
FINNIFTY02JAN2421000PE.NFO,02/01/2024,09:39:52,0.6,0.6,1248280,0.65,717760,1320,7374440
FINNIFTY02JAN2421000PE.NFO,02/01/2024,09:39:53,0.65,0.6,1247520,0.65,716560,1800,7374440
FINNIFTY02JAN2421000PE.NFO,02/01/2024,09:39:54,0.65,0.6,1247920,0.65,717280,3680,7374440
FINNIFTY02JAN2421000PE.NFO,02/01/2024,09:39:55,0.65,0.6,1247920,0.65,718840,40,7374440
FINNIFTY02JAN2421000PE.NFO,02/01/2024,09:39:56,0.65,0.6,1247680,0.65,714160,1800,7374440
FINNIFTY02JAN2421000PE.NFO,02/01/2024,09:39:57,0.65,0.6,1247680,0.65,714200,480,7374440
FINNIFTY02JAN2421000PE.NFO,02/01/2024,09:39:58,0.65,0.6,1238920,0.65,703400,21400,7374440
FINNIFTY02JAN2421000PE.NFO,02/01/2024,09:40:00,0.6,0.6,1233920,0.65,697200,8760,7374440
FINNIFTY02JAN2421000PE.NFO,02/01/2024,09:40:01,0.6,0.6,1226960,0.65,677360,16000,7374440
FINNIFTY02JAN2421000PE.NFO,02/01/2024,09:40:02,0.6,0.6,1223720,0.65,667480,13080,7374440
FINNIFTY02JAN2421000PE.NFO,02/01/2024,09:40:03,0.6,0.6,1206720,0.65,667080,17400,7374440
FINNIFTY02JAN2421000PE.NFO,02/01/2024,09:40:04,0.6,0.6,1204120,0.65,665280,4400,7374440
FINNIFTY02JAN2421000PE.NFO,02/01/2024,09:40:05,0.6,0.6,1202520,0.65,664920,1960,7374440
