Ticker,Date,Time,LTP,BuyPrice,BuyQty,SellPrice,SellQty,LTQ,OpenInterest
FINNIFTY02JAN2419500PE.NFO,02/01/2024,09:15:15,0.25,0.2,37800,0.25,1600,200,57840
FINNIFTY02JAN2419500PE.NFO,02/01/2024,09:15:15,0.25,0.2,37800,0.25,1600,0,57840
FINNIFTY02JAN2419500PE.NFO,02/01/2024,09:15:15,0.25,0.2,37800,0.25,1600,0,57840
FINNIFTY02JAN2419500PE.NFO,02/01/2024,09:15:15,0.25,0.2,37800,0.25,1600,0,57840
FINNIFTY02JAN2419500PE.NFO,02/01/2024,09:15:28,0.2,0.2,127000,0.25,1600,2120,57840
FINNIFTY02JAN2419500PE.NFO,02/01/2024,09:15:28,0.2,0.2,127000,0.25,1600,0,57840
FINNIFTY02JAN2419500PE.NFO,02/01/2024,09:15:39,0.2,0.2,127400,0.25,1600,0,57840
FINNIFTY02JAN2419500PE.NFO,02/01/2024,09:15:50,0.25,0.2,127000,0.25,1480,120,57840
FINNIFTY02JAN2419500PE.NFO,02/01/2024,09:16:00,0.2,0.2,126960,0.25,1480,40,57840
FINNIFTY02JAN2419500PE.NFO,02/01/2024,09:16:12,0.2,0.2,126960,0.25,1480,0,57840
FINNIFTY02JAN2419500PE.NFO,02/01/2024,09:16:21,0.2,0.2,126960,0.25,1880,0,57840
FINNIFTY02JAN2419500PE.NFO,02/01/2024,09:16:31,0.2,0.2,126960,0.25,5480,0,57840
FINNIFTY02JAN2419500PE.NFO,02/01/2024,09:16:41,0.2,0.2,121560,0.25,14640,5400,57840
FINNIFTY02JAN2419500PE.NFO,02/01/2024,09:16:50,0.2,0.2,127680,0.25,14640,0,57840
FINNIFTY02JAN2419500PE.NFO,02/01/2024,09:17:00,0.2,0.2,129880,0.25,14640,0,57840
FINNIFTY02JAN2419500PE.NFO,02/01/2024,09:17:29,0.2,0.2,128080,0.25,16440,1800,57840
FINNIFTY02JAN2419500PE.NFO,02/01/2024,09:17:38,0.2,0.2,128080,0.25,17360,0,57840
FINNIFTY02JAN2419500PE.NFO,02/01/2024,09:17:48,0.2,0.2,119080,0.25,17360,7200,64880
FINNIFTY02JAN2419500PE.NFO,02/01/2024,09:17:57,0.25,0.2,120880,0.25,13760,7200,64880
FINNIFTY02JAN2419500PE.NFO,02/01/2024,09:18:07,0.25,0.2,118360,0.25,4040,7000,64880
FINNIFTY02JAN2419500PE.NFO,02/01/2024,09:18:16,0.2,0.2,115360,0.25,11240,3000,64880
FINNIFTY02JAN2419500PE.NFO,02/01/2024,09:18:26,0.2,0.2,115360,0.25,15720,0,64880
FINNIFTY02JAN2419500PE.NFO,02/01/2024,09:18:45,0.2,0.2,114760,0.25,15240,1080,64880
FINNIFTY02JAN2419500PE.NFO,02/01/2024,09:18:55,0.2,0.2,112960,0.25,35040,1800,64880
FINNIFTY02JAN2419500PE.NFO,02/01/2024,09:19:05,0.2,0.2,109360,0.25,35040,1800,64880
FINNIFTY02JAN2419500PE.NFO,02/01/2024,09:19:15,0.2,0.2,109360,0.25,35040,0,64880
FINNIFTY02JAN2419500PE.NFO,02/01/2024,09:19:25,0.2,0.2,39160,0.25,35040,0,64880
FINNIFTY02JAN2419500PE.NFO,02/01/2024,09:19:35,0.2,0.2,34360,0.25,35040,3000,64880
FINNIFTY02JAN2419500PE.NFO,02/01/2024,09:19:45,0.2,0.2,7360,0.25,35040,17760,64880
FINNIFTY02JAN2419500PE.NFO,02/01/2024,09:19:55,0.2,0.2,7480,0.25,35040,0,64880
FINNIFTY02JAN2419500PE.NFO,02/01/2024,09:20:05,0.2,0.2,2920,0.25,35040,2520,64880
FINNIFTY02JAN2419500PE.NFO,02/01/2024,09:20:16,0.2,0.2,2920,0.25,35040,0,64880
FINNIFTY02JAN2419500PE.NFO,02/01/2024,09:20:26,0.2,0.2,1280,0.25,35040,3240,64880
FINNIFTY02JAN2419500PE.NFO,02/01/2024,09:20:36,0.15,0.15,140640,0.2,10280,3080,82800
FINNIFTY02JAN2419500PE.NFO,02/01/2024,09:20:36,0.15,0.15,140640,0.2,10280,0,82800
FINNIFTY02JAN2419500PE.NFO,02/01/2024,09:20:45,0.15,0.15,147400,0.2,11000,0,82800
FINNIFTY02JAN2419500PE.NFO,02/01/2024,09:20:54,0.15,0.15,157040,0.2,12600,0,82800
FINNIFTY02JAN2419500PE.NFO,02/01/2024,09:21:04,0.15,0.15,175840,0.2,32400,0,82800
FINNIFTY02JAN2419500PE.NFO,02/01/2024,09:21:14,0.2,0.15,169920,0.2,24400,2200,82800
FINNIFTY02JAN2419500PE.NFO,02/01/2024,09:21:25,0.15,0.15,169240,0.2,27040,1360,82800
FINNIFTY02JAN2419500PE.NFO,02/01/2024,09:21:35,0.2,0.15,181360,0.2,42480,2200,82800
FINNIFTY02JAN2419500PE.NFO,02/01/2024,09:21:45,0.2,0.15,181360,0.2,42480,0,82800
FINNIFTY02JAN2419500PE.NFO,02/01/2024,09:22:06,0.2,0.15,184240,0.2,42480,0,82800
FINNIFTY02JAN2419500PE.NFO,02/01/2024,09:22:18,0.2,0.15,200080,0.2,42480,0,82800
FINNIFTY02JAN2419500PE.NFO,02/01/2024,09:22:50,0.2,0.15,200080,0.2,41600,880,82800
FINNIFTY02JAN2419500PE.NFO,02/01/2024,09:22:59,0.2,0.15,200080,0.2,35840,5760,82800
FINNIFTY02JAN2419500PE.NFO,02/01/2024,09:23:09,0.2,0.15,200080,0.2,35840,0,82800
FINNIFTY02JAN2419500PE.NFO,02/01/2024,09:23:18,0.2,0.15,200080,0.2,32960,2880,82800
FINNIFTY02JAN2419500PE.NFO,02/01/2024,09:23:28,0.2,0.15,200080,0.2,34520,2440,82800
FINNIFTY02JAN2419500PE.NFO,02/01/2024,09:23:37,0.2,0.15,200080,0.2,34200,320,87120
FINNIFTY02JAN2419500PE.NFO,02/01/2024,09:23:56,0.2,0.15,200080,0.2,26680,11120,87120
FINNIFTY02JAN2419500PE.NFO,02/01/2024,09:24:05,0.25,0.2,16840,0.25,53080,21520,87120
FINNIFTY02JAN2419500PE.NFO,02/01/2024,09:24:14,0.25,0.2,16360,0.25,51720,80,87120
FINNIFTY02JAN2419500PE.NFO,02/01/2024,09:24:24,0.25,0.2,20040,0.25,58840,80,87120
FINNIFTY02JAN2419500PE.NFO,02/01/2024,09:24:44,0.2,0.2,18240,0.25,58840,1800,87120
FINNIFTY02JAN2419500PE.NFO,02/01/2024,09:24:54,0.25,0.2,19280,0.25,64480,880,87120
FINNIFTY02JAN2419500PE.NFO,02/01/2024,09:25:04,0.25,0.2,18120,0.25,60200,5440,87120
FINNIFTY02JAN2419500PE.NFO,02/01/2024,09:25:15,0.25,0.2,18120,0.25,60120,80,87120
FINNIFTY02JAN2419500PE.NFO,02/01/2024,09:25:26,0.25,0.2,18120,0.25,59760,360,87120
FINNIFTY02JAN2419500PE.NFO,02/01/2024,09:25:36,0.25,0.2,20120,0.25,59200,560,87120
FINNIFTY02JAN2419500PE.NFO,02/01/2024,09:25:46,0.25,0.2,20080,0.25,53640,5600,87120
FINNIFTY02JAN2419500PE.NFO,02/01/2024,09:25:55,0.2,0.2,54560,0.25,53680,5600,87120
FINNIFTY02JAN2419500PE.NFO,02/01/2024,09:26:05,0.25,0.2,54560,0.25,50320,1920,87120
FINNIFTY02JAN2419500PE.NFO,02/01/2024,09:26:15,0.25,0.2,54560,0.25,49200,1120,87120
FINNIFTY02JAN2419500PE.NFO,02/01/2024,09:26:25,0.25,0.2,57280,0.25,46640,3840,87120
FINNIFTY02JAN2419500PE.NFO,02/01/2024,09:26:35,0.25,0.2,56880,0.25,39040,400,87120
FINNIFTY02JAN2419500PE.NFO,02/01/2024,09:26:46,0.25,0.2,56080,0.25,33640,6200,92840
FINNIFTY02JAN2419500PE.NFO,02/01/2024,09:26:57,0.2,0.2,56120,0.25,30000,6200,92840
FINNIFTY02JAN2419500PE.NFO,02/01/2024,09:27:07,0.2,0.2,56040,0.25,30000,80,92840
FINNIFTY02JAN2419500PE.NFO,02/01/2024,09:27:18,0.2,0.2,57200,0.25,37200,80,92840
FINNIFTY02JAN2419500PE.NFO,02/01/2024,09:27:27,0.2,0.2,57240,0.25,37200,0,92840
FINNIFTY02JAN2419500PE.NFO,02/01/2024,09:27:37,0.2,0.2,57200,0.25,37200,0,92840
FINNIFTY02JAN2419500PE.NFO,02/01/2024,09:27:57,0.2,0.2,57200,0.25,39000,0,92840
FINNIFTY02JAN2419500PE.NFO,02/01/2024,09:28:17,0.25,0.2,57200,0.25,38200,800,92840
FINNIFTY02JAN2419500PE.NFO,02/01/2024,09:28:28,0.25,0.2,57200,0.25,37000,1200,92840
FINNIFTY02JAN2419500PE.NFO,02/01/2024,09:28:41,0.25,0.2,57200,0.25,37000,0,92840
FINNIFTY02JAN2419500PE.NFO,02/01/2024,09:28:54,0.25,0.2,57200,0.25,35800,1200,92840
FINNIFTY02JAN2419500PE.NFO,02/01/2024,09:29:05,0.25,0.2,57200,0.25,34080,1720,92840
FINNIFTY02JAN2419500PE.NFO,02/01/2024,09:29:15,0.25,0.2,55960,0.25,29360,0,92840
FINNIFTY02JAN2419500PE.NFO,02/01/2024,09:29:28,0.25,0.2,73760,0.25,29360,0,92840
FINNIFTY02JAN2419500PE.NFO,02/01/2024,09:29:48,0.25,0.2,73760,0.25,28880,480,90120
FINNIFTY02JAN2419500PE.NFO,02/01/2024,09:29:58,0.25,0.2,73760,0.25,27440,0,90120
FINNIFTY02JAN2419500PE.NFO,02/01/2024,09:30:28,0.25,0.2,73760,0.25,27400,40,90120
FINNIFTY02JAN2419500PE.NFO,02/01/2024,09:30:48,0.25,0.2,73760,0.25,27400,0,90120
FINNIFTY02JAN2419500PE.NFO,02/01/2024,09:30:58,0.25,0.2,73760,0.25,26880,520,90120
FINNIFTY02JAN2419500PE.NFO,02/01/2024,09:31:10,0.25,0.2,74160,0.25,26880,0,90120
FINNIFTY02JAN2419500PE.NFO,02/01/2024,09:31:20,0.25,0.2,74160,0.25,20800,4280,90120
FINNIFTY02JAN2419500PE.NFO,02/01/2024,09:31:39,0.2,0.2,73800,0.25,24400,360,90120
FINNIFTY02JAN2419500PE.NFO,02/01/2024,09:31:49,0.2,0.2,73800,0.25,30840,0,90120
FINNIFTY02JAN2419500PE.NFO,02/01/2024,09:32:08,0.25,0.2,73800,0.25,30280,560,90120
FINNIFTY02JAN2419500PE.NFO,02/01/2024,09:32:18,0.25,0.2,73800,0.25,30280,0,90120
FINNIFTY02JAN2419500PE.NFO,02/01/2024,09:32:28,0.25,0.2,74720,0.25,33920,0,90120
FINNIFTY02JAN2419500PE.NFO,02/01/2024,09:32:48,0.25,0.2,74720,0.25,35840,0,90120
FINNIFTY02JAN2419500PE.NFO,02/01/2024,09:33:26,0.25,0.2,74720,0.25,35760,80,89840
FINNIFTY02JAN2419500PE.NFO,02/01/2024,09:33:36,0.25,0.2,74720,0.25,34680,80,89840
FINNIFTY02JAN2419500PE.NFO,02/01/2024,09:33:46,0.25,0.2,74720,0.25,34600,80,89840
FINNIFTY02JAN2419500PE.NFO,02/01/2024,09:33:55,0.2,0.2,74560,0.25,34600,160,89840
FINNIFTY02JAN2419500PE.NFO,02/01/2024,09:34:05,0.25,0.2,74560,0.25,34480,120,89840
FINNIFTY02JAN2419500PE.NFO,02/01/2024,09:34:14,0.25,0.2,74560,0.25,34480,0,89840
FINNIFTY02JAN2419500PE.NFO,02/01/2024,09:34:59,0.25,0.2,74560,0.25,34360,120,89840
FINNIFTY02JAN2419500PE.NFO,02/01/2024,09:35:08,0.25,0.2,74560,0.25,34240,120,89840
FINNIFTY02JAN2419500PE.NFO,02/01/2024,09:35:18,0.25,0.2,74560,0.25,33320,0,89840
FINNIFTY02JAN2419500PE.NFO,02/01/2024,09:35:27,0.25,0.2,74560,0.25,33200,120,89840
FINNIFTY02JAN2419500PE.NFO,02/01/2024,09:35:46,0.25,0.2,74560,0.25,32920,280,89840
FINNIFTY02JAN2419500PE.NFO,02/01/2024,09:35:56,0.25,0.2,74560,0.25,33920,0,89840
FINNIFTY02JAN2419500PE.NFO,02/01/2024,09:36:24,0.25,0.2,74560,0.25,33760,160,89840
FINNIFTY02JAN2419500PE.NFO,02/01/2024,09:36:33,0.25,0.2,74560,0.25,33680,80,89840
FINNIFTY02JAN2419500PE.NFO,02/01/2024,09:36:51,0.25,0.2,74560,0.25,35040,120,89840
FINNIFTY02JAN2419500PE.NFO,02/01/2024,09:37:18,0.25,0.2,74560,0.25,36480,0,89840
FINNIFTY02JAN2419500PE.NFO,02/01/2024,09:37:27,0.25,0.2,74600,0.25,36480,0,89840
FINNIFTY02JAN2419500PE.NFO,02/01/2024,09:37:36,0.25,0.2,74600,0.25,37400,0,89840
FINNIFTY02JAN2419500PE.NFO,02/01/2024,09:38:38,0.25,0.2,74600,0.25,38040,0,89840
FINNIFTY02JAN2419500PE.NFO,02/01/2024,09:40:05,0.2,0.2,74320,0.25,38040,280,89840
FINNIFTY02JAN2419500PE.NFO,02/01/2024,09:40:26,0.2,0.2,73920,0.25,38040,400,89840
FINNIFTY02JAN2419500PE.NFO,02/01/2024,09:40:36,0.2,0.2,73720,0.25,38040,200,89840
FINNIFTY02JAN2419500PE.NFO,02/01/2024,09:40:57,0.2,0.2,73720,0.25,38040,0,89840
FINNIFTY02JAN2419500PE.NFO,02/01/2024,09:41:07,0.2,0.2,73440,0.25,38040,280,89840
FINNIFTY02JAN2419500PE.NFO,02/01/2024,09:41:28,0.2,0.2,73440,0.25,38040,0,89840
FINNIFTY02JAN2419500PE.NFO,02/01/2024,09:43:03,0.25,0.2,73400,0.25,38000,40,89840
FINNIFTY02JAN2419500PE.NFO,02/01/2024,09:43:53,0.2,0.2,69080,0.25,38120,4320,89840
FINNIFTY02JAN2419500PE.NFO,02/01/2024,09:44:02,0.2,0.2,67640,0.25,41000,1440,89840
FINNIFTY02JAN2419500PE.NFO,02/01/2024,09:44:12,0.2,0.2,66560,0.25,41000,2880,89840
FINNIFTY02JAN2419500PE.NFO,02/01/2024,09:44:21,0.2,0.2,62240,0.25,43880,4320,89840
FINNIFTY02JAN2419500PE.NFO,02/01/2024,09:44:30,0.2,0.2,59280,0.25,50360,2960,100400
FINNIFTY02JAN2419500PE.NFO,02/01/2024,09:44:39,0.2,0.2,57200,0.25,53240,2880,100400
FINNIFTY02JAN2419500PE.NFO,02/01/2024,09:44:48,0.2,0.2,54320,0.25,54680,2880,100400
FINNIFTY02JAN2419500PE.NFO,02/01/2024,09:44:57,0.2,0.2,51440,0.25,54680,2880,100400
FINNIFTY02JAN2419500PE.NFO,02/01/2024,09:45:07,0.2,0.2,50000,0.25,54680,1440,100400
FINNIFTY02JAN2419500PE.NFO,02/01/2024,09:45:16,0.2,0.2,48360,0.25,54680,1440,100400
FINNIFTY02JAN2419500PE.NFO,02/01/2024,09:45:26,0.2,0.2,39720,0.25,54680,5320,100400
FINNIFTY02JAN2419500PE.NFO,02/01/2024,09:45:35,0.2,0.2,25520,0.25,59000,4320,100400
FINNIFTY02JAN2419500PE.NFO,02/01/2024,09:45:45,0.2,0.2,6440,0.25,60560,2920,100400
FINNIFTY02JAN2419500PE.NFO,02/01/2024,09:45:54,0.2,0.2,9400,0.25,60560,2880,100400
FINNIFTY02JAN2419500PE.NFO,02/01/2024,09:46:04,0.2,0.2,8760,0.25,71280,1560,100400
FINNIFTY02JAN2419500PE.NFO,02/01/2024,09:46:14,0.25,0.2,8760,0.25,71000,280,100400
FINNIFTY02JAN2419500PE.NFO,02/01/2024,09:46:24,0.25,0.2,8760,0.25,71000,0,100400
FINNIFTY02JAN2419500PE.NFO,02/01/2024,09:46:33,0.25,0.2,8760,0.25,70800,120,100400
FINNIFTY02JAN2419500PE.NFO,02/01/2024,09:46:52,0.25,0.2,9240,0.25,67760,3040,100400
FINNIFTY02JAN2419500PE.NFO,02/01/2024,09:47:11,0.2,0.2,10680,0.25,67760,360,100400
FINNIFTY02JAN2419500PE.NFO,02/01/2024,09:47:20,0.25,0.2,10680,0.25,67720,40,100400
FINNIFTY02JAN2419500PE.NFO,02/01/2024,09:47:29,0.25,0.2,10680,0.25,69240,0,100400
FINNIFTY02JAN2419500PE.NFO,02/01/2024,09:48:06,0.25,0.2,10680,0.25,69120,0,100400
FINNIFTY02JAN2419500PE.NFO,02/01/2024,09:48:41,0.25,0.2,9880,0.25,69120,0,100400
FINNIFTY02JAN2419500PE.NFO,02/01/2024,09:49:19,0.2,0.2,8360,0.25,69120,1520,124840
FINNIFTY02JAN2419500PE.NFO,02/01/2024,09:49:28,0.2,0.2,9480,0.25,67600,1160,124840
FINNIFTY02JAN2419500PE.NFO,02/01/2024,09:49:38,0.2,0.2,9480,0.25,67600,0,124840
FINNIFTY02JAN2419500PE.NFO,02/01/2024,09:50:05,0.2,0.2,9480,0.25,67720,0,124840
FINNIFTY02JAN2419500PE.NFO,02/01/2024,09:51:37,0.2,0.2,9480,0.25,66280,0,124840
FINNIFTY02JAN2419500PE.NFO,02/01/2024,09:51:47,0.2,0.2,9480,0.25,66560,0,124840
FINNIFTY02JAN2419500PE.NFO,02/01/2024,09:55:01,0.2,0.2,9000,0.25,66360,480,124840
FINNIFTY02JAN2419500PE.NFO,02/01/2024,09:55:11,0.2,0.2,6120,0.25,63480,2880,124840
FINNIFTY02JAN2419500PE.NFO,02/01/2024,09:55:32,0.2,0.2,4920,0.25,63480,1200,124840
FINNIFTY02JAN2419500PE.NFO,02/01/2024,09:55:42,0.2,0.2,4720,0.25,63480,200,124840
FINNIFTY02JAN2419500PE.NFO,02/01/2024,09:55:52,0.2,0.2,4400,0.25,63480,320,124840
FINNIFTY02JAN2419500PE.NFO,02/01/2024,09:56:04,0.2,0.2,640,0.25,64040,6440,124840
FINNIFTY02JAN2419500PE.NFO,02/01/2024,09:56:16,0.2,0.2,9600,0.25,51360,0,124840
FINNIFTY02JAN2419500PE.NFO,02/01/2024,09:56:53,0.2,0.2,40,0.25,50440,2640,124360
FINNIFTY02JAN2419500PE.NFO,02/01/2024,09:57:05,0.2,0.2,40,0.25,50360,80,124360
FINNIFTY02JAN2419500PE.NFO,02/01/2024,09:57:18,0.2,0.15,192880,0.2,4000,920,124360
FINNIFTY02JAN2419500PE.NFO,02/01/2024,09:57:30,0.2,0.15,186720,0.2,400,0,124360
FINNIFTY02JAN2419500PE.NFO,02/01/2024,09:57:43,0.2,0.15,186720,0.2,2000,0,124360
FINNIFTY02JAN2419500PE.NFO,02/01/2024,09:57:54,0.2,0.15,190320,0.2,2000,0,124360
FINNIFTY02JAN2419500PE.NFO,02/01/2024,09:58:05,0.15,0.15,193680,0.2,2000,240,124360
FINNIFTY02JAN2419500PE.NFO,02/01/2024,09:58:16,0.15,0.15,193440,0.2,3560,240,124360
FINNIFTY02JAN2419500PE.NFO,02/01/2024,09:58:28,0.15,0.15,192800,0.2,11680,640,124360
FINNIFTY02JAN2419500PE.NFO,02/01/2024,09:58:41,0.15,0.15,182000,0.2,1960,0,124360
FINNIFTY02JAN2419500PE.NFO,02/01/2024,09:59:02,0.15,0.15,189200,0.2,13520,0,124360
FINNIFTY02JAN2419500PE.NFO,02/01/2024,09:59:13,0.15,0.15,182000,0.2,12520,0,124360
FINNIFTY02JAN2419500PE.NFO,02/01/2024,09:59:25,0.2,0.2,16080,0.25,65760,1640,124360
FINNIFTY02JAN2419500PE.NFO,02/01/2024,09:59:37,0.2,0.2,20880,0.25,67200,0,124360
FINNIFTY02JAN2419500PE.NFO,02/01/2024,09:59:48,0.2,0.2,15640,0.25,56280,5240,125520
FINNIFTY02JAN2419500PE.NFO,02/01/2024,09:59:58,0.2,0.2,5680,0.25,65760,5680,125520
FINNIFTY02JAN2419500PE.NFO,02/01/2024,10:00:10,0.2,0.2,7200,0.25,75360,3840,125520
FINNIFTY02JAN2419500PE.NFO,02/01/2024,10:00:22,0.2,0.2,5560,0.25,78000,1640,125520
FINNIFTY02JAN2419500PE.NFO,02/01/2024,10:00:35,0.2,0.15,182000,0.2,17760,3800,125520
FINNIFTY02JAN2419500PE.NFO,02/01/2024,10:00:47,0.2,0.15,182000,0.2,17760,0,125520
FINNIFTY02JAN2419500PE.NFO,02/01/2024,10:01:19,0.15,0.15,178800,0.2,23160,3200,125520
FINNIFTY02JAN2419500PE.NFO,02/01/2024,10:01:30,0.2,0.15,180560,0.2,28800,960,125520
FINNIFTY02JAN2419500PE.NFO,02/01/2024,10:01:41,0.2,0.15,180560,0.2,28800,0,125520
FINNIFTY02JAN2419500PE.NFO,02/01/2024,10:02:23,0.15,0.15,179120,0.2,28320,1920,125520
FINNIFTY02JAN2419500PE.NFO,02/01/2024,10:02:32,0.15,0.15,176240,0.2,36600,2880,125520
FINNIFTY02JAN2419500PE.NFO,02/01/2024,10:02:43,0.15,0.15,171920,0.2,42480,4320,149840
FINNIFTY02JAN2419500PE.NFO,02/01/2024,10:02:53,0.15,0.15,168400,0.2,45480,3520,149840
FINNIFTY02JAN2419500PE.NFO,02/01/2024,10:03:03,0.15,0.15,165520,0.2,45480,2880,149840
FINNIFTY02JAN2419500PE.NFO,02/01/2024,10:03:14,0.15,0.15,159760,0.2,55400,6720,149840
FINNIFTY02JAN2419500PE.NFO,02/01/2024,10:03:27,0.15,0.15,158320,0.2,61400,7200,149840
FINNIFTY02JAN2419500PE.NFO,02/01/2024,10:03:39,0.15,0.15,156880,0.2,64000,1440,149840
FINNIFTY02JAN2419500PE.NFO,02/01/2024,10:04:20,0.2,0.15,156600,0.2,64480,960,149840
FINNIFTY02JAN2419500PE.NFO,02/01/2024,10:04:41,0.2,0.15,156600,0.2,64480,0,149840
FINNIFTY02JAN2419500PE.NFO,02/01/2024,10:05:02,0.15,0.15,156160,0.2,64920,440,149840
FINNIFTY02JAN2419500PE.NFO,02/01/2024,10:05:12,0.15,0.15,156160,0.2,64920,0,149840
FINNIFTY02JAN2419500PE.NFO,02/01/2024,10:05:23,0.15,0.15,155960,0.2,64920,200,149840
FINNIFTY02JAN2419500PE.NFO,02/01/2024,10:05:53,0.15,0.15,155560,0.2,65120,400,173280
FINNIFTY02JAN2419500PE.NFO,02/01/2024,10:06:23,0.2,0.15,155560,0.2,64560,960,173280
FINNIFTY02JAN2419500PE.NFO,02/01/2024,10:06:34,0.2,0.15,155560,0.2,64560,0,173280
FINNIFTY02JAN2419500PE.NFO,02/01/2024,10:07:05,0.2,0.15,155560,0.2,69960,0,173280
FINNIFTY02JAN2419500PE.NFO,02/01/2024,10:07:26,0.2,0.15,156640,0.2,69960,0,173280
FINNIFTY02JAN2419500PE.NFO,02/01/2024,10:10:26,0.2,0.15,138640,0.2,69960,0,173280
FINNIFTY02JAN2419500PE.NFO,02/01/2024,10:11:26,0.2,0.15,138640,0.2,69760,200,174280
FINNIFTY02JAN2419500PE.NFO,02/01/2024,10:11:35,0.2,0.15,138640,0.2,69560,200,174280
FINNIFTY02JAN2419500PE.NFO,02/01/2024,10:12:13,0.2,0.15,138640,0.2,70560,0,174280
FINNIFTY02JAN2419500PE.NFO,02/01/2024,10:12:54,0.15,0.15,137680,0.2,64320,960,173880
FINNIFTY02JAN2419500PE.NFO,02/01/2024,10:14:45,0.2,0.15,138960,0.2,64120,200,173880
FINNIFTY02JAN2419500PE.NFO,02/01/2024,10:15:24,0.2,0.15,138960,0.2,64760,0,173880
FINNIFTY02JAN2419500PE.NFO,02/01/2024,10:16:13,0.2,0.15,138960,0.2,64440,320,173880
FINNIFTY02JAN2419500PE.NFO,02/01/2024,10:16:33,0.2,0.15,138960,0.2,64440,0,173880
FINNIFTY02JAN2419500PE.NFO,02/01/2024,10:17:02,0.2,0.15,138960,0.2,64240,200,173880
FINNIFTY02JAN2419500PE.NFO,02/01/2024,10:17:22,0.2,0.15,138960,0.2,75160,0,173880
FINNIFTY02JAN2419500PE.NFO,02/01/2024,10:17:32,0.15,0.15,139120,0.2,67960,960,173880
FINNIFTY02JAN2419500PE.NFO,02/01/2024,10:17:42,0.15,0.15,139120,0.2,76040,0,173880
FINNIFTY02JAN2419500PE.NFO,02/01/2024,10:17:51,0.15,0.15,139120,0.2,76120,0,173880
FINNIFTY02JAN2419500PE.NFO,02/01/2024,10:18:39,0.15,0.15,137520,0.2,76120,1600,173680
FINNIFTY02JAN2419500PE.NFO,02/01/2024,10:18:58,0.15,0.15,130320,0.2,77720,0,173680
FINNIFTY02JAN2419500PE.NFO,02/01/2024,10:19:08,0.15,0.15,103120,0.2,77720,0,173680
FINNIFTY02JAN2419500PE.NFO,02/01/2024,10:19:27,0.2,0.15,84400,0.2,77520,200,173680
FINNIFTY02JAN2419500PE.NFO,02/01/2024,10:19:36,0.2,0.15,82600,0.2,77520,0,173680
FINNIFTY02JAN2419500PE.NFO,02/01/2024,10:19:45,0.2,0.15,77200,0.2,77520,0,173680
FINNIFTY02JAN2419500PE.NFO,02/01/2024,10:19:55,0.2,0.15,73520,0.2,77520,0,173680
FINNIFTY02JAN2419500PE.NFO,02/01/2024,10:20:04,0.2,0.15,55520,0.2,77320,200,173680
FINNIFTY02JAN2419500PE.NFO,02/01/2024,10:20:14,0.2,0.15,37520,0.2,79360,0,173680
FINNIFTY02JAN2419500PE.NFO,02/01/2024,10:20:33,0.15,0.15,19520,0.2,61360,18000,173680
FINNIFTY02JAN2419500PE.NFO,02/01/2024,10:20:43,0.15,0.15,2120,0.2,45280,16120,175160
FINNIFTY02JAN2419500PE.NFO,02/01/2024,10:20:53,0.15,0.15,2120,0.2,45240,0,175160
FINNIFTY02JAN2419500PE.NFO,02/01/2024,10:21:02,0.15,0.1,299800,0.15,10800,2640,175160
FINNIFTY02JAN2419500PE.NFO,02/01/2024,10:21:12,0.15,0.1,299800,0.15,37720,40,175160
FINNIFTY02JAN2419500PE.NFO,02/01/2024,10:21:32,0.15,0.1,299800,0.15,37320,400,175160
FINNIFTY02JAN2419500PE.NFO,02/01/2024,10:22:01,0.15,0.1,549800,0.15,43480,1040,175160
FINNIFTY02JAN2419500PE.NFO,02/01/2024,10:22:11,0.15,0.1,549800,0.15,43080,400,175160
FINNIFTY02JAN2419500PE.NFO,02/01/2024,10:22:21,0.15,0.15,9520,0.2,89880,41320,175160
FINNIFTY02JAN2419500PE.NFO,02/01/2024,10:22:31,0.15,0.15,17920,0.2,91280,0,175160
FINNIFTY02JAN2419500PE.NFO,02/01/2024,10:22:41,0.15,0.15,17880,0.2,91280,0,175160
FINNIFTY02JAN2419500PE.NFO,02/01/2024,10:22:51,0.15,0.15,25120,0.2,91280,0,175160
FINNIFTY02JAN2419500PE.NFO,02/01/2024,10:23:01,0.15,0.15,25080,0.2,91280,0,175160
FINNIFTY02JAN2419500PE.NFO,02/01/2024,10:23:31,0.15,0.1,548000,0.15,5800,19720,175160
FINNIFTY02JAN2419500PE.NFO,02/01/2024,10:23:41,0.15,0.1,558040,0.15,6720,7200,174400
FINNIFTY02JAN2419500PE.NFO,02/01/2024,10:23:52,0.2,0.15,13920,0.2,71280,5720,174400
FINNIFTY02JAN2419500PE.NFO,02/01/2024,10:24:01,0.15,0.15,17440,0.2,84240,760,174400
FINNIFTY02JAN2419500PE.NFO,02/01/2024,10:24:12,0.15,0.15,27520,0.2,90240,0,174400
FINNIFTY02JAN2419500PE.NFO,02/01/2024,10:25:47,0.15,0.15,25920,0.2,90440,1600,174400
FINNIFTY02JAN2419500PE.NFO,02/01/2024,10:25:57,0.2,0.15,25920,0.2,87960,680,174400
FINNIFTY02JAN2419500PE.NFO,02/01/2024,10:26:07,0.2,0.15,25920,0.2,89080,680,174400
FINNIFTY02JAN2419500PE.NFO,02/01/2024,10:26:31,0.2,0.15,29520,0.2,88920,160,174400
FINNIFTY02JAN2419500PE.NFO,02/01/2024,10:26:42,0.2,0.15,39520,0.2,87360,1560,180560
FINNIFTY02JAN2419500PE.NFO,02/01/2024,10:26:54,0.2,0.15,39520,0.2,87080,280,180560
FINNIFTY02JAN2419500PE.NFO,02/01/2024,10:27:05,0.15,0.15,39280,0.2,79880,240,180560
FINNIFTY02JAN2419500PE.NFO,02/01/2024,10:27:16,0.15,0.15,38760,0.2,79880,520,180560
FINNIFTY02JAN2419500PE.NFO,02/01/2024,10:27:37,0.2,0.15,38760,0.2,79800,80,180560
FINNIFTY02JAN2419500PE.NFO,02/01/2024,10:27:47,0.2,0.15,38760,0.2,79800,0,180560
FINNIFTY02JAN2419500PE.NFO,02/01/2024,10:28:08,0.2,0.15,40560,0.2,79720,80,180560
FINNIFTY02JAN2419500PE.NFO,02/01/2024,10:28:18,0.2,0.15,42360,0.2,79720,0,180560
FINNIFTY02JAN2419500PE.NFO,02/01/2024,10:28:29,0.2,0.15,42360,0.2,79920,0,180560
FINNIFTY02JAN2419500PE.NFO,02/01/2024,10:29:08,0.15,0.15,41720,0.2,79920,640,180560
FINNIFTY02JAN2419500PE.NFO,02/01/2024,10:29:28,0.2,0.15,41720,0.2,79640,280,180560
FINNIFTY02JAN2419500PE.NFO,02/01/2024,10:30:22,0.2,0.15,41720,0.2,82440,80,182720
FINNIFTY02JAN2419500PE.NFO,02/01/2024,10:30:33,0.2,0.15,41720,0.2,82360,80,182720
FINNIFTY02JAN2419500PE.NFO,02/01/2024,10:31:04,0.2,0.15,41720,0.2,82360,0,182720
FINNIFTY02JAN2419500PE.NFO,02/01/2024,10:31:55,0.2,0.15,41720,0.2,82280,80,182720
FINNIFTY02JAN2419500PE.NFO,02/01/2024,10:32:05,0.2,0.15,41720,0.2,81920,360,182720
FINNIFTY02JAN2419500PE.NFO,02/01/2024,10:32:16,0.2,0.15,41720,0.2,81920,0,182720
FINNIFTY02JAN2419500PE.NFO,02/01/2024,10:33:05,0.2,0.15,44320,0.2,81920,0,182720
FINNIFTY02JAN2419500PE.NFO,02/01/2024,10:33:25,0.2,0.15,41720,0.2,79320,2600,183320
FINNIFTY02JAN2419500PE.NFO,02/01/2024,10:33:34,0.15,0.15,41520,0.2,79120,200,183320
FINNIFTY02JAN2419500PE.NFO,02/01/2024,10:36:37,0.15,0.15,41320,0.2,79120,200,183320
FINNIFTY02JAN2419500PE.NFO,02/01/2024,10:36:50,0.15,0.15,40560,0.2,79120,760,183320
FINNIFTY02JAN2419500PE.NFO,02/01/2024,10:37:46,0.15,0.15,40560,0.2,80560,0,183320
FINNIFTY02JAN2419500PE.NFO,02/01/2024,10:38:47,0.15,0.15,40480,0.2,80560,80,184280
FINNIFTY02JAN2419500PE.NFO,02/01/2024,10:40:48,0.15,0.15,40480,0.2,80560,0,184280
FINNIFTY02JAN2419500PE.NFO,02/01/2024,10:43:17,0.2,0.15,40480,0.2,80360,200,184280
FINNIFTY02JAN2419500PE.NFO,02/01/2024,10:44:30,0.2,0.15,40480,0.2,80160,200,184280
FINNIFTY02JAN2419500PE.NFO,02/01/2024,10:44:40,0.2,0.15,40480,0.2,79960,200,184280
FINNIFTY02JAN2419500PE.NFO,02/01/2024,10:45:32,0.2,0.15,30400,0.2,79960,0,184280
FINNIFTY02JAN2419500PE.NFO,02/01/2024,10:46:41,0.2,0.15,30400,0.2,79760,200,184280
FINNIFTY02JAN2419500PE.NFO,02/01/2024,10:46:51,0.2,0.15,30400,0.2,79680,480,184280
FINNIFTY02JAN2419500PE.NFO,02/01/2024,10:47:32,0.2,0.15,30400,0.2,79480,200,184280
FINNIFTY02JAN2419500PE.NFO,02/01/2024,10:47:53,0.2,0.15,26080,0.2,79480,0,184280
FINNIFTY02JAN2419500PE.NFO,02/01/2024,10:49:02,0.2,0.15,27880,0.2,78520,960,183440
FINNIFTY02JAN2419500PE.NFO,02/01/2024,10:49:13,0.2,0.15,27880,0.2,79840,480,183440
FINNIFTY02JAN2419500PE.NFO,02/01/2024,10:51:07,0.2,0.15,27880,0.2,79840,0,183440
FINNIFTY02JAN2419500PE.NFO,02/01/2024,10:52:16,0.15,0.15,15600,0.2,62520,4360,183440
FINNIFTY02JAN2419500PE.NFO,02/01/2024,10:52:26,0.15,0.1,300000,0.15,14240,6680,183440
FINNIFTY02JAN2419500PE.NFO,02/01/2024,10:52:36,0.15,0.1,300000,0.15,17720,0,183440
FINNIFTY02JAN2419500PE.NFO,02/01/2024,10:52:46,0.15,0.1,300000,0.15,16760,960,183440
FINNIFTY02JAN2419500PE.NFO,02/01/2024,10:52:55,0.15,0.1,300000,0.15,16040,720,183440
FINNIFTY02JAN2419500PE.NFO,02/01/2024,10:53:34,0.15,0.1,300000,0.15,15800,240,183440
FINNIFTY02JAN2419500PE.NFO,02/01/2024,10:53:44,0.15,0.1,300000,0.15,15520,280,183440
FINNIFTY02JAN2419500PE.NFO,02/01/2024,10:54:03,0.15,0.1,300000,0.15,18720,400,179040
FINNIFTY02JAN2419500PE.NFO,02/01/2024,10:54:12,0.15,0.1,300000,0.15,18520,200,179040
FINNIFTY02JAN2419500PE.NFO,02/01/2024,10:54:31,0.15,0.1,300000,0.15,18320,200,179040
FINNIFTY02JAN2419500PE.NFO,02/01/2024,10:54:50,0.15,0.1,300000,0.15,18320,0,179040
FINNIFTY02JAN2419500PE.NFO,02/01/2024,10:54:59,0.15,0.1,300000,0.15,20120,0,179040
FINNIFTY02JAN2419500PE.NFO,02/01/2024,10:55:17,0.15,0.1,300000,0.15,19920,200,179040
FINNIFTY02JAN2419500PE.NFO,02/01/2024,10:55:26,0.15,0.1,300000,0.15,19920,0,179040
FINNIFTY02JAN2419500PE.NFO,02/01/2024,10:55:36,0.15,0.1,300000,0.15,18640,3080,179040
FINNIFTY02JAN2419500PE.NFO,02/01/2024,10:56:33,0.15,0.1,300000,0.15,18440,200,179040
FINNIFTY02JAN2419500PE.NFO,02/01/2024,10:56:52,0.1,0.1,299520,0.15,18440,480,178040
FINNIFTY02JAN2419500PE.NFO,02/01/2024,10:56:52,0.1,0.1,299520,0.15,18440,0,178040
FINNIFTY02JAN2419500PE.NFO,02/01/2024,10:57:02,0.1,0.1,298560,0.15,20240,960,178040
FINNIFTY02JAN2419500PE.NFO,02/01/2024,10:57:22,0.1,0.1,297440,0.15,27440,1120,178040
FINNIFTY02JAN2419500PE.NFO,02/01/2024,10:57:32,0.1,0.1,297440,0.15,27440,0,178040
FINNIFTY02JAN2419500PE.NFO,02/01/2024,10:57:41,0.15,0.1,297440,0.15,39520,520,178040
FINNIFTY02JAN2419500PE.NFO,02/01/2024,10:57:51,0.1,0.1,296680,0.15,39520,760,178040
FINNIFTY02JAN2419500PE.NFO,02/01/2024,10:58:01,0.1,0.1,296680,0.15,39520,0,178040
FINNIFTY02JAN2419500PE.NFO,02/01/2024,10:58:11,0.15,0.1,307480,0.15,39280,240,178040
FINNIFTY02JAN2419500PE.NFO,02/01/2024,10:59:07,0.15,0.1,307480,0.15,41120,0,178040
FINNIFTY02JAN2419500PE.NFO,02/01/2024,11:01:23,0.15,0.1,307480,0.15,39640,1480,178560
FINNIFTY02JAN2419500PE.NFO,02/01/2024,11:01:33,0.15,0.1,307480,0.15,38160,1480,178560
FINNIFTY02JAN2419500PE.NFO,02/01/2024,11:01:52,0.15,0.1,307480,0.15,33560,1000,178560
FINNIFTY02JAN2419500PE.NFO,02/01/2024,11:02:02,0.15,0.1,307480,0.15,33000,1560,178560
FINNIFTY02JAN2419500PE.NFO,02/01/2024,11:02:11,0.15,0.1,307480,0.15,19840,2480,178560
FINNIFTY02JAN2419500PE.NFO,02/01/2024,11:02:21,0.15,0.1,307480,0.15,23440,1000,178560
FINNIFTY02JAN2419500PE.NFO,02/01/2024,11:02:31,0.15,0.1,307480,0.15,20400,2040,178560
FINNIFTY02JAN2419500PE.NFO,02/01/2024,11:02:40,0.15,0.1,307480,0.15,20400,1000,178560
FINNIFTY02JAN2419500PE.NFO,02/01/2024,11:03:27,0.15,0.1,307480,0.15,19400,0,178560
FINNIFTY02JAN2419500PE.NFO,02/01/2024,11:03:36,0.15,0.1,307480,0.15,23040,0,178560
FINNIFTY02JAN2419500PE.NFO,02/01/2024,11:04:12,0.15,0.1,307480,0.15,22040,1000,178680
FINNIFTY02JAN2419500PE.NFO,02/01/2024,11:04:31,0.15,0.1,311080,0.15,17440,2000,178680
FINNIFTY02JAN2419500PE.NFO,02/01/2024,11:04:41,0.15,0.1,314680,0.15,17440,0,178680
FINNIFTY02JAN2419500PE.NFO,02/01/2024,11:05:27,0.15,0.1,314680,0.15,16440,1000,178680
FINNIFTY02JAN2419500PE.NFO,02/01/2024,11:05:36,0.15,0.1,314680,0.15,15480,0,178680
FINNIFTY02JAN2419500PE.NFO,02/01/2024,11:05:55,0.15,0.1,314680,0.15,20080,0,178680
FINNIFTY02JAN2419500PE.NFO,02/01/2024,11:09:58,0.15,0.1,314680,0.15,19080,0,178680
FINNIFTY02JAN2419500PE.NFO,02/01/2024,11:12:07,0.15,0.1,314680,0.15,18840,240,178680
FINNIFTY02JAN2419500PE.NFO,02/01/2024,11:12:25,0.15,0.1,314680,0.15,19640,200,178680
FINNIFTY02JAN2419500PE.NFO,02/01/2024,11:12:43,0.15,0.1,314680,0.15,18640,0,178680
FINNIFTY02JAN2419500PE.NFO,02/01/2024,11:13:01,0.15,0.1,314680,0.15,17680,960,178680
FINNIFTY02JAN2419500PE.NFO,02/01/2024,11:13:11,0.15,0.1,314680,0.15,17200,480,178680
FINNIFTY02JAN2419500PE.NFO,02/01/2024,11:13:20,0.15,0.1,314680,0.15,18000,200,178680
FINNIFTY02JAN2419500PE.NFO,02/01/2024,11:13:30,0.15,0.1,314680,0.15,13400,0,178680
FINNIFTY02JAN2419500PE.NFO,02/01/2024,11:14:00,0.15,0.1,314680,0.15,18000,0,178680
FINNIFTY02JAN2419500PE.NFO,02/01/2024,11:14:57,0.15,0.1,314680,0.15,17000,0,178680
FINNIFTY02JAN2419500PE.NFO,02/01/2024,11:15:17,0.15,0.1,314640,0.15,17760,240,178040
FINNIFTY02JAN2419500PE.NFO,02/01/2024,11:15:37,0.15,0.1,314760,0.15,17560,200,178040
FINNIFTY02JAN2419500PE.NFO,02/01/2024,11:15:47,0.1,0.1,314280,0.15,17160,880,178040
FINNIFTY02JAN2419500PE.NFO,02/01/2024,11:15:58,0.15,0.15,54080,0.2,92000,14400,178040
FINNIFTY02JAN2419500PE.NFO,02/01/2024,11:16:08,0.15,0.15,72080,0.2,92000,0,178040
FINNIFTY02JAN2419500PE.NFO,02/01/2024,11:16:37,0.15,0.15,60320,0.2,82080,600,178040
FINNIFTY02JAN2419500PE.NFO,02/01/2024,11:16:46,0.15,0.15,60440,0.2,60200,0,178040
FINNIFTY02JAN2419500PE.NFO,02/01/2024,11:17:05,0.2,0.15,83840,0.2,57720,2480,178040
FINNIFTY02JAN2419500PE.NFO,02/01/2024,11:17:15,0.2,0.15,92840,0.2,57720,0,178040
FINNIFTY02JAN2419500PE.NFO,02/01/2024,11:17:24,0.2,0.15,100040,0.2,61520,0,178040
FINNIFTY02JAN2419500PE.NFO,02/01/2024,11:17:34,0.2,0.15,101840,0.2,61520,0,178040
FINNIFTY02JAN2419500PE.NFO,02/01/2024,11:17:53,0.2,0.15,101840,0.2,61440,80,174800
FINNIFTY02JAN2419500PE.NFO,02/01/2024,11:18:30,0.2,0.15,101720,0.2,61440,0,174800
FINNIFTY02JAN2419500PE.NFO,02/01/2024,11:18:49,0.2,0.15,101720,0.2,58920,2520,174800
FINNIFTY02JAN2419500PE.NFO,02/01/2024,11:20:28,0.2,0.15,101720,0.2,58680,240,174800
FINNIFTY02JAN2419500PE.NFO,02/01/2024,11:21:05,0.2,0.15,102720,0.2,58680,0,174800
FINNIFTY02JAN2419500PE.NFO,02/01/2024,11:22:30,0.15,0.15,102280,0.2,65880,440,172280
FINNIFTY02JAN2419500PE.NFO,02/01/2024,11:22:40,0.15,0.15,101880,0.2,65880,400,172280
FINNIFTY02JAN2419500PE.NFO,02/01/2024,11:22:50,0.15,0.15,85440,0.2,65880,240,172280
FINNIFTY02JAN2419500PE.NFO,02/01/2024,11:22:59,0.15,0.15,85440,0.2,65880,0,172280
FINNIFTY02JAN2419500PE.NFO,02/01/2024,11:23:08,0.15,0.15,74640,0.2,65880,0,172280
FINNIFTY02JAN2419500PE.NFO,02/01/2024,11:23:18,0.15,0.15,65640,0.2,65880,0,172280
FINNIFTY02JAN2419500PE.NFO,02/01/2024,11:23:27,0.15,0.15,58440,0.2,65880,0,172280
FINNIFTY02JAN2419500PE.NFO,02/01/2024,11:24:13,0.15,0.15,58240,0.2,65880,200,173280
FINNIFTY02JAN2419500PE.NFO,02/01/2024,11:25:16,0.15,0.15,58040,0.2,65880,200,173280
FINNIFTY02JAN2419500PE.NFO,02/01/2024,11:25:35,0.15,0.15,56240,0.2,65880,0,173280
FINNIFTY02JAN2419500PE.NFO,02/01/2024,11:25:45,0.15,0.15,54120,0.2,67680,2720,173280
FINNIFTY02JAN2419500PE.NFO,02/01/2024,11:25:54,0.15,0.15,52320,0.2,82640,0,173280
FINNIFTY02JAN2419500PE.NFO,02/01/2024,11:26:13,0.15,0.15,53920,0.2,82640,200,173280
FINNIFTY02JAN2419500PE.NFO,02/01/2024,11:26:22,0.15,0.15,53680,0.2,82640,240,173280
FINNIFTY02JAN2419500PE.NFO,02/01/2024,11:26:41,0.15,0.15,41680,0.2,70640,12000,173280
FINNIFTY02JAN2419500PE.NFO,02/01/2024,11:27:08,0.15,0.15,41680,0.2,81440,0,173280
FINNIFTY02JAN2419500PE.NFO,02/01/2024,11:27:27,0.15,0.15,41680,0.2,85040,0,173280
FINNIFTY02JAN2419500PE.NFO,02/01/2024,11:27:36,0.15,0.15,41440,0.2,85040,240,173200
FINNIFTY02JAN2419500PE.NFO,02/01/2024,11:28:22,0.15,0.15,41640,0.2,85040,0,173200
FINNIFTY02JAN2419500PE.NFO,02/01/2024,11:29:35,0.15,0.15,41640,0.2,86840,0,173200
FINNIFTY02JAN2419500PE.NFO,02/01/2024,11:31:23,0.15,0.15,41640,0.2,86280,0,173200
FINNIFTY02JAN2419500PE.NFO,02/01/2024,11:31:31,0.15,0.15,41640,0.2,86840,0,173200
FINNIFTY02JAN2419500PE.NFO,02/01/2024,11:33:03,0.15,0.15,41640,0.2,85040,0,173200
FINNIFTY02JAN2419500PE.NFO,02/01/2024,11:33:29,0.15,0.15,41320,0.2,85040,320,173440
FINNIFTY02JAN2419500PE.NFO,02/01/2024,11:33:38,0.2,0.15,41320,0.2,85000,40,173440
FINNIFTY02JAN2419500PE.NFO,02/01/2024,11:34:13,0.15,0.15,41080,0.2,85000,240,173440
FINNIFTY02JAN2419500PE.NFO,02/01/2024,11:34:22,0.15,0.15,40880,0.2,85000,200,173440
FINNIFTY02JAN2419500PE.NFO,02/01/2024,11:34:32,0.15,0.15,40680,0.2,85000,200,173440
FINNIFTY02JAN2419500PE.NFO,02/01/2024,11:35:08,0.15,0.15,40680,0.2,85000,0,173440
FINNIFTY02JAN2419500PE.NFO,02/01/2024,11:35:17,0.15,0.15,40480,0.2,85000,200,173440
FINNIFTY02JAN2419500PE.NFO,02/01/2024,11:35:45,0.15,0.15,40280,0.2,85000,200,173440
FINNIFTY02JAN2419500PE.NFO,02/01/2024,11:36:02,0.15,0.15,38480,0.2,85000,1800,174800
FINNIFTY02JAN2419500PE.NFO,02/01/2024,11:36:30,0.15,0.15,38280,0.2,85000,200,174800
FINNIFTY02JAN2419500PE.NFO,02/01/2024,11:36:49,0.15,0.15,38200,0.2,85000,80,174800
FINNIFTY02JAN2419500PE.NFO,02/01/2024,11:37:08,0.15,0.15,38240,0.2,88600,0,174800
FINNIFTY02JAN2419500PE.NFO,02/01/2024,11:37:17,0.2,0.15,37880,0.2,90360,360,174800
FINNIFTY02JAN2419500PE.NFO,02/01/2024,11:38:04,0.15,0.15,37840,0.2,90360,40,174800
FINNIFTY02JAN2419500PE.NFO,02/01/2024,11:38:23,0.15,0.15,37840,0.2,90360,0,174800
FINNIFTY02JAN2419500PE.NFO,02/01/2024,11:39:11,0.15,0.15,37800,0.2,90360,40,175000
FINNIFTY02JAN2419500PE.NFO,02/01/2024,11:39:29,0.15,0.15,37800,0.2,90360,0,175000
FINNIFTY02JAN2419500PE.NFO,02/01/2024,11:39:39,0.2,0.15,37800,0.2,90320,40,175000
FINNIFTY02JAN2419500PE.NFO,02/01/2024,11:40:15,0.2,0.15,37800,0.2,90120,200,175000
FINNIFTY02JAN2419500PE.NFO,02/01/2024,11:40:42,0.2,0.15,37800,0.2,90160,0,175000
FINNIFTY02JAN2419500PE.NFO,02/01/2024,11:41:49,0.15,0.15,36840,0.2,90160,960,175000
FINNIFTY02JAN2419500PE.NFO,02/01/2024,11:42:38,0.2,0.15,36840,0.2,89520,640,175000
FINNIFTY02JAN2419500PE.NFO,02/01/2024,11:43:06,0.2,0.15,36840,0.2,89320,200,175000
FINNIFTY02JAN2419500PE.NFO,02/01/2024,11:43:34,0.15,0.15,35840,0.2,89320,1000,175000
FINNIFTY02JAN2419500PE.NFO,02/01/2024,11:43:43,0.2,0.15,35840,0.2,88720,600,175000
FINNIFTY02JAN2419500PE.NFO,02/01/2024,11:43:53,0.2,0.15,35840,0.2,88520,200,175000
FINNIFTY02JAN2419500PE.NFO,02/01/2024,11:44:02,0.2,0.15,35840,0.2,87880,640,175000
FINNIFTY02JAN2419500PE.NFO,02/01/2024,11:45:35,0.2,0.15,35840,0.2,89680,0,175000
FINNIFTY02JAN2419500PE.NFO,02/01/2024,11:45:45,0.15,0.15,35640,0.2,89680,200,173720
FINNIFTY02JAN2419500PE.NFO,02/01/2024,11:45:54,0.15,0.15,34120,0.2,89680,1520,173720
FINNIFTY02JAN2419500PE.NFO,02/01/2024,11:46:03,0.15,0.15,33280,0.2,89680,840,173720
FINNIFTY02JAN2419500PE.NFO,02/01/2024,11:46:13,0.15,0.15,32320,0.2,89680,960,173720
FINNIFTY02JAN2419500PE.NFO,02/01/2024,11:46:22,0.15,0.15,32080,0.2,93280,240,173720
FINNIFTY02JAN2419500PE.NFO,02/01/2024,11:46:32,0.15,0.15,32080,0.2,93280,0,173720
FINNIFTY02JAN2419500PE.NFO,02/01/2024,11:46:41,0.15,0.15,31640,0.2,93280,440,173720
FINNIFTY02JAN2419500PE.NFO,02/01/2024,11:47:08,0.15,0.15,31640,0.2,93280,0,173720
FINNIFTY02JAN2419500PE.NFO,02/01/2024,11:47:59,0.15,0.15,31360,0.2,93280,280,177360
FINNIFTY02JAN2419500PE.NFO,02/01/2024,11:48:08,0.15,0.15,31200,0.2,93280,160,177360
FINNIFTY02JAN2419500PE.NFO,02/01/2024,11:48:17,0.15,0.15,18600,0.2,93280,0,177360
FINNIFTY02JAN2419500PE.NFO,02/01/2024,11:48:43,0.15,0.15,18600,0.2,95080,0,177360
FINNIFTY02JAN2419500PE.NFO,02/01/2024,11:49:17,0.15,0.15,18400,0.2,94880,200,177360
FINNIFTY02JAN2419500PE.NFO,02/01/2024,11:49:27,0.15,0.15,16800,0.2,94880,1600,177360
FINNIFTY02JAN2419500PE.NFO,02/01/2024,11:49:36,0.15,0.1,315760,0.15,28240,15880,177360
FINNIFTY02JAN2419500PE.NFO,02/01/2024,11:49:44,0.15,0.1,315800,0.15,51560,0,177360
FINNIFTY02JAN2419500PE.NFO,02/01/2024,11:50:20,0.15,0.1,297840,0.15,64720,0,177360
FINNIFTY02JAN2419500PE.NFO,02/01/2024,11:51:23,0.15,0.1,297840,0.15,63720,1000,177640
FINNIFTY02JAN2419500PE.NFO,02/01/2024,11:51:32,0.15,0.1,297840,0.15,62720,1000,177640
FINNIFTY02JAN2419500PE.NFO,02/01/2024,11:51:41,0.15,0.1,290640,0.15,62720,0,177640
FINNIFTY02JAN2419500PE.NFO,02/01/2024,11:54:14,0.15,0.1,290640,0.15,62520,2000,177640
FINNIFTY02JAN2419500PE.NFO,02/01/2024,11:54:32,0.15,0.1,290640,0.15,64120,200,177640
FINNIFTY02JAN2419500PE.NFO,02/01/2024,11:57:00,0.15,0.1,290640,0.15,64120,0,177640
FINNIFTY02JAN2419500PE.NFO,02/01/2024,11:57:26,0.15,0.1,290640,0.15,75040,0,177640
FINNIFTY02JAN2419500PE.NFO,02/01/2024,11:58:36,0.15,0.1,276240,0.15,75040,0,177640
FINNIFTY02JAN2419500PE.NFO,02/01/2024,12:00:57,0.15,0.1,276240,0.15,74960,80,177640
FINNIFTY02JAN2419500PE.NFO,02/01/2024,12:02:18,0.15,0.1,276240,0.15,74960,0,177640
FINNIFTY02JAN2419500PE.NFO,02/01/2024,12:02:35,0.15,0.1,276240,0.15,74560,400,177640
FINNIFTY02JAN2419500PE.NFO,02/01/2024,12:02:44,0.15,0.1,276240,0.15,74360,200,177640
FINNIFTY02JAN2419500PE.NFO,02/01/2024,12:03:19,0.15,0.1,276240,0.15,74360,0,177640
FINNIFTY02JAN2419500PE.NFO,02/01/2024,12:04:12,0.15,0.1,276240,0.15,75000,0,177640
FINNIFTY02JAN2419500PE.NFO,02/01/2024,12:04:31,0.15,0.1,276240,0.15,75400,0,177640
FINNIFTY02JAN2419500PE.NFO,02/01/2024,12:09:02,0.15,0.1,276240,0.15,75200,200,177640
FINNIFTY02JAN2419500PE.NFO,02/01/2024,12:10:20,0.15,0.1,276240,0.15,75200,0,177640
FINNIFTY02JAN2419500PE.NFO,02/01/2024,12:13:45,0.15,0.1,276240,0.15,78800,0,177640
FINNIFTY02JAN2419500PE.NFO,02/01/2024,12:13:53,0.15,0.1,276240,0.15,87640,0,177640
FINNIFTY02JAN2419500PE.NFO,02/01/2024,12:15:20,0.15,0.1,276240,0.15,106000,0,177640
FINNIFTY02JAN2419500PE.NFO,02/01/2024,12:15:29,0.15,0.1,226240,0.15,106000,0,177640
FINNIFTY02JAN2419500PE.NFO,02/01/2024,12:17:10,0.15,0.1,226240,0.15,104760,1240,177440
FINNIFTY02JAN2419500PE.NFO,02/01/2024,12:17:21,0.15,0.1,226240,0.15,104360,400,177440
FINNIFTY02JAN2419500PE.NFO,02/01/2024,12:18:09,0.15,0.1,226240,0.15,100040,0,177440
FINNIFTY02JAN2419500PE.NFO,02/01/2024,12:18:19,0.15,0.1,226240,0.15,91400,0,177440
FINNIFTY02JAN2419500PE.NFO,02/01/2024,12:19:57,0.15,0.1,222640,0.15,91400,0,177440
FINNIFTY02JAN2419500PE.NFO,02/01/2024,12:21:01,0.15,0.1,223040,0.15,91400,0,177440
FINNIFTY02JAN2419500PE.NFO,02/01/2024,12:21:11,0.15,0.1,223040,0.15,91200,200,175800
FINNIFTY02JAN2419500PE.NFO,02/01/2024,12:21:21,0.15,0.1,223040,0.15,90960,240,175800
FINNIFTY02JAN2419500PE.NFO,02/01/2024,12:24:06,0.15,0.1,223040,0.15,90960,0,175800
FINNIFTY02JAN2419500PE.NFO,02/01/2024,12:25:29,0.1,0.1,222840,0.15,90960,200,175360
FINNIFTY02JAN2419500PE.NFO,02/01/2024,12:26:04,0.1,0.1,217440,0.15,90960,0,175360
FINNIFTY02JAN2419500PE.NFO,02/01/2024,12:26:14,0.1,0.1,215640,0.15,103920,0,175360
FINNIFTY02JAN2419500PE.NFO,02/01/2024,12:27:49,0.1,0.1,215640,0.15,103960,0,175360
FINNIFTY02JAN2419500PE.NFO,02/01/2024,12:27:59,0.15,0.1,215640,0.15,104000,40,175360
FINNIFTY02JAN2419500PE.NFO,02/01/2024,12:28:44,0.15,0.1,215640,0.15,104000,0,175360
FINNIFTY02JAN2419500PE.NFO,02/01/2024,12:29:20,0.15,0.1,195480,0.15,104000,0,175360
FINNIFTY02JAN2419500PE.NFO,02/01/2024,12:29:29,0.15,0.1,194040,0.15,104000,0,175360
FINNIFTY02JAN2419500PE.NFO,02/01/2024,12:30:57,0.15,0.1,194040,0.15,104040,0,175360
FINNIFTY02JAN2419500PE.NFO,02/01/2024,12:32:33,0.15,0.1,176040,0.15,104040,0,175360
FINNIFTY02JAN2419500PE.NFO,02/01/2024,12:32:58,0.1,0.1,170240,0.15,104000,40,175360
FINNIFTY02JAN2419500PE.NFO,02/01/2024,12:33:31,0.1,0.1,142800,0.15,104000,440,175360
FINNIFTY02JAN2419500PE.NFO,02/01/2024,12:33:40,0.1,0.1,137400,0.15,104000,0,175360
FINNIFTY02JAN2419500PE.NFO,02/01/2024,12:33:48,0.1,0.1,135600,0.15,104000,0,175360
FINNIFTY02JAN2419500PE.NFO,02/01/2024,12:34:40,0.1,0.1,128400,0.15,104000,0,175360
FINNIFTY02JAN2419500PE.NFO,02/01/2024,12:35:28,0.15,0.1,128360,0.15,103960,40,175360
FINNIFTY02JAN2419500PE.NFO,02/01/2024,12:37:37,0.1,0.1,128320,0.15,103960,40,175400
FINNIFTY02JAN2419500PE.NFO,02/01/2024,12:38:11,0.15,0.1,128320,0.15,103680,280,175400
FINNIFTY02JAN2419500PE.NFO,02/01/2024,12:38:30,0.1,0.1,128280,0.15,103680,40,175400
FINNIFTY02JAN2419500PE.NFO,02/01/2024,12:39:40,0.15,0.1,128280,0.15,102880,800,175120
FINNIFTY02JAN2419500PE.NFO,02/01/2024,12:40:22,0.15,0.1,128280,0.15,104720,0,175120
FINNIFTY02JAN2419500PE.NFO,02/01/2024,12:47:59,0.15,0.1,124680,0.15,101120,0,175120
FINNIFTY02JAN2419500PE.NFO,02/01/2024,12:49:38,0.15,0.1,115680,0.15,101120,0,175120
FINNIFTY02JAN2419500PE.NFO,02/01/2024,12:49:46,0.15,0.1,115680,0.15,101040,0,175120
FINNIFTY02JAN2419500PE.NFO,02/01/2024,12:50:39,0.15,0.1,79680,0.15,101040,0,175120
FINNIFTY02JAN2419500PE.NFO,02/01/2024,12:50:48,0.1,0.1,79400,0.15,100760,280,175840
FINNIFTY02JAN2419500PE.NFO,02/01/2024,12:50:57,0.1,0.1,54640,0.15,76000,24760,175840
FINNIFTY02JAN2419500PE.NFO,02/01/2024,12:51:05,0.1,0.1,58760,0.15,79600,5400,175840
FINNIFTY02JAN2419500PE.NFO,02/01/2024,12:51:15,0.1,0.1,53360,0.15,88600,5400,175840
FINNIFTY02JAN2419500PE.NFO,02/01/2024,12:51:24,0.1,0.1,38400,0.15,79080,11360,175840
FINNIFTY02JAN2419500PE.NFO,02/01/2024,12:51:34,0.1,0.1,31200,0.15,73600,7240,175840
FINNIFTY02JAN2419500PE.NFO,02/01/2024,12:51:43,0.1,0.1,8360,0.15,70440,11560,175840
FINNIFTY02JAN2419500PE.NFO,02/01/2024,12:51:52,0.1,0.05,217320,0.1,44360,10520,175840
FINNIFTY02JAN2419500PE.NFO,02/01/2024,12:52:01,0.1,0.05,217320,0.1,42080,0,175840
FINNIFTY02JAN2419500PE.NFO,02/01/2024,12:52:18,0.1,0.05,166920,0.1,47680,0,175840
FINNIFTY02JAN2419500PE.NFO,02/01/2024,12:52:27,0.1,0.05,166920,0.1,47440,240,175840
FINNIFTY02JAN2419500PE.NFO,02/01/2024,12:52:35,0.1,0.05,166920,0.1,49240,0,175840
FINNIFTY02JAN2419500PE.NFO,02/01/2024,12:53:27,0.1,0.05,157920,0.1,49240,0,175840
FINNIFTY02JAN2419500PE.NFO,02/01/2024,12:53:35,0.1,0.05,154320,0.1,49240,0,175840
FINNIFTY02JAN2419500PE.NFO,02/01/2024,12:55:18,0.1,0.05,154320,0.1,61640,0,175840
FINNIFTY02JAN2419500PE.NFO,02/01/2024,12:55:27,0.1,0.05,154320,0.1,76880,0,175840
FINNIFTY02JAN2419500PE.NFO,02/01/2024,12:56:19,0.1,0.05,136320,0.1,76880,0,175840
FINNIFTY02JAN2419500PE.NFO,02/01/2024,12:56:44,0.1,0.05,127320,0.1,76880,0,175840
FINNIFTY02JAN2419500PE.NFO,02/01/2024,12:57:53,0.1,0.05,125520,0.1,66840,10960,173920
FINNIFTY02JAN2419500PE.NFO,02/01/2024,12:58:02,0.1,0.05,125520,0.1,66840,0,173920
FINNIFTY02JAN2419500PE.NFO,02/01/2024,12:58:29,0.1,0.05,125520,0.1,53720,13120,173920
FINNIFTY02JAN2419500PE.NFO,02/01/2024,13:00:24,0.05,0.05,125400,0.1,55520,200,174280
FINNIFTY02JAN2419500PE.NFO,02/01/2024,13:00:24,0.05,0.05,125400,0.1,55520,0,174280
FINNIFTY02JAN2419500PE.NFO,02/01/2024,13:00:33,0.05,0.05,125360,0.1,57280,40,174280
FINNIFTY02JAN2419500PE.NFO,02/01/2024,13:01:42,0.1,0.05,125360,0.1,57400,440,174280
FINNIFTY02JAN2419500PE.NFO,02/01/2024,13:01:51,0.1,0.05,125360,0.1,56840,0,174280
FINNIFTY02JAN2419500PE.NFO,02/01/2024,13:02:47,0.1,0.05,125360,0.1,57320,80,174280
FINNIFTY02JAN2419500PE.NFO,02/01/2024,13:02:57,0.1,0.05,125360,0.1,49960,6800,174280
FINNIFTY02JAN2419500PE.NFO,02/01/2024,13:03:15,0.1,0.05,127160,0.1,35960,400,173840
FINNIFTY02JAN2419500PE.NFO,02/01/2024,13:03:24,0.1,0.05,127160,0.1,41960,160,173840
FINNIFTY02JAN2419500PE.NFO,02/01/2024,13:04:15,0.1,0.05,127120,0.1,41960,0,173840
FINNIFTY02JAN2419500PE.NFO,02/01/2024,13:05:31,0.1,0.05,127120,0.1,41160,240,173840
FINNIFTY02JAN2419500PE.NFO,02/01/2024,13:06:16,0.1,0.05,127120,0.1,33640,8080,173600
FINNIFTY02JAN2419500PE.NFO,02/01/2024,13:06:34,0.1,0.05,128560,0.1,33080,0,173600
FINNIFTY02JAN2419500PE.NFO,02/01/2024,13:06:42,0.1,0.05,131440,0.1,33080,0,173600
FINNIFTY02JAN2419500PE.NFO,02/01/2024,13:06:51,0.1,0.05,132880,0.1,32760,320,173600
FINNIFTY02JAN2419500PE.NFO,02/01/2024,13:07:44,0.1,0.05,132880,0.1,27280,640,173600
FINNIFTY02JAN2419500PE.NFO,02/01/2024,13:10:37,0.1,0.05,132840,0.1,25680,1040,173600
FINNIFTY02JAN2419500PE.NFO,02/01/2024,13:11:57,0.1,0.05,132840,0.1,30400,2080,173600
FINNIFTY02JAN2419500PE.NFO,02/01/2024,13:14:06,0.1,0.05,132840,0.1,30200,200,173600
FINNIFTY02JAN2419500PE.NFO,02/01/2024,13:15:24,0.1,0.05,132840,0.1,26600,3600,173400
FINNIFTY02JAN2419500PE.NFO,02/01/2024,13:15:50,0.1,0.05,132840,0.1,26400,200,173400
FINNIFTY02JAN2419500PE.NFO,02/01/2024,13:16:42,0.1,0.05,127080,0.1,26400,0,173400
FINNIFTY02JAN2419500PE.NFO,02/01/2024,13:17:08,0.1,0.05,130680,0.1,32800,4160,173400
FINNIFTY02JAN2419500PE.NFO,02/01/2024,13:18:40,0.1,0.05,127080,0.1,11320,7280,173400
FINNIFTY02JAN2419500PE.NFO,02/01/2024,13:18:49,0.1,0.05,127080,0.1,10760,0,173400
FINNIFTY02JAN2419500PE.NFO,02/01/2024,13:18:58,0.1,0.05,127080,0.1,9520,1800,173400
FINNIFTY02JAN2419500PE.NFO,02/01/2024,13:19:23,0.1,0.05,127080,0.15,22040,1000,173400
FINNIFTY02JAN2419500PE.NFO,02/01/2024,13:19:32,0.1,0.05,127080,0.1,4800,0,173400
FINNIFTY02JAN2419500PE.NFO,02/01/2024,13:21:13,0.1,0.05,127080,0.1,5160,200,171600
FINNIFTY02JAN2419500PE.NFO,02/01/2024,13:24:39,0.1,0.05,127080,0.1,4600,0,171600
FINNIFTY02JAN2419500PE.NFO,02/01/2024,13:25:15,0.1,0.05,130760,0.1,2120,4560,171400
FINNIFTY02JAN2419500PE.NFO,02/01/2024,13:25:25,0.1,0.05,134360,0.1,2080,40,171400
FINNIFTY02JAN2419500PE.NFO,02/01/2024,13:25:34,0.1,0.05,137400,0.1,1960,120,171400
FINNIFTY02JAN2419500PE.NFO,02/01/2024,13:26:00,0.1,0.1,560,0.15,24280,2040,171400
FINNIFTY02JAN2419500PE.NFO,02/01/2024,13:26:35,0.1,0.1,200,0.15,26600,0,171400
FINNIFTY02JAN2419500PE.NFO,02/01/2024,13:26:52,0.1,0.1,2040,0.15,24800,0,171400
FINNIFTY02JAN2419500PE.NFO,02/01/2024,13:27:09,0.1,0.1,2600,0.15,26600,0,171400
FINNIFTY02JAN2419500PE.NFO,02/01/2024,13:27:18,0.1,0.1,2040,0.15,24800,0,171400
FINNIFTY02JAN2419500PE.NFO,02/01/2024,13:27:35,0.1,0.1,2040,0.15,22160,0,171400
FINNIFTY02JAN2419500PE.NFO,02/01/2024,13:27:52,0.15,0.1,2560,0.15,22120,40,171640
FINNIFTY02JAN2419500PE.NFO,02/01/2024,13:28:25,0.15,0.1,1920,0.15,22120,0,171640
FINNIFTY02JAN2419500PE.NFO,02/01/2024,13:28:59,0.1,0.1,2760,0.15,22120,200,171640
FINNIFTY02JAN2419500PE.NFO,02/01/2024,13:29:08,0.1,0.1,2160,0.15,22120,0,171640
FINNIFTY02JAN2419500PE.NFO,02/01/2024,13:29:25,0.1,0.1,2960,0.15,24960,0,171640
FINNIFTY02JAN2419500PE.NFO,02/01/2024,13:29:33,0.1,0.1,2400,0.15,23160,0,171640
FINNIFTY02JAN2419500PE.NFO,02/01/2024,13:29:42,0.1,0.1,2480,0.15,24960,480,171640
FINNIFTY02JAN2419500PE.NFO,02/01/2024,13:29:51,0.1,0.1,1280,0.15,24960,1000,171640
FINNIFTY02JAN2419500PE.NFO,02/01/2024,13:29:59,0.1,0.1,680,0.15,23160,0,171640
FINNIFTY02JAN2419500PE.NFO,02/01/2024,13:30:42,0.1,0.1,40,0.15,24960,240,172560
FINNIFTY02JAN2419500PE.NFO,02/01/2024,13:30:51,0.1,0.1,560,0.15,21600,80,172560
FINNIFTY02JAN2419500PE.NFO,02/01/2024,13:30:59,0.1,0.05,125760,0.15,21600,2040,172560
FINNIFTY02JAN2419500PE.NFO,02/01/2024,13:31:18,0.1,0.05,125760,0.15,21600,0,172560
FINNIFTY02JAN2419500PE.NFO,02/01/2024,13:32:30,0.1,0.05,125760,0.1,20240,0,172560
FINNIFTY02JAN2419500PE.NFO,02/01/2024,13:33:06,0.1,0.05,125760,0.1,19240,1000,173120
FINNIFTY02JAN2419500PE.NFO,02/01/2024,13:33:15,0.1,0.05,129360,0.1,18720,520,173120
FINNIFTY02JAN2419500PE.NFO,02/01/2024,13:33:24,0.1,0.05,132960,0.1,18520,200,173120
FINNIFTY02JAN2419500PE.NFO,02/01/2024,13:33:50,0.1,0.05,133640,0.1,23920,0,173120
FINNIFTY02JAN2419500PE.NFO,02/01/2024,13:34:00,0.1,0.05,133640,0.1,25720,0,173120
FINNIFTY02JAN2419500PE.NFO,02/01/2024,13:34:08,0.1,0.05,133640,0.1,25840,0,173120
FINNIFTY02JAN2419500PE.NFO,02/01/2024,13:34:17,0.1,0.05,133640,0.1,24880,960,173120
FINNIFTY02JAN2419500PE.NFO,02/01/2024,13:35:04,0.1,0.05,133640,0.1,24840,40,173120
FINNIFTY02JAN2419500PE.NFO,02/01/2024,13:35:13,0.1,0.05,133640,0.1,30000,0,173120
FINNIFTY02JAN2419500PE.NFO,02/01/2024,13:35:22,0.1,0.05,134440,0.1,29920,80,173120
FINNIFTY02JAN2419500PE.NFO,02/01/2024,13:35:31,0.1,0.05,134440,0.1,29200,720,173120
FINNIFTY02JAN2419500PE.NFO,02/01/2024,13:35:40,0.1,0.05,134440,0.1,16520,0,173120
FINNIFTY02JAN2419500PE.NFO,02/01/2024,13:35:49,0.1,0.05,100240,0.1,15480,0,173120
FINNIFTY02JAN2419500PE.NFO,02/01/2024,13:35:58,0.1,0.05,98440,0.1,15480,0,173120
FINNIFTY02JAN2419500PE.NFO,02/01/2024,13:36:06,0.1,0.05,98440,0.1,13680,0,173120
FINNIFTY02JAN2419500PE.NFO,02/01/2024,13:36:15,0.1,0.05,98440,0.1,14720,0,173120
FINNIFTY02JAN2419500PE.NFO,02/01/2024,13:36:23,0.1,0.05,99120,0.1,26240,0,173120
FINNIFTY02JAN2419500PE.NFO,02/01/2024,13:36:33,0.1,0.05,99120,0.1,26040,200,171400
FINNIFTY02JAN2419500PE.NFO,02/01/2024,13:36:42,0.1,0.05,99120,0.1,26040,0,171400
FINNIFTY02JAN2419500PE.NFO,02/01/2024,13:37:01,0.1,0.05,99120,0.1,27840,0,171400
FINNIFTY02JAN2419500PE.NFO,02/01/2024,13:37:10,0.1,0.05,99120,0.1,29640,0,171400
FINNIFTY02JAN2419500PE.NFO,02/01/2024,13:37:20,0.1,0.05,99240,0.1,29760,0,171400
FINNIFTY02JAN2419500PE.NFO,02/01/2024,13:41:04,0.1,0.05,99160,0.1,29760,0,171400
FINNIFTY02JAN2419500PE.NFO,02/01/2024,13:41:30,0.1,0.05,97360,0.1,27960,1800,171400
FINNIFTY02JAN2419500PE.NFO,02/01/2024,13:42:23,0.1,0.05,97480,0.1,27600,800,171400
FINNIFTY02JAN2419500PE.NFO,02/01/2024,13:42:56,0.1,0.05,97480,0.1,26800,800,171400
FINNIFTY02JAN2419500PE.NFO,02/01/2024,13:43:38,0.1,0.05,97480,0.1,25200,1600,171400
FINNIFTY02JAN2419500PE.NFO,02/01/2024,13:44:13,0.1,0.05,97480,0.1,28560,800,171400
FINNIFTY02JAN2419500PE.NFO,02/01/2024,13:44:38,0.1,0.05,91160,0.1,19560,2400,171400
FINNIFTY02JAN2419500PE.NFO,02/01/2024,13:45:03,0.1,0.05,91160,0.1,19560,0,171400
FINNIFTY02JAN2419500PE.NFO,02/01/2024,13:45:11,0.1,0.05,91200,0.1,19560,0,171400
FINNIFTY02JAN2419500PE.NFO,02/01/2024,13:45:45,0.05,0.05,87280,0.1,19560,4000,177240
FINNIFTY02JAN2419500PE.NFO,02/01/2024,13:45:53,0.05,0.05,87280,0.1,21560,0,177240
FINNIFTY02JAN2419500PE.NFO,02/01/2024,13:46:01,0.05,0.05,87280,0.1,21600,0,177240
FINNIFTY02JAN2419500PE.NFO,02/01/2024,13:46:10,0.05,0.05,87280,0.1,21560,0,177240
FINNIFTY02JAN2419500PE.NFO,02/01/2024,13:46:18,0.05,0.05,87280,0.1,23360,0,177240
FINNIFTY02JAN2419500PE.NFO,02/01/2024,13:47:09,0.1,0.05,87280,0.1,22520,800,177240
FINNIFTY02JAN2419500PE.NFO,02/01/2024,13:47:17,0.1,0.05,87280,0.1,24120,0,177240
FINNIFTY02JAN2419500PE.NFO,02/01/2024,13:47:25,0.1,0.05,87280,0.1,24160,0,177240
FINNIFTY02JAN2419500PE.NFO,02/01/2024,13:47:43,0.1,0.05,87280,0.1,23960,200,177240
FINNIFTY02JAN2419500PE.NFO,02/01/2024,13:48:00,0.1,0.05,84560,0.1,19160,4800,177240
FINNIFTY02JAN2419500PE.NFO,02/01/2024,13:48:09,0.1,0.05,85000,0.1,15560,3600,177240
FINNIFTY02JAN2419500PE.NFO,02/01/2024,13:48:18,0.1,0.05,93080,0.1,14360,1200,177240
FINNIFTY02JAN2419500PE.NFO,02/01/2024,13:48:26,0.1,0.05,103880,0.1,13920,440,177240
FINNIFTY02JAN2419500PE.NFO,02/01/2024,13:48:35,0.1,0.05,109280,0.1,13720,200,177240
FINNIFTY02JAN2419500PE.NFO,02/01/2024,13:49:00,0.1,0.05,109280,0.1,12520,1200,177240
FINNIFTY02JAN2419500PE.NFO,02/01/2024,13:49:24,0.1,0.05,122240,0.1,12520,0,177240
FINNIFTY02JAN2419500PE.NFO,02/01/2024,13:49:33,0.1,0.05,153240,0.1,21880,0,177240
FINNIFTY02JAN2419500PE.NFO,02/01/2024,13:49:42,0.1,0.05,167640,0.1,21720,200,177240
FINNIFTY02JAN2419500PE.NFO,02/01/2024,13:49:50,0.1,0.05,163280,0.1,11040,0,177240
FINNIFTY02JAN2419500PE.NFO,02/01/2024,13:49:58,0.1,0.05,164000,0.1,11240,240,177240
FINNIFTY02JAN2419500PE.NFO,02/01/2024,13:50:15,0.1,0.05,163240,0.1,9240,200,177240
FINNIFTY02JAN2419500PE.NFO,02/01/2024,13:50:24,0.1,0.05,163240,0.1,7800,0,177240
FINNIFTY02JAN2419500PE.NFO,02/01/2024,13:50:33,0.1,0.05,163240,0.1,7160,80,177240
FINNIFTY02JAN2419500PE.NFO,02/01/2024,13:50:41,0.1,0.05,166840,0.1,1680,5920,177240
FINNIFTY02JAN2419500PE.NFO,02/01/2024,13:50:51,0.1,0.1,27440,0.15,16800,1960,177240
FINNIFTY02JAN2419500PE.NFO,02/01/2024,13:51:00,0.1,0.1,8640,0.15,16480,0,177240
FINNIFTY02JAN2419500PE.NFO,02/01/2024,13:51:10,0.1,0.1,5560,0.15,18280,520,177240
FINNIFTY02JAN2419500PE.NFO,02/01/2024,13:51:19,0.1,0.1,2640,0.15,21880,0,177240
FINNIFTY02JAN2419500PE.NFO,02/01/2024,13:51:46,0.1,0.05,146120,0.1,12400,1480,178960
FINNIFTY02JAN2419500PE.NFO,02/01/2024,13:52:22,0.1,0.05,146880,0.1,11080,1320,178960
FINNIFTY02JAN2419500PE.NFO,02/01/2024,13:52:32,0.1,0.05,146880,0.1,10520,2160,178960
FINNIFTY02JAN2419500PE.NFO,02/01/2024,13:52:41,0.1,0.05,149720,0.1,1080,240,178960
FINNIFTY02JAN2419500PE.NFO,02/01/2024,13:52:51,0.1,0.1,16440,0.15,16080,1240,178960
FINNIFTY02JAN2419500PE.NFO,02/01/2024,13:53:09,0.1,0.1,19400,0.15,16080,400,178960
FINNIFTY02JAN2419500PE.NFO,02/01/2024,13:53:18,0.1,0.1,19600,0.15,16080,1600,178960
FINNIFTY02JAN2419500PE.NFO,02/01/2024,13:53:28,0.1,0.1,15800,0.15,17880,3960,178960
FINNIFTY02JAN2419500PE.NFO,02/01/2024,13:53:38,0.1,0.1,19080,0.15,17880,4000,178960
FINNIFTY02JAN2419500PE.NFO,02/01/2024,13:53:47,0.1,0.1,11240,0.15,34800,6200,178960
FINNIFTY02JAN2419500PE.NFO,02/01/2024,13:53:56,0.1,0.1,5200,0.15,34800,5120,178960
FINNIFTY02JAN2419500PE.NFO,02/01/2024,13:54:06,0.1,0.1,4640,0.15,34800,560,178960
FINNIFTY02JAN2419500PE.NFO,02/01/2024,13:54:16,0.15,0.1,4600,0.15,34640,360,171640
FINNIFTY02JAN2419500PE.NFO,02/01/2024,13:54:25,0.1,0.1,14640,0.15,32120,3480,171640
FINNIFTY02JAN2419500PE.NFO,02/01/2024,13:54:35,0.15,0.1,14720,0.15,32240,2920,171640
FINNIFTY02JAN2419500PE.NFO,02/01/2024,13:54:44,0.1,0.1,4560,0.15,31440,1840,171640
FINNIFTY02JAN2419500PE.NFO,02/01/2024,13:54:53,0.1,0.1,4360,0.15,31440,200,171640
FINNIFTY02JAN2419500PE.NFO,02/01/2024,13:55:03,0.1,0.1,4240,0.15,31680,0,171640
FINNIFTY02JAN2419500PE.NFO,02/01/2024,13:55:12,0.1,0.1,4160,0.15,31680,0,171640
FINNIFTY02JAN2419500PE.NFO,02/01/2024,13:55:38,0.1,0.1,4520,0.15,31680,0,171640
FINNIFTY02JAN2419500PE.NFO,02/01/2024,13:55:56,0.1,0.1,4040,0.15,31680,480,171640
FINNIFTY02JAN2419500PE.NFO,02/01/2024,13:56:04,0.1,0.1,3960,0.15,31680,80,171640
FINNIFTY02JAN2419500PE.NFO,02/01/2024,13:56:56,0.1,0.1,3760,0.15,31760,200,171640
FINNIFTY02JAN2419500PE.NFO,02/01/2024,13:57:30,0.1,0.1,3560,0.15,31760,200,172560
FINNIFTY02JAN2419500PE.NFO,02/01/2024,13:57:39,0.1,0.1,3120,0.15,31760,440,172560
FINNIFTY02JAN2419500PE.NFO,02/01/2024,13:57:48,0.1,0.1,3040,0.15,31760,80,172560
FINNIFTY02JAN2419500PE.NFO,02/01/2024,13:59:04,0.1,0.1,1840,0.15,31760,1200,172560
FINNIFTY02JAN2419500PE.NFO,02/01/2024,13:59:13,0.05,0.05,145800,0.1,24080,2880,172560
FINNIFTY02JAN2419500PE.NFO,02/01/2024,13:59:22,0.05,0.05,147200,0.1,24080,1480,172560
FINNIFTY02JAN2419500PE.NFO,02/01/2024,13:59:30,0.05,0.05,146080,0.1,25840,1120,172560
FINNIFTY02JAN2419500PE.NFO,02/01/2024,13:59:39,0.05,0.05,147960,0.1,25840,520,172560
FINNIFTY02JAN2419500PE.NFO,02/01/2024,13:59:48,0.05,0.05,147600,0.1,25880,360,172560
FINNIFTY02JAN2419500PE.NFO,02/01/2024,13:59:56,0.05,0.05,146800,0.1,25880,800,172560
FINNIFTY02JAN2419500PE.NFO,02/01/2024,14:00:14,0.05,0.05,146720,0.1,25880,80,172560
FINNIFTY02JAN2419500PE.NFO,02/01/2024,14:00:23,0.05,0.05,145840,0.1,25880,0,172560
FINNIFTY02JAN2419500PE.NFO,02/01/2024,14:01:24,0.05,0.05,129160,0.1,28080,0,172560
FINNIFTY02JAN2419500PE.NFO,02/01/2024,14:01:59,0.05,0.05,129120,0.1,28080,40,172560
FINNIFTY02JAN2419500PE.NFO,02/01/2024,14:02:16,0.05,0.05,129040,0.1,28080,80,172560
FINNIFTY02JAN2419500PE.NFO,02/01/2024,14:02:42,0.05,0.05,129040,0.1,28080,0,172560
FINNIFTY02JAN2419500PE.NFO,02/01/2024,14:02:59,0.05,0.05,128840,0.1,28080,200,172560
FINNIFTY02JAN2419500PE.NFO,02/01/2024,14:03:07,0.05,0.05,128680,0.1,28080,160,172560
FINNIFTY02JAN2419500PE.NFO,02/01/2024,14:03:25,0.05,0.05,128520,0.1,28000,240,172560
FINNIFTY02JAN2419500PE.NFO,02/01/2024,14:03:34,0.05,0.05,128120,0.1,27600,800,172560
FINNIFTY02JAN2419500PE.NFO,02/01/2024,14:03:43,0.05,0.05,127800,0.1,28640,0,172560
FINNIFTY02JAN2419500PE.NFO,02/01/2024,14:03:52,0.05,0.05,127400,0.1,27600,1440,172560
FINNIFTY02JAN2419500PE.NFO,02/01/2024,14:04:01,0.1,0.05,127400,0.1,27160,440,172560
FINNIFTY02JAN2419500PE.NFO,02/01/2024,14:04:11,0.05,0.05,126560,0.1,27160,840,172560
FINNIFTY02JAN2419500PE.NFO,02/01/2024,14:04:20,0.05,0.05,124840,0.1,27160,1720,172560
FINNIFTY02JAN2419500PE.NFO,02/01/2024,14:04:29,0.05,0.05,124240,0.1,27160,600,172560
FINNIFTY02JAN2419500PE.NFO,02/01/2024,14:04:39,0.05,0.05,123240,0.1,27040,240,172560
FINNIFTY02JAN2419500PE.NFO,02/01/2024,14:04:49,0.05,0.05,122840,0.1,26640,800,172560
FINNIFTY02JAN2419500PE.NFO,02/01/2024,14:04:58,0.05,0.05,122840,0.1,28560,0,172560
FINNIFTY02JAN2419500PE.NFO,02/01/2024,14:05:07,0.1,0.05,121040,0.1,28480,80,172560
FINNIFTY02JAN2419500PE.NFO,02/01/2024,14:05:16,0.1,0.05,104840,0.1,28480,0,172560
FINNIFTY02JAN2419500PE.NFO,02/01/2024,14:06:00,0.1,0.05,104840,0.1,30640,0,172560
FINNIFTY02JAN2419500PE.NFO,02/01/2024,14:06:08,0.05,0.05,94040,0.1,30520,120,172560
FINNIFTY02JAN2419500PE.NFO,02/01/2024,14:06:16,0.05,0.05,72080,0.1,28720,1800,172560
FINNIFTY02JAN2419500PE.NFO,02/01/2024,14:06:25,0.05,0.05,70640,0.1,28720,0,172560
FINNIFTY02JAN2419500PE.NFO,02/01/2024,14:06:58,0.1,0.05,70640,0.1,28240,480,171040
FINNIFTY02JAN2419500PE.NFO,02/01/2024,14:07:07,0.1,0.05,70640,0.1,27800,400,171040
FINNIFTY02JAN2419500PE.NFO,02/01/2024,14:07:16,0.1,0.05,70640,0.1,27800,0,171040
FINNIFTY02JAN2419500PE.NFO,02/01/2024,14:09:02,0.05,0.05,69840,0.1,29760,2440,171040
FINNIFTY02JAN2419500PE.NFO,02/01/2024,14:09:12,0.1,0.05,69440,0.1,29000,1200,171040
FINNIFTY02JAN2419500PE.NFO,02/01/2024,14:09:22,0.1,0.05,69360,0.1,30760,880,171040
FINNIFTY02JAN2419500PE.NFO,02/01/2024,14:09:31,0.1,0.05,69360,0.1,30360,400,171040
FINNIFTY02JAN2419500PE.NFO,02/01/2024,14:09:50,0.1,0.05,69360,0.1,30360,0,171040
FINNIFTY02JAN2419500PE.NFO,02/01/2024,14:10:00,0.1,0.05,69200,0.1,29360,1160,171040
FINNIFTY02JAN2419500PE.NFO,02/01/2024,14:10:12,0.1,0.05,70640,0.1,26920,2440,171040
FINNIFTY02JAN2419500PE.NFO,02/01/2024,14:10:24,0.1,0.05,83600,0.1,26920,0,171040
FINNIFTY02JAN2419500PE.NFO,02/01/2024,14:11:03,0.1,0.05,83600,0.1,26240,680,171040
FINNIFTY02JAN2419500PE.NFO,02/01/2024,14:11:16,0.1,0.05,83600,0.1,24760,1480,171040
FINNIFTY02JAN2419500PE.NFO,02/01/2024,14:11:28,0.1,0.05,83600,0.1,24360,400,171040
FINNIFTY02JAN2419500PE.NFO,02/01/2024,14:12:08,0.1,0.05,83600,0.1,24360,0,171040
FINNIFTY02JAN2419500PE.NFO,02/01/2024,14:12:18,0.1,0.05,72080,0.1,24360,0,171040
FINNIFTY02JAN2419500PE.NFO,02/01/2024,14:12:56,0.1,0.05,72080,0.1,23960,400,170120
FINNIFTY02JAN2419500PE.NFO,02/01/2024,14:13:06,0.1,0.05,72080,0.1,23960,0,170120
FINNIFTY02JAN2419500PE.NFO,02/01/2024,14:13:16,0.1,0.05,72080,0.1,22400,1560,170120
FINNIFTY02JAN2419500PE.NFO,02/01/2024,14:13:26,0.1,0.05,72080,0.1,21920,480,170120
FINNIFTY02JAN2419500PE.NFO,02/01/2024,14:13:37,0.1,0.05,72080,0.1,21440,480,170120
FINNIFTY02JAN2419500PE.NFO,02/01/2024,14:13:48,0.1,0.05,72080,0.1,20960,480,170120
FINNIFTY02JAN2419500PE.NFO,02/01/2024,14:13:58,0.1,0.05,72080,0.1,20680,280,170120
FINNIFTY02JAN2419500PE.NFO,02/01/2024,14:14:20,0.1,0.05,72080,0.1,20280,400,170120
FINNIFTY02JAN2419500PE.NFO,02/01/2024,14:15:18,0.1,0.05,72080,0.1,20000,280,170120
FINNIFTY02JAN2419500PE.NFO,02/01/2024,14:15:47,0.1,0.05,72080,0.1,20000,0,170120
FINNIFTY02JAN2419500PE.NFO,02/01/2024,14:17:37,0.1,0.05,71920,0.1,20000,0,170120
FINNIFTY02JAN2419500PE.NFO,02/01/2024,14:19:06,0.05,0.05,70720,0.1,20000,1200,170120
FINNIFTY02JAN2419500PE.NFO,02/01/2024,14:19:16,0.05,0.05,69120,0.1,20280,1600,170120
FINNIFTY02JAN2419500PE.NFO,02/01/2024,14:19:27,0.05,0.05,67120,0.1,20400,2000,170120
FINNIFTY02JAN2419500PE.NFO,02/01/2024,14:19:38,0.05,0.05,63640,0.1,20400,3600,170120
FINNIFTY02JAN2419500PE.NFO,02/01/2024,14:19:48,0.05,0.05,62440,0.1,20400,1200,170120
FINNIFTY02JAN2419500PE.NFO,02/01/2024,14:19:57,0.05,0.05,62320,0.1,20400,0,170120
FINNIFTY02JAN2419500PE.NFO,02/01/2024,14:20:07,0.05,0.05,61800,0.1,20400,520,170120
FINNIFTY02JAN2419500PE.NFO,02/01/2024,14:20:54,0.05,0.05,61800,0.1,20400,0,170120
FINNIFTY02JAN2419500PE.NFO,02/01/2024,14:21:31,0.1,0.05,61800,0.1,20360,40,169880
FINNIFTY02JAN2419500PE.NFO,02/01/2024,14:21:40,0.05,0.05,61520,0.1,20360,280,169880
FINNIFTY02JAN2419500PE.NFO,02/01/2024,14:22:45,0.05,0.05,58840,0.1,20360,2720,169880
FINNIFTY02JAN2419500PE.NFO,02/01/2024,14:22:55,0.1,0.05,55840,0.1,20320,3000,169880
FINNIFTY02JAN2419500PE.NFO,02/01/2024,14:23:04,0.1,0.05,55840,0.1,20320,0,169880
FINNIFTY02JAN2419500PE.NFO,02/01/2024,14:23:13,0.1,0.05,55840,0.1,20240,80,169880
FINNIFTY02JAN2419500PE.NFO,02/01/2024,14:23:32,0.1,0.05,31680,0.1,20240,0,169880
FINNIFTY02JAN2419500PE.NFO,02/01/2024,14:23:41,0.1,0.05,31680,0.1,36080,0,169880
FINNIFTY02JAN2419500PE.NFO,02/01/2024,14:23:50,0.1,0.05,31680,0.1,36080,120,169880
FINNIFTY02JAN2419500PE.NFO,02/01/2024,14:23:59,0.1,0.05,31680,0.1,35920,160,169880
FINNIFTY02JAN2419500PE.NFO,02/01/2024,14:24:17,0.05,0.05,31280,0.1,35920,400,169880
FINNIFTY02JAN2419500PE.NFO,02/01/2024,14:24:34,0.05,0.05,31280,0.1,30520,0,169880
FINNIFTY02JAN2419500PE.NFO,02/01/2024,14:24:44,0.05,0.05,25880,0.1,30520,5400,169400
FINNIFTY02JAN2419500PE.NFO,02/01/2024,14:24:52,0.05,0.05,25880,0.1,30520,0,169400
FINNIFTY02JAN2419500PE.NFO,02/01/2024,14:26:40,0.05,0.05,25680,0.1,30520,2000,169400
FINNIFTY02JAN2419500PE.NFO,02/01/2024,14:28:29,0.05,0.05,11280,0.1,30520,0,169400
FINNIFTY02JAN2419500PE.NFO,02/01/2024,14:29:56,0.1,0.05,11280,0.1,32000,320,164240
FINNIFTY02JAN2419500PE.NFO,02/01/2024,14:30:06,0.1,0.05,11280,0.1,31520,480,164240
FINNIFTY02JAN2419500PE.NFO,02/01/2024,14:30:16,0.1,0.05,11280,0.1,28520,1200,164240
FINNIFTY02JAN2419500PE.NFO,02/01/2024,14:30:35,0.1,0.05,11280,0.1,27320,1200,164240
FINNIFTY02JAN2419500PE.NFO,02/01/2024,14:30:45,0.1,0.05,11280,0.1,27240,80,164240
FINNIFTY02JAN2419500PE.NFO,02/01/2024,14:31:13,0.05,0.05,10800,0.1,29040,480,164240
FINNIFTY02JAN2419500PE.NFO,02/01/2024,14:31:31,0.1,0.05,10800,0.1,26840,400,164240
FINNIFTY02JAN2419500PE.NFO,02/01/2024,14:31:58,0.1,0.05,12600,0.1,28640,0,164240
FINNIFTY02JAN2419500PE.NFO,02/01/2024,14:32:07,0.1,0.05,12600,0.1,28400,240,164240
FINNIFTY02JAN2419500PE.NFO,02/01/2024,14:32:16,0.1,0.05,12600,0.1,28160,240,164240
FINNIFTY02JAN2419500PE.NFO,02/01/2024,14:32:35,0.1,0.05,52600,0.1,26240,120,164240
FINNIFTY02JAN2419500PE.NFO,02/01/2024,14:32:44,0.1,0.05,54400,0.1,26240,0,164240
FINNIFTY02JAN2419500PE.NFO,02/01/2024,14:32:53,0.05,0.05,52920,0.1,26240,1480,164240
FINNIFTY02JAN2419500PE.NFO,02/01/2024,14:33:01,0.05,0.05,53560,0.1,26240,0,164240
FINNIFTY02JAN2419500PE.NFO,02/01/2024,14:33:10,0.05,0.05,50600,0.1,28040,2960,164240
FINNIFTY02JAN2419500PE.NFO,02/01/2024,14:33:20,0.05,0.05,47600,0.1,28400,3000,164240
FINNIFTY02JAN2419500PE.NFO,02/01/2024,14:33:30,0.05,0.05,50000,0.1,28400,2000,164240
FINNIFTY02JAN2419500PE.NFO,02/01/2024,14:33:39,0.05,0.05,49000,0.1,28400,1000,164240
FINNIFTY02JAN2419500PE.NFO,02/01/2024,14:33:49,0.05,0.05,48000,0.1,28400,1000,164240
FINNIFTY02JAN2419500PE.NFO,02/01/2024,14:33:58,0.05,0.05,47000,0.1,28400,1000,164240
FINNIFTY02JAN2419500PE.NFO,02/01/2024,14:34:34,0.1,0.05,48320,0.1,27720,680,164240
FINNIFTY02JAN2419500PE.NFO,02/01/2024,14:35:09,0.1,0.05,48320,0.1,27720,0,164240
FINNIFTY02JAN2419500PE.NFO,02/01/2024,14:35:19,0.1,0.05,8320,0.1,28080,0,164240
FINNIFTY02JAN2419500PE.NFO,02/01/2024,14:36:05,0.05,0.05,6520,0.1,26280,1800,164240
FINNIFTY02JAN2419500PE.NFO,02/01/2024,14:36:23,0.05,0.05,6360,0.1,26280,160,160800
FINNIFTY02JAN2419500PE.NFO,02/01/2024,14:36:33,0.05,0.05,6320,0.1,26280,40,160800
FINNIFTY02JAN2419500PE.NFO,02/01/2024,14:37:17,0.05,0.05,5560,0.1,26120,760,160800
FINNIFTY02JAN2419500PE.NFO,02/01/2024,14:37:26,0.05,0.05,6120,0.1,26120,800,160800
FINNIFTY02JAN2419500PE.NFO,02/01/2024,14:37:36,0.1,0.05,6120,0.1,25880,240,160800
FINNIFTY02JAN2419500PE.NFO,02/01/2024,14:37:46,0.1,0.05,6120,0.1,24880,1000,160800
FINNIFTY02JAN2419500PE.NFO,02/01/2024,14:37:57,0.1,0.05,6120,0.1,23720,1160,160800
FINNIFTY02JAN2419500PE.NFO,02/01/2024,14:38:08,0.1,0.05,6120,0.1,21920,1800,160800
FINNIFTY02JAN2419500PE.NFO,02/01/2024,14:38:20,0.1,0.05,6120,0.1,21360,520,160800
FINNIFTY02JAN2419500PE.NFO,02/01/2024,14:38:33,0.1,0.05,6120,0.1,20840,520,160800
FINNIFTY02JAN2419500PE.NFO,02/01/2024,14:38:45,0.1,0.05,46120,0.1,18000,1040,160800
FINNIFTY02JAN2419500PE.NFO,02/01/2024,14:38:55,0.1,0.05,41360,0.1,21240,0,160800
FINNIFTY02JAN2419500PE.NFO,02/01/2024,14:39:15,0.1,0.05,41360,0.1,21400,0,160800
FINNIFTY02JAN2419500PE.NFO,02/01/2024,14:39:25,0.1,0.05,41360,0.1,21480,0,160800
FINNIFTY02JAN2419500PE.NFO,02/01/2024,14:39:34,0.1,0.05,41360,0.1,21400,0,160800
FINNIFTY02JAN2419500PE.NFO,02/01/2024,14:39:44,0.1,0.05,41360,0.1,21480,0,160800
FINNIFTY02JAN2419500PE.NFO,02/01/2024,14:40:16,0.1,0.05,41360,0.1,21400,0,160800
FINNIFTY02JAN2419500PE.NFO,02/01/2024,14:40:25,0.1,0.05,41360,0.1,21480,0,160800
FINNIFTY02JAN2419500PE.NFO,02/01/2024,14:40:36,0.1,0.05,41360,0.1,21080,1960,159200
FINNIFTY02JAN2419500PE.NFO,02/01/2024,14:40:58,0.1,0.05,41360,0.1,20960,0,159200
FINNIFTY02JAN2419500PE.NFO,02/01/2024,14:41:19,0.1,0.05,41360,0.1,19160,0,159200
FINNIFTY02JAN2419500PE.NFO,02/01/2024,14:41:29,0.1,0.05,41360,0.1,20800,0,159200
FINNIFTY02JAN2419500PE.NFO,02/01/2024,14:41:39,0.1,0.05,41360,0.1,20960,0,159200
FINNIFTY02JAN2419500PE.NFO,02/01/2024,14:42:08,0.1,0.05,41360,0.1,17360,0,159200
FINNIFTY02JAN2419500PE.NFO,02/01/2024,14:43:41,0.1,0.05,41360,0.1,19960,1000,159200
FINNIFTY02JAN2419500PE.NFO,02/01/2024,14:44:19,0.1,0.05,41360,0.1,16360,0,159200
FINNIFTY02JAN2419500PE.NFO,02/01/2024,14:46:06,0.1,0.05,41360,0.1,19840,120,159200
FINNIFTY02JAN2419500PE.NFO,02/01/2024,14:46:16,0.05,0.05,41280,0.1,18040,80,159200
FINNIFTY02JAN2419500PE.NFO,02/01/2024,14:46:34,0.05,0.05,41280,0.1,16240,0,159200
FINNIFTY02JAN2419500PE.NFO,02/01/2024,14:47:41,0.1,0.05,41280,0.1,19680,160,159200
FINNIFTY02JAN2419500PE.NFO,02/01/2024,14:50:09,0.1,0,0,0.1,19520,0,159200
FINNIFTY02JAN2419500PE.NFO,02/01/2024,14:50:47,0.1,0,0,0.1,19560,0,159200
FINNIFTY02JAN2419500PE.NFO,02/01/2024,14:50:56,0.05,0,0,0.1,5680,14320,159200
FINNIFTY02JAN2419500PE.NFO,02/01/2024,14:51:06,0.05,0,0,0.1,2080,0,159200
FINNIFTY02JAN2419500PE.NFO,02/01/2024,14:53:01,0.05,0.05,6400,0.1,280,0,159200
FINNIFTY02JAN2419500PE.NFO,02/01/2024,14:53:38,0.05,0.05,5920,0.1,2200,0,159200
FINNIFTY02JAN2419500PE.NFO,02/01/2024,14:54:16,0.05,0.05,3920,0.1,2200,0,159200
FINNIFTY02JAN2419500PE.NFO,02/01/2024,14:55:17,0.05,0,0,0.1,2040,1000,159200
FINNIFTY02JAN2419500PE.NFO,02/01/2024,14:55:55,0.05,0,0,0.1,2040,0,159200
FINNIFTY02JAN2419500PE.NFO,02/01/2024,14:57:42,0.05,0,0,0.1,1960,0,159200
FINNIFTY02JAN2419500PE.NFO,02/01/2024,14:58:20,0.05,0,0,0.05,360,0,159200
FINNIFTY02JAN2419500PE.NFO,02/01/2024,14:58:29,0.05,0,0,0.1,1960,360,159200
FINNIFTY02JAN2419500PE.NFO,02/01/2024,14:59:46,0.05,0,0,0.1,1960,0,159200
FINNIFTY02JAN2419500PE.NFO,02/01/2024,15:00:06,0.1,0,0,0.1,1920,160,159200
FINNIFTY02JAN2419500PE.NFO,02/01/2024,15:00:26,0.1,0,0,0.1,1920,0,159200
FINNIFTY02JAN2419500PE.NFO,02/01/2024,15:00:47,0.05,0.05,1480,0.1,2080,1600,159200
FINNIFTY02JAN2419500PE.NFO,02/01/2024,15:00:57,0.05,0,0,0.05,120,1480,159200
FINNIFTY02JAN2419500PE.NFO,02/01/2024,15:01:07,0.05,0,0,0.1,1920,0,159200
FINNIFTY02JAN2419500PE.NFO,02/01/2024,15:02:05,0.05,0.05,7680,0.1,1920,400,159200
FINNIFTY02JAN2419500PE.NFO,02/01/2024,15:02:15,0.05,0.05,7680,0.1,1920,0,159200
FINNIFTY02JAN2419500PE.NFO,02/01/2024,15:02:25,0.05,0.05,7000,0.1,2080,680,159200
FINNIFTY02JAN2419500PE.NFO,02/01/2024,15:02:35,0.05,0.05,6800,0.1,2080,200,159200
FINNIFTY02JAN2419500PE.NFO,02/01/2024,15:02:54,0.05,0.05,6520,0.1,2080,280,159200
FINNIFTY02JAN2419500PE.NFO,02/01/2024,15:03:04,0.05,0.05,6520,0.1,2080,0,159200
FINNIFTY02JAN2419500PE.NFO,02/01/2024,15:03:13,0.05,0.05,6520,0.1,2080,600,159200
FINNIFTY02JAN2419500PE.NFO,02/01/2024,15:03:22,0.05,0.05,5560,0.1,2080,960,159200
FINNIFTY02JAN2419500PE.NFO,02/01/2024,15:03:51,0.05,0.05,6120,0.1,2080,0,159200
FINNIFTY02JAN2419500PE.NFO,02/01/2024,15:04:20,0.05,0.05,5760,0.1,2080,360,157600
FINNIFTY02JAN2419500PE.NFO,02/01/2024,15:04:41,0.05,0.05,5760,0.1,2080,0,157600
FINNIFTY02JAN2419500PE.NFO,02/01/2024,15:05:10,0.05,0.05,5440,0.1,2080,320,157600
FINNIFTY02JAN2419500PE.NFO,02/01/2024,15:05:59,0.05,0.05,3960,0.1,3160,720,157600
FINNIFTY02JAN2419500PE.NFO,02/01/2024,15:06:20,0.05,0.05,3480,0.1,3120,480,157360
FINNIFTY02JAN2419500PE.NFO,02/01/2024,15:06:32,0.05,0.05,2840,0.1,3120,640,157360
FINNIFTY02JAN2419500PE.NFO,02/01/2024,15:06:43,0.05,0.05,2040,0.1,3120,800,157360
FINNIFTY02JAN2419500PE.NFO,02/01/2024,15:07:02,0.05,0.05,1640,0.1,3120,400,157360
FINNIFTY02JAN2419500PE.NFO,02/01/2024,15:07:11,0.05,0.05,2600,0.1,3120,160,157360
FINNIFTY02JAN2419500PE.NFO,02/01/2024,15:07:22,0.05,0.05,2040,0.1,3120,560,157360
FINNIFTY02JAN2419500PE.NFO,02/01/2024,15:07:34,0.05,0.05,1320,0.1,3120,720,157360
FINNIFTY02JAN2419500PE.NFO,02/01/2024,15:07:46,0.1,0.05,1080,0.1,2880,760,157360
FINNIFTY02JAN2419500PE.NFO,02/01/2024,15:07:58,0.1,0.05,1080,0.1,2760,120,157360
FINNIFTY02JAN2419500PE.NFO,02/01/2024,15:08:11,0.1,0,0,0.1,2520,80,157360
FINNIFTY02JAN2419500PE.NFO,02/01/2024,15:08:35,0.1,0,0,0.1,2520,0,157360
FINNIFTY02JAN2419500PE.NFO,02/01/2024,15:09:59,0.05,0,0,0.1,2520,440,154000
FINNIFTY02JAN2419500PE.NFO,02/01/2024,15:10:12,0.05,0,0,0.1,2520,0,154000
FINNIFTY02JAN2419500PE.NFO,02/01/2024,15:10:34,0.05,0,0,0.05,960,80,154000
FINNIFTY02JAN2419500PE.NFO,02/01/2024,15:10:46,0.05,0,0,0.05,2960,0,154000
FINNIFTY02JAN2419500PE.NFO,02/01/2024,15:12:39,0.05,0,0,0.05,2920,40,154000
FINNIFTY02JAN2419500PE.NFO,02/01/2024,15:13:52,0.05,0,0,0.05,2920,0,154000
FINNIFTY02JAN2419500PE.NFO,02/01/2024,15:15:47,0.05,0,0,0.05,3000,0,154000
FINNIFTY02JAN2419500PE.NFO,02/01/2024,15:15:57,0.05,0,0,0.05,3200,0,154000
FINNIFTY02JAN2419500PE.NFO,02/01/2024,15:16:46,0.05,0,0,0.05,2840,360,154000
FINNIFTY02JAN2419500PE.NFO,02/01/2024,15:20:35,0.05,0,0,0.05,2840,0,154000
FINNIFTY02JAN2419500PE.NFO,02/01/2024,15:21:05,0.05,0,0,0.05,2880,0,154000
FINNIFTY02JAN2419500PE.NFO,02/01/2024,15:21:25,0.05,0,0,0.05,3280,0,154000
FINNIFTY02JAN2419500PE.NFO,02/01/2024,15:21:34,0.05,0,0,0.05,4280,0,154000
FINNIFTY02JAN2419500PE.NFO,02/01/2024,15:23:18,0.05,0,0,0.05,80,5400,154000
FINNIFTY02JAN2419500PE.NFO,02/01/2024,15:25:14,0.05,0,0,0.05,80,720,148600
FINNIFTY02JAN2419500PE.NFO,02/01/2024,15:25:33,0.05,0,0,0.05,120,0,148600
FINNIFTY02JAN2419500PE.NFO,02/01/2024,15:25:54,0.05,0,0,0.05,1200,0,148600
FINNIFTY02JAN2419500PE.NFO,02/01/2024,15:28:41,0.05,0,0,0.05,1240,0,148600
FINNIFTY02JAN2419500PE.NFO,02/01/2024,15:29:12,0.05,0,0,0.05,2760,0,148600
FINNIFTY02JAN2419500PE.NFO,02/01/2024,15:29:23,0.05,0,0,0.05,3160,0,148600
FINNIFTY02JAN2419500PE.NFO,02/01/2024,15:29:45,0.05,0,0,0.05,1560,0,148600
FINNIFTY02JAN2419500PE.NFO,02/01/2024,15:29:59,0.05,0,0,0.05,1480,0,148600
