Ticker,Date,Time,LTP,BuyPrice,BuyQty,SellPrice,SellQty,LTQ,OpenInterest
FINNIFTY02JAN2419600PE.NFO,02/01/2024,09:15:28,0.2,0.15,69280,0.3,9360,1800,15800
FINNIFTY02JAN2419600PE.NFO,02/01/2024,09:15:28,0.2,0.15,69280,0.3,9360,0,15800
FINNIFTY02JAN2419600PE.NFO,02/01/2024,09:15:28,0.2,0.15,69280,0.3,9360,0,15800
FINNIFTY02JAN2419600PE.NFO,02/01/2024,09:15:28,0.2,0.15,69280,0.3,9360,0,15800
FINNIFTY02JAN2419600PE.NFO,02/01/2024,09:15:39,0.2,0.2,40,0.3,9440,0,15800
FINNIFTY02JAN2419600PE.NFO,02/01/2024,09:15:50,0.2,0.2,40,0.3,9360,0,15800
FINNIFTY02JAN2419600PE.NFO,02/01/2024,09:16:12,0.2,0.2,320,0.3,11400,0,15800
FINNIFTY02JAN2419600PE.NFO,02/01/2024,09:16:21,0.2,0.2,40,0.3,11400,0,15800
FINNIFTY02JAN2419600PE.NFO,02/01/2024,09:16:31,0.2,0.2,280,0.3,11400,0,15800
FINNIFTY02JAN2419600PE.NFO,02/01/2024,09:16:41,0.2,0.2,40,0.3,11400,0,15800
FINNIFTY02JAN2419600PE.NFO,02/01/2024,09:16:50,0.2,0.2,280,0.3,11400,0,15800
FINNIFTY02JAN2419600PE.NFO,02/01/2024,09:17:00,0.2,0.2,40,0.3,11400,0,15800
FINNIFTY02JAN2419600PE.NFO,02/01/2024,09:17:10,0.2,0.2,240,0.3,11400,0,15800
FINNIFTY02JAN2419600PE.NFO,02/01/2024,09:17:29,0.2,0.2,360,0.3,11680,0,15800
FINNIFTY02JAN2419600PE.NFO,02/01/2024,09:17:38,0.2,0.2,40,0.3,12120,0,15800
FINNIFTY02JAN2419600PE.NFO,02/01/2024,09:17:48,0.2,0.2,40,0.25,2560,0,15800
FINNIFTY02JAN2419600PE.NFO,02/01/2024,09:17:57,0.2,0.2,360,0.25,2640,0,15800
FINNIFTY02JAN2419600PE.NFO,02/01/2024,09:18:07,0.2,0.15,97320,0.25,3320,0,15800
FINNIFTY02JAN2419600PE.NFO,02/01/2024,09:18:16,0.2,0.2,280,0.25,2880,0,15800
FINNIFTY02JAN2419600PE.NFO,02/01/2024,09:18:26,0.25,0.2,40,0.25,2760,120,15800
FINNIFTY02JAN2419600PE.NFO,02/01/2024,09:18:26,0.25,0.2,40,0.25,2760,0,15800
FINNIFTY02JAN2419600PE.NFO,02/01/2024,09:18:36,0.25,0.2,2640,0.25,2760,0,15800
FINNIFTY02JAN2419600PE.NFO,02/01/2024,09:19:05,0.2,0.2,2200,0.25,2760,440,15800
FINNIFTY02JAN2419600PE.NFO,02/01/2024,09:19:15,0.2,0.2,2200,0.25,2760,0,15800
FINNIFTY02JAN2419600PE.NFO,02/01/2024,09:19:35,0.2,0.2,2200,0.25,2680,0,15800
FINNIFTY02JAN2419600PE.NFO,02/01/2024,09:21:14,0.25,0.2,2200,0.25,2200,480,15800
FINNIFTY02JAN2419600PE.NFO,02/01/2024,09:21:25,0.2,0.2,1920,0.25,2680,480,15800
FINNIFTY02JAN2419600PE.NFO,02/01/2024,09:21:35,0.2,0.2,1960,0.25,2240,80,15800
FINNIFTY02JAN2419600PE.NFO,02/01/2024,09:21:45,0.2,0.2,1960,0.25,2240,0,15800
FINNIFTY02JAN2419600PE.NFO,02/01/2024,09:21:55,0.2,0.2,1920,0.25,3160,0,15800
FINNIFTY02JAN2419600PE.NFO,02/01/2024,09:22:50,0.2,0.2,1920,0.25,2720,0,15800
FINNIFTY02JAN2419600PE.NFO,02/01/2024,09:23:37,0.25,0.2,1920,0.25,2480,240,15800
FINNIFTY02JAN2419600PE.NFO,02/01/2024,09:23:56,0.25,0.2,1800,0.25,2760,160,15800
FINNIFTY02JAN2419600PE.NFO,02/01/2024,09:24:05,0.25,0.2,2080,0.25,2320,440,15800
FINNIFTY02JAN2419600PE.NFO,02/01/2024,09:24:14,0.25,0.2,2680,0.25,1800,80,15800
FINNIFTY02JAN2419600PE.NFO,02/01/2024,09:24:24,0.25,0.2,2680,0.25,2120,120,15800
FINNIFTY02JAN2419600PE.NFO,02/01/2024,09:24:34,0.25,0.2,2680,0.25,1680,0,15800
FINNIFTY02JAN2419600PE.NFO,02/01/2024,09:24:44,0.25,0.2,2320,0.25,2120,0,15800
FINNIFTY02JAN2419600PE.NFO,02/01/2024,09:24:54,0.25,0.2,2680,0.25,2000,120,15800
FINNIFTY02JAN2419600PE.NFO,02/01/2024,09:25:04,0.25,0.2,2680,0.25,1280,280,15800
FINNIFTY02JAN2419600PE.NFO,02/01/2024,09:25:15,0.25,0.2,2680,0.25,1160,120,15800
FINNIFTY02JAN2419600PE.NFO,02/01/2024,09:25:26,0.25,0.2,2320,0.25,1360,440,15800
FINNIFTY02JAN2419600PE.NFO,02/01/2024,09:25:36,0.25,0.2,2840,0.3,13400,840,15800
FINNIFTY02JAN2419600PE.NFO,02/01/2024,09:25:46,0.3,0.25,400,0.3,12560,800,15800
FINNIFTY02JAN2419600PE.NFO,02/01/2024,09:25:46,0.3,0.25,400,0.3,12560,0,15800
FINNIFTY02JAN2419600PE.NFO,02/01/2024,09:25:55,0.3,0.2,18720,0.3,46960,800,15800
FINNIFTY02JAN2419600PE.NFO,02/01/2024,09:26:05,0.3,0.2,19360,0.3,44520,1200,15800
FINNIFTY02JAN2419600PE.NFO,02/01/2024,09:26:15,0.3,0.2,19360,0.3,43680,480,15800
FINNIFTY02JAN2419600PE.NFO,02/01/2024,09:26:25,0.3,0.2,17040,0.3,40720,1200,15800
FINNIFTY02JAN2419600PE.NFO,02/01/2024,09:26:36,0.3,0.2,17080,0.3,38200,0,15800
FINNIFTY02JAN2419600PE.NFO,02/01/2024,09:26:46,0.2,0.2,16600,0.25,40,400,16560
FINNIFTY02JAN2419600PE.NFO,02/01/2024,09:26:57,0.2,0.2,15880,0.25,40,2560,16560
FINNIFTY02JAN2419600PE.NFO,02/01/2024,09:27:07,0.2,0.2,15800,0.25,40,80,16560
FINNIFTY02JAN2419600PE.NFO,02/01/2024,09:27:18,0.2,0.2,15720,0.25,40,80,16560
FINNIFTY02JAN2419600PE.NFO,02/01/2024,09:27:28,0.25,0.2,15800,0.3,43240,40,16560
FINNIFTY02JAN2419600PE.NFO,02/01/2024,09:27:37,0.25,0.2,15800,0.25,1160,0,16560
FINNIFTY02JAN2419600PE.NFO,02/01/2024,09:27:47,0.25,0.2,15800,0.25,1560,200,16560
FINNIFTY02JAN2419600PE.NFO,02/01/2024,09:27:57,0.25,0.2,15800,0.25,1720,440,16560
FINNIFTY02JAN2419600PE.NFO,02/01/2024,09:28:17,0.25,0.2,15680,0.25,1160,800,16560
FINNIFTY02JAN2419600PE.NFO,02/01/2024,09:28:28,0.25,0.2,16680,0.3,41760,1280,16560
FINNIFTY02JAN2419600PE.NFO,02/01/2024,09:28:41,0.25,0.2,18480,0.3,41680,0,16560
FINNIFTY02JAN2419600PE.NFO,02/01/2024,09:28:54,0.3,0.25,400,0.3,41680,400,16560
FINNIFTY02JAN2419600PE.NFO,02/01/2024,09:29:05,0.3,0.2,19000,0.3,40720,1200,16560
FINNIFTY02JAN2419600PE.NFO,02/01/2024,09:29:15,0.3,0.2,18920,0.3,40720,0,16560
FINNIFTY02JAN2419600PE.NFO,02/01/2024,09:29:38,0.3,0.2,26280,0.3,40720,0,16560
FINNIFTY02JAN2419600PE.NFO,02/01/2024,09:30:58,0.3,0.2,26400,0.3,40640,80,16080
FINNIFTY02JAN2419600PE.NFO,02/01/2024,09:31:10,0.3,0.2,26320,0.3,40640,0,16080
FINNIFTY02JAN2419600PE.NFO,02/01/2024,09:31:20,0.3,0.2,26400,0.3,40440,280,16080
FINNIFTY02JAN2419600PE.NFO,02/01/2024,09:31:30,0.3,0.2,26320,0.3,40440,0,16080
FINNIFTY02JAN2419600PE.NFO,02/01/2024,09:31:39,0.3,0.2,26320,0.3,39640,800,16080
FINNIFTY02JAN2419600PE.NFO,02/01/2024,09:31:59,0.3,0.2,26320,0.3,39640,0,16080
FINNIFTY02JAN2419600PE.NFO,02/01/2024,09:32:08,0.3,0.25,400,0.3,39640,0,16080
FINNIFTY02JAN2419600PE.NFO,02/01/2024,09:32:18,0.3,0.2,24480,0.3,39240,400,16080
FINNIFTY02JAN2419600PE.NFO,02/01/2024,09:32:28,0.3,0.2,24480,0.3,39240,0,16080
FINNIFTY02JAN2419600PE.NFO,02/01/2024,09:33:17,0.3,0.2,24480,0.3,39360,0,16080
FINNIFTY02JAN2419600PE.NFO,02/01/2024,09:33:27,0.3,0.2,26320,0.3,39440,80,16160
FINNIFTY02JAN2419600PE.NFO,02/01/2024,09:33:36,0.25,0.2,27040,0.3,39040,160,16160
FINNIFTY02JAN2419600PE.NFO,02/01/2024,09:33:46,0.25,0.2,26560,0.3,39040,80,16160
FINNIFTY02JAN2419600PE.NFO,02/01/2024,09:33:55,0.25,0.2,26480,0.3,39040,0,16160
FINNIFTY02JAN2419600PE.NFO,02/01/2024,09:34:05,0.25,0.25,80,0.3,39040,0,16160
FINNIFTY02JAN2419600PE.NFO,02/01/2024,09:34:14,0.3,0.2,25760,0.3,38960,80,16160
FINNIFTY02JAN2419600PE.NFO,02/01/2024,09:34:23,0.3,0.2,25760,0.3,38760,200,16160
FINNIFTY02JAN2419600PE.NFO,02/01/2024,09:34:59,0.25,0.2,26360,0.3,38760,80,16160
FINNIFTY02JAN2419600PE.NFO,02/01/2024,09:35:08,0.25,0.2,24560,0.3,38760,80,16160
FINNIFTY02JAN2419600PE.NFO,02/01/2024,09:35:18,0.25,0.2,24560,0.3,41400,0,16160
FINNIFTY02JAN2419600PE.NFO,02/01/2024,09:35:27,0.25,0.2,26960,0.3,41440,80,16160
FINNIFTY02JAN2419600PE.NFO,02/01/2024,09:35:37,0.25,0.2,26960,0.3,41600,0,16160
FINNIFTY02JAN2419600PE.NFO,02/01/2024,09:35:46,0.25,0.25,200,0.3,41600,80,16360
FINNIFTY02JAN2419600PE.NFO,02/01/2024,09:35:56,0.25,0.2,26960,0.3,39880,200,16360
FINNIFTY02JAN2419600PE.NFO,02/01/2024,09:36:05,0.25,0.2,26960,0.3,39880,0,16360
FINNIFTY02JAN2419600PE.NFO,02/01/2024,09:36:24,0.3,0.2,27040,0.3,39760,160,16360
FINNIFTY02JAN2419600PE.NFO,02/01/2024,09:36:33,0.25,0.25,40,0.3,39960,240,16360
FINNIFTY02JAN2419600PE.NFO,02/01/2024,09:36:42,0.3,0.2,26960,0.3,39760,40,16360
FINNIFTY02JAN2419600PE.NFO,02/01/2024,09:36:51,0.3,0.2,25240,0.3,39680,80,16360
FINNIFTY02JAN2419600PE.NFO,02/01/2024,09:37:00,0.3,0.2,25160,0.3,39280,0,16360
FINNIFTY02JAN2419600PE.NFO,02/01/2024,09:37:09,0.3,0.2,25160,0.3,39440,0,16360
FINNIFTY02JAN2419600PE.NFO,02/01/2024,09:37:36,0.3,0.2,25160,0.3,39280,0,16360
FINNIFTY02JAN2419600PE.NFO,02/01/2024,09:38:57,0.3,0.2,25160,0.3,39440,0,16360
FINNIFTY02JAN2419600PE.NFO,02/01/2024,09:39:35,0.3,0.2,25160,0.3,39280,0,16360
FINNIFTY02JAN2419600PE.NFO,02/01/2024,09:40:05,0.3,0.2,25160,0.3,39440,0,16360
FINNIFTY02JAN2419600PE.NFO,02/01/2024,09:42:16,0.3,0.2,25160,0.25,37880,0,16360
FINNIFTY02JAN2419600PE.NFO,02/01/2024,09:46:04,0.25,0.2,25160,0.25,37800,80,16560
FINNIFTY02JAN2419600PE.NFO,02/01/2024,09:46:14,0.25,0.2,25160,0.25,37120,680,16560
FINNIFTY02JAN2419600PE.NFO,02/01/2024,09:46:33,0.25,0.2,25160,0.25,37040,80,16560
FINNIFTY02JAN2419600PE.NFO,02/01/2024,09:46:43,0.25,0.2,25160,0.25,37040,0,16560
FINNIFTY02JAN2419600PE.NFO,02/01/2024,09:47:11,0.2,0.2,25120,0.25,38520,40,16560
FINNIFTY02JAN2419600PE.NFO,02/01/2024,09:49:10,0.2,0.2,25120,0.25,38520,0,16560
FINNIFTY02JAN2419600PE.NFO,02/01/2024,09:55:42,0.2,0.2,23320,0.25,38520,0,16560
FINNIFTY02JAN2419600PE.NFO,02/01/2024,09:55:52,0.2,0.2,17920,0.25,38520,0,16560
FINNIFTY02JAN2419600PE.NFO,02/01/2024,09:56:04,0.2,0.2,17240,0.25,38520,680,17040
FINNIFTY02JAN2419600PE.NFO,02/01/2024,09:56:41,0.2,0.2,17240,0.25,38520,0,17040
FINNIFTY02JAN2419600PE.NFO,02/01/2024,09:56:53,0.2,0.2,15080,0.25,38520,1560,17040
FINNIFTY02JAN2419600PE.NFO,02/01/2024,09:57:05,0.2,0.2,15080,0.25,38520,0,17040
FINNIFTY02JAN2419600PE.NFO,02/01/2024,09:57:30,0.2,0.2,15120,0.25,38520,0,17040
FINNIFTY02JAN2419600PE.NFO,02/01/2024,09:57:54,0.2,0.2,14880,0.25,38520,200,17040
FINNIFTY02JAN2419600PE.NFO,02/01/2024,09:58:16,0.2,0.2,14480,0.25,38520,400,17040
FINNIFTY02JAN2419600PE.NFO,02/01/2024,09:58:28,0.2,0.2,14480,0.25,38520,0,17040
FINNIFTY02JAN2419600PE.NFO,02/01/2024,09:58:41,0.2,0.2,13280,0.25,38520,1200,17040
FINNIFTY02JAN2419600PE.NFO,02/01/2024,09:59:02,0.2,0.2,13280,0.25,38520,0,17040
FINNIFTY02JAN2419600PE.NFO,02/01/2024,09:59:48,0.2,0.2,13080,0.25,38520,200,17600
FINNIFTY02JAN2419600PE.NFO,02/01/2024,09:59:59,0.2,0.2,12920,0.25,38520,160,17600
FINNIFTY02JAN2419600PE.NFO,02/01/2024,10:00:10,0.2,0.2,12720,0.25,38520,200,17600
FINNIFTY02JAN2419600PE.NFO,02/01/2024,10:00:35,0.2,0.2,12720,0.25,38520,0,17600
FINNIFTY02JAN2419600PE.NFO,02/01/2024,10:01:08,0.2,0.2,28960,0.25,38520,0,17600
FINNIFTY02JAN2419600PE.NFO,02/01/2024,10:01:19,0.2,0.2,24520,0.25,38520,0,17600
FINNIFTY02JAN2419600PE.NFO,02/01/2024,10:01:30,0.2,0.2,22320,0.25,31960,0,17600
FINNIFTY02JAN2419600PE.NFO,02/01/2024,10:01:52,0.2,0.2,18720,0.25,39160,0,17600
FINNIFTY02JAN2419600PE.NFO,02/01/2024,10:02:02,0.2,0.2,18880,0.25,39160,0,17600
FINNIFTY02JAN2419600PE.NFO,02/01/2024,10:02:23,0.25,0.2,18880,0.25,38680,480,17600
FINNIFTY02JAN2419600PE.NFO,02/01/2024,10:02:43,0.25,0.2,18880,0.25,38680,0,17600
FINNIFTY02JAN2419600PE.NFO,02/01/2024,10:03:03,0.25,0.2,19360,0.25,38680,0,17600
FINNIFTY02JAN2419600PE.NFO,02/01/2024,10:03:14,0.25,0.2,18880,0.25,38680,0,17600
FINNIFTY02JAN2419600PE.NFO,02/01/2024,10:03:27,0.2,0.2,12520,0.25,38680,1800,18280
FINNIFTY02JAN2419600PE.NFO,02/01/2024,10:03:39,0.2,0.2,9840,0.25,38680,880,18280
FINNIFTY02JAN2419600PE.NFO,02/01/2024,10:03:50,0.2,0.2,9640,0.25,38680,200,18280
FINNIFTY02JAN2419600PE.NFO,02/01/2024,10:04:00,0.2,0.2,8160,0.25,37200,1480,18280
FINNIFTY02JAN2419600PE.NFO,02/01/2024,10:04:10,0.2,0.2,8600,0.25,37200,0,18280
FINNIFTY02JAN2419600PE.NFO,02/01/2024,10:04:21,0.2,0.2,8440,0.25,37200,200,18280
FINNIFTY02JAN2419600PE.NFO,02/01/2024,10:04:30,0.2,0.2,4600,0.25,37200,3880,18280
FINNIFTY02JAN2419600PE.NFO,02/01/2024,10:04:41,0.2,0.15,107760,0.2,2240,3760,18280
FINNIFTY02JAN2419600PE.NFO,02/01/2024,10:04:51,0.2,0.15,107760,0.2,2120,0,18280
FINNIFTY02JAN2419600PE.NFO,02/01/2024,10:05:02,0.2,0.15,107760,0.2,920,760,18280
FINNIFTY02JAN2419600PE.NFO,02/01/2024,10:05:12,0.15,0.15,107720,0.2,2520,200,18280
FINNIFTY02JAN2419600PE.NFO,02/01/2024,10:05:12,0.15,0.15,107720,0.2,2520,0,18280
FINNIFTY02JAN2419600PE.NFO,02/01/2024,10:05:32,0.15,0.15,107680,0.2,2520,40,18280
FINNIFTY02JAN2419600PE.NFO,02/01/2024,10:05:43,0.15,0.15,107160,0.2,2200,520,19360
FINNIFTY02JAN2419600PE.NFO,02/01/2024,10:05:53,0.15,0.15,88240,0.2,2200,200,19360
FINNIFTY02JAN2419600PE.NFO,02/01/2024,10:06:03,0.15,0.15,88120,0.2,2280,120,19360
FINNIFTY02JAN2419600PE.NFO,02/01/2024,10:06:13,0.15,0.15,87680,0.2,2160,440,19360
FINNIFTY02JAN2419600PE.NFO,02/01/2024,10:06:23,0.2,0.15,87680,0.2,880,1280,19360
FINNIFTY02JAN2419600PE.NFO,02/01/2024,10:06:34,0.2,0.15,87680,0.2,400,480,19360
FINNIFTY02JAN2419600PE.NFO,02/01/2024,10:07:26,0.2,0.15,85920,0.25,39040,0,19360
FINNIFTY02JAN2419600PE.NFO,02/01/2024,10:08:58,0.2,0.15,85920,0.2,1040,320,18840
FINNIFTY02JAN2419600PE.NFO,02/01/2024,10:10:17,0.2,0.15,85920,0.2,1040,0,18840
FINNIFTY02JAN2419600PE.NFO,02/01/2024,10:11:06,0.2,0.15,85920,0.2,3760,800,18840
FINNIFTY02JAN2419600PE.NFO,02/01/2024,10:11:16,0.2,0.15,85920,0.2,3960,0,18840
FINNIFTY02JAN2419600PE.NFO,02/01/2024,10:11:26,0.2,0.15,85920,0.2,1960,200,18840
FINNIFTY02JAN2419600PE.NFO,02/01/2024,10:12:54,0.2,0.15,85920,0.2,3400,0,18840
FINNIFTY02JAN2419600PE.NFO,02/01/2024,10:13:04,0.2,0.15,85920,0.2,3440,0,18840
FINNIFTY02JAN2419600PE.NFO,02/01/2024,10:13:14,0.2,0.15,85920,0.2,3760,0,18840
FINNIFTY02JAN2419600PE.NFO,02/01/2024,10:13:34,0.2,0.15,85960,0.2,1960,0,18840
FINNIFTY02JAN2419600PE.NFO,02/01/2024,10:14:04,0.2,0.15,85960,0.2,3440,0,18840
FINNIFTY02JAN2419600PE.NFO,02/01/2024,10:14:14,0.2,0.15,85960,0.2,1960,0,18840
FINNIFTY02JAN2419600PE.NFO,02/01/2024,10:14:54,0.2,0.15,85960,0.2,1840,0,18840
FINNIFTY02JAN2419600PE.NFO,02/01/2024,10:15:04,0.2,0.15,85960,0.2,1160,800,18640
FINNIFTY02JAN2419600PE.NFO,02/01/2024,10:16:03,0.2,0.2,280,0.25,39040,2280,18640
FINNIFTY02JAN2419600PE.NFO,02/01/2024,10:16:13,0.2,0.15,84160,0.2,3680,360,18640
FINNIFTY02JAN2419600PE.NFO,02/01/2024,10:16:23,0.2,0.15,84160,0.2,1600,0,18640
FINNIFTY02JAN2419600PE.NFO,02/01/2024,10:16:33,0.2,0.15,84160,0.2,3680,0,18640
FINNIFTY02JAN2419600PE.NFO,02/01/2024,10:16:52,0.2,0.15,84160,0.2,1880,0,18640
FINNIFTY02JAN2419600PE.NFO,02/01/2024,10:17:02,0.2,0.15,84160,0.2,3720,0,18640
FINNIFTY02JAN2419600PE.NFO,02/01/2024,10:17:12,0.2,0.15,84160,0.2,1880,0,18640
FINNIFTY02JAN2419600PE.NFO,02/01/2024,10:17:22,0.2,0.15,84160,0.2,1920,0,18640
FINNIFTY02JAN2419600PE.NFO,02/01/2024,10:17:32,0.2,0.15,84160,0.2,3720,0,18640
FINNIFTY02JAN2419600PE.NFO,02/01/2024,10:17:42,0.2,0.15,84160,0.2,1880,0,18640
FINNIFTY02JAN2419600PE.NFO,02/01/2024,10:18:01,0.2,0.15,84160,0.2,3720,0,18640
FINNIFTY02JAN2419600PE.NFO,02/01/2024,10:18:39,0.2,0.15,84160,0.2,1880,0,18640
FINNIFTY02JAN2419600PE.NFO,02/01/2024,10:18:58,0.2,0.15,84160,0.2,2640,0,18640
FINNIFTY02JAN2419600PE.NFO,02/01/2024,10:19:27,0.2,0.15,84160,0.2,2600,0,18640
FINNIFTY02JAN2419600PE.NFO,02/01/2024,10:21:12,0.2,0.15,84160,0.2,2640,0,18640
FINNIFTY02JAN2419600PE.NFO,02/01/2024,10:21:22,0.2,0.15,84160,0.2,2600,0,18640
FINNIFTY02JAN2419600PE.NFO,02/01/2024,10:22:01,0.2,0.15,85960,0.25,39040,2400,18640
FINNIFTY02JAN2419600PE.NFO,02/01/2024,10:22:11,0.2,0.15,84160,0.2,2600,200,18640
FINNIFTY02JAN2419600PE.NFO,02/01/2024,10:22:21,0.2,0.15,84160,0.2,1920,0,18640
FINNIFTY02JAN2419600PE.NFO,02/01/2024,10:22:31,0.2,0.15,84160,0.2,3840,0,18640
FINNIFTY02JAN2419600PE.NFO,02/01/2024,10:22:41,0.2,0.15,84160,0.2,5600,0,18640
FINNIFTY02JAN2419600PE.NFO,02/01/2024,10:23:11,0.2,0.15,80560,0.2,5600,0,18640
FINNIFTY02JAN2419600PE.NFO,02/01/2024,10:23:20,0.2,0.15,75160,0.2,5640,0,18640
FINNIFTY02JAN2419600PE.NFO,02/01/2024,10:23:52,0.2,0.15,75160,0.2,3840,0,18640
FINNIFTY02JAN2419600PE.NFO,02/01/2024,10:24:32,0.2,0.15,75160,0.2,5600,0,18640
FINNIFTY02JAN2419600PE.NFO,02/01/2024,10:24:52,0.2,0.15,75160,0.2,3840,0,18640
FINNIFTY02JAN2419600PE.NFO,02/01/2024,10:25:04,0.2,0.15,75160,0.2,5640,0,18640
FINNIFTY02JAN2419600PE.NFO,02/01/2024,10:25:15,0.2,0.15,75160,0.2,3640,0,18640
FINNIFTY02JAN2419600PE.NFO,02/01/2024,10:25:26,0.2,0.15,75160,0.2,5480,0,18640
FINNIFTY02JAN2419600PE.NFO,02/01/2024,10:25:57,0.2,0.15,75160,0.2,4800,680,18720
FINNIFTY02JAN2419600PE.NFO,02/01/2024,10:26:07,0.2,0.15,75160,0.2,4120,680,18720
FINNIFTY02JAN2419600PE.NFO,02/01/2024,10:26:19,0.2,0.15,75160,0.2,3040,0,18720
FINNIFTY02JAN2419600PE.NFO,02/01/2024,10:26:31,0.2,0.15,75160,0.2,1080,160,18720
FINNIFTY02JAN2419600PE.NFO,02/01/2024,10:26:42,0.2,0.2,80,0.25,40840,1520,18720
FINNIFTY02JAN2419600PE.NFO,02/01/2024,10:26:54,0.25,0.2,320,0.25,40480,360,18720
FINNIFTY02JAN2419600PE.NFO,02/01/2024,10:27:05,0.2,0.2,120,0.25,40480,200,18720
FINNIFTY02JAN2419600PE.NFO,02/01/2024,10:27:16,0.2,0.15,76960,0.25,40480,120,18720
FINNIFTY02JAN2419600PE.NFO,02/01/2024,10:27:37,0.25,0.15,75160,0.25,40400,80,18720
FINNIFTY02JAN2419600PE.NFO,02/01/2024,10:28:08,0.25,0.2,80,0.25,40400,0,18720
FINNIFTY02JAN2419600PE.NFO,02/01/2024,10:28:18,0.15,0.15,76920,0.25,40320,120,18720
FINNIFTY02JAN2419600PE.NFO,02/01/2024,10:29:28,0.2,0.15,75120,0.25,40320,280,18720
FINNIFTY02JAN2419600PE.NFO,02/01/2024,10:30:22,0.25,0.15,76920,0.25,40240,80,19920
FINNIFTY02JAN2419600PE.NFO,02/01/2024,10:30:33,0.25,0.15,75120,0.25,40160,80,19920
FINNIFTY02JAN2419600PE.NFO,02/01/2024,10:31:55,0.25,0.15,75120,0.25,40080,80,19920
FINNIFTY02JAN2419600PE.NFO,02/01/2024,10:32:05,0.2,0.15,76920,0.2,1160,720,19920
FINNIFTY02JAN2419600PE.NFO,02/01/2024,10:32:26,0.2,0.15,76920,0.2,3280,0,19920
FINNIFTY02JAN2419600PE.NFO,02/01/2024,10:32:46,0.2,0.15,76920,0.2,2400,880,20520
FINNIFTY02JAN2419600PE.NFO,02/01/2024,10:34:04,0.2,0.15,76920,0.2,2400,0,20520
FINNIFTY02JAN2419600PE.NFO,02/01/2024,10:34:24,0.2,0.15,76120,0.2,4200,0,20520
FINNIFTY02JAN2419600PE.NFO,02/01/2024,10:36:03,0.2,0.15,76120,0.2,4000,200,20520
FINNIFTY02JAN2419600PE.NFO,02/01/2024,10:37:01,0.2,0.15,76120,0.2,2320,80,20520
FINNIFTY02JAN2419600PE.NFO,02/01/2024,10:40:38,0.2,0.15,76120,0.2,3920,0,20520
FINNIFTY02JAN2419600PE.NFO,02/01/2024,10:40:48,0.2,0.15,76120,0.2,2320,0,20520
FINNIFTY02JAN2419600PE.NFO,02/01/2024,10:42:14,0.2,0.15,76120,0.2,3480,0,20520
FINNIFTY02JAN2419600PE.NFO,02/01/2024,10:42:45,0.2,0.15,76120,0.2,5240,0,20520
FINNIFTY02JAN2419600PE.NFO,02/01/2024,10:42:55,0.2,0.15,76120,0.2,5160,0,20520
FINNIFTY02JAN2419600PE.NFO,02/01/2024,10:43:06,0.2,0.15,76120,0.2,3480,0,20520
FINNIFTY02JAN2419600PE.NFO,02/01/2024,10:43:39,0.2,0.15,76120,0.2,5160,0,20520
FINNIFTY02JAN2419600PE.NFO,02/01/2024,10:43:49,0.2,0.15,76120,0.2,3480,0,20520
FINNIFTY02JAN2419600PE.NFO,02/01/2024,10:44:09,0.2,0.15,76080,0.2,5280,0,20520
FINNIFTY02JAN2419600PE.NFO,02/01/2024,10:44:40,0.2,0.15,76080,0.2,3280,200,20720
FINNIFTY02JAN2419600PE.NFO,02/01/2024,10:45:01,0.2,0.15,76080,0.2,3120,0,20720
FINNIFTY02JAN2419600PE.NFO,02/01/2024,10:45:12,0.2,0.15,76080,0.2,3280,0,20720
FINNIFTY02JAN2419600PE.NFO,02/01/2024,10:45:52,0.2,0.15,76080,0.2,3080,0,20720
FINNIFTY02JAN2419600PE.NFO,02/01/2024,10:46:41,0.2,0.15,76080,0.2,5080,0,20720
FINNIFTY02JAN2419600PE.NFO,02/01/2024,10:46:51,0.2,0.15,76080,0.2,3080,200,20720
FINNIFTY02JAN2419600PE.NFO,02/01/2024,10:47:12,0.2,0.15,76080,0.2,3080,0,20720
FINNIFTY02JAN2419600PE.NFO,02/01/2024,10:47:32,0.2,0.15,76080,0.2,4680,200,20720
FINNIFTY02JAN2419600PE.NFO,02/01/2024,10:48:34,0.2,0.15,76080,0.2,4680,0,20720
FINNIFTY02JAN2419600PE.NFO,02/01/2024,10:49:55,0.2,0.15,76080,0.2,1720,0,20720
FINNIFTY02JAN2419600PE.NFO,02/01/2024,10:51:47,0.2,0.15,76080,0.2,3320,0,20720
FINNIFTY02JAN2419600PE.NFO,02/01/2024,10:51:57,0.2,0.15,76080,0.2,1720,0,20720
FINNIFTY02JAN2419600PE.NFO,02/01/2024,10:57:02,0.2,0.15,59880,0.2,2720,0,20720
FINNIFTY02JAN2419600PE.NFO,02/01/2024,10:57:12,0.2,0.15,41880,0.2,2720,0,20720
FINNIFTY02JAN2419600PE.NFO,02/01/2024,10:57:22,0.2,0.15,22080,0.2,2720,0,20720
FINNIFTY02JAN2419600PE.NFO,02/01/2024,11:01:04,0.2,0.15,22080,0.2,4400,0,20720
FINNIFTY02JAN2419600PE.NFO,02/01/2024,11:01:14,0.2,0.15,22080,0.2,4520,0,20720
FINNIFTY02JAN2419600PE.NFO,02/01/2024,11:01:23,0.2,0.15,22080,0.2,2720,0,20720
FINNIFTY02JAN2419600PE.NFO,02/01/2024,11:02:58,0.2,0.15,22080,0.2,4520,0,20720
FINNIFTY02JAN2419600PE.NFO,02/01/2024,11:06:23,0.2,0.15,22080,0.2,2720,0,20720
FINNIFTY02JAN2419600PE.NFO,02/01/2024,11:10:26,0.2,0.15,19280,0.2,2560,0,20720
FINNIFTY02JAN2419600PE.NFO,02/01/2024,11:10:35,0.2,0.15,19280,0.2,4520,0,20720
FINNIFTY02JAN2419600PE.NFO,02/01/2024,11:12:07,0.2,0.15,19280,0.2,2520,200,20720
FINNIFTY02JAN2419600PE.NFO,02/01/2024,11:12:52,0.2,0.15,19280,0.2,4120,200,20720
FINNIFTY02JAN2419600PE.NFO,02/01/2024,11:13:01,0.2,0.15,19280,0.2,4120,0,20720
FINNIFTY02JAN2419600PE.NFO,02/01/2024,11:14:57,0.2,0.15,19320,0.2,2320,0,20720
FINNIFTY02JAN2419600PE.NFO,02/01/2024,11:15:17,0.2,0.15,19320,0.2,2120,200,20720
FINNIFTY02JAN2419600PE.NFO,02/01/2024,11:15:48,0.2,0.15,19320,0.2,1920,200,20720
FINNIFTY02JAN2419600PE.NFO,02/01/2024,11:16:08,0.2,0.15,19320,0.2,3520,200,20720
FINNIFTY02JAN2419600PE.NFO,02/01/2024,11:16:27,0.2,0.15,19320,0.2,1520,200,20720
FINNIFTY02JAN2419600PE.NFO,02/01/2024,11:18:30,0.2,0.15,19320,0.2,1520,0,20720
FINNIFTY02JAN2419600PE.NFO,02/01/2024,11:23:08,0.15,0.15,19200,0.2,1520,200,20720
FINNIFTY02JAN2419600PE.NFO,02/01/2024,11:23:36,0.15,0.15,19200,0.2,1760,0,20720
FINNIFTY02JAN2419600PE.NFO,02/01/2024,11:25:16,0.15,0.15,19120,0.2,3560,0,20720
FINNIFTY02JAN2419600PE.NFO,02/01/2024,11:26:13,0.15,0.15,18920,0.2,1760,200,20920
FINNIFTY02JAN2419600PE.NFO,02/01/2024,11:26:31,0.15,0.15,18920,0.2,3760,0,20920
FINNIFTY02JAN2419600PE.NFO,02/01/2024,11:27:45,0.15,0.15,18720,0.2,3800,200,21120
FINNIFTY02JAN2419600PE.NFO,02/01/2024,11:31:05,0.15,0.15,18680,0.2,3760,0,21120
FINNIFTY02JAN2419600PE.NFO,02/01/2024,11:31:23,0.15,0.15,18680,0.2,2000,0,21120
FINNIFTY02JAN2419600PE.NFO,02/01/2024,11:31:50,0.15,0.15,18680,0.2,3760,0,21120
FINNIFTY02JAN2419600PE.NFO,02/01/2024,11:32:08,0.15,0.15,18680,0.2,3800,0,21120
FINNIFTY02JAN2419600PE.NFO,02/01/2024,11:34:13,0.15,0.15,18480,0.2,2000,200,21320
FINNIFTY02JAN2419600PE.NFO,02/01/2024,11:34:22,0.15,0.15,18480,0.2,3760,0,21320
FINNIFTY02JAN2419600PE.NFO,02/01/2024,11:34:32,0.15,0.15,18280,0.2,2000,200,21320
FINNIFTY02JAN2419600PE.NFO,02/01/2024,11:34:41,0.15,0.15,18280,0.2,3760,0,21320
FINNIFTY02JAN2419600PE.NFO,02/01/2024,11:35:08,0.15,0.15,18280,0.2,2000,0,21320
FINNIFTY02JAN2419600PE.NFO,02/01/2024,11:35:17,0.15,0.15,18280,0.2,3800,0,21320
FINNIFTY02JAN2419600PE.NFO,02/01/2024,11:36:02,0.15,0.15,8400,0.2,3560,11440,21720
FINNIFTY02JAN2419600PE.NFO,02/01/2024,11:36:11,0.15,0.15,8200,0.2,3600,200,21720
FINNIFTY02JAN2419600PE.NFO,02/01/2024,11:36:21,0.15,0.15,3960,0.2,5400,200,21720
FINNIFTY02JAN2419600PE.NFO,02/01/2024,11:36:30,0.15,0.15,2160,0.2,3600,0,21720
FINNIFTY02JAN2419600PE.NFO,02/01/2024,11:36:39,0.15,0.15,1960,0.2,5400,0,21720
FINNIFTY02JAN2419600PE.NFO,02/01/2024,11:36:58,0.15,0.15,840,0.2,9000,0,21720
FINNIFTY02JAN2419600PE.NFO,02/01/2024,11:37:08,0.15,0.15,840,0.2,16200,0,21720
FINNIFTY02JAN2419600PE.NFO,02/01/2024,11:38:04,0.15,0.1,118840,0.2,15960,2080,21720
FINNIFTY02JAN2419600PE.NFO,02/01/2024,11:38:14,0.15,0.1,117400,0.2,14160,1840,21720
FINNIFTY02JAN2419600PE.NFO,02/01/2024,11:38:24,0.15,0.1,119200,0.2,12360,0,21720
FINNIFTY02JAN2419600PE.NFO,02/01/2024,11:39:11,0.15,0.15,40,0.2,10560,1800,28920
FINNIFTY02JAN2419600PE.NFO,02/01/2024,11:39:21,0.15,0.1,117400,0.2,10560,0,28920
FINNIFTY02JAN2419600PE.NFO,02/01/2024,11:39:29,0.15,0.1,117400,0.15,40,1760,28920
FINNIFTY02JAN2419600PE.NFO,02/01/2024,11:39:48,0.15,0.1,117400,0.2,7400,0,28920
FINNIFTY02JAN2419600PE.NFO,02/01/2024,11:42:09,0.15,0.1,119160,0.2,7400,0,28920
FINNIFTY02JAN2419600PE.NFO,02/01/2024,11:42:38,0.2,0.1,119160,0.2,7200,200,25360
FINNIFTY02JAN2419600PE.NFO,02/01/2024,11:43:43,0.2,0.15,4320,0.2,6960,240,25360
FINNIFTY02JAN2419600PE.NFO,02/01/2024,11:43:53,0.2,0.15,10440,0.2,6760,200,25360
FINNIFTY02JAN2419600PE.NFO,02/01/2024,11:44:02,0.2,0.15,10440,0.2,6360,400,25360
FINNIFTY02JAN2419600PE.NFO,02/01/2024,11:45:35,0.2,0.15,10440,0.2,6360,0,25360
FINNIFTY02JAN2419600PE.NFO,02/01/2024,11:45:45,0.15,0.15,10240,0.2,6360,200,24320
FINNIFTY02JAN2419600PE.NFO,02/01/2024,11:45:54,0.15,0.15,9640,0.2,6360,600,24320
FINNIFTY02JAN2419600PE.NFO,02/01/2024,11:46:03,0.15,0.15,9200,0.2,6360,440,24320
FINNIFTY02JAN2419600PE.NFO,02/01/2024,11:46:13,0.15,0.15,6840,0.2,9240,560,24320
FINNIFTY02JAN2419600PE.NFO,02/01/2024,11:46:22,0.15,0.15,6640,0.2,7800,200,24320
FINNIFTY02JAN2419600PE.NFO,02/01/2024,11:46:41,0.15,0.15,7760,0.2,7800,0,24320
FINNIFTY02JAN2419600PE.NFO,02/01/2024,11:46:50,0.15,0.15,7560,0.2,7800,200,24320
FINNIFTY02JAN2419600PE.NFO,02/01/2024,11:47:17,0.15,0.15,7560,0.2,7800,0,24320
FINNIFTY02JAN2419600PE.NFO,02/01/2024,11:47:33,0.15,0.15,7560,0.2,8600,0,24320
FINNIFTY02JAN2419600PE.NFO,02/01/2024,11:48:08,0.15,0.15,7400,0.2,8600,160,26520
FINNIFTY02JAN2419600PE.NFO,02/01/2024,11:48:17,0.15,0.15,7400,0.2,8600,0,26520
FINNIFTY02JAN2419600PE.NFO,02/01/2024,11:49:44,0.15,0.15,7400,0.2,8760,0,26520
FINNIFTY02JAN2419600PE.NFO,02/01/2024,11:52:36,0.2,0.15,7120,0.2,6000,3880,26680
FINNIFTY02JAN2419600PE.NFO,02/01/2024,11:52:45,0.2,0.15,7120,0.2,6280,0,26680
FINNIFTY02JAN2419600PE.NFO,02/01/2024,11:54:41,0.2,0.15,7160,0.2,6280,0,26680
FINNIFTY02JAN2419600PE.NFO,02/01/2024,11:55:25,0.2,0.15,7120,0.2,6280,0,26680
FINNIFTY02JAN2419600PE.NFO,02/01/2024,11:57:09,0.2,0.15,7120,0.2,6400,0,26680
FINNIFTY02JAN2419600PE.NFO,02/01/2024,12:00:57,0.15,0.15,6920,0.2,6400,200,26960
FINNIFTY02JAN2419600PE.NFO,02/01/2024,12:02:09,0.15,0.15,6720,0.2,6600,200,26960
FINNIFTY02JAN2419600PE.NFO,02/01/2024,12:02:26,0.15,0.15,5600,0.2,6800,0,26960
FINNIFTY02JAN2419600PE.NFO,02/01/2024,12:03:19,0.15,0.15,6480,0.2,6800,80,27360
FINNIFTY02JAN2419600PE.NFO,02/01/2024,12:03:28,0.15,0.15,6400,0.2,6960,80,27360
FINNIFTY02JAN2419600PE.NFO,02/01/2024,12:03:37,0.15,0.15,6320,0.2,6960,80,27360
FINNIFTY02JAN2419600PE.NFO,02/01/2024,12:03:54,0.15,0.15,6200,0.2,7040,120,27360
FINNIFTY02JAN2419600PE.NFO,02/01/2024,12:04:03,0.15,0.15,6200,0.2,7120,0,27360
FINNIFTY02JAN2419600PE.NFO,02/01/2024,12:04:21,0.15,0.15,6200,0.2,7040,0,27360
FINNIFTY02JAN2419600PE.NFO,02/01/2024,12:04:31,0.15,0.15,6200,0.2,7120,0,27360
FINNIFTY02JAN2419600PE.NFO,02/01/2024,12:05:43,0.15,0.15,6120,0.2,7120,80,27360
FINNIFTY02JAN2419600PE.NFO,02/01/2024,12:05:51,0.15,0.15,6120,0.2,7120,0,27360
FINNIFTY02JAN2419600PE.NFO,02/01/2024,12:08:36,0.15,0.15,5160,0.2,8320,0,27360
FINNIFTY02JAN2419600PE.NFO,02/01/2024,12:08:45,0.15,0.15,6160,0.2,10120,0,27360
FINNIFTY02JAN2419600PE.NFO,02/01/2024,12:08:54,0.15,0.15,6160,0.2,8480,0,27360
FINNIFTY02JAN2419600PE.NFO,02/01/2024,12:09:27,0.15,0.15,6240,0.2,7120,0,27360
FINNIFTY02JAN2419600PE.NFO,02/01/2024,12:09:45,0.15,0.15,6200,0.2,7120,0,27360
FINNIFTY02JAN2419600PE.NFO,02/01/2024,12:10:30,0.2,0.15,7240,0.2,5360,1800,27800
FINNIFTY02JAN2419600PE.NFO,02/01/2024,12:10:39,0.2,0.15,7240,0.2,4560,1800,27800
FINNIFTY02JAN2419600PE.NFO,02/01/2024,12:11:15,0.2,0.15,7400,0.2,5000,0,27800
FINNIFTY02JAN2419600PE.NFO,02/01/2024,12:17:10,0.2,0.15,7400,0.2,4760,200,24360
FINNIFTY02JAN2419600PE.NFO,02/01/2024,12:17:22,0.2,0.15,7400,0.2,4560,200,24360
FINNIFTY02JAN2419600PE.NFO,02/01/2024,12:20:06,0.2,0.15,7400,0.2,4560,0,24360
FINNIFTY02JAN2419600PE.NFO,02/01/2024,12:20:52,0.2,0.15,7400,0.2,4360,200,23960
FINNIFTY02JAN2419600PE.NFO,02/01/2024,12:21:40,0.2,0.15,7400,0.2,4160,200,23760
FINNIFTY02JAN2419600PE.NFO,02/01/2024,12:24:06,0.2,0.15,7400,0.2,4160,0,23760
FINNIFTY02JAN2419600PE.NFO,02/01/2024,12:24:44,0.15,0.15,1080,0.2,7040,6880,23560
FINNIFTY02JAN2419600PE.NFO,02/01/2024,12:24:53,0.15,0.1,101840,0.15,1080,1800,23560
FINNIFTY02JAN2419600PE.NFO,02/01/2024,12:25:11,0.15,0.1,101840,0.15,1080,0,23560
FINNIFTY02JAN2419600PE.NFO,02/01/2024,12:26:04,0.15,0.1,101840,0.15,880,200,23560
FINNIFTY02JAN2419600PE.NFO,02/01/2024,12:26:31,0.15,0.1,101400,0.2,9120,3600,23560
FINNIFTY02JAN2419600PE.NFO,02/01/2024,12:26:40,0.15,0.1,101400,0.2,10560,0,23560
FINNIFTY02JAN2419600PE.NFO,02/01/2024,12:27:49,0.15,0.1,101400,0.2,10600,0,23560
FINNIFTY02JAN2419600PE.NFO,02/01/2024,12:28:44,0.15,0.1,103160,0.15,13080,0,23560
FINNIFTY02JAN2419600PE.NFO,02/01/2024,12:30:12,0.15,0.1,104240,0.15,4760,0,23560
FINNIFTY02JAN2419600PE.NFO,02/01/2024,12:34:06,0.15,0.1,95240,0.15,7040,0,23560
FINNIFTY02JAN2419600PE.NFO,02/01/2024,12:35:28,0.15,0.1,96200,0.15,15360,0,23560
FINNIFTY02JAN2419600PE.NFO,02/01/2024,12:35:47,0.15,0.1,42200,0.15,15360,0,23560
FINNIFTY02JAN2419600PE.NFO,02/01/2024,12:38:11,0.15,0.1,42680,0.15,15160,200,33120
FINNIFTY02JAN2419600PE.NFO,02/01/2024,12:38:39,0.15,0.1,42680,0.15,15160,0,33120
FINNIFTY02JAN2419600PE.NFO,02/01/2024,12:40:22,0.15,0.1,42680,0.15,15240,0,33120
FINNIFTY02JAN2419600PE.NFO,02/01/2024,12:40:49,0.15,0.1,42680,0.15,12200,1800,32920
FINNIFTY02JAN2419600PE.NFO,02/01/2024,12:43:19,0.15,0.1,42680,0.15,16160,0,32920
FINNIFTY02JAN2419600PE.NFO,02/01/2024,12:43:37,0.15,0.1,42680,0.15,14360,0,32920
FINNIFTY02JAN2419600PE.NFO,02/01/2024,12:44:12,0.15,0.1,42680,0.15,14440,0,32920
FINNIFTY02JAN2419600PE.NFO,02/01/2024,12:45:38,0.15,0.1,42680,0.15,14360,0,32920
FINNIFTY02JAN2419600PE.NFO,02/01/2024,12:48:17,0.15,0.1,42680,0.15,14280,0,32920
FINNIFTY02JAN2419600PE.NFO,02/01/2024,12:50:21,0.15,0.1,42760,0.15,14280,0,32920
FINNIFTY02JAN2419600PE.NFO,02/01/2024,12:51:34,0.15,0.1,42680,0.15,14280,0,32920
FINNIFTY02JAN2419600PE.NFO,02/01/2024,12:51:52,0.15,0.1,42680,0.15,14240,40,32920
FINNIFTY02JAN2419600PE.NFO,02/01/2024,13:01:15,0.15,0.1,35480,0.15,14240,0,32920
FINNIFTY02JAN2419600PE.NFO,02/01/2024,13:01:51,0.15,0.1,35520,0.15,14240,0,32920
FINNIFTY02JAN2419600PE.NFO,02/01/2024,13:03:06,0.15,0.1,26520,0.15,14240,0,32920
FINNIFTY02JAN2419600PE.NFO,02/01/2024,13:04:15,0.15,0.1,19320,0.15,14240,0,32920
FINNIFTY02JAN2419600PE.NFO,02/01/2024,13:05:31,0.15,0.1,19320,0.15,14040,200,32880
FINNIFTY02JAN2419600PE.NFO,02/01/2024,13:06:51,0.1,0.1,19240,0.15,14040,120,32680
FINNIFTY02JAN2419600PE.NFO,02/01/2024,13:06:51,0.1,0.1,19240,0.15,14040,0,32680
FINNIFTY02JAN2419600PE.NFO,02/01/2024,13:07:44,0.1,0.1,13840,0.15,14040,120,32680
FINNIFTY02JAN2419600PE.NFO,02/01/2024,13:08:13,0.1,0.1,13840,0.15,14040,0,32680
FINNIFTY02JAN2419600PE.NFO,02/01/2024,13:08:40,0.1,0.1,13640,0.15,14040,200,32680
FINNIFTY02JAN2419600PE.NFO,02/01/2024,13:09:34,0.15,0.1,13640,0.15,14000,40,33000
FINNIFTY02JAN2419600PE.NFO,02/01/2024,13:11:38,0.15,0.1,13640,0.15,13800,200,33000
FINNIFTY02JAN2419600PE.NFO,02/01/2024,13:13:49,0.15,0.1,13640,0.15,14080,0,33000
FINNIFTY02JAN2419600PE.NFO,02/01/2024,13:18:40,0.1,0.1,12200,0.15,15520,1440,32800
FINNIFTY02JAN2419600PE.NFO,02/01/2024,13:20:47,0.1,0.1,12120,0.15,15520,0,32800
FINNIFTY02JAN2419600PE.NFO,02/01/2024,13:21:13,0.15,0.1,12120,0.15,16840,200,34240
FINNIFTY02JAN2419600PE.NFO,02/01/2024,13:24:39,0.15,0.1,12120,0.15,16880,0,34240
FINNIFTY02JAN2419600PE.NFO,02/01/2024,13:25:06,0.15,0.1,12120,0.15,16840,0,34240
FINNIFTY02JAN2419600PE.NFO,02/01/2024,13:25:15,0.15,0.1,12160,0.15,16840,0,34240
FINNIFTY02JAN2419600PE.NFO,02/01/2024,13:25:25,0.15,0.1,12160,0.15,16880,0,34240
FINNIFTY02JAN2419600PE.NFO,02/01/2024,13:25:43,0.15,0.1,12160,0.15,16840,0,34240
FINNIFTY02JAN2419600PE.NFO,02/01/2024,13:26:09,0.15,0.1,12160,0.15,16920,0,34240
FINNIFTY02JAN2419600PE.NFO,02/01/2024,13:28:43,0.15,0.1,12080,0.15,16920,0,34240
FINNIFTY02JAN2419600PE.NFO,02/01/2024,13:33:50,0.15,0.1,12040,0.15,16920,0,34240
FINNIFTY02JAN2419600PE.NFO,02/01/2024,13:37:20,0.15,0.1,12080,0.15,16920,0,34240
FINNIFTY02JAN2419600PE.NFO,02/01/2024,13:48:00,0.15,0.1,7080,0.15,12160,0,34240
FINNIFTY02JAN2419600PE.NFO,02/01/2024,13:48:09,0.15,0.1,6440,0.15,12160,0,34240
FINNIFTY02JAN2419600PE.NFO,02/01/2024,13:48:26,0.15,0.1,9120,0.15,11960,200,34040
FINNIFTY02JAN2419600PE.NFO,02/01/2024,13:49:24,0.15,0.1,9120,0.15,11960,0,34040
FINNIFTY02JAN2419600PE.NFO,02/01/2024,13:49:33,0.15,0.1,7080,0.15,11960,0,34040
FINNIFTY02JAN2419600PE.NFO,02/01/2024,13:49:50,0.15,0.1,6440,0.15,11960,0,34040
FINNIFTY02JAN2419600PE.NFO,02/01/2024,13:50:15,0.15,0.1,8960,0.15,11760,200,34040
FINNIFTY02JAN2419600PE.NFO,02/01/2024,13:50:33,0.15,0.1,6440,0.15,11760,0,34040
FINNIFTY02JAN2419600PE.NFO,02/01/2024,13:51:46,0.15,0.1,6480,0.15,11760,0,34040
FINNIFTY02JAN2419600PE.NFO,02/01/2024,13:52:32,0.15,0.1,8880,0.15,11120,640,33640
FINNIFTY02JAN2419600PE.NFO,02/01/2024,13:52:41,0.15,0.1,8800,0.15,12240,200,33640
FINNIFTY02JAN2419600PE.NFO,02/01/2024,13:52:51,0.15,0.1,8720,0.15,14400,80,33640
FINNIFTY02JAN2419600PE.NFO,02/01/2024,13:53:00,0.15,0.1,8720,0.15,14400,0,33640
FINNIFTY02JAN2419600PE.NFO,02/01/2024,13:53:09,0.1,0.1,8480,0.15,14400,400,33640
FINNIFTY02JAN2419600PE.NFO,02/01/2024,13:53:18,0.1,0.1,6880,0.15,14440,1880,33640
FINNIFTY02JAN2419600PE.NFO,02/01/2024,13:53:28,0.1,0.1,3280,0.15,14440,3600,33640
FINNIFTY02JAN2419600PE.NFO,02/01/2024,13:53:38,0.1,0.1,40,0.15,12960,4120,33640
FINNIFTY02JAN2419600PE.NFO,02/01/2024,13:53:47,0.05,0.05,33640,0.1,8400,3280,33640
FINNIFTY02JAN2419600PE.NFO,02/01/2024,13:53:47,0.05,0.05,33640,0.1,8400,0,33640
FINNIFTY02JAN2419600PE.NFO,02/01/2024,13:53:57,0.05,0.05,32000,0.1,9960,2240,33640
FINNIFTY02JAN2419600PE.NFO,02/01/2024,13:54:06,0.1,0.05,32000,0.1,9720,240,33640
FINNIFTY02JAN2419600PE.NFO,02/01/2024,13:54:16,0.1,0.05,32000,0.1,9520,200,31320
FINNIFTY02JAN2419600PE.NFO,02/01/2024,13:54:25,0.1,0.05,33080,0.1,6240,3280,31320
FINNIFTY02JAN2419600PE.NFO,02/01/2024,13:54:35,0.15,0.1,3520,0.15,12760,4840,31320
FINNIFTY02JAN2419600PE.NFO,02/01/2024,13:54:44,0.15,0.1,3520,0.15,11960,800,31320
FINNIFTY02JAN2419600PE.NFO,02/01/2024,13:54:53,0.1,0.1,3320,0.15,11960,200,31320
FINNIFTY02JAN2419600PE.NFO,02/01/2024,13:55:12,0.1,0.1,3200,0.15,11960,0,31320
FINNIFTY02JAN2419600PE.NFO,02/01/2024,13:55:47,0.1,0.1,1040,0.15,12040,2560,31320
FINNIFTY02JAN2419600PE.NFO,02/01/2024,13:55:56,0.1,0.1,4080,0.15,12040,0,31320
FINNIFTY02JAN2419600PE.NFO,02/01/2024,13:56:04,0.1,0.1,4040,0.15,12040,0,31320
FINNIFTY02JAN2419600PE.NFO,02/01/2024,13:58:47,0.1,0.1,4080,0.15,11720,360,30360
FINNIFTY02JAN2419600PE.NFO,02/01/2024,13:58:56,0.1,0.1,3800,0.15,11720,280,30360
FINNIFTY02JAN2419600PE.NFO,02/01/2024,13:59:04,0.1,0.1,2600,0.15,11720,1200,30360
FINNIFTY02JAN2419600PE.NFO,02/01/2024,13:59:13,0.1,0.05,30680,0.1,1000,2400,30360
FINNIFTY02JAN2419600PE.NFO,02/01/2024,13:59:22,0.05,0.05,31200,0.1,6120,1400,30360
FINNIFTY02JAN2419600PE.NFO,02/01/2024,13:59:30,0.05,0.05,30320,0.1,6200,880,30360
FINNIFTY02JAN2419600PE.NFO,02/01/2024,13:59:39,0.05,0.05,30000,0.1,6200,320,30360
FINNIFTY02JAN2419600PE.NFO,02/01/2024,13:59:48,0.05,0.05,30240,0.1,6200,0,30360
FINNIFTY02JAN2419600PE.NFO,02/01/2024,14:00:05,0.05,0.05,30240,0.1,6400,0,30360
FINNIFTY02JAN2419600PE.NFO,02/01/2024,14:00:23,0.05,0.05,28480,0.1,6400,0,30360
FINNIFTY02JAN2419600PE.NFO,02/01/2024,14:00:32,0.05,0.05,28480,0.1,8200,0,30360
FINNIFTY02JAN2419600PE.NFO,02/01/2024,14:00:48,0.05,0.05,28480,0.1,13880,0,30360
FINNIFTY02JAN2419600PE.NFO,02/01/2024,14:00:57,0.1,0.05,28760,0.1,2440,11440,30560
FINNIFTY02JAN2419600PE.NFO,02/01/2024,14:01:06,0.1,0.05,28760,0.1,2400,40,30560
FINNIFTY02JAN2419600PE.NFO,02/01/2024,14:01:41,0.05,0.05,25920,0.1,4880,2520,30560
FINNIFTY02JAN2419600PE.NFO,02/01/2024,14:01:50,0.05,0.05,25920,0.1,4960,0,30560
FINNIFTY02JAN2419600PE.NFO,02/01/2024,14:01:59,0.05,0.05,25920,0.1,9280,0,30560
FINNIFTY02JAN2419600PE.NFO,02/01/2024,14:02:59,0.05,0.05,16920,0.1,9280,0,30560
FINNIFTY02JAN2419600PE.NFO,02/01/2024,14:03:25,0.1,0.05,16920,0.1,9200,80,19440
FINNIFTY02JAN2419600PE.NFO,02/01/2024,14:03:34,0.1,0.05,16920,0.1,8800,400,19440
FINNIFTY02JAN2419600PE.NFO,02/01/2024,14:03:52,0.1,0.05,16920,0.1,8000,800,19440
FINNIFTY02JAN2419600PE.NFO,02/01/2024,14:04:01,0.1,0.05,16920,0.1,7800,200,19440
FINNIFTY02JAN2419600PE.NFO,02/01/2024,14:04:11,0.05,0.05,16120,0.1,9600,800,19440
FINNIFTY02JAN2419600PE.NFO,02/01/2024,14:04:20,0.05,0.05,15640,0.1,9600,480,19440
FINNIFTY02JAN2419600PE.NFO,02/01/2024,14:04:39,0.1,0.05,14760,0.1,9480,120,19440
FINNIFTY02JAN2419600PE.NFO,02/01/2024,14:04:49,0.1,0.05,14760,0.1,9080,400,19440
FINNIFTY02JAN2419600PE.NFO,02/01/2024,14:04:58,0.1,0.05,14760,0.1,8920,200,19440
FINNIFTY02JAN2419600PE.NFO,02/01/2024,14:05:07,0.1,0.05,14760,0.1,8840,80,19440
FINNIFTY02JAN2419600PE.NFO,02/01/2024,14:05:25,0.1,0.05,14760,0.1,10120,0,19440
FINNIFTY02JAN2419600PE.NFO,02/01/2024,14:05:34,0.1,0.05,14760,0.1,10080,0,19440
FINNIFTY02JAN2419600PE.NFO,02/01/2024,14:06:08,0.1,0.05,14760,0.1,10000,0,19440
FINNIFTY02JAN2419600PE.NFO,02/01/2024,14:06:41,0.1,0.05,14760,0.1,9960,40,19440
FINNIFTY02JAN2419600PE.NFO,02/01/2024,14:06:58,0.1,0.05,14760,0.1,9280,680,19440
FINNIFTY02JAN2419600PE.NFO,02/01/2024,14:07:07,0.1,0.05,14760,0.1,7600,1680,19440
FINNIFTY02JAN2419600PE.NFO,02/01/2024,14:09:02,0.1,0.05,14760,0.1,6120,1480,19440
FINNIFTY02JAN2419600PE.NFO,02/01/2024,14:09:12,0.1,0.05,12960,0.1,7000,1200,19440
FINNIFTY02JAN2419600PE.NFO,02/01/2024,14:09:22,0.1,0.05,12960,0.1,6160,840,19200
FINNIFTY02JAN2419600PE.NFO,02/01/2024,14:10:00,0.1,0.05,12960,0.1,6480,1000,19200
FINNIFTY02JAN2419600PE.NFO,02/01/2024,14:10:12,0.1,0.05,12960,0.1,3760,2720,19200
FINNIFTY02JAN2419600PE.NFO,02/01/2024,14:11:03,0.1,0.05,12960,0.1,3360,400,19200
FINNIFTY02JAN2419600PE.NFO,02/01/2024,14:11:16,0.1,0.05,12960,0.1,2040,1320,19200
FINNIFTY02JAN2419600PE.NFO,02/01/2024,14:11:28,0.1,0.1,960,0.15,4560,1760,19200
FINNIFTY02JAN2419600PE.NFO,02/01/2024,14:12:08,0.1,0.1,1400,0.15,4560,0,19200
FINNIFTY02JAN2419600PE.NFO,02/01/2024,14:12:18,0.1,0.1,1360,0.15,4560,0,19200
FINNIFTY02JAN2419600PE.NFO,02/01/2024,14:12:56,0.15,0.1,1200,0.15,4200,680,18840
FINNIFTY02JAN2419600PE.NFO,02/01/2024,14:13:16,0.15,0.1,1360,0.15,3720,920,18840
FINNIFTY02JAN2419600PE.NFO,02/01/2024,14:13:26,0.15,0.1,1360,0.15,3040,240,18840
FINNIFTY02JAN2419600PE.NFO,02/01/2024,14:13:37,0.15,0.1,1360,0.15,3560,240,18840
FINNIFTY02JAN2419600PE.NFO,02/01/2024,14:13:48,0.15,0.1,1360,0.15,2640,160,18840
FINNIFTY02JAN2419600PE.NFO,02/01/2024,14:13:58,0.15,0.1,1360,0.15,2560,80,18840
FINNIFTY02JAN2419600PE.NFO,02/01/2024,14:14:20,0.15,0.1,1360,0.15,2280,280,18840
FINNIFTY02JAN2419600PE.NFO,02/01/2024,14:15:18,0.15,0.1,1360,0.15,2200,80,20880
FINNIFTY02JAN2419600PE.NFO,02/01/2024,14:17:01,0.1,0.1,1320,0.15,2200,40,20880
FINNIFTY02JAN2419600PE.NFO,02/01/2024,14:17:19,0.1,0.1,1200,0.15,2440,120,20880
FINNIFTY02JAN2419600PE.NFO,02/01/2024,14:17:28,0.1,0.1,1120,0.15,2200,200,20880
FINNIFTY02JAN2419600PE.NFO,02/01/2024,14:17:47,0.1,0.1,1040,0.15,2440,80,20880
FINNIFTY02JAN2419600PE.NFO,02/01/2024,14:19:06,0.1,0.1,40,0.15,2200,1200,20520
FINNIFTY02JAN2419600PE.NFO,02/01/2024,14:19:16,0.05,0.05,10160,0.1,560,1440,20520
FINNIFTY02JAN2419600PE.NFO,02/01/2024,14:19:27,0.05,0.05,8680,0.1,1040,2040,20520
FINNIFTY02JAN2419600PE.NFO,02/01/2024,14:19:38,0.05,0.05,5480,0.1,440,3400,20520
FINNIFTY02JAN2419600PE.NFO,02/01/2024,14:19:48,0.05,0.05,4280,0.1,440,1200,20520
FINNIFTY02JAN2419600PE.NFO,02/01/2024,14:20:07,0.05,0.05,3800,0.1,440,480,20520
FINNIFTY02JAN2419600PE.NFO,02/01/2024,14:20:17,0.05,0.05,3640,0.1,2800,0,20520
FINNIFTY02JAN2419600PE.NFO,02/01/2024,14:20:54,0.05,0,0,0.1,2800,6320,20520
FINNIFTY02JAN2419600PE.NFO,02/01/2024,14:21:40,0.05,0.05,1640,0.1,560,2240,16880
FINNIFTY02JAN2419600PE.NFO,02/01/2024,14:22:45,0.05,0.05,840,0.1,680,800,16880
FINNIFTY02JAN2419600PE.NFO,02/01/2024,14:22:55,0.05,0.05,440,0.1,680,480,16880
FINNIFTY02JAN2419600PE.NFO,02/01/2024,14:23:13,0.1,0.05,440,0.1,600,80,16880
FINNIFTY02JAN2419600PE.NFO,02/01/2024,14:23:23,0.1,0.05,440,0.1,600,0,16880
FINNIFTY02JAN2419600PE.NFO,02/01/2024,14:23:50,0.1,0.05,440,0.1,480,120,16880
FINNIFTY02JAN2419600PE.NFO,02/01/2024,14:23:59,0.1,0.05,440,0.1,200,160,16880
FINNIFTY02JAN2419600PE.NFO,02/01/2024,14:25:19,0.1,0.05,440,0.1,200,0,16880
FINNIFTY02JAN2419600PE.NFO,02/01/2024,14:27:17,0.1,0.05,440,0.1,280,0,16880
FINNIFTY02JAN2419600PE.NFO,02/01/2024,14:29:56,0.1,0.05,440,0.1,200,280,17040
FINNIFTY02JAN2419600PE.NFO,02/01/2024,14:30:06,0.1,0,0,0.15,2080,760,17040
FINNIFTY02JAN2419600PE.NFO,02/01/2024,14:30:16,0.1,0,0,0.1,200,0,17040
FINNIFTY02JAN2419600PE.NFO,02/01/2024,14:30:35,0.1,0.05,1280,0.1,360,1760,16920
FINNIFTY02JAN2419600PE.NFO,02/01/2024,14:30:45,0.1,0.05,400,0.1,320,80,16920
FINNIFTY02JAN2419600PE.NFO,02/01/2024,14:31:31,0.1,0.1,280,0.15,2800,520,16920
FINNIFTY02JAN2419600PE.NFO,02/01/2024,14:31:40,0.1,0.1,320,0.15,2960,240,16920
FINNIFTY02JAN2419600PE.NFO,02/01/2024,14:31:49,0.1,0.1,280,0.15,3000,160,16920
FINNIFTY02JAN2419600PE.NFO,02/01/2024,14:32:07,0.1,0.1,200,0.15,3000,80,16920
FINNIFTY02JAN2419600PE.NFO,02/01/2024,14:32:26,0.1,0.1,40,0.15,2360,120,16920
FINNIFTY02JAN2419600PE.NFO,02/01/2024,14:32:35,0.1,0.05,1840,0.15,2160,280,16920
FINNIFTY02JAN2419600PE.NFO,02/01/2024,14:34:34,0.1,0.05,1920,0.15,2800,760,17080
FINNIFTY02JAN2419600PE.NFO,02/01/2024,14:37:17,0.05,0.05,1520,0.1,200,680,17040
FINNIFTY02JAN2419600PE.NFO,02/01/2024,14:37:26,0.05,0.05,720,0.1,240,800,17040
FINNIFTY02JAN2419600PE.NFO,02/01/2024,14:37:36,0.1,0.05,640,0.15,2240,440,17040
FINNIFTY02JAN2419600PE.NFO,02/01/2024,14:37:46,0.1,0.05,600,0.15,2320,1280,17040
FINNIFTY02JAN2419600PE.NFO,02/01/2024,14:37:57,0.1,0.1,240,0.15,1360,1560,17040
FINNIFTY02JAN2419600PE.NFO,02/01/2024,14:38:08,0.1,0.1,240,0.15,240,2480,17040
FINNIFTY02JAN2419600PE.NFO,02/01/2024,14:38:20,0.1,0.1,160,0.15,160,360,17040
FINNIFTY02JAN2419600PE.NFO,02/01/2024,14:38:33,0.15,0.1,240,0.15,320,1320,17040
FINNIFTY02JAN2419600PE.NFO,02/01/2024,14:38:45,0.15,0.1,240,0.15,280,120,17040
FINNIFTY02JAN2419600PE.NFO,02/01/2024,14:39:25,0.1,0.1,160,0.15,280,120,16400
FINNIFTY02JAN2419600PE.NFO,02/01/2024,14:39:44,0.1,0.1,80,0.15,280,80,16400
FINNIFTY02JAN2419600PE.NFO,02/01/2024,14:40:36,0.15,0.1,200,0.15,1000,1040,16400
FINNIFTY02JAN2419600PE.NFO,02/01/2024,14:40:47,0.1,0.05,680,0.15,280,160,16400
FINNIFTY02JAN2419600PE.NFO,02/01/2024,14:40:58,0.1,0.05,760,0.15,880,0,16400
FINNIFTY02JAN2419600PE.NFO,02/01/2024,14:41:09,0.1,0.05,600,0.15,880,0,16400
FINNIFTY02JAN2419600PE.NFO,02/01/2024,14:41:58,0.1,0.05,2560,0.15,880,0,16400
FINNIFTY02JAN2419600PE.NFO,02/01/2024,14:42:08,0.1,0.05,2400,0.15,880,0,16400
FINNIFTY02JAN2419600PE.NFO,02/01/2024,14:43:23,0.05,0.05,2440,0.15,1000,40,17120
FINNIFTY02JAN2419600PE.NFO,02/01/2024,14:44:00,0.15,0.05,2600,0.15,1000,40,17120
FINNIFTY02JAN2419600PE.NFO,02/01/2024,14:44:09,0.15,0.05,2560,0.15,960,80,17120
FINNIFTY02JAN2419600PE.NFO,02/01/2024,14:44:19,0.15,0.05,2400,0.15,840,0,17120
FINNIFTY02JAN2419600PE.NFO,02/01/2024,14:44:40,0.15,0.05,4320,0.15,800,80,17120
FINNIFTY02JAN2419600PE.NFO,02/01/2024,14:45:00,0.15,0.05,4160,0.15,800,0,17120
FINNIFTY02JAN2419600PE.NFO,02/01/2024,14:45:09,0.05,0.05,4120,0.15,880,80,17120
FINNIFTY02JAN2419600PE.NFO,02/01/2024,14:46:06,0.1,0.05,4280,0.15,880,320,17120
FINNIFTY02JAN2419600PE.NFO,02/01/2024,14:46:34,0.1,0.05,4120,0.15,880,0,17120
FINNIFTY02JAN2419600PE.NFO,02/01/2024,14:47:41,0.15,0.1,240,0.15,1080,120,17120
FINNIFTY02JAN2419600PE.NFO,02/01/2024,14:50:56,0.1,0.05,4120,0.15,1000,240,17240
FINNIFTY02JAN2419600PE.NFO,02/01/2024,14:51:06,0.1,0.05,4120,0.15,1840,0,17240
FINNIFTY02JAN2419600PE.NFO,02/01/2024,14:51:25,0.15,0.1,200,0.15,1720,120,17480
FINNIFTY02JAN2419600PE.NFO,02/01/2024,14:53:29,0.1,0.05,4240,0.15,1600,160,17480
FINNIFTY02JAN2419600PE.NFO,02/01/2024,14:53:38,0.1,0.05,4120,0.15,1600,0,17480
FINNIFTY02JAN2419600PE.NFO,02/01/2024,14:54:37,0.1,0.05,4120,0.15,1600,320,17600
FINNIFTY02JAN2419600PE.NFO,02/01/2024,14:54:47,0.1,0.05,4120,0.15,3400,0,17600
FINNIFTY02JAN2419600PE.NFO,02/01/2024,14:55:07,0.15,0.05,4120,0.15,1400,200,17600
FINNIFTY02JAN2419600PE.NFO,02/01/2024,14:55:17,0.15,0.05,4120,0.15,3200,0,17600
FINNIFTY02JAN2419600PE.NFO,02/01/2024,14:55:27,0.15,0.05,4120,0.15,4640,0,17600
FINNIFTY02JAN2419600PE.NFO,02/01/2024,14:55:55,0.15,0.05,4680,0.15,4640,0,17600
FINNIFTY02JAN2419600PE.NFO,02/01/2024,14:56:05,0.1,0.05,4680,0.15,5560,160,17600
FINNIFTY02JAN2419600PE.NFO,02/01/2024,14:56:14,0.1,0.05,4680,0.1,1440,0,17600
FINNIFTY02JAN2419600PE.NFO,02/01/2024,14:57:02,0.1,0.05,4800,0.1,720,0,17600
FINNIFTY02JAN2419600PE.NFO,02/01/2024,14:57:32,0.1,0.05,3000,0.1,1120,0,17600
FINNIFTY02JAN2419600PE.NFO,02/01/2024,14:57:42,0.1,0.05,2920,0.1,960,0,17600
FINNIFTY02JAN2419600PE.NFO,02/01/2024,14:58:10,0.1,0.05,2920,0.1,560,0,17600
FINNIFTY02JAN2419600PE.NFO,02/01/2024,14:59:35,0.05,0.05,2400,0.1,480,1000,17440
FINNIFTY02JAN2419600PE.NFO,02/01/2024,14:59:46,0.05,0.05,2760,0.1,480,1080,17440
FINNIFTY02JAN2419600PE.NFO,02/01/2024,14:59:56,0.05,0.05,1960,0.1,480,800,17440
FINNIFTY02JAN2419600PE.NFO,02/01/2024,15:00:06,0.1,0.05,1880,0.1,2520,560,17440
FINNIFTY02JAN2419600PE.NFO,02/01/2024,15:00:26,0.1,0.05,440,0.1,2560,0,17440
FINNIFTY02JAN2419600PE.NFO,02/01/2024,15:00:37,0.05,0,0,0.1,2560,400,17040
FINNIFTY02JAN2419600PE.NFO,02/01/2024,15:01:36,0.05,0,0,0.1,2560,0,17040
FINNIFTY02JAN2419600PE.NFO,02/01/2024,15:02:15,0.05,0.05,1440,0.1,2560,0,17040
FINNIFTY02JAN2419600PE.NFO,02/01/2024,15:03:13,0.05,0.05,800,0.1,2560,640,17040
FINNIFTY02JAN2419600PE.NFO,02/01/2024,15:03:22,0.05,0.05,400,0.1,2560,400,17040
FINNIFTY02JAN2419600PE.NFO,02/01/2024,15:04:00,0.05,0.05,400,0.1,2680,0,17040
FINNIFTY02JAN2419600PE.NFO,02/01/2024,15:04:20,0.05,0,0,0.1,2800,320,16360
FINNIFTY02JAN2419600PE.NFO,02/01/2024,15:05:10,0.05,0,0,0.1,2760,0,16360
FINNIFTY02JAN2419600PE.NFO,02/01/2024,15:07:46,0.1,0,0,0.1,2760,40,16360
FINNIFTY02JAN2419600PE.NFO,02/01/2024,15:08:57,0.1,0,0,0.1,2680,0,16360
FINNIFTY02JAN2419600PE.NFO,02/01/2024,15:09:08,0.1,0,0,0.1,2720,0,16360
FINNIFTY02JAN2419600PE.NFO,02/01/2024,15:13:52,0.05,0,0,0.05,1200,760,16320
FINNIFTY02JAN2419600PE.NFO,02/01/2024,15:14:33,0.05,0,0,0.05,1200,0,16320
FINNIFTY02JAN2419600PE.NFO,02/01/2024,15:20:25,0.05,0,0,0.05,1240,0,16320
FINNIFTY02JAN2419600PE.NFO,02/01/2024,15:21:05,0.05,0,0,0.05,1200,0,16320
FINNIFTY02JAN2419600PE.NFO,02/01/2024,15:21:43,0.05,0,0,0.05,1240,0,16320
FINNIFTY02JAN2419600PE.NFO,02/01/2024,15:23:18,0.05,0,0,0.05,1200,80,16320
FINNIFTY02JAN2419600PE.NFO,02/01/2024,15:25:33,0.05,0,0,0.05,1200,0,16320
FINNIFTY02JAN2419600PE.NFO,02/01/2024,15:25:54,0.05,0,0,0.05,640,560,16240
FINNIFTY02JAN2419600PE.NFO,02/01/2024,15:28:20,0.05,0,0,0.05,640,0,16240
FINNIFTY02JAN2419600PE.NFO,02/01/2024,15:28:41,0.05,0,0,0.05,680,0,16240
FINNIFTY02JAN2419600PE.NFO,02/01/2024,15:28:52,0.05,0,0,0.05,3080,0,16240
FINNIFTY02JAN2419600PE.NFO,02/01/2024,15:29:12,0.05,0,0,0.05,3800,0,16240
FINNIFTY02JAN2419600PE.NFO,02/01/2024,15:29:45,0.05,0,0,0.05,2920,0,16240
FINNIFTY02JAN2419600PE.NFO,02/01/2024,15:29:59,0.05,0,0,0.05,2840,0,16240
