Ticker,Date,Time,LTP,BuyPrice,BuyQty,SellPrice,SellQty,LTQ,OpenInterest
FINNIFTY02JAN2421550PE.NFO,02/01/2024,09:15:00,121,118.45,320,122.15,200,200,1099360
FINNIFTY02JAN2421550PE.NFO,02/01/2024,09:15:00,121,118.45,320,122.15,200,0,1099360
FINNIFTY02JAN2421550PE.NFO,02/01/2024,09:15:00,121.6,118.45,320,122.15,200,0,1099360
FINNIFTY02JAN2421550PE.NFO,02/01/2024,09:15:00,116.45,118.45,320,122.15,200,0,1099360
FINNIFTY02JAN2421550PE.NFO,02/01/2024,09:15:01,125.6,123.6,80,124.9,280,960,1099360
FINNIFTY02JAN2421550PE.NFO,02/01/2024,09:15:01,125.7,123.6,80,124.9,280,0,1099360
FINNIFTY02JAN2421550PE.NFO,02/01/2024,09:15:02,137.9,135.45,320,139.25,600,1600,1099360
FINNIFTY02JAN2421550PE.NFO,02/01/2024,09:15:02,137.9,135.45,320,139.25,600,0,1099360
FINNIFTY02JAN2421550PE.NFO,02/01/2024,09:15:03,142.05,141.35,40,142.3,40,3320,1099360
FINNIFTY02JAN2421550PE.NFO,02/01/2024,09:15:03,147.2,141.35,40,142.3,40,0,1099360
FINNIFTY02JAN2421550PE.NFO,02/01/2024,09:15:04,149.95,147.6,240,149.95,40,9440,1099360
FINNIFTY02JAN2421550PE.NFO,02/01/2024,09:15:04,155.1,147.6,240,149.95,40,0,1099360
FINNIFTY02JAN2421550PE.NFO,02/01/2024,09:15:05,143.95,142.55,360,144.15,120,3800,1099360
FINNIFTY02JAN2421550PE.NFO,02/01/2024,09:15:06,143.65,142.35,240,144,200,6640,1099360
FINNIFTY02JAN2421550PE.NFO,02/01/2024,09:15:07,143.65,143.4,40,144.05,40,840,1099360
FINNIFTY02JAN2421550PE.NFO,02/01/2024,09:15:08,143.05,143.1,80,143.7,40,840,1099360
FINNIFTY02JAN2421550PE.NFO,02/01/2024,09:15:08,142.8,142.8,120,143.6,40,480,1099360
FINNIFTY02JAN2421550PE.NFO,02/01/2024,09:15:09,148.8,149,80,149.55,40,1040,1099360
FINNIFTY02JAN2421550PE.NFO,02/01/2024,09:15:10,152.4,152.3,40,153.6,40,3320,1099360
FINNIFTY02JAN2421550PE.NFO,02/01/2024,09:15:11,149.85,149.05,80,149.8,160,5920,1099360
FINNIFTY02JAN2421550PE.NFO,02/01/2024,09:15:13,149.4,148.95,40,149.8,200,5480,1099360
FINNIFTY02JAN2421550PE.NFO,02/01/2024,09:15:14,148.7,148.5,160,149.2,40,3040,1099360
FINNIFTY02JAN2421550PE.NFO,02/01/2024,09:15:15,149.6,149.05,160,149.65,80,1360,1099360
FINNIFTY02JAN2421550PE.NFO,02/01/2024,09:15:16,151.5,151.1,40,151.8,200,2280,1099360
FINNIFTY02JAN2421550PE.NFO,02/01/2024,09:15:17,150.8,150.3,80,151.3,200,2680,1099360
FINNIFTY02JAN2421550PE.NFO,02/01/2024,09:15:17,150.35,149.25,120,150,440,200,1099360
FINNIFTY02JAN2421550PE.NFO,02/01/2024,09:15:18,146.4,146.55,40,147.75,360,2160,1099360
FINNIFTY02JAN2421550PE.NFO,02/01/2024,09:15:19,145.1,145.1,120,145.85,400,1320,1099360
FINNIFTY02JAN2421550PE.NFO,02/01/2024,09:15:21,146.8,146.85,360,147.45,360,2120,1099360
FINNIFTY02JAN2421550PE.NFO,02/01/2024,09:15:22,148.2,147.6,160,148.3,40,2400,1099360
FINNIFTY02JAN2421550PE.NFO,02/01/2024,09:15:23,148.2,147.25,160,147.95,160,1920,1099360
FINNIFTY02JAN2421550PE.NFO,02/01/2024,09:15:24,149.45,149,40,149.35,360,1120,1099360
FINNIFTY02JAN2421550PE.NFO,02/01/2024,09:15:24,148.7,148.65,40,149.2,400,80,1099360
FINNIFTY02JAN2421550PE.NFO,02/01/2024,09:15:25,148.65,148.2,160,148.75,280,880,1099360
FINNIFTY02JAN2421550PE.NFO,02/01/2024,09:15:27,149.45,149,40,149.35,360,2960,1099360
FINNIFTY02JAN2421550PE.NFO,02/01/2024,09:15:28,148.25,147.75,520,148.4,360,2080,1099360
FINNIFTY02JAN2421550PE.NFO,02/01/2024,09:15:29,147.1,147.1,40,147.55,360,1240,1099360
FINNIFTY02JAN2421550PE.NFO,02/01/2024,09:15:30,146.9,146.3,400,146.95,40,5320,1099360
FINNIFTY02JAN2421550PE.NFO,02/01/2024,09:15:31,146,145.5,360,146.05,360,1160,1099360
FINNIFTY02JAN2421550PE.NFO,02/01/2024,09:15:31,146,145.4,440,146.1,520,0,1099360
FINNIFTY02JAN2421550PE.NFO,02/01/2024,09:15:33,145.65,145.65,480,146.2,360,2680,1099360
FINNIFTY02JAN2421550PE.NFO,02/01/2024,09:15:34,147.4,146.8,80,147.15,600,1800,1099360
FINNIFTY02JAN2421550PE.NFO,02/01/2024,09:15:35,147.3,147.35,160,147.9,440,400,1099360
FINNIFTY02JAN2421550PE.NFO,02/01/2024,09:15:36,148.1,147.45,40,147.95,240,1800,1099360
FINNIFTY02JAN2421550PE.NFO,02/01/2024,09:15:37,148.15,147.6,240,148.15,160,1440,1099360
FINNIFTY02JAN2421550PE.NFO,02/01/2024,09:15:38,147.25,147.05,40,147.3,440,1320,1099360
FINNIFTY02JAN2421550PE.NFO,02/01/2024,09:15:38,147,146.35,120,146.95,520,80,1099360
FINNIFTY02JAN2421550PE.NFO,02/01/2024,09:15:40,144.7,144.85,120,145.35,80,1280,1099360
FINNIFTY02JAN2421550PE.NFO,02/01/2024,09:15:41,144.55,144.5,160,145.05,440,3480,1099360
FINNIFTY02JAN2421550PE.NFO,02/01/2024,09:15:42,144.4,144.8,200,145.3,80,840,1099360
FINNIFTY02JAN2421550PE.NFO,02/01/2024,09:15:43,145.15,144.85,120,145.35,360,240,1099360
FINNIFTY02JAN2421550PE.NFO,02/01/2024,09:15:44,143.7,143.75,40,144.25,560,2440,1099360
FINNIFTY02JAN2421550PE.NFO,02/01/2024,09:15:45,143.9,143.6,40,144.05,600,920,1099360
FINNIFTY02JAN2421550PE.NFO,02/01/2024,09:15:45,143.9,143.45,40,144,600,0,1099360
FINNIFTY02JAN2421550PE.NFO,02/01/2024,09:15:47,144.5,144.05,160,144.65,520,160,1099360
FINNIFTY02JAN2421550PE.NFO,02/01/2024,09:15:48,145.1,144.85,40,145.35,360,560,1099360
FINNIFTY02JAN2421550PE.NFO,02/01/2024,09:15:49,146.45,146.55,280,147.05,80,1880,1099360
FINNIFTY02JAN2421550PE.NFO,02/01/2024,09:15:50,147.05,147.45,40,147.9,440,3120,1099360
FINNIFTY02JAN2421550PE.NFO,02/01/2024,09:15:51,148,147.4,80,147.9,240,1160,1099360
FINNIFTY02JAN2421550PE.NFO,02/01/2024,09:15:52,147.25,146.7,200,147.25,440,1280,1099360
FINNIFTY02JAN2421550PE.NFO,02/01/2024,09:15:52,147.25,146.6,200,147.15,360,0,1099360
FINNIFTY02JAN2421550PE.NFO,02/01/2024,09:15:54,147.25,146.9,120,147.35,360,0,1099360
FINNIFTY02JAN2421550PE.NFO,02/01/2024,09:15:55,147.25,147.2,80,147.65,360,1080,1099360
FINNIFTY02JAN2421550PE.NFO,02/01/2024,09:15:56,148.85,148.4,160,148.95,400,720,1099360
FINNIFTY02JAN2421550PE.NFO,02/01/2024,09:15:57,148.6,148,80,148.5,360,320,1099360
FINNIFTY02JAN2421550PE.NFO,02/01/2024,09:15:58,148.4,147.9,160,148.45,360,160,1099360
FINNIFTY02JAN2421550PE.NFO,02/01/2024,09:15:59,147.8,147.3,240,147.9,280,3640,1099360
FINNIFTY02JAN2421550PE.NFO,02/01/2024,09:15:59,146.85,146.6,280,147,320,160,1099360
FINNIFTY02JAN2421550PE.NFO,02/01/2024,09:16:01,146.5,146.45,240,146.9,40,4480,1099360
FINNIFTY02JAN2421550PE.NFO,02/01/2024,09:16:02,146.25,146.15,80,146.55,1280,3160,1099360
FINNIFTY02JAN2421550PE.NFO,02/01/2024,09:16:03,146.35,146,640,146.35,640,3520,1099360
FINNIFTY02JAN2421550PE.NFO,02/01/2024,09:16:04,146,145.65,160,146,240,3320,1099360
FINNIFTY02JAN2421550PE.NFO,02/01/2024,09:16:05,145.05,144.7,280,145.15,560,3840,1099360
FINNIFTY02JAN2421550PE.NFO,02/01/2024,09:16:05,145.05,144.3,440,144.7,480,0,1099360
FINNIFTY02JAN2421550PE.NFO,02/01/2024,09:16:06,142.45,142.3,280,142.55,80,1920,1099360
FINNIFTY02JAN2421550PE.NFO,02/01/2024,09:16:08,141.8,141.45,80,141.8,840,2720,1099360
FINNIFTY02JAN2421550PE.NFO,02/01/2024,09:16:09,141.95,141.8,40,142,40,2200,1099360
FINNIFTY02JAN2421550PE.NFO,02/01/2024,09:16:10,143.15,142.55,40,143,840,4520,1099360
FINNIFTY02JAN2421550PE.NFO,02/01/2024,09:16:11,144.4,144.35,120,144.6,40,2560,1099360
FINNIFTY02JAN2421550PE.NFO,02/01/2024,09:16:12,143.5,143.25,80,143.55,360,4840,1099360
FINNIFTY02JAN2421550PE.NFO,02/01/2024,09:16:12,143.05,142.6,80,142.95,40,80,1099360
FINNIFTY02JAN2421550PE.NFO,02/01/2024,09:16:14,143.45,143.3,40,143.55,240,1160,1099360
FINNIFTY02JAN2421550PE.NFO,02/01/2024,09:16:15,144.3,144.7,120,145,1800,880,1099360
FINNIFTY02JAN2421550PE.NFO,02/01/2024,09:16:16,145.05,144.9,200,145.4,720,3200,1099360
FINNIFTY02JAN2421550PE.NFO,02/01/2024,09:16:17,145.2,145.15,80,145.5,360,2240,1099360
FINNIFTY02JAN2421550PE.NFO,02/01/2024,09:16:18,145.95,145.25,40,145.6,360,640,1099360
FINNIFTY02JAN2421550PE.NFO,02/01/2024,09:16:19,145,145.35,80,145.8,600,320,1099360
FINNIFTY02JAN2421550PE.NFO,02/01/2024,09:16:20,146.85,146.95,120,147,40,2400,1099360
FINNIFTY02JAN2421550PE.NFO,02/01/2024,09:16:20,147.5,147.1,80,147.55,360,120,1099360
FINNIFTY02JAN2421550PE.NFO,02/01/2024,09:16:22,148.5,148.5,200,148.95,680,480,1099360
FINNIFTY02JAN2421550PE.NFO,02/01/2024,09:16:23,149.3,149.55,200,150,2760,960,1099360
FINNIFTY02JAN2421550PE.NFO,02/01/2024,09:16:24,148.75,148.4,40,148.75,280,3360,1099360
FINNIFTY02JAN2421550PE.NFO,02/01/2024,09:16:25,149.5,149.4,80,149.75,240,240,1099360
FINNIFTY02JAN2421550PE.NFO,02/01/2024,09:16:26,150.1,149.75,280,150.1,40,3160,1099360
FINNIFTY02JAN2421550PE.NFO,02/01/2024,09:16:27,149.8,150,80,150.35,680,2440,1099360
FINNIFTY02JAN2421550PE.NFO,02/01/2024,09:16:27,150.65,150.25,80,150.65,560,320,1099360
FINNIFTY02JAN2421550PE.NFO,02/01/2024,09:16:29,150.5,150.15,240,150.5,520,2720,1099360
FINNIFTY02JAN2421550PE.NFO,02/01/2024,09:16:30,148.6,148.25,40,148.6,480,480,1099360
FINNIFTY02JAN2421550PE.NFO,02/01/2024,09:16:31,147.85,147.8,80,148.25,40,1000,1099360
FINNIFTY02JAN2421550PE.NFO,02/01/2024,09:16:32,148.4,148.35,40,149,720,1920,1099360
FINNIFTY02JAN2421550PE.NFO,02/01/2024,09:16:33,149.7,149.2,480,149.7,1080,680,1099360
FINNIFTY02JAN2421550PE.NFO,02/01/2024,09:16:34,150.05,149.7,80,150.05,560,1160,1099360
FINNIFTY02JAN2421550PE.NFO,02/01/2024,09:16:34,149.8,149.55,40,149.8,40,240,1099360
FINNIFTY02JAN2421550PE.NFO,02/01/2024,09:16:35,148.2,147.8,880,148.25,1080,2680,1099360
FINNIFTY02JAN2421550PE.NFO,02/01/2024,09:16:37,149.05,148.4,80,148.9,80,520,1099360
FINNIFTY02JAN2421550PE.NFO,02/01/2024,09:16:38,150.1,149.5,240,150,480,1040,1099360
FINNIFTY02JAN2421550PE.NFO,02/01/2024,09:16:39,149.55,149.5,160,149.95,1320,160,1099360
FINNIFTY02JAN2421550PE.NFO,02/01/2024,09:16:40,148.8,148.95,200,149.35,880,2800,1099360
FINNIFTY02JAN2421550PE.NFO,02/01/2024,09:16:41,148.85,148.7,400,148.8,40,640,1099360
FINNIFTY02JAN2421550PE.NFO,02/01/2024,09:16:42,148.1,147.95,280,148.45,200,200,1099360
FINNIFTY02JAN2421550PE.NFO,02/01/2024,09:16:42,148.4,147.95,160,148.4,600,40,1099360
FINNIFTY02JAN2421550PE.NFO,02/01/2024,09:16:44,148.25,147.8,40,148.2,80,840,1099360
FINNIFTY02JAN2421550PE.NFO,02/01/2024,09:16:45,145.55,145,200,145.4,400,3040,1099360
FINNIFTY02JAN2421550PE.NFO,02/01/2024,09:16:46,145.2,145.15,40,145.6,200,3240,1099360
FINNIFTY02JAN2421550PE.NFO,02/01/2024,09:16:47,145.4,145.3,120,145.7,160,2520,1099360
FINNIFTY02JAN2421550PE.NFO,02/01/2024,09:16:48,144.1,144.2,760,144.7,1280,1840,1099360
FINNIFTY02JAN2421550PE.NFO,02/01/2024,09:16:49,143.8,143.5,280,143.8,360,3360,1099360
FINNIFTY02JAN2421550PE.NFO,02/01/2024,09:16:49,143.8,143.25,200,143.6,360,0,1099360
FINNIFTY02JAN2421550PE.NFO,02/01/2024,09:16:50,144.35,144.35,320,144.65,600,1320,1099360
FINNIFTY02JAN2421550PE.NFO,02/01/2024,09:16:52,144.35,144.4,80,144.75,600,360,1099360
FINNIFTY02JAN2421550PE.NFO,02/01/2024,09:16:53,145.3,144.85,80,145.15,240,2520,1099360
FINNIFTY02JAN2421550PE.NFO,02/01/2024,09:16:54,145.7,145.9,240,146.2,160,2040,1099360
FINNIFTY02JAN2421550PE.NFO,02/01/2024,09:16:55,146,146.3,40,146.65,520,640,1099360
FINNIFTY02JAN2421550PE.NFO,02/01/2024,09:16:56,146.3,145.55,520,146,480,800,1099360
FINNIFTY02JAN2421550PE.NFO,02/01/2024,09:16:56,145.55,146.1,80,146.45,800,80,1099360
FINNIFTY02JAN2421550PE.NFO,02/01/2024,09:16:58,144.65,144.6,120,145.05,280,80,1099360
FINNIFTY02JAN2421550PE.NFO,02/01/2024,09:16:59,144.6,144.35,40,144.6,480,120,1099360
FINNIFTY02JAN2421550PE.NFO,02/01/2024,09:17:00,144.5,144.35,240,144.65,120,1600,1099360
FINNIFTY02JAN2421550PE.NFO,02/01/2024,09:17:01,144.25,144.25,320,144.6,280,3120,1099360
FINNIFTY02JAN2421550PE.NFO,02/01/2024,09:17:02,145.6,145.8,600,146.2,200,440,1099360
FINNIFTY02JAN2421550PE.NFO,02/01/2024,09:17:02,146.2,145.85,240,146.2,320,40,1099360
FINNIFTY02JAN2421550PE.NFO,02/01/2024,09:17:03,144.8,144.2,200,144.65,280,4600,1099360
FINNIFTY02JAN2421550PE.NFO,02/01/2024,09:17:05,145.75,145.3,240,145.65,120,520,1099360
FINNIFTY02JAN2421550PE.NFO,02/01/2024,09:17:06,145.15,145,600,145.35,40,440,1099360
FINNIFTY02JAN2421550PE.NFO,02/01/2024,09:17:07,144.3,144.05,280,144.3,200,480,1099360
FINNIFTY02JAN2421550PE.NFO,02/01/2024,09:17:08,144.45,144.15,280,144.45,40,200,1099360
FINNIFTY02JAN2421550PE.NFO,02/01/2024,09:17:09,145.25,145,280,145.3,120,800,1099360
FINNIFTY02JAN2421550PE.NFO,02/01/2024,09:17:09,145.45,145,720,145.5,600,40,1099360
FINNIFTY02JAN2421550PE.NFO,02/01/2024,09:17:11,146,145.75,40,146.15,440,2440,1099360
FINNIFTY02JAN2421550PE.NFO,02/01/2024,09:17:12,145.95,145.75,280,146.1,120,80,1099360
FINNIFTY02JAN2421550PE.NFO,02/01/2024,09:17:13,145.6,145.2,40,145.6,800,2760,1099360
FINNIFTY02JAN2421550PE.NFO,02/01/2024,09:17:14,145.55,145.3,80,145.5,40,80,1099360
FINNIFTY02JAN2421550PE.NFO,02/01/2024,09:17:15,145,144.85,80,145.2,320,480,1099360
FINNIFTY02JAN2421550PE.NFO,02/01/2024,09:17:15,145,144.85,280,145.15,80,0,1099360
FINNIFTY02JAN2421550PE.NFO,02/01/2024,09:17:16,144.55,144.55,80,144.85,240,560,1099360
FINNIFTY02JAN2421550PE.NFO,02/01/2024,09:17:18,142.8,142.85,560,143.25,520,2200,1099360
FINNIFTY02JAN2421550PE.NFO,02/01/2024,09:17:19,142.4,142.05,160,142.4,520,960,1099360
FINNIFTY02JAN2421550PE.NFO,02/01/2024,09:17:20,142.4,142.2,600,142.4,280,1600,1099360
FINNIFTY02JAN2421550PE.NFO,02/01/2024,09:17:21,142.7,142.1,40,142.45,400,600,1099360
FINNIFTY02JAN2421550PE.NFO,02/01/2024,09:17:22,141.9,141.9,40,142.15,480,600,1099360
FINNIFTY02JAN2421550PE.NFO,02/01/2024,09:17:22,141.8,141.6,720,142,200,120,1099360
FINNIFTY02JAN2421550PE.NFO,02/01/2024,09:17:24,142.25,141.9,720,142.3,360,680,1099360
FINNIFTY02JAN2421550PE.NFO,02/01/2024,09:17:25,144.1,143.3,480,143.65,80,560,1099360
FINNIFTY02JAN2421550PE.NFO,02/01/2024,09:17:26,143.25,142.9,640,143.25,40,2360,1107520
FINNIFTY02JAN2421550PE.NFO,02/01/2024,09:17:27,143.7,143.7,40,143.95,360,1920,1107520
FINNIFTY02JAN2421550PE.NFO,02/01/2024,09:17:28,145.4,145.05,40,145.4,560,1080,1107520
FINNIFTY02JAN2421550PE.NFO,02/01/2024,09:17:28,145.4,145.25,360,145.4,40,0,1107520
FINNIFTY02JAN2421550PE.NFO,02/01/2024,09:17:29,145.65,145.8,40,146.1,160,2200,1107520
FINNIFTY02JAN2421550PE.NFO,02/01/2024,09:17:31,146,145.65,40,146,160,1000,1107520
FINNIFTY02JAN2421550PE.NFO,02/01/2024,09:17:32,146.2,143.8,160,143.95,40,600,1107520
FINNIFTY02JAN2421550PE.NFO,02/01/2024,09:17:33,145.1,144.8,40,145.15,80,1600,1107520
FINNIFTY02JAN2421550PE.NFO,02/01/2024,09:17:34,144.6,145.1,200,145.55,920,80,1107520
FINNIFTY02JAN2421550PE.NFO,02/01/2024,09:17:35,145.6,145.1,40,145.5,1440,80,1107520
FINNIFTY02JAN2421550PE.NFO,02/01/2024,09:17:36,145.6,145.2,200,145.55,240,0,1107520
FINNIFTY02JAN2421550PE.NFO,02/01/2024,09:17:37,145.3,145.25,200,145.6,40,720,1107520
FINNIFTY02JAN2421550PE.NFO,02/01/2024,09:17:38,143.65,143.55,40,143.9,40,960,1107520
FINNIFTY02JAN2421550PE.NFO,02/01/2024,09:17:39,145.65,145.6,240,145.95,40,520,1107520
FINNIFTY02JAN2421550PE.NFO,02/01/2024,09:17:40,146.3,146.4,600,146.6,40,2000,1107520
FINNIFTY02JAN2421550PE.NFO,02/01/2024,09:17:41,147.8,147.4,640,147.8,880,2920,1107520
FINNIFTY02JAN2421550PE.NFO,02/01/2024,09:17:42,147.8,147.7,280,147.9,600,0,1107520
FINNIFTY02JAN2421550PE.NFO,02/01/2024,09:17:43,147.2,146.9,520,147.2,480,1880,1107520
FINNIFTY02JAN2421550PE.NFO,02/01/2024,09:17:44,147.5,146.75,80,147.05,40,520,1107520
FINNIFTY02JAN2421550PE.NFO,02/01/2024,09:17:45,148.2,147.7,280,148.15,520,3440,1107520
FINNIFTY02JAN2421550PE.NFO,02/01/2024,09:17:46,147.9,148.05,440,148.45,720,920,1107520
FINNIFTY02JAN2421550PE.NFO,02/01/2024,09:17:47,148.95,147.8,920,148.3,600,560,1107520
FINNIFTY02JAN2421550PE.NFO,02/01/2024,09:17:48,147.95,147.55,80,147.85,160,160,1107520
FINNIFTY02JAN2421550PE.NFO,02/01/2024,09:17:49,147.7,147.35,480,147.7,160,320,1107520
FINNIFTY02JAN2421550PE.NFO,02/01/2024,09:17:50,146.45,146.65,80,146.9,800,1240,1107520
FINNIFTY02JAN2421550PE.NFO,02/01/2024,09:17:51,146.7,146.2,200,146.65,240,520,1107520
FINNIFTY02JAN2421550PE.NFO,02/01/2024,09:17:52,146.7,146.2,520,146.65,320,1200,1107520
FINNIFTY02JAN2421550PE.NFO,02/01/2024,09:17:53,146.65,145.9,240,146.25,40,480,1107520
FINNIFTY02JAN2421550PE.NFO,02/01/2024,09:17:54,146.35,147.35,160,147.75,520,240,1107520
FINNIFTY02JAN2421550PE.NFO,02/01/2024,09:17:55,147.75,147.25,160,147.65,240,80,1107520
FINNIFTY02JAN2421550PE.NFO,02/01/2024,09:17:56,147.5,146.95,160,147.2,40,3200,1107520
FINNIFTY02JAN2421550PE.NFO,02/01/2024,09:17:57,146.9,146.45,200,146.9,840,160,1107520
FINNIFTY02JAN2421550PE.NFO,02/01/2024,09:17:58,146.65,146.35,440,146.75,120,400,1107520
FINNIFTY02JAN2421550PE.NFO,02/01/2024,09:17:59,146.85,146.45,560,146.8,40,1000,1107520
FINNIFTY02JAN2421550PE.NFO,02/01/2024,09:18:00,146.9,146.75,1120,147.1,40,120,1107520
FINNIFTY02JAN2421550PE.NFO,02/01/2024,09:18:01,146.6,146.25,600,146.65,640,480,1107520
FINNIFTY02JAN2421550PE.NFO,02/01/2024,09:18:02,146,145.75,240,146.1,880,800,1107520
FINNIFTY02JAN2421550PE.NFO,02/01/2024,09:18:03,144.7,144.2,1000,144.45,80,2320,1107520
FINNIFTY02JAN2421550PE.NFO,02/01/2024,09:18:04,144.95,144.3,720,144.7,80,440,1107520
FINNIFTY02JAN2421550PE.NFO,02/01/2024,09:18:05,144.65,144.55,360,144.95,720,40,1107520
FINNIFTY02JAN2421550PE.NFO,02/01/2024,09:18:06,144.55,144.4,40,144.65,600,680,1107520
FINNIFTY02JAN2421550PE.NFO,02/01/2024,09:18:07,143.4,143.4,760,143.8,120,1000,1107520
FINNIFTY02JAN2421550PE.NFO,02/01/2024,09:18:08,143.4,143.3,720,143.7,440,0,1107520
FINNIFTY02JAN2421550PE.NFO,02/01/2024,09:18:09,143.1,143.7,80,144,40,480,1107520
FINNIFTY02JAN2421550PE.NFO,02/01/2024,09:18:10,143.6,143.7,200,144,160,40,1107520
FINNIFTY02JAN2421550PE.NFO,02/01/2024,09:18:11,145,145.15,80,145.55,880,280,1107520
FINNIFTY02JAN2421550PE.NFO,02/01/2024,09:18:12,145.5,145.2,1040,145.65,360,640,1107520
FINNIFTY02JAN2421550PE.NFO,02/01/2024,09:18:13,144.55,144.35,640,144.65,320,320,1107520
FINNIFTY02JAN2421550PE.NFO,02/01/2024,09:18:14,144.95,144.55,80,144.85,320,400,1107520
FINNIFTY02JAN2421550PE.NFO,02/01/2024,09:18:15,145.5,144.85,360,145.15,120,160,1107520
FINNIFTY02JAN2421550PE.NFO,02/01/2024,09:18:16,146,146.4,40,146.55,40,680,1107520
FINNIFTY02JAN2421550PE.NFO,02/01/2024,09:18:17,146.6,146.7,840,147,280,1880,1107520
FINNIFTY02JAN2421550PE.NFO,02/01/2024,09:18:18,148,148.1,400,148.35,560,2400,1107520
FINNIFTY02JAN2421550PE.NFO,02/01/2024,09:18:19,148.9,148.85,760,149.1,560,3040,1107520
FINNIFTY02JAN2421550PE.NFO,02/01/2024,09:18:20,150.55,150.3,320,150.6,520,3920,1107520
FINNIFTY02JAN2421550PE.NFO,02/01/2024,09:18:21,150.55,150.05,280,150.3,240,0,1107520
FINNIFTY02JAN2421550PE.NFO,02/01/2024,09:18:22,149.75,148.95,320,149.2,80,520,1107520
FINNIFTY02JAN2421550PE.NFO,02/01/2024,09:18:23,148,148,360,148.25,640,2280,1107520
FINNIFTY02JAN2421550PE.NFO,02/01/2024,09:18:24,148.7,149.25,360,149.5,40,120,1107520
FINNIFTY02JAN2421550PE.NFO,02/01/2024,09:18:25,149.75,149.9,360,150.25,280,240,1107520
FINNIFTY02JAN2421550PE.NFO,02/01/2024,09:18:26,149.65,149.4,320,149.6,560,120,1107520
FINNIFTY02JAN2421550PE.NFO,02/01/2024,09:18:27,148.3,148.2,440,148.45,560,440,1107520
FINNIFTY02JAN2421550PE.NFO,02/01/2024,09:18:28,148.45,147.5,320,147.75,560,40,1107520
FINNIFTY02JAN2421550PE.NFO,02/01/2024,09:18:29,148,147.5,520,147.8,320,640,1107520
FINNIFTY02JAN2421550PE.NFO,02/01/2024,09:18:30,147.95,148,400,148.3,800,240,1107520
FINNIFTY02JAN2421550PE.NFO,02/01/2024,09:18:31,148,147.95,800,148.3,360,80,1107520
FINNIFTY02JAN2421550PE.NFO,02/01/2024,09:18:32,148.25,148.8,400,149.15,880,40,1107520
FINNIFTY02JAN2421550PE.NFO,02/01/2024,09:18:33,149.2,149,360,149.3,920,600,1107520
FINNIFTY02JAN2421550PE.NFO,02/01/2024,09:18:34,147.85,147.9,240,148.15,360,640,1107520
FINNIFTY02JAN2421550PE.NFO,02/01/2024,09:18:35,148.1,147.7,320,148,120,200,1107520
FINNIFTY02JAN2421550PE.NFO,02/01/2024,09:18:36,148.4,148.1,360,148.4,680,1080,1107520
FINNIFTY02JAN2421550PE.NFO,02/01/2024,09:18:37,147.45,147.25,440,147.55,200,1920,1107520
FINNIFTY02JAN2421550PE.NFO,02/01/2024,09:18:38,146.85,146.55,280,146.8,120,2280,1107520
FINNIFTY02JAN2421550PE.NFO,02/01/2024,09:18:39,147.1,146.5,280,146.8,320,1880,1107520
FINNIFTY02JAN2421550PE.NFO,02/01/2024,09:18:40,146.25,146.35,360,146.7,720,400,1107520
FINNIFTY02JAN2421550PE.NFO,02/01/2024,09:18:41,146.65,146.9,560,147.15,160,800,1107520
FINNIFTY02JAN2421550PE.NFO,02/01/2024,09:18:42,146.9,146.25,600,146.45,160,560,1107520
FINNIFTY02JAN2421550PE.NFO,02/01/2024,09:18:43,146.8,146.55,80,146.85,320,520,1107520
FINNIFTY02JAN2421550PE.NFO,02/01/2024,09:18:44,144.75,144.5,360,144.75,120,1280,1107520
FINNIFTY02JAN2421550PE.NFO,02/01/2024,09:18:45,145,144.9,320,145.2,520,680,1107520
FINNIFTY02JAN2421550PE.NFO,02/01/2024,09:18:46,144.75,144.75,800,145.1,280,1160,1107520
FINNIFTY02JAN2421550PE.NFO,02/01/2024,09:18:47,144.75,144.75,240,145.05,280,0,1107520
FINNIFTY02JAN2421550PE.NFO,02/01/2024,09:18:48,144.7,144.65,720,144.95,480,80,1107520
FINNIFTY02JAN2421550PE.NFO,02/01/2024,09:18:49,144.7,144.6,240,144.9,680,0,1107520
FINNIFTY02JAN2421550PE.NFO,02/01/2024,09:18:50,144.15,144,240,144.25,80,200,1107520
FINNIFTY02JAN2421550PE.NFO,02/01/2024,09:18:51,143.7,143.55,560,143.8,160,120,1107520
FINNIFTY02JAN2421550PE.NFO,02/01/2024,09:18:52,143.2,143.15,560,143.4,320,1440,1107520
FINNIFTY02JAN2421550PE.NFO,02/01/2024,09:18:53,143.95,143.5,200,143.8,160,2080,1107520
FINNIFTY02JAN2421550PE.NFO,02/01/2024,09:18:54,143.85,143.6,520,143.95,600,320,1107520
FINNIFTY02JAN2421550PE.NFO,02/01/2024,09:18:55,143.85,143.6,400,143.9,400,0,1107520
FINNIFTY02JAN2421550PE.NFO,02/01/2024,09:18:56,144.1,143.95,160,144.25,480,80,1107520
FINNIFTY02JAN2421550PE.NFO,02/01/2024,09:18:57,144.1,143.55,880,143.9,800,0,1107520
FINNIFTY02JAN2421550PE.NFO,02/01/2024,09:18:58,144.45,144,120,144.3,560,400,1107520
FINNIFTY02JAN2421550PE.NFO,02/01/2024,09:18:59,143.65,143.75,40,143.9,560,400,1107520
FINNIFTY02JAN2421550PE.NFO,02/01/2024,09:19:00,143.6,143.35,40,143.55,720,1720,1107520
FINNIFTY02JAN2421550PE.NFO,02/01/2024,09:19:01,142.35,142.25,120,142.4,80,1800,1107520
FINNIFTY02JAN2421550PE.NFO,02/01/2024,09:19:02,142.35,142.95,760,143.3,320,0,1107520
FINNIFTY02JAN2421550PE.NFO,02/01/2024,09:19:03,144.55,144.35,600,144.65,40,2800,1107520
FINNIFTY02JAN2421550PE.NFO,02/01/2024,09:19:04,143.85,143.55,240,143.85,560,760,1107520
FINNIFTY02JAN2421550PE.NFO,02/01/2024,09:19:05,143.85,143.9,200,144.15,40,120,1107520
FINNIFTY02JAN2421550PE.NFO,02/01/2024,09:19:06,142.9,142.55,320,142.85,40,520,1107520
FINNIFTY02JAN2421550PE.NFO,02/01/2024,09:19:07,142.75,142.9,640,143.15,80,840,1107520
FINNIFTY02JAN2421550PE.NFO,02/01/2024,09:19:08,143.2,143,480,143.3,960,80,1107520
FINNIFTY02JAN2421550PE.NFO,02/01/2024,09:19:09,143.8,143.9,760,144.25,360,440,1107520
FINNIFTY02JAN2421550PE.NFO,02/01/2024,09:19:10,144.15,142.7,320,142.95,280,80,1107520
FINNIFTY02JAN2421550PE.NFO,02/01/2024,09:19:11,142.5,142.3,240,142.55,40,800,1107520
FINNIFTY02JAN2421550PE.NFO,02/01/2024,09:19:12,140.1,140,240,140.1,40,3880,1107520
FINNIFTY02JAN2421550PE.NFO,02/01/2024,09:19:13,140.35,140.4,400,140.7,200,7760,1107520
FINNIFTY02JAN2421550PE.NFO,02/01/2024,09:19:14,139.5,139.4,280,139.75,320,2440,1107520
FINNIFTY02JAN2421550PE.NFO,02/01/2024,09:19:15,139.5,139.45,160,139.65,80,0,1107520
FINNIFTY02JAN2421550PE.NFO,02/01/2024,09:19:16,139.55,139.4,200,139.7,280,4000,1107520
FINNIFTY02JAN2421550PE.NFO,02/01/2024,09:19:17,139.9,139.9,160,140.15,240,1320,1107520
FINNIFTY02JAN2421550PE.NFO,02/01/2024,09:19:18,139.25,139.45,80,139.65,720,760,1107520
FINNIFTY02JAN2421550PE.NFO,02/01/2024,09:19:19,139.35,139.65,40,139.95,280,280,1107520
FINNIFTY02JAN2421550PE.NFO,02/01/2024,09:19:20,139.15,139.4,120,139.65,240,1840,1107520
FINNIFTY02JAN2421550PE.NFO,02/01/2024,09:19:21,139.65,139.3,560,139.65,120,1840,1107520
FINNIFTY02JAN2421550PE.NFO,02/01/2024,09:19:22,140.75,140.6,440,140.9,240,6720,1107520
FINNIFTY02JAN2421550PE.NFO,02/01/2024,09:19:23,141.5,141.4,480,141.7,200,7360,1107520
FINNIFTY02JAN2421550PE.NFO,02/01/2024,09:19:24,142.3,142.3,600,142.6,40,2520,1107520
FINNIFTY02JAN2421550PE.NFO,02/01/2024,09:19:25,141.75,141.95,120,142.25,280,320,1107520
FINNIFTY02JAN2421550PE.NFO,02/01/2024,09:19:26,141.4,141.65,80,141.95,280,2760,1107520
FINNIFTY02JAN2421550PE.NFO,02/01/2024,09:19:27,142.8,142.55,840,142.85,280,600,1107520
FINNIFTY02JAN2421550PE.NFO,02/01/2024,09:19:28,142.8,142.15,840,142.45,360,0,1107520
FINNIFTY02JAN2421550PE.NFO,02/01/2024,09:19:29,142.1,142.05,680,142.35,280,2040,1107520
FINNIFTY02JAN2421550PE.NFO,02/01/2024,09:19:30,141.8,141.35,440,141.7,800,2960,1107520
FINNIFTY02JAN2421550PE.NFO,02/01/2024,09:19:31,141.1,141.3,80,141.55,120,1920,1107520
FINNIFTY02JAN2421550PE.NFO,02/01/2024,09:19:32,140.2,140.4,280,140.7,320,1280,1107520
FINNIFTY02JAN2421550PE.NFO,02/01/2024,09:19:33,141.65,141.2,80,141.5,560,600,1107520
FINNIFTY02JAN2421550PE.NFO,02/01/2024,09:19:34,139.7,139.8,640,140.15,320,440,1107520
FINNIFTY02JAN2421550PE.NFO,02/01/2024,09:19:35,139.5,139.4,280,139.7,40,80,1107520
FINNIFTY02JAN2421550PE.NFO,02/01/2024,09:19:36,139.8,139.55,80,139.85,600,1920,1107520
FINNIFTY02JAN2421550PE.NFO,02/01/2024,09:19:37,139.8,139.9,120,140.1,120,0,1107520
FINNIFTY02JAN2421550PE.NFO,02/01/2024,09:19:38,139.8,139.9,520,140.25,760,240,1107520
FINNIFTY02JAN2421550PE.NFO,02/01/2024,09:19:39,140.8,140.75,640,141.05,360,520,1107520
FINNIFTY02JAN2421550PE.NFO,02/01/2024,09:19:40,140.85,140.6,440,140.95,280,160,1107520
FINNIFTY02JAN2421550PE.NFO,02/01/2024,09:19:41,140.45,140.2,520,140.5,640,760,1107520
FINNIFTY02JAN2421550PE.NFO,02/01/2024,09:19:42,140.5,140.65,360,140.95,560,240,1107520
FINNIFTY02JAN2421550PE.NFO,02/01/2024,09:19:43,141,140.85,320,141.15,320,2200,1107520
FINNIFTY02JAN2421550PE.NFO,02/01/2024,09:19:44,141.45,140.7,640,141,680,80,1107520
FINNIFTY02JAN2421550PE.NFO,02/01/2024,09:19:45,141.15,141.1,360,141.35,240,120,1107520
FINNIFTY02JAN2421550PE.NFO,02/01/2024,09:19:46,141.15,140.45,480,140.75,400,0,1107520
FINNIFTY02JAN2421550PE.NFO,02/01/2024,09:19:47,140.05,139.75,560,140.05,200,1920,1107520
FINNIFTY02JAN2421550PE.NFO,02/01/2024,09:19:48,139.85,140.05,80,140.35,440,2080,1107520
FINNIFTY02JAN2421550PE.NFO,02/01/2024,09:19:49,139.8,139.5,320,139.8,1240,560,1107520
FINNIFTY02JAN2421550PE.NFO,02/01/2024,09:19:50,139.7,139.45,320,139.75,1000,2200,1107520
FINNIFTY02JAN2421550PE.NFO,02/01/2024,09:19:51,140.35,140.15,280,140.4,680,120,1107520
FINNIFTY02JAN2421550PE.NFO,02/01/2024,09:19:52,141.1,140.95,120,141.25,680,2080,1107520
FINNIFTY02JAN2421550PE.NFO,02/01/2024,09:19:53,142.3,142.15,800,142.5,680,1440,1107520
FINNIFTY02JAN2421550PE.NFO,02/01/2024,09:19:54,141.95,142.35,80,142.65,640,40,1107520
FINNIFTY02JAN2421550PE.NFO,02/01/2024,09:19:55,142.05,141.4,440,141.75,800,120,1107520
FINNIFTY02JAN2421550PE.NFO,02/01/2024,09:19:56,142.5,142.15,400,142.45,880,1840,1107520
FINNIFTY02JAN2421550PE.NFO,02/01/2024,09:19:57,143.35,142.8,640,143.1,480,2400,1107520
FINNIFTY02JAN2421550PE.NFO,02/01/2024,09:19:58,143.35,143.15,360,143.5,320,2520,1107520
FINNIFTY02JAN2421550PE.NFO,02/01/2024,09:19:59,143.4,143.2,560,143.45,240,1120,1107520
FINNIFTY02JAN2421550PE.NFO,02/01/2024,09:20:00,143.05,142.75,600,143.05,1000,2400,1107520
FINNIFTY02JAN2421550PE.NFO,02/01/2024,09:20:01,143.5,143.4,360,143.7,320,1520,1107520
FINNIFTY02JAN2421550PE.NFO,02/01/2024,09:20:02,143.6,143.4,800,143.6,360,1760,1107520
FINNIFTY02JAN2421550PE.NFO,02/01/2024,09:20:03,143.1,142.65,280,142.95,680,1560,1107520
FINNIFTY02JAN2421550PE.NFO,02/01/2024,09:20:04,141.85,142,120,142.25,920,2400,1107520
FINNIFTY02JAN2421550PE.NFO,02/01/2024,09:20:05,141.6,141.4,440,141.6,520,520,1107520
FINNIFTY02JAN2421550PE.NFO,02/01/2024,09:20:06,140.85,140.6,80,140.85,600,640,1107520
FINNIFTY02JAN2421550PE.NFO,02/01/2024,09:20:07,140.9,141.1,360,141.3,160,2200,1107520
FINNIFTY02JAN2421550PE.NFO,02/01/2024,09:20:08,141.05,140.8,760,141.05,560,2640,1107520
FINNIFTY02JAN2421550PE.NFO,02/01/2024,09:20:09,140.85,140.7,120,141,600,1840,1107520
FINNIFTY02JAN2421550PE.NFO,02/01/2024,09:20:10,140.2,140.15,560,140.4,320,80,1107520
FINNIFTY02JAN2421550PE.NFO,02/01/2024,09:20:11,140.15,140,400,140.3,160,920,1107520
FINNIFTY02JAN2421550PE.NFO,02/01/2024,09:20:12,140.25,139.95,640,140.25,160,640,1107520
FINNIFTY02JAN2421550PE.NFO,02/01/2024,09:20:13,140,139.5,720,139.8,560,1280,1107520
FINNIFTY02JAN2421550PE.NFO,02/01/2024,09:20:14,139.75,140.05,240,140.3,280,160,1107520
FINNIFTY02JAN2421550PE.NFO,02/01/2024,09:20:15,139.8,139.25,720,139.6,1080,40,1107520
FINNIFTY02JAN2421550PE.NFO,02/01/2024,09:20:16,140.3,140.4,200,140.5,400,3680,1107520
FINNIFTY02JAN2421550PE.NFO,02/01/2024,09:20:17,141.75,141.6,120,141.8,480,160,1107520
FINNIFTY02JAN2421550PE.NFO,02/01/2024,09:20:18,141.65,141.15,640,141.45,560,2440,1107520
FINNIFTY02JAN2421550PE.NFO,02/01/2024,09:20:19,141.5,140.95,120,141.25,840,360,1107520
FINNIFTY02JAN2421550PE.NFO,02/01/2024,09:20:20,141.3,140.5,80,140.8,640,520,1107520
FINNIFTY02JAN2421550PE.NFO,02/01/2024,09:20:21,141.3,140.9,640,141.25,680,80,1107520
FINNIFTY02JAN2421550PE.NFO,02/01/2024,09:20:22,141.1,141.05,1240,141.4,520,320,1107520
FINNIFTY02JAN2421550PE.NFO,02/01/2024,09:20:23,141.1,141.15,560,141.4,520,0,1107520
FINNIFTY02JAN2421550PE.NFO,02/01/2024,09:20:24,141.3,141.55,120,141.85,600,480,1107520
FINNIFTY02JAN2421550PE.NFO,02/01/2024,09:20:25,142,141.8,240,142.05,560,120,1107520
FINNIFTY02JAN2421550PE.NFO,02/01/2024,09:20:26,141.55,141.95,560,142.2,280,3640,1107520
FINNIFTY02JAN2421550PE.NFO,02/01/2024,09:20:27,142.9,142.55,440,142.85,120,9080,1118000
FINNIFTY02JAN2421550PE.NFO,02/01/2024,09:20:28,143.2,143,1240,143.3,560,1880,1118000
FINNIFTY02JAN2421550PE.NFO,02/01/2024,09:20:29,142.6,142,400,142.3,160,600,1118000
FINNIFTY02JAN2421550PE.NFO,02/01/2024,09:20:30,141.9,141.75,480,142.05,440,40,1118000
FINNIFTY02JAN2421550PE.NFO,02/01/2024,09:20:31,142.9,142.9,240,143.15,920,2680,1118000
FINNIFTY02JAN2421550PE.NFO,02/01/2024,09:20:33,143.15,143.2,160,143.45,120,480,1118000
FINNIFTY02JAN2421550PE.NFO,02/01/2024,09:20:33,143.15,143.3,160,143.55,520,0,1118000
FINNIFTY02JAN2421550PE.NFO,02/01/2024,09:20:34,143.4,143.3,560,143.55,560,5680,1118000
FINNIFTY02JAN2421550PE.NFO,02/01/2024,09:20:35,143.7,143.6,320,143.9,760,4560,1118000
FINNIFTY02JAN2421550PE.NFO,02/01/2024,09:20:36,143.25,142.95,360,143.25,720,80,1118000
FINNIFTY02JAN2421550PE.NFO,02/01/2024,09:20:37,143.95,143.7,240,143.95,120,1000,1118000
FINNIFTY02JAN2421550PE.NFO,02/01/2024,09:20:38,143.75,143.4,680,143.7,480,520,1118000
FINNIFTY02JAN2421550PE.NFO,02/01/2024,09:20:40,143.8,143.5,440,143.8,800,320,1118000
FINNIFTY02JAN2421550PE.NFO,02/01/2024,09:20:40,143.85,143.65,360,143.9,80,80,1118000
FINNIFTY02JAN2421550PE.NFO,02/01/2024,09:20:41,142.75,142.2,320,142.5,440,1400,1118000
FINNIFTY02JAN2421550PE.NFO,02/01/2024,09:20:42,142.3,141.95,680,142.3,520,120,1118000
FINNIFTY02JAN2421550PE.NFO,02/01/2024,09:20:43,142.35,142,80,142.2,400,40,1118000
FINNIFTY02JAN2421550PE.NFO,02/01/2024,09:20:44,141.55,141.4,400,141.7,680,480,1118000
FINNIFTY02JAN2421550PE.NFO,02/01/2024,09:20:46,141.3,141.05,840,141.4,320,800,1118000
FINNIFTY02JAN2421550PE.NFO,02/01/2024,09:20:46,141,140.7,280,141,1160,80,1118000
FINNIFTY02JAN2421550PE.NFO,02/01/2024,09:20:47,141,140.8,200,141.05,920,0,1118000
FINNIFTY02JAN2421550PE.NFO,02/01/2024,09:20:48,140.7,140.3,520,140.6,720,440,1118000
FINNIFTY02JAN2421550PE.NFO,02/01/2024,09:20:49,140.7,140.45,160,140.75,280,0,1118000
FINNIFTY02JAN2421550PE.NFO,02/01/2024,09:20:50,140,139.8,960,140.15,480,480,1118000
FINNIFTY02JAN2421550PE.NFO,02/01/2024,09:20:51,140,139.85,640,140.1,80,0,1118000
FINNIFTY02JAN2421550PE.NFO,02/01/2024,09:20:52,139.6,139.4,560,139.65,560,840,1118000
FINNIFTY02JAN2421550PE.NFO,02/01/2024,09:20:53,139.8,139.35,800,139.7,760,40,1118000
FINNIFTY02JAN2421550PE.NFO,02/01/2024,09:20:54,139.95,139.95,200,140.25,680,80,1118000
FINNIFTY02JAN2421550PE.NFO,02/01/2024,09:20:55,140.7,140,720,140.3,520,160,1118000
FINNIFTY02JAN2421550PE.NFO,02/01/2024,09:20:56,140.7,139.85,200,140.15,520,0,1118000
FINNIFTY02JAN2421550PE.NFO,02/01/2024,09:20:58,140.95,140.85,440,141.15,280,440,1118000
FINNIFTY02JAN2421550PE.NFO,02/01/2024,09:20:58,141.1,140.85,440,141.2,440,80,1118000
FINNIFTY02JAN2421550PE.NFO,02/01/2024,09:20:59,140.7,140.7,400,141,360,1200,1118000
FINNIFTY02JAN2421550PE.NFO,02/01/2024,09:21:00,141.15,141.3,400,141.6,440,2000,1118000
FINNIFTY02JAN2421550PE.NFO,02/01/2024,09:21:01,140.75,140.45,520,140.7,360,760,1118000
FINNIFTY02JAN2421550PE.NFO,02/01/2024,09:21:02,140.05,140.9,280,141.15,240,560,1118000
FINNIFTY02JAN2421550PE.NFO,02/01/2024,09:21:03,141.25,140,80,140.25,320,40,1118000
FINNIFTY02JAN2421550PE.NFO,02/01/2024,09:21:04,138.55,138.45,160,138.65,440,4120,1118000
FINNIFTY02JAN2421550PE.NFO,02/01/2024,09:21:05,137.45,136.9,240,137.15,80,7200,1118000
FINNIFTY02JAN2421550PE.NFO,02/01/2024,09:21:06,135,134.75,80,135,320,13520,1118000
FINNIFTY02JAN2421550PE.NFO,02/01/2024,09:21:07,134.65,134.5,160,134.8,720,39880,1118000
FINNIFTY02JAN2421550PE.NFO,02/01/2024,09:21:08,133.95,133.7,160,133.95,240,2280,1118000
FINNIFTY02JAN2421550PE.NFO,02/01/2024,09:21:09,134.9,134.65,40,134.9,440,3080,1118000
FINNIFTY02JAN2421550PE.NFO,02/01/2024,09:21:10,133.65,133.4,200,133.7,280,440,1118000
FINNIFTY02JAN2421550PE.NFO,02/01/2024,09:21:11,132.15,132.05,480,132.3,80,760,1118000
FINNIFTY02JAN2421550PE.NFO,02/01/2024,09:21:12,132.45,132.15,320,132.4,160,1200,1118000
FINNIFTY02JAN2421550PE.NFO,02/01/2024,09:21:13,133.1,133.05,320,133.35,1160,3760,1118000
FINNIFTY02JAN2421550PE.NFO,02/01/2024,09:21:14,134.1,133.9,200,134.15,160,1160,1118000
FINNIFTY02JAN2421550PE.NFO,02/01/2024,09:21:15,134.15,133.95,200,134.3,240,440,1118000
FINNIFTY02JAN2421550PE.NFO,02/01/2024,09:21:16,135.1,135.2,120,135.45,80,2080,1118000
FINNIFTY02JAN2421550PE.NFO,02/01/2024,09:21:17,135.1,134.85,280,135.1,40,3240,1118000
FINNIFTY02JAN2421550PE.NFO,02/01/2024,09:21:18,134.5,134.45,280,134.75,280,1640,1118000
FINNIFTY02JAN2421550PE.NFO,02/01/2024,09:21:19,134.35,134.25,520,134.6,720,2320,1118000
FINNIFTY02JAN2421550PE.NFO,02/01/2024,09:21:20,134.75,134.75,120,135,560,1240,1118000
FINNIFTY02JAN2421550PE.NFO,02/01/2024,09:21:21,133.95,134.05,760,134.35,160,1320,1118000
FINNIFTY02JAN2421550PE.NFO,02/01/2024,09:21:22,134,133.55,680,133.8,360,160,1118000
FINNIFTY02JAN2421550PE.NFO,02/01/2024,09:21:23,133.35,133.85,240,134.15,200,240,1118000
FINNIFTY02JAN2421550PE.NFO,02/01/2024,09:21:24,132.85,132.9,160,133.2,360,2000,1118000
FINNIFTY02JAN2421550PE.NFO,02/01/2024,09:21:25,132.05,131.9,600,132.25,200,2600,1118000
FINNIFTY02JAN2421550PE.NFO,02/01/2024,09:21:26,130.9,130.6,80,130.8,80,4720,1118000
FINNIFTY02JAN2421550PE.NFO,02/01/2024,09:21:27,128.85,129.05,40,129.35,200,6200,1118000
FINNIFTY02JAN2421550PE.NFO,02/01/2024,09:21:28,127.75,127.7,360,127.95,40,20040,1118000
FINNIFTY02JAN2421550PE.NFO,02/01/2024,09:21:29,128.05,128.4,200,128.7,280,920,1118000
FINNIFTY02JAN2421550PE.NFO,02/01/2024,09:21:30,129.3,129,200,129.3,680,5200,1118000
FINNIFTY02JAN2421550PE.NFO,02/01/2024,09:21:31,129.1,129,280,129.3,400,400,1118000
FINNIFTY02JAN2421550PE.NFO,02/01/2024,09:21:32,128.65,128.3,320,128.6,1200,960,1118000
FINNIFTY02JAN2421550PE.NFO,02/01/2024,09:21:33,126.85,126.8,200,127,120,800,1118000
FINNIFTY02JAN2421550PE.NFO,02/01/2024,09:21:34,127.5,127.4,40,127.65,240,1400,1118000
FINNIFTY02JAN2421550PE.NFO,02/01/2024,09:21:35,128.95,129,760,129.25,320,1160,1118000
FINNIFTY02JAN2421550PE.NFO,02/01/2024,09:21:36,130,130.2,240,130.55,280,2160,1118000
FINNIFTY02JAN2421550PE.NFO,02/01/2024,09:21:37,129.65,129.25,240,129.45,560,2240,1118000
FINNIFTY02JAN2421550PE.NFO,02/01/2024,09:21:38,130.15,129.55,640,129.85,320,1840,1118000
FINNIFTY02JAN2421550PE.NFO,02/01/2024,09:21:39,130.25,130.35,880,130.65,80,160,1118000
FINNIFTY02JAN2421550PE.NFO,02/01/2024,09:21:40,130.6,129.85,240,130.15,80,560,1118000
FINNIFTY02JAN2421550PE.NFO,02/01/2024,09:21:41,130.55,130.3,320,130.6,160,360,1118000
FINNIFTY02JAN2421550PE.NFO,02/01/2024,09:21:42,131,130.9,280,131.1,560,40,1118000
FINNIFTY02JAN2421550PE.NFO,02/01/2024,09:21:43,131.35,130.7,560,131,280,240,1118000
FINNIFTY02JAN2421550PE.NFO,02/01/2024,09:21:44,131.1,131.25,280,131.35,520,1840,1118000
FINNIFTY02JAN2421550PE.NFO,02/01/2024,09:21:45,131.4,131.1,200,131.4,400,1840,1118000
FINNIFTY02JAN2421550PE.NFO,02/01/2024,09:21:46,131.4,131.15,280,131.4,520,0,1118000
FINNIFTY02JAN2421550PE.NFO,02/01/2024,09:21:47,131.3,131.35,360,131.65,760,400,1118000
FINNIFTY02JAN2421550PE.NFO,02/01/2024,09:21:48,131.65,131.4,360,131.7,160,520,1118000
FINNIFTY02JAN2421550PE.NFO,02/01/2024,09:21:49,130.85,130.95,280,131.25,200,600,1118000
FINNIFTY02JAN2421550PE.NFO,02/01/2024,09:21:50,131.4,131.4,200,131.5,40,1240,1118000
FINNIFTY02JAN2421550PE.NFO,02/01/2024,09:21:51,131.45,131.2,120,131.5,640,2480,1118000
FINNIFTY02JAN2421550PE.NFO,02/01/2024,09:21:53,130.95,131.1,360,131.45,680,200,1118000
FINNIFTY02JAN2421550PE.NFO,02/01/2024,09:21:54,131.45,131.1,240,131.35,400,1440,1118000
FINNIFTY02JAN2421550PE.NFO,02/01/2024,09:21:55,130.85,130.65,360,130.9,40,560,1118000
FINNIFTY02JAN2421550PE.NFO,02/01/2024,09:21:56,130.2,130.15,200,130.4,720,560,1118000
FINNIFTY02JAN2421550PE.NFO,02/01/2024,09:21:57,130,130.05,360,130.4,280,600,1118000
FINNIFTY02JAN2421550PE.NFO,02/01/2024,09:21:57,130.35,130.05,360,130.35,680,1840,1118000
FINNIFTY02JAN2421550PE.NFO,02/01/2024,09:21:58,129.35,129.35,640,129.65,400,1360,1118000
FINNIFTY02JAN2421550PE.NFO,02/01/2024,09:21:59,128.3,128.4,320,128.65,120,2680,1118000
FINNIFTY02JAN2421550PE.NFO,02/01/2024,09:22:00,128.9,129.05,600,129.3,40,200,1118000
FINNIFTY02JAN2421550PE.NFO,02/01/2024,09:22:01,129.45,129.55,1440,129.85,320,800,1118000
FINNIFTY02JAN2421550PE.NFO,02/01/2024,09:22:02,129.75,129.55,840,129.85,400,760,1118000
FINNIFTY02JAN2421550PE.NFO,02/01/2024,09:22:03,129,128.7,40,128.95,280,920,1118000
FINNIFTY02JAN2421550PE.NFO,02/01/2024,09:22:04,130.3,129.95,120,130.2,200,4520,1118000
FINNIFTY02JAN2421550PE.NFO,02/01/2024,09:22:05,130.15,130.15,120,130.4,360,400,1118000
FINNIFTY02JAN2421550PE.NFO,02/01/2024,09:22:06,130.4,130.2,320,130.55,320,1120,1118000
FINNIFTY02JAN2421550PE.NFO,02/01/2024,09:22:07,130.75,130.7,320,130.95,40,1280,1118000
FINNIFTY02JAN2421550PE.NFO,02/01/2024,09:22:08,130.8,131.05,200,131.3,560,2000,1118000
FINNIFTY02JAN2421550PE.NFO,02/01/2024,09:22:09,131.35,130.95,720,131.3,440,360,1118000
FINNIFTY02JAN2421550PE.NFO,02/01/2024,09:22:11,130.8,130.8,360,131.1,320,720,1118000
FINNIFTY02JAN2421550PE.NFO,02/01/2024,09:22:12,130.65,130.65,120,130.95,240,40,1118000
FINNIFTY02JAN2421550PE.NFO,02/01/2024,09:22:12,130.65,130.9,600,131.2,80,0,1118000
FINNIFTY02JAN2421550PE.NFO,02/01/2024,09:22:13,130,130.2,360,130.5,200,640,1118000
FINNIFTY02JAN2421550PE.NFO,02/01/2024,09:22:14,130.65,130.7,40,130.95,280,160,1118000
FINNIFTY02JAN2421550PE.NFO,02/01/2024,09:22:16,130.75,130.8,840,131.15,640,840,1118000
FINNIFTY02JAN2421550PE.NFO,02/01/2024,09:22:17,131.55,132.2,360,132.5,1400,5960,1118000
FINNIFTY02JAN2421550PE.NFO,02/01/2024,09:22:18,133,132.35,280,132.6,320,1840,1118000
FINNIFTY02JAN2421550PE.NFO,02/01/2024,09:22:19,132.05,131.8,560,132.1,520,2000,1118000
FINNIFTY02JAN2421550PE.NFO,02/01/2024,09:22:20,132.25,132.05,320,132.3,680,4000,1118000
FINNIFTY02JAN2421550PE.NFO,02/01/2024,09:22:21,132.6,132.25,640,132.55,120,560,1118000
FINNIFTY02JAN2421550PE.NFO,02/01/2024,09:22:21,132.6,132.45,520,132.7,120,0,1118000
FINNIFTY02JAN2421550PE.NFO,02/01/2024,09:22:22,132.55,132.3,80,132.6,1920,1760,1118000
FINNIFTY02JAN2421550PE.NFO,02/01/2024,09:22:23,133.45,133.4,280,133.7,320,1160,1118000
FINNIFTY02JAN2421550PE.NFO,02/01/2024,09:22:25,133.45,133.25,120,133.5,680,480,1118000
FINNIFTY02JAN2421550PE.NFO,02/01/2024,09:22:26,134.4,134.2,280,134.5,320,520,1118000
FINNIFTY02JAN2421550PE.NFO,02/01/2024,09:22:26,134.4,133.8,40,134.05,680,0,1118000
FINNIFTY02JAN2421550PE.NFO,02/01/2024,09:22:27,134.65,134.75,360,135,160,1640,1118000
FINNIFTY02JAN2421550PE.NFO,02/01/2024,09:22:28,136.25,136.25,320,136.5,40,3160,1118000
FINNIFTY02JAN2421550PE.NFO,02/01/2024,09:22:29,136,135.55,640,135.85,120,240,1118000
FINNIFTY02JAN2421550PE.NFO,02/01/2024,09:22:30,135.4,134.85,280,135.2,240,480,1118000
FINNIFTY02JAN2421550PE.NFO,02/01/2024,09:22:31,135.25,135.2,480,135.55,400,640,1118000
FINNIFTY02JAN2421550PE.NFO,02/01/2024,09:22:32,135.25,135.25,360,135.5,640,0,1118000
FINNIFTY02JAN2421550PE.NFO,02/01/2024,09:22:33,136.35,136.3,880,136.6,640,360,1118000
FINNIFTY02JAN2421550PE.NFO,02/01/2024,09:22:34,136.55,136.5,120,136.75,560,2560,1118000
FINNIFTY02JAN2421550PE.NFO,02/01/2024,09:22:35,137.8,137.7,160,137.95,80,2920,1118000
FINNIFTY02JAN2421550PE.NFO,02/01/2024,09:22:36,137.95,137.55,120,137.8,440,1360,1118000
FINNIFTY02JAN2421550PE.NFO,02/01/2024,09:22:37,136.3,136.65,880,136.95,320,800,1118000
FINNIFTY02JAN2421550PE.NFO,02/01/2024,09:22:38,137.05,136.85,40,137.15,480,160,1118000
FINNIFTY02JAN2421550PE.NFO,02/01/2024,09:22:39,136.8,136.6,600,136.9,280,320,1118000
FINNIFTY02JAN2421550PE.NFO,02/01/2024,09:22:41,136.55,136.35,800,136.7,280,640,1118000
FINNIFTY02JAN2421550PE.NFO,02/01/2024,09:22:42,137.5,137.15,40,137.4,600,600,1118000
FINNIFTY02JAN2421550PE.NFO,02/01/2024,09:22:43,136.6,136.9,120,137.2,280,120,1118000
FINNIFTY02JAN2421550PE.NFO,02/01/2024,09:22:44,137.5,137.2,120,137.45,520,240,1118000
FINNIFTY02JAN2421550PE.NFO,02/01/2024,09:22:45,137.5,136.65,840,137,240,0,1118000
FINNIFTY02JAN2421550PE.NFO,02/01/2024,09:22:46,136.75,137,560,137.3,320,200,1118000
FINNIFTY02JAN2421550PE.NFO,02/01/2024,09:22:47,135.35,135.7,360,135.9,40,480,1118000
FINNIFTY02JAN2421550PE.NFO,02/01/2024,09:22:48,135.9,135.9,400,136.25,280,1560,1118000
FINNIFTY02JAN2421550PE.NFO,02/01/2024,09:22:49,137.2,137,360,137.3,240,2520,1118000
FINNIFTY02JAN2421550PE.NFO,02/01/2024,09:22:50,137.4,136.95,440,137.2,1000,120,1118000
FINNIFTY02JAN2421550PE.NFO,02/01/2024,09:22:51,136.45,136.15,520,136.45,720,2200,1118000
FINNIFTY02JAN2421550PE.NFO,02/01/2024,09:22:52,134.75,135.2,320,135.5,840,3200,1118000
FINNIFTY02JAN2421550PE.NFO,02/01/2024,09:22:53,135.05,134.9,440,135.2,1120,560,1118000
FINNIFTY02JAN2421550PE.NFO,02/01/2024,09:22:54,134.4,134.75,280,135.05,1360,200,1118000
FINNIFTY02JAN2421550PE.NFO,02/01/2024,09:22:55,135.95,135.6,600,135.9,160,40,1118000
FINNIFTY02JAN2421550PE.NFO,02/01/2024,09:22:56,135.5,135.35,440,135.65,200,960,1118000
FINNIFTY02JAN2421550PE.NFO,02/01/2024,09:22:57,135.35,135.3,600,135.6,520,1720,1118000
FINNIFTY02JAN2421550PE.NFO,02/01/2024,09:22:58,134,133.9,40,134.15,640,3800,1118000
FINNIFTY02JAN2421550PE.NFO,02/01/2024,09:22:59,134.65,133.95,400,134.25,160,40,1118000
FINNIFTY02JAN2421550PE.NFO,02/01/2024,09:23:00,134.7,135,320,135.25,360,440,1118000
FINNIFTY02JAN2421550PE.NFO,02/01/2024,09:23:01,135.45,134.7,80,134.95,320,1040,1118000
FINNIFTY02JAN2421550PE.NFO,02/01/2024,09:23:02,135,134.7,480,135,480,440,1118000
FINNIFTY02JAN2421550PE.NFO,02/01/2024,09:23:03,135.1,135.55,40,135.75,560,40,1118000
FINNIFTY02JAN2421550PE.NFO,02/01/2024,09:23:04,134.9,135.25,160,135.55,320,160,1118000
FINNIFTY02JAN2421550PE.NFO,02/01/2024,09:23:05,135.45,134.6,360,134.9,440,640,1118000
FINNIFTY02JAN2421550PE.NFO,02/01/2024,09:23:06,133.95,133.45,360,133.7,120,280,1118000
FINNIFTY02JAN2421550PE.NFO,02/01/2024,09:23:07,132.3,132.1,840,132.45,480,7480,1118000
FINNIFTY02JAN2421550PE.NFO,02/01/2024,09:23:08,130.9,130.85,880,131.1,360,6200,1118000
FINNIFTY02JAN2421550PE.NFO,02/01/2024,09:23:09,131.2,130.85,640,131.1,840,880,1118000
FINNIFTY02JAN2421550PE.NFO,02/01/2024,09:23:10,131.95,131.4,800,131.65,240,40,1118000
FINNIFTY02JAN2421550PE.NFO,02/01/2024,09:23:11,132.25,132.25,360,132.55,80,1440,1118000
FINNIFTY02JAN2421550PE.NFO,02/01/2024,09:23:12,132.7,132.65,80,132.95,1000,160,1118000
FINNIFTY02JAN2421550PE.NFO,02/01/2024,09:23:13,131.75,131.75,280,132.05,1200,400,1118000
FINNIFTY02JAN2421550PE.NFO,02/01/2024,09:23:14,131.7,131.65,120,131.9,200,320,1118000
FINNIFTY02JAN2421550PE.NFO,02/01/2024,09:23:15,131.3,131.5,320,131.8,360,2280,1118000
FINNIFTY02JAN2421550PE.NFO,02/01/2024,09:23:16,131.65,131.15,1120,131.45,120,120,1118000
FINNIFTY02JAN2421550PE.NFO,02/01/2024,09:23:17,129.9,129.8,760,130,240,1480,1118000
FINNIFTY02JAN2421550PE.NFO,02/01/2024,09:23:18,130.55,130.6,280,130.9,440,160,1118000
FINNIFTY02JAN2421550PE.NFO,02/01/2024,09:23:19,131.7,131.35,360,131.7,360,10960,1118000
FINNIFTY02JAN2421550PE.NFO,02/01/2024,09:23:20,131.3,131.15,240,131.4,80,1040,1118000
FINNIFTY02JAN2421550PE.NFO,02/01/2024,09:23:21,131.85,131.8,400,131.9,40,160,1118000
FINNIFTY02JAN2421550PE.NFO,02/01/2024,09:23:22,131.7,131.75,240,132,1000,2280,1118000
FINNIFTY02JAN2421550PE.NFO,02/01/2024,09:23:23,131.15,131.1,400,131.3,280,2440,1118000
FINNIFTY02JAN2421550PE.NFO,02/01/2024,09:23:24,131.4,131.1,400,131.35,400,80,1118000
FINNIFTY02JAN2421550PE.NFO,02/01/2024,09:23:25,131.4,131.1,640,131.35,160,0,1118000
FINNIFTY02JAN2421550PE.NFO,02/01/2024,09:23:26,131.7,132.05,400,132.35,360,80,1118000
FINNIFTY02JAN2421550PE.NFO,02/01/2024,09:23:27,132,131.95,600,132.15,480,7760,1118000
FINNIFTY02JAN2421550PE.NFO,02/01/2024,09:23:28,132.35,132.1,640,132.4,240,3720,1134160
FINNIFTY02JAN2421550PE.NFO,02/01/2024,09:23:29,133,133.05,280,133.3,80,1080,1134160
FINNIFTY02JAN2421550PE.NFO,02/01/2024,09:23:30,134,133.8,1040,134,320,560,1134160
FINNIFTY02JAN2421550PE.NFO,02/01/2024,09:23:30,133.05,133.25,920,133.55,360,9000,1134160
FINNIFTY02JAN2421550PE.NFO,02/01/2024,09:23:31,133.05,132.5,120,132.8,360,1000,1134160
FINNIFTY02JAN2421550PE.NFO,02/01/2024,09:23:32,132.05,131.8,320,132.1,280,800,1134160
FINNIFTY02JAN2421550PE.NFO,02/01/2024,09:23:33,131.75,131.55,200,131.9,280,400,1134160
FINNIFTY02JAN2421550PE.NFO,02/01/2024,09:23:34,131.75,132,520,132.3,240,0,1134160
FINNIFTY02JAN2421550PE.NFO,02/01/2024,09:23:35,131.95,132,960,132.35,360,1920,1134160
FINNIFTY02JAN2421550PE.NFO,02/01/2024,09:23:37,131.6,131.15,240,131.45,40,920,1134160
FINNIFTY02JAN2421550PE.NFO,02/01/2024,09:23:38,131.1,130.7,600,130.95,40,400,1134160
FINNIFTY02JAN2421550PE.NFO,02/01/2024,09:23:38,131.1,130.6,320,130.85,80,0,1134160
FINNIFTY02JAN2421550PE.NFO,02/01/2024,09:23:39,130.7,130.85,320,131.2,640,1800,1134160
FINNIFTY02JAN2421550PE.NFO,02/01/2024,09:23:40,131.2,131.05,80,131.35,600,320,1134160
FINNIFTY02JAN2421550PE.NFO,02/01/2024,09:23:41,132,131.75,80,132,840,320,1134160
FINNIFTY02JAN2421550PE.NFO,02/01/2024,09:23:42,132.3,132.35,240,132.65,280,600,1134160
FINNIFTY02JAN2421550PE.NFO,02/01/2024,09:23:43,132.3,131.95,400,132.25,240,0,1134160
FINNIFTY02JAN2421550PE.NFO,02/01/2024,09:23:44,132.3,131.85,600,132.1,360,40,1134160
FINNIFTY02JAN2421550PE.NFO,02/01/2024,09:23:45,132,131.85,160,132.05,80,480,1134160
FINNIFTY02JAN2421550PE.NFO,02/01/2024,09:23:46,132.1,132,800,132.3,360,40,1134160
FINNIFTY02JAN2421550PE.NFO,02/01/2024,09:23:48,133,133.3,360,133.65,160,2160,1134160
FINNIFTY02JAN2421550PE.NFO,02/01/2024,09:23:49,133,133.05,560,133.3,520,0,1134160
FINNIFTY02JAN2421550PE.NFO,02/01/2024,09:23:49,133,133.5,560,133.8,1280,0,1134160
FINNIFTY02JAN2421550PE.NFO,02/01/2024,09:23:50,133.4,133.35,760,133.65,80,240,1134160
FINNIFTY02JAN2421550PE.NFO,02/01/2024,09:23:51,133.4,133.45,840,133.75,280,0,1134160
FINNIFTY02JAN2421550PE.NFO,02/01/2024,09:23:53,133,132.75,640,133.1,520,480,1134160
FINNIFTY02JAN2421550PE.NFO,02/01/2024,09:23:54,133.3,133.3,280,133.6,600,40,1134160
FINNIFTY02JAN2421550PE.NFO,02/01/2024,09:23:55,133.3,133.45,80,133.75,320,0,1134160
FINNIFTY02JAN2421550PE.NFO,02/01/2024,09:23:56,134,133.8,560,134.1,440,320,1134160
FINNIFTY02JAN2421550PE.NFO,02/01/2024,09:23:57,133.85,133.8,1760,134.1,440,2520,1134160
FINNIFTY02JAN2421550PE.NFO,02/01/2024,09:23:57,133.85,133.95,800,134.2,80,0,1134160
FINNIFTY02JAN2421550PE.NFO,02/01/2024,09:23:58,134.95,134.65,80,134.9,200,240,1134160
FINNIFTY02JAN2421550PE.NFO,02/01/2024,09:23:59,134.95,134.65,560,134.95,360,0,1134160
FINNIFTY02JAN2421550PE.NFO,02/01/2024,09:24:00,135.35,135.1,560,135.3,360,400,1134160
FINNIFTY02JAN2421550PE.NFO,02/01/2024,09:24:01,135.95,135.9,560,136.2,280,1760,1134160
FINNIFTY02JAN2421550PE.NFO,02/01/2024,09:24:02,135.85,136,560,136.25,120,1960,1134160
FINNIFTY02JAN2421550PE.NFO,02/01/2024,09:24:04,136.35,135.9,600,136.15,360,400,1134160
FINNIFTY02JAN2421550PE.NFO,02/01/2024,09:24:05,135.95,135.1,600,135.4,440,80,1134160
FINNIFTY02JAN2421550PE.NFO,02/01/2024,09:24:06,134.35,134,400,134.35,400,1320,1134160
FINNIFTY02JAN2421550PE.NFO,02/01/2024,09:24:06,134.35,134,40,134.3,400,0,1134160
FINNIFTY02JAN2421550PE.NFO,02/01/2024,09:24:07,134,134.6,560,134.8,240,1800,1134160
FINNIFTY02JAN2421550PE.NFO,02/01/2024,09:24:08,134.85,134.55,480,134.9,400,440,1134160
FINNIFTY02JAN2421550PE.NFO,02/01/2024,09:24:09,134.6,134.35,640,134.65,360,80,1134160
FINNIFTY02JAN2421550PE.NFO,02/01/2024,09:24:11,134.35,134.2,440,134.5,160,280,1134160
FINNIFTY02JAN2421550PE.NFO,02/01/2024,09:24:12,133.4,133.55,400,133.85,120,120,1134160
FINNIFTY02JAN2421550PE.NFO,02/01/2024,09:24:13,133.15,133.1,680,133.4,360,160,1134160
FINNIFTY02JAN2421550PE.NFO,02/01/2024,09:24:14,133.2,133.15,80,133.45,400,560,1134160
FINNIFTY02JAN2421550PE.NFO,02/01/2024,09:24:14,133.2,132.95,480,133.3,800,0,1134160
FINNIFTY02JAN2421550PE.NFO,02/01/2024,09:24:15,134,133.95,560,134.2,360,440,1134160
FINNIFTY02JAN2421550PE.NFO,02/01/2024,09:24:17,134.5,134.5,520,134.85,360,80,1134160
FINNIFTY02JAN2421550PE.NFO,02/01/2024,09:24:18,134.5,134.5,600,134.8,480,1000,1134160
FINNIFTY02JAN2421550PE.NFO,02/01/2024,09:24:19,134.65,134.75,560,135.05,440,200,1134160
FINNIFTY02JAN2421550PE.NFO,02/01/2024,09:24:20,135.25,135.25,1160,135.6,280,80,1134160
FINNIFTY02JAN2421550PE.NFO,02/01/2024,09:24:21,136,135.85,560,136.15,480,1280,1134160
FINNIFTY02JAN2421550PE.NFO,02/01/2024,09:24:22,136.4,136.2,1120,136.5,880,520,1134160
FINNIFTY02JAN2421550PE.NFO,02/01/2024,09:24:23,136.4,136.55,40,136.7,360,0,1134160
FINNIFTY02JAN2421550PE.NFO,02/01/2024,09:24:24,137.1,137.15,560,137.35,400,1920,1134160
FINNIFTY02JAN2421550PE.NFO,02/01/2024,09:24:25,137.05,136.75,600,136.95,200,840,1134160
FINNIFTY02JAN2421550PE.NFO,02/01/2024,09:24:26,136.65,136.85,440,137.15,480,3200,1134160
FINNIFTY02JAN2421550PE.NFO,02/01/2024,09:24:27,136.95,137.15,120,137.45,280,240,1134160
FINNIFTY02JAN2421550PE.NFO,02/01/2024,09:24:28,137.1,136.8,480,137,240,1360,1134160
FINNIFTY02JAN2421550PE.NFO,02/01/2024,09:24:28,137.1,136.75,520,137.05,320,0,1134160
FINNIFTY02JAN2421550PE.NFO,02/01/2024,09:24:29,136.9,136.55,560,136.8,480,4040,1134160
FINNIFTY02JAN2421550PE.NFO,02/01/2024,09:24:30,137,137.15,360,137.35,480,240,1134160
FINNIFTY02JAN2421550PE.NFO,02/01/2024,09:24:31,136.6,136.6,480,136.75,120,560,1134160
FINNIFTY02JAN2421550PE.NFO,02/01/2024,09:24:32,136.9,136.9,400,137.2,80,3680,1134160
FINNIFTY02JAN2421550PE.NFO,02/01/2024,09:24:34,137,137.15,160,137.4,520,3080,1134160
FINNIFTY02JAN2421550PE.NFO,02/01/2024,09:24:35,136.65,136.85,1120,137.2,480,3520,1134160
FINNIFTY02JAN2421550PE.NFO,02/01/2024,09:24:36,137.1,136.8,480,137.15,1400,2360,1134160
FINNIFTY02JAN2421550PE.NFO,02/01/2024,09:24:36,136.25,135.95,560,136.25,240,160,1134160
FINNIFTY02JAN2421550PE.NFO,02/01/2024,09:24:37,135.35,135,1240,135.2,560,560,1134160
FINNIFTY02JAN2421550PE.NFO,02/01/2024,09:24:39,135,134.75,560,135.05,120,3240,1134160
FINNIFTY02JAN2421550PE.NFO,02/01/2024,09:24:40,135.45,135.45,960,135.8,480,1080,1134160
FINNIFTY02JAN2421550PE.NFO,02/01/2024,09:24:41,135.05,135.05,600,135.35,560,880,1134160
FINNIFTY02JAN2421550PE.NFO,02/01/2024,09:24:41,134.95,134.65,1120,134.95,400,40,1134160
FINNIFTY02JAN2421550PE.NFO,02/01/2024,09:24:42,135.25,134.75,80,135,80,560,1134160
FINNIFTY02JAN2421550PE.NFO,02/01/2024,09:24:44,134.8,134.2,640,134.5,680,480,1134160
FINNIFTY02JAN2421550PE.NFO,02/01/2024,09:24:45,134.95,134.65,560,134.95,520,480,1134160
FINNIFTY02JAN2421550PE.NFO,02/01/2024,09:24:46,134.15,134.15,480,134.45,520,1080,1134160
FINNIFTY02JAN2421550PE.NFO,02/01/2024,09:24:47,134.45,134.45,640,134.8,640,2440,1134160
FINNIFTY02JAN2421550PE.NFO,02/01/2024,09:24:47,134.4,134.4,640,134.75,560,320,1134160
FINNIFTY02JAN2421550PE.NFO,02/01/2024,09:24:48,133.9,133.8,760,134.15,480,5200,1134160
FINNIFTY02JAN2421550PE.NFO,02/01/2024,09:24:50,132.95,132.8,120,133.05,560,1000,1134160
FINNIFTY02JAN2421550PE.NFO,02/01/2024,09:24:51,132.5,133.15,560,133.4,480,1360,1134160
FINNIFTY02JAN2421550PE.NFO,02/01/2024,09:24:52,133.75,133.95,560,134.25,400,2240,1134160
FINNIFTY02JAN2421550PE.NFO,02/01/2024,09:24:52,134.15,134.15,480,134.45,1120,520,1134160
FINNIFTY02JAN2421550PE.NFO,02/01/2024,09:24:53,133.95,133.8,160,134.05,160,200,1134160
FINNIFTY02JAN2421550PE.NFO,02/01/2024,09:24:55,134.75,134.75,800,135,80,800,1134160
FINNIFTY02JAN2421550PE.NFO,02/01/2024,09:24:56,135.8,136.05,240,136.35,840,280,1134160
FINNIFTY02JAN2421550PE.NFO,02/01/2024,09:24:57,135.85,135.85,560,136.1,280,2120,1134160
FINNIFTY02JAN2421550PE.NFO,02/01/2024,09:24:57,136.4,135.65,1080,136,440,240,1134160
FINNIFTY02JAN2421550PE.NFO,02/01/2024,09:24:58,136.65,136.4,360,136.65,3520,1040,1134160
FINNIFTY02JAN2421550PE.NFO,02/01/2024,09:25:00,136.65,136.45,640,136.75,360,3880,1134160
FINNIFTY02JAN2421550PE.NFO,02/01/2024,09:25:01,137.35,137.3,160,137.45,200,5840,1134160
FINNIFTY02JAN2421550PE.NFO,02/01/2024,09:25:02,136.8,136.5,760,136.8,520,4440,1134160
FINNIFTY02JAN2421550PE.NFO,02/01/2024,09:25:02,136.55,136.25,120,136.6,360,40,1134160
FINNIFTY02JAN2421550PE.NFO,02/01/2024,09:25:03,136.55,135.15,480,135.5,400,0,1134160
FINNIFTY02JAN2421550PE.NFO,02/01/2024,09:25:04,135.8,136.3,560,136.55,240,280,1134160
FINNIFTY02JAN2421550PE.NFO,02/01/2024,09:25:05,136.55,136.45,40,136.75,560,280,1134160
FINNIFTY02JAN2421550PE.NFO,02/01/2024,09:25:06,136.65,136,400,136.3,160,40,1134160
FINNIFTY02JAN2421550PE.NFO,02/01/2024,09:25:07,135.5,135.2,80,135.5,440,200,1134160
FINNIFTY02JAN2421550PE.NFO,02/01/2024,09:25:08,135.1,135.45,360,135.75,160,640,1134160
FINNIFTY02JAN2421550PE.NFO,02/01/2024,09:25:09,135.1,135.75,280,136.1,400,0,1134160
FINNIFTY02JAN2421550PE.NFO,02/01/2024,09:25:10,136.1,136.55,560,136.9,80,40,1134160
FINNIFTY02JAN2421550PE.NFO,02/01/2024,09:25:11,136.35,136.45,1200,136.75,400,1880,1134160
FINNIFTY02JAN2421550PE.NFO,02/01/2024,09:25:12,136.4,136.2,40,136.35,280,80,1134160
FINNIFTY02JAN2421550PE.NFO,02/01/2024,09:25:14,136.55,136.3,640,136.55,640,640,1134160
FINNIFTY02JAN2421550PE.NFO,02/01/2024,09:25:15,136.65,136.5,440,136.8,760,760,1134160
FINNIFTY02JAN2421550PE.NFO,02/01/2024,09:25:16,136.85,136.65,1120,137,960,80,1134160
FINNIFTY02JAN2421550PE.NFO,02/01/2024,09:25:16,136.85,136.65,1080,137,720,0,1134160
FINNIFTY02JAN2421550PE.NFO,02/01/2024,09:25:17,136.6,136.3,160,136.6,480,80,1134160
FINNIFTY02JAN2421550PE.NFO,02/01/2024,09:25:18,136.4,136.05,440,136.35,200,720,1134160
FINNIFTY02JAN2421550PE.NFO,02/01/2024,09:25:19,136.55,136.35,480,136.55,1160,2800,1134160
FINNIFTY02JAN2421550PE.NFO,02/01/2024,09:25:20,135.9,135.75,40,135.95,640,1280,1134160
FINNIFTY02JAN2421550PE.NFO,02/01/2024,09:25:21,135,135,480,135.2,80,1560,1134160
FINNIFTY02JAN2421550PE.NFO,02/01/2024,09:25:23,135.45,135.2,520,135.45,80,2360,1134160
FINNIFTY02JAN2421550PE.NFO,02/01/2024,09:25:24,135.1,135.1,400,135.4,200,1240,1134160
FINNIFTY02JAN2421550PE.NFO,02/01/2024,09:25:25,135.55,135.45,400,135.75,240,80,1134160
FINNIFTY02JAN2421550PE.NFO,02/01/2024,09:25:26,135.6,135.4,400,135.7,1920,1800,1134160
FINNIFTY02JAN2421550PE.NFO,02/01/2024,09:25:27,133.95,134,520,134.2,160,2400,1134160
FINNIFTY02JAN2421550PE.NFO,02/01/2024,09:25:28,134.1,134.4,520,134.55,160,80,1134160
FINNIFTY02JAN2421550PE.NFO,02/01/2024,09:25:29,134.05,133.8,320,134.1,240,1360,1134160
FINNIFTY02JAN2421550PE.NFO,02/01/2024,09:25:30,133.7,133.55,400,133.75,80,80,1134160
FINNIFTY02JAN2421550PE.NFO,02/01/2024,09:25:30,133.8,133.8,160,134,360,320,1134160
FINNIFTY02JAN2421550PE.NFO,02/01/2024,09:25:31,133.15,133.15,240,133.4,400,1000,1134160
FINNIFTY02JAN2421550PE.NFO,02/01/2024,09:25:32,132.35,132.25,480,132.55,160,1440,1134160
FINNIFTY02JAN2421550PE.NFO,02/01/2024,09:25:33,132.1,132.1,600,132.45,480,1360,1134160
FINNIFTY02JAN2421550PE.NFO,02/01/2024,09:25:34,131.35,131.6,480,131.9,320,1760,1134160
FINNIFTY02JAN2421550PE.NFO,02/01/2024,09:25:36,131.4,131.4,920,131.7,160,1760,1134160
FINNIFTY02JAN2421550PE.NFO,02/01/2024,09:25:37,131.75,131.85,480,132.15,400,1120,1134160
FINNIFTY02JAN2421550PE.NFO,02/01/2024,09:25:38,131.95,132.2,720,132.55,560,1960,1134160
FINNIFTY02JAN2421550PE.NFO,02/01/2024,09:25:39,132.9,132.9,600,133.1,240,2040,1134160
FINNIFTY02JAN2421550PE.NFO,02/01/2024,09:25:40,133.35,133.3,880,133.6,600,960,1134160
FINNIFTY02JAN2421550PE.NFO,02/01/2024,09:25:41,133.1,132.9,360,133.2,440,760,1134160
FINNIFTY02JAN2421550PE.NFO,02/01/2024,09:25:42,132.1,131.85,120,132.15,480,320,1134160
FINNIFTY02JAN2421550PE.NFO,02/01/2024,09:25:43,132.05,132.25,800,132.55,400,280,1134160
FINNIFTY02JAN2421550PE.NFO,02/01/2024,09:25:44,132.3,132.35,720,132.65,560,40,1134160
FINNIFTY02JAN2421550PE.NFO,02/01/2024,09:25:45,132.3,132.3,280,132.55,80,40,1134160
FINNIFTY02JAN2421550PE.NFO,02/01/2024,09:25:46,132.8,132.65,400,132.95,480,120,1134160
FINNIFTY02JAN2421550PE.NFO,02/01/2024,09:25:47,132.85,132.35,160,132.6,400,120,1134160
FINNIFTY02JAN2421550PE.NFO,02/01/2024,09:25:48,132.95,132.9,600,133.2,1040,520,1134160
FINNIFTY02JAN2421550PE.NFO,02/01/2024,09:25:48,132.95,132.9,600,133.15,160,0,1134160
FINNIFTY02JAN2421550PE.NFO,02/01/2024,09:25:49,133.05,133.65,560,133.85,560,40,1134160
FINNIFTY02JAN2421550PE.NFO,02/01/2024,09:25:50,134.15,133.7,560,133.9,480,960,1134160
FINNIFTY02JAN2421550PE.NFO,02/01/2024,09:25:51,133.55,133.5,440,133.75,120,1240,1134160
FINNIFTY02JAN2421550PE.NFO,02/01/2024,09:25:52,134.2,133.3,600,133.55,560,280,1134160
FINNIFTY02JAN2421550PE.NFO,02/01/2024,09:25:53,133.4,132.8,2000,133.05,120,1280,1134160
FINNIFTY02JAN2421550PE.NFO,02/01/2024,09:25:54,131.75,131.55,600,131.75,520,840,1134160
FINNIFTY02JAN2421550PE.NFO,02/01/2024,09:25:55,131,130.75,280,130.95,120,1840,1134160
FINNIFTY02JAN2421550PE.NFO,02/01/2024,09:25:56,130.8,130.85,640,131,240,1720,1134160
FINNIFTY02JAN2421550PE.NFO,02/01/2024,09:25:57,130.25,130.2,80,130.3,320,1400,1134160
FINNIFTY02JAN2421550PE.NFO,02/01/2024,09:25:58,130.5,130.15,280,130.5,480,1680,1134160
FINNIFTY02JAN2421550PE.NFO,02/01/2024,09:25:59,130.1,130.2,440,130.45,80,2400,1134160
FINNIFTY02JAN2421550PE.NFO,02/01/2024,09:26:00,129.35,129.3,880,129.6,280,6120,1134160
FINNIFTY02JAN2421550PE.NFO,02/01/2024,09:26:01,128.95,128.85,120,129.1,160,920,1134160
FINNIFTY02JAN2421550PE.NFO,02/01/2024,09:26:02,129.95,129.7,160,130,520,1880,1134160
FINNIFTY02JAN2421550PE.NFO,02/01/2024,09:26:03,130,130,120,130.15,120,2720,1134160
FINNIFTY02JAN2421550PE.NFO,02/01/2024,09:26:04,129.85,129.75,960,130.05,360,880,1134160
FINNIFTY02JAN2421550PE.NFO,02/01/2024,09:26:05,129.5,129.4,200,129.7,920,1200,1134160
FINNIFTY02JAN2421550PE.NFO,02/01/2024,09:26:06,129.3,129.35,320,129.65,680,640,1134160
FINNIFTY02JAN2421550PE.NFO,02/01/2024,09:26:07,129.6,129.45,400,129.65,80,200,1134160
FINNIFTY02JAN2421550PE.NFO,02/01/2024,09:26:08,129.9,129.55,280,129.9,520,2480,1134160
FINNIFTY02JAN2421550PE.NFO,02/01/2024,09:26:09,129.95,129.7,360,129.95,240,880,1134160
FINNIFTY02JAN2421550PE.NFO,02/01/2024,09:26:10,130,129.7,360,130,360,40,1134160
FINNIFTY02JAN2421550PE.NFO,02/01/2024,09:26:11,130.1,129.8,320,130.1,200,640,1134160
FINNIFTY02JAN2421550PE.NFO,02/01/2024,09:26:12,130.1,129.65,200,129.9,1400,80,1134160
FINNIFTY02JAN2421550PE.NFO,02/01/2024,09:26:13,128.6,128.4,320,128.7,480,2640,1134160
FINNIFTY02JAN2421550PE.NFO,02/01/2024,09:26:14,126.55,126.6,400,126.9,400,9360,1134160
FINNIFTY02JAN2421550PE.NFO,02/01/2024,09:26:15,120.65,120.65,360,121.05,520,46360,1134160
FINNIFTY02JAN2421550PE.NFO,02/01/2024,09:26:16,111.3,111.3,80,112.1,40,109840,1134160
FINNIFTY02JAN2421550PE.NFO,02/01/2024,09:26:16,98.9,111.3,80,112.1,40,0,1134160
FINNIFTY02JAN2421550PE.NFO,02/01/2024,09:26:17,113.1,113.25,120,113.35,160,70440,1134160
FINNIFTY02JAN2421550PE.NFO,02/01/2024,09:26:18,115.8,115.85,40,116.1,40,42600,1134160
FINNIFTY02JAN2421550PE.NFO,02/01/2024,09:26:19,113.4,113.1,120,113.4,40,20400,1134160
FINNIFTY02JAN2421550PE.NFO,02/01/2024,09:26:20,112.8,112.2,120,112.55,120,16520,1134160
FINNIFTY02JAN2421550PE.NFO,02/01/2024,09:26:21,113.75,113.5,120,113.75,120,8040,1134160
FINNIFTY02JAN2421550PE.NFO,02/01/2024,09:26:22,113.4,113.7,280,113.95,480,6040,1134160
FINNIFTY02JAN2421550PE.NFO,02/01/2024,09:26:23,114.7,114.65,120,114.95,320,4640,1134160
FINNIFTY02JAN2421550PE.NFO,02/01/2024,09:26:24,115.5,115.3,200,115.6,200,1840,1134160
FINNIFTY02JAN2421550PE.NFO,02/01/2024,09:26:25,116.1,116.2,120,116.35,120,1280,1134160
FINNIFTY02JAN2421550PE.NFO,02/01/2024,09:26:26,116.05,116.15,120,116.45,160,3720,1134160
FINNIFTY02JAN2421550PE.NFO,02/01/2024,09:26:27,116.05,116.05,80,116.2,80,9320,1175360
FINNIFTY02JAN2421550PE.NFO,02/01/2024,09:26:28,114.65,114.4,80,114.65,160,22920,1175360
FINNIFTY02JAN2421550PE.NFO,02/01/2024,09:26:29,110.95,110.95,160,111.2,480,10320,1175360
FINNIFTY02JAN2421550PE.NFO,02/01/2024,09:26:31,110,109.65,80,109.9,120,15680,1175360
FINNIFTY02JAN2421550PE.NFO,02/01/2024,09:26:32,109.15,108.95,160,109.15,480,6320,1175360
FINNIFTY02JAN2421550PE.NFO,02/01/2024,09:26:33,110.4,110.2,120,110.45,40,6520,1175360
FINNIFTY02JAN2421550PE.NFO,02/01/2024,09:26:34,110.35,110.15,80,110.45,40,1880,1175360
FINNIFTY02JAN2421550PE.NFO,02/01/2024,09:26:35,110.65,110.05,240,110.35,200,2440,1175360
FINNIFTY02JAN2421550PE.NFO,02/01/2024,09:26:36,110.25,110.1,80,110.35,40,4240,1175360
FINNIFTY02JAN2421550PE.NFO,02/01/2024,09:26:37,109.55,109.45,680,109.7,240,5960,1175360
FINNIFTY02JAN2421550PE.NFO,02/01/2024,09:26:38,106.2,106.1,240,106.4,400,5520,1175360
FINNIFTY02JAN2421550PE.NFO,02/01/2024,09:26:39,103.1,102.7,40,103.1,240,70480,1175360
FINNIFTY02JAN2421550PE.NFO,02/01/2024,09:26:40,100,99.85,160,100.2,40,16240,1175360
FINNIFTY02JAN2421550PE.NFO,02/01/2024,09:26:41,100.45,100.35,120,100.6,200,8000,1175360
FINNIFTY02JAN2421550PE.NFO,02/01/2024,09:26:42,100.25,100.1,40,100.3,160,3840,1175360
FINNIFTY02JAN2421550PE.NFO,02/01/2024,09:26:43,100.6,99.95,40,100.2,80,4200,1175360
FINNIFTY02JAN2421550PE.NFO,02/01/2024,09:26:44,98.65,98.15,120,98.4,240,7760,1175360
FINNIFTY02JAN2421550PE.NFO,02/01/2024,09:26:44,97.85,98.15,120,98.4,240,0,1175360
FINNIFTY02JAN2421550PE.NFO,02/01/2024,09:26:45,95.55,95.3,80,95.5,200,9040,1175360
FINNIFTY02JAN2421550PE.NFO,02/01/2024,09:26:45,94.3,95.3,80,95.5,200,0,1175360
FINNIFTY02JAN2421550PE.NFO,02/01/2024,09:26:46,94.4,94.45,80,94.75,320,10160,1175360
FINNIFTY02JAN2421550PE.NFO,02/01/2024,09:26:46,93.5,94.45,80,94.75,320,0,1175360
FINNIFTY02JAN2421550PE.NFO,02/01/2024,09:26:47,91.75,91.05,320,91.6,80,61320,1175360
FINNIFTY02JAN2421550PE.NFO,02/01/2024,09:26:47,90.75,91.05,320,91.6,80,0,1175360
FINNIFTY02JAN2421550PE.NFO,02/01/2024,09:26:48,93.65,93.25,80,93.7,280,16600,1175360
FINNIFTY02JAN2421550PE.NFO,02/01/2024,09:26:48,90.3,93.25,80,93.7,280,0,1175360
FINNIFTY02JAN2421550PE.NFO,02/01/2024,09:26:49,93.95,93.7,400,94.15,160,13880,1175360
FINNIFTY02JAN2421550PE.NFO,02/01/2024,09:26:50,95,94.85,80,95.05,560,10400,1175360
FINNIFTY02JAN2421550PE.NFO,02/01/2024,09:26:51,94.3,94.05,360,94.45,320,4920,1175360
FINNIFTY02JAN2421550PE.NFO,02/01/2024,09:26:52,93.35,93.3,160,93.55,80,6560,1175360
FINNIFTY02JAN2421550PE.NFO,02/01/2024,09:26:53,93.9,94.05,160,94.3,80,6120,1175360
FINNIFTY02JAN2421550PE.NFO,02/01/2024,09:26:54,96.7,96.45,40,96.75,160,13680,1175360
FINNIFTY02JAN2421550PE.NFO,02/01/2024,09:26:55,99.1,99.1,240,99.3,160,12920,1175360
FINNIFTY02JAN2421550PE.NFO,02/01/2024,09:26:56,98.65,98.4,120,98.7,200,8560,1175360
FINNIFTY02JAN2421550PE.NFO,02/01/2024,09:26:57,99.45,98.85,240,99.2,240,11960,1175360
FINNIFTY02JAN2421550PE.NFO,02/01/2024,09:26:58,100.65,100.5,80,100.75,120,13520,1175360
FINNIFTY02JAN2421550PE.NFO,02/01/2024,09:26:59,101.35,101.35,320,101.6,200,12080,1175360
FINNIFTY02JAN2421550PE.NFO,02/01/2024,09:27:00,101.2,101,160,101.2,760,9960,1175360
FINNIFTY02JAN2421550PE.NFO,02/01/2024,09:27:01,98.85,98.65,400,98.9,80,7080,1175360
FINNIFTY02JAN2421550PE.NFO,02/01/2024,09:27:02,96.85,96.8,240,97.05,920,6440,1175360
FINNIFTY02JAN2421550PE.NFO,02/01/2024,09:27:03,97.75,97.65,120,97.8,160,11880,1175360
FINNIFTY02JAN2421550PE.NFO,02/01/2024,09:27:04,97.1,96.85,120,97.05,360,5880,1175360
FINNIFTY02JAN2421550PE.NFO,02/01/2024,09:27:05,98.15,98.2,400,98.5,40,13120,1175360
FINNIFTY02JAN2421550PE.NFO,02/01/2024,09:27:06,99.25,99.05,120,99.25,80,6360,1175360
FINNIFTY02JAN2421550PE.NFO,02/01/2024,09:27:07,98.85,98.95,640,99.2,240,7560,1175360
FINNIFTY02JAN2421550PE.NFO,02/01/2024,09:27:08,98,97.85,480,98.25,480,4920,1175360
FINNIFTY02JAN2421550PE.NFO,02/01/2024,09:27:09,97,96.6,440,96.9,200,13280,1175360
FINNIFTY02JAN2421550PE.NFO,02/01/2024,09:27:10,97.55,97.05,800,97.35,240,9080,1175360
FINNIFTY02JAN2421550PE.NFO,02/01/2024,09:27:11,99.4,99.15,280,99.4,200,7240,1175360
FINNIFTY02JAN2421550PE.NFO,02/01/2024,09:27:12,100.25,99.95,600,100.25,280,5160,1175360
FINNIFTY02JAN2421550PE.NFO,02/01/2024,09:27:13,99,98.65,640,98.9,640,1600,1175360
FINNIFTY02JAN2421550PE.NFO,02/01/2024,09:27:14,98.3,98.1,400,98.35,120,3920,1175360
FINNIFTY02JAN2421550PE.NFO,02/01/2024,09:27:15,99.8,99.8,120,100.05,160,5680,1175360
FINNIFTY02JAN2421550PE.NFO,02/01/2024,09:27:16,100.65,100.55,600,100.75,40,6440,1175360
FINNIFTY02JAN2421550PE.NFO,02/01/2024,09:27:17,100.45,100.1,200,100.45,720,3640,1175360
FINNIFTY02JAN2421550PE.NFO,02/01/2024,09:27:18,100.15,99.75,560,100.1,560,3960,1175360
FINNIFTY02JAN2421550PE.NFO,02/01/2024,09:27:19,99.6,99.55,160,99.75,360,1640,1175360
FINNIFTY02JAN2421550PE.NFO,02/01/2024,09:27:20,100.6,100.3,240,100.55,360,1880,1175360
FINNIFTY02JAN2421550PE.NFO,02/01/2024,09:27:21,100.5,100,320,100.35,280,1520,1175360
FINNIFTY02JAN2421550PE.NFO,02/01/2024,09:27:22,100.15,99.75,40,100.05,320,1480,1175360
FINNIFTY02JAN2421550PE.NFO,02/01/2024,09:27:23,99.75,99.4,840,99.7,800,4200,1175360
FINNIFTY02JAN2421550PE.NFO,02/01/2024,09:27:24,98.85,98.7,320,98.9,120,3400,1175360
FINNIFTY02JAN2421550PE.NFO,02/01/2024,09:27:25,100.4,100.25,440,100.4,240,6280,1175360
FINNIFTY02JAN2421550PE.NFO,02/01/2024,09:27:26,101.5,101.35,320,101.6,440,2320,1175360
FINNIFTY02JAN2421550PE.NFO,02/01/2024,09:27:27,102.85,102.9,360,103.05,160,12760,1175360
FINNIFTY02JAN2421550PE.NFO,02/01/2024,09:27:28,102.95,102.75,160,102.95,280,6760,1175360
FINNIFTY02JAN2421550PE.NFO,02/01/2024,09:27:29,103.2,103,80,103.2,440,10160,1175360
FINNIFTY02JAN2421550PE.NFO,02/01/2024,09:27:30,103.2,103,480,103.35,40,3240,1175360
FINNIFTY02JAN2421550PE.NFO,02/01/2024,09:27:30,103.6,103.15,360,103.45,480,2160,1175360
FINNIFTY02JAN2421550PE.NFO,02/01/2024,09:27:31,103.95,103.75,80,103.95,80,3240,1175360
FINNIFTY02JAN2421550PE.NFO,02/01/2024,09:27:32,104.65,104.5,400,104.8,280,6160,1175360
FINNIFTY02JAN2421550PE.NFO,02/01/2024,09:27:33,104.4,104.7,40,104.9,600,2480,1175360
FINNIFTY02JAN2421550PE.NFO,02/01/2024,09:27:34,104,103.75,80,104,680,3680,1175360
FINNIFTY02JAN2421550PE.NFO,02/01/2024,09:27:35,102.55,102.55,640,102.85,240,4360,1175360
FINNIFTY02JAN2421550PE.NFO,02/01/2024,09:27:36,101.2,101.2,320,101.4,240,3040,1175360
FINNIFTY02JAN2421550PE.NFO,02/01/2024,09:27:37,101.8,101.55,40,101.8,680,3960,1175360
FINNIFTY02JAN2421550PE.NFO,02/01/2024,09:27:38,101.7,101.45,400,101.75,600,2400,1175360
FINNIFTY02JAN2421550PE.NFO,02/01/2024,09:27:39,102.75,102.45,400,102.7,80,2200,1175360
FINNIFTY02JAN2421550PE.NFO,02/01/2024,09:27:40,101.6,101.35,920,101.6,200,2760,1175360
FINNIFTY02JAN2421550PE.NFO,02/01/2024,09:27:41,102.3,102,640,102.25,120,2120,1175360
FINNIFTY02JAN2421550PE.NFO,02/01/2024,09:27:42,101.15,101.05,120,101.35,80,2000,1175360
FINNIFTY02JAN2421550PE.NFO,02/01/2024,09:27:43,100.8,100.55,40,100.85,800,3080,1175360
FINNIFTY02JAN2421550PE.NFO,02/01/2024,09:27:44,102.2,101.65,680,101.95,840,1760,1175360
FINNIFTY02JAN2421550PE.NFO,02/01/2024,09:27:46,102.4,102.05,40,102.25,680,6120,1175360
FINNIFTY02JAN2421550PE.NFO,02/01/2024,09:27:46,103,102.8,520,103,600,880,1175360
FINNIFTY02JAN2421550PE.NFO,02/01/2024,09:27:47,102.4,102.2,520,102.4,280,3120,1175360
FINNIFTY02JAN2421550PE.NFO,02/01/2024,09:27:48,101.55,101.65,120,101.9,1200,1720,1175360
FINNIFTY02JAN2421550PE.NFO,02/01/2024,09:27:49,100.7,100.55,640,100.75,200,960,1175360
FINNIFTY02JAN2421550PE.NFO,02/01/2024,09:27:51,100.4,100.2,560,100.5,360,1200,1175360
FINNIFTY02JAN2421550PE.NFO,02/01/2024,09:27:51,98.85,98.85,640,99.1,480,4760,1175360
FINNIFTY02JAN2421550PE.NFO,02/01/2024,09:27:52,95.2,95.1,480,95.45,160,22080,1175360
FINNIFTY02JAN2421550PE.NFO,02/01/2024,09:27:53,95.55,95.5,600,95.8,200,5160,1175360
FINNIFTY02JAN2421550PE.NFO,02/01/2024,09:27:54,95.8,95.25,40,95.55,40,5840,1175360
FINNIFTY02JAN2421550PE.NFO,02/01/2024,09:27:55,96.25,95.55,240,95.8,160,4800,1175360
FINNIFTY02JAN2421550PE.NFO,02/01/2024,09:27:56,93.4,93.2,80,93.55,400,6040,1175360
FINNIFTY02JAN2421550PE.NFO,02/01/2024,09:27:57,87.55,87.1,40,87.6,120,40720,1175360
FINNIFTY02JAN2421550PE.NFO,02/01/2024,09:27:57,86.1,87.1,40,87.6,120,0,1175360
FINNIFTY02JAN2421550PE.NFO,02/01/2024,09:27:58,88.9,88.4,80,88.7,160,39440,1175360
FINNIFTY02JAN2421550PE.NFO,02/01/2024,09:27:59,90.55,90.4,80,90.55,800,8280,1175360
FINNIFTY02JAN2421550PE.NFO,02/01/2024,09:28:00,91,90.95,80,91.05,40,10680,1175360
FINNIFTY02JAN2421550PE.NFO,02/01/2024,09:28:01,90.65,90.65,40,90.85,760,11640,1175360
FINNIFTY02JAN2421550PE.NFO,02/01/2024,09:28:02,89.35,88.95,160,89.15,280,9920,1175360
FINNIFTY02JAN2421550PE.NFO,02/01/2024,09:28:03,88.85,88.45,80,88.65,440,11360,1175360
FINNIFTY02JAN2421550PE.NFO,02/01/2024,09:28:04,88.55,88.2,200,88.5,880,4200,1175360
FINNIFTY02JAN2421550PE.NFO,02/01/2024,09:28:05,89.7,89.8,80,90.05,120,3200,1175360
FINNIFTY02JAN2421550PE.NFO,02/01/2024,09:28:06,91.1,91.05,400,91.3,120,9080,1175360
FINNIFTY02JAN2421550PE.NFO,02/01/2024,09:28:07,92.05,91.9,400,92.15,80,4000,1175360
FINNIFTY02JAN2421550PE.NFO,02/01/2024,09:28:08,92.2,91.9,400,92.2,240,3080,1175360
FINNIFTY02JAN2421550PE.NFO,02/01/2024,09:28:09,92,91.9,680,92,1680,2040,1175360
FINNIFTY02JAN2421550PE.NFO,02/01/2024,09:28:10,92.05,91.8,320,92.1,920,3920,1175360
FINNIFTY02JAN2421550PE.NFO,02/01/2024,09:28:11,91.35,91.45,720,91.75,80,5400,1175360
FINNIFTY02JAN2421550PE.NFO,02/01/2024,09:28:12,92.4,92.45,40,92.7,400,4320,1175360
FINNIFTY02JAN2421550PE.NFO,02/01/2024,09:28:13,92.55,92.55,360,92.8,680,3040,1175360
FINNIFTY02JAN2421550PE.NFO,02/01/2024,09:28:15,92.35,92.5,320,92.75,320,3200,1175360
FINNIFTY02JAN2421550PE.NFO,02/01/2024,09:28:15,92.75,92.5,560,92.75,240,1840,1175360
FINNIFTY02JAN2421550PE.NFO,02/01/2024,09:28:16,92.1,92.05,280,92.15,160,3920,1175360
FINNIFTY02JAN2421550PE.NFO,02/01/2024,09:28:17,93.9,93.75,640,94,400,4320,1175360
FINNIFTY02JAN2421550PE.NFO,02/01/2024,09:28:18,93.5,93.25,320,93.5,600,920,1175360
FINNIFTY02JAN2421550PE.NFO,02/01/2024,09:28:19,94.2,93.95,1480,94.2,480,1560,1175360
FINNIFTY02JAN2421550PE.NFO,02/01/2024,09:28:20,93.15,92.95,440,93.2,400,1720,1175360
FINNIFTY02JAN2421550PE.NFO,02/01/2024,09:28:21,93.2,93,160,93.2,360,8320,1175360
FINNIFTY02JAN2421550PE.NFO,02/01/2024,09:28:23,92,91.95,440,92.2,80,4560,1175360
FINNIFTY02JAN2421550PE.NFO,02/01/2024,09:28:24,92.45,92.25,160,92.45,440,3080,1175360
FINNIFTY02JAN2421550PE.NFO,02/01/2024,09:28:25,89.85,89.7,80,89.8,320,12520,1175360
FINNIFTY02JAN2421550PE.NFO,02/01/2024,09:28:26,90.1,90,400,90.1,80,7120,1175360
FINNIFTY02JAN2421550PE.NFO,02/01/2024,09:28:27,91.45,91.25,440,91.45,40,2200,1175360
FINNIFTY02JAN2421550PE.NFO,02/01/2024,09:28:28,92.25,91.95,40,92.25,240,5040,1175360
FINNIFTY02JAN2421550PE.NFO,02/01/2024,09:28:29,91.85,91.8,320,92.1,1160,760,1175360
FINNIFTY02JAN2421550PE.NFO,02/01/2024,09:28:30,90.4,90.6,960,90.9,680,2440,1175360
FINNIFTY02JAN2421550PE.NFO,02/01/2024,09:28:31,91.7,91.6,440,91.85,80,2720,1175360
FINNIFTY02JAN2421550PE.NFO,02/01/2024,09:28:32,92.25,92.1,560,92.35,320,2280,1175360
FINNIFTY02JAN2421550PE.NFO,02/01/2024,09:28:33,93.4,93.5,440,93.75,840,6440,1175360
FINNIFTY02JAN2421550PE.NFO,02/01/2024,09:28:34,94.2,94,440,94.3,160,3280,1175360
FINNIFTY02JAN2421550PE.NFO,02/01/2024,09:28:35,94.6,94.6,480,94.8,120,2240,1175360
FINNIFTY02JAN2421550PE.NFO,02/01/2024,09:28:36,94.2,94.1,160,94.35,320,1760,1175360
FINNIFTY02JAN2421550PE.NFO,02/01/2024,09:28:37,94.65,94.65,320,94.9,80,12560,1175360
FINNIFTY02JAN2421550PE.NFO,02/01/2024,09:28:38,95.8,95.9,440,96.15,320,1480,1175360
FINNIFTY02JAN2421550PE.NFO,02/01/2024,09:28:39,97,96.45,320,96.75,200,4960,1175360
FINNIFTY02JAN2421550PE.NFO,02/01/2024,09:28:40,95.8,95.35,240,95.6,480,2440,1175360
FINNIFTY02JAN2421550PE.NFO,02/01/2024,09:28:41,95.1,94.95,680,95.2,200,2640,1175360
FINNIFTY02JAN2421550PE.NFO,02/01/2024,09:28:42,95.65,95.55,440,95.8,600,6280,1175360
FINNIFTY02JAN2421550PE.NFO,02/01/2024,09:28:43,96.05,95.5,80,95.75,520,2040,1175360
FINNIFTY02JAN2421550PE.NFO,02/01/2024,09:28:44,95.65,95.55,960,95.85,240,3280,1175360
FINNIFTY02JAN2421550PE.NFO,02/01/2024,09:28:45,95.45,95.2,400,95.5,960,1160,1175360
FINNIFTY02JAN2421550PE.NFO,02/01/2024,09:28:46,95.5,95.25,400,95.55,1000,2560,1175360
FINNIFTY02JAN2421550PE.NFO,02/01/2024,09:28:47,94.15,93.95,160,94.2,80,2680,1175360
FINNIFTY02JAN2421550PE.NFO,02/01/2024,09:28:48,94,93.9,280,94.15,80,1920,1175360
FINNIFTY02JAN2421550PE.NFO,02/01/2024,09:28:49,95.15,95.15,200,95.4,120,2360,1175360
FINNIFTY02JAN2421550PE.NFO,02/01/2024,09:28:50,95.3,95.1,160,95.3,240,1320,1175360
FINNIFTY02JAN2421550PE.NFO,02/01/2024,09:28:51,94.95,94.7,1600,94.95,80,1920,1175360
FINNIFTY02JAN2421550PE.NFO,02/01/2024,09:28:52,95,94.95,880,95.15,120,2000,1175360
FINNIFTY02JAN2421550PE.NFO,02/01/2024,09:28:53,95.35,95.15,200,95.35,240,2000,1175360
FINNIFTY02JAN2421550PE.NFO,02/01/2024,09:28:54,95.05,94.95,640,95.25,1160,1040,1175360
FINNIFTY02JAN2421550PE.NFO,02/01/2024,09:28:55,96.15,96.05,560,96.15,40,6520,1175360
FINNIFTY02JAN2421550PE.NFO,02/01/2024,09:28:56,96.7,96.75,80,96.85,240,2640,1175360
FINNIFTY02JAN2421550PE.NFO,02/01/2024,09:28:57,96.85,96.65,1560,96.85,80,2040,1175360
FINNIFTY02JAN2421550PE.NFO,02/01/2024,09:28:58,96.5,96.45,360,96.65,120,3040,1175360
FINNIFTY02JAN2421550PE.NFO,02/01/2024,09:28:59,97.3,97.4,440,97.55,120,2680,1175360
FINNIFTY02JAN2421550PE.NFO,02/01/2024,09:29:00,97.75,97.5,280,97.65,120,12120,1175360
FINNIFTY02JAN2421550PE.NFO,02/01/2024,09:29:01,97.2,97.05,400,97.35,320,4560,1175360
FINNIFTY02JAN2421550PE.NFO,02/01/2024,09:29:02,98.4,98.25,40,98.4,120,1080,1175360
FINNIFTY02JAN2421550PE.NFO,02/01/2024,09:29:03,98.8,98.55,40,98.75,240,1120,1175360
FINNIFTY02JAN2421550PE.NFO,02/01/2024,09:29:04,98.15,97.9,80,98.2,320,4240,1175360
FINNIFTY02JAN2421550PE.NFO,02/01/2024,09:29:05,98.7,98.6,40,98.85,360,1720,1175360
FINNIFTY02JAN2421550PE.NFO,02/01/2024,09:29:06,99.4,99.35,760,99.6,200,2080,1175360
FINNIFTY02JAN2421550PE.NFO,02/01/2024,09:29:07,99.1,98.95,120,99.15,120,2840,1175360
FINNIFTY02JAN2421550PE.NFO,02/01/2024,09:29:08,99.15,99.55,120,99.7,40,2720,1175360
FINNIFTY02JAN2421550PE.NFO,02/01/2024,09:29:09,99.9,99.65,360,99.95,440,120,1175360
FINNIFTY02JAN2421550PE.NFO,02/01/2024,09:29:10,99.05,99.05,680,99.25,200,1560,1175360
FINNIFTY02JAN2421550PE.NFO,02/01/2024,09:29:11,98.2,97.85,560,98.05,560,2200,1175360
FINNIFTY02JAN2421550PE.NFO,02/01/2024,09:29:12,96.8,96.8,80,97.1,400,11240,1175360
FINNIFTY02JAN2421550PE.NFO,02/01/2024,09:29:13,97,96.8,720,97,40,5200,1175360
FINNIFTY02JAN2421550PE.NFO,02/01/2024,09:29:14,97.3,97.15,720,97.5,1800,3320,1175360
FINNIFTY02JAN2421550PE.NFO,02/01/2024,09:29:15,98.3,98.1,40,98.35,760,2120,1175360
FINNIFTY02JAN2421550PE.NFO,02/01/2024,09:29:16,97.95,98.05,400,98.25,240,1320,1175360
FINNIFTY02JAN2421550PE.NFO,02/01/2024,09:29:17,98.75,98.65,360,98.85,760,3560,1175360
FINNIFTY02JAN2421550PE.NFO,02/01/2024,09:29:18,98.75,99.15,320,99.35,560,5240,1175360
FINNIFTY02JAN2421550PE.NFO,02/01/2024,09:29:19,99.35,99.2,360,99.45,1240,15280,1175360
FINNIFTY02JAN2421550PE.NFO,02/01/2024,09:29:20,99.5,99.5,120,99.75,400,11960,1175360
FINNIFTY02JAN2421550PE.NFO,02/01/2024,09:29:21,99.95,99.95,120,100.15,720,2040,1175360
FINNIFTY02JAN2421550PE.NFO,02/01/2024,09:29:22,99.9,100.35,600,100.6,320,920,1175360
FINNIFTY02JAN2421550PE.NFO,02/01/2024,09:29:23,100,100,1800,100.3,600,960,1175360
FINNIFTY02JAN2421550PE.NFO,02/01/2024,09:29:24,99.85,99.55,360,99.8,80,1760,1175360
FINNIFTY02JAN2421550PE.NFO,02/01/2024,09:29:25,99.15,99.15,80,99.45,960,600,1175360
FINNIFTY02JAN2421550PE.NFO,02/01/2024,09:29:26,100.35,100.35,320,100.6,680,10040,1175360
FINNIFTY02JAN2421550PE.NFO,02/01/2024,09:29:27,101,100.95,240,101.2,920,3040,1175360
FINNIFTY02JAN2421550PE.NFO,02/01/2024,09:29:28,101.15,100.75,1400,101.05,80,1080,1175360
FINNIFTY02JAN2421550PE.NFO,02/01/2024,09:29:29,101.25,101.05,200,101.3,240,720,1358120
FINNIFTY02JAN2421550PE.NFO,02/01/2024,09:29:30,100.05,99.7,360,100.05,280,2320,1358120
FINNIFTY02JAN2421550PE.NFO,02/01/2024,09:29:31,99.85,99.85,200,100.05,640,960,1358120
FINNIFTY02JAN2421550PE.NFO,02/01/2024,09:29:32,99.75,99.7,1320,100,760,680,1358120
FINNIFTY02JAN2421550PE.NFO,02/01/2024,09:29:33,100.7,100.2,160,100.5,760,1040,1358120
FINNIFTY02JAN2421550PE.NFO,02/01/2024,09:29:34,100.15,100.15,160,100.4,240,840,1358120
FINNIFTY02JAN2421550PE.NFO,02/01/2024,09:29:35,99,98.9,640,99.2,120,1160,1358120
FINNIFTY02JAN2421550PE.NFO,02/01/2024,09:29:36,98.3,98.05,160,98.35,40,1160,1358120
FINNIFTY02JAN2421550PE.NFO,02/01/2024,09:29:37,98.45,98.2,320,98.45,480,360,1358120
FINNIFTY02JAN2421550PE.NFO,02/01/2024,09:29:38,97.9,97.65,360,97.9,120,7400,1358120
FINNIFTY02JAN2421550PE.NFO,02/01/2024,09:29:39,97.9,97.8,80,97.9,40,4280,1358120
FINNIFTY02JAN2421550PE.NFO,02/01/2024,09:29:40,97.9,97.9,1640,98,600,160,1358120
FINNIFTY02JAN2421550PE.NFO,02/01/2024,09:29:41,97.95,97.95,680,98.25,480,2840,1358120
FINNIFTY02JAN2421550PE.NFO,02/01/2024,09:29:42,97.65,97.6,760,97.95,600,1240,1358120
FINNIFTY02JAN2421550PE.NFO,02/01/2024,09:29:43,98.7,98.75,40,99,760,2640,1358120
FINNIFTY02JAN2421550PE.NFO,02/01/2024,09:29:44,98.75,98.45,560,98.8,560,2360,1358120
FINNIFTY02JAN2421550PE.NFO,02/01/2024,09:29:45,99.45,99,640,99.3,880,520,1358120
FINNIFTY02JAN2421550PE.NFO,02/01/2024,09:29:46,99.9,99.45,840,99.75,520,2720,1358120
FINNIFTY02JAN2421550PE.NFO,02/01/2024,09:29:47,99.7,99.35,640,99.7,400,2280,1358120
FINNIFTY02JAN2421550PE.NFO,02/01/2024,09:29:48,100.2,99.15,160,99.45,360,2200,1358120
FINNIFTY02JAN2421550PE.NFO,02/01/2024,09:29:49,99,98.85,720,99.1,280,200,1358120
FINNIFTY02JAN2421550PE.NFO,02/01/2024,09:29:50,99,98.8,560,99.1,120,560,1358120
FINNIFTY02JAN2421550PE.NFO,02/01/2024,09:29:51,99.15,99.1,40,99.4,280,120,1358120
FINNIFTY02JAN2421550PE.NFO,02/01/2024,09:29:52,98.8,98.55,600,98.75,200,800,1358120
FINNIFTY02JAN2421550PE.NFO,02/01/2024,09:29:53,98.35,98.25,120,98.55,1000,2280,1358120
FINNIFTY02JAN2421550PE.NFO,02/01/2024,09:29:54,98.75,98.65,520,98.95,80,51280,1358120
FINNIFTY02JAN2421550PE.NFO,02/01/2024,09:29:55,98.75,98.65,120,98.9,800,3200,1358120
FINNIFTY02JAN2421550PE.NFO,02/01/2024,09:29:56,99.05,99.05,80,99.3,160,3000,1358120
FINNIFTY02JAN2421550PE.NFO,02/01/2024,09:29:57,98.9,98.95,1440,99.3,600,1920,1358120
FINNIFTY02JAN2421550PE.NFO,02/01/2024,09:29:58,99.15,99.15,720,99.45,160,2120,1358120
FINNIFTY02JAN2421550PE.NFO,02/01/2024,09:29:59,98.5,98.6,560,98.9,280,16640,1358120
FINNIFTY02JAN2421550PE.NFO,02/01/2024,09:30:00,98.45,98.25,1880,98.55,160,4360,1358120
FINNIFTY02JAN2421550PE.NFO,02/01/2024,09:30:01,95.8,95.6,80,95.85,280,34240,1358120
FINNIFTY02JAN2421550PE.NFO,02/01/2024,09:30:02,97.55,97.4,160,97.6,200,9440,1358120
FINNIFTY02JAN2421550PE.NFO,02/01/2024,09:30:03,99.35,99.5,600,99.55,40,9760,1358120
FINNIFTY02JAN2421550PE.NFO,02/01/2024,09:30:04,100.35,100.2,960,100.5,720,7400,1358120
FINNIFTY02JAN2421550PE.NFO,02/01/2024,09:30:05,100.6,100.65,160,100.8,40,5720,1358120
FINNIFTY02JAN2421550PE.NFO,02/01/2024,09:30:06,101.95,101.95,120,102.15,720,9120,1358120
FINNIFTY02JAN2421550PE.NFO,02/01/2024,09:30:07,101.55,101.4,480,101.6,80,1280,1358120
FINNIFTY02JAN2421550PE.NFO,02/01/2024,09:30:08,101.45,101.35,640,101.6,120,2120,1358120
FINNIFTY02JAN2421550PE.NFO,02/01/2024,09:30:09,100.65,100.3,160,100.65,40,2440,1358120
FINNIFTY02JAN2421550PE.NFO,02/01/2024,09:30:10,100.2,99.95,1400,100.15,40,1840,1358120
FINNIFTY02JAN2421550PE.NFO,02/01/2024,09:30:11,100.3,100.25,80,100.35,80,3760,1358120
FINNIFTY02JAN2421550PE.NFO,02/01/2024,09:30:12,99.8,99.7,200,99.95,120,3280,1358120
FINNIFTY02JAN2421550PE.NFO,02/01/2024,09:30:13,99.4,99.4,320,99.65,240,360,1358120
FINNIFTY02JAN2421550PE.NFO,02/01/2024,09:30:14,97.8,97.45,240,97.65,40,4760,1358120
FINNIFTY02JAN2421550PE.NFO,02/01/2024,09:30:15,97.4,97.35,160,97.45,200,1320,1358120
FINNIFTY02JAN2421550PE.NFO,02/01/2024,09:30:16,97.45,97.6,440,97.95,920,1800,1358120
FINNIFTY02JAN2421550PE.NFO,02/01/2024,09:30:17,97.5,97.5,720,97.75,240,1920,1358120
FINNIFTY02JAN2421550PE.NFO,02/01/2024,09:30:18,96.8,96.6,720,96.9,720,1760,1358120
FINNIFTY02JAN2421550PE.NFO,02/01/2024,09:30:19,95.1,95,200,95.3,320,4640,1358120
FINNIFTY02JAN2421550PE.NFO,02/01/2024,09:30:20,95.35,95.1,160,95.35,280,7640,1358120
FINNIFTY02JAN2421550PE.NFO,02/01/2024,09:30:21,95.75,96.05,240,96.3,200,4840,1358120
FINNIFTY02JAN2421550PE.NFO,02/01/2024,09:30:22,96.6,96.7,160,97,960,2240,1358120
FINNIFTY02JAN2421550PE.NFO,02/01/2024,09:30:23,97.1,96.85,200,97.05,760,1080,1358120
FINNIFTY02JAN2421550PE.NFO,02/01/2024,09:30:24,97.35,97.25,840,97.55,40,1160,1358120
FINNIFTY02JAN2421550PE.NFO,02/01/2024,09:30:25,97.3,97.45,1120,97.8,200,40,1358120
FINNIFTY02JAN2421550PE.NFO,02/01/2024,09:30:26,97.9,97.85,200,98.15,640,2520,1358120
FINNIFTY02JAN2421550PE.NFO,02/01/2024,09:30:27,98.1,98.2,160,98.5,200,1040,1358120
FINNIFTY02JAN2421550PE.NFO,02/01/2024,09:30:28,98.4,98.45,160,98.75,120,4840,1358120
FINNIFTY02JAN2421550PE.NFO,02/01/2024,09:30:29,98.35,98.3,160,98.55,720,280,1358120
FINNIFTY02JAN2421550PE.NFO,02/01/2024,09:30:30,98.65,98.7,80,98.9,80,800,1358120
FINNIFTY02JAN2421550PE.NFO,02/01/2024,09:30:31,99.5,100,840,100.35,120,3560,1358120
FINNIFTY02JAN2421550PE.NFO,02/01/2024,09:30:32,100.3,100,720,100.35,120,120,1358120
FINNIFTY02JAN2421550PE.NFO,02/01/2024,09:30:33,99.55,99.55,640,99.8,80,2640,1358120
FINNIFTY02JAN2421550PE.NFO,02/01/2024,09:30:34,99.45,99.4,800,99.7,200,1680,1358120
FINNIFTY02JAN2421550PE.NFO,02/01/2024,09:30:35,99.05,99.1,120,99.4,200,400,1358120
FINNIFTY02JAN2421550PE.NFO,02/01/2024,09:30:36,99.1,99.05,160,99.35,40,2760,1358120
FINNIFTY02JAN2421550PE.NFO,02/01/2024,09:30:37,98.95,98.8,120,99.05,200,160,1358120
FINNIFTY02JAN2421550PE.NFO,02/01/2024,09:30:38,99.7,99.8,280,100.15,120,1000,1358120
FINNIFTY02JAN2421550PE.NFO,02/01/2024,09:30:39,99.6,99.25,280,99.55,40,640,1358120
FINNIFTY02JAN2421550PE.NFO,02/01/2024,09:30:40,98.7,98.05,80,98.35,200,5960,1358120
FINNIFTY02JAN2421550PE.NFO,02/01/2024,09:30:41,97.5,97.35,640,97.65,160,3280,1358120
FINNIFTY02JAN2421550PE.NFO,02/01/2024,09:30:42,97.4,97.35,120,97.65,120,40,1358120
FINNIFTY02JAN2421550PE.NFO,02/01/2024,09:30:43,98.8,98.65,400,98.9,240,2240,1358120
FINNIFTY02JAN2421550PE.NFO,02/01/2024,09:30:44,99.1,98.7,1360,99,640,720,1358120
FINNIFTY02JAN2421550PE.NFO,02/01/2024,09:30:45,98.45,98.15,160,98.5,400,840,1358120
FINNIFTY02JAN2421550PE.NFO,02/01/2024,09:30:46,98.25,98.35,120,98.6,160,160,1358120
FINNIFTY02JAN2421550PE.NFO,02/01/2024,09:30:47,98.15,98.3,200,98.55,80,360,1358120
FINNIFTY02JAN2421550PE.NFO,02/01/2024,09:30:48,98.9,98.55,120,98.8,160,3880,1358120
FINNIFTY02JAN2421550PE.NFO,02/01/2024,09:30:49,98.75,98.45,120,98.7,560,4720,1358120
FINNIFTY02JAN2421550PE.NFO,02/01/2024,09:30:50,98.6,98.65,120,98.95,200,1440,1358120
FINNIFTY02JAN2421550PE.NFO,02/01/2024,09:30:51,99.25,98.75,360,99.1,800,1800,1358120
FINNIFTY02JAN2421550PE.NFO,02/01/2024,09:30:53,98.5,98.3,760,98.5,160,1440,1358120
FINNIFTY02JAN2421550PE.NFO,02/01/2024,09:30:53,98.5,98.4,120,98.65,800,0,1358120
FINNIFTY02JAN2421550PE.NFO,02/01/2024,09:30:54,98.8,98.85,120,99.15,680,1680,1358120
FINNIFTY02JAN2421550PE.NFO,02/01/2024,09:30:55,98.85,99.05,120,99.3,240,520,1358120
FINNIFTY02JAN2421550PE.NFO,02/01/2024,09:30:56,99.35,99.45,840,99.75,560,280,1358120
FINNIFTY02JAN2421550PE.NFO,02/01/2024,09:30:58,100.2,99.7,40,99.95,960,2360,1358120
FINNIFTY02JAN2421550PE.NFO,02/01/2024,09:30:58,100,99.7,120,99.95,120,920,1358120
FINNIFTY02JAN2421550PE.NFO,02/01/2024,09:30:59,99.8,99.75,760,99.95,80,360,1358120
FINNIFTY02JAN2421550PE.NFO,02/01/2024,09:31:00,100.4,100.45,240,100.7,200,3520,1358120
FINNIFTY02JAN2421550PE.NFO,02/01/2024,09:31:01,100.3,100.2,80,100.4,120,6280,1358120
FINNIFTY02JAN2421550PE.NFO,02/01/2024,09:31:03,101.3,101.05,320,101.4,320,5200,1358120
FINNIFTY02JAN2421550PE.NFO,02/01/2024,09:31:03,101.3,100.9,160,101.2,200,0,1358120
FINNIFTY02JAN2421550PE.NFO,02/01/2024,09:31:04,101.5,101.4,240,101.6,160,3600,1358120
FINNIFTY02JAN2421550PE.NFO,02/01/2024,09:31:05,101.9,101.6,1240,101.9,120,1280,1358120
FINNIFTY02JAN2421550PE.NFO,02/01/2024,09:31:06,101.8,101.6,200,101.85,200,1840,1358120
FINNIFTY02JAN2421550PE.NFO,02/01/2024,09:31:07,101.45,101.6,280,101.8,40,2160,1358120
FINNIFTY02JAN2421550PE.NFO,02/01/2024,09:31:08,101.6,101.3,160,101.55,160,2240,1358120
FINNIFTY02JAN2421550PE.NFO,02/01/2024,09:31:10,101.15,100.85,160,101.2,1320,720,1358120
FINNIFTY02JAN2421550PE.NFO,02/01/2024,09:31:10,101.4,101.3,280,101.6,320,440,1358120
FINNIFTY02JAN2421550PE.NFO,02/01/2024,09:31:11,101.2,101.2,1080,101.55,200,520,1358120
FINNIFTY02JAN2421550PE.NFO,02/01/2024,09:31:12,102.3,101.95,200,102.25,80,1240,1358120
FINNIFTY02JAN2421550PE.NFO,02/01/2024,09:31:13,102.8,102.55,200,102.8,120,2760,1358120
FINNIFTY02JAN2421550PE.NFO,02/01/2024,09:31:15,104.35,104.2,280,104.45,40,1320,1358120
FINNIFTY02JAN2421550PE.NFO,02/01/2024,09:31:15,104.1,104.1,280,104.35,200,1040,1358120
FINNIFTY02JAN2421550PE.NFO,02/01/2024,09:31:16,104.8,104.5,720,104.8,200,4800,1358120
FINNIFTY02JAN2421550PE.NFO,02/01/2024,09:31:17,103.4,103.25,400,103.55,200,5200,1358120
FINNIFTY02JAN2421550PE.NFO,02/01/2024,09:31:18,103.05,102.95,320,103.3,240,2440,1358120
FINNIFTY02JAN2421550PE.NFO,02/01/2024,09:31:19,103.4,103.05,160,103.35,720,920,1358120
FINNIFTY02JAN2421550PE.NFO,02/01/2024,09:31:21,103.3,103.45,200,103.75,680,840,1358120
FINNIFTY02JAN2421550PE.NFO,02/01/2024,09:31:21,103.3,103.5,480,103.8,160,0,1358120
FINNIFTY02JAN2421550PE.NFO,02/01/2024,09:31:22,103.5,103.1,120,103.3,120,880,1358120
FINNIFTY02JAN2421550PE.NFO,02/01/2024,09:31:23,102.8,102.35,200,102.65,240,4320,1358120
FINNIFTY02JAN2421550PE.NFO,02/01/2024,09:31:24,102.95,102.6,320,102.85,120,400,1358120
FINNIFTY02JAN2421550PE.NFO,02/01/2024,09:31:26,100.35,100.3,80,100.55,480,48800,1358120
FINNIFTY02JAN2421550PE.NFO,02/01/2024,09:31:26,100.15,100.05,160,100.15,280,280,1358120
FINNIFTY02JAN2421550PE.NFO,02/01/2024,09:31:27,101.1,100.4,80,100.6,160,240,1358120
FINNIFTY02JAN2421550PE.NFO,02/01/2024,09:31:28,100.65,100.6,240,100.9,200,840,1358120
FINNIFTY02JAN2421550PE.NFO,02/01/2024,09:31:29,101.2,101.05,80,101.3,200,1560,1358120
FINNIFTY02JAN2421550PE.NFO,02/01/2024,09:31:30,100.9,101.15,1040,101.4,80,1160,1358120
FINNIFTY02JAN2421550PE.NFO,02/01/2024,09:31:31,102.15,101.6,40,101.8,200,680,1358120
FINNIFTY02JAN2421550PE.NFO,02/01/2024,09:31:33,102.25,101.55,200,101.8,680,640,1358120
FINNIFTY02JAN2421550PE.NFO,02/01/2024,09:31:34,102.55,102.45,160,102.7,200,520,1358120
FINNIFTY02JAN2421550PE.NFO,02/01/2024,09:31:35,103.65,103.4,200,103.6,160,600,1358120
FINNIFTY02JAN2421550PE.NFO,02/01/2024,09:31:36,103.25,102.9,80,103.15,240,320,1358120
FINNIFTY02JAN2421550PE.NFO,02/01/2024,09:31:37,102.75,103.15,280,103.3,40,2080,1358120
FINNIFTY02JAN2421550PE.NFO,02/01/2024,09:31:38,103.4,103.4,120,103.5,40,80,1358120
FINNIFTY02JAN2421550PE.NFO,02/01/2024,09:31:39,103.5,103.55,200,103.8,240,840,1358120
FINNIFTY02JAN2421550PE.NFO,02/01/2024,09:31:39,103.5,103.5,760,103.8,440,120,1358120
FINNIFTY02JAN2421550PE.NFO,02/01/2024,09:31:40,103.7,103.8,120,104,1240,3400,1358120
FINNIFTY02JAN2421550PE.NFO,02/01/2024,09:31:41,104.45,104.25,680,104.6,360,2160,1358120
FINNIFTY02JAN2421550PE.NFO,02/01/2024,09:31:42,104.4,104.15,40,104.4,1080,2680,1358120
FINNIFTY02JAN2421550PE.NFO,02/01/2024,09:31:43,104.5,103.95,840,104.2,80,240,1358120
FINNIFTY02JAN2421550PE.NFO,02/01/2024,09:31:45,103.45,103.45,560,103.7,240,2720,1358120
FINNIFTY02JAN2421550PE.NFO,02/01/2024,09:31:46,102.55,102.55,120,102.75,40,1120,1358120
FINNIFTY02JAN2421550PE.NFO,02/01/2024,09:31:46,102.55,102.7,280,103.05,40,80,1358120
FINNIFTY02JAN2421550PE.NFO,02/01/2024,09:31:47,103.15,103.15,280,103.4,600,2000,1358120
FINNIFTY02JAN2421550PE.NFO,02/01/2024,09:31:48,102.6,102.6,80,102.85,560,1560,1358120
FINNIFTY02JAN2421550PE.NFO,02/01/2024,09:31:49,102.6,102.5,1520,102.85,240,320,1358120
FINNIFTY02JAN2421550PE.NFO,02/01/2024,09:31:51,103.45,103,640,103.25,120,1760,1358120
FINNIFTY02JAN2421550PE.NFO,02/01/2024,09:31:51,103.3,103.1,40,103.35,280,80,1358120
FINNIFTY02JAN2421550PE.NFO,02/01/2024,09:31:52,104,103.7,40,103.95,560,2880,1358120
FINNIFTY02JAN2421550PE.NFO,02/01/2024,09:31:53,104,103.8,1000,104.05,120,9040,1358120
FINNIFTY02JAN2421550PE.NFO,02/01/2024,09:31:54,105.35,105.25,80,105.5,640,12320,1358120
FINNIFTY02JAN2421550PE.NFO,02/01/2024,09:31:55,105,104.95,1240,105.3,440,4040,1358120
FINNIFTY02JAN2421550PE.NFO,02/01/2024,09:31:57,105.9,105.55,160,105.85,280,1200,1358120
FINNIFTY02JAN2421550PE.NFO,02/01/2024,09:31:57,105.9,105.25,640,105.45,40,0,1358120
FINNIFTY02JAN2421550PE.NFO,02/01/2024,09:31:58,104.15,104.3,80,104.55,200,1840,1358120
FINNIFTY02JAN2421550PE.NFO,02/01/2024,09:31:59,104,104.2,160,104.5,360,800,1358120
FINNIFTY02JAN2421550PE.NFO,02/01/2024,09:32:00,104.65,104.45,680,104.7,360,1760,1358120
FINNIFTY02JAN2421550PE.NFO,02/01/2024,09:32:02,104.7,104.55,160,104.75,120,4840,1358120
FINNIFTY02JAN2421550PE.NFO,02/01/2024,09:32:02,104.7,104.5,640,104.7,480,40,1358120
FINNIFTY02JAN2421550PE.NFO,02/01/2024,09:32:03,105.3,105.1,160,105.4,120,1560,1358120
FINNIFTY02JAN2421550PE.NFO,02/01/2024,09:32:04,106.2,106.05,1120,106.35,80,2800,1358120
FINNIFTY02JAN2421550PE.NFO,02/01/2024,09:32:05,105.9,105.95,80,106.2,80,1720,1358120
FINNIFTY02JAN2421550PE.NFO,02/01/2024,09:32:06,106.45,106.4,160,106.65,120,2600,1358120
FINNIFTY02JAN2421550PE.NFO,02/01/2024,09:32:08,106.3,106.5,600,106.75,160,6280,1358120
FINNIFTY02JAN2421550PE.NFO,02/01/2024,09:32:08,106.35,106.3,320,106.5,160,280,1358120
FINNIFTY02JAN2421550PE.NFO,02/01/2024,09:32:09,106.7,106.45,80,106.7,120,6320,1358120
FINNIFTY02JAN2421550PE.NFO,02/01/2024,09:32:10,106,105.85,40,106.05,40,2200,1358120
FINNIFTY02JAN2421550PE.NFO,02/01/2024,09:32:11,105.35,105.55,80,105.85,120,1880,1358120
FINNIFTY02JAN2421550PE.NFO,02/01/2024,09:32:13,103.9,103.95,40,104.15,80,2440,1358120
FINNIFTY02JAN2421550PE.NFO,02/01/2024,09:32:13,103.95,104,40,104.3,40,40,1358120
FINNIFTY02JAN2421550PE.NFO,02/01/2024,09:32:14,105.25,105.15,560,105.45,160,560,1358120
FINNIFTY02JAN2421550PE.NFO,02/01/2024,09:32:15,106,106,80,106.25,120,1240,1358120
FINNIFTY02JAN2421550PE.NFO,02/01/2024,09:32:16,106.25,106.25,760,106.55,120,360,1358120
FINNIFTY02JAN2421550PE.NFO,02/01/2024,09:32:18,107.05,107.15,280,107.5,240,1880,1358120
FINNIFTY02JAN2421550PE.NFO,02/01/2024,09:32:18,107.15,107.05,80,107.25,840,40,1358120
FINNIFTY02JAN2421550PE.NFO,02/01/2024,09:32:19,109.3,108.85,280,109.1,160,8920,1358120
FINNIFTY02JAN2421550PE.NFO,02/01/2024,09:32:20,109.05,108.55,120,108.8,200,2760,1358120
FINNIFTY02JAN2421550PE.NFO,02/01/2024,09:32:21,108.45,108.25,120,108.5,200,3520,1358120
FINNIFTY02JAN2421550PE.NFO,02/01/2024,09:32:22,107.75,108,600,108.35,120,4000,1358120
FINNIFTY02JAN2421550PE.NFO,02/01/2024,09:32:23,109.25,109.1,200,109.4,920,3840,1358120
FINNIFTY02JAN2421550PE.NFO,02/01/2024,09:32:24,109.2,108.95,160,109.25,40,960,1358120
FINNIFTY02JAN2421550PE.NFO,02/01/2024,09:32:25,109.4,109.35,280,109.65,360,1240,1358120
FINNIFTY02JAN2421550PE.NFO,02/01/2024,09:32:27,108.6,108.25,720,108.6,760,3080,1358120
FINNIFTY02JAN2421550PE.NFO,02/01/2024,09:32:27,108.5,108.1,160,108.45,1080,120,1358120
FINNIFTY02JAN2421550PE.NFO,02/01/2024,09:32:28,108.15,107.65,120,107.95,160,880,1358120
FINNIFTY02JAN2421550PE.NFO,02/01/2024,09:32:29,106.85,106.8,80,107.05,160,2440,1358120
FINNIFTY02JAN2421550PE.NFO,02/01/2024,09:32:30,106.9,106.9,120,107.2,80,1080,1402960
FINNIFTY02JAN2421550PE.NFO,02/01/2024,09:32:31,106.75,106.5,960,106.8,520,4800,1402960
FINNIFTY02JAN2421550PE.NFO,02/01/2024,09:32:32,107.1,107.1,120,107.4,440,880,1402960
FINNIFTY02JAN2421550PE.NFO,02/01/2024,09:32:33,107.1,107.1,120,107.4,1360,280,1402960
FINNIFTY02JAN2421550PE.NFO,02/01/2024,09:32:35,107.9,107.7,160,107.95,640,2160,1402960
FINNIFTY02JAN2421550PE.NFO,02/01/2024,09:32:36,107.65,107.6,680,107.9,640,1120,1402960
FINNIFTY02JAN2421550PE.NFO,02/01/2024,09:32:37,108.9,108.7,120,108.9,80,2200,1402960
FINNIFTY02JAN2421550PE.NFO,02/01/2024,09:32:38,109.45,109.3,200,109.6,400,1920,1402960
FINNIFTY02JAN2421550PE.NFO,02/01/2024,09:32:39,109.6,109.4,80,109.6,80,320,1402960
FINNIFTY02JAN2421550PE.NFO,02/01/2024,09:32:40,109.55,109.4,120,109.65,120,7120,1402960
FINNIFTY02JAN2421550PE.NFO,02/01/2024,09:32:41,108.4,108.4,320,108.75,40,2600,1402960
FINNIFTY02JAN2421550PE.NFO,02/01/2024,09:32:42,109.1,108.95,80,109.25,80,4760,1402960
FINNIFTY02JAN2421550PE.NFO,02/01/2024,09:32:43,109.45,109.45,80,109.75,1000,1240,1402960
FINNIFTY02JAN2421550PE.NFO,02/01/2024,09:32:44,109.1,108.9,680,109.2,200,1440,1402960
FINNIFTY02JAN2421550PE.NFO,02/01/2024,09:32:45,108.7,108.95,80,109.2,40,2280,1402960
FINNIFTY02JAN2421550PE.NFO,02/01/2024,09:32:46,109.45,109.45,120,109.7,120,1480,1402960
FINNIFTY02JAN2421550PE.NFO,02/01/2024,09:32:47,109,108.9,800,109.15,120,2080,1402960
FINNIFTY02JAN2421550PE.NFO,02/01/2024,09:32:48,109.05,108.7,400,109,1120,2240,1402960
FINNIFTY02JAN2421550PE.NFO,02/01/2024,09:32:49,107.55,107.45,120,107.7,80,4680,1402960
FINNIFTY02JAN2421550PE.NFO,02/01/2024,09:32:50,107.3,107.25,760,107.6,200,520,1402960
FINNIFTY02JAN2421550PE.NFO,02/01/2024,09:32:51,108.2,108.2,800,108.5,160,1800,1402960
FINNIFTY02JAN2421550PE.NFO,02/01/2024,09:32:52,108,107.8,160,108.1,160,4080,1402960
FINNIFTY02JAN2421550PE.NFO,02/01/2024,09:32:52,108,107.85,120,108.1,120,0,1402960
FINNIFTY02JAN2421550PE.NFO,02/01/2024,09:32:53,109.2,109,120,109.3,1080,3760,1402960
FINNIFTY02JAN2421550PE.NFO,02/01/2024,09:32:54,108.25,107.7,40,107.95,1440,3200,1402960
FINNIFTY02JAN2421550PE.NFO,02/01/2024,09:32:55,108.2,107.95,160,108.2,760,3840,1402960
FINNIFTY02JAN2421550PE.NFO,02/01/2024,09:32:56,107.85,107.95,160,108.3,1320,4960,1402960
FINNIFTY02JAN2421550PE.NFO,02/01/2024,09:32:57,108.3,108.05,480,108.35,160,4920,1402960
FINNIFTY02JAN2421550PE.NFO,02/01/2024,09:32:58,108,107.65,160,107.95,480,4280,1402960
FINNIFTY02JAN2421550PE.NFO,02/01/2024,09:32:59,107.05,106.7,80,106.9,40,9440,1402960
FINNIFTY02JAN2421550PE.NFO,02/01/2024,09:33:00,107.3,106.95,640,107.25,200,2200,1402960
FINNIFTY02JAN2421550PE.NFO,02/01/2024,09:33:01,106.65,106.65,440,107,200,2760,1402960
FINNIFTY02JAN2421550PE.NFO,02/01/2024,09:33:02,106.45,106.2,840,106.5,160,680,1402960
FINNIFTY02JAN2421550PE.NFO,02/01/2024,09:33:03,106.7,106.35,320,106.6,40,1280,1402960
FINNIFTY02JAN2421550PE.NFO,02/01/2024,09:33:04,106.55,106.3,240,106.6,200,680,1402960
FINNIFTY02JAN2421550PE.NFO,02/01/2024,09:33:05,106.2,106.2,160,106.5,80,640,1402960
FINNIFTY02JAN2421550PE.NFO,02/01/2024,09:33:06,106.75,106.5,120,106.8,1400,3480,1402960
FINNIFTY02JAN2421550PE.NFO,02/01/2024,09:33:08,107.3,107,200,107.3,680,1120,1402960
FINNIFTY02JAN2421550PE.NFO,02/01/2024,09:33:09,106.7,106.45,680,106.8,1320,3040,1402960
FINNIFTY02JAN2421550PE.NFO,02/01/2024,09:33:09,106.95,106.7,160,106.95,320,1800,1402960
FINNIFTY02JAN2421550PE.NFO,02/01/2024,09:33:10,106.9,106.6,200,106.9,760,1920,1402960
FINNIFTY02JAN2421550PE.NFO,02/01/2024,09:33:11,107.45,107.3,40,107.5,720,600,1402960
FINNIFTY02JAN2421550PE.NFO,02/01/2024,09:33:13,107.25,107.5,320,107.75,1000,200,1402960
FINNIFTY02JAN2421550PE.NFO,02/01/2024,09:33:14,108.25,108.1,480,108.4,720,920,1402960
FINNIFTY02JAN2421550PE.NFO,02/01/2024,09:33:14,108.25,108.05,200,108.3,120,0,1402960
FINNIFTY02JAN2421550PE.NFO,02/01/2024,09:33:15,109.5,109.35,80,109.5,600,1080,1402960
FINNIFTY02JAN2421550PE.NFO,02/01/2024,09:33:16,109.1,110.15,80,110.45,520,6280,1402960
FINNIFTY02JAN2421550PE.NFO,02/01/2024,09:33:18,110.15,109.6,80,109.85,440,1800,1402960
FINNIFTY02JAN2421550PE.NFO,02/01/2024,09:33:19,108.75,108.5,760,108.8,80,2280,1402960
FINNIFTY02JAN2421550PE.NFO,02/01/2024,09:33:19,108.35,108.7,600,109,280,2200,1402960
FINNIFTY02JAN2421550PE.NFO,02/01/2024,09:33:20,109.6,109.15,80,109.45,760,9360,1402960
FINNIFTY02JAN2421550PE.NFO,02/01/2024,09:33:21,109.1,108.75,120,109.05,160,120,1402960
FINNIFTY02JAN2421550PE.NFO,02/01/2024,09:33:22,109.2,109.5,280,109.8,160,1800,1402960
FINNIFTY02JAN2421550PE.NFO,02/01/2024,09:33:24,108.75,109.55,80,109.9,1200,9120,1402960
FINNIFTY02JAN2421550PE.NFO,02/01/2024,09:33:25,109.65,109.75,200,110.05,720,2600,1402960
FINNIFTY02JAN2421550PE.NFO,02/01/2024,09:33:25,110.15,110.45,240,110.7,680,40,1402960
FINNIFTY02JAN2421550PE.NFO,02/01/2024,09:33:26,110.3,110.45,200,110.7,800,2960,1402960
FINNIFTY02JAN2421550PE.NFO,02/01/2024,09:33:27,110.6,110.55,120,110.8,240,2160,1402960
FINNIFTY02JAN2421550PE.NFO,02/01/2024,09:33:29,110.85,110.65,160,110.95,760,640,1402960
FINNIFTY02JAN2421550PE.NFO,02/01/2024,09:33:30,110.3,110.1,200,110.4,920,2080,1402960
FINNIFTY02JAN2421550PE.NFO,02/01/2024,09:33:30,110.05,110,1400,110.15,200,400,1402960
FINNIFTY02JAN2421550PE.NFO,02/01/2024,09:33:31,109.3,109.4,720,109.75,1560,3000,1402960
FINNIFTY02JAN2421550PE.NFO,02/01/2024,09:33:32,108.8,108.4,720,108.6,80,640,1402960
FINNIFTY02JAN2421550PE.NFO,02/01/2024,09:33:34,108.55,108.4,480,108.7,640,680,1402960
FINNIFTY02JAN2421550PE.NFO,02/01/2024,09:33:35,108.85,109.25,200,109.55,960,2200,1402960
FINNIFTY02JAN2421550PE.NFO,02/01/2024,09:33:35,109.45,109.15,80,109.4,400,1000,1402960
FINNIFTY02JAN2421550PE.NFO,02/01/2024,09:33:36,109.45,109.25,120,109.55,640,5400,1402960
FINNIFTY02JAN2421550PE.NFO,02/01/2024,09:33:37,108,107.75,760,108,640,5320,1402960
FINNIFTY02JAN2421550PE.NFO,02/01/2024,09:33:39,108.05,108,160,108.3,680,2120,1402960
FINNIFTY02JAN2421550PE.NFO,02/01/2024,09:33:40,108.35,108.4,1320,108.7,80,720,1402960
FINNIFTY02JAN2421550PE.NFO,02/01/2024,09:33:40,108.35,108.25,720,108.5,160,0,1402960
FINNIFTY02JAN2421550PE.NFO,02/01/2024,09:33:41,109.4,108.95,640,109.2,320,2920,1402960
FINNIFTY02JAN2421550PE.NFO,02/01/2024,09:33:42,108.2,108,160,108.2,400,200,1402960
FINNIFTY02JAN2421550PE.NFO,02/01/2024,09:33:44,107.2,106.75,160,107,40,3120,1402960
FINNIFTY02JAN2421550PE.NFO,02/01/2024,09:33:45,107,106.7,80,106.95,280,760,1402960
FINNIFTY02JAN2421550PE.NFO,02/01/2024,09:33:45,106.45,106.5,440,106.8,160,1080,1402960
FINNIFTY02JAN2421550PE.NFO,02/01/2024,09:33:46,107.35,107.3,600,107.65,280,560,1402960
FINNIFTY02JAN2421550PE.NFO,02/01/2024,09:33:47,107.2,107.1,200,107.45,320,80,1402960
FINNIFTY02JAN2421550PE.NFO,02/01/2024,09:33:48,107.2,107,80,107.3,560,2040,1402960
FINNIFTY02JAN2421550PE.NFO,02/01/2024,09:33:49,106.75,106.2,120,106.5,840,360,1402960
FINNIFTY02JAN2421550PE.NFO,02/01/2024,09:33:50,104.9,104.9,200,105.15,240,11280,1402960
FINNIFTY02JAN2421550PE.NFO,02/01/2024,09:33:51,104.95,105,40,105.2,80,80,1402960
FINNIFTY02JAN2421550PE.NFO,02/01/2024,09:33:52,103.9,103.85,200,104.05,40,5760,1402960
FINNIFTY02JAN2421550PE.NFO,02/01/2024,09:33:53,103.6,103.4,200,103.65,960,280,1402960
FINNIFTY02JAN2421550PE.NFO,02/01/2024,09:33:54,104,104.15,80,104.4,520,200,1402960
FINNIFTY02JAN2421550PE.NFO,02/01/2024,09:33:55,103.95,104.05,360,104.3,120,960,1402960
FINNIFTY02JAN2421550PE.NFO,02/01/2024,09:33:56,103.95,103.85,200,104.2,1120,960,1402960
FINNIFTY02JAN2421550PE.NFO,02/01/2024,09:33:57,104.6,104.25,280,104.55,640,960,1402960
FINNIFTY02JAN2421550PE.NFO,02/01/2024,09:33:58,103.95,104.15,200,104.45,720,80,1402960
FINNIFTY02JAN2421550PE.NFO,02/01/2024,09:33:59,104.8,104.8,1080,105.1,200,480,1402960
FINNIFTY02JAN2421550PE.NFO,02/01/2024,09:34:01,104.4,104.25,280,104.55,80,2960,1402960
FINNIFTY02JAN2421550PE.NFO,02/01/2024,09:34:02,105.85,105.6,40,105.8,120,1640,1402960
FINNIFTY02JAN2421550PE.NFO,02/01/2024,09:34:02,105.5,105.4,640,105.65,120,120,1402960
FINNIFTY02JAN2421550PE.NFO,02/01/2024,09:34:03,105.75,105.8,120,106,40,1040,1402960
FINNIFTY02JAN2421550PE.NFO,02/01/2024,09:34:04,105.5,105.6,640,105.85,80,1360,1402960
FINNIFTY02JAN2421550PE.NFO,02/01/2024,09:34:06,105.7,105.95,720,106.25,160,2760,1402960
FINNIFTY02JAN2421550PE.NFO,02/01/2024,09:34:07,105.95,106.05,120,106.35,280,320,1402960
FINNIFTY02JAN2421550PE.NFO,02/01/2024,09:34:08,106.55,106.4,80,106.7,560,280,1402960
FINNIFTY02JAN2421550PE.NFO,02/01/2024,09:34:08,106.55,106.7,120,107,1600,0,1402960
FINNIFTY02JAN2421550PE.NFO,02/01/2024,09:34:09,106.25,106.05,200,106.35,800,2760,1402960
FINNIFTY02JAN2421550PE.NFO,02/01/2024,09:34:10,107,106.7,760,107,40,80,1402960
FINNIFTY02JAN2421550PE.NFO,02/01/2024,09:34:11,106.95,106.95,160,107.2,160,480,1402960
FINNIFTY02JAN2421550PE.NFO,02/01/2024,09:34:13,107.05,106.65,80,106.85,80,520,1402960
