Ticker,Date,Time,LTP,BuyPrice,BuyQty,SellPrice,SellQty,LTQ,OpenInterest
FINNIFTY02JAN2421450PE.NFO,02/01/2024,09:15:00,46.8,47.65,80,50.8,320,1240,1332080
FINNIFTY02JAN2421450PE.NFO,02/01/2024,09:15:00,46.8,47.65,80,50.8,320,0,1332080
FINNIFTY02JAN2421450PE.NFO,02/01/2024,09:15:00,51.5,47.65,80,50.8,320,0,1332080
FINNIFTY02JAN2421450PE.NFO,02/01/2024,09:15:00,45.45,47.65,80,50.8,320,0,1332080
FINNIFTY02JAN2421450PE.NFO,02/01/2024,09:15:00,51.95,48.25,40,51.95,320,3160,1332080
FINNIFTY02JAN2421450PE.NFO,02/01/2024,09:15:00,54.8,48.25,40,51.95,320,0,1332080
FINNIFTY02JAN2421450PE.NFO,02/01/2024,09:15:01,51.1,55.05,120,56.65,360,15840,1332080
FINNIFTY02JAN2421450PE.NFO,02/01/2024,09:15:01,60.8,55.05,120,56.65,360,0,1332080
FINNIFTY02JAN2421450PE.NFO,02/01/2024,09:15:02,62.2,61.95,320,63.7,120,29240,1332080
FINNIFTY02JAN2421450PE.NFO,02/01/2024,09:15:02,64.9,61.95,320,63.7,120,0,1332080
FINNIFTY02JAN2421450PE.NFO,02/01/2024,09:15:04,68.7,69,160,69.6,80,75040,1332080
FINNIFTY02JAN2421450PE.NFO,02/01/2024,09:15:04,75,69,160,69.6,80,0,1332080
FINNIFTY02JAN2421450PE.NFO,02/01/2024,09:15:05,64.1,63.6,40,64.1,120,44520,1332080
FINNIFTY02JAN2421450PE.NFO,02/01/2024,09:15:06,64.25,63.7,120,64.55,80,46160,1332080
FINNIFTY02JAN2421450PE.NFO,02/01/2024,09:15:07,64.25,63.35,320,64.35,80,39920,1332080
FINNIFTY02JAN2421450PE.NFO,02/01/2024,09:15:08,63.2,63.05,120,63.2,200,36200,1332080
FINNIFTY02JAN2421450PE.NFO,02/01/2024,09:15:09,66.3,66.3,760,66.9,360,47480,1332080
FINNIFTY02JAN2421450PE.NFO,02/01/2024,09:15:10,68.2,67.8,120,68.15,560,68160,1332080
FINNIFTY02JAN2421450PE.NFO,02/01/2024,09:15:10,70.45,70.45,240,70.95,120,12240,1332080
FINNIFTY02JAN2421450PE.NFO,02/01/2024,09:15:11,68,67.75,120,68,440,81760,1332080
FINNIFTY02JAN2421450PE.NFO,02/01/2024,09:15:12,69.05,69.05,240,69.1,120,82320,1332080
FINNIFTY02JAN2421450PE.NFO,02/01/2024,09:15:14,67,66.85,360,67,1320,47560,1332080
FINNIFTY02JAN2421450PE.NFO,02/01/2024,09:15:15,66.25,66.25,40,66.5,80,45080,1332080
FINNIFTY02JAN2421450PE.NFO,02/01/2024,09:15:16,67.25,67.25,40,67.4,40,51000,1332080
FINNIFTY02JAN2421450PE.NFO,02/01/2024,09:15:17,67.85,67.85,360,67.9,80,55040,1332080
FINNIFTY02JAN2421450PE.NFO,02/01/2024,09:15:18,63.2,63.25,40,63.9,960,56400,1332080
FINNIFTY02JAN2421450PE.NFO,02/01/2024,09:15:18,64.35,64.35,800,64.85,640,14400,1332080
FINNIFTY02JAN2421450PE.NFO,02/01/2024,09:15:19,64,63.35,160,63.95,160,49400,1332080
FINNIFTY02JAN2421450PE.NFO,02/01/2024,09:15:20,64.2,63.7,1000,64.2,80,30200,1332080
FINNIFTY02JAN2421450PE.NFO,02/01/2024,09:15:22,65.4,65,800,65.4,120,42560,1332080
FINNIFTY02JAN2421450PE.NFO,02/01/2024,09:15:23,64.65,64.65,9520,65,200,45840,1332080
FINNIFTY02JAN2421450PE.NFO,02/01/2024,09:15:24,66.5,66.5,240,66.85,160,26520,1332080
FINNIFTY02JAN2421450PE.NFO,02/01/2024,09:15:25,66.6,66.15,1240,66.55,160,41800,1332080
FINNIFTY02JAN2421450PE.NFO,02/01/2024,09:15:25,66.05,66.05,40,66.3,440,5960,1332080
FINNIFTY02JAN2421450PE.NFO,02/01/2024,09:15:27,66.35,66,680,66.4,40,36320,1332080
FINNIFTY02JAN2421450PE.NFO,02/01/2024,09:15:28,65.15,65,2560,65.15,200,28800,1332080
FINNIFTY02JAN2421450PE.NFO,02/01/2024,09:15:29,64.65,64.65,8240,65,600,25040,1332080
FINNIFTY02JAN2421450PE.NFO,02/01/2024,09:15:30,64.5,64.2,120,64.5,400,33440,1332080
FINNIFTY02JAN2421450PE.NFO,02/01/2024,09:15:31,63.65,63.65,280,64,280,27120,1332080
FINNIFTY02JAN2421450PE.NFO,02/01/2024,09:15:32,63.35,63.4,360,63.65,1000,39600,1332080
FINNIFTY02JAN2421450PE.NFO,02/01/2024,09:15:32,63.6,63.3,280,63.55,200,3280,1332080
FINNIFTY02JAN2421450PE.NFO,02/01/2024,09:15:34,63.8,63.8,120,63.9,1080,30560,1332080
FINNIFTY02JAN2421450PE.NFO,02/01/2024,09:15:35,64.2,64.3,240,64.4,360,24160,1332080
FINNIFTY02JAN2421450PE.NFO,02/01/2024,09:15:36,64.35,64.3,1000,64.5,520,27000,1332080
FINNIFTY02JAN2421450PE.NFO,02/01/2024,09:15:37,64.45,64.45,240,64.7,1240,15600,1332080
FINNIFTY02JAN2421450PE.NFO,02/01/2024,09:15:38,64.4,64.4,120,64.45,120,33920,1332080
FINNIFTY02JAN2421450PE.NFO,02/01/2024,09:15:39,62.85,62.65,480,62.85,760,33840,1332080
FINNIFTY02JAN2421450PE.NFO,02/01/2024,09:15:39,62.85,62.6,1720,62.85,200,2880,1332080
FINNIFTY02JAN2421450PE.NFO,02/01/2024,09:15:41,62.75,62.75,160,62.9,520,35320,1332080
FINNIFTY02JAN2421450PE.NFO,02/01/2024,09:15:42,62.8,62.7,720,62.8,120,27440,1332080
FINNIFTY02JAN2421450PE.NFO,02/01/2024,09:15:43,62.55,62.4,720,62.55,680,30280,1332080
FINNIFTY02JAN2421450PE.NFO,02/01/2024,09:15:44,62.15,62.15,80,62.4,1720,43520,1332080
FINNIFTY02JAN2421450PE.NFO,02/01/2024,09:15:45,62,62,2600,62.25,1720,29200,1332080
FINNIFTY02JAN2421450PE.NFO,02/01/2024,09:15:46,61.65,61.6,1800,61.9,1880,29280,1332080
FINNIFTY02JAN2421450PE.NFO,02/01/2024,09:15:46,61.65,61.75,880,61.9,160,2560,1332080
FINNIFTY02JAN2421450PE.NFO,02/01/2024,09:15:48,62.7,62.7,2360,62.9,240,34040,1332080
FINNIFTY02JAN2421450PE.NFO,02/01/2024,09:15:49,63.95,63.95,2600,64,40,26480,1332080
FINNIFTY02JAN2421450PE.NFO,02/01/2024,09:15:50,64.4,64.25,1000,64.4,40,27680,1332080
FINNIFTY02JAN2421450PE.NFO,02/01/2024,09:15:51,64.65,64.6,600,64.65,120,50400,1332080
FINNIFTY02JAN2421450PE.NFO,02/01/2024,09:15:52,64.1,64,120,64.15,440,48320,1332080
FINNIFTY02JAN2421450PE.NFO,02/01/2024,09:15:52,64.15,64.15,160,64.25,40,10920,1332080
FINNIFTY02JAN2421450PE.NFO,02/01/2024,09:15:53,64.1,64.1,40,64.3,400,32800,1332080
FINNIFTY02JAN2421450PE.NFO,02/01/2024,09:15:55,64.4,64.25,240,64.4,200,30160,1332080
FINNIFTY02JAN2421450PE.NFO,02/01/2024,09:15:56,64.85,64.85,40,65.05,360,22080,1332080
FINNIFTY02JAN2421450PE.NFO,02/01/2024,09:15:57,65.3,65.05,640,65.3,160,29120,1332080
FINNIFTY02JAN2421450PE.NFO,02/01/2024,09:15:58,64.6,64.55,320,64.75,160,32720,1332080
FINNIFTY02JAN2421450PE.NFO,02/01/2024,09:15:59,64.4,64.35,160,64.55,360,22120,1332080
FINNIFTY02JAN2421450PE.NFO,02/01/2024,09:16:00,63.05,63.05,680,63.25,240,44760,1332080
FINNIFTY02JAN2421450PE.NFO,02/01/2024,09:16:00,62.3,62.3,280,62.75,160,22520,1332080
FINNIFTY02JAN2421450PE.NFO,02/01/2024,09:16:02,61.25,61.25,240,61.5,200,81920,1332080
FINNIFTY02JAN2421450PE.NFO,02/01/2024,09:16:03,61.2,61.2,680,61.35,640,63360,1332080
FINNIFTY02JAN2421450PE.NFO,02/01/2024,09:16:04,60.85,60.7,200,60.85,520,53640,1332080
FINNIFTY02JAN2421450PE.NFO,02/01/2024,09:16:05,59.6,59.5,1960,59.75,40,84360,1332080
FINNIFTY02JAN2421450PE.NFO,02/01/2024,09:16:06,59.7,59.55,40,59.7,160,48080,1332080
FINNIFTY02JAN2421450PE.NFO,02/01/2024,09:16:06,58.8,58.5,40,58.8,1520,6240,1332080
FINNIFTY02JAN2421450PE.NFO,02/01/2024,09:16:08,58.4,58.25,80,58.4,880,51800,1332080
FINNIFTY02JAN2421450PE.NFO,02/01/2024,09:16:09,58.4,58.45,200,58.55,760,51280,1332080
FINNIFTY02JAN2421450PE.NFO,02/01/2024,09:16:10,59.4,59.4,160,59.65,760,55600,1332080
FINNIFTY02JAN2421450PE.NFO,02/01/2024,09:16:11,60.85,60.8,1160,60.95,7480,26360,1332080
FINNIFTY02JAN2421450PE.NFO,02/01/2024,09:16:12,60.65,60.4,360,60.65,720,31560,1332080
FINNIFTY02JAN2421450PE.NFO,02/01/2024,09:16:13,59.65,59.6,640,59.75,80,42760,1332080
FINNIFTY02JAN2421450PE.NFO,02/01/2024,09:16:13,59.75,59.55,600,59.75,200,1120,1332080
FINNIFTY02JAN2421450PE.NFO,02/01/2024,09:16:15,60.95,60.8,200,61,600,27920,1332080
FINNIFTY02JAN2421450PE.NFO,02/01/2024,09:16:16,60.95,61,80,61.1,200,15240,1332080
FINNIFTY02JAN2421450PE.NFO,02/01/2024,09:16:17,61.3,61.25,640,61.5,920,29440,1332080
FINNIFTY02JAN2421450PE.NFO,02/01/2024,09:16:18,61.95,61.75,120,61.85,160,23720,1332080
FINNIFTY02JAN2421450PE.NFO,02/01/2024,09:16:19,61.6,61.65,40,61.85,120,12680,1332080
FINNIFTY02JAN2421450PE.NFO,02/01/2024,09:16:20,62.9,62.7,200,62.9,40,17320,1332080
FINNIFTY02JAN2421450PE.NFO,02/01/2024,09:16:20,62.95,62.95,40,63.15,400,1600,1332080
FINNIFTY02JAN2421450PE.NFO,02/01/2024,09:16:21,63.55,63.45,200,63.65,280,21080,1332080
FINNIFTY02JAN2421450PE.NFO,02/01/2024,09:16:23,64.7,64.7,280,64.9,120,40720,1332080
FINNIFTY02JAN2421450PE.NFO,02/01/2024,09:16:24,63.8,63.65,200,63.8,560,43760,1332080
FINNIFTY02JAN2421450PE.NFO,02/01/2024,09:16:25,64.5,64.5,560,64.7,40,35760,1332080
FINNIFTY02JAN2421450PE.NFO,02/01/2024,09:16:26,64.95,64.7,120,64.9,120,43800,1332080
FINNIFTY02JAN2421450PE.NFO,02/01/2024,09:16:27,65.1,65.15,360,65.45,840,44200,1332080
FINNIFTY02JAN2421450PE.NFO,02/01/2024,09:16:28,65.45,65.3,40,65.45,360,47600,1332080
FINNIFTY02JAN2421450PE.NFO,02/01/2024,09:16:28,65.3,65.05,240,65.3,440,7400,1332080
FINNIFTY02JAN2421450PE.NFO,02/01/2024,09:16:30,63.8,63.85,240,64.1,1280,48120,1332080
FINNIFTY02JAN2421450PE.NFO,02/01/2024,09:16:31,63.5,63.5,120,63.75,1360,44360,1332080
FINNIFTY02JAN2421450PE.NFO,02/01/2024,09:16:32,64.15,64.15,440,64.5,680,32000,1332080
FINNIFTY02JAN2421450PE.NFO,02/01/2024,09:16:33,64.5,64.5,360,64.65,40,37360,1332080
FINNIFTY02JAN2421450PE.NFO,02/01/2024,09:16:34,64.75,64.75,880,64.95,200,22800,1332080
FINNIFTY02JAN2421450PE.NFO,02/01/2024,09:16:35,63.35,63.3,480,63.5,40,38520,1332080
FINNIFTY02JAN2421450PE.NFO,02/01/2024,09:16:35,63.55,63.3,1560,63.55,360,5480,1332080
FINNIFTY02JAN2421450PE.NFO,02/01/2024,09:16:36,64.15,63.85,960,64.15,1160,34680,1332080
FINNIFTY02JAN2421450PE.NFO,02/01/2024,09:16:38,64.7,64.65,440,64.85,400,12840,1332080
FINNIFTY02JAN2421450PE.NFO,02/01/2024,09:16:39,64.45,64.55,40,64.7,80,27400,1332080
FINNIFTY02JAN2421450PE.NFO,02/01/2024,09:16:40,64,63.75,120,63.95,240,39920,1332080
FINNIFTY02JAN2421450PE.NFO,02/01/2024,09:16:41,63.85,63.8,560,63.9,80,19640,1332080
FINNIFTY02JAN2421450PE.NFO,02/01/2024,09:16:42,63.4,63.3,200,63.45,320,10320,1332080
FINNIFTY02JAN2421450PE.NFO,02/01/2024,09:16:43,63.35,63.35,40,63.55,280,11480,1332080
FINNIFTY02JAN2421450PE.NFO,02/01/2024,09:16:43,63.45,63.25,840,63.45,5800,1520,1332080
FINNIFTY02JAN2421450PE.NFO,02/01/2024,09:16:45,61.05,61,4720,61.2,80,30480,1332080
FINNIFTY02JAN2421450PE.NFO,02/01/2024,09:16:46,61.25,61.25,80,61.4,240,20600,1332080
FINNIFTY02JAN2421450PE.NFO,02/01/2024,09:16:47,61.55,61.3,1840,61.55,280,17840,1332080
FINNIFTY02JAN2421450PE.NFO,02/01/2024,09:16:48,60.5,60.45,1200,60.65,80,12600,1332080
FINNIFTY02JAN2421450PE.NFO,02/01/2024,09:16:49,59.9,59.75,440,59.9,80,38680,1332080
FINNIFTY02JAN2421450PE.NFO,02/01/2024,09:16:50,59.85,59.85,320,60,2600,11880,1332080
FINNIFTY02JAN2421450PE.NFO,02/01/2024,09:16:50,60.6,60.55,440,60.75,200,9400,1332080
FINNIFTY02JAN2421450PE.NFO,02/01/2024,09:16:52,60.8,60.7,480,60.8,1480,12880,1332080
FINNIFTY02JAN2421450PE.NFO,02/01/2024,09:16:53,60.85,60.5,1120,60.7,840,14600,1332080
FINNIFTY02JAN2421450PE.NFO,02/01/2024,09:16:54,61.75,61.5,400,61.75,760,29200,1332080
FINNIFTY02JAN2421450PE.NFO,02/01/2024,09:16:55,62.05,61.8,280,62.05,320,13280,1332080
FINNIFTY02JAN2421450PE.NFO,02/01/2024,09:16:56,61.2,61.15,240,61.35,520,18720,1332080
FINNIFTY02JAN2421450PE.NFO,02/01/2024,09:16:56,61.6,61.6,80,61.85,1200,4640,1332080
FINNIFTY02JAN2421450PE.NFO,02/01/2024,09:16:57,60.95,60.9,1000,61.05,40,19120,1332080
FINNIFTY02JAN2421450PE.NFO,02/01/2024,09:16:59,60.65,60.4,1440,60.6,40,12800,1332080
FINNIFTY02JAN2421450PE.NFO,02/01/2024,09:17:00,60.25,60.1,200,60.3,160,21880,1332080
FINNIFTY02JAN2421450PE.NFO,02/01/2024,09:17:01,59.95,59.85,440,60,840,35400,1332080
FINNIFTY02JAN2421450PE.NFO,02/01/2024,09:17:02,61.2,61,880,61.2,1960,22800,1332080
FINNIFTY02JAN2421450PE.NFO,02/01/2024,09:17:03,60.25,60.15,640,60.3,680,37520,1332080
FINNIFTY02JAN2421450PE.NFO,02/01/2024,09:17:03,60.4,60.1,720,60.35,400,1480,1332080
FINNIFTY02JAN2421450PE.NFO,02/01/2024,09:17:04,61.3,61.3,120,61.45,1040,15160,1332080
FINNIFTY02JAN2421450PE.NFO,02/01/2024,09:17:06,60.8,60.85,40,61,120,12680,1332080
FINNIFTY02JAN2421450PE.NFO,02/01/2024,09:17:07,60.4,60.15,1640,60.4,640,23520,1332080
FINNIFTY02JAN2421450PE.NFO,02/01/2024,09:17:08,60.2,60.2,1160,60.4,440,16560,1332080
FINNIFTY02JAN2421450PE.NFO,02/01/2024,09:17:09,60.8,60.8,200,60.95,800,12080,1332080
FINNIFTY02JAN2421450PE.NFO,02/01/2024,09:17:10,61.1,61.05,800,61.25,240,14680,1332080
FINNIFTY02JAN2421450PE.NFO,02/01/2024,09:17:10,61.55,61.55,480,61.75,40,4520,1332080
FINNIFTY02JAN2421450PE.NFO,02/01/2024,09:17:12,61.55,61.5,80,61.7,1160,10600,1332080
FINNIFTY02JAN2421450PE.NFO,02/01/2024,09:17:13,60.9,60.9,280,61.15,1000,8160,1332080
FINNIFTY02JAN2421450PE.NFO,02/01/2024,09:17:14,60.9,60.9,680,61.15,440,3520,1332080
FINNIFTY02JAN2421450PE.NFO,02/01/2024,09:17:15,61,61,160,61.2,1960,9400,1332080
FINNIFTY02JAN2421450PE.NFO,02/01/2024,09:17:16,60.45,60.45,40,60.6,80,23480,1332080
FINNIFTY02JAN2421450PE.NFO,02/01/2024,09:17:16,60.35,60.35,920,60.55,200,2720,1332080
FINNIFTY02JAN2421450PE.NFO,02/01/2024,09:17:18,59.05,59.05,80,59.2,360,38360,1332080
FINNIFTY02JAN2421450PE.NFO,02/01/2024,09:17:19,58.3,58.4,160,58.55,280,33520,1332080
FINNIFTY02JAN2421450PE.NFO,02/01/2024,09:17:20,58.75,58.65,320,58.75,1160,26440,1332080
FINNIFTY02JAN2421450PE.NFO,02/01/2024,09:17:21,58.65,58.65,640,58.85,1080,34760,1332080
FINNIFTY02JAN2421450PE.NFO,02/01/2024,09:17:22,58.65,58.6,600,58.8,240,13880,1332080
FINNIFTY02JAN2421450PE.NFO,02/01/2024,09:17:23,59.3,59.05,640,59.3,80,15640,1332080
FINNIFTY02JAN2421450PE.NFO,02/01/2024,09:17:23,58.8,58.75,560,58.95,1240,1600,1332080
FINNIFTY02JAN2421450PE.NFO,02/01/2024,09:17:25,59.7,59.6,40,59.75,680,18760,1332080
FINNIFTY02JAN2421450PE.NFO,02/01/2024,09:17:26,59.35,59.25,2040,59.45,80,26640,1905280
FINNIFTY02JAN2421450PE.NFO,02/01/2024,09:17:27,59.85,59.85,160,60,1160,10760,1905280
FINNIFTY02JAN2421450PE.NFO,02/01/2024,09:17:28,60.8,60.75,40,60.9,40,14640,1905280
FINNIFTY02JAN2421450PE.NFO,02/01/2024,09:17:29,61.65,61.4,1080,61.55,200,18320,1905280
FINNIFTY02JAN2421450PE.NFO,02/01/2024,09:17:29,61.55,61.5,400,61.7,360,2000,1905280
FINNIFTY02JAN2421450PE.NFO,02/01/2024,09:17:31,61.65,61.6,1160,61.85,1160,40480,1905280
FINNIFTY02JAN2421450PE.NFO,02/01/2024,09:17:32,61.75,61.65,160,61.75,40,16240,1905280
FINNIFTY02JAN2421450PE.NFO,02/01/2024,09:17:33,61.05,60.9,360,61.1,560,63080,1905280
FINNIFTY02JAN2421450PE.NFO,02/01/2024,09:17:34,61.15,61,240,61.2,1600,14800,1905280
FINNIFTY02JAN2421450PE.NFO,02/01/2024,09:17:35,61.1,60.9,40,61.05,920,13920,1905280
FINNIFTY02JAN2421450PE.NFO,02/01/2024,09:17:36,61.15,60.95,1600,61.15,160,1680,1905280
FINNIFTY02JAN2421450PE.NFO,02/01/2024,09:17:37,61.15,61.05,2560,61.25,200,13600,1905280
FINNIFTY02JAN2421450PE.NFO,02/01/2024,09:17:38,59.3,59.35,1040,59.55,200,28720,1905280
FINNIFTY02JAN2421450PE.NFO,02/01/2024,09:17:39,61.35,61.2,200,61.35,80,18880,1905280
FINNIFTY02JAN2421450PE.NFO,02/01/2024,09:17:40,62.05,62.05,1520,62.25,280,13520,1905280
FINNIFTY02JAN2421450PE.NFO,02/01/2024,09:17:41,63.05,62.85,640,63.1,1760,27840,1905280
FINNIFTY02JAN2421450PE.NFO,02/01/2024,09:17:42,63.25,63.05,240,63.25,760,6560,1905280
FINNIFTY02JAN2421450PE.NFO,02/01/2024,09:17:43,62.6,62.35,240,62.55,200,24000,1905280
FINNIFTY02JAN2421450PE.NFO,02/01/2024,09:17:44,62.7,62.45,360,62.7,2160,34560,1905280
FINNIFTY02JAN2421450PE.NFO,02/01/2024,09:17:45,63.05,63.1,1000,63.3,400,24240,1905280
FINNIFTY02JAN2421450PE.NFO,02/01/2024,09:17:46,63.75,63.5,1880,63.75,120,28880,1905280
FINNIFTY02JAN2421450PE.NFO,02/01/2024,09:17:47,64.1,63.95,1480,64.25,240,28120,1905280
FINNIFTY02JAN2421450PE.NFO,02/01/2024,09:17:48,63.4,63.1,240,63.4,920,21200,1905280
FINNIFTY02JAN2421450PE.NFO,02/01/2024,09:17:49,62.95,62.95,600,63.2,520,1680,1905280
FINNIFTY02JAN2421450PE.NFO,02/01/2024,09:17:50,62.45,62.35,40,62.45,40,31160,1905280
FINNIFTY02JAN2421450PE.NFO,02/01/2024,09:17:51,62.4,62.15,320,62.4,2440,6880,1905280
FINNIFTY02JAN2421450PE.NFO,02/01/2024,09:17:52,62.1,61.95,800,62.15,40,22000,1905280
FINNIFTY02JAN2421450PE.NFO,02/01/2024,09:17:53,61.8,61.75,240,61.8,120,9080,1905280
FINNIFTY02JAN2421450PE.NFO,02/01/2024,09:17:54,62.6,62.65,960,62.8,40,11240,1905280
FINNIFTY02JAN2421450PE.NFO,02/01/2024,09:17:55,62.6,62.6,920,62.85,600,8920,1905280
FINNIFTY02JAN2421450PE.NFO,02/01/2024,09:17:56,62.5,62.6,80,62.75,880,2360,1905280
FINNIFTY02JAN2421450PE.NFO,02/01/2024,09:17:57,62.1,62.05,1080,62.3,40,12000,1905280
FINNIFTY02JAN2421450PE.NFO,02/01/2024,09:17:58,62.15,62.05,1040,62.25,200,16480,1905280
FINNIFTY02JAN2421450PE.NFO,02/01/2024,09:17:59,62.7,62.5,240,62.7,80,14000,1905280
FINNIFTY02JAN2421450PE.NFO,02/01/2024,09:18:00,62.4,62.25,1160,62.4,40,23680,1905280
FINNIFTY02JAN2421450PE.NFO,02/01/2024,09:18:01,61.95,61.95,760,62.2,840,49880,1905280
FINNIFTY02JAN2421450PE.NFO,02/01/2024,09:18:02,61.55,61.5,920,61.75,360,3760,1905280
FINNIFTY02JAN2421450PE.NFO,02/01/2024,09:18:03,61.3,61.15,640,61.3,240,9240,1905280
FINNIFTY02JAN2421450PE.NFO,02/01/2024,09:18:04,60.65,60.65,360,60.85,120,18240,1905280
FINNIFTY02JAN2421450PE.NFO,02/01/2024,09:18:05,60.9,60.8,120,60.95,480,16520,1905280
FINNIFTY02JAN2421450PE.NFO,02/01/2024,09:18:06,60.6,60.5,1400,60.75,560,17160,1905280
FINNIFTY02JAN2421450PE.NFO,02/01/2024,09:18:07,60.3,60.05,1200,60.3,600,13640,1905280
FINNIFTY02JAN2421450PE.NFO,02/01/2024,09:18:08,59.8,59.8,1280,60,1880,59600,1905280
FINNIFTY02JAN2421450PE.NFO,02/01/2024,09:18:09,60.4,60.35,720,60.55,720,3720,1905280
FINNIFTY02JAN2421450PE.NFO,02/01/2024,09:18:10,60.3,60.15,320,60.3,520,11160,1905280
FINNIFTY02JAN2421450PE.NFO,02/01/2024,09:18:11,61.05,61.1,880,61.2,800,25600,1905280
FINNIFTY02JAN2421450PE.NFO,02/01/2024,09:18:12,61.5,61.5,120,61.65,760,12800,1905280
FINNIFTY02JAN2421450PE.NFO,02/01/2024,09:18:13,60.9,60.85,120,61.05,840,20120,1905280
FINNIFTY02JAN2421450PE.NFO,02/01/2024,09:18:14,61.4,61.35,200,61.5,1400,9520,1905280
FINNIFTY02JAN2421450PE.NFO,02/01/2024,09:18:15,61.3,61,160,61.15,520,640,1905280
FINNIFTY02JAN2421450PE.NFO,02/01/2024,09:18:16,62,61.95,160,62.1,1280,11320,1905280
FINNIFTY02JAN2421450PE.NFO,02/01/2024,09:18:17,62.4,62.5,80,62.65,1120,9800,1905280
FINNIFTY02JAN2421450PE.NFO,02/01/2024,09:18:18,63.3,63.45,1240,63.7,640,37880,1905280
FINNIFTY02JAN2421450PE.NFO,02/01/2024,09:18:19,64.35,64.15,920,64.35,160,30480,1905280
FINNIFTY02JAN2421450PE.NFO,02/01/2024,09:18:20,65.85,65.8,1440,66.05,1040,113760,1905280
FINNIFTY02JAN2421450PE.NFO,02/01/2024,09:18:21,64.7,64.7,280,64.95,1200,53120,1905280
FINNIFTY02JAN2421450PE.NFO,02/01/2024,09:18:22,64.6,64.5,320,64.7,560,13040,1905280
FINNIFTY02JAN2421450PE.NFO,02/01/2024,09:18:23,63.7,63.7,800,63.9,1280,31880,1905280
FINNIFTY02JAN2421450PE.NFO,02/01/2024,09:18:24,64.7,64.7,1400,64.9,640,30640,1905280
FINNIFTY02JAN2421450PE.NFO,02/01/2024,09:18:25,64.95,65,1120,65.2,120,20680,1905280
FINNIFTY02JAN2421450PE.NFO,02/01/2024,09:18:26,64.95,64.8,1000,65,3880,24120,1905280
FINNIFTY02JAN2421450PE.NFO,02/01/2024,09:18:27,63.85,63.9,1360,64.05,80,33280,1905280
FINNIFTY02JAN2421450PE.NFO,02/01/2024,09:18:28,63.5,63.35,560,63.5,800,12720,1905280
FINNIFTY02JAN2421450PE.NFO,02/01/2024,09:18:29,63.6,63.4,600,63.6,1240,25000,1905280
FINNIFTY02JAN2421450PE.NFO,02/01/2024,09:18:30,63.6,63.6,800,63.75,280,25480,1905280
FINNIFTY02JAN2421450PE.NFO,02/01/2024,09:18:31,63.9,63.75,200,63.9,360,12320,1905280
FINNIFTY02JAN2421450PE.NFO,02/01/2024,09:18:32,63.95,63.95,1800,64.15,360,20080,1905280
FINNIFTY02JAN2421450PE.NFO,02/01/2024,09:18:33,64.65,64.45,1480,64.65,40,34280,1905280
FINNIFTY02JAN2421450PE.NFO,02/01/2024,09:18:34,63.9,63.85,720,64.05,1040,16360,1905280
FINNIFTY02JAN2421450PE.NFO,02/01/2024,09:18:35,63.8,63.65,480,63.8,40,1720,1905280
FINNIFTY02JAN2421450PE.NFO,02/01/2024,09:18:36,63.95,63.75,600,63.95,160,27960,1905280
FINNIFTY02JAN2421450PE.NFO,02/01/2024,09:18:37,63.7,63.75,280,63.9,720,35080,1905280
FINNIFTY02JAN2421450PE.NFO,02/01/2024,09:18:38,62.75,62.75,1000,62.9,200,20560,1905280
FINNIFTY02JAN2421450PE.NFO,02/01/2024,09:18:39,63.1,63.05,80,63.2,920,12520,1905280
FINNIFTY02JAN2421450PE.NFO,02/01/2024,09:18:40,62.35,62.4,1640,62.65,920,13880,1905280
FINNIFTY02JAN2421450PE.NFO,02/01/2024,09:18:41,62.85,62.85,1440,63.1,1360,17120,1905280
FINNIFTY02JAN2421450PE.NFO,02/01/2024,09:18:42,62.45,62.4,40,62.55,200,1800,1905280
FINNIFTY02JAN2421450PE.NFO,02/01/2024,09:18:43,62.65,62.45,920,62.65,640,6320,1905280
FINNIFTY02JAN2421450PE.NFO,02/01/2024,09:18:44,61.45,61.3,1680,61.45,1040,25840,1905280
FINNIFTY02JAN2421450PE.NFO,02/01/2024,09:18:45,61.1,61.15,880,61.3,1040,38240,1905280
FINNIFTY02JAN2421450PE.NFO,02/01/2024,09:18:46,61.5,61.25,3560,61.5,1120,25920,1905280
FINNIFTY02JAN2421450PE.NFO,02/01/2024,09:18:47,61.3,61.3,840,61.45,120,15480,1905280
FINNIFTY02JAN2421450PE.NFO,02/01/2024,09:18:48,61.4,61.2,200,61.35,120,1560,1905280
FINNIFTY02JAN2421450PE.NFO,02/01/2024,09:18:49,61.3,61.2,360,61.35,80,9600,1905280
FINNIFTY02JAN2421450PE.NFO,02/01/2024,09:18:50,60.45,60.5,280,60.7,160,9840,1905280
FINNIFTY02JAN2421450PE.NFO,02/01/2024,09:18:51,60.3,60.3,200,60.45,760,14640,1905280
FINNIFTY02JAN2421450PE.NFO,02/01/2024,09:18:52,60.15,60,31720,60.15,3200,22760,1905280
FINNIFTY02JAN2421450PE.NFO,02/01/2024,09:18:53,60.1,60.1,760,60.3,800,70800,1905280
FINNIFTY02JAN2421450PE.NFO,02/01/2024,09:18:54,60.2,60.05,40,60.25,1200,21000,1905280
FINNIFTY02JAN2421450PE.NFO,02/01/2024,09:18:55,60.2,60.2,1480,60.4,2840,840,1905280
FINNIFTY02JAN2421450PE.NFO,02/01/2024,09:18:56,60,60,3280,60.05,40,31880,1905280
FINNIFTY02JAN2421450PE.NFO,02/01/2024,09:18:57,60.25,60.2,40,60.35,160,24200,1905280
FINNIFTY02JAN2421450PE.NFO,02/01/2024,09:18:58,60.7,60.5,1040,60.65,80,9120,1905280
FINNIFTY02JAN2421450PE.NFO,02/01/2024,09:18:59,60.2,60.3,1280,60.4,160,8640,1905280
FINNIFTY02JAN2421450PE.NFO,02/01/2024,09:19:00,60.15,60.05,560,60.2,440,36840,1905280
FINNIFTY02JAN2421450PE.NFO,02/01/2024,09:19:01,59.15,59.15,1840,59.35,120,37320,1905280
FINNIFTY02JAN2421450PE.NFO,02/01/2024,09:19:02,59.8,59.8,1600,59.95,40,3800,1905280
FINNIFTY02JAN2421450PE.NFO,02/01/2024,09:19:03,60.4,60.35,560,60.5,440,12680,1905280
FINNIFTY02JAN2421450PE.NFO,02/01/2024,09:19:04,60.25,60.25,400,60.4,560,28960,1905280
FINNIFTY02JAN2421450PE.NFO,02/01/2024,09:19:05,60.4,60.35,840,60.5,1600,30440,1905280
FINNIFTY02JAN2421450PE.NFO,02/01/2024,09:19:06,59.45,59.4,80,59.65,2400,9880,1905280
FINNIFTY02JAN2421450PE.NFO,02/01/2024,09:19:07,59.55,59.35,1200,59.55,760,11600,1905280
FINNIFTY02JAN2421450PE.NFO,02/01/2024,09:19:08,59.8,59.85,640,60,40,10160,1905280
FINNIFTY02JAN2421450PE.NFO,02/01/2024,09:19:09,60.2,60.35,1680,60.5,200,2960,1905280
FINNIFTY02JAN2421450PE.NFO,02/01/2024,09:19:10,59.5,59.45,1880,59.6,120,18400,1905280
FINNIFTY02JAN2421450PE.NFO,02/01/2024,09:19:11,59.35,59.2,200,59.35,200,11120,1905280
FINNIFTY02JAN2421450PE.NFO,02/01/2024,09:19:12,58.6,58.55,440,58.7,800,25480,1905280
FINNIFTY02JAN2421450PE.NFO,02/01/2024,09:19:13,58,58,3360,58.2,720,98400,1905280
FINNIFTY02JAN2421450PE.NFO,02/01/2024,09:19:14,57.2,57.2,1160,57.45,560,49120,1905280
FINNIFTY02JAN2421450PE.NFO,02/01/2024,09:19:15,57.25,57.25,2160,57.55,1880,8160,1905280
FINNIFTY02JAN2421450PE.NFO,02/01/2024,09:19:16,57.75,57.55,840,57.7,200,50440,1905280
FINNIFTY02JAN2421450PE.NFO,02/01/2024,09:19:17,57.8,57.75,800,57.9,200,48040,1905280
FINNIFTY02JAN2421450PE.NFO,02/01/2024,09:19:18,57.55,57.4,240,57.6,920,23360,1905280
FINNIFTY02JAN2421450PE.NFO,02/01/2024,09:19:19,57.25,57.05,1720,57.3,400,21600,1905280
FINNIFTY02JAN2421450PE.NFO,02/01/2024,09:19:20,57.3,57.15,1200,57.35,1640,17240,1905280
FINNIFTY02JAN2421450PE.NFO,02/01/2024,09:19:21,58.2,58.2,1280,58.35,240,18760,1905280
FINNIFTY02JAN2421450PE.NFO,02/01/2024,09:19:22,58.35,58.25,1760,58.55,1360,1440,1905280
FINNIFTY02JAN2421450PE.NFO,02/01/2024,09:19:23,59.15,58.9,880,59.15,560,17480,1905280
FINNIFTY02JAN2421450PE.NFO,02/01/2024,09:19:24,59.6,59.6,40,59.75,80,24480,1905280
FINNIFTY02JAN2421450PE.NFO,02/01/2024,09:19:25,59.25,59.2,160,59.4,1280,24960,1905280
FINNIFTY02JAN2421450PE.NFO,02/01/2024,09:19:26,58.95,58.95,400,59.15,200,18960,1905280
FINNIFTY02JAN2421450PE.NFO,02/01/2024,09:19:27,59.4,59.4,1920,59.5,200,14040,1905280
FINNIFTY02JAN2421450PE.NFO,02/01/2024,09:19:28,59.05,59.05,120,59.25,1560,11720,1905280
FINNIFTY02JAN2421450PE.NFO,02/01/2024,09:19:29,59.25,59.1,40,59.3,120,320,1905280
FINNIFTY02JAN2421450PE.NFO,02/01/2024,09:19:30,58.55,58.55,200,58.75,640,6920,1905280
FINNIFTY02JAN2421450PE.NFO,02/01/2024,09:19:31,58.3,58.3,8120,58.5,240,12880,1905280
FINNIFTY02JAN2421450PE.NFO,02/01/2024,09:19:32,58.35,58.35,240,58.55,680,8920,1905280
FINNIFTY02JAN2421450PE.NFO,02/01/2024,09:19:33,58.75,58.6,200,58.8,1640,37760,1905280
FINNIFTY02JAN2421450PE.NFO,02/01/2024,09:19:34,58,57.8,1840,57.95,640,7440,1905280
FINNIFTY02JAN2421450PE.NFO,02/01/2024,09:19:35,57.2,57.2,1800,57.45,320,26440,1905280
FINNIFTY02JAN2421450PE.NFO,02/01/2024,09:19:36,57.4,57.2,160,57.4,200,31880,1905280
FINNIFTY02JAN2421450PE.NFO,02/01/2024,09:19:37,57.7,57.65,200,57.85,1360,10320,1905280
FINNIFTY02JAN2421450PE.NFO,02/01/2024,09:19:38,57.8,57.7,1000,57.95,400,22680,1905280
FINNIFTY02JAN2421450PE.NFO,02/01/2024,09:19:39,58.15,58.15,600,58.3,40,13120,1905280
FINNIFTY02JAN2421450PE.NFO,02/01/2024,09:19:40,58.1,58.1,360,58.3,640,14800,1905280
FINNIFTY02JAN2421450PE.NFO,02/01/2024,09:19:41,57.9,57.9,1000,58.1,400,9800,1905280
FINNIFTY02JAN2421450PE.NFO,02/01/2024,09:19:42,57.85,57.85,960,58.1,280,6920,1905280
FINNIFTY02JAN2421450PE.NFO,02/01/2024,09:19:43,58.4,58.3,760,58.5,920,21960,1905280
FINNIFTY02JAN2421450PE.NFO,02/01/2024,09:19:44,58.4,58.2,1480,58.45,1960,12520,1905280
FINNIFTY02JAN2421450PE.NFO,02/01/2024,09:19:45,58.5,58.45,4360,58.7,2000,10400,1905280
FINNIFTY02JAN2421450PE.NFO,02/01/2024,09:19:46,58.2,58.1,80,58.2,240,10400,1905280
FINNIFTY02JAN2421450PE.NFO,02/01/2024,09:19:47,57.55,57.5,480,57.55,200,8800,1905280
FINNIFTY02JAN2421450PE.NFO,02/01/2024,09:19:48,57.7,57.7,880,57.9,1600,4160,1905280
FINNIFTY02JAN2421450PE.NFO,02/01/2024,09:19:49,57.55,57.35,200,57.55,680,11880,1905280
FINNIFTY02JAN2421450PE.NFO,02/01/2024,09:19:50,57.25,57.05,600,57.25,680,15560,1905280
FINNIFTY02JAN2421450PE.NFO,02/01/2024,09:19:51,57.35,57.35,600,57.55,120,11400,1905280
FINNIFTY02JAN2421450PE.NFO,02/01/2024,09:19:52,58.15,58,160,58.15,1320,18840,1905280
FINNIFTY02JAN2421450PE.NFO,02/01/2024,09:19:53,59.4,59.3,160,59.4,1080,24400,1905280
FINNIFTY02JAN2421450PE.NFO,02/01/2024,09:19:54,59.3,59.15,240,59.3,680,9400,1905280
FINNIFTY02JAN2421450PE.NFO,02/01/2024,09:19:55,58.75,58.45,1600,58.6,720,24120,1905280
FINNIFTY02JAN2421450PE.NFO,02/01/2024,09:19:56,59.15,59.1,200,59.15,40,5880,1905280
FINNIFTY02JAN2421450PE.NFO,02/01/2024,09:19:57,59.7,59.65,200,59.7,680,16800,1905280
FINNIFTY02JAN2421450PE.NFO,02/01/2024,09:19:58,59.8,59.75,40,59.85,960,5360,1905280
FINNIFTY02JAN2421450PE.NFO,02/01/2024,09:19:59,60.2,60,1720,60.2,920,23160,1905280
FINNIFTY02JAN2421450PE.NFO,02/01/2024,09:20:00,59.6,59.6,40,59.8,1560,19040,1905280
FINNIFTY02JAN2421450PE.NFO,02/01/2024,09:20:01,60.25,60.1,2200,60.3,240,32320,1905280
FINNIFTY02JAN2421450PE.NFO,02/01/2024,09:20:02,59.95,59.8,200,59.9,40,23200,1905280
FINNIFTY02JAN2421450PE.NFO,02/01/2024,09:20:03,59.4,59.4,1200,59.55,240,33680,1905280
FINNIFTY02JAN2421450PE.NFO,02/01/2024,09:20:04,59.25,59.2,1960,59.4,400,14240,1905280
FINNIFTY02JAN2421450PE.NFO,02/01/2024,09:20:05,58.15,58.15,40,58.3,360,26760,1905280
FINNIFTY02JAN2421450PE.NFO,02/01/2024,09:20:06,57.95,57.85,240,57.95,200,25720,1905280
FINNIFTY02JAN2421450PE.NFO,02/01/2024,09:20:07,58,57.95,520,58.15,1400,13720,1905280
FINNIFTY02JAN2421450PE.NFO,02/01/2024,09:20:08,57.9,57.85,160,58.05,2680,12600,1905280
FINNIFTY02JAN2421450PE.NFO,02/01/2024,09:20:09,58.15,58.15,240,58.25,200,9520,1905280
FINNIFTY02JAN2421450PE.NFO,02/01/2024,09:20:10,57.6,57.55,1920,57.75,920,6840,1905280
FINNIFTY02JAN2421450PE.NFO,02/01/2024,09:20:11,57.6,57.5,40,57.6,480,16840,1905280
FINNIFTY02JAN2421450PE.NFO,02/01/2024,09:20:12,57.45,57.25,1480,57.45,480,20080,1905280
FINNIFTY02JAN2421450PE.NFO,02/01/2024,09:20:13,57.25,57.15,400,57.3,120,14400,1905280
FINNIFTY02JAN2421450PE.NFO,02/01/2024,09:20:14,57.15,57,15040,57.15,400,18880,1905280
FINNIFTY02JAN2421450PE.NFO,02/01/2024,09:20:15,57.2,57.1,600,57.2,280,19680,1905280
FINNIFTY02JAN2421450PE.NFO,02/01/2024,09:20:16,57.75,57.75,240,57.9,960,11480,1905280
FINNIFTY02JAN2421450PE.NFO,02/01/2024,09:20:17,59.1,59,560,59.15,760,13720,1905280
FINNIFTY02JAN2421450PE.NFO,02/01/2024,09:20:18,58.55,58.45,400,58.65,1120,31080,1905280
FINNIFTY02JAN2421450PE.NFO,02/01/2024,09:20:19,58.4,58.4,1200,58.55,320,8960,1905280
FINNIFTY02JAN2421450PE.NFO,02/01/2024,09:20:20,58.25,58.05,640,58.25,520,18120,1905280
FINNIFTY02JAN2421450PE.NFO,02/01/2024,09:20:21,58.35,58.1,1920,58.3,360,8320,1905280
FINNIFTY02JAN2421450PE.NFO,02/01/2024,09:20:22,58.35,58.2,1480,58.35,200,5520,1905280
FINNIFTY02JAN2421450PE.NFO,02/01/2024,09:20:23,58.4,58.4,640,58.6,2040,6560,1905280
FINNIFTY02JAN2421450PE.NFO,02/01/2024,09:20:24,58.6,58.5,480,58.65,80,8120,1905280
FINNIFTY02JAN2421450PE.NFO,02/01/2024,09:20:25,59.35,59.35,120,59.5,1040,7880,1905280
FINNIFTY02JAN2421450PE.NFO,02/01/2024,09:20:26,59.25,59.1,600,59.25,120,6920,1905280
FINNIFTY02JAN2421450PE.NFO,02/01/2024,09:20:27,59.45,59.4,1120,59.55,80,21680,1905280
FINNIFTY02JAN2421450PE.NFO,02/01/2024,09:20:28,59.75,59.7,200,59.85,720,20760,2605720
FINNIFTY02JAN2421450PE.NFO,02/01/2024,09:20:29,59.8,59.6,280,59.8,880,11560,2605720
FINNIFTY02JAN2421450PE.NFO,02/01/2024,09:20:30,59,58.85,2040,59.1,2400,11680,2605720
FINNIFTY02JAN2421450PE.NFO,02/01/2024,09:20:31,59.8,59.65,320,59.8,1920,10600,2605720
FINNIFTY02JAN2421450PE.NFO,02/01/2024,09:20:33,59.9,59.85,1400,60,7920,6680,2605720
FINNIFTY02JAN2421450PE.NFO,02/01/2024,09:20:33,60.15,60,2360,60.2,2080,10680,2605720
FINNIFTY02JAN2421450PE.NFO,02/01/2024,09:20:34,59.9,59.95,200,60,120,7640,2605720
FINNIFTY02JAN2421450PE.NFO,02/01/2024,09:20:35,60.2,60.2,800,60.4,2080,15120,2605720
FINNIFTY02JAN2421450PE.NFO,02/01/2024,09:20:36,59.8,59.7,160,59.9,880,11520,2605720
FINNIFTY02JAN2421450PE.NFO,02/01/2024,09:20:37,60.4,60.3,2520,60.5,280,15960,2605720
FINNIFTY02JAN2421450PE.NFO,02/01/2024,09:20:38,60.15,60.15,1080,60.35,360,10640,2605720
FINNIFTY02JAN2421450PE.NFO,02/01/2024,09:20:40,60.25,60.15,40,60.25,40,11200,2605720
FINNIFTY02JAN2421450PE.NFO,02/01/2024,09:20:40,60.2,60.3,40,60.45,2840,3040,2605720
FINNIFTY02JAN2421450PE.NFO,02/01/2024,09:20:41,59.45,59.35,1360,59.5,1440,6640,2605720
FINNIFTY02JAN2421450PE.NFO,02/01/2024,09:20:42,59.1,59.1,1000,59.3,1040,13400,2605720
FINNIFTY02JAN2421450PE.NFO,02/01/2024,09:20:43,58.95,58.95,360,59.05,400,10040,2605720
FINNIFTY02JAN2421450PE.NFO,02/01/2024,09:20:44,58.75,58.55,1080,58.75,1120,10480,2605720
FINNIFTY02JAN2421450PE.NFO,02/01/2024,09:20:46,58.45,58.3,1800,58.5,880,6120,2605720
FINNIFTY02JAN2421450PE.NFO,02/01/2024,09:20:46,58.15,58.05,1080,58.15,40,3160,2605720
FINNIFTY02JAN2421450PE.NFO,02/01/2024,09:20:47,58.25,58.1,1000,58.25,80,23320,2605720
FINNIFTY02JAN2421450PE.NFO,02/01/2024,09:20:48,57.9,57.85,120,57.95,1040,7800,2605720
FINNIFTY02JAN2421450PE.NFO,02/01/2024,09:20:49,58.1,58,40,58.15,1640,6120,2605720
FINNIFTY02JAN2421450PE.NFO,02/01/2024,09:20:50,57.55,57.5,1840,57.7,480,6560,2605720
FINNIFTY02JAN2421450PE.NFO,02/01/2024,09:20:51,57.5,57.45,1240,57.55,280,25680,2605720
FINNIFTY02JAN2421450PE.NFO,02/01/2024,09:20:52,57.15,57.2,40,57.35,1800,19480,2605720
FINNIFTY02JAN2421450PE.NFO,02/01/2024,09:20:53,57.05,57.05,1080,57.25,1880,12600,2605720
FINNIFTY02JAN2421450PE.NFO,02/01/2024,09:20:54,57.55,57.55,640,57.7,160,7240,2605720
FINNIFTY02JAN2421450PE.NFO,02/01/2024,09:20:55,57.75,57.6,320,57.8,1520,4160,2605720
FINNIFTY02JAN2421450PE.NFO,02/01/2024,09:20:56,57.7,57.5,40,57.65,2880,4800,2605720
FINNIFTY02JAN2421450PE.NFO,02/01/2024,09:20:58,58.25,58.25,200,58.4,680,11680,2605720
FINNIFTY02JAN2421450PE.NFO,02/01/2024,09:20:58,58.4,58.3,40,58.4,960,400,2605720
FINNIFTY02JAN2421450PE.NFO,02/01/2024,09:20:59,58.1,58.05,1440,58.3,1080,7440,2605720
FINNIFTY02JAN2421450PE.NFO,02/01/2024,09:21:00,58.7,58.7,240,58.8,960,6280,2605720
FINNIFTY02JAN2421450PE.NFO,02/01/2024,09:21:01,58,57.85,1360,58.05,720,14880,2605720
FINNIFTY02JAN2421450PE.NFO,02/01/2024,09:21:02,58.3,58.1,2280,58.3,840,12200,2605720
FINNIFTY02JAN2421450PE.NFO,02/01/2024,09:21:03,57.7,57.5,240,57.7,1560,8720,2605720
FINNIFTY02JAN2421450PE.NFO,02/01/2024,09:21:04,56.6,56.5,40,56.6,920,28160,2605720
FINNIFTY02JAN2421450PE.NFO,02/01/2024,09:21:05,55.5,55.5,920,55.7,1600,49160,2605720
FINNIFTY02JAN2421450PE.NFO,02/01/2024,09:21:06,54.35,54.35,80,54.5,480,103080,2605720
FINNIFTY02JAN2421450PE.NFO,02/01/2024,09:21:07,54.5,54.5,200,54.65,240,220440,2605720
FINNIFTY02JAN2421450PE.NFO,02/01/2024,09:21:08,54.25,54.2,40,54.3,160,35760,2605720
FINNIFTY02JAN2421450PE.NFO,02/01/2024,09:21:09,54.7,54.6,40,54.7,1200,53240,2605720
FINNIFTY02JAN2421450PE.NFO,02/01/2024,09:21:10,53.8,53.8,680,53.95,160,23040,2605720
FINNIFTY02JAN2421450PE.NFO,02/01/2024,09:21:11,53,53,1920,53.15,160,31000,2605720
FINNIFTY02JAN2421450PE.NFO,02/01/2024,09:21:12,53,53,40,53.1,1000,26560,2605720
FINNIFTY02JAN2421450PE.NFO,02/01/2024,09:21:13,53.4,53.2,2840,53.45,320,33320,2605720
FINNIFTY02JAN2421450PE.NFO,02/01/2024,09:21:14,53.95,53.95,440,54.05,1960,35800,2605720
FINNIFTY02JAN2421450PE.NFO,02/01/2024,09:21:15,54.15,54.05,400,54.25,440,43840,2605720
FINNIFTY02JAN2421450PE.NFO,02/01/2024,09:21:16,54.95,54.95,160,55,720,19800,2605720
FINNIFTY02JAN2421450PE.NFO,02/01/2024,09:21:17,54.7,54.7,40,54.85,880,12920,2605720
FINNIFTY02JAN2421450PE.NFO,02/01/2024,09:21:18,54.6,54.45,1920,54.7,480,14160,2605720
FINNIFTY02JAN2421450PE.NFO,02/01/2024,09:21:19,54.55,54.4,160,54.55,320,27280,2605720
FINNIFTY02JAN2421450PE.NFO,02/01/2024,09:21:20,54.8,54.7,160,54.8,4960,7840,2605720
FINNIFTY02JAN2421450PE.NFO,02/01/2024,09:21:21,54.55,54.3,1120,54.55,1160,17120,2605720
FINNIFTY02JAN2421450PE.NFO,02/01/2024,09:21:22,54.15,54,2880,54.15,880,13920,2605720
FINNIFTY02JAN2421450PE.NFO,02/01/2024,09:21:23,53.85,53.95,1280,54.1,240,27000,2605720
FINNIFTY02JAN2421450PE.NFO,02/01/2024,09:21:24,53.45,53.25,1600,53.5,400,32680,2605720
FINNIFTY02JAN2421450PE.NFO,02/01/2024,09:21:25,52.75,52.75,880,52.95,1760,25240,2605720
FINNIFTY02JAN2421450PE.NFO,02/01/2024,09:21:26,51.9,51.9,560,52.1,1320,53640,2605720
FINNIFTY02JAN2421450PE.NFO,02/01/2024,09:21:27,51.05,51.05,40,51.25,1960,58120,2605720
FINNIFTY02JAN2421450PE.NFO,02/01/2024,09:21:28,50.6,50.5,680,50.6,240,143440,2605720
FINNIFTY02JAN2421450PE.NFO,02/01/2024,09:21:29,50.75,50.8,40,50.95,320,45640,2605720
FINNIFTY02JAN2421450PE.NFO,02/01/2024,09:21:30,51.15,51.15,4320,51.35,1240,64080,2605720
FINNIFTY02JAN2421450PE.NFO,02/01/2024,09:21:31,51.25,51.25,920,51.45,840,41120,2605720
FINNIFTY02JAN2421450PE.NFO,02/01/2024,09:21:32,50.95,50.75,400,50.95,600,40560,2605720
FINNIFTY02JAN2421450PE.NFO,02/01/2024,09:21:33,49.8,50,400,50.05,1120,34560,2605720
FINNIFTY02JAN2421450PE.NFO,02/01/2024,09:21:34,50.35,50.35,280,50.55,1000,25640,2605720
FINNIFTY02JAN2421450PE.NFO,02/01/2024,09:21:35,51.4,51.4,640,51.6,840,46720,2605720
FINNIFTY02JAN2421450PE.NFO,02/01/2024,09:21:36,52.3,52.3,360,52.5,1520,25520,2605720
FINNIFTY02JAN2421450PE.NFO,02/01/2024,09:21:37,51.35,51.25,1160,51.35,160,26120,2605720
FINNIFTY02JAN2421450PE.NFO,02/01/2024,09:21:38,51.6,51.6,920,51.8,1920,36080,2605720
FINNIFTY02JAN2421450PE.NFO,02/01/2024,09:21:39,52.2,52.1,960,52.25,80,13240,2605720
FINNIFTY02JAN2421450PE.NFO,02/01/2024,09:21:40,51.75,51.6,1320,51.8,40,34840,2605720
FINNIFTY02JAN2421450PE.NFO,02/01/2024,09:21:41,52.05,51.95,360,52.15,1520,15760,2605720
FINNIFTY02JAN2421450PE.NFO,02/01/2024,09:21:42,52.5,52.25,2160,52.5,1040,24280,2605720
FINNIFTY02JAN2421450PE.NFO,02/01/2024,09:21:43,52.5,52.25,1120,52.45,120,33520,2605720
FINNIFTY02JAN2421450PE.NFO,02/01/2024,09:21:44,52.75,52.65,120,52.85,2400,16440,2605720
FINNIFTY02JAN2421450PE.NFO,02/01/2024,09:21:45,52.5,52.5,600,52.7,1000,16120,2605720
FINNIFTY02JAN2421450PE.NFO,02/01/2024,09:21:46,52.5,52.55,160,52.75,1640,20080,2605720
FINNIFTY02JAN2421450PE.NFO,02/01/2024,09:21:47,52.8,52.6,1240,52.8,520,8640,2605720
FINNIFTY02JAN2421450PE.NFO,02/01/2024,09:21:48,52.8,52.65,1200,52.85,920,20920,2605720
FINNIFTY02JAN2421450PE.NFO,02/01/2024,09:21:49,52.45,52.35,1200,52.5,1440,17040,2605720
FINNIFTY02JAN2421450PE.NFO,02/01/2024,09:21:50,52.6,52.6,320,52.75,2560,16400,2605720
FINNIFTY02JAN2421450PE.NFO,02/01/2024,09:21:51,52.4,52.4,280,52.5,720,26960,2605720
FINNIFTY02JAN2421450PE.NFO,02/01/2024,09:21:53,52.5,52.35,120,52.5,1120,33920,2605720
FINNIFTY02JAN2421450PE.NFO,02/01/2024,09:21:54,52.15,52.25,160,52.45,1840,21200,2605720
FINNIFTY02JAN2421450PE.NFO,02/01/2024,09:21:55,52,51.95,480,52.05,1600,24840,2605720
FINNIFTY02JAN2421450PE.NFO,02/01/2024,09:21:56,51.85,51.7,40,51.85,800,12480,2605720
FINNIFTY02JAN2421450PE.NFO,02/01/2024,09:21:57,51.8,51.6,800,51.8,1360,12920,2605720
FINNIFTY02JAN2421450PE.NFO,02/01/2024,09:21:57,51.65,51.55,1520,51.7,560,1320,2605720
FINNIFTY02JAN2421450PE.NFO,02/01/2024,09:21:58,51.45,51.3,40,51.45,2080,12920,2605720
FINNIFTY02JAN2421450PE.NFO,02/01/2024,09:21:59,50.9,50.7,2240,50.9,480,11680,2605720
FINNIFTY02JAN2421450PE.NFO,02/01/2024,09:22:00,51.25,51.1,560,51.3,1040,14280,2605720
FINNIFTY02JAN2421450PE.NFO,02/01/2024,09:22:01,51.4,51.4,1440,51.6,2240,35200,2605720
FINNIFTY02JAN2421450PE.NFO,02/01/2024,09:22:02,51.45,51.45,2240,51.6,320,17280,2605720
FINNIFTY02JAN2421450PE.NFO,02/01/2024,09:22:03,50.7,50.6,240,50.7,280,55920,2605720
FINNIFTY02JAN2421450PE.NFO,02/01/2024,09:22:04,51.35,51.3,1000,51.5,240,35160,2605720
FINNIFTY02JAN2421450PE.NFO,02/01/2024,09:22:05,51.4,51.4,1480,51.65,2360,22440,2605720
FINNIFTY02JAN2421450PE.NFO,02/01/2024,09:22:06,51.5,51.5,600,51.75,2040,21480,2605720
FINNIFTY02JAN2421450PE.NFO,02/01/2024,09:22:07,52,51.85,1640,52,680,16880,2605720
FINNIFTY02JAN2421450PE.NFO,02/01/2024,09:22:08,52,52.1,1160,52.25,160,7840,2605720
FINNIFTY02JAN2421450PE.NFO,02/01/2024,09:22:09,52,51.95,1240,52.1,200,24040,2605720
FINNIFTY02JAN2421450PE.NFO,02/01/2024,09:22:11,52,51.85,1360,52,160,21880,2605720
FINNIFTY02JAN2421450PE.NFO,02/01/2024,09:22:12,51.6,51.75,1920,51.95,880,23080,2605720
FINNIFTY02JAN2421450PE.NFO,02/01/2024,09:22:12,51.95,51.95,1760,52.15,280,15160,2605720
FINNIFTY02JAN2421450PE.NFO,02/01/2024,09:22:13,51.45,51.45,1440,51.65,200,28040,2605720
FINNIFTY02JAN2421450PE.NFO,02/01/2024,09:22:14,52,51.75,3000,52,3160,23760,2605720
FINNIFTY02JAN2421450PE.NFO,02/01/2024,09:22:16,52,51.9,360,52.05,400,19600,2605720
FINNIFTY02JAN2421450PE.NFO,02/01/2024,09:22:17,52.95,52.7,3080,52.95,1480,25640,2605720
FINNIFTY02JAN2421450PE.NFO,02/01/2024,09:22:18,53.05,52.85,1600,53.05,80,44040,2605720
FINNIFTY02JAN2421450PE.NFO,02/01/2024,09:22:19,52.7,52.65,80,52.8,1440,19000,2605720
FINNIFTY02JAN2421450PE.NFO,02/01/2024,09:22:20,52.85,52.65,2680,52.9,1280,17920,2605720
FINNIFTY02JAN2421450PE.NFO,02/01/2024,09:22:21,53.05,53,840,53.05,120,8440,2605720
FINNIFTY02JAN2421450PE.NFO,02/01/2024,09:22:21,53.2,53,1600,53.2,600,2280,2605720
FINNIFTY02JAN2421450PE.NFO,02/01/2024,09:22:22,53.05,52.95,120,53.05,560,36240,2605720
FINNIFTY02JAN2421450PE.NFO,02/01/2024,09:22:23,53.55,53.55,760,53.75,1680,29000,2605720
FINNIFTY02JAN2421450PE.NFO,02/01/2024,09:22:25,53.55,53.4,40,53.55,1000,20200,2605720
FINNIFTY02JAN2421450PE.NFO,02/01/2024,09:22:26,54.15,54,840,54.15,120,46320,2605720
FINNIFTY02JAN2421450PE.NFO,02/01/2024,09:22:26,53.95,53.75,1680,54,2880,3760,2605720
FINNIFTY02JAN2421450PE.NFO,02/01/2024,09:22:27,54.6,54.4,1320,54.6,320,32400,2605720
FINNIFTY02JAN2421450PE.NFO,02/01/2024,09:22:28,55.6,55.45,280,55.6,840,38320,2605720
FINNIFTY02JAN2421450PE.NFO,02/01/2024,09:22:29,55.15,55,120,55.15,40,21560,2605720
FINNIFTY02JAN2421450PE.NFO,02/01/2024,09:22:30,54.65,54.4,2600,54.65,720,32560,2605720
FINNIFTY02JAN2421450PE.NFO,02/01/2024,09:22:31,54.8,54.75,1080,54.95,80,17640,2605720
FINNIFTY02JAN2421450PE.NFO,02/01/2024,09:22:32,54.75,54.8,1840,55,80,12320,2605720
FINNIFTY02JAN2421450PE.NFO,02/01/2024,09:22:33,55.55,55.55,640,55.75,400,19120,2605720
FINNIFTY02JAN2421450PE.NFO,02/01/2024,09:22:34,55.8,55.7,320,55.85,80,23280,2605720
FINNIFTY02JAN2421450PE.NFO,02/01/2024,09:22:35,56.6,56.6,520,56.75,80,33440,2605720
FINNIFTY02JAN2421450PE.NFO,02/01/2024,09:22:36,56.4,56.4,440,56.6,960,24040,2605720
FINNIFTY02JAN2421450PE.NFO,02/01/2024,09:22:37,56,55.9,120,56.05,280,27880,2605720
FINNIFTY02JAN2421450PE.NFO,02/01/2024,09:22:38,55.85,55.85,80,56.1,360,22440,2605720
FINNIFTY02JAN2421450PE.NFO,02/01/2024,09:22:39,55.8,55.75,640,55.95,960,15920,2605720
FINNIFTY02JAN2421450PE.NFO,02/01/2024,09:22:41,55.6,55.65,40,55.8,1240,7720,2605720
FINNIFTY02JAN2421450PE.NFO,02/01/2024,09:22:42,56.15,56.15,160,56.35,1280,17720,2605720
FINNIFTY02JAN2421450PE.NFO,02/01/2024,09:22:43,56,55.95,1480,56.15,440,14320,2605720
FINNIFTY02JAN2421450PE.NFO,02/01/2024,09:22:44,56.4,56.25,960,56.4,760,13400,2605720
FINNIFTY02JAN2421450PE.NFO,02/01/2024,09:22:45,56,55.9,160,56,880,10560,2605720
FINNIFTY02JAN2421450PE.NFO,02/01/2024,09:22:46,56.1,56.1,2320,56.35,2760,11880,2605720
FINNIFTY02JAN2421450PE.NFO,02/01/2024,09:22:47,55.45,55.2,3120,55.45,2280,48200,2605720
FINNIFTY02JAN2421450PE.NFO,02/01/2024,09:22:48,55.6,55.45,80,55.6,1880,11160,2605720
FINNIFTY02JAN2421450PE.NFO,02/01/2024,09:22:49,56.3,56.1,440,56.3,1000,12360,2605720
FINNIFTY02JAN2421450PE.NFO,02/01/2024,09:22:50,56.2,56.05,1320,56.25,440,15880,2605720
FINNIFTY02JAN2421450PE.NFO,02/01/2024,09:22:51,55.6,55.5,480,55.7,1320,10920,2605720
FINNIFTY02JAN2421450PE.NFO,02/01/2024,09:22:52,55.05,54.85,160,55.05,600,75600,2605720
FINNIFTY02JAN2421450PE.NFO,02/01/2024,09:22:53,54.8,54.65,680,54.8,200,11880,2605720
FINNIFTY02JAN2421450PE.NFO,02/01/2024,09:22:54,54.8,54.65,160,54.8,1800,12720,2605720
FINNIFTY02JAN2421450PE.NFO,02/01/2024,09:22:55,55.2,55.25,40,55.45,1760,9440,2605720
FINNIFTY02JAN2421450PE.NFO,02/01/2024,09:22:56,55.2,55.05,2320,55.3,1720,7840,2605720
FINNIFTY02JAN2421450PE.NFO,02/01/2024,09:22:57,55.25,55.1,1360,55.3,720,8360,2605720
FINNIFTY02JAN2421450PE.NFO,02/01/2024,09:22:58,54.3,54.25,80,54.4,1360,8280,2605720
FINNIFTY02JAN2421450PE.NFO,02/01/2024,09:22:59,54.5,54.35,680,54.55,480,7440,2605720
FINNIFTY02JAN2421450PE.NFO,02/01/2024,09:23:00,55,55.05,400,55.1,80,9040,2605720
FINNIFTY02JAN2421450PE.NFO,02/01/2024,09:23:01,54.6,54.6,760,54.8,1240,13680,2605720
FINNIFTY02JAN2421450PE.NFO,02/01/2024,09:23:02,55,54.85,120,55,1960,12840,2605720
FINNIFTY02JAN2421450PE.NFO,02/01/2024,09:23:03,55.5,55.3,680,55.55,400,12920,2605720
FINNIFTY02JAN2421450PE.NFO,02/01/2024,09:23:04,55.1,55.15,160,55.2,40,22200,2605720
FINNIFTY02JAN2421450PE.NFO,02/01/2024,09:23:05,54.8,54.65,160,54.8,1280,14360,2605720
FINNIFTY02JAN2421450PE.NFO,02/01/2024,09:23:06,54.05,54,2000,54.1,1040,26920,2605720
FINNIFTY02JAN2421450PE.NFO,02/01/2024,09:23:07,53.35,53.2,840,53.3,80,30200,2605720
FINNIFTY02JAN2421450PE.NFO,02/01/2024,09:23:08,52.35,52.35,800,52.5,40,49520,2605720
FINNIFTY02JAN2421450PE.NFO,02/01/2024,09:23:09,52.25,52.2,2640,52.45,1160,19280,2605720
FINNIFTY02JAN2421450PE.NFO,02/01/2024,09:23:10,52.65,52.65,120,52.85,1280,32680,2605720
FINNIFTY02JAN2421450PE.NFO,02/01/2024,09:23:11,53.45,53.2,1880,53.45,1640,18560,2605720
FINNIFTY02JAN2421450PE.NFO,02/01/2024,09:23:12,53.65,53.4,2680,53.65,40,10160,2605720
FINNIFTY02JAN2421450PE.NFO,02/01/2024,09:23:13,53.05,52.85,1000,53.05,120,14600,2605720
FINNIFTY02JAN2421450PE.NFO,02/01/2024,09:23:14,52.95,52.85,200,53.05,2720,13480,2605720
FINNIFTY02JAN2421450PE.NFO,02/01/2024,09:23:15,52.85,52.75,1080,52.85,1520,6280,2605720
FINNIFTY02JAN2421450PE.NFO,02/01/2024,09:23:16,52.6,52.55,1200,52.8,2520,15440,2605720
FINNIFTY02JAN2421450PE.NFO,02/01/2024,09:23:17,51.9,51.75,40,51.9,2240,31040,2605720
FINNIFTY02JAN2421450PE.NFO,02/01/2024,09:23:18,52.45,52.25,80,52.45,760,8560,2605720
FINNIFTY02JAN2421450PE.NFO,02/01/2024,09:23:19,52.85,52.7,80,52.8,1560,21000,2605720
FINNIFTY02JAN2421450PE.NFO,02/01/2024,09:23:20,52.65,52.5,160,52.65,720,18920,2605720
FINNIFTY02JAN2421450PE.NFO,02/01/2024,09:23:21,53,52.9,360,53.05,880,7920,2605720
FINNIFTY02JAN2421450PE.NFO,02/01/2024,09:23:22,53.1,52.9,520,53.1,3000,4320,2605720
FINNIFTY02JAN2421450PE.NFO,02/01/2024,09:23:23,52.5,52.45,120,52.65,4120,14720,2605720
FINNIFTY02JAN2421450PE.NFO,02/01/2024,09:23:24,52.65,52.5,160,52.65,360,8120,2605720
FINNIFTY02JAN2421450PE.NFO,02/01/2024,09:23:25,52.75,52.55,1520,52.75,1360,4760,2605720
FINNIFTY02JAN2421450PE.NFO,02/01/2024,09:23:26,53.3,53.2,1560,53.35,40,5080,2605720
FINNIFTY02JAN2421450PE.NFO,02/01/2024,09:23:27,53.4,53.15,1160,53.3,1400,26200,2605720
FINNIFTY02JAN2421450PE.NFO,02/01/2024,09:23:28,53.55,53.35,1320,53.55,640,9000,3396720
FINNIFTY02JAN2421450PE.NFO,02/01/2024,09:23:29,54,53.95,1760,54.15,840,12800,3396720
FINNIFTY02JAN2421450PE.NFO,02/01/2024,09:23:30,54.45,54.45,1040,54.65,1000,21080,3396720
FINNIFTY02JAN2421450PE.NFO,02/01/2024,09:23:30,54.25,54.15,40,54.25,80,11720,3396720
FINNIFTY02JAN2421450PE.NFO,02/01/2024,09:23:31,53.7,53.5,600,53.7,2400,14680,3396720
FINNIFTY02JAN2421450PE.NFO,02/01/2024,09:23:32,53.3,53.1,1440,53.3,200,12240,3396720
FINNIFTY02JAN2421450PE.NFO,02/01/2024,09:23:33,53.2,53,280,53.2,1240,12320,3396720
FINNIFTY02JAN2421450PE.NFO,02/01/2024,09:23:34,53.4,53.25,280,53.4,1000,12800,3396720
FINNIFTY02JAN2421450PE.NFO,02/01/2024,09:23:35,53.55,53.35,1120,53.55,840,20600,3396720
FINNIFTY02JAN2421450PE.NFO,02/01/2024,09:23:37,52.8,52.8,480,52.9,40,9040,3396720
FINNIFTY02JAN2421450PE.NFO,02/01/2024,09:23:38,52.75,52.6,80,52.75,440,13080,3396720
FINNIFTY02JAN2421450PE.NFO,02/01/2024,09:23:38,52.65,52.45,920,52.65,800,5720,3396720
FINNIFTY02JAN2421450PE.NFO,02/01/2024,09:23:39,52.55,52.6,1120,52.8,1640,10800,3396720
FINNIFTY02JAN2421450PE.NFO,02/01/2024,09:23:40,52.9,52.7,120,52.9,1400,8600,3396720
FINNIFTY02JAN2421450PE.NFO,02/01/2024,09:23:41,53.35,53.1,600,53.25,80,20880,3396720
FINNIFTY02JAN2421450PE.NFO,02/01/2024,09:23:42,53.6,53.6,680,53.8,2200,7560,3396720
FINNIFTY02JAN2421450PE.NFO,02/01/2024,09:23:43,53.55,53.4,1240,53.55,200,5080,3396720
FINNIFTY02JAN2421450PE.NFO,02/01/2024,09:23:44,53.5,53.3,280,53.4,40,4560,3396720
FINNIFTY02JAN2421450PE.NFO,02/01/2024,09:23:45,53.5,53.25,2600,53.5,1520,6280,3396720
FINNIFTY02JAN2421450PE.NFO,02/01/2024,09:23:46,53.55,53.3,2200,53.55,2480,15160,3396720
FINNIFTY02JAN2421450PE.NFO,02/01/2024,09:23:48,54.35,54.2,1800,54.4,520,20480,3396720
FINNIFTY02JAN2421450PE.NFO,02/01/2024,09:23:49,54,53.8,440,54,1360,16520,3396720
FINNIFTY02JAN2421450PE.NFO,02/01/2024,09:23:49,54.3,54.2,80,54.35,1960,2400,3396720
FINNIFTY02JAN2421450PE.NFO,02/01/2024,09:23:50,54.1,54,160,54.1,1880,14680,3396720
FINNIFTY02JAN2421450PE.NFO,02/01/2024,09:23:51,53.95,53.9,960,54.1,1080,13600,3396720
FINNIFTY02JAN2421450PE.NFO,02/01/2024,09:23:53,53.65,53.6,640,53.75,840,8880,3396720
FINNIFTY02JAN2421450PE.NFO,02/01/2024,09:23:54,53.9,53.9,120,54.1,1800,8720,3396720
FINNIFTY02JAN2421450PE.NFO,02/01/2024,09:23:55,53.95,53.95,960,54.15,1680,7520,3396720
FINNIFTY02JAN2421450PE.NFO,02/01/2024,09:23:56,54.3,54.15,3560,54.35,1280,13040,3396720
FINNIFTY02JAN2421450PE.NFO,02/01/2024,09:23:57,54.4,54.25,2280,54.5,2040,22760,3396720
FINNIFTY02JAN2421450PE.NFO,02/01/2024,09:23:57,54.35,54.35,480,54.5,120,2120,3396720
FINNIFTY02JAN2421450PE.NFO,02/01/2024,09:23:58,54.85,54.85,80,54.95,1000,18280,3396720
FINNIFTY02JAN2421450PE.NFO,02/01/2024,09:23:59,55.05,55,40,55.1,400,15360,3396720
FINNIFTY02JAN2421450PE.NFO,02/01/2024,09:24:00,54.9,54.9,320,55,1480,28320,3396720
FINNIFTY02JAN2421450PE.NFO,02/01/2024,09:24:01,55.6,55.5,1720,55.65,120,15280,3396720
FINNIFTY02JAN2421450PE.NFO,02/01/2024,09:24:02,55.7,55.65,400,55.75,200,20040,3396720
FINNIFTY02JAN2421450PE.NFO,02/01/2024,09:24:04,55.65,55.5,1840,55.75,1960,16480,3396720
FINNIFTY02JAN2421450PE.NFO,02/01/2024,09:24:05,55.2,55,1920,55.2,520,31400,3396720
FINNIFTY02JAN2421450PE.NFO,02/01/2024,09:24:06,54.65,54.4,920,54.6,1400,13480,3396720
FINNIFTY02JAN2421450PE.NFO,02/01/2024,09:24:06,54.55,54.35,1720,54.55,1160,760,3396720
FINNIFTY02JAN2421450PE.NFO,02/01/2024,09:24:07,54.8,54.75,400,54.9,80,20160,3396720
FINNIFTY02JAN2421450PE.NFO,02/01/2024,09:24:08,54.9,54.75,1600,54.95,1160,7200,3396720
FINNIFTY02JAN2421450PE.NFO,02/01/2024,09:24:09,54.55,54.55,120,54.75,2360,7960,3396720
FINNIFTY02JAN2421450PE.NFO,02/01/2024,09:24:10,54.45,54.25,2040,54.45,80,11200,3396720
FINNIFTY02JAN2421450PE.NFO,02/01/2024,09:24:12,54,53.95,480,54.15,2600,16360,3396720
FINNIFTY02JAN2421450PE.NFO,02/01/2024,09:24:13,53.75,53.75,80,53.85,400,9040,3396720
FINNIFTY02JAN2421450PE.NFO,02/01/2024,09:24:14,53.75,53.75,440,53.9,200,14600,3396720
FINNIFTY02JAN2421450PE.NFO,02/01/2024,09:24:14,53.75,53.6,2080,53.8,480,360,3396720
FINNIFTY02JAN2421450PE.NFO,02/01/2024,09:24:15,54.45,54.2,920,54.4,1760,9000,3396720
FINNIFTY02JAN2421450PE.NFO,02/01/2024,09:24:17,54.8,54.6,1960,54.8,1120,7120,3396720
FINNIFTY02JAN2421450PE.NFO,02/01/2024,09:24:18,54.85,54.65,840,54.85,880,5600,3396720
FINNIFTY02JAN2421450PE.NFO,02/01/2024,09:24:19,55,54.75,2200,55,1720,8800,3396720
FINNIFTY02JAN2421450PE.NFO,02/01/2024,09:24:20,55.3,55.2,880,55.35,1160,11480,3396720
FINNIFTY02JAN2421450PE.NFO,02/01/2024,09:24:21,55.8,55.6,1440,55.8,640,8000,3396720
FINNIFTY02JAN2421450PE.NFO,02/01/2024,09:24:22,56,55.85,200,56,8560,10880,3396720
FINNIFTY02JAN2421450PE.NFO,02/01/2024,09:24:23,56.3,56.1,320,56.2,1240,18880,3396720
FINNIFTY02JAN2421450PE.NFO,02/01/2024,09:24:24,56.6,56.45,120,56.65,2400,31760,3396720
FINNIFTY02JAN2421450PE.NFO,02/01/2024,09:24:25,56.3,56.2,200,56.35,400,13720,3396720
FINNIFTY02JAN2421450PE.NFO,02/01/2024,09:24:26,56.5,56.3,1320,56.5,840,17720,3396720
FINNIFTY02JAN2421450PE.NFO,02/01/2024,09:24:27,56.5,56.5,440,56.65,1360,26400,3396720
FINNIFTY02JAN2421450PE.NFO,02/01/2024,09:24:28,56.4,56.2,920,56.4,1680,15080,3396720
FINNIFTY02JAN2421450PE.NFO,02/01/2024,09:24:28,56.15,56.15,2360,56.35,120,1440,3396720
FINNIFTY02JAN2421450PE.NFO,02/01/2024,09:24:29,56.3,56.05,1800,56.3,2640,19240,3396720
FINNIFTY02JAN2421450PE.NFO,02/01/2024,09:24:30,56.45,56.25,1240,56.45,120,31160,3396720
FINNIFTY02JAN2421450PE.NFO,02/01/2024,09:24:31,56.25,56.05,720,56.25,2000,12600,3396720
FINNIFTY02JAN2421450PE.NFO,02/01/2024,09:24:32,55.95,55.95,1080,56.15,1320,17760,3396720
FINNIFTY02JAN2421450PE.NFO,02/01/2024,09:24:33,56.1,56,1520,56.2,1320,21360,3396720
FINNIFTY02JAN2421450PE.NFO,02/01/2024,09:24:35,56.15,56,120,56.15,520,16800,3396720
FINNIFTY02JAN2421450PE.NFO,02/01/2024,09:24:36,55.85,55.8,2440,56,960,13160,3396720
FINNIFTY02JAN2421450PE.NFO,02/01/2024,09:24:37,54.9,54.75,1800,54.9,840,19280,3396720
FINNIFTY02JAN2421450PE.NFO,02/01/2024,09:24:37,54.6,54.55,160,54.7,760,4360,3396720
FINNIFTY02JAN2421450PE.NFO,02/01/2024,09:24:38,54.55,54.55,120,54.7,1080,13520,3396720
FINNIFTY02JAN2421450PE.NFO,02/01/2024,09:24:40,55.15,55,360,55.15,2280,14560,3396720
FINNIFTY02JAN2421450PE.NFO,02/01/2024,09:24:41,54.9,54.75,80,54.9,1680,13240,3396720
FINNIFTY02JAN2421450PE.NFO,02/01/2024,09:24:42,54.9,54.75,2320,54.9,600,12280,3396720
FINNIFTY02JAN2421450PE.NFO,02/01/2024,09:24:42,54.7,54.55,1360,54.7,120,600,3396720
FINNIFTY02JAN2421450PE.NFO,02/01/2024,09:24:43,54.2,54.2,120,54.35,200,13440,3396720
FINNIFTY02JAN2421450PE.NFO,02/01/2024,09:24:45,54.65,54.55,160,54.7,2200,9320,3396720
FINNIFTY02JAN2421450PE.NFO,02/01/2024,09:24:46,54.3,54.1,440,54.3,2760,10000,3396720
FINNIFTY02JAN2421450PE.NFO,02/01/2024,09:24:47,54.55,54.4,1520,54.6,3600,12120,3396720
FINNIFTY02JAN2421450PE.NFO,02/01/2024,09:24:47,54.45,54.35,240,54.55,1280,320,3396720
FINNIFTY02JAN2421450PE.NFO,02/01/2024,09:24:48,54.2,54,2120,54.2,1280,24080,3396720
FINNIFTY02JAN2421450PE.NFO,02/01/2024,09:24:50,53.55,53.4,680,53.55,360,16280,3396720
FINNIFTY02JAN2421450PE.NFO,02/01/2024,09:24:51,53.85,53.7,1920,53.85,160,25640,3396720
FINNIFTY02JAN2421450PE.NFO,02/01/2024,09:24:52,54.4,54.2,1400,54.4,1880,9400,3396720
FINNIFTY02JAN2421450PE.NFO,02/01/2024,09:24:52,54.4,54.3,1840,54.4,480,640,3396720
FINNIFTY02JAN2421450PE.NFO,02/01/2024,09:24:53,54.2,54,560,54.15,1880,13040,3396720
FINNIFTY02JAN2421450PE.NFO,02/01/2024,09:24:55,54.8,54.65,1280,54.8,40,3640,3396720
FINNIFTY02JAN2421450PE.NFO,02/01/2024,09:24:56,55.75,55.6,800,55.75,560,18400,3396720
FINNIFTY02JAN2421450PE.NFO,02/01/2024,09:24:57,55.55,55.35,1840,55.55,1120,24320,3396720
FINNIFTY02JAN2421450PE.NFO,02/01/2024,09:24:57,55.35,55.25,1200,55.45,320,3400,3396720
FINNIFTY02JAN2421450PE.NFO,02/01/2024,09:24:58,55.65,55.7,320,55.85,1120,9920,3396720
FINNIFTY02JAN2421450PE.NFO,02/01/2024,09:25:00,55.65,55.65,2040,55.85,160,11040,3396720
FINNIFTY02JAN2421450PE.NFO,02/01/2024,09:25:01,56.35,56.15,240,56.35,3240,56560,3396720
FINNIFTY02JAN2421450PE.NFO,02/01/2024,09:25:02,55.95,55.85,1560,56.05,1760,27520,3396720
FINNIFTY02JAN2421450PE.NFO,02/01/2024,09:25:02,55.9,55.65,240,55.85,1720,6160,3396720
FINNIFTY02JAN2421450PE.NFO,02/01/2024,09:25:03,55.15,54.95,2920,55.15,80,9240,3396720
FINNIFTY02JAN2421450PE.NFO,02/01/2024,09:25:04,55.8,55.65,360,55.85,1760,8840,3396720
FINNIFTY02JAN2421450PE.NFO,02/01/2024,09:25:05,55.65,55.75,320,55.8,80,6040,3396720
FINNIFTY02JAN2421450PE.NFO,02/01/2024,09:25:06,55.55,55.4,2680,55.6,1320,8520,3396720
FINNIFTY02JAN2421450PE.NFO,02/01/2024,09:25:07,55,54.9,1880,55,320,8400,3396720
FINNIFTY02JAN2421450PE.NFO,02/01/2024,09:25:08,55.2,55.05,2960,55.2,40,9440,3396720
FINNIFTY02JAN2421450PE.NFO,02/01/2024,09:25:09,55.4,55.3,720,55.5,3480,4560,3396720
FINNIFTY02JAN2421450PE.NFO,02/01/2024,09:25:10,56,55.85,1040,56,4640,11760,3396720
FINNIFTY02JAN2421450PE.NFO,02/01/2024,09:25:11,56,55.8,3480,56,1200,9840,3396720
FINNIFTY02JAN2421450PE.NFO,02/01/2024,09:25:12,55.5,55.5,1560,55.7,1680,14480,3396720
FINNIFTY02JAN2421450PE.NFO,02/01/2024,09:25:14,55.55,55.5,2840,55.75,3280,7560,3396720
FINNIFTY02JAN2421450PE.NFO,02/01/2024,09:25:15,55.7,55.7,4000,55.95,2720,5240,3396720
FINNIFTY02JAN2421450PE.NFO,02/01/2024,09:25:16,55.75,55.75,800,55.95,2000,5400,3396720
FINNIFTY02JAN2421450PE.NFO,02/01/2024,09:25:16,55.95,55.75,3960,55.95,240,600,3396720
FINNIFTY02JAN2421450PE.NFO,02/01/2024,09:25:17,55.5,55.45,800,55.6,120,13360,3396720
FINNIFTY02JAN2421450PE.NFO,02/01/2024,09:25:18,55.5,55.35,240,55.5,280,6160,3396720
FINNIFTY02JAN2421450PE.NFO,02/01/2024,09:25:19,55.6,55.5,840,55.6,80,3920,3396720
FINNIFTY02JAN2421450PE.NFO,02/01/2024,09:25:20,55.1,55.1,120,55.25,1680,5240,3396720
FINNIFTY02JAN2421450PE.NFO,02/01/2024,09:25:21,54.8,54.65,1160,54.85,2840,8440,3396720
FINNIFTY02JAN2421450PE.NFO,02/01/2024,09:25:23,54.95,54.8,1120,54.95,840,6320,3396720
FINNIFTY02JAN2421450PE.NFO,02/01/2024,09:25:24,54.75,54.75,440,54.9,720,8120,3396720
FINNIFTY02JAN2421450PE.NFO,02/01/2024,09:25:25,54.95,54.95,520,55.05,160,3880,3396720
FINNIFTY02JAN2421450PE.NFO,02/01/2024,09:25:26,54.9,54.8,200,54.95,1040,12160,3396720
FINNIFTY02JAN2421450PE.NFO,02/01/2024,09:25:27,54.2,54,4560,54.2,760,17160,3396720
FINNIFTY02JAN2421450PE.NFO,02/01/2024,09:25:28,54.35,54.3,1080,54.55,2520,5000,3396720
FINNIFTY02JAN2421450PE.NFO,02/01/2024,09:25:29,53.95,53.95,880,54.15,3560,4800,3396720
FINNIFTY02JAN2421450PE.NFO,02/01/2024,09:25:30,53.95,53.8,720,53.9,160,9400,3396720
FINNIFTY02JAN2421450PE.NFO,02/01/2024,09:25:30,53.85,53.85,680,54.05,4000,4640,3396720
FINNIFTY02JAN2421450PE.NFO,02/01/2024,09:25:31,53.5,53.5,480,53.65,240,17800,3396720
FINNIFTY02JAN2421450PE.NFO,02/01/2024,09:25:32,53.15,53,17360,53.15,40,18120,3396720
FINNIFTY02JAN2421450PE.NFO,02/01/2024,09:25:33,53.05,52.8,480,52.95,200,33000,3396720
FINNIFTY02JAN2421450PE.NFO,02/01/2024,09:25:34,52.6,52.55,1120,52.75,2400,13720,3396720
FINNIFTY02JAN2421450PE.NFO,02/01/2024,09:25:36,52.6,52.45,1400,52.65,3760,29120,3396720
FINNIFTY02JAN2421450PE.NFO,02/01/2024,09:25:37,52.65,52.65,3160,52.85,1880,17120,3396720
FINNIFTY02JAN2421450PE.NFO,02/01/2024,09:25:38,53,53.05,520,53.25,3040,13000,3396720
FINNIFTY02JAN2421450PE.NFO,02/01/2024,09:25:39,53.5,53.45,880,53.65,1160,6400,3396720
FINNIFTY02JAN2421450PE.NFO,02/01/2024,09:25:40,53.95,53.75,880,53.95,1560,4200,3396720
FINNIFTY02JAN2421450PE.NFO,02/01/2024,09:25:41,53.7,53.55,40,53.7,760,11000,3396720
FINNIFTY02JAN2421450PE.NFO,02/01/2024,09:25:42,52.85,52.85,160,52.95,760,19160,3396720
FINNIFTY02JAN2421450PE.NFO,02/01/2024,09:25:43,53.25,53.1,1440,53.25,1120,7640,3396720
FINNIFTY02JAN2421450PE.NFO,02/01/2024,09:25:44,53.25,53.25,200,53.45,2200,9680,3396720
FINNIFTY02JAN2421450PE.NFO,02/01/2024,09:25:45,53.4,53.25,240,53.4,960,5080,3396720
FINNIFTY02JAN2421450PE.NFO,02/01/2024,09:25:46,53.6,53.4,2720,53.6,1400,5440,3396720
FINNIFTY02JAN2421450PE.NFO,02/01/2024,09:25:47,53.5,53.2,2240,53.4,560,3720,3396720
FINNIFTY02JAN2421450PE.NFO,02/01/2024,09:25:48,53.65,53.5,160,53.7,2800,22000,3396720
FINNIFTY02JAN2421450PE.NFO,02/01/2024,09:25:48,53.7,53.5,520,53.7,1360,1240,3396720
FINNIFTY02JAN2421450PE.NFO,02/01/2024,09:25:49,54.2,54.05,320,54.25,3640,17360,3396720
FINNIFTY02JAN2421450PE.NFO,02/01/2024,09:25:50,54.4,54.1,280,54.25,1360,5520,3396720
FINNIFTY02JAN2421450PE.NFO,02/01/2024,09:25:51,54.2,54,3280,54.25,3960,3480,3396720
FINNIFTY02JAN2421450PE.NFO,02/01/2024,09:25:52,53.8,53.75,320,53.95,600,7680,3396720
FINNIFTY02JAN2421450PE.NFO,02/01/2024,09:25:53,53.6,53.4,4000,53.6,1520,25960,3396720
FINNIFTY02JAN2421450PE.NFO,02/01/2024,09:25:54,52.75,52.65,80,52.75,480,13840,3396720
FINNIFTY02JAN2421450PE.NFO,02/01/2024,09:25:55,52.4,52.3,80,52.4,480,15200,3396720
FINNIFTY02JAN2421450PE.NFO,02/01/2024,09:25:56,52.5,52.5,440,52.55,1280,10280,3396720
FINNIFTY02JAN2421450PE.NFO,02/01/2024,09:25:57,52,52,21200,52.05,920,40120,3396720
FINNIFTY02JAN2421450PE.NFO,02/01/2024,09:25:58,52.1,52.05,560,52.2,1360,19320,3396720
FINNIFTY02JAN2421450PE.NFO,02/01/2024,09:25:59,52.2,52,7520,52.2,3280,9480,3396720
FINNIFTY02JAN2421450PE.NFO,02/01/2024,09:26:00,51.3,51.3,2200,51.5,2320,31920,3396720
FINNIFTY02JAN2421450PE.NFO,02/01/2024,09:26:01,51,51,6320,51.15,240,18800,3396720
FINNIFTY02JAN2421450PE.NFO,02/01/2024,09:26:02,51.5,51.5,1120,51.7,2920,18080,3396720
FINNIFTY02JAN2421450PE.NFO,02/01/2024,09:26:03,51.95,51.8,1720,51.9,40,31920,3396720
FINNIFTY02JAN2421450PE.NFO,02/01/2024,09:26:04,51.55,51.55,1480,51.75,4600,21960,3396720
FINNIFTY02JAN2421450PE.NFO,02/01/2024,09:26:05,51.35,51.2,2280,51.4,360,20840,3396720
FINNIFTY02JAN2421450PE.NFO,02/01/2024,09:26:06,51.1,51.05,1520,51.25,3440,19600,3396720
FINNIFTY02JAN2421450PE.NFO,02/01/2024,09:26:07,51.1,51.1,4160,51.3,720,21400,3396720
FINNIFTY02JAN2421450PE.NFO,02/01/2024,09:26:08,51.15,51.2,2560,51.4,800,15760,3396720
FINNIFTY02JAN2421450PE.NFO,02/01/2024,09:26:09,51.45,51.3,1520,51.5,3400,5440,3396720
FINNIFTY02JAN2421450PE.NFO,02/01/2024,09:26:10,51.5,51.35,80,51.55,4520,6840,3396720
FINNIFTY02JAN2421450PE.NFO,02/01/2024,09:26:11,51.7,51.5,3640,51.7,1640,10440,3396720
FINNIFTY02JAN2421450PE.NFO,02/01/2024,09:26:12,51.45,51.35,120,51.5,200,16000,3396720
FINNIFTY02JAN2421450PE.NFO,02/01/2024,09:26:13,50.85,50.7,80,50.8,560,26880,3396720
FINNIFTY02JAN2421450PE.NFO,02/01/2024,09:26:14,49.65,49.65,2160,49.8,3080,112160,3396720
FINNIFTY02JAN2421450PE.NFO,02/01/2024,09:26:15,47.1,47.1,120,47.2,240,219560,3396720
FINNIFTY02JAN2421450PE.NFO,02/01/2024,09:26:16,42.95,42.95,600,43,880,377600,3396720
FINNIFTY02JAN2421450PE.NFO,02/01/2024,09:26:16,40,42.95,600,43,880,0,3396720
FINNIFTY02JAN2421450PE.NFO,02/01/2024,09:26:17,42.85,43.15,160,43.25,400,248840,3396720
FINNIFTY02JAN2421450PE.NFO,02/01/2024,09:26:18,44.5,44.2,1640,44.45,40,178600,3396720
FINNIFTY02JAN2421450PE.NFO,02/01/2024,09:26:19,42.45,42.5,400,42.65,80,93120,3396720
FINNIFTY02JAN2421450PE.NFO,02/01/2024,09:26:20,41.9,41.9,240,42.05,440,49560,3396720
FINNIFTY02JAN2421450PE.NFO,02/01/2024,09:26:21,42.2,42.35,1160,42.55,120,51000,3396720
FINNIFTY02JAN2421450PE.NFO,02/01/2024,09:26:22,42.55,42.55,760,42.75,880,60520,3396720
FINNIFTY02JAN2421450PE.NFO,02/01/2024,09:26:23,43.3,43.3,40,43.45,800,50360,3396720
FINNIFTY02JAN2421450PE.NFO,02/01/2024,09:26:24,43.95,43.75,600,43.95,1400,30720,3396720
FINNIFTY02JAN2421450PE.NFO,02/01/2024,09:26:25,44.3,44.2,880,44.4,80,36320,3396720
FINNIFTY02JAN2421450PE.NFO,02/01/2024,09:26:26,44.25,44.25,1280,44.5,1400,55800,3396720
FINNIFTY02JAN2421450PE.NFO,02/01/2024,09:26:27,44.6,44.45,40,44.55,1480,73520,3795600
FINNIFTY02JAN2421450PE.NFO,02/01/2024,09:26:28,44.1,43.95,320,44.05,80,69040,3795600
FINNIFTY02JAN2421450PE.NFO,02/01/2024,09:26:29,42.45,42.25,1320,42.5,120,80480,3795600
FINNIFTY02JAN2421450PE.NFO,02/01/2024,09:26:31,42.1,42,280,42.25,40,125760,3795600
FINNIFTY02JAN2421450PE.NFO,02/01/2024,09:26:32,41.7,41.7,80,41.95,760,66680,3795600
FINNIFTY02JAN2421450PE.NFO,02/01/2024,09:26:33,42.25,42.25,40,42.45,600,68120,3795600
FINNIFTY02JAN2421450PE.NFO,02/01/2024,09:26:34,42.05,42.05,120,42.3,600,86040,3795600
FINNIFTY02JAN2421450PE.NFO,02/01/2024,09:26:35,42.4,42.4,80,42.5,320,43760,3795600
FINNIFTY02JAN2421450PE.NFO,02/01/2024,09:26:36,42.4,42.3,2400,42.5,360,44240,3795600
FINNIFTY02JAN2421450PE.NFO,02/01/2024,09:26:37,42.2,42,2960,42.2,800,47040,3795600
FINNIFTY02JAN2421450PE.NFO,02/01/2024,09:26:38,40.4,40.25,840,40.45,1600,63760,3795600
FINNIFTY02JAN2421450PE.NFO,02/01/2024,09:26:39,39,39,440,39.1,160,144760,3795600
FINNIFTY02JAN2421450PE.NFO,02/01/2024,09:26:39,38,39,440,39.1,160,0,3795600
FINNIFTY02JAN2421450PE.NFO,02/01/2024,09:26:40,37.35,37.2,960,37.4,360,117400,3795600
FINNIFTY02JAN2421450PE.NFO,02/01/2024,09:26:40,37,37.2,960,37.4,360,0,3795600
FINNIFTY02JAN2421450PE.NFO,02/01/2024,09:26:41,37.1,37.1,760,37.3,200,140240,3795600
FINNIFTY02JAN2421450PE.NFO,02/01/2024,09:26:41,36.6,37.1,760,37.3,200,0,3795600
FINNIFTY02JAN2421450PE.NFO,02/01/2024,09:26:42,37.1,36.9,160,37.1,360,101200,3795600
FINNIFTY02JAN2421450PE.NFO,02/01/2024,09:26:42,36.5,36.9,160,37.1,360,0,3795600
FINNIFTY02JAN2421450PE.NFO,02/01/2024,09:26:43,36.7,36.5,1080,36.65,40,59840,3795600
FINNIFTY02JAN2421450PE.NFO,02/01/2024,09:26:44,35.9,35.55,320,35.8,840,94880,3795600
FINNIFTY02JAN2421450PE.NFO,02/01/2024,09:26:44,35.2,35.55,320,35.8,840,0,3795600
FINNIFTY02JAN2421450PE.NFO,02/01/2024,09:26:45,34.35,34.25,80,34.4,280,108200,3795600
FINNIFTY02JAN2421450PE.NFO,02/01/2024,09:26:45,33.55,34.25,80,34.4,280,0,3795600
FINNIFTY02JAN2421450PE.NFO,02/01/2024,09:26:46,33.5,33.5,400,33.75,200,81360,3795600
FINNIFTY02JAN2421450PE.NFO,02/01/2024,09:26:46,33.2,33.5,400,33.75,200,0,3795600
FINNIFTY02JAN2421450PE.NFO,02/01/2024,09:26:47,32.05,31.85,7680,31.95,80,135880,3795600
FINNIFTY02JAN2421450PE.NFO,02/01/2024,09:26:47,31.85,31.85,7680,31.95,80,0,3795600
FINNIFTY02JAN2421450PE.NFO,02/01/2024,09:26:48,33.1,33.2,120,33.3,1080,116120,3795600
FINNIFTY02JAN2421450PE.NFO,02/01/2024,09:26:48,31.55,33.2,120,33.3,1080,0,3795600
FINNIFTY02JAN2421450PE.NFO,02/01/2024,09:26:49,33.05,32.95,240,33.1,1120,97600,3795600
FINNIFTY02JAN2421450PE.NFO,02/01/2024,09:26:50,33.5,33.4,360,33.5,680,104040,3795600
FINNIFTY02JAN2421450PE.NFO,02/01/2024,09:26:51,33.2,33.3,40,33.35,1000,47320,3795600
FINNIFTY02JAN2421450PE.NFO,02/01/2024,09:26:52,33.1,33,560,33.1,160,76040,3795600
FINNIFTY02JAN2421450PE.NFO,02/01/2024,09:26:53,33.1,33.05,680,33.2,1600,82640,3795600
FINNIFTY02JAN2421450PE.NFO,02/01/2024,09:26:54,34.4,34.45,400,34.6,1400,75600,3795600
FINNIFTY02JAN2421450PE.NFO,02/01/2024,09:26:55,35.55,35.6,200,35.8,1080,79360,3795600
FINNIFTY02JAN2421450PE.NFO,02/01/2024,09:26:56,35.7,35.7,120,35.8,720,79640,3795600
FINNIFTY02JAN2421450PE.NFO,02/01/2024,09:26:57,35.8,35.6,680,35.8,1720,67840,3795600
FINNIFTY02JAN2421450PE.NFO,02/01/2024,09:26:58,36.3,36.35,680,36.45,40,56560,3795600
FINNIFTY02JAN2421450PE.NFO,02/01/2024,09:26:59,36.9,36.8,400,36.9,480,60640,3795600
FINNIFTY02JAN2421450PE.NFO,02/01/2024,09:27:00,36.55,36.4,240,36.55,240,50920,3795600
FINNIFTY02JAN2421450PE.NFO,02/01/2024,09:27:01,35.3,35.15,840,35.3,360,137560,3795600
FINNIFTY02JAN2421450PE.NFO,02/01/2024,09:27:02,34.65,34.55,4440,34.7,1280,76240,3795600
FINNIFTY02JAN2421450PE.NFO,02/01/2024,09:27:03,35.25,35.15,40,35.25,320,101120,3795600
FINNIFTY02JAN2421450PE.NFO,02/01/2024,09:27:04,35,34.75,800,35,1320,78560,3795600
FINNIFTY02JAN2421450PE.NFO,02/01/2024,09:27:05,35.55,35.45,1680,35.6,80,75080,3795600
FINNIFTY02JAN2421450PE.NFO,02/01/2024,09:27:06,36,35.9,440,36,760,79840,3795600
FINNIFTY02JAN2421450PE.NFO,02/01/2024,09:27:07,36.15,36,200,36.15,1080,58440,3795600
FINNIFTY02JAN2421450PE.NFO,02/01/2024,09:27:08,35.65,35.6,600,35.75,80,38520,3795600
FINNIFTY02JAN2421450PE.NFO,02/01/2024,09:27:09,35,35,1800,35.2,640,74360,3795600
FINNIFTY02JAN2421450PE.NFO,02/01/2024,09:27:10,35.45,35.5,40,35.65,1480,40920,3795600
FINNIFTY02JAN2421450PE.NFO,02/01/2024,09:27:11,36.35,36.35,680,36.5,200,51920,3795600
FINNIFTY02JAN2421450PE.NFO,02/01/2024,09:27:12,36.5,36.5,360,36.7,2520,45280,3795600
FINNIFTY02JAN2421450PE.NFO,02/01/2024,09:27:13,35.85,35.75,1440,35.9,560,37000,3795600
FINNIFTY02JAN2421450PE.NFO,02/01/2024,09:27:14,35.65,35.55,1600,35.65,120,47080,3795600
FINNIFTY02JAN2421450PE.NFO,02/01/2024,09:27:15,36.5,36.4,840,36.6,1360,39920,3795600
FINNIFTY02JAN2421450PE.NFO,02/01/2024,09:27:16,36.8,36.7,1360,36.85,200,40800,3795600
FINNIFTY02JAN2421450PE.NFO,02/01/2024,09:27:17,36.4,36.4,160,36.6,1640,40800,3795600
FINNIFTY02JAN2421450PE.NFO,02/01/2024,09:27:18,36.35,36.35,280,36.5,1280,32840,3795600
FINNIFTY02JAN2421450PE.NFO,02/01/2024,09:27:19,36.3,36.2,760,36.35,200,57280,3795600
FINNIFTY02JAN2421450PE.NFO,02/01/2024,09:27:20,36.4,36.45,440,36.6,1280,43160,3795600
FINNIFTY02JAN2421450PE.NFO,02/01/2024,09:27:21,36.55,36.45,720,36.55,1000,18440,3795600
FINNIFTY02JAN2421450PE.NFO,02/01/2024,09:27:22,36.2,36.1,800,36.3,2320,35840,3795600
FINNIFTY02JAN2421450PE.NFO,02/01/2024,09:27:23,35.9,35.85,1800,36,1200,87960,3795600
FINNIFTY02JAN2421450PE.NFO,02/01/2024,09:27:24,35.65,35.5,520,35.65,3160,39720,3795600
FINNIFTY02JAN2421450PE.NFO,02/01/2024,09:27:25,36.45,36.35,40,36.45,1720,31040,3795600
FINNIFTY02JAN2421450PE.NFO,02/01/2024,09:27:26,36.9,36.75,1320,36.9,160,25840,3795600
FINNIFTY02JAN2421450PE.NFO,02/01/2024,09:27:27,37.7,37.6,1480,37.7,1880,47360,3795600
FINNIFTY02JAN2421450PE.NFO,02/01/2024,09:27:28,37.5,37.5,3120,37.65,440,36720,3795600
FINNIFTY02JAN2421450PE.NFO,02/01/2024,09:27:29,37.65,37.6,40,37.7,480,63640,3795600
FINNIFTY02JAN2421450PE.NFO,02/01/2024,09:27:30,37.5,37.5,800,37.6,1000,40800,3795600
FINNIFTY02JAN2421450PE.NFO,02/01/2024,09:27:30,37.8,37.6,1880,37.8,3840,31080,3795600
FINNIFTY02JAN2421450PE.NFO,02/01/2024,09:27:31,38,37.85,1920,38,11800,45960,3795600
FINNIFTY02JAN2421450PE.NFO,02/01/2024,09:27:32,38.4,38.25,160,38.4,1240,62840,3795600
FINNIFTY02JAN2421450PE.NFO,02/01/2024,09:27:33,38.4,38.2,2000,38.4,2040,47400,3795600
FINNIFTY02JAN2421450PE.NFO,02/01/2024,09:27:34,38.2,38,1120,38.2,1880,67880,3795600
FINNIFTY02JAN2421450PE.NFO,02/01/2024,09:27:35,37.35,37.25,440,37.35,1280,39080,3795600
FINNIFTY02JAN2421450PE.NFO,02/01/2024,09:27:36,36.7,36.6,520,36.7,80,43400,3795600
FINNIFTY02JAN2421450PE.NFO,02/01/2024,09:27:37,37,37,1480,37.15,1640,71560,3795600
FINNIFTY02JAN2421450PE.NFO,02/01/2024,09:27:38,37.05,37.05,2120,37.2,800,33920,3795600
FINNIFTY02JAN2421450PE.NFO,02/01/2024,09:27:39,37.45,37.45,3160,37.6,280,53600,3795600
FINNIFTY02JAN2421450PE.NFO,02/01/2024,09:27:40,37,36.9,1840,37,2400,26640,3795600
FINNIFTY02JAN2421450PE.NFO,02/01/2024,09:27:41,37.3,37.15,2440,37.35,3360,30520,3795600
FINNIFTY02JAN2421450PE.NFO,02/01/2024,09:27:42,36.7,36.7,3360,36.9,2720,53040,3795600
FINNIFTY02JAN2421450PE.NFO,02/01/2024,09:27:43,36.5,36.45,2480,36.6,1720,24280,3795600
FINNIFTY02JAN2421450PE.NFO,02/01/2024,09:27:44,37.25,37,3080,37.2,3560,33880,3795600
FINNIFTY02JAN2421450PE.NFO,02/01/2024,09:27:46,37.45,37.3,840,37.45,3480,37800,3795600
FINNIFTY02JAN2421450PE.NFO,02/01/2024,09:27:46,37.65,37.65,640,37.8,5560,21240,3795600
FINNIFTY02JAN2421450PE.NFO,02/01/2024,09:27:47,37.5,37.35,440,37.5,1880,56240,3795600
FINNIFTY02JAN2421450PE.NFO,02/01/2024,09:27:48,37.15,37,3200,37.15,2480,21640,3795600
FINNIFTY02JAN2421450PE.NFO,02/01/2024,09:27:49,36.55,36.5,200,36.6,2160,36640,3795600
FINNIFTY02JAN2421450PE.NFO,02/01/2024,09:27:51,36.55,36.4,2320,36.55,1680,24520,3795600
FINNIFTY02JAN2421450PE.NFO,02/01/2024,09:27:51,35.7,35.65,1200,35.8,1840,75560,3795600
FINNIFTY02JAN2421450PE.NFO,02/01/2024,09:27:52,33.85,33.9,1360,34,320,268560,3795600
FINNIFTY02JAN2421450PE.NFO,02/01/2024,09:27:53,34.15,34,3440,34.2,2760,77600,3795600
FINNIFTY02JAN2421450PE.NFO,02/01/2024,09:27:54,33.9,33.85,1000,34,2280,53640,3795600
FINNIFTY02JAN2421450PE.NFO,02/01/2024,09:27:55,34.1,33.95,2960,34.1,1120,36120,3795600
FINNIFTY02JAN2421450PE.NFO,02/01/2024,09:27:56,32.9,32.85,280,32.95,1040,83000,3795600
FINNIFTY02JAN2421450PE.NFO,02/01/2024,09:27:57,31.35,31.4,40,31.65,80,199320,3795600
FINNIFTY02JAN2421450PE.NFO,02/01/2024,09:27:57,30.55,31.4,40,31.65,80,0,3795600
FINNIFTY02JAN2421450PE.NFO,02/01/2024,09:27:58,31.3,31.25,80,31.3,320,126720,3795600
FINNIFTY02JAN2421450PE.NFO,02/01/2024,09:27:59,31.85,31.8,760,31.95,360,84680,3795600
FINNIFTY02JAN2421450PE.NFO,02/01/2024,09:28:00,32.1,32,600,32.1,240,133920,3795600
FINNIFTY02JAN2421450PE.NFO,02/01/2024,09:28:01,31.8,31.8,1440,32,1200,65960,3795600
FINNIFTY02JAN2421450PE.NFO,02/01/2024,09:28:02,30.9,30.95,80,31.1,1160,99000,3795600
FINNIFTY02JAN2421450PE.NFO,02/01/2024,09:28:03,30.9,30.75,800,30.95,1080,114680,3795600
FINNIFTY02JAN2421450PE.NFO,02/01/2024,09:28:03,30.35,30.75,800,30.95,1080,0,3795600
FINNIFTY02JAN2421450PE.NFO,02/01/2024,09:28:04,30.65,30.6,400,30.75,520,88120,3795600
FINNIFTY02JAN2421450PE.NFO,02/01/2024,09:28:04,30.25,30.6,400,30.75,520,0,3795600
FINNIFTY02JAN2421450PE.NFO,02/01/2024,09:28:05,31.3,31.15,1760,31.25,80,63120,3795600
FINNIFTY02JAN2421450PE.NFO,02/01/2024,09:28:06,31.85,31.7,1760,31.85,520,51240,3795600
FINNIFTY02JAN2421450PE.NFO,02/01/2024,09:28:07,32.25,32.25,600,32.4,400,62840,3795600
FINNIFTY02JAN2421450PE.NFO,02/01/2024,09:28:08,32.4,32.15,80,32.3,800,46400,3795600
FINNIFTY02JAN2421450PE.NFO,02/01/2024,09:28:09,32.25,32.15,1640,32.25,1120,41840,3795600
FINNIFTY02JAN2421450PE.NFO,02/01/2024,09:28:10,32.15,32.1,1760,32.25,1120,40280,3795600
FINNIFTY02JAN2421450PE.NFO,02/01/2024,09:28:11,31.9,31.8,1520,31.95,320,31160,3795600
FINNIFTY02JAN2421450PE.NFO,02/01/2024,09:28:12,32.35,32.2,1680,32.35,720,48920,3795600
FINNIFTY02JAN2421450PE.NFO,02/01/2024,09:28:13,32.25,32.25,320,32.35,680,32240,3795600
FINNIFTY02JAN2421450PE.NFO,02/01/2024,09:28:15,32.15,32.1,4600,32.3,1160,73280,3795600
FINNIFTY02JAN2421450PE.NFO,02/01/2024,09:28:15,32.2,32.15,1720,32.35,840,31280,3795600
FINNIFTY02JAN2421450PE.NFO,02/01/2024,09:28:16,32.25,32.1,2880,32.25,1240,33560,3795600
FINNIFTY02JAN2421450PE.NFO,02/01/2024,09:28:17,32.9,32.9,280,33,320,38680,3795600
FINNIFTY02JAN2421450PE.NFO,02/01/2024,09:28:18,32.8,32.65,3360,32.85,2560,26200,3795600
FINNIFTY02JAN2421450PE.NFO,02/01/2024,09:28:19,33.25,33.15,40,33.3,3360,32760,3795600
FINNIFTY02JAN2421450PE.NFO,02/01/2024,09:28:20,32.6,32.5,4520,32.7,4440,35320,3795600
FINNIFTY02JAN2421450PE.NFO,02/01/2024,09:28:21,32.45,32.45,2040,32.65,2640,56520,3795600
FINNIFTY02JAN2421450PE.NFO,02/01/2024,09:28:23,32.15,32.05,560,32.2,1240,70720,3795600
FINNIFTY02JAN2421450PE.NFO,02/01/2024,09:28:24,32.1,32.1,1880,32.25,520,30240,3795600
FINNIFTY02JAN2421450PE.NFO,02/01/2024,09:28:25,31.05,31.05,10640,31.2,1720,87640,3795600
FINNIFTY02JAN2421450PE.NFO,02/01/2024,09:28:26,31.35,31.25,1840,31.35,200,67120,3795600
FINNIFTY02JAN2421450PE.NFO,02/01/2024,09:28:27,31.85,31.95,2040,32.1,2120,48960,3795600
FINNIFTY02JAN2421450PE.NFO,02/01/2024,09:28:28,32.4,32.25,80,32.4,4280,19240,3795600
FINNIFTY02JAN2421450PE.NFO,02/01/2024,09:28:29,32.15,32.15,1840,32.25,800,38360,3795600
FINNIFTY02JAN2421450PE.NFO,02/01/2024,09:28:30,31.7,31.6,80,31.7,80,47680,3795600
FINNIFTY02JAN2421450PE.NFO,02/01/2024,09:28:31,31.95,31.95,440,32.05,1080,92760,3795600
FINNIFTY02JAN2421450PE.NFO,02/01/2024,09:28:32,32.15,32,3480,32.15,200,95840,3795600
FINNIFTY02JAN2421450PE.NFO,02/01/2024,09:28:33,32.6,32.45,640,32.6,880,97280,3795600
FINNIFTY02JAN2421450PE.NFO,02/01/2024,09:28:34,32.8,32.65,2120,32.85,1920,53720,3795600
FINNIFTY02JAN2421450PE.NFO,02/01/2024,09:28:35,33.15,33,2680,33.2,2520,29760,3795600
FINNIFTY02JAN2421450PE.NFO,02/01/2024,09:28:36,32.75,32.75,2040,32.9,1200,37760,3795600
FINNIFTY02JAN2421450PE.NFO,02/01/2024,09:28:37,33.15,32.95,2480,33.15,1920,51560,3795600
FINNIFTY02JAN2421450PE.NFO,02/01/2024,09:28:38,33.8,33.65,1640,33.8,800,49880,3795600
FINNIFTY02JAN2421450PE.NFO,02/01/2024,09:28:39,34,33.9,40,34,120,46240,3795600
FINNIFTY02JAN2421450PE.NFO,02/01/2024,09:28:40,33.45,33.35,200,33.5,2760,49240,3795600
FINNIFTY02JAN2421450PE.NFO,02/01/2024,09:28:41,33.15,33.15,2480,33.35,2040,35800,3795600
FINNIFTY02JAN2421450PE.NFO,02/01/2024,09:28:42,33.55,33.45,2800,33.6,440,54160,3795600
FINNIFTY02JAN2421450PE.NFO,02/01/2024,09:28:43,33.45,33.45,2360,33.6,40,31520,3795600
FINNIFTY02JAN2421450PE.NFO,02/01/2024,09:28:44,33.75,33.6,1160,33.75,1520,46680,3795600
FINNIFTY02JAN2421450PE.NFO,02/01/2024,09:28:45,33.5,33.35,2520,33.5,80,30440,3795600
FINNIFTY02JAN2421450PE.NFO,02/01/2024,09:28:46,33.45,33.25,3160,33.45,3000,40320,3795600
FINNIFTY02JAN2421450PE.NFO,02/01/2024,09:28:47,32.85,32.8,1640,32.95,2240,48120,3795600
FINNIFTY02JAN2421450PE.NFO,02/01/2024,09:28:48,32.75,32.65,160,32.75,40,43640,3795600
FINNIFTY02JAN2421450PE.NFO,02/01/2024,09:28:49,33.35,33.25,160,33.35,200,24800,3795600
FINNIFTY02JAN2421450PE.NFO,02/01/2024,09:28:50,33.35,33.25,1720,33.4,1040,18120,3795600
FINNIFTY02JAN2421450PE.NFO,02/01/2024,09:28:51,33.1,33.1,3560,33.3,4560,26280,3795600
FINNIFTY02JAN2421450PE.NFO,02/01/2024,09:28:52,33.3,33.2,1760,33.3,1560,23360,3795600
FINNIFTY02JAN2421450PE.NFO,02/01/2024,09:28:53,33.3,33.2,3240,33.3,40,30280,3795600
FINNIFTY02JAN2421450PE.NFO,02/01/2024,09:28:54,33.2,33.2,40,33.3,600,17680,3795600
FINNIFTY02JAN2421450PE.NFO,02/01/2024,09:28:55,33.9,33.8,1680,33.9,240,27160,3795600
FINNIFTY02JAN2421450PE.NFO,02/01/2024,09:28:56,34.15,34.15,40,34.25,1080,40840,3795600
FINNIFTY02JAN2421450PE.NFO,02/01/2024,09:28:57,33.95,33.95,2320,34.1,2360,46080,3795600
FINNIFTY02JAN2421450PE.NFO,02/01/2024,09:28:58,33.7,33.75,280,33.85,1560,32280,3795600
FINNIFTY02JAN2421450PE.NFO,02/01/2024,09:28:59,34.3,34.2,120,34.35,3120,33760,3795600
FINNIFTY02JAN2421450PE.NFO,02/01/2024,09:29:00,34.3,34.2,1880,34.3,80,46840,3795600
FINNIFTY02JAN2421450PE.NFO,02/01/2024,09:29:01,33.8,33.8,440,33.95,1800,84880,3795600
FINNIFTY02JAN2421450PE.NFO,02/01/2024,09:29:02,34.45,34.3,1560,34.4,200,59200,3795600
FINNIFTY02JAN2421450PE.NFO,02/01/2024,09:29:03,34.8,34.65,3120,34.8,6600,31200,3795600
FINNIFTY02JAN2421450PE.NFO,02/01/2024,09:29:04,34.45,34.4,480,34.5,1200,71960,3795600
FINNIFTY02JAN2421450PE.NFO,02/01/2024,09:29:05,34.9,34.7,1880,34.85,1280,30000,3795600
FINNIFTY02JAN2421450PE.NFO,02/01/2024,09:29:06,35.25,35.2,80,35.25,1400,48800,3795600
FINNIFTY02JAN2421450PE.NFO,02/01/2024,09:29:07,34.9,34.75,3760,34.9,1040,29280,3795600
FINNIFTY02JAN2421450PE.NFO,02/01/2024,09:29:08,34.95,34.95,520,35.1,4680,26160,3795600
FINNIFTY02JAN2421450PE.NFO,02/01/2024,09:29:09,35.2,35.1,320,35.25,2600,9880,3795600
FINNIFTY02JAN2421450PE.NFO,02/01/2024,09:29:10,34.85,34.75,840,34.85,120,29120,3795600
FINNIFTY02JAN2421450PE.NFO,02/01/2024,09:29:11,34.15,34.05,80,34.15,360,35160,3795600
FINNIFTY02JAN2421450PE.NFO,02/01/2024,09:29:12,33.8,33.6,2520,33.75,560,61240,3795600
FINNIFTY02JAN2421450PE.NFO,02/01/2024,09:29:13,33.85,33.8,760,33.85,1800,31680,3795600
FINNIFTY02JAN2421450PE.NFO,02/01/2024,09:29:14,34,33.8,5160,34,3280,34320,3795600
FINNIFTY02JAN2421450PE.NFO,02/01/2024,09:29:15,34.4,34.45,40,34.55,1560,32600,3795600
FINNIFTY02JAN2421450PE.NFO,02/01/2024,09:29:16,34.45,34.4,320,34.5,680,21400,3795600
FINNIFTY02JAN2421450PE.NFO,02/01/2024,09:29:17,34.75,34.6,3360,34.75,200,12640,3795600
FINNIFTY02JAN2421450PE.NFO,02/01/2024,09:29:18,35,34.9,4560,35,3440,25640,3795600
FINNIFTY02JAN2421450PE.NFO,02/01/2024,09:29:19,35.1,35,1040,35.1,1040,31440,3795600
FINNIFTY02JAN2421450PE.NFO,02/01/2024,09:29:20,35.15,35.15,400,35.25,560,25920,3795600
FINNIFTY02JAN2421450PE.NFO,02/01/2024,09:29:21,35.5,35.35,2120,35.5,4840,46360,3795600
FINNIFTY02JAN2421450PE.NFO,02/01/2024,09:29:22,35.5,35.5,440,35.65,2680,33600,3795600
FINNIFTY02JAN2421450PE.NFO,02/01/2024,09:29:23,35.5,35.4,3280,35.5,2120,46200,3795600
FINNIFTY02JAN2421450PE.NFO,02/01/2024,09:29:24,35.35,35.25,1960,35.35,40,28400,3795600
FINNIFTY02JAN2421450PE.NFO,02/01/2024,09:29:25,35.15,35,2800,35.15,3160,36800,3795600
FINNIFTY02JAN2421450PE.NFO,02/01/2024,09:29:26,35.65,35.6,400,35.65,1440,62160,3795600
FINNIFTY02JAN2421450PE.NFO,02/01/2024,09:29:27,35.95,35.9,80,35.95,880,27680,3795600
FINNIFTY02JAN2421450PE.NFO,02/01/2024,09:29:28,35.85,35.7,4600,35.85,2000,37520,3795600
FINNIFTY02JAN2421450PE.NFO,02/01/2024,09:29:29,35.95,35.8,3320,35.95,2440,35280,5746360
FINNIFTY02JAN2421450PE.NFO,02/01/2024,09:29:30,35.3,35.15,520,35.3,3440,30640,5746360
FINNIFTY02JAN2421450PE.NFO,02/01/2024,09:29:31,35.35,35.2,720,35.35,5600,24960,5746360
FINNIFTY02JAN2421450PE.NFO,02/01/2024,09:29:32,35.25,35.15,2760,35.3,4000,27880,5746360
FINNIFTY02JAN2421450PE.NFO,02/01/2024,09:29:33,35.4,35.35,40,35.45,720,17920,5746360
FINNIFTY02JAN2421450PE.NFO,02/01/2024,09:29:34,35.5,35.35,2160,35.5,3640,25720,5746360
FINNIFTY02JAN2421450PE.NFO,02/01/2024,09:29:35,34.8,34.8,80,34.9,3960,36520,5746360
FINNIFTY02JAN2421450PE.NFO,02/01/2024,09:29:36,34.45,34.35,2800,34.45,120,34120,5746360
FINNIFTY02JAN2421450PE.NFO,02/01/2024,09:29:37,34.5,34.35,1040,34.45,2080,27760,5746360
FINNIFTY02JAN2421450PE.NFO,02/01/2024,09:29:38,34.25,34.15,1160,34.25,3960,37320,5746360
FINNIFTY02JAN2421450PE.NFO,02/01/2024,09:29:39,34.2,34.2,2080,34.35,4080,16760,5746360
FINNIFTY02JAN2421450PE.NFO,02/01/2024,09:29:40,34.2,34.2,4000,34.35,3920,3560,5746360
FINNIFTY02JAN2421450PE.NFO,02/01/2024,09:29:41,34.25,34.25,4000,34.4,3960,18680,5746360
FINNIFTY02JAN2421450PE.NFO,02/01/2024,09:29:42,34.25,34.15,2360,34.25,800,12960,5746360
FINNIFTY02JAN2421450PE.NFO,02/01/2024,09:29:43,34.75,34.65,40,34.75,280,38400,5746360
FINNIFTY02JAN2421450PE.NFO,02/01/2024,09:29:44,34.5,34.45,2560,34.6,2400,27640,5746360
FINNIFTY02JAN2421450PE.NFO,02/01/2024,09:29:45,34.9,34.8,40,34.85,1640,19920,5746360
FINNIFTY02JAN2421450PE.NFO,02/01/2024,09:29:46,35.15,35.05,2480,35.2,4560,14320,5746360
FINNIFTY02JAN2421450PE.NFO,02/01/2024,09:29:47,34.95,34.95,1440,35.1,6000,19760,5746360
FINNIFTY02JAN2421450PE.NFO,02/01/2024,09:29:48,34.95,34.85,3440,34.95,400,22880,5746360
FINNIFTY02JAN2421450PE.NFO,02/01/2024,09:29:49,34.7,34.75,3480,34.85,480,2360,5746360
FINNIFTY02JAN2421450PE.NFO,02/01/2024,09:29:50,34.85,34.75,2440,34.85,320,7360,5746360
FINNIFTY02JAN2421450PE.NFO,02/01/2024,09:29:51,34.85,34.9,3360,35,600,26280,5746360
FINNIFTY02JAN2421450PE.NFO,02/01/2024,09:29:52,34.65,34.6,40,34.7,2760,116600,5746360
FINNIFTY02JAN2421450PE.NFO,02/01/2024,09:29:53,34.55,34.45,240,34.55,3280,19240,5746360
FINNIFTY02JAN2421450PE.NFO,02/01/2024,09:29:54,34.7,34.6,4240,34.7,240,59160,5746360
FINNIFTY02JAN2421450PE.NFO,02/01/2024,09:29:55,34.65,34.55,2200,34.7,3480,29280,5746360
FINNIFTY02JAN2421450PE.NFO,02/01/2024,09:29:56,34.7,34.6,2840,34.75,3200,18520,5746360
FINNIFTY02JAN2421450PE.NFO,02/01/2024,09:29:57,34.7,34.65,400,34.75,680,26320,5746360
FINNIFTY02JAN2421450PE.NFO,02/01/2024,09:29:58,34.95,34.8,5120,34.95,2560,23520,5746360
FINNIFTY02JAN2421450PE.NFO,02/01/2024,09:29:59,34.35,34.35,3840,34.5,240,29440,5746360
FINNIFTY02JAN2421450PE.NFO,02/01/2024,09:30:00,34,34.05,1720,34.15,40,61000,5746360
FINNIFTY02JAN2421450PE.NFO,02/01/2024,09:30:01,32.45,32.45,1680,32.5,960,199320,5746360
FINNIFTY02JAN2421450PE.NFO,02/01/2024,09:30:02,33.35,33.35,3200,33.5,2800,125960,5746360
FINNIFTY02JAN2421450PE.NFO,02/01/2024,09:30:03,34.55,34.55,1960,34.7,5040,74560,5746360
FINNIFTY02JAN2421450PE.NFO,02/01/2024,09:30:04,34.95,34.85,80,34.95,3520,61240,5746360
FINNIFTY02JAN2421450PE.NFO,02/01/2024,09:30:05,35,34.9,40,35,360,41440,5746360
FINNIFTY02JAN2421450PE.NFO,02/01/2024,09:30:06,35.6,35.55,1760,35.6,40,56800,5746360
FINNIFTY02JAN2421450PE.NFO,02/01/2024,09:30:07,35.35,35.2,4240,35.35,120,6480,5746360
FINNIFTY02JAN2421450PE.NFO,02/01/2024,09:30:08,35.35,35.2,2040,35.35,1440,44480,5746360
FINNIFTY02JAN2421450PE.NFO,02/01/2024,09:30:09,34.75,34.7,400,34.85,4560,37520,5746360
FINNIFTY02JAN2421450PE.NFO,02/01/2024,09:30:10,34.55,34.55,1320,34.7,1800,29520,5746360
FINNIFTY02JAN2421450PE.NFO,02/01/2024,09:30:11,34.65,34.6,40,34.65,960,25400,5746360
FINNIFTY02JAN2421450PE.NFO,02/01/2024,09:30:12,34.35,34.35,480,34.45,2120,4320,5746360
FINNIFTY02JAN2421450PE.NFO,02/01/2024,09:30:13,34.3,34.3,2240,34.45,3080,21400,5746360
FINNIFTY02JAN2421450PE.NFO,02/01/2024,09:30:14,33.4,33.35,160,33.4,200,47440,5746360
FINNIFTY02JAN2421450PE.NFO,02/01/2024,09:30:15,33.4,33.3,2600,33.4,240,28480,5746360
FINNIFTY02JAN2421450PE.NFO,02/01/2024,09:30:16,33.7,33.55,4360,33.7,3200,28240,5746360
FINNIFTY02JAN2421450PE.NFO,02/01/2024,09:30:17,33.55,33.4,3520,33.55,2920,43160,5746360
FINNIFTY02JAN2421450PE.NFO,02/01/2024,09:30:18,33.1,32.95,2560,33.1,1520,36520,5746360
FINNIFTY02JAN2421450PE.NFO,02/01/2024,09:30:19,32.25,32.2,680,32.35,3920,23160,5746360
FINNIFTY02JAN2421450PE.NFO,02/01/2024,09:30:20,32.45,32.45,640,32.5,520,136800,5746360
FINNIFTY02JAN2421450PE.NFO,02/01/2024,09:30:21,32.85,32.75,680,32.85,560,52640,5746360
FINNIFTY02JAN2421450PE.NFO,02/01/2024,09:30:22,33.15,33.05,3160,33.2,2760,55520,5746360
FINNIFTY02JAN2421450PE.NFO,02/01/2024,09:30:23,33.1,33.1,4040,33.25,3160,33920,5746360
FINNIFTY02JAN2421450PE.NFO,02/01/2024,09:30:24,33.5,33.4,2320,33.5,80,35520,5746360
FINNIFTY02JAN2421450PE.NFO,02/01/2024,09:30:25,33.65,33.5,5640,33.65,200,6280,5746360
FINNIFTY02JAN2421450PE.NFO,02/01/2024,09:30:26,33.8,33.7,1000,33.8,160,18800,5746360
FINNIFTY02JAN2421450PE.NFO,02/01/2024,09:30:27,33.8,33.8,40,33.9,1880,26760,5746360
FINNIFTY02JAN2421450PE.NFO,02/01/2024,09:30:28,34.1,33.95,2080,34.1,3360,35160,5746360
FINNIFTY02JAN2421450PE.NFO,02/01/2024,09:30:29,33.9,33.9,160,34.05,3600,25480,5746360
FINNIFTY02JAN2421450PE.NFO,02/01/2024,09:30:30,34,33.95,40,34.05,3880,41920,5746360
FINNIFTY02JAN2421450PE.NFO,02/01/2024,09:30:31,34.75,34.6,1080,34.75,3800,43000,5746360
FINNIFTY02JAN2421450PE.NFO,02/01/2024,09:30:32,34.65,34.5,4520,34.7,3280,3640,5746360
FINNIFTY02JAN2421450PE.NFO,02/01/2024,09:30:33,34.45,34.45,2280,34.55,520,27720,5746360
FINNIFTY02JAN2421450PE.NFO,02/01/2024,09:30:34,34.55,34.35,3120,34.5,3200,23680,5746360
FINNIFTY02JAN2421450PE.NFO,02/01/2024,09:30:35,34.3,34.2,2040,34.3,3160,21880,5746360
FINNIFTY02JAN2421450PE.NFO,02/01/2024,09:30:36,34.3,34.2,5080,34.35,2320,15120,5746360
FINNIFTY02JAN2421450PE.NFO,02/01/2024,09:30:37,34.1,34.05,360,34.15,40,2760,5746360
FINNIFTY02JAN2421450PE.NFO,02/01/2024,09:30:38,34.65,34.5,4520,34.65,1360,26760,5746360
FINNIFTY02JAN2421450PE.NFO,02/01/2024,09:30:39,34.2,34.15,800,34.25,2440,21480,5746360
FINNIFTY02JAN2421450PE.NFO,02/01/2024,09:30:40,33.75,33.6,1120,33.75,3040,26320,5746360
FINNIFTY02JAN2421450PE.NFO,02/01/2024,09:30:41,33.45,33.35,40,33.4,320,27000,5746360
FINNIFTY02JAN2421450PE.NFO,02/01/2024,09:30:42,33.35,33.25,2280,33.4,4040,2160,5746360
FINNIFTY02JAN2421450PE.NFO,02/01/2024,09:30:43,33.95,33.9,3080,34,1480,37360,5746360
FINNIFTY02JAN2421450PE.NFO,02/01/2024,09:30:44,34.1,34,2080,34.15,3800,23440,5746360
FINNIFTY02JAN2421450PE.NFO,02/01/2024,09:30:45,33.8,33.65,4040,33.8,1680,17600,5746360
FINNIFTY02JAN2421450PE.NFO,02/01/2024,09:30:46,33.85,33.75,3760,33.85,80,6280,5746360
FINNIFTY02JAN2421450PE.NFO,02/01/2024,09:30:47,33.9,33.8,560,33.9,1920,13120,5746360
FINNIFTY02JAN2421450PE.NFO,02/01/2024,09:30:48,34,33.95,80,34.05,1120,11280,5746360
FINNIFTY02JAN2421450PE.NFO,02/01/2024,09:30:49,34,33.9,2360,34,2280,12720,5746360
FINNIFTY02JAN2421450PE.NFO,02/01/2024,09:30:50,34.1,34,1960,34.15,3080,17360,5746360
FINNIFTY02JAN2421450PE.NFO,02/01/2024,09:30:51,34,34,2000,34.15,3080,14760,5746360
FINNIFTY02JAN2421450PE.NFO,02/01/2024,09:30:53,33.75,33.65,3800,33.75,40,21960,5746360
FINNIFTY02JAN2421450PE.NFO,02/01/2024,09:30:53,33.7,33.7,1640,33.85,4040,1760,5746360
FINNIFTY02JAN2421450PE.NFO,02/01/2024,09:30:54,33.95,33.95,1760,34,1800,12200,5746360
FINNIFTY02JAN2421450PE.NFO,02/01/2024,09:30:55,34.05,34.05,3120,34.2,1440,23720,5746360
FINNIFTY02JAN2421450PE.NFO,02/01/2024,09:30:56,34.3,34.35,120,34.45,1800,19120,5746360
FINNIFTY02JAN2421450PE.NFO,02/01/2024,09:30:58,34.5,34.45,240,34.55,640,31440,5746360
FINNIFTY02JAN2421450PE.NFO,02/01/2024,09:30:58,34.4,34.4,4200,34.55,680,5240,5746360
FINNIFTY02JAN2421450PE.NFO,02/01/2024,09:30:59,34.55,34.45,760,34.6,2920,17680,5746360
FINNIFTY02JAN2421450PE.NFO,02/01/2024,09:31:00,34.6,34.5,1280,34.6,2160,52080,5746360
FINNIFTY02JAN2421450PE.NFO,02/01/2024,09:31:01,34.4,34.25,1840,34.4,4200,44400,5746360
FINNIFTY02JAN2421450PE.NFO,02/01/2024,09:31:03,34.9,34.8,320,34.9,4520,30200,5746360
FINNIFTY02JAN2421450PE.NFO,02/01/2024,09:31:03,34.7,34.7,160,34.85,3240,7640,5746360
FINNIFTY02JAN2421450PE.NFO,02/01/2024,09:31:04,34.85,34.8,320,34.85,880,52280,5746360
FINNIFTY02JAN2421450PE.NFO,02/01/2024,09:31:05,35.05,34.95,280,35.05,2720,67080,5746360
FINNIFTY02JAN2421450PE.NFO,02/01/2024,09:31:06,35.15,35,3440,35.15,3600,37400,5746360
FINNIFTY02JAN2421450PE.NFO,02/01/2024,09:31:07,35.05,35.05,1800,35.2,3800,39520,5746360
FINNIFTY02JAN2421450PE.NFO,02/01/2024,09:31:08,35,34.9,2000,35,480,19880,5746360
FINNIFTY02JAN2421450PE.NFO,02/01/2024,09:31:10,34.8,34.75,2760,34.9,3640,22160,5746360
FINNIFTY02JAN2421450PE.NFO,02/01/2024,09:31:10,35.05,34.95,2960,35.05,280,8280,5746360
FINNIFTY02JAN2421450PE.NFO,02/01/2024,09:31:11,34.9,34.8,6160,34.9,240,29520,5746360
FINNIFTY02JAN2421450PE.NFO,02/01/2024,09:31:12,35.25,35.15,880,35.3,17640,43280,5746360
FINNIFTY02JAN2421450PE.NFO,02/01/2024,09:31:13,35.55,35.55,720,35.65,2320,57800,5746360
FINNIFTY02JAN2421450PE.NFO,02/01/2024,09:31:15,36.45,36.35,2680,36.5,600,100600,5746360
FINNIFTY02JAN2421450PE.NFO,02/01/2024,09:31:15,36.55,36.4,3080,36.55,2760,4600,5746360
FINNIFTY02JAN2421450PE.NFO,02/01/2024,09:31:16,36.55,36.5,3680,36.7,4440,35880,5746360
FINNIFTY02JAN2421450PE.NFO,02/01/2024,09:31:17,35.85,35.85,1960,36,3680,40840,5746360
FINNIFTY02JAN2421450PE.NFO,02/01/2024,09:31:18,35.95,35.85,2680,36,3200,35160,5746360
FINNIFTY02JAN2421450PE.NFO,02/01/2024,09:31:19,35.95,35.95,80,36,1080,27840,5746360
FINNIFTY02JAN2421450PE.NFO,02/01/2024,09:31:21,36.2,36.1,1840,36.2,280,35280,5746360
FINNIFTY02JAN2421450PE.NFO,02/01/2024,09:31:21,36.25,36.15,600,36.25,1040,4680,5746360
FINNIFTY02JAN2421450PE.NFO,02/01/2024,09:31:22,35.9,35.9,4520,36.05,3560,20200,5746360
FINNIFTY02JAN2421450PE.NFO,02/01/2024,09:31:23,35.65,35.55,200,35.65,2520,30160,5746360
FINNIFTY02JAN2421450PE.NFO,02/01/2024,09:31:24,35.8,35.65,1800,35.8,2320,35400,5746360
FINNIFTY02JAN2421450PE.NFO,02/01/2024,09:31:25,34.65,34.7,1800,34.8,1840,69120,5746360
FINNIFTY02JAN2421450PE.NFO,02/01/2024,09:31:27,34.75,34.65,1160,34.75,2440,28640,5746360
FINNIFTY02JAN2421450PE.NFO,02/01/2024,09:31:27,34.5,34.5,4280,34.65,320,6880,5746360
FINNIFTY02JAN2421450PE.NFO,02/01/2024,09:31:28,34.45,34.3,2400,34.45,3560,24480,5746360
FINNIFTY02JAN2421450PE.NFO,02/01/2024,09:31:29,34.8,34.75,3840,34.9,2520,20400,5746360
FINNIFTY02JAN2421450PE.NFO,02/01/2024,09:31:30,35,34.85,3200,35,1680,23000,5746360
FINNIFTY02JAN2421450PE.NFO,02/01/2024,09:31:31,35.15,35.05,2720,35.2,1800,29240,5746360
FINNIFTY02JAN2421450PE.NFO,02/01/2024,09:31:33,35.05,35.05,3600,35.2,1000,30680,5746360
FINNIFTY02JAN2421450PE.NFO,02/01/2024,09:31:34,35.6,35.5,1560,35.65,3000,23240,5746360
FINNIFTY02JAN2421450PE.NFO,02/01/2024,09:31:35,35.9,35.9,2520,36,17080,24120,5746360
FINNIFTY02JAN2421450PE.NFO,02/01/2024,09:31:36,35.85,35.7,2640,35.85,2960,39480,5746360
FINNIFTY02JAN2421450PE.NFO,02/01/2024,09:31:37,36,35.85,120,36,4000,18120,5746360
FINNIFTY02JAN2421450PE.NFO,02/01/2024,09:31:38,36.15,36.05,2680,36.2,1640,10480,5746360
FINNIFTY02JAN2421450PE.NFO,02/01/2024,09:31:39,36.25,36.15,4520,36.3,480,21000,5746360
FINNIFTY02JAN2421450PE.NFO,02/01/2024,09:31:39,36.2,36.15,480,36.3,4840,4200,5746360
FINNIFTY02JAN2421450PE.NFO,02/01/2024,09:31:40,36.3,36.25,120,36.35,240,39760,5746360
FINNIFTY02JAN2421450PE.NFO,02/01/2024,09:31:41,36.55,36.45,3080,36.6,120,21280,5746360
FINNIFTY02JAN2421450PE.NFO,02/01/2024,09:31:42,36.5,36.3,4720,36.5,4720,21440,5746360
FINNIFTY02JAN2421450PE.NFO,02/01/2024,09:31:43,36.4,36.35,1920,36.5,3160,25080,5746360
FINNIFTY02JAN2421450PE.NFO,02/01/2024,09:31:45,36,35.95,2000,36.1,2280,24960,5746360
FINNIFTY02JAN2421450PE.NFO,02/01/2024,09:31:46,35.4,35.4,1400,35.55,2880,30560,5746360
FINNIFTY02JAN2421450PE.NFO,02/01/2024,09:31:46,35.55,35.5,1560,35.6,200,5200,5746360
FINNIFTY02JAN2421450PE.NFO,02/01/2024,09:31:47,35.7,35.7,4240,35.9,5080,45000,5746360
FINNIFTY02JAN2421450PE.NFO,02/01/2024,09:31:48,35.55,35.45,3600,35.6,2080,36960,5746360
FINNIFTY02JAN2421450PE.NFO,02/01/2024,09:31:49,35.55,35.45,1000,35.6,3800,15400,5746360
FINNIFTY02JAN2421450PE.NFO,02/01/2024,09:31:50,35.8,35.75,2520,35.9,3000,11880,5746360
FINNIFTY02JAN2421450PE.NFO,02/01/2024,09:31:52,35.8,35.7,2640,35.8,320,73160,5746360
FINNIFTY02JAN2421450PE.NFO,02/01/2024,09:31:52,35.8,35.8,920,35.9,600,5480,5746360
FINNIFTY02JAN2421450PE.NFO,02/01/2024,09:31:53,35.9,35.9,2920,36.05,240,23960,5746360
FINNIFTY02JAN2421450PE.NFO,02/01/2024,09:31:54,36.5,36.5,200,36.6,440,103080,5746360
FINNIFTY02JAN2421450PE.NFO,02/01/2024,09:31:55,36.6,36.45,2480,36.6,1160,37480,5746360
FINNIFTY02JAN2421450PE.NFO,02/01/2024,09:31:57,36.8,36.75,200,36.9,3240,29880,5746360
FINNIFTY02JAN2421450PE.NFO,02/01/2024,09:31:57,36.5,36.5,1280,36.65,1640,11360,5746360
FINNIFTY02JAN2421450PE.NFO,02/01/2024,09:31:58,35.95,35.95,3240,36.15,2920,39120,5746360
FINNIFTY02JAN2421450PE.NFO,02/01/2024,09:31:59,36.2,36.1,840,36.2,240,36200,5746360
FINNIFTY02JAN2421450PE.NFO,02/01/2024,09:32:00,35.95,35.9,3120,36.05,1080,65360,5746360
FINNIFTY02JAN2421450PE.NFO,02/01/2024,09:32:01,35.95,35.95,2160,36.1,2040,29800,5746360
FINNIFTY02JAN2421450PE.NFO,02/01/2024,09:32:03,36.3,36.15,3000,36.3,1800,27360,5746360
FINNIFTY02JAN2421450PE.NFO,02/01/2024,09:32:03,35.95,35.95,3360,36.15,3440,7440,5746360
FINNIFTY02JAN2421450PE.NFO,02/01/2024,09:32:04,36.8,36.75,600,36.85,280,38600,5746360
FINNIFTY02JAN2421450PE.NFO,02/01/2024,09:32:05,36.7,36.55,3320,36.7,280,62080,5746360
FINNIFTY02JAN2421450PE.NFO,02/01/2024,09:32:06,36.85,36.7,2960,36.85,600,34560,5746360
FINNIFTY02JAN2421450PE.NFO,02/01/2024,09:32:08,36.95,36.95,960,37,2600,35880,5746360
FINNIFTY02JAN2421450PE.NFO,02/01/2024,09:32:08,36.9,36.85,40,36.95,4640,6280,5746360
FINNIFTY02JAN2421450PE.NFO,02/01/2024,09:32:09,37.1,37,40,37.1,2680,29040,5746360
FINNIFTY02JAN2421450PE.NFO,02/01/2024,09:32:10,36.75,36.75,2760,36.9,4360,26360,5746360
FINNIFTY02JAN2421450PE.NFO,02/01/2024,09:32:11,36.45,36.45,3000,36.65,3880,48320,5746360
FINNIFTY02JAN2421450PE.NFO,02/01/2024,09:32:13,35.7,35.6,1000,35.75,3760,61680,5746360
FINNIFTY02JAN2421450PE.NFO,02/01/2024,09:32:13,35.8,35.7,240,35.8,3920,3040,5746360
FINNIFTY02JAN2421450PE.NFO,02/01/2024,09:32:14,36.35,36.35,40,36.4,1920,27240,5746360
FINNIFTY02JAN2421450PE.NFO,02/01/2024,09:32:15,36.7,36.7,40,36.85,2840,37480,5746360
FINNIFTY02JAN2421450PE.NFO,02/01/2024,09:32:16,37,36.85,1960,37,8360,37200,5746360
FINNIFTY02JAN2421450PE.NFO,02/01/2024,09:32:18,37.5,37.35,2120,37.5,2560,24520,5746360
FINNIFTY02JAN2421450PE.NFO,02/01/2024,09:32:18,37.3,37.3,80,37.4,1360,7960,5746360
FINNIFTY02JAN2421450PE.NFO,02/01/2024,09:32:19,38.4,38.35,3760,38.5,400,74400,5746360
FINNIFTY02JAN2421450PE.NFO,02/01/2024,09:32:20,38.1,38.1,640,38.3,3280,41120,5746360
FINNIFTY02JAN2421450PE.NFO,02/01/2024,09:32:21,37.85,37.8,3960,38,3360,53720,5746360
FINNIFTY02JAN2421450PE.NFO,02/01/2024,09:32:22,38,37.85,3480,38,1480,51240,5746360
FINNIFTY02JAN2421450PE.NFO,02/01/2024,09:32:23,38.4,38.25,1880,38.4,920,48480,5746360
FINNIFTY02JAN2421450PE.NFO,02/01/2024,09:32:24,38.3,38.2,560,38.35,3120,33720,5746360
FINNIFTY02JAN2421450PE.NFO,02/01/2024,09:32:25,38.65,38.65,40,38.7,960,43880,5746360
FINNIFTY02JAN2421450PE.NFO,02/01/2024,09:32:27,37.85,37.85,1600,38.05,2560,42920,5746360
FINNIFTY02JAN2421450PE.NFO,02/01/2024,09:32:27,37.9,37.8,1040,37.95,5440,8560,5746360
FINNIFTY02JAN2421450PE.NFO,02/01/2024,09:32:28,37.65,37.5,3360,37.65,160,34080,5746360
FINNIFTY02JAN2421450PE.NFO,02/01/2024,09:32:29,37.1,37.05,1480,37.15,200,42600,5746360
FINNIFTY02JAN2421450PE.NFO,02/01/2024,09:32:30,37.3,37.2,3920,37.35,1000,24400,6356040
FINNIFTY02JAN2421450PE.NFO,02/01/2024,09:32:31,36.95,36.95,40,37.05,2640,39920,6356040
FINNIFTY02JAN2421450PE.NFO,02/01/2024,09:32:32,37.25,37.25,160,37.35,160,19080,6356040
FINNIFTY02JAN2421450PE.NFO,02/01/2024,09:32:33,37.4,37.25,40,37.4,3200,18520,6356040
FINNIFTY02JAN2421450PE.NFO,02/01/2024,09:32:35,37.55,37.55,3200,37.65,240,33240,6356040
FINNIFTY02JAN2421450PE.NFO,02/01/2024,09:32:36,37.65,37.55,2000,37.7,2800,19880,6356040
FINNIFTY02JAN2421450PE.NFO,02/01/2024,09:32:37,38.15,38.1,3560,38.25,1560,41800,6356040
FINNIFTY02JAN2421450PE.NFO,02/01/2024,09:32:38,38.4,38.45,1320,38.6,2240,27200,6356040
FINNIFTY02JAN2421450PE.NFO,02/01/2024,09:32:39,38.6,38.45,3520,38.6,1880,43120,6356040
FINNIFTY02JAN2421450PE.NFO,02/01/2024,09:32:40,38.4,38.45,1800,38.55,440,40080,6356040
FINNIFTY02JAN2421450PE.NFO,02/01/2024,09:32:41,38.15,38,240,38.15,2560,30960,6356040
FINNIFTY02JAN2421450PE.NFO,02/01/2024,09:32:42,38.25,38.1,3800,38.3,3360,24120,6356040
FINNIFTY02JAN2421450PE.NFO,02/01/2024,09:32:43,38.3,38.3,3520,38.45,360,17480,6356040
FINNIFTY02JAN2421450PE.NFO,02/01/2024,09:32:44,38.05,38,2400,38.15,2280,33320,6356040
FINNIFTY02JAN2421450PE.NFO,02/01/2024,09:32:45,38.05,38.05,320,38.15,2800,37320,6356040
FINNIFTY02JAN2421450PE.NFO,02/01/2024,09:32:46,38.35,38.3,3880,38.5,3680,30480,6356040
FINNIFTY02JAN2421450PE.NFO,02/01/2024,09:32:47,38,37.85,240,38,1680,26760,6356040
FINNIFTY02JAN2421450PE.NFO,02/01/2024,09:32:48,37.9,37.85,160,37.95,2400,13880,6356040
FINNIFTY02JAN2421450PE.NFO,02/01/2024,09:32:49,37.4,37.25,520,37.4,4880,28520,6356040
FINNIFTY02JAN2421450PE.NFO,02/01/2024,09:32:50,37.1,37.1,1760,37.3,3440,20560,6356040
FINNIFTY02JAN2421450PE.NFO,02/01/2024,09:32:51,37.6,37.6,3400,37.75,2960,66120,6356040
FINNIFTY02JAN2421450PE.NFO,02/01/2024,09:32:52,37.55,37.4,600,37.55,2400,21680,6356040
FINNIFTY02JAN2421450PE.NFO,02/01/2024,09:32:52,37.4,37.4,800,37.55,3840,6000,6356040
FINNIFTY02JAN2421450PE.NFO,02/01/2024,09:32:53,38.1,38.15,40,38.2,2920,49400,6356040
FINNIFTY02JAN2421450PE.NFO,02/01/2024,09:32:54,37.5,37.35,4640,37.5,200,15760,6356040
FINNIFTY02JAN2421450PE.NFO,02/01/2024,09:32:55,37.7,37.7,40,37.75,640,17920,6356040
FINNIFTY02JAN2421450PE.NFO,02/01/2024,09:32:56,37.8,37.7,2200,37.8,3640,28000,6356040
FINNIFTY02JAN2421450PE.NFO,02/01/2024,09:32:57,37.85,37.7,2040,37.85,2800,25400,6356040
FINNIFTY02JAN2421450PE.NFO,02/01/2024,09:32:58,37.7,37.5,840,37.65,2560,11480,6356040
FINNIFTY02JAN2421450PE.NFO,02/01/2024,09:32:59,37.15,37.05,480,37.15,1480,19320,6356040
FINNIFTY02JAN2421450PE.NFO,02/01/2024,09:33:00,37,37,2080,37.1,160,39640,6356040
FINNIFTY02JAN2421450PE.NFO,02/01/2024,09:33:01,36.7,36.8,240,36.9,4440,68160,6356040
FINNIFTY02JAN2421450PE.NFO,02/01/2024,09:33:02,36.75,36.6,4560,36.75,280,31240,6356040
FINNIFTY02JAN2421450PE.NFO,02/01/2024,09:33:03,36.8,36.75,2360,36.8,3800,27920,6356040
FINNIFTY02JAN2421450PE.NFO,02/01/2024,09:33:04,36.65,36.65,800,36.8,4840,20600,6356040
FINNIFTY02JAN2421450PE.NFO,02/01/2024,09:33:05,36.6,36.6,1080,36.7,800,19360,6356040
FINNIFTY02JAN2421450PE.NFO,02/01/2024,09:33:06,36.6,36.6,2920,36.75,2600,22240,6356040
FINNIFTY02JAN2421450PE.NFO,02/01/2024,09:33:08,37.1,36.95,3800,37.15,3160,42760,6356040
FINNIFTY02JAN2421450PE.NFO,02/01/2024,09:33:09,36.7,36.6,1080,36.7,720,34320,6356040
FINNIFTY02JAN2421450PE.NFO,02/01/2024,09:33:09,36.85,36.75,1080,36.85,280,760,6356040
FINNIFTY02JAN2421450PE.NFO,02/01/2024,09:33:10,36.75,36.7,1280,36.85,3440,30200,6356040
FINNIFTY02JAN2421450PE.NFO,02/01/2024,09:33:11,37.25,37.1,2840,37.25,3560,23160,6356040
FINNIFTY02JAN2421450PE.NFO,02/01/2024,09:33:13,37.3,37.25,1800,37.3,1320,21360,6356040
FINNIFTY02JAN2421450PE.NFO,02/01/2024,09:33:14,37.65,37.55,1360,37.7,3160,16960,6356040
FINNIFTY02JAN2421450PE.NFO,02/01/2024,09:33:14,37.7,37.55,3120,37.7,2080,1320,6356040
FINNIFTY02JAN2421450PE.NFO,02/01/2024,09:33:15,38.2,38.1,2680,38.25,2560,43680,6356040
FINNIFTY02JAN2421450PE.NFO,02/01/2024,09:33:16,38.7,38.55,1720,38.7,3840,38960,6356040
FINNIFTY02JAN2421450PE.NFO,02/01/2024,09:33:17,38.35,38.35,3920,38.5,200,42240,6356040
FINNIFTY02JAN2421450PE.NFO,02/01/2024,09:33:19,38.2,38.05,1120,38.2,3640,39960,6356040
FINNIFTY02JAN2421450PE.NFO,02/01/2024,09:33:20,38.3,38.2,120,38.3,2160,27520,6356040
FINNIFTY02JAN2421450PE.NFO,02/01/2024,09:33:20,38.25,38.15,1920,38.3,2960,5440,6356040
FINNIFTY02JAN2421450PE.NFO,02/01/2024,09:33:21,38.15,38,2680,38.15,2440,18480,6356040
FINNIFTY02JAN2421450PE.NFO,02/01/2024,09:33:22,38.5,38.4,2400,38.5,2240,27400,6356040
FINNIFTY02JAN2421450PE.NFO,02/01/2024,09:33:24,38.45,38.3,760,38.45,2760,33160,6356040
FINNIFTY02JAN2421450PE.NFO,02/01/2024,09:33:25,38.4,38.35,720,38.5,3640,31840,6356040
FINNIFTY02JAN2421450PE.NFO,02/01/2024,09:33:25,38.85,38.75,1720,38.9,520,7720,6356040
FINNIFTY02JAN2421450PE.NFO,02/01/2024,09:33:26,39,38.9,3160,39,1440,75080,6356040
FINNIFTY02JAN2421450PE.NFO,02/01/2024,09:33:27,38.85,38.85,80,38.9,440,39800,6356040
FINNIFTY02JAN2421450PE.NFO,02/01/2024,09:33:29,39.05,38.9,880,39.05,3320,26640,6356040
FINNIFTY02JAN2421450PE.NFO,02/01/2024,09:33:30,38.55,38.55,2800,38.7,2120,24840,6356040
FINNIFTY02JAN2421450PE.NFO,02/01/2024,09:33:30,38.45,38.45,200,38.55,4320,2240,6356040
FINNIFTY02JAN2421450PE.NFO,02/01/2024,09:33:31,38.35,38.2,2520,38.35,280,28560,6356040
FINNIFTY02JAN2421450PE.NFO,02/01/2024,09:33:32,37.8,37.7,1880,37.75,120,41680,6356040
FINNIFTY02JAN2421450PE.NFO,02/01/2024,09:33:34,37.7,37.6,2640,37.75,440,20360,6356040
FINNIFTY02JAN2421450PE.NFO,02/01/2024,09:33:35,37.95,37.85,3080,38,2520,18280,6356040
FINNIFTY02JAN2421450PE.NFO,02/01/2024,09:33:35,37.9,37.75,3040,37.9,320,3480,6356040
FINNIFTY02JAN2421450PE.NFO,02/01/2024,09:33:36,38.05,37.95,4400,38.1,120,25680,6356040
FINNIFTY02JAN2421450PE.NFO,02/01/2024,09:33:37,37.5,37.4,200,37.5,4640,35400,6356040
FINNIFTY02JAN2421450PE.NFO,02/01/2024,09:33:39,37.6,37.5,200,37.65,3200,16320,6356040
FINNIFTY02JAN2421450PE.NFO,02/01/2024,09:33:40,37.9,37.9,80,38,1680,31520,6356040
FINNIFTY02JAN2421450PE.NFO,02/01/2024,09:33:40,37.85,37.7,160,37.85,5320,8320,6356040
FINNIFTY02JAN2421450PE.NFO,02/01/2024,09:33:41,38.1,38.1,3760,38.3,4600,31080,6356040
FINNIFTY02JAN2421450PE.NFO,02/01/2024,09:33:42,37.75,37.6,1280,37.75,2760,14720,6356040
FINNIFTY02JAN2421450PE.NFO,02/01/2024,09:33:44,36.95,36.9,160,37,3000,53800,6356040
FINNIFTY02JAN2421450PE.NFO,02/01/2024,09:33:45,37,36.85,2280,37,3040,14720,6356040
FINNIFTY02JAN2421450PE.NFO,02/01/2024,09:33:45,36.85,36.85,2160,36.95,1120,7200,6356040
FINNIFTY02JAN2421450PE.NFO,02/01/2024,09:33:46,37.05,37.05,440,37.2,3640,16640,6356040
FINNIFTY02JAN2421450PE.NFO,02/01/2024,09:33:47,37.25,37.15,3560,37.3,680,26400,6356040
FINNIFTY02JAN2421450PE.NFO,02/01/2024,09:33:48,37.25,37.1,1840,37.25,2040,11960,6356040
FINNIFTY02JAN2421450PE.NFO,02/01/2024,09:33:49,36.9,36.75,1600,36.9,3800,14360,6356040
FINNIFTY02JAN2421450PE.NFO,02/01/2024,09:33:50,36.2,36.1,1280,36.2,40,30920,6356040
FINNIFTY02JAN2421450PE.NFO,02/01/2024,09:33:51,36.15,36.1,1280,36.15,520,26360,6356040
FINNIFTY02JAN2421450PE.NFO,02/01/2024,09:33:52,35.45,35.45,2640,35.6,1960,74360,6356040
FINNIFTY02JAN2421450PE.NFO,02/01/2024,09:33:53,35.2,35.2,3400,35.35,3240,31600,6356040
FINNIFTY02JAN2421450PE.NFO,02/01/2024,09:33:54,35.6,35.55,40,35.65,3800,43600,6356040
FINNIFTY02JAN2421450PE.NFO,02/01/2024,09:33:55,35.55,35.45,3480,35.6,2680,28000,6356040
FINNIFTY02JAN2421450PE.NFO,02/01/2024,09:33:56,35.45,35.4,3640,35.55,3760,20440,6356040
FINNIFTY02JAN2421450PE.NFO,02/01/2024,09:33:57,35.7,35.6,4600,35.75,3160,24000,6356040
FINNIFTY02JAN2421450PE.NFO,02/01/2024,09:33:58,35.55,35.65,40,35.7,3960,52880,6356040
FINNIFTY02JAN2421450PE.NFO,02/01/2024,09:33:59,36.05,35.95,1240,36.05,160,23400,6356040
FINNIFTY02JAN2421450PE.NFO,02/01/2024,09:34:01,35.55,35.55,2040,35.7,2000,46920,6356040
FINNIFTY02JAN2421450PE.NFO,02/01/2024,09:34:02,36.3,36.25,5160,36.4,2200,36480,6356040
FINNIFTY02JAN2421450PE.NFO,02/01/2024,09:34:02,36.25,36.25,120,36.4,3760,2840,6356040
FINNIFTY02JAN2421450PE.NFO,02/01/2024,09:34:03,36.45,36.4,4600,36.55,600,27200,6356040
FINNIFTY02JAN2421450PE.NFO,02/01/2024,09:34:04,36.35,36.3,400,36.4,120,16240,6356040
FINNIFTY02JAN2421450PE.NFO,02/01/2024,09:34:05,36.3,36.3,1000,36.4,2720,11440,6356040
FINNIFTY02JAN2421450PE.NFO,02/01/2024,09:34:06,36.5,36.35,1160,36.5,3400,26680,6356040
FINNIFTY02JAN2421450PE.NFO,02/01/2024,09:34:08,36.6,36.5,280,36.6,1160,16600,6356040
