Ticker,Date,Time,LTP,BuyPrice,BuyQty,SellPrice,SellQty,LTQ,OpenInterest
FINNIFTY02JAN2420200CE.NFO,02/01/2024,10:06:41,1175,1153.15,200,1173.95,80,80,480
FINNIFTY02JAN2420200CE.NFO,02/01/2024,10:06:41,1175,1153.15,200,1173.95,80,0,480
FINNIFTY02JAN2420200CE.NFO,02/01/2024,10:06:41,1175,1153.15,200,1173.95,80,0,480
FINNIFTY02JAN2420200CE.NFO,02/01/2024,10:06:41,1175,1153.15,200,1173.95,80,0,480
FINNIFTY02JAN2420200CE.NFO,02/01/2024,10:06:52,1175,1153.15,200,1170.95,120,0,480
FINNIFTY02JAN2420200CE.NFO,02/01/2024,10:07:03,1175,1153.15,200,1174.9,120,0,480
FINNIFTY02JAN2420200CE.NFO,02/01/2024,10:07:15,1175,1153.15,200,1182,120,0,480
FINNIFTY02JAN2420200CE.NFO,02/01/2024,10:07:26,1175,1154.2,80,1178.85,80,0,480
FINNIFTY02JAN2420200CE.NFO,02/01/2024,10:07:38,1175,1154.85,40,1178.7,160,0,480
FINNIFTY02JAN2420200CE.NFO,02/01/2024,10:07:49,1175,1155.15,40,1175.75,120,0,480
FINNIFTY02JAN2420200CE.NFO,02/01/2024,10:08:00,1175,1155.85,80,1173.2,80,0,480
FINNIFTY02JAN2420200CE.NFO,02/01/2024,10:08:11,1175,1156.5,200,1174.9,120,0,480
FINNIFTY02JAN2420200CE.NFO,02/01/2024,10:08:22,1175,1157.5,80,1174.7,120,0,480
FINNIFTY02JAN2420200CE.NFO,02/01/2024,10:08:33,1175,1158.15,160,1173.7,120,0,480
FINNIFTY02JAN2420200CE.NFO,02/01/2024,10:08:44,1175,1153.2,320,1172.75,280,0,480
FINNIFTY02JAN2420200CE.NFO,02/01/2024,10:08:56,1175,1153.25,200,1169.05,120,0,480
FINNIFTY02JAN2420200CE.NFO,02/01/2024,10:09:07,1175,1153.25,200,1178.15,120,0,480
FINNIFTY02JAN2420200CE.NFO,02/01/2024,10:09:19,1175,1153.25,200,1177.75,160,0,480
FINNIFTY02JAN2420200CE.NFO,02/01/2024,10:09:30,1175,1161,200,1179.15,120,0,480
FINNIFTY02JAN2420200CE.NFO,02/01/2024,10:09:42,1175,1161.25,80,1175.7,160,0,480
FINNIFTY02JAN2420200CE.NFO,02/01/2024,10:09:53,1175,1161.5,80,1177.95,760,0,480
FINNIFTY02JAN2420200CE.NFO,02/01/2024,10:10:04,1175,1162.2,80,1177.8,200,0,480
FINNIFTY02JAN2420200CE.NFO,02/01/2024,10:10:15,1175,1162.95,40,1176.8,200,0,480
FINNIFTY02JAN2420200CE.NFO,02/01/2024,10:10:26,1175,1160.9,160,1169.5,400,0,480
FINNIFTY02JAN2420200CE.NFO,02/01/2024,10:10:38,1175,1160.9,160,1174.55,200,0,480
FINNIFTY02JAN2420200CE.NFO,02/01/2024,10:10:50,1175,1160.9,160,1172.4,160,0,480
FINNIFTY02JAN2420200CE.NFO,02/01/2024,10:11:01,1175,1161.1,200,1170.45,160,0,480
FINNIFTY02JAN2420200CE.NFO,02/01/2024,10:11:12,1175,1161.35,40,1176.15,200,0,480
FINNIFTY02JAN2420200CE.NFO,02/01/2024,10:11:23,1175,1161.9,80,1172.95,120,0,480
FINNIFTY02JAN2420200CE.NFO,02/01/2024,10:11:33,1175,1158.75,80,1169.65,400,0,480
FINNIFTY02JAN2420200CE.NFO,02/01/2024,10:11:44,1175,1157,80,1169.1,280,0,480
FINNIFTY02JAN2420200CE.NFO,02/01/2024,10:11:55,1175,1157.65,80,1168.4,120,0,480
FINNIFTY02JAN2420200CE.NFO,02/01/2024,10:12:05,1175,1158.35,120,1174.05,120,0,480
FINNIFTY02JAN2420200CE.NFO,02/01/2024,10:12:15,1175,1158.65,80,1172.4,160,0,480
FINNIFTY02JAN2420200CE.NFO,02/01/2024,10:12:26,1175,1158.75,360,1172.1,160,0,480
FINNIFTY02JAN2420200CE.NFO,02/01/2024,10:12:36,1175,1159.3,40,1170.1,280,0,480
FINNIFTY02JAN2420200CE.NFO,02/01/2024,10:12:48,1175,1145.8,240,1167.5,40,0,480
FINNIFTY02JAN2420200CE.NFO,02/01/2024,10:12:59,1175,1147.05,40,1166.1,40,0,480
FINNIFTY02JAN2420200CE.NFO,02/01/2024,10:13:10,1175,1148.25,120,1164.1,120,0,480
FINNIFTY02JAN2420200CE.NFO,02/01/2024,10:13:21,1175,1145.75,160,1162.65,120,0,480
FINNIFTY02JAN2420200CE.NFO,02/01/2024,10:13:32,1175,1145.75,160,1162.4,120,0,480
FINNIFTY02JAN2420200CE.NFO,02/01/2024,10:13:43,1175,1145.75,160,1160.9,160,0,480
FINNIFTY02JAN2420200CE.NFO,02/01/2024,10:13:53,1175,1146.2,200,1160.75,200,0,480
FINNIFTY02JAN2420200CE.NFO,02/01/2024,10:14:03,1175,1147,160,1174.85,360,0,480
FINNIFTY02JAN2420200CE.NFO,02/01/2024,10:14:14,1175,1147.7,80,1174.8,600,0,480
FINNIFTY02JAN2420200CE.NFO,02/01/2024,10:14:24,1175,1149.3,80,1174.8,600,0,480
FINNIFTY02JAN2420200CE.NFO,02/01/2024,10:14:34,1175,1150.15,160,1174.8,600,0,480
FINNIFTY02JAN2420200CE.NFO,02/01/2024,10:14:45,1175,1150.9,40,1174.8,600,0,480
FINNIFTY02JAN2420200CE.NFO,02/01/2024,10:14:56,1175,1151.8,80,1174.8,600,0,480
FINNIFTY02JAN2420200CE.NFO,02/01/2024,10:15:06,1175,1152.45,160,1174.8,600,0,480
FINNIFTY02JAN2420200CE.NFO,02/01/2024,10:15:16,1175,1158.3,40,1174.8,600,0,480
FINNIFTY02JAN2420200CE.NFO,02/01/2024,10:15:26,1175,1158.45,200,1174.8,600,0,480
FINNIFTY02JAN2420200CE.NFO,02/01/2024,10:15:37,1175,1157.05,120,1166,160,0,480
FINNIFTY02JAN2420200CE.NFO,02/01/2024,10:15:47,1175,1158.35,80,1165.9,640,0,480
FINNIFTY02JAN2420200CE.NFO,02/01/2024,10:15:57,1175,1159.4,120,1167.9,160,0,480
FINNIFTY02JAN2420200CE.NFO,02/01/2024,10:16:07,1175,1159.25,40,1165.8,40,0,480
FINNIFTY02JAN2420200CE.NFO,02/01/2024,10:16:18,1175,1159.4,200,1166.8,160,0,480
FINNIFTY02JAN2420200CE.NFO,02/01/2024,10:16:28,1175,1159.5,120,1167.45,40,0,480
FINNIFTY02JAN2420200CE.NFO,02/01/2024,10:16:38,1175,1159.8,80,1167.2,160,0,480
FINNIFTY02JAN2420200CE.NFO,02/01/2024,10:16:48,1175,1155.45,40,1166,80,0,480
FINNIFTY02JAN2420200CE.NFO,02/01/2024,10:16:59,1175,1151.1,40,1162.35,80,0,480
FINNIFTY02JAN2420200CE.NFO,02/01/2024,10:17:10,1175,1144.45,200,1160.8,160,0,480
FINNIFTY02JAN2420200CE.NFO,02/01/2024,10:17:21,1175,1142.2,400,1160.65,80,0,480
FINNIFTY02JAN2420200CE.NFO,02/01/2024,10:17:32,1175,1138.55,40,1160.45,200,0,480
FINNIFTY02JAN2420200CE.NFO,02/01/2024,10:17:43,1175,1140.35,360,1160.05,40,0,480
FINNIFTY02JAN2420200CE.NFO,02/01/2024,10:17:53,1175,1140.45,80,1159.8,160,0,480
FINNIFTY02JAN2420200CE.NFO,02/01/2024,10:18:03,1175,1140.45,80,1159.75,280,0,480
FINNIFTY02JAN2420200CE.NFO,02/01/2024,10:18:21,1175,1140.45,80,1159.2,80,0,480
FINNIFTY02JAN2420200CE.NFO,02/01/2024,10:18:31,1175,1144.65,120,1158.3,80,0,480
FINNIFTY02JAN2420200CE.NFO,02/01/2024,10:18:41,1175,1142.4,160,1157.4,160,0,480
FINNIFTY02JAN2420200CE.NFO,02/01/2024,10:18:50,1175,1142.4,160,1157.1,80,0,480
FINNIFTY02JAN2420200CE.NFO,02/01/2024,10:19:00,1175,1142.4,160,1156.7,80,0,480
FINNIFTY02JAN2420200CE.NFO,02/01/2024,10:19:09,1175,1142.4,160,1156.4,280,0,480
FINNIFTY02JAN2420200CE.NFO,02/01/2024,10:19:20,1175,1140.2,200,1155.8,200,0,480
FINNIFTY02JAN2420200CE.NFO,02/01/2024,10:19:30,1175,1140.2,200,1154.7,240,0,480
FINNIFTY02JAN2420200CE.NFO,02/01/2024,10:19:40,1175,1140.2,200,1153.8,160,0,480
FINNIFTY02JAN2420200CE.NFO,02/01/2024,10:19:49,1175,1140.2,200,1154.2,40,0,480
FINNIFTY02JAN2420200CE.NFO,02/01/2024,10:19:59,1175,1140.2,200,1159.7,160,0,480
FINNIFTY02JAN2420200CE.NFO,02/01/2024,10:20:28,1175,1145,40,1159.7,160,0,480
FINNIFTY02JAN2420200CE.NFO,02/01/2024,10:20:38,1175,1145.3,40,1159.7,160,0,480
FINNIFTY02JAN2420200CE.NFO,02/01/2024,10:20:47,1175,1146.2,160,1159.7,160,0,480
FINNIFTY02JAN2420200CE.NFO,02/01/2024,10:20:57,1175,1146.9,160,1159.7,160,0,480
FINNIFTY02JAN2420200CE.NFO,02/01/2024,10:21:06,1175,1144.15,160,1159.7,160,0,480
FINNIFTY02JAN2420200CE.NFO,02/01/2024,10:21:16,1175,1141.95,560,1159.7,160,0,480
FINNIFTY02JAN2420200CE.NFO,02/01/2024,10:21:27,1175,1141.95,560,1166.55,160,0,480
FINNIFTY02JAN2420200CE.NFO,02/01/2024,10:21:38,1175,1141.95,560,1166.25,160,0,480
FINNIFTY02JAN2420200CE.NFO,02/01/2024,10:21:48,1175,1141.95,560,1165.55,40,0,480
FINNIFTY02JAN2420200CE.NFO,02/01/2024,10:21:58,1175,1141.95,560,1164.9,200,0,480
FINNIFTY02JAN2420200CE.NFO,02/01/2024,10:22:07,1175,1141.95,560,1164.6,40,0,480
FINNIFTY02JAN2420200CE.NFO,02/01/2024,10:22:17,1175,1141.95,560,1164.3,40,0,480
FINNIFTY02JAN2420200CE.NFO,02/01/2024,10:22:27,1175,1144.75,160,1164.1,160,0,480
FINNIFTY02JAN2420200CE.NFO,02/01/2024,10:22:37,1175,1144.9,200,1164.05,160,0,480
FINNIFTY02JAN2420200CE.NFO,02/01/2024,10:22:47,1175,1145.6,160,1161.7,40,0,480
FINNIFTY02JAN2420200CE.NFO,02/01/2024,10:22:57,1175,1144.75,120,1160.55,40,0,480
FINNIFTY02JAN2420200CE.NFO,02/01/2024,10:23:08,1175,1144.75,40,1160.15,40,0,480
FINNIFTY02JAN2420200CE.NFO,02/01/2024,10:23:18,1175,1144.65,200,1159.85,40,0,480
FINNIFTY02JAN2420200CE.NFO,02/01/2024,10:23:28,1175,1142.55,200,1158.95,40,0,480
FINNIFTY02JAN2420200CE.NFO,02/01/2024,10:23:38,1175,1142.55,200,1158.15,80,0,480
FINNIFTY02JAN2420200CE.NFO,02/01/2024,10:23:49,1175,1142.55,200,1155.65,80,0,480
FINNIFTY02JAN2420200CE.NFO,02/01/2024,10:23:59,1175,1140.45,40,1155.4,160,0,480
FINNIFTY02JAN2420200CE.NFO,02/01/2024,10:24:10,1175,1140.45,40,1154.55,80,0,480
FINNIFTY02JAN2420200CE.NFO,02/01/2024,10:24:20,1175,1140.45,40,1154.15,80,0,480
FINNIFTY02JAN2420200CE.NFO,02/01/2024,10:24:30,1175,1140.45,40,1153.25,40,0,480
FINNIFTY02JAN2420200CE.NFO,02/01/2024,10:24:40,1175,1140.45,40,1153.3,360,0,480
FINNIFTY02JAN2420200CE.NFO,02/01/2024,10:24:50,1175,1140.45,40,1152.75,240,0,480
FINNIFTY02JAN2420200CE.NFO,02/01/2024,10:25:00,1175,1143.8,40,1159.35,200,0,480
FINNIFTY02JAN2420200CE.NFO,02/01/2024,10:25:10,1175,1145.1,40,1159.35,200,0,480
FINNIFTY02JAN2420200CE.NFO,02/01/2024,10:25:21,1175,1147,160,1159.35,200,0,480
FINNIFTY02JAN2420200CE.NFO,02/01/2024,10:25:31,1175,1147.5,80,1159.35,200,0,480
FINNIFTY02JAN2420200CE.NFO,02/01/2024,10:25:42,1175,1149.3,40,1159.35,200,0,480
FINNIFTY02JAN2420200CE.NFO,02/01/2024,10:25:52,1175,1150.3,40,1159.35,200,0,480
FINNIFTY02JAN2420200CE.NFO,02/01/2024,10:26:02,1175,1143.15,160,1159.35,200,0,480
FINNIFTY02JAN2420200CE.NFO,02/01/2024,10:26:43,1175,1141.85,120,1159.35,200,0,480
FINNIFTY02JAN2420200CE.NFO,02/01/2024,10:26:54,1175,1141.05,80,1159.35,200,0,480
FINNIFTY02JAN2420200CE.NFO,02/01/2024,10:29:29,1175,1141.05,80,1162.9,200,0,480
FINNIFTY02JAN2420200CE.NFO,02/01/2024,10:29:38,1175,1141,80,1162.9,200,0,480
FINNIFTY02JAN2420200CE.NFO,02/01/2024,10:29:54,1175,1149.7,80,1162.9,200,0,480
FINNIFTY02JAN2420200CE.NFO,02/01/2024,10:30:03,1175,1150.45,120,1162.9,200,0,480
FINNIFTY02JAN2420200CE.NFO,02/01/2024,10:30:12,1175,1150.75,40,1162.9,200,0,480
FINNIFTY02JAN2420200CE.NFO,02/01/2024,10:30:22,1175,1152.05,160,1167.2,280,0,480
FINNIFTY02JAN2420200CE.NFO,02/01/2024,10:30:31,1175,1152.8,160,1167.15,200,0,480
FINNIFTY02JAN2420200CE.NFO,02/01/2024,10:30:41,1175,1153.05,160,1171.5,480,0,480
FINNIFTY02JAN2420200CE.NFO,02/01/2024,10:30:50,1175,1154.75,240,1171.45,200,0,480
FINNIFTY02JAN2420200CE.NFO,02/01/2024,10:31:00,1175,1155.05,160,1171.45,200,0,480
FINNIFTY02JAN2420200CE.NFO,02/01/2024,10:31:10,1175,1156.5,200,1171.15,160,0,480
FINNIFTY02JAN2420200CE.NFO,02/01/2024,10:31:19,1175,1156.8,80,1170.55,80,0,480
FINNIFTY02JAN2420200CE.NFO,02/01/2024,10:31:27,1175,1156.9,360,1170.45,360,0,480
FINNIFTY02JAN2420200CE.NFO,02/01/2024,10:31:37,1175,1156.9,360,1175.8,360,0,480
FINNIFTY02JAN2420200CE.NFO,02/01/2024,10:31:46,1175,1156.9,360,1179.85,240,0,480
FINNIFTY02JAN2420200CE.NFO,02/01/2024,10:31:57,1175,1156.9,360,1188.7,200,0,480
FINNIFTY02JAN2420200CE.NFO,02/01/2024,10:32:36,1175,1157.45,160,1188.7,200,0,480
FINNIFTY02JAN2420200CE.NFO,02/01/2024,10:32:46,1175,1157.55,80,1188.7,200,0,480
FINNIFTY02JAN2420200CE.NFO,02/01/2024,10:33:05,1175,1160.8,40,1188.7,200,0,480
FINNIFTY02JAN2420200CE.NFO,02/01/2024,10:33:14,1175,1161.15,80,1188.7,200,0,480
FINNIFTY02JAN2420200CE.NFO,02/01/2024,10:33:23,1175,1161.85,40,1188.7,200,0,480
FINNIFTY02JAN2420200CE.NFO,02/01/2024,10:33:32,1175,1162.65,40,1188.7,200,0,480
FINNIFTY02JAN2420200CE.NFO,02/01/2024,10:33:41,1175,1160.65,1160,1188.7,200,0,480
FINNIFTY02JAN2420200CE.NFO,02/01/2024,10:34:00,1175,1160.75,40,1188.7,200,0,480
FINNIFTY02JAN2420200CE.NFO,02/01/2024,10:34:10,1175,1160.8,80,1188.7,200,0,480
FINNIFTY02JAN2420200CE.NFO,02/01/2024,10:34:20,1175,1161.7,80,1188.7,200,0,480
FINNIFTY02JAN2420200CE.NFO,02/01/2024,10:34:30,1175,1162.7,160,1188.7,200,0,480
FINNIFTY02JAN2420200CE.NFO,02/01/2024,10:34:38,1175,1162.95,160,1188.7,200,0,480
FINNIFTY02JAN2420200CE.NFO,02/01/2024,10:34:48,1175,1160.65,1160,1188.7,200,0,480
FINNIFTY02JAN2420200CE.NFO,02/01/2024,10:34:57,1175,1160.8,80,1188.7,200,0,480
FINNIFTY02JAN2420200CE.NFO,02/01/2024,10:35:14,1175,1158.55,200,1188.7,200,0,480
FINNIFTY02JAN2420200CE.NFO,02/01/2024,10:36:29,1175,1154.25,240,1188.7,200,0,480
FINNIFTY02JAN2420200CE.NFO,02/01/2024,10:36:40,1175,1150.05,80,1172.35,120,0,480
FINNIFTY02JAN2420200CE.NFO,02/01/2024,10:36:51,1175,1143.35,200,1172.15,400,0,480
FINNIFTY02JAN2420200CE.NFO,02/01/2024,10:37:03,1175,1141.2,360,1172.15,400,0,480
FINNIFTY02JAN2420200CE.NFO,02/01/2024,10:37:25,1175,1141.25,200,1172.15,400,0,480
FINNIFTY02JAN2420200CE.NFO,02/01/2024,10:38:05,1175,1141.25,200,1172.15,240,0,480
FINNIFTY02JAN2420200CE.NFO,02/01/2024,10:38:25,1175,1148.8,200,1165.75,200,0,480
FINNIFTY02JAN2420200CE.NFO,02/01/2024,10:38:34,1175,1149.05,200,1165.65,240,0,480
FINNIFTY02JAN2420200CE.NFO,02/01/2024,10:38:43,1175,1149.75,200,1165.65,240,0,480
FINNIFTY02JAN2420200CE.NFO,02/01/2024,10:38:53,1175,1149.85,320,1165.65,240,0,480
FINNIFTY02JAN2420200CE.NFO,02/01/2024,10:39:04,1175,1146.3,160,1165.65,240,0,480
FINNIFTY02JAN2420200CE.NFO,02/01/2024,10:39:25,1175,1146.35,160,1163.55,40,0,480
FINNIFTY02JAN2420200CE.NFO,02/01/2024,10:39:36,1175,1146.35,160,1163.25,40,0,480
FINNIFTY02JAN2420200CE.NFO,02/01/2024,10:39:47,1175,1147.3,40,1162.35,200,0,480
FINNIFTY02JAN2420200CE.NFO,02/01/2024,10:39:58,1175,1146.75,160,1161.6,40,0,480
FINNIFTY02JAN2420200CE.NFO,02/01/2024,10:40:09,1175,1146.7,120,1160.75,40,0,480
FINNIFTY02JAN2420200CE.NFO,02/01/2024,10:40:20,1175,1148.2,160,1159.85,160,0,480
FINNIFTY02JAN2420200CE.NFO,02/01/2024,10:40:30,1175,1149.05,240,1158.7,40,0,480
FINNIFTY02JAN2420200CE.NFO,02/01/2024,10:40:41,1175,1146.85,80,1158.2,200,0,480
FINNIFTY02JAN2420200CE.NFO,02/01/2024,10:40:51,1175,1146.85,80,1157.85,80,0,480
FINNIFTY02JAN2420200CE.NFO,02/01/2024,10:41:00,1175,1146.85,80,1157.3,360,0,480
FINNIFTY02JAN2420200CE.NFO,02/01/2024,10:41:10,1175,1146.85,80,1157,80,0,480
FINNIFTY02JAN2420200CE.NFO,02/01/2024,10:41:20,1175,1146.85,80,1163.05,120,0,480
FINNIFTY02JAN2420200CE.NFO,02/01/2024,10:42:00,1175,1150.9,80,1163.05,120,0,480
FINNIFTY02JAN2420200CE.NFO,02/01/2024,10:42:11,1175,1151.2,80,1163.05,120,0,480
FINNIFTY02JAN2420200CE.NFO,02/01/2024,10:42:21,1175,1152.7,160,1163.05,120,0,480
FINNIFTY02JAN2420200CE.NFO,02/01/2024,10:42:31,1175,1153.45,40,1163.05,120,0,480
FINNIFTY02JAN2420200CE.NFO,02/01/2024,10:42:41,1175,1155.05,160,1163.05,120,0,480
FINNIFTY02JAN2420200CE.NFO,02/01/2024,10:42:51,1175,1155.45,40,1163.05,120,0,480
FINNIFTY02JAN2420200CE.NFO,02/01/2024,10:43:01,1175,1155.7,40,1163.05,120,0,480
FINNIFTY02JAN2420200CE.NFO,02/01/2024,10:43:11,1175,1152.35,1160,1163.05,120,0,480
FINNIFTY02JAN2420200CE.NFO,02/01/2024,10:44:00,1175,1153.4,40,1163.1,120,0,480
FINNIFTY02JAN2420200CE.NFO,02/01/2024,10:44:10,1175,1153.7,40,1167.35,200,0,480
FINNIFTY02JAN2420200CE.NFO,02/01/2024,10:44:20,1175,1155.35,80,1167.35,200,0,480
FINNIFTY02JAN2420200CE.NFO,02/01/2024,10:44:30,1175,1157.1,40,1167.35,200,0,480
FINNIFTY02JAN2420200CE.NFO,02/01/2024,10:44:40,1175,1157.95,40,1171.6,160,0,480
FINNIFTY02JAN2420200CE.NFO,02/01/2024,10:44:50,1175,1126.4,1240,1171.6,160,0,480
FINNIFTY02JAN2420200CE.NFO,02/01/2024,10:46:07,1175,1126.45,200,1171.6,160,0,480
FINNIFTY02JAN2420200CE.NFO,02/01/2024,10:49:09,1175,1126.45,200,1171.55,40,0,480
FINNIFTY02JAN2420200CE.NFO,02/01/2024,10:49:20,1175,1126.45,200,1171.5,200,0,480
FINNIFTY02JAN2420200CE.NFO,02/01/2024,10:49:49,1175,1126.45,200,1171.55,240,0,480
FINNIFTY02JAN2420200CE.NFO,02/01/2024,10:50:07,1175,1126.45,200,1171.5,200,0,480
FINNIFTY02JAN2420200CE.NFO,02/01/2024,10:50:36,1175,1126.4,1040,1171.5,200,0,480
FINNIFTY02JAN2420200CE.NFO,02/01/2024,10:50:47,1175,1126.45,200,1171.5,200,0,480
FINNIFTY02JAN2420200CE.NFO,02/01/2024,10:52:06,1175,1126.45,200,1169.4,160,0,480
FINNIFTY02JAN2420200CE.NFO,02/01/2024,10:52:16,1175,1126.45,200,1168.65,40,0,480
FINNIFTY02JAN2420200CE.NFO,02/01/2024,10:52:25,1175,1126.45,200,1168.35,40,0,480
FINNIFTY02JAN2420200CE.NFO,02/01/2024,10:52:35,1175,1126.45,200,1167.75,40,0,480
FINNIFTY02JAN2420200CE.NFO,02/01/2024,10:52:45,1175,1126.45,200,1166.9,80,0,480
FINNIFTY02JAN2420200CE.NFO,02/01/2024,10:52:54,1175,1126.45,200,1165.3,160,0,480
FINNIFTY02JAN2420200CE.NFO,02/01/2024,10:53:04,1175,1126.45,200,1163.7,160,0,480
FINNIFTY02JAN2420200CE.NFO,02/01/2024,10:53:13,1175,1126.45,200,1163.15,120,0,480
FINNIFTY02JAN2420200CE.NFO,02/01/2024,10:53:22,1175,1126.45,200,1169.8,1160,0,480
FINNIFTY02JAN2420200CE.NFO,02/01/2024,10:54:37,1175,1126.45,200,1169.75,200,0,480
FINNIFTY02JAN2420200CE.NFO,02/01/2024,10:57:27,1175,1126.45,200,1159.9,120,0,480
FINNIFTY02JAN2420200CE.NFO,02/01/2024,10:57:37,1175,1126.45,200,1160.8,1040,0,480
FINNIFTY02JAN2420200CE.NFO,02/01/2024,10:57:47,1175,1126.45,200,1165.05,200,0,480
FINNIFTY02JAN2420200CE.NFO,02/01/2024,10:57:58,1175,1126.45,200,1169.4,1040,0,480
FINNIFTY02JAN2420200CE.NFO,02/01/2024,10:58:08,1175,1126.45,200,1171.45,200,0,480
FINNIFTY02JAN2420200CE.NFO,02/01/2024,10:59:33,1175,1126.4,1040,1168.9,160,0,480
FINNIFTY02JAN2420200CE.NFO,02/01/2024,10:59:42,1175,1126.45,200,1168.7,240,0,480
FINNIFTY02JAN2420200CE.NFO,02/01/2024,11:00:29,1175,1126.45,200,1165.2,160,0,480
FINNIFTY02JAN2420200CE.NFO,02/01/2024,11:00:39,1175,1126.45,200,1163.5,80,0,480
FINNIFTY02JAN2420200CE.NFO,02/01/2024,11:00:48,1175,1126.45,200,1162.6,160,0,480
FINNIFTY02JAN2420200CE.NFO,02/01/2024,11:00:57,1175,1126.45,200,1161,160,0,480
FINNIFTY02JAN2420200CE.NFO,02/01/2024,11:01:07,1175,1126.45,200,1160.7,200,0,480
FINNIFTY02JAN2420200CE.NFO,02/01/2024,11:01:17,1175,1126.45,200,1158.9,40,0,480
FINNIFTY02JAN2420200CE.NFO,02/01/2024,11:01:27,1175,1126.45,200,1162.45,160,0,480
FINNIFTY02JAN2420200CE.NFO,02/01/2024,11:01:36,1175,1126.45,200,1162.35,360,0,480
FINNIFTY02JAN2420200CE.NFO,02/01/2024,11:02:25,1175,1126.45,200,1160.1,200,0,480
FINNIFTY02JAN2420200CE.NFO,02/01/2024,11:02:35,1175,1126.45,200,1160,360,0,480
FINNIFTY02JAN2420200CE.NFO,02/01/2024,11:02:54,1175,1126.45,200,1162.6,680,0,480
FINNIFTY02JAN2420200CE.NFO,02/01/2024,11:04:08,1175,1126.45,200,1162.55,200,0,480
FINNIFTY02JAN2420200CE.NFO,02/01/2024,11:04:18,1175,1126.45,200,1162.15,40,0,480
FINNIFTY02JAN2420200CE.NFO,02/01/2024,11:04:27,1175,1126.45,200,1164.8,1160,0,480
FINNIFTY02JAN2420200CE.NFO,02/01/2024,11:05:23,1175,1126.45,200,1164.8,1040,0,480
FINNIFTY02JAN2420200CE.NFO,02/01/2024,11:05:32,1175,1126.4,920,1164.8,920,0,480
FINNIFTY02JAN2420200CE.NFO,02/01/2024,11:06:10,1175,1126.5,40,1164.75,320,0,480
FINNIFTY02JAN2420200CE.NFO,02/01/2024,11:07:26,1175,1126.5,40,1160.5,40,0,480
FINNIFTY02JAN2420200CE.NFO,02/01/2024,11:07:36,1175,1126.5,120,1159.45,160,0,480
FINNIFTY02JAN2420200CE.NFO,02/01/2024,11:07:44,1175,1126.5,120,1158.4,200,0,480
FINNIFTY02JAN2420200CE.NFO,02/01/2024,11:07:53,1175,1126.5,120,1161,1160,0,480
FINNIFTY02JAN2420200CE.NFO,02/01/2024,11:08:40,1175,1126.5,120,1163.1,200,0,480
FINNIFTY02JAN2420200CE.NFO,02/01/2024,11:10:03,1175,1126.5,120,1163.15,1040,0,480
FINNIFTY02JAN2420200CE.NFO,02/01/2024,11:10:20,1175,1126.5,120,1163.1,200,0,480
FINNIFTY02JAN2420200CE.NFO,02/01/2024,11:10:38,1175,1127.7,160,1163,160,0,480
FINNIFTY02JAN2420200CE.NFO,02/01/2024,11:10:47,1175,1129.5,80,1163,160,0,480
FINNIFTY02JAN2420200CE.NFO,02/01/2024,11:10:55,1175,1131.2,80,1163,160,0,480
FINNIFTY02JAN2420200CE.NFO,02/01/2024,11:11:04,1175,1132,160,1163,160,0,480
FINNIFTY02JAN2420200CE.NFO,02/01/2024,11:11:14,1175,1132.75,40,1160.15,160,0,480
FINNIFTY02JAN2420200CE.NFO,02/01/2024,11:11:23,1175,1135.05,40,1160.05,360,0,480
FINNIFTY02JAN2420200CE.NFO,02/01/2024,11:11:32,1175,1135.55,160,1159.7,160,0,480
FINNIFTY02JAN2420200CE.NFO,02/01/2024,11:11:42,1175,1135.9,160,1159.1,40,0,480
FINNIFTY02JAN2420200CE.NFO,02/01/2024,11:11:51,1175,1136.9,40,1160.65,1320,0,480
FINNIFTY02JAN2420200CE.NFO,02/01/2024,11:12:00,1175,1139.65,120,1162.75,400,0,480
FINNIFTY02JAN2420200CE.NFO,02/01/2024,11:12:10,1175,1140.2,200,1164.95,1320,0,480
FINNIFTY02JAN2420200CE.NFO,02/01/2024,11:12:19,1175,1141.05,160,1164.95,1320,0,480
FINNIFTY02JAN2420200CE.NFO,02/01/2024,11:12:28,1175,1141.8,120,1164.95,1320,0,480
FINNIFTY02JAN2420200CE.NFO,02/01/2024,11:12:37,1175,1144.5,120,1164.95,1320,0,480
FINNIFTY02JAN2420200CE.NFO,02/01/2024,11:12:46,1175,1145,40,1164.95,1320,0,480
FINNIFTY02JAN2420200CE.NFO,02/01/2024,11:12:55,1175,1148.1,120,1164.95,1320,0,480
FINNIFTY02JAN2420200CE.NFO,02/01/2024,11:13:04,1175,1148.9,80,1164.95,1200,0,480
FINNIFTY02JAN2420200CE.NFO,02/01/2024,11:13:12,1175,1149.8,40,1164.95,1200,0,480
FINNIFTY02JAN2420200CE.NFO,02/01/2024,11:13:21,1175,1149.9,760,1164.95,1200,0,480
FINNIFTY02JAN2420200CE.NFO,02/01/2024,11:13:31,1175,1150,120,1163.6,160,0,480
FINNIFTY02JAN2420200CE.NFO,02/01/2024,11:13:41,1175,1150.65,40,1160.6,120,0,480
FINNIFTY02JAN2420200CE.NFO,02/01/2024,11:13:52,1175,1118.45,120,1159.2,120,0,480
FINNIFTY02JAN2420200CE.NFO,02/01/2024,11:14:01,1175,1118.45,120,1157.25,240,0,480
FINNIFTY02JAN2420200CE.NFO,02/01/2024,11:14:10,1175,1118.45,120,1164.95,1440,0,480
FINNIFTY02JAN2420200CE.NFO,02/01/2024,11:15:05,1175,1118.45,120,1158.15,160,0,480
FINNIFTY02JAN2420200CE.NFO,02/01/2024,11:15:15,1175,1118.45,120,1158.05,1240,0,480
FINNIFTY02JAN2420200CE.NFO,02/01/2024,11:15:25,1175,1118.45,120,1158.05,760,0,480
FINNIFTY02JAN2420200CE.NFO,02/01/2024,11:15:35,1175,1118.45,120,1157.95,160,0,480
FINNIFTY02JAN2420200CE.NFO,02/01/2024,11:16:06,1175,1119.75,40,1159.65,40,0,480
FINNIFTY02JAN2420200CE.NFO,02/01/2024,11:16:16,1175,1128.7,200,1159.65,200,0,480
FINNIFTY02JAN2420200CE.NFO,02/01/2024,11:16:25,1175,1141.65,80,1161.45,80,0,480
FINNIFTY02JAN2420200CE.NFO,02/01/2024,11:16:35,1175,1148.7,40,1158.15,40,0,480
FINNIFTY02JAN2420200CE.NFO,02/01/2024,11:16:44,1175,1154.3,240,1161.95,200,0,480
FINNIFTY02JAN2420200CE.NFO,02/01/2024,11:16:53,1175,1091.7,2040,1161.95,200,0,480
FINNIFTY02JAN2420200CE.NFO,02/01/2024,11:17:48,1175,1091.7,2040,1164.1,200,0,480
FINNIFTY02JAN2420200CE.NFO,02/01/2024,11:18:06,1175,1095.75,400,1168.45,880,0,480
FINNIFTY02JAN2420200CE.NFO,02/01/2024,11:18:16,1175,1108.9,400,1168.3,120,0,480
FINNIFTY02JAN2420200CE.NFO,02/01/2024,11:18:25,1175,1116.4,120,1168.3,120,0,480
FINNIFTY02JAN2420200CE.NFO,02/01/2024,11:18:33,1175,1122.95,120,1168.3,120,0,480
FINNIFTY02JAN2420200CE.NFO,02/01/2024,11:18:42,1175,1129.65,160,1168.3,120,0,480
FINNIFTY02JAN2420200CE.NFO,02/01/2024,11:18:51,1175,1136.3,160,1168.3,120,0,480
FINNIFTY02JAN2420200CE.NFO,02/01/2024,11:19:00,1175,1143.3,40,1168.3,120,0,480
FINNIFTY02JAN2420200CE.NFO,02/01/2024,11:19:08,1175,1150.4,120,1165.15,120,0,480
FINNIFTY02JAN2420200CE.NFO,02/01/2024,11:19:16,1175,1156.45,120,1165.05,1360,0,480
FINNIFTY02JAN2420200CE.NFO,02/01/2024,11:19:25,1175,1157.15,120,1165,200,0,480
FINNIFTY02JAN2420200CE.NFO,02/01/2024,11:19:33,1175,1158.4,240,1165,200,0,480
FINNIFTY02JAN2420200CE.NFO,02/01/2024,11:19:41,1175,1154.15,1640,1165,200,0,480
FINNIFTY02JAN2420200CE.NFO,02/01/2024,11:20:39,1175,1154.15,1640,1165.05,1360,0,480
FINNIFTY02JAN2420200CE.NFO,02/01/2024,11:20:48,1175,1154.15,1640,1165,200,0,480
FINNIFTY02JAN2420200CE.NFO,02/01/2024,11:20:57,1175,1154.15,1640,1167.7,120,0,480
FINNIFTY02JAN2420200CE.NFO,02/01/2024,11:21:06,1175,1154.2,200,1164.55,120,0,480
FINNIFTY02JAN2420200CE.NFO,02/01/2024,11:21:14,1175,1154.2,200,1167.9,1760,0,480
FINNIFTY02JAN2420200CE.NFO,02/01/2024,11:21:23,1175,1154.2,200,1167.1,200,0,480
FINNIFTY02JAN2420200CE.NFO,02/01/2024,11:21:32,1175,1154.2,200,1165.95,1240,0,480
FINNIFTY02JAN2420200CE.NFO,02/01/2024,11:21:41,1175,1154.2,200,1166.9,200,0,480
FINNIFTY02JAN2420200CE.NFO,02/01/2024,11:21:57,1175,1154.2,200,1169.05,120,0,480
FINNIFTY02JAN2420200CE.NFO,02/01/2024,11:22:07,1175,1154.2,200,1166.45,80,0,480
FINNIFTY02JAN2420200CE.NFO,02/01/2024,11:22:16,1175,1154.2,200,1167.2,160,0,480
FINNIFTY02JAN2420200CE.NFO,02/01/2024,11:22:24,1175,1154.2,200,1172.05,200,0,480
FINNIFTY02JAN2420200CE.NFO,02/01/2024,11:23:32,1175,1154.2,200,1163.35,360,0,480
FINNIFTY02JAN2420200CE.NFO,02/01/2024,11:23:41,1175,1154.2,200,1197.6,200,0,480
FINNIFTY02JAN2420200CE.NFO,02/01/2024,11:25:03,1175,1154.2,200,1197.65,200,0,480
FINNIFTY02JAN2420200CE.NFO,02/01/2024,11:25:10,1175,1158.95,120,1197.55,120,0,480
FINNIFTY02JAN2420200CE.NFO,02/01/2024,11:25:18,1175,1159.5,160,1197.55,120,0,480
FINNIFTY02JAN2420200CE.NFO,02/01/2024,11:25:27,1175,1129.55,1840,1197.55,120,0,480
FINNIFTY02JAN2420200CE.NFO,02/01/2024,11:26:31,1175,1129.55,1640,1197.6,120,0,480
FINNIFTY02JAN2420200CE.NFO,02/01/2024,11:26:40,1175,1129.6,200,1197.55,120,0,480
FINNIFTY02JAN2420200CE.NFO,02/01/2024,11:27:52,1175,1129.6,200,1185.35,120,0,480
FINNIFTY02JAN2420200CE.NFO,02/01/2024,11:28:01,1175,1129.6,200,1174.9,160,0,480
FINNIFTY02JAN2420200CE.NFO,02/01/2024,11:28:09,1175,1129.6,200,1163.8,120,0,480
FINNIFTY02JAN2420200CE.NFO,02/01/2024,11:28:17,1175,1129.6,200,1160.5,120,0,480
FINNIFTY02JAN2420200CE.NFO,02/01/2024,11:28:25,1175,1129.6,200,1163.6,200,0,480
FINNIFTY02JAN2420200CE.NFO,02/01/2024,11:31:03,1175,1129.55,1640,1163.65,200,0,480
FINNIFTY02JAN2420200CE.NFO,02/01/2024,11:31:42,1175,1129.6,200,1163.6,200,0,480
FINNIFTY02JAN2420200CE.NFO,02/01/2024,11:37:32,1175,1129.55,1640,1163.65,200,0,480
FINNIFTY02JAN2420200CE.NFO,02/01/2024,11:37:40,1175,1129.6,200,1163.6,200,0,480
FINNIFTY02JAN2420200CE.NFO,02/01/2024,11:38:03,1175,1133.8,120,1163.6,200,0,480
FINNIFTY02JAN2420200CE.NFO,02/01/2024,11:38:12,1175,1143.5,200,1163.6,200,0,480
FINNIFTY02JAN2420200CE.NFO,02/01/2024,11:38:20,1175,1152.85,40,1163.6,200,0,480
FINNIFTY02JAN2420200CE.NFO,02/01/2024,11:38:28,1175,1155.55,80,1163.6,200,0,480
FINNIFTY02JAN2420200CE.NFO,02/01/2024,11:38:35,1175,1156.85,80,1163.6,200,0,480
FINNIFTY02JAN2420200CE.NFO,02/01/2024,11:38:42,1175,1157.95,120,1190.2,440,0,480
FINNIFTY02JAN2420200CE.NFO,02/01/2024,11:38:51,1175,1159.45,280,1190.1,200,0,480
FINNIFTY02JAN2420200CE.NFO,02/01/2024,11:38:59,1175,1159.95,40,1190.1,200,0,480
FINNIFTY02JAN2420200CE.NFO,02/01/2024,11:39:05,1175,1158.35,120,1190.1,200,0,480
FINNIFTY02JAN2420200CE.NFO,02/01/2024,11:39:12,1175,1122.1,1840,1190.1,200,0,480
FINNIFTY02JAN2420200CE.NFO,02/01/2024,11:40:34,1175,1122.15,200,1190.1,200,0,480
FINNIFTY02JAN2420200CE.NFO,02/01/2024,11:41:36,1175,1122.15,200,1190.2,240,0,480
FINNIFTY02JAN2420200CE.NFO,02/01/2024,11:41:45,1175,1122.15,200,1190.15,200,0,480
FINNIFTY02JAN2420200CE.NFO,02/01/2024,11:41:54,1175,1122.2,200,1169.95,200,0,480
FINNIFTY02JAN2420200CE.NFO,02/01/2024,11:42:02,1175,1122.25,200,1168.45,160,0,480
FINNIFTY02JAN2420200CE.NFO,02/01/2024,11:42:11,1175,1122.25,200,1167.5,200,0,480
FINNIFTY02JAN2420200CE.NFO,02/01/2024,11:42:18,1175,1122.25,200,1162.35,120,0,480
FINNIFTY02JAN2420200CE.NFO,02/01/2024,11:42:26,1175,1122.25,200,1156,200,0,480
FINNIFTY02JAN2420200CE.NFO,02/01/2024,11:42:33,1175,1122.25,200,1149.5,160,0,480
FINNIFTY02JAN2420200CE.NFO,02/01/2024,11:42:40,1175,1122.25,200,1143.2,120,0,480
FINNIFTY02JAN2420200CE.NFO,02/01/2024,11:42:47,1175,1122.25,200,1143,200,0,480
FINNIFTY02JAN2420200CE.NFO,02/01/2024,11:42:55,1175,1122.25,200,1170.4,200,0,480
FINNIFTY02JAN2420200CE.NFO,02/01/2024,11:47:03,1175,1122.25,200,1170.45,1560,0,480
FINNIFTY02JAN2420200CE.NFO,02/01/2024,11:47:31,1175,1122.25,200,1170.4,200,0,480
FINNIFTY02JAN2420200CE.NFO,02/01/2024,11:50:10,1175,1129.4,200,1170.3,40,0,480
FINNIFTY02JAN2420200CE.NFO,02/01/2024,11:50:16,1175,1137.85,200,1170.3,40,0,480
FINNIFTY02JAN2420200CE.NFO,02/01/2024,11:50:22,1175,1145.85,120,1170.3,40,0,480
FINNIFTY02JAN2420200CE.NFO,02/01/2024,11:50:29,1175,1150.6,160,1170.3,40,0,480
FINNIFTY02JAN2420200CE.NFO,02/01/2024,11:50:35,1175,1150.2,40,1170.3,40,0,480
FINNIFTY02JAN2420200CE.NFO,02/01/2024,11:50:41,1175,1150.5,120,1170.3,40,0,480
FINNIFTY02JAN2420200CE.NFO,02/01/2024,11:50:47,1175,1150.65,120,1170.3,40,0,480
FINNIFTY02JAN2420200CE.NFO,02/01/2024,11:50:53,1175,1150.3,240,1170.3,40,0,480
FINNIFTY02JAN2420200CE.NFO,02/01/2024,11:51:00,1175,1150.65,120,1170.3,40,0,480
FINNIFTY02JAN2420200CE.NFO,02/01/2024,11:51:07,1175,1152.15,80,1170.3,40,0,480
FINNIFTY02JAN2420200CE.NFO,02/01/2024,11:51:14,1175,1152.2,40,1170.3,40,0,480
FINNIFTY02JAN2420200CE.NFO,02/01/2024,11:51:20,1175,1150.8,80,1170.3,40,0,480
FINNIFTY02JAN2420200CE.NFO,02/01/2024,11:51:27,1175,1151.25,80,1170.3,40,0,480
FINNIFTY02JAN2420200CE.NFO,02/01/2024,11:51:33,1175,1151.75,80,1170.3,120,0,480
FINNIFTY02JAN2420200CE.NFO,02/01/2024,11:51:40,1175,1152,80,1170.3,120,0,480
FINNIFTY02JAN2420200CE.NFO,02/01/2024,11:51:46,1175,1151.7,280,1170.3,120,0,480
FINNIFTY02JAN2420200CE.NFO,02/01/2024,11:51:52,1175,1119.6,1760,1170.3,120,0,480
FINNIFTY02JAN2420200CE.NFO,02/01/2024,11:53:06,1175,1119.6,1560,1170.35,120,0,480
FINNIFTY02JAN2420200CE.NFO,02/01/2024,11:54:10,1175,1119.7,120,1170.3,240,0,480
FINNIFTY02JAN2420200CE.NFO,02/01/2024,11:55:32,1175,1119.7,120,1167.95,120,0,480
FINNIFTY02JAN2420200CE.NFO,02/01/2024,11:55:38,1175,1119.7,120,1159.65,120,0,480
FINNIFTY02JAN2420200CE.NFO,02/01/2024,11:55:43,1175,1119.7,120,1157,240,0,480
FINNIFTY02JAN2420200CE.NFO,02/01/2024,11:55:48,1175,1119.7,120,1187.3,1680,0,480
FINNIFTY02JAN2420200CE.NFO,02/01/2024,11:56:10,1175,1119.7,120,1187.25,200,0,480
FINNIFTY02JAN2420200CE.NFO,02/01/2024,11:58:35,1175,1119.65,120,1187.25,200,0,480
FINNIFTY02JAN2420200CE.NFO,02/01/2024,11:58:41,1175,1119.7,120,1187.25,200,0,480
FINNIFTY02JAN2420200CE.NFO,02/01/2024,12:04:29,1175,1119.7,120,1179.65,360,0,480
FINNIFTY02JAN2420200CE.NFO,02/01/2024,12:04:37,1175,1119.65,120,1179.5,120,0,480
FINNIFTY02JAN2420200CE.NFO,02/01/2024,12:04:49,1175,1119.7,120,1177.4,40,0,480
FINNIFTY02JAN2420200CE.NFO,02/01/2024,12:04:56,1175,1119.7,120,1174.5,40,0,480
FINNIFTY02JAN2420200CE.NFO,02/01/2024,12:05:02,1175,1119.7,120,1171.3,120,0,480
FINNIFTY02JAN2420200CE.NFO,02/01/2024,12:05:08,1175,1119.7,120,1168.4,120,0,480
FINNIFTY02JAN2420200CE.NFO,02/01/2024,12:05:15,1175,1119.7,120,1165.05,120,0,480
FINNIFTY02JAN2420200CE.NFO,02/01/2024,12:05:22,1175,1119.7,120,1162.1,120,0,480
FINNIFTY02JAN2420200CE.NFO,02/01/2024,12:05:29,1175,1119.7,120,1159.35,120,0,480
FINNIFTY02JAN2420200CE.NFO,02/01/2024,12:05:36,1175,1119.7,120,1155.9,120,0,480
FINNIFTY02JAN2420200CE.NFO,02/01/2024,12:05:42,1175,1119.7,120,1152.65,120,0,480
FINNIFTY02JAN2420200CE.NFO,02/01/2024,12:05:48,1175,1119.7,120,1150.8,120,0,480
FINNIFTY02JAN2420200CE.NFO,02/01/2024,12:05:53,1175,1119.7,120,1182.15,1440,0,480
FINNIFTY02JAN2420200CE.NFO,02/01/2024,12:07:05,1175,1119.7,120,1182.1,200,0,480
FINNIFTY02JAN2420200CE.NFO,02/01/2024,12:09:01,1175,1119.65,120,1182.1,200,0,480
FINNIFTY02JAN2420200CE.NFO,02/01/2024,12:09:08,1175,1119.7,120,1182.1,200,0,480
FINNIFTY02JAN2420200CE.NFO,02/01/2024,12:10:07,1175,1119.7,120,1182.15,1240,0,480
FINNIFTY02JAN2420200CE.NFO,02/01/2024,12:10:16,1175,1119.7,120,1182.1,200,0,480
FINNIFTY02JAN2420200CE.NFO,02/01/2024,12:11:37,1175,1119.7,120,1182.15,1240,0,480
FINNIFTY02JAN2420200CE.NFO,02/01/2024,12:11:44,1175,1119.7,120,1182.1,200,0,480
FINNIFTY02JAN2420200CE.NFO,02/01/2024,12:13:02,1175,1119.7,120,1182.15,1240,0,480
FINNIFTY02JAN2420200CE.NFO,02/01/2024,12:13:35,1175,1119.7,120,1182.1,200,0,480
FINNIFTY02JAN2420200CE.NFO,02/01/2024,12:17:03,1175,1131.25,120,1182.1,200,0,480
FINNIFTY02JAN2420200CE.NFO,02/01/2024,12:17:12,1175,1131.35,120,1207.25,120,0,480
FINNIFTY02JAN2420200CE.NFO,02/01/2024,12:17:21,1175,1131.6,120,1207.2,120,0,480
FINNIFTY02JAN2420200CE.NFO,02/01/2024,12:17:30,1175,1132.2,240,1207.2,120,0,480
FINNIFTY02JAN2420200CE.NFO,02/01/2024,12:17:38,1175,1133.4,160,1207.2,120,0,480
FINNIFTY02JAN2420200CE.NFO,02/01/2024,12:17:47,1175,1135,160,1207.2,120,0,480
FINNIFTY02JAN2420200CE.NFO,02/01/2024,12:17:54,1175,1138.2,120,1207.2,120,0,480
FINNIFTY02JAN2420200CE.NFO,02/01/2024,12:18:02,1175,1140.8,120,1207.2,120,0,480
FINNIFTY02JAN2420200CE.NFO,02/01/2024,12:18:10,1175,1143.05,160,1207.2,120,0,480
FINNIFTY02JAN2420200CE.NFO,02/01/2024,12:18:18,1175,1145.4,200,1207.2,120,0,480
FINNIFTY02JAN2420200CE.NFO,02/01/2024,12:18:25,1175,1148.35,120,1207.2,120,0,480
FINNIFTY02JAN2420200CE.NFO,02/01/2024,12:18:32,1175,1151.5,160,1207.2,120,0,480
FINNIFTY02JAN2420200CE.NFO,02/01/2024,12:18:40,1175,1156.35,120,1207.2,120,0,480
FINNIFTY02JAN2420200CE.NFO,02/01/2024,12:18:47,1175,1159.15,120,1207.2,120,0,480
FINNIFTY02JAN2420200CE.NFO,02/01/2024,12:18:55,1175,1162.4,160,1207.2,120,0,480
FINNIFTY02JAN2420200CE.NFO,02/01/2024,12:19:03,1175,1162.5,920,1207.2,120,0,480
FINNIFTY02JAN2420200CE.NFO,02/01/2024,12:19:10,1175,1162.55,200,1207.2,120,0,480
FINNIFTY02JAN2420200CE.NFO,02/01/2024,12:20:12,1175,1163.6,160,1207.2,120,0,480
FINNIFTY02JAN2420200CE.NFO,02/01/2024,12:20:19,1175,1163.95,160,1207.2,120,0,480
FINNIFTY02JAN2420200CE.NFO,02/01/2024,12:20:26,1175,1131.15,1400,1207.2,120,0,480
FINNIFTY02JAN2420200CE.NFO,02/01/2024,12:21:33,1175,1131.2,200,1207.2,120,0,480
FINNIFTY02JAN2420200CE.NFO,02/01/2024,12:22:17,1175,1131.2,200,1188.35,120,0,480
FINNIFTY02JAN2420200CE.NFO,02/01/2024,12:22:24,1175,1131.2,200,1185.5,120,0,480
FINNIFTY02JAN2420200CE.NFO,02/01/2024,12:22:31,1175,1131.2,200,1182.85,120,0,480
FINNIFTY02JAN2420200CE.NFO,02/01/2024,12:22:38,1175,1131.2,200,1179.85,200,0,480
FINNIFTY02JAN2420200CE.NFO,02/01/2024,12:22:44,1175,1131.2,200,1176.9,120,0,480
FINNIFTY02JAN2420200CE.NFO,02/01/2024,12:22:51,1175,1131.2,200,1174.4,120,0,480
FINNIFTY02JAN2420200CE.NFO,02/01/2024,12:22:58,1175,1131.2,200,1171.8,120,0,480
FINNIFTY02JAN2420200CE.NFO,02/01/2024,12:23:04,1175,1131.2,200,1169.7,120,0,480
FINNIFTY02JAN2420200CE.NFO,02/01/2024,12:23:11,1175,1131.2,200,1166.9,40,0,480
FINNIFTY02JAN2420200CE.NFO,02/01/2024,12:23:18,1175,1131.2,200,1163.65,120,0,480
FINNIFTY02JAN2420200CE.NFO,02/01/2024,12:23:25,1175,1131.2,200,1160.5,120,0,480
FINNIFTY02JAN2420200CE.NFO,02/01/2024,12:23:32,1175,1131.2,200,1158.7,120,0,480
FINNIFTY02JAN2420200CE.NFO,02/01/2024,12:23:38,1175,1131.2,200,1190.15,1400,0,480
FINNIFTY02JAN2420200CE.NFO,02/01/2024,12:25:04,1175,1131.2,200,1190.1,200,0,480
FINNIFTY02JAN2420200CE.NFO,02/01/2024,12:27:29,1175,1131.3,40,1190,40,0,480
FINNIFTY02JAN2420200CE.NFO,02/01/2024,12:28:33,1175,1131.3,120,1190,120,0,480
FINNIFTY02JAN2420200CE.NFO,02/01/2024,12:30:17,1175,1131.2,200,1190.1,200,0,480
FINNIFTY02JAN2420200CE.NFO,02/01/2024,12:30:29,1175,1131.3,40,1190,40,0,480
FINNIFTY02JAN2420200CE.NFO,02/01/2024,12:31:36,1175,1131.25,120,1190.05,120,0,480
FINNIFTY02JAN2420200CE.NFO,02/01/2024,12:34:06,1175,1131.3,120,1190.05,120,0,480
FINNIFTY02JAN2420200CE.NFO,02/01/2024,12:34:18,1175,1131.3,120,1190,120,0,480
FINNIFTY02JAN2420200CE.NFO,02/01/2024,12:37:01,1175,1131.3,120,1189.75,40,0,480
FINNIFTY02JAN2420200CE.NFO,02/01/2024,12:37:07,1175,1131.3,120,1186.5,160,0,480
FINNIFTY02JAN2420200CE.NFO,02/01/2024,12:37:14,1175,1131.3,120,1183.8,40,0,480
FINNIFTY02JAN2420200CE.NFO,02/01/2024,12:37:20,1175,1131.3,120,1180.3,80,0,480
FINNIFTY02JAN2420200CE.NFO,02/01/2024,12:37:26,1175,1131.3,120,1177.9,120,0,480
FINNIFTY02JAN2420200CE.NFO,02/01/2024,12:37:32,1175,1131.3,120,1174.5,120,0,480
FINNIFTY02JAN2420200CE.NFO,02/01/2024,12:37:38,1175,1131.3,120,1171.3,80,0,480
FINNIFTY02JAN2420200CE.NFO,02/01/2024,12:37:44,1175,1131.3,120,1168.1,120,0,480
FINNIFTY02JAN2420200CE.NFO,02/01/2024,12:37:50,1175,1131.3,120,1165.75,120,0,480
FINNIFTY02JAN2420200CE.NFO,02/01/2024,12:37:56,1175,1131.3,120,1162.55,280,0,480
FINNIFTY02JAN2420200CE.NFO,02/01/2024,12:38:01,1175,1131.3,120,1159.95,120,0,480
FINNIFTY02JAN2420200CE.NFO,02/01/2024,12:38:07,1175,1131.3,120,1158.3,240,0,480
FINNIFTY02JAN2420200CE.NFO,02/01/2024,12:38:14,1175,1131.3,120,1157.95,200,0,480
FINNIFTY02JAN2420200CE.NFO,02/01/2024,12:38:20,1175,1131.3,120,1190.15,1400,0,480
FINNIFTY02JAN2420200CE.NFO,02/01/2024,12:39:34,1175,1131.3,120,1190.1,200,0,480
FINNIFTY02JAN2420200CE.NFO,02/01/2024,12:39:53,1175,1132.65,200,1190,200,0,480
FINNIFTY02JAN2420200CE.NFO,02/01/2024,12:39:58,1175,1137.1,120,1190,200,0,480
FINNIFTY02JAN2420200CE.NFO,02/01/2024,12:40:02,1175,1140.9,200,1190,200,0,480
FINNIFTY02JAN2420200CE.NFO,02/01/2024,12:40:07,1175,1145.1,120,1190,200,0,480
FINNIFTY02JAN2420200CE.NFO,02/01/2024,12:40:12,1175,1149.4,200,1190,200,0,480
FINNIFTY02JAN2420200CE.NFO,02/01/2024,12:40:17,1175,1153.35,120,1190,200,0,480
FINNIFTY02JAN2420200CE.NFO,02/01/2024,12:40:24,1175,1157.25,120,1190,200,0,480
FINNIFTY02JAN2420200CE.NFO,02/01/2024,12:40:30,1175,1157.3,120,1190,200,0,480
FINNIFTY02JAN2420200CE.NFO,02/01/2024,12:40:32,1175,1157.3,160,1190,200,0,480
FINNIFTY02JAN2420200CE.NFO,02/01/2024,12:40:34,1175,1153.45,1400,1190,200,0,480
FINNIFTY02JAN2420200CE.NFO,02/01/2024,12:40:50,1175,1153.45,1200,1190,200,0,480
FINNIFTY02JAN2420200CE.NFO,02/01/2024,12:40:52,1175,1153.55,200,1190,200,0,480
FINNIFTY02JAN2420200CE.NFO,02/01/2024,12:40:55,1175,1154.5,120,1190,200,0,480
FINNIFTY02JAN2420200CE.NFO,02/01/2024,12:40:57,1175,1154.8,80,1190,200,0,480
FINNIFTY02JAN2420200CE.NFO,02/01/2024,12:40:58,1175,1154.85,160,1190,200,0,480
FINNIFTY02JAN2420200CE.NFO,02/01/2024,12:41:00,1175,1154.3,720,1190,200,0,480
FINNIFTY02JAN2420200CE.NFO,02/01/2024,12:41:02,1175,1154.35,40,1190,200,0,480
FINNIFTY02JAN2420200CE.NFO,02/01/2024,12:41:03,1175,1154.35,120,1190,200,0,480
FINNIFTY02JAN2420200CE.NFO,02/01/2024,12:41:05,1175,1154.5,40,1190,200,0,480
FINNIFTY02JAN2420200CE.NFO,02/01/2024,12:41:07,1175,1154.8,120,1190,200,0,480
FINNIFTY02JAN2420200CE.NFO,02/01/2024,12:41:08,1175,1154.7,40,1190,200,0,480
FINNIFTY02JAN2420200CE.NFO,02/01/2024,12:41:10,1175,1154.8,80,1190,200,0,480
FINNIFTY02JAN2420200CE.NFO,02/01/2024,12:41:12,1175,1154.9,160,1190,200,0,480
FINNIFTY02JAN2420200CE.NFO,02/01/2024,12:41:13,1175,1155.25,240,1190,200,0,480
FINNIFTY02JAN2420200CE.NFO,02/01/2024,12:41:15,1175,1155.25,160,1190,200,0,480
FINNIFTY02JAN2420200CE.NFO,02/01/2024,12:41:17,1175,1155.4,40,1190,200,0,480
FINNIFTY02JAN2420200CE.NFO,02/01/2024,12:41:18,1175,1155.5,160,1190,200,0,480
FINNIFTY02JAN2420200CE.NFO,02/01/2024,12:41:20,1175,1155.55,40,1190,200,0,480
FINNIFTY02JAN2420200CE.NFO,02/01/2024,12:41:21,1175,1155.5,160,1190,200,0,480
FINNIFTY02JAN2420200CE.NFO,02/01/2024,12:41:23,1175,1155.15,240,1190,200,0,480
FINNIFTY02JAN2420200CE.NFO,02/01/2024,12:41:25,1175,1155.25,120,1190,200,0,480
FINNIFTY02JAN2420200CE.NFO,02/01/2024,12:41:26,1175,1155.45,160,1190,200,0,480
FINNIFTY02JAN2420200CE.NFO,02/01/2024,12:41:28,1175,1155.55,80,1190,200,0,480
FINNIFTY02JAN2420200CE.NFO,02/01/2024,12:41:33,1175,1156.05,40,1190,200,0,480
FINNIFTY02JAN2420200CE.NFO,02/01/2024,12:41:40,1175,1157.05,160,1190,200,0,480
FINNIFTY02JAN2420200CE.NFO,02/01/2024,12:41:46,1175,1131.3,80,1190,200,0,480
FINNIFTY02JAN2420200CE.NFO,02/01/2024,12:42:32,1175,1131.3,80,1190.05,200,0,480
FINNIFTY02JAN2420200CE.NFO,02/01/2024,12:43:01,1175,1131.25,80,1190.05,200,0,480
FINNIFTY02JAN2420200CE.NFO,02/01/2024,12:48:25,1175,1131.25,80,1190.15,1200,0,480
FINNIFTY02JAN2420200CE.NFO,02/01/2024,12:48:30,1175,1134.1,40,1190.1,400,0,480
FINNIFTY02JAN2420200CE.NFO,02/01/2024,12:48:36,1175,1138.2,120,1190.1,400,0,480
FINNIFTY02JAN2420200CE.NFO,02/01/2024,12:48:42,1175,1143.05,160,1190.1,400,0,480
FINNIFTY02JAN2420200CE.NFO,02/01/2024,12:48:49,1175,1148.7,120,1190.1,400,0,480
FINNIFTY02JAN2420200CE.NFO,02/01/2024,12:48:55,1175,1152.6,160,1190.1,400,0,480
FINNIFTY02JAN2420200CE.NFO,02/01/2024,12:49:01,1175,1152.85,160,1190.1,400,0,480
FINNIFTY02JAN2420200CE.NFO,02/01/2024,12:49:07,1175,1153.4,120,1190.1,400,0,480
FINNIFTY02JAN2420200CE.NFO,02/01/2024,12:49:12,1175,1153.45,160,1190.1,400,0,480
FINNIFTY02JAN2420200CE.NFO,02/01/2024,12:49:17,1175,1148.85,1400,1190.1,400,0,480
FINNIFTY02JAN2420200CE.NFO,02/01/2024,12:49:35,1175,1148.85,1400,1190.1,200,0,480
FINNIFTY02JAN2420200CE.NFO,02/01/2024,12:50:02,1175,1148.85,1400,1190.05,200,0,480
FINNIFTY02JAN2420200CE.NFO,02/01/2024,12:50:31,1175,1148.9,200,1190.05,200,0,480
FINNIFTY02JAN2420200CE.NFO,02/01/2024,12:51:05,1175,1148.9,200,1190.1,200,0,480
FINNIFTY02JAN2420200CE.NFO,02/01/2024,12:51:24,1175,1148.9,200,1190.05,200,0,480
FINNIFTY02JAN2420200CE.NFO,02/01/2024,12:54:01,1175,1148.9,200,1190.1,200,0,480
FINNIFTY02JAN2420200CE.NFO,02/01/2024,12:54:11,1175,1148.9,200,1190.05,200,0,480
FINNIFTY02JAN2420200CE.NFO,02/01/2024,12:55:03,1175,1148.85,1320,1190.05,200,0,480
FINNIFTY02JAN2420200CE.NFO,02/01/2024,12:55:08,1175,1148.9,200,1190.05,200,0,480
FINNIFTY02JAN2420200CE.NFO,02/01/2024,12:55:32,1175,1148.9,200,1190.1,200,0,480
FINNIFTY02JAN2420200CE.NFO,02/01/2024,12:55:38,1175,1148.9,200,1190.05,200,0,480
FINNIFTY02JAN2420200CE.NFO,02/01/2024,12:58:32,1175,1148.9,200,1190.1,200,0,480
FINNIFTY02JAN2420200CE.NFO,02/01/2024,12:58:44,1175,1148.9,200,1190.05,200,0,480
FINNIFTY02JAN2420200CE.NFO,02/01/2024,13:00:03,1175,1148.9,200,1190.1,200,0,480
FINNIFTY02JAN2420200CE.NFO,02/01/2024,13:01:01,1175,1148.9,200,1190.05,200,0,480
FINNIFTY02JAN2420200CE.NFO,02/01/2024,13:01:37,1175,1131.2,560,1190.15,1200,0,480
FINNIFTY02JAN2420200CE.NFO,02/01/2024,13:01:45,1175,1131.25,200,1190.1,200,0,480
FINNIFTY02JAN2420200CE.NFO,02/01/2024,13:01:52,1175,1131.2,560,1190.15,1200,0,480
FINNIFTY02JAN2420200CE.NFO,02/01/2024,13:02:05,1175,1131.25,200,1190.1,200,0,480
FINNIFTY02JAN2420200CE.NFO,02/01/2024,13:03:39,1175,1131.3,200,1190.1,400,0,480
FINNIFTY02JAN2420200CE.NFO,02/01/2024,13:03:47,1175,1131.3,200,1190.05,200,0,480
FINNIFTY02JAN2420200CE.NFO,02/01/2024,13:04:02,1175,1131.3,200,1172.85,280,0,480
FINNIFTY02JAN2420200CE.NFO,02/01/2024,13:04:12,1175,1131.3,200,1172.8,280,0,480
FINNIFTY02JAN2420200CE.NFO,02/01/2024,13:04:22,1175,1134,200,1170.95,200,0,480
FINNIFTY02JAN2420200CE.NFO,02/01/2024,13:04:31,1175,1139,120,1167.4,120,0,480
FINNIFTY02JAN2420200CE.NFO,02/01/2024,13:04:40,1175,1141.4,120,1162.75,120,0,480
FINNIFTY02JAN2420200CE.NFO,02/01/2024,13:04:48,1175,1144.4,120,1158.65,160,0,480
FINNIFTY02JAN2420200CE.NFO,02/01/2024,13:04:56,1175,1141.6,200,1155.2,80,0,480
FINNIFTY02JAN2420200CE.NFO,02/01/2024,13:05:04,1175,1144.4,120,1151.15,120,0,480
FINNIFTY02JAN2420200CE.NFO,02/01/2024,13:05:11,1175,1113.95,1640,1150.05,200,0,480
FINNIFTY02JAN2420200CE.NFO,02/01/2024,13:05:16,1175,1113.95,1640,1149.1,120,0,480
FINNIFTY02JAN2420200CE.NFO,02/01/2024,13:05:22,1175,1113.95,1640,1172.85,120,0,480
FINNIFTY02JAN2420200CE.NFO,02/01/2024,13:06:31,1175,1114.35,120,1172.75,400,0,480
FINNIFTY02JAN2420200CE.NFO,02/01/2024,13:06:36,1175,1118.95,120,1168.6,120,0,480
FINNIFTY02JAN2420200CE.NFO,02/01/2024,13:06:42,1175,1123.7,200,1164.45,200,0,480
FINNIFTY02JAN2420200CE.NFO,02/01/2024,13:06:47,1175,1128.1,120,1160.6,280,0,480
FINNIFTY02JAN2420200CE.NFO,02/01/2024,13:06:53,1175,1132.7,200,1157.6,200,0,480
FINNIFTY02JAN2420200CE.NFO,02/01/2024,13:06:58,1175,1137.6,120,1153.1,120,0,480
FINNIFTY02JAN2420200CE.NFO,02/01/2024,13:07:03,1175,1142.4,120,1152.95,280,0,480
FINNIFTY02JAN2420200CE.NFO,02/01/2024,13:07:09,1175,1145.5,160,1150.25,200,0,480
FINNIFTY02JAN2420200CE.NFO,02/01/2024,13:07:15,1175,1145.1,80,1150.3,200,0,480
FINNIFTY02JAN2420200CE.NFO,02/01/2024,13:07:20,1175,1145.95,320,1150.6,200,0,480
FINNIFTY02JAN2420200CE.NFO,02/01/2024,13:07:25,1175,1145.95,440,1171.15,200,0,480
FINNIFTY02JAN2420200CE.NFO,02/01/2024,13:07:30,1175,1147,80,1164.8,80,0,480
FINNIFTY02JAN2420200CE.NFO,02/01/2024,13:07:32,1175,1146.95,160,1162.55,200,0,480
FINNIFTY02JAN2420200CE.NFO,02/01/2024,13:07:34,1175,1146.95,160,1160.95,200,0,480
FINNIFTY02JAN2420200CE.NFO,02/01/2024,13:07:35,1175,1147.2,160,1159.2,40,0,480
FINNIFTY02JAN2420200CE.NFO,02/01/2024,13:07:37,1175,1148.1,160,1157.7,200,0,480
FINNIFTY02JAN2420200CE.NFO,02/01/2024,13:07:39,1175,1147.8,120,1156.15,120,0,480
FINNIFTY02JAN2420200CE.NFO,02/01/2024,13:07:40,1175,1148.25,120,1154.25,120,0,480
FINNIFTY02JAN2420200CE.NFO,02/01/2024,13:07:42,1175,1148.45,120,1153.25,80,0,480
FINNIFTY02JAN2420200CE.NFO,02/01/2024,13:07:44,1175,1147.3,840,1152.4,200,0,480
FINNIFTY02JAN2420200CE.NFO,02/01/2024,13:07:45,1175,1147.3,600,1152.5,120,0,480
FINNIFTY02JAN2420200CE.NFO,02/01/2024,13:07:47,1175,1147.6,160,1152.65,200,0,480
FINNIFTY02JAN2420200CE.NFO,02/01/2024,13:07:49,1175,1147.6,160,1172.85,200,0,480
FINNIFTY02JAN2420200CE.NFO,02/01/2024,13:07:50,1175,1147.95,80,1171.45,120,0,480
FINNIFTY02JAN2420200CE.NFO,02/01/2024,13:07:52,1175,1147.35,280,1169.55,200,0,480
FINNIFTY02JAN2420200CE.NFO,02/01/2024,13:07:53,1175,1147.45,80,1167.7,120,0,480
FINNIFTY02JAN2420200CE.NFO,02/01/2024,13:07:55,1175,1147.45,120,1165.25,120,0,480
FINNIFTY02JAN2420200CE.NFO,02/01/2024,13:07:57,1175,1147.4,80,1163.15,200,0,480
FINNIFTY02JAN2420200CE.NFO,02/01/2024,13:07:58,1175,1147.9,120,1161.65,120,0,480
FINNIFTY02JAN2420200CE.NFO,02/01/2024,13:08:00,1175,1148.4,120,1159.45,120,0,480
FINNIFTY02JAN2420200CE.NFO,02/01/2024,13:08:02,1175,1148.9,200,1158.25,200,0,480
FINNIFTY02JAN2420200CE.NFO,02/01/2024,13:08:03,1175,1149.5,80,1157.6,160,0,480
FINNIFTY02JAN2420200CE.NFO,02/01/2024,13:08:05,1175,1150.15,120,1157.2,200,0,480
FINNIFTY02JAN2420200CE.NFO,02/01/2024,13:08:07,1175,1150.85,120,1156.6,200,0,480
FINNIFTY02JAN2420200CE.NFO,02/01/2024,13:08:08,1175,1113.95,680,1155.95,160,0,480
FINNIFTY02JAN2420200CE.NFO,02/01/2024,13:08:10,1175,1115.15,120,1155.5,200,0,480
FINNIFTY02JAN2420200CE.NFO,02/01/2024,13:08:12,1175,1116.2,200,1172.8,200,0,480
FINNIFTY02JAN2420200CE.NFO,02/01/2024,13:08:13,1175,1116.75,120,1172.4,280,0,480
FINNIFTY02JAN2420200CE.NFO,02/01/2024,13:08:15,1175,1117.55,320,1171.7,320,0,480
FINNIFTY02JAN2420200CE.NFO,02/01/2024,13:08:16,1175,1118.4,80,1171,80,0,480
FINNIFTY02JAN2420200CE.NFO,02/01/2024,13:08:18,1175,1120.05,120,1169.65,120,0,480
FINNIFTY02JAN2420200CE.NFO,02/01/2024,13:08:20,1175,1121.55,80,1168.35,80,0,480
FINNIFTY02JAN2420200CE.NFO,02/01/2024,13:08:21,1175,1122.9,40,1167.25,40,0,480
FINNIFTY02JAN2420200CE.NFO,02/01/2024,13:08:23,1175,1124.4,120,1165.9,120,0,480
FINNIFTY02JAN2420200CE.NFO,02/01/2024,13:08:25,1175,1125.5,200,1165.05,280,0,480
FINNIFTY02JAN2420200CE.NFO,02/01/2024,13:08:26,1175,1126.35,40,1164.3,280,0,480
FINNIFTY02JAN2420200CE.NFO,02/01/2024,13:08:28,1175,1127.65,120,1163,120,0,480
FINNIFTY02JAN2420200CE.NFO,02/01/2024,13:08:30,1175,1128.9,200,1161.95,200,0,480
FINNIFTY02JAN2420200CE.NFO,02/01/2024,13:08:31,1175,1129.75,40,1161.25,80,0,480
FINNIFTY02JAN2420200CE.NFO,02/01/2024,13:08:33,1175,1130.9,120,1160.15,120,0,480
FINNIFTY02JAN2420200CE.NFO,02/01/2024,13:08:35,1175,1131.95,200,1189.45,200,0,480
FINNIFTY02JAN2420200CE.NFO,02/01/2024,13:08:37,1175,1133.15,160,1188.85,240,0,480
FINNIFTY02JAN2420200CE.NFO,02/01/2024,13:08:38,1175,1134.15,120,1188.2,280,0,480
FINNIFTY02JAN2420200CE.NFO,02/01/2024,13:08:40,1175,1135.35,200,1187.35,80,0,480
FINNIFTY02JAN2420200CE.NFO,02/01/2024,13:08:41,1175,1136.65,120,1186.55,80,0,480
FINNIFTY02JAN2420200CE.NFO,02/01/2024,13:08:43,1175,1137.7,320,1185.35,120,0,480
FINNIFTY02JAN2420200CE.NFO,02/01/2024,13:08:45,1175,1139.15,200,1184,280,0,480
FINNIFTY02JAN2420200CE.NFO,02/01/2024,13:08:46,1175,1140.2,40,1182.9,40,0,480
FINNIFTY02JAN2420200CE.NFO,02/01/2024,13:08:48,1175,1141.65,40,1181.5,120,0,480
FINNIFTY02JAN2420200CE.NFO,02/01/2024,13:08:50,1175,1143.1,560,1180.25,240,0,480
FINNIFTY02JAN2420200CE.NFO,02/01/2024,13:08:51,1175,1144.15,120,1179.05,120,0,480
FINNIFTY02JAN2420200CE.NFO,02/01/2024,13:08:53,1175,1145.5,120,1177.95,120,0,480
FINNIFTY02JAN2420200CE.NFO,02/01/2024,13:08:55,1175,1146.6,200,1177.05,400,0,480
FINNIFTY02JAN2420200CE.NFO,02/01/2024,13:08:56,1175,1147.55,80,1176.15,80,0,480
FINNIFTY02JAN2420200CE.NFO,02/01/2024,13:09:00,1175,1149.8,200,1173.8,200,0,480
FINNIFTY02JAN2420200CE.NFO,02/01/2024,13:09:01,1175,1150.95,120,1172.8,120,0,480
FINNIFTY02JAN2420200CE.NFO,02/01/2024,13:09:03,1175,1152.4,40,1171.5,40,0,480
FINNIFTY02JAN2420200CE.NFO,02/01/2024,13:09:05,1175,1153.05,240,1170.2,200,0,480
FINNIFTY02JAN2420200CE.NFO,02/01/2024,13:09:06,1175,1152.75,120,1168.4,160,0,480
FINNIFTY02JAN2420200CE.NFO,02/01/2024,13:09:08,1175,1114.9,120,1167.35,160,0,480
FINNIFTY02JAN2420200CE.NFO,02/01/2024,13:09:10,1175,1116.05,200,1166.25,200,0,480
FINNIFTY02JAN2420200CE.NFO,02/01/2024,13:09:11,1175,1117.35,120,1165.5,120,0,480
FINNIFTY02JAN2420200CE.NFO,02/01/2024,13:09:13,1175,1118.95,40,1164.15,280,0,480
FINNIFTY02JAN2420200CE.NFO,02/01/2024,13:09:15,1175,1120.6,120,1162.7,120,0,480
FINNIFTY02JAN2420200CE.NFO,02/01/2024,13:09:16,1175,1121.6,80,1161.8,80,0,480
FINNIFTY02JAN2420200CE.NFO,02/01/2024,13:09:18,1175,1122.7,40,1160.8,240,0,480
FINNIFTY02JAN2420200CE.NFO,02/01/2024,13:09:20,1175,1124.65,120,1158.85,80,0,480
FINNIFTY02JAN2420200CE.NFO,02/01/2024,13:09:21,1175,1126.1,40,1157.8,240,0,480
FINNIFTY02JAN2420200CE.NFO,02/01/2024,13:09:23,1175,1127.55,80,1157.7,80,0,480
FINNIFTY02JAN2420200CE.NFO,02/01/2024,13:09:25,1175,1129,200,1157.4,200,0,480
FINNIFTY02JAN2420200CE.NFO,02/01/2024,13:09:26,1175,1130.55,160,1157.8,1000,0,480
FINNIFTY02JAN2420200CE.NFO,02/01/2024,13:09:28,1175,1132.3,120,1188.9,120,0,480
FINNIFTY02JAN2420200CE.NFO,02/01/2024,13:09:30,1175,1133.45,200,1187.75,400,0,480
FINNIFTY02JAN2420200CE.NFO,02/01/2024,13:09:31,1175,1134.4,120,1186.85,120,0,480
FINNIFTY02JAN2420200CE.NFO,02/01/2024,13:09:33,1175,1135.7,200,1185.45,200,0,480
FINNIFTY02JAN2420200CE.NFO,02/01/2024,13:09:34,1175,1137.25,120,1184.25,120,0,480
FINNIFTY02JAN2420200CE.NFO,02/01/2024,13:09:36,1175,1138.85,120,1182.75,120,0,480
FINNIFTY02JAN2420200CE.NFO,02/01/2024,13:09:38,1175,1140.25,120,1181.4,120,0,480
FINNIFTY02JAN2420200CE.NFO,02/01/2024,13:09:39,1175,1141.75,120,1180.25,80,0,480
FINNIFTY02JAN2420200CE.NFO,02/01/2024,13:09:41,1175,1143.5,120,1178.65,120,0,480
FINNIFTY02JAN2420200CE.NFO,02/01/2024,13:09:43,1175,1145.15,120,1176.95,120,0,480
FINNIFTY02JAN2420200CE.NFO,02/01/2024,13:09:48,1175,1150.15,200,1171.95,200,0,480
FINNIFTY02JAN2420200CE.NFO,02/01/2024,13:09:49,1175,1151.75,80,1170.35,80,0,480
FINNIFTY02JAN2420200CE.NFO,02/01/2024,13:09:51,1175,1151.9,120,1168.05,40,0,480
FINNIFTY02JAN2420200CE.NFO,02/01/2024,13:09:53,1175,1151.9,120,1166.3,200,0,480
FINNIFTY02JAN2420200CE.NFO,02/01/2024,13:09:54,1175,1151.5,160,1164.25,160,0,480
FINNIFTY02JAN2420200CE.NFO,02/01/2024,13:09:56,1175,1151.5,80,1162.15,200,0,480
FINNIFTY02JAN2420200CE.NFO,02/01/2024,13:09:57,1175,1151.55,80,1160.05,120,0,480
FINNIFTY02JAN2420200CE.NFO,02/01/2024,13:09:59,1175,1151.8,120,1158.1,200,0,480
FINNIFTY02JAN2420200CE.NFO,02/01/2024,13:10:01,1175,1151.85,40,1157.1,200,0,480
FINNIFTY02JAN2420200CE.NFO,02/01/2024,13:10:02,1175,1151.9,40,1156.5,200,0,480
FINNIFTY02JAN2420200CE.NFO,02/01/2024,13:10:04,1175,1152.25,120,1157.6,1160,0,480
FINNIFTY02JAN2420200CE.NFO,02/01/2024,13:10:06,1175,1153,120,1188.5,120,0,480
FINNIFTY02JAN2420200CE.NFO,02/01/2024,13:10:07,1175,1153.3,120,1186.95,160,0,480
FINNIFTY02JAN2420200CE.NFO,02/01/2024,13:10:09,1175,1152.95,280,1185.3,200,0,480
FINNIFTY02JAN2420200CE.NFO,02/01/2024,13:10:11,1175,1153.05,160,1183.05,200,0,480
FINNIFTY02JAN2420200CE.NFO,02/01/2024,13:10:12,1175,1153.1,80,1180.65,120,0,480
FINNIFTY02JAN2420200CE.NFO,02/01/2024,13:10:14,1175,1153.25,80,1178.65,200,0,480
FINNIFTY02JAN2420200CE.NFO,02/01/2024,13:10:15,1175,1154.1,40,1177.65,480,0,480
FINNIFTY02JAN2420200CE.NFO,02/01/2024,13:10:17,1175,1154.1,160,1176.2,200,0,480
FINNIFTY02JAN2420200CE.NFO,02/01/2024,13:10:19,1175,1114.8,200,1174.65,200,0,480
FINNIFTY02JAN2420200CE.NFO,02/01/2024,13:10:20,1175,1116,120,1173.8,40,0,480
FINNIFTY02JAN2420200CE.NFO,02/01/2024,13:10:22,1175,1117.5,80,1172.55,280,0,480
FINNIFTY02JAN2420200CE.NFO,02/01/2024,13:10:24,1175,1119.1,200,1170.95,200,0,480
FINNIFTY02JAN2420200CE.NFO,02/01/2024,13:10:25,1175,1120.6,40,1169.45,40,0,480
FINNIFTY02JAN2420200CE.NFO,02/01/2024,13:10:27,1175,1122.05,80,1168,80,0,480
FINNIFTY02JAN2420200CE.NFO,02/01/2024,13:10:28,1175,1123.45,40,1166.6,40,0,480
FINNIFTY02JAN2420200CE.NFO,02/01/2024,13:10:30,1175,1124.7,120,1165.4,120,0,480
FINNIFTY02JAN2420200CE.NFO,02/01/2024,13:10:31,1175,1126,120,1164.4,320,0,480
FINNIFTY02JAN2420200CE.NFO,02/01/2024,13:10:33,1175,1127.35,80,1163.3,200,0,480
FINNIFTY02JAN2420200CE.NFO,02/01/2024,13:10:35,1175,1129.25,200,1161.5,200,0,480
FINNIFTY02JAN2420200CE.NFO,02/01/2024,13:10:36,1175,1131,40,1159.7,40,0,480
FINNIFTY02JAN2420200CE.NFO,02/01/2024,13:10:38,1175,1132.5,120,1158.65,240,0,480
FINNIFTY02JAN2420200CE.NFO,02/01/2024,13:10:40,1175,1134,200,1157.85,200,0,480
FINNIFTY02JAN2420200CE.NFO,02/01/2024,13:10:41,1175,1135.35,120,1157.4,40,0,480
FINNIFTY02JAN2420200CE.NFO,02/01/2024,13:10:43,1175,1136.75,80,1157.6,200,0,480
FINNIFTY02JAN2420200CE.NFO,02/01/2024,13:10:45,1175,1138.35,200,1157.3,200,0,480
FINNIFTY02JAN2420200CE.NFO,02/01/2024,13:10:47,1175,1140.05,40,1157.45,80,0,480
FINNIFTY02JAN2420200CE.NFO,02/01/2024,13:10:48,1175,1141.65,120,1157.55,200,0,480
FINNIFTY02JAN2420200CE.NFO,02/01/2024,13:10:50,1175,1143.3,200,1189.4,200,0,480
FINNIFTY02JAN2420200CE.NFO,02/01/2024,13:10:52,1175,1144.8,200,1188.3,200,0,480
FINNIFTY02JAN2420200CE.NFO,02/01/2024,13:10:53,1175,1146.05,120,1187.4,120,0,480
FINNIFTY02JAN2420200CE.NFO,02/01/2024,13:10:55,1175,1147.85,120,1185.85,120,0,480
FINNIFTY02JAN2420200CE.NFO,02/01/2024,13:10:57,1175,1148.9,120,1185.05,120,0,480
FINNIFTY02JAN2420200CE.NFO,02/01/2024,13:10:58,1175,1150,80,1184,120,0,480
FINNIFTY02JAN2420200CE.NFO,02/01/2024,13:11:00,1175,1151.3,120,1182.55,200,0,480
FINNIFTY02JAN2420200CE.NFO,02/01/2024,13:11:02,1175,1151.4,160,1180.4,120,0,480
FINNIFTY02JAN2420200CE.NFO,02/01/2024,13:11:03,1175,1151.05,320,1178.4,120,0,480
FINNIFTY02JAN2420200CE.NFO,02/01/2024,13:11:05,1175,1151.2,120,1176.4,200,0,480
FINNIFTY02JAN2420200CE.NFO,02/01/2024,13:11:07,1175,1151.15,120,1173.9,200,0,480
FINNIFTY02JAN2420200CE.NFO,02/01/2024,13:11:08,1175,1150.1,840,1171.8,200,0,480
FINNIFTY02JAN2420200CE.NFO,02/01/2024,13:11:10,1175,1114.1,200,1170.25,200,0,480
FINNIFTY02JAN2420200CE.NFO,02/01/2024,13:11:12,1175,1115.4,200,1169.1,200,0,480
FINNIFTY02JAN2420200CE.NFO,02/01/2024,13:11:13,1175,1116.3,120,1168.35,120,0,480
FINNIFTY02JAN2420200CE.NFO,02/01/2024,13:11:15,1175,1118.1,120,1166.7,80,0,480
FINNIFTY02JAN2420200CE.NFO,02/01/2024,13:11:17,1175,1120,120,1164.95,120,0,480
FINNIFTY02JAN2420200CE.NFO,02/01/2024,13:11:18,1175,1121.75,40,1163.4,40,0,480
FINNIFTY02JAN2420200CE.NFO,02/01/2024,13:11:20,1175,1123.05,240,1162.25,240,0,480
FINNIFTY02JAN2420200CE.NFO,02/01/2024,13:11:22,1175,1124.2,80,1160.95,80,0,480
FINNIFTY02JAN2420200CE.NFO,02/01/2024,13:11:23,1175,1125.35,120,1160.05,320,0,480
FINNIFTY02JAN2420200CE.NFO,02/01/2024,13:11:25,1175,1126.7,200,1158.75,200,0,480
FINNIFTY02JAN2420200CE.NFO,02/01/2024,13:11:27,1175,1128.15,120,1157.65,120,0,480
FINNIFTY02JAN2420200CE.NFO,02/01/2024,13:11:28,1175,1129.7,120,1156.4,120,0,480
FINNIFTY02JAN2420200CE.NFO,02/01/2024,13:11:30,1175,1131.55,120,1155.65,120,0,480
FINNIFTY02JAN2420200CE.NFO,02/01/2024,13:11:31,1175,1132.95,120,1155.1,200,0,480
FINNIFTY02JAN2420200CE.NFO,02/01/2024,13:11:33,1175,1134.5,80,1154.25,80,0,480
FINNIFTY02JAN2420200CE.NFO,02/01/2024,13:11:35,1175,1136.1,200,1153.45,80,0,480
FINNIFTY02JAN2420200CE.NFO,02/01/2024,13:11:36,1175,1136.85,120,1153.05,120,0,480
FINNIFTY02JAN2420200CE.NFO,02/01/2024,13:11:38,1175,1138.35,120,1152.55,200,0,480
FINNIFTY02JAN2420200CE.NFO,02/01/2024,13:11:40,1175,1139.8,200,1152.2,200,0,480
FINNIFTY02JAN2420200CE.NFO,02/01/2024,13:11:41,1175,1141.4,120,1189.7,1440,0,480
FINNIFTY02JAN2420200CE.NFO,02/01/2024,13:11:43,1175,1143.05,80,1188.55,120,0,480
FINNIFTY02JAN2420200CE.NFO,02/01/2024,13:11:45,1175,1144.6,120,1187.05,120,0,480
FINNIFTY02JAN2420200CE.NFO,02/01/2024,13:11:46,1175,1145.65,40,1186.15,40,0,480
FINNIFTY02JAN2420200CE.NFO,02/01/2024,13:11:48,1175,1146.8,120,1185.1,120,0,480
FINNIFTY02JAN2420200CE.NFO,02/01/2024,13:11:50,1175,1148.1,120,1183.2,80,0,480
FINNIFTY02JAN2420200CE.NFO,02/01/2024,13:11:51,1175,1148.1,240,1181,40,0,480
FINNIFTY02JAN2420200CE.NFO,02/01/2024,13:11:53,1175,1148.15,200,1178.9,120,0,480
FINNIFTY02JAN2420200CE.NFO,02/01/2024,13:11:55,1175,1149,40,1177.6,200,0,480
FINNIFTY02JAN2420200CE.NFO,02/01/2024,13:11:56,1175,1113.95,1440,1175.85,160,0,480
FINNIFTY02JAN2420200CE.NFO,02/01/2024,13:11:58,1175,1114.75,120,1175.05,120,0,480
FINNIFTY02JAN2420200CE.NFO,02/01/2024,13:12:00,1175,1116.2,120,1173.85,120,0,480
FINNIFTY02JAN2420200CE.NFO,02/01/2024,13:12:01,1175,1117.05,120,1173.1,80,0,480
FINNIFTY02JAN2420200CE.NFO,02/01/2024,13:12:03,1175,1118.45,120,1171.85,320,0,480
FINNIFTY02JAN2420200CE.NFO,02/01/2024,13:12:05,1175,1120.1,200,1170.55,200,0,480
FINNIFTY02JAN2420200CE.NFO,02/01/2024,13:12:06,1175,1121.7,40,1169.45,40,0,480
FINNIFTY02JAN2420200CE.NFO,02/01/2024,13:12:08,1175,1123.35,120,1168,120,0,480
FINNIFTY02JAN2420200CE.NFO,02/01/2024,13:12:10,1175,1125.05,80,1166.75,80,0,480
FINNIFTY02JAN2420200CE.NFO,02/01/2024,13:12:11,1175,1125.9,40,1165.65,360,0,480
FINNIFTY02JAN2420200CE.NFO,02/01/2024,13:12:13,1175,1127.05,120,1164.6,120,0,480
FINNIFTY02JAN2420200CE.NFO,02/01/2024,13:12:15,1175,1128.5,120,1163.45,400,0,480
FINNIFTY02JAN2420200CE.NFO,02/01/2024,13:12:16,1175,1130,120,1162.3,120,0,480
FINNIFTY02JAN2420200CE.NFO,02/01/2024,13:12:18,1175,1131.85,120,1160.55,120,0,480
FINNIFTY02JAN2420200CE.NFO,02/01/2024,13:12:20,1175,1133.4,200,1159.05,320,0,480
FINNIFTY02JAN2420200CE.NFO,02/01/2024,13:12:21,1175,1134.95,40,1157.65,40,0,480
FINNIFTY02JAN2420200CE.NFO,02/01/2024,13:12:25,1175,1138.05,200,1154.95,200,0,480
FINNIFTY02JAN2420200CE.NFO,02/01/2024,13:12:26,1175,1139.45,160,1154.4,160,0,480
FINNIFTY02JAN2420200CE.NFO,02/01/2024,13:12:28,1175,1141.35,80,1153.65,80,0,480
FINNIFTY02JAN2420200CE.NFO,02/01/2024,13:12:30,1175,1142.95,120,1153.15,200,0,480
FINNIFTY02JAN2420200CE.NFO,02/01/2024,13:12:31,1175,1143.9,200,1153.45,360,0,480
FINNIFTY02JAN2420200CE.NFO,02/01/2024,13:12:33,1175,1145.8,120,1189.7,1440,0,480
FINNIFTY02JAN2420200CE.NFO,02/01/2024,13:12:35,1175,1146.9,200,1188.9,200,0,480
FINNIFTY02JAN2420200CE.NFO,02/01/2024,13:12:36,1175,1148.4,40,1187.5,40,0,480
FINNIFTY02JAN2420200CE.NFO,02/01/2024,13:12:38,1175,1149.05,240,1186.05,200,0,480
FINNIFTY02JAN2420200CE.NFO,02/01/2024,13:12:40,1175,1149.1,200,1183.75,40,0,480
FINNIFTY02JAN2420200CE.NFO,02/01/2024,13:12:41,1175,1149.1,120,1181.7,120,0,480
FINNIFTY02JAN2420200CE.NFO,02/01/2024,13:12:43,1175,1114.4,200,1179.55,200,0,480
FINNIFTY02JAN2420200CE.NFO,02/01/2024,13:12:45,1175,1116.6,200,1177.2,200,0,480
FINNIFTY02JAN2420200CE.NFO,02/01/2024,13:12:46,1175,1118.1,160,1175.9,160,0,480
FINNIFTY02JAN2420200CE.NFO,02/01/2024,13:12:48,1175,1119.8,120,1174.3,120,0,480
FINNIFTY02JAN2420200CE.NFO,02/01/2024,13:12:49,1175,1121,40,1173.05,120,0,480
FINNIFTY02JAN2420200CE.NFO,02/01/2024,13:12:51,1175,1122.45,80,1171.55,80,0,480
FINNIFTY02JAN2420200CE.NFO,02/01/2024,13:12:53,1175,1123.95,120,1170.05,120,0,480
FINNIFTY02JAN2420200CE.NFO,02/01/2024,13:12:54,1175,1125.45,120,1168.65,40,0,480
FINNIFTY02JAN2420200CE.NFO,02/01/2024,13:12:56,1175,1127.25,120,1166.85,120,0,480
FINNIFTY02JAN2420200CE.NFO,02/01/2024,13:13:00,1175,1130.5,120,1163.65,120,0,480
FINNIFTY02JAN2420200CE.NFO,02/01/2024,13:13:03,1175,1133.3,120,1161.05,120,0,480
FINNIFTY02JAN2420200CE.NFO,02/01/2024,13:13:05,1175,1134.85,40,1160,120,0,480
FINNIFTY02JAN2420200CE.NFO,02/01/2024,13:13:06,1175,1136.05,120,1158.7,200,0,480
FINNIFTY02JAN2420200CE.NFO,02/01/2024,13:13:08,1175,1137.75,200,1156.9,280,0,480
FINNIFTY02JAN2420200CE.NFO,02/01/2024,13:13:09,1175,1139.45,120,1155.3,120,0,480
FINNIFTY02JAN2420200CE.NFO,02/01/2024,13:13:11,1175,1141.25,80,1154.4,320,0,480
FINNIFTY02JAN2420200CE.NFO,02/01/2024,13:13:13,1175,1142.95,360,1153.5,320,0,480
FINNIFTY02JAN2420200CE.NFO,02/01/2024,13:13:14,1175,1144.15,120,1153.2,120,0,480
FINNIFTY02JAN2420200CE.NFO,02/01/2024,13:13:16,1175,1145.45,120,1189.7,1440,0,480
FINNIFTY02JAN2420200CE.NFO,02/01/2024,13:13:18,1175,1147.3,200,1188.8,400,0,480
FINNIFTY02JAN2420200CE.NFO,02/01/2024,13:13:19,1175,1148.8,40,1187.55,80,0,480
FINNIFTY02JAN2420200CE.NFO,02/01/2024,13:13:21,1175,1149.05,120,1185.5,120,0,480
FINNIFTY02JAN2420200CE.NFO,02/01/2024,13:13:23,1175,1149.05,80,1183.25,200,0,480
FINNIFTY02JAN2420200CE.NFO,02/01/2024,13:13:24,1175,1149.15,40,1181,40,0,480
FINNIFTY02JAN2420200CE.NFO,02/01/2024,13:13:26,1175,1149,160,1178.9,200,0,480
FINNIFTY02JAN2420200CE.NFO,02/01/2024,13:13:28,1175,1148.75,240,1176.6,200,0,480
FINNIFTY02JAN2420200CE.NFO,02/01/2024,13:13:29,1175,1148.75,240,1175.3,120,0,480
FINNIFTY02JAN2420200CE.NFO,02/01/2024,13:13:31,1175,1148.8,40,1173.45,160,0,480
FINNIFTY02JAN2420200CE.NFO,02/01/2024,13:13:32,1175,1148.9,80,1171.05,200,0,480
FINNIFTY02JAN2420200CE.NFO,02/01/2024,13:13:34,1175,1149.05,120,1168.75,120,0,480
FINNIFTY02JAN2420200CE.NFO,02/01/2024,13:13:36,1175,1148.75,240,1166.7,200,0,480
FINNIFTY02JAN2420200CE.NFO,02/01/2024,13:13:37,1175,1148.75,240,1163.9,120,0,480
FINNIFTY02JAN2420200CE.NFO,02/01/2024,13:13:39,1175,1147.5,80,1162.15,200,0,480
FINNIFTY02JAN2420200CE.NFO,02/01/2024,13:13:41,1175,1147.4,800,1160.05,200,0,480
FINNIFTY02JAN2420200CE.NFO,02/01/2024,13:13:42,1175,1147.5,80,1158.1,120,0,480
FINNIFTY02JAN2420200CE.NFO,02/01/2024,13:13:44,1175,1147.5,40,1156.15,200,0,480
FINNIFTY02JAN2420200CE.NFO,02/01/2024,13:13:46,1175,1147.7,200,1154.2,200,0,480
FINNIFTY02JAN2420200CE.NFO,02/01/2024,13:13:47,1175,1148.3,120,1153.45,200,0,480
FINNIFTY02JAN2420200CE.NFO,02/01/2024,13:13:49,1175,1114.4,120,1152.7,200,0,480
FINNIFTY02JAN2420200CE.NFO,02/01/2024,13:13:51,1175,1115.6,200,1152.4,200,0,480
FINNIFTY02JAN2420200CE.NFO,02/01/2024,13:13:52,1175,1116.7,120,1152.55,120,0,480
FINNIFTY02JAN2420200CE.NFO,02/01/2024,13:13:54,1175,1118.4,200,1153.15,200,0,480
FINNIFTY02JAN2420200CE.NFO,02/01/2024,13:13:56,1175,1119.85,200,1189.3,360,0,480
FINNIFTY02JAN2420200CE.NFO,02/01/2024,13:13:57,1175,1121.25,120,1188.3,80,0,480
FINNIFTY02JAN2420200CE.NFO,02/01/2024,13:13:59,1175,1122.6,200,1186.95,400,0,480
FINNIFTY02JAN2420200CE.NFO,02/01/2024,13:14:01,1175,1124.4,200,1185.15,200,0,480
FINNIFTY02JAN2420200CE.NFO,02/01/2024,13:14:02,1175,1125.8,80,1183.85,120,0,480
FINNIFTY02JAN2420200CE.NFO,02/01/2024,13:14:04,1175,1127.25,160,1182.45,120,0,480
FINNIFTY02JAN2420200CE.NFO,02/01/2024,13:14:06,1175,1128.3,200,1181.65,120,0,480
FINNIFTY02JAN2420200CE.NFO,02/01/2024,13:14:07,1175,1129.15,80,1181.1,80,0,480
FINNIFTY02JAN2420200CE.NFO,02/01/2024,13:14:09,1175,1130.8,80,1179.7,200,0,480
FINNIFTY02JAN2420200CE.NFO,02/01/2024,13:14:11,1175,1132.2,120,1178.35,120,0,480
FINNIFTY02JAN2420200CE.NFO,02/01/2024,13:14:12,1175,1133.35,120,1177.55,360,0,480
FINNIFTY02JAN2420200CE.NFO,02/01/2024,13:14:14,1175,1134.8,200,1176.3,320,0,480
FINNIFTY02JAN2420200CE.NFO,02/01/2024,13:14:16,1175,1136.05,80,1175.35,160,0,480
FINNIFTY02JAN2420200CE.NFO,02/01/2024,13:14:17,1175,1137.05,120,1174.5,120,0,480
FINNIFTY02JAN2420200CE.NFO,02/01/2024,13:14:19,1175,1138.6,120,1172.9,120,0,480
FINNIFTY02JAN2420200CE.NFO,02/01/2024,13:14:21,1175,1140.1,360,1171.6,160,0,480
FINNIFTY02JAN2420200CE.NFO,02/01/2024,13:14:22,1175,1141.4,120,1170.45,120,0,480
FINNIFTY02JAN2420200CE.NFO,02/01/2024,13:14:24,1175,1142.95,120,1169.1,120,0,480
FINNIFTY02JAN2420200CE.NFO,02/01/2024,13:14:26,1175,1144.85,40,1167.45,280,0,480
FINNIFTY02JAN2420200CE.NFO,02/01/2024,13:14:27,1175,1146.15,120,1166.35,120,0,480
FINNIFTY02JAN2420200CE.NFO,02/01/2024,13:14:29,1175,1147.15,120,1164.55,40,0,480
FINNIFTY02JAN2420200CE.NFO,02/01/2024,13:14:31,1175,1147.9,120,1163.2,240,0,480
FINNIFTY02JAN2420200CE.NFO,02/01/2024,13:14:32,1175,1147.85,120,1161.85,120,0,480
FINNIFTY02JAN2420200CE.NFO,02/01/2024,13:14:34,1175,1148.2,80,1159.45,120,0,480
FINNIFTY02JAN2420200CE.NFO,02/01/2024,13:14:36,1175,1148.15,160,1157.2,200,0,480
FINNIFTY02JAN2420200CE.NFO,02/01/2024,13:14:37,1175,1148.15,160,1155.4,120,0,480
FINNIFTY02JAN2420200CE.NFO,02/01/2024,13:14:39,1175,1148.2,80,1153.95,120,0,480
FINNIFTY02JAN2420200CE.NFO,02/01/2024,13:14:41,1175,1148.35,160,1153,200,0,480
FINNIFTY02JAN2420200CE.NFO,02/01/2024,13:14:42,1175,1148.45,120,1153.1,120,0,480
FINNIFTY02JAN2420200CE.NFO,02/01/2024,13:14:44,1175,1148.4,80,1153,80,0,480
FINNIFTY02JAN2420200CE.NFO,02/01/2024,13:14:46,1175,1148.45,80,1153.2,200,0,480
FINNIFTY02JAN2420200CE.NFO,02/01/2024,13:14:47,1175,1148.35,160,1152.8,120,0,480
FINNIFTY02JAN2420200CE.NFO,02/01/2024,13:14:49,1175,1115.15,120,1152.7,80,0,480
FINNIFTY02JAN2420200CE.NFO,02/01/2024,13:14:51,1175,1116.8,80,1152.45,120,0,480
FINNIFTY02JAN2420200CE.NFO,02/01/2024,13:14:52,1175,1117.9,80,1152.25,200,0,480
FINNIFTY02JAN2420200CE.NFO,02/01/2024,13:14:54,1175,1119.85,120,1153.45,160,0,480
FINNIFTY02JAN2420200CE.NFO,02/01/2024,13:14:56,1175,1121.65,80,1152.85,80,0,480
FINNIFTY02JAN2420200CE.NFO,02/01/2024,13:14:57,1175,1122.85,120,1152.55,40,0,480
FINNIFTY02JAN2420200CE.NFO,02/01/2024,13:14:59,1175,1124.55,120,1152.55,200,0,480
FINNIFTY02JAN2420200CE.NFO,02/01/2024,13:15:01,1175,1126.2,80,1189.4,200,0,480
FINNIFTY02JAN2420200CE.NFO,02/01/2024,13:15:02,1175,1127.6,120,1188.2,120,0,480
FINNIFTY02JAN2420200CE.NFO,02/01/2024,13:15:04,1175,1129.3,80,1186.7,200,0,480
FINNIFTY02JAN2420200CE.NFO,02/01/2024,13:15:06,1175,1131.1,120,1185.2,240,0,480
FINNIFTY02JAN2420200CE.NFO,02/01/2024,13:15:07,1175,1132.4,40,1184,40,0,480
FINNIFTY02JAN2420200CE.NFO,02/01/2024,13:15:09,1175,1133.45,120,1183.15,120,0,480
FINNIFTY02JAN2420200CE.NFO,02/01/2024,13:15:12,1175,1136.15,80,1180.7,120,0,480
FINNIFTY02JAN2420200CE.NFO,02/01/2024,13:15:14,1175,1137.6,200,1179.25,120,0,480
FINNIFTY02JAN2420200CE.NFO,02/01/2024,13:15:16,1175,1139.1,80,1177.9,120,0,480
FINNIFTY02JAN2420200CE.NFO,02/01/2024,13:15:18,1175,1140.15,200,1177.2,200,0,480
FINNIFTY02JAN2420200CE.NFO,02/01/2024,13:15:19,1175,1141.1,120,1176.55,440,0,480
FINNIFTY02JAN2420200CE.NFO,02/01/2024,13:15:21,1175,1142.35,120,1175.65,120,0,480
FINNIFTY02JAN2420200CE.NFO,02/01/2024,13:15:23,1175,1143.75,200,1174.55,200,0,480
FINNIFTY02JAN2420200CE.NFO,02/01/2024,13:15:24,1175,1145.15,120,1173.25,400,0,480
FINNIFTY02JAN2420200CE.NFO,02/01/2024,13:15:26,1175,1146.95,40,1171.7,120,0,480
FINNIFTY02JAN2420200CE.NFO,02/01/2024,13:15:28,1175,1148.1,120,1170.6,200,0,480
FINNIFTY02JAN2420200CE.NFO,02/01/2024,13:15:29,1175,1148.75,120,1168.95,80,0,480
FINNIFTY02JAN2420200CE.NFO,02/01/2024,13:15:31,1175,1148.65,120,1167.1,80,0,480
FINNIFTY02JAN2420200CE.NFO,02/01/2024,13:15:33,1175,1148.95,120,1165.65,200,0,480
FINNIFTY02JAN2420200CE.NFO,02/01/2024,13:15:34,1175,1149.15,120,1163.95,120,0,480
FINNIFTY02JAN2420200CE.NFO,02/01/2024,13:15:36,1175,1149.5,160,1162.4,120,0,480
FINNIFTY02JAN2420200CE.NFO,02/01/2024,13:15:38,1175,1149.8,240,1160.65,200,0,480
FINNIFTY02JAN2420200CE.NFO,02/01/2024,13:15:39,1175,1149.85,200,1158.65,120,0,480
FINNIFTY02JAN2420200CE.NFO,02/01/2024,13:15:41,1175,1150.35,120,1157,160,0,480
FINNIFTY02JAN2420200CE.NFO,02/01/2024,13:15:43,1175,1114.2,200,1156.15,200,0,480
FINNIFTY02JAN2420200CE.NFO,02/01/2024,13:15:44,1175,1115.35,40,1155.6,280,0,480
FINNIFTY02JAN2420200CE.NFO,02/01/2024,13:15:46,1175,1116.85,200,1154.85,120,0,480
FINNIFTY02JAN2420200CE.NFO,02/01/2024,13:15:48,1175,1118.35,120,1154.5,200,0,480
FINNIFTY02JAN2420200CE.NFO,02/01/2024,13:15:49,1175,1120.35,120,1154.3,200,0,480
FINNIFTY02JAN2420200CE.NFO,02/01/2024,13:15:51,1175,1122.15,120,1154.65,200,0,480
FINNIFTY02JAN2420200CE.NFO,02/01/2024,13:15:53,1175,1123.7,160,1154.05,120,0,480
FINNIFTY02JAN2420200CE.NFO,02/01/2024,13:15:54,1175,1125.2,80,1153.85,120,0,480
FINNIFTY02JAN2420200CE.NFO,02/01/2024,13:15:56,1175,1126.8,80,1189.15,120,0,480
FINNIFTY02JAN2420200CE.NFO,02/01/2024,13:15:58,1175,1127.95,200,1188.2,200,0,480
FINNIFTY02JAN2420200CE.NFO,02/01/2024,13:15:59,1175,1129.05,120,1187.35,280,0,480
FINNIFTY02JAN2420200CE.NFO,02/01/2024,13:16:01,1175,1130.6,160,1186.05,40,0,480
FINNIFTY02JAN2420200CE.NFO,02/01/2024,13:16:03,1175,1132.1,200,1184.6,200,0,480
FINNIFTY02JAN2420200CE.NFO,02/01/2024,13:16:04,1175,1133.6,120,1183.3,120,0,480
FINNIFTY02JAN2420200CE.NFO,02/01/2024,13:16:06,1175,1135.2,120,1182,120,0,480
FINNIFTY02JAN2420200CE.NFO,02/01/2024,13:16:08,1175,1136.65,200,1180.9,200,0,480
FINNIFTY02JAN2420200CE.NFO,02/01/2024,13:16:09,1175,1138.35,80,1179.6,120,0,480
FINNIFTY02JAN2420200CE.NFO,02/01/2024,13:16:11,1175,1139.8,40,1178.3,40,0,480
FINNIFTY02JAN2420200CE.NFO,02/01/2024,13:16:13,1175,1141.3,200,1177.2,200,0,480
FINNIFTY02JAN2420200CE.NFO,02/01/2024,13:16:14,1175,1143.1,80,1175.8,80,0,480
FINNIFTY02JAN2420200CE.NFO,02/01/2024,13:16:16,1175,1145.15,120,1174.35,120,0,480
FINNIFTY02JAN2420200CE.NFO,02/01/2024,13:16:18,1175,1146.85,200,1172.65,200,0,480
FINNIFTY02JAN2420200CE.NFO,02/01/2024,13:16:19,1175,1148.6,120,1171.15,120,0,480
FINNIFTY02JAN2420200CE.NFO,02/01/2024,13:16:21,1175,1148.85,120,1168.75,80,0,480
FINNIFTY02JAN2420200CE.NFO,02/01/2024,13:16:22,1175,1148.85,120,1167.25,120,0,480
FINNIFTY02JAN2420200CE.NFO,02/01/2024,13:16:24,1175,1149.1,240,1164.75,120,0,480
FINNIFTY02JAN2420200CE.NFO,02/01/2024,13:16:26,1175,1147.2,200,1162.7,120,0,480
FINNIFTY02JAN2420200CE.NFO,02/01/2024,13:16:27,1175,1148.25,120,1161.15,120,0,480
FINNIFTY02JAN2420200CE.NFO,02/01/2024,13:16:29,1175,1148.25,40,1158.8,200,0,480
FINNIFTY02JAN2420200CE.NFO,02/01/2024,13:16:31,1175,1148.2,120,1157.1,200,0,480
FINNIFTY02JAN2420200CE.NFO,02/01/2024,13:16:32,1175,1148.05,80,1154.85,120,0,480
FINNIFTY02JAN2420200CE.NFO,02/01/2024,13:16:34,1175,1148.6,40,1153.4,200,0,480
FINNIFTY02JAN2420200CE.NFO,02/01/2024,13:16:36,1175,1148.95,120,1153.25,200,0,480
FINNIFTY02JAN2420200CE.NFO,02/01/2024,13:16:37,1175,1148.95,120,1154,1000,0,480
FINNIFTY02JAN2420200CE.NFO,02/01/2024,13:16:39,1175,1114.4,160,1153.3,120,0,480
FINNIFTY02JAN2420200CE.NFO,02/01/2024,13:16:41,1175,1116.25,120,1152.75,120,0,480
FINNIFTY02JAN2420200CE.NFO,02/01/2024,13:16:42,1175,1117.8,120,1152.95,360,0,480
FINNIFTY02JAN2420200CE.NFO,02/01/2024,13:16:44,1175,1119.7,120,1152.35,280,0,480
FINNIFTY02JAN2420200CE.NFO,02/01/2024,13:16:46,1175,1120.95,200,1152.2,200,0,480
FINNIFTY02JAN2420200CE.NFO,02/01/2024,13:16:47,1175,1122.45,120,1152.15,200,0,480
FINNIFTY02JAN2420200CE.NFO,02/01/2024,13:16:49,1175,1124.15,120,1152.95,320,0,480
FINNIFTY02JAN2420200CE.NFO,02/01/2024,13:16:51,1175,1125.75,80,1152.8,200,0,480
FINNIFTY02JAN2420200CE.NFO,02/01/2024,13:16:52,1175,1127,120,1152.9,200,0,480
FINNIFTY02JAN2420200CE.NFO,02/01/2024,13:16:54,1175,1128.45,160,1153,200,0,480
FINNIFTY02JAN2420200CE.NFO,02/01/2024,13:16:55,1175,1129.35,80,1152.75,40,0,480
FINNIFTY02JAN2420200CE.NFO,02/01/2024,13:16:57,1175,1131.1,80,1152.4,200,0,480
FINNIFTY02JAN2420200CE.NFO,02/01/2024,13:16:59,1175,1132.55,120,1189.7,1440,0,480
FINNIFTY02JAN2420200CE.NFO,02/01/2024,13:17:00,1175,1133.55,80,1189.25,240,0,480
FINNIFTY02JAN2420200CE.NFO,02/01/2024,13:17:02,1175,1134.65,120,1188.45,360,0,480
FINNIFTY02JAN2420200CE.NFO,02/01/2024,13:17:04,1175,1135.85,120,1187.55,160,0,480
FINNIFTY02JAN2420200CE.NFO,02/01/2024,13:17:05,1175,1137.2,120,1186.5,120,0,480
FINNIFTY02JAN2420200CE.NFO,02/01/2024,13:17:07,1175,1138.25,120,1185.6,120,0,480
FINNIFTY02JAN2420200CE.NFO,02/01/2024,13:17:09,1175,1139.3,40,1184.65,40,0,480
FINNIFTY02JAN2420200CE.NFO,02/01/2024,13:17:10,1175,1140.3,120,1183.9,40,0,480
FINNIFTY02JAN2420200CE.NFO,02/01/2024,13:17:12,1175,1141.8,120,1182.75,40,0,480
FINNIFTY02JAN2420200CE.NFO,02/01/2024,13:17:14,1175,1143.4,120,1181.35,120,0,480
FINNIFTY02JAN2420200CE.NFO,02/01/2024,13:17:17,1175,1146.2,120,1178.7,120,0,480
FINNIFTY02JAN2420200CE.NFO,02/01/2024,13:17:19,1175,1147.4,200,1177.55,200,0,480
FINNIFTY02JAN2420200CE.NFO,02/01/2024,13:17:20,1175,1149,40,1175.85,40,0,480
FINNIFTY02JAN2420200CE.NFO,02/01/2024,13:17:22,1175,1150.45,120,1174.25,80,0,480
FINNIFTY02JAN2420200CE.NFO,02/01/2024,13:17:24,1175,1150.9,120,1172.6,360,0,480
FINNIFTY02JAN2420200CE.NFO,02/01/2024,13:17:25,1175,1150.75,40,1170.45,120,0,480
FINNIFTY02JAN2420200CE.NFO,02/01/2024,13:17:27,1175,1150.85,160,1168.15,200,0,480
FINNIFTY02JAN2420200CE.NFO,02/01/2024,13:17:29,1175,1149.2,200,1166.35,200,0,480
FINNIFTY02JAN2420200CE.NFO,02/01/2024,13:17:30,1175,1149.2,200,1164.4,200,0,480
FINNIFTY02JAN2420200CE.NFO,02/01/2024,13:17:32,1175,1150.1,120,1163.1,200,0,480
FINNIFTY02JAN2420200CE.NFO,02/01/2024,13:17:34,1175,1150.8,40,1161.45,200,0,480
FINNIFTY02JAN2420200CE.NFO,02/01/2024,13:17:35,1175,1150.8,40,1158.9,120,0,480
FINNIFTY02JAN2420200CE.NFO,02/01/2024,13:17:37,1175,1150.75,160,1156.8,200,0,480
FINNIFTY02JAN2420200CE.NFO,02/01/2024,13:17:38,1175,1150.35,160,1155.6,120,0,480
FINNIFTY02JAN2420200CE.NFO,02/01/2024,13:17:40,1175,1149.35,680,1154.35,200,0,480
FINNIFTY02JAN2420200CE.NFO,02/01/2024,13:17:42,1175,1149.35,560,1153.95,200,0,480
FINNIFTY02JAN2420200CE.NFO,02/01/2024,13:17:43,1175,1149.75,120,1154.5,80,0,480
FINNIFTY02JAN2420200CE.NFO,02/01/2024,13:17:45,1175,1150,120,1154.5,40,0,480
FINNIFTY02JAN2420200CE.NFO,02/01/2024,13:17:47,1175,1150.1,120,1189.1,200,0,480
FINNIFTY02JAN2420200CE.NFO,02/01/2024,13:17:48,1175,1149.9,400,1186.6,200,0,480
FINNIFTY02JAN2420200CE.NFO,02/01/2024,13:17:50,1175,1150,40,1183.9,40,0,480
FINNIFTY02JAN2420200CE.NFO,02/01/2024,13:17:52,1175,1114.05,200,1182.1,200,0,480
FINNIFTY02JAN2420200CE.NFO,02/01/2024,13:17:53,1175,1115.15,120,1181.15,120,0,480
FINNIFTY02JAN2420200CE.NFO,02/01/2024,13:17:57,1175,1118.5,200,1177.85,200,0,480
FINNIFTY02JAN2420200CE.NFO,02/01/2024,13:17:58,1175,1120,200,1176.4,200,0,480
FINNIFTY02JAN2420200CE.NFO,02/01/2024,13:18:00,1175,1121.8,120,1174.6,120,0,480
FINNIFTY02JAN2420200CE.NFO,02/01/2024,13:18:02,1175,1123.3,200,1173.1,200,0,480
FINNIFTY02JAN2420200CE.NFO,02/01/2024,13:18:03,1175,1124.9,40,1171.5,40,0,480
FINNIFTY02JAN2420200CE.NFO,02/01/2024,13:18:05,1175,1126.7,80,1169.9,80,0,480
FINNIFTY02JAN2420200CE.NFO,02/01/2024,13:18:07,1175,1128.4,200,1168.2,200,0,480
FINNIFTY02JAN2420200CE.NFO,02/01/2024,13:18:08,1175,1130.25,120,1166.4,120,0,480
FINNIFTY02JAN2420200CE.NFO,02/01/2024,13:18:10,1175,1131.9,200,1164.85,320,0,480
FINNIFTY02JAN2420200CE.NFO,02/01/2024,13:18:11,1175,1133.7,80,1163.05,80,0,480
FINNIFTY02JAN2420200CE.NFO,02/01/2024,13:18:13,1175,1135.3,40,1161.65,40,0,480
FINNIFTY02JAN2420200CE.NFO,02/01/2024,13:18:15,1175,1136.9,120,1160.5,160,0,480
FINNIFTY02JAN2420200CE.NFO,02/01/2024,13:18:16,1175,1138.15,120,1159.05,120,0,480
FINNIFTY02JAN2420200CE.NFO,02/01/2024,13:18:20,1175,1141.85,160,1155.75,160,0,480
FINNIFTY02JAN2420200CE.NFO,02/01/2024,13:18:21,1175,1143.35,120,1155.2,120,0,480
FINNIFTY02JAN2420200CE.NFO,02/01/2024,13:18:23,1175,1144.75,120,1189.35,160,0,480
FINNIFTY02JAN2420200CE.NFO,02/01/2024,13:18:25,1175,1145.85,120,1188.3,120,0,480
FINNIFTY02JAN2420200CE.NFO,02/01/2024,13:18:26,1175,1146.95,160,1187.15,120,0,480
FINNIFTY02JAN2420200CE.NFO,02/01/2024,13:18:28,1175,1148.25,200,1186.3,160,0,480
FINNIFTY02JAN2420200CE.NFO,02/01/2024,13:18:30,1175,1149.2,200,1185.75,200,0,480
FINNIFTY02JAN2420200CE.NFO,02/01/2024,13:18:31,1175,1150.35,120,1184.65,80,0,480
FINNIFTY02JAN2420200CE.NFO,02/01/2024,13:18:33,1175,1150.5,120,1183.1,200,0,480
FINNIFTY02JAN2420200CE.NFO,02/01/2024,13:18:35,1175,1150.95,160,1181,200,0,480
FINNIFTY02JAN2420200CE.NFO,02/01/2024,13:18:36,1175,1151.35,40,1178.8,120,0,480
FINNIFTY02JAN2420200CE.NFO,02/01/2024,13:18:38,1175,1151.55,40,1176.8,120,0,480
FINNIFTY02JAN2420200CE.NFO,02/01/2024,13:18:39,1175,1151.55,80,1175.25,120,0,480
FINNIFTY02JAN2420200CE.NFO,02/01/2024,13:18:41,1175,1151.95,120,1173.4,120,0,480
FINNIFTY02JAN2420200CE.NFO,02/01/2024,13:18:43,1175,1151.7,160,1171.5,200,0,480
FINNIFTY02JAN2420200CE.NFO,02/01/2024,13:18:44,1175,1149.95,80,1170.2,120,0,480
FINNIFTY02JAN2420200CE.NFO,02/01/2024,13:18:46,1175,1151.1,40,1168.7,40,0,480
FINNIFTY02JAN2420200CE.NFO,02/01/2024,13:18:48,1175,1151.1,160,1166.5,200,0,480
FINNIFTY02JAN2420200CE.NFO,02/01/2024,13:18:49,1175,1114.6,120,1164.75,80,0,480
FINNIFTY02JAN2420200CE.NFO,02/01/2024,13:18:51,1175,1116.4,120,1163.3,120,0,480
FINNIFTY02JAN2420200CE.NFO,02/01/2024,13:18:53,1175,1117.45,160,1162.25,160,0,480
FINNIFTY02JAN2420200CE.NFO,02/01/2024,13:18:54,1175,1118.95,120,1161.1,120,0,480
FINNIFTY02JAN2420200CE.NFO,02/01/2024,13:18:56,1175,1120.65,120,1159.5,320,0,480
FINNIFTY02JAN2420200CE.NFO,02/01/2024,13:18:58,1175,1121.95,200,1158.55,200,0,480
FINNIFTY02JAN2420200CE.NFO,02/01/2024,13:18:59,1175,1123.65,120,1157,240,0,480
FINNIFTY02JAN2420200CE.NFO,02/01/2024,13:19:01,1175,1125.35,40,1155.8,160,0,480
FINNIFTY02JAN2420200CE.NFO,02/01/2024,13:19:03,1175,1126.85,200,1155.15,200,0,480
FINNIFTY02JAN2420200CE.NFO,02/01/2024,13:19:04,1175,1128.25,120,1155.45,80,0,480
FINNIFTY02JAN2420200CE.NFO,02/01/2024,13:19:06,1175,1129.95,80,1155.35,80,0,480
FINNIFTY02JAN2420200CE.NFO,02/01/2024,13:19:07,1175,1131.35,120,1155.3,240,0,480
FINNIFTY02JAN2420200CE.NFO,02/01/2024,13:19:09,1175,1132.95,200,1155.1,200,0,480
FINNIFTY02JAN2420200CE.NFO,02/01/2024,13:19:11,1175,1134.95,200,1154.9,200,0,480
FINNIFTY02JAN2420200CE.NFO,02/01/2024,13:19:12,1175,1136.85,120,1154.45,280,0,480
FINNIFTY02JAN2420200CE.NFO,02/01/2024,13:19:14,1175,1138.55,40,1154.7,40,0,480
FINNIFTY02JAN2420200CE.NFO,02/01/2024,13:19:16,1175,1140.05,200,1189.5,400,0,480
FINNIFTY02JAN2420200CE.NFO,02/01/2024,13:19:17,1175,1141.6,120,1188.85,200,0,480
FINNIFTY02JAN2420200CE.NFO,02/01/2024,13:19:19,1175,1143.05,80,1187.75,280,0,480
FINNIFTY02JAN2420200CE.NFO,02/01/2024,13:19:21,1175,1144.4,120,1186.5,120,0,480
FINNIFTY02JAN2420200CE.NFO,02/01/2024,13:19:22,1175,1146.1,120,1185.15,120,0,480
FINNIFTY02JAN2420200CE.NFO,02/01/2024,13:19:24,1175,1147.65,200,1184.05,320,0,480
FINNIFTY02JAN2420200CE.NFO,02/01/2024,13:19:25,1175,1149.1,80,1183,160,0,480
FINNIFTY02JAN2420200CE.NFO,02/01/2024,13:19:27,1175,1150.6,160,1180.9,40,0,480
FINNIFTY02JAN2420200CE.NFO,02/01/2024,13:19:29,1175,1150.7,120,1179.2,200,0,480
FINNIFTY02JAN2420200CE.NFO,02/01/2024,13:19:30,1175,1150.7,120,1177.25,40,0,480
FINNIFTY02JAN2420200CE.NFO,02/01/2024,13:19:32,1175,1150.75,40,1175.2,200,0,480
FINNIFTY02JAN2420200CE.NFO,02/01/2024,13:19:33,1175,1151.1,120,1173.2,200,0,480
FINNIFTY02JAN2420200CE.NFO,02/01/2024,13:19:35,1175,1151.45,40,1170.6,40,0,480
FINNIFTY02JAN2420200CE.NFO,02/01/2024,13:19:37,1175,1151.65,40,1168.75,200,0,480
FINNIFTY02JAN2420200CE.NFO,02/01/2024,13:19:38,1175,1150.2,160,1166.8,120,0,480
FINNIFTY02JAN2420200CE.NFO,02/01/2024,13:19:40,1175,1150.2,160,1164.85,40,0,480
FINNIFTY02JAN2420200CE.NFO,02/01/2024,13:19:42,1175,1150.15,160,1163.35,200,0,480
FINNIFTY02JAN2420200CE.NFO,02/01/2024,13:19:43,1175,1150.3,40,1161.35,120,0,480
FINNIFTY02JAN2420200CE.NFO,02/01/2024,13:19:45,1175,1150.45,160,1158.7,120,0,480
FINNIFTY02JAN2420200CE.NFO,02/01/2024,13:19:47,1175,1150.15,80,1156.85,200,0,480
FINNIFTY02JAN2420200CE.NFO,02/01/2024,13:19:48,1175,1150.1,160,1155.15,160,0,480
FINNIFTY02JAN2420200CE.NFO,02/01/2024,13:19:50,1175,1150.2,40,1154.55,120,0,480
FINNIFTY02JAN2420200CE.NFO,02/01/2024,13:19:52,1175,1150.2,80,1154.45,40,0,480
FINNIFTY02JAN2420200CE.NFO,02/01/2024,13:19:53,1175,1150.35,240,1155,40,0,480
FINNIFTY02JAN2420200CE.NFO,02/01/2024,13:19:55,1175,1150.35,160,1154.7,200,0,480
FINNIFTY02JAN2420200CE.NFO,02/01/2024,13:19:57,1175,1150.2,160,1154.45,200,0,480
FINNIFTY02JAN2420200CE.NFO,02/01/2024,13:19:58,1175,1150.1,160,1154.55,120,0,480
FINNIFTY02JAN2420200CE.NFO,02/01/2024,13:20:00,1175,1114.25,120,1154.6,40,0,480
FINNIFTY02JAN2420200CE.NFO,02/01/2024,13:20:02,1175,1115.75,200,1189.5,200,0,480
FINNIFTY02JAN2420200CE.NFO,02/01/2024,13:20:03,1175,1117.35,120,1188.25,120,0,480
FINNIFTY02JAN2420200CE.NFO,02/01/2024,13:20:05,1175,1118.8,120,1186.9,120,0,480
FINNIFTY02JAN2420200CE.NFO,02/01/2024,13:20:07,1175,1120.2,200,1185.55,200,0,480
FINNIFTY02JAN2420200CE.NFO,02/01/2024,13:20:08,1175,1121.9,80,1183.95,80,0,480
FINNIFTY02JAN2420200CE.NFO,02/01/2024,13:20:10,1175,1123.25,120,1182.75,120,0,480
FINNIFTY02JAN2420200CE.NFO,02/01/2024,13:20:12,1175,1125.2,200,1180.85,200,0,480
FINNIFTY02JAN2420200CE.NFO,02/01/2024,13:20:13,1175,1126.85,120,1179.35,120,0,480
FINNIFTY02JAN2420200CE.NFO,02/01/2024,13:20:15,1175,1128.6,120,1177.85,120,0,480
FINNIFTY02JAN2420200CE.NFO,02/01/2024,13:20:17,1175,1130.3,200,1176.2,200,0,480
FINNIFTY02JAN2420200CE.NFO,02/01/2024,13:20:18,1175,1131.85,120,1174.75,120,0,480
FINNIFTY02JAN2420200CE.NFO,02/01/2024,13:20:20,1175,1133.4,120,1173.45,240,0,480
FINNIFTY02JAN2420200CE.NFO,02/01/2024,13:20:22,1175,1134.6,160,1172,160,0,480
FINNIFTY02JAN2420200CE.NFO,02/01/2024,13:20:23,1175,1136.2,40,1170.5,40,0,480
FINNIFTY02JAN2420200CE.NFO,02/01/2024,13:20:25,1175,1137.9,200,1168.9,200,0,480
FINNIFTY02JAN2420200CE.NFO,02/01/2024,13:20:26,1175,1139.4,120,1167.35,120,0,480
FINNIFTY02JAN2420200CE.NFO,02/01/2024,13:20:28,1175,1140.75,120,1166.15,400,0,480
FINNIFTY02JAN2420200CE.NFO,02/01/2024,13:20:30,1175,1142.55,120,1164.6,120,0,480
FINNIFTY02JAN2420200CE.NFO,02/01/2024,13:20:31,1175,1144,120,1163.45,160,0,480
FINNIFTY02JAN2420200CE.NFO,02/01/2024,13:20:33,1175,1145.4,120,1161.75,320,0,480
FINNIFTY02JAN2420200CE.NFO,02/01/2024,13:20:35,1175,1146.55,80,1160.8,80,0,480
FINNIFTY02JAN2420200CE.NFO,02/01/2024,13:20:36,1175,1148.15,120,1159.1,160,0,480
FINNIFTY02JAN2420200CE.NFO,02/01/2024,13:20:38,1175,1149.7,120,1157.45,120,0,480
FINNIFTY02JAN2420200CE.NFO,02/01/2024,13:20:40,1175,1150.1,120,1155.7,200,0,480
FINNIFTY02JAN2420200CE.NFO,02/01/2024,13:20:41,1175,1148.25,1120,1154.6,160,0,480
FINNIFTY02JAN2420200CE.NFO,02/01/2024,13:20:43,1175,1148.8,120,1154.05,320,0,480
FINNIFTY02JAN2420200CE.NFO,02/01/2024,13:20:45,1175,1148.65,160,1153.35,200,0,480
FINNIFTY02JAN2420200CE.NFO,02/01/2024,13:20:46,1175,1114.1,200,1152.9,120,0,480
FINNIFTY02JAN2420200CE.NFO,02/01/2024,13:20:48,1175,1114.9,120,1152.3,120,0,480
FINNIFTY02JAN2420200CE.NFO,02/01/2024,13:20:50,1175,1115.95,200,1151.8,200,0,480
FINNIFTY02JAN2420200CE.NFO,02/01/2024,13:20:51,1175,1116.9,120,1152,80,0,480
FINNIFTY02JAN2420200CE.NFO,02/01/2024,13:20:53,1175,1117.7,200,1151.4,200,0,480
FINNIFTY02JAN2420200CE.NFO,02/01/2024,13:20:55,1175,1118.75,200,1150.3,400,0,480
FINNIFTY02JAN2420200CE.NFO,02/01/2024,13:20:56,1175,1119.6,160,1150.35,120,0,480
FINNIFTY02JAN2420200CE.NFO,02/01/2024,13:20:58,1175,1120.9,40,1150.35,40,0,480
FINNIFTY02JAN2420200CE.NFO,02/01/2024,13:21:00,1175,1121.8,200,1189.15,200,0,480
FINNIFTY02JAN2420200CE.NFO,02/01/2024,13:21:01,1175,1122.65,200,1188.35,160,0,480
FINNIFTY02JAN2420200CE.NFO,02/01/2024,13:21:03,1175,1123.8,120,1187.35,120,0,480
FINNIFTY02JAN2420200CE.NFO,02/01/2024,13:21:05,1175,1124.75,200,1186.5,400,0,480
FINNIFTY02JAN2420200CE.NFO,02/01/2024,13:21:06,1175,1125.8,80,1185.65,120,0,480
FINNIFTY02JAN2420200CE.NFO,02/01/2024,13:21:08,1175,1127.25,40,1184.55,360,0,480
FINNIFTY02JAN2420200CE.NFO,02/01/2024,13:21:10,1175,1128.4,200,1183.7,200,0,480
FINNIFTY02JAN2420200CE.NFO,02/01/2024,13:21:11,1175,1129.4,40,1182.85,40,0,480
FINNIFTY02JAN2420200CE.NFO,02/01/2024,13:21:13,1175,1130.75,120,1181.7,120,0,480
FINNIFTY02JAN2420200CE.NFO,02/01/2024,13:21:15,1175,1132.2,200,1180.4,400,0,480
FINNIFTY02JAN2420200CE.NFO,02/01/2024,13:21:16,1175,1133.2,120,1179.5,160,0,480
FINNIFTY02JAN2420200CE.NFO,02/01/2024,13:21:18,1175,1134.55,80,1178.2,360,0,480
FINNIFTY02JAN2420200CE.NFO,02/01/2024,13:21:20,1175,1135.95,200,1177.05,200,0,480
FINNIFTY02JAN2420200CE.NFO,02/01/2024,13:21:21,1175,1136.95,160,1176.05,160,0,480
FINNIFTY02JAN2420200CE.NFO,02/01/2024,13:21:23,1175,1138.25,40,1174.95,40,0,480
FINNIFTY02JAN2420200CE.NFO,02/01/2024,13:21:25,1175,1139.45,200,1173.85,200,0,480
FINNIFTY02JAN2420200CE.NFO,02/01/2024,13:21:26,1175,1140.55,80,1173.05,120,0,480
FINNIFTY02JAN2420200CE.NFO,02/01/2024,13:21:28,1175,1142.2,120,1171.55,120,0,480
FINNIFTY02JAN2420200CE.NFO,02/01/2024,13:21:30,1175,1143.8,200,1169.95,200,0,480
FINNIFTY02JAN2420200CE.NFO,02/01/2024,13:21:30,1175,1144.4,120,1169.35,120,0,480
FINNIFTY02JAN2420200CE.NFO,02/01/2024,13:21:32,1175,1146.05,80,1167.75,80,0,480
FINNIFTY02JAN2420200CE.NFO,02/01/2024,13:21:34,1175,1147.15,120,1165.45,120,0,480
FINNIFTY02JAN2420200CE.NFO,02/01/2024,13:21:35,1175,1147.5,160,1163.35,200,0,480
FINNIFTY02JAN2420200CE.NFO,02/01/2024,13:21:37,1175,1148.15,120,1161.3,200,0,480
FINNIFTY02JAN2420200CE.NFO,02/01/2024,13:21:38,1175,1148.65,160,1159.4,120,0,480
FINNIFTY02JAN2420200CE.NFO,02/01/2024,13:21:40,1175,1148.9,120,1157.5,120,0,480
FINNIFTY02JAN2420200CE.NFO,02/01/2024,13:21:42,1175,1148.8,200,1155.25,320,0,480
FINNIFTY02JAN2420200CE.NFO,02/01/2024,13:21:43,1175,1149.1,120,1154.15,120,0,480
FINNIFTY02JAN2420200CE.NFO,02/01/2024,13:21:45,1175,1148.75,120,1153.3,200,0,480
FINNIFTY02JAN2420200CE.NFO,02/01/2024,13:21:47,1175,1148.8,80,1153.25,200,0,480
FINNIFTY02JAN2420200CE.NFO,02/01/2024,13:21:48,1175,1148.75,80,1153.15,80,0,480
FINNIFTY02JAN2420200CE.NFO,02/01/2024,13:21:50,1175,1148.95,160,1153.4,200,0,480
FINNIFTY02JAN2420200CE.NFO,02/01/2024,13:21:52,1175,1146.25,200,1153,80,0,480
FINNIFTY02JAN2420200CE.NFO,02/01/2024,13:21:53,1175,1147.1,80,1152.85,80,0,480
FINNIFTY02JAN2420200CE.NFO,02/01/2024,13:21:55,1175,1147.8,160,1153.15,800,0,480
FINNIFTY02JAN2420200CE.NFO,02/01/2024,13:21:57,1175,1148,40,1152.6,200,0,480
FINNIFTY02JAN2420200CE.NFO,02/01/2024,13:21:59,1175,1148.5,200,1153.05,200,0,480
FINNIFTY02JAN2420200CE.NFO,02/01/2024,13:22:00,1175,1148.25,600,1152.95,40,0,480
FINNIFTY02JAN2420200CE.NFO,02/01/2024,13:22:02,1175,1148.85,200,1188.75,200,0,480
FINNIFTY02JAN2420200CE.NFO,02/01/2024,13:22:04,1175,1149.2,160,1186.4,280,0,480
FINNIFTY02JAN2420200CE.NFO,02/01/2024,13:22:05,1175,1148.45,720,1184.05,160,0,480
FINNIFTY02JAN2420200CE.NFO,02/01/2024,13:22:07,1175,1148.45,720,1181.4,200,0,480
FINNIFTY02JAN2420200CE.NFO,02/01/2024,13:22:09,1175,1148.45,400,1178.7,200,0,480
FINNIFTY02JAN2420200CE.NFO,02/01/2024,13:22:10,1175,1147.2,1080,1176.1,120,0,480
FINNIFTY02JAN2420200CE.NFO,02/01/2024,13:22:12,1175,1147.6,80,1173.15,160,0,480
FINNIFTY02JAN2420200CE.NFO,02/01/2024,13:22:14,1175,1148.2,40,1170.8,120,0,480
FINNIFTY02JAN2420200CE.NFO,02/01/2024,13:22:15,1175,1147.1,920,1168.3,320,0,480
FINNIFTY02JAN2420200CE.NFO,02/01/2024,13:22:17,1175,1147.3,40,1165.85,200,0,480
FINNIFTY02JAN2420200CE.NFO,02/01/2024,13:22:19,1175,1147.55,40,1163.6,40,0,480
FINNIFTY02JAN2420200CE.NFO,02/01/2024,13:22:20,1175,1147.2,160,1160.75,160,0,480
FINNIFTY02JAN2420200CE.NFO,02/01/2024,13:22:22,1175,1147.15,160,1158.35,200,0,480
FINNIFTY02JAN2420200CE.NFO,02/01/2024,13:22:24,1175,1147.5,40,1155.8,120,0,480
FINNIFTY02JAN2420200CE.NFO,02/01/2024,13:22:25,1175,1114.6,160,1153.5,280,0,480
FINNIFTY02JAN2420200CE.NFO,02/01/2024,13:22:27,1175,1116.55,200,1152.3,320,0,480
FINNIFTY02JAN2420200CE.NFO,02/01/2024,13:22:29,1175,1118.6,120,1152.1,120,0,480
FINNIFTY02JAN2420200CE.NFO,02/01/2024,13:22:31,1175,1121.1,160,1151.05,120,0,480
FINNIFTY02JAN2420200CE.NFO,02/01/2024,13:22:33,1175,1123.25,200,1151.1,200,0,480
FINNIFTY02JAN2420200CE.NFO,02/01/2024,13:22:35,1175,1125.55,200,1151.05,200,0,480
FINNIFTY02JAN2420200CE.NFO,02/01/2024,13:22:36,1175,1127.55,120,1150.45,160,0,480
FINNIFTY02JAN2420200CE.NFO,02/01/2024,13:22:38,1175,1129.6,120,1150.75,760,0,480
FINNIFTY02JAN2420200CE.NFO,02/01/2024,13:22:39,1175,1131.25,40,1189.7,1600,0,480
FINNIFTY02JAN2420200CE.NFO,02/01/2024,13:22:41,1175,1133.15,120,1188.25,120,0,480
FINNIFTY02JAN2420200CE.NFO,02/01/2024,13:22:43,1175,1135.05,80,1186.45,200,0,480
FINNIFTY02JAN2420200CE.NFO,02/01/2024,13:22:44,1175,1136.1,40,1185.65,40,0,480
FINNIFTY02JAN2420200CE.NFO,02/01/2024,13:22:46,1175,1137.7,120,1184.35,200,0,480
FINNIFTY02JAN2420200CE.NFO,02/01/2024,13:22:48,1175,1139.9,120,1182.3,120,0,480
FINNIFTY02JAN2420200CE.NFO,02/01/2024,13:22:49,1175,1141.1,160,1181.35,360,0,480
FINNIFTY02JAN2420200CE.NFO,02/01/2024,13:22:51,1175,1142.85,160,1179.7,160,0,480
FINNIFTY02JAN2420200CE.NFO,02/01/2024,13:22:53,1175,1144.2,200,1178.4,320,0,480
FINNIFTY02JAN2420200CE.NFO,02/01/2024,13:22:54,1175,1145.25,80,1177.3,280,0,480
FINNIFTY02JAN2420200CE.NFO,02/01/2024,13:22:56,1175,1145.35,40,1175.3,120,0,480
FINNIFTY02JAN2420200CE.NFO,02/01/2024,13:22:58,1175,1145.1,80,1172.9,200,0,480
FINNIFTY02JAN2420200CE.NFO,02/01/2024,13:22:59,1175,1145.35,40,1170.2,40,0,480
FINNIFTY02JAN2420200CE.NFO,02/01/2024,13:23:01,1175,1114.1,400,1168.05,200,0,480
FINNIFTY02JAN2420200CE.NFO,02/01/2024,13:23:03,1175,1114.8,240,1167.2,160,0,480
FINNIFTY02JAN2420200CE.NFO,02/01/2024,13:23:04,1175,1115.55,120,1166.55,120,0,480
FINNIFTY02JAN2420200CE.NFO,02/01/2024,13:23:06,1175,1116.65,80,1165.5,80,0,480
FINNIFTY02JAN2420200CE.NFO,02/01/2024,13:23:08,1175,1118,200,1164.55,320,0,480
FINNIFTY02JAN2420200CE.NFO,02/01/2024,13:23:09,1175,1119.7,120,1163.1,120,0,480
FINNIFTY02JAN2420200CE.NFO,02/01/2024,13:23:11,1175,1120.85,320,1162,320,0,480
FINNIFTY02JAN2420200CE.NFO,02/01/2024,13:23:12,1175,1122.35,160,1160.8,160,0,480
FINNIFTY02JAN2420200CE.NFO,02/01/2024,13:23:14,1175,1123.9,120,1159.6,280,0,480
FINNIFTY02JAN2420200CE.NFO,02/01/2024,13:23:16,1175,1125.45,200,1157.75,200,0,480
FINNIFTY02JAN2420200CE.NFO,02/01/2024,13:23:17,1175,1127.15,120,1156.25,120,0,480
FINNIFTY02JAN2420200CE.NFO,02/01/2024,13:23:19,1175,1129.2,120,1154.3,120,0,480
FINNIFTY02JAN2420200CE.NFO,02/01/2024,13:23:21,1175,1131.45,200,1152.05,200,0,480
FINNIFTY02JAN2420200CE.NFO,02/01/2024,13:23:22,1175,1132.95,40,1151,200,0,480
FINNIFTY02JAN2420200CE.NFO,02/01/2024,13:23:24,1175,1134.75,120,1150.1,440,0,480
FINNIFTY02JAN2420200CE.NFO,02/01/2024,13:23:26,1175,1136.75,120,1149.35,200,0,480
FINNIFTY02JAN2420200CE.NFO,02/01/2024,13:23:27,1175,1138.45,120,1150.35,200,0,480
FINNIFTY02JAN2420200CE.NFO,02/01/2024,13:23:29,1175,1140.4,200,1189.55,400,0,480
FINNIFTY02JAN2420200CE.NFO,02/01/2024,13:23:30,1175,1142.15,120,1188.85,80,0,480
FINNIFTY02JAN2420200CE.NFO,02/01/2024,13:23:32,1175,1143.9,120,1187.05,80,0,480
FINNIFTY02JAN2420200CE.NFO,02/01/2024,13:23:34,1175,1145.55,120,1184.85,200,0,480
FINNIFTY02JAN2420200CE.NFO,02/01/2024,13:23:35,1175,1145.9,240,1182.6,120,0,480
FINNIFTY02JAN2420200CE.NFO,02/01/2024,13:23:37,1175,1146.1,80,1180.2,120,0,480
FINNIFTY02JAN2420200CE.NFO,02/01/2024,13:23:39,1175,1146.05,160,1177.95,160,0,480
FINNIFTY02JAN2420200CE.NFO,02/01/2024,13:23:40,1175,1144.75,1440,1175.65,120,0,480
FINNIFTY02JAN2420200CE.NFO,02/01/2024,13:23:42,1175,1144.8,200,1172.95,160,0,480
FINNIFTY02JAN2420200CE.NFO,02/01/2024,13:23:44,1175,1146.05,40,1171.45,360,0,480
FINNIFTY02JAN2420200CE.NFO,02/01/2024,13:23:45,1175,1146.45,80,1168.8,160,0,480
FINNIFTY02JAN2420200CE.NFO,02/01/2024,13:23:47,1175,1147.05,120,1166.75,120,0,480
FINNIFTY02JAN2420200CE.NFO,02/01/2024,13:23:49,1175,1147.15,160,1164.55,160,0,480
FINNIFTY02JAN2420200CE.NFO,02/01/2024,13:23:50,1175,1147.55,160,1162.3,40,0,480
FINNIFTY02JAN2420200CE.NFO,02/01/2024,13:23:52,1175,1147.4,40,1160.45,200,0,480
FINNIFTY02JAN2420200CE.NFO,02/01/2024,13:23:54,1175,1145.6,200,1158.45,160,0,480
FINNIFTY02JAN2420200CE.NFO,02/01/2024,13:23:55,1175,1146.55,120,1157,120,0,480
FINNIFTY02JAN2420200CE.NFO,02/01/2024,13:23:57,1175,1146.95,40,1154.45,160,0,480
FINNIFTY02JAN2420200CE.NFO,02/01/2024,13:23:59,1175,1147.3,40,1152.4,120,0,480
FINNIFTY02JAN2420200CE.NFO,02/01/2024,13:24:00,1175,1147.15,200,1151.65,160,0,480
FINNIFTY02JAN2420200CE.NFO,02/01/2024,13:24:02,1175,1146.1,840,1150.95,200,0,480
FINNIFTY02JAN2420200CE.NFO,02/01/2024,13:24:03,1175,1146.15,200,1151.55,80,0,480
FINNIFTY02JAN2420200CE.NFO,02/01/2024,13:24:05,1175,1146.15,200,1150.55,200,0,480
FINNIFTY02JAN2420200CE.NFO,02/01/2024,13:24:07,1175,1146.35,80,1151.2,200,0,480
FINNIFTY02JAN2420200CE.NFO,02/01/2024,13:24:08,1175,1146.65,80,1151.45,600,0,480
FINNIFTY02JAN2420200CE.NFO,02/01/2024,13:24:10,1175,1146.25,480,1150.75,200,0,480
FINNIFTY02JAN2420200CE.NFO,02/01/2024,13:24:12,1175,1146.3,200,1150.65,160,0,480
FINNIFTY02JAN2420200CE.NFO,02/01/2024,13:24:13,1175,1146.15,200,1150.55,240,0,480
FINNIFTY02JAN2420200CE.NFO,02/01/2024,13:24:15,1175,1114.65,160,1150.2,160,0,480
FINNIFTY02JAN2420200CE.NFO,02/01/2024,13:24:17,1175,1116.45,80,1189.5,200,0,480
FINNIFTY02JAN2420200CE.NFO,02/01/2024,13:24:19,1175,1118.2,40,1188.05,40,0,480
FINNIFTY02JAN2420200CE.NFO,02/01/2024,13:24:20,1175,1119.9,120,1186.85,320,0,480
FINNIFTY02JAN2420200CE.NFO,02/01/2024,13:24:22,1175,1121.4,80,1185,80,0,480
FINNIFTY02JAN2420200CE.NFO,02/01/2024,13:24:24,1175,1123.3,40,1183.25,40,0,480
FINNIFTY02JAN2420200CE.NFO,02/01/2024,13:24:25,1175,1124.8,120,1181.85,120,0,480
FINNIFTY02JAN2420200CE.NFO,02/01/2024,13:24:27,1175,1126.85,160,1180.15,160,0,480
FINNIFTY02JAN2420200CE.NFO,02/01/2024,13:24:29,1175,1128.35,120,1178.85,120,0,480
FINNIFTY02JAN2420200CE.NFO,02/01/2024,13:24:30,1175,1130.1,160,1177.85,320,0,480
FINNIFTY02JAN2420200CE.NFO,02/01/2024,13:24:32,1175,1131.45,40,1176.7,40,0,480
FINNIFTY02JAN2420200CE.NFO,02/01/2024,13:24:33,1175,1132.75,120,1175.55,120,0,480
FINNIFTY02JAN2420200CE.NFO,02/01/2024,13:24:35,1175,1134.3,80,1174.2,120,0,480
FINNIFTY02JAN2420200CE.NFO,02/01/2024,13:24:37,1175,1136.15,160,1172.25,240,0,480
FINNIFTY02JAN2420200CE.NFO,02/01/2024,13:24:38,1175,1137.7,120,1170.95,320,0,480
FINNIFTY02JAN2420200CE.NFO,02/01/2024,13:24:40,1175,1139.5,120,1169.4,120,0,480
FINNIFTY02JAN2420200CE.NFO,02/01/2024,13:24:42,1175,1141.3,200,1167.95,200,0,480
FINNIFTY02JAN2420200CE.NFO,02/01/2024,13:24:43,1175,1142.9,120,1166.4,120,0,480
FINNIFTY02JAN2420200CE.NFO,02/01/2024,13:24:45,1175,1144.95,120,1164.45,120,0,480
FINNIFTY02JAN2420200CE.NFO,02/01/2024,13:24:47,1175,1147.2,120,1162.4,120,0,480
FINNIFTY02JAN2420200CE.NFO,02/01/2024,13:24:48,1175,1148.5,120,1160.5,120,0,480
FINNIFTY02JAN2420200CE.NFO,02/01/2024,13:24:50,1175,1149.05,120,1158.25,200,0,480
FINNIFTY02JAN2420200CE.NFO,02/01/2024,13:24:52,1175,1149.9,120,1155.9,200,0,480
FINNIFTY02JAN2420200CE.NFO,02/01/2024,13:24:53,1175,1149.85,80,1154.6,120,0,480
FINNIFTY02JAN2420200CE.NFO,02/01/2024,13:24:55,1175,1149.3,200,1153.7,200,0,480
FINNIFTY02JAN2420200CE.NFO,02/01/2024,13:24:57,1175,1149.8,80,1155.25,200,0,480
FINNIFTY02JAN2420200CE.NFO,02/01/2024,13:24:58,1175,1149.35,200,1154.35,120,0,480
FINNIFTY02JAN2420200CE.NFO,02/01/2024,13:25:00,1175,1114.4,120,1153.4,120,0,480
FINNIFTY02JAN2420200CE.NFO,02/01/2024,13:25:02,1175,1116.45,120,1152.7,120,0,480
FINNIFTY02JAN2420200CE.NFO,02/01/2024,13:25:03,1175,1118.2,160,1153.6,880,0,480
FINNIFTY02JAN2420200CE.NFO,02/01/2024,13:25:05,1175,1120.4,120,1153.15,120,0,480
FINNIFTY02JAN2420200CE.NFO,02/01/2024,13:25:07,1175,1122.6,120,1153.15,120,0,480
FINNIFTY02JAN2420200CE.NFO,02/01/2024,13:25:08,1175,1124.2,120,1152.75,160,0,480
FINNIFTY02JAN2420200CE.NFO,02/01/2024,13:25:10,1175,1126.15,160,1153.35,200,0,480
FINNIFTY02JAN2420200CE.NFO,02/01/2024,13:25:12,1175,1127.6,200,1189.5,400,0,480
FINNIFTY02JAN2420200CE.NFO,02/01/2024,13:25:13,1175,1129.35,160,1188,160,0,480
FINNIFTY02JAN2420200CE.NFO,02/01/2024,13:25:15,1175,1130.95,80,1186.55,120,0,480
FINNIFTY02JAN2420200CE.NFO,02/01/2024,13:25:17,1175,1132.85,160,1185.05,360,0,480
FINNIFTY02JAN2420200CE.NFO,02/01/2024,13:25:18,1175,1134.5,120,1183.9,240,0,480
FINNIFTY02JAN2420200CE.NFO,02/01/2024,13:25:20,1175,1136.35,80,1182.05,80,0,480
FINNIFTY02JAN2420200CE.NFO,02/01/2024,13:25:22,1175,1138.35,40,1180.15,40,0,480
FINNIFTY02JAN2420200CE.NFO,02/01/2024,13:25:23,1175,1139.6,120,1178.95,120,0,480
FINNIFTY02JAN2420200CE.NFO,02/01/2024,13:25:25,1175,1141.75,160,1176.95,160,0,480
FINNIFTY02JAN2420200CE.NFO,02/01/2024,13:25:27,1175,1143.55,80,1175.35,80,0,480
FINNIFTY02JAN2420200CE.NFO,02/01/2024,13:25:28,1175,1145.35,40,1174,40,0,480
FINNIFTY02JAN2420200CE.NFO,02/01/2024,13:25:30,1175,1147.15,80,1172.55,200,0,480
FINNIFTY02JAN2420200CE.NFO,02/01/2024,13:25:34,1175,1150.5,160,1169.5,160,0,480
FINNIFTY02JAN2420200CE.NFO,02/01/2024,13:25:35,1175,1151.1,80,1168.2,200,0,480
FINNIFTY02JAN2420200CE.NFO,02/01/2024,13:25:37,1175,1151.6,40,1166,160,0,480
FINNIFTY02JAN2420200CE.NFO,02/01/2024,13:25:39,1175,1151.45,160,1163.95,200,0,480
FINNIFTY02JAN2420200CE.NFO,02/01/2024,13:25:40,1175,1115.3,160,1162.25,160,0,480
FINNIFTY02JAN2420200CE.NFO,02/01/2024,13:25:42,1175,1117.5,160,1160.55,160,0,480
FINNIFTY02JAN2420200CE.NFO,02/01/2024,13:25:44,1175,1119.35,160,1158.8,120,0,480
FINNIFTY02JAN2420200CE.NFO,02/01/2024,13:25:45,1175,1121,120,1157.45,120,0,480
FINNIFTY02JAN2420200CE.NFO,02/01/2024,13:25:47,1175,1123.15,120,1155.9,120,0,480
FINNIFTY02JAN2420200CE.NFO,02/01/2024,13:25:49,1175,1125,160,1155.2,200,0,480
FINNIFTY02JAN2420200CE.NFO,02/01/2024,13:25:50,1175,1126.15,80,1155.25,840,0,480
FINNIFTY02JAN2420200CE.NFO,02/01/2024,13:25:52,1175,1128.6,120,1154.9,160,0,480
FINNIFTY02JAN2420200CE.NFO,02/01/2024,13:25:54,1175,1130.55,120,1189.45,360,0,480
FINNIFTY02JAN2420200CE.NFO,02/01/2024,13:25:55,1175,1132.55,120,1187.45,120,0,480
FINNIFTY02JAN2420200CE.NFO,02/01/2024,13:25:57,1175,1135.1,120,1185.05,120,0,480
FINNIFTY02JAN2420200CE.NFO,02/01/2024,13:25:59,1175,1137,120,1183.25,120,0,480
FINNIFTY02JAN2420200CE.NFO,02/01/2024,13:26:00,1175,1138.6,120,1181.8,120,0,480
FINNIFTY02JAN2420200CE.NFO,02/01/2024,13:26:02,1175,1140.35,80,1180.35,80,0,480
FINNIFTY02JAN2420200CE.NFO,02/01/2024,13:26:04,1175,1142.1,160,1178.7,160,0,480
FINNIFTY02JAN2420200CE.NFO,02/01/2024,13:26:05,1175,1144.1,80,1176.75,80,0,480
FINNIFTY02JAN2420200CE.NFO,02/01/2024,13:26:07,1175,1146.5,120,1174.35,120,0,480
FINNIFTY02JAN2420200CE.NFO,02/01/2024,13:26:09,1175,1148.5,200,1172.4,200,0,480
FINNIFTY02JAN2420200CE.NFO,02/01/2024,13:26:10,1175,1149.75,120,1170,120,0,480
FINNIFTY02JAN2420200CE.NFO,02/01/2024,13:26:12,1175,1148.65,200,1167.55,40,0,480
FINNIFTY02JAN2420200CE.NFO,02/01/2024,13:26:14,1175,1148.65,200,1164.9,200,0,480
FINNIFTY02JAN2420200CE.NFO,02/01/2024,13:26:15,1175,1148.75,80,1162.6,120,0,480
FINNIFTY02JAN2420200CE.NFO,02/01/2024,13:26:17,1175,1149.2,160,1160,200,0,480
FINNIFTY02JAN2420200CE.NFO,02/01/2024,13:26:18,1175,1149.8,40,1157.5,240,0,480
FINNIFTY02JAN2420200CE.NFO,02/01/2024,13:26:20,1175,1149.6,80,1154.95,160,0,480
FINNIFTY02JAN2420200CE.NFO,02/01/2024,13:26:22,1175,1149.45,120,1153.75,200,0,480
FINNIFTY02JAN2420200CE.NFO,02/01/2024,13:26:24,1175,1148.85,1000,1153.3,200,0,480
FINNIFTY02JAN2420200CE.NFO,02/01/2024,13:26:25,1175,1148.9,200,1153.65,560,0,480
FINNIFTY02JAN2420200CE.NFO,02/01/2024,13:26:27,1175,1114.4,40,1152.8,120,0,480
FINNIFTY02JAN2420200CE.NFO,02/01/2024,13:26:29,1175,1116.3,200,1152.45,200,0,480
FINNIFTY02JAN2420200CE.NFO,02/01/2024,13:26:30,1175,1118.1,120,1152.35,400,0,480
FINNIFTY02JAN2420200CE.NFO,02/01/2024,13:26:32,1175,1120.15,200,1152.35,200,0,480
FINNIFTY02JAN2420200CE.NFO,02/01/2024,13:26:33,1175,1122.5,120,1152.35,120,0,480
FINNIFTY02JAN2420200CE.NFO,02/01/2024,13:26:35,1175,1124.5,40,1152.1,200,0,480
FINNIFTY02JAN2420200CE.NFO,02/01/2024,13:26:36,1175,1126.15,120,1152,160,0,480
FINNIFTY02JAN2420200CE.NFO,02/01/2024,13:26:38,1175,1128.25,120,1152.35,200,0,480
FINNIFTY02JAN2420200CE.NFO,02/01/2024,13:26:40,1175,1130.2,40,1152.3,200,0,480
FINNIFTY02JAN2420200CE.NFO,02/01/2024,13:26:41,1175,1131.65,120,1188.9,120,0,480
FINNIFTY02JAN2420200CE.NFO,02/01/2024,13:26:43,1175,1134.25,120,1186.4,120,0,480
FINNIFTY02JAN2420200CE.NFO,02/01/2024,13:26:45,1175,1136.35,40,1184.3,40,0,480
FINNIFTY02JAN2420200CE.NFO,02/01/2024,13:26:46,1175,1138.4,120,1182.5,120,0,480
FINNIFTY02JAN2420200CE.NFO,02/01/2024,13:26:48,1175,1140.65,120,1180.6,80,0,480
FINNIFTY02JAN2420200CE.NFO,02/01/2024,13:26:50,1175,1142.7,40,1179,40,0,480
FINNIFTY02JAN2420200CE.NFO,02/01/2024,13:26:51,1175,1143.95,120,1177.8,120,0,480
FINNIFTY02JAN2420200CE.NFO,02/01/2024,13:26:53,1175,1145.95,120,1176.15,120,0,480
FINNIFTY02JAN2420200CE.NFO,02/01/2024,13:26:55,1175,1148.1,200,1174.3,400,0,480
FINNIFTY02JAN2420200CE.NFO,02/01/2024,13:26:56,1175,1149.2,80,1172,160,0,480
FINNIFTY02JAN2420200CE.NFO,02/01/2024,13:26:58,1175,1149.95,240,1169.2,120,0,480
FINNIFTY02JAN2420200CE.NFO,02/01/2024,13:27:00,1175,1150,160,1166.5,120,0,480
FINNIFTY02JAN2420200CE.NFO,02/01/2024,13:27:01,1175,1150,160,1164.55,120,0,480
FINNIFTY02JAN2420200CE.NFO,02/01/2024,13:27:03,1175,1149.95,160,1162.25,200,0,480
FINNIFTY02JAN2420200CE.NFO,02/01/2024,13:27:05,1175,1150.1,40,1160.1,160,0,480
FINNIFTY02JAN2420200CE.NFO,02/01/2024,13:27:06,1175,1150.3,160,1157.1,120,0,480
FINNIFTY02JAN2420200CE.NFO,02/01/2024,13:27:08,1175,1148.6,1320,1154.8,160,0,480
FINNIFTY02JAN2420200CE.NFO,02/01/2024,13:27:10,1175,1148.65,200,1153.85,40,0,480
FINNIFTY02JAN2420200CE.NFO,02/01/2024,13:27:11,1175,1148.65,200,1154,280,0,480
FINNIFTY02JAN2420200CE.NFO,02/01/2024,13:27:13,1175,1149.25,120,1154.45,1160,0,480
FINNIFTY02JAN2420200CE.NFO,02/01/2024,13:27:15,1175,1149.75,120,1189.5,200,0,480
FINNIFTY02JAN2420200CE.NFO,02/01/2024,13:27:16,1175,1150.15,40,1187.05,120,0,480
FINNIFTY02JAN2420200CE.NFO,02/01/2024,13:27:18,1175,1150.45,40,1184.2,80,0,480
FINNIFTY02JAN2420200CE.NFO,02/01/2024,13:27:20,1175,1149.65,600,1182.05,160,0,480
FINNIFTY02JAN2420200CE.NFO,02/01/2024,13:27:21,1175,1149.65,360,1179.15,120,0,480
FINNIFTY02JAN2420200CE.NFO,02/01/2024,13:27:23,1175,1149.8,80,1176.6,120,0,480
FINNIFTY02JAN2420200CE.NFO,02/01/2024,13:27:25,1175,1149.7,200,1174.5,120,0,480
FINNIFTY02JAN2420200CE.NFO,02/01/2024,13:27:26,1175,1149.75,80,1171.75,120,0,480
FINNIFTY02JAN2420200CE.NFO,02/01/2024,13:27:28,1175,1150.05,40,1169.05,200,0,480
FINNIFTY02JAN2420200CE.NFO,02/01/2024,13:27:30,1175,1150.5,160,1166.6,200,0,480
FINNIFTY02JAN2420200CE.NFO,02/01/2024,13:27:31,1175,1150.15,280,1163.6,120,0,480
FINNIFTY02JAN2420200CE.NFO,02/01/2024,13:27:33,1175,1148.8,200,1160.8,120,0,480
