Ticker,Date,Time,LTP,BuyPrice,BuyQty,SellPrice,SellQty,LTQ,OpenInterest
FINNIFTY02JAN2420600PE.NFO,02/01/2024,09:15:02,0.5,0.45,4920,0.5,18520,11800,655200
FINNIFTY02JAN2420600PE.NFO,02/01/2024,09:15:02,0.5,0.45,4920,0.5,18520,0,655200
FINNIFTY02JAN2420600PE.NFO,02/01/2024,09:15:02,0.5,0.45,4920,0.5,18520,0,655200
FINNIFTY02JAN2420600PE.NFO,02/01/2024,09:15:02,0.45,0.45,4920,0.5,18520,0,655200
FINNIFTY02JAN2420600PE.NFO,02/01/2024,09:15:16,0.4,0.4,54400,0.45,43120,46400,655200
FINNIFTY02JAN2420600PE.NFO,02/01/2024,09:15:16,0.35,0.4,54400,0.45,43120,0,655200
FINNIFTY02JAN2420600PE.NFO,02/01/2024,09:15:28,0.45,0.4,51920,0.45,57520,26120,655200
FINNIFTY02JAN2420600PE.NFO,02/01/2024,09:15:39,0.4,0.4,47640,0.45,64080,14960,655200
FINNIFTY02JAN2420600PE.NFO,02/01/2024,09:15:50,0.4,0.4,40000,0.45,65360,16960,655200
FINNIFTY02JAN2420600PE.NFO,02/01/2024,09:16:00,0.4,0.4,43760,0.45,66040,19960,655200
FINNIFTY02JAN2420600PE.NFO,02/01/2024,09:16:12,0.4,0.4,55200,0.45,57480,79360,655200
FINNIFTY02JAN2420600PE.NFO,02/01/2024,09:16:22,0.4,0.4,52960,0.45,72280,42360,655200
FINNIFTY02JAN2420600PE.NFO,02/01/2024,09:16:31,0.4,0.4,25720,0.45,75320,33680,655200
FINNIFTY02JAN2420600PE.NFO,02/01/2024,09:16:41,0.4,0.4,11960,0.45,77400,15880,655200
FINNIFTY02JAN2420600PE.NFO,02/01/2024,09:16:50,0.4,0.35,147960,0.4,84680,13040,655200
FINNIFTY02JAN2420600PE.NFO,02/01/2024,09:17:00,0.4,0.35,135640,0.4,91520,3720,655200
FINNIFTY02JAN2420600PE.NFO,02/01/2024,09:17:10,0.4,0.35,159760,0.4,93800,20640,655200
FINNIFTY02JAN2420600PE.NFO,02/01/2024,09:17:19,0.4,0.35,170000,0.4,99040,27760,655200
FINNIFTY02JAN2420600PE.NFO,02/01/2024,09:17:29,0.4,0.35,143200,0.4,109760,4960,754520
FINNIFTY02JAN2420600PE.NFO,02/01/2024,09:17:39,0.4,0.35,145800,0.4,115120,5480,754520
FINNIFTY02JAN2420600PE.NFO,02/01/2024,09:17:48,0.35,0.35,144720,0.4,116520,6720,754520
FINNIFTY02JAN2420600PE.NFO,02/01/2024,09:17:58,0.4,0.35,137360,0.4,118160,7960,754520
FINNIFTY02JAN2420600PE.NFO,02/01/2024,09:18:07,0.4,0.35,140840,0.4,118320,11760,754520
FINNIFTY02JAN2420600PE.NFO,02/01/2024,09:18:17,0.35,0.35,142040,0.4,117440,5440,754520
FINNIFTY02JAN2420600PE.NFO,02/01/2024,09:18:27,0.4,0.35,142840,0.4,125880,4000,754520
FINNIFTY02JAN2420600PE.NFO,02/01/2024,09:18:36,0.4,0.35,141040,0.4,135520,5800,754520
FINNIFTY02JAN2420600PE.NFO,02/01/2024,09:18:46,0.4,0.35,145840,0.4,134520,1200,754520
FINNIFTY02JAN2420600PE.NFO,02/01/2024,09:18:55,0.35,0.35,143800,0.4,140120,5760,754520
FINNIFTY02JAN2420600PE.NFO,02/01/2024,09:19:06,0.4,0.35,135840,0.4,333320,3280,754520
FINNIFTY02JAN2420600PE.NFO,02/01/2024,09:19:16,0.35,0.35,135040,0.4,329360,22920,754520
FINNIFTY02JAN2420600PE.NFO,02/01/2024,09:19:26,0.4,0.35,136560,0.4,329760,400,754520
FINNIFTY02JAN2420600PE.NFO,02/01/2024,09:19:35,0.4,0.35,153000,0.4,325080,840,754520
FINNIFTY02JAN2420600PE.NFO,02/01/2024,09:19:45,0.4,0.35,154000,0.4,325800,12640,754520
FINNIFTY02JAN2420600PE.NFO,02/01/2024,09:19:56,0.4,0.35,173400,0.4,325840,0,754520
FINNIFTY02JAN2420600PE.NFO,02/01/2024,09:20:06,0.4,0.35,169800,0.4,326160,0,754520
FINNIFTY02JAN2420600PE.NFO,02/01/2024,09:20:16,0.4,0.35,156080,0.4,319440,16320,754520
FINNIFTY02JAN2420600PE.NFO,02/01/2024,09:20:26,0.4,0.35,154280,0.4,317680,4280,754520
FINNIFTY02JAN2420600PE.NFO,02/01/2024,09:20:36,0.4,0.35,154280,0.4,314280,4000,763200
FINNIFTY02JAN2420600PE.NFO,02/01/2024,09:20:45,0.4,0.35,153880,0.4,314200,2120,763200
FINNIFTY02JAN2420600PE.NFO,02/01/2024,09:20:55,0.4,0.35,153880,0.4,313280,2720,763200
FINNIFTY02JAN2420600PE.NFO,02/01/2024,09:21:04,0.4,0.35,153880,0.4,314720,400,763200
FINNIFTY02JAN2420600PE.NFO,02/01/2024,09:21:15,0.4,0.35,171880,0.4,319680,10600,763200
FINNIFTY02JAN2420600PE.NFO,02/01/2024,09:21:25,0.4,0.35,173680,0.4,309040,13840,763200
FINNIFTY02JAN2420600PE.NFO,02/01/2024,09:21:35,0.4,0.35,179080,0.4,305960,3480,763200
FINNIFTY02JAN2420600PE.NFO,02/01/2024,09:21:45,0.35,0.35,173680,0.4,304520,8640,763200
FINNIFTY02JAN2420600PE.NFO,02/01/2024,09:21:55,0.4,0.35,175960,0.4,287480,15760,763200
FINNIFTY02JAN2420600PE.NFO,02/01/2024,09:22:07,0.35,0.35,166000,0.4,281640,13440,763200
FINNIFTY02JAN2420600PE.NFO,02/01/2024,09:22:18,0.35,0.35,164760,0.4,475880,36680,763200
FINNIFTY02JAN2420600PE.NFO,02/01/2024,09:22:30,0.35,0.35,70840,0.4,462360,74640,763200
FINNIFTY02JAN2420600PE.NFO,02/01/2024,09:22:40,0.35,0.35,118920,0.4,487400,10400,763200
FINNIFTY02JAN2420600PE.NFO,02/01/2024,09:22:50,0.35,0.35,119640,0.4,492360,7840,763200
FINNIFTY02JAN2420600PE.NFO,02/01/2024,09:23:00,0.35,0.3,336240,0.35,100640,50760,763200
FINNIFTY02JAN2420600PE.NFO,02/01/2024,09:23:00,0.3,0.3,336240,0.35,100640,0,763200
FINNIFTY02JAN2420600PE.NFO,02/01/2024,09:23:09,0.35,0.3,338360,0.35,101160,1480,763200
FINNIFTY02JAN2420600PE.NFO,02/01/2024,09:23:19,0.35,0.3,339440,0.35,96320,9720,763200
FINNIFTY02JAN2420600PE.NFO,02/01/2024,09:23:28,0.35,0.3,331480,0.35,88040,34760,796440
FINNIFTY02JAN2420600PE.NFO,02/01/2024,09:23:37,0.35,0.3,342440,0.35,89160,9360,796440
FINNIFTY02JAN2420600PE.NFO,02/01/2024,09:23:47,0.3,0.3,312000,0.35,96040,32560,796440
FINNIFTY02JAN2420600PE.NFO,02/01/2024,09:23:56,0.35,0.3,284200,0.35,145040,34880,796440
FINNIFTY02JAN2420600PE.NFO,02/01/2024,09:24:05,0.35,0.3,286320,0.35,150960,360,796440
FINNIFTY02JAN2420600PE.NFO,02/01/2024,09:24:15,0.35,0.3,294920,0.35,146960,4000,796440
FINNIFTY02JAN2420600PE.NFO,02/01/2024,09:24:24,0.35,0.3,295000,0.35,147040,4000,796440
FINNIFTY02JAN2420600PE.NFO,02/01/2024,09:24:35,0.35,0.3,295000,0.35,146880,160,796440
FINNIFTY02JAN2420600PE.NFO,02/01/2024,09:24:45,0.35,0.3,294840,0.35,147800,2880,796440
FINNIFTY02JAN2420600PE.NFO,02/01/2024,09:24:54,0.3,0.3,293440,0.35,149200,9440,796440
FINNIFTY02JAN2420600PE.NFO,02/01/2024,09:25:05,0.35,0.3,307120,0.35,142640,11680,796440
FINNIFTY02JAN2420600PE.NFO,02/01/2024,09:25:16,0.3,0.3,310520,0.35,141040,5200,796440
FINNIFTY02JAN2420600PE.NFO,02/01/2024,09:25:26,0.35,0.3,310520,0.35,140480,600,796440
FINNIFTY02JAN2420600PE.NFO,02/01/2024,09:25:36,0.35,0.3,310440,0.35,137760,2880,796440
FINNIFTY02JAN2420600PE.NFO,02/01/2024,09:25:46,0.35,0.3,310120,0.35,137080,2240,796440
FINNIFTY02JAN2420600PE.NFO,02/01/2024,09:25:56,0.35,0.3,315640,0.35,130760,5120,796440
FINNIFTY02JAN2420600PE.NFO,02/01/2024,09:26:06,0.35,0.3,293640,0.35,118600,16480,796440
FINNIFTY02JAN2420600PE.NFO,02/01/2024,09:26:15,0.35,0.3,292520,0.35,110680,18880,796440
FINNIFTY02JAN2420600PE.NFO,02/01/2024,09:26:26,0.3,0.3,326760,0.35,74840,47360,796440
FINNIFTY02JAN2420600PE.NFO,02/01/2024,09:26:36,0.35,0.3,327280,0.35,63920,10320,806240
FINNIFTY02JAN2420600PE.NFO,02/01/2024,09:26:46,0.35,0.3,326480,0.35,52200,17400,806240
FINNIFTY02JAN2420600PE.NFO,02/01/2024,09:26:57,0.35,0.3,324960,0.35,22080,39960,806240
FINNIFTY02JAN2420600PE.NFO,02/01/2024,09:27:08,0.4,0.35,133040,0.4,440040,20240,806240
FINNIFTY02JAN2420600PE.NFO,02/01/2024,09:27:18,0.4,0.35,136280,0.4,433960,2560,806240
FINNIFTY02JAN2420600PE.NFO,02/01/2024,09:27:28,0.35,0.35,137560,0.4,429080,13280,806240
FINNIFTY02JAN2420600PE.NFO,02/01/2024,09:27:38,0.4,0.35,136440,0.4,426560,4680,806240
FINNIFTY02JAN2420600PE.NFO,02/01/2024,09:27:48,0.35,0.3,423560,0.35,106560,116040,806240
FINNIFTY02JAN2420600PE.NFO,02/01/2024,09:27:57,0.35,0.3,425160,0.35,90960,18680,806240
FINNIFTY02JAN2420600PE.NFO,02/01/2024,09:28:07,0.35,0.3,425680,0.35,79800,12040,806240
FINNIFTY02JAN2420600PE.NFO,02/01/2024,09:28:17,0.3,0.3,421840,0.35,89120,10920,806240
FINNIFTY02JAN2420600PE.NFO,02/01/2024,09:28:28,0.3,0.3,420200,0.35,90080,3480,806240
FINNIFTY02JAN2420600PE.NFO,02/01/2024,09:28:41,0.3,0.3,422920,0.35,159680,11160,806240
FINNIFTY02JAN2420600PE.NFO,02/01/2024,09:28:55,0.35,0.3,423120,0.35,158680,8800,806240
FINNIFTY02JAN2420600PE.NFO,02/01/2024,09:29:05,0.35,0.3,423160,0.35,153920,7120,806240
FINNIFTY02JAN2420600PE.NFO,02/01/2024,09:29:16,0.35,0.3,422160,0.35,138320,18560,806240
FINNIFTY02JAN2420600PE.NFO,02/01/2024,09:29:28,0.35,0.3,422160,0.35,128840,6000,873080
FINNIFTY02JAN2420600PE.NFO,02/01/2024,09:29:38,0.3,0.3,393080,0.35,145560,24320,873080
FINNIFTY02JAN2420600PE.NFO,02/01/2024,09:29:48,0.3,0.3,176720,0.35,116760,204280,873080
FINNIFTY02JAN2420600PE.NFO,02/01/2024,09:29:58,0.3,0.3,172240,0.35,160440,76800,873080
FINNIFTY02JAN2420600PE.NFO,02/01/2024,09:30:08,0.35,0.3,242880,0.35,173720,1000,873080
FINNIFTY02JAN2420600PE.NFO,02/01/2024,09:30:18,0.35,0.3,242920,0.35,225480,12680,873080
FINNIFTY02JAN2420600PE.NFO,02/01/2024,09:30:28,0.35,0.3,242920,0.35,227800,120,873080
FINNIFTY02JAN2420600PE.NFO,02/01/2024,09:30:39,0.35,0.3,300520,0.35,227400,400,873080
FINNIFTY02JAN2420600PE.NFO,02/01/2024,09:30:48,0.35,0.3,244720,0.35,219520,8360,873080
FINNIFTY02JAN2420600PE.NFO,02/01/2024,09:30:59,0.35,0.3,261920,0.35,225800,640,873080
FINNIFTY02JAN2420600PE.NFO,02/01/2024,09:31:10,0.3,0.3,286200,0.35,205640,58000,873080
FINNIFTY02JAN2420600PE.NFO,02/01/2024,09:31:21,0.35,0.3,313240,0.35,170000,42840,873080
FINNIFTY02JAN2420600PE.NFO,02/01/2024,09:31:30,0.35,0.3,322160,0.35,158240,10520,873080
FINNIFTY02JAN2420600PE.NFO,02/01/2024,09:31:39,0.35,0.3,337680,0.35,134680,23560,873080
FINNIFTY02JAN2420600PE.NFO,02/01/2024,09:31:49,0.35,0.3,337320,0.35,111360,16080,873080
FINNIFTY02JAN2420600PE.NFO,02/01/2024,09:31:59,0.4,0.4,18200,0.45,92320,300720,873080
FINNIFTY02JAN2420600PE.NFO,02/01/2024,09:32:08,0.35,0.35,301000,0.4,122040,83320,873080
FINNIFTY02JAN2420600PE.NFO,02/01/2024,09:32:18,0.4,0.35,129360,0.4,137200,19320,873080
FINNIFTY02JAN2420600PE.NFO,02/01/2024,09:32:28,0.35,0.35,128240,0.4,149720,120,873080
FINNIFTY02JAN2420600PE.NFO,02/01/2024,09:32:38,0.35,0.35,127920,0.4,153840,2000,1208720
FINNIFTY02JAN2420600PE.NFO,02/01/2024,09:32:48,0.35,0.35,87720,0.4,152080,2240,1208720
FINNIFTY02JAN2420600PE.NFO,02/01/2024,09:32:58,0.4,0.35,89440,0.4,152680,4000,1208720
FINNIFTY02JAN2420600PE.NFO,02/01/2024,09:33:08,0.4,0.35,91800,0.4,151840,8000,1208720
FINNIFTY02JAN2420600PE.NFO,02/01/2024,09:33:17,0.35,0.35,90960,0.4,152360,4800,1208720
FINNIFTY02JAN2420600PE.NFO,02/01/2024,09:33:27,0.4,0.35,90960,0.4,152360,120,1208720
FINNIFTY02JAN2420600PE.NFO,02/01/2024,09:33:36,0.35,0.35,90920,0.4,154280,120,1208720
FINNIFTY02JAN2420600PE.NFO,02/01/2024,09:33:46,0.35,0.35,90680,0.4,154480,2080,1208720
FINNIFTY02JAN2420600PE.NFO,02/01/2024,09:33:55,0.35,0.35,90520,0.4,155720,1080,1208720
FINNIFTY02JAN2420600PE.NFO,02/01/2024,09:34:05,0.4,0.35,90520,0.4,155360,480,1208720
FINNIFTY02JAN2420600PE.NFO,02/01/2024,09:34:14,0.4,0.35,85800,0.4,153600,1600,1208720
FINNIFTY02JAN2420600PE.NFO,02/01/2024,09:34:23,0.35,0.35,86320,0.4,153360,800,1208720
FINNIFTY02JAN2420600PE.NFO,02/01/2024,09:34:32,0.35,0.35,86040,0.4,156520,5400,1208720
FINNIFTY02JAN2420600PE.NFO,02/01/2024,09:34:41,0.35,0.35,85320,0.4,156960,760,1208720
FINNIFTY02JAN2420600PE.NFO,02/01/2024,09:34:50,0.35,0.35,84120,0.4,159480,4400,1208720
FINNIFTY02JAN2420600PE.NFO,02/01/2024,09:35:00,0.35,0.35,85200,0.4,159680,480,1208720
FINNIFTY02JAN2420600PE.NFO,02/01/2024,09:35:09,0.4,0.35,85200,0.4,157000,3720,1208720
FINNIFTY02JAN2420600PE.NFO,02/01/2024,09:35:18,0.4,0.35,105840,0.4,146640,13640,1208720
FINNIFTY02JAN2420600PE.NFO,02/01/2024,09:35:28,0.4,0.35,114640,0.4,147480,680,1208720
FINNIFTY02JAN2420600PE.NFO,02/01/2024,09:35:37,0.4,0.35,105640,0.4,145040,3040,1211360
FINNIFTY02JAN2420600PE.NFO,02/01/2024,09:35:46,0.35,0.35,123360,0.4,245040,520,1211360
FINNIFTY02JAN2420600PE.NFO,02/01/2024,09:35:56,0.4,0.35,120840,0.4,246720,840,1211360
FINNIFTY02JAN2420600PE.NFO,02/01/2024,09:36:06,0.4,0.35,121000,0.4,246640,200,1211360
FINNIFTY02JAN2420600PE.NFO,02/01/2024,09:36:15,0.4,0.35,119200,0.4,246640,0,1211360
FINNIFTY02JAN2420600PE.NFO,02/01/2024,09:36:24,0.4,0.35,88400,0.4,246520,1040,1211360
FINNIFTY02JAN2420600PE.NFO,02/01/2024,09:36:34,0.35,0.35,88240,0.4,241560,2520,1211360
FINNIFTY02JAN2420600PE.NFO,02/01/2024,09:36:43,0.35,0.35,77360,0.4,248840,1000,1211360
FINNIFTY02JAN2420600PE.NFO,02/01/2024,09:36:52,0.4,0.35,98160,0.4,248800,80,1211360
FINNIFTY02JAN2420600PE.NFO,02/01/2024,09:37:00,0.4,0.35,98160,0.4,250400,0,1211360
FINNIFTY02JAN2420600PE.NFO,02/01/2024,09:37:18,0.4,0.35,115960,0.4,250840,1680,1211360
FINNIFTY02JAN2420600PE.NFO,02/01/2024,09:37:36,0.4,0.35,115440,0.4,248360,0,1211360
FINNIFTY02JAN2420600PE.NFO,02/01/2024,09:37:45,0.4,0.35,115440,0.4,245960,0,1211360
FINNIFTY02JAN2420600PE.NFO,02/01/2024,09:38:10,0.35,0.35,115240,0.4,245960,40,1211360
FINNIFTY02JAN2420600PE.NFO,02/01/2024,09:38:19,0.35,0.35,115240,0.4,246040,0,1211360
FINNIFTY02JAN2420600PE.NFO,02/01/2024,09:38:29,0.35,0.35,113440,0.4,247840,200,1211360
FINNIFTY02JAN2420600PE.NFO,02/01/2024,09:38:39,0.35,0.35,113160,0.4,249760,840,1214000
FINNIFTY02JAN2420600PE.NFO,02/01/2024,09:38:48,0.35,0.35,125040,0.4,253560,1120,1214000
FINNIFTY02JAN2420600PE.NFO,02/01/2024,09:38:58,0.35,0.35,124760,0.4,255240,440,1214000
FINNIFTY02JAN2420600PE.NFO,02/01/2024,09:39:07,0.35,0.35,121920,0.4,257280,3440,1214000
FINNIFTY02JAN2420600PE.NFO,02/01/2024,09:39:17,0.35,0.35,125440,0.4,257280,80,1214000
FINNIFTY02JAN2420600PE.NFO,02/01/2024,09:39:26,0.35,0.35,127520,0.4,264360,800,1214000
FINNIFTY02JAN2420600PE.NFO,02/01/2024,09:39:35,0.35,0.35,127880,0.4,264440,3760,1214000
FINNIFTY02JAN2420600PE.NFO,02/01/2024,09:39:44,0.4,0.35,132000,0.4,265320,4760,1214000
FINNIFTY02JAN2420600PE.NFO,02/01/2024,09:39:54,0.4,0.35,130200,0.4,265520,120,1214000
FINNIFTY02JAN2420600PE.NFO,02/01/2024,09:40:06,0.35,0.35,131240,0.4,265720,5320,1214000
FINNIFTY02JAN2420600PE.NFO,02/01/2024,09:40:16,0.4,0.35,132280,0.4,267400,360,1214000
FINNIFTY02JAN2420600PE.NFO,02/01/2024,09:40:26,0.35,0.35,137840,0.4,267400,1160,1214000
FINNIFTY02JAN2420600PE.NFO,02/01/2024,09:40:36,0.4,0.35,140600,0.4,267320,1520,1214000
FINNIFTY02JAN2420600PE.NFO,02/01/2024,09:40:47,0.35,0.35,144800,0.4,267360,1800,1214000
FINNIFTY02JAN2420600PE.NFO,02/01/2024,09:40:57,0.35,0.35,151640,0.4,269840,5200,1214000
FINNIFTY02JAN2420600PE.NFO,02/01/2024,09:41:08,0.35,0.35,155560,0.4,268600,1320,1214000
FINNIFTY02JAN2420600PE.NFO,02/01/2024,09:41:18,0.35,0.35,166400,0.4,268600,3600,1214000
FINNIFTY02JAN2420600PE.NFO,02/01/2024,09:41:28,0.35,0.35,166520,0.4,268600,40,1214000
FINNIFTY02JAN2420600PE.NFO,02/01/2024,09:41:38,0.35,0.35,172040,0.4,271000,3080,1212880
FINNIFTY02JAN2420600PE.NFO,02/01/2024,09:41:47,0.35,0.35,170240,0.4,271000,0,1212880
FINNIFTY02JAN2420600PE.NFO,02/01/2024,09:41:57,0.35,0.35,170760,0.4,271160,2480,1212880
FINNIFTY02JAN2420600PE.NFO,02/01/2024,09:42:07,0.35,0.35,170720,0.4,272120,40,1212880
FINNIFTY02JAN2420600PE.NFO,02/01/2024,09:42:17,0.4,0.35,170720,0.4,273320,1360,1212880
FINNIFTY02JAN2420600PE.NFO,02/01/2024,09:42:26,0.4,0.35,170720,0.4,276200,0,1212880
FINNIFTY02JAN2420600PE.NFO,02/01/2024,09:42:35,0.4,0.35,171920,0.4,271120,18200,1212880
FINNIFTY02JAN2420600PE.NFO,02/01/2024,09:42:44,0.4,0.35,172360,0.4,259560,16320,1212880
FINNIFTY02JAN2420600PE.NFO,02/01/2024,09:42:54,0.4,0.35,172360,0.4,263200,0,1212880
FINNIFTY02JAN2420600PE.NFO,02/01/2024,09:43:04,0.35,0.35,172320,0.4,263160,40,1212880
FINNIFTY02JAN2420600PE.NFO,02/01/2024,09:43:24,0.35,0.35,172480,0.4,263200,0,1212880
FINNIFTY02JAN2420600PE.NFO,02/01/2024,09:43:34,0.4,0.35,173760,0.4,263000,2000,1212880
FINNIFTY02JAN2420600PE.NFO,02/01/2024,09:43:44,0.4,0.35,174480,0.4,264320,27120,1212880
FINNIFTY02JAN2420600PE.NFO,02/01/2024,09:43:53,0.4,0.35,173280,0.4,271720,1240,1212880
FINNIFTY02JAN2420600PE.NFO,02/01/2024,09:44:03,0.35,0.35,173120,0.4,271680,160,1212880
FINNIFTY02JAN2420600PE.NFO,02/01/2024,09:44:12,0.4,0.35,173120,0.4,271480,200,1212880
FINNIFTY02JAN2420600PE.NFO,02/01/2024,09:44:21,0.4,0.35,178880,0.4,277280,0,1212880
FINNIFTY02JAN2420600PE.NFO,02/01/2024,09:44:30,0.4,0.35,187880,0.4,277120,0,1212880
FINNIFTY02JAN2420600PE.NFO,02/01/2024,09:44:39,0.4,0.35,178880,0.4,283440,0,1212880
FINNIFTY02JAN2420600PE.NFO,02/01/2024,09:44:49,0.35,0.35,178800,0.4,286320,80,1269320
FINNIFTY02JAN2420600PE.NFO,02/01/2024,09:45:07,0.35,0.35,178720,0.4,286800,1760,1269320
FINNIFTY02JAN2420600PE.NFO,02/01/2024,09:45:16,0.35,0.35,179280,0.4,286560,40,1269320
FINNIFTY02JAN2420600PE.NFO,02/01/2024,09:45:26,0.35,0.35,186320,0.4,284960,5080,1269320
FINNIFTY02JAN2420600PE.NFO,02/01/2024,09:45:36,0.4,0.35,186240,0.4,284720,6400,1269320
FINNIFTY02JAN2420600PE.NFO,02/01/2024,09:45:45,0.35,0.35,187480,0.4,296840,7280,1269320
FINNIFTY02JAN2420600PE.NFO,02/01/2024,09:45:54,0.35,0.35,186520,0.4,309920,2640,1269320
FINNIFTY02JAN2420600PE.NFO,02/01/2024,09:46:04,0.4,0.35,187080,0.4,320120,7280,1269320
FINNIFTY02JAN2420600PE.NFO,02/01/2024,09:46:14,0.4,0.35,192040,0.4,319320,840,1269320
FINNIFTY02JAN2420600PE.NFO,02/01/2024,09:46:24,0.4,0.35,191960,0.4,318840,600,1269320
FINNIFTY02JAN2420600PE.NFO,02/01/2024,09:46:34,0.4,0.35,191920,0.4,318480,360,1269320
FINNIFTY02JAN2420600PE.NFO,02/01/2024,09:46:43,0.35,0.35,191560,0.4,317960,560,1269320
FINNIFTY02JAN2420600PE.NFO,02/01/2024,09:46:52,0.4,0.35,191560,0.4,317640,320,1269320
FINNIFTY02JAN2420600PE.NFO,02/01/2024,09:47:01,0.4,0.35,191680,0.4,317640,0,1269320
FINNIFTY02JAN2420600PE.NFO,02/01/2024,09:47:11,0.4,0.35,192000,0.4,317040,1000,1269320
FINNIFTY02JAN2420600PE.NFO,02/01/2024,09:47:20,0.4,0.35,195600,0.4,317040,0,1269320
FINNIFTY02JAN2420600PE.NFO,02/01/2024,09:47:29,0.35,0.35,195520,0.4,318840,80,1269320
FINNIFTY02JAN2420600PE.NFO,02/01/2024,09:47:38,0.35,0.35,195440,0.4,318840,80,1278600
FINNIFTY02JAN2420600PE.NFO,02/01/2024,09:47:47,0.35,0.35,191800,0.4,318880,40,1278600
FINNIFTY02JAN2420600PE.NFO,02/01/2024,09:47:56,0.35,0.35,194080,0.4,321080,11040,1278600
FINNIFTY02JAN2420600PE.NFO,02/01/2024,09:48:06,0.35,0.3,439960,0.35,121600,163480,1278600
FINNIFTY02JAN2420600PE.NFO,02/01/2024,09:48:15,0.35,0.3,430720,0.35,136800,10680,1278600
FINNIFTY02JAN2420600PE.NFO,02/01/2024,09:48:23,0.35,0.3,422120,0.35,136800,0,1278600
FINNIFTY02JAN2420600PE.NFO,02/01/2024,09:48:32,0.35,0.3,422120,0.35,132000,3520,1278600
FINNIFTY02JAN2420600PE.NFO,02/01/2024,09:48:42,0.3,0.3,423800,0.35,137640,120,1278600
FINNIFTY02JAN2420600PE.NFO,02/01/2024,09:48:51,0.3,0.3,425560,0.35,137480,200,1278600
FINNIFTY02JAN2420600PE.NFO,02/01/2024,09:49:00,0.3,0.3,425520,0.35,137480,40,1278600
FINNIFTY02JAN2420600PE.NFO,02/01/2024,09:49:19,0.3,0.3,414520,0.35,137480,240,1278600
FINNIFTY02JAN2420600PE.NFO,02/01/2024,09:49:29,0.3,0.3,357560,0.35,137800,1160,1278600
FINNIFTY02JAN2420600PE.NFO,02/01/2024,09:49:38,0.3,0.3,347560,0.35,137840,2320,1278600
FINNIFTY02JAN2420600PE.NFO,02/01/2024,09:49:47,0.3,0.3,350320,0.35,137880,1440,1278600
FINNIFTY02JAN2420600PE.NFO,02/01/2024,09:49:56,0.3,0.3,348960,0.35,137840,840,1278600
FINNIFTY02JAN2420600PE.NFO,02/01/2024,09:50:05,0.3,0.3,349360,0.35,137640,280,1278600
FINNIFTY02JAN2420600PE.NFO,02/01/2024,09:50:14,0.3,0.3,309080,0.35,140000,200,1278600
FINNIFTY02JAN2420600PE.NFO,02/01/2024,09:50:23,0.3,0.3,309640,0.35,140840,0,1278600
FINNIFTY02JAN2420600PE.NFO,02/01/2024,09:50:50,0.35,0.3,309240,0.35,140680,560,1301600
FINNIFTY02JAN2420600PE.NFO,02/01/2024,09:50:59,0.3,0.3,307240,0.35,140680,80,1301600
FINNIFTY02JAN2420600PE.NFO,02/01/2024,09:51:08,0.3,0.3,309000,0.35,142040,560,1301600
FINNIFTY02JAN2420600PE.NFO,02/01/2024,09:51:18,0.3,0.3,306800,0.35,142040,280,1301600
FINNIFTY02JAN2420600PE.NFO,02/01/2024,09:51:28,0.35,0.3,312280,0.35,142160,120,1301600
FINNIFTY02JAN2420600PE.NFO,02/01/2024,09:51:38,0.35,0.3,312280,0.35,142080,80,1301600
FINNIFTY02JAN2420600PE.NFO,02/01/2024,09:51:47,0.35,0.3,311680,0.35,152040,640,1301600
FINNIFTY02JAN2420600PE.NFO,02/01/2024,09:51:56,0.35,0.3,311680,0.35,162040,0,1301600
FINNIFTY02JAN2420600PE.NFO,02/01/2024,09:52:14,0.3,0.3,311080,0.35,162040,600,1301600
FINNIFTY02JAN2420600PE.NFO,02/01/2024,09:52:23,0.3,0.3,311080,0.35,165640,0,1301600
FINNIFTY02JAN2420600PE.NFO,02/01/2024,09:52:32,0.3,0.3,311080,0.35,167440,0,1301600
FINNIFTY02JAN2420600PE.NFO,02/01/2024,09:52:41,0.3,0.3,310640,0.35,167440,440,1301600
FINNIFTY02JAN2420600PE.NFO,02/01/2024,09:52:50,0.35,0.3,310640,0.35,166440,1000,1301600
FINNIFTY02JAN2420600PE.NFO,02/01/2024,09:52:59,0.35,0.3,310640,0.35,164640,1800,1301600
FINNIFTY02JAN2420600PE.NFO,02/01/2024,09:53:09,0.35,0.3,311400,0.35,163760,5440,1301600
FINNIFTY02JAN2420600PE.NFO,02/01/2024,09:53:18,0.35,0.3,311400,0.35,164320,1960,1301600
FINNIFTY02JAN2420600PE.NFO,02/01/2024,09:53:27,0.35,0.3,311400,0.35,264040,280,1301600
FINNIFTY02JAN2420600PE.NFO,02/01/2024,09:53:36,0.35,0.3,311440,0.35,264920,600,1304840
FINNIFTY02JAN2420600PE.NFO,02/01/2024,09:53:46,0.35,0.3,311400,0.35,264960,120,1304840
FINNIFTY02JAN2420600PE.NFO,02/01/2024,09:53:55,0.35,0.3,297040,0.35,264760,40,1304840
FINNIFTY02JAN2420600PE.NFO,02/01/2024,09:54:04,0.35,0.3,273680,0.35,264360,1880,1304840
FINNIFTY02JAN2420600PE.NFO,02/01/2024,09:54:13,0.35,0.3,273640,0.35,264320,40,1304840
FINNIFTY02JAN2420600PE.NFO,02/01/2024,09:54:31,0.3,0.3,270880,0.35,264280,520,1304840
FINNIFTY02JAN2420600PE.NFO,02/01/2024,09:54:41,0.3,0.3,272760,0.35,264600,360,1304840
FINNIFTY02JAN2420600PE.NFO,02/01/2024,09:54:50,0.35,0.3,272640,0.35,260680,4760,1304840
FINNIFTY02JAN2420600PE.NFO,02/01/2024,09:55:01,0.3,0.3,260040,0.35,275840,34400,1304840
FINNIFTY02JAN2420600PE.NFO,02/01/2024,09:55:12,0.3,0.3,296520,0.35,277200,3440,1304840
FINNIFTY02JAN2420600PE.NFO,02/01/2024,09:55:22,0.35,0.3,296560,0.35,274440,5840,1304840
FINNIFTY02JAN2420600PE.NFO,02/01/2024,09:55:32,0.3,0.3,294760,0.35,175320,6320,1304840
FINNIFTY02JAN2420600PE.NFO,02/01/2024,09:55:43,0.35,0.3,292960,0.35,176320,4160,1304840
FINNIFTY02JAN2420600PE.NFO,02/01/2024,09:55:52,0.3,0.3,293040,0.35,174680,7840,1304840
FINNIFTY02JAN2420600PE.NFO,02/01/2024,09:56:04,0.3,0.3,260440,0.35,174120,35000,1304840
FINNIFTY02JAN2420600PE.NFO,02/01/2024,09:56:16,0.3,0.3,237840,0.35,219920,39520,1304840
FINNIFTY02JAN2420600PE.NFO,02/01/2024,09:56:29,0.3,0.3,238760,0.35,226400,8240,1304840
FINNIFTY02JAN2420600PE.NFO,02/01/2024,09:56:41,0.3,0.3,455840,0.35,224440,2520,1343920
FINNIFTY02JAN2420600PE.NFO,02/01/2024,09:56:53,0.3,0.3,458880,0.35,219240,24120,1343920
FINNIFTY02JAN2420600PE.NFO,02/01/2024,09:57:05,0.35,0.3,458920,0.35,212240,10240,1343920
FINNIFTY02JAN2420600PE.NFO,02/01/2024,09:57:18,0.3,0.3,462560,0.35,176880,43640,1343920
FINNIFTY02JAN2420600PE.NFO,02/01/2024,09:57:31,0.35,0.35,204400,0.4,216200,178520,1343920
FINNIFTY02JAN2420600PE.NFO,02/01/2024,09:57:43,0.35,0.35,174040,0.4,216400,14720,1343920
FINNIFTY02JAN2420600PE.NFO,02/01/2024,09:57:54,0.35,0.35,160800,0.4,259560,90640,1343920
FINNIFTY02JAN2420600PE.NFO,02/01/2024,09:58:05,0.35,0.35,159720,0.4,259200,1080,1343920
FINNIFTY02JAN2420600PE.NFO,02/01/2024,09:58:17,0.35,0.35,147280,0.4,259120,12880,1343920
FINNIFTY02JAN2420600PE.NFO,02/01/2024,09:58:28,0.35,0.35,149880,0.4,262040,4720,1343920
FINNIFTY02JAN2420600PE.NFO,02/01/2024,09:58:41,0.4,0.35,187000,0.4,258800,1640,1343920
FINNIFTY02JAN2420600PE.NFO,02/01/2024,09:58:52,0.35,0.35,139400,0.4,258480,7440,1343920
FINNIFTY02JAN2420600PE.NFO,02/01/2024,09:59:02,0.4,0.35,145480,0.4,253120,6440,1343920
FINNIFTY02JAN2420600PE.NFO,02/01/2024,09:59:13,0.35,0.35,131320,0.4,217680,29880,1343920
FINNIFTY02JAN2420600PE.NFO,02/01/2024,09:59:26,0.35,0.35,126000,0.4,213560,5400,1343920
FINNIFTY02JAN2420600PE.NFO,02/01/2024,09:59:37,0.35,0.35,132600,0.4,211760,3080,1254680
FINNIFTY02JAN2420600PE.NFO,02/01/2024,09:59:48,0.35,0.35,133000,0.4,211160,5000,1254680
FINNIFTY02JAN2420600PE.NFO,02/01/2024,09:59:59,0.4,0.35,132360,0.4,211080,720,1254680
FINNIFTY02JAN2420600PE.NFO,02/01/2024,10:00:10,0.35,0.35,129480,0.4,207800,6200,1254680
FINNIFTY02JAN2420600PE.NFO,02/01/2024,10:00:22,0.4,0.35,147400,0.4,222520,2640,1254680
FINNIFTY02JAN2420600PE.NFO,02/01/2024,10:00:35,0.4,0.35,147120,0.4,221960,2280,1254680
FINNIFTY02JAN2420600PE.NFO,02/01/2024,10:00:47,0.35,0.35,146360,0.4,221960,800,1254680
FINNIFTY02JAN2420600PE.NFO,02/01/2024,10:00:58,0.35,0.35,142560,0.4,221920,5760,1254680
FINNIFTY02JAN2420600PE.NFO,02/01/2024,10:01:08,0.35,0.35,135640,0.4,211200,17800,1254680
FINNIFTY02JAN2420600PE.NFO,02/01/2024,10:01:19,0.35,0.35,144160,0.4,216960,3000,1254680
FINNIFTY02JAN2420600PE.NFO,02/01/2024,10:01:31,0.4,0.35,143120,0.4,215080,3440,1254680
FINNIFTY02JAN2420600PE.NFO,02/01/2024,10:01:41,0.35,0.35,143800,0.4,212680,2520,1254680
FINNIFTY02JAN2420600PE.NFO,02/01/2024,10:01:52,0.35,0.35,143600,0.4,212480,200,1254680
FINNIFTY02JAN2420600PE.NFO,02/01/2024,10:02:02,0.4,0.35,141800,0.4,211440,3400,1254680
FINNIFTY02JAN2420600PE.NFO,02/01/2024,10:02:12,0.4,0.35,143360,0.4,210320,1120,1254680
FINNIFTY02JAN2420600PE.NFO,02/01/2024,10:02:23,0.4,0.35,145160,0.4,209720,600,1254680
FINNIFTY02JAN2420600PE.NFO,02/01/2024,10:02:33,0.35,0.35,143880,0.4,207640,5160,1254680
FINNIFTY02JAN2420600PE.NFO,02/01/2024,10:02:43,0.35,0.35,143320,0.4,208040,600,1282360
FINNIFTY02JAN2420600PE.NFO,02/01/2024,10:03:03,0.35,0.35,143240,0.4,207840,240,1282360
FINNIFTY02JAN2420600PE.NFO,02/01/2024,10:03:14,0.35,0.35,139080,0.4,208400,5400,1282360
FINNIFTY02JAN2420600PE.NFO,02/01/2024,10:03:27,0.35,0.35,139320,0.4,210160,320,1282360
FINNIFTY02JAN2420600PE.NFO,02/01/2024,10:03:39,0.4,0.35,139320,0.4,209160,1000,1282360
FINNIFTY02JAN2420600PE.NFO,02/01/2024,10:03:50,0.35,0.35,138840,0.4,209600,1720,1282360
FINNIFTY02JAN2420600PE.NFO,02/01/2024,10:04:00,0.35,0.35,138640,0.4,209800,2000,1282360
FINNIFTY02JAN2420600PE.NFO,02/01/2024,10:04:11,0.35,0.35,138720,0.4,209560,1720,1282360
FINNIFTY02JAN2420600PE.NFO,02/01/2024,10:04:21,0.35,0.35,137400,0.4,212080,9520,1282360
FINNIFTY02JAN2420600PE.NFO,02/01/2024,10:04:31,0.35,0.35,128880,0.4,213080,5560,1282360
FINNIFTY02JAN2420600PE.NFO,02/01/2024,10:04:41,0.35,0.35,129840,0.4,213080,880,1282360
FINNIFTY02JAN2420600PE.NFO,02/01/2024,10:04:52,0.35,0.35,129880,0.4,213120,1760,1282360
FINNIFTY02JAN2420600PE.NFO,02/01/2024,10:05:02,0.35,0.35,127520,0.4,212200,6960,1282360
FINNIFTY02JAN2420600PE.NFO,02/01/2024,10:05:13,0.4,0.35,127840,0.4,208360,3920,1282360
FINNIFTY02JAN2420600PE.NFO,02/01/2024,10:05:23,0.4,0.35,127600,0.4,207320,1040,1282360
FINNIFTY02JAN2420600PE.NFO,02/01/2024,10:05:33,0.4,0.35,127360,0.4,208640,360,1282360
FINNIFTY02JAN2420600PE.NFO,02/01/2024,10:05:43,0.35,0.35,126880,0.4,214280,200,1308080
FINNIFTY02JAN2420600PE.NFO,02/01/2024,10:05:53,0.4,0.35,109760,0.4,198200,18560,1308080
FINNIFTY02JAN2420600PE.NFO,02/01/2024,10:06:03,0.35,0.35,117160,0.4,198120,720,1308080
FINNIFTY02JAN2420600PE.NFO,02/01/2024,10:06:14,0.35,0.35,127880,0.4,198120,1040,1308080
FINNIFTY02JAN2420600PE.NFO,02/01/2024,10:06:24,0.4,0.35,127520,0.4,192760,5720,1308080
FINNIFTY02JAN2420600PE.NFO,02/01/2024,10:06:34,0.4,0.35,126200,0.4,191880,2040,1308080
FINNIFTY02JAN2420600PE.NFO,02/01/2024,10:06:45,0.35,0.35,123640,0.4,193520,8160,1308080
FINNIFTY02JAN2420600PE.NFO,02/01/2024,10:06:55,0.35,0.35,117280,0.4,193520,7560,1308080
FINNIFTY02JAN2420600PE.NFO,02/01/2024,10:07:05,0.4,0.35,108640,0.4,192960,9760,1308080
FINNIFTY02JAN2420600PE.NFO,02/01/2024,10:07:16,0.3,0.3,360160,0.35,188400,45640,1308080
FINNIFTY02JAN2420600PE.NFO,02/01/2024,10:07:26,0.35,0.3,360120,0.35,188360,80,1308080
FINNIFTY02JAN2420600PE.NFO,02/01/2024,10:07:37,0.35,0.3,363000,0.35,188440,5800,1308080
FINNIFTY02JAN2420600PE.NFO,02/01/2024,10:07:48,0.3,0.3,360160,0.35,189440,240,1308080
FINNIFTY02JAN2420600PE.NFO,02/01/2024,10:07:58,0.3,0.3,359200,0.35,190120,1000,1308080
FINNIFTY02JAN2420600PE.NFO,02/01/2024,10:08:08,0.3,0.3,376960,0.35,391720,2760,1308080
FINNIFTY02JAN2420600PE.NFO,02/01/2024,10:08:18,0.35,0.3,377120,0.35,391480,240,1308080
FINNIFTY02JAN2420600PE.NFO,02/01/2024,10:08:28,0.35,0.3,377600,0.35,391800,4000,1308080
FINNIFTY02JAN2420600PE.NFO,02/01/2024,10:08:38,0.35,0.3,374000,0.35,392560,2080,1294400
FINNIFTY02JAN2420600PE.NFO,02/01/2024,10:08:48,0.35,0.3,373640,0.35,392080,2320,1294400
FINNIFTY02JAN2420600PE.NFO,02/01/2024,10:08:58,0.35,0.3,373640,0.35,391880,200,1294400
FINNIFTY02JAN2420600PE.NFO,02/01/2024,10:09:08,0.35,0.3,389840,0.35,392600,720,1294400
FINNIFTY02JAN2420600PE.NFO,02/01/2024,10:09:18,0.35,0.3,389880,0.35,392360,1680,1294400
FINNIFTY02JAN2420600PE.NFO,02/01/2024,10:09:28,0.35,0.3,392440,0.35,392640,4880,1294400
FINNIFTY02JAN2420600PE.NFO,02/01/2024,10:09:37,0.35,0.3,377320,0.35,398040,4880,1294400
FINNIFTY02JAN2420600PE.NFO,02/01/2024,10:09:47,0.3,0.3,377120,0.35,398040,200,1294400
FINNIFTY02JAN2420600PE.NFO,02/01/2024,10:10:07,0.3,0.3,377880,0.35,398520,4080,1294400
FINNIFTY02JAN2420600PE.NFO,02/01/2024,10:10:17,0.3,0.3,379040,0.35,398520,80,1294400
FINNIFTY02JAN2420600PE.NFO,02/01/2024,10:10:27,0.35,0.3,381320,0.35,398160,1080,1294400
FINNIFTY02JAN2420600PE.NFO,02/01/2024,10:10:37,0.3,0.3,379720,0.35,399000,1520,1294400
FINNIFTY02JAN2420600PE.NFO,02/01/2024,10:10:47,0.3,0.3,379480,0.35,398960,440,1294400
FINNIFTY02JAN2420600PE.NFO,02/01/2024,10:10:57,0.3,0.3,378760,0.35,398960,200,1294400
FINNIFTY02JAN2420600PE.NFO,02/01/2024,10:11:06,0.35,0.3,384720,0.35,398920,120,1294400
FINNIFTY02JAN2420600PE.NFO,02/01/2024,10:11:16,0.35,0.3,383200,0.35,398760,1120,1294400
FINNIFTY02JAN2420600PE.NFO,02/01/2024,10:11:26,0.35,0.3,381920,0.35,398880,3800,1294400
FINNIFTY02JAN2420600PE.NFO,02/01/2024,10:11:36,0.35,0.3,381120,0.35,398680,1000,1294400
FINNIFTY02JAN2420600PE.NFO,02/01/2024,10:11:45,0.35,0.3,382000,0.35,398640,40,1289480
FINNIFTY02JAN2420600PE.NFO,02/01/2024,10:11:54,0.3,0.3,381920,0.35,398640,80,1289480
FINNIFTY02JAN2420600PE.NFO,02/01/2024,10:12:03,0.3,0.3,383920,0.35,398640,160,1289480
FINNIFTY02JAN2420600PE.NFO,02/01/2024,10:12:13,0.3,0.3,387200,0.35,401520,0,1289480
FINNIFTY02JAN2420600PE.NFO,02/01/2024,10:12:22,0.3,0.3,386520,0.35,201640,2280,1289480
FINNIFTY02JAN2420600PE.NFO,02/01/2024,10:12:32,0.3,0.3,384800,0.35,205200,1800,1289480
FINNIFTY02JAN2420600PE.NFO,02/01/2024,10:12:43,0.35,0.3,387280,0.35,199120,3080,1289480
FINNIFTY02JAN2420600PE.NFO,02/01/2024,10:12:54,0.35,0.3,384400,0.35,213920,2600,1289480
FINNIFTY02JAN2420600PE.NFO,02/01/2024,10:13:04,0.35,0.3,407800,0.35,204240,9240,1289480
FINNIFTY02JAN2420600PE.NFO,02/01/2024,10:13:15,0.35,0.3,411560,0.35,211080,11880,1289480
FINNIFTY02JAN2420600PE.NFO,02/01/2024,10:13:24,0.35,0.3,413080,0.35,212880,720,1289480
FINNIFTY02JAN2420600PE.NFO,02/01/2024,10:13:34,0.3,0.3,412720,0.35,213840,4200,1289480
FINNIFTY02JAN2420600PE.NFO,02/01/2024,10:13:44,0.3,0.3,409120,0.35,215640,3600,1289480
FINNIFTY02JAN2420600PE.NFO,02/01/2024,10:13:54,0.35,0.3,408720,0.35,218840,1200,1289480
FINNIFTY02JAN2420600PE.NFO,02/01/2024,10:14:04,0.35,0.3,408800,0.35,215640,3880,1289480
FINNIFTY02JAN2420600PE.NFO,02/01/2024,10:14:15,0.35,0.3,409600,0.35,216000,1240,1289480
FINNIFTY02JAN2420600PE.NFO,02/01/2024,10:14:24,0.3,0.3,409080,0.35,215960,560,1289480
FINNIFTY02JAN2420600PE.NFO,02/01/2024,10:14:34,0.3,0.3,409040,0.35,216560,40,1289480
FINNIFTY02JAN2420600PE.NFO,02/01/2024,10:14:45,0.35,0.3,408920,0.35,216240,440,1278440
FINNIFTY02JAN2420600PE.NFO,02/01/2024,10:14:55,0.3,0.3,407040,0.35,216200,1920,1278440
FINNIFTY02JAN2420600PE.NFO,02/01/2024,10:15:04,0.35,0.3,407320,0.35,216680,4680,1278440
FINNIFTY02JAN2420600PE.NFO,02/01/2024,10:15:14,0.35,0.3,408400,0.35,217840,1120,1278440
FINNIFTY02JAN2420600PE.NFO,02/01/2024,10:15:24,0.35,0.3,408400,0.35,217680,640,1278440
FINNIFTY02JAN2420600PE.NFO,02/01/2024,10:15:44,0.35,0.3,408840,0.35,204320,3160,1278440
FINNIFTY02JAN2420600PE.NFO,02/01/2024,10:15:53,0.35,0.3,408840,0.35,203600,720,1278440
FINNIFTY02JAN2420600PE.NFO,02/01/2024,10:16:03,0.35,0.3,413480,0.35,203320,4760,1278440
FINNIFTY02JAN2420600PE.NFO,02/01/2024,10:16:13,0.35,0.3,415120,0.35,201720,3480,1278440
FINNIFTY02JAN2420600PE.NFO,02/01/2024,10:16:24,0.35,0.3,415040,0.35,246200,40,1278440
FINNIFTY02JAN2420600PE.NFO,02/01/2024,10:16:33,0.35,0.3,415040,0.35,246120,80,1278440
FINNIFTY02JAN2420600PE.NFO,02/01/2024,10:16:43,0.35,0.3,415040,0.35,247720,0,1278440
FINNIFTY02JAN2420600PE.NFO,02/01/2024,10:16:53,0.35,0.3,416600,0.35,245680,440,1278440
FINNIFTY02JAN2420600PE.NFO,02/01/2024,10:17:02,0.3,0.3,414400,0.35,245680,1600,1278440
FINNIFTY02JAN2420600PE.NFO,02/01/2024,10:17:12,0.35,0.3,414920,0.35,247440,240,1278440
FINNIFTY02JAN2420600PE.NFO,02/01/2024,10:17:22,0.35,0.3,414960,0.35,246680,280,1278440
FINNIFTY02JAN2420600PE.NFO,02/01/2024,10:17:32,0.35,0.3,416840,0.35,247880,1480,1278440
FINNIFTY02JAN2420600PE.NFO,02/01/2024,10:17:42,0.3,0.3,413680,0.35,248680,3560,1273520
FINNIFTY02JAN2420600PE.NFO,02/01/2024,10:17:52,0.35,0.3,413560,0.35,251080,5600,1273520
FINNIFTY02JAN2420600PE.NFO,02/01/2024,10:18:01,0.35,0.3,435760,0.35,250800,1240,1273520
FINNIFTY02JAN2420600PE.NFO,02/01/2024,10:18:10,0.3,0.3,435160,0.35,252480,600,1273520
FINNIFTY02JAN2420600PE.NFO,02/01/2024,10:18:20,0.3,0.3,434760,0.35,252520,400,1273520
FINNIFTY02JAN2420600PE.NFO,02/01/2024,10:18:30,0.3,0.3,435960,0.35,250680,4880,1273520
FINNIFTY02JAN2420600PE.NFO,02/01/2024,10:18:39,0.35,0.3,437840,0.35,248320,5960,1273520
FINNIFTY02JAN2420600PE.NFO,02/01/2024,10:18:49,0.35,0.3,437840,0.35,249880,0,1273520
FINNIFTY02JAN2420600PE.NFO,02/01/2024,10:18:58,0.3,0.3,437440,0.35,250240,400,1273520
FINNIFTY02JAN2420600PE.NFO,02/01/2024,10:19:08,0.3,0.3,435680,0.35,250640,1800,1273520
FINNIFTY02JAN2420600PE.NFO,02/01/2024,10:19:17,0.35,0.3,433640,0.35,254360,2280,1273520
FINNIFTY02JAN2420600PE.NFO,02/01/2024,10:19:27,0.35,0.3,448960,0.35,126280,143400,1273520
FINNIFTY02JAN2420600PE.NFO,02/01/2024,10:19:36,0.3,0.3,447080,0.35,160920,26280,1273520
FINNIFTY02JAN2420600PE.NFO,02/01/2024,10:19:46,0.35,0.3,448800,0.35,176560,560,1273520
FINNIFTY02JAN2420600PE.NFO,02/01/2024,10:19:55,0.35,0.3,452080,0.35,175240,1400,1273520
FINNIFTY02JAN2420600PE.NFO,02/01/2024,10:20:04,0.35,0.3,450600,0.35,172360,2880,1273520
FINNIFTY02JAN2420600PE.NFO,02/01/2024,10:20:14,0.35,0.3,448680,0.35,163400,8480,1273520
FINNIFTY02JAN2420600PE.NFO,02/01/2024,10:20:24,0.35,0.3,449360,0.35,157680,5720,1273520
FINNIFTY02JAN2420600PE.NFO,02/01/2024,10:20:33,0.35,0.3,447960,0.35,153440,4720,1273520
FINNIFTY02JAN2420600PE.NFO,02/01/2024,10:20:43,0.35,0.3,448800,0.35,148880,4560,1357560
FINNIFTY02JAN2420600PE.NFO,02/01/2024,10:20:53,0.35,0.3,448920,0.35,145120,3280,1357560
FINNIFTY02JAN2420600PE.NFO,02/01/2024,10:21:03,0.35,0.3,444200,0.35,139520,320,1357560
FINNIFTY02JAN2420600PE.NFO,02/01/2024,10:21:12,0.35,0.3,444280,0.35,139440,120,1357560
FINNIFTY02JAN2420600PE.NFO,02/01/2024,10:21:22,0.35,0.3,442360,0.35,139400,0,1357560
FINNIFTY02JAN2420600PE.NFO,02/01/2024,10:21:32,0.3,0.3,441280,0.35,156960,1240,1357560
FINNIFTY02JAN2420600PE.NFO,02/01/2024,10:21:42,0.35,0.3,440760,0.35,152840,5480,1357560
FINNIFTY02JAN2420600PE.NFO,02/01/2024,10:21:52,0.35,0.3,440760,0.35,151520,1800,1357560
FINNIFTY02JAN2420600PE.NFO,02/01/2024,10:22:02,0.35,0.3,440760,0.35,144200,3000,1357560
FINNIFTY02JAN2420600PE.NFO,02/01/2024,10:22:11,0.35,0.3,440760,0.35,143320,5360,1357560
FINNIFTY02JAN2420600PE.NFO,02/01/2024,10:22:21,0.35,0.3,440760,0.35,143320,0,1357560
FINNIFTY02JAN2420600PE.NFO,02/01/2024,10:22:31,0.35,0.3,440760,0.35,129640,240,1357560
FINNIFTY02JAN2420600PE.NFO,02/01/2024,10:22:41,0.35,0.3,440760,0.35,129200,440,1357560
FINNIFTY02JAN2420600PE.NFO,02/01/2024,10:23:01,0.35,0.3,440880,0.35,123600,0,1357560
FINNIFTY02JAN2420600PE.NFO,02/01/2024,10:23:11,0.3,0.3,440560,0.35,125200,200,1357560
FINNIFTY02JAN2420600PE.NFO,02/01/2024,10:23:21,0.35,0.3,439960,0.35,125080,720,1357560
FINNIFTY02JAN2420600PE.NFO,02/01/2024,10:23:31,0.3,0.3,436960,0.35,127080,3000,1357560
FINNIFTY02JAN2420600PE.NFO,02/01/2024,10:23:41,0.35,0.3,436960,0.35,128200,80,1367360
FINNIFTY02JAN2420600PE.NFO,02/01/2024,10:24:02,0.3,0.3,432760,0.35,128240,4200,1367360
FINNIFTY02JAN2420600PE.NFO,02/01/2024,10:24:12,0.35,0.3,432560,0.35,131560,240,1367360
FINNIFTY02JAN2420600PE.NFO,02/01/2024,10:24:22,0.3,0.3,423520,0.35,131560,40,1367360
FINNIFTY02JAN2420600PE.NFO,02/01/2024,10:24:42,0.35,0.3,432160,0.35,131720,600,1367360
FINNIFTY02JAN2420600PE.NFO,02/01/2024,10:25:15,0.3,0.3,421480,0.35,131720,1680,1367360
FINNIFTY02JAN2420600PE.NFO,02/01/2024,10:25:26,0.35,0.3,430480,0.35,133400,120,1367360
FINNIFTY02JAN2420600PE.NFO,02/01/2024,10:25:37,0.35,0.3,432280,0.35,133400,0,1367360
FINNIFTY02JAN2420600PE.NFO,02/01/2024,10:25:47,0.35,0.3,432280,0.35,133440,0,1367360
FINNIFTY02JAN2420600PE.NFO,02/01/2024,10:25:57,0.35,0.3,432280,0.35,132320,640,1367360
FINNIFTY02JAN2420600PE.NFO,02/01/2024,10:26:08,0.35,0.3,432280,0.35,131680,640,1367360
FINNIFTY02JAN2420600PE.NFO,02/01/2024,10:26:31,0.35,0.3,430680,0.35,128840,160,1367360
FINNIFTY02JAN2420600PE.NFO,02/01/2024,10:26:42,0.35,0.3,429840,0.35,129240,2360,1373640
FINNIFTY02JAN2420600PE.NFO,02/01/2024,10:26:54,0.35,0.3,429840,0.35,129480,240,1373640
FINNIFTY02JAN2420600PE.NFO,02/01/2024,10:27:05,0.3,0.3,428280,0.35,131320,1560,1373640
FINNIFTY02JAN2420600PE.NFO,02/01/2024,10:27:16,0.3,0.3,418320,0.35,131320,2280,1373640
FINNIFTY02JAN2420600PE.NFO,02/01/2024,10:27:27,0.3,0.3,427960,0.35,133120,0,1373640
FINNIFTY02JAN2420600PE.NFO,02/01/2024,10:27:37,0.35,0.3,427280,0.35,130080,2520,1373640
FINNIFTY02JAN2420600PE.NFO,02/01/2024,10:27:47,0.35,0.3,427320,0.35,128720,1360,1373640
FINNIFTY02JAN2420600PE.NFO,02/01/2024,10:27:58,0.35,0.3,427320,0.35,129200,0,1373640
FINNIFTY02JAN2420600PE.NFO,02/01/2024,10:28:08,0.35,0.3,427280,0.35,127000,1760,1373640
FINNIFTY02JAN2420600PE.NFO,02/01/2024,10:28:19,0.35,0.3,427280,0.35,127840,0,1373640
FINNIFTY02JAN2420600PE.NFO,02/01/2024,10:28:29,0.35,0.3,427320,0.35,127840,0,1373640
FINNIFTY02JAN2420600PE.NFO,02/01/2024,10:28:39,0.35,0.3,427320,0.35,127760,0,1373640
FINNIFTY02JAN2420600PE.NFO,02/01/2024,10:28:48,0.35,0.3,427320,0.35,127840,0,1373640
FINNIFTY02JAN2420600PE.NFO,02/01/2024,10:29:08,0.35,0.3,427320,0.35,126880,960,1373640
FINNIFTY02JAN2420600PE.NFO,02/01/2024,10:29:18,0.3,0.3,406840,0.35,135880,10800,1373640
FINNIFTY02JAN2420600PE.NFO,02/01/2024,10:29:28,0.3,0.3,412800,0.35,139120,3960,1373640
FINNIFTY02JAN2420600PE.NFO,02/01/2024,10:29:38,0.3,0.3,417120,0.35,140920,0,1373640
FINNIFTY02JAN2420600PE.NFO,02/01/2024,10:29:49,0.35,0.3,417120,0.35,140960,160,1393040
FINNIFTY02JAN2420600PE.NFO,02/01/2024,10:29:59,0.35,0.3,416200,0.35,140560,1160,1393040
FINNIFTY02JAN2420600PE.NFO,02/01/2024,10:30:11,0.35,0.3,417120,0.35,141200,600,1393040
FINNIFTY02JAN2420600PE.NFO,02/01/2024,10:30:22,0.35,0.3,415800,0.35,139000,2680,1393040
FINNIFTY02JAN2420600PE.NFO,02/01/2024,10:30:34,0.35,0.3,415280,0.35,157960,80,1393040
FINNIFTY02JAN2420600PE.NFO,02/01/2024,10:30:44,0.3,0.3,403160,0.35,157960,80,1393040
FINNIFTY02JAN2420600PE.NFO,02/01/2024,10:30:54,0.3,0.3,402960,0.35,157680,480,1393040
FINNIFTY02JAN2420600PE.NFO,02/01/2024,10:31:04,0.3,0.3,403960,0.35,157680,0,1393040
FINNIFTY02JAN2420600PE.NFO,02/01/2024,10:31:14,0.3,0.3,403800,0.35,157680,120,1393040
FINNIFTY02JAN2420600PE.NFO,02/01/2024,10:31:24,0.35,0.3,403920,0.35,157320,400,1393040
FINNIFTY02JAN2420600PE.NFO,02/01/2024,10:31:34,0.35,0.3,385640,0.35,157160,200,1393040
FINNIFTY02JAN2420600PE.NFO,02/01/2024,10:31:44,0.35,0.3,384920,0.35,157000,240,1393040
FINNIFTY02JAN2420600PE.NFO,02/01/2024,10:31:55,0.3,0.3,385040,0.35,156800,240,1393040
FINNIFTY02JAN2420600PE.NFO,02/01/2024,10:32:06,0.35,0.3,384920,0.35,156240,640,1393040
FINNIFTY02JAN2420600PE.NFO,02/01/2024,10:32:16,0.35,0.3,360600,0.35,154800,1600,1393040
FINNIFTY02JAN2420600PE.NFO,02/01/2024,10:32:26,0.35,0.3,359720,0.35,153240,1080,1393040
FINNIFTY02JAN2420600PE.NFO,02/01/2024,10:32:36,0.35,0.3,359720,0.35,153000,240,1393040
FINNIFTY02JAN2420600PE.NFO,02/01/2024,10:32:56,0.3,0.3,359600,0.35,153480,120,1400400
FINNIFTY02JAN2420600PE.NFO,02/01/2024,10:33:06,0.3,0.3,360200,0.35,152520,480,1400400
FINNIFTY02JAN2420600PE.NFO,02/01/2024,10:33:15,0.3,0.3,360040,0.35,152520,240,1400400
FINNIFTY02JAN2420600PE.NFO,02/01/2024,10:33:25,0.3,0.3,359920,0.35,152680,200,1400400
FINNIFTY02JAN2420600PE.NFO,02/01/2024,10:33:34,0.3,0.3,350040,0.35,152680,880,1400400
FINNIFTY02JAN2420600PE.NFO,02/01/2024,10:33:44,0.3,0.3,358080,0.35,149600,5880,1400400
FINNIFTY02JAN2420600PE.NFO,02/01/2024,10:33:55,0.35,0.3,366840,0.35,150520,360,1400400
FINNIFTY02JAN2420600PE.NFO,02/01/2024,10:34:05,0.35,0.3,364680,0.35,152560,2880,1400400
FINNIFTY02JAN2420600PE.NFO,02/01/2024,10:34:14,0.35,0.3,364680,0.35,152600,240,1400400
FINNIFTY02JAN2420600PE.NFO,02/01/2024,10:34:24,0.35,0.3,345080,0.35,152080,40,1400400
FINNIFTY02JAN2420600PE.NFO,02/01/2024,10:34:34,0.3,0.3,344080,0.35,152560,1000,1400400
FINNIFTY02JAN2420600PE.NFO,02/01/2024,10:34:43,0.3,0.3,343480,0.35,152560,600,1400400
FINNIFTY02JAN2420600PE.NFO,02/01/2024,10:34:53,0.3,0.3,323040,0.35,152560,1800,1400400
FINNIFTY02JAN2420600PE.NFO,02/01/2024,10:35:03,0.3,0.3,322640,0.35,152560,400,1400400
FINNIFTY02JAN2420600PE.NFO,02/01/2024,10:35:13,0.3,0.3,341400,0.35,156160,0,1400400
FINNIFTY02JAN2420600PE.NFO,02/01/2024,10:35:43,0.3,0.3,320720,0.35,156160,1920,1407560
FINNIFTY02JAN2420600PE.NFO,02/01/2024,10:36:03,0.3,0.3,339640,0.35,156160,0,1407560
FINNIFTY02JAN2420600PE.NFO,02/01/2024,10:36:13,0.35,0.3,338080,0.35,150840,200,1407560
FINNIFTY02JAN2420600PE.NFO,02/01/2024,10:36:25,0.35,0.3,337160,0.35,160240,0,1407560
FINNIFTY02JAN2420600PE.NFO,02/01/2024,10:36:38,0.35,0.3,336480,0.35,178560,2600,1407560
FINNIFTY02JAN2420600PE.NFO,02/01/2024,10:36:50,0.3,0.3,351080,0.35,184520,4400,1407560
FINNIFTY02JAN2420600PE.NFO,02/01/2024,10:37:02,0.3,0.3,523880,0.35,188120,3640,1407560
FINNIFTY02JAN2420600PE.NFO,02/01/2024,10:37:13,0.3,0.3,523440,0.35,243120,400,1407560
FINNIFTY02JAN2420600PE.NFO,02/01/2024,10:37:25,0.35,0.3,523280,0.35,237040,6080,1407560
FINNIFTY02JAN2420600PE.NFO,02/01/2024,10:37:36,0.3,0.3,521480,0.35,237040,1800,1407560
FINNIFTY02JAN2420600PE.NFO,02/01/2024,10:37:47,0.35,0.3,521680,0.35,223520,2000,1407560
FINNIFTY02JAN2420600PE.NFO,02/01/2024,10:37:57,0.35,0.3,521680,0.35,236840,0,1407560
FINNIFTY02JAN2420600PE.NFO,02/01/2024,10:38:07,0.35,0.3,521720,0.35,233720,840,1407560
FINNIFTY02JAN2420600PE.NFO,02/01/2024,10:38:17,0.35,0.3,503720,0.35,232480,3040,1407560
FINNIFTY02JAN2420600PE.NFO,02/01/2024,10:38:27,0.35,0.3,327320,0.35,232960,0,1407560
FINNIFTY02JAN2420600PE.NFO,02/01/2024,10:38:47,0.35,0.3,327320,0.35,232280,200,1407560
FINNIFTY02JAN2420600PE.NFO,02/01/2024,10:38:58,0.35,0.3,327320,0.35,232280,0,1407560
FINNIFTY02JAN2420600PE.NFO,02/01/2024,10:39:10,0.3,0.3,186840,0.35,322680,139960,1416880
FINNIFTY02JAN2420600PE.NFO,02/01/2024,10:39:23,0.3,0.25,417360,0.3,203000,330760,1416880
FINNIFTY02JAN2420600PE.NFO,02/01/2024,10:39:23,0.25,0.25,417360,0.3,203000,0,1416880
FINNIFTY02JAN2420600PE.NFO,02/01/2024,10:39:33,0.3,0.3,182120,0.35,166120,450840,1416880
FINNIFTY02JAN2420600PE.NFO,02/01/2024,10:39:44,0.3,0.3,413320,0.35,199360,49640,1416880
FINNIFTY02JAN2420600PE.NFO,02/01/2024,10:39:55,0.3,0.3,1619000,0.35,199720,1600,1416880
FINNIFTY02JAN2420600PE.NFO,02/01/2024,10:40:06,0.3,0.3,1618960,0.35,199720,0,1416880
FINNIFTY02JAN2420600PE.NFO,02/01/2024,10:40:17,0.3,0.3,1619320,0.35,202240,1600,1416880
FINNIFTY02JAN2420600PE.NFO,02/01/2024,10:40:28,0.35,0.3,1619360,0.35,202320,2400,1416880
FINNIFTY02JAN2420600PE.NFO,02/01/2024,10:40:38,0.35,0.3,1619360,0.35,243520,3600,1416880
FINNIFTY02JAN2420600PE.NFO,02/01/2024,10:40:48,0.35,0.3,1617160,0.35,228480,3200,1416880
FINNIFTY02JAN2420600PE.NFO,02/01/2024,10:40:59,0.3,0.3,1619760,0.35,242480,280,1416880
FINNIFTY02JAN2420600PE.NFO,02/01/2024,10:41:10,0.3,0.3,1619440,0.35,242120,680,1416880
FINNIFTY02JAN2420600PE.NFO,02/01/2024,10:41:21,0.35,0.3,1619400,0.35,241120,2000,1416880
FINNIFTY02JAN2420600PE.NFO,02/01/2024,10:41:31,0.35,0.3,1619400,0.35,240880,0,1416880
FINNIFTY02JAN2420600PE.NFO,02/01/2024,10:41:41,0.35,0.3,1608240,0.35,185640,17120,1416880
FINNIFTY02JAN2420600PE.NFO,02/01/2024,10:41:53,0.3,0.3,1609960,0.35,185880,80,1273160
FINNIFTY02JAN2420600PE.NFO,02/01/2024,10:42:03,0.3,0.3,809520,0.35,187800,40,1273160
FINNIFTY02JAN2420600PE.NFO,02/01/2024,10:42:14,0.3,0.25,414360,0.3,181960,423840,1273160
FINNIFTY02JAN2420600PE.NFO,02/01/2024,10:42:24,0.3,0.25,942920,0.3,157200,2520,1273160
FINNIFTY02JAN2420600PE.NFO,02/01/2024,10:42:35,0.3,0.25,942920,0.3,176360,2400,1273160
FINNIFTY02JAN2420600PE.NFO,02/01/2024,10:42:45,0.3,0.25,942920,0.3,158440,640,1273160
FINNIFTY02JAN2420600PE.NFO,02/01/2024,10:42:56,0.35,0.3,939840,0.35,120400,232480,1273160
FINNIFTY02JAN2420600PE.NFO,02/01/2024,10:43:07,0.35,0.35,1008040,0.4,125080,395120,1273160
FINNIFTY02JAN2420600PE.NFO,02/01/2024,10:43:17,0.35,0.35,1002600,0.4,142400,7320,1273160
FINNIFTY02JAN2420600PE.NFO,02/01/2024,10:43:28,0.35,0.35,106720,0.4,136720,44120,1273160
FINNIFTY02JAN2420600PE.NFO,02/01/2024,10:43:39,0.35,0.3,886080,0.35,438600,113720,1273160
FINNIFTY02JAN2420600PE.NFO,02/01/2024,10:43:49,0.35,0.3,1872120,0.35,439320,2200,1273160
FINNIFTY02JAN2420600PE.NFO,02/01/2024,10:43:59,0.35,0.3,1872120,0.35,439080,1800,1273160
FINNIFTY02JAN2420600PE.NFO,02/01/2024,10:44:10,0.35,0.3,1872120,0.35,439800,0,1273160
FINNIFTY02JAN2420600PE.NFO,02/01/2024,10:44:20,0.35,0.3,1873120,0.35,419360,1800,1273160
FINNIFTY02JAN2420600PE.NFO,02/01/2024,10:44:30,0.35,0.3,1873440,0.35,420200,600,1273160
FINNIFTY02JAN2420600PE.NFO,02/01/2024,10:44:40,0.3,0.3,1873520,0.35,438400,840,1273160
FINNIFTY02JAN2420600PE.NFO,02/01/2024,10:44:51,0.35,0.3,1873320,0.35,438320,200,1190680
FINNIFTY02JAN2420600PE.NFO,02/01/2024,10:45:01,0.35,0.3,1873320,0.35,438320,0,1190680
FINNIFTY02JAN2420600PE.NFO,02/01/2024,10:45:12,0.35,0.3,1873360,0.35,441680,920,1190680
FINNIFTY02JAN2420600PE.NFO,02/01/2024,10:45:22,0.35,0.3,1873360,0.35,441680,0,1190680
FINNIFTY02JAN2420600PE.NFO,02/01/2024,10:45:32,0.35,0.3,1873360,0.35,441640,0,1190680
FINNIFTY02JAN2420600PE.NFO,02/01/2024,10:46:22,0.3,0.3,1871560,0.35,441640,1800,1190680
FINNIFTY02JAN2420600PE.NFO,02/01/2024,10:46:41,0.35,0.3,1873320,0.35,441280,400,1190680
FINNIFTY02JAN2420600PE.NFO,02/01/2024,10:46:51,0.35,0.3,1872560,0.35,443040,1000,1190680
FINNIFTY02JAN2420600PE.NFO,02/01/2024,10:47:02,0.3,0.3,1785640,0.35,443520,87760,1190680
FINNIFTY02JAN2420600PE.NFO,02/01/2024,10:47:12,0.3,0.3,1770200,0.35,443520,15440,1190680
FINNIFTY02JAN2420600PE.NFO,02/01/2024,10:47:22,0.35,0.3,1441240,0.35,434680,361640,1190680
FINNIFTY02JAN2420600PE.NFO,02/01/2024,10:47:33,0.35,0.3,1441400,0.35,447400,840,1190680
FINNIFTY02JAN2420600PE.NFO,02/01/2024,10:47:43,0.3,0.3,1437840,0.35,346560,3600,1190680
FINNIFTY02JAN2420600PE.NFO,02/01/2024,10:47:53,0.3,0.3,92600,0.35,151400,23880,1588840
FINNIFTY02JAN2420600PE.NFO,02/01/2024,10:48:03,0.3,0.25,553600,0.3,418720,154080,1588840
FINNIFTY02JAN2420600PE.NFO,02/01/2024,10:48:14,0.25,0.25,557400,0.3,419680,1040,1588840
FINNIFTY02JAN2420600PE.NFO,02/01/2024,10:48:24,0.3,0.25,557160,0.3,418600,600,1588840
FINNIFTY02JAN2420600PE.NFO,02/01/2024,10:48:34,0.3,0.25,557720,0.3,418040,2000,1588840
FINNIFTY02JAN2420600PE.NFO,02/01/2024,10:48:43,0.3,0.25,557720,0.3,417040,200,1588840
FINNIFTY02JAN2420600PE.NFO,02/01/2024,10:48:53,0.3,0.25,558840,0.3,409280,4400,1588840
FINNIFTY02JAN2420600PE.NFO,02/01/2024,10:49:03,0.3,0.25,560000,0.3,419120,11280,1588840
FINNIFTY02JAN2420600PE.NFO,02/01/2024,10:49:14,0.25,0.25,561760,0.3,412120,7600,1588840
FINNIFTY02JAN2420600PE.NFO,02/01/2024,10:49:25,0.3,0.3,205320,0.35,143480,391760,1588840
FINNIFTY02JAN2420600PE.NFO,02/01/2024,10:49:35,0.25,0.25,535480,0.3,324120,285960,1588840
FINNIFTY02JAN2420600PE.NFO,02/01/2024,10:49:45,0.25,0.25,2004640,0.3,323600,3360,1588840
FINNIFTY02JAN2420600PE.NFO,02/01/2024,10:49:55,0.25,0.25,2372640,0.3,323600,0,1588840
FINNIFTY02JAN2420600PE.NFO,02/01/2024,10:50:05,0.3,0.25,2372680,0.3,298160,1160,1588840
FINNIFTY02JAN2420600PE.NFO,02/01/2024,10:50:16,0.3,0.25,2372720,0.3,346760,120,1588840
FINNIFTY02JAN2420600PE.NFO,02/01/2024,10:50:27,0.3,0.25,2372720,0.3,346760,0,1588840
FINNIFTY02JAN2420600PE.NFO,02/01/2024,10:51:08,0.3,0.25,2372720,0.3,346960,0,1588840
FINNIFTY02JAN2420600PE.NFO,02/01/2024,10:51:18,0.25,0.25,2371680,0.3,346960,1040,1556160
FINNIFTY02JAN2420600PE.NFO,02/01/2024,10:51:27,0.25,0.25,2371440,0.3,346960,240,1556160
FINNIFTY02JAN2420600PE.NFO,02/01/2024,10:51:37,0.25,0.25,2370640,0.3,346960,800,1556160
FINNIFTY02JAN2420600PE.NFO,02/01/2024,10:51:47,0.25,0.25,2370640,0.3,346960,0,1556160
FINNIFTY02JAN2420600PE.NFO,02/01/2024,10:52:06,0.3,0.25,2370720,0.3,345760,2160,1556160
FINNIFTY02JAN2420600PE.NFO,02/01/2024,10:52:16,0.3,0.25,2370720,0.3,323880,4920,1556160
FINNIFTY02JAN2420600PE.NFO,02/01/2024,10:52:26,0.3,0.25,2370720,0.3,167080,160,1556160
FINNIFTY02JAN2420600PE.NFO,02/01/2024,10:52:36,0.3,0.25,2370680,0.3,184840,0,1556160
FINNIFTY02JAN2420600PE.NFO,02/01/2024,10:52:46,0.3,0.25,2370680,0.3,217200,40,1556160
FINNIFTY02JAN2420600PE.NFO,02/01/2024,10:52:55,0.25,0.25,2369880,0.3,217200,800,1556160
FINNIFTY02JAN2420600PE.NFO,02/01/2024,10:53:15,0.3,0.25,2379640,0.3,218200,590160,1556160
FINNIFTY02JAN2420600PE.NFO,02/01/2024,10:53:24,0.3,0.25,2379640,0.3,218200,0,1556160
FINNIFTY02JAN2420600PE.NFO,02/01/2024,10:53:53,0.3,0.25,2379640,0.3,219200,0,1556160
FINNIFTY02JAN2420600PE.NFO,02/01/2024,10:54:03,0.25,0.25,2378840,0.3,226400,800,1568240
FINNIFTY02JAN2420600PE.NFO,02/01/2024,10:54:22,0.3,0.25,2378840,0.3,240680,120,1568240
FINNIFTY02JAN2420600PE.NFO,02/01/2024,10:54:31,0.3,0.25,2378840,0.3,224840,0,1568240
FINNIFTY02JAN2420600PE.NFO,02/01/2024,10:54:50,0.3,0.25,2378840,0.3,224600,240,1568240
FINNIFTY02JAN2420600PE.NFO,02/01/2024,10:54:59,0.3,0.25,2360840,0.3,225560,0,1568240
FINNIFTY02JAN2420600PE.NFO,02/01/2024,10:55:08,0.3,0.25,2360520,0.3,220120,1720,1568240
FINNIFTY02JAN2420600PE.NFO,02/01/2024,10:55:18,0.3,0.25,2360520,0.3,238400,40,1568240
FINNIFTY02JAN2420600PE.NFO,02/01/2024,10:55:37,0.3,0.25,2360520,0.3,221360,480,1568240
FINNIFTY02JAN2420600PE.NFO,02/01/2024,10:55:46,0.3,0.25,2360600,0.3,220160,1680,1568240
FINNIFTY02JAN2420600PE.NFO,02/01/2024,10:55:55,0.3,0.25,2360600,0.3,240320,0,1568240
FINNIFTY02JAN2420600PE.NFO,02/01/2024,10:56:05,0.3,0.25,2360600,0.3,220040,120,1568240
FINNIFTY02JAN2420600PE.NFO,02/01/2024,10:56:23,0.25,0.25,2360200,0.3,240200,400,1568240
FINNIFTY02JAN2420600PE.NFO,02/01/2024,10:56:42,0.3,0.25,2360200,0.3,218840,1200,1568240
FINNIFTY02JAN2420600PE.NFO,02/01/2024,10:56:52,0.25,0.25,2354400,0.3,240320,4800,1568240
FINNIFTY02JAN2420600PE.NFO,02/01/2024,10:57:02,0.3,0.25,2355400,0.3,239480,1760,1568240
FINNIFTY02JAN2420600PE.NFO,02/01/2024,10:57:12,0.3,0.25,2359280,0.3,222240,14800,1568240
FINNIFTY02JAN2420600PE.NFO,02/01/2024,10:57:32,0.3,0.25,2359280,0.3,222240,0,1568240
FINNIFTY02JAN2420600PE.NFO,02/01/2024,10:57:42,0.3,0.25,2359280,0.3,243360,0,1568240
FINNIFTY02JAN2420600PE.NFO,02/01/2024,10:57:51,0.3,0.25,2359280,0.3,221200,1040,1568240
FINNIFTY02JAN2420600PE.NFO,02/01/2024,10:58:01,0.25,0.25,2349120,0.3,237880,3440,1568240
FINNIFTY02JAN2420600PE.NFO,02/01/2024,10:58:11,0.3,0.25,2349240,0.3,236520,1920,1568240
FINNIFTY02JAN2420600PE.NFO,02/01/2024,10:58:20,0.3,0.25,530840,0.3,240080,40,1568240
FINNIFTY02JAN2420600PE.NFO,02/01/2024,10:58:29,0.3,0.25,530840,0.3,240000,80,1568240
FINNIFTY02JAN2420600PE.NFO,02/01/2024,10:58:39,0.3,0.25,530840,0.3,249000,0,1568240
FINNIFTY02JAN2420600PE.NFO,02/01/2024,10:59:17,0.25,0.25,520560,0.3,249000,4800,1568240
FINNIFTY02JAN2420600PE.NFO,02/01/2024,10:59:37,0.3,0.25,526440,0.3,248840,160,1568240
FINNIFTY02JAN2420600PE.NFO,02/01/2024,10:59:57,0.3,0.25,526440,0.3,249680,0,1568240
FINNIFTY02JAN2420600PE.NFO,02/01/2024,11:00:07,0.3,0.25,526440,0.3,248880,800,1566960
FINNIFTY02JAN2420600PE.NFO,02/01/2024,11:00:16,0.3,0.25,525960,0.3,249920,80,1566960
FINNIFTY02JAN2420600PE.NFO,02/01/2024,11:00:26,0.3,0.25,525960,0.3,250040,0,1566960
FINNIFTY02JAN2420600PE.NFO,02/01/2024,11:00:36,0.3,0.25,531760,0.3,204800,68800,1566960
FINNIFTY02JAN2420600PE.NFO,02/01/2024,11:00:45,0.3,0.25,534800,0.3,185720,31600,1566960
FINNIFTY02JAN2420600PE.NFO,02/01/2024,11:00:55,0.25,0.25,529920,0.3,196440,80,1566960
FINNIFTY02JAN2420600PE.NFO,02/01/2024,11:01:04,0.3,0.25,530640,0.3,189360,6800,1566960
FINNIFTY02JAN2420600PE.NFO,02/01/2024,11:01:14,0.3,0.25,530600,0.3,184600,560,1566960
FINNIFTY02JAN2420600PE.NFO,02/01/2024,11:01:23,0.3,0.25,530480,0.3,184400,200,1566960
FINNIFTY02JAN2420600PE.NFO,02/01/2024,11:01:33,0.3,0.25,530440,0.3,184320,80,1566960
FINNIFTY02JAN2420600PE.NFO,02/01/2024,11:02:11,0.3,0.3,404160,0.35,53720,132040,1566960
FINNIFTY02JAN2420600PE.NFO,02/01/2024,11:02:21,0.3,0.25,524000,0.3,275160,468840,1566960
FINNIFTY02JAN2420600PE.NFO,02/01/2024,11:02:31,0.3,0.25,523760,0.3,274840,0,1566960
FINNIFTY02JAN2420600PE.NFO,02/01/2024,11:02:40,0.3,0.25,526440,0.3,279680,8000,1566960
FINNIFTY02JAN2420600PE.NFO,02/01/2024,11:02:49,0.3,0.25,1380440,0.3,280160,600,1467040
FINNIFTY02JAN2420600PE.NFO,02/01/2024,11:02:59,0.3,0.25,1488440,0.3,280160,0,1467040
FINNIFTY02JAN2420600PE.NFO,02/01/2024,11:03:08,0.3,0.25,1488600,0.3,282840,1120,1467040
FINNIFTY02JAN2420600PE.NFO,02/01/2024,11:03:17,0.3,0.25,1326600,0.3,286360,0,1467040
FINNIFTY02JAN2420600PE.NFO,02/01/2024,11:03:27,0.3,0.25,1326600,0.3,284560,0,1467040
FINNIFTY02JAN2420600PE.NFO,02/01/2024,11:03:36,0.3,0.25,1327320,0.3,282760,1800,1467040
FINNIFTY02JAN2420600PE.NFO,02/01/2024,11:04:03,0.3,0.25,1336120,0.3,273600,15720,1467040
FINNIFTY02JAN2420600PE.NFO,02/01/2024,11:04:13,0.3,0.25,1336120,0.3,273120,480,1467040
FINNIFTY02JAN2420600PE.NFO,02/01/2024,11:04:22,0.3,0.25,1336120,0.3,280320,0,1467040
FINNIFTY02JAN2420600PE.NFO,02/01/2024,11:04:41,0.3,0.25,1336120,0.3,280240,80,1467040
FINNIFTY02JAN2420600PE.NFO,02/01/2024,11:05:08,0.3,0.25,1336120,0.3,279560,920,1467040
FINNIFTY02JAN2420600PE.NFO,02/01/2024,11:05:17,0.3,0.25,1339720,0.3,279560,0,1467040
FINNIFTY02JAN2420600PE.NFO,02/01/2024,11:05:27,0.3,0.25,1339720,0.3,277760,1800,1467040
FINNIFTY02JAN2420600PE.NFO,02/01/2024,11:05:36,0.25,0.25,1339120,0.3,278720,1800,1467040
FINNIFTY02JAN2420600PE.NFO,02/01/2024,11:06:24,0.3,0.25,1340920,0.3,280320,200,1467040
FINNIFTY02JAN2420600PE.NFO,02/01/2024,11:06:33,0.3,0.25,1340920,0.3,280440,0,1467040
FINNIFTY02JAN2420600PE.NFO,02/01/2024,11:06:43,0.3,0.25,1340760,0.3,279480,2560,1467040
FINNIFTY02JAN2420600PE.NFO,02/01/2024,11:06:52,0.3,0.25,1361640,0.3,155760,114480,1467040
FINNIFTY02JAN2420600PE.NFO,02/01/2024,11:07:02,0.3,0.25,1361480,0.3,151800,18800,1467040
FINNIFTY02JAN2420600PE.NFO,02/01/2024,11:07:11,0.3,0.25,1318800,0.3,369080,268120,1467040
FINNIFTY02JAN2420600PE.NFO,02/01/2024,11:07:21,0.3,0.25,1323400,0.3,347520,37320,1467040
FINNIFTY02JAN2420600PE.NFO,02/01/2024,11:07:30,0.3,0.25,1323560,0.3,354400,14720,1467040
FINNIFTY02JAN2420600PE.NFO,02/01/2024,11:07:39,0.3,0.25,1326440,0.3,323560,35800,1467040
FINNIFTY02JAN2420600PE.NFO,02/01/2024,11:07:48,0.3,0.25,1330360,0.3,301360,27000,1467040
FINNIFTY02JAN2420600PE.NFO,02/01/2024,11:07:58,0.3,0.25,1330760,0.3,269000,32800,1467040
FINNIFTY02JAN2420600PE.NFO,02/01/2024,11:08:07,0.3,0.25,1330760,0.3,254800,12000,1467040
FINNIFTY02JAN2420600PE.NFO,02/01/2024,11:08:16,0.3,0.25,1330760,0.3,232600,22200,1467040
FINNIFTY02JAN2420600PE.NFO,02/01/2024,11:08:25,0.3,0.25,1330760,0.3,210800,21800,1467040
FINNIFTY02JAN2420600PE.NFO,02/01/2024,11:08:34,0.3,0.25,1330760,0.3,393720,2000,1467040
FINNIFTY02JAN2420600PE.NFO,02/01/2024,11:08:53,0.3,0.25,1330760,0.3,389160,0,1467040
FINNIFTY02JAN2420600PE.NFO,02/01/2024,11:09:03,0.25,0.25,1330720,0.3,394320,40,1513160
FINNIFTY02JAN2420600PE.NFO,02/01/2024,11:09:21,0.3,0.25,1330720,0.3,387240,600,1513160
FINNIFTY02JAN2420600PE.NFO,02/01/2024,11:09:30,0.3,0.25,1330720,0.3,392600,1120,1513160
FINNIFTY02JAN2420600PE.NFO,02/01/2024,11:09:40,0.3,0.25,1330720,0.3,374840,7800,1513160
FINNIFTY02JAN2420600PE.NFO,02/01/2024,11:09:49,0.35,0.3,126800,0.35,182120,341720,1513160
FINNIFTY02JAN2420600PE.NFO,02/01/2024,11:09:59,0.35,0.3,153800,0.35,133840,27400,1513160
FINNIFTY02JAN2420600PE.NFO,02/01/2024,11:10:08,0.35,0.3,188040,0.35,107960,27360,1513160
FINNIFTY02JAN2420600PE.NFO,02/01/2024,11:10:17,0.3,0.3,180000,0.35,124760,1800,1513160
FINNIFTY02JAN2420600PE.NFO,02/01/2024,11:10:26,0.35,0.3,175840,0.35,122680,960,1513160
FINNIFTY02JAN2420600PE.NFO,02/01/2024,11:10:36,0.35,0.3,195640,0.35,125880,400,1513160
FINNIFTY02JAN2420600PE.NFO,02/01/2024,11:10:54,0.35,0.3,201040,0.35,100240,22040,1513160
FINNIFTY02JAN2420600PE.NFO,02/01/2024,11:11:03,0.3,0.3,212520,0.35,98000,21160,1513160
FINNIFTY02JAN2420600PE.NFO,02/01/2024,11:11:12,0.35,0.3,215120,0.35,96200,1960,1513160
FINNIFTY02JAN2420600PE.NFO,02/01/2024,11:11:21,0.35,0.35,89240,0.4,70960,40400,1513160
FINNIFTY02JAN2420600PE.NFO,02/01/2024,11:11:31,0.4,0.35,124240,0.4,96400,1000,1513160
FINNIFTY02JAN2420600PE.NFO,02/01/2024,11:11:40,0.35,0.35,125120,0.4,98960,4120,1513160
FINNIFTY02JAN2420600PE.NFO,02/01/2024,11:11:48,0.35,0.35,124800,0.4,99960,520,1518800
FINNIFTY02JAN2420600PE.NFO,02/01/2024,11:11:57,0.4,0.35,133120,0.4,80680,21120,1518800
FINNIFTY02JAN2420600PE.NFO,02/01/2024,11:12:07,0.4,0.35,131120,0.4,88800,23960,1518800
FINNIFTY02JAN2420600PE.NFO,02/01/2024,11:12:16,0.4,0.35,116720,0.4,89640,120,1518800
FINNIFTY02JAN2420600PE.NFO,02/01/2024,11:12:25,0.4,0.35,126360,0.4,92080,2840,1518800
FINNIFTY02JAN2420600PE.NFO,02/01/2024,11:12:34,0.4,0.35,126360,0.4,96080,0,1518800
FINNIFTY02JAN2420600PE.NFO,02/01/2024,11:12:43,0.35,0.35,133640,0.4,94080,880,1518800
FINNIFTY02JAN2420600PE.NFO,02/01/2024,11:12:52,0.35,0.35,131360,0.4,100760,1200,1518800
FINNIFTY02JAN2420600PE.NFO,02/01/2024,11:13:01,0.4,0.35,165720,0.4,86720,50920,1518800
FINNIFTY02JAN2420600PE.NFO,02/01/2024,11:13:11,0.4,0.35,53360,0.4,157200,241520,1518800
FINNIFTY02JAN2420600PE.NFO,02/01/2024,11:13:20,0.4,0.35,140000,0.4,181680,33840,1518800
FINNIFTY02JAN2420600PE.NFO,02/01/2024,11:13:30,0.4,0.35,146960,0.4,148000,41720,1518800
FINNIFTY02JAN2420600PE.NFO,02/01/2024,11:13:41,0.4,0.4,540280,0.45,201600,120720,1518800
FINNIFTY02JAN2420600PE.NFO,02/01/2024,11:13:51,0.4,0.35,192400,0.4,147200,157720,1518800
FINNIFTY02JAN2420600PE.NFO,02/01/2024,11:14:01,0.4,0.35,194840,0.4,153360,13360,1518800
FINNIFTY02JAN2420600PE.NFO,02/01/2024,11:14:10,0.4,0.35,176760,0.4,152920,7160,1518800
FINNIFTY02JAN2420600PE.NFO,02/01/2024,11:14:20,0.4,0.35,194880,0.4,151600,1800,1518800
FINNIFTY02JAN2420600PE.NFO,02/01/2024,11:14:29,0.35,0.35,173880,0.4,185880,25720,1518800
FINNIFTY02JAN2420600PE.NFO,02/01/2024,11:14:38,0.35,0.35,174000,0.4,189480,0,1518800
FINNIFTY02JAN2420600PE.NFO,02/01/2024,11:14:47,0.4,0.35,225680,0.4,189160,320,1512280
FINNIFTY02JAN2420600PE.NFO,02/01/2024,11:14:57,0.4,0.35,223880,0.4,189840,80,1512280
FINNIFTY02JAN2420600PE.NFO,02/01/2024,11:15:07,0.4,0.35,235080,0.4,94480,98320,1512280
FINNIFTY02JAN2420600PE.NFO,02/01/2024,11:15:17,0.45,0.4,230240,0.45,162320,36880,1512280
FINNIFTY02JAN2420600PE.NFO,02/01/2024,11:15:27,0.45,0.4,229600,0.45,156000,7960,1512280
FINNIFTY02JAN2420600PE.NFO,02/01/2024,11:15:37,0.45,0.45,272600,0.5,161960,63280,1512280
FINNIFTY02JAN2420600PE.NFO,02/01/2024,11:15:48,0.5,0.5,294960,0.55,101480,111760,1512280
FINNIFTY02JAN2420600PE.NFO,02/01/2024,11:15:48,0.55,0.5,294960,0.55,101480,0,1512280
FINNIFTY02JAN2420600PE.NFO,02/01/2024,11:15:58,0.5,0.5,301960,0.55,141240,1120,1512280
FINNIFTY02JAN2420600PE.NFO,02/01/2024,11:16:08,0.5,0.5,417040,0.55,109760,186480,1512280
FINNIFTY02JAN2420600PE.NFO,02/01/2024,11:16:18,0.5,0.5,417840,0.55,111320,1680,1512280
FINNIFTY02JAN2420600PE.NFO,02/01/2024,11:16:28,0.55,0.5,98520,0.55,100360,52360,1512280
FINNIFTY02JAN2420600PE.NFO,02/01/2024,11:16:37,0.5,0.45,87760,0.5,94760,53320,1512280
FINNIFTY02JAN2420600PE.NFO,02/01/2024,11:16:46,0.45,0.45,86720,0.5,102200,480,1512280
FINNIFTY02JAN2420600PE.NFO,02/01/2024,11:16:56,0.5,0.5,103840,0.55,78760,127920,1512280
FINNIFTY02JAN2420600PE.NFO,02/01/2024,11:17:05,0.5,0.5,101840,0.55,86160,1200,1512280
FINNIFTY02JAN2420600PE.NFO,02/01/2024,11:17:15,0.5,0.5,88040,0.55,84640,20160,1512280
FINNIFTY02JAN2420600PE.NFO,02/01/2024,11:17:24,0.5,0.45,123400,0.5,150800,54720,1512280
FINNIFTY02JAN2420600PE.NFO,02/01/2024,11:17:34,0.5,0.45,85600,0.5,152240,120,1512280
FINNIFTY02JAN2420600PE.NFO,02/01/2024,11:17:43,0.5,0.45,85600,0.5,155680,160,1512280
FINNIFTY02JAN2420600PE.NFO,02/01/2024,11:17:53,0.45,0.4,144280,0.45,134920,30880,1592000
FINNIFTY02JAN2420600PE.NFO,02/01/2024,11:18:02,0.45,0.4,144840,0.45,144920,2800,1592000
FINNIFTY02JAN2420600PE.NFO,02/01/2024,11:18:11,0.45,0.4,145520,0.45,140320,5720,1592000
FINNIFTY02JAN2420600PE.NFO,02/01/2024,11:18:21,0.45,0.4,135520,0.45,140400,4960,1592000
FINNIFTY02JAN2420600PE.NFO,02/01/2024,11:18:30,0.45,0.4,134840,0.45,132240,10640,1592000
FINNIFTY02JAN2420600PE.NFO,02/01/2024,11:18:40,0.4,0.4,136760,0.45,131200,5040,1592000
FINNIFTY02JAN2420600PE.NFO,02/01/2024,11:18:49,0.4,0.4,137200,0.45,135280,160,1592000
FINNIFTY02JAN2420600PE.NFO,02/01/2024,11:18:58,0.45,0.4,137280,0.45,138400,240,1592000
FINNIFTY02JAN2420600PE.NFO,02/01/2024,11:19:07,0.45,0.4,137280,0.45,134720,5280,1592000
FINNIFTY02JAN2420600PE.NFO,02/01/2024,11:19:16,0.45,0.4,137360,0.45,135800,3720,1592000
FINNIFTY02JAN2420600PE.NFO,02/01/2024,11:19:25,0.45,0.4,137360,0.45,136120,0,1592000
FINNIFTY02JAN2420600PE.NFO,02/01/2024,11:19:34,0.4,0.4,136240,0.45,136120,800,1592000
FINNIFTY02JAN2420600PE.NFO,02/01/2024,11:19:43,0.4,0.4,136240,0.45,136120,0,1592000
FINNIFTY02JAN2420600PE.NFO,02/01/2024,11:19:52,0.5,0.5,231840,0.55,45480,191840,1592000
FINNIFTY02JAN2420600PE.NFO,02/01/2024,11:20:01,0.45,0.45,112320,0.5,120560,99880,1592000
FINNIFTY02JAN2420600PE.NFO,02/01/2024,11:20:10,0.45,0.45,312280,0.5,129960,9400,1592000
FINNIFTY02JAN2420600PE.NFO,02/01/2024,11:20:19,0.45,0.45,318840,0.5,109000,13560,1592000
FINNIFTY02JAN2420600PE.NFO,02/01/2024,11:20:28,0.45,0.45,313720,0.5,108840,4960,1592000
FINNIFTY02JAN2420600PE.NFO,02/01/2024,11:20:38,0.45,0.45,312520,0.5,109400,1520,1592000
FINNIFTY02JAN2420600PE.NFO,02/01/2024,11:20:47,0.45,0.45,304840,0.5,109680,7600,1601920
FINNIFTY02JAN2420600PE.NFO,02/01/2024,11:20:56,0.45,0.45,302400,0.5,109680,2400,1601920
FINNIFTY02JAN2420600PE.NFO,02/01/2024,11:21:05,0.5,0.45,97080,0.5,109040,5040,1601920
FINNIFTY02JAN2420600PE.NFO,02/01/2024,11:21:15,0.5,0.45,95000,0.5,117840,520,1601920
FINNIFTY02JAN2420600PE.NFO,02/01/2024,11:21:24,0.5,0.45,91600,0.5,96840,9960,1601920
FINNIFTY02JAN2420600PE.NFO,02/01/2024,11:21:34,0.5,0.45,96040,0.5,105920,6920,1601920
FINNIFTY02JAN2420600PE.NFO,02/01/2024,11:21:43,0.5,0.45,102200,0.5,100400,10640,1601920
FINNIFTY02JAN2420600PE.NFO,02/01/2024,11:21:52,0.45,0.45,139560,0.5,113040,5880,1601920
FINNIFTY02JAN2420600PE.NFO,02/01/2024,11:22:02,0.5,0.45,136720,0.5,108960,1640,1601920
FINNIFTY02JAN2420600PE.NFO,02/01/2024,11:22:11,0.45,0.45,95080,0.5,120120,4760,1601920
FINNIFTY02JAN2420600PE.NFO,02/01/2024,11:22:21,0.45,0.45,86320,0.5,120200,520,1601920
FINNIFTY02JAN2420600PE.NFO,02/01/2024,11:22:30,0.45,0.45,60720,0.5,97840,63640,1601920
FINNIFTY02JAN2420600PE.NFO,02/01/2024,11:22:40,0.45,0.45,55640,0.5,94640,360,1601920
FINNIFTY02JAN2420600PE.NFO,02/01/2024,11:22:50,0.45,0.4,172040,0.45,109280,57520,1601920
FINNIFTY02JAN2420600PE.NFO,02/01/2024,11:23:00,0.4,0.4,167440,0.45,122280,5600,1601920
FINNIFTY02JAN2420600PE.NFO,02/01/2024,11:23:09,0.45,0.4,173000,0.45,108720,24440,1601920
FINNIFTY02JAN2420600PE.NFO,02/01/2024,11:23:18,0.45,0.4,167000,0.45,104800,16560,1601920
FINNIFTY02JAN2420600PE.NFO,02/01/2024,11:23:27,0.45,0.4,166960,0.45,103800,2040,1601920
FINNIFTY02JAN2420600PE.NFO,02/01/2024,11:23:36,0.45,0.4,166720,0.45,75720,21920,1601920
FINNIFTY02JAN2420600PE.NFO,02/01/2024,11:23:46,0.4,0.4,166400,0.45,89400,400,1601920
FINNIFTY02JAN2420600PE.NFO,02/01/2024,11:23:54,0.4,0.4,164960,0.45,89400,960,1673920
FINNIFTY02JAN2420600PE.NFO,02/01/2024,11:24:04,0.4,0.4,163960,0.45,89400,120,1673920
FINNIFTY02JAN2420600PE.NFO,02/01/2024,11:24:13,0.4,0.4,164440,0.45,90280,0,1673920
FINNIFTY02JAN2420600PE.NFO,02/01/2024,11:24:31,0.45,0.4,164040,0.45,89320,1280,1673920
FINNIFTY02JAN2420600PE.NFO,02/01/2024,11:24:40,0.45,0.4,163720,0.45,91120,0,1673920
FINNIFTY02JAN2420600PE.NFO,02/01/2024,11:24:49,0.45,0.45,38440,0.5,82840,69520,1673920
FINNIFTY02JAN2420600PE.NFO,02/01/2024,11:24:58,0.45,0.45,41840,0.5,83200,2000,1673920
FINNIFTY02JAN2420600PE.NFO,02/01/2024,11:25:08,0.5,0.45,42600,0.5,80840,2040,1673920
FINNIFTY02JAN2420600PE.NFO,02/01/2024,11:25:17,0.45,0.4,158520,0.45,88800,62880,1673920
FINNIFTY02JAN2420600PE.NFO,02/01/2024,11:25:26,0.4,0.4,156480,0.45,87600,16280,1673920
FINNIFTY02JAN2420600PE.NFO,02/01/2024,11:25:36,0.4,0.4,150360,0.45,86520,7800,1673920
FINNIFTY02JAN2420600PE.NFO,02/01/2024,11:25:45,0.45,0.4,148680,0.45,88160,1920,1673920
FINNIFTY02JAN2420600PE.NFO,02/01/2024,11:25:54,0.45,0.4,148680,0.45,88960,200,1673920
FINNIFTY02JAN2420600PE.NFO,02/01/2024,11:26:04,0.45,0.4,149680,0.45,92160,720,1673920
FINNIFTY02JAN2420600PE.NFO,02/01/2024,11:26:13,0.4,0.4,147720,0.45,92160,560,1673920
FINNIFTY02JAN2420600PE.NFO,02/01/2024,11:26:22,0.4,0.4,98320,0.45,92160,280,1673920
FINNIFTY02JAN2420600PE.NFO,02/01/2024,11:26:31,0.4,0.4,98720,0.45,92360,240,1673920
FINNIFTY02JAN2420600PE.NFO,02/01/2024,11:26:41,0.4,0.4,99440,0.45,92360,160,1673920
FINNIFTY02JAN2420600PE.NFO,02/01/2024,11:26:50,0.4,0.4,98560,0.45,92360,0,1673920
FINNIFTY02JAN2420600PE.NFO,02/01/2024,11:27:09,0.4,0.4,96080,0.45,95640,1880,1669040
FINNIFTY02JAN2420600PE.NFO,02/01/2024,11:27:27,0.4,0.4,96720,0.45,95600,0,1669040
FINNIFTY02JAN2420600PE.NFO,02/01/2024,11:27:36,0.4,0.4,99560,0.45,95600,1000,1669040
FINNIFTY02JAN2420600PE.NFO,02/01/2024,11:27:45,0.4,0.4,99560,0.45,95640,0,1669040
FINNIFTY02JAN2420600PE.NFO,02/01/2024,11:27:55,0.4,0.4,96400,0.45,95840,1280,1669040
FINNIFTY02JAN2420600PE.NFO,02/01/2024,11:28:04,0.4,0.4,86800,0.45,95880,10040,1669040
FINNIFTY02JAN2420600PE.NFO,02/01/2024,11:28:13,0.4,0.4,78080,0.45,96600,6920,1669040
FINNIFTY02JAN2420600PE.NFO,02/01/2024,11:28:22,0.4,0.4,54400,0.45,96600,4400,1669040
FINNIFTY02JAN2420600PE.NFO,02/01/2024,11:28:31,0.4,0.4,70880,0.45,100960,40560,1669040
FINNIFTY02JAN2420600PE.NFO,02/01/2024,11:28:41,0.4,0.4,69280,0.45,101080,440,1669040
FINNIFTY02JAN2420600PE.NFO,02/01/2024,11:28:49,0.4,0.4,66320,0.45,101080,3000,1669040
FINNIFTY02JAN2420600PE.NFO,02/01/2024,11:28:58,0.4,0.4,66560,0.45,101040,200,1669040
FINNIFTY02JAN2420600PE.NFO,02/01/2024,11:29:07,0.4,0.4,69120,0.45,100000,3800,1669040
FINNIFTY02JAN2420600PE.NFO,02/01/2024,11:29:17,0.45,0.4,69960,0.45,100240,360,1669040
FINNIFTY02JAN2420600PE.NFO,02/01/2024,11:29:26,0.45,0.4,50960,0.45,100000,30320,1669040
FINNIFTY02JAN2420600PE.NFO,02/01/2024,11:29:35,0.45,0.4,51200,0.45,100320,1200,1669040
FINNIFTY02JAN2420600PE.NFO,02/01/2024,11:29:44,0.4,0.4,50400,0.45,100320,160,1669040
FINNIFTY02JAN2420600PE.NFO,02/01/2024,11:29:53,0.4,0.4,50240,0.45,100320,160,1666520
FINNIFTY02JAN2420600PE.NFO,02/01/2024,11:30:02,0.4,0.4,51800,0.45,101120,840,1666520
FINNIFTY02JAN2420600PE.NFO,02/01/2024,11:30:12,0.4,0.4,52240,0.45,101120,40,1666520
FINNIFTY02JAN2420600PE.NFO,02/01/2024,11:30:20,0.4,0.4,45520,0.45,101120,6560,1666520
FINNIFTY02JAN2420600PE.NFO,02/01/2024,11:30:29,0.4,0.4,45560,0.45,101280,200,1666520
FINNIFTY02JAN2420600PE.NFO,02/01/2024,11:30:38,0.4,0.4,45400,0.45,101280,160,1666520
FINNIFTY02JAN2420600PE.NFO,02/01/2024,11:30:47,0.4,0.4,36200,0.45,201440,0,1666520
FINNIFTY02JAN2420600PE.NFO,02/01/2024,11:31:05,0.4,0.35,147080,0.4,86440,14640,1666520
FINNIFTY02JAN2420600PE.NFO,02/01/2024,11:31:14,0.4,0.35,143480,0.4,87960,2640,1666520
FINNIFTY02JAN2420600PE.NFO,02/01/2024,11:31:32,0.4,0.35,143480,0.4,88760,0,1666520
FINNIFTY02JAN2420600PE.NFO,02/01/2024,11:31:41,0.4,0.35,142760,0.4,89840,0,1666520
FINNIFTY02JAN2420600PE.NFO,02/01/2024,11:31:59,0.35,0.35,141920,0.4,89840,360,1666520
FINNIFTY02JAN2420600PE.NFO,02/01/2024,11:32:09,0.4,0.35,142280,0.4,90880,1120,1666520
FINNIFTY02JAN2420600PE.NFO,02/01/2024,11:32:18,0.4,0.35,142240,0.4,90760,120,1666520
FINNIFTY02JAN2420600PE.NFO,02/01/2024,11:32:45,0.4,0.35,124240,0.4,90760,0,1666520
FINNIFTY02JAN2420600PE.NFO,02/01/2024,11:32:54,0.4,0.35,124240,0.4,93160,0,1666520
FINNIFTY02JAN2420600PE.NFO,02/01/2024,11:33:03,0.4,0.35,124240,0.4,91360,0,1666520
FINNIFTY02JAN2420600PE.NFO,02/01/2024,11:33:12,0.35,0.35,123600,0.4,91360,600,1673880
FINNIFTY02JAN2420600PE.NFO,02/01/2024,11:33:20,0.35,0.35,120480,0.4,88840,2640,1673880
FINNIFTY02JAN2420600PE.NFO,02/01/2024,11:33:30,0.35,0.35,120440,0.4,88840,40,1673880
FINNIFTY02JAN2420600PE.NFO,02/01/2024,11:33:39,0.35,0.35,120200,0.4,91560,600,1673880
FINNIFTY02JAN2420600PE.NFO,02/01/2024,11:33:47,0.35,0.35,120200,0.4,91560,0,1673880
FINNIFTY02JAN2420600PE.NFO,02/01/2024,11:34:05,0.4,0.35,119200,0.4,90600,2760,1673880
FINNIFTY02JAN2420600PE.NFO,02/01/2024,11:34:14,0.4,0.35,119280,0.4,115480,320,1673880
FINNIFTY02JAN2420600PE.NFO,02/01/2024,11:34:23,0.4,0.35,119000,0.4,128400,40,1673880
FINNIFTY02JAN2420600PE.NFO,02/01/2024,11:34:32,0.35,0.35,117320,0.4,138400,2120,1673880
FINNIFTY02JAN2420600PE.NFO,02/01/2024,11:34:42,0.3,0.3,248520,0.35,84200,32960,1673880
FINNIFTY02JAN2420600PE.NFO,02/01/2024,11:34:51,0.35,0.3,278280,0.35,88600,9760,1673880
FINNIFTY02JAN2420600PE.NFO,02/01/2024,11:34:59,0.35,0.3,303440,0.35,104480,1120,1673880
FINNIFTY02JAN2420600PE.NFO,02/01/2024,11:35:08,0.35,0.3,303440,0.35,104480,0,1673880
FINNIFTY02JAN2420600PE.NFO,02/01/2024,11:35:27,0.35,0.3,307040,0.35,107160,0,1673880
FINNIFTY02JAN2420600PE.NFO,02/01/2024,11:35:36,0.35,0.3,307040,0.35,106280,0,1673880
FINNIFTY02JAN2420600PE.NFO,02/01/2024,11:35:45,0.35,0.3,298080,0.35,113520,15120,1673880
FINNIFTY02JAN2420600PE.NFO,02/01/2024,11:35:54,0.35,0.3,246360,0.35,113040,5600,1670440
FINNIFTY02JAN2420600PE.NFO,02/01/2024,11:36:02,0.35,0.3,246520,0.35,113040,0,1670440
FINNIFTY02JAN2420600PE.NFO,02/01/2024,11:36:21,0.35,0.3,246520,0.35,113560,840,1670440
FINNIFTY02JAN2420600PE.NFO,02/01/2024,11:36:30,0.35,0.3,245640,0.35,114760,0,1670440
FINNIFTY02JAN2420600PE.NFO,02/01/2024,11:36:39,0.35,0.3,246520,0.35,113440,120,1670440
FINNIFTY02JAN2420600PE.NFO,02/01/2024,11:36:59,0.35,0.3,246680,0.35,113600,480,1670440
FINNIFTY02JAN2420600PE.NFO,02/01/2024,11:37:08,0.35,0.3,245000,0.35,112640,960,1670440
FINNIFTY02JAN2420600PE.NFO,02/01/2024,11:37:27,0.35,0.3,245000,0.35,112960,0,1670440
FINNIFTY02JAN2420600PE.NFO,02/01/2024,11:37:46,0.35,0.3,245000,0.35,112320,960,1670440
FINNIFTY02JAN2420600PE.NFO,02/01/2024,11:37:55,0.35,0.3,245520,0.35,113840,0,1670440
FINNIFTY02JAN2420600PE.NFO,02/01/2024,11:38:04,0.35,0.3,236520,0.35,113840,0,1670440
FINNIFTY02JAN2420600PE.NFO,02/01/2024,11:38:14,0.35,0.3,236600,0.35,113680,480,1670440
FINNIFTY02JAN2420600PE.NFO,02/01/2024,11:38:24,0.35,0.3,260000,0.35,114160,0,1670440
FINNIFTY02JAN2420600PE.NFO,02/01/2024,11:38:33,0.35,0.3,240480,0.35,102640,0,1670440
FINNIFTY02JAN2420600PE.NFO,02/01/2024,11:38:43,0.35,0.3,249480,0.35,102640,0,1670440
FINNIFTY02JAN2420600PE.NFO,02/01/2024,11:38:53,0.35,0.3,240480,0.35,102560,80,1669600
FINNIFTY02JAN2420600PE.NFO,02/01/2024,11:39:02,0.35,0.3,240480,0.35,102840,200,1669600
FINNIFTY02JAN2420600PE.NFO,02/01/2024,11:39:12,0.35,0.3,226320,0.35,103440,1560,1669600
FINNIFTY02JAN2420600PE.NFO,02/01/2024,11:39:49,0.35,0.3,226320,0.35,103200,240,1669600
FINNIFTY02JAN2420600PE.NFO,02/01/2024,11:39:58,0.3,0.3,221000,0.35,103200,600,1669600
FINNIFTY02JAN2420600PE.NFO,02/01/2024,11:40:07,0.3,0.3,223680,0.35,102920,400,1669600
FINNIFTY02JAN2420600PE.NFO,02/01/2024,11:40:16,0.35,0.3,224080,0.35,104080,960,1669600
FINNIFTY02JAN2420600PE.NFO,02/01/2024,11:40:25,0.35,0.3,224080,0.35,104320,80,1669600
FINNIFTY02JAN2420600PE.NFO,02/01/2024,11:40:33,0.35,0.3,224120,0.35,104280,40,1669600
FINNIFTY02JAN2420600PE.NFO,02/01/2024,11:40:42,0.35,0.3,228840,0.35,104280,0,1669600
FINNIFTY02JAN2420600PE.NFO,02/01/2024,11:41:00,0.3,0.3,190000,0.35,104280,24640,1669600
FINNIFTY02JAN2420600PE.NFO,02/01/2024,11:41:10,0.35,0.3,187640,0.35,106160,1440,1669600
FINNIFTY02JAN2420600PE.NFO,02/01/2024,11:41:19,0.35,0.3,101160,0.35,106040,120,1669600
FINNIFTY02JAN2420600PE.NFO,02/01/2024,11:41:29,0.35,0.3,20480,0.35,95920,58920,1669600
FINNIFTY02JAN2420600PE.NFO,02/01/2024,11:41:39,0.35,0.3,40200,0.35,98400,20720,1669600
FINNIFTY02JAN2420600PE.NFO,02/01/2024,11:41:49,0.3,0.3,89920,0.35,113360,480,1670640
FINNIFTY02JAN2420600PE.NFO,02/01/2024,11:41:59,0.3,0.3,164640,0.35,119240,31520,1670640
FINNIFTY02JAN2420600PE.NFO,02/01/2024,11:42:09,0.35,0.3,169960,0.35,119920,240,1670640
FINNIFTY02JAN2420600PE.NFO,02/01/2024,11:42:19,0.35,0.3,188760,0.35,120520,0,1670640
FINNIFTY02JAN2420600PE.NFO,02/01/2024,11:42:29,0.35,0.3,213160,0.35,120720,50000,1670640
FINNIFTY02JAN2420600PE.NFO,02/01/2024,11:42:38,0.35,0.3,215560,0.35,124480,7200,1670640
FINNIFTY02JAN2420600PE.NFO,02/01/2024,11:42:47,0.35,0.35,53800,0.4,144880,86760,1670640
FINNIFTY02JAN2420600PE.NFO,02/01/2024,11:42:56,0.35,0.35,51840,0.4,175440,120,1670640
FINNIFTY02JAN2420600PE.NFO,02/01/2024,11:43:06,0.35,0.35,51640,0.4,168240,200,1670640
FINNIFTY02JAN2420600PE.NFO,02/01/2024,11:43:25,0.35,0.35,36320,0.4,173120,11160,1670640
FINNIFTY02JAN2420600PE.NFO,02/01/2024,11:43:34,0.4,0.35,56080,0.4,173640,16120,1670640
FINNIFTY02JAN2420600PE.NFO,02/01/2024,11:43:43,0.35,0.35,42040,0.4,173640,1080,1670640
FINNIFTY02JAN2420600PE.NFO,02/01/2024,11:43:53,0.35,0.35,39840,0.4,173440,2520,1670640
FINNIFTY02JAN2420600PE.NFO,02/01/2024,11:44:03,0.35,0.3,247040,0.35,124160,65520,1670640
FINNIFTY02JAN2420600PE.NFO,02/01/2024,11:44:12,0.35,0.3,253920,0.35,117880,36200,1670640
FINNIFTY02JAN2420600PE.NFO,02/01/2024,11:44:21,0.35,0.3,257480,0.35,117880,0,1670640
FINNIFTY02JAN2420600PE.NFO,02/01/2024,11:44:31,0.35,0.3,271880,0.35,119680,0,1670640
FINNIFTY02JAN2420600PE.NFO,02/01/2024,11:44:40,0.35,0.3,270400,0.35,90080,28840,1670640
FINNIFTY02JAN2420600PE.NFO,02/01/2024,11:44:49,0.35,0.35,65440,0.4,169160,60920,1670640
FINNIFTY02JAN2420600PE.NFO,02/01/2024,11:44:58,0.35,0.35,63240,0.4,169160,1840,1645320
FINNIFTY02JAN2420600PE.NFO,02/01/2024,11:45:07,0.4,0.35,63840,0.4,172800,160,1645320
FINNIFTY02JAN2420600PE.NFO,02/01/2024,11:45:16,0.35,0.35,63200,0.4,172120,320,1645320
FINNIFTY02JAN2420600PE.NFO,02/01/2024,11:45:25,0.35,0.35,63480,0.4,172120,40,1645320
FINNIFTY02JAN2420600PE.NFO,02/01/2024,11:45:36,0.35,0.35,56240,0.4,172160,6720,1645320
FINNIFTY02JAN2420600PE.NFO,02/01/2024,11:45:45,0.35,0.3,248720,0.35,96360,33240,1645320
FINNIFTY02JAN2420600PE.NFO,02/01/2024,11:45:54,0.3,0.3,243040,0.35,97320,5160,1645320
FINNIFTY02JAN2420600PE.NFO,02/01/2024,11:46:04,0.3,0.3,235920,0.35,104520,5440,1645320
FINNIFTY02JAN2420600PE.NFO,02/01/2024,11:46:13,0.3,0.3,234440,0.35,106520,2000,1645320
FINNIFTY02JAN2420600PE.NFO,02/01/2024,11:46:22,0.3,0.3,231680,0.35,108120,2480,1645320
FINNIFTY02JAN2420600PE.NFO,02/01/2024,11:46:32,0.3,0.3,231640,0.35,108120,280,1645320
FINNIFTY02JAN2420600PE.NFO,02/01/2024,11:46:41,0.3,0.3,231320,0.35,109920,200,1645320
FINNIFTY02JAN2420600PE.NFO,02/01/2024,11:46:50,0.3,0.3,230120,0.35,109720,1200,1645320
FINNIFTY02JAN2420600PE.NFO,02/01/2024,11:47:00,0.3,0.3,232080,0.35,109720,0,1645320
FINNIFTY02JAN2420600PE.NFO,02/01/2024,11:47:17,0.3,0.3,232040,0.35,109720,0,1645320
FINNIFTY02JAN2420600PE.NFO,02/01/2024,11:47:25,0.3,0.3,231920,0.35,109720,0,1645320
FINNIFTY02JAN2420600PE.NFO,02/01/2024,11:47:33,0.3,0.3,232120,0.35,109720,0,1645320
FINNIFTY02JAN2420600PE.NFO,02/01/2024,11:47:42,0.35,0.3,228840,0.35,115280,12720,1645320
FINNIFTY02JAN2420600PE.NFO,02/01/2024,11:47:50,0.35,0.3,228680,0.35,114880,80,1667760
FINNIFTY02JAN2420600PE.NFO,02/01/2024,11:47:59,0.35,0.3,229280,0.35,174080,1040,1667760
FINNIFTY02JAN2420600PE.NFO,02/01/2024,11:48:08,0.35,0.3,228640,0.35,174600,840,1667760
FINNIFTY02JAN2420600PE.NFO,02/01/2024,11:48:17,0.35,0.3,226840,0.35,172760,1840,1667760
FINNIFTY02JAN2420600PE.NFO,02/01/2024,11:48:35,0.35,0.3,228360,0.35,174520,0,1667760
FINNIFTY02JAN2420600PE.NFO,02/01/2024,11:48:44,0.35,0.3,226560,0.35,174520,0,1667760
FINNIFTY02JAN2420600PE.NFO,02/01/2024,11:49:01,0.35,0.3,225560,0.35,174520,0,1667760
FINNIFTY02JAN2420600PE.NFO,02/01/2024,11:49:09,0.35,0.3,228160,0.35,175400,4640,1667760
FINNIFTY02JAN2420600PE.NFO,02/01/2024,11:49:18,0.35,0.3,228160,0.35,175520,840,1667760
FINNIFTY02JAN2420600PE.NFO,02/01/2024,11:49:27,0.35,0.3,227840,0.35,175480,360,1667760
FINNIFTY02JAN2420600PE.NFO,02/01/2024,11:49:36,0.35,0.3,227840,0.35,175800,0,1667760
FINNIFTY02JAN2420600PE.NFO,02/01/2024,11:49:45,0.3,0.3,225840,0.35,175800,200,1667760
FINNIFTY02JAN2420600PE.NFO,02/01/2024,11:50:02,0.3,0.3,225560,0.35,175560,640,1667760
FINNIFTY02JAN2420600PE.NFO,02/01/2024,11:50:11,0.3,0.3,226680,0.35,175560,0,1667760
FINNIFTY02JAN2420600PE.NFO,02/01/2024,11:50:56,0.3,0.3,225200,0.35,177360,1480,1674080
FINNIFTY02JAN2420600PE.NFO,02/01/2024,11:51:05,0.3,0.3,226720,0.35,177360,0,1674080
FINNIFTY02JAN2420600PE.NFO,02/01/2024,11:51:14,0.35,0.3,227400,0.35,179360,1000,1674080
FINNIFTY02JAN2420600PE.NFO,02/01/2024,11:51:23,0.35,0.3,226280,0.35,178080,1120,1674080
FINNIFTY02JAN2420600PE.NFO,02/01/2024,11:51:32,0.35,0.3,226280,0.35,178000,80,1674080
FINNIFTY02JAN2420600PE.NFO,02/01/2024,11:51:50,0.35,0.3,226280,0.35,178320,0,1674080
FINNIFTY02JAN2420600PE.NFO,02/01/2024,11:51:59,0.35,0.3,228080,0.35,178320,0,1674080
FINNIFTY02JAN2420600PE.NFO,02/01/2024,11:52:09,0.35,0.3,227120,0.35,176840,3240,1674080
FINNIFTY02JAN2420600PE.NFO,02/01/2024,11:52:18,0.3,0.3,222480,0.35,175640,2240,1674080
FINNIFTY02JAN2420600PE.NFO,02/01/2024,11:52:27,0.35,0.3,224000,0.35,175560,1520,1674080
FINNIFTY02JAN2420600PE.NFO,02/01/2024,11:52:36,0.3,0.3,222480,0.35,177000,1200,1674080
FINNIFTY02JAN2420600PE.NFO,02/01/2024,11:52:45,0.3,0.3,206520,0.35,177000,80,1674080
FINNIFTY02JAN2420600PE.NFO,02/01/2024,11:52:54,0.3,0.3,167760,0.35,177000,400,1674080
FINNIFTY02JAN2420600PE.NFO,02/01/2024,11:53:03,0.3,0.3,165880,0.35,177000,280,1674080
FINNIFTY02JAN2420600PE.NFO,02/01/2024,11:53:12,0.3,0.3,166560,0.35,177000,80,1674080
FINNIFTY02JAN2420600PE.NFO,02/01/2024,11:53:21,0.3,0.3,165000,0.35,177000,0,1674080
FINNIFTY02JAN2420600PE.NFO,02/01/2024,11:53:30,0.3,0.3,170120,0.35,177000,0,1674080
FINNIFTY02JAN2420600PE.NFO,02/01/2024,11:53:39,0.3,0.3,166520,0.35,177000,0,1674080
FINNIFTY02JAN2420600PE.NFO,02/01/2024,11:53:48,0.3,0.3,166560,0.35,177360,0,1674080
FINNIFTY02JAN2420600PE.NFO,02/01/2024,11:53:57,0.3,0.3,164080,0.35,177000,0,1674080
FINNIFTY02JAN2420600PE.NFO,02/01/2024,11:54:05,0.3,0.3,166920,0.35,177000,0,1674080
FINNIFTY02JAN2420600PE.NFO,02/01/2024,11:54:14,0.3,0.3,167080,0.35,177000,0,1674080
FINNIFTY02JAN2420600PE.NFO,02/01/2024,11:54:23,0.3,0.3,167200,0.35,177000,0,1674080
FINNIFTY02JAN2420600PE.NFO,02/01/2024,11:54:32,0.3,0.3,165040,0.35,177000,0,1674080
FINNIFTY02JAN2420600PE.NFO,02/01/2024,11:54:41,0.3,0.3,167120,0.35,177000,0,1674080
FINNIFTY02JAN2420600PE.NFO,02/01/2024,11:54:50,0.3,0.3,167080,0.35,177000,0,1674080
FINNIFTY02JAN2420600PE.NFO,02/01/2024,11:54:58,0.3,0.3,149160,0.35,177360,0,1674080
FINNIFTY02JAN2420600PE.NFO,02/01/2024,11:55:07,0.3,0.3,147640,0.35,177000,0,1674080
FINNIFTY02JAN2420600PE.NFO,02/01/2024,11:55:16,0.3,0.3,150120,0.35,177000,0,1674080
FINNIFTY02JAN2420600PE.NFO,02/01/2024,11:55:25,0.3,0.3,150120,0.35,177360,0,1674080
FINNIFTY02JAN2420600PE.NFO,02/01/2024,11:55:34,0.3,0.3,150160,0.35,177000,0,1674080
FINNIFTY02JAN2420600PE.NFO,02/01/2024,11:55:43,0.35,0.3,150320,0.35,176560,800,1684600
FINNIFTY02JAN2420600PE.NFO,02/01/2024,11:55:52,0.35,0.3,148560,0.35,176440,120,1684600
FINNIFTY02JAN2420600PE.NFO,02/01/2024,11:56:01,0.35,0.3,141280,0.35,176120,7080,1684600
FINNIFTY02JAN2420600PE.NFO,02/01/2024,11:56:09,0.35,0.3,139760,0.35,176080,3320,1684600
FINNIFTY02JAN2420600PE.NFO,02/01/2024,11:56:18,0.35,0.3,139720,0.35,175640,520,1684600
FINNIFTY02JAN2420600PE.NFO,02/01/2024,11:56:26,0.35,0.3,139640,0.35,175560,80,1684600
FINNIFTY02JAN2420600PE.NFO,02/01/2024,11:56:34,0.35,0.3,139640,0.35,175880,40,1684600
FINNIFTY02JAN2420600PE.NFO,02/01/2024,11:56:43,0.35,0.3,139640,0.35,176360,0,1684600
FINNIFTY02JAN2420600PE.NFO,02/01/2024,11:57:00,0.3,0.3,137920,0.35,176360,200,1694600
FINNIFTY02JAN2420600PE.NFO,02/01/2024,11:57:09,0.3,0.3,138440,0.35,175960,960,1694600
FINNIFTY02JAN2420600PE.NFO,02/01/2024,11:57:18,0.3,0.3,138400,0.35,176480,80,1694600
FINNIFTY02JAN2420600PE.NFO,02/01/2024,11:57:26,0.3,0.3,138200,0.35,175960,200,1694600
FINNIFTY02JAN2420600PE.NFO,02/01/2024,11:57:35,0.3,0.3,137520,0.35,175960,360,1694600
FINNIFTY02JAN2420600PE.NFO,02/01/2024,11:57:44,0.3,0.3,137400,0.35,175960,40,1694600
FINNIFTY02JAN2420600PE.NFO,02/01/2024,11:57:52,0.3,0.3,137360,0.35,175960,40,1694600
FINNIFTY02JAN2420600PE.NFO,02/01/2024,11:58:01,0.3,0.3,137880,0.35,175800,0,1694600
FINNIFTY02JAN2420600PE.NFO,02/01/2024,11:58:10,0.3,0.3,138640,0.35,175800,0,1694600
FINNIFTY02JAN2420600PE.NFO,02/01/2024,11:58:19,0.3,0.3,137160,0.35,175760,1360,1694600
FINNIFTY02JAN2420600PE.NFO,02/01/2024,11:58:28,0.3,0.3,134920,0.35,172160,2240,1694600
FINNIFTY02JAN2420600PE.NFO,02/01/2024,11:58:36,0.3,0.3,86960,0.35,177760,0,1694600
FINNIFTY02JAN2420600PE.NFO,02/01/2024,11:58:45,0.3,0.3,71480,0.35,133000,51200,1694600
FINNIFTY02JAN2420600PE.NFO,02/01/2024,11:58:54,0.3,0.3,71360,0.35,142000,0,1694600
FINNIFTY02JAN2420600PE.NFO,02/01/2024,11:59:03,0.3,0.3,69440,0.35,149360,16000,1694600
FINNIFTY02JAN2420600PE.NFO,02/01/2024,11:59:12,0.3,0.3,69280,0.35,149000,0,1694600
FINNIFTY02JAN2420600PE.NFO,02/01/2024,11:59:20,0.3,0.3,68840,0.35,149360,1120,1694600
FINNIFTY02JAN2420600PE.NFO,02/01/2024,11:59:29,0.3,0.3,68840,0.35,149000,0,1694600
FINNIFTY02JAN2420600PE.NFO,02/01/2024,11:59:38,0.35,0.3,68840,0.35,148880,120,1694600
FINNIFTY02JAN2420600PE.NFO,02/01/2024,11:59:46,0.35,0.3,68800,0.35,148760,120,1694600
FINNIFTY02JAN2420600PE.NFO,02/01/2024,11:59:54,0.3,0.3,67400,0.35,148840,4600,1664920
FINNIFTY02JAN2420600PE.NFO,02/01/2024,12:00:03,0.3,0.3,67440,0.35,148840,0,1664920
FINNIFTY02JAN2420600PE.NFO,02/01/2024,12:00:12,0.3,0.3,67960,0.35,148840,0,1664920
FINNIFTY02JAN2420600PE.NFO,02/01/2024,12:00:30,0.3,0.3,68960,0.35,148920,0,1664920
FINNIFTY02JAN2420600PE.NFO,02/01/2024,12:00:39,0.35,0.3,71000,0.35,150240,1000,1664920
FINNIFTY02JAN2420600PE.NFO,02/01/2024,12:00:48,0.35,0.3,72600,0.35,159640,2000,1664920
FINNIFTY02JAN2420600PE.NFO,02/01/2024,12:00:57,0.35,0.3,70760,0.35,163120,2440,1664920
FINNIFTY02JAN2420600PE.NFO,02/01/2024,12:01:06,0.35,0.3,66720,0.35,161280,4840,1664920
FINNIFTY02JAN2420600PE.NFO,02/01/2024,12:01:16,0.35,0.3,67040,0.35,159800,3080,1664920
FINNIFTY02JAN2420600PE.NFO,02/01/2024,12:01:24,0.3,0.3,66960,0.35,159400,400,1664920
FINNIFTY02JAN2420600PE.NFO,02/01/2024,12:02:00,0.3,0.3,64320,0.35,159400,2320,1664920
FINNIFTY02JAN2420600PE.NFO,02/01/2024,12:02:09,0.3,0.3,75760,0.35,170240,2880,1664920
FINNIFTY02JAN2420600PE.NFO,02/01/2024,12:02:18,0.3,0.3,75800,0.35,170600,0,1664920
FINNIFTY02JAN2420600PE.NFO,02/01/2024,12:02:35,0.3,0.3,73440,0.35,170160,2360,1664920
FINNIFTY02JAN2420600PE.NFO,02/01/2024,12:02:53,0.3,0.3,75680,0.35,170120,1000,1664920
FINNIFTY02JAN2420600PE.NFO,02/01/2024,12:03:02,0.3,0.3,49600,0.35,170120,13600,1673080
FINNIFTY02JAN2420600PE.NFO,02/01/2024,12:03:10,0.3,0.3,54720,0.35,168520,4320,1673080
FINNIFTY02JAN2420600PE.NFO,02/01/2024,12:03:19,0.3,0.3,53360,0.35,168520,1360,1673080
FINNIFTY02JAN2420600PE.NFO,02/01/2024,12:03:28,0.3,0.3,59680,0.35,168480,2720,1673080
FINNIFTY02JAN2420600PE.NFO,02/01/2024,12:03:37,0.35,0.3,76200,0.35,168400,80,1673080
FINNIFTY02JAN2420600PE.NFO,02/01/2024,12:03:46,0.3,0.3,76160,0.35,168400,40,1673080
FINNIFTY02JAN2420600PE.NFO,02/01/2024,12:03:55,0.3,0.3,77760,0.35,168400,200,1673080
FINNIFTY02JAN2420600PE.NFO,02/01/2024,12:04:04,0.3,0.3,66360,0.35,168400,280,1673080
FINNIFTY02JAN2420600PE.NFO,02/01/2024,12:04:12,0.3,0.3,64320,0.35,168400,2040,1673080
FINNIFTY02JAN2420600PE.NFO,02/01/2024,12:04:22,0.3,0.3,77960,0.35,164800,480,1673080
FINNIFTY02JAN2420600PE.NFO,02/01/2024,12:04:31,0.35,0.3,76160,0.35,163000,1800,1673080
FINNIFTY02JAN2420600PE.NFO,02/01/2024,12:04:40,0.3,0.3,75760,0.35,166600,400,1673080
FINNIFTY02JAN2420600PE.NFO,02/01/2024,12:04:49,0.3,0.3,64040,0.35,166600,600,1673080
FINNIFTY02JAN2420600PE.NFO,02/01/2024,12:04:58,0.3,0.3,63680,0.35,168160,360,1673080
FINNIFTY02JAN2420600PE.NFO,02/01/2024,12:05:07,0.3,0.3,61840,0.35,168160,1840,1673080
FINNIFTY02JAN2420600PE.NFO,02/01/2024,12:05:16,0.3,0.3,60760,0.35,165800,1960,1673080
FINNIFTY02JAN2420600PE.NFO,02/01/2024,12:05:25,0.3,0.3,70840,0.35,166680,160,1673080
FINNIFTY02JAN2420600PE.NFO,02/01/2024,12:05:43,0.3,0.3,70840,0.35,166680,0,1673080
FINNIFTY02JAN2420600PE.NFO,02/01/2024,12:05:51,0.3,0.3,71920,0.35,166680,1600,1673080
FINNIFTY02JAN2420600PE.NFO,02/01/2024,12:06:00,0.35,0.3,69240,0.35,164880,1800,1685200
FINNIFTY02JAN2420600PE.NFO,02/01/2024,12:06:52,0.35,0.3,69720,0.35,163080,2200,1685200
FINNIFTY02JAN2420600PE.NFO,02/01/2024,12:07:01,0.35,0.3,69720,0.35,162720,400,1685200
FINNIFTY02JAN2420600PE.NFO,02/01/2024,12:07:09,0.3,0.3,68520,0.35,161800,1600,1685200
FINNIFTY02JAN2420600PE.NFO,02/01/2024,12:07:18,0.3,0.3,62760,0.35,161800,40,1685200
FINNIFTY02JAN2420600PE.NFO,02/01/2024,12:07:26,0.3,0.3,40920,0.35,162160,5640,1685200
FINNIFTY02JAN2420600PE.NFO,02/01/2024,12:07:53,0.3,0.3,46280,0.35,161800,40,1685200
FINNIFTY02JAN2420600PE.NFO,02/01/2024,12:08:02,0.3,0.3,64680,0.35,161800,0,1685200
FINNIFTY02JAN2420600PE.NFO,02/01/2024,12:08:10,0.3,0.3,60240,0.35,161800,120,1685200
FINNIFTY02JAN2420600PE.NFO,02/01/2024,12:08:19,0.3,0.3,60080,0.35,161800,160,1685200
FINNIFTY02JAN2420600PE.NFO,02/01/2024,12:08:36,0.3,0.3,54480,0.35,161800,200,1685200
FINNIFTY02JAN2420600PE.NFO,02/01/2024,12:08:45,0.35,0.3,65600,0.35,159840,2000,1685200
FINNIFTY02JAN2420600PE.NFO,02/01/2024,12:09:02,0.35,0.3,65520,0.35,159800,0,1685200
FINNIFTY02JAN2420600PE.NFO,02/01/2024,12:09:10,0.35,0.3,65520,0.35,159360,120,1683040
FINNIFTY02JAN2420600PE.NFO,02/01/2024,12:09:19,0.3,0.3,52960,0.35,159680,1440,1683040
FINNIFTY02JAN2420600PE.NFO,02/01/2024,12:09:27,0.3,0.3,64080,0.35,159760,0,1683040
FINNIFTY02JAN2420600PE.NFO,02/01/2024,12:09:36,0.35,0.3,64080,0.35,159160,280,1683040
FINNIFTY02JAN2420600PE.NFO,02/01/2024,12:09:45,0.35,0.3,64080,0.35,159480,0,1683040
FINNIFTY02JAN2420600PE.NFO,02/01/2024,12:10:02,0.35,0.3,64080,0.35,159520,480,1683040
FINNIFTY02JAN2420600PE.NFO,02/01/2024,12:10:11,0.35,0.3,64080,0.35,155680,1480,1683040
FINNIFTY02JAN2420600PE.NFO,02/01/2024,12:10:20,0.35,0.3,64080,0.35,155320,40,1683040
FINNIFTY02JAN2420600PE.NFO,02/01/2024,12:10:30,0.35,0.3,63200,0.35,158280,40,1683040
FINNIFTY02JAN2420600PE.NFO,02/01/2024,12:10:47,0.3,0.3,56480,0.35,158280,1000,1683040
FINNIFTY02JAN2420600PE.NFO,02/01/2024,12:10:57,0.3,0.3,55960,0.35,158280,560,1683040
FINNIFTY02JAN2420600PE.NFO,02/01/2024,12:11:06,0.3,0.3,61440,0.35,158280,0,1683040
FINNIFTY02JAN2420600PE.NFO,02/01/2024,12:11:15,0.35,0.3,61680,0.35,157880,400,1683040
FINNIFTY02JAN2420600PE.NFO,02/01/2024,12:11:24,0.3,0.3,29360,0.35,157880,9000,1683040
FINNIFTY02JAN2420600PE.NFO,02/01/2024,12:11:33,0.35,0.3,50320,0.35,149800,8080,1683040
FINNIFTY02JAN2420600PE.NFO,02/01/2024,12:11:52,0.3,0.3,46120,0.35,150200,4200,1683040
FINNIFTY02JAN2420600PE.NFO,02/01/2024,12:12:00,0.3,0.3,25480,0.35,150200,520,1684840
FINNIFTY02JAN2420600PE.NFO,02/01/2024,12:12:09,0.3,0.3,40320,0.35,150200,360,1684840
FINNIFTY02JAN2420600PE.NFO,02/01/2024,12:12:18,0.3,0.3,45800,0.35,150200,0,1684840
FINNIFTY02JAN2420600PE.NFO,02/01/2024,12:12:27,0.3,0.3,45160,0.35,150200,640,1684840
FINNIFTY02JAN2420600PE.NFO,02/01/2024,12:12:36,0.3,0.3,33120,0.35,149800,840,1684840
FINNIFTY02JAN2420600PE.NFO,02/01/2024,12:12:45,0.3,0.3,44240,0.35,149800,0,1684840
FINNIFTY02JAN2420600PE.NFO,02/01/2024,12:12:53,0.3,0.3,44120,0.35,149800,200,1684840
FINNIFTY02JAN2420600PE.NFO,02/01/2024,12:13:02,0.35,0.3,42760,0.35,149200,1800,1684840
FINNIFTY02JAN2420600PE.NFO,02/01/2024,12:13:11,0.35,0.3,43920,0.35,147920,600,1684840
FINNIFTY02JAN2420600PE.NFO,02/01/2024,12:13:19,0.35,0.3,42800,0.35,149440,1120,1684840
FINNIFTY02JAN2420600PE.NFO,02/01/2024,12:13:28,0.35,0.3,42840,0.35,149600,1040,1684840
FINNIFTY02JAN2420600PE.NFO,02/01/2024,12:13:45,0.3,0.3,30720,0.35,149600,1000,1684840
FINNIFTY02JAN2420600PE.NFO,02/01/2024,12:13:53,0.3,0.3,41840,0.35,149600,0,1684840
FINNIFTY02JAN2420600PE.NFO,02/01/2024,12:14:02,0.3,0.3,41480,0.35,149600,280,1684840
FINNIFTY02JAN2420600PE.NFO,02/01/2024,12:14:11,0.3,0.3,41560,0.35,149600,0,1684840
FINNIFTY02JAN2420600PE.NFO,02/01/2024,12:14:19,0.3,0.25,309280,0.3,151560,17160,1684840
FINNIFTY02JAN2420600PE.NFO,02/01/2024,12:14:28,0.3,0.25,306040,0.3,184960,3080,1684840
FINNIFTY02JAN2420600PE.NFO,02/01/2024,12:14:37,0.3,0.25,294640,0.3,192520,0,1684840
FINNIFTY02JAN2420600PE.NFO,02/01/2024,12:14:45,0.3,0.25,289240,0.3,192400,120,1684840
FINNIFTY02JAN2420600PE.NFO,02/01/2024,12:14:54,0.3,0.25,289520,0.3,194880,800,1684840
FINNIFTY02JAN2420600PE.NFO,02/01/2024,12:15:12,0.3,0.25,289600,0.3,197200,1280,1697920
FINNIFTY02JAN2420600PE.NFO,02/01/2024,12:15:21,0.3,0.25,289600,0.3,167280,0,1697920
FINNIFTY02JAN2420600PE.NFO,02/01/2024,12:15:49,0.3,0.25,292000,0.3,166920,1960,1697920
FINNIFTY02JAN2420600PE.NFO,02/01/2024,12:16:09,0.3,0.25,292120,0.3,168080,4240,1697920
FINNIFTY02JAN2420600PE.NFO,02/01/2024,12:16:19,0.3,0.25,292800,0.3,166600,0,1697920
FINNIFTY02JAN2420600PE.NFO,02/01/2024,12:16:29,0.3,0.25,294520,0.3,168160,2040,1697920
FINNIFTY02JAN2420600PE.NFO,02/01/2024,12:16:40,0.3,0.25,283720,0.3,170320,0,1697920
FINNIFTY02JAN2420600PE.NFO,02/01/2024,12:16:50,0.25,0.25,283080,0.3,169960,640,1697920
FINNIFTY02JAN2420600PE.NFO,02/01/2024,12:17:00,0.3,0.25,283080,0.3,169920,80,1697920
FINNIFTY02JAN2420600PE.NFO,02/01/2024,12:17:11,0.25,0.25,285080,0.3,171360,17640,1697920
FINNIFTY02JAN2420600PE.NFO,02/01/2024,12:17:22,0.3,0.25,282800,0.3,173040,2120,1697920
FINNIFTY02JAN2420600PE.NFO,02/01/2024,12:17:32,0.3,0.25,412760,0.3,148120,360,1697920
FINNIFTY02JAN2420600PE.NFO,02/01/2024,12:17:41,0.3,0.25,283160,0.3,174920,320,1697920
FINNIFTY02JAN2420600PE.NFO,02/01/2024,12:17:51,0.3,0.25,280840,0.3,173080,280,1697920
FINNIFTY02JAN2420600PE.NFO,02/01/2024,12:18:00,0.3,0.25,280520,0.3,174120,480,1678440
FINNIFTY02JAN2420600PE.NFO,02/01/2024,12:18:09,0.3,0.25,281520,0.3,174200,280,1678440
FINNIFTY02JAN2420600PE.NFO,02/01/2024,12:18:19,0.25,0.25,282200,0.3,174240,1400,1678440
FINNIFTY02JAN2420600PE.NFO,02/01/2024,12:18:28,0.3,0.25,282520,0.3,173520,400,1678440
FINNIFTY02JAN2420600PE.NFO,02/01/2024,12:18:37,0.3,0.25,282520,0.3,173840,0,1678440
FINNIFTY02JAN2420600PE.NFO,02/01/2024,12:19:06,0.3,0.25,281360,0.3,174400,1280,1678440
FINNIFTY02JAN2420600PE.NFO,02/01/2024,12:19:17,0.25,0.25,279040,0.3,177520,1440,1678440
FINNIFTY02JAN2420600PE.NFO,02/01/2024,12:19:27,0.25,0.25,279040,0.3,177520,0,1678440
FINNIFTY02JAN2420600PE.NFO,02/01/2024,12:19:57,0.25,0.25,278960,0.3,176720,480,1678440
FINNIFTY02JAN2420600PE.NFO,02/01/2024,12:20:06,0.3,0.25,279000,0.3,176440,1240,1678440
FINNIFTY02JAN2420600PE.NFO,02/01/2024,12:20:15,0.3,0.25,279840,0.3,175400,160,1678440
FINNIFTY02JAN2420600PE.NFO,02/01/2024,12:20:24,0.3,0.25,278400,0.3,174920,160,1678440
FINNIFTY02JAN2420600PE.NFO,02/01/2024,12:20:52,0.25,0.25,279760,0.3,175400,240,1678440
FINNIFTY02JAN2420600PE.NFO,02/01/2024,12:21:02,0.3,0.25,279760,0.3,175040,80,1679480
FINNIFTY02JAN2420600PE.NFO,02/01/2024,12:21:11,0.3,0.25,280160,0.3,173640,5080,1679480
FINNIFTY02JAN2420600PE.NFO,02/01/2024,12:21:21,0.3,0.25,279160,0.3,173000,760,1679480
FINNIFTY02JAN2420600PE.NFO,02/01/2024,12:21:31,0.25,0.25,277440,0.3,173400,80,1679480
FINNIFTY02JAN2420600PE.NFO,02/01/2024,12:21:41,0.3,0.25,277760,0.3,172520,640,1679480
FINNIFTY02JAN2420600PE.NFO,02/01/2024,12:21:50,0.25,0.25,278880,0.3,172280,1040,1679480
FINNIFTY02JAN2420600PE.NFO,02/01/2024,12:22:00,0.25,0.25,277800,0.3,172280,760,1679480
FINNIFTY02JAN2420600PE.NFO,02/01/2024,12:22:10,0.3,0.25,276920,0.3,171040,4080,1679480
FINNIFTY02JAN2420600PE.NFO,02/01/2024,12:22:19,0.25,0.25,278760,0.3,168960,280,1679480
FINNIFTY02JAN2420600PE.NFO,02/01/2024,12:22:28,0.25,0.25,278640,0.3,156120,360,1679480
FINNIFTY02JAN2420600PE.NFO,02/01/2024,12:22:37,0.3,0.25,277200,0.3,158200,520,1679480
FINNIFTY02JAN2420600PE.NFO,02/01/2024,12:22:46,0.3,0.25,277200,0.3,158240,0,1679480
FINNIFTY02JAN2420600PE.NFO,02/01/2024,12:23:12,0.3,0.25,277320,0.3,157560,400,1679480
FINNIFTY02JAN2420600PE.NFO,02/01/2024,12:23:31,0.3,0.25,277000,0.3,157240,320,1679480
FINNIFTY02JAN2420600PE.NFO,02/01/2024,12:24:34,0.3,0.25,277000,0.3,157240,0,1679480
FINNIFTY02JAN2420600PE.NFO,02/01/2024,12:25:02,0.3,0.25,277120,0.3,157680,2440,1676320
FINNIFTY02JAN2420600PE.NFO,02/01/2024,12:25:11,0.3,0.25,277160,0.3,141280,2080,1676320
FINNIFTY02JAN2420600PE.NFO,02/01/2024,12:25:30,0.3,0.25,276560,0.3,156000,0,1676320
FINNIFTY02JAN2420600PE.NFO,02/01/2024,12:25:39,0.3,0.25,276640,0.3,157320,160,1676320
FINNIFTY02JAN2420600PE.NFO,02/01/2024,12:25:47,0.25,0.25,276080,0.3,157560,240,1676320
FINNIFTY02JAN2420600PE.NFO,02/01/2024,12:26:05,0.3,0.25,276200,0.3,157400,840,1676320
FINNIFTY02JAN2420600PE.NFO,02/01/2024,12:26:14,0.3,0.25,276200,0.3,157360,40,1676320
FINNIFTY02JAN2420600PE.NFO,02/01/2024,12:26:22,0.25,0.25,275720,0.3,158080,160,1676320
FINNIFTY02JAN2420600PE.NFO,02/01/2024,12:26:48,0.25,0.25,276040,0.3,158080,0,1676320
FINNIFTY02JAN2420600PE.NFO,02/01/2024,12:27:06,0.3,0.25,276120,0.3,156880,880,1675680
FINNIFTY02JAN2420600PE.NFO,02/01/2024,12:27:15,0.25,0.25,275680,0.3,157200,120,1675680
FINNIFTY02JAN2420600PE.NFO,02/01/2024,12:27:24,0.25,0.25,276880,0.3,157200,0,1675680
FINNIFTY02JAN2420600PE.NFO,02/01/2024,12:27:32,0.25,0.25,275920,0.3,157200,0,1675680
FINNIFTY02JAN2420600PE.NFO,02/01/2024,12:27:41,0.25,0.25,276800,0.3,159000,0,1675680
FINNIFTY02JAN2420600PE.NFO,02/01/2024,12:27:50,0.25,0.25,276400,0.3,159000,480,1675680
FINNIFTY02JAN2420600PE.NFO,02/01/2024,12:27:59,0.25,0.25,276320,0.3,159000,0,1675680
FINNIFTY02JAN2420600PE.NFO,02/01/2024,12:28:08,0.3,0.25,275600,0.3,157720,960,1675680
FINNIFTY02JAN2420600PE.NFO,02/01/2024,12:28:17,0.3,0.25,275480,0.3,165840,560,1675680
FINNIFTY02JAN2420600PE.NFO,02/01/2024,12:28:26,0.3,0.25,276880,0.3,164840,680,1675680
FINNIFTY02JAN2420600PE.NFO,02/01/2024,12:28:35,0.3,0.25,276880,0.3,165160,0,1675680
FINNIFTY02JAN2420600PE.NFO,02/01/2024,12:29:02,0.3,0.25,276880,0.3,164280,560,1675680
FINNIFTY02JAN2420600PE.NFO,02/01/2024,12:29:11,0.3,0.25,277800,0.3,164000,600,1675680
FINNIFTY02JAN2420600PE.NFO,02/01/2024,12:29:21,0.3,0.25,276920,0.3,164000,0,1675680
FINNIFTY02JAN2420600PE.NFO,02/01/2024,12:29:38,0.3,0.25,276920,0.3,164200,0,1675680
FINNIFTY02JAN2420600PE.NFO,02/01/2024,12:29:55,0.3,0.25,272720,0.3,163800,280,1675680
FINNIFTY02JAN2420600PE.NFO,02/01/2024,12:30:03,0.25,0.25,272680,0.3,163920,1880,1676160
FINNIFTY02JAN2420600PE.NFO,02/01/2024,12:30:22,0.3,0.25,272680,0.3,163560,40,1676160
FINNIFTY02JAN2420600PE.NFO,02/01/2024,12:30:48,0.25,0.25,272560,0.3,163680,120,1676160
FINNIFTY02JAN2420600PE.NFO,02/01/2024,12:31:06,0.25,0.25,243760,0.3,163680,0,1676160
FINNIFTY02JAN2420600PE.NFO,02/01/2024,12:31:24,0.25,0.25,229360,0.3,163680,0,1676160
FINNIFTY02JAN2420600PE.NFO,02/01/2024,12:31:33,0.25,0.25,210360,0.3,163680,0,1676160
FINNIFTY02JAN2420600PE.NFO,02/01/2024,12:32:00,0.25,0.25,170360,0.3,163680,0,1676160
FINNIFTY02JAN2420600PE.NFO,02/01/2024,12:32:08,0.3,0.25,170360,0.3,162600,760,1676160
FINNIFTY02JAN2420600PE.NFO,02/01/2024,12:32:17,0.3,0.25,170680,0.3,164440,1840,1676160
FINNIFTY02JAN2420600PE.NFO,02/01/2024,12:32:42,0.3,0.25,170680,0.3,164800,0,1676160
FINNIFTY02JAN2420600PE.NFO,02/01/2024,12:32:50,0.3,0.25,161680,0.3,164800,0,1676160
FINNIFTY02JAN2420600PE.NFO,02/01/2024,12:33:14,0.3,0.25,152680,0.3,164800,0,1676160
FINNIFTY02JAN2420600PE.NFO,02/01/2024,12:34:06,0.3,0.25,152720,0.3,164640,2000,1674560
FINNIFTY02JAN2420600PE.NFO,02/01/2024,12:34:15,0.25,0.25,151400,0.3,164400,1560,1674560
FINNIFTY02JAN2420600PE.NFO,02/01/2024,12:34:23,0.25,0.25,153520,0.3,164400,0,1674560
FINNIFTY02JAN2420600PE.NFO,02/01/2024,12:34:31,0.25,0.25,153520,0.3,166200,0,1674560
FINNIFTY02JAN2420600PE.NFO,02/01/2024,12:34:49,0.3,0.25,154160,0.3,164040,40,1674560
FINNIFTY02JAN2420600PE.NFO,02/01/2024,12:34:58,0.3,0.25,155040,0.3,164360,0,1674560
FINNIFTY02JAN2420600PE.NFO,02/01/2024,12:35:38,0.3,0.25,155040,0.3,164200,1640,1674560
FINNIFTY02JAN2420600PE.NFO,02/01/2024,12:35:56,0.3,0.25,154160,0.3,164520,0,1674560
FINNIFTY02JAN2420600PE.NFO,02/01/2024,12:36:06,0.3,0.25,154200,0.3,163440,1960,1674520
FINNIFTY02JAN2420600PE.NFO,02/01/2024,12:36:15,0.3,0.25,155080,0.3,163760,0,1674520
FINNIFTY02JAN2420600PE.NFO,02/01/2024,12:36:53,0.3,0.25,155080,0.3,163520,240,1674520
FINNIFTY02JAN2420600PE.NFO,02/01/2024,12:37:01,0.3,0.25,155400,0.3,163640,1360,1674520
FINNIFTY02JAN2420600PE.NFO,02/01/2024,12:37:10,0.3,0.25,152520,0.3,148000,3040,1674520
FINNIFTY02JAN2420600PE.NFO,02/01/2024,12:37:20,0.3,0.25,152520,0.3,169920,0,1674520
FINNIFTY02JAN2420600PE.NFO,02/01/2024,12:37:28,0.3,0.25,151640,0.3,169920,0,1674520
FINNIFTY02JAN2420600PE.NFO,02/01/2024,12:37:54,0.3,0.25,152520,0.3,169920,0,1674520
FINNIFTY02JAN2420600PE.NFO,02/01/2024,12:38:11,0.3,0.25,154120,0.3,171400,1800,1674520
FINNIFTY02JAN2420600PE.NFO,02/01/2024,12:38:21,0.3,0.25,153240,0.3,171000,400,1674520
FINNIFTY02JAN2420600PE.NFO,02/01/2024,12:38:57,0.3,0.25,153240,0.3,171320,0,1674520
FINNIFTY02JAN2420600PE.NFO,02/01/2024,12:39:05,0.3,0.25,154880,0.3,170040,960,1672880
FINNIFTY02JAN2420600PE.NFO,02/01/2024,12:39:14,0.3,0.25,154880,0.3,169720,320,1672880
FINNIFTY02JAN2420600PE.NFO,02/01/2024,12:39:40,0.3,0.25,138680,0.3,169800,240,1672880
FINNIFTY02JAN2420600PE.NFO,02/01/2024,12:39:48,0.3,0.25,138680,0.3,169440,40,1672880
FINNIFTY02JAN2420600PE.NFO,02/01/2024,12:39:56,0.3,0.25,138680,0.3,169680,80,1672880
FINNIFTY02JAN2420600PE.NFO,02/01/2024,12:40:04,0.3,0.25,140560,0.3,171800,2360,1672880
FINNIFTY02JAN2420600PE.NFO,02/01/2024,12:40:13,0.3,0.25,140560,0.3,172120,0,1672880
FINNIFTY02JAN2420600PE.NFO,02/01/2024,12:40:23,0.3,0.25,140560,0.3,172160,0,1672880
FINNIFTY02JAN2420600PE.NFO,02/01/2024,12:40:32,0.3,0.25,140560,0.3,171960,200,1672880
FINNIFTY02JAN2420600PE.NFO,02/01/2024,12:40:41,0.3,0.25,141440,0.3,171960,0,1672880
FINNIFTY02JAN2420600PE.NFO,02/01/2024,12:41:06,0.3,0.25,141440,0.3,171000,640,1672880
FINNIFTY02JAN2420600PE.NFO,02/01/2024,12:41:14,0.3,0.25,141440,0.3,170840,160,1672880
FINNIFTY02JAN2420600PE.NFO,02/01/2024,12:41:31,0.3,0.25,140560,0.3,171160,0,1672880
FINNIFTY02JAN2420600PE.NFO,02/01/2024,12:42:00,0.25,0.25,140360,0.3,172960,200,1672880
FINNIFTY02JAN2420600PE.NFO,02/01/2024,12:42:09,0.25,0.25,141240,0.3,172960,0,1672880
FINNIFTY02JAN2420600PE.NFO,02/01/2024,12:42:18,0.25,0.25,141680,0.3,172960,0,1672880
FINNIFTY02JAN2420600PE.NFO,02/01/2024,12:42:44,0.3,0.25,141680,0.3,172600,40,1673880
FINNIFTY02JAN2420600PE.NFO,02/01/2024,12:43:01,0.3,0.25,141000,0.3,172480,120,1673880
FINNIFTY02JAN2420600PE.NFO,02/01/2024,12:43:10,0.3,0.25,141000,0.3,171080,2040,1673880
FINNIFTY02JAN2420600PE.NFO,02/01/2024,12:43:19,0.3,0.25,141000,0.3,171040,40,1673880
FINNIFTY02JAN2420600PE.NFO,02/01/2024,12:43:28,0.3,0.25,141000,0.3,172240,0,1673880
FINNIFTY02JAN2420600PE.NFO,02/01/2024,12:43:37,0.3,0.25,141000,0.3,171360,0,1673880
FINNIFTY02JAN2420600PE.NFO,02/01/2024,12:43:46,0.3,0.25,141000,0.3,172240,0,1673880
FINNIFTY02JAN2420600PE.NFO,02/01/2024,12:43:55,0.3,0.25,141000,0.3,171360,0,1673880
FINNIFTY02JAN2420600PE.NFO,02/01/2024,12:44:29,0.3,0.25,141000,0.3,170640,400,1673880
FINNIFTY02JAN2420600PE.NFO,02/01/2024,12:44:37,0.3,0.25,141000,0.3,170640,0,1673880
FINNIFTY02JAN2420600PE.NFO,02/01/2024,12:44:46,0.25,0.25,140600,0.3,170960,400,1673880
FINNIFTY02JAN2420600PE.NFO,02/01/2024,12:45:12,0.25,0.25,140240,0.3,170960,40,1674680
FINNIFTY02JAN2420600PE.NFO,02/01/2024,12:45:21,0.25,0.25,139680,0.3,170040,0,1674680
FINNIFTY02JAN2420600PE.NFO,02/01/2024,12:46:04,0.3,0.25,140640,0.3,168000,1160,1674680
FINNIFTY02JAN2420600PE.NFO,02/01/2024,12:46:13,0.3,0.25,140680,0.3,166760,920,1674680
FINNIFTY02JAN2420600PE.NFO,02/01/2024,12:46:22,0.3,0.25,140560,0.3,170200,160,1674680
FINNIFTY02JAN2420600PE.NFO,02/01/2024,12:46:30,0.3,0.25,140560,0.3,170520,40,1674680
FINNIFTY02JAN2420600PE.NFO,02/01/2024,12:46:39,0.3,0.25,140560,0.3,170480,0,1674680
FINNIFTY02JAN2420600PE.NFO,02/01/2024,12:46:56,0.3,0.25,140560,0.3,170520,0,1674680
FINNIFTY02JAN2420600PE.NFO,02/01/2024,12:47:14,0.3,0.25,140560,0.3,170480,0,1674680
FINNIFTY02JAN2420600PE.NFO,02/01/2024,12:47:41,0.3,0.25,140560,0.3,172280,0,1674680
FINNIFTY02JAN2420600PE.NFO,02/01/2024,12:48:09,0.3,0.25,140560,0.3,171320,960,1674680
FINNIFTY02JAN2420600PE.NFO,02/01/2024,12:48:18,0.3,0.25,140560,0.3,171360,0,1674680
FINNIFTY02JAN2420600PE.NFO,02/01/2024,12:48:26,0.25,0.25,140160,0.3,171320,80,1674680
FINNIFTY02JAN2420600PE.NFO,02/01/2024,12:48:35,0.25,0.25,140480,0.3,171320,0,1674680
FINNIFTY02JAN2420600PE.NFO,02/01/2024,12:49:02,0.3,0.25,140560,0.3,170120,1240,1674680
