Ticker,Date,Time,LTP,BuyPrice,BuyQty,SellPrice,SellQty,LTQ,OpenInterest
FINNIFTY02JAN2420650PE.NFO,02/01/2024,09:15:02,0.7,0.45,12080,0.5,11120,3680,271360
FINNIFTY02JAN2420650PE.NFO,02/01/2024,09:15:02,0.7,0.45,12080,0.5,11120,0,271360
FINNIFTY02JAN2420650PE.NFO,02/01/2024,09:15:02,0.7,0.45,12080,0.5,11120,0,271360
FINNIFTY02JAN2420650PE.NFO,02/01/2024,09:15:02,0.45,0.45,12080,0.5,11120,0,271360
FINNIFTY02JAN2420650PE.NFO,02/01/2024,09:15:16,0.45,0.4,92000,0.45,38520,35680,271360
FINNIFTY02JAN2420650PE.NFO,02/01/2024,09:15:16,0.4,0.4,92000,0.45,38520,0,271360
FINNIFTY02JAN2420650PE.NFO,02/01/2024,09:15:28,0.45,0.45,24880,0.5,21000,32680,271360
FINNIFTY02JAN2420650PE.NFO,02/01/2024,09:15:39,0.45,0.45,36880,0.5,44480,33280,271360
FINNIFTY02JAN2420650PE.NFO,02/01/2024,09:15:50,0.45,0.4,66160,0.45,69240,40640,271360
FINNIFTY02JAN2420650PE.NFO,02/01/2024,09:16:00,0.45,0.4,70840,0.45,80880,4200,271360
FINNIFTY02JAN2420650PE.NFO,02/01/2024,09:16:12,0.4,0.4,101320,0.45,85280,49640,271360
FINNIFTY02JAN2420650PE.NFO,02/01/2024,09:16:22,0.45,0.4,101640,0.45,80760,1800,271360
FINNIFTY02JAN2420650PE.NFO,02/01/2024,09:16:31,0.4,0.4,95480,0.45,89880,5240,271360
FINNIFTY02JAN2420650PE.NFO,02/01/2024,09:16:41,0.4,0.4,93360,0.45,89080,4720,271360
FINNIFTY02JAN2420650PE.NFO,02/01/2024,09:16:50,0.4,0.4,89200,0.45,89680,4160,271360
FINNIFTY02JAN2420650PE.NFO,02/01/2024,09:17:00,0.45,0.4,85240,0.45,106920,4400,271360
FINNIFTY02JAN2420650PE.NFO,02/01/2024,09:17:10,0.4,0.4,40960,0.45,112600,47160,271360
FINNIFTY02JAN2420650PE.NFO,02/01/2024,09:17:19,0.4,0.4,30080,0.45,119480,11480,271360
FINNIFTY02JAN2420650PE.NFO,02/01/2024,09:17:29,0.4,0.35,72680,0.4,76360,5120,350440
FINNIFTY02JAN2420650PE.NFO,02/01/2024,09:17:29,0.35,0.35,72680,0.4,76360,0,350440
FINNIFTY02JAN2420650PE.NFO,02/01/2024,09:17:39,0.4,0.35,74680,0.4,90960,840,350440
FINNIFTY02JAN2420650PE.NFO,02/01/2024,09:17:48,0.35,0.35,57760,0.4,95280,17080,350440
FINNIFTY02JAN2420650PE.NFO,02/01/2024,09:17:58,0.4,0.35,62880,0.4,93480,12000,350440
FINNIFTY02JAN2420650PE.NFO,02/01/2024,09:18:07,0.4,0.35,71920,0.4,88200,10280,350440
FINNIFTY02JAN2420650PE.NFO,02/01/2024,09:18:17,0.4,0.35,72160,0.4,74440,480,350440
FINNIFTY02JAN2420650PE.NFO,02/01/2024,09:18:27,0.4,0.35,79800,0.4,70920,5760,350440
FINNIFTY02JAN2420650PE.NFO,02/01/2024,09:18:36,0.4,0.35,76040,0.4,63720,5400,350440
FINNIFTY02JAN2420650PE.NFO,02/01/2024,09:18:46,0.35,0.35,75640,0.4,67320,400,350440
FINNIFTY02JAN2420650PE.NFO,02/01/2024,09:18:55,0.4,0.35,85640,0.4,65920,1400,350440
FINNIFTY02JAN2420650PE.NFO,02/01/2024,09:19:06,0.4,0.35,81680,0.4,55040,4200,350440
FINNIFTY02JAN2420650PE.NFO,02/01/2024,09:19:16,0.4,0.35,78080,0.4,57040,1800,350440
FINNIFTY02JAN2420650PE.NFO,02/01/2024,09:19:26,0.35,0.35,129480,0.4,40080,17040,350440
FINNIFTY02JAN2420650PE.NFO,02/01/2024,09:19:35,0.4,0.35,139480,0.4,43680,3600,350440
FINNIFTY02JAN2420650PE.NFO,02/01/2024,09:19:45,0.4,0.35,139000,0.4,55080,4680,350440
FINNIFTY02JAN2420650PE.NFO,02/01/2024,09:19:56,0.35,0.35,137720,0.4,55200,1280,350440
FINNIFTY02JAN2420650PE.NFO,02/01/2024,09:20:06,0.4,0.35,139520,0.4,54040,1160,350440
FINNIFTY02JAN2420650PE.NFO,02/01/2024,09:20:16,0.4,0.35,139520,0.4,53120,920,350440
FINNIFTY02JAN2420650PE.NFO,02/01/2024,09:20:26,0.35,0.35,106040,0.4,57720,1080,350440
FINNIFTY02JAN2420650PE.NFO,02/01/2024,09:20:36,0.35,0.35,106080,0.4,58160,240,353640
FINNIFTY02JAN2420650PE.NFO,02/01/2024,09:20:45,0.4,0.35,106080,0.4,58840,1120,353640
FINNIFTY02JAN2420650PE.NFO,02/01/2024,09:20:55,0.4,0.35,106080,0.4,80720,21640,353640
FINNIFTY02JAN2420650PE.NFO,02/01/2024,09:21:04,0.4,0.4,32760,0.45,79600,58040,353640
FINNIFTY02JAN2420650PE.NFO,02/01/2024,09:21:15,0.45,0.4,58720,0.45,81120,2000,353640
FINNIFTY02JAN2420650PE.NFO,02/01/2024,09:21:25,0.45,0.4,60760,0.45,63080,7560,353640
FINNIFTY02JAN2420650PE.NFO,02/01/2024,09:21:35,0.4,0.4,58520,0.45,63800,5320,353640
FINNIFTY02JAN2420650PE.NFO,02/01/2024,09:21:45,0.4,0.4,7920,0.45,72560,33560,353640
FINNIFTY02JAN2420650PE.NFO,02/01/2024,09:21:55,0.4,0.35,111680,0.4,33880,53640,353640
FINNIFTY02JAN2420650PE.NFO,02/01/2024,09:22:07,0.4,0.35,112040,0.4,52480,360,353640
FINNIFTY02JAN2420650PE.NFO,02/01/2024,09:22:19,0.4,0.35,112000,0.4,52360,160,353640
FINNIFTY02JAN2420650PE.NFO,02/01/2024,09:22:30,0.4,0.35,112000,0.4,52560,200,353640
FINNIFTY02JAN2420650PE.NFO,02/01/2024,09:22:40,0.4,0.35,111000,0.4,50640,5680,353640
FINNIFTY02JAN2420650PE.NFO,02/01/2024,09:22:50,0.4,0.35,111000,0.4,50640,0,353640
FINNIFTY02JAN2420650PE.NFO,02/01/2024,09:23:09,0.35,0.35,110120,0.4,51000,440,353640
FINNIFTY02JAN2420650PE.NFO,02/01/2024,09:23:19,0.35,0.35,103400,0.4,58680,0,353640
FINNIFTY02JAN2420650PE.NFO,02/01/2024,09:23:28,0.4,0.35,103400,0.4,43960,14480,353640
FINNIFTY02JAN2420650PE.NFO,02/01/2024,09:23:37,0.4,0.35,103400,0.4,47200,360,330760
FINNIFTY02JAN2420650PE.NFO,02/01/2024,09:23:47,0.35,0.35,102600,0.4,50720,880,330760
FINNIFTY02JAN2420650PE.NFO,02/01/2024,09:23:56,0.4,0.35,101800,0.4,65440,5200,330760
FINNIFTY02JAN2420650PE.NFO,02/01/2024,09:24:05,0.4,0.35,101800,0.4,63360,560,330760
FINNIFTY02JAN2420650PE.NFO,02/01/2024,09:24:15,0.4,0.35,101400,0.4,63040,1320,330760
FINNIFTY02JAN2420650PE.NFO,02/01/2024,09:24:24,0.4,0.35,101400,0.4,63760,160,330760
FINNIFTY02JAN2420650PE.NFO,02/01/2024,09:24:35,0.35,0.35,101160,0.4,67320,880,330760
FINNIFTY02JAN2420650PE.NFO,02/01/2024,09:24:45,0.35,0.35,102560,0.4,67360,360,330760
FINNIFTY02JAN2420650PE.NFO,02/01/2024,09:24:55,0.35,0.35,102360,0.4,69160,160,330760
FINNIFTY02JAN2420650PE.NFO,02/01/2024,09:25:05,0.35,0.35,103120,0.4,87760,440,330760
FINNIFTY02JAN2420650PE.NFO,02/01/2024,09:25:16,0.35,0.35,100520,0.4,90080,3840,330760
FINNIFTY02JAN2420650PE.NFO,02/01/2024,09:25:26,0.35,0.35,99960,0.4,87840,600,330760
FINNIFTY02JAN2420650PE.NFO,02/01/2024,09:25:36,0.35,0.35,101600,0.4,86560,1440,330760
FINNIFTY02JAN2420650PE.NFO,02/01/2024,09:25:46,0.4,0.35,101360,0.4,86720,680,330760
FINNIFTY02JAN2420650PE.NFO,02/01/2024,09:25:56,0.35,0.35,101320,0.4,87120,40,330760
FINNIFTY02JAN2420650PE.NFO,02/01/2024,09:26:06,0.4,0.35,99440,0.4,92680,320,330760
FINNIFTY02JAN2420650PE.NFO,02/01/2024,09:26:15,0.4,0.35,102320,0.4,88240,2360,330760
FINNIFTY02JAN2420650PE.NFO,02/01/2024,09:26:26,0.35,0.35,80520,0.4,54360,14560,330760
FINNIFTY02JAN2420650PE.NFO,02/01/2024,09:26:36,0.35,0.35,78800,0.4,54880,1800,342240
FINNIFTY02JAN2420650PE.NFO,02/01/2024,09:26:46,0.35,0.35,75640,0.4,57760,160,342240
FINNIFTY02JAN2420650PE.NFO,02/01/2024,09:26:57,0.4,0.35,76640,0.4,56640,2880,342240
FINNIFTY02JAN2420650PE.NFO,02/01/2024,09:27:08,0.4,0.35,76640,0.4,62880,960,342240
FINNIFTY02JAN2420650PE.NFO,02/01/2024,09:27:18,0.4,0.35,74160,0.4,62240,1320,342240
FINNIFTY02JAN2420650PE.NFO,02/01/2024,09:27:28,0.4,0.35,108880,0.4,67800,1320,342240
FINNIFTY02JAN2420650PE.NFO,02/01/2024,09:27:38,0.4,0.35,108800,0.4,68760,1840,342240
FINNIFTY02JAN2420650PE.NFO,02/01/2024,09:27:48,0.35,0.35,88080,0.4,70880,3280,342240
FINNIFTY02JAN2420650PE.NFO,02/01/2024,09:27:57,0.4,0.35,86360,0.4,70640,2680,342240
FINNIFTY02JAN2420650PE.NFO,02/01/2024,09:28:07,0.35,0.35,100160,0.4,32600,28880,342240
FINNIFTY02JAN2420650PE.NFO,02/01/2024,09:28:17,0.4,0.35,100120,0.4,32800,1160,342240
FINNIFTY02JAN2420650PE.NFO,02/01/2024,09:28:28,0.35,0.35,99680,0.4,36400,1160,342240
FINNIFTY02JAN2420650PE.NFO,02/01/2024,09:28:41,0.35,0.35,98680,0.4,36480,1080,342240
FINNIFTY02JAN2420650PE.NFO,02/01/2024,09:28:55,0.35,0.35,98640,0.4,34680,1840,342240
FINNIFTY02JAN2420650PE.NFO,02/01/2024,09:29:05,0.35,0.35,96760,0.4,34480,1880,342240
FINNIFTY02JAN2420650PE.NFO,02/01/2024,09:29:16,0.35,0.35,99760,0.4,35000,0,342240
FINNIFTY02JAN2420650PE.NFO,02/01/2024,09:29:28,0.35,0.35,83120,0.4,35920,1840,368600
FINNIFTY02JAN2420650PE.NFO,02/01/2024,09:29:38,0.35,0.35,76320,0.4,81120,6800,368600
FINNIFTY02JAN2420650PE.NFO,02/01/2024,09:29:48,0.35,0.35,60080,0.4,85880,0,368600
FINNIFTY02JAN2420650PE.NFO,02/01/2024,09:29:58,0.35,0.35,59560,0.4,85880,520,368600
FINNIFTY02JAN2420650PE.NFO,02/01/2024,09:30:08,0.35,0.35,59240,0.4,84840,1320,368600
FINNIFTY02JAN2420650PE.NFO,02/01/2024,09:30:18,0.4,0.35,59240,0.4,84040,800,368600
FINNIFTY02JAN2420650PE.NFO,02/01/2024,09:30:28,0.4,0.35,59240,0.4,85280,0,368600
FINNIFTY02JAN2420650PE.NFO,02/01/2024,09:30:39,0.35,0.35,58960,0.4,85280,320,368600
FINNIFTY02JAN2420650PE.NFO,02/01/2024,09:30:48,0.35,0.35,58960,0.4,85280,0,368600
FINNIFTY02JAN2420650PE.NFO,02/01/2024,09:30:59,0.35,0.35,73600,0.4,101480,0,368600
FINNIFTY02JAN2420650PE.NFO,02/01/2024,09:31:10,0.35,0.35,72760,0.4,102000,1360,368600
FINNIFTY02JAN2420650PE.NFO,02/01/2024,09:31:21,0.35,0.35,72760,0.4,102000,0,368600
FINNIFTY02JAN2420650PE.NFO,02/01/2024,09:31:30,0.35,0.35,59400,0.4,113360,36480,368600
FINNIFTY02JAN2420650PE.NFO,02/01/2024,09:31:40,0.35,0.35,59680,0.4,130520,1360,368600
FINNIFTY02JAN2420650PE.NFO,02/01/2024,09:31:49,0.35,0.35,46080,0.4,131600,2760,368600
FINNIFTY02JAN2420650PE.NFO,02/01/2024,09:31:59,0.4,0.35,79560,0.4,107040,21680,368600
FINNIFTY02JAN2420650PE.NFO,02/01/2024,09:32:08,0.4,0.35,77880,0.4,106040,1200,368600
FINNIFTY02JAN2420650PE.NFO,02/01/2024,09:32:18,0.4,0.35,77880,0.4,104440,0,368600
FINNIFTY02JAN2420650PE.NFO,02/01/2024,09:33:08,0.4,0.35,79080,0.4,104440,0,368600
FINNIFTY02JAN2420650PE.NFO,02/01/2024,09:33:17,0.4,0.35,79080,0.4,104520,0,368600
FINNIFTY02JAN2420650PE.NFO,02/01/2024,09:33:27,0.4,0.35,79080,0.4,104440,80,354120
FINNIFTY02JAN2420650PE.NFO,02/01/2024,09:33:46,0.4,0.35,79080,0.4,104320,120,354120
FINNIFTY02JAN2420650PE.NFO,02/01/2024,09:33:55,0.4,0.35,79080,0.4,105640,0,354120
FINNIFTY02JAN2420650PE.NFO,02/01/2024,09:34:05,0.4,0.35,79080,0.4,105400,240,354120
FINNIFTY02JAN2420650PE.NFO,02/01/2024,09:34:14,0.35,0.35,78800,0.4,105400,280,354120
FINNIFTY02JAN2420650PE.NFO,02/01/2024,09:34:32,0.35,0.35,78800,0.4,106600,2880,354120
FINNIFTY02JAN2420650PE.NFO,02/01/2024,09:34:41,0.35,0.35,80360,0.4,106400,1120,354120
FINNIFTY02JAN2420650PE.NFO,02/01/2024,09:35:09,0.4,0.35,80400,0.4,105840,160,354120
FINNIFTY02JAN2420650PE.NFO,02/01/2024,09:35:18,0.4,0.35,80400,0.4,105440,400,354120
FINNIFTY02JAN2420650PE.NFO,02/01/2024,09:35:28,0.4,0.35,112080,0.4,108320,0,354120
FINNIFTY02JAN2420650PE.NFO,02/01/2024,09:36:06,0.4,0.35,123600,0.4,119840,0,354120
FINNIFTY02JAN2420650PE.NFO,02/01/2024,09:36:24,0.4,0.35,123600,0.4,119800,40,351520
FINNIFTY02JAN2420650PE.NFO,02/01/2024,09:36:34,0.4,0.35,123600,0.4,119600,200,351520
FINNIFTY02JAN2420650PE.NFO,02/01/2024,09:36:43,0.4,0.35,123600,0.4,119600,0,351520
FINNIFTY02JAN2420650PE.NFO,02/01/2024,09:37:09,0.4,0.35,123600,0.4,126920,0,351520
FINNIFTY02JAN2420650PE.NFO,02/01/2024,09:37:36,0.35,0.35,125480,0.4,120760,40,351520
FINNIFTY02JAN2420650PE.NFO,02/01/2024,09:37:45,0.35,0.35,125440,0.4,127960,40,351520
FINNIFTY02JAN2420650PE.NFO,02/01/2024,09:37:53,0.35,0.35,125440,0.4,127960,0,351520
FINNIFTY02JAN2420650PE.NFO,02/01/2024,09:38:02,0.35,0.35,125440,0.4,127280,0,351520
FINNIFTY02JAN2420650PE.NFO,02/01/2024,09:38:19,0.35,0.35,111160,0.4,128720,1800,351520
FINNIFTY02JAN2420650PE.NFO,02/01/2024,09:38:29,0.35,0.35,110880,0.4,129760,720,351520
FINNIFTY02JAN2420650PE.NFO,02/01/2024,09:38:39,0.4,0.35,110840,0.4,128880,880,349160
FINNIFTY02JAN2420650PE.NFO,02/01/2024,09:38:58,0.4,0.35,110960,0.4,129560,760,349160
FINNIFTY02JAN2420650PE.NFO,02/01/2024,09:39:07,0.35,0.35,110240,0.4,136840,2480,349160
FINNIFTY02JAN2420650PE.NFO,02/01/2024,09:39:17,0.4,0.35,106440,0.4,136360,2040,349160
FINNIFTY02JAN2420650PE.NFO,02/01/2024,09:39:35,0.35,0.35,108480,0.4,154040,1240,349160
FINNIFTY02JAN2420650PE.NFO,02/01/2024,09:39:44,0.35,0.35,111840,0.4,154120,0,349160
FINNIFTY02JAN2420650PE.NFO,02/01/2024,09:39:54,0.4,0.35,108560,0.4,154960,3960,349160
FINNIFTY02JAN2420650PE.NFO,02/01/2024,09:40:06,0.35,0.35,111560,0.4,155040,840,349160
FINNIFTY02JAN2420650PE.NFO,02/01/2024,09:40:16,0.35,0.35,111800,0.4,155040,320,349160
FINNIFTY02JAN2420650PE.NFO,02/01/2024,09:40:26,0.35,0.35,111120,0.4,155320,760,349160
FINNIFTY02JAN2420650PE.NFO,02/01/2024,09:40:37,0.35,0.35,110600,0.4,155320,1000,349160
FINNIFTY02JAN2420650PE.NFO,02/01/2024,09:40:47,0.35,0.35,110040,0.4,155320,560,349160
FINNIFTY02JAN2420650PE.NFO,02/01/2024,09:41:57,0.35,0.35,110040,0.4,155320,0,349160
FINNIFTY02JAN2420650PE.NFO,02/01/2024,09:42:17,0.35,0.35,115440,0.4,155320,0,349160
FINNIFTY02JAN2420650PE.NFO,02/01/2024,09:42:26,0.4,0.35,119040,0.4,155120,200,344840
FINNIFTY02JAN2420650PE.NFO,02/01/2024,09:42:35,0.4,0.35,119040,0.4,154560,560,344840
FINNIFTY02JAN2420650PE.NFO,02/01/2024,09:42:44,0.4,0.35,119040,0.4,154040,520,344840
FINNIFTY02JAN2420650PE.NFO,02/01/2024,09:43:04,0.4,0.35,119040,0.4,153520,520,344840
FINNIFTY02JAN2420650PE.NFO,02/01/2024,09:43:14,0.4,0.35,119040,0.4,153000,520,344840
FINNIFTY02JAN2420650PE.NFO,02/01/2024,09:43:34,0.35,0.35,119000,0.4,153000,40,344840
FINNIFTY02JAN2420650PE.NFO,02/01/2024,09:43:53,0.4,0.35,119000,0.4,152960,40,344840
FINNIFTY02JAN2420650PE.NFO,02/01/2024,09:44:03,0.35,0.35,118440,0.4,148200,5320,344840
FINNIFTY02JAN2420650PE.NFO,02/01/2024,09:44:12,0.35,0.35,118440,0.4,148200,0,344840
FINNIFTY02JAN2420650PE.NFO,02/01/2024,09:44:40,0.4,0.35,118440,0.4,148120,80,344240
FINNIFTY02JAN2420650PE.NFO,02/01/2024,09:44:49,0.4,0.35,118440,0.4,148080,40,344240
FINNIFTY02JAN2420650PE.NFO,02/01/2024,09:44:58,0.35,0.35,112880,0.4,148080,160,344240
FINNIFTY02JAN2420650PE.NFO,02/01/2024,09:45:07,0.35,0.35,109200,0.4,148040,120,344240
FINNIFTY02JAN2420650PE.NFO,02/01/2024,09:45:26,0.35,0.35,106880,0.4,148040,2320,344240
FINNIFTY02JAN2420650PE.NFO,02/01/2024,09:45:36,0.35,0.35,111080,0.4,148040,2520,344240
FINNIFTY02JAN2420650PE.NFO,02/01/2024,09:45:45,0.35,0.35,111240,0.4,148040,440,344240
FINNIFTY02JAN2420650PE.NFO,02/01/2024,09:45:54,0.35,0.35,111000,0.4,148040,1440,344240
FINNIFTY02JAN2420650PE.NFO,02/01/2024,09:46:04,0.4,0.35,106760,0.4,146040,3880,344240
FINNIFTY02JAN2420650PE.NFO,02/01/2024,09:46:14,0.4,0.35,106760,0.4,145920,520,344240
FINNIFTY02JAN2420650PE.NFO,02/01/2024,09:46:24,0.4,0.35,106760,0.4,145080,440,344240
FINNIFTY02JAN2420650PE.NFO,02/01/2024,09:46:34,0.4,0.35,106760,0.4,144720,360,344240
FINNIFTY02JAN2420650PE.NFO,02/01/2024,09:46:43,0.4,0.35,106760,0.4,144680,40,344240
FINNIFTY02JAN2420650PE.NFO,02/01/2024,09:47:11,0.4,0.35,106400,0.4,144480,560,344240
FINNIFTY02JAN2420650PE.NFO,02/01/2024,09:47:38,0.4,0.35,106400,0.4,144480,0,344240
FINNIFTY02JAN2420650PE.NFO,02/01/2024,09:47:47,0.4,0.35,106360,0.4,144480,0,344240
FINNIFTY02JAN2420650PE.NFO,02/01/2024,09:47:56,0.35,0.35,106320,0.4,144480,80,345800
FINNIFTY02JAN2420650PE.NFO,02/01/2024,09:48:06,0.35,0.35,134600,0.4,146280,18360,345800
FINNIFTY02JAN2420650PE.NFO,02/01/2024,09:48:15,0.4,0.35,134560,0.4,145760,2320,345800
FINNIFTY02JAN2420650PE.NFO,02/01/2024,09:48:23,0.4,0.35,134560,0.4,145760,0,345800
FINNIFTY02JAN2420650PE.NFO,02/01/2024,09:48:32,0.35,0.35,133160,0.4,145760,2160,345800
FINNIFTY02JAN2420650PE.NFO,02/01/2024,09:48:42,0.35,0.35,131280,0.4,145760,1880,345800
FINNIFTY02JAN2420650PE.NFO,02/01/2024,09:48:51,0.4,0.35,131080,0.4,145640,3560,345800
FINNIFTY02JAN2420650PE.NFO,02/01/2024,09:49:00,0.35,0.35,127080,0.4,145240,4000,345800
FINNIFTY02JAN2420650PE.NFO,02/01/2024,09:49:10,0.35,0.35,127080,0.4,146840,0,345800
FINNIFTY02JAN2420650PE.NFO,02/01/2024,09:49:19,0.35,0.35,125160,0.4,146400,3760,345800
FINNIFTY02JAN2420650PE.NFO,02/01/2024,09:49:29,0.3,0.3,157800,0.35,124960,74120,345800
FINNIFTY02JAN2420650PE.NFO,02/01/2024,09:49:29,0.3,0.3,157800,0.35,124960,0,345800
FINNIFTY02JAN2420650PE.NFO,02/01/2024,09:49:38,0.3,0.3,157800,0.35,158440,0,345800
FINNIFTY02JAN2420650PE.NFO,02/01/2024,09:49:56,0.3,0.3,156000,0.35,176000,0,345800
FINNIFTY02JAN2420650PE.NFO,02/01/2024,09:50:05,0.3,0.3,156000,0.35,182680,0,345800
FINNIFTY02JAN2420650PE.NFO,02/01/2024,09:50:14,0.3,0.3,159600,0.35,182680,0,345800
FINNIFTY02JAN2420650PE.NFO,02/01/2024,09:50:23,0.3,0.3,162800,0.35,182840,0,345800
FINNIFTY02JAN2420650PE.NFO,02/01/2024,09:50:32,0.35,0.3,162920,0.35,182680,240,345800
FINNIFTY02JAN2420650PE.NFO,02/01/2024,09:51:08,0.35,0.3,162920,0.35,182240,40,388880
FINNIFTY02JAN2420650PE.NFO,02/01/2024,09:51:38,0.3,0.3,160640,0.35,182240,480,388880
FINNIFTY02JAN2420650PE.NFO,02/01/2024,09:51:47,0.3,0.3,157040,0.35,182640,3600,388880
FINNIFTY02JAN2420650PE.NFO,02/01/2024,09:51:56,0.3,0.3,156840,0.35,182640,200,388880
FINNIFTY02JAN2420650PE.NFO,02/01/2024,09:52:14,0.3,0.3,147840,0.35,182240,0,388880
FINNIFTY02JAN2420650PE.NFO,02/01/2024,09:52:23,0.3,0.3,107040,0.35,153640,28600,388880
FINNIFTY02JAN2420650PE.NFO,02/01/2024,09:52:32,0.35,0.3,113400,0.35,160240,4000,388880
FINNIFTY02JAN2420650PE.NFO,02/01/2024,09:52:41,0.35,0.3,113680,0.35,173600,640,388880
FINNIFTY02JAN2420650PE.NFO,02/01/2024,09:52:50,0.3,0.3,110440,0.35,173600,40,388880
FINNIFTY02JAN2420650PE.NFO,02/01/2024,09:52:59,0.35,0.3,137440,0.35,170280,680,388880
FINNIFTY02JAN2420650PE.NFO,02/01/2024,09:53:27,0.35,0.3,131680,0.35,170240,40,388880
FINNIFTY02JAN2420650PE.NFO,02/01/2024,09:53:36,0.35,0.3,142120,0.35,155840,400,388040
FINNIFTY02JAN2420650PE.NFO,02/01/2024,09:53:55,0.35,0.3,142120,0.35,154840,1000,388040
FINNIFTY02JAN2420650PE.NFO,02/01/2024,09:54:04,0.3,0.3,142040,0.35,155800,600,388040
FINNIFTY02JAN2420650PE.NFO,02/01/2024,09:54:21,0.3,0.3,142040,0.35,155800,0,388040
FINNIFTY02JAN2420650PE.NFO,02/01/2024,09:54:31,0.3,0.3,141840,0.35,155680,1120,388040
FINNIFTY02JAN2420650PE.NFO,02/01/2024,09:54:41,0.3,0.3,141640,0.35,155680,200,388040
FINNIFTY02JAN2420650PE.NFO,02/01/2024,09:54:50,0.35,0.3,143280,0.35,156280,4840,388040
FINNIFTY02JAN2420650PE.NFO,02/01/2024,09:55:01,0.3,0.3,140080,0.35,155760,13800,388040
FINNIFTY02JAN2420650PE.NFO,02/01/2024,09:55:12,0.3,0.3,140400,0.35,159360,1800,388040
FINNIFTY02JAN2420650PE.NFO,02/01/2024,09:55:22,0.3,0.3,138240,0.35,159360,360,388040
FINNIFTY02JAN2420650PE.NFO,02/01/2024,09:55:32,0.3,0.3,114800,0.35,159600,15400,388040
FINNIFTY02JAN2420650PE.NFO,02/01/2024,09:55:43,0.35,0.3,138760,0.35,159760,1560,388040
FINNIFTY02JAN2420650PE.NFO,02/01/2024,09:55:52,0.3,0.3,140320,0.35,160000,240,388040
FINNIFTY02JAN2420650PE.NFO,02/01/2024,09:56:04,0.3,0.3,128400,0.35,160080,15560,388040
FINNIFTY02JAN2420650PE.NFO,02/01/2024,09:56:16,0.3,0.3,154040,0.35,130440,62120,388040
FINNIFTY02JAN2420650PE.NFO,02/01/2024,09:56:29,0.3,0.3,163920,0.35,126600,16760,388040
FINNIFTY02JAN2420650PE.NFO,02/01/2024,09:56:41,0.35,0.3,165640,0.35,122800,5360,368000
FINNIFTY02JAN2420650PE.NFO,02/01/2024,09:56:53,0.35,0.3,157600,0.35,109920,12920,368000
FINNIFTY02JAN2420650PE.NFO,02/01/2024,09:57:05,0.3,0.3,158800,0.35,114280,4000,368000
FINNIFTY02JAN2420650PE.NFO,02/01/2024,09:57:18,0.35,0.3,175840,0.35,75440,51920,368000
FINNIFTY02JAN2420650PE.NFO,02/01/2024,09:57:31,0.35,0.35,155040,0.4,118000,118000,368000
FINNIFTY02JAN2420650PE.NFO,02/01/2024,09:57:43,0.4,0.35,163480,0.4,174960,13760,368000
FINNIFTY02JAN2420650PE.NFO,02/01/2024,09:57:54,0.35,0.35,120320,0.4,178840,28400,368000
FINNIFTY02JAN2420650PE.NFO,02/01/2024,09:58:05,0.35,0.35,119920,0.4,177520,55760,368000
FINNIFTY02JAN2420650PE.NFO,02/01/2024,09:58:17,0.35,0.35,94320,0.4,181320,38160,368000
FINNIFTY02JAN2420650PE.NFO,02/01/2024,09:58:28,0.4,0.35,88400,0.4,184240,13240,368000
FINNIFTY02JAN2420650PE.NFO,02/01/2024,09:58:41,0.4,0.35,92520,0.4,161600,11920,368000
FINNIFTY02JAN2420650PE.NFO,02/01/2024,09:58:52,0.35,0.35,106320,0.4,150800,600,368000
FINNIFTY02JAN2420650PE.NFO,02/01/2024,09:59:02,0.4,0.35,106360,0.4,157280,4080,368000
FINNIFTY02JAN2420650PE.NFO,02/01/2024,09:59:13,0.4,0.35,103920,0.4,140920,4400,368000
FINNIFTY02JAN2420650PE.NFO,02/01/2024,09:59:26,0.4,0.35,103920,0.4,143960,80,368000
FINNIFTY02JAN2420650PE.NFO,02/01/2024,09:59:37,0.35,0.35,103880,0.4,168880,1480,329000
FINNIFTY02JAN2420650PE.NFO,02/01/2024,09:59:48,0.35,0.35,102600,0.4,147280,1320,329000
FINNIFTY02JAN2420650PE.NFO,02/01/2024,09:59:59,0.4,0.35,101080,0.4,154400,3760,329000
FINNIFTY02JAN2420650PE.NFO,02/01/2024,10:00:10,0.4,0.35,100840,0.4,159080,2720,329000
FINNIFTY02JAN2420650PE.NFO,02/01/2024,10:00:22,0.4,0.35,118800,0.4,160640,3160,329000
FINNIFTY02JAN2420650PE.NFO,02/01/2024,10:00:35,0.4,0.35,117760,0.4,165640,3800,329000
FINNIFTY02JAN2420650PE.NFO,02/01/2024,10:00:47,0.35,0.35,115240,0.4,165240,2600,329000
FINNIFTY02JAN2420650PE.NFO,02/01/2024,10:00:58,0.35,0.35,114840,0.4,163320,2320,329000
FINNIFTY02JAN2420650PE.NFO,02/01/2024,10:01:08,0.35,0.35,114720,0.4,163720,840,329000
FINNIFTY02JAN2420650PE.NFO,02/01/2024,10:01:19,0.35,0.35,114440,0.4,156480,320,329000
FINNIFTY02JAN2420650PE.NFO,02/01/2024,10:01:31,0.35,0.35,114600,0.4,156480,40,329000
FINNIFTY02JAN2420650PE.NFO,02/01/2024,10:01:41,0.35,0.35,114440,0.4,163680,160,329000
FINNIFTY02JAN2420650PE.NFO,02/01/2024,10:01:52,0.35,0.35,112360,0.4,161880,2080,329000
FINNIFTY02JAN2420650PE.NFO,02/01/2024,10:02:02,0.35,0.35,114040,0.4,160280,1720,329000
FINNIFTY02JAN2420650PE.NFO,02/01/2024,10:02:12,0.4,0.35,115440,0.4,194680,2000,329000
FINNIFTY02JAN2420650PE.NFO,02/01/2024,10:02:23,0.35,0.35,115280,0.4,201880,160,329000
FINNIFTY02JAN2420650PE.NFO,02/01/2024,10:02:33,0.4,0.35,116080,0.4,199880,1600,329000
FINNIFTY02JAN2420650PE.NFO,02/01/2024,10:02:43,0.4,0.35,115480,0.4,199680,600,330080
FINNIFTY02JAN2420650PE.NFO,02/01/2024,10:02:53,0.35,0.35,113400,0.4,199280,2800,330080
FINNIFTY02JAN2420650PE.NFO,02/01/2024,10:03:03,0.35,0.35,114280,0.4,198680,1080,330080
FINNIFTY02JAN2420650PE.NFO,02/01/2024,10:03:14,0.35,0.35,111120,0.4,198680,2520,330080
FINNIFTY02JAN2420650PE.NFO,02/01/2024,10:03:27,0.35,0.35,112760,0.4,162680,320,330080
FINNIFTY02JAN2420650PE.NFO,02/01/2024,10:03:39,0.35,0.35,112760,0.4,162280,0,330080
FINNIFTY02JAN2420650PE.NFO,02/01/2024,10:03:50,0.35,0.35,112520,0.4,162280,240,330080
FINNIFTY02JAN2420650PE.NFO,02/01/2024,10:04:00,0.35,0.35,111720,0.4,162680,800,330080
FINNIFTY02JAN2420650PE.NFO,02/01/2024,10:04:11,0.35,0.35,111400,0.4,162680,1040,330080
FINNIFTY02JAN2420650PE.NFO,02/01/2024,10:04:21,0.35,0.35,108120,0.4,162680,1440,330080
FINNIFTY02JAN2420650PE.NFO,02/01/2024,10:04:31,0.4,0.35,107240,0.4,160800,2840,330080
FINNIFTY02JAN2420650PE.NFO,02/01/2024,10:04:41,0.4,0.35,104680,0.4,159480,2080,330080
FINNIFTY02JAN2420650PE.NFO,02/01/2024,10:04:52,0.35,0.35,105560,0.4,154880,5840,330080
FINNIFTY02JAN2420650PE.NFO,02/01/2024,10:05:02,0.35,0.35,103160,0.4,154880,3000,330080
FINNIFTY02JAN2420650PE.NFO,02/01/2024,10:05:13,0.4,0.35,101760,0.4,154320,1960,330080
FINNIFTY02JAN2420650PE.NFO,02/01/2024,10:05:23,0.4,0.35,101760,0.4,154120,200,330080
FINNIFTY02JAN2420650PE.NFO,02/01/2024,10:05:33,0.35,0.35,101720,0.4,155280,160,330080
FINNIFTY02JAN2420650PE.NFO,02/01/2024,10:05:43,0.35,0.35,50640,0.4,159960,41840,335720
FINNIFTY02JAN2420650PE.NFO,02/01/2024,10:05:53,0.35,0.3,146480,0.35,169720,38280,335720
FINNIFTY02JAN2420650PE.NFO,02/01/2024,10:06:03,0.3,0.3,128200,0.35,186720,400,335720
FINNIFTY02JAN2420650PE.NFO,02/01/2024,10:06:14,0.35,0.3,206280,0.35,186960,720,335720
FINNIFTY02JAN2420650PE.NFO,02/01/2024,10:06:24,0.35,0.3,205840,0.35,188520,8520,335720
FINNIFTY02JAN2420650PE.NFO,02/01/2024,10:06:34,0.35,0.3,206760,0.35,188920,2080,335720
FINNIFTY02JAN2420650PE.NFO,02/01/2024,10:06:45,0.35,0.3,205360,0.35,179840,14120,335720
FINNIFTY02JAN2420650PE.NFO,02/01/2024,10:06:55,0.35,0.3,270640,0.35,130800,89680,335720
FINNIFTY02JAN2420650PE.NFO,02/01/2024,10:07:05,0.35,0.3,272520,0.35,132200,3240,335720
FINNIFTY02JAN2420650PE.NFO,02/01/2024,10:07:16,0.35,0.3,272520,0.35,131000,800,335720
FINNIFTY02JAN2420650PE.NFO,02/01/2024,10:07:26,0.35,0.3,272520,0.35,114200,2400,335720
FINNIFTY02JAN2420650PE.NFO,02/01/2024,10:07:37,0.3,0.3,312640,0.35,115520,3120,335720
FINNIFTY02JAN2420650PE.NFO,02/01/2024,10:07:48,0.35,0.3,312800,0.35,148720,3840,335720
FINNIFTY02JAN2420650PE.NFO,02/01/2024,10:07:58,0.35,0.3,312800,0.35,146600,2600,335720
FINNIFTY02JAN2420650PE.NFO,02/01/2024,10:08:08,0.35,0.3,312800,0.35,148120,2280,335720
FINNIFTY02JAN2420650PE.NFO,02/01/2024,10:08:18,0.35,0.3,312800,0.35,171360,0,335720
FINNIFTY02JAN2420650PE.NFO,02/01/2024,10:08:28,0.3,0.3,312600,0.35,169960,2000,335720
FINNIFTY02JAN2420650PE.NFO,02/01/2024,10:08:38,0.3,0.3,311560,0.35,170920,1040,373160
FINNIFTY02JAN2420650PE.NFO,02/01/2024,10:08:48,0.35,0.3,309840,0.35,150000,8800,373160
FINNIFTY02JAN2420650PE.NFO,02/01/2024,10:08:58,0.35,0.3,309840,0.35,151240,120,373160
FINNIFTY02JAN2420650PE.NFO,02/01/2024,10:09:08,0.3,0.3,309480,0.35,150680,560,373160
FINNIFTY02JAN2420650PE.NFO,02/01/2024,10:09:18,0.35,0.3,309480,0.35,149880,1240,373160
FINNIFTY02JAN2420650PE.NFO,02/01/2024,10:09:28,0.35,0.3,291480,0.35,150000,360,373160
FINNIFTY02JAN2420650PE.NFO,02/01/2024,10:09:37,0.35,0.3,296880,0.35,148800,1200,373160
FINNIFTY02JAN2420650PE.NFO,02/01/2024,10:09:47,0.35,0.3,296840,0.35,146320,2080,373160
FINNIFTY02JAN2420650PE.NFO,02/01/2024,10:09:57,0.35,0.3,287840,0.35,144920,1800,373160
FINNIFTY02JAN2420650PE.NFO,02/01/2024,10:10:07,0.35,0.3,260080,0.35,144480,800,373160
FINNIFTY02JAN2420650PE.NFO,02/01/2024,10:10:17,0.35,0.3,260080,0.35,145440,0,373160
FINNIFTY02JAN2420650PE.NFO,02/01/2024,10:10:27,0.35,0.3,260080,0.35,145000,360,373160
FINNIFTY02JAN2420650PE.NFO,02/01/2024,10:10:37,0.35,0.3,260240,0.35,145000,0,373160
FINNIFTY02JAN2420650PE.NFO,02/01/2024,10:11:06,0.35,0.3,260240,0.35,144440,160,373160
FINNIFTY02JAN2420650PE.NFO,02/01/2024,10:11:16,0.35,0.3,260240,0.35,144280,160,373160
FINNIFTY02JAN2420650PE.NFO,02/01/2024,10:11:26,0.35,0.3,260200,0.35,143440,960,373160
FINNIFTY02JAN2420650PE.NFO,02/01/2024,10:11:36,0.35,0.3,260520,0.35,141720,2160,373160
FINNIFTY02JAN2420650PE.NFO,02/01/2024,10:11:45,0.3,0.3,253320,0.35,141320,7200,371840
FINNIFTY02JAN2420650PE.NFO,02/01/2024,10:11:54,0.35,0.3,253320,0.35,139800,1520,371840
FINNIFTY02JAN2420650PE.NFO,02/01/2024,10:12:03,0.35,0.3,252840,0.35,146520,0,371840
FINNIFTY02JAN2420650PE.NFO,02/01/2024,10:12:13,0.3,0.3,246520,0.35,159520,9200,371840
FINNIFTY02JAN2420650PE.NFO,02/01/2024,10:12:22,0.35,0.3,246520,0.35,159680,7200,371840
FINNIFTY02JAN2420650PE.NFO,02/01/2024,10:12:32,0.35,0.3,246520,0.35,150880,9160,371840
FINNIFTY02JAN2420650PE.NFO,02/01/2024,10:12:43,0.35,0.3,247000,0.35,142520,9320,371840
FINNIFTY02JAN2420650PE.NFO,02/01/2024,10:12:54,0.35,0.3,241600,0.35,127680,440,371840
FINNIFTY02JAN2420650PE.NFO,02/01/2024,10:13:04,0.35,0.3,241120,0.35,126640,9000,371840
FINNIFTY02JAN2420650PE.NFO,02/01/2024,10:13:15,0.35,0.3,241120,0.35,126600,40,371840
FINNIFTY02JAN2420650PE.NFO,02/01/2024,10:13:24,0.35,0.3,242080,0.35,90760,10200,371840
FINNIFTY02JAN2420650PE.NFO,02/01/2024,10:13:34,0.35,0.3,241640,0.35,112000,41400,371840
FINNIFTY02JAN2420650PE.NFO,02/01/2024,10:13:44,0.35,0.3,241600,0.35,120000,40,371840
FINNIFTY02JAN2420650PE.NFO,02/01/2024,10:13:54,0.35,0.3,245200,0.35,129640,160,371840
FINNIFTY02JAN2420650PE.NFO,02/01/2024,10:14:04,0.35,0.3,245200,0.35,120120,4360,371840
FINNIFTY02JAN2420650PE.NFO,02/01/2024,10:14:15,0.3,0.3,250320,0.35,49440,86720,371840
FINNIFTY02JAN2420650PE.NFO,02/01/2024,10:14:24,0.35,0.35,158320,0.4,229360,86400,371840
FINNIFTY02JAN2420650PE.NFO,02/01/2024,10:14:34,0.35,0.35,147480,0.4,229840,40,371840
FINNIFTY02JAN2420650PE.NFO,02/01/2024,10:14:45,0.4,0.35,167160,0.4,196400,3440,436680
FINNIFTY02JAN2420650PE.NFO,02/01/2024,10:14:55,0.35,0.35,147160,0.4,205320,23920,436680
FINNIFTY02JAN2420650PE.NFO,02/01/2024,10:15:04,0.35,0.35,148080,0.4,205320,40,436680
FINNIFTY02JAN2420650PE.NFO,02/01/2024,10:15:14,0.35,0.35,147560,0.4,205320,40,436680
FINNIFTY02JAN2420650PE.NFO,02/01/2024,10:15:25,0.35,0.35,147960,0.4,205320,80,436680
FINNIFTY02JAN2420650PE.NFO,02/01/2024,10:15:34,0.35,0.35,145520,0.4,205320,40,436680
FINNIFTY02JAN2420650PE.NFO,02/01/2024,10:15:44,0.35,0.35,143720,0.4,205320,40,436680
FINNIFTY02JAN2420650PE.NFO,02/01/2024,10:15:53,0.35,0.35,146080,0.4,203520,40,436680
FINNIFTY02JAN2420650PE.NFO,02/01/2024,10:16:03,0.35,0.35,147240,0.4,203560,280,436680
FINNIFTY02JAN2420650PE.NFO,02/01/2024,10:16:13,0.35,0.35,147240,0.4,203560,0,436680
FINNIFTY02JAN2420650PE.NFO,02/01/2024,10:16:24,0.35,0.35,147480,0.4,203560,0,436680
FINNIFTY02JAN2420650PE.NFO,02/01/2024,10:16:53,0.35,0.35,147760,0.4,199520,6440,436680
FINNIFTY02JAN2420650PE.NFO,02/01/2024,10:17:02,0.4,0.35,147800,0.4,167680,17160,436680
FINNIFTY02JAN2420650PE.NFO,02/01/2024,10:17:12,0.4,0.35,152680,0.4,154640,13520,436680
FINNIFTY02JAN2420650PE.NFO,02/01/2024,10:17:22,0.35,0.35,166960,0.4,144200,12920,436680
FINNIFTY02JAN2420650PE.NFO,02/01/2024,10:17:32,0.4,0.35,173200,0.4,142520,5000,436680
FINNIFTY02JAN2420650PE.NFO,02/01/2024,10:17:42,0.35,0.35,174440,0.4,137360,10000,425120
FINNIFTY02JAN2420650PE.NFO,02/01/2024,10:17:52,0.35,0.35,174760,0.4,156160,11280,425120
FINNIFTY02JAN2420650PE.NFO,02/01/2024,10:18:01,0.35,0.35,175400,0.4,171280,18040,425120
FINNIFTY02JAN2420650PE.NFO,02/01/2024,10:18:10,0.35,0.35,173960,0.4,181080,18000,425120
FINNIFTY02JAN2420650PE.NFO,02/01/2024,10:18:20,0.35,0.35,173960,0.4,181080,0,425120
FINNIFTY02JAN2420650PE.NFO,02/01/2024,10:19:18,0.4,0.35,174920,0.4,180560,40,425120
FINNIFTY02JAN2420650PE.NFO,02/01/2024,10:19:27,0.4,0.35,157960,0.4,180560,0,425120
FINNIFTY02JAN2420650PE.NFO,02/01/2024,10:19:36,0.4,0.35,157960,0.4,180520,40,425120
FINNIFTY02JAN2420650PE.NFO,02/01/2024,10:19:46,0.4,0.35,155680,0.4,176320,6960,425120
FINNIFTY02JAN2420650PE.NFO,02/01/2024,10:19:55,0.35,0.35,155200,0.4,181800,960,425120
FINNIFTY02JAN2420650PE.NFO,02/01/2024,10:20:04,0.35,0.35,153040,0.4,181800,7200,425120
FINNIFTY02JAN2420650PE.NFO,02/01/2024,10:20:14,0.35,0.35,153040,0.4,181800,0,425120
FINNIFTY02JAN2420650PE.NFO,02/01/2024,10:20:24,0.35,0.35,153040,0.4,167400,0,425120
FINNIFTY02JAN2420650PE.NFO,02/01/2024,10:20:33,0.35,0.35,144040,0.4,171000,13080,425120
FINNIFTY02JAN2420650PE.NFO,02/01/2024,10:20:43,0.35,0.35,137880,0.4,172240,9600,438720
FINNIFTY02JAN2420650PE.NFO,02/01/2024,10:20:53,0.35,0.35,133960,0.4,175080,5800,438720
FINNIFTY02JAN2420650PE.NFO,02/01/2024,10:21:03,0.35,0.35,133800,0.4,166160,0,438720
FINNIFTY02JAN2420650PE.NFO,02/01/2024,10:21:22,0.35,0.35,133200,0.4,166160,120,438720
FINNIFTY02JAN2420650PE.NFO,02/01/2024,10:21:32,0.35,0.35,133560,0.4,165680,120,438720
FINNIFTY02JAN2420650PE.NFO,02/01/2024,10:21:42,0.35,0.35,133560,0.4,165680,0,438720
FINNIFTY02JAN2420650PE.NFO,02/01/2024,10:21:52,0.35,0.35,93640,0.4,162160,24320,438720
FINNIFTY02JAN2420650PE.NFO,02/01/2024,10:22:02,0.35,0.3,192280,0.35,129160,88440,438720
FINNIFTY02JAN2420650PE.NFO,02/01/2024,10:22:11,0.35,0.3,192280,0.35,129040,120,438720
FINNIFTY02JAN2420650PE.NFO,02/01/2024,10:22:21,0.35,0.3,192280,0.35,129080,920,438720
FINNIFTY02JAN2420650PE.NFO,02/01/2024,10:22:31,0.3,0.3,191480,0.35,131560,1000,438720
FINNIFTY02JAN2420650PE.NFO,02/01/2024,10:22:41,0.3,0.3,196560,0.35,139760,720,438720
FINNIFTY02JAN2420650PE.NFO,02/01/2024,10:22:51,0.35,0.3,196560,0.35,139120,160,438720
FINNIFTY02JAN2420650PE.NFO,02/01/2024,10:23:01,0.35,0.3,198360,0.35,139400,200,438720
FINNIFTY02JAN2420650PE.NFO,02/01/2024,10:23:11,0.35,0.3,209160,0.35,139400,0,438720
FINNIFTY02JAN2420650PE.NFO,02/01/2024,10:23:21,0.35,0.3,218160,0.35,139400,0,438720
FINNIFTY02JAN2420650PE.NFO,02/01/2024,10:23:31,0.3,0.3,215960,0.35,139400,400,438720
FINNIFTY02JAN2420650PE.NFO,02/01/2024,10:23:42,0.3,0.3,224960,0.35,139400,0,438720
FINNIFTY02JAN2420650PE.NFO,02/01/2024,10:23:52,0.35,0.3,224960,0.35,138040,2000,409080
FINNIFTY02JAN2420650PE.NFO,02/01/2024,10:24:02,0.3,0.3,224760,0.35,139840,200,409080
FINNIFTY02JAN2420650PE.NFO,02/01/2024,10:24:12,0.3,0.3,224760,0.35,141000,0,409080
FINNIFTY02JAN2420650PE.NFO,02/01/2024,10:24:22,0.35,0.3,224760,0.35,124880,1920,409080
FINNIFTY02JAN2420650PE.NFO,02/01/2024,10:24:32,0.35,0.3,224760,0.35,123920,2040,409080
FINNIFTY02JAN2420650PE.NFO,02/01/2024,10:24:42,0.35,0.3,224760,0.35,125760,40,409080
FINNIFTY02JAN2420650PE.NFO,02/01/2024,10:24:52,0.35,0.3,224760,0.35,124080,4600,409080
FINNIFTY02JAN2420650PE.NFO,02/01/2024,10:25:04,0.3,0.3,224560,0.35,126000,200,409080
FINNIFTY02JAN2420650PE.NFO,02/01/2024,10:25:15,0.3,0.3,224560,0.35,127040,0,409080
FINNIFTY02JAN2420650PE.NFO,02/01/2024,10:25:26,0.3,0.3,224680,0.35,127040,0,409080
FINNIFTY02JAN2420650PE.NFO,02/01/2024,10:25:37,0.35,0.3,224200,0.35,135160,7240,409080
FINNIFTY02JAN2420650PE.NFO,02/01/2024,10:25:47,0.35,0.3,224200,0.35,134080,3000,409080
FINNIFTY02JAN2420650PE.NFO,02/01/2024,10:25:57,0.35,0.3,224200,0.35,138560,0,409080
FINNIFTY02JAN2420650PE.NFO,02/01/2024,10:26:08,0.35,0.3,223920,0.35,137840,520,409080
FINNIFTY02JAN2420650PE.NFO,02/01/2024,10:26:19,0.35,0.3,223880,0.35,139240,520,409080
FINNIFTY02JAN2420650PE.NFO,02/01/2024,10:26:31,0.35,0.3,225520,0.35,149160,4400,409080
FINNIFTY02JAN2420650PE.NFO,02/01/2024,10:26:42,0.35,0.3,228520,0.35,150960,4440,409160
FINNIFTY02JAN2420650PE.NFO,02/01/2024,10:26:54,0.35,0.3,232200,0.35,128400,5800,409160
FINNIFTY02JAN2420650PE.NFO,02/01/2024,10:27:16,0.35,0.3,231720,0.35,130000,2400,409160
FINNIFTY02JAN2420650PE.NFO,02/01/2024,10:27:27,0.35,0.3,231440,0.35,137000,1360,409160
FINNIFTY02JAN2420650PE.NFO,02/01/2024,10:27:58,0.35,0.3,231440,0.35,136960,40,409160
FINNIFTY02JAN2420650PE.NFO,02/01/2024,10:28:08,0.35,0.3,231480,0.35,135720,520,409160
FINNIFTY02JAN2420650PE.NFO,02/01/2024,10:28:19,0.35,0.3,231520,0.35,136040,640,409160
FINNIFTY02JAN2420650PE.NFO,02/01/2024,10:28:29,0.35,0.3,231520,0.35,135960,80,409160
FINNIFTY02JAN2420650PE.NFO,02/01/2024,10:28:39,0.35,0.3,231520,0.35,135520,440,409160
FINNIFTY02JAN2420650PE.NFO,02/01/2024,10:28:48,0.35,0.3,197360,0.35,135880,600,409160
FINNIFTY02JAN2420650PE.NFO,02/01/2024,10:28:58,0.35,0.3,197360,0.35,135480,400,409160
FINNIFTY02JAN2420650PE.NFO,02/01/2024,10:29:08,0.35,0.3,210040,0.35,83200,104280,409160
FINNIFTY02JAN2420650PE.NFO,02/01/2024,10:29:18,0.35,0.35,177960,0.4,113440,54080,409160
FINNIFTY02JAN2420650PE.NFO,02/01/2024,10:29:28,0.35,0.35,186800,0.4,114360,7200,409160
FINNIFTY02JAN2420650PE.NFO,02/01/2024,10:29:38,0.35,0.35,186800,0.4,114360,0,409160
FINNIFTY02JAN2420650PE.NFO,02/01/2024,10:29:49,0.4,0.35,179720,0.4,110040,13600,527040
FINNIFTY02JAN2420650PE.NFO,02/01/2024,10:29:59,0.4,0.35,179720,0.4,110040,0,527040
FINNIFTY02JAN2420650PE.NFO,02/01/2024,10:30:11,0.35,0.35,181520,0.4,113160,7440,527040
FINNIFTY02JAN2420650PE.NFO,02/01/2024,10:30:22,0.35,0.35,189360,0.4,113320,800,527040
FINNIFTY02JAN2420650PE.NFO,02/01/2024,10:30:34,0.35,0.35,189240,0.4,112360,1080,527040
FINNIFTY02JAN2420650PE.NFO,02/01/2024,10:30:44,0.35,0.35,188480,0.4,112360,1240,527040
FINNIFTY02JAN2420650PE.NFO,02/01/2024,10:30:54,0.35,0.35,187640,0.4,112360,840,527040
FINNIFTY02JAN2420650PE.NFO,02/01/2024,10:31:04,0.4,0.35,187600,0.4,105160,7200,527040
FINNIFTY02JAN2420650PE.NFO,02/01/2024,10:31:14,0.35,0.35,188680,0.4,105160,600,527040
FINNIFTY02JAN2420650PE.NFO,02/01/2024,10:31:24,0.35,0.35,189080,0.4,105240,1720,527040
FINNIFTY02JAN2420650PE.NFO,02/01/2024,10:31:34,0.35,0.35,188400,0.4,105240,1160,527040
FINNIFTY02JAN2420650PE.NFO,02/01/2024,10:31:44,0.35,0.35,188320,0.4,104760,280,527040
FINNIFTY02JAN2420650PE.NFO,02/01/2024,10:31:55,0.35,0.35,188400,0.4,105400,840,527040
FINNIFTY02JAN2420650PE.NFO,02/01/2024,10:32:06,0.35,0.35,187120,0.4,106280,3680,527040
FINNIFTY02JAN2420650PE.NFO,02/01/2024,10:32:16,0.35,0.3,173800,0.35,128520,174360,527040
FINNIFTY02JAN2420650PE.NFO,02/01/2024,10:32:26,0.3,0.3,173760,0.35,129680,520,527040
FINNIFTY02JAN2420650PE.NFO,02/01/2024,10:32:36,0.3,0.3,173760,0.35,130080,0,527040
FINNIFTY02JAN2420650PE.NFO,02/01/2024,10:32:46,0.35,0.3,175520,0.35,131160,6240,454080
FINNIFTY02JAN2420650PE.NFO,02/01/2024,10:33:06,0.3,0.3,171160,0.35,141960,4360,454080
FINNIFTY02JAN2420650PE.NFO,02/01/2024,10:33:15,0.3,0.3,171120,0.35,143080,0,454080
FINNIFTY02JAN2420650PE.NFO,02/01/2024,10:33:34,0.3,0.3,170640,0.35,143840,0,454080
FINNIFTY02JAN2420650PE.NFO,02/01/2024,10:33:44,0.3,0.3,170160,0.35,143840,480,454080
FINNIFTY02JAN2420650PE.NFO,02/01/2024,10:34:05,0.35,0.3,170160,0.35,122720,1680,454080
FINNIFTY02JAN2420650PE.NFO,02/01/2024,10:34:24,0.3,0.3,157200,0.35,135800,14800,454080
FINNIFTY02JAN2420650PE.NFO,02/01/2024,10:34:34,0.3,0.3,158200,0.35,139360,2400,454080
FINNIFTY02JAN2420650PE.NFO,02/01/2024,10:34:43,0.35,0.3,156400,0.35,140280,40,454080
FINNIFTY02JAN2420650PE.NFO,02/01/2024,10:34:53,0.35,0.3,157760,0.35,147920,8760,454080
FINNIFTY02JAN2420650PE.NFO,02/01/2024,10:35:03,0.35,0.3,157760,0.35,147920,0,454080
FINNIFTY02JAN2420650PE.NFO,02/01/2024,10:35:13,0.35,0.3,157680,0.35,146280,1840,454080
FINNIFTY02JAN2420650PE.NFO,02/01/2024,10:35:23,0.35,0.3,157680,0.35,146240,40,454080
FINNIFTY02JAN2420650PE.NFO,02/01/2024,10:35:33,0.35,0.3,158200,0.35,147360,800,454080
FINNIFTY02JAN2420650PE.NFO,02/01/2024,10:35:43,0.35,0.3,158200,0.35,147360,0,454080
FINNIFTY02JAN2420650PE.NFO,02/01/2024,10:35:53,0.35,0.3,160000,0.35,147360,0,454080
FINNIFTY02JAN2420650PE.NFO,02/01/2024,10:36:03,0.3,0.3,153440,0.35,155680,4800,448400
FINNIFTY02JAN2420650PE.NFO,02/01/2024,10:36:13,0.3,0.3,151920,0.35,164080,1520,448400
FINNIFTY02JAN2420650PE.NFO,02/01/2024,10:36:25,0.3,0.3,151920,0.35,166400,0,448400
FINNIFTY02JAN2420650PE.NFO,02/01/2024,10:36:38,0.3,0.3,150760,0.35,164560,1640,448400
FINNIFTY02JAN2420650PE.NFO,02/01/2024,10:36:50,0.35,0.3,146560,0.35,163640,2400,448400
FINNIFTY02JAN2420650PE.NFO,02/01/2024,10:37:02,0.35,0.3,140640,0.35,173360,15360,448400
FINNIFTY02JAN2420650PE.NFO,02/01/2024,10:37:14,0.35,0.3,140640,0.35,177400,920,448400
FINNIFTY02JAN2420650PE.NFO,02/01/2024,10:37:25,0.35,0.3,140920,0.35,175160,3120,448400
FINNIFTY02JAN2420650PE.NFO,02/01/2024,10:37:36,0.35,0.3,141320,0.35,174240,1760,448400
FINNIFTY02JAN2420650PE.NFO,02/01/2024,10:37:47,0.35,0.3,140440,0.35,175680,360,448400
FINNIFTY02JAN2420650PE.NFO,02/01/2024,10:38:17,0.35,0.3,140520,0.35,174080,2560,448400
FINNIFTY02JAN2420650PE.NFO,02/01/2024,10:38:27,0.35,0.3,140520,0.35,173840,240,448400
FINNIFTY02JAN2420650PE.NFO,02/01/2024,10:38:37,0.35,0.3,136920,0.35,174320,0,448400
FINNIFTY02JAN2420650PE.NFO,02/01/2024,10:39:23,0.3,0.3,136040,0.35,174320,400,446720
FINNIFTY02JAN2420650PE.NFO,02/01/2024,10:39:33,0.35,0.3,66320,0.35,196000,30880,446720
FINNIFTY02JAN2420650PE.NFO,02/01/2024,10:39:44,0.35,0.3,108200,0.35,198960,200,446720
FINNIFTY02JAN2420650PE.NFO,02/01/2024,10:39:55,0.35,0.3,134760,0.35,193720,4920,446720
FINNIFTY02JAN2420650PE.NFO,02/01/2024,10:40:06,0.3,0.3,134480,0.35,191600,4320,446720
FINNIFTY02JAN2420650PE.NFO,02/01/2024,10:40:17,0.3,0.3,133160,0.35,191600,0,446720
FINNIFTY02JAN2420650PE.NFO,02/01/2024,10:40:28,0.35,0.3,124840,0.35,193280,880,446720
FINNIFTY02JAN2420650PE.NFO,02/01/2024,10:40:38,0.35,0.3,128160,0.35,190840,2360,446720
FINNIFTY02JAN2420650PE.NFO,02/01/2024,10:40:48,0.35,0.3,125840,0.35,190200,3200,446720
FINNIFTY02JAN2420650PE.NFO,02/01/2024,10:40:59,0.3,0.3,127240,0.35,189000,2240,446720
FINNIFTY02JAN2420650PE.NFO,02/01/2024,10:41:10,0.35,0.3,127240,0.35,189000,480,446720
FINNIFTY02JAN2420650PE.NFO,02/01/2024,10:41:21,0.35,0.3,127240,0.35,188520,560,446720
FINNIFTY02JAN2420650PE.NFO,02/01/2024,10:41:31,0.35,0.3,127280,0.35,189280,200,446720
FINNIFTY02JAN2420650PE.NFO,02/01/2024,10:41:41,0.35,0.3,127280,0.35,188240,560,446720
FINNIFTY02JAN2420650PE.NFO,02/01/2024,10:41:53,0.3,0.3,108960,0.35,188600,200,446680
FINNIFTY02JAN2420650PE.NFO,02/01/2024,10:42:03,0.35,0.3,94400,0.35,187280,6360,446680
FINNIFTY02JAN2420650PE.NFO,02/01/2024,10:42:14,0.3,0.3,87160,0.35,187760,40,446680
FINNIFTY02JAN2420650PE.NFO,02/01/2024,10:42:24,0.3,0.3,72760,0.35,187760,0,446680
FINNIFTY02JAN2420650PE.NFO,02/01/2024,10:42:35,0.3,0.3,68760,0.35,187760,0,446680
FINNIFTY02JAN2420650PE.NFO,02/01/2024,10:42:56,0.3,0.3,85800,0.35,183640,6600,446680
FINNIFTY02JAN2420650PE.NFO,02/01/2024,10:43:07,0.3,0.3,112800,0.35,183680,0,446680
FINNIFTY02JAN2420650PE.NFO,02/01/2024,10:43:17,0.35,0.3,116800,0.35,181120,4000,446680
FINNIFTY02JAN2420650PE.NFO,02/01/2024,10:43:28,0.35,0.3,134800,0.35,179640,2000,446680
FINNIFTY02JAN2420650PE.NFO,02/01/2024,10:43:39,0.3,0.3,134120,0.35,180200,280,446680
FINNIFTY02JAN2420650PE.NFO,02/01/2024,10:43:49,0.3,0.3,93200,0.35,182000,0,446680
FINNIFTY02JAN2420650PE.NFO,02/01/2024,10:43:59,0.35,0.3,93880,0.35,180720,1480,446680
FINNIFTY02JAN2420650PE.NFO,02/01/2024,10:44:10,0.35,0.3,93880,0.35,181440,0,446680
FINNIFTY02JAN2420650PE.NFO,02/01/2024,10:44:20,0.35,0.3,90280,0.35,181440,0,446680
FINNIFTY02JAN2420650PE.NFO,02/01/2024,10:44:30,0.35,0.3,90280,0.35,181200,240,446680
FINNIFTY02JAN2420650PE.NFO,02/01/2024,10:44:40,0.3,0.3,89760,0.35,180680,560,446680
FINNIFTY02JAN2420650PE.NFO,02/01/2024,10:44:51,0.35,0.3,92200,0.35,179480,4680,441920
FINNIFTY02JAN2420650PE.NFO,02/01/2024,10:45:42,0.35,0.3,92000,0.35,179280,0,441920
FINNIFTY02JAN2420650PE.NFO,02/01/2024,10:46:02,0.3,0.3,91960,0.35,179120,200,441920
FINNIFTY02JAN2420650PE.NFO,02/01/2024,10:46:31,0.3,0.3,91960,0.35,179000,0,441920
FINNIFTY02JAN2420650PE.NFO,02/01/2024,10:46:41,0.35,0.3,91960,0.35,177840,2040,441920
FINNIFTY02JAN2420650PE.NFO,02/01/2024,10:46:51,0.35,0.3,91960,0.35,177800,1760,441920
FINNIFTY02JAN2420650PE.NFO,02/01/2024,10:47:02,0.35,0.3,91960,0.35,178240,280,441920
FINNIFTY02JAN2420650PE.NFO,02/01/2024,10:47:12,0.35,0.3,91960,0.35,177040,720,441920
FINNIFTY02JAN2420650PE.NFO,02/01/2024,10:47:22,0.35,0.3,93760,0.35,176560,480,441920
FINNIFTY02JAN2420650PE.NFO,02/01/2024,10:47:33,0.35,0.3,93760,0.35,176760,280,441920
FINNIFTY02JAN2420650PE.NFO,02/01/2024,10:47:43,0.35,0.3,93760,0.35,176760,0,441920
FINNIFTY02JAN2420650PE.NFO,02/01/2024,10:48:03,0.35,0.3,93760,0.35,176280,480,436600
FINNIFTY02JAN2420650PE.NFO,02/01/2024,10:48:14,0.35,0.3,93760,0.35,176280,0,436600
FINNIFTY02JAN2420650PE.NFO,02/01/2024,10:48:24,0.35,0.3,93840,0.35,176280,0,436600
FINNIFTY02JAN2420650PE.NFO,02/01/2024,10:48:34,0.35,0.3,93920,0.35,177200,400,436600
FINNIFTY02JAN2420650PE.NFO,02/01/2024,10:48:43,0.35,0.3,93920,0.35,179240,0,436600
FINNIFTY02JAN2420650PE.NFO,02/01/2024,10:48:53,0.35,0.3,93920,0.35,180040,0,436600
FINNIFTY02JAN2420650PE.NFO,02/01/2024,10:49:03,0.35,0.3,93920,0.35,180280,0,436600
FINNIFTY02JAN2420650PE.NFO,02/01/2024,10:49:14,0.3,0.3,93880,0.35,178040,2040,436600
FINNIFTY02JAN2420650PE.NFO,02/01/2024,10:49:25,0.3,0.3,105800,0.35,176240,1880,436600
FINNIFTY02JAN2420650PE.NFO,02/01/2024,10:49:35,0.3,0.3,105800,0.35,173640,0,436600
FINNIFTY02JAN2420650PE.NFO,02/01/2024,10:49:45,0.35,0.3,105320,0.35,170360,4600,436600
FINNIFTY02JAN2420650PE.NFO,02/01/2024,10:50:05,0.35,0.3,103520,0.35,172680,0,436600
FINNIFTY02JAN2420650PE.NFO,02/01/2024,10:50:17,0.35,0.3,96320,0.35,172680,0,436600
FINNIFTY02JAN2420650PE.NFO,02/01/2024,10:50:48,0.35,0.3,96320,0.35,172920,0,436600
FINNIFTY02JAN2420650PE.NFO,02/01/2024,10:51:37,0.3,0.3,94720,0.35,172920,3640,436080
FINNIFTY02JAN2420650PE.NFO,02/01/2024,10:51:47,0.3,0.3,103840,0.35,175840,0,436080
FINNIFTY02JAN2420650PE.NFO,02/01/2024,10:51:57,0.35,0.3,107920,0.35,158000,600,436080
FINNIFTY02JAN2420650PE.NFO,02/01/2024,10:52:06,0.35,0.3,109080,0.35,160040,0,436080
FINNIFTY02JAN2420650PE.NFO,02/01/2024,10:52:16,0.35,0.3,105480,0.35,160040,0,436080
FINNIFTY02JAN2420650PE.NFO,02/01/2024,10:52:26,0.35,0.3,103680,0.35,160040,0,436080
FINNIFTY02JAN2420650PE.NFO,02/01/2024,10:52:36,0.35,0.3,103680,0.35,159160,0,436080
FINNIFTY02JAN2420650PE.NFO,02/01/2024,10:53:24,0.35,0.3,103680,0.35,158920,0,436080
FINNIFTY02JAN2420650PE.NFO,02/01/2024,10:53:34,0.3,0.3,103560,0.35,158960,2520,436080
FINNIFTY02JAN2420650PE.NFO,02/01/2024,10:53:44,0.3,0.3,104040,0.35,158960,0,436080
FINNIFTY02JAN2420650PE.NFO,02/01/2024,10:53:53,0.3,0.3,96840,0.35,158960,0,436080
FINNIFTY02JAN2420650PE.NFO,02/01/2024,10:54:03,0.35,0.3,96840,0.35,159520,400,436080
FINNIFTY02JAN2420650PE.NFO,02/01/2024,10:54:22,0.35,0.3,96840,0.35,160000,0,435520
FINNIFTY02JAN2420650PE.NFO,02/01/2024,10:54:40,0.35,0.3,96920,0.35,160800,0,435520
FINNIFTY02JAN2420650PE.NFO,02/01/2024,10:54:50,0.35,0.3,97840,0.35,168120,4600,435520
FINNIFTY02JAN2420650PE.NFO,02/01/2024,10:55:08,0.35,0.3,100960,0.35,166720,920,435520
FINNIFTY02JAN2420650PE.NFO,02/01/2024,10:55:26,0.35,0.3,104360,0.35,176240,0,435520
FINNIFTY02JAN2420650PE.NFO,02/01/2024,10:56:23,0.3,0.3,104000,0.35,176240,360,435520
FINNIFTY02JAN2420650PE.NFO,02/01/2024,10:56:42,0.3,0.3,102120,0.35,174440,0,435520
FINNIFTY02JAN2420650PE.NFO,02/01/2024,10:56:52,0.3,0.3,106960,0.35,174840,2040,435520
FINNIFTY02JAN2420650PE.NFO,02/01/2024,10:57:03,0.35,0.3,110240,0.35,174560,2040,435520
FINNIFTY02JAN2420650PE.NFO,02/01/2024,10:57:12,0.35,0.3,109440,0.35,174560,0,435520
FINNIFTY02JAN2420650PE.NFO,02/01/2024,10:57:42,0.3,0.3,106960,0.35,178040,2720,435520
FINNIFTY02JAN2420650PE.NFO,02/01/2024,10:57:51,0.3,0.3,106440,0.35,175840,920,435520
FINNIFTY02JAN2420650PE.NFO,02/01/2024,10:58:01,0.3,0.3,106120,0.35,176280,1960,435520
FINNIFTY02JAN2420650PE.NFO,02/01/2024,10:58:11,0.35,0.3,109640,0.35,178320,760,435520
FINNIFTY02JAN2420650PE.NFO,02/01/2024,10:58:20,0.35,0.3,109640,0.35,181920,0,435520
FINNIFTY02JAN2420650PE.NFO,02/01/2024,10:58:29,0.35,0.3,109640,0.35,189920,0,435520
FINNIFTY02JAN2420650PE.NFO,02/01/2024,10:59:17,0.35,0.3,109640,0.35,190160,0,435520
FINNIFTY02JAN2420650PE.NFO,02/01/2024,10:59:47,0.35,0.3,109640,0.35,188120,5000,438040
FINNIFTY02JAN2420650PE.NFO,02/01/2024,10:59:57,0.3,0.3,109600,0.35,188120,40,438040
FINNIFTY02JAN2420650PE.NFO,02/01/2024,11:00:26,0.3,0.3,108840,0.35,185320,760,438040
FINNIFTY02JAN2420650PE.NFO,02/01/2024,11:00:36,0.3,0.3,108840,0.35,185320,0,438040
FINNIFTY02JAN2420650PE.NFO,02/01/2024,11:00:45,0.3,0.3,101840,0.35,185320,0,438040
FINNIFTY02JAN2420650PE.NFO,02/01/2024,11:01:04,0.3,0.3,101840,0.35,182720,0,438040
FINNIFTY02JAN2420650PE.NFO,02/01/2024,11:01:14,0.35,0.3,101840,0.35,182680,40,438040
FINNIFTY02JAN2420650PE.NFO,02/01/2024,11:01:23,0.3,0.3,101760,0.35,182680,80,438040
FINNIFTY02JAN2420650PE.NFO,02/01/2024,11:01:33,0.3,0.3,101760,0.35,182680,0,438040
FINNIFTY02JAN2420650PE.NFO,02/01/2024,11:02:02,0.3,0.3,101720,0.35,182680,40,438040
FINNIFTY02JAN2420650PE.NFO,02/01/2024,11:02:11,0.3,0.3,101920,0.35,182680,0,438040
FINNIFTY02JAN2420650PE.NFO,02/01/2024,11:02:40,0.3,0.3,101880,0.35,184480,40,438040
FINNIFTY02JAN2420650PE.NFO,02/01/2024,11:02:49,0.3,0.3,100880,0.35,184480,1000,438040
FINNIFTY02JAN2420650PE.NFO,02/01/2024,11:03:17,0.3,0.3,100320,0.35,184480,560,438160
FINNIFTY02JAN2420650PE.NFO,02/01/2024,11:03:36,0.35,0.3,100320,0.35,184440,40,438160
FINNIFTY02JAN2420650PE.NFO,02/01/2024,11:04:03,0.35,0.3,100320,0.35,184120,320,438160
FINNIFTY02JAN2420650PE.NFO,02/01/2024,11:04:13,0.35,0.3,100320,0.35,183800,320,438160
FINNIFTY02JAN2420650PE.NFO,02/01/2024,11:04:22,0.35,0.3,100320,0.35,183800,0,438160
FINNIFTY02JAN2420650PE.NFO,02/01/2024,11:04:41,0.3,0.3,98680,0.35,183800,1640,438160
FINNIFTY02JAN2420650PE.NFO,02/01/2024,11:04:50,0.3,0.3,98560,0.35,183800,120,438160
FINNIFTY02JAN2420650PE.NFO,02/01/2024,11:05:08,0.35,0.3,102160,0.35,183760,40,438160
FINNIFTY02JAN2420650PE.NFO,02/01/2024,11:05:18,0.35,0.3,111160,0.35,183760,0,438160
FINNIFTY02JAN2420650PE.NFO,02/01/2024,11:05:36,0.35,0.3,111160,0.35,183720,40,438160
FINNIFTY02JAN2420650PE.NFO,02/01/2024,11:05:46,0.3,0.3,111040,0.35,183720,120,438160
FINNIFTY02JAN2420650PE.NFO,02/01/2024,11:06:24,0.35,0.3,111360,0.35,183840,200,437640
FINNIFTY02JAN2420650PE.NFO,02/01/2024,11:06:33,0.35,0.3,111360,0.35,183760,80,437640
FINNIFTY02JAN2420650PE.NFO,02/01/2024,11:07:02,0.35,0.3,102360,0.35,181960,0,437640
FINNIFTY02JAN2420650PE.NFO,02/01/2024,11:07:11,0.3,0.3,101360,0.35,181960,1000,437640
FINNIFTY02JAN2420650PE.NFO,02/01/2024,11:07:21,0.3,0.3,99360,0.35,160280,14560,437640
FINNIFTY02JAN2420650PE.NFO,02/01/2024,11:07:30,0.3,0.3,97360,0.35,167480,2000,437640
FINNIFTY02JAN2420650PE.NFO,02/01/2024,11:07:39,0.3,0.3,96360,0.35,167480,1000,437640
FINNIFTY02JAN2420650PE.NFO,02/01/2024,11:07:48,0.3,0.3,99960,0.35,167480,0,437640
FINNIFTY02JAN2420650PE.NFO,02/01/2024,11:08:07,0.3,0.3,99560,0.35,162200,6720,437640
FINNIFTY02JAN2420650PE.NFO,02/01/2024,11:08:16,0.3,0.3,99360,0.35,162200,200,437640
FINNIFTY02JAN2420650PE.NFO,02/01/2024,11:08:25,0.3,0.3,99240,0.35,162200,120,437640
FINNIFTY02JAN2420650PE.NFO,02/01/2024,11:08:34,0.35,0.3,102840,0.35,153520,13200,437640
FINNIFTY02JAN2420650PE.NFO,02/01/2024,11:08:44,0.35,0.3,102800,0.35,154760,240,437640
FINNIFTY02JAN2420650PE.NFO,02/01/2024,11:09:12,0.35,0.3,103720,0.35,155400,0,437640
FINNIFTY02JAN2420650PE.NFO,02/01/2024,11:09:21,0.35,0.3,110000,0.35,147440,1520,437640
FINNIFTY02JAN2420650PE.NFO,02/01/2024,11:09:30,0.35,0.3,102800,0.35,154640,0,448560
FINNIFTY02JAN2420650PE.NFO,02/01/2024,11:09:59,0.35,0.3,90400,0.35,142040,0,448560
FINNIFTY02JAN2420650PE.NFO,02/01/2024,11:10:08,0.35,0.3,94480,0.35,140920,11920,448560
FINNIFTY02JAN2420650PE.NFO,02/01/2024,11:10:17,0.35,0.3,91080,0.35,135520,0,448560
FINNIFTY02JAN2420650PE.NFO,02/01/2024,11:10:26,0.35,0.3,89080,0.35,142160,560,448560
FINNIFTY02JAN2420650PE.NFO,02/01/2024,11:10:36,0.35,0.3,92680,0.35,145560,200,448560
FINNIFTY02JAN2420650PE.NFO,02/01/2024,11:10:54,0.35,0.3,99320,0.35,116880,13840,448560
FINNIFTY02JAN2420650PE.NFO,02/01/2024,11:11:03,0.35,0.3,108160,0.35,81800,71880,448560
FINNIFTY02JAN2420650PE.NFO,02/01/2024,11:11:12,0.35,0.3,141920,0.35,63400,17200,448560
FINNIFTY02JAN2420650PE.NFO,02/01/2024,11:11:21,0.45,0.4,80880,0.45,72960,136520,448560
FINNIFTY02JAN2420650PE.NFO,02/01/2024,11:11:31,0.45,0.4,91000,0.45,113560,41600,448560
FINNIFTY02JAN2420650PE.NFO,02/01/2024,11:11:40,0.45,0.4,91120,0.45,87520,37920,448560
FINNIFTY02JAN2420650PE.NFO,02/01/2024,11:11:48,0.45,0.4,57320,0.45,109920,213040,525080
FINNIFTY02JAN2420650PE.NFO,02/01/2024,11:11:57,0.45,0.4,58800,0.45,98240,41400,525080
FINNIFTY02JAN2420650PE.NFO,02/01/2024,11:12:07,0.45,0.4,66240,0.45,69400,37800,525080
FINNIFTY02JAN2420650PE.NFO,02/01/2024,11:12:16,0.4,0.4,57000,0.45,81800,11760,525080
FINNIFTY02JAN2420650PE.NFO,02/01/2024,11:12:25,0.45,0.4,78120,0.45,70640,15520,525080
FINNIFTY02JAN2420650PE.NFO,02/01/2024,11:12:34,0.45,0.4,70920,0.45,78080,400,525080
FINNIFTY02JAN2420650PE.NFO,02/01/2024,11:12:43,0.4,0.4,71640,0.45,79560,1600,525080
FINNIFTY02JAN2420650PE.NFO,02/01/2024,11:12:52,0.45,0.4,71080,0.45,82320,4400,525080
FINNIFTY02JAN2420650PE.NFO,02/01/2024,11:13:01,0.45,0.4,70200,0.45,30520,30520,525080
FINNIFTY02JAN2420650PE.NFO,02/01/2024,11:13:11,0.45,0.45,82440,0.5,102880,183280,525080
FINNIFTY02JAN2420650PE.NFO,02/01/2024,11:13:20,0.45,0.45,75360,0.5,106360,3720,525080
FINNIFTY02JAN2420650PE.NFO,02/01/2024,11:13:30,0.5,0.45,64320,0.5,84680,4040,525080
FINNIFTY02JAN2420650PE.NFO,02/01/2024,11:13:41,0.5,0.45,79200,0.5,96240,9680,525080
FINNIFTY02JAN2420650PE.NFO,02/01/2024,11:13:51,0.45,0.45,78640,0.5,96680,2080,525080
FINNIFTY02JAN2420650PE.NFO,02/01/2024,11:14:01,0.5,0.45,75680,0.5,88040,5080,525080
FINNIFTY02JAN2420650PE.NFO,02/01/2024,11:14:10,0.5,0.45,74960,0.5,98120,2280,525080
FINNIFTY02JAN2420650PE.NFO,02/01/2024,11:14:20,0.45,0.45,74320,0.5,98120,640,525080
FINNIFTY02JAN2420650PE.NFO,02/01/2024,11:14:29,0.5,0.45,74000,0.5,99640,10720,525080
FINNIFTY02JAN2420650PE.NFO,02/01/2024,11:14:38,0.5,0.45,73400,0.5,88960,20400,525080
FINNIFTY02JAN2420650PE.NFO,02/01/2024,11:14:47,0.5,0.45,78800,0.5,57240,23000,626080
FINNIFTY02JAN2420650PE.NFO,02/01/2024,11:14:57,0.5,0.45,87360,0.5,51040,23160,626080
FINNIFTY02JAN2420650PE.NFO,02/01/2024,11:15:07,0.5,0.45,62240,0.5,63440,123920,626080
FINNIFTY02JAN2420650PE.NFO,02/01/2024,11:15:17,0.5,0.45,74800,0.5,55200,13520,626080
FINNIFTY02JAN2420650PE.NFO,02/01/2024,11:15:27,0.5,0.5,71520,0.55,60160,83920,626080
FINNIFTY02JAN2420650PE.NFO,02/01/2024,11:15:37,0.55,0.5,82800,0.55,46400,30080,626080
FINNIFTY02JAN2420650PE.NFO,02/01/2024,11:15:48,0.6,0.55,62000,0.6,65600,224600,626080
FINNIFTY02JAN2420650PE.NFO,02/01/2024,11:15:58,0.6,0.55,54200,0.6,38720,26920,626080
FINNIFTY02JAN2420650PE.NFO,02/01/2024,11:16:08,0.6,0.55,28760,0.6,64200,154080,626080
FINNIFTY02JAN2420650PE.NFO,02/01/2024,11:16:18,0.55,0.55,31160,0.6,69440,22600,626080
FINNIFTY02JAN2420650PE.NFO,02/01/2024,11:16:28,0.55,0.55,82400,0.6,48720,75200,626080
FINNIFTY02JAN2420650PE.NFO,02/01/2024,11:16:30,0.55,0.55,82400,0.6,48720,0,626080
FINNIFTY02JAN2420650PE.NFO,02/01/2024,11:16:31,0.55,0.55,82440,0.6,48720,0,626080
FINNIFTY02JAN2420650PE.NFO,02/01/2024,11:16:32,0.55,0.55,82400,0.6,48720,0,626080
FINNIFTY02JAN2420650PE.NFO,02/01/2024,11:16:33,0.55,0.55,79120,0.6,46440,160,626080
FINNIFTY02JAN2420650PE.NFO,02/01/2024,11:16:35,0.55,0.55,82680,0.6,47360,1400,626080
FINNIFTY02JAN2420650PE.NFO,02/01/2024,11:16:36,0.55,0.55,82680,0.6,47360,0,626080
FINNIFTY02JAN2420650PE.NFO,02/01/2024,11:16:37,0.55,0.55,80800,0.6,47360,0,626080
FINNIFTY02JAN2420650PE.NFO,02/01/2024,11:16:37,0.55,0.55,79920,0.6,47360,0,626080
FINNIFTY02JAN2420650PE.NFO,02/01/2024,11:16:39,0.55,0.55,77200,0.6,49160,1160,626080
FINNIFTY02JAN2420650PE.NFO,02/01/2024,11:16:40,0.55,0.55,79240,0.6,50320,0,626080
FINNIFTY02JAN2420650PE.NFO,02/01/2024,11:16:42,0.55,0.55,79200,0.6,50320,40,626080
FINNIFTY02JAN2420650PE.NFO,02/01/2024,11:16:43,0.55,0.55,79240,0.6,50320,40,626080
FINNIFTY02JAN2420650PE.NFO,02/01/2024,11:16:44,0.55,0.55,79200,0.6,50320,40,626080
FINNIFTY02JAN2420650PE.NFO,02/01/2024,11:16:45,0.55,0.55,79080,0.6,50360,120,626080
FINNIFTY02JAN2420650PE.NFO,02/01/2024,11:16:46,0.55,0.55,79040,0.6,50320,40,626080
FINNIFTY02JAN2420650PE.NFO,02/01/2024,11:16:47,0.55,0.55,78520,0.6,50320,520,626080
FINNIFTY02JAN2420650PE.NFO,02/01/2024,11:16:49,0.55,0.55,78440,0.6,50320,80,626080
FINNIFTY02JAN2420650PE.NFO,02/01/2024,11:16:50,0.55,0.55,59640,0.6,38120,120,626080
FINNIFTY02JAN2420650PE.NFO,02/01/2024,11:16:51,0.55,0.55,65840,0.6,44360,40,626080
FINNIFTY02JAN2420650PE.NFO,02/01/2024,11:16:52,0.55,0.55,65800,0.6,44360,40,626080
FINNIFTY02JAN2420650PE.NFO,02/01/2024,11:16:53,0.55,0.55,65760,0.6,44880,40,626080
FINNIFTY02JAN2420650PE.NFO,02/01/2024,11:16:54,0.55,0.55,73680,0.6,46480,10880,626080
FINNIFTY02JAN2420650PE.NFO,02/01/2024,11:16:55,0.55,0.55,73600,0.6,46480,80,626080
FINNIFTY02JAN2420650PE.NFO,02/01/2024,11:16:56,0.55,0.55,73640,0.6,46080,480,626080
FINNIFTY02JAN2420650PE.NFO,02/01/2024,11:16:57,0.55,0.55,73640,0.6,46080,0,626080
FINNIFTY02JAN2420650PE.NFO,02/01/2024,11:16:58,0.55,0.55,73560,0.6,46080,80,626080
FINNIFTY02JAN2420650PE.NFO,02/01/2024,11:16:59,0.55,0.55,73360,0.6,46080,80,626080
FINNIFTY02JAN2420650PE.NFO,02/01/2024,11:17:00,0.55,0.55,73280,0.6,46080,80,626080
FINNIFTY02JAN2420650PE.NFO,02/01/2024,11:17:01,0.55,0.55,73280,0.6,46080,0,626080
FINNIFTY02JAN2420650PE.NFO,02/01/2024,11:17:02,0.55,0.55,73120,0.6,46280,160,626080
FINNIFTY02JAN2420650PE.NFO,02/01/2024,11:17:04,0.55,0.55,78000,0.6,46280,160,626080
FINNIFTY02JAN2420650PE.NFO,02/01/2024,11:17:06,0.55,0.55,77720,0.6,46280,160,626080
FINNIFTY02JAN2420650PE.NFO,02/01/2024,11:17:09,0.55,0.55,77680,0.6,51200,160,626080
FINNIFTY02JAN2420650PE.NFO,02/01/2024,11:17:11,0.55,0.55,77400,0.6,51200,160,626080
FINNIFTY02JAN2420650PE.NFO,02/01/2024,11:17:13,0.55,0.55,77400,0.6,51200,0,626080
FINNIFTY02JAN2420650PE.NFO,02/01/2024,11:17:14,0.55,0.55,77240,0.6,51840,160,626080
FINNIFTY02JAN2420650PE.NFO,02/01/2024,11:17:16,0.55,0.55,77080,0.6,51840,160,626080
FINNIFTY02JAN2420650PE.NFO,02/01/2024,11:17:18,0.55,0.55,75200,0.6,51840,80,626080
FINNIFTY02JAN2420650PE.NFO,02/01/2024,11:17:19,0.55,0.55,76840,0.6,51840,160,626080
FINNIFTY02JAN2420650PE.NFO,02/01/2024,11:17:20,0.55,0.55,76840,0.6,51840,0,626080
FINNIFTY02JAN2420650PE.NFO,02/01/2024,11:17:21,0.55,0.55,76720,0.6,52440,120,626080
FINNIFTY02JAN2420650PE.NFO,02/01/2024,11:17:22,0.55,0.55,74880,0.6,53840,40,626080
FINNIFTY02JAN2420650PE.NFO,02/01/2024,11:17:24,0.55,0.55,76560,0.6,53840,120,626080
FINNIFTY02JAN2420650PE.NFO,02/01/2024,11:17:25,0.55,0.55,76520,0.6,52440,40,626080
FINNIFTY02JAN2420650PE.NFO,02/01/2024,11:17:26,0.55,0.55,78080,0.6,52440,120,626080
FINNIFTY02JAN2420650PE.NFO,02/01/2024,11:17:27,0.55,0.55,77880,0.6,52680,200,626080
FINNIFTY02JAN2420650PE.NFO,02/01/2024,11:17:28,0.55,0.55,79400,0.6,52680,40,626080
FINNIFTY02JAN2420650PE.NFO,02/01/2024,11:17:29,0.55,0.55,79080,0.6,52680,320,626080
FINNIFTY02JAN2420650PE.NFO,02/01/2024,11:17:34,0.55,0.55,76560,0.6,52680,720,626080
FINNIFTY02JAN2420650PE.NFO,02/01/2024,11:17:43,0.55,0.55,74720,0.6,53080,3520,626080
FINNIFTY02JAN2420650PE.NFO,02/01/2024,11:17:53,0.55,0.55,83160,0.6,57360,12000,846280
FINNIFTY02JAN2420650PE.NFO,02/01/2024,11:18:02,0.55,0.55,83680,0.6,57400,1080,846280
FINNIFTY02JAN2420650PE.NFO,02/01/2024,11:18:11,0.55,0.55,84520,0.6,57720,2440,846280
FINNIFTY02JAN2420650PE.NFO,02/01/2024,11:18:21,0.55,0.55,83880,0.6,57600,2000,846280
FINNIFTY02JAN2420650PE.NFO,02/01/2024,11:18:30,0.55,0.55,76320,0.6,55480,25400,846280
FINNIFTY02JAN2420650PE.NFO,02/01/2024,11:18:40,0.55,0.55,64280,0.6,54720,13440,846280
FINNIFTY02JAN2420650PE.NFO,02/01/2024,11:18:49,0.5,0.5,48400,0.55,66960,19360,846280
FINNIFTY02JAN2420650PE.NFO,02/01/2024,11:18:58,0.5,0.5,45880,0.55,67040,3000,846280
FINNIFTY02JAN2420650PE.NFO,02/01/2024,11:19:07,0.5,0.5,24440,0.55,54080,7080,846280
FINNIFTY02JAN2420650PE.NFO,02/01/2024,11:19:16,0.5,0.5,40760,0.55,57720,6040,846280
FINNIFTY02JAN2420650PE.NFO,02/01/2024,11:19:25,0.5,0.5,42960,0.55,53640,9760,846280
FINNIFTY02JAN2420650PE.NFO,02/01/2024,11:19:34,0.55,0.5,41240,0.55,53840,2480,846280
FINNIFTY02JAN2420650PE.NFO,02/01/2024,11:19:43,0.5,0.5,41200,0.55,53240,40,846280
FINNIFTY02JAN2420650PE.NFO,02/01/2024,11:19:52,0.55,0.5,43240,0.55,51480,12040,846280
FINNIFTY02JAN2420650PE.NFO,02/01/2024,11:20:01,0.5,0.5,40160,0.55,51400,600,846280
FINNIFTY02JAN2420650PE.NFO,02/01/2024,11:20:10,0.5,0.5,40160,0.55,51400,0,846280
FINNIFTY02JAN2420650PE.NFO,02/01/2024,11:20:19,0.5,0.5,63040,0.55,51800,5920,846280
FINNIFTY02JAN2420650PE.NFO,02/01/2024,11:20:28,0.5,0.5,61200,0.55,51800,3000,846280
FINNIFTY02JAN2420650PE.NFO,02/01/2024,11:20:38,0.5,0.5,63240,0.55,51840,200,846280
FINNIFTY02JAN2420650PE.NFO,02/01/2024,11:20:47,0.5,0.5,62600,0.55,52680,1800,846280
FINNIFTY02JAN2420650PE.NFO,02/01/2024,11:20:56,0.5,0.5,62240,0.55,52480,880,874080
FINNIFTY02JAN2420650PE.NFO,02/01/2024,11:21:05,0.5,0.5,61520,0.55,53920,3400,874080
FINNIFTY02JAN2420650PE.NFO,02/01/2024,11:21:15,0.5,0.5,61040,0.55,53920,1800,874080
FINNIFTY02JAN2420650PE.NFO,02/01/2024,11:21:24,0.55,0.5,64400,0.55,47440,12520,874080
FINNIFTY02JAN2420650PE.NFO,02/01/2024,11:21:34,0.5,0.5,60160,0.55,52480,11880,874080
FINNIFTY02JAN2420650PE.NFO,02/01/2024,11:21:43,0.5,0.5,61400,0.55,52680,0,874080
FINNIFTY02JAN2420650PE.NFO,02/01/2024,11:22:02,0.5,0.5,61400,0.55,52720,2640,874080
FINNIFTY02JAN2420650PE.NFO,02/01/2024,11:22:11,0.55,0.5,59320,0.55,54400,1640,874080
FINNIFTY02JAN2420650PE.NFO,02/01/2024,11:22:21,0.5,0.5,60480,0.55,54560,840,874080
FINNIFTY02JAN2420650PE.NFO,02/01/2024,11:22:31,0.5,0.5,41760,0.55,55800,0,874080
FINNIFTY02JAN2420650PE.NFO,02/01/2024,11:22:40,0.5,0.5,41080,0.55,56080,400,874080
FINNIFTY02JAN2420650PE.NFO,02/01/2024,11:22:50,0.5,0.45,79760,0.5,75960,37480,874080
FINNIFTY02JAN2420650PE.NFO,02/01/2024,11:23:00,0.45,0.45,93440,0.5,71560,6040,874080
FINNIFTY02JAN2420650PE.NFO,02/01/2024,11:23:09,0.5,0.45,95200,0.5,66480,8960,874080
FINNIFTY02JAN2420650PE.NFO,02/01/2024,11:23:18,0.5,0.45,95200,0.5,61840,6000,874080
FINNIFTY02JAN2420650PE.NFO,02/01/2024,11:23:27,0.45,0.45,94640,0.5,57360,3960,874080
FINNIFTY02JAN2420650PE.NFO,02/01/2024,11:23:36,0.45,0.45,93120,0.5,59160,1200,874080
FINNIFTY02JAN2420650PE.NFO,02/01/2024,11:23:46,0.5,0.45,94160,0.5,51400,4120,874080
FINNIFTY02JAN2420650PE.NFO,02/01/2024,11:23:54,0.45,0.45,94120,0.5,54160,40,879040
FINNIFTY02JAN2420650PE.NFO,02/01/2024,11:24:04,0.45,0.45,93720,0.5,53120,400,879040
FINNIFTY02JAN2420650PE.NFO,02/01/2024,11:24:13,0.45,0.45,92920,0.5,54920,480,879040
FINNIFTY02JAN2420650PE.NFO,02/01/2024,11:24:22,0.45,0.45,92760,0.5,54920,0,879040
FINNIFTY02JAN2420650PE.NFO,02/01/2024,11:24:31,0.5,0.45,93120,0.5,54120,1800,879040
FINNIFTY02JAN2420650PE.NFO,02/01/2024,11:24:49,0.5,0.45,93240,0.5,53200,2600,879040
FINNIFTY02JAN2420650PE.NFO,02/01/2024,11:24:58,0.5,0.45,74760,0.5,53520,0,879040
FINNIFTY02JAN2420650PE.NFO,02/01/2024,11:25:17,0.45,0.45,73160,0.5,53200,5240,879040
FINNIFTY02JAN2420650PE.NFO,02/01/2024,11:25:26,0.45,0.45,70280,0.5,52800,1160,879040
FINNIFTY02JAN2420650PE.NFO,02/01/2024,11:25:36,0.45,0.45,61760,0.5,54800,9200,879040
FINNIFTY02JAN2420650PE.NFO,02/01/2024,11:25:45,0.45,0.45,67080,0.5,70560,11000,879040
FINNIFTY02JAN2420650PE.NFO,02/01/2024,11:25:54,0.45,0.45,56200,0.5,62640,16200,879040
FINNIFTY02JAN2420650PE.NFO,02/01/2024,11:26:04,0.45,0.45,56840,0.5,62640,9000,879040
FINNIFTY02JAN2420650PE.NFO,02/01/2024,11:26:13,0.45,0.45,59360,0.5,62480,1440,879040
FINNIFTY02JAN2420650PE.NFO,02/01/2024,11:26:22,0.45,0.45,57160,0.5,62800,520,879040
FINNIFTY02JAN2420650PE.NFO,02/01/2024,11:26:31,0.45,0.45,57160,0.5,62600,0,879040
FINNIFTY02JAN2420650PE.NFO,02/01/2024,11:26:41,0.45,0.45,57000,0.5,62480,1120,879040
FINNIFTY02JAN2420650PE.NFO,02/01/2024,11:26:50,0.45,0.45,56120,0.5,62480,0,879040
FINNIFTY02JAN2420650PE.NFO,02/01/2024,11:27:09,0.45,0.45,56120,0.5,67680,0,879040
FINNIFTY02JAN2420650PE.NFO,02/01/2024,11:27:18,0.45,0.45,55080,0.5,67680,720,853480
FINNIFTY02JAN2420650PE.NFO,02/01/2024,11:27:27,0.45,0.45,54840,0.5,67680,240,853480
FINNIFTY02JAN2420650PE.NFO,02/01/2024,11:27:36,0.45,0.4,96040,0.45,77240,23840,853480
FINNIFTY02JAN2420650PE.NFO,02/01/2024,11:27:45,0.45,0.4,96040,0.45,71840,0,853480
FINNIFTY02JAN2420650PE.NFO,02/01/2024,11:28:13,0.45,0.4,95040,0.45,71840,0,853480
FINNIFTY02JAN2420650PE.NFO,02/01/2024,11:28:41,0.4,0.4,92520,0.45,71840,2040,853480
FINNIFTY02JAN2420650PE.NFO,02/01/2024,11:28:49,0.4,0.4,92760,0.45,71840,0,853480
FINNIFTY02JAN2420650PE.NFO,02/01/2024,11:28:58,0.45,0.4,92760,0.45,71480,40,853480
FINNIFTY02JAN2420650PE.NFO,02/01/2024,11:29:07,0.45,0.4,92760,0.45,72680,0,853480
FINNIFTY02JAN2420650PE.NFO,02/01/2024,11:29:17,0.4,0.4,92240,0.45,71720,600,853480
FINNIFTY02JAN2420650PE.NFO,02/01/2024,11:29:26,0.4,0.4,89720,0.45,71720,400,853480
FINNIFTY02JAN2420650PE.NFO,02/01/2024,11:29:35,0.4,0.4,83080,0.45,71840,2200,853480
FINNIFTY02JAN2420650PE.NFO,02/01/2024,11:29:44,0.4,0.4,81480,0.45,71840,1440,853480
FINNIFTY02JAN2420650PE.NFO,02/01/2024,11:29:53,0.4,0.4,81600,0.45,71840,360,853480
FINNIFTY02JAN2420650PE.NFO,02/01/2024,11:30:02,0.4,0.4,81600,0.45,71840,0,853480
FINNIFTY02JAN2420650PE.NFO,02/01/2024,11:30:38,0.4,0.4,81400,0.45,71840,0,853480
FINNIFTY02JAN2420650PE.NFO,02/01/2024,11:30:56,0.45,0.4,81400,0.45,70640,1200,854000
FINNIFTY02JAN2420650PE.NFO,02/01/2024,11:31:05,0.4,0.4,61920,0.45,70240,1280,854000
FINNIFTY02JAN2420650PE.NFO,02/01/2024,11:31:14,0.4,0.4,56920,0.45,70640,5000,854000
FINNIFTY02JAN2420650PE.NFO,02/01/2024,11:31:32,0.4,0.4,56760,0.45,71600,0,854000
FINNIFTY02JAN2420650PE.NFO,02/01/2024,11:31:41,0.4,0.4,55720,0.45,71600,0,854000
FINNIFTY02JAN2420650PE.NFO,02/01/2024,11:32:09,0.4,0.4,52320,0.45,71600,0,854000
FINNIFTY02JAN2420650PE.NFO,02/01/2024,11:32:54,0.4,0.4,51520,0.45,71920,480,860680
FINNIFTY02JAN2420650PE.NFO,02/01/2024,11:33:03,0.4,0.4,51280,0.45,71320,1200,860680
FINNIFTY02JAN2420650PE.NFO,02/01/2024,11:33:21,0.4,0.4,49720,0.45,74840,1240,860680
FINNIFTY02JAN2420650PE.NFO,02/01/2024,11:33:30,0.4,0.4,48760,0.45,75400,960,860680
FINNIFTY02JAN2420650PE.NFO,02/01/2024,11:33:39,0.4,0.4,47040,0.45,76840,240,860680
FINNIFTY02JAN2420650PE.NFO,02/01/2024,11:33:47,0.4,0.4,48840,0.45,75240,0,860680
FINNIFTY02JAN2420650PE.NFO,02/01/2024,11:34:05,0.4,0.4,48320,0.45,75240,200,860680
FINNIFTY02JAN2420650PE.NFO,02/01/2024,11:34:14,0.4,0.4,48000,0.45,77040,640,860680
FINNIFTY02JAN2420650PE.NFO,02/01/2024,11:34:23,0.4,0.4,46600,0.45,77040,920,860680
FINNIFTY02JAN2420650PE.NFO,02/01/2024,11:34:32,0.4,0.4,45920,0.45,77240,1040,860680
FINNIFTY02JAN2420650PE.NFO,02/01/2024,11:34:42,0.4,0.4,45920,0.45,75840,680,860680
FINNIFTY02JAN2420650PE.NFO,02/01/2024,11:34:51,0.4,0.4,45920,0.45,75840,0,860680
FINNIFTY02JAN2420650PE.NFO,02/01/2024,11:34:59,0.4,0.4,45920,0.45,76240,0,860680
FINNIFTY02JAN2420650PE.NFO,02/01/2024,11:35:08,0.4,0.4,40920,0.45,76240,6000,860680
FINNIFTY02JAN2420650PE.NFO,02/01/2024,11:35:18,0.4,0.4,40200,0.45,75840,560,860680
FINNIFTY02JAN2420650PE.NFO,02/01/2024,11:35:27,0.45,0.4,40520,0.45,75800,40,860680
FINNIFTY02JAN2420650PE.NFO,02/01/2024,11:35:36,0.4,0.4,38560,0.45,75760,280,860680
FINNIFTY02JAN2420650PE.NFO,02/01/2024,11:35:45,0.4,0.4,40280,0.45,75760,80,860680
FINNIFTY02JAN2420650PE.NFO,02/01/2024,11:35:54,0.4,0.4,39720,0.45,75760,40,866520
FINNIFTY02JAN2420650PE.NFO,02/01/2024,11:36:02,0.4,0.4,32960,0.45,75760,10720,866520
FINNIFTY02JAN2420650PE.NFO,02/01/2024,11:36:12,0.4,0.35,107840,0.4,60040,53040,866520
FINNIFTY02JAN2420650PE.NFO,02/01/2024,11:36:21,0.4,0.35,106640,0.4,60680,480,866520
FINNIFTY02JAN2420650PE.NFO,02/01/2024,11:36:30,0.4,0.35,106640,0.4,64280,0,866520
FINNIFTY02JAN2420650PE.NFO,02/01/2024,11:36:39,0.4,0.35,106960,0.4,64920,1200,866520
FINNIFTY02JAN2420650PE.NFO,02/01/2024,11:36:49,0.4,0.35,106960,0.4,62960,3400,866520
FINNIFTY02JAN2420650PE.NFO,02/01/2024,11:36:59,0.4,0.35,107320,0.4,64040,0,866520
FINNIFTY02JAN2420650PE.NFO,02/01/2024,11:37:46,0.4,0.35,107320,0.4,63680,360,866520
FINNIFTY02JAN2420650PE.NFO,02/01/2024,11:38:14,0.4,0.35,107320,0.4,63640,0,866520
FINNIFTY02JAN2420650PE.NFO,02/01/2024,11:38:33,0.4,0.35,107320,0.4,62640,2800,866520
FINNIFTY02JAN2420650PE.NFO,02/01/2024,11:38:43,0.4,0.35,107320,0.4,66680,1720,866520
FINNIFTY02JAN2420650PE.NFO,02/01/2024,11:38:53,0.4,0.35,107320,0.4,66600,80,858600
FINNIFTY02JAN2420650PE.NFO,02/01/2024,11:39:02,0.4,0.35,107320,0.4,66600,0,858600
FINNIFTY02JAN2420650PE.NFO,02/01/2024,11:39:12,0.4,0.35,107520,0.4,65800,0,858600
FINNIFTY02JAN2420650PE.NFO,02/01/2024,11:39:30,0.4,0.35,107320,0.4,64600,1200,858600
FINNIFTY02JAN2420650PE.NFO,02/01/2024,11:39:39,0.4,0.35,107120,0.4,64600,0,858600
FINNIFTY02JAN2420650PE.NFO,02/01/2024,11:39:49,0.4,0.35,107320,0.4,64600,0,858600
FINNIFTY02JAN2420650PE.NFO,02/01/2024,11:40:16,0.4,0.35,114840,0.4,64280,320,858600
FINNIFTY02JAN2420650PE.NFO,02/01/2024,11:40:25,0.4,0.35,96520,0.4,64320,0,858600
FINNIFTY02JAN2420650PE.NFO,02/01/2024,11:40:33,0.4,0.35,96520,0.4,64280,0,858600
FINNIFTY02JAN2420650PE.NFO,02/01/2024,11:40:42,0.4,0.35,96520,0.4,64320,0,858600
FINNIFTY02JAN2420650PE.NFO,02/01/2024,11:41:00,0.35,0.35,90160,0.4,64280,1040,858600
FINNIFTY02JAN2420650PE.NFO,02/01/2024,11:41:10,0.35,0.35,90240,0.4,64280,0,858600
FINNIFTY02JAN2420650PE.NFO,02/01/2024,11:41:19,0.35,0.35,91080,0.4,65480,0,858600
FINNIFTY02JAN2420650PE.NFO,02/01/2024,11:41:29,0.35,0.35,72400,0.4,66360,0,858600
FINNIFTY02JAN2420650PE.NFO,02/01/2024,11:41:39,0.35,0.35,90880,0.4,66760,0,858600
FINNIFTY02JAN2420650PE.NFO,02/01/2024,11:41:49,0.35,0.35,91160,0.4,65480,320,859720
FINNIFTY02JAN2420650PE.NFO,02/01/2024,11:41:59,0.35,0.35,71920,0.4,75000,150320,859720
FINNIFTY02JAN2420650PE.NFO,02/01/2024,11:42:09,0.4,0.35,71680,0.4,85000,560,859720
FINNIFTY02JAN2420650PE.NFO,02/01/2024,11:42:19,0.4,0.35,70800,0.4,86920,0,859720
FINNIFTY02JAN2420650PE.NFO,02/01/2024,11:42:29,0.4,0.35,73880,0.4,86000,40,859720
FINNIFTY02JAN2420650PE.NFO,02/01/2024,11:42:38,0.4,0.35,74280,0.4,83600,3760,859720
FINNIFTY02JAN2420650PE.NFO,02/01/2024,11:42:47,0.4,0.35,74280,0.4,84480,40,859720
FINNIFTY02JAN2420650PE.NFO,02/01/2024,11:42:56,0.4,0.35,74280,0.4,84480,0,859720
FINNIFTY02JAN2420650PE.NFO,02/01/2024,11:43:06,0.35,0.35,74200,0.4,84040,1320,859720
FINNIFTY02JAN2420650PE.NFO,02/01/2024,11:43:15,0.4,0.35,74200,0.4,79640,800,859720
FINNIFTY02JAN2420650PE.NFO,02/01/2024,11:43:25,0.35,0.35,73560,0.4,82920,120,859720
FINNIFTY02JAN2420650PE.NFO,02/01/2024,11:43:34,0.4,0.35,74000,0.4,82400,600,859720
FINNIFTY02JAN2420650PE.NFO,02/01/2024,11:43:43,0.4,0.35,73280,0.4,82560,1320,859720
FINNIFTY02JAN2420650PE.NFO,02/01/2024,11:43:53,0.4,0.35,74560,0.4,83440,4920,859720
FINNIFTY02JAN2420650PE.NFO,02/01/2024,11:44:03,0.4,0.35,74800,0.4,84480,2640,859720
FINNIFTY02JAN2420650PE.NFO,02/01/2024,11:44:12,0.4,0.35,74600,0.4,84800,0,859720
FINNIFTY02JAN2420650PE.NFO,02/01/2024,11:44:40,0.4,0.35,74600,0.4,84400,0,859720
FINNIFTY02JAN2420650PE.NFO,02/01/2024,11:44:58,0.4,0.35,72600,0.4,84400,0,859720
FINNIFTY02JAN2420650PE.NFO,02/01/2024,11:45:07,0.4,0.35,70280,0.4,87040,640,851800
FINNIFTY02JAN2420650PE.NFO,02/01/2024,11:45:16,0.4,0.35,70520,0.4,87360,0,851800
FINNIFTY02JAN2420650PE.NFO,02/01/2024,11:45:25,0.35,0.35,71720,0.4,87360,280,851800
FINNIFTY02JAN2420650PE.NFO,02/01/2024,11:45:36,0.4,0.35,72280,0.4,87280,960,851800
FINNIFTY02JAN2420650PE.NFO,02/01/2024,11:45:45,0.35,0.35,63320,0.4,88160,9040,851800
FINNIFTY02JAN2420650PE.NFO,02/01/2024,11:45:54,0.35,0.35,39200,0.4,86440,4440,851800
FINNIFTY02JAN2420650PE.NFO,02/01/2024,11:46:04,0.35,0.35,39680,0.4,86440,1320,851800
FINNIFTY02JAN2420650PE.NFO,02/01/2024,11:46:13,0.35,0.35,38440,0.4,87160,1200,851800
FINNIFTY02JAN2420650PE.NFO,02/01/2024,11:46:23,0.35,0.35,37400,0.4,87800,1080,851800
FINNIFTY02JAN2420650PE.NFO,02/01/2024,11:46:32,0.35,0.35,37000,0.4,86000,400,851800
FINNIFTY02JAN2420650PE.NFO,02/01/2024,11:46:41,0.35,0.35,37320,0.4,86000,0,851800
FINNIFTY02JAN2420650PE.NFO,02/01/2024,11:47:42,0.35,0.35,37320,0.4,86400,0,851800
FINNIFTY02JAN2420650PE.NFO,02/01/2024,11:47:50,0.35,0.35,32800,0.4,86400,200,851800
FINNIFTY02JAN2420650PE.NFO,02/01/2024,11:47:59,0.35,0.35,30000,0.4,86000,1000,848240
FINNIFTY02JAN2420650PE.NFO,02/01/2024,11:48:26,0.35,0.35,30280,0.4,86000,0,848240
FINNIFTY02JAN2420650PE.NFO,02/01/2024,11:48:52,0.35,0.35,10800,0.4,87000,16720,848240
FINNIFTY02JAN2420650PE.NFO,02/01/2024,11:49:01,0.35,0.35,11080,0.4,87000,880,848240
FINNIFTY02JAN2420650PE.NFO,02/01/2024,11:49:18,0.35,0.35,10880,0.4,87000,200,848240
FINNIFTY02JAN2420650PE.NFO,02/01/2024,11:49:27,0.35,0.35,41120,0.4,87000,2200,848240
FINNIFTY02JAN2420650PE.NFO,02/01/2024,11:49:36,0.35,0.35,40600,0.4,87000,200,848240
FINNIFTY02JAN2420650PE.NFO,02/01/2024,11:50:02,0.35,0.35,39600,0.4,87000,1240,848240
FINNIFTY02JAN2420650PE.NFO,02/01/2024,11:50:11,0.35,0.35,39160,0.4,87400,800,848240
FINNIFTY02JAN2420650PE.NFO,02/01/2024,11:50:47,0.35,0.35,39160,0.4,87400,0,848240
FINNIFTY02JAN2420650PE.NFO,02/01/2024,11:51:50,0.35,0.35,38280,0.4,87000,520,862160
FINNIFTY02JAN2420650PE.NFO,02/01/2024,11:51:59,0.4,0.35,40200,0.4,87440,40,862160
FINNIFTY02JAN2420650PE.NFO,02/01/2024,11:52:09,0.4,0.35,39840,0.4,87040,520,862160
FINNIFTY02JAN2420650PE.NFO,02/01/2024,11:52:18,0.35,0.35,39520,0.4,87360,320,862160
FINNIFTY02JAN2420650PE.NFO,02/01/2024,11:52:36,0.35,0.35,39320,0.4,87360,600,862160
FINNIFTY02JAN2420650PE.NFO,02/01/2024,11:52:45,0.35,0.35,38960,0.4,87480,40,862160
FINNIFTY02JAN2420650PE.NFO,02/01/2024,11:52:54,0.35,0.35,44120,0.4,87880,160,862160
FINNIFTY02JAN2420650PE.NFO,02/01/2024,11:53:03,0.35,0.35,43760,0.4,87880,40,862160
FINNIFTY02JAN2420650PE.NFO,02/01/2024,11:53:12,0.35,0.35,43680,0.4,87880,0,862160
FINNIFTY02JAN2420650PE.NFO,02/01/2024,11:53:21,0.35,0.35,43680,0.4,87640,0,862160
FINNIFTY02JAN2420650PE.NFO,02/01/2024,11:53:57,0.35,0.35,43160,0.4,87520,200,864040
FINNIFTY02JAN2420650PE.NFO,02/01/2024,11:54:05,0.35,0.35,42760,0.4,87520,400,864040
FINNIFTY02JAN2420650PE.NFO,02/01/2024,11:54:14,0.35,0.35,44040,0.4,89120,0,864040
FINNIFTY02JAN2420650PE.NFO,02/01/2024,11:54:23,0.35,0.35,44040,0.4,90320,0,864040
FINNIFTY02JAN2420650PE.NFO,02/01/2024,11:54:32,0.35,0.35,44040,0.4,90920,0,864040
FINNIFTY02JAN2420650PE.NFO,02/01/2024,11:54:41,0.35,0.35,42240,0.4,89120,1800,864040
FINNIFTY02JAN2420650PE.NFO,02/01/2024,11:54:58,0.35,0.35,40520,0.4,89120,1400,864040
FINNIFTY02JAN2420650PE.NFO,02/01/2024,11:55:07,0.35,0.35,36800,0.4,88720,3800,864040
FINNIFTY02JAN2420650PE.NFO,02/01/2024,11:55:25,0.4,0.35,36840,0.4,97040,80,864040
FINNIFTY02JAN2420650PE.NFO,02/01/2024,11:55:34,0.4,0.35,33600,0.4,98240,0,864040
FINNIFTY02JAN2420650PE.NFO,02/01/2024,11:55:43,0.35,0.35,30800,0.4,98240,680,864040
FINNIFTY02JAN2420650PE.NFO,02/01/2024,11:55:52,0.35,0.3,108400,0.35,69560,7000,864040
FINNIFTY02JAN2420650PE.NFO,02/01/2024,11:56:01,0.3,0.3,107800,0.35,77120,600,864040
FINNIFTY02JAN2420650PE.NFO,02/01/2024,11:56:09,0.35,0.3,108200,0.35,74880,2600,864040
FINNIFTY02JAN2420650PE.NFO,02/01/2024,11:56:18,0.35,0.3,109400,0.35,83200,1800,864040
FINNIFTY02JAN2420650PE.NFO,02/01/2024,11:56:34,0.35,0.3,110200,0.35,83200,0,864040
FINNIFTY02JAN2420650PE.NFO,02/01/2024,11:57:18,0.35,0.3,114320,0.35,79240,17600,869640
FINNIFTY02JAN2420650PE.NFO,02/01/2024,11:57:26,0.35,0.3,114320,0.35,79120,120,869640
FINNIFTY02JAN2420650PE.NFO,02/01/2024,11:57:35,0.35,0.3,114320,0.35,79400,0,869640
FINNIFTY02JAN2420650PE.NFO,02/01/2024,11:58:19,0.35,0.3,114480,0.35,79560,0,869640
FINNIFTY02JAN2420650PE.NFO,02/01/2024,11:59:03,0.35,0.3,113600,0.35,80480,0,869640
FINNIFTY02JAN2420650PE.NFO,02/01/2024,11:59:12,0.35,0.3,114480,0.35,79560,0,869640
FINNIFTY02JAN2420650PE.NFO,02/01/2024,11:59:38,0.35,0.3,113600,0.35,79560,0,869640
FINNIFTY02JAN2420650PE.NFO,02/01/2024,11:59:54,0.35,0.3,113120,0.35,80440,0,869640
FINNIFTY02JAN2420650PE.NFO,02/01/2024,12:00:48,0.35,0.3,114080,0.35,80080,40,872680
FINNIFTY02JAN2420650PE.NFO,02/01/2024,12:01:06,0.35,0.3,114960,0.35,79520,0,872680
FINNIFTY02JAN2420650PE.NFO,02/01/2024,12:01:24,0.3,0.3,113720,0.35,80400,40,872680
FINNIFTY02JAN2420650PE.NFO,02/01/2024,12:02:53,0.35,0.3,114040,0.35,80040,40,872680
FINNIFTY02JAN2420650PE.NFO,02/01/2024,12:03:02,0.35,0.3,115120,0.35,81080,1800,872640
FINNIFTY02JAN2420650PE.NFO,02/01/2024,12:03:10,0.35,0.3,61200,0.35,80520,2000,872640
FINNIFTY02JAN2420650PE.NFO,02/01/2024,12:03:19,0.3,0.3,56400,0.35,80520,4480,872640
FINNIFTY02JAN2420650PE.NFO,02/01/2024,12:03:29,0.3,0.3,48120,0.35,80520,0,872640
FINNIFTY02JAN2420650PE.NFO,02/01/2024,12:03:37,0.3,0.3,58120,0.35,80520,0,872640
FINNIFTY02JAN2420650PE.NFO,02/01/2024,12:04:04,0.3,0.3,57160,0.35,80520,0,872640
FINNIFTY02JAN2420650PE.NFO,02/01/2024,12:04:22,0.3,0.3,57200,0.35,80520,0,872640
FINNIFTY02JAN2420650PE.NFO,02/01/2024,12:04:40,0.3,0.3,76080,0.35,80520,0,872640
FINNIFTY02JAN2420650PE.NFO,02/01/2024,12:04:49,0.3,0.3,75200,0.35,80520,0,872640
FINNIFTY02JAN2420650PE.NFO,02/01/2024,12:04:58,0.35,0.3,77440,0.35,79640,3200,872640
FINNIFTY02JAN2420650PE.NFO,02/01/2024,12:05:16,0.35,0.3,78320,0.35,80440,0,872640
FINNIFTY02JAN2420650PE.NFO,02/01/2024,12:05:25,0.35,0.3,77520,0.35,83120,0,872640
FINNIFTY02JAN2420650PE.NFO,02/01/2024,12:05:34,0.35,0.3,77520,0.35,82240,0,872640
FINNIFTY02JAN2420650PE.NFO,02/01/2024,12:05:51,0.35,0.3,78320,0.35,82160,80,872640
FINNIFTY02JAN2420650PE.NFO,02/01/2024,12:06:00,0.35,0.3,59440,0.35,83040,0,872640
FINNIFTY02JAN2420650PE.NFO,02/01/2024,12:06:09,0.35,0.3,59440,0.35,83360,0,872640
FINNIFTY02JAN2420650PE.NFO,02/01/2024,12:06:27,0.3,0.3,58800,0.35,83040,320,870480
FINNIFTY02JAN2420650PE.NFO,02/01/2024,12:07:35,0.3,0.3,60080,0.35,82160,0,870480
FINNIFTY02JAN2420650PE.NFO,02/01/2024,12:07:44,0.35,0.3,60000,0.35,81760,80,870480
FINNIFTY02JAN2420650PE.NFO,02/01/2024,12:07:53,0.35,0.3,60000,0.35,83880,0,870480
FINNIFTY02JAN2420650PE.NFO,02/01/2024,12:08:02,0.35,0.3,60000,0.35,85720,0,870480
FINNIFTY02JAN2420650PE.NFO,02/01/2024,12:08:36,0.3,0.3,58880,0.35,85720,800,870480
FINNIFTY02JAN2420650PE.NFO,02/01/2024,12:08:54,0.3,0.3,41760,0.35,86480,5400,871600
FINNIFTY02JAN2420650PE.NFO,02/01/2024,12:09:02,0.3,0.3,42360,0.35,86480,0,871600
FINNIFTY02JAN2420650PE.NFO,02/01/2024,12:09:19,0.35,0.3,42080,0.35,85880,280,871600
FINNIFTY02JAN2420650PE.NFO,02/01/2024,12:09:27,0.35,0.3,42080,0.35,86200,0,871600
FINNIFTY02JAN2420650PE.NFO,02/01/2024,12:09:36,0.3,0.3,42680,0.35,88560,1120,871600
FINNIFTY02JAN2420650PE.NFO,02/01/2024,12:09:45,0.3,0.3,42680,0.35,88560,0,871600
FINNIFTY02JAN2420650PE.NFO,02/01/2024,12:09:53,0.3,0.3,42680,0.35,88640,0,871600
FINNIFTY02JAN2420650PE.NFO,02/01/2024,12:10:02,0.35,0.3,42720,0.35,88560,40,871600
FINNIFTY02JAN2420650PE.NFO,02/01/2024,12:10:20,0.35,0.3,43720,0.35,87960,1040,871600
FINNIFTY02JAN2420650PE.NFO,02/01/2024,12:10:30,0.3,0.3,43720,0.35,89160,920,871600
FINNIFTY02JAN2420650PE.NFO,02/01/2024,12:10:39,0.35,0.3,43720,0.35,89120,40,871600
FINNIFTY02JAN2420650PE.NFO,02/01/2024,12:11:06,0.3,0.3,43680,0.35,87960,40,871600
FINNIFTY02JAN2420650PE.NFO,02/01/2024,12:11:33,0.35,0.3,44600,0.35,87920,1200,871600
FINNIFTY02JAN2420650PE.NFO,02/01/2024,12:12:00,0.3,0.3,43640,0.35,88280,3040,878080
FINNIFTY02JAN2420650PE.NFO,02/01/2024,12:12:27,0.3,0.3,46720,0.35,88480,80,878080
FINNIFTY02JAN2420650PE.NFO,02/01/2024,12:12:45,0.35,0.3,46720,0.35,88480,40,878080
FINNIFTY02JAN2420650PE.NFO,02/01/2024,12:12:53,0.3,0.3,45640,0.35,88480,40,878080
FINNIFTY02JAN2420650PE.NFO,02/01/2024,12:13:19,0.3,0.3,45160,0.35,88480,440,878080
FINNIFTY02JAN2420650PE.NFO,02/01/2024,12:13:28,0.3,0.3,45160,0.35,88480,0,878080
FINNIFTY02JAN2420650PE.NFO,02/01/2024,12:13:53,0.3,0.3,45080,0.35,88560,80,878080
FINNIFTY02JAN2420650PE.NFO,02/01/2024,12:14:02,0.3,0.3,45880,0.35,88480,1000,878080
FINNIFTY02JAN2420650PE.NFO,02/01/2024,12:14:11,0.3,0.3,44480,0.35,88680,2120,878080
FINNIFTY02JAN2420650PE.NFO,02/01/2024,12:14:28,0.3,0.3,32720,0.35,90480,18240,878080
FINNIFTY02JAN2420650PE.NFO,02/01/2024,12:14:37,0.3,0.3,30120,0.35,90880,12000,878080
FINNIFTY02JAN2420650PE.NFO,02/01/2024,12:14:45,0.3,0.3,28360,0.35,91280,2200,878080
FINNIFTY02JAN2420650PE.NFO,02/01/2024,12:15:03,0.3,0.3,28080,0.35,91240,280,875920
FINNIFTY02JAN2420650PE.NFO,02/01/2024,12:15:12,0.3,0.3,28000,0.35,91280,80,875920
FINNIFTY02JAN2420650PE.NFO,02/01/2024,12:15:21,0.3,0.3,23760,0.35,92240,4800,875920
FINNIFTY02JAN2420650PE.NFO,02/01/2024,12:15:29,0.3,0.3,21720,0.35,92280,2040,875920
FINNIFTY02JAN2420650PE.NFO,02/01/2024,12:15:39,0.25,0.25,214640,0.3,93360,10000,875920
FINNIFTY02JAN2420650PE.NFO,02/01/2024,12:15:39,0.25,0.25,214640,0.3,93360,0,875920
FINNIFTY02JAN2420650PE.NFO,02/01/2024,12:15:49,0.3,0.25,214920,0.3,94960,1680,875920
FINNIFTY02JAN2420650PE.NFO,02/01/2024,12:15:59,0.3,0.25,214920,0.3,95280,0,875920
FINNIFTY02JAN2420650PE.NFO,02/01/2024,12:16:09,0.25,0.25,216160,0.3,95240,120,875920
FINNIFTY02JAN2420650PE.NFO,02/01/2024,12:16:29,0.25,0.25,211440,0.3,95240,0,875920
FINNIFTY02JAN2420650PE.NFO,02/01/2024,12:16:40,0.25,0.25,212520,0.3,95240,0,875920
FINNIFTY02JAN2420650PE.NFO,02/01/2024,12:16:50,0.25,0.25,213440,0.3,95240,0,875920
FINNIFTY02JAN2420650PE.NFO,02/01/2024,12:17:00,0.3,0.25,213440,0.3,94720,200,875920
FINNIFTY02JAN2420650PE.NFO,02/01/2024,12:17:11,0.25,0.25,211800,0.3,102480,16800,875920
FINNIFTY02JAN2420650PE.NFO,02/01/2024,12:17:22,0.3,0.25,200840,0.3,104640,2360,875920
FINNIFTY02JAN2420650PE.NFO,02/01/2024,12:17:32,0.3,0.25,201160,0.3,105000,200,875920
FINNIFTY02JAN2420650PE.NFO,02/01/2024,12:17:41,0.3,0.25,200960,0.3,105960,320,875920
FINNIFTY02JAN2420650PE.NFO,02/01/2024,12:17:51,0.3,0.25,199680,0.3,106640,680,875920
FINNIFTY02JAN2420650PE.NFO,02/01/2024,12:18:00,0.3,0.25,199880,0.3,104680,1040,869040
FINNIFTY02JAN2420650PE.NFO,02/01/2024,12:18:10,0.3,0.25,204960,0.3,103520,600,869040
FINNIFTY02JAN2420650PE.NFO,02/01/2024,12:18:28,0.3,0.25,205160,0.3,103520,0,869040
FINNIFTY02JAN2420650PE.NFO,02/01/2024,12:18:38,0.3,0.25,204960,0.3,103520,0,869040
FINNIFTY02JAN2420650PE.NFO,02/01/2024,12:18:47,0.3,0.25,204600,0.3,104240,1080,869040
FINNIFTY02JAN2420650PE.NFO,02/01/2024,12:18:57,0.3,0.25,204600,0.3,104240,0,869040
FINNIFTY02JAN2420650PE.NFO,02/01/2024,12:19:17,0.3,0.25,204120,0.3,105400,120,869040
FINNIFTY02JAN2420650PE.NFO,02/01/2024,12:19:27,0.3,0.25,204280,0.3,106280,1400,869040
FINNIFTY02JAN2420650PE.NFO,02/01/2024,12:19:57,0.3,0.25,204280,0.3,106280,0,869040
FINNIFTY02JAN2420650PE.NFO,02/01/2024,12:20:15,0.3,0.25,204280,0.3,105000,0,869040
FINNIFTY02JAN2420650PE.NFO,02/01/2024,12:20:24,0.3,0.25,205160,0.3,105000,0,869040
FINNIFTY02JAN2420650PE.NFO,02/01/2024,12:20:52,0.25,0.25,204760,0.3,105000,80,869040
FINNIFTY02JAN2420650PE.NFO,02/01/2024,12:21:02,0.25,0.25,205040,0.3,106800,40,865560
FINNIFTY02JAN2420650PE.NFO,02/01/2024,12:21:11,0.3,0.25,205240,0.3,106320,640,865560
FINNIFTY02JAN2420650PE.NFO,02/01/2024,12:21:21,0.3,0.25,205560,0.3,106880,840,865560
FINNIFTY02JAN2420650PE.NFO,02/01/2024,12:21:31,0.25,0.25,205160,0.3,106560,80,865560
FINNIFTY02JAN2420650PE.NFO,02/01/2024,12:22:00,0.25,0.25,204880,0.3,106560,280,865560
FINNIFTY02JAN2420650PE.NFO,02/01/2024,12:22:10,0.25,0.25,204880,0.3,106560,0,865560
FINNIFTY02JAN2420650PE.NFO,02/01/2024,12:22:28,0.3,0.25,204880,0.3,106000,1040,865560
FINNIFTY02JAN2420650PE.NFO,02/01/2024,12:22:37,0.3,0.25,204880,0.3,105680,0,865560
FINNIFTY02JAN2420650PE.NFO,02/01/2024,12:22:46,0.3,0.25,204880,0.3,105360,0,865560
FINNIFTY02JAN2420650PE.NFO,02/01/2024,12:23:03,0.3,0.25,204880,0.3,105120,240,865560
FINNIFTY02JAN2420650PE.NFO,02/01/2024,12:23:12,0.3,0.25,204880,0.3,105120,0,865560
FINNIFTY02JAN2420650PE.NFO,02/01/2024,12:23:57,0.25,0.25,204680,0.3,105120,200,862920
FINNIFTY02JAN2420650PE.NFO,02/01/2024,12:24:07,0.3,0.25,204680,0.3,105000,120,862920
FINNIFTY02JAN2420650PE.NFO,02/01/2024,12:24:53,0.3,0.25,204680,0.3,105000,0,862920
FINNIFTY02JAN2420650PE.NFO,02/01/2024,12:25:39,0.25,0.25,204640,0.3,105000,40,862920
FINNIFTY02JAN2420650PE.NFO,02/01/2024,12:26:05,0.3,0.25,204640,0.3,104560,440,862920
FINNIFTY02JAN2420650PE.NFO,02/01/2024,12:26:14,0.3,0.25,204800,0.3,104480,800,862920
FINNIFTY02JAN2420650PE.NFO,02/01/2024,12:26:23,0.3,0.25,204800,0.3,103680,800,862920
FINNIFTY02JAN2420650PE.NFO,02/01/2024,12:26:40,0.3,0.25,203160,0.3,103080,800,862920
FINNIFTY02JAN2420650PE.NFO,02/01/2024,12:26:57,0.3,0.25,203240,0.3,102920,640,862920
FINNIFTY02JAN2420650PE.NFO,02/01/2024,12:27:06,0.3,0.25,203240,0.3,102880,40,859320
FINNIFTY02JAN2420650PE.NFO,02/01/2024,12:27:15,0.3,0.25,203240,0.3,102880,0,859320
FINNIFTY02JAN2420650PE.NFO,02/01/2024,12:27:24,0.3,0.25,205080,0.3,102520,3600,859320
FINNIFTY02JAN2420650PE.NFO,02/01/2024,12:27:32,0.3,0.25,207040,0.3,99440,5600,859320
FINNIFTY02JAN2420650PE.NFO,02/01/2024,12:27:50,0.3,0.25,207040,0.3,99440,0,859320
FINNIFTY02JAN2420650PE.NFO,02/01/2024,12:28:08,0.3,0.25,207040,0.3,98720,720,859320
FINNIFTY02JAN2420650PE.NFO,02/01/2024,12:28:17,0.3,0.25,207640,0.3,98680,40,859320
FINNIFTY02JAN2420650PE.NFO,02/01/2024,12:28:26,0.3,0.25,207640,0.3,98640,40,859320
FINNIFTY02JAN2420650PE.NFO,02/01/2024,12:28:35,0.3,0.25,206760,0.3,99520,0,859320
FINNIFTY02JAN2420650PE.NFO,02/01/2024,12:29:02,0.25,0.25,206720,0.3,99520,40,859320
FINNIFTY02JAN2420650PE.NFO,02/01/2024,12:29:11,0.25,0.25,208800,0.3,98640,0,859320
FINNIFTY02JAN2420650PE.NFO,02/01/2024,12:29:21,0.25,0.25,209400,0.3,98640,0,859320
FINNIFTY02JAN2420650PE.NFO,02/01/2024,12:29:46,0.3,0.25,209400,0.3,97840,800,859320
FINNIFTY02JAN2420650PE.NFO,02/01/2024,12:29:55,0.3,0.25,209000,0.3,97840,0,859320
FINNIFTY02JAN2420650PE.NFO,02/01/2024,12:30:04,0.3,0.25,208120,0.3,97920,800,852040
FINNIFTY02JAN2420650PE.NFO,02/01/2024,12:30:13,0.3,0.25,209000,0.3,96120,1800,852040
FINNIFTY02JAN2420650PE.NFO,02/01/2024,12:30:22,0.3,0.25,209000,0.3,95040,200,852040
FINNIFTY02JAN2420650PE.NFO,02/01/2024,12:30:48,0.3,0.25,208120,0.3,95920,0,852040
FINNIFTY02JAN2420650PE.NFO,02/01/2024,12:31:15,0.3,0.25,209000,0.3,94840,200,852040
FINNIFTY02JAN2420650PE.NFO,02/01/2024,12:31:24,0.3,0.25,209000,0.3,94600,240,852040
FINNIFTY02JAN2420650PE.NFO,02/01/2024,12:31:33,0.25,0.25,198000,0.3,94520,200,852040
FINNIFTY02JAN2420650PE.NFO,02/01/2024,12:31:51,0.25,0.25,197920,0.3,95400,80,852040
FINNIFTY02JAN2420650PE.NFO,02/01/2024,12:32:00,0.25,0.25,197040,0.3,95400,0,852040
FINNIFTY02JAN2420650PE.NFO,02/01/2024,12:32:33,0.25,0.25,179040,0.3,95400,0,852040
FINNIFTY02JAN2420650PE.NFO,02/01/2024,12:32:42,0.25,0.25,178960,0.3,95800,80,852040
FINNIFTY02JAN2420650PE.NFO,02/01/2024,12:33:06,0.25,0.25,179000,0.3,95400,0,852040
FINNIFTY02JAN2420650PE.NFO,02/01/2024,12:33:14,0.3,0.25,179000,0.3,95520,720,850800
FINNIFTY02JAN2420650PE.NFO,02/01/2024,12:33:23,0.3,0.25,179880,0.3,94640,0,850800
FINNIFTY02JAN2420650PE.NFO,02/01/2024,12:33:57,0.3,0.25,179880,0.3,95520,0,850800
FINNIFTY02JAN2420650PE.NFO,02/01/2024,12:34:06,0.3,0.25,179960,0.3,94640,3600,850800
FINNIFTY02JAN2420650PE.NFO,02/01/2024,12:34:15,0.3,0.25,180400,0.3,94640,1800,850800
FINNIFTY02JAN2420650PE.NFO,02/01/2024,12:34:23,0.3,0.25,180400,0.3,96080,1800,850800
FINNIFTY02JAN2420650PE.NFO,02/01/2024,12:34:31,0.3,0.25,180400,0.3,95200,0,850800
FINNIFTY02JAN2420650PE.NFO,02/01/2024,12:34:40,0.3,0.25,180400,0.3,95480,600,850800
FINNIFTY02JAN2420650PE.NFO,02/01/2024,12:34:49,0.3,0.25,180400,0.3,94560,40,850800
FINNIFTY02JAN2420650PE.NFO,02/01/2024,12:35:08,0.3,0.25,180400,0.3,78640,2200,850800
FINNIFTY02JAN2420650PE.NFO,02/01/2024,12:35:18,0.3,0.25,180400,0.3,78640,0,850800
FINNIFTY02JAN2420650PE.NFO,02/01/2024,12:35:38,0.3,0.25,180400,0.3,77680,960,850800
FINNIFTY02JAN2420650PE.NFO,02/01/2024,12:36:06,0.3,0.25,180400,0.3,79160,0,850800
FINNIFTY02JAN2420650PE.NFO,02/01/2024,12:36:15,0.3,0.25,180400,0.3,79240,0,850800
FINNIFTY02JAN2420650PE.NFO,02/01/2024,12:36:53,0.3,0.25,180680,0.3,79240,0,850800
FINNIFTY02JAN2420650PE.NFO,02/01/2024,12:37:01,0.3,0.25,180680,0.3,77920,1400,844800
FINNIFTY02JAN2420650PE.NFO,02/01/2024,12:37:37,0.3,0.25,180640,0.3,77880,40,844800
FINNIFTY02JAN2420650PE.NFO,02/01/2024,12:37:46,0.3,0.25,180640,0.3,77880,0,844800
FINNIFTY02JAN2420650PE.NFO,02/01/2024,12:38:02,0.3,0.25,180640,0.3,77680,2000,844800
FINNIFTY02JAN2420650PE.NFO,02/01/2024,12:38:11,0.3,0.25,180640,0.3,78280,680,844800
FINNIFTY02JAN2420650PE.NFO,02/01/2024,12:38:21,0.3,0.25,182440,0.3,76160,2120,844800
FINNIFTY02JAN2420650PE.NFO,02/01/2024,12:39:05,0.3,0.25,182440,0.3,75960,200,840080
FINNIFTY02JAN2420650PE.NFO,02/01/2024,12:39:48,0.3,0.25,182440,0.3,75960,0,840080
FINNIFTY02JAN2420650PE.NFO,02/01/2024,12:40:13,0.3,0.25,184240,0.3,74160,1800,840080
FINNIFTY02JAN2420650PE.NFO,02/01/2024,12:40:23,0.3,0.25,186040,0.3,76000,1800,840080
FINNIFTY02JAN2420650PE.NFO,02/01/2024,12:40:41,0.3,0.25,186040,0.3,75400,0,840080
FINNIFTY02JAN2420650PE.NFO,02/01/2024,12:41:51,0.3,0.25,189440,0.3,75400,0,840080
FINNIFTY02JAN2420650PE.NFO,02/01/2024,12:43:01,0.3,0.25,191240,0.3,74000,1400,836280
FINNIFTY02JAN2420650PE.NFO,02/01/2024,12:43:10,0.3,0.25,191240,0.3,83360,1800,836280
FINNIFTY02JAN2420650PE.NFO,02/01/2024,12:43:19,0.3,0.25,193000,0.3,81560,1800,836280
FINNIFTY02JAN2420650PE.NFO,02/01/2024,12:43:28,0.3,0.25,193000,0.3,82440,0,836280
FINNIFTY02JAN2420650PE.NFO,02/01/2024,12:43:37,0.3,0.25,194800,0.3,83760,1400,836280
FINNIFTY02JAN2420650PE.NFO,02/01/2024,12:44:20,0.3,0.25,194800,0.3,86080,0,836280
FINNIFTY02JAN2420650PE.NFO,02/01/2024,12:44:37,0.25,0.25,194760,0.3,86080,40,836280
FINNIFTY02JAN2420650PE.NFO,02/01/2024,12:45:12,0.25,0.25,194760,0.3,86960,0,836280
FINNIFTY02JAN2420650PE.NFO,02/01/2024,12:45:21,0.25,0.25,193880,0.3,86960,0,836280
FINNIFTY02JAN2420650PE.NFO,02/01/2024,12:46:13,0.3,0.25,194760,0.3,84280,1800,831280
FINNIFTY02JAN2420650PE.NFO,02/01/2024,12:46:22,0.3,0.25,194760,0.3,83960,320,831280
FINNIFTY02JAN2420650PE.NFO,02/01/2024,12:47:41,0.3,0.25,194760,0.3,83960,0,831280
FINNIFTY02JAN2420650PE.NFO,02/01/2024,12:48:09,0.3,0.25,194760,0.3,84240,400,830840
FINNIFTY02JAN2420650PE.NFO,02/01/2024,12:49:20,0.3,0.25,176760,0.3,84240,0,830840
FINNIFTY02JAN2420650PE.NFO,02/01/2024,12:49:38,0.3,0.25,176760,0.3,84200,0,830840
FINNIFTY02JAN2420650PE.NFO,02/01/2024,12:49:46,0.3,0.25,158760,0.3,83360,1600,830840
FINNIFTY02JAN2420650PE.NFO,02/01/2024,12:49:54,0.3,0.25,158760,0.3,83160,200,830840
FINNIFTY02JAN2420650PE.NFO,02/01/2024,12:50:03,0.3,0.25,158760,0.3,83160,0,830840
FINNIFTY02JAN2420650PE.NFO,02/01/2024,12:50:11,0.25,0.25,158160,0.3,83160,600,830840
FINNIFTY02JAN2420650PE.NFO,02/01/2024,12:50:21,0.25,0.25,158120,0.3,83080,40,830840
FINNIFTY02JAN2420650PE.NFO,02/01/2024,12:50:30,0.25,0.25,157480,0.3,83080,640,830840
FINNIFTY02JAN2420650PE.NFO,02/01/2024,12:50:39,0.25,0.25,156600,0.3,83960,0,830840
FINNIFTY02JAN2420650PE.NFO,02/01/2024,12:50:48,0.25,0.25,156000,0.3,83960,600,830840
FINNIFTY02JAN2420650PE.NFO,02/01/2024,12:50:57,0.25,0.25,156000,0.3,83960,0,830840
FINNIFTY02JAN2420650PE.NFO,02/01/2024,12:51:05,0.25,0.25,155560,0.3,83960,440,834600
FINNIFTY02JAN2420650PE.NFO,02/01/2024,12:51:15,0.3,0.25,155520,0.3,83560,440,834600
FINNIFTY02JAN2420650PE.NFO,02/01/2024,12:51:24,0.3,0.25,156400,0.3,82400,280,834600
FINNIFTY02JAN2420650PE.NFO,02/01/2024,12:51:34,0.3,0.25,156400,0.3,81720,680,834600
FINNIFTY02JAN2420650PE.NFO,02/01/2024,12:51:43,0.25,0.25,156160,0.3,81720,240,834600
FINNIFTY02JAN2420650PE.NFO,02/01/2024,12:51:52,0.3,0.25,156120,0.3,81680,80,834600
FINNIFTY02JAN2420650PE.NFO,02/01/2024,12:52:01,0.3,0.25,156120,0.3,83480,0,834600
FINNIFTY02JAN2420650PE.NFO,02/01/2024,12:52:09,0.3,0.25,156120,0.3,81680,1800,834600
FINNIFTY02JAN2420650PE.NFO,02/01/2024,12:52:18,0.3,0.25,156120,0.3,80640,3600,834600
FINNIFTY02JAN2420650PE.NFO,02/01/2024,12:52:27,0.3,0.25,156120,0.3,78840,1800,834600
FINNIFTY02JAN2420650PE.NFO,02/01/2024,12:52:35,0.3,0.25,156120,0.3,78840,0,834600
FINNIFTY02JAN2420650PE.NFO,02/01/2024,12:52:53,0.3,0.25,156120,0.3,76920,1920,834600
FINNIFTY02JAN2420650PE.NFO,02/01/2024,12:53:01,0.3,0.25,156120,0.3,76960,0,834600
FINNIFTY02JAN2420650PE.NFO,02/01/2024,12:53:18,0.25,0.25,154480,0.3,77760,400,834600
FINNIFTY02JAN2420650PE.NFO,02/01/2024,12:53:35,0.25,0.25,155360,0.3,76880,0,834600
FINNIFTY02JAN2420650PE.NFO,02/01/2024,12:54:36,0.3,0.25,155360,0.3,77720,40,835200
FINNIFTY02JAN2420650PE.NFO,02/01/2024,12:54:45,0.25,0.25,153760,0.3,77720,1600,835200
FINNIFTY02JAN2420650PE.NFO,02/01/2024,12:54:53,0.25,0.25,152880,0.3,77720,0,835200
FINNIFTY02JAN2420650PE.NFO,02/01/2024,12:55:36,0.3,0.25,152880,0.3,78160,40,835200
FINNIFTY02JAN2420650PE.NFO,02/01/2024,12:55:45,0.3,0.25,152880,0.3,78160,0,835200
FINNIFTY02JAN2420650PE.NFO,02/01/2024,12:55:53,0.3,0.25,153920,0.3,78160,0,835200
FINNIFTY02JAN2420650PE.NFO,02/01/2024,12:56:19,0.3,0.25,153320,0.3,73920,0,835200
FINNIFTY02JAN2420650PE.NFO,02/01/2024,12:56:45,0.3,0.25,152000,0.3,71640,0,835200
FINNIFTY02JAN2420650PE.NFO,02/01/2024,12:58:02,0.3,0.25,146120,0.3,72520,0,835200
FINNIFTY02JAN2420650PE.NFO,02/01/2024,12:58:29,0.3,0.25,146120,0.3,71640,0,835200
FINNIFTY02JAN2420650PE.NFO,02/01/2024,12:58:48,0.25,0.25,146000,0.3,71640,120,835200
FINNIFTY02JAN2420650PE.NFO,02/01/2024,12:59:06,0.3,0.25,146000,0.3,71560,80,835200
FINNIFTY02JAN2420650PE.NFO,02/01/2024,12:59:14,0.3,0.25,146000,0.3,71680,0,835200
FINNIFTY02JAN2420650PE.NFO,02/01/2024,12:59:23,0.3,0.25,145080,0.3,72080,0,835200
FINNIFTY02JAN2420650PE.NFO,02/01/2024,13:00:07,0.3,0.25,144200,0.3,72560,0,835200
FINNIFTY02JAN2420650PE.NFO,02/01/2024,13:01:15,0.3,0.25,145800,0.3,71680,0,835200
FINNIFTY02JAN2420650PE.NFO,02/01/2024,13:01:42,0.25,0.25,144360,0.3,71600,480,835200
FINNIFTY02JAN2420650PE.NFO,02/01/2024,13:02:09,0.25,0.25,144360,0.3,71600,0,835200
FINNIFTY02JAN2420650PE.NFO,02/01/2024,13:02:27,0.25,0.25,141640,0.3,71600,2720,835200
FINNIFTY02JAN2420650PE.NFO,02/01/2024,13:02:37,0.25,0.25,141640,0.3,72800,0,835200
FINNIFTY02JAN2420650PE.NFO,02/01/2024,13:02:47,0.3,0.25,95680,0.3,72760,40,835200
FINNIFTY02JAN2420650PE.NFO,02/01/2024,13:02:57,0.3,0.25,95680,0.3,72760,0,835200
FINNIFTY02JAN2420650PE.NFO,02/01/2024,13:03:06,0.3,0.25,84880,0.3,55960,600,837920
FINNIFTY02JAN2420650PE.NFO,02/01/2024,13:03:16,0.3,0.25,59080,0.3,63160,0,837920
FINNIFTY02JAN2420650PE.NFO,02/01/2024,13:03:24,0.3,0.25,58480,0.3,63160,0,837920
FINNIFTY02JAN2420650PE.NFO,02/01/2024,13:03:33,0.3,0.25,54680,0.3,59360,3800,837920
FINNIFTY02JAN2420650PE.NFO,02/01/2024,13:03:43,0.25,0.25,52680,0.3,59360,2000,837920
FINNIFTY02JAN2420650PE.NFO,02/01/2024,13:03:53,0.25,0.25,52800,0.3,59360,2240,837920
FINNIFTY02JAN2420650PE.NFO,02/01/2024,13:04:04,0.3,0.25,53720,0.3,52160,7200,837920
FINNIFTY02JAN2420650PE.NFO,02/01/2024,13:04:15,0.25,0.25,88160,0.3,49840,2320,837920
FINNIFTY02JAN2420650PE.NFO,02/01/2024,13:04:26,0.25,0.25,121360,0.3,51840,680,837920
FINNIFTY02JAN2420650PE.NFO,02/01/2024,13:04:35,0.25,0.25,122360,0.3,50960,80,837920
FINNIFTY02JAN2420650PE.NFO,02/01/2024,13:04:45,0.25,0.25,122880,0.3,51600,1040,837920
FINNIFTY02JAN2420650PE.NFO,02/01/2024,13:04:55,0.3,0.25,76760,0.3,47920,3000,837920
FINNIFTY02JAN2420650PE.NFO,02/01/2024,13:05:05,0.3,0.25,51160,0.3,47880,1040,837920
FINNIFTY02JAN2420650PE.NFO,02/01/2024,13:05:14,0.3,0.25,61160,0.3,47480,0,837920
FINNIFTY02JAN2420650PE.NFO,02/01/2024,13:05:23,0.3,0.25,80040,0.3,46080,520,837920
FINNIFTY02JAN2420650PE.NFO,02/01/2024,13:05:32,0.3,0.25,80040,0.3,46080,0,837920
FINNIFTY02JAN2420650PE.NFO,02/01/2024,13:05:41,0.25,0.25,80160,0.3,45480,640,837920
FINNIFTY02JAN2420650PE.NFO,02/01/2024,13:05:50,0.25,0.25,80160,0.3,45480,0,837920
FINNIFTY02JAN2420650PE.NFO,02/01/2024,13:05:58,0.25,0.25,83760,0.3,47280,0,837920
FINNIFTY02JAN2420650PE.NFO,02/01/2024,13:06:07,0.25,0.25,82880,0.3,48760,0,837920
FINNIFTY02JAN2420650PE.NFO,02/01/2024,13:06:16,0.25,0.25,83000,0.3,47880,760,829680
FINNIFTY02JAN2420650PE.NFO,02/01/2024,13:06:25,0.25,0.25,83000,0.3,48760,0,829680
FINNIFTY02JAN2420650PE.NFO,02/01/2024,13:06:34,0.25,0.25,79400,0.3,48760,0,829680
FINNIFTY02JAN2420650PE.NFO,02/01/2024,13:06:43,0.3,0.25,79400,0.3,45480,5400,829680
FINNIFTY02JAN2420650PE.NFO,02/01/2024,13:06:51,0.3,0.25,78480,0.3,45480,0,829680
FINNIFTY02JAN2420650PE.NFO,02/01/2024,13:07:00,0.3,0.3,45240,0.35,38000,46080,829680
FINNIFTY02JAN2420650PE.NFO,02/01/2024,13:07:09,0.3,0.3,48040,0.35,42560,480,829680
FINNIFTY02JAN2420650PE.NFO,02/01/2024,13:07:18,0.3,0.3,48280,0.35,46360,1560,829680
FINNIFTY02JAN2420650PE.NFO,02/01/2024,13:07:27,0.3,0.3,50560,0.35,46440,2840,829680
FINNIFTY02JAN2420650PE.NFO,02/01/2024,13:07:35,0.3,0.3,50560,0.35,46440,0,829680
FINNIFTY02JAN2420650PE.NFO,02/01/2024,13:08:03,0.3,0.3,52000,0.35,46440,840,829680
FINNIFTY02JAN2420650PE.NFO,02/01/2024,13:08:13,0.35,0.3,49040,0.35,46320,1280,829680
FINNIFTY02JAN2420650PE.NFO,02/01/2024,13:08:22,0.3,0.3,50160,0.35,48400,680,829680
FINNIFTY02JAN2420650PE.NFO,02/01/2024,13:08:31,0.3,0.3,49600,0.35,49040,7320,829680
FINNIFTY02JAN2420650PE.NFO,02/01/2024,13:08:41,0.3,0.3,48800,0.35,49040,800,829680
FINNIFTY02JAN2420650PE.NFO,02/01/2024,13:08:50,0.35,0.3,50880,0.35,47000,1200,829680
FINNIFTY02JAN2420650PE.NFO,02/01/2024,13:08:59,0.35,0.3,51360,0.35,51920,0,829680
FINNIFTY02JAN2420650PE.NFO,02/01/2024,13:09:08,0.3,0.3,51280,0.35,51960,80,801960
FINNIFTY02JAN2420650PE.NFO,02/01/2024,13:09:17,0.3,0.3,51280,0.35,51960,0,801960
FINNIFTY02JAN2420650PE.NFO,02/01/2024,13:09:34,0.35,0.3,50800,0.35,51920,40,801960
FINNIFTY02JAN2420650PE.NFO,02/01/2024,13:09:43,0.3,0.3,49000,0.35,51920,1800,801960
FINNIFTY02JAN2420650PE.NFO,02/01/2024,13:09:52,0.3,0.3,54640,0.35,58960,8760,801960
FINNIFTY02JAN2420650PE.NFO,02/01/2024,13:10:01,0.3,0.3,56440,0.35,60600,3600,801960
FINNIFTY02JAN2420650PE.NFO,02/01/2024,13:10:10,0.3,0.3,54160,0.35,63120,4160,801960
FINNIFTY02JAN2420650PE.NFO,02/01/2024,13:10:19,0.3,0.3,55600,0.35,66320,4400,801960
FINNIFTY02JAN2420650PE.NFO,02/01/2024,13:10:28,0.3,0.3,55600,0.35,66320,0,801960
FINNIFTY02JAN2420650PE.NFO,02/01/2024,13:10:37,0.3,0.3,57240,0.35,66360,160,801960
FINNIFTY02JAN2420650PE.NFO,02/01/2024,13:10:54,0.3,0.3,55440,0.35,61400,0,801960
FINNIFTY02JAN2420650PE.NFO,02/01/2024,13:11:12,0.35,0.3,57240,0.35,60200,1200,801960
FINNIFTY02JAN2420650PE.NFO,02/01/2024,13:11:21,0.35,0.3,57240,0.35,65600,0,801960
FINNIFTY02JAN2420650PE.NFO,02/01/2024,13:11:30,0.3,0.3,57280,0.35,55280,3120,801960
FINNIFTY02JAN2420650PE.NFO,02/01/2024,13:11:39,0.3,0.3,56720,0.35,53920,3720,801960
FINNIFTY02JAN2420650PE.NFO,02/01/2024,13:11:48,0.35,0.3,56360,0.35,47960,1320,801960
FINNIFTY02JAN2420650PE.NFO,02/01/2024,13:11:57,0.3,0.3,54480,0.35,55160,80,801960
FINNIFTY02JAN2420650PE.NFO,02/01/2024,13:12:05,0.3,0.3,57640,0.35,55160,2400,782560
FINNIFTY02JAN2420650PE.NFO,02/01/2024,13:12:14,0.3,0.3,55400,0.35,56960,440,782560
FINNIFTY02JAN2420650PE.NFO,02/01/2024,13:12:23,0.3,0.3,51800,0.35,55160,1800,782560
FINNIFTY02JAN2420650PE.NFO,02/01/2024,13:12:31,0.3,0.3,51800,0.35,55160,0,782560
FINNIFTY02JAN2420650PE.NFO,02/01/2024,13:13:49,0.3,0.3,53600,0.35,55160,0,782560
FINNIFTY02JAN2420650PE.NFO,02/01/2024,13:13:58,0.3,0.3,53600,0.35,56960,0,782560
FINNIFTY02JAN2420650PE.NFO,02/01/2024,13:14:06,0.3,0.3,52640,0.35,56960,800,782560
FINNIFTY02JAN2420650PE.NFO,02/01/2024,13:14:15,0.3,0.3,50040,0.35,56960,800,782560
FINNIFTY02JAN2420650PE.NFO,02/01/2024,13:14:24,0.3,0.3,52000,0.35,56960,0,782560
FINNIFTY02JAN2420650PE.NFO,02/01/2024,13:14:57,0.3,0.3,52000,0.35,57840,0,782560
FINNIFTY02JAN2420650PE.NFO,02/01/2024,13:15:06,0.3,0.3,49320,0.35,57840,0,782560
FINNIFTY02JAN2420650PE.NFO,02/01/2024,13:15:24,0.35,0.3,49320,0.35,57800,40,787240
FINNIFTY02JAN2420650PE.NFO,02/01/2024,13:15:33,0.35,0.3,49320,0.35,57800,0,787240
FINNIFTY02JAN2420650PE.NFO,02/01/2024,13:16:25,0.35,0.3,51120,0.35,58600,0,787240
FINNIFTY02JAN2420650PE.NFO,02/01/2024,13:16:42,0.3,0.3,51960,0.35,56920,840,787240
FINNIFTY02JAN2420650PE.NFO,02/01/2024,13:16:51,0.3,0.3,51960,0.35,55120,0,787240
FINNIFTY02JAN2420650PE.NFO,02/01/2024,13:16:59,0.35,0.3,51960,0.35,51120,400,787240
FINNIFTY02JAN2420650PE.NFO,02/01/2024,13:17:08,0.35,0.3,51080,0.35,50200,0,787240
FINNIFTY02JAN2420650PE.NFO,02/01/2024,13:17:16,0.35,0.3,51080,0.35,50000,200,787240
FINNIFTY02JAN2420650PE.NFO,02/01/2024,13:17:24,0.35,0.3,51080,0.35,50000,0,787240
FINNIFTY02JAN2420650PE.NFO,02/01/2024,13:17:33,0.35,0.3,49280,0.35,50000,0,787240
FINNIFTY02JAN2420650PE.NFO,02/01/2024,13:17:41,0.35,0.3,51960,0.35,50000,0,787240
FINNIFTY02JAN2420650PE.NFO,02/01/2024,13:17:58,0.35,0.3,51960,0.35,48720,400,787240
FINNIFTY02JAN2420650PE.NFO,02/01/2024,13:18:23,0.3,0.3,50000,0.35,51400,160,787240
FINNIFTY02JAN2420650PE.NFO,02/01/2024,13:18:32,0.3,0.3,51800,0.35,48720,0,787240
FINNIFTY02JAN2420650PE.NFO,02/01/2024,13:18:40,0.3,0.3,51800,0.35,51400,0,787240
FINNIFTY02JAN2420650PE.NFO,02/01/2024,13:18:49,0.3,0.3,51800,0.35,48720,0,787240
FINNIFTY02JAN2420650PE.NFO,02/01/2024,13:19:15,0.3,0.3,51800,0.35,50520,0,787240
FINNIFTY02JAN2420650PE.NFO,02/01/2024,13:19:23,0.3,0.3,50000,0.35,50520,0,787240
FINNIFTY02JAN2420650PE.NFO,02/01/2024,13:19:40,0.3,0.3,53240,0.35,50520,80,787240
FINNIFTY02JAN2420650PE.NFO,02/01/2024,13:19:49,0.3,0.3,50400,0.35,47960,3600,787240
FINNIFTY02JAN2420650PE.NFO,02/01/2024,13:19:57,0.35,0.3,50400,0.35,46160,1800,787240
FINNIFTY02JAN2420650PE.NFO,02/01/2024,13:20:06,0.35,0.3,52000,0.35,52160,2120,787240
FINNIFTY02JAN2420650PE.NFO,02/01/2024,13:20:22,0.35,0.3,52000,0.35,50360,0,787240
FINNIFTY02JAN2420650PE.NFO,02/01/2024,13:20:39,0.3,0.3,52000,0.35,48520,1640,787240
FINNIFTY02JAN2420650PE.NFO,02/01/2024,13:21:05,0.3,0.3,51200,0.35,47720,800,787240
FINNIFTY02JAN2420650PE.NFO,02/01/2024,13:21:22,0.3,0.3,50120,0.35,44120,1920,785040
FINNIFTY02JAN2420650PE.NFO,02/01/2024,13:21:31,0.3,0.3,50120,0.35,44120,0,785040
FINNIFTY02JAN2420650PE.NFO,02/01/2024,13:21:39,0.3,0.3,49000,0.35,45000,0,785040
FINNIFTY02JAN2420650PE.NFO,02/01/2024,13:21:47,0.3,0.3,49000,0.35,45920,0,785040
FINNIFTY02JAN2420650PE.NFO,02/01/2024,13:21:56,0.3,0.3,48680,0.35,44240,320,785040
FINNIFTY02JAN2420650PE.NFO,02/01/2024,13:22:04,0.3,0.3,47960,0.35,46040,3200,785040
FINNIFTY02JAN2420650PE.NFO,02/01/2024,13:22:13,0.3,0.3,47080,0.35,45120,2080,785040
FINNIFTY02JAN2420650PE.NFO,02/01/2024,13:22:21,0.3,0.3,38760,0.35,45120,11400,785040
FINNIFTY02JAN2420650PE.NFO,02/01/2024,13:22:30,0.3,0.3,39080,0.35,45120,40,785040
FINNIFTY02JAN2420650PE.NFO,02/01/2024,13:22:38,0.3,0.3,38920,0.35,46920,400,785040
FINNIFTY02JAN2420650PE.NFO,02/01/2024,13:22:47,0.3,0.3,39800,0.35,44240,0,785040
FINNIFTY02JAN2420650PE.NFO,02/01/2024,13:22:56,0.3,0.3,38920,0.35,44240,0,785040
FINNIFTY02JAN2420650PE.NFO,02/01/2024,13:23:04,0.3,0.3,38440,0.35,44240,1720,785040
FINNIFTY02JAN2420650PE.NFO,02/01/2024,13:23:13,0.3,0.3,37320,0.35,44240,240,785040
FINNIFTY02JAN2420650PE.NFO,02/01/2024,13:23:48,0.3,0.25,37880,0.3,60520,39800,785040
FINNIFTY02JAN2420650PE.NFO,02/01/2024,13:23:57,0.3,0.25,34960,0.3,58720,0,785040
FINNIFTY02JAN2420650PE.NFO,02/01/2024,13:24:05,0.3,0.25,38960,0.3,58720,0,785040
FINNIFTY02JAN2420650PE.NFO,02/01/2024,13:24:13,0.3,0.25,39840,0.3,58520,200,818680
FINNIFTY02JAN2420650PE.NFO,02/01/2024,13:24:22,0.3,0.25,44320,0.3,58600,1720,818680
FINNIFTY02JAN2420650PE.NFO,02/01/2024,13:24:30,0.3,0.25,44320,0.3,60400,0,818680
FINNIFTY02JAN2420650PE.NFO,02/01/2024,13:24:40,0.3,0.25,43920,0.3,62120,80,818680
FINNIFTY02JAN2420650PE.NFO,02/01/2024,13:24:49,0.3,0.25,58320,0.3,62120,0,818680
FINNIFTY02JAN2420650PE.NFO,02/01/2024,13:25:16,0.3,0.25,60200,0.3,62520,1400,818680
FINNIFTY02JAN2420650PE.NFO,02/01/2024,13:25:34,0.3,0.25,58360,0.3,65600,0,818680
FINNIFTY02JAN2420650PE.NFO,02/01/2024,13:25:43,0.3,0.25,59240,0.3,64320,0,818680
