Ticker,Date,Time,LTP,BuyPrice,BuyQty,SellPrice,SellQty,LTQ,OpenInterest
FINNIFTY02JAN2422050CE.NFO,02/01/2024,09:15:00,0.75,0.55,320,0.7,680,920,1496360
FINNIFTY02JAN2422050CE.NFO,02/01/2024,09:15:00,0.75,0.55,320,0.7,680,0,1496360
FINNIFTY02JAN2422050CE.NFO,02/01/2024,09:15:00,0.75,0.55,320,0.7,680,0,1496360
FINNIFTY02JAN2422050CE.NFO,02/01/2024,09:15:00,0.65,0.55,320,0.7,680,0,1496360
FINNIFTY02JAN2422050CE.NFO,02/01/2024,09:15:01,0.65,0.5,1240,0.65,1600,720,1496360
FINNIFTY02JAN2422050CE.NFO,02/01/2024,09:15:01,0.55,0.5,1240,0.65,1600,0,1496360
FINNIFTY02JAN2422050CE.NFO,02/01/2024,09:15:02,0.55,0.5,440,0.6,3400,2760,1496360
FINNIFTY02JAN2422050CE.NFO,02/01/2024,09:15:02,0.45,0.5,440,0.6,3400,0,1496360
FINNIFTY02JAN2422050CE.NFO,02/01/2024,09:15:04,0.55,0.5,440,0.6,3400,0,1496360
FINNIFTY02JAN2422050CE.NFO,02/01/2024,09:15:05,0.55,0.55,8840,0.6,13920,3240,1496360
FINNIFTY02JAN2422050CE.NFO,02/01/2024,09:15:07,0.55,0.55,9840,0.6,27520,20520,1496360
FINNIFTY02JAN2422050CE.NFO,02/01/2024,09:15:08,0.55,0.55,43240,0.6,57280,17480,1496360
FINNIFTY02JAN2422050CE.NFO,02/01/2024,09:15:10,0.55,0.55,36840,0.6,64360,10720,1496360
FINNIFTY02JAN2422050CE.NFO,02/01/2024,09:15:11,0.5,0.5,67080,0.55,45680,70120,1496360
FINNIFTY02JAN2422050CE.NFO,02/01/2024,09:15:13,0.55,0.5,64640,0.55,46480,4280,1496360
FINNIFTY02JAN2422050CE.NFO,02/01/2024,09:15:14,0.55,0.5,77200,0.55,44600,4000,1496360
FINNIFTY02JAN2422050CE.NFO,02/01/2024,09:15:16,0.55,0.5,86440,0.55,44880,0,1496360
FINNIFTY02JAN2422050CE.NFO,02/01/2024,09:15:17,0.5,0.5,88920,0.55,44680,5240,1496360
FINNIFTY02JAN2422050CE.NFO,02/01/2024,09:15:19,0.5,0.5,92680,0.55,49200,23920,1496360
FINNIFTY02JAN2422050CE.NFO,02/01/2024,09:15:20,0.5,0.5,102520,0.55,51480,11160,1496360
FINNIFTY02JAN2422050CE.NFO,02/01/2024,09:15:22,0.5,0.5,119080,0.55,49520,8920,1496360
FINNIFTY02JAN2422050CE.NFO,02/01/2024,09:15:23,0.5,0.5,122680,0.55,50680,6200,1496360
FINNIFTY02JAN2422050CE.NFO,02/01/2024,09:15:24,0.55,0.5,121360,0.55,60240,5320,1496360
FINNIFTY02JAN2422050CE.NFO,02/01/2024,09:15:26,0.55,0.5,122800,0.55,63800,3480,1496360
FINNIFTY02JAN2422050CE.NFO,02/01/2024,09:15:27,0.5,0.5,129720,0.55,63800,4920,1496360
FINNIFTY02JAN2422050CE.NFO,02/01/2024,09:15:29,0.55,0.5,102960,0.55,68760,22040,1496360
FINNIFTY02JAN2422050CE.NFO,02/01/2024,09:15:30,0.5,0.5,114600,0.55,70520,12080,1496360
FINNIFTY02JAN2422050CE.NFO,02/01/2024,09:15:32,0.5,0.5,105520,0.55,71280,5280,1496360
FINNIFTY02JAN2422050CE.NFO,02/01/2024,09:15:33,0.5,0.5,125280,0.55,88120,2840,1496360
FINNIFTY02JAN2422050CE.NFO,02/01/2024,09:15:34,0.5,0.5,123360,0.55,88120,2720,1496360
FINNIFTY02JAN2422050CE.NFO,02/01/2024,09:15:36,0.5,0.5,116000,0.55,107120,1440,1496360
FINNIFTY02JAN2422050CE.NFO,02/01/2024,09:15:37,0.5,0.5,107400,0.55,110320,6320,1496360
FINNIFTY02JAN2422050CE.NFO,02/01/2024,09:15:39,0.45,0.45,178240,0.5,62080,98960,1496360
FINNIFTY02JAN2422050CE.NFO,02/01/2024,09:15:40,0.45,0.45,188880,0.5,78880,7920,1496360
FINNIFTY02JAN2422050CE.NFO,02/01/2024,09:15:42,0.5,0.45,195880,0.5,85240,2560,1496360
FINNIFTY02JAN2422050CE.NFO,02/01/2024,09:15:43,0.45,0.45,193800,0.5,94480,4240,1496360
FINNIFTY02JAN2422050CE.NFO,02/01/2024,09:15:45,0.45,0.45,192880,0.5,102520,2360,1496360
FINNIFTY02JAN2422050CE.NFO,02/01/2024,09:15:46,0.5,0.45,192520,0.5,105720,1440,1496360
FINNIFTY02JAN2422050CE.NFO,02/01/2024,09:15:47,0.5,0.45,193160,0.5,120320,240,1496360
FINNIFTY02JAN2422050CE.NFO,02/01/2024,09:15:49,0.45,0.45,198640,0.5,102440,41520,1496360
FINNIFTY02JAN2422050CE.NFO,02/01/2024,09:15:50,0.5,0.45,192520,0.5,125320,20680,1496360
FINNIFTY02JAN2422050CE.NFO,02/01/2024,09:15:52,0.5,0.45,186040,0.5,143480,12360,1496360
FINNIFTY02JAN2422050CE.NFO,02/01/2024,09:15:53,0.5,0.45,183640,0.5,155160,3920,1496360
FINNIFTY02JAN2422050CE.NFO,02/01/2024,09:15:55,0.5,0.45,178640,0.5,161960,7120,1496360
FINNIFTY02JAN2422050CE.NFO,02/01/2024,09:15:56,0.5,0.45,176880,0.5,166200,4280,1496360
FINNIFTY02JAN2422050CE.NFO,02/01/2024,09:15:58,0.5,0.45,176160,0.5,164560,2840,1496360
FINNIFTY02JAN2422050CE.NFO,02/01/2024,09:15:59,0.45,0.45,155760,0.5,164600,19280,1496360
FINNIFTY02JAN2422050CE.NFO,02/01/2024,09:16:01,0.5,0.45,158320,0.5,164160,26000,1496360
FINNIFTY02JAN2422050CE.NFO,02/01/2024,09:16:02,0.45,0.45,152680,0.5,154800,15080,1496360
FINNIFTY02JAN2422050CE.NFO,02/01/2024,09:16:03,0.5,0.45,154160,0.5,128560,18040,1496360
FINNIFTY02JAN2422050CE.NFO,02/01/2024,09:16:05,0.5,0.45,156040,0.5,121440,9760,1496360
FINNIFTY02JAN2422050CE.NFO,02/01/2024,09:16:06,0.5,0.45,174720,0.5,69040,51640,1496360
FINNIFTY02JAN2422050CE.NFO,02/01/2024,09:16:08,0.5,0.45,176520,0.5,106320,0,1496360
FINNIFTY02JAN2422050CE.NFO,02/01/2024,09:16:09,0.5,0.45,176320,0.5,124320,0,1496360
FINNIFTY02JAN2422050CE.NFO,02/01/2024,09:16:11,0.5,0.45,178320,0.5,129280,8040,1496360
FINNIFTY02JAN2422050CE.NFO,02/01/2024,09:16:12,0.5,0.45,179880,0.5,128840,1840,1496360
FINNIFTY02JAN2422050CE.NFO,02/01/2024,09:16:14,0.5,0.45,196280,0.5,126560,2280,1496360
FINNIFTY02JAN2422050CE.NFO,02/01/2024,09:16:15,0.5,0.45,196080,0.5,120880,16800,1496360
FINNIFTY02JAN2422050CE.NFO,02/01/2024,09:16:16,0.5,0.45,194840,0.5,98280,12120,1496360
FINNIFTY02JAN2422050CE.NFO,02/01/2024,09:16:18,0.5,0.45,193040,0.5,90960,8320,1496360
FINNIFTY02JAN2422050CE.NFO,02/01/2024,09:16:19,0.5,0.45,193040,0.5,120160,2920,1496360
FINNIFTY02JAN2422050CE.NFO,02/01/2024,09:16:21,0.5,0.45,193040,0.5,130880,960,1496360
FINNIFTY02JAN2422050CE.NFO,02/01/2024,09:16:22,0.5,0.45,193040,0.5,93360,21200,1496360
FINNIFTY02JAN2422050CE.NFO,02/01/2024,09:16:24,0.5,0.45,192280,0.5,111640,9480,1496360
FINNIFTY02JAN2422050CE.NFO,02/01/2024,09:16:25,0.45,0.45,192040,0.5,113400,2000,1496360
FINNIFTY02JAN2422050CE.NFO,02/01/2024,09:16:27,0.45,0.45,191920,0.5,113480,120,1496360
FINNIFTY02JAN2422050CE.NFO,02/01/2024,09:16:28,0.5,0.45,191920,0.5,113920,160,1496360
FINNIFTY02JAN2422050CE.NFO,02/01/2024,09:16:30,0.5,0.45,191720,0.5,88480,26000,1496360
FINNIFTY02JAN2422050CE.NFO,02/01/2024,09:16:31,0.5,0.45,203640,0.5,81920,0,1496360
FINNIFTY02JAN2422050CE.NFO,02/01/2024,09:16:33,0.5,0.45,218400,0.5,81920,0,1496360
FINNIFTY02JAN2422050CE.NFO,02/01/2024,09:16:34,0.5,0.45,222120,0.5,41800,9440,1496360
FINNIFTY02JAN2422050CE.NFO,02/01/2024,09:16:35,0.5,0.5,138960,0.55,137960,55880,1496360
FINNIFTY02JAN2422050CE.NFO,02/01/2024,09:16:37,0.5,0.5,168880,0.55,138360,55280,1496360
FINNIFTY02JAN2422050CE.NFO,02/01/2024,09:16:38,0.5,0.5,172520,0.55,153240,0,1496360
FINNIFTY02JAN2422050CE.NFO,02/01/2024,09:16:40,0.5,0.5,166240,0.55,163720,23400,1496360
FINNIFTY02JAN2422050CE.NFO,02/01/2024,09:16:41,0.5,0.5,197240,0.55,171400,13040,1496360
FINNIFTY02JAN2422050CE.NFO,02/01/2024,09:16:43,0.5,0.5,195320,0.55,171360,1920,1496360
FINNIFTY02JAN2422050CE.NFO,02/01/2024,09:16:44,0.5,0.5,195280,0.55,171520,40,1496360
FINNIFTY02JAN2422050CE.NFO,02/01/2024,09:16:45,0.5,0.5,197320,0.55,178120,2200,1496360
FINNIFTY02JAN2422050CE.NFO,02/01/2024,09:16:47,0.5,0.5,197320,0.55,179960,3600,1496360
FINNIFTY02JAN2422050CE.NFO,02/01/2024,09:16:48,0.5,0.5,197320,0.55,179960,3600,1496360
FINNIFTY02JAN2422050CE.NFO,02/01/2024,09:16:49,0.5,0.5,197320,0.55,179880,0,1496360
FINNIFTY02JAN2422050CE.NFO,02/01/2024,09:16:51,0.5,0.5,199120,0.55,180160,0,1496360
FINNIFTY02JAN2422050CE.NFO,02/01/2024,09:16:52,0.5,0.5,213520,0.55,180160,0,1496360
FINNIFTY02JAN2422050CE.NFO,02/01/2024,09:16:54,0.55,0.5,211720,0.55,178720,1800,1496360
FINNIFTY02JAN2422050CE.NFO,02/01/2024,09:16:55,0.55,0.5,211720,0.55,178720,0,1496360
FINNIFTY02JAN2422050CE.NFO,02/01/2024,09:16:58,0.5,0.5,209880,0.55,178720,1840,1496360
FINNIFTY02JAN2422050CE.NFO,02/01/2024,09:17:00,0.5,0.5,213480,0.55,178720,0,1496360
FINNIFTY02JAN2422050CE.NFO,02/01/2024,09:17:01,0.5,0.5,209880,0.55,180840,5000,1496360
FINNIFTY02JAN2422050CE.NFO,02/01/2024,09:17:03,0.5,0.5,224440,0.55,178720,2600,1496360
FINNIFTY02JAN2422050CE.NFO,02/01/2024,09:17:04,0.5,0.5,222640,0.55,178720,3600,1496360
FINNIFTY02JAN2422050CE.NFO,02/01/2024,09:17:06,0.5,0.5,224880,0.55,178320,1800,1496360
FINNIFTY02JAN2422050CE.NFO,02/01/2024,09:17:07,0.5,0.5,224880,0.55,179560,0,1496360
FINNIFTY02JAN2422050CE.NFO,02/01/2024,09:17:09,0.5,0.5,224760,0.55,181240,5040,1496360
FINNIFTY02JAN2422050CE.NFO,02/01/2024,09:17:10,0.5,0.5,237640,0.55,159640,2600,1496360
FINNIFTY02JAN2422050CE.NFO,02/01/2024,09:17:12,0.5,0.5,240960,0.55,164400,2080,1496360
FINNIFTY02JAN2422050CE.NFO,02/01/2024,09:17:13,0.5,0.5,240920,0.55,164400,40,1496360
FINNIFTY02JAN2422050CE.NFO,02/01/2024,09:17:16,0.5,0.5,223280,0.55,166160,1840,1496360
FINNIFTY02JAN2422050CE.NFO,02/01/2024,09:17:17,0.5,0.5,189840,0.55,170640,16680,1496360
FINNIFTY02JAN2422050CE.NFO,02/01/2024,09:17:19,0.5,0.5,223640,0.55,180240,400,1496360
FINNIFTY02JAN2422050CE.NFO,02/01/2024,09:17:20,0.5,0.5,216920,0.55,177840,1080,1496360
FINNIFTY02JAN2422050CE.NFO,02/01/2024,09:17:22,0.5,0.5,216200,0.55,177840,880,1496360
FINNIFTY02JAN2422050CE.NFO,02/01/2024,09:17:23,0.5,0.5,164960,0.55,179480,23760,1586640
FINNIFTY02JAN2422050CE.NFO,02/01/2024,09:17:24,0.5,0.45,317880,0.5,101520,122960,1586640
FINNIFTY02JAN2422050CE.NFO,02/01/2024,09:17:26,0.5,0.5,137040,0.55,163080,129240,1586640
FINNIFTY02JAN2422050CE.NFO,02/01/2024,09:17:27,0.5,0.5,145560,0.55,151120,14160,1586640
FINNIFTY02JAN2422050CE.NFO,02/01/2024,09:17:28,0.5,0.5,146360,0.55,149920,1800,1586640
FINNIFTY02JAN2422050CE.NFO,02/01/2024,09:17:30,0.55,0.5,180560,0.55,154000,8000,1586640
FINNIFTY02JAN2422050CE.NFO,02/01/2024,09:17:31,0.55,0.5,202160,0.55,185800,200,1586640
FINNIFTY02JAN2422050CE.NFO,02/01/2024,09:17:33,0.5,0.5,225560,0.55,187520,800,1586640
FINNIFTY02JAN2422050CE.NFO,02/01/2024,09:17:34,0.5,0.5,225560,0.55,187440,0,1586640
FINNIFTY02JAN2422050CE.NFO,02/01/2024,09:17:36,0.5,0.5,225320,0.55,187560,1520,1586640
FINNIFTY02JAN2422050CE.NFO,02/01/2024,09:17:37,0.5,0.5,220560,0.55,193600,20160,1586640
FINNIFTY02JAN2422050CE.NFO,02/01/2024,09:17:39,0.5,0.5,188360,0.55,165640,102960,1586640
FINNIFTY02JAN2422050CE.NFO,02/01/2024,09:17:40,0.5,0.5,144440,0.55,163680,5880,1586640
FINNIFTY02JAN2422050CE.NFO,02/01/2024,09:17:42,0.5,0.5,164160,0.55,163480,80,1586640
FINNIFTY02JAN2422050CE.NFO,02/01/2024,09:17:43,0.5,0.5,164040,0.55,171200,120,1586640
FINNIFTY02JAN2422050CE.NFO,02/01/2024,09:17:45,0.5,0.5,161280,0.55,190200,4200,1586640
FINNIFTY02JAN2422050CE.NFO,02/01/2024,09:17:46,0.5,0.5,158720,0.55,195680,1600,1586640
FINNIFTY02JAN2422050CE.NFO,02/01/2024,09:17:48,0.55,0.5,159680,0.55,194880,800,1586640
FINNIFTY02JAN2422050CE.NFO,02/01/2024,09:17:49,0.5,0.5,163760,0.55,196560,1200,1586640
FINNIFTY02JAN2422050CE.NFO,02/01/2024,09:17:51,0.5,0.5,161800,0.55,195920,3000,1586640
FINNIFTY02JAN2422050CE.NFO,02/01/2024,09:17:52,0.5,0.5,162040,0.55,196440,2000,1586640
FINNIFTY02JAN2422050CE.NFO,02/01/2024,09:17:54,0.5,0.5,161720,0.55,196440,400,1586640
FINNIFTY02JAN2422050CE.NFO,02/01/2024,09:17:55,0.5,0.5,162880,0.55,196240,3680,1586640
FINNIFTY02JAN2422050CE.NFO,02/01/2024,09:17:57,0.5,0.5,162880,0.55,196320,0,1586640
FINNIFTY02JAN2422050CE.NFO,02/01/2024,09:17:58,0.55,0.5,165360,0.55,195920,2600,1586640
FINNIFTY02JAN2422050CE.NFO,02/01/2024,09:18:00,0.55,0.5,163560,0.55,195920,0,1586640
FINNIFTY02JAN2422050CE.NFO,02/01/2024,09:18:01,0.55,0.5,163640,0.55,195520,3400,1586640
FINNIFTY02JAN2422050CE.NFO,02/01/2024,09:18:02,0.5,0.5,162760,0.55,195120,12560,1586640
FINNIFTY02JAN2422050CE.NFO,02/01/2024,09:18:04,0.5,0.5,125320,0.55,197240,13120,1586640
FINNIFTY02JAN2422050CE.NFO,02/01/2024,09:18:05,0.5,0.5,92520,0.55,199760,14160,1586640
FINNIFTY02JAN2422050CE.NFO,02/01/2024,09:18:07,0.5,0.45,335800,0.5,164160,48440,1586640
FINNIFTY02JAN2422050CE.NFO,02/01/2024,09:18:08,0.5,0.45,335400,0.5,186960,6880,1586640
FINNIFTY02JAN2422050CE.NFO,02/01/2024,09:18:10,0.5,0.45,335560,0.5,200120,3200,1586640
FINNIFTY02JAN2422050CE.NFO,02/01/2024,09:18:11,0.5,0.45,335840,0.5,199280,2880,1586640
FINNIFTY02JAN2422050CE.NFO,02/01/2024,09:18:13,0.5,0.45,335200,0.5,199680,2360,1586640
FINNIFTY02JAN2422050CE.NFO,02/01/2024,09:18:14,0.5,0.45,335280,0.5,201000,3520,1586640
FINNIFTY02JAN2422050CE.NFO,02/01/2024,09:18:16,0.5,0.45,335280,0.5,200040,2400,1586640
FINNIFTY02JAN2422050CE.NFO,02/01/2024,09:18:17,0.5,0.45,334840,0.5,198040,2960,1586640
FINNIFTY02JAN2422050CE.NFO,02/01/2024,09:18:19,0.5,0.45,336040,0.5,195200,2720,1586640
FINNIFTY02JAN2422050CE.NFO,02/01/2024,09:18:20,0.5,0.45,336080,0.5,195040,1360,1586640
FINNIFTY02JAN2422050CE.NFO,02/01/2024,09:18:22,0.5,0.45,335600,0.5,197680,480,1586640
FINNIFTY02JAN2422050CE.NFO,02/01/2024,09:18:23,0.45,0.45,335520,0.5,199480,80,1586640
FINNIFTY02JAN2422050CE.NFO,02/01/2024,09:18:25,0.45,0.45,335680,0.5,197680,0,1586640
FINNIFTY02JAN2422050CE.NFO,02/01/2024,09:18:26,0.45,0.45,337480,0.5,199480,0,1586640
FINNIFTY02JAN2422050CE.NFO,02/01/2024,09:18:28,0.5,0.45,341080,0.5,199360,600,1586640
FINNIFTY02JAN2422050CE.NFO,02/01/2024,09:18:29,0.5,0.45,341080,0.5,199360,0,1586640
FINNIFTY02JAN2422050CE.NFO,02/01/2024,09:18:33,0.45,0.45,342360,0.5,197560,520,1586640
FINNIFTY02JAN2422050CE.NFO,02/01/2024,09:18:36,0.5,0.45,349920,0.5,184120,36000,1586640
FINNIFTY02JAN2422050CE.NFO,02/01/2024,09:18:37,0.5,0.45,348120,0.5,184120,0,1586640
FINNIFTY02JAN2422050CE.NFO,02/01/2024,09:18:39,0.5,0.45,348120,0.5,189280,0,1586640
FINNIFTY02JAN2422050CE.NFO,02/01/2024,09:18:40,0.5,0.45,388600,0.5,189160,120,1586640
FINNIFTY02JAN2422050CE.NFO,02/01/2024,09:18:41,0.5,0.45,428120,0.5,189160,0,1586640
FINNIFTY02JAN2422050CE.NFO,02/01/2024,09:18:43,0.5,0.45,450400,0.5,189640,0,1586640
FINNIFTY02JAN2422050CE.NFO,02/01/2024,09:18:44,0.5,0.45,470400,0.5,187840,0,1586640
FINNIFTY02JAN2422050CE.NFO,02/01/2024,09:18:46,0.5,0.45,470480,0.5,189280,360,1586640
FINNIFTY02JAN2422050CE.NFO,02/01/2024,09:18:47,0.5,0.45,470520,0.5,187520,0,1586640
FINNIFTY02JAN2422050CE.NFO,02/01/2024,09:18:49,0.5,0.45,478560,0.5,180240,29880,1586640
FINNIFTY02JAN2422050CE.NFO,02/01/2024,09:18:50,0.5,0.45,476960,0.5,180400,0,1586640
FINNIFTY02JAN2422050CE.NFO,02/01/2024,09:18:51,0.45,0.45,478560,0.5,178400,2280,1586640
FINNIFTY02JAN2422050CE.NFO,02/01/2024,09:18:53,0.5,0.5,101400,0.55,134000,137160,1586640
FINNIFTY02JAN2422050CE.NFO,02/01/2024,09:18:55,0.55,0.5,121240,0.55,137760,40,1586640
FINNIFTY02JAN2422050CE.NFO,02/01/2024,09:18:56,0.5,0.5,123240,0.55,137760,40,1586640
FINNIFTY02JAN2422050CE.NFO,02/01/2024,09:18:57,0.5,0.5,132320,0.55,142720,33960,1586640
FINNIFTY02JAN2422050CE.NFO,02/01/2024,09:18:59,0.5,0.5,123720,0.55,143200,5520,1586640
FINNIFTY02JAN2422050CE.NFO,02/01/2024,09:19:00,0.5,0.5,130680,0.55,142280,7320,1586640
FINNIFTY02JAN2422050CE.NFO,02/01/2024,09:19:02,0.5,0.5,118480,0.55,131320,11920,1586640
FINNIFTY02JAN2422050CE.NFO,02/01/2024,09:19:04,0.5,0.5,115680,0.55,130720,14520,1586640
FINNIFTY02JAN2422050CE.NFO,02/01/2024,09:19:05,0.5,0.45,445840,0.5,140280,93520,1586640
FINNIFTY02JAN2422050CE.NFO,02/01/2024,09:19:06,0.5,0.45,422160,0.5,9480,114960,1586640
FINNIFTY02JAN2422050CE.NFO,02/01/2024,09:19:08,0.55,0.5,87920,0.55,132880,10320,1586640
FINNIFTY02JAN2422050CE.NFO,02/01/2024,09:19:09,0.5,0.5,92200,0.55,133760,1840,1586640
FINNIFTY02JAN2422050CE.NFO,02/01/2024,09:19:11,0.5,0.5,93960,0.55,136240,2960,1586640
FINNIFTY02JAN2422050CE.NFO,02/01/2024,09:19:12,0.55,0.5,95640,0.55,171440,600,1586640
FINNIFTY02JAN2422050CE.NFO,02/01/2024,09:19:14,0.5,0.5,94840,0.55,173160,2840,1586640
FINNIFTY02JAN2422050CE.NFO,02/01/2024,09:19:15,0.5,0.5,94600,0.55,211320,1800,1586640
FINNIFTY02JAN2422050CE.NFO,02/01/2024,09:19:17,0.55,0.5,94280,0.55,210920,1680,1586640
FINNIFTY02JAN2422050CE.NFO,02/01/2024,09:19:18,0.5,0.5,93360,0.55,214320,7760,1586640
FINNIFTY02JAN2422050CE.NFO,02/01/2024,09:19:20,0.5,0.5,94480,0.55,214280,6880,1586640
FINNIFTY02JAN2422050CE.NFO,02/01/2024,09:19:21,0.5,0.5,107960,0.55,213480,10560,1586640
FINNIFTY02JAN2422050CE.NFO,02/01/2024,09:19:22,0.5,0.45,466800,0.5,143040,93920,1586640
FINNIFTY02JAN2422050CE.NFO,02/01/2024,09:19:24,0.5,0.45,467000,0.5,148080,2440,1586640
FINNIFTY02JAN2422050CE.NFO,02/01/2024,09:19:25,0.5,0.45,463560,0.5,151120,6320,1586640
FINNIFTY02JAN2422050CE.NFO,02/01/2024,09:19:27,0.5,0.45,463880,0.5,155040,4200,1586640
FINNIFTY02JAN2422050CE.NFO,02/01/2024,09:19:28,0.5,0.45,462080,0.5,160760,0,1586640
FINNIFTY02JAN2422050CE.NFO,02/01/2024,09:19:30,0.5,0.45,462520,0.5,160360,1440,1586640
FINNIFTY02JAN2422050CE.NFO,02/01/2024,09:19:31,0.5,0.45,464320,0.5,158880,0,1586640
FINNIFTY02JAN2422050CE.NFO,02/01/2024,09:19:33,0.5,0.45,464240,0.5,144480,0,1586640
FINNIFTY02JAN2422050CE.NFO,02/01/2024,09:19:35,0.5,0.45,464240,0.5,151160,80,1586640
FINNIFTY02JAN2422050CE.NFO,02/01/2024,09:19:36,0.5,0.45,464240,0.5,159800,840,1586640
FINNIFTY02JAN2422050CE.NFO,02/01/2024,09:19:38,0.5,0.45,464240,0.5,151000,5840,1586640
FINNIFTY02JAN2422050CE.NFO,02/01/2024,09:19:40,0.55,0.5,91960,0.55,215880,134760,1586640
FINNIFTY02JAN2422050CE.NFO,02/01/2024,09:19:41,0.5,0.5,94680,0.55,216160,3400,1586640
FINNIFTY02JAN2422050CE.NFO,02/01/2024,09:19:43,0.55,0.5,101880,0.55,218000,1800,1586640
FINNIFTY02JAN2422050CE.NFO,02/01/2024,09:19:45,0.5,0.5,108240,0.55,218000,1920,1586640
FINNIFTY02JAN2422050CE.NFO,02/01/2024,09:19:46,0.55,0.5,117760,0.55,221120,5560,1586640
FINNIFTY02JAN2422050CE.NFO,02/01/2024,09:19:48,0.55,0.5,119640,0.55,221920,3800,1586640
FINNIFTY02JAN2422050CE.NFO,02/01/2024,09:19:49,0.5,0.5,112120,0.55,226320,9040,1586640
FINNIFTY02JAN2422050CE.NFO,02/01/2024,09:19:51,0.5,0.45,472520,0.5,235400,89760,1586640
FINNIFTY02JAN2422050CE.NFO,02/01/2024,09:19:53,0.5,0.45,473920,0.5,238840,3200,1586640
FINNIFTY02JAN2422050CE.NFO,02/01/2024,09:19:54,0.5,0.45,473920,0.5,245360,3600,1586640
FINNIFTY02JAN2422050CE.NFO,02/01/2024,09:19:56,0.5,0.45,473920,0.5,247160,0,1586640
FINNIFTY02JAN2422050CE.NFO,02/01/2024,09:19:58,0.5,0.45,482840,0.5,247080,80,1586640
FINNIFTY02JAN2422050CE.NFO,02/01/2024,09:19:59,0.5,0.45,484280,0.5,247000,80,1586640
FINNIFTY02JAN2422050CE.NFO,02/01/2024,09:20:01,0.5,0.45,487160,0.5,245760,120,1586640
FINNIFTY02JAN2422050CE.NFO,02/01/2024,09:20:03,0.5,0.45,491480,0.5,245760,240,1586640
FINNIFTY02JAN2422050CE.NFO,02/01/2024,09:20:04,0.5,0.45,489680,0.5,244600,1200,1586640
FINNIFTY02JAN2422050CE.NFO,02/01/2024,09:20:06,0.5,0.45,489440,0.5,246280,2160,1586640
FINNIFTY02JAN2422050CE.NFO,02/01/2024,09:20:08,0.5,0.45,484360,0.5,247440,6080,1586640
FINNIFTY02JAN2422050CE.NFO,02/01/2024,09:20:09,0.5,0.45,484960,0.5,232440,8680,1586640
FINNIFTY02JAN2422050CE.NFO,02/01/2024,09:20:11,0.5,0.45,485360,0.5,218240,14480,1586640
FINNIFTY02JAN2422050CE.NFO,02/01/2024,09:20:13,0.45,0.45,471600,0.5,212240,87480,1586640
FINNIFTY02JAN2422050CE.NFO,02/01/2024,09:20:14,0.5,0.45,471600,0.5,215760,80,1586640
FINNIFTY02JAN2422050CE.NFO,02/01/2024,09:20:16,0.5,0.45,471560,0.5,217440,120,1586640
FINNIFTY02JAN2422050CE.NFO,02/01/2024,09:20:18,0.5,0.45,469840,0.5,208840,8600,1586640
FINNIFTY02JAN2422050CE.NFO,02/01/2024,09:20:19,0.5,0.45,471520,0.5,204160,9800,1586640
FINNIFTY02JAN2422050CE.NFO,02/01/2024,09:20:21,0.45,0.45,469920,0.5,202920,6840,1586640
FINNIFTY02JAN2422050CE.NFO,02/01/2024,09:20:23,0.45,0.45,458000,0.5,193760,11760,1586640
FINNIFTY02JAN2422050CE.NFO,02/01/2024,09:20:24,0.5,0.45,450000,0.5,192680,1000,1668640
FINNIFTY02JAN2422050CE.NFO,02/01/2024,09:20:26,0.45,0.45,435400,0.5,194040,2040,1668640
FINNIFTY02JAN2422050CE.NFO,02/01/2024,09:20:28,0.45,0.45,434880,0.5,194440,0,1668640
FINNIFTY02JAN2422050CE.NFO,02/01/2024,09:20:29,0.5,0.45,440280,0.5,194960,120,1668640
FINNIFTY02JAN2422050CE.NFO,02/01/2024,09:20:31,0.5,0.45,440280,0.5,194960,0,1668640
FINNIFTY02JAN2422050CE.NFO,02/01/2024,09:20:32,0.5,0.45,440280,0.5,196280,0,1668640
FINNIFTY02JAN2422050CE.NFO,02/01/2024,09:20:37,0.45,0.45,441720,0.5,195480,1040,1668640
FINNIFTY02JAN2422050CE.NFO,02/01/2024,09:20:39,0.45,0.45,439840,0.5,194640,560,1668640
FINNIFTY02JAN2422050CE.NFO,02/01/2024,09:20:41,0.45,0.45,439760,0.5,194640,80,1668640
FINNIFTY02JAN2422050CE.NFO,02/01/2024,09:20:42,0.45,0.45,439760,0.5,199520,3920,1668640
FINNIFTY02JAN2422050CE.NFO,02/01/2024,09:20:44,0.45,0.45,436600,0.5,201120,1640,1668640
FINNIFTY02JAN2422050CE.NFO,02/01/2024,09:20:46,0.45,0.45,435680,0.5,201120,920,1668640
FINNIFTY02JAN2422050CE.NFO,02/01/2024,09:20:47,0.45,0.45,437040,0.5,199680,440,1668640
FINNIFTY02JAN2422050CE.NFO,02/01/2024,09:20:49,0.45,0.45,436920,0.5,199680,120,1668640
FINNIFTY02JAN2422050CE.NFO,02/01/2024,09:20:51,0.45,0.45,433920,0.5,199680,3000,1668640
FINNIFTY02JAN2422050CE.NFO,02/01/2024,09:20:52,0.45,0.45,433920,0.5,200600,0,1668640
FINNIFTY02JAN2422050CE.NFO,02/01/2024,09:20:54,0.45,0.45,433400,0.5,202400,480,1668640
FINNIFTY02JAN2422050CE.NFO,02/01/2024,09:20:56,0.45,0.45,433040,0.5,204360,360,1668640
FINNIFTY02JAN2422050CE.NFO,02/01/2024,09:20:57,0.45,0.45,433120,0.5,202560,0,1668640
FINNIFTY02JAN2422050CE.NFO,02/01/2024,09:20:59,0.45,0.45,433640,0.5,204960,0,1668640
FINNIFTY02JAN2422050CE.NFO,02/01/2024,09:21:01,0.45,0.45,431840,0.5,207640,0,1668640
FINNIFTY02JAN2422050CE.NFO,02/01/2024,09:21:02,0.45,0.45,431760,0.5,207240,480,1668640
FINNIFTY02JAN2422050CE.NFO,02/01/2024,09:21:04,0.45,0.45,433320,0.5,205840,240,1668640
FINNIFTY02JAN2422050CE.NFO,02/01/2024,09:21:06,0.45,0.45,432720,0.5,206560,80,1668640
FINNIFTY02JAN2422050CE.NFO,02/01/2024,09:21:07,0.45,0.45,429840,0.5,207000,1680,1668640
FINNIFTY02JAN2422050CE.NFO,02/01/2024,09:21:09,0.5,0.45,428840,0.5,204520,3440,1668640
FINNIFTY02JAN2422050CE.NFO,02/01/2024,09:21:11,0.5,0.45,428800,0.5,200200,4800,1668640
FINNIFTY02JAN2422050CE.NFO,02/01/2024,09:21:12,0.5,0.45,427000,0.5,200440,5160,1668640
FINNIFTY02JAN2422050CE.NFO,02/01/2024,09:21:14,0.45,0.45,408360,0.5,208840,9840,1668640
FINNIFTY02JAN2422050CE.NFO,02/01/2024,09:21:16,0.45,0.45,380080,0.5,190200,21480,1668640
FINNIFTY02JAN2422050CE.NFO,02/01/2024,09:21:17,0.45,0.45,395240,0.5,196640,19440,1668640
FINNIFTY02JAN2422050CE.NFO,02/01/2024,09:21:19,0.45,0.45,381360,0.5,199640,18080,1668640
FINNIFTY02JAN2422050CE.NFO,02/01/2024,09:21:21,0.45,0.45,363200,0.5,210760,19680,1668640
FINNIFTY02JAN2422050CE.NFO,02/01/2024,09:21:22,0.45,0.45,343280,0.5,207400,23280,1668640
FINNIFTY02JAN2422050CE.NFO,02/01/2024,09:21:24,0.5,0.45,320760,0.5,199200,32520,1668640
FINNIFTY02JAN2422050CE.NFO,02/01/2024,09:21:26,0.45,0.45,179280,0.5,216880,30560,1668640
FINNIFTY02JAN2422050CE.NFO,02/01/2024,09:21:27,0.45,0.45,154760,0.5,230160,40040,1668640
FINNIFTY02JAN2422050CE.NFO,02/01/2024,09:21:29,0.45,0.45,173280,0.5,245520,48000,1668640
FINNIFTY02JAN2422050CE.NFO,02/01/2024,09:21:30,0.45,0.45,172920,0.5,262680,14000,1668640
FINNIFTY02JAN2422050CE.NFO,02/01/2024,09:21:31,0.45,0.45,161000,0.5,278800,22120,1668640
FINNIFTY02JAN2422050CE.NFO,02/01/2024,09:21:33,0.5,0.45,160320,0.5,276200,11600,1668640
FINNIFTY02JAN2422050CE.NFO,02/01/2024,09:21:35,0.45,0.45,148520,0.5,280120,6600,1668640
FINNIFTY02JAN2422050CE.NFO,02/01/2024,09:21:36,0.5,0.45,148920,0.5,279480,2640,1668640
FINNIFTY02JAN2422050CE.NFO,02/01/2024,09:21:38,0.5,0.45,150800,0.5,282040,2000,1668640
FINNIFTY02JAN2422050CE.NFO,02/01/2024,09:21:40,0.5,0.45,165800,0.5,282600,3320,1668640
FINNIFTY02JAN2422050CE.NFO,02/01/2024,09:21:41,0.5,0.45,183000,0.5,277160,1440,1668640
FINNIFTY02JAN2422050CE.NFO,02/01/2024,09:21:43,0.5,0.45,188680,0.5,276600,2760,1668640
FINNIFTY02JAN2422050CE.NFO,02/01/2024,09:21:45,0.5,0.45,213960,0.5,276960,49080,1668640
FINNIFTY02JAN2422050CE.NFO,02/01/2024,09:21:46,0.5,0.45,214560,0.5,293520,2840,1668640
FINNIFTY02JAN2422050CE.NFO,02/01/2024,09:21:48,0.5,0.45,213480,0.5,293560,6200,1668640
FINNIFTY02JAN2422050CE.NFO,02/01/2024,09:21:50,0.45,0.45,214440,0.5,293400,4080,1668640
FINNIFTY02JAN2422050CE.NFO,02/01/2024,09:21:51,0.5,0.45,214360,0.5,294120,1840,1668640
FINNIFTY02JAN2422050CE.NFO,02/01/2024,09:21:53,0.5,0.45,225480,0.5,290640,4880,1668640
FINNIFTY02JAN2422050CE.NFO,02/01/2024,09:21:54,0.5,0.45,225600,0.5,290360,1040,1668640
FINNIFTY02JAN2422050CE.NFO,02/01/2024,09:21:56,0.5,0.45,224960,0.5,291120,12240,1668640
FINNIFTY02JAN2422050CE.NFO,02/01/2024,09:21:58,0.45,0.45,225760,0.5,289320,240,1668640
FINNIFTY02JAN2422050CE.NFO,02/01/2024,09:21:59,0.5,0.45,225760,0.5,289280,40,1668640
FINNIFTY02JAN2422050CE.NFO,02/01/2024,09:22:01,0.5,0.45,223960,0.5,285040,4960,1668640
FINNIFTY02JAN2422050CE.NFO,02/01/2024,09:22:03,0.5,0.45,222160,0.5,285040,0,1668640
FINNIFTY02JAN2422050CE.NFO,02/01/2024,09:22:04,0.45,0.45,220160,0.5,286720,200,1668640
FINNIFTY02JAN2422050CE.NFO,02/01/2024,09:22:06,0.5,0.45,220080,0.5,283200,3520,1668640
FINNIFTY02JAN2422050CE.NFO,02/01/2024,09:22:08,0.5,0.45,220080,0.5,282840,360,1668640
FINNIFTY02JAN2422050CE.NFO,02/01/2024,09:22:09,0.5,0.45,220080,0.5,282160,720,1668640
FINNIFTY02JAN2422050CE.NFO,02/01/2024,09:22:11,0.5,0.45,223760,0.5,280760,1800,1668640
FINNIFTY02JAN2422050CE.NFO,02/01/2024,09:22:13,0.5,0.45,239880,0.5,280880,0,1668640
FINNIFTY02JAN2422050CE.NFO,02/01/2024,09:22:14,0.45,0.45,249840,0.5,282520,2800,1668640
FINNIFTY02JAN2422050CE.NFO,02/01/2024,09:22:16,0.45,0.45,254520,0.5,283120,0,1668640
FINNIFTY02JAN2422050CE.NFO,02/01/2024,09:22:18,0.45,0.45,260960,0.5,282160,40,1668640
FINNIFTY02JAN2422050CE.NFO,02/01/2024,09:22:19,0.5,0.45,272480,0.5,283040,4000,1668640
FINNIFTY02JAN2422050CE.NFO,02/01/2024,09:22:21,0.5,0.45,280400,0.5,292200,0,1668640
FINNIFTY02JAN2422050CE.NFO,02/01/2024,09:22:23,0.5,0.45,285800,0.5,297400,200,1668640
FINNIFTY02JAN2422050CE.NFO,02/01/2024,09:22:24,0.5,0.45,298040,0.5,304760,0,1668640
FINNIFTY02JAN2422050CE.NFO,02/01/2024,09:22:26,0.45,0.45,301920,0.5,304760,200,1668640
FINNIFTY02JAN2422050CE.NFO,02/01/2024,09:22:28,0.5,0.45,303720,0.5,310120,120,1668640
FINNIFTY02JAN2422050CE.NFO,02/01/2024,09:22:29,0.5,0.45,303720,0.5,317320,5400,1668640
FINNIFTY02JAN2422050CE.NFO,02/01/2024,09:22:31,0.45,0.45,300960,0.5,328120,960,1668640
FINNIFTY02JAN2422050CE.NFO,02/01/2024,09:22:33,0.45,0.45,301640,0.5,330040,240,1668640
FINNIFTY02JAN2422050CE.NFO,02/01/2024,09:22:34,0.45,0.45,303440,0.5,331840,0,1668640
FINNIFTY02JAN2422050CE.NFO,02/01/2024,09:22:36,0.45,0.45,301640,0.5,332080,0,1668640
FINNIFTY02JAN2422050CE.NFO,02/01/2024,09:22:38,0.45,0.45,276120,0.5,332440,1600,1668640
FINNIFTY02JAN2422050CE.NFO,02/01/2024,09:22:39,0.5,0.45,269400,0.5,331840,840,1668640
FINNIFTY02JAN2422050CE.NFO,02/01/2024,09:22:41,0.5,0.45,269400,0.5,323480,8000,1668640
FINNIFTY02JAN2422050CE.NFO,02/01/2024,09:22:43,0.45,0.45,279960,0.5,323480,240,1668640
FINNIFTY02JAN2422050CE.NFO,02/01/2024,09:22:44,0.45,0.45,285360,0.5,323480,0,1668640
FINNIFTY02JAN2422050CE.NFO,02/01/2024,09:22:46,0.45,0.45,285160,0.5,323480,200,1668640
FINNIFTY02JAN2422050CE.NFO,02/01/2024,09:22:47,0.45,0.45,286960,0.5,322000,0,1668640
FINNIFTY02JAN2422050CE.NFO,02/01/2024,09:22:49,0.45,0.45,285880,0.5,324120,1080,1668640
FINNIFTY02JAN2422050CE.NFO,02/01/2024,09:22:51,0.45,0.45,285680,0.5,322320,0,1668640
FINNIFTY02JAN2422050CE.NFO,02/01/2024,09:22:54,0.5,0.45,285680,0.5,322160,480,1668640
FINNIFTY02JAN2422050CE.NFO,02/01/2024,09:22:57,0.5,0.45,285680,0.5,322160,0,1668640
FINNIFTY02JAN2422050CE.NFO,02/01/2024,09:23:02,0.5,0.45,285680,0.5,310320,11840,1668640
FINNIFTY02JAN2422050CE.NFO,02/01/2024,09:23:04,0.5,0.45,287160,0.5,311880,440,1668640
FINNIFTY02JAN2422050CE.NFO,02/01/2024,09:23:05,0.5,0.45,287160,0.5,313160,0,1668640
FINNIFTY02JAN2422050CE.NFO,02/01/2024,09:23:07,0.5,0.45,287160,0.5,311360,0,1668640
FINNIFTY02JAN2422050CE.NFO,02/01/2024,09:23:09,0.45,0.45,286600,0.5,310160,840,1668640
FINNIFTY02JAN2422050CE.NFO,02/01/2024,09:23:10,0.45,0.45,287720,0.5,310160,0,1668640
FINNIFTY02JAN2422050CE.NFO,02/01/2024,09:23:12,0.5,0.45,287720,0.5,310160,1800,1668640
FINNIFTY02JAN2422050CE.NFO,02/01/2024,09:23:13,0.5,0.45,287720,0.5,308360,0,1668640
FINNIFTY02JAN2422050CE.NFO,02/01/2024,09:23:15,0.45,0.45,284720,0.5,316040,3600,1668640
FINNIFTY02JAN2422050CE.NFO,02/01/2024,09:23:17,0.45,0.45,284000,0.5,314240,7800,1668640
FINNIFTY02JAN2422050CE.NFO,02/01/2024,09:23:18,0.5,0.45,285200,0.5,311280,1160,1668640
FINNIFTY02JAN2422050CE.NFO,02/01/2024,09:23:21,0.5,0.45,285200,0.5,313080,0,1668640
FINNIFTY02JAN2422050CE.NFO,02/01/2024,09:23:23,0.5,0.45,285280,0.5,311280,0,1668640
FINNIFTY02JAN2422050CE.NFO,02/01/2024,09:23:25,0.5,0.45,285280,0.5,312680,400,1668640
FINNIFTY02JAN2422050CE.NFO,02/01/2024,09:23:26,0.5,0.45,285280,0.5,310880,0,1807920
FINNIFTY02JAN2422050CE.NFO,02/01/2024,09:23:28,0.5,0.45,285280,0.5,310880,1800,1807920
FINNIFTY02JAN2422050CE.NFO,02/01/2024,09:23:37,0.5,0.45,283840,0.5,292920,19400,1807920
FINNIFTY02JAN2422050CE.NFO,02/01/2024,09:23:48,0.45,0.45,337080,0.5,297160,2680,1807920
FINNIFTY02JAN2422050CE.NFO,02/01/2024,09:23:59,0.45,0.45,323520,0.5,284920,14440,1807920
FINNIFTY02JAN2422050CE.NFO,02/01/2024,09:24:09,0.5,0.45,329840,0.5,278560,24520,1807920
FINNIFTY02JAN2422050CE.NFO,02/01/2024,09:24:19,0.5,0.45,328200,0.5,273840,7560,1807920
FINNIFTY02JAN2422050CE.NFO,02/01/2024,09:24:31,0.5,0.45,334720,0.5,240480,53000,1807920
FINNIFTY02JAN2422050CE.NFO,02/01/2024,09:24:32,0.5,0.45,336520,0.5,240480,0,1807920
FINNIFTY02JAN2422050CE.NFO,02/01/2024,09:24:34,0.5,0.45,336520,0.5,237800,4800,1807920
FINNIFTY02JAN2422050CE.NFO,02/01/2024,09:24:37,0.5,0.45,339720,0.5,239080,0,1807920
FINNIFTY02JAN2422050CE.NFO,02/01/2024,09:24:39,0.5,0.45,337920,0.5,239040,40,1807920
FINNIFTY02JAN2422050CE.NFO,02/01/2024,09:24:40,0.5,0.45,339720,0.5,238760,280,1807920
FINNIFTY02JAN2422050CE.NFO,02/01/2024,09:24:42,0.5,0.45,337920,0.5,238760,0,1807920
FINNIFTY02JAN2422050CE.NFO,02/01/2024,09:24:44,0.45,0.45,335040,0.5,238760,8000,1807920
FINNIFTY02JAN2422050CE.NFO,02/01/2024,09:24:45,0.45,0.45,335080,0.5,236960,640,1807920
FINNIFTY02JAN2422050CE.NFO,02/01/2024,09:24:47,0.5,0.45,335080,0.5,240840,1200,1807920
FINNIFTY02JAN2422050CE.NFO,02/01/2024,09:24:48,0.5,0.45,335080,0.5,239440,0,1807920
FINNIFTY02JAN2422050CE.NFO,02/01/2024,09:24:52,0.45,0.45,335160,0.5,239440,1360,1807920
FINNIFTY02JAN2422050CE.NFO,02/01/2024,09:24:53,0.45,0.45,333280,0.5,241240,400,1807920
FINNIFTY02JAN2422050CE.NFO,02/01/2024,09:24:55,0.45,0.45,330360,0.5,241240,1200,1807920
FINNIFTY02JAN2422050CE.NFO,02/01/2024,09:24:57,0.45,0.45,321160,0.5,241240,400,1807920
FINNIFTY02JAN2422050CE.NFO,02/01/2024,09:24:58,0.45,0.45,313680,0.5,241240,6080,1807920
FINNIFTY02JAN2422050CE.NFO,02/01/2024,09:25:00,0.45,0.45,284880,0.5,219040,45960,1807920
FINNIFTY02JAN2422050CE.NFO,02/01/2024,09:25:02,0.45,0.45,279280,0.5,218040,15760,1807920
FINNIFTY02JAN2422050CE.NFO,02/01/2024,09:25:03,0.45,0.45,220960,0.5,218040,19360,1807920
FINNIFTY02JAN2422050CE.NFO,02/01/2024,09:25:05,0.45,0.45,200280,0.5,220360,23160,1807920
FINNIFTY02JAN2422050CE.NFO,02/01/2024,09:25:07,0.45,0.45,136880,0.5,218880,28280,1807920
FINNIFTY02JAN2422050CE.NFO,02/01/2024,09:25:08,0.45,0.45,108560,0.5,193320,16400,1807920
FINNIFTY02JAN2422050CE.NFO,02/01/2024,09:25:10,0.45,0.45,106600,0.5,191520,1960,1807920
FINNIFTY02JAN2422050CE.NFO,02/01/2024,09:25:12,0.45,0.45,135040,0.5,175360,30840,1807920
FINNIFTY02JAN2422050CE.NFO,02/01/2024,09:25:14,0.45,0.45,120960,0.5,172080,3840,1807920
FINNIFTY02JAN2422050CE.NFO,02/01/2024,09:25:15,0.45,0.45,148440,0.5,231800,0,1807920
FINNIFTY02JAN2422050CE.NFO,02/01/2024,09:25:17,0.45,0.45,136320,0.5,241800,0,1807920
FINNIFTY02JAN2422050CE.NFO,02/01/2024,09:25:19,0.5,0.45,131520,0.5,247000,120,1807920
FINNIFTY02JAN2422050CE.NFO,02/01/2024,09:25:20,0.5,0.45,111360,0.5,254240,0,1807920
FINNIFTY02JAN2422050CE.NFO,02/01/2024,09:25:22,0.5,0.45,112960,0.5,255960,0,1807920
FINNIFTY02JAN2422050CE.NFO,02/01/2024,09:25:24,0.5,0.45,92800,0.5,263520,0,1807920
FINNIFTY02JAN2422050CE.NFO,02/01/2024,09:25:25,0.45,0.45,86640,0.5,265320,120,1807920
FINNIFTY02JAN2422050CE.NFO,02/01/2024,09:25:27,0.5,0.45,126320,0.5,264800,160,1807920
FINNIFTY02JAN2422050CE.NFO,02/01/2024,09:25:28,0.45,0.45,97080,0.5,265160,5600,1807920
FINNIFTY02JAN2422050CE.NFO,02/01/2024,09:25:31,0.45,0.45,130280,0.5,266480,14520,1807920
FINNIFTY02JAN2422050CE.NFO,02/01/2024,09:25:33,0.45,0.45,137040,0.5,272880,0,1807920
FINNIFTY02JAN2422050CE.NFO,02/01/2024,09:25:35,0.45,0.45,137920,0.5,269280,0,1807920
FINNIFTY02JAN2422050CE.NFO,02/01/2024,09:25:36,0.45,0.45,137880,0.5,269280,40,1807920
FINNIFTY02JAN2422050CE.NFO,02/01/2024,09:25:38,0.45,0.45,137880,0.5,278280,0,1807920
FINNIFTY02JAN2422050CE.NFO,02/01/2024,09:25:40,0.45,0.45,137880,0.5,278480,0,1807920
FINNIFTY02JAN2422050CE.NFO,02/01/2024,09:25:46,0.45,0.45,135280,0.5,278280,200,1807920
FINNIFTY02JAN2422050CE.NFO,02/01/2024,09:25:48,0.45,0.45,137680,0.5,280400,0,1807920
FINNIFTY02JAN2422050CE.NFO,02/01/2024,09:25:49,0.45,0.45,136400,0.5,280080,1680,1807920
FINNIFTY02JAN2422050CE.NFO,02/01/2024,09:25:51,0.45,0.45,102440,0.5,285440,6520,1807920
FINNIFTY02JAN2422050CE.NFO,02/01/2024,09:25:53,0.45,0.45,65960,0.5,286960,8000,1807920
FINNIFTY02JAN2422050CE.NFO,02/01/2024,09:25:54,0.45,0.4,527800,0.45,141400,51560,1807920
FINNIFTY02JAN2422050CE.NFO,02/01/2024,09:25:54,0.4,0.4,527800,0.45,141400,0,1807920
FINNIFTY02JAN2422050CE.NFO,02/01/2024,09:25:56,0.45,0.4,528120,0.45,218240,520,1807920
FINNIFTY02JAN2422050CE.NFO,02/01/2024,09:25:58,0.45,0.4,529800,0.45,224960,1560,1807920
FINNIFTY02JAN2422050CE.NFO,02/01/2024,09:25:59,0.45,0.4,534120,0.45,224840,120,1807920
FINNIFTY02JAN2422050CE.NFO,02/01/2024,09:26:01,0.45,0.4,538080,0.45,226840,400,1807920
FINNIFTY02JAN2422050CE.NFO,02/01/2024,09:26:03,0.45,0.4,558200,0.45,238080,280,1807920
FINNIFTY02JAN2422050CE.NFO,02/01/2024,09:26:04,0.4,0.4,563600,0.45,236520,3240,1807920
FINNIFTY02JAN2422050CE.NFO,02/01/2024,09:26:06,0.4,0.4,563720,0.45,236280,1880,1807920
FINNIFTY02JAN2422050CE.NFO,02/01/2024,09:26:08,0.45,0.4,565520,0.45,236080,800,1807920
FINNIFTY02JAN2422050CE.NFO,02/01/2024,09:26:09,0.45,0.4,565520,0.45,234280,0,1807920
FINNIFTY02JAN2422050CE.NFO,02/01/2024,09:26:11,0.45,0.4,596840,0.45,227800,65120,1807920
FINNIFTY02JAN2422050CE.NFO,02/01/2024,09:26:14,0.45,0.4,547520,0.45,249200,0,1807920
FINNIFTY02JAN2422050CE.NFO,02/01/2024,09:26:16,0.45,0.4,549640,0.45,212080,24280,1807920
FINNIFTY02JAN2422050CE.NFO,02/01/2024,09:26:18,0.4,0.4,548720,0.45,249080,6960,1807920
FINNIFTY02JAN2422050CE.NFO,02/01/2024,09:26:19,0.45,0.4,550120,0.45,248600,840,1807920
FINNIFTY02JAN2422050CE.NFO,02/01/2024,09:26:21,0.45,0.4,551040,0.45,250040,560,1807920
FINNIFTY02JAN2422050CE.NFO,02/01/2024,09:26:23,0.45,0.4,548640,0.45,249360,2760,1807920
FINNIFTY02JAN2422050CE.NFO,02/01/2024,09:26:24,0.4,0.4,542680,0.45,254000,6360,1834560
FINNIFTY02JAN2422050CE.NFO,02/01/2024,09:26:26,0.45,0.4,546280,0.45,254680,160,1834560
FINNIFTY02JAN2422050CE.NFO,02/01/2024,09:26:28,0.45,0.4,546280,0.45,254360,320,1834560
FINNIFTY02JAN2422050CE.NFO,02/01/2024,09:26:29,0.4,0.4,546240,0.45,254360,40,1834560
FINNIFTY02JAN2422050CE.NFO,02/01/2024,09:26:31,0.45,0.4,546200,0.45,254200,160,1834560
FINNIFTY02JAN2422050CE.NFO,02/01/2024,09:26:33,0.45,0.4,546720,0.45,254040,160,1834560
FINNIFTY02JAN2422050CE.NFO,02/01/2024,09:26:34,0.45,0.4,549840,0.45,252160,5800,1834560
FINNIFTY02JAN2422050CE.NFO,02/01/2024,09:26:38,0.45,0.4,549840,0.45,252160,0,1834560
FINNIFTY02JAN2422050CE.NFO,02/01/2024,09:26:39,0.45,0.4,529840,0.45,252680,0,1834560
FINNIFTY02JAN2422050CE.NFO,02/01/2024,09:26:41,0.45,0.4,529800,0.45,252680,0,1834560
FINNIFTY02JAN2422050CE.NFO,02/01/2024,09:26:43,0.45,0.4,525920,0.45,252000,4560,1834560
FINNIFTY02JAN2422050CE.NFO,02/01/2024,09:26:44,0.45,0.4,525880,0.45,254560,1080,1834560
FINNIFTY02JAN2422050CE.NFO,02/01/2024,09:26:46,0.45,0.4,525200,0.45,254480,240,1834560
FINNIFTY02JAN2422050CE.NFO,02/01/2024,09:26:48,0.4,0.4,525520,0.45,254480,200,1834560
FINNIFTY02JAN2422050CE.NFO,02/01/2024,09:26:49,0.4,0.4,525520,0.45,254480,0,1834560
FINNIFTY02JAN2422050CE.NFO,02/01/2024,09:26:51,0.4,0.4,525080,0.45,254320,640,1834560
FINNIFTY02JAN2422050CE.NFO,02/01/2024,09:26:53,0.4,0.4,523400,0.45,261520,1680,1834560
FINNIFTY02JAN2422050CE.NFO,02/01/2024,09:26:54,0.4,0.4,523000,0.45,257920,400,1834560
FINNIFTY02JAN2422050CE.NFO,02/01/2024,09:26:56,0.4,0.4,522840,0.45,258040,160,1834560
FINNIFTY02JAN2422050CE.NFO,02/01/2024,09:26:58,0.45,0.4,522480,0.45,257480,800,1834560
FINNIFTY02JAN2422050CE.NFO,02/01/2024,09:26:59,0.4,0.4,522320,0.45,264680,160,1834560
FINNIFTY02JAN2422050CE.NFO,02/01/2024,09:27:01,0.4,0.4,523520,0.45,264680,400,1834560
FINNIFTY02JAN2422050CE.NFO,02/01/2024,09:27:03,0.4,0.4,517040,0.45,264680,5960,1834560
FINNIFTY02JAN2422050CE.NFO,02/01/2024,09:27:04,0.4,0.4,517040,0.45,270080,0,1834560
FINNIFTY02JAN2422050CE.NFO,02/01/2024,09:27:06,0.4,0.4,517560,0.45,271880,0,1834560
FINNIFTY02JAN2422050CE.NFO,02/01/2024,09:27:11,0.4,0.4,515440,0.45,271880,240,1834560
FINNIFTY02JAN2422050CE.NFO,02/01/2024,09:27:13,0.4,0.4,516400,0.45,273800,2720,1834560
FINNIFTY02JAN2422050CE.NFO,02/01/2024,09:27:14,0.4,0.4,514840,0.45,274120,5160,1834560
FINNIFTY02JAN2422050CE.NFO,02/01/2024,09:27:16,0.45,0.4,509480,0.45,276160,9800,1834560
FINNIFTY02JAN2422050CE.NFO,02/01/2024,09:27:17,0.4,0.4,509040,0.45,276360,2040,1834560
FINNIFTY02JAN2422050CE.NFO,02/01/2024,09:27:19,0.4,0.4,510280,0.45,285360,1600,1834560
FINNIFTY02JAN2422050CE.NFO,02/01/2024,09:27:21,0.4,0.4,508520,0.45,285320,1800,1834560
FINNIFTY02JAN2422050CE.NFO,02/01/2024,09:27:23,0.4,0.4,488000,0.45,288760,8120,1834560
FINNIFTY02JAN2422050CE.NFO,02/01/2024,09:27:24,0.4,0.4,481760,0.45,292920,5280,1834560
FINNIFTY02JAN2422050CE.NFO,02/01/2024,09:27:26,0.4,0.4,475200,0.45,296480,4680,1834560
FINNIFTY02JAN2422050CE.NFO,02/01/2024,09:27:28,0.4,0.4,485360,0.45,302640,11040,1834560
FINNIFTY02JAN2422050CE.NFO,02/01/2024,09:27:29,0.4,0.4,481840,0.45,311720,5240,1834560
FINNIFTY02JAN2422050CE.NFO,02/01/2024,09:27:32,0.4,0.4,467320,0.45,315840,4280,1834560
FINNIFTY02JAN2422050CE.NFO,02/01/2024,09:27:44,0.45,0.4,480960,0.45,314800,8560,1834560
FINNIFTY02JAN2422050CE.NFO,02/01/2024,09:27:55,0.45,0.4,480960,0.45,316320,2600,1834560
FINNIFTY02JAN2422050CE.NFO,02/01/2024,09:28:07,0.45,0.4,459560,0.45,274040,35480,1834560
FINNIFTY02JAN2422050CE.NFO,02/01/2024,09:28:19,0.45,0.4,460120,0.45,272800,7840,1834560
FINNIFTY02JAN2422050CE.NFO,02/01/2024,09:28:31,0.4,0.4,483400,0.45,259920,15680,1834560
FINNIFTY02JAN2422050CE.NFO,02/01/2024,09:28:43,0.4,0.4,480920,0.45,257840,3880,1834560
FINNIFTY02JAN2422050CE.NFO,02/01/2024,09:28:55,0.45,0.4,550480,0.45,260680,4320,1834560
FINNIFTY02JAN2422050CE.NFO,02/01/2024,09:29:06,0.45,0.4,554040,0.45,262840,240,1834560
FINNIFTY02JAN2422050CE.NFO,02/01/2024,09:29:18,0.45,0.4,553600,0.45,260920,2320,1834560
FINNIFTY02JAN2422050CE.NFO,02/01/2024,09:29:29,0.4,0.4,484520,0.45,187160,460240,1802080
FINNIFTY02JAN2422050CE.NFO,02/01/2024,09:29:31,0.4,0.4,484520,0.45,187160,0,1802080
FINNIFTY02JAN2422050CE.NFO,02/01/2024,09:29:32,0.45,0.4,484960,0.45,186760,600,1802080
FINNIFTY02JAN2422050CE.NFO,02/01/2024,09:29:34,0.45,0.4,488400,0.45,246960,1720,1802080
FINNIFTY02JAN2422050CE.NFO,02/01/2024,09:29:36,0.45,0.4,493240,0.45,246880,560,1802080
FINNIFTY02JAN2422050CE.NFO,02/01/2024,09:29:37,0.45,0.4,495040,0.45,246280,600,1802080
FINNIFTY02JAN2422050CE.NFO,02/01/2024,09:29:39,0.45,0.4,494320,0.45,247760,520,1802080
FINNIFTY02JAN2422050CE.NFO,02/01/2024,09:29:41,0.45,0.4,508960,0.45,248440,960,1802080
FINNIFTY02JAN2422050CE.NFO,02/01/2024,09:29:42,0.45,0.4,510520,0.45,249680,1000,1802080
FINNIFTY02JAN2422050CE.NFO,02/01/2024,09:29:44,0.4,0.4,506800,0.45,249680,120,1802080
FINNIFTY02JAN2422050CE.NFO,02/01/2024,09:29:46,0.4,0.4,505000,0.45,249680,0,1802080
FINNIFTY02JAN2422050CE.NFO,02/01/2024,09:29:47,0.4,0.4,504920,0.45,249680,80,1802080
FINNIFTY02JAN2422050CE.NFO,02/01/2024,09:29:49,0.4,0.4,504760,0.45,249680,0,1802080
FINNIFTY02JAN2422050CE.NFO,02/01/2024,09:29:51,0.45,0.4,504920,0.45,249040,640,1802080
FINNIFTY02JAN2422050CE.NFO,02/01/2024,09:29:52,0.4,0.4,506880,0.45,249280,680,1802080
FINNIFTY02JAN2422050CE.NFO,02/01/2024,09:29:54,0.45,0.4,510480,0.45,248760,520,1802080
FINNIFTY02JAN2422050CE.NFO,02/01/2024,09:30:01,0.45,0.4,509680,0.45,248240,3360,1802080
FINNIFTY02JAN2422050CE.NFO,02/01/2024,09:30:02,0.45,0.4,509120,0.45,248280,5920,1802080
FINNIFTY02JAN2422050CE.NFO,02/01/2024,09:30:04,0.45,0.4,548320,0.45,247000,3600,1802080
FINNIFTY02JAN2422050CE.NFO,02/01/2024,09:30:06,0.45,0.4,547440,0.45,247680,5560,1802080
FINNIFTY02JAN2422050CE.NFO,02/01/2024,09:30:07,0.45,0.4,542120,0.45,249280,12000,1802080
FINNIFTY02JAN2422050CE.NFO,02/01/2024,09:30:09,0.45,0.4,539040,0.45,249360,7160,1802080
FINNIFTY02JAN2422050CE.NFO,02/01/2024,09:30:11,0.4,0.4,517440,0.45,243960,26360,1802080
FINNIFTY02JAN2422050CE.NFO,02/01/2024,09:30:12,0.4,0.4,466400,0.45,244120,22080,1802080
FINNIFTY02JAN2422050CE.NFO,02/01/2024,09:30:14,0.4,0.4,464400,0.45,244120,1760,1802080
FINNIFTY02JAN2422050CE.NFO,02/01/2024,09:30:19,0.4,0.4,495600,0.45,243960,0,1802080
FINNIFTY02JAN2422050CE.NFO,02/01/2024,09:30:21,0.4,0.4,441920,0.45,223240,0,1802080
FINNIFTY02JAN2422050CE.NFO,02/01/2024,09:30:22,0.4,0.4,441640,0.45,230440,0,1802080
FINNIFTY02JAN2422050CE.NFO,02/01/2024,09:30:24,0.4,0.4,441720,0.45,230440,0,1802080
FINNIFTY02JAN2422050CE.NFO,02/01/2024,09:30:29,0.45,0.4,441720,0.45,229160,1280,1802080
FINNIFTY02JAN2422050CE.NFO,02/01/2024,09:30:40,0.45,0.4,441520,0.45,221720,440,1802080
FINNIFTY02JAN2422050CE.NFO,02/01/2024,09:30:50,0.45,0.4,481440,0.45,229320,4640,1802080
FINNIFTY02JAN2422050CE.NFO,02/01/2024,09:31:01,0.45,0.4,481440,0.45,218120,3560,1802080
FINNIFTY02JAN2422050CE.NFO,02/01/2024,09:31:13,0.4,0.4,479080,0.45,230920,480,1802080
FINNIFTY02JAN2422050CE.NFO,02/01/2024,09:31:25,0.4,0.4,479360,0.45,230640,600,1802080
FINNIFTY02JAN2422050CE.NFO,02/01/2024,09:31:35,0.4,0.4,438720,0.45,230640,560,1802080
FINNIFTY02JAN2422050CE.NFO,02/01/2024,09:31:46,0.45,0.4,438800,0.45,228960,1800,1802080
FINNIFTY02JAN2422050CE.NFO,02/01/2024,09:31:57,0.45,0.4,438000,0.45,229520,640,1802080
FINNIFTY02JAN2422050CE.NFO,02/01/2024,09:32:08,0.4,0.4,439440,0.45,228120,1800,1802080
FINNIFTY02JAN2422050CE.NFO,02/01/2024,09:32:19,0.45,0.4,427080,0.45,213520,1400,1802080
FINNIFTY02JAN2422050CE.NFO,02/01/2024,09:32:31,0.45,0.4,425600,0.45,212200,1840,1749000
FINNIFTY02JAN2422050CE.NFO,02/01/2024,09:32:42,0.45,0.4,391600,0.45,236000,2080,1749000
FINNIFTY02JAN2422050CE.NFO,02/01/2024,09:32:54,0.45,0.4,369720,0.45,225920,17040,1749000
FINNIFTY02JAN2422050CE.NFO,02/01/2024,09:33:05,0.4,0.4,369640,0.45,227760,360,1749000
FINNIFTY02JAN2422050CE.NFO,02/01/2024,09:33:16,0.45,0.4,368640,0.45,237280,1240,1749000
FINNIFTY02JAN2422050CE.NFO,02/01/2024,09:33:27,0.4,0.4,391520,0.45,235080,2120,1749000
FINNIFTY02JAN2422050CE.NFO,02/01/2024,09:33:38,0.4,0.4,393800,0.45,235080,80,1749000
FINNIFTY02JAN2422050CE.NFO,02/01/2024,09:33:49,0.45,0.4,393840,0.45,223080,5400,1749000
FINNIFTY02JAN2422050CE.NFO,02/01/2024,09:34:00,0.4,0.4,397920,0.45,231400,3240,1749000
FINNIFTY02JAN2422050CE.NFO,02/01/2024,09:34:11,0.45,0.4,397960,0.45,218720,2000,1749000
FINNIFTY02JAN2422050CE.NFO,02/01/2024,09:34:21,0.4,0.4,398040,0.45,228720,360,1749000
FINNIFTY02JAN2422050CE.NFO,02/01/2024,09:34:32,0.4,0.4,398840,0.45,224640,280,1749000
FINNIFTY02JAN2422050CE.NFO,02/01/2024,09:34:42,0.4,0.4,399360,0.45,226240,0,1749000
FINNIFTY02JAN2422050CE.NFO,02/01/2024,09:34:53,0.45,0.4,372960,0.45,208480,3120,1749000
FINNIFTY02JAN2422050CE.NFO,02/01/2024,09:35:03,0.45,0.4,368920,0.45,205440,7680,1749000
FINNIFTY02JAN2422050CE.NFO,02/01/2024,09:35:14,0.45,0.4,393520,0.45,203880,2280,1749000
FINNIFTY02JAN2422050CE.NFO,02/01/2024,09:35:23,0.45,0.4,394000,0.45,202280,2240,1749000
FINNIFTY02JAN2422050CE.NFO,02/01/2024,09:35:34,0.4,0.4,393800,0.45,202200,280,1752720
FINNIFTY02JAN2422050CE.NFO,02/01/2024,09:35:45,0.4,0.4,395280,0.45,200040,2680,1752720
FINNIFTY02JAN2422050CE.NFO,02/01/2024,09:35:55,0.4,0.4,393080,0.45,198000,2200,1752720
FINNIFTY02JAN2422050CE.NFO,02/01/2024,09:36:07,0.45,0.4,391440,0.45,194720,6120,1752720
FINNIFTY02JAN2422050CE.NFO,02/01/2024,09:36:18,0.45,0.4,394320,0.45,196840,3360,1752720
FINNIFTY02JAN2422050CE.NFO,02/01/2024,09:36:29,0.45,0.4,394680,0.45,197040,240,1752720
FINNIFTY02JAN2422050CE.NFO,02/01/2024,09:36:40,0.4,0.4,392480,0.45,201200,360,1752720
FINNIFTY02JAN2422050CE.NFO,02/01/2024,09:36:51,0.4,0.4,392360,0.45,201200,120,1752720
FINNIFTY02JAN2422050CE.NFO,02/01/2024,09:37:01,0.4,0.4,390960,0.45,201200,1400,1752720
FINNIFTY02JAN2422050CE.NFO,02/01/2024,09:37:12,0.4,0.4,360200,0.45,200840,19520,1752720
FINNIFTY02JAN2422050CE.NFO,02/01/2024,09:37:22,0.45,0.4,353000,0.45,196600,19840,1752720
FINNIFTY02JAN2422050CE.NFO,02/01/2024,09:37:32,0.45,0.4,352760,0.45,188400,10800,1752720
FINNIFTY02JAN2422050CE.NFO,02/01/2024,09:37:43,0.45,0.4,352480,0.45,178800,9520,1752720
FINNIFTY02JAN2422050CE.NFO,02/01/2024,09:37:53,0.45,0.4,351400,0.45,184760,5040,1752720
FINNIFTY02JAN2422050CE.NFO,02/01/2024,09:38:03,0.4,0.4,330520,0.45,180840,24120,1752720
FINNIFTY02JAN2422050CE.NFO,02/01/2024,09:38:14,0.45,0.4,342640,0.45,207400,1120,1752720
FINNIFTY02JAN2422050CE.NFO,02/01/2024,09:38:24,0.4,0.4,315840,0.45,203640,5400,1752720
FINNIFTY02JAN2422050CE.NFO,02/01/2024,09:38:35,0.4,0.4,263600,0.45,205440,400,1779640
FINNIFTY02JAN2422050CE.NFO,02/01/2024,09:38:46,0.45,0.4,271640,0.45,204320,280,1779640
FINNIFTY02JAN2422050CE.NFO,02/01/2024,09:38:56,0.4,0.4,274080,0.45,207440,2520,1779640
FINNIFTY02JAN2422050CE.NFO,02/01/2024,09:39:08,0.45,0.4,270560,0.45,178600,34240,1779640
FINNIFTY02JAN2422050CE.NFO,02/01/2024,09:39:18,0.45,0.4,324880,0.45,153000,15120,1779640
FINNIFTY02JAN2422050CE.NFO,02/01/2024,09:39:29,0.4,0.4,299960,0.45,160680,1320,1779640
FINNIFTY02JAN2422050CE.NFO,02/01/2024,09:39:40,0.45,0.4,292760,0.45,174760,2480,1779640
FINNIFTY02JAN2422050CE.NFO,02/01/2024,09:39:51,0.4,0.4,295000,0.45,177440,760,1779640
FINNIFTY02JAN2422050CE.NFO,02/01/2024,09:40:02,0.4,0.4,312960,0.45,179560,4320,1779640
FINNIFTY02JAN2422050CE.NFO,02/01/2024,09:40:16,0.45,0.4,305880,0.45,166000,28560,1779640
FINNIFTY02JAN2422050CE.NFO,02/01/2024,09:40:28,0.4,0.4,340800,0.45,182160,10360,1779640
FINNIFTY02JAN2422050CE.NFO,02/01/2024,09:40:40,0.45,0.4,362120,0.45,170440,14960,1779640
FINNIFTY02JAN2422050CE.NFO,02/01/2024,09:40:54,0.45,0.4,330960,0.45,141880,7640,1779640
FINNIFTY02JAN2422050CE.NFO,02/01/2024,09:41:05,0.45,0.45,120720,0.5,153200,152120,1779640
FINNIFTY02JAN2422050CE.NFO,02/01/2024,09:41:16,0.45,0.45,213640,0.5,166400,25400,1779640
FINNIFTY02JAN2422050CE.NFO,02/01/2024,09:41:27,0.45,0.45,210200,0.5,175400,9520,1650320
FINNIFTY02JAN2422050CE.NFO,02/01/2024,09:41:31,0.45,0.45,209120,0.5,177280,1800,1650320
FINNIFTY02JAN2422050CE.NFO,02/01/2024,09:41:33,0.45,0.45,213240,0.5,177280,0,1650320
FINNIFTY02JAN2422050CE.NFO,02/01/2024,09:41:34,0.5,0.45,213080,0.5,176280,1160,1650320
FINNIFTY02JAN2422050CE.NFO,02/01/2024,09:41:38,0.5,0.45,198640,0.5,174480,1800,1650320
FINNIFTY02JAN2422050CE.NFO,02/01/2024,09:41:39,0.5,0.45,194920,0.5,172720,1920,1650320
FINNIFTY02JAN2422050CE.NFO,02/01/2024,09:41:41,0.45,0.45,194800,0.5,172760,120,1650320
FINNIFTY02JAN2422050CE.NFO,02/01/2024,09:41:44,0.5,0.45,197440,0.5,170720,1800,1650320
FINNIFTY02JAN2422050CE.NFO,02/01/2024,09:41:46,0.5,0.45,197640,0.5,171880,640,1650320
FINNIFTY02JAN2422050CE.NFO,02/01/2024,09:41:47,0.5,0.45,197560,0.5,170040,1840,1650320
FINNIFTY02JAN2422050CE.NFO,02/01/2024,09:41:49,0.5,0.45,197840,0.5,171640,0,1650320
FINNIFTY02JAN2422050CE.NFO,02/01/2024,09:41:51,0.45,0.45,210160,0.5,171880,3040,1650320
FINNIFTY02JAN2422050CE.NFO,02/01/2024,09:41:52,0.45,0.45,210200,0.5,171880,0,1650320
FINNIFTY02JAN2422050CE.NFO,02/01/2024,09:41:54,0.45,0.45,209400,0.5,171880,280,1650320
FINNIFTY02JAN2422050CE.NFO,02/01/2024,09:41:56,0.5,0.45,209600,0.5,168880,1600,1650320
FINNIFTY02JAN2422050CE.NFO,02/01/2024,09:41:57,0.5,0.45,209680,0.5,168880,0,1650320
FINNIFTY02JAN2422050CE.NFO,02/01/2024,09:41:59,0.5,0.45,211560,0.5,168640,240,1650320
FINNIFTY02JAN2422050CE.NFO,02/01/2024,09:42:01,0.45,0.45,211560,0.5,169000,80,1650320
FINNIFTY02JAN2422050CE.NFO,02/01/2024,09:42:02,0.45,0.45,210240,0.5,168800,880,1650320
FINNIFTY02JAN2422050CE.NFO,02/01/2024,09:42:04,0.45,0.45,210160,0.5,168800,0,1650320
FINNIFTY02JAN2422050CE.NFO,02/01/2024,09:42:06,0.45,0.45,209360,0.5,168800,800,1650320
FINNIFTY02JAN2422050CE.NFO,02/01/2024,09:42:07,0.5,0.45,209360,0.5,168720,80,1650320
FINNIFTY02JAN2422050CE.NFO,02/01/2024,09:42:09,0.45,0.45,214960,0.5,152440,2480,1650320
FINNIFTY02JAN2422050CE.NFO,02/01/2024,09:42:10,0.5,0.45,216040,0.5,150640,1800,1650320
FINNIFTY02JAN2422050CE.NFO,02/01/2024,09:42:12,0.5,0.45,215960,0.5,150640,0,1650320
FINNIFTY02JAN2422050CE.NFO,02/01/2024,09:42:14,0.5,0.45,215960,0.5,142080,1920,1650320
FINNIFTY02JAN2422050CE.NFO,02/01/2024,09:42:15,0.5,0.45,215960,0.5,141840,240,1650320
FINNIFTY02JAN2422050CE.NFO,02/01/2024,09:42:17,0.5,0.45,217760,0.5,149000,40,1650320
FINNIFTY02JAN2422050CE.NFO,02/01/2024,09:42:20,0.5,0.45,215080,0.5,146840,2680,1650320
FINNIFTY02JAN2422050CE.NFO,02/01/2024,09:42:22,0.45,0.45,213840,0.5,146560,2600,1650320
FINNIFTY02JAN2422050CE.NFO,02/01/2024,09:42:24,0.45,0.45,213840,0.5,146560,0,1650320
FINNIFTY02JAN2422050CE.NFO,02/01/2024,09:42:25,0.45,0.45,213760,0.5,146560,0,1650320
FINNIFTY02JAN2422050CE.NFO,02/01/2024,09:42:33,0.5,0.45,213880,0.5,146240,320,1650320
FINNIFTY02JAN2422050CE.NFO,02/01/2024,09:42:44,0.45,0.45,213520,0.5,146240,280,1650320
FINNIFTY02JAN2422050CE.NFO,02/01/2024,09:42:55,0.45,0.45,212920,0.5,146240,720,1650320
FINNIFTY02JAN2422050CE.NFO,02/01/2024,09:43:06,0.5,0.45,212960,0.5,144120,2360,1650320
FINNIFTY02JAN2422050CE.NFO,02/01/2024,09:43:17,0.5,0.45,210920,0.5,138800,7480,1650320
FINNIFTY02JAN2422050CE.NFO,02/01/2024,09:43:28,0.5,0.45,207480,0.5,142360,5800,1650320
FINNIFTY02JAN2422050CE.NFO,02/01/2024,09:43:40,0.5,0.45,207160,0.5,141960,2120,1650320
FINNIFTY02JAN2422050CE.NFO,02/01/2024,09:43:51,0.45,0.45,209520,0.5,137800,80,1650320
FINNIFTY02JAN2422050CE.NFO,02/01/2024,09:44:02,0.45,0.45,212000,0.5,141320,360,1650320
FINNIFTY02JAN2422050CE.NFO,02/01/2024,09:44:14,0.5,0.45,213560,0.5,136000,5600,1650320
FINNIFTY02JAN2422050CE.NFO,02/01/2024,09:44:25,0.5,0.45,212560,0.5,135200,2800,1650320
FINNIFTY02JAN2422050CE.NFO,02/01/2024,09:44:35,0.45,0.45,212600,0.5,137600,200,1681840
FINNIFTY02JAN2422050CE.NFO,02/01/2024,09:44:45,0.5,0.45,218000,0.5,136520,2360,1681840
FINNIFTY02JAN2422050CE.NFO,02/01/2024,09:44:55,0.45,0.45,231440,0.5,134280,3560,1681840
FINNIFTY02JAN2422050CE.NFO,02/01/2024,09:45:06,0.5,0.45,225520,0.5,131680,2120,1681840
FINNIFTY02JAN2422050CE.NFO,02/01/2024,09:45:17,0.5,0.45,232040,0.5,114880,28680,1681840
FINNIFTY02JAN2422050CE.NFO,02/01/2024,09:45:28,0.45,0.45,231600,0.5,142360,8320,1681840
FINNIFTY02JAN2422050CE.NFO,02/01/2024,09:45:39,0.45,0.45,231960,0.5,143480,2520,1681840
FINNIFTY02JAN2422050CE.NFO,02/01/2024,09:45:50,0.45,0.45,233680,0.5,144680,2880,1681840
FINNIFTY02JAN2422050CE.NFO,02/01/2024,09:46:01,0.5,0.45,229920,0.5,146320,2120,1681840
FINNIFTY02JAN2422050CE.NFO,02/01/2024,09:46:12,0.5,0.45,230360,0.5,155160,4200,1681840
FINNIFTY02JAN2422050CE.NFO,02/01/2024,09:46:23,0.45,0.45,227080,0.5,154960,640,1681840
FINNIFTY02JAN2422050CE.NFO,02/01/2024,09:46:34,0.5,0.45,227000,0.5,155000,160,1681840
FINNIFTY02JAN2422050CE.NFO,02/01/2024,09:46:44,0.5,0.45,230760,0.5,154240,15400,1681840
FINNIFTY02JAN2422050CE.NFO,02/01/2024,09:46:54,0.45,0.45,245480,0.5,154400,1680,1681840
FINNIFTY02JAN2422050CE.NFO,02/01/2024,09:47:05,0.5,0.45,249640,0.5,155040,6000,1681840
FINNIFTY02JAN2422050CE.NFO,02/01/2024,09:47:16,0.5,0.45,255520,0.5,155760,11160,1681840
FINNIFTY02JAN2422050CE.NFO,02/01/2024,09:47:26,0.45,0.45,298520,0.5,160320,5640,1681840
FINNIFTY02JAN2422050CE.NFO,02/01/2024,09:47:37,0.45,0.45,299680,0.5,162640,0,1681840
FINNIFTY02JAN2422050CE.NFO,02/01/2024,09:47:48,0.45,0.45,304480,0.5,162040,200,1685960
FINNIFTY02JAN2422050CE.NFO,02/01/2024,09:47:59,0.5,0.45,304200,0.5,162560,800,1685960
FINNIFTY02JAN2422050CE.NFO,02/01/2024,09:48:09,0.5,0.45,307920,0.5,163040,7200,1685960
FINNIFTY02JAN2422050CE.NFO,02/01/2024,09:48:20,0.5,0.45,308600,0.5,164720,9000,1685960
FINNIFTY02JAN2422050CE.NFO,02/01/2024,09:48:30,0.45,0.45,306040,0.5,164640,6200,1685960
FINNIFTY02JAN2422050CE.NFO,02/01/2024,09:48:40,0.45,0.45,306360,0.5,163440,1480,1685960
FINNIFTY02JAN2422050CE.NFO,02/01/2024,09:48:50,0.45,0.45,306120,0.5,164400,600,1685960
FINNIFTY02JAN2422050CE.NFO,02/01/2024,09:49:00,0.45,0.45,304440,0.5,164400,240,1685960
FINNIFTY02JAN2422050CE.NFO,02/01/2024,09:49:10,0.45,0.45,304360,0.5,158400,80,1685960
FINNIFTY02JAN2422050CE.NFO,02/01/2024,09:49:21,0.45,0.45,304240,0.5,160120,120,1685960
FINNIFTY02JAN2422050CE.NFO,02/01/2024,09:49:32,0.45,0.45,304040,0.5,160120,200,1685960
FINNIFTY02JAN2422050CE.NFO,02/01/2024,09:49:41,0.45,0.45,302880,0.5,160840,160,1685960
FINNIFTY02JAN2422050CE.NFO,02/01/2024,09:49:51,0.5,0.45,302120,0.5,162120,5240,1685960
FINNIFTY02JAN2422050CE.NFO,02/01/2024,09:50:01,0.5,0.45,304080,0.5,165520,840,1685960
FINNIFTY02JAN2422050CE.NFO,02/01/2024,09:50:11,0.5,0.45,305120,0.5,164960,2400,1685960
FINNIFTY02JAN2422050CE.NFO,02/01/2024,09:50:21,0.45,0.45,310240,0.5,166120,280,1685960
FINNIFTY02JAN2422050CE.NFO,02/01/2024,09:50:31,0.45,0.45,338200,0.5,166640,4600,1694520
FINNIFTY02JAN2422050CE.NFO,02/01/2024,09:50:41,0.45,0.45,343400,0.5,166280,600,1694520
FINNIFTY02JAN2422050CE.NFO,02/01/2024,09:50:53,0.5,0.45,343400,0.5,165280,4440,1694520
FINNIFTY02JAN2422050CE.NFO,02/01/2024,09:51:03,0.45,0.45,343120,0.5,165280,200,1694520
FINNIFTY02JAN2422050CE.NFO,02/01/2024,09:51:13,0.5,0.45,344040,0.5,162560,2160,1694520
FINNIFTY02JAN2422050CE.NFO,02/01/2024,09:51:24,0.5,0.45,344160,0.5,160920,1800,1694520
FINNIFTY02JAN2422050CE.NFO,02/01/2024,09:51:35,0.45,0.45,343960,0.5,161400,200,1694520
FINNIFTY02JAN2422050CE.NFO,02/01/2024,09:51:46,0.45,0.45,343360,0.5,161400,520,1694520
FINNIFTY02JAN2422050CE.NFO,02/01/2024,09:51:56,0.45,0.45,343160,0.5,161400,200,1694520
FINNIFTY02JAN2422050CE.NFO,02/01/2024,09:52:07,0.45,0.45,344360,0.5,161440,680,1694520
FINNIFTY02JAN2422050CE.NFO,02/01/2024,09:52:17,0.5,0.45,308120,0.5,157280,6600,1694520
FINNIFTY02JAN2422050CE.NFO,02/01/2024,09:52:27,0.45,0.45,307720,0.5,159080,320,1694520
FINNIFTY02JAN2422050CE.NFO,02/01/2024,09:52:37,0.5,0.45,309320,0.5,157240,4120,1694520
FINNIFTY02JAN2422050CE.NFO,02/01/2024,09:52:47,0.5,0.45,309320,0.5,157760,0,1694520
FINNIFTY02JAN2422050CE.NFO,02/01/2024,09:52:57,0.45,0.45,309840,0.5,156720,1880,1694520
FINNIFTY02JAN2422050CE.NFO,02/01/2024,09:53:08,0.5,0.45,309920,0.5,159920,1800,1694520
FINNIFTY02JAN2422050CE.NFO,02/01/2024,09:53:18,0.45,0.45,309360,0.5,159200,480,1694520
FINNIFTY02JAN2422050CE.NFO,02/01/2024,09:53:29,0.45,0.45,310000,0.5,159200,120,1694520
FINNIFTY02JAN2422050CE.NFO,02/01/2024,09:53:39,0.45,0.45,309800,0.5,145000,280,1702080
FINNIFTY02JAN2422050CE.NFO,02/01/2024,09:53:50,0.45,0.45,309600,0.5,147000,2560,1702080
FINNIFTY02JAN2422050CE.NFO,02/01/2024,09:54:00,0.45,0.45,309480,0.5,147000,120,1702080
FINNIFTY02JAN2422050CE.NFO,02/01/2024,09:54:10,0.45,0.45,311240,0.5,147000,280,1702080
FINNIFTY02JAN2422050CE.NFO,02/01/2024,09:54:21,0.45,0.45,310960,0.5,147000,200,1702080
FINNIFTY02JAN2422050CE.NFO,02/01/2024,09:54:31,0.5,0.45,310920,0.5,148520,960,1702080
FINNIFTY02JAN2422050CE.NFO,02/01/2024,09:54:42,0.5,0.45,310920,0.5,150800,960,1702080
FINNIFTY02JAN2422050CE.NFO,02/01/2024,09:54:54,0.5,0.45,308120,0.5,150520,5280,1702080
FINNIFTY02JAN2422050CE.NFO,02/01/2024,09:55:06,0.5,0.45,306960,0.5,146320,3960,1702080
FINNIFTY02JAN2422050CE.NFO,02/01/2024,09:55:17,0.5,0.45,306280,0.5,145240,4200,1702080
FINNIFTY02JAN2422050CE.NFO,02/01/2024,09:55:29,0.5,0.45,278480,0.5,139840,7200,1702080
FINNIFTY02JAN2422050CE.NFO,02/01/2024,09:55:42,0.5,0.45,286600,0.5,137640,10680,1702080
FINNIFTY02JAN2422050CE.NFO,02/01/2024,09:55:53,0.45,0.45,285400,0.5,133840,3800,1702080
FINNIFTY02JAN2422050CE.NFO,02/01/2024,09:56:07,0.45,0.45,281760,0.5,124600,4200,1702080
FINNIFTY02JAN2422050CE.NFO,02/01/2024,09:56:20,0.5,0.5,190600,0.55,160880,135000,1702080
FINNIFTY02JAN2422050CE.NFO,02/01/2024,09:56:34,0.5,0.5,193120,0.55,162240,5240,1725040
FINNIFTY02JAN2422050CE.NFO,02/01/2024,09:56:47,0.55,0.5,193240,0.55,142760,10080,1725040
FINNIFTY02JAN2422050CE.NFO,02/01/2024,09:57:00,0.5,0.5,265240,0.55,182760,8160,1725040
FINNIFTY02JAN2422050CE.NFO,02/01/2024,09:57:13,0.55,0.5,273080,0.55,178880,36160,1725040
FINNIFTY02JAN2422050CE.NFO,02/01/2024,09:57:26,0.55,0.5,316440,0.55,173080,46280,1725040
FINNIFTY02JAN2422050CE.NFO,02/01/2024,09:57:39,0.55,0.5,301280,0.55,191080,10960,1725040
FINNIFTY02JAN2422050CE.NFO,02/01/2024,09:57:51,0.55,0.5,290960,0.55,168160,9360,1725040
FINNIFTY02JAN2422050CE.NFO,02/01/2024,09:58:03,0.5,0.5,291880,0.55,175760,31000,1725040
FINNIFTY02JAN2422050CE.NFO,02/01/2024,09:58:14,0.5,0.5,295560,0.55,175760,7920,1725040
FINNIFTY02JAN2422050CE.NFO,02/01/2024,09:58:26,0.5,0.5,296560,0.55,172560,200,1725040
FINNIFTY02JAN2422050CE.NFO,02/01/2024,09:58:38,0.55,0.5,297440,0.55,159720,15240,1725040
FINNIFTY02JAN2422050CE.NFO,02/01/2024,09:58:49,0.55,0.55,182120,0.6,86200,163440,1725040
FINNIFTY02JAN2422050CE.NFO,02/01/2024,09:59:00,0.55,0.55,190160,0.6,171200,960,1725040
FINNIFTY02JAN2422050CE.NFO,02/01/2024,09:59:11,0.55,0.55,192560,0.6,171520,2640,1725040
FINNIFTY02JAN2422050CE.NFO,02/01/2024,09:59:22,0.55,0.55,197960,0.6,176280,4320,1725040
FINNIFTY02JAN2422050CE.NFO,02/01/2024,09:59:33,0.6,0.55,196440,0.6,174720,1640,1818840
FINNIFTY02JAN2422050CE.NFO,02/01/2024,09:59:44,0.6,0.55,196960,0.6,174720,0,1818840
FINNIFTY02JAN2422050CE.NFO,02/01/2024,09:59:55,0.6,0.55,198000,0.6,169880,5720,1818840
FINNIFTY02JAN2422050CE.NFO,02/01/2024,10:00:06,0.6,0.55,196320,0.6,172920,5040,1818840
FINNIFTY02JAN2422050CE.NFO,02/01/2024,10:00:17,0.6,0.55,196640,0.6,179520,7000,1818840
FINNIFTY02JAN2422050CE.NFO,02/01/2024,10:00:29,0.6,0.55,197040,0.6,174520,3240,1818840
FINNIFTY02JAN2422050CE.NFO,02/01/2024,10:00:41,0.55,0.55,196200,0.6,210880,1360,1818840
FINNIFTY02JAN2422050CE.NFO,02/01/2024,10:00:52,0.6,0.55,195800,0.6,209160,1800,1818840
FINNIFTY02JAN2422050CE.NFO,02/01/2024,10:01:03,0.55,0.55,173560,0.6,211720,9120,1818840
FINNIFTY02JAN2422050CE.NFO,02/01/2024,10:01:14,0.55,0.5,292320,0.55,142840,200840,1818840
FINNIFTY02JAN2422050CE.NFO,02/01/2024,10:01:26,0.55,0.5,319880,0.55,117800,57240,1818840
FINNIFTY02JAN2422050CE.NFO,02/01/2024,10:01:37,0.55,0.55,285760,0.6,173200,100400,1818840
FINNIFTY02JAN2422050CE.NFO,02/01/2024,10:01:48,0.55,0.55,276040,0.6,166320,33840,1818840
FINNIFTY02JAN2422050CE.NFO,02/01/2024,10:01:59,0.6,0.55,276800,0.6,165040,840,1818840
FINNIFTY02JAN2422050CE.NFO,02/01/2024,10:02:10,0.6,0.55,259360,0.6,154240,2760,1818840
FINNIFTY02JAN2422050CE.NFO,02/01/2024,10:02:22,0.6,0.55,266440,0.6,159800,720,1818840
FINNIFTY02JAN2422050CE.NFO,02/01/2024,10:02:32,0.55,0.55,251560,0.6,160680,4800,1813400
FINNIFTY02JAN2422050CE.NFO,02/01/2024,10:02:43,0.55,0.55,247600,0.6,165240,23440,1813400
FINNIFTY02JAN2422050CE.NFO,02/01/2024,10:02:54,0.55,0.55,177960,0.6,169840,33240,1813400
FINNIFTY02JAN2422050CE.NFO,02/01/2024,10:03:06,0.55,0.55,150800,0.6,149800,173120,1813400
FINNIFTY02JAN2422050CE.NFO,02/01/2024,10:03:18,0.6,0.55,138520,0.6,152160,37920,1813400
FINNIFTY02JAN2422050CE.NFO,02/01/2024,10:03:30,0.55,0.55,134600,0.6,150880,2120,1813400
FINNIFTY02JAN2422050CE.NFO,02/01/2024,10:03:32,0.55,0.55,134560,0.6,150880,0,1813400
FINNIFTY02JAN2422050CE.NFO,02/01/2024,10:03:33,0.6,0.55,134560,0.6,150600,280,1813400
FINNIFTY02JAN2422050CE.NFO,02/01/2024,10:03:35,0.55,0.55,132960,0.6,150600,1600,1813400
FINNIFTY02JAN2422050CE.NFO,02/01/2024,10:03:37,0.55,0.55,133000,0.6,150600,0,1813400
FINNIFTY02JAN2422050CE.NFO,02/01/2024,10:03:38,0.55,0.55,132960,0.6,150600,0,1813400
FINNIFTY02JAN2422050CE.NFO,02/01/2024,10:03:40,0.55,0.55,129200,0.6,150600,3760,1813400
FINNIFTY02JAN2422050CE.NFO,02/01/2024,10:03:42,0.55,0.55,129200,0.6,150600,40,1813400
FINNIFTY02JAN2422050CE.NFO,02/01/2024,10:03:43,0.55,0.55,128720,0.6,150600,480,1813400
FINNIFTY02JAN2422050CE.NFO,02/01/2024,10:03:45,0.55,0.55,128480,0.6,150600,200,1813400
FINNIFTY02JAN2422050CE.NFO,02/01/2024,10:03:47,0.55,0.55,31640,0.6,178280,55640,1813400
FINNIFTY02JAN2422050CE.NFO,02/01/2024,10:03:48,0.55,0.55,105120,0.6,178880,1400,1813400
FINNIFTY02JAN2422050CE.NFO,02/01/2024,10:03:50,0.55,0.55,104920,0.6,178880,200,1813400
FINNIFTY02JAN2422050CE.NFO,02/01/2024,10:03:52,0.55,0.5,270120,0.55,156920,37800,1813400
FINNIFTY02JAN2422050CE.NFO,02/01/2024,10:03:53,0.55,0.5,270160,0.55,156560,960,1813400
FINNIFTY02JAN2422050CE.NFO,02/01/2024,10:03:55,0.5,0.5,270280,0.55,162760,40,1813400
FINNIFTY02JAN2422050CE.NFO,02/01/2024,10:03:57,0.5,0.5,270240,0.55,162760,40,1813400
FINNIFTY02JAN2422050CE.NFO,02/01/2024,10:04:03,0.5,0.5,269440,0.55,161960,800,1813400
FINNIFTY02JAN2422050CE.NFO,02/01/2024,10:04:05,0.5,0.5,269440,0.55,161960,0,1813400
FINNIFTY02JAN2422050CE.NFO,02/01/2024,10:04:06,0.5,0.5,269120,0.55,161960,320,1813400
FINNIFTY02JAN2422050CE.NFO,02/01/2024,10:04:10,0.5,0.5,269120,0.55,161080,0,1813400
FINNIFTY02JAN2422050CE.NFO,02/01/2024,10:04:11,0.5,0.5,244120,0.55,161080,0,1813400
FINNIFTY02JAN2422050CE.NFO,02/01/2024,10:04:13,0.5,0.5,242840,0.55,161960,1280,1813400
FINNIFTY02JAN2422050CE.NFO,02/01/2024,10:04:15,0.5,0.5,241560,0.55,161960,1280,1813400
FINNIFTY02JAN2422050CE.NFO,02/01/2024,10:04:16,0.5,0.5,243120,0.55,161960,0,1813400
FINNIFTY02JAN2422050CE.NFO,02/01/2024,10:04:21,0.5,0.5,243120,0.55,164160,0,1813400
FINNIFTY02JAN2422050CE.NFO,02/01/2024,10:04:38,0.55,0.5,239280,0.55,164840,3600,1813400
FINNIFTY02JAN2422050CE.NFO,02/01/2024,10:04:50,0.5,0.5,236840,0.55,193280,6000,1813400
FINNIFTY02JAN2422050CE.NFO,02/01/2024,10:05:00,0.5,0.5,232040,0.55,199640,7840,1813400
FINNIFTY02JAN2422050CE.NFO,02/01/2024,10:05:12,0.5,0.5,224560,0.55,202640,11920,1813400
FINNIFTY02JAN2422050CE.NFO,02/01/2024,10:05:22,0.5,0.5,222800,0.55,204040,2200,1813400
FINNIFTY02JAN2422050CE.NFO,02/01/2024,10:05:33,0.5,0.5,220400,0.55,205640,2400,1916640
FINNIFTY02JAN2422050CE.NFO,02/01/2024,10:05:44,0.5,0.5,219120,0.55,205360,1760,1916640
FINNIFTY02JAN2422050CE.NFO,02/01/2024,10:05:55,0.5,0.5,209120,0.55,218960,10000,1916640
FINNIFTY02JAN2422050CE.NFO,02/01/2024,10:06:06,0.5,0.5,205520,0.55,218120,12840,1916640
FINNIFTY02JAN2422050CE.NFO,02/01/2024,10:06:18,0.5,0.5,202720,0.55,221960,4960,1916640
FINNIFTY02JAN2422050CE.NFO,02/01/2024,10:06:30,0.5,0.5,194800,0.55,229920,8200,1916640
FINNIFTY02JAN2422050CE.NFO,02/01/2024,10:06:42,0.5,0.5,192600,0.55,229880,2200,1916640
FINNIFTY02JAN2422050CE.NFO,02/01/2024,10:06:53,0.55,0.5,202400,0.55,226280,16600,1916640
FINNIFTY02JAN2422050CE.NFO,02/01/2024,10:07:04,0.5,0.5,209400,0.55,229800,9320,1916640
FINNIFTY02JAN2422050CE.NFO,02/01/2024,10:07:16,0.55,0.5,209760,0.55,213800,4840,1916640
FINNIFTY02JAN2422050CE.NFO,02/01/2024,10:07:27,0.5,0.5,201400,0.55,215440,8480,1916640
FINNIFTY02JAN2422050CE.NFO,02/01/2024,10:07:39,0.5,0.5,183800,0.55,215000,4240,1916640
FINNIFTY02JAN2422050CE.NFO,02/01/2024,10:07:50,0.5,0.5,195040,0.55,214120,4680,1916640
FINNIFTY02JAN2422050CE.NFO,02/01/2024,10:08:01,0.55,0.5,198480,0.55,214280,3000,1916640
FINNIFTY02JAN2422050CE.NFO,02/01/2024,10:08:12,0.5,0.5,195560,0.55,214720,80,1916640
FINNIFTY02JAN2422050CE.NFO,02/01/2024,10:08:23,0.5,0.5,195920,0.55,214880,1040,1916640
FINNIFTY02JAN2422050CE.NFO,02/01/2024,10:08:34,0.5,0.5,193080,0.55,214000,2840,1944480
FINNIFTY02JAN2422050CE.NFO,02/01/2024,10:08:45,0.5,0.5,198960,0.55,213720,10120,1944480
FINNIFTY02JAN2422050CE.NFO,02/01/2024,10:08:57,0.5,0.5,197560,0.55,213280,480,1944480
FINNIFTY02JAN2422050CE.NFO,02/01/2024,10:09:08,0.5,0.5,197440,0.55,220680,1480,1944480
FINNIFTY02JAN2422050CE.NFO,02/01/2024,10:09:20,0.5,0.5,193400,0.55,220680,3000,1944480
FINNIFTY02JAN2422050CE.NFO,02/01/2024,10:09:31,0.5,0.5,193920,0.55,220640,440,1944480
FINNIFTY02JAN2422050CE.NFO,02/01/2024,10:09:43,0.5,0.5,191360,0.55,220600,2560,1944480
FINNIFTY02JAN2422050CE.NFO,02/01/2024,10:10:05,0.55,0.5,194640,0.55,209840,17480,1944480
FINNIFTY02JAN2422050CE.NFO,02/01/2024,10:10:16,0.5,0.5,199760,0.55,214240,1160,1944480
FINNIFTY02JAN2422050CE.NFO,02/01/2024,10:10:27,0.5,0.5,158800,0.55,211800,7320,1944480
FINNIFTY02JAN2422050CE.NFO,02/01/2024,10:10:39,0.5,0.5,187040,0.55,211800,560,1944480
FINNIFTY02JAN2422050CE.NFO,02/01/2024,10:10:51,0.5,0.5,187040,0.55,251800,0,1944480
FINNIFTY02JAN2422050CE.NFO,02/01/2024,10:11:02,0.5,0.5,186960,0.55,251800,80,1944480
FINNIFTY02JAN2422050CE.NFO,02/01/2024,10:11:13,0.55,0.5,186920,0.55,251400,920,1944480
FINNIFTY02JAN2422050CE.NFO,02/01/2024,10:11:23,0.5,0.5,156840,0.55,254160,1040,1944480
FINNIFTY02JAN2422050CE.NFO,02/01/2024,10:11:34,0.5,0.5,155600,0.55,253560,1200,1957680
FINNIFTY02JAN2422050CE.NFO,02/01/2024,10:11:46,0.5,0.5,160960,0.55,253520,120,1957680
FINNIFTY02JAN2422050CE.NFO,02/01/2024,10:11:56,0.5,0.5,162400,0.55,253840,680,1957680
FINNIFTY02JAN2422050CE.NFO,02/01/2024,10:12:06,0.5,0.5,153160,0.55,253920,8680,1957680
FINNIFTY02JAN2422050CE.NFO,02/01/2024,10:12:16,0.55,0.5,154400,0.55,254200,4400,1957680
FINNIFTY02JAN2422050CE.NFO,02/01/2024,10:12:27,0.55,0.5,154400,0.55,253880,0,1957680
FINNIFTY02JAN2422050CE.NFO,02/01/2024,10:12:37,0.55,0.5,141560,0.55,257520,0,1957680
FINNIFTY02JAN2422050CE.NFO,02/01/2024,10:12:49,0.5,0.5,154080,0.55,256440,10640,1957680
FINNIFTY02JAN2422050CE.NFO,02/01/2024,10:13:00,0.5,0.5,131840,0.55,259560,2560,1957680
FINNIFTY02JAN2422050CE.NFO,02/01/2024,10:13:11,0.5,0.5,152240,0.55,259160,1120,1957680
FINNIFTY02JAN2422050CE.NFO,02/01/2024,10:13:22,0.55,0.5,153560,0.55,259120,520,1957680
FINNIFTY02JAN2422050CE.NFO,02/01/2024,10:13:33,0.5,0.5,151760,0.55,259120,1800,1957680
FINNIFTY02JAN2422050CE.NFO,02/01/2024,10:13:43,0.5,0.5,153200,0.55,259440,4000,1957680
FINNIFTY02JAN2422050CE.NFO,02/01/2024,10:13:54,0.5,0.5,154000,0.55,260680,5440,1957680
FINNIFTY02JAN2422050CE.NFO,02/01/2024,10:14:04,0.5,0.5,153400,0.55,259800,600,1957680
FINNIFTY02JAN2422050CE.NFO,02/01/2024,10:14:15,0.5,0.5,154800,0.55,261080,3960,1957680
FINNIFTY02JAN2422050CE.NFO,02/01/2024,10:14:25,0.5,0.5,154800,0.55,260200,0,1957680
FINNIFTY02JAN2422050CE.NFO,02/01/2024,10:14:35,0.5,0.5,156040,0.55,265280,560,1955120
FINNIFTY02JAN2422050CE.NFO,02/01/2024,10:14:46,0.55,0.5,164680,0.55,264680,4600,1955120
FINNIFTY02JAN2422050CE.NFO,02/01/2024,10:14:57,0.5,0.5,163840,0.55,269600,5400,1955120
FINNIFTY02JAN2422050CE.NFO,02/01/2024,10:15:07,0.5,0.5,164120,0.55,269600,120,1955120
FINNIFTY02JAN2422050CE.NFO,02/01/2024,10:15:17,0.5,0.5,163720,0.55,269600,0,1955120
FINNIFTY02JAN2422050CE.NFO,02/01/2024,10:15:27,0.5,0.5,164560,0.55,269160,40,1955120
FINNIFTY02JAN2422050CE.NFO,02/01/2024,10:15:37,0.55,0.5,184760,0.55,246640,63920,1955120
FINNIFTY02JAN2422050CE.NFO,02/01/2024,10:15:47,0.5,0.5,215760,0.55,226880,70200,1955120
FINNIFTY02JAN2422050CE.NFO,02/01/2024,10:15:58,0.55,0.5,219160,0.55,224400,2680,1955120
FINNIFTY02JAN2422050CE.NFO,02/01/2024,10:16:08,0.5,0.5,219800,0.55,224400,600,1955120
FINNIFTY02JAN2422050CE.NFO,02/01/2024,10:16:19,0.5,0.5,218920,0.55,225280,0,1955120
FINNIFTY02JAN2422050CE.NFO,02/01/2024,10:16:29,0.5,0.5,218720,0.55,225680,200,1955120
FINNIFTY02JAN2422050CE.NFO,02/01/2024,10:16:39,0.5,0.5,218680,0.55,224480,360,1955120
FINNIFTY02JAN2422050CE.NFO,02/01/2024,10:16:49,0.5,0.5,218680,0.55,225000,0,1955120
FINNIFTY02JAN2422050CE.NFO,02/01/2024,10:17:00,0.5,0.5,218640,0.55,224400,40,1955120
FINNIFTY02JAN2422050CE.NFO,02/01/2024,10:17:11,0.55,0.5,219000,0.55,225480,440,1955120
FINNIFTY02JAN2422050CE.NFO,02/01/2024,10:17:22,0.5,0.5,218680,0.55,210240,280,1955120
FINNIFTY02JAN2422050CE.NFO,02/01/2024,10:17:33,0.5,0.5,218320,0.55,211120,400,1948440
FINNIFTY02JAN2422050CE.NFO,02/01/2024,10:17:44,0.5,0.5,221160,0.55,214760,40,1948440
FINNIFTY02JAN2422050CE.NFO,02/01/2024,10:17:54,0.5,0.5,217960,0.55,214480,3320,1948440
FINNIFTY02JAN2422050CE.NFO,02/01/2024,10:18:04,0.5,0.5,252040,0.55,214040,1960,1948440
FINNIFTY02JAN2422050CE.NFO,02/01/2024,10:18:13,0.5,0.5,251840,0.55,214040,200,1948440
FINNIFTY02JAN2422050CE.NFO,02/01/2024,10:18:22,0.5,0.5,250320,0.55,214480,1040,1948440
FINNIFTY02JAN2422050CE.NFO,02/01/2024,10:18:32,0.5,0.5,250800,0.55,214400,360,1948440
FINNIFTY02JAN2422050CE.NFO,02/01/2024,10:18:41,0.5,0.5,250680,0.55,213520,120,1948440
FINNIFTY02JAN2422050CE.NFO,02/01/2024,10:18:51,0.5,0.5,250000,0.55,212840,1080,1948440
FINNIFTY02JAN2422050CE.NFO,02/01/2024,10:19:00,0.5,0.5,257840,0.55,213440,1280,1948440
FINNIFTY02JAN2422050CE.NFO,02/01/2024,10:19:10,0.5,0.5,258480,0.55,214360,760,1948440
FINNIFTY02JAN2422050CE.NFO,02/01/2024,10:19:21,0.5,0.5,264240,0.55,212880,0,1948440
FINNIFTY02JAN2422050CE.NFO,02/01/2024,10:19:31,0.5,0.5,264240,0.55,212640,0,1948440
FINNIFTY02JAN2422050CE.NFO,02/01/2024,10:19:41,0.5,0.5,264240,0.55,212800,0,1948440
FINNIFTY02JAN2422050CE.NFO,02/01/2024,10:19:50,0.55,0.5,264240,0.55,212080,4600,1948440
FINNIFTY02JAN2422050CE.NFO,02/01/2024,10:20:00,0.55,0.5,264240,0.55,212080,0,1948440
FINNIFTY02JAN2422050CE.NFO,02/01/2024,10:20:10,0.5,0.5,264280,0.55,212080,40,1948440
FINNIFTY02JAN2422050CE.NFO,02/01/2024,10:20:19,0.5,0.5,260680,0.55,212520,0,1948440
FINNIFTY02JAN2422050CE.NFO,02/01/2024,10:20:29,0.5,0.5,258520,0.55,215200,1840,1948440
FINNIFTY02JAN2422050CE.NFO,02/01/2024,10:20:48,0.5,0.5,260320,0.55,213400,0,1948440
FINNIFTY02JAN2422050CE.NFO,02/01/2024,10:20:57,0.5,0.5,258680,0.55,211480,0,1948440
FINNIFTY02JAN2422050CE.NFO,02/01/2024,10:21:17,0.5,0.5,258240,0.55,211160,1440,1942240
FINNIFTY02JAN2422050CE.NFO,02/01/2024,10:21:28,0.5,0.5,259240,0.55,198160,12240,1942240
FINNIFTY02JAN2422050CE.NFO,02/01/2024,10:21:39,0.55,0.5,251680,0.55,199000,3920,1942240
FINNIFTY02JAN2422050CE.NFO,02/01/2024,10:21:49,0.5,0.5,249640,0.55,199000,240,1942240
FINNIFTY02JAN2422050CE.NFO,02/01/2024,10:21:58,0.55,0.5,249640,0.55,199400,400,1942240
FINNIFTY02JAN2422050CE.NFO,02/01/2024,10:22:08,0.55,0.5,250680,0.55,196360,3880,1942240
FINNIFTY02JAN2422050CE.NFO,02/01/2024,10:22:18,0.5,0.5,250560,0.55,196840,120,1942240
FINNIFTY02JAN2422050CE.NFO,02/01/2024,10:22:28,0.55,0.5,250560,0.55,205760,2480,1942240
FINNIFTY02JAN2422050CE.NFO,02/01/2024,10:22:38,0.5,0.5,245040,0.55,205760,120,1942240
FINNIFTY02JAN2422050CE.NFO,02/01/2024,10:22:48,0.5,0.5,244600,0.55,207320,4000,1942240
FINNIFTY02JAN2422050CE.NFO,02/01/2024,10:22:58,0.5,0.5,243080,0.55,207920,3200,1942240
FINNIFTY02JAN2422050CE.NFO,02/01/2024,10:23:08,0.5,0.5,243080,0.55,207480,0,1942240
FINNIFTY02JAN2422050CE.NFO,02/01/2024,10:23:18,0.5,0.5,243080,0.55,207920,0,1942240
FINNIFTY02JAN2422050CE.NFO,02/01/2024,10:23:29,0.55,0.5,242680,0.55,214560,520,1942240
FINNIFTY02JAN2422050CE.NFO,02/01/2024,10:23:39,0.55,0.5,242680,0.55,214560,0,1942240
FINNIFTY02JAN2422050CE.NFO,02/01/2024,10:23:50,0.55,0.5,231800,0.55,218080,0,1942240
FINNIFTY02JAN2422050CE.NFO,02/01/2024,10:24:01,0.55,0.5,240800,0.55,218960,3160,1936720
FINNIFTY02JAN2422050CE.NFO,02/01/2024,10:24:11,0.5,0.5,240600,0.55,218880,160,1936720
FINNIFTY02JAN2422050CE.NFO,02/01/2024,10:24:21,0.5,0.5,239280,0.55,218080,840,1936720
FINNIFTY02JAN2422050CE.NFO,02/01/2024,10:24:31,0.5,0.5,239600,0.55,218080,200,1936720
FINNIFTY02JAN2422050CE.NFO,02/01/2024,10:24:41,0.5,0.5,239400,0.55,217680,600,1936720
FINNIFTY02JAN2422050CE.NFO,02/01/2024,10:24:50,0.55,0.5,239480,0.55,218640,4600,1936720
FINNIFTY02JAN2422050CE.NFO,02/01/2024,10:25:01,0.5,0.5,239000,0.55,218360,480,1936720
FINNIFTY02JAN2422050CE.NFO,02/01/2024,10:25:11,0.5,0.5,238880,0.55,218360,120,1936720
FINNIFTY02JAN2422050CE.NFO,02/01/2024,10:25:22,0.5,0.5,238760,0.55,218800,160,1936720
FINNIFTY02JAN2422050CE.NFO,02/01/2024,10:25:32,0.5,0.5,239400,0.55,218800,160,1936720
FINNIFTY02JAN2422050CE.NFO,02/01/2024,10:25:42,0.5,0.5,239400,0.55,220600,0,1936720
FINNIFTY02JAN2422050CE.NFO,02/01/2024,10:25:52,0.55,0.5,239440,0.55,220040,200,1936720
FINNIFTY02JAN2422050CE.NFO,02/01/2024,10:26:03,0.5,0.5,239120,0.55,220040,320,1936720
FINNIFTY02JAN2422050CE.NFO,02/01/2024,10:26:13,0.5,0.5,238120,0.55,219040,1000,1936720
FINNIFTY02JAN2422050CE.NFO,02/01/2024,10:26:22,0.5,0.5,238760,0.55,219480,400,1936720
FINNIFTY02JAN2422050CE.NFO,02/01/2024,10:26:33,0.55,0.5,238520,0.55,219280,200,1944720
FINNIFTY02JAN2422050CE.NFO,02/01/2024,10:26:44,0.55,0.5,238520,0.55,217800,0,1944720
FINNIFTY02JAN2422050CE.NFO,02/01/2024,10:26:55,0.5,0.5,237960,0.55,218600,1000,1944720
FINNIFTY02JAN2422050CE.NFO,02/01/2024,10:27:06,0.5,0.5,241160,0.55,206000,360,1944720
FINNIFTY02JAN2422050CE.NFO,02/01/2024,10:27:17,0.5,0.5,241200,0.55,206040,0,1944720
FINNIFTY02JAN2422050CE.NFO,02/01/2024,10:27:28,0.5,0.5,241200,0.55,206000,0,1944720
FINNIFTY02JAN2422050CE.NFO,02/01/2024,10:27:38,0.5,0.5,241160,0.55,203760,0,1944720
FINNIFTY02JAN2422050CE.NFO,02/01/2024,10:27:48,0.5,0.5,242880,0.55,202880,80,1944720
FINNIFTY02JAN2422050CE.NFO,02/01/2024,10:27:58,0.55,0.5,248200,0.55,203960,1680,1944720
FINNIFTY02JAN2422050CE.NFO,02/01/2024,10:28:08,0.5,0.5,247960,0.55,204560,720,1944720
FINNIFTY02JAN2422050CE.NFO,02/01/2024,10:28:18,0.5,0.5,248000,0.55,205520,0,1944720
FINNIFTY02JAN2422050CE.NFO,02/01/2024,10:28:28,0.55,0.5,249440,0.55,204400,4920,1944720
FINNIFTY02JAN2422050CE.NFO,02/01/2024,10:28:37,0.55,0.5,249480,0.55,204680,0,1944720
FINNIFTY02JAN2422050CE.NFO,02/01/2024,10:28:46,0.55,0.5,249440,0.55,204240,0,1944720
FINNIFTY02JAN2422050CE.NFO,02/01/2024,10:28:54,0.55,0.5,249480,0.55,204240,0,1944720
FINNIFTY02JAN2422050CE.NFO,02/01/2024,10:29:03,0.55,0.5,245360,0.55,204640,8680,1944720
FINNIFTY02JAN2422050CE.NFO,02/01/2024,10:29:12,0.5,0.5,245360,0.55,204640,40,1944720
FINNIFTY02JAN2422050CE.NFO,02/01/2024,10:29:21,0.5,0.5,244680,0.55,204640,5600,1944720
FINNIFTY02JAN2422050CE.NFO,02/01/2024,10:29:30,0.5,0.5,248520,0.55,201960,3600,1944720
FINNIFTY02JAN2422050CE.NFO,02/01/2024,10:29:38,0.5,0.5,248480,0.55,202480,40,1944720
FINNIFTY02JAN2422050CE.NFO,02/01/2024,10:29:47,0.55,0.5,249320,0.55,199360,4600,1948320
FINNIFTY02JAN2422050CE.NFO,02/01/2024,10:29:55,0.5,0.5,251120,0.55,200280,2360,1948320
FINNIFTY02JAN2422050CE.NFO,02/01/2024,10:30:03,0.5,0.5,251760,0.55,201360,1160,1948320
FINNIFTY02JAN2422050CE.NFO,02/01/2024,10:30:13,0.5,0.5,252880,0.55,210240,1240,1948320
FINNIFTY02JAN2422050CE.NFO,02/01/2024,10:30:23,0.5,0.5,254800,0.55,207120,1360,1948320
FINNIFTY02JAN2422050CE.NFO,02/01/2024,10:30:32,0.5,0.5,252480,0.55,207560,1880,1948320
FINNIFTY02JAN2422050CE.NFO,02/01/2024,10:30:42,0.5,0.5,252480,0.55,209360,0,1948320
FINNIFTY02JAN2422050CE.NFO,02/01/2024,10:30:51,0.5,0.5,252120,0.55,210240,360,1948320
FINNIFTY02JAN2422050CE.NFO,02/01/2024,10:31:01,0.5,0.5,217040,0.55,210240,14480,1948320
FINNIFTY02JAN2422050CE.NFO,02/01/2024,10:31:11,0.5,0.5,259840,0.55,210400,2400,1948320
FINNIFTY02JAN2422050CE.NFO,02/01/2024,10:31:19,0.5,0.5,259080,0.55,210160,1000,1948320
FINNIFTY02JAN2422050CE.NFO,02/01/2024,10:31:28,0.5,0.5,259080,0.55,208960,0,1948320
FINNIFTY02JAN2422050CE.NFO,02/01/2024,10:31:37,0.5,0.5,256160,0.55,209200,30920,1948320
FINNIFTY02JAN2422050CE.NFO,02/01/2024,10:31:47,0.5,0.5,179200,0.55,211800,53960,1948320
FINNIFTY02JAN2422050CE.NFO,02/01/2024,10:31:58,0.5,0.5,177760,0.55,212840,1120,1948320
FINNIFTY02JAN2422050CE.NFO,02/01/2024,10:32:08,0.5,0.5,195920,0.55,212760,2640,1948320
FINNIFTY02JAN2422050CE.NFO,02/01/2024,10:32:18,0.55,0.5,179000,0.55,214080,1200,1948320
FINNIFTY02JAN2422050CE.NFO,02/01/2024,10:32:27,0.5,0.5,179800,0.55,214920,2560,1948320
FINNIFTY02JAN2422050CE.NFO,02/01/2024,10:32:37,0.5,0.5,144520,0.55,219200,7800,1981120
FINNIFTY02JAN2422050CE.NFO,02/01/2024,10:32:47,0.5,0.45,390080,0.5,165840,40920,1981120
FINNIFTY02JAN2422050CE.NFO,02/01/2024,10:32:57,0.5,0.45,390080,0.5,163480,5000,1981120
FINNIFTY02JAN2422050CE.NFO,02/01/2024,10:33:06,0.5,0.45,388280,0.5,165360,0,1981120
FINNIFTY02JAN2422050CE.NFO,02/01/2024,10:33:15,0.45,0.45,388160,0.5,164960,6800,1981120
FINNIFTY02JAN2422050CE.NFO,02/01/2024,10:33:24,0.45,0.45,386360,0.5,165520,1800,1981120
FINNIFTY02JAN2422050CE.NFO,02/01/2024,10:33:33,0.45,0.45,387040,0.5,167520,1080,1981120
FINNIFTY02JAN2422050CE.NFO,02/01/2024,10:33:42,0.5,0.45,385640,0.5,163920,3600,1981120
FINNIFTY02JAN2422050CE.NFO,02/01/2024,10:33:52,0.45,0.45,384600,0.5,167600,160,1981120
FINNIFTY02JAN2422050CE.NFO,02/01/2024,10:34:01,0.45,0.45,381760,0.5,165760,4120,1981120
FINNIFTY02JAN2422050CE.NFO,02/01/2024,10:34:11,0.5,0.45,378960,0.5,167880,2000,1981120
FINNIFTY02JAN2422050CE.NFO,02/01/2024,10:34:21,0.45,0.45,374960,0.5,181760,3600,1981120
FINNIFTY02JAN2422050CE.NFO,02/01/2024,10:34:30,0.5,0.45,375160,0.5,180160,1600,1981120
FINNIFTY02JAN2422050CE.NFO,02/01/2024,10:34:49,0.5,0.45,378440,0.5,180560,8200,1981120
FINNIFTY02JAN2422050CE.NFO,02/01/2024,10:34:58,0.5,0.45,378440,0.5,180560,0,1981120
FINNIFTY02JAN2422050CE.NFO,02/01/2024,10:35:06,0.45,0.45,376560,0.5,186200,1880,1981120
FINNIFTY02JAN2422050CE.NFO,02/01/2024,10:35:15,0.5,0.45,376560,0.5,183960,560,1981120
FINNIFTY02JAN2422050CE.NFO,02/01/2024,10:35:24,0.5,0.45,376560,0.5,186640,0,1981120
FINNIFTY02JAN2422050CE.NFO,02/01/2024,10:35:33,0.45,0.45,375040,0.5,187000,1520,1981120
FINNIFTY02JAN2422050CE.NFO,02/01/2024,10:35:42,0.45,0.45,374920,0.5,187000,0,1981120
FINNIFTY02JAN2422050CE.NFO,02/01/2024,10:35:50,0.5,0.45,374920,0.5,184120,880,2009760
FINNIFTY02JAN2422050CE.NFO,02/01/2024,10:35:59,0.5,0.45,375760,0.5,184720,0,2009760
FINNIFTY02JAN2422050CE.NFO,02/01/2024,10:36:09,0.5,0.45,376560,0.5,182840,3400,2009760
FINNIFTY02JAN2422050CE.NFO,02/01/2024,10:36:18,0.5,0.45,376160,0.5,180240,5040,2009760
FINNIFTY02JAN2422050CE.NFO,02/01/2024,10:36:29,0.5,0.45,377160,0.5,182800,0,2009760
FINNIFTY02JAN2422050CE.NFO,02/01/2024,10:36:41,0.5,0.45,352200,0.5,188920,200,2009760
FINNIFTY02JAN2422050CE.NFO,02/01/2024,10:36:52,0.5,0.45,354880,0.5,188520,80,2009760
FINNIFTY02JAN2422050CE.NFO,02/01/2024,10:37:04,0.5,0.45,351480,0.5,188640,4320,2009760
FINNIFTY02JAN2422050CE.NFO,02/01/2024,10:37:15,0.5,0.45,355080,0.5,192280,200,2009760
FINNIFTY02JAN2422050CE.NFO,02/01/2024,10:37:26,0.5,0.45,351360,0.5,192440,800,2009760
FINNIFTY02JAN2422050CE.NFO,02/01/2024,10:37:37,0.5,0.45,352040,0.5,191480,1200,2009760
FINNIFTY02JAN2422050CE.NFO,02/01/2024,10:37:47,0.5,0.45,352280,0.5,190120,1840,2009760
FINNIFTY02JAN2422050CE.NFO,02/01/2024,10:37:56,0.45,0.45,350440,0.5,192400,1800,2009760
FINNIFTY02JAN2422050CE.NFO,02/01/2024,10:38:06,0.45,0.45,346840,0.5,195120,4400,2009760
FINNIFTY02JAN2422050CE.NFO,02/01/2024,10:38:16,0.5,0.45,345120,0.5,195080,4040,2009760
FINNIFTY02JAN2422050CE.NFO,02/01/2024,10:38:25,0.45,0.45,342160,0.5,199560,3560,2009760
FINNIFTY02JAN2422050CE.NFO,02/01/2024,10:38:35,0.45,0.45,342160,0.5,234000,0,2009760
FINNIFTY02JAN2422050CE.NFO,02/01/2024,10:38:44,0.45,0.45,342120,0.5,237240,0,2009760
FINNIFTY02JAN2422050CE.NFO,02/01/2024,10:38:54,0.45,0.45,317120,0.5,238080,0,2009760
FINNIFTY02JAN2422050CE.NFO,02/01/2024,10:39:05,0.5,0.45,310960,0.5,237960,1320,2014080
FINNIFTY02JAN2422050CE.NFO,02/01/2024,10:39:15,0.5,0.45,311080,0.5,237760,320,2014080
FINNIFTY02JAN2422050CE.NFO,02/01/2024,10:39:26,0.5,0.45,311080,0.5,236560,0,2014080
FINNIFTY02JAN2422050CE.NFO,02/01/2024,10:39:37,0.5,0.45,312120,0.5,234200,11000,2014080
FINNIFTY02JAN2422050CE.NFO,02/01/2024,10:39:48,0.5,0.45,312240,0.5,234200,4600,2014080
FINNIFTY02JAN2422050CE.NFO,02/01/2024,10:39:59,0.5,0.45,314000,0.5,234640,6600,2014080
FINNIFTY02JAN2422050CE.NFO,02/01/2024,10:40:10,0.45,0.45,313360,0.5,234680,680,2014080
FINNIFTY02JAN2422050CE.NFO,02/01/2024,10:40:21,0.45,0.45,315120,0.5,234240,520,2014080
FINNIFTY02JAN2422050CE.NFO,02/01/2024,10:40:32,0.45,0.45,318040,0.5,234120,0,2014080
FINNIFTY02JAN2422050CE.NFO,02/01/2024,10:40:41,0.5,0.45,318000,0.5,237360,760,2014080
FINNIFTY02JAN2422050CE.NFO,02/01/2024,10:40:51,0.45,0.45,318000,0.5,235000,40,2014080
FINNIFTY02JAN2422050CE.NFO,02/01/2024,10:41:01,0.5,0.45,307160,0.5,236880,1600,2014080
FINNIFTY02JAN2422050CE.NFO,02/01/2024,10:41:11,0.5,0.45,307160,0.5,235080,0,2014080
FINNIFTY02JAN2422050CE.NFO,02/01/2024,10:41:21,0.45,0.45,305520,0.5,234720,760,2014080
FINNIFTY02JAN2422050CE.NFO,02/01/2024,10:41:31,0.45,0.45,306400,0.5,234720,0,2014080
FINNIFTY02JAN2422050CE.NFO,02/01/2024,10:41:41,0.45,0.45,305120,0.5,234680,1320,2030600
FINNIFTY02JAN2422050CE.NFO,02/01/2024,10:41:51,0.45,0.45,263280,0.5,241920,26720,2030600
FINNIFTY02JAN2422050CE.NFO,02/01/2024,10:42:01,0.45,0.45,268640,0.5,258880,0,2030600
FINNIFTY02JAN2422050CE.NFO,02/01/2024,10:42:11,0.5,0.45,275720,0.5,255920,6320,2030600
FINNIFTY02JAN2422050CE.NFO,02/01/2024,10:42:22,0.5,0.45,275440,0.5,255600,1280,2030600
FINNIFTY02JAN2422050CE.NFO,02/01/2024,10:42:32,0.45,0.45,275040,0.5,229960,2680,2030600
FINNIFTY02JAN2422050CE.NFO,02/01/2024,10:42:41,0.45,0.45,275040,0.5,229160,0,2030600
FINNIFTY02JAN2422050CE.NFO,02/01/2024,10:42:51,0.45,0.45,274400,0.5,228960,640,2030600
FINNIFTY02JAN2422050CE.NFO,02/01/2024,10:43:02,0.45,0.45,274360,0.5,228920,40,2030600
FINNIFTY02JAN2422050CE.NFO,02/01/2024,10:43:11,0.5,0.45,277320,0.5,230840,5400,2030600
FINNIFTY02JAN2422050CE.NFO,02/01/2024,10:43:21,0.5,0.45,282680,0.5,224160,25800,2030600
FINNIFTY02JAN2422050CE.NFO,02/01/2024,10:43:32,0.45,0.45,322640,0.5,224160,40,2030600
FINNIFTY02JAN2422050CE.NFO,02/01/2024,10:43:41,0.45,0.45,345760,0.5,219960,0,2030600
FINNIFTY02JAN2422050CE.NFO,02/01/2024,10:44:11,0.45,0.45,345720,0.5,220080,0,2030600
FINNIFTY02JAN2422050CE.NFO,02/01/2024,10:44:20,0.45,0.45,345120,0.5,224280,600,2030600
FINNIFTY02JAN2422050CE.NFO,02/01/2024,10:44:31,0.45,0.45,345920,0.5,224200,80,2030600
FINNIFTY02JAN2422050CE.NFO,02/01/2024,10:44:41,0.45,0.45,345960,0.5,224200,0,2030600
FINNIFTY02JAN2422050CE.NFO,02/01/2024,10:44:51,0.5,0.45,347120,0.5,223920,4600,2088440
FINNIFTY02JAN2422050CE.NFO,02/01/2024,10:45:00,0.45,0.45,347080,0.5,223560,40,2088440
FINNIFTY02JAN2422050CE.NFO,02/01/2024,10:45:10,0.45,0.45,350000,0.5,226920,80,2088440
FINNIFTY02JAN2422050CE.NFO,02/01/2024,10:45:20,0.45,0.45,350120,0.5,226800,120,2088440
FINNIFTY02JAN2422050CE.NFO,02/01/2024,10:45:29,0.45,0.45,305680,0.5,228000,40,2088440
FINNIFTY02JAN2422050CE.NFO,02/01/2024,10:45:39,0.45,0.45,286080,0.5,236520,0,2088440
FINNIFTY02JAN2422050CE.NFO,02/01/2024,10:45:49,0.45,0.45,286000,0.5,258960,80,2088440
FINNIFTY02JAN2422050CE.NFO,02/01/2024,10:45:58,0.45,0.45,286000,0.5,259240,0,2088440
FINNIFTY02JAN2422050CE.NFO,02/01/2024,10:46:08,0.45,0.45,285120,0.5,259600,0,2088440
FINNIFTY02JAN2422050CE.NFO,02/01/2024,10:46:17,0.45,0.45,285120,0.5,259440,0,2088440
FINNIFTY02JAN2422050CE.NFO,02/01/2024,10:46:27,0.45,0.45,285120,0.5,261800,0,2088440
FINNIFTY02JAN2422050CE.NFO,02/01/2024,10:46:37,0.45,0.45,285960,0.5,261760,80,2088440
FINNIFTY02JAN2422050CE.NFO,02/01/2024,10:46:47,0.45,0.45,285680,0.5,260880,2080,2088440
FINNIFTY02JAN2422050CE.NFO,02/01/2024,10:46:57,0.45,0.45,283640,0.5,260960,2040,2088440
FINNIFTY02JAN2422050CE.NFO,02/01/2024,10:47:07,0.45,0.45,280000,0.5,267760,4240,2088440
FINNIFTY02JAN2422050CE.NFO,02/01/2024,10:47:16,0.45,0.45,274520,0.5,268760,2000,2088440
FINNIFTY02JAN2422050CE.NFO,02/01/2024,10:47:25,0.45,0.45,272520,0.5,276480,5480,2088440
FINNIFTY02JAN2422050CE.NFO,02/01/2024,10:47:35,0.45,0.45,261160,0.5,281880,7880,2088440
FINNIFTY02JAN2422050CE.NFO,02/01/2024,10:47:44,0.45,0.45,264480,0.5,281800,240,2102480
FINNIFTY02JAN2422050CE.NFO,02/01/2024,10:47:53,0.45,0.45,264240,0.5,283240,600,2102480
FINNIFTY02JAN2422050CE.NFO,02/01/2024,10:48:03,0.45,0.45,262280,0.5,282640,3960,2102480
FINNIFTY02JAN2422050CE.NFO,02/01/2024,10:48:12,0.45,0.45,259000,0.5,279440,1360,2102480
FINNIFTY02JAN2422050CE.NFO,02/01/2024,10:48:22,0.45,0.45,258120,0.5,279440,400,2102480
FINNIFTY02JAN2422050CE.NFO,02/01/2024,10:48:31,0.45,0.45,256800,0.5,281240,1800,2102480
FINNIFTY02JAN2422050CE.NFO,02/01/2024,10:48:41,0.45,0.45,256720,0.5,280880,80,2102480
FINNIFTY02JAN2422050CE.NFO,02/01/2024,10:48:50,0.5,0.45,256560,0.5,280160,760,2102480
FINNIFTY02JAN2422050CE.NFO,02/01/2024,10:49:00,0.5,0.45,256600,0.5,250520,0,2102480
FINNIFTY02JAN2422050CE.NFO,02/01/2024,10:49:10,0.45,0.45,256560,0.5,250520,40,2102480
FINNIFTY02JAN2422050CE.NFO,02/01/2024,10:49:20,0.45,0.45,255000,0.5,251360,200,2102480
FINNIFTY02JAN2422050CE.NFO,02/01/2024,10:49:31,0.45,0.45,256360,0.5,250480,0,2102480
FINNIFTY02JAN2422050CE.NFO,02/01/2024,10:49:40,0.5,0.45,256640,0.5,259960,4480,2102480
FINNIFTY02JAN2422050CE.NFO,02/01/2024,10:49:49,0.5,0.45,256920,0.5,258000,6400,2102480
FINNIFTY02JAN2422050CE.NFO,02/01/2024,10:49:58,0.5,0.45,256920,0.5,255640,2400,2102480
FINNIFTY02JAN2422050CE.NFO,02/01/2024,10:50:17,0.5,0.45,256920,0.5,256800,440,2102480
FINNIFTY02JAN2422050CE.NFO,02/01/2024,10:50:37,0.45,0.45,256760,0.5,256800,160,2115280
FINNIFTY02JAN2422050CE.NFO,02/01/2024,10:50:48,0.45,0.45,256720,0.5,257080,40,2115280
FINNIFTY02JAN2422050CE.NFO,02/01/2024,10:50:58,0.45,0.45,256720,0.5,258160,40,2115280
FINNIFTY02JAN2422050CE.NFO,02/01/2024,10:51:08,0.45,0.45,256880,0.5,258160,0,2115280
FINNIFTY02JAN2422050CE.NFO,02/01/2024,10:51:18,0.5,0.45,256840,0.5,287840,40,2115280
FINNIFTY02JAN2422050CE.NFO,02/01/2024,10:51:38,0.45,0.45,256320,0.5,266720,40,2115280
FINNIFTY02JAN2422050CE.NFO,02/01/2024,10:51:48,0.45,0.45,256120,0.5,273760,680,2115280
FINNIFTY02JAN2422050CE.NFO,02/01/2024,10:51:58,0.45,0.45,254800,0.5,273760,840,2115280
FINNIFTY02JAN2422050CE.NFO,02/01/2024,10:52:07,0.45,0.45,255280,0.5,275560,0,2115280
FINNIFTY02JAN2422050CE.NFO,02/01/2024,10:52:16,0.45,0.45,244800,0.5,275560,10000,2115280
FINNIFTY02JAN2422050CE.NFO,02/01/2024,10:52:26,0.45,0.45,244400,0.5,280960,400,2115280
FINNIFTY02JAN2422050CE.NFO,02/01/2024,10:52:36,0.45,0.45,246360,0.5,280960,320,2115280
FINNIFTY02JAN2422050CE.NFO,02/01/2024,10:52:46,0.45,0.45,246280,0.5,280960,80,2115280
FINNIFTY02JAN2422050CE.NFO,02/01/2024,10:52:55,0.45,0.45,244160,0.5,280080,2120,2115280
FINNIFTY02JAN2422050CE.NFO,02/01/2024,10:53:04,0.45,0.45,243000,0.5,280120,1160,2115280
FINNIFTY02JAN2422050CE.NFO,02/01/2024,10:53:23,0.5,0.45,242960,0.5,280000,120,2115280
FINNIFTY02JAN2422050CE.NFO,02/01/2024,10:53:32,0.5,0.45,192840,0.5,279200,7800,2115280
FINNIFTY02JAN2422050CE.NFO,02/01/2024,10:53:42,0.45,0.45,192320,0.5,277080,520,2118840
FINNIFTY02JAN2422050CE.NFO,02/01/2024,10:53:51,0.5,0.45,192320,0.5,278240,80,2118840
FINNIFTY02JAN2422050CE.NFO,02/01/2024,10:54:00,0.45,0.45,191240,0.5,276720,1080,2118840
FINNIFTY02JAN2422050CE.NFO,02/01/2024,10:54:09,0.45,0.45,190720,0.5,276720,40,2118840
FINNIFTY02JAN2422050CE.NFO,02/01/2024,10:54:19,0.45,0.45,190760,0.5,277600,480,2118840
FINNIFTY02JAN2422050CE.NFO,02/01/2024,10:54:29,0.45,0.45,188320,0.5,281040,2040,2118840
FINNIFTY02JAN2422050CE.NFO,02/01/2024,10:54:38,0.45,0.45,105160,0.5,253240,70680,2118840
FINNIFTY02JAN2422050CE.NFO,02/01/2024,10:54:47,0.45,0.4,470160,0.45,156720,90400,2118840
FINNIFTY02JAN2422050CE.NFO,02/01/2024,10:54:57,0.45,0.4,467160,0.45,160440,520,2118840
FINNIFTY02JAN2422050CE.NFO,02/01/2024,10:55:06,0.45,0.4,446120,0.45,158800,2000,2118840
FINNIFTY02JAN2422050CE.NFO,02/01/2024,10:55:14,0.4,0.4,406080,0.45,160640,6520,2118840
FINNIFTY02JAN2422050CE.NFO,02/01/2024,10:55:23,0.4,0.4,386880,0.45,160640,0,2118840
FINNIFTY02JAN2422050CE.NFO,02/01/2024,10:55:33,0.45,0.4,386880,0.45,165280,640,2118840
FINNIFTY02JAN2422050CE.NFO,02/01/2024,10:55:42,0.4,0.4,384960,0.45,168200,2000,2118840
FINNIFTY02JAN2422050CE.NFO,02/01/2024,10:55:51,0.4,0.4,384200,0.45,168560,2440,2118840
FINNIFTY02JAN2422050CE.NFO,02/01/2024,10:56:00,0.45,0.4,384200,0.45,168040,40,2118840
FINNIFTY02JAN2422050CE.NFO,02/01/2024,10:56:09,0.45,0.4,384200,0.45,169000,0,2118840
FINNIFTY02JAN2422050CE.NFO,02/01/2024,10:56:18,0.45,0.4,384200,0.45,168280,240,2118840
FINNIFTY02JAN2422050CE.NFO,02/01/2024,10:56:27,0.45,0.4,384200,0.45,168160,120,2118840
FINNIFTY02JAN2422050CE.NFO,02/01/2024,10:56:36,0.4,0.4,382640,0.45,169520,80,2118840
FINNIFTY02JAN2422050CE.NFO,02/01/2024,10:56:47,0.4,0.4,382440,0.45,168680,2400,2007040
FINNIFTY02JAN2422050CE.NFO,02/01/2024,10:56:58,0.4,0.4,382360,0.45,169960,0,2007040
FINNIFTY02JAN2422050CE.NFO,02/01/2024,10:57:08,0.4,0.4,352640,0.45,168480,400,2007040
FINNIFTY02JAN2422050CE.NFO,02/01/2024,10:57:18,0.45,0.4,357960,0.45,196600,3680,2007040
FINNIFTY02JAN2422050CE.NFO,02/01/2024,10:57:38,0.45,0.4,357960,0.45,196600,0,2007040
FINNIFTY02JAN2422050CE.NFO,02/01/2024,10:57:48,0.45,0.4,355760,0.45,195560,0,2007040
FINNIFTY02JAN2422050CE.NFO,02/01/2024,10:57:59,0.45,0.4,355600,0.45,199160,0,2007040
FINNIFTY02JAN2422050CE.NFO,02/01/2024,10:58:09,0.45,0.4,355280,0.45,198760,480,2007040
FINNIFTY02JAN2422050CE.NFO,02/01/2024,10:58:19,0.45,0.4,353480,0.45,209760,440,2007040
FINNIFTY02JAN2422050CE.NFO,02/01/2024,10:58:28,0.45,0.4,350760,0.45,205880,0,2007040
FINNIFTY02JAN2422050CE.NFO,02/01/2024,10:58:38,0.45,0.4,331880,0.45,205880,0,2007040
FINNIFTY02JAN2422050CE.NFO,02/01/2024,10:58:46,0.45,0.4,321080,0.45,206160,0,2007040
FINNIFTY02JAN2422050CE.NFO,02/01/2024,10:58:56,0.4,0.4,313160,0.45,230160,240,2007040
FINNIFTY02JAN2422050CE.NFO,02/01/2024,10:59:05,0.4,0.4,315440,0.45,230160,0,2007040
FINNIFTY02JAN2422050CE.NFO,02/01/2024,10:59:15,0.4,0.4,316720,0.45,228360,40,2007040
FINNIFTY02JAN2422050CE.NFO,02/01/2024,10:59:24,0.45,0.4,315400,0.45,227840,40,2007040
FINNIFTY02JAN2422050CE.NFO,02/01/2024,10:59:34,0.45,0.4,315400,0.45,228360,0,2007040
FINNIFTY02JAN2422050CE.NFO,02/01/2024,10:59:43,0.4,0.4,314080,0.45,228360,840,2007040
FINNIFTY02JAN2422050CE.NFO,02/01/2024,10:59:52,0.45,0.4,314560,0.45,228160,4600,2009720
FINNIFTY02JAN2422050CE.NFO,02/01/2024,11:00:02,0.45,0.4,305560,0.45,226360,0,2009720
FINNIFTY02JAN2422050CE.NFO,02/01/2024,11:00:11,0.45,0.4,287560,0.45,226280,80,2009720
FINNIFTY02JAN2422050CE.NFO,02/01/2024,11:00:20,0.45,0.4,287560,0.45,226280,0,2009720
FINNIFTY02JAN2422050CE.NFO,02/01/2024,11:00:58,0.45,0.4,273160,0.45,236240,40,2009720
FINNIFTY02JAN2422050CE.NFO,02/01/2024,11:01:08,0.45,0.4,273160,0.45,236240,0,2009720
FINNIFTY02JAN2422050CE.NFO,02/01/2024,11:01:46,0.45,0.4,276440,0.45,237640,40,2009720
FINNIFTY02JAN2422050CE.NFO,02/01/2024,11:01:56,0.45,0.4,274080,0.45,237040,80,2009720
FINNIFTY02JAN2422050CE.NFO,02/01/2024,11:02:06,0.45,0.4,274080,0.45,238040,0,2009720
FINNIFTY02JAN2422050CE.NFO,02/01/2024,11:02:16,0.45,0.4,274080,0.45,236160,200,2009720
FINNIFTY02JAN2422050CE.NFO,02/01/2024,11:02:36,0.45,0.4,274080,0.45,236120,40,2009720
FINNIFTY02JAN2422050CE.NFO,02/01/2024,11:02:45,0.45,0.4,274480,0.45,241400,2600,2014320
FINNIFTY02JAN2422050CE.NFO,02/01/2024,11:02:55,0.45,0.4,274480,0.45,241320,80,2014320
FINNIFTY02JAN2422050CE.NFO,02/01/2024,11:03:13,0.4,0.4,274440,0.45,241320,40,2014320
FINNIFTY02JAN2422050CE.NFO,02/01/2024,11:03:22,0.4,0.4,273480,0.45,239520,1000,2014320
FINNIFTY02JAN2422050CE.NFO,02/01/2024,11:03:32,0.4,0.4,272120,0.45,241320,1360,2014320
FINNIFTY02JAN2422050CE.NFO,02/01/2024,11:03:41,0.45,0.4,272080,0.45,244160,40,2014320
FINNIFTY02JAN2422050CE.NFO,02/01/2024,11:03:51,0.45,0.4,271600,0.45,242720,0,2014320
FINNIFTY02JAN2422050CE.NFO,02/01/2024,11:04:00,0.45,0.4,272080,0.45,244520,0,2014320
FINNIFTY02JAN2422050CE.NFO,02/01/2024,11:04:09,0.45,0.4,272080,0.45,244720,0,2014320
FINNIFTY02JAN2422050CE.NFO,02/01/2024,11:04:19,0.45,0.4,272080,0.45,244200,40,2014320
FINNIFTY02JAN2422050CE.NFO,02/01/2024,11:04:28,0.45,0.4,272080,0.45,247080,0,2014320
FINNIFTY02JAN2422050CE.NFO,02/01/2024,11:04:38,0.45,0.4,271800,0.45,255840,1080,2014320
FINNIFTY02JAN2422050CE.NFO,02/01/2024,11:04:47,0.45,0.4,269960,0.45,256000,0,2014320
FINNIFTY02JAN2422050CE.NFO,02/01/2024,11:04:56,0.45,0.4,269960,0.45,255760,160,2014320
FINNIFTY02JAN2422050CE.NFO,02/01/2024,11:05:06,0.4,0.4,269880,0.45,256160,80,2014320
FINNIFTY02JAN2422050CE.NFO,02/01/2024,11:05:24,0.4,0.4,269840,0.45,254480,0,2014320
FINNIFTY02JAN2422050CE.NFO,02/01/2024,11:05:33,0.45,0.4,257440,0.45,249520,200,2014320
FINNIFTY02JAN2422050CE.NFO,02/01/2024,11:05:43,0.45,0.4,257440,0.45,250080,0,2014320
FINNIFTY02JAN2422050CE.NFO,02/01/2024,11:05:52,0.45,0.4,257440,0.45,250920,0,2014320
FINNIFTY02JAN2422050CE.NFO,02/01/2024,11:06:01,0.4,0.4,256880,0.45,254080,560,2016600
FINNIFTY02JAN2422050CE.NFO,02/01/2024,11:06:11,0.35,0.35,160120,0.4,228240,514480,2016600
FINNIFTY02JAN2422050CE.NFO,02/01/2024,11:06:11,0.35,0.35,160120,0.4,228240,0,2016600
FINNIFTY02JAN2422050CE.NFO,02/01/2024,11:06:20,0.35,0.3,376880,0.35,255720,243520,2016600
FINNIFTY02JAN2422050CE.NFO,02/01/2024,11:06:29,0.35,0.3,404720,0.35,341000,107280,2016600
FINNIFTY02JAN2422050CE.NFO,02/01/2024,11:06:29,0.3,0.3,404720,0.35,341000,0,2016600
FINNIFTY02JAN2422050CE.NFO,02/01/2024,11:06:31,0.35,0.3,395720,0.35,344880,80,2016600
FINNIFTY02JAN2422050CE.NFO,02/01/2024,11:06:32,0.35,0.3,390320,0.35,342480,2760,2016600
FINNIFTY02JAN2422050CE.NFO,02/01/2024,11:06:34,0.35,0.3,386720,0.35,341400,1960,2016600
FINNIFTY02JAN2422050CE.NFO,02/01/2024,11:06:36,0.35,0.3,386720,0.35,340680,2160,2016600
FINNIFTY02JAN2422050CE.NFO,02/01/2024,11:06:37,0.35,0.3,365120,0.35,413240,40,2016600
FINNIFTY02JAN2422050CE.NFO,02/01/2024,11:06:39,0.35,0.3,352520,0.35,440080,2000,2016600
FINNIFTY02JAN2422050CE.NFO,02/01/2024,11:06:41,0.35,0.3,345320,0.35,439440,4880,2016600
FINNIFTY02JAN2422050CE.NFO,02/01/2024,11:06:42,0.35,0.3,339920,0.35,455840,280,2016600
FINNIFTY02JAN2422050CE.NFO,02/01/2024,11:06:44,0.35,0.3,339920,0.35,470120,120,2016600
FINNIFTY02JAN2422050CE.NFO,02/01/2024,11:06:46,0.35,0.3,339920,0.35,473560,160,2016600
FINNIFTY02JAN2422050CE.NFO,02/01/2024,11:06:47,0.35,0.3,339920,0.35,473520,40,2016600
FINNIFTY02JAN2422050CE.NFO,02/01/2024,11:06:49,0.35,0.3,336800,0.35,474840,120,2016600
FINNIFTY02JAN2422050CE.NFO,02/01/2024,11:06:51,0.35,0.3,324560,0.35,474200,10560,2016600
FINNIFTY02JAN2422050CE.NFO,02/01/2024,11:06:52,0.35,0.3,326360,0.35,477040,40,2016600
FINNIFTY02JAN2422050CE.NFO,02/01/2024,11:06:54,0.35,0.3,326560,0.35,481600,120,2016600
FINNIFTY02JAN2422050CE.NFO,02/01/2024,11:06:56,0.35,0.3,326520,0.35,481440,200,2016600
FINNIFTY02JAN2422050CE.NFO,02/01/2024,11:06:57,0.35,0.3,326520,0.35,480840,840,2016600
FINNIFTY02JAN2422050CE.NFO,02/01/2024,11:06:59,0.35,0.3,328320,0.35,480720,120,2016600
FINNIFTY02JAN2422050CE.NFO,02/01/2024,11:07:01,0.35,0.3,328320,0.35,480520,200,2016600
FINNIFTY02JAN2422050CE.NFO,02/01/2024,11:07:02,0.35,0.3,328320,0.35,480520,0,2016600
FINNIFTY02JAN2422050CE.NFO,02/01/2024,11:07:04,0.35,0.3,326520,0.35,480680,200,2016600
FINNIFTY02JAN2422050CE.NFO,02/01/2024,11:07:06,0.35,0.3,326520,0.35,480600,120,2016600
FINNIFTY02JAN2422050CE.NFO,02/01/2024,11:07:08,0.35,0.3,324720,0.35,480560,40,2016600
FINNIFTY02JAN2422050CE.NFO,02/01/2024,11:07:09,0.35,0.3,324720,0.35,481360,80,2016600
FINNIFTY02JAN2422050CE.NFO,02/01/2024,11:07:11,0.35,0.3,324720,0.35,480080,840,2016600
FINNIFTY02JAN2422050CE.NFO,02/01/2024,11:07:13,0.35,0.3,324720,0.35,480520,40,2016600
FINNIFTY02JAN2422050CE.NFO,02/01/2024,11:07:14,0.35,0.3,324720,0.35,480440,80,2016600
FINNIFTY02JAN2422050CE.NFO,02/01/2024,11:07:19,0.35,0.3,324600,0.35,480440,0,2016600
FINNIFTY02JAN2422050CE.NFO,02/01/2024,11:07:22,0.35,0.3,322800,0.35,480400,40,2016600
FINNIFTY02JAN2422050CE.NFO,02/01/2024,11:07:24,0.35,0.3,322800,0.35,480280,120,2016600
FINNIFTY02JAN2422050CE.NFO,02/01/2024,11:07:26,0.3,0.3,321000,0.35,480160,1920,2016600
FINNIFTY02JAN2422050CE.NFO,02/01/2024,11:07:27,0.35,0.3,309800,0.35,479280,4880,2016600
FINNIFTY02JAN2422050CE.NFO,02/01/2024,11:07:29,0.35,0.3,309800,0.35,482440,440,2016600
FINNIFTY02JAN2422050CE.NFO,02/01/2024,11:07:36,0.35,0.3,304400,0.35,481880,3080,2016600
FINNIFTY02JAN2422050CE.NFO,02/01/2024,11:07:45,0.35,0.3,301800,0.35,479720,6200,2016600
FINNIFTY02JAN2422050CE.NFO,02/01/2024,11:07:54,0.35,0.3,301800,0.35,477000,4520,2016600
FINNIFTY02JAN2422050CE.NFO,02/01/2024,11:08:04,0.35,0.3,296360,0.35,474240,2800,2016600
FINNIFTY02JAN2422050CE.NFO,02/01/2024,11:08:13,0.35,0.3,319760,0.35,487720,3760,2016600
FINNIFTY02JAN2422050CE.NFO,02/01/2024,11:08:22,0.35,0.3,321480,0.35,485880,1360,2016600
FINNIFTY02JAN2422050CE.NFO,02/01/2024,11:08:30,0.35,0.35,157640,0.4,194960,475000,2016600
FINNIFTY02JAN2422050CE.NFO,02/01/2024,11:08:31,0.35,0.35,166520,0.4,196760,120,2016600
FINNIFTY02JAN2422050CE.NFO,02/01/2024,11:08:33,0.35,0.35,184120,0.4,196760,0,2016600
FINNIFTY02JAN2422050CE.NFO,02/01/2024,11:08:35,0.35,0.35,187280,0.4,196440,40,2016600
FINNIFTY02JAN2422050CE.NFO,02/01/2024,11:08:36,0.35,0.35,187720,0.4,196440,480,2016600
FINNIFTY02JAN2422050CE.NFO,02/01/2024,11:08:38,0.35,0.35,187760,0.4,196440,0,2016600
FINNIFTY02JAN2422050CE.NFO,02/01/2024,11:08:43,0.35,0.35,187760,0.4,196800,0,2016600
FINNIFTY02JAN2422050CE.NFO,02/01/2024,11:08:46,0.35,0.35,188560,0.4,196880,160,1842560
FINNIFTY02JAN2422050CE.NFO,02/01/2024,11:08:48,0.35,0.35,188560,0.4,196880,0,1842560
FINNIFTY02JAN2422050CE.NFO,02/01/2024,11:08:58,0.35,0.35,188600,0.4,195720,0,1842560
FINNIFTY02JAN2422050CE.NFO,02/01/2024,11:09:04,0.35,0.35,188920,0.4,197520,0,1842560
FINNIFTY02JAN2422050CE.NFO,02/01/2024,11:09:06,0.35,0.35,188680,0.4,197040,1200,1842560
FINNIFTY02JAN2422050CE.NFO,02/01/2024,11:09:08,0.35,0.35,188280,0.4,197040,400,1842560
FINNIFTY02JAN2422050CE.NFO,02/01/2024,11:09:09,0.35,0.35,188400,0.4,197880,360,1842560
FINNIFTY02JAN2422050CE.NFO,02/01/2024,11:09:11,0.35,0.35,187960,0.4,197360,960,1842560
FINNIFTY02JAN2422050CE.NFO,02/01/2024,11:09:13,0.35,0.35,187200,0.4,197360,760,1842560
FINNIFTY02JAN2422050CE.NFO,02/01/2024,11:09:14,0.35,0.35,189480,0.4,197400,0,1842560
FINNIFTY02JAN2422050CE.NFO,02/01/2024,11:09:16,0.35,0.35,189200,0.4,197400,280,1842560
FINNIFTY02JAN2422050CE.NFO,02/01/2024,11:09:18,0.35,0.35,190400,0.4,197400,0,1842560
FINNIFTY02JAN2422050CE.NFO,02/01/2024,11:09:19,0.35,0.35,190400,0.4,198360,0,1842560
FINNIFTY02JAN2422050CE.NFO,02/01/2024,11:09:27,0.35,0.35,189880,0.4,198360,40,1842560
FINNIFTY02JAN2422050CE.NFO,02/01/2024,11:09:29,0.35,0.35,190360,0.4,198360,0,1842560
FINNIFTY02JAN2422050CE.NFO,02/01/2024,11:09:37,0.35,0.35,196960,0.4,198680,0,1842560
FINNIFTY02JAN2422050CE.NFO,02/01/2024,11:09:46,0.35,0.35,197000,0.4,199040,0,1842560
FINNIFTY02JAN2422050CE.NFO,02/01/2024,11:09:55,0.35,0.35,182600,0.4,184640,0,1842560
FINNIFTY02JAN2422050CE.NFO,02/01/2024,11:10:13,0.4,0.35,184280,0.4,152400,3000,1842560
FINNIFTY02JAN2422050CE.NFO,02/01/2024,11:10:21,0.4,0.35,199240,0.4,167640,80,1842560
FINNIFTY02JAN2422050CE.NFO,02/01/2024,11:10:30,0.4,0.35,207760,0.4,135960,12040,1842560
FINNIFTY02JAN2422050CE.NFO,02/01/2024,11:10:39,0.35,0.35,312440,0.4,138480,5400,1842560
FINNIFTY02JAN2422050CE.NFO,02/01/2024,11:10:48,0.4,0.35,311040,0.4,135480,3080,1842560
FINNIFTY02JAN2422050CE.NFO,02/01/2024,11:10:56,0.4,0.35,298680,0.4,119120,64240,1842560
FINNIFTY02JAN2422050CE.NFO,02/01/2024,11:11:05,0.4,0.35,201640,0.4,30840,107200,1842560
FINNIFTY02JAN2422050CE.NFO,02/01/2024,11:11:14,0.4,0.4,252440,0.45,223480,12720,1842560
FINNIFTY02JAN2422050CE.NFO,02/01/2024,11:11:24,0.45,0.4,239080,0.45,216160,120,1842560
FINNIFTY02JAN2422050CE.NFO,02/01/2024,11:11:30,0.45,0.4,256920,0.45,229200,9440,1842560
FINNIFTY02JAN2422050CE.NFO,02/01/2024,11:11:32,0.45,0.4,256960,0.45,234040,1800,1842560
FINNIFTY02JAN2422050CE.NFO,02/01/2024,11:11:33,0.45,0.4,257160,0.45,230600,240,1842560
FINNIFTY02JAN2422050CE.NFO,02/01/2024,11:11:35,0.45,0.4,257160,0.45,220600,0,1842560
FINNIFTY02JAN2422050CE.NFO,02/01/2024,11:11:37,0.45,0.4,257120,0.45,220600,0,1842560
FINNIFTY02JAN2422050CE.NFO,02/01/2024,11:11:40,0.45,0.4,257160,0.45,220600,0,1842560
FINNIFTY02JAN2422050CE.NFO,02/01/2024,11:11:42,0.45,0.4,257160,0.45,220440,0,1842560
FINNIFTY02JAN2422050CE.NFO,02/01/2024,11:11:43,0.45,0.4,257120,0.45,197640,1200,1938320
FINNIFTY02JAN2422050CE.NFO,02/01/2024,11:11:45,0.45,0.4,257120,0.45,204840,0,1938320
FINNIFTY02JAN2422050CE.NFO,02/01/2024,11:11:46,0.45,0.4,257160,0.45,204840,0,1938320
FINNIFTY02JAN2422050CE.NFO,02/01/2024,11:11:50,0.45,0.4,257120,0.45,205000,0,1938320
FINNIFTY02JAN2422050CE.NFO,02/01/2024,11:11:51,0.45,0.4,257400,0.45,204840,0,1938320
FINNIFTY02JAN2422050CE.NFO,02/01/2024,11:11:58,0.4,0.4,257360,0.45,204680,40,1938320
FINNIFTY02JAN2422050CE.NFO,02/01/2024,11:11:59,0.4,0.4,257360,0.45,204680,0,1938320
FINNIFTY02JAN2422050CE.NFO,02/01/2024,11:12:06,0.4,0.4,242960,0.45,188480,0,1938320
FINNIFTY02JAN2422050CE.NFO,02/01/2024,11:12:08,0.4,0.4,243080,0.45,187880,0,1938320
FINNIFTY02JAN2422050CE.NFO,02/01/2024,11:12:09,0.45,0.4,243080,0.45,168920,2960,1938320
FINNIFTY02JAN2422050CE.NFO,02/01/2024,11:12:11,0.45,0.4,247560,0.45,182320,0,1938320
FINNIFTY02JAN2422050CE.NFO,02/01/2024,11:12:12,0.4,0.4,247520,0.45,203920,40,1938320
FINNIFTY02JAN2422050CE.NFO,02/01/2024,11:12:14,0.4,0.4,247400,0.45,203920,120,1938320
FINNIFTY02JAN2422050CE.NFO,02/01/2024,11:12:16,0.4,0.4,243720,0.45,189520,80,1938320
FINNIFTY02JAN2422050CE.NFO,02/01/2024,11:12:17,0.45,0.4,241680,0.45,190840,640,1938320
FINNIFTY02JAN2422050CE.NFO,02/01/2024,11:12:19,0.4,0.4,244280,0.45,190840,80,1938320
