Ticker,Date,Time,LTP,BuyPrice,BuyQty,SellPrice,SellQty,LTQ,OpenInterest
FINNIFTY02JAN2422800CE.NFO,02/01/2024,09:15:06,0.4,0.25,8480,0.4,6440,2080,129960
FINNIFTY02JAN2422800CE.NFO,02/01/2024,09:15:06,0.4,0.25,8480,0.4,6440,0,129960
FINNIFTY02JAN2422800CE.NFO,02/01/2024,09:15:06,0.45,0.25,8480,0.4,6440,0,129960
FINNIFTY02JAN2422800CE.NFO,02/01/2024,09:15:06,0.4,0.25,8480,0.4,6440,0,129960
FINNIFTY02JAN2422800CE.NFO,02/01/2024,09:15:19,0.25,0.25,7600,0.4,5960,2080,129960
FINNIFTY02JAN2422800CE.NFO,02/01/2024,09:15:19,0.25,0.25,7600,0.4,5960,0,129960
FINNIFTY02JAN2422800CE.NFO,02/01/2024,09:15:31,0.3,0.3,120,0.35,7240,4920,129960
FINNIFTY02JAN2422800CE.NFO,02/01/2024,09:15:40,0.3,0.3,1920,0.35,9200,360,129960
FINNIFTY02JAN2422800CE.NFO,02/01/2024,09:15:49,0.3,0.3,1920,0.35,9200,0,129960
FINNIFTY02JAN2422800CE.NFO,02/01/2024,09:15:57,0.35,0.3,1960,0.35,7600,1880,129960
FINNIFTY02JAN2422800CE.NFO,02/01/2024,09:16:08,0.3,0.25,45040,0.3,7200,7000,129960
FINNIFTY02JAN2422800CE.NFO,02/01/2024,09:16:16,0.3,0.25,46120,0.3,9880,200,129960
FINNIFTY02JAN2422800CE.NFO,02/01/2024,09:16:24,0.3,0.25,46360,0.3,9120,1240,129960
FINNIFTY02JAN2422800CE.NFO,02/01/2024,09:16:32,0.3,0.25,48160,0.3,9120,0,129960
FINNIFTY02JAN2422800CE.NFO,02/01/2024,09:16:49,0.3,0.25,48360,0.3,3760,8400,129960
FINNIFTY02JAN2422800CE.NFO,02/01/2024,09:16:56,0.25,0.25,46120,0.3,6160,4960,129960
FINNIFTY02JAN2422800CE.NFO,02/01/2024,09:17:04,0.3,0.3,12600,0.35,7640,6160,129960
FINNIFTY02JAN2422800CE.NFO,02/01/2024,09:17:13,0.25,0.3,1040,0.35,14400,19480,129960
FINNIFTY02JAN2422800CE.NFO,02/01/2024,09:17:21,0.3,0.25,59080,0.3,8760,5840,129960
FINNIFTY02JAN2422800CE.NFO,02/01/2024,09:17:28,0.3,0.25,59680,0.3,25880,7080,121000
FINNIFTY02JAN2422800CE.NFO,02/01/2024,09:17:38,0.3,0.25,59680,0.3,25880,0,121000
FINNIFTY02JAN2422800CE.NFO,02/01/2024,09:17:46,0.3,0.25,59680,0.3,26480,0,121000
FINNIFTY02JAN2422800CE.NFO,02/01/2024,09:17:54,0.3,0.25,61000,0.3,30040,1800,121000
FINNIFTY02JAN2422800CE.NFO,02/01/2024,09:18:01,0.25,0.25,61400,0.3,28280,1880,121000
FINNIFTY02JAN2422800CE.NFO,02/01/2024,09:18:08,0.25,0.25,62360,0.3,28040,0,121000
FINNIFTY02JAN2422800CE.NFO,02/01/2024,09:18:15,0.3,0.25,64160,0.3,26240,1800,121000
FINNIFTY02JAN2422800CE.NFO,02/01/2024,09:18:23,0.3,0.25,65960,0.3,19880,1800,121000
FINNIFTY02JAN2422800CE.NFO,02/01/2024,09:18:31,0.3,0.25,67920,0.3,21680,0,121000
FINNIFTY02JAN2422800CE.NFO,02/01/2024,09:19:04,0.3,0.25,69280,0.3,20440,480,121000
FINNIFTY02JAN2422800CE.NFO,02/01/2024,09:19:12,0.25,0.25,67880,0.3,22240,40,121000
FINNIFTY02JAN2422800CE.NFO,02/01/2024,09:19:21,0.25,0.25,67880,0.3,26240,0,121000
FINNIFTY02JAN2422800CE.NFO,02/01/2024,09:19:37,0.25,0.25,76280,0.3,24440,0,121000
FINNIFTY02JAN2422800CE.NFO,02/01/2024,09:19:47,0.25,0.25,76200,0.3,22640,0,121000
FINNIFTY02JAN2422800CE.NFO,02/01/2024,09:20:02,0.25,0.25,76280,0.3,22400,0,121000
FINNIFTY02JAN2422800CE.NFO,02/01/2024,09:20:26,0.3,0.25,76280,0.3,22240,160,126640
FINNIFTY02JAN2422800CE.NFO,02/01/2024,09:20:34,0.3,0.25,76880,0.3,20600,3200,126640
FINNIFTY02JAN2422800CE.NFO,02/01/2024,09:20:42,0.3,0.25,79680,0.3,22520,1600,126640
FINNIFTY02JAN2422800CE.NFO,02/01/2024,09:20:49,0.3,0.25,79680,0.3,18600,2160,126640
FINNIFTY02JAN2422800CE.NFO,02/01/2024,09:20:59,0.3,0.25,80000,0.3,18040,2160,126640
FINNIFTY02JAN2422800CE.NFO,02/01/2024,09:21:11,0.3,0.25,80400,0.3,14680,7000,126640
FINNIFTY02JAN2422800CE.NFO,02/01/2024,09:21:22,0.3,0.3,29520,0.35,28280,8840,126640
FINNIFTY02JAN2422800CE.NFO,02/01/2024,09:21:35,0.3,0.3,61680,0.35,34360,5960,126640
FINNIFTY02JAN2422800CE.NFO,02/01/2024,09:21:46,0.35,0.3,62520,0.35,31160,1840,126640
FINNIFTY02JAN2422800CE.NFO,02/01/2024,09:21:57,0.35,0.3,67280,0.35,31640,4200,126640
FINNIFTY02JAN2422800CE.NFO,02/01/2024,09:22:08,0.35,0.3,68680,0.35,36080,920,126640
FINNIFTY02JAN2422800CE.NFO,02/01/2024,09:22:20,0.35,0.3,68680,0.35,35040,480,126640
FINNIFTY02JAN2422800CE.NFO,02/01/2024,09:22:31,0.35,0.3,68960,0.35,33560,800,126640
FINNIFTY02JAN2422800CE.NFO,02/01/2024,09:22:43,0.35,0.3,68960,0.35,33560,0,126640
FINNIFTY02JAN2422800CE.NFO,02/01/2024,09:23:05,0.35,0.3,68960,0.35,34720,0,126640
FINNIFTY02JAN2422800CE.NFO,02/01/2024,09:23:26,0.35,0.3,68560,0.35,34320,400,139600
FINNIFTY02JAN2422800CE.NFO,02/01/2024,09:23:37,0.3,0.3,67400,0.35,34320,840,139600
FINNIFTY02JAN2422800CE.NFO,02/01/2024,09:23:47,0.35,0.3,68040,0.35,36080,40,139600
FINNIFTY02JAN2422800CE.NFO,02/01/2024,09:23:58,0.3,0.3,58280,0.35,47880,9800,139600
FINNIFTY02JAN2422800CE.NFO,02/01/2024,09:24:09,0.3,0.3,51280,0.35,46000,3440,139600
FINNIFTY02JAN2422800CE.NFO,02/01/2024,09:24:19,0.3,0.3,51800,0.35,46000,560,139600
FINNIFTY02JAN2422800CE.NFO,02/01/2024,09:24:31,0.3,0.3,51760,0.35,48800,40,139600
FINNIFTY02JAN2422800CE.NFO,02/01/2024,09:24:41,0.3,0.3,27120,0.35,50640,0,139600
FINNIFTY02JAN2422800CE.NFO,02/01/2024,09:24:52,0.3,0.3,19560,0.35,48800,0,139600
FINNIFTY02JAN2422800CE.NFO,02/01/2024,09:25:03,0.3,0.3,18080,0.35,48400,1880,139600
FINNIFTY02JAN2422800CE.NFO,02/01/2024,09:25:14,0.3,0.3,17800,0.35,48400,280,139600
FINNIFTY02JAN2422800CE.NFO,02/01/2024,09:25:25,0.3,0.3,6400,0.35,46080,9400,139600
FINNIFTY02JAN2422800CE.NFO,02/01/2024,09:25:36,0.25,0.25,90520,0.3,11840,9880,139600
FINNIFTY02JAN2422800CE.NFO,02/01/2024,09:25:47,0.25,0.25,90240,0.3,13640,280,139600
FINNIFTY02JAN2422800CE.NFO,02/01/2024,09:25:58,0.25,0.25,90200,0.3,13640,0,139600
FINNIFTY02JAN2422800CE.NFO,02/01/2024,09:26:08,0.3,0.25,90240,0.3,13480,40,139600
FINNIFTY02JAN2422800CE.NFO,02/01/2024,09:26:21,0.3,0.25,98840,0.3,16640,4840,139600
FINNIFTY02JAN2422800CE.NFO,02/01/2024,09:26:33,0.3,0.25,98480,0.3,9800,4440,133880
FINNIFTY02JAN2422800CE.NFO,02/01/2024,09:26:45,0.25,0.25,98200,0.3,9520,320,133880
FINNIFTY02JAN2422800CE.NFO,02/01/2024,09:26:58,0.3,0.25,96880,0.3,9240,1560,133880
FINNIFTY02JAN2422800CE.NFO,02/01/2024,09:27:10,0.25,0.25,96680,0.3,12800,200,133880
FINNIFTY02JAN2422800CE.NFO,02/01/2024,09:27:21,0.25,0.25,96680,0.3,12800,0,133880
FINNIFTY02JAN2422800CE.NFO,02/01/2024,09:27:43,0.25,0.25,95800,0.3,13400,880,133880
FINNIFTY02JAN2422800CE.NFO,02/01/2024,09:27:54,0.25,0.25,94080,0.3,15200,1720,133880
FINNIFTY02JAN2422800CE.NFO,02/01/2024,09:28:07,0.25,0.25,94080,0.3,15200,0,133880
FINNIFTY02JAN2422800CE.NFO,02/01/2024,09:28:19,0.25,0.25,95880,0.3,15200,0,133880
FINNIFTY02JAN2422800CE.NFO,02/01/2024,09:28:42,0.25,0.25,95400,0.3,15200,0,133880
FINNIFTY02JAN2422800CE.NFO,02/01/2024,09:29:06,0.25,0.25,88200,0.3,15440,0,133880
FINNIFTY02JAN2422800CE.NFO,02/01/2024,09:29:17,0.25,0.25,86840,0.3,17240,1360,133880
FINNIFTY02JAN2422800CE.NFO,02/01/2024,09:29:29,0.25,0.25,86840,0.3,17240,0,133880
FINNIFTY02JAN2422800CE.NFO,02/01/2024,09:30:15,0.25,0.25,85200,0.3,17240,0,133880
FINNIFTY02JAN2422800CE.NFO,02/01/2024,09:30:28,0.25,0.25,78000,0.3,17240,0,133880
FINNIFTY02JAN2422800CE.NFO,02/01/2024,09:31:46,0.25,0.25,78600,0.3,17240,0,133880
FINNIFTY02JAN2422800CE.NFO,02/01/2024,09:31:56,0.3,0.25,78000,0.3,17200,40,133080
FINNIFTY02JAN2422800CE.NFO,02/01/2024,09:32:08,0.3,0.25,78000,0.3,17200,0,133080
FINNIFTY02JAN2422800CE.NFO,02/01/2024,09:32:30,0.3,0.25,79200,0.3,21920,80,133080
FINNIFTY02JAN2422800CE.NFO,02/01/2024,09:32:42,0.3,0.25,79200,0.3,21920,0,133080
FINNIFTY02JAN2422800CE.NFO,02/01/2024,09:33:48,0.3,0.25,82800,0.3,21520,400,133080
FINNIFTY02JAN2422800CE.NFO,02/01/2024,09:34:11,0.3,0.25,86800,0.3,21520,0,133080
FINNIFTY02JAN2422800CE.NFO,02/01/2024,09:34:32,0.3,0.25,86960,0.3,24880,240,133080
FINNIFTY02JAN2422800CE.NFO,02/01/2024,09:34:42,0.3,0.25,86960,0.3,24760,120,133080
FINNIFTY02JAN2422800CE.NFO,02/01/2024,09:34:53,0.3,0.25,86960,0.3,29760,0,133080
FINNIFTY02JAN2422800CE.NFO,02/01/2024,09:35:55,0.3,0.25,86960,0.3,28800,960,133080
FINNIFTY02JAN2422800CE.NFO,02/01/2024,09:36:06,0.3,0.25,86960,0.3,27200,1600,133080
FINNIFTY02JAN2422800CE.NFO,02/01/2024,09:36:39,0.3,0.25,86960,0.3,27200,0,133080
FINNIFTY02JAN2422800CE.NFO,02/01/2024,09:36:50,0.3,0.25,86880,0.3,27160,0,133080
FINNIFTY02JAN2422800CE.NFO,02/01/2024,09:37:01,0.3,0.25,87280,0.3,27400,0,133080
FINNIFTY02JAN2422800CE.NFO,02/01/2024,09:38:13,0.3,0.25,87280,0.3,27440,0,133080
FINNIFTY02JAN2422800CE.NFO,02/01/2024,09:39:07,0.25,0.25,85440,0.3,29000,1840,132680
FINNIFTY02JAN2422800CE.NFO,02/01/2024,09:39:18,0.25,0.25,72840,0.3,29000,0,132680
FINNIFTY02JAN2422800CE.NFO,02/01/2024,09:39:29,0.25,0.25,62000,0.3,29240,280,132680
FINNIFTY02JAN2422800CE.NFO,02/01/2024,09:39:39,0.25,0.25,51080,0.3,29240,240,132680
FINNIFTY02JAN2422800CE.NFO,02/01/2024,09:39:50,0.25,0.25,52520,0.3,29640,0,132680
FINNIFTY02JAN2422800CE.NFO,02/01/2024,09:40:01,0.25,0.25,51280,0.3,29640,0,132680
FINNIFTY02JAN2422800CE.NFO,02/01/2024,09:40:39,0.25,0.25,51280,0.3,29200,0,132680
FINNIFTY02JAN2422800CE.NFO,02/01/2024,09:40:52,0.3,0.25,51280,0.3,31200,40,132680
FINNIFTY02JAN2422800CE.NFO,02/01/2024,09:41:05,0.3,0.25,51280,0.3,31520,0,132680
FINNIFTY02JAN2422800CE.NFO,02/01/2024,09:41:16,0.3,0.25,52280,0.3,30800,0,132680
FINNIFTY02JAN2422800CE.NFO,02/01/2024,09:41:27,0.3,0.25,52280,0.3,30400,0,132680
FINNIFTY02JAN2422800CE.NFO,02/01/2024,09:41:38,0.3,0.25,59680,0.3,29160,0,132680
FINNIFTY02JAN2422800CE.NFO,02/01/2024,09:41:49,0.3,0.25,59680,0.3,29960,0,132680
FINNIFTY02JAN2422800CE.NFO,02/01/2024,09:42:00,0.3,0.25,59680,0.3,30080,0,132680
FINNIFTY02JAN2422800CE.NFO,02/01/2024,09:42:22,0.3,0.25,59800,0.3,30320,0,132680
FINNIFTY02JAN2422800CE.NFO,02/01/2024,09:43:40,0.3,0.25,59800,0.3,30520,160,134760
FINNIFTY02JAN2422800CE.NFO,02/01/2024,09:43:51,0.25,0.25,59880,0.3,32320,80,134760
FINNIFTY02JAN2422800CE.NFO,02/01/2024,09:44:02,0.25,0.25,59880,0.3,32320,0,134760
FINNIFTY02JAN2422800CE.NFO,02/01/2024,09:44:13,0.3,0.25,59680,0.3,32200,120,134760
FINNIFTY02JAN2422800CE.NFO,02/01/2024,09:44:25,0.3,0.25,59880,0.3,33160,40,134760
FINNIFTY02JAN2422800CE.NFO,02/01/2024,09:44:45,0.3,0.25,59880,0.3,32720,200,134600
FINNIFTY02JAN2422800CE.NFO,02/01/2024,09:44:55,0.3,0.25,59880,0.3,32680,40,134600
FINNIFTY02JAN2422800CE.NFO,02/01/2024,09:45:17,0.3,0.25,58880,0.3,32920,0,134600
FINNIFTY02JAN2422800CE.NFO,02/01/2024,09:45:39,0.3,0.25,58680,0.3,32920,0,134600
FINNIFTY02JAN2422800CE.NFO,02/01/2024,09:45:50,0.3,0.25,58880,0.3,32920,0,134600
FINNIFTY02JAN2422800CE.NFO,02/01/2024,09:46:33,0.3,0.25,58680,0.3,32920,0,134600
FINNIFTY02JAN2422800CE.NFO,02/01/2024,09:47:05,0.3,0.25,58560,0.3,32680,360,134600
FINNIFTY02JAN2422800CE.NFO,02/01/2024,09:47:15,0.25,0.25,65520,0.3,32440,400,134600
FINNIFTY02JAN2422800CE.NFO,02/01/2024,09:47:26,0.25,0.25,67320,0.3,32440,0,134600
FINNIFTY02JAN2422800CE.NFO,02/01/2024,09:47:59,0.3,0.25,67440,0.3,32000,440,134600
FINNIFTY02JAN2422800CE.NFO,02/01/2024,09:48:20,0.25,0.25,65640,0.3,32000,3600,134600
FINNIFTY02JAN2422800CE.NFO,02/01/2024,09:48:30,0.3,0.25,64400,0.3,32960,5840,134600
FINNIFTY02JAN2422800CE.NFO,02/01/2024,09:48:50,0.25,0.25,64000,0.3,33800,400,134600
FINNIFTY02JAN2422800CE.NFO,02/01/2024,09:49:10,0.25,0.25,64000,0.3,33800,0,134600
FINNIFTY02JAN2422800CE.NFO,02/01/2024,09:49:21,0.25,0.25,63920,0.3,33800,80,134600
FINNIFTY02JAN2422800CE.NFO,02/01/2024,09:49:31,0.25,0.25,63920,0.3,32800,0,134600
FINNIFTY02JAN2422800CE.NFO,02/01/2024,09:50:01,0.25,0.25,56720,0.3,32800,0,134600
FINNIFTY02JAN2422800CE.NFO,02/01/2024,09:50:11,0.25,0.25,57320,0.3,32760,0,134600
FINNIFTY02JAN2422800CE.NFO,02/01/2024,09:50:21,0.25,0.25,56520,0.3,33560,800,134600
FINNIFTY02JAN2422800CE.NFO,02/01/2024,09:50:52,0.25,0.25,56520,0.3,39800,0,134600
FINNIFTY02JAN2422800CE.NFO,02/01/2024,09:51:13,0.25,0.25,56200,0.3,39800,320,135040
FINNIFTY02JAN2422800CE.NFO,02/01/2024,09:51:35,0.25,0.25,56200,0.3,43400,0,135040
FINNIFTY02JAN2422800CE.NFO,02/01/2024,09:51:56,0.25,0.25,56200,0.3,39800,0,135040
FINNIFTY02JAN2422800CE.NFO,02/01/2024,09:52:06,0.3,0.25,55800,0.3,39400,400,135040
FINNIFTY02JAN2422800CE.NFO,02/01/2024,09:52:17,0.3,0.25,54800,0.3,39400,0,135040
FINNIFTY02JAN2422800CE.NFO,02/01/2024,09:52:37,0.3,0.25,57840,0.3,39160,0,135040
FINNIFTY02JAN2422800CE.NFO,02/01/2024,09:52:47,0.3,0.25,60240,0.3,39160,0,135040
FINNIFTY02JAN2422800CE.NFO,02/01/2024,09:52:57,0.25,0.25,50600,0.3,39160,9000,135040
FINNIFTY02JAN2422800CE.NFO,02/01/2024,09:53:08,0.25,0.25,43200,0.3,44080,7040,135040
FINNIFTY02JAN2422800CE.NFO,02/01/2024,09:53:18,0.25,0.25,43200,0.3,49480,0,135040
FINNIFTY02JAN2422800CE.NFO,02/01/2024,09:53:28,0.25,0.25,43120,0.3,51280,80,135040
FINNIFTY02JAN2422800CE.NFO,02/01/2024,09:53:39,0.25,0.25,40840,0.3,51280,160,139880
FINNIFTY02JAN2422800CE.NFO,02/01/2024,09:53:50,0.25,0.25,34920,0.3,50680,3520,139880
FINNIFTY02JAN2422800CE.NFO,02/01/2024,09:54:00,0.25,0.25,34920,0.3,50680,0,139880
FINNIFTY02JAN2422800CE.NFO,02/01/2024,09:54:10,0.25,0.25,31320,0.3,50680,3600,139880
FINNIFTY02JAN2422800CE.NFO,02/01/2024,09:54:20,0.25,0.25,22880,0.3,51640,15960,139880
FINNIFTY02JAN2422800CE.NFO,02/01/2024,09:54:31,0.3,0.25,22880,0.3,59280,160,139880
FINNIFTY02JAN2422800CE.NFO,02/01/2024,09:54:41,0.3,0.25,24320,0.3,59280,360,139880
FINNIFTY02JAN2422800CE.NFO,02/01/2024,09:54:53,0.3,0.25,24040,0.3,59280,0,139880
FINNIFTY02JAN2422800CE.NFO,02/01/2024,09:55:06,0.25,0.25,10840,0.3,73240,15920,139880
FINNIFTY02JAN2422800CE.NFO,02/01/2024,09:55:17,0.25,0.25,9400,0.3,73240,0,139880
FINNIFTY02JAN2422800CE.NFO,02/01/2024,09:55:29,0.3,0.25,14800,0.3,67160,6080,139880
FINNIFTY02JAN2422800CE.NFO,02/01/2024,09:55:42,0.25,0.25,21360,0.3,65880,1520,139880
FINNIFTY02JAN2422800CE.NFO,02/01/2024,09:55:53,0.3,0.25,21360,0.3,64480,1400,139880
FINNIFTY02JAN2422800CE.NFO,02/01/2024,09:56:06,0.3,0.25,17680,0.3,51440,14880,139880
FINNIFTY02JAN2422800CE.NFO,02/01/2024,09:56:20,0.3,0.25,34040,0.3,50920,2320,139880
FINNIFTY02JAN2422800CE.NFO,02/01/2024,09:56:33,0.3,0.25,79680,0.3,51320,2400,166360
FINNIFTY02JAN2422800CE.NFO,02/01/2024,09:56:46,0.25,0.25,88520,0.3,53480,2120,166360
FINNIFTY02JAN2422800CE.NFO,02/01/2024,09:57:00,0.3,0.25,86840,0.3,54480,2120,166360
FINNIFTY02JAN2422800CE.NFO,02/01/2024,09:57:13,0.3,0.25,85680,0.3,59680,1120,166360
FINNIFTY02JAN2422800CE.NFO,02/01/2024,09:57:26,0.25,0.25,77760,0.3,47720,1640,166360
FINNIFTY02JAN2422800CE.NFO,02/01/2024,09:57:39,0.3,0.25,88760,0.3,57280,600,166360
FINNIFTY02JAN2422800CE.NFO,02/01/2024,09:57:51,0.3,0.25,89120,0.3,49560,160,166360
FINNIFTY02JAN2422800CE.NFO,02/01/2024,09:58:02,0.3,0.25,89520,0.3,52040,1240,166360
FINNIFTY02JAN2422800CE.NFO,02/01/2024,09:58:14,0.3,0.25,89520,0.3,50680,1840,166360
FINNIFTY02JAN2422800CE.NFO,02/01/2024,09:58:25,0.25,0.25,89240,0.3,52840,5080,166360
FINNIFTY02JAN2422800CE.NFO,02/01/2024,09:58:37,0.35,0.3,30360,0.35,21000,40560,166360
FINNIFTY02JAN2422800CE.NFO,02/01/2024,09:58:49,0.35,0.3,94720,0.35,64080,200,166360
FINNIFTY02JAN2422800CE.NFO,02/01/2024,09:58:59,0.35,0.3,90320,0.35,54680,160,166360
FINNIFTY02JAN2422800CE.NFO,02/01/2024,09:59:10,0.35,0.3,82040,0.35,47560,0,166360
FINNIFTY02JAN2422800CE.NFO,02/01/2024,09:59:22,0.35,0.3,87480,0.35,59600,0,166360
FINNIFTY02JAN2422800CE.NFO,02/01/2024,09:59:33,0.35,0.3,93960,0.35,59600,0,166360
FINNIFTY02JAN2422800CE.NFO,02/01/2024,09:59:44,0.35,0.3,93960,0.35,44960,3600,168160
FINNIFTY02JAN2422800CE.NFO,02/01/2024,09:59:55,0.35,0.3,93480,0.35,47680,7200,168160
FINNIFTY02JAN2422800CE.NFO,02/01/2024,10:00:06,0.35,0.3,93800,0.35,48600,1920,168160
FINNIFTY02JAN2422800CE.NFO,02/01/2024,10:00:17,0.35,0.3,93800,0.35,46800,1800,168160
FINNIFTY02JAN2422800CE.NFO,02/01/2024,10:00:29,0.35,0.3,93760,0.35,44560,2000,168160
FINNIFTY02JAN2422800CE.NFO,02/01/2024,10:00:41,0.35,0.3,95600,0.35,38600,9800,168160
FINNIFTY02JAN2422800CE.NFO,02/01/2024,10:00:52,0.35,0.3,93800,0.35,31280,5280,168160
FINNIFTY02JAN2422800CE.NFO,02/01/2024,10:01:03,0.35,0.3,93800,0.35,27320,2400,168160
FINNIFTY02JAN2422800CE.NFO,02/01/2024,10:01:14,0.35,0.3,91960,0.35,22720,1000,168160
FINNIFTY02JAN2422800CE.NFO,02/01/2024,10:01:26,0.35,0.35,21640,0.4,22080,38040,168160
FINNIFTY02JAN2422800CE.NFO,02/01/2024,10:01:37,0.35,0.35,21640,0.4,22800,0,168160
FINNIFTY02JAN2422800CE.NFO,02/01/2024,10:01:59,0.35,0.35,21600,0.4,22800,40,168160
FINNIFTY02JAN2422800CE.NFO,02/01/2024,10:02:10,0.35,0.35,21600,0.4,22800,0,168160
FINNIFTY02JAN2422800CE.NFO,02/01/2024,10:02:21,0.35,0.35,17360,0.4,22800,600,168160
FINNIFTY02JAN2422800CE.NFO,02/01/2024,10:02:31,0.35,0.35,17160,0.4,22800,200,171840
FINNIFTY02JAN2422800CE.NFO,02/01/2024,10:02:42,0.35,0.35,15960,0.4,23600,1200,171840
FINNIFTY02JAN2422800CE.NFO,02/01/2024,10:02:53,0.35,0.35,15960,0.4,23640,0,171840
FINNIFTY02JAN2422800CE.NFO,02/01/2024,10:03:17,0.35,0.35,13200,0.4,26200,5520,171840
FINNIFTY02JAN2422800CE.NFO,02/01/2024,10:03:29,0.35,0.3,88240,0.35,11520,16600,171840
FINNIFTY02JAN2422800CE.NFO,02/01/2024,10:03:41,0.35,0.3,89080,0.35,11880,2280,171840
FINNIFTY02JAN2422800CE.NFO,02/01/2024,10:03:52,0.3,0.3,86120,0.35,18760,2560,171840
FINNIFTY02JAN2422800CE.NFO,02/01/2024,10:04:03,0.3,0.3,88080,0.35,19040,0,171840
FINNIFTY02JAN2422800CE.NFO,02/01/2024,10:04:26,0.3,0.3,97720,0.35,19040,240,171840
FINNIFTY02JAN2422800CE.NFO,02/01/2024,10:04:37,0.3,0.3,90240,0.35,21000,480,171840
FINNIFTY02JAN2422800CE.NFO,02/01/2024,10:04:49,0.35,0.3,81240,0.35,21200,40,171840
FINNIFTY02JAN2422800CE.NFO,02/01/2024,10:05:00,0.3,0.3,73240,0.35,25640,3000,171840
FINNIFTY02JAN2422800CE.NFO,02/01/2024,10:05:11,0.3,0.3,80120,0.35,25400,0,171840
FINNIFTY02JAN2422800CE.NFO,02/01/2024,10:05:33,0.3,0.3,47720,0.35,25080,0,171840
FINNIFTY02JAN2422800CE.NFO,02/01/2024,10:05:44,0.35,0.3,47720,0.35,24760,320,173240
FINNIFTY02JAN2422800CE.NFO,02/01/2024,10:05:55,0.3,0.3,40720,0.35,24760,200,173240
FINNIFTY02JAN2422800CE.NFO,02/01/2024,10:06:06,0.3,0.3,33120,0.35,25520,40,173240
FINNIFTY02JAN2422800CE.NFO,02/01/2024,10:06:17,0.3,0.3,48800,0.35,25960,0,173240
FINNIFTY02JAN2422800CE.NFO,02/01/2024,10:06:30,0.3,0.3,34040,0.35,28440,920,173240
FINNIFTY02JAN2422800CE.NFO,02/01/2024,10:06:42,0.3,0.3,33120,0.35,28440,920,173240
FINNIFTY02JAN2422800CE.NFO,02/01/2024,10:06:53,0.35,0.3,47000,0.35,28360,80,173240
FINNIFTY02JAN2422800CE.NFO,02/01/2024,10:07:04,0.35,0.3,47000,0.35,27600,520,173240
FINNIFTY02JAN2422800CE.NFO,02/01/2024,10:07:16,0.35,0.3,46400,0.35,27400,720,173240
FINNIFTY02JAN2422800CE.NFO,02/01/2024,10:07:27,0.35,0.3,46360,0.35,27680,160,173240
FINNIFTY02JAN2422800CE.NFO,02/01/2024,10:07:38,0.3,0.3,38360,0.35,27440,1200,173240
FINNIFTY02JAN2422800CE.NFO,02/01/2024,10:07:49,0.3,0.3,45000,0.35,29480,160,173240
FINNIFTY02JAN2422800CE.NFO,02/01/2024,10:08:01,0.3,0.3,44840,0.35,29000,160,173240
FINNIFTY02JAN2422800CE.NFO,02/01/2024,10:08:12,0.3,0.3,37800,0.35,29240,240,173240
FINNIFTY02JAN2422800CE.NFO,02/01/2024,10:08:23,0.3,0.3,44600,0.35,29480,0,173240
FINNIFTY02JAN2422800CE.NFO,02/01/2024,10:08:45,0.35,0.3,44600,0.35,31320,280,174040
FINNIFTY02JAN2422800CE.NFO,02/01/2024,10:08:56,0.35,0.3,44600,0.35,29200,80,174040
FINNIFTY02JAN2422800CE.NFO,02/01/2024,10:09:08,0.35,0.3,44520,0.35,29120,80,174040
FINNIFTY02JAN2422800CE.NFO,02/01/2024,10:09:19,0.35,0.3,44240,0.35,29520,0,174040
FINNIFTY02JAN2422800CE.NFO,02/01/2024,10:09:31,0.35,0.3,44240,0.35,29760,0,174040
FINNIFTY02JAN2422800CE.NFO,02/01/2024,10:09:42,0.35,0.3,44240,0.35,31240,0,174040
FINNIFTY02JAN2422800CE.NFO,02/01/2024,10:09:54,0.35,0.3,44240,0.35,31200,40,174040
FINNIFTY02JAN2422800CE.NFO,02/01/2024,10:10:05,0.3,0.3,18160,0.35,32320,10400,174040
FINNIFTY02JAN2422800CE.NFO,02/01/2024,10:10:16,0.3,0.3,14560,0.35,32320,3600,174040
FINNIFTY02JAN2422800CE.NFO,02/01/2024,10:10:27,0.3,0.3,30880,0.35,32320,0,174040
FINNIFTY02JAN2422800CE.NFO,02/01/2024,10:10:38,0.3,0.3,29080,0.35,32320,0,174040
FINNIFTY02JAN2422800CE.NFO,02/01/2024,10:10:50,0.3,0.3,7560,0.35,32320,5200,174040
FINNIFTY02JAN2422800CE.NFO,02/01/2024,10:11:02,0.3,0.3,22840,0.35,44080,1480,174040
FINNIFTY02JAN2422800CE.NFO,02/01/2024,10:11:12,0.3,0.3,22800,0.35,44080,0,174040
FINNIFTY02JAN2422800CE.NFO,02/01/2024,10:11:45,0.3,0.3,6320,0.35,44760,160,189640
FINNIFTY02JAN2422800CE.NFO,02/01/2024,10:11:56,0.3,0.25,77880,0.3,35440,6480,189640
FINNIFTY02JAN2422800CE.NFO,02/01/2024,10:12:06,0.25,0.25,70800,0.3,35920,40,189640
FINNIFTY02JAN2422800CE.NFO,02/01/2024,10:12:16,0.25,0.25,78240,0.3,37720,0,189640
FINNIFTY02JAN2422800CE.NFO,02/01/2024,10:12:26,0.25,0.25,67440,0.3,42080,0,189640
FINNIFTY02JAN2422800CE.NFO,02/01/2024,10:12:37,0.25,0.25,62040,0.3,42080,0,189640
FINNIFTY02JAN2422800CE.NFO,02/01/2024,10:12:49,0.25,0.25,54000,0.3,49280,0,189640
FINNIFTY02JAN2422800CE.NFO,02/01/2024,10:13:00,0.25,0.25,56520,0.3,51040,1840,189640
FINNIFTY02JAN2422800CE.NFO,02/01/2024,10:13:11,0.25,0.25,50400,0.3,55040,0,189640
FINNIFTY02JAN2422800CE.NFO,02/01/2024,10:13:43,0.25,0.25,50160,0.3,55040,0,189640
FINNIFTY02JAN2422800CE.NFO,02/01/2024,10:13:54,0.25,0.25,51720,0.3,53240,0,189640
FINNIFTY02JAN2422800CE.NFO,02/01/2024,10:14:04,0.3,0.25,46320,0.3,53200,40,189640
FINNIFTY02JAN2422800CE.NFO,02/01/2024,10:14:25,0.3,0.25,44440,0.3,55120,120,189640
FINNIFTY02JAN2422800CE.NFO,02/01/2024,10:14:35,0.3,0.25,44960,0.3,54680,200,189640
FINNIFTY02JAN2422800CE.NFO,02/01/2024,10:14:46,0.3,0.25,44960,0.3,41920,400,196080
FINNIFTY02JAN2422800CE.NFO,02/01/2024,10:14:56,0.3,0.25,44920,0.3,41560,120,196080
FINNIFTY02JAN2422800CE.NFO,02/01/2024,10:15:16,0.3,0.25,44920,0.3,41560,0,196080
FINNIFTY02JAN2422800CE.NFO,02/01/2024,10:15:37,0.3,0.25,43120,0.3,54160,0,196080
FINNIFTY02JAN2422800CE.NFO,02/01/2024,10:16:08,0.3,0.25,45920,0.3,55760,200,196080
FINNIFTY02JAN2422800CE.NFO,02/01/2024,10:17:33,0.25,0.25,38720,0.3,55760,400,195640
FINNIFTY02JAN2422800CE.NFO,02/01/2024,10:17:44,0.25,0.25,45520,0.3,66560,0,195640
FINNIFTY02JAN2422800CE.NFO,02/01/2024,10:17:54,0.3,0.25,45520,0.3,66800,40,195640
FINNIFTY02JAN2422800CE.NFO,02/01/2024,10:19:00,0.3,0.25,45520,0.3,66800,0,195640
FINNIFTY02JAN2422800CE.NFO,02/01/2024,10:19:30,0.3,0.25,101880,0.3,66520,0,195640
FINNIFTY02JAN2422800CE.NFO,02/01/2024,10:19:40,0.3,0.25,47880,0.3,66520,0,195640
FINNIFTY02JAN2422800CE.NFO,02/01/2024,10:20:57,0.25,0.25,14480,0.3,95200,36960,195640
FINNIFTY02JAN2422800CE.NFO,02/01/2024,10:21:06,0.25,0.25,14480,0.3,95160,0,195640
FINNIFTY02JAN2422800CE.NFO,02/01/2024,10:22:38,0.25,0.25,16240,0.3,95160,40,195640
FINNIFTY02JAN2422800CE.NFO,02/01/2024,10:23:28,0.3,0.25,16240,0.3,95040,120,195640
FINNIFTY02JAN2422800CE.NFO,02/01/2024,10:24:11,0.3,0.25,16240,0.3,94840,200,231720
FINNIFTY02JAN2422800CE.NFO,02/01/2024,10:25:01,0.3,0.25,16240,0.3,95400,0,231720
FINNIFTY02JAN2422800CE.NFO,02/01/2024,10:25:42,0.25,0.25,16080,0.3,95440,160,231720
FINNIFTY02JAN2422800CE.NFO,02/01/2024,10:26:02,0.25,0.25,16080,0.3,99040,0,231720
FINNIFTY02JAN2422800CE.NFO,02/01/2024,10:26:44,0.25,0.25,18600,0.3,99040,0,231720
FINNIFTY02JAN2422800CE.NFO,02/01/2024,10:27:05,0.25,0.25,18600,0.3,95440,0,231720
FINNIFTY02JAN2422800CE.NFO,02/01/2024,10:27:17,0.25,0.25,17920,0.3,95440,1600,231720
FINNIFTY02JAN2422800CE.NFO,02/01/2024,10:27:28,0.25,0.25,17920,0.3,93640,0,231720
FINNIFTY02JAN2422800CE.NFO,02/01/2024,10:27:48,0.25,0.25,26920,0.3,91840,0,231720
FINNIFTY02JAN2422800CE.NFO,02/01/2024,10:27:58,0.25,0.25,26920,0.3,90040,0,231720
FINNIFTY02JAN2422800CE.NFO,02/01/2024,10:28:18,0.3,0.25,26920,0.3,88920,1120,231720
FINNIFTY02JAN2422800CE.NFO,02/01/2024,10:28:28,0.3,0.25,26920,0.3,89320,0,231720
FINNIFTY02JAN2422800CE.NFO,02/01/2024,10:29:46,0.3,0.25,26920,0.3,87520,1800,231720
FINNIFTY02JAN2422800CE.NFO,02/01/2024,10:30:22,0.3,0.25,26920,0.3,89520,0,231720
FINNIFTY02JAN2422800CE.NFO,02/01/2024,10:30:32,0.25,0.25,28200,0.3,87480,520,231720
FINNIFTY02JAN2422800CE.NFO,02/01/2024,10:30:41,0.25,0.25,30000,0.3,89040,0,231720
FINNIFTY02JAN2422800CE.NFO,02/01/2024,10:32:37,0.3,0.25,30000,0.3,88080,1800,231720
FINNIFTY02JAN2422800CE.NFO,02/01/2024,10:32:56,0.3,0.25,28200,0.3,88080,0,231720
FINNIFTY02JAN2422800CE.NFO,02/01/2024,10:35:06,0.3,0.25,28200,0.3,87960,120,228120
FINNIFTY02JAN2422800CE.NFO,02/01/2024,10:35:24,0.3,0.25,28200,0.3,87560,0,228120
FINNIFTY02JAN2422800CE.NFO,02/01/2024,10:36:08,0.3,0.25,28200,0.3,86080,0,228120
FINNIFTY02JAN2422800CE.NFO,02/01/2024,10:36:29,0.3,0.25,28200,0.3,85880,200,228120
FINNIFTY02JAN2422800CE.NFO,02/01/2024,10:37:26,0.25,0.25,26200,0.3,85880,2000,228120
FINNIFTY02JAN2422800CE.NFO,02/01/2024,10:37:37,0.25,0.25,26320,0.3,85880,0,228120
FINNIFTY02JAN2422800CE.NFO,02/01/2024,10:39:37,0.3,0.25,28200,0.3,82680,1400,228120
FINNIFTY02JAN2422800CE.NFO,02/01/2024,10:41:41,0.3,0.25,28200,0.3,82200,480,226720
FINNIFTY02JAN2422800CE.NFO,02/01/2024,10:42:21,0.3,0.25,28200,0.3,84400,0,226720
FINNIFTY02JAN2422800CE.NFO,02/01/2024,10:42:41,0.25,0.25,24600,0.3,86560,3600,226720
FINNIFTY02JAN2422800CE.NFO,02/01/2024,10:44:20,0.25,0.25,21000,0.3,86560,0,226720
FINNIFTY02JAN2422800CE.NFO,02/01/2024,10:44:30,0.25,0.25,15600,0.3,86560,0,226720
FINNIFTY02JAN2422800CE.NFO,02/01/2024,10:44:41,0.25,0.25,15600,0.3,84280,0,226720
FINNIFTY02JAN2422800CE.NFO,02/01/2024,10:44:51,0.25,0.25,13280,0.3,86080,240,226040
FINNIFTY02JAN2422800CE.NFO,02/01/2024,10:45:49,0.25,0.25,13560,0.3,86080,0,226040
FINNIFTY02JAN2422800CE.NFO,02/01/2024,10:46:08,0.25,0.25,11200,0.3,86080,280,226040
FINNIFTY02JAN2422800CE.NFO,02/01/2024,10:46:47,0.3,0.25,13000,0.3,85920,440,226040
FINNIFTY02JAN2422800CE.NFO,02/01/2024,10:46:56,0.3,0.25,13000,0.3,85840,80,226040
FINNIFTY02JAN2422800CE.NFO,02/01/2024,10:47:07,0.3,0.25,13000,0.3,85920,160,226040
FINNIFTY02JAN2422800CE.NFO,02/01/2024,10:47:16,0.3,0.25,13000,0.3,85880,40,226040
FINNIFTY02JAN2422800CE.NFO,02/01/2024,10:47:35,0.3,0.25,13000,0.3,85600,40,226040
FINNIFTY02JAN2422800CE.NFO,02/01/2024,10:47:44,0.25,0.25,12960,0.3,85600,40,225680
FINNIFTY02JAN2422800CE.NFO,02/01/2024,10:48:50,0.3,0.25,12960,0.3,85400,200,225680
FINNIFTY02JAN2422800CE.NFO,02/01/2024,10:48:59,0.3,0.25,12960,0.3,85360,40,225680
FINNIFTY02JAN2422800CE.NFO,02/01/2024,10:49:10,0.3,0.25,13000,0.3,87080,80,225680
FINNIFTY02JAN2422800CE.NFO,02/01/2024,10:49:20,0.3,0.25,13000,0.3,87040,280,225680
FINNIFTY02JAN2422800CE.NFO,02/01/2024,10:49:31,0.3,0.25,13000,0.3,86800,240,225680
FINNIFTY02JAN2422800CE.NFO,02/01/2024,10:49:40,0.3,0.25,13000,0.3,86600,200,225680
FINNIFTY02JAN2422800CE.NFO,02/01/2024,10:49:49,0.3,0.25,13000,0.3,86520,80,225680
FINNIFTY02JAN2422800CE.NFO,02/01/2024,10:49:58,0.3,0.25,13000,0.3,86680,0,225680
FINNIFTY02JAN2422800CE.NFO,02/01/2024,10:51:48,0.25,0.25,12800,0.3,86680,200,226760
FINNIFTY02JAN2422800CE.NFO,02/01/2024,10:51:57,0.25,0.25,12320,0.3,74080,480,226760
FINNIFTY02JAN2422800CE.NFO,02/01/2024,10:52:45,0.25,0.25,12320,0.3,75720,0,226760
FINNIFTY02JAN2422800CE.NFO,02/01/2024,10:53:23,0.25,0.25,12200,0.3,75480,0,226760
FINNIFTY02JAN2422800CE.NFO,02/01/2024,10:53:32,0.3,0.25,12200,0.3,75320,320,226760
FINNIFTY02JAN2422800CE.NFO,02/01/2024,10:53:41,0.3,0.25,12200,0.3,73360,0,226760
FINNIFTY02JAN2422800CE.NFO,02/01/2024,10:53:50,0.25,0.25,12160,0.3,73360,40,227160
FINNIFTY02JAN2422800CE.NFO,02/01/2024,10:54:00,0.25,0.25,12000,0.3,73600,160,227160
FINNIFTY02JAN2422800CE.NFO,02/01/2024,10:54:09,0.25,0.25,10800,0.3,73600,0,227160
FINNIFTY02JAN2422800CE.NFO,02/01/2024,10:54:19,0.25,0.25,10200,0.3,73600,600,227160
FINNIFTY02JAN2422800CE.NFO,02/01/2024,10:56:27,0.3,0.25,10200,0.3,73480,120,227160
FINNIFTY02JAN2422800CE.NFO,02/01/2024,10:56:47,0.3,0.25,10440,0.3,74880,400,227280
FINNIFTY02JAN2422800CE.NFO,02/01/2024,10:57:08,0.25,0.25,10040,0.3,74880,400,227280
FINNIFTY02JAN2422800CE.NFO,02/01/2024,10:57:48,0.25,0.25,9720,0.3,76360,320,227280
FINNIFTY02JAN2422800CE.NFO,02/01/2024,10:57:59,0.3,0.25,9720,0.3,74040,280,227280
FINNIFTY02JAN2422800CE.NFO,02/01/2024,10:58:09,0.3,0.25,9720,0.3,75840,240,227280
FINNIFTY02JAN2422800CE.NFO,02/01/2024,10:58:19,0.3,0.25,11520,0.3,75720,120,227280
FINNIFTY02JAN2422800CE.NFO,02/01/2024,10:58:28,0.3,0.25,11520,0.3,75720,0,227280
FINNIFTY02JAN2422800CE.NFO,02/01/2024,10:58:38,0.3,0.25,11520,0.3,75640,80,227280
FINNIFTY02JAN2422800CE.NFO,02/01/2024,10:58:46,0.3,0.25,11520,0.3,75600,40,227280
FINNIFTY02JAN2422800CE.NFO,02/01/2024,10:58:55,0.25,0.25,11440,0.3,68320,80,227280
FINNIFTY02JAN2422800CE.NFO,02/01/2024,10:59:05,0.25,0.25,11440,0.3,68320,0,227280
FINNIFTY02JAN2422800CE.NFO,02/01/2024,10:59:43,0.25,0.25,11040,0.3,66120,400,227440
FINNIFTY02JAN2422800CE.NFO,02/01/2024,10:59:52,0.25,0.25,9240,0.3,66120,0,227440
FINNIFTY02JAN2422800CE.NFO,02/01/2024,11:01:18,0.25,0.25,7840,0.3,68720,4360,227440
FINNIFTY02JAN2422800CE.NFO,02/01/2024,11:01:27,0.25,0.25,7600,0.3,68720,1800,227440
FINNIFTY02JAN2422800CE.NFO,02/01/2024,11:02:06,0.3,0.25,7560,0.3,68680,80,227440
FINNIFTY02JAN2422800CE.NFO,02/01/2024,11:02:26,0.25,0.25,7120,0.3,70480,440,227440
FINNIFTY02JAN2422800CE.NFO,02/01/2024,11:03:04,0.25,0.25,2960,0.3,70720,5400,225680
FINNIFTY02JAN2422800CE.NFO,02/01/2024,11:03:22,0.25,0.25,5160,0.3,70720,0,225680
FINNIFTY02JAN2422800CE.NFO,02/01/2024,11:03:31,0.25,0.25,3520,0.3,70720,80,225680
FINNIFTY02JAN2422800CE.NFO,02/01/2024,11:03:41,0.25,0.25,5080,0.3,70720,0,225680
FINNIFTY02JAN2422800CE.NFO,02/01/2024,11:03:50,0.25,0.2,96920,0.25,73920,9240,225680
FINNIFTY02JAN2422800CE.NFO,02/01/2024,11:04:09,0.25,0.2,97040,0.25,73720,200,225680
FINNIFTY02JAN2422800CE.NFO,02/01/2024,11:04:19,0.25,0.2,97040,0.25,75520,320,225680
FINNIFTY02JAN2422800CE.NFO,02/01/2024,11:05:05,0.25,0.2,97040,0.25,75400,120,225680
FINNIFTY02JAN2422800CE.NFO,02/01/2024,11:05:15,0.25,0.2,89840,0.25,75400,0,225680
FINNIFTY02JAN2422800CE.NFO,02/01/2024,11:05:24,0.25,0.2,88040,0.25,75400,0,225680
FINNIFTY02JAN2422800CE.NFO,02/01/2024,11:05:42,0.2,0.2,77920,0.25,75320,12640,221240
FINNIFTY02JAN2422800CE.NFO,02/01/2024,11:05:42,0.2,0.2,77920,0.25,75320,0,221240
FINNIFTY02JAN2422800CE.NFO,02/01/2024,11:05:52,0.2,0.2,74320,0.25,75360,3600,221240
FINNIFTY02JAN2422800CE.NFO,02/01/2024,11:06:01,0.2,0.2,58400,0.25,82560,10800,221240
FINNIFTY02JAN2422800CE.NFO,02/01/2024,11:06:11,0.2,0.2,54800,0.25,82560,3600,221240
FINNIFTY02JAN2422800CE.NFO,02/01/2024,11:06:20,0.2,0.2,59920,0.25,102360,0,221240
FINNIFTY02JAN2422800CE.NFO,02/01/2024,11:06:38,0.2,0.2,59120,0.25,102360,0,221240
FINNIFTY02JAN2422800CE.NFO,02/01/2024,11:06:48,0.2,0.2,53720,0.25,102440,0,221240
FINNIFTY02JAN2422800CE.NFO,02/01/2024,11:07:36,0.25,0.2,53840,0.25,102280,1880,221240
FINNIFTY02JAN2422800CE.NFO,02/01/2024,11:08:22,0.25,0.2,53840,0.25,102280,0,221240
FINNIFTY02JAN2422800CE.NFO,02/01/2024,11:08:40,0.25,0.2,54960,0.25,102120,2040,221240
FINNIFTY02JAN2422800CE.NFO,02/01/2024,11:08:49,0.2,0.2,72760,0.25,102120,200,217920
FINNIFTY02JAN2422800CE.NFO,02/01/2024,11:09:09,0.2,0.2,90760,0.25,102040,0,217920
FINNIFTY02JAN2422800CE.NFO,02/01/2024,11:09:19,0.25,0.2,90760,0.25,102240,1600,217920
FINNIFTY02JAN2422800CE.NFO,02/01/2024,11:09:28,0.25,0.2,91840,0.25,105200,6560,217920
FINNIFTY02JAN2422800CE.NFO,02/01/2024,11:09:37,0.25,0.25,27880,0.3,28480,96880,217920
FINNIFTY02JAN2422800CE.NFO,02/01/2024,11:09:46,0.25,0.25,119680,0.3,28480,0,217920
FINNIFTY02JAN2422800CE.NFO,02/01/2024,11:09:55,0.3,0.25,118120,0.3,16200,4360,217920
FINNIFTY02JAN2422800CE.NFO,02/01/2024,11:10:12,0.3,0.25,118120,0.3,16400,0,217920
FINNIFTY02JAN2422800CE.NFO,02/01/2024,11:10:21,0.3,0.25,91240,0.3,12320,24680,217920
FINNIFTY02JAN2422800CE.NFO,02/01/2024,11:10:30,0.3,0.3,50160,0.35,29760,16520,217920
FINNIFTY02JAN2422800CE.NFO,02/01/2024,11:10:39,0.3,0.3,50600,0.35,41280,520,217920
FINNIFTY02JAN2422800CE.NFO,02/01/2024,11:10:47,0.3,0.3,50360,0.35,46040,240,217920
FINNIFTY02JAN2422800CE.NFO,02/01/2024,11:10:56,0.3,0.3,56720,0.35,40160,0,217920
FINNIFTY02JAN2422800CE.NFO,02/01/2024,11:11:05,0.3,0.3,54880,0.35,39920,0,217920
FINNIFTY02JAN2422800CE.NFO,02/01/2024,11:11:14,0.3,0.3,54880,0.35,46200,0,217920
FINNIFTY02JAN2422800CE.NFO,02/01/2024,11:11:23,0.35,0.3,59280,0.35,38960,920,217920
FINNIFTY02JAN2422800CE.NFO,02/01/2024,11:11:33,0.35,0.35,55120,0.4,33640,20840,217920
FINNIFTY02JAN2422800CE.NFO,02/01/2024,11:11:42,0.35,0.35,55600,0.4,34600,0,217920
FINNIFTY02JAN2422800CE.NFO,02/01/2024,11:11:51,0.35,0.35,55400,0.4,32920,2000,269600
FINNIFTY02JAN2422800CE.NFO,02/01/2024,11:12:01,0.35,0.35,56400,0.4,32920,200,269600
FINNIFTY02JAN2422800CE.NFO,02/01/2024,11:12:10,0.35,0.35,59720,0.4,27960,0,269600
FINNIFTY02JAN2422800CE.NFO,02/01/2024,11:12:20,0.35,0.35,56200,0.4,29400,360,269600
FINNIFTY02JAN2422800CE.NFO,02/01/2024,11:12:28,0.35,0.35,63200,0.4,31920,4080,269600
FINNIFTY02JAN2422800CE.NFO,02/01/2024,11:12:38,0.4,0.35,63640,0.4,17240,7720,269600
FINNIFTY02JAN2422800CE.NFO,02/01/2024,11:12:46,0.4,0.35,63640,0.4,17280,0,269600
FINNIFTY02JAN2422800CE.NFO,02/01/2024,11:12:55,0.4,0.35,57840,0.4,13040,4240,269600
FINNIFTY02JAN2422800CE.NFO,02/01/2024,11:13:04,0.4,0.35,63280,0.4,13080,0,269600
FINNIFTY02JAN2422800CE.NFO,02/01/2024,11:13:13,0.4,0.35,63480,0.4,32920,0,269600
FINNIFTY02JAN2422800CE.NFO,02/01/2024,11:13:32,0.4,0.35,54280,0.4,32920,0,269600
FINNIFTY02JAN2422800CE.NFO,02/01/2024,11:13:42,0.4,0.35,63800,0.4,28600,4320,269600
FINNIFTY02JAN2422800CE.NFO,02/01/2024,11:13:52,0.4,0.35,63800,0.4,13520,21520,269600
FINNIFTY02JAN2422800CE.NFO,02/01/2024,11:14:01,0.45,0.4,43720,0.45,28320,11720,269600
FINNIFTY02JAN2422800CE.NFO,02/01/2024,11:14:10,0.45,0.4,43240,0.45,27400,880,269600
FINNIFTY02JAN2422800CE.NFO,02/01/2024,11:14:19,0.45,0.45,43200,0.5,5040,27840,269600
FINNIFTY02JAN2422800CE.NFO,02/01/2024,11:14:28,0.5,0.45,44880,0.55,9120,5480,269600
FINNIFTY02JAN2422800CE.NFO,02/01/2024,11:14:28,0.5,0.45,44880,0.55,9120,0,269600
FINNIFTY02JAN2422800CE.NFO,02/01/2024,11:14:37,0.5,0.5,15240,0.55,4560,20440,269600
FINNIFTY02JAN2422800CE.NFO,02/01/2024,11:14:37,0.55,0.5,15240,0.55,4560,0,269600
FINNIFTY02JAN2422800CE.NFO,02/01/2024,11:14:47,0.5,0.45,27480,0.5,2480,9200,262400
FINNIFTY02JAN2422800CE.NFO,02/01/2024,11:14:56,0.5,0.45,30240,0.5,29680,520,262400
FINNIFTY02JAN2422800CE.NFO,02/01/2024,11:15:06,0.5,0.45,30520,0.5,26920,0,262400
FINNIFTY02JAN2422800CE.NFO,02/01/2024,11:15:16,0.5,0.45,30360,0.5,30040,0,262400
FINNIFTY02JAN2422800CE.NFO,02/01/2024,11:15:26,0.5,0.45,44480,0.5,42200,640,262400
FINNIFTY02JAN2422800CE.NFO,02/01/2024,11:15:35,0.5,0.45,44240,0.5,40680,3240,262400
FINNIFTY02JAN2422800CE.NFO,02/01/2024,11:15:46,0.45,0.45,44000,0.5,42080,640,262400
FINNIFTY02JAN2422800CE.NFO,02/01/2024,11:15:57,0.45,0.45,42080,0.5,42480,120,262400
FINNIFTY02JAN2422800CE.NFO,02/01/2024,11:16:07,0.45,0.45,41840,0.5,41880,2360,262400
FINNIFTY02JAN2422800CE.NFO,02/01/2024,11:16:17,0.45,0.45,41520,0.5,41880,320,262400
FINNIFTY02JAN2422800CE.NFO,02/01/2024,11:16:26,0.45,0.45,28480,0.5,44600,11000,262400
FINNIFTY02JAN2422800CE.NFO,02/01/2024,11:16:35,0.45,0.45,35680,0.5,45720,920,262400
FINNIFTY02JAN2422800CE.NFO,02/01/2024,11:16:45,0.45,0.45,35280,0.5,46920,400,262400
FINNIFTY02JAN2422800CE.NFO,02/01/2024,11:16:54,0.45,0.45,35040,0.5,48120,240,262400
FINNIFTY02JAN2422800CE.NFO,02/01/2024,11:17:03,0.45,0.4,34920,0.45,24240,22960,262400
FINNIFTY02JAN2422800CE.NFO,02/01/2024,11:17:12,0.45,0.4,36440,0.45,23960,3880,262400
FINNIFTY02JAN2422800CE.NFO,02/01/2024,11:17:21,0.45,0.4,36440,0.45,24360,0,262400
FINNIFTY02JAN2422800CE.NFO,02/01/2024,11:17:30,0.4,0.4,35840,0.45,24360,600,262400
FINNIFTY02JAN2422800CE.NFO,02/01/2024,11:17:39,0.4,0.4,35720,0.45,35360,120,262400
FINNIFTY02JAN2422800CE.NFO,02/01/2024,11:17:49,0.4,0.4,35720,0.45,35360,0,244600
FINNIFTY02JAN2422800CE.NFO,02/01/2024,11:17:58,0.4,0.4,33880,0.45,35880,4200,244600
FINNIFTY02JAN2422800CE.NFO,02/01/2024,11:18:07,0.4,0.4,30720,0.45,39240,4800,244600
FINNIFTY02JAN2422800CE.NFO,02/01/2024,11:18:17,0.4,0.4,30440,0.45,41040,280,244600
FINNIFTY02JAN2422800CE.NFO,02/01/2024,11:18:25,0.4,0.4,21920,0.45,44680,8200,244600
FINNIFTY02JAN2422800CE.NFO,02/01/2024,11:18:34,0.4,0.35,36400,0.4,23880,25480,244600
FINNIFTY02JAN2422800CE.NFO,02/01/2024,11:18:43,0.4,0.35,36400,0.4,22880,0,244600
FINNIFTY02JAN2422800CE.NFO,02/01/2024,11:18:51,0.4,0.35,36920,0.4,21880,4240,244600
FINNIFTY02JAN2422800CE.NFO,02/01/2024,11:19:00,0.4,0.35,36920,0.4,21880,0,244600
FINNIFTY02JAN2422800CE.NFO,02/01/2024,11:19:08,0.4,0.35,19280,0.4,23560,0,244600
FINNIFTY02JAN2422800CE.NFO,02/01/2024,11:19:17,0.35,0.35,15920,0.4,23560,920,244600
FINNIFTY02JAN2422800CE.NFO,02/01/2024,11:19:34,0.4,0.35,18160,0.4,23160,800,244600
FINNIFTY02JAN2422800CE.NFO,02/01/2024,11:20:06,0.4,0.35,18160,0.4,22920,240,244600
FINNIFTY02JAN2422800CE.NFO,02/01/2024,11:20:14,0.4,0.35,18160,0.4,23360,1240,244600
FINNIFTY02JAN2422800CE.NFO,02/01/2024,11:20:22,0.4,0.35,18240,0.4,23160,200,244600
FINNIFTY02JAN2422800CE.NFO,02/01/2024,11:20:31,0.35,0.35,17240,0.4,23160,1000,244600
FINNIFTY02JAN2422800CE.NFO,02/01/2024,11:20:40,0.4,0.35,17280,0.4,22960,200,244600
FINNIFTY02JAN2422800CE.NFO,02/01/2024,11:20:48,0.4,0.35,17520,0.4,23000,440,229240
FINNIFTY02JAN2422800CE.NFO,02/01/2024,11:20:58,0.35,0.35,13920,0.4,21200,2640,229240
FINNIFTY02JAN2422800CE.NFO,02/01/2024,11:21:06,0.35,0.35,13920,0.4,21200,0,229240
FINNIFTY02JAN2422800CE.NFO,02/01/2024,11:21:24,0.4,0.35,17640,0.4,21040,760,229240
FINNIFTY02JAN2422800CE.NFO,02/01/2024,11:21:41,0.4,0.35,17640,0.4,21040,0,229240
FINNIFTY02JAN2422800CE.NFO,02/01/2024,11:21:58,0.35,0.35,12520,0.4,20800,4640,229240
FINNIFTY02JAN2422800CE.NFO,02/01/2024,11:23:08,0.35,0.35,10920,0.4,20840,3800,229240
FINNIFTY02JAN2422800CE.NFO,02/01/2024,11:23:17,0.35,0.35,11320,0.4,20680,1800,229240
FINNIFTY02JAN2422800CE.NFO,02/01/2024,11:23:33,0.4,0.35,11320,0.4,23640,280,229240
FINNIFTY02JAN2422800CE.NFO,02/01/2024,11:23:57,0.35,0.35,11240,0.4,23440,280,227680
FINNIFTY02JAN2422800CE.NFO,02/01/2024,11:24:06,0.35,0.35,11240,0.4,18040,0,227680
FINNIFTY02JAN2422800CE.NFO,02/01/2024,11:24:22,0.35,0.35,11240,0.4,16240,0,227680
FINNIFTY02JAN2422800CE.NFO,02/01/2024,11:24:30,0.35,0.35,11240,0.4,16200,0,227680
FINNIFTY02JAN2422800CE.NFO,02/01/2024,11:25:03,0.35,0.35,11240,0.4,16480,0,227680
FINNIFTY02JAN2422800CE.NFO,02/01/2024,11:25:11,0.35,0.35,11240,0.4,16440,0,227680
FINNIFTY02JAN2422800CE.NFO,02/01/2024,11:26:40,0.35,0.35,11240,0.4,18960,0,227680
FINNIFTY02JAN2422800CE.NFO,02/01/2024,11:27:04,0.35,0.35,8720,0.4,20520,0,227680
FINNIFTY02JAN2422800CE.NFO,02/01/2024,11:27:44,0.35,0.35,9840,0.4,20760,0,227680
FINNIFTY02JAN2422800CE.NFO,02/01/2024,11:27:53,0.35,0.35,6320,0.4,17840,640,227440
FINNIFTY02JAN2422800CE.NFO,02/01/2024,11:28:02,0.35,0.35,9920,0.4,17840,0,227440
FINNIFTY02JAN2422800CE.NFO,02/01/2024,11:28:10,0.4,0.35,10240,0.4,18600,200,227440
FINNIFTY02JAN2422800CE.NFO,02/01/2024,11:28:18,0.4,0.35,10240,0.4,18680,40,227440
FINNIFTY02JAN2422800CE.NFO,02/01/2024,11:28:26,0.4,0.35,10200,0.4,17760,240,227440
FINNIFTY02JAN2422800CE.NFO,02/01/2024,11:28:34,0.4,0.35,10200,0.4,17480,280,227440
FINNIFTY02JAN2422800CE.NFO,02/01/2024,11:28:43,0.4,0.35,10200,0.4,18720,280,227440
FINNIFTY02JAN2422800CE.NFO,02/01/2024,11:28:59,0.4,0.35,10200,0.4,18600,0,227440
FINNIFTY02JAN2422800CE.NFO,02/01/2024,11:29:07,0.4,0.35,10200,0.4,17800,80,227440
FINNIFTY02JAN2422800CE.NFO,02/01/2024,11:29:15,0.35,0.35,8000,0.4,18640,280,227440
FINNIFTY02JAN2422800CE.NFO,02/01/2024,11:29:24,0.35,0.35,9920,0.4,18880,0,227440
FINNIFTY02JAN2422800CE.NFO,02/01/2024,11:29:40,0.35,0.35,9960,0.4,18640,0,227440
FINNIFTY02JAN2422800CE.NFO,02/01/2024,11:29:55,0.35,0.35,7920,0.4,15080,120,226640
FINNIFTY02JAN2422800CE.NFO,02/01/2024,11:30:03,0.35,0.35,10240,0.4,15080,40,226640
FINNIFTY02JAN2422800CE.NFO,02/01/2024,11:30:34,0.35,0.35,6560,0.4,15320,1800,226640
FINNIFTY02JAN2422800CE.NFO,02/01/2024,11:31:04,0.4,0.35,9680,0.4,15040,40,226640
FINNIFTY02JAN2422800CE.NFO,02/01/2024,11:31:12,0.35,0.35,7880,0.4,15120,2120,226640
FINNIFTY02JAN2422800CE.NFO,02/01/2024,11:31:20,0.35,0.35,9320,0.4,15000,0,226640
FINNIFTY02JAN2422800CE.NFO,02/01/2024,11:31:35,0.35,0.35,9320,0.4,15040,0,226640
FINNIFTY02JAN2422800CE.NFO,02/01/2024,11:31:50,0.35,0.35,6600,0.4,15040,80,226640
FINNIFTY02JAN2422800CE.NFO,02/01/2024,11:31:58,0.35,0.35,7160,0.4,15040,160,226640
FINNIFTY02JAN2422800CE.NFO,02/01/2024,11:32:06,0.35,0.35,9080,0.4,15040,0,226640
FINNIFTY02JAN2422800CE.NFO,02/01/2024,11:32:14,0.35,0.35,6480,0.4,15280,200,226640
FINNIFTY02JAN2422800CE.NFO,02/01/2024,11:32:22,0.35,0.35,6280,0.4,15040,200,226640
FINNIFTY02JAN2422800CE.NFO,02/01/2024,11:32:29,0.35,0.35,6120,0.4,15280,160,226640
FINNIFTY02JAN2422800CE.NFO,02/01/2024,11:32:37,0.35,0.35,6240,0.4,14960,1800,226640
FINNIFTY02JAN2422800CE.NFO,02/01/2024,11:32:43,0.35,0.35,6640,0.4,14960,80,226640
FINNIFTY02JAN2422800CE.NFO,02/01/2024,11:32:51,0.35,0.3,15080,0.35,10040,4560,229880
FINNIFTY02JAN2422800CE.NFO,02/01/2024,11:32:58,0.35,0.3,12520,0.35,13800,0,229880
FINNIFTY02JAN2422800CE.NFO,02/01/2024,11:33:05,0.35,0.3,12520,0.35,14120,0,229880
FINNIFTY02JAN2422800CE.NFO,02/01/2024,11:33:19,0.35,0.3,12520,0.35,17440,0,229880
FINNIFTY02JAN2422800CE.NFO,02/01/2024,11:33:41,0.35,0.3,12520,0.35,17360,80,229880
FINNIFTY02JAN2422800CE.NFO,02/01/2024,11:33:48,0.35,0.3,12520,0.35,17280,80,229880
FINNIFTY02JAN2422800CE.NFO,02/01/2024,11:34:46,0.35,0.3,12520,0.35,17200,80,229880
FINNIFTY02JAN2422800CE.NFO,02/01/2024,11:35:16,0.3,0.3,8360,0.35,17200,40,229880
FINNIFTY02JAN2422800CE.NFO,02/01/2024,11:35:23,0.3,0.3,9080,0.35,17200,40,229880
FINNIFTY02JAN2422800CE.NFO,02/01/2024,11:35:31,0.35,0.3,16640,0.35,8760,15960,229880
FINNIFTY02JAN2422800CE.NFO,02/01/2024,11:35:39,0.35,0.3,16640,0.35,3040,9120,229880
FINNIFTY02JAN2422800CE.NFO,02/01/2024,11:35:46,0.35,0.3,16640,0.4,13080,3440,242960
FINNIFTY02JAN2422800CE.NFO,02/01/2024,11:35:54,0.35,0.3,16600,0.4,15360,0,242960
FINNIFTY02JAN2422800CE.NFO,02/01/2024,11:36:01,0.35,0.3,16600,0.4,17400,200,242960
FINNIFTY02JAN2422800CE.NFO,02/01/2024,11:36:08,0.35,0.3,16920,0.4,19760,0,242960
FINNIFTY02JAN2422800CE.NFO,02/01/2024,11:36:16,0.3,0.3,16880,0.35,2120,40,242960
FINNIFTY02JAN2422800CE.NFO,02/01/2024,11:36:23,0.3,0.3,17000,0.35,2120,40,242960
FINNIFTY02JAN2422800CE.NFO,02/01/2024,11:36:31,0.3,0.3,17000,0.35,2120,0,242960
FINNIFTY02JAN2422800CE.NFO,02/01/2024,11:36:54,0.3,0.3,16920,0.35,2120,0,242960
FINNIFTY02JAN2422800CE.NFO,02/01/2024,11:37:09,0.3,0.3,17240,0.35,2360,0,242960
FINNIFTY02JAN2422800CE.NFO,02/01/2024,11:37:33,0.3,0.3,17200,0.35,2360,40,242960
FINNIFTY02JAN2422800CE.NFO,02/01/2024,11:38:04,0.3,0.3,17120,0.35,2360,80,242960
FINNIFTY02JAN2422800CE.NFO,02/01/2024,11:38:13,0.3,0.3,17040,0.35,3200,80,242960
FINNIFTY02JAN2422800CE.NFO,02/01/2024,11:38:21,0.3,0.3,17000,0.35,3000,40,242960
FINNIFTY02JAN2422800CE.NFO,02/01/2024,11:38:28,0.3,0.3,17000,0.35,3240,0,242960
FINNIFTY02JAN2422800CE.NFO,02/01/2024,11:38:35,0.3,0.3,17000,0.35,3200,0,242960
FINNIFTY02JAN2422800CE.NFO,02/01/2024,11:38:51,0.3,0.3,16720,0.35,3200,280,246320
FINNIFTY02JAN2422800CE.NFO,02/01/2024,11:38:59,0.3,0.3,16720,0.35,2960,0,246320
FINNIFTY02JAN2422800CE.NFO,02/01/2024,11:39:12,0.3,0.3,16720,0.35,3000,0,246320
FINNIFTY02JAN2422800CE.NFO,02/01/2024,11:39:19,0.3,0.3,16720,0.35,2960,0,246320
FINNIFTY02JAN2422800CE.NFO,02/01/2024,11:39:31,0.3,0.3,16680,0.35,3200,0,246320
FINNIFTY02JAN2422800CE.NFO,02/01/2024,11:39:38,0.3,0.3,16680,0.35,2960,0,246320
FINNIFTY02JAN2422800CE.NFO,02/01/2024,11:39:44,0.3,0.3,17480,0.35,2960,0,246320
FINNIFTY02JAN2422800CE.NFO,02/01/2024,11:40:04,0.3,0.3,17480,0.35,3200,0,246320
FINNIFTY02JAN2422800CE.NFO,02/01/2024,11:40:16,0.3,0.3,17480,0.35,3240,0,246320
FINNIFTY02JAN2422800CE.NFO,02/01/2024,11:40:22,0.3,0.3,17480,0.35,3200,0,246320
FINNIFTY02JAN2422800CE.NFO,02/01/2024,11:40:35,0.3,0.3,17240,0.35,2960,200,246320
FINNIFTY02JAN2422800CE.NFO,02/01/2024,11:40:41,0.3,0.3,17280,0.35,2960,0,246320
FINNIFTY02JAN2422800CE.NFO,02/01/2024,11:41:00,0.3,0.3,15000,0.35,3200,3360,246320
FINNIFTY02JAN2422800CE.NFO,02/01/2024,11:41:07,0.3,0.3,15800,0.35,4480,0,246320
FINNIFTY02JAN2422800CE.NFO,02/01/2024,11:41:14,0.3,0.3,15760,0.35,4480,0,246320
FINNIFTY02JAN2422800CE.NFO,02/01/2024,11:41:55,0.3,0.3,13960,0.35,6440,0,246320
FINNIFTY02JAN2422800CE.NFO,02/01/2024,11:42:03,0.35,0.3,14560,0.35,5720,2160,247000
FINNIFTY02JAN2422800CE.NFO,02/01/2024,11:42:19,0.35,0.3,15400,0.35,7760,0,247000
FINNIFTY02JAN2422800CE.NFO,02/01/2024,11:42:41,0.35,0.3,15400,0.35,8880,0,247000
FINNIFTY02JAN2422800CE.NFO,02/01/2024,11:43:16,0.35,0.3,15400,0.35,20760,0,247000
FINNIFTY02JAN2422800CE.NFO,02/01/2024,11:43:37,0.35,0.3,15680,0.35,20760,0,247000
FINNIFTY02JAN2422800CE.NFO,02/01/2024,11:43:45,0.35,0.3,17480,0.35,20080,680,247000
FINNIFTY02JAN2422800CE.NFO,02/01/2024,11:43:53,0.35,0.3,17640,0.35,16640,200,247000
FINNIFTY02JAN2422800CE.NFO,02/01/2024,11:44:01,0.35,0.3,17640,0.35,17160,0,247000
FINNIFTY02JAN2422800CE.NFO,02/01/2024,11:44:08,0.35,0.3,17680,0.35,19520,0,247000
FINNIFTY02JAN2422800CE.NFO,02/01/2024,11:44:15,0.35,0.3,17840,0.35,19280,0,247000
FINNIFTY02JAN2422800CE.NFO,02/01/2024,11:44:21,0.35,0.3,17840,0.35,20440,1800,247000
FINNIFTY02JAN2422800CE.NFO,02/01/2024,11:44:29,0.35,0.3,17840,0.35,20280,40,247000
FINNIFTY02JAN2422800CE.NFO,02/01/2024,11:45:03,0.35,0.3,16040,0.35,24240,0,247000
FINNIFTY02JAN2422800CE.NFO,02/01/2024,11:45:10,0.35,0.3,16040,0.35,24360,120,246840
FINNIFTY02JAN2422800CE.NFO,02/01/2024,11:45:17,0.35,0.3,16040,0.35,24400,0,246840
FINNIFTY02JAN2422800CE.NFO,02/01/2024,11:45:23,0.35,0.3,16040,0.35,24360,0,246840
FINNIFTY02JAN2422800CE.NFO,02/01/2024,11:45:51,0.3,0.3,15280,0.35,24360,760,246840
FINNIFTY02JAN2422800CE.NFO,02/01/2024,11:45:57,0.3,0.3,13440,0.35,24360,1000,246840
FINNIFTY02JAN2422800CE.NFO,02/01/2024,11:46:04,0.3,0.3,14600,0.35,23240,320,246840
FINNIFTY02JAN2422800CE.NFO,02/01/2024,11:46:11,0.3,0.3,15440,0.35,23240,0,246840
FINNIFTY02JAN2422800CE.NFO,02/01/2024,11:46:18,0.3,0.3,17240,0.35,20600,0,246840
FINNIFTY02JAN2422800CE.NFO,02/01/2024,11:46:50,0.3,0.3,13840,0.35,20600,640,246840
FINNIFTY02JAN2422800CE.NFO,02/01/2024,11:46:57,0.3,0.3,15760,0.35,20640,0,246840
FINNIFTY02JAN2422800CE.NFO,02/01/2024,11:47:04,0.3,0.3,16600,0.35,20600,0,246840
FINNIFTY02JAN2422800CE.NFO,02/01/2024,11:47:57,0.3,0.3,16040,0.35,20600,800,247200
FINNIFTY02JAN2422800CE.NFO,02/01/2024,11:48:04,0.3,0.3,12360,0.35,23240,3200,247200
FINNIFTY02JAN2422800CE.NFO,02/01/2024,11:48:22,0.3,0.3,12160,0.35,23240,200,247200
FINNIFTY02JAN2422800CE.NFO,02/01/2024,11:48:37,0.3,0.3,11640,0.35,17360,6800,247200
FINNIFTY02JAN2422800CE.NFO,02/01/2024,11:48:43,0.3,0.3,12200,0.35,20240,400,247200
FINNIFTY02JAN2422800CE.NFO,02/01/2024,11:48:49,0.3,0.3,12200,0.35,21440,0,247200
FINNIFTY02JAN2422800CE.NFO,02/01/2024,11:49:01,0.3,0.3,12200,0.35,21480,0,247200
FINNIFTY02JAN2422800CE.NFO,02/01/2024,11:49:07,0.3,0.3,12200,0.35,21440,0,247200
FINNIFTY02JAN2422800CE.NFO,02/01/2024,11:49:13,0.3,0.3,11480,0.35,21440,240,247200
FINNIFTY02JAN2422800CE.NFO,02/01/2024,11:49:27,0.3,0.3,11960,0.35,21440,0,247200
FINNIFTY02JAN2422800CE.NFO,02/01/2024,11:49:51,0.3,0.3,11920,0.35,21440,0,247200
FINNIFTY02JAN2422800CE.NFO,02/01/2024,11:50:04,0.3,0.3,13800,0.35,20160,1280,247200
FINNIFTY02JAN2422800CE.NFO,02/01/2024,11:50:10,0.3,0.3,13800,0.35,20160,0,247200
FINNIFTY02JAN2422800CE.NFO,02/01/2024,11:50:17,0.3,0.3,14280,0.35,18120,0,247200
FINNIFTY02JAN2422800CE.NFO,02/01/2024,11:51:08,0.3,0.3,12040,0.35,19920,4200,249560
FINNIFTY02JAN2422800CE.NFO,02/01/2024,11:51:21,0.3,0.3,14480,0.35,26880,0,249560
FINNIFTY02JAN2422800CE.NFO,02/01/2024,11:51:40,0.3,0.3,14440,0.35,28080,40,249560
FINNIFTY02JAN2422800CE.NFO,02/01/2024,11:51:47,0.3,0.3,14440,0.35,27000,0,249560
FINNIFTY02JAN2422800CE.NFO,02/01/2024,11:51:59,0.3,0.3,13280,0.35,27160,400,249560
FINNIFTY02JAN2422800CE.NFO,02/01/2024,11:52:05,0.3,0.3,14040,0.35,25120,0,249560
FINNIFTY02JAN2422800CE.NFO,02/01/2024,11:52:23,0.3,0.3,13160,0.35,25120,120,249560
FINNIFTY02JAN2422800CE.NFO,02/01/2024,11:53:21,0.3,0.3,12960,0.35,25120,200,249560
FINNIFTY02JAN2422800CE.NFO,02/01/2024,11:54:48,0.3,0.3,15360,0.35,25120,0,249560
FINNIFTY02JAN2422800CE.NFO,02/01/2024,11:57:43,0.35,0.3,15360,0.35,25040,80,249680
FINNIFTY02JAN2422800CE.NFO,02/01/2024,11:57:56,0.35,0.3,15360,0.35,25040,0,249680
FINNIFTY02JAN2422800CE.NFO,02/01/2024,11:58:22,0.3,0.3,14360,0.35,25040,40,249680
FINNIFTY02JAN2422800CE.NFO,02/01/2024,11:58:29,0.3,0.3,14240,0.35,25040,320,249680
FINNIFTY02JAN2422800CE.NFO,02/01/2024,11:58:36,0.3,0.3,14120,0.35,25280,120,249680
FINNIFTY02JAN2422800CE.NFO,02/01/2024,11:59:38,0.3,0.3,13720,0.35,25040,400,249680
FINNIFTY02JAN2422800CE.NFO,02/01/2024,11:59:44,0.3,0.3,13680,0.35,25040,40,249680
FINNIFTY02JAN2422800CE.NFO,02/01/2024,11:59:50,0.3,0.3,13600,0.35,25280,80,250120
FINNIFTY02JAN2422800CE.NFO,02/01/2024,11:59:55,0.3,0.3,13560,0.35,25040,40,250120
FINNIFTY02JAN2422800CE.NFO,02/01/2024,12:00:01,0.3,0.3,13560,0.35,25040,0,250120
FINNIFTY02JAN2422800CE.NFO,02/01/2024,12:00:24,0.3,0.3,14520,0.35,25040,0,250120
FINNIFTY02JAN2422800CE.NFO,02/01/2024,12:00:42,0.3,0.3,13720,0.35,31280,80,250120
FINNIFTY02JAN2422800CE.NFO,02/01/2024,12:00:50,0.3,0.3,17000,0.35,31520,320,250120
FINNIFTY02JAN2422800CE.NFO,02/01/2024,12:00:57,0.3,0.3,13560,0.35,31520,80,250120
FINNIFTY02JAN2422800CE.NFO,02/01/2024,12:01:04,0.3,0.3,13480,0.35,31520,80,250120
FINNIFTY02JAN2422800CE.NFO,02/01/2024,12:01:11,0.3,0.3,13400,0.35,31520,80,250120
FINNIFTY02JAN2422800CE.NFO,02/01/2024,12:01:18,0.3,0.3,9040,0.35,31520,4360,250120
FINNIFTY02JAN2422800CE.NFO,02/01/2024,12:01:24,0.3,0.3,8920,0.35,31520,120,250120
FINNIFTY02JAN2422800CE.NFO,02/01/2024,12:01:30,0.3,0.3,10880,0.35,31520,160,250120
FINNIFTY02JAN2422800CE.NFO,02/01/2024,12:01:37,0.3,0.3,10720,0.35,31520,160,250120
FINNIFTY02JAN2422800CE.NFO,02/01/2024,12:01:43,0.3,0.3,10680,0.35,31520,40,250120
FINNIFTY02JAN2422800CE.NFO,02/01/2024,12:01:49,0.3,0.3,26840,0.35,32000,40,250120
FINNIFTY02JAN2422800CE.NFO,02/01/2024,12:01:55,0.3,0.3,17800,0.35,32000,40,250120
FINNIFTY02JAN2422800CE.NFO,02/01/2024,12:02:01,0.3,0.3,17720,0.35,32000,80,250120
FINNIFTY02JAN2422800CE.NFO,02/01/2024,12:02:13,0.3,0.3,19320,0.35,42800,200,250120
FINNIFTY02JAN2422800CE.NFO,02/01/2024,12:02:19,0.3,0.3,32200,0.35,42560,0,250120
FINNIFTY02JAN2422800CE.NFO,02/01/2024,12:02:42,0.3,0.3,23280,0.35,42560,240,250120
FINNIFTY02JAN2422800CE.NFO,02/01/2024,12:02:48,0.3,0.3,23160,0.35,42560,120,248360
FINNIFTY02JAN2422800CE.NFO,02/01/2024,12:03:00,0.3,0.3,23120,0.35,42560,40,248360
FINNIFTY02JAN2422800CE.NFO,02/01/2024,12:03:06,0.3,0.3,23080,0.35,42560,40,248360
FINNIFTY02JAN2422800CE.NFO,02/01/2024,12:03:25,0.3,0.3,23000,0.35,42560,80,248360
FINNIFTY02JAN2422800CE.NFO,02/01/2024,12:03:31,0.3,0.3,22960,0.35,42560,40,248360
FINNIFTY02JAN2422800CE.NFO,02/01/2024,12:04:10,0.3,0.3,37680,0.35,42560,160,248360
FINNIFTY02JAN2422800CE.NFO,02/01/2024,12:04:22,0.3,0.3,37680,0.35,42560,0,248360
FINNIFTY02JAN2422800CE.NFO,02/01/2024,12:04:30,0.3,0.3,37440,0.35,40760,240,248360
FINNIFTY02JAN2422800CE.NFO,02/01/2024,12:04:38,0.3,0.3,22840,0.35,42560,200,248360
FINNIFTY02JAN2422800CE.NFO,02/01/2024,12:04:44,0.3,0.3,22720,0.35,42560,120,248360
FINNIFTY02JAN2422800CE.NFO,02/01/2024,12:04:50,0.3,0.3,22680,0.35,42560,40,248360
FINNIFTY02JAN2422800CE.NFO,02/01/2024,12:05:23,0.3,0.3,37080,0.35,42680,0,248360
FINNIFTY02JAN2422800CE.NFO,02/01/2024,12:05:36,0.3,0.3,35880,0.35,42680,0,248360
FINNIFTY02JAN2422800CE.NFO,02/01/2024,12:06:38,0.3,0.3,35880,0.35,43880,0,248360
FINNIFTY02JAN2422800CE.NFO,02/01/2024,12:07:23,0.3,0.3,20960,0.35,43640,1400,248360
FINNIFTY02JAN2422800CE.NFO,02/01/2024,12:07:29,0.3,0.3,34040,0.35,43680,1320,248360
FINNIFTY02JAN2422800CE.NFO,02/01/2024,12:07:35,0.3,0.3,22640,0.35,43920,600,248360
FINNIFTY02JAN2422800CE.NFO,02/01/2024,12:07:42,0.3,0.3,37040,0.35,42480,0,248360
FINNIFTY02JAN2422800CE.NFO,02/01/2024,12:08:20,0.3,0.3,16720,0.35,42480,6440,248360
FINNIFTY02JAN2422800CE.NFO,02/01/2024,12:08:40,0.3,0.3,7400,0.35,42480,3920,248360
FINNIFTY02JAN2422800CE.NFO,02/01/2024,12:08:48,0.3,0.25,28960,0.3,49320,13720,251960
FINNIFTY02JAN2422800CE.NFO,02/01/2024,12:08:55,0.25,0.25,28680,0.3,49360,280,251960
FINNIFTY02JAN2422800CE.NFO,02/01/2024,12:09:02,0.25,0.25,5400,0.3,49400,5000,251960
FINNIFTY02JAN2422800CE.NFO,02/01/2024,12:09:08,0.3,0.25,25360,0.3,49280,120,251960
FINNIFTY02JAN2422800CE.NFO,02/01/2024,12:09:14,0.25,0.25,25360,0.3,49280,1800,251960
FINNIFTY02JAN2422800CE.NFO,02/01/2024,12:09:20,0.25,0.25,11480,0.3,49280,80,251960
FINNIFTY02JAN2422800CE.NFO,02/01/2024,12:09:27,0.25,0.25,24160,0.3,49640,3240,251960
FINNIFTY02JAN2422800CE.NFO,02/01/2024,12:09:33,0.25,0.25,22000,0.3,54280,10040,251960
FINNIFTY02JAN2422800CE.NFO,02/01/2024,12:09:39,0.25,0.2,69680,0.25,33160,16040,251960
FINNIFTY02JAN2422800CE.NFO,02/01/2024,12:09:46,0.25,0.2,69800,0.25,32880,3880,251960
FINNIFTY02JAN2422800CE.NFO,02/01/2024,12:09:53,0.2,0.2,61680,0.25,41360,4120,251960
FINNIFTY02JAN2422800CE.NFO,02/01/2024,12:10:00,0.25,0.2,62160,0.25,41240,120,251960
FINNIFTY02JAN2422800CE.NFO,02/01/2024,12:10:08,0.25,0.2,63840,0.25,41120,240,251960
FINNIFTY02JAN2422800CE.NFO,02/01/2024,12:10:17,0.2,0.2,59360,0.25,40840,5680,251960
FINNIFTY02JAN2422800CE.NFO,02/01/2024,12:10:25,0.2,0.2,31280,0.25,41400,5520,251960
FINNIFTY02JAN2422800CE.NFO,02/01/2024,12:10:32,0.2,0.2,28360,0.25,42440,5040,251960
FINNIFTY02JAN2422800CE.NFO,02/01/2024,12:10:40,0.2,0.2,26600,0.25,44040,1800,251960
FINNIFTY02JAN2422800CE.NFO,02/01/2024,12:10:47,0.2,0.2,8880,0.25,50640,14120,251960
FINNIFTY02JAN2422800CE.NFO,02/01/2024,12:10:54,0.2,0.2,22080,0.25,50640,1800,251960
FINNIFTY02JAN2422800CE.NFO,02/01/2024,12:11:01,0.2,0.2,22000,0.25,56040,1800,251960
FINNIFTY02JAN2422800CE.NFO,02/01/2024,12:11:08,0.2,0.2,23800,0.25,56040,1800,251960
FINNIFTY02JAN2422800CE.NFO,02/01/2024,12:11:30,0.2,0.2,23520,0.25,56040,0,251960
FINNIFTY02JAN2422800CE.NFO,02/01/2024,12:11:44,0.2,0.2,21720,0.25,56040,0,251960
FINNIFTY02JAN2422800CE.NFO,02/01/2024,12:11:51,0.2,0.2,12800,0.25,49840,13400,244360
FINNIFTY02JAN2422800CE.NFO,02/01/2024,12:12:12,0.2,0.2,13040,0.25,49840,160,244360
FINNIFTY02JAN2422800CE.NFO,02/01/2024,12:12:18,0.2,0.2,11240,0.25,49840,1800,244360
FINNIFTY02JAN2422800CE.NFO,02/01/2024,12:12:25,0.2,0.2,9560,0.25,49840,1800,244360
FINNIFTY02JAN2422800CE.NFO,02/01/2024,12:12:31,0.2,0.2,8360,0.25,49840,1800,244360
FINNIFTY02JAN2422800CE.NFO,02/01/2024,12:12:38,0.2,0.2,5960,0.25,49840,3600,244360
FINNIFTY02JAN2422800CE.NFO,02/01/2024,12:12:44,0.2,0.2,4160,0.25,49840,1800,244360
FINNIFTY02JAN2422800CE.NFO,02/01/2024,12:12:50,0.2,0.2,2960,0.25,49840,1800,244360
FINNIFTY02JAN2422800CE.NFO,02/01/2024,12:12:57,0.2,0.2,1160,0.25,49840,1800,244360
FINNIFTY02JAN2422800CE.NFO,02/01/2024,12:13:03,0.2,0.15,286800,0.2,27800,25680,244360
FINNIFTY02JAN2422800CE.NFO,02/01/2024,12:13:03,0.15,0.15,286800,0.2,27800,0,244360
FINNIFTY02JAN2422800CE.NFO,02/01/2024,12:13:10,0.2,0.15,279600,0.2,45720,7800,244360
FINNIFTY02JAN2422800CE.NFO,02/01/2024,12:13:18,0.15,0.15,276000,0.2,49120,3800,244360
FINNIFTY02JAN2422800CE.NFO,02/01/2024,12:13:25,0.15,0.15,273800,0.2,61360,3960,244360
FINNIFTY02JAN2422800CE.NFO,02/01/2024,12:13:36,0.2,0.15,273800,0.2,63120,1840,244360
FINNIFTY02JAN2422800CE.NFO,02/01/2024,12:13:42,0.2,0.15,273800,0.2,63040,80,244360
FINNIFTY02JAN2422800CE.NFO,02/01/2024,12:13:55,0.2,0.15,273800,0.2,63000,40,244360
FINNIFTY02JAN2422800CE.NFO,02/01/2024,12:14:03,0.2,0.15,273800,0.2,63000,0,244360
FINNIFTY02JAN2422800CE.NFO,02/01/2024,12:14:10,0.2,0.15,273800,0.2,63240,1800,244360
FINNIFTY02JAN2422800CE.NFO,02/01/2024,12:14:30,0.2,0.15,273800,0.2,63160,80,244360
FINNIFTY02JAN2422800CE.NFO,02/01/2024,12:14:42,0.2,0.15,273800,0.2,62600,320,244360
FINNIFTY02JAN2422800CE.NFO,02/01/2024,12:14:48,0.2,0.15,273800,0.2,63600,0,244360
FINNIFTY02JAN2422800CE.NFO,02/01/2024,12:14:55,0.15,0.15,272000,0.2,63680,1800,241240
FINNIFTY02JAN2422800CE.NFO,02/01/2024,12:15:01,0.15,0.15,322000,0.2,64480,0,241240
FINNIFTY02JAN2422800CE.NFO,02/01/2024,12:15:07,0.2,0.15,322000,0.2,65520,80,241240
FINNIFTY02JAN2422800CE.NFO,02/01/2024,12:15:13,0.2,0.15,372000,0.2,65520,0,241240
FINNIFTY02JAN2422800CE.NFO,02/01/2024,12:15:19,0.2,0.15,371920,0.2,65520,0,241240
FINNIFTY02JAN2422800CE.NFO,02/01/2024,12:15:25,0.2,0.15,346120,0.2,65520,0,241240
FINNIFTY02JAN2422800CE.NFO,02/01/2024,12:15:31,0.2,0.15,311920,0.2,66360,360,241240
FINNIFTY02JAN2422800CE.NFO,02/01/2024,12:15:39,0.2,0.15,311920,0.2,66080,280,241240
FINNIFTY02JAN2422800CE.NFO,02/01/2024,12:15:47,0.2,0.15,311920,0.2,66760,800,241240
FINNIFTY02JAN2422800CE.NFO,02/01/2024,12:15:53,0.2,0.15,211920,0.2,66760,0,241240
FINNIFTY02JAN2422800CE.NFO,02/01/2024,12:16:00,0.2,0.15,193920,0.2,61960,4800,241240
FINNIFTY02JAN2422800CE.NFO,02/01/2024,12:16:43,0.2,0.15,188520,0.2,61960,0,241240
FINNIFTY02JAN2422800CE.NFO,02/01/2024,12:16:50,0.2,0.15,175920,0.2,60960,0,241240
FINNIFTY02JAN2422800CE.NFO,02/01/2024,12:17:04,0.15,0.15,175760,0.2,59160,120,241240
FINNIFTY02JAN2422800CE.NFO,02/01/2024,12:17:30,0.2,0.15,175760,0.2,61000,200,241240
FINNIFTY02JAN2422800CE.NFO,02/01/2024,12:17:47,0.2,0.15,130760,0.2,60000,760,241240
FINNIFTY02JAN2422800CE.NFO,02/01/2024,12:17:55,0.2,0.15,133640,0.2,60000,0,241240
FINNIFTY02JAN2422800CE.NFO,02/01/2024,12:18:02,0.2,0.15,140840,0.2,59600,400,236360
FINNIFTY02JAN2422800CE.NFO,02/01/2024,12:18:11,0.2,0.15,140840,0.2,59160,440,236360
FINNIFTY02JAN2422800CE.NFO,02/01/2024,12:18:18,0.15,0.15,140800,0.2,59160,40,236360
FINNIFTY02JAN2422800CE.NFO,02/01/2024,12:18:40,0.15,0.15,139000,0.2,59160,0,236360
FINNIFTY02JAN2422800CE.NFO,02/01/2024,12:18:48,0.15,0.15,117400,0.2,59160,0,236360
FINNIFTY02JAN2422800CE.NFO,02/01/2024,12:19:18,0.15,0.15,117320,0.2,59160,80,236360
FINNIFTY02JAN2422800CE.NFO,02/01/2024,12:19:34,0.15,0.15,118880,0.2,59160,0,236360
FINNIFTY02JAN2422800CE.NFO,02/01/2024,12:20:39,0.15,0.15,80240,0.2,59160,0,236360
FINNIFTY02JAN2422800CE.NFO,02/01/2024,12:20:52,0.15,0.15,87440,0.2,59160,0,236360
FINNIFTY02JAN2422800CE.NFO,02/01/2024,12:20:59,0.15,0.15,91760,0.2,59160,0,236360
FINNIFTY02JAN2422800CE.NFO,02/01/2024,12:22:10,0.2,0.15,91760,0.2,59080,80,234760
FINNIFTY02JAN2422800CE.NFO,02/01/2024,12:22:18,0.2,0.15,91760,0.2,57480,480,234760
FINNIFTY02JAN2422800CE.NFO,02/01/2024,12:22:25,0.2,0.15,91760,0.2,57240,240,234760
FINNIFTY02JAN2422800CE.NFO,02/01/2024,12:22:32,0.2,0.15,91760,0.2,58240,0,234760
FINNIFTY02JAN2422800CE.NFO,02/01/2024,12:23:05,0.2,0.15,93000,0.2,58040,200,234760
FINNIFTY02JAN2422800CE.NFO,02/01/2024,12:23:12,0.2,0.2,12880,0.25,13840,58920,234760
FINNIFTY02JAN2422800CE.NFO,02/01/2024,12:23:19,0.2,0.2,12840,0.25,13840,0,234760
FINNIFTY02JAN2422800CE.NFO,02/01/2024,12:23:25,0.2,0.2,14680,0.25,13840,0,234760
FINNIFTY02JAN2422800CE.NFO,02/01/2024,12:24:02,0.2,0.2,14600,0.25,13840,80,234040
FINNIFTY02JAN2422800CE.NFO,02/01/2024,12:24:59,0.2,0.2,14600,0.25,13840,0,234040
FINNIFTY02JAN2422800CE.NFO,02/01/2024,12:25:05,0.2,0.2,13920,0.25,13840,1880,234040
FINNIFTY02JAN2422800CE.NFO,02/01/2024,12:25:24,0.2,0.2,13840,0.25,13840,80,234040
FINNIFTY02JAN2422800CE.NFO,02/01/2024,12:25:31,0.2,0.2,13800,0.25,13840,40,234040
FINNIFTY02JAN2422800CE.NFO,02/01/2024,12:25:39,0.2,0.2,9680,0.25,13840,2920,234040
FINNIFTY02JAN2422800CE.NFO,02/01/2024,12:26:04,0.2,0.2,9640,0.25,14080,40,234040
FINNIFTY02JAN2422800CE.NFO,02/01/2024,12:26:11,0.2,0.2,9600,0.25,13840,40,234040
FINNIFTY02JAN2422800CE.NFO,02/01/2024,12:26:23,0.2,0.2,9600,0.25,13840,0,234040
FINNIFTY02JAN2422800CE.NFO,02/01/2024,12:26:41,0.2,0.2,10120,0.25,13840,1800,234040
FINNIFTY02JAN2422800CE.NFO,02/01/2024,12:26:47,0.2,0.2,5520,0.25,14400,3680,234040
FINNIFTY02JAN2422800CE.NFO,02/01/2024,12:27:17,0.2,0.2,4440,0.25,15600,5400,234120
FINNIFTY02JAN2422800CE.NFO,02/01/2024,12:27:23,0.2,0.2,3760,0.25,15640,5200,234120
FINNIFTY02JAN2422800CE.NFO,02/01/2024,12:27:29,0.2,0.2,2760,0.25,15640,1000,234120
FINNIFTY02JAN2422800CE.NFO,02/01/2024,12:27:41,0.2,0.2,2720,0.25,15600,40,234120
FINNIFTY02JAN2422800CE.NFO,02/01/2024,12:28:02,0.2,0.2,1800,0.25,15600,920,234120
FINNIFTY02JAN2422800CE.NFO,02/01/2024,12:28:34,0.15,0.15,106640,0.25,15600,7200,234120
FINNIFTY02JAN2422800CE.NFO,02/01/2024,12:28:39,0.15,0.15,98040,0.2,17160,16000,234120
FINNIFTY02JAN2422800CE.NFO,02/01/2024,12:28:46,0.15,0.15,67120,0.2,42360,14400,234120
FINNIFTY02JAN2422800CE.NFO,02/01/2024,12:28:52,0.15,0.15,56320,0.2,44160,10800,234120
FINNIFTY02JAN2422800CE.NFO,02/01/2024,12:28:58,0.15,0.15,23200,0.2,44160,3600,234120
FINNIFTY02JAN2422800CE.NFO,02/01/2024,12:29:04,0.15,0.15,31040,0.2,26160,800,234120
FINNIFTY02JAN2422800CE.NFO,02/01/2024,12:29:11,0.2,0.15,68040,0.2,46720,1400,234120
FINNIFTY02JAN2422800CE.NFO,02/01/2024,12:29:18,0.2,0.15,73760,0.2,48520,0,234120
FINNIFTY02JAN2422800CE.NFO,02/01/2024,12:29:24,0.2,0.15,73760,0.2,50320,0,234120
FINNIFTY02JAN2422800CE.NFO,02/01/2024,12:29:30,0.2,0.15,73760,0.2,53920,0,234120
FINNIFTY02JAN2422800CE.NFO,02/01/2024,12:29:42,0.2,0.15,73760,0.2,57520,0,234120
FINNIFTY02JAN2422800CE.NFO,02/01/2024,12:29:48,0.2,0.15,73760,0.2,62920,0,234120
FINNIFTY02JAN2422800CE.NFO,02/01/2024,12:29:53,0.2,0.15,73760,0.2,64720,0,234120
FINNIFTY02JAN2422800CE.NFO,02/01/2024,12:29:59,0.2,0.15,73760,0.2,66520,0,234120
FINNIFTY02JAN2422800CE.NFO,02/01/2024,12:30:06,0.2,0.15,73760,0.2,68320,0,234120
FINNIFTY02JAN2422800CE.NFO,02/01/2024,12:30:23,0.2,0.15,73760,0.2,69920,2000,233800
FINNIFTY02JAN2422800CE.NFO,02/01/2024,12:30:41,0.2,0.15,73760,0.2,71720,0,233800
FINNIFTY02JAN2422800CE.NFO,02/01/2024,12:30:47,0.2,0.15,75560,0.2,73520,0,233800
FINNIFTY02JAN2422800CE.NFO,02/01/2024,12:31:37,0.2,0.15,76160,0.2,73520,0,233800
FINNIFTY02JAN2422800CE.NFO,02/01/2024,12:31:42,0.15,0.15,79480,0.2,73600,80,233800
FINNIFTY02JAN2422800CE.NFO,02/01/2024,12:32:51,0.15,0.15,77720,0.2,73520,0,233800
FINNIFTY02JAN2422800CE.NFO,02/01/2024,12:34:19,0.15,0.15,79480,0.2,73520,40,231800
FINNIFTY02JAN2422800CE.NFO,02/01/2024,12:34:49,0.15,0.15,77560,0.2,73520,120,231800
FINNIFTY02JAN2422800CE.NFO,02/01/2024,12:34:56,0.15,0.15,80920,0.2,73520,0,231800
FINNIFTY02JAN2422800CE.NFO,02/01/2024,12:36:49,0.15,0.15,80920,0.2,73600,0,231800
FINNIFTY02JAN2422800CE.NFO,02/01/2024,12:36:55,0.15,0.15,80920,0.2,73520,0,231800
FINNIFTY02JAN2422800CE.NFO,02/01/2024,12:37:33,0.15,0.15,70120,0.2,73520,0,231800
FINNIFTY02JAN2422800CE.NFO,02/01/2024,12:37:56,0.2,0.15,68320,0.2,72920,600,231800
FINNIFTY02JAN2422800CE.NFO,02/01/2024,12:38:14,0.2,0.15,66760,0.2,72920,0,231800
FINNIFTY02JAN2422800CE.NFO,02/01/2024,12:38:38,0.15,0.15,58800,0.2,72920,6160,231800
FINNIFTY02JAN2422800CE.NFO,02/01/2024,12:38:43,0.15,0.15,59720,0.2,76920,880,231800
FINNIFTY02JAN2422800CE.NFO,02/01/2024,12:38:48,0.15,0.15,49120,0.2,82920,8800,231800
FINNIFTY02JAN2422800CE.NFO,02/01/2024,12:38:53,0.15,0.15,49120,0.2,87240,0,231800
FINNIFTY02JAN2422800CE.NFO,02/01/2024,12:38:59,0.15,0.15,38320,0.2,87480,0,231800
FINNIFTY02JAN2422800CE.NFO,02/01/2024,12:39:04,0.15,0.15,14160,0.2,83640,0,231800
FINNIFTY02JAN2422800CE.NFO,02/01/2024,12:39:09,0.15,0.15,9760,0.2,69280,0,231800
FINNIFTY02JAN2422800CE.NFO,02/01/2024,12:39:14,0.15,0.15,12160,0.2,69240,0,231800
FINNIFTY02JAN2422800CE.NFO,02/01/2024,12:39:19,0.15,0.15,7960,0.2,73240,6160,233440
FINNIFTY02JAN2422800CE.NFO,02/01/2024,12:39:24,0.15,0.15,5400,0.2,68920,5760,233440
FINNIFTY02JAN2422800CE.NFO,02/01/2024,12:39:29,0.15,0.15,2080,0.2,66080,120,233440
FINNIFTY02JAN2422800CE.NFO,02/01/2024,12:39:35,0.15,0.15,2040,0.2,68960,0,233440
FINNIFTY02JAN2422800CE.NFO,02/01/2024,12:39:40,0.15,0.15,2040,0.2,68920,0,233440
FINNIFTY02JAN2422800CE.NFO,02/01/2024,12:39:45,0.15,0.15,2000,0.2,68920,0,233440
FINNIFTY02JAN2422800CE.NFO,02/01/2024,12:40:03,0.15,0.1,303040,0.15,57320,4120,233440
FINNIFTY02JAN2422800CE.NFO,02/01/2024,12:40:08,0.15,0.1,303040,0.15,57000,320,233440
FINNIFTY02JAN2422800CE.NFO,02/01/2024,12:40:13,0.15,0.1,304480,0.15,56800,200,233440
FINNIFTY02JAN2422800CE.NFO,02/01/2024,12:40:18,0.15,0.1,310280,0.15,56720,80,233440
FINNIFTY02JAN2422800CE.NFO,02/01/2024,12:40:25,0.15,0.1,313280,0.15,56520,200,233440
FINNIFTY02JAN2422800CE.NFO,02/01/2024,12:40:30,0.15,0.1,315280,0.15,56520,0,233440
FINNIFTY02JAN2422800CE.NFO,02/01/2024,12:41:05,0.15,0.1,315280,0.15,52920,3600,233440
FINNIFTY02JAN2422800CE.NFO,02/01/2024,12:41:16,0.15,0.1,306280,0.15,52920,0,233440
FINNIFTY02JAN2422800CE.NFO,02/01/2024,12:41:22,0.15,0.1,293680,0.15,52920,0,233440
FINNIFTY02JAN2422800CE.NFO,02/01/2024,12:41:27,0.15,0.1,296440,0.15,51120,1800,233440
FINNIFTY02JAN2422800CE.NFO,02/01/2024,12:41:33,0.15,0.1,302440,0.15,42120,13800,233440
FINNIFTY02JAN2422800CE.NFO,02/01/2024,12:41:40,0.15,0.1,302600,0.15,52920,3600,233440
FINNIFTY02JAN2422800CE.NFO,02/01/2024,12:41:47,0.15,0.1,309800,0.15,49320,3600,233440
FINNIFTY02JAN2422800CE.NFO,02/01/2024,12:41:53,0.15,0.1,309800,0.15,48920,400,231040
FINNIFTY02JAN2422800CE.NFO,02/01/2024,12:41:58,0.15,0.1,304400,0.15,52520,0,231040
FINNIFTY02JAN2422800CE.NFO,02/01/2024,12:42:03,0.15,0.1,300800,0.15,52400,120,231040
FINNIFTY02JAN2422800CE.NFO,02/01/2024,12:42:09,0.15,0.1,300800,0.15,52000,400,231040
FINNIFTY02JAN2422800CE.NFO,02/01/2024,12:42:21,0.15,0.1,300800,0.15,48800,5000,231040
FINNIFTY02JAN2422800CE.NFO,02/01/2024,12:42:32,0.15,0.1,300800,0.15,43800,5000,231040
FINNIFTY02JAN2422800CE.NFO,02/01/2024,12:42:38,0.15,0.1,300800,0.15,43600,200,231040
FINNIFTY02JAN2422800CE.NFO,02/01/2024,12:42:45,0.15,0.1,300800,0.15,43080,520,231040
FINNIFTY02JAN2422800CE.NFO,02/01/2024,12:42:56,0.1,0.1,300840,0.15,43080,40,231040
FINNIFTY02JAN2422800CE.NFO,02/01/2024,12:42:56,0.1,0.1,300840,0.15,43080,0,231040
FINNIFTY02JAN2422800CE.NFO,02/01/2024,12:43:02,0.15,0.1,300840,0.15,42880,200,231040
FINNIFTY02JAN2422800CE.NFO,02/01/2024,12:43:08,0.15,0.1,303720,0.15,42680,200,231040
FINNIFTY02JAN2422800CE.NFO,02/01/2024,12:43:13,0.15,0.1,311080,0.15,42680,0,231040
FINNIFTY02JAN2422800CE.NFO,02/01/2024,12:43:19,0.15,0.1,313960,0.15,42680,0,231040
FINNIFTY02JAN2422800CE.NFO,02/01/2024,12:43:25,0.15,0.1,318280,0.15,42680,0,231040
FINNIFTY02JAN2422800CE.NFO,02/01/2024,12:43:31,0.15,0.1,321160,0.15,42680,0,231040
FINNIFTY02JAN2422800CE.NFO,02/01/2024,12:43:37,0.15,0.1,325480,0.15,42480,200,231040
FINNIFTY02JAN2422800CE.NFO,02/01/2024,12:43:43,0.15,0.1,328360,0.15,42480,0,231040
FINNIFTY02JAN2422800CE.NFO,02/01/2024,12:44:01,0.15,0.1,328360,0.15,58080,0,231040
FINNIFTY02JAN2422800CE.NFO,02/01/2024,12:44:55,0.15,0.1,328360,0.15,58480,0,231040
FINNIFTY02JAN2422800CE.NFO,02/01/2024,12:45:50,0.15,0.1,328360,0.15,58280,200,230120
FINNIFTY02JAN2422800CE.NFO,02/01/2024,12:46:24,0.15,0.1,328360,0.15,58280,0,230120
FINNIFTY02JAN2422800CE.NFO,02/01/2024,12:46:46,0.1,0.1,326280,0.15,58280,2080,230120
FINNIFTY02JAN2422800CE.NFO,02/01/2024,12:46:58,0.1,0.1,326280,0.15,60480,0,230120
FINNIFTY02JAN2422800CE.NFO,02/01/2024,12:47:52,0.1,0.1,326040,0.15,60480,240,230120
FINNIFTY02JAN2422800CE.NFO,02/01/2024,12:47:57,0.1,0.1,322200,0.15,60480,3840,229920
FINNIFTY02JAN2422800CE.NFO,02/01/2024,12:48:04,0.1,0.1,322200,0.15,63680,0,229920
FINNIFTY02JAN2422800CE.NFO,02/01/2024,12:48:10,0.1,0.1,322200,0.15,65480,0,229920
FINNIFTY02JAN2422800CE.NFO,02/01/2024,12:48:15,0.1,0.1,322200,0.15,66280,0,229920
FINNIFTY02JAN2422800CE.NFO,02/01/2024,12:49:23,0.15,0.1,322800,0.15,65680,600,229920
FINNIFTY02JAN2422800CE.NFO,02/01/2024,12:49:57,0.15,0.1,322800,0.15,65680,0,229920
FINNIFTY02JAN2422800CE.NFO,02/01/2024,12:50:37,0.15,0.1,322800,0.15,63760,1920,229920
FINNIFTY02JAN2422800CE.NFO,02/01/2024,12:50:43,0.15,0.1,317400,0.15,62920,840,229920
FINNIFTY02JAN2422800CE.NFO,02/01/2024,12:51:12,0.15,0.1,317400,0.15,63160,0,229920
FINNIFTY02JAN2422800CE.NFO,02/01/2024,12:51:18,0.15,0.1,317400,0.15,62920,0,229920
FINNIFTY02JAN2422800CE.NFO,02/01/2024,12:51:25,0.15,0.1,317520,0.15,62720,200,226560
FINNIFTY02JAN2422800CE.NFO,02/01/2024,12:51:37,0.15,0.1,317520,0.15,62720,0,226560
FINNIFTY02JAN2422800CE.NFO,02/01/2024,12:52:27,0.15,0.1,324720,0.15,62720,0,226560
FINNIFTY02JAN2422800CE.NFO,02/01/2024,12:52:31,0.15,0.1,326520,0.15,62720,0,226560
FINNIFTY02JAN2422800CE.NFO,02/01/2024,12:52:36,0.15,0.1,326520,0.15,63720,0,226560
FINNIFTY02JAN2422800CE.NFO,02/01/2024,12:52:45,0.15,0.1,326520,0.15,63320,400,226560
FINNIFTY02JAN2422800CE.NFO,02/01/2024,12:53:21,0.15,0.1,326520,0.15,63320,0,226560
FINNIFTY02JAN2422800CE.NFO,02/01/2024,12:53:26,0.15,0.1,326400,0.15,63320,0,226560
FINNIFTY02JAN2422800CE.NFO,02/01/2024,12:53:32,0.15,0.1,326520,0.15,63320,0,226560
FINNIFTY02JAN2422800CE.NFO,02/01/2024,12:53:36,0.15,0.1,317520,0.15,63320,0,226560
FINNIFTY02JAN2422800CE.NFO,02/01/2024,12:53:47,0.15,0.1,317520,0.15,61520,1800,226560
FINNIFTY02JAN2422800CE.NFO,02/01/2024,12:53:52,0.15,0.1,317520,0.15,61320,200,226560
FINNIFTY02JAN2422800CE.NFO,02/01/2024,12:53:57,0.15,0.1,317520,0.15,61200,120,224360
FINNIFTY02JAN2422800CE.NFO,02/01/2024,12:54:11,0.1,0.1,317480,0.15,61200,40,224360
FINNIFTY02JAN2422800CE.NFO,02/01/2024,12:54:25,0.1,0.1,317680,0.15,61200,0,224360
FINNIFTY02JAN2422800CE.NFO,02/01/2024,12:54:29,0.1,0.1,312360,0.15,61200,5320,224360
FINNIFTY02JAN2422800CE.NFO,02/01/2024,12:54:35,0.1,0.1,312360,0.15,63000,0,224360
FINNIFTY02JAN2422800CE.NFO,02/01/2024,12:54:39,0.1,0.1,305160,0.15,63000,0,224360
FINNIFTY02JAN2422800CE.NFO,02/01/2024,12:54:43,0.1,0.1,276960,0.15,63000,0,224360
FINNIFTY02JAN2422800CE.NFO,02/01/2024,12:54:47,0.1,0.1,249600,0.15,63000,0,224360
FINNIFTY02JAN2422800CE.NFO,02/01/2024,12:54:55,0.1,0.1,246000,0.15,63000,0,224360
FINNIFTY02JAN2422800CE.NFO,02/01/2024,12:54:59,0.1,0.1,245800,0.15,64800,200,224360
FINNIFTY02JAN2422800CE.NFO,02/01/2024,12:55:04,0.1,0.1,245800,0.15,67560,0,224360
FINNIFTY02JAN2422800CE.NFO,02/01/2024,12:55:22,0.1,0.1,226000,0.15,65800,0,224360
FINNIFTY02JAN2422800CE.NFO,02/01/2024,12:55:39,0.1,0.1,225880,0.15,65760,120,224360
FINNIFTY02JAN2422800CE.NFO,02/01/2024,12:55:45,0.15,0.1,225880,0.15,65560,200,224360
FINNIFTY02JAN2422800CE.NFO,02/01/2024,12:56:25,0.15,0.1,225880,0.15,65680,0,224360
FINNIFTY02JAN2422800CE.NFO,02/01/2024,12:56:51,0.15,0.1,225640,0.15,67480,0,224360
FINNIFTY02JAN2422800CE.NFO,02/01/2024,12:57:02,0.15,0.1,225640,0.15,65680,0,224360
FINNIFTY02JAN2422800CE.NFO,02/01/2024,12:57:11,0.15,0.1,225880,0.15,67480,0,224360
FINNIFTY02JAN2422800CE.NFO,02/01/2024,12:57:27,0.15,0.1,225880,0.15,65680,0,224360
FINNIFTY02JAN2422800CE.NFO,02/01/2024,12:59:18,0.15,0.1,214960,0.15,65680,0,224360
FINNIFTY02JAN2422800CE.NFO,02/01/2024,13:01:13,0.1,0.1,209520,0.15,65680,40,224360
FINNIFTY02JAN2422800CE.NFO,02/01/2024,13:01:19,0.1,0.1,202280,0.15,65680,0,224360
FINNIFTY02JAN2422800CE.NFO,02/01/2024,13:01:25,0.1,0.1,189000,0.15,65680,2480,224360
FINNIFTY02JAN2422800CE.NFO,02/01/2024,13:01:31,0.1,0.1,209800,0.15,65680,0,224360
FINNIFTY02JAN2422800CE.NFO,02/01/2024,13:01:38,0.1,0.1,222600,0.15,65680,0,224360
FINNIFTY02JAN2422800CE.NFO,02/01/2024,13:01:46,0.1,0.1,210600,0.15,65680,0,224360
FINNIFTY02JAN2422800CE.NFO,02/01/2024,13:01:52,0.1,0.1,210600,0.15,68080,0,224360
FINNIFTY02JAN2422800CE.NFO,02/01/2024,13:01:59,0.1,0.1,210600,0.15,68200,0,224360
FINNIFTY02JAN2422800CE.NFO,02/01/2024,13:02:06,0.1,0.1,198000,0.15,68200,0,224360
FINNIFTY02JAN2422800CE.NFO,02/01/2024,13:02:14,0.1,0.1,174600,0.15,68200,0,224360
FINNIFTY02JAN2422800CE.NFO,02/01/2024,13:02:21,0.1,0.1,144600,0.15,68200,0,224360
FINNIFTY02JAN2422800CE.NFO,02/01/2024,13:02:45,0.1,0.1,124800,0.15,68200,0,224360
FINNIFTY02JAN2422800CE.NFO,02/01/2024,13:03:07,0.15,0.1,124800,0.15,65400,1000,224360
FINNIFTY02JAN2422800CE.NFO,02/01/2024,13:03:14,0.15,0.1,124800,0.15,65440,0,224360
FINNIFTY02JAN2422800CE.NFO,02/01/2024,13:04:03,0.15,0.1,124800,0.15,67280,0,224360
FINNIFTY02JAN2422800CE.NFO,02/01/2024,13:04:13,0.15,0.1,123000,0.15,67240,0,224360
FINNIFTY02JAN2422800CE.NFO,02/01/2024,13:04:32,0.15,0.1,119400,0.15,72640,0,224360
FINNIFTY02JAN2422800CE.NFO,02/01/2024,13:04:40,0.15,0.1,119400,0.15,74440,0,224360
FINNIFTY02JAN2422800CE.NFO,02/01/2024,13:04:49,0.15,0.1,119400,0.15,78040,0,224360
FINNIFTY02JAN2422800CE.NFO,02/01/2024,13:04:57,0.15,0.1,103200,0.15,79840,0,224360
FINNIFTY02JAN2422800CE.NFO,02/01/2024,13:05:04,0.15,0.1,103200,0.15,81640,0,224360
FINNIFTY02JAN2422800CE.NFO,02/01/2024,13:05:11,0.15,0.1,94200,0.15,83440,0,224360
FINNIFTY02JAN2422800CE.NFO,02/01/2024,13:05:17,0.15,0.1,89200,0.15,83440,0,224360
FINNIFTY02JAN2422800CE.NFO,02/01/2024,13:05:28,0.15,0.1,89200,0.15,88840,0,224360
FINNIFTY02JAN2422800CE.NFO,02/01/2024,13:05:34,0.15,0.1,89200,0.15,90640,0,224360
FINNIFTY02JAN2422800CE.NFO,02/01/2024,13:05:39,0.15,0.1,89200,0.15,92440,0,224360
FINNIFTY02JAN2422800CE.NFO,02/01/2024,13:05:45,0.15,0.1,89200,0.15,94240,0,224360
FINNIFTY02JAN2422800CE.NFO,02/01/2024,13:06:04,0.15,0.1,91000,0.15,94240,0,224360
FINNIFTY02JAN2422800CE.NFO,02/01/2024,13:06:10,0.15,0.1,92800,0.15,96040,0,224360
FINNIFTY02JAN2422800CE.NFO,02/01/2024,13:06:16,0.15,0.1,87400,0.15,96040,0,224360
FINNIFTY02JAN2422800CE.NFO,02/01/2024,13:06:21,0.15,0.1,73000,0.15,96040,0,224360
FINNIFTY02JAN2422800CE.NFO,02/01/2024,13:06:27,0.15,0.1,73000,0.15,94240,0,224360
FINNIFTY02JAN2422800CE.NFO,02/01/2024,13:06:32,0.15,0.1,74840,0.15,94240,0,224360
FINNIFTY02JAN2422800CE.NFO,02/01/2024,13:07:36,0.15,0.1,67640,0.15,94240,0,224360
FINNIFTY02JAN2422800CE.NFO,02/01/2024,13:08:06,0.1,0.1,72920,0.15,94240,120,224360
FINNIFTY02JAN2422800CE.NFO,02/01/2024,13:08:12,0.1,0.1,91920,0.15,94240,0,224360
FINNIFTY02JAN2422800CE.NFO,02/01/2024,13:08:18,0.1,0.1,106720,0.15,96040,0,224360
FINNIFTY02JAN2422800CE.NFO,02/01/2024,13:08:31,0.1,0.1,106520,0.15,96040,200,224360
FINNIFTY02JAN2422800CE.NFO,02/01/2024,13:09:02,0.1,0.1,72320,0.15,96040,0,224360
FINNIFTY02JAN2422800CE.NFO,02/01/2024,13:09:35,0.1,0.1,72320,0.15,94240,0,224360
FINNIFTY02JAN2422800CE.NFO,02/01/2024,13:09:40,0.1,0.1,76320,0.15,94240,0,224360
FINNIFTY02JAN2422800CE.NFO,02/01/2024,13:09:45,0.1,0.1,81120,0.15,94240,0,224360
FINNIFTY02JAN2422800CE.NFO,02/01/2024,13:09:50,0.1,0.1,81120,0.15,88840,0,224360
FINNIFTY02JAN2422800CE.NFO,02/01/2024,13:10:01,0.1,0.1,77560,0.15,94280,5400,224360
FINNIFTY02JAN2422800CE.NFO,02/01/2024,13:10:06,0.1,0.1,79360,0.15,94240,0,224360
FINNIFTY02JAN2422800CE.NFO,02/01/2024,13:10:12,0.1,0.1,81160,0.15,94320,0,224360
FINNIFTY02JAN2422800CE.NFO,02/01/2024,13:10:17,0.1,0.1,81160,0.15,94520,0,224360
FINNIFTY02JAN2422800CE.NFO,02/01/2024,13:10:23,0.1,0.1,81160,0.15,96360,0,224360
FINNIFTY02JAN2422800CE.NFO,02/01/2024,13:10:28,0.1,0.1,81120,0.15,96360,0,224360
FINNIFTY02JAN2422800CE.NFO,02/01/2024,13:10:33,0.1,0.1,82920,0.15,96360,0,224360
FINNIFTY02JAN2422800CE.NFO,02/01/2024,13:10:37,0.1,0.1,84720,0.15,96360,0,224360
FINNIFTY02JAN2422800CE.NFO,02/01/2024,13:10:47,0.1,0.1,85520,0.15,96360,0,224360
FINNIFTY02JAN2422800CE.NFO,02/01/2024,13:10:51,0.1,0.1,88720,0.15,96360,0,224360
FINNIFTY02JAN2422800CE.NFO,02/01/2024,13:11:01,0.1,0.1,90320,0.15,96360,0,224360
FINNIFTY02JAN2422800CE.NFO,02/01/2024,13:12:06,0.15,0.1,90320,0.15,96520,120,224360
FINNIFTY02JAN2422800CE.NFO,02/01/2024,13:12:11,0.15,0.1,90320,0.15,96080,200,224360
FINNIFTY02JAN2422800CE.NFO,02/01/2024,13:12:16,0.15,0.1,90320,0.15,95880,200,224360
FINNIFTY02JAN2422800CE.NFO,02/01/2024,13:12:21,0.15,0.1,90320,0.15,95680,200,224360
FINNIFTY02JAN2422800CE.NFO,02/01/2024,13:12:26,0.15,0.1,90320,0.15,95520,160,224360
FINNIFTY02JAN2422800CE.NFO,02/01/2024,13:12:31,0.15,0.1,90320,0.15,95320,200,224360
FINNIFTY02JAN2422800CE.NFO,02/01/2024,13:12:35,0.15,0.1,90320,0.15,95160,160,224360
FINNIFTY02JAN2422800CE.NFO,02/01/2024,13:12:41,0.15,0.1,90320,0.15,94960,200,224360
FINNIFTY02JAN2422800CE.NFO,02/01/2024,13:12:46,0.15,0.1,90200,0.15,94800,280,224360
FINNIFTY02JAN2422800CE.NFO,02/01/2024,13:13:05,0.15,0.1,90200,0.15,94920,0,224360
FINNIFTY02JAN2422800CE.NFO,02/01/2024,13:13:47,0.15,0.1,90200,0.15,95160,0,224360
FINNIFTY02JAN2422800CE.NFO,02/01/2024,13:13:58,0.15,0.1,88600,0.15,95160,0,224360
FINNIFTY02JAN2422800CE.NFO,02/01/2024,13:14:04,0.15,0.1,88600,0.15,95120,40,224360
FINNIFTY02JAN2422800CE.NFO,02/01/2024,13:14:09,0.15,0.1,88480,0.15,95000,240,224360
FINNIFTY02JAN2422800CE.NFO,02/01/2024,13:14:14,0.15,0.1,88480,0.15,94920,80,224360
FINNIFTY02JAN2422800CE.NFO,02/01/2024,13:14:20,0.15,0.1,88480,0.15,94760,160,224360
FINNIFTY02JAN2422800CE.NFO,02/01/2024,13:14:25,0.15,0.1,88480,0.15,94400,120,224360
FINNIFTY02JAN2422800CE.NFO,02/01/2024,13:14:30,0.15,0.1,88480,0.15,94280,120,224360
FINNIFTY02JAN2422800CE.NFO,02/01/2024,13:14:41,0.15,0.1,84480,0.15,94280,0,224360
FINNIFTY02JAN2422800CE.NFO,02/01/2024,13:15:19,0.15,0.1,84480,0.15,94400,0,224360
FINNIFTY02JAN2422800CE.NFO,02/01/2024,13:15:53,0.15,0.1,84480,0.15,96200,0,224360
FINNIFTY02JAN2422800CE.NFO,02/01/2024,13:16:44,0.15,0.1,84480,0.15,97000,0,224360
FINNIFTY02JAN2422800CE.NFO,02/01/2024,13:16:54,0.15,0.1,84480,0.15,96960,40,222120
FINNIFTY02JAN2422800CE.NFO,02/01/2024,13:17:03,0.15,0.1,84480,0.15,96840,120,222120
FINNIFTY02JAN2422800CE.NFO,02/01/2024,13:19:00,0.15,0.1,84480,0.15,97520,1120,221960
FINNIFTY02JAN2422800CE.NFO,02/01/2024,13:19:14,0.15,0.1,84480,0.15,96720,0,221960
FINNIFTY02JAN2422800CE.NFO,02/01/2024,13:20:21,0.1,0.1,84280,0.15,96720,200,221960
FINNIFTY02JAN2422800CE.NFO,02/01/2024,13:20:25,0.1,0.1,84040,0.15,96720,240,221960
FINNIFTY02JAN2422800CE.NFO,02/01/2024,13:20:39,0.1,0.1,83840,0.15,96720,200,221960
FINNIFTY02JAN2422800CE.NFO,02/01/2024,13:20:55,0.1,0.1,83840,0.15,96720,0,221960
FINNIFTY02JAN2422800CE.NFO,02/01/2024,13:21:43,0.1,0.1,82040,0.15,96720,0,221960
FINNIFTY02JAN2422800CE.NFO,02/01/2024,13:23:25,0.1,0.1,81800,0.15,96720,240,221480
FINNIFTY02JAN2422800CE.NFO,02/01/2024,13:23:32,0.1,0.1,81600,0.15,96720,200,221480
FINNIFTY02JAN2422800CE.NFO,02/01/2024,13:23:48,0.1,0.1,81320,0.15,94920,280,221480
FINNIFTY02JAN2422800CE.NFO,02/01/2024,13:24:05,0.1,0.1,81160,0.15,96760,160,222200
FINNIFTY02JAN2422800CE.NFO,02/01/2024,13:24:14,0.1,0.1,75760,0.15,96760,240,222200
FINNIFTY02JAN2422800CE.NFO,02/01/2024,13:24:25,0.1,0.1,70600,0.15,96760,0,222200
FINNIFTY02JAN2422800CE.NFO,02/01/2024,13:24:30,0.1,0.1,38360,0.15,96280,240,222200
FINNIFTY02JAN2422800CE.NFO,02/01/2024,13:24:41,0.1,0.1,36560,0.15,96240,0,222200
FINNIFTY02JAN2422800CE.NFO,02/01/2024,13:24:46,0.1,0.1,34720,0.15,98040,0,222200
FINNIFTY02JAN2422800CE.NFO,02/01/2024,13:24:51,0.1,0.1,32880,0.15,98040,0,222200
FINNIFTY02JAN2422800CE.NFO,02/01/2024,13:24:57,0.1,0.1,31080,0.15,98040,0,222200
FINNIFTY02JAN2422800CE.NFO,02/01/2024,13:25:02,0.1,0.1,29240,0.15,96240,0,222200
FINNIFTY02JAN2422800CE.NFO,02/01/2024,13:25:17,0.1,0.1,27440,0.15,94480,0,222200
FINNIFTY02JAN2422800CE.NFO,02/01/2024,13:25:22,0.1,0.1,24600,0.15,93480,2800,222200
FINNIFTY02JAN2422800CE.NFO,02/01/2024,13:25:27,0.1,0.1,23760,0.15,94480,800,222200
FINNIFTY02JAN2422800CE.NFO,02/01/2024,13:25:33,0.1,0.1,23760,0.15,90880,3600,222200
FINNIFTY02JAN2422800CE.NFO,02/01/2024,13:25:39,0.1,0.1,21960,0.15,92680,0,222200
FINNIFTY02JAN2422800CE.NFO,02/01/2024,13:25:45,0.1,0.1,21800,0.15,90880,160,222200
FINNIFTY02JAN2422800CE.NFO,02/01/2024,13:25:51,0.1,0.1,21800,0.15,90880,0,222200
FINNIFTY02JAN2422800CE.NFO,02/01/2024,13:25:56,0.1,0.1,21280,0.15,92680,520,222200
FINNIFTY02JAN2422800CE.NFO,02/01/2024,13:26:06,0.1,0.1,20800,0.15,90880,480,222200
FINNIFTY02JAN2422800CE.NFO,02/01/2024,13:26:11,0.1,0.1,22840,0.15,90880,0,222200
FINNIFTY02JAN2422800CE.NFO,02/01/2024,13:26:46,0.1,0.1,22440,0.15,90880,400,222200
FINNIFTY02JAN2422800CE.NFO,02/01/2024,13:27:19,0.1,0.1,22440,0.15,90880,0,222200
FINNIFTY02JAN2422800CE.NFO,02/01/2024,13:27:24,0.1,0.1,11240,0.15,89080,2400,220880
FINNIFTY02JAN2422800CE.NFO,02/01/2024,13:27:41,0.1,0.1,11040,0.15,89080,200,220880
FINNIFTY02JAN2422800CE.NFO,02/01/2024,13:28:02,0.1,0.1,14240,0.15,90880,0,220880
FINNIFTY02JAN2422800CE.NFO,02/01/2024,13:28:07,0.1,0.1,18240,0.15,90880,0,220880
FINNIFTY02JAN2422800CE.NFO,02/01/2024,13:28:11,0.1,0.1,11040,0.15,90880,0,220880
FINNIFTY02JAN2422800CE.NFO,02/01/2024,13:28:15,0.1,0.1,7920,0.15,90880,3120,220880
FINNIFTY02JAN2422800CE.NFO,02/01/2024,13:28:25,0.1,0.1,7920,0.15,90880,0,220880
FINNIFTY02JAN2422800CE.NFO,02/01/2024,13:28:35,0.1,0.1,7920,0.15,87280,0,220880
FINNIFTY02JAN2422800CE.NFO,02/01/2024,13:28:40,0.1,0.1,7920,0.15,92680,0,220880
FINNIFTY02JAN2422800CE.NFO,02/01/2024,13:28:49,0.1,0.1,7920,0.15,90880,0,220880
FINNIFTY02JAN2422800CE.NFO,02/01/2024,13:29:06,0.1,0.1,7720,0.15,89080,200,220880
FINNIFTY02JAN2422800CE.NFO,02/01/2024,13:29:11,0.1,0.05,383520,0.1,24680,7720,220880
FINNIFTY02JAN2422800CE.NFO,02/01/2024,13:29:15,0.05,0.05,381520,0.1,30680,800,220880
FINNIFTY02JAN2422800CE.NFO,02/01/2024,13:29:15,0.05,0.05,381520,0.1,30680,0,220880
FINNIFTY02JAN2422800CE.NFO,02/01/2024,13:29:19,0.05,0.05,379720,0.1,29760,3600,220880
FINNIFTY02JAN2422800CE.NFO,02/01/2024,13:29:23,0.05,0.05,386920,0.1,33360,0,220880
FINNIFTY02JAN2422800CE.NFO,02/01/2024,13:29:29,0.05,0.05,386920,0.1,36720,0,220880
FINNIFTY02JAN2422800CE.NFO,02/01/2024,13:29:39,0.05,0.05,386920,0.1,38520,0,220880
FINNIFTY02JAN2422800CE.NFO,02/01/2024,13:29:52,0.05,0.05,377920,0.1,38520,0,220880
FINNIFTY02JAN2422800CE.NFO,02/01/2024,13:30:11,0.05,0.05,377920,0.1,47280,0,220880
FINNIFTY02JAN2422800CE.NFO,02/01/2024,13:31:03,0.1,0.05,379720,0.1,48760,80,223240
FINNIFTY02JAN2422800CE.NFO,02/01/2024,13:31:19,0.1,0.05,379720,0.1,48760,0,223240
FINNIFTY02JAN2422800CE.NFO,02/01/2024,13:31:35,0.05,0.05,378440,0.1,48760,1280,223240
FINNIFTY02JAN2422800CE.NFO,02/01/2024,13:31:41,0.05,0.05,378160,0.1,48760,280,223240
FINNIFTY02JAN2422800CE.NFO,02/01/2024,13:31:53,0.1,0.05,378160,0.1,48760,1800,223240
FINNIFTY02JAN2422800CE.NFO,02/01/2024,13:32:44,0.1,0.05,378160,0.1,46280,4400,223240
FINNIFTY02JAN2422800CE.NFO,02/01/2024,13:32:55,0.05,0.05,378120,0.1,51440,40,223240
FINNIFTY02JAN2422800CE.NFO,02/01/2024,13:33:05,0.05,0.05,379880,0.1,51440,40,220400
FINNIFTY02JAN2422800CE.NFO,02/01/2024,13:33:20,0.1,0.05,379880,0.1,49560,80,220400
FINNIFTY02JAN2422800CE.NFO,02/01/2024,13:33:28,0.1,0.05,380080,0.1,49560,0,220400
FINNIFTY02JAN2422800CE.NFO,02/01/2024,13:33:43,0.1,0.05,380080,0.1,52920,0,220400
FINNIFTY02JAN2422800CE.NFO,02/01/2024,13:33:53,0.1,0.05,380080,0.1,52800,0,220400
FINNIFTY02JAN2422800CE.NFO,02/01/2024,13:34:32,0.1,0.05,380080,0.1,52480,320,220400
FINNIFTY02JAN2422800CE.NFO,02/01/2024,13:34:39,0.1,0.05,376280,0.1,52480,0,220400
FINNIFTY02JAN2422800CE.NFO,02/01/2024,13:34:45,0.1,0.05,376280,0.1,53560,720,220400
FINNIFTY02JAN2422800CE.NFO,02/01/2024,13:35:26,0.1,0.05,377480,0.1,51760,0,220400
FINNIFTY02JAN2422800CE.NFO,02/01/2024,13:37:12,0.1,0.05,377480,0.1,51880,0,220400
FINNIFTY02JAN2422800CE.NFO,02/01/2024,13:37:40,0.05,0.05,376280,0.1,51880,1200,219360
FINNIFTY02JAN2422800CE.NFO,02/01/2024,13:37:54,0.05,0.05,372680,0.1,53240,0,219360
FINNIFTY02JAN2422800CE.NFO,02/01/2024,13:37:59,0.05,0.05,367280,0.1,53240,0,219360
FINNIFTY02JAN2422800CE.NFO,02/01/2024,13:38:05,0.05,0.05,361880,0.1,53240,0,219360
FINNIFTY02JAN2422800CE.NFO,02/01/2024,13:38:11,0.05,0.05,356480,0.1,53240,0,219360
FINNIFTY02JAN2422800CE.NFO,02/01/2024,13:38:17,0.05,0.05,351080,0.1,53240,0,219360
FINNIFTY02JAN2422800CE.NFO,02/01/2024,13:38:22,0.05,0.05,345680,0.1,53240,0,219360
FINNIFTY02JAN2422800CE.NFO,02/01/2024,13:38:27,0.05,0.05,342080,0.1,53240,0,219360
FINNIFTY02JAN2422800CE.NFO,02/01/2024,13:38:32,0.05,0.05,336680,0.1,53240,0,219360
FINNIFTY02JAN2422800CE.NFO,02/01/2024,13:38:38,0.05,0.05,331280,0.1,53240,0,219360
FINNIFTY02JAN2422800CE.NFO,02/01/2024,13:38:44,0.05,0.05,327680,0.1,53240,0,219360
FINNIFTY02JAN2422800CE.NFO,02/01/2024,13:38:50,0.05,0.05,322280,0.1,53240,0,219360
FINNIFTY02JAN2422800CE.NFO,02/01/2024,13:38:55,0.05,0.05,316880,0.1,53240,0,219360
FINNIFTY02JAN2422800CE.NFO,02/01/2024,13:39:00,0.05,0.05,315080,0.1,53240,0,219360
FINNIFTY02JAN2422800CE.NFO,02/01/2024,13:39:36,0.05,0.05,316880,0.1,56840,0,219360
FINNIFTY02JAN2422800CE.NFO,02/01/2024,13:39:45,0.05,0.05,316880,0.1,60200,0,219360
FINNIFTY02JAN2422800CE.NFO,02/01/2024,13:39:51,0.05,0.05,316880,0.1,63800,0,219360
FINNIFTY02JAN2422800CE.NFO,02/01/2024,13:39:56,0.05,0.05,316880,0.1,65360,0,219360
FINNIFTY02JAN2422800CE.NFO,02/01/2024,13:40:06,0.05,0.05,316880,0.1,67160,0,219360
FINNIFTY02JAN2422800CE.NFO,02/01/2024,13:40:11,0.05,0.05,316880,0.1,68960,0,219360
FINNIFTY02JAN2422800CE.NFO,02/01/2024,13:40:15,0.05,0.05,316880,0.1,72320,0,219360
FINNIFTY02JAN2422800CE.NFO,02/01/2024,13:40:25,0.05,0.05,316880,0.1,74120,0,219360
FINNIFTY02JAN2422800CE.NFO,02/01/2024,13:40:29,0.05,0.05,316880,0.1,75920,0,219360
FINNIFTY02JAN2422800CE.NFO,02/01/2024,13:40:33,0.05,0.05,316880,0.1,77720,0,219360
FINNIFTY02JAN2422800CE.NFO,02/01/2024,13:40:42,0.05,0.05,316880,0.1,79520,0,219360
FINNIFTY02JAN2422800CE.NFO,02/01/2024,13:40:46,0.05,0.05,316880,0.1,81320,0,219360
FINNIFTY02JAN2422800CE.NFO,02/01/2024,13:41:20,0.1,0.05,316880,0.1,79840,1480,219360
FINNIFTY02JAN2422800CE.NFO,02/01/2024,13:41:25,0.1,0.05,316880,0.1,78360,1480,219360
FINNIFTY02JAN2422800CE.NFO,02/01/2024,13:41:32,0.1,0.05,316880,0.1,76880,1480,219360
FINNIFTY02JAN2422800CE.NFO,02/01/2024,13:41:44,0.1,0.05,320560,0.1,77200,1480,219360
FINNIFTY02JAN2422800CE.NFO,02/01/2024,13:41:49,0.1,0.05,320560,0.1,77280,1480,219360
FINNIFTY02JAN2422800CE.NFO,02/01/2024,13:42:02,0.1,0.05,323440,0.1,74800,680,219360
FINNIFTY02JAN2422800CE.NFO,02/01/2024,13:42:18,0.1,0.05,323440,0.1,74760,40,219360
FINNIFTY02JAN2422800CE.NFO,02/01/2024,13:42:44,0.05,0.05,322440,0.1,73400,1000,219360
FINNIFTY02JAN2422800CE.NFO,02/01/2024,13:42:50,0.05,0.05,322440,0.1,78360,0,219360
FINNIFTY02JAN2422800CE.NFO,02/01/2024,13:43:06,0.05,0.05,327920,0.1,75200,0,219360
FINNIFTY02JAN2422800CE.NFO,02/01/2024,13:43:11,0.05,0.05,317120,0.1,78360,0,219360
FINNIFTY02JAN2422800CE.NFO,02/01/2024,13:43:15,0.05,0.05,290720,0.1,78360,0,219360
FINNIFTY02JAN2422800CE.NFO,02/01/2024,13:43:31,0.05,0.05,290800,0.1,76560,0,219360
FINNIFTY02JAN2422800CE.NFO,02/01/2024,13:43:46,0.05,0.05,290720,0.1,78360,0,219360
FINNIFTY02JAN2422800CE.NFO,02/01/2024,13:44:20,0.05,0.05,281720,0.1,78360,0,219360
FINNIFTY02JAN2422800CE.NFO,02/01/2024,13:44:28,0.05,0.05,227720,0.1,78360,0,219360
FINNIFTY02JAN2422800CE.NFO,02/01/2024,13:44:40,0.05,0.05,227760,0.1,78360,0,219360
FINNIFTY02JAN2422800CE.NFO,02/01/2024,13:44:59,0.05,0.05,218760,0.1,78360,0,219360
FINNIFTY02JAN2422800CE.NFO,02/01/2024,13:45:34,0.05,0.05,218720,0.1,78360,40,219360
FINNIFTY02JAN2422800CE.NFO,02/01/2024,13:46:07,0.05,0.05,218000,0.1,76560,0,219360
FINNIFTY02JAN2422800CE.NFO,02/01/2024,13:46:17,0.05,0.05,218000,0.1,75840,0,219360
FINNIFTY02JAN2422800CE.NFO,02/01/2024,13:46:23,0.05,0.05,213160,0.1,63400,360,219360
FINNIFTY02JAN2422800CE.NFO,02/01/2024,13:47:48,0.05,0.05,213160,0.1,63400,0,219360
FINNIFTY02JAN2422800CE.NFO,02/01/2024,13:47:56,0.05,0.05,208480,0.1,51520,0,219360
FINNIFTY02JAN2422800CE.NFO,02/01/2024,13:50:20,0.1,0.05,218560,0.1,36280,30000,219320
FINNIFTY02JAN2422800CE.NFO,02/01/2024,13:50:31,0.1,0.05,213160,0.1,15880,0,219320
FINNIFTY02JAN2422800CE.NFO,02/01/2024,13:50:43,0.1,0.05,213160,0.1,36880,0,219320
FINNIFTY02JAN2422800CE.NFO,02/01/2024,13:50:54,0.1,0.05,213160,0.1,34120,0,219320
FINNIFTY02JAN2422800CE.NFO,02/01/2024,13:51:01,0.1,0.05,213160,0.1,33680,0,219320
FINNIFTY02JAN2422800CE.NFO,02/01/2024,13:51:22,0.1,0.05,213160,0.1,42440,0,219320
FINNIFTY02JAN2422800CE.NFO,02/01/2024,13:51:26,0.05,0.05,209560,0.1,43120,8080,201320
FINNIFTY02JAN2422800CE.NFO,02/01/2024,13:51:31,0.05,0.05,211840,0.1,36520,4800,201320
FINNIFTY02JAN2422800CE.NFO,02/01/2024,13:51:35,0.05,0.05,212840,0.1,34720,0,201320
FINNIFTY02JAN2422800CE.NFO,02/01/2024,13:51:43,0.05,0.05,212840,0.1,38080,0,201320
FINNIFTY02JAN2422800CE.NFO,02/01/2024,13:51:48,0.05,0.05,212840,0.1,34760,0,201320
FINNIFTY02JAN2422800CE.NFO,02/01/2024,13:51:52,0.05,0.05,212840,0.1,32720,0,201320
FINNIFTY02JAN2422800CE.NFO,02/01/2024,13:51:56,0.05,0.05,214040,0.1,40880,0,201320
FINNIFTY02JAN2422800CE.NFO,02/01/2024,13:52:05,0.05,0.05,214040,0.1,49240,0,201320
FINNIFTY02JAN2422800CE.NFO,02/01/2024,13:52:18,0.05,0.05,214040,0.1,47960,0,201320
FINNIFTY02JAN2422800CE.NFO,02/01/2024,13:52:29,0.05,0.05,208640,0.1,33360,0,201320
FINNIFTY02JAN2422800CE.NFO,02/01/2024,13:52:50,0.05,0.05,208640,0.1,37880,0,201320
FINNIFTY02JAN2422800CE.NFO,02/01/2024,13:53:26,0.1,0.05,208640,0.1,40760,40,201320
FINNIFTY02JAN2422800CE.NFO,02/01/2024,13:53:32,0.1,0.05,210440,0.1,44200,160,201320
FINNIFTY02JAN2422800CE.NFO,02/01/2024,13:53:38,0.1,0.05,210440,0.1,43960,240,201320
FINNIFTY02JAN2422800CE.NFO,02/01/2024,13:53:43,0.1,0.05,210440,0.1,43760,200,201320
FINNIFTY02JAN2422800CE.NFO,02/01/2024,13:53:49,0.1,0.05,219440,0.1,43640,120,201320
FINNIFTY02JAN2422800CE.NFO,02/01/2024,13:53:55,0.1,0.05,228440,0.1,43520,120,201320
FINNIFTY02JAN2422800CE.NFO,02/01/2024,13:54:18,0.05,0.05,227560,0.1,46880,880,201320
FINNIFTY02JAN2422800CE.NFO,02/01/2024,13:54:24,0.05,0.05,227560,0.1,48680,0,201320
FINNIFTY02JAN2422800CE.NFO,02/01/2024,13:54:45,0.05,0.05,227560,0.1,49000,0,201320
FINNIFTY02JAN2422800CE.NFO,02/01/2024,13:54:50,0.05,0.05,214960,0.1,49000,0,201320
FINNIFTY02JAN2422800CE.NFO,02/01/2024,13:54:56,0.05,0.05,209560,0.1,49000,0,201320
FINNIFTY02JAN2422800CE.NFO,02/01/2024,13:55:50,0.05,0.05,208560,0.1,45840,0,201320
FINNIFTY02JAN2422800CE.NFO,02/01/2024,13:58:10,0.05,0.05,208440,0.1,45840,120,201320
FINNIFTY02JAN2422800CE.NFO,02/01/2024,13:59:12,0.1,0.05,208440,0.1,47120,80,201320
FINNIFTY02JAN2422800CE.NFO,02/01/2024,13:59:17,0.1,0.05,209440,0.1,45720,40,201320
FINNIFTY02JAN2422800CE.NFO,02/01/2024,13:59:21,0.1,0.05,209440,0.1,45680,40,201320
FINNIFTY02JAN2422800CE.NFO,02/01/2024,13:59:26,0.1,0.05,209440,0.1,45600,80,201320
FINNIFTY02JAN2422800CE.NFO,02/01/2024,13:59:30,0.1,0.05,209440,0.1,46920,40,201320
FINNIFTY02JAN2422800CE.NFO,02/01/2024,13:59:35,0.1,0.05,209440,0.1,45520,40,201320
FINNIFTY02JAN2422800CE.NFO,02/01/2024,13:59:39,0.1,0.05,209440,0.1,45480,40,201320
FINNIFTY02JAN2422800CE.NFO,02/01/2024,13:59:43,0.1,0.05,209440,0.1,45440,40,201320
FINNIFTY02JAN2422800CE.NFO,02/01/2024,13:59:47,0.1,0.05,209440,0.1,45400,40,201320
FINNIFTY02JAN2422800CE.NFO,02/01/2024,13:59:52,0.1,0.05,209440,0.1,45160,240,201320
FINNIFTY02JAN2422800CE.NFO,02/01/2024,14:00:07,0.1,0.05,209440,0.1,46480,40,201320
FINNIFTY02JAN2422800CE.NFO,02/01/2024,14:01:52,0.1,0.05,209440,0.1,44680,0,201320
FINNIFTY02JAN2422800CE.NFO,02/01/2024,14:03:26,0.05,0.05,208760,0.1,44680,680,201320
FINNIFTY02JAN2422800CE.NFO,02/01/2024,14:03:32,0.05,0.05,208720,0.1,46480,40,201320
FINNIFTY02JAN2422800CE.NFO,02/01/2024,14:04:01,0.05,0.05,208720,0.1,47640,0,201320
FINNIFTY02JAN2422800CE.NFO,02/01/2024,14:04:11,0.1,0.05,208720,0.1,49400,40,201320
FINNIFTY02JAN2422800CE.NFO,02/01/2024,14:04:17,0.1,0.05,208720,0.1,47320,280,201320
FINNIFTY02JAN2422800CE.NFO,02/01/2024,14:04:24,0.1,0.05,208720,0.1,44720,1000,201320
FINNIFTY02JAN2422800CE.NFO,02/01/2024,14:04:30,0.05,0.05,208440,0.1,44720,280,201320
FINNIFTY02JAN2422800CE.NFO,02/01/2024,14:04:36,0.05,0.05,207400,0.1,44720,1040,201320
FINNIFTY02JAN2422800CE.NFO,02/01/2024,14:04:42,0.05,0.05,207400,0.1,46520,0,201320
FINNIFTY02JAN2422800CE.NFO,02/01/2024,14:04:48,0.05,0.05,207400,0.1,50120,0,201320
FINNIFTY02JAN2422800CE.NFO,02/01/2024,14:04:54,0.1,0.05,207400,0.1,48720,1600,201320
FINNIFTY02JAN2422800CE.NFO,02/01/2024,14:05:00,0.1,0.05,207400,0.1,50520,0,201320
FINNIFTY02JAN2422800CE.NFO,02/01/2024,14:05:04,0.1,0.05,207400,0.1,55680,0,201320
FINNIFTY02JAN2422800CE.NFO,02/01/2024,14:05:10,0.1,0.05,207400,0.1,57480,0,201320
FINNIFTY02JAN2422800CE.NFO,02/01/2024,14:05:14,0.05,0.05,205800,0.1,57480,1600,201320
FINNIFTY02JAN2422800CE.NFO,02/01/2024,14:05:23,0.05,0.05,205800,0.1,59280,0,201320
FINNIFTY02JAN2422800CE.NFO,02/01/2024,14:06:04,0.05,0.05,205800,0.1,62600,0,201320
FINNIFTY02JAN2422800CE.NFO,02/01/2024,14:06:54,0.05,0.05,198600,0.1,61240,0,201320
FINNIFTY02JAN2422800CE.NFO,02/01/2024,14:07:28,0.05,0.05,198720,0.1,61240,0,201320
FINNIFTY02JAN2422800CE.NFO,02/01/2024,14:07:39,0.05,0.05,198720,0.1,61280,0,201320
FINNIFTY02JAN2422800CE.NFO,02/01/2024,14:07:47,0.1,0.05,198600,0.1,61160,120,201320
FINNIFTY02JAN2422800CE.NFO,02/01/2024,14:07:51,0.1,0.05,198600,0.1,61160,0,201320
FINNIFTY02JAN2422800CE.NFO,02/01/2024,14:07:55,0.1,0.05,198600,0.1,61120,0,201320
FINNIFTY02JAN2422800CE.NFO,02/01/2024,14:08:03,0.1,0.05,198600,0.1,62520,0,201320
FINNIFTY02JAN2422800CE.NFO,02/01/2024,14:08:40,0.1,0.05,178440,0.1,62520,0,201320
FINNIFTY02JAN2422800CE.NFO,02/01/2024,14:08:44,0.1,0.05,174840,0.1,62520,0,201320
FINNIFTY02JAN2422800CE.NFO,02/01/2024,14:08:47,0.1,0.05,171240,0.1,62520,0,201320
FINNIFTY02JAN2422800CE.NFO,02/01/2024,14:08:52,0.1,0.05,169440,0.1,62520,0,201320
FINNIFTY02JAN2422800CE.NFO,02/01/2024,14:10:13,0.1,0.05,171240,0.1,62960,0,201320
FINNIFTY02JAN2422800CE.NFO,02/01/2024,14:11:21,0.05,0.05,170280,0.1,64320,960,201200
FINNIFTY02JAN2422800CE.NFO,02/01/2024,14:11:59,0.05,0.05,169280,0.1,64320,0,201200
FINNIFTY02JAN2422800CE.NFO,02/01/2024,14:13:03,0.05,0.05,168920,0.1,64320,360,202160
FINNIFTY02JAN2422800CE.NFO,02/01/2024,14:13:10,0.05,0.05,167640,0.1,65880,1280,202160
FINNIFTY02JAN2422800CE.NFO,02/01/2024,14:14:28,0.1,0.05,167640,0.1,66880,800,202160
FINNIFTY02JAN2422800CE.NFO,02/01/2024,14:14:59,0.05,0.05,165840,0.1,66880,1800,202160
FINNIFTY02JAN2422800CE.NFO,02/01/2024,14:15:26,0.05,0.05,166840,0.1,68680,0,202160
FINNIFTY02JAN2422800CE.NFO,02/01/2024,14:15:39,0.05,0.05,165840,0.1,68680,0,202160
FINNIFTY02JAN2422800CE.NFO,02/01/2024,14:15:52,0.05,0.05,129840,0.1,66880,0,202160
FINNIFTY02JAN2422800CE.NFO,02/01/2024,14:16:10,0.05,0.05,129440,0.1,66880,400,203800
FINNIFTY02JAN2422800CE.NFO,02/01/2024,14:16:17,0.05,0.05,127760,0.1,66880,0,203800
FINNIFTY02JAN2422800CE.NFO,02/01/2024,14:16:23,0.05,0.05,127760,0.1,70480,0,203800
FINNIFTY02JAN2422800CE.NFO,02/01/2024,14:16:29,0.05,0.05,127640,0.1,70480,120,203800
FINNIFTY02JAN2422800CE.NFO,02/01/2024,14:16:48,0.05,0.05,115040,0.1,70480,120,203800
FINNIFTY02JAN2422800CE.NFO,02/01/2024,14:17:31,0.05,0.05,114640,0.1,68680,400,203800
FINNIFTY02JAN2422800CE.NFO,02/01/2024,14:18:11,0.05,0.05,114640,0.1,68680,0,203800
FINNIFTY02JAN2422800CE.NFO,02/01/2024,14:18:17,0.1,0.05,114640,0.1,68440,240,203800
FINNIFTY02JAN2422800CE.NFO,02/01/2024,14:18:24,0.1,0.05,114640,0.1,67760,680,203800
FINNIFTY02JAN2422800CE.NFO,02/01/2024,14:18:31,0.1,0.05,114640,0.1,68880,440,203800
FINNIFTY02JAN2422800CE.NFO,02/01/2024,14:19:18,0.1,0.05,114640,0.1,68760,120,203800
FINNIFTY02JAN2422800CE.NFO,02/01/2024,14:19:25,0.1,0.05,114640,0.1,68480,280,203800
FINNIFTY02JAN2422800CE.NFO,02/01/2024,14:19:33,0.1,0.05,114640,0.1,65000,2120,203800
FINNIFTY02JAN2422800CE.NFO,02/01/2024,14:19:40,0.1,0.05,97160,0.1,64520,480,203800
FINNIFTY02JAN2422800CE.NFO,02/01/2024,14:19:47,0.1,0.05,97160,0.1,64200,320,203800
FINNIFTY02JAN2422800CE.NFO,02/01/2024,14:19:54,0.05,0.05,96640,0.1,64200,520,203800
FINNIFTY02JAN2422800CE.NFO,02/01/2024,14:20:00,0.1,0.05,96640,0.1,65520,40,203800
FINNIFTY02JAN2422800CE.NFO,02/01/2024,14:20:07,0.1,0.05,96640,0.1,65400,120,203800
FINNIFTY02JAN2422800CE.NFO,02/01/2024,14:20:14,0.1,0.05,96640,0.1,61920,3600,203800
FINNIFTY02JAN2422800CE.NFO,02/01/2024,14:20:44,0.1,0.05,94640,0.1,61920,0,203800
FINNIFTY02JAN2422800CE.NFO,02/01/2024,14:21:39,0.1,0.05,94640,0.1,60520,40,197680
FINNIFTY02JAN2422800CE.NFO,02/01/2024,14:22:44,0.1,0.05,92840,0.1,61400,480,197680
FINNIFTY02JAN2422800CE.NFO,02/01/2024,14:22:51,0.1,0.05,92840,0.1,60600,800,197680
FINNIFTY02JAN2422800CE.NFO,02/01/2024,14:23:11,0.05,0.05,92440,0.1,59240,400,197680
FINNIFTY02JAN2422800CE.NFO,02/01/2024,14:23:48,0.05,0.05,91760,0.1,60600,680,197680
FINNIFTY02JAN2422800CE.NFO,02/01/2024,14:23:55,0.05,0.05,90960,0.1,59240,800,197680
FINNIFTY02JAN2422800CE.NFO,02/01/2024,14:24:01,0.05,0.05,86160,0.1,59240,0,197680
FINNIFTY02JAN2422800CE.NFO,02/01/2024,14:24:07,0.05,0.05,85560,0.1,59240,600,197680
FINNIFTY02JAN2422800CE.NFO,02/01/2024,14:25:13,0.05,0.05,85560,0.1,61000,0,197680
FINNIFTY02JAN2422800CE.NFO,02/01/2024,14:26:48,0.05,0.05,85560,0.1,61440,0,197680
FINNIFTY02JAN2422800CE.NFO,02/01/2024,14:28:18,0.1,0.05,85560,0.1,46520,3800,197680
FINNIFTY02JAN2422800CE.NFO,02/01/2024,14:29:20,0.1,0.05,85560,0.1,46520,0,197680
FINNIFTY02JAN2422800CE.NFO,02/01/2024,14:29:50,0.05,0.05,88600,0.1,46520,560,197680
FINNIFTY02JAN2422800CE.NFO,02/01/2024,14:29:57,0.05,0.05,87800,0.1,46520,800,197680
FINNIFTY02JAN2422800CE.NFO,02/01/2024,14:30:11,0.05,0.05,87400,0.1,48320,400,197680
FINNIFTY02JAN2422800CE.NFO,02/01/2024,14:30:24,0.05,0.05,87440,0.1,48320,0,197680
FINNIFTY02JAN2422800CE.NFO,02/01/2024,14:30:33,0.05,0.05,87640,0.1,48320,0,197680
FINNIFTY02JAN2422800CE.NFO,02/01/2024,14:30:39,0.05,0.05,87400,0.1,48320,0,197680
FINNIFTY02JAN2422800CE.NFO,02/01/2024,14:30:52,0.1,0.05,87400,0.1,47320,1000,197480
FINNIFTY02JAN2422800CE.NFO,02/01/2024,14:30:59,0.1,0.05,87400,0.1,42840,2680,197480
FINNIFTY02JAN2422800CE.NFO,02/01/2024,14:31:07,0.1,0.05,87400,0.1,44400,240,197480
FINNIFTY02JAN2422800CE.NFO,02/01/2024,14:31:27,0.1,0.05,87400,0.1,41960,640,197480
FINNIFTY02JAN2422800CE.NFO,02/01/2024,14:31:34,0.1,0.05,87400,0.1,43360,400,197480
FINNIFTY02JAN2422800CE.NFO,02/01/2024,14:31:48,0.1,0.05,88840,0.1,42920,440,197480
FINNIFTY02JAN2422800CE.NFO,02/01/2024,14:31:55,0.1,0.05,97480,0.1,44720,0,197480
FINNIFTY02JAN2422800CE.NFO,02/01/2024,14:32:02,0.1,0.05,103240,0.1,44520,200,197480
FINNIFTY02JAN2422800CE.NFO,02/01/2024,14:32:09,0.1,0.05,103240,0.1,44240,280,197480
FINNIFTY02JAN2422800CE.NFO,02/01/2024,14:32:17,0.1,0.05,103240,0.1,44040,200,197480
FINNIFTY02JAN2422800CE.NFO,02/01/2024,14:32:24,0.1,0.05,103240,0.1,43760,280,197480
FINNIFTY02JAN2422800CE.NFO,02/01/2024,14:32:51,0.1,0.05,103240,0.1,41520,0,197480
FINNIFTY02JAN2422800CE.NFO,02/01/2024,14:32:57,0.05,0.05,102800,0.1,41520,440,197480
FINNIFTY02JAN2422800CE.NFO,02/01/2024,14:33:44,0.05,0.05,102840,0.1,43320,0,197480
FINNIFTY02JAN2422800CE.NFO,02/01/2024,14:34:36,0.05,0.05,102800,0.1,43320,0,197480
FINNIFTY02JAN2422800CE.NFO,02/01/2024,14:36:15,0.05,0.05,91280,0.1,43320,0,197480
FINNIFTY02JAN2422800CE.NFO,02/01/2024,14:36:22,0.05,0.05,86960,0.1,43320,0,197480
FINNIFTY02JAN2422800CE.NFO,02/01/2024,14:37:11,0.1,0.05,90560,0.1,38160,3800,191120
FINNIFTY02JAN2422800CE.NFO,02/01/2024,14:37:24,0.1,0.05,90560,0.1,39480,40,191120
FINNIFTY02JAN2422800CE.NFO,02/01/2024,14:37:39,0.05,0.05,90520,0.1,39480,40,191120
FINNIFTY02JAN2422800CE.NFO,02/01/2024,14:38:50,0.05,0.05,90560,0.1,38120,0,191120
FINNIFTY02JAN2422800CE.NFO,02/01/2024,14:38:57,0.05,0.05,89760,0.1,38120,800,191120
FINNIFTY02JAN2422800CE.NFO,02/01/2024,14:39:04,0.05,0.05,89080,0.1,39480,0,191120
FINNIFTY02JAN2422800CE.NFO,02/01/2024,14:39:11,0.05,0.05,88840,0.1,41280,0,191120
FINNIFTY02JAN2422800CE.NFO,02/01/2024,14:39:18,0.05,0.05,89080,0.1,41280,0,191120
FINNIFTY02JAN2422800CE.NFO,02/01/2024,14:39:32,0.05,0.05,87440,0.1,39920,1400,191120
FINNIFTY02JAN2422800CE.NFO,02/01/2024,14:39:51,0.05,0.05,87320,0.1,39920,120,191120
FINNIFTY02JAN2422800CE.NFO,02/01/2024,14:40:19,0.05,0.05,85520,0.1,41280,1800,191120
FINNIFTY02JAN2422800CE.NFO,02/01/2024,14:40:25,0.1,0.05,85520,0.1,39520,400,191120
FINNIFTY02JAN2422800CE.NFO,02/01/2024,14:40:34,0.1,0.05,86400,0.1,39360,1520,191120
FINNIFTY02JAN2422800CE.NFO,02/01/2024,14:40:42,0.1,0.05,86400,0.1,41160,0,191120
FINNIFTY02JAN2422800CE.NFO,02/01/2024,14:40:56,0.1,0.05,76520,0.1,32520,0,191120
FINNIFTY02JAN2422800CE.NFO,02/01/2024,14:42:19,0.1,0.05,81120,0.1,32520,0,191120
FINNIFTY02JAN2422800CE.NFO,02/01/2024,14:42:45,0.1,0.05,77520,0.1,32520,0,191120
FINNIFTY02JAN2422800CE.NFO,02/01/2024,14:43:06,0.1,0.05,81160,0.1,31160,0,191120
FINNIFTY02JAN2422800CE.NFO,02/01/2024,14:43:13,0.1,0.05,84920,0.1,38360,0,191120
FINNIFTY02JAN2422800CE.NFO,02/01/2024,14:43:20,0.1,0.05,84680,0.1,40000,0,191120
FINNIFTY02JAN2422800CE.NFO,02/01/2024,14:44:13,0.1,0.05,77480,0.1,31160,0,191120
FINNIFTY02JAN2422800CE.NFO,02/01/2024,14:44:43,0.05,0.05,80080,0.1,36120,1000,190120
FINNIFTY02JAN2422800CE.NFO,02/01/2024,14:44:56,0.05,0.05,80080,0.1,41520,0,190120
FINNIFTY02JAN2422800CE.NFO,02/01/2024,14:45:03,0.05,0.05,74680,0.1,37920,1800,190120
FINNIFTY02JAN2422800CE.NFO,02/01/2024,14:45:10,0.05,0.05,74480,0.1,43320,200,190120
FINNIFTY02JAN2422800CE.NFO,02/01/2024,14:45:18,0.05,0.05,16880,0.1,34320,0,190120
FINNIFTY02JAN2422800CE.NFO,02/01/2024,14:45:25,0.05,0.05,15920,0.1,32960,960,190120
FINNIFTY02JAN2422800CE.NFO,02/01/2024,14:45:32,0.05,0.05,24720,0.1,32960,0,190120
FINNIFTY02JAN2422800CE.NFO,02/01/2024,14:45:39,0.05,0.05,24960,0.1,34760,0,190120
FINNIFTY02JAN2422800CE.NFO,02/01/2024,14:45:53,0.05,0.05,24920,0.1,38360,0,190120
FINNIFTY02JAN2422800CE.NFO,02/01/2024,14:46:00,0.05,0.05,24680,0.1,41960,0,190120
FINNIFTY02JAN2422800CE.NFO,02/01/2024,14:46:14,0.1,0.05,24680,0.1,41720,240,190120
FINNIFTY02JAN2422800CE.NFO,02/01/2024,14:46:20,0.1,0.05,24680,0.1,41480,240,190120
FINNIFTY02JAN2422800CE.NFO,02/01/2024,14:46:34,0.1,0.05,15200,0.1,33800,480,190120
FINNIFTY02JAN2422800CE.NFO,02/01/2024,14:47:36,0.1,0.05,20400,0.1,33800,0,190120
FINNIFTY02JAN2422800CE.NFO,02/01/2024,14:47:43,0.1,0.05,24800,0.1,35160,0,190120
FINNIFTY02JAN2422800CE.NFO,02/01/2024,14:47:57,0.1,0.05,24760,0.1,38760,0,190120
FINNIFTY02JAN2422800CE.NFO,02/01/2024,14:48:04,0.1,0.05,24520,0.1,42360,0,190120
