Ticker,Date,Time,LTP,BuyPrice,BuyQty,SellPrice,SellQty,LTQ,OpenInterest
FINNIFTY02JAN2421550CE.NFO,02/01/2024,09:15:00,12,8.85,40,9.55,240,4000,0
FINNIFTY02JAN2421550CE.NFO,02/01/2024,09:15:00,12,8.85,40,9.55,240,0,0
FINNIFTY02JAN2421550CE.NFO,02/01/2024,09:15:00,12,8.85,40,9.55,240,0,0
FINNIFTY02JAN2421550CE.NFO,02/01/2024,09:15:00,8.15,8.85,40,9.55,240,0,0
FINNIFTY02JAN2421550CE.NFO,02/01/2024,09:15:01,8.9,8.65,40,8.9,800,33000,2629000
FINNIFTY02JAN2421550CE.NFO,02/01/2024,09:15:01,8,8.65,40,8.9,800,0,2629000
FINNIFTY02JAN2421550CE.NFO,02/01/2024,09:15:03,6.05,6.15,120,6.75,320,92240,2629000
FINNIFTY02JAN2421550CE.NFO,02/01/2024,09:15:03,5.45,6.15,120,6.75,320,0,2629000
FINNIFTY02JAN2421550CE.NFO,02/01/2024,09:15:04,7.3,7.55,80,7.6,760,81600,2629000
FINNIFTY02JAN2421550CE.NFO,02/01/2024,09:15:04,5,7.55,80,7.6,760,0,2629000
FINNIFTY02JAN2421550CE.NFO,02/01/2024,09:15:06,7.6,7.4,920,7.6,400,81040,2629000
FINNIFTY02JAN2421550CE.NFO,02/01/2024,09:15:08,7.5,7.45,400,7.5,1480,90000,2629000
FINNIFTY02JAN2421550CE.NFO,02/01/2024,09:15:09,6.7,6.7,1840,6.8,960,124520,2629000
FINNIFTY02JAN2421550CE.NFO,02/01/2024,09:15:11,6.55,6.5,360,6.65,2120,240560,2629000
FINNIFTY02JAN2421550CE.NFO,02/01/2024,09:15:13,6.3,6.25,1800,6.3,1480,124400,2629000
FINNIFTY02JAN2421550CE.NFO,02/01/2024,09:15:14,5.85,5.9,80,5.95,2920,90760,2629000
FINNIFTY02JAN2421550CE.NFO,02/01/2024,09:15:16,5.3,5.2,1320,5.25,1600,145920,2629000
FINNIFTY02JAN2421550CE.NFO,02/01/2024,09:15:18,5.65,5.65,240,5.7,2360,118360,2629000
FINNIFTY02JAN2421550CE.NFO,02/01/2024,09:15:19,5.75,5.75,160,5.85,6480,108480,2629000
FINNIFTY02JAN2421550CE.NFO,02/01/2024,09:15:21,5.45,5.35,4480,5.45,6040,74880,2629000
FINNIFTY02JAN2421550CE.NFO,02/01/2024,09:15:22,5.45,5.45,160,5.5,3520,75560,2629000
FINNIFTY02JAN2421550CE.NFO,02/01/2024,09:15:24,5.35,5.35,1000,5.4,4480,76160,2629000
FINNIFTY02JAN2421550CE.NFO,02/01/2024,09:15:26,5.4,5.35,1640,5.4,3920,78120,2629000
FINNIFTY02JAN2421550CE.NFO,02/01/2024,09:15:27,5.4,5.35,3840,5.4,640,97440,2629000
FINNIFTY02JAN2421550CE.NFO,02/01/2024,09:15:29,5.45,5.4,4600,5.5,7400,96560,2629000
FINNIFTY02JAN2421550CE.NFO,02/01/2024,09:15:31,5.4,5.35,2720,5.4,1760,127560,2629000
FINNIFTY02JAN2421550CE.NFO,02/01/2024,09:15:32,5.05,5.05,3760,5.1,520,71400,2629000
FINNIFTY02JAN2421550CE.NFO,02/01/2024,09:15:34,5.15,5.05,6840,5.15,9840,62440,2629000
FINNIFTY02JAN2421550CE.NFO,02/01/2024,09:15:35,5.2,5.2,400,5.25,8120,44160,2629000
FINNIFTY02JAN2421550CE.NFO,02/01/2024,09:15:37,5.5,5.5,6600,5.55,4720,118160,2629000
FINNIFTY02JAN2421550CE.NFO,02/01/2024,09:15:39,5.65,5.6,2360,5.65,2640,118200,2629000
FINNIFTY02JAN2421550CE.NFO,02/01/2024,09:15:40,5.95,5.85,4800,5.95,1400,121680,2629000
FINNIFTY02JAN2421550CE.NFO,02/01/2024,09:15:42,5.85,5.75,20640,5.85,5320,79000,2629000
FINNIFTY02JAN2421550CE.NFO,02/01/2024,09:15:43,5.9,5.85,4160,5.9,4960,64880,2629000
FINNIFTY02JAN2421550CE.NFO,02/01/2024,09:15:45,5.9,5.9,4720,6,7080,76960,2629000
FINNIFTY02JAN2421550CE.NFO,02/01/2024,09:15:47,5.9,5.8,6400,5.9,5320,134120,2629000
FINNIFTY02JAN2421550CE.NFO,02/01/2024,09:15:48,5.75,5.75,2480,5.8,5280,112000,2629000
FINNIFTY02JAN2421550CE.NFO,02/01/2024,09:15:50,5.8,5.75,4280,5.8,1360,80520,2629000
FINNIFTY02JAN2421550CE.NFO,02/01/2024,09:15:52,6,6,800,6.05,3600,134800,2629000
FINNIFTY02JAN2421550CE.NFO,02/01/2024,09:15:53,5.85,5.85,3160,5.9,2680,76880,2629000
FINNIFTY02JAN2421550CE.NFO,02/01/2024,09:15:55,6.05,6,1680,6.05,3560,141400,2629000
FINNIFTY02JAN2421550CE.NFO,02/01/2024,09:15:57,5.75,5.7,1040,5.75,3440,101800,2629000
FINNIFTY02JAN2421550CE.NFO,02/01/2024,09:15:58,5.7,5.6,3000,5.7,8360,75320,2629000
FINNIFTY02JAN2421550CE.NFO,02/01/2024,09:16:00,5.65,5.6,1320,5.65,3320,129760,2629000
FINNIFTY02JAN2421550CE.NFO,02/01/2024,09:16:01,5.1,5.1,3600,5.15,3440,222720,2629000
FINNIFTY02JAN2421550CE.NFO,02/01/2024,09:16:03,5.3,5.25,9080,5.35,4160,152120,2629000
FINNIFTY02JAN2421550CE.NFO,02/01/2024,09:16:05,5.35,5.25,5520,5.35,6480,92720,2629000
FINNIFTY02JAN2421550CE.NFO,02/01/2024,09:16:06,5.55,5.55,6080,5.6,3960,85320,2629000
FINNIFTY02JAN2421550CE.NFO,02/01/2024,09:16:08,5.85,5.8,5360,5.85,1840,107240,2629000
FINNIFTY02JAN2421550CE.NFO,02/01/2024,09:16:09,5.45,5.4,5680,5.5,8760,73600,2629000
FINNIFTY02JAN2421550CE.NFO,02/01/2024,09:16:11,5.9,5.85,4080,5.9,3800,94080,2629000
FINNIFTY02JAN2421550CE.NFO,02/01/2024,09:16:13,6.1,6.05,8560,6.1,1040,143840,2629000
FINNIFTY02JAN2421550CE.NFO,02/01/2024,09:16:14,6.1,6.05,5120,6.1,6000,141680,2629000
FINNIFTY02JAN2421550CE.NFO,02/01/2024,09:16:16,5.75,5.75,640,5.8,6080,122320,2629000
FINNIFTY02JAN2421550CE.NFO,02/01/2024,09:16:17,5.8,5.75,4200,5.8,4120,75080,2629000
FINNIFTY02JAN2421550CE.NFO,02/01/2024,09:16:19,5.85,5.75,9400,5.85,5560,116400,2629000
FINNIFTY02JAN2421550CE.NFO,02/01/2024,09:16:21,5.85,5.75,3520,5.8,1760,82880,2629000
FINNIFTY02JAN2421550CE.NFO,02/01/2024,09:16:22,5.55,5.5,16280,5.6,12400,96440,2629000
FINNIFTY02JAN2421550CE.NFO,02/01/2024,09:16:24,5.35,5.3,7000,5.4,11000,74560,2629000
FINNIFTY02JAN2421550CE.NFO,02/01/2024,09:16:26,5.35,5.25,8840,5.35,6760,65720,2629000
FINNIFTY02JAN2421550CE.NFO,02/01/2024,09:16:27,5.35,5.3,10400,5.4,8960,110200,2629000
FINNIFTY02JAN2421550CE.NFO,02/01/2024,09:16:29,5.4,5.35,9600,5.4,4520,71720,2629000
FINNIFTY02JAN2421550CE.NFO,02/01/2024,09:16:30,5.45,5.35,9200,5.45,10680,80640,2629000
FINNIFTY02JAN2421550CE.NFO,02/01/2024,09:16:32,5.35,5.35,6440,5.4,4680,59800,2629000
FINNIFTY02JAN2421550CE.NFO,02/01/2024,09:16:34,5.3,5.25,9320,5.3,3040,92240,2629000
FINNIFTY02JAN2421550CE.NFO,02/01/2024,09:16:35,5.4,5.4,2880,5.45,18480,53720,2629000
FINNIFTY02JAN2421550CE.NFO,02/01/2024,09:16:37,5.3,5.3,9680,5.35,6520,57200,2629000
FINNIFTY02JAN2421550CE.NFO,02/01/2024,09:16:38,5.4,5.35,3960,5.4,11840,102920,2629000
FINNIFTY02JAN2421550CE.NFO,02/01/2024,09:16:40,5.3,5.25,8280,5.3,7200,73120,2629000
FINNIFTY02JAN2421550CE.NFO,02/01/2024,09:16:42,5.25,5.25,5160,5.3,14200,61640,2629000
FINNIFTY02JAN2421550CE.NFO,02/01/2024,09:16:43,5.35,5.3,5640,5.35,22280,50480,2629000
FINNIFTY02JAN2421550CE.NFO,02/01/2024,09:16:45,5.65,5.55,20480,5.65,10040,106880,2629000
FINNIFTY02JAN2421550CE.NFO,02/01/2024,09:16:46,5.45,5.4,12480,5.45,7160,74840,2629000
FINNIFTY02JAN2421550CE.NFO,02/01/2024,09:16:48,5.75,5.7,12560,5.75,5160,115480,2629000
FINNIFTY02JAN2421550CE.NFO,02/01/2024,09:16:50,5.8,5.8,1800,5.85,21400,67520,2629000
FINNIFTY02JAN2421550CE.NFO,02/01/2024,09:16:51,5.6,5.6,7960,5.65,7840,88080,2629000
FINNIFTY02JAN2421550CE.NFO,02/01/2024,09:16:53,5.25,5.25,9960,5.3,7400,107360,2629000
FINNIFTY02JAN2421550CE.NFO,02/01/2024,09:16:54,5.2,5.15,13920,5.2,1800,81240,2629000
FINNIFTY02JAN2421550CE.NFO,02/01/2024,09:16:56,5.25,5.15,19520,5.25,20360,98160,2629000
FINNIFTY02JAN2421550CE.NFO,02/01/2024,09:16:58,5.3,5.3,7240,5.35,11840,89000,2629000
FINNIFTY02JAN2421550CE.NFO,02/01/2024,09:16:59,5.25,5.2,2560,5.25,19160,92480,2629000
FINNIFTY02JAN2421550CE.NFO,02/01/2024,09:17:01,5.05,5,17440,5.05,9320,315760,2629000
FINNIFTY02JAN2421550CE.NFO,02/01/2024,09:17:01,4.85,5,17440,5.05,9320,0,2629000
FINNIFTY02JAN2421550CE.NFO,02/01/2024,09:17:02,4.9,4.9,9160,4.95,17120,84120,2629000
FINNIFTY02JAN2421550CE.NFO,02/01/2024,09:17:04,4.9,4.8,30400,4.9,20600,127680,2629000
FINNIFTY02JAN2421550CE.NFO,02/01/2024,09:17:04,4.8,4.8,30400,4.9,20600,0,2629000
FINNIFTY02JAN2421550CE.NFO,02/01/2024,09:17:06,5,4.95,18000,5,17760,70880,2629000
FINNIFTY02JAN2421550CE.NFO,02/01/2024,09:17:07,5.05,5,33400,5.1,34400,69840,2629000
FINNIFTY02JAN2421550CE.NFO,02/01/2024,09:17:09,5,5,19000,5.05,23720,75480,2629000
FINNIFTY02JAN2421550CE.NFO,02/01/2024,09:17:11,4.95,4.95,23880,5,16280,42280,2629000
FINNIFTY02JAN2421550CE.NFO,02/01/2024,09:17:12,5,4.95,16440,5,15200,46680,2629000
FINNIFTY02JAN2421550CE.NFO,02/01/2024,09:17:14,5,4.95,25760,5.05,35480,45080,2629000
FINNIFTY02JAN2421550CE.NFO,02/01/2024,09:17:15,4.95,4.95,23880,5,24840,48320,2629000
FINNIFTY02JAN2421550CE.NFO,02/01/2024,09:17:17,5,5,30600,5.1,43280,62920,2629000
FINNIFTY02JAN2421550CE.NFO,02/01/2024,09:17:19,5.1,5.1,22120,5.15,9240,47840,2629000
FINNIFTY02JAN2421550CE.NFO,02/01/2024,09:17:20,5.2,5.2,39760,5.3,43960,72200,2629000
FINNIFTY02JAN2421550CE.NFO,02/01/2024,09:17:22,5.2,5.15,2240,5.2,29280,67200,3108760
FINNIFTY02JAN2421550CE.NFO,02/01/2024,09:17:23,5.2,5.15,16120,5.2,11360,53200,3108760
FINNIFTY02JAN2421550CE.NFO,02/01/2024,09:17:25,5.05,5.05,24120,5.1,9880,57560,3108760
FINNIFTY02JAN2421550CE.NFO,02/01/2024,09:17:26,5.1,5.05,23480,5.15,37720,51800,3108760
FINNIFTY02JAN2421550CE.NFO,02/01/2024,09:17:28,5.05,5,27280,5.05,5640,128360,3108760
FINNIFTY02JAN2421550CE.NFO,02/01/2024,09:17:30,5,5,6960,5.05,35960,49400,3108760
FINNIFTY02JAN2421550CE.NFO,02/01/2024,09:17:31,5.05,5.05,42920,5.15,22400,62240,3108760
FINNIFTY02JAN2421550CE.NFO,02/01/2024,09:17:33,5.15,5.15,14160,5.2,15080,77640,3108760
FINNIFTY02JAN2421550CE.NFO,02/01/2024,09:17:34,5.05,5.05,24920,5.15,48760,25640,3108760
FINNIFTY02JAN2421550CE.NFO,02/01/2024,09:17:36,4.95,4.9,51080,5,48240,64680,3108760
FINNIFTY02JAN2421550CE.NFO,02/01/2024,09:17:38,5.2,5.2,5160,5.25,37760,113200,3108760
FINNIFTY02JAN2421550CE.NFO,02/01/2024,09:17:39,4.95,4.95,15640,5,31560,54280,3108760
FINNIFTY02JAN2421550CE.NFO,02/01/2024,09:17:41,5,4.9,56240,4.95,9080,35680,3108760
FINNIFTY02JAN2421550CE.NFO,02/01/2024,09:17:42,5,4.95,32320,5,5720,18080,3108760
FINNIFTY02JAN2421550CE.NFO,02/01/2024,09:17:44,5.05,4.95,37360,5.05,43120,70840,3108760
FINNIFTY02JAN2421550CE.NFO,02/01/2024,09:17:46,4.95,4.9,9960,4.95,40480,54040,3108760
FINNIFTY02JAN2421550CE.NFO,02/01/2024,09:17:47,4.95,4.9,18320,4.95,19720,68920,3108760
FINNIFTY02JAN2421550CE.NFO,02/01/2024,09:17:49,4.95,4.95,6520,5,22520,46120,3108760
FINNIFTY02JAN2421550CE.NFO,02/01/2024,09:17:50,5.05,5,31400,5.05,11240,61680,3108760
FINNIFTY02JAN2421550CE.NFO,02/01/2024,09:17:52,4.95,4.85,38440,4.95,46440,59880,3108760
FINNIFTY02JAN2421550CE.NFO,02/01/2024,09:17:54,4.9,4.9,15960,4.95,35240,28000,3108760
FINNIFTY02JAN2421550CE.NFO,02/01/2024,09:17:55,4.9,4.85,5880,4.9,42240,27720,3108760
FINNIFTY02JAN2421550CE.NFO,02/01/2024,09:17:57,4.95,4.9,8880,4.95,36480,31760,3108760
FINNIFTY02JAN2421550CE.NFO,02/01/2024,09:17:58,4.9,4.85,37040,4.9,1760,64400,3108760
FINNIFTY02JAN2421550CE.NFO,02/01/2024,09:18:00,4.9,4.8,63800,4.9,33400,47920,3108760
FINNIFTY02JAN2421550CE.NFO,02/01/2024,09:18:02,5.05,5,45480,5.05,3640,116080,3108760
FINNIFTY02JAN2421550CE.NFO,02/01/2024,09:18:03,5.15,5.15,26920,5.2,54120,55000,3108760
FINNIFTY02JAN2421550CE.NFO,02/01/2024,09:18:05,5.1,5.1,6680,5.15,30000,41240,3108760
FINNIFTY02JAN2421550CE.NFO,02/01/2024,09:18:06,5.1,5.05,42480,5.15,39520,50120,3108760
FINNIFTY02JAN2421550CE.NFO,02/01/2024,09:18:08,5.2,5.1,35960,5.2,82560,45840,3108760
FINNIFTY02JAN2421550CE.NFO,02/01/2024,09:18:10,5.05,5.05,28920,5.1,24720,63800,3108760
FINNIFTY02JAN2421550CE.NFO,02/01/2024,09:18:11,5,4.95,4800,5,43520,35680,3108760
FINNIFTY02JAN2421550CE.NFO,02/01/2024,09:18:13,4.95,4.95,6000,5,47400,88160,3108760
FINNIFTY02JAN2421550CE.NFO,02/01/2024,09:18:15,5.05,5,8760,5.05,36040,59800,3108760
FINNIFTY02JAN2421550CE.NFO,02/01/2024,09:18:16,4.95,4.85,51960,4.95,51680,45760,3108760
FINNIFTY02JAN2421550CE.NFO,02/01/2024,09:18:18,4.9,4.8,57200,4.9,50040,32960,3108760
FINNIFTY02JAN2421550CE.NFO,02/01/2024,09:18:20,4.85,4.8,27520,4.85,8160,53800,3108760
FINNIFTY02JAN2421550CE.NFO,02/01/2024,09:18:20,4.75,4.8,27520,4.85,8160,0,3108760
FINNIFTY02JAN2421550CE.NFO,02/01/2024,09:18:21,4.95,4.9,11320,4.95,31840,70520,3108760
FINNIFTY02JAN2421550CE.NFO,02/01/2024,09:18:23,5.05,4.95,48520,5.05,45440,60920,3108760
FINNIFTY02JAN2421550CE.NFO,02/01/2024,09:18:25,5,4.95,7680,5,47480,96400,3108760
FINNIFTY02JAN2421550CE.NFO,02/01/2024,09:18:26,5,4.9,4800,4.95,28280,53200,3108760
FINNIFTY02JAN2421550CE.NFO,02/01/2024,09:18:28,5,4.95,28000,5,27880,66760,3108760
FINNIFTY02JAN2421550CE.NFO,02/01/2024,09:18:29,5.05,5,3960,5.05,48400,38360,3108760
FINNIFTY02JAN2421550CE.NFO,02/01/2024,09:18:31,4.9,4.9,840,4.95,45080,37400,3108760
FINNIFTY02JAN2421550CE.NFO,02/01/2024,09:18:33,4.95,4.9,13800,4.95,33280,60880,3108760
FINNIFTY02JAN2421550CE.NFO,02/01/2024,09:18:34,5,4.95,47640,5.05,59880,30000,3108760
FINNIFTY02JAN2421550CE.NFO,02/01/2024,09:18:36,5.05,5,13560,5.05,31200,77520,3108760
FINNIFTY02JAN2421550CE.NFO,02/01/2024,09:18:37,5,4.95,52680,5.05,47080,45080,3108760
FINNIFTY02JAN2421550CE.NFO,02/01/2024,09:18:39,5.1,5.05,35080,5.1,12120,66280,3108760
FINNIFTY02JAN2421550CE.NFO,02/01/2024,09:18:41,5,5,39400,5.05,22360,63080,3108760
FINNIFTY02JAN2421550CE.NFO,02/01/2024,09:18:42,5.05,5.05,17880,5.1,21120,51000,3108760
FINNIFTY02JAN2421550CE.NFO,02/01/2024,09:18:44,5.1,5.1,10960,5.15,36120,27520,3108760
FINNIFTY02JAN2421550CE.NFO,02/01/2024,09:18:45,5.15,5.15,21520,5.2,34280,88600,3108760
FINNIFTY02JAN2421550CE.NFO,02/01/2024,09:18:47,5.2,5.15,2360,5.2,40360,54480,3108760
FINNIFTY02JAN2421550CE.NFO,02/01/2024,09:18:49,5.15,5.1,13600,5.15,23600,37440,3108760
FINNIFTY02JAN2421550CE.NFO,02/01/2024,09:18:50,5.2,5.15,25280,5.2,11880,46720,3108760
FINNIFTY02JAN2421550CE.NFO,02/01/2024,09:18:52,5.2,5.2,28880,5.25,14480,61400,3108760
FINNIFTY02JAN2421550CE.NFO,02/01/2024,09:18:53,5.2,5.15,9880,5.2,29960,41360,3108760
FINNIFTY02JAN2421550CE.NFO,02/01/2024,09:18:55,5.15,5.15,20200,5.2,19200,43320,3108760
FINNIFTY02JAN2421550CE.NFO,02/01/2024,09:18:57,5.15,5.1,41840,5.2,44080,45760,3108760
FINNIFTY02JAN2421550CE.NFO,02/01/2024,09:18:58,5.15,5.1,40720,5.2,42000,26800,3108760
FINNIFTY02JAN2421550CE.NFO,02/01/2024,09:19:00,5.15,5.1,46600,5.15,4040,92760,3108760
FINNIFTY02JAN2421550CE.NFO,02/01/2024,09:19:02,5.25,5.2,17960,5.25,18800,28840,3108760
FINNIFTY02JAN2421550CE.NFO,02/01/2024,09:19:03,5.05,5.05,38400,5.1,4000,74120,3108760
FINNIFTY02JAN2421550CE.NFO,02/01/2024,09:19:05,5.1,5.05,7120,5.1,36000,39920,3108760
FINNIFTY02JAN2421550CE.NFO,02/01/2024,09:19:06,5.2,5.15,1520,5.2,38200,12400,3108760
FINNIFTY02JAN2421550CE.NFO,02/01/2024,09:19:08,5.1,5.05,13640,5.1,27680,35640,3108760
FINNIFTY02JAN2421550CE.NFO,02/01/2024,09:19:10,5.2,5.1,46760,5.2,36320,55440,3108760
FINNIFTY02JAN2421550CE.NFO,02/01/2024,09:19:11,5.2,5.2,30200,5.25,18840,72280,3108760
FINNIFTY02JAN2421550CE.NFO,02/01/2024,09:19:13,5.4,5.35,11520,5.4,22920,130800,3108760
FINNIFTY02JAN2421550CE.NFO,02/01/2024,09:19:14,5.45,5.4,30680,5.45,7920,56160,3108760
FINNIFTY02JAN2421550CE.NFO,02/01/2024,09:19:16,5.45,5.4,7200,5.45,19920,59320,3108760
FINNIFTY02JAN2421550CE.NFO,02/01/2024,09:19:18,5.4,5.35,8640,5.4,24000,47920,3108760
FINNIFTY02JAN2421550CE.NFO,02/01/2024,09:19:19,5.35,5.35,6560,5.4,33480,35440,3108760
FINNIFTY02JAN2421550CE.NFO,02/01/2024,09:19:21,5.45,5.4,14440,5.45,20080,27920,3108760
FINNIFTY02JAN2421550CE.NFO,02/01/2024,09:19:23,5.2,5.2,26840,5.25,7720,46880,3108760
FINNIFTY02JAN2421550CE.NFO,02/01/2024,09:19:24,5.15,5.15,24240,5.2,27480,26720,3108760
FINNIFTY02JAN2421550CE.NFO,02/01/2024,09:19:26,5.2,5.2,23280,5.25,20800,29080,3108760
FINNIFTY02JAN2421550CE.NFO,02/01/2024,09:19:27,5.15,5.1,27200,5.15,7400,42080,3108760
FINNIFTY02JAN2421550CE.NFO,02/01/2024,09:19:29,5.15,5.1,32920,5.2,40680,53560,3108760
FINNIFTY02JAN2421550CE.NFO,02/01/2024,09:19:31,5.15,5.15,28240,5.25,42120,39040,3108760
FINNIFTY02JAN2421550CE.NFO,02/01/2024,09:19:32,5.25,5.15,29960,5.25,25880,63840,3108760
FINNIFTY02JAN2421550CE.NFO,02/01/2024,09:19:34,5.3,5.3,32760,5.35,3600,37520,3108760
FINNIFTY02JAN2421550CE.NFO,02/01/2024,09:19:36,5.35,5.25,28480,5.35,37040,40440,3108760
FINNIFTY02JAN2421550CE.NFO,02/01/2024,09:19:37,5.25,5.25,32680,5.3,23560,37320,3108760
FINNIFTY02JAN2421550CE.NFO,02/01/2024,09:19:39,5.2,5.2,17960,5.25,34520,26520,3108760
FINNIFTY02JAN2421550CE.NFO,02/01/2024,09:19:41,5.3,5.25,19880,5.3,27360,18520,3108760
FINNIFTY02JAN2421550CE.NFO,02/01/2024,09:19:42,5.2,5.2,20640,5.25,19840,35880,3108760
FINNIFTY02JAN2421550CE.NFO,02/01/2024,09:19:44,5.2,5.2,11920,5.25,25280,21920,3108760
FINNIFTY02JAN2421550CE.NFO,02/01/2024,09:19:46,5.25,5.2,10040,5.25,33880,19240,3108760
FINNIFTY02JAN2421550CE.NFO,02/01/2024,09:19:47,5.3,5.3,7360,5.35,36840,27680,3108760
FINNIFTY02JAN2421550CE.NFO,02/01/2024,09:19:49,5.25,5.25,18040,5.3,13040,43640,3108760
FINNIFTY02JAN2421550CE.NFO,02/01/2024,09:19:51,5.2,5.2,3600,5.25,33560,44320,3108760
FINNIFTY02JAN2421550CE.NFO,02/01/2024,09:19:52,5.15,5.1,32240,5.15,15920,30600,3108760
FINNIFTY02JAN2421550CE.NFO,02/01/2024,09:19:54,5.1,5.1,24000,5.15,19680,28200,3108760
FINNIFTY02JAN2421550CE.NFO,02/01/2024,09:19:56,5.1,5.05,43560,5.15,33960,51480,3108760
FINNIFTY02JAN2421550CE.NFO,02/01/2024,09:19:57,5,5,55560,5.05,25880,37400,3108760
FINNIFTY02JAN2421550CE.NFO,02/01/2024,09:19:59,5,5,13560,5.05,35720,53000,3108760
FINNIFTY02JAN2421550CE.NFO,02/01/2024,09:20:01,4.9,4.9,47880,4.95,4200,50960,3108760
FINNIFTY02JAN2421550CE.NFO,02/01/2024,09:20:02,4.9,4.9,50120,4.95,400,50040,3108760
FINNIFTY02JAN2421550CE.NFO,02/01/2024,09:20:04,5,5,12320,5.05,37200,31000,3108760
FINNIFTY02JAN2421550CE.NFO,02/01/2024,09:20:06,5.15,5.1,40960,5.15,1400,75840,3108760
FINNIFTY02JAN2421550CE.NFO,02/01/2024,09:20:07,5.05,5.05,40720,5.1,12560,36240,3108760
FINNIFTY02JAN2421550CE.NFO,02/01/2024,09:20:09,5.1,5.05,27840,5.1,22480,34240,3108760
FINNIFTY02JAN2421550CE.NFO,02/01/2024,09:20:11,5.15,5.15,23680,5.2,35640,19320,3108760
FINNIFTY02JAN2421550CE.NFO,02/01/2024,09:20:12,5.2,5.1,44240,5.2,50400,28440,3108760
FINNIFTY02JAN2421550CE.NFO,02/01/2024,09:20:14,5.1,5.05,34280,5.15,47520,65640,3108760
FINNIFTY02JAN2421550CE.NFO,02/01/2024,09:20:16,5.1,5.05,18360,5.1,39960,35280,3108760
FINNIFTY02JAN2421550CE.NFO,02/01/2024,09:20:17,5,5,14480,5.05,36360,73840,3108760
FINNIFTY02JAN2421550CE.NFO,02/01/2024,09:20:19,5.05,5,21160,5.05,32560,21360,3108760
FINNIFTY02JAN2421550CE.NFO,02/01/2024,09:20:21,5.05,5.05,30120,5.1,29040,40040,3108760
FINNIFTY02JAN2421550CE.NFO,02/01/2024,09:20:22,5.05,5,36920,5.05,10200,24840,3108760
FINNIFTY02JAN2421550CE.NFO,02/01/2024,09:20:24,5.05,5,15080,5.05,41800,38360,3714120
FINNIFTY02JAN2421550CE.NFO,02/01/2024,09:20:26,5.05,5,16160,5.05,40400,20360,3714120
FINNIFTY02JAN2421550CE.NFO,02/01/2024,09:20:27,4.9,4.9,31200,4.95,47800,18360,3714120
FINNIFTY02JAN2421550CE.NFO,02/01/2024,09:20:29,4.9,4.9,21520,4.95,27280,30000,3714120
FINNIFTY02JAN2421550CE.NFO,02/01/2024,09:20:30,5,4.95,16800,5,44360,26840,3714120
FINNIFTY02JAN2421550CE.NFO,02/01/2024,09:20:32,4.9,4.9,4920,4.95,44200,43800,3714120
FINNIFTY02JAN2421550CE.NFO,02/01/2024,09:20:34,4.85,4.9,2000,4.95,46600,25000,3714120
FINNIFTY02JAN2421550CE.NFO,02/01/2024,09:20:36,4.9,4.85,23840,4.9,38680,56960,3714120
FINNIFTY02JAN2421550CE.NFO,02/01/2024,09:20:37,4.9,4.85,22440,4.9,41240,28280,3714120
FINNIFTY02JAN2421550CE.NFO,02/01/2024,09:20:39,4.85,4.8,49600,4.85,12040,16960,3714120
FINNIFTY02JAN2421550CE.NFO,02/01/2024,09:20:41,5,4.95,30840,5,33120,33560,3714120
FINNIFTY02JAN2421550CE.NFO,02/01/2024,09:20:42,4.95,4.95,35560,5,23800,43560,3714120
FINNIFTY02JAN2421550CE.NFO,02/01/2024,09:20:44,4.9,4.9,39560,4.95,20360,64640,3714120
FINNIFTY02JAN2421550CE.NFO,02/01/2024,09:20:46,5.05,5,5480,5.05,47320,21120,3714120
FINNIFTY02JAN2421550CE.NFO,02/01/2024,09:20:47,5.1,5.1,30120,5.15,36840,65160,3714120
FINNIFTY02JAN2421550CE.NFO,02/01/2024,09:20:49,5.1,5.05,27000,5.1,32680,31800,3714120
FINNIFTY02JAN2421550CE.NFO,02/01/2024,09:20:51,5.2,5.2,31520,5.25,47320,79960,3714120
FINNIFTY02JAN2421550CE.NFO,02/01/2024,09:20:52,5.2,5.15,49000,5.25,47200,67600,3714120
FINNIFTY02JAN2421550CE.NFO,02/01/2024,09:20:54,5.15,5.15,28560,5.2,17280,83440,3714120
FINNIFTY02JAN2421550CE.NFO,02/01/2024,09:20:56,5.2,5.15,7960,5.2,42600,45720,3714120
FINNIFTY02JAN2421550CE.NFO,02/01/2024,09:20:57,5.15,5.1,24800,5.15,25000,43640,3714120
FINNIFTY02JAN2421550CE.NFO,02/01/2024,09:20:59,5.1,5.05,4480,5.1,51240,39120,3714120
FINNIFTY02JAN2421550CE.NFO,02/01/2024,09:21:01,5.05,5.05,16360,5.1,39440,34720,3714120
FINNIFTY02JAN2421550CE.NFO,02/01/2024,09:21:02,5,5,4000,5.05,58360,59400,3714120
FINNIFTY02JAN2421550CE.NFO,02/01/2024,09:21:04,5.2,5.15,29880,5.2,8720,119520,3714120
FINNIFTY02JAN2421550CE.NFO,02/01/2024,09:21:06,5.4,5.4,35840,5.45,23120,140200,3714120
FINNIFTY02JAN2421550CE.NFO,02/01/2024,09:21:07,5.9,5.85,9600,5.9,3120,646200,3714120
FINNIFTY02JAN2421550CE.NFO,02/01/2024,09:21:09,5.75,5.75,21160,5.8,4880,211680,3714120
FINNIFTY02JAN2421550CE.NFO,02/01/2024,09:21:11,6.1,6.05,17240,6.1,10400,148080,3714120
FINNIFTY02JAN2421550CE.NFO,02/01/2024,09:21:12,5.85,5.85,8920,5.9,14280,91280,3714120
FINNIFTY02JAN2421550CE.NFO,02/01/2024,09:21:14,5.5,5.5,21640,5.55,4400,130000,3714120
FINNIFTY02JAN2421550CE.NFO,02/01/2024,09:21:16,5.55,5.55,2960,5.6,22440,95840,3714120
FINNIFTY02JAN2421550CE.NFO,02/01/2024,09:21:17,5.55,5.55,11040,5.6,13360,127400,3714120
FINNIFTY02JAN2421550CE.NFO,02/01/2024,09:21:19,5.6,5.55,20760,5.6,10240,131680,3714120
FINNIFTY02JAN2421550CE.NFO,02/01/2024,09:21:21,5.45,5.45,11160,5.5,16280,99000,3714120
FINNIFTY02JAN2421550CE.NFO,02/01/2024,09:21:22,5.65,5.65,6040,5.7,19640,103080,3714120
FINNIFTY02JAN2421550CE.NFO,02/01/2024,09:21:24,5.6,5.6,13320,5.65,17200,109640,3714120
FINNIFTY02JAN2421550CE.NFO,02/01/2024,09:21:26,5.85,5.8,3040,5.85,29840,112920,3714120
FINNIFTY02JAN2421550CE.NFO,02/01/2024,09:21:27,6.1,6.1,640,6.15,16920,176160,3714120
FINNIFTY02JAN2421550CE.NFO,02/01/2024,09:21:29,6.25,6.25,1520,6.3,11920,243880,3714120
FINNIFTY02JAN2421550CE.NFO,02/01/2024,09:21:31,6.25,6.15,11600,6.2,8280,145120,3714120
FINNIFTY02JAN2421550CE.NFO,02/01/2024,09:21:32,6.25,6.25,3400,6.3,24720,101520,3714120
FINNIFTY02JAN2421550CE.NFO,02/01/2024,09:21:34,6.35,6.35,10360,6.4,5840,136520,3714120
FINNIFTY02JAN2421550CE.NFO,02/01/2024,09:21:36,6.2,6.15,13320,6.2,13400,91120,3714120
FINNIFTY02JAN2421550CE.NFO,02/01/2024,09:21:37,6.05,6,16320,6.05,1840,81720,3714120
FINNIFTY02JAN2421550CE.NFO,02/01/2024,09:21:39,6.05,6,13440,6.05,19680,92000,3714120
FINNIFTY02JAN2421550CE.NFO,02/01/2024,09:21:41,5.9,5.85,11120,5.9,19320,70520,3714120
FINNIFTY02JAN2421550CE.NFO,02/01/2024,09:21:42,5.8,5.8,10800,5.85,20120,52240,3714120
FINNIFTY02JAN2421550CE.NFO,02/01/2024,09:21:44,5.8,5.8,19200,5.85,19520,79800,3714120
FINNIFTY02JAN2421550CE.NFO,02/01/2024,09:21:46,5.85,5.8,13240,5.85,28360,45800,3714120
FINNIFTY02JAN2421550CE.NFO,02/01/2024,09:21:47,5.75,5.7,18680,5.8,33560,37040,3714120
FINNIFTY02JAN2421550CE.NFO,02/01/2024,09:21:49,5.75,5.7,31760,5.75,4960,71480,3714120
FINNIFTY02JAN2421550CE.NFO,02/01/2024,09:21:51,5.75,5.7,63400,5.75,20800,37320,3714120
FINNIFTY02JAN2421550CE.NFO,02/01/2024,09:21:52,5.75,5.75,26880,5.8,11120,37240,3714120
FINNIFTY02JAN2421550CE.NFO,02/01/2024,09:21:54,5.8,5.75,6360,5.8,32960,40520,3714120
FINNIFTY02JAN2421550CE.NFO,02/01/2024,09:21:56,5.85,5.85,10800,5.9,25280,58200,3714120
FINNIFTY02JAN2421550CE.NFO,02/01/2024,09:21:57,5.9,5.9,12480,5.95,35000,63000,3714120
FINNIFTY02JAN2421550CE.NFO,02/01/2024,09:21:59,6.1,6.1,16080,6.15,21960,73080,3714120
FINNIFTY02JAN2421550CE.NFO,02/01/2024,09:22:01,5.95,5.9,2840,5.95,20920,81320,3714120
FINNIFTY02JAN2421550CE.NFO,02/01/2024,09:22:02,5.95,5.9,28040,5.95,6280,28280,3714120
FINNIFTY02JAN2421550CE.NFO,02/01/2024,09:22:04,5.8,5.75,30840,5.8,12120,78560,3714120
FINNIFTY02JAN2421550CE.NFO,02/01/2024,09:22:06,5.75,5.75,29720,5.8,8440,33920,3714120
FINNIFTY02JAN2421550CE.NFO,02/01/2024,09:22:07,5.75,5.7,70120,5.75,25960,25000,3714120
FINNIFTY02JAN2421550CE.NFO,02/01/2024,09:22:09,5.7,5.65,31320,5.7,800,88440,3714120
FINNIFTY02JAN2421550CE.NFO,02/01/2024,09:22:11,5.75,5.65,31760,5.75,34440,55960,3714120
FINNIFTY02JAN2421550CE.NFO,02/01/2024,09:22:12,5.7,5.65,33280,5.7,15200,21440,3714120
FINNIFTY02JAN2421550CE.NFO,02/01/2024,09:22:14,5.75,5.65,41280,5.75,39080,65920,3714120
FINNIFTY02JAN2421550CE.NFO,02/01/2024,09:22:16,5.6,5.6,15600,5.65,25960,32240,3714120
FINNIFTY02JAN2421550CE.NFO,02/01/2024,09:22:17,5.45,5.4,22080,5.45,19320,134360,3714120
FINNIFTY02JAN2421550CE.NFO,02/01/2024,09:22:19,5.55,5.5,25400,5.6,36960,41640,3714120
FINNIFTY02JAN2421550CE.NFO,02/01/2024,09:22:21,5.5,5.4,35000,5.5,34440,32080,3714120
FINNIFTY02JAN2421550CE.NFO,02/01/2024,09:22:22,5.45,5.4,22840,5.45,14840,27560,3714120
FINNIFTY02JAN2421550CE.NFO,02/01/2024,09:22:24,5.35,5.3,13640,5.35,25440,31440,3714120
FINNIFTY02JAN2421550CE.NFO,02/01/2024,09:22:26,5.25,5.2,23480,5.25,6800,39160,3714120
FINNIFTY02JAN2421550CE.NFO,02/01/2024,09:22:27,5.2,5.15,37080,5.2,240,44240,3714120
FINNIFTY02JAN2421550CE.NFO,02/01/2024,09:22:29,5.1,5.1,34240,5.2,39200,55720,3714120
FINNIFTY02JAN2421550CE.NFO,02/01/2024,09:22:31,5.2,5.2,15600,5.25,20760,39880,3714120
FINNIFTY02JAN2421550CE.NFO,02/01/2024,09:22:32,5.2,5.2,6200,5.25,32480,35440,3714120
FINNIFTY02JAN2421550CE.NFO,02/01/2024,09:22:34,5.15,5.1,21440,5.15,14960,36160,3714120
FINNIFTY02JAN2421550CE.NFO,02/01/2024,09:22:36,5.05,5.05,7520,5.1,40240,68400,3714120
FINNIFTY02JAN2421550CE.NFO,02/01/2024,09:22:37,5.15,5.15,22040,5.2,2520,81000,3714120
FINNIFTY02JAN2421550CE.NFO,02/01/2024,09:22:39,5.2,5.15,4320,5.2,24480,32760,3714120
FINNIFTY02JAN2421550CE.NFO,02/01/2024,09:22:41,5.15,5.1,16080,5.15,17520,41600,3714120
FINNIFTY02JAN2421550CE.NFO,02/01/2024,09:22:42,5.1,5.1,19560,5.15,17240,28640,3714120
FINNIFTY02JAN2421550CE.NFO,02/01/2024,09:22:44,5.05,5.05,18080,5.1,22280,37280,3714120
FINNIFTY02JAN2421550CE.NFO,02/01/2024,09:22:46,5.05,5,58080,5.05,11720,22040,3714120
FINNIFTY02JAN2421550CE.NFO,02/01/2024,09:22:47,5.1,5.1,31960,5.15,4680,87360,3714120
FINNIFTY02JAN2421550CE.NFO,02/01/2024,09:22:49,5.05,5,51160,5.05,16000,60320,3714120
FINNIFTY02JAN2421550CE.NFO,02/01/2024,09:22:51,5.2,5.15,27120,5.2,3600,51160,3714120
FINNIFTY02JAN2421550CE.NFO,02/01/2024,09:22:52,5.25,5.25,25840,5.3,11760,60000,3714120
FINNIFTY02JAN2421550CE.NFO,02/01/2024,09:22:54,5.25,5.2,29840,5.3,41120,40120,3714120
FINNIFTY02JAN2421550CE.NFO,02/01/2024,09:22:56,5.2,5.15,28240,5.2,5000,50840,3714120
FINNIFTY02JAN2421550CE.NFO,02/01/2024,09:22:57,5.35,5.3,20280,5.35,26000,24880,3714120
FINNIFTY02JAN2421550CE.NFO,02/01/2024,09:22:59,5.4,5.35,19480,5.4,12000,34880,3714120
FINNIFTY02JAN2421550CE.NFO,02/01/2024,09:23:01,5.3,5.25,29600,5.3,22960,57120,3714120
FINNIFTY02JAN2421550CE.NFO,02/01/2024,09:23:02,5.3,5.3,17040,5.35,25240,26440,3714120
FINNIFTY02JAN2421550CE.NFO,02/01/2024,09:23:04,5.3,5.25,36080,5.3,4680,23480,3714120
FINNIFTY02JAN2421550CE.NFO,02/01/2024,09:23:06,5.45,5.45,19080,5.5,40880,46760,3714120
FINNIFTY02JAN2421550CE.NFO,02/01/2024,09:23:07,5.65,5.65,15040,5.7,25600,94400,3714120
FINNIFTY02JAN2421550CE.NFO,02/01/2024,09:23:09,5.7,5.7,1800,5.75,41680,53880,3714120
FINNIFTY02JAN2421550CE.NFO,02/01/2024,09:23:11,5.6,5.6,12920,5.65,32280,98320,3714120
FINNIFTY02JAN2421550CE.NFO,02/01/2024,09:23:12,5.6,5.55,36880,5.65,33600,62160,3714120
FINNIFTY02JAN2421550CE.NFO,02/01/2024,09:23:14,5.65,5.65,37040,5.7,40,73280,3714120
FINNIFTY02JAN2421550CE.NFO,02/01/2024,09:23:16,5.65,5.65,2160,5.7,38320,32160,3714120
FINNIFTY02JAN2421550CE.NFO,02/01/2024,09:23:17,5.95,5.9,6320,5.95,34320,52960,3714120
FINNIFTY02JAN2421550CE.NFO,02/01/2024,09:23:19,5.75,5.75,8800,5.8,29680,76760,3714120
FINNIFTY02JAN2421550CE.NFO,02/01/2024,09:23:21,5.75,5.7,15920,5.75,23680,30400,3714120
FINNIFTY02JAN2421550CE.NFO,02/01/2024,09:23:22,5.65,5.65,24440,5.7,24040,45320,3714120
FINNIFTY02JAN2421550CE.NFO,02/01/2024,09:23:24,5.75,5.7,22680,5.75,23840,19440,4450160
FINNIFTY02JAN2421550CE.NFO,02/01/2024,09:23:26,5.6,5.6,37280,5.65,2520,35440,4450160
FINNIFTY02JAN2421550CE.NFO,02/01/2024,09:23:27,5.6,5.55,26400,5.6,11520,25120,4450160
FINNIFTY02JAN2421550CE.NFO,02/01/2024,09:23:29,5.5,5.5,7720,5.55,33280,35960,4450160
FINNIFTY02JAN2421550CE.NFO,02/01/2024,09:23:31,5.45,5.4,27120,5.45,14680,32040,4450160
FINNIFTY02JAN2421550CE.NFO,02/01/2024,09:23:32,5.6,5.6,44840,5.65,2880,44840,4450160
FINNIFTY02JAN2421550CE.NFO,02/01/2024,09:23:34,5.6,5.6,48000,5.7,40240,17480,4450160
FINNIFTY02JAN2421550CE.NFO,02/01/2024,09:23:36,5.7,5.65,28280,5.7,17640,11920,4450160
FINNIFTY02JAN2421550CE.NFO,02/01/2024,09:23:37,5.75,5.7,42040,5.8,41240,34920,4450160
FINNIFTY02JAN2421550CE.NFO,02/01/2024,09:23:39,5.85,5.8,30840,5.85,10840,57560,4450160
FINNIFTY02JAN2421550CE.NFO,02/01/2024,09:23:41,5.75,5.7,40,5.75,28320,41880,4450160
FINNIFTY02JAN2421550CE.NFO,02/01/2024,09:23:42,5.6,5.6,32200,5.65,600,33720,4450160
FINNIFTY02JAN2421550CE.NFO,02/01/2024,09:23:44,5.7,5.6,38640,5.7,31520,20040,4450160
FINNIFTY02JAN2421550CE.NFO,02/01/2024,09:23:46,5.65,5.65,600,5.7,24800,57880,4450160
FINNIFTY02JAN2421550CE.NFO,02/01/2024,09:23:47,5.6,5.5,40520,5.6,34480,30800,4450160
FINNIFTY02JAN2421550CE.NFO,02/01/2024,09:23:49,5.5,5.5,3560,5.55,28120,30880,4450160
FINNIFTY02JAN2421550CE.NFO,02/01/2024,09:23:51,5.4,5.4,29200,5.45,18760,50600,4450160
FINNIFTY02JAN2421550CE.NFO,02/01/2024,09:23:52,5.45,5.45,4160,5.5,36480,51160,4450160
FINNIFTY02JAN2421550CE.NFO,02/01/2024,09:23:54,5.45,5.4,25080,5.45,17200,35680,4450160
FINNIFTY02JAN2421550CE.NFO,02/01/2024,09:23:56,5.35,5.3,38720,5.35,8080,38560,4450160
FINNIFTY02JAN2421550CE.NFO,02/01/2024,09:23:57,5.25,5.25,38280,5.3,15840,49120,4450160
FINNIFTY02JAN2421550CE.NFO,02/01/2024,09:23:59,5.25,5.2,13280,5.25,33720,73520,4450160
FINNIFTY02JAN2421550CE.NFO,02/01/2024,09:24:01,5.05,5.05,42720,5.1,7960,57560,4450160
FINNIFTY02JAN2421550CE.NFO,02/01/2024,09:24:02,5.1,5.05,11320,5.1,37600,39360,4450160
FINNIFTY02JAN2421550CE.NFO,02/01/2024,09:24:04,5.2,5.15,38840,5.2,12960,44280,4450160
FINNIFTY02JAN2421550CE.NFO,02/01/2024,09:24:06,5.3,5.25,27360,5.3,12360,28360,4450160
FINNIFTY02JAN2421550CE.NFO,02/01/2024,09:24:07,5.25,5.2,34680,5.25,11120,64680,4450160
FINNIFTY02JAN2421550CE.NFO,02/01/2024,09:24:09,5.3,5.25,30200,5.3,20560,32520,4450160
FINNIFTY02JAN2421550CE.NFO,02/01/2024,09:24:11,5.35,5.35,23960,5.4,25960,92680,4450160
FINNIFTY02JAN2421550CE.NFO,02/01/2024,09:24:12,5.35,5.35,11640,5.4,39760,26640,4450160
FINNIFTY02JAN2421550CE.NFO,02/01/2024,09:24:14,5.4,5.35,8480,5.4,39360,49320,4450160
FINNIFTY02JAN2421550CE.NFO,02/01/2024,09:24:16,5.2,5.15,35200,5.2,21800,35280,4450160
FINNIFTY02JAN2421550CE.NFO,02/01/2024,09:24:17,5.25,5.2,16760,5.25,32640,29440,4450160
FINNIFTY02JAN2421550CE.NFO,02/01/2024,09:24:19,5.2,5.15,45440,5.2,13120,43120,4450160
FINNIFTY02JAN2421550CE.NFO,02/01/2024,09:24:21,5.1,5.1,7920,5.15,36440,33040,4450160
FINNIFTY02JAN2421550CE.NFO,02/01/2024,09:24:22,5.05,5,104120,5.1,41560,35000,4450160
FINNIFTY02JAN2421550CE.NFO,02/01/2024,09:24:24,5,5,93560,5.05,36120,24280,4450160
FINNIFTY02JAN2421550CE.NFO,02/01/2024,09:24:26,5.1,5.05,14640,5.1,38760,27840,4450160
FINNIFTY02JAN2421550CE.NFO,02/01/2024,09:24:27,5.05,5.05,7000,5.1,43080,61360,4450160
FINNIFTY02JAN2421550CE.NFO,02/01/2024,09:24:29,5.1,5.05,21080,5.1,33040,26840,4450160
FINNIFTY02JAN2421550CE.NFO,02/01/2024,09:24:31,5.1,5,103680,5.1,50200,42520,4450160
FINNIFTY02JAN2421550CE.NFO,02/01/2024,09:24:32,5.05,5,84000,5.05,18000,56040,4450160
FINNIFTY02JAN2421550CE.NFO,02/01/2024,09:24:34,4.9,4.9,20760,4.95,37160,113880,4450160
FINNIFTY02JAN2421550CE.NFO,02/01/2024,09:24:36,4.95,4.9,1840,4.95,46800,136680,4450160
FINNIFTY02JAN2421550CE.NFO,02/01/2024,09:24:37,5.05,5.05,4480,5.1,43200,84880,4450160
FINNIFTY02JAN2421550CE.NFO,02/01/2024,09:24:39,5,4.95,46960,5,6000,36000,4450160
FINNIFTY02JAN2421550CE.NFO,02/01/2024,09:24:41,4.95,4.9,6120,4.95,29520,31320,4450160
FINNIFTY02JAN2421550CE.NFO,02/01/2024,09:24:42,4.9,4.9,23760,4.95,27640,19280,4450160
FINNIFTY02JAN2421550CE.NFO,02/01/2024,09:24:44,4.95,4.9,33240,4.95,4680,75240,4450160
FINNIFTY02JAN2421550CE.NFO,02/01/2024,09:24:46,4.95,4.9,55680,5,92400,50280,4450160
FINNIFTY02JAN2421550CE.NFO,02/01/2024,09:24:47,5,4.95,1840,5,99160,17320,4450160
FINNIFTY02JAN2421550CE.NFO,02/01/2024,09:24:49,5.1,5.1,2920,5.15,41400,191120,4450160
FINNIFTY02JAN2421550CE.NFO,02/01/2024,09:24:51,5.15,5.1,50360,5.2,36720,36320,4450160
FINNIFTY02JAN2421550CE.NFO,02/01/2024,09:24:52,5,5,21880,5.05,16360,32160,4450160
FINNIFTY02JAN2421550CE.NFO,02/01/2024,09:24:54,5.05,5,22600,5.05,26720,39720,4450160
FINNIFTY02JAN2421550CE.NFO,02/01/2024,09:24:56,4.85,4.85,10440,4.9,37680,115000,4450160
FINNIFTY02JAN2421550CE.NFO,02/01/2024,09:24:57,4.9,4.8,37840,4.9,51040,72280,4450160
FINNIFTY02JAN2421550CE.NFO,02/01/2024,09:24:59,4.7,4.65,28960,4.7,17120,121840,4450160
FINNIFTY02JAN2421550CE.NFO,02/01/2024,09:24:59,4.65,4.65,28960,4.7,17120,0,4450160
FINNIFTY02JAN2421550CE.NFO,02/01/2024,09:25:01,4.6,4.55,23800,4.6,25840,173040,4450160
FINNIFTY02JAN2421550CE.NFO,02/01/2024,09:25:01,4.5,4.55,23800,4.6,25840,0,4450160
FINNIFTY02JAN2421550CE.NFO,02/01/2024,09:25:02,4.8,4.8,27800,4.85,12880,111960,4450160
FINNIFTY02JAN2421550CE.NFO,02/01/2024,09:25:04,4.8,4.75,26080,4.8,17520,48080,4450160
FINNIFTY02JAN2421550CE.NFO,02/01/2024,09:25:06,4.7,4.7,6040,4.75,29560,75720,4450160
FINNIFTY02JAN2421550CE.NFO,02/01/2024,09:25:08,4.9,4.85,39120,4.9,9960,77920,4450160
FINNIFTY02JAN2421550CE.NFO,02/01/2024,09:25:09,4.75,4.7,45880,4.75,80,26960,4450160
FINNIFTY02JAN2421550CE.NFO,02/01/2024,09:25:11,4.7,4.65,51720,4.7,2240,43040,4450160
FINNIFTY02JAN2421550CE.NFO,02/01/2024,09:25:13,4.75,4.65,47720,4.75,36840,34840,4450160
FINNIFTY02JAN2421550CE.NFO,02/01/2024,09:25:14,4.7,4.65,9680,4.7,32440,48680,4450160
FINNIFTY02JAN2421550CE.NFO,02/01/2024,09:25:16,4.65,4.6,32160,4.65,13200,31080,4450160
FINNIFTY02JAN2421550CE.NFO,02/01/2024,09:25:18,4.65,4.65,43120,4.7,1880,29440,4450160
FINNIFTY02JAN2421550CE.NFO,02/01/2024,09:25:19,4.8,4.75,1480,4.8,43200,18080,4450160
FINNIFTY02JAN2421550CE.NFO,02/01/2024,09:25:21,4.8,4.75,42280,4.8,1880,27800,4450160
FINNIFTY02JAN2421550CE.NFO,02/01/2024,09:25:23,4.8,4.8,3240,4.85,52000,26480,4450160
FINNIFTY02JAN2421550CE.NFO,02/01/2024,09:25:24,4.8,4.75,22360,4.8,25000,15320,4450160
FINNIFTY02JAN2421550CE.NFO,02/01/2024,09:25:26,4.75,4.7,35280,4.75,9240,51440,4450160
FINNIFTY02JAN2421550CE.NFO,02/01/2024,09:25:28,4.9,4.85,39360,4.9,17200,61880,4450160
FINNIFTY02JAN2421550CE.NFO,02/01/2024,09:25:29,4.95,4.9,39000,4.95,11120,54520,4450160
FINNIFTY02JAN2421550CE.NFO,02/01/2024,09:25:31,4.95,4.9,45160,5,40760,40640,4450160
FINNIFTY02JAN2421550CE.NFO,02/01/2024,09:25:33,5,5,37440,5.1,46720,57320,4450160
FINNIFTY02JAN2421550CE.NFO,02/01/2024,09:25:34,5.1,5.1,1080,5.15,46440,50400,4450160
FINNIFTY02JAN2421550CE.NFO,02/01/2024,09:25:36,5.15,5.1,18400,5.15,24920,70520,4450160
FINNIFTY02JAN2421550CE.NFO,02/01/2024,09:25:38,5.1,5.1,12240,5.15,32200,131120,4450160
FINNIFTY02JAN2421550CE.NFO,02/01/2024,09:25:39,5.05,5,19040,5.05,32480,34520,4450160
FINNIFTY02JAN2421550CE.NFO,02/01/2024,09:25:41,5,5,37040,5.05,15640,56640,4450160
FINNIFTY02JAN2421550CE.NFO,02/01/2024,09:25:43,5.15,5.1,34880,5.15,11040,13680,4450160
FINNIFTY02JAN2421550CE.NFO,02/01/2024,09:25:44,5.1,5.05,30600,5.1,22240,35520,4450160
FINNIFTY02JAN2421550CE.NFO,02/01/2024,09:25:46,5.1,5.05,24960,5.1,27560,23240,4450160
FINNIFTY02JAN2421550CE.NFO,02/01/2024,09:25:48,5.1,5.05,35840,5.1,9240,41760,4450160
FINNIFTY02JAN2421550CE.NFO,02/01/2024,09:25:49,5,5,7760,5.05,41520,50200,4450160
FINNIFTY02JAN2421550CE.NFO,02/01/2024,09:25:51,5,5,43400,5.05,8400,52240,4450160
FINNIFTY02JAN2421550CE.NFO,02/01/2024,09:25:53,4.95,4.95,25120,5,23240,40160,4450160
FINNIFTY02JAN2421550CE.NFO,02/01/2024,09:25:54,5.15,5.15,30680,5.2,34560,51160,4450160
FINNIFTY02JAN2421550CE.NFO,02/01/2024,09:25:56,5.3,5.3,4000,5.35,36440,79880,4450160
FINNIFTY02JAN2421550CE.NFO,02/01/2024,09:25:58,5.4,5.4,22400,5.45,22240,66360,4450160
FINNIFTY02JAN2421550CE.NFO,02/01/2024,09:25:59,5.45,5.4,31200,5.45,7800,57080,4450160
FINNIFTY02JAN2421550CE.NFO,02/01/2024,09:26:01,5.45,5.45,19960,5.5,37160,68160,4450160
FINNIFTY02JAN2421550CE.NFO,02/01/2024,09:26:03,5.35,5.35,40000,5.4,2280,39400,4450160
FINNIFTY02JAN2421550CE.NFO,02/01/2024,09:26:04,5.35,5.35,39400,5.4,1800,33720,4450160
FINNIFTY02JAN2421550CE.NFO,02/01/2024,09:26:06,5.4,5.4,21680,5.45,23280,21480,4450160
FINNIFTY02JAN2421550CE.NFO,02/01/2024,09:26:08,5.35,5.3,46000,5.35,840,29880,4450160
FINNIFTY02JAN2421550CE.NFO,02/01/2024,09:26:09,5.45,5.4,2400,5.45,39600,18880,4450160
FINNIFTY02JAN2421550CE.NFO,02/01/2024,09:26:11,5.4,5.35,37040,5.4,16800,19280,4450160
FINNIFTY02JAN2421550CE.NFO,02/01/2024,09:26:13,5.45,5.4,1840,5.45,39840,13040,4450160
FINNIFTY02JAN2421550CE.NFO,02/01/2024,09:26:14,5.75,5.75,25800,5.8,23800,150520,4450160
FINNIFTY02JAN2421550CE.NFO,02/01/2024,09:26:16,10,10,520,10.1,760,772600,4450160
FINNIFTY02JAN2421550CE.NFO,02/01/2024,09:26:18,7.3,7.25,600,7.3,880,957720,4450160
FINNIFTY02JAN2421550CE.NFO,02/01/2024,09:26:19,7.5,7.45,3880,7.5,520,238280,4450160
FINNIFTY02JAN2421550CE.NFO,02/01/2024,09:26:21,7.15,7.15,9320,7.25,4840,196640,4450160
FINNIFTY02JAN2421550CE.NFO,02/01/2024,09:26:23,7,7,3040,7.05,240,139800,4450160
FINNIFTY02JAN2421550CE.NFO,02/01/2024,09:26:24,6.95,6.95,4520,7,5320,89640,4925360
FINNIFTY02JAN2421550CE.NFO,02/01/2024,09:26:26,6.9,6.9,5480,6.95,8960,153240,4925360
FINNIFTY02JAN2421550CE.NFO,02/01/2024,09:26:28,7.15,7.1,5200,7.2,5840,174520,4925360
FINNIFTY02JAN2421550CE.NFO,02/01/2024,09:26:29,8.1,8.05,3680,8.1,1960,164920,4925360
FINNIFTY02JAN2421550CE.NFO,02/01/2024,09:26:31,8.3,8.3,80,8.35,3880,235800,4925360
FINNIFTY02JAN2421550CE.NFO,02/01/2024,09:26:33,7.95,7.9,5080,7.95,2560,221520,4925360
FINNIFTY02JAN2421550CE.NFO,02/01/2024,09:26:34,8.05,8,7040,8.05,3960,102480,4925360
FINNIFTY02JAN2421550CE.NFO,02/01/2024,09:26:36,7.95,7.95,6400,8,3280,186920,4925360
FINNIFTY02JAN2421550CE.NFO,02/01/2024,09:26:38,9,9.05,120,9.1,7200,160120,4925360
FINNIFTY02JAN2421550CE.NFO,02/01/2024,09:26:39,9.75,9.6,2520,9.7,1120,218680,4925360
FINNIFTY02JAN2421550CE.NFO,02/01/2024,09:26:41,9.15,9.05,3840,9.15,1520,186440,4925360
FINNIFTY02JAN2421550CE.NFO,02/01/2024,09:26:43,8.9,8.95,80,9,6000,132080,4925360
FINNIFTY02JAN2421550CE.NFO,02/01/2024,09:26:44,9.4,9.3,2240,9.35,1080,177400,4925360
FINNIFTY02JAN2421550CE.NFO,02/01/2024,09:26:46,9.65,9.65,4760,9.75,3520,268680,4925360
FINNIFTY02JAN2421550CE.NFO,02/01/2024,09:26:48,9.3,9.25,3120,9.35,1360,319760,4925360
FINNIFTY02JAN2421550CE.NFO,02/01/2024,09:26:49,8.3,8.3,1120,8.35,760,199040,4925360
FINNIFTY02JAN2421550CE.NFO,02/01/2024,09:26:51,9.15,9.1,640,9.2,4360,199360,4925360
FINNIFTY02JAN2421550CE.NFO,02/01/2024,09:26:53,8.85,8.75,22320,8.85,6040,146120,4925360
FINNIFTY02JAN2421550CE.NFO,02/01/2024,09:26:54,8.4,8.35,2160,8.4,4240,180720,4925360
FINNIFTY02JAN2421550CE.NFO,02/01/2024,09:26:56,8.35,8.3,4040,8.4,7160,179520,4925360
FINNIFTY02JAN2421550CE.NFO,02/01/2024,09:26:58,8.2,8.1,2000,8.2,5760,167840,4925360
FINNIFTY02JAN2421550CE.NFO,02/01/2024,09:26:59,8.05,8,4080,8.05,4840,166960,4925360
FINNIFTY02JAN2421550CE.NFO,02/01/2024,09:27:01,8.65,8.65,5160,8.75,2840,227520,4925360
FINNIFTY02JAN2421550CE.NFO,02/01/2024,09:27:03,8.9,8.9,6760,9,1240,194000,4925360
FINNIFTY02JAN2421550CE.NFO,02/01/2024,09:27:04,8.85,8.8,4120,8.85,2080,142720,4925360
FINNIFTY02JAN2421550CE.NFO,02/01/2024,09:27:06,8.85,8.8,1120,8.9,6040,242960,4925360
FINNIFTY02JAN2421550CE.NFO,02/01/2024,09:27:08,9.5,9.45,3360,9.5,80,155200,4925360
FINNIFTY02JAN2421550CE.NFO,02/01/2024,09:27:09,9.6,9.6,3520,9.7,1800,171640,4925360
FINNIFTY02JAN2421550CE.NFO,02/01/2024,09:27:11,9.1,9.05,3960,9.1,2520,209560,4925360
FINNIFTY02JAN2421550CE.NFO,02/01/2024,09:27:13,9.25,9.2,6120,9.25,40,125800,4925360
FINNIFTY02JAN2421550CE.NFO,02/01/2024,09:27:14,8.9,8.9,10560,9,4400,125560,4925360
FINNIFTY02JAN2421550CE.NFO,02/01/2024,09:27:16,8.9,8.8,8000,8.9,6760,134480,4925360
FINNIFTY02JAN2421550CE.NFO,02/01/2024,09:27:18,8.85,8.8,9640,8.9,7520,110840,4925360
FINNIFTY02JAN2421550CE.NFO,02/01/2024,09:27:19,8.85,8.8,5640,8.85,4440,104440,4925360
FINNIFTY02JAN2421550CE.NFO,02/01/2024,09:27:21,9,8.95,5960,9,4040,83120,4925360
FINNIFTY02JAN2421550CE.NFO,02/01/2024,09:27:23,9.15,9.1,1200,9.15,10320,76800,4925360
FINNIFTY02JAN2421550CE.NFO,02/01/2024,09:27:24,9.05,9.05,3280,9.1,7000,63600,4925360
FINNIFTY02JAN2421550CE.NFO,02/01/2024,09:27:26,8.6,8.55,4920,8.6,5360,104080,4925360
FINNIFTY02JAN2421550CE.NFO,02/01/2024,09:27:28,8.4,8.4,10400,8.45,1800,122720,4925360
FINNIFTY02JAN2421550CE.NFO,02/01/2024,09:27:29,8.35,8.3,80,8.35,6640,109560,4925360
FINNIFTY02JAN2421550CE.NFO,02/01/2024,09:27:31,8.3,8.25,5320,8.3,3000,40360,4925360
FINNIFTY02JAN2421550CE.NFO,02/01/2024,09:27:33,8.2,8.1,7520,8.2,8480,197920,4925360
FINNIFTY02JAN2421550CE.NFO,02/01/2024,09:27:34,8.3,8.25,12240,8.3,5440,131200,4925360
FINNIFTY02JAN2421550CE.NFO,02/01/2024,09:27:36,8.65,8.65,9880,8.75,11400,85240,4925360
FINNIFTY02JAN2421550CE.NFO,02/01/2024,09:27:38,8.85,8.75,2360,8.85,16080,69440,4925360
FINNIFTY02JAN2421550CE.NFO,02/01/2024,09:27:39,8.65,8.65,12240,8.7,80,62040,4925360
FINNIFTY02JAN2421550CE.NFO,02/01/2024,09:27:41,8.65,8.7,2120,8.75,6800,70760,4925360
FINNIFTY02JAN2421550CE.NFO,02/01/2024,09:27:43,9,8.95,1880,9,18440,116240,4925360
FINNIFTY02JAN2421550CE.NFO,02/01/2024,09:27:44,8.65,8.6,4920,8.65,8680,83360,4925360
FINNIFTY02JAN2421550CE.NFO,02/01/2024,09:27:46,8.55,8.5,12160,8.55,2680,52960,4925360
FINNIFTY02JAN2421550CE.NFO,02/01/2024,09:27:48,8.55,8.5,4760,8.55,6280,62080,4925360
FINNIFTY02JAN2421550CE.NFO,02/01/2024,09:27:49,8.95,8.9,3080,8.95,7360,58240,4925360
FINNIFTY02JAN2421550CE.NFO,02/01/2024,09:27:51,9.1,9.1,1360,9.15,4200,77360,4925360
FINNIFTY02JAN2421550CE.NFO,02/01/2024,09:27:53,10.05,10.05,1240,10.1,3880,264280,4925360
FINNIFTY02JAN2421550CE.NFO,02/01/2024,09:27:54,9.75,9.8,2520,9.85,3960,114840,4925360
FINNIFTY02JAN2421550CE.NFO,02/01/2024,09:27:56,10.1,10,4320,10.1,9040,116680,4925360
FINNIFTY02JAN2421550CE.NFO,02/01/2024,09:27:58,12.25,12.25,1040,12.3,440,626560,4925360
FINNIFTY02JAN2421550CE.NFO,02/01/2024,09:27:58,14,12.25,1040,12.3,440,0,4925360
FINNIFTY02JAN2421550CE.NFO,02/01/2024,09:27:59,11.35,11.35,3480,11.45,1800,307000,4925360
FINNIFTY02JAN2421550CE.NFO,02/01/2024,09:28:01,11.35,11.2,6360,11.35,2960,244160,4925360
FINNIFTY02JAN2421550CE.NFO,02/01/2024,09:28:03,11.8,11.8,1680,11.95,8880,171800,4925360
FINNIFTY02JAN2421550CE.NFO,02/01/2024,09:28:04,12,11.95,1400,12,720,157240,4925360
FINNIFTY02JAN2421550CE.NFO,02/01/2024,09:28:06,11.4,11.25,5040,11.4,7600,145440,4925360
FINNIFTY02JAN2421550CE.NFO,02/01/2024,09:28:08,11.25,11.15,6520,11.25,4240,144560,4925360
FINNIFTY02JAN2421550CE.NFO,02/01/2024,09:28:09,11.05,11.05,4440,11.15,6400,131240,4925360
FINNIFTY02JAN2421550CE.NFO,02/01/2024,09:28:11,11,10.9,6120,11,3200,86600,4925360
FINNIFTY02JAN2421550CE.NFO,02/01/2024,09:28:13,10.7,10.75,1360,10.8,1960,120480,4925360
FINNIFTY02JAN2421550CE.NFO,02/01/2024,09:28:14,10.5,10.5,5400,10.6,3240,128480,4925360
FINNIFTY02JAN2421550CE.NFO,02/01/2024,09:28:16,10.85,10.85,2560,10.9,3080,96600,4925360
FINNIFTY02JAN2421550CE.NFO,02/01/2024,09:28:18,10.8,10.7,480,10.75,1840,104160,4925360
FINNIFTY02JAN2421550CE.NFO,02/01/2024,09:28:19,10.65,10.6,2200,10.65,1600,68080,4925360
FINNIFTY02JAN2421550CE.NFO,02/01/2024,09:28:21,10.85,10.8,840,10.85,360,154840,4925360
FINNIFTY02JAN2421550CE.NFO,02/01/2024,09:28:23,11.05,10.95,200,11.05,8960,105920,4925360
FINNIFTY02JAN2421550CE.NFO,02/01/2024,09:28:24,11.6,11.55,5760,11.65,6760,122040,4925360
FINNIFTY02JAN2421550CE.NFO,02/01/2024,09:28:26,11.65,11.55,6720,11.65,6120,123520,4925360
FINNIFTY02JAN2421550CE.NFO,02/01/2024,09:28:28,11.3,11.25,4960,11.35,5680,125160,4925360
FINNIFTY02JAN2421550CE.NFO,02/01/2024,09:28:29,11.5,11.4,9440,11.5,6520,64840,4925360
FINNIFTY02JAN2421550CE.NFO,02/01/2024,09:28:31,11.15,11.05,5560,11.1,240,112800,4925360
FINNIFTY02JAN2421550CE.NFO,02/01/2024,09:28:33,10.65,10.55,7760,10.65,4440,126400,4925360
FINNIFTY02JAN2421550CE.NFO,02/01/2024,09:28:34,10.55,10.5,440,10.55,5960,129480,4925360
FINNIFTY02JAN2421550CE.NFO,02/01/2024,09:28:36,10.15,10.1,7600,10.2,5200,102360,4925360
FINNIFTY02JAN2421550CE.NFO,02/01/2024,09:28:38,10.25,10.25,1400,10.3,7440,181040,4925360
FINNIFTY02JAN2421550CE.NFO,02/01/2024,09:28:39,10.45,10.45,3200,10.5,3040,73760,4925360
FINNIFTY02JAN2421550CE.NFO,02/01/2024,09:28:41,10.6,10.6,7840,10.7,8440,67200,4925360
FINNIFTY02JAN2421550CE.NFO,02/01/2024,09:28:43,10.65,10.55,3520,10.65,7960,50160,4925360
FINNIFTY02JAN2421550CE.NFO,02/01/2024,09:28:44,10.8,10.65,8560,10.75,2480,64120,4925360
FINNIFTY02JAN2421550CE.NFO,02/01/2024,09:28:46,11,11,2480,11.05,2880,90760,4925360
FINNIFTY02JAN2421550CE.NFO,02/01/2024,09:28:48,11,10.95,2160,11,3000,49040,4925360
FINNIFTY02JAN2421550CE.NFO,02/01/2024,09:28:49,10.85,10.8,1240,10.85,3600,62440,4925360
FINNIFTY02JAN2421550CE.NFO,02/01/2024,09:28:51,10.95,10.9,120,10.95,6920,39480,4925360
FINNIFTY02JAN2421550CE.NFO,02/01/2024,09:28:53,10.8,10.7,8560,10.8,3920,102280,4925360
FINNIFTY02JAN2421550CE.NFO,02/01/2024,09:28:54,10.7,10.6,10240,10.7,1680,27280,4925360
FINNIFTY02JAN2421550CE.NFO,02/01/2024,09:28:56,10.45,10.4,5040,10.45,3760,99120,4925360
FINNIFTY02JAN2421550CE.NFO,02/01/2024,09:28:58,10.4,10.35,3040,10.4,2320,68000,4925360
FINNIFTY02JAN2421550CE.NFO,02/01/2024,09:28:59,10.2,10.2,8720,10.3,11560,54280,4925360
FINNIFTY02JAN2421550CE.NFO,02/01/2024,09:29:01,10.15,10.1,4160,10.2,5400,160080,4925360
FINNIFTY02JAN2421550CE.NFO,02/01/2024,09:29:03,9.95,9.9,1760,9.95,2560,71760,4925360
FINNIFTY02JAN2421550CE.NFO,02/01/2024,09:29:04,9.95,9.9,7200,10,9240,85320,4925360
FINNIFTY02JAN2421550CE.NFO,02/01/2024,09:29:06,9.8,9.7,4880,9.8,10000,60160,4925360
FINNIFTY02JAN2421550CE.NFO,02/01/2024,09:29:08,9.65,9.65,40,9.7,9200,70760,4925360
FINNIFTY02JAN2421550CE.NFO,02/01/2024,09:29:09,9.55,9.55,10360,9.65,14000,89560,4925360
FINNIFTY02JAN2421550CE.NFO,02/01/2024,09:29:11,9.85,9.8,15400,9.9,9200,90960,4925360
FINNIFTY02JAN2421550CE.NFO,02/01/2024,09:29:13,10.2,10.2,4960,10.25,4600,101080,4925360
FINNIFTY02JAN2421550CE.NFO,02/01/2024,09:29:14,9.95,9.95,5760,10,1960,80760,4925360
FINNIFTY02JAN2421550CE.NFO,02/01/2024,09:29:16,9.95,9.9,120,9.95,9080,64960,4925360
FINNIFTY02JAN2421550CE.NFO,02/01/2024,09:29:18,9.95,9.9,4520,9.95,1720,60520,4925360
FINNIFTY02JAN2421550CE.NFO,02/01/2024,09:29:19,9.85,9.8,7920,9.85,3800,42840,4925360
FINNIFTY02JAN2421550CE.NFO,02/01/2024,09:29:21,9.9,9.85,5160,9.9,7200,45040,4925360
FINNIFTY02JAN2421550CE.NFO,02/01/2024,09:29:23,9.8,9.75,9280,9.85,5200,41680,4925360
FINNIFTY02JAN2421550CE.NFO,02/01/2024,09:29:24,10,9.95,10000,10,4840,56840,5687640
FINNIFTY02JAN2421550CE.NFO,02/01/2024,09:29:26,9.7,9.65,9880,9.75,5320,76120,5687640
FINNIFTY02JAN2421550CE.NFO,02/01/2024,09:29:28,9.65,9.6,5560,9.65,4200,72360,5687640
FINNIFTY02JAN2421550CE.NFO,02/01/2024,09:29:30,9.7,9.7,8720,9.8,13480,67200,5687640
FINNIFTY02JAN2421550CE.NFO,02/01/2024,09:29:31,9.9,9.8,13480,9.9,9760,44400,5687640
FINNIFTY02JAN2421550CE.NFO,02/01/2024,09:29:33,9.8,9.75,8000,9.85,6920,50600,5687640
FINNIFTY02JAN2421550CE.NFO,02/01/2024,09:29:35,9.95,9.9,2120,9.95,10200,69840,5687640
FINNIFTY02JAN2421550CE.NFO,02/01/2024,09:29:36,10.2,10.2,4920,10.25,2920,59240,5687640
FINNIFTY02JAN2421550CE.NFO,02/01/2024,09:29:38,10.55,10.5,3600,10.55,1560,95840,5687640
FINNIFTY02JAN2421550CE.NFO,02/01/2024,09:29:40,10.55,10.5,120,10.55,4440,68960,5687640
FINNIFTY02JAN2421550CE.NFO,02/01/2024,09:29:41,10.45,10.4,8920,10.45,1640,85080,5687640
FINNIFTY02JAN2421550CE.NFO,02/01/2024,09:29:43,10.15,10.1,9000,10.15,3000,70800,5687640
FINNIFTY02JAN2421550CE.NFO,02/01/2024,09:29:45,10.15,10.1,10800,10.2,3560,57880,5687640
FINNIFTY02JAN2421550CE.NFO,02/01/2024,09:29:46,10.1,10.05,10600,10.1,400,63400,5687640
FINNIFTY02JAN2421550CE.NFO,02/01/2024,09:29:48,10,10.05,240,10.1,7600,67600,5687640
FINNIFTY02JAN2421550CE.NFO,02/01/2024,09:29:50,10.3,10.25,6320,10.3,240,45840,5687640
FINNIFTY02JAN2421550CE.NFO,02/01/2024,09:29:51,10.35,10.35,1720,10.4,5400,39880,5687640
FINNIFTY02JAN2421550CE.NFO,02/01/2024,09:29:53,10.4,10.35,10240,10.4,120,30000,5687640
FINNIFTY02JAN2421550CE.NFO,02/01/2024,09:29:55,10.3,10.2,7640,10.3,4160,104120,5687640
FINNIFTY02JAN2421550CE.NFO,02/01/2024,09:29:56,10.2,10.1,7320,10.2,8480,56280,5687640
FINNIFTY02JAN2421550CE.NFO,02/01/2024,09:29:58,10.1,10.05,720,10.1,4320,80440,5687640
FINNIFTY02JAN2421550CE.NFO,02/01/2024,09:30:00,10,10,17880,10.05,9640,63320,5687640
FINNIFTY02JAN2421550CE.NFO,02/01/2024,09:30:01,10.25,10.25,3480,10.3,2480,207560,5687640
FINNIFTY02JAN2421550CE.NFO,02/01/2024,09:30:03,9.6,9.6,13920,9.7,7200,98720,5687640
FINNIFTY02JAN2421550CE.NFO,02/01/2024,09:30:05,9.4,9.4,9960,9.45,1480,93720,5687640
FINNIFTY02JAN2421550CE.NFO,02/01/2024,09:30:06,9.25,9.2,2000,9.25,8760,78160,5687640
FINNIFTY02JAN2421550CE.NFO,02/01/2024,09:30:08,9.4,9.3,8520,9.4,4480,137280,5687640
FINNIFTY02JAN2421550CE.NFO,02/01/2024,09:30:10,9.6,9.55,8840,9.65,12680,90360,5687640
FINNIFTY02JAN2421550CE.NFO,02/01/2024,09:30:11,9.8,9.75,10320,9.8,2840,95480,5687640
FINNIFTY02JAN2421550CE.NFO,02/01/2024,09:30:13,10,9.95,8560,10.05,9640,95800,5687640
FINNIFTY02JAN2421550CE.NFO,02/01/2024,09:30:15,10.35,10.3,6320,10.4,4120,75800,5687640
FINNIFTY02JAN2421550CE.NFO,02/01/2024,09:30:16,10.35,10.35,800,10.4,6520,45360,5687640
FINNIFTY02JAN2421550CE.NFO,02/01/2024,09:30:18,10.7,10.7,5040,10.8,8760,85560,5687640
FINNIFTY02JAN2421550CE.NFO,02/01/2024,09:30:20,11.2,11.15,7880,11.25,7160,102080,5687640
FINNIFTY02JAN2421550CE.NFO,02/01/2024,09:30:21,10.7,10.65,11080,10.75,6320,103680,5687640
FINNIFTY02JAN2421550CE.NFO,02/01/2024,09:30:23,10.7,10.65,10960,10.75,5840,76920,5687640
FINNIFTY02JAN2421550CE.NFO,02/01/2024,09:30:25,10.55,10.45,10360,10.55,6960,74560,5687640
FINNIFTY02JAN2421550CE.NFO,02/01/2024,09:30:26,10.45,10.45,4600,10.5,3760,46920,5687640
FINNIFTY02JAN2421550CE.NFO,02/01/2024,09:30:28,10.35,10.35,1040,10.4,5800,60680,5687640
FINNIFTY02JAN2421550CE.NFO,02/01/2024,09:30:30,10.15,10.15,4880,10.2,3560,48680,5687640
FINNIFTY02JAN2421550CE.NFO,02/01/2024,09:30:31,10,10,1200,10.05,1720,117800,5687640
FINNIFTY02JAN2421550CE.NFO,02/01/2024,09:30:33,10.1,10.1,1200,10.15,5880,55120,5687640
FINNIFTY02JAN2421550CE.NFO,02/01/2024,09:30:35,10.25,10.15,2680,10.2,6120,107200,5687640
FINNIFTY02JAN2421550CE.NFO,02/01/2024,09:30:36,10.25,10.2,5200,10.25,4080,36320,5687640
FINNIFTY02JAN2421550CE.NFO,02/01/2024,09:30:38,10.1,10.1,11360,10.15,1760,56320,5687640
FINNIFTY02JAN2421550CE.NFO,02/01/2024,09:30:40,10.2,10.2,5200,10.25,7680,46480,5687640
FINNIFTY02JAN2421550CE.NFO,02/01/2024,09:30:41,10.65,10.6,6840,10.65,1720,93520,5687640
FINNIFTY02JAN2421550CE.NFO,02/01/2024,09:30:43,10.4,10.3,7120,10.4,9720,56720,5687640
FINNIFTY02JAN2421550CE.NFO,02/01/2024,09:30:44,10.5,10.45,4560,10.5,5680,50920,5687640
FINNIFTY02JAN2421550CE.NFO,02/01/2024,09:30:46,10.45,10.45,5800,10.5,4960,47880,5687640
FINNIFTY02JAN2421550CE.NFO,02/01/2024,09:30:48,10.45,10.4,7480,10.45,2760,58000,5687640
FINNIFTY02JAN2421550CE.NFO,02/01/2024,09:30:49,10.5,10.45,3080,10.5,6360,49280,5687640
FINNIFTY02JAN2421550CE.NFO,02/01/2024,09:30:51,10.45,10.4,120,10.45,3440,36640,5687640
FINNIFTY02JAN2421550CE.NFO,02/01/2024,09:30:53,10.35,10.35,800,10.4,7440,38160,5687640
FINNIFTY02JAN2421550CE.NFO,02/01/2024,09:30:54,10.35,10.3,10360,10.35,760,52160,5687640
FINNIFTY02JAN2421550CE.NFO,02/01/2024,09:30:56,10.2,10.2,18040,10.3,11960,25400,5687640
FINNIFTY02JAN2421550CE.NFO,02/01/2024,09:30:58,10.2,10.15,2320,10.2,6360,43960,5687640
FINNIFTY02JAN2421550CE.NFO,02/01/2024,09:30:59,10.1,10.05,5360,10.1,5280,63000,5687640
FINNIFTY02JAN2421550CE.NFO,02/01/2024,09:31:01,9.85,9.8,200,9.85,7000,141680,5687640
FINNIFTY02JAN2421550CE.NFO,02/01/2024,09:31:03,9.7,9.7,9320,9.75,1200,62400,5687640
FINNIFTY02JAN2421550CE.NFO,02/01/2024,09:31:04,9.4,9.4,9880,9.45,3680,114840,5687640
FINNIFTY02JAN2421550CE.NFO,02/01/2024,09:31:06,9.6,9.5,16920,9.6,11320,60800,5687640
FINNIFTY02JAN2421550CE.NFO,02/01/2024,09:31:08,9.65,9.6,3200,9.65,12920,44760,5687640
FINNIFTY02JAN2421550CE.NFO,02/01/2024,09:31:09,9.85,9.75,13040,9.85,11600,46640,5687640
FINNIFTY02JAN2421550CE.NFO,02/01/2024,09:31:11,9.75,9.75,2600,9.8,6920,83960,5687640
FINNIFTY02JAN2421550CE.NFO,02/01/2024,09:31:13,9.4,9.35,7520,9.4,2680,129560,5687640
FINNIFTY02JAN2421550CE.NFO,02/01/2024,09:31:14,9.1,9.05,12240,9.15,9320,158680,5687640
FINNIFTY02JAN2421550CE.NFO,02/01/2024,09:31:16,9.1,9.05,7480,9.1,4960,91360,5687640
FINNIFTY02JAN2421550CE.NFO,02/01/2024,09:31:18,9.3,9.3,4800,9.35,7400,101080,5687640
FINNIFTY02JAN2421550CE.NFO,02/01/2024,09:31:19,9.35,9.35,15240,9.4,2440,68320,5687640
FINNIFTY02JAN2421550CE.NFO,02/01/2024,09:31:21,9.2,9.2,2840,9.25,11360,67320,5687640
FINNIFTY02JAN2421550CE.NFO,02/01/2024,09:31:22,9.55,9.55,5560,9.6,2120,63840,5687640
FINNIFTY02JAN2421550CE.NFO,02/01/2024,09:31:24,9.3,9.3,9320,9.4,11800,62840,5687640
FINNIFTY02JAN2421550CE.NFO,02/01/2024,09:31:26,9.85,9.8,6360,9.9,11960,96120,5687640
FINNIFTY02JAN2421550CE.NFO,02/01/2024,09:31:27,9.75,9.75,16320,9.85,5960,45880,5687640
FINNIFTY02JAN2421550CE.NFO,02/01/2024,09:31:29,9.75,9.7,3680,9.75,6120,67200,5687640
FINNIFTY02JAN2421550CE.NFO,02/01/2024,09:31:31,9.7,9.7,600,9.75,9360,39400,5687640
FINNIFTY02JAN2421550CE.NFO,02/01/2024,09:31:32,9.6,9.6,3800,9.65,9280,73840,5687640
FINNIFTY02JAN2421550CE.NFO,02/01/2024,09:31:34,9.3,9.3,12440,9.4,13680,47680,5687640
FINNIFTY02JAN2421550CE.NFO,02/01/2024,09:31:36,9.3,9.3,3800,9.35,9040,47680,5687640
FINNIFTY02JAN2421550CE.NFO,02/01/2024,09:31:37,9.25,9.25,12800,9.3,2600,63080,5687640
FINNIFTY02JAN2421550CE.NFO,02/01/2024,09:31:39,9.3,9.25,18320,9.35,10400,39240,5687640
FINNIFTY02JAN2421550CE.NFO,02/01/2024,09:31:41,9.2,9.2,5240,9.25,4600,21320,5687640
FINNIFTY02JAN2421550CE.NFO,02/01/2024,09:31:42,9.1,9.1,6120,9.15,4440,67480,5687640
FINNIFTY02JAN2421550CE.NFO,02/01/2024,09:31:44,9.2,9.15,15280,9.25,15000,46080,5687640
FINNIFTY02JAN2421550CE.NFO,02/01/2024,09:31:46,9.35,9.35,8640,9.45,15240,61920,5687640
FINNIFTY02JAN2421550CE.NFO,02/01/2024,09:31:47,9.25,9.25,12640,9.35,9480,68720,5687640
FINNIFTY02JAN2421550CE.NFO,02/01/2024,09:31:49,9.3,9.3,10360,9.35,5240,24640,5687640
FINNIFTY02JAN2421550CE.NFO,02/01/2024,09:31:51,9.35,9.3,2840,9.35,11600,40720,5687640
FINNIFTY02JAN2421550CE.NFO,02/01/2024,09:31:53,9.15,9.05,9240,9.15,6880,50880,5687640
FINNIFTY02JAN2421550CE.NFO,02/01/2024,09:31:54,8.75,8.7,5240,8.75,3720,196440,5687640
FINNIFTY02JAN2421550CE.NFO,02/01/2024,09:31:56,8.65,8.65,6760,8.75,14360,58520,5687640
FINNIFTY02JAN2421550CE.NFO,02/01/2024,09:31:58,8.8,8.75,7960,8.8,6360,76240,5687640
FINNIFTY02JAN2421550CE.NFO,02/01/2024,09:31:59,8.95,8.9,12280,9,10440,41520,5687640
FINNIFTY02JAN2421550CE.NFO,02/01/2024,09:32:01,8.6,8.6,7760,8.7,14960,105760,5687640
FINNIFTY02JAN2421550CE.NFO,02/01/2024,09:32:03,8.6,8.55,7520,8.6,4960,43800,5687640
FINNIFTY02JAN2421550CE.NFO,02/01/2024,09:32:04,8.45,8.35,14760,8.45,9760,118960,5687640
FINNIFTY02JAN2421550CE.NFO,02/01/2024,09:32:06,8.35,8.25,13120,8.35,11960,61200,5687640
FINNIFTY02JAN2421550CE.NFO,02/01/2024,09:32:08,8.35,8.35,9920,8.4,4240,88960,5687640
FINNIFTY02JAN2421550CE.NFO,02/01/2024,09:32:09,8.35,8.35,11120,8.45,8720,121880,5687640
FINNIFTY02JAN2421550CE.NFO,02/01/2024,09:32:11,8.5,8.5,13120,8.55,200,48880,5687640
FINNIFTY02JAN2421550CE.NFO,02/01/2024,09:32:13,8.95,8.95,4040,9,18640,62000,5687640
FINNIFTY02JAN2421550CE.NFO,02/01/2024,09:32:14,8.75,8.7,160,8.75,9320,29440,5687640
FINNIFTY02JAN2421550CE.NFO,02/01/2024,09:32:16,8.5,8.5,6600,8.55,8400,37680,5687640
FINNIFTY02JAN2421550CE.NFO,02/01/2024,09:32:17,8.4,8.4,15880,8.5,7120,66920,5687640
FINNIFTY02JAN2421550CE.NFO,02/01/2024,09:32:19,8.05,8.05,9560,8.15,12600,174280,5687640
FINNIFTY02JAN2421550CE.NFO,02/01/2024,09:32:21,8.1,8.05,2480,8.1,13000,71280,5687640
FINNIFTY02JAN2421550CE.NFO,02/01/2024,09:32:22,8.1,8.1,8600,8.15,10240,52320,5687640
FINNIFTY02JAN2421550CE.NFO,02/01/2024,09:32:24,8.2,8.2,15400,8.25,4600,59240,5687640
FINNIFTY02JAN2421550CE.NFO,02/01/2024,09:32:26,8.1,8.1,3160,8.15,9200,45080,6311720
FINNIFTY02JAN2421550CE.NFO,02/01/2024,09:32:27,8.35,8.3,8200,8.35,8840,76800,6311720
FINNIFTY02JAN2421550CE.NFO,02/01/2024,09:32:29,8.4,8.35,12480,8.4,5120,47920,6311720
FINNIFTY02JAN2421550CE.NFO,02/01/2024,09:32:30,8.6,8.55,13960,8.6,1680,34560,6311720
FINNIFTY02JAN2421550CE.NFO,02/01/2024,09:32:32,8.5,8.4,18720,8.5,11480,55600,6311720
FINNIFTY02JAN2421550CE.NFO,02/01/2024,09:32:34,8.45,8.4,7400,8.45,8720,18880,6311720
FINNIFTY02JAN2421550CE.NFO,02/01/2024,09:32:35,8.4,8.35,6400,8.4,7200,42760,6311720
FINNIFTY02JAN2421550CE.NFO,02/01/2024,09:32:37,8.2,8.15,6760,8.2,6480,76720,6311720
FINNIFTY02JAN2421550CE.NFO,02/01/2024,09:32:39,8.15,8.05,15000,8.15,16440,59240,6311720
FINNIFTY02JAN2421550CE.NFO,02/01/2024,09:32:40,8.05,8.05,1960,8.1,10320,150040,6311720
FINNIFTY02JAN2421550CE.NFO,02/01/2024,09:32:42,8,8,18040,8.1,15000,68320,6311720
FINNIFTY02JAN2421550CE.NFO,02/01/2024,09:32:44,8,8,20400,8.1,18680,141360,6311720
FINNIFTY02JAN2421550CE.NFO,02/01/2024,09:32:45,8,7.95,9280,8,8480,68480,6311720
FINNIFTY02JAN2421550CE.NFO,02/01/2024,09:32:47,8,8,5840,8.05,8920,73720,6311720
FINNIFTY02JAN2421550CE.NFO,02/01/2024,09:32:49,8.3,8.25,14320,8.3,2760,63760,6311720
FINNIFTY02JAN2421550CE.NFO,02/01/2024,09:32:50,8.2,8.15,1360,8.2,15640,48440,6311720
FINNIFTY02JAN2421550CE.NFO,02/01/2024,09:32:52,8.1,8.1,3360,8.15,16240,34440,6311720
FINNIFTY02JAN2421550CE.NFO,02/01/2024,09:32:54,8.2,8.15,8800,8.2,4040,105840,6311720
FINNIFTY02JAN2421550CE.NFO,02/01/2024,09:32:55,8.1,8.1,22440,8.2,20400,40160,6311720
FINNIFTY02JAN2421550CE.NFO,02/01/2024,09:32:57,8.2,8.1,21760,8.2,21000,19640,6311720
FINNIFTY02JAN2421550CE.NFO,02/01/2024,09:32:59,8.3,8.25,15840,8.3,9280,18840,6311720
FINNIFTY02JAN2421550CE.NFO,02/01/2024,09:33:00,8.3,8.25,6440,8.3,6760,105080,6311720
FINNIFTY02JAN2421550CE.NFO,02/01/2024,09:33:02,8.4,8.4,3200,8.45,12680,110720,6311720
FINNIFTY02JAN2421550CE.NFO,02/01/2024,09:33:04,8.2,8.2,4800,8.25,12360,69840,6311720
FINNIFTY02JAN2421550CE.NFO,02/01/2024,09:33:05,8.25,8.2,13600,8.25,7960,59560,6311720
FINNIFTY02JAN2421550CE.NFO,02/01/2024,09:33:07,8.25,8.15,23880,8.25,15200,42640,6311720
FINNIFTY02JAN2421550CE.NFO,02/01/2024,09:33:09,8.15,8.1,23640,8.2,25440,56480,6311720
FINNIFTY02JAN2421550CE.NFO,02/01/2024,09:33:10,8.2,8.15,1120,8.2,26200,26920,6311720
FINNIFTY02JAN2421550CE.NFO,02/01/2024,09:33:12,8.15,8.05,23760,8.15,26040,28120,6311720
FINNIFTY02JAN2421550CE.NFO,02/01/2024,09:33:14,7.95,7.95,6320,8,18000,99480,6311720
FINNIFTY02JAN2421550CE.NFO,02/01/2024,09:33:15,7.7,7.65,20560,7.7,2840,52920,6311720
FINNIFTY02JAN2421550CE.NFO,02/01/2024,09:33:17,7.65,7.55,22200,7.65,26840,84360,6311720
FINNIFTY02JAN2421550CE.NFO,02/01/2024,09:33:19,7.9,7.85,5120,7.9,29360,145840,6311720
FINNIFTY02JAN2421550CE.NFO,02/01/2024,09:33:20,7.85,7.85,10840,7.9,18240,83600,6311720
FINNIFTY02JAN2421550CE.NFO,02/01/2024,09:33:22,7.9,7.8,21720,7.9,28680,29320,6311720
FINNIFTY02JAN2421550CE.NFO,02/01/2024,09:33:24,7.7,7.65,1840,7.7,18800,57680,6311720
FINNIFTY02JAN2421550CE.NFO,02/01/2024,09:33:25,7.45,7.45,4440,7.5,14960,133120,6311720
FINNIFTY02JAN2421550CE.NFO,02/01/2024,09:33:27,7.55,7.5,22640,7.6,15240,47320,6311720
FINNIFTY02JAN2421550CE.NFO,02/01/2024,09:33:29,7.5,7.55,16280,7.6,11400,36120,6311720
FINNIFTY02JAN2421550CE.NFO,02/01/2024,09:33:30,7.7,7.7,16240,7.8,22280,38000,6311720
FINNIFTY02JAN2421550CE.NFO,02/01/2024,09:33:32,7.8,7.75,13320,7.85,20840,23920,6311720
FINNIFTY02JAN2421550CE.NFO,02/01/2024,09:33:34,7.8,7.7,16000,7.75,5800,37920,6311720
FINNIFTY02JAN2421550CE.NFO,02/01/2024,09:33:35,7.55,7.5,15280,7.55,5280,112480,6311720
FINNIFTY02JAN2421550CE.NFO,02/01/2024,09:33:37,7.95,7.9,16480,8,26960,129280,6311720
FINNIFTY02JAN2421550CE.NFO,02/01/2024,09:33:39,7.8,7.8,4920,7.85,17400,60760,6311720
FINNIFTY02JAN2421550CE.NFO,02/01/2024,09:33:40,7.8,7.8,17520,7.85,3440,45880,6311720
FINNIFTY02JAN2421550CE.NFO,02/01/2024,09:33:42,8,7.95,10480,8,5400,70640,6311720
FINNIFTY02JAN2421550CE.NFO,02/01/2024,09:33:44,8.1,8.05,19480,8.1,1680,92680,6311720
FINNIFTY02JAN2421550CE.NFO,02/01/2024,09:33:45,8.15,8.1,5720,8.15,18040,93400,6311720
FINNIFTY02JAN2421550CE.NFO,02/01/2024,09:33:47,8,7.95,12280,8,16400,55160,6311720
FINNIFTY02JAN2421550CE.NFO,02/01/2024,09:33:49,8.2,8.1,11320,8.15,2960,35640,6311720
FINNIFTY02JAN2421550CE.NFO,02/01/2024,09:33:50,8.65,8.65,12880,8.7,1600,90400,6311720
FINNIFTY02JAN2421550CE.NFO,02/01/2024,09:33:52,8.7,8.7,8920,8.75,2520,50240,6311720
FINNIFTY02JAN2421550CE.NFO,02/01/2024,09:33:54,8.8,8.8,5520,8.85,11480,134600,6311720
FINNIFTY02JAN2421550CE.NFO,02/01/2024,09:33:55,8.75,8.65,12000,8.7,1080,58520,6311720
FINNIFTY02JAN2421550CE.NFO,02/01/2024,09:33:57,8.75,8.7,10000,8.75,3400,42840,6311720
FINNIFTY02JAN2421550CE.NFO,02/01/2024,09:33:59,8.7,8.7,8240,8.75,8360,45760,6311720
FINNIFTY02JAN2421550CE.NFO,02/01/2024,09:34:01,8.7,8.6,13400,8.65,1160,62960,6311720
FINNIFTY02JAN2421550CE.NFO,02/01/2024,09:34:02,8.5,8.45,9160,8.5,5480,43200,6311720
FINNIFTY02JAN2421550CE.NFO,02/01/2024,09:34:04,8.45,8.35,10320,8.4,1200,49160,6311720
FINNIFTY02JAN2421550CE.NFO,02/01/2024,09:34:06,8.4,8.35,12840,8.4,3520,27360,6311720
FINNIFTY02JAN2421550CE.NFO,02/01/2024,09:34:07,8.3,8.25,11480,8.3,7840,25960,6311720
FINNIFTY02JAN2421550CE.NFO,02/01/2024,09:34:09,8.3,8.3,15120,8.4,18800,46080,6311720
FINNIFTY02JAN2421550CE.NFO,02/01/2024,09:34:11,8.2,8.15,10000,8.2,6040,36200,6311720
FINNIFTY02JAN2421550CE.NFO,02/01/2024,09:34:12,8.25,8.2,17520,8.25,2080,26920,6311720
FINNIFTY02JAN2421550CE.NFO,02/01/2024,09:34:14,8.4,8.35,12360,8.4,11200,42280,6311720
FINNIFTY02JAN2421550CE.NFO,02/01/2024,09:34:16,8.25,8.25,15840,8.3,6040,23080,6311720
FINNIFTY02JAN2421550CE.NFO,02/01/2024,09:34:17,8.15,8.15,9240,8.2,12160,34200,6311720
FINNIFTY02JAN2421550CE.NFO,02/01/2024,09:34:19,8,8,50960,8.05,6360,77840,6311720
FINNIFTY02JAN2421550CE.NFO,02/01/2024,09:34:21,8.05,8.05,15000,8.1,6040,47720,6311720
FINNIFTY02JAN2421550CE.NFO,02/01/2024,09:34:22,7.95,7.9,11640,7.95,15280,60640,6311720
FINNIFTY02JAN2421550CE.NFO,02/01/2024,09:34:24,7.75,7.65,17480,7.75,15360,24600,6311720
FINNIFTY02JAN2421550CE.NFO,02/01/2024,09:34:26,7.65,7.6,4840,7.65,15200,25480,6311720
FINNIFTY02JAN2421550CE.NFO,02/01/2024,09:34:27,7.75,7.7,16800,7.8,23040,49360,6311720
FINNIFTY02JAN2421550CE.NFO,02/01/2024,09:34:29,7.8,7.75,5560,7.8,14520,33920,6311720
FINNIFTY02JAN2421550CE.NFO,02/01/2024,09:34:30,7.7,7.7,12200,7.75,3560,42880,6311720
FINNIFTY02JAN2421550CE.NFO,02/01/2024,09:34:32,7.8,7.8,1160,7.85,17560,33400,6311720
FINNIFTY02JAN2421550CE.NFO,02/01/2024,09:34:34,7.85,7.85,4640,7.9,15960,18480,6311720
FINNIFTY02JAN2421550CE.NFO,02/01/2024,09:34:35,7.85,7.8,18280,7.85,2640,31600,6311720
FINNIFTY02JAN2421550CE.NFO,02/01/2024,09:34:37,7.8,7.8,16160,7.85,10600,30720,6311720
FINNIFTY02JAN2421550CE.NFO,02/01/2024,09:34:39,7.75,7.7,8120,7.75,16280,52160,6311720
FINNIFTY02JAN2421550CE.NFO,02/01/2024,09:34:40,7.7,7.7,5960,7.75,4320,37680,6311720
FINNIFTY02JAN2421550CE.NFO,02/01/2024,09:34:42,8.1,8,19800,8.1,19320,37000,6311720
FINNIFTY02JAN2421550CE.NFO,02/01/2024,09:34:44,8.05,8,560,8.05,17440,24800,6311720
FINNIFTY02JAN2421550CE.NFO,02/01/2024,09:34:45,7.95,7.95,4680,8,12040,20520,6311720
FINNIFTY02JAN2421550CE.NFO,02/01/2024,09:34:47,8,8,2000,8.05,13880,13480,6311720
FINNIFTY02JAN2421550CE.NFO,02/01/2024,09:34:49,8,7.95,7800,8,11800,23840,6311720
FINNIFTY02JAN2421550CE.NFO,02/01/2024,09:34:50,8.05,8,12480,8.05,3800,32120,6311720
FINNIFTY02JAN2421550CE.NFO,02/01/2024,09:34:52,7.8,7.7,17800,7.8,18840,57600,6311720
FINNIFTY02JAN2421550CE.NFO,02/01/2024,09:34:54,7.75,7.65,19760,7.7,5600,26400,6311720
FINNIFTY02JAN2421550CE.NFO,02/01/2024,09:34:55,7.8,7.8,20520,7.9,25320,22480,6311720
FINNIFTY02JAN2421550CE.NFO,02/01/2024,09:34:57,7.85,7.85,19800,7.9,680,36560,6311720
FINNIFTY02JAN2421550CE.NFO,02/01/2024,09:34:59,8.1,8,17960,8.1,14080,80840,6311720
FINNIFTY02JAN2421550CE.NFO,02/01/2024,09:35:00,8.05,8,12520,8.05,4400,143040,6311720
FINNIFTY02JAN2421550CE.NFO,02/01/2024,09:35:02,8.05,8.05,10960,8.1,4160,55360,6311720
FINNIFTY02JAN2421550CE.NFO,02/01/2024,09:35:04,8.25,8.25,9000,8.3,10400,43520,6311720
FINNIFTY02JAN2421550CE.NFO,02/01/2024,09:35:05,8.15,8.1,2600,8.15,13280,92840,6311720
FINNIFTY02JAN2421550CE.NFO,02/01/2024,09:35:07,8.05,8.05,6960,8.1,5160,73000,6311720
FINNIFTY02JAN2421550CE.NFO,02/01/2024,09:35:09,8.05,8.05,10400,8.1,8080,25480,6311720
FINNIFTY02JAN2421550CE.NFO,02/01/2024,09:35:10,7.9,7.9,18680,7.95,1720,26440,6311720
FINNIFTY02JAN2421550CE.NFO,02/01/2024,09:35:12,7.85,7.8,10680,7.85,9760,33120,6311720
FINNIFTY02JAN2421550CE.NFO,02/01/2024,09:35:14,7.95,7.95,9320,8,7920,21760,6311720
FINNIFTY02JAN2421550CE.NFO,02/01/2024,09:35:15,7.85,7.85,18640,7.9,5040,25280,6311720
FINNIFTY02JAN2421550CE.NFO,02/01/2024,09:35:17,7.9,7.85,1560,7.9,17280,35080,6311720
FINNIFTY02JAN2421550CE.NFO,02/01/2024,09:35:19,8.1,8.05,6440,8.1,13840,25440,6311720
FINNIFTY02JAN2421550CE.NFO,02/01/2024,09:35:20,8.45,8.4,11360,8.45,6160,25600,6311720
FINNIFTY02JAN2421550CE.NFO,02/01/2024,09:35:22,8.2,8.2,1920,8.25,16000,45120,6311720
FINNIFTY02JAN2421550CE.NFO,02/01/2024,09:35:24,8.2,8.1,17640,8.2,19520,19200,6311720
FINNIFTY02JAN2421550CE.NFO,02/01/2024,09:35:25,8.3,8.25,520,8.3,15520,13520,6675160
FINNIFTY02JAN2421550CE.NFO,02/01/2024,09:35:27,8.15,8.1,21720,8.15,1080,20480,6675160
FINNIFTY02JAN2421550CE.NFO,02/01/2024,09:35:29,8.2,8.15,9120,8.2,18440,8280,6675160
FINNIFTY02JAN2421550CE.NFO,02/01/2024,09:35:30,8,7.95,20360,8.05,12920,38520,6675160
FINNIFTY02JAN2421550CE.NFO,02/01/2024,09:35:32,8,8,2840,8.05,16880,60720,6675160
FINNIFTY02JAN2421550CE.NFO,02/01/2024,09:35:34,8.1,8.1,7520,8.15,11160,24160,6675160
FINNIFTY02JAN2421550CE.NFO,02/01/2024,09:35:35,8.05,8,4680,8.05,13040,18320,6675160
FINNIFTY02JAN2421550CE.NFO,02/01/2024,09:35:37,7.95,7.9,5280,7.95,18120,26040,6675160
FINNIFTY02JAN2421550CE.NFO,02/01/2024,09:35:39,7.85,7.75,17760,7.85,15920,85000,6675160
FINNIFTY02JAN2421550CE.NFO,02/01/2024,09:35:40,7.7,7.7,24600,7.8,18480,19240,6675160
FINNIFTY02JAN2421550CE.NFO,02/01/2024,09:35:42,7.7,7.7,27520,7.75,5360,37640,6675160
FINNIFTY02JAN2421550CE.NFO,02/01/2024,09:35:44,7.75,7.7,10640,7.75,12120,41800,6675160
FINNIFTY02JAN2421550CE.NFO,02/01/2024,09:35:45,7.45,7.4,22320,7.45,11160,104160,6675160
FINNIFTY02JAN2421550CE.NFO,02/01/2024,09:35:47,7.25,7.25,16760,7.35,20880,91520,6675160
FINNIFTY02JAN2421550CE.NFO,02/01/2024,09:35:49,7.45,7.35,25680,7.45,18000,67320,6675160
FINNIFTY02JAN2421550CE.NFO,02/01/2024,09:35:50,7.4,7.4,25360,7.45,680,56400,6675160
FINNIFTY02JAN2421550CE.NFO,02/01/2024,09:35:52,7.35,7.35,24080,7.4,10280,29320,6675160
FINNIFTY02JAN2421550CE.NFO,02/01/2024,09:35:54,7.2,7.2,17080,7.25,16320,45360,6675160
FINNIFTY02JAN2421550CE.NFO,02/01/2024,09:35:55,7,6.95,13520,7,4160,259080,6675160
FINNIFTY02JAN2421550CE.NFO,02/01/2024,09:35:57,6.9,6.9,32320,7,13280,95280,6675160
FINNIFTY02JAN2421550CE.NFO,02/01/2024,09:35:59,6.95,6.95,13440,7.05,21640,83360,6675160
FINNIFTY02JAN2421550CE.NFO,02/01/2024,09:36:00,6.9,6.85,20480,6.95,23000,83920,6675160
FINNIFTY02JAN2421550CE.NFO,02/01/2024,09:36:02,6.95,6.9,1240,6.95,22840,107360,6675160
FINNIFTY02JAN2421550CE.NFO,02/01/2024,09:36:04,6.95,6.95,5480,7,8800,83640,6675160
FINNIFTY02JAN2421550CE.NFO,02/01/2024,09:36:05,6.95,6.95,10280,7,15760,64200,6675160
FINNIFTY02JAN2421550CE.NFO,02/01/2024,09:36:07,6.9,6.85,20960,6.9,8000,74000,6675160
FINNIFTY02JAN2421550CE.NFO,02/01/2024,09:36:09,7.05,7,23880,7.05,6760,74480,6675160
FINNIFTY02JAN2421550CE.NFO,02/01/2024,09:36:11,7.1,7,17680,7.1,24400,59400,6675160
FINNIFTY02JAN2421550CE.NFO,02/01/2024,09:36:12,6.95,6.95,26200,7.05,24240,37840,6675160
FINNIFTY02JAN2421550CE.NFO,02/01/2024,09:36:14,6.75,6.7,19880,6.75,10280,62680,6675160
FINNIFTY02JAN2421550CE.NFO,02/01/2024,09:36:16,6.75,6.65,18480,6.75,29080,57400,6675160
FINNIFTY02JAN2421550CE.NFO,02/01/2024,09:36:17,6.6,6.55,25640,6.6,4240,213320,6675160
FINNIFTY02JAN2421550CE.NFO,02/01/2024,09:36:19,6.7,6.65,10000,6.7,12680,177440,6675160
FINNIFTY02JAN2421550CE.NFO,02/01/2024,09:36:21,6.65,6.6,15080,6.65,6400,92600,6675160
FINNIFTY02JAN2421550CE.NFO,02/01/2024,09:36:22,6.65,6.6,24560,6.65,1680,37880,6675160
FINNIFTY02JAN2421550CE.NFO,02/01/2024,09:36:24,6.85,6.85,3160,6.9,18120,95680,6675160
FINNIFTY02JAN2421550CE.NFO,02/01/2024,09:36:26,6.95,6.9,10720,6.95,14600,44160,6675160
FINNIFTY02JAN2421550CE.NFO,02/01/2024,09:36:27,6.85,6.85,15920,6.9,12760,68520,6675160
FINNIFTY02JAN2421550CE.NFO,02/01/2024,09:36:29,7.15,7.15,6240,7.2,26840,87920,6675160
FINNIFTY02JAN2421550CE.NFO,02/01/2024,09:36:31,7.2,7.15,8600,7.2,22440,58440,6675160
FINNIFTY02JAN2421550CE.NFO,02/01/2024,09:36:32,7.1,7.05,13360,7.1,9240,58320,6675160
FINNIFTY02JAN2421550CE.NFO,02/01/2024,09:36:34,7.05,7.05,10680,7.1,15200,7680,6675160
FINNIFTY02JAN2421550CE.NFO,02/01/2024,09:36:36,7.1,7.05,13400,7.1,16120,33520,6675160
FINNIFTY02JAN2421550CE.NFO,02/01/2024,09:36:37,6.95,6.9,15480,7,20120,38880,6675160
FINNIFTY02JAN2421550CE.NFO,02/01/2024,09:36:39,7,7.05,5800,7.1,25640,34280,6675160
FINNIFTY02JAN2421550CE.NFO,02/01/2024,09:36:41,7.2,7.2,2760,7.25,20400,39800,6675160
FINNIFTY02JAN2421550CE.NFO,02/01/2024,09:36:42,7.2,7.15,10920,7.2,18360,63520,6675160
FINNIFTY02JAN2421550CE.NFO,02/01/2024,09:36:44,7.25,7.2,28360,7.3,16640,56280,6675160
FINNIFTY02JAN2421550CE.NFO,02/01/2024,09:36:46,7.25,7.2,17880,7.25,11720,39400,6675160
FINNIFTY02JAN2421550CE.NFO,02/01/2024,09:36:47,7.25,7.2,4920,7.25,21480,49080,6675160
FINNIFTY02JAN2421550CE.NFO,02/01/2024,09:36:49,7.15,7.1,23800,7.15,1480,23360,6675160
FINNIFTY02JAN2421550CE.NFO,02/01/2024,09:36:51,7.2,7.2,2640,7.25,16000,16040,6675160
FINNIFTY02JAN2421550CE.NFO,02/01/2024,09:36:52,7.2,7.2,31920,7.3,23400,18200,6675160
FINNIFTY02JAN2421550CE.NFO,02/01/2024,09:36:54,7.35,7.3,26000,7.35,7720,37400,6675160
FINNIFTY02JAN2421550CE.NFO,02/01/2024,09:36:56,7.3,7.25,25600,7.35,19800,17360,6675160
FINNIFTY02JAN2421550CE.NFO,02/01/2024,09:36:57,7.3,7.25,23000,7.3,2160,52040,6675160
FINNIFTY02JAN2421550CE.NFO,02/01/2024,09:36:59,7.35,7.35,4760,7.4,18480,16200,6675160
FINNIFTY02JAN2421550CE.NFO,02/01/2024,09:37:01,7.55,7.55,11160,7.6,24320,67560,6675160
FINNIFTY02JAN2421550CE.NFO,02/01/2024,09:37:02,7.65,7.55,20000,7.65,24080,38160,6675160
FINNIFTY02JAN2421550CE.NFO,02/01/2024,09:37:04,7.6,7.55,16240,7.6,7480,37160,6675160
FINNIFTY02JAN2421550CE.NFO,02/01/2024,09:37:06,7.65,7.65,680,7.7,25440,30080,6675160
FINNIFTY02JAN2421550CE.NFO,02/01/2024,09:37:07,7.65,7.6,11200,7.65,9560,38640,6675160
FINNIFTY02JAN2421550CE.NFO,02/01/2024,09:37:09,7.6,7.6,1800,7.65,19600,63000,6675160
FINNIFTY02JAN2421550CE.NFO,02/01/2024,09:37:11,7.6,7.55,17680,7.6,9200,46240,6675160
FINNIFTY02JAN2421550CE.NFO,02/01/2024,09:37:12,7.5,7.45,24160,7.5,5080,29560,6675160
FINNIFTY02JAN2421550CE.NFO,02/01/2024,09:37:14,7.55,7.5,18800,7.55,4240,62880,6675160
FINNIFTY02JAN2421550CE.NFO,02/01/2024,09:37:16,7.55,7.5,1360,7.55,23760,34760,6675160
FINNIFTY02JAN2421550CE.NFO,02/01/2024,09:37:17,7.5,7.45,12320,7.5,9680,33720,6675160
FINNIFTY02JAN2421550CE.NFO,02/01/2024,09:37:19,7.55,7.5,15200,7.55,12320,36920,6675160
FINNIFTY02JAN2421550CE.NFO,02/01/2024,09:37:21,7.65,7.6,18360,7.65,6960,14040,6675160
FINNIFTY02JAN2421550CE.NFO,02/01/2024,09:37:22,7.65,7.6,14040,7.65,11480,45640,6675160
FINNIFTY02JAN2421550CE.NFO,02/01/2024,09:37:24,7.75,7.7,8160,7.75,17320,20800,6675160
FINNIFTY02JAN2421550CE.NFO,02/01/2024,09:37:26,7.95,7.95,13040,8,30840,43000,6675160
FINNIFTY02JAN2421550CE.NFO,02/01/2024,09:37:27,8,7.95,23120,8,8480,83520,6675160
FINNIFTY02JAN2421550CE.NFO,02/01/2024,09:37:29,8.05,8,19640,8.05,6960,35760,6675160
FINNIFTY02JAN2421550CE.NFO,02/01/2024,09:37:31,8.35,8.3,8680,8.35,17800,84400,6675160
FINNIFTY02JAN2421550CE.NFO,02/01/2024,09:37:32,8.4,8.4,11320,8.45,11320,114600,6675160
FINNIFTY02JAN2421550CE.NFO,02/01/2024,09:37:34,8.45,8.4,21200,8.45,4560,59240,6675160
FINNIFTY02JAN2421550CE.NFO,02/01/2024,09:37:36,8.45,8.4,13320,8.45,12840,67840,6675160
FINNIFTY02JAN2421550CE.NFO,02/01/2024,09:37:37,8.1,8.1,8680,8.15,20080,60600,6675160
FINNIFTY02JAN2421550CE.NFO,02/01/2024,09:37:39,8.3,8.25,3920,8.3,19320,31160,6675160
FINNIFTY02JAN2421550CE.NFO,02/01/2024,09:37:41,8.45,8.4,18400,8.45,21320,51400,6675160
FINNIFTY02JAN2421550CE.NFO,02/01/2024,09:37:42,8.45,8.4,19560,8.45,7400,64320,6675160
FINNIFTY02JAN2421550CE.NFO,02/01/2024,09:37:44,8.3,8.25,20560,8.3,5960,20720,6675160
FINNIFTY02JAN2421550CE.NFO,02/01/2024,09:37:46,8.05,8.05,34240,8.15,20560,56200,6675160
FINNIFTY02JAN2421550CE.NFO,02/01/2024,09:37:47,8.05,8.05,12080,8.1,25800,54720,6675160
FINNIFTY02JAN2421550CE.NFO,02/01/2024,09:37:49,8.15,8.15,20000,8.2,520,31960,6675160
FINNIFTY02JAN2421550CE.NFO,02/01/2024,09:37:51,8.15,8.1,26480,8.15,80,44080,6675160
FINNIFTY02JAN2421550CE.NFO,02/01/2024,09:37:52,8.05,8.05,12680,8.1,23560,18880,6675160
FINNIFTY02JAN2421550CE.NFO,02/01/2024,09:37:54,8.15,8.2,9960,8.25,22240,31120,6675160
FINNIFTY02JAN2421550CE.NFO,02/01/2024,09:37:56,8.25,8.15,18240,8.25,20400,44520,6675160
FINNIFTY02JAN2421550CE.NFO,02/01/2024,09:37:57,8.2,8.2,8840,8.25,16040,28680,6675160
FINNIFTY02JAN2421550CE.NFO,02/01/2024,09:37:59,8.15,8.1,25840,8.15,1840,26240,6675160
FINNIFTY02JAN2421550CE.NFO,02/01/2024,09:38:01,8.15,8.05,29760,8.15,22480,26200,6675160
FINNIFTY02JAN2421550CE.NFO,02/01/2024,09:38:02,8.1,8.1,15520,8.15,7280,29040,6675160
FINNIFTY02JAN2421550CE.NFO,02/01/2024,09:38:04,8.15,8.05,19520,8.1,5240,26720,6675160
FINNIFTY02JAN2421550CE.NFO,02/01/2024,09:38:06,8,7.95,16320,8,13200,82000,6675160
FINNIFTY02JAN2421550CE.NFO,02/01/2024,09:38:07,8,8,120,8.05,22720,41320,6675160
FINNIFTY02JAN2421550CE.NFO,02/01/2024,09:38:09,7.95,7.95,16480,8,9280,13840,6675160
FINNIFTY02JAN2421550CE.NFO,02/01/2024,09:38:11,7.9,7.85,22560,7.9,2560,41280,6675160
FINNIFTY02JAN2421550CE.NFO,02/01/2024,09:38:12,7.85,7.85,25600,7.9,5920,70280,6675160
FINNIFTY02JAN2421550CE.NFO,02/01/2024,09:38:14,8.05,8.05,17240,8.1,14880,20680,6675160
FINNIFTY02JAN2421550CE.NFO,02/01/2024,09:38:16,8.25,8.2,9120,8.25,23520,20240,6675160
FINNIFTY02JAN2421550CE.NFO,02/01/2024,09:38:17,8.2,8.15,14920,8.2,8400,35680,6675160
FINNIFTY02JAN2421550CE.NFO,02/01/2024,09:38:19,8.2,8.1,23200,8.2,14960,19960,6675160
FINNIFTY02JAN2421550CE.NFO,02/01/2024,09:38:21,8.4,8.35,10360,8.4,18280,42360,6675160
FINNIFTY02JAN2421550CE.NFO,02/01/2024,09:38:22,8.55,8.5,9880,8.55,13200,75560,6675160
FINNIFTY02JAN2421550CE.NFO,02/01/2024,09:38:24,8.55,8.5,17360,8.55,3240,73080,6675160
FINNIFTY02JAN2421550CE.NFO,02/01/2024,09:38:26,8.5,8.5,6080,8.55,22240,43280,6779320
FINNIFTY02JAN2421550CE.NFO,02/01/2024,09:38:27,8.85,8.85,11520,8.9,1320,338320,6779320
FINNIFTY02JAN2421550CE.NFO,02/01/2024,09:38:29,8.65,8.65,11720,8.7,13280,89440,6779320
FINNIFTY02JAN2421550CE.NFO,02/01/2024,09:38:31,8.85,8.8,4600,8.85,17800,95480,6779320
FINNIFTY02JAN2421550CE.NFO,02/01/2024,09:38:32,8.8,8.75,6400,8.8,15160,34440,6779320
FINNIFTY02JAN2421550CE.NFO,02/01/2024,09:38:34,8.55,8.55,7240,8.6,13600,45280,6779320
FINNIFTY02JAN2421550CE.NFO,02/01/2024,09:38:36,8.35,8.25,17880,8.35,15600,92680,6779320
FINNIFTY02JAN2421550CE.NFO,02/01/2024,09:38:37,8.9,8.85,6120,8.9,13800,76360,6779320
FINNIFTY02JAN2421550CE.NFO,02/01/2024,09:38:39,8.9,8.85,13120,8.9,5760,88440,6779320
FINNIFTY02JAN2421550CE.NFO,02/01/2024,09:38:41,8.9,8.85,16520,8.95,16720,34000,6779320
FINNIFTY02JAN2421550CE.NFO,02/01/2024,09:38:42,8.55,8.5,4080,8.55,9120,117920,6779320
FINNIFTY02JAN2421550CE.NFO,02/01/2024,09:38:44,8.7,8.65,12560,8.7,6840,71880,6779320
FINNIFTY02JAN2421550CE.NFO,02/01/2024,09:38:46,8.55,8.5,9680,8.55,9840,50680,6779320
FINNIFTY02JAN2421550CE.NFO,02/01/2024,09:38:47,8.45,8.4,15560,8.45,2640,52880,6779320
FINNIFTY02JAN2421550CE.NFO,02/01/2024,09:38:49,8.45,8.45,16360,8.5,6080,98160,6779320
FINNIFTY02JAN2421550CE.NFO,02/01/2024,09:38:51,8.4,8.35,17800,8.4,9040,58440,6779320
FINNIFTY02JAN2421550CE.NFO,02/01/2024,09:38:52,8.55,8.5,12160,8.55,9040,58040,6779320
FINNIFTY02JAN2421550CE.NFO,02/01/2024,09:38:54,8.65,8.65,5920,8.7,10520,73800,6779320
FINNIFTY02JAN2421550CE.NFO,02/01/2024,09:38:56,8.95,8.9,4280,8.95,11560,81040,6779320
FINNIFTY02JAN2421550CE.NFO,02/01/2024,09:38:57,9.55,9.55,6440,9.6,4480,282000,6779320
FINNIFTY02JAN2421550CE.NFO,02/01/2024,09:38:59,9.35,9.35,7360,9.4,3560,203040,6779320
FINNIFTY02JAN2421550CE.NFO,02/01/2024,09:39:01,9.3,9.3,4080,9.35,8400,120920,6779320
FINNIFTY02JAN2421550CE.NFO,02/01/2024,09:39:02,9.95,9.9,5160,10,5960,552120,6779320
FINNIFTY02JAN2421550CE.NFO,02/01/2024,09:39:04,9.85,9.8,5640,9.9,7080,256080,6779320
FINNIFTY02JAN2421550CE.NFO,02/01/2024,09:39:06,10,9.95,7520,10,3720,146200,6779320
FINNIFTY02JAN2421550CE.NFO,02/01/2024,09:39:07,10,10,4560,10.05,9560,137640,6779320
FINNIFTY02JAN2421550CE.NFO,02/01/2024,09:39:09,9.85,9.8,3720,9.85,6200,128120,6779320
FINNIFTY02JAN2421550CE.NFO,02/01/2024,09:39:11,9.7,9.7,10680,9.75,1680,110320,6779320
FINNIFTY02JAN2421550CE.NFO,02/01/2024,09:39:12,9.8,9.75,8760,9.8,5800,73080,6779320
FINNIFTY02JAN2421550CE.NFO,02/01/2024,09:39:14,9.85,9.8,160,9.85,10040,65160,6779320
FINNIFTY02JAN2421550CE.NFO,02/01/2024,09:39:16,9.7,9.7,6240,9.75,5240,81600,6779320
FINNIFTY02JAN2421550CE.NFO,02/01/2024,09:39:17,9.15,9.1,15320,9.2,10280,139320,6779320
FINNIFTY02JAN2421550CE.NFO,02/01/2024,09:39:19,9.45,9.45,7680,9.5,4160,104600,6779320
FINNIFTY02JAN2421550CE.NFO,02/01/2024,09:39:21,9.65,9.65,6280,9.7,1880,49760,6779320
FINNIFTY02JAN2421550CE.NFO,02/01/2024,09:39:22,9.65,9.6,5080,9.65,10680,55200,6779320
FINNIFTY02JAN2421550CE.NFO,02/01/2024,09:39:24,9.6,9.55,6880,9.6,7840,67360,6779320
FINNIFTY02JAN2421550CE.NFO,02/01/2024,09:39:26,9.65,9.7,5840,9.75,10840,59880,6779320
FINNIFTY02JAN2421550CE.NFO,02/01/2024,09:39:27,10.1,10.05,15080,10.1,440,134480,6779320
FINNIFTY02JAN2421550CE.NFO,02/01/2024,09:39:29,10,9.9,8000,10,8920,97960,6779320
FINNIFTY02JAN2421550CE.NFO,02/01/2024,09:39:31,9.9,9.85,6040,9.9,8080,109880,6779320
FINNIFTY02JAN2421550CE.NFO,02/01/2024,09:39:32,9.75,9.75,12160,9.8,2600,56280,6779320
FINNIFTY02JAN2421550CE.NFO,02/01/2024,09:39:34,9.8,9.75,11000,9.8,3160,39120,6779320
FINNIFTY02JAN2421550CE.NFO,02/01/2024,09:39:36,9.5,9.45,17640,9.55,11560,118560,6779320
FINNIFTY02JAN2421550CE.NFO,02/01/2024,09:39:37,9.5,9.45,12720,9.5,4160,69000,6779320
FINNIFTY02JAN2421550CE.NFO,02/01/2024,09:39:39,9.55,9.55,2520,9.6,13800,47520,6779320
FINNIFTY02JAN2421550CE.NFO,02/01/2024,09:39:41,9.65,9.65,12000,9.7,5120,35840,6779320
FINNIFTY02JAN2421550CE.NFO,02/01/2024,09:39:42,9.8,9.8,17840,9.9,14800,103520,6779320
FINNIFTY02JAN2421550CE.NFO,02/01/2024,09:39:44,10.25,10.2,2680,10.25,7400,89080,6779320
FINNIFTY02JAN2421550CE.NFO,02/01/2024,09:39:46,11.15,11.15,10320,11.2,80,237400,6779320
FINNIFTY02JAN2421550CE.NFO,02/01/2024,09:39:47,10.4,10.45,1080,10.5,8840,257200,6779320
FINNIFTY02JAN2421550CE.NFO,02/01/2024,09:39:49,10.9,10.9,4200,11,17560,130280,6779320
FINNIFTY02JAN2421550CE.NFO,02/01/2024,09:39:51,11,10.95,14000,11.05,5440,102120,6779320
FINNIFTY02JAN2421550CE.NFO,02/01/2024,09:39:52,10.5,10.5,9760,10.55,8160,88800,6779320
FINNIFTY02JAN2421550CE.NFO,02/01/2024,09:39:54,10.6,10.5,11920,10.6,14720,116600,6779320
FINNIFTY02JAN2421550CE.NFO,02/01/2024,09:39:56,10.45,10.35,6800,10.45,13320,90200,6779320
FINNIFTY02JAN2421550CE.NFO,02/01/2024,09:39:57,10.4,10.4,1040,10.45,11720,76560,6779320
FINNIFTY02JAN2421550CE.NFO,02/01/2024,09:39:59,10.25,10.2,9600,10.3,16960,80440,6779320
FINNIFTY02JAN2421550CE.NFO,02/01/2024,09:40:01,9.75,9.75,12320,9.85,16800,162720,6779320
FINNIFTY02JAN2421550CE.NFO,02/01/2024,09:40:02,10.6,10.5,10280,10.6,16560,109760,6779320
FINNIFTY02JAN2421550CE.NFO,02/01/2024,09:40:04,10.65,10.6,2200,10.65,9080,73880,6779320
FINNIFTY02JAN2421550CE.NFO,02/01/2024,09:40:06,10.15,10.1,15920,10.2,13160,79480,6779320
FINNIFTY02JAN2421550CE.NFO,02/01/2024,09:40:07,10.05,10.05,400,10.1,16520,48680,6779320
FINNIFTY02JAN2421550CE.NFO,02/01/2024,09:40:09,10.15,10.15,17560,10.25,10880,54680,6779320
FINNIFTY02JAN2421550CE.NFO,02/01/2024,09:40:11,10,9.95,4280,10,10480,67040,6779320
FINNIFTY02JAN2421550CE.NFO,02/01/2024,09:40:12,9.95,9.9,7920,9.95,11160,41880,6779320
FINNIFTY02JAN2421550CE.NFO,02/01/2024,09:40:14,10.05,9.95,13440,10,40,46880,6779320
FINNIFTY02JAN2421550CE.NFO,02/01/2024,09:40:16,10.05,10.05,6960,10.15,17920,43520,6779320
FINNIFTY02JAN2421550CE.NFO,02/01/2024,09:40:17,10.4,10.35,80,10.4,7560,47000,6779320
FINNIFTY02JAN2421550CE.NFO,02/01/2024,09:40:19,10.7,10.6,11360,10.7,10800,47800,6779320
FINNIFTY02JAN2421550CE.NFO,02/01/2024,09:40:21,10.7,10.65,10960,10.7,1920,65560,6779320
FINNIFTY02JAN2421550CE.NFO,02/01/2024,09:40:22,10.4,10.35,14160,10.4,320,87200,6779320
FINNIFTY02JAN2421550CE.NFO,02/01/2024,09:40:24,10.55,10.45,17360,10.55,11400,31080,6779320
FINNIFTY02JAN2421550CE.NFO,02/01/2024,09:40:26,10.25,10.15,25720,10.25,14520,33560,6779320
FINNIFTY02JAN2421550CE.NFO,02/01/2024,09:40:27,10.05,10,7440,10.05,6880,106840,6779320
FINNIFTY02JAN2421550CE.NFO,02/01/2024,09:40:29,9.9,9.9,19160,10,9400,100840,6779320
FINNIFTY02JAN2421550CE.NFO,02/01/2024,09:40:31,9.95,9.95,16680,10,3680,81600,6779320
FINNIFTY02JAN2421550CE.NFO,02/01/2024,09:40:32,9.95,9.85,8360,9.95,13000,44280,6779320
FINNIFTY02JAN2421550CE.NFO,02/01/2024,09:40:34,10,9.9,7200,9.95,3400,49760,6779320
FINNIFTY02JAN2421550CE.NFO,02/01/2024,09:40:36,10.15,10.15,7920,10.2,3360,63680,6779320
FINNIFTY02JAN2421550CE.NFO,02/01/2024,09:40:37,10.1,10.05,18560,10.1,280,39080,6779320
FINNIFTY02JAN2421550CE.NFO,02/01/2024,09:40:39,10.15,10.15,1640,10.2,10760,47080,6779320
FINNIFTY02JAN2421550CE.NFO,02/01/2024,09:40:41,10.25,10.15,8360,10.25,10680,34680,6779320
FINNIFTY02JAN2421550CE.NFO,02/01/2024,09:40:42,9.75,9.75,7840,9.85,19040,61480,6779320
FINNIFTY02JAN2421550CE.NFO,02/01/2024,09:40:44,9.85,9.8,6360,9.85,5080,108280,6779320
FINNIFTY02JAN2421550CE.NFO,02/01/2024,09:40:46,9.35,9.35,14840,9.45,14560,91280,6779320
FINNIFTY02JAN2421550CE.NFO,02/01/2024,09:40:48,9.3,9.3,12600,9.35,3640,67400,6779320
FINNIFTY02JAN2421550CE.NFO,02/01/2024,09:40:49,9.65,9.6,5760,9.65,8440,38080,6779320
FINNIFTY02JAN2421550CE.NFO,02/01/2024,09:40:51,9.6,9.6,14040,9.7,12600,50240,6779320
FINNIFTY02JAN2421550CE.NFO,02/01/2024,09:40:53,9.75,9.75,760,9.8,14360,54600,6779320
FINNIFTY02JAN2421550CE.NFO,02/01/2024,09:40:54,10.1,10.05,14400,10.15,8800,40680,6779320
FINNIFTY02JAN2421550CE.NFO,02/01/2024,09:40:56,9.85,9.8,16360,9.9,17760,40920,6779320
FINNIFTY02JAN2421550CE.NFO,02/01/2024,09:40:58,9.85,9.75,7120,9.8,9520,15320,6779320
FINNIFTY02JAN2421550CE.NFO,02/01/2024,09:40:59,10.1,10.1,14600,10.2,11960,61160,6779320
FINNIFTY02JAN2421550CE.NFO,02/01/2024,09:41:01,9.7,9.7,20600,9.8,3400,66920,6779320
FINNIFTY02JAN2421550CE.NFO,02/01/2024,09:41:03,9.85,9.8,9160,9.85,3720,31120,6779320
FINNIFTY02JAN2421550CE.NFO,02/01/2024,09:41:04,9.9,9.9,5720,9.95,7760,24880,6779320
FINNIFTY02JAN2421550CE.NFO,02/01/2024,09:41:06,10.05,9.95,9440,10.05,15320,28040,6779320
FINNIFTY02JAN2421550CE.NFO,02/01/2024,09:41:08,10.1,10.05,4200,10.1,3960,20520,6779320
FINNIFTY02JAN2421550CE.NFO,02/01/2024,09:41:09,9.85,9.85,5960,9.9,2280,22680,6779320
FINNIFTY02JAN2421550CE.NFO,02/01/2024,09:41:11,9.8,9.75,7480,9.85,15480,30840,6779320
FINNIFTY02JAN2421550CE.NFO,02/01/2024,09:41:13,9.7,9.7,8440,9.75,4600,29240,6779320
FINNIFTY02JAN2421550CE.NFO,02/01/2024,09:41:14,9.9,9.8,5400,9.85,9760,34600,6779320
FINNIFTY02JAN2421550CE.NFO,02/01/2024,09:41:16,9.8,9.8,10520,9.85,2240,29840,6779320
FINNIFTY02JAN2421550CE.NFO,02/01/2024,09:41:18,9.8,9.75,16920,9.8,1600,38840,6779320
FINNIFTY02JAN2421550CE.NFO,02/01/2024,09:41:19,9.7,9.6,11960,9.7,18360,35880,6779320
FINNIFTY02JAN2421550CE.NFO,02/01/2024,09:41:21,9.85,9.85,9960,9.95,15040,95640,6779320
FINNIFTY02JAN2421550CE.NFO,02/01/2024,09:41:23,10.05,10,5600,10.05,5040,25640,6779320
FINNIFTY02JAN2421550CE.NFO,02/01/2024,09:41:24,10,10,2400,10.05,11600,19240,6779320
FINNIFTY02JAN2421550CE.NFO,02/01/2024,09:41:26,9.85,9.85,12360,9.95,18520,48800,7351560
FINNIFTY02JAN2421550CE.NFO,02/01/2024,09:41:28,10.05,9.95,9360,10,2680,28640,7351560
FINNIFTY02JAN2421550CE.NFO,02/01/2024,09:41:29,9.95,9.85,12560,9.95,14960,23720,7351560
FINNIFTY02JAN2421550CE.NFO,02/01/2024,09:41:31,9.75,9.75,7000,9.8,11840,15360,7351560
FINNIFTY02JAN2421550CE.NFO,02/01/2024,09:41:33,9.95,9.9,9560,9.95,2520,39360,7351560
FINNIFTY02JAN2421550CE.NFO,02/01/2024,09:41:34,10.05,10,1640,10.05,10920,28680,7351560
FINNIFTY02JAN2421550CE.NFO,02/01/2024,09:41:36,10.05,10.05,2240,10.1,8920,28800,7351560
FINNIFTY02JAN2421550CE.NFO,02/01/2024,09:41:38,9.85,9.8,17000,9.85,3800,44440,7351560
FINNIFTY02JAN2421550CE.NFO,02/01/2024,09:41:39,9.85,9.8,10920,9.85,2720,24960,7351560
FINNIFTY02JAN2421550CE.NFO,02/01/2024,09:41:41,10.15,10.1,5240,10.15,6640,42760,7351560
FINNIFTY02JAN2421550CE.NFO,02/01/2024,09:41:43,10.1,10.1,11800,10.2,23040,30120,7351560
FINNIFTY02JAN2421550CE.NFO,02/01/2024,09:41:44,10.15,10.1,2000,10.15,6880,14400,7351560
FINNIFTY02JAN2421550CE.NFO,02/01/2024,09:41:46,10.1,10.1,12000,10.2,21520,18320,7351560
FINNIFTY02JAN2421550CE.NFO,02/01/2024,09:41:48,10.05,10.05,11640,10.1,1160,70640,7351560
FINNIFTY02JAN2421550CE.NFO,02/01/2024,09:41:49,10.05,10.05,6200,10.1,6800,51120,7351560
FINNIFTY02JAN2421550CE.NFO,02/01/2024,09:41:51,9.9,9.85,10280,9.9,4400,40120,7351560
FINNIFTY02JAN2421550CE.NFO,02/01/2024,09:41:53,9.8,9.8,5040,9.85,8640,49120,7351560
FINNIFTY02JAN2421550CE.NFO,02/01/2024,09:41:54,9.95,9.95,3920,10,15080,30040,7351560
FINNIFTY02JAN2421550CE.NFO,02/01/2024,09:41:56,9.95,9.9,11120,9.95,6080,22520,7351560
FINNIFTY02JAN2421550CE.NFO,02/01/2024,09:41:58,9.95,9.9,17080,9.95,5040,16920,7351560
FINNIFTY02JAN2421550CE.NFO,02/01/2024,09:41:59,9.9,9.85,2040,9.9,13600,13240,7351560
FINNIFTY02JAN2421550CE.NFO,02/01/2024,09:42:01,9.25,9.2,12040,9.3,5680,255920,7351560
FINNIFTY02JAN2421550CE.NFO,02/01/2024,09:42:03,9.2,9.15,3000,9.2,4440,186960,7351560
FINNIFTY02JAN2421550CE.NFO,02/01/2024,09:42:04,9.3,9.2,14920,9.3,16600,57280,7351560
FINNIFTY02JAN2421550CE.NFO,02/01/2024,09:42:06,9,9,2520,9.05,12640,55040,7351560
FINNIFTY02JAN2421550CE.NFO,02/01/2024,09:42:08,8.85,8.85,15480,8.9,7280,60400,7351560
FINNIFTY02JAN2421550CE.NFO,02/01/2024,09:42:09,9.1,9.05,14360,9.15,21040,78840,7351560
FINNIFTY02JAN2421550CE.NFO,02/01/2024,09:42:11,9.15,9.1,7640,9.15,10720,39240,7351560
FINNIFTY02JAN2421550CE.NFO,02/01/2024,09:42:13,9.1,9,16680,9.1,19920,22800,7351560
FINNIFTY02JAN2421550CE.NFO,02/01/2024,09:42:14,9.15,9.05,15160,9.15,18960,48920,7351560
FINNIFTY02JAN2421550CE.NFO,02/01/2024,09:42:16,9,8.95,11400,9,6080,30960,7351560
FINNIFTY02JAN2421550CE.NFO,02/01/2024,09:42:18,9.05,9.05,16120,9.15,19480,44680,7351560
FINNIFTY02JAN2421550CE.NFO,02/01/2024,09:42:19,9.45,9.45,40,9.5,16440,73160,7351560
FINNIFTY02JAN2421550CE.NFO,02/01/2024,09:42:21,9.25,9.15,14400,9.25,23640,37400,7351560
FINNIFTY02JAN2421550CE.NFO,02/01/2024,09:42:23,9.15,9.15,24320,9.2,240,19080,7351560
FINNIFTY02JAN2421550CE.NFO,02/01/2024,09:42:24,9.15,9.15,16120,9.25,19200,32120,7351560
FINNIFTY02JAN2421550CE.NFO,02/01/2024,09:42:26,9.05,9.05,4800,9.1,15800,25880,7351560
FINNIFTY02JAN2421550CE.NFO,02/01/2024,09:42:28,9,9,27880,9.05,3760,13000,7351560
FINNIFTY02JAN2421550CE.NFO,02/01/2024,09:42:29,9.2,9.15,19080,9.2,6400,24680,7351560
FINNIFTY02JAN2421550CE.NFO,02/01/2024,09:42:31,9.35,9.35,3920,9.4,11680,20360,7351560
FINNIFTY02JAN2421550CE.NFO,02/01/2024,09:42:32,9.4,9.3,10440,9.35,6920,28400,7351560
FINNIFTY02JAN2421550CE.NFO,02/01/2024,09:42:34,9.25,9.25,15200,9.3,3680,30040,7351560
FINNIFTY02JAN2421550CE.NFO,02/01/2024,09:42:36,9.35,9.25,21920,9.3,1200,20920,7351560
FINNIFTY02JAN2421550CE.NFO,02/01/2024,09:42:37,9.3,9.25,12000,9.3,6480,29360,7351560
FINNIFTY02JAN2421550CE.NFO,02/01/2024,09:42:39,9.5,9.5,15240,9.6,18400,39680,7351560
FINNIFTY02JAN2421550CE.NFO,02/01/2024,09:42:41,9.45,9.35,25240,9.45,18680,33720,7351560
FINNIFTY02JAN2421550CE.NFO,02/01/2024,09:42:42,9.5,9.5,12520,9.6,14800,23840,7351560
FINNIFTY02JAN2421550CE.NFO,02/01/2024,09:42:44,9.55,9.55,2280,9.6,7160,34080,7351560
FINNIFTY02JAN2421550CE.NFO,02/01/2024,09:42:46,9.4,9.4,18440,9.5,20640,23960,7351560
FINNIFTY02JAN2421550CE.NFO,02/01/2024,09:42:47,9.45,9.4,19480,9.45,1800,9840,7351560
FINNIFTY02JAN2421550CE.NFO,02/01/2024,09:42:49,9.55,9.5,4040,9.55,13440,55840,7351560
FINNIFTY02JAN2421550CE.NFO,02/01/2024,09:42:51,9.65,9.65,3160,9.7,13080,25000,7351560
FINNIFTY02JAN2421550CE.NFO,02/01/2024,09:42:52,9.9,9.85,3040,9.9,11520,35320,7351560
FINNIFTY02JAN2421550CE.NFO,02/01/2024,09:42:54,9.9,9.85,11040,9.9,4800,79320,7351560
FINNIFTY02JAN2421550CE.NFO,02/01/2024,09:42:56,10.15,10.05,10600,10.1,6720,20040,7351560
FINNIFTY02JAN2421550CE.NFO,02/01/2024,09:42:58,10.05,10.05,14680,10.15,16840,26360,7351560
FINNIFTY02JAN2421550CE.NFO,02/01/2024,09:42:59,10.1,10.1,4360,10.15,12600,27920,7351560
FINNIFTY02JAN2421550CE.NFO,02/01/2024,09:43:01,9.65,9.65,640,9.7,7800,68560,7351560
FINNIFTY02JAN2421550CE.NFO,02/01/2024,09:43:03,9.8,9.75,16760,9.8,160,38560,7351560
FINNIFTY02JAN2421550CE.NFO,02/01/2024,09:43:04,10.1,10.05,21240,10.15,15360,59160,7351560
FINNIFTY02JAN2421550CE.NFO,02/01/2024,09:43:06,10,9.9,9880,10,18840,32760,7351560
FINNIFTY02JAN2421550CE.NFO,02/01/2024,09:43:08,9.9,9.9,5520,9.95,14200,28480,7351560
FINNIFTY02JAN2421550CE.NFO,02/01/2024,09:43:09,9.8,9.75,12760,9.85,19960,33280,7351560
FINNIFTY02JAN2421550CE.NFO,02/01/2024,09:43:11,9.8,9.75,12520,9.8,2320,17640,7351560
FINNIFTY02JAN2421550CE.NFO,02/01/2024,09:43:13,9.5,9.45,13240,9.5,3800,53680,7351560
FINNIFTY02JAN2421550CE.NFO,02/01/2024,09:43:14,9.5,9.45,1600,9.5,12960,34360,7351560
FINNIFTY02JAN2421550CE.NFO,02/01/2024,09:43:16,9.55,9.5,40,9.55,18600,23280,7351560
FINNIFTY02JAN2421550CE.NFO,02/01/2024,09:43:18,9.4,9.4,11920,9.5,25120,21600,7351560
FINNIFTY02JAN2421550CE.NFO,02/01/2024,09:43:19,9.35,9.3,7200,9.35,9880,25360,7351560
FINNIFTY02JAN2421550CE.NFO,02/01/2024,09:43:21,9.25,9.25,17040,9.35,18480,26040,7351560
FINNIFTY02JAN2421550CE.NFO,02/01/2024,09:43:23,9.3,9.2,20000,9.3,18760,31960,7351560
FINNIFTY02JAN2421550CE.NFO,02/01/2024,09:43:24,9.15,9.1,15880,9.15,5000,128720,7351560
FINNIFTY02JAN2421550CE.NFO,02/01/2024,09:43:26,8.95,8.9,18720,8.95,1880,26760,7351560
FINNIFTY02JAN2421550CE.NFO,02/01/2024,09:43:28,9.05,9,19400,9.05,3160,64440,7351560
FINNIFTY02JAN2421550CE.NFO,02/01/2024,09:43:29,9.2,9.2,15840,9.3,16880,88400,7351560
FINNIFTY02JAN2421550CE.NFO,02/01/2024,09:43:31,9.15,9.1,4400,9.15,12240,31920,7351560
FINNIFTY02JAN2421550CE.NFO,02/01/2024,09:43:33,9.05,9,10960,9.05,7600,83800,7351560
FINNIFTY02JAN2421550CE.NFO,02/01/2024,09:43:34,8.85,8.75,20640,8.85,18520,166520,7351560
FINNIFTY02JAN2421550CE.NFO,02/01/2024,09:43:36,8.7,8.65,11040,8.7,3560,39960,7351560
FINNIFTY02JAN2421550CE.NFO,02/01/2024,09:43:38,8.45,8.4,23760,8.5,16240,79880,7351560
FINNIFTY02JAN2421550CE.NFO,02/01/2024,09:43:39,8.4,8.4,12000,8.45,4560,105280,7351560
FINNIFTY02JAN2421550CE.NFO,02/01/2024,09:43:41,8.55,8.5,16080,8.55,3240,61600,7351560
FINNIFTY02JAN2421550CE.NFO,02/01/2024,09:43:43,8.55,8.5,7440,8.55,13600,43520,7351560
FINNIFTY02JAN2421550CE.NFO,02/01/2024,09:43:44,8.25,8.25,11280,8.3,10440,37560,7351560
FINNIFTY02JAN2421550CE.NFO,02/01/2024,09:43:46,8.45,8.4,12800,8.45,5800,26880,7351560
FINNIFTY02JAN2421550CE.NFO,02/01/2024,09:43:48,8.9,8.8,21840,8.9,13320,39640,7351560
FINNIFTY02JAN2421550CE.NFO,02/01/2024,09:43:49,8.8,8.75,4280,8.8,17720,63560,7351560
FINNIFTY02JAN2421550CE.NFO,02/01/2024,09:43:51,8.6,8.55,9040,8.6,6960,61200,7351560
FINNIFTY02JAN2421550CE.NFO,02/01/2024,09:43:53,8.45,8.4,14920,8.45,1120,47200,7351560
FINNIFTY02JAN2421550CE.NFO,02/01/2024,09:43:54,8.35,8.3,5240,8.35,8360,51880,7351560
FINNIFTY02JAN2421550CE.NFO,02/01/2024,09:43:56,8.25,8.25,23800,8.35,16000,32760,7351560
FINNIFTY02JAN2421550CE.NFO,02/01/2024,09:43:58,8.5,8.45,19920,8.5,3760,46320,7351560
FINNIFTY02JAN2421550CE.NFO,02/01/2024,09:43:59,8.7,8.75,5800,8.8,7840,59640,7351560
FINNIFTY02JAN2421550CE.NFO,02/01/2024,09:44:01,8.5,8.4,7440,8.45,12840,81000,7351560
FINNIFTY02JAN2421550CE.NFO,02/01/2024,09:44:03,8.2,8.2,18560,8.25,4640,198400,7351560
FINNIFTY02JAN2421550CE.NFO,02/01/2024,09:44:04,8.05,8,23000,8.1,12160,200200,7351560
FINNIFTY02JAN2421550CE.NFO,02/01/2024,09:44:06,8.15,8.15,10720,8.2,5480,48120,7351560
FINNIFTY02JAN2421550CE.NFO,02/01/2024,09:44:08,8.1,8.1,15120,8.15,5120,48880,7351560
FINNIFTY02JAN2421550CE.NFO,02/01/2024,09:44:09,8,7.95,18400,8,3840,62960,7351560
FINNIFTY02JAN2421550CE.NFO,02/01/2024,09:44:11,8.1,8.1,5760,8.15,14600,64560,7351560
FINNIFTY02JAN2421550CE.NFO,02/01/2024,09:44:13,8.15,8.15,5040,8.2,8920,80640,7351560
FINNIFTY02JAN2421550CE.NFO,02/01/2024,09:44:14,8.2,8.15,13720,8.2,8280,95800,7351560
FINNIFTY02JAN2421550CE.NFO,02/01/2024,09:44:16,8.1,8.05,8280,8.1,12880,36800,7351560
FINNIFTY02JAN2421550CE.NFO,02/01/2024,09:44:18,7.75,7.75,15880,7.85,19560,58440,7351560
FINNIFTY02JAN2421550CE.NFO,02/01/2024,09:44:19,7.7,7.7,7800,7.75,6520,182920,7351560
FINNIFTY02JAN2421550CE.NFO,02/01/2024,09:44:21,8,8,15840,8.05,1400,74960,7351560
FINNIFTY02JAN2421550CE.NFO,02/01/2024,09:44:23,7.95,7.95,9360,8,5480,41600,7351560
FINNIFTY02JAN2421550CE.NFO,02/01/2024,09:44:24,8,8,3520,8.05,11240,33040,7351560
FINNIFTY02JAN2421550CE.NFO,02/01/2024,09:44:26,7.95,7.95,7200,8,11640,56280,7750120
FINNIFTY02JAN2421550CE.NFO,02/01/2024,09:44:28,8.15,8.1,21560,8.2,17400,56240,7750120
FINNIFTY02JAN2421550CE.NFO,02/01/2024,09:44:29,8,7.95,4240,8,8560,63560,7750120
FINNIFTY02JAN2421550CE.NFO,02/01/2024,09:44:31,8.15,8.1,3680,8.15,7680,34400,7750120
FINNIFTY02JAN2421550CE.NFO,02/01/2024,09:44:33,8,8,31640,8.1,16280,26200,7750120
FINNIFTY02JAN2421550CE.NFO,02/01/2024,09:44:34,7.85,7.85,18000,7.9,3880,42480,7750120
FINNIFTY02JAN2421550CE.NFO,02/01/2024,09:44:36,7.8,7.75,12480,7.8,13280,30680,7750120
FINNIFTY02JAN2421550CE.NFO,02/01/2024,09:44:38,7.9,7.9,17760,7.95,1280,32920,7750120
FINNIFTY02JAN2421550CE.NFO,02/01/2024,09:44:39,8.05,8,7920,8.05,9440,34640,7750120
FINNIFTY02JAN2421550CE.NFO,02/01/2024,09:44:41,8.3,8.25,14840,8.3,15560,66240,7750120
FINNIFTY02JAN2421550CE.NFO,02/01/2024,09:44:43,8.25,8.15,31840,8.25,25840,30600,7750120
FINNIFTY02JAN2421550CE.NFO,02/01/2024,09:44:44,8.2,8.25,12840,8.3,11120,21160,7750120
FINNIFTY02JAN2421550CE.NFO,02/01/2024,09:44:46,8.15,8.1,52400,8.2,26320,82640,7750120
FINNIFTY02JAN2421550CE.NFO,02/01/2024,09:44:48,8.2,8.15,1440,8.2,17920,23040,7750120
FINNIFTY02JAN2421550CE.NFO,02/01/2024,09:44:49,8.2,8.15,11880,8.2,14400,20160,7750120
FINNIFTY02JAN2421550CE.NFO,02/01/2024,09:44:51,8,8,15800,8.05,8840,110520,7750120
FINNIFTY02JAN2421550CE.NFO,02/01/2024,09:44:53,8.05,8.05,2400,8.1,18480,71200,7750120
FINNIFTY02JAN2421550CE.NFO,02/01/2024,09:44:54,8.05,8.05,4520,8.1,19400,56640,7750120
FINNIFTY02JAN2421550CE.NFO,02/01/2024,09:44:56,7.95,7.9,9040,7.95,17040,72520,7750120
FINNIFTY02JAN2421550CE.NFO,02/01/2024,09:44:58,7.85,7.85,19560,7.9,9360,26680,7750120
FINNIFTY02JAN2421550CE.NFO,02/01/2024,09:44:59,7.85,7.8,22640,7.85,7320,24080,7750120
FINNIFTY02JAN2421550CE.NFO,02/01/2024,09:45:01,7.65,7.6,5120,7.65,9880,175080,7750120
FINNIFTY02JAN2421550CE.NFO,02/01/2024,09:45:03,7.7,7.7,6560,7.75,9040,73760,7750120
FINNIFTY02JAN2421550CE.NFO,02/01/2024,09:45:04,8,8,5680,8.05,13680,105720,7750120
FINNIFTY02JAN2421550CE.NFO,02/01/2024,09:45:06,7.85,7.85,12640,7.9,7920,77840,7750120
FINNIFTY02JAN2421550CE.NFO,02/01/2024,09:45:08,7.9,7.85,21360,7.9,1640,34960,7750120
FINNIFTY02JAN2421550CE.NFO,02/01/2024,09:45:09,7.85,7.8,11360,7.85,6440,62200,7750120
FINNIFTY02JAN2421550CE.NFO,02/01/2024,09:45:11,7.85,7.8,15640,7.9,20600,99320,7750120
FINNIFTY02JAN2421550CE.NFO,02/01/2024,09:45:13,7.9,7.9,11440,7.95,13520,80560,7750120
FINNIFTY02JAN2421550CE.NFO,02/01/2024,09:45:14,7.8,7.75,10320,7.8,6520,46520,7750120
FINNIFTY02JAN2421550CE.NFO,02/01/2024,09:45:16,7.8,7.8,10560,7.85,5080,38920,7750120
FINNIFTY02JAN2421550CE.NFO,02/01/2024,09:45:18,7.65,7.65,21000,7.75,16160,15000,7750120
FINNIFTY02JAN2421550CE.NFO,02/01/2024,09:45:19,7.6,7.6,55360,7.7,22880,35000,7750120
FINNIFTY02JAN2421550CE.NFO,02/01/2024,09:45:21,7.65,7.6,17400,7.65,2280,35760,7750120
FINNIFTY02JAN2421550CE.NFO,02/01/2024,09:45:23,7.5,7.45,24040,7.5,4680,80520,7750120
FINNIFTY02JAN2421550CE.NFO,02/01/2024,09:45:24,7.35,7.35,11000,7.4,13880,55000,7750120
FINNIFTY02JAN2421550CE.NFO,02/01/2024,09:45:26,7.15,7.1,9880,7.15,5960,199800,7750120
FINNIFTY02JAN2421550CE.NFO,02/01/2024,09:45:28,7.15,7.1,16920,7.15,4960,226600,7750120
FINNIFTY02JAN2421550CE.NFO,02/01/2024,09:45:29,7.2,7.15,25640,7.2,1120,83920,7750120
FINNIFTY02JAN2421550CE.NFO,02/01/2024,09:45:31,7.35,7.3,15040,7.35,2680,92520,7750120
FINNIFTY02JAN2421550CE.NFO,02/01/2024,09:45:33,7.3,7.3,7960,7.35,17600,81520,7750120
FINNIFTY02JAN2421550CE.NFO,02/01/2024,09:45:34,7.3,7.3,23440,7.4,23960,45720,7750120
FINNIFTY02JAN2421550CE.NFO,02/01/2024,09:45:36,7.4,7.35,25320,7.45,25000,43520,7750120
FINNIFTY02JAN2421550CE.NFO,02/01/2024,09:45:38,7.25,7.25,23440,7.3,9560,31520,7750120
FINNIFTY02JAN2421550CE.NFO,02/01/2024,09:45:39,7.3,7.3,16200,7.35,6360,56400,7750120
FINNIFTY02JAN2421550CE.NFO,02/01/2024,09:45:41,7.35,7.3,17560,7.35,4000,57840,7750120
FINNIFTY02JAN2421550CE.NFO,02/01/2024,09:45:43,7.25,7.25,11200,7.3,14760,38680,7750120
FINNIFTY02JAN2421550CE.NFO,02/01/2024,09:45:44,7.3,7.25,19800,7.3,11320,53800,7750120
FINNIFTY02JAN2421550CE.NFO,02/01/2024,09:45:46,7.2,7.15,23000,7.2,1520,32560,7750120
FINNIFTY02JAN2421550CE.NFO,02/01/2024,09:45:48,6.95,6.9,19240,6.95,6640,262800,7750120
FINNIFTY02JAN2421550CE.NFO,02/01/2024,09:45:49,6.9,6.9,4080,6.95,18880,121160,7750120
FINNIFTY02JAN2421550CE.NFO,02/01/2024,09:45:51,6.65,6.65,240,6.7,16120,173680,7750120
FINNIFTY02JAN2421550CE.NFO,02/01/2024,09:45:53,6.75,6.7,8240,6.75,16400,112760,7750120
FINNIFTY02JAN2421550CE.NFO,02/01/2024,09:45:54,6.6,6.55,13040,6.65,28760,110200,7750120
FINNIFTY02JAN2421550CE.NFO,02/01/2024,09:45:56,6.6,6.55,17160,6.65,12800,401000,7750120
FINNIFTY02JAN2421550CE.NFO,02/01/2024,09:45:58,6.55,6.5,11240,6.55,12720,123520,7750120
FINNIFTY02JAN2421550CE.NFO,02/01/2024,09:45:59,6.4,6.35,3680,6.4,20200,81280,7750120
FINNIFTY02JAN2421550CE.NFO,02/01/2024,09:46:01,6.15,6.05,29160,6.15,16400,263080,7750120
FINNIFTY02JAN2421550CE.NFO,02/01/2024,09:46:03,6.35,6.3,6600,6.35,13680,180360,7750120
FINNIFTY02JAN2421550CE.NFO,02/01/2024,09:46:04,6.05,6,9040,6.05,13640,246000,7750120
FINNIFTY02JAN2421550CE.NFO,02/01/2024,09:46:06,6,5.9,9600,5.95,9880,233200,7750120
FINNIFTY02JAN2421550CE.NFO,02/01/2024,09:46:08,6.3,6.25,2280,6.3,14880,120360,7750120
FINNIFTY02JAN2421550CE.NFO,02/01/2024,09:46:09,6.15,6.1,6880,6.15,17600,132080,7750120
FINNIFTY02JAN2421550CE.NFO,02/01/2024,09:46:11,6.05,6,5680,6.05,16560,155720,7750120
FINNIFTY02JAN2421550CE.NFO,02/01/2024,09:46:13,5.95,5.9,20600,5.95,800,75360,7750120
FINNIFTY02JAN2421550CE.NFO,02/01/2024,09:46:14,6.05,6.05,20520,6.1,3800,37880,7750120
FINNIFTY02JAN2421550CE.NFO,02/01/2024,09:46:16,6.15,6.15,14680,6.2,15800,47960,7750120
FINNIFTY02JAN2421550CE.NFO,02/01/2024,09:46:18,6.15,6.1,4080,6.15,19840,127640,7750120
FINNIFTY02JAN2421550CE.NFO,02/01/2024,09:46:19,6.1,6.1,13360,6.15,15000,69680,7750120
FINNIFTY02JAN2421550CE.NFO,02/01/2024,09:46:21,6.15,6.1,3640,6.15,25880,85800,7750120
FINNIFTY02JAN2421550CE.NFO,02/01/2024,09:46:23,6.2,6.15,4320,6.2,21320,119240,7750120
FINNIFTY02JAN2421550CE.NFO,02/01/2024,09:46:24,6.1,6.05,21160,6.1,7920,42840,7750120
FINNIFTY02JAN2421550CE.NFO,02/01/2024,09:46:26,6,5.95,24720,6.05,31600,114160,7750120
FINNIFTY02JAN2421550CE.NFO,02/01/2024,09:46:28,6,6,25760,6.1,25920,59360,7750120
FINNIFTY02JAN2421550CE.NFO,02/01/2024,09:46:29,6.25,6.2,12680,6.25,19160,34080,7750120
FINNIFTY02JAN2421550CE.NFO,02/01/2024,09:46:31,6.25,6.25,960,6.3,33640,51320,7750120
FINNIFTY02JAN2421550CE.NFO,02/01/2024,09:46:33,6.3,6.3,29560,6.4,31360,52280,7750120
FINNIFTY02JAN2421550CE.NFO,02/01/2024,09:46:34,6.35,6.35,25400,6.4,2080,43320,7750120
FINNIFTY02JAN2421550CE.NFO,02/01/2024,09:46:36,6.35,6.35,2800,6.4,41400,78360,7750120
FINNIFTY02JAN2421550CE.NFO,02/01/2024,09:46:38,6.35,6.35,4440,6.4,32680,33880,7750120
FINNIFTY02JAN2421550CE.NFO,02/01/2024,09:46:39,6.3,6.3,5760,6.35,26760,63000,7750120
FINNIFTY02JAN2421550CE.NFO,02/01/2024,09:46:41,6.4,6.35,20000,6.4,4920,67440,7750120
FINNIFTY02JAN2421550CE.NFO,02/01/2024,09:46:43,6.5,6.4,33800,6.5,33480,48960,7750120
FINNIFTY02JAN2421550CE.NFO,02/01/2024,09:46:44,6.4,6.4,31480,6.5,35240,13720,7750120
FINNIFTY02JAN2421550CE.NFO,02/01/2024,09:46:46,6.45,6.4,20920,6.45,10120,32640,7750120
FINNIFTY02JAN2421550CE.NFO,02/01/2024,09:46:48,6.55,6.5,30000,6.55,2400,27760,7750120
FINNIFTY02JAN2421550CE.NFO,02/01/2024,09:46:49,6.4,6.35,13480,6.4,16600,53520,7750120
FINNIFTY02JAN2421550CE.NFO,02/01/2024,09:46:51,6.6,6.55,28400,6.6,1800,44880,7750120
FINNIFTY02JAN2421550CE.NFO,02/01/2024,09:46:53,6.55,6.5,28640,6.6,48720,33120,7750120
FINNIFTY02JAN2421550CE.NFO,02/01/2024,09:46:54,6.6,6.6,9680,6.65,25600,50320,7750120
FINNIFTY02JAN2421550CE.NFO,02/01/2024,09:46:56,6.65,6.55,35640,6.65,34440,54720,7750120
