Ticker,Date,Time,LTP,BuyPrice,BuyQty,SellPrice,SellQty,LTQ,OpenInterest
FINNIFTY02JAN2421950PE.NFO,02/01/2024,09:15:01,427.6,515.3,80,519.7,80,40,7360
FINNIFTY02JAN2421950PE.NFO,02/01/2024,09:15:01,427.6,515.3,80,519.7,80,0,7360
FINNIFTY02JAN2421950PE.NFO,02/01/2024,09:15:01,427.6,515.3,80,519.7,80,0,7360
FINNIFTY02JAN2421950PE.NFO,02/01/2024,09:15:01,427.6,515.3,80,519.7,80,0,7360
FINNIFTY02JAN2421950PE.NFO,02/01/2024,09:15:02,520.9,524.4,80,550.9,40,80,7360
FINNIFTY02JAN2421950PE.NFO,02/01/2024,09:15:02,520.9,524.4,80,550.9,40,0,7360
FINNIFTY02JAN2421950PE.NFO,02/01/2024,09:15:03,520.9,529.95,80,543.65,80,0,7360
FINNIFTY02JAN2421950PE.NFO,02/01/2024,09:15:03,520.9,530.95,80,541.85,40,0,7360
FINNIFTY02JAN2421950PE.NFO,02/01/2024,09:15:04,520.9,536.1,80,545.05,800,0,7360
FINNIFTY02JAN2421950PE.NFO,02/01/2024,09:15:05,520.9,527.85,80,543.75,160,0,7360
FINNIFTY02JAN2421950PE.NFO,02/01/2024,09:15:06,520.9,530.9,80,542.35,120,0,7360
FINNIFTY02JAN2421950PE.NFO,02/01/2024,09:15:07,520.9,535.6,80,540.85,160,0,7360
FINNIFTY02JAN2421950PE.NFO,02/01/2024,09:15:08,520.9,536.3,80,540.2,280,0,7360
FINNIFTY02JAN2421950PE.NFO,02/01/2024,09:15:10,520.9,540.45,200,545.85,120,0,7360
FINNIFTY02JAN2421950PE.NFO,02/01/2024,09:15:11,520.9,541.4,80,548.7,360,0,7360
FINNIFTY02JAN2421950PE.NFO,02/01/2024,09:15:12,520.9,541.3,80,546.45,40,0,7360
FINNIFTY02JAN2421950PE.NFO,02/01/2024,09:15:13,520.9,540.7,200,544.15,120,0,7360
FINNIFTY02JAN2421950PE.NFO,02/01/2024,09:15:13,520.9,541.2,80,545.35,40,0,7360
FINNIFTY02JAN2421950PE.NFO,02/01/2024,09:15:14,520.9,541.6,80,544.75,120,0,7360
FINNIFTY02JAN2421950PE.NFO,02/01/2024,09:15:15,520.9,543.9,80,548.2,80,0,7360
FINNIFTY02JAN2421950PE.NFO,02/01/2024,09:15:16,520.9,544.8,80,548.4,160,0,7360
FINNIFTY02JAN2421950PE.NFO,02/01/2024,09:15:17,520.9,542.85,200,547.65,80,0,7360
FINNIFTY02JAN2421950PE.NFO,02/01/2024,09:15:19,520.9,538.9,80,542,240,0,7360
FINNIFTY02JAN2421950PE.NFO,02/01/2024,09:15:20,520.9,538.85,80,542.6,40,0,7360
FINNIFTY02JAN2421950PE.NFO,02/01/2024,09:15:21,520.9,540.25,80,543.25,160,0,7360
FINNIFTY02JAN2421950PE.NFO,02/01/2024,09:15:21,520.9,540.45,80,543.2,40,0,7360
FINNIFTY02JAN2421950PE.NFO,02/01/2024,09:15:22,520.9,539.45,80,545.95,80,0,7360
FINNIFTY02JAN2421950PE.NFO,02/01/2024,09:15:23,520.9,542.75,120,545.15,40,0,7360
FINNIFTY02JAN2421950PE.NFO,02/01/2024,09:15:25,520.9,543.8,80,545.8,40,0,7360
FINNIFTY02JAN2421950PE.NFO,02/01/2024,09:15:26,520.9,542.9,80,545.2,120,0,7360
FINNIFTY02JAN2421950PE.NFO,02/01/2024,09:15:27,520.9,543.3,80,545.7,440,0,7360
FINNIFTY02JAN2421950PE.NFO,02/01/2024,09:15:28,520.9,542.15,80,544.15,40,0,7360
FINNIFTY02JAN2421950PE.NFO,02/01/2024,09:15:28,520.9,541.6,80,543.85,240,0,7360
FINNIFTY02JAN2421950PE.NFO,02/01/2024,09:15:29,520.9,540.55,80,542.85,120,0,7360
FINNIFTY02JAN2421950PE.NFO,02/01/2024,09:15:31,520.9,539.15,40,541.9,200,0,7360
FINNIFTY02JAN2421950PE.NFO,02/01/2024,09:15:32,520.9,540.05,80,542.35,80,0,7360
FINNIFTY02JAN2421950PE.NFO,02/01/2024,09:15:33,520.9,540.45,80,542.3,40,0,7360
FINNIFTY02JAN2421950PE.NFO,02/01/2024,09:15:34,520.9,541.55,80,543.5,40,0,7360
FINNIFTY02JAN2421950PE.NFO,02/01/2024,09:15:34,520.9,541.25,160,543.45,40,0,7360
FINNIFTY02JAN2421950PE.NFO,02/01/2024,09:15:35,520.9,541.95,80,543.85,40,0,7360
FINNIFTY02JAN2421950PE.NFO,02/01/2024,09:15:37,520.9,542.05,80,543.95,40,0,7360
FINNIFTY02JAN2421950PE.NFO,02/01/2024,09:15:38,520.9,541.25,80,543.55,120,0,7360
FINNIFTY02JAN2421950PE.NFO,02/01/2024,09:15:39,520.9,540.3,280,542.35,40,0,7360
FINNIFTY02JAN2421950PE.NFO,02/01/2024,09:15:40,520.9,537.5,200,540.2,400,0,7360
FINNIFTY02JAN2421950PE.NFO,02/01/2024,09:15:41,520.9,538.4,80,540.65,40,0,7360
FINNIFTY02JAN2421950PE.NFO,02/01/2024,09:15:42,520.9,538.7,80,541,160,0,7360
FINNIFTY02JAN2421950PE.NFO,02/01/2024,09:15:42,520.9,538.7,80,540.95,120,0,7360
FINNIFTY02JAN2421950PE.NFO,02/01/2024,09:15:44,520.9,538.4,80,540.4,80,0,7360
FINNIFTY02JAN2421950PE.NFO,02/01/2024,09:15:45,520.9,537.65,80,539.9,120,0,7360
FINNIFTY02JAN2421950PE.NFO,02/01/2024,09:15:46,520.9,537.65,80,539.85,40,0,7360
FINNIFTY02JAN2421950PE.NFO,02/01/2024,09:15:47,520.9,538.35,80,540.5,40,0,7360
FINNIFTY02JAN2421950PE.NFO,02/01/2024,09:15:48,520.9,539.2,80,541.5,40,0,7360
FINNIFTY02JAN2421950PE.NFO,02/01/2024,09:15:49,520.9,540.45,80,542.3,40,0,7360
FINNIFTY02JAN2421950PE.NFO,02/01/2024,09:15:49,520.9,540.6,80,542.5,40,0,7360
FINNIFTY02JAN2421950PE.NFO,02/01/2024,09:15:51,520.9,541.35,80,543.9,120,0,7360
FINNIFTY02JAN2421950PE.NFO,02/01/2024,09:15:52,520.9,540.7,80,542.7,40,0,7360
FINNIFTY02JAN2421950PE.NFO,02/01/2024,09:15:53,520.9,540.85,80,542.95,80,0,7360
FINNIFTY02JAN2421950PE.NFO,02/01/2024,09:15:54,520.9,540.9,80,542.8,200,0,7360
FINNIFTY02JAN2421950PE.NFO,02/01/2024,09:15:55,520.9,540.6,120,542.8,400,0,7360
FINNIFTY02JAN2421950PE.NFO,02/01/2024,09:15:56,520.9,541.85,120,544.5,40,0,7360
FINNIFTY02JAN2421950PE.NFO,02/01/2024,09:15:56,520.9,541.85,80,544.3,40,0,7360
FINNIFTY02JAN2421950PE.NFO,02/01/2024,09:15:57,520.9,541.7,160,544,120,0,7360
FINNIFTY02JAN2421950PE.NFO,02/01/2024,09:15:59,520.9,542.35,80,544.4,80,0,7360
FINNIFTY02JAN2421950PE.NFO,02/01/2024,09:16:00,520.9,540.75,80,543.05,240,0,7360
FINNIFTY02JAN2421950PE.NFO,02/01/2024,09:16:01,520.9,541.2,80,543.55,200,0,7360
FINNIFTY02JAN2421950PE.NFO,02/01/2024,09:16:02,520.9,540.9,80,543.05,320,0,7360
FINNIFTY02JAN2421950PE.NFO,02/01/2024,09:16:03,520.9,540.55,80,542.4,120,0,7360
FINNIFTY02JAN2421950PE.NFO,02/01/2024,09:16:03,520.9,540.65,80,542.5,120,0,7360
FINNIFTY02JAN2421950PE.NFO,02/01/2024,09:16:05,520.9,539.6,120,541.6,40,0,7360
FINNIFTY02JAN2421950PE.NFO,02/01/2024,09:16:06,520.9,538.45,80,540.7,80,0,7360
FINNIFTY02JAN2421950PE.NFO,02/01/2024,09:16:07,520.9,534.75,40,537.45,200,0,7360
FINNIFTY02JAN2421950PE.NFO,02/01/2024,09:16:08,520.9,535,120,537.4,320,0,7360
FINNIFTY02JAN2421950PE.NFO,02/01/2024,09:16:09,520.9,536.55,80,539.5,480,0,7360
FINNIFTY02JAN2421950PE.NFO,02/01/2024,09:16:09,520.9,536.85,80,539.95,160,0,7360
FINNIFTY02JAN2421950PE.NFO,02/01/2024,09:16:10,520.9,536.65,80,538.85,120,0,7360
FINNIFTY02JAN2421950PE.NFO,02/01/2024,09:16:12,520.9,537.35,80,539.7,240,0,7360
FINNIFTY02JAN2421950PE.NFO,02/01/2024,09:16:13,520.9,536.1,80,538.55,40,0,7360
FINNIFTY02JAN2421950PE.NFO,02/01/2024,09:16:14,520.9,536.75,80,538.85,160,0,7360
FINNIFTY02JAN2421950PE.NFO,02/01/2024,09:16:15,520.9,538.45,80,540.7,120,0,7360
FINNIFTY02JAN2421950PE.NFO,02/01/2024,09:16:16,520.9,539.25,80,541,40,0,7360
FINNIFTY02JAN2421950PE.NFO,02/01/2024,09:16:16,520.9,538.95,80,541,40,0,7360
FINNIFTY02JAN2421950PE.NFO,02/01/2024,09:16:17,520.9,539.3,80,541.6,240,0,7360
FINNIFTY02JAN2421950PE.NFO,02/01/2024,09:16:19,520.9,539.4,80,541.4,40,0,7360
FINNIFTY02JAN2421950PE.NFO,02/01/2024,09:16:20,520.9,540.35,80,542.2,40,0,7360
FINNIFTY02JAN2421950PE.NFO,02/01/2024,09:16:21,520.9,541,120,542.85,120,0,7360
FINNIFTY02JAN2421950PE.NFO,02/01/2024,09:16:22,520.9,543.05,80,545.65,40,0,7360
FINNIFTY02JAN2421950PE.NFO,02/01/2024,09:16:23,520.9,542.7,80,544.65,40,0,7360
FINNIFTY02JAN2421950PE.NFO,02/01/2024,09:16:24,520.9,542.65,120,544.35,40,0,7360
FINNIFTY02JAN2421950PE.NFO,02/01/2024,09:16:24,520.9,542.9,80,545,40,0,7360
FINNIFTY02JAN2421950PE.NFO,02/01/2024,09:16:25,520.9,543.65,120,545.95,40,0,7360
FINNIFTY02JAN2421950PE.NFO,02/01/2024,09:16:27,520.9,544.6,80,546.8,40,0,7360
FINNIFTY02JAN2421950PE.NFO,02/01/2024,09:16:28,520.9,544.75,80,546.8,80,0,7360
FINNIFTY02JAN2421950PE.NFO,02/01/2024,09:16:29,520.9,544.25,240,546.1,40,0,7360
FINNIFTY02JAN2421950PE.NFO,02/01/2024,09:16:30,520.9,541.8,400,544.25,200,0,7360
FINNIFTY02JAN2421950PE.NFO,02/01/2024,09:16:31,520.9,541.4,80,543.65,80,0,7360
FINNIFTY02JAN2421950PE.NFO,02/01/2024,09:16:31,520.9,542.1,80,544.15,40,0,7360
FINNIFTY02JAN2421950PE.NFO,02/01/2024,09:16:32,520.9,543.35,80,545.3,40,0,7360
FINNIFTY02JAN2421950PE.NFO,02/01/2024,09:16:34,520.9,544.2,80,545.9,40,0,7360
FINNIFTY02JAN2421950PE.NFO,02/01/2024,09:16:35,520.9,544.2,80,545.65,80,0,7360
FINNIFTY02JAN2421950PE.NFO,02/01/2024,09:16:36,520.9,542.2,160,544.4,40,0,7360
FINNIFTY02JAN2421950PE.NFO,02/01/2024,09:16:37,520.9,543.65,80,545.55,120,0,7360
FINNIFTY02JAN2421950PE.NFO,02/01/2024,09:16:38,520.9,544.15,80,545.75,40,0,7360
FINNIFTY02JAN2421950PE.NFO,02/01/2024,09:16:39,520.9,543.7,120,545.4,200,0,7360
FINNIFTY02JAN2421950PE.NFO,02/01/2024,09:16:39,520.9,543.25,80,545.2,40,0,7360
FINNIFTY02JAN2421950PE.NFO,02/01/2024,09:16:41,520.9,542.35,40,544.6,40,0,7360
FINNIFTY02JAN2421950PE.NFO,02/01/2024,09:16:42,520.9,542.85,200,544.9,40,0,7360
FINNIFTY02JAN2421950PE.NFO,02/01/2024,09:16:43,520.9,542.6,240,544.2,40,0,7360
FINNIFTY02JAN2421950PE.NFO,02/01/2024,09:16:44,520.9,539.95,80,543,160,0,7360
FINNIFTY02JAN2421950PE.NFO,02/01/2024,09:16:45,520.9,539,80,540.95,120,0,7360
FINNIFTY02JAN2421950PE.NFO,02/01/2024,09:16:46,520.9,539.6,80,541.6,40,0,7360
FINNIFTY02JAN2421950PE.NFO,02/01/2024,09:16:46,520.9,540,80,542.3,40,0,7360
FINNIFTY02JAN2421950PE.NFO,02/01/2024,09:16:47,520.9,538.75,80,540.65,40,0,7360
FINNIFTY02JAN2421950PE.NFO,02/01/2024,09:16:49,520.9,537.8,80,539.8,200,0,7360
FINNIFTY02JAN2421950PE.NFO,02/01/2024,09:16:50,520.9,537.2,80,538.8,120,0,7360
FINNIFTY02JAN2421950PE.NFO,02/01/2024,09:16:51,520.9,538.4,80,540.25,40,0,7360
FINNIFTY02JAN2421950PE.NFO,02/01/2024,09:16:52,520.9,538.25,160,540.1,40,0,7360
FINNIFTY02JAN2421950PE.NFO,02/01/2024,09:16:53,520.9,539.15,80,541.3,120,0,7360
FINNIFTY02JAN2421950PE.NFO,02/01/2024,09:16:53,520.9,539.85,80,541.9,40,0,7360
FINNIFTY02JAN2421950PE.NFO,02/01/2024,09:16:55,520.9,540.85,80,542.35,40,0,7360
FINNIFTY02JAN2421950PE.NFO,02/01/2024,09:16:56,520.9,540.5,120,542.85,120,0,7360
FINNIFTY02JAN2421950PE.NFO,02/01/2024,09:16:57,520.9,540.15,80,542.15,80,0,7360
FINNIFTY02JAN2421950PE.NFO,02/01/2024,09:16:58,520.9,538.55,40,540.65,120,0,7360
FINNIFTY02JAN2421950PE.NFO,02/01/2024,09:16:59,520.9,538.55,160,540.4,40,0,7360
FINNIFTY02JAN2421950PE.NFO,02/01/2024,09:17:00,520.9,538.75,80,540.9,40,0,7360
FINNIFTY02JAN2421950PE.NFO,02/01/2024,09:17:00,520.9,537.95,40,540.35,40,0,7360
FINNIFTY02JAN2421950PE.NFO,02/01/2024,09:17:02,520.9,539.7,80,541.9,40,0,7360
FINNIFTY02JAN2421950PE.NFO,02/01/2024,09:17:03,520.9,539.75,80,542.1,160,0,7360
FINNIFTY02JAN2421950PE.NFO,02/01/2024,09:17:04,520.9,540.1,80,542.2,40,0,7360
FINNIFTY02JAN2421950PE.NFO,02/01/2024,09:17:05,520.9,540.2,80,542.15,80,0,7360
FINNIFTY02JAN2421950PE.NFO,02/01/2024,09:17:06,520.9,539.95,80,541.8,40,0,7360
FINNIFTY02JAN2421950PE.NFO,02/01/2024,09:17:06,520.9,539.95,80,541.7,120,0,7360
FINNIFTY02JAN2421950PE.NFO,02/01/2024,09:17:07,520.9,539.15,80,541.05,40,0,7360
FINNIFTY02JAN2421950PE.NFO,02/01/2024,09:17:09,520.9,539.5,120,541.55,40,0,7360
FINNIFTY02JAN2421950PE.NFO,02/01/2024,09:17:10,520.9,539.8,80,541.25,40,0,7360
FINNIFTY02JAN2421950PE.NFO,02/01/2024,09:17:11,520.9,540.6,80,542.5,80,0,7360
FINNIFTY02JAN2421950PE.NFO,02/01/2024,09:17:12,520.9,540.7,80,542.35,40,0,7360
FINNIFTY02JAN2421950PE.NFO,02/01/2024,09:17:13,520.9,540.2,240,541.8,40,0,7360
FINNIFTY02JAN2421950PE.NFO,02/01/2024,09:17:13,520.9,540.15,120,541.65,40,0,7360
FINNIFTY02JAN2421950PE.NFO,02/01/2024,09:17:15,520.9,540.35,80,542.05,80,0,7360
FINNIFTY02JAN2421950PE.NFO,02/01/2024,09:17:16,520.9,539.8,80,541.6,40,0,7360
FINNIFTY02JAN2421950PE.NFO,02/01/2024,09:17:17,520.9,538.85,120,540.65,120,0,7360
FINNIFTY02JAN2421950PE.NFO,02/01/2024,09:17:18,520.9,537.2,120,539.15,80,0,7360
FINNIFTY02JAN2421950PE.NFO,02/01/2024,09:17:19,520.9,536.7,80,538.85,80,0,7360
FINNIFTY02JAN2421950PE.NFO,02/01/2024,09:17:19,520.9,536.7,80,538.7,40,0,7360
FINNIFTY02JAN2421950PE.NFO,02/01/2024,09:17:21,520.9,536.95,80,538.7,120,0,7360
FINNIFTY02JAN2421950PE.NFO,02/01/2024,09:17:22,520.9,536.9,80,538.45,40,0,7360
FINNIFTY02JAN2421950PE.NFO,02/01/2024,09:17:23,520.9,536.95,160,538.6,80,0,7360
FINNIFTY02JAN2421950PE.NFO,02/01/2024,09:17:24,520.9,537.25,120,539.55,80,0,7360
FINNIFTY02JAN2421950PE.NFO,02/01/2024,09:17:25,520.9,538.1,80,540.1,120,0,7360
FINNIFTY02JAN2421950PE.NFO,02/01/2024,09:17:26,520.9,537.8,120,539.95,40,0,7360
FINNIFTY02JAN2421950PE.NFO,02/01/2024,09:17:26,520.9,537.9,80,539.95,40,0,7360
FINNIFTY02JAN2421950PE.NFO,02/01/2024,09:17:28,520.9,539.4,80,541.05,40,0,7360
FINNIFTY02JAN2421950PE.NFO,02/01/2024,09:17:29,520.9,540,80,542.25,120,0,7360
FINNIFTY02JAN2421950PE.NFO,02/01/2024,09:17:30,520.9,540.45,80,542.2,40,0,7360
FINNIFTY02JAN2421950PE.NFO,02/01/2024,09:17:31,520.9,540.2,80,542.45,120,0,7360
FINNIFTY02JAN2421950PE.NFO,02/01/2024,09:17:32,520.9,538.15,120,540.3,240,0,7360
FINNIFTY02JAN2421950PE.NFO,02/01/2024,09:17:33,520.9,538.2,120,540.5,40,0,7360
FINNIFTY02JAN2421950PE.NFO,02/01/2024,09:17:34,520.9,539.5,80,541.4,40,0,7360
FINNIFTY02JAN2421950PE.NFO,02/01/2024,09:17:35,520.9,539.9,80,541.55,80,0,7360
FINNIFTY02JAN2421950PE.NFO,02/01/2024,09:17:36,520.9,540.05,80,541.95,40,0,7360
FINNIFTY02JAN2421950PE.NFO,02/01/2024,09:17:37,520.9,540.15,80,542,40,0,7360
FINNIFTY02JAN2421950PE.NFO,02/01/2024,09:17:38,520.9,538.95,120,541.35,40,0,7360
FINNIFTY02JAN2421950PE.NFO,02/01/2024,09:17:39,520.9,539.05,80,541.2,40,0,7360
FINNIFTY02JAN2421950PE.NFO,02/01/2024,09:17:40,520.9,540.6,120,542.55,40,0,7360
FINNIFTY02JAN2421950PE.NFO,02/01/2024,09:17:41,520.9,541.8,80,543.7,40,0,7360
FINNIFTY02JAN2421950PE.NFO,02/01/2024,09:17:42,520.9,541.9,80,543.75,120,0,7360
FINNIFTY02JAN2421950PE.NFO,02/01/2024,09:17:43,520.9,541.65,80,543.5,80,0,7360
FINNIFTY02JAN2421950PE.NFO,02/01/2024,09:17:44,520.9,542.05,80,544.25,40,0,7360
FINNIFTY02JAN2421950PE.NFO,02/01/2024,09:17:45,520.9,542.2,80,544.25,40,0,7360
FINNIFTY02JAN2421950PE.NFO,02/01/2024,09:17:46,520.9,542.25,80,544,40,0,7360
FINNIFTY02JAN2421950PE.NFO,02/01/2024,09:17:47,520.9,543.15,80,544.8,40,0,7360
FINNIFTY02JAN2421950PE.NFO,02/01/2024,09:17:48,520.9,541.9,80,543.7,40,0,7360
FINNIFTY02JAN2421950PE.NFO,02/01/2024,09:17:49,520.9,542.15,80,543.9,40,0,7360
FINNIFTY02JAN2421950PE.NFO,02/01/2024,09:17:50,520.9,541.05,120,542.95,40,0,7360
FINNIFTY02JAN2421950PE.NFO,02/01/2024,09:17:51,520.9,541.5,320,543.7,200,0,7360
FINNIFTY02JAN2421950PE.NFO,02/01/2024,09:17:52,520.9,541.6,80,543.75,320,0,7360
FINNIFTY02JAN2421950PE.NFO,02/01/2024,09:17:53,520.9,541.25,80,542.9,40,0,7360
FINNIFTY02JAN2421950PE.NFO,02/01/2024,09:17:54,520.9,541.05,120,542.55,40,0,7360
FINNIFTY02JAN2421950PE.NFO,02/01/2024,09:17:55,520.9,542.1,80,544.1,240,0,7360
FINNIFTY02JAN2421950PE.NFO,02/01/2024,09:17:56,520.9,541.5,80,543.35,40,0,7360
FINNIFTY02JAN2421950PE.NFO,02/01/2024,09:17:57,520.9,541.5,80,543.05,80,0,7360
FINNIFTY02JAN2421950PE.NFO,02/01/2024,09:17:58,520.9,540.9,240,542.75,40,0,7360
FINNIFTY02JAN2421950PE.NFO,02/01/2024,09:17:59,520.9,541.15,80,542.75,40,0,7360
FINNIFTY02JAN2421950PE.NFO,02/01/2024,09:18:00,520.9,541.35,80,543,40,0,7360
FINNIFTY02JAN2421950PE.NFO,02/01/2024,09:18:01,520.9,541.7,80,543.5,40,0,7360
FINNIFTY02JAN2421950PE.NFO,02/01/2024,09:18:02,520.9,540,120,541.8,40,0,7360
FINNIFTY02JAN2421950PE.NFO,02/01/2024,09:18:03,520.9,538.7,120,540.45,120,0,7360
FINNIFTY02JAN2421950PE.NFO,02/01/2024,09:18:04,520.9,538.85,80,540.55,40,0,7360
FINNIFTY02JAN2421950PE.NFO,02/01/2024,09:18:05,520.9,538.85,120,540.55,40,0,7360
FINNIFTY02JAN2421950PE.NFO,02/01/2024,09:18:06,520.9,539.2,80,541.2,80,0,7360
FINNIFTY02JAN2421950PE.NFO,02/01/2024,09:18:07,520.9,538.3,80,540.25,120,0,7360
FINNIFTY02JAN2421950PE.NFO,02/01/2024,09:18:08,520.9,538,120,539.5,200,0,7360
FINNIFTY02JAN2421950PE.NFO,02/01/2024,09:18:09,520.9,538.1,80,540,40,0,7360
FINNIFTY02JAN2421950PE.NFO,02/01/2024,09:18:10,520.9,539.4,80,540.85,40,0,7360
FINNIFTY02JAN2421950PE.NFO,02/01/2024,09:18:11,520.9,540.1,80,542.3,200,0,7360
FINNIFTY02JAN2421950PE.NFO,02/01/2024,09:18:12,520.9,540.1,80,542.2,40,0,7360
FINNIFTY02JAN2421950PE.NFO,02/01/2024,09:18:13,520.9,540.3,80,541.95,40,0,7360
FINNIFTY02JAN2421950PE.NFO,02/01/2024,09:18:14,520.9,539.3,80,541.3,80,0,7360
FINNIFTY02JAN2421950PE.NFO,02/01/2024,09:18:15,520.9,539.7,80,541.75,40,0,7360
FINNIFTY02JAN2421950PE.NFO,02/01/2024,09:18:16,520.9,541.3,80,543.2,40,0,7360
FINNIFTY02JAN2421950PE.NFO,02/01/2024,09:18:17,520.9,541.9,80,543.9,40,0,7360
FINNIFTY02JAN2421950PE.NFO,02/01/2024,09:18:18,520.9,542.4,80,544.6,40,0,7360
FINNIFTY02JAN2421950PE.NFO,02/01/2024,09:18:19,520.9,543.3,80,545.05,40,0,7360
FINNIFTY02JAN2421950PE.NFO,02/01/2024,09:18:20,520.9,544.3,80,545.95,40,0,7360
FINNIFTY02JAN2421950PE.NFO,02/01/2024,09:18:21,520.9,544.75,80,546.55,40,0,7360
FINNIFTY02JAN2421950PE.NFO,02/01/2024,09:18:22,520.9,542.7,240,545.05,40,0,7360
FINNIFTY02JAN2421950PE.NFO,02/01/2024,09:18:23,520.9,542.85,160,544.85,40,0,7360
FINNIFTY02JAN2421950PE.NFO,02/01/2024,09:18:24,520.9,543.8,120,546.1,40,0,7360
FINNIFTY02JAN2421950PE.NFO,02/01/2024,09:18:25,520.9,543.8,80,545.55,40,0,7360
FINNIFTY02JAN2421950PE.NFO,02/01/2024,09:18:26,520.9,544.3,120,546.2,40,0,7360
FINNIFTY02JAN2421950PE.NFO,02/01/2024,09:18:27,520.9,542.9,80,545,40,0,7360
FINNIFTY02JAN2421950PE.NFO,02/01/2024,09:18:28,520.9,542.35,80,544.4,40,0,7360
FINNIFTY02JAN2421950PE.NFO,02/01/2024,09:18:29,520.9,542.25,80,544.15,40,0,7360
FINNIFTY02JAN2421950PE.NFO,02/01/2024,09:18:30,520.9,542.75,80,544.6,40,0,7360
FINNIFTY02JAN2421950PE.NFO,02/01/2024,09:18:31,520.9,543,120,545.35,120,0,7360
FINNIFTY02JAN2421950PE.NFO,02/01/2024,09:18:32,520.9,542.4,80,544.4,160,0,7360
FINNIFTY02JAN2421950PE.NFO,02/01/2024,09:18:33,520.9,543.65,80,545.45,160,0,7360
FINNIFTY02JAN2421950PE.NFO,02/01/2024,09:18:34,520.9,542.6,80,544.45,80,0,7360
FINNIFTY02JAN2421950PE.NFO,02/01/2024,09:18:35,520.9,542.6,80,544.75,400,0,7360
FINNIFTY02JAN2421950PE.NFO,02/01/2024,09:18:36,520.9,542.4,80,544.4,40,0,7360
FINNIFTY02JAN2421950PE.NFO,02/01/2024,09:18:37,520.9,541.9,80,543.8,40,0,7360
FINNIFTY02JAN2421950PE.NFO,02/01/2024,09:18:39,520.9,540.6,80,542.65,80,0,7360
FINNIFTY02JAN2421950PE.NFO,02/01/2024,09:18:40,520.9,540.65,80,542.85,80,0,7360
FINNIFTY02JAN2421950PE.NFO,02/01/2024,09:18:41,520.9,541.4,80,543.45,40,0,7360
FINNIFTY02JAN2421950PE.NFO,02/01/2024,09:18:42,520.9,541.25,80,542.75,40,0,7360
FINNIFTY02JAN2421950PE.NFO,02/01/2024,09:18:43,520.9,540.85,120,542.75,240,0,7360
FINNIFTY02JAN2421950PE.NFO,02/01/2024,09:18:44,520.9,539.45,280,541.4,40,0,7360
FINNIFTY02JAN2421950PE.NFO,02/01/2024,09:18:45,520.9,539.1,80,541.45,120,0,7360
FINNIFTY02JAN2421950PE.NFO,02/01/2024,09:18:46,520.9,539.6,80,541.5,40,0,7360
FINNIFTY02JAN2421950PE.NFO,02/01/2024,09:18:47,520.9,539.55,120,541.75,40,0,7360
FINNIFTY02JAN2421950PE.NFO,02/01/2024,09:18:48,520.9,539.5,120,541.5,40,0,7360
FINNIFTY02JAN2421950PE.NFO,02/01/2024,09:18:49,520.9,538.65,80,540.8,40,0,7360
FINNIFTY02JAN2421950PE.NFO,02/01/2024,09:18:50,520.9,538.5,120,540.55,120,0,7360
FINNIFTY02JAN2421950PE.NFO,02/01/2024,09:18:51,520.9,538.6,80,540.65,40,0,7360
FINNIFTY02JAN2421950PE.NFO,02/01/2024,09:18:52,520.9,537.85,240,539.85,80,0,7360
FINNIFTY02JAN2421950PE.NFO,02/01/2024,09:18:53,520.9,537.7,160,539.65,40,0,7360
FINNIFTY02JAN2421950PE.NFO,02/01/2024,09:18:54,520.9,538.1,80,539.7,40,0,7360
FINNIFTY02JAN2421950PE.NFO,02/01/2024,09:18:55,520.9,537.95,80,539.7,40,0,7360
FINNIFTY02JAN2421950PE.NFO,02/01/2024,09:18:56,520.9,538.05,120,540.1,40,0,7360
FINNIFTY02JAN2421950PE.NFO,02/01/2024,09:18:57,520.9,538.6,120,540.6,40,0,7360
FINNIFTY02JAN2421950PE.NFO,02/01/2024,09:18:58,520.9,538.15,80,540.2,200,0,7360
FINNIFTY02JAN2421950PE.NFO,02/01/2024,09:18:59,520.9,537.8,80,539.8,120,0,7360
FINNIFTY02JAN2421950PE.NFO,02/01/2024,09:19:00,520.9,537.8,120,540,120,0,7360
FINNIFTY02JAN2421950PE.NFO,02/01/2024,09:19:01,520.9,537.3,120,539.45,40,0,7360
FINNIFTY02JAN2421950PE.NFO,02/01/2024,09:19:02,520.9,537.45,120,539.55,40,0,7360
FINNIFTY02JAN2421950PE.NFO,02/01/2024,09:19:03,520.9,538.65,120,540.8,80,0,7360
FINNIFTY02JAN2421950PE.NFO,02/01/2024,09:19:04,520.9,538,80,540.1,40,0,7360
FINNIFTY02JAN2421950PE.NFO,02/01/2024,09:19:05,520.9,538.05,120,540.05,40,0,7360
FINNIFTY02JAN2421950PE.NFO,02/01/2024,09:19:06,520.9,537.35,120,539.25,120,0,7360
FINNIFTY02JAN2421950PE.NFO,02/01/2024,09:19:07,520.9,537.1,240,539.2,80,0,7360
FINNIFTY02JAN2421950PE.NFO,02/01/2024,09:19:08,520.9,537.8,80,539.95,40,0,7360
FINNIFTY02JAN2421950PE.NFO,02/01/2024,09:19:09,520.9,538.35,80,540.5,120,0,7360
FINNIFTY02JAN2421950PE.NFO,02/01/2024,09:19:10,520.9,537.2,160,539.35,40,0,7360
FINNIFTY02JAN2421950PE.NFO,02/01/2024,09:19:11,520.9,535.65,80,537.95,40,0,7360
FINNIFTY02JAN2421950PE.NFO,02/01/2024,09:19:12,520.9,535.95,80,537.9,80,0,7360
FINNIFTY02JAN2421950PE.NFO,02/01/2024,09:19:13,520.9,534.65,80,536.9,40,0,7360
FINNIFTY02JAN2421950PE.NFO,02/01/2024,09:19:14,520.9,534.4,80,536.4,40,0,7360
FINNIFTY02JAN2421950PE.NFO,02/01/2024,09:19:15,520.9,533.2,120,535.25,80,0,7360
FINNIFTY02JAN2421950PE.NFO,02/01/2024,09:19:16,520.9,533.55,160,535.85,40,0,7360
FINNIFTY02JAN2421950PE.NFO,02/01/2024,09:19:17,520.9,534.45,80,536.2,40,0,7360
FINNIFTY02JAN2421950PE.NFO,02/01/2024,09:19:18,520.9,533.85,80,535.75,80,0,7360
FINNIFTY02JAN2421950PE.NFO,02/01/2024,09:19:19,520.9,533.85,80,535.85,40,0,7360
FINNIFTY02JAN2421950PE.NFO,02/01/2024,09:19:20,520.9,533.35,80,535.45,200,0,7360
FINNIFTY02JAN2421950PE.NFO,02/01/2024,09:19:21,520.9,533.85,120,536.1,160,0,7360
FINNIFTY02JAN2421950PE.NFO,02/01/2024,09:19:22,520.9,535.35,80,537.85,40,0,7360
FINNIFTY02JAN2421950PE.NFO,02/01/2024,09:19:23,520.9,536.2,80,538.25,120,0,7360
FINNIFTY02JAN2421950PE.NFO,02/01/2024,09:19:24,520.9,536.65,80,538.35,40,0,7360
FINNIFTY02JAN2421950PE.NFO,02/01/2024,09:19:25,520.9,536.5,120,538.15,160,0,7360
FINNIFTY02JAN2421950PE.NFO,02/01/2024,09:19:26,520.9,536.4,80,538.15,40,0,7360
FINNIFTY02JAN2421950PE.NFO,02/01/2024,09:19:27,520.9,537.05,80,539.15,40,0,7360
FINNIFTY02JAN2421950PE.NFO,02/01/2024,09:19:28,520.9,536.95,120,538.55,40,0,7360
FINNIFTY02JAN2421950PE.NFO,02/01/2024,09:19:29,520.9,536.15,120,538.1,200,0,7360
FINNIFTY02JAN2421950PE.NFO,02/01/2024,09:19:30,520.9,535.75,80,537.55,40,0,7360
FINNIFTY02JAN2421950PE.NFO,02/01/2024,09:19:31,520.9,535.65,80,537.3,40,0,7360
FINNIFTY02JAN2421950PE.NFO,02/01/2024,09:19:32,520.9,535.5,80,537.6,40,0,7360
FINNIFTY02JAN2421950PE.NFO,02/01/2024,09:19:33,520.9,535.4,80,537.4,120,0,7360
FINNIFTY02JAN2421950PE.NFO,02/01/2024,09:19:34,520.9,534.35,80,536.4,120,0,7360
FINNIFTY02JAN2421950PE.NFO,02/01/2024,09:19:35,520.9,533.8,120,536,200,0,7360
FINNIFTY02JAN2421950PE.NFO,02/01/2024,09:19:36,520.9,533.8,80,535.45,40,0,7360
FINNIFTY02JAN2421950PE.NFO,02/01/2024,09:19:37,520.9,534.25,80,536.4,200,0,7360
FINNIFTY02JAN2421950PE.NFO,02/01/2024,09:19:38,520.9,534.45,80,536.5,40,0,7360
FINNIFTY02JAN2421950PE.NFO,02/01/2024,09:19:39,520.9,535.1,80,537.1,40,0,7360
FINNIFTY02JAN2421950PE.NFO,02/01/2024,09:19:40,520.9,535.45,120,537.05,40,0,7360
FINNIFTY02JAN2421950PE.NFO,02/01/2024,09:19:41,520.9,534.55,120,536.4,40,0,7360
FINNIFTY02JAN2421950PE.NFO,02/01/2024,09:19:42,520.9,535.25,80,537.25,40,0,7360
FINNIFTY02JAN2421950PE.NFO,02/01/2024,09:19:43,520.9,535.35,80,537.2,80,0,7360
FINNIFTY02JAN2421950PE.NFO,02/01/2024,09:19:44,520.9,535.35,80,537.05,80,0,7360
FINNIFTY02JAN2421950PE.NFO,02/01/2024,09:19:46,520.9,534.9,120,536.6,120,0,7360
FINNIFTY02JAN2421950PE.NFO,02/01/2024,09:19:47,520.9,533.75,120,535.6,40,0,7360
FINNIFTY02JAN2421950PE.NFO,02/01/2024,09:19:48,520.9,533.9,120,535.85,40,0,7360
FINNIFTY02JAN2421950PE.NFO,02/01/2024,09:19:49,520.9,534,80,536,40,0,7360
FINNIFTY02JAN2421950PE.NFO,02/01/2024,09:19:50,520.9,533.75,160,535.6,40,0,7360
FINNIFTY02JAN2421950PE.NFO,02/01/2024,09:19:51,520.9,534.8,80,536.55,40,0,7360
FINNIFTY02JAN2421950PE.NFO,02/01/2024,09:19:52,520.9,535.55,80,537.45,40,0,7360
FINNIFTY02JAN2421950PE.NFO,02/01/2024,09:19:53,520.9,536.3,80,538.4,120,0,7360
FINNIFTY02JAN2421950PE.NFO,02/01/2024,09:19:54,520.9,536.4,80,538.2,40,0,7360
FINNIFTY02JAN2421950PE.NFO,02/01/2024,09:19:55,520.9,536.05,80,537.7,40,0,7360
FINNIFTY02JAN2421950PE.NFO,02/01/2024,09:19:56,520.9,536.9,80,539,40,0,7360
FINNIFTY02JAN2421950PE.NFO,02/01/2024,09:19:57,520.9,537.6,80,539.4,40,0,7360
FINNIFTY02JAN2421950PE.NFO,02/01/2024,09:19:58,520.9,537.95,80,539.7,40,0,7360
FINNIFTY02JAN2421950PE.NFO,02/01/2024,09:19:59,520.9,537.4,120,539.3,40,0,7360
FINNIFTY02JAN2421950PE.NFO,02/01/2024,09:20:00,520.9,537.7,120,539.7,40,0,7360
FINNIFTY02JAN2421950PE.NFO,02/01/2024,09:20:01,520.9,537.65,80,539.8,40,0,7360
FINNIFTY02JAN2421950PE.NFO,02/01/2024,09:20:02,520.9,537.95,80,540.05,240,0,7360
FINNIFTY02JAN2421950PE.NFO,02/01/2024,09:20:03,520.9,537.4,80,539.05,40,0,7360
FINNIFTY02JAN2421950PE.NFO,02/01/2024,09:20:04,520.9,536.2,80,538.15,40,0,7360
FINNIFTY02JAN2421950PE.NFO,02/01/2024,09:20:05,520.9,535.5,80,537.5,120,0,7360
FINNIFTY02JAN2421950PE.NFO,02/01/2024,09:20:06,520.9,535.25,80,537,40,0,7360
FINNIFTY02JAN2421950PE.NFO,02/01/2024,09:20:07,520.9,535.45,120,536.95,40,0,7360
FINNIFTY02JAN2421950PE.NFO,02/01/2024,09:20:08,520.9,535.85,80,538.05,40,0,7360
FINNIFTY02JAN2421950PE.NFO,02/01/2024,09:20:09,520.9,535.3,120,536.8,40,0,7360
FINNIFTY02JAN2421950PE.NFO,02/01/2024,09:20:10,520.9,534.6,80,536.25,40,0,7360
FINNIFTY02JAN2421950PE.NFO,02/01/2024,09:20:11,520.9,534.3,80,535.95,40,0,7360
FINNIFTY02JAN2421950PE.NFO,02/01/2024,09:20:12,520.9,534.4,80,536.2,40,0,7360
FINNIFTY02JAN2421950PE.NFO,02/01/2024,09:20:13,520.9,534,120,535.75,40,0,7360
FINNIFTY02JAN2421950PE.NFO,02/01/2024,09:20:14,520.9,534.35,120,536.45,80,0,7360
FINNIFTY02JAN2421950PE.NFO,02/01/2024,09:20:15,520.9,534.25,80,535.7,40,0,7360
FINNIFTY02JAN2421950PE.NFO,02/01/2024,09:20:16,520.9,535.9,80,538.2,40,0,7360
FINNIFTY02JAN2421950PE.NFO,02/01/2024,09:20:17,520.9,535.85,80,537.9,40,0,7360
FINNIFTY02JAN2421950PE.NFO,02/01/2024,09:20:18,520.9,536.15,80,537.8,40,0,7360
FINNIFTY02JAN2421950PE.NFO,02/01/2024,09:20:19,520.9,535.9,80,537.3,40,0,7360
FINNIFTY02JAN2421950PE.NFO,02/01/2024,09:20:20,520.9,535.2,120,536.8,40,0,7360
FINNIFTY02JAN2421950PE.NFO,02/01/2024,09:20:21,520.9,535.4,80,537.2,40,0,7360
FINNIFTY02JAN2421950PE.NFO,02/01/2024,09:20:22,520.9,535.65,120,537.1,40,0,7360
FINNIFTY02JAN2421950PE.NFO,02/01/2024,09:20:23,520.9,535.85,80,537.75,40,0,7360
FINNIFTY02JAN2421950PE.NFO,02/01/2024,09:20:24,520.9,536.8,80,538.6,80,0,7360
FINNIFTY02JAN2421950PE.NFO,02/01/2024,09:20:25,520.9,536.15,40,538.15,40,0,7360
FINNIFTY02JAN2421950PE.NFO,02/01/2024,09:20:26,520.9,536.6,80,538.65,40,0,7360
FINNIFTY02JAN2421950PE.NFO,02/01/2024,09:20:27,520.9,537.2,80,539.05,40,0,7360
FINNIFTY02JAN2421950PE.NFO,02/01/2024,09:20:28,520.9,537.75,80,539.35,40,0,7360
FINNIFTY02JAN2421950PE.NFO,02/01/2024,09:20:29,520.9,536.6,160,538.4,40,0,7360
FINNIFTY02JAN2421950PE.NFO,02/01/2024,09:20:31,520.9,536.7,80,538.5,40,0,7360
FINNIFTY02JAN2421950PE.NFO,02/01/2024,09:20:31,520.9,536.7,120,538.5,40,0,7360
FINNIFTY02JAN2421950PE.NFO,02/01/2024,09:20:32,520.9,537.4,80,538.95,40,0,7360
FINNIFTY02JAN2421950PE.NFO,02/01/2024,09:20:33,520.9,538.1,80,539.8,40,0,7360
FINNIFTY02JAN2421950PE.NFO,02/01/2024,09:20:34,520.9,537.8,80,539.85,80,0,7360
FINNIFTY02JAN2421950PE.NFO,02/01/2024,09:20:35,520.9,537.95,80,539.75,40,0,7360
FINNIFTY02JAN2421950PE.NFO,02/01/2024,09:20:37,520.9,538.35,80,540.45,80,0,7360
FINNIFTY02JAN2421950PE.NFO,02/01/2024,09:20:38,520.9,538.45,80,540.15,40,0,7360
FINNIFTY02JAN2421950PE.NFO,02/01/2024,09:20:38,520.9,538.25,80,540.1,40,0,7360
FINNIFTY02JAN2421950PE.NFO,02/01/2024,09:20:39,520.9,538.5,80,539.95,40,0,7360
FINNIFTY02JAN2421950PE.NFO,02/01/2024,09:20:40,520.9,537.8,40,539.55,40,0,7360
FINNIFTY02JAN2421950PE.NFO,02/01/2024,09:20:41,520.9,536.3,80,538.5,40,0,7360
FINNIFTY02JAN2421950PE.NFO,02/01/2024,09:20:43,520.9,537.05,80,539.4,200,0,7360
FINNIFTY02JAN2421950PE.NFO,02/01/2024,09:20:44,520.9,536.7,80,538.65,40,0,7360
FINNIFTY02JAN2421950PE.NFO,02/01/2024,09:20:45,520.9,535.75,80,537.55,40,0,7360
FINNIFTY02JAN2421950PE.NFO,02/01/2024,09:20:46,520.9,535.25,80,536.95,40,0,7360
FINNIFTY02JAN2421950PE.NFO,02/01/2024,09:20:47,520.9,535.15,80,536.45,40,0,7360
FINNIFTY02JAN2421950PE.NFO,02/01/2024,09:20:48,520.9,534.9,280,536.65,40,0,7360
FINNIFTY02JAN2421950PE.NFO,02/01/2024,09:20:49,520.9,534.9,80,536.6,40,0,7360
FINNIFTY02JAN2421950PE.NFO,02/01/2024,09:20:50,520.9,533.95,40,536,40,0,7360
FINNIFTY02JAN2421950PE.NFO,02/01/2024,09:20:51,520.9,533.7,80,535.5,40,0,7360
FINNIFTY02JAN2421950PE.NFO,02/01/2024,09:20:52,520.9,533.95,80,535.85,200,0,7360
FINNIFTY02JAN2421950PE.NFO,02/01/2024,09:20:53,520.9,533.9,80,535.55,40,0,7360
FINNIFTY02JAN2421950PE.NFO,02/01/2024,09:20:55,520.9,534.95,80,537.2,40,0,7360
FINNIFTY02JAN2421950PE.NFO,02/01/2024,09:20:56,520.9,534.35,240,536.2,40,0,7360
FINNIFTY02JAN2421950PE.NFO,02/01/2024,09:20:57,520.9,534.3,80,536.3,200,0,7360
FINNIFTY02JAN2421950PE.NFO,02/01/2024,09:20:58,520.9,535.2,80,537.2,120,0,7360
FINNIFTY02JAN2421950PE.NFO,02/01/2024,09:20:59,520.9,535.45,40,537.05,40,0,7360
FINNIFTY02JAN2421950PE.NFO,02/01/2024,09:21:00,520.9,534.8,120,537.05,200,0,7360
FINNIFTY02JAN2421950PE.NFO,02/01/2024,09:21:01,520.9,534.85,80,536.75,120,0,7360
FINNIFTY02JAN2421950PE.NFO,02/01/2024,09:21:02,520.9,535.45,80,537.45,80,0,7360
FINNIFTY02JAN2421950PE.NFO,02/01/2024,09:21:03,520.9,534.4,120,536.3,80,0,7360
FINNIFTY02JAN2421950PE.NFO,02/01/2024,09:21:04,520.9,532.95,80,535.2,120,0,7360
FINNIFTY02JAN2421950PE.NFO,02/01/2024,09:21:05,520.9,530.85,80,533.05,80,0,7360
FINNIFTY02JAN2421950PE.NFO,02/01/2024,09:21:06,520.9,523.8,120,530.85,40,0,7360
FINNIFTY02JAN2421950PE.NFO,02/01/2024,09:21:07,520.9,527.65,80,530.45,160,0,7360
FINNIFTY02JAN2421950PE.NFO,02/01/2024,09:21:08,520.9,527.8,80,530.45,40,0,7360
FINNIFTY02JAN2421950PE.NFO,02/01/2024,09:21:09,520.9,528.6,80,530.85,120,0,7360
FINNIFTY02JAN2421950PE.NFO,02/01/2024,09:21:10,520.9,525.9,80,528.5,40,0,7360
FINNIFTY02JAN2421950PE.NFO,02/01/2024,09:21:11,520.9,524.9,80,527.35,40,0,7360
FINNIFTY02JAN2421950PE.NFO,02/01/2024,09:21:12,520.9,526.45,80,528.8,80,0,7360
FINNIFTY02JAN2421950PE.NFO,02/01/2024,09:21:13,520.9,527.05,80,529.25,40,0,7360
FINNIFTY02JAN2421950PE.NFO,02/01/2024,09:21:14,520.9,527.65,80,529.55,40,0,7360
FINNIFTY02JAN2421950PE.NFO,02/01/2024,09:21:15,520.9,528.3,80,530.1,40,0,7360
FINNIFTY02JAN2421950PE.NFO,02/01/2024,09:21:16,520.9,528.8,80,531.25,40,0,7360
FINNIFTY02JAN2421950PE.NFO,02/01/2024,09:21:17,520.9,528.65,80,530.6,120,0,7360
FINNIFTY02JAN2421950PE.NFO,02/01/2024,09:21:18,520.9,528,120,530.15,40,0,7360
FINNIFTY02JAN2421950PE.NFO,02/01/2024,09:21:19,520.9,528.1,80,530.3,80,0,7360
FINNIFTY02JAN2421950PE.NFO,02/01/2024,09:21:20,520.9,528.6,120,530.3,40,0,7360
FINNIFTY02JAN2421950PE.NFO,02/01/2024,09:21:21,520.9,527.9,200,529.95,40,0,7360
FINNIFTY02JAN2421950PE.NFO,02/01/2024,09:21:22,520.9,527.15,80,529.25,80,0,7360
FINNIFTY02JAN2421950PE.NFO,02/01/2024,09:21:23,520.9,527.15,40,529.3,40,0,7360
FINNIFTY02JAN2421950PE.NFO,02/01/2024,09:21:24,520.9,526.75,120,528.75,80,0,7360
FINNIFTY02JAN2421950PE.NFO,02/01/2024,09:21:25,520.9,525.1,80,527.35,120,0,7360
FINNIFTY02JAN2421950PE.NFO,02/01/2024,09:21:26,520.9,524.55,40,526.65,120,0,7360
FINNIFTY02JAN2421950PE.NFO,02/01/2024,09:21:27,520.9,521.75,80,524.2,40,0,7360
FINNIFTY02JAN2421950PE.NFO,02/01/2024,09:21:28,520.9,520.55,240,523.9,40,0,7360
FINNIFTY02JAN2421950PE.NFO,02/01/2024,09:21:29,520.9,522.6,80,525.15,40,0,7360
FINNIFTY02JAN2421950PE.NFO,02/01/2024,09:21:30,520.9,522.45,80,524.7,40,0,7360
FINNIFTY02JAN2421950PE.NFO,02/01/2024,09:21:31,520.9,522.3,80,524.35,40,0,7360
FINNIFTY02JAN2421950PE.NFO,02/01/2024,09:21:32,520.9,521.45,80,523.45,40,0,7360
FINNIFTY02JAN2421950PE.NFO,02/01/2024,09:21:33,520.9,520.4,120,522.45,40,0,7360
FINNIFTY02JAN2421950PE.NFO,02/01/2024,09:21:34,520.9,520.6,80,522.75,40,0,7360
FINNIFTY02JAN2421950PE.NFO,02/01/2024,09:21:35,520.9,522.15,80,524.05,40,0,7360
FINNIFTY02JAN2421950PE.NFO,02/01/2024,09:21:36,520.9,523.8,80,525.6,40,0,7360
FINNIFTY02JAN2421950PE.NFO,02/01/2024,09:21:37,520.9,523.35,80,525.6,120,0,7360
FINNIFTY02JAN2421950PE.NFO,02/01/2024,09:21:38,520.9,522.9,80,525,40,0,7360
FINNIFTY02JAN2421950PE.NFO,02/01/2024,09:21:39,520.9,523.7,120,526.1,80,0,7360
FINNIFTY02JAN2421950PE.NFO,02/01/2024,09:21:40,520.9,523.8,80,525.35,40,0,7360
FINNIFTY02JAN2421950PE.NFO,02/01/2024,09:21:41,520.9,523.95,80,525.55,40,0,7360
FINNIFTY02JAN2421950PE.NFO,02/01/2024,09:21:42,520.9,524.85,80,526.8,40,0,7360
FINNIFTY02JAN2421950PE.NFO,02/01/2024,09:21:43,520.9,524.9,120,526.55,40,0,7360
FINNIFTY02JAN2421950PE.NFO,02/01/2024,09:21:44,520.9,524.9,80,526.75,40,0,7360
FINNIFTY02JAN2421950PE.NFO,02/01/2024,09:21:45,520.9,525,80,526.35,40,0,7360
FINNIFTY02JAN2421950PE.NFO,02/01/2024,09:21:46,520.9,524.95,80,526.95,40,0,7360
FINNIFTY02JAN2421950PE.NFO,02/01/2024,09:21:47,520.9,525.15,80,526.95,40,0,7360
FINNIFTY02JAN2421950PE.NFO,02/01/2024,09:21:48,520.9,525.25,80,526.95,40,0,7360
FINNIFTY02JAN2421950PE.NFO,02/01/2024,09:21:50,520.9,524.45,120,526.45,240,0,7360
FINNIFTY02JAN2421950PE.NFO,02/01/2024,09:21:51,520.9,525.25,80,526.8,40,0,7360
FINNIFTY02JAN2421950PE.NFO,02/01/2024,09:21:52,520.9,525,80,526.55,40,0,7360
FINNIFTY02JAN2421950PE.NFO,02/01/2024,09:21:53,520.9,525.05,40,526.8,40,0,7360
FINNIFTY02JAN2421950PE.NFO,02/01/2024,09:21:53,520.9,525.1,80,526.6,80,0,7360
FINNIFTY02JAN2421950PE.NFO,02/01/2024,09:21:54,520.9,525.1,80,526.7,40,0,7360
FINNIFTY02JAN2421950PE.NFO,02/01/2024,09:21:55,520.9,524.35,80,526.1,40,0,7360
FINNIFTY02JAN2421950PE.NFO,02/01/2024,09:21:56,520.9,523.9,80,525.8,40,0,7360
FINNIFTY02JAN2421950PE.NFO,02/01/2024,09:21:57,520.9,523.25,120,525.1,280,0,7360
FINNIFTY02JAN2421950PE.NFO,02/01/2024,09:21:58,520.9,523.1,120,525,40,0,7360
FINNIFTY02JAN2421950PE.NFO,02/01/2024,09:21:59,520.9,522,120,523.85,40,0,7360
FINNIFTY02JAN2421950PE.NFO,02/01/2024,09:22:00,520.9,521.55,40,523.65,40,0,7360
FINNIFTY02JAN2421950PE.NFO,02/01/2024,09:22:01,520.9,523.35,80,525.3,40,0,7360
FINNIFTY02JAN2421950PE.NFO,02/01/2024,09:22:02,520.9,523.45,80,525.45,40,0,7360
FINNIFTY02JAN2421950PE.NFO,02/01/2024,09:22:03,520.9,522.85,80,525.1,80,0,7360
FINNIFTY02JAN2421950PE.NFO,02/01/2024,09:22:04,520.9,523.3,80,525.6,280,0,7360
FINNIFTY02JAN2421950PE.NFO,02/01/2024,09:22:05,520.9,523.9,80,525.5,40,0,7360
FINNIFTY02JAN2421950PE.NFO,02/01/2024,09:22:06,520.9,524,80,525.8,40,0,7360
FINNIFTY02JAN2421950PE.NFO,02/01/2024,09:22:07,520.9,524.55,80,526.5,40,0,7360
FINNIFTY02JAN2421950PE.NFO,02/01/2024,09:22:08,520.9,525.05,80,526.6,40,0,7360
FINNIFTY02JAN2421950PE.NFO,02/01/2024,09:22:10,520.9,524.95,80,526.4,40,0,7360
FINNIFTY02JAN2421950PE.NFO,02/01/2024,09:22:11,520.9,524.75,80,526.35,40,0,7360
FINNIFTY02JAN2421950PE.NFO,02/01/2024,09:22:11,520.9,524.15,80,526.15,120,0,7360
FINNIFTY02JAN2421950PE.NFO,02/01/2024,09:22:12,520.9,525.05,80,526.55,40,0,7360
FINNIFTY02JAN2421950PE.NFO,02/01/2024,09:22:13,520.9,523.85,80,525.9,160,0,7360
FINNIFTY02JAN2421950PE.NFO,02/01/2024,09:22:15,520.9,524.6,80,526.4,40,0,7360
FINNIFTY02JAN2421950PE.NFO,02/01/2024,09:22:16,520.9,525.55,520,528.35,40,0,7360
FINNIFTY02JAN2421950PE.NFO,02/01/2024,09:22:17,520.9,526.55,80,528.65,40,0,7360
FINNIFTY02JAN2421950PE.NFO,02/01/2024,09:22:17,520.9,526.7,80,528.65,200,0,7360
FINNIFTY02JAN2421950PE.NFO,02/01/2024,09:22:18,520.9,526.8,80,528.3,40,0,7360
FINNIFTY02JAN2421950PE.NFO,02/01/2024,09:22:19,520.9,526.35,240,528,40,0,7360
FINNIFTY02JAN2421950PE.NFO,02/01/2024,09:22:20,520.9,526.25,80,527.95,40,0,7360
FINNIFTY02JAN2421950PE.NFO,02/01/2024,09:22:21,520.9,526.45,200,528.4,200,0,7360
FINNIFTY02JAN2421950PE.NFO,02/01/2024,09:22:22,520.9,526.75,80,528.7,40,0,7360
FINNIFTY02JAN2421950PE.NFO,02/01/2024,09:22:24,520.9,527.65,80,529.6,40,0,7360
FINNIFTY02JAN2421950PE.NFO,02/01/2024,09:22:25,520.9,527.6,80,529.25,40,0,7360
FINNIFTY02JAN2421950PE.NFO,02/01/2024,09:22:25,520.9,527.8,80,529.65,40,0,7360
FINNIFTY02JAN2421950PE.NFO,02/01/2024,09:22:26,520.9,528.35,120,529.9,40,0,7360
FINNIFTY02JAN2421950PE.NFO,02/01/2024,09:22:27,520.9,529.25,80,531.05,80,0,7360
FINNIFTY02JAN2421950PE.NFO,02/01/2024,09:22:28,520.9,530.35,80,532.45,80,0,7360
FINNIFTY02JAN2421950PE.NFO,02/01/2024,09:22:29,520.9,530.05,120,531.85,40,0,7360
FINNIFTY02JAN2421950PE.NFO,02/01/2024,09:22:31,520.9,529.5,80,530.85,40,0,7360
FINNIFTY02JAN2421950PE.NFO,02/01/2024,09:22:32,520.9,529.6,80,531.5,40,0,7360
FINNIFTY02JAN2421950PE.NFO,02/01/2024,09:22:33,520.9,529.6,80,531.15,40,0,7360
FINNIFTY02JAN2421950PE.NFO,02/01/2024,09:22:34,520.9,530.65,80,532.7,40,0,7360
FINNIFTY02JAN2421950PE.NFO,02/01/2024,09:22:35,520.9,531.8,40,533.95,40,0,7360
FINNIFTY02JAN2421950PE.NFO,02/01/2024,09:22:36,520.9,532.25,80,534.15,240,0,7360
FINNIFTY02JAN2421950PE.NFO,02/01/2024,09:22:37,520.9,531.7,80,533.6,400,0,7360
FINNIFTY02JAN2421950PE.NFO,02/01/2024,09:22:38,520.9,531.35,120,533.35,40,0,7360
FINNIFTY02JAN2421950PE.NFO,02/01/2024,09:22:39,520.9,531.45,80,533.25,40,0,7360
FINNIFTY02JAN2421950PE.NFO,02/01/2024,09:22:40,520.9,530.65,120,532.85,40,0,7360
FINNIFTY02JAN2421950PE.NFO,02/01/2024,09:22:40,520.9,530.65,80,532.8,120,0,7360
FINNIFTY02JAN2421950PE.NFO,02/01/2024,09:22:41,520.9,531.45,80,533.45,40,0,7360
FINNIFTY02JAN2421950PE.NFO,02/01/2024,09:22:42,520.9,531.6,200,533.3,40,0,7360
FINNIFTY02JAN2421950PE.NFO,02/01/2024,09:22:43,520.9,532,80,534,40,0,7360
FINNIFTY02JAN2421950PE.NFO,02/01/2024,09:22:44,520.9,531.3,120,533.15,120,0,7360
FINNIFTY02JAN2421950PE.NFO,02/01/2024,09:22:45,520.9,531.45,120,533.35,40,0,7360
FINNIFTY02JAN2421950PE.NFO,02/01/2024,09:22:46,520.9,529.85,80,532.2,120,0,7360
FINNIFTY02JAN2421950PE.NFO,02/01/2024,09:22:47,520.9,530.05,80,531.8,40,0,7360
FINNIFTY02JAN2421950PE.NFO,02/01/2024,09:22:48,520.9,530.5,80,532.5,200,0,7360
FINNIFTY02JAN2421950PE.NFO,02/01/2024,09:22:49,520.9,531.5,80,533.65,40,0,7360
FINNIFTY02JAN2421950PE.NFO,02/01/2024,09:22:50,520.9,531.55,80,533.55,120,0,7360
FINNIFTY02JAN2421950PE.NFO,02/01/2024,09:22:51,520.9,530.15,120,532,40,0,7360
FINNIFTY02JAN2421950PE.NFO,02/01/2024,09:22:52,520.9,529.55,80,531.35,120,0,7360
FINNIFTY02JAN2421950PE.NFO,02/01/2024,09:22:53,520.9,529.45,80,531.1,40,0,7360
FINNIFTY02JAN2421950PE.NFO,02/01/2024,09:22:55,520.9,530.05,80,531.85,40,0,7360
FINNIFTY02JAN2421950PE.NFO,02/01/2024,09:22:56,520.9,529.8,80,531.7,120,0,7360
FINNIFTY02JAN2421950PE.NFO,02/01/2024,09:22:57,520.9,529.5,120,531.2,40,0,7360
FINNIFTY02JAN2421950PE.NFO,02/01/2024,09:22:58,520.9,528.45,120,530.45,40,0,7360
FINNIFTY02JAN2421950PE.NFO,02/01/2024,09:22:59,520.9,528.4,80,530.15,200,0,7360
FINNIFTY02JAN2421950PE.NFO,02/01/2024,09:23:00,520.9,529.45,80,531.65,40,0,7360
FINNIFTY02JAN2421950PE.NFO,02/01/2024,09:23:01,520.9,529.1,120,531,40,0,7360
FINNIFTY02JAN2421950PE.NFO,02/01/2024,09:23:02,520.9,529.25,160,531.15,40,0,7360
FINNIFTY02JAN2421950PE.NFO,02/01/2024,09:23:03,520.9,528.75,240,530.75,40,0,7360
FINNIFTY02JAN2421950PE.NFO,02/01/2024,09:23:04,520.9,529.25,80,531.05,40,0,7360
FINNIFTY02JAN2421950PE.NFO,02/01/2024,09:23:05,520.9,528.25,80,530.1,120,0,7360
FINNIFTY02JAN2421950PE.NFO,02/01/2024,09:23:06,520.9,527.5,40,529.4,40,0,7360
FINNIFTY02JAN2421950PE.NFO,02/01/2024,09:23:07,520.9,513.65,80,527.35,40,0,7360
FINNIFTY02JAN2421950PE.NFO,02/01/2024,09:23:08,520.9,524.95,80,526.8,40,0,7360
FINNIFTY02JAN2421950PE.NFO,02/01/2024,09:23:09,520.9,525.15,80,526.9,40,0,7360
FINNIFTY02JAN2421950PE.NFO,02/01/2024,09:23:10,520.9,525.6,80,527.25,40,0,7360
FINNIFTY02JAN2421950PE.NFO,02/01/2024,09:23:11,520.9,526.35,80,528.25,40,0,7360
FINNIFTY02JAN2421950PE.NFO,02/01/2024,09:23:12,520.9,526.85,80,528.85,120,0,7360
FINNIFTY02JAN2421950PE.NFO,02/01/2024,09:23:13,520.9,526,120,528.1,40,0,7360
FINNIFTY02JAN2421950PE.NFO,02/01/2024,09:23:14,520.9,525.75,120,527.45,120,0,7360
FINNIFTY02JAN2421950PE.NFO,02/01/2024,09:23:15,520.9,525.7,80,527.3,80,0,7360
FINNIFTY02JAN2421950PE.NFO,02/01/2024,09:23:16,520.9,525.35,80,526.95,40,0,7360
FINNIFTY02JAN2421950PE.NFO,02/01/2024,09:23:17,520.9,523.55,80,525.55,320,0,7360
FINNIFTY02JAN2421950PE.NFO,02/01/2024,09:23:18,520.9,525.05,80,527.4,200,0,7360
FINNIFTY02JAN2421950PE.NFO,02/01/2024,09:23:19,520.9,525.05,160,527.25,200,0,7360
FINNIFTY02JAN2421950PE.NFO,02/01/2024,09:23:20,520.9,525.1,240,526.7,40,0,7360
FINNIFTY02JAN2421950PE.NFO,02/01/2024,09:23:21,520.9,525.35,80,527.5,160,0,7360
FINNIFTY02JAN2421950PE.NFO,02/01/2024,09:23:22,520.9,525.35,160,527.15,40,0,7360
FINNIFTY02JAN2421950PE.NFO,02/01/2024,09:23:23,520.9,525.35,240,527,40,0,7360
FINNIFTY02JAN2421950PE.NFO,02/01/2024,09:23:24,520.9,525.35,40,527,40,0,7360
FINNIFTY02JAN2421950PE.NFO,02/01/2024,09:23:25,520.9,525.5,80,527,40,0,7360
FINNIFTY02JAN2421950PE.NFO,02/01/2024,09:23:26,520.9,526.35,80,528.15,40,0,7360
FINNIFTY02JAN2421950PE.NFO,02/01/2024,09:23:27,520.9,525.95,40,527.6,40,0,7360
FINNIFTY02JAN2421950PE.NFO,02/01/2024,09:23:28,520.9,526.55,80,528.3,40,0,7360
FINNIFTY02JAN2421950PE.NFO,02/01/2024,09:23:29,520.9,527.8,80,529.65,40,0,7360
FINNIFTY02JAN2421950PE.NFO,02/01/2024,09:23:31,520.9,527.7,80,529.3,40,0,7360
FINNIFTY02JAN2421950PE.NFO,02/01/2024,09:23:32,520.9,526.7,80,528.4,40,0,7360
FINNIFTY02JAN2421950PE.NFO,02/01/2024,09:23:33,520.9,525.85,80,527.65,200,0,7360
FINNIFTY02JAN2421950PE.NFO,02/01/2024,09:23:34,520.9,525.9,80,527.4,40,0,7360
FINNIFTY02JAN2421950PE.NFO,02/01/2024,09:23:35,520.9,526,160,527.5,40,0,7360
FINNIFTY02JAN2421950PE.NFO,02/01/2024,09:23:36,520.9,526,120,527.45,40,0,7360
FINNIFTY02JAN2421950PE.NFO,02/01/2024,09:23:36,520.9,525.95,120,527.4,40,0,7360
FINNIFTY02JAN2421950PE.NFO,02/01/2024,09:23:37,520.9,525.05,80,526.8,40,0,7360
FINNIFTY02JAN2421950PE.NFO,02/01/2024,09:23:38,520.9,524.85,80,526.85,40,0,7360
FINNIFTY02JAN2421950PE.NFO,02/01/2024,09:23:39,520.9,524.7,120,526.7,320,0,7360
FINNIFTY02JAN2421950PE.NFO,02/01/2024,09:23:40,520.9,525.5,120,527.35,40,0,7360
FINNIFTY02JAN2421950PE.NFO,02/01/2024,09:23:41,520.9,526.2,80,528.2,120,0,7360
FINNIFTY02JAN2421950PE.NFO,02/01/2024,09:23:42,520.9,526.5,80,528.15,40,0,7360
FINNIFTY02JAN2421950PE.NFO,02/01/2024,09:23:43,520.9,526.1,80,527.7,40,0,7360
FINNIFTY02JAN2421950PE.NFO,02/01/2024,09:23:44,520.9,525.95,120,527.4,40,0,7360
FINNIFTY02JAN2421950PE.NFO,02/01/2024,09:23:46,520.9,526,160,527.65,40,0,7360
FINNIFTY02JAN2421950PE.NFO,02/01/2024,09:23:47,520.9,526.65,80,528.4,40,0,7360
FINNIFTY02JAN2421950PE.NFO,02/01/2024,09:23:47,520.9,526.8,120,528.65,40,0,7360
FINNIFTY02JAN2421950PE.NFO,02/01/2024,09:23:48,520.9,527.45,80,529.2,40,0,7360
FINNIFTY02JAN2421950PE.NFO,02/01/2024,09:23:49,520.9,527.65,80,529.25,40,0,7360
FINNIFTY02JAN2421950PE.NFO,02/01/2024,09:23:51,520.9,527.85,160,529.65,40,0,7360
FINNIFTY02JAN2421950PE.NFO,02/01/2024,09:23:52,520.9,527.8,120,529.2,40,0,7360
FINNIFTY02JAN2421950PE.NFO,02/01/2024,09:23:52,520.9,527.8,120,529.15,40,0,7360
FINNIFTY02JAN2421950PE.NFO,02/01/2024,09:23:53,520.9,527,80,528.9,40,0,7360
FINNIFTY02JAN2421950PE.NFO,02/01/2024,09:23:54,520.9,527.8,80,529.4,40,0,7360
FINNIFTY02JAN2421950PE.NFO,02/01/2024,09:23:55,520.9,528.05,80,529.85,40,0,7360
FINNIFTY02JAN2421950PE.NFO,02/01/2024,09:23:56,520.9,528.1,120,529.85,40,0,7360
FINNIFTY02JAN2421950PE.NFO,02/01/2024,09:23:57,520.9,528.5,80,530.05,40,0,7360
FINNIFTY02JAN2421950PE.NFO,02/01/2024,09:23:59,520.9,529.35,80,530.9,40,0,7360
FINNIFTY02JAN2421950PE.NFO,02/01/2024,09:24:00,520.9,529.65,80,531.65,80,0,7360
FINNIFTY02JAN2421950PE.NFO,02/01/2024,09:24:01,520.9,530.05,120,531.9,40,0,7360
FINNIFTY02JAN2421950PE.NFO,02/01/2024,09:24:02,520.9,530.85,80,532.55,40,0,7360
FINNIFTY02JAN2421950PE.NFO,02/01/2024,09:24:03,520.9,530.85,160,532.5,40,0,7360
FINNIFTY02JAN2421950PE.NFO,02/01/2024,09:24:04,520.9,529.8,80,531.65,40,0,7360
FINNIFTY02JAN2421950PE.NFO,02/01/2024,09:24:04,520.9,529.6,80,531.65,40,0,7360
FINNIFTY02JAN2421950PE.NFO,02/01/2024,09:24:05,520.9,529.45,80,531.35,40,0,7360
FINNIFTY02JAN2421950PE.NFO,02/01/2024,09:24:07,520.9,528.5,120,530.25,40,0,7360
FINNIFTY02JAN2421950PE.NFO,02/01/2024,09:24:08,520.9,529.3,80,530.9,40,0,7360
FINNIFTY02JAN2421950PE.NFO,02/01/2024,09:24:09,520.9,529.1,80,530.7,40,0,7360
FINNIFTY02JAN2421950PE.NFO,02/01/2024,09:24:10,520.9,528.7,160,530.1,40,0,7360
FINNIFTY02JAN2421950PE.NFO,02/01/2024,09:24:11,520.9,527.7,40,529.55,120,0,7360
FINNIFTY02JAN2421950PE.NFO,02/01/2024,09:24:11,520.9,527.7,120,529.65,120,0,7360
FINNIFTY02JAN2421950PE.NFO,02/01/2024,09:24:12,520.9,527.15,80,529.1,40,0,7360
FINNIFTY02JAN2421950PE.NFO,02/01/2024,09:24:13,520.9,527.6,80,529.2,40,0,7360
FINNIFTY02JAN2421950PE.NFO,02/01/2024,09:24:15,520.9,527.45,80,529.05,40,0,7360
FINNIFTY02JAN2421950PE.NFO,02/01/2024,09:24:16,520.9,528.9,80,531.05,80,0,7360
FINNIFTY02JAN2421950PE.NFO,02/01/2024,09:24:17,520.9,529.05,160,530.6,40,0,7360
FINNIFTY02JAN2421950PE.NFO,02/01/2024,09:24:17,520.9,529.25,80,531,280,0,7360
FINNIFTY02JAN2421950PE.NFO,02/01/2024,09:24:18,520.9,529.35,80,531.05,40,0,7360
FINNIFTY02JAN2421950PE.NFO,02/01/2024,09:24:19,520.9,529.35,120,531.15,120,0,7360
FINNIFTY02JAN2421950PE.NFO,02/01/2024,09:24:20,520.9,530.05,80,532,440,0,7360
FINNIFTY02JAN2421950PE.NFO,02/01/2024,09:24:21,520.9,530.6,80,532.35,40,0,7360
FINNIFTY02JAN2421950PE.NFO,02/01/2024,09:24:22,520.9,531.05,80,532.55,40,0,7360
FINNIFTY02JAN2421950PE.NFO,02/01/2024,09:24:23,520.9,531.75,120,533.8,40,0,7360
FINNIFTY02JAN2421950PE.NFO,02/01/2024,09:24:24,520.9,531.85,80,533.7,40,0,7360
FINNIFTY02JAN2421950PE.NFO,02/01/2024,09:24:25,520.9,531.45,120,533.1,80,0,7360
FINNIFTY02JAN2421950PE.NFO,02/01/2024,09:24:26,520.9,531.45,80,533.3,40,0,7360
FINNIFTY02JAN2421950PE.NFO,02/01/2024,09:24:27,520.9,532,80,533.55,80,0,7360
FINNIFTY02JAN2421950PE.NFO,02/01/2024,09:24:29,520.9,531.55,200,533.05,40,0,7360
FINNIFTY02JAN2421950PE.NFO,02/01/2024,09:24:30,520.9,531.7,80,533.15,40,0,7360
FINNIFTY02JAN2421950PE.NFO,02/01/2024,09:24:31,520.9,531.5,120,533.3,40,0,7360
FINNIFTY02JAN2421950PE.NFO,02/01/2024,09:24:32,520.9,531.4,80,532.9,40,0,7360
FINNIFTY02JAN2421950PE.NFO,02/01/2024,09:24:33,520.9,531.55,120,533.55,120,0,7360
FINNIFTY02JAN2421950PE.NFO,02/01/2024,09:24:33,520.9,531.7,80,533.85,360,0,7360
FINNIFTY02JAN2421950PE.NFO,02/01/2024,09:24:34,520.9,532.05,80,533.6,40,0,7360
FINNIFTY02JAN2421950PE.NFO,02/01/2024,09:24:36,520.9,531.75,120,533.15,40,0,7360
FINNIFTY02JAN2421950PE.NFO,02/01/2024,09:24:37,520.9,529.85,160,531.65,40,0,7360
FINNIFTY02JAN2421950PE.NFO,02/01/2024,09:24:38,520.9,529.55,80,531.55,320,0,7360
FINNIFTY02JAN2421950PE.NFO,02/01/2024,09:24:38,520.9,529.5,80,531.2,40,0,7360
FINNIFTY02JAN2421950PE.NFO,02/01/2024,09:24:39,520.9,530,80,531.55,40,0,7360
FINNIFTY02JAN2421950PE.NFO,02/01/2024,09:24:41,520.9,529.9,120,531.4,40,0,7360
FINNIFTY02JAN2421950PE.NFO,02/01/2024,09:24:42,520.9,529.75,80,531.6,80,0,7360
FINNIFTY02JAN2421950PE.NFO,02/01/2024,09:24:43,520.9,529.55,80,531.3,40,0,7360
FINNIFTY02JAN2421950PE.NFO,02/01/2024,09:24:43,520.9,529.45,80,531.15,40,0,7360
FINNIFTY02JAN2421950PE.NFO,02/01/2024,09:24:44,520.9,529.3,80,531.1,40,0,7360
FINNIFTY02JAN2421950PE.NFO,02/01/2024,09:24:46,520.9,529.35,120,530.65,40,0,7360
FINNIFTY02JAN2421950PE.NFO,02/01/2024,09:24:47,520.9,529.2,80,530.65,40,0,7360
FINNIFTY02JAN2421950PE.NFO,02/01/2024,09:24:48,520.9,527.45,80,530.05,80,0,7360
FINNIFTY02JAN2421950PE.NFO,02/01/2024,09:24:48,520.9,527.95,120,530.5,40,0,7360
FINNIFTY02JAN2421950PE.NFO,02/01/2024,09:24:49,520.9,527.95,120,529.6,40,0,7360
FINNIFTY02JAN2421950PE.NFO,02/01/2024,09:24:51,520.9,527.6,40,529.3,40,0,7360
FINNIFTY02JAN2421950PE.NFO,02/01/2024,09:24:52,520.9,528.15,80,529.9,40,0,7360
FINNIFTY02JAN2421950PE.NFO,02/01/2024,09:24:53,520.9,528.9,80,530.4,40,0,7360
FINNIFTY02JAN2421950PE.NFO,02/01/2024,09:24:53,520.9,528.9,80,530.3,40,0,7360
FINNIFTY02JAN2421950PE.NFO,02/01/2024,09:24:54,520.9,529.1,80,531,40,0,7360
FINNIFTY02JAN2421950PE.NFO,02/01/2024,09:24:56,520.9,530.85,80,532.65,40,0,7360
FINNIFTY02JAN2421950PE.NFO,02/01/2024,09:24:57,520.9,531.15,80,532.75,40,0,7360
FINNIFTY02JAN2421950PE.NFO,02/01/2024,09:24:58,520.9,531.1,80,532.75,40,0,7360
FINNIFTY02JAN2421950PE.NFO,02/01/2024,09:24:58,520.9,531.05,80,532.5,40,0,7360
FINNIFTY02JAN2421950PE.NFO,02/01/2024,09:24:59,520.9,531.35,80,532.9,40,0,7360
FINNIFTY02JAN2421950PE.NFO,02/01/2024,09:25:01,520.9,532.25,80,534.4,320,0,7360
FINNIFTY02JAN2421950PE.NFO,02/01/2024,09:25:02,520.9,531.85,120,533.65,200,0,7360
FINNIFTY02JAN2421950PE.NFO,02/01/2024,09:25:03,520.9,530.3,40,532.2,320,0,7360
FINNIFTY02JAN2421950PE.NFO,02/01/2024,09:25:04,520.9,530.7,80,532.25,40,0,7360
FINNIFTY02JAN2421950PE.NFO,02/01/2024,09:25:05,520.9,531.3,80,532.95,40,0,7360
FINNIFTY02JAN2421950PE.NFO,02/01/2024,09:25:06,520.9,531.1,80,533.05,40,0,7360
FINNIFTY02JAN2421950PE.NFO,02/01/2024,09:25:07,520.9,530.7,80,532.4,40,0,7360
FINNIFTY02JAN2421950PE.NFO,02/01/2024,09:25:08,520.9,529.6,80,531.6,40,0,7360
FINNIFTY02JAN2421950PE.NFO,02/01/2024,09:25:08,520.9,529.7,80,531.35,40,0,7360
FINNIFTY02JAN2421950PE.NFO,02/01/2024,09:25:09,520.9,530.45,80,532.15,40,0,7360
FINNIFTY02JAN2421950PE.NFO,02/01/2024,09:25:10,520.9,531.3,80,532.95,40,0,7360
FINNIFTY02JAN2421950PE.NFO,02/01/2024,09:25:11,520.9,531.45,80,533.4,120,0,7360
FINNIFTY02JAN2421950PE.NFO,02/01/2024,09:25:12,520.9,531.25,40,532.8,40,0,7360
FINNIFTY02JAN2421950PE.NFO,02/01/2024,09:25:13,520.9,531.7,80,533.55,40,0,7360
FINNIFTY02JAN2421950PE.NFO,02/01/2024,09:25:15,520.9,531.4,80,533.25,40,0,7360
FINNIFTY02JAN2421950PE.NFO,02/01/2024,09:25:16,520.9,532.05,80,533.55,40,0,7360
FINNIFTY02JAN2421950PE.NFO,02/01/2024,09:25:17,520.9,531.4,40,533.25,80,0,7360
FINNIFTY02JAN2421950PE.NFO,02/01/2024,09:25:17,520.9,531.4,80,533.1,40,0,7360
FINNIFTY02JAN2421950PE.NFO,02/01/2024,09:25:18,520.9,531,120,532.75,40,0,7360
FINNIFTY02JAN2421950PE.NFO,02/01/2024,09:25:19,520.9,531.05,80,532.75,40,0,7360
FINNIFTY02JAN2421950PE.NFO,02/01/2024,09:25:20,520.9,530.5,160,532.55,40,0,7360
FINNIFTY02JAN2421950PE.NFO,02/01/2024,09:25:21,520.9,529.9,80,531.7,40,0,7360
FINNIFTY02JAN2421950PE.NFO,02/01/2024,09:25:22,520.9,529.45,80,531.1,40,0,7360
FINNIFTY02JAN2421950PE.NFO,02/01/2024,09:25:24,520.9,530.25,80,531.85,40,0,7360
FINNIFTY02JAN2421950PE.NFO,02/01/2024,09:25:25,520.9,530.15,80,531.85,40,0,7360
FINNIFTY02JAN2421950PE.NFO,02/01/2024,09:25:26,520.9,530.35,80,531.7,40,0,7360
FINNIFTY02JAN2421950PE.NFO,02/01/2024,09:25:27,520.9,529.15,80,531.1,120,0,7360
FINNIFTY02JAN2421950PE.NFO,02/01/2024,09:25:28,520.9,529.05,80,530.8,40,0,7360
FINNIFTY02JAN2421950PE.NFO,02/01/2024,09:25:29,520.9,528.8,40,530.65,40,0,7360
FINNIFTY02JAN2421950PE.NFO,02/01/2024,09:25:30,520.9,528.2,40,530.1,200,0,7360
FINNIFTY02JAN2421950PE.NFO,02/01/2024,09:25:31,520.9,528.15,80,530.1,40,0,7360
FINNIFTY02JAN2421950PE.NFO,02/01/2024,09:25:32,520.9,527.2,80,529.15,40,0,7360
FINNIFTY02JAN2421950PE.NFO,02/01/2024,09:25:34,520.9,526.3,80,528.15,40,0,7360
FINNIFTY02JAN2421950PE.NFO,02/01/2024,09:25:35,520.9,526.25,80,528.35,80,0,7360
FINNIFTY02JAN2421950PE.NFO,02/01/2024,09:25:35,520.9,526.55,80,528.6,80,0,7360
FINNIFTY02JAN2421950PE.NFO,02/01/2024,09:25:36,520.9,526.2,40,527.55,40,0,7360
FINNIFTY02JAN2421950PE.NFO,02/01/2024,09:25:38,520.9,526.4,80,528.55,360,0,7360
FINNIFTY02JAN2421950PE.NFO,02/01/2024,09:25:39,520.9,527,80,528.7,40,0,7360
FINNIFTY02JAN2421950PE.NFO,02/01/2024,09:25:40,520.9,527.85,80,529.6,40,0,7360
FINNIFTY02JAN2421950PE.NFO,02/01/2024,09:25:41,520.9,527.5,80,529.3,80,0,7360
FINNIFTY02JAN2421950PE.NFO,02/01/2024,09:25:42,520.9,527.1,120,528.7,40,0,7360
FINNIFTY02JAN2421950PE.NFO,02/01/2024,09:25:43,520.9,526.6,40,528.3,40,0,7360
FINNIFTY02JAN2421950PE.NFO,02/01/2024,09:25:44,520.9,526.85,80,528.45,40,0,7360
FINNIFTY02JAN2421950PE.NFO,02/01/2024,09:25:45,520.9,527.3,80,528.75,40,0,7360
FINNIFTY02JAN2421950PE.NFO,02/01/2024,09:25:46,520.9,527,80,528.7,40,0,7360
FINNIFTY02JAN2421950PE.NFO,02/01/2024,09:25:47,520.9,527.65,120,529.5,40,0,7360
FINNIFTY02JAN2421950PE.NFO,02/01/2024,09:25:48,520.9,527.05,80,528.9,40,0,7360
FINNIFTY02JAN2421950PE.NFO,02/01/2024,09:25:49,520.9,528.05,80,529.85,40,0,7360
FINNIFTY02JAN2421950PE.NFO,02/01/2024,09:25:50,520.9,528.3,40,530.05,40,0,7360
FINNIFTY02JAN2421950PE.NFO,02/01/2024,09:25:51,520.9,528.45,40,530.05,40,0,7360
FINNIFTY02JAN2421950PE.NFO,02/01/2024,09:25:52,520.9,528.65,160,530.45,40,0,7360
FINNIFTY02JAN2421950PE.NFO,02/01/2024,09:25:53,520.9,528,120,529.4,40,0,7360
FINNIFTY02JAN2421950PE.NFO,02/01/2024,09:25:54,520.9,526.65,40,528.7,200,0,7360
FINNIFTY02JAN2421950PE.NFO,02/01/2024,09:25:55,520.9,525.3,40,527.2,120,0,7360
FINNIFTY02JAN2421950PE.NFO,02/01/2024,09:25:56,520.9,525.25,80,526.95,40,0,7360
FINNIFTY02JAN2421950PE.NFO,02/01/2024,09:25:57,520.9,525.25,80,526.9,40,0,7360
FINNIFTY02JAN2421950PE.NFO,02/01/2024,09:25:58,520.9,524.9,120,526.6,80,0,7360
FINNIFTY02JAN2421950PE.NFO,02/01/2024,09:25:59,520.9,524.7,80,526.55,200,0,7360
FINNIFTY02JAN2421950PE.NFO,02/01/2024,09:26:00,520.9,523.6,120,525.65,280,0,7360
FINNIFTY02JAN2421950PE.NFO,02/01/2024,09:26:01,520.9,523.3,160,525.25,40,0,7360
FINNIFTY02JAN2421950PE.NFO,02/01/2024,09:26:02,520.9,523.7,80,525.5,40,0,7360
FINNIFTY02JAN2421950PE.NFO,02/01/2024,09:26:03,520.9,524.1,80,525.65,40,0,7360
FINNIFTY02JAN2421950PE.NFO,02/01/2024,09:26:04,520.9,523.9,80,525.8,40,0,7360
FINNIFTY02JAN2421950PE.NFO,02/01/2024,09:26:05,520.9,523.95,80,525.55,40,0,7360
FINNIFTY02JAN2421950PE.NFO,02/01/2024,09:26:06,520.9,523.7,80,525.25,40,0,7360
FINNIFTY02JAN2421950PE.NFO,02/01/2024,09:26:07,520.9,523.7,120,525.25,80,0,7360
FINNIFTY02JAN2421950PE.NFO,02/01/2024,09:26:08,520.9,524.35,80,525.95,40,0,7360
FINNIFTY02JAN2421950PE.NFO,02/01/2024,09:26:09,520.9,523.8,80,525.6,40,0,7360
FINNIFTY02JAN2421950PE.NFO,02/01/2024,09:26:10,520.9,524.2,80,525.9,40,0,7360
FINNIFTY02JAN2421950PE.NFO,02/01/2024,09:26:11,520.9,524.1,80,525.7,40,0,7360
FINNIFTY02JAN2421950PE.NFO,02/01/2024,09:26:12,520.9,524.25,120,525.85,40,0,7360
FINNIFTY02JAN2421950PE.NFO,02/01/2024,09:26:13,520.9,523.75,40,525.3,40,0,7360
FINNIFTY02JAN2421950PE.NFO,02/01/2024,09:26:14,520.9,519.2,400,523.35,320,0,7360
FINNIFTY02JAN2421950PE.NFO,02/01/2024,09:26:15,520.9,518.4,240,521.75,160,0,7360
FINNIFTY02JAN2421950PE.NFO,02/01/2024,09:26:16,501.7,485.6,280,520.55,40,120,7480
FINNIFTY02JAN2421950PE.NFO,02/01/2024,09:26:17,501.7,493,120,514.1,40,0,7480
FINNIFTY02JAN2421950PE.NFO,02/01/2024,09:26:18,501.7,495.6,80,518.25,40,0,7480
FINNIFTY02JAN2421950PE.NFO,02/01/2024,09:26:19,501.7,498.3,80,512.55,400,0,7480
FINNIFTY02JAN2421950PE.NFO,02/01/2024,09:26:20,501.7,500.4,80,511.6,400,0,7480
FINNIFTY02JAN2421950PE.NFO,02/01/2024,09:26:21,501.7,503.8,80,507.05,40,0,7480
FINNIFTY02JAN2421950PE.NFO,02/01/2024,09:26:22,501.7,503.4,80,507.15,40,0,7480
FINNIFTY02JAN2421950PE.NFO,02/01/2024,09:26:23,501.7,506.45,80,509,40,0,7480
FINNIFTY02JAN2421950PE.NFO,02/01/2024,09:26:24,501.7,508,80,510,40,0,7480
FINNIFTY02JAN2421950PE.NFO,02/01/2024,09:26:26,501.7,509.1,80,510.95,40,0,7480
FINNIFTY02JAN2421950PE.NFO,02/01/2024,09:26:27,501.7,508.35,80,510.4,80,0,7480
FINNIFTY02JAN2421950PE.NFO,02/01/2024,09:26:28,501.7,507.35,40,509.65,40,0,7480
FINNIFTY02JAN2421950PE.NFO,02/01/2024,09:26:29,501.7,495.45,80,506.7,160,0,7480
FINNIFTY02JAN2421950PE.NFO,02/01/2024,09:26:30,501.7,498.8,80,501.9,240,0,7480
FINNIFTY02JAN2421950PE.NFO,02/01/2024,09:26:31,501.7,501.2,80,503.3,200,0,7480
FINNIFTY02JAN2421950PE.NFO,02/01/2024,09:26:32,501.7,500.7,80,503.15,120,0,7480
FINNIFTY02JAN2421950PE.NFO,02/01/2024,09:26:33,501.7,502.35,40,504.4,200,0,7480
FINNIFTY02JAN2421950PE.NFO,02/01/2024,09:26:34,501.7,501.4,40,503.4,160,0,7480
FINNIFTY02JAN2421950PE.NFO,02/01/2024,09:26:35,501.7,503,80,504.85,80,0,7480
FINNIFTY02JAN2421950PE.NFO,02/01/2024,09:26:36,501.7,501.7,80,503.65,80,0,7480
FINNIFTY02JAN2421950PE.NFO,02/01/2024,09:26:37,501.7,500.95,80,503.05,40,0,7480
FINNIFTY02JAN2421950PE.NFO,02/01/2024,09:26:38,501.7,495.75,80,499.6,120,0,7480
FINNIFTY02JAN2421950PE.NFO,02/01/2024,09:26:39,501.7,491.75,80,497.35,200,0,7480
FINNIFTY02JAN2421950PE.NFO,02/01/2024,09:26:40,501.7,489.4,80,494,120,0,7480
FINNIFTY02JAN2421950PE.NFO,02/01/2024,09:26:41,501.7,491.25,80,494.15,120,0,7480
FINNIFTY02JAN2421950PE.NFO,02/01/2024,09:26:42,501.7,490.65,80,493.4,80,0,7480
FINNIFTY02JAN2421950PE.NFO,02/01/2024,09:26:43,501.7,490.3,80,492.55,120,0,7480
FINNIFTY02JAN2421950PE.NFO,02/01/2024,09:26:44,501.7,488.15,80,490.5,120,0,7480
FINNIFTY02JAN2421950PE.NFO,02/01/2024,09:26:45,501.7,483.35,80,487.05,240,0,7480
FINNIFTY02JAN2421950PE.NFO,02/01/2024,09:26:46,501.7,482.9,80,485.45,40,0,7480
FINNIFTY02JAN2421950PE.NFO,02/01/2024,09:26:47,501.7,481.5,80,484.2,80,0,7480
FINNIFTY02JAN2421950PE.NFO,02/01/2024,09:26:48,501.7,483.5,40,486.3,40,0,7480
FINNIFTY02JAN2421950PE.NFO,02/01/2024,09:26:49,501.7,484.75,80,487.7,40,0,7480
FINNIFTY02JAN2421950PE.NFO,02/01/2024,09:26:51,501.7,483.5,80,485.75,120,0,7480
FINNIFTY02JAN2421950PE.NFO,02/01/2024,09:26:52,501.7,484.2,80,486.8,40,0,7480
FINNIFTY02JAN2421950PE.NFO,02/01/2024,09:26:53,501.7,486.65,80,488.8,40,0,7480
FINNIFTY02JAN2421950PE.NFO,02/01/2024,09:26:54,501.7,485.85,80,488.55,360,0,7480
FINNIFTY02JAN2421950PE.NFO,02/01/2024,09:26:55,501.7,489.8,80,492.3,40,0,7480
FINNIFTY02JAN2421950PE.NFO,02/01/2024,09:26:56,501.7,490.15,120,492.45,40,0,7480
FINNIFTY02JAN2421950PE.NFO,02/01/2024,09:26:57,501.7,490.75,80,492.75,80,0,7480
FINNIFTY02JAN2421950PE.NFO,02/01/2024,09:26:58,501.7,492.25,80,494.15,40,0,7480
FINNIFTY02JAN2421950PE.NFO,02/01/2024,09:26:59,501.7,492.25,80,494.45,120,0,7480
FINNIFTY02JAN2421950PE.NFO,02/01/2024,09:27:00,501.7,491.3,160,493.4,120,0,7480
FINNIFTY02JAN2421950PE.NFO,02/01/2024,09:27:01,501.7,489.9,80,492.05,80,0,7480
FINNIFTY02JAN2421950PE.NFO,02/01/2024,09:27:02,501.7,489.5,80,492.1,40,0,7480
FINNIFTY02JAN2421950PE.NFO,02/01/2024,09:27:03,501.7,488.25,80,490.45,80,0,7480
FINNIFTY02JAN2421950PE.NFO,02/01/2024,09:27:04,501.7,487.1,80,489.35,40,0,7480
FINNIFTY02JAN2421950PE.NFO,02/01/2024,09:27:05,501.7,489.35,120,491.2,40,0,7480
FINNIFTY02JAN2421950PE.NFO,02/01/2024,09:27:06,501.7,489.55,120,491.6,120,0,7480
FINNIFTY02JAN2421950PE.NFO,02/01/2024,09:27:07,501.7,488.75,80,490.8,40,0,7480
FINNIFTY02JAN2421950PE.NFO,02/01/2024,09:27:08,486.9,484.45,80,488.25,360,200,7520
FINNIFTY02JAN2421950PE.NFO,02/01/2024,09:27:09,486.9,486.8,80,488.6,80,0,7520
FINNIFTY02JAN2421950PE.NFO,02/01/2024,09:27:10,486.9,487.8,120,489.75,40,0,7520
FINNIFTY02JAN2421950PE.NFO,02/01/2024,09:27:11,486.9,490.05,80,492.95,2600,0,7520
FINNIFTY02JAN2421950PE.NFO,02/01/2024,09:27:12,486.9,490.5,80,492.6,40,0,7520
FINNIFTY02JAN2421950PE.NFO,02/01/2024,09:27:13,486.9,487.3,80,489.4,160,0,7520
FINNIFTY02JAN2421950PE.NFO,02/01/2024,09:27:14,486.9,488.95,80,490.9,40,0,7520
FINNIFTY02JAN2421950PE.NFO,02/01/2024,09:27:15,486.9,490.7,80,492.6,40,0,7520
FINNIFTY02JAN2421950PE.NFO,02/01/2024,09:27:16,486.9,490.9,80,492.65,40,0,7520
FINNIFTY02JAN2421950PE.NFO,02/01/2024,09:27:17,486.9,490.65,160,492.85,200,0,7520
FINNIFTY02JAN2421950PE.NFO,02/01/2024,09:27:18,486.9,490.95,80,492.6,40,0,7520
FINNIFTY02JAN2421950PE.NFO,02/01/2024,09:27:19,486.9,491.2,80,492.95,80,0,7520
FINNIFTY02JAN2421950PE.NFO,02/01/2024,09:27:20,486.9,491.5,80,493.5,40,0,7520
FINNIFTY02JAN2421950PE.NFO,02/01/2024,09:27:21,486.9,490.4,80,492.15,40,0,7520
FINNIFTY02JAN2421950PE.NFO,02/01/2024,09:27:22,486.9,490.3,80,492.35,40,0,7520
FINNIFTY02JAN2421950PE.NFO,02/01/2024,09:27:23,486.9,490.1,120,491.65,40,0,7520
FINNIFTY02JAN2421950PE.NFO,02/01/2024,09:27:24,486.9,489.25,320,490.95,40,0,7520
FINNIFTY02JAN2421950PE.NFO,02/01/2024,09:27:25,486.9,491.5,80,493.5,120,0,7520
FINNIFTY02JAN2421950PE.NFO,02/01/2024,09:27:26,486.9,493.05,80,494.55,40,0,7520
FINNIFTY02JAN2421950PE.NFO,02/01/2024,09:27:27,486.9,494.5,80,496.1,200,0,7520
FINNIFTY02JAN2421950PE.NFO,02/01/2024,09:27:28,486.9,494.1,80,495.95,40,0,7520
FINNIFTY02JAN2421950PE.NFO,02/01/2024,09:27:29,486.9,494.4,80,495.95,40,0,7520
FINNIFTY02JAN2421950PE.NFO,02/01/2024,09:27:30,486.9,494.3,80,496,40,0,7520
FINNIFTY02JAN2421950PE.NFO,02/01/2024,09:27:31,486.9,494.4,160,496.15,40,0,7520
FINNIFTY02JAN2421950PE.NFO,02/01/2024,09:27:32,486.9,496.75,80,499.85,40,0,7520
FINNIFTY02JAN2421950PE.NFO,02/01/2024,09:27:33,486.9,495.75,80,497.35,40,0,7520
FINNIFTY02JAN2421950PE.NFO,02/01/2024,09:27:34,486.9,496.3,80,497.9,40,0,7520
FINNIFTY02JAN2421950PE.NFO,02/01/2024,09:27:35,486.9,494.55,80,496.5,80,0,7520
FINNIFTY02JAN2421950PE.NFO,02/01/2024,09:27:36,486.9,493,80,495,200,0,7520
FINNIFTY02JAN2421950PE.NFO,02/01/2024,09:27:37,486.9,492.15,80,493.85,40,0,7520
FINNIFTY02JAN2421950PE.NFO,02/01/2024,09:27:38,486.9,492.5,80,494.25,120,0,7520
FINNIFTY02JAN2421950PE.NFO,02/01/2024,09:27:39,486.9,492.7,120,494.3,40,0,7520
FINNIFTY02JAN2421950PE.NFO,02/01/2024,09:27:40,486.9,493.2,80,495.05,40,0,7520
FINNIFTY02JAN2421950PE.NFO,02/01/2024,09:27:41,486.9,492.85,80,495.15,40,0,7520
FINNIFTY02JAN2421950PE.NFO,02/01/2024,09:27:42,486.9,492.95,80,494.7,40,0,7520
FINNIFTY02JAN2421950PE.NFO,02/01/2024,09:27:43,486.9,491.85,80,493.55,80,0,7520
FINNIFTY02JAN2421950PE.NFO,02/01/2024,09:27:44,486.9,491.55,80,493.5,40,0,7520
FINNIFTY02JAN2421950PE.NFO,02/01/2024,09:27:45,486.9,493.35,80,494.9,40,0,7520
FINNIFTY02JAN2421950PE.NFO,02/01/2024,09:27:46,486.9,493.55,80,494.95,40,0,7520
FINNIFTY02JAN2421950PE.NFO,02/01/2024,09:27:48,486.9,493.7,120,495.35,40,0,7520
FINNIFTY02JAN2421950PE.NFO,02/01/2024,09:27:49,486.9,491.8,80,493.55,200,0,7520
FINNIFTY02JAN2421950PE.NFO,02/01/2024,09:27:50,486.9,491.5,120,492.85,40,0,7520
FINNIFTY02JAN2421950PE.NFO,02/01/2024,09:27:51,486.9,491.05,120,492.4,40,0,7520
FINNIFTY02JAN2421950PE.NFO,02/01/2024,09:27:52,486.9,485.25,80,490,120,0,7520
FINNIFTY02JAN2421950PE.NFO,02/01/2024,09:27:53,486.9,481.95,80,486.65,240,0,7520
FINNIFTY02JAN2421950PE.NFO,02/01/2024,09:27:54,486.9,485.7,120,487.8,80,0,7520
FINNIFTY02JAN2421950PE.NFO,02/01/2024,09:27:55,486.9,485.2,80,487.25,120,0,7520
FINNIFTY02JAN2421950PE.NFO,02/01/2024,09:27:56,486.9,484.8,80,486.9,320,0,7520
FINNIFTY02JAN2421950PE.NFO,02/01/2024,09:27:57,486.9,482.4,80,484.25,80,0,7520
FINNIFTY02JAN2421950PE.NFO,02/01/2024,09:27:58,477.35,474.75,80,483.05,40,160,7520
FINNIFTY02JAN2421950PE.NFO,02/01/2024,09:27:59,477.35,477.05,80,479.75,80,0,7520
FINNIFTY02JAN2421950PE.NFO,02/01/2024,09:28:00,477.35,478.15,80,480.3,80,0,7520
FINNIFTY02JAN2421950PE.NFO,02/01/2024,09:28:01,477.35,478.6,80,480.85,240,0,7520
FINNIFTY02JAN2421950PE.NFO,02/01/2024,09:28:02,477.35,479.8,80,482.4,120,0,7520
FINNIFTY02JAN2421950PE.NFO,02/01/2024,09:28:03,477.35,476.2,80,478.55,40,0,7520
FINNIFTY02JAN2421950PE.NFO,02/01/2024,09:28:04,477.35,475.9,80,477.95,80,0,7520
FINNIFTY02JAN2421950PE.NFO,02/01/2024,09:28:05,477.35,476.3,120,478.4,40,0,7520
FINNIFTY02JAN2421950PE.NFO,02/01/2024,09:28:06,477.35,478.1,80,480.05,40,0,7520
FINNIFTY02JAN2421950PE.NFO,02/01/2024,09:28:07,477.35,479.65,80,481.35,40,0,7520
FINNIFTY02JAN2421950PE.NFO,02/01/2024,09:28:08,477.35,479.8,80,481.55,40,0,7520
FINNIFTY02JAN2421950PE.NFO,02/01/2024,09:28:09,477.35,479.15,80,481.4,40,0,7520
FINNIFTY02JAN2421950PE.NFO,02/01/2024,09:28:10,477.35,480.65,80,482.4,40,0,7520
FINNIFTY02JAN2421950PE.NFO,02/01/2024,09:28:11,477.35,480.25,80,482.25,120,0,7520
FINNIFTY02JAN2421950PE.NFO,02/01/2024,09:28:12,477.35,480.65,80,482.5,40,0,7520
FINNIFTY02JAN2421950PE.NFO,02/01/2024,09:28:13,477.35,480.95,80,482.95,120,0,7520
FINNIFTY02JAN2421950PE.NFO,02/01/2024,09:28:14,477.35,481.4,80,483.7,40,0,7520
FINNIFTY02JAN2421950PE.NFO,02/01/2024,09:28:15,477.35,482.1,80,483.75,80,0,7520
FINNIFTY02JAN2421950PE.NFO,02/01/2024,09:28:16,477.35,481.95,80,484,360,0,7520
FINNIFTY02JAN2421950PE.NFO,02/01/2024,09:28:17,477.35,481.9,80,484.1,80,0,7520
FINNIFTY02JAN2421950PE.NFO,02/01/2024,09:28:18,477.35,482.4,80,484.25,120,0,7520
FINNIFTY02JAN2421950PE.NFO,02/01/2024,09:28:19,477.35,481.9,80,483.8,40,0,7520
FINNIFTY02JAN2421950PE.NFO,02/01/2024,09:28:20,477.35,483.05,80,485.25,600,0,7520
FINNIFTY02JAN2421950PE.NFO,02/01/2024,09:28:21,477.35,481.4,80,483.25,80,0,7520
FINNIFTY02JAN2421950PE.NFO,02/01/2024,09:28:22,477.35,481.7,80,483.4,120,0,7520
FINNIFTY02JAN2421950PE.NFO,02/01/2024,09:28:23,477.35,480.7,160,482.65,40,0,7520
FINNIFTY02JAN2421950PE.NFO,02/01/2024,09:28:24,477.35,471.6,120,481.9,120,0,7520
FINNIFTY02JAN2421950PE.NFO,02/01/2024,09:28:25,477.35,477.9,80,479.6,40,0,7520
FINNIFTY02JAN2421950PE.NFO,02/01/2024,09:28:26,477.35,479.1,80,481,40,0,7520
FINNIFTY02JAN2421950PE.NFO,02/01/2024,09:28:27,477.35,479.75,80,481.65,40,0,7520
FINNIFTY02JAN2421950PE.NFO,02/01/2024,09:28:28,477.35,480.25,160,482.1,40,0,7520
FINNIFTY02JAN2421950PE.NFO,02/01/2024,09:28:29,477.35,479.9,80,481.75,80,0,7520
FINNIFTY02JAN2421950PE.NFO,02/01/2024,09:28:30,477.35,479.25,80,481.05,40,0,7520
FINNIFTY02JAN2421950PE.NFO,02/01/2024,09:28:31,477.35,480.65,80,482.45,40,0,7520
FINNIFTY02JAN2421950PE.NFO,02/01/2024,09:28:32,477.35,481.05,200,482.95,120,0,7520
FINNIFTY02JAN2421950PE.NFO,02/01/2024,09:28:33,477.35,482.9,80,484.45,40,0,7520
FINNIFTY02JAN2421950PE.NFO,02/01/2024,09:28:34,477.35,483.55,80,485.3,40,0,7520
FINNIFTY02JAN2421950PE.NFO,02/01/2024,09:28:35,477.35,484.2,80,485.95,40,0,7520
FINNIFTY02JAN2421950PE.NFO,02/01/2024,09:28:36,477.35,483.5,80,485.15,40,0,7520
FINNIFTY02JAN2421950PE.NFO,02/01/2024,09:28:37,477.35,484,160,486.15,80,0,7520
FINNIFTY02JAN2421950PE.NFO,02/01/2024,09:28:38,477.35,485.4,80,487.25,40,0,7520
FINNIFTY02JAN2421950PE.NFO,02/01/2024,09:28:39,477.35,485.4,80,487.45,120,0,7520
FINNIFTY02JAN2421950PE.NFO,02/01/2024,09:28:40,477.35,484.65,80,486.4,40,0,7520
FINNIFTY02JAN2421950PE.NFO,02/01/2024,09:28:41,477.35,484.4,80,486.3,120,0,7520
FINNIFTY02JAN2421950PE.NFO,02/01/2024,09:28:42,477.35,484.45,80,486.25,80,0,7520
FINNIFTY02JAN2421950PE.NFO,02/01/2024,09:28:43,477.35,484.9,80,486.6,80,0,7520
FINNIFTY02JAN2421950PE.NFO,02/01/2024,09:28:44,477.35,485,80,486.9,80,0,7520
FINNIFTY02JAN2421950PE.NFO,02/01/2024,09:28:45,477.35,484.2,80,486.05,120,0,7520
FINNIFTY02JAN2421950PE.NFO,02/01/2024,09:28:46,477.35,483.95,80,485.7,40,0,7520
FINNIFTY02JAN2421950PE.NFO,02/01/2024,09:28:47,477.35,482.95,80,484.65,80,0,7520
FINNIFTY02JAN2421950PE.NFO,02/01/2024,09:28:48,477.35,483.15,120,485.55,160,0,7520
FINNIFTY02JAN2421950PE.NFO,02/01/2024,09:28:49,477.35,484.3,80,486.05,40,0,7520
FINNIFTY02JAN2421950PE.NFO,02/01/2024,09:28:50,477.35,484.05,120,485.7,80,0,7520
FINNIFTY02JAN2421950PE.NFO,02/01/2024,09:28:51,477.35,483.8,80,485.2,80,0,7520
FINNIFTY02JAN2421950PE.NFO,02/01/2024,09:28:52,477.35,483.8,80,485.7,240,0,7520
FINNIFTY02JAN2421950PE.NFO,02/01/2024,09:28:53,477.35,484.3,80,485.8,40,0,7520
FINNIFTY02JAN2421950PE.NFO,02/01/2024,09:28:54,477.35,484.15,80,485.65,40,0,7520
FINNIFTY02JAN2421950PE.NFO,02/01/2024,09:28:55,477.35,485.4,80,487.2,40,0,7520
FINNIFTY02JAN2421950PE.NFO,02/01/2024,09:28:56,477.35,486.1,80,487.8,80,0,7520
FINNIFTY02JAN2421950PE.NFO,02/01/2024,09:28:57,477.35,486.25,80,487.8,120,0,7520
FINNIFTY02JAN2421950PE.NFO,02/01/2024,09:28:58,477.35,486.25,80,487.65,80,0,7520
FINNIFTY02JAN2421950PE.NFO,02/01/2024,09:28:59,477.35,487,80,488.6,40,0,7520
FINNIFTY02JAN2421950PE.NFO,02/01/2024,09:29:00,477.35,487.8,80,490.1,40,0,7520
FINNIFTY02JAN2421950PE.NFO,02/01/2024,09:29:01,477.35,486.25,120,488.1,40,0,7520
FINNIFTY02JAN2421950PE.NFO,02/01/2024,09:29:02,477.35,487.95,80,489.65,40,0,7520
FINNIFTY02JAN2421950PE.NFO,02/01/2024,09:29:03,477.35,488.75,80,490.7,40,0,7520
FINNIFTY02JAN2421950PE.NFO,02/01/2024,09:29:04,477.35,488.05,80,490.1,360,0,7520
FINNIFTY02JAN2421950PE.NFO,02/01/2024,09:29:05,477.35,488.7,80,490.55,40,0,7520
FINNIFTY02JAN2421950PE.NFO,02/01/2024,09:29:06,477.35,489.35,80,491.05,120,0,7520
FINNIFTY02JAN2421950PE.NFO,02/01/2024,09:29:07,477.35,489,80,490.5,40,0,7520
FINNIFTY02JAN2421950PE.NFO,02/01/2024,09:29:08,477.35,489.25,80,490.65,40,0,7520
FINNIFTY02JAN2421950PE.NFO,02/01/2024,09:29:09,477.35,489.45,80,491.2,40,0,7520
FINNIFTY02JAN2421950PE.NFO,02/01/2024,09:29:10,477.35,487.85,40,490.1,40,0,7520
FINNIFTY02JAN2421950PE.NFO,02/01/2024,09:29:11,477.35,488,80,489.5,40,0,7520
FINNIFTY02JAN2421950PE.NFO,02/01/2024,09:29:12,477.35,485.9,80,487.85,80,0,7520
FINNIFTY02JAN2421950PE.NFO,02/01/2024,09:29:13,477.35,486.45,80,488.45,40,0,7520
FINNIFTY02JAN2421950PE.NFO,02/01/2024,09:29:14,477.35,486.85,80,488.2,40,0,7520
FINNIFTY02JAN2421950PE.NFO,02/01/2024,09:29:15,477.35,487.55,80,489.45,80,0,7520
FINNIFTY02JAN2421950PE.NFO,02/01/2024,09:29:16,477.35,488.35,80,489.8,80,0,7520
FINNIFTY02JAN2421950PE.NFO,02/01/2024,09:29:17,477.35,487.95,80,489.75,40,0,7520
FINNIFTY02JAN2421950PE.NFO,02/01/2024,09:29:18,477.35,488.9,120,490.6,40,0,7520
FINNIFTY02JAN2421950PE.NFO,02/01/2024,09:29:19,477.35,489.1,80,490.65,40,0,7520
FINNIFTY02JAN2421950PE.NFO,02/01/2024,09:29:20,477.35,489.8,80,491.5,40,0,7520
FINNIFTY02JAN2421950PE.NFO,02/01/2024,09:29:21,477.35,489.8,80,491.35,40,0,7520
FINNIFTY02JAN2421950PE.NFO,02/01/2024,09:29:22,477.35,489.9,80,491.85,80,0,7520
FINNIFTY02JAN2421950PE.NFO,02/01/2024,09:29:23,477.35,490.1,80,491.45,40,0,7520
FINNIFTY02JAN2421950PE.NFO,02/01/2024,09:29:24,477.35,489.65,80,491.25,120,0,7520
FINNIFTY02JAN2421950PE.NFO,02/01/2024,09:29:25,477.35,488.75,80,490.55,40,0,7520
FINNIFTY02JAN2421950PE.NFO,02/01/2024,09:29:26,477.35,490.6,80,492.45,120,0,7520
FINNIFTY02JAN2421950PE.NFO,02/01/2024,09:29:27,477.35,491.2,80,492.5,40,0,7520
FINNIFTY02JAN2421950PE.NFO,02/01/2024,09:29:28,477.35,491.3,80,492.55,40,0,7520
FINNIFTY02JAN2421950PE.NFO,02/01/2024,09:29:29,477.35,490.9,80,492.55,80,0,7520
FINNIFTY02JAN2421950PE.NFO,02/01/2024,09:29:30,477.35,489.9,80,491.7,200,0,7520
FINNIFTY02JAN2421950PE.NFO,02/01/2024,09:29:31,477.35,489.8,80,491.25,40,0,7520
FINNIFTY02JAN2421950PE.NFO,02/01/2024,09:29:32,477.35,489.8,80,491.45,40,0,7520
FINNIFTY02JAN2421950PE.NFO,02/01/2024,09:29:33,477.35,490.1,80,491.8,40,0,7520
FINNIFTY02JAN2421950PE.NFO,02/01/2024,09:29:34,477.35,490.25,80,491.7,40,0,7520
FINNIFTY02JAN2421950PE.NFO,02/01/2024,09:29:35,477.35,488.6,80,490.5,40,0,7520
FINNIFTY02JAN2421950PE.NFO,02/01/2024,09:29:36,477.35,487.75,80,489.35,40,0,7520
FINNIFTY02JAN2421950PE.NFO,02/01/2024,09:29:37,477.35,488.2,80,489.7,40,0,7520
FINNIFTY02JAN2421950PE.NFO,02/01/2024,09:29:38,477.35,488.3,120,489.7,40,0,7520
FINNIFTY02JAN2421950PE.NFO,02/01/2024,09:29:39,477.35,487.1,80,488.7,40,0,7520
FINNIFTY02JAN2421950PE.NFO,02/01/2024,09:29:40,477.35,486.95,40,488.35,40,0,7520
FINNIFTY02JAN2421950PE.NFO,02/01/2024,09:29:41,477.35,487,200,488.7,40,0,7520
FINNIFTY02JAN2421950PE.NFO,02/01/2024,09:29:42,477.35,487.35,80,488.95,40,0,7520
FINNIFTY02JAN2421950PE.NFO,02/01/2024,09:29:43,477.35,488.5,80,489.95,40,0,7520
FINNIFTY02JAN2421950PE.NFO,02/01/2024,09:29:44,477.35,488.45,80,490.1,40,0,7520
FINNIFTY02JAN2421950PE.NFO,02/01/2024,09:29:45,477.35,488.75,80,490.3,40,0,7520
FINNIFTY02JAN2421950PE.NFO,02/01/2024,09:29:46,477.35,489.25,80,490.5,40,0,7520
FINNIFTY02JAN2421950PE.NFO,02/01/2024,09:29:47,477.35,489.55,80,491.1,120,0,7520
FINNIFTY02JAN2421950PE.NFO,02/01/2024,09:29:48,477.35,489.15,80,490.9,40,0,7520
FINNIFTY02JAN2421950PE.NFO,02/01/2024,09:29:49,477.35,488.3,80,489.95,40,0,7520
FINNIFTY02JAN2421950PE.NFO,02/01/2024,09:29:50,477.35,488.6,80,490.2,120,0,7520
FINNIFTY02JAN2421950PE.NFO,02/01/2024,09:29:51,477.35,488.7,80,490.35,40,0,7520
FINNIFTY02JAN2421950PE.NFO,02/01/2024,09:29:52,477.35,488.15,80,489.45,40,0,7520
FINNIFTY02JAN2421950PE.NFO,02/01/2024,09:29:53,477.35,487.6,120,489,40,0,7520
FINNIFTY02JAN2421950PE.NFO,02/01/2024,09:29:54,477.35,487.9,80,489.75,200,0,7520
FINNIFTY02JAN2421950PE.NFO,02/01/2024,09:29:55,477.35,488.35,80,489.95,40,0,7520
FINNIFTY02JAN2421950PE.NFO,02/01/2024,09:29:56,477.35,488.7,120,490.15,40,0,7520
FINNIFTY02JAN2421950PE.NFO,02/01/2024,09:29:57,477.35,488.9,80,490.4,40,0,7520
FINNIFTY02JAN2421950PE.NFO,02/01/2024,09:29:58,477.35,489.25,80,490.9,40,0,7520
FINNIFTY02JAN2421950PE.NFO,02/01/2024,09:29:59,477.35,488.05,80,489.55,40,0,7520
FINNIFTY02JAN2421950PE.NFO,02/01/2024,09:30:00,477.35,487.35,120,489.7,320,0,7520
FINNIFTY02JAN2421950PE.NFO,02/01/2024,09:30:01,477.35,484.45,120,488.35,320,0,7520
FINNIFTY02JAN2421950PE.NFO,02/01/2024,09:30:02,477.35,487.65,80,489.4,40,0,7520
FINNIFTY02JAN2421950PE.NFO,02/01/2024,09:30:03,477.35,489.75,80,491.55,160,0,7520
FINNIFTY02JAN2421950PE.NFO,02/01/2024,09:30:04,477.35,490.65,80,492.2,40,0,7520
FINNIFTY02JAN2421950PE.NFO,02/01/2024,09:30:05,477.35,491.2,80,492.7,40,0,7520
FINNIFTY02JAN2421950PE.NFO,02/01/2024,09:30:06,477.35,491.3,120,492.9,120,0,7520
FINNIFTY02JAN2421950PE.NFO,02/01/2024,09:30:07,477.35,492.2,80,493.65,40,0,7520
FINNIFTY02JAN2421950PE.NFO,02/01/2024,09:30:08,477.35,491.45,80,493.2,40,0,7520
FINNIFTY02JAN2421950PE.NFO,02/01/2024,09:30:09,477.35,490.9,80,492.5,40,0,7520
FINNIFTY02JAN2421950PE.NFO,02/01/2024,09:30:10,477.35,490.4,80,491.95,40,0,7520
FINNIFTY02JAN2421950PE.NFO,02/01/2024,09:30:11,477.35,490.5,80,492.4,200,0,7520
FINNIFTY02JAN2421950PE.NFO,02/01/2024,09:30:12,477.35,489.65,160,491.4,40,0,7520
FINNIFTY02JAN2421950PE.NFO,02/01/2024,09:30:13,477.35,489.15,120,491,40,0,7520
FINNIFTY02JAN2421950PE.NFO,02/01/2024,09:30:14,477.35,486.35,80,488.35,80,0,7520
FINNIFTY02JAN2421950PE.NFO,02/01/2024,09:30:15,477.35,486.55,240,488.3,40,0,7520
FINNIFTY02JAN2421950PE.NFO,02/01/2024,09:30:16,477.35,487.2,80,488.7,160,0,7520
FINNIFTY02JAN2421950PE.NFO,02/01/2024,09:30:17,477.35,486.95,160,488.45,40,0,7520
FINNIFTY02JAN2421950PE.NFO,02/01/2024,09:30:18,477.35,485.3,80,487.25,440,0,7520
FINNIFTY02JAN2421950PE.NFO,02/01/2024,09:30:19,477.35,483.15,80,485.05,120,0,7520
FINNIFTY02JAN2421950PE.NFO,02/01/2024,09:30:20,477.35,484.25,80,486.15,40,0,7520
FINNIFTY02JAN2421950PE.NFO,02/01/2024,09:30:21,477.35,485.1,80,486.9,40,0,7520
FINNIFTY02JAN2421950PE.NFO,02/01/2024,09:30:22,477.35,485.4,80,487.5,40,0,7520
FINNIFTY02JAN2421950PE.NFO,02/01/2024,09:30:23,477.35,485.75,80,487.55,40,0,7520
FINNIFTY02JAN2421950PE.NFO,02/01/2024,09:30:24,477.35,486.15,120,487.85,40,0,7520
FINNIFTY02JAN2421950PE.NFO,02/01/2024,09:30:25,477.35,486.8,80,488.15,40,0,7520
FINNIFTY02JAN2421950PE.NFO,02/01/2024,09:30:27,477.35,487.85,80,489.1,40,0,7520
FINNIFTY02JAN2421950PE.NFO,02/01/2024,09:30:28,477.35,487.8,80,489.1,40,0,7520
FINNIFTY02JAN2421950PE.NFO,02/01/2024,09:30:29,477.35,487.9,80,489.2,40,0,7520
FINNIFTY02JAN2421950PE.NFO,02/01/2024,09:30:30,477.35,489,80,490.7,40,0,7520
FINNIFTY02JAN2421950PE.NFO,02/01/2024,09:30:31,477.35,489.6,80,491.35,40,0,7520
FINNIFTY02JAN2421950PE.NFO,02/01/2024,09:30:32,477.35,490.05,80,491.5,80,0,7520
FINNIFTY02JAN2421950PE.NFO,02/01/2024,09:30:33,477.35,488.95,80,490.7,40,0,7520
FINNIFTY02JAN2421950PE.NFO,02/01/2024,09:30:34,477.35,488.6,80,490.25,80,0,7520
FINNIFTY02JAN2421950PE.NFO,02/01/2024,09:30:35,477.35,488.9,80,490.2,40,0,7520
FINNIFTY02JAN2421950PE.NFO,02/01/2024,09:30:36,477.35,488.8,80,490.1,40,0,7520
FINNIFTY02JAN2421950PE.NFO,02/01/2024,09:30:37,477.35,488.45,80,490,40,0,7520
FINNIFTY02JAN2421950PE.NFO,02/01/2024,09:30:38,477.35,489.45,80,490.9,120,0,7520
FINNIFTY02JAN2421950PE.NFO,02/01/2024,09:30:39,477.35,488.8,80,490.5,40,0,7520
FINNIFTY02JAN2421950PE.NFO,02/01/2024,09:30:40,477.35,486.25,160,488.55,40,0,7520
FINNIFTY02JAN2421950PE.NFO,02/01/2024,09:30:41,477.35,486.35,80,488.2,240,0,7520
FINNIFTY02JAN2421950PE.NFO,02/01/2024,09:30:42,477.35,487.05,80,488.6,40,0,7520
FINNIFTY02JAN2421950PE.NFO,02/01/2024,09:30:43,477.35,488.05,160,489.6,40,0,7520
FINNIFTY02JAN2421950PE.NFO,02/01/2024,09:30:44,477.35,487.85,80,489.5,40,0,7520
FINNIFTY02JAN2421950PE.NFO,02/01/2024,09:30:45,477.35,487.5,80,488.85,40,0,7520
FINNIFTY02JAN2421950PE.NFO,02/01/2024,09:30:46,477.35,487.7,120,489.15,40,0,7520
FINNIFTY02JAN2421950PE.NFO,02/01/2024,09:30:47,477.35,487.95,80,489.3,40,0,7520
FINNIFTY02JAN2421950PE.NFO,02/01/2024,09:30:48,477.35,487.5,80,489.15,40,0,7520
FINNIFTY02JAN2421950PE.NFO,02/01/2024,09:30:50,477.35,488,80,489.45,40,0,7520
FINNIFTY02JAN2421950PE.NFO,02/01/2024,09:30:51,477.35,487.75,80,489.25,40,0,7520
FINNIFTY02JAN2421950PE.NFO,02/01/2024,09:30:51,477.35,488.15,80,489.75,80,0,7520
FINNIFTY02JAN2421950PE.NFO,02/01/2024,09:30:52,477.35,487.8,80,489.4,40,0,7520
FINNIFTY02JAN2421950PE.NFO,02/01/2024,09:30:53,477.35,488.1,280,489.85,40,0,7520
FINNIFTY02JAN2421950PE.NFO,02/01/2024,09:30:54,477.35,488.5,120,490,40,0,7520
FINNIFTY02JAN2421950PE.NFO,02/01/2024,09:30:55,477.35,488.65,80,490,80,0,7520
FINNIFTY02JAN2421950PE.NFO,02/01/2024,09:30:57,477.35,489.3,80,490.65,40,0,7520
FINNIFTY02JAN2421950PE.NFO,02/01/2024,09:30:57,477.35,489.35,80,491.05,40,0,7520
FINNIFTY02JAN2421950PE.NFO,02/01/2024,09:30:58,477.35,489.35,80,490.65,40,0,7520
FINNIFTY02JAN2421950PE.NFO,02/01/2024,09:30:59,477.35,489.85,80,491.35,80,0,7520
FINNIFTY02JAN2421950PE.NFO,02/01/2024,09:31:00,477.35,490.65,80,492.05,80,0,7520
FINNIFTY02JAN2421950PE.NFO,02/01/2024,09:31:02,477.35,490.5,80,491.95,40,0,7520
FINNIFTY02JAN2421950PE.NFO,02/01/2024,09:31:02,477.35,491,80,492.25,40,0,7520
FINNIFTY02JAN2421950PE.NFO,02/01/2024,09:31:03,477.35,491.2,80,492.65,40,0,7520
FINNIFTY02JAN2421950PE.NFO,02/01/2024,09:31:04,477.35,491.8,80,493.4,40,0,7520
FINNIFTY02JAN2421950PE.NFO,02/01/2024,09:31:05,477.35,492.1,120,493.5,40,0,7520
FINNIFTY02JAN2421950PE.NFO,02/01/2024,09:31:06,477.35,491.95,160,493.55,40,0,7520
FINNIFTY02JAN2421950PE.NFO,02/01/2024,09:31:08,477.35,491.85,80,493.25,40,0,7520
FINNIFTY02JAN2421950PE.NFO,02/01/2024,09:31:09,477.35,491.25,160,492.85,40,0,7520
FINNIFTY02JAN2421950PE.NFO,02/01/2024,09:31:09,477.35,491.45,80,492.75,40,0,7520
FINNIFTY02JAN2421950PE.NFO,02/01/2024,09:31:10,477.35,491.2,80,492.75,40,0,7520
FINNIFTY02JAN2421950PE.NFO,02/01/2024,09:31:11,477.35,490.45,200,492.25,40,0,7520
FINNIFTY02JAN2421950PE.NFO,02/01/2024,09:31:12,477.35,492.3,120,494,40,0,7520
FINNIFTY02JAN2421950PE.NFO,02/01/2024,09:31:14,477.35,493.45,80,494.85,40,0,7520
FINNIFTY02JAN2421950PE.NFO,02/01/2024,09:31:14,477.35,494.25,80,496.15,40,0,7520
FINNIFTY02JAN2421950PE.NFO,02/01/2024,09:31:15,477.35,495,120,496.65,40,0,7520
FINNIFTY02JAN2421950PE.NFO,02/01/2024,09:31:16,477.35,495.35,80,497.05,200,0,7520
FINNIFTY02JAN2421950PE.NFO,02/01/2024,09:31:17,477.35,494,80,495.3,40,0,7520
FINNIFTY02JAN2421950PE.NFO,02/01/2024,09:31:18,477.35,493.8,80,495.4,80,0,7520
FINNIFTY02JAN2421950PE.NFO,02/01/2024,09:31:20,477.35,493.2,80,494.75,40,0,7520
FINNIFTY02JAN2421950PE.NFO,02/01/2024,09:31:20,477.35,493.4,80,495.15,40,0,7520
FINNIFTY02JAN2421950PE.NFO,02/01/2024,09:31:21,477.35,494.3,80,495.85,40,0,7520
FINNIFTY02JAN2421950PE.NFO,02/01/2024,09:31:22,477.35,493.25,80,494.75,40,0,7520
FINNIFTY02JAN2421950PE.NFO,02/01/2024,09:31:23,477.35,492.55,80,494.2,40,0,7520
FINNIFTY02JAN2421950PE.NFO,02/01/2024,09:31:25,477.35,493.15,80,494.6,40,0,7520
FINNIFTY02JAN2421950PE.NFO,02/01/2024,09:31:25,477.35,493.25,160,494.9,40,0,7520
FINNIFTY02JAN2421950PE.NFO,02/01/2024,09:31:26,477.35,490.15,80,492.15,40,0,7520
FINNIFTY02JAN2421950PE.NFO,02/01/2024,09:31:27,477.35,490.1,80,491.7,40,0,7520
FINNIFTY02JAN2421950PE.NFO,02/01/2024,09:31:28,477.35,490.75,80,492.25,80,0,7520
FINNIFTY02JAN2421950PE.NFO,02/01/2024,09:31:30,477.35,491.45,80,493,40,0,7520
FINNIFTY02JAN2421950PE.NFO,02/01/2024,09:31:30,477.35,491.4,240,493,40,0,7520
FINNIFTY02JAN2421950PE.NFO,02/01/2024,09:31:31,477.35,491.3,120,492.9,40,0,7520
FINNIFTY02JAN2421950PE.NFO,02/01/2024,09:31:32,477.35,492.5,80,494.2,200,0,7520
FINNIFTY02JAN2421950PE.NFO,02/01/2024,09:31:33,477.35,491.8,80,493.3,40,0,7520
FINNIFTY02JAN2421950PE.NFO,02/01/2024,09:31:34,477.35,493.25,80,495.1,280,0,7520
FINNIFTY02JAN2421950PE.NFO,02/01/2024,09:31:35,477.35,494,80,495.45,40,0,7520
FINNIFTY02JAN2421950PE.NFO,02/01/2024,09:31:36,477.35,493.65,80,495.1,40,0,7520
FINNIFTY02JAN2421950PE.NFO,02/01/2024,09:31:37,477.35,493.95,120,495.55,40,0,7520
FINNIFTY02JAN2421950PE.NFO,02/01/2024,09:31:38,477.35,494.05,80,495.35,40,0,7520
FINNIFTY02JAN2421950PE.NFO,02/01/2024,09:31:39,477.35,494.15,80,495.6,40,0,7520
FINNIFTY02JAN2421950PE.NFO,02/01/2024,09:31:41,477.35,494.5,120,495.95,80,0,7520
FINNIFTY02JAN2421950PE.NFO,02/01/2024,09:31:42,477.35,494.95,80,496.65,40,0,7520
FINNIFTY02JAN2421950PE.NFO,02/01/2024,09:31:42,477.35,495.3,80,496.8,40,0,7520
FINNIFTY02JAN2421950PE.NFO,02/01/2024,09:31:43,477.35,495,80,496.55,40,0,7520
FINNIFTY02JAN2421950PE.NFO,02/01/2024,09:31:44,477.35,494.55,80,495.95,40,0,7520
FINNIFTY02JAN2421950PE.NFO,02/01/2024,09:31:45,477.35,494.3,80,495.9,40,0,7520
FINNIFTY02JAN2421950PE.NFO,02/01/2024,09:31:46,477.35,493.65,80,495.35,40,0,7520
FINNIFTY02JAN2421950PE.NFO,02/01/2024,09:31:47,477.35,493.75,80,495.3,40,0,7520
FINNIFTY02JAN2421950PE.NFO,02/01/2024,09:31:48,477.35,493.2,200,495,40,0,7520
FINNIFTY02JAN2421950PE.NFO,02/01/2024,09:31:50,477.35,493.25,80,494.6,40,0,7520
FINNIFTY02JAN2421950PE.NFO,02/01/2024,09:31:50,477.35,493.25,80,494.55,40,0,7520
FINNIFTY02JAN2421950PE.NFO,02/01/2024,09:31:51,477.35,493.85,80,495.15,40,0,7520
FINNIFTY02JAN2421950PE.NFO,02/01/2024,09:31:52,477.35,494.55,80,495.9,40,0,7520
FINNIFTY02JAN2421950PE.NFO,02/01/2024,09:31:53,477.35,495.25,80,496.65,40,0,7520
FINNIFTY02JAN2421950PE.NFO,02/01/2024,09:31:55,477.35,496.3,80,498.1,80,0,7520
FINNIFTY02JAN2421950PE.NFO,02/01/2024,09:31:55,477.35,495.9,80,497.7,40,0,7520
FINNIFTY02JAN2421950PE.NFO,02/01/2024,09:31:56,477.35,496.3,80,497.95,40,0,7520
FINNIFTY02JAN2421950PE.NFO,02/01/2024,09:31:57,477.35,495.9,400,497.75,120,0,7520
FINNIFTY02JAN2421950PE.NFO,02/01/2024,09:31:58,477.35,495.2,80,496.7,40,0,7520
FINNIFTY02JAN2421950PE.NFO,02/01/2024,09:31:59,477.35,495,200,496.55,40,0,7520
FINNIFTY02JAN2421950PE.NFO,02/01/2024,09:32:01,477.35,495.65,80,497.25,40,0,7520
FINNIFTY02JAN2421950PE.NFO,02/01/2024,09:32:01,477.35,495.95,80,497.25,40,0,7520
FINNIFTY02JAN2421950PE.NFO,02/01/2024,09:32:02,477.35,496.05,80,497.35,40,0,7520
FINNIFTY02JAN2421950PE.NFO,02/01/2024,09:32:03,477.35,496.5,80,498.2,120,0,7520
FINNIFTY02JAN2421950PE.NFO,02/01/2024,09:32:04,477.35,498.1,80,499.45,40,0,7520
FINNIFTY02JAN2421950PE.NFO,02/01/2024,09:32:06,477.35,497.45,80,498.8,40,0,7520
FINNIFTY02JAN2421950PE.NFO,02/01/2024,09:32:06,477.35,497.8,80,499.3,40,0,7520
FINNIFTY02JAN2421950PE.NFO,02/01/2024,09:32:07,477.35,497.35,80,498.85,40,0,7520
FINNIFTY02JAN2421950PE.NFO,02/01/2024,09:32:08,477.35,497.65,80,499.25,80,0,7520
FINNIFTY02JAN2421950PE.NFO,02/01/2024,09:32:09,477.35,498.1,80,499.25,40,0,7520
FINNIFTY02JAN2421950PE.NFO,02/01/2024,09:32:10,477.35,497.4,120,499.25,80,0,7520
FINNIFTY02JAN2421950PE.NFO,02/01/2024,09:32:12,477.35,496.85,80,498.4,40,0,7520
FINNIFTY02JAN2421950PE.NFO,02/01/2024,09:32:12,477.35,496.3,360,498,120,0,7520
FINNIFTY02JAN2421950PE.NFO,02/01/2024,09:32:13,477.35,495.1,120,496.95,40,0,7520
FINNIFTY02JAN2421950PE.NFO,02/01/2024,09:32:14,477.35,496.6,80,497.8,40,0,7520
FINNIFTY02JAN2421950PE.NFO,02/01/2024,09:32:15,477.35,497.55,80,498.8,40,0,7520
FINNIFTY02JAN2421950PE.NFO,02/01/2024,09:32:17,477.35,497.8,80,499.05,40,0,7520
FINNIFTY02JAN2421950PE.NFO,02/01/2024,09:32:17,477.35,497.9,80,499,40,0,7520
FINNIFTY02JAN2421950PE.NFO,02/01/2024,09:32:18,477.35,498.9,80,500.65,40,0,7520
FINNIFTY02JAN2421950PE.NFO,02/01/2024,09:32:19,477.35,500.6,80,502.3,40,0,7520
FINNIFTY02JAN2421950PE.NFO,02/01/2024,09:32:20,477.35,500.2,80,501.9,40,0,7520
FINNIFTY02JAN2421950PE.NFO,02/01/2024,09:32:21,477.35,500.1,80,501.65,40,0,7520
FINNIFTY02JAN2421950PE.NFO,02/01/2024,09:32:22,477.35,500,80,501.45,40,0,7520
FINNIFTY02JAN2421950PE.NFO,02/01/2024,09:32:24,477.35,500.65,80,502.3,40,0,7520
FINNIFTY02JAN2421950PE.NFO,02/01/2024,09:32:25,477.35,500.75,80,502.15,40,0,7520
FINNIFTY02JAN2421950PE.NFO,02/01/2024,09:32:25,477.35,500.7,80,502.15,40,0,7520
FINNIFTY02JAN2421950PE.NFO,02/01/2024,09:32:26,477.35,499.85,120,501.7,120,0,7520
FINNIFTY02JAN2421950PE.NFO,02/01/2024,09:32:27,477.35,499.55,80,501.05,40,0,7520
FINNIFTY02JAN2421950PE.NFO,02/01/2024,09:32:28,477.35,499.1,80,500.5,40,0,7520
FINNIFTY02JAN2421950PE.NFO,02/01/2024,09:32:30,477.35,498,80,499.5,40,0,7520
FINNIFTY02JAN2421950PE.NFO,02/01/2024,09:32:30,477.35,497.9,200,499.6,40,0,7520
FINNIFTY02JAN2421950PE.NFO,02/01/2024,09:32:31,477.35,498.2,120,499.7,40,0,7520
FINNIFTY02JAN2421950PE.NFO,02/01/2024,09:32:33,477.35,498.8,80,500,40,0,7520
FINNIFTY02JAN2421950PE.NFO,02/01/2024,09:32:33,477.35,498.8,120,500.15,80,0,7520
FINNIFTY02JAN2421950PE.NFO,02/01/2024,09:32:34,477.35,498.5,80,499.9,40,0,7520
FINNIFTY02JAN2421950PE.NFO,02/01/2024,09:32:35,477.35,499.35,80,500.85,40,0,7520
FINNIFTY02JAN2421950PE.NFO,02/01/2024,09:32:36,477.35,499.55,80,501.1,80,0,7520
FINNIFTY02JAN2421950PE.NFO,02/01/2024,09:32:37,477.35,500.3,80,502,40,0,7520
FINNIFTY02JAN2421950PE.NFO,02/01/2024,09:32:38,477.35,500.85,80,502.5,40,0,7520
FINNIFTY02JAN2421950PE.NFO,02/01/2024,09:32:39,477.35,501.15,80,502.7,40,0,7520
FINNIFTY02JAN2421950PE.NFO,02/01/2024,09:32:40,477.35,501.3,80,503.05,200,0,7520
FINNIFTY02JAN2421950PE.NFO,02/01/2024,09:32:41,477.35,500.65,80,502.05,40,0,7520
FINNIFTY02JAN2421950PE.NFO,02/01/2024,09:32:42,477.35,500.7,80,502.3,40,0,7520
FINNIFTY02JAN2421950PE.NFO,02/01/2024,09:32:43,477.35,501.6,120,503.25,40,0,7520
FINNIFTY02JAN2421950PE.NFO,02/01/2024,09:32:44,477.35,500.6,80,502.4,80,0,7520
FINNIFTY02JAN2421950PE.NFO,02/01/2024,09:32:45,477.35,501.45,80,502.95,40,0,7520
FINNIFTY02JAN2421950PE.NFO,02/01/2024,09:32:46,477.35,501.1,120,502.7,40,0,7520
FINNIFTY02JAN2421950PE.NFO,02/01/2024,09:32:47,477.35,500.7,80,502.15,40,0,7520
FINNIFTY02JAN2421950PE.NFO,02/01/2024,09:32:48,477.35,499.05,80,501.05,120,0,7520
FINNIFTY02JAN2421950PE.NFO,02/01/2024,09:32:49,477.35,499.15,80,500.9,40,0,7520
FINNIFTY02JAN2421950PE.NFO,02/01/2024,09:32:50,477.35,498.5,80,500.05,80,0,7520
FINNIFTY02JAN2421950PE.NFO,02/01/2024,09:32:51,477.35,499.85,80,501.45,40,0,7520
FINNIFTY02JAN2421950PE.NFO,02/01/2024,09:32:52,477.35,499.5,120,501.1,40,0,7520
FINNIFTY02JAN2421950PE.NFO,02/01/2024,09:32:53,477.35,499.6,80,501.65,120,0,7520
FINNIFTY02JAN2421950PE.NFO,02/01/2024,09:32:54,477.35,499.3,120,501.05,40,0,7520
FINNIFTY02JAN2421950PE.NFO,02/01/2024,09:32:55,477.35,499.7,80,501,40,0,7520
FINNIFTY02JAN2421950PE.NFO,02/01/2024,09:32:57,477.35,499.8,80,501,40,0,7520
FINNIFTY02JAN2421950PE.NFO,02/01/2024,09:32:58,477.35,499.75,80,501,40,0,7520
FINNIFTY02JAN2421950PE.NFO,02/01/2024,09:32:59,477.35,499.4,80,501.25,80,0,7520
FINNIFTY02JAN2421950PE.NFO,02/01/2024,09:33:00,477.35,498.9,80,500.75,40,0,7520
FINNIFTY02JAN2421950PE.NFO,02/01/2024,09:33:01,477.35,498.2,80,500.1,40,0,7520
FINNIFTY02JAN2421950PE.NFO,02/01/2024,09:33:02,477.35,498.1,80,499.7,40,0,7520
FINNIFTY02JAN2421950PE.NFO,02/01/2024,09:33:03,477.35,497.6,80,499.05,40,0,7520
FINNIFTY02JAN2421950PE.NFO,02/01/2024,09:33:04,477.35,497.8,80,499,40,0,7520
FINNIFTY02JAN2421950PE.NFO,02/01/2024,09:33:05,477.35,498.05,80,499.3,40,0,7520
FINNIFTY02JAN2421950PE.NFO,02/01/2024,09:33:06,477.35,497.95,80,499.3,40,0,7520
FINNIFTY02JAN2421950PE.NFO,02/01/2024,09:33:07,477.35,498.15,80,499.4,40,0,7520
FINNIFTY02JAN2421950PE.NFO,02/01/2024,09:33:07,477.35,498.45,80,500,40,0,7520
FINNIFTY02JAN2421950PE.NFO,02/01/2024,09:33:08,477.35,498.4,80,499.9,80,0,7520
FINNIFTY02JAN2421950PE.NFO,02/01/2024,09:33:09,477.35,498.35,80,499.75,40,0,7520
FINNIFTY02JAN2421950PE.NFO,02/01/2024,09:33:11,477.35,498.6,80,499.9,80,0,7520
FINNIFTY02JAN2421950PE.NFO,02/01/2024,09:33:12,477.35,499,80,500.15,40,0,7520
FINNIFTY02JAN2421950PE.NFO,02/01/2024,09:33:12,477.35,499.05,80,500.15,40,0,7520
FINNIFTY02JAN2421950PE.NFO,02/01/2024,09:33:13,477.35,499.5,80,500.85,40,0,7520
FINNIFTY02JAN2421950PE.NFO,02/01/2024,09:33:14,477.35,500.65,80,502,40,0,7520
FINNIFTY02JAN2421950PE.NFO,02/01/2024,09:33:15,477.35,501.55,120,503.35,40,0,7520
FINNIFTY02JAN2421950PE.NFO,02/01/2024,09:33:17,477.35,502.1,80,503.8,120,0,7520
FINNIFTY02JAN2421950PE.NFO,02/01/2024,09:33:18,477.35,501.6,80,503.2,40,0,7520
FINNIFTY02JAN2421950PE.NFO,02/01/2024,09:33:18,477.35,501.25,80,502.8,80,0,7520
FINNIFTY02JAN2421950PE.NFO,02/01/2024,09:33:19,477.35,500.05,120,501.9,80,0,7520
FINNIFTY02JAN2421950PE.NFO,02/01/2024,09:33:20,477.35,500.7,80,502.6,40,0,7520
FINNIFTY02JAN2421950PE.NFO,02/01/2024,09:33:22,477.35,500.9,80,502.3,40,0,7520
FINNIFTY02JAN2421950PE.NFO,02/01/2024,09:33:23,477.35,500.75,80,502.5,280,0,7520
FINNIFTY02JAN2421950PE.NFO,02/01/2024,09:33:23,477.35,501.05,80,502.65,40,0,7520
FINNIFTY02JAN2421950PE.NFO,02/01/2024,09:33:24,477.35,502.05,120,503.5,40,0,7520
FINNIFTY02JAN2421950PE.NFO,02/01/2024,09:33:25,477.35,503.5,120,505.6,40,0,7520
FINNIFTY02JAN2421950PE.NFO,02/01/2024,09:33:27,477.35,503,80,504.45,40,0,7520
FINNIFTY02JAN2421950PE.NFO,02/01/2024,09:33:28,477.35,502.95,80,504.6,40,0,7520
FINNIFTY02JAN2421950PE.NFO,02/01/2024,09:33:28,477.35,503.15,80,504.35,40,0,7520
FINNIFTY02JAN2421950PE.NFO,02/01/2024,09:33:29,477.35,503.35,120,505.05,40,0,7520
FINNIFTY02JAN2421950PE.NFO,02/01/2024,09:33:30,477.35,501.6,80,503.15,40,0,7520
FINNIFTY02JAN2421950PE.NFO,02/01/2024,09:33:32,477.35,501.55,80,502.75,40,0,7520
FINNIFTY02JAN2421950PE.NFO,02/01/2024,09:33:33,477.35,500.75,80,502.2,40,0,7520
FINNIFTY02JAN2421950PE.NFO,02/01/2024,09:33:33,477.35,500.6,80,502.1,40,0,7520
FINNIFTY02JAN2421950PE.NFO,02/01/2024,09:33:34,477.35,501.2,160,502.6,40,0,7520
FINNIFTY02JAN2421950PE.NFO,02/01/2024,09:33:35,477.35,501.7,80,503.05,40,0,7520
FINNIFTY02JAN2421950PE.NFO,02/01/2024,09:33:37,477.35,501.5,80,502.7,40,0,7520
FINNIFTY02JAN2421950PE.NFO,02/01/2024,09:33:38,477.35,499.45,80,501.15,40,0,7520
FINNIFTY02JAN2421950PE.NFO,02/01/2024,09:33:39,477.35,500.65,80,502.2,40,0,7520
FINNIFTY02JAN2421950PE.NFO,02/01/2024,09:33:39,477.35,500.5,80,502.1,40,0,7520
FINNIFTY02JAN2421950PE.NFO,02/01/2024,09:33:40,477.35,500.7,240,502.2,120,0,7520
FINNIFTY02JAN2421950PE.NFO,02/01/2024,09:33:41,477.35,500.55,80,502.35,40,0,7520
FINNIFTY02JAN2421950PE.NFO,02/01/2024,09:33:43,477.35,499.1,360,500.95,240,0,7520
FINNIFTY02JAN2421950PE.NFO,02/01/2024,09:33:44,477.35,498.85,80,500.45,40,0,7520
FINNIFTY02JAN2421950PE.NFO,02/01/2024,09:33:45,477.35,498,80,499.95,80,0,7520
FINNIFTY02JAN2421950PE.NFO,02/01/2024,09:33:46,477.35,499.4,80,500.8,40,0,7520
FINNIFTY02JAN2421950PE.NFO,02/01/2024,09:33:47,477.35,498.75,120,500.4,40,0,7520
FINNIFTY02JAN2421950PE.NFO,02/01/2024,09:33:49,477.35,498.75,80,499.95,40,0,7520
FINNIFTY02JAN2421950PE.NFO,02/01/2024,09:33:50,477.35,497.25,240,498.85,120,0,7520
FINNIFTY02JAN2421950PE.NFO,02/01/2024,09:33:51,477.35,496,80,497.4,40,0,7520
FINNIFTY02JAN2421950PE.NFO,02/01/2024,09:33:52,477.35,495.65,80,497.2,120,0,7520
FINNIFTY02JAN2421950PE.NFO,02/01/2024,09:33:53,477.35,494.1,160,496.05,40,0,7520
FINNIFTY02JAN2421950PE.NFO,02/01/2024,09:33:54,477.35,494.3,80,495.95,120,0,7520
FINNIFTY02JAN2421950PE.NFO,02/01/2024,09:33:55,477.35,495.1,80,496.85,40,0,7520
FINNIFTY02JAN2421950PE.NFO,02/01/2024,09:33:56,477.35,494.4,80,496,40,0,7520
FINNIFTY02JAN2421950PE.NFO,02/01/2024,09:33:57,477.35,494.85,80,496.4,80,0,7520
FINNIFTY02JAN2421950PE.NFO,02/01/2024,09:33:58,477.35,494.6,80,496.45,120,0,7520
FINNIFTY02JAN2421950PE.NFO,02/01/2024,09:33:59,477.35,495.15,160,496.85,40,0,7520
FINNIFTY02JAN2421950PE.NFO,02/01/2024,09:34:00,477.35,496.05,80,497.7,120,0,7520
FINNIFTY02JAN2421950PE.NFO,02/01/2024,09:34:00,477.35,495.75,80,497.55,120,0,7520
FINNIFTY02JAN2421950PE.NFO,02/01/2024,09:34:01,477.35,495.65,80,497.2,80,0,7520
FINNIFTY02JAN2421950PE.NFO,02/01/2024,09:34:02,477.35,496.95,80,498.65,40,0,7520
FINNIFTY02JAN2421950PE.NFO,02/01/2024,09:34:04,477.35,497.15,80,498.75,80,0,7520
FINNIFTY02JAN2421950PE.NFO,02/01/2024,09:34:05,477.35,497.15,80,498.5,40,0,7520
FINNIFTY02JAN2421950PE.NFO,02/01/2024,09:34:06,477.35,497.55,80,498.9,40,0,7520
FINNIFTY02JAN2421950PE.NFO,02/01/2024,09:34:07,477.35,497.75,80,499.3,40,0,7520
FINNIFTY02JAN2421950PE.NFO,02/01/2024,09:34:07,477.35,497.75,80,499.45,120,0,7520
FINNIFTY02JAN2421950PE.NFO,02/01/2024,09:34:08,477.35,497.95,80,499.5,40,0,7520
FINNIFTY02JAN2421950PE.NFO,02/01/2024,09:34:09,477.35,498.05,120,499.55,40,0,7520
FINNIFTY02JAN2421950PE.NFO,02/01/2024,09:34:11,477.35,498.55,80,500.2,40,0,7520
FINNIFTY02JAN2421950PE.NFO,02/01/2024,09:34:12,477.35,498.55,80,499.85,40,0,7520
FINNIFTY02JAN2421950PE.NFO,02/01/2024,09:34:12,477.35,498.75,80,500.05,40,0,7520
FINNIFTY02JAN2421950PE.NFO,02/01/2024,09:34:13,477.35,498.3,80,499.65,40,0,7520
FINNIFTY02JAN2421950PE.NFO,02/01/2024,09:34:14,477.35,498.15,80,499.3,40,0,7520
FINNIFTY02JAN2421950PE.NFO,02/01/2024,09:34:16,477.35,498.3,80,499.55,40,0,7520
FINNIFTY02JAN2421950PE.NFO,02/01/2024,09:34:17,477.35,498.95,80,500.45,40,0,7520
FINNIFTY02JAN2421950PE.NFO,02/01/2024,09:34:18,477.35,498.25,120,499.75,40,0,7520
FINNIFTY02JAN2421950PE.NFO,02/01/2024,09:34:18,477.35,498.6,80,500.2,40,0,7520
FINNIFTY02JAN2421950PE.NFO,02/01/2024,09:34:19,477.35,499.75,80,501.1,40,0,7520
FINNIFTY02JAN2421950PE.NFO,02/01/2024,09:34:20,477.35,499.4,80,501,40,0,7520
FINNIFTY02JAN2421950PE.NFO,02/01/2024,09:34:22,477.35,500.5,80,501.8,40,0,7520
FINNIFTY02JAN2421950PE.NFO,02/01/2024,09:34:23,477.35,500.8,120,502.25,40,0,7520
FINNIFTY02JAN2421950PE.NFO,02/01/2024,09:34:23,477.35,500.9,80,502.1,40,0,7520
FINNIFTY02JAN2421950PE.NFO,02/01/2024,09:34:24,477.35,502.4,80,504,40,0,7520
FINNIFTY02JAN2421950PE.NFO,02/01/2024,09:34:25,477.35,502.85,80,504.75,1600,0,7520
FINNIFTY02JAN2421950PE.NFO,02/01/2024,09:34:26,477.35,502.95,80,504.25,40,0,7520
FINNIFTY02JAN2421950PE.NFO,02/01/2024,09:34:27,477.35,502.05,80,503.6,40,0,7520
FINNIFTY02JAN2421950PE.NFO,02/01/2024,09:34:29,477.35,501.9,80,503.3,40,0,7520
FINNIFTY02JAN2421950PE.NFO,02/01/2024,09:34:30,477.35,503,120,504.45,120,0,7520
FINNIFTY02JAN2421950PE.NFO,02/01/2024,09:34:30,477.35,502.95,160,504.25,40,0,7520
FINNIFTY02JAN2421950PE.NFO,02/01/2024,09:34:31,477.35,502.4,80,503.9,40,0,7520
FINNIFTY02JAN2421950PE.NFO,02/01/2024,09:34:33,477.35,501.8,80,503.35,40,0,7520
FINNIFTY02JAN2421950PE.NFO,02/01/2024,09:34:34,477.35,501.35,120,502.7,80,0,7520
FINNIFTY02JAN2421950PE.NFO,02/01/2024,09:34:34,477.35,501.15,240,502.8,40,0,7520
FINNIFTY02JAN2421950PE.NFO,02/01/2024,09:34:35,477.35,501.45,80,502.85,40,0,7520
FINNIFTY02JAN2421950PE.NFO,02/01/2024,09:34:36,477.35,501.4,80,502.65,80,0,7520
FINNIFTY02JAN2421950PE.NFO,02/01/2024,09:34:37,477.35,501.35,80,502.7,40,0,7520
FINNIFTY02JAN2421950PE.NFO,02/01/2024,09:34:38,477.35,501.8,120,503.4,40,0,7520
FINNIFTY02JAN2421950PE.NFO,02/01/2024,09:34:39,477.35,501.95,80,503.6,40,0,7520
FINNIFTY02JAN2421950PE.NFO,02/01/2024,09:34:40,477.35,501.25,80,502.95,40,0,7520
FINNIFTY02JAN2421950PE.NFO,02/01/2024,09:34:41,477.35,500.2,200,501.9,40,0,7520
FINNIFTY02JAN2421950PE.NFO,02/01/2024,09:34:42,477.35,499.55,80,500.95,40,0,7520
FINNIFTY02JAN2421950PE.NFO,02/01/2024,09:34:43,477.35,499.75,80,501.2,40,0,7520
FINNIFTY02JAN2421950PE.NFO,02/01/2024,09:34:44,477.35,500.1,120,501.5,40,0,7520
FINNIFTY02JAN2421950PE.NFO,02/01/2024,09:34:45,477.35,500,80,501.35,40,0,7520
FINNIFTY02JAN2421950PE.NFO,02/01/2024,09:34:48,477.35,500.05,120,501.5,40,0,7520
FINNIFTY02JAN2421950PE.NFO,02/01/2024,09:34:49,477.35,500.25,80,501.65,40,0,7520
FINNIFTY02JAN2421950PE.NFO,02/01/2024,09:34:50,477.35,500.45,80,501.6,40,0,7520
FINNIFTY02JAN2421950PE.NFO,02/01/2024,09:34:51,477.35,500.4,80,501.9,40,0,7520
FINNIFTY02JAN2421950PE.NFO,02/01/2024,09:34:52,477.35,501.05,80,502.7,40,0,7520
FINNIFTY02JAN2421950PE.NFO,02/01/2024,09:34:53,477.35,501.55,80,503.05,40,0,7520
FINNIFTY02JAN2421950PE.NFO,02/01/2024,09:34:54,477.35,502.05,80,503.4,40,0,7520
FINNIFTY02JAN2421950PE.NFO,02/01/2024,09:34:55,477.35,501.6,80,502.95,40,0,7520
FINNIFTY02JAN2421950PE.NFO,02/01/2024,09:34:55,477.35,501.6,80,503,40,0,7520
FINNIFTY02JAN2421950PE.NFO,02/01/2024,09:34:56,477.35,501.9,80,503.3,80,0,7520
FINNIFTY02JAN2421950PE.NFO,02/01/2024,09:34:57,477.35,500.5,80,502.2,200,0,7520
FINNIFTY02JAN2421950PE.NFO,02/01/2024,09:34:58,477.35,500,80,501.4,40,0,7520
FINNIFTY02JAN2421950PE.NFO,02/01/2024,09:34:59,477.35,498.7,80,500.35,40,0,7520
FINNIFTY02JAN2421950PE.NFO,02/01/2024,09:35:00,477.35,497.65,80,499.6,40,0,7520
FINNIFTY02JAN2421950PE.NFO,02/01/2024,09:35:02,477.35,497.9,80,499.4,40,0,7520
FINNIFTY02JAN2421950PE.NFO,02/01/2024,09:35:03,477.35,498.2,80,499.75,40,0,7520
FINNIFTY02JAN2421950PE.NFO,02/01/2024,09:35:04,477.35,497.7,80,499.1,40,0,7520
FINNIFTY02JAN2421950PE.NFO,02/01/2024,09:35:05,477.35,497.1,80,499,40,0,7520
FINNIFTY02JAN2421950PE.NFO,02/01/2024,09:35:06,477.35,497.1,280,498.7,40,0,7520
FINNIFTY02JAN2421950PE.NFO,02/01/2024,09:35:07,477.35,497.45,80,498.95,80,0,7520
FINNIFTY02JAN2421950PE.NFO,02/01/2024,09:35:08,477.35,497,200,498.7,320,0,7520
FINNIFTY02JAN2421950PE.NFO,02/01/2024,09:35:09,477.35,497.7,80,499,40,0,7520
FINNIFTY02JAN2421950PE.NFO,02/01/2024,09:35:09,477.35,497.7,80,499.15,80,0,7520
FINNIFTY02JAN2421950PE.NFO,02/01/2024,09:35:10,477.35,498.9,80,500.6,120,0,7520
FINNIFTY02JAN2421950PE.NFO,02/01/2024,09:35:11,477.35,500,80,501.3,40,0,7520
FINNIFTY02JAN2421950PE.NFO,02/01/2024,09:35:12,477.35,499.6,120,501.3,40,0,7520
FINNIFTY02JAN2421950PE.NFO,02/01/2024,09:35:14,477.35,498.95,160,500.5,40,0,7520
FINNIFTY02JAN2421950PE.NFO,02/01/2024,09:35:15,477.35,499.25,80,500.55,40,0,7520
FINNIFTY02JAN2421950PE.NFO,02/01/2024,09:35:16,477.35,499.55,80,500.7,80,0,7520
FINNIFTY02JAN2421950PE.NFO,02/01/2024,09:35:17,477.35,499.45,80,501.6,80,0,7520
FINNIFTY02JAN2421950PE.NFO,02/01/2024,09:35:18,477.35,498.45,80,500.4,320,0,7520
FINNIFTY02JAN2421950PE.NFO,02/01/2024,09:35:19,477.35,498.35,120,499.65,40,0,7520
FINNIFTY02JAN2421950PE.NFO,02/01/2024,09:35:20,477.35,497.85,120,499.1,40,0,7520
FINNIFTY02JAN2421950PE.NFO,02/01/2024,09:35:21,477.35,496.2,80,497.9,120,0,7520
FINNIFTY02JAN2421950PE.NFO,02/01/2024,09:35:22,477.35,497,80,498.55,40,0,7520
FINNIFTY02JAN2421950PE.NFO,02/01/2024,09:35:23,477.35,497.9,80,499.3,40,0,7520
FINNIFTY02JAN2421950PE.NFO,02/01/2024,09:35:24,477.35,498,80,499.25,40,0,7520
FINNIFTY02JAN2421950PE.NFO,02/01/2024,09:35:25,477.35,497.45,120,498.7,40,0,7520
FINNIFTY02JAN2421950PE.NFO,02/01/2024,09:35:26,477.35,497.55,80,498.9,40,0,7520
FINNIFTY02JAN2421950PE.NFO,02/01/2024,09:35:27,477.35,497.5,80,498.85,40,0,7520
FINNIFTY02JAN2421950PE.NFO,02/01/2024,09:35:28,477.35,498.2,80,499.45,40,0,7520
FINNIFTY02JAN2421950PE.NFO,02/01/2024,09:35:29,477.35,498,80,499.3,40,0,7520
FINNIFTY02JAN2421950PE.NFO,02/01/2024,09:35:30,477.35,498.45,80,499.65,40,0,7520
FINNIFTY02JAN2421950PE.NFO,02/01/2024,09:35:30,477.35,498.9,80,500.45,40,0,7520
FINNIFTY02JAN2421950PE.NFO,02/01/2024,09:35:31,477.35,499.2,80,500.45,40,0,7520
FINNIFTY02JAN2421950PE.NFO,02/01/2024,09:35:32,477.35,498.75,160,500.4,80,0,7520
FINNIFTY02JAN2421950PE.NFO,02/01/2024,09:35:33,477.35,499.15,80,500.35,40,0,7520
FINNIFTY02JAN2421950PE.NFO,02/01/2024,09:35:34,477.35,498.3,80,499.95,40,0,7520
FINNIFTY02JAN2421950PE.NFO,02/01/2024,09:35:35,477.35,498.9,80,500.65,40,0,7520
FINNIFTY02JAN2421950PE.NFO,02/01/2024,09:35:37,477.35,499.75,80,500.95,40,0,7520
FINNIFTY02JAN2421950PE.NFO,02/01/2024,09:35:38,477.35,500.35,80,501.85,40,0,7520
FINNIFTY02JAN2421950PE.NFO,02/01/2024,09:35:39,477.35,500.65,80,502.05,40,0,7520
FINNIFTY02JAN2421950PE.NFO,02/01/2024,09:35:39,477.35,500.9,80,502.3,40,0,7520
FINNIFTY02JAN2421950PE.NFO,02/01/2024,09:35:40,477.35,501.05,80,502.35,40,0,7520
FINNIFTY02JAN2421950PE.NFO,02/01/2024,09:35:42,477.35,500.9,80,502.25,40,0,7520
FINNIFTY02JAN2421950PE.NFO,02/01/2024,09:35:43,477.35,500.65,120,502.05,40,0,7520
FINNIFTY02JAN2421950PE.NFO,02/01/2024,09:35:44,477.35,500.6,160,502.1,40,0,7520
FINNIFTY02JAN2421950PE.NFO,02/01/2024,09:35:44,477.35,500.8,80,502.15,40,0,7520
FINNIFTY02JAN2421950PE.NFO,02/01/2024,09:35:45,477.35,502.35,80,503.55,40,0,7520
FINNIFTY02JAN2421950PE.NFO,02/01/2024,09:35:47,477.35,503.15,80,504.45,80,0,7520
FINNIFTY02JAN2421950PE.NFO,02/01/2024,09:35:48,477.35,503.45,80,504.85,80,0,7520
FINNIFTY02JAN2421950PE.NFO,02/01/2024,09:35:49,477.35,502.9,240,504.5,200,0,7520
FINNIFTY02JAN2421950PE.NFO,02/01/2024,09:35:50,477.35,502.6,200,504,80,0,7520
FINNIFTY02JAN2421950PE.NFO,02/01/2024,09:35:51,477.35,502.7,80,503.9,40,0,7520
FINNIFTY02JAN2421950PE.NFO,02/01/2024,09:35:52,477.35,502.8,80,504.1,40,0,7520
FINNIFTY02JAN2421950PE.NFO,02/01/2024,09:35:52,477.35,502.7,80,503.9,40,0,7520
FINNIFTY02JAN2421950PE.NFO,02/01/2024,09:35:53,477.35,503.1,80,504.8,40,0,7520
FINNIFTY02JAN2421950PE.NFO,02/01/2024,09:35:55,477.35,503.7,80,504.9,40,0,7520
FINNIFTY02JAN2421950PE.NFO,02/01/2024,09:35:56,477.35,504.4,80,506.1,200,0,7520
FINNIFTY02JAN2421950PE.NFO,02/01/2024,09:35:57,477.35,504.55,80,506.15,40,0,7520
FINNIFTY02JAN2421950PE.NFO,02/01/2024,09:35:58,477.35,504.3,80,505.9,200,0,7520
FINNIFTY02JAN2421950PE.NFO,02/01/2024,09:35:59,477.35,503.85,80,505.55,40,0,7520
FINNIFTY02JAN2421950PE.NFO,02/01/2024,09:36:00,477.35,503.7,80,505.25,80,0,7520
FINNIFTY02JAN2421950PE.NFO,02/01/2024,09:36:01,477.35,505.1,80,507.3,80,0,7520
FINNIFTY02JAN2421950PE.NFO,02/01/2024,09:36:01,477.35,504.9,80,506.8,200,0,7520
FINNIFTY02JAN2421950PE.NFO,02/01/2024,09:36:02,477.35,504.6,80,506.35,40,0,7520
FINNIFTY02JAN2421950PE.NFO,02/01/2024,09:36:04,477.35,504.2,80,505.75,40,0,7520
FINNIFTY02JAN2421950PE.NFO,02/01/2024,09:36:05,477.35,504.1,80,505.5,40,0,7520
