Ticker,Date,Time,LTP,BuyPrice,BuyQty,SellPrice,SellQty,LTQ,OpenInterest
FINNIFTY02JAN2420450CE.NFO,02/01/2024,09:32:30,1019.4,998.8,120,1003.8,200,480,200
FINNIFTY02JAN2420450CE.NFO,02/01/2024,09:32:30,1019.4,998.8,120,1003.8,200,0,200
FINNIFTY02JAN2420450CE.NFO,02/01/2024,09:32:30,1019.4,998.8,120,1003.8,200,0,200
FINNIFTY02JAN2420450CE.NFO,02/01/2024,09:32:30,1019.4,998.8,120,1003.8,200,0,200
FINNIFTY02JAN2420450CE.NFO,02/01/2024,09:32:42,1000.65,997.1,120,1000.85,120,920,200
FINNIFTY02JAN2420450CE.NFO,02/01/2024,09:32:42,1000.6,997.1,120,1000.85,120,0,200
FINNIFTY02JAN2420450CE.NFO,02/01/2024,09:32:53,1000.65,995.1,160,1001.95,760,0,200
FINNIFTY02JAN2420450CE.NFO,02/01/2024,09:33:04,1000.65,999.9,120,1003.45,200,0,200
FINNIFTY02JAN2420450CE.NFO,02/01/2024,09:33:15,1000.65,997.6,120,1000.75,440,0,200
FINNIFTY02JAN2420450CE.NFO,02/01/2024,09:33:26,1000.65,994.2,120,998.8,2360,0,200
FINNIFTY02JAN2420450CE.NFO,02/01/2024,09:33:30,1000.65,995.3,200,999.65,160,0,200
FINNIFTY02JAN2420450CE.NFO,02/01/2024,09:33:32,1000.65,996.3,80,999.9,200,0,200
FINNIFTY02JAN2420450CE.NFO,02/01/2024,09:33:33,1000.65,996.8,120,1001.05,200,0,200
FINNIFTY02JAN2420450CE.NFO,02/01/2024,09:33:35,1000.65,997.2,120,999.95,200,0,200
FINNIFTY02JAN2420450CE.NFO,02/01/2024,09:33:37,1000.65,997.3,120,1002.55,200,0,200
FINNIFTY02JAN2420450CE.NFO,02/01/2024,09:33:38,1000.65,997.5,200,1001.4,80,0,200
FINNIFTY02JAN2420450CE.NFO,02/01/2024,09:33:40,1000.65,997.5,200,1001.1,200,0,200
FINNIFTY02JAN2420450CE.NFO,02/01/2024,09:33:42,1000.65,997.2,120,1001,520,0,200
FINNIFTY02JAN2420450CE.NFO,02/01/2024,09:33:43,1000.65,998.75,120,1004.1,120,0,200
FINNIFTY02JAN2420450CE.NFO,02/01/2024,09:33:45,1000.65,999,120,1004,1600,0,200
FINNIFTY02JAN2420450CE.NFO,02/01/2024,09:33:47,1000.65,999.2,120,1003.4,3760,0,200
FINNIFTY02JAN2420450CE.NFO,02/01/2024,09:33:48,1000.65,999.2,120,1002.75,200,0,200
FINNIFTY02JAN2420450CE.NFO,02/01/2024,09:33:50,1000.65,1000.3,40,1020.95,40,0,200
FINNIFTY02JAN2420450CE.NFO,02/01/2024,09:33:52,1000.65,1001.6,120,1013.45,80,0,200
FINNIFTY02JAN2420450CE.NFO,02/01/2024,09:33:53,1000.65,1002.95,80,1009.35,1000,0,200
FINNIFTY02JAN2420450CE.NFO,02/01/2024,09:33:55,1000.65,1002.95,80,1006.2,200,0,200
FINNIFTY02JAN2420450CE.NFO,02/01/2024,09:33:57,1000.65,1002.95,80,1006.9,160,0,200
FINNIFTY02JAN2420450CE.NFO,02/01/2024,09:33:58,1000.65,1002.95,80,1006.45,120,0,200
FINNIFTY02JAN2420450CE.NFO,02/01/2024,09:34:00,1000.65,999.25,200,1005.75,120,0,200
FINNIFTY02JAN2420450CE.NFO,02/01/2024,09:34:02,1000.65,999.8,120,1004.7,80,0,200
FINNIFTY02JAN2420450CE.NFO,02/01/2024,09:34:04,1000.65,1000.6,120,1004.55,200,0,200
FINNIFTY02JAN2420450CE.NFO,02/01/2024,09:34:05,1000.65,1000.5,80,1004.3,80,0,200
FINNIFTY02JAN2420450CE.NFO,02/01/2024,09:34:07,1000.65,1000.5,80,1003.7,200,0,200
FINNIFTY02JAN2420450CE.NFO,02/01/2024,09:34:09,1000.65,1000.25,200,1003.55,200,0,200
FINNIFTY02JAN2420450CE.NFO,02/01/2024,09:34:10,1000.65,1000.25,200,1003,200,0,200
FINNIFTY02JAN2420450CE.NFO,02/01/2024,09:34:12,1000.65,997.95,200,1002.95,200,0,200
FINNIFTY02JAN2420450CE.NFO,02/01/2024,09:34:14,1000.65,999.15,120,1003.3,880,0,200
FINNIFTY02JAN2420450CE.NFO,02/01/2024,09:34:15,1000.65,999.75,120,1003.35,200,0,200
FINNIFTY02JAN2420450CE.NFO,02/01/2024,09:34:17,1000.65,997.25,40,1002.3,200,0,200
FINNIFTY02JAN2420450CE.NFO,02/01/2024,09:34:19,1000.65,998.5,440,1002.65,200,0,200
FINNIFTY02JAN2420450CE.NFO,02/01/2024,09:34:20,1000.65,998.5,440,1002.45,80,0,200
FINNIFTY02JAN2420450CE.NFO,02/01/2024,09:34:22,1000.65,995.85,200,1000.9,200,0,200
FINNIFTY02JAN2420450CE.NFO,02/01/2024,09:34:24,1000.65,996.95,120,999.8,240,0,200
FINNIFTY02JAN2420450CE.NFO,02/01/2024,09:34:25,1000.65,994.8,200,998.8,80,0,200
FINNIFTY02JAN2420450CE.NFO,02/01/2024,09:34:27,1000.65,994.8,200,999.1,1920,0,200
FINNIFTY02JAN2420450CE.NFO,02/01/2024,09:34:29,1000.65,995.3,200,999.65,200,0,200
FINNIFTY02JAN2420450CE.NFO,02/01/2024,09:34:30,1000.65,995.2,120,998.45,200,0,200
FINNIFTY02JAN2420450CE.NFO,02/01/2024,09:34:32,1000.65,995.2,120,999.5,200,0,200
FINNIFTY02JAN2420450CE.NFO,02/01/2024,09:34:33,1000.65,995.9,120,999.9,120,0,200
FINNIFTY02JAN2420450CE.NFO,02/01/2024,09:34:35,1000.65,996.3,120,1000.1,200,0,200
FINNIFTY02JAN2420450CE.NFO,02/01/2024,09:34:37,1000.65,996.6,120,1000.05,200,0,200
FINNIFTY02JAN2420450CE.NFO,02/01/2024,09:34:38,1000.65,996.5,200,999.9,1760,0,200
FINNIFTY02JAN2420450CE.NFO,02/01/2024,09:34:40,1000.65,991.55,120,999.2,240,0,200
FINNIFTY02JAN2420450CE.NFO,02/01/2024,09:34:42,1000.65,995.4,200,1001.4,200,0,200
FINNIFTY02JAN2420450CE.NFO,02/01/2024,09:34:43,1000.65,998.35,200,1002,160,0,200
FINNIFTY02JAN2420450CE.NFO,02/01/2024,09:34:45,1000.65,998.45,120,1001.35,200,0,200
FINNIFTY02JAN2420450CE.NFO,02/01/2024,09:34:47,1000.65,998.45,120,1001.4,440,0,200
FINNIFTY02JAN2420450CE.NFO,02/01/2024,09:34:48,1000.65,998.2,200,1001.55,200,0,200
FINNIFTY02JAN2420450CE.NFO,02/01/2024,09:34:50,1000.65,998.2,200,1001.2,880,0,200
FINNIFTY02JAN2420450CE.NFO,02/01/2024,09:34:52,1000.65,996.35,200,1000.6,120,0,200
FINNIFTY02JAN2420450CE.NFO,02/01/2024,09:34:53,1000.65,996.45,120,999.85,400,0,200
FINNIFTY02JAN2420450CE.NFO,02/01/2024,09:34:55,1000.65,996.45,120,1000.05,160,0,200
FINNIFTY02JAN2420450CE.NFO,02/01/2024,09:34:56,1000.65,996.45,120,999.85,360,0,200
FINNIFTY02JAN2420450CE.NFO,02/01/2024,09:34:58,1000.65,997.35,200,1014.55,200,0,200
FINNIFTY02JAN2420450CE.NFO,02/01/2024,09:35:00,1000.65,998.55,200,1009.8,80,0,200
FINNIFTY02JAN2420450CE.NFO,02/01/2024,09:35:01,1000.65,999.25,120,1004.65,120,0,200
FINNIFTY02JAN2420450CE.NFO,02/01/2024,09:35:03,1000.65,999.45,120,1003.45,200,0,200
FINNIFTY02JAN2420450CE.NFO,02/01/2024,09:35:05,1000.65,1000.7,80,1039.75,120,0,200
FINNIFTY02JAN2420450CE.NFO,02/01/2024,09:35:06,1000.65,1000.8,120,1012.25,160,0,200
FINNIFTY02JAN2420450CE.NFO,02/01/2024,09:35:08,1000.65,1000.8,120,1004.95,200,0,200
FINNIFTY02JAN2420450CE.NFO,02/01/2024,09:35:10,1000.65,998.9,240,1003.6,320,0,200
FINNIFTY02JAN2420450CE.NFO,02/01/2024,09:35:11,1000.65,998.95,80,1001.5,80,0,200
FINNIFTY02JAN2420450CE.NFO,02/01/2024,09:35:13,1000.65,997.9,120,1002.55,2240,0,200
FINNIFTY02JAN2420450CE.NFO,02/01/2024,09:35:15,1000.65,998.3,200,1002.2,480,0,200
FINNIFTY02JAN2420450CE.NFO,02/01/2024,09:35:16,1000.65,998.65,80,1002.1,80,0,200
FINNIFTY02JAN2420450CE.NFO,02/01/2024,09:35:18,1000.65,999.05,200,1015.45,120,0,200
FINNIFTY02JAN2420450CE.NFO,02/01/2024,09:35:20,1000.65,999.45,80,1007.8,200,0,200
FINNIFTY02JAN2420450CE.NFO,02/01/2024,09:35:21,1000.65,1001.35,200,1004.65,160,0,200
FINNIFTY02JAN2420450CE.NFO,02/01/2024,09:35:23,1000.65,999.7,120,1003.6,240,0,200
FINNIFTY02JAN2420450CE.NFO,02/01/2024,09:35:25,1000.65,999.9,120,1003.7,200,0,200
FINNIFTY02JAN2420450CE.NFO,02/01/2024,09:35:26,1000.65,999.9,120,1003.95,120,0,200
FINNIFTY02JAN2420450CE.NFO,02/01/2024,09:35:28,1000.65,999.9,120,1003.2,120,0,200
FINNIFTY02JAN2420450CE.NFO,02/01/2024,09:35:30,1000.65,999.7,120,1002.9,80,0,200
FINNIFTY02JAN2420450CE.NFO,02/01/2024,09:35:31,1000.65,997.85,40,1002.3,200,0,200
FINNIFTY02JAN2420450CE.NFO,02/01/2024,09:35:33,1000.65,998.45,120,1002.3,400,0,200
FINNIFTY02JAN2420450CE.NFO,02/01/2024,09:35:35,1000.65,998.85,200,1003.45,120,0,200
FINNIFTY02JAN2420450CE.NFO,02/01/2024,09:35:36,1000.65,998.75,120,1001.7,80,0,200
FINNIFTY02JAN2420450CE.NFO,02/01/2024,09:35:38,1000.65,998.25,80,1001.15,520,0,200
FINNIFTY02JAN2420450CE.NFO,02/01/2024,09:35:40,1000.65,996.6,120,1000.75,1640,0,200
FINNIFTY02JAN2420450CE.NFO,02/01/2024,09:35:41,1000.65,996.85,120,1000.6,200,0,200
FINNIFTY02JAN2420450CE.NFO,02/01/2024,09:35:43,1000.65,996.85,120,1000.7,120,0,200
FINNIFTY02JAN2420450CE.NFO,02/01/2024,09:35:45,1000.65,996.85,120,999.75,200,0,200
FINNIFTY02JAN2420450CE.NFO,02/01/2024,09:35:46,1000.65,995.05,320,998.5,120,0,200
FINNIFTY02JAN2420450CE.NFO,02/01/2024,09:35:48,1000.65,995.05,320,998.05,400,0,200
FINNIFTY02JAN2420450CE.NFO,02/01/2024,09:35:50,1000.65,995.2,120,1000.15,3520,0,200
FINNIFTY02JAN2420450CE.NFO,02/01/2024,09:35:51,1000.65,995.2,120,998.8,120,0,200
FINNIFTY02JAN2420450CE.NFO,02/01/2024,09:35:53,1000.65,995.2,120,999.35,320,0,200
FINNIFTY02JAN2420450CE.NFO,02/01/2024,09:35:55,1000.65,993.6,200,997.5,200,0,200
FINNIFTY02JAN2420450CE.NFO,02/01/2024,09:35:56,1000.65,992.45,120,997.05,120,0,200
FINNIFTY02JAN2420450CE.NFO,02/01/2024,09:35:58,1000.65,993.55,120,997.55,440,0,200
FINNIFTY02JAN2420450CE.NFO,02/01/2024,09:36:00,1000.65,993.75,120,998.9,120,0,200
FINNIFTY02JAN2420450CE.NFO,02/01/2024,09:36:01,1000.65,991.9,120,997.8,1160,0,200
FINNIFTY02JAN2420450CE.NFO,02/01/2024,09:36:03,1000.65,993,120,997.05,120,0,200
FINNIFTY02JAN2420450CE.NFO,02/01/2024,09:36:05,1000.65,993.5,120,997.45,480,0,200
FINNIFTY02JAN2420450CE.NFO,02/01/2024,09:36:06,1000.65,993.5,120,997.25,200,0,200
FINNIFTY02JAN2420450CE.NFO,02/01/2024,09:36:08,1000.65,994.15,120,999.15,120,0,200
FINNIFTY02JAN2420450CE.NFO,02/01/2024,09:36:10,1000.65,994.35,120,997.85,200,0,200
FINNIFTY02JAN2420450CE.NFO,02/01/2024,09:36:11,1000.65,994.45,200,998.85,240,0,200
FINNIFTY02JAN2420450CE.NFO,02/01/2024,09:36:13,1000.65,994.35,120,997.75,80,0,200
FINNIFTY02JAN2420450CE.NFO,02/01/2024,09:36:15,1000.65,992.2,200,995.95,200,0,200
FINNIFTY02JAN2420450CE.NFO,02/01/2024,09:36:17,1000.65,989.4,480,994.55,320,0,200
FINNIFTY02JAN2420450CE.NFO,02/01/2024,09:36:18,1000.65,989.85,120,994.15,120,0,200
FINNIFTY02JAN2420450CE.NFO,02/01/2024,09:36:20,1000.65,990.25,120,994.4,200,0,200
FINNIFTY02JAN2420450CE.NFO,02/01/2024,09:36:21,1000.65,990.45,120,993.35,120,0,200
FINNIFTY02JAN2420450CE.NFO,02/01/2024,09:36:23,1000.65,990.45,120,993.45,200,0,200
FINNIFTY02JAN2420450CE.NFO,02/01/2024,09:36:25,1000.65,991.1,120,996.1,200,0,200
FINNIFTY02JAN2420450CE.NFO,02/01/2024,09:36:26,1000.65,992.7,120,996.4,80,0,200
FINNIFTY02JAN2420450CE.NFO,02/01/2024,09:36:28,1000.65,992.7,120,1013.35,200,0,200
FINNIFTY02JAN2420450CE.NFO,02/01/2024,09:36:30,1000.65,993.65,200,1007,200,0,200
FINNIFTY02JAN2420450CE.NFO,02/01/2024,09:36:30,1000.65,993.95,200,1006.1,680,0,200
FINNIFTY02JAN2420450CE.NFO,02/01/2024,09:36:31,1000.65,994.25,120,1000.2,440,0,200
FINNIFTY02JAN2420450CE.NFO,02/01/2024,09:36:33,1000.65,994.1,200,996.75,200,0,200
FINNIFTY02JAN2420450CE.NFO,02/01/2024,09:36:35,1000.65,991.2,160,996.7,120,0,200
FINNIFTY02JAN2420450CE.NFO,02/01/2024,09:36:36,1000.65,992.8,200,997.1,400,0,200
FINNIFTY02JAN2420450CE.NFO,02/01/2024,09:36:38,1000.65,992.8,200,995.95,80,0,200
FINNIFTY02JAN2420450CE.NFO,02/01/2024,09:36:40,1000.65,993.25,80,997.4,240,0,200
FINNIFTY02JAN2420450CE.NFO,02/01/2024,09:36:41,1000.65,994.35,120,998.05,80,0,200
FINNIFTY02JAN2420450CE.NFO,02/01/2024,09:36:43,1000.65,994.05,80,996.7,240,0,200
FINNIFTY02JAN2420450CE.NFO,02/01/2024,09:36:45,1000.65,994.45,120,998.4,520,0,200
FINNIFTY02JAN2420450CE.NFO,02/01/2024,09:36:46,1000.65,994.45,120,998.3,120,0,200
FINNIFTY02JAN2420450CE.NFO,02/01/2024,09:36:48,1000.65,994.95,200,998.25,80,0,200
FINNIFTY02JAN2420450CE.NFO,02/01/2024,09:36:50,1000.65,995.05,120,998.15,400,0,200
FINNIFTY02JAN2420450CE.NFO,02/01/2024,09:36:51,1000.65,995.05,120,998.65,560,0,200
FINNIFTY02JAN2420450CE.NFO,02/01/2024,09:36:53,1000.65,995.15,120,1000.3,400,0,200
FINNIFTY02JAN2420450CE.NFO,02/01/2024,09:36:55,1000.65,995.85,120,999.95,200,0,200
FINNIFTY02JAN2420450CE.NFO,02/01/2024,09:36:56,1000.65,995.8,120,999.05,120,0,200
FINNIFTY02JAN2420450CE.NFO,02/01/2024,09:36:58,1000.65,995.85,120,999.35,200,0,200
FINNIFTY02JAN2420450CE.NFO,02/01/2024,09:37:00,1000.65,995.85,120,999.65,80,0,200
FINNIFTY02JAN2420450CE.NFO,02/01/2024,09:37:01,1000.65,997.4,120,1014.95,200,0,200
FINNIFTY02JAN2420450CE.NFO,02/01/2024,09:37:03,1000.65,997.6,120,1007.3,200,0,200
FINNIFTY02JAN2420450CE.NFO,02/01/2024,09:37:05,1000.65,997.7,120,1001.75,120,0,200
FINNIFTY02JAN2420450CE.NFO,02/01/2024,09:37:06,1000.65,997.9,120,1003.85,3040,0,200
FINNIFTY02JAN2420450CE.NFO,02/01/2024,09:37:08,1000.65,998,200,1001.2,200,0,200
FINNIFTY02JAN2420450CE.NFO,02/01/2024,09:37:10,1000.65,998,200,1000.9,720,0,200
FINNIFTY02JAN2420450CE.NFO,02/01/2024,09:37:11,1000.65,997.5,440,1000.5,200,0,200
FINNIFTY02JAN2420450CE.NFO,02/01/2024,09:37:13,1000.65,987.9,240,999.45,80,0,200
FINNIFTY02JAN2420450CE.NFO,02/01/2024,09:37:15,1000.65,992.35,200,999.95,200,0,200
FINNIFTY02JAN2420450CE.NFO,02/01/2024,09:37:16,1000.65,996.15,200,1002.05,160,0,200
FINNIFTY02JAN2420450CE.NFO,02/01/2024,09:37:18,1000.65,996.55,120,1000.15,200,0,200
FINNIFTY02JAN2420450CE.NFO,02/01/2024,09:37:20,1000.65,996.85,120,1000.7,120,0,200
FINNIFTY02JAN2420450CE.NFO,02/01/2024,09:37:21,1000.65,997.25,200,1000.85,120,0,200
FINNIFTY02JAN2420450CE.NFO,02/01/2024,09:37:23,1000.65,997.35,120,1000.9,200,0,200
FINNIFTY02JAN2420450CE.NFO,02/01/2024,09:37:25,1000.65,997.85,80,1001.75,200,0,200
FINNIFTY02JAN2420450CE.NFO,02/01/2024,09:37:26,1000.65,998.75,520,1002.7,200,0,200
FINNIFTY02JAN2420450CE.NFO,02/01/2024,09:37:28,1000.65,999.15,120,1003.35,1920,0,200
FINNIFTY02JAN2420450CE.NFO,02/01/2024,09:37:30,1000.65,999.85,120,1014.65,160,0,200
FINNIFTY02JAN2420450CE.NFO,02/01/2024,09:37:31,1000.65,1001.5,200,1007.6,200,0,200
FINNIFTY02JAN2420450CE.NFO,02/01/2024,09:37:33,1000.65,1001.5,200,1005.2,120,0,200
FINNIFTY02JAN2420450CE.NFO,02/01/2024,09:37:35,1000.65,1001.75,80,1005.2,200,0,200
FINNIFTY02JAN2420450CE.NFO,02/01/2024,09:37:36,1000.65,1001.75,80,1004.65,200,0,200
FINNIFTY02JAN2420450CE.NFO,02/01/2024,09:37:38,1000.65,998.1,120,1003.55,1600,0,200
FINNIFTY02JAN2420450CE.NFO,02/01/2024,09:37:40,1000.65,1000.3,200,1004.4,120,0,200
FINNIFTY02JAN2420450CE.NFO,02/01/2024,09:37:41,1000.65,1001.1,120,1005.35,240,0,200
FINNIFTY02JAN2420450CE.NFO,02/01/2024,09:37:43,1000.65,1001.1,120,1005.3,200,0,200
FINNIFTY02JAN2420450CE.NFO,02/01/2024,09:37:45,1000.65,999.2,200,1003,200,0,200
FINNIFTY02JAN2420450CE.NFO,02/01/2024,09:37:46,1000.65,999.2,200,1003.2,120,0,200
FINNIFTY02JAN2420450CE.NFO,02/01/2024,09:37:49,1000.65,999.6,120,1005.05,120,0,200
FINNIFTY02JAN2420450CE.NFO,02/01/2024,09:37:51,1000.65,1000.1,120,1003.8,80,0,200
FINNIFTY02JAN2420450CE.NFO,02/01/2024,09:37:53,1000.65,1000.1,120,1003.45,80,0,200
FINNIFTY02JAN2420450CE.NFO,02/01/2024,09:37:54,1000.65,1000.5,120,1004.3,120,0,200
FINNIFTY02JAN2420450CE.NFO,02/01/2024,09:37:56,1000.65,1000.5,120,1004.65,400,0,200
FINNIFTY02JAN2420450CE.NFO,02/01/2024,09:37:58,1000.65,1000.9,200,1004.25,400,0,200
FINNIFTY02JAN2420450CE.NFO,02/01/2024,09:37:59,1000.65,1000.9,200,1003.85,120,0,200
FINNIFTY02JAN2420450CE.NFO,02/01/2024,09:38:01,1000.65,1000.9,200,1004,200,0,200
FINNIFTY02JAN2420450CE.NFO,02/01/2024,09:38:03,1000.65,1000.9,200,1005.25,2880,0,200
FINNIFTY02JAN2420450CE.NFO,02/01/2024,09:38:04,1000.65,1000.9,200,1003.9,120,0,200
FINNIFTY02JAN2420450CE.NFO,02/01/2024,09:38:06,1000.65,1000.75,120,1003.3,200,0,200
FINNIFTY02JAN2420450CE.NFO,02/01/2024,09:38:07,1000.65,998.5,120,1003.45,1280,0,200
FINNIFTY02JAN2420450CE.NFO,02/01/2024,09:38:09,1000.65,999.3,120,1003.2,200,0,200
FINNIFTY02JAN2420450CE.NFO,02/01/2024,09:38:11,1000.65,999.3,120,1002.55,200,0,200
FINNIFTY02JAN2420450CE.NFO,02/01/2024,09:38:12,1000.65,998.95,120,1002.55,120,0,200
FINNIFTY02JAN2420450CE.NFO,02/01/2024,09:38:14,1000.65,999.45,120,1003.5,200,0,200
FINNIFTY02JAN2420450CE.NFO,02/01/2024,09:38:16,1000.65,1000.05,120,1004.25,200,0,200
FINNIFTY02JAN2420450CE.NFO,02/01/2024,09:38:17,1000.65,1000.55,120,1003.8,120,0,200
FINNIFTY02JAN2420450CE.NFO,02/01/2024,09:38:19,1000.65,1000.55,120,1004.05,200,0,200
FINNIFTY02JAN2420450CE.NFO,02/01/2024,09:38:20,1000.65,1001.35,80,1022.25,120,0,200
FINNIFTY02JAN2420450CE.NFO,02/01/2024,09:38:22,1000.65,1001.75,120,1008.1,120,0,200
FINNIFTY02JAN2420450CE.NFO,02/01/2024,09:38:24,1000.65,1002.3,200,1006.1,320,0,200
FINNIFTY02JAN2420450CE.NFO,02/01/2024,09:38:25,1000.65,1002.15,200,1005.4,200,0,200
FINNIFTY02JAN2420450CE.NFO,02/01/2024,09:38:27,1000.65,1002.95,80,1022.4,200,0,200
FINNIFTY02JAN2420450CE.NFO,02/01/2024,09:38:29,1000.65,1003.05,120,1013.7,200,0,200
FINNIFTY02JAN2420450CE.NFO,02/01/2024,09:38:30,1000.65,1003.05,120,1007.5,200,0,200
FINNIFTY02JAN2420450CE.NFO,02/01/2024,09:38:32,1000.65,1003.1,120,1007.4,720,0,200
FINNIFTY02JAN2420450CE.NFO,02/01/2024,09:38:34,1000.65,1002.9,80,1005.85,120,0,200
FINNIFTY02JAN2420450CE.NFO,02/01/2024,09:38:35,1000.65,999.4,120,1005.3,200,0,200
FINNIFTY02JAN2420450CE.NFO,02/01/2024,09:38:37,1000.65,1001.45,120,1007.05,3440,0,200
FINNIFTY02JAN2420450CE.NFO,02/01/2024,09:38:39,1000.65,1003.1,80,1015.7,280,0,200
FINNIFTY02JAN2420450CE.NFO,02/01/2024,09:38:40,1000.65,1003.7,200,1007.95,120,0,200
FINNIFTY02JAN2420450CE.NFO,02/01/2024,09:38:42,1000.65,1003.9,80,1007.25,200,0,200
FINNIFTY02JAN2420450CE.NFO,02/01/2024,09:38:44,1000.65,1003.85,120,1006.85,200,0,200
FINNIFTY02JAN2420450CE.NFO,02/01/2024,09:38:45,1000.65,1003.85,120,1007.15,120,0,200
FINNIFTY02JAN2420450CE.NFO,02/01/2024,09:38:47,1000.65,1001.85,120,1005.7,160,0,200
FINNIFTY02JAN2420450CE.NFO,02/01/2024,09:38:49,1000.65,1002.05,200,1006.3,600,0,200
FINNIFTY02JAN2420450CE.NFO,02/01/2024,09:38:50,1000.65,1002.2,120,1006.05,120,0,200
FINNIFTY02JAN2420450CE.NFO,02/01/2024,09:38:52,1000.65,1002.3,440,1005.75,200,0,200
FINNIFTY02JAN2420450CE.NFO,02/01/2024,09:38:54,1000.65,1003.3,80,1007.2,640,0,200
FINNIFTY02JAN2420450CE.NFO,02/01/2024,09:38:55,1000.65,1004,120,1024.05,160,0,200
FINNIFTY02JAN2420450CE.NFO,02/01/2024,09:38:57,1000.65,1005,120,1010.25,200,0,200
FINNIFTY02JAN2420450CE.NFO,02/01/2024,09:38:59,1000.65,1007.35,200,1015.35,120,0,200
FINNIFTY02JAN2420450CE.NFO,02/01/2024,09:39:00,1000.65,1008.6,200,1014.25,200,0,200
FINNIFTY02JAN2420450CE.NFO,02/01/2024,09:39:02,1000.65,1009.1,200,1024.55,1840,0,200
FINNIFTY02JAN2420450CE.NFO,02/01/2024,09:39:03,1000.65,1010.5,80,1017.95,280,0,200
FINNIFTY02JAN2420450CE.NFO,02/01/2024,09:39:05,1000.65,1011.45,120,1015.85,80,0,200
FINNIFTY02JAN2420450CE.NFO,02/01/2024,09:39:07,1000.65,1011.25,120,1015.65,320,0,200
FINNIFTY02JAN2420450CE.NFO,02/01/2024,09:39:08,1000.65,1011.25,120,1016.15,200,0,200
FINNIFTY02JAN2420450CE.NFO,02/01/2024,09:39:10,1000.65,1008.3,80,1014.05,160,0,200
FINNIFTY02JAN2420450CE.NFO,02/01/2024,09:39:12,1000.65,1008.9,120,1013.05,200,0,200
FINNIFTY02JAN2420450CE.NFO,02/01/2024,09:39:13,1000.65,1009.65,120,1013.55,120,0,200
FINNIFTY02JAN2420450CE.NFO,02/01/2024,09:39:15,1000.65,1010.2,120,1013.4,200,0,200
FINNIFTY02JAN2420450CE.NFO,02/01/2024,09:39:17,1000.65,1007.55,200,1012.05,120,0,200
FINNIFTY02JAN2420450CE.NFO,02/01/2024,09:39:18,1000.65,1007.55,200,1011.65,1680,0,200
FINNIFTY02JAN2420450CE.NFO,02/01/2024,09:39:20,1000.65,1008.15,120,1012.75,360,0,200
FINNIFTY02JAN2420450CE.NFO,02/01/2024,09:39:22,1000.65,1009.1,200,1014.15,200,0,200
FINNIFTY02JAN2420450CE.NFO,02/01/2024,09:39:23,1000.65,1009.5,80,1013.65,120,0,200
FINNIFTY02JAN2420450CE.NFO,02/01/2024,09:39:25,1000.65,1009.6,120,1013.2,1840,0,200
FINNIFTY02JAN2420450CE.NFO,02/01/2024,09:39:26,1000.65,1009.9,200,1014.55,80,0,200
FINNIFTY02JAN2420450CE.NFO,02/01/2024,09:39:28,1000.65,1010.9,80,1016.2,80,0,200
FINNIFTY02JAN2420450CE.NFO,02/01/2024,09:39:30,1000.65,1010.9,80,1014.35,1080,0,200
FINNIFTY02JAN2420450CE.NFO,02/01/2024,09:39:31,1000.65,1009.05,200,1013.15,120,0,200
FINNIFTY02JAN2420450CE.NFO,02/01/2024,09:39:33,1000.65,1009.05,120,1013,200,0,200
FINNIFTY02JAN2420450CE.NFO,02/01/2024,09:39:35,1000.65,1009.05,120,1012.8,200,0,200
FINNIFTY02JAN2420450CE.NFO,02/01/2024,09:39:36,1000.65,1007.3,200,1011.7,120,0,200
FINNIFTY02JAN2420450CE.NFO,02/01/2024,09:39:38,1000.65,1007.3,120,1011.55,200,0,200
FINNIFTY02JAN2420450CE.NFO,02/01/2024,09:39:40,1000.65,1008.3,200,1012.5,200,0,200
FINNIFTY02JAN2420450CE.NFO,02/01/2024,09:39:41,1000.65,1009.1,120,1014.4,3880,0,200
FINNIFTY02JAN2420450CE.NFO,02/01/2024,09:39:43,1000.65,1009.95,80,1014.35,1800,0,200
FINNIFTY02JAN2420450CE.NFO,02/01/2024,09:39:45,1000.65,1011.5,40,1018.4,200,0,200
FINNIFTY02JAN2420450CE.NFO,02/01/2024,09:39:46,1000.65,1013.15,120,1018.85,1280,0,200
FINNIFTY02JAN2420450CE.NFO,02/01/2024,09:39:48,1000.65,1011.05,120,1016.7,120,0,200
FINNIFTY02JAN2420450CE.NFO,02/01/2024,09:39:50,1000.65,1013.1,120,1017.15,200,0,200
FINNIFTY02JAN2420450CE.NFO,02/01/2024,09:39:51,1000.65,1013.2,80,1018.95,200,0,200
FINNIFTY02JAN2420450CE.NFO,02/01/2024,09:39:53,1000.65,1013.1,120,1016.75,120,0,200
FINNIFTY02JAN2420450CE.NFO,02/01/2024,09:39:55,1000.65,1013.25,80,1018.55,200,0,200
FINNIFTY02JAN2420450CE.NFO,02/01/2024,09:39:56,1000.65,1012.9,200,1016.3,160,0,200
FINNIFTY02JAN2420450CE.NFO,02/01/2024,09:39:58,1000.65,1010.55,1480,1015.85,200,0,200
FINNIFTY02JAN2420450CE.NFO,02/01/2024,09:40:00,1000.65,1011.9,120,1014.9,200,0,200
FINNIFTY02JAN2420450CE.NFO,02/01/2024,09:40:01,1000.65,1010.2,80,1014.7,440,0,200
FINNIFTY02JAN2420450CE.NFO,02/01/2024,09:40:03,1000.65,1013.05,120,1017.85,240,0,200
FINNIFTY02JAN2420450CE.NFO,02/01/2024,09:40:05,1000.65,1012.95,120,1017.25,200,0,200
FINNIFTY02JAN2420450CE.NFO,02/01/2024,09:40:06,1000.65,1011.8,200,1015.5,80,0,200
FINNIFTY02JAN2420450CE.NFO,02/01/2024,09:40:08,1000.65,1011.8,200,1015.25,160,0,200
FINNIFTY02JAN2420450CE.NFO,02/01/2024,09:40:10,1000.65,1011.75,200,1015.75,80,0,200
FINNIFTY02JAN2420450CE.NFO,02/01/2024,09:40:11,1000.65,1010,40,1014.85,1440,0,200
FINNIFTY02JAN2420450CE.NFO,02/01/2024,09:40:13,1000.65,1010.45,120,1014.2,120,0,200
FINNIFTY02JAN2420450CE.NFO,02/01/2024,09:40:15,1000.65,1010.45,120,1014.4,40,0,200
FINNIFTY02JAN2420450CE.NFO,02/01/2024,09:40:16,1000.65,1010.95,200,1015.85,1720,0,200
FINNIFTY02JAN2420450CE.NFO,02/01/2024,09:40:18,1000.65,1012.55,120,1017.35,560,0,200
FINNIFTY02JAN2420450CE.NFO,02/01/2024,09:40:20,1000.65,1013.65,120,1018.2,1200,0,200
FINNIFTY02JAN2420450CE.NFO,02/01/2024,09:40:21,1000.65,1013.65,120,1016.95,200,0,200
FINNIFTY02JAN2420450CE.NFO,02/01/2024,09:40:23,1000.65,1012,120,1016.3,120,0,200
FINNIFTY02JAN2420450CE.NFO,02/01/2024,09:40:25,1000.65,1012.45,120,1016.05,40,0,200
FINNIFTY02JAN2420450CE.NFO,02/01/2024,09:40:26,1000.65,1009.9,120,1014.7,120,0,200
FINNIFTY02JAN2420450CE.NFO,02/01/2024,09:40:28,1000.65,1010.1,120,1013.2,40,0,200
FINNIFTY02JAN2420450CE.NFO,02/01/2024,09:40:30,1000.65,1010.1,120,1013.6,120,0,200
FINNIFTY02JAN2420450CE.NFO,02/01/2024,09:40:31,1000.65,1010.1,120,1013.15,120,0,200
FINNIFTY02JAN2420450CE.NFO,02/01/2024,09:40:33,1000.65,1008.15,40,1012.55,120,0,200
FINNIFTY02JAN2420450CE.NFO,02/01/2024,09:40:35,1000.65,1008.95,120,1012.7,200,0,200
FINNIFTY02JAN2420450CE.NFO,02/01/2024,09:40:36,1000.65,1009.85,120,1013.85,120,0,200
FINNIFTY02JAN2420450CE.NFO,02/01/2024,09:40:38,1000.65,1009.95,80,1013.75,40,0,200
FINNIFTY02JAN2420450CE.NFO,02/01/2024,09:40:40,1000.65,1009.85,120,1013.45,40,0,200
FINNIFTY02JAN2420450CE.NFO,02/01/2024,09:40:41,1000.65,1008.25,200,1013.25,160,0,200
FINNIFTY02JAN2420450CE.NFO,02/01/2024,09:40:43,1000.65,1008.25,80,1012.15,80,0,200
FINNIFTY02JAN2420450CE.NFO,02/01/2024,09:40:45,1000.65,1008.25,80,1011,200,0,200
FINNIFTY02JAN2420450CE.NFO,02/01/2024,09:40:46,1000.65,1006,80,1010.2,40,0,200
FINNIFTY02JAN2420450CE.NFO,02/01/2024,09:40:48,1000.65,1006.25,200,1010,120,0,200
FINNIFTY02JAN2420450CE.NFO,02/01/2024,09:40:50,1000.65,1007,120,1011.05,40,0,200
FINNIFTY02JAN2420450CE.NFO,02/01/2024,09:40:52,1000.65,1007.2,120,1011.9,240,0,200
FINNIFTY02JAN2420450CE.NFO,02/01/2024,09:40:53,1000.65,1007.8,200,1012,120,0,200
FINNIFTY02JAN2420450CE.NFO,02/01/2024,09:40:55,1000.65,1008.85,200,1015.2,80,0,200
FINNIFTY02JAN2420450CE.NFO,02/01/2024,09:40:57,1000.65,1008.85,200,1012.25,200,0,200
FINNIFTY02JAN2420450CE.NFO,02/01/2024,09:40:58,1000.65,1008.85,200,1012.25,160,0,200
FINNIFTY02JAN2420450CE.NFO,02/01/2024,09:41:00,1000.65,1009.75,80,1013.95,80,0,200
FINNIFTY02JAN2420450CE.NFO,02/01/2024,09:41:02,1000.65,1007.95,120,1012.05,200,0,200
FINNIFTY02JAN2420450CE.NFO,02/01/2024,09:41:03,1000.65,1007.8,200,1011.65,120,0,200
FINNIFTY02JAN2420450CE.NFO,02/01/2024,09:41:05,1000.65,1008.2,120,1012.6,1240,0,200
FINNIFTY02JAN2420450CE.NFO,02/01/2024,09:41:07,1000.65,1008.6,80,1012.35,200,0,200
FINNIFTY02JAN2420450CE.NFO,02/01/2024,09:41:08,1000.65,1008.8,120,1012.35,120,0,200
FINNIFTY02JAN2420450CE.NFO,02/01/2024,09:41:10,1000.65,1008.8,120,1012.1,120,0,200
FINNIFTY02JAN2420450CE.NFO,02/01/2024,09:41:12,1000.65,1006.5,200,1011,320,0,200
FINNIFTY02JAN2420450CE.NFO,02/01/2024,09:41:13,1000.65,1007.1,120,1011.15,120,0,200
FINNIFTY02JAN2420450CE.NFO,02/01/2024,09:41:15,1000.65,1007.9,120,1011.3,200,0,200
FINNIFTY02JAN2420450CE.NFO,02/01/2024,09:41:17,1000.65,1007.9,120,1011.1,200,0,200
FINNIFTY02JAN2420450CE.NFO,02/01/2024,09:41:18,1000.65,1007.9,120,1010.85,40,0,200
FINNIFTY02JAN2420450CE.NFO,02/01/2024,09:41:20,1000.65,1007.8,120,1011.35,40,0,200
FINNIFTY02JAN2420450CE.NFO,02/01/2024,09:41:22,1000.65,1008.05,120,1012.4,120,0,200
FINNIFTY02JAN2420450CE.NFO,02/01/2024,09:41:23,1000.65,1008.65,160,1012.75,120,0,200
FINNIFTY02JAN2420450CE.NFO,02/01/2024,09:41:25,1000.65,1008.85,120,1012.3,120,0,200
FINNIFTY02JAN2420450CE.NFO,02/01/2024,09:41:27,1000.65,1008.85,120,1012.5,600,0,200
FINNIFTY02JAN2420450CE.NFO,02/01/2024,09:41:28,1000.65,1008.85,120,1012.35,40,0,200
FINNIFTY02JAN2420450CE.NFO,02/01/2024,09:41:30,1000.65,1008.85,120,1012.05,2240,0,200
FINNIFTY02JAN2420450CE.NFO,02/01/2024,09:41:31,1000.65,1008.45,200,1012.6,760,0,200
FINNIFTY02JAN2420450CE.NFO,02/01/2024,09:41:33,1000.65,1008.75,40,1012.55,40,0,200
FINNIFTY02JAN2420450CE.NFO,02/01/2024,09:41:35,1000.65,1008.6,40,1012.4,40,0,200
FINNIFTY02JAN2420450CE.NFO,02/01/2024,09:41:36,1000.65,1008.5,120,1011.8,120,0,200
FINNIFTY02JAN2420450CE.NFO,02/01/2024,09:41:38,1000.65,1008.4,80,1010.95,40,0,200
FINNIFTY02JAN2420450CE.NFO,02/01/2024,09:41:40,1000.65,1006.95,40,1011,200,0,200
FINNIFTY02JAN2420450CE.NFO,02/01/2024,09:41:41,1000.65,1008.6,120,1012.35,120,0,200
FINNIFTY02JAN2420450CE.NFO,02/01/2024,09:41:43,1000.65,1008.6,120,1012.4,200,0,200
FINNIFTY02JAN2420450CE.NFO,02/01/2024,09:41:45,1000.65,1008.75,120,1013,160,0,200
FINNIFTY02JAN2420450CE.NFO,02/01/2024,09:41:46,1000.65,1009,40,1012.95,40,0,200
FINNIFTY02JAN2420450CE.NFO,02/01/2024,09:41:48,1000.65,1008.9,120,1012.25,200,0,200
FINNIFTY02JAN2420450CE.NFO,02/01/2024,09:41:49,1000.65,1008.9,120,1012,40,0,200
FINNIFTY02JAN2420450CE.NFO,02/01/2024,09:41:51,1000.65,1008.5,120,1011.8,1760,0,200
FINNIFTY02JAN2420450CE.NFO,02/01/2024,09:41:53,1000.65,1006.75,200,1011.05,120,0,200
FINNIFTY02JAN2420450CE.NFO,02/01/2024,09:41:54,1000.65,1007.7,80,1011.65,40,0,200
FINNIFTY02JAN2420450CE.NFO,02/01/2024,09:41:56,1000.65,1007.9,120,1011.7,1720,0,200
FINNIFTY02JAN2420450CE.NFO,02/01/2024,09:41:58,1000.65,1007.9,120,1011.7,200,0,200
FINNIFTY02JAN2420450CE.NFO,02/01/2024,09:41:59,1000.65,1007.9,120,1011.55,200,0,200
FINNIFTY02JAN2420450CE.NFO,02/01/2024,09:42:01,1000.65,1003.15,120,1009.8,200,0,200
FINNIFTY02JAN2420450CE.NFO,02/01/2024,09:42:03,1000.65,1001.2,160,1007.8,360,0,200
FINNIFTY02JAN2420450CE.NFO,02/01/2024,09:42:04,1000.65,1003.8,200,1008.65,120,0,200
FINNIFTY02JAN2420450CE.NFO,02/01/2024,09:42:06,1000.65,1003.7,80,1006.45,120,0,200
FINNIFTY02JAN2420450CE.NFO,02/01/2024,09:42:08,1000.65,1001.75,200,1005.9,240,0,200
FINNIFTY02JAN2420450CE.NFO,02/01/2024,09:42:09,1000.65,1003.2,120,1017.45,120,0,200
FINNIFTY02JAN2420450CE.NFO,02/01/2024,09:42:11,1000.65,1003.5,120,1008.05,200,0,200
FINNIFTY02JAN2420450CE.NFO,02/01/2024,09:42:12,1000.65,1003.5,120,1007.2,1040,0,200
FINNIFTY02JAN2420450CE.NFO,02/01/2024,09:42:14,1000.65,1003.5,120,1007.05,120,0,200
FINNIFTY02JAN2420450CE.NFO,02/01/2024,09:42:16,1000.65,1003.5,120,1006.95,240,0,200
FINNIFTY02JAN2420450CE.NFO,02/01/2024,09:42:17,1000.65,1003.9,80,1007.9,2360,0,200
FINNIFTY02JAN2420450CE.NFO,02/01/2024,09:42:19,1000.65,1004.2,200,1009.35,240,0,200
FINNIFTY02JAN2420450CE.NFO,02/01/2024,09:42:21,1000.65,1005.05,120,1013.9,160,0,200
FINNIFTY02JAN2420450CE.NFO,02/01/2024,09:42:22,1000.65,1004.7,80,1007.65,200,0,200
FINNIFTY02JAN2420450CE.NFO,02/01/2024,09:42:24,1000.65,1003.35,80,1007.6,200,0,200
FINNIFTY02JAN2420450CE.NFO,02/01/2024,09:42:25,1000.65,1003.35,80,1007.1,200,0,200
FINNIFTY02JAN2420450CE.NFO,02/01/2024,09:42:27,1000.65,1003.75,120,1006.95,120,0,200
FINNIFTY02JAN2420450CE.NFO,02/01/2024,09:42:29,1000.65,1003.85,120,1009.2,120,0,200
FINNIFTY02JAN2420450CE.NFO,02/01/2024,09:42:30,1000.65,1004.55,40,1009.1,320,0,200
FINNIFTY02JAN2420450CE.NFO,02/01/2024,09:42:32,1000.65,1005.15,120,1008,40,0,200
FINNIFTY02JAN2420450CE.NFO,02/01/2024,09:42:33,1000.65,1005.15,120,1008.55,120,0,200
FINNIFTY02JAN2420450CE.NFO,02/01/2024,09:42:35,1000.65,1004.25,120,1008.55,440,0,200
FINNIFTY02JAN2420450CE.NFO,02/01/2024,09:42:37,1000.65,1004.55,120,1007.85,120,0,200
FINNIFTY02JAN2420450CE.NFO,02/01/2024,09:42:38,1000.65,1005,120,1010.45,3000,0,200
FINNIFTY02JAN2420450CE.NFO,02/01/2024,09:42:40,1000.65,1005.8,120,1009.6,120,0,200
FINNIFTY02JAN2420450CE.NFO,02/01/2024,09:42:41,1000.65,1005.8,120,1008.9,120,0,200
FINNIFTY02JAN2420450CE.NFO,02/01/2024,09:42:43,1000.65,1005.8,120,1009.05,120,0,200
FINNIFTY02JAN2420450CE.NFO,02/01/2024,09:42:45,1000.65,1006.2,80,1010.4,3040,0,200
FINNIFTY02JAN2420450CE.NFO,02/01/2024,09:42:46,1000.65,1006.4,120,1009.2,80,0,200
FINNIFTY02JAN2420450CE.NFO,02/01/2024,09:42:48,1000.65,1006.3,120,1009.95,1880,0,200
FINNIFTY02JAN2420450CE.NFO,02/01/2024,09:42:49,1000.65,1006.3,120,1009.5,200,0,200
FINNIFTY02JAN2420450CE.NFO,02/01/2024,09:42:51,1000.65,1006.3,120,1010.1,120,0,200
FINNIFTY02JAN2420450CE.NFO,02/01/2024,09:42:53,1000.65,1007.6,120,1012,40,0,200
FINNIFTY02JAN2420450CE.NFO,02/01/2024,09:42:54,1000.65,1008.35,120,1011.5,120,0,200
FINNIFTY02JAN2420450CE.NFO,02/01/2024,09:42:56,1000.65,1008.35,120,1013.8,200,0,200
FINNIFTY02JAN2420450CE.NFO,02/01/2024,09:42:58,1000.65,1008.45,80,1012.4,240,0,200
FINNIFTY02JAN2420450CE.NFO,02/01/2024,09:42:59,1000.65,1008.65,120,1012.55,120,0,200
FINNIFTY02JAN2420450CE.NFO,02/01/2024,09:43:01,1000.65,1006.75,80,1010.9,120,0,200
FINNIFTY02JAN2420450CE.NFO,02/01/2024,09:43:03,1000.65,1007.55,120,1011.3,40,0,200
FINNIFTY02JAN2420450CE.NFO,02/01/2024,09:43:04,1000.65,1008.7,120,1012.8,80,0,200
FINNIFTY02JAN2420450CE.NFO,02/01/2024,09:43:06,1000.65,1008.8,120,1011.6,40,0,200
FINNIFTY02JAN2420450CE.NFO,02/01/2024,09:43:08,1000.65,1008.8,120,1011.5,200,0,200
FINNIFTY02JAN2420450CE.NFO,02/01/2024,09:43:09,1000.65,1006.85,200,1010.8,120,0,200
FINNIFTY02JAN2420450CE.NFO,02/01/2024,09:43:11,1000.65,1006.85,200,1010.7,1240,0,200
FINNIFTY02JAN2420450CE.NFO,02/01/2024,09:43:13,1000.65,1005.7,200,1008.75,200,0,200
FINNIFTY02JAN2420450CE.NFO,02/01/2024,09:43:14,1000.65,1004.75,200,1008.1,200,0,200
FINNIFTY02JAN2420450CE.NFO,02/01/2024,09:43:16,1000.65,1004.75,200,1008.95,200,0,200
FINNIFTY02JAN2420450CE.NFO,02/01/2024,09:43:18,1000.65,1004.75,200,1008,200,0,200
FINNIFTY02JAN2420450CE.NFO,02/01/2024,09:43:19,1000.65,1004.7,80,1007.3,40,0,200
FINNIFTY02JAN2420450CE.NFO,02/01/2024,09:43:21,1000.65,1003.1,120,1007.2,240,0,200
FINNIFTY02JAN2420450CE.NFO,02/01/2024,09:43:23,1000.65,1003.3,120,1007.05,40,0,200
FINNIFTY02JAN2420450CE.NFO,02/01/2024,09:43:24,1000.65,1001.95,120,1006.6,120,0,200
FINNIFTY02JAN2420450CE.NFO,02/01/2024,09:43:26,1000.65,1002.8,80,1005.5,200,0,200
FINNIFTY02JAN2420450CE.NFO,02/01/2024,09:43:27,1000.65,1001.25,120,1005.65,200,0,200
FINNIFTY02JAN2420450CE.NFO,02/01/2024,09:43:29,1000.65,1002.1,120,1009.15,80,0,200
FINNIFTY02JAN2420450CE.NFO,02/01/2024,09:43:31,1000.65,1002.85,120,1006.1,400,0,200
FINNIFTY02JAN2420450CE.NFO,02/01/2024,09:43:33,1000.65,1002.75,80,1005.35,40,0,200
FINNIFTY02JAN2420450CE.NFO,02/01/2024,09:43:34,1000.65,1000.3,120,1004.2,80,0,200
FINNIFTY02JAN2420450CE.NFO,02/01/2024,09:43:36,1000.65,1000.8,120,1004.45,200,0,200
FINNIFTY02JAN2420450CE.NFO,02/01/2024,09:43:38,1000.65,999.45,120,1002.95,200,0,200
FINNIFTY02JAN2420450CE.NFO,02/01/2024,09:43:39,1000.65,998.1,120,1002.75,480,0,200
FINNIFTY02JAN2420450CE.NFO,02/01/2024,09:43:41,1000.65,999.5,120,1037.35,80,0,200
FINNIFTY02JAN2420450CE.NFO,02/01/2024,09:43:43,1000.65,999.5,120,1029.45,200,0,200
FINNIFTY02JAN2420450CE.NFO,02/01/2024,09:43:44,1000.65,997.7,120,1023.05,80,0,200
FINNIFTY02JAN2420450CE.NFO,02/01/2024,09:43:46,1000.65,998.75,120,1018.1,200,0,200
FINNIFTY02JAN2420450CE.NFO,02/01/2024,09:43:48,1000.65,1000.55,200,1011.85,200,0,200
FINNIFTY02JAN2420450CE.NFO,02/01/2024,09:43:49,1000.65,1001.1,120,1005.3,200,0,200
FINNIFTY02JAN2420450CE.NFO,02/01/2024,09:43:51,1000.65,1001.1,120,1004.4,320,0,200
FINNIFTY02JAN2420450CE.NFO,02/01/2024,09:43:52,1000.65,1001.1,120,1004.2,80,0,200
FINNIFTY02JAN2420450CE.NFO,02/01/2024,09:43:54,1000.65,998.1,160,1003.95,160,0,200
FINNIFTY02JAN2420450CE.NFO,02/01/2024,09:43:56,1000.65,999.45,80,1002.85,200,0,200
FINNIFTY02JAN2420450CE.NFO,02/01/2024,09:43:57,1000.65,999.9,120,1040.75,3200,0,200
FINNIFTY02JAN2420450CE.NFO,02/01/2024,09:43:59,1000.65,1000.1,120,1034.35,240,0,200
FINNIFTY02JAN2420450CE.NFO,02/01/2024,09:44:01,1000.65,1000.95,120,1028.8,200,0,200
FINNIFTY02JAN2420450CE.NFO,02/01/2024,09:44:02,1000.65,997.6,200,1025.05,320,0,200
FINNIFTY02JAN2420450CE.NFO,02/01/2024,09:44:04,1000.65,996.5,80,1019.85,200,0,200
FINNIFTY02JAN2420450CE.NFO,02/01/2024,09:44:06,1000.65,996.9,200,1013.45,80,0,200
FINNIFTY02JAN2420450CE.NFO,02/01/2024,09:44:07,1000.65,997,160,1006.55,40,0,200
FINNIFTY02JAN2420450CE.NFO,02/01/2024,09:44:09,1000.65,996.95,120,1000.2,120,0,200
FINNIFTY02JAN2420450CE.NFO,02/01/2024,09:44:11,1000.65,996.6,440,999.8,80,0,200
FINNIFTY02JAN2420450CE.NFO,02/01/2024,09:44:12,1000.65,997.05,120,1000.35,200,0,200
FINNIFTY02JAN2420450CE.NFO,02/01/2024,09:44:14,1000.65,997.75,200,1003.2,80,0,200
FINNIFTY02JAN2420450CE.NFO,02/01/2024,09:44:15,1000.65,998.25,80,1000.95,120,0,200
FINNIFTY02JAN2420450CE.NFO,02/01/2024,09:44:17,1000.65,996.6,120,1000.45,40,0,200
FINNIFTY02JAN2420450CE.NFO,02/01/2024,09:44:19,1000.65,993.75,40,998,200,0,200
FINNIFTY02JAN2420450CE.NFO,02/01/2024,09:44:20,1000.65,994.75,40,1007.1,120,0,200
FINNIFTY02JAN2420450CE.NFO,02/01/2024,09:44:22,1000.65,996.65,80,1001.6,120,0,200
FINNIFTY02JAN2420450CE.NFO,02/01/2024,09:44:24,1000.65,997.05,120,999.75,200,0,200
FINNIFTY02JAN2420450CE.NFO,02/01/2024,09:44:25,1000.65,997.1,120,1000.35,200,0,200
FINNIFTY02JAN2420450CE.NFO,02/01/2024,09:44:27,1000.65,997.5,120,1002.7,120,0,200
FINNIFTY02JAN2420450CE.NFO,02/01/2024,09:44:29,1000.65,998,200,1000.9,120,0,200
FINNIFTY02JAN2420450CE.NFO,02/01/2024,09:44:30,1000.65,996.3,40,1000.4,200,0,200
FINNIFTY02JAN2420450CE.NFO,02/01/2024,09:44:31,1000.65,997.75,120,1001.25,120,0,200
FINNIFTY02JAN2420450CE.NFO,02/01/2024,09:44:33,1000.65,997.7,80,1000.5,120,0,200
FINNIFTY02JAN2420450CE.NFO,02/01/2024,09:44:35,1000.65,996.6,200,999.2,240,0,200
FINNIFTY02JAN2420450CE.NFO,02/01/2024,09:44:36,1000.65,996.15,200,999.35,120,0,200
FINNIFTY02JAN2420450CE.NFO,02/01/2024,09:44:38,1000.65,997,120,1000.35,240,0,200
FINNIFTY02JAN2420450CE.NFO,02/01/2024,09:44:40,1000.65,997.55,240,1000.2,120,0,200
FINNIFTY02JAN2420450CE.NFO,02/01/2024,09:44:41,1000.65,998.2,80,1001.4,80,0,200
FINNIFTY02JAN2420450CE.NFO,02/01/2024,09:44:43,1000.65,998.3,120,1002.75,2120,0,200
FINNIFTY02JAN2420450CE.NFO,02/01/2024,09:44:45,1000.65,998.9,200,1001.5,40,0,200
FINNIFTY02JAN2420450CE.NFO,02/01/2024,09:44:46,1000.65,995.2,80,1001,280,0,200
FINNIFTY02JAN2420450CE.NFO,02/01/2024,09:44:48,1000.65,997.2,200,1000.1,120,0,200
FINNIFTY02JAN2420450CE.NFO,02/01/2024,09:44:50,1000.65,997.55,200,1000.5,320,0,200
FINNIFTY02JAN2420450CE.NFO,02/01/2024,09:44:51,1000.65,996.4,120,1000.85,1360,0,200
FINNIFTY02JAN2420450CE.NFO,02/01/2024,09:44:53,1000.65,997.35,120,1000.25,120,0,200
FINNIFTY02JAN2420450CE.NFO,02/01/2024,09:44:55,1000.65,998.2,240,1000.75,40,0,200
FINNIFTY02JAN2420450CE.NFO,02/01/2024,09:44:56,1000.65,996.65,120,1000.1,120,0,200
FINNIFTY02JAN2420450CE.NFO,02/01/2024,09:44:58,1000.65,996.95,80,999.6,120,0,200
FINNIFTY02JAN2420450CE.NFO,02/01/2024,09:45:00,1000.65,995.95,240,999.6,240,0,200
FINNIFTY02JAN2420450CE.NFO,02/01/2024,09:45:01,1000.65,994.05,200,998.7,680,0,200
FINNIFTY02JAN2420450CE.NFO,02/01/2024,09:45:03,1000.65,994.8,120,999.35,200,0,200
FINNIFTY02JAN2420450CE.NFO,02/01/2024,09:45:05,1000.65,996.35,40,1001.2,40,0,200
FINNIFTY02JAN2420450CE.NFO,02/01/2024,09:45:06,1000.65,995.35,120,999.4,160,0,200
FINNIFTY02JAN2420450CE.NFO,02/01/2024,09:45:08,1000.65,995.7,80,998.65,440,0,200
FINNIFTY02JAN2420450CE.NFO,02/01/2024,09:45:10,1000.65,996.25,200,999.2,200,0,200
FINNIFTY02JAN2420450CE.NFO,02/01/2024,09:45:11,1000.65,996.55,80,999.7,200,0,200
FINNIFTY02JAN2420450CE.NFO,02/01/2024,09:45:13,1000.65,996.6,120,999.95,120,0,200
FINNIFTY02JAN2420450CE.NFO,02/01/2024,09:45:15,1000.65,994.05,2160,999.65,80,0,200
FINNIFTY02JAN2420450CE.NFO,02/01/2024,09:45:16,1000.65,996.3,120,999.85,40,0,200
FINNIFTY02JAN2420450CE.NFO,02/01/2024,09:45:18,1000.65,996.2,80,998.95,40,0,200
FINNIFTY02JAN2420450CE.NFO,02/01/2024,09:45:20,1000.65,995.4,200,998.9,40,0,200
FINNIFTY02JAN2420450CE.NFO,02/01/2024,09:45:21,1000.65,995.6,200,998.35,200,0,200
FINNIFTY02JAN2420450CE.NFO,02/01/2024,09:45:23,1000.65,994.05,200,998.05,120,0,200
FINNIFTY02JAN2420450CE.NFO,02/01/2024,09:45:25,1000.65,994.4,200,996.9,40,0,200
FINNIFTY02JAN2420450CE.NFO,02/01/2024,09:45:26,1000.65,991.15,120,995,120,0,200
FINNIFTY02JAN2420450CE.NFO,02/01/2024,09:45:28,1000.65,992.05,120,995.75,2480,0,200
FINNIFTY02JAN2420450CE.NFO,02/01/2024,09:45:30,1000.65,991.75,200,997.2,200,0,200
FINNIFTY02JAN2420450CE.NFO,02/01/2024,09:45:31,1000.65,992.25,80,997,80,0,200
FINNIFTY02JAN2420450CE.NFO,02/01/2024,09:45:33,1000.65,993.2,80,996.5,120,0,200
FINNIFTY02JAN2420450CE.NFO,02/01/2024,09:45:35,1000.65,993.7,120,996.55,40,0,200
FINNIFTY02JAN2420450CE.NFO,02/01/2024,09:45:36,1000.65,993.2,440,997.15,1800,0,200
FINNIFTY02JAN2420450CE.NFO,02/01/2024,09:45:38,1000.65,993.2,440,996.85,120,0,200
FINNIFTY02JAN2420450CE.NFO,02/01/2024,09:45:40,1000.65,993.2,440,996.45,240,0,200
FINNIFTY02JAN2420450CE.NFO,02/01/2024,09:45:41,1000.65,993.2,440,996.8,760,0,200
FINNIFTY02JAN2420450CE.NFO,02/01/2024,09:45:43,1000.65,993.2,440,996.2,240,0,200
FINNIFTY02JAN2420450CE.NFO,02/01/2024,09:45:45,1000.65,993.2,440,996.05,40,0,200
FINNIFTY02JAN2420450CE.NFO,02/01/2024,09:45:46,1000.65,988.45,80,995.6,40,0,200
FINNIFTY02JAN2420450CE.NFO,02/01/2024,09:45:48,1000.65,989.9,120,994.3,160,0,200
FINNIFTY02JAN2420450CE.NFO,02/01/2024,09:45:50,1000.65,989.8,240,993.5,40,0,200
FINNIFTY02JAN2420450CE.NFO,02/01/2024,09:45:51,1000.65,989.6,120,992.8,40,0,200
FINNIFTY02JAN2420450CE.NFO,02/01/2024,09:45:53,1000.65,989.6,120,992.6,80,0,200
FINNIFTY02JAN2420450CE.NFO,02/01/2024,09:45:55,1000.65,983.65,160,993.2,200,0,200
FINNIFTY02JAN2420450CE.NFO,02/01/2024,09:45:56,1000.65,985.55,120,991.85,240,0,200
FINNIFTY02JAN2420450CE.NFO,02/01/2024,09:45:58,1000.65,986.8,120,991.6,120,0,200
FINNIFTY02JAN2420450CE.NFO,02/01/2024,09:46:00,1000.65,984.55,80,990.8,200,0,200
FINNIFTY02JAN2420450CE.NFO,02/01/2024,09:46:01,1000.65,985.6,120,1023.4,1360,0,200
FINNIFTY02JAN2420450CE.NFO,02/01/2024,09:46:03,1000.65,986.5,120,1019.45,80,0,200
FINNIFTY02JAN2420450CE.NFO,02/01/2024,09:46:05,1000.65,984.75,40,1014.2,200,0,200
FINNIFTY02JAN2420450CE.NFO,02/01/2024,09:46:06,1000.65,983.9,120,1009.75,80,0,200
FINNIFTY02JAN2420450CE.NFO,02/01/2024,09:46:08,1000.65,985.7,120,1004.95,120,0,200
FINNIFTY02JAN2420450CE.NFO,02/01/2024,09:46:10,1000.65,986.3,120,999,160,0,200
FINNIFTY02JAN2420450CE.NFO,02/01/2024,09:46:11,1000.65,984.35,120,994.6,120,0,200
FINNIFTY02JAN2420450CE.NFO,02/01/2024,09:46:13,1000.65,985.3,120,988.8,120,0,200
FINNIFTY02JAN2420450CE.NFO,02/01/2024,09:46:15,1000.65,985.8,360,988.7,120,0,200
FINNIFTY02JAN2420450CE.NFO,02/01/2024,09:46:16,1000.65,986.25,120,1019.5,160,0,200
FINNIFTY02JAN2420450CE.NFO,02/01/2024,09:46:18,1000.65,987.2,120,1013.4,120,0,200
FINNIFTY02JAN2420450CE.NFO,02/01/2024,09:46:20,1000.65,987.45,40,1005.8,200,0,200
FINNIFTY02JAN2420450CE.NFO,02/01/2024,09:46:21,1000.65,986.35,80,999.95,80,0,200
FINNIFTY02JAN2420450CE.NFO,02/01/2024,09:46:23,1000.65,987.2,200,993.3,200,0,200
FINNIFTY02JAN2420450CE.NFO,02/01/2024,09:46:25,1000.65,988,200,991.2,40,0,200
FINNIFTY02JAN2420450CE.NFO,02/01/2024,09:46:26,1000.65,987.65,160,990.9,40,0,200
FINNIFTY02JAN2420450CE.NFO,02/01/2024,09:46:28,1000.65,988,200,992.15,200,0,200
FINNIFTY02JAN2420450CE.NFO,02/01/2024,09:46:30,1000.65,989,200,998.8,240,0,200
FINNIFTY02JAN2420450CE.NFO,02/01/2024,09:46:32,1000.65,989.75,200,993,200,0,200
FINNIFTY02JAN2420450CE.NFO,02/01/2024,09:46:33,1000.65,990.35,120,994.05,2680,0,200
FINNIFTY02JAN2420450CE.NFO,02/01/2024,09:46:35,1000.65,991.05,200,1018.65,40,0,200
FINNIFTY02JAN2420450CE.NFO,02/01/2024,09:46:36,1000.65,990.85,40,1012.95,120,0,200
FINNIFTY02JAN2420450CE.NFO,02/01/2024,09:46:38,1000.65,989.5,200,1006.45,120,0,200
FINNIFTY02JAN2420450CE.NFO,02/01/2024,09:46:40,1000.65,989.6,200,999.6,120,0,200
FINNIFTY02JAN2420450CE.NFO,02/01/2024,09:46:41,1000.65,990.1,120,993.85,40,0,200
FINNIFTY02JAN2420450CE.NFO,02/01/2024,09:46:43,1000.65,991,120,994.7,3360,0,200
FINNIFTY02JAN2420450CE.NFO,02/01/2024,09:46:45,1000.65,991.6,200,994.2,240,0,200
FINNIFTY02JAN2420450CE.NFO,02/01/2024,09:46:46,1000.65,991.45,40,994.35,240,0,200
FINNIFTY02JAN2420450CE.NFO,02/01/2024,09:46:48,1000.65,991.95,120,997.2,200,0,200
FINNIFTY02JAN2420450CE.NFO,02/01/2024,09:46:50,1000.65,991.75,120,994.65,240,0,200
FINNIFTY02JAN2420450CE.NFO,02/01/2024,09:46:51,1000.65,992.45,40,1001.95,80,0,200
FINNIFTY02JAN2420450CE.NFO,02/01/2024,09:46:53,1000.65,992.95,40,996.9,40,0,200
FINNIFTY02JAN2420450CE.NFO,02/01/2024,09:46:55,1000.65,990.85,40,995.85,240,0,200
FINNIFTY02JAN2420450CE.NFO,02/01/2024,09:46:56,1000.65,991.95,200,996.2,480,0,200
FINNIFTY02JAN2420450CE.NFO,02/01/2024,09:46:58,1000.65,992.85,200,995.65,40,0,200
FINNIFTY02JAN2420450CE.NFO,02/01/2024,09:46:59,1000.65,990.35,40,995.6,360,0,200
FINNIFTY02JAN2420450CE.NFO,02/01/2024,09:47:01,1000.65,992.85,80,997.1,120,0,200
FINNIFTY02JAN2420450CE.NFO,02/01/2024,09:47:03,1000.65,994.35,120,1019.75,40,0,200
FINNIFTY02JAN2420450CE.NFO,02/01/2024,09:47:04,1000.65,995.65,200,1014.8,160,0,200
FINNIFTY02JAN2420450CE.NFO,02/01/2024,09:47:06,1000.65,992.55,40,1008.45,40,0,200
FINNIFTY02JAN2420450CE.NFO,02/01/2024,09:47:08,1000.65,993.95,200,1000.05,40,0,200
FINNIFTY02JAN2420450CE.NFO,02/01/2024,09:47:09,1000.65,994.65,120,998.35,200,0,200
FINNIFTY02JAN2420450CE.NFO,02/01/2024,09:47:11,1000.65,995.45,40,998.6,80,0,200
FINNIFTY02JAN2420450CE.NFO,02/01/2024,09:47:13,1000.65,995.75,200,1001.9,200,0,200
FINNIFTY02JAN2420450CE.NFO,02/01/2024,09:47:14,1000.65,993.6,160,997.55,200,0,200
FINNIFTY02JAN2420450CE.NFO,02/01/2024,09:47:16,1000.65,994.6,200,998.45,1120,0,200
FINNIFTY02JAN2420450CE.NFO,02/01/2024,09:47:18,1000.65,995.4,40,1001.55,200,0,200
FINNIFTY02JAN2420450CE.NFO,02/01/2024,09:47:19,1000.65,995.95,200,999.5,200,0,200
FINNIFTY02JAN2420450CE.NFO,02/01/2024,09:47:21,1000.65,995,200,998.85,40,0,200
FINNIFTY02JAN2420450CE.NFO,02/01/2024,09:47:22,1000.65,995.6,120,999.4,1160,0,200
FINNIFTY02JAN2420450CE.NFO,02/01/2024,09:47:24,1000.65,996,40,999.15,120,0,200
FINNIFTY02JAN2420450CE.NFO,02/01/2024,09:47:26,1000.65,996.5,200,999.4,40,0,200
FINNIFTY02JAN2420450CE.NFO,02/01/2024,09:47:27,1000.65,996.4,120,999.45,40,0,200
FINNIFTY02JAN2420450CE.NFO,02/01/2024,09:47:29,1000.65,997.2,200,1001,120,0,200
FINNIFTY02JAN2420450CE.NFO,02/01/2024,09:47:31,1000.65,998.1,40,1001.95,440,0,200
FINNIFTY02JAN2420450CE.NFO,02/01/2024,09:47:32,1000.65,998.95,120,1020.2,80,0,200
FINNIFTY02JAN2420450CE.NFO,02/01/2024,09:47:34,1000.65,998.7,200,1013.05,40,0,200
FINNIFTY02JAN2420450CE.NFO,02/01/2024,09:47:36,1000.65,998.65,200,1005.3,80,0,200
FINNIFTY02JAN2420450CE.NFO,02/01/2024,09:47:37,1000.65,999.3,40,1004.75,40,0,200
FINNIFTY02JAN2420450CE.NFO,02/01/2024,09:47:39,1000.65,1000.15,40,1003.2,120,0,200
FINNIFTY02JAN2420450CE.NFO,02/01/2024,09:47:41,1000.65,997.35,200,1001.4,200,0,200
FINNIFTY02JAN2420450CE.NFO,02/01/2024,09:47:42,1000.65,998.05,120,1003.85,40,0,200
FINNIFTY02JAN2420450CE.NFO,02/01/2024,09:47:44,1000.65,999.15,200,1002.25,200,0,200
FINNIFTY02JAN2420450CE.NFO,02/01/2024,09:47:46,1000.65,997.65,200,1001.4,120,0,200
FINNIFTY02JAN2420450CE.NFO,02/01/2024,09:47:47,1000.65,998.25,120,1002.05,200,0,200
FINNIFTY02JAN2420450CE.NFO,02/01/2024,09:47:49,1000.65,999.05,40,1016.3,40,0,200
FINNIFTY02JAN2420450CE.NFO,02/01/2024,09:47:51,1000.65,999.65,120,1008.8,200,0,200
FINNIFTY02JAN2420450CE.NFO,02/01/2024,09:47:52,1000.65,996.4,160,1002.65,160,0,200
FINNIFTY02JAN2420450CE.NFO,02/01/2024,09:47:54,1000.65,996.75,120,1001.65,120,0,200
FINNIFTY02JAN2420450CE.NFO,02/01/2024,09:47:56,1000.65,995.6,200,999.65,360,0,200
FINNIFTY02JAN2420450CE.NFO,02/01/2024,09:47:57,1000.65,996.5,120,999.9,120,0,200
FINNIFTY02JAN2420450CE.NFO,02/01/2024,09:47:59,1000.65,997.5,200,1003.55,80,0,200
FINNIFTY02JAN2420450CE.NFO,02/01/2024,09:48:01,1000.65,994.75,120,1000.15,40,0,200
FINNIFTY02JAN2420450CE.NFO,02/01/2024,09:48:02,1000.65,996.1,120,999.35,120,0,200
FINNIFTY02JAN2420450CE.NFO,02/01/2024,09:48:04,1000.65,994.85,280,998.9,240,0,200
FINNIFTY02JAN2420450CE.NFO,02/01/2024,09:48:06,1000.65,995.3,120,997.85,120,0,200
FINNIFTY02JAN2420450CE.NFO,02/01/2024,09:48:07,1000.65,994.2,40,998.05,480,0,200
FINNIFTY02JAN2420450CE.NFO,02/01/2024,09:48:09,1000.65,994.3,120,997.3,360,0,200
FINNIFTY02JAN2420450CE.NFO,02/01/2024,09:48:11,1000.65,994.9,200,997.7,40,0,200
FINNIFTY02JAN2420450CE.NFO,02/01/2024,09:48:12,1000.65,995,120,997.85,200,0,200
FINNIFTY02JAN2420450CE.NFO,02/01/2024,09:48:14,1000.65,994.4,120,998.85,2280,0,200
FINNIFTY02JAN2420450CE.NFO,02/01/2024,09:48:16,1000.65,995.4,120,998.65,200,0,200
FINNIFTY02JAN2420450CE.NFO,02/01/2024,09:48:17,1000.65,995.75,40,998.3,120,0,200
FINNIFTY02JAN2420450CE.NFO,02/01/2024,09:48:19,1000.65,993.05,200,996.35,120,0,200
FINNIFTY02JAN2420450CE.NFO,02/01/2024,09:48:21,1000.65,992.9,200,996.55,280,0,200
FINNIFTY02JAN2420450CE.NFO,02/01/2024,09:48:22,1000.65,993.4,120,996.95,200,0,200
FINNIFTY02JAN2420450CE.NFO,02/01/2024,09:48:24,1000.65,990.95,200,995,40,0,200
FINNIFTY02JAN2420450CE.NFO,02/01/2024,09:48:26,1000.65,991.75,40,994.7,40,0,200
FINNIFTY02JAN2420450CE.NFO,02/01/2024,09:48:27,1000.65,992.25,120,995.5,120,0,200
FINNIFTY02JAN2420450CE.NFO,02/01/2024,09:48:29,1000.65,992.5,40,995.4,160,0,200
FINNIFTY02JAN2420450CE.NFO,02/01/2024,09:48:31,1000.65,992.9,120,995.8,40,0,200
FINNIFTY02JAN2420450CE.NFO,02/01/2024,09:48:32,1000.65,992.9,120,995.8,120,0,200
FINNIFTY02JAN2420450CE.NFO,02/01/2024,09:48:34,1000.65,992.6,120,995.25,120,0,200
FINNIFTY02JAN2420450CE.NFO,02/01/2024,09:48:36,1000.65,991.15,200,994.8,120,0,200
FINNIFTY02JAN2420450CE.NFO,02/01/2024,09:48:37,1000.65,991.75,120,994.85,120,0,200
FINNIFTY02JAN2420450CE.NFO,02/01/2024,09:48:39,1000.65,991.75,120,994.6,120,0,200
FINNIFTY02JAN2420450CE.NFO,02/01/2024,09:48:41,1000.65,992.6,120,996.6,200,0,200
FINNIFTY02JAN2420450CE.NFO,02/01/2024,09:48:42,1000.65,993.35,120,997.3,200,0,200
FINNIFTY02JAN2420450CE.NFO,02/01/2024,09:48:44,1000.65,994.25,40,998.95,200,0,200
FINNIFTY02JAN2420450CE.NFO,02/01/2024,09:48:46,1000.65,994.75,360,997.65,120,0,200
FINNIFTY02JAN2420450CE.NFO,02/01/2024,09:48:47,1000.65,995.1,120,998.65,40,0,200
FINNIFTY02JAN2420450CE.NFO,02/01/2024,09:48:49,1000.65,995.6,160,998.6,40,0,200
FINNIFTY02JAN2420450CE.NFO,02/01/2024,09:48:51,1000.65,995.65,280,999,1800,0,200
FINNIFTY02JAN2420450CE.NFO,02/01/2024,09:48:52,1000.65,994.35,200,997.95,240,0,200
FINNIFTY02JAN2420450CE.NFO,02/01/2024,09:48:54,1000.65,995.75,200,998.75,1200,0,200
FINNIFTY02JAN2420450CE.NFO,02/01/2024,09:48:56,1000.65,996.7,200,999.7,200,0,200
FINNIFTY02JAN2420450CE.NFO,02/01/2024,09:48:57,1000.65,997.25,40,999.95,120,0,200
FINNIFTY02JAN2420450CE.NFO,02/01/2024,09:48:59,1000.65,995.65,200,999.45,200,0,200
FINNIFTY02JAN2420450CE.NFO,02/01/2024,09:49:01,1000.65,996.75,200,1003.1,200,0,200
FINNIFTY02JAN2420450CE.NFO,02/01/2024,09:49:02,1000.65,997.2,120,1001.05,1000,0,200
FINNIFTY02JAN2420450CE.NFO,02/01/2024,09:49:04,1000.65,998.3,120,1000.9,40,0,200
FINNIFTY02JAN2420450CE.NFO,02/01/2024,09:49:06,1000.65,996.8,120,999.75,40,0,200
FINNIFTY02JAN2420450CE.NFO,02/01/2024,09:49:07,1000.65,994.8,120,998.85,120,0,200
FINNIFTY02JAN2420450CE.NFO,02/01/2024,09:49:09,1000.65,994.9,120,998.05,120,0,200
FINNIFTY02JAN2420450CE.NFO,02/01/2024,09:49:11,1000.65,994.8,400,997.95,200,0,200
FINNIFTY02JAN2420450CE.NFO,02/01/2024,09:49:12,1000.65,993.1,200,997.05,40,0,200
FINNIFTY02JAN2420450CE.NFO,02/01/2024,09:49:14,1000.65,994.1,200,998.6,4000,0,200
FINNIFTY02JAN2420450CE.NFO,02/01/2024,09:49:16,1000.65,995,40,997.7,40,0,200
FINNIFTY02JAN2420450CE.NFO,02/01/2024,09:49:18,1000.65,995.05,200,998.15,200,0,200
FINNIFTY02JAN2420450CE.NFO,02/01/2024,09:49:19,1000.65,995.1,200,1022.9,120,0,200
FINNIFTY02JAN2420450CE.NFO,02/01/2024,09:49:21,1000.65,995.8,40,1014.1,120,0,200
FINNIFTY02JAN2420450CE.NFO,02/01/2024,09:49:23,1000.65,996.15,240,1006.5,200,0,200
FINNIFTY02JAN2420450CE.NFO,02/01/2024,09:49:24,1000.65,996.3,120,1000.65,160,0,200
FINNIFTY02JAN2420450CE.NFO,02/01/2024,09:49:26,1000.65,990.9,200,998.95,40,0,200
FINNIFTY02JAN2420450CE.NFO,02/01/2024,09:49:28,1000.65,995.3,200,998.85,40,0,200
FINNIFTY02JAN2420450CE.NFO,02/01/2024,09:49:29,1000.65,996,120,998.9,200,0,200
FINNIFTY02JAN2420450CE.NFO,02/01/2024,09:49:31,1000.65,995.1,120,998.5,40,0,200
FINNIFTY02JAN2420450CE.NFO,02/01/2024,09:49:33,1000.65,995.3,200,998.1,40,0,200
FINNIFTY02JAN2420450CE.NFO,02/01/2024,09:49:34,1000.65,995.15,240,997.75,200,0,200
FINNIFTY02JAN2420450CE.NFO,02/01/2024,09:49:36,1000.65,995.95,40,998.65,200,0,200
FINNIFTY02JAN2420450CE.NFO,02/01/2024,09:49:38,1000.65,996.05,200,998.8,200,0,200
FINNIFTY02JAN2420450CE.NFO,02/01/2024,09:49:39,1000.65,994.45,120,998.15,120,0,200
FINNIFTY02JAN2420450CE.NFO,02/01/2024,09:49:41,1000.65,995.2,200,998.8,120,0,200
FINNIFTY02JAN2420450CE.NFO,02/01/2024,09:49:43,1000.65,996.35,240,1001.55,880,0,200
FINNIFTY02JAN2420450CE.NFO,02/01/2024,09:49:44,1000.65,997.1,120,999.8,40,0,200
FINNIFTY02JAN2420450CE.NFO,02/01/2024,09:49:46,1000.65,996.8,280,1001.15,3520,0,200
FINNIFTY02JAN2420450CE.NFO,02/01/2024,09:49:48,1000.65,997.6,200,1000.3,480,0,200
FINNIFTY02JAN2420450CE.NFO,02/01/2024,09:49:49,1000.65,996.95,120,1000.95,120,0,200
FINNIFTY02JAN2420450CE.NFO,02/01/2024,09:49:51,1000.65,998.3,200,1001.05,200,0,200
FINNIFTY02JAN2420450CE.NFO,02/01/2024,09:49:53,1000.65,998.2,40,1000.85,200,0,200
FINNIFTY02JAN2420450CE.NFO,02/01/2024,09:49:54,1000.65,997.35,120,1001.15,2640,0,200
FINNIFTY02JAN2420450CE.NFO,02/01/2024,09:49:56,1000.65,996.95,160,999.8,120,0,200
FINNIFTY02JAN2420450CE.NFO,02/01/2024,09:49:58,1000.65,995.3,200,999.5,40,0,200
FINNIFTY02JAN2420450CE.NFO,02/01/2024,09:49:59,1000.65,996.6,200,1002.35,40,0,200
FINNIFTY02JAN2420450CE.NFO,02/01/2024,09:50:01,1000.65,997.15,40,1000.65,400,0,200
FINNIFTY02JAN2420450CE.NFO,02/01/2024,09:50:03,1000.65,997.95,200,1000.75,40,0,200
FINNIFTY02JAN2420450CE.NFO,02/01/2024,09:50:04,1000.65,998.05,40,1000.65,40,0,200
FINNIFTY02JAN2420450CE.NFO,02/01/2024,09:50:06,1000.65,998.6,200,1003.4,680,0,200
FINNIFTY02JAN2420450CE.NFO,02/01/2024,09:50:08,1000.65,999.65,40,1002.55,240,0,200
FINNIFTY02JAN2420450CE.NFO,02/01/2024,09:50:09,1000.65,998.2,120,1002.55,160,0,200
FINNIFTY02JAN2420450CE.NFO,02/01/2024,09:50:11,1000.65,998.85,40,1001.6,120,0,200
FINNIFTY02JAN2420450CE.NFO,02/01/2024,09:50:13,1000.65,997.45,200,1000.05,40,0,200
FINNIFTY02JAN2420450CE.NFO,02/01/2024,09:50:14,1000.65,997.75,200,1000.5,200,0,200
FINNIFTY02JAN2420450CE.NFO,02/01/2024,09:50:16,1000.65,996.35,40,1000.2,200,0,200
FINNIFTY02JAN2420450CE.NFO,02/01/2024,09:50:18,1000.65,997.25,200,1000.55,40,0,200
FINNIFTY02JAN2420450CE.NFO,02/01/2024,09:50:19,1000.65,995.45,40,999.85,320,0,200
FINNIFTY02JAN2420450CE.NFO,02/01/2024,09:50:21,1000.65,996.35,40,999.15,240,0,200
FINNIFTY02JAN2420450CE.NFO,02/01/2024,09:50:23,1000.65,994.3,40,998,320,0,200
FINNIFTY02JAN2420450CE.NFO,02/01/2024,09:50:24,1000.65,995.1,40,1000.3,80,0,200
FINNIFTY02JAN2420450CE.NFO,02/01/2024,09:50:26,1000.65,995.7,120,999.2,400,0,200
FINNIFTY02JAN2420450CE.NFO,02/01/2024,09:50:28,1000.65,994.95,200,998.3,200,0,200
FINNIFTY02JAN2420450CE.NFO,02/01/2024,09:50:29,1000.65,993.5,160,997.35,160,0,200
FINNIFTY02JAN2420450CE.NFO,02/01/2024,09:50:31,1000.65,994,200,997.4,120,0,200
FINNIFTY02JAN2420450CE.NFO,02/01/2024,09:50:33,1000.65,994.55,240,997.15,40,0,200
FINNIFTY02JAN2420450CE.NFO,02/01/2024,09:50:34,1000.65,992.3,40,996.8,160,0,200
FINNIFTY02JAN2420450CE.NFO,02/01/2024,09:50:36,1000.65,990.85,200,996,560,0,200
FINNIFTY02JAN2420450CE.NFO,02/01/2024,09:50:38,1000.65,992.55,200,995.7,40,0,200
FINNIFTY02JAN2420450CE.NFO,02/01/2024,09:50:39,1000.65,993.15,120,996,40,0,200
FINNIFTY02JAN2420450CE.NFO,02/01/2024,09:50:41,1000.65,992.15,120,997.3,40,0,200
FINNIFTY02JAN2420450CE.NFO,02/01/2024,09:50:43,1000.65,990.6,400,994.4,40,0,200
FINNIFTY02JAN2420450CE.NFO,02/01/2024,09:50:44,1000.65,990.95,120,995.3,1880,0,200
FINNIFTY02JAN2420450CE.NFO,02/01/2024,09:50:46,1000.65,991.95,120,996.15,1720,0,200
FINNIFTY02JAN2420450CE.NFO,02/01/2024,09:50:48,1000.65,993.95,200,1019.95,40,0,200
FINNIFTY02JAN2420450CE.NFO,02/01/2024,09:50:49,1000.65,994.8,40,1014.1,40,0,200
FINNIFTY02JAN2420450CE.NFO,02/01/2024,09:50:51,1000.65,995.2,200,1005.7,40,0,200
FINNIFTY02JAN2420450CE.NFO,02/01/2024,09:50:53,1000.65,995.05,200,999.45,200,0,200
FINNIFTY02JAN2420450CE.NFO,02/01/2024,09:50:54,1000.65,995.85,240,999,80,0,200
FINNIFTY02JAN2420450CE.NFO,02/01/2024,09:50:56,1000.65,994,120,997.4,120,0,200
FINNIFTY02JAN2420450CE.NFO,02/01/2024,09:50:58,1000.65,994.6,200,997.7,80,0,200
FINNIFTY02JAN2420450CE.NFO,02/01/2024,09:50:59,1000.65,993.35,120,996.4,160,0,200
FINNIFTY02JAN2420450CE.NFO,02/01/2024,09:51:01,1000.65,993.55,200,997.15,40,0,200
FINNIFTY02JAN2420450CE.NFO,02/01/2024,09:51:03,1000.65,990.85,40,997.25,120,0,200
FINNIFTY02JAN2420450CE.NFO,02/01/2024,09:51:04,1000.65,992.2,120,995.35,80,0,200
FINNIFTY02JAN2420450CE.NFO,02/01/2024,09:51:06,1000.65,992.8,120,997.1,200,0,200
FINNIFTY02JAN2420450CE.NFO,02/01/2024,09:51:08,1000.65,993.05,120,996.5,1320,0,200
FINNIFTY02JAN2420450CE.NFO,02/01/2024,09:51:09,1000.65,993.5,40,997.65,3000,0,200
FINNIFTY02JAN2420450CE.NFO,02/01/2024,09:51:11,1000.65,991.7,80,995.65,200,0,200
FINNIFTY02JAN2420450CE.NFO,02/01/2024,09:51:13,1000.65,992.55,200,995.6,40,0,200
FINNIFTY02JAN2420450CE.NFO,02/01/2024,09:51:14,1000.65,992.7,40,995.5,160,0,200
FINNIFTY02JAN2420450CE.NFO,02/01/2024,09:51:16,1000.65,991.45,200,997.05,200,0,200
FINNIFTY02JAN2420450CE.NFO,02/01/2024,09:51:18,1000.65,992.05,200,995.65,120,0,200
FINNIFTY02JAN2420450CE.NFO,02/01/2024,09:51:19,1000.65,992.55,120,1000.7,40,0,200
FINNIFTY02JAN2420450CE.NFO,02/01/2024,09:51:21,1000.65,993.5,120,996.65,200,0,200
FINNIFTY02JAN2420450CE.NFO,02/01/2024,09:51:23,1000.65,994.15,240,997.6,880,0,200
FINNIFTY02JAN2420450CE.NFO,02/01/2024,09:51:25,1000.65,992.85,200,995.8,200,0,200
FINNIFTY02JAN2420450CE.NFO,02/01/2024,09:51:26,1000.65,992.45,40,995.5,40,0,200
FINNIFTY02JAN2420450CE.NFO,02/01/2024,09:51:28,1000.65,993.15,200,996.8,200,0,200
FINNIFTY02JAN2420450CE.NFO,02/01/2024,09:51:30,1000.65,993.8,240,996.7,240,0,200
FINNIFTY02JAN2420450CE.NFO,02/01/2024,09:51:31,1000.65,994,40,997.15,200,0,200
FINNIFTY02JAN2420450CE.NFO,02/01/2024,09:51:33,1000.65,993.55,240,996.65,40,0,200
FINNIFTY02JAN2420450CE.NFO,02/01/2024,09:51:35,1000.65,994.6,200,998.2,240,0,200
FINNIFTY02JAN2420450CE.NFO,02/01/2024,09:51:36,1000.65,995.5,120,998.6,40,0,200
FINNIFTY02JAN2420450CE.NFO,02/01/2024,09:51:38,1000.65,995.3,160,998.15,40,0,200
FINNIFTY02JAN2420450CE.NFO,02/01/2024,09:51:40,1000.65,995.7,200,998.75,120,0,200
FINNIFTY02JAN2420450CE.NFO,02/01/2024,09:51:41,1000.65,996.5,200,999.85,120,0,200
FINNIFTY02JAN2420450CE.NFO,02/01/2024,09:51:43,1000.65,997.2,200,1000.4,80,0,200
FINNIFTY02JAN2420450CE.NFO,02/01/2024,09:51:45,1000.65,995.9,240,999.85,1000,0,200
FINNIFTY02JAN2420450CE.NFO,02/01/2024,09:51:46,1000.65,996.25,120,999.35,240,0,200
FINNIFTY02JAN2420450CE.NFO,02/01/2024,09:51:48,1000.65,994.6,120,998.2,200,0,200
FINNIFTY02JAN2420450CE.NFO,02/01/2024,09:51:50,1000.65,995.2,200,998.25,200,0,200
FINNIFTY02JAN2420450CE.NFO,02/01/2024,09:51:51,1000.65,995.8,200,998.75,200,0,200
FINNIFTY02JAN2420450CE.NFO,02/01/2024,09:51:53,1000.65,996.15,200,998.9,40,0,200
FINNIFTY02JAN2420450CE.NFO,02/01/2024,09:51:55,1000.65,995.55,200,999.25,40,0,200
FINNIFTY02JAN2420450CE.NFO,02/01/2024,09:51:56,1000.65,996.35,120,1001.55,40,0,200
FINNIFTY02JAN2420450CE.NFO,02/01/2024,09:51:58,1000.65,994.65,200,998.7,200,0,200
FINNIFTY02JAN2420450CE.NFO,02/01/2024,09:52:00,1000.65,995.4,200,1000.9,40,0,200
FINNIFTY02JAN2420450CE.NFO,02/01/2024,09:52:01,1000.65,994.35,120,998.35,120,0,200
FINNIFTY02JAN2420450CE.NFO,02/01/2024,09:52:03,1000.65,995.45,200,998.45,200,0,200
FINNIFTY02JAN2420450CE.NFO,02/01/2024,09:52:05,1000.65,994.05,200,998.1,1320,0,200
FINNIFTY02JAN2420450CE.NFO,02/01/2024,09:52:06,1000.65,994.85,120,999.15,2880,0,200
FINNIFTY02JAN2420450CE.NFO,02/01/2024,09:52:08,1000.65,995.65,200,998.4,440,0,200
FINNIFTY02JAN2420450CE.NFO,02/01/2024,09:52:10,1000.65,993.1,200,996.55,200,0,200
FINNIFTY02JAN2420450CE.NFO,02/01/2024,09:52:11,1000.65,993.9,120,996.95,40,0,200
FINNIFTY02JAN2420450CE.NFO,02/01/2024,09:52:13,1000.65,993.15,120,997.15,120,0,200
FINNIFTY02JAN2420450CE.NFO,02/01/2024,09:52:15,1000.65,993.95,200,996.7,240,0,200
FINNIFTY02JAN2420450CE.NFO,02/01/2024,09:52:16,1000.65,992.9,120,996.2,200,0,200
FINNIFTY02JAN2420450CE.NFO,02/01/2024,09:52:18,1000.65,992.4,200,996.5,3280,0,200
FINNIFTY02JAN2420450CE.NFO,02/01/2024,09:52:20,1000.65,993.2,200,996.6,160,0,200
FINNIFTY02JAN2420450CE.NFO,02/01/2024,09:52:21,1000.65,992.25,320,996,200,0,200
FINNIFTY02JAN2420450CE.NFO,02/01/2024,09:52:23,1000.65,993.35,200,996.15,40,0,200
FINNIFTY02JAN2420450CE.NFO,02/01/2024,09:52:25,1000.65,993.05,200,995.6,480,0,200
FINNIFTY02JAN2420450CE.NFO,02/01/2024,09:52:26,1000.65,991.4,80,995.35,240,0,200
FINNIFTY02JAN2420450CE.NFO,02/01/2024,09:52:28,1000.65,993.1,200,996.5,120,0,200
FINNIFTY02JAN2420450CE.NFO,02/01/2024,09:52:29,1000.65,993.55,80,998.95,200,0,200
FINNIFTY02JAN2420450CE.NFO,02/01/2024,09:52:31,1000.65,994.6,120,998.65,2200,0,200
FINNIFTY02JAN2420450CE.NFO,02/01/2024,09:52:33,1000.65,992.1,160,997.25,40,0,200
FINNIFTY02JAN2420450CE.NFO,02/01/2024,09:52:35,1000.65,994,200,997.5,40,0,200
FINNIFTY02JAN2420450CE.NFO,02/01/2024,09:52:36,1000.65,993.4,120,997.55,120,0,200
FINNIFTY02JAN2420450CE.NFO,02/01/2024,09:52:38,1000.65,992.25,200,996.7,80,0,200
FINNIFTY02JAN2420450CE.NFO,02/01/2024,09:52:40,1000.65,993.25,200,996.6,40,0,200
FINNIFTY02JAN2420450CE.NFO,02/01/2024,09:52:41,1000.65,992.6,120,996.8,440,0,200
FINNIFTY02JAN2420450CE.NFO,02/01/2024,09:52:43,1000.65,993.3,200,996.85,200,0,200
FINNIFTY02JAN2420450CE.NFO,02/01/2024,09:52:45,1000.65,991.95,40,996.15,200,0,200
FINNIFTY02JAN2420450CE.NFO,02/01/2024,09:52:46,1000.65,993.25,120,996.8,200,0,200
FINNIFTY02JAN2420450CE.NFO,02/01/2024,09:52:48,1000.65,994.15,120,996.75,120,0,200
FINNIFTY02JAN2420450CE.NFO,02/01/2024,09:52:50,1000.65,994.45,120,997.25,240,0,200
FINNIFTY02JAN2420450CE.NFO,02/01/2024,09:52:51,1000.65,993.05,120,996.65,160,0,200
FINNIFTY02JAN2420450CE.NFO,02/01/2024,09:52:53,1000.65,988.65,200,995.8,360,0,200
FINNIFTY02JAN2420450CE.NFO,02/01/2024,09:52:55,1000.65,992.45,200,996.1,200,0,200
FINNIFTY02JAN2420450CE.NFO,02/01/2024,09:52:56,1000.65,993.45,120,997.8,120,0,200
FINNIFTY02JAN2420450CE.NFO,02/01/2024,09:52:58,1000.65,993.75,120,996.45,40,0,200
FINNIFTY02JAN2420450CE.NFO,02/01/2024,09:53:00,1000.65,991.2,200,994.95,200,0,200
FINNIFTY02JAN2420450CE.NFO,02/01/2024,09:53:01,1000.65,991.8,120,995.05,200,0,200
FINNIFTY02JAN2420450CE.NFO,02/01/2024,09:53:03,1000.65,992.2,120,995.05,120,0,200
FINNIFTY02JAN2420450CE.NFO,02/01/2024,09:53:05,1000.65,991.5,200,995.35,120,0,200
FINNIFTY02JAN2420450CE.NFO,02/01/2024,09:53:06,1000.65,992,120,995.35,40,0,200
FINNIFTY02JAN2420450CE.NFO,02/01/2024,09:53:08,1000.65,992.8,120,995.7,40,0,200
FINNIFTY02JAN2420450CE.NFO,02/01/2024,09:53:10,1000.65,990.95,120,995.4,200,0,200
FINNIFTY02JAN2420450CE.NFO,02/01/2024,09:53:11,1000.65,991.55,120,994.6,360,0,200
FINNIFTY02JAN2420450CE.NFO,02/01/2024,09:53:13,1000.65,990.3,120,994.1,200,0,200
FINNIFTY02JAN2420450CE.NFO,02/01/2024,09:53:15,1000.65,991.1,200,993.9,200,0,200
FINNIFTY02JAN2420450CE.NFO,02/01/2024,09:53:16,1000.65,990,120,994.5,3600,0,200
FINNIFTY02JAN2420450CE.NFO,02/01/2024,09:53:18,1000.65,990.95,120,1019.7,120,0,200
FINNIFTY02JAN2420450CE.NFO,02/01/2024,09:53:20,1000.65,991.55,120,1012.95,40,0,200
FINNIFTY02JAN2420450CE.NFO,02/01/2024,09:53:21,1000.65,991.85,120,1006.35,160,0,200
FINNIFTY02JAN2420450CE.NFO,02/01/2024,09:53:23,1000.65,992.05,200,998.95,120,0,200
FINNIFTY02JAN2420450CE.NFO,02/01/2024,09:53:25,1000.65,992.45,200,995.3,40,0,200
FINNIFTY02JAN2420450CE.NFO,02/01/2024,09:53:26,1000.65,990.45,320,993.95,360,0,200
FINNIFTY02JAN2420450CE.NFO,02/01/2024,09:53:28,1000.65,989.75,160,993.75,120,0,200
FINNIFTY02JAN2420450CE.NFO,02/01/2024,09:53:30,1000.65,990.35,200,993.4,200,0,200
FINNIFTY02JAN2420450CE.NFO,02/01/2024,09:53:31,1000.65,989.35,240,998.3,40,0,200
FINNIFTY02JAN2420450CE.NFO,02/01/2024,09:53:33,1000.65,990.9,120,995.4,1320,0,200
FINNIFTY02JAN2420450CE.NFO,02/01/2024,09:53:35,1000.65,993.1,120,997.45,40,0,200
FINNIFTY02JAN2420450CE.NFO,02/01/2024,09:53:36,1000.65,994.2,120,997,40,0,200
FINNIFTY02JAN2420450CE.NFO,02/01/2024,09:53:38,1000.65,993,120,996.65,680,0,200
FINNIFTY02JAN2420450CE.NFO,02/01/2024,09:53:40,1000.65,993.7,200,996.4,40,0,200
FINNIFTY02JAN2420450CE.NFO,02/01/2024,09:53:41,1000.65,993.9,120,997,240,0,200
FINNIFTY02JAN2420450CE.NFO,02/01/2024,09:53:43,1000.65,994.8,120,1019.25,40,0,200
FINNIFTY02JAN2420450CE.NFO,02/01/2024,09:53:45,1000.65,995.3,200,1012.05,40,0,200
FINNIFTY02JAN2420450CE.NFO,02/01/2024,09:53:46,1000.65,993.3,80,1006.85,80,0,200
FINNIFTY02JAN2420450CE.NFO,02/01/2024,09:53:48,1000.65,994.3,200,998.5,80,0,200
FINNIFTY02JAN2420450CE.NFO,02/01/2024,09:53:50,1000.65,994.9,200,997.5,40,0,200
FINNIFTY02JAN2420450CE.NFO,02/01/2024,09:53:51,1000.65,993.5,120,997.65,200,0,200
FINNIFTY02JAN2420450CE.NFO,02/01/2024,09:53:53,1000.65,994.4,120,997.55,320,0,200
FINNIFTY02JAN2420450CE.NFO,02/01/2024,09:53:55,1000.65,993.05,40,997.1,600,0,200
FINNIFTY02JAN2420450CE.NFO,02/01/2024,09:53:56,1000.65,994.15,80,998,240,0,200
FINNIFTY02JAN2420450CE.NFO,02/01/2024,09:53:58,1000.65,995.35,200,1000.2,80,0,200
FINNIFTY02JAN2420450CE.NFO,02/01/2024,09:54:00,1000.65,996.35,200,999.25,200,0,200
FINNIFTY02JAN2420450CE.NFO,02/01/2024,09:54:01,1000.65,995,200,999.45,200,0,200
FINNIFTY02JAN2420450CE.NFO,02/01/2024,09:54:03,1000.65,996.05,120,1001.05,40,0,200
FINNIFTY02JAN2420450CE.NFO,02/01/2024,09:54:05,1000.65,997.05,200,1000.25,200,0,200
FINNIFTY02JAN2420450CE.NFO,02/01/2024,09:54:06,1000.65,995.65,120,1000.05,200,0,200
FINNIFTY02JAN2420450CE.NFO,02/01/2024,09:54:08,1000.65,996.55,120,999.8,80,0,200
FINNIFTY02JAN2420450CE.NFO,02/01/2024,09:54:10,1000.65,996.95,120,999.6,200,0,200
FINNIFTY02JAN2420450CE.NFO,02/01/2024,09:54:11,1000.65,995.6,200,999.4,120,0,200
FINNIFTY02JAN2420450CE.NFO,02/01/2024,09:54:13,1000.65,996.5,120,999.55,120,0,200
FINNIFTY02JAN2420450CE.NFO,02/01/2024,09:54:15,1000.65,994.95,560,997.95,280,0,200
FINNIFTY02JAN2420450CE.NFO,02/01/2024,09:54:16,1000.65,994.3,120,997.85,120,0,200
FINNIFTY02JAN2420450CE.NFO,02/01/2024,09:54:18,1000.65,995.4,120,1022.15,240,0,200
FINNIFTY02JAN2420450CE.NFO,02/01/2024,09:54:20,1000.65,996.1,200,1016.4,200,0,200
FINNIFTY02JAN2420450CE.NFO,02/01/2024,09:54:21,1000.65,994.5,120,1010.75,40,0,200
FINNIFTY02JAN2420450CE.NFO,02/01/2024,09:54:23,1000.65,991.85,120,1005.95,120,0,200
FINNIFTY02JAN2420450CE.NFO,02/01/2024,09:54:25,1000.65,992.55,200,999.8,80,0,200
FINNIFTY02JAN2420450CE.NFO,02/01/2024,09:54:26,1000.65,992.9,120,995.7,120,0,200
FINNIFTY02JAN2420450CE.NFO,02/01/2024,09:54:28,1000.65,991.55,120,995,320,0,200
FINNIFTY02JAN2420450CE.NFO,02/01/2024,09:54:31,1000.65,991.2,200,994.1,200,0,200
FINNIFTY02JAN2420450CE.NFO,02/01/2024,09:54:33,1000.65,989.85,120,993.05,200,0,200
FINNIFTY02JAN2420450CE.NFO,02/01/2024,09:54:34,1000.65,990.3,200,993.55,160,0,200
FINNIFTY02JAN2420450CE.NFO,02/01/2024,09:54:36,1000.65,989.2,120,992.45,80,0,200
FINNIFTY02JAN2420450CE.NFO,02/01/2024,09:54:38,1000.65,989.9,200,993.05,80,0,200
FINNIFTY02JAN2420450CE.NFO,02/01/2024,09:54:39,1000.65,988,40,993.45,120,0,200
FINNIFTY02JAN2420450CE.NFO,02/01/2024,09:54:41,1000.65,989.55,200,992.95,200,0,200
FINNIFTY02JAN2420450CE.NFO,02/01/2024,09:54:43,1000.65,989.95,120,993.2,200,0,200
FINNIFTY02JAN2420450CE.NFO,02/01/2024,09:54:44,1000.65,988.6,120,992.3,200,0,200
FINNIFTY02JAN2420450CE.NFO,02/01/2024,09:54:46,1000.65,980.9,40,991.5,120,0,200
FINNIFTY02JAN2420450CE.NFO,02/01/2024,09:54:48,1000.65,982.75,240,989.55,80,0,200
FINNIFTY02JAN2420450CE.NFO,02/01/2024,09:54:49,1000.65,980.85,40,987.8,160,0,200
FINNIFTY02JAN2420450CE.NFO,02/01/2024,09:54:51,1000.65,970.9,640,987.3,560,0,200
FINNIFTY02JAN2420450CE.NFO,02/01/2024,09:54:53,1000.65,952.55,120,986.85,160,0,200
FINNIFTY02JAN2420450CE.NFO,02/01/2024,09:54:54,1000.65,952.8,200,986.55,40,0,200
FINNIFTY02JAN2420450CE.NFO,02/01/2024,09:54:56,1000.65,953.6,120,986.15,120,0,200
FINNIFTY02JAN2420450CE.NFO,02/01/2024,09:54:58,1000.65,953.95,480,985.65,480,0,200
FINNIFTY02JAN2420450CE.NFO,02/01/2024,09:54:59,1000.65,954.8,240,985,120,0,200
FINNIFTY02JAN2420450CE.NFO,02/01/2024,09:55:01,1000.65,956.05,40,984.05,40,0,200
FINNIFTY02JAN2420450CE.NFO,02/01/2024,09:55:03,1000.65,957.3,40,982.85,40,0,200
FINNIFTY02JAN2420450CE.NFO,02/01/2024,09:55:04,1000.65,957.9,160,981.4,160,0,200
FINNIFTY02JAN2420450CE.NFO,02/01/2024,09:55:06,1000.65,959.1,120,980.2,120,0,200
FINNIFTY02JAN2420450CE.NFO,02/01/2024,09:55:08,1000.65,959.45,80,979.15,240,0,200
FINNIFTY02JAN2420450CE.NFO,02/01/2024,09:55:09,1000.65,960.45,120,977.25,40,0,200
FINNIFTY02JAN2420450CE.NFO,02/01/2024,09:55:11,1000.65,962.15,40,975.5,40,0,200
FINNIFTY02JAN2420450CE.NFO,02/01/2024,09:55:13,1000.65,963.4,120,973.35,40,0,200
FINNIFTY02JAN2420450CE.NFO,02/01/2024,09:55:14,1000.65,954.05,360,971.6,120,0,200
FINNIFTY02JAN2420450CE.NFO,02/01/2024,09:55:16,1000.65,956.55,200,969.05,40,0,200
FINNIFTY02JAN2420450CE.NFO,02/01/2024,09:55:18,1000.65,958.7,160,967.05,40,0,200
FINNIFTY02JAN2420450CE.NFO,02/01/2024,09:55:19,1000.65,960.35,120,964.8,80,0,200
FINNIFTY02JAN2420450CE.NFO,02/01/2024,09:55:21,1000.65,949.7,200,962.65,200,0,200
FINNIFTY02JAN2420450CE.NFO,02/01/2024,09:55:23,1000.65,934.85,160,961.3,160,0,200
FINNIFTY02JAN2420450CE.NFO,02/01/2024,09:55:24,1000.65,935.8,240,960.35,120,0,200
FINNIFTY02JAN2420450CE.NFO,02/01/2024,09:55:26,1000.65,937.25,160,959.35,360,0,200
FINNIFTY02JAN2420450CE.NFO,02/01/2024,09:55:28,1000.65,938.25,80,958.3,80,0,200
FINNIFTY02JAN2420450CE.NFO,02/01/2024,09:55:29,1000.65,940.05,40,956.8,400,0,200
FINNIFTY02JAN2420450CE.NFO,02/01/2024,09:55:31,1000.65,941.1,280,955.75,280,0,200
FINNIFTY02JAN2420450CE.NFO,02/01/2024,09:55:32,1000.65,942.85,160,954.6,280,0,200
FINNIFTY02JAN2420450CE.NFO,02/01/2024,09:55:34,1000.65,945.7,1520,952.8,160,0,200
FINNIFTY02JAN2420450CE.NFO,02/01/2024,09:55:36,1000.65,947.1,240,951.35,120,0,200
FINNIFTY02JAN2420450CE.NFO,02/01/2024,09:55:37,1000.65,919,200,949.7,480,0,200
FINNIFTY02JAN2420450CE.NFO,02/01/2024,09:55:39,1000.65,921.75,80,986.25,200,0,200
FINNIFTY02JAN2420450CE.NFO,02/01/2024,09:55:41,1000.65,924.95,200,983.4,200,0,200
FINNIFTY02JAN2420450CE.NFO,02/01/2024,09:55:42,1000.65,927.25,80,981.45,80,0,200
FINNIFTY02JAN2420450CE.NFO,02/01/2024,09:55:44,1000.65,930.7,160,978.8,160,0,200
FINNIFTY02JAN2420450CE.NFO,02/01/2024,09:55:46,1000.65,934.15,360,971.05,360,0,200
FINNIFTY02JAN2420450CE.NFO,02/01/2024,09:55:47,1000.65,937.7,160,968.15,160,0,200
FINNIFTY02JAN2420450CE.NFO,02/01/2024,09:55:49,1000.65,940.85,120,965.5,120,0,200
FINNIFTY02JAN2420450CE.NFO,02/01/2024,09:55:50,1000.65,945,40,962.05,240,0,200
FINNIFTY02JAN2420450CE.NFO,02/01/2024,09:55:52,1000.65,917.1,1320,958.7,120,0,200
FINNIFTY02JAN2420450CE.NFO,02/01/2024,09:55:54,1000.65,918.95,40,956.9,40,0,200
FINNIFTY02JAN2420450CE.NFO,02/01/2024,09:55:55,1000.65,921.1,160,955.1,160,0,200
FINNIFTY02JAN2420450CE.NFO,02/01/2024,09:55:57,1000.65,923.1,40,953.25,40,0,200
FINNIFTY02JAN2420450CE.NFO,02/01/2024,09:55:59,1000.65,925.2,160,951.15,160,0,200
FINNIFTY02JAN2420450CE.NFO,02/01/2024,09:56:01,1000.65,898.45,120,950.1,360,0,200
FINNIFTY02JAN2420450CE.NFO,02/01/2024,09:56:02,1000.65,899.55,40,949.15,40,0,200
FINNIFTY02JAN2420450CE.NFO,02/01/2024,09:56:04,1000.65,900.45,120,948.15,320,0,200
FINNIFTY02JAN2420450CE.NFO,02/01/2024,09:56:06,1000.65,901.3,1960,947.3,2440,0,200
FINNIFTY02JAN2420450CE.NFO,02/01/2024,09:56:07,1000.65,902.45,200,946.05,40,0,200
FINNIFTY02JAN2420450CE.NFO,02/01/2024,09:56:09,1000.65,903.45,320,944.5,40,0,200
FINNIFTY02JAN2420450CE.NFO,02/01/2024,09:56:11,1000.65,879.7,400,937.1,120,0,200
FINNIFTY02JAN2420450CE.NFO,02/01/2024,09:56:12,1000.65,881.05,240,935.7,40,0,200
FINNIFTY02JAN2420450CE.NFO,02/01/2024,09:56:14,1000.65,882.5,160,934.05,40,0,200
FINNIFTY02JAN2420450CE.NFO,02/01/2024,09:56:16,1000.65,883.75,200,932.8,200,0,200
FINNIFTY02JAN2420450CE.NFO,02/01/2024,09:56:17,1000.65,885.6,40,930.75,40,0,200
FINNIFTY02JAN2420450CE.NFO,02/01/2024,09:56:19,1000.65,887,40,928.6,200,0,200
FINNIFTY02JAN2420450CE.NFO,02/01/2024,09:56:21,1000.65,887.75,400,926.5,400,0,200
FINNIFTY02JAN2420450CE.NFO,02/01/2024,09:56:22,1000.65,889.85,40,924.45,160,0,200
FINNIFTY02JAN2420450CE.NFO,02/01/2024,09:56:24,1000.65,892,200,922.4,2000,0,200
FINNIFTY02JAN2420450CE.NFO,02/01/2024,09:56:26,1000.65,893.9,160,920.65,160,0,200
FINNIFTY02JAN2420450CE.NFO,02/01/2024,09:56:27,1000.65,895.6,120,919,120,0,200
FINNIFTY02JAN2420450CE.NFO,02/01/2024,09:56:29,1000.65,897.15,40,917.5,40,0,200
FINNIFTY02JAN2420450CE.NFO,02/01/2024,09:56:30,1000.65,898.7,200,915.95,200,0,200
FINNIFTY02JAN2420450CE.NFO,02/01/2024,09:56:32,1000.65,899.3,120,914,160,0,200
FINNIFTY02JAN2420450CE.NFO,02/01/2024,09:56:34,1000.65,897.9,80,911.7,40,0,200
FINNIFTY02JAN2420450CE.NFO,02/01/2024,09:56:35,1000.65,897.7,240,909.8,440,0,200
FINNIFTY02JAN2420450CE.NFO,02/01/2024,09:56:37,1000.65,872.85,120,907,120,0,200
FINNIFTY02JAN2420450CE.NFO,02/01/2024,09:56:39,1000.65,874.9,640,905.05,640,0,200
FINNIFTY02JAN2420450CE.NFO,02/01/2024,09:56:40,1000.65,876.75,200,903.15,200,0,200
FINNIFTY02JAN2420450CE.NFO,02/01/2024,09:56:42,1000.65,878.75,200,901.25,200,0,200
FINNIFTY02JAN2420450CE.NFO,02/01/2024,09:56:44,1000.65,880.35,440,899.5,240,0,200
FINNIFTY02JAN2420450CE.NFO,02/01/2024,09:56:45,1000.65,871.15,280,897.85,280,0,200
FINNIFTY02JAN2420450CE.NFO,02/01/2024,09:56:47,1000.65,851.65,160,896.1,160,0,200
FINNIFTY02JAN2420450CE.NFO,02/01/2024,09:56:49,1000.65,853.7,200,894.3,40,0,200
FINNIFTY02JAN2420450CE.NFO,02/01/2024,09:56:50,1000.65,855.6,240,892.5,80,0,200
FINNIFTY02JAN2420450CE.NFO,02/01/2024,09:56:52,1000.65,858,80,890.2,80,0,200
FINNIFTY02JAN2420450CE.NFO,02/01/2024,09:56:54,1000.65,860.25,40,888.25,40,0,200
FINNIFTY02JAN2420450CE.NFO,02/01/2024,09:56:55,1000.65,862.3,80,888,40,0,200
FINNIFTY02JAN2420450CE.NFO,02/01/2024,09:56:57,1000.65,864.5,40,886.25,40,0,200
FINNIFTY02JAN2420450CE.NFO,02/01/2024,09:56:59,1000.65,866.95,200,884.1,320,0,200
FINNIFTY02JAN2420450CE.NFO,02/01/2024,09:57:00,1000.65,870.25,120,918.65,40,0,200
FINNIFTY02JAN2420450CE.NFO,02/01/2024,09:57:02,1000.65,872.05,80,917.1,160,0,200
FINNIFTY02JAN2420450CE.NFO,02/01/2024,09:57:04,1000.65,852,120,915.05,400,0,200
FINNIFTY02JAN2420450CE.NFO,02/01/2024,09:57:05,1000.65,854.3,80,900.15,80,0,200
FINNIFTY02JAN2420450CE.NFO,02/01/2024,09:57:07,1000.65,856.5,120,897.55,400,0,200
FINNIFTY02JAN2420450CE.NFO,02/01/2024,09:57:09,1000.65,831.7,80,895.7,120,0,200
FINNIFTY02JAN2420450CE.NFO,02/01/2024,09:57:10,1000.65,833.5,920,893.95,720,0,200
FINNIFTY02JAN2420450CE.NFO,02/01/2024,09:57:12,1000.65,835.7,120,884.05,280,0,200
FINNIFTY02JAN2420450CE.NFO,02/01/2024,09:57:14,1000.65,838.65,200,881.6,320,0,200
FINNIFTY02JAN2420450CE.NFO,02/01/2024,09:57:15,839.9,816.1,80,879.25,120,40,1400
FINNIFTY02JAN2420450CE.NFO,02/01/2024,09:57:15,839.9,816.1,80,879.25,120,0,1400
FINNIFTY02JAN2420450CE.NFO,02/01/2024,09:57:17,839.9,818.9,40,877,40,0,1400
FINNIFTY02JAN2420450CE.NFO,02/01/2024,09:57:18,839.9,821.35,160,874.95,80,0,1400
FINNIFTY02JAN2420450CE.NFO,02/01/2024,09:57:20,839.9,824.2,400,872.35,40,0,1400
FINNIFTY02JAN2420450CE.NFO,02/01/2024,09:57:22,839.9,826.55,200,870.25,240,0,1400
FINNIFTY02JAN2420450CE.NFO,02/01/2024,09:57:23,839.9,828.45,200,868.3,200,0,1400
FINNIFTY02JAN2420450CE.NFO,02/01/2024,09:57:25,839.9,830.45,1680,866.75,1560,0,1400
FINNIFTY02JAN2420450CE.NFO,02/01/2024,09:57:27,839.9,831.85,160,844,160,0,1400
FINNIFTY02JAN2420450CE.NFO,02/01/2024,09:57:28,839.9,837.4,80,842.35,240,0,1400
FINNIFTY02JAN2420450CE.NFO,02/01/2024,09:57:30,839.9,834.35,160,883.7,160,0,1400
FINNIFTY02JAN2420450CE.NFO,02/01/2024,09:57:32,839.9,847.65,400,882.15,400,0,1400
FINNIFTY02JAN2420450CE.NFO,02/01/2024,09:57:33,839.9,850.7,200,880.45,200,0,1400
FINNIFTY02JAN2420450CE.NFO,02/01/2024,09:57:35,839.9,852.8,200,878.4,400,0,1400
FINNIFTY02JAN2420450CE.NFO,02/01/2024,09:57:37,839.9,854.8,80,876.5,120,0,1400
FINNIFTY02JAN2420450CE.NFO,02/01/2024,09:57:38,839.9,856.1,280,874.45,280,0,1400
FINNIFTY02JAN2420450CE.NFO,02/01/2024,09:57:40,839.9,857.4,40,873,640,0,1400
FINNIFTY02JAN2420450CE.NFO,02/01/2024,09:57:42,839.9,859.9,40,871.2,240,0,1400
FINNIFTY02JAN2420450CE.NFO,02/01/2024,09:57:43,839.9,862.45,160,902.55,160,0,1400
FINNIFTY02JAN2420450CE.NFO,02/01/2024,09:57:45,839.9,864.1,240,901,400,0,1400
FINNIFTY02JAN2420450CE.NFO,02/01/2024,09:57:46,839.9,859.5,40,877.1,320,0,1400
FINNIFTY02JAN2420450CE.NFO,02/01/2024,09:57:48,839.9,852.35,40,875.1,400,0,1400
FINNIFTY02JAN2420450CE.NFO,02/01/2024,09:57:50,839.9,854.85,240,872.6,240,0,1400
FINNIFTY02JAN2420450CE.NFO,02/01/2024,09:57:51,839.9,856.5,40,878.45,120,0,1400
FINNIFTY02JAN2420450CE.NFO,02/01/2024,09:57:53,839.9,858.5,200,880.7,3000,0,1400
FINNIFTY02JAN2420450CE.NFO,02/01/2024,09:57:55,839.9,860.85,80,879.4,440,0,1400
FINNIFTY02JAN2420450CE.NFO,02/01/2024,09:57:56,839.9,863.3,40,877.2,40,0,1400
FINNIFTY02JAN2420450CE.NFO,02/01/2024,09:57:58,839.9,865.75,240,874.65,240,0,1400
FINNIFTY02JAN2420450CE.NFO,02/01/2024,09:58:00,839.9,847.95,200,872.1,200,0,1400
FINNIFTY02JAN2420450CE.NFO,02/01/2024,09:58:01,839.9,850.5,200,871.25,200,0,1400
FINNIFTY02JAN2420450CE.NFO,02/01/2024,09:58:03,839.9,852.5,200,870.8,640,0,1400
FINNIFTY02JAN2420450CE.NFO,02/01/2024,09:58:05,839.9,854.9,240,868.75,440,0,1400
FINNIFTY02JAN2420450CE.NFO,02/01/2024,09:58:06,839.9,857.2,120,866.45,120,0,1400
FINNIFTY02JAN2420450CE.NFO,02/01/2024,09:58:08,839.9,859.25,120,866.5,120,0,1400
FINNIFTY02JAN2420450CE.NFO,02/01/2024,09:58:10,839.9,861.15,1080,880.65,200,0,1400
FINNIFTY02JAN2420450CE.NFO,02/01/2024,09:58:11,839.9,859.7,240,878.9,200,0,1400
FINNIFTY02JAN2420450CE.NFO,02/01/2024,09:58:13,839.9,843.5,440,876.3,240,0,1400
FINNIFTY02JAN2420450CE.NFO,02/01/2024,09:58:15,839.9,846.35,160,873.5,160,0,1400
FINNIFTY02JAN2420450CE.NFO,02/01/2024,09:58:16,839.9,848.9,320,870.95,520,0,1400
FINNIFTY02JAN2420450CE.NFO,02/01/2024,09:58:18,839.9,851.3,40,868.6,40,0,1400
FINNIFTY02JAN2420450CE.NFO,02/01/2024,09:58:20,839.9,837.2,640,866.15,440,0,1400
FINNIFTY02JAN2420450CE.NFO,02/01/2024,09:58:21,839.9,839.9,40,863.55,40,0,1400
FINNIFTY02JAN2420450CE.NFO,02/01/2024,09:58:23,839.9,841.95,440,861.45,240,0,1400
FINNIFTY02JAN2420450CE.NFO,02/01/2024,09:58:24,839.9,837.3,40,859.25,1480,0,1400
FINNIFTY02JAN2420450CE.NFO,02/01/2024,09:58:26,839.9,824.3,40,856.7,240,0,1400
FINNIFTY02JAN2420450CE.NFO,02/01/2024,09:58:28,839.9,826.3,80,854.35,160,0,1400
FINNIFTY02JAN2420450CE.NFO,02/01/2024,09:58:29,839.9,828.6,240,852.05,240,0,1400
FINNIFTY02JAN2420450CE.NFO,02/01/2024,09:58:31,839.9,831.2,240,849.5,200,0,1400
FINNIFTY02JAN2420450CE.NFO,02/01/2024,09:58:33,839.9,833.9,240,846.65,240,0,1400
FINNIFTY02JAN2420450CE.NFO,02/01/2024,09:58:34,839.9,836.2,40,868,40,0,1400
FINNIFTY02JAN2420450CE.NFO,02/01/2024,09:58:36,839.9,838.85,160,865.8,160,0,1400
FINNIFTY02JAN2420450CE.NFO,02/01/2024,09:58:38,839.9,841.7,440,863,200,0,1400
FINNIFTY02JAN2420450CE.NFO,02/01/2024,09:58:39,839.9,844.8,40,859.9,40,0,1400
FINNIFTY02JAN2420450CE.NFO,02/01/2024,09:58:41,839.9,847.2,200,857.2,200,0,1400
FINNIFTY02JAN2420450CE.NFO,02/01/2024,09:58:43,839.9,851.7,240,878.6,40,0,1400
FINNIFTY02JAN2420450CE.NFO,02/01/2024,09:58:44,839.9,852.15,320,875.2,200,0,1400
FINNIFTY02JAN2420450CE.NFO,02/01/2024,09:58:46,839.9,828.45,200,872.9,200,0,1400
FINNIFTY02JAN2420450CE.NFO,02/01/2024,09:58:47,839.9,831.8,200,870.95,320,0,1400
FINNIFTY02JAN2420450CE.NFO,02/01/2024,09:58:49,839.9,836.75,80,868.65,480,0,1400
FINNIFTY02JAN2420450CE.NFO,02/01/2024,09:58:51,839.9,841.8,200,865.9,200,0,1400
FINNIFTY02JAN2420450CE.NFO,02/01/2024,09:58:52,839.9,845.95,240,863.55,240,0,1400
FINNIFTY02JAN2420450CE.NFO,02/01/2024,09:58:54,839.9,851.65,200,861.8,200,0,1400
FINNIFTY02JAN2420450CE.NFO,02/01/2024,09:58:56,839.9,855.85,320,864.15,120,0,1400
FINNIFTY02JAN2420450CE.NFO,02/01/2024,09:58:57,839.9,859.3,200,864.1,160,0,1400
FINNIFTY02JAN2420450CE.NFO,02/01/2024,09:58:59,839.9,856.7,200,862.55,240,0,1400
FINNIFTY02JAN2420450CE.NFO,02/01/2024,09:59:01,839.9,856.7,40,861.2,560,0,1400
FINNIFTY02JAN2420450CE.NFO,02/01/2024,09:59:02,839.9,857.75,120,868.2,40,0,1400
FINNIFTY02JAN2420450CE.NFO,02/01/2024,09:59:04,839.9,831.6,40,864.95,160,0,1400
FINNIFTY02JAN2420450CE.NFO,02/01/2024,09:59:06,839.9,835.35,120,862.85,120,0,1400
FINNIFTY02JAN2420450CE.NFO,02/01/2024,09:59:07,839.9,838.9,40,860.7,40,0,1400
FINNIFTY02JAN2420450CE.NFO,02/01/2024,09:59:09,839.9,842.5,720,858,720,0,1400
FINNIFTY02JAN2420450CE.NFO,02/01/2024,09:59:11,839.9,846.35,40,856.1,40,0,1400
FINNIFTY02JAN2420450CE.NFO,02/01/2024,09:59:12,839.9,845.95,400,853.7,240,0,1400
FINNIFTY02JAN2420450CE.NFO,02/01/2024,09:59:14,839.9,835.2,40,851.65,200,0,1400
FINNIFTY02JAN2420450CE.NFO,02/01/2024,09:59:16,839.9,838.75,200,851.35,1960,0,1400
FINNIFTY02JAN2420450CE.NFO,02/01/2024,09:59:17,839.9,840.95,80,866.1,200,0,1400
FINNIFTY02JAN2420450CE.NFO,02/01/2024,09:59:19,839.9,844.6,200,862.55,200,0,1400
FINNIFTY02JAN2420450CE.NFO,02/01/2024,09:59:21,839.9,846.35,120,858.7,400,0,1400
FINNIFTY02JAN2420450CE.NFO,02/01/2024,09:59:22,839.9,846.15,80,855.55,40,0,1400
FINNIFTY02JAN2420450CE.NFO,02/01/2024,09:59:24,839.9,844.6,80,850.9,120,0,1400
FINNIFTY02JAN2420450CE.NFO,02/01/2024,09:59:26,839.9,832.95,200,848.2,200,0,1400
FINNIFTY02JAN2420450CE.NFO,02/01/2024,09:59:27,839.9,835,280,846.35,480,0,1400
FINNIFTY02JAN2420450CE.NFO,02/01/2024,09:59:29,839.9,836.05,120,867,320,0,1400
FINNIFTY02JAN2420450CE.NFO,02/01/2024,09:59:31,839.9,838.9,200,864.05,200,0,1400
FINNIFTY02JAN2420450CE.NFO,02/01/2024,09:59:32,839.9,841.45,40,861.75,200,0,1400
FINNIFTY02JAN2420450CE.NFO,02/01/2024,09:59:34,839.9,844.1,200,859.3,200,0,1400
FINNIFTY02JAN2420450CE.NFO,02/01/2024,09:59:35,839.9,846.25,320,857.25,240,0,1400
FINNIFTY02JAN2420450CE.NFO,02/01/2024,09:59:37,839.9,848.35,120,854.85,120,0,1400
FINNIFTY02JAN2420450CE.NFO,02/01/2024,09:59:39,839.9,850.1,200,867.8,200,0,1400
FINNIFTY02JAN2420450CE.NFO,02/01/2024,09:59:40,839.9,852.5,240,865.6,240,0,1400
FINNIFTY02JAN2420450CE.NFO,02/01/2024,09:59:42,839.9,855.8,120,862.65,200,0,1400
FINNIFTY02JAN2420450CE.NFO,02/01/2024,09:59:44,839.9,857.3,200,865.2,40,0,1400
FINNIFTY02JAN2420450CE.NFO,02/01/2024,09:59:45,839.9,859.3,200,867.7,200,0,1400
FINNIFTY02JAN2420450CE.NFO,02/01/2024,09:59:47,839.9,861.65,80,869.5,80,0,1400
FINNIFTY02JAN2420450CE.NFO,02/01/2024,09:59:49,839.9,859.7,240,867.6,240,0,1400
FINNIFTY02JAN2420450CE.NFO,02/01/2024,09:59:50,839.9,861.75,40,871.5,200,0,1400
FINNIFTY02JAN2420450CE.NFO,02/01/2024,09:59:52,839.9,861.55,200,868.9,200,0,1400
FINNIFTY02JAN2420450CE.NFO,02/01/2024,09:59:54,839.9,862.35,240,867.15,200,0,1400
FINNIFTY02JAN2420450CE.NFO,02/01/2024,09:59:55,839.9,860.5,200,865.75,80,0,1400
FINNIFTY02JAN2420450CE.NFO,02/01/2024,09:59:57,839.9,853.6,200,863.4,200,0,1400
FINNIFTY02JAN2420450CE.NFO,02/01/2024,09:59:59,839.9,855.9,120,861.95,120,0,1400
FINNIFTY02JAN2420450CE.NFO,02/01/2024,10:00:00,839.9,857.7,120,862.25,200,0,1400
FINNIFTY02JAN2420450CE.NFO,02/01/2024,10:00:02,839.9,835.4,120,860.5,120,0,1400
FINNIFTY02JAN2420450CE.NFO,02/01/2024,10:00:04,839.9,838.15,200,872.2,200,0,1400
FINNIFTY02JAN2420450CE.NFO,02/01/2024,10:00:05,839.9,841.25,680,869.7,680,0,1400
FINNIFTY02JAN2420450CE.NFO,02/01/2024,10:00:07,839.9,844.4,200,867.3,80,0,1400
FINNIFTY02JAN2420450CE.NFO,02/01/2024,10:00:08,839.9,847.85,160,864.5,360,0,1400
FINNIFTY02JAN2420450CE.NFO,02/01/2024,10:00:10,839.9,850.85,600,862.15,600,0,1400
FINNIFTY02JAN2420450CE.NFO,02/01/2024,10:00:12,839.9,852.95,200,859.75,200,0,1400
FINNIFTY02JAN2420450CE.NFO,02/01/2024,10:00:13,839.9,854.45,200,858.15,360,0,1400
FINNIFTY02JAN2420450CE.NFO,02/01/2024,10:00:15,839.9,855.5,80,859.35,160,0,1400
FINNIFTY02JAN2420450CE.NFO,02/01/2024,10:00:17,839.9,855.25,360,859.1,80,0,1400
FINNIFTY02JAN2420450CE.NFO,02/01/2024,10:00:18,839.9,856.1,120,859.45,120,0,1400
FINNIFTY02JAN2420450CE.NFO,02/01/2024,10:00:20,839.9,857.95,200,869.55,120,0,1400
FINNIFTY02JAN2420450CE.NFO,02/01/2024,10:00:21,839.9,860.15,200,872.5,40,0,1400
FINNIFTY02JAN2420450CE.NFO,02/01/2024,10:00:23,839.9,862.45,200,872,200,0,1400
FINNIFTY02JAN2420450CE.NFO,02/01/2024,10:00:25,839.9,864.75,200,871.65,200,0,1400
FINNIFTY02JAN2420450CE.NFO,02/01/2024,10:00:27,839.9,866.95,440,876.9,400,0,1400
FINNIFTY02JAN2420450CE.NFO,02/01/2024,10:00:28,839.9,869.1,400,881.25,1240,0,1400
FINNIFTY02JAN2420450CE.NFO,02/01/2024,10:00:30,839.9,870.85,240,879.8,120,0,1400
FINNIFTY02JAN2420450CE.NFO,02/01/2024,10:00:32,839.9,869.45,240,877.6,40,0,1400
FINNIFTY02JAN2420450CE.NFO,02/01/2024,10:00:33,839.9,862.85,80,874.65,80,0,1400
FINNIFTY02JAN2420450CE.NFO,02/01/2024,10:00:35,839.9,865.8,200,872,200,0,1400
FINNIFTY02JAN2420450CE.NFO,02/01/2024,10:00:36,839.9,867.9,200,874.45,40,0,1400
FINNIFTY02JAN2420450CE.NFO,02/01/2024,10:00:38,839.9,866.1,120,871.7,40,0,1400
FINNIFTY02JAN2420450CE.NFO,02/01/2024,10:00:40,839.9,861.1,400,868.5,160,0,1400
FINNIFTY02JAN2420450CE.NFO,02/01/2024,10:00:41,839.9,862.4,40,868.05,120,0,1400
FINNIFTY02JAN2420450CE.NFO,02/01/2024,10:00:43,839.9,864.7,80,873.35,200,0,1400
FINNIFTY02JAN2420450CE.NFO,02/01/2024,10:00:45,839.9,854.85,240,869.9,200,0,1400
FINNIFTY02JAN2420450CE.NFO,02/01/2024,10:00:46,839.9,855.95,120,867.2,120,0,1400
FINNIFTY02JAN2420450CE.NFO,02/01/2024,10:00:48,839.9,854.4,200,864.1,200,0,1400
FINNIFTY02JAN2420450CE.NFO,02/01/2024,10:00:49,839.9,856.35,80,861.25,160,0,1400
FINNIFTY02JAN2420450CE.NFO,02/01/2024,10:00:51,839.9,854.55,200,860.05,200,0,1400
FINNIFTY02JAN2420450CE.NFO,02/01/2024,10:00:53,839.9,850.85,200,867.6,200,0,1400
FINNIFTY02JAN2420450CE.NFO,02/01/2024,10:00:54,839.9,853.05,200,866.05,200,0,1400
FINNIFTY02JAN2420450CE.NFO,02/01/2024,10:00:56,839.9,855.05,320,864.15,200,0,1400
FINNIFTY02JAN2420450CE.NFO,02/01/2024,10:00:58,839.9,857.05,120,861.85,120,0,1400
FINNIFTY02JAN2420450CE.NFO,02/01/2024,10:00:59,839.9,855.25,40,859.85,120,0,1400
FINNIFTY02JAN2420450CE.NFO,02/01/2024,10:01:01,839.9,852.65,120,868.45,240,0,1400
FINNIFTY02JAN2420450CE.NFO,02/01/2024,10:01:03,839.9,854.85,240,866.3,240,0,1400
FINNIFTY02JAN2420450CE.NFO,02/01/2024,10:01:04,839.9,856.25,200,864.05,200,0,1400
FINNIFTY02JAN2420450CE.NFO,02/01/2024,10:01:06,839.9,857.5,40,862.2,120,0,1400
FINNIFTY02JAN2420450CE.NFO,02/01/2024,10:01:08,839.9,859.05,200,881.15,840,0,1400
FINNIFTY02JAN2420450CE.NFO,02/01/2024,10:01:09,839.9,861.45,200,879,120,0,1400
FINNIFTY02JAN2420450CE.NFO,02/01/2024,10:01:11,839.9,860.55,240,875.75,440,0,1400
FINNIFTY02JAN2420450CE.NFO,02/01/2024,10:01:12,839.9,861.35,120,872.5,120,0,1400
FINNIFTY02JAN2420450CE.NFO,02/01/2024,10:01:14,839.9,863.1,120,869.75,120,0,1400
FINNIFTY02JAN2420450CE.NFO,02/01/2024,10:01:16,839.9,861.85,200,866.4,120,0,1400
FINNIFTY02JAN2420450CE.NFO,02/01/2024,10:01:17,839.9,863.5,120,875.95,80,0,1400
FINNIFTY02JAN2420450CE.NFO,02/01/2024,10:01:19,839.9,866.05,160,873.1,160,0,1400
FINNIFTY02JAN2420450CE.NFO,02/01/2024,10:01:21,839.9,867.7,1120,881.15,40,0,1400
FINNIFTY02JAN2420450CE.NFO,02/01/2024,10:01:22,839.9,869.7,120,879.6,120,0,1400
FINNIFTY02JAN2420450CE.NFO,02/01/2024,10:01:24,839.9,872.1,680,881.25,1480,0,1400
FINNIFTY02JAN2420450CE.NFO,02/01/2024,10:01:26,839.9,873.85,480,880.7,360,0,1400
FINNIFTY02JAN2420450CE.NFO,02/01/2024,10:01:27,839.9,874.25,200,879.3,40,0,1400
FINNIFTY02JAN2420450CE.NFO,02/01/2024,10:01:29,839.9,875.65,120,882.75,120,0,1400
FINNIFTY02JAN2420450CE.NFO,02/01/2024,10:01:30,839.9,871.15,200,880.5,160,0,1400
FINNIFTY02JAN2420450CE.NFO,02/01/2024,10:01:32,839.9,871.55,200,877.05,120,0,1400
FINNIFTY02JAN2420450CE.NFO,02/01/2024,10:01:34,839.9,862.65,200,877.4,200,0,1400
FINNIFTY02JAN2420450CE.NFO,02/01/2024,10:01:35,839.9,865.85,200,875.05,120,0,1400
FINNIFTY02JAN2420450CE.NFO,02/01/2024,10:01:37,839.9,868.85,160,881.5,160,0,1400
FINNIFTY02JAN2420450CE.NFO,02/01/2024,10:01:39,839.9,872.35,120,878.65,120,0,1400
FINNIFTY02JAN2420450CE.NFO,02/01/2024,10:01:40,839.9,872.2,120,877.1,320,0,1400
FINNIFTY02JAN2420450CE.NFO,02/01/2024,10:01:42,839.9,873.3,240,882.6,200,0,1400
FINNIFTY02JAN2420450CE.NFO,02/01/2024,10:01:44,839.9,869.45,200,879.5,120,0,1400
FINNIFTY02JAN2420450CE.NFO,02/01/2024,10:01:45,839.9,871.15,120,877.9,680,0,1400
FINNIFTY02JAN2420450CE.NFO,02/01/2024,10:01:47,839.9,874.3,200,882.25,120,0,1400
FINNIFTY02JAN2420450CE.NFO,02/01/2024,10:01:49,839.9,877.8,120,884.75,120,0,1400
FINNIFTY02JAN2420450CE.NFO,02/01/2024,10:01:50,839.9,854.45,40,882.6,200,0,1400
FINNIFTY02JAN2420450CE.NFO,02/01/2024,10:01:52,839.9,857.55,160,881.7,40,0,1400
FINNIFTY02JAN2420450CE.NFO,02/01/2024,10:01:54,839.9,861.55,200,881.2,120,0,1400
FINNIFTY02JAN2420450CE.NFO,02/01/2024,10:01:55,839.9,864.6,120,879,200,0,1400
FINNIFTY02JAN2420450CE.NFO,02/01/2024,10:01:57,839.9,869.25,200,878.8,160,0,1400
FINNIFTY02JAN2420450CE.NFO,02/01/2024,10:01:59,839.9,870.8,160,876.5,160,0,1400
FINNIFTY02JAN2420450CE.NFO,02/01/2024,10:02:00,839.9,872.2,200,877.2,120,0,1400
FINNIFTY02JAN2420450CE.NFO,02/01/2024,10:02:02,839.9,873.1,120,884,40,0,1400
FINNIFTY02JAN2420450CE.NFO,02/01/2024,10:02:04,839.9,875.65,200,879.1,200,0,1400
FINNIFTY02JAN2420450CE.NFO,02/01/2024,10:02:05,839.9,875,200,879.35,520,0,1400
FINNIFTY02JAN2420450CE.NFO,02/01/2024,10:02:07,839.9,877.05,200,883.6,160,0,1400
FINNIFTY02JAN2420450CE.NFO,02/01/2024,10:02:09,839.9,879.95,200,887.3,200,0,1400
FINNIFTY02JAN2420450CE.NFO,02/01/2024,10:02:10,839.9,882.45,120,889.75,40,0,1400
FINNIFTY02JAN2420450CE.NFO,02/01/2024,10:02:12,839.9,881.7,120,887.15,120,0,1400
FINNIFTY02JAN2420450CE.NFO,02/01/2024,10:02:14,839.9,881.95,240,889.5,400,0,1400
FINNIFTY02JAN2420450CE.NFO,02/01/2024,10:02:15,839.9,883.05,40,888.2,640,0,1400
FINNIFTY02JAN2420450CE.NFO,02/01/2024,10:02:17,839.9,879.45,120,888,120,0,1400
FINNIFTY02JAN2420450CE.NFO,02/01/2024,10:02:19,839.9,879.3,360,884,160,0,1400
FINNIFTY02JAN2420450CE.NFO,02/01/2024,10:02:20,839.9,876.05,120,880.8,760,0,1400
FINNIFTY02JAN2420450CE.NFO,02/01/2024,10:02:22,839.9,876.45,760,887.65,160,0,1400
FINNIFTY02JAN2420450CE.NFO,02/01/2024,10:02:24,839.9,877.8,120,884.4,120,0,1400
FINNIFTY02JAN2420450CE.NFO,02/01/2024,10:02:25,839.9,873.25,40,881.65,40,0,1400
FINNIFTY02JAN2420450CE.NFO,02/01/2024,10:02:27,839.9,875.8,120,879.5,240,0,1400
FINNIFTY02JAN2420450CE.NFO,02/01/2024,10:02:29,839.9,875.45,240,879.7,240,0,1400
FINNIFTY02JAN2420450CE.NFO,02/01/2024,10:02:30,839.9,877.05,200,880.6,120,0,1400
FINNIFTY02JAN2420450CE.NFO,02/01/2024,10:02:32,839.9,876.9,200,885.1,320,0,1400
FINNIFTY02JAN2420450CE.NFO,02/01/2024,10:02:33,839.9,877.65,200,882,480,0,1400
FINNIFTY02JAN2420450CE.NFO,02/01/2024,10:02:35,839.9,880,120,889.9,2800,0,1400
FINNIFTY02JAN2420450CE.NFO,02/01/2024,10:02:37,839.9,881.5,200,886.65,80,0,1400
FINNIFTY02JAN2420450CE.NFO,02/01/2024,10:02:38,839.9,880.65,80,885.6,120,0,1400
FINNIFTY02JAN2420450CE.NFO,02/01/2024,10:02:40,839.9,883.45,320,887.7,120,0,1400
FINNIFTY02JAN2420450CE.NFO,02/01/2024,10:02:42,839.9,874.1,200,889.15,240,0,1400
FINNIFTY02JAN2420450CE.NFO,02/01/2024,10:02:43,839.9,878.45,80,886.05,80,0,1400
FINNIFTY02JAN2420450CE.NFO,02/01/2024,10:02:45,839.9,882.75,120,888.95,40,0,1400
FINNIFTY02JAN2420450CE.NFO,02/01/2024,10:02:47,839.9,882.6,240,886,200,0,1400
FINNIFTY02JAN2420450CE.NFO,02/01/2024,10:02:48,839.9,880.1,120,883.75,80,0,1400
FINNIFTY02JAN2420450CE.NFO,02/01/2024,10:02:50,839.9,873.65,160,883.75,320,0,1400
FINNIFTY02JAN2420450CE.NFO,02/01/2024,10:02:52,839.9,879.1,320,884.9,320,0,1400
FINNIFTY02JAN2420450CE.NFO,02/01/2024,10:02:53,839.9,882.55,160,889.75,40,0,1400
FINNIFTY02JAN2420450CE.NFO,02/01/2024,10:02:55,839.9,885.45,160,891.95,40,0,1400
FINNIFTY02JAN2420450CE.NFO,02/01/2024,10:02:57,839.9,886.95,320,893.1,520,0,1400
FINNIFTY02JAN2420450CE.NFO,02/01/2024,10:02:58,839.9,888.85,80,895.5,120,0,1400
FINNIFTY02JAN2420450CE.NFO,02/01/2024,10:03:00,839.9,887.45,80,891.7,240,0,1400
FINNIFTY02JAN2420450CE.NFO,02/01/2024,10:03:02,839.9,885.9,120,895.05,240,0,1400
FINNIFTY02JAN2420450CE.NFO,02/01/2024,10:03:03,839.9,887.75,80,892.45,200,0,1400
FINNIFTY02JAN2420450CE.NFO,02/01/2024,10:03:05,839.9,886.45,120,890.6,80,0,1400
FINNIFTY02JAN2420450CE.NFO,02/01/2024,10:03:07,839.9,883.45,120,889.1,200,0,1400
FINNIFTY02JAN2420450CE.NFO,02/01/2024,10:03:08,839.9,884.45,80,896.1,320,0,1400
FINNIFTY02JAN2420450CE.NFO,02/01/2024,10:03:10,839.9,886.25,160,892.4,160,0,1400
FINNIFTY02JAN2420450CE.NFO,02/01/2024,10:03:12,839.9,887.75,680,902.3,400,0,1400
FINNIFTY02JAN2420450CE.NFO,02/01/2024,10:03:13,839.9,889.35,2200,901,2000,0,1400
FINNIFTY02JAN2420450CE.NFO,02/01/2024,10:03:15,839.9,891,200,899.5,200,0,1400
FINNIFTY02JAN2420450CE.NFO,02/01/2024,10:03:17,839.9,892.85,200,917.3,200,0,1400
FINNIFTY02JAN2420450CE.NFO,02/01/2024,10:03:18,839.9,894.95,120,916.2,120,0,1400
FINNIFTY02JAN2420450CE.NFO,02/01/2024,10:03:20,839.9,894.55,120,913.45,40,0,1400
FINNIFTY02JAN2420450CE.NFO,02/01/2024,10:03:22,839.9,891.5,40,909.45,40,0,1400
FINNIFTY02JAN2420450CE.NFO,02/01/2024,10:03:23,839.9,891.85,80,905.65,120,0,1400
FINNIFTY02JAN2420450CE.NFO,02/01/2024,10:03:25,839.9,893.05,280,902.2,160,0,1400
FINNIFTY02JAN2420450CE.NFO,02/01/2024,10:03:27,839.9,887.5,40,898.65,200,0,1400
FINNIFTY02JAN2420450CE.NFO,02/01/2024,10:03:28,839.9,890.8,80,897.6,120,0,1400
FINNIFTY02JAN2420450CE.NFO,02/01/2024,10:03:30,839.9,892.5,40,897.05,80,0,1400
FINNIFTY02JAN2420450CE.NFO,02/01/2024,10:03:32,839.9,891.4,120,896.3,120,0,1400
FINNIFTY02JAN2420450CE.NFO,02/01/2024,10:03:33,839.9,886.8,40,896.1,40,0,1400
FINNIFTY02JAN2420450CE.NFO,02/01/2024,10:03:35,839.9,887.3,200,893.15,280,0,1400
FINNIFTY02JAN2420450CE.NFO,02/01/2024,10:03:37,839.9,889.25,200,898.95,200,0,1400
FINNIFTY02JAN2420450CE.NFO,02/01/2024,10:03:38,839.9,884.95,160,894.7,120,0,1400
FINNIFTY02JAN2420450CE.NFO,02/01/2024,10:03:40,839.9,885.4,120,890.55,120,0,1400
FINNIFTY02JAN2420450CE.NFO,02/01/2024,10:03:42,839.9,886.55,240,889.85,200,0,1400
FINNIFTY02JAN2420450CE.NFO,02/01/2024,10:03:43,839.9,888,200,893.05,120,0,1400
FINNIFTY02JAN2420450CE.NFO,02/01/2024,10:03:45,839.9,885.15,80,891.1,240,0,1400
FINNIFTY02JAN2420450CE.NFO,02/01/2024,10:03:47,839.9,887.5,120,891.25,120,0,1400
FINNIFTY02JAN2420450CE.NFO,02/01/2024,10:03:48,839.9,884.65,200,890.2,640,0,1400
FINNIFTY02JAN2420450CE.NFO,02/01/2024,10:03:50,839.9,887.15,200,890.35,120,0,1400
FINNIFTY02JAN2420450CE.NFO,02/01/2024,10:03:52,839.9,888.55,200,893.15,120,0,1400
FINNIFTY02JAN2420450CE.NFO,02/01/2024,10:03:53,839.9,890.05,120,893.95,160,0,1400
FINNIFTY02JAN2420450CE.NFO,02/01/2024,10:03:55,839.9,890.35,120,897.9,3720,0,1400
FINNIFTY02JAN2420450CE.NFO,02/01/2024,10:03:57,839.9,890.2,200,893.8,80,0,1400
FINNIFTY02JAN2420450CE.NFO,02/01/2024,10:03:58,839.9,890.55,80,895.15,80,0,1400
FINNIFTY02JAN2420450CE.NFO,02/01/2024,10:04:00,839.9,890.6,80,901.1,120,0,1400
FINNIFTY02JAN2420450CE.NFO,02/01/2024,10:04:02,839.9,893.3,240,899.75,160,0,1400
FINNIFTY02JAN2420450CE.NFO,02/01/2024,10:04:03,839.9,895.9,120,905.25,40,0,1400
FINNIFTY02JAN2420450CE.NFO,02/01/2024,10:04:05,839.9,896.4,80,901.4,120,0,1400
FINNIFTY02JAN2420450CE.NFO,02/01/2024,10:04:07,839.9,897.8,240,903.2,240,0,1400
FINNIFTY02JAN2420450CE.NFO,02/01/2024,10:04:08,839.9,897.15,80,903.1,2760,0,1400
FINNIFTY02JAN2420450CE.NFO,02/01/2024,10:04:10,839.9,899.1,120,908.45,120,0,1400
FINNIFTY02JAN2420450CE.NFO,02/01/2024,10:04:12,839.9,901.3,240,906.05,240,0,1400
FINNIFTY02JAN2420450CE.NFO,02/01/2024,10:04:13,839.9,902.7,120,937.4,680,0,1400
FINNIFTY02JAN2420450CE.NFO,02/01/2024,10:04:15,839.9,904.05,200,934.95,80,0,1400
FINNIFTY02JAN2420450CE.NFO,02/01/2024,10:04:17,839.9,881.3,120,931.8,120,0,1400
FINNIFTY02JAN2420450CE.NFO,02/01/2024,10:04:18,839.9,884.95,80,929.1,160,0,1400
FINNIFTY02JAN2420450CE.NFO,02/01/2024,10:04:20,839.9,889.25,80,925.75,80,0,1400
FINNIFTY02JAN2420450CE.NFO,02/01/2024,10:04:22,839.9,892.6,200,922.9,200,0,1400
FINNIFTY02JAN2420450CE.NFO,02/01/2024,10:04:23,839.9,897.45,200,918.85,120,0,1400
FINNIFTY02JAN2420450CE.NFO,02/01/2024,10:04:25,839.9,901.1,80,916,120,0,1400
FINNIFTY02JAN2420450CE.NFO,02/01/2024,10:04:27,839.9,902.65,200,911.85,40,0,1400
FINNIFTY02JAN2420450CE.NFO,02/01/2024,10:04:28,839.9,903.55,80,907.45,160,0,1400
FINNIFTY02JAN2420450CE.NFO,02/01/2024,10:04:30,839.9,903.95,80,907,200,0,1400
FINNIFTY02JAN2420450CE.NFO,02/01/2024,10:04:32,839.9,904.8,200,910.65,80,0,1400
FINNIFTY02JAN2420450CE.NFO,02/01/2024,10:04:33,839.9,905.8,120,917.7,2200,0,1400
FINNIFTY02JAN2420450CE.NFO,02/01/2024,10:04:35,839.9,907.1,80,936.35,80,0,1400
FINNIFTY02JAN2420450CE.NFO,02/01/2024,10:04:37,839.9,909.05,80,934.55,80,0,1400
FINNIFTY02JAN2420450CE.NFO,02/01/2024,10:04:38,839.9,911.25,80,932.55,120,0,1400
FINNIFTY02JAN2420450CE.NFO,02/01/2024,10:04:40,839.9,909.25,560,930.6,200,0,1400
FINNIFTY02JAN2420450CE.NFO,02/01/2024,10:04:42,839.9,900.5,120,928.15,120,0,1400
FINNIFTY02JAN2420450CE.NFO,02/01/2024,10:04:44,839.9,904.35,120,924.9,720,0,1400
FINNIFTY02JAN2420450CE.NFO,02/01/2024,10:04:45,839.9,905.85,120,921.15,120,0,1400
FINNIFTY02JAN2420450CE.NFO,02/01/2024,10:04:47,839.9,903.65,80,915.9,80,0,1400
FINNIFTY02JAN2420450CE.NFO,02/01/2024,10:04:49,839.9,894.3,360,912.5,360,0,1400
FINNIFTY02JAN2420450CE.NFO,02/01/2024,10:04:50,839.9,898.25,80,909.15,160,0,1400
FINNIFTY02JAN2420450CE.NFO,02/01/2024,10:04:52,839.9,901.9,240,907.75,120,0,1400
FINNIFTY02JAN2420450CE.NFO,02/01/2024,10:04:54,839.9,901.95,200,935.85,240,0,1400
FINNIFTY02JAN2420450CE.NFO,02/01/2024,10:04:55,839.9,890.45,40,932.1,40,0,1400
FINNIFTY02JAN2420450CE.NFO,02/01/2024,10:04:57,839.9,893.25,120,929.65,120,0,1400
FINNIFTY02JAN2420450CE.NFO,02/01/2024,10:04:59,839.9,897.35,400,926,240,0,1400
FINNIFTY02JAN2420450CE.NFO,02/01/2024,10:05:00,839.9,899.7,40,923.7,40,0,1400
FINNIFTY02JAN2420450CE.NFO,02/01/2024,10:05:02,839.9,902.2,40,921,40,0,1400
FINNIFTY02JAN2420450CE.NFO,02/01/2024,10:05:04,839.9,905.95,120,917.6,40,0,1400
FINNIFTY02JAN2420450CE.NFO,02/01/2024,10:05:05,839.9,907,80,913.9,120,0,1400
FINNIFTY02JAN2420450CE.NFO,02/01/2024,10:05:07,839.9,906.75,200,910.6,120,0,1400
FINNIFTY02JAN2420450CE.NFO,02/01/2024,10:05:09,839.9,904.55,40,909.3,760,0,1400
FINNIFTY02JAN2420450CE.NFO,02/01/2024,10:05:10,839.9,904,40,908.15,120,0,1400
FINNIFTY02JAN2420450CE.NFO,02/01/2024,10:05:12,839.9,905,360,908.6,160,0,1400
FINNIFTY02JAN2420450CE.NFO,02/01/2024,10:05:14,839.9,906.1,240,917.45,440,0,1400
FINNIFTY02JAN2420450CE.NFO,02/01/2024,10:05:15,839.9,903.75,40,912.55,80,0,1400
FINNIFTY02JAN2420450CE.NFO,02/01/2024,10:05:17,839.9,893.35,160,907.1,160,0,1400
FINNIFTY02JAN2420450CE.NFO,02/01/2024,10:05:19,839.9,897.75,200,906,960,0,1400
FINNIFTY02JAN2420450CE.NFO,02/01/2024,10:05:20,839.9,900.85,160,904.9,120,0,1400
FINNIFTY02JAN2420450CE.NFO,02/01/2024,10:05:22,839.9,902.85,40,912.55,160,0,1400
FINNIFTY02JAN2420450CE.NFO,02/01/2024,10:05:24,839.9,901.25,200,906.8,320,0,1400
FINNIFTY02JAN2420450CE.NFO,02/01/2024,10:05:25,839.9,898.7,40,904.5,200,0,1400
FINNIFTY02JAN2420450CE.NFO,02/01/2024,10:05:27,839.9,902.1,120,906.15,1240,0,1400
FINNIFTY02JAN2420450CE.NFO,02/01/2024,10:05:29,839.9,903.15,200,937.05,320,0,1400
FINNIFTY02JAN2420450CE.NFO,02/01/2024,10:05:30,839.9,904.85,120,932.25,80,0,1400
FINNIFTY02JAN2420450CE.NFO,02/01/2024,10:05:32,839.9,905.45,200,927.25,240,0,1400
FINNIFTY02JAN2420450CE.NFO,02/01/2024,10:05:33,839.9,905.15,200,921.25,40,0,1400
FINNIFTY02JAN2420450CE.NFO,02/01/2024,10:05:35,839.9,905.95,400,915.65,200,0,1400
FINNIFTY02JAN2420450CE.NFO,02/01/2024,10:05:37,839.9,904.5,240,912.1,240,0,1400
FINNIFTY02JAN2420450CE.NFO,02/01/2024,10:05:38,839.9,905.15,120,908.7,600,0,1400
FINNIFTY02JAN2420450CE.NFO,02/01/2024,10:05:40,839.9,905.5,120,908.85,120,0,1400
FINNIFTY02JAN2420450CE.NFO,02/01/2024,10:05:42,839.9,904,200,908.15,120,0,1400
FINNIFTY02JAN2420450CE.NFO,02/01/2024,10:05:43,839.9,900.45,120,906.1,40,0,1400
FINNIFTY02JAN2420450CE.NFO,02/01/2024,10:05:45,839.9,903.1,160,914.7,80,0,1400
FINNIFTY02JAN2420450CE.NFO,02/01/2024,10:05:47,839.9,900.75,240,910.1,240,0,1400
FINNIFTY02JAN2420450CE.NFO,02/01/2024,10:05:48,839.9,900.9,40,905.9,40,0,1400
FINNIFTY02JAN2420450CE.NFO,02/01/2024,10:05:50,839.9,898.5,200,904.1,40,0,1400
FINNIFTY02JAN2420450CE.NFO,02/01/2024,10:05:52,839.9,899.25,240,903.55,120,0,1400
FINNIFTY02JAN2420450CE.NFO,02/01/2024,10:05:53,839.9,899.9,40,903.85,120,0,1400
FINNIFTY02JAN2420450CE.NFO,02/01/2024,10:05:55,839.9,899.45,80,911.75,120,0,1400
FINNIFTY02JAN2420450CE.NFO,02/01/2024,10:05:57,839.9,900.65,80,906.4,80,0,1400
FINNIFTY02JAN2420450CE.NFO,02/01/2024,10:05:58,839.9,902.55,40,907.55,120,0,1400
FINNIFTY02JAN2420450CE.NFO,02/01/2024,10:06:00,839.9,902.05,80,906.45,360,0,1400
FINNIFTY02JAN2420450CE.NFO,02/01/2024,10:06:02,839.9,903.15,200,907.75,200,0,1400
FINNIFTY02JAN2420450CE.NFO,02/01/2024,10:06:03,839.9,905.1,40,912.65,40,0,1400
FINNIFTY02JAN2420450CE.NFO,02/01/2024,10:06:05,839.9,906.8,200,910.35,40,0,1400
FINNIFTY02JAN2420450CE.NFO,02/01/2024,10:06:07,839.9,908.5,200,915.95,120,0,1400
FINNIFTY02JAN2420450CE.NFO,02/01/2024,10:06:08,839.9,909.55,120,914.2,960,0,1400
FINNIFTY02JAN2420450CE.NFO,02/01/2024,10:06:10,839.9,911.15,120,920.45,320,0,1400
FINNIFTY02JAN2420450CE.NFO,02/01/2024,10:06:12,839.9,912.65,120,918.7,240,0,1400
FINNIFTY02JAN2420450CE.NFO,02/01/2024,10:06:13,839.9,914.05,200,924.3,240,0,1400
FINNIFTY02JAN2420450CE.NFO,02/01/2024,10:06:15,839.9,915.55,120,921.6,80,0,1400
FINNIFTY02JAN2420450CE.NFO,02/01/2024,10:06:17,839.9,910.75,80,920.2,560,0,1400
FINNIFTY02JAN2420450CE.NFO,02/01/2024,10:06:18,839.9,913.45,80,920.45,240,0,1400
FINNIFTY02JAN2420450CE.NFO,02/01/2024,10:06:20,839.9,916.05,200,939.45,80,0,1400
FINNIFTY02JAN2420450CE.NFO,02/01/2024,10:06:22,839.9,918,200,937.75,120,0,1400
FINNIFTY02JAN2420450CE.NFO,02/01/2024,10:06:23,839.9,920.1,200,934.7,40,0,1400
FINNIFTY02JAN2420450CE.NFO,02/01/2024,10:06:25,839.9,921.8,40,931.7,200,0,1400
FINNIFTY02JAN2420450CE.NFO,02/01/2024,10:06:27,839.9,923.3,240,929.25,240,0,1400
FINNIFTY02JAN2420450CE.NFO,02/01/2024,10:06:28,839.9,913.35,120,927,120,0,1400
FINNIFTY02JAN2420450CE.NFO,02/01/2024,10:06:30,839.9,916.45,120,924.55,120,0,1400
FINNIFTY02JAN2420450CE.NFO,02/01/2024,10:06:32,839.9,915.6,200,921.65,200,0,1400
FINNIFTY02JAN2420450CE.NFO,02/01/2024,10:06:33,839.9,915.65,120,919.5,120,0,1400
FINNIFTY02JAN2420450CE.NFO,02/01/2024,10:06:35,839.9,911.8,80,918.55,120,0,1400
FINNIFTY02JAN2420450CE.NFO,02/01/2024,10:06:37,839.9,914.05,80,960.9,120,0,1400
FINNIFTY02JAN2420450CE.NFO,02/01/2024,10:06:38,839.9,915.45,200,956.85,80,0,1400
FINNIFTY02JAN2420450CE.NFO,02/01/2024,10:06:40,839.9,916.45,320,951.9,160,0,1400
FINNIFTY02JAN2420450CE.NFO,02/01/2024,10:06:42,839.9,917.3,120,947.7,320,0,1400
FINNIFTY02JAN2420450CE.NFO,02/01/2024,10:06:43,839.9,904.9,120,943.3,120,0,1400
FINNIFTY02JAN2420450CE.NFO,02/01/2024,10:06:45,839.9,910.35,120,938.25,120,0,1400
FINNIFTY02JAN2420450CE.NFO,02/01/2024,10:06:47,839.9,915.6,400,932.8,400,0,1400
FINNIFTY02JAN2420450CE.NFO,02/01/2024,10:06:49,839.9,911.1,120,928.55,120,0,1400
FINNIFTY02JAN2420450CE.NFO,02/01/2024,10:06:50,839.9,914.4,120,926,320,0,1400
FINNIFTY02JAN2420450CE.NFO,02/01/2024,10:06:52,839.9,915.5,200,921.1,120,0,1400
FINNIFTY02JAN2420450CE.NFO,02/01/2024,10:06:54,839.9,908.25,120,918.1,720,0,1400
FINNIFTY02JAN2420450CE.NFO,02/01/2024,10:06:55,839.9,912.45,120,917.95,120,0,1400
FINNIFTY02JAN2420450CE.NFO,02/01/2024,10:06:57,839.9,915.25,120,926.8,120,0,1400
FINNIFTY02JAN2420450CE.NFO,02/01/2024,10:06:59,839.9,915.45,120,921.85,120,0,1400
FINNIFTY02JAN2420450CE.NFO,02/01/2024,10:07:00,839.9,916.55,40,920.85,120,0,1400
