Ticker,Date,Time,LTP,BuyPrice,BuyQty,SellPrice,SellQty,LTQ,OpenInterest
FINNIFTY02JAN2419500CE.NFO,02/01/2024,10:16:59,1873.45,1850.4,120,1868.1,120,200,1200
FINNIFTY02JAN2419500CE.NFO,02/01/2024,10:16:59,1873.45,1850.4,120,1868.1,120,0,1200
FINNIFTY02JAN2419500CE.NFO,02/01/2024,10:16:59,1873.45,1850.4,120,1868.1,120,0,1200
FINNIFTY02JAN2419500CE.NFO,02/01/2024,10:16:59,1873.45,1850.4,120,1868.1,120,0,1200
FINNIFTY02JAN2419500CE.NFO,02/01/2024,10:17:10,1873.45,1844.25,120,1863.45,40,0,1200
FINNIFTY02JAN2419500CE.NFO,02/01/2024,10:17:21,1873.45,1844,120,1855.2,120,0,1200
FINNIFTY02JAN2419500CE.NFO,02/01/2024,10:17:30,1873.45,1838.3,120,1852.3,120,0,1200
FINNIFTY02JAN2419500CE.NFO,02/01/2024,10:17:31,1873.45,1838.7,120,1851.7,80,0,1200
FINNIFTY02JAN2419500CE.NFO,02/01/2024,10:17:33,1873.45,1839.3,160,1851.5,360,0,1200
FINNIFTY02JAN2419500CE.NFO,02/01/2024,10:17:35,1873.45,1840,200,1852.35,200,0,1200
FINNIFTY02JAN2419500CE.NFO,02/01/2024,10:17:36,1873.45,1840.4,160,1864.4,40,0,1200
FINNIFTY02JAN2419500CE.NFO,02/01/2024,10:17:38,1873.45,1841.05,520,1863.7,120,0,1200
FINNIFTY02JAN2419500CE.NFO,02/01/2024,10:17:40,1873.45,1841.5,40,1862.3,120,0,1200
FINNIFTY02JAN2419500CE.NFO,02/01/2024,10:17:42,1873.45,1842.25,40,1859.5,120,0,1200
FINNIFTY02JAN2419500CE.NFO,02/01/2024,10:17:43,1873.45,1842.55,40,1857.9,160,0,1200
FINNIFTY02JAN2419500CE.NFO,02/01/2024,10:17:45,1873.45,1842.95,200,1857.6,120,0,1200
FINNIFTY02JAN2419500CE.NFO,02/01/2024,10:17:47,1873.45,1843.25,200,1857.15,360,0,1200
FINNIFTY02JAN2419500CE.NFO,02/01/2024,10:17:48,1873.45,1843.85,80,1856.85,120,0,1200
FINNIFTY02JAN2419500CE.NFO,02/01/2024,10:17:50,1873.45,1844.25,40,1856.45,760,0,1200
FINNIFTY02JAN2419500CE.NFO,02/01/2024,10:17:52,1873.45,1844.75,40,1855.85,120,0,1200
FINNIFTY02JAN2419500CE.NFO,02/01/2024,10:17:53,1873.45,1845.15,120,1855.65,1080,0,1200
FINNIFTY02JAN2419500CE.NFO,02/01/2024,10:17:55,1873.45,1845.65,80,1855.6,120,0,1200
FINNIFTY02JAN2419500CE.NFO,02/01/2024,10:17:57,1873.45,1845.75,40,1855.1,120,0,1200
FINNIFTY02JAN2419500CE.NFO,02/01/2024,10:17:58,1873.45,1845.95,80,1854.75,160,0,1200
FINNIFTY02JAN2419500CE.NFO,02/01/2024,10:18:00,1873.45,1846.4,120,1856.8,1920,0,1200
FINNIFTY02JAN2419500CE.NFO,02/01/2024,10:18:02,1873.45,1846.7,40,1870,240,0,1200
FINNIFTY02JAN2419500CE.NFO,02/01/2024,10:18:03,1873.45,1847.2,40,1867.35,120,0,1200
FINNIFTY02JAN2419500CE.NFO,02/01/2024,10:18:05,1873.45,1847.3,200,1862.45,120,0,1200
FINNIFTY02JAN2419500CE.NFO,02/01/2024,10:18:07,1873.45,1847.4,80,1858.35,120,0,1200
FINNIFTY02JAN2419500CE.NFO,02/01/2024,10:18:08,1873.45,1847.8,40,1858.05,120,0,1200
FINNIFTY02JAN2419500CE.NFO,02/01/2024,10:18:10,1873.45,1848.4,80,1857.75,120,0,1200
FINNIFTY02JAN2419500CE.NFO,02/01/2024,10:18:12,1873.45,1848.8,120,1857.45,120,0,1200
FINNIFTY02JAN2419500CE.NFO,02/01/2024,10:18:13,1873.45,1849.1,40,1857.3,200,0,1200
FINNIFTY02JAN2419500CE.NFO,02/01/2024,10:18:15,1873.45,1848.8,480,1857.5,360,0,1200
FINNIFTY02JAN2419500CE.NFO,02/01/2024,10:18:17,1873.45,1848.8,200,1857.45,120,0,1200
FINNIFTY02JAN2419500CE.NFO,02/01/2024,10:18:18,1873.45,1841.4,120,1856.95,120,0,1200
FINNIFTY02JAN2419500CE.NFO,02/01/2024,10:18:20,1873.45,1842,80,1856.55,120,0,1200
FINNIFTY02JAN2419500CE.NFO,02/01/2024,10:18:22,1873.45,1842.8,120,1855.65,120,0,1200
FINNIFTY02JAN2419500CE.NFO,02/01/2024,10:18:23,1873.45,1843.9,120,1855.05,360,0,1200
FINNIFTY02JAN2419500CE.NFO,02/01/2024,10:18:25,1873.45,1844.5,80,1854.5,120,0,1200
FINNIFTY02JAN2419500CE.NFO,02/01/2024,10:18:27,1873.45,1844.45,480,1853.85,240,0,1200
FINNIFTY02JAN2419500CE.NFO,02/01/2024,10:18:28,1873.45,1844.45,320,1853.5,160,0,1200
FINNIFTY02JAN2419500CE.NFO,02/01/2024,10:18:31,1873.45,1837.55,1680,1853,120,0,1200
FINNIFTY02JAN2419500CE.NFO,02/01/2024,10:18:33,1873.45,1837.75,120,1852.25,120,0,1200
FINNIFTY02JAN2419500CE.NFO,02/01/2024,10:18:34,1873.45,1838.35,120,1851.8,120,0,1200
FINNIFTY02JAN2419500CE.NFO,02/01/2024,10:18:36,1873.45,1838.75,40,1852.5,200,0,1200
FINNIFTY02JAN2419500CE.NFO,02/01/2024,10:18:38,1873.45,1839.4,80,1852.3,40,0,1200
FINNIFTY02JAN2419500CE.NFO,02/01/2024,10:18:39,1873.45,1839.8,40,1852.3,40,0,1200
FINNIFTY02JAN2419500CE.NFO,02/01/2024,10:18:41,1873.45,1840.3,200,1852.45,400,0,1200
FINNIFTY02JAN2419500CE.NFO,02/01/2024,10:18:43,1873.45,1841.15,80,1852.45,200,0,1200
FINNIFTY02JAN2419500CE.NFO,02/01/2024,10:18:44,1873.45,1841.65,80,1852.3,40,0,1200
FINNIFTY02JAN2419500CE.NFO,02/01/2024,10:18:46,1873.45,1842.15,40,1852.3,40,0,1200
FINNIFTY02JAN2419500CE.NFO,02/01/2024,10:18:48,1873.45,1843.1,120,1852.4,920,0,1200
FINNIFTY02JAN2419500CE.NFO,02/01/2024,10:18:49,1873.45,1843.9,40,1854.45,360,0,1200
FINNIFTY02JAN2419500CE.NFO,02/01/2024,10:18:51,1873.45,1844.2,40,1855.8,360,0,1200
FINNIFTY02JAN2419500CE.NFO,02/01/2024,10:18:53,1873.45,1845.1,80,1855.75,240,0,1200
FINNIFTY02JAN2419500CE.NFO,02/01/2024,10:18:54,1873.45,1845.4,200,1855.75,360,0,1200
FINNIFTY02JAN2419500CE.NFO,02/01/2024,10:18:56,1873.45,1845.6,40,1855.75,360,0,1200
FINNIFTY02JAN2419500CE.NFO,02/01/2024,10:18:57,1873.45,1845.9,40,1855.75,360,0,1200
FINNIFTY02JAN2419500CE.NFO,02/01/2024,10:18:59,1873.45,1846.4,200,1855.75,360,0,1200
FINNIFTY02JAN2419500CE.NFO,02/01/2024,10:19:01,1873.45,1837.55,2120,1855.75,360,0,1200
FINNIFTY02JAN2419500CE.NFO,02/01/2024,10:19:02,1873.45,1838.25,40,1855.45,120,0,1200
FINNIFTY02JAN2419500CE.NFO,02/01/2024,10:19:04,1873.45,1838.95,120,1854.85,120,0,1200
FINNIFTY02JAN2419500CE.NFO,02/01/2024,10:19:06,1873.45,1839.75,80,1854.55,120,0,1200
FINNIFTY02JAN2419500CE.NFO,02/01/2024,10:19:07,1873.45,1840.75,400,1854.3,120,0,1200
FINNIFTY02JAN2419500CE.NFO,02/01/2024,10:19:09,1873.45,1841.85,40,1853.85,120,0,1200
FINNIFTY02JAN2419500CE.NFO,02/01/2024,10:19:11,1873.45,1842.25,120,1853.5,120,0,1200
FINNIFTY02JAN2419500CE.NFO,02/01/2024,10:19:12,1873.45,1842.75,80,1852.85,120,0,1200
FINNIFTY02JAN2419500CE.NFO,02/01/2024,10:19:14,1873.45,1843,240,1851.85,120,0,1200
FINNIFTY02JAN2419500CE.NFO,02/01/2024,10:19:16,1873.45,1837.65,200,1851.55,320,0,1200
FINNIFTY02JAN2419500CE.NFO,02/01/2024,10:19:17,1873.45,1837.65,200,1850.8,120,0,1200
FINNIFTY02JAN2419500CE.NFO,02/01/2024,10:19:19,1873.45,1837.65,200,1850.45,120,0,1200
FINNIFTY02JAN2419500CE.NFO,02/01/2024,10:19:21,1873.45,1837.65,200,1850,360,0,1200
FINNIFTY02JAN2419500CE.NFO,02/01/2024,10:19:22,1873.45,1837.65,200,1852.2,360,0,1200
FINNIFTY02JAN2419500CE.NFO,02/01/2024,10:19:24,1873.45,1837.65,200,1851.2,120,0,1200
FINNIFTY02JAN2419500CE.NFO,02/01/2024,10:19:26,1873.45,1837.65,200,1850.7,120,0,1200
FINNIFTY02JAN2419500CE.NFO,02/01/2024,10:19:27,1873.45,1837.65,200,1850.35,160,0,1200
FINNIFTY02JAN2419500CE.NFO,02/01/2024,10:19:29,1873.45,1837.65,200,1850.2,80,0,1200
FINNIFTY02JAN2419500CE.NFO,02/01/2024,10:19:31,1873.45,1837.65,200,1853.25,2800,0,1200
FINNIFTY02JAN2419500CE.NFO,02/01/2024,10:19:32,1873.45,1838.05,40,1853.2,360,0,1200
FINNIFTY02JAN2419500CE.NFO,02/01/2024,10:19:34,1873.45,1838.65,160,1853.15,80,0,1200
FINNIFTY02JAN2419500CE.NFO,02/01/2024,10:19:36,1873.45,1838.9,120,1853.15,80,0,1200
FINNIFTY02JAN2419500CE.NFO,02/01/2024,10:19:37,1873.45,1839.6,120,1853.1,120,0,1200
FINNIFTY02JAN2419500CE.NFO,02/01/2024,10:19:39,1873.45,1839.9,160,1853.2,360,0,1200
FINNIFTY02JAN2419500CE.NFO,02/01/2024,10:19:40,1873.45,1840.55,400,1855,160,0,1200
FINNIFTY02JAN2419500CE.NFO,02/01/2024,10:19:42,1873.45,1841.45,40,1854.95,400,0,1200
FINNIFTY02JAN2419500CE.NFO,02/01/2024,10:19:44,1873.45,1842.25,40,1855,360,0,1200
FINNIFTY02JAN2419500CE.NFO,02/01/2024,10:19:45,1873.45,1843.05,40,1854.8,160,0,1200
FINNIFTY02JAN2419500CE.NFO,02/01/2024,10:19:47,1873.45,1843.45,160,1854.7,1120,0,1200
FINNIFTY02JAN2419500CE.NFO,02/01/2024,10:19:49,1873.45,1843.8,160,1854.55,160,0,1200
FINNIFTY02JAN2419500CE.NFO,02/01/2024,10:19:51,1873.45,1844.4,120,1854.45,360,0,1200
FINNIFTY02JAN2419500CE.NFO,02/01/2024,10:19:52,1873.45,1844.6,80,1854.25,240,0,1200
FINNIFTY02JAN2419500CE.NFO,02/01/2024,10:19:54,1873.45,1845.55,80,1854.1,120,0,1200
FINNIFTY02JAN2419500CE.NFO,02/01/2024,10:19:56,1873.45,1846.4,40,1856.85,120,0,1200
FINNIFTY02JAN2419500CE.NFO,02/01/2024,10:19:57,1873.45,1846.6,120,1858.85,360,0,1200
FINNIFTY02JAN2419500CE.NFO,02/01/2024,10:19:59,1873.45,1847.1,40,1858.65,120,0,1200
FINNIFTY02JAN2419500CE.NFO,02/01/2024,10:20:01,1873.45,1847.5,40,1858.65,120,0,1200
FINNIFTY02JAN2419500CE.NFO,02/01/2024,10:20:02,1873.45,1847.95,480,1858.7,120,0,1200
FINNIFTY02JAN2419500CE.NFO,02/01/2024,10:20:04,1873.45,1848.55,360,1860.35,120,0,1200
FINNIFTY02JAN2419500CE.NFO,02/01/2024,10:20:05,1873.45,1848.75,200,1859.8,520,0,1200
FINNIFTY02JAN2419500CE.NFO,02/01/2024,10:20:07,1873.45,1848.75,320,1859.05,120,0,1200
FINNIFTY02JAN2419500CE.NFO,02/01/2024,10:20:09,1873.45,1843.7,120,1857.75,120,0,1200
FINNIFTY02JAN2419500CE.NFO,02/01/2024,10:20:10,1873.45,1844.05,40,1857.15,120,0,1200
FINNIFTY02JAN2419500CE.NFO,02/01/2024,10:20:12,1873.45,1844.6,560,1856.5,120,0,1200
FINNIFTY02JAN2419500CE.NFO,02/01/2024,10:20:14,1873.45,1845.4,360,1855.9,160,0,1200
FINNIFTY02JAN2419500CE.NFO,02/01/2024,10:20:15,1873.45,1846.4,200,1855.6,160,0,1200
FINNIFTY02JAN2419500CE.NFO,02/01/2024,10:20:17,1873.45,1846.8,80,1855.5,1280,0,1200
FINNIFTY02JAN2419500CE.NFO,02/01/2024,10:20:19,1873.45,1847.15,160,1855.5,1280,0,1200
FINNIFTY02JAN2419500CE.NFO,02/01/2024,10:20:20,1873.45,1847.2,640,1855.5,1280,0,1200
FINNIFTY02JAN2419500CE.NFO,02/01/2024,10:20:22,1873.45,1847.05,200,1855,480,0,1200
FINNIFTY02JAN2419500CE.NFO,02/01/2024,10:20:23,1873.45,1841.2,2840,1854.75,120,0,1200
FINNIFTY02JAN2419500CE.NFO,02/01/2024,10:20:25,1873.45,1844.15,120,1854.25,360,0,1200
FINNIFTY02JAN2419500CE.NFO,02/01/2024,10:20:27,1873.45,1844.65,120,1854.05,280,0,1200
FINNIFTY02JAN2419500CE.NFO,02/01/2024,10:20:28,1873.45,1845.35,80,1854.65,200,0,1200
FINNIFTY02JAN2419500CE.NFO,02/01/2024,10:20:30,1873.45,1845.85,80,1856.65,240,0,1200
FINNIFTY02JAN2419500CE.NFO,02/01/2024,10:20:32,1873.45,1846.45,200,1856.65,240,0,1200
FINNIFTY02JAN2419500CE.NFO,02/01/2024,10:20:33,1873.45,1846.9,800,1856.6,120,0,1200
FINNIFTY02JAN2419500CE.NFO,02/01/2024,10:20:35,1873.45,1846.7,200,1856.6,120,0,1200
FINNIFTY02JAN2419500CE.NFO,02/01/2024,10:20:37,1873.45,1847.2,80,1856.45,1000,0,1200
FINNIFTY02JAN2419500CE.NFO,02/01/2024,10:20:38,1873.45,1847.95,40,1856.4,400,0,1200
FINNIFTY02JAN2419500CE.NFO,02/01/2024,10:20:40,1873.45,1848.25,200,1856.35,760,0,1200
FINNIFTY02JAN2419500CE.NFO,02/01/2024,10:20:42,1873.45,1848.5,840,1856.2,280,0,1200
FINNIFTY02JAN2419500CE.NFO,02/01/2024,10:20:45,1873.45,1848.5,200,1855.65,80,0,1200
FINNIFTY02JAN2419500CE.NFO,02/01/2024,10:20:47,1873.45,1848.65,120,1855.4,80,0,1200
FINNIFTY02JAN2419500CE.NFO,02/01/2024,10:20:48,1873.45,1848.5,200,1855.2,480,0,1200
FINNIFTY02JAN2419500CE.NFO,02/01/2024,10:20:50,1873.45,1843.95,3520,1854.95,240,0,1200
FINNIFTY02JAN2419500CE.NFO,02/01/2024,10:20:52,1873.45,1843.95,3520,1854.6,80,0,1200
FINNIFTY02JAN2419500CE.NFO,02/01/2024,10:20:53,1873.45,1843.95,3520,1854.35,360,0,1200
FINNIFTY02JAN2419500CE.NFO,02/01/2024,10:20:55,1873.45,1843.95,3520,1854.1,80,0,1200
FINNIFTY02JAN2419500CE.NFO,02/01/2024,10:20:56,1873.45,1843.95,3520,1853.9,120,0,1200
FINNIFTY02JAN2419500CE.NFO,02/01/2024,10:20:58,1873.45,1843.95,3520,1853.95,480,0,1200
FINNIFTY02JAN2419500CE.NFO,02/01/2024,10:21:00,1873.45,1843.95,3520,1853.9,200,0,1200
FINNIFTY02JAN2419500CE.NFO,02/01/2024,10:21:01,1873.45,1843.95,1400,1853.55,120,0,1200
FINNIFTY02JAN2419500CE.NFO,02/01/2024,10:21:03,1873.45,1844.05,120,1853.05,120,0,1200
FINNIFTY02JAN2419500CE.NFO,02/01/2024,10:21:05,1873.45,1844,120,1852.85,520,0,1200
FINNIFTY02JAN2419500CE.NFO,02/01/2024,10:21:06,1873.45,1843.95,200,1852.5,120,0,1200
FINNIFTY02JAN2419500CE.NFO,02/01/2024,10:21:08,1873.45,1843.95,200,1852.4,120,0,1200
FINNIFTY02JAN2419500CE.NFO,02/01/2024,10:21:10,1873.45,1843.9,120,1852.4,120,0,1200
FINNIFTY02JAN2419500CE.NFO,02/01/2024,10:21:11,1873.45,1842,80,1852.4,120,0,1200
FINNIFTY02JAN2419500CE.NFO,02/01/2024,10:21:13,1873.45,1842.6,120,1852.45,960,0,1200
FINNIFTY02JAN2419500CE.NFO,02/01/2024,10:21:15,1873.45,1843.2,40,1852.5,120,0,1200
FINNIFTY02JAN2419500CE.NFO,02/01/2024,10:21:16,1873.45,1844.1,120,1854.7,2800,0,1200
FINNIFTY02JAN2419500CE.NFO,02/01/2024,10:21:18,1873.45,1844.9,80,1854.65,360,0,1200
FINNIFTY02JAN2419500CE.NFO,02/01/2024,10:21:20,1873.45,1845.5,40,1856.6,800,0,1200
FINNIFTY02JAN2419500CE.NFO,02/01/2024,10:21:21,1873.45,1846.05,120,1856.6,640,0,1200
FINNIFTY02JAN2419500CE.NFO,02/01/2024,10:21:23,1873.45,1846.75,40,1858.4,2000,0,1200
FINNIFTY02JAN2419500CE.NFO,02/01/2024,10:21:25,1873.45,1847.55,40,1862.45,120,0,1200
FINNIFTY02JAN2419500CE.NFO,02/01/2024,10:21:26,1873.45,1848.25,80,1862.85,120,0,1200
FINNIFTY02JAN2419500CE.NFO,02/01/2024,10:21:28,1873.45,1848.45,360,1862.55,120,0,1200
FINNIFTY02JAN2419500CE.NFO,02/01/2024,10:21:30,1873.45,1849.45,200,1862.45,160,0,1200
FINNIFTY02JAN2419500CE.NFO,02/01/2024,10:21:31,1873.45,1850.1,120,1867.3,120,0,1200
FINNIFTY02JAN2419500CE.NFO,02/01/2024,10:21:33,1873.45,1850.75,80,1865.9,240,0,1200
FINNIFTY02JAN2419500CE.NFO,02/01/2024,10:21:35,1873.45,1851.3,40,1865.3,160,0,1200
FINNIFTY02JAN2419500CE.NFO,02/01/2024,10:21:36,1873.45,1851.7,200,1863.55,200,0,1200
FINNIFTY02JAN2419500CE.NFO,02/01/2024,10:21:38,1873.45,1852.2,40,1863.05,120,0,1200
FINNIFTY02JAN2419500CE.NFO,02/01/2024,10:21:40,1873.45,1852.3,200,1862.75,120,0,1200
FINNIFTY02JAN2419500CE.NFO,02/01/2024,10:21:41,1873.45,1846.7,2240,1861.85,120,0,1200
FINNIFTY02JAN2419500CE.NFO,02/01/2024,10:21:43,1873.45,1846.85,120,1861.35,120,0,1200
FINNIFTY02JAN2419500CE.NFO,02/01/2024,10:21:45,1873.45,1846.85,120,1860.95,160,0,1200
FINNIFTY02JAN2419500CE.NFO,02/01/2024,10:21:46,1873.45,1846.85,120,1860.9,800,0,1200
FINNIFTY02JAN2419500CE.NFO,02/01/2024,10:21:48,1873.45,1846.85,120,1861.55,80,0,1200
FINNIFTY02JAN2419500CE.NFO,02/01/2024,10:21:50,1873.45,1846.85,120,1861.5,520,0,1200
FINNIFTY02JAN2419500CE.NFO,02/01/2024,10:21:51,1873.45,1846.85,120,1861.35,240,0,1200
FINNIFTY02JAN2419500CE.NFO,02/01/2024,10:21:58,1873.45,1846.85,120,1860.6,120,0,1200
FINNIFTY02JAN2419500CE.NFO,02/01/2024,10:22:00,1873.45,1846.85,120,1859.95,120,0,1200
FINNIFTY02JAN2419500CE.NFO,02/01/2024,10:22:01,1873.45,1846.85,120,1859.4,120,0,1200
FINNIFTY02JAN2419500CE.NFO,02/01/2024,10:22:03,1873.45,1846.85,120,1858.5,120,0,1200
FINNIFTY02JAN2419500CE.NFO,02/01/2024,10:22:05,1873.45,1846.85,200,1858.1,120,0,1200
FINNIFTY02JAN2419500CE.NFO,02/01/2024,10:22:06,1873.45,1846.85,200,1857.6,120,0,1200
FINNIFTY02JAN2419500CE.NFO,02/01/2024,10:22:08,1873.45,1847.15,80,1857.05,1240,0,1200
FINNIFTY02JAN2419500CE.NFO,02/01/2024,10:22:09,1873.45,1847.45,80,1856.9,120,0,1200
FINNIFTY02JAN2419500CE.NFO,02/01/2024,10:22:11,1873.45,1848,200,1856.6,160,0,1200
FINNIFTY02JAN2419500CE.NFO,02/01/2024,10:22:13,1873.45,1847.95,680,1856.25,80,0,1200
FINNIFTY02JAN2419500CE.NFO,02/01/2024,10:22:14,1873.45,1847.95,200,1855.95,80,0,1200
FINNIFTY02JAN2419500CE.NFO,02/01/2024,10:22:16,1873.45,1843.5,360,1854.9,280,0,1200
FINNIFTY02JAN2419500CE.NFO,02/01/2024,10:22:18,1873.45,1843.75,120,1854.15,160,0,1200
FINNIFTY02JAN2419500CE.NFO,02/01/2024,10:22:20,1873.45,1844.45,360,1854.25,160,0,1200
FINNIFTY02JAN2419500CE.NFO,02/01/2024,10:22:21,1873.45,1844.85,1040,1853.95,440,0,1200
FINNIFTY02JAN2419500CE.NFO,02/01/2024,10:22:23,1873.45,1845,120,1853.6,120,0,1200
FINNIFTY02JAN2419500CE.NFO,02/01/2024,10:22:24,1873.45,1845.4,200,1853.4,960,0,1200
FINNIFTY02JAN2419500CE.NFO,02/01/2024,10:22:26,1873.45,1845.05,40,1853.3,120,0,1200
FINNIFTY02JAN2419500CE.NFO,02/01/2024,10:22:28,1873.45,1845.1,80,1853.15,1400,0,1200
FINNIFTY02JAN2419500CE.NFO,02/01/2024,10:22:29,1873.45,1845.05,680,1853.15,320,0,1200
FINNIFTY02JAN2419500CE.NFO,02/01/2024,10:22:31,1873.45,1845.15,40,1853.1,120,0,1200
FINNIFTY02JAN2419500CE.NFO,02/01/2024,10:22:33,1873.45,1845.15,40,1853.35,240,0,1200
FINNIFTY02JAN2419500CE.NFO,02/01/2024,10:22:34,1873.45,1845.15,40,1853.25,520,0,1200
FINNIFTY02JAN2419500CE.NFO,02/01/2024,10:22:36,1873.45,1845,1000,1853.2,240,0,1200
FINNIFTY02JAN2419500CE.NFO,02/01/2024,10:22:37,1873.45,1844.8,120,1853,400,0,1200
FINNIFTY02JAN2419500CE.NFO,02/01/2024,10:22:39,1873.45,1844.65,360,1852.75,480,0,1200
FINNIFTY02JAN2419500CE.NFO,02/01/2024,10:22:41,1873.45,1844.65,320,1852.4,160,0,1200
FINNIFTY02JAN2419500CE.NFO,02/01/2024,10:22:42,1873.45,1842,120,1852.3,880,0,1200
FINNIFTY02JAN2419500CE.NFO,02/01/2024,10:22:44,1873.45,1842.6,360,1852.15,200,0,1200
FINNIFTY02JAN2419500CE.NFO,02/01/2024,10:22:46,1873.45,1843.1,40,1852,40,0,1200
FINNIFTY02JAN2419500CE.NFO,02/01/2024,10:22:47,1873.45,1843.6,120,1852.85,200,0,1200
FINNIFTY02JAN2419500CE.NFO,02/01/2024,10:22:49,1873.45,1844.3,120,1854.75,360,0,1200
FINNIFTY02JAN2419500CE.NFO,02/01/2024,10:22:51,1873.45,1844.6,120,1854.75,600,0,1200
FINNIFTY02JAN2419500CE.NFO,02/01/2024,10:22:52,1873.45,1844.35,320,1854.5,120,0,1200
FINNIFTY02JAN2419500CE.NFO,02/01/2024,10:22:54,1873.45,1841.85,200,1853.3,120,0,1200
FINNIFTY02JAN2419500CE.NFO,02/01/2024,10:22:56,1873.45,1841.95,120,1852.5,120,0,1200
FINNIFTY02JAN2419500CE.NFO,02/01/2024,10:22:57,1873.45,1842.05,120,1852.1,440,0,1200
FINNIFTY02JAN2419500CE.NFO,02/01/2024,10:22:59,1873.45,1842.25,80,1851.7,360,0,1200
FINNIFTY02JAN2419500CE.NFO,02/01/2024,10:23:00,1873.45,1842.35,120,1851.55,80,0,1200
FINNIFTY02JAN2419500CE.NFO,02/01/2024,10:23:02,1873.45,1842.95,40,1851.75,80,0,1200
FINNIFTY02JAN2419500CE.NFO,02/01/2024,10:23:04,1873.45,1843.7,480,1853.55,2560,0,1200
FINNIFTY02JAN2419500CE.NFO,02/01/2024,10:23:05,1873.45,1844,40,1853.5,240,0,1200
FINNIFTY02JAN2419500CE.NFO,02/01/2024,10:23:07,1873.45,1844.5,40,1853.4,240,0,1200
FINNIFTY02JAN2419500CE.NFO,02/01/2024,10:23:08,1873.45,1844.5,640,1853.2,240,0,1200
FINNIFTY02JAN2419500CE.NFO,02/01/2024,10:23:10,1873.45,1844.75,480,1853.15,680,0,1200
FINNIFTY02JAN2419500CE.NFO,02/01/2024,10:23:13,1873.45,1845.2,640,1853.15,680,0,1200
FINNIFTY02JAN2419500CE.NFO,02/01/2024,10:23:15,1873.45,1844.55,840,1853.15,680,0,1200
FINNIFTY02JAN2419500CE.NFO,02/01/2024,10:23:16,1873.45,1844.5,480,1852.85,80,0,1200
FINNIFTY02JAN2419500CE.NFO,02/01/2024,10:23:18,1873.45,1841.85,200,1852.45,120,0,1200
FINNIFTY02JAN2419500CE.NFO,02/01/2024,10:23:20,1873.45,1841.85,200,1851.75,120,0,1200
FINNIFTY02JAN2419500CE.NFO,02/01/2024,10:23:21,1873.45,1841.85,200,1851.35,160,0,1200
FINNIFTY02JAN2419500CE.NFO,02/01/2024,10:23:23,1873.45,1841.8,200,1851,360,0,1200
FINNIFTY02JAN2419500CE.NFO,02/01/2024,10:23:24,1873.45,1842.1,40,1851.45,200,0,1200
FINNIFTY02JAN2419500CE.NFO,02/01/2024,10:23:26,1873.45,1842.8,120,1853.55,360,0,1200
FINNIFTY02JAN2419500CE.NFO,02/01/2024,10:23:28,1873.45,1843.4,40,1853.55,360,0,1200
FINNIFTY02JAN2419500CE.NFO,02/01/2024,10:23:29,1873.45,1843.8,80,1853.5,40,0,1200
FINNIFTY02JAN2419500CE.NFO,02/01/2024,10:23:31,1873.45,1844.2,40,1853.35,120,0,1200
FINNIFTY02JAN2419500CE.NFO,02/01/2024,10:23:33,1873.45,1844.3,360,1853.05,120,0,1200
FINNIFTY02JAN2419500CE.NFO,02/01/2024,10:23:34,1873.45,1844.2,80,1852.8,120,0,1200
FINNIFTY02JAN2419500CE.NFO,02/01/2024,10:23:36,1873.45,1844.4,160,1852.45,120,0,1200
FINNIFTY02JAN2419500CE.NFO,02/01/2024,10:23:38,1873.45,1844.2,120,1852.3,40,0,1200
FINNIFTY02JAN2419500CE.NFO,02/01/2024,10:23:39,1873.45,1844.3,640,1852,360,0,1200
FINNIFTY02JAN2419500CE.NFO,02/01/2024,10:23:41,1873.45,1844.45,200,1852.55,360,0,1200
FINNIFTY02JAN2419500CE.NFO,02/01/2024,10:23:43,1873.45,1843.95,200,1852.45,120,0,1200
FINNIFTY02JAN2419500CE.NFO,02/01/2024,10:23:44,1873.45,1844,200,1852.45,120,0,1200
FINNIFTY02JAN2419500CE.NFO,02/01/2024,10:23:46,1873.45,1843.95,200,1852.25,120,0,1200
FINNIFTY02JAN2419500CE.NFO,02/01/2024,10:23:48,1873.45,1843.95,200,1852.05,520,0,1200
FINNIFTY02JAN2419500CE.NFO,02/01/2024,10:23:49,1873.45,1841.85,200,1851.95,120,0,1200
FINNIFTY02JAN2419500CE.NFO,02/01/2024,10:23:51,1873.45,1841.95,120,1851.5,280,0,1200
FINNIFTY02JAN2419500CE.NFO,02/01/2024,10:23:52,1873.45,1841.75,120,1851.25,200,0,1200
FINNIFTY02JAN2419500CE.NFO,02/01/2024,10:23:54,1873.45,1839.9,80,1850.25,1600,0,1200
FINNIFTY02JAN2419500CE.NFO,02/01/2024,10:23:56,1873.45,1840.45,160,1850.2,1400,0,1200
FINNIFTY02JAN2419500CE.NFO,02/01/2024,10:23:57,1873.45,1840.8,40,1850,240,0,1200
FINNIFTY02JAN2419500CE.NFO,02/01/2024,10:23:59,1873.45,1840.8,80,1849.8,40,0,1200
FINNIFTY02JAN2419500CE.NFO,02/01/2024,10:24:01,1873.45,1840.95,80,1862.95,320,0,1200
FINNIFTY02JAN2419500CE.NFO,02/01/2024,10:24:02,1873.45,1841.35,40,1862.85,240,0,1200
FINNIFTY02JAN2419500CE.NFO,02/01/2024,10:24:04,1873.45,1841.75,200,1862.65,40,0,1200
FINNIFTY02JAN2419500CE.NFO,02/01/2024,10:24:06,1873.45,1842.45,160,1859.7,520,0,1200
FINNIFTY02JAN2419500CE.NFO,02/01/2024,10:24:07,1873.45,1843.1,40,1857.15,160,0,1200
FINNIFTY02JAN2419500CE.NFO,02/01/2024,10:24:09,1873.45,1844,120,1856.45,120,0,1200
FINNIFTY02JAN2419500CE.NFO,02/01/2024,10:24:11,1873.45,1844.5,80,1856.25,120,0,1200
FINNIFTY02JAN2419500CE.NFO,02/01/2024,10:24:12,1873.45,1844.3,600,1854.85,120,0,1200
FINNIFTY02JAN2419500CE.NFO,02/01/2024,10:24:14,1873.45,1844.15,200,1853.75,120,0,1200
FINNIFTY02JAN2419500CE.NFO,02/01/2024,10:24:16,1873.45,1840.25,40,1853.55,120,0,1200
FINNIFTY02JAN2419500CE.NFO,02/01/2024,10:24:17,1873.45,1841.55,40,1853.6,1760,0,1200
FINNIFTY02JAN2419500CE.NFO,02/01/2024,10:24:19,1873.45,1842.25,120,1853.6,1760,0,1200
FINNIFTY02JAN2419500CE.NFO,02/01/2024,10:24:21,1873.45,1843.15,120,1853.6,1640,0,1200
FINNIFTY02JAN2419500CE.NFO,02/01/2024,10:24:22,1873.45,1843.55,200,1853.55,120,0,1200
FINNIFTY02JAN2419500CE.NFO,02/01/2024,10:24:24,1873.45,1843.85,200,1853.55,120,0,1200
FINNIFTY02JAN2419500CE.NFO,02/01/2024,10:24:26,1873.45,1844.25,120,1853.6,1640,0,1200
FINNIFTY02JAN2419500CE.NFO,02/01/2024,10:24:27,1873.45,1844.65,200,1853.6,1640,0,1200
FINNIFTY02JAN2419500CE.NFO,02/01/2024,10:24:29,1873.45,1844.6,200,1853.6,1640,0,1200
FINNIFTY02JAN2419500CE.NFO,02/01/2024,10:24:31,1873.45,1844.8,80,1853.6,1640,0,1200
FINNIFTY02JAN2419500CE.NFO,02/01/2024,10:24:32,1873.45,1845.2,200,1853.6,1640,0,1200
FINNIFTY02JAN2419500CE.NFO,02/01/2024,10:24:34,1873.45,1845.85,120,1854.1,200,0,1200
FINNIFTY02JAN2419500CE.NFO,02/01/2024,10:24:36,1873.45,1846,840,1853.95,1000,0,1200
FINNIFTY02JAN2419500CE.NFO,02/01/2024,10:24:37,1873.45,1846.05,160,1853.85,240,0,1200
FINNIFTY02JAN2419500CE.NFO,02/01/2024,10:24:39,1873.45,1846.3,80,1853.65,360,0,1200
FINNIFTY02JAN2419500CE.NFO,02/01/2024,10:24:41,1873.45,1846,200,1853.5,80,0,1200
FINNIFTY02JAN2419500CE.NFO,02/01/2024,10:24:42,1873.45,1846.1,320,1853.15,120,0,1200
FINNIFTY02JAN2419500CE.NFO,02/01/2024,10:24:44,1873.45,1846,200,1852.9,560,0,1200
FINNIFTY02JAN2419500CE.NFO,02/01/2024,10:24:46,1873.45,1839.7,200,1852.65,120,0,1200
FINNIFTY02JAN2419500CE.NFO,02/01/2024,10:24:47,1873.45,1839.7,200,1852.2,360,0,1200
FINNIFTY02JAN2419500CE.NFO,02/01/2024,10:24:49,1873.45,1839.7,200,1852.05,120,0,1200
FINNIFTY02JAN2419500CE.NFO,02/01/2024,10:24:50,1873.45,1839.7,200,1851.9,1320,0,1200
FINNIFTY02JAN2419500CE.NFO,02/01/2024,10:24:52,1873.45,1839.7,200,1851.6,240,0,1200
FINNIFTY02JAN2419500CE.NFO,02/01/2024,10:24:54,1873.45,1839.7,200,1851.25,80,0,1200
FINNIFTY02JAN2419500CE.NFO,02/01/2024,10:24:55,1873.45,1839.7,200,1851.15,40,0,1200
FINNIFTY02JAN2419500CE.NFO,02/01/2024,10:24:57,1873.45,1839.7,200,1850.9,360,0,1200
FINNIFTY02JAN2419500CE.NFO,02/01/2024,10:24:59,1873.45,1839.7,200,1853.4,240,0,1200
FINNIFTY02JAN2419500CE.NFO,02/01/2024,10:25:00,1873.45,1842.9,120,1853.25,240,0,1200
FINNIFTY02JAN2419500CE.NFO,02/01/2024,10:25:02,1873.45,1843.15,80,1852.55,120,0,1200
FINNIFTY02JAN2419500CE.NFO,02/01/2024,10:25:04,1873.45,1843.35,40,1852.35,1240,0,1200
FINNIFTY02JAN2419500CE.NFO,02/01/2024,10:25:05,1873.45,1843.6,160,1852.3,120,0,1200
FINNIFTY02JAN2419500CE.NFO,02/01/2024,10:25:07,1873.45,1843.8,1160,1852.1,360,0,1200
FINNIFTY02JAN2419500CE.NFO,02/01/2024,10:25:09,1873.45,1843.2,40,1852.1,1280,0,1200
FINNIFTY02JAN2419500CE.NFO,02/01/2024,10:25:10,1873.45,1843.55,480,1854.35,2000,0,1200
FINNIFTY02JAN2419500CE.NFO,02/01/2024,10:25:12,1873.45,1844.15,200,1854.35,240,0,1200
FINNIFTY02JAN2419500CE.NFO,02/01/2024,10:25:14,1873.45,1845,520,1855.95,360,0,1200
FINNIFTY02JAN2419500CE.NFO,02/01/2024,10:25:15,1873.45,1845.9,40,1856.1,200,0,1200
FINNIFTY02JAN2419500CE.NFO,02/01/2024,10:25:17,1873.45,1846.6,40,1855.9,1080,0,1200
FINNIFTY02JAN2419500CE.NFO,02/01/2024,10:25:19,1873.45,1846.85,160,1855.75,80,0,1200
FINNIFTY02JAN2419500CE.NFO,02/01/2024,10:25:20,1873.45,1842.9,3400,1855.5,120,0,1200
FINNIFTY02JAN2419500CE.NFO,02/01/2024,10:25:22,1873.45,1842.95,200,1855.15,280,0,1200
FINNIFTY02JAN2419500CE.NFO,02/01/2024,10:25:24,1873.45,1842.95,200,1855.05,200,0,1200
FINNIFTY02JAN2419500CE.NFO,02/01/2024,10:25:25,1873.45,1842.95,200,1854.85,40,0,1200
FINNIFTY02JAN2419500CE.NFO,02/01/2024,10:25:27,1873.45,1842.95,200,1854.7,360,0,1200
FINNIFTY02JAN2419500CE.NFO,02/01/2024,10:25:28,1873.45,1843.75,40,1854.45,240,0,1200
FINNIFTY02JAN2419500CE.NFO,02/01/2024,10:25:30,1873.45,1844.75,40,1854.5,120,0,1200
FINNIFTY02JAN2419500CE.NFO,02/01/2024,10:25:32,1873.45,1844.85,1040,1854.25,120,0,1200
FINNIFTY02JAN2419500CE.NFO,02/01/2024,10:25:34,1873.45,1845.2,40,1854.85,520,0,1200
FINNIFTY02JAN2419500CE.NFO,02/01/2024,10:25:35,1873.45,1845.7,520,1856.3,360,0,1200
FINNIFTY02JAN2419500CE.NFO,02/01/2024,10:25:37,1873.45,1846.05,1480,1856.15,520,0,1200
FINNIFTY02JAN2419500CE.NFO,02/01/2024,10:25:39,1873.45,1846.4,1040,1855.9,520,0,1200
FINNIFTY02JAN2419500CE.NFO,02/01/2024,10:25:40,1873.45,1846.75,1040,1855.75,80,0,1200
FINNIFTY02JAN2419500CE.NFO,02/01/2024,10:25:42,1873.45,1846.9,120,1855.55,1440,0,1200
FINNIFTY02JAN2419500CE.NFO,02/01/2024,10:25:43,1873.45,1847.1,1240,1855.4,40,0,1200
FINNIFTY02JAN2419500CE.NFO,02/01/2024,10:25:45,1873.45,1847.3,40,1855.25,600,0,1200
FINNIFTY02JAN2419500CE.NFO,02/01/2024,10:25:47,1873.45,1847.55,40,1856.95,2120,0,1200
FINNIFTY02JAN2419500CE.NFO,02/01/2024,10:25:48,1873.45,1847.65,1160,1856.85,360,0,1200
FINNIFTY02JAN2419500CE.NFO,02/01/2024,10:25:50,1873.45,1847.9,40,1856.95,200,0,1200
FINNIFTY02JAN2419500CE.NFO,02/01/2024,10:25:52,1873.45,1848.4,40,1856.95,200,0,1200
FINNIFTY02JAN2419500CE.NFO,02/01/2024,10:25:53,1873.45,1848.8,1040,1858.45,360,0,1200
FINNIFTY02JAN2419500CE.NFO,02/01/2024,10:25:55,1873.45,1849,120,1858.45,360,0,1200
FINNIFTY02JAN2419500CE.NFO,02/01/2024,10:25:57,1873.45,1844.6,1960,1858.4,240,0,1200
FINNIFTY02JAN2419500CE.NFO,02/01/2024,10:25:58,1873.45,1845.5,40,1858.45,360,0,1200
FINNIFTY02JAN2419500CE.NFO,02/01/2024,10:26:00,1873.45,1846.5,120,1858.45,360,0,1200
FINNIFTY02JAN2419500CE.NFO,02/01/2024,10:26:01,1873.45,1847,360,1858.35,120,0,1200
FINNIFTY02JAN2419500CE.NFO,02/01/2024,10:26:03,1873.45,1847.4,120,1858.35,120,0,1200
FINNIFTY02JAN2419500CE.NFO,02/01/2024,10:26:05,1873.45,1847.45,1280,1858.35,120,0,1200
FINNIFTY02JAN2419500CE.NFO,02/01/2024,10:26:06,1873.45,1847.45,760,1858.05,120,0,1200
FINNIFTY02JAN2419500CE.NFO,02/01/2024,10:26:08,1873.45,1847.5,600,1857.2,160,0,1200
FINNIFTY02JAN2419500CE.NFO,02/01/2024,10:26:10,1873.45,1847.8,920,1857.15,800,0,1200
FINNIFTY02JAN2419500CE.NFO,02/01/2024,10:26:11,1873.45,1847.85,40,1856.95,160,0,1200
FINNIFTY02JAN2419500CE.NFO,02/01/2024,10:26:13,1873.45,1847.8,520,1856.55,120,0,1200
FINNIFTY02JAN2419500CE.NFO,02/01/2024,10:26:14,1873.45,1847.9,480,1855.95,120,0,1200
FINNIFTY02JAN2419500CE.NFO,02/01/2024,10:26:16,1873.45,1848.2,160,1856.2,680,0,1200
FINNIFTY02JAN2419500CE.NFO,02/01/2024,10:26:18,1873.45,1848.25,240,1856,240,0,1200
FINNIFTY02JAN2419500CE.NFO,02/01/2024,10:26:19,1873.45,1848.35,160,1856.25,1160,0,1200
FINNIFTY02JAN2419500CE.NFO,02/01/2024,10:26:21,1873.45,1847.85,160,1856.1,240,0,1200
FINNIFTY02JAN2419500CE.NFO,02/01/2024,10:26:23,1873.45,1846.7,440,1855.85,120,0,1200
FINNIFTY02JAN2419500CE.NFO,02/01/2024,10:26:24,1873.45,1846.75,400,1855.55,120,0,1200
FINNIFTY02JAN2419500CE.NFO,02/01/2024,10:26:26,1873.45,1846.75,160,1855.3,120,0,1200
FINNIFTY02JAN2419500CE.NFO,02/01/2024,10:26:28,1873.45,1846.8,280,1855.2,360,0,1200
FINNIFTY02JAN2419500CE.NFO,02/01/2024,10:26:29,1873.45,1846.9,480,1855.2,360,0,1200
FINNIFTY02JAN2419500CE.NFO,02/01/2024,10:26:31,1873.45,1846.65,200,1855.05,120,0,1200
FINNIFTY02JAN2419500CE.NFO,02/01/2024,10:26:33,1873.45,1844.5,200,1854.9,200,0,1200
FINNIFTY02JAN2419500CE.NFO,02/01/2024,10:26:34,1873.45,1840.15,200,1853.5,40,0,1200
FINNIFTY02JAN2419500CE.NFO,02/01/2024,10:26:36,1873.45,1840.15,200,1852.95,280,0,1200
FINNIFTY02JAN2419500CE.NFO,02/01/2024,10:26:37,1873.45,1840.2,320,1852.6,160,0,1200
FINNIFTY02JAN2419500CE.NFO,02/01/2024,10:26:39,1873.45,1840.4,600,1851.1,120,0,1200
FINNIFTY02JAN2419500CE.NFO,02/01/2024,10:26:41,1873.45,1840.5,40,1851,240,0,1200
FINNIFTY02JAN2419500CE.NFO,02/01/2024,10:26:42,1873.45,1840.8,640,1850.75,360,0,1200
FINNIFTY02JAN2419500CE.NFO,02/01/2024,10:26:44,1873.45,1840.9,40,1850.2,360,0,1200
FINNIFTY02JAN2419500CE.NFO,02/01/2024,10:26:46,1873.45,1840.35,120,1849.95,120,0,1200
FINNIFTY02JAN2419500CE.NFO,02/01/2024,10:26:48,1873.45,1840.3,120,1850.1,800,0,1200
FINNIFTY02JAN2419500CE.NFO,02/01/2024,10:26:49,1873.45,1840.75,400,1854.75,120,0,1200
FINNIFTY02JAN2419500CE.NFO,02/01/2024,10:26:51,1873.45,1841.6,160,1853.85,640,0,1200
FINNIFTY02JAN2419500CE.NFO,02/01/2024,10:26:53,1873.45,1841.75,80,1852.95,120,0,1200
FINNIFTY02JAN2419500CE.NFO,02/01/2024,10:26:54,1873.45,1842.05,880,1852.55,240,0,1200
FINNIFTY02JAN2419500CE.NFO,02/01/2024,10:26:56,1873.45,1842.55,80,1852.3,240,0,1200
FINNIFTY02JAN2419500CE.NFO,02/01/2024,10:26:58,1873.45,1842.8,880,1851.95,1560,0,1200
FINNIFTY02JAN2419500CE.NFO,02/01/2024,10:26:59,1873.45,1843.05,480,1851.75,160,0,1200
FINNIFTY02JAN2419500CE.NFO,02/01/2024,10:27:01,1873.45,1842.6,120,1851.7,1600,0,1200
FINNIFTY02JAN2419500CE.NFO,02/01/2024,10:27:03,1873.45,1842.5,200,1851.4,120,0,1200
FINNIFTY02JAN2419500CE.NFO,02/01/2024,10:27:04,1873.45,1840.4,480,1851.15,120,0,1200
FINNIFTY02JAN2419500CE.NFO,02/01/2024,10:27:06,1873.45,1840.5,800,1851.1,800,0,1200
FINNIFTY02JAN2419500CE.NFO,02/01/2024,10:27:09,1873.45,1840.9,120,1851,280,0,1200
FINNIFTY02JAN2419500CE.NFO,02/01/2024,10:27:11,1873.45,1841.45,40,1850.85,680,0,1200
FINNIFTY02JAN2419500CE.NFO,02/01/2024,10:27:13,1873.45,1841.6,200,1850.7,40,0,1200
FINNIFTY02JAN2419500CE.NFO,02/01/2024,10:27:14,1873.45,1842.2,40,1850.95,40,0,1200
FINNIFTY02JAN2419500CE.NFO,02/01/2024,10:27:16,1873.45,1842.7,120,1856.75,200,0,1200
FINNIFTY02JAN2419500CE.NFO,02/01/2024,10:27:18,1873.45,1843.35,120,1856.75,560,0,1200
FINNIFTY02JAN2419500CE.NFO,02/01/2024,10:27:19,1873.45,1843.75,240,1856.75,560,0,1200
FINNIFTY02JAN2419500CE.NFO,02/01/2024,10:27:21,1873.45,1844.7,240,1856.75,560,0,1200
FINNIFTY02JAN2419500CE.NFO,02/01/2024,10:27:23,1873.45,1844.9,80,1856.75,560,0,1200
FINNIFTY02JAN2419500CE.NFO,02/01/2024,10:27:24,1873.45,1845.05,120,1856.75,560,0,1200
FINNIFTY02JAN2419500CE.NFO,02/01/2024,10:27:26,1873.45,1845.5,40,1856.75,560,0,1200
FINNIFTY02JAN2419500CE.NFO,02/01/2024,10:27:28,1873.45,1845.9,120,1856.75,560,0,1200
FINNIFTY02JAN2419500CE.NFO,02/01/2024,10:27:29,1873.45,1845.7,240,1856.75,560,0,1200
FINNIFTY02JAN2419500CE.NFO,02/01/2024,10:27:31,1873.45,1845.9,120,1856.7,200,0,1200
FINNIFTY02JAN2419500CE.NFO,02/01/2024,10:27:32,1873.45,1846.35,160,1856.75,360,0,1200
FINNIFTY02JAN2419500CE.NFO,02/01/2024,10:27:34,1873.45,1846.85,120,1856.75,360,0,1200
FINNIFTY02JAN2419500CE.NFO,02/01/2024,10:27:35,1873.45,1847,720,1856.7,240,0,1200
FINNIFTY02JAN2419500CE.NFO,02/01/2024,10:27:37,1873.45,1847.5,200,1859.5,200,0,1200
FINNIFTY02JAN2419500CE.NFO,02/01/2024,10:27:39,1873.45,1847.8,80,1859.45,800,0,1200
FINNIFTY02JAN2419500CE.NFO,02/01/2024,10:27:40,1873.45,1848.45,40,1859.4,240,0,1200
FINNIFTY02JAN2419500CE.NFO,02/01/2024,10:27:42,1873.45,1849.1,40,1859.45,800,0,1200
FINNIFTY02JAN2419500CE.NFO,02/01/2024,10:27:44,1873.45,1849.5,40,1859.55,240,0,1200
FINNIFTY02JAN2419500CE.NFO,02/01/2024,10:27:45,1873.45,1850.1,40,1859.45,120,0,1200
FINNIFTY02JAN2419500CE.NFO,02/01/2024,10:27:47,1873.45,1849.8,120,1859.25,40,0,1200
FINNIFTY02JAN2419500CE.NFO,02/01/2024,10:27:49,1873.45,1844.9,800,1858.95,40,0,1200
FINNIFTY02JAN2419500CE.NFO,02/01/2024,10:27:50,1873.45,1845.25,40,1858.75,80,0,1200
FINNIFTY02JAN2419500CE.NFO,02/01/2024,10:27:52,1873.45,1845.85,40,1858.25,40,0,1200
FINNIFTY02JAN2419500CE.NFO,02/01/2024,10:27:54,1873.45,1846.45,200,1857.6,40,0,1200
FINNIFTY02JAN2419500CE.NFO,02/01/2024,10:27:55,1873.45,1847.1,80,1857.1,120,0,1200
FINNIFTY02JAN2419500CE.NFO,02/01/2024,10:27:57,1873.45,1847.5,40,1856.85,200,0,1200
FINNIFTY02JAN2419500CE.NFO,02/01/2024,10:27:59,1873.45,1847.55,40,1856.7,160,0,1200
FINNIFTY02JAN2419500CE.NFO,02/01/2024,10:28:00,1873.45,1847.85,40,1856.5,240,0,1200
FINNIFTY02JAN2419500CE.NFO,02/01/2024,10:28:02,1873.45,1848.35,80,1856.4,200,0,1200
FINNIFTY02JAN2419500CE.NFO,02/01/2024,10:28:04,1873.45,1848.8,200,1856.8,40,0,1200
FINNIFTY02JAN2419500CE.NFO,02/01/2024,10:28:05,1873.45,1849.05,200,1856.7,920,0,1200
FINNIFTY02JAN2419500CE.NFO,02/01/2024,10:28:07,1873.45,1849,200,1856.35,80,0,1200
FINNIFTY02JAN2419500CE.NFO,02/01/2024,10:28:09,1873.45,1849,200,1856.15,80,0,1200
FINNIFTY02JAN2419500CE.NFO,02/01/2024,10:28:10,1873.45,1849.1,840,1856.45,240,0,1200
FINNIFTY02JAN2419500CE.NFO,02/01/2024,10:28:12,1873.45,1849.1,440,1856.2,120,0,1200
FINNIFTY02JAN2419500CE.NFO,02/01/2024,10:28:14,1873.45,1849.4,200,1862.95,200,0,1200
FINNIFTY02JAN2419500CE.NFO,02/01/2024,10:28:15,1873.45,1849.95,120,1862.15,120,0,1200
FINNIFTY02JAN2419500CE.NFO,02/01/2024,10:28:17,1873.45,1850.35,1000,1861.25,120,0,1200
FINNIFTY02JAN2419500CE.NFO,02/01/2024,10:28:19,1873.45,1850.35,320,1860.55,40,0,1200
FINNIFTY02JAN2419500CE.NFO,02/01/2024,10:28:20,1873.45,1850.15,160,1859.75,40,0,1200
FINNIFTY02JAN2419500CE.NFO,02/01/2024,10:28:22,1873.45,1850.2,280,1859.2,120,0,1200
FINNIFTY02JAN2419500CE.NFO,02/01/2024,10:28:24,1873.45,1850.1,200,1858.85,120,0,1200
FINNIFTY02JAN2419500CE.NFO,02/01/2024,10:28:25,1873.45,1846.8,120,1858.3,360,0,1200
FINNIFTY02JAN2419500CE.NFO,02/01/2024,10:28:27,1873.45,1846.8,200,1858.05,120,0,1200
FINNIFTY02JAN2419500CE.NFO,02/01/2024,10:28:29,1873.45,1846.8,200,1857.4,1480,0,1200
FINNIFTY02JAN2419500CE.NFO,02/01/2024,10:28:31,1873.45,1846.8,200,1857.15,1160,0,1200
FINNIFTY02JAN2419500CE.NFO,02/01/2024,10:28:32,1873.45,1847.1,40,1856.7,240,0,1200
FINNIFTY02JAN2419500CE.NFO,02/01/2024,10:28:34,1873.45,1847.3,80,1856.4,320,0,1200
FINNIFTY02JAN2419500CE.NFO,02/01/2024,10:28:36,1873.45,1847.7,120,1856.2,160,0,1200
FINNIFTY02JAN2419500CE.NFO,02/01/2024,10:28:37,1873.45,1848.1,1080,1856.15,360,0,1200
FINNIFTY02JAN2419500CE.NFO,02/01/2024,10:28:39,1873.45,1848.2,160,1856.4,200,0,1200
FINNIFTY02JAN2419500CE.NFO,02/01/2024,10:28:41,1873.45,1848.7,40,1856.3,160,0,1200
FINNIFTY02JAN2419500CE.NFO,02/01/2024,10:28:42,1873.45,1849,40,1856.65,200,0,1200
FINNIFTY02JAN2419500CE.NFO,02/01/2024,10:28:44,1873.45,1849.55,800,1856.6,40,0,1200
FINNIFTY02JAN2419500CE.NFO,02/01/2024,10:28:45,1873.45,1849.95,480,1856.65,200,0,1200
FINNIFTY02JAN2419500CE.NFO,02/01/2024,10:28:47,1873.45,1850,200,1856.65,200,0,1200
FINNIFTY02JAN2419500CE.NFO,02/01/2024,10:28:49,1873.45,1849.4,200,1856.55,80,0,1200
FINNIFTY02JAN2419500CE.NFO,02/01/2024,10:28:50,1873.45,1847.2,120,1856.45,320,0,1200
FINNIFTY02JAN2419500CE.NFO,02/01/2024,10:28:55,1873.45,1847.5,40,1856.3,360,0,1200
FINNIFTY02JAN2419500CE.NFO,02/01/2024,10:28:57,1873.45,1847.6,40,1856.05,240,0,1200
FINNIFTY02JAN2419500CE.NFO,02/01/2024,10:28:58,1873.45,1848.05,360,1855.6,240,0,1200
FINNIFTY02JAN2419500CE.NFO,02/01/2024,10:29:00,1873.45,1848.15,360,1855.35,200,0,1200
FINNIFTY02JAN2419500CE.NFO,02/01/2024,10:29:02,1873.45,1847.35,80,1855.15,40,0,1200
FINNIFTY02JAN2419500CE.NFO,02/01/2024,10:29:03,1873.45,1847.45,80,1855.05,120,0,1200
FINNIFTY02JAN2419500CE.NFO,02/01/2024,10:29:05,1873.45,1847.9,360,1863.1,120,0,1200
FINNIFTY02JAN2419500CE.NFO,02/01/2024,10:29:07,1873.45,1848.45,80,1862.6,200,0,1200
FINNIFTY02JAN2419500CE.NFO,02/01/2024,10:29:09,1873.45,1848.95,40,1861.8,280,0,1200
FINNIFTY02JAN2419500CE.NFO,02/01/2024,10:29:10,1873.45,1849.15,200,1861.2,120,0,1200
FINNIFTY02JAN2419500CE.NFO,02/01/2024,10:29:12,1873.45,1849.2,160,1860.5,120,0,1200
FINNIFTY02JAN2419500CE.NFO,02/01/2024,10:29:14,1873.45,1849.8,40,1860.1,1480,0,1200
FINNIFTY02JAN2419500CE.NFO,02/01/2024,10:29:15,1873.45,1850.3,120,1859.6,360,0,1200
FINNIFTY02JAN2419500CE.NFO,02/01/2024,10:29:17,1873.45,1850.35,160,1859.4,120,0,1200
FINNIFTY02JAN2419500CE.NFO,02/01/2024,10:29:19,1873.45,1850.65,160,1859.4,120,0,1200
FINNIFTY02JAN2419500CE.NFO,02/01/2024,10:29:20,1873.45,1851,120,1859.4,120,0,1200
FINNIFTY02JAN2419500CE.NFO,02/01/2024,10:29:22,1873.45,1851.75,160,1863.2,600,0,1200
FINNIFTY02JAN2419500CE.NFO,02/01/2024,10:29:24,1873.45,1852.55,120,1863.15,240,0,1200
FINNIFTY02JAN2419500CE.NFO,02/01/2024,10:29:25,1873.45,1852.2,800,1863.1,200,0,1200
FINNIFTY02JAN2419500CE.NFO,02/01/2024,10:29:27,1873.45,1852.15,200,1863.1,200,0,1200
FINNIFTY02JAN2419500CE.NFO,02/01/2024,10:29:29,1873.45,1848.8,360,1863.1,200,0,1200
FINNIFTY02JAN2419500CE.NFO,02/01/2024,10:29:30,1873.45,1848.85,200,1862.8,200,0,1200
FINNIFTY02JAN2419500CE.NFO,02/01/2024,10:29:32,1873.45,1849.15,40,1862.05,80,0,1200
FINNIFTY02JAN2419500CE.NFO,02/01/2024,10:29:33,1873.45,1849.35,80,1861.3,80,0,1200
FINNIFTY02JAN2419500CE.NFO,02/01/2024,10:29:35,1873.45,1849.65,120,1860.8,120,0,1200
FINNIFTY02JAN2419500CE.NFO,02/01/2024,10:29:37,1873.45,1849.8,360,1860.4,400,0,1200
FINNIFTY02JAN2419500CE.NFO,02/01/2024,10:29:38,1873.45,1849.95,120,1859.6,40,0,1200
FINNIFTY02JAN2419500CE.NFO,02/01/2024,10:29:40,1873.45,1850.45,720,1859.25,1040,0,1200
FINNIFTY02JAN2419500CE.NFO,02/01/2024,10:29:42,1873.45,1850.45,160,1859.05,160,0,1200
FINNIFTY02JAN2419500CE.NFO,02/01/2024,10:29:43,1873.45,1850.05,160,1859,1600,0,1200
FINNIFTY02JAN2419500CE.NFO,02/01/2024,10:29:45,1873.45,1850.3,80,1858.75,1040,0,1200
FINNIFTY02JAN2419500CE.NFO,02/01/2024,10:29:47,1873.45,1850.6,160,1858.45,920,0,1200
FINNIFTY02JAN2419500CE.NFO,02/01/2024,10:29:48,1873.45,1850.55,320,1858.1,400,0,1200
FINNIFTY02JAN2419500CE.NFO,02/01/2024,10:29:50,1873.45,1849.85,440,1857.95,80,0,1200
FINNIFTY02JAN2419500CE.NFO,02/01/2024,10:29:52,1873.45,1849.95,320,1857.7,360,0,1200
FINNIFTY02JAN2419500CE.NFO,02/01/2024,10:29:53,1873.45,1849.95,160,1857.5,200,0,1200
FINNIFTY02JAN2419500CE.NFO,02/01/2024,10:29:55,1873.45,1849.95,80,1857.5,120,0,1200
FINNIFTY02JAN2419500CE.NFO,02/01/2024,10:29:57,1873.45,1849,360,1857.3,1080,0,1200
FINNIFTY02JAN2419500CE.NFO,02/01/2024,10:29:58,1873.45,1849.15,200,1857.05,120,0,1200
FINNIFTY02JAN2419500CE.NFO,02/01/2024,10:30:00,1873.45,1849.25,160,1856.75,40,0,1200
FINNIFTY02JAN2419500CE.NFO,02/01/2024,10:30:01,1873.45,1849.7,120,1867.35,40,0,1200
FINNIFTY02JAN2419500CE.NFO,02/01/2024,10:30:03,1873.45,1850.1,200,1866.6,40,0,1200
FINNIFTY02JAN2419500CE.NFO,02/01/2024,10:30:05,1873.45,1850.55,120,1866.25,200,0,1200
FINNIFTY02JAN2419500CE.NFO,02/01/2024,10:30:06,1873.45,1850.8,200,1866,200,0,1200
FINNIFTY02JAN2419500CE.NFO,02/01/2024,10:30:08,1873.45,1851.3,160,1865.3,40,0,1200
FINNIFTY02JAN2419500CE.NFO,02/01/2024,10:30:10,1873.45,1851.65,480,1864.65,40,0,1200
FINNIFTY02JAN2419500CE.NFO,02/01/2024,10:30:11,1873.45,1851.15,40,1864.1,200,0,1200
FINNIFTY02JAN2419500CE.NFO,02/01/2024,10:30:13,1873.45,1851.35,160,1863.7,40,0,1200
FINNIFTY02JAN2419500CE.NFO,02/01/2024,10:30:15,1860,1852,360,1863.05,80,40,1200
FINNIFTY02JAN2419500CE.NFO,02/01/2024,10:30:15,1860,1852,360,1863.05,80,0,1200
FINNIFTY02JAN2419500CE.NFO,02/01/2024,10:30:16,1860,1852.65,120,1862.7,360,0,1200
FINNIFTY02JAN2419500CE.NFO,02/01/2024,10:30:18,1860,1853.3,200,1862.75,160,0,1200
FINNIFTY02JAN2419500CE.NFO,02/01/2024,10:30:20,1860,1853.85,480,1867.5,200,0,1200
FINNIFTY02JAN2419500CE.NFO,02/01/2024,10:30:21,1860,1854.1,40,1867.4,360,0,1200
FINNIFTY02JAN2419500CE.NFO,02/01/2024,10:30:23,1860,1854.85,120,1867.35,240,0,1200
FINNIFTY02JAN2419500CE.NFO,02/01/2024,10:30:25,1860,1855.2,40,1866.95,360,0,1200
FINNIFTY02JAN2419500CE.NFO,02/01/2024,10:30:26,1860,1855.8,40,1866.3,120,0,1200
FINNIFTY02JAN2419500CE.NFO,02/01/2024,10:30:28,1860,1856.15,880,1866.05,120,0,1200
FINNIFTY02JAN2419500CE.NFO,02/01/2024,10:30:30,1860,1856.5,200,1865.5,360,0,1200
FINNIFTY02JAN2419500CE.NFO,02/01/2024,10:30:31,1860,1856.6,80,1865.05,120,0,1200
FINNIFTY02JAN2419500CE.NFO,02/01/2024,10:30:33,1860,1857.15,80,1865.4,200,0,1200
FINNIFTY02JAN2419500CE.NFO,02/01/2024,10:30:34,1860,1857.4,200,1871.75,120,0,1200
FINNIFTY02JAN2419500CE.NFO,02/01/2024,10:30:36,1860,1857.65,160,1871.75,120,0,1200
FINNIFTY02JAN2419500CE.NFO,02/01/2024,10:30:38,1860,1857.55,160,1871.25,40,0,1200
FINNIFTY02JAN2419500CE.NFO,02/01/2024,10:30:39,1860,1857.95,520,1870.75,1840,0,1200
FINNIFTY02JAN2419500CE.NFO,02/01/2024,10:30:41,1860,1858.45,120,1870.55,120,0,1200
FINNIFTY02JAN2419500CE.NFO,02/01/2024,10:30:43,1860,1858.75,40,1870,120,0,1200
FINNIFTY02JAN2419500CE.NFO,02/01/2024,10:30:44,1860,1858.5,480,1869.1,360,0,1200
FINNIFTY02JAN2419500CE.NFO,02/01/2024,10:30:46,1860,1858.65,240,1868.8,120,0,1200
FINNIFTY02JAN2419500CE.NFO,02/01/2024,10:30:48,1860,1859.2,120,1868.7,640,0,1200
FINNIFTY02JAN2419500CE.NFO,02/01/2024,10:30:49,1860,1859.6,40,1869.05,80,0,1200
FINNIFTY02JAN2419500CE.NFO,02/01/2024,10:30:51,1860,1852.5,40,1868.75,120,0,1200
FINNIFTY02JAN2419500CE.NFO,02/01/2024,10:30:53,1860,1852.8,40,1868.35,120,0,1200
FINNIFTY02JAN2419500CE.NFO,02/01/2024,10:30:54,1860,1853.75,40,1868.05,40,0,1200
FINNIFTY02JAN2419500CE.NFO,02/01/2024,10:30:56,1860,1854.4,40,1868.45,520,0,1200
FINNIFTY02JAN2419500CE.NFO,02/01/2024,10:30:58,1860,1855.15,80,1871.75,1000,0,1200
FINNIFTY02JAN2419500CE.NFO,02/01/2024,10:30:59,1860,1855.5,120,1871.65,360,0,1200
FINNIFTY02JAN2419500CE.NFO,02/01/2024,10:31:01,1860,1856.3,120,1871.1,120,0,1200
FINNIFTY02JAN2419500CE.NFO,02/01/2024,10:31:03,1860,1857.2,120,1870.5,120,0,1200
FINNIFTY02JAN2419500CE.NFO,02/01/2024,10:31:04,1860,1857.95,200,1869.95,80,0,1200
FINNIFTY02JAN2419500CE.NFO,02/01/2024,10:31:06,1860,1858.55,120,1869.75,360,0,1200
FINNIFTY02JAN2419500CE.NFO,02/01/2024,10:31:08,1860,1859.15,120,1869.5,360,0,1200
FINNIFTY02JAN2419500CE.NFO,02/01/2024,10:31:09,1860,1859.45,40,1869.15,360,0,1200
FINNIFTY02JAN2419500CE.NFO,02/01/2024,10:31:11,1860,1860.15,160,1868.85,800,0,1200
FINNIFTY02JAN2419500CE.NFO,02/01/2024,10:31:13,1860,1860.45,120,1868.55,1440,0,1200
FINNIFTY02JAN2419500CE.NFO,02/01/2024,10:31:14,1860,1853.55,200,1868.2,80,0,1200
FINNIFTY02JAN2419500CE.NFO,02/01/2024,10:31:16,1860,1853.55,200,1868,40,0,1200
FINNIFTY02JAN2419500CE.NFO,02/01/2024,10:31:18,1860,1854.3,120,1867.55,240,0,1200
FINNIFTY02JAN2419500CE.NFO,02/01/2024,10:31:19,1860,1855.1,120,1867.35,160,0,1200
FINNIFTY02JAN2419500CE.NFO,02/01/2024,10:31:21,1860,1855.9,120,1867.1,120,0,1200
FINNIFTY02JAN2419500CE.NFO,02/01/2024,10:31:23,1860,1856.6,400,1866.95,240,0,1200
FINNIFTY02JAN2419500CE.NFO,02/01/2024,10:31:24,1860,1857.4,40,1866.7,200,0,1200
FINNIFTY02JAN2419500CE.NFO,02/01/2024,10:31:26,1860,1858.2,120,1871.75,120,0,1200
FINNIFTY02JAN2419500CE.NFO,02/01/2024,10:31:28,1860,1858.4,80,1871.75,120,0,1200
FINNIFTY02JAN2419500CE.NFO,02/01/2024,10:31:31,1860,1858.8,120,1871.8,360,0,1200
FINNIFTY02JAN2419500CE.NFO,02/01/2024,10:31:32,1860,1859.4,40,1871.8,360,0,1200
FINNIFTY02JAN2419500CE.NFO,02/01/2024,10:31:34,1860,1860.45,120,1871.8,120,0,1200
FINNIFTY02JAN2419500CE.NFO,02/01/2024,10:31:36,1860,1861.05,200,1876.15,2880,0,1200
FINNIFTY02JAN2419500CE.NFO,02/01/2024,10:31:37,1860,1861.4,40,1876.1,160,0,1200
FINNIFTY02JAN2419500CE.NFO,02/01/2024,10:31:39,1860,1862.25,40,1880.4,1080,0,1200
FINNIFTY02JAN2419500CE.NFO,02/01/2024,10:31:41,1860,1863.1,200,1880.35,360,0,1200
FINNIFTY02JAN2419500CE.NFO,02/01/2024,10:31:42,1860,1864.1,120,1880.35,360,0,1200
FINNIFTY02JAN2419500CE.NFO,02/01/2024,10:31:44,1860,1864.2,200,1880.3,200,0,1200
FINNIFTY02JAN2419500CE.NFO,02/01/2024,10:31:46,1860,1864.75,440,1880.3,200,0,1200
FINNIFTY02JAN2419500CE.NFO,02/01/2024,10:31:47,1860,1865.2,200,1884.75,960,0,1200
FINNIFTY02JAN2419500CE.NFO,02/01/2024,10:31:49,1860,1865.7,360,1884.65,480,0,1200
FINNIFTY02JAN2419500CE.NFO,02/01/2024,10:31:51,1860,1866,200,1884.6,360,0,1200
FINNIFTY02JAN2419500CE.NFO,02/01/2024,10:31:52,1860,1866.6,120,1884.35,120,0,1200
FINNIFTY02JAN2419500CE.NFO,02/01/2024,10:31:54,1860,1866.7,360,1884.2,360,0,1200
FINNIFTY02JAN2419500CE.NFO,02/01/2024,10:31:56,1860,1867.35,120,1883.8,360,0,1200
FINNIFTY02JAN2419500CE.NFO,02/01/2024,10:31:57,1860,1868,80,1883.6,80,0,1200
FINNIFTY02JAN2419500CE.NFO,02/01/2024,10:31:59,1860,1868.65,40,1883.6,80,0,1200
FINNIFTY02JAN2419500CE.NFO,02/01/2024,10:32:01,1860,1869.35,120,1883.3,120,0,1200
FINNIFTY02JAN2419500CE.NFO,02/01/2024,10:32:02,1860,1869.7,360,1883.15,360,0,1200
FINNIFTY02JAN2419500CE.NFO,02/01/2024,10:32:04,1860,1870.3,200,1882.8,1000,0,1200
FINNIFTY02JAN2419500CE.NFO,02/01/2024,10:32:06,1860,1870.6,200,1882.45,120,0,1200
FINNIFTY02JAN2419500CE.NFO,02/01/2024,10:32:07,1860,1870.5,80,1881.9,120,0,1200
FINNIFTY02JAN2419500CE.NFO,02/01/2024,10:32:09,1860,1862.6,3080,1881,200,0,1200
FINNIFTY02JAN2419500CE.NFO,02/01/2024,10:32:11,1860,1862.7,120,1880.35,520,0,1200
FINNIFTY02JAN2419500CE.NFO,02/01/2024,10:32:12,1860,1862.7,120,1879.9,40,0,1200
FINNIFTY02JAN2419500CE.NFO,02/01/2024,10:32:14,1860,1862.7,120,1879.2,40,0,1200
FINNIFTY02JAN2419500CE.NFO,02/01/2024,10:32:16,1860,1862.7,120,1878.55,280,0,1200
FINNIFTY02JAN2419500CE.NFO,02/01/2024,10:32:17,1860,1862.7,120,1878.4,120,0,1200
FINNIFTY02JAN2419500CE.NFO,02/01/2024,10:32:19,1860,1862.7,120,1878.3,160,0,1200
FINNIFTY02JAN2419500CE.NFO,02/01/2024,10:32:21,1860,1862.7,120,1877.9,360,0,1200
FINNIFTY02JAN2419500CE.NFO,02/01/2024,10:32:22,1860,1862.7,120,1877.3,360,0,1200
FINNIFTY02JAN2419500CE.NFO,02/01/2024,10:32:24,1860,1862.7,120,1876.7,40,0,1200
FINNIFTY02JAN2419500CE.NFO,02/01/2024,10:32:25,1860,1862.7,120,1876.2,40,0,1200
FINNIFTY02JAN2419500CE.NFO,02/01/2024,10:32:27,1860,1862.7,120,1875.55,360,0,1200
FINNIFTY02JAN2419500CE.NFO,02/01/2024,10:32:29,1860,1862.7,120,1875.2,360,0,1200
FINNIFTY02JAN2419500CE.NFO,02/01/2024,10:32:36,1860,1863.1,80,1873.7,40,0,1200
FINNIFTY02JAN2419500CE.NFO,02/01/2024,10:32:45,1860,1860.95,40,1872.45,200,0,1200
FINNIFTY02JAN2419500CE.NFO,02/01/2024,10:32:55,1860,1861.35,120,1870.15,160,0,1200
FINNIFTY02JAN2419500CE.NFO,02/01/2024,10:33:05,1860,1862.55,200,1945.7,120,0,1200
FINNIFTY02JAN2419500CE.NFO,02/01/2024,10:33:13,1860,1864,240,1942.6,120,0,1200
FINNIFTY02JAN2419500CE.NFO,02/01/2024,10:33:23,1860,1865.3,240,1938.6,40,0,1200
FINNIFTY02JAN2419500CE.NFO,02/01/2024,10:33:30,1860,1860.55,3520,1935.4,120,0,1200
FINNIFTY02JAN2419500CE.NFO,02/01/2024,10:33:32,1860,1860.55,3520,1934.65,40,0,1200
FINNIFTY02JAN2419500CE.NFO,02/01/2024,10:33:33,1860,1860.95,40,1934.05,40,0,1200
FINNIFTY02JAN2419500CE.NFO,02/01/2024,10:33:35,1860,1861.55,160,1933.05,40,0,1200
FINNIFTY02JAN2419500CE.NFO,02/01/2024,10:33:37,1860,1861.5,680,1932.25,40,0,1200
FINNIFTY02JAN2419500CE.NFO,02/01/2024,10:33:38,1860,1861.65,320,1931.15,40,0,1200
FINNIFTY02JAN2419500CE.NFO,02/01/2024,10:33:40,1860,1861.75,160,1930.05,40,0,1200
FINNIFTY02JAN2419500CE.NFO,02/01/2024,10:33:42,1860,1861.7,160,1929.4,880,0,1200
FINNIFTY02JAN2419500CE.NFO,02/01/2024,10:33:43,1860,1861.55,720,1928.6,40,0,1200
FINNIFTY02JAN2419500CE.NFO,02/01/2024,10:33:45,1860,1861.7,120,1927.3,160,0,1200
FINNIFTY02JAN2419500CE.NFO,02/01/2024,10:33:47,1860,1861.55,720,1926.1,120,0,1200
FINNIFTY02JAN2419500CE.NFO,02/01/2024,10:33:48,1860,1861.5,200,1925.15,120,0,1200
FINNIFTY02JAN2419500CE.NFO,02/01/2024,10:33:50,1860,1861.7,80,1924.45,360,0,1200
FINNIFTY02JAN2419500CE.NFO,02/01/2024,10:33:51,1860,1861.85,80,1923.5,40,0,1200
FINNIFTY02JAN2419500CE.NFO,02/01/2024,10:33:53,1860,1861.5,200,1922.4,40,0,1200
FINNIFTY02JAN2419500CE.NFO,02/01/2024,10:33:55,1860,1860.6,360,1921.4,120,0,1200
FINNIFTY02JAN2419500CE.NFO,02/01/2024,10:33:56,1860,1860.65,280,1920.3,40,0,1200
FINNIFTY02JAN2419500CE.NFO,02/01/2024,10:33:58,1860,1860.6,360,1919.4,40,0,1200
FINNIFTY02JAN2419500CE.NFO,02/01/2024,10:34:00,1860,1860.55,200,1918.7,40,0,1200
FINNIFTY02JAN2419500CE.NFO,02/01/2024,10:34:01,1860,1860.85,200,1917.8,80,0,1200
FINNIFTY02JAN2419500CE.NFO,02/01/2024,10:34:03,1860,1861,840,1917.25,40,0,1200
FINNIFTY02JAN2419500CE.NFO,02/01/2024,10:34:05,1860,1861.05,200,1916.35,360,0,1200
FINNIFTY02JAN2419500CE.NFO,02/01/2024,10:34:06,1860,1861,160,1915.6,40,0,1200
FINNIFTY02JAN2419500CE.NFO,02/01/2024,10:34:08,1860,1860.7,120,1914.4,40,0,1200
FINNIFTY02JAN2419500CE.NFO,02/01/2024,10:34:09,1860,1860.55,200,1913.45,120,0,1200
FINNIFTY02JAN2419500CE.NFO,02/01/2024,10:34:11,1860,1860.55,200,1912.45,40,0,1200
FINNIFTY02JAN2419500CE.NFO,02/01/2024,10:34:13,1860,1860.65,200,1911.45,120,0,1200
FINNIFTY02JAN2419500CE.NFO,02/01/2024,10:34:14,1860,1860.85,720,1910.35,40,0,1200
FINNIFTY02JAN2419500CE.NFO,02/01/2024,10:34:16,1860,1861.25,80,1909.45,40,0,1200
FINNIFTY02JAN2419500CE.NFO,02/01/2024,10:34:18,1860,1861.85,40,1908.85,40,0,1200
FINNIFTY02JAN2419500CE.NFO,02/01/2024,10:34:19,1860,1862.3,120,1908.35,40,0,1200
FINNIFTY02JAN2419500CE.NFO,02/01/2024,10:34:21,1860,1862.85,160,1907.7,40,0,1200
FINNIFTY02JAN2419500CE.NFO,02/01/2024,10:34:22,1860,1863.25,280,1906.9,40,0,1200
FINNIFTY02JAN2419500CE.NFO,02/01/2024,10:34:24,1860,1863.55,40,1906.1,120,0,1200
FINNIFTY02JAN2419500CE.NFO,02/01/2024,10:34:26,1860,1863.65,520,1905.1,120,0,1200
FINNIFTY02JAN2419500CE.NFO,02/01/2024,10:34:27,1860,1863.9,1040,1903.9,40,0,1200
FINNIFTY02JAN2419500CE.NFO,02/01/2024,10:34:29,1860,1864.15,480,1902.55,120,0,1200
FINNIFTY02JAN2419500CE.NFO,02/01/2024,10:34:30,1860,1864.15,320,1902.05,120,0,1200
FINNIFTY02JAN2419500CE.NFO,02/01/2024,10:34:32,1860,1864.35,200,1900.95,120,0,1200
FINNIFTY02JAN2419500CE.NFO,02/01/2024,10:34:34,1860,1864.75,120,1899.75,40,0,1200
FINNIFTY02JAN2419500CE.NFO,02/01/2024,10:34:35,1860,1864.9,360,1899.35,40,0,1200
FINNIFTY02JAN2419500CE.NFO,02/01/2024,10:34:37,1860,1861.1,120,1898.35,120,0,1200
FINNIFTY02JAN2419500CE.NFO,02/01/2024,10:34:39,1860,1861.1,120,1897.55,120,0,1200
FINNIFTY02JAN2419500CE.NFO,02/01/2024,10:34:40,1860,1861.1,120,1896.45,40,0,1200
FINNIFTY02JAN2419500CE.NFO,02/01/2024,10:34:42,1860,1861.1,120,1895.4,40,0,1200
FINNIFTY02JAN2419500CE.NFO,02/01/2024,10:34:43,1860,1861.3,80,1894.7,120,0,1200
FINNIFTY02JAN2419500CE.NFO,02/01/2024,10:34:45,1860,1861.3,200,1894.1,40,0,1200
FINNIFTY02JAN2419500CE.NFO,02/01/2024,10:34:47,1860,1861.25,480,1893.2,40,0,1200
FINNIFTY02JAN2419500CE.NFO,02/01/2024,10:34:48,1860,1861,200,1892.4,80,0,1200
FINNIFTY02JAN2419500CE.NFO,02/01/2024,10:34:50,1860,1861.05,200,1891.85,80,0,1200
FINNIFTY02JAN2419500CE.NFO,02/01/2024,10:34:52,1860,1861.2,120,1891.25,40,0,1200
FINNIFTY02JAN2419500CE.NFO,02/01/2024,10:34:53,1860,1861,200,1890.35,120,0,1200
FINNIFTY02JAN2419500CE.NFO,02/01/2024,10:34:55,1860,1861.05,280,1889.45,120,0,1200
FINNIFTY02JAN2419500CE.NFO,02/01/2024,10:34:57,1860,1861.15,120,1888.85,40,0,1200
FINNIFTY02JAN2419500CE.NFO,02/01/2024,10:34:58,1860,1861.15,120,1888.15,40,0,1200
FINNIFTY02JAN2419500CE.NFO,02/01/2024,10:35:00,1860,1861.55,80,1887.4,40,0,1200
FINNIFTY02JAN2419500CE.NFO,02/01/2024,10:35:01,1860,1861.7,80,1886.6,400,0,1200
FINNIFTY02JAN2419500CE.NFO,02/01/2024,10:35:03,1860,1862.3,80,1885.7,80,0,1200
FINNIFTY02JAN2419500CE.NFO,02/01/2024,10:35:05,1860,1862.2,840,1885.1,200,0,1200
FINNIFTY02JAN2419500CE.NFO,02/01/2024,10:35:06,1860,1862.2,480,1884.3,40,0,1200
FINNIFTY02JAN2419500CE.NFO,02/01/2024,10:35:08,1860,1861,480,1883.5,120,0,1200
FINNIFTY02JAN2419500CE.NFO,02/01/2024,10:35:10,1860,1860.95,120,1882.8,40,0,1200
FINNIFTY02JAN2419500CE.NFO,02/01/2024,10:35:11,1860,1858.9,360,1882.2,40,0,1200
FINNIFTY02JAN2419500CE.NFO,02/01/2024,10:35:13,1860,1859,80,1881.45,400,0,1200
FINNIFTY02JAN2419500CE.NFO,02/01/2024,10:35:15,1860,1859.55,80,1880.95,120,0,1200
FINNIFTY02JAN2419500CE.NFO,02/01/2024,10:35:16,1860,1859.9,160,1880.85,40,0,1200
FINNIFTY02JAN2419500CE.NFO,02/01/2024,10:35:18,1860,1860.3,200,1880.85,40,0,1200
FINNIFTY02JAN2419500CE.NFO,02/01/2024,10:35:20,1860,1860.6,80,1880.85,40,0,1200
FINNIFTY02JAN2419500CE.NFO,02/01/2024,10:35:21,1860,1860.55,720,1880.85,40,0,1200
FINNIFTY02JAN2419500CE.NFO,02/01/2024,10:35:23,1860,1859.8,200,1880.85,40,0,1200
FINNIFTY02JAN2419500CE.NFO,02/01/2024,10:35:25,1860,1860.1,80,1880.85,40,0,1200
FINNIFTY02JAN2419500CE.NFO,02/01/2024,10:35:26,1860,1860.55,400,1880.85,40,0,1200
FINNIFTY02JAN2419500CE.NFO,02/01/2024,10:35:28,1860,1860.75,360,1880.85,40,0,1200
FINNIFTY02JAN2419500CE.NFO,02/01/2024,10:35:29,1860,1860.8,200,1880.85,40,0,1200
FINNIFTY02JAN2419500CE.NFO,02/01/2024,10:35:31,1860,1861.15,480,1880.85,40,0,1200
FINNIFTY02JAN2419500CE.NFO,02/01/2024,10:35:33,1860,1860.9,240,1880.85,40,0,1200
FINNIFTY02JAN2419500CE.NFO,02/01/2024,10:35:35,1860,1861.05,80,1880.85,40,0,1200
FINNIFTY02JAN2419500CE.NFO,02/01/2024,10:35:36,1860,1860.8,200,1880.85,40,0,1200
FINNIFTY02JAN2419500CE.NFO,02/01/2024,10:35:38,1860,1860.85,160,1880.85,40,0,1200
FINNIFTY02JAN2419500CE.NFO,02/01/2024,10:35:40,1860,1860.8,200,1880.85,40,0,1200
FINNIFTY02JAN2419500CE.NFO,02/01/2024,10:35:41,1860,1860.9,320,1880.85,40,0,1200
FINNIFTY02JAN2419500CE.NFO,02/01/2024,10:35:43,1860,1861,120,1880.85,40,0,1200
FINNIFTY02JAN2419500CE.NFO,02/01/2024,10:35:45,1860,1860.85,280,1880.85,40,0,1200
FINNIFTY02JAN2419500CE.NFO,02/01/2024,10:35:46,1860,1860.8,200,1880.85,40,0,1200
FINNIFTY02JAN2419500CE.NFO,02/01/2024,10:35:51,1860,1861.1,80,1880.85,40,0,1200
FINNIFTY02JAN2419500CE.NFO,02/01/2024,10:35:53,1860,1861.25,160,1880.85,40,0,1200
FINNIFTY02JAN2419500CE.NFO,02/01/2024,10:35:55,1860,1860.8,200,1880.85,40,0,1200
FINNIFTY02JAN2419500CE.NFO,02/01/2024,10:35:56,1860,1860.9,200,1880.85,40,0,1200
FINNIFTY02JAN2419500CE.NFO,02/01/2024,10:35:58,1860,1861.15,160,1880.85,40,0,1200
FINNIFTY02JAN2419500CE.NFO,02/01/2024,10:36:00,1860,1861.15,80,1880.85,40,0,1200
FINNIFTY02JAN2419500CE.NFO,02/01/2024,10:36:01,1860,1861.15,160,1880.85,40,0,1200
FINNIFTY02JAN2419500CE.NFO,02/01/2024,10:36:03,1860,1861.1,40,1880.85,40,0,1200
FINNIFTY02JAN2419500CE.NFO,02/01/2024,10:36:05,1860,1861.5,120,1880.85,40,0,1200
FINNIFTY02JAN2419500CE.NFO,02/01/2024,10:36:06,1860,1862,160,1880.85,40,0,1200
FINNIFTY02JAN2419500CE.NFO,02/01/2024,10:36:08,1860,1861.75,200,1880.85,40,0,1200
FINNIFTY02JAN2419500CE.NFO,02/01/2024,10:36:10,1860,1858.85,2880,1880.85,40,0,1200
FINNIFTY02JAN2419500CE.NFO,02/01/2024,10:36:11,1860,1858.95,120,1880.85,40,0,1200
FINNIFTY02JAN2419500CE.NFO,02/01/2024,10:36:13,1860,1859.55,80,1880.85,40,0,1200
FINNIFTY02JAN2419500CE.NFO,02/01/2024,10:36:15,1860,1859.85,200,1880.05,40,0,1200
FINNIFTY02JAN2419500CE.NFO,02/01/2024,10:36:16,1860,1860.35,160,1879.35,40,0,1200
FINNIFTY02JAN2419500CE.NFO,02/01/2024,10:36:18,1860,1859.85,880,1878.85,40,0,1200
FINNIFTY02JAN2419500CE.NFO,02/01/2024,10:36:20,1860,1859.8,200,1877.85,120,0,1200
FINNIFTY02JAN2419500CE.NFO,02/01/2024,10:36:21,1860,1859.55,200,1876.95,120,0,1200
FINNIFTY02JAN2419500CE.NFO,02/01/2024,10:36:23,1860,1859.5,120,1876.2,120,0,1200
FINNIFTY02JAN2419500CE.NFO,02/01/2024,10:36:25,1860,1857.45,80,1875.75,120,0,1200
FINNIFTY02JAN2419500CE.NFO,02/01/2024,10:36:26,1860,1857.4,680,1875.15,40,0,1200
FINNIFTY02JAN2419500CE.NFO,02/01/2024,10:36:28,1860,1855.2,200,1874.5,120,0,1200
FINNIFTY02JAN2419500CE.NFO,02/01/2024,10:36:39,1860,1848.75,240,1871.9,40,0,1200
FINNIFTY02JAN2419500CE.NFO,02/01/2024,10:36:51,1860,1844.6,80,1866.9,120,0,1200
FINNIFTY02JAN2419500CE.NFO,02/01/2024,10:37:02,1860,1842.8,80,1862.4,200,0,1200
FINNIFTY02JAN2419500CE.NFO,02/01/2024,10:37:13,1860,1845.2,120,1860.45,200,0,1200
FINNIFTY02JAN2419500CE.NFO,02/01/2024,10:37:24,1860,1846.4,320,1856.85,40,0,1200
FINNIFTY02JAN2419500CE.NFO,02/01/2024,10:37:31,1860,1848.35,80,1872.4,3160,0,1200
FINNIFTY02JAN2419500CE.NFO,02/01/2024,10:37:33,1860,1848.9,120,1872.4,3160,0,1200
FINNIFTY02JAN2419500CE.NFO,02/01/2024,10:37:34,1860,1849.65,120,1872.3,120,0,1200
FINNIFTY02JAN2419500CE.NFO,02/01/2024,10:37:36,1860,1850.15,480,1872,40,0,1200
FINNIFTY02JAN2419500CE.NFO,02/01/2024,10:37:38,1860,1850.8,80,1871.1,200,0,1200
FINNIFTY02JAN2419500CE.NFO,02/01/2024,10:37:39,1860,1851.15,120,1865.3,120,0,1200
FINNIFTY02JAN2419500CE.NFO,02/01/2024,10:37:41,1860,1851.9,360,1864.15,120,0,1200
FINNIFTY02JAN2419500CE.NFO,02/01/2024,10:37:43,1860,1851.8,80,1863.55,200,0,1200
FINNIFTY02JAN2419500CE.NFO,02/01/2024,10:37:44,1860,1852.15,480,1862.55,40,0,1200
FINNIFTY02JAN2419500CE.NFO,02/01/2024,10:37:46,1860,1843.75,360,1861.95,40,0,1200
FINNIFTY02JAN2419500CE.NFO,02/01/2024,10:37:48,1860,1843.8,200,1861.7,120,0,1200
FINNIFTY02JAN2419500CE.NFO,02/01/2024,10:37:49,1860,1844.05,120,1860.85,200,0,1200
FINNIFTY02JAN2419500CE.NFO,02/01/2024,10:37:51,1860,1844.8,120,1860.1,120,0,1200
FINNIFTY02JAN2419500CE.NFO,02/01/2024,10:37:53,1860,1845.3,480,1859.8,40,0,1200
FINNIFTY02JAN2419500CE.NFO,02/01/2024,10:37:54,1860,1847.05,40,1859.2,200,0,1200
FINNIFTY02JAN2419500CE.NFO,02/01/2024,10:37:56,1860,1847.65,120,1858.65,360,0,1200
FINNIFTY02JAN2419500CE.NFO,02/01/2024,10:37:58,1860,1848.35,80,1858.3,800,0,1200
FINNIFTY02JAN2419500CE.NFO,02/01/2024,10:37:59,1860,1848.65,640,1857.75,360,0,1200
FINNIFTY02JAN2419500CE.NFO,02/01/2024,10:38:01,1860,1849,80,1857.5,720,0,1200
FINNIFTY02JAN2419500CE.NFO,02/01/2024,10:38:02,1860,1849.5,40,1857.6,40,0,1200
FINNIFTY02JAN2419500CE.NFO,02/01/2024,10:38:04,1860,1848.9,200,1857.4,40,0,1200
FINNIFTY02JAN2419500CE.NFO,02/01/2024,10:38:06,1860,1849.25,80,1857.25,40,0,1200
FINNIFTY02JAN2419500CE.NFO,02/01/2024,10:38:08,1860,1849.35,200,1857.15,120,0,1200
FINNIFTY02JAN2419500CE.NFO,02/01/2024,10:38:09,1860,1849.55,40,1857.25,40,0,1200
FINNIFTY02JAN2419500CE.NFO,02/01/2024,10:38:11,1860,1849.65,200,1857.2,40,0,1200
FINNIFTY02JAN2419500CE.NFO,02/01/2024,10:38:12,1860,1849.75,120,1857.7,200,0,1200
FINNIFTY02JAN2419500CE.NFO,02/01/2024,10:38:14,1860,1850.35,80,1865.5,120,0,1200
FINNIFTY02JAN2419500CE.NFO,02/01/2024,10:38:16,1860,1850.65,1120,1865.5,120,0,1200
FINNIFTY02JAN2419500CE.NFO,02/01/2024,10:38:17,1860,1851.25,40,1865.5,120,0,1200
FINNIFTY02JAN2419500CE.NFO,02/01/2024,10:38:19,1860,1851.45,120,1865.5,120,0,1200
FINNIFTY02JAN2419500CE.NFO,02/01/2024,10:38:21,1860,1852.25,80,1865.5,120,0,1200
FINNIFTY02JAN2419500CE.NFO,02/01/2024,10:38:22,1860,1852.6,120,1865.5,120,0,1200
FINNIFTY02JAN2419500CE.NFO,02/01/2024,10:38:24,1860,1853,40,1865.5,120,0,1200
FINNIFTY02JAN2419500CE.NFO,02/01/2024,10:38:26,1860,1853.05,840,1865.5,120,0,1200
FINNIFTY02JAN2419500CE.NFO,02/01/2024,10:38:27,1860,1853.2,120,1865.5,120,0,1200
FINNIFTY02JAN2419500CE.NFO,02/01/2024,10:38:29,1860,1853.35,640,1865.5,120,0,1200
FINNIFTY02JAN2419500CE.NFO,02/01/2024,10:38:30,1860,1853.05,200,1865.5,120,0,1200
FINNIFTY02JAN2419500CE.NFO,02/01/2024,10:38:32,1860,1847.95,200,1865.5,120,0,1200
FINNIFTY02JAN2419500CE.NFO,02/01/2024,10:38:34,1860,1848.55,120,1865.5,120,0,1200
FINNIFTY02JAN2419500CE.NFO,02/01/2024,10:38:35,1860,1849.55,40,1865.5,120,0,1200
FINNIFTY02JAN2419500CE.NFO,02/01/2024,10:38:37,1860,1850.1,80,1865.5,120,0,1200
FINNIFTY02JAN2419500CE.NFO,02/01/2024,10:38:39,1860,1851,80,1865.5,120,0,1200
FINNIFTY02JAN2419500CE.NFO,02/01/2024,10:38:40,1860,1851.25,720,1865.5,120,0,1200
FINNIFTY02JAN2419500CE.NFO,02/01/2024,10:38:42,1860,1851.55,640,1865.5,120,0,1200
FINNIFTY02JAN2419500CE.NFO,02/01/2024,10:38:44,1860,1851.6,80,1865.5,120,0,1200
FINNIFTY02JAN2419500CE.NFO,02/01/2024,10:38:45,1860,1851.15,200,1865.5,120,0,1200
FINNIFTY02JAN2419500CE.NFO,02/01/2024,10:38:47,1860,1851.35,200,1865.5,120,0,1200
FINNIFTY02JAN2419500CE.NFO,02/01/2024,10:38:49,1860,1851.15,200,1865.45,240,0,1200
FINNIFTY02JAN2419500CE.NFO,02/01/2024,10:38:50,1860,1846.95,560,1864.65,40,0,1200
FINNIFTY02JAN2419500CE.NFO,02/01/2024,10:38:52,1860,1846.95,560,1863.85,120,0,1200
FINNIFTY02JAN2419500CE.NFO,02/01/2024,10:38:54,1860,1847.05,200,1863.2,400,0,1200
FINNIFTY02JAN2419500CE.NFO,02/01/2024,10:38:55,1860,1847.85,40,1862.1,120,0,1200
FINNIFTY02JAN2419500CE.NFO,02/01/2024,10:38:57,1860,1847.5,200,1861.3,80,0,1200
FINNIFTY02JAN2419500CE.NFO,02/01/2024,10:38:59,1860,1847.45,120,1860.6,120,0,1200
FINNIFTY02JAN2419500CE.NFO,02/01/2024,10:39:00,1860,1847.55,200,1859.95,120,0,1200
FINNIFTY02JAN2419500CE.NFO,02/01/2024,10:39:02,1860,1847.65,160,1859.7,120,0,1200
FINNIFTY02JAN2419500CE.NFO,02/01/2024,10:39:04,1860,1847.45,120,1859.35,240,0,1200
FINNIFTY02JAN2419500CE.NFO,02/01/2024,10:39:05,1860,1847.45,120,1858.7,120,0,1200
FINNIFTY02JAN2419500CE.NFO,02/01/2024,10:39:07,1860,1847.45,120,1858.2,120,0,1200
FINNIFTY02JAN2419500CE.NFO,02/01/2024,10:39:09,1860,1847.5,200,1857.4,640,0,1200
FINNIFTY02JAN2419500CE.NFO,02/01/2024,10:39:10,1860,1847.5,200,1857,360,0,1200
FINNIFTY02JAN2419500CE.NFO,02/01/2024,10:39:12,1860,1847.5,200,1856.7,160,0,1200
FINNIFTY02JAN2419500CE.NFO,02/01/2024,10:39:14,1860,1847.55,120,1856.25,120,0,1200
FINNIFTY02JAN2419500CE.NFO,02/01/2024,10:39:15,1860,1847.85,40,1856.7,240,0,1200
FINNIFTY02JAN2419500CE.NFO,02/01/2024,10:39:17,1860,1847.5,200,1856.7,480,0,1200
FINNIFTY02JAN2419500CE.NFO,02/01/2024,10:39:19,1860,1847.65,200,1856.7,480,0,1200
FINNIFTY02JAN2419500CE.NFO,02/01/2024,10:39:20,1860,1847.7,120,1856.7,240,0,1200
FINNIFTY02JAN2419500CE.NFO,02/01/2024,10:39:22,1860,1847.65,120,1856.65,240,0,1200
FINNIFTY02JAN2419500CE.NFO,02/01/2024,10:39:24,1860,1847.5,200,1856.65,240,0,1200
FINNIFTY02JAN2419500CE.NFO,02/01/2024,10:39:25,1860,1847.6,480,1856.65,240,0,1200
FINNIFTY02JAN2419500CE.NFO,02/01/2024,10:39:27,1860,1847.6,640,1856.65,240,0,1200
FINNIFTY02JAN2419500CE.NFO,02/01/2024,10:39:29,1860,1848,120,1856.65,160,0,1200
FINNIFTY02JAN2419500CE.NFO,02/01/2024,10:39:36,1860,1847.5,200,1856.6,240,0,1200
FINNIFTY02JAN2419500CE.NFO,02/01/2024,10:39:47,1860,1846.2,160,1855.25,360,0,1200
FINNIFTY02JAN2419500CE.NFO,02/01/2024,10:39:57,1860,1845.75,40,1854.05,80,0,1200
FINNIFTY02JAN2419500CE.NFO,02/01/2024,10:40:08,1860,1845.6,160,1853.65,840,0,1200
FINNIFTY02JAN2419500CE.NFO,02/01/2024,10:40:19,1860,1848.95,120,1861.05,200,0,1200
FINNIFTY02JAN2419500CE.NFO,02/01/2024,10:40:30,1860,1845.45,200,1859.85,40,0,1200
FINNIFTY02JAN2419500CE.NFO,02/01/2024,10:40:40,1860,1848.45,200,1857.3,280,0,1200
FINNIFTY02JAN2419500CE.NFO,02/01/2024,10:40:50,1860,1848.7,120,1857.2,120,0,1200
FINNIFTY02JAN2419500CE.NFO,02/01/2024,10:41:00,1860,1847.2,520,1856.6,240,0,1200
FINNIFTY02JAN2419500CE.NFO,02/01/2024,10:41:10,1860,1848.2,160,1856.5,2000,0,1200
FINNIFTY02JAN2419500CE.NFO,02/01/2024,10:41:20,1860,1849.95,120,1861.15,360,0,1200
FINNIFTY02JAN2419500CE.NFO,02/01/2024,10:41:30,1860,1850.85,160,1861.1,240,0,1200
FINNIFTY02JAN2419500CE.NFO,02/01/2024,10:41:40,1860,1854.15,120,1865.05,120,0,1200
FINNIFTY02JAN2419500CE.NFO,02/01/2024,10:41:50,1860,1854.15,120,1862.65,320,0,1200
FINNIFTY02JAN2419500CE.NFO,02/01/2024,10:42:00,1860,1853.5,200,1861,120,0,1200
FINNIFTY02JAN2419500CE.NFO,02/01/2024,10:42:10,1860,1851.65,120,1859.9,120,0,1200
FINNIFTY02JAN2419500CE.NFO,02/01/2024,10:42:20,1860,1852.8,840,1865.5,3280,0,1200
FINNIFTY02JAN2419500CE.NFO,02/01/2024,10:42:31,1860,1852.95,120,1865.2,120,0,1200
FINNIFTY02JAN2419500CE.NFO,02/01/2024,10:42:33,1860,1852.9,200,1863.9,120,0,1200
FINNIFTY02JAN2419500CE.NFO,02/01/2024,10:42:34,1860,1852.9,200,1862.8,360,0,1200
FINNIFTY02JAN2419500CE.NFO,02/01/2024,10:42:36,1860,1853.55,120,1862.15,120,0,1200
FINNIFTY02JAN2419500CE.NFO,02/01/2024,10:42:38,1860,1854.2,160,1861.6,360,0,1200
FINNIFTY02JAN2419500CE.NFO,02/01/2024,10:42:39,1860,1854.2,160,1861.2,600,0,1200
FINNIFTY02JAN2419500CE.NFO,02/01/2024,10:42:41,1860,1853.1,120,1861.35,440,0,1200
FINNIFTY02JAN2419500CE.NFO,02/01/2024,10:42:43,1860,1853.9,120,1861.8,640,0,1200
FINNIFTY02JAN2419500CE.NFO,02/01/2024,10:42:44,1860,1854,200,1861.4,120,0,1200
FINNIFTY02JAN2419500CE.NFO,02/01/2024,10:42:46,1860,1854.1,560,1861.25,400,0,1200
FINNIFTY02JAN2419500CE.NFO,02/01/2024,10:42:48,1860,1854,200,1860.85,120,0,1200
FINNIFTY02JAN2419500CE.NFO,02/01/2024,10:42:49,1860,1854.3,120,1861.55,160,0,1200
FINNIFTY02JAN2419500CE.NFO,02/01/2024,10:42:51,1860,1854.45,40,1861.85,200,0,1200
FINNIFTY02JAN2419500CE.NFO,02/01/2024,10:42:53,1860,1854.75,120,1865.4,360,0,1200
FINNIFTY02JAN2419500CE.NFO,02/01/2024,10:42:54,1860,1854.8,320,1865.05,120,0,1200
FINNIFTY02JAN2419500CE.NFO,02/01/2024,10:42:56,1860,1854.95,240,1864.55,360,0,1200
FINNIFTY02JAN2419500CE.NFO,02/01/2024,10:42:58,1860,1855.6,480,1864.2,120,0,1200
FINNIFTY02JAN2419500CE.NFO,02/01/2024,10:42:59,1860,1855.1,200,1863.85,160,0,1200
FINNIFTY02JAN2419500CE.NFO,02/01/2024,10:43:01,1860,1851.85,3280,1863.5,120,0,1200
FINNIFTY02JAN2419500CE.NFO,02/01/2024,10:43:02,1860,1851.95,120,1863.2,120,0,1200
FINNIFTY02JAN2419500CE.NFO,02/01/2024,10:43:04,1860,1851.95,120,1862.75,360,0,1200
FINNIFTY02JAN2419500CE.NFO,02/01/2024,10:43:06,1860,1851.95,120,1862.3,200,0,1200
FINNIFTY02JAN2419500CE.NFO,02/01/2024,10:43:07,1860,1851.95,120,1862.2,120,0,1200
FINNIFTY02JAN2419500CE.NFO,02/01/2024,10:43:09,1860,1851.95,120,1862.05,240,0,1200
FINNIFTY02JAN2419500CE.NFO,02/01/2024,10:43:10,1860,1852.75,120,1861.65,240,0,1200
FINNIFTY02JAN2419500CE.NFO,02/01/2024,10:43:12,1860,1853.45,120,1861.35,120,0,1200
FINNIFTY02JAN2419500CE.NFO,02/01/2024,10:43:14,1860,1853.25,200,1860.95,120,0,1200
FINNIFTY02JAN2419500CE.NFO,02/01/2024,10:43:15,1860,1854.15,120,1865.5,3440,0,1200
FINNIFTY02JAN2419500CE.NFO,02/01/2024,10:43:17,1860,1854.8,200,1865.4,80,0,1200
FINNIFTY02JAN2419500CE.NFO,02/01/2024,10:43:19,1860,1851.85,3000,1865.4,80,0,1200
FINNIFTY02JAN2419500CE.NFO,02/01/2024,10:43:20,1860,1852.4,120,1865.4,80,0,1200
FINNIFTY02JAN2419500CE.NFO,02/01/2024,10:43:22,1860,1852.8,200,1865.4,80,0,1200
FINNIFTY02JAN2419500CE.NFO,02/01/2024,10:43:23,1860,1852.85,160,1864.25,240,0,1200
FINNIFTY02JAN2419500CE.NFO,02/01/2024,10:43:25,1860,1852.85,160,1863.2,120,0,1200
FINNIFTY02JAN2419500CE.NFO,02/01/2024,10:43:27,1860,1852.9,120,1862.4,360,0,1200
FINNIFTY02JAN2419500CE.NFO,02/01/2024,10:43:28,1860,1853.35,120,1861.95,120,0,1200
FINNIFTY02JAN2419500CE.NFO,02/01/2024,10:43:30,1860,1853.9,200,1861.3,120,0,1200
FINNIFTY02JAN2419500CE.NFO,02/01/2024,10:43:31,1860,1853.9,200,1861.05,120,0,1200
FINNIFTY02JAN2419500CE.NFO,02/01/2024,10:43:33,1860,1853.05,360,1860.45,120,0,1200
FINNIFTY02JAN2419500CE.NFO,02/01/2024,10:43:35,1860,1853.1,120,1859.75,120,0,1200
FINNIFTY02JAN2419500CE.NFO,02/01/2024,10:43:36,1860,1853.35,120,1865.35,120,0,1200
FINNIFTY02JAN2419500CE.NFO,02/01/2024,10:43:38,1860,1853.1,320,1864.55,160,0,1200
FINNIFTY02JAN2419500CE.NFO,02/01/2024,10:43:40,1860,1853.3,120,1863.45,280,0,1200
FINNIFTY02JAN2419500CE.NFO,02/01/2024,10:43:41,1860,1853.55,120,1863,120,0,1200
FINNIFTY02JAN2419500CE.NFO,02/01/2024,10:43:43,1860,1854.45,120,1862.3,120,0,1200
FINNIFTY02JAN2419500CE.NFO,02/01/2024,10:43:45,1860,1854.55,200,1862.05,120,0,1200
FINNIFTY02JAN2419500CE.NFO,02/01/2024,10:43:46,1860,1854.4,200,1861.4,120,0,1200
FINNIFTY02JAN2419500CE.NFO,02/01/2024,10:43:48,1860,1852.45,1040,1861.2,120,0,1200
FINNIFTY02JAN2419500CE.NFO,02/01/2024,10:43:50,1860,1852.65,120,1860.9,40,0,1200
FINNIFTY02JAN2419500CE.NFO,02/01/2024,10:43:51,1860,1853.65,120,1861.3,600,0,1200
FINNIFTY02JAN2419500CE.NFO,02/01/2024,10:43:53,1860,1853.85,840,1861.1,120,0,1200
FINNIFTY02JAN2419500CE.NFO,02/01/2024,10:43:55,1860,1853.95,120,1863.65,120,0,1200
FINNIFTY02JAN2419500CE.NFO,02/01/2024,10:43:56,1860,1854.7,120,1863.6,360,0,1200
FINNIFTY02JAN2419500CE.NFO,02/01/2024,10:43:58,1860,1855.5,120,1863.45,120,0,1200
FINNIFTY02JAN2419500CE.NFO,02/01/2024,10:44:00,1860,1855.85,120,1863.2,160,0,1200
FINNIFTY02JAN2419500CE.NFO,02/01/2024,10:44:01,1860,1856.2,120,1863.55,1600,0,1200
FINNIFTY02JAN2419500CE.NFO,02/01/2024,10:44:03,1860,1856.4,120,1863.6,120,0,1200
FINNIFTY02JAN2419500CE.NFO,02/01/2024,10:44:05,1860,1856.8,520,1865.4,120,0,1200
FINNIFTY02JAN2419500CE.NFO,02/01/2024,10:44:06,1860,1856.9,160,1865.1,120,0,1200
FINNIFTY02JAN2419500CE.NFO,02/01/2024,10:44:08,1860,1857.4,120,1864.8,600,0,1200
FINNIFTY02JAN2419500CE.NFO,02/01/2024,10:44:10,1860,1856.9,120,1864.25,120,0,1200
FINNIFTY02JAN2419500CE.NFO,02/01/2024,10:44:11,1860,1852.75,3160,1864,120,0,1200
FINNIFTY02JAN2419500CE.NFO,02/01/2024,10:44:16,1860,1852.85,120,1862.75,120,0,1200
FINNIFTY02JAN2419500CE.NFO,02/01/2024,10:44:18,1860,1852.85,120,1862.8,480,0,1200
FINNIFTY02JAN2419500CE.NFO,02/01/2024,10:44:20,1860,1852.85,120,1863,120,0,1200
FINNIFTY02JAN2419500CE.NFO,02/01/2024,10:44:21,1860,1852.85,120,1863.1,120,0,1200
FINNIFTY02JAN2419500CE.NFO,02/01/2024,10:44:23,1860,1852.85,120,1862.85,40,0,1200
FINNIFTY02JAN2419500CE.NFO,02/01/2024,10:44:24,1860,1852.85,120,1863.15,680,0,1200
FINNIFTY02JAN2419500CE.NFO,02/01/2024,10:44:26,1860,1852.85,120,1869.4,120,0,1200
FINNIFTY02JAN2419500CE.NFO,02/01/2024,10:44:28,1860,1852.85,120,1868.65,120,0,1200
FINNIFTY02JAN2419500CE.NFO,02/01/2024,10:44:29,1860,1852.85,120,1868.1,120,0,1200
FINNIFTY02JAN2419500CE.NFO,02/01/2024,10:44:31,1860,1852.85,120,1867.8,920,0,1200
FINNIFTY02JAN2419500CE.NFO,02/01/2024,10:44:33,1860,1852.85,120,1870.25,1200,0,1200
FINNIFTY02JAN2419500CE.NFO,02/01/2024,10:44:34,1860,1852.85,120,1869.9,800,0,1200
FINNIFTY02JAN2419500CE.NFO,02/01/2024,10:44:36,1860,1852.85,120,1869.2,120,0,1200
FINNIFTY02JAN2419500CE.NFO,02/01/2024,10:44:38,1860,1852.85,120,1868.4,120,0,1200
FINNIFTY02JAN2419500CE.NFO,02/01/2024,10:44:40,1860,1852.85,120,1867.35,120,0,1200
FINNIFTY02JAN2419500CE.NFO,02/01/2024,10:44:41,1860,1852.85,120,1866.65,120,0,1200
FINNIFTY02JAN2419500CE.NFO,02/01/2024,10:44:43,1860,1856.1,280,1866.3,360,0,1200
FINNIFTY02JAN2419500CE.NFO,02/01/2024,10:44:44,1860,1856.85,120,1865.8,120,0,1200
FINNIFTY02JAN2419500CE.NFO,02/01/2024,10:44:46,1860,1856.85,120,1865.2,240,0,1200
FINNIFTY02JAN2419500CE.NFO,02/01/2024,10:44:48,1860,1857.1,120,1874.65,120,0,1200
FINNIFTY02JAN2419500CE.NFO,02/01/2024,10:44:49,1860,1857.85,920,1873.35,40,0,1200
FINNIFTY02JAN2419500CE.NFO,02/01/2024,10:44:51,1860,1857.95,320,1872.05,120,0,1200
FINNIFTY02JAN2419500CE.NFO,02/01/2024,10:44:53,1860,1857.75,120,1870.75,120,0,1200
FINNIFTY02JAN2419500CE.NFO,02/01/2024,10:44:54,1860,1857.7,160,1869.25,120,0,1200
FINNIFTY02JAN2419500CE.NFO,02/01/2024,10:44:56,1860,1857.5,120,1867.9,120,0,1200
FINNIFTY02JAN2419500CE.NFO,02/01/2024,10:44:58,1860,1857.7,640,1867.35,120,0,1200
FINNIFTY02JAN2419500CE.NFO,02/01/2024,10:44:59,1860,1857.75,120,1866.95,120,0,1200
FINNIFTY02JAN2419500CE.NFO,02/01/2024,10:45:01,1860,1857.95,120,1866.45,240,0,1200
FINNIFTY02JAN2419500CE.NFO,02/01/2024,10:45:03,1860,1858.7,120,1866.25,120,0,1200
FINNIFTY02JAN2419500CE.NFO,02/01/2024,10:45:04,1860,1859.15,120,1866.55,120,0,1200
FINNIFTY02JAN2419500CE.NFO,02/01/2024,10:45:06,1860,1858.6,320,1866.3,120,0,1200
FINNIFTY02JAN2419500CE.NFO,02/01/2024,10:45:08,1860,1858.75,120,1865.75,120,0,1200
FINNIFTY02JAN2419500CE.NFO,02/01/2024,10:45:09,1860,1855.8,160,1865.25,120,0,1200
FINNIFTY02JAN2419500CE.NFO,02/01/2024,10:45:11,1860,1856.3,120,1864.85,1320,0,1200
FINNIFTY02JAN2419500CE.NFO,02/01/2024,10:45:13,1860,1856.65,200,1864.25,120,0,1200
FINNIFTY02JAN2419500CE.NFO,02/01/2024,10:45:14,1860,1856.7,160,1863.65,120,0,1200
FINNIFTY02JAN2419500CE.NFO,02/01/2024,10:45:16,1860,1856.7,120,1863.4,120,0,1200
FINNIFTY02JAN2419500CE.NFO,02/01/2024,10:45:18,1860,1856.65,200,1863.2,120,0,1200
FINNIFTY02JAN2419500CE.NFO,02/01/2024,10:45:19,1860,1856.65,200,1863.4,360,0,1200
FINNIFTY02JAN2419500CE.NFO,02/01/2024,10:45:21,1860,1856.8,240,1863.65,120,0,1200
FINNIFTY02JAN2419500CE.NFO,02/01/2024,10:45:23,1860,1856.65,200,1863.45,120,0,1200
FINNIFTY02JAN2419500CE.NFO,02/01/2024,10:45:24,1860,1856.75,120,1863.7,200,0,1200
FINNIFTY02JAN2419500CE.NFO,02/01/2024,10:45:26,1860,1857.4,120,1874.65,120,0,1200
FINNIFTY02JAN2419500CE.NFO,02/01/2024,10:45:27,1860,1856.85,880,1873.95,120,0,1200
FINNIFTY02JAN2419500CE.NFO,02/01/2024,10:45:29,1860,1857.5,120,1872.65,120,0,1200
FINNIFTY02JAN2419500CE.NFO,02/01/2024,10:45:31,1860,1857.45,160,1871.75,120,0,1200
FINNIFTY02JAN2419500CE.NFO,02/01/2024,10:45:32,1860,1858.25,120,1869.65,120,0,1200
FINNIFTY02JAN2419500CE.NFO,02/01/2024,10:45:34,1860,1858.85,120,1868.85,120,0,1200
FINNIFTY02JAN2419500CE.NFO,02/01/2024,10:45:36,1860,1858.8,360,1868.4,120,0,1200
FINNIFTY02JAN2419500CE.NFO,02/01/2024,10:45:37,1860,1858.85,120,1867.85,120,0,1200
FINNIFTY02JAN2419500CE.NFO,02/01/2024,10:45:39,1860,1859.35,120,1867.2,360,0,1200
FINNIFTY02JAN2419500CE.NFO,02/01/2024,10:45:41,1860,1859.45,120,1866.85,240,0,1200
FINNIFTY02JAN2419500CE.NFO,02/01/2024,10:45:42,1860,1859.7,120,1867.05,200,0,1200
FINNIFTY02JAN2419500CE.NFO,02/01/2024,10:45:44,1860,1859.55,160,1871.35,120,0,1200
FINNIFTY02JAN2419500CE.NFO,02/01/2024,10:45:45,1860,1859.5,120,1870.4,120,0,1200
FINNIFTY02JAN2419500CE.NFO,02/01/2024,10:45:47,1860,1859.65,320,1869.9,200,0,1200
FINNIFTY02JAN2419500CE.NFO,02/01/2024,10:45:49,1860,1859.45,400,1869.25,120,0,1200
FINNIFTY02JAN2419500CE.NFO,02/01/2024,10:45:50,1860,1859.4,480,1868.85,120,0,1200
FINNIFTY02JAN2419500CE.NFO,02/01/2024,10:45:52,1860,1856.8,200,1868.5,160,0,1200
FINNIFTY02JAN2419500CE.NFO,02/01/2024,10:45:54,1860,1856.8,200,1868.05,120,0,1200
FINNIFTY02JAN2419500CE.NFO,02/01/2024,10:45:55,1860,1857.35,120,1867.6,120,0,1200
FINNIFTY02JAN2419500CE.NFO,02/01/2024,10:45:57,1860,1858.05,120,1867.15,120,0,1200
FINNIFTY02JAN2419500CE.NFO,02/01/2024,10:45:58,1860,1856.75,120,1866.55,120,0,1200
FINNIFTY02JAN2419500CE.NFO,02/01/2024,10:46:00,1860,1856.8,120,1866.1,360,0,1200
FINNIFTY02JAN2419500CE.NFO,02/01/2024,10:46:02,1860,1856.8,120,1865.6,1160,0,1200
FINNIFTY02JAN2419500CE.NFO,02/01/2024,10:46:03,1860,1856.85,560,1865.45,360,0,1200
FINNIFTY02JAN2419500CE.NFO,02/01/2024,10:46:05,1860,1856.7,360,1865.45,360,0,1200
FINNIFTY02JAN2419500CE.NFO,02/01/2024,10:46:07,1860,1857.05,120,1865.4,160,0,1200
FINNIFTY02JAN2419500CE.NFO,02/01/2024,10:46:08,1860,1857.4,120,1865.15,160,0,1200
FINNIFTY02JAN2419500CE.NFO,02/01/2024,10:46:10,1860,1857.65,120,1864.85,120,0,1200
FINNIFTY02JAN2419500CE.NFO,02/01/2024,10:46:11,1860,1858.05,640,1865.3,720,0,1200
FINNIFTY02JAN2419500CE.NFO,02/01/2024,10:46:13,1860,1858.05,320,1865.05,120,0,1200
FINNIFTY02JAN2419500CE.NFO,02/01/2024,10:46:15,1860,1858.05,320,1865.15,1040,0,1200
FINNIFTY02JAN2419500CE.NFO,02/01/2024,10:46:16,1860,1857.85,160,1864.75,120,0,1200
FINNIFTY02JAN2419500CE.NFO,02/01/2024,10:46:18,1860,1857.95,160,1864.6,120,0,1200
FINNIFTY02JAN2419500CE.NFO,02/01/2024,10:46:20,1860,1858.25,120,1871.6,160,0,1200
FINNIFTY02JAN2419500CE.NFO,02/01/2024,10:46:21,1860,1858.3,320,1871.6,160,0,1200
FINNIFTY02JAN2419500CE.NFO,02/01/2024,10:46:23,1860,1858.35,160,1871.6,160,0,1200
FINNIFTY02JAN2419500CE.NFO,02/01/2024,10:46:25,1860,1857.95,320,1871.6,160,0,1200
FINNIFTY02JAN2419500CE.NFO,02/01/2024,10:46:26,1860,1857.85,160,1871.6,160,0,1200
FINNIFTY02JAN2419500CE.NFO,02/01/2024,10:46:28,1860,1857.9,160,1871.6,160,0,1200
FINNIFTY02JAN2419500CE.NFO,02/01/2024,10:46:29,1860,1857.7,200,1871.6,160,0,1200
FINNIFTY02JAN2419500CE.NFO,02/01/2024,10:46:31,1860,1856.8,120,1871.6,160,0,1200
FINNIFTY02JAN2419500CE.NFO,02/01/2024,10:46:32,1860,1856.8,280,1871.6,160,0,1200
FINNIFTY02JAN2419500CE.NFO,02/01/2024,10:46:34,1860,1857.5,120,1871.6,160,0,1200
FINNIFTY02JAN2419500CE.NFO,02/01/2024,10:46:36,1860,1858.1,280,1871.6,160,0,1200
FINNIFTY02JAN2419500CE.NFO,02/01/2024,10:46:37,1860,1858.9,120,1871.6,160,0,1200
FINNIFTY02JAN2419500CE.NFO,02/01/2024,10:46:39,1860,1859.95,120,1871.65,800,0,1200
FINNIFTY02JAN2419500CE.NFO,02/01/2024,10:46:41,1860,1860.85,240,1871.65,800,0,1200
FINNIFTY02JAN2419500CE.NFO,02/01/2024,10:46:42,1860,1861.1,120,1871.65,800,0,1200
FINNIFTY02JAN2419500CE.NFO,02/01/2024,10:46:44,1860,1861.1,480,1871.6,200,0,1200
FINNIFTY02JAN2419500CE.NFO,02/01/2024,10:46:46,1860,1861.3,360,1871.65,800,0,1200
FINNIFTY02JAN2419500CE.NFO,02/01/2024,10:46:47,1860,1861.45,120,1871.65,800,0,1200
FINNIFTY02JAN2419500CE.NFO,02/01/2024,10:46:49,1860,1861.65,120,1871.65,800,0,1200
FINNIFTY02JAN2419500CE.NFO,02/01/2024,10:46:51,1860,1861.8,480,1871.65,800,0,1200
FINNIFTY02JAN2419500CE.NFO,02/01/2024,10:46:52,1860,1861.35,200,1871.6,200,0,1200
FINNIFTY02JAN2419500CE.NFO,02/01/2024,10:46:54,1860,1857.25,80,1871.6,200,0,1200
FINNIFTY02JAN2419500CE.NFO,02/01/2024,10:46:56,1860,1858.65,120,1871.65,800,0,1200
FINNIFTY02JAN2419500CE.NFO,02/01/2024,10:46:58,1860,1859.85,120,1871.65,800,0,1200
FINNIFTY02JAN2419500CE.NFO,02/01/2024,10:46:59,1860,1860.4,200,1871.6,200,0,1200
FINNIFTY02JAN2419500CE.NFO,02/01/2024,10:47:01,1860,1859.65,520,1871.6,200,0,1200
FINNIFTY02JAN2419500CE.NFO,02/01/2024,10:47:03,1860,1859.65,200,1871.6,200,0,1200
FINNIFTY02JAN2419500CE.NFO,02/01/2024,10:47:06,1860,1859.7,120,1871.6,200,0,1200
FINNIFTY02JAN2419500CE.NFO,02/01/2024,10:47:07,1860,1859.95,160,1871.6,200,0,1200
FINNIFTY02JAN2419500CE.NFO,02/01/2024,10:47:09,1860,1859.65,200,1871.6,200,0,1200
FINNIFTY02JAN2419500CE.NFO,02/01/2024,10:47:12,1860,1857.25,120,1871.6,200,0,1200
FINNIFTY02JAN2419500CE.NFO,02/01/2024,10:47:16,1860,1857.55,120,1871.6,200,0,1200
FINNIFTY02JAN2419500CE.NFO,02/01/2024,10:47:17,1860,1858.4,120,1871.6,200,0,1200
FINNIFTY02JAN2419500CE.NFO,02/01/2024,10:47:19,1860,1858.7,120,1871.6,200,0,1200
FINNIFTY02JAN2419500CE.NFO,02/01/2024,10:47:21,1860,1859.3,120,1871.6,200,0,1200
FINNIFTY02JAN2419500CE.NFO,02/01/2024,10:47:22,1860,1860.45,120,1871.6,200,0,1200
FINNIFTY02JAN2419500CE.NFO,02/01/2024,10:47:24,1860,1860.75,120,1871.6,200,0,1200
FINNIFTY02JAN2419500CE.NFO,02/01/2024,10:47:27,1860,1861.25,120,1871.65,800,0,1200
FINNIFTY02JAN2419500CE.NFO,02/01/2024,10:47:29,1860,1861.7,200,1871.65,800,0,1200
FINNIFTY02JAN2419500CE.NFO,02/01/2024,10:47:34,1860,1859.5,120,1871.6,200,0,1200
FINNIFTY02JAN2419500CE.NFO,02/01/2024,10:47:43,1860,1859.7,120,1871.6,200,0,1200
FINNIFTY02JAN2419500CE.NFO,02/01/2024,10:47:53,1860,1859.75,80,1871.6,200,0,1200
FINNIFTY02JAN2419500CE.NFO,02/01/2024,10:48:02,1860,1859.55,160,1871.6,200,0,1200
FINNIFTY02JAN2419500CE.NFO,02/01/2024,10:48:12,1860,1859.5,120,1871.6,200,0,1200
FINNIFTY02JAN2419500CE.NFO,02/01/2024,10:48:21,1860,1858.85,120,1871.6,200,0,1200
FINNIFTY02JAN2419500CE.NFO,02/01/2024,10:48:30,1860,1858.75,280,1871.6,200,0,1200
FINNIFTY02JAN2419500CE.NFO,02/01/2024,10:48:39,1860,1861.95,320,1871.65,800,0,1200
FINNIFTY02JAN2419500CE.NFO,02/01/2024,10:48:49,1860,1859.1,2600,1871.6,240,0,1200
FINNIFTY02JAN2419500CE.NFO,02/01/2024,10:48:59,1860,1861.25,200,1868.25,360,0,1200
FINNIFTY02JAN2419500CE.NFO,02/01/2024,10:49:08,1860,1861.3,320,1875.95,1080,0,1200
FINNIFTY02JAN2419500CE.NFO,02/01/2024,10:49:19,1860,1861.45,440,1872.95,320,0,1200
FINNIFTY02JAN2419500CE.NFO,02/01/2024,10:49:29,1860,1863.65,320,1871.35,560,0,1200
FINNIFTY02JAN2419500CE.NFO,02/01/2024,10:49:30,1860,1863.55,160,1871.3,800,0,1200
FINNIFTY02JAN2419500CE.NFO,02/01/2024,10:49:31,1860,1863.5,200,1870.95,320,0,1200
FINNIFTY02JAN2419500CE.NFO,02/01/2024,10:49:33,1860,1861.65,120,1870.3,320,0,1200
FINNIFTY02JAN2419500CE.NFO,02/01/2024,10:49:35,1860,1862.45,80,1870.1,320,0,1200
FINNIFTY02JAN2419500CE.NFO,02/01/2024,10:49:36,1860,1862.5,200,1869.85,360,0,1200
FINNIFTY02JAN2419500CE.NFO,02/01/2024,10:49:38,1860,1862.5,200,1869.4,320,0,1200
FINNIFTY02JAN2419500CE.NFO,02/01/2024,10:49:40,1860,1862.7,120,1869.45,320,0,1200
FINNIFTY02JAN2419500CE.NFO,02/01/2024,10:49:41,1860,1862.55,160,1869.35,80,0,1200
FINNIFTY02JAN2419500CE.NFO,02/01/2024,10:49:43,1860,1862.9,320,1876,3480,0,1200
FINNIFTY02JAN2419500CE.NFO,02/01/2024,10:49:45,1860,1863.45,1360,1875.9,120,0,1200
FINNIFTY02JAN2419500CE.NFO,02/01/2024,10:49:46,1860,1863.45,960,1875.9,120,0,1200
FINNIFTY02JAN2419500CE.NFO,02/01/2024,10:49:48,1860,1863.45,360,1875.9,120,0,1200
FINNIFTY02JAN2419500CE.NFO,02/01/2024,10:49:50,1860,1863.45,200,1875.9,120,0,1200
FINNIFTY02JAN2419500CE.NFO,02/01/2024,10:49:51,1860,1863.1,200,1875.9,120,0,1200
FINNIFTY02JAN2419500CE.NFO,02/01/2024,10:49:53,1860,1863.2,440,1875.9,120,0,1200
FINNIFTY02JAN2419500CE.NFO,02/01/2024,10:49:55,1860,1863.1,200,1875.9,120,0,1200
FINNIFTY02JAN2419500CE.NFO,02/01/2024,10:49:58,1860,1863.15,320,1875.9,120,0,1200
FINNIFTY02JAN2419500CE.NFO,02/01/2024,10:50:00,1860,1863.25,160,1875.9,120,0,1200
FINNIFTY02JAN2419500CE.NFO,02/01/2024,10:50:01,1860,1863.25,480,1875.9,120,0,1200
FINNIFTY02JAN2419500CE.NFO,02/01/2024,10:50:03,1860,1863.25,720,1875.9,120,0,1200
FINNIFTY02JAN2419500CE.NFO,02/01/2024,10:50:05,1860,1863.65,1120,1875.9,120,0,1200
FINNIFTY02JAN2419500CE.NFO,02/01/2024,10:50:06,1860,1863.4,80,1875.9,120,0,1200
FINNIFTY02JAN2419500CE.NFO,02/01/2024,10:50:08,1860,1863.6,640,1875.9,120,0,1200
FINNIFTY02JAN2419500CE.NFO,02/01/2024,10:50:10,1860,1863.65,160,1875.9,120,0,1200
FINNIFTY02JAN2419500CE.NFO,02/01/2024,10:50:11,1860,1863.3,120,1875.9,120,0,1200
FINNIFTY02JAN2419500CE.NFO,02/01/2024,10:50:13,1860,1863.1,200,1875.9,120,0,1200
FINNIFTY02JAN2419500CE.NFO,02/01/2024,10:50:15,1860,1861.75,1640,1875.9,120,0,1200
FINNIFTY02JAN2419500CE.NFO,02/01/2024,10:50:16,1860,1861.75,200,1875.9,120,0,1200
FINNIFTY02JAN2419500CE.NFO,02/01/2024,10:50:18,1860,1861.7,120,1875.9,120,0,1200
FINNIFTY02JAN2419500CE.NFO,02/01/2024,10:50:23,1860,1859.7,200,1875.9,120,0,1200
FINNIFTY02JAN2419500CE.NFO,02/01/2024,10:50:25,1860,1860.05,200,1875.9,120,0,1200
FINNIFTY02JAN2419500CE.NFO,02/01/2024,10:50:28,1860,1859.85,320,1875.9,120,0,1200
FINNIFTY02JAN2419500CE.NFO,02/01/2024,10:50:36,1860,1860,160,1875.9,120,0,1200
FINNIFTY02JAN2419500CE.NFO,02/01/2024,10:50:46,1860,1857.4,200,1872.55,200,0,1200
FINNIFTY02JAN2419500CE.NFO,02/01/2024,10:50:57,1860,1856.9,200,1864.95,320,0,1200
FINNIFTY02JAN2419500CE.NFO,02/01/2024,10:51:07,1860,1855.5,200,1863.1,320,0,1200
FINNIFTY02JAN2419500CE.NFO,02/01/2024,10:51:17,1860,1855.45,320,1872.15,200,0,1200
FINNIFTY02JAN2419500CE.NFO,02/01/2024,10:51:27,1860,1855.65,560,1864.85,160,0,1200
FINNIFTY02JAN2419500CE.NFO,02/01/2024,10:51:30,1860,1855.75,560,1863.85,320,0,1200
FINNIFTY02JAN2419500CE.NFO,02/01/2024,10:51:31,1860,1856.6,840,1863.45,320,0,1200
FINNIFTY02JAN2419500CE.NFO,02/01/2024,10:51:33,1860,1856.6,200,1863.15,200,0,1200
FINNIFTY02JAN2419500CE.NFO,02/01/2024,10:51:35,1860,1856.65,920,1875.3,200,0,1200
FINNIFTY02JAN2419500CE.NFO,02/01/2024,10:51:36,1860,1856.6,200,1874.1,200,0,1200
FINNIFTY02JAN2419500CE.NFO,02/01/2024,10:51:38,1860,1855.5,520,1872.8,200,0,1200
FINNIFTY02JAN2419500CE.NFO,02/01/2024,10:51:40,1860,1855.5,200,1871.3,200,0,1200
FINNIFTY02JAN2419500CE.NFO,02/01/2024,10:51:41,1860,1855.55,160,1870.6,200,0,1200
FINNIFTY02JAN2419500CE.NFO,02/01/2024,10:51:43,1860,1855.65,440,1868.7,200,0,1200
FINNIFTY02JAN2419500CE.NFO,02/01/2024,10:51:45,1860,1855.65,160,1867.3,200,0,1200
FINNIFTY02JAN2419500CE.NFO,02/01/2024,10:51:46,1860,1855.5,200,1866.1,200,0,1200
FINNIFTY02JAN2419500CE.NFO,02/01/2024,10:51:48,1860,1855.15,120,1864.65,800,0,1200
FINNIFTY02JAN2419500CE.NFO,02/01/2024,10:51:50,1860,1855.2,200,1864.15,320,0,1200
FINNIFTY02JAN2419500CE.NFO,02/01/2024,10:51:51,1860,1855.25,560,1863.35,320,0,1200
FINNIFTY02JAN2419500CE.NFO,02/01/2024,10:51:53,1860,1855.35,320,1863.05,120,0,1200
FINNIFTY02JAN2419500CE.NFO,02/01/2024,10:51:55,1860,1855.2,200,1862.4,120,0,1200
FINNIFTY02JAN2419500CE.NFO,02/01/2024,10:51:56,1860,1855.2,200,1862.1,320,0,1200
FINNIFTY02JAN2419500CE.NFO,02/01/2024,10:51:58,1860,1855.4,120,1862.2,200,0,1200
FINNIFTY02JAN2419500CE.NFO,02/01/2024,10:51:59,1860,1855.35,120,1864.4,3480,0,1200
FINNIFTY02JAN2419500CE.NFO,02/01/2024,10:52:01,1860,1855.65,320,1864.4,3480,0,1200
FINNIFTY02JAN2419500CE.NFO,02/01/2024,10:52:03,1860,1855.55,160,1864.35,240,0,1200
FINNIFTY02JAN2419500CE.NFO,02/01/2024,10:52:04,1860,1855.6,160,1864.35,240,0,1200
FINNIFTY02JAN2419500CE.NFO,02/01/2024,10:52:06,1860,1855.55,160,1864.35,240,0,1200
FINNIFTY02JAN2419500CE.NFO,02/01/2024,10:52:08,1860,1855.2,200,1864.35,240,0,1200
FINNIFTY02JAN2419500CE.NFO,02/01/2024,10:52:11,1860,1855.3,640,1864.35,240,0,1200
FINNIFTY02JAN2419500CE.NFO,02/01/2024,10:52:13,1860,1855.3,160,1864.35,240,0,1200
FINNIFTY02JAN2419500CE.NFO,02/01/2024,10:52:16,1860,1855.35,160,1864.35,240,0,1200
FINNIFTY02JAN2419500CE.NFO,02/01/2024,10:52:18,1860,1855.25,320,1864.35,240,0,1200
FINNIFTY02JAN2419500CE.NFO,02/01/2024,10:52:19,1860,1855.4,240,1864.4,3480,0,1200
FINNIFTY02JAN2419500CE.NFO,02/01/2024,10:52:21,1860,1855.6,600,1864.4,3480,0,1200
FINNIFTY02JAN2419500CE.NFO,02/01/2024,10:52:23,1860,1855.95,200,1864.4,3240,0,1200
FINNIFTY02JAN2419500CE.NFO,02/01/2024,10:52:24,1860,1856.35,200,1864.35,240,0,1200
FINNIFTY02JAN2419500CE.NFO,02/01/2024,10:52:26,1860,1856.4,760,1864.35,240,0,1200
FINNIFTY02JAN2419500CE.NFO,02/01/2024,10:52:28,1860,1856.4,160,1864.35,240,0,1200
FINNIFTY02JAN2419500CE.NFO,02/01/2024,10:52:29,1860,1856.3,200,1864.35,240,0,1200
FINNIFTY02JAN2419500CE.NFO,02/01/2024,10:52:34,1860,1856.45,200,1864.35,240,0,1200
FINNIFTY02JAN2419500CE.NFO,02/01/2024,10:52:45,1860,1857.7,200,1870.45,120,0,1200
FINNIFTY02JAN2419500CE.NFO,02/01/2024,10:52:54,1860,1856.3,160,1870.45,120,0,1200
FINNIFTY02JAN2419500CE.NFO,02/01/2024,10:53:03,1860,1855.65,200,1870.45,120,0,1200
FINNIFTY02JAN2419500CE.NFO,02/01/2024,10:53:13,1860,1856.3,200,1870.45,120,0,1200
FINNIFTY02JAN2419500CE.NFO,02/01/2024,10:53:22,1860,1857.45,40,1870.45,120,0,1200
FINNIFTY02JAN2419500CE.NFO,02/01/2024,10:53:31,1860,1858.2,200,1870.45,120,0,1200
FINNIFTY02JAN2419500CE.NFO,02/01/2024,10:53:41,1860,1857.85,680,1870.45,120,0,1200
FINNIFTY02JAN2419500CE.NFO,02/01/2024,10:53:50,1860,1857.7,200,1870.45,120,0,1200
FINNIFTY02JAN2419500CE.NFO,02/01/2024,10:53:59,1860,1856,120,1870.45,120,0,1200
FINNIFTY02JAN2419500CE.NFO,02/01/2024,10:54:09,1860,1856.1,640,1870.45,200,0,1200
FINNIFTY02JAN2419500CE.NFO,02/01/2024,10:54:18,1860,1857.6,160,1870.45,200,0,1200
FINNIFTY02JAN2419500CE.NFO,02/01/2024,10:54:27,1860,1859.1,200,1870.45,200,0,1200
FINNIFTY02JAN2419500CE.NFO,02/01/2024,10:54:37,1860,1858,320,1870.45,200,0,1200
FINNIFTY02JAN2419500CE.NFO,02/01/2024,10:54:46,1860,1858.45,160,1870.45,200,0,1200
FINNIFTY02JAN2419500CE.NFO,02/01/2024,10:54:56,1860,1858.85,360,1870.45,200,0,1200
FINNIFTY02JAN2419500CE.NFO,02/01/2024,10:55:05,1860,1858.6,200,1870.45,200,0,1200
FINNIFTY02JAN2419500CE.NFO,02/01/2024,10:55:14,1860,1858.45,160,1870.45,200,0,1200
FINNIFTY02JAN2419500CE.NFO,02/01/2024,10:55:23,1860,1858.7,160,1870.45,200,0,1200
FINNIFTY02JAN2419500CE.NFO,02/01/2024,10:55:32,1860,1857.6,200,1866.85,360,0,1200
FINNIFTY02JAN2419500CE.NFO,02/01/2024,10:55:41,1860,1857.6,200,1863.7,400,0,1200
FINNIFTY02JAN2419500CE.NFO,02/01/2024,10:55:50,1860,1857.7,400,1869.55,200,0,1200
FINNIFTY02JAN2419500CE.NFO,02/01/2024,10:55:59,1860,1858.85,1120,1866.25,240,0,1200
FINNIFTY02JAN2419500CE.NFO,02/01/2024,10:56:08,1860,1859.05,160,1870.45,200,0,1200
FINNIFTY02JAN2419500CE.NFO,02/01/2024,10:56:17,1860,1858.8,200,1870.45,200,0,1200
FINNIFTY02JAN2419500CE.NFO,02/01/2024,10:56:26,1860,1857.75,120,1870.45,200,0,1200
FINNIFTY02JAN2419500CE.NFO,02/01/2024,10:56:31,1860,1857.6,200,1870.45,200,0,1200
FINNIFTY02JAN2419500CE.NFO,02/01/2024,10:56:36,1860,1857.55,120,1870.45,200,0,1200
FINNIFTY02JAN2419500CE.NFO,02/01/2024,10:56:37,1860,1855.45,200,1870.45,200,0,1200
FINNIFTY02JAN2419500CE.NFO,02/01/2024,10:56:39,1860,1855.4,200,1870.45,200,0,1200
FINNIFTY02JAN2419500CE.NFO,02/01/2024,10:56:42,1860,1848.9,200,1867.2,200,0,1200
FINNIFTY02JAN2419500CE.NFO,02/01/2024,10:56:44,1860,1848.9,200,1866.75,200,0,1200
FINNIFTY02JAN2419500CE.NFO,02/01/2024,10:56:46,1860,1848.95,600,1866.1,160,0,1200
FINNIFTY02JAN2419500CE.NFO,02/01/2024,10:56:47,1860,1848.85,120,1865.15,400,0,1200
FINNIFTY02JAN2419500CE.NFO,02/01/2024,10:56:49,1860,1844.75,200,1864.7,360,0,1200
FINNIFTY02JAN2419500CE.NFO,02/01/2024,10:56:51,1860,1844.85,880,1864.2,120,0,1200
FINNIFTY02JAN2419500CE.NFO,02/01/2024,10:56:52,1860,1845,240,1863.65,160,0,1200
FINNIFTY02JAN2419500CE.NFO,02/01/2024,10:56:54,1860,1845.35,240,1863.25,40,0,1200
FINNIFTY02JAN2419500CE.NFO,02/01/2024,10:56:56,1860,1844.55,200,1862.75,40,0,1200
FINNIFTY02JAN2419500CE.NFO,02/01/2024,10:56:57,1860,1844.7,200,1862.25,200,0,1200
FINNIFTY02JAN2419500CE.NFO,02/01/2024,10:56:59,1860,1845,40,1861.6,200,0,1200
FINNIFTY02JAN2419500CE.NFO,02/01/2024,10:57:01,1860,1845.15,320,1860.7,200,0,1200
FINNIFTY02JAN2419500CE.NFO,02/01/2024,10:57:02,1860,1845.45,360,1859.6,200,0,1200
FINNIFTY02JAN2419500CE.NFO,02/01/2024,10:57:04,1860,1845.85,200,1858.7,200,0,1200
FINNIFTY02JAN2419500CE.NFO,02/01/2024,10:57:06,1860,1846.55,40,1858.4,120,0,1200
FINNIFTY02JAN2419500CE.NFO,02/01/2024,10:57:07,1860,1847.1,560,1858.2,360,0,1200
FINNIFTY02JAN2419500CE.NFO,02/01/2024,10:57:09,1860,1847.45,720,1858,520,0,1200
FINNIFTY02JAN2419500CE.NFO,02/01/2024,10:57:11,1860,1847.5,200,1857.65,160,0,1200
FINNIFTY02JAN2419500CE.NFO,02/01/2024,10:57:12,1860,1847.2,320,1857.15,200,0,1200
FINNIFTY02JAN2419500CE.NFO,02/01/2024,10:57:14,1860,1847.35,200,1856.65,360,0,1200
FINNIFTY02JAN2419500CE.NFO,02/01/2024,10:57:16,1860,1847.45,160,1856.25,920,0,1200
FINNIFTY02JAN2419500CE.NFO,02/01/2024,10:57:17,1860,1847.65,720,1855.8,200,0,1200
FINNIFTY02JAN2419500CE.NFO,02/01/2024,10:57:19,1860,1847.95,200,1867.15,200,0,1200
FINNIFTY02JAN2419500CE.NFO,02/01/2024,10:57:20,1860,1848.2,120,1866.65,120,0,1200
FINNIFTY02JAN2419500CE.NFO,02/01/2024,10:57:22,1860,1848.9,120,1865.4,200,0,1200
FINNIFTY02JAN2419500CE.NFO,02/01/2024,10:57:24,1860,1849.05,200,1863.9,200,0,1200
FINNIFTY02JAN2419500CE.NFO,02/01/2024,10:57:25,1860,1849.05,200,1862.2,200,0,1200
FINNIFTY02JAN2419500CE.NFO,02/01/2024,10:57:27,1860,1849.55,200,1860.8,200,0,1200
FINNIFTY02JAN2419500CE.NFO,02/01/2024,10:57:29,1860,1849.95,200,1860.35,200,0,1200
FINNIFTY02JAN2419500CE.NFO,02/01/2024,10:57:30,1860,1850.45,200,1860.05,120,0,1200
FINNIFTY02JAN2419500CE.NFO,02/01/2024,10:57:32,1860,1851.1,200,1859.9,200,0,1200
FINNIFTY02JAN2419500CE.NFO,02/01/2024,10:57:33,1860,1851.75,200,1860.45,200,0,1200
FINNIFTY02JAN2419500CE.NFO,02/01/2024,10:57:35,1860,1852.2,200,1867.1,120,0,1200
FINNIFTY02JAN2419500CE.NFO,02/01/2024,10:57:37,1860,1852.65,1240,1867.1,120,0,1200
FINNIFTY02JAN2419500CE.NFO,02/01/2024,10:57:38,1860,1852.95,1040,1867.1,120,0,1200
FINNIFTY02JAN2419500CE.NFO,02/01/2024,10:57:40,1860,1853.2,1360,1867.1,120,0,1200
FINNIFTY02JAN2419500CE.NFO,02/01/2024,10:57:42,1860,1853.55,200,1867.1,120,0,1200
FINNIFTY02JAN2419500CE.NFO,02/01/2024,10:57:43,1860,1854.05,200,1864.7,200,0,1200
FINNIFTY02JAN2419500CE.NFO,02/01/2024,10:57:45,1860,1854.65,200,1864.75,440,0,1200
FINNIFTY02JAN2419500CE.NFO,02/01/2024,10:57:47,1860,1855.35,120,1864.7,2360,0,1200
FINNIFTY02JAN2419500CE.NFO,02/01/2024,10:57:48,1860,1855.95,1240,1864.55,40,0,1200
FINNIFTY02JAN2419500CE.NFO,02/01/2024,10:57:50,1860,1855.95,1240,1864.35,80,0,1200
FINNIFTY02JAN2419500CE.NFO,02/01/2024,10:57:52,1860,1856.3,120,1867.1,2360,0,1200
FINNIFTY02JAN2419500CE.NFO,02/01/2024,10:57:53,1860,1857.2,200,1867.05,240,0,1200
FINNIFTY02JAN2419500CE.NFO,02/01/2024,10:57:55,1860,1858.1,1360,1867,1200,0,1200
FINNIFTY02JAN2419500CE.NFO,02/01/2024,10:57:57,1860,1858.2,200,1867.05,520,0,1200
FINNIFTY02JAN2419500CE.NFO,02/01/2024,10:57:58,1860,1858.95,200,1869.25,1800,0,1200
FINNIFTY02JAN2419500CE.NFO,02/01/2024,10:58:00,1860,1859.65,880,1873.5,120,0,1200
FINNIFTY02JAN2419500CE.NFO,02/01/2024,10:58:02,1860,1860.55,120,1873.45,560,0,1200
FINNIFTY02JAN2419500CE.NFO,02/01/2024,10:58:03,1860,1861.4,200,1873.25,120,0,1200
FINNIFTY02JAN2419500CE.NFO,02/01/2024,10:58:05,1860,1861.45,120,1872.9,200,0,1200
FINNIFTY02JAN2419500CE.NFO,02/01/2024,10:58:07,1860,1861.45,120,1872.6,1360,0,1200
FINNIFTY02JAN2419500CE.NFO,02/01/2024,10:58:08,1860,1861.4,760,1871.8,200,0,1200
FINNIFTY02JAN2419500CE.NFO,02/01/2024,10:58:10,1860,1849.1,2560,1870.8,200,0,1200
FINNIFTY02JAN2419500CE.NFO,02/01/2024,10:58:12,1860,1849.2,120,1869.9,200,0,1200
FINNIFTY02JAN2419500CE.NFO,02/01/2024,10:58:13,1860,1849.2,120,1869.15,200,0,1200
FINNIFTY02JAN2419500CE.NFO,02/01/2024,10:58:15,1860,1849.2,120,1868.35,40,0,1200
FINNIFTY02JAN2419500CE.NFO,02/01/2024,10:58:17,1860,1849.2,120,1868.6,1200,0,1200
FINNIFTY02JAN2419500CE.NFO,02/01/2024,10:58:18,1860,1849.2,120,1873.5,200,0,1200
FINNIFTY02JAN2419500CE.NFO,02/01/2024,10:59:25,1860,1856,240,1868.8,120,0,1200
FINNIFTY02JAN2419500CE.NFO,02/01/2024,10:59:27,1860,1856.2,160,1867.4,200,0,1200
FINNIFTY02JAN2419500CE.NFO,02/01/2024,10:59:28,1860,1856.55,360,1866.9,560,0,1200
FINNIFTY02JAN2419500CE.NFO,02/01/2024,10:59:33,1860,1857.65,360,1865.4,280,0,1200
FINNIFTY02JAN2419500CE.NFO,02/01/2024,10:59:42,1860,1857.1,1000,1865.7,200,0,1200
FINNIFTY02JAN2419500CE.NFO,02/01/2024,10:59:51,1860,1856.15,200,1865.6,2200,0,1200
FINNIFTY02JAN2419500CE.NFO,02/01/2024,11:00:00,1860,1856.15,200,1863.7,200,0,1200
FINNIFTY02JAN2419500CE.NFO,02/01/2024,11:00:09,1860,1855.8,120,1869.1,120,0,1200
FINNIFTY02JAN2419500CE.NFO,02/01/2024,11:00:19,1860,1854,280,1866.6,560,0,1200
FINNIFTY02JAN2419500CE.NFO,02/01/2024,11:00:29,1860,1853.95,200,1862.15,880,0,1200
FINNIFTY02JAN2419500CE.NFO,02/01/2024,11:00:31,1860,1854.25,80,1861.75,120,0,1200
FINNIFTY02JAN2419500CE.NFO,02/01/2024,11:00:33,1860,1854.4,880,1862.2,200,0,1200
FINNIFTY02JAN2419500CE.NFO,02/01/2024,11:00:34,1860,1854.65,840,1861.9,200,0,1200
FINNIFTY02JAN2419500CE.NFO,02/01/2024,11:00:36,1860,1854.8,200,1861.6,200,0,1200
FINNIFTY02JAN2419500CE.NFO,02/01/2024,11:00:38,1860,1854.95,480,1865.55,3600,0,1200
FINNIFTY02JAN2419500CE.NFO,02/01/2024,11:00:39,1860,1854.8,160,1865.5,200,0,1200
FINNIFTY02JAN2419500CE.NFO,02/01/2024,11:00:41,1860,1854.65,200,1865.5,200,0,1200
FINNIFTY02JAN2419500CE.NFO,02/01/2024,11:00:47,1860,1854.8,160,1865.5,200,0,1200
FINNIFTY02JAN2419500CE.NFO,02/01/2024,11:00:49,1860,1854.7,200,1865.5,200,0,1200
FINNIFTY02JAN2419500CE.NFO,02/01/2024,11:00:51,1860,1854.8,680,1865.55,3600,0,1200
FINNIFTY02JAN2419500CE.NFO,02/01/2024,11:00:52,1860,1854.95,40,1865.55,3600,0,1200
FINNIFTY02JAN2419500CE.NFO,02/01/2024,11:00:54,1860,1855.05,160,1865.55,3600,0,1200
FINNIFTY02JAN2419500CE.NFO,02/01/2024,11:00:56,1860,1854.75,40,1865.5,200,0,1200
FINNIFTY02JAN2419500CE.NFO,02/01/2024,11:00:57,1860,1853.7,1000,1865.5,200,0,1200
FINNIFTY02JAN2419500CE.NFO,02/01/2024,11:00:59,1860,1853.75,1080,1865.5,200,0,1200
FINNIFTY02JAN2419500CE.NFO,02/01/2024,11:01:01,1860,1853.75,160,1865.5,200,0,1200
FINNIFTY02JAN2419500CE.NFO,02/01/2024,11:01:02,1860,1853.85,160,1865.5,200,0,1200
FINNIFTY02JAN2419500CE.NFO,02/01/2024,11:01:04,1860,1853.65,120,1865.5,200,0,1200
FINNIFTY02JAN2419500CE.NFO,02/01/2024,11:01:07,1860,1851.55,200,1865.5,200,0,1200
FINNIFTY02JAN2419500CE.NFO,02/01/2024,11:01:09,1860,1851.5,120,1865.5,200,0,1200
FINNIFTY02JAN2419500CE.NFO,02/01/2024,11:01:12,1860,1851.55,200,1865.5,200,0,1200
FINNIFTY02JAN2419500CE.NFO,02/01/2024,11:01:15,1860,1851.6,160,1865.5,200,0,1200
FINNIFTY02JAN2419500CE.NFO,02/01/2024,11:01:17,1860,1851.7,1000,1865.5,200,0,1200
FINNIFTY02JAN2419500CE.NFO,02/01/2024,11:01:19,1860,1851.6,160,1865.5,200,0,1200
FINNIFTY02JAN2419500CE.NFO,02/01/2024,11:01:20,1860,1851.65,520,1865.5,200,0,1200
FINNIFTY02JAN2419500CE.NFO,02/01/2024,11:01:22,1860,1851.75,400,1865.5,200,0,1200
FINNIFTY02JAN2419500CE.NFO,02/01/2024,11:01:24,1860,1851.9,480,1865.5,200,0,1200
FINNIFTY02JAN2419500CE.NFO,02/01/2024,11:01:25,1860,1852.1,240,1862.35,200,0,1200
FINNIFTY02JAN2419500CE.NFO,02/01/2024,11:01:27,1860,1852.25,200,1861.55,200,0,1200
FINNIFTY02JAN2419500CE.NFO,02/01/2024,11:01:29,1860,1852.45,120,1860.9,40,0,1200
FINNIFTY02JAN2419500CE.NFO,02/01/2024,11:01:36,1860,1851.85,320,1859.05,200,0,1200
FINNIFTY02JAN2419500CE.NFO,02/01/2024,11:01:45,1860,1851.55,200,1862.6,120,0,1200
FINNIFTY02JAN2419500CE.NFO,02/01/2024,11:01:55,1860,1847.4,200,1862.6,120,0,1200
FINNIFTY02JAN2419500CE.NFO,02/01/2024,11:02:05,1855,1848.65,160,1855.35,120,80,1200
FINNIFTY02JAN2419500CE.NFO,02/01/2024,11:02:05,1855,1848.65,160,1855.35,120,0,1200
FINNIFTY02JAN2419500CE.NFO,02/01/2024,11:02:15,1855,1850.65,200,1857.35,240,0,1200
FINNIFTY02JAN2419500CE.NFO,02/01/2024,11:02:25,1855,1851.55,240,1858.45,40,0,1200
FINNIFTY02JAN2419500CE.NFO,02/01/2024,11:02:31,1855,1851.05,160,1857.8,40,0,1200
FINNIFTY02JAN2419500CE.NFO,02/01/2024,11:02:32,1855,1851,200,1857.3,200,0,1200
FINNIFTY02JAN2419500CE.NFO,02/01/2024,11:02:34,1855,1851.15,200,1857.75,40,0,1200
FINNIFTY02JAN2419500CE.NFO,02/01/2024,11:02:36,1855,1851.35,200,1860.05,80,0,1200
FINNIFTY02JAN2419500CE.NFO,02/01/2024,11:02:38,1855,1851.5,200,1859.25,200,0,1200
FINNIFTY02JAN2419500CE.NFO,02/01/2024,11:02:39,1855,1851.35,240,1858.35,240,0,1200
FINNIFTY02JAN2419500CE.NFO,02/01/2024,11:02:41,1855,1851.45,320,1858.25,120,0,1200
FINNIFTY02JAN2419500CE.NFO,02/01/2024,11:02:43,1855,1851.4,200,1858.3,80,0,1200
FINNIFTY02JAN2419500CE.NFO,02/01/2024,11:02:44,1855,1851.8,200,1860.4,3400,0,1200
FINNIFTY02JAN2419500CE.NFO,02/01/2024,11:02:46,1855,1852.45,40,1860.3,40,0,1200
FINNIFTY02JAN2419500CE.NFO,02/01/2024,11:02:48,1855,1852.95,200,1860.1,160,0,1200
FINNIFTY02JAN2419500CE.NFO,02/01/2024,11:02:49,1855,1853.05,240,1859.8,40,0,1200
FINNIFTY02JAN2419500CE.NFO,02/01/2024,11:02:51,1855,1853.25,200,1860.35,240,0,1200
FINNIFTY02JAN2419500CE.NFO,02/01/2024,11:02:53,1855,1853.65,120,1862.5,240,0,1200
FINNIFTY02JAN2419500CE.NFO,02/01/2024,11:02:54,1855,1853,200,1860.7,40,0,1200
FINNIFTY02JAN2419500CE.NFO,02/01/2024,11:02:56,1855,1853,200,1859.7,40,0,1200
FINNIFTY02JAN2419500CE.NFO,02/01/2024,11:02:58,1855,1848.25,3440,1858.95,40,0,1200
FINNIFTY02JAN2419500CE.NFO,02/01/2024,11:02:59,1855,1848.25,3440,1858.75,40,0,1200
FINNIFTY02JAN2419500CE.NFO,02/01/2024,11:03:01,1855,1848.25,3440,1858.7,760,0,1200
FINNIFTY02JAN2419500CE.NFO,02/01/2024,11:03:03,1855,1848.25,3440,1858.2,40,0,1200
FINNIFTY02JAN2419500CE.NFO,02/01/2024,11:03:04,1855,1848.25,3440,1858.05,40,0,1200
FINNIFTY02JAN2419500CE.NFO,02/01/2024,11:03:06,1855,1848.25,3440,1858.7,200,0,1200
FINNIFTY02JAN2419500CE.NFO,02/01/2024,11:03:08,1855,1848.25,3440,1859.75,240,0,1200
FINNIFTY02JAN2419500CE.NFO,02/01/2024,11:03:09,1855,1848.25,3440,1859.7,240,0,1200
FINNIFTY02JAN2419500CE.NFO,02/01/2024,11:03:11,1855,1848.25,3440,1859.7,40,0,1200
FINNIFTY02JAN2419500CE.NFO,02/01/2024,11:03:13,1855,1848.25,3440,1859.25,40,0,1200
FINNIFTY02JAN2419500CE.NFO,02/01/2024,11:03:14,1855,1848.25,3440,1858.9,320,0,1200
FINNIFTY02JAN2419500CE.NFO,02/01/2024,11:03:16,1855,1848.25,3440,1859.5,360,0,1200
FINNIFTY02JAN2419500CE.NFO,02/01/2024,11:03:17,1855,1848.25,3440,1862.45,3400,0,1200
FINNIFTY02JAN2419500CE.NFO,02/01/2024,11:03:29,1855,1848.25,3440,1862.4,240,0,1200
FINNIFTY02JAN2419500CE.NFO,02/01/2024,11:03:40,1855,1848.25,3440,1862.45,3400,0,1200
FINNIFTY02JAN2419500CE.NFO,02/01/2024,11:04:01,1855,1848.3,200,1862.45,3400,0,1200
FINNIFTY02JAN2419500CE.NFO,02/01/2024,11:04:06,1855,1848.3,200,1862.45,3160,0,1200
FINNIFTY02JAN2419500CE.NFO,02/01/2024,11:04:07,1855,1848.3,200,1864.7,3440,0,1200
FINNIFTY02JAN2419500CE.NFO,02/01/2024,11:04:09,1855,1848.3,200,1864.65,200,0,1200
FINNIFTY02JAN2419500CE.NFO,02/01/2024,11:04:15,1855,1848.3,200,1864.6,200,0,1200
FINNIFTY02JAN2419500CE.NFO,02/01/2024,11:04:19,1855,1848.3,200,1862.4,200,0,1200
FINNIFTY02JAN2419500CE.NFO,02/01/2024,11:04:20,1855,1848.3,200,1862.9,320,0,1200
FINNIFTY02JAN2419500CE.NFO,02/01/2024,11:04:22,1855,1848.3,200,1862.95,40,0,1200
FINNIFTY02JAN2419500CE.NFO,02/01/2024,11:04:24,1855,1848.3,200,1864.55,120,0,1200
FINNIFTY02JAN2419500CE.NFO,02/01/2024,11:04:27,1855,1848.3,200,1864.35,480,0,1200
FINNIFTY02JAN2419500CE.NFO,02/01/2024,11:04:29,1855,1848.3,200,1862.35,200,0,1200
FINNIFTY02JAN2419500CE.NFO,02/01/2024,11:04:36,1855,1848.3,200,1859.65,440,0,1200
FINNIFTY02JAN2419500CE.NFO,02/01/2024,11:04:46,1855,1848.3,200,1859.45,280,0,1200
FINNIFTY02JAN2419500CE.NFO,02/01/2024,11:04:55,1855,1848.3,200,1864.7,3760,0,1200
FINNIFTY02JAN2419500CE.NFO,02/01/2024,11:05:22,1855,1848.3,200,1864.7,3640,0,1200
FINNIFTY02JAN2419500CE.NFO,02/01/2024,11:05:32,1855,1848.3,200,1858.6,280,0,1200
FINNIFTY02JAN2419500CE.NFO,02/01/2024,11:05:41,1855,1851.15,200,1861.2,1000,0,1200
FINNIFTY02JAN2419500CE.NFO,02/01/2024,11:05:51,1855,1852.2,640,1859.4,920,0,1200
FINNIFTY02JAN2419500CE.NFO,02/01/2024,11:06:00,1855,1851.8,200,1862.4,200,0,1200
FINNIFTY02JAN2419500CE.NFO,02/01/2024,11:06:10,1855,1852.95,640,1859.9,200,0,1200
FINNIFTY02JAN2419500CE.NFO,02/01/2024,11:06:19,1855,1853,80,1859.95,80,0,1200
FINNIFTY02JAN2419500CE.NFO,02/01/2024,11:06:28,1855,1852.95,160,1859.75,40,0,1200
FINNIFTY02JAN2419500CE.NFO,02/01/2024,11:06:31,1855,1852.9,200,1859.2,240,0,1200
FINNIFTY02JAN2419500CE.NFO,02/01/2024,11:06:33,1855,1848.35,3320,1858.55,40,0,1200
FINNIFTY02JAN2419500CE.NFO,02/01/2024,11:06:35,1855,1848.35,3320,1858.3,560,0,1200
FINNIFTY02JAN2419500CE.NFO,02/01/2024,11:06:36,1855,1848.35,3320,1858.85,1440,0,1200
FINNIFTY02JAN2419500CE.NFO,02/01/2024,11:06:38,1855,1848.35,3320,1858.15,40,0,1200
FINNIFTY02JAN2419500CE.NFO,02/01/2024,11:06:40,1855,1848.35,2400,1857.25,200,0,1200
