Ticker,Date,Time,LTP,BuyPrice,BuyQty,SellPrice,SellQty,LTQ,OpenInterest
FINNIFTY02JAN2420350PE.NFO,02/01/2024,09:15:02,0.1,0.25,1800,0.45,8400,800,30880
FINNIFTY02JAN2420350PE.NFO,02/01/2024,09:15:02,0.1,0.25,1800,0.45,8400,0,30880
FINNIFTY02JAN2420350PE.NFO,02/01/2024,09:15:02,0.1,0.25,1800,0.45,8400,0,30880
FINNIFTY02JAN2420350PE.NFO,02/01/2024,09:15:02,0.1,0.25,1800,0.45,8400,0,30880
FINNIFTY02JAN2420350PE.NFO,02/01/2024,09:15:16,0.35,0.35,8960,0.4,10240,1160,30880
FINNIFTY02JAN2420350PE.NFO,02/01/2024,09:15:16,0.45,0.35,8960,0.4,10240,0,30880
FINNIFTY02JAN2420350PE.NFO,02/01/2024,09:15:28,0.3,0.25,14520,0.3,10200,15400,30880
FINNIFTY02JAN2420350PE.NFO,02/01/2024,09:15:39,0.3,0.25,32520,0.3,10360,1680,30880
FINNIFTY02JAN2420350PE.NFO,02/01/2024,09:15:50,0.3,0.3,8120,0.35,9680,3320,30880
FINNIFTY02JAN2420350PE.NFO,02/01/2024,09:16:00,0.3,0.3,13520,0.35,9920,0,30880
FINNIFTY02JAN2420350PE.NFO,02/01/2024,09:16:12,0.3,0.3,17160,0.35,16920,1880,30880
FINNIFTY02JAN2420350PE.NFO,02/01/2024,09:16:22,0.3,0.3,16280,0.35,17080,1000,30880
FINNIFTY02JAN2420350PE.NFO,02/01/2024,09:16:31,0.3,0.3,15720,0.35,17080,800,30880
FINNIFTY02JAN2420350PE.NFO,02/01/2024,09:16:41,0.3,0.3,16880,0.35,17720,1560,30880
FINNIFTY02JAN2420350PE.NFO,02/01/2024,09:16:50,0.3,0.3,15080,0.35,17720,0,30880
FINNIFTY02JAN2420350PE.NFO,02/01/2024,09:17:00,0.3,0.3,13880,0.35,17800,640,30880
FINNIFTY02JAN2420350PE.NFO,02/01/2024,09:17:10,0.3,0.3,13880,0.35,19480,0,30880
FINNIFTY02JAN2420350PE.NFO,02/01/2024,09:17:19,0.3,0.3,13880,0.35,19080,0,30880
FINNIFTY02JAN2420350PE.NFO,02/01/2024,09:17:29,0.3,0.3,16320,0.35,19080,0,30880
FINNIFTY02JAN2420350PE.NFO,02/01/2024,09:18:26,0.3,0.3,16560,0.35,19280,0,30880
FINNIFTY02JAN2420350PE.NFO,02/01/2024,09:18:36,0.3,0.3,16560,0.35,19240,0,30880
FINNIFTY02JAN2420350PE.NFO,02/01/2024,09:18:46,0.3,0.3,16320,0.35,21080,0,30880
FINNIFTY02JAN2420350PE.NFO,02/01/2024,09:18:55,0.3,0.3,16320,0.35,21040,0,30880
FINNIFTY02JAN2420350PE.NFO,02/01/2024,09:19:15,0.3,0.3,16320,0.35,19280,0,30880
FINNIFTY02JAN2420350PE.NFO,02/01/2024,09:19:25,0.3,0.3,16320,0.35,21040,0,30880
FINNIFTY02JAN2420350PE.NFO,02/01/2024,09:19:35,0.3,0.3,13760,0.35,16040,0,30880
FINNIFTY02JAN2420350PE.NFO,02/01/2024,09:19:55,0.3,0.3,13000,0.35,19120,760,33320
FINNIFTY02JAN2420350PE.NFO,02/01/2024,09:20:06,0.3,0.3,13000,0.35,17320,0,33320
FINNIFTY02JAN2420350PE.NFO,02/01/2024,09:20:16,0.3,0.3,15280,0.35,20400,0,33320
FINNIFTY02JAN2420350PE.NFO,02/01/2024,09:20:26,0.3,0.3,16080,0.35,18600,0,33320
FINNIFTY02JAN2420350PE.NFO,02/01/2024,09:20:36,0.35,0.3,16080,0.35,18240,120,32600
FINNIFTY02JAN2420350PE.NFO,02/01/2024,09:20:45,0.35,0.3,16520,0.35,20000,680,32600
FINNIFTY02JAN2420350PE.NFO,02/01/2024,09:20:55,0.35,0.3,18160,0.35,20560,360,32600
FINNIFTY02JAN2420350PE.NFO,02/01/2024,09:21:04,0.35,0.3,18200,0.35,18520,240,32600
FINNIFTY02JAN2420350PE.NFO,02/01/2024,09:21:14,0.35,0.3,18560,0.35,20040,640,32600
FINNIFTY02JAN2420350PE.NFO,02/01/2024,09:21:25,0.35,0.3,19960,0.35,23720,480,32600
FINNIFTY02JAN2420350PE.NFO,02/01/2024,09:21:35,0.35,0.3,19960,0.35,25680,160,32600
FINNIFTY02JAN2420350PE.NFO,02/01/2024,09:21:45,0.35,0.3,19960,0.35,25680,320,32600
FINNIFTY02JAN2420350PE.NFO,02/01/2024,09:21:55,0.35,0.3,19960,0.35,23720,480,32600
FINNIFTY02JAN2420350PE.NFO,02/01/2024,09:22:06,0.35,0.3,19960,0.35,24720,280,32600
FINNIFTY02JAN2420350PE.NFO,02/01/2024,09:22:18,0.35,0.3,19960,0.35,24480,560,32600
FINNIFTY02JAN2420350PE.NFO,02/01/2024,09:22:30,0.35,0.3,20000,0.35,25840,400,32600
FINNIFTY02JAN2420350PE.NFO,02/01/2024,09:22:40,0.35,0.3,20040,0.35,24120,200,32600
FINNIFTY02JAN2420350PE.NFO,02/01/2024,09:23:09,0.35,0.3,20040,0.35,24120,0,32600
FINNIFTY02JAN2420350PE.NFO,02/01/2024,09:23:37,0.35,0.3,20040,0.35,24160,0,32600
FINNIFTY02JAN2420350PE.NFO,02/01/2024,09:24:14,0.35,0.3,20040,0.35,26160,120,32040
FINNIFTY02JAN2420350PE.NFO,02/01/2024,09:24:34,0.35,0.3,20040,0.35,24360,0,32040
FINNIFTY02JAN2420350PE.NFO,02/01/2024,09:24:45,0.3,0.3,19680,0.35,26160,360,32040
FINNIFTY02JAN2420350PE.NFO,02/01/2024,09:24:54,0.3,0.3,16880,0.35,26160,2160,32040
FINNIFTY02JAN2420350PE.NFO,02/01/2024,09:25:05,0.3,0.3,16240,0.35,28360,640,32040
FINNIFTY02JAN2420350PE.NFO,02/01/2024,09:25:16,0.3,0.3,15920,0.35,31960,320,32040
FINNIFTY02JAN2420350PE.NFO,02/01/2024,09:25:26,0.3,0.3,15600,0.35,31960,320,32040
FINNIFTY02JAN2420350PE.NFO,02/01/2024,09:25:36,0.3,0.3,15240,0.35,31960,400,32040
FINNIFTY02JAN2420350PE.NFO,02/01/2024,09:25:46,0.3,0.3,14720,0.35,29840,480,32040
FINNIFTY02JAN2420350PE.NFO,02/01/2024,09:25:56,0.3,0.3,13760,0.35,31640,320,32040
FINNIFTY02JAN2420350PE.NFO,02/01/2024,09:26:06,0.3,0.3,13400,0.35,33040,360,32040
FINNIFTY02JAN2420350PE.NFO,02/01/2024,09:26:15,0.3,0.3,13400,0.35,31560,360,32040
FINNIFTY02JAN2420350PE.NFO,02/01/2024,09:26:26,0.35,0.3,15040,0.35,30120,4840,32040
FINNIFTY02JAN2420350PE.NFO,02/01/2024,09:26:36,0.35,0.3,15080,0.35,27240,0,32040
FINNIFTY02JAN2420350PE.NFO,02/01/2024,09:26:46,0.35,0.3,15120,0.35,27240,0,32040
FINNIFTY02JAN2420350PE.NFO,02/01/2024,09:26:57,0.35,0.3,15120,0.35,28840,0,32040
FINNIFTY02JAN2420350PE.NFO,02/01/2024,09:27:07,0.35,0.3,16400,0.35,28160,960,32880
FINNIFTY02JAN2420350PE.NFO,02/01/2024,09:27:18,0.35,0.3,16400,0.35,27360,800,32880
FINNIFTY02JAN2420350PE.NFO,02/01/2024,09:27:28,0.35,0.3,16400,0.35,26480,560,32880
FINNIFTY02JAN2420350PE.NFO,02/01/2024,09:27:37,0.35,0.3,16400,0.35,25880,600,32880
FINNIFTY02JAN2420350PE.NFO,02/01/2024,09:27:47,0.35,0.3,16400,0.35,25560,320,32880
FINNIFTY02JAN2420350PE.NFO,02/01/2024,09:27:57,0.35,0.3,16320,0.35,25480,120,32880
FINNIFTY02JAN2420350PE.NFO,02/01/2024,09:28:07,0.35,0.3,14560,0.35,25480,0,32880
FINNIFTY02JAN2420350PE.NFO,02/01/2024,09:28:17,0.35,0.3,14480,0.35,25800,0,32880
FINNIFTY02JAN2420350PE.NFO,02/01/2024,09:28:28,0.35,0.3,12680,0.35,25800,0,32880
FINNIFTY02JAN2420350PE.NFO,02/01/2024,09:29:38,0.35,0.3,12680,0.35,30600,0,32880
FINNIFTY02JAN2420350PE.NFO,02/01/2024,09:29:58,0.3,0.3,12360,0.35,27280,3600,36160
FINNIFTY02JAN2420350PE.NFO,02/01/2024,09:30:08,0.35,0.3,9960,0.35,28200,2440,36160
FINNIFTY02JAN2420350PE.NFO,02/01/2024,09:30:18,0.35,0.3,11320,0.35,28480,0,36160
FINNIFTY02JAN2420350PE.NFO,02/01/2024,09:30:28,0.3,0.3,10960,0.35,23680,2160,36160
FINNIFTY02JAN2420350PE.NFO,02/01/2024,09:30:39,0.3,0.3,10800,0.35,23680,6360,36160
FINNIFTY02JAN2420350PE.NFO,02/01/2024,09:31:10,0.3,0.25,34720,0.3,30360,18160,36160
FINNIFTY02JAN2420350PE.NFO,02/01/2024,09:31:21,0.3,0.25,52720,0.3,31080,0,36160
FINNIFTY02JAN2420350PE.NFO,02/01/2024,09:31:39,0.25,0.25,51560,0.3,31080,1600,36160
FINNIFTY02JAN2420350PE.NFO,02/01/2024,09:31:59,0.3,0.25,51560,0.3,33600,880,36160
FINNIFTY02JAN2420350PE.NFO,02/01/2024,09:32:18,0.3,0.25,51840,0.3,33480,120,36160
FINNIFTY02JAN2420350PE.NFO,02/01/2024,09:32:28,0.3,0.25,51840,0.3,34000,0,36160
FINNIFTY02JAN2420350PE.NFO,02/01/2024,09:32:48,0.3,0.25,52400,0.3,34040,200,36160
FINNIFTY02JAN2420350PE.NFO,02/01/2024,09:32:58,0.3,0.25,45640,0.3,34960,880,54800
FINNIFTY02JAN2420350PE.NFO,02/01/2024,09:33:08,0.3,0.25,29800,0.3,37240,480,54800
FINNIFTY02JAN2420350PE.NFO,02/01/2024,09:33:17,0.3,0.25,29880,0.3,36680,560,54800
FINNIFTY02JAN2420350PE.NFO,02/01/2024,09:33:27,0.3,0.25,30080,0.3,38480,1480,54800
FINNIFTY02JAN2420350PE.NFO,02/01/2024,09:33:36,0.3,0.25,30080,0.3,38280,200,54800
FINNIFTY02JAN2420350PE.NFO,02/01/2024,09:34:05,0.3,0.25,33960,0.3,42400,4000,54800
FINNIFTY02JAN2420350PE.NFO,02/01/2024,09:34:23,0.3,0.25,33960,0.3,47360,0,54800
FINNIFTY02JAN2420350PE.NFO,02/01/2024,09:34:32,0.3,0.25,33960,0.3,49160,0,54800
FINNIFTY02JAN2420350PE.NFO,02/01/2024,09:35:09,0.3,0.25,33880,0.3,49080,0,54800
FINNIFTY02JAN2420350PE.NFO,02/01/2024,09:35:28,0.3,0.25,34280,0.3,48720,960,54800
FINNIFTY02JAN2420350PE.NFO,02/01/2024,09:35:56,0.3,0.25,34560,0.3,48960,120,54800
FINNIFTY02JAN2420350PE.NFO,02/01/2024,09:36:05,0.3,0.25,34680,0.3,48840,200,54800
FINNIFTY02JAN2420350PE.NFO,02/01/2024,09:36:24,0.3,0.25,34760,0.3,48920,360,54800
FINNIFTY02JAN2420350PE.NFO,02/01/2024,09:36:34,0.3,0.25,36280,0.3,44160,8200,54800
FINNIFTY02JAN2420350PE.NFO,02/01/2024,09:37:27,0.3,0.25,36280,0.3,44160,0,54800
FINNIFTY02JAN2420350PE.NFO,02/01/2024,09:38:10,0.3,0.25,38080,0.3,45520,0,54800
FINNIFTY02JAN2420350PE.NFO,02/01/2024,09:38:19,0.3,0.25,36280,0.3,45520,0,54800
FINNIFTY02JAN2420350PE.NFO,02/01/2024,09:38:29,0.25,0.25,36000,0.3,45840,240,54800
FINNIFTY02JAN2420350PE.NFO,02/01/2024,09:38:38,0.25,0.25,35720,0.3,45520,280,56560
FINNIFTY02JAN2420350PE.NFO,02/01/2024,09:38:48,0.25,0.25,37560,0.3,45520,160,56560
FINNIFTY02JAN2420350PE.NFO,02/01/2024,09:38:58,0.25,0.25,37280,0.3,46000,320,56560
FINNIFTY02JAN2420350PE.NFO,02/01/2024,09:39:07,0.25,0.25,36880,0.3,45680,400,56560
FINNIFTY02JAN2420350PE.NFO,02/01/2024,09:39:17,0.25,0.25,36800,0.3,45680,80,56560
FINNIFTY02JAN2420350PE.NFO,02/01/2024,09:39:35,0.3,0.25,36800,0.3,45560,120,56560
FINNIFTY02JAN2420350PE.NFO,02/01/2024,09:40:06,0.3,0.25,36800,0.3,44600,960,56560
FINNIFTY02JAN2420350PE.NFO,02/01/2024,09:40:26,0.25,0.25,36280,0.3,44600,520,56560
FINNIFTY02JAN2420350PE.NFO,02/01/2024,09:40:47,0.25,0.25,33360,0.3,44600,640,56560
FINNIFTY02JAN2420350PE.NFO,02/01/2024,09:40:57,0.3,0.25,33360,0.3,44560,40,56560
FINNIFTY02JAN2420350PE.NFO,02/01/2024,09:41:08,0.3,0.25,36520,0.3,44360,200,56560
FINNIFTY02JAN2420350PE.NFO,02/01/2024,09:41:18,0.3,0.25,36520,0.3,44160,200,56560
FINNIFTY02JAN2420350PE.NFO,02/01/2024,09:41:28,0.3,0.25,36520,0.3,44160,0,56560
FINNIFTY02JAN2420350PE.NFO,02/01/2024,09:41:47,0.3,0.25,36520,0.3,44120,40,57160
FINNIFTY02JAN2420350PE.NFO,02/01/2024,09:41:57,0.25,0.25,36240,0.3,44120,280,57160
FINNIFTY02JAN2420350PE.NFO,02/01/2024,09:42:17,0.25,0.25,36200,0.3,44120,40,57160
FINNIFTY02JAN2420350PE.NFO,02/01/2024,09:42:35,0.3,0.25,36200,0.3,44080,40,57160
FINNIFTY02JAN2420350PE.NFO,02/01/2024,09:42:44,0.3,0.25,50600,0.3,44080,0,57160
FINNIFTY02JAN2420350PE.NFO,02/01/2024,09:42:53,0.3,0.25,45200,0.3,44080,0,57160
FINNIFTY02JAN2420350PE.NFO,02/01/2024,09:43:14,0.25,0.25,45040,0.3,44080,160,57160
FINNIFTY02JAN2420350PE.NFO,02/01/2024,09:43:24,0.25,0.25,45080,0.3,44080,0,57160
FINNIFTY02JAN2420350PE.NFO,02/01/2024,09:43:53,0.3,0.25,45080,0.3,44040,40,57160
FINNIFTY02JAN2420350PE.NFO,02/01/2024,09:44:02,0.25,0.25,44880,0.3,44520,200,57160
FINNIFTY02JAN2420350PE.NFO,02/01/2024,09:44:21,0.3,0.25,44880,0.3,44440,80,57160
FINNIFTY02JAN2420350PE.NFO,02/01/2024,09:44:58,0.25,0.25,44760,0.3,44440,120,57520
FINNIFTY02JAN2420350PE.NFO,02/01/2024,09:45:07,0.25,0.25,44440,0.3,44880,320,57520
FINNIFTY02JAN2420350PE.NFO,02/01/2024,09:45:16,0.25,0.25,44360,0.3,44880,80,57520
FINNIFTY02JAN2420350PE.NFO,02/01/2024,09:45:26,0.25,0.25,42960,0.3,44880,1400,57520
FINNIFTY02JAN2420350PE.NFO,02/01/2024,09:45:36,0.25,0.25,42720,0.3,44880,240,57520
FINNIFTY02JAN2420350PE.NFO,02/01/2024,09:45:45,0.3,0.25,46040,0.3,44080,1000,57520
FINNIFTY02JAN2420350PE.NFO,02/01/2024,09:45:54,0.25,0.25,45840,0.3,44080,200,57520
FINNIFTY02JAN2420350PE.NFO,02/01/2024,09:46:04,0.3,0.25,45840,0.3,43800,280,57520
FINNIFTY02JAN2420350PE.NFO,02/01/2024,09:46:14,0.3,0.25,45840,0.3,43200,600,57520
FINNIFTY02JAN2420350PE.NFO,02/01/2024,09:46:24,0.3,0.25,45840,0.3,42800,400,57520
FINNIFTY02JAN2420350PE.NFO,02/01/2024,09:46:34,0.3,0.25,45840,0.3,42880,240,57520
FINNIFTY02JAN2420350PE.NFO,02/01/2024,09:46:43,0.3,0.25,45840,0.3,42360,200,57520
FINNIFTY02JAN2420350PE.NFO,02/01/2024,09:46:52,0.3,0.25,45840,0.3,42200,160,57520
FINNIFTY02JAN2420350PE.NFO,02/01/2024,09:47:11,0.3,0.25,45680,0.3,42000,360,57520
FINNIFTY02JAN2420350PE.NFO,02/01/2024,09:47:20,0.3,0.25,45680,0.3,41920,400,57520
FINNIFTY02JAN2420350PE.NFO,02/01/2024,09:47:47,0.25,0.25,45640,0.3,41920,40,56880
FINNIFTY02JAN2420350PE.NFO,02/01/2024,09:47:56,0.25,0.25,45400,0.3,41600,240,56880
FINNIFTY02JAN2420350PE.NFO,02/01/2024,09:48:06,0.25,0.25,39880,0.3,35760,280,56880
FINNIFTY02JAN2420350PE.NFO,02/01/2024,09:48:15,0.3,0.25,39880,0.3,33200,1520,56880
FINNIFTY02JAN2420350PE.NFO,02/01/2024,09:48:42,0.25,0.25,39760,0.3,33200,120,56880
FINNIFTY02JAN2420350PE.NFO,02/01/2024,09:48:51,0.25,0.25,39720,0.3,33360,200,56880
FINNIFTY02JAN2420350PE.NFO,02/01/2024,09:49:00,0.25,0.25,39680,0.3,33360,40,56880
FINNIFTY02JAN2420350PE.NFO,02/01/2024,09:49:19,0.3,0.25,39680,0.3,33320,40,56880
FINNIFTY02JAN2420350PE.NFO,02/01/2024,09:49:29,0.25,0.25,39560,0.3,33320,120,56880
FINNIFTY02JAN2420350PE.NFO,02/01/2024,09:49:47,0.3,0.25,39560,0.3,33120,200,56880
FINNIFTY02JAN2420350PE.NFO,02/01/2024,09:49:56,0.25,0.25,39400,0.3,33120,160,56880
FINNIFTY02JAN2420350PE.NFO,02/01/2024,09:50:05,0.25,0.25,39320,0.3,33120,80,56880
FINNIFTY02JAN2420350PE.NFO,02/01/2024,09:50:14,0.25,0.25,39120,0.3,23600,200,56880
FINNIFTY02JAN2420350PE.NFO,02/01/2024,09:50:59,0.25,0.25,39120,0.3,23600,0,56880
FINNIFTY02JAN2420350PE.NFO,02/01/2024,09:51:28,0.3,0.25,39120,0.3,26120,40,57000
FINNIFTY02JAN2420350PE.NFO,02/01/2024,09:51:37,0.3,0.25,39120,0.3,26360,80,57000
FINNIFTY02JAN2420350PE.NFO,02/01/2024,09:51:47,0.3,0.25,39120,0.3,26320,40,57000
FINNIFTY02JAN2420350PE.NFO,02/01/2024,09:53:08,0.3,0.25,39120,0.3,26000,40,57000
FINNIFTY02JAN2420350PE.NFO,02/01/2024,09:53:18,0.3,0.25,39120,0.3,24600,1360,57000
FINNIFTY02JAN2420350PE.NFO,02/01/2024,09:53:27,0.3,0.25,39120,0.3,23720,880,57000
FINNIFTY02JAN2420350PE.NFO,02/01/2024,09:53:36,0.3,0.25,39120,0.3,20000,600,58920
FINNIFTY02JAN2420350PE.NFO,02/01/2024,09:53:46,0.3,0.25,39120,0.3,19680,320,58920
FINNIFTY02JAN2420350PE.NFO,02/01/2024,09:53:55,0.3,0.25,39120,0.3,19640,40,58920
FINNIFTY02JAN2420350PE.NFO,02/01/2024,09:54:04,0.3,0.25,39160,0.3,21080,0,58920
FINNIFTY02JAN2420350PE.NFO,02/01/2024,09:54:13,0.3,0.25,39160,0.3,21120,0,58920
FINNIFTY02JAN2420350PE.NFO,02/01/2024,09:54:31,0.25,0.25,38720,0.3,20800,440,58920
FINNIFTY02JAN2420350PE.NFO,02/01/2024,09:54:40,0.3,0.25,38520,0.3,20680,320,58920
FINNIFTY02JAN2420350PE.NFO,02/01/2024,09:55:01,0.25,0.25,38400,0.3,20680,120,58920
FINNIFTY02JAN2420350PE.NFO,02/01/2024,09:55:12,0.25,0.25,38920,0.3,24560,840,58920
FINNIFTY02JAN2420350PE.NFO,02/01/2024,09:55:22,0.25,0.25,38440,0.3,24560,480,58920
FINNIFTY02JAN2420350PE.NFO,02/01/2024,09:55:32,0.25,0.25,37280,0.3,24560,1120,58920
FINNIFTY02JAN2420350PE.NFO,02/01/2024,09:55:43,0.3,0.25,38720,0.3,23560,800,58920
FINNIFTY02JAN2420350PE.NFO,02/01/2024,09:55:52,0.25,0.25,38280,0.3,24800,440,58920
FINNIFTY02JAN2420350PE.NFO,02/01/2024,09:56:04,0.3,0.25,35440,0.3,25320,3080,58920
FINNIFTY02JAN2420350PE.NFO,02/01/2024,09:56:16,0.3,0.25,44480,0.3,21200,360,58920
FINNIFTY02JAN2420350PE.NFO,02/01/2024,09:56:29,0.25,0.25,48200,0.3,23560,440,58920
FINNIFTY02JAN2420350PE.NFO,02/01/2024,09:56:41,0.25,0.25,47480,0.3,23200,1280,58960
FINNIFTY02JAN2420350PE.NFO,02/01/2024,09:56:53,0.25,0.25,38480,0.3,25840,2600,58960
FINNIFTY02JAN2420350PE.NFO,02/01/2024,09:57:05,0.25,0.25,38080,0.3,23440,400,58960
FINNIFTY02JAN2420350PE.NFO,02/01/2024,09:57:18,0.3,0.25,43680,0.3,24480,1760,58960
FINNIFTY02JAN2420350PE.NFO,02/01/2024,09:57:31,0.3,0.3,3960,0.35,6000,26680,58960
FINNIFTY02JAN2420350PE.NFO,02/01/2024,09:57:43,0.3,0.3,840,0.35,19960,4040,58960
FINNIFTY02JAN2420350PE.NFO,02/01/2024,09:57:54,0.3,0.25,42840,0.3,19920,1480,58960
FINNIFTY02JAN2420350PE.NFO,02/01/2024,09:58:05,0.25,0.25,41040,0.3,20240,1800,58960
FINNIFTY02JAN2420350PE.NFO,02/01/2024,09:58:17,0.25,0.25,40600,0.3,20240,440,58960
FINNIFTY02JAN2420350PE.NFO,02/01/2024,09:58:28,0.3,0.25,41440,0.3,21560,840,58960
FINNIFTY02JAN2420350PE.NFO,02/01/2024,09:58:41,0.3,0.25,42080,0.3,17400,480,58960
FINNIFTY02JAN2420350PE.NFO,02/01/2024,09:58:52,0.3,0.25,40280,0.3,16560,840,58960
FINNIFTY02JAN2420350PE.NFO,02/01/2024,09:59:02,0.3,0.25,40600,0.3,22520,320,58960
FINNIFTY02JAN2420350PE.NFO,02/01/2024,09:59:13,0.3,0.25,36360,0.3,20280,40,58960
FINNIFTY02JAN2420350PE.NFO,02/01/2024,09:59:26,0.3,0.25,36360,0.3,16720,0,58960
FINNIFTY02JAN2420350PE.NFO,02/01/2024,09:59:37,0.3,0.25,40440,0.3,22760,440,59560
FINNIFTY02JAN2420350PE.NFO,02/01/2024,09:59:48,0.25,0.25,40240,0.3,23520,240,59560
FINNIFTY02JAN2420350PE.NFO,02/01/2024,09:59:59,0.3,0.25,40280,0.3,23840,200,59560
FINNIFTY02JAN2420350PE.NFO,02/01/2024,10:00:10,0.3,0.25,42280,0.3,19160,2320,59560
FINNIFTY02JAN2420350PE.NFO,02/01/2024,10:00:22,0.3,0.25,42280,0.3,18920,240,59560
FINNIFTY02JAN2420350PE.NFO,02/01/2024,10:00:35,0.3,0.25,42280,0.3,18440,0,59560
FINNIFTY02JAN2420350PE.NFO,02/01/2024,10:01:08,0.25,0.25,42080,0.3,20960,680,59560
FINNIFTY02JAN2420350PE.NFO,02/01/2024,10:01:19,0.25,0.25,38200,0.3,22480,280,59560
FINNIFTY02JAN2420350PE.NFO,02/01/2024,10:01:31,0.25,0.25,39880,0.3,20960,120,59560
FINNIFTY02JAN2420350PE.NFO,02/01/2024,10:01:41,0.25,0.25,41680,0.3,21680,0,59560
FINNIFTY02JAN2420350PE.NFO,02/01/2024,10:01:52,0.25,0.25,24320,0.3,21360,240,59560
FINNIFTY02JAN2420350PE.NFO,02/01/2024,10:02:02,0.25,0.25,15440,0.3,21360,280,59560
FINNIFTY02JAN2420350PE.NFO,02/01/2024,10:02:43,0.25,0.25,15440,0.3,21360,0,59560
FINNIFTY02JAN2420350PE.NFO,02/01/2024,10:03:14,0.25,0.25,15080,0.3,21600,400,60200
FINNIFTY02JAN2420350PE.NFO,02/01/2024,10:03:27,0.25,0.25,16960,0.3,22080,320,60200
FINNIFTY02JAN2420350PE.NFO,02/01/2024,10:03:39,0.25,0.25,16960,0.3,22480,0,60200
FINNIFTY02JAN2420350PE.NFO,02/01/2024,10:04:00,0.25,0.25,14920,0.3,22800,240,60200
FINNIFTY02JAN2420350PE.NFO,02/01/2024,10:04:10,0.25,0.25,17720,0.3,22880,0,60200
FINNIFTY02JAN2420350PE.NFO,02/01/2024,10:04:21,0.25,0.25,17440,0.3,22880,280,60200
FINNIFTY02JAN2420350PE.NFO,02/01/2024,10:04:31,0.3,0.25,14840,0.3,23120,640,60200
FINNIFTY02JAN2420350PE.NFO,02/01/2024,10:04:41,0.3,0.25,14840,0.3,18800,4560,60200
FINNIFTY02JAN2420350PE.NFO,02/01/2024,10:04:52,0.25,0.25,14560,0.3,17200,1880,60200
FINNIFTY02JAN2420350PE.NFO,02/01/2024,10:05:02,0.3,0.25,13080,0.3,17040,1640,60200
FINNIFTY02JAN2420350PE.NFO,02/01/2024,10:05:13,0.3,0.25,13080,0.3,16480,560,60200
FINNIFTY02JAN2420350PE.NFO,02/01/2024,10:05:23,0.3,0.25,14840,0.3,17600,320,60200
FINNIFTY02JAN2420350PE.NFO,02/01/2024,10:05:33,0.3,0.25,14840,0.3,17840,280,60200
FINNIFTY02JAN2420350PE.NFO,02/01/2024,10:05:43,0.3,0.25,33640,0.3,35080,2360,62320
FINNIFTY02JAN2420350PE.NFO,02/01/2024,10:05:53,0.3,0.25,36800,0.3,35480,1880,62320
FINNIFTY02JAN2420350PE.NFO,02/01/2024,10:06:03,0.3,0.25,36800,0.3,35480,320,62320
FINNIFTY02JAN2420350PE.NFO,02/01/2024,10:06:24,0.3,0.25,36800,0.3,36280,640,62320
FINNIFTY02JAN2420350PE.NFO,02/01/2024,10:06:34,0.3,0.25,36800,0.3,42280,400,62320
FINNIFTY02JAN2420350PE.NFO,02/01/2024,10:06:44,0.3,0.25,37040,0.3,40200,280,62320
FINNIFTY02JAN2420350PE.NFO,02/01/2024,10:06:55,0.3,0.25,36800,0.3,39920,280,62320
FINNIFTY02JAN2420350PE.NFO,02/01/2024,10:07:26,0.25,0.25,36680,0.3,45920,120,62320
FINNIFTY02JAN2420350PE.NFO,02/01/2024,10:07:37,0.25,0.25,36320,0.3,46800,360,62320
FINNIFTY02JAN2420350PE.NFO,02/01/2024,10:07:48,0.25,0.25,35920,0.3,47480,400,62320
FINNIFTY02JAN2420350PE.NFO,02/01/2024,10:07:58,0.25,0.25,35880,0.3,47480,40,62320
FINNIFTY02JAN2420350PE.NFO,02/01/2024,10:08:08,0.3,0.25,36800,0.3,48320,80,62320
FINNIFTY02JAN2420350PE.NFO,02/01/2024,10:08:28,0.3,0.25,36800,0.3,47480,40,62320
FINNIFTY02JAN2420350PE.NFO,02/01/2024,10:08:38,0.3,0.25,36800,0.3,51920,120,62320
FINNIFTY02JAN2420350PE.NFO,02/01/2024,10:08:48,0.3,0.25,42440,0.3,49800,480,61800
FINNIFTY02JAN2420350PE.NFO,02/01/2024,10:08:58,0.3,0.25,41600,0.3,52400,1160,61800
FINNIFTY02JAN2420350PE.NFO,02/01/2024,10:09:08,0.3,0.25,42040,0.3,51680,520,61800
FINNIFTY02JAN2420350PE.NFO,02/01/2024,10:09:18,0.3,0.25,42040,0.3,51440,240,61800
FINNIFTY02JAN2420350PE.NFO,02/01/2024,10:09:57,0.3,0.25,42040,0.3,51280,160,61800
FINNIFTY02JAN2420350PE.NFO,02/01/2024,10:10:07,0.3,0.25,42040,0.3,51080,200,61800
FINNIFTY02JAN2420350PE.NFO,02/01/2024,10:10:17,0.3,0.25,42040,0.3,50840,240,61800
FINNIFTY02JAN2420350PE.NFO,02/01/2024,10:10:26,0.3,0.25,42040,0.3,48840,2000,61800
FINNIFTY02JAN2420350PE.NFO,02/01/2024,10:10:36,0.3,0.25,42040,0.3,48680,160,61800
FINNIFTY02JAN2420350PE.NFO,02/01/2024,10:10:47,0.3,0.25,42040,0.3,48520,160,61800
FINNIFTY02JAN2420350PE.NFO,02/01/2024,10:10:56,0.3,0.25,42040,0.3,48400,120,61800
FINNIFTY02JAN2420350PE.NFO,02/01/2024,10:11:06,0.25,0.25,42000,0.3,48400,40,61800
FINNIFTY02JAN2420350PE.NFO,02/01/2024,10:11:26,0.3,0.25,42480,0.3,48280,200,61800
FINNIFTY02JAN2420350PE.NFO,02/01/2024,10:12:32,0.3,0.25,42480,0.3,48160,120,64720
FINNIFTY02JAN2420350PE.NFO,02/01/2024,10:12:43,0.3,0.25,42480,0.3,47880,280,64720
FINNIFTY02JAN2420350PE.NFO,02/01/2024,10:12:54,0.3,0.25,42480,0.3,47560,320,64720
FINNIFTY02JAN2420350PE.NFO,02/01/2024,10:13:04,0.3,0.25,42480,0.3,43320,6840,64720
FINNIFTY02JAN2420350PE.NFO,02/01/2024,10:13:14,0.3,0.25,42480,0.3,43320,0,64720
FINNIFTY02JAN2420350PE.NFO,02/01/2024,10:13:24,0.3,0.25,40680,0.3,39720,1800,64720
FINNIFTY02JAN2420350PE.NFO,02/01/2024,10:13:44,0.3,0.25,40680,0.3,39720,0,64720
FINNIFTY02JAN2420350PE.NFO,02/01/2024,10:14:04,0.3,0.25,40680,0.3,39520,200,64720
FINNIFTY02JAN2420350PE.NFO,02/01/2024,10:14:14,0.3,0.25,40360,0.3,44960,600,64720
FINNIFTY02JAN2420350PE.NFO,02/01/2024,10:14:24,0.25,0.25,40040,0.3,48240,320,64720
FINNIFTY02JAN2420350PE.NFO,02/01/2024,10:14:34,0.25,0.25,39760,0.3,46520,280,64720
FINNIFTY02JAN2420350PE.NFO,02/01/2024,10:14:45,0.25,0.25,39360,0.3,46520,400,67160
FINNIFTY02JAN2420350PE.NFO,02/01/2024,10:14:55,0.25,0.25,39120,0.3,48000,560,67160
FINNIFTY02JAN2420350PE.NFO,02/01/2024,10:15:04,0.3,0.25,57120,0.3,47640,360,67160
FINNIFTY02JAN2420350PE.NFO,02/01/2024,10:15:14,0.3,0.25,62520,0.3,47640,0,67160
FINNIFTY02JAN2420350PE.NFO,02/01/2024,10:15:24,0.25,0.25,65920,0.3,47640,200,67160
FINNIFTY02JAN2420350PE.NFO,02/01/2024,10:15:34,0.25,0.25,42440,0.3,47640,80,67160
FINNIFTY02JAN2420350PE.NFO,02/01/2024,10:15:44,0.3,0.25,42440,0.3,47360,280,67160
FINNIFTY02JAN2420350PE.NFO,02/01/2024,10:16:13,0.3,0.25,42360,0.3,47160,280,67160
FINNIFTY02JAN2420350PE.NFO,02/01/2024,10:16:24,0.25,0.25,49160,0.3,47160,880,67160
FINNIFTY02JAN2420350PE.NFO,02/01/2024,10:16:43,0.25,0.25,50960,0.3,45360,0,67160
FINNIFTY02JAN2420350PE.NFO,02/01/2024,10:16:52,0.25,0.25,59680,0.3,45360,760,67160
FINNIFTY02JAN2420350PE.NFO,02/01/2024,10:17:02,0.25,0.25,59680,0.3,45360,0,67160
FINNIFTY02JAN2420350PE.NFO,02/01/2024,10:17:12,0.3,0.25,59680,0.3,45120,240,67160
FINNIFTY02JAN2420350PE.NFO,02/01/2024,10:17:22,0.3,0.25,59680,0.3,44800,320,67160
FINNIFTY02JAN2420350PE.NFO,02/01/2024,10:17:32,0.3,0.25,59680,0.3,44560,240,67160
FINNIFTY02JAN2420350PE.NFO,02/01/2024,10:17:42,0.3,0.25,59680,0.3,44120,440,67160
FINNIFTY02JAN2420350PE.NFO,02/01/2024,10:17:51,0.25,0.25,59400,0.3,45920,280,66560
FINNIFTY02JAN2420350PE.NFO,02/01/2024,10:18:20,0.25,0.25,58760,0.3,45920,640,66560
FINNIFTY02JAN2420350PE.NFO,02/01/2024,10:18:30,0.25,0.25,58760,0.3,45560,0,66560
FINNIFTY02JAN2420350PE.NFO,02/01/2024,10:18:39,0.25,0.25,58760,0.3,46160,0,66560
FINNIFTY02JAN2420350PE.NFO,02/01/2024,10:18:58,0.25,0.25,58760,0.3,48000,0,66560
FINNIFTY02JAN2420350PE.NFO,02/01/2024,10:19:55,0.25,0.25,58720,0.3,48000,40,66560
FINNIFTY02JAN2420350PE.NFO,02/01/2024,10:20:24,0.25,0.25,56920,0.3,48000,1800,66560
FINNIFTY02JAN2420350PE.NFO,02/01/2024,10:21:42,0.25,0.25,49800,0.3,39440,160,63880
FINNIFTY02JAN2420350PE.NFO,02/01/2024,10:21:52,0.25,0.25,49680,0.3,37560,160,63880
FINNIFTY02JAN2420350PE.NFO,02/01/2024,10:22:01,0.25,0.25,49680,0.3,39720,0,63880
FINNIFTY02JAN2420350PE.NFO,02/01/2024,10:22:11,0.25,0.25,49560,0.3,39400,120,63880
FINNIFTY02JAN2420350PE.NFO,02/01/2024,10:22:21,0.25,0.25,49520,0.3,37560,40,63880
FINNIFTY02JAN2420350PE.NFO,02/01/2024,10:22:41,0.3,0.25,51320,0.3,36280,1280,63880
FINNIFTY02JAN2420350PE.NFO,02/01/2024,10:22:51,0.3,0.25,49520,0.3,36320,0,63880
FINNIFTY02JAN2420350PE.NFO,02/01/2024,10:23:11,0.3,0.25,49520,0.3,36280,0,63880
FINNIFTY02JAN2420350PE.NFO,02/01/2024,10:23:21,0.3,0.25,49520,0.3,36280,40,63880
FINNIFTY02JAN2420350PE.NFO,02/01/2024,10:23:31,0.3,0.25,49120,0.3,37880,600,63880
FINNIFTY02JAN2420350PE.NFO,02/01/2024,10:23:41,0.3,0.25,49120,0.3,37760,120,63880
FINNIFTY02JAN2420350PE.NFO,02/01/2024,10:23:52,0.3,0.25,49120,0.3,37720,0,63880
FINNIFTY02JAN2420350PE.NFO,02/01/2024,10:24:02,0.25,0.25,49000,0.3,37720,920,64720
FINNIFTY02JAN2420350PE.NFO,02/01/2024,10:24:12,0.3,0.25,49000,0.3,37720,40,64720
FINNIFTY02JAN2420350PE.NFO,02/01/2024,10:24:22,0.3,0.25,48880,0.3,37640,160,64720
FINNIFTY02JAN2420350PE.NFO,02/01/2024,10:24:32,0.3,0.25,48880,0.3,37640,0,64720
FINNIFTY02JAN2420350PE.NFO,02/01/2024,10:24:42,0.25,0.25,48680,0.3,37680,200,64720
FINNIFTY02JAN2420350PE.NFO,02/01/2024,10:24:52,0.25,0.25,48680,0.3,37640,0,64720
FINNIFTY02JAN2420350PE.NFO,02/01/2024,10:25:04,0.3,0.25,50480,0.3,28040,9600,64720
FINNIFTY02JAN2420350PE.NFO,02/01/2024,10:25:15,0.3,0.25,50480,0.3,26320,1800,64720
FINNIFTY02JAN2420350PE.NFO,02/01/2024,10:25:26,0.3,0.25,48680,0.3,26280,40,64720
FINNIFTY02JAN2420350PE.NFO,02/01/2024,10:25:36,0.3,0.25,48680,0.3,25440,1800,64720
FINNIFTY02JAN2420350PE.NFO,02/01/2024,10:25:47,0.3,0.25,48680,0.3,25440,0,64720
FINNIFTY02JAN2420350PE.NFO,02/01/2024,10:25:57,0.3,0.25,50480,0.3,24000,1840,64720
FINNIFTY02JAN2420350PE.NFO,02/01/2024,10:27:05,0.25,0.25,48200,0.3,23680,480,78800
FINNIFTY02JAN2420350PE.NFO,02/01/2024,10:27:16,0.25,0.25,47720,0.3,23680,480,78800
FINNIFTY02JAN2420350PE.NFO,02/01/2024,10:27:58,0.25,0.25,48520,0.3,21880,0,78800
FINNIFTY02JAN2420350PE.NFO,02/01/2024,10:28:08,0.3,0.25,50320,0.3,19160,6400,78800
FINNIFTY02JAN2420350PE.NFO,02/01/2024,10:28:29,0.3,0.25,50320,0.3,18960,200,78800
FINNIFTY02JAN2420350PE.NFO,02/01/2024,10:28:48,0.3,0.25,50320,0.3,18920,40,78800
FINNIFTY02JAN2420350PE.NFO,02/01/2024,10:29:18,0.3,0.25,48520,0.3,20520,0,78800
FINNIFTY02JAN2420350PE.NFO,02/01/2024,10:29:28,0.3,0.25,50320,0.3,18680,40,78800
FINNIFTY02JAN2420350PE.NFO,02/01/2024,10:29:49,0.3,0.25,49920,0.3,19920,1000,81720
FINNIFTY02JAN2420350PE.NFO,02/01/2024,10:30:11,0.3,0.25,49920,0.3,14800,8480,81720
FINNIFTY02JAN2420350PE.NFO,02/01/2024,10:30:22,0.3,0.25,48120,0.3,20400,1480,81720
FINNIFTY02JAN2420350PE.NFO,02/01/2024,10:30:34,0.3,0.25,49920,0.3,20600,120,81720
FINNIFTY02JAN2420350PE.NFO,02/01/2024,10:30:44,0.3,0.25,48120,0.3,20560,40,81720
FINNIFTY02JAN2420350PE.NFO,02/01/2024,10:30:54,0.25,0.25,49120,0.3,19320,2040,81720
FINNIFTY02JAN2420350PE.NFO,02/01/2024,10:31:04,0.3,0.25,49120,0.3,18000,1000,81720
FINNIFTY02JAN2420350PE.NFO,02/01/2024,10:31:14,0.3,0.25,49120,0.3,17960,40,81720
FINNIFTY02JAN2420350PE.NFO,02/01/2024,10:31:33,0.3,0.25,49920,0.3,19720,40,81720
FINNIFTY02JAN2420350PE.NFO,02/01/2024,10:31:44,0.3,0.25,49920,0.3,18040,200,81720
FINNIFTY02JAN2420350PE.NFO,02/01/2024,10:31:55,0.3,0.25,49920,0.3,17360,360,81720
FINNIFTY02JAN2420350PE.NFO,02/01/2024,10:32:06,0.3,0.25,49920,0.3,17280,80,81720
FINNIFTY02JAN2420350PE.NFO,02/01/2024,10:32:56,0.25,0.25,49520,0.3,17280,400,88400
FINNIFTY02JAN2420350PE.NFO,02/01/2024,10:33:25,0.25,0.25,49120,0.3,19040,440,88400
FINNIFTY02JAN2420350PE.NFO,02/01/2024,10:33:44,0.25,0.25,48960,0.3,19200,160,88400
FINNIFTY02JAN2420350PE.NFO,02/01/2024,10:34:24,0.25,0.25,50840,0.3,19440,880,88400
FINNIFTY02JAN2420350PE.NFO,02/01/2024,10:34:34,0.25,0.25,50840,0.3,19440,0,88400
FINNIFTY02JAN2420350PE.NFO,02/01/2024,10:34:43,0.25,0.25,51240,0.3,19440,0,88400
FINNIFTY02JAN2420350PE.NFO,02/01/2024,10:36:25,0.25,0.25,51240,0.3,14040,0,88400
FINNIFTY02JAN2420350PE.NFO,02/01/2024,10:36:38,0.25,0.25,50360,0.3,12240,880,86560
FINNIFTY02JAN2420350PE.NFO,02/01/2024,10:36:50,0.25,0.25,50200,0.3,12560,1120,86560
FINNIFTY02JAN2420350PE.NFO,02/01/2024,10:37:25,0.25,0.25,50120,0.3,13960,1120,86560
FINNIFTY02JAN2420350PE.NFO,02/01/2024,10:37:47,0.3,0.25,50120,0.3,13080,880,86560
FINNIFTY02JAN2420350PE.NFO,02/01/2024,10:37:57,0.3,0.25,51920,0.3,13080,0,86560
FINNIFTY02JAN2420350PE.NFO,02/01/2024,10:38:07,0.25,0.25,51840,0.3,11480,80,86560
FINNIFTY02JAN2420350PE.NFO,02/01/2024,10:38:27,0.25,0.25,51800,0.3,11240,280,86560
FINNIFTY02JAN2420350PE.NFO,02/01/2024,10:38:37,0.25,0.25,54040,0.3,11280,520,86560
FINNIFTY02JAN2420350PE.NFO,02/01/2024,10:38:47,0.25,0.25,52040,0.3,11280,200,84760
FINNIFTY02JAN2420350PE.NFO,02/01/2024,10:38:58,0.25,0.25,51960,0.3,11280,80,84760
FINNIFTY02JAN2420350PE.NFO,02/01/2024,10:39:33,0.3,0.25,50160,0.3,11240,40,84760
FINNIFTY02JAN2420350PE.NFO,02/01/2024,10:40:06,0.3,0.25,48960,0.3,10000,1240,84760
FINNIFTY02JAN2420350PE.NFO,02/01/2024,10:40:59,0.25,0.25,48560,0.3,10000,400,84760
FINNIFTY02JAN2420350PE.NFO,02/01/2024,10:41:52,0.25,0.25,49640,0.3,8400,480,85400
FINNIFTY02JAN2420350PE.NFO,02/01/2024,10:42:03,0.3,0.25,49360,0.3,11040,320,85400
FINNIFTY02JAN2420350PE.NFO,02/01/2024,10:42:14,0.25,0.25,49120,0.3,9840,240,85400
FINNIFTY02JAN2420350PE.NFO,02/01/2024,10:42:24,0.3,0.25,48720,0.3,9440,400,85400
FINNIFTY02JAN2420350PE.NFO,02/01/2024,10:42:35,0.25,0.25,48640,0.3,9440,80,85400
FINNIFTY02JAN2420350PE.NFO,02/01/2024,10:42:45,0.25,0.25,48480,0.3,11240,160,85400
FINNIFTY02JAN2420350PE.NFO,02/01/2024,10:42:56,0.25,0.25,35200,0.3,13880,240,85400
FINNIFTY02JAN2420350PE.NFO,02/01/2024,10:43:07,0.25,0.25,34520,0.3,13840,680,85400
FINNIFTY02JAN2420350PE.NFO,02/01/2024,10:43:17,0.3,0.25,34320,0.3,12040,440,85400
FINNIFTY02JAN2420350PE.NFO,02/01/2024,10:43:28,0.25,0.25,41360,0.3,7360,160,85400
FINNIFTY02JAN2420350PE.NFO,02/01/2024,10:43:39,0.25,0.25,41320,0.3,7360,40,85400
FINNIFTY02JAN2420350PE.NFO,02/01/2024,10:43:49,0.25,0.25,41160,0.3,7360,160,85400
FINNIFTY02JAN2420350PE.NFO,02/01/2024,10:43:59,0.25,0.25,42000,0.3,7400,120,85400
FINNIFTY02JAN2420350PE.NFO,02/01/2024,10:44:10,0.25,0.25,41720,0.3,9200,280,85400
FINNIFTY02JAN2420350PE.NFO,02/01/2024,10:44:20,0.25,0.25,34360,0.3,12600,360,85400
FINNIFTY02JAN2420350PE.NFO,02/01/2024,10:44:30,0.25,0.25,34120,0.3,13560,440,85400
FINNIFTY02JAN2420350PE.NFO,02/01/2024,10:44:40,0.25,0.25,34760,0.3,14480,560,83040
FINNIFTY02JAN2420350PE.NFO,02/01/2024,10:44:51,0.25,0.25,39840,0.3,14200,320,83040
FINNIFTY02JAN2420350PE.NFO,02/01/2024,10:45:01,0.25,0.25,39600,0.3,14680,240,83040
FINNIFTY02JAN2420350PE.NFO,02/01/2024,10:45:12,0.25,0.25,40240,0.3,14720,320,83040
FINNIFTY02JAN2420350PE.NFO,02/01/2024,10:45:22,0.25,0.25,40080,0.3,14720,160,83040
FINNIFTY02JAN2420350PE.NFO,02/01/2024,10:45:32,0.25,0.25,39920,0.3,14720,160,83040
FINNIFTY02JAN2420350PE.NFO,02/01/2024,10:45:42,0.25,0.25,39680,0.3,14720,240,83040
FINNIFTY02JAN2420350PE.NFO,02/01/2024,10:45:52,0.25,0.25,39600,0.3,14720,80,83040
FINNIFTY02JAN2420350PE.NFO,02/01/2024,10:46:02,0.25,0.25,39520,0.3,14720,80,83040
FINNIFTY02JAN2420350PE.NFO,02/01/2024,10:46:12,0.25,0.25,39400,0.3,14720,120,83040
FINNIFTY02JAN2420350PE.NFO,02/01/2024,10:46:22,0.25,0.25,39360,0.3,14720,40,83040
FINNIFTY02JAN2420350PE.NFO,02/01/2024,10:46:31,0.25,0.25,40280,0.3,14760,40,83040
FINNIFTY02JAN2420350PE.NFO,02/01/2024,10:46:41,0.25,0.25,40200,0.3,15200,680,83040
FINNIFTY02JAN2420350PE.NFO,02/01/2024,10:46:51,0.3,0.25,40040,0.3,14640,1000,83040
FINNIFTY02JAN2420350PE.NFO,02/01/2024,10:47:02,0.25,0.25,39880,0.3,14640,160,83040
FINNIFTY02JAN2420350PE.NFO,02/01/2024,10:47:12,0.25,0.25,39800,0.3,15880,280,83040
FINNIFTY02JAN2420350PE.NFO,02/01/2024,10:47:22,0.25,0.25,39800,0.3,16480,0,83040
FINNIFTY02JAN2420350PE.NFO,02/01/2024,10:48:53,0.25,0.25,39560,0.3,16480,240,81080
FINNIFTY02JAN2420350PE.NFO,02/01/2024,10:49:14,0.25,0.25,40280,0.3,15880,880,81080
FINNIFTY02JAN2420350PE.NFO,02/01/2024,10:49:25,0.25,0.25,47240,0.3,9280,1840,81080
FINNIFTY02JAN2420350PE.NFO,02/01/2024,10:49:45,0.25,0.25,47240,0.3,11880,0,81080
FINNIFTY02JAN2420350PE.NFO,02/01/2024,10:50:48,0.25,0.25,47240,0.3,14480,0,81080
FINNIFTY02JAN2420350PE.NFO,02/01/2024,10:51:07,0.25,0.25,47040,0.3,14480,200,81960
FINNIFTY02JAN2420350PE.NFO,02/01/2024,10:51:18,0.25,0.25,46560,0.3,14480,480,81960
FINNIFTY02JAN2420350PE.NFO,02/01/2024,10:51:37,0.25,0.25,50920,0.3,14680,200,81960
FINNIFTY02JAN2420350PE.NFO,02/01/2024,10:51:47,0.25,0.25,50720,0.3,14680,200,81960
FINNIFTY02JAN2420350PE.NFO,02/01/2024,10:51:57,0.25,0.25,50440,0.3,14680,280,81960
FINNIFTY02JAN2420350PE.NFO,02/01/2024,10:52:06,0.3,0.25,50440,0.3,14280,400,81960
FINNIFTY02JAN2420350PE.NFO,02/01/2024,10:52:36,0.3,0.25,39640,0.3,16000,120,81960
FINNIFTY02JAN2420350PE.NFO,02/01/2024,10:52:55,0.3,0.25,39640,0.3,14160,0,81960
FINNIFTY02JAN2420350PE.NFO,02/01/2024,10:53:15,0.3,0.25,39640,0.3,14000,160,81960
FINNIFTY02JAN2420350PE.NFO,02/01/2024,10:53:24,0.3,0.25,39640,0.3,15600,0,81960
FINNIFTY02JAN2420350PE.NFO,02/01/2024,10:54:12,0.3,0.25,39640,0.3,16600,0,81960
FINNIFTY02JAN2420350PE.NFO,02/01/2024,10:54:31,0.3,0.25,39640,0.3,16360,240,82560
FINNIFTY02JAN2420350PE.NFO,02/01/2024,10:54:50,0.3,0.25,39960,0.3,17120,1800,82560
FINNIFTY02JAN2420350PE.NFO,02/01/2024,10:54:59,0.3,0.25,39960,0.3,17200,0,82560
FINNIFTY02JAN2420350PE.NFO,02/01/2024,10:55:37,0.3,0.25,39960,0.3,17760,240,82560
FINNIFTY02JAN2420350PE.NFO,02/01/2024,10:55:55,0.3,0.25,39960,0.3,15720,0,82560
FINNIFTY02JAN2420350PE.NFO,02/01/2024,10:56:05,0.3,0.25,39960,0.3,19680,1600,82560
FINNIFTY02JAN2420350PE.NFO,02/01/2024,10:56:14,0.3,0.25,39960,0.3,21840,1600,82560
FINNIFTY02JAN2420350PE.NFO,02/01/2024,10:56:23,0.25,0.25,39600,0.3,21840,360,82560
FINNIFTY02JAN2420350PE.NFO,02/01/2024,10:56:33,0.3,0.25,39600,0.3,21640,200,82560
FINNIFTY02JAN2420350PE.NFO,02/01/2024,10:56:52,0.25,0.25,39800,0.3,19840,680,83800
FINNIFTY02JAN2420350PE.NFO,02/01/2024,10:57:02,0.3,0.25,39800,0.3,19720,120,83800
FINNIFTY02JAN2420350PE.NFO,02/01/2024,10:57:51,0.3,0.25,39800,0.3,19480,240,83800
FINNIFTY02JAN2420350PE.NFO,02/01/2024,10:58:01,0.3,0.25,40120,0.3,21320,520,83800
FINNIFTY02JAN2420350PE.NFO,02/01/2024,10:58:11,0.3,0.25,40120,0.3,21120,200,83800
FINNIFTY02JAN2420350PE.NFO,02/01/2024,10:59:37,0.25,0.25,40080,0.3,20800,40,83800
FINNIFTY02JAN2420350PE.NFO,02/01/2024,10:59:57,0.25,0.25,38880,0.3,20800,1200,83880
FINNIFTY02JAN2420350PE.NFO,02/01/2024,11:00:07,0.3,0.25,41040,0.3,22560,40,83880
FINNIFTY02JAN2420350PE.NFO,02/01/2024,11:00:16,0.3,0.25,39600,0.3,20760,0,83880
FINNIFTY02JAN2420350PE.NFO,02/01/2024,11:00:36,0.25,0.25,39400,0.3,22880,200,83880
FINNIFTY02JAN2420350PE.NFO,02/01/2024,11:00:45,0.3,0.25,39400,0.3,23240,40,83880
FINNIFTY02JAN2420350PE.NFO,02/01/2024,11:01:14,0.3,0.25,39400,0.3,21920,0,83880
FINNIFTY02JAN2420350PE.NFO,02/01/2024,11:01:23,0.3,0.25,34000,0.3,23680,40,83880
FINNIFTY02JAN2420350PE.NFO,02/01/2024,11:02:02,0.3,0.25,33200,0.3,21880,0,83880
FINNIFTY02JAN2420350PE.NFO,02/01/2024,11:02:21,0.3,0.25,33200,0.3,24240,0,83880
FINNIFTY02JAN2420350PE.NFO,02/01/2024,11:02:49,0.3,0.25,33200,0.3,24200,0,83880
FINNIFTY02JAN2420350PE.NFO,02/01/2024,11:03:17,0.3,0.25,33200,0.3,26400,0,83880
FINNIFTY02JAN2420350PE.NFO,02/01/2024,11:03:27,0.25,0.25,33080,0.3,24600,120,83800
FINNIFTY02JAN2420350PE.NFO,02/01/2024,11:03:45,0.25,0.25,33080,0.3,23800,0,83800
FINNIFTY02JAN2420350PE.NFO,02/01/2024,11:04:32,0.25,0.25,33080,0.3,24320,0,83800
FINNIFTY02JAN2420350PE.NFO,02/01/2024,11:04:59,0.25,0.25,33040,0.3,24320,40,83800
FINNIFTY02JAN2420350PE.NFO,02/01/2024,11:07:02,0.25,0.25,33040,0.3,22000,0,83800
FINNIFTY02JAN2420350PE.NFO,02/01/2024,11:07:21,0.3,0.25,33040,0.3,23400,400,83640
FINNIFTY02JAN2420350PE.NFO,02/01/2024,11:07:39,0.3,0.25,33040,0.3,23000,400,83640
FINNIFTY02JAN2420350PE.NFO,02/01/2024,11:07:57,0.25,0.25,33000,0.3,23000,40,83640
FINNIFTY02JAN2420350PE.NFO,02/01/2024,11:09:58,0.25,0.25,42000,0.3,19520,0,83640
FINNIFTY02JAN2420350PE.NFO,02/01/2024,11:10:08,0.25,0.25,40920,0.3,13800,16880,84400
FINNIFTY02JAN2420350PE.NFO,02/01/2024,11:10:17,0.25,0.25,42360,0.3,9560,40,84400
FINNIFTY02JAN2420350PE.NFO,02/01/2024,11:10:26,0.25,0.25,42240,0.3,9560,80,84400
FINNIFTY02JAN2420350PE.NFO,02/01/2024,11:10:44,0.25,0.25,44040,0.3,9080,0,84400
FINNIFTY02JAN2420350PE.NFO,02/01/2024,11:10:54,0.3,0.2,101160,0.3,20160,59760,84400
FINNIFTY02JAN2420350PE.NFO,02/01/2024,11:11:03,0.3,0.25,11560,0.3,26840,6560,84400
FINNIFTY02JAN2420350PE.NFO,02/01/2024,11:11:12,0.3,0.25,11240,0.3,24520,0,84400
FINNIFTY02JAN2420350PE.NFO,02/01/2024,11:11:21,0.3,0.25,38480,0.3,24520,0,84400
FINNIFTY02JAN2420350PE.NFO,02/01/2024,11:11:31,0.3,0.25,39080,0.3,23920,600,84400
FINNIFTY02JAN2420350PE.NFO,02/01/2024,11:11:48,0.25,0.25,35280,0.3,27040,6000,84040
FINNIFTY02JAN2420350PE.NFO,02/01/2024,11:12:07,0.3,0.25,33480,0.3,22480,200,84040
FINNIFTY02JAN2420350PE.NFO,02/01/2024,11:12:16,0.3,0.25,43880,0.3,32240,400,84040
FINNIFTY02JAN2420350PE.NFO,02/01/2024,11:12:34,0.3,0.25,43880,0.3,39360,0,84040
FINNIFTY02JAN2420350PE.NFO,02/01/2024,11:12:43,0.3,0.25,44320,0.3,35040,0,84040
FINNIFTY02JAN2420350PE.NFO,02/01/2024,11:12:52,0.3,0.25,44320,0.3,34560,480,84040
FINNIFTY02JAN2420350PE.NFO,02/01/2024,11:13:01,0.3,0.25,54600,0.3,35960,8640,84040
FINNIFTY02JAN2420350PE.NFO,02/01/2024,11:13:11,0.3,0.25,70480,0.3,37880,13040,84040
FINNIFTY02JAN2420350PE.NFO,02/01/2024,11:13:20,0.3,0.25,70440,0.3,37680,200,84040
FINNIFTY02JAN2420350PE.NFO,02/01/2024,11:13:30,0.3,0.25,70040,0.3,22760,0,84040
FINNIFTY02JAN2420350PE.NFO,02/01/2024,11:13:41,0.3,0.25,69160,0.3,20440,6800,84040
FINNIFTY02JAN2420350PE.NFO,02/01/2024,11:13:51,0.3,0.25,69160,0.3,32800,0,84040
FINNIFTY02JAN2420350PE.NFO,02/01/2024,11:14:00,0.3,0.25,69120,0.3,32800,0,84040
FINNIFTY02JAN2420350PE.NFO,02/01/2024,11:14:19,0.3,0.25,74360,0.3,12800,20000,84040
FINNIFTY02JAN2420350PE.NFO,02/01/2024,11:14:38,0.3,0.25,74320,0.3,16000,0,84040
FINNIFTY02JAN2420350PE.NFO,02/01/2024,11:15:07,0.25,0.25,69280,0.3,9000,80,99040
FINNIFTY02JAN2420350PE.NFO,02/01/2024,11:15:17,0.3,0.3,38080,0.35,32800,6960,99040
FINNIFTY02JAN2420350PE.NFO,02/01/2024,11:15:27,0.3,0.3,43280,0.35,42120,15920,99040
FINNIFTY02JAN2420350PE.NFO,02/01/2024,11:15:37,0.3,0.3,43160,0.35,41800,440,99040
FINNIFTY02JAN2420350PE.NFO,02/01/2024,11:15:48,0.3,0.3,29120,0.35,19560,33720,99040
FINNIFTY02JAN2420350PE.NFO,02/01/2024,11:15:58,0.4,0.35,56160,0.4,35200,35760,99040
FINNIFTY02JAN2420350PE.NFO,02/01/2024,11:16:08,0.4,0.35,38120,0.4,34800,0,99040
FINNIFTY02JAN2420350PE.NFO,02/01/2024,11:16:18,0.4,0.35,38120,0.4,35120,0,99040
FINNIFTY02JAN2420350PE.NFO,02/01/2024,11:16:37,0.4,0.35,41120,0.4,31120,4160,99040
FINNIFTY02JAN2420350PE.NFO,02/01/2024,11:16:46,0.35,0.35,38080,0.4,34640,16040,99040
FINNIFTY02JAN2420350PE.NFO,02/01/2024,11:16:56,0.35,0.35,39800,0.4,34640,80,99040
FINNIFTY02JAN2420350PE.NFO,02/01/2024,11:17:05,0.35,0.35,39800,0.4,34640,0,99040
FINNIFTY02JAN2420350PE.NFO,02/01/2024,11:17:34,0.35,0.35,39760,0.4,34640,40,99040
FINNIFTY02JAN2420350PE.NFO,02/01/2024,11:17:53,0.35,0.35,38720,0.4,35800,4400,123000
FINNIFTY02JAN2420350PE.NFO,02/01/2024,11:18:11,0.4,0.35,38720,0.4,35720,80,123000
FINNIFTY02JAN2420350PE.NFO,02/01/2024,11:18:30,0.35,0.35,36280,0.4,35720,1120,123000
FINNIFTY02JAN2420350PE.NFO,02/01/2024,11:18:40,0.35,0.35,36280,0.4,35800,0,123000
FINNIFTY02JAN2420350PE.NFO,02/01/2024,11:18:49,0.35,0.35,36960,0.4,35800,120,123000
FINNIFTY02JAN2420350PE.NFO,02/01/2024,11:18:58,0.35,0.35,30160,0.4,21880,19800,123000
FINNIFTY02JAN2420350PE.NFO,02/01/2024,11:19:07,0.35,0.35,20880,0.4,21880,10360,123000
FINNIFTY02JAN2420350PE.NFO,02/01/2024,11:19:16,0.35,0.35,21360,0.4,21880,0,123000
FINNIFTY02JAN2420350PE.NFO,02/01/2024,11:19:34,0.35,0.35,16040,0.4,21920,5320,123000
FINNIFTY02JAN2420350PE.NFO,02/01/2024,11:19:43,0.35,0.35,15960,0.4,21880,80,123000
FINNIFTY02JAN2420350PE.NFO,02/01/2024,11:19:52,0.3,0.3,23200,0.35,34560,22160,123000
FINNIFTY02JAN2420350PE.NFO,02/01/2024,11:20:01,0.3,0.3,23320,0.35,34880,80,123000
FINNIFTY02JAN2420350PE.NFO,02/01/2024,11:20:10,0.3,0.3,13840,0.35,34880,240,123000
FINNIFTY02JAN2420350PE.NFO,02/01/2024,11:20:19,0.35,0.3,13840,0.35,34520,360,123000
FINNIFTY02JAN2420350PE.NFO,02/01/2024,11:20:28,0.35,0.3,13840,0.35,34520,0,123000
FINNIFTY02JAN2420350PE.NFO,02/01/2024,11:20:46,0.35,0.3,13840,0.35,35240,240,123000
FINNIFTY02JAN2420350PE.NFO,02/01/2024,11:20:56,0.35,0.3,13840,0.35,35040,200,139600
FINNIFTY02JAN2420350PE.NFO,02/01/2024,11:21:15,0.3,0.3,14000,0.35,35280,40,139600
FINNIFTY02JAN2420350PE.NFO,02/01/2024,11:21:24,0.35,0.3,14160,0.35,29960,480,139600
FINNIFTY02JAN2420350PE.NFO,02/01/2024,11:22:02,0.35,0.3,14160,0.35,33440,0,139600
FINNIFTY02JAN2420350PE.NFO,02/01/2024,11:22:50,0.35,0.3,14120,0.35,33440,0,139600
FINNIFTY02JAN2420350PE.NFO,02/01/2024,11:22:59,0.3,0.3,13920,0.35,33440,200,139600
FINNIFTY02JAN2420350PE.NFO,02/01/2024,11:23:09,0.3,0.3,13960,0.35,33440,0,139600
FINNIFTY02JAN2420350PE.NFO,02/01/2024,11:23:27,0.3,0.3,12120,0.35,33440,0,139600
FINNIFTY02JAN2420350PE.NFO,02/01/2024,11:24:13,0.3,0.3,11960,0.35,33440,200,139120
FINNIFTY02JAN2420350PE.NFO,02/01/2024,11:24:22,0.3,0.3,13760,0.35,33440,0,139120
FINNIFTY02JAN2420350PE.NFO,02/01/2024,11:24:40,0.3,0.3,11920,0.35,33440,0,139120
FINNIFTY02JAN2420350PE.NFO,02/01/2024,11:24:58,0.35,0.3,11720,0.35,33040,600,139120
FINNIFTY02JAN2420350PE.NFO,02/01/2024,11:25:08,0.35,0.3,11720,0.35,33040,0,139120
FINNIFTY02JAN2420350PE.NFO,02/01/2024,11:25:26,0.3,0.3,11520,0.35,33040,200,139120
FINNIFTY02JAN2420350PE.NFO,02/01/2024,11:25:36,0.3,0.3,11520,0.35,33040,0,139120
FINNIFTY02JAN2420350PE.NFO,02/01/2024,11:26:04,0.3,0.3,11560,0.35,33040,0,139120
FINNIFTY02JAN2420350PE.NFO,02/01/2024,11:26:13,0.3,0.3,12840,0.35,32800,520,139120
FINNIFTY02JAN2420350PE.NFO,02/01/2024,11:26:22,0.3,0.3,12640,0.35,32800,200,139120
FINNIFTY02JAN2420350PE.NFO,02/01/2024,11:26:31,0.3,0.3,12640,0.35,32800,0,139120
FINNIFTY02JAN2420350PE.NFO,02/01/2024,11:26:50,0.3,0.3,10840,0.35,33040,0,139120
FINNIFTY02JAN2420350PE.NFO,02/01/2024,11:26:59,0.3,0.3,10800,0.35,33040,0,139120
FINNIFTY02JAN2420350PE.NFO,02/01/2024,11:27:27,0.35,0.3,10800,0.35,32680,360,140440
FINNIFTY02JAN2420350PE.NFO,02/01/2024,11:27:36,0.3,0.3,7360,0.35,37120,3720,140440
FINNIFTY02JAN2420350PE.NFO,02/01/2024,11:27:45,0.3,0.3,8000,0.35,37120,760,140440
FINNIFTY02JAN2420350PE.NFO,02/01/2024,11:27:55,0.3,0.3,7960,0.35,37120,40,140440
FINNIFTY02JAN2420350PE.NFO,02/01/2024,11:28:04,0.35,0.3,12440,0.35,39760,6400,140440
FINNIFTY02JAN2420350PE.NFO,02/01/2024,11:28:13,0.3,0.3,12240,0.35,40160,200,140440
FINNIFTY02JAN2420350PE.NFO,02/01/2024,11:28:22,0.3,0.3,12000,0.35,40160,240,140440
FINNIFTY02JAN2420350PE.NFO,02/01/2024,11:28:40,0.3,0.3,11960,0.35,40160,40,140440
FINNIFTY02JAN2420350PE.NFO,02/01/2024,11:29:16,0.35,0.3,12520,0.35,39680,80,140440
FINNIFTY02JAN2420350PE.NFO,02/01/2024,11:29:26,0.35,0.3,12520,0.35,39600,80,140440
FINNIFTY02JAN2420350PE.NFO,02/01/2024,11:29:35,0.3,0.3,12480,0.35,39600,40,140440
FINNIFTY02JAN2420350PE.NFO,02/01/2024,11:29:53,0.35,0.3,12480,0.35,39480,120,141360
FINNIFTY02JAN2420350PE.NFO,02/01/2024,11:30:11,0.3,0.3,11480,0.35,39480,1000,141360
FINNIFTY02JAN2420350PE.NFO,02/01/2024,11:30:29,0.3,0.3,12560,0.35,39480,0,141360
FINNIFTY02JAN2420350PE.NFO,02/01/2024,11:30:47,0.3,0.3,12560,0.35,39560,0,141360
FINNIFTY02JAN2420350PE.NFO,02/01/2024,11:31:05,0.3,0.3,12480,0.35,39560,80,141360
FINNIFTY02JAN2420350PE.NFO,02/01/2024,11:31:14,0.3,0.3,12520,0.35,39520,0,141360
FINNIFTY02JAN2420350PE.NFO,02/01/2024,11:31:59,0.3,0.3,12120,0.35,39520,400,141360
FINNIFTY02JAN2420350PE.NFO,02/01/2024,11:32:08,0.3,0.3,11920,0.35,39520,200,141360
FINNIFTY02JAN2420350PE.NFO,02/01/2024,11:32:27,0.3,0.3,12320,0.35,39560,240,141360
FINNIFTY02JAN2420350PE.NFO,02/01/2024,11:32:36,0.3,0.3,12120,0.35,39560,200,141360
FINNIFTY02JAN2420350PE.NFO,02/01/2024,11:33:03,0.3,0.3,12120,0.35,39560,0,141360
FINNIFTY02JAN2420350PE.NFO,02/01/2024,11:33:12,0.35,0.3,12120,0.35,39480,80,142360
FINNIFTY02JAN2420350PE.NFO,02/01/2024,11:33:30,0.3,0.3,11920,0.35,39480,200,142360
FINNIFTY02JAN2420350PE.NFO,02/01/2024,11:33:39,0.3,0.3,12080,0.35,39880,240,142360
FINNIFTY02JAN2420350PE.NFO,02/01/2024,11:33:56,0.3,0.3,10280,0.35,39880,4000,142360
FINNIFTY02JAN2420350PE.NFO,02/01/2024,11:34:05,0.3,0.3,10080,0.35,39880,200,142360
FINNIFTY02JAN2420350PE.NFO,02/01/2024,11:34:14,0.3,0.3,10080,0.35,39880,0,142360
FINNIFTY02JAN2420350PE.NFO,02/01/2024,11:34:22,0.3,0.3,9880,0.35,39880,200,142360
FINNIFTY02JAN2420350PE.NFO,02/01/2024,11:34:32,0.3,0.3,9640,0.35,39880,240,142360
FINNIFTY02JAN2420350PE.NFO,02/01/2024,11:34:42,0.3,0.3,9440,0.35,39880,200,142360
FINNIFTY02JAN2420350PE.NFO,02/01/2024,11:35:18,0.3,0.3,9240,0.35,39880,200,142360
FINNIFTY02JAN2420350PE.NFO,02/01/2024,11:35:36,0.3,0.3,10720,0.35,39880,280,142360
FINNIFTY02JAN2420350PE.NFO,02/01/2024,11:35:53,0.35,0.3,10720,0.35,39840,40,142360
FINNIFTY02JAN2420350PE.NFO,02/01/2024,11:36:02,0.35,0.3,10760,0.35,40760,40,144120
FINNIFTY02JAN2420350PE.NFO,02/01/2024,11:36:21,0.35,0.3,10560,0.35,40680,280,144120
FINNIFTY02JAN2420350PE.NFO,02/01/2024,11:36:30,0.3,0.3,10360,0.35,40680,200,144120
FINNIFTY02JAN2420350PE.NFO,02/01/2024,11:36:39,0.3,0.3,10120,0.35,40680,240,144120
FINNIFTY02JAN2420350PE.NFO,02/01/2024,11:37:08,0.3,0.3,10120,0.35,40800,0,144120
FINNIFTY02JAN2420350PE.NFO,02/01/2024,11:37:27,0.35,0.3,10120,0.35,40760,40,144120
FINNIFTY02JAN2420350PE.NFO,02/01/2024,11:38:04,0.35,0.3,10120,0.35,40680,80,144120
FINNIFTY02JAN2420350PE.NFO,02/01/2024,11:38:14,0.35,0.3,10120,0.35,43480,80,144120
FINNIFTY02JAN2420350PE.NFO,02/01/2024,11:38:24,0.3,0.3,8400,0.35,41720,1760,144120
FINNIFTY02JAN2420350PE.NFO,02/01/2024,11:38:33,0.3,0.3,8840,0.35,41720,0,144120
FINNIFTY02JAN2420350PE.NFO,02/01/2024,11:38:43,0.3,0.3,8840,0.35,41840,0,144120
FINNIFTY02JAN2420350PE.NFO,02/01/2024,11:38:53,0.35,0.3,8800,0.35,41000,80,146480
FINNIFTY02JAN2420350PE.NFO,02/01/2024,11:39:02,0.35,0.3,8840,0.35,41000,0,146480
FINNIFTY02JAN2420350PE.NFO,02/01/2024,11:39:11,0.35,0.3,8840,0.35,41160,80,146480
FINNIFTY02JAN2420350PE.NFO,02/01/2024,11:39:48,0.35,0.3,8840,0.35,41160,0,146480
FINNIFTY02JAN2420350PE.NFO,02/01/2024,11:40:07,0.35,0.3,8840,0.35,41120,40,146480
FINNIFTY02JAN2420350PE.NFO,02/01/2024,11:41:29,0.35,0.3,8840,0.35,41120,0,146480
FINNIFTY02JAN2420350PE.NFO,02/01/2024,11:41:39,0.3,0.3,8200,0.35,40880,640,146480
FINNIFTY02JAN2420350PE.NFO,02/01/2024,11:41:49,0.3,0.3,7800,0.35,41120,400,147120
FINNIFTY02JAN2420350PE.NFO,02/01/2024,11:41:59,0.35,0.3,8520,0.35,41600,1400,147120
FINNIFTY02JAN2420350PE.NFO,02/01/2024,11:42:09,0.35,0.3,6600,0.35,43600,3880,147120
FINNIFTY02JAN2420350PE.NFO,02/01/2024,11:42:29,0.35,0.3,6960,0.35,44080,880,147120
FINNIFTY02JAN2420350PE.NFO,02/01/2024,11:42:38,0.35,0.3,7120,0.35,44440,1240,147120
FINNIFTY02JAN2420350PE.NFO,02/01/2024,11:42:47,0.3,0.3,7080,0.35,44840,40,147120
FINNIFTY02JAN2420350PE.NFO,02/01/2024,11:43:06,0.35,0.3,7080,0.35,44640,200,147120
FINNIFTY02JAN2420350PE.NFO,02/01/2024,11:43:24,0.35,0.3,7080,0.35,44640,0,147120
FINNIFTY02JAN2420350PE.NFO,02/01/2024,11:43:43,0.35,0.3,7200,0.35,44880,720,147120
FINNIFTY02JAN2420350PE.NFO,02/01/2024,11:43:53,0.35,0.3,7200,0.35,44000,480,147120
FINNIFTY02JAN2420350PE.NFO,02/01/2024,11:44:03,0.35,0.3,7160,0.35,43960,1080,147120
FINNIFTY02JAN2420350PE.NFO,02/01/2024,11:44:31,0.35,0.3,7160,0.35,43920,0,147120
FINNIFTY02JAN2420350PE.NFO,02/01/2024,11:44:40,0.35,0.3,7160,0.35,44200,0,147120
FINNIFTY02JAN2420350PE.NFO,02/01/2024,11:44:49,0.35,0.3,7160,0.35,43920,0,147120
FINNIFTY02JAN2420350PE.NFO,02/01/2024,11:45:07,0.35,0.3,7160,0.35,44280,0,147120
FINNIFTY02JAN2420350PE.NFO,02/01/2024,11:45:36,0.3,0.3,6160,0.35,44320,1000,145920
FINNIFTY02JAN2420350PE.NFO,02/01/2024,11:45:45,0.3,0.3,5560,0.35,44320,2720,145920
FINNIFTY02JAN2420350PE.NFO,02/01/2024,11:45:54,0.3,0.3,6080,0.35,44320,7600,145920
FINNIFTY02JAN2420350PE.NFO,02/01/2024,11:46:04,0.3,0.3,4200,0.35,44320,1920,145920
FINNIFTY02JAN2420350PE.NFO,02/01/2024,11:46:13,0.3,0.3,800,0.35,44640,3360,145920
FINNIFTY02JAN2420350PE.NFO,02/01/2024,11:46:22,0.3,0.25,9520,0.3,40120,840,145920
FINNIFTY02JAN2420350PE.NFO,02/01/2024,11:46:32,0.3,0.25,8680,0.3,40120,0,145920
FINNIFTY02JAN2420350PE.NFO,02/01/2024,11:46:41,0.3,0.25,8680,0.3,39320,0,145920
FINNIFTY02JAN2420350PE.NFO,02/01/2024,11:46:50,0.3,0.25,7640,0.3,41800,0,145920
FINNIFTY02JAN2420350PE.NFO,02/01/2024,11:47:00,0.3,0.25,16640,0.3,40520,0,145920
FINNIFTY02JAN2420350PE.NFO,02/01/2024,11:47:08,0.3,0.25,25880,0.3,40520,0,145920
FINNIFTY02JAN2420350PE.NFO,02/01/2024,11:47:33,0.3,0.25,33080,0.3,40520,0,145920
FINNIFTY02JAN2420350PE.NFO,02/01/2024,11:47:50,0.3,0.25,25880,0.3,40960,0,145920
FINNIFTY02JAN2420350PE.NFO,02/01/2024,11:47:59,0.3,0.25,8200,0.3,41160,80,163040
FINNIFTY02JAN2420350PE.NFO,02/01/2024,11:48:08,0.25,0.25,8120,0.3,41160,80,163040
FINNIFTY02JAN2420350PE.NFO,02/01/2024,11:48:17,0.25,0.25,8080,0.3,41160,40,163040
FINNIFTY02JAN2420350PE.NFO,02/01/2024,11:48:26,0.25,0.25,8080,0.3,41160,0,163040
FINNIFTY02JAN2420350PE.NFO,02/01/2024,11:48:35,0.25,0.25,7640,0.3,41160,40,163040
FINNIFTY02JAN2420350PE.NFO,02/01/2024,11:48:52,0.25,0.25,8320,0.3,41160,120,163040
FINNIFTY02JAN2420350PE.NFO,02/01/2024,11:49:09,0.25,0.25,8080,0.3,41160,240,163040
FINNIFTY02JAN2420350PE.NFO,02/01/2024,11:49:18,0.25,0.25,7600,0.3,41160,480,163040
FINNIFTY02JAN2420350PE.NFO,02/01/2024,11:49:36,0.25,0.25,7920,0.3,41160,0,163040
FINNIFTY02JAN2420350PE.NFO,02/01/2024,11:49:53,0.25,0.25,7800,0.3,41160,120,163040
FINNIFTY02JAN2420350PE.NFO,02/01/2024,11:50:02,0.25,0.25,7720,0.3,41160,80,163040
FINNIFTY02JAN2420350PE.NFO,02/01/2024,11:50:11,0.25,0.25,7680,0.3,41160,40,163040
FINNIFTY02JAN2420350PE.NFO,02/01/2024,11:50:21,0.25,0.25,7680,0.3,41160,0,163040
FINNIFTY02JAN2420350PE.NFO,02/01/2024,11:50:38,0.3,0.25,5800,0.3,41120,120,163040
FINNIFTY02JAN2420350PE.NFO,02/01/2024,11:50:56,0.3,0.25,10160,0.3,41120,0,163040
FINNIFTY02JAN2420350PE.NFO,02/01/2024,11:51:41,0.3,0.25,17720,0.3,41120,0,163040
FINNIFTY02JAN2420350PE.NFO,02/01/2024,11:51:50,0.3,0.25,23480,0.3,41120,0,163040
FINNIFTY02JAN2420350PE.NFO,02/01/2024,11:51:59,0.25,0.25,23360,0.3,41120,120,163280
FINNIFTY02JAN2420350PE.NFO,02/01/2024,11:52:18,0.25,0.25,23360,0.3,41400,0,163280
FINNIFTY02JAN2420350PE.NFO,02/01/2024,11:52:26,0.25,0.25,11840,0.3,41720,0,163280
FINNIFTY02JAN2420350PE.NFO,02/01/2024,11:53:12,0.3,0.25,10040,0.3,41160,560,163280
FINNIFTY02JAN2420350PE.NFO,02/01/2024,11:53:30,0.3,0.25,9720,0.3,40840,0,163280
FINNIFTY02JAN2420350PE.NFO,02/01/2024,11:55:07,0.25,0.25,9600,0.3,40840,120,163720
FINNIFTY02JAN2420350PE.NFO,02/01/2024,11:55:34,0.25,0.25,9520,0.3,40840,80,163720
FINNIFTY02JAN2420350PE.NFO,02/01/2024,11:56:51,0.25,0.25,9440,0.3,40840,80,163720
FINNIFTY02JAN2420350PE.NFO,02/01/2024,11:57:09,0.25,0.25,9440,0.3,40880,0,163720
FINNIFTY02JAN2420350PE.NFO,02/01/2024,11:58:10,0.25,0.25,840,0.3,40880,9200,163720
FINNIFTY02JAN2420350PE.NFO,02/01/2024,11:58:19,0.25,0.25,2640,0.3,40880,0,163720
FINNIFTY02JAN2420350PE.NFO,02/01/2024,11:58:28,0.25,0.25,2720,0.3,40920,0,163720
FINNIFTY02JAN2420350PE.NFO,02/01/2024,11:58:36,0.25,0.25,2720,0.3,44520,0,163720
FINNIFTY02JAN2420350PE.NFO,02/01/2024,11:58:45,0.25,0.25,4000,0.3,44520,2720,163720
FINNIFTY02JAN2420350PE.NFO,02/01/2024,11:58:54,0.25,0.25,8000,0.3,44520,0,163720
FINNIFTY02JAN2420350PE.NFO,02/01/2024,11:59:03,0.25,0.25,8000,0.3,44840,0,163720
FINNIFTY02JAN2420350PE.NFO,02/01/2024,11:59:12,0.25,0.25,12000,0.3,44840,0,163720
FINNIFTY02JAN2420350PE.NFO,02/01/2024,11:59:20,0.25,0.25,11800,0.3,44480,0,163720
FINNIFTY02JAN2420350PE.NFO,02/01/2024,11:59:29,0.25,0.25,19120,0.3,39200,33080,163720
FINNIFTY02JAN2420350PE.NFO,02/01/2024,11:59:37,0.25,0.25,19080,0.3,39200,0,163720
FINNIFTY02JAN2420350PE.NFO,02/01/2024,12:00:03,0.25,0.25,18840,0.3,38840,280,128840
FINNIFTY02JAN2420350PE.NFO,02/01/2024,12:00:12,0.25,0.25,18680,0.3,38840,160,128840
FINNIFTY02JAN2420350PE.NFO,02/01/2024,12:00:30,0.25,0.25,18560,0.3,38840,120,128840
FINNIFTY02JAN2420350PE.NFO,02/01/2024,12:00:48,0.3,0.25,18560,0.3,38760,80,128840
FINNIFTY02JAN2420350PE.NFO,02/01/2024,12:00:57,0.25,0.25,18400,0.3,38760,160,128840
FINNIFTY02JAN2420350PE.NFO,02/01/2024,12:01:33,0.25,0.25,13280,0.3,38720,8000,128840
FINNIFTY02JAN2420350PE.NFO,02/01/2024,12:01:42,0.25,0.25,8480,0.3,40080,8000,128840
FINNIFTY02JAN2420350PE.NFO,02/01/2024,12:01:51,0.25,0.25,680,0.3,40080,8080,128840
FINNIFTY02JAN2420350PE.NFO,02/01/2024,12:02:00,0.25,0.25,600,0.3,40000,400,128840
FINNIFTY02JAN2420350PE.NFO,02/01/2024,12:02:09,0.25,0.25,8440,0.3,40000,400,128840
FINNIFTY02JAN2420350PE.NFO,02/01/2024,12:02:53,0.3,0.25,8440,0.3,39960,40,128840
FINNIFTY02JAN2420350PE.NFO,02/01/2024,12:03:19,0.25,0.25,8160,0.3,39960,280,128480
FINNIFTY02JAN2420350PE.NFO,02/01/2024,12:03:28,0.25,0.25,8160,0.3,40040,0,128480
FINNIFTY02JAN2420350PE.NFO,02/01/2024,12:03:46,0.25,0.25,8080,0.3,40040,80,128480
FINNIFTY02JAN2420350PE.NFO,02/01/2024,12:03:55,0.25,0.25,8000,0.3,40360,80,128480
FINNIFTY02JAN2420350PE.NFO,02/01/2024,12:04:22,0.25,0.25,8040,0.3,39880,0,128480
FINNIFTY02JAN2420350PE.NFO,02/01/2024,12:04:31,0.25,0.25,8040,0.3,38840,0,128480
FINNIFTY02JAN2420350PE.NFO,02/01/2024,12:05:16,0.25,0.25,8000,0.3,40040,40,128480
FINNIFTY02JAN2420350PE.NFO,02/01/2024,12:05:34,0.3,0.25,7880,0.3,39840,160,128480
FINNIFTY02JAN2420350PE.NFO,02/01/2024,12:05:43,0.3,0.25,7880,0.3,39680,160,128480
FINNIFTY02JAN2420350PE.NFO,02/01/2024,12:06:00,0.25,0.25,21400,0.3,39520,240,128840
FINNIFTY02JAN2420350PE.NFO,02/01/2024,12:06:09,0.3,0.25,22840,0.3,39440,80,128840
FINNIFTY02JAN2420350PE.NFO,02/01/2024,12:06:18,0.3,0.25,25520,0.3,39360,80,128840
FINNIFTY02JAN2420350PE.NFO,02/01/2024,12:06:27,0.3,0.25,25800,0.3,39440,80,128840
FINNIFTY02JAN2420350PE.NFO,02/01/2024,12:06:52,0.3,0.25,25800,0.3,39440,0,128840
FINNIFTY02JAN2420350PE.NFO,02/01/2024,12:07:01,0.3,0.25,14280,0.3,39440,0,128840
FINNIFTY02JAN2420350PE.NFO,02/01/2024,12:07:53,0.3,0.25,11600,0.3,39440,0,128840
FINNIFTY02JAN2420350PE.NFO,02/01/2024,12:08:45,0.3,0.25,10160,0.3,39440,0,128840
FINNIFTY02JAN2420350PE.NFO,02/01/2024,12:09:10,0.25,0.25,10040,0.3,39440,120,128920
FINNIFTY02JAN2420350PE.NFO,02/01/2024,12:09:27,0.25,0.25,9880,0.3,39360,160,128920
FINNIFTY02JAN2420350PE.NFO,02/01/2024,12:09:53,0.25,0.25,9880,0.3,39440,0,128920
FINNIFTY02JAN2420350PE.NFO,02/01/2024,12:10:02,0.3,0.25,9880,0.3,39360,80,128920
FINNIFTY02JAN2420350PE.NFO,02/01/2024,12:10:20,0.3,0.25,9880,0.3,38320,40,128920
FINNIFTY02JAN2420350PE.NFO,02/01/2024,12:10:57,0.3,0.25,9880,0.3,39600,0,128920
FINNIFTY02JAN2420350PE.NFO,02/01/2024,12:11:33,0.3,0.25,2640,0.3,41640,0,128920
FINNIFTY02JAN2420350PE.NFO,02/01/2024,12:11:43,0.3,0.25,6640,0.3,41960,0,128920
FINNIFTY02JAN2420350PE.NFO,02/01/2024,12:11:52,0.3,0.25,10640,0.3,41960,0,128920
FINNIFTY02JAN2420350PE.NFO,02/01/2024,12:13:02,0.3,0.25,13440,0.3,38440,6840,129200
FINNIFTY02JAN2420350PE.NFO,02/01/2024,12:13:11,0.3,0.25,5440,0.3,38440,0,129200
FINNIFTY02JAN2420350PE.NFO,02/01/2024,12:13:37,0.25,0.25,5320,0.3,38440,120,129200
FINNIFTY02JAN2420350PE.NFO,02/01/2024,12:13:53,0.25,0.25,5240,0.3,38440,80,129200
FINNIFTY02JAN2420350PE.NFO,02/01/2024,12:14:02,0.3,0.25,5240,0.3,38360,80,129200
FINNIFTY02JAN2420350PE.NFO,02/01/2024,12:14:11,0.3,0.25,5200,0.3,41640,680,129200
FINNIFTY02JAN2420350PE.NFO,02/01/2024,12:14:19,0.3,0.25,5200,0.3,42280,80,129200
FINNIFTY02JAN2420350PE.NFO,02/01/2024,12:14:28,0.3,0.25,5200,0.3,42200,80,129200
FINNIFTY02JAN2420350PE.NFO,02/01/2024,12:14:37,0.25,0.25,4920,0.3,42560,320,129200
FINNIFTY02JAN2420350PE.NFO,02/01/2024,12:14:45,0.3,0.25,4640,0.3,41960,320,129200
FINNIFTY02JAN2420350PE.NFO,02/01/2024,12:14:54,0.25,0.25,4520,0.3,41880,120,129200
FINNIFTY02JAN2420350PE.NFO,02/01/2024,12:15:03,0.3,0.25,4360,0.3,41560,480,129760
FINNIFTY02JAN2420350PE.NFO,02/01/2024,12:15:12,0.3,0.25,4360,0.3,41840,280,129760
FINNIFTY02JAN2420350PE.NFO,02/01/2024,12:15:21,0.3,0.25,4360,0.3,41760,80,129760
FINNIFTY02JAN2420350PE.NFO,02/01/2024,12:15:29,0.3,0.25,4360,0.3,41600,160,129760
FINNIFTY02JAN2420350PE.NFO,02/01/2024,12:15:39,0.3,0.25,4360,0.3,41440,160,129760
FINNIFTY02JAN2420350PE.NFO,02/01/2024,12:15:49,0.3,0.25,4360,0.3,41360,80,129760
FINNIFTY02JAN2420350PE.NFO,02/01/2024,12:15:59,0.25,0.25,4160,0.3,41200,360,129760
FINNIFTY02JAN2420350PE.NFO,02/01/2024,12:16:09,0.3,0.25,4160,0.3,41080,120,129760
FINNIFTY02JAN2420350PE.NFO,02/01/2024,12:16:19,0.3,0.25,4160,0.3,39960,240,129760
FINNIFTY02JAN2420350PE.NFO,02/01/2024,12:16:29,0.3,0.25,4160,0.3,42720,240,129760
FINNIFTY02JAN2420350PE.NFO,02/01/2024,12:16:40,0.3,0.25,4160,0.3,42800,0,129760
FINNIFTY02JAN2420350PE.NFO,02/01/2024,12:17:00,0.3,0.25,5360,0.3,42400,400,129760
FINNIFTY02JAN2420350PE.NFO,02/01/2024,12:17:10,0.3,0.25,5760,0.3,38640,3000,129760
FINNIFTY02JAN2420350PE.NFO,02/01/2024,12:17:22,0.3,0.25,5840,0.3,38640,1520,129760
FINNIFTY02JAN2420350PE.NFO,02/01/2024,12:17:32,0.3,0.25,5840,0.3,37880,440,129760
FINNIFTY02JAN2420350PE.NFO,02/01/2024,12:17:41,0.3,0.25,5840,0.3,38360,600,129760
FINNIFTY02JAN2420350PE.NFO,02/01/2024,12:17:51,0.3,0.25,5840,0.3,39680,480,129760
FINNIFTY02JAN2420350PE.NFO,02/01/2024,12:18:00,0.3,0.25,5840,0.3,38840,520,127160
FINNIFTY02JAN2420350PE.NFO,02/01/2024,12:18:09,0.3,0.25,5840,0.3,36600,440,127160
FINNIFTY02JAN2420350PE.NFO,02/01/2024,12:18:19,0.3,0.25,5840,0.3,36360,240,127160
FINNIFTY02JAN2420350PE.NFO,02/01/2024,12:18:28,0.3,0.25,5840,0.3,34400,1960,127160
FINNIFTY02JAN2420350PE.NFO,02/01/2024,12:18:37,0.3,0.25,5840,0.3,34280,120,127160
FINNIFTY02JAN2420350PE.NFO,02/01/2024,12:18:47,0.3,0.25,5840,0.3,34560,40,127160
FINNIFTY02JAN2420350PE.NFO,02/01/2024,12:20:15,0.25,0.25,5600,0.3,34240,240,127160
FINNIFTY02JAN2420350PE.NFO,02/01/2024,12:20:24,0.25,0.25,5440,0.3,34240,640,127160
FINNIFTY02JAN2420350PE.NFO,02/01/2024,12:20:34,0.25,0.25,4960,0.3,34240,480,127160
FINNIFTY02JAN2420350PE.NFO,02/01/2024,12:20:43,0.25,0.25,5680,0.3,33360,960,127160
FINNIFTY02JAN2420350PE.NFO,02/01/2024,12:20:52,0.25,0.25,5400,0.3,33360,280,127160
FINNIFTY02JAN2420350PE.NFO,02/01/2024,12:21:02,0.25,0.25,5160,0.3,33360,240,127520
FINNIFTY02JAN2420350PE.NFO,02/01/2024,12:21:11,0.25,0.25,5400,0.3,32720,800,127520
FINNIFTY02JAN2420350PE.NFO,02/01/2024,12:21:21,0.25,0.25,5040,0.3,32720,360,127520
FINNIFTY02JAN2420350PE.NFO,02/01/2024,12:21:31,0.25,0.25,4720,0.3,32720,320,127520
FINNIFTY02JAN2420350PE.NFO,02/01/2024,12:21:41,0.25,0.25,4520,0.3,32520,400,127520
FINNIFTY02JAN2420350PE.NFO,02/01/2024,12:22:00,0.25,0.25,4520,0.3,32520,0,127520
FINNIFTY02JAN2420350PE.NFO,02/01/2024,12:22:10,0.25,0.25,4440,0.3,32520,80,127520
FINNIFTY02JAN2420350PE.NFO,02/01/2024,12:22:19,0.3,0.25,4360,0.3,32320,200,127520
FINNIFTY02JAN2420350PE.NFO,02/01/2024,12:22:28,0.3,0.25,4360,0.3,32320,0,127520
FINNIFTY02JAN2420350PE.NFO,02/01/2024,12:22:46,0.3,0.25,4440,0.3,32640,0,127520
FINNIFTY02JAN2420350PE.NFO,02/01/2024,12:23:03,0.3,0.25,4440,0.3,32440,0,127520
FINNIFTY02JAN2420350PE.NFO,02/01/2024,12:23:12,0.3,0.25,4440,0.3,32160,280,127520
FINNIFTY02JAN2420350PE.NFO,02/01/2024,12:24:07,0.3,0.25,3760,0.3,960,39320,126200
FINNIFTY02JAN2420350PE.NFO,02/01/2024,12:24:16,0.25,0.25,3680,0.3,4160,40,126200
FINNIFTY02JAN2420350PE.NFO,02/01/2024,12:24:25,0.25,0.25,3680,0.3,6640,0,126200
FINNIFTY02JAN2420350PE.NFO,02/01/2024,12:24:34,0.25,0.25,3600,0.3,6640,80,126200
FINNIFTY02JAN2420350PE.NFO,02/01/2024,12:24:44,0.25,0.25,1840,0.3,7520,800,126200
FINNIFTY02JAN2420350PE.NFO,02/01/2024,12:24:53,0.25,0.2,36120,0.3,7520,2720,126200
FINNIFTY02JAN2420350PE.NFO,02/01/2024,12:25:11,0.25,0.2,36120,0.3,7520,0,126200
FINNIFTY02JAN2420350PE.NFO,02/01/2024,12:25:20,0.25,0.25,880,0.3,8640,0,126200
FINNIFTY02JAN2420350PE.NFO,02/01/2024,12:25:30,0.25,0.2,36120,0.3,7520,80,126200
FINNIFTY02JAN2420350PE.NFO,02/01/2024,12:25:38,0.25,0.2,36640,0.3,7880,2360,126200
FINNIFTY02JAN2420350PE.NFO,02/01/2024,12:25:47,0.25,0.2,37840,0.25,400,200,126200
FINNIFTY02JAN2420350PE.NFO,02/01/2024,12:25:56,0.25,0.2,41800,0.3,11600,400,126200
FINNIFTY02JAN2420350PE.NFO,02/01/2024,12:27:06,0.25,0.2,43520,0.3,13000,0,126200
FINNIFTY02JAN2420350PE.NFO,02/01/2024,12:27:24,0.25,0.25,3600,0.3,13800,240,129680
FINNIFTY02JAN2420350PE.NFO,02/01/2024,12:27:32,0.25,0.25,3440,0.3,13800,160,129680
FINNIFTY02JAN2420350PE.NFO,02/01/2024,12:27:50,0.25,0.25,3200,0.3,13880,240,129680
FINNIFTY02JAN2420350PE.NFO,02/01/2024,12:27:59,0.3,0.25,3280,0.3,13480,480,129680
FINNIFTY02JAN2420350PE.NFO,02/01/2024,12:28:08,0.3,0.25,3280,0.3,8000,6400,129680
FINNIFTY02JAN2420350PE.NFO,02/01/2024,12:28:17,0.3,0.25,3280,0.3,7960,40,129680
FINNIFTY02JAN2420350PE.NFO,02/01/2024,12:28:26,0.25,0.25,4760,0.3,7960,80,129680
FINNIFTY02JAN2420350PE.NFO,02/01/2024,12:28:35,0.25,0.25,4680,0.3,7960,80,129680
FINNIFTY02JAN2420350PE.NFO,02/01/2024,12:28:53,0.25,0.25,4400,0.3,7960,280,129680
FINNIFTY02JAN2420350PE.NFO,02/01/2024,12:29:02,0.25,0.25,3080,0.3,7960,1320,129680
FINNIFTY02JAN2420350PE.NFO,02/01/2024,12:29:11,0.25,0.25,2920,0.3,7960,160,129680
FINNIFTY02JAN2420350PE.NFO,02/01/2024,12:29:21,0.25,0.25,4440,0.3,7800,400,129680
FINNIFTY02JAN2420350PE.NFO,02/01/2024,12:29:46,0.25,0.25,4320,0.3,7800,120,129680
FINNIFTY02JAN2420350PE.NFO,02/01/2024,12:29:55,0.25,0.25,4280,0.3,7800,40,129680
FINNIFTY02JAN2420350PE.NFO,02/01/2024,12:30:03,0.3,0.25,4280,0.3,7760,40,133960
FINNIFTY02JAN2420350PE.NFO,02/01/2024,12:30:13,0.3,0.25,4280,0.3,9160,0,133960
FINNIFTY02JAN2420350PE.NFO,02/01/2024,12:30:21,0.3,0.25,4280,0.3,10760,0,133960
FINNIFTY02JAN2420350PE.NFO,02/01/2024,12:30:31,0.3,0.25,4280,0.3,13520,0,133960
FINNIFTY02JAN2420350PE.NFO,02/01/2024,12:30:39,0.25,0.25,3640,0.3,13520,640,133960
FINNIFTY02JAN2420350PE.NFO,02/01/2024,12:31:06,0.25,0.25,4200,0.3,11920,360,133960
FINNIFTY02JAN2420350PE.NFO,02/01/2024,12:31:15,0.25,0.25,3760,0.3,9760,440,133960
FINNIFTY02JAN2420350PE.NFO,02/01/2024,12:31:24,0.25,0.2,46840,0.25,2760,3240,133960
FINNIFTY02JAN2420350PE.NFO,02/01/2024,12:31:51,0.25,0.2,46840,0.25,2440,320,133960
FINNIFTY02JAN2420350PE.NFO,02/01/2024,12:32:17,0.25,0.2,46840,0.25,2520,0,133960
FINNIFTY02JAN2420350PE.NFO,02/01/2024,12:32:25,0.25,0.2,47080,0.25,2520,0,133960
FINNIFTY02JAN2420350PE.NFO,02/01/2024,12:32:50,0.25,0.2,47240,0.25,5640,0,133960
FINNIFTY02JAN2420350PE.NFO,02/01/2024,12:33:14,0.25,0.2,45520,0.25,6160,0,133960
FINNIFTY02JAN2420350PE.NFO,02/01/2024,12:34:23,0.25,0.2,45520,0.25,5680,160,134960
FINNIFTY02JAN2420350PE.NFO,02/01/2024,12:34:31,0.25,0.2,20440,0.25,6120,0,134960
FINNIFTY02JAN2420350PE.NFO,02/01/2024,12:34:40,0.25,0.2,18800,0.25,6080,40,134960
FINNIFTY02JAN2420350PE.NFO,02/01/2024,12:34:49,0.25,0.2,20440,0.25,6000,80,134960
FINNIFTY02JAN2420350PE.NFO,02/01/2024,12:35:38,0.25,0.2,18800,0.25,7520,280,134960
FINNIFTY02JAN2420350PE.NFO,02/01/2024,12:36:15,0.25,0.2,35280,0.25,7520,0,134960
FINNIFTY02JAN2420350PE.NFO,02/01/2024,12:37:28,0.25,0.2,35280,0.25,7720,0,134960
FINNIFTY02JAN2420350PE.NFO,02/01/2024,12:38:11,0.25,0.2,35280,0.25,7280,440,134960
FINNIFTY02JAN2420350PE.NFO,02/01/2024,12:40:04,0.25,0.2,35280,0.25,7240,40,134520
FINNIFTY02JAN2420350PE.NFO,02/01/2024,12:40:13,0.25,0.2,35480,0.25,9400,800,134520
FINNIFTY02JAN2420350PE.NFO,02/01/2024,12:40:22,0.25,0.2,35480,0.25,7600,400,134520
FINNIFTY02JAN2420350PE.NFO,02/01/2024,12:40:41,0.25,0.2,35720,0.25,8960,40,134520
FINNIFTY02JAN2420350PE.NFO,02/01/2024,12:40:49,0.25,0.2,37320,0.25,8960,0,134520
FINNIFTY02JAN2420350PE.NFO,02/01/2024,12:40:58,0.25,0.2,39280,0.25,7560,0,134520
FINNIFTY02JAN2420350PE.NFO,02/01/2024,12:41:14,0.25,0.2,36880,0.25,8960,0,134520
FINNIFTY02JAN2420350PE.NFO,02/01/2024,12:41:41,0.25,0.2,36880,0.25,7840,40,134520
FINNIFTY02JAN2420350PE.NFO,02/01/2024,12:42:00,0.25,0.2,23720,0.25,8920,0,134520
FINNIFTY02JAN2420350PE.NFO,02/01/2024,12:43:10,0.25,0.2,22720,0.25,8880,40,134520
FINNIFTY02JAN2420350PE.NFO,02/01/2024,12:43:19,0.25,0.2,22720,0.25,9760,80,134520
FINNIFTY02JAN2420350PE.NFO,02/01/2024,12:43:28,0.25,0.2,22720,0.25,9960,40,134520
FINNIFTY02JAN2420350PE.NFO,02/01/2024,12:43:37,0.2,0.2,22680,0.25,9960,40,134520
FINNIFTY02JAN2420350PE.NFO,02/01/2024,12:44:55,0.25,0.2,22680,0.25,9720,280,134520
FINNIFTY02JAN2420350PE.NFO,02/01/2024,12:45:21,0.25,0.2,22680,0.25,9680,40,134320
FINNIFTY02JAN2420350PE.NFO,02/01/2024,12:45:56,0.25,0.2,22680,0.25,10120,0,134320
FINNIFTY02JAN2420350PE.NFO,02/01/2024,12:46:04,0.25,0.2,22680,0.25,10080,0,134320
FINNIFTY02JAN2420350PE.NFO,02/01/2024,12:46:22,0.25,0.2,22680,0.25,9680,0,134320
FINNIFTY02JAN2420350PE.NFO,02/01/2024,12:48:44,0.25,0.2,24480,0.25,9680,0,134320
FINNIFTY02JAN2420350PE.NFO,02/01/2024,12:48:54,0.25,0.2,25360,0.25,9680,0,134320
FINNIFTY02JAN2420350PE.NFO,02/01/2024,12:49:54,0.25,0.2,22680,0.25,9680,0,134320
FINNIFTY02JAN2420350PE.NFO,02/01/2024,12:53:18,0.25,0.2,22680,0.25,10760,1800,134320
FINNIFTY02JAN2420350PE.NFO,02/01/2024,12:53:27,0.25,0.2,22680,0.25,10560,200,134320
FINNIFTY02JAN2420350PE.NFO,02/01/2024,12:54:01,0.25,0.2,22680,0.25,10080,720,132000
FINNIFTY02JAN2420350PE.NFO,02/01/2024,12:54:36,0.25,0.2,22680,0.25,10080,0,132000
FINNIFTY02JAN2420350PE.NFO,02/01/2024,12:55:36,0.25,0.2,22680,0.25,10040,40,132000
FINNIFTY02JAN2420350PE.NFO,02/01/2024,12:56:53,0.25,0.2,22680,0.25,10000,40,132000
FINNIFTY02JAN2420350PE.NFO,02/01/2024,12:57:10,0.2,0.2,19680,0.25,10000,1840,131960
FINNIFTY02JAN2420350PE.NFO,02/01/2024,12:57:19,0.2,0.2,19520,0.25,10000,160,131960
FINNIFTY02JAN2420350PE.NFO,02/01/2024,12:57:36,0.2,0.2,19520,0.25,11760,0,131960
FINNIFTY02JAN2420350PE.NFO,02/01/2024,12:58:48,0.2,0.2,19440,0.25,11760,80,131960
FINNIFTY02JAN2420350PE.NFO,02/01/2024,12:59:23,0.2,0.2,17960,0.25,11760,0,131960
FINNIFTY02JAN2420350PE.NFO,02/01/2024,12:59:32,0.2,0.2,6920,0.25,11760,320,131960
FINNIFTY02JAN2420350PE.NFO,02/01/2024,12:59:41,0.2,0.2,5120,0.25,11760,280,131960
FINNIFTY02JAN2420350PE.NFO,02/01/2024,12:59:50,0.2,0.2,5120,0.25,12120,0,131960
FINNIFTY02JAN2420350PE.NFO,02/01/2024,13:00:07,0.25,0.2,5120,0.25,11720,40,131880
FINNIFTY02JAN2420350PE.NFO,02/01/2024,13:00:16,0.2,0.2,4520,0.25,11720,600,131880
FINNIFTY02JAN2420350PE.NFO,02/01/2024,13:00:24,0.2,0.2,4520,0.25,11720,0,131880
FINNIFTY02JAN2420350PE.NFO,02/01/2024,13:00:41,0.2,0.2,4520,0.25,11760,0,131880
FINNIFTY02JAN2420350PE.NFO,02/01/2024,13:00:58,0.2,0.2,4520,0.25,11720,0,131880
FINNIFTY02JAN2420350PE.NFO,02/01/2024,13:01:06,0.2,0.2,4520,0.25,11760,0,131880
FINNIFTY02JAN2420350PE.NFO,02/01/2024,13:01:32,0.2,0.2,4520,0.25,12080,0,131880
FINNIFTY02JAN2420350PE.NFO,02/01/2024,13:02:27,0.2,0.2,4800,0.25,12120,880,131880
FINNIFTY02JAN2420350PE.NFO,02/01/2024,13:02:37,0.2,0.2,4880,0.25,12120,0,131880
FINNIFTY02JAN2420350PE.NFO,02/01/2024,13:02:47,0.2,0.2,3640,0.25,9960,1760,131880
FINNIFTY02JAN2420350PE.NFO,02/01/2024,13:04:04,0.25,0.2,6040,0.25,10320,40,132760
FINNIFTY02JAN2420350PE.NFO,02/01/2024,13:04:15,0.25,0.2,6000,0.25,9920,0,132760
FINNIFTY02JAN2420350PE.NFO,02/01/2024,13:04:25,0.2,0.2,5880,0.25,9920,400,132760
FINNIFTY02JAN2420350PE.NFO,02/01/2024,13:04:35,0.2,0.2,5560,0.25,10240,320,132760
FINNIFTY02JAN2420350PE.NFO,02/01/2024,13:04:45,0.2,0.2,5040,0.25,10240,520,132760
FINNIFTY02JAN2420350PE.NFO,02/01/2024,13:04:55,0.25,0.2,4600,0.25,9800,880,132760
FINNIFTY02JAN2420350PE.NFO,02/01/2024,13:05:04,0.2,0.2,5520,0.25,9560,480,132760
FINNIFTY02JAN2420350PE.NFO,02/01/2024,13:05:14,0.2,0.2,5360,0.25,9560,240,132760
FINNIFTY02JAN2420350PE.NFO,02/01/2024,13:05:23,0.2,0.2,5160,0.25,9320,440,132760
FINNIFTY02JAN2420350PE.NFO,02/01/2024,13:05:32,0.25,0.2,5080,0.25,8760,320,132760
FINNIFTY02JAN2420350PE.NFO,02/01/2024,13:05:40,0.25,0.2,5080,0.25,8560,200,132760
FINNIFTY02JAN2420350PE.NFO,02/01/2024,13:06:43,0.25,0.2,5080,0.25,8960,0,132760
FINNIFTY02JAN2420350PE.NFO,02/01/2024,13:07:09,0.25,0.2,6720,0.25,8800,160,132040
FINNIFTY02JAN2420350PE.NFO,02/01/2024,13:07:18,0.25,0.2,6720,0.25,8600,200,132040
FINNIFTY02JAN2420350PE.NFO,02/01/2024,13:07:27,0.25,0.2,6720,0.25,8400,200,132040
FINNIFTY02JAN2420350PE.NFO,02/01/2024,13:07:35,0.25,0.2,6720,0.25,8200,200,132040
FINNIFTY02JAN2420350PE.NFO,02/01/2024,13:07:53,0.25,0.2,6720,0.25,8120,80,132040
FINNIFTY02JAN2420350PE.NFO,02/01/2024,13:08:03,0.25,0.2,6720,0.25,10040,200,132040
FINNIFTY02JAN2420350PE.NFO,02/01/2024,13:08:13,0.25,0.2,6720,0.25,9800,240,132040
FINNIFTY02JAN2420350PE.NFO,02/01/2024,13:08:22,0.25,0.2,6320,0.25,9560,640,132040
FINNIFTY02JAN2420350PE.NFO,02/01/2024,13:08:31,0.2,0.2,11240,0.25,9360,880,132040
FINNIFTY02JAN2420350PE.NFO,02/01/2024,13:08:40,0.2,0.2,10960,0.25,9360,280,132040
FINNIFTY02JAN2420350PE.NFO,02/01/2024,13:08:59,0.2,0.2,15680,0.25,9040,0,132040
FINNIFTY02JAN2420350PE.NFO,02/01/2024,13:09:08,0.2,0.2,13200,0.25,9040,120,134440
FINNIFTY02JAN2420350PE.NFO,02/01/2024,13:09:34,0.25,0.2,10760,0.25,9000,40,134440
FINNIFTY02JAN2420350PE.NFO,02/01/2024,13:10:01,0.25,0.2,10760,0.25,9200,120,134440
FINNIFTY02JAN2420350PE.NFO,02/01/2024,13:10:10,0.25,0.2,9400,0.25,7600,1800,134440
FINNIFTY02JAN2420350PE.NFO,02/01/2024,13:10:19,0.25,0.2,9400,0.25,9160,400,134440
FINNIFTY02JAN2420350PE.NFO,02/01/2024,13:10:45,0.2,0.2,9360,0.25,7760,40,134440
FINNIFTY02JAN2420350PE.NFO,02/01/2024,13:10:54,0.2,0.2,9360,0.25,7760,0,134440
FINNIFTY02JAN2420350PE.NFO,02/01/2024,13:11:12,0.25,0.2,9360,0.25,6680,760,134440
FINNIFTY02JAN2420350PE.NFO,02/01/2024,13:11:30,0.25,0.2,8160,0.25,4960,320,134440
FINNIFTY02JAN2420350PE.NFO,02/01/2024,13:11:39,0.25,0.2,14080,0.25,5920,440,134440
FINNIFTY02JAN2420350PE.NFO,02/01/2024,13:11:48,0.25,0.2,15720,0.25,6800,240,134440
FINNIFTY02JAN2420350PE.NFO,02/01/2024,13:14:32,0.25,0.2,15720,0.25,6800,0,134440
FINNIFTY02JAN2420350PE.NFO,02/01/2024,13:15:24,0.25,0.2,14080,0.25,6760,40,130720
FINNIFTY02JAN2420350PE.NFO,02/01/2024,13:15:50,0.25,0.2,14080,0.25,6080,680,130720
FINNIFTY02JAN2420350PE.NFO,02/01/2024,13:16:25,0.2,0.2,13760,0.25,9920,320,130720
FINNIFTY02JAN2420350PE.NFO,02/01/2024,13:16:33,0.2,0.2,13760,0.25,11520,0,130720
FINNIFTY02JAN2420350PE.NFO,02/01/2024,13:16:42,0.2,0.2,14120,0.25,11520,0,130720
FINNIFTY02JAN2420350PE.NFO,02/01/2024,13:18:23,0.2,0.2,14120,0.25,11640,0,130720
FINNIFTY02JAN2420350PE.NFO,02/01/2024,13:18:49,0.2,0.2,10520,0.25,14840,0,130720
FINNIFTY02JAN2420350PE.NFO,02/01/2024,13:19:06,0.2,0.2,12840,0.25,11640,0,130720
FINNIFTY02JAN2420350PE.NFO,02/01/2024,13:19:23,0.2,0.2,12760,0.25,11760,0,130720
FINNIFTY02JAN2420350PE.NFO,02/01/2024,13:21:14,0.25,0.2,11160,0.25,11560,200,130040
FINNIFTY02JAN2420350PE.NFO,02/01/2024,13:23:04,0.2,0.2,12800,0.25,11760,80,130040
FINNIFTY02JAN2420350PE.NFO,02/01/2024,13:23:13,0.25,0.2,11000,0.25,11760,1800,130040
FINNIFTY02JAN2420350PE.NFO,02/01/2024,13:23:40,0.25,0.2,8280,0.25,11680,520,130040
FINNIFTY02JAN2420350PE.NFO,02/01/2024,13:23:48,0.25,0.2,7800,0.25,12080,0,130040
FINNIFTY02JAN2420350PE.NFO,02/01/2024,13:24:40,0.25,0.2,7800,0.25,10480,3680,129040
FINNIFTY02JAN2420350PE.NFO,02/01/2024,13:25:16,0.25,0.2,7840,0.25,7280,0,129040
FINNIFTY02JAN2420350PE.NFO,02/01/2024,13:26:00,0.25,0.2,7840,0.25,12280,0,129040
FINNIFTY02JAN2420350PE.NFO,02/01/2024,13:26:18,0.25,0.2,9560,0.25,9320,160,129040
FINNIFTY02JAN2420350PE.NFO,02/01/2024,13:26:26,0.25,0.2,9560,0.25,9280,40,129040
FINNIFTY02JAN2420350PE.NFO,02/01/2024,13:26:35,0.2,0.2,7720,0.25,9400,120,129040
FINNIFTY02JAN2420350PE.NFO,02/01/2024,13:26:44,0.25,0.2,9440,0.25,9360,40,129040
FINNIFTY02JAN2420350PE.NFO,02/01/2024,13:26:52,0.25,0.2,9440,0.25,9200,160,129040
FINNIFTY02JAN2420350PE.NFO,02/01/2024,13:27:09,0.25,0.2,9440,0.25,9160,40,132640
FINNIFTY02JAN2420350PE.NFO,02/01/2024,13:27:35,0.25,0.2,9440,0.25,9120,40,132640
FINNIFTY02JAN2420350PE.NFO,02/01/2024,13:28:08,0.25,0.2,9440,0.25,7760,6400,132640
FINNIFTY02JAN2420350PE.NFO,02/01/2024,13:28:25,0.2,0.2,7560,0.25,7760,160,132640
FINNIFTY02JAN2420350PE.NFO,02/01/2024,13:28:43,0.2,0.2,7560,0.25,5960,0,132640
FINNIFTY02JAN2420350PE.NFO,02/01/2024,13:29:33,0.25,0.2,9280,0.25,8960,200,132640
FINNIFTY02JAN2420350PE.NFO,02/01/2024,13:30:08,0.25,0.2,9280,0.25,8920,40,132640
FINNIFTY02JAN2420350PE.NFO,02/01/2024,13:30:33,0.25,0.2,11800,0.25,8920,0,132640
FINNIFTY02JAN2420350PE.NFO,02/01/2024,13:30:42,0.25,0.2,16600,0.25,8920,0,132640
FINNIFTY02JAN2420350PE.NFO,02/01/2024,13:31:00,0.2,0.2,14360,0.25,8920,520,135600
FINNIFTY02JAN2420350PE.NFO,02/01/2024,13:31:09,0.2,0.2,14160,0.25,7680,200,135600
FINNIFTY02JAN2420350PE.NFO,02/01/2024,13:31:26,0.2,0.2,14160,0.25,7680,0,135600
FINNIFTY02JAN2420350PE.NFO,02/01/2024,13:31:36,0.2,0.2,8560,0.25,9480,0,135600
FINNIFTY02JAN2420350PE.NFO,02/01/2024,13:31:45,0.25,0.2,6360,0.25,9720,80,135600
FINNIFTY02JAN2420350PE.NFO,02/01/2024,13:31:54,0.25,0.2,3840,0.25,9560,160,135600
FINNIFTY02JAN2420350PE.NFO,02/01/2024,13:32:03,0.25,0.2,3840,0.25,7280,160,135600
FINNIFTY02JAN2420350PE.NFO,02/01/2024,13:32:12,0.25,0.2,2120,0.25,9000,80,135600
FINNIFTY02JAN2420350PE.NFO,02/01/2024,13:32:21,0.25,0.2,2120,0.25,7160,40,135600
FINNIFTY02JAN2420350PE.NFO,02/01/2024,13:32:30,0.25,0.2,2120,0.25,7160,0,135600
FINNIFTY02JAN2420350PE.NFO,02/01/2024,13:33:24,0.25,0.2,3840,0.25,6720,440,136840
FINNIFTY02JAN2420350PE.NFO,02/01/2024,13:33:50,0.25,0.2,3680,0.25,6720,0,136840
FINNIFTY02JAN2420350PE.NFO,02/01/2024,13:34:00,0.2,0.2,2160,0.25,8520,2000,136840
FINNIFTY02JAN2420350PE.NFO,02/01/2024,13:34:09,0.2,0.2,3240,0.25,8680,0,136840
FINNIFTY02JAN2420350PE.NFO,02/01/2024,13:34:17,0.2,0.2,3240,0.25,9160,0,136840
FINNIFTY02JAN2420350PE.NFO,02/01/2024,13:34:26,0.2,0.2,3480,0.25,7120,0,136840
FINNIFTY02JAN2420350PE.NFO,02/01/2024,13:34:45,0.2,0.2,3600,0.25,8920,0,136840
FINNIFTY02JAN2420350PE.NFO,02/01/2024,13:34:55,0.25,0.2,3480,0.25,7320,120,136840
FINNIFTY02JAN2420350PE.NFO,02/01/2024,13:35:04,0.25,0.2,3240,0.25,9120,0,136840
FINNIFTY02JAN2420350PE.NFO,02/01/2024,13:35:40,0.2,0.2,2440,0.25,9120,800,136840
FINNIFTY02JAN2420350PE.NFO,02/01/2024,13:35:49,0.2,0.2,1520,0.25,12320,200,136840
FINNIFTY02JAN2420350PE.NFO,02/01/2024,13:35:58,0.2,0.2,1920,0.25,12320,0,136840
FINNIFTY02JAN2420350PE.NFO,02/01/2024,13:36:06,0.2,0.2,1920,0.25,10520,0,136840
FINNIFTY02JAN2420350PE.NFO,02/01/2024,13:36:15,0.2,0.2,1920,0.25,10920,0,136840
FINNIFTY02JAN2420350PE.NFO,02/01/2024,13:37:20,0.2,0.2,2080,0.25,12400,0,136840
FINNIFTY02JAN2420350PE.NFO,02/01/2024,13:37:29,0.2,0.2,640,0.25,12400,1000,138640
FINNIFTY02JAN2420350PE.NFO,02/01/2024,13:37:38,0.2,0.2,640,0.25,10600,0,138640
FINNIFTY02JAN2420350PE.NFO,02/01/2024,13:38:05,0.2,0.2,640,0.25,10600,1280,138640
FINNIFTY02JAN2420350PE.NFO,02/01/2024,13:38:23,0.25,0.2,640,0.25,15560,40,138640
FINNIFTY02JAN2420350PE.NFO,02/01/2024,13:38:49,0.25,0.2,640,0.25,12360,0,138640
FINNIFTY02JAN2420350PE.NFO,02/01/2024,13:39:06,0.25,0.2,640,0.25,16760,0,138640
FINNIFTY02JAN2420350PE.NFO,02/01/2024,13:39:15,0.2,0.2,40,0.25,21160,1520,140720
FINNIFTY02JAN2420350PE.NFO,02/01/2024,13:39:23,0.2,0.15,78280,0.25,21160,1120,140720
FINNIFTY02JAN2420350PE.NFO,02/01/2024,13:39:32,0.2,0.15,65880,0.2,9840,800,140720
FINNIFTY02JAN2420350PE.NFO,02/01/2024,13:39:41,0.2,0.15,63440,0.2,14240,0,140720
FINNIFTY02JAN2420350PE.NFO,02/01/2024,13:39:49,0.15,0.15,63760,0.2,14240,40,140720
FINNIFTY02JAN2420350PE.NFO,02/01/2024,13:39:57,0.15,0.15,63760,0.2,12440,0,140720
FINNIFTY02JAN2420350PE.NFO,02/01/2024,13:40:06,0.2,0.15,64120,0.2,11840,600,140720
FINNIFTY02JAN2420350PE.NFO,02/01/2024,13:40:15,0.2,0.15,64120,0.2,11840,0,140720
FINNIFTY02JAN2420350PE.NFO,02/01/2024,13:40:23,0.2,0.15,66040,0.2,13640,0,140720
FINNIFTY02JAN2420350PE.NFO,02/01/2024,13:40:32,0.2,0.15,66040,0.2,11560,280,140720
FINNIFTY02JAN2420350PE.NFO,02/01/2024,13:40:48,0.2,0.15,66040,0.2,12680,0,140720
FINNIFTY02JAN2420350PE.NFO,02/01/2024,13:41:13,0.2,0.15,66480,0.2,12120,240,140720
FINNIFTY02JAN2420350PE.NFO,02/01/2024,13:41:21,0.2,0.15,26920,0.2,9920,480,140720
FINNIFTY02JAN2420350PE.NFO,02/01/2024,13:41:31,0.2,0.15,27440,0.2,12280,0,140720
FINNIFTY02JAN2420350PE.NFO,02/01/2024,13:41:40,0.2,0.15,27640,0.2,10480,0,140720
FINNIFTY02JAN2420350PE.NFO,02/01/2024,13:42:14,0.15,0.15,27640,0.2,9920,40,141640
FINNIFTY02JAN2420350PE.NFO,02/01/2024,13:42:39,0.2,0.15,27640,0.2,9720,200,141640
FINNIFTY02JAN2420350PE.NFO,02/01/2024,13:42:47,0.2,0.15,27640,0.2,9280,440,141640
FINNIFTY02JAN2420350PE.NFO,02/01/2024,13:42:56,0.15,0.15,27920,0.2,10760,80,141640
FINNIFTY02JAN2420350PE.NFO,02/01/2024,13:43:13,0.15,0.15,27880,0.2,10760,0,141640
FINNIFTY02JAN2420350PE.NFO,02/01/2024,13:43:21,0.2,0.15,27880,0.2,12320,240,141640
FINNIFTY02JAN2420350PE.NFO,02/01/2024,13:43:30,0.2,0.15,27880,0.2,10520,0,141640
FINNIFTY02JAN2420350PE.NFO,02/01/2024,13:43:39,0.2,0.15,27880,0.2,12400,160,141640
FINNIFTY02JAN2420350PE.NFO,02/01/2024,13:43:47,0.2,0.15,28880,0.2,12400,0,141640
FINNIFTY02JAN2420350PE.NFO,02/01/2024,13:43:56,0.15,0.15,28840,0.2,12400,40,141640
FINNIFTY02JAN2420350PE.NFO,02/01/2024,13:44:04,0.15,0.15,28800,0.2,10600,40,141640
FINNIFTY02JAN2420350PE.NFO,02/01/2024,13:44:13,0.15,0.15,28760,0.2,10360,40,141640
FINNIFTY02JAN2420350PE.NFO,02/01/2024,13:44:21,0.15,0.15,28720,0.2,10600,40,141640
FINNIFTY02JAN2420350PE.NFO,02/01/2024,13:44:30,0.15,0.15,27560,0.2,10360,160,141640
FINNIFTY02JAN2420350PE.NFO,02/01/2024,13:44:46,0.15,0.15,27680,0.2,12400,0,141640
FINNIFTY02JAN2420350PE.NFO,02/01/2024,13:44:54,0.2,0.15,27560,0.2,12280,120,141640
FINNIFTY02JAN2420350PE.NFO,02/01/2024,13:45:03,0.15,0.15,27520,0.2,10480,40,141640
FINNIFTY02JAN2420350PE.NFO,02/01/2024,13:45:12,0.15,0.15,27520,0.2,10480,0,141640
FINNIFTY02JAN2420350PE.NFO,02/01/2024,13:45:21,0.15,0.15,27520,0.2,12280,0,141640
FINNIFTY02JAN2420350PE.NFO,02/01/2024,13:45:29,0.15,0.15,27480,0.2,15560,40,140760
FINNIFTY02JAN2420350PE.NFO,02/01/2024,13:45:45,0.15,0.15,18400,0.2,15560,40,140760
FINNIFTY02JAN2420350PE.NFO,02/01/2024,13:45:53,0.15,0.15,18360,0.2,15560,40,140760
FINNIFTY02JAN2420350PE.NFO,02/01/2024,13:46:01,0.15,0.15,18320,0.2,13760,40,140760
FINNIFTY02JAN2420350PE.NFO,02/01/2024,13:46:19,0.2,0.15,18320,0.2,15360,200,140760
FINNIFTY02JAN2420350PE.NFO,02/01/2024,13:46:27,0.2,0.15,17960,0.2,11480,680,140760
FINNIFTY02JAN2420350PE.NFO,02/01/2024,13:46:52,0.2,0.15,17760,0.2,11160,0,140760
FINNIFTY02JAN2420350PE.NFO,02/01/2024,13:47:00,0.15,0.15,17560,0.2,10920,440,140760
FINNIFTY02JAN2420350PE.NFO,02/01/2024,13:47:09,0.2,0.15,17520,0.2,10680,280,140760
FINNIFTY02JAN2420350PE.NFO,02/01/2024,13:47:17,0.15,0.15,17480,0.2,10920,40,140760
FINNIFTY02JAN2420350PE.NFO,02/01/2024,13:47:34,0.2,0.15,17480,0.2,12480,240,140760
FINNIFTY02JAN2420350PE.NFO,02/01/2024,13:47:43,0.2,0.15,17480,0.2,12240,240,140760
FINNIFTY02JAN2420350PE.NFO,02/01/2024,13:48:01,0.2,0.15,12080,0.2,8160,200,140760
FINNIFTY02JAN2420350PE.NFO,02/01/2024,13:48:09,0.2,0.15,11080,0.2,8400,0,140760
FINNIFTY02JAN2420350PE.NFO,02/01/2024,13:48:18,0.2,0.15,13640,0.2,13040,960,138960
FINNIFTY02JAN2420350PE.NFO,02/01/2024,13:48:27,0.2,0.15,13640,0.2,12400,400,138960
FINNIFTY02JAN2420350PE.NFO,02/01/2024,13:48:52,0.2,0.15,13640,0.2,12400,0,138960
FINNIFTY02JAN2420350PE.NFO,02/01/2024,13:49:09,0.2,0.15,13640,0.2,9120,0,138960
FINNIFTY02JAN2420350PE.NFO,02/01/2024,13:49:17,0.2,0.15,15000,0.2,8880,0,138960
FINNIFTY02JAN2420350PE.NFO,02/01/2024,13:49:25,0.2,0.15,15000,0.2,8640,240,138960
FINNIFTY02JAN2420350PE.NFO,02/01/2024,13:49:33,0.2,0.15,12440,0.2,5080,0,138960
FINNIFTY02JAN2420350PE.NFO,02/01/2024,13:49:42,0.2,0.15,14680,0.2,6440,360,138960
FINNIFTY02JAN2420350PE.NFO,02/01/2024,13:49:50,0.2,0.15,14600,0.2,9200,240,138960
FINNIFTY02JAN2420350PE.NFO,02/01/2024,13:49:58,0.2,0.15,15160,0.2,8520,200,138960
FINNIFTY02JAN2420350PE.NFO,02/01/2024,13:50:06,0.15,0.15,15120,0.2,8760,40,138960
FINNIFTY02JAN2420350PE.NFO,02/01/2024,13:50:15,0.2,0.15,15000,0.2,6560,400,138960
FINNIFTY02JAN2420350PE.NFO,02/01/2024,13:50:24,0.2,0.15,16400,0.2,6800,0,138960
FINNIFTY02JAN2420350PE.NFO,02/01/2024,13:50:33,0.2,0.15,14640,0.2,2120,0,138960
FINNIFTY02JAN2420350PE.NFO,02/01/2024,13:50:42,0.2,0.15,15760,0.2,1160,880,138960
FINNIFTY02JAN2420350PE.NFO,02/01/2024,13:50:51,0.2,0.15,15560,0.2,2280,0,138960
FINNIFTY02JAN2420350PE.NFO,02/01/2024,13:51:01,0.2,0.15,14600,0.2,1160,800,138960
FINNIFTY02JAN2420350PE.NFO,02/01/2024,13:51:10,0.2,0.15,15880,0.2,1040,0,138960
FINNIFTY02JAN2420350PE.NFO,02/01/2024,13:51:19,0.15,0.15,15800,0.2,3960,520,138720
FINNIFTY02JAN2420350PE.NFO,02/01/2024,13:51:28,0.15,0.15,14400,0.2,3440,1440,138720
FINNIFTY02JAN2420350PE.NFO,02/01/2024,13:51:37,0.15,0.15,14320,0.2,5080,80,138720
FINNIFTY02JAN2420350PE.NFO,02/01/2024,13:51:46,0.2,0.15,14360,0.2,4960,240,138720
FINNIFTY02JAN2420350PE.NFO,02/01/2024,13:51:55,0.15,0.15,14320,0.2,5280,40,138720
FINNIFTY02JAN2420350PE.NFO,02/01/2024,13:52:04,0.15,0.15,14200,0.2,5280,120,138720
FINNIFTY02JAN2420350PE.NFO,02/01/2024,13:52:13,0.15,0.15,15080,0.2,5280,120,138720
FINNIFTY02JAN2420350PE.NFO,02/01/2024,13:52:22,0.2,0.15,15120,0.2,3480,520,138720
FINNIFTY02JAN2420350PE.NFO,02/01/2024,13:52:32,0.25,0.2,1720,0.25,9040,520,138720
FINNIFTY02JAN2420350PE.NFO,02/01/2024,13:52:41,0.2,0.15,14400,0.25,6400,2840,138720
FINNIFTY02JAN2420350PE.NFO,02/01/2024,13:52:51,0.2,0.2,1520,0.25,4320,40,138720
FINNIFTY02JAN2420350PE.NFO,02/01/2024,13:53:00,0.2,0.2,1440,0.25,6120,200,138720
FINNIFTY02JAN2420350PE.NFO,02/01/2024,13:53:09,0.2,0.2,1280,0.25,4320,160,138720
FINNIFTY02JAN2420350PE.NFO,02/01/2024,13:53:18,0.2,0.2,4320,0.25,5760,280,138720
FINNIFTY02JAN2420350PE.NFO,02/01/2024,13:53:28,0.2,0.2,2960,0.25,4320,0,138720
FINNIFTY02JAN2420350PE.NFO,02/01/2024,13:53:38,0.2,0.2,2960,0.25,3520,0,138720
FINNIFTY02JAN2420350PE.NFO,02/01/2024,13:53:47,0.2,0.2,1240,0.25,5720,7000,138720
FINNIFTY02JAN2420350PE.NFO,02/01/2024,13:53:57,0.2,0.15,12240,0.2,1040,1400,138720
FINNIFTY02JAN2420350PE.NFO,02/01/2024,13:54:26,0.15,0.15,12000,0.2,3560,200,142560
FINNIFTY02JAN2420350PE.NFO,02/01/2024,13:54:35,0.15,0.15,11720,0.2,4000,280,142560
FINNIFTY02JAN2420350PE.NFO,02/01/2024,13:54:44,0.15,0.15,12000,0.2,4040,320,142560
FINNIFTY02JAN2420350PE.NFO,02/01/2024,13:54:53,0.15,0.15,15360,0.2,4040,1640,142560
FINNIFTY02JAN2420350PE.NFO,02/01/2024,13:55:47,0.2,0.15,15360,0.2,3520,80,142560
FINNIFTY02JAN2420350PE.NFO,02/01/2024,13:56:13,0.2,0.15,15480,0.2,4360,1000,142560
FINNIFTY02JAN2420350PE.NFO,02/01/2024,13:56:21,0.2,0.15,16280,0.2,6280,0,142560
FINNIFTY02JAN2420350PE.NFO,02/01/2024,13:56:38,0.2,0.15,16280,0.2,4360,0,142560
FINNIFTY02JAN2420350PE.NFO,02/01/2024,13:56:56,0.2,0.15,16280,0.2,4800,80,142560
FINNIFTY02JAN2420350PE.NFO,02/01/2024,13:57:14,0.2,0.15,17920,0.2,5400,0,142560
FINNIFTY02JAN2420350PE.NFO,02/01/2024,13:57:39,0.2,0.15,16640,0.2,5400,0,142560
FINNIFTY02JAN2420350PE.NFO,02/01/2024,13:57:57,0.2,0.15,16640,0.2,6800,400,142920
FINNIFTY02JAN2420350PE.NFO,02/01/2024,13:58:05,0.2,0.15,16640,0.2,5000,0,142920
FINNIFTY02JAN2420350PE.NFO,02/01/2024,13:59:04,0.15,0.15,16320,0.2,5000,280,142920
FINNIFTY02JAN2420350PE.NFO,02/01/2024,13:59:48,0.15,0.15,11320,0.2,6800,120,142920
FINNIFTY02JAN2420350PE.NFO,02/01/2024,13:59:57,0.15,0.15,11160,0.2,6680,160,142920
FINNIFTY02JAN2420350PE.NFO,02/01/2024,14:00:06,0.15,0.15,11080,0.2,6640,120,142920
FINNIFTY02JAN2420350PE.NFO,02/01/2024,14:00:15,0.15,0.15,11080,0.2,5640,0,142920
FINNIFTY02JAN2420350PE.NFO,02/01/2024,14:00:23,0.2,0.15,11080,0.2,5560,80,143200
FINNIFTY02JAN2420350PE.NFO,02/01/2024,14:00:40,0.2,0.15,11080,0.2,5560,0,143200
FINNIFTY02JAN2420350PE.NFO,02/01/2024,14:00:57,0.2,0.15,11080,0.2,5080,0,143200
FINNIFTY02JAN2420350PE.NFO,02/01/2024,14:01:32,0.15,0.15,11040,0.2,9600,40,143200
FINNIFTY02JAN2420350PE.NFO,02/01/2024,14:01:50,0.2,0.15,9920,0.2,8680,1120,143200
FINNIFTY02JAN2420350PE.NFO,02/01/2024,14:01:59,0.2,0.15,9920,0.2,6360,0,143200
FINNIFTY02JAN2420350PE.NFO,02/01/2024,14:02:07,0.15,0.15,9720,0.2,9160,200,143200
FINNIFTY02JAN2420350PE.NFO,02/01/2024,14:02:16,0.15,0.15,9720,0.2,9680,0,143200
FINNIFTY02JAN2420350PE.NFO,02/01/2024,14:02:24,0.15,0.15,9480,0.2,9680,240,143200
FINNIFTY02JAN2420350PE.NFO,02/01/2024,14:02:33,0.15,0.15,9480,0.2,9680,0,143200
FINNIFTY02JAN2420350PE.NFO,02/01/2024,14:03:07,0.2,0.15,9480,0.2,7400,3400,143200
FINNIFTY02JAN2420350PE.NFO,02/01/2024,14:03:25,0.2,0.15,9480,0.2,5280,0,143200
FINNIFTY02JAN2420350PE.NFO,02/01/2024,14:03:43,0.2,0.15,9480,0.2,5600,80,142480
FINNIFTY02JAN2420350PE.NFO,02/01/2024,14:04:11,0.2,0.15,9480,0.2,5080,120,142480
FINNIFTY02JAN2420350PE.NFO,02/01/2024,14:04:20,0.2,0.15,9480,0.2,8080,120,142480
FINNIFTY02JAN2420350PE.NFO,02/01/2024,14:04:30,0.2,0.15,9480,0.2,8000,80,142480
FINNIFTY02JAN2420350PE.NFO,02/01/2024,14:04:39,0.2,0.15,9480,0.2,5720,0,142480
FINNIFTY02JAN2420350PE.NFO,02/01/2024,14:05:34,0.2,0.15,9480,0.2,6640,40,142480
FINNIFTY02JAN2420350PE.NFO,02/01/2024,14:05:43,0.2,0.15,9480,0.2,7840,120,142480
FINNIFTY02JAN2420350PE.NFO,02/01/2024,14:05:51,0.2,0.15,9440,0.2,6840,120,142480
FINNIFTY02JAN2420350PE.NFO,02/01/2024,14:06:00,0.2,0.15,9440,0.2,5000,40,142480
FINNIFTY02JAN2420350PE.NFO,02/01/2024,14:06:08,0.2,0.15,9440,0.2,8920,0,142480
FINNIFTY02JAN2420350PE.NFO,02/01/2024,14:06:16,0.2,0.15,9440,0.2,10080,40,142920
FINNIFTY02JAN2420350PE.NFO,02/01/2024,14:07:48,0.15,0.15,9400,0.2,9680,40,142920
FINNIFTY02JAN2420350PE.NFO,02/01/2024,14:08:20,0.15,0.15,9440,0.2,10080,0,142920
FINNIFTY02JAN2420350PE.NFO,02/01/2024,14:08:28,0.2,0.15,9440,0.2,9880,200,142920
FINNIFTY02JAN2420350PE.NFO,02/01/2024,14:08:37,0.2,0.15,9440,0.2,9880,0,142920
FINNIFTY02JAN2420350PE.NFO,02/01/2024,14:09:50,0.15,0.15,9200,0.2,9800,240,142880
FINNIFTY02JAN2420350PE.NFO,02/01/2024,14:10:13,0.15,0.15,9000,0.2,8080,240,142880
FINNIFTY02JAN2420350PE.NFO,02/01/2024,14:10:24,0.15,0.15,8840,0.2,9760,160,142880
FINNIFTY02JAN2420350PE.NFO,02/01/2024,14:10:34,0.15,0.15,8800,0.2,9880,40,142880
FINNIFTY02JAN2420350PE.NFO,02/01/2024,14:10:54,0.15,0.15,8640,0.2,9880,160,142880
FINNIFTY02JAN2420350PE.NFO,02/01/2024,14:11:04,0.15,0.15,8560,0.2,10760,200,142880
FINNIFTY02JAN2420350PE.NFO,02/01/2024,14:11:16,0.15,0.15,9440,0.2,12120,520,142880
FINNIFTY02JAN2420350PE.NFO,02/01/2024,14:11:28,0.15,0.15,9320,0.2,10520,120,142880
FINNIFTY02JAN2420350PE.NFO,02/01/2024,14:12:08,0.15,0.15,9120,0.2,10400,200,142880
FINNIFTY02JAN2420350PE.NFO,02/01/2024,14:12:18,0.15,0.15,9120,0.2,10400,0,142880
FINNIFTY02JAN2420350PE.NFO,02/01/2024,14:12:28,0.2,0.15,9120,0.2,10320,200,142080
FINNIFTY02JAN2420350PE.NFO,02/01/2024,14:12:56,0.15,0.15,8440,0.2,10320,480,142080
FINNIFTY02JAN2420350PE.NFO,02/01/2024,14:13:06,0.15,0.15,8200,0.2,10320,240,142080
FINNIFTY02JAN2420350PE.NFO,02/01/2024,14:13:16,0.15,0.15,9760,0.2,10320,240,142080
FINNIFTY02JAN2420350PE.NFO,02/01/2024,14:13:27,0.15,0.15,11680,0.2,10320,360,142080
FINNIFTY02JAN2420350PE.NFO,02/01/2024,14:13:37,0.15,0.15,9800,0.2,9400,240,142080
FINNIFTY02JAN2420350PE.NFO,02/01/2024,14:13:48,0.15,0.15,9760,0.2,9400,40,142080
FINNIFTY02JAN2420350PE.NFO,02/01/2024,14:13:58,0.2,0.15,9760,0.2,7400,200,142080
FINNIFTY02JAN2420350PE.NFO,02/01/2024,14:14:09,0.2,0.15,9760,0.2,9080,120,142080
FINNIFTY02JAN2420350PE.NFO,02/01/2024,14:14:20,0.2,0.15,9760,0.2,8120,840,142080
FINNIFTY02JAN2420350PE.NFO,02/01/2024,14:14:50,0.2,0.15,9760,0.2,6960,1280,142080
FINNIFTY02JAN2420350PE.NFO,02/01/2024,14:14:59,0.2,0.15,9640,0.2,8600,160,142080
FINNIFTY02JAN2420350PE.NFO,02/01/2024,14:15:09,0.2,0.15,9640,0.2,5880,0,142080
FINNIFTY02JAN2420350PE.NFO,02/01/2024,14:15:18,0.15,0.15,10720,0.2,8600,720,138200
FINNIFTY02JAN2420350PE.NFO,02/01/2024,14:15:28,0.15,0.15,10720,0.2,8600,0,138200
FINNIFTY02JAN2420350PE.NFO,02/01/2024,14:15:38,0.15,0.15,10640,0.2,8600,0,138200
FINNIFTY02JAN2420350PE.NFO,02/01/2024,14:15:47,0.15,0.15,10680,0.2,8160,0,138200
FINNIFTY02JAN2420350PE.NFO,02/01/2024,14:16:25,0.2,0.15,10680,0.2,8120,40,138200
FINNIFTY02JAN2420350PE.NFO,02/01/2024,14:17:01,0.2,0.15,10680,0.2,6320,1000,138200
FINNIFTY02JAN2420350PE.NFO,02/01/2024,14:17:37,0.2,0.15,10680,0.2,6280,0,138200
FINNIFTY02JAN2420350PE.NFO,02/01/2024,14:17:47,0.2,0.15,10680,0.2,6560,200,138200
FINNIFTY02JAN2420350PE.NFO,02/01/2024,14:17:57,0.2,0.15,10680,0.2,4320,120,138200
FINNIFTY02JAN2420350PE.NFO,02/01/2024,14:18:45,0.2,0.15,10680,0.2,5880,240,137280
FINNIFTY02JAN2420350PE.NFO,02/01/2024,14:19:06,0.2,0.15,10680,0.2,8600,0,137280
FINNIFTY02JAN2420350PE.NFO,02/01/2024,14:19:17,0.2,0.15,10680,0.2,8640,0,137280
FINNIFTY02JAN2420350PE.NFO,02/01/2024,14:19:27,0.15,0.15,10400,0.2,8640,280,137280
FINNIFTY02JAN2420350PE.NFO,02/01/2024,14:19:38,0.15,0.15,9360,0.2,5920,1000,137280
FINNIFTY02JAN2420350PE.NFO,02/01/2024,14:19:48,0.15,0.15,8920,0.2,8640,440,137280
FINNIFTY02JAN2420350PE.NFO,02/01/2024,14:19:57,0.15,0.15,8680,0.2,8640,240,137280
FINNIFTY02JAN2420350PE.NFO,02/01/2024,14:20:07,0.15,0.15,6760,0.2,9280,440,137280
FINNIFTY02JAN2420350PE.NFO,02/01/2024,14:20:17,0.15,0.15,6520,0.2,9240,240,137280
FINNIFTY02JAN2420350PE.NFO,02/01/2024,14:20:26,0.15,0.1,36560,0.15,10080,8840,137280
FINNIFTY02JAN2420350PE.NFO,02/01/2024,14:20:36,0.1,0.1,36920,0.15,9080,120,137280
FINNIFTY02JAN2420350PE.NFO,02/01/2024,14:20:45,0.1,0.1,37080,0.15,7280,40,137280
FINNIFTY02JAN2420350PE.NFO,02/01/2024,14:20:54,0.1,0.1,29920,0.15,9080,0,137280
FINNIFTY02JAN2420350PE.NFO,02/01/2024,14:21:04,0.1,0.1,32200,0.15,7280,0,137280
FINNIFTY02JAN2420350PE.NFO,02/01/2024,14:21:22,0.1,0.1,32160,0.15,7280,0,137280
FINNIFTY02JAN2420350PE.NFO,02/01/2024,14:21:40,0.15,0.1,30720,0.15,10480,400,142440
FINNIFTY02JAN2420350PE.NFO,02/01/2024,14:21:59,0.15,0.1,30720,0.15,10800,0,142440
FINNIFTY02JAN2420350PE.NFO,02/01/2024,14:22:08,0.15,0.1,30720,0.15,13640,440,142440
FINNIFTY02JAN2420350PE.NFO,02/01/2024,14:22:17,0.15,0.1,30720,0.15,8040,200,142440
FINNIFTY02JAN2420350PE.NFO,02/01/2024,14:22:27,0.1,0.1,30440,0.15,8040,280,142440
FINNIFTY02JAN2420350PE.NFO,02/01/2024,14:22:36,0.1,0.1,30360,0.15,8040,0,142440
FINNIFTY02JAN2420350PE.NFO,02/01/2024,14:22:45,0.15,0.1,30480,0.15,7120,920,142440
FINNIFTY02JAN2420350PE.NFO,02/01/2024,14:22:55,0.15,0.1,31880,0.15,13640,560,142440
FINNIFTY02JAN2420350PE.NFO,02/01/2024,14:23:04,0.15,0.1,31800,0.15,13640,0,142440
FINNIFTY02JAN2420350PE.NFO,02/01/2024,14:23:59,0.15,0.1,30360,0.15,10040,0,142440
FINNIFTY02JAN2420350PE.NFO,02/01/2024,14:24:53,0.15,0.1,28560,0.15,8240,0,142440
FINNIFTY02JAN2420350PE.NFO,02/01/2024,14:25:01,0.15,0.1,32160,0.15,8240,0,142440
FINNIFTY02JAN2420350PE.NFO,02/01/2024,14:25:10,0.15,0.1,32120,0.15,12160,0,142440
FINNIFTY02JAN2420350PE.NFO,02/01/2024,14:25:47,0.15,0.1,32120,0.15,10360,1040,142680
FINNIFTY02JAN2420350PE.NFO,02/01/2024,14:25:56,0.15,0.1,31280,0.15,7680,880,142680
FINNIFTY02JAN2420350PE.NFO,02/01/2024,14:26:05,0.15,0.1,31240,0.15,8000,0,142680
FINNIFTY02JAN2420350PE.NFO,02/01/2024,14:26:13,0.15,0.1,19120,0.15,9800,0,142680
FINNIFTY02JAN2420350PE.NFO,02/01/2024,14:26:22,0.15,0.1,20440,0.15,7600,80,142680
FINNIFTY02JAN2420350PE.NFO,02/01/2024,14:26:31,0.15,0.1,30880,0.15,9400,0,142680
FINNIFTY02JAN2420350PE.NFO,02/01/2024,14:26:50,0.15,0.1,30880,0.15,11160,40,142680
FINNIFTY02JAN2420350PE.NFO,02/01/2024,14:27:26,0.15,0.1,30880,0.15,11160,0,142680
FINNIFTY02JAN2420350PE.NFO,02/01/2024,14:27:52,0.15,0.1,30880,0.15,9360,0,142680
FINNIFTY02JAN2420350PE.NFO,02/01/2024,14:28:11,0.15,0.1,30880,0.15,8760,3400,142080
FINNIFTY02JAN2420350PE.NFO,02/01/2024,14:28:55,0.15,0.1,30880,0.15,14080,80,142080
FINNIFTY02JAN2420350PE.NFO,02/01/2024,14:29:47,0.15,0.1,30880,0.15,12400,120,142080
FINNIFTY02JAN2420350PE.NFO,02/01/2024,14:29:57,0.15,0.1,30880,0.15,12400,0,142080
FINNIFTY02JAN2420350PE.NFO,02/01/2024,14:30:06,0.15,0.1,30880,0.15,15960,40,142080
FINNIFTY02JAN2420350PE.NFO,02/01/2024,14:30:16,0.15,0.1,30880,0.15,12360,0,142080
FINNIFTY02JAN2420350PE.NFO,02/01/2024,14:30:25,0.15,0.1,30920,0.15,13840,0,142080
FINNIFTY02JAN2420350PE.NFO,02/01/2024,14:31:04,0.15,0.1,30880,0.15,15600,40,142080
FINNIFTY02JAN2420350PE.NFO,02/01/2024,14:31:13,0.15,0.1,30880,0.15,15040,560,142080
FINNIFTY02JAN2420350PE.NFO,02/01/2024,14:31:22,0.15,0.1,30880,0.15,14840,200,142080
FINNIFTY02JAN2420350PE.NFO,02/01/2024,14:31:58,0.15,0.1,30880,0.15,14440,400,142080
FINNIFTY02JAN2420350PE.NFO,02/01/2024,14:32:07,0.15,0.1,30880,0.15,14560,1960,142080
FINNIFTY02JAN2420350PE.NFO,02/01/2024,14:32:16,0.15,0.1,30880,0.15,15080,600,142080
FINNIFTY02JAN2420350PE.NFO,02/01/2024,14:32:35,0.15,0.1,30880,0.15,16840,40,142080
FINNIFTY02JAN2420350PE.NFO,02/01/2024,14:32:44,0.15,0.1,30880,0.15,11280,160,142080
FINNIFTY02JAN2420350PE.NFO,02/01/2024,14:32:53,0.15,0.1,30880,0.15,11160,120,142080
FINNIFTY02JAN2420350PE.NFO,02/01/2024,14:33:02,0.15,0.1,30880,0.15,10800,40,142080
FINNIFTY02JAN2420350PE.NFO,02/01/2024,14:33:11,0.15,0.1,30880,0.15,11160,80,142080
FINNIFTY02JAN2420350PE.NFO,02/01/2024,14:33:20,0.15,0.1,30880,0.15,12200,440,142280
FINNIFTY02JAN2420350PE.NFO,02/01/2024,14:33:30,0.15,0.1,30880,0.15,12080,120,142280
FINNIFTY02JAN2420350PE.NFO,02/01/2024,14:33:39,0.15,0.1,30880,0.15,10240,40,142280
FINNIFTY02JAN2420350PE.NFO,02/01/2024,14:33:49,0.15,0.1,30880,0.15,11920,120,142280
FINNIFTY02JAN2420350PE.NFO,02/01/2024,14:33:58,0.15,0.1,30880,0.15,11840,80,142280
FINNIFTY02JAN2420350PE.NFO,02/01/2024,14:34:07,0.15,0.1,30880,0.15,11800,40,142280
FINNIFTY02JAN2420350PE.NFO,02/01/2024,14:34:16,0.15,0.1,30880,0.15,11800,0,142280
FINNIFTY02JAN2420350PE.NFO,02/01/2024,14:34:26,0.15,0.1,28640,0.15,9960,40,142280
FINNIFTY02JAN2420350PE.NFO,02/01/2024,14:35:00,0.15,0.1,34040,0.15,11720,40,142280
FINNIFTY02JAN2420350PE.NFO,02/01/2024,14:35:09,0.15,0.1,34040,0.15,11680,40,142280
FINNIFTY02JAN2420350PE.NFO,02/01/2024,14:35:19,0.15,0.1,33640,0.15,11800,600,142280
FINNIFTY02JAN2420350PE.NFO,02/01/2024,14:35:29,0.15,0.1,33640,0.15,11400,80,142280
FINNIFTY02JAN2420350PE.NFO,02/01/2024,14:35:38,0.15,0.1,33640,0.15,11320,80,142280
FINNIFTY02JAN2420350PE.NFO,02/01/2024,14:35:47,0.15,0.1,33640,0.15,11280,40,142280
FINNIFTY02JAN2420350PE.NFO,02/01/2024,14:35:56,0.15,0.1,33680,0.15,5920,8480,142280
FINNIFTY02JAN2420350PE.NFO,02/01/2024,14:36:05,0.15,0.1,33680,0.15,3160,120,142280
FINNIFTY02JAN2420350PE.NFO,02/01/2024,14:36:14,0.15,0.1,33680,0.15,3080,80,142280
FINNIFTY02JAN2420350PE.NFO,02/01/2024,14:36:23,0.15,0.1,33680,0.15,4000,80,141400
FINNIFTY02JAN2420350PE.NFO,02/01/2024,14:36:33,0.15,0.1,33640,0.15,5800,0,141400
FINNIFTY02JAN2420350PE.NFO,02/01/2024,14:36:42,0.15,0.1,33640,0.15,5720,80,141400
FINNIFTY02JAN2420350PE.NFO,02/01/2024,14:36:50,0.15,0.1,33640,0.15,3880,40,141400
FINNIFTY02JAN2420350PE.NFO,02/01/2024,14:37:00,0.15,0.1,33640,0.15,4040,80,141400
FINNIFTY02JAN2420350PE.NFO,02/01/2024,14:37:09,0.15,0.1,33640,0.15,4040,0,141400
FINNIFTY02JAN2420350PE.NFO,02/01/2024,14:37:17,0.15,0.1,33640,0.15,7880,80,141400
FINNIFTY02JAN2420350PE.NFO,02/01/2024,14:37:26,0.15,0.15,4720,0.2,5480,6040,141400
FINNIFTY02JAN2420350PE.NFO,02/01/2024,14:37:37,0.15,0.15,3200,0.2,7720,2360,141400
FINNIFTY02JAN2420350PE.NFO,02/01/2024,14:37:47,0.15,0.15,3360,0.2,5480,360,141400
FINNIFTY02JAN2420350PE.NFO,02/01/2024,14:37:57,0.15,0.15,4840,0.2,3680,1520,141400
FINNIFTY02JAN2420350PE.NFO,02/01/2024,14:38:09,0.15,0.15,2120,0.2,5480,2400,141400
FINNIFTY02JAN2420350PE.NFO,02/01/2024,14:38:20,0.2,0.15,1880,0.2,8400,600,141400
FINNIFTY02JAN2420350PE.NFO,02/01/2024,14:38:33,0.15,0.15,3560,0.2,9840,1280,141400
FINNIFTY02JAN2420350PE.NFO,02/01/2024,14:38:45,0.2,0.15,3360,0.2,7040,2680,141400
FINNIFTY02JAN2420350PE.NFO,02/01/2024,14:38:55,0.2,0.15,3360,0.2,5000,240,141400
FINNIFTY02JAN2420350PE.NFO,02/01/2024,14:39:06,0.2,0.15,200,0.2,15040,2080,141400
FINNIFTY02JAN2420350PE.NFO,02/01/2024,14:39:15,0.2,0.15,9400,0.2,13200,560,138440
FINNIFTY02JAN2420350PE.NFO,02/01/2024,14:39:25,0.2,0.15,3200,0.2,11600,240,138440
FINNIFTY02JAN2420350PE.NFO,02/01/2024,14:39:34,0.2,0.15,3160,0.2,11000,760,138440
FINNIFTY02JAN2420350PE.NFO,02/01/2024,14:39:44,0.2,0.15,4960,0.2,11760,240,138440
FINNIFTY02JAN2420350PE.NFO,02/01/2024,14:39:55,0.2,0.15,6760,0.2,11440,320,138440
FINNIFTY02JAN2420350PE.NFO,02/01/2024,14:40:06,0.2,0.15,6760,0.2,12960,280,138440
FINNIFTY02JAN2420350PE.NFO,02/01/2024,14:40:16,0.2,0.15,6680,0.2,12720,320,138440
FINNIFTY02JAN2420350PE.NFO,02/01/2024,14:40:25,0.2,0.15,200,0.2,14360,7080,138440
FINNIFTY02JAN2420350PE.NFO,02/01/2024,14:40:36,0.15,0.1,19680,0.15,2400,2480,138440
FINNIFTY02JAN2420350PE.NFO,02/01/2024,14:40:48,0.15,0.1,30400,0.2,15560,2760,138440
FINNIFTY02JAN2420350PE.NFO,02/01/2024,14:40:59,0.2,0.1,33560,0.2,19560,400,138440
FINNIFTY02JAN2420350PE.NFO,02/01/2024,14:41:09,0.2,0.15,40,0.2,12120,200,138440
FINNIFTY02JAN2420350PE.NFO,02/01/2024,14:41:20,0.2,0.15,4560,0.2,11920,0,138440
FINNIFTY02JAN2420350PE.NFO,02/01/2024,14:41:29,0.15,0.15,4880,0.2,12560,680,138440
FINNIFTY02JAN2420350PE.NFO,02/01/2024,14:41:39,0.15,0.15,2760,0.2,13000,0,138440
FINNIFTY02JAN2420350PE.NFO,02/01/2024,14:41:49,0.15,0.15,3960,0.2,14280,680,138440
FINNIFTY02JAN2420350PE.NFO,02/01/2024,14:41:58,0.15,0.15,3760,0.2,14280,600,138440
FINNIFTY02JAN2420350PE.NFO,02/01/2024,14:42:08,0.15,0.1,33880,0.2,12560,120,138440
FINNIFTY02JAN2420350PE.NFO,02/01/2024,14:42:17,0.15,0.1,33920,0.15,2600,0,138440
FINNIFTY02JAN2420350PE.NFO,02/01/2024,14:42:26,0.15,0.1,32360,0.15,8080,0,138440
FINNIFTY02JAN2420350PE.NFO,02/01/2024,14:42:45,0.15,0.1,34280,0.15,5520,600,139560
FINNIFTY02JAN2420350PE.NFO,02/01/2024,14:42:55,0.15,0.1,34640,0.15,4920,480,139560
FINNIFTY02JAN2420350PE.NFO,02/01/2024,14:43:13,0.15,0.1,33040,0.15,7600,0,139560
FINNIFTY02JAN2420350PE.NFO,02/01/2024,14:43:23,0.15,0.1,34200,0.15,7600,0,139560
FINNIFTY02JAN2420350PE.NFO,02/01/2024,14:43:42,0.15,0.1,32640,0.15,7520,200,139560
FINNIFTY02JAN2420350PE.NFO,02/01/2024,14:43:51,0.15,0.1,34200,0.15,6000,1400,139560
FINNIFTY02JAN2420350PE.NFO,02/01/2024,14:44:00,0.15,0.1,36360,0.15,7560,0,139560
FINNIFTY02JAN2420350PE.NFO,02/01/2024,14:44:09,0.15,0.1,37560,0.15,7520,40,139560
FINNIFTY02JAN2420350PE.NFO,02/01/2024,14:44:19,0.15,0.1,37240,0.15,2760,520,139560
FINNIFTY02JAN2420350PE.NFO,02/01/2024,14:44:29,0.15,0.1,47760,0.15,6840,480,139560
FINNIFTY02JAN2420350PE.NFO,02/01/2024,14:44:40,0.15,0.1,49360,0.15,880,240,139560
FINNIFTY02JAN2420350PE.NFO,02/01/2024,14:44:50,0.15,0.1,49320,0.15,7040,680,139560
FINNIFTY02JAN2420350PE.NFO,02/01/2024,14:45:00,0.15,0.1,49360,0.15,440,0,139560
FINNIFTY02JAN2420350PE.NFO,02/01/2024,14:45:10,0.15,0.1,47040,0.15,440,0,139560
FINNIFTY02JAN2420350PE.NFO,02/01/2024,14:45:38,0.15,0.1,50560,0.15,360,0,139560
FINNIFTY02JAN2420350PE.NFO,02/01/2024,14:45:48,0.15,0.1,50520,0.15,8080,0,139560
FINNIFTY02JAN2420350PE.NFO,02/01/2024,14:45:57,0.1,0.1,50440,0.15,6440,80,143800
FINNIFTY02JAN2420350PE.NFO,02/01/2024,14:46:07,0.1,0.1,46440,0.15,8080,400,143800
FINNIFTY02JAN2420350PE.NFO,02/01/2024,14:46:16,0.1,0.1,45160,0.15,6280,680,143800
FINNIFTY02JAN2420350PE.NFO,02/01/2024,14:46:25,0.1,0.1,44800,0.15,6280,360,143800
FINNIFTY02JAN2420350PE.NFO,02/01/2024,14:46:35,0.1,0.1,41800,0.15,6760,240,143800
FINNIFTY02JAN2420350PE.NFO,02/01/2024,14:46:45,0.1,0.1,42680,0.15,6600,240,143800
FINNIFTY02JAN2420350PE.NFO,02/01/2024,14:46:54,0.1,0.1,42480,0.15,6720,200,143800
FINNIFTY02JAN2420350PE.NFO,02/01/2024,14:47:03,0.1,0.1,42280,0.15,6720,200,143800
FINNIFTY02JAN2420350PE.NFO,02/01/2024,14:47:13,0.1,0.1,42120,0.15,7520,160,143800
FINNIFTY02JAN2420350PE.NFO,02/01/2024,14:47:22,0.1,0.1,42120,0.15,7520,0,143800
FINNIFTY02JAN2420350PE.NFO,02/01/2024,14:48:17,0.15,0.1,42120,0.15,10800,80,142040
FINNIFTY02JAN2420350PE.NFO,02/01/2024,14:48:27,0.15,0.1,42120,0.15,10560,240,142040
FINNIFTY02JAN2420350PE.NFO,02/01/2024,14:48:36,0.15,0.1,42120,0.15,7160,200,142040
FINNIFTY02JAN2420350PE.NFO,02/01/2024,14:48:46,0.15,0.1,42120,0.15,6920,240,142040
FINNIFTY02JAN2420350PE.NFO,02/01/2024,14:48:55,0.15,0.1,42120,0.15,6840,80,142040
FINNIFTY02JAN2420350PE.NFO,02/01/2024,14:49:50,0.15,0.1,42120,0.15,6840,0,142040
FINNIFTY02JAN2420350PE.NFO,02/01/2024,14:51:06,0.15,0.1,41000,0.15,1800,0,142040
FINNIFTY02JAN2420350PE.NFO,02/01/2024,14:51:15,0.15,0.1,41000,0.15,8760,0,142040
FINNIFTY02JAN2420350PE.NFO,02/01/2024,14:51:34,0.15,0.1,41000,0.15,6960,0,142040
FINNIFTY02JAN2420350PE.NFO,02/01/2024,14:51:52,0.1,0.1,40960,0.15,6960,40,142880
FINNIFTY02JAN2420350PE.NFO,02/01/2024,14:52:03,0.1,0.1,40760,0.15,8760,200,142880
FINNIFTY02JAN2420350PE.NFO,02/01/2024,14:52:13,0.1,0.1,40520,0.15,8760,240,142880
FINNIFTY02JAN2420350PE.NFO,02/01/2024,14:52:23,0.1,0.1,40240,0.15,6960,280,142880
FINNIFTY02JAN2420350PE.NFO,02/01/2024,14:52:33,0.1,0.1,27920,0.15,8360,720,142880
FINNIFTY02JAN2420350PE.NFO,02/01/2024,14:52:42,0.1,0.1,13480,0.15,7480,280,142880
FINNIFTY02JAN2420350PE.NFO,02/01/2024,14:52:52,0.1,0.1,14760,0.15,7480,280,142880
FINNIFTY02JAN2420350PE.NFO,02/01/2024,14:53:01,0.1,0.1,14560,0.15,10840,200,142880
FINNIFTY02JAN2420350PE.NFO,02/01/2024,14:53:10,0.1,0.1,12760,0.15,7480,240,142880
FINNIFTY02JAN2420350PE.NFO,02/01/2024,14:53:20,0.1,0.1,13200,0.15,7480,1120,142880
FINNIFTY02JAN2420350PE.NFO,02/01/2024,14:53:29,0.1,0.1,12880,0.15,7360,320,142880
FINNIFTY02JAN2420350PE.NFO,02/01/2024,14:53:39,0.1,0.1,11800,0.15,7160,400,142880
FINNIFTY02JAN2420350PE.NFO,02/01/2024,14:53:48,0.1,0.1,8720,0.15,7360,1520,142880
FINNIFTY02JAN2420350PE.NFO,02/01/2024,14:53:58,0.1,0.1,10040,0.15,7360,240,142880
FINNIFTY02JAN2420350PE.NFO,02/01/2024,14:54:07,0.1,0.1,9920,0.15,7360,120,142880
FINNIFTY02JAN2420350PE.NFO,02/01/2024,14:54:16,0.1,0.1,9720,0.15,13720,200,142880
FINNIFTY02JAN2420350PE.NFO,02/01/2024,14:54:26,0.1,0.1,9560,0.15,13720,160,139320
FINNIFTY02JAN2420350PE.NFO,02/01/2024,14:54:37,0.1,0.1,9480,0.15,13720,80,139320
FINNIFTY02JAN2420350PE.NFO,02/01/2024,14:54:47,0.1,0.1,10200,0.15,10720,160,139320
