Ticker,Date,Time,LTP,BuyPrice,BuyQty,SellPrice,SellQty,LTQ,OpenInterest
FINNIFTY02JAN2418900PE.NFO,02/01/2024,09:15:27,0.15,0.15,360,0.2,8320,3000,31040
FINNIFTY02JAN2418900PE.NFO,02/01/2024,09:15:27,0.2,0.15,360,0.2,8320,0,31040
FINNIFTY02JAN2418900PE.NFO,02/01/2024,09:15:27,0.2,0.15,360,0.2,8320,0,31040
FINNIFTY02JAN2418900PE.NFO,02/01/2024,09:15:27,0.15,0.15,360,0.2,8320,0,31040
FINNIFTY02JAN2418900PE.NFO,02/01/2024,09:15:39,0.2,0.15,360,0.2,8320,0,31040
FINNIFTY02JAN2418900PE.NFO,02/01/2024,09:15:49,0.2,0.15,360,0.2,9520,0,31040
FINNIFTY02JAN2418900PE.NFO,02/01/2024,09:16:00,0.2,0.15,1680,0.2,7720,1800,31040
FINNIFTY02JAN2418900PE.NFO,02/01/2024,09:16:11,0.2,0.15,1680,0.2,5840,1880,31040
FINNIFTY02JAN2418900PE.NFO,02/01/2024,09:16:50,0.2,0.15,1680,0.2,6480,0,31040
FINNIFTY02JAN2418900PE.NFO,02/01/2024,09:17:19,0.15,0.15,1640,0.2,6480,40,31040
FINNIFTY02JAN2418900PE.NFO,02/01/2024,09:17:28,0.15,0.15,1640,0.2,6480,0,31040
FINNIFTY02JAN2418900PE.NFO,02/01/2024,09:17:38,0.15,0.15,2400,0.2,6480,40,25560
FINNIFTY02JAN2418900PE.NFO,02/01/2024,09:17:57,0.15,0.15,2400,0.2,6480,0,25560
FINNIFTY02JAN2418900PE.NFO,02/01/2024,09:18:26,0.15,0.15,2040,0.2,6480,0,25560
FINNIFTY02JAN2418900PE.NFO,02/01/2024,09:20:25,0.2,0.15,2040,0.2,6080,400,25560
FINNIFTY02JAN2418900PE.NFO,02/01/2024,09:20:54,0.2,0.15,2040,0.2,6080,0,25560
FINNIFTY02JAN2418900PE.NFO,02/01/2024,09:21:14,0.2,0.15,2040,0.2,5680,400,25560
FINNIFTY02JAN2418900PE.NFO,02/01/2024,09:21:24,0.2,0.15,1600,0.2,4960,80,25560
FINNIFTY02JAN2418900PE.NFO,02/01/2024,09:21:35,0.15,0.15,1120,0.2,5560,480,25560
FINNIFTY02JAN2418900PE.NFO,02/01/2024,09:21:45,0.15,0.15,1120,0.2,5560,0,25560
FINNIFTY02JAN2418900PE.NFO,02/01/2024,09:22:30,0.15,0.15,1120,0.2,6040,0,25560
FINNIFTY02JAN2418900PE.NFO,02/01/2024,09:23:37,0.2,0.15,1120,0.2,5760,280,25560
FINNIFTY02JAN2418900PE.NFO,02/01/2024,09:23:56,0.2,0.15,1120,0.2,5600,160,25560
FINNIFTY02JAN2418900PE.NFO,02/01/2024,09:24:05,0.2,0.15,1120,0.2,5160,440,25560
FINNIFTY02JAN2418900PE.NFO,02/01/2024,09:24:14,0.2,0.15,1120,0.2,5080,80,25560
FINNIFTY02JAN2418900PE.NFO,02/01/2024,09:24:24,0.2,0.15,1120,0.2,4920,160,25560
FINNIFTY02JAN2418900PE.NFO,02/01/2024,09:24:54,0.2,0.15,1120,0.2,4760,160,25560
FINNIFTY02JAN2418900PE.NFO,02/01/2024,09:25:04,0.2,0.15,1440,0.2,4480,280,25560
FINNIFTY02JAN2418900PE.NFO,02/01/2024,09:25:15,0.2,0.15,1440,0.2,4400,80,25560
FINNIFTY02JAN2418900PE.NFO,02/01/2024,09:25:26,0.2,0.15,1440,0.2,4040,360,25560
FINNIFTY02JAN2418900PE.NFO,02/01/2024,09:25:36,0.2,0.15,1440,0.2,3480,560,25560
FINNIFTY02JAN2418900PE.NFO,02/01/2024,09:25:45,0.2,0.15,1440,0.2,1640,1840,25560
FINNIFTY02JAN2418900PE.NFO,02/01/2024,09:25:55,0.2,0.15,1440,0.25,520,1800,25560
FINNIFTY02JAN2418900PE.NFO,02/01/2024,09:26:05,0.3,0.2,480,0.3,1120,1800,25560
FINNIFTY02JAN2418900PE.NFO,02/01/2024,09:26:05,0.3,0.2,480,0.3,1120,0,25560
FINNIFTY02JAN2418900PE.NFO,02/01/2024,09:26:15,0.3,0.2,400,0.3,1080,840,25560
FINNIFTY02JAN2418900PE.NFO,02/01/2024,09:26:25,0.3,0.15,2960,0.3,320,1520,25560
FINNIFTY02JAN2418900PE.NFO,02/01/2024,09:26:35,0.3,0.2,200,0.3,200,0,25560
FINNIFTY02JAN2418900PE.NFO,02/01/2024,09:26:46,0.15,0.15,2800,0.25,240,400,27960
FINNIFTY02JAN2418900PE.NFO,02/01/2024,09:26:57,0.15,0.15,1760,0.2,240,1960,27960
FINNIFTY02JAN2418900PE.NFO,02/01/2024,09:27:07,0.15,0.15,1640,0.2,840,120,27960
FINNIFTY02JAN2418900PE.NFO,02/01/2024,09:27:17,0.15,0.15,1520,0.2,1080,120,27960
FINNIFTY02JAN2418900PE.NFO,02/01/2024,09:27:27,0.15,0.15,1520,0.2,1080,0,27960
FINNIFTY02JAN2418900PE.NFO,02/01/2024,09:27:57,0.15,0.15,1360,0.2,1080,0,27960
FINNIFTY02JAN2418900PE.NFO,02/01/2024,09:28:07,0.15,0.15,1400,0.2,1080,0,27960
FINNIFTY02JAN2418900PE.NFO,02/01/2024,09:28:17,0.2,0.15,1360,0.2,600,800,27960
FINNIFTY02JAN2418900PE.NFO,02/01/2024,09:28:28,0.25,0.2,160,0.25,760,1160,27960
FINNIFTY02JAN2418900PE.NFO,02/01/2024,09:28:41,0.2,0.15,8400,0.25,760,160,27960
FINNIFTY02JAN2418900PE.NFO,02/01/2024,09:28:54,0.25,0.15,8560,0.3,480,960,27960
FINNIFTY02JAN2418900PE.NFO,02/01/2024,09:29:05,0.25,0.2,4160,0.3,6200,1480,27960
FINNIFTY02JAN2418900PE.NFO,02/01/2024,09:29:15,0.25,0.2,560,0.3,6200,0,27960
FINNIFTY02JAN2418900PE.NFO,02/01/2024,09:29:38,0.25,0.2,2360,0.3,7200,0,27960
FINNIFTY02JAN2418900PE.NFO,02/01/2024,09:29:48,0.25,0.2,2960,0.3,7200,0,27960
FINNIFTY02JAN2418900PE.NFO,02/01/2024,09:30:28,0.25,0.2,2640,0.3,7200,400,28880
FINNIFTY02JAN2418900PE.NFO,02/01/2024,09:30:58,0.25,0.2,2640,0.3,7200,1440,28880
FINNIFTY02JAN2418900PE.NFO,02/01/2024,09:31:10,0.25,0.2,2640,0.3,7200,0,28880
FINNIFTY02JAN2418900PE.NFO,02/01/2024,09:31:20,0.25,0.2,2640,0.3,7200,760,28880
FINNIFTY02JAN2418900PE.NFO,02/01/2024,09:31:49,0.2,0.2,2600,0.3,7440,40,28880
FINNIFTY02JAN2418900PE.NFO,02/01/2024,09:31:59,0.2,0.2,2600,0.3,7440,0,28880
FINNIFTY02JAN2418900PE.NFO,02/01/2024,09:32:08,0.25,0.2,2600,0.3,8520,400,28880
FINNIFTY02JAN2418900PE.NFO,02/01/2024,09:32:18,0.25,0.2,2600,0.25,1080,0,28880
FINNIFTY02JAN2418900PE.NFO,02/01/2024,09:32:28,0.25,0.2,2600,0.25,1200,0,28880
FINNIFTY02JAN2418900PE.NFO,02/01/2024,09:32:48,0.2,0.2,1480,0.25,4800,1800,30560
FINNIFTY02JAN2418900PE.NFO,02/01/2024,09:32:57,0.2,0.2,1480,0.25,6680,0,30560
FINNIFTY02JAN2418900PE.NFO,02/01/2024,09:33:07,0.2,0.2,1280,0.25,8480,0,30560
FINNIFTY02JAN2418900PE.NFO,02/01/2024,09:33:17,0.2,0.2,1280,0.25,8560,0,30560
FINNIFTY02JAN2418900PE.NFO,02/01/2024,09:33:26,0.25,0.2,1280,0.25,8440,120,30560
FINNIFTY02JAN2418900PE.NFO,02/01/2024,09:33:36,0.25,0.2,1320,0.25,8560,160,30560
FINNIFTY02JAN2418900PE.NFO,02/01/2024,09:33:45,0.25,0.2,760,0.25,8440,120,30560
FINNIFTY02JAN2418900PE.NFO,02/01/2024,09:34:05,0.25,0.2,760,0.25,8720,120,30560
FINNIFTY02JAN2418900PE.NFO,02/01/2024,09:34:50,0.2,0.2,680,0.25,8720,80,30560
FINNIFTY02JAN2418900PE.NFO,02/01/2024,09:34:59,0.25,0.2,680,0.25,9240,120,30560
FINNIFTY02JAN2418900PE.NFO,02/01/2024,09:35:08,0.25,0.2,680,0.25,9120,120,30560
FINNIFTY02JAN2418900PE.NFO,02/01/2024,09:35:17,0.2,0.2,640,0.25,9120,40,30560
FINNIFTY02JAN2418900PE.NFO,02/01/2024,09:35:27,0.25,0.2,600,0.25,8760,160,30560
FINNIFTY02JAN2418900PE.NFO,02/01/2024,09:35:37,0.2,0.2,560,0.25,8960,40,30560
FINNIFTY02JAN2418900PE.NFO,02/01/2024,09:35:46,0.25,0.2,560,0.25,8680,280,30560
FINNIFTY02JAN2418900PE.NFO,02/01/2024,09:36:05,0.25,0.2,560,0.25,9120,0,30560
FINNIFTY02JAN2418900PE.NFO,02/01/2024,09:36:24,0.25,0.2,560,0.25,8800,240,30560
FINNIFTY02JAN2418900PE.NFO,02/01/2024,09:36:33,0.25,0.2,560,0.25,8640,120,30560
FINNIFTY02JAN2418900PE.NFO,02/01/2024,09:36:51,0.25,0.2,560,0.25,8560,120,30560
FINNIFTY02JAN2418900PE.NFO,02/01/2024,09:37:18,0.2,0.2,520,0.25,8560,40,30560
FINNIFTY02JAN2418900PE.NFO,02/01/2024,09:37:36,0.2,0.2,640,0.25,3560,0,30560
FINNIFTY02JAN2418900PE.NFO,02/01/2024,09:37:45,0.2,0.2,360,0.25,3720,280,30560
FINNIFTY02JAN2418900PE.NFO,02/01/2024,09:38:10,0.2,0.2,320,0.25,3960,40,30560
FINNIFTY02JAN2418900PE.NFO,02/01/2024,09:38:19,0.2,0.2,280,0.25,4160,40,30560
FINNIFTY02JAN2418900PE.NFO,02/01/2024,09:38:28,0.2,0.2,280,0.25,4000,0,30560
FINNIFTY02JAN2418900PE.NFO,02/01/2024,09:38:38,0.2,0.2,680,0.25,4040,0,30560
FINNIFTY02JAN2418900PE.NFO,02/01/2024,09:40:26,0.2,0.2,680,0.25,4000,0,30560
FINNIFTY02JAN2418900PE.NFO,02/01/2024,09:40:57,0.2,0.2,680,0.25,4040,0,30560
FINNIFTY02JAN2418900PE.NFO,02/01/2024,09:41:28,0.2,0.2,600,0.25,4040,80,30680
FINNIFTY02JAN2418900PE.NFO,02/01/2024,09:42:06,0.2,0.2,600,0.25,4000,0,30680
FINNIFTY02JAN2418900PE.NFO,02/01/2024,09:45:07,0.2,0.2,560,0.25,4080,40,30760
FINNIFTY02JAN2418900PE.NFO,02/01/2024,09:46:04,0.25,0.2,560,0.25,4240,120,30760
FINNIFTY02JAN2418900PE.NFO,02/01/2024,09:46:14,0.25,0.2,560,0.25,4080,280,30760
FINNIFTY02JAN2418900PE.NFO,02/01/2024,09:46:24,0.25,0.2,560,0.25,4120,0,30760
FINNIFTY02JAN2418900PE.NFO,02/01/2024,09:46:33,0.25,0.2,560,0.25,3880,120,30760
FINNIFTY02JAN2418900PE.NFO,02/01/2024,09:47:20,0.25,0.2,560,0.25,3800,0,30760
FINNIFTY02JAN2418900PE.NFO,02/01/2024,09:49:09,0.25,0.2,560,0.25,3680,0,30760
FINNIFTY02JAN2418900PE.NFO,02/01/2024,09:50:05,0.25,0.2,560,0.25,3920,0,30760
FINNIFTY02JAN2418900PE.NFO,02/01/2024,09:50:23,0.25,0.2,560,0.25,3840,0,30760
FINNIFTY02JAN2418900PE.NFO,02/01/2024,09:51:08,0.25,0.2,560,0.25,3680,0,30760
FINNIFTY02JAN2418900PE.NFO,02/01/2024,09:51:28,0.25,0.2,560,0.25,3800,0,30760
FINNIFTY02JAN2418900PE.NFO,02/01/2024,09:51:47,0.25,0.2,560,0.25,3960,0,30760
FINNIFTY02JAN2418900PE.NFO,02/01/2024,09:52:32,0.25,0.2,560,0.25,3800,0,30760
FINNIFTY02JAN2418900PE.NFO,02/01/2024,09:53:36,0.25,0.2,560,0.25,3920,0,30760
FINNIFTY02JAN2418900PE.NFO,02/01/2024,09:55:01,0.2,0.2,80,0.25,3640,480,30800
FINNIFTY02JAN2418900PE.NFO,02/01/2024,09:55:11,0.2,0.2,80,0.25,3680,0,30800
FINNIFTY02JAN2418900PE.NFO,02/01/2024,09:55:42,0.2,0.2,80,0.25,4040,0,30800
FINNIFTY02JAN2418900PE.NFO,02/01/2024,09:56:03,0.2,0.15,12640,0.25,4040,80,30800
FINNIFTY02JAN2418900PE.NFO,02/01/2024,09:56:53,0.2,0.15,12280,0.25,3360,640,30720
FINNIFTY02JAN2418900PE.NFO,02/01/2024,09:57:04,0.2,0.15,12200,0.25,3360,0,30720
FINNIFTY02JAN2418900PE.NFO,02/01/2024,09:57:17,0.25,0.15,12920,0.25,4680,80,30720
FINNIFTY02JAN2418900PE.NFO,02/01/2024,09:57:30,0.25,0.15,12200,0.25,4680,0,30720
FINNIFTY02JAN2418900PE.NFO,02/01/2024,09:58:41,0.2,0.15,12200,0.25,3880,40,30720
FINNIFTY02JAN2418900PE.NFO,02/01/2024,09:59:02,0.2,0.15,13000,0.25,4680,0,30720
FINNIFTY02JAN2418900PE.NFO,02/01/2024,09:59:13,0.2,0.15,13080,0.25,4760,0,30720
FINNIFTY02JAN2418900PE.NFO,02/01/2024,09:59:25,0.2,0.15,12200,0.25,3880,0,30720
FINNIFTY02JAN2418900PE.NFO,02/01/2024,10:00:09,0.15,0.15,12000,0.25,4800,200,30960
FINNIFTY02JAN2418900PE.NFO,02/01/2024,10:00:22,0.15,0.15,11800,0.25,4800,200,30960
FINNIFTY02JAN2418900PE.NFO,02/01/2024,10:01:30,0.15,0.15,12720,0.25,4800,0,30960
FINNIFTY02JAN2418900PE.NFO,02/01/2024,10:03:14,0.15,0.15,12880,0.2,3040,0,30960
FINNIFTY02JAN2418900PE.NFO,02/01/2024,10:03:50,0.15,0.15,12880,0.2,1920,0,30960
FINNIFTY02JAN2418900PE.NFO,02/01/2024,10:04:30,0.15,0.15,12680,0.2,2520,200,31360
FINNIFTY02JAN2418900PE.NFO,02/01/2024,10:04:51,0.15,0.15,12680,0.2,2520,0,31360
FINNIFTY02JAN2418900PE.NFO,02/01/2024,10:05:02,0.15,0.15,12480,0.2,2520,200,31360
FINNIFTY02JAN2418900PE.NFO,02/01/2024,10:05:22,0.15,0.15,12480,0.2,2760,0,31360
FINNIFTY02JAN2418900PE.NFO,02/01/2024,10:05:53,0.15,0.15,12280,0.2,2760,200,31760
FINNIFTY02JAN2418900PE.NFO,02/01/2024,10:07:26,0.15,0.15,12280,0.2,2760,0,31760
FINNIFTY02JAN2418900PE.NFO,02/01/2024,10:17:32,0.15,0.15,1480,0.2,2760,0,31760
FINNIFTY02JAN2418900PE.NFO,02/01/2024,10:18:10,0.15,0.15,1480,0.2,3240,0,31760
FINNIFTY02JAN2418900PE.NFO,02/01/2024,10:18:20,0.15,0.15,1480,0.2,3760,0,31760
FINNIFTY02JAN2418900PE.NFO,02/01/2024,10:18:39,0.15,0.15,1480,0.2,5560,0,31760
FINNIFTY02JAN2418900PE.NFO,02/01/2024,10:19:45,0.15,0.15,640,0.2,5560,960,31960
FINNIFTY02JAN2418900PE.NFO,02/01/2024,10:19:55,0.15,0.15,640,0.2,4720,0,31960
FINNIFTY02JAN2418900PE.NFO,02/01/2024,10:20:33,0.15,0.15,640,0.2,5000,0,31960
FINNIFTY02JAN2418900PE.NFO,02/01/2024,10:20:43,0.15,0.15,4640,0.2,5040,0,31960
FINNIFTY02JAN2418900PE.NFO,02/01/2024,10:20:53,0.15,0.15,4640,0.2,5000,0,31960
FINNIFTY02JAN2418900PE.NFO,02/01/2024,10:21:02,0.15,0.15,4640,0.2,5040,0,31960
FINNIFTY02JAN2418900PE.NFO,02/01/2024,10:21:22,0.15,0.15,4640,0.2,5000,0,31960
FINNIFTY02JAN2418900PE.NFO,02/01/2024,10:21:32,0.15,0.15,4640,0.2,5040,0,31960
FINNIFTY02JAN2418900PE.NFO,02/01/2024,10:21:52,0.15,0.15,4640,0.2,5000,0,31960
FINNIFTY02JAN2418900PE.NFO,02/01/2024,10:22:01,0.15,0.15,4640,0.2,5040,0,31960
FINNIFTY02JAN2418900PE.NFO,02/01/2024,10:22:11,0.15,0.15,4640,0.2,5000,0,31960
FINNIFTY02JAN2418900PE.NFO,02/01/2024,10:22:21,0.15,0.15,4640,0.2,5040,0,31960
FINNIFTY02JAN2418900PE.NFO,02/01/2024,10:22:41,0.15,0.15,4640,0.2,5000,0,31960
FINNIFTY02JAN2418900PE.NFO,02/01/2024,10:22:51,0.15,0.15,4640,0.2,5040,0,31960
FINNIFTY02JAN2418900PE.NFO,02/01/2024,10:23:01,0.15,0.15,4640,0.2,5000,0,31960
FINNIFTY02JAN2418900PE.NFO,02/01/2024,10:23:20,0.15,0.15,4640,0.2,5040,0,31960
FINNIFTY02JAN2418900PE.NFO,02/01/2024,10:23:41,0.15,0.15,4640,0.2,5000,0,31960
FINNIFTY02JAN2418900PE.NFO,02/01/2024,10:24:01,0.15,0.15,4640,0.2,5040,0,31960
FINNIFTY02JAN2418900PE.NFO,02/01/2024,10:24:22,0.15,0.15,4640,0.2,5000,0,31960
FINNIFTY02JAN2418900PE.NFO,02/01/2024,10:24:41,0.15,0.15,4640,0.2,5040,0,31960
FINNIFTY02JAN2418900PE.NFO,02/01/2024,10:24:52,0.15,0.15,4640,0.2,5000,0,31960
FINNIFTY02JAN2418900PE.NFO,02/01/2024,10:25:15,0.15,0.15,4640,0.2,5040,0,31960
FINNIFTY02JAN2418900PE.NFO,02/01/2024,10:25:47,0.15,0.15,4640,0.2,5000,0,31960
FINNIFTY02JAN2418900PE.NFO,02/01/2024,10:25:57,0.2,0.15,3720,0.2,4040,680,31960
FINNIFTY02JAN2418900PE.NFO,02/01/2024,10:26:07,0.2,0.15,3720,0.2,3400,680,31960
FINNIFTY02JAN2418900PE.NFO,02/01/2024,10:26:19,0.2,0.15,3720,0.2,3360,0,31960
FINNIFTY02JAN2418900PE.NFO,02/01/2024,10:26:30,0.2,0.15,3720,0.2,3160,240,31960
FINNIFTY02JAN2418900PE.NFO,02/01/2024,10:26:42,0.2,0.15,3720,0.2,1520,1600,32840
FINNIFTY02JAN2418900PE.NFO,02/01/2024,10:26:53,0.2,0.15,5520,0.2,1240,280,32840
FINNIFTY02JAN2418900PE.NFO,02/01/2024,10:27:05,0.2,0.15,10120,0.2,1240,0,32840
FINNIFTY02JAN2418900PE.NFO,02/01/2024,10:27:36,0.2,0.15,10120,0.2,1160,120,32840
FINNIFTY02JAN2418900PE.NFO,02/01/2024,10:27:47,0.2,0.15,11120,0.2,1160,0,32840
FINNIFTY02JAN2418900PE.NFO,02/01/2024,10:28:08,0.2,0.15,11120,0.2,1360,120,32840
FINNIFTY02JAN2418900PE.NFO,02/01/2024,10:28:18,0.2,0.15,11120,0.2,1360,0,32840
FINNIFTY02JAN2418900PE.NFO,02/01/2024,10:28:29,0.2,0.15,11120,0.2,1320,0,32840
FINNIFTY02JAN2418900PE.NFO,02/01/2024,10:28:48,0.2,0.15,11120,0.2,1360,0,32840
FINNIFTY02JAN2418900PE.NFO,02/01/2024,10:28:58,0.2,0.15,11120,0.2,1320,0,32840
FINNIFTY02JAN2418900PE.NFO,02/01/2024,10:29:18,0.2,0.15,11120,0.2,1360,0,32840
FINNIFTY02JAN2418900PE.NFO,02/01/2024,10:29:28,0.2,0.15,11920,0.2,1920,280,32840
FINNIFTY02JAN2418900PE.NFO,02/01/2024,10:29:38,0.2,0.15,11920,0.2,1880,40,32840
FINNIFTY02JAN2418900PE.NFO,02/01/2024,10:30:22,0.2,0.15,11920,0.2,1760,120,32840
FINNIFTY02JAN2418900PE.NFO,02/01/2024,10:30:33,0.2,0.15,11920,0.2,1640,120,32840
FINNIFTY02JAN2418900PE.NFO,02/01/2024,10:31:55,0.2,0.15,11920,0.2,1520,120,32840
FINNIFTY02JAN2418900PE.NFO,02/01/2024,10:32:05,0.2,0.15,11920,0.2,1120,400,32840
FINNIFTY02JAN2418900PE.NFO,02/01/2024,10:33:44,0.2,0.15,11920,0.2,1080,40,32880
FINNIFTY02JAN2418900PE.NFO,02/01/2024,10:36:49,0.15,0.15,12680,0.2,1080,200,32880
FINNIFTY02JAN2418900PE.NFO,02/01/2024,10:37:13,0.15,0.15,12640,0.2,1080,0,32880
FINNIFTY02JAN2418900PE.NFO,02/01/2024,10:47:22,0.15,0.15,11640,0.2,1080,0,32880
FINNIFTY02JAN2418900PE.NFO,02/01/2024,10:49:45,0.15,0.15,11720,0.2,1080,0,32880
FINNIFTY02JAN2418900PE.NFO,02/01/2024,10:50:27,0.15,0.15,11520,0.2,1080,200,32960
FINNIFTY02JAN2418900PE.NFO,02/01/2024,10:50:38,0.15,0.15,11120,0.2,1080,400,32960
FINNIFTY02JAN2418900PE.NFO,02/01/2024,10:51:37,0.15,0.15,7520,0.2,1080,0,32960
FINNIFTY02JAN2418900PE.NFO,02/01/2024,10:52:55,0.15,0.15,9920,0.2,1080,0,32960
FINNIFTY02JAN2418900PE.NFO,02/01/2024,10:53:05,0.15,0.15,11720,0.2,1080,0,32960
FINNIFTY02JAN2418900PE.NFO,02/01/2024,10:55:55,0.15,0.15,11120,0.2,1080,0,32960
FINNIFTY02JAN2418900PE.NFO,02/01/2024,11:09:58,0.15,0.15,10240,0.25,1880,0,32960
FINNIFTY02JAN2418900PE.NFO,02/01/2024,11:10:35,0.15,0.15,9240,0.25,1880,0,32960
FINNIFTY02JAN2418900PE.NFO,02/01/2024,11:14:00,0.15,0.15,10120,0.25,1880,0,32960
FINNIFTY02JAN2418900PE.NFO,02/01/2024,11:14:57,0.15,0.15,10120,0.25,1840,0,32960
FINNIFTY02JAN2418900PE.NFO,02/01/2024,11:15:07,0.15,0.15,9240,0.25,1840,0,32960
FINNIFTY02JAN2418900PE.NFO,02/01/2024,11:15:58,0.15,0.15,9280,0.25,1840,0,32960
FINNIFTY02JAN2418900PE.NFO,02/01/2024,11:16:17,0.2,0.15,9280,0.25,1640,1320,32960
FINNIFTY02JAN2418900PE.NFO,02/01/2024,11:18:30,0.2,0.15,9240,0.25,2720,0,32960
FINNIFTY02JAN2418900PE.NFO,02/01/2024,11:18:39,0.2,0.15,9840,0.25,2720,0,32960
FINNIFTY02JAN2418900PE.NFO,02/01/2024,11:20:01,0.2,0.15,9840,0.25,2200,0,32960
FINNIFTY02JAN2418900PE.NFO,02/01/2024,11:20:10,0.2,0.15,9840,0.25,2720,0,32960
FINNIFTY02JAN2418900PE.NFO,02/01/2024,11:21:24,0.2,0.15,9840,0.25,4000,0,32960
FINNIFTY02JAN2418900PE.NFO,02/01/2024,11:21:34,0.2,0.15,8040,0.25,4520,0,32960
FINNIFTY02JAN2418900PE.NFO,02/01/2024,11:21:43,0.2,0.15,6240,0.25,4520,0,32960
FINNIFTY02JAN2418900PE.NFO,02/01/2024,11:22:11,0.2,0.15,5640,0.25,4520,0,32960
FINNIFTY02JAN2418900PE.NFO,02/01/2024,11:22:40,0.2,0.15,5640,0.25,4000,0,32960
FINNIFTY02JAN2418900PE.NFO,02/01/2024,11:22:50,0.2,0.15,5640,0.25,4520,0,32960
FINNIFTY02JAN2418900PE.NFO,02/01/2024,11:24:22,0.2,0.15,5640,0.25,4000,0,32960
FINNIFTY02JAN2418900PE.NFO,02/01/2024,11:24:31,0.2,0.15,5640,0.25,4520,0,32960
FINNIFTY02JAN2418900PE.NFO,02/01/2024,11:25:54,0.2,0.15,5640,0.25,4000,0,32960
FINNIFTY02JAN2418900PE.NFO,02/01/2024,11:26:03,0.2,0.15,5640,0.25,4520,0,32960
FINNIFTY02JAN2418900PE.NFO,02/01/2024,11:28:22,0.2,0.15,5640,0.25,4000,0,32960
FINNIFTY02JAN2418900PE.NFO,02/01/2024,11:28:31,0.2,0.15,5640,0.25,4520,0,32960
FINNIFTY02JAN2418900PE.NFO,02/01/2024,11:33:47,0.2,0.15,5640,0.25,4000,0,32960
FINNIFTY02JAN2418900PE.NFO,02/01/2024,11:36:11,0.2,0.15,5640,0.25,4520,0,32960
FINNIFTY02JAN2418900PE.NFO,02/01/2024,11:38:04,0.2,0.15,5640,0.2,1800,0,32960
FINNIFTY02JAN2418900PE.NFO,02/01/2024,11:38:23,0.2,0.15,5640,0.2,1280,0,32960
FINNIFTY02JAN2418900PE.NFO,02/01/2024,11:41:19,0.2,0.15,5640,0.2,840,0,32960
FINNIFTY02JAN2418900PE.NFO,02/01/2024,11:41:29,0.2,0.15,5640,0.2,1320,0,32960
FINNIFTY02JAN2418900PE.NFO,02/01/2024,11:42:19,0.2,0.15,5640,0.2,1280,0,32960
FINNIFTY02JAN2418900PE.NFO,02/01/2024,11:42:28,0.2,0.15,5640,0.2,840,0,32960
FINNIFTY02JAN2418900PE.NFO,02/01/2024,11:43:24,0.2,0.15,2040,0.2,1280,0,32960
FINNIFTY02JAN2418900PE.NFO,02/01/2024,11:43:43,0.2,0.15,2040,0.2,1120,200,33000
FINNIFTY02JAN2418900PE.NFO,02/01/2024,11:44:02,0.2,0.15,2040,0.2,1160,200,33000
FINNIFTY02JAN2418900PE.NFO,02/01/2024,11:44:12,0.2,0.15,2040,0.2,1000,0,33000
FINNIFTY02JAN2418900PE.NFO,02/01/2024,11:44:58,0.2,0.15,2040,0.2,600,0,33000
FINNIFTY02JAN2418900PE.NFO,02/01/2024,11:45:25,0.2,0.15,3040,0.2,1000,0,33000
FINNIFTY02JAN2418900PE.NFO,02/01/2024,11:45:35,0.2,0.15,3040,0.2,1160,0,33000
FINNIFTY02JAN2418900PE.NFO,02/01/2024,11:45:54,0.15,0.15,2800,0.2,1160,240,33000
FINNIFTY02JAN2418900PE.NFO,02/01/2024,11:46:13,0.15,0.15,2400,0.2,1160,400,33000
FINNIFTY02JAN2418900PE.NFO,02/01/2024,11:46:40,0.15,0.15,2400,0.2,760,0,33000
FINNIFTY02JAN2418900PE.NFO,02/01/2024,11:46:50,0.15,0.15,2200,0.2,1120,200,33000
FINNIFTY02JAN2418900PE.NFO,02/01/2024,11:47:50,0.15,0.15,2200,0.2,1120,0,33000
FINNIFTY02JAN2418900PE.NFO,02/01/2024,11:50:20,0.15,0.15,1200,0.2,1120,0,33000
FINNIFTY02JAN2418900PE.NFO,02/01/2024,11:52:17,0.15,0.15,1120,0.2,1120,80,33840
FINNIFTY02JAN2418900PE.NFO,02/01/2024,11:54:05,0.15,0.15,1120,0.2,680,0,33840
FINNIFTY02JAN2418900PE.NFO,02/01/2024,11:57:08,0.15,0.15,1120,0.2,1040,0,33840
FINNIFTY02JAN2418900PE.NFO,02/01/2024,12:00:48,0.15,0.1,38520,0.2,1040,200,33920
FINNIFTY02JAN2418900PE.NFO,02/01/2024,12:01:33,0.15,0.1,38320,0.2,720,0,33920
FINNIFTY02JAN2418900PE.NFO,02/01/2024,12:03:01,0.15,0.1,38320,0.2,1360,0,33920
FINNIFTY02JAN2418900PE.NFO,02/01/2024,12:04:21,0.15,0.1,38320,0.2,640,0,33920
FINNIFTY02JAN2418900PE.NFO,02/01/2024,12:04:31,0.15,0.1,38320,0.2,1360,0,33920
FINNIFTY02JAN2418900PE.NFO,02/01/2024,12:04:40,0.15,0.1,38320,0.2,720,0,33920
FINNIFTY02JAN2418900PE.NFO,02/01/2024,12:04:49,0.15,0.1,38320,0.2,1360,0,33920
FINNIFTY02JAN2418900PE.NFO,02/01/2024,12:04:58,0.15,0.1,38320,0.2,720,0,33920
FINNIFTY02JAN2418900PE.NFO,02/01/2024,12:05:07,0.15,0.1,38320,0.2,1360,0,33920
FINNIFTY02JAN2418900PE.NFO,02/01/2024,12:10:20,0.15,0.1,38320,0.2,680,0,33920
FINNIFTY02JAN2418900PE.NFO,02/01/2024,12:14:54,0.1,0.1,38240,0.15,1240,80,34120
FINNIFTY02JAN2418900PE.NFO,02/01/2024,12:14:54,0.1,0.1,38240,0.15,1240,0,34120
FINNIFTY02JAN2418900PE.NFO,02/01/2024,12:16:59,0.1,0.1,38240,0.15,1280,0,34120
FINNIFTY02JAN2418900PE.NFO,02/01/2024,12:17:10,0.15,0.1,39920,0.15,680,600,34120
FINNIFTY02JAN2418900PE.NFO,02/01/2024,12:17:21,0.15,0.1,38240,0.15,680,0,34120
FINNIFTY02JAN2418900PE.NFO,02/01/2024,12:17:50,0.15,0.1,38240,0.15,880,0,34120
FINNIFTY02JAN2418900PE.NFO,02/01/2024,12:17:59,0.15,0.1,38240,0.15,840,0,34120
FINNIFTY02JAN2418900PE.NFO,02/01/2024,12:18:09,0.15,0.1,38240,0.15,880,0,34120
FINNIFTY02JAN2418900PE.NFO,02/01/2024,12:18:19,0.15,0.1,38240,0.15,840,0,34120
FINNIFTY02JAN2418900PE.NFO,02/01/2024,12:18:37,0.15,0.1,38240,0.15,880,0,34120
FINNIFTY02JAN2418900PE.NFO,02/01/2024,12:18:46,0.15,0.1,38240,0.15,840,0,34120
FINNIFTY02JAN2418900PE.NFO,02/01/2024,12:18:57,0.15,0.1,38240,0.15,880,0,34120
FINNIFTY02JAN2418900PE.NFO,02/01/2024,12:19:06,0.15,0.1,38240,0.15,840,0,34120
FINNIFTY02JAN2418900PE.NFO,02/01/2024,12:19:27,0.15,0.1,38240,0.15,880,0,34120
FINNIFTY02JAN2418900PE.NFO,02/01/2024,12:20:06,0.15,0.1,38240,0.15,840,0,34120
FINNIFTY02JAN2418900PE.NFO,02/01/2024,12:20:24,0.15,0.1,38240,0.15,880,0,34120
FINNIFTY02JAN2418900PE.NFO,02/01/2024,12:20:33,0.15,0.1,38240,0.15,840,0,34120
FINNIFTY02JAN2418900PE.NFO,02/01/2024,12:20:52,0.15,0.1,38240,0.15,880,0,34120
FINNIFTY02JAN2418900PE.NFO,02/01/2024,12:21:01,0.15,0.1,38240,0.15,840,0,34120
FINNIFTY02JAN2418900PE.NFO,02/01/2024,12:21:11,0.15,0.1,38240,0.15,680,200,34080
FINNIFTY02JAN2418900PE.NFO,02/01/2024,12:21:21,0.15,0.1,38240,0.15,640,0,34080
FINNIFTY02JAN2418900PE.NFO,02/01/2024,12:25:29,0.15,0.1,38240,0.15,680,0,34080
FINNIFTY02JAN2418900PE.NFO,02/01/2024,12:25:38,0.15,0.1,38240,0.15,640,0,34080
FINNIFTY02JAN2418900PE.NFO,02/01/2024,12:26:13,0.15,0.1,38240,0.15,680,0,34080
FINNIFTY02JAN2418900PE.NFO,02/01/2024,12:27:06,0.15,0.1,38240,0.15,640,0,34080
FINNIFTY02JAN2418900PE.NFO,02/01/2024,12:30:21,0.15,0.1,31120,0.15,640,0,34080
FINNIFTY02JAN2418900PE.NFO,02/01/2024,12:30:31,0.15,0.1,23920,0.15,560,0,34080
FINNIFTY02JAN2418900PE.NFO,02/01/2024,12:30:39,0.15,0.1,16720,0.15,560,0,34080
FINNIFTY02JAN2418900PE.NFO,02/01/2024,12:33:14,0.15,0.1,16720,0.15,2800,0,34080
FINNIFTY02JAN2418900PE.NFO,02/01/2024,12:33:23,0.15,0.1,16720,0.15,5040,0,34080
FINNIFTY02JAN2418900PE.NFO,02/01/2024,12:33:40,0.15,0.1,7720,0.15,5040,0,34080
FINNIFTY02JAN2418900PE.NFO,02/01/2024,12:34:06,0.15,0.1,7720,0.15,3240,0,34080
FINNIFTY02JAN2418900PE.NFO,02/01/2024,12:34:58,0.15,0.1,7720,0.15,2800,0,34080
FINNIFTY02JAN2418900PE.NFO,02/01/2024,12:37:10,0.15,0.1,5920,0.15,2800,0,34080
FINNIFTY02JAN2418900PE.NFO,02/01/2024,12:38:21,0.1,0.1,4120,0.15,760,1800,34080
FINNIFTY02JAN2418900PE.NFO,02/01/2024,12:38:30,0.1,0.1,4400,0.15,3160,1800,34080
FINNIFTY02JAN2418900PE.NFO,02/01/2024,12:38:39,0.1,0.1,4400,0.15,3200,0,34080
FINNIFTY02JAN2418900PE.NFO,02/01/2024,12:38:48,0.1,0.1,4400,0.15,3160,0,34080
FINNIFTY02JAN2418900PE.NFO,02/01/2024,12:39:40,0.1,0.1,40,0.15,1640,4960,34080
FINNIFTY02JAN2418900PE.NFO,02/01/2024,12:40:04,0.1,0.1,40,0.15,1640,0,34080
FINNIFTY02JAN2418900PE.NFO,02/01/2024,12:40:13,0.1,0.05,40440,0.15,1640,0,34080
FINNIFTY02JAN2418900PE.NFO,02/01/2024,12:40:22,0.1,0.1,40,0.15,880,0,34080
FINNIFTY02JAN2418900PE.NFO,02/01/2024,12:40:32,0.1,0.05,40480,0.15,200,680,34080
FINNIFTY02JAN2418900PE.NFO,02/01/2024,12:42:00,0.1,0.05,33280,0.15,200,0,34080
FINNIFTY02JAN2418900PE.NFO,02/01/2024,12:42:44,0.1,0.1,40,0.15,240,0,34080
FINNIFTY02JAN2418900PE.NFO,02/01/2024,12:43:28,0.1,0.05,33280,0.15,200,0,34080
FINNIFTY02JAN2418900PE.NFO,02/01/2024,12:44:29,0.1,0.1,40,0.15,200,0,34080
FINNIFTY02JAN2418900PE.NFO,02/01/2024,12:44:37,0.1,0.05,33280,0.15,1000,0,34080
FINNIFTY02JAN2418900PE.NFO,02/01/2024,12:44:55,0.1,0.1,40,0.15,1280,0,34080
FINNIFTY02JAN2418900PE.NFO,02/01/2024,12:45:12,0.1,0.05,33280,0.15,1280,0,34080
FINNIFTY02JAN2418900PE.NFO,02/01/2024,12:45:30,0.1,0.1,40,0.15,1280,0,34080
FINNIFTY02JAN2418900PE.NFO,02/01/2024,12:45:47,0.1,0.05,33280,0.15,1280,0,34080
FINNIFTY02JAN2418900PE.NFO,02/01/2024,12:45:55,0.1,0.1,40,0.15,200,0,34080
FINNIFTY02JAN2418900PE.NFO,02/01/2024,12:46:04,0.1,0.05,33280,0.15,200,0,34080
FINNIFTY02JAN2418900PE.NFO,02/01/2024,12:46:13,0.1,0.1,2600,0.15,200,0,34080
FINNIFTY02JAN2418900PE.NFO,02/01/2024,12:46:22,0.1,0.1,4400,0.15,200,0,34080
FINNIFTY02JAN2418900PE.NFO,02/01/2024,12:49:02,0.1,0.1,4400,0.15,120,0,34080
FINNIFTY02JAN2418900PE.NFO,02/01/2024,12:49:46,0.1,0.1,4400,0.15,2440,0,34080
FINNIFTY02JAN2418900PE.NFO,02/01/2024,12:53:18,0.1,0.1,4360,0.15,2440,0,34080
FINNIFTY02JAN2418900PE.NFO,02/01/2024,13:02:27,0.1,0.1,4160,0.15,2440,200,30560
FINNIFTY02JAN2418900PE.NFO,02/01/2024,13:02:37,0.1,0.1,4200,0.15,2440,0,30560
FINNIFTY02JAN2418900PE.NFO,02/01/2024,13:02:47,0.1,0.1,2640,0.15,2440,0,30560
FINNIFTY02JAN2418900PE.NFO,02/01/2024,13:02:57,0.1,0.1,480,0.15,2440,200,30560
FINNIFTY02JAN2418900PE.NFO,02/01/2024,13:04:15,0.1,0.1,40,0.15,2360,0,30560
FINNIFTY02JAN2418900PE.NFO,02/01/2024,13:04:25,0.1,0.05,33280,0.15,2480,0,30560
FINNIFTY02JAN2418900PE.NFO,02/01/2024,13:04:45,0.1,0.05,33280,0.15,2480,1080,30560
FINNIFTY02JAN2418900PE.NFO,02/01/2024,13:07:18,0.1,0.1,40,0.15,2880,0,30560
FINNIFTY02JAN2418900PE.NFO,02/01/2024,13:07:26,0.1,0.05,33280,0.15,2880,0,30560
FINNIFTY02JAN2418900PE.NFO,02/01/2024,13:07:53,0.1,0.05,33280,0.15,3280,0,30560
FINNIFTY02JAN2418900PE.NFO,02/01/2024,13:12:57,0.1,0.05,33240,0.15,3280,0,30560
FINNIFTY02JAN2418900PE.NFO,02/01/2024,13:25:15,0.1,0.1,80,0.15,3280,0,30560
FINNIFTY02JAN2418900PE.NFO,02/01/2024,13:26:00,0.1,0.05,34400,0.15,3280,360,29480
FINNIFTY02JAN2418900PE.NFO,02/01/2024,13:28:00,0.1,0.05,26120,0.15,3280,0,29480
FINNIFTY02JAN2418900PE.NFO,02/01/2024,13:28:08,0.1,0.05,22520,0.15,3280,0,29480
FINNIFTY02JAN2418900PE.NFO,02/01/2024,13:33:50,0.1,0.05,22400,0.15,3280,0,29480
FINNIFTY02JAN2418900PE.NFO,02/01/2024,13:36:23,0.1,0.1,280,0.15,3280,0,29480
FINNIFTY02JAN2418900PE.NFO,02/01/2024,13:36:32,0.1,0.1,240,0.15,3280,0,29480
FINNIFTY02JAN2418900PE.NFO,02/01/2024,13:37:38,0.1,0.1,40,0.15,3120,40,29480
FINNIFTY02JAN2418900PE.NFO,02/01/2024,13:37:47,0.1,0.1,40,0.15,3600,0,29480
FINNIFTY02JAN2418900PE.NFO,02/01/2024,13:37:56,0.1,0.05,22440,0.15,3680,0,29480
FINNIFTY02JAN2418900PE.NFO,02/01/2024,13:38:05,0.1,0.05,22440,0.15,4680,0,29480
FINNIFTY02JAN2418900PE.NFO,02/01/2024,13:39:41,0.1,0.05,22440,0.15,4920,0,29480
FINNIFTY02JAN2418900PE.NFO,02/01/2024,13:39:49,0.1,0.05,20640,0.15,4920,0,29480
FINNIFTY02JAN2418900PE.NFO,02/01/2024,13:48:26,0.1,0.1,40,0.15,4760,120,29440
FINNIFTY02JAN2418900PE.NFO,02/01/2024,13:49:33,0.1,0.1,40,0.15,4760,0,29440
FINNIFTY02JAN2418900PE.NFO,02/01/2024,13:50:51,0.1,0.1,40,0.15,5280,320,29440
FINNIFTY02JAN2418900PE.NFO,02/01/2024,13:51:00,0.1,0.1,40,0.15,5160,0,29440
FINNIFTY02JAN2418900PE.NFO,02/01/2024,13:51:10,0.1,0.05,20720,0.15,5280,0,29440
FINNIFTY02JAN2418900PE.NFO,02/01/2024,13:51:45,0.1,0.1,40,0.15,5280,0,29440
FINNIFTY02JAN2418900PE.NFO,02/01/2024,13:51:55,0.1,0.05,20760,0.15,5280,0,29440
FINNIFTY02JAN2418900PE.NFO,02/01/2024,13:52:31,0.15,0.1,200,0.15,5080,200,29560
FINNIFTY02JAN2418900PE.NFO,02/01/2024,13:52:41,0.15,0.1,240,0.15,4880,200,29560
FINNIFTY02JAN2418900PE.NFO,02/01/2024,13:52:50,0.1,0.1,80,0.15,4720,200,29560
FINNIFTY02JAN2418900PE.NFO,02/01/2024,13:53:08,0.1,0.1,160,0.15,4720,400,29560
FINNIFTY02JAN2418900PE.NFO,02/01/2024,13:53:18,0.05,0.05,20360,0.15,4720,1280,29560
FINNIFTY02JAN2418900PE.NFO,02/01/2024,13:53:18,0.05,0.05,20360,0.15,4720,0,29560
FINNIFTY02JAN2418900PE.NFO,02/01/2024,13:53:28,0.05,0.05,19200,0.1,1080,2120,29560
FINNIFTY02JAN2418900PE.NFO,02/01/2024,13:53:37,0.05,0.05,16040,0.1,1080,3600,29560
FINNIFTY02JAN2418900PE.NFO,02/01/2024,13:53:47,0.05,0.05,12840,0.1,1080,3200,29560
FINNIFTY02JAN2418900PE.NFO,02/01/2024,13:53:56,0.05,0.05,10840,0.1,1360,2000,29560
FINNIFTY02JAN2418900PE.NFO,02/01/2024,13:54:06,0.05,0.05,10840,0.1,1360,0,29560
FINNIFTY02JAN2418900PE.NFO,02/01/2024,13:54:16,0.1,0.05,10840,0.1,1200,160,28640
FINNIFTY02JAN2418900PE.NFO,02/01/2024,13:54:25,0.1,0.1,1440,0.15,5840,1960,28640
FINNIFTY02JAN2418900PE.NFO,02/01/2024,13:54:34,0.15,0.1,1320,0.15,3760,2080,28640
FINNIFTY02JAN2418900PE.NFO,02/01/2024,13:54:44,0.1,0.1,760,0.15,3080,1360,28640
FINNIFTY02JAN2418900PE.NFO,02/01/2024,13:54:53,0.1,0.1,1120,0.15,3040,0,28640
FINNIFTY02JAN2418900PE.NFO,02/01/2024,13:55:02,0.1,0.1,1120,0.15,3080,0,28640
FINNIFTY02JAN2418900PE.NFO,02/01/2024,13:55:12,0.1,0.05,10720,0.1,7600,1120,28640
FINNIFTY02JAN2418900PE.NFO,02/01/2024,13:57:22,0.1,0.05,10720,0.1,11200,0,28640
FINNIFTY02JAN2418900PE.NFO,02/01/2024,13:59:04,0.05,0.05,9520,0.1,11200,1200,29080
FINNIFTY02JAN2418900PE.NFO,02/01/2024,13:59:13,0.05,0.05,7520,0.1,11200,2000,29080
FINNIFTY02JAN2418900PE.NFO,02/01/2024,13:59:22,0.05,0.05,6720,0.1,11200,800,29080
FINNIFTY02JAN2418900PE.NFO,02/01/2024,13:59:30,0.05,0.05,5920,0.1,11200,800,29080
FINNIFTY02JAN2418900PE.NFO,02/01/2024,13:59:39,0.05,0.05,5400,0.1,11200,520,29080
FINNIFTY02JAN2418900PE.NFO,02/01/2024,13:59:47,0.05,0.05,5000,0.1,11200,400,29080
FINNIFTY02JAN2418900PE.NFO,02/01/2024,13:59:56,0.05,0.05,4200,0.1,13000,800,29080
FINNIFTY02JAN2418900PE.NFO,02/01/2024,14:00:14,0.05,0.05,4080,0.1,13000,120,29080
FINNIFTY02JAN2418900PE.NFO,02/01/2024,14:00:31,0.05,0.05,2280,0.1,13000,1800,27600
FINNIFTY02JAN2418900PE.NFO,02/01/2024,14:00:40,0.05,0.05,1520,0.1,13480,1800,27600
FINNIFTY02JAN2418900PE.NFO,02/01/2024,14:00:57,0.05,0.05,400,0.1,13480,1880,27600
FINNIFTY02JAN2418900PE.NFO,02/01/2024,14:01:06,0.05,0,0,0.05,240,2320,27600
FINNIFTY02JAN2418900PE.NFO,02/01/2024,14:01:15,0.05,0.05,1200,0.1,12040,80,27600
FINNIFTY02JAN2418900PE.NFO,02/01/2024,14:02:42,0.05,0.05,1000,0.1,12040,40,27600
FINNIFTY02JAN2418900PE.NFO,02/01/2024,14:02:58,0.05,0.05,1240,0.1,12040,0,27600
FINNIFTY02JAN2418900PE.NFO,02/01/2024,14:03:07,0.05,0.05,1000,0.1,12040,0,27600
FINNIFTY02JAN2418900PE.NFO,02/01/2024,14:03:25,0.1,0.05,1000,0.1,11880,160,25080
FINNIFTY02JAN2418900PE.NFO,02/01/2024,14:03:34,0.05,0.05,920,0.1,11480,480,25080
FINNIFTY02JAN2418900PE.NFO,02/01/2024,14:03:52,0.1,0.05,1120,0.1,10680,800,25080
FINNIFTY02JAN2418900PE.NFO,02/01/2024,14:04:10,0.05,0.05,920,0.1,10680,400,25080
FINNIFTY02JAN2418900PE.NFO,02/01/2024,14:04:20,0.05,0,0,0.1,11320,1720,25080
FINNIFTY02JAN2418900PE.NFO,02/01/2024,14:04:39,0.05,0,0,0.1,11480,0,25080
FINNIFTY02JAN2418900PE.NFO,02/01/2024,14:04:49,0.1,0,0,0.1,11280,200,25080
FINNIFTY02JAN2418900PE.NFO,02/01/2024,14:10:34,0.1,0.05,1960,0.1,11280,0,25080
FINNIFTY02JAN2418900PE.NFO,02/01/2024,14:10:53,0.1,0.05,1160,0.1,11280,0,25080
FINNIFTY02JAN2418900PE.NFO,02/01/2024,14:11:03,0.1,0.05,1160,0.1,10880,400,24880
FINNIFTY02JAN2418900PE.NFO,02/01/2024,14:11:16,0.1,0.05,1160,0.1,9960,920,24880
FINNIFTY02JAN2418900PE.NFO,02/01/2024,14:11:28,0.1,0.05,1160,0.1,9560,400,24880
FINNIFTY02JAN2418900PE.NFO,02/01/2024,14:12:56,0.1,0.05,1160,0.1,9160,400,24960
FINNIFTY02JAN2418900PE.NFO,02/01/2024,14:13:16,0.1,0.05,1160,0.1,8120,1040,24960
FINNIFTY02JAN2418900PE.NFO,02/01/2024,14:13:26,0.1,0.05,1160,0.1,7760,360,24960
FINNIFTY02JAN2418900PE.NFO,02/01/2024,14:13:37,0.1,0.05,1160,0.1,7400,360,24960
FINNIFTY02JAN2418900PE.NFO,02/01/2024,14:13:47,0.1,0.05,1160,0.1,7160,240,24960
FINNIFTY02JAN2418900PE.NFO,02/01/2024,14:13:58,0.1,0.05,1160,0.1,7040,120,24960
FINNIFTY02JAN2418900PE.NFO,02/01/2024,14:14:19,0.1,0.05,1160,0.1,6760,280,24960
FINNIFTY02JAN2418900PE.NFO,02/01/2024,14:15:18,0.1,0.05,1160,0.1,6640,120,25120
FINNIFTY02JAN2418900PE.NFO,02/01/2024,14:18:35,0.1,0.05,1160,0.1,6640,0,25120
FINNIFTY02JAN2418900PE.NFO,02/01/2024,14:19:06,0.05,0.05,160,0.1,6640,1200,25120
FINNIFTY02JAN2418900PE.NFO,02/01/2024,14:19:16,0.05,0,0,0.1,11160,200,25120
FINNIFTY02JAN2418900PE.NFO,02/01/2024,14:19:38,0.05,0,0,0.05,480,0,25120
FINNIFTY02JAN2418900PE.NFO,02/01/2024,14:19:57,0.05,0,0,0.05,6120,0,25120
FINNIFTY02JAN2418900PE.NFO,02/01/2024,14:22:08,0.05,0,0,0.05,5920,200,25120
FINNIFTY02JAN2418900PE.NFO,02/01/2024,14:22:54,0.05,0,0,0.05,5720,200,24920
FINNIFTY02JAN2418900PE.NFO,02/01/2024,14:25:46,0.05,0,0,0.05,5520,200,24920
FINNIFTY02JAN2418900PE.NFO,02/01/2024,14:26:04,0.05,0,0,0.05,4920,600,24920
FINNIFTY02JAN2418900PE.NFO,02/01/2024,14:26:50,0.05,0,0,0.05,4280,920,24920
FINNIFTY02JAN2418900PE.NFO,02/01/2024,14:30:15,0.05,0,0,0.05,3760,520,24000
FINNIFTY02JAN2418900PE.NFO,02/01/2024,14:30:25,0.05,0,0,0.05,3680,80,24000
FINNIFTY02JAN2418900PE.NFO,02/01/2024,14:30:35,0.05,0,0,0.05,2320,1360,24000
FINNIFTY02JAN2418900PE.NFO,02/01/2024,14:30:45,0.05,0,0,0.05,2080,240,24000
FINNIFTY02JAN2418900PE.NFO,02/01/2024,14:31:04,0.05,0,0,0.1,5560,2080,24000
FINNIFTY02JAN2418900PE.NFO,02/01/2024,14:32:07,0.05,0.05,40,0.1,5560,0,24000
FINNIFTY02JAN2418900PE.NFO,02/01/2024,14:32:35,0.05,0.05,1080,0.1,6160,0,24000
FINNIFTY02JAN2418900PE.NFO,02/01/2024,14:32:44,0.05,0.05,1080,0.1,8000,0,24000
FINNIFTY02JAN2418900PE.NFO,02/01/2024,14:32:53,0.05,0.05,1080,0.1,8920,0,24000
FINNIFTY02JAN2418900PE.NFO,02/01/2024,14:33:01,0.05,0.05,1080,0.1,7080,0,24000
FINNIFTY02JAN2418900PE.NFO,02/01/2024,14:33:10,0.05,0.05,280,0.1,7080,0,24000
FINNIFTY02JAN2418900PE.NFO,02/01/2024,14:34:34,0.1,0.05,280,0.1,6760,400,23160
FINNIFTY02JAN2418900PE.NFO,02/01/2024,14:35:56,0.05,0.05,40,0.1,6760,80,23160
FINNIFTY02JAN2418900PE.NFO,02/01/2024,14:36:32,0.05,0,0,0.1,6760,120,23080
FINNIFTY02JAN2418900PE.NFO,02/01/2024,14:37:46,0.1,0,0,0.1,6560,200,23080
FINNIFTY02JAN2418900PE.NFO,02/01/2024,14:37:56,0.1,0,0,0.1,6480,80,23080
FINNIFTY02JAN2418900PE.NFO,02/01/2024,14:38:45,0.1,0.05,760,0.1,6480,0,23080
FINNIFTY02JAN2418900PE.NFO,02/01/2024,14:38:55,0.1,0,0,0.1,6480,0,23080
FINNIFTY02JAN2418900PE.NFO,02/01/2024,14:39:44,0.05,0.05,960,0.1,6480,200,23080
FINNIFTY02JAN2418900PE.NFO,02/01/2024,14:39:55,0.05,0.05,2800,0.1,6480,0,22800
FINNIFTY02JAN2418900PE.NFO,02/01/2024,14:40:36,0.1,0.05,2800,0.1,5680,800,22800
FINNIFTY02JAN2418900PE.NFO,02/01/2024,14:40:58,0.1,0.05,3040,0.1,5120,0,22800
FINNIFTY02JAN2418900PE.NFO,02/01/2024,14:41:09,0.1,0.05,3040,0.1,4240,0,22800
FINNIFTY02JAN2418900PE.NFO,02/01/2024,14:41:19,0.1,0,0,0.1,5240,0,22800
FINNIFTY02JAN2418900PE.NFO,02/01/2024,14:41:29,0.1,0,0,0.1,4240,0,22800
FINNIFTY02JAN2418900PE.NFO,02/01/2024,14:41:58,0.1,0.05,1120,0.1,4240,0,22800
FINNIFTY02JAN2418900PE.NFO,02/01/2024,14:42:08,0.1,0,0,0.1,4240,0,22800
FINNIFTY02JAN2418900PE.NFO,02/01/2024,14:42:35,0.1,0.05,480,0.1,4240,0,22800
FINNIFTY02JAN2418900PE.NFO,02/01/2024,14:43:41,0.1,0.05,1280,0.1,4240,0,22800
FINNIFTY02JAN2418900PE.NFO,02/01/2024,14:46:06,0.1,0.05,1280,0.1,4120,120,22800
FINNIFTY02JAN2418900PE.NFO,02/01/2024,14:46:34,0.1,0.05,1200,0.1,4040,0,22800
FINNIFTY02JAN2418900PE.NFO,02/01/2024,14:46:44,0.1,0.05,1200,0.1,5760,0,22800
FINNIFTY02JAN2418900PE.NFO,02/01/2024,14:47:41,0.1,0.05,1200,0.1,5640,120,22800
FINNIFTY02JAN2418900PE.NFO,02/01/2024,14:50:00,0.1,0.05,1200,0.1,6680,0,22800
FINNIFTY02JAN2418900PE.NFO,02/01/2024,14:50:56,0.1,0.05,1200,0.1,5760,0,22800
FINNIFTY02JAN2418900PE.NFO,02/01/2024,14:51:06,0.1,0.05,1200,0.1,4840,0,22800
FINNIFTY02JAN2418900PE.NFO,02/01/2024,14:51:25,0.1,0.05,1200,0.1,4720,120,22800
FINNIFTY02JAN2418900PE.NFO,02/01/2024,14:55:27,0.1,0.05,1440,0.1,4720,0,22800
FINNIFTY02JAN2418900PE.NFO,02/01/2024,14:56:24,0.1,0.05,1440,0.1,5560,0,22800
FINNIFTY02JAN2418900PE.NFO,02/01/2024,14:57:42,0.1,0.05,1040,0.1,5520,0,22800
FINNIFTY02JAN2418900PE.NFO,02/01/2024,14:59:35,0.05,0,0,0.05,160,1040,22800
FINNIFTY02JAN2418900PE.NFO,02/01/2024,14:59:46,0.05,0,0,0.1,5520,240,22800
FINNIFTY02JAN2418900PE.NFO,02/01/2024,15:00:57,0.05,0,0,0.1,4960,0,22800
FINNIFTY02JAN2418900PE.NFO,02/01/2024,15:01:26,0.05,0,0,0.1,4920,0,22800
FINNIFTY02JAN2418900PE.NFO,02/01/2024,15:10:34,0.05,0,0,0.05,40,0,22800
FINNIFTY02JAN2418900PE.NFO,02/01/2024,15:11:08,0.05,0,0,0.05,1840,0,22800
FINNIFTY02JAN2418900PE.NFO,02/01/2024,15:11:19,0.05,0,0,0.05,1920,0,22800
FINNIFTY02JAN2418900PE.NFO,02/01/2024,15:29:22,0.05,0,0,0.05,1840,0,22800
FINNIFTY02JAN2418900PE.NFO,02/01/2024,15:29:59,0.05,0,0,0.05,1800,0,22800
