Ticker,Date,Time,LTP,BuyPrice,BuyQty,SellPrice,SellQty,LTQ,OpenInterest
FINNIFTY02JAN2421650CE.NFO,02/01/2024,09:15:00,6.7,2.75,120,2.95,120,13680,2100360
FINNIFTY02JAN2421650CE.NFO,02/01/2024,09:15:00,6.7,2.75,120,2.95,120,0,2100360
FINNIFTY02JAN2421650CE.NFO,02/01/2024,09:15:00,6.7,2.75,120,2.95,120,0,2100360
FINNIFTY02JAN2421650CE.NFO,02/01/2024,09:15:00,2.3,2.75,120,2.95,120,0,2100360
FINNIFTY02JAN2421650CE.NFO,02/01/2024,09:15:01,2.35,2.35,120,2.45,1120,40600,2100360
FINNIFTY02JAN2421650CE.NFO,02/01/2024,09:15:03,1.85,1.85,680,2,1240,75320,2100360
FINNIFTY02JAN2421650CE.NFO,02/01/2024,09:15:03,1.85,1.85,680,2,1240,0,2100360
FINNIFTY02JAN2421650CE.NFO,02/01/2024,09:15:05,2.5,2.5,200,2.55,400,62960,2100360
FINNIFTY02JAN2421650CE.NFO,02/01/2024,09:15:05,1.65,2.5,200,2.55,400,0,2100360
FINNIFTY02JAN2421650CE.NFO,02/01/2024,09:15:06,2.4,2.3,2280,2.4,2600,61840,2100360
FINNIFTY02JAN2421650CE.NFO,02/01/2024,09:15:08,2.45,2.4,5520,2.45,3080,84920,2100360
FINNIFTY02JAN2421650CE.NFO,02/01/2024,09:15:10,2.3,2.25,4560,2.3,6400,93240,2100360
FINNIFTY02JAN2421650CE.NFO,02/01/2024,09:15:11,2,1.95,11360,2,5560,151840,2100360
FINNIFTY02JAN2421650CE.NFO,02/01/2024,09:15:13,2.15,2.1,4480,2.15,10640,161760,2100360
FINNIFTY02JAN2421650CE.NFO,02/01/2024,09:15:14,1.85,1.8,7960,1.85,200,106800,2100360
FINNIFTY02JAN2421650CE.NFO,02/01/2024,09:15:16,2,1.95,13320,2,8760,159400,2100360
FINNIFTY02JAN2421650CE.NFO,02/01/2024,09:15:18,2,1.95,8200,2,10480,144600,2100360
FINNIFTY02JAN2421650CE.NFO,02/01/2024,09:15:19,1.9,1.85,4760,1.9,18720,84840,2100360
FINNIFTY02JAN2421650CE.NFO,02/01/2024,09:15:21,1.85,1.8,4240,1.85,11960,98920,2100360
FINNIFTY02JAN2421650CE.NFO,02/01/2024,09:15:23,1.8,1.8,5560,1.85,12080,93640,2100360
FINNIFTY02JAN2421650CE.NFO,02/01/2024,09:15:24,1.75,1.7,14960,1.75,7280,51480,2100360
FINNIFTY02JAN2421650CE.NFO,02/01/2024,09:15:26,1.8,1.75,6040,1.8,22720,42800,2100360
FINNIFTY02JAN2421650CE.NFO,02/01/2024,09:15:28,1.85,1.85,7240,1.9,7880,347320,2100360
FINNIFTY02JAN2421650CE.NFO,02/01/2024,09:15:29,1.9,1.85,6160,1.9,9360,82240,2100360
FINNIFTY02JAN2421650CE.NFO,02/01/2024,09:15:31,1.8,1.75,15120,1.8,4120,83080,2100360
FINNIFTY02JAN2421650CE.NFO,02/01/2024,09:15:32,1.85,1.8,9200,1.85,20520,65920,2100360
FINNIFTY02JAN2421650CE.NFO,02/01/2024,09:15:34,1.75,1.75,19200,1.8,14440,52920,2100360
FINNIFTY02JAN2421650CE.NFO,02/01/2024,09:15:36,1.8,1.8,480,1.85,45840,64720,2100360
FINNIFTY02JAN2421650CE.NFO,02/01/2024,09:15:37,1.85,1.85,12920,1.9,20400,77000,2100360
FINNIFTY02JAN2421650CE.NFO,02/01/2024,09:15:39,1.95,1.9,16840,1.95,11480,87600,2100360
FINNIFTY02JAN2421650CE.NFO,02/01/2024,09:15:40,1.95,1.95,14000,2,13440,116320,2100360
FINNIFTY02JAN2421650CE.NFO,02/01/2024,09:15:42,1.95,1.9,23320,1.95,7880,72360,2100360
FINNIFTY02JAN2421650CE.NFO,02/01/2024,09:15:44,2,1.95,15680,2,14560,54360,2100360
FINNIFTY02JAN2421650CE.NFO,02/01/2024,09:15:45,1.95,1.95,33000,2,25920,48120,2100360
FINNIFTY02JAN2421650CE.NFO,02/01/2024,09:15:47,2,1.95,22440,2,28720,87480,2100360
FINNIFTY02JAN2421650CE.NFO,02/01/2024,09:15:49,1.95,1.9,33400,1.95,13720,73000,2100360
FINNIFTY02JAN2421650CE.NFO,02/01/2024,09:15:50,1.9,1.9,17360,1.95,25440,44960,2100360
FINNIFTY02JAN2421650CE.NFO,02/01/2024,09:15:52,1.9,1.9,7080,1.95,19120,132800,2100360
FINNIFTY02JAN2421650CE.NFO,02/01/2024,09:15:54,1.9,1.85,14440,1.9,26080,96560,2100360
FINNIFTY02JAN2421650CE.NFO,02/01/2024,09:15:55,1.85,1.8,23200,1.85,23920,116120,2100360
FINNIFTY02JAN2421650CE.NFO,02/01/2024,09:15:57,1.85,1.8,4960,1.85,34240,75160,2100360
FINNIFTY02JAN2421650CE.NFO,02/01/2024,09:15:58,1.8,1.75,7680,1.8,34440,71480,2100360
FINNIFTY02JAN2421650CE.NFO,02/01/2024,09:16:00,1.75,1.75,2480,1.8,43360,102040,2100360
FINNIFTY02JAN2421650CE.NFO,02/01/2024,09:16:02,1.65,1.6,51280,1.65,40760,59080,2100360
FINNIFTY02JAN2421650CE.NFO,02/01/2024,09:16:02,1.6,1.6,51280,1.65,40760,0,2100360
FINNIFTY02JAN2421650CE.NFO,02/01/2024,09:16:03,1.7,1.65,44960,1.7,30920,92600,2100360
FINNIFTY02JAN2421650CE.NFO,02/01/2024,09:16:05,1.7,1.65,45280,1.7,28960,102880,2100360
FINNIFTY02JAN2421650CE.NFO,02/01/2024,09:16:06,1.8,1.75,61280,1.8,30880,117680,2100360
FINNIFTY02JAN2421650CE.NFO,02/01/2024,09:16:08,1.85,1.8,24240,1.85,53040,142240,2100360
FINNIFTY02JAN2421650CE.NFO,02/01/2024,09:16:10,1.65,1.65,50760,1.7,36160,120440,2100360
FINNIFTY02JAN2421650CE.NFO,02/01/2024,09:16:11,1.8,1.8,41480,1.85,39360,61560,2100360
FINNIFTY02JAN2421650CE.NFO,02/01/2024,09:16:13,1.8,1.8,27800,1.85,58760,129440,2100360
FINNIFTY02JAN2421650CE.NFO,02/01/2024,09:16:14,1.8,1.75,9680,1.8,63000,131520,2100360
FINNIFTY02JAN2421650CE.NFO,02/01/2024,09:16:16,1.8,1.75,32320,1.8,59520,84840,2100360
FINNIFTY02JAN2421650CE.NFO,02/01/2024,09:16:18,1.8,1.75,72400,1.8,29240,41560,2100360
FINNIFTY02JAN2421650CE.NFO,02/01/2024,09:16:19,1.8,1.75,52280,1.8,56040,41800,2100360
FINNIFTY02JAN2421650CE.NFO,02/01/2024,09:16:21,1.8,1.75,42680,1.8,68200,104720,2100360
FINNIFTY02JAN2421650CE.NFO,02/01/2024,09:16:23,1.75,1.7,23800,1.75,76160,75760,2100360
FINNIFTY02JAN2421650CE.NFO,02/01/2024,09:16:24,1.7,1.65,72960,1.7,46200,49320,2100360
FINNIFTY02JAN2421650CE.NFO,02/01/2024,09:16:26,1.7,1.65,46520,1.7,55960,26960,2100360
FINNIFTY02JAN2421650CE.NFO,02/01/2024,09:16:27,1.7,1.7,15720,1.75,78040,102840,2100360
FINNIFTY02JAN2421650CE.NFO,02/01/2024,09:16:29,1.7,1.7,36240,1.75,56400,95120,2100360
FINNIFTY02JAN2421650CE.NFO,02/01/2024,09:16:31,1.7,1.7,71760,1.75,52440,23560,2100360
FINNIFTY02JAN2421650CE.NFO,02/01/2024,09:16:32,1.7,1.7,59200,1.75,49600,81480,2100360
FINNIFTY02JAN2421650CE.NFO,02/01/2024,09:16:34,1.7,1.65,78680,1.7,58560,62400,2100360
FINNIFTY02JAN2421650CE.NFO,02/01/2024,09:16:35,1.7,1.65,59400,1.7,41280,81640,2100360
FINNIFTY02JAN2421650CE.NFO,02/01/2024,09:16:37,1.7,1.65,23360,1.7,77320,77720,2100360
FINNIFTY02JAN2421650CE.NFO,02/01/2024,09:16:39,1.7,1.65,60640,1.7,57280,31320,2100360
FINNIFTY02JAN2421650CE.NFO,02/01/2024,09:16:40,1.7,1.65,52000,1.7,53680,62080,2100360
FINNIFTY02JAN2421650CE.NFO,02/01/2024,09:16:42,1.65,1.65,38880,1.7,64320,21280,2100360
FINNIFTY02JAN2421650CE.NFO,02/01/2024,09:16:43,1.7,1.65,54600,1.7,53800,13160,2100360
FINNIFTY02JAN2421650CE.NFO,02/01/2024,09:16:45,1.75,1.7,50720,1.75,109000,35480,2100360
FINNIFTY02JAN2421650CE.NFO,02/01/2024,09:16:47,1.7,1.7,76520,1.75,81840,15400,2100360
FINNIFTY02JAN2421650CE.NFO,02/01/2024,09:16:48,1.75,1.7,65000,1.75,79000,18040,2100360
FINNIFTY02JAN2421650CE.NFO,02/01/2024,09:16:50,1.75,1.75,31120,1.8,93000,72680,2100360
FINNIFTY02JAN2421650CE.NFO,02/01/2024,09:16:51,1.75,1.7,73680,1.75,58600,30160,2100360
FINNIFTY02JAN2421650CE.NFO,02/01/2024,09:16:53,1.7,1.65,59880,1.7,48120,58080,2100360
FINNIFTY02JAN2421650CE.NFO,02/01/2024,09:16:55,1.65,1.65,39720,1.7,66360,53720,2100360
FINNIFTY02JAN2421650CE.NFO,02/01/2024,09:16:56,1.65,1.6,98760,1.65,67760,53800,2100360
FINNIFTY02JAN2421650CE.NFO,02/01/2024,09:16:58,1.65,1.6,99240,1.65,45080,56160,2100360
FINNIFTY02JAN2421650CE.NFO,02/01/2024,09:16:59,1.6,1.55,67440,1.6,71920,51960,2100360
FINNIFTY02JAN2421650CE.NFO,02/01/2024,09:16:59,1.55,1.55,67440,1.6,71920,0,2100360
FINNIFTY02JAN2421650CE.NFO,02/01/2024,09:17:01,1.6,1.55,57680,1.6,45440,178200,2100360
FINNIFTY02JAN2421650CE.NFO,02/01/2024,09:17:01,1.5,1.55,57680,1.6,45440,0,2100360
FINNIFTY02JAN2421650CE.NFO,02/01/2024,09:17:03,1.65,1.6,2520,1.65,129880,98600,2100360
FINNIFTY02JAN2421650CE.NFO,02/01/2024,09:17:04,1.55,1.55,72560,1.6,60240,81560,2100360
FINNIFTY02JAN2421650CE.NFO,02/01/2024,09:17:06,1.6,1.55,84400,1.6,62720,47600,2100360
FINNIFTY02JAN2421650CE.NFO,02/01/2024,09:17:08,1.55,1.55,83120,1.65,145200,96200,2100360
FINNIFTY02JAN2421650CE.NFO,02/01/2024,09:17:09,1.6,1.55,90320,1.6,78840,42520,2100360
FINNIFTY02JAN2421650CE.NFO,02/01/2024,09:17:11,1.55,1.55,67520,1.6,110720,21840,2100360
FINNIFTY02JAN2421650CE.NFO,02/01/2024,09:17:12,1.6,1.55,87840,1.6,106680,20560,2100360
FINNIFTY02JAN2421650CE.NFO,02/01/2024,09:17:14,1.55,1.55,90120,1.6,115720,20080,2100360
FINNIFTY02JAN2421650CE.NFO,02/01/2024,09:17:16,1.6,1.55,86840,1.6,120680,23240,2100360
FINNIFTY02JAN2421650CE.NFO,02/01/2024,09:17:17,1.55,1.55,92200,1.6,100680,16880,2100360
FINNIFTY02JAN2421650CE.NFO,02/01/2024,09:17:19,1.6,1.6,62200,1.65,113600,101840,2100360
FINNIFTY02JAN2421650CE.NFO,02/01/2024,09:17:20,1.6,1.6,72160,1.65,122240,15560,2100360
FINNIFTY02JAN2421650CE.NFO,02/01/2024,09:17:22,1.6,1.6,67320,1.65,141840,15760,2933160
FINNIFTY02JAN2421650CE.NFO,02/01/2024,09:17:24,1.65,1.6,121880,1.65,106840,23160,2933160
FINNIFTY02JAN2421650CE.NFO,02/01/2024,09:17:25,1.6,1.6,52800,1.65,143120,25440,2933160
FINNIFTY02JAN2421650CE.NFO,02/01/2024,09:17:27,1.55,1.55,112000,1.6,75360,72360,2933160
FINNIFTY02JAN2421650CE.NFO,02/01/2024,09:17:28,1.55,1.55,146520,1.6,3720,55920,2933160
FINNIFTY02JAN2421650CE.NFO,02/01/2024,09:17:30,1.6,1.55,112400,1.6,79400,20520,2933160
FINNIFTY02JAN2421650CE.NFO,02/01/2024,09:17:31,1.6,1.6,2400,1.65,137720,88880,2933160
FINNIFTY02JAN2421650CE.NFO,02/01/2024,09:17:33,1.6,1.55,130920,1.6,680,82200,2933160
FINNIFTY02JAN2421650CE.NFO,02/01/2024,09:17:35,1.6,1.55,120680,1.6,67320,58600,2933160
FINNIFTY02JAN2421650CE.NFO,02/01/2024,09:17:36,1.6,1.55,79640,1.6,118280,21440,2933160
FINNIFTY02JAN2421650CE.NFO,02/01/2024,09:17:38,1.6,1.55,124600,1.6,97080,28560,2933160
FINNIFTY02JAN2421650CE.NFO,02/01/2024,09:17:39,1.55,1.55,93960,1.6,126280,13760,2933160
FINNIFTY02JAN2421650CE.NFO,02/01/2024,09:17:41,1.6,1.55,88400,1.6,130840,16400,2933160
FINNIFTY02JAN2421650CE.NFO,02/01/2024,09:17:43,1.55,1.55,91960,1.6,145440,12400,2933160
FINNIFTY02JAN2421650CE.NFO,02/01/2024,09:17:44,1.6,1.55,72000,1.6,150680,16480,2933160
FINNIFTY02JAN2421650CE.NFO,02/01/2024,09:17:46,1.55,1.55,69080,1.6,146760,15880,2933160
FINNIFTY02JAN2421650CE.NFO,02/01/2024,09:17:47,1.6,1.55,109400,1.6,95560,21120,2933160
FINNIFTY02JAN2421650CE.NFO,02/01/2024,09:17:49,1.6,1.55,131280,1.6,66680,19120,2933160
FINNIFTY02JAN2421650CE.NFO,02/01/2024,09:17:51,1.6,1.55,117480,1.6,68080,65320,2933160
FINNIFTY02JAN2421650CE.NFO,02/01/2024,09:17:52,1.55,1.55,144840,1.6,94640,6920,2933160
FINNIFTY02JAN2421650CE.NFO,02/01/2024,09:17:54,1.6,1.55,147480,1.6,104280,12320,2933160
FINNIFTY02JAN2421650CE.NFO,02/01/2024,09:17:55,1.6,1.55,164600,1.6,92640,21800,2933160
FINNIFTY02JAN2421650CE.NFO,02/01/2024,09:17:57,1.6,1.55,181040,1.6,27160,20960,2933160
FINNIFTY02JAN2421650CE.NFO,02/01/2024,09:17:59,1.6,1.55,141480,1.6,104240,14200,2933160
FINNIFTY02JAN2421650CE.NFO,02/01/2024,09:18:00,1.55,1.55,135520,1.6,110360,41600,2933160
FINNIFTY02JAN2421650CE.NFO,02/01/2024,09:18:02,1.6,1.6,75480,1.65,92600,94520,2933160
FINNIFTY02JAN2421650CE.NFO,02/01/2024,09:18:03,1.6,1.6,104960,1.65,70560,16120,2933160
FINNIFTY02JAN2421650CE.NFO,02/01/2024,09:18:05,1.65,1.6,73960,1.65,115480,7480,2933160
FINNIFTY02JAN2421650CE.NFO,02/01/2024,09:18:07,1.6,1.6,119080,1.65,89640,10920,2933160
FINNIFTY02JAN2421650CE.NFO,02/01/2024,09:18:08,1.65,1.6,97280,1.65,108600,19240,2933160
FINNIFTY02JAN2421650CE.NFO,02/01/2024,09:18:10,1.6,1.6,92600,1.65,136480,21720,2933160
FINNIFTY02JAN2421650CE.NFO,02/01/2024,09:18:12,1.6,1.6,58480,1.65,130520,44200,2933160
FINNIFTY02JAN2421650CE.NFO,02/01/2024,09:18:13,1.6,1.6,43840,1.65,120960,90400,2933160
FINNIFTY02JAN2421650CE.NFO,02/01/2024,09:18:15,1.6,1.6,49920,1.65,106680,74960,2933160
FINNIFTY02JAN2421650CE.NFO,02/01/2024,09:18:17,1.6,1.6,3240,1.65,118000,69600,2933160
FINNIFTY02JAN2421650CE.NFO,02/01/2024,09:18:18,1.55,1.55,169600,1.6,560,48040,2933160
FINNIFTY02JAN2421650CE.NFO,02/01/2024,09:18:20,1.6,1.6,38360,1.65,93240,47800,2933160
FINNIFTY02JAN2421650CE.NFO,02/01/2024,09:18:22,1.6,1.55,164440,1.6,34080,41880,2933160
FINNIFTY02JAN2421650CE.NFO,02/01/2024,09:18:23,1.65,1.6,57160,1.65,117880,35800,2933160
FINNIFTY02JAN2421650CE.NFO,02/01/2024,09:18:25,1.6,1.6,92680,1.65,119000,28600,2933160
FINNIFTY02JAN2421650CE.NFO,02/01/2024,09:18:26,1.6,1.6,1040,1.65,141480,58600,2933160
FINNIFTY02JAN2421650CE.NFO,02/01/2024,09:18:28,1.6,1.6,43280,1.65,132040,41000,2933160
FINNIFTY02JAN2421650CE.NFO,02/01/2024,09:18:30,1.6,1.6,52960,1.65,157600,19160,2933160
FINNIFTY02JAN2421650CE.NFO,02/01/2024,09:18:31,1.6,1.6,72680,1.65,161960,28520,2933160
FINNIFTY02JAN2421650CE.NFO,02/01/2024,09:18:33,1.6,1.6,99400,1.65,143560,10720,2933160
FINNIFTY02JAN2421650CE.NFO,02/01/2024,09:18:34,1.6,1.6,86440,1.65,152840,21240,2933160
FINNIFTY02JAN2421650CE.NFO,02/01/2024,09:18:36,1.6,1.6,2120,1.65,170200,75520,2933160
FINNIFTY02JAN2421650CE.NFO,02/01/2024,09:18:38,1.65,1.6,81920,1.65,129520,27280,2933160
FINNIFTY02JAN2421650CE.NFO,02/01/2024,09:18:39,1.6,1.6,52280,1.65,154480,46840,2933160
FINNIFTY02JAN2421650CE.NFO,02/01/2024,09:18:41,1.65,1.6,84400,1.65,117960,27320,2933160
FINNIFTY02JAN2421650CE.NFO,02/01/2024,09:18:42,1.6,1.6,73680,1.65,112360,11560,2933160
FINNIFTY02JAN2421650CE.NFO,02/01/2024,09:18:44,1.65,1.6,92720,1.65,122600,9840,2933160
FINNIFTY02JAN2421650CE.NFO,02/01/2024,09:18:46,1.65,1.6,75160,1.65,171560,15000,2933160
FINNIFTY02JAN2421650CE.NFO,02/01/2024,09:18:47,1.6,1.6,98560,1.65,149200,24880,2933160
FINNIFTY02JAN2421650CE.NFO,02/01/2024,09:18:49,1.6,1.6,47320,1.65,172560,20520,2933160
FINNIFTY02JAN2421650CE.NFO,02/01/2024,09:18:50,1.6,1.6,93840,1.65,134400,41800,2933160
FINNIFTY02JAN2421650CE.NFO,02/01/2024,09:18:52,1.65,1.6,116760,1.65,138000,5360,2933160
FINNIFTY02JAN2421650CE.NFO,02/01/2024,09:18:54,1.6,1.6,60800,1.65,177400,14360,2933160
FINNIFTY02JAN2421650CE.NFO,02/01/2024,09:18:55,1.65,1.6,123320,1.65,134960,5680,2933160
FINNIFTY02JAN2421650CE.NFO,02/01/2024,09:18:57,1.65,1.6,123800,1.65,139280,5680,2933160
FINNIFTY02JAN2421650CE.NFO,02/01/2024,09:18:59,1.65,1.6,102200,1.65,132240,22360,2933160
FINNIFTY02JAN2421650CE.NFO,02/01/2024,09:19:00,1.65,1.6,54520,1.65,163880,27600,2933160
FINNIFTY02JAN2421650CE.NFO,02/01/2024,09:19:02,1.65,1.6,88680,1.65,136360,21320,2933160
FINNIFTY02JAN2421650CE.NFO,02/01/2024,09:19:03,1.6,1.55,166320,1.6,100640,63800,2933160
FINNIFTY02JAN2421650CE.NFO,02/01/2024,09:19:05,1.6,1.55,157440,1.6,171040,19000,2933160
FINNIFTY02JAN2421650CE.NFO,02/01/2024,09:19:07,1.55,1.55,171720,1.6,160200,19800,2933160
FINNIFTY02JAN2421650CE.NFO,02/01/2024,09:19:08,1.6,1.55,169960,1.6,191360,4200,2933160
FINNIFTY02JAN2421650CE.NFO,02/01/2024,09:19:10,1.6,1.55,184760,1.6,146080,8760,2933160
FINNIFTY02JAN2421650CE.NFO,02/01/2024,09:19:11,1.6,1.55,176600,1.6,143680,22800,2933160
FINNIFTY02JAN2421650CE.NFO,02/01/2024,09:19:13,1.6,1.6,86400,1.65,147480,89520,2933160
FINNIFTY02JAN2421650CE.NFO,02/01/2024,09:19:15,1.65,1.6,61480,1.65,141800,82360,2933160
FINNIFTY02JAN2421650CE.NFO,02/01/2024,09:19:16,1.65,1.6,53720,1.65,184040,9360,2933160
FINNIFTY02JAN2421650CE.NFO,02/01/2024,09:19:18,1.65,1.6,118200,1.65,146840,24120,2933160
FINNIFTY02JAN2421650CE.NFO,02/01/2024,09:19:20,1.65,1.6,113040,1.65,155600,7640,2933160
FINNIFTY02JAN2421650CE.NFO,02/01/2024,09:19:21,1.6,1.6,155240,1.65,160120,10360,2933160
FINNIFTY02JAN2421650CE.NFO,02/01/2024,09:19:23,1.6,1.6,76640,1.65,194240,21560,2933160
FINNIFTY02JAN2421650CE.NFO,02/01/2024,09:19:24,1.6,1.6,67000,1.65,194040,11880,2933160
FINNIFTY02JAN2421650CE.NFO,02/01/2024,09:19:26,1.6,1.6,110360,1.65,165120,17880,2933160
FINNIFTY02JAN2421650CE.NFO,02/01/2024,09:19:28,1.6,1.55,195160,1.6,9320,49120,2933160
FINNIFTY02JAN2421650CE.NFO,02/01/2024,09:19:29,1.6,1.55,185560,1.6,47840,26360,2933160
FINNIFTY02JAN2421650CE.NFO,02/01/2024,09:19:31,1.55,1.55,175240,1.6,96280,14320,2933160
FINNIFTY02JAN2421650CE.NFO,02/01/2024,09:19:32,1.6,1.55,127440,1.6,135480,24360,2933160
FINNIFTY02JAN2421650CE.NFO,02/01/2024,09:19:34,1.55,1.55,170720,1.6,122640,5200,2933160
FINNIFTY02JAN2421650CE.NFO,02/01/2024,09:19:36,1.6,1.55,160160,1.6,130640,10840,2933160
FINNIFTY02JAN2421650CE.NFO,02/01/2024,09:19:37,1.6,1.55,160800,1.6,162160,7960,2933160
FINNIFTY02JAN2421650CE.NFO,02/01/2024,09:19:39,1.55,1.55,113680,1.6,172880,5480,2933160
FINNIFTY02JAN2421650CE.NFO,02/01/2024,09:19:41,1.6,1.55,151480,1.6,164280,8440,2933160
FINNIFTY02JAN2421650CE.NFO,02/01/2024,09:19:42,1.6,1.55,115160,1.6,182000,17760,2933160
FINNIFTY02JAN2421650CE.NFO,02/01/2024,09:19:44,1.55,1.55,117640,1.6,175960,11320,2933160
FINNIFTY02JAN2421650CE.NFO,02/01/2024,09:19:46,1.6,1.55,132800,1.6,153640,15600,2933160
FINNIFTY02JAN2421650CE.NFO,02/01/2024,09:19:47,1.55,1.55,142240,1.6,147480,6480,2933160
FINNIFTY02JAN2421650CE.NFO,02/01/2024,09:19:49,1.55,1.55,98520,1.6,193840,10120,2933160
FINNIFTY02JAN2421650CE.NFO,02/01/2024,09:19:51,1.55,1.55,128240,1.6,160880,10000,2933160
FINNIFTY02JAN2421650CE.NFO,02/01/2024,09:19:52,1.6,1.55,75840,1.6,194840,6160,2933160
FINNIFTY02JAN2421650CE.NFO,02/01/2024,09:19:54,1.6,1.55,132480,1.6,153520,15680,2933160
FINNIFTY02JAN2421650CE.NFO,02/01/2024,09:19:56,1.6,1.55,75320,1.6,204480,6640,2933160
FINNIFTY02JAN2421650CE.NFO,02/01/2024,09:19:57,1.6,1.55,61240,1.6,207680,12120,2933160
FINNIFTY02JAN2421650CE.NFO,02/01/2024,09:19:59,1.6,1.55,54800,1.6,206960,33600,2933160
FINNIFTY02JAN2421650CE.NFO,02/01/2024,09:20:01,1.55,1.5,253360,1.55,124480,129360,2933160
FINNIFTY02JAN2421650CE.NFO,02/01/2024,09:20:02,1.5,1.5,253880,1.55,164640,5800,2933160
FINNIFTY02JAN2421650CE.NFO,02/01/2024,09:20:04,1.55,1.5,295520,1.55,125680,17280,2933160
FINNIFTY02JAN2421650CE.NFO,02/01/2024,09:20:06,1.5,1.5,296080,1.55,5480,140040,2933160
FINNIFTY02JAN2421650CE.NFO,02/01/2024,09:20:07,1.55,1.5,296960,1.55,7200,82200,2933160
FINNIFTY02JAN2421650CE.NFO,02/01/2024,09:20:09,1.55,1.5,289520,1.55,9600,38880,2933160
FINNIFTY02JAN2421650CE.NFO,02/01/2024,09:20:11,1.55,1.5,284520,1.55,16240,12400,2933160
FINNIFTY02JAN2421650CE.NFO,02/01/2024,09:20:12,1.55,1.5,270680,1.55,25040,31480,2933160
FINNIFTY02JAN2421650CE.NFO,02/01/2024,09:20:14,1.5,1.5,227800,1.55,155000,8600,2933160
FINNIFTY02JAN2421650CE.NFO,02/01/2024,09:20:16,1.55,1.5,226280,1.55,156400,28400,2933160
FINNIFTY02JAN2421650CE.NFO,02/01/2024,09:20:17,1.5,1.5,217320,1.55,131880,31880,2933160
FINNIFTY02JAN2421650CE.NFO,02/01/2024,09:20:19,1.55,1.5,225280,1.55,162240,14040,2933160
FINNIFTY02JAN2421650CE.NFO,02/01/2024,09:20:21,1.55,1.5,194600,1.55,198320,9960,2933160
FINNIFTY02JAN2421650CE.NFO,02/01/2024,09:20:22,1.55,1.5,193040,1.55,167760,36280,3458080
FINNIFTY02JAN2421650CE.NFO,02/01/2024,09:20:24,1.5,1.5,151200,1.55,185400,32480,3458080
FINNIFTY02JAN2421650CE.NFO,02/01/2024,09:20:26,1.55,1.5,148080,1.55,193080,28960,3458080
FINNIFTY02JAN2421650CE.NFO,02/01/2024,09:20:27,1.5,1.45,187080,1.5,12720,98400,3458080
FINNIFTY02JAN2421650CE.NFO,02/01/2024,09:20:27,1.45,1.45,187080,1.5,12720,0,3458080
FINNIFTY02JAN2421650CE.NFO,02/01/2024,09:20:29,1.5,1.45,188160,1.5,53160,35360,3458080
FINNIFTY02JAN2421650CE.NFO,02/01/2024,09:20:31,1.45,1.45,120480,1.5,120400,75600,3458080
FINNIFTY02JAN2421650CE.NFO,02/01/2024,09:20:32,1.5,1.45,117560,1.5,140440,3160,3458080
FINNIFTY02JAN2421650CE.NFO,02/01/2024,09:20:34,1.5,1.45,109200,1.5,148360,7600,3458080
FINNIFTY02JAN2421650CE.NFO,02/01/2024,09:20:36,1.45,1.45,123120,1.5,158320,13320,3458080
FINNIFTY02JAN2421650CE.NFO,02/01/2024,09:20:38,1.5,1.45,143120,1.5,109120,90680,3458080
FINNIFTY02JAN2421650CE.NFO,02/01/2024,09:20:39,1.45,1.45,134680,1.5,128920,35040,3458080
FINNIFTY02JAN2421650CE.NFO,02/01/2024,09:20:41,1.5,1.45,137680,1.5,146640,5840,3458080
FINNIFTY02JAN2421650CE.NFO,02/01/2024,09:20:43,1.5,1.45,109240,1.5,185160,7360,3458080
FINNIFTY02JAN2421650CE.NFO,02/01/2024,09:20:44,1.5,1.45,142160,1.5,157680,10200,3458080
FINNIFTY02JAN2421650CE.NFO,02/01/2024,09:20:46,1.45,1.45,135360,1.5,159600,39200,3458080
FINNIFTY02JAN2421650CE.NFO,02/01/2024,09:20:48,1.5,1.45,162600,1.5,135320,23760,3458080
FINNIFTY02JAN2421650CE.NFO,02/01/2024,09:20:49,1.5,1.45,173360,1.5,132160,13600,3458080
FINNIFTY02JAN2421650CE.NFO,02/01/2024,09:20:51,1.55,1.5,92800,1.55,159720,142880,3458080
FINNIFTY02JAN2421650CE.NFO,02/01/2024,09:20:53,1.55,1.5,172080,1.55,108560,14840,3458080
FINNIFTY02JAN2421650CE.NFO,02/01/2024,09:20:54,1.5,1.5,126480,1.55,152840,23440,3458080
FINNIFTY02JAN2421650CE.NFO,02/01/2024,09:20:56,1.5,1.5,131840,1.55,167160,13160,3458080
FINNIFTY02JAN2421650CE.NFO,02/01/2024,09:20:58,1.5,1.5,96880,1.55,166440,8720,3458080
FINNIFTY02JAN2421650CE.NFO,02/01/2024,09:20:59,1.5,1.5,110280,1.55,162280,6200,3458080
FINNIFTY02JAN2421650CE.NFO,02/01/2024,09:21:01,1.5,1.45,174480,1.5,8640,142720,3458080
FINNIFTY02JAN2421650CE.NFO,02/01/2024,09:21:03,1.5,1.45,174360,1.5,9000,62880,3458080
FINNIFTY02JAN2421650CE.NFO,02/01/2024,09:21:04,1.5,1.5,71800,1.55,144040,81360,3458080
FINNIFTY02JAN2421650CE.NFO,02/01/2024,09:21:06,1.55,1.55,90680,1.6,116560,70000,3458080
FINNIFTY02JAN2421650CE.NFO,02/01/2024,09:21:08,1.6,1.6,35440,1.65,65240,300360,3458080
FINNIFTY02JAN2421650CE.NFO,02/01/2024,09:21:09,1.65,1.6,2000,1.65,102240,112480,3458080
FINNIFTY02JAN2421650CE.NFO,02/01/2024,09:21:11,1.7,1.65,135440,1.7,78240,79200,3458080
FINNIFTY02JAN2421650CE.NFO,02/01/2024,09:21:13,1.65,1.65,124120,1.7,80200,117160,3458080
FINNIFTY02JAN2421650CE.NFO,02/01/2024,09:21:14,1.65,1.6,72640,1.65,111800,133480,3458080
FINNIFTY02JAN2421650CE.NFO,02/01/2024,09:21:16,1.6,1.6,38520,1.65,122360,32720,3458080
FINNIFTY02JAN2421650CE.NFO,02/01/2024,09:21:18,1.65,1.6,84240,1.65,103800,25440,3458080
FINNIFTY02JAN2421650CE.NFO,02/01/2024,09:21:19,1.65,1.6,95000,1.65,96360,9440,3458080
FINNIFTY02JAN2421650CE.NFO,02/01/2024,09:21:21,1.6,1.6,90600,1.65,122160,15120,3458080
FINNIFTY02JAN2421650CE.NFO,02/01/2024,09:21:23,1.6,1.6,99520,1.65,101200,18720,3458080
FINNIFTY02JAN2421650CE.NFO,02/01/2024,09:21:24,1.65,1.6,97560,1.65,126320,27800,3458080
FINNIFTY02JAN2421650CE.NFO,02/01/2024,09:21:26,1.65,1.6,108040,1.65,8600,141440,3458080
FINNIFTY02JAN2421650CE.NFO,02/01/2024,09:21:28,1.7,1.7,5040,1.75,91960,177520,3458080
FINNIFTY02JAN2421650CE.NFO,02/01/2024,09:21:29,1.7,1.65,92480,1.7,65320,68320,3458080
FINNIFTY02JAN2421650CE.NFO,02/01/2024,09:21:31,1.65,1.65,62080,1.7,84240,175200,3458080
FINNIFTY02JAN2421650CE.NFO,02/01/2024,09:21:32,1.7,1.65,99600,1.7,83720,36440,3458080
FINNIFTY02JAN2421650CE.NFO,02/01/2024,09:21:34,1.7,1.65,119240,1.7,28320,59280,3458080
FINNIFTY02JAN2421650CE.NFO,02/01/2024,09:21:36,1.65,1.65,58920,1.7,137360,89760,3458080
FINNIFTY02JAN2421650CE.NFO,02/01/2024,09:21:37,1.65,1.6,100360,1.65,75600,47560,3458080
FINNIFTY02JAN2421650CE.NFO,02/01/2024,09:21:39,1.65,1.6,108080,1.65,91440,13760,3458080
FINNIFTY02JAN2421650CE.NFO,02/01/2024,09:21:41,1.6,1.6,120,1.65,142000,87880,3458080
FINNIFTY02JAN2421650CE.NFO,02/01/2024,09:21:42,1.6,1.55,161640,1.6,8160,88320,3458080
FINNIFTY02JAN2421650CE.NFO,02/01/2024,09:21:44,1.6,1.55,138080,1.6,94760,52000,3458080
FINNIFTY02JAN2421650CE.NFO,02/01/2024,09:21:46,1.55,1.55,125000,1.6,140480,5320,3458080
FINNIFTY02JAN2421650CE.NFO,02/01/2024,09:21:47,1.55,1.55,110040,1.6,149040,12440,3458080
FINNIFTY02JAN2421650CE.NFO,02/01/2024,09:21:49,1.55,1.55,95320,1.6,172560,23080,3458080
FINNIFTY02JAN2421650CE.NFO,02/01/2024,09:21:51,1.6,1.55,88720,1.6,176760,15200,3458080
FINNIFTY02JAN2421650CE.NFO,02/01/2024,09:21:52,1.55,1.55,64920,1.6,184280,8880,3458080
FINNIFTY02JAN2421650CE.NFO,02/01/2024,09:21:54,1.55,1.55,79920,1.6,178080,10080,3458080
FINNIFTY02JAN2421650CE.NFO,02/01/2024,09:21:56,1.55,1.55,34720,1.6,177840,8760,3458080
FINNIFTY02JAN2421650CE.NFO,02/01/2024,09:21:57,1.55,1.55,63800,1.6,168600,9000,3458080
FINNIFTY02JAN2421650CE.NFO,02/01/2024,09:21:59,1.6,1.55,90200,1.6,131760,9480,3458080
FINNIFTY02JAN2421650CE.NFO,02/01/2024,09:22:01,1.55,1.55,16440,1.6,182680,41800,3458080
FINNIFTY02JAN2421650CE.NFO,02/01/2024,09:22:02,1.6,1.55,37480,1.6,168440,72920,3458080
FINNIFTY02JAN2421650CE.NFO,02/01/2024,09:22:04,1.6,1.55,16200,1.6,172600,94600,3458080
FINNIFTY02JAN2421650CE.NFO,02/01/2024,09:22:06,1.55,1.5,164800,1.55,146240,38000,3458080
FINNIFTY02JAN2421650CE.NFO,02/01/2024,09:22:07,1.55,1.5,140760,1.55,197840,8920,3458080
FINNIFTY02JAN2421650CE.NFO,02/01/2024,09:22:09,1.5,1.5,146320,1.55,166840,9280,3458080
FINNIFTY02JAN2421650CE.NFO,02/01/2024,09:22:11,1.55,1.5,111120,1.55,210520,10480,3458080
FINNIFTY02JAN2421650CE.NFO,02/01/2024,09:22:12,1.5,1.5,119440,1.55,209280,12240,3458080
FINNIFTY02JAN2421650CE.NFO,02/01/2024,09:22:14,1.55,1.5,143320,1.55,200080,22360,3458080
FINNIFTY02JAN2421650CE.NFO,02/01/2024,09:22:16,1.5,1.5,68200,1.55,180280,92680,3458080
FINNIFTY02JAN2421650CE.NFO,02/01/2024,09:22:17,1.45,1.45,192560,1.5,167520,53320,3458080
FINNIFTY02JAN2421650CE.NFO,02/01/2024,09:22:19,1.5,1.45,131520,1.5,294040,9200,3458080
FINNIFTY02JAN2421650CE.NFO,02/01/2024,09:22:21,1.5,1.45,79240,1.5,317560,29840,3458080
FINNIFTY02JAN2421650CE.NFO,02/01/2024,09:22:22,1.45,1.45,77960,1.5,318440,17760,3458080
FINNIFTY02JAN2421650CE.NFO,02/01/2024,09:22:24,1.45,1.45,7080,1.5,312080,33400,3458080
FINNIFTY02JAN2421650CE.NFO,02/01/2024,09:22:26,1.45,1.45,19400,1.5,287440,179920,3458080
FINNIFTY02JAN2421650CE.NFO,02/01/2024,09:22:26,1.4,1.45,19400,1.5,287440,0,3458080
FINNIFTY02JAN2421650CE.NFO,02/01/2024,09:22:27,1.45,1.45,5280,1.5,269640,65120,3458080
FINNIFTY02JAN2421650CE.NFO,02/01/2024,09:22:29,1.5,1.45,4680,1.5,256080,39240,3458080
FINNIFTY02JAN2421650CE.NFO,02/01/2024,09:22:31,1.45,1.45,102680,1.5,250320,19120,3458080
FINNIFTY02JAN2421650CE.NFO,02/01/2024,09:22:32,1.45,1.45,132120,1.5,222800,12480,3458080
FINNIFTY02JAN2421650CE.NFO,02/01/2024,09:22:34,1.45,1.45,3040,1.5,280800,63200,3458080
FINNIFTY02JAN2421650CE.NFO,02/01/2024,09:22:36,1.45,1.4,268760,1.5,276960,116520,3458080
FINNIFTY02JAN2421650CE.NFO,02/01/2024,09:22:37,1.45,1.45,55960,1.5,260760,72560,3458080
FINNIFTY02JAN2421650CE.NFO,02/01/2024,09:22:39,1.4,1.4,289040,1.45,14120,135960,3458080
FINNIFTY02JAN2421650CE.NFO,02/01/2024,09:22:41,1.5,1.45,24000,1.5,232240,81680,3458080
FINNIFTY02JAN2421650CE.NFO,02/01/2024,09:22:42,1.45,1.4,258720,1.45,128920,38160,3458080
FINNIFTY02JAN2421650CE.NFO,02/01/2024,09:22:44,1.45,1.4,296040,1.45,140720,22960,3458080
FINNIFTY02JAN2421650CE.NFO,02/01/2024,09:22:46,1.45,1.4,258880,1.45,174880,16360,3458080
FINNIFTY02JAN2421650CE.NFO,02/01/2024,09:22:47,1.45,1.4,285040,1.45,148480,19000,3458080
FINNIFTY02JAN2421650CE.NFO,02/01/2024,09:22:49,1.45,1.4,282160,1.45,184960,6640,3458080
FINNIFTY02JAN2421650CE.NFO,02/01/2024,09:22:51,1.4,1.4,270560,1.45,174880,29040,3458080
FINNIFTY02JAN2421650CE.NFO,02/01/2024,09:22:52,1.4,1.4,270480,1.45,177800,11800,3458080
FINNIFTY02JAN2421650CE.NFO,02/01/2024,09:22:54,1.4,1.4,220280,1.45,217760,23600,3458080
FINNIFTY02JAN2421650CE.NFO,02/01/2024,09:22:56,1.4,1.4,207520,1.45,217600,5320,3458080
FINNIFTY02JAN2421650CE.NFO,02/01/2024,09:22:58,1.4,1.4,250600,1.45,139760,21120,3458080
FINNIFTY02JAN2421650CE.NFO,02/01/2024,09:22:59,1.4,1.4,248560,1.45,152040,14240,3458080
FINNIFTY02JAN2421650CE.NFO,02/01/2024,09:23:01,1.45,1.4,202080,1.45,206800,7040,3458080
FINNIFTY02JAN2421650CE.NFO,02/01/2024,09:23:03,1.4,1.4,220160,1.45,190960,15120,3458080
FINNIFTY02JAN2421650CE.NFO,02/01/2024,09:23:04,1.45,1.4,276800,1.45,60440,65640,3458080
FINNIFTY02JAN2421650CE.NFO,02/01/2024,09:23:06,1.45,1.4,270920,1.45,12440,169720,3458080
FINNIFTY02JAN2421650CE.NFO,02/01/2024,09:23:08,1.45,1.45,154840,1.5,241960,111120,3458080
FINNIFTY02JAN2421650CE.NFO,02/01/2024,09:23:09,1.5,1.45,123560,1.5,291480,11080,3458080
FINNIFTY02JAN2421650CE.NFO,02/01/2024,09:23:11,1.45,1.45,132920,1.5,289880,2520,3458080
FINNIFTY02JAN2421650CE.NFO,02/01/2024,09:23:13,1.5,1.45,170000,1.5,246960,12200,3458080
FINNIFTY02JAN2421650CE.NFO,02/01/2024,09:23:14,1.45,1.45,170000,1.5,252360,5360,3458080
FINNIFTY02JAN2421650CE.NFO,02/01/2024,09:23:16,1.5,1.45,124880,1.5,284680,400,3458080
FINNIFTY02JAN2421650CE.NFO,02/01/2024,09:23:18,1.45,1.45,181160,1.5,233080,14080,3458080
FINNIFTY02JAN2421650CE.NFO,02/01/2024,09:23:19,1.5,1.45,115280,1.5,266960,6920,3458080
FINNIFTY02JAN2421650CE.NFO,02/01/2024,09:23:21,1.45,1.45,99080,1.5,271680,20440,3458080
FINNIFTY02JAN2421650CE.NFO,02/01/2024,09:23:23,1.45,1.45,5640,1.5,267680,96640,3791440
FINNIFTY02JAN2421650CE.NFO,02/01/2024,09:23:24,1.45,1.45,42040,1.5,263200,44800,3791440
FINNIFTY02JAN2421650CE.NFO,02/01/2024,09:23:26,1.4,1.4,290080,1.45,10360,124000,3791440
FINNIFTY02JAN2421650CE.NFO,02/01/2024,09:23:28,1.45,1.4,249640,1.45,161440,28920,3791440
FINNIFTY02JAN2421650CE.NFO,02/01/2024,09:23:29,1.4,1.4,226320,1.45,195120,15200,3791440
FINNIFTY02JAN2421650CE.NFO,02/01/2024,09:23:31,1.4,1.4,219680,1.45,207080,7080,3791440
FINNIFTY02JAN2421650CE.NFO,02/01/2024,09:23:33,1.4,1.4,281920,1.45,164560,1360,3791440
FINNIFTY02JAN2421650CE.NFO,02/01/2024,09:23:34,1.4,1.4,290160,1.45,201000,6800,3791440
FINNIFTY02JAN2421650CE.NFO,02/01/2024,09:23:36,1.45,1.4,281320,1.45,204080,5040,3791440
FINNIFTY02JAN2421650CE.NFO,02/01/2024,09:23:38,1.4,1.4,323400,1.45,98320,56480,3791440
FINNIFTY02JAN2421650CE.NFO,02/01/2024,09:23:39,1.5,1.45,81480,1.5,242960,90760,3791440
FINNIFTY02JAN2421650CE.NFO,02/01/2024,09:23:41,1.5,1.45,92840,1.5,242920,8080,3791440
FINNIFTY02JAN2421650CE.NFO,02/01/2024,09:23:43,1.45,1.4,272200,1.45,115120,85400,3791440
FINNIFTY02JAN2421650CE.NFO,02/01/2024,09:23:44,1.4,1.4,268560,1.45,152280,76880,3791440
FINNIFTY02JAN2421650CE.NFO,02/01/2024,09:23:46,1.4,1.4,280520,1.45,168680,8160,3791440
FINNIFTY02JAN2421650CE.NFO,02/01/2024,09:23:48,1.4,1.4,265480,1.45,189040,4280,3791440
FINNIFTY02JAN2421650CE.NFO,02/01/2024,09:23:49,1.45,1.4,272240,1.45,195920,6080,3791440
FINNIFTY02JAN2421650CE.NFO,02/01/2024,09:23:51,1.4,1.4,284480,1.45,197400,9400,3791440
FINNIFTY02JAN2421650CE.NFO,02/01/2024,09:23:53,1.45,1.4,316880,1.45,167440,10880,3791440
FINNIFTY02JAN2421650CE.NFO,02/01/2024,09:23:54,1.45,1.4,274520,1.45,201960,3640,3791440
FINNIFTY02JAN2421650CE.NFO,02/01/2024,09:23:56,1.45,1.4,282760,1.45,196560,7680,3791440
FINNIFTY02JAN2421650CE.NFO,02/01/2024,09:23:58,1.4,1.4,266360,1.45,210440,9080,3791440
FINNIFTY02JAN2421650CE.NFO,02/01/2024,09:23:59,1.4,1.4,111920,1.45,204360,62440,3791440
FINNIFTY02JAN2421650CE.NFO,02/01/2024,09:24:01,1.4,1.4,28320,1.45,182120,86120,3791440
FINNIFTY02JAN2421650CE.NFO,02/01/2024,09:24:03,1.4,1.4,38280,1.45,181960,17400,3791440
FINNIFTY02JAN2421650CE.NFO,02/01/2024,09:24:04,1.4,1.4,59680,1.45,176240,5520,3791440
FINNIFTY02JAN2421650CE.NFO,02/01/2024,09:24:06,1.45,1.4,152720,1.45,176880,43400,3791440
FINNIFTY02JAN2421650CE.NFO,02/01/2024,09:24:08,1.4,1.4,144240,1.45,189920,5360,3791440
FINNIFTY02JAN2421650CE.NFO,02/01/2024,09:24:09,1.4,1.4,143240,1.45,188240,14080,3791440
FINNIFTY02JAN2421650CE.NFO,02/01/2024,09:24:11,1.4,1.4,179400,1.45,142960,12560,3791440
FINNIFTY02JAN2421650CE.NFO,02/01/2024,09:24:13,1.45,1.4,167240,1.45,161200,5680,3791440
FINNIFTY02JAN2421650CE.NFO,02/01/2024,09:24:14,1.45,1.4,180760,1.45,147320,8080,3791440
FINNIFTY02JAN2421650CE.NFO,02/01/2024,09:24:16,1.4,1.4,154160,1.45,190680,5680,3791440
FINNIFTY02JAN2421650CE.NFO,02/01/2024,09:24:18,1.4,1.4,143440,1.45,194480,8080,3791440
FINNIFTY02JAN2421650CE.NFO,02/01/2024,09:24:19,1.45,1.4,138360,1.45,190000,10280,3791440
FINNIFTY02JAN2421650CE.NFO,02/01/2024,09:24:21,1.45,1.4,129680,1.45,181920,15520,3791440
FINNIFTY02JAN2421650CE.NFO,02/01/2024,09:24:23,1.4,1.4,168480,1.45,151200,6760,3791440
FINNIFTY02JAN2421650CE.NFO,02/01/2024,09:24:24,1.4,1.4,140680,1.45,185400,7480,3791440
FINNIFTY02JAN2421650CE.NFO,02/01/2024,09:24:26,1.4,1.4,147760,1.45,181000,4000,3791440
FINNIFTY02JAN2421650CE.NFO,02/01/2024,09:24:28,1.45,1.4,122000,1.45,200320,1440,3791440
FINNIFTY02JAN2421650CE.NFO,02/01/2024,09:24:29,1.45,1.4,112760,1.45,203240,7480,3791440
FINNIFTY02JAN2421650CE.NFO,02/01/2024,09:24:30,1.4,1.4,111320,1.45,205040,120,3791440
FINNIFTY02JAN2421650CE.NFO,02/01/2024,09:24:31,1.45,1.4,107920,1.45,201200,8640,3791440
FINNIFTY02JAN2421650CE.NFO,02/01/2024,09:24:33,1.45,1.4,121040,1.45,204040,10960,3791440
FINNIFTY02JAN2421650CE.NFO,02/01/2024,09:24:35,1.4,1.4,122800,1.45,203440,9840,3791440
FINNIFTY02JAN2421650CE.NFO,02/01/2024,09:24:36,1.4,1.4,168800,1.45,163320,8120,3791440
FINNIFTY02JAN2421650CE.NFO,02/01/2024,09:24:38,1.4,1.4,170880,1.45,168720,6440,3791440
FINNIFTY02JAN2421650CE.NFO,02/01/2024,09:24:40,1.45,1.4,109120,1.45,207560,61040,3791440
FINNIFTY02JAN2421650CE.NFO,02/01/2024,09:24:41,1.45,1.4,146600,1.45,194040,9400,3791440
FINNIFTY02JAN2421650CE.NFO,02/01/2024,09:24:43,1.4,1.4,144760,1.45,202200,6400,3791440
FINNIFTY02JAN2421650CE.NFO,02/01/2024,09:24:45,1.45,1.4,151680,1.45,191000,9400,3791440
FINNIFTY02JAN2421650CE.NFO,02/01/2024,09:24:46,1.45,1.4,145400,1.45,207120,8440,3791440
FINNIFTY02JAN2421650CE.NFO,02/01/2024,09:24:48,1.45,1.4,133040,1.45,197400,21320,3791440
FINNIFTY02JAN2421650CE.NFO,02/01/2024,09:24:50,1.4,1.4,132240,1.45,200840,6160,3791440
FINNIFTY02JAN2421650CE.NFO,02/01/2024,09:24:51,1.45,1.4,129960,1.45,210040,9960,3791440
FINNIFTY02JAN2421650CE.NFO,02/01/2024,09:24:53,1.4,1.4,130560,1.45,202520,18120,3791440
FINNIFTY02JAN2421650CE.NFO,02/01/2024,09:24:55,1.4,1.4,116480,1.45,197720,9200,3791440
FINNIFTY02JAN2421650CE.NFO,02/01/2024,09:24:56,1.4,1.4,78080,1.45,200080,5000,3791440
FINNIFTY02JAN2421650CE.NFO,02/01/2024,09:24:58,1.35,1.35,349320,1.4,7640,67280,3791440
FINNIFTY02JAN2421650CE.NFO,02/01/2024,09:24:58,1.35,1.35,349320,1.4,7640,0,3791440
FINNIFTY02JAN2421650CE.NFO,02/01/2024,09:25:00,1.4,1.35,296800,1.4,164120,38960,3791440
FINNIFTY02JAN2421650CE.NFO,02/01/2024,09:25:01,1.35,1.35,302640,1.4,195920,20960,3791440
FINNIFTY02JAN2421650CE.NFO,02/01/2024,09:25:03,1.35,1.35,251040,1.4,170760,26640,3791440
FINNIFTY02JAN2421650CE.NFO,02/01/2024,09:25:05,1.35,1.35,155880,1.4,230000,18040,3791440
FINNIFTY02JAN2421650CE.NFO,02/01/2024,09:25:06,1.35,1.35,113400,1.4,217960,38560,3791440
FINNIFTY02JAN2421650CE.NFO,02/01/2024,09:25:08,1.35,1.35,111600,1.4,204000,48400,3791440
FINNIFTY02JAN2421650CE.NFO,02/01/2024,09:25:10,1.35,1.35,25600,1.4,189440,197360,3791440
FINNIFTY02JAN2421650CE.NFO,02/01/2024,09:25:10,1.3,1.35,25600,1.4,189440,0,3791440
FINNIFTY02JAN2421650CE.NFO,02/01/2024,09:25:12,1.3,1.3,387040,1.35,130160,43760,3791440
FINNIFTY02JAN2421650CE.NFO,02/01/2024,09:25:13,1.3,1.3,372360,1.35,157960,19000,3791440
FINNIFTY02JAN2421650CE.NFO,02/01/2024,09:25:15,1.3,1.3,366160,1.35,173320,12920,3791440
FINNIFTY02JAN2421650CE.NFO,02/01/2024,09:25:17,1.3,1.3,316960,1.35,179520,4760,3791440
FINNIFTY02JAN2421650CE.NFO,02/01/2024,09:25:18,1.35,1.3,305800,1.35,201040,5840,3791440
FINNIFTY02JAN2421650CE.NFO,02/01/2024,09:25:20,1.3,1.3,316440,1.35,195560,3920,3791440
FINNIFTY02JAN2421650CE.NFO,02/01/2024,09:25:22,1.3,1.3,282120,1.35,228240,3800,3791440
FINNIFTY02JAN2421650CE.NFO,02/01/2024,09:25:23,1.35,1.3,287040,1.35,233480,6480,3791440
FINNIFTY02JAN2421650CE.NFO,02/01/2024,09:25:25,1.3,1.3,283840,1.35,239520,15360,3791440
FINNIFTY02JAN2421650CE.NFO,02/01/2024,09:25:27,1.35,1.3,324960,1.35,196680,15560,3791440
FINNIFTY02JAN2421650CE.NFO,02/01/2024,09:25:28,1.3,1.3,280760,1.35,237480,11840,3791440
FINNIFTY02JAN2421650CE.NFO,02/01/2024,09:25:30,1.35,1.3,326240,1.35,209360,10760,3791440
FINNIFTY02JAN2421650CE.NFO,02/01/2024,09:25:32,1.35,1.3,327960,1.35,199880,3280,3791440
FINNIFTY02JAN2421650CE.NFO,02/01/2024,09:25:33,1.35,1.3,283880,1.35,211480,14640,3791440
FINNIFTY02JAN2421650CE.NFO,02/01/2024,09:25:35,1.3,1.3,283760,1.35,193360,24920,3791440
FINNIFTY02JAN2421650CE.NFO,02/01/2024,09:25:37,1.3,1.3,318320,1.35,66600,64920,3791440
FINNIFTY02JAN2421650CE.NFO,02/01/2024,09:25:38,1.35,1.35,71360,1.4,204400,133120,3791440
FINNIFTY02JAN2421650CE.NFO,02/01/2024,09:25:40,1.35,1.35,140400,1.4,238520,20560,3791440
FINNIFTY02JAN2421650CE.NFO,02/01/2024,09:25:42,1.35,1.35,191000,1.4,205640,8200,3791440
FINNIFTY02JAN2421650CE.NFO,02/01/2024,09:25:43,1.35,1.35,190880,1.4,218680,4560,3791440
FINNIFTY02JAN2421650CE.NFO,02/01/2024,09:25:45,1.35,1.35,152280,1.4,260120,4120,3791440
FINNIFTY02JAN2421650CE.NFO,02/01/2024,09:25:47,1.35,1.35,127720,1.4,260400,3040,3791440
FINNIFTY02JAN2421650CE.NFO,02/01/2024,09:25:48,1.35,1.35,116640,1.4,248920,37920,3791440
FINNIFTY02JAN2421650CE.NFO,02/01/2024,09:25:50,1.35,1.35,92160,1.4,250440,11000,3791440
FINNIFTY02JAN2421650CE.NFO,02/01/2024,09:25:52,1.35,1.35,117280,1.4,225960,6120,3791440
FINNIFTY02JAN2421650CE.NFO,02/01/2024,09:25:53,1.35,1.35,137600,1.4,245240,2360,3791440
FINNIFTY02JAN2421650CE.NFO,02/01/2024,09:25:55,1.4,1.35,173160,1.4,176240,9040,3791440
FINNIFTY02JAN2421650CE.NFO,02/01/2024,09:25:57,1.4,1.35,199680,1.4,167880,42640,3791440
FINNIFTY02JAN2421650CE.NFO,02/01/2024,09:25:58,1.4,1.4,108680,1.45,206040,55920,3791440
FINNIFTY02JAN2421650CE.NFO,02/01/2024,09:26:00,1.45,1.4,204160,1.45,168880,3200,3791440
FINNIFTY02JAN2421650CE.NFO,02/01/2024,09:26:02,1.45,1.4,174600,1.45,199920,4920,3791440
FINNIFTY02JAN2421650CE.NFO,02/01/2024,09:26:03,1.4,1.4,182000,1.45,179680,21920,3791440
FINNIFTY02JAN2421650CE.NFO,02/01/2024,09:26:05,1.4,1.4,180720,1.45,180560,8680,3791440
FINNIFTY02JAN2421650CE.NFO,02/01/2024,09:26:07,1.4,1.4,138480,1.45,181200,22720,3791440
FINNIFTY02JAN2421650CE.NFO,02/01/2024,09:26:08,1.45,1.4,179840,1.45,173280,11560,3791440
FINNIFTY02JAN2421650CE.NFO,02/01/2024,09:26:10,1.45,1.4,200600,1.45,177480,16360,3791440
FINNIFTY02JAN2421650CE.NFO,02/01/2024,09:26:12,1.45,1.4,195600,1.45,137240,50480,3791440
FINNIFTY02JAN2421650CE.NFO,02/01/2024,09:26:13,1.45,1.4,170960,1.45,140440,8600,3791440
FINNIFTY02JAN2421650CE.NFO,02/01/2024,09:26:15,1.5,1.45,139400,1.5,75280,163760,3791440
FINNIFTY02JAN2421650CE.NFO,02/01/2024,09:26:17,1.6,1.55,35480,1.6,16720,614160,3791440
FINNIFTY02JAN2421650CE.NFO,02/01/2024,09:26:18,1.55,1.55,43440,1.6,35880,511800,3791440
FINNIFTY02JAN2421650CE.NFO,02/01/2024,09:26:20,1.55,1.55,21280,1.6,89360,176640,3791440
FINNIFTY02JAN2421650CE.NFO,02/01/2024,09:26:22,1.45,1.45,107280,1.5,85240,78800,3791440
FINNIFTY02JAN2421650CE.NFO,02/01/2024,09:26:23,1.5,1.5,59160,1.55,56120,41920,3951680
FINNIFTY02JAN2421650CE.NFO,02/01/2024,09:26:25,1.55,1.5,114680,1.55,69680,39840,3951680
FINNIFTY02JAN2421650CE.NFO,02/01/2024,09:26:27,1.55,1.55,15920,1.6,105760,43720,3951680
FINNIFTY02JAN2421650CE.NFO,02/01/2024,09:26:28,1.6,1.55,46600,1.6,51000,39000,3951680
FINNIFTY02JAN2421650CE.NFO,02/01/2024,09:26:31,1.65,1.65,19200,1.7,73240,223960,3951680
FINNIFTY02JAN2421650CE.NFO,02/01/2024,09:26:33,1.65,1.6,61240,1.65,360,138800,3951680
FINNIFTY02JAN2421650CE.NFO,02/01/2024,09:26:34,1.65,1.6,57760,1.65,31360,27560,3951680
FINNIFTY02JAN2421650CE.NFO,02/01/2024,09:26:36,1.6,1.6,47680,1.65,55040,11840,3951680
FINNIFTY02JAN2421650CE.NFO,02/01/2024,09:26:38,1.7,1.7,30160,1.75,51560,97640,3951680
FINNIFTY02JAN2421650CE.NFO,02/01/2024,09:26:39,1.85,1.8,15120,1.85,55240,153120,3951680
FINNIFTY02JAN2421650CE.NFO,02/01/2024,09:26:41,1.65,1.65,24960,1.7,56160,149320,3951680
FINNIFTY02JAN2421650CE.NFO,02/01/2024,09:26:43,1.6,1.6,45000,1.65,51520,249840,3951680
FINNIFTY02JAN2421650CE.NFO,02/01/2024,09:26:44,1.75,1.75,18440,1.8,58680,105240,3951680
FINNIFTY02JAN2421650CE.NFO,02/01/2024,09:26:46,1.75,1.75,27640,1.8,50880,130600,3951680
FINNIFTY02JAN2421650CE.NFO,02/01/2024,09:26:48,1.65,1.6,46080,1.65,41400,234440,3951680
FINNIFTY02JAN2421650CE.NFO,02/01/2024,09:26:49,1.55,1.5,121520,1.55,200,145840,3951680
FINNIFTY02JAN2421650CE.NFO,02/01/2024,09:26:51,1.6,1.6,37040,1.65,48480,71520,3951680
FINNIFTY02JAN2421650CE.NFO,02/01/2024,09:26:53,1.55,1.55,44520,1.6,35000,87120,3951680
FINNIFTY02JAN2421650CE.NFO,02/01/2024,09:26:54,1.6,1.55,55000,1.6,45160,58000,3951680
FINNIFTY02JAN2421650CE.NFO,02/01/2024,09:26:56,1.6,1.55,8240,1.6,55320,91400,3951680
FINNIFTY02JAN2421650CE.NFO,02/01/2024,09:26:58,1.6,1.55,17000,1.6,66840,88480,3951680
FINNIFTY02JAN2421650CE.NFO,02/01/2024,09:26:59,1.6,1.55,53160,1.6,51920,40880,3951680
FINNIFTY02JAN2421650CE.NFO,02/01/2024,09:27:01,1.6,1.6,40760,1.65,50000,84920,3951680
FINNIFTY02JAN2421650CE.NFO,02/01/2024,09:27:03,1.7,1.6,80000,1.7,97840,154560,3951680
FINNIFTY02JAN2421650CE.NFO,02/01/2024,09:27:04,1.6,1.6,66400,1.65,35040,105600,3951680
FINNIFTY02JAN2421650CE.NFO,02/01/2024,09:27:06,1.65,1.65,10520,1.7,89920,117920,3951680
FINNIFTY02JAN2421650CE.NFO,02/01/2024,09:27:08,1.85,1.85,1600,1.9,51120,125800,3951680
FINNIFTY02JAN2421650CE.NFO,02/01/2024,09:27:09,1.85,1.85,2720,1.9,64960,181200,3951680
FINNIFTY02JAN2421650CE.NFO,02/01/2024,09:27:11,1.8,1.75,55120,1.8,25680,11600,3951680
FINNIFTY02JAN2421650CE.NFO,02/01/2024,09:27:13,1.8,1.8,24360,1.85,63560,95080,3951680
FINNIFTY02JAN2421650CE.NFO,02/01/2024,09:27:14,1.75,1.7,70200,1.75,32320,67800,3951680
FINNIFTY02JAN2421650CE.NFO,02/01/2024,09:27:16,1.7,1.7,5000,1.75,56920,115840,3951680
FINNIFTY02JAN2421650CE.NFO,02/01/2024,09:27:18,1.75,1.7,65240,1.75,50960,117080,3951680
FINNIFTY02JAN2421650CE.NFO,02/01/2024,09:27:20,1.7,1.65,49840,1.7,41760,147120,3951680
FINNIFTY02JAN2421650CE.NFO,02/01/2024,09:27:21,1.75,1.7,14160,1.75,78560,69960,3951680
FINNIFTY02JAN2421650CE.NFO,02/01/2024,09:27:23,1.75,1.75,67480,1.8,47720,127080,3951680
FINNIFTY02JAN2421650CE.NFO,02/01/2024,09:27:25,1.8,1.75,56160,1.8,45120,85480,3951680
FINNIFTY02JAN2421650CE.NFO,02/01/2024,09:27:26,1.7,1.7,57680,1.75,54440,93040,3951680
FINNIFTY02JAN2421650CE.NFO,02/01/2024,09:27:28,1.65,1.65,3800,1.7,55960,97040,3951680
FINNIFTY02JAN2421650CE.NFO,02/01/2024,09:27:30,1.65,1.65,39640,1.7,63960,31200,3951680
FINNIFTY02JAN2421650CE.NFO,02/01/2024,09:27:31,1.65,1.65,31400,1.7,63160,45880,3951680
FINNIFTY02JAN2421650CE.NFO,02/01/2024,09:27:33,1.65,1.6,240,1.65,97720,114600,3951680
FINNIFTY02JAN2421650CE.NFO,02/01/2024,09:27:35,1.65,1.6,79600,1.65,101960,108400,3951680
FINNIFTY02JAN2421650CE.NFO,02/01/2024,09:27:36,1.7,1.65,77400,1.7,53200,177640,3951680
FINNIFTY02JAN2421650CE.NFO,02/01/2024,09:27:38,1.75,1.7,64520,1.75,67640,117520,3951680
FINNIFTY02JAN2421650CE.NFO,02/01/2024,09:27:40,1.7,1.7,39080,1.75,76320,104680,3951680
FINNIFTY02JAN2421650CE.NFO,02/01/2024,09:27:41,1.7,1.7,9320,1.75,84040,117760,3951680
FINNIFTY02JAN2421650CE.NFO,02/01/2024,09:27:43,1.75,1.75,56320,1.8,52200,46040,3951680
FINNIFTY02JAN2421650CE.NFO,02/01/2024,09:27:45,1.75,1.7,38480,1.75,73920,26320,3951680
FINNIFTY02JAN2421650CE.NFO,02/01/2024,09:27:46,1.65,1.65,108760,1.7,16200,39320,3951680
FINNIFTY02JAN2421650CE.NFO,02/01/2024,09:27:48,1.7,1.65,100040,1.7,6880,38560,3951680
FINNIFTY02JAN2421650CE.NFO,02/01/2024,09:27:50,1.7,1.7,76080,1.75,72920,42120,3951680
FINNIFTY02JAN2421650CE.NFO,02/01/2024,09:27:51,1.8,1.75,47600,1.8,57480,46240,3951680
FINNIFTY02JAN2421650CE.NFO,02/01/2024,09:27:53,1.85,1.85,60320,1.9,21600,101280,3951680
FINNIFTY02JAN2421650CE.NFO,02/01/2024,09:27:55,1.9,1.85,25920,1.9,68120,71480,3951680
FINNIFTY02JAN2421650CE.NFO,02/01/2024,09:27:56,1.9,1.85,22960,1.9,78800,57560,3951680
FINNIFTY02JAN2421650CE.NFO,02/01/2024,09:27:58,2.2,2.2,7320,2.25,11040,446240,3951680
FINNIFTY02JAN2421650CE.NFO,02/01/2024,09:28:00,2.05,2,47640,2.05,640,222280,3951680
FINNIFTY02JAN2421650CE.NFO,02/01/2024,09:28:01,2.05,2,58440,2.05,15800,215640,3951680
FINNIFTY02JAN2421650CE.NFO,02/01/2024,09:28:03,2.15,2.1,33440,2.15,47520,125960,3951680
FINNIFTY02JAN2421650CE.NFO,02/01/2024,09:28:05,2.1,2.1,39080,2.15,26080,198800,3951680
FINNIFTY02JAN2421650CE.NFO,02/01/2024,09:28:06,2,2,43520,2.05,48560,120520,3951680
FINNIFTY02JAN2421650CE.NFO,02/01/2024,09:28:08,2.05,2,57600,2.05,25760,102920,3951680
FINNIFTY02JAN2421650CE.NFO,02/01/2024,09:28:10,2.05,2,51720,2.05,22840,101960,3951680
FINNIFTY02JAN2421650CE.NFO,02/01/2024,09:28:11,2,2,43080,2.05,38560,42680,3951680
FINNIFTY02JAN2421650CE.NFO,02/01/2024,09:28:13,2,1.95,47400,2,38080,76320,3951680
FINNIFTY02JAN2421650CE.NFO,02/01/2024,09:28:15,2,1.95,45280,2,29720,90040,3951680
FINNIFTY02JAN2421650CE.NFO,02/01/2024,09:28:16,2.05,2,56520,2.05,28520,87840,3951680
FINNIFTY02JAN2421650CE.NFO,02/01/2024,09:28:18,2.05,2,5880,2.05,63080,109200,3951680
FINNIFTY02JAN2421650CE.NFO,02/01/2024,09:28:20,2,1.95,52440,2,15360,70960,3951680
FINNIFTY02JAN2421650CE.NFO,02/01/2024,09:28:21,2.05,2.05,4720,2.1,58200,138240,3951680
FINNIFTY02JAN2421650CE.NFO,02/01/2024,09:28:23,2.1,2.05,28600,2.1,63360,144680,3951680
FINNIFTY02JAN2421650CE.NFO,02/01/2024,09:28:25,2.15,2.15,47040,2.2,4760,136600,3951680
FINNIFTY02JAN2421650CE.NFO,02/01/2024,09:28:26,2.1,2.1,68160,2.15,7760,114920,3951680
FINNIFTY02JAN2421650CE.NFO,02/01/2024,09:28:28,2.15,2.1,28880,2.15,53200,76080,3951680
FINNIFTY02JAN2421650CE.NFO,02/01/2024,09:28:31,2.05,2.05,7720,2.1,70520,124120,3951680
FINNIFTY02JAN2421650CE.NFO,02/01/2024,09:28:33,1.95,1.95,38960,2,30880,60080,3951680
FINNIFTY02JAN2421650CE.NFO,02/01/2024,09:28:34,2,1.95,47440,2,35120,49920,3951680
FINNIFTY02JAN2421650CE.NFO,02/01/2024,09:28:36,1.95,1.9,39480,1.95,38400,145880,3951680
FINNIFTY02JAN2421650CE.NFO,02/01/2024,09:28:38,2,1.95,53120,2,28320,60800,3951680
FINNIFTY02JAN2421650CE.NFO,02/01/2024,09:28:39,2,2,29800,2.05,54960,45760,3951680
FINNIFTY02JAN2421650CE.NFO,02/01/2024,09:28:41,2,2,56800,2.05,20960,87600,3951680
FINNIFTY02JAN2421650CE.NFO,02/01/2024,09:28:43,2.05,2,48960,2.05,12200,64000,3951680
FINNIFTY02JAN2421650CE.NFO,02/01/2024,09:28:44,2.05,2.05,49320,2.1,34320,66000,3951680
FINNIFTY02JAN2421650CE.NFO,02/01/2024,09:28:46,2.1,2.1,34360,2.15,55400,22840,3951680
FINNIFTY02JAN2421650CE.NFO,02/01/2024,09:28:48,2.05,2.05,78880,2.1,11120,26560,3951680
FINNIFTY02JAN2421650CE.NFO,02/01/2024,09:28:49,2.1,2.05,72080,2.15,59520,72200,3951680
FINNIFTY02JAN2421650CE.NFO,02/01/2024,09:28:51,2.1,2.1,43400,2.15,51960,47200,3951680
FINNIFTY02JAN2421650CE.NFO,02/01/2024,09:28:53,2.05,2.05,50040,2.1,58440,34120,3951680
FINNIFTY02JAN2421650CE.NFO,02/01/2024,09:28:54,2.1,2.05,71800,2.1,23040,48600,3951680
FINNIFTY02JAN2421650CE.NFO,02/01/2024,09:28:56,2.1,2.05,35720,2.1,55480,37200,3951680
FINNIFTY02JAN2421650CE.NFO,02/01/2024,09:28:58,2,2,35560,2.05,65160,29640,3951680
FINNIFTY02JAN2421650CE.NFO,02/01/2024,09:28:59,2.05,2,53120,2.05,69400,19400,3951680
FINNIFTY02JAN2421650CE.NFO,02/01/2024,09:29:01,1.95,1.95,44080,2,75320,58440,3951680
FINNIFTY02JAN2421650CE.NFO,02/01/2024,09:29:03,1.95,1.9,66400,1.95,14600,67800,3951680
FINNIFTY02JAN2421650CE.NFO,02/01/2024,09:29:04,2,1.95,10080,2,75800,54640,3951680
FINNIFTY02JAN2421650CE.NFO,02/01/2024,09:29:06,1.95,1.95,17480,2,69480,75240,3951680
FINNIFTY02JAN2421650CE.NFO,02/01/2024,09:29:08,1.9,1.9,10600,1.95,60720,71640,3951680
FINNIFTY02JAN2421650CE.NFO,02/01/2024,09:29:09,1.85,1.85,57920,1.9,24600,60280,3951680
FINNIFTY02JAN2421650CE.NFO,02/01/2024,09:29:11,2,1.95,63400,2,35440,95400,3951680
FINNIFTY02JAN2421650CE.NFO,02/01/2024,09:29:13,2.05,2,37000,2.05,50440,74880,3951680
FINNIFTY02JAN2421650CE.NFO,02/01/2024,09:29:14,1.95,1.95,58040,2,24680,98320,3951680
FINNIFTY02JAN2421650CE.NFO,02/01/2024,09:29:16,1.95,1.9,82240,2,74040,51760,3951680
FINNIFTY02JAN2421650CE.NFO,02/01/2024,09:29:18,1.95,1.95,2640,2,79600,53200,3951680
FINNIFTY02JAN2421650CE.NFO,02/01/2024,09:29:19,1.95,1.9,78520,2,88720,53760,3951680
FINNIFTY02JAN2421650CE.NFO,02/01/2024,09:29:21,1.95,1.9,80080,1.95,25400,48360,3951680
FINNIFTY02JAN2421650CE.NFO,02/01/2024,09:29:23,1.9,1.9,29000,1.95,78200,45480,3951680
FINNIFTY02JAN2421650CE.NFO,02/01/2024,09:29:24,1.95,1.95,16280,2,83120,88200,4335800
FINNIFTY02JAN2421650CE.NFO,02/01/2024,09:29:26,1.9,1.9,67640,1.95,32520,82520,4335800
FINNIFTY02JAN2421650CE.NFO,02/01/2024,09:29:28,1.9,1.9,24480,1.95,50400,33440,4335800
FINNIFTY02JAN2421650CE.NFO,02/01/2024,09:29:30,1.95,1.9,60120,1.95,33000,18160,4335800
FINNIFTY02JAN2421650CE.NFO,02/01/2024,09:29:31,1.9,1.9,71680,1.95,4560,78160,4335800
FINNIFTY02JAN2421650CE.NFO,02/01/2024,09:29:33,1.95,1.9,63480,1.95,37200,22720,4335800
FINNIFTY02JAN2421650CE.NFO,02/01/2024,09:29:35,1.95,1.95,33040,2,76760,51520,4335800
FINNIFTY02JAN2421650CE.NFO,02/01/2024,09:29:36,1.95,1.95,54400,2,52920,7960,4335800
FINNIFTY02JAN2421650CE.NFO,02/01/2024,09:29:38,2.05,2.05,25600,2.1,57240,52800,4335800
FINNIFTY02JAN2421650CE.NFO,02/01/2024,09:29:40,2.1,2.05,34240,2.1,36760,20680,4335800
FINNIFTY02JAN2421650CE.NFO,02/01/2024,09:29:41,2.05,2.05,11440,2.1,52720,36560,4335800
FINNIFTY02JAN2421650CE.NFO,02/01/2024,09:29:43,1.95,1.95,68520,2,35240,37040,4335800
FINNIFTY02JAN2421650CE.NFO,02/01/2024,09:29:45,2,1.95,70120,2,12720,39760,4335800
FINNIFTY02JAN2421650CE.NFO,02/01/2024,09:29:46,2,1.95,68800,2,12200,66160,4335800
FINNIFTY02JAN2421650CE.NFO,02/01/2024,09:29:48,1.95,1.95,52560,2,32160,50080,4335800
FINNIFTY02JAN2421650CE.NFO,02/01/2024,09:29:50,2,2,45000,2.05,83080,21880,4335800
FINNIFTY02JAN2421650CE.NFO,02/01/2024,09:29:51,2.05,2,44160,2.05,81360,14240,4335800
FINNIFTY02JAN2421650CE.NFO,02/01/2024,09:29:53,2.05,2,72680,2.05,59920,25680,4335800
FINNIFTY02JAN2421650CE.NFO,02/01/2024,09:29:55,2,2,31320,2.05,47560,92480,4335800
FINNIFTY02JAN2421650CE.NFO,02/01/2024,09:29:56,2,2,32240,2.05,68000,42400,4335800
FINNIFTY02JAN2421650CE.NFO,02/01/2024,09:29:58,2,2,45320,2.05,68520,4640,4335800
FINNIFTY02JAN2421650CE.NFO,02/01/2024,09:30:00,2,1.95,76120,2,5520,28240,4335800
FINNIFTY02JAN2421650CE.NFO,02/01/2024,09:30:01,2,1.95,63480,2,1800,131760,4335800
FINNIFTY02JAN2421650CE.NFO,02/01/2024,09:30:03,1.9,1.9,38720,1.95,51360,44120,4335800
FINNIFTY02JAN2421650CE.NFO,02/01/2024,09:30:05,1.9,1.85,65840,1.9,25880,25360,4335800
FINNIFTY02JAN2421650CE.NFO,02/01/2024,09:30:06,1.8,1.8,78320,1.85,26440,56160,4335800
FINNIFTY02JAN2421650CE.NFO,02/01/2024,09:30:08,1.85,1.85,31360,1.9,47400,45360,4335800
FINNIFTY02JAN2421650CE.NFO,02/01/2024,09:30:10,1.9,1.9,4800,1.95,62160,24920,4335800
FINNIFTY02JAN2421650CE.NFO,02/01/2024,09:30:11,1.9,1.9,19520,1.95,65160,66280,4335800
FINNIFTY02JAN2421650CE.NFO,02/01/2024,09:30:13,1.95,1.95,25240,2,73840,41040,4335800
FINNIFTY02JAN2421650CE.NFO,02/01/2024,09:30:15,2,2,63480,2.05,37760,54440,4335800
FINNIFTY02JAN2421650CE.NFO,02/01/2024,09:30:16,2,2,98960,2.05,25800,11040,4335800
FINNIFTY02JAN2421650CE.NFO,02/01/2024,09:30:18,2.1,2.05,35200,2.1,47680,15760,4335800
FINNIFTY02JAN2421650CE.NFO,02/01/2024,09:30:20,2.15,2.15,47560,2.2,30960,93080,4335800
FINNIFTY02JAN2421650CE.NFO,02/01/2024,09:30:21,2.1,2.1,30480,2.15,69360,110080,4335800
FINNIFTY02JAN2421650CE.NFO,02/01/2024,09:30:23,2.15,2.1,63520,2.15,23400,84840,4335800
FINNIFTY02JAN2421650CE.NFO,02/01/2024,09:30:25,2.1,2.05,62120,2.1,30040,53680,4335800
FINNIFTY02JAN2421650CE.NFO,02/01/2024,09:30:26,2.05,2.05,21320,2.1,85480,6320,4335800
FINNIFTY02JAN2421650CE.NFO,02/01/2024,09:30:28,2.1,2.05,35000,2.1,69920,53320,4335800
FINNIFTY02JAN2421650CE.NFO,02/01/2024,09:30:30,2.05,2,156200,2.05,30760,24200,4335800
FINNIFTY02JAN2421650CE.NFO,02/01/2024,09:30:31,2,1.95,77360,2,8240,183880,4335800
FINNIFTY02JAN2421650CE.NFO,02/01/2024,09:30:33,2,2,47000,2.05,78120,33320,4335800
FINNIFTY02JAN2421650CE.NFO,02/01/2024,09:30:35,2.05,2.05,20080,2.1,73280,29120,4335800
FINNIFTY02JAN2421650CE.NFO,02/01/2024,09:30:36,2.1,2.05,55720,2.1,57040,22680,4335800
FINNIFTY02JAN2421650CE.NFO,02/01/2024,09:30:38,2.05,2.05,15000,2.1,63440,25440,4335800
FINNIFTY02JAN2421650CE.NFO,02/01/2024,09:30:40,2.05,2.05,47040,2.1,49360,9520,4335800
FINNIFTY02JAN2421650CE.NFO,02/01/2024,09:30:41,2.2,2.1,67640,2.2,50840,51800,4335800
FINNIFTY02JAN2421650CE.NFO,02/01/2024,09:30:43,2.1,2.1,1800,2.15,70960,50880,4335800
FINNIFTY02JAN2421650CE.NFO,02/01/2024,09:30:45,2.15,2.1,47000,2.15,51320,48080,4335800
FINNIFTY02JAN2421650CE.NFO,02/01/2024,09:30:46,2.1,2.1,27800,2.15,68640,3200,4335800
FINNIFTY02JAN2421650CE.NFO,02/01/2024,09:30:48,2.1,2.1,53680,2.15,53440,24160,4335800
FINNIFTY02JAN2421650CE.NFO,02/01/2024,09:30:50,2.1,2.1,640,2.15,80840,26360,4335800
FINNIFTY02JAN2421650CE.NFO,02/01/2024,09:30:51,2.1,2.05,79360,2.15,78440,70600,4335800
FINNIFTY02JAN2421650CE.NFO,02/01/2024,09:30:53,2.1,2.05,80800,2.15,76280,45760,4335800
FINNIFTY02JAN2421650CE.NFO,02/01/2024,09:30:55,2.1,2.05,80280,2.1,35520,20000,4335800
FINNIFTY02JAN2421650CE.NFO,02/01/2024,09:30:56,2.1,2.05,67120,2.1,53240,4680,4335800
FINNIFTY02JAN2421650CE.NFO,02/01/2024,09:30:58,2.05,2,87760,2.05,1560,47320,4335800
FINNIFTY02JAN2421650CE.NFO,02/01/2024,09:31:00,2.05,2,41120,2.05,55280,71720,4335800
FINNIFTY02JAN2421650CE.NFO,02/01/2024,09:31:01,1.95,1.95,37560,2,55720,44960,4335800
FINNIFTY02JAN2421650CE.NFO,02/01/2024,09:31:03,2,1.95,67320,2,31800,5400,4335800
FINNIFTY02JAN2421650CE.NFO,02/01/2024,09:31:04,1.95,1.9,80960,1.95,63440,63440,4335800
FINNIFTY02JAN2421650CE.NFO,02/01/2024,09:31:06,1.95,1.95,27640,2,55560,35680,4335800
FINNIFTY02JAN2421650CE.NFO,02/01/2024,09:31:08,1.95,1.95,47960,2,53400,16560,4335800
FINNIFTY02JAN2421650CE.NFO,02/01/2024,09:31:09,2,2,20160,2.05,59320,21960,4335800
FINNIFTY02JAN2421650CE.NFO,02/01/2024,09:31:11,2,1.95,64960,2,17800,11920,4335800
FINNIFTY02JAN2421650CE.NFO,02/01/2024,09:31:13,1.95,1.9,81600,1.95,39560,55240,4335800
FINNIFTY02JAN2421650CE.NFO,02/01/2024,09:31:14,1.95,1.9,80680,1.95,40480,28480,4335800
FINNIFTY02JAN2421650CE.NFO,02/01/2024,09:31:16,1.95,1.9,97040,1.95,27200,11440,4335800
FINNIFTY02JAN2421650CE.NFO,02/01/2024,09:31:18,2,1.95,61920,2,23560,13720,4335800
FINNIFTY02JAN2421650CE.NFO,02/01/2024,09:31:19,1.95,1.95,61000,2,4360,22760,4335800
FINNIFTY02JAN2421650CE.NFO,02/01/2024,09:31:21,1.95,1.95,51520,2,9160,23440,4335800
FINNIFTY02JAN2421650CE.NFO,02/01/2024,09:31:23,2,2,31280,2.05,44120,41160,4335800
FINNIFTY02JAN2421650CE.NFO,02/01/2024,09:31:24,2,1.95,48040,2,16720,15040,4335800
FINNIFTY02JAN2421650CE.NFO,02/01/2024,09:31:26,2.05,2,56480,2.05,26120,24160,4335800
FINNIFTY02JAN2421650CE.NFO,02/01/2024,09:31:28,2.05,2,59040,2.05,44080,4960,4335800
FINNIFTY02JAN2421650CE.NFO,02/01/2024,09:31:29,2.05,2,51080,2.05,48040,22400,4335800
FINNIFTY02JAN2421650CE.NFO,02/01/2024,09:31:31,2.05,2,58840,2.05,37000,12800,4335800
FINNIFTY02JAN2421650CE.NFO,02/01/2024,09:31:32,2.05,2,50760,2.05,50600,23960,4335800
FINNIFTY02JAN2421650CE.NFO,02/01/2024,09:31:34,1.95,1.95,67120,2,22760,18640,4335800
FINNIFTY02JAN2421650CE.NFO,02/01/2024,09:31:36,2,1.95,57600,2,46840,8240,4335800
FINNIFTY02JAN2421650CE.NFO,02/01/2024,09:31:37,2,1.95,61080,2,36840,5400,4335800
FINNIFTY02JAN2421650CE.NFO,02/01/2024,09:31:39,1.95,1.95,58600,2,37640,10920,4335800
FINNIFTY02JAN2421650CE.NFO,02/01/2024,09:31:41,1.95,1.95,49480,2,63040,18680,4335800
FINNIFTY02JAN2421650CE.NFO,02/01/2024,09:31:42,1.95,1.95,19000,2,81040,22120,4335800
FINNIFTY02JAN2421650CE.NFO,02/01/2024,09:31:44,1.95,1.95,18000,2,79240,9760,4335800
FINNIFTY02JAN2421650CE.NFO,02/01/2024,09:31:46,1.95,1.95,18360,2,76800,8920,4335800
FINNIFTY02JAN2421650CE.NFO,02/01/2024,09:31:47,2,1.95,18080,2,72640,38800,4335800
FINNIFTY02JAN2421650CE.NFO,02/01/2024,09:31:49,1.95,1.95,31040,2,76040,14000,4335800
FINNIFTY02JAN2421650CE.NFO,02/01/2024,09:31:51,1.95,1.9,101080,2,76760,27120,4335800
FINNIFTY02JAN2421650CE.NFO,02/01/2024,09:31:53,1.9,1.9,97400,1.95,45920,11640,4335800
FINNIFTY02JAN2421650CE.NFO,02/01/2024,09:31:54,1.85,1.85,3760,1.9,52800,161360,4335800
FINNIFTY02JAN2421650CE.NFO,02/01/2024,09:31:56,1.9,1.85,7320,1.9,63400,54720,4335800
FINNIFTY02JAN2421650CE.NFO,02/01/2024,09:31:58,1.85,1.8,84280,1.85,67960,35360,4335800
FINNIFTY02JAN2421650CE.NFO,02/01/2024,09:31:59,1.85,1.85,16280,1.9,65040,62960,4335800
FINNIFTY02JAN2421650CE.NFO,02/01/2024,09:32:01,1.8,1.8,77960,1.85,32360,36720,4335800
FINNIFTY02JAN2421650CE.NFO,02/01/2024,09:32:03,1.8,1.8,54360,1.85,76960,10840,4335800
FINNIFTY02JAN2421650CE.NFO,02/01/2024,09:32:04,1.75,1.75,70760,1.8,56760,25480,4335800
FINNIFTY02JAN2421650CE.NFO,02/01/2024,09:32:06,1.75,1.75,2880,1.8,90840,29120,4335800
FINNIFTY02JAN2421650CE.NFO,02/01/2024,09:32:08,1.75,1.75,57720,1.8,53200,9520,4335800
FINNIFTY02JAN2421650CE.NFO,02/01/2024,09:32:09,1.8,1.75,76120,1.8,9680,55600,4335800
FINNIFTY02JAN2421650CE.NFO,02/01/2024,09:32:11,1.8,1.8,12560,1.85,83520,51720,4335800
FINNIFTY02JAN2421650CE.NFO,02/01/2024,09:32:13,1.85,1.8,80880,1.85,26960,19240,4335800
FINNIFTY02JAN2421650CE.NFO,02/01/2024,09:32:14,1.8,1.8,86600,1.85,50400,6640,4335800
FINNIFTY02JAN2421650CE.NFO,02/01/2024,09:32:16,1.8,1.75,71280,1.8,43320,39280,4335800
FINNIFTY02JAN2421650CE.NFO,02/01/2024,09:32:18,1.8,1.75,79640,1.8,57080,6840,4335800
FINNIFTY02JAN2421650CE.NFO,02/01/2024,09:32:19,1.7,1.7,95720,1.75,35080,107000,4335800
FINNIFTY02JAN2421650CE.NFO,02/01/2024,09:32:21,1.7,1.7,29200,1.75,82920,56400,4335800
FINNIFTY02JAN2421650CE.NFO,02/01/2024,09:32:22,1.7,1.7,58040,1.75,69000,24240,4335800
FINNIFTY02JAN2421650CE.NFO,02/01/2024,09:32:24,1.7,1.7,68240,1.75,54560,29720,4652720
FINNIFTY02JAN2421650CE.NFO,02/01/2024,09:32:26,1.7,1.7,66200,1.75,81760,12080,4652720
FINNIFTY02JAN2421650CE.NFO,02/01/2024,09:32:27,1.8,1.8,7360,1.85,83840,161920,4652720
FINNIFTY02JAN2421650CE.NFO,02/01/2024,09:32:29,1.8,1.8,15840,1.85,66320,23760,4652720
FINNIFTY02JAN2421650CE.NFO,02/01/2024,09:32:31,1.8,1.8,73480,1.85,30800,12280,4652720
FINNIFTY02JAN2421650CE.NFO,02/01/2024,09:32:32,1.8,1.8,6720,1.85,60280,34800,4652720
FINNIFTY02JAN2421650CE.NFO,02/01/2024,09:32:34,1.8,1.8,64080,1.85,41240,6160,4652720
FINNIFTY02JAN2421650CE.NFO,02/01/2024,09:32:36,1.8,1.8,29680,1.85,54360,31680,4652720
FINNIFTY02JAN2421650CE.NFO,02/01/2024,09:32:37,1.75,1.75,72600,1.8,43800,22040,4652720
FINNIFTY02JAN2421650CE.NFO,02/01/2024,09:32:39,1.75,1.75,66160,1.8,32920,9400,4652720
FINNIFTY02JAN2421650CE.NFO,02/01/2024,09:32:41,1.8,1.75,49160,1.8,32000,42640,4652720
FINNIFTY02JAN2421650CE.NFO,02/01/2024,09:32:42,1.7,1.7,77080,1.75,23000,50680,4652720
FINNIFTY02JAN2421650CE.NFO,02/01/2024,09:32:44,1.7,1.7,79480,1.75,39440,7600,4652720
FINNIFTY02JAN2421650CE.NFO,02/01/2024,09:32:46,1.7,1.7,79280,1.75,52400,8960,4652720
FINNIFTY02JAN2421650CE.NFO,02/01/2024,09:32:47,1.7,1.7,57880,1.75,73800,16520,4652720
FINNIFTY02JAN2421650CE.NFO,02/01/2024,09:32:49,1.8,1.75,60240,1.8,61920,24200,4652720
FINNIFTY02JAN2421650CE.NFO,02/01/2024,09:32:51,1.75,1.7,85160,1.75,45440,48720,4652720
FINNIFTY02JAN2421650CE.NFO,02/01/2024,09:32:52,1.7,1.7,88800,1.75,45040,12480,4652720
FINNIFTY02JAN2421650CE.NFO,02/01/2024,09:32:54,1.75,1.7,54520,1.75,68720,39760,4652720
FINNIFTY02JAN2421650CE.NFO,02/01/2024,09:32:56,1.7,1.7,35000,1.75,74000,26000,4652720
FINNIFTY02JAN2421650CE.NFO,02/01/2024,09:32:57,1.75,1.7,45160,1.75,77360,6840,4652720
FINNIFTY02JAN2421650CE.NFO,02/01/2024,09:32:59,1.75,1.7,76880,1.75,54440,4400,4652720
FINNIFTY02JAN2421650CE.NFO,02/01/2024,09:33:01,1.75,1.7,88880,1.75,18920,50080,4652720
FINNIFTY02JAN2421650CE.NFO,02/01/2024,09:33:02,1.75,1.75,56880,1.8,112640,36080,4652720
FINNIFTY02JAN2421650CE.NFO,02/01/2024,09:33:04,1.8,1.7,91840,1.8,136480,33000,4652720
FINNIFTY02JAN2421650CE.NFO,02/01/2024,09:33:06,1.75,1.7,92840,1.75,46320,18480,4652720
FINNIFTY02JAN2421650CE.NFO,02/01/2024,09:33:07,1.75,1.7,74040,1.75,44480,2880,4652720
FINNIFTY02JAN2421650CE.NFO,02/01/2024,09:33:09,1.7,1.7,95080,1.75,44360,9680,4652720
FINNIFTY02JAN2421650CE.NFO,02/01/2024,09:33:11,1.75,1.7,76720,1.75,43800,5200,4652720
FINNIFTY02JAN2421650CE.NFO,02/01/2024,09:33:12,1.7,1.7,19160,1.75,69560,68520,4652720
FINNIFTY02JAN2421650CE.NFO,02/01/2024,09:33:14,1.7,1.7,22920,1.75,70280,3120,4652720
FINNIFTY02JAN2421650CE.NFO,02/01/2024,09:33:16,1.65,1.65,72720,1.7,68480,26680,4652720
FINNIFTY02JAN2421650CE.NFO,02/01/2024,09:33:17,1.7,1.65,48160,1.7,73280,6120,4652720
FINNIFTY02JAN2421650CE.NFO,02/01/2024,09:33:19,1.7,1.7,24920,1.75,71320,38440,4652720
FINNIFTY02JAN2421650CE.NFO,02/01/2024,09:33:21,1.75,1.7,3920,1.75,66080,96800,4652720
FINNIFTY02JAN2421650CE.NFO,02/01/2024,09:33:22,1.75,1.7,17600,1.75,64400,43920,4652720
FINNIFTY02JAN2421650CE.NFO,02/01/2024,09:33:24,1.7,1.7,24480,1.75,70880,32040,4652720
FINNIFTY02JAN2421650CE.NFO,02/01/2024,09:33:26,1.7,1.65,66360,1.7,54600,28440,4652720
FINNIFTY02JAN2421650CE.NFO,02/01/2024,09:33:27,1.7,1.65,57840,1.7,62120,9560,4652720
FINNIFTY02JAN2421650CE.NFO,02/01/2024,09:33:29,1.65,1.65,81120,1.75,89800,50880,4652720
FINNIFTY02JAN2421650CE.NFO,02/01/2024,09:33:30,1.75,1.7,38560,1.75,86680,42960,4652720
FINNIFTY02JAN2421650CE.NFO,02/01/2024,09:33:32,1.7,1.7,59320,1.75,73920,6640,4652720
FINNIFTY02JAN2421650CE.NFO,02/01/2024,09:33:34,1.7,1.7,19440,1.75,95280,6480,4652720
FINNIFTY02JAN2421650CE.NFO,02/01/2024,09:33:35,1.65,1.65,86320,1.7,34120,10640,4652720
FINNIFTY02JAN2421650CE.NFO,02/01/2024,09:33:37,1.75,1.7,65400,1.75,121840,33880,4652720
FINNIFTY02JAN2421650CE.NFO,02/01/2024,09:33:39,1.7,1.65,92280,1.7,9560,19280,4652720
FINNIFTY02JAN2421650CE.NFO,02/01/2024,09:33:40,1.75,1.7,44120,1.75,90880,12320,4652720
FINNIFTY02JAN2421650CE.NFO,02/01/2024,09:33:42,1.7,1.7,51440,1.75,82960,30960,4652720
FINNIFTY02JAN2421650CE.NFO,02/01/2024,09:33:44,1.75,1.75,46000,1.8,77040,25720,4652720
FINNIFTY02JAN2421650CE.NFO,02/01/2024,09:33:45,1.75,1.7,80880,1.75,48280,104840,4652720
FINNIFTY02JAN2421650CE.NFO,02/01/2024,09:33:47,1.75,1.7,55560,1.75,62240,4160,4652720
FINNIFTY02JAN2421650CE.NFO,02/01/2024,09:33:49,1.75,1.7,37600,1.75,85480,8360,4652720
FINNIFTY02JAN2421650CE.NFO,02/01/2024,09:33:50,1.8,1.8,16200,1.85,80920,41680,4652720
FINNIFTY02JAN2421650CE.NFO,02/01/2024,09:33:52,1.85,1.85,240,1.9,45920,98200,4652720
FINNIFTY02JAN2421650CE.NFO,02/01/2024,09:33:54,1.8,1.8,60280,1.85,22120,44600,4652720
FINNIFTY02JAN2421650CE.NFO,02/01/2024,09:33:55,1.8,1.8,12680,1.85,67280,29360,4652720
FINNIFTY02JAN2421650CE.NFO,02/01/2024,09:33:57,1.8,1.8,12080,1.85,66560,11400,4652720
FINNIFTY02JAN2421650CE.NFO,02/01/2024,09:33:59,1.85,1.8,20400,1.85,62120,720,4652720
FINNIFTY02JAN2421650CE.NFO,02/01/2024,09:34:01,1.85,1.8,49520,1.85,49120,11520,4652720
FINNIFTY02JAN2421650CE.NFO,02/01/2024,09:34:02,1.75,1.75,73200,1.8,36320,9520,4652720
FINNIFTY02JAN2421650CE.NFO,02/01/2024,09:34:04,1.8,1.75,60680,1.8,43240,4920,4652720
FINNIFTY02JAN2421650CE.NFO,02/01/2024,09:34:06,1.8,1.75,61760,1.8,62200,8640,4652720
FINNIFTY02JAN2421650CE.NFO,02/01/2024,09:34:07,1.8,1.75,61560,1.8,64280,5080,4652720
FINNIFTY02JAN2421650CE.NFO,02/01/2024,09:34:09,1.75,1.75,84600,1.8,13640,22440,4652720
FINNIFTY02JAN2421650CE.NFO,02/01/2024,09:34:11,1.8,1.75,83160,1.8,48280,13240,4652720
FINNIFTY02JAN2421650CE.NFO,02/01/2024,09:34:12,1.8,1.75,75360,1.8,19560,21480,4652720
FINNIFTY02JAN2421650CE.NFO,02/01/2024,09:34:14,1.75,1.75,78040,1.8,4480,47800,4652720
FINNIFTY02JAN2421650CE.NFO,02/01/2024,09:34:16,1.8,1.75,72640,1.8,4000,46080,4652720
FINNIFTY02JAN2421650CE.NFO,02/01/2024,09:34:17,1.8,1.8,50280,1.85,61760,33600,4652720
FINNIFTY02JAN2421650CE.NFO,02/01/2024,09:34:19,1.8,1.75,44000,1.8,40320,70240,4652720
FINNIFTY02JAN2421650CE.NFO,02/01/2024,09:34:21,1.75,1.75,79920,1.8,5440,26240,4652720
FINNIFTY02JAN2421650CE.NFO,02/01/2024,09:34:22,1.75,1.7,78000,1.8,86240,39680,4652720
FINNIFTY02JAN2421650CE.NFO,02/01/2024,09:34:24,1.7,1.7,71960,1.75,33000,13160,4652720
FINNIFTY02JAN2421650CE.NFO,02/01/2024,09:34:26,1.7,1.7,40000,1.75,60760,20160,4652720
FINNIFTY02JAN2421650CE.NFO,02/01/2024,09:34:27,1.75,1.7,58920,1.75,44640,3120,4652720
FINNIFTY02JAN2421650CE.NFO,02/01/2024,09:34:29,1.75,1.7,72360,1.75,40240,2200,4652720
FINNIFTY02JAN2421650CE.NFO,02/01/2024,09:34:31,1.75,1.7,61800,1.75,42960,3240,4652720
FINNIFTY02JAN2421650CE.NFO,02/01/2024,09:34:32,1.75,1.7,79240,1.75,45000,31000,4652720
FINNIFTY02JAN2421650CE.NFO,02/01/2024,09:34:34,1.7,1.7,80760,1.75,21280,8360,4652720
FINNIFTY02JAN2421650CE.NFO,02/01/2024,09:34:36,1.75,1.7,76400,1.75,37680,4920,4652720
FINNIFTY02JAN2421650CE.NFO,02/01/2024,09:34:37,1.7,1.7,80320,1.75,3480,22160,4652720
FINNIFTY02JAN2421650CE.NFO,02/01/2024,09:34:39,1.75,1.7,57320,1.75,64400,7360,4652720
FINNIFTY02JAN2421650CE.NFO,02/01/2024,09:34:41,1.75,1.7,66800,1.75,43720,4240,4652720
FINNIFTY02JAN2421650CE.NFO,02/01/2024,09:34:42,1.75,1.75,66080,1.8,71360,35920,4652720
FINNIFTY02JAN2421650CE.NFO,02/01/2024,09:34:44,1.75,1.7,88720,1.75,9680,10080,4652720
FINNIFTY02JAN2421650CE.NFO,02/01/2024,09:34:46,1.75,1.75,4360,1.8,94960,26320,4652720
FINNIFTY02JAN2421650CE.NFO,02/01/2024,09:34:47,1.75,1.75,24440,1.8,91320,30640,4652720
FINNIFTY02JAN2421650CE.NFO,02/01/2024,09:34:49,1.8,1.75,26760,1.8,91000,4480,4652720
FINNIFTY02JAN2421650CE.NFO,02/01/2024,09:34:51,1.8,1.75,23600,1.8,93400,3200,4652720
FINNIFTY02JAN2421650CE.NFO,02/01/2024,09:34:52,1.75,1.7,78320,1.75,40760,21960,4652720
FINNIFTY02JAN2421650CE.NFO,02/01/2024,09:34:54,1.75,1.7,80960,1.75,57560,1520,4652720
FINNIFTY02JAN2421650CE.NFO,02/01/2024,09:34:56,1.75,1.7,90520,1.75,47840,4760,4652720
FINNIFTY02JAN2421650CE.NFO,02/01/2024,09:34:57,1.7,1.7,80720,1.75,52840,4360,4652720
FINNIFTY02JAN2421650CE.NFO,02/01/2024,09:34:59,1.75,1.75,45920,1.8,91800,17080,4652720
FINNIFTY02JAN2421650CE.NFO,02/01/2024,09:35:01,1.75,1.75,56720,1.8,99760,50000,4652720
FINNIFTY02JAN2421650CE.NFO,02/01/2024,09:35:02,1.8,1.75,9560,1.8,127520,21920,4652720
FINNIFTY02JAN2421650CE.NFO,02/01/2024,09:35:04,1.8,1.75,83440,1.8,91080,21320,4652720
FINNIFTY02JAN2421650CE.NFO,02/01/2024,09:35:06,1.75,1.75,70480,1.8,25920,111680,4652720
FINNIFTY02JAN2421650CE.NFO,02/01/2024,09:35:07,1.75,1.75,47080,1.8,61760,46040,4652720
FINNIFTY02JAN2421650CE.NFO,02/01/2024,09:35:09,1.8,1.75,68760,1.8,59760,12720,4652720
FINNIFTY02JAN2421650CE.NFO,02/01/2024,09:35:11,1.75,1.75,48160,1.8,75040,4120,4652720
FINNIFTY02JAN2421650CE.NFO,02/01/2024,09:35:12,1.75,1.7,89200,1.75,22200,39760,4652720
FINNIFTY02JAN2421650CE.NFO,02/01/2024,09:35:14,1.8,1.75,32680,1.8,87720,5680,4652720
FINNIFTY02JAN2421650CE.NFO,02/01/2024,09:35:16,1.75,1.75,9160,1.8,80120,27800,4652720
FINNIFTY02JAN2421650CE.NFO,02/01/2024,09:35:17,1.75,1.7,82080,1.8,93360,12640,4652720
FINNIFTY02JAN2421650CE.NFO,02/01/2024,09:35:19,1.75,1.75,45720,1.8,50480,37440,4652720
FINNIFTY02JAN2421650CE.NFO,02/01/2024,09:35:21,1.85,1.85,9520,1.9,79240,78680,4652720
FINNIFTY02JAN2421650CE.NFO,02/01/2024,09:35:22,1.85,1.8,45200,1.85,55760,13400,4652720
FINNIFTY02JAN2421650CE.NFO,02/01/2024,09:35:24,1.85,1.8,45400,1.85,53760,4600,4652720
FINNIFTY02JAN2421650CE.NFO,02/01/2024,09:35:26,1.85,1.8,52520,1.85,64240,520,4995960
FINNIFTY02JAN2421650CE.NFO,02/01/2024,09:35:27,1.85,1.8,50560,1.85,71400,9040,4995960
FINNIFTY02JAN2421650CE.NFO,02/01/2024,09:35:29,1.85,1.8,37840,1.85,80320,3080,4995960
FINNIFTY02JAN2421650CE.NFO,02/01/2024,09:35:31,1.8,1.8,33640,1.85,81080,440,4995960
FINNIFTY02JAN2421650CE.NFO,02/01/2024,09:35:32,1.8,1.8,34520,1.85,82000,9760,4995960
FINNIFTY02JAN2421650CE.NFO,02/01/2024,09:35:34,1.85,1.8,56480,1.85,54280,5640,4995960
FINNIFTY02JAN2421650CE.NFO,02/01/2024,09:35:36,1.85,1.8,47040,1.85,62880,2520,4995960
FINNIFTY02JAN2421650CE.NFO,02/01/2024,09:35:37,1.8,1.75,68240,1.8,87480,28320,4995960
FINNIFTY02JAN2421650CE.NFO,02/01/2024,09:35:39,1.8,1.75,49840,1.8,92680,4360,4995960
FINNIFTY02JAN2421650CE.NFO,02/01/2024,09:35:41,1.75,1.75,57560,1.8,73320,3400,4995960
FINNIFTY02JAN2421650CE.NFO,02/01/2024,09:35:42,1.75,1.75,67280,1.8,72880,1520,4995960
FINNIFTY02JAN2421650CE.NFO,02/01/2024,09:35:44,1.8,1.75,65600,1.8,82480,7400,4995960
FINNIFTY02JAN2421650CE.NFO,02/01/2024,09:35:46,1.7,1.7,2000,1.75,96600,108160,4995960
FINNIFTY02JAN2421650CE.NFO,02/01/2024,09:35:47,1.75,1.7,9640,1.75,106080,48680,4995960
FINNIFTY02JAN2421650CE.NFO,02/01/2024,09:35:49,1.75,1.7,20600,1.75,126520,13160,4995960
FINNIFTY02JAN2421650CE.NFO,02/01/2024,09:35:51,1.7,1.7,10880,1.75,127400,11880,4995960
FINNIFTY02JAN2421650CE.NFO,02/01/2024,09:35:52,1.7,1.7,19800,1.75,103080,24200,4995960
FINNIFTY02JAN2421650CE.NFO,02/01/2024,09:35:54,1.7,1.65,119080,1.7,54720,50040,4995960
FINNIFTY02JAN2421650CE.NFO,02/01/2024,09:35:56,1.65,1.65,2280,1.7,111080,88560,4995960
FINNIFTY02JAN2421650CE.NFO,02/01/2024,09:35:57,1.65,1.6,132160,1.65,30440,41720,4995960
FINNIFTY02JAN2421650CE.NFO,02/01/2024,09:35:59,1.65,1.65,1720,1.7,99280,79840,4995960
FINNIFTY02JAN2421650CE.NFO,02/01/2024,09:36:01,1.65,1.6,110000,1.65,66400,13720,4995960
FINNIFTY02JAN2421650CE.NFO,02/01/2024,09:36:02,1.6,1.6,103640,1.65,66920,13160,4995960
FINNIFTY02JAN2421650CE.NFO,02/01/2024,09:36:04,1.65,1.6,90080,1.65,72400,21440,4995960
FINNIFTY02JAN2421650CE.NFO,02/01/2024,09:36:06,1.6,1.6,92520,1.65,103360,8840,4995960
FINNIFTY02JAN2421650CE.NFO,02/01/2024,09:36:07,1.65,1.6,93200,1.65,81440,11760,4995960
FINNIFTY02JAN2421650CE.NFO,02/01/2024,09:36:09,1.6,1.6,80160,1.65,91400,6400,4995960
FINNIFTY02JAN2421650CE.NFO,02/01/2024,09:36:11,1.65,1.6,108720,1.65,88600,10880,4995960
FINNIFTY02JAN2421650CE.NFO,02/01/2024,09:36:12,1.6,1.6,81000,1.65,95200,13280,4995960
FINNIFTY02JAN2421650CE.NFO,02/01/2024,09:36:14,1.6,1.6,5360,1.65,130200,52760,4995960
FINNIFTY02JAN2421650CE.NFO,02/01/2024,09:36:16,1.6,1.55,91960,1.6,67240,88640,4995960
FINNIFTY02JAN2421650CE.NFO,02/01/2024,09:36:17,1.6,1.55,84960,1.6,92000,18960,4995960
FINNIFTY02JAN2421650CE.NFO,02/01/2024,09:36:19,1.6,1.55,116760,1.6,68760,27080,4995960
FINNIFTY02JAN2421650CE.NFO,02/01/2024,09:36:21,1.55,1.55,86000,1.6,84720,12480,4995960
FINNIFTY02JAN2421650CE.NFO,02/01/2024,09:36:22,1.6,1.55,80440,1.6,112400,7920,4995960
FINNIFTY02JAN2421650CE.NFO,02/01/2024,09:36:24,1.6,1.55,117680,1.6,67080,3240,4995960
FINNIFTY02JAN2421650CE.NFO,02/01/2024,09:36:26,1.6,1.55,98880,1.6,66760,2440,4995960
FINNIFTY02JAN2421650CE.NFO,02/01/2024,09:36:27,1.55,1.55,114880,1.6,65640,7400,4995960
FINNIFTY02JAN2421650CE.NFO,02/01/2024,09:36:29,1.6,1.6,77400,1.65,127800,48000,4995960
FINNIFTY02JAN2421650CE.NFO,02/01/2024,09:36:31,1.65,1.6,110040,1.65,91920,3160,4995960
FINNIFTY02JAN2421650CE.NFO,02/01/2024,09:36:32,1.6,1.6,98240,1.65,110560,2400,4995960
FINNIFTY02JAN2421650CE.NFO,02/01/2024,09:36:34,1.6,1.6,139960,1.65,83640,10120,4995960
FINNIFTY02JAN2421650CE.NFO,02/01/2024,09:36:36,1.6,1.6,95680,1.65,123120,1960,4995960
FINNIFTY02JAN2421650CE.NFO,02/01/2024,09:36:37,1.6,1.6,74600,1.65,124880,3600,4995960
FINNIFTY02JAN2421650CE.NFO,02/01/2024,09:36:39,1.6,1.6,120320,1.65,106680,7560,4995960
FINNIFTY02JAN2421650CE.NFO,02/01/2024,09:36:41,1.6,1.6,162560,1.65,64800,3600,4995960
FINNIFTY02JAN2421650CE.NFO,02/01/2024,09:36:42,1.65,1.6,123960,1.65,119000,7160,4995960
FINNIFTY02JAN2421650CE.NFO,02/01/2024,09:36:44,1.65,1.6,137240,1.65,95360,3800,4995960
FINNIFTY02JAN2421650CE.NFO,02/01/2024,09:36:46,1.6,1.6,129760,1.65,84880,4920,4995960
FINNIFTY02JAN2421650CE.NFO,02/01/2024,09:36:47,1.65,1.6,109520,1.65,120160,19440,4995960
FINNIFTY02JAN2421650CE.NFO,02/01/2024,09:36:49,1.65,1.6,127320,1.65,104880,5840,4995960
FINNIFTY02JAN2421650CE.NFO,02/01/2024,09:36:51,1.6,1.6,146640,1.65,88040,3560,4995960
FINNIFTY02JAN2421650CE.NFO,02/01/2024,09:36:52,1.6,1.6,149880,1.65,74600,12160,4995960
FINNIFTY02JAN2421650CE.NFO,02/01/2024,09:36:54,1.7,1.65,101480,1.7,84920,52720,4995960
FINNIFTY02JAN2421650CE.NFO,02/01/2024,09:36:56,1.65,1.65,33080,1.7,125040,3040,4995960
FINNIFTY02JAN2421650CE.NFO,02/01/2024,09:36:57,1.7,1.65,4320,1.7,122960,42280,4995960
FINNIFTY02JAN2421650CE.NFO,02/01/2024,09:36:59,1.65,1.65,18000,1.7,119840,32080,4995960
FINNIFTY02JAN2421650CE.NFO,02/01/2024,09:37:01,1.65,1.65,92040,1.7,80640,2200,4995960
FINNIFTY02JAN2421650CE.NFO,02/01/2024,09:37:02,1.7,1.65,102520,1.7,68560,11200,4995960
FINNIFTY02JAN2421650CE.NFO,02/01/2024,09:37:04,1.7,1.65,91320,1.7,104600,1280,4995960
FINNIFTY02JAN2421650CE.NFO,02/01/2024,09:37:06,1.65,1.65,82600,1.7,117840,1880,4995960
FINNIFTY02JAN2421650CE.NFO,02/01/2024,09:37:07,1.7,1.65,79880,1.7,102280,2840,4995960
FINNIFTY02JAN2421650CE.NFO,02/01/2024,09:37:09,1.7,1.65,99160,1.7,103480,240,4995960
FINNIFTY02JAN2421650CE.NFO,02/01/2024,09:37:11,1.65,1.65,105680,1.7,83240,15640,4995960
FINNIFTY02JAN2421650CE.NFO,02/01/2024,09:37:12,1.65,1.65,97320,1.7,94320,720,4995960
FINNIFTY02JAN2421650CE.NFO,02/01/2024,09:37:14,1.7,1.65,116520,1.7,42280,16720,4995960
FINNIFTY02JAN2421650CE.NFO,02/01/2024,09:37:16,1.65,1.65,112080,1.7,61480,8160,4995960
FINNIFTY02JAN2421650CE.NFO,02/01/2024,09:37:17,1.7,1.65,94320,1.7,60080,52600,4995960
FINNIFTY02JAN2421650CE.NFO,02/01/2024,09:37:19,1.7,1.7,6040,1.75,93240,27840,4995960
FINNIFTY02JAN2421650CE.NFO,02/01/2024,09:37:21,1.75,1.7,68360,1.75,71400,6440,4995960
FINNIFTY02JAN2421650CE.NFO,02/01/2024,09:37:22,1.75,1.7,74600,1.75,78680,40,4995960
FINNIFTY02JAN2421650CE.NFO,02/01/2024,09:37:24,1.7,1.7,112040,1.75,30560,3040,4995960
FINNIFTY02JAN2421650CE.NFO,02/01/2024,09:37:26,1.8,1.75,46280,1.8,73160,23400,4995960
FINNIFTY02JAN2421650CE.NFO,02/01/2024,09:37:27,1.8,1.75,92840,1.8,7320,16200,4995960
FINNIFTY02JAN2421650CE.NFO,02/01/2024,09:37:29,1.8,1.8,21480,1.85,66520,21480,4995960
FINNIFTY02JAN2421650CE.NFO,02/01/2024,09:37:31,1.85,1.85,82480,1.9,9120,19080,4995960
FINNIFTY02JAN2421650CE.NFO,02/01/2024,09:37:33,1.9,1.85,52120,1.9,39080,33320,4995960
FINNIFTY02JAN2421650CE.NFO,02/01/2024,09:37:34,1.85,1.85,47360,1.9,61640,1680,4995960
FINNIFTY02JAN2421650CE.NFO,02/01/2024,09:37:36,1.9,1.85,52240,1.9,63480,2520,4995960
FINNIFTY02JAN2421650CE.NFO,02/01/2024,09:37:38,1.8,1.8,49800,1.85,41720,11640,4995960
FINNIFTY02JAN2421650CE.NFO,02/01/2024,09:37:39,1.85,1.8,76640,1.85,6560,8320,4995960
FINNIFTY02JAN2421650CE.NFO,02/01/2024,09:37:41,1.85,1.8,76800,1.85,3880,12600,4995960
FINNIFTY02JAN2421650CE.NFO,02/01/2024,09:37:43,1.85,1.85,5640,1.9,86160,48120,4995960
FINNIFTY02JAN2421650CE.NFO,02/01/2024,09:37:44,1.85,1.8,57920,1.85,50360,3720,4995960
FINNIFTY02JAN2421650CE.NFO,02/01/2024,09:37:46,1.8,1.8,47040,1.85,42440,3520,4995960
FINNIFTY02JAN2421650CE.NFO,02/01/2024,09:37:48,1.75,1.75,80280,1.8,12680,23200,4995960
FINNIFTY02JAN2421650CE.NFO,02/01/2024,09:37:49,1.8,1.8,39360,1.85,59640,7680,4995960
FINNIFTY02JAN2421650CE.NFO,02/01/2024,09:37:51,1.85,1.8,31800,1.85,70400,4640,4995960
FINNIFTY02JAN2421650CE.NFO,02/01/2024,09:37:53,1.85,1.8,3960,1.85,77640,43120,4995960
FINNIFTY02JAN2421650CE.NFO,02/01/2024,09:37:54,1.8,1.8,37480,1.85,59320,3960,4995960
FINNIFTY02JAN2421650CE.NFO,02/01/2024,09:37:56,1.8,1.8,33160,1.85,58840,2120,4995960
FINNIFTY02JAN2421650CE.NFO,02/01/2024,09:37:58,1.85,1.8,31960,1.85,55400,9640,4995960
FINNIFTY02JAN2421650CE.NFO,02/01/2024,09:37:59,1.85,1.8,22840,1.85,75520,5360,4995960
FINNIFTY02JAN2421650CE.NFO,02/01/2024,09:38:01,1.8,1.8,25320,1.85,89040,1880,4995960
FINNIFTY02JAN2421650CE.NFO,02/01/2024,09:38:03,1.85,1.8,28960,1.85,82000,58480,4995960
FINNIFTY02JAN2421650CE.NFO,02/01/2024,09:38:04,1.8,1.75,90440,1.8,28640,14320,4995960
FINNIFTY02JAN2421650CE.NFO,02/01/2024,09:38:06,1.8,1.75,46800,1.8,51040,42080,4995960
FINNIFTY02JAN2421650CE.NFO,02/01/2024,09:38:08,1.75,1.75,46120,1.8,55400,3200,4995960
FINNIFTY02JAN2421650CE.NFO,02/01/2024,09:38:09,1.8,1.75,47760,1.8,54000,12800,4995960
FINNIFTY02JAN2421650CE.NFO,02/01/2024,09:38:11,1.75,1.7,96960,1.75,32840,21280,4995960
FINNIFTY02JAN2421650CE.NFO,02/01/2024,09:38:13,1.75,1.75,15240,1.8,83440,52920,4995960
FINNIFTY02JAN2421650CE.NFO,02/01/2024,09:38:14,1.75,1.75,23080,1.8,72120,37760,4995960
FINNIFTY02JAN2421650CE.NFO,02/01/2024,09:38:16,1.8,1.75,40880,1.8,70920,2920,4995960
FINNIFTY02JAN2421650CE.NFO,02/01/2024,09:38:18,1.8,1.75,23520,1.8,75080,8920,4995960
FINNIFTY02JAN2421650CE.NFO,02/01/2024,09:38:19,1.8,1.75,51960,1.8,75160,7520,4995960
FINNIFTY02JAN2421650CE.NFO,02/01/2024,09:38:21,1.8,1.75,49560,1.8,68800,6400,4995960
FINNIFTY02JAN2421650CE.NFO,02/01/2024,09:38:23,1.85,1.8,61400,1.85,87000,34080,4995960
FINNIFTY02JAN2421650CE.NFO,02/01/2024,09:38:24,1.85,1.8,59880,1.85,89840,11760,4995960
FINNIFTY02JAN2421650CE.NFO,02/01/2024,09:38:26,1.8,1.8,82520,1.85,78520,17200,5171280
FINNIFTY02JAN2421650CE.NFO,02/01/2024,09:38:28,1.95,1.9,40680,1.95,60840,226400,5171280
FINNIFTY02JAN2421650CE.NFO,02/01/2024,09:38:29,1.9,1.9,26920,1.95,71240,40600,5171280
FINNIFTY02JAN2421650CE.NFO,02/01/2024,09:38:31,1.9,1.9,26360,1.95,80480,12040,5171280
FINNIFTY02JAN2421650CE.NFO,02/01/2024,09:38:33,1.95,1.9,39040,1.95,74880,1960,5171280
FINNIFTY02JAN2421650CE.NFO,02/01/2024,09:38:34,1.9,1.9,1000,1.95,86440,52400,5171280
FINNIFTY02JAN2421650CE.NFO,02/01/2024,09:38:36,1.85,1.8,86480,1.85,12000,23920,5171280
FINNIFTY02JAN2421650CE.NFO,02/01/2024,09:38:38,1.95,1.9,65920,1.95,7000,40280,5171280
FINNIFTY02JAN2421650CE.NFO,02/01/2024,09:38:39,1.95,1.9,91160,2,81360,24760,5171280
FINNIFTY02JAN2421650CE.NFO,02/01/2024,09:38:41,1.95,1.9,86720,2,88000,18040,5171280
FINNIFTY02JAN2421650CE.NFO,02/01/2024,09:38:43,1.9,1.85,84720,1.9,22520,28440,5171280
FINNIFTY02JAN2421650CE.NFO,02/01/2024,09:38:44,1.9,1.9,12480,1.95,96880,19360,5171280
FINNIFTY02JAN2421650CE.NFO,02/01/2024,09:38:46,1.85,1.85,58960,1.9,61000,17000,5171280
FINNIFTY02JAN2421650CE.NFO,02/01/2024,09:38:48,1.85,1.85,49800,1.9,54120,8200,5171280
FINNIFTY02JAN2421650CE.NFO,02/01/2024,09:38:49,1.9,1.85,75560,1.9,36240,13320,5171280
FINNIFTY02JAN2421650CE.NFO,02/01/2024,09:38:51,1.9,1.85,59320,1.9,51640,6120,5171280
FINNIFTY02JAN2421650CE.NFO,02/01/2024,09:38:53,1.9,1.9,2120,1.95,96600,37000,5171280
FINNIFTY02JAN2421650CE.NFO,02/01/2024,09:38:54,1.9,1.9,35320,1.95,71080,2440,5171280
FINNIFTY02JAN2421650CE.NFO,02/01/2024,09:38:56,1.95,1.95,37520,2,82080,27720,5171280
FINNIFTY02JAN2421650CE.NFO,02/01/2024,09:38:58,2.1,2.05,56240,2.15,80240,152800,5171280
FINNIFTY02JAN2421650CE.NFO,02/01/2024,09:38:59,2.05,2,48160,2.05,66440,45400,5171280
FINNIFTY02JAN2421650CE.NFO,02/01/2024,09:39:01,2.05,1.95,89440,2.05,86640,19240,5171280
FINNIFTY02JAN2421650CE.NFO,02/01/2024,09:39:03,2.15,2.1,29640,2.15,19000,299600,5171280
FINNIFTY02JAN2421650CE.NFO,02/01/2024,09:39:04,2.1,2.1,32400,2.15,44320,111520,5171280
FINNIFTY02JAN2421650CE.NFO,02/01/2024,09:39:06,2.15,2.15,13120,2.2,59640,62200,5171280
FINNIFTY02JAN2421650CE.NFO,02/01/2024,09:39:08,2.1,2.1,27000,2.15,54400,29280,5171280
FINNIFTY02JAN2421650CE.NFO,02/01/2024,09:39:09,2.1,2.1,3720,2.15,65880,25720,5171280
FINNIFTY02JAN2421650CE.NFO,02/01/2024,09:39:11,2.15,2.1,34520,2.15,53800,34560,5171280
FINNIFTY02JAN2421650CE.NFO,02/01/2024,09:39:13,2.15,2.1,33760,2.15,65440,35600,5171280
FINNIFTY02JAN2421650CE.NFO,02/01/2024,09:39:14,2.1,2.1,42760,2.15,49760,11600,5171280
FINNIFTY02JAN2421650CE.NFO,02/01/2024,09:39:16,2.1,2.1,30280,2.15,60600,10480,5171280
FINNIFTY02JAN2421650CE.NFO,02/01/2024,09:39:18,2.05,2,35440,2.05,73040,64400,5171280
FINNIFTY02JAN2421650CE.NFO,02/01/2024,09:39:19,2.1,2.05,23720,2.1,77080,39640,5171280
FINNIFTY02JAN2421650CE.NFO,02/01/2024,09:39:21,2.05,2.05,49640,2.1,54160,8160,5171280
FINNIFTY02JAN2421650CE.NFO,02/01/2024,09:39:23,2.1,2.1,20440,2.15,60000,30440,5171280
FINNIFTY02JAN2421650CE.NFO,02/01/2024,09:39:24,2.05,2.05,65560,2.1,66520,17280,5171280
FINNIFTY02JAN2421650CE.NFO,02/01/2024,09:39:26,2.05,2.05,86560,2.1,520,10280,5171280
FINNIFTY02JAN2421650CE.NFO,02/01/2024,09:39:28,2.15,2.15,27200,2.2,77640,38880,5171280
FINNIFTY02JAN2421650CE.NFO,02/01/2024,09:39:29,2.15,2.1,63360,2.15,2240,15400,5171280
FINNIFTY02JAN2421650CE.NFO,02/01/2024,09:39:31,2.1,2.05,84120,2.1,34080,10760,5171280
FINNIFTY02JAN2421650CE.NFO,02/01/2024,09:39:33,2.1,2.05,44560,2.1,66960,6720,5171280
FINNIFTY02JAN2421650CE.NFO,02/01/2024,09:39:34,2.1,2.05,35440,2.1,70560,16440,5171280
FINNIFTY02JAN2421650CE.NFO,02/01/2024,09:39:36,2.05,2,56000,2.05,46440,31040,5171280
FINNIFTY02JAN2421650CE.NFO,02/01/2024,09:39:38,2.05,2,12640,2.05,83160,51200,5171280
FINNIFTY02JAN2421650CE.NFO,02/01/2024,09:39:39,2,2,25120,2.05,69840,12200,5171280
FINNIFTY02JAN2421650CE.NFO,02/01/2024,09:39:41,2.05,2.05,25880,2.1,70600,27800,5171280
FINNIFTY02JAN2421650CE.NFO,02/01/2024,09:39:43,2.1,2.1,29680,2.15,63360,54520,5171280
FINNIFTY02JAN2421650CE.NFO,02/01/2024,09:39:44,2.2,2.2,40,2.25,36240,72720,5171280
FINNIFTY02JAN2421650CE.NFO,02/01/2024,09:39:46,2.4,2.4,38360,2.45,31560,99120,5171280
FINNIFTY02JAN2421650CE.NFO,02/01/2024,09:39:48,2.25,2.2,61400,2.25,8440,128320,5171280
FINNIFTY02JAN2421650CE.NFO,02/01/2024,09:39:49,2.4,2.35,37480,2.4,64360,84280,5171280
FINNIFTY02JAN2421650CE.NFO,02/01/2024,09:39:51,2.35,2.3,44720,2.35,20880,111880,5171280
FINNIFTY02JAN2421650CE.NFO,02/01/2024,09:39:53,2.25,2.2,31120,2.25,52560,39960,5171280
FINNIFTY02JAN2421650CE.NFO,02/01/2024,09:39:54,2.3,2.25,17600,2.3,45840,54280,5171280
FINNIFTY02JAN2421650CE.NFO,02/01/2024,09:39:56,2.25,2.2,52960,2.25,26480,36000,5171280
FINNIFTY02JAN2421650CE.NFO,02/01/2024,09:39:58,2.25,2.25,2240,2.3,65760,29120,5171280
FINNIFTY02JAN2421650CE.NFO,02/01/2024,09:39:59,2.2,2.15,55280,2.2,29200,49200,5171280
FINNIFTY02JAN2421650CE.NFO,02/01/2024,09:40:01,2.1,2.05,47600,2.1,28200,25200,5171280
FINNIFTY02JAN2421650CE.NFO,02/01/2024,09:40:03,2.25,2.2,60920,2.25,3920,100720,5171280
FINNIFTY02JAN2421650CE.NFO,02/01/2024,09:40:04,2.2,2.2,57400,2.3,66080,72320,5171280
FINNIFTY02JAN2421650CE.NFO,02/01/2024,09:40:06,2.2,2.1,68600,2.2,72920,81520,5171280
FINNIFTY02JAN2421650CE.NFO,02/01/2024,09:40:08,2.15,2.1,74280,2.15,7160,37960,5171280
FINNIFTY02JAN2421650CE.NFO,02/01/2024,09:40:09,2.15,2.15,17120,2.2,78400,23240,5171280
FINNIFTY02JAN2421650CE.NFO,02/01/2024,09:40:11,2.15,2.1,48200,2.15,28040,23840,5171280
FINNIFTY02JAN2421650CE.NFO,02/01/2024,09:40:13,2.1,2.1,51920,2.15,47480,9160,5171280
FINNIFTY02JAN2421650CE.NFO,02/01/2024,09:40:14,2.15,2.1,50520,2.15,60960,10760,5171280
FINNIFTY02JAN2421650CE.NFO,02/01/2024,09:40:16,2.15,2.15,44240,2.2,83800,34240,5171280
FINNIFTY02JAN2421650CE.NFO,02/01/2024,09:40:18,2.2,2.2,40120,2.25,65240,28600,5171280
FINNIFTY02JAN2421650CE.NFO,02/01/2024,09:40:19,2.3,2.25,34640,2.3,44960,11440,5171280
FINNIFTY02JAN2421650CE.NFO,02/01/2024,09:40:21,2.3,2.25,55640,2.3,14160,27600,5171280
FINNIFTY02JAN2421650CE.NFO,02/01/2024,09:40:23,2.25,2.2,45520,2.25,44800,62320,5171280
FINNIFTY02JAN2421650CE.NFO,02/01/2024,09:40:24,2.3,2.25,25720,2.3,75760,28880,5171280
FINNIFTY02JAN2421650CE.NFO,02/01/2024,09:40:26,2.2,2.15,60120,2.2,1840,81400,5171280
FINNIFTY02JAN2421650CE.NFO,02/01/2024,09:40:28,2.15,2.15,48960,2.2,29120,19440,5171280
FINNIFTY02JAN2421650CE.NFO,02/01/2024,09:40:29,2.15,2.15,3520,2.2,72360,104960,5171280
FINNIFTY02JAN2421650CE.NFO,02/01/2024,09:40:31,2.15,2.15,25080,2.2,59280,20080,5171280
FINNIFTY02JAN2421650CE.NFO,02/01/2024,09:40:33,2.15,2.15,53880,2.2,51040,28440,5171280
FINNIFTY02JAN2421650CE.NFO,02/01/2024,09:40:34,2.2,2.15,36360,2.2,54720,11600,5171280
FINNIFTY02JAN2421650CE.NFO,02/01/2024,09:40:36,2.25,2.2,28840,2.25,66320,19200,5171280
FINNIFTY02JAN2421650CE.NFO,02/01/2024,09:40:38,2.2,2.15,78000,2.25,81760,23680,5171280
FINNIFTY02JAN2421650CE.NFO,02/01/2024,09:40:39,2.2,2.2,26960,2.25,80640,18680,5171280
FINNIFTY02JAN2421650CE.NFO,02/01/2024,09:40:41,2.2,2.2,62200,2.25,38280,1160,5171280
FINNIFTY02JAN2421650CE.NFO,02/01/2024,09:40:43,2.2,2.15,7200,2.2,74840,30320,5171280
FINNIFTY02JAN2421650CE.NFO,02/01/2024,09:40:44,2.15,2.1,98480,2.15,3000,28080,5171280
FINNIFTY02JAN2421650CE.NFO,02/01/2024,09:40:46,2.1,2.05,62640,2.1,18280,64000,5171280
FINNIFTY02JAN2421650CE.NFO,02/01/2024,09:40:48,2.1,2.05,37640,2.1,22600,41280,5171280
FINNIFTY02JAN2421650CE.NFO,02/01/2024,09:40:49,2.15,2.1,12280,2.15,57840,29040,5171280
FINNIFTY02JAN2421650CE.NFO,02/01/2024,09:40:51,2.15,2.1,33120,2.15,45720,13840,5171280
FINNIFTY02JAN2421650CE.NFO,02/01/2024,09:40:53,2.2,2.15,39480,2.2,35880,78920,5171280
FINNIFTY02JAN2421650CE.NFO,02/01/2024,09:40:54,2.25,2.2,62200,2.25,3240,56640,5171280
FINNIFTY02JAN2421650CE.NFO,02/01/2024,09:40:56,2.15,2.15,59360,2.2,12880,20120,5171280
FINNIFTY02JAN2421650CE.NFO,02/01/2024,09:40:58,2.15,2.15,32880,2.2,40920,23520,5171280
FINNIFTY02JAN2421650CE.NFO,02/01/2024,09:40:59,2.25,2.2,64960,2.25,200,46160,5171280
FINNIFTY02JAN2421650CE.NFO,02/01/2024,09:41:01,2.2,2.15,19680,2.2,37960,32200,5171280
FINNIFTY02JAN2421650CE.NFO,02/01/2024,09:41:03,2.2,2.15,39880,2.2,45120,5360,5171280
FINNIFTY02JAN2421650CE.NFO,02/01/2024,09:41:04,2.2,2.15,42600,2.2,40160,10200,5171280
FINNIFTY02JAN2421650CE.NFO,02/01/2024,09:41:06,2.2,2.2,720,2.25,68840,39120,5171280
FINNIFTY02JAN2421650CE.NFO,02/01/2024,09:41:08,2.2,2.2,9720,2.25,65200,64440,5171280
FINNIFTY02JAN2421650CE.NFO,02/01/2024,09:41:09,2.15,2.15,10440,2.2,50800,9960,5171280
FINNIFTY02JAN2421650CE.NFO,02/01/2024,09:41:11,2.2,2.15,14360,2.2,56360,2120,5171280
FINNIFTY02JAN2421650CE.NFO,02/01/2024,09:41:13,2.1,2.1,45400,2.15,35120,6000,5171280
FINNIFTY02JAN2421650CE.NFO,02/01/2024,09:41:14,2.15,2.1,65840,2.2,70800,20720,5171280
FINNIFTY02JAN2421650CE.NFO,02/01/2024,09:41:16,2.15,2.15,21640,2.2,75200,17880,5171280
FINNIFTY02JAN2421650CE.NFO,02/01/2024,09:41:18,2.1,2.1,39480,2.15,31560,29840,5171280
FINNIFTY02JAN2421650CE.NFO,02/01/2024,09:41:19,2.15,2.1,17800,2.15,59480,23680,5171280
FINNIFTY02JAN2421650CE.NFO,02/01/2024,09:41:21,2.1,2.1,77000,2.15,26720,23920,5171280
FINNIFTY02JAN2421650CE.NFO,02/01/2024,09:41:23,2.15,2.15,21720,2.2,75920,17800,5171280
FINNIFTY02JAN2421650CE.NFO,02/01/2024,09:41:24,2.2,2.15,29600,2.2,74680,2560,5171280
FINNIFTY02JAN2421650CE.NFO,02/01/2024,09:41:26,2.15,2.1,54600,2.15,41280,28960,5508760
FINNIFTY02JAN2421650CE.NFO,02/01/2024,09:41:28,2.15,2.15,23920,2.2,75760,25560,5508760
FINNIFTY02JAN2421650CE.NFO,02/01/2024,09:41:29,2.15,2.15,14200,2.2,67640,35280,5508760
FINNIFTY02JAN2421650CE.NFO,02/01/2024,09:41:31,2.15,2.1,61440,2.15,43280,17840,5508760
FINNIFTY02JAN2421650CE.NFO,02/01/2024,09:41:33,2.2,2.15,19000,2.2,80080,17280,5508760
FINNIFTY02JAN2421650CE.NFO,02/01/2024,09:41:34,2.15,2.15,29160,2.2,77840,2920,5508760
FINNIFTY02JAN2421650CE.NFO,02/01/2024,09:41:36,2.2,2.15,35760,2.2,82480,2280,5508760
FINNIFTY02JAN2421650CE.NFO,02/01/2024,09:41:38,2.2,2.1,79800,2.2,83960,30240,5508760
FINNIFTY02JAN2421650CE.NFO,02/01/2024,09:41:39,2.15,2.1,75120,2.15,8600,33280,5508760
FINNIFTY02JAN2421650CE.NFO,02/01/2024,09:41:41,2.2,2.15,62160,2.2,37760,6200,5508760
FINNIFTY02JAN2421650CE.NFO,02/01/2024,09:41:43,2.15,2.15,45240,2.2,36000,2520,5508760
FINNIFTY02JAN2421650CE.NFO,02/01/2024,09:41:44,2.15,2.15,45680,2.2,28280,11400,5508760
FINNIFTY02JAN2421650CE.NFO,02/01/2024,09:41:46,2.2,2.15,49640,2.2,42800,2480,5508760
FINNIFTY02JAN2421650CE.NFO,02/01/2024,09:41:48,2.2,2.15,44760,2.2,24960,5280,5508760
FINNIFTY02JAN2421650CE.NFO,02/01/2024,09:41:49,2.15,2.15,34520,2.2,43040,17720,5508760
FINNIFTY02JAN2421650CE.NFO,02/01/2024,09:41:51,2.15,2.1,60000,2.15,59720,58840,5508760
FINNIFTY02JAN2421650CE.NFO,02/01/2024,09:41:53,2.15,2.1,71360,2.15,43520,10080,5508760
FINNIFTY02JAN2421650CE.NFO,02/01/2024,09:41:54,2.2,2.15,5840,2.2,68040,47600,5508760
FINNIFTY02JAN2421650CE.NFO,02/01/2024,09:41:56,2.2,2.15,5640,2.2,58800,31040,5508760
FINNIFTY02JAN2421650CE.NFO,02/01/2024,09:41:58,2.2,2.15,34560,2.2,33440,9960,5508760
FINNIFTY02JAN2421650CE.NFO,02/01/2024,09:41:59,2.1,2.1,85440,2.15,2840,45640,5508760
FINNIFTY02JAN2421650CE.NFO,02/01/2024,09:42:01,2,2,20640,2.05,38360,237240,5508760
FINNIFTY02JAN2421650CE.NFO,02/01/2024,09:42:03,2,2,9800,2.05,58760,42920,5508760
FINNIFTY02JAN2421650CE.NFO,02/01/2024,09:42:04,2,2,45840,2.05,32320,6040,5508760
FINNIFTY02JAN2421650CE.NFO,02/01/2024,09:42:06,2,2,12280,2.05,60480,13080,5508760
FINNIFTY02JAN2421650CE.NFO,02/01/2024,09:42:08,2.05,2,20560,2.05,62720,38360,5508760
FINNIFTY02JAN2421650CE.NFO,02/01/2024,09:42:09,2.05,2,19560,2.05,69080,31680,5508760
FINNIFTY02JAN2421650CE.NFO,02/01/2024,09:42:11,2.05,2,30240,2.05,66240,12920,5508760
FINNIFTY02JAN2421650CE.NFO,02/01/2024,09:42:13,2,2,28800,2.05,72080,8840,5508760
FINNIFTY02JAN2421650CE.NFO,02/01/2024,09:42:14,2,2,280,2.05,72120,36520,5508760
FINNIFTY02JAN2421650CE.NFO,02/01/2024,09:42:16,2,2,14160,2.05,71520,9640,5508760
FINNIFTY02JAN2421650CE.NFO,02/01/2024,09:42:18,2.05,2,40720,2.05,48440,4240,5508760
FINNIFTY02JAN2421650CE.NFO,02/01/2024,09:42:19,2.15,2.1,26840,2.15,58560,56040,5508760
FINNIFTY02JAN2421650CE.NFO,02/01/2024,09:42:21,2.05,2.05,43160,2.1,59400,21800,5508760
FINNIFTY02JAN2421650CE.NFO,02/01/2024,09:42:23,2.05,2.05,41240,2.1,61520,2400,5508760
FINNIFTY02JAN2421650CE.NFO,02/01/2024,09:42:24,2,2,67840,2.05,5440,39440,5508760
FINNIFTY02JAN2421650CE.NFO,02/01/2024,09:42:26,2.05,2,53640,2.05,66640,14960,5508760
FINNIFTY02JAN2421650CE.NFO,02/01/2024,09:42:28,2,2,30640,2.05,74000,61720,5508760
FINNIFTY02JAN2421650CE.NFO,02/01/2024,09:42:29,2.1,2.05,20680,2.1,88640,22480,5508760
FINNIFTY02JAN2421650CE.NFO,02/01/2024,09:42:31,2.1,2.05,78600,2.1,2120,66240,5508760
FINNIFTY02JAN2421650CE.NFO,02/01/2024,09:42:33,2.1,2.05,81640,2.1,1960,30840,5508760
FINNIFTY02JAN2421650CE.NFO,02/01/2024,09:42:34,2.05,2.05,77880,2.1,19280,10800,5508760
FINNIFTY02JAN2421650CE.NFO,02/01/2024,09:42:36,2.1,2.05,75080,2.1,14960,18480,5508760
FINNIFTY02JAN2421650CE.NFO,02/01/2024,09:42:38,2.1,2.05,74960,2.1,26280,6040,5508760
FINNIFTY02JAN2421650CE.NFO,02/01/2024,09:42:39,2.1,2.1,34440,2.15,71840,13520,5508760
FINNIFTY02JAN2421650CE.NFO,02/01/2024,09:42:41,2.1,2.1,31400,2.15,74320,7880,5508760
FINNIFTY02JAN2421650CE.NFO,02/01/2024,09:42:43,2.1,2.1,53360,2.15,46160,4160,5508760
FINNIFTY02JAN2421650CE.NFO,02/01/2024,09:42:44,2.15,2.1,62800,2.15,26400,3120,5508760
FINNIFTY02JAN2421650CE.NFO,02/01/2024,09:42:46,2.1,2.1,38560,2.15,47840,35520,5508760
FINNIFTY02JAN2421650CE.NFO,02/01/2024,09:42:48,2.1,2.1,63360,2.15,44200,5480,5508760
FINNIFTY02JAN2421650CE.NFO,02/01/2024,09:42:49,2.1,2.1,63840,2.15,35760,7240,5508760
FINNIFTY02JAN2421650CE.NFO,02/01/2024,09:42:51,2.15,2.15,26520,2.2,68120,16400,5508760
FINNIFTY02JAN2421650CE.NFO,02/01/2024,09:42:53,2.2,2.2,11640,2.25,75760,13080,5508760
FINNIFTY02JAN2421650CE.NFO,02/01/2024,09:42:54,2.2,2.2,56680,2.25,64840,7360,5508760
FINNIFTY02JAN2421650CE.NFO,02/01/2024,09:42:56,2.2,2.2,71680,2.25,29520,4120,5508760
FINNIFTY02JAN2421650CE.NFO,02/01/2024,09:42:58,2.3,2.25,35880,2.3,49600,14680,5508760
FINNIFTY02JAN2421650CE.NFO,02/01/2024,09:42:59,2.25,2.25,32600,2.3,49080,8320,5508760
FINNIFTY02JAN2421650CE.NFO,02/01/2024,09:43:01,2.15,2.15,53520,2.2,26120,71680,5508760
FINNIFTY02JAN2421650CE.NFO,02/01/2024,09:43:03,2.15,2.15,72480,2.25,72520,33040,5508760
FINNIFTY02JAN2421650CE.NFO,02/01/2024,09:43:04,2.25,2.2,54560,2.25,2200,35640,5508760
FINNIFTY02JAN2421650CE.NFO,02/01/2024,09:43:06,2.2,2.15,68960,2.2,1040,23920,5508760
FINNIFTY02JAN2421650CE.NFO,02/01/2024,09:43:08,2.25,2.15,69200,2.25,79480,26360,5508760
FINNIFTY02JAN2421650CE.NFO,02/01/2024,09:43:09,2.15,2.15,64400,2.2,10240,30000,5508760
FINNIFTY02JAN2421650CE.NFO,02/01/2024,09:43:11,2.2,2.15,57040,2.2,25400,7840,5508760
FINNIFTY02JAN2421650CE.NFO,02/01/2024,09:43:13,2.1,2.1,73080,2.15,58880,30280,5508760
FINNIFTY02JAN2421650CE.NFO,02/01/2024,09:43:14,2.15,2.1,69040,2.15,41040,3640,5508760
FINNIFTY02JAN2421650CE.NFO,02/01/2024,09:43:16,2.1,2.1,67680,2.15,52320,2440,5508760
FINNIFTY02JAN2421650CE.NFO,02/01/2024,09:43:18,2.15,2.1,74160,2.15,75720,3520,5508760
FINNIFTY02JAN2421650CE.NFO,02/01/2024,09:43:19,2.1,2.1,40520,2.15,81040,14040,5508760
FINNIFTY02JAN2421650CE.NFO,02/01/2024,09:43:21,2.15,2.1,14800,2.15,93600,59600,5508760
FINNIFTY02JAN2421650CE.NFO,02/01/2024,09:43:23,2.15,2.1,5560,2.15,91920,33440,5508760
FINNIFTY02JAN2421650CE.NFO,02/01/2024,09:43:24,2.1,2.05,25160,2.1,66200,52600,5508760
FINNIFTY02JAN2421650CE.NFO,02/01/2024,09:43:26,2.05,2,80480,2.05,51880,22720,5508760
FINNIFTY02JAN2421650CE.NFO,02/01/2024,09:43:28,2.05,2.05,9640,2.1,75520,14000,5508760
FINNIFTY02JAN2421650CE.NFO,02/01/2024,09:43:29,2.1,2.05,54640,2.1,33520,7560,5508760
FINNIFTY02JAN2421650CE.NFO,02/01/2024,09:43:31,2.1,2.05,40800,2.1,40400,2560,5508760
FINNIFTY02JAN2421650CE.NFO,02/01/2024,09:43:33,2.05,2,113560,2.05,4400,31520,5508760
FINNIFTY02JAN2421650CE.NFO,02/01/2024,09:43:34,2,2,4800,2.05,73040,72440,5508760
FINNIFTY02JAN2421650CE.NFO,02/01/2024,09:43:36,2,1.95,70280,2,30520,23400,5508760
FINNIFTY02JAN2421650CE.NFO,02/01/2024,09:43:38,1.95,1.9,72680,1.95,9480,64920,5508760
FINNIFTY02JAN2421650CE.NFO,02/01/2024,09:43:39,1.95,1.9,75480,1.95,26200,9680,5508760
FINNIFTY02JAN2421650CE.NFO,02/01/2024,09:43:41,2,1.95,14480,2,79280,24480,5508760
FINNIFTY02JAN2421650CE.NFO,02/01/2024,09:43:43,1.95,1.9,80160,2,78640,34880,5508760
FINNIFTY02JAN2421650CE.NFO,02/01/2024,09:43:44,1.95,1.9,46280,1.95,52280,9760,5508760
FINNIFTY02JAN2421650CE.NFO,02/01/2024,09:43:46,1.9,1.9,68600,1.95,35440,15080,5508760
FINNIFTY02JAN2421650CE.NFO,02/01/2024,09:43:48,2,2,43040,2.05,61760,62160,5508760
FINNIFTY02JAN2421650CE.NFO,02/01/2024,09:43:49,2,1.95,79320,2,3240,12040,5508760
FINNIFTY02JAN2421650CE.NFO,02/01/2024,09:43:51,1.95,1.9,73040,1.95,1800,22360,5508760
FINNIFTY02JAN2421650CE.NFO,02/01/2024,09:43:53,1.95,1.9,78760,1.95,17840,6680,5508760
FINNIFTY02JAN2421650CE.NFO,02/01/2024,09:43:54,1.95,1.9,61320,1.95,44840,1040,5508760
FINNIFTY02JAN2421650CE.NFO,02/01/2024,09:43:56,1.95,1.9,81040,1.95,15440,10040,5508760
FINNIFTY02JAN2421650CE.NFO,02/01/2024,09:43:58,1.95,1.9,80400,1.95,4240,27560,5508760
FINNIFTY02JAN2421650CE.NFO,02/01/2024,09:43:59,1.95,1.95,39800,2,2480,24960,5508760
FINNIFTY02JAN2421650CE.NFO,02/01/2024,09:44:01,1.95,1.9,61520,1.95,56360,46800,5508760
FINNIFTY02JAN2421650CE.NFO,02/01/2024,09:44:03,1.9,1.9,2800,1.95,83040,55880,5508760
FINNIFTY02JAN2421650CE.NFO,02/01/2024,09:44:04,1.9,1.85,62040,1.95,68760,68680,5508760
FINNIFTY02JAN2421650CE.NFO,02/01/2024,09:44:06,1.95,1.9,2760,1.95,79280,17680,5508760
FINNIFTY02JAN2421650CE.NFO,02/01/2024,09:44:08,1.95,1.9,17800,1.95,78600,14680,5508760
FINNIFTY02JAN2421650CE.NFO,02/01/2024,09:44:09,1.9,1.9,2960,1.95,85920,43000,5508760
FINNIFTY02JAN2421650CE.NFO,02/01/2024,09:44:11,1.9,1.85,63480,1.95,86840,46120,5508760
FINNIFTY02JAN2421650CE.NFO,02/01/2024,09:44:13,1.9,1.9,15960,1.95,85560,8960,5508760
FINNIFTY02JAN2421650CE.NFO,02/01/2024,09:44:14,1.9,1.9,46600,1.95,69200,3440,5508760
FINNIFTY02JAN2421650CE.NFO,02/01/2024,09:44:16,1.95,1.9,45000,1.95,69240,11320,5508760
FINNIFTY02JAN2421650CE.NFO,02/01/2024,09:44:18,1.85,1.85,44440,1.9,44200,47360,5508760
FINNIFTY02JAN2421650CE.NFO,02/01/2024,09:44:19,1.9,1.85,44520,1.9,28200,59920,5508760
FINNIFTY02JAN2421650CE.NFO,02/01/2024,09:44:21,1.9,1.9,38320,1.95,39400,15920,5508760
FINNIFTY02JAN2421650CE.NFO,02/01/2024,09:44:23,1.9,1.85,62400,1.9,24840,41960,5508760
FINNIFTY02JAN2421650CE.NFO,02/01/2024,09:44:24,1.9,1.9,4640,1.95,58720,28120,5508760
FINNIFTY02JAN2421650CE.NFO,02/01/2024,09:44:26,1.9,1.9,5640,1.95,53120,9400,5639680
FINNIFTY02JAN2421650CE.NFO,02/01/2024,09:44:28,1.9,1.9,52960,1.95,31800,13640,5639680
FINNIFTY02JAN2421650CE.NFO,02/01/2024,09:44:29,1.9,1.85,63880,1.9,14040,15760,5639680
FINNIFTY02JAN2421650CE.NFO,02/01/2024,09:44:31,1.95,1.9,46320,1.95,41560,12520,5639680
FINNIFTY02JAN2421650CE.NFO,02/01/2024,09:44:33,1.95,1.9,57000,1.95,43200,2840,5639680
FINNIFTY02JAN2421650CE.NFO,02/01/2024,09:44:34,1.85,1.85,62800,1.9,39680,35600,5639680
FINNIFTY02JAN2421650CE.NFO,02/01/2024,09:44:36,1.85,1.85,45400,1.9,53080,6760,5639680
FINNIFTY02JAN2421650CE.NFO,02/01/2024,09:44:38,1.9,1.85,68720,1.9,25000,3480,5639680
FINNIFTY02JAN2421650CE.NFO,02/01/2024,09:44:39,1.9,1.9,9040,1.95,75640,58080,5639680
FINNIFTY02JAN2421650CE.NFO,02/01/2024,09:44:41,1.95,1.9,55400,1.95,56520,15000,5639680
FINNIFTY02JAN2421650CE.NFO,02/01/2024,09:44:43,1.95,1.9,51800,1.95,56040,6840,5639680
FINNIFTY02JAN2421650CE.NFO,02/01/2024,09:44:44,1.95,1.9,38640,1.95,69960,3680,5639680
FINNIFTY02JAN2421650CE.NFO,02/01/2024,09:44:46,1.95,1.9,21040,1.95,76320,12840,5639680
FINNIFTY02JAN2421650CE.NFO,02/01/2024,09:44:48,1.95,1.9,34320,1.95,74200,12840,5639680
FINNIFTY02JAN2421650CE.NFO,02/01/2024,09:44:49,1.9,1.9,42840,1.95,67560,2000,5639680
FINNIFTY02JAN2421650CE.NFO,02/01/2024,09:44:51,1.85,1.85,87720,1.9,8360,43520,5639680
FINNIFTY02JAN2421650CE.NFO,02/01/2024,09:44:53,1.9,1.85,88640,1.9,8040,11840,5639680
FINNIFTY02JAN2421650CE.NFO,02/01/2024,09:44:54,1.85,1.85,90200,1.9,36680,4000,5639680
FINNIFTY02JAN2421650CE.NFO,02/01/2024,09:44:56,1.85,1.85,65000,1.9,64960,2160,5639680
FINNIFTY02JAN2421650CE.NFO,02/01/2024,09:44:58,1.9,1.85,85720,1.9,51840,5080,5639680
FINNIFTY02JAN2421650CE.NFO,02/01/2024,09:45:00,1.85,1.85,28720,1.9,78480,19760,5639680
FINNIFTY02JAN2421650CE.NFO,02/01/2024,09:45:01,1.8,1.8,105320,1.85,56720,112000,5639680
FINNIFTY02JAN2421650CE.NFO,02/01/2024,09:45:03,1.85,1.8,120560,1.85,6320,35320,5639680
FINNIFTY02JAN2421650CE.NFO,02/01/2024,09:45:05,1.95,1.9,56560,1.95,30560,41200,5639680
FINNIFTY02JAN2421650CE.NFO,02/01/2024,09:45:06,1.9,1.85,83400,1.9,1880,43000,5639680
FINNIFTY02JAN2421650CE.NFO,02/01/2024,09:45:08,1.85,1.85,80480,1.9,6440,7760,5639680
FINNIFTY02JAN2421650CE.NFO,02/01/2024,09:45:10,1.9,1.9,20360,1.95,52720,16600,5639680
FINNIFTY02JAN2421650CE.NFO,02/01/2024,09:45:11,1.85,1.85,83160,1.9,20880,27600,5639680
FINNIFTY02JAN2421650CE.NFO,02/01/2024,09:45:13,1.9,1.85,75840,1.9,23080,15400,5639680
FINNIFTY02JAN2421650CE.NFO,02/01/2024,09:45:15,1.85,1.85,73560,1.9,38400,11120,5639680
FINNIFTY02JAN2421650CE.NFO,02/01/2024,09:45:16,1.85,1.85,76840,1.9,28360,14440,5639680
FINNIFTY02JAN2421650CE.NFO,02/01/2024,09:45:18,1.9,1.85,55800,1.9,60920,8880,5639680
FINNIFTY02JAN2421650CE.NFO,02/01/2024,09:45:20,1.85,1.85,62840,1.9,60960,3320,5639680
FINNIFTY02JAN2421650CE.NFO,02/01/2024,09:45:21,1.85,1.85,54320,1.9,68360,5920,5639680
FINNIFTY02JAN2421650CE.NFO,02/01/2024,09:45:23,1.8,1.8,115320,1.85,21480,56760,5639680
FINNIFTY02JAN2421650CE.NFO,02/01/2024,09:45:25,1.85,1.8,90200,1.85,51160,5400,5639680
FINNIFTY02JAN2421650CE.NFO,02/01/2024,09:45:26,1.8,1.75,71640,1.8,27560,69240,5639680
FINNIFTY02JAN2421650CE.NFO,02/01/2024,09:45:28,1.75,1.75,65000,1.8,32760,2720,5639680
FINNIFTY02JAN2421650CE.NFO,02/01/2024,09:45:30,1.8,1.75,65840,1.8,46800,7640,5639680
FINNIFTY02JAN2421650CE.NFO,02/01/2024,09:45:31,1.8,1.8,26440,1.85,78280,48320,5639680
FINNIFTY02JAN2421650CE.NFO,02/01/2024,09:45:33,1.85,1.8,61920,1.85,54120,54840,5639680
FINNIFTY02JAN2421650CE.NFO,02/01/2024,09:45:35,1.85,1.8,55640,1.85,80680,26240,5639680
FINNIFTY02JAN2421650CE.NFO,02/01/2024,09:45:36,1.8,1.8,68240,1.85,52480,16000,5639680
FINNIFTY02JAN2421650CE.NFO,02/01/2024,09:45:38,1.8,1.8,28160,1.85,83680,15800,5639680
FINNIFTY02JAN2421650CE.NFO,02/01/2024,09:45:40,1.8,1.8,4520,1.85,87800,46080,5639680
FINNIFTY02JAN2421650CE.NFO,02/01/2024,09:45:41,1.8,1.8,21840,1.85,82800,10240,5639680
FINNIFTY02JAN2421650CE.NFO,02/01/2024,09:45:43,1.8,1.8,11360,1.85,83360,50600,5639680
FINNIFTY02JAN2421650CE.NFO,02/01/2024,09:45:45,1.75,1.75,74040,1.8,14560,11280,5639680
FINNIFTY02JAN2421650CE.NFO,02/01/2024,09:45:46,1.75,1.7,80440,1.75,23840,35040,5639680
FINNIFTY02JAN2421650CE.NFO,02/01/2024,09:45:48,1.75,1.75,37880,1.8,54000,69560,5639680
FINNIFTY02JAN2421650CE.NFO,02/01/2024,09:45:50,1.75,1.7,38560,1.75,49440,10080,5639680
FINNIFTY02JAN2421650CE.NFO,02/01/2024,09:45:51,1.7,1.65,91520,1.7,9320,28760,5639680
FINNIFTY02JAN2421650CE.NFO,02/01/2024,09:45:53,1.7,1.7,52040,1.75,53280,9720,5639680
FINNIFTY02JAN2421650CE.NFO,02/01/2024,09:45:55,1.7,1.65,480,1.7,30200,119600,5639680
FINNIFTY02JAN2421650CE.NFO,02/01/2024,09:45:56,1.7,1.65,74920,1.7,19840,182000,5639680
FINNIFTY02JAN2421650CE.NFO,02/01/2024,09:45:58,1.65,1.65,13520,1.7,74960,23080,5639680
FINNIFTY02JAN2421650CE.NFO,02/01/2024,09:46:00,1.6,1.6,95880,1.65,51120,67960,5639680
FINNIFTY02JAN2421650CE.NFO,02/01/2024,09:46:01,1.65,1.6,40320,1.65,57960,106560,5639680
FINNIFTY02JAN2421650CE.NFO,02/01/2024,09:46:03,1.65,1.6,39880,1.65,52920,9280,5639680
FINNIFTY02JAN2421650CE.NFO,02/01/2024,09:46:05,1.6,1.6,15040,1.65,77160,28040,5639680
FINNIFTY02JAN2421650CE.NFO,02/01/2024,09:46:06,1.65,1.55,104040,1.65,97760,73480,5639680
FINNIFTY02JAN2421650CE.NFO,02/01/2024,09:46:08,1.65,1.6,32520,1.65,79920,70360,5639680
FINNIFTY02JAN2421650CE.NFO,02/01/2024,09:46:10,1.65,1.6,14560,1.65,85520,30240,5639680
FINNIFTY02JAN2421650CE.NFO,02/01/2024,09:46:11,1.6,1.6,400,1.65,103960,52360,5639680
FINNIFTY02JAN2421650CE.NFO,02/01/2024,09:46:13,1.55,1.55,92440,1.6,18040,23760,5639680
FINNIFTY02JAN2421650CE.NFO,02/01/2024,09:46:15,1.6,1.55,90880,1.6,28480,71760,5639680
FINNIFTY02JAN2421650CE.NFO,02/01/2024,09:46:16,1.6,1.55,104800,1.6,8160,42040,5639680
FINNIFTY02JAN2421650CE.NFO,02/01/2024,09:46:18,1.6,1.55,104520,1.6,54080,50640,5639680
FINNIFTY02JAN2421650CE.NFO,02/01/2024,09:46:20,1.6,1.55,102240,1.6,87720,5960,5639680
FINNIFTY02JAN2421650CE.NFO,02/01/2024,09:46:21,1.6,1.55,87240,1.6,90000,5840,5639680
FINNIFTY02JAN2421650CE.NFO,02/01/2024,09:46:23,1.6,1.55,109760,1.6,90560,10320,5639680
FINNIFTY02JAN2421650CE.NFO,02/01/2024,09:46:25,1.6,1.55,78000,1.6,125400,5000,5639680
FINNIFTY02JAN2421650CE.NFO,02/01/2024,09:46:26,1.6,1.55,75480,1.6,113960,12680,5639680
FINNIFTY02JAN2421650CE.NFO,02/01/2024,09:46:28,1.6,1.55,90680,1.6,104920,9800,5639680
FINNIFTY02JAN2421650CE.NFO,02/01/2024,09:46:30,1.6,1.55,89320,1.6,104560,5200,5639680
FINNIFTY02JAN2421650CE.NFO,02/01/2024,09:46:31,1.6,1.55,92800,1.6,106840,5840,5639680
FINNIFTY02JAN2421650CE.NFO,02/01/2024,09:46:33,1.55,1.55,100920,1.6,104240,3720,5639680
FINNIFTY02JAN2421650CE.NFO,02/01/2024,09:46:35,1.55,1.55,102680,1.6,95080,12920,5639680
FINNIFTY02JAN2421650CE.NFO,02/01/2024,09:46:36,1.6,1.55,100120,1.6,95040,9600,5639680
FINNIFTY02JAN2421650CE.NFO,02/01/2024,09:46:38,1.55,1.55,94560,1.6,96600,1680,5639680
FINNIFTY02JAN2421650CE.NFO,02/01/2024,09:46:40,1.6,1.55,59280,1.6,135600,2920,5639680
