Ticker,Date,Time,LTP,BuyPrice,BuyQty,SellPrice,SellQty,LTQ,OpenInterest
FINNIFTY02JAN2420100PE.NFO,02/01/2024,09:15:02,0.2,0.2,15400,0.4,840,800,149680
FINNIFTY02JAN2420100PE.NFO,02/01/2024,09:15:02,0.2,0.2,15400,0.4,840,0,149680
FINNIFTY02JAN2420100PE.NFO,02/01/2024,09:15:02,0.2,0.2,15400,0.4,840,0,149680
FINNIFTY02JAN2420100PE.NFO,02/01/2024,09:15:02,0.2,0.2,15400,0.4,840,0,149680
FINNIFTY02JAN2420100PE.NFO,02/01/2024,09:15:16,0.4,0.2,29200,0.35,8200,200,149680
FINNIFTY02JAN2420100PE.NFO,02/01/2024,09:15:16,0.4,0.2,29200,0.35,8200,0,149680
FINNIFTY02JAN2420100PE.NFO,02/01/2024,09:15:28,0.3,0.25,24560,0.35,12000,12040,149680
FINNIFTY02JAN2420100PE.NFO,02/01/2024,09:15:39,0.3,0.25,25360,0.3,8440,640,149680
FINNIFTY02JAN2420100PE.NFO,02/01/2024,09:15:50,0.3,0.25,26160,0.3,15560,0,149680
FINNIFTY02JAN2420100PE.NFO,02/01/2024,09:16:00,0.3,0.25,29680,0.3,11200,5320,149680
FINNIFTY02JAN2420100PE.NFO,02/01/2024,09:16:12,0.25,0.25,30280,0.3,21440,1400,149680
FINNIFTY02JAN2420100PE.NFO,02/01/2024,09:16:22,0.25,0.25,28280,0.3,21440,2000,149680
FINNIFTY02JAN2420100PE.NFO,02/01/2024,09:16:31,0.25,0.25,27880,0.3,26600,400,149680
FINNIFTY02JAN2420100PE.NFO,02/01/2024,09:16:41,0.25,0.25,28120,0.3,27080,0,149680
FINNIFTY02JAN2420100PE.NFO,02/01/2024,09:16:50,0.25,0.25,27120,0.3,28280,480,149680
FINNIFTY02JAN2420100PE.NFO,02/01/2024,09:17:00,0.25,0.25,26200,0.3,31320,920,149680
FINNIFTY02JAN2420100PE.NFO,02/01/2024,09:17:10,0.25,0.25,24200,0.3,32040,2000,149680
FINNIFTY02JAN2420100PE.NFO,02/01/2024,09:17:19,0.25,0.25,22680,0.3,33840,1800,149680
FINNIFTY02JAN2420100PE.NFO,02/01/2024,09:17:29,0.25,0.25,22680,0.3,33840,0,149680
FINNIFTY02JAN2420100PE.NFO,02/01/2024,09:17:39,0.25,0.25,21680,0.3,35640,1000,158560
FINNIFTY02JAN2420100PE.NFO,02/01/2024,09:17:48,0.25,0.25,60320,0.3,40400,0,158560
FINNIFTY02JAN2420100PE.NFO,02/01/2024,09:17:58,0.25,0.25,67520,0.3,40400,0,158560
FINNIFTY02JAN2420100PE.NFO,02/01/2024,09:18:07,0.25,0.25,67520,0.3,41480,0,158560
FINNIFTY02JAN2420100PE.NFO,02/01/2024,09:18:26,0.25,0.25,67520,0.3,39440,0,158560
FINNIFTY02JAN2420100PE.NFO,02/01/2024,09:18:36,0.25,0.25,64880,0.3,42040,2640,158560
FINNIFTY02JAN2420100PE.NFO,02/01/2024,09:18:46,0.25,0.25,64880,0.3,43480,0,158560
FINNIFTY02JAN2420100PE.NFO,02/01/2024,09:19:15,0.25,0.25,64240,0.3,43480,640,158560
FINNIFTY02JAN2420100PE.NFO,02/01/2024,09:19:25,0.25,0.25,64240,0.3,44920,0,158560
FINNIFTY02JAN2420100PE.NFO,02/01/2024,09:19:35,0.25,0.25,62440,0.3,46360,1800,158560
FINNIFTY02JAN2420100PE.NFO,02/01/2024,09:19:45,0.3,0.25,62600,0.3,45960,400,158560
FINNIFTY02JAN2420100PE.NFO,02/01/2024,09:19:55,0.25,0.25,60800,0.3,47400,1800,158560
FINNIFTY02JAN2420100PE.NFO,02/01/2024,09:20:06,0.25,0.25,58200,0.3,48400,2600,158560
FINNIFTY02JAN2420100PE.NFO,02/01/2024,09:20:26,0.25,0.25,58200,0.3,51280,0,158560
FINNIFTY02JAN2420100PE.NFO,02/01/2024,09:20:36,0.3,0.25,58200,0.3,51400,120,168560
FINNIFTY02JAN2420100PE.NFO,02/01/2024,09:20:45,0.3,0.25,58200,0.3,50880,280,168560
FINNIFTY02JAN2420100PE.NFO,02/01/2024,09:20:55,0.3,0.25,58200,0.3,50680,440,168560
FINNIFTY02JAN2420100PE.NFO,02/01/2024,09:21:04,0.3,0.25,58200,0.3,49080,1360,168560
FINNIFTY02JAN2420100PE.NFO,02/01/2024,09:21:14,0.3,0.25,58200,0.3,48440,640,168560
FINNIFTY02JAN2420100PE.NFO,02/01/2024,09:21:25,0.25,0.25,59800,0.3,52600,3120,168560
FINNIFTY02JAN2420100PE.NFO,02/01/2024,09:21:35,0.3,0.25,59760,0.3,53720,360,168560
FINNIFTY02JAN2420100PE.NFO,02/01/2024,09:21:45,0.3,0.25,59760,0.3,50960,1200,168560
FINNIFTY02JAN2420100PE.NFO,02/01/2024,09:21:55,0.3,0.25,59760,0.3,50200,760,168560
FINNIFTY02JAN2420100PE.NFO,02/01/2024,09:22:06,0.3,0.25,59760,0.3,51720,280,168560
FINNIFTY02JAN2420100PE.NFO,02/01/2024,09:22:18,0.3,0.25,59760,0.3,51560,400,168560
FINNIFTY02JAN2420100PE.NFO,02/01/2024,09:22:30,0.3,0.25,59760,0.3,50440,1120,168560
FINNIFTY02JAN2420100PE.NFO,02/01/2024,09:22:40,0.25,0.25,57520,0.3,49960,3240,168560
FINNIFTY02JAN2420100PE.NFO,02/01/2024,09:22:50,0.25,0.25,56240,0.3,47200,1800,168560
FINNIFTY02JAN2420100PE.NFO,02/01/2024,09:22:59,0.25,0.25,54920,0.3,45400,3000,168560
FINNIFTY02JAN2420100PE.NFO,02/01/2024,09:23:09,0.3,0.25,53120,0.3,46920,1840,168560
FINNIFTY02JAN2420100PE.NFO,02/01/2024,09:23:28,0.3,0.25,53120,0.3,46880,40,178120
FINNIFTY02JAN2420100PE.NFO,02/01/2024,09:23:37,0.3,0.25,51320,0.3,44840,2040,178120
FINNIFTY02JAN2420100PE.NFO,02/01/2024,09:23:47,0.3,0.25,51320,0.3,46640,0,178120
FINNIFTY02JAN2420100PE.NFO,02/01/2024,09:23:56,0.3,0.25,49800,0.3,49960,1680,178120
FINNIFTY02JAN2420100PE.NFO,02/01/2024,09:24:05,0.3,0.25,47800,0.3,55000,2480,178120
FINNIFTY02JAN2420100PE.NFO,02/01/2024,09:24:14,0.3,0.25,47800,0.3,54840,160,178120
FINNIFTY02JAN2420100PE.NFO,02/01/2024,09:24:24,0.3,0.25,47800,0.3,54800,40,178120
FINNIFTY02JAN2420100PE.NFO,02/01/2024,09:24:45,0.25,0.25,47440,0.3,56600,360,178120
FINNIFTY02JAN2420100PE.NFO,02/01/2024,09:24:54,0.25,0.25,46560,0.3,56480,1000,178120
FINNIFTY02JAN2420100PE.NFO,02/01/2024,09:25:05,0.25,0.25,45920,0.3,54400,920,178120
FINNIFTY02JAN2420100PE.NFO,02/01/2024,09:25:16,0.25,0.25,45600,0.3,57920,400,178120
FINNIFTY02JAN2420100PE.NFO,02/01/2024,09:25:26,0.25,0.25,43800,0.3,57960,2200,178120
FINNIFTY02JAN2420100PE.NFO,02/01/2024,09:25:36,0.3,0.25,41400,0.3,59680,2960,178120
FINNIFTY02JAN2420100PE.NFO,02/01/2024,09:25:46,0.3,0.25,41320,0.3,58880,2280,178120
FINNIFTY02JAN2420100PE.NFO,02/01/2024,09:25:55,0.25,0.25,39880,0.3,60160,3040,178120
FINNIFTY02JAN2420100PE.NFO,02/01/2024,09:26:05,0.3,0.25,39520,0.3,62160,2080,178120
FINNIFTY02JAN2420100PE.NFO,02/01/2024,09:26:15,0.25,0.25,40960,0.3,59600,1360,178120
FINNIFTY02JAN2420100PE.NFO,02/01/2024,09:26:25,0.3,0.25,41200,0.3,46480,8000,178120
FINNIFTY02JAN2420100PE.NFO,02/01/2024,09:26:36,0.3,0.25,53760,0.3,44920,1800,191640
FINNIFTY02JAN2420100PE.NFO,02/01/2024,09:26:46,0.3,0.25,72320,0.3,44440,1120,191640
FINNIFTY02JAN2420100PE.NFO,02/01/2024,09:26:57,0.25,0.25,69800,0.3,48160,2760,191640
FINNIFTY02JAN2420100PE.NFO,02/01/2024,09:27:07,0.3,0.25,69680,0.3,48720,1240,191640
FINNIFTY02JAN2420100PE.NFO,02/01/2024,09:27:18,0.3,0.25,69600,0.3,47720,1080,191640
FINNIFTY02JAN2420100PE.NFO,02/01/2024,09:27:28,0.3,0.25,69560,0.3,47000,760,191640
FINNIFTY02JAN2420100PE.NFO,02/01/2024,09:27:37,0.3,0.25,69560,0.3,44800,760,191640
FINNIFTY02JAN2420100PE.NFO,02/01/2024,09:27:47,0.3,0.25,69560,0.3,45360,280,191640
FINNIFTY02JAN2420100PE.NFO,02/01/2024,09:27:57,0.3,0.25,69560,0.3,48160,80,191640
FINNIFTY02JAN2420100PE.NFO,02/01/2024,09:28:17,0.3,0.25,69440,0.3,47360,800,191640
FINNIFTY02JAN2420100PE.NFO,02/01/2024,09:28:28,0.3,0.25,69440,0.3,46280,1080,191640
FINNIFTY02JAN2420100PE.NFO,02/01/2024,09:28:41,0.25,0.25,69240,0.3,46280,200,191640
FINNIFTY02JAN2420100PE.NFO,02/01/2024,09:28:54,0.3,0.25,69240,0.3,45240,800,191640
FINNIFTY02JAN2420100PE.NFO,02/01/2024,09:29:05,0.3,0.25,69240,0.3,43560,1680,191640
FINNIFTY02JAN2420100PE.NFO,02/01/2024,09:29:16,0.3,0.25,69240,0.3,45360,0,191640
FINNIFTY02JAN2420100PE.NFO,02/01/2024,09:29:48,0.3,0.25,69240,0.3,45840,0,191640
FINNIFTY02JAN2420100PE.NFO,02/01/2024,09:29:58,0.3,0.25,69240,0.3,45640,440,191440
FINNIFTY02JAN2420100PE.NFO,02/01/2024,09:30:58,0.3,0.25,69240,0.3,44920,480,191440
FINNIFTY02JAN2420100PE.NFO,02/01/2024,09:31:20,0.3,0.25,69240,0.3,44640,280,191440
FINNIFTY02JAN2420100PE.NFO,02/01/2024,09:31:39,0.3,0.25,69240,0.3,44640,0,191440
FINNIFTY02JAN2420100PE.NFO,02/01/2024,09:31:49,0.3,0.25,69240,0.3,45360,0,191440
FINNIFTY02JAN2420100PE.NFO,02/01/2024,09:31:59,0.25,0.25,69040,0.3,45360,200,191440
FINNIFTY02JAN2420100PE.NFO,02/01/2024,09:32:08,0.3,0.25,69440,0.3,45360,400,191440
FINNIFTY02JAN2420100PE.NFO,02/01/2024,09:32:18,0.3,0.25,69440,0.3,45240,120,191440
FINNIFTY02JAN2420100PE.NFO,02/01/2024,09:32:28,0.3,0.25,69440,0.3,45240,0,191440
FINNIFTY02JAN2420100PE.NFO,02/01/2024,09:32:58,0.3,0.25,69440,0.3,45200,40,191640
FINNIFTY02JAN2420100PE.NFO,02/01/2024,09:33:07,0.3,0.25,69440,0.3,45200,0,191640
FINNIFTY02JAN2420100PE.NFO,02/01/2024,09:33:17,0.3,0.25,69400,0.3,45120,120,191640
FINNIFTY02JAN2420100PE.NFO,02/01/2024,09:33:27,0.3,0.25,69400,0.3,44960,160,191640
FINNIFTY02JAN2420100PE.NFO,02/01/2024,09:33:36,0.3,0.25,69400,0.3,44880,80,191640
FINNIFTY02JAN2420100PE.NFO,02/01/2024,09:33:46,0.3,0.25,69400,0.3,44800,80,191640
FINNIFTY02JAN2420100PE.NFO,02/01/2024,09:33:55,0.3,0.25,69400,0.3,44800,0,191640
FINNIFTY02JAN2420100PE.NFO,02/01/2024,09:34:05,0.3,0.25,69400,0.3,42800,80,191640
FINNIFTY02JAN2420100PE.NFO,02/01/2024,09:34:32,0.25,0.25,68880,0.3,46160,520,191640
FINNIFTY02JAN2420100PE.NFO,02/01/2024,09:34:41,0.25,0.25,68160,0.3,46160,720,191640
FINNIFTY02JAN2420100PE.NFO,02/01/2024,09:34:50,0.3,0.25,68040,0.3,46040,240,191640
FINNIFTY02JAN2420100PE.NFO,02/01/2024,09:34:59,0.25,0.25,67960,0.3,45960,160,191640
FINNIFTY02JAN2420100PE.NFO,02/01/2024,09:35:09,0.3,0.25,67880,0.3,45880,160,191640
FINNIFTY02JAN2420100PE.NFO,02/01/2024,09:35:18,0.25,0.25,67360,0.3,47320,520,191640
FINNIFTY02JAN2420100PE.NFO,02/01/2024,09:35:28,0.3,0.25,67360,0.3,47240,80,191640
FINNIFTY02JAN2420100PE.NFO,02/01/2024,09:35:46,0.3,0.25,67360,0.3,76960,280,192840
FINNIFTY02JAN2420100PE.NFO,02/01/2024,09:35:56,0.3,0.25,67360,0.3,76840,120,192840
FINNIFTY02JAN2420100PE.NFO,02/01/2024,09:36:05,0.3,0.25,67360,0.3,76640,200,192840
FINNIFTY02JAN2420100PE.NFO,02/01/2024,09:36:15,0.3,0.25,67360,0.3,77320,0,192840
FINNIFTY02JAN2420100PE.NFO,02/01/2024,09:36:24,0.3,0.25,67360,0.3,76920,400,192840
FINNIFTY02JAN2420100PE.NFO,02/01/2024,09:36:33,0.3,0.25,67360,0.3,76400,520,192840
FINNIFTY02JAN2420100PE.NFO,02/01/2024,09:36:51,0.3,0.25,67360,0.3,76320,80,192840
FINNIFTY02JAN2420100PE.NFO,02/01/2024,09:37:00,0.3,0.25,67360,0.3,76920,0,192840
FINNIFTY02JAN2420100PE.NFO,02/01/2024,09:38:02,0.25,0.25,66760,0.3,76320,600,192840
FINNIFTY02JAN2420100PE.NFO,02/01/2024,09:38:29,0.25,0.25,66520,0.3,76560,240,192840
FINNIFTY02JAN2420100PE.NFO,02/01/2024,09:38:38,0.25,0.25,66240,0.3,76320,280,194160
FINNIFTY02JAN2420100PE.NFO,02/01/2024,09:38:48,0.25,0.25,66080,0.3,76320,160,194160
FINNIFTY02JAN2420100PE.NFO,02/01/2024,09:38:57,0.25,0.25,52880,0.3,76560,240,194160
FINNIFTY02JAN2420100PE.NFO,02/01/2024,09:39:07,0.25,0.25,52440,0.3,76320,440,194160
FINNIFTY02JAN2420100PE.NFO,02/01/2024,09:39:16,0.25,0.25,53320,0.3,78000,80,194160
FINNIFTY02JAN2420100PE.NFO,02/01/2024,09:39:35,0.25,0.25,51640,0.3,77640,840,194160
FINNIFTY02JAN2420100PE.NFO,02/01/2024,09:39:44,0.25,0.25,52600,0.3,79080,0,194160
FINNIFTY02JAN2420100PE.NFO,02/01/2024,09:40:05,0.25,0.25,51440,0.3,79080,200,194160
FINNIFTY02JAN2420100PE.NFO,02/01/2024,09:40:16,0.25,0.25,51200,0.3,79080,240,194160
FINNIFTY02JAN2420100PE.NFO,02/01/2024,09:40:26,0.25,0.25,50680,0.3,79080,520,194160
FINNIFTY02JAN2420100PE.NFO,02/01/2024,09:40:36,0.25,0.25,50240,0.3,80520,440,194160
FINNIFTY02JAN2420100PE.NFO,02/01/2024,09:40:47,0.25,0.25,49920,0.3,80520,320,194160
FINNIFTY02JAN2420100PE.NFO,02/01/2024,09:40:57,0.3,0.25,49800,0.3,80480,1560,194160
FINNIFTY02JAN2420100PE.NFO,02/01/2024,09:41:08,0.25,0.25,48120,0.3,80480,240,194160
FINNIFTY02JAN2420100PE.NFO,02/01/2024,09:41:18,0.25,0.25,49560,0.3,81920,0,194160
FINNIFTY02JAN2420100PE.NFO,02/01/2024,09:41:37,0.25,0.25,47520,0.3,84800,2040,195720
FINNIFTY02JAN2420100PE.NFO,02/01/2024,09:41:47,0.25,0.25,46040,0.3,84800,40,195720
FINNIFTY02JAN2420100PE.NFO,02/01/2024,09:41:57,0.25,0.25,45960,0.3,84800,80,195720
FINNIFTY02JAN2420100PE.NFO,02/01/2024,09:42:06,0.25,0.25,45680,0.3,84800,280,195720
FINNIFTY02JAN2420100PE.NFO,02/01/2024,09:42:17,0.25,0.25,45640,0.3,84800,40,195720
FINNIFTY02JAN2420100PE.NFO,02/01/2024,09:42:26,0.25,0.25,45640,0.3,84080,0,195720
FINNIFTY02JAN2420100PE.NFO,02/01/2024,09:42:35,0.25,0.25,45080,0.3,85480,1560,195720
FINNIFTY02JAN2420100PE.NFO,02/01/2024,09:42:44,0.25,0.25,46520,0.3,86200,0,195720
FINNIFTY02JAN2420100PE.NFO,02/01/2024,09:43:14,0.25,0.25,42120,0.3,86200,1520,195720
FINNIFTY02JAN2420100PE.NFO,02/01/2024,09:43:24,0.25,0.25,41120,0.3,86200,1000,195720
FINNIFTY02JAN2420100PE.NFO,02/01/2024,09:43:34,0.25,0.25,40760,0.3,91960,3240,195720
FINNIFTY02JAN2420100PE.NFO,02/01/2024,09:43:44,0.25,0.25,40760,0.3,91960,0,195720
FINNIFTY02JAN2420100PE.NFO,02/01/2024,09:43:53,0.3,0.25,40320,0.3,90120,2280,195720
FINNIFTY02JAN2420100PE.NFO,02/01/2024,09:44:02,0.25,0.25,37120,0.3,90240,320,195720
FINNIFTY02JAN2420100PE.NFO,02/01/2024,09:44:12,0.25,0.25,38400,0.3,91680,640,195720
FINNIFTY02JAN2420100PE.NFO,02/01/2024,09:44:21,0.3,0.25,39360,0.3,91640,40,195720
FINNIFTY02JAN2420100PE.NFO,02/01/2024,09:44:39,0.25,0.25,36440,0.3,91640,40,203400
FINNIFTY02JAN2420100PE.NFO,02/01/2024,09:44:58,0.25,0.25,20240,0.3,91440,320,203400
FINNIFTY02JAN2420100PE.NFO,02/01/2024,09:45:07,0.25,0.25,18000,0.3,91440,320,203400
FINNIFTY02JAN2420100PE.NFO,02/01/2024,09:45:16,0.25,0.25,17920,0.3,91680,80,203400
FINNIFTY02JAN2420100PE.NFO,02/01/2024,09:45:26,0.25,0.25,9200,0.3,88560,5840,203400
FINNIFTY02JAN2420100PE.NFO,02/01/2024,09:45:35,0.25,0.2,108880,0.25,51000,10680,203400
FINNIFTY02JAN2420100PE.NFO,02/01/2024,09:45:45,0.25,0.2,110480,0.25,50920,80,203400
FINNIFTY02JAN2420100PE.NFO,02/01/2024,09:45:54,0.25,0.2,110480,0.25,50520,400,203400
FINNIFTY02JAN2420100PE.NFO,02/01/2024,09:46:04,0.25,0.2,111160,0.25,53680,440,203400
FINNIFTY02JAN2420100PE.NFO,02/01/2024,09:46:14,0.25,0.2,111880,0.25,56880,1120,203400
FINNIFTY02JAN2420100PE.NFO,02/01/2024,09:46:24,0.25,0.2,111880,0.25,57400,440,203400
FINNIFTY02JAN2420100PE.NFO,02/01/2024,09:46:34,0.25,0.2,111880,0.25,65240,320,203400
FINNIFTY02JAN2420100PE.NFO,02/01/2024,09:46:43,0.25,0.2,111880,0.25,65040,200,203400
FINNIFTY02JAN2420100PE.NFO,02/01/2024,09:46:52,0.25,0.2,111880,0.25,64880,160,203400
FINNIFTY02JAN2420100PE.NFO,02/01/2024,09:47:11,0.25,0.2,111720,0.25,65680,1360,203400
FINNIFTY02JAN2420100PE.NFO,02/01/2024,09:47:29,0.25,0.2,111880,0.25,65680,0,203400
FINNIFTY02JAN2420100PE.NFO,02/01/2024,09:47:47,0.2,0.2,111840,0.25,65680,40,205040
FINNIFTY02JAN2420100PE.NFO,02/01/2024,09:47:56,0.2,0.2,111560,0.25,65440,520,205040
FINNIFTY02JAN2420100PE.NFO,02/01/2024,09:48:06,0.2,0.2,111000,0.25,65440,560,205040
FINNIFTY02JAN2420100PE.NFO,02/01/2024,09:48:15,0.2,0.2,110800,0.25,66240,16040,205040
FINNIFTY02JAN2420100PE.NFO,02/01/2024,09:48:23,0.2,0.2,128800,0.25,66240,0,205040
FINNIFTY02JAN2420100PE.NFO,02/01/2024,09:48:42,0.2,0.2,128680,0.25,66240,120,205040
FINNIFTY02JAN2420100PE.NFO,02/01/2024,09:48:51,0.2,0.2,128640,0.25,67480,240,205040
FINNIFTY02JAN2420100PE.NFO,02/01/2024,09:49:00,0.25,0.2,128600,0.25,67280,240,205040
FINNIFTY02JAN2420100PE.NFO,02/01/2024,09:49:10,0.25,0.2,128600,0.25,65720,1800,205040
FINNIFTY02JAN2420100PE.NFO,02/01/2024,09:49:19,0.25,0.2,128600,0.25,65440,40,205040
FINNIFTY02JAN2420100PE.NFO,02/01/2024,09:49:28,0.2,0.2,128280,0.25,65440,320,205040
FINNIFTY02JAN2420100PE.NFO,02/01/2024,09:49:38,0.2,0.2,127920,0.25,67240,360,205040
FINNIFTY02JAN2420100PE.NFO,02/01/2024,09:49:47,0.2,0.2,127800,0.25,67240,120,205040
FINNIFTY02JAN2420100PE.NFO,02/01/2024,09:49:56,0.2,0.2,127640,0.25,67480,160,205040
FINNIFTY02JAN2420100PE.NFO,02/01/2024,09:50:05,0.2,0.2,127560,0.25,67160,400,205040
FINNIFTY02JAN2420100PE.NFO,02/01/2024,09:50:14,0.2,0.2,127360,0.25,54560,200,205040
FINNIFTY02JAN2420100PE.NFO,02/01/2024,09:50:31,0.2,0.2,127360,0.25,54560,0,205040
FINNIFTY02JAN2420100PE.NFO,02/01/2024,09:50:50,0.2,0.2,127760,0.25,54320,0,205040
FINNIFTY02JAN2420100PE.NFO,02/01/2024,09:50:58,0.25,0.2,127760,0.25,61280,240,201280
FINNIFTY02JAN2420100PE.NFO,02/01/2024,09:51:08,0.25,0.2,127760,0.25,61280,0,201280
FINNIFTY02JAN2420100PE.NFO,02/01/2024,09:51:28,0.25,0.2,127760,0.25,61240,40,201280
FINNIFTY02JAN2420100PE.NFO,02/01/2024,09:51:37,0.25,0.2,127760,0.25,61400,80,201280
FINNIFTY02JAN2420100PE.NFO,02/01/2024,09:51:47,0.25,0.2,127760,0.25,61360,40,201280
FINNIFTY02JAN2420100PE.NFO,02/01/2024,09:51:56,0.25,0.2,127760,0.25,61360,0,201280
FINNIFTY02JAN2420100PE.NFO,02/01/2024,09:52:14,0.25,0.2,127360,0.25,60720,400,201280
FINNIFTY02JAN2420100PE.NFO,02/01/2024,09:52:59,0.25,0.2,127360,0.25,60720,0,201280
FINNIFTY02JAN2420100PE.NFO,02/01/2024,09:53:08,0.25,0.2,127360,0.25,60680,40,201280
FINNIFTY02JAN2420100PE.NFO,02/01/2024,09:53:18,0.25,0.2,127360,0.25,60520,160,201280
FINNIFTY02JAN2420100PE.NFO,02/01/2024,09:53:27,0.25,0.2,127360,0.25,60200,320,201280
FINNIFTY02JAN2420100PE.NFO,02/01/2024,09:53:36,0.25,0.2,127360,0.25,52400,600,200640
FINNIFTY02JAN2420100PE.NFO,02/01/2024,09:53:46,0.25,0.2,127360,0.25,59400,200,200640
FINNIFTY02JAN2420100PE.NFO,02/01/2024,09:53:55,0.25,0.2,127360,0.25,59360,40,200640
FINNIFTY02JAN2420100PE.NFO,02/01/2024,09:54:04,0.25,0.2,127360,0.25,59360,0,200640
FINNIFTY02JAN2420100PE.NFO,02/01/2024,09:54:31,0.2,0.2,126840,0.25,59360,520,200640
FINNIFTY02JAN2420100PE.NFO,02/01/2024,09:54:40,0.2,0.2,126640,0.25,61160,200,200640
FINNIFTY02JAN2420100PE.NFO,02/01/2024,09:54:50,0.25,0.2,126480,0.25,61120,200,200640
FINNIFTY02JAN2420100PE.NFO,02/01/2024,09:55:01,0.2,0.2,126200,0.25,61120,280,200640
FINNIFTY02JAN2420100PE.NFO,02/01/2024,09:55:12,0.2,0.2,125360,0.25,61120,840,200640
FINNIFTY02JAN2420100PE.NFO,02/01/2024,09:55:22,0.2,0.2,124880,0.25,61080,520,200640
FINNIFTY02JAN2420100PE.NFO,02/01/2024,09:55:32,0.2,0.2,126480,0.25,68280,0,200640
FINNIFTY02JAN2420100PE.NFO,02/01/2024,09:55:42,0.25,0.2,126480,0.25,76680,600,200640
FINNIFTY02JAN2420100PE.NFO,02/01/2024,09:55:52,0.25,0.2,126480,0.25,67680,0,200640
FINNIFTY02JAN2420100PE.NFO,02/01/2024,09:56:04,0.25,0.2,126480,0.25,62240,40,200640
FINNIFTY02JAN2420100PE.NFO,02/01/2024,09:56:16,0.2,0.2,126400,0.25,50240,1800,200640
FINNIFTY02JAN2420100PE.NFO,02/01/2024,09:56:29,0.2,0.2,126040,0.25,50160,440,200640
FINNIFTY02JAN2420100PE.NFO,02/01/2024,09:56:41,0.25,0.2,125480,0.25,54880,640,200960
FINNIFTY02JAN2420100PE.NFO,02/01/2024,09:56:53,0.2,0.2,109200,0.25,42600,6160,200960
FINNIFTY02JAN2420100PE.NFO,02/01/2024,09:57:05,0.2,0.2,108040,0.25,49800,1160,200960
FINNIFTY02JAN2420100PE.NFO,02/01/2024,09:57:18,0.25,0.2,120600,0.25,56520,480,200960
FINNIFTY02JAN2420100PE.NFO,02/01/2024,09:57:31,0.25,0.2,120600,0.25,61600,320,200960
FINNIFTY02JAN2420100PE.NFO,02/01/2024,09:57:43,0.2,0.2,119640,0.25,61600,960,200960
FINNIFTY02JAN2420100PE.NFO,02/01/2024,09:57:54,0.2,0.2,118320,0.25,58320,1520,200960
FINNIFTY02JAN2420100PE.NFO,02/01/2024,09:58:05,0.25,0.2,118040,0.25,58280,320,200960
FINNIFTY02JAN2420100PE.NFO,02/01/2024,09:58:16,0.2,0.2,117400,0.25,60080,640,200960
FINNIFTY02JAN2420100PE.NFO,02/01/2024,09:58:28,0.25,0.2,116800,0.25,63080,960,200960
FINNIFTY02JAN2420100PE.NFO,02/01/2024,09:58:41,0.25,0.2,115080,0.25,60240,480,200960
FINNIFTY02JAN2420100PE.NFO,02/01/2024,09:58:51,0.25,0.2,107880,0.25,53000,40,200960
FINNIFTY02JAN2420100PE.NFO,02/01/2024,09:59:02,0.25,0.2,115400,0.25,59840,360,200960
FINNIFTY02JAN2420100PE.NFO,02/01/2024,09:59:13,0.25,0.2,102600,0.25,52600,120,200960
FINNIFTY02JAN2420100PE.NFO,02/01/2024,09:59:26,0.25,0.2,102600,0.25,56200,0,200960
FINNIFTY02JAN2420100PE.NFO,02/01/2024,09:59:37,0.25,0.2,115080,0.25,55760,440,201000
FINNIFTY02JAN2420100PE.NFO,02/01/2024,09:59:48,0.2,0.2,114840,0.25,59360,240,201000
FINNIFTY02JAN2420100PE.NFO,02/01/2024,09:59:59,0.25,0.2,114640,0.25,64440,520,201000
FINNIFTY02JAN2420100PE.NFO,02/01/2024,10:00:10,0.25,0.2,114480,0.25,66480,800,201000
FINNIFTY02JAN2420100PE.NFO,02/01/2024,10:00:22,0.25,0.2,114480,0.25,68480,360,201000
FINNIFTY02JAN2420100PE.NFO,02/01/2024,10:00:35,0.25,0.2,114480,0.25,68400,80,201000
FINNIFTY02JAN2420100PE.NFO,02/01/2024,10:00:58,0.25,0.2,114480,0.25,68720,0,201000
FINNIFTY02JAN2420100PE.NFO,02/01/2024,10:01:08,0.2,0.2,114240,0.25,68720,240,201000
FINNIFTY02JAN2420100PE.NFO,02/01/2024,10:01:19,0.2,0.2,113800,0.25,68960,440,201000
FINNIFTY02JAN2420100PE.NFO,02/01/2024,10:01:31,0.2,0.2,113640,0.25,67160,160,201000
FINNIFTY02JAN2420100PE.NFO,02/01/2024,10:01:41,0.25,0.2,113640,0.25,66120,800,201000
FINNIFTY02JAN2420100PE.NFO,02/01/2024,10:01:52,0.2,0.2,113360,0.25,64520,1880,201000
FINNIFTY02JAN2420100PE.NFO,02/01/2024,10:02:02,0.25,0.2,113040,0.25,59480,6400,201000
FINNIFTY02JAN2420100PE.NFO,02/01/2024,10:02:12,0.25,0.2,113000,0.25,59680,40,201000
FINNIFTY02JAN2420100PE.NFO,02/01/2024,10:02:33,0.25,0.2,113000,0.25,59360,80,201000
FINNIFTY02JAN2420100PE.NFO,02/01/2024,10:02:43,0.25,0.2,113000,0.25,60360,0,201000
FINNIFTY02JAN2420100PE.NFO,02/01/2024,10:03:03,0.25,0.2,113000,0.25,58560,1800,194240
FINNIFTY02JAN2420100PE.NFO,02/01/2024,10:03:14,0.2,0.2,112680,0.25,58800,320,194240
FINNIFTY02JAN2420100PE.NFO,02/01/2024,10:03:27,0.2,0.2,112200,0.25,56760,2280,194240
FINNIFTY02JAN2420100PE.NFO,02/01/2024,10:03:50,0.25,0.2,112200,0.25,49920,6840,194240
FINNIFTY02JAN2420100PE.NFO,02/01/2024,10:04:00,0.25,0.2,111840,0.25,49480,1080,194240
FINNIFTY02JAN2420100PE.NFO,02/01/2024,10:04:10,0.25,0.2,111600,0.25,51240,240,194240
FINNIFTY02JAN2420100PE.NFO,02/01/2024,10:04:21,0.2,0.2,109600,0.25,51240,2000,194240
FINNIFTY02JAN2420100PE.NFO,02/01/2024,10:04:31,0.2,0.2,108880,0.25,53320,1280,194240
FINNIFTY02JAN2420100PE.NFO,02/01/2024,10:04:41,0.25,0.2,108880,0.25,52240,1320,194240
FINNIFTY02JAN2420100PE.NFO,02/01/2024,10:04:52,0.2,0.2,108480,0.25,51120,1280,194240
FINNIFTY02JAN2420100PE.NFO,02/01/2024,10:05:02,0.25,0.2,106920,0.25,59560,2040,194240
FINNIFTY02JAN2420100PE.NFO,02/01/2024,10:05:13,0.25,0.2,106880,0.25,59160,160,194240
FINNIFTY02JAN2420100PE.NFO,02/01/2024,10:05:23,0.25,0.2,106480,0.25,51520,680,194240
FINNIFTY02JAN2420100PE.NFO,02/01/2024,10:05:33,0.25,0.2,106480,0.25,51400,360,194240
FINNIFTY02JAN2420100PE.NFO,02/01/2024,10:05:43,0.2,0.2,106080,0.25,52800,800,206200
FINNIFTY02JAN2420100PE.NFO,02/01/2024,10:05:53,0.25,0.2,123480,0.25,57240,840,206200
FINNIFTY02JAN2420100PE.NFO,02/01/2024,10:06:03,0.25,0.2,123520,0.25,56760,480,206200
FINNIFTY02JAN2420100PE.NFO,02/01/2024,10:06:13,0.25,0.2,123520,0.25,56400,360,206200
FINNIFTY02JAN2420100PE.NFO,02/01/2024,10:06:24,0.25,0.2,123480,0.25,55120,1040,206200
FINNIFTY02JAN2420100PE.NFO,02/01/2024,10:06:34,0.25,0.2,119920,0.25,57120,4480,206200
FINNIFTY02JAN2420100PE.NFO,02/01/2024,10:06:44,0.25,0.2,119880,0.25,54520,2600,206200
FINNIFTY02JAN2420100PE.NFO,02/01/2024,10:06:55,0.25,0.2,119880,0.25,54360,160,206200
FINNIFTY02JAN2420100PE.NFO,02/01/2024,10:07:05,0.25,0.2,119880,0.25,54160,200,206200
FINNIFTY02JAN2420100PE.NFO,02/01/2024,10:07:16,0.25,0.2,119920,0.25,44560,600,206200
FINNIFTY02JAN2420100PE.NFO,02/01/2024,10:07:26,0.25,0.2,119800,0.25,44120,560,206200
FINNIFTY02JAN2420100PE.NFO,02/01/2024,10:07:37,0.25,0.2,119400,0.25,43960,800,206200
FINNIFTY02JAN2420100PE.NFO,02/01/2024,10:07:48,0.2,0.2,118880,0.25,43360,880,206200
FINNIFTY02JAN2420100PE.NFO,02/01/2024,10:07:58,0.25,0.2,118800,0.25,40560,4280,206200
FINNIFTY02JAN2420100PE.NFO,02/01/2024,10:08:08,0.25,0.2,118800,0.25,40440,120,206200
FINNIFTY02JAN2420100PE.NFO,02/01/2024,10:08:18,0.25,0.2,118800,0.25,40360,80,206200
FINNIFTY02JAN2420100PE.NFO,02/01/2024,10:08:28,0.25,0.2,118800,0.25,40320,40,206200
FINNIFTY02JAN2420100PE.NFO,02/01/2024,10:08:38,0.25,0.2,118800,0.25,40200,120,206200
FINNIFTY02JAN2420100PE.NFO,02/01/2024,10:08:48,0.25,0.2,118640,0.25,39680,680,207680
FINNIFTY02JAN2420100PE.NFO,02/01/2024,10:08:58,0.25,0.2,118640,0.25,39560,360,207680
FINNIFTY02JAN2420100PE.NFO,02/01/2024,10:09:08,0.25,0.2,118640,0.25,38760,560,207680
FINNIFTY02JAN2420100PE.NFO,02/01/2024,10:09:18,0.2,0.2,116840,0.25,40000,2000,207680
FINNIFTY02JAN2420100PE.NFO,02/01/2024,10:09:57,0.25,0.2,116840,0.25,39840,160,207680
FINNIFTY02JAN2420100PE.NFO,02/01/2024,10:10:07,0.25,0.2,116840,0.25,39680,160,207680
FINNIFTY02JAN2420100PE.NFO,02/01/2024,10:10:17,0.25,0.2,116840,0.25,39440,240,207680
FINNIFTY02JAN2420100PE.NFO,02/01/2024,10:10:26,0.25,0.2,116840,0.25,31800,440,207680
FINNIFTY02JAN2420100PE.NFO,02/01/2024,10:10:36,0.25,0.2,116840,0.25,38800,200,207680
FINNIFTY02JAN2420100PE.NFO,02/01/2024,10:10:46,0.25,0.2,116840,0.25,38680,120,207680
FINNIFTY02JAN2420100PE.NFO,02/01/2024,10:10:56,0.25,0.2,118440,0.25,38520,160,207680
FINNIFTY02JAN2420100PE.NFO,02/01/2024,10:11:06,0.25,0.2,117640,0.25,38520,0,207680
FINNIFTY02JAN2420100PE.NFO,02/01/2024,10:11:16,0.25,0.2,116840,0.25,38520,0,207680
FINNIFTY02JAN2420100PE.NFO,02/01/2024,10:11:26,0.25,0.2,116840,0.25,38240,280,207680
FINNIFTY02JAN2420100PE.NFO,02/01/2024,10:11:36,0.25,0.2,116840,0.25,38040,200,207680
FINNIFTY02JAN2420100PE.NFO,02/01/2024,10:11:45,0.2,0.2,116520,0.25,38040,320,208200
FINNIFTY02JAN2420100PE.NFO,02/01/2024,10:12:22,0.25,0.2,116520,0.25,38000,40,208200
FINNIFTY02JAN2420100PE.NFO,02/01/2024,10:12:32,0.25,0.2,116520,0.25,37880,120,208200
FINNIFTY02JAN2420100PE.NFO,02/01/2024,10:12:43,0.25,0.2,116520,0.25,37560,320,208200
FINNIFTY02JAN2420100PE.NFO,02/01/2024,10:12:54,0.25,0.2,116520,0.25,37200,360,208200
FINNIFTY02JAN2420100PE.NFO,02/01/2024,10:13:04,0.25,0.2,116560,0.25,37160,40,208200
FINNIFTY02JAN2420100PE.NFO,02/01/2024,10:13:14,0.25,0.2,116520,0.25,38080,360,208200
FINNIFTY02JAN2420100PE.NFO,02/01/2024,10:13:24,0.25,0.2,116560,0.25,37760,320,208200
FINNIFTY02JAN2420100PE.NFO,02/01/2024,10:13:34,0.25,0.2,116520,0.25,37520,240,208200
FINNIFTY02JAN2420100PE.NFO,02/01/2024,10:13:44,0.25,0.2,116560,0.25,39720,0,208200
FINNIFTY02JAN2420100PE.NFO,02/01/2024,10:13:54,0.25,0.2,116520,0.25,39640,80,208200
FINNIFTY02JAN2420100PE.NFO,02/01/2024,10:14:04,0.2,0.2,116440,0.25,39680,80,208200
FINNIFTY02JAN2420100PE.NFO,02/01/2024,10:14:14,0.2,0.2,115720,0.25,42880,1000,208200
FINNIFTY02JAN2420100PE.NFO,02/01/2024,10:14:24,0.2,0.2,115080,0.25,42640,640,208200
FINNIFTY02JAN2420100PE.NFO,02/01/2024,10:14:34,0.2,0.2,114520,0.25,44040,560,208200
FINNIFTY02JAN2420100PE.NFO,02/01/2024,10:14:45,0.2,0.2,114520,0.25,43840,600,207920
FINNIFTY02JAN2420100PE.NFO,02/01/2024,10:14:54,0.2,0.2,114280,0.25,43840,240,207920
FINNIFTY02JAN2420100PE.NFO,02/01/2024,10:15:04,0.25,0.2,114280,0.25,43800,40,207920
FINNIFTY02JAN2420100PE.NFO,02/01/2024,10:15:14,0.25,0.2,114280,0.25,43800,0,207920
FINNIFTY02JAN2420100PE.NFO,02/01/2024,10:15:24,0.2,0.2,114080,0.25,43800,200,207920
FINNIFTY02JAN2420100PE.NFO,02/01/2024,10:15:34,0.2,0.2,114000,0.25,43800,80,207920
FINNIFTY02JAN2420100PE.NFO,02/01/2024,10:16:03,0.25,0.2,113600,0.25,43320,480,207920
FINNIFTY02JAN2420100PE.NFO,02/01/2024,10:16:13,0.25,0.2,113520,0.25,43040,360,207920
FINNIFTY02JAN2420100PE.NFO,02/01/2024,10:16:23,0.2,0.2,93600,0.25,44480,1920,207920
FINNIFTY02JAN2420100PE.NFO,02/01/2024,10:16:33,0.2,0.2,93600,0.25,44480,0,207920
FINNIFTY02JAN2420100PE.NFO,02/01/2024,10:16:43,0.2,0.2,93600,0.25,45200,0,207920
FINNIFTY02JAN2420100PE.NFO,02/01/2024,10:16:52,0.2,0.2,93400,0.25,46640,200,207920
FINNIFTY02JAN2420100PE.NFO,02/01/2024,10:17:02,0.2,0.2,93400,0.25,46640,0,207920
FINNIFTY02JAN2420100PE.NFO,02/01/2024,10:17:12,0.25,0.2,93400,0.25,37280,360,207920
FINNIFTY02JAN2420100PE.NFO,02/01/2024,10:17:22,0.25,0.2,93400,0.25,43560,920,207920
FINNIFTY02JAN2420100PE.NFO,02/01/2024,10:17:32,0.25,0.2,75760,0.25,43280,16120,207920
FINNIFTY02JAN2420100PE.NFO,02/01/2024,10:17:42,0.25,0.2,77560,0.25,50040,440,207920
FINNIFTY02JAN2420100PE.NFO,02/01/2024,10:17:51,0.2,0.2,75440,0.25,62640,320,208320
FINNIFTY02JAN2420100PE.NFO,02/01/2024,10:18:10,0.2,0.2,73680,0.25,64760,2000,208320
FINNIFTY02JAN2420100PE.NFO,02/01/2024,10:18:20,0.25,0.2,75480,0.25,69560,360,208320
FINNIFTY02JAN2420100PE.NFO,02/01/2024,10:18:30,0.25,0.2,71640,0.25,69240,2360,208320
FINNIFTY02JAN2420100PE.NFO,02/01/2024,10:18:39,0.25,0.2,73400,0.25,69000,240,208320
FINNIFTY02JAN2420100PE.NFO,02/01/2024,10:18:49,0.25,0.2,55440,0.25,68960,40,208320
FINNIFTY02JAN2420100PE.NFO,02/01/2024,10:18:58,0.25,0.2,53600,0.25,68920,40,208320
FINNIFTY02JAN2420100PE.NFO,02/01/2024,10:19:08,0.25,0.2,53600,0.25,69160,40,208320
FINNIFTY02JAN2420100PE.NFO,02/01/2024,10:19:17,0.25,0.2,53640,0.25,68760,120,208320
FINNIFTY02JAN2420100PE.NFO,02/01/2024,10:19:27,0.25,0.2,53600,0.25,68680,80,208320
FINNIFTY02JAN2420100PE.NFO,02/01/2024,10:19:36,0.25,0.2,55400,0.25,70440,40,208320
FINNIFTY02JAN2420100PE.NFO,02/01/2024,10:19:45,0.25,0.2,55400,0.25,70680,0,208320
FINNIFTY02JAN2420100PE.NFO,02/01/2024,10:19:55,0.25,0.2,53600,0.25,70360,80,208320
FINNIFTY02JAN2420100PE.NFO,02/01/2024,10:20:04,0.25,0.2,53560,0.25,70600,0,208320
FINNIFTY02JAN2420100PE.NFO,02/01/2024,10:20:14,0.25,0.2,53560,0.25,70320,40,208320
FINNIFTY02JAN2420100PE.NFO,02/01/2024,10:20:23,0.25,0.2,55360,0.25,70280,40,208320
FINNIFTY02JAN2420100PE.NFO,02/01/2024,10:20:33,0.25,0.2,55360,0.25,70240,40,208320
FINNIFTY02JAN2420100PE.NFO,02/01/2024,10:20:53,0.25,0.2,55360,0.25,70240,40,211840
FINNIFTY02JAN2420100PE.NFO,02/01/2024,10:21:02,0.25,0.2,55360,0.25,70200,0,211840
FINNIFTY02JAN2420100PE.NFO,02/01/2024,10:21:12,0.25,0.2,53560,0.25,70200,40,211840
FINNIFTY02JAN2420100PE.NFO,02/01/2024,10:21:22,0.25,0.2,55400,0.25,70400,40,211840
FINNIFTY02JAN2420100PE.NFO,02/01/2024,10:21:32,0.2,0.2,42760,0.25,68520,12440,211840
FINNIFTY02JAN2420100PE.NFO,02/01/2024,10:21:42,0.2,0.2,19440,0.25,68440,23440,211840
FINNIFTY02JAN2420100PE.NFO,02/01/2024,10:21:52,0.15,0.15,210600,0.2,21480,46120,211840
FINNIFTY02JAN2420100PE.NFO,02/01/2024,10:21:52,0.15,0.15,210600,0.2,21480,0,211840
FINNIFTY02JAN2420100PE.NFO,02/01/2024,10:22:01,0.15,0.15,194360,0.2,31240,17240,211840
FINNIFTY02JAN2420100PE.NFO,02/01/2024,10:22:11,0.2,0.15,223120,0.2,38400,40,211840
FINNIFTY02JAN2420100PE.NFO,02/01/2024,10:22:21,0.15,0.15,222160,0.2,38400,960,211840
FINNIFTY02JAN2420100PE.NFO,02/01/2024,10:22:31,0.15,0.15,223960,0.2,38400,0,211840
FINNIFTY02JAN2420100PE.NFO,02/01/2024,10:22:41,0.2,0.15,225760,0.2,45440,400,211840
FINNIFTY02JAN2420100PE.NFO,02/01/2024,10:22:51,0.2,0.15,225800,0.2,44360,1080,211840
FINNIFTY02JAN2420100PE.NFO,02/01/2024,10:23:01,0.2,0.15,225760,0.2,44280,80,211840
FINNIFTY02JAN2420100PE.NFO,02/01/2024,10:23:11,0.2,0.15,225760,0.2,56000,0,211840
FINNIFTY02JAN2420100PE.NFO,02/01/2024,10:23:21,0.2,0.15,225760,0.2,55960,40,211840
FINNIFTY02JAN2420100PE.NFO,02/01/2024,10:23:31,0.2,0.15,225360,0.2,59360,600,211840
FINNIFTY02JAN2420100PE.NFO,02/01/2024,10:23:41,0.2,0.15,225360,0.2,64640,120,211840
FINNIFTY02JAN2420100PE.NFO,02/01/2024,10:23:52,0.2,0.15,225360,0.2,62840,1800,186280
FINNIFTY02JAN2420100PE.NFO,02/01/2024,10:24:02,0.15,0.15,225280,0.2,61240,1680,186280
FINNIFTY02JAN2420100PE.NFO,02/01/2024,10:24:12,0.15,0.15,225200,0.2,61200,120,186280
FINNIFTY02JAN2420100PE.NFO,02/01/2024,10:24:22,0.2,0.15,225200,0.2,48560,40,186280
FINNIFTY02JAN2420100PE.NFO,02/01/2024,10:24:32,0.2,0.15,229520,0.2,55760,0,186280
FINNIFTY02JAN2420100PE.NFO,02/01/2024,10:24:42,0.2,0.15,241040,0.2,54320,1440,186280
FINNIFTY02JAN2420100PE.NFO,02/01/2024,10:24:52,0.2,0.15,245360,0.2,52520,1800,186280
FINNIFTY02JAN2420100PE.NFO,02/01/2024,10:25:15,0.2,0.15,245360,0.2,52520,0,186280
FINNIFTY02JAN2420100PE.NFO,02/01/2024,10:25:26,0.2,0.15,238160,0.2,52480,7240,186280
FINNIFTY02JAN2420100PE.NFO,02/01/2024,10:25:36,0.15,0.15,230960,0.2,52480,7200,186280
FINNIFTY02JAN2420100PE.NFO,02/01/2024,10:25:47,0.15,0.15,223760,0.2,55720,7560,186280
FINNIFTY02JAN2420100PE.NFO,02/01/2024,10:25:57,0.15,0.15,209360,0.2,64280,15080,186280
FINNIFTY02JAN2420100PE.NFO,02/01/2024,10:26:07,0.15,0.15,198560,0.2,63400,11440,186280
FINNIFTY02JAN2420100PE.NFO,02/01/2024,10:26:19,0.15,0.15,193160,0.2,63400,5400,186280
FINNIFTY02JAN2420100PE.NFO,02/01/2024,10:26:31,0.2,0.15,193160,0.2,75840,160,186280
FINNIFTY02JAN2420100PE.NFO,02/01/2024,10:26:42,0.2,0.15,198560,0.2,74320,1520,176920
FINNIFTY02JAN2420100PE.NFO,02/01/2024,10:26:54,0.2,0.15,211160,0.2,74080,240,176920
FINNIFTY02JAN2420100PE.NFO,02/01/2024,10:27:05,0.15,0.15,210600,0.2,70480,480,176920
FINNIFTY02JAN2420100PE.NFO,02/01/2024,10:27:16,0.15,0.15,209600,0.2,70400,1080,176920
FINNIFTY02JAN2420100PE.NFO,02/01/2024,10:27:37,0.2,0.15,209600,0.2,80520,1080,176920
FINNIFTY02JAN2420100PE.NFO,02/01/2024,10:28:08,0.2,0.15,209640,0.2,80120,400,176920
FINNIFTY02JAN2420100PE.NFO,02/01/2024,10:28:18,0.15,0.15,209480,0.2,80080,200,176920
FINNIFTY02JAN2420100PE.NFO,02/01/2024,10:28:29,0.15,0.15,209400,0.2,80080,120,176920
FINNIFTY02JAN2420100PE.NFO,02/01/2024,10:28:39,0.2,0.15,209160,0.2,79200,1120,176920
FINNIFTY02JAN2420100PE.NFO,02/01/2024,10:28:48,0.2,0.15,209160,0.2,79200,0,176920
FINNIFTY02JAN2420100PE.NFO,02/01/2024,10:28:58,0.2,0.15,209160,0.2,78800,400,176920
FINNIFTY02JAN2420100PE.NFO,02/01/2024,10:29:18,0.2,0.15,209160,0.2,78720,80,176920
FINNIFTY02JAN2420100PE.NFO,02/01/2024,10:29:28,0.2,0.15,209160,0.2,78440,280,176920
FINNIFTY02JAN2420100PE.NFO,02/01/2024,10:29:49,0.2,0.15,209160,0.2,78400,40,177000
FINNIFTY02JAN2420100PE.NFO,02/01/2024,10:30:11,0.2,0.15,208760,0.2,77720,1080,177000
FINNIFTY02JAN2420100PE.NFO,02/01/2024,10:30:22,0.2,0.15,208760,0.2,77640,320,177000
FINNIFTY02JAN2420100PE.NFO,02/01/2024,10:30:34,0.2,0.15,208760,0.2,77480,200,177000
FINNIFTY02JAN2420100PE.NFO,02/01/2024,10:30:44,0.2,0.15,208760,0.2,77440,40,177000
FINNIFTY02JAN2420100PE.NFO,02/01/2024,10:30:54,0.2,0.15,208760,0.2,77360,3680,177000
FINNIFTY02JAN2420100PE.NFO,02/01/2024,10:31:04,0.15,0.15,208720,0.2,77280,200,177000
FINNIFTY02JAN2420100PE.NFO,02/01/2024,10:31:14,0.15,0.15,208360,0.2,76960,400,177000
FINNIFTY02JAN2420100PE.NFO,02/01/2024,10:31:24,0.15,0.15,208040,0.2,77000,320,177000
FINNIFTY02JAN2420100PE.NFO,02/01/2024,10:31:33,0.15,0.15,207720,0.2,76960,360,177000
FINNIFTY02JAN2420100PE.NFO,02/01/2024,10:31:44,0.2,0.15,207360,0.2,77000,560,177000
FINNIFTY02JAN2420100PE.NFO,02/01/2024,10:31:55,0.15,0.15,206960,0.2,76320,840,177000
FINNIFTY02JAN2420100PE.NFO,02/01/2024,10:32:05,0.2,0.15,206880,0.2,75200,1440,177000
FINNIFTY02JAN2420100PE.NFO,02/01/2024,10:32:16,0.2,0.15,206840,0.2,75160,40,177000
FINNIFTY02JAN2420100PE.NFO,02/01/2024,10:32:36,0.2,0.15,206840,0.2,112080,40,177000
FINNIFTY02JAN2420100PE.NFO,02/01/2024,10:32:46,0.2,0.15,206840,0.2,110280,1800,176720
FINNIFTY02JAN2420100PE.NFO,02/01/2024,10:32:56,0.2,0.15,206840,0.2,110160,120,176720
FINNIFTY02JAN2420100PE.NFO,02/01/2024,10:34:04,0.2,0.15,206840,0.2,109640,520,176720
FINNIFTY02JAN2420100PE.NFO,02/01/2024,10:35:03,0.2,0.15,206840,0.2,109160,480,176720
FINNIFTY02JAN2420100PE.NFO,02/01/2024,10:35:13,0.15,0.15,206560,0.2,109160,280,176720
FINNIFTY02JAN2420100PE.NFO,02/01/2024,10:35:33,0.2,0.15,206120,0.2,108760,840,176720
FINNIFTY02JAN2420100PE.NFO,02/01/2024,10:36:03,0.2,0.15,206120,0.2,107320,1440,176480
FINNIFTY02JAN2420100PE.NFO,02/01/2024,10:36:13,0.2,0.15,206120,0.2,106000,1320,176480
FINNIFTY02JAN2420100PE.NFO,02/01/2024,10:36:25,0.2,0.15,206120,0.2,104680,1320,176480
FINNIFTY02JAN2420100PE.NFO,02/01/2024,10:36:38,0.15,0.15,205160,0.2,104240,1400,176480
FINNIFTY02JAN2420100PE.NFO,02/01/2024,10:36:50,0.2,0.15,203640,0.2,96680,1880,176480
FINNIFTY02JAN2420100PE.NFO,02/01/2024,10:37:01,0.15,0.15,203120,0.2,96720,520,176480
FINNIFTY02JAN2420100PE.NFO,02/01/2024,10:37:13,0.15,0.15,202840,0.2,96680,200,176480
FINNIFTY02JAN2420100PE.NFO,02/01/2024,10:37:25,0.15,0.15,202800,0.2,96680,80,176480
FINNIFTY02JAN2420100PE.NFO,02/01/2024,10:37:47,0.2,0.15,202800,0.2,94080,2600,176480
FINNIFTY02JAN2420100PE.NFO,02/01/2024,10:37:57,0.2,0.15,202800,0.2,94040,40,176480
FINNIFTY02JAN2420100PE.NFO,02/01/2024,10:38:07,0.2,0.15,202840,0.2,93920,120,176480
FINNIFTY02JAN2420100PE.NFO,02/01/2024,10:38:17,0.2,0.15,202840,0.2,93560,360,176480
FINNIFTY02JAN2420100PE.NFO,02/01/2024,10:38:27,0.2,0.15,202800,0.2,92960,880,176480
FINNIFTY02JAN2420100PE.NFO,02/01/2024,10:38:37,0.15,0.15,202560,0.2,29360,65640,176480
FINNIFTY02JAN2420100PE.NFO,02/01/2024,10:38:47,0.15,0.15,202280,0.2,28840,720,207840
FINNIFTY02JAN2420100PE.NFO,02/01/2024,10:38:58,0.2,0.15,173360,0.2,16040,9280,207840
FINNIFTY02JAN2420100PE.NFO,02/01/2024,10:39:10,0.15,0.15,298040,0.2,16040,360,207840
FINNIFTY02JAN2420100PE.NFO,02/01/2024,10:39:22,0.15,0.15,297240,0.2,16040,800,207840
FINNIFTY02JAN2420100PE.NFO,02/01/2024,10:39:33,0.15,0.15,296880,0.2,16040,360,207840
FINNIFTY02JAN2420100PE.NFO,02/01/2024,10:39:44,0.15,0.15,171480,0.2,16040,400,207840
FINNIFTY02JAN2420100PE.NFO,02/01/2024,10:39:55,0.15,0.15,171240,0.2,16000,240,207840
FINNIFTY02JAN2420100PE.NFO,02/01/2024,10:40:06,0.2,0.15,171240,0.2,25000,40,207840
FINNIFTY02JAN2420100PE.NFO,02/01/2024,10:40:17,0.2,0.15,171160,0.2,24800,240,207840
FINNIFTY02JAN2420100PE.NFO,02/01/2024,10:40:28,0.2,0.15,171160,0.2,24760,40,207840
FINNIFTY02JAN2420100PE.NFO,02/01/2024,10:40:38,0.2,0.15,171160,0.2,25120,0,207840
FINNIFTY02JAN2420100PE.NFO,02/01/2024,10:40:48,0.15,0.15,171120,0.2,25120,40,207840
FINNIFTY02JAN2420100PE.NFO,02/01/2024,10:40:59,0.15,0.15,299720,0.2,25120,0,207840
FINNIFTY02JAN2420100PE.NFO,02/01/2024,10:41:10,0.15,0.15,303320,0.2,25120,0,207840
FINNIFTY02JAN2420100PE.NFO,02/01/2024,10:41:21,0.15,0.15,303320,0.2,26920,0,207840
FINNIFTY02JAN2420100PE.NFO,02/01/2024,10:41:31,0.15,0.15,303320,0.2,37720,0,207840
FINNIFTY02JAN2420100PE.NFO,02/01/2024,10:41:41,0.15,0.15,303840,0.2,37720,280,207840
FINNIFTY02JAN2420100PE.NFO,02/01/2024,10:41:52,0.15,0.15,303560,0.2,37960,280,208320
FINNIFTY02JAN2420100PE.NFO,02/01/2024,10:42:03,0.2,0.15,178320,0.2,37680,320,208320
FINNIFTY02JAN2420100PE.NFO,02/01/2024,10:42:14,0.2,0.15,178080,0.2,37320,600,208320
FINNIFTY02JAN2420100PE.NFO,02/01/2024,10:42:24,0.2,0.15,178080,0.2,36960,360,208320
FINNIFTY02JAN2420100PE.NFO,02/01/2024,10:42:34,0.2,0.15,178000,0.2,31200,440,208320
FINNIFTY02JAN2420100PE.NFO,02/01/2024,10:42:45,0.15,0.15,177760,0.2,27240,600,208320
FINNIFTY02JAN2420100PE.NFO,02/01/2024,10:42:55,0.15,0.15,273520,0.2,21160,4520,208320
FINNIFTY02JAN2420100PE.NFO,02/01/2024,10:43:07,0.15,0.15,398040,0.2,21080,560,208320
FINNIFTY02JAN2420100PE.NFO,02/01/2024,10:43:17,0.15,0.15,366080,0.2,21080,560,208320
FINNIFTY02JAN2420100PE.NFO,02/01/2024,10:43:28,0.15,0.15,279120,0.2,21080,560,208320
FINNIFTY02JAN2420100PE.NFO,02/01/2024,10:43:39,0.15,0.15,271520,0.2,21080,400,208320
FINNIFTY02JAN2420100PE.NFO,02/01/2024,10:43:49,0.15,0.15,271000,0.2,31040,560,208320
FINNIFTY02JAN2420100PE.NFO,02/01/2024,10:43:59,0.15,0.15,270640,0.2,29160,2200,208320
FINNIFTY02JAN2420100PE.NFO,02/01/2024,10:44:09,0.15,0.15,270400,0.2,28880,760,208320
FINNIFTY02JAN2420100PE.NFO,02/01/2024,10:44:20,0.15,0.15,270200,0.2,28440,400,208320
FINNIFTY02JAN2420100PE.NFO,02/01/2024,10:44:30,0.15,0.15,269560,0.2,28000,1080,208320
FINNIFTY02JAN2420100PE.NFO,02/01/2024,10:44:40,0.15,0.15,369240,0.2,31520,640,205040
FINNIFTY02JAN2420100PE.NFO,02/01/2024,10:44:51,0.15,0.15,269400,0.2,31280,320,205040
FINNIFTY02JAN2420100PE.NFO,02/01/2024,10:45:01,0.2,0.15,269160,0.2,30960,560,205040
FINNIFTY02JAN2420100PE.NFO,02/01/2024,10:45:12,0.15,0.15,268840,0.2,30960,320,205040
FINNIFTY02JAN2420100PE.NFO,02/01/2024,10:45:22,0.15,0.15,268680,0.2,30960,160,205040
FINNIFTY02JAN2420100PE.NFO,02/01/2024,10:45:32,0.15,0.15,268520,0.2,30960,160,205040
FINNIFTY02JAN2420100PE.NFO,02/01/2024,10:45:42,0.15,0.15,268280,0.2,32760,240,205040
FINNIFTY02JAN2420100PE.NFO,02/01/2024,10:45:52,0.15,0.15,268200,0.2,32720,120,205040
FINNIFTY02JAN2420100PE.NFO,02/01/2024,10:46:02,0.15,0.15,268120,0.2,32760,80,205040
FINNIFTY02JAN2420100PE.NFO,02/01/2024,10:46:12,0.15,0.15,268000,0.2,34200,120,205040
FINNIFTY02JAN2420100PE.NFO,02/01/2024,10:46:22,0.15,0.15,267960,0.2,34200,40,205040
FINNIFTY02JAN2420100PE.NFO,02/01/2024,10:46:31,0.15,0.15,267920,0.2,34200,40,205040
FINNIFTY02JAN2420100PE.NFO,02/01/2024,10:46:41,0.15,0.15,255680,0.2,36040,12440,205040
FINNIFTY02JAN2420100PE.NFO,02/01/2024,10:46:51,0.2,0.15,251120,0.2,52960,5640,205040
FINNIFTY02JAN2420100PE.NFO,02/01/2024,10:47:02,0.15,0.15,255160,0.2,54520,3160,205040
FINNIFTY02JAN2420100PE.NFO,02/01/2024,10:47:12,0.15,0.15,262240,0.2,58120,120,205040
FINNIFTY02JAN2420100PE.NFO,02/01/2024,10:47:22,0.15,0.15,569080,0.2,57880,600,205040
FINNIFTY02JAN2420100PE.NFO,02/01/2024,10:47:32,0.2,0.15,572680,0.2,57600,280,205040
FINNIFTY02JAN2420100PE.NFO,02/01/2024,10:47:42,0.2,0.15,572680,0.2,57600,0,205040
FINNIFTY02JAN2420100PE.NFO,02/01/2024,10:48:13,0.2,0.15,822680,0.2,57600,0,205040
FINNIFTY02JAN2420100PE.NFO,02/01/2024,10:48:24,0.2,0.15,822680,0.2,57560,40,214440
FINNIFTY02JAN2420100PE.NFO,02/01/2024,10:48:34,0.2,0.15,822680,0.2,57520,40,214440
FINNIFTY02JAN2420100PE.NFO,02/01/2024,10:48:53,0.15,0.15,272440,0.2,57520,240,214440
FINNIFTY02JAN2420100PE.NFO,02/01/2024,10:49:13,0.15,0.15,272280,0.2,57560,360,214440
FINNIFTY02JAN2420100PE.NFO,02/01/2024,10:49:24,0.15,0.15,271960,0.2,62720,320,214440
FINNIFTY02JAN2420100PE.NFO,02/01/2024,10:49:35,0.15,0.15,271680,0.2,62720,280,214440
FINNIFTY02JAN2420100PE.NFO,02/01/2024,10:49:45,0.15,0.15,271520,0.2,62720,160,214440
FINNIFTY02JAN2420100PE.NFO,02/01/2024,10:49:55,0.15,0.15,271520,0.2,62680,0,214440
FINNIFTY02JAN2420100PE.NFO,02/01/2024,10:50:05,0.2,0.15,271560,0.2,62080,600,214440
FINNIFTY02JAN2420100PE.NFO,02/01/2024,10:50:16,0.2,0.15,271520,0.2,61880,200,214440
FINNIFTY02JAN2420100PE.NFO,02/01/2024,10:50:38,0.2,0.15,272000,0.2,61760,120,214440
FINNIFTY02JAN2420100PE.NFO,02/01/2024,10:50:48,0.2,0.15,272000,0.2,61800,0,214440
FINNIFTY02JAN2420100PE.NFO,02/01/2024,10:50:58,0.2,0.15,272000,0.2,61760,40,215320
FINNIFTY02JAN2420100PE.NFO,02/01/2024,10:51:17,0.15,0.15,271800,0.2,61760,200,215320
FINNIFTY02JAN2420100PE.NFO,02/01/2024,10:51:27,0.15,0.15,271560,0.2,61840,240,215320
FINNIFTY02JAN2420100PE.NFO,02/01/2024,10:51:37,0.15,0.15,271320,0.2,63640,240,215320
FINNIFTY02JAN2420100PE.NFO,02/01/2024,10:51:47,0.15,0.15,271120,0.2,63640,200,215320
FINNIFTY02JAN2420100PE.NFO,02/01/2024,10:51:57,0.15,0.15,270920,0.2,63640,200,215320
FINNIFTY02JAN2420100PE.NFO,02/01/2024,10:52:36,0.15,0.15,270120,0.2,63640,0,215320
FINNIFTY02JAN2420100PE.NFO,02/01/2024,10:53:34,0.15,0.15,270120,0.2,63720,0,215320
FINNIFTY02JAN2420100PE.NFO,02/01/2024,10:53:44,0.2,0.15,270120,0.2,64000,80,215320
FINNIFTY02JAN2420100PE.NFO,02/01/2024,10:53:53,0.2,0.15,270120,0.2,64400,1800,216400
FINNIFTY02JAN2420100PE.NFO,02/01/2024,10:54:03,0.2,0.15,270120,0.2,69800,0,216400
FINNIFTY02JAN2420100PE.NFO,02/01/2024,10:54:31,0.2,0.15,270120,0.2,68840,0,216400
FINNIFTY02JAN2420100PE.NFO,02/01/2024,10:54:40,0.2,0.15,270120,0.2,70440,200,216400
FINNIFTY02JAN2420100PE.NFO,02/01/2024,10:54:59,0.2,0.15,270120,0.2,70320,120,216400
FINNIFTY02JAN2420100PE.NFO,02/01/2024,10:55:36,0.2,0.15,270120,0.2,70080,240,216400
FINNIFTY02JAN2420100PE.NFO,02/01/2024,10:56:23,0.15,0.15,269760,0.2,70080,360,216400
FINNIFTY02JAN2420100PE.NFO,02/01/2024,10:56:33,0.2,0.15,269760,0.2,71680,200,216400
FINNIFTY02JAN2420100PE.NFO,02/01/2024,10:56:42,0.2,0.15,269760,0.2,107840,0,216400
FINNIFTY02JAN2420100PE.NFO,02/01/2024,10:56:52,0.15,0.15,269240,0.2,107680,680,218200
FINNIFTY02JAN2420100PE.NFO,02/01/2024,10:57:02,0.15,0.15,268760,0.2,107600,640,218200
FINNIFTY02JAN2420100PE.NFO,02/01/2024,10:57:12,0.15,0.15,268480,0.2,82160,280,218200
FINNIFTY02JAN2420100PE.NFO,02/01/2024,10:57:22,0.15,0.15,273840,0.2,82160,40,218200
FINNIFTY02JAN2420100PE.NFO,02/01/2024,10:57:32,0.2,0.15,273840,0.2,82040,120,218200
FINNIFTY02JAN2420100PE.NFO,02/01/2024,10:57:51,0.15,0.15,534680,0.2,81800,280,218200
FINNIFTY02JAN2420100PE.NFO,02/01/2024,10:58:01,0.2,0.15,534360,0.2,81360,760,218200
FINNIFTY02JAN2420100PE.NFO,02/01/2024,10:58:11,0.15,0.15,784040,0.2,83000,720,218200
FINNIFTY02JAN2420100PE.NFO,02/01/2024,10:58:20,0.15,0.15,783960,0.2,83000,80,218200
FINNIFTY02JAN2420100PE.NFO,02/01/2024,10:58:39,0.15,0.15,783880,0.2,82760,80,218200
FINNIFTY02JAN2420100PE.NFO,02/01/2024,10:58:48,0.15,0.15,783840,0.2,82760,40,218200
FINNIFTY02JAN2420100PE.NFO,02/01/2024,10:59:37,0.2,0.15,783840,0.2,82720,40,218200
FINNIFTY02JAN2420100PE.NFO,02/01/2024,11:00:36,0.2,0.15,533840,0.2,82960,0,218200
FINNIFTY02JAN2420100PE.NFO,02/01/2024,11:00:45,0.2,0.15,283840,0.2,82720,0,218200
FINNIFTY02JAN2420100PE.NFO,02/01/2024,11:02:02,0.15,0.15,283760,0.2,82720,120,218120
FINNIFTY02JAN2420100PE.NFO,02/01/2024,11:02:11,0.2,0.15,283680,0.2,82640,120,218120
FINNIFTY02JAN2420100PE.NFO,02/01/2024,11:02:58,0.2,0.15,278280,0.2,82640,0,218120
FINNIFTY02JAN2420100PE.NFO,02/01/2024,11:03:08,0.2,0.15,263880,0.2,82640,0,218120
FINNIFTY02JAN2420100PE.NFO,02/01/2024,11:03:17,0.2,0.15,249480,0.2,82640,0,218120
FINNIFTY02JAN2420100PE.NFO,02/01/2024,11:03:27,0.2,0.15,236880,0.2,82640,0,218120
FINNIFTY02JAN2420100PE.NFO,02/01/2024,11:03:36,0.2,0.15,229680,0.2,82640,0,218120
FINNIFTY02JAN2420100PE.NFO,02/01/2024,11:03:54,0.2,0.15,229680,0.2,82600,40,218120
FINNIFTY02JAN2420100PE.NFO,02/01/2024,11:04:50,0.2,0.15,229680,0.2,82560,40,218120
FINNIFTY02JAN2420100PE.NFO,02/01/2024,11:05:08,0.2,0.15,229680,0.2,82480,80,218120
FINNIFTY02JAN2420100PE.NFO,02/01/2024,11:06:23,0.2,0.15,229680,0.2,107880,0,218120
FINNIFTY02JAN2420100PE.NFO,02/01/2024,11:07:02,0.2,0.15,209520,0.2,107840,40,218040
FINNIFTY02JAN2420100PE.NFO,02/01/2024,11:07:39,0.2,0.15,209520,0.2,82440,0,218040
FINNIFTY02JAN2420100PE.NFO,02/01/2024,11:08:34,0.2,0.15,209520,0.2,107840,0,218040
FINNIFTY02JAN2420100PE.NFO,02/01/2024,11:08:44,0.15,0.15,209480,0.2,86240,40,218040
FINNIFTY02JAN2420100PE.NFO,02/01/2024,11:09:58,0.15,0.15,201080,0.2,93440,0,218040
FINNIFTY02JAN2420100PE.NFO,02/01/2024,11:10:26,0.15,0.15,197480,0.2,93440,0,218040
FINNIFTY02JAN2420100PE.NFO,02/01/2024,11:10:53,0.2,0.15,201080,0.2,83600,2640,218040
FINNIFTY02JAN2420100PE.NFO,02/01/2024,11:11:03,0.2,0.15,196920,0.2,83480,120,218040
FINNIFTY02JAN2420100PE.NFO,02/01/2024,11:11:12,0.2,0.15,194680,0.2,90680,0,218040
FINNIFTY02JAN2420100PE.NFO,02/01/2024,11:11:21,0.2,0.15,201880,0.2,90680,0,218040
FINNIFTY02JAN2420100PE.NFO,02/01/2024,11:12:07,0.2,0.15,194680,0.2,83040,440,215280
FINNIFTY02JAN2420100PE.NFO,02/01/2024,11:12:16,0.2,0.15,191080,0.2,82640,400,215280
FINNIFTY02JAN2420100PE.NFO,02/01/2024,11:12:25,0.2,0.15,201880,0.2,82880,0,215280
FINNIFTY02JAN2420100PE.NFO,02/01/2024,11:12:43,0.2,0.15,205480,0.2,89840,0,215280
FINNIFTY02JAN2420100PE.NFO,02/01/2024,11:12:52,0.2,0.15,205480,0.2,89600,240,215280
FINNIFTY02JAN2420100PE.NFO,02/01/2024,11:13:01,0.2,0.15,205480,0.2,89600,0,215280
FINNIFTY02JAN2420100PE.NFO,02/01/2024,11:13:11,0.2,0.15,205480,0.2,81360,1040,215280
FINNIFTY02JAN2420100PE.NFO,02/01/2024,11:13:20,0.2,0.15,205480,0.2,88040,520,215280
FINNIFTY02JAN2420100PE.NFO,02/01/2024,11:13:30,0.2,0.15,189720,0.2,80840,0,215280
FINNIFTY02JAN2420100PE.NFO,02/01/2024,11:13:41,0.2,0.15,194680,0.2,87880,160,215280
FINNIFTY02JAN2420100PE.NFO,02/01/2024,11:13:51,0.2,0.15,201880,0.2,87560,320,215280
FINNIFTY02JAN2420100PE.NFO,02/01/2024,11:14:00,0.2,0.15,205480,0.2,87400,160,215280
FINNIFTY02JAN2420100PE.NFO,02/01/2024,11:14:19,0.2,0.15,205520,0.2,87160,240,215280
FINNIFTY02JAN2420100PE.NFO,02/01/2024,11:14:29,0.2,0.15,205520,0.2,87040,120,215280
FINNIFTY02JAN2420100PE.NFO,02/01/2024,11:14:47,0.2,0.15,205520,0.2,86960,80,215280
FINNIFTY02JAN2420100PE.NFO,02/01/2024,11:15:07,0.2,0.15,458240,0.2,86960,0,215280
FINNIFTY02JAN2420100PE.NFO,02/01/2024,11:15:17,0.2,0.15,465400,0.2,85120,1840,211560
FINNIFTY02JAN2420100PE.NFO,02/01/2024,11:15:27,0.2,0.15,465520,0.2,84880,240,211560
FINNIFTY02JAN2420100PE.NFO,02/01/2024,11:15:37,0.15,0.15,465360,0.2,83800,1240,211560
FINNIFTY02JAN2420100PE.NFO,02/01/2024,11:15:48,0.2,0.15,215360,0.2,59360,22640,211560
FINNIFTY02JAN2420100PE.NFO,02/01/2024,11:15:58,0.25,0.2,89080,0.25,35400,52640,211560
FINNIFTY02JAN2420100PE.NFO,02/01/2024,11:16:08,0.25,0.2,117880,0.25,27800,160,211560
FINNIFTY02JAN2420100PE.NFO,02/01/2024,11:16:18,0.25,0.2,198880,0.25,26480,600,211560
FINNIFTY02JAN2420100PE.NFO,02/01/2024,11:16:27,0.25,0.2,220480,0.25,51280,28080,211560
FINNIFTY02JAN2420100PE.NFO,02/01/2024,11:16:37,0.25,0.2,245680,0.25,51040,240,211560
FINNIFTY02JAN2420100PE.NFO,02/01/2024,11:16:56,0.25,0.2,245680,0.25,51000,40,211560
FINNIFTY02JAN2420100PE.NFO,02/01/2024,11:17:15,0.25,0.2,245680,0.25,47800,3200,211560
FINNIFTY02JAN2420100PE.NFO,02/01/2024,11:17:24,0.25,0.2,245680,0.25,47840,0,211560
FINNIFTY02JAN2420100PE.NFO,02/01/2024,11:17:53,0.25,0.2,243880,0.25,53120,120,202840
FINNIFTY02JAN2420100PE.NFO,02/01/2024,11:18:11,0.25,0.2,243880,0.25,53040,80,202840
FINNIFTY02JAN2420100PE.NFO,02/01/2024,11:18:21,0.25,0.2,236680,0.25,54480,0,202840
FINNIFTY02JAN2420100PE.NFO,02/01/2024,11:18:30,0.25,0.2,225760,0.25,54240,0,202840
FINNIFTY02JAN2420100PE.NFO,02/01/2024,11:18:39,0.2,0.2,225560,0.25,54240,200,202840
FINNIFTY02JAN2420100PE.NFO,02/01/2024,11:18:49,0.2,0.2,225240,0.25,54240,320,202840
FINNIFTY02JAN2420100PE.NFO,02/01/2024,11:18:58,0.2,0.2,225240,0.25,54240,0,202840
FINNIFTY02JAN2420100PE.NFO,02/01/2024,11:19:07,0.2,0.2,225280,0.25,54240,0,202840
FINNIFTY02JAN2420100PE.NFO,02/01/2024,11:19:34,0.2,0.2,225240,0.25,54240,0,202840
FINNIFTY02JAN2420100PE.NFO,02/01/2024,11:19:52,0.2,0.2,223680,0.25,54240,2000,202840
FINNIFTY02JAN2420100PE.NFO,02/01/2024,11:20:01,0.2,0.2,225280,0.25,54240,0,202840
FINNIFTY02JAN2420100PE.NFO,02/01/2024,11:20:10,0.25,0.2,225280,0.25,56000,40,202840
FINNIFTY02JAN2420100PE.NFO,02/01/2024,11:20:37,0.25,0.2,225280,0.25,55960,40,202840
FINNIFTY02JAN2420100PE.NFO,02/01/2024,11:21:05,0.25,0.2,225320,0.25,55520,440,202320
FINNIFTY02JAN2420100PE.NFO,02/01/2024,11:21:15,0.25,0.2,225280,0.25,55480,40,202320
FINNIFTY02JAN2420100PE.NFO,02/01/2024,11:21:24,0.25,0.2,214480,0.25,55400,80,202320
FINNIFTY02JAN2420100PE.NFO,02/01/2024,11:21:34,0.25,0.2,174880,0.25,55400,0,202320
FINNIFTY02JAN2420100PE.NFO,02/01/2024,11:22:01,0.25,0.2,174920,0.25,55280,120,202320
FINNIFTY02JAN2420100PE.NFO,02/01/2024,11:22:11,0.25,0.2,174880,0.25,54600,680,202320
FINNIFTY02JAN2420100PE.NFO,02/01/2024,11:22:30,0.2,0.2,174160,0.25,54440,880,202320
FINNIFTY02JAN2420100PE.NFO,02/01/2024,11:22:40,0.2,0.2,173680,0.25,54440,480,202320
FINNIFTY02JAN2420100PE.NFO,02/01/2024,11:22:50,0.2,0.2,173360,0.25,56240,320,202320
FINNIFTY02JAN2420100PE.NFO,02/01/2024,11:22:59,0.2,0.2,173160,0.25,56240,200,202320
FINNIFTY02JAN2420100PE.NFO,02/01/2024,11:23:09,0.25,0.2,173160,0.25,56080,160,202320
FINNIFTY02JAN2420100PE.NFO,02/01/2024,11:23:27,0.25,0.2,173160,0.25,56080,0,202320
FINNIFTY02JAN2420100PE.NFO,02/01/2024,11:24:03,0.25,0.2,173200,0.25,55840,240,203840
FINNIFTY02JAN2420100PE.NFO,02/01/2024,11:24:13,0.25,0.2,172880,0.25,55760,360,203840
FINNIFTY02JAN2420100PE.NFO,02/01/2024,11:24:40,0.25,0.2,172880,0.25,55600,160,203840
FINNIFTY02JAN2420100PE.NFO,02/01/2024,11:24:58,0.2,0.2,172680,0.25,55600,200,203840
FINNIFTY02JAN2420100PE.NFO,02/01/2024,11:25:26,0.2,0.2,172480,0.25,55600,200,203840
FINNIFTY02JAN2420100PE.NFO,02/01/2024,11:26:13,0.2,0.2,171960,0.25,55560,560,203840
FINNIFTY02JAN2420100PE.NFO,02/01/2024,11:26:22,0.2,0.2,171720,0.25,55560,240,203840
FINNIFTY02JAN2420100PE.NFO,02/01/2024,11:26:31,0.2,0.2,160920,0.25,55560,0,203840
FINNIFTY02JAN2420100PE.NFO,02/01/2024,11:26:41,0.2,0.2,135720,0.25,55560,0,203840
FINNIFTY02JAN2420100PE.NFO,02/01/2024,11:27:08,0.2,0.2,135480,0.25,55560,240,205080
FINNIFTY02JAN2420100PE.NFO,02/01/2024,11:27:18,0.2,0.2,135480,0.25,55560,0,205080
FINNIFTY02JAN2420100PE.NFO,02/01/2024,11:27:36,0.2,0.2,135280,0.25,55560,200,205080
FINNIFTY02JAN2420100PE.NFO,02/01/2024,11:27:45,0.2,0.2,134960,0.25,55560,320,205080
FINNIFTY02JAN2420100PE.NFO,02/01/2024,11:27:55,0.2,0.2,97360,0.25,66360,25000,205080
FINNIFTY02JAN2420100PE.NFO,02/01/2024,11:28:04,0.2,0.2,82960,0.25,69960,0,205080
FINNIFTY02JAN2420100PE.NFO,02/01/2024,11:28:13,0.2,0.2,73920,0.25,69960,40,205080
FINNIFTY02JAN2420100PE.NFO,02/01/2024,11:28:22,0.2,0.2,73560,0.25,69960,360,205080
FINNIFTY02JAN2420100PE.NFO,02/01/2024,11:28:31,0.2,0.2,73400,0.25,69960,160,205080
FINNIFTY02JAN2420100PE.NFO,02/01/2024,11:28:40,0.2,0.2,73360,0.25,69960,40,205080
FINNIFTY02JAN2420100PE.NFO,02/01/2024,11:28:49,0.2,0.2,73320,0.25,70200,40,205080
FINNIFTY02JAN2420100PE.NFO,02/01/2024,11:29:07,0.2,0.2,73240,0.25,69960,80,205080
FINNIFTY02JAN2420100PE.NFO,02/01/2024,11:29:16,0.25,0.2,73240,0.25,69880,80,205080
FINNIFTY02JAN2420100PE.NFO,02/01/2024,11:29:53,0.25,0.2,73240,0.25,69880,0,205080
FINNIFTY02JAN2420100PE.NFO,02/01/2024,11:31:05,0.2,0.2,73160,0.25,69880,80,206040
FINNIFTY02JAN2420100PE.NFO,02/01/2024,11:31:59,0.2,0.2,72960,0.25,69880,200,206040
FINNIFTY02JAN2420100PE.NFO,02/01/2024,11:32:08,0.2,0.2,72680,0.25,69880,280,206040
FINNIFTY02JAN2420100PE.NFO,02/01/2024,11:32:18,0.25,0.2,72680,0.25,69800,80,206040
FINNIFTY02JAN2420100PE.NFO,02/01/2024,11:32:27,0.2,0.2,72440,0.25,69760,280,206040
FINNIFTY02JAN2420100PE.NFO,02/01/2024,11:32:36,0.2,0.2,72240,0.25,69760,200,206040
FINNIFTY02JAN2420100PE.NFO,02/01/2024,11:33:12,0.25,0.2,72240,0.25,69720,40,206680
FINNIFTY02JAN2420100PE.NFO,02/01/2024,11:33:20,0.25,0.2,72240,0.25,69840,120,206680
FINNIFTY02JAN2420100PE.NFO,02/01/2024,11:33:29,0.25,0.2,72240,0.25,69520,80,206680
FINNIFTY02JAN2420100PE.NFO,02/01/2024,11:33:38,0.2,0.2,70080,0.25,69400,520,206680
FINNIFTY02JAN2420100PE.NFO,02/01/2024,11:33:47,0.25,0.2,68480,0.25,69240,160,206680
FINNIFTY02JAN2420100PE.NFO,02/01/2024,11:33:56,0.25,0.2,68440,0.25,69120,120,206680
FINNIFTY02JAN2420100PE.NFO,02/01/2024,11:34:05,0.25,0.2,68440,0.25,69120,40,206680
FINNIFTY02JAN2420100PE.NFO,02/01/2024,11:34:14,0.2,0.2,68160,0.25,69120,280,206680
FINNIFTY02JAN2420100PE.NFO,02/01/2024,11:34:22,0.2,0.2,67800,0.25,69080,360,206680
FINNIFTY02JAN2420100PE.NFO,02/01/2024,11:34:32,0.2,0.2,67200,0.25,69080,600,206680
FINNIFTY02JAN2420100PE.NFO,02/01/2024,11:34:41,0.2,0.2,66800,0.25,81120,400,206680
FINNIFTY02JAN2420100PE.NFO,02/01/2024,11:34:51,0.2,0.2,66720,0.25,84640,120,206680
FINNIFTY02JAN2420100PE.NFO,02/01/2024,11:35:17,0.2,0.2,62920,0.25,82840,2000,206680
FINNIFTY02JAN2420100PE.NFO,02/01/2024,11:35:26,0.2,0.2,57320,0.25,82840,3800,206680
FINNIFTY02JAN2420100PE.NFO,02/01/2024,11:35:36,0.2,0.2,57320,0.25,84640,0,206680
FINNIFTY02JAN2420100PE.NFO,02/01/2024,11:35:45,0.25,0.2,57320,0.25,82840,1800,206680
FINNIFTY02JAN2420100PE.NFO,02/01/2024,11:35:53,0.25,0.2,57320,0.25,80400,2440,206680
FINNIFTY02JAN2420100PE.NFO,02/01/2024,11:36:02,0.25,0.2,57320,0.25,80360,40,204920
FINNIFTY02JAN2420100PE.NFO,02/01/2024,11:36:21,0.25,0.2,57080,0.25,80280,320,204920
FINNIFTY02JAN2420100PE.NFO,02/01/2024,11:36:30,0.2,0.2,56840,0.25,80280,240,204920
FINNIFTY02JAN2420100PE.NFO,02/01/2024,11:37:17,0.2,0.2,55840,0.25,80280,1000,204920
FINNIFTY02JAN2420100PE.NFO,02/01/2024,11:37:26,0.25,0.2,55840,0.25,80240,40,204920
FINNIFTY02JAN2420100PE.NFO,02/01/2024,11:37:55,0.2,0.2,55680,0.25,80240,160,204920
FINNIFTY02JAN2420100PE.NFO,02/01/2024,11:38:04,0.25,0.2,55080,0.25,81880,760,204920
FINNIFTY02JAN2420100PE.NFO,02/01/2024,11:38:14,0.25,0.2,54160,0.25,81800,1000,204920
FINNIFTY02JAN2420100PE.NFO,02/01/2024,11:38:24,0.2,0.2,51880,0.25,81760,520,204920
FINNIFTY02JAN2420100PE.NFO,02/01/2024,11:38:43,0.2,0.2,51880,0.25,83560,0,204920
FINNIFTY02JAN2420100PE.NFO,02/01/2024,11:38:52,0.25,0.2,51880,0.25,83480,80,207560
FINNIFTY02JAN2420100PE.NFO,02/01/2024,11:39:02,0.25,0.2,51920,0.25,81760,1720,207560
FINNIFTY02JAN2420100PE.NFO,02/01/2024,11:39:11,0.2,0.2,51000,0.25,81680,1200,207560
FINNIFTY02JAN2420100PE.NFO,02/01/2024,11:39:29,0.2,0.2,50120,0.25,81440,880,207560
FINNIFTY02JAN2420100PE.NFO,02/01/2024,11:39:39,0.2,0.2,50120,0.25,81440,0,207560
FINNIFTY02JAN2420100PE.NFO,02/01/2024,11:40:07,0.2,0.2,49920,0.25,81440,200,207560
FINNIFTY02JAN2420100PE.NFO,02/01/2024,11:40:16,0.2,0.2,49720,0.25,81440,200,207560
FINNIFTY02JAN2420100PE.NFO,02/01/2024,11:40:25,0.2,0.2,49720,0.25,85040,0,207560
FINNIFTY02JAN2420100PE.NFO,02/01/2024,11:41:00,0.2,0.2,49520,0.25,85040,200,207560
FINNIFTY02JAN2420100PE.NFO,02/01/2024,11:41:29,0.2,0.2,49520,0.25,85080,0,207560
FINNIFTY02JAN2420100PE.NFO,02/01/2024,11:41:39,0.2,0.2,48920,0.25,85080,600,207560
FINNIFTY02JAN2420100PE.NFO,02/01/2024,11:41:49,0.2,0.2,48480,0.25,85080,440,208960
FINNIFTY02JAN2420100PE.NFO,02/01/2024,11:41:59,0.25,0.2,48120,0.25,84880,640,208960
FINNIFTY02JAN2420100PE.NFO,02/01/2024,11:42:09,0.2,0.2,44200,0.25,84840,2120,208960
FINNIFTY02JAN2420100PE.NFO,02/01/2024,11:42:19,0.2,0.2,43280,0.25,84800,920,208960
FINNIFTY02JAN2420100PE.NFO,02/01/2024,11:42:28,0.25,0.2,43280,0.25,87440,960,208960
FINNIFTY02JAN2420100PE.NFO,02/01/2024,11:42:38,0.2,0.2,43240,0.25,86040,1440,208960
FINNIFTY02JAN2420100PE.NFO,02/01/2024,11:43:06,0.25,0.2,43240,0.25,85640,400,208960
FINNIFTY02JAN2420100PE.NFO,02/01/2024,11:43:24,0.25,0.2,43240,0.25,85640,0,208960
FINNIFTY02JAN2420100PE.NFO,02/01/2024,11:43:43,0.25,0.2,43240,0.25,84680,960,208960
FINNIFTY02JAN2420100PE.NFO,02/01/2024,11:43:53,0.25,0.2,43240,0.25,84000,680,208960
FINNIFTY02JAN2420100PE.NFO,02/01/2024,11:44:03,0.25,0.2,43240,0.25,82920,1320,208960
FINNIFTY02JAN2420100PE.NFO,02/01/2024,11:44:12,0.25,0.2,43280,0.25,82640,280,208960
FINNIFTY02JAN2420100PE.NFO,02/01/2024,11:44:21,0.25,0.2,43280,0.25,82280,360,208960
FINNIFTY02JAN2420100PE.NFO,02/01/2024,11:44:31,0.25,0.2,43280,0.25,81840,200,208960
FINNIFTY02JAN2420100PE.NFO,02/01/2024,11:44:40,0.25,0.2,43280,0.25,81800,280,208960
FINNIFTY02JAN2420100PE.NFO,02/01/2024,11:44:49,0.25,0.2,43240,0.25,81240,320,203080
FINNIFTY02JAN2420100PE.NFO,02/01/2024,11:44:58,0.25,0.2,43280,0.25,81240,240,203080
FINNIFTY02JAN2420100PE.NFO,02/01/2024,11:45:07,0.25,0.2,43280,0.25,80760,240,203080
FINNIFTY02JAN2420100PE.NFO,02/01/2024,11:45:16,0.25,0.2,43240,0.25,80600,160,203080
FINNIFTY02JAN2420100PE.NFO,02/01/2024,11:45:25,0.25,0.2,43240,0.25,80520,80,203080
FINNIFTY02JAN2420100PE.NFO,02/01/2024,11:45:45,0.2,0.2,39080,0.25,80600,2360,203080
FINNIFTY02JAN2420100PE.NFO,02/01/2024,11:45:54,0.2,0.2,36720,0.25,84200,2360,203080
FINNIFTY02JAN2420100PE.NFO,02/01/2024,11:46:03,0.2,0.2,33760,0.25,86000,1160,203080
FINNIFTY02JAN2420100PE.NFO,02/01/2024,11:46:13,0.25,0.2,32760,0.25,88000,1040,203080
FINNIFTY02JAN2420100PE.NFO,02/01/2024,11:46:22,0.2,0.2,32240,0.25,87760,520,203080
FINNIFTY02JAN2420100PE.NFO,02/01/2024,11:46:41,0.2,0.2,23400,0.25,87760,440,203080
FINNIFTY02JAN2420100PE.NFO,02/01/2024,11:46:50,0.2,0.2,23400,0.25,87760,0,203080
FINNIFTY02JAN2420100PE.NFO,02/01/2024,11:47:17,0.25,0.2,21600,0.25,89520,40,203080
FINNIFTY02JAN2420100PE.NFO,02/01/2024,11:47:42,0.25,0.2,22040,0.25,89520,0,203080
FINNIFTY02JAN2420100PE.NFO,02/01/2024,11:47:50,0.2,0.2,20040,0.25,91440,200,203080
FINNIFTY02JAN2420100PE.NFO,02/01/2024,11:47:59,0.2,0.2,19800,0.25,91480,240,211800
FINNIFTY02JAN2420100PE.NFO,02/01/2024,11:48:08,0.2,0.15,208640,0.2,90080,22800,211800
FINNIFTY02JAN2420100PE.NFO,02/01/2024,11:48:26,0.2,0.15,208640,0.2,93920,0,211800
FINNIFTY02JAN2420100PE.NFO,02/01/2024,11:48:34,0.2,0.15,208640,0.2,93600,80,211800
FINNIFTY02JAN2420100PE.NFO,02/01/2024,11:48:44,0.2,0.15,208640,0.2,93440,160,211800
FINNIFTY02JAN2420100PE.NFO,02/01/2024,11:50:29,0.2,0.15,208640,0.2,93440,0,211800
FINNIFTY02JAN2420100PE.NFO,02/01/2024,11:51:50,0.2,0.15,208640,0.2,93280,160,190160
FINNIFTY02JAN2420100PE.NFO,02/01/2024,11:54:32,0.2,0.15,208640,0.2,94720,0,190160
FINNIFTY02JAN2420100PE.NFO,02/01/2024,11:55:43,0.2,0.15,212240,0.2,92680,2040,190160
FINNIFTY02JAN2420100PE.NFO,02/01/2024,11:55:52,0.2,0.15,212240,0.2,91400,1520,190160
FINNIFTY02JAN2420100PE.NFO,02/01/2024,11:56:01,0.2,0.15,212240,0.2,88200,2960,190160
FINNIFTY02JAN2420100PE.NFO,02/01/2024,11:57:09,0.2,0.15,212240,0.2,88360,0,190160
FINNIFTY02JAN2420100PE.NFO,02/01/2024,11:57:18,0.2,0.15,212240,0.2,88280,0,190160
FINNIFTY02JAN2420100PE.NFO,02/01/2024,12:00:30,0.15,0.15,212120,0.2,88280,120,183640
FINNIFTY02JAN2420100PE.NFO,02/01/2024,12:00:48,0.2,0.15,212120,0.2,88280,80,183640
FINNIFTY02JAN2420100PE.NFO,02/01/2024,12:00:57,0.15,0.15,212040,0.2,88280,80,183640
FINNIFTY02JAN2420100PE.NFO,02/01/2024,12:01:06,0.2,0.15,212080,0.2,87960,320,183640
FINNIFTY02JAN2420100PE.NFO,02/01/2024,12:01:16,0.2,0.15,212040,0.2,87520,440,183640
FINNIFTY02JAN2420100PE.NFO,02/01/2024,12:01:24,0.2,0.15,212080,0.2,87200,320,183640
FINNIFTY02JAN2420100PE.NFO,02/01/2024,12:01:33,0.2,0.15,212040,0.2,87120,80,183640
FINNIFTY02JAN2420100PE.NFO,02/01/2024,12:01:42,0.2,0.15,212040,0.2,87080,40,183640
FINNIFTY02JAN2420100PE.NFO,02/01/2024,12:01:51,0.2,0.15,212440,0.2,87040,40,183640
FINNIFTY02JAN2420100PE.NFO,02/01/2024,12:02:00,0.2,0.15,212440,0.2,86920,120,183640
FINNIFTY02JAN2420100PE.NFO,02/01/2024,12:02:09,0.2,0.15,212440,0.2,86200,720,183640
FINNIFTY02JAN2420100PE.NFO,02/01/2024,12:02:18,0.2,0.15,212440,0.2,86000,200,183640
FINNIFTY02JAN2420100PE.NFO,02/01/2024,12:02:26,0.2,0.15,212440,0.2,85920,80,183640
FINNIFTY02JAN2420100PE.NFO,02/01/2024,12:02:53,0.2,0.15,212440,0.2,85880,40,183640
FINNIFTY02JAN2420100PE.NFO,02/01/2024,12:03:01,0.2,0.15,212440,0.2,85800,80,183640
FINNIFTY02JAN2420100PE.NFO,02/01/2024,12:03:10,0.2,0.15,212440,0.2,85680,120,183640
FINNIFTY02JAN2420100PE.NFO,02/01/2024,12:03:37,0.15,0.15,212320,0.2,85200,600,183640
FINNIFTY02JAN2420100PE.NFO,02/01/2024,12:03:55,0.15,0.15,212240,0.2,85200,80,183640
FINNIFTY02JAN2420100PE.NFO,02/01/2024,12:04:22,0.15,0.15,212240,0.2,85040,0,183640
FINNIFTY02JAN2420100PE.NFO,02/01/2024,12:04:31,0.15,0.15,212240,0.2,85200,0,183640
FINNIFTY02JAN2420100PE.NFO,02/01/2024,12:04:40,0.2,0.15,212240,0.2,85120,80,183640
FINNIFTY02JAN2420100PE.NFO,02/01/2024,12:04:49,0.2,0.15,212240,0.2,84920,200,183640
FINNIFTY02JAN2420100PE.NFO,02/01/2024,12:04:58,0.2,0.15,212200,0.2,84840,80,183640
FINNIFTY02JAN2420100PE.NFO,02/01/2024,12:05:07,0.2,0.15,212200,0.2,84720,120,183640
FINNIFTY02JAN2420100PE.NFO,02/01/2024,12:05:16,0.15,0.15,212120,0.2,84720,80,183640
FINNIFTY02JAN2420100PE.NFO,02/01/2024,12:05:25,0.2,0.15,212120,0.2,84560,160,183640
FINNIFTY02JAN2420100PE.NFO,02/01/2024,12:05:34,0.15,0.15,212040,0.2,84400,240,183640
FINNIFTY02JAN2420100PE.NFO,02/01/2024,12:05:43,0.2,0.15,212040,0.2,84240,160,183640
FINNIFTY02JAN2420100PE.NFO,02/01/2024,12:05:51,0.15,0.15,212000,0.2,84240,40,183640
FINNIFTY02JAN2420100PE.NFO,02/01/2024,12:06:00,0.15,0.15,211920,0.2,84080,240,183200
FINNIFTY02JAN2420100PE.NFO,02/01/2024,12:06:09,0.2,0.15,211920,0.2,77480,7280,183200
FINNIFTY02JAN2420100PE.NFO,02/01/2024,12:06:18,0.2,0.15,211920,0.2,73800,3680,183200
FINNIFTY02JAN2420100PE.NFO,02/01/2024,12:06:27,0.2,0.15,211920,0.2,73720,80,183200
FINNIFTY02JAN2420100PE.NFO,02/01/2024,12:06:44,0.2,0.15,210120,0.2,73720,0,183200
FINNIFTY02JAN2420100PE.NFO,02/01/2024,12:06:52,0.2,0.15,204720,0.2,73720,0,183200
FINNIFTY02JAN2420100PE.NFO,02/01/2024,12:09:19,0.2,0.15,204720,0.2,73400,320,183160
FINNIFTY02JAN2420100PE.NFO,02/01/2024,12:09:27,0.15,0.15,204560,0.2,73400,160,183160
FINNIFTY02JAN2420100PE.NFO,02/01/2024,12:10:02,0.2,0.15,204560,0.2,73280,160,183160
FINNIFTY02JAN2420100PE.NFO,02/01/2024,12:10:11,0.15,0.15,204280,0.2,73360,480,183160
FINNIFTY02JAN2420100PE.NFO,02/01/2024,12:10:20,0.15,0.15,196760,0.2,73280,360,183160
FINNIFTY02JAN2420100PE.NFO,02/01/2024,12:10:30,0.15,0.15,196560,0.2,73320,200,183160
FINNIFTY02JAN2420100PE.NFO,02/01/2024,12:10:39,0.15,0.15,196440,0.2,73280,120,183160
FINNIFTY02JAN2420100PE.NFO,02/01/2024,12:10:47,0.15,0.15,196360,0.2,73320,80,183160
FINNIFTY02JAN2420100PE.NFO,02/01/2024,12:10:57,0.15,0.15,196280,0.2,73280,80,183160
FINNIFTY02JAN2420100PE.NFO,02/01/2024,12:11:06,0.15,0.15,196160,0.2,75080,120,183160
FINNIFTY02JAN2420100PE.NFO,02/01/2024,12:11:15,0.15,0.15,196080,0.2,74880,80,183160
FINNIFTY02JAN2420100PE.NFO,02/01/2024,12:11:24,0.15,0.15,195880,0.2,75080,200,183160
FINNIFTY02JAN2420100PE.NFO,02/01/2024,12:11:33,0.15,0.15,195720,0.2,75080,160,183160
FINNIFTY02JAN2420100PE.NFO,02/01/2024,12:11:43,0.15,0.15,195640,0.2,75080,80,183160
FINNIFTY02JAN2420100PE.NFO,02/01/2024,12:11:52,0.15,0.15,195560,0.2,75080,80,183160
FINNIFTY02JAN2420100PE.NFO,02/01/2024,12:12:00,0.2,0.15,195480,0.2,72680,2480,182840
FINNIFTY02JAN2420100PE.NFO,02/01/2024,12:12:09,0.15,0.15,195400,0.2,69080,3680,182840
FINNIFTY02JAN2420100PE.NFO,02/01/2024,12:12:18,0.15,0.15,195360,0.2,69080,40,182840
FINNIFTY02JAN2420100PE.NFO,02/01/2024,12:12:27,0.15,0.15,195280,0.2,68840,80,182840
FINNIFTY02JAN2420100PE.NFO,02/01/2024,12:13:19,0.2,0.15,195280,0.2,68680,160,182840
FINNIFTY02JAN2420100PE.NFO,02/01/2024,12:13:28,0.2,0.15,195280,0.2,68600,80,182840
FINNIFTY02JAN2420100PE.NFO,02/01/2024,12:14:02,0.2,0.15,195280,0.2,68520,80,182840
FINNIFTY02JAN2420100PE.NFO,02/01/2024,12:14:11,0.2,0.15,195120,0.2,68280,400,182840
FINNIFTY02JAN2420100PE.NFO,02/01/2024,12:14:19,0.2,0.15,195120,0.2,68000,280,182840
FINNIFTY02JAN2420100PE.NFO,02/01/2024,12:14:28,0.2,0.15,195160,0.2,67880,120,182840
FINNIFTY02JAN2420100PE.NFO,02/01/2024,12:14:36,0.2,0.15,195120,0.2,67960,160,182840
FINNIFTY02JAN2420100PE.NFO,02/01/2024,12:14:45,0.2,0.15,195120,0.2,67800,160,182840
FINNIFTY02JAN2420100PE.NFO,02/01/2024,12:14:54,0.2,0.15,195160,0.2,67440,120,182840
FINNIFTY02JAN2420100PE.NFO,02/01/2024,12:15:03,0.2,0.15,195160,0.2,67120,320,176840
FINNIFTY02JAN2420100PE.NFO,02/01/2024,12:15:12,0.2,0.15,195120,0.2,66720,400,176840
FINNIFTY02JAN2420100PE.NFO,02/01/2024,12:15:20,0.2,0.15,195120,0.2,66520,200,176840
FINNIFTY02JAN2420100PE.NFO,02/01/2024,12:15:29,0.2,0.15,195120,0.2,66280,240,176840
FINNIFTY02JAN2420100PE.NFO,02/01/2024,12:15:39,0.2,0.15,195120,0.2,66040,240,176840
FINNIFTY02JAN2420100PE.NFO,02/01/2024,12:15:49,0.2,0.15,195160,0.2,66480,120,176840
FINNIFTY02JAN2420100PE.NFO,02/01/2024,12:15:59,0.2,0.15,195160,0.2,66240,240,176840
FINNIFTY02JAN2420100PE.NFO,02/01/2024,12:16:08,0.2,0.15,195120,0.2,66200,280,176840
FINNIFTY02JAN2420100PE.NFO,02/01/2024,12:16:19,0.2,0.15,195160,0.2,65840,360,176840
FINNIFTY02JAN2420100PE.NFO,02/01/2024,12:16:29,0.2,0.15,195160,0.2,65520,320,176840
FINNIFTY02JAN2420100PE.NFO,02/01/2024,12:16:40,0.2,0.15,195120,0.2,65320,200,176840
FINNIFTY02JAN2420100PE.NFO,02/01/2024,12:16:50,0.2,0.15,195120,0.2,64960,120,176840
FINNIFTY02JAN2420100PE.NFO,02/01/2024,12:16:59,0.2,0.15,195120,0.2,65120,80,176840
FINNIFTY02JAN2420100PE.NFO,02/01/2024,12:17:10,0.15,0.15,194840,0.2,62440,2600,176840
FINNIFTY02JAN2420100PE.NFO,02/01/2024,12:17:22,0.2,0.15,194480,0.2,59480,3600,176840
FINNIFTY02JAN2420100PE.NFO,02/01/2024,12:17:32,0.2,0.15,194120,0.2,58760,840,176840
FINNIFTY02JAN2420100PE.NFO,02/01/2024,12:17:41,0.15,0.15,193800,0.2,58280,1040,176840
FINNIFTY02JAN2420100PE.NFO,02/01/2024,12:17:51,0.15,0.15,193480,0.2,58800,840,176840
FINNIFTY02JAN2420100PE.NFO,02/01/2024,12:18:00,0.2,0.15,193280,0.2,58440,2320,173680
FINNIFTY02JAN2420100PE.NFO,02/01/2024,12:18:09,0.2,0.15,193160,0.2,57960,600,173680
FINNIFTY02JAN2420100PE.NFO,02/01/2024,12:18:19,0.2,0.15,193160,0.2,58000,240,173680
FINNIFTY02JAN2420100PE.NFO,02/01/2024,12:18:28,0.2,0.15,193120,0.2,57120,640,173680
FINNIFTY02JAN2420100PE.NFO,02/01/2024,12:18:37,0.2,0.15,193080,0.2,56720,720,173680
FINNIFTY02JAN2420100PE.NFO,02/01/2024,12:18:47,0.2,0.15,193040,0.2,56440,280,173680
FINNIFTY02JAN2420100PE.NFO,02/01/2024,12:19:06,0.2,0.15,193040,0.2,56440,0,173680
FINNIFTY02JAN2420100PE.NFO,02/01/2024,12:20:15,0.2,0.15,193040,0.2,57040,0,173680
FINNIFTY02JAN2420100PE.NFO,02/01/2024,12:20:52,0.15,0.15,192760,0.2,56600,720,173680
FINNIFTY02JAN2420100PE.NFO,02/01/2024,12:21:02,0.15,0.15,192000,0.2,56600,240,176480
FINNIFTY02JAN2420100PE.NFO,02/01/2024,12:21:11,0.15,0.15,191840,0.2,56160,600,176480
FINNIFTY02JAN2420100PE.NFO,02/01/2024,12:21:21,0.15,0.15,191480,0.2,56880,600,176480
FINNIFTY02JAN2420100PE.NFO,02/01/2024,12:21:31,0.15,0.15,191160,0.2,56880,320,176480
FINNIFTY02JAN2420100PE.NFO,02/01/2024,12:21:40,0.15,0.15,190960,0.2,56880,200,176480
FINNIFTY02JAN2420100PE.NFO,02/01/2024,12:22:10,0.15,0.15,190880,0.2,56880,80,176480
FINNIFTY02JAN2420100PE.NFO,02/01/2024,12:22:19,0.15,0.15,190440,0.2,58440,680,176480
FINNIFTY02JAN2420100PE.NFO,02/01/2024,12:23:12,0.15,0.15,190440,0.2,58440,0,176480
FINNIFTY02JAN2420100PE.NFO,02/01/2024,12:25:11,0.2,0.15,190440,0.2,58360,80,176480
FINNIFTY02JAN2420100PE.NFO,02/01/2024,12:26:04,0.2,0.15,190440,0.2,58160,200,176480
FINNIFTY02JAN2420100PE.NFO,02/01/2024,12:26:31,0.2,0.15,190440,0.2,58160,0,176480
FINNIFTY02JAN2420100PE.NFO,02/01/2024,12:26:48,0.2,0.15,176040,0.2,58400,0,176480
FINNIFTY02JAN2420100PE.NFO,02/01/2024,12:26:57,0.2,0.15,167040,0.2,58160,0,176480
FINNIFTY02JAN2420100PE.NFO,02/01/2024,12:27:15,0.2,0.15,167080,0.2,58120,40,176480
FINNIFTY02JAN2420100PE.NFO,02/01/2024,12:27:24,0.2,0.15,167040,0.2,57960,160,176480
FINNIFTY02JAN2420100PE.NFO,02/01/2024,12:27:32,0.2,0.15,167040,0.2,57880,80,176480
FINNIFTY02JAN2420100PE.NFO,02/01/2024,12:27:41,0.2,0.15,167040,0.2,57840,40,176480
FINNIFTY02JAN2420100PE.NFO,02/01/2024,12:27:50,0.2,0.15,166800,0.2,57760,360,176480
FINNIFTY02JAN2420100PE.NFO,02/01/2024,12:27:59,0.2,0.15,166800,0.2,57640,120,176480
FINNIFTY02JAN2420100PE.NFO,02/01/2024,12:28:08,0.15,0.15,166760,0.2,57600,80,176480
FINNIFTY02JAN2420100PE.NFO,02/01/2024,12:28:17,0.15,0.15,166560,0.2,57640,200,176480
FINNIFTY02JAN2420100PE.NFO,02/01/2024,12:28:26,0.15,0.15,166320,0.2,57600,240,176480
FINNIFTY02JAN2420100PE.NFO,02/01/2024,12:28:35,0.15,0.15,166280,0.2,57600,80,176480
FINNIFTY02JAN2420100PE.NFO,02/01/2024,12:28:44,0.15,0.15,166240,0.2,57600,40,176480
FINNIFTY02JAN2420100PE.NFO,02/01/2024,12:28:53,0.15,0.15,166200,0.2,57600,40,176480
FINNIFTY02JAN2420100PE.NFO,02/01/2024,12:30:03,0.15,0.15,166040,0.2,57640,160,177120
FINNIFTY02JAN2420100PE.NFO,02/01/2024,12:30:13,0.15,0.15,166000,0.2,57600,40,177120
FINNIFTY02JAN2420100PE.NFO,02/01/2024,12:30:31,0.15,0.15,166880,0.2,57600,0,177120
FINNIFTY02JAN2420100PE.NFO,02/01/2024,12:30:57,0.2,0.15,166880,0.2,56880,720,177120
FINNIFTY02JAN2420100PE.NFO,02/01/2024,12:31:24,0.2,0.15,166880,0.2,56720,160,177120
FINNIFTY02JAN2420100PE.NFO,02/01/2024,12:31:33,0.2,0.15,166920,0.2,56680,40,177120
FINNIFTY02JAN2420100PE.NFO,02/01/2024,12:31:42,0.2,0.15,166040,0.2,55520,1160,177120
FINNIFTY02JAN2420100PE.NFO,02/01/2024,12:31:51,0.2,0.15,166000,0.2,55440,80,177120
FINNIFTY02JAN2420100PE.NFO,02/01/2024,12:32:17,0.2,0.15,166040,0.2,55440,0,177120
FINNIFTY02JAN2420100PE.NFO,02/01/2024,12:32:25,0.2,0.15,166120,0.2,55440,0,177120
FINNIFTY02JAN2420100PE.NFO,02/01/2024,12:33:14,0.15,0.15,166040,0.2,55440,80,178560
FINNIFTY02JAN2420100PE.NFO,02/01/2024,12:33:23,0.15,0.15,166000,0.2,55480,40,178560
FINNIFTY02JAN2420100PE.NFO,02/01/2024,12:33:31,0.2,0.15,165880,0.2,55040,560,178560
FINNIFTY02JAN2420100PE.NFO,02/01/2024,12:33:40,0.2,0.15,165760,0.2,54560,560,178560
FINNIFTY02JAN2420100PE.NFO,02/01/2024,12:33:48,0.2,0.15,165760,0.2,54680,880,178560
FINNIFTY02JAN2420100PE.NFO,02/01/2024,12:34:14,0.2,0.15,165760,0.2,54600,80,178560
FINNIFTY02JAN2420100PE.NFO,02/01/2024,12:34:23,0.2,0.15,165760,0.2,54560,40,178560
FINNIFTY02JAN2420100PE.NFO,02/01/2024,12:34:40,0.2,0.15,165760,0.2,54520,40,178560
FINNIFTY02JAN2420100PE.NFO,02/01/2024,12:34:49,0.2,0.15,165760,0.2,54440,80,178560
FINNIFTY02JAN2420100PE.NFO,02/01/2024,12:35:08,0.15,0.15,165520,0.2,54480,240,178560
FINNIFTY02JAN2420100PE.NFO,02/01/2024,12:35:18,0.15,0.15,165440,0.2,54440,80,178560
FINNIFTY02JAN2420100PE.NFO,02/01/2024,12:35:28,0.15,0.15,165440,0.2,55240,0,178560
FINNIFTY02JAN2420100PE.NFO,02/01/2024,12:35:47,0.2,0.15,165440,0.2,55240,240,178560
FINNIFTY02JAN2420100PE.NFO,02/01/2024,12:36:44,0.2,0.15,69440,0.2,55240,0,178560
FINNIFTY02JAN2420100PE.NFO,02/01/2024,12:38:02,0.2,0.15,69440,0.2,54800,200,180600
FINNIFTY02JAN2420100PE.NFO,02/01/2024,12:38:11,0.2,0.15,69440,0.2,54600,200,180600
FINNIFTY02JAN2420100PE.NFO,02/01/2024,12:39:14,0.2,0.15,69480,0.2,54600,0,180600
FINNIFTY02JAN2420100PE.NFO,02/01/2024,12:39:23,0.2,0.15,69440,0.2,54480,120,180600
FINNIFTY02JAN2420100PE.NFO,02/01/2024,12:39:31,0.2,0.15,69440,0.2,54440,40,180600
FINNIFTY02JAN2420100PE.NFO,02/01/2024,12:39:40,0.2,0.15,69440,0.2,54360,80,180600
FINNIFTY02JAN2420100PE.NFO,02/01/2024,12:39:48,0.2,0.15,69440,0.2,54560,40,180600
FINNIFTY02JAN2420100PE.NFO,02/01/2024,12:39:56,0.2,0.15,69440,0.2,54280,40,180600
FINNIFTY02JAN2420100PE.NFO,02/01/2024,12:40:04,0.2,0.15,69440,0.2,54280,40,180600
FINNIFTY02JAN2420100PE.NFO,02/01/2024,12:40:13,0.15,0.15,69320,0.2,54240,120,180600
FINNIFTY02JAN2420100PE.NFO,02/01/2024,12:40:22,0.15,0.15,69160,0.2,54520,160,180600
FINNIFTY02JAN2420100PE.NFO,02/01/2024,12:40:32,0.15,0.15,69080,0.2,47320,80,180600
FINNIFTY02JAN2420100PE.NFO,02/01/2024,12:40:40,0.2,0.15,69080,0.2,47280,40,180600
FINNIFTY02JAN2420100PE.NFO,02/01/2024,12:40:49,0.2,0.15,69080,0.2,47280,0,180600
FINNIFTY02JAN2420100PE.NFO,02/01/2024,12:41:41,0.2,0.15,69080,0.2,47240,40,180600
FINNIFTY02JAN2420100PE.NFO,02/01/2024,12:42:18,0.2,0.15,51080,0.2,47000,0,180600
FINNIFTY02JAN2420100PE.NFO,02/01/2024,12:42:35,0.2,0.15,51080,0.2,47720,0,180600
FINNIFTY02JAN2420100PE.NFO,02/01/2024,12:43:10,0.2,0.15,51080,0.2,44080,3640,180720
FINNIFTY02JAN2420100PE.NFO,02/01/2024,12:43:19,0.2,0.15,51080,0.2,43200,880,180720
FINNIFTY02JAN2420100PE.NFO,02/01/2024,12:43:28,0.2,0.15,51080,0.2,43160,40,180720
FINNIFTY02JAN2420100PE.NFO,02/01/2024,12:43:54,0.2,0.15,51080,0.2,43160,0,180720
FINNIFTY02JAN2420100PE.NFO,02/01/2024,12:44:12,0.2,0.15,51080,0.2,43120,40,180720
FINNIFTY02JAN2420100PE.NFO,02/01/2024,12:44:20,0.2,0.15,51080,0.2,43000,120,180720
FINNIFTY02JAN2420100PE.NFO,02/01/2024,12:44:29,0.2,0.15,51080,0.2,42960,40,180720
FINNIFTY02JAN2420100PE.NFO,02/01/2024,12:44:37,0.2,0.15,51080,0.2,41840,1120,180720
FINNIFTY02JAN2420100PE.NFO,02/01/2024,12:44:46,0.2,0.15,51080,0.2,41560,280,180720
FINNIFTY02JAN2420100PE.NFO,02/01/2024,12:44:55,0.2,0.15,51120,0.2,41760,40,180720
FINNIFTY02JAN2420100PE.NFO,02/01/2024,12:45:03,0.2,0.15,51080,0.2,41480,40,180720
FINNIFTY02JAN2420100PE.NFO,02/01/2024,12:45:12,0.15,0.15,51040,0.2,41720,40,178720
FINNIFTY02JAN2420100PE.NFO,02/01/2024,12:45:21,0.2,0.15,50960,0.2,41440,120,178720
FINNIFTY02JAN2420100PE.NFO,02/01/2024,12:45:30,0.15,0.15,50920,0.2,41440,40,178720
FINNIFTY02JAN2420100PE.NFO,02/01/2024,12:45:38,0.15,0.15,49600,0.2,41400,120,178720
FINNIFTY02JAN2420100PE.NFO,02/01/2024,12:45:47,0.15,0.15,48800,0.2,40680,800,178720
FINNIFTY02JAN2420100PE.NFO,02/01/2024,12:45:56,0.15,0.15,48720,0.2,40680,80,178720
FINNIFTY02JAN2420100PE.NFO,02/01/2024,12:46:04,0.15,0.15,48720,0.2,40680,40,178720
FINNIFTY02JAN2420100PE.NFO,02/01/2024,12:46:13,0.2,0.15,48720,0.2,40440,240,178720
FINNIFTY02JAN2420100PE.NFO,02/01/2024,12:46:22,0.2,0.15,48680,0.2,40360,320,178720
FINNIFTY02JAN2420100PE.NFO,02/01/2024,12:46:30,0.15,0.15,48520,0.2,39960,320,178720
FINNIFTY02JAN2420100PE.NFO,02/01/2024,12:46:39,0.2,0.15,48520,0.2,39840,120,178720
FINNIFTY02JAN2420100PE.NFO,02/01/2024,12:46:47,0.2,0.15,48560,0.2,39680,160,178720
FINNIFTY02JAN2420100PE.NFO,02/01/2024,12:46:56,0.2,0.15,48560,0.2,39480,200,178720
FINNIFTY02JAN2420100PE.NFO,02/01/2024,12:47:05,0.2,0.15,48560,0.2,39400,80,178720
FINNIFTY02JAN2420100PE.NFO,02/01/2024,12:47:14,0.2,0.15,48520,0.2,39280,120,178720
FINNIFTY02JAN2420100PE.NFO,02/01/2024,12:47:23,0.2,0.15,48520,0.2,39160,120,178720
FINNIFTY02JAN2420100PE.NFO,02/01/2024,12:47:32,0.2,0.15,48520,0.2,39080,80,178720
FINNIFTY02JAN2420100PE.NFO,02/01/2024,12:47:41,0.2,0.15,48520,0.2,39000,80,178720
FINNIFTY02JAN2420100PE.NFO,02/01/2024,12:47:51,0.2,0.15,48520,0.2,38960,40,178720
FINNIFTY02JAN2420100PE.NFO,02/01/2024,12:48:00,0.2,0.15,48560,0.2,38920,40,178720
FINNIFTY02JAN2420100PE.NFO,02/01/2024,12:48:09,0.15,0.15,48440,0.2,38920,120,179440
FINNIFTY02JAN2420100PE.NFO,02/01/2024,12:48:18,0.15,0.15,48160,0.2,38920,280,179440
FINNIFTY02JAN2420100PE.NFO,02/01/2024,12:48:26,0.15,0.15,47960,0.2,38920,200,179440
FINNIFTY02JAN2420100PE.NFO,02/01/2024,12:48:35,0.15,0.15,47720,0.2,38920,240,179440
FINNIFTY02JAN2420100PE.NFO,02/01/2024,12:48:44,0.15,0.15,47440,0.2,38920,280,179440
FINNIFTY02JAN2420100PE.NFO,02/01/2024,12:48:53,0.15,0.15,47120,0.2,38880,320,179440
FINNIFTY02JAN2420100PE.NFO,02/01/2024,12:49:02,0.15,0.15,47040,0.2,39120,80,179440
FINNIFTY02JAN2420100PE.NFO,02/01/2024,12:49:11,0.15,0.15,46920,0.2,38880,120,179440
FINNIFTY02JAN2420100PE.NFO,02/01/2024,12:49:20,0.15,0.15,46840,0.2,38880,80,179440
FINNIFTY02JAN2420100PE.NFO,02/01/2024,12:49:29,0.15,0.15,46720,0.2,38880,120,179440
FINNIFTY02JAN2420100PE.NFO,02/01/2024,12:49:38,0.15,0.15,46640,0.2,38880,80,179440
FINNIFTY02JAN2420100PE.NFO,02/01/2024,12:49:46,0.15,0.15,40960,0.2,38880,3200,179440
FINNIFTY02JAN2420100PE.NFO,02/01/2024,12:49:54,0.15,0.15,19120,0.2,38880,40,179440
FINNIFTY02JAN2420100PE.NFO,02/01/2024,12:50:03,0.15,0.15,14240,0.2,38080,3640,179440
FINNIFTY02JAN2420100PE.NFO,02/01/2024,12:50:11,0.15,0.15,12880,0.2,37080,1360,179440
FINNIFTY02JAN2420100PE.NFO,02/01/2024,12:50:21,0.15,0.15,12840,0.2,37080,40,179440
FINNIFTY02JAN2420100PE.NFO,02/01/2024,12:50:30,0.15,0.15,17120,0.2,26320,21160,179440
FINNIFTY02JAN2420100PE.NFO,02/01/2024,12:50:30,0.1,0.15,17120,0.2,26320,0,179440
FINNIFTY02JAN2420100PE.NFO,02/01/2024,12:50:39,0.15,0.15,18800,0.2,33520,80,179440
FINNIFTY02JAN2420100PE.NFO,02/01/2024,12:50:48,0.15,0.15,18800,0.2,33680,0,179440
FINNIFTY02JAN2420100PE.NFO,02/01/2024,12:50:57,0.15,0.15,18760,0.2,33680,40,179440
FINNIFTY02JAN2420100PE.NFO,02/01/2024,12:51:05,0.15,0.15,18600,0.2,33680,200,158880
FINNIFTY02JAN2420100PE.NFO,02/01/2024,12:51:15,0.15,0.15,18560,0.2,33680,0,158880
FINNIFTY02JAN2420100PE.NFO,02/01/2024,12:51:24,0.15,0.15,18520,0.2,33680,40,158880
FINNIFTY02JAN2420100PE.NFO,02/01/2024,12:51:34,0.15,0.15,18520,0.2,33680,0,158880
FINNIFTY02JAN2420100PE.NFO,02/01/2024,12:52:27,0.15,0.15,18480,0.2,33680,40,158880
FINNIFTY02JAN2420100PE.NFO,02/01/2024,12:52:35,0.15,0.15,14160,0.2,33680,0,158880
FINNIFTY02JAN2420100PE.NFO,02/01/2024,12:54:01,0.2,0.15,14160,0.2,33600,80,158880
FINNIFTY02JAN2420100PE.NFO,02/01/2024,12:54:10,0.2,0.15,14160,0.2,33560,40,158880
FINNIFTY02JAN2420100PE.NFO,02/01/2024,12:54:19,0.2,0.15,14160,0.2,33480,80,158880
FINNIFTY02JAN2420100PE.NFO,02/01/2024,12:54:27,0.2,0.15,14240,0.2,33440,40,158880
FINNIFTY02JAN2420100PE.NFO,02/01/2024,12:54:36,0.2,0.15,14160,0.2,33360,80,158880
FINNIFTY02JAN2420100PE.NFO,02/01/2024,12:54:44,0.2,0.15,14160,0.2,33280,80,158880
FINNIFTY02JAN2420100PE.NFO,02/01/2024,12:54:53,0.2,0.15,14160,0.2,33240,40,158880
FINNIFTY02JAN2420100PE.NFO,02/01/2024,12:55:01,0.2,0.15,14160,0.2,33160,80,158880
FINNIFTY02JAN2420100PE.NFO,02/01/2024,12:55:09,0.2,0.15,14160,0.2,33120,40,158880
FINNIFTY02JAN2420100PE.NFO,02/01/2024,12:55:18,0.2,0.15,14160,0.2,33040,80,158880
FINNIFTY02JAN2420100PE.NFO,02/01/2024,12:55:27,0.2,0.15,14160,0.2,33000,40,158880
FINNIFTY02JAN2420100PE.NFO,02/01/2024,12:55:36,0.2,0.15,14200,0.2,32880,120,158880
FINNIFTY02JAN2420100PE.NFO,02/01/2024,12:55:45,0.2,0.15,14160,0.2,32760,120,158880
FINNIFTY02JAN2420100PE.NFO,02/01/2024,12:55:53,0.2,0.15,14240,0.2,32640,120,158880
FINNIFTY02JAN2420100PE.NFO,02/01/2024,12:56:01,0.2,0.15,14160,0.2,32560,80,158880
FINNIFTY02JAN2420100PE.NFO,02/01/2024,12:56:10,0.15,0.15,14120,0.2,32600,40,158880
FINNIFTY02JAN2420100PE.NFO,02/01/2024,12:56:19,0.15,0.15,14040,0.2,32120,520,158880
FINNIFTY02JAN2420100PE.NFO,02/01/2024,12:56:28,0.15,0.15,13920,0.2,32120,120,158880
FINNIFTY02JAN2420100PE.NFO,02/01/2024,12:56:36,0.15,0.15,13880,0.2,32120,40,158880
FINNIFTY02JAN2420100PE.NFO,02/01/2024,12:56:44,0.15,0.15,13800,0.2,32120,80,158880
FINNIFTY02JAN2420100PE.NFO,02/01/2024,12:56:53,0.15,0.15,13760,0.2,32160,40,158880
FINNIFTY02JAN2420100PE.NFO,02/01/2024,12:57:01,0.15,0.15,13600,0.2,32120,160,158880
FINNIFTY02JAN2420100PE.NFO,02/01/2024,12:57:10,0.15,0.15,13520,0.2,32120,80,158880
FINNIFTY02JAN2420100PE.NFO,02/01/2024,12:57:19,0.15,0.15,13440,0.2,32080,120,158880
FINNIFTY02JAN2420100PE.NFO,02/01/2024,12:57:28,0.15,0.15,13360,0.2,32120,80,158880
FINNIFTY02JAN2420100PE.NFO,02/01/2024,12:57:36,0.15,0.15,13280,0.2,32120,80,158880
FINNIFTY02JAN2420100PE.NFO,02/01/2024,12:57:45,0.15,0.15,13240,0.2,32120,40,158880
FINNIFTY02JAN2420100PE.NFO,02/01/2024,12:57:53,0.15,0.15,13160,0.2,32080,80,158880
FINNIFTY02JAN2420100PE.NFO,02/01/2024,12:58:11,0.15,0.15,11560,0.2,32080,1600,158880
FINNIFTY02JAN2420100PE.NFO,02/01/2024,12:58:48,0.15,0.15,13280,0.2,39280,80,158880
FINNIFTY02JAN2420100PE.NFO,02/01/2024,12:58:57,0.15,0.15,13280,0.2,39280,0,158880
FINNIFTY02JAN2420100PE.NFO,02/01/2024,13:02:18,0.15,0.15,12840,0.2,39280,440,158880
FINNIFTY02JAN2420100PE.NFO,02/01/2024,13:02:27,0.15,0.15,11440,0.2,39280,1400,158880
FINNIFTY02JAN2420100PE.NFO,02/01/2024,13:02:37,0.15,0.15,11440,0.2,39120,0,158880
FINNIFTY02JAN2420100PE.NFO,02/01/2024,13:02:47,0.15,0.15,11400,0.2,39080,160,158880
FINNIFTY02JAN2420100PE.NFO,02/01/2024,13:02:57,0.15,0.15,11240,0.2,31840,160,158880
FINNIFTY02JAN2420100PE.NFO,02/01/2024,13:03:06,0.15,0.15,10960,0.2,31840,680,160720
FINNIFTY02JAN2420100PE.NFO,02/01/2024,13:03:15,0.15,0.15,10520,0.2,38920,440,160720
FINNIFTY02JAN2420100PE.NFO,02/01/2024,13:03:24,0.15,0.15,10760,0.2,31760,80,160720
FINNIFTY02JAN2420100PE.NFO,02/01/2024,13:03:33,0.2,0.15,10680,0.2,38920,120,160720
FINNIFTY02JAN2420100PE.NFO,02/01/2024,13:03:43,0.2,0.15,10600,0.2,31640,80,160720
FINNIFTY02JAN2420100PE.NFO,02/01/2024,13:03:53,0.2,0.15,16000,0.2,30080,4120,160720
FINNIFTY02JAN2420100PE.NFO,02/01/2024,13:04:04,0.15,0.15,17680,0.2,24640,160,160720
FINNIFTY02JAN2420100PE.NFO,02/01/2024,13:04:15,0.15,0.15,24760,0.2,24920,1120,160720
FINNIFTY02JAN2420100PE.NFO,02/01/2024,13:04:25,0.15,0.15,24360,0.2,24920,400,160720
FINNIFTY02JAN2420100PE.NFO,02/01/2024,13:04:35,0.15,0.15,24040,0.2,24920,320,160720
FINNIFTY02JAN2420100PE.NFO,02/01/2024,13:04:45,0.15,0.15,23520,0.2,25160,520,160720
FINNIFTY02JAN2420100PE.NFO,02/01/2024,13:04:55,0.2,0.15,28400,0.2,24960,640,160720
FINNIFTY02JAN2420100PE.NFO,02/01/2024,13:05:04,0.15,0.15,28160,0.2,25000,480,160720
FINNIFTY02JAN2420100PE.NFO,02/01/2024,13:05:14,0.15,0.15,27920,0.2,25000,240,160720
FINNIFTY02JAN2420100PE.NFO,02/01/2024,13:05:23,0.15,0.15,27720,0.2,24800,680,160720
FINNIFTY02JAN2420100PE.NFO,02/01/2024,13:05:31,0.2,0.15,29440,0.2,24120,520,160720
FINNIFTY02JAN2420100PE.NFO,02/01/2024,13:05:40,0.2,0.15,29440,0.2,23880,240,160720
FINNIFTY02JAN2420100PE.NFO,02/01/2024,13:07:09,0.2,0.15,29760,0.2,23720,160,158720
FINNIFTY02JAN2420100PE.NFO,02/01/2024,13:07:18,0.2,0.15,28920,0.2,25200,1120,158720
FINNIFTY02JAN2420100PE.NFO,02/01/2024,13:07:26,0.2,0.15,28920,0.2,26720,280,158720
FINNIFTY02JAN2420100PE.NFO,02/01/2024,13:07:35,0.2,0.15,28960,0.2,26440,280,158720
FINNIFTY02JAN2420100PE.NFO,02/01/2024,13:07:44,0.2,0.15,28920,0.2,32360,160,158720
FINNIFTY02JAN2420100PE.NFO,02/01/2024,13:07:53,0.2,0.15,29240,0.2,32120,240,158720
FINNIFTY02JAN2420100PE.NFO,02/01/2024,13:08:02,0.2,0.15,28440,0.2,31880,1080,158720
FINNIFTY02JAN2420100PE.NFO,02/01/2024,13:08:13,0.15,0.15,28080,0.2,31560,680,158720
FINNIFTY02JAN2420100PE.NFO,02/01/2024,13:08:22,0.2,0.15,27600,0.2,34920,1040,158720
FINNIFTY02JAN2420100PE.NFO,02/01/2024,13:08:31,0.15,0.15,26960,0.2,34680,840,158720
FINNIFTY02JAN2420100PE.NFO,02/01/2024,13:08:40,0.15,0.15,24720,0.2,34680,440,158720
FINNIFTY02JAN2420100PE.NFO,02/01/2024,13:08:59,0.15,0.15,23120,0.2,34440,1600,158720
FINNIFTY02JAN2420100PE.NFO,02/01/2024,13:09:07,0.15,0.15,24800,0.2,34440,120,160280
FINNIFTY02JAN2420100PE.NFO,02/01/2024,13:09:25,0.15,0.15,28400,0.2,34440,0,160280
FINNIFTY02JAN2420100PE.NFO,02/01/2024,13:09:34,0.2,0.15,30200,0.2,34400,40,160280
FINNIFTY02JAN2420100PE.NFO,02/01/2024,13:09:43,0.2,0.15,33800,0.2,34640,0,160280
FINNIFTY02JAN2420100PE.NFO,02/01/2024,13:09:52,0.2,0.15,42800,0.2,34400,0,160280
FINNIFTY02JAN2420100PE.NFO,02/01/2024,13:10:37,0.15,0.15,39600,0.2,34640,3200,160280
FINNIFTY02JAN2420100PE.NFO,02/01/2024,13:11:12,0.2,0.15,40520,0.2,33800,600,160280
FINNIFTY02JAN2420100PE.NFO,02/01/2024,13:11:29,0.2,0.15,40520,0.2,33400,400,160280
FINNIFTY02JAN2420100PE.NFO,02/01/2024,13:11:39,0.2,0.15,40520,0.2,32880,520,160280
FINNIFTY02JAN2420100PE.NFO,02/01/2024,13:11:48,0.2,0.15,40520,0.2,27280,200,160280
FINNIFTY02JAN2420100PE.NFO,02/01/2024,13:11:57,0.2,0.15,40520,0.2,32680,0,160280
FINNIFTY02JAN2420100PE.NFO,02/01/2024,13:12:05,0.2,0.15,40520,0.2,34480,0,160280
FINNIFTY02JAN2420100PE.NFO,02/01/2024,13:12:14,0.2,0.15,40520,0.2,34680,40,158600
FINNIFTY02JAN2420100PE.NFO,02/01/2024,13:12:31,0.2,0.15,40920,0.2,34680,0,158600
FINNIFTY02JAN2420100PE.NFO,02/01/2024,13:12:40,0.2,0.15,40880,0.2,34640,40,158600
FINNIFTY02JAN2420100PE.NFO,02/01/2024,13:12:57,0.2,0.15,40880,0.2,34360,40,158600
FINNIFTY02JAN2420100PE.NFO,02/01/2024,13:13:49,0.2,0.15,40880,0.2,34320,40,158600
FINNIFTY02JAN2420100PE.NFO,02/01/2024,13:14:06,0.2,0.15,44480,0.2,34120,200,158600
FINNIFTY02JAN2420100PE.NFO,02/01/2024,13:14:15,0.2,0.15,44480,0.2,34120,0,158600
FINNIFTY02JAN2420100PE.NFO,02/01/2024,13:15:24,0.2,0.15,44480,0.2,34080,40,158400
FINNIFTY02JAN2420100PE.NFO,02/01/2024,13:15:41,0.2,0.15,44480,0.2,34040,40,158400
FINNIFTY02JAN2420100PE.NFO,02/01/2024,13:17:16,0.15,0.15,44120,0.2,28640,360,158400
FINNIFTY02JAN2420100PE.NFO,02/01/2024,13:17:50,0.15,0.15,44120,0.2,28640,0,158400
FINNIFTY02JAN2420100PE.NFO,02/01/2024,13:18:14,0.15,0.15,35120,0.2,34040,400,158400
FINNIFTY02JAN2420100PE.NFO,02/01/2024,13:18:58,0.15,0.15,9920,0.2,35840,0,158400
FINNIFTY02JAN2420100PE.NFO,02/01/2024,13:19:06,0.15,0.15,9920,0.2,34080,0,158400
FINNIFTY02JAN2420100PE.NFO,02/01/2024,13:19:32,0.15,0.15,9840,0.2,34080,80,158400
FINNIFTY02JAN2420100PE.NFO,02/01/2024,13:21:13,0.15,0.15,9800,0.2,33880,240,158480
FINNIFTY02JAN2420100PE.NFO,02/01/2024,13:21:22,0.15,0.15,11520,0.2,33880,80,158480
FINNIFTY02JAN2420100PE.NFO,02/01/2024,13:22:13,0.15,0.15,8800,0.2,34120,920,158480
FINNIFTY02JAN2420100PE.NFO,02/01/2024,13:22:47,0.15,0.15,8800,0.2,34120,0,158480
FINNIFTY02JAN2420100PE.NFO,02/01/2024,13:23:57,0.15,0.15,9480,0.2,26520,0,158480
FINNIFTY02JAN2420100PE.NFO,02/01/2024,13:24:05,0.15,0.1,370280,0.15,400,12600,158480
FINNIFTY02JAN2420100PE.NFO,02/01/2024,13:24:13,0.15,0.1,377240,0.15,13160,520,157760
FINNIFTY02JAN2420100PE.NFO,02/01/2024,13:24:22,0.15,0.1,350080,0.15,10040,5840,157760
FINNIFTY02JAN2420100PE.NFO,02/01/2024,13:24:30,0.15,0.1,350080,0.15,9960,80,157760
FINNIFTY02JAN2420100PE.NFO,02/01/2024,13:24:39,0.15,0.1,350080,0.15,9880,80,157760
FINNIFTY02JAN2420100PE.NFO,02/01/2024,13:24:48,0.15,0.1,350080,0.15,9800,80,157760
FINNIFTY02JAN2420100PE.NFO,02/01/2024,13:25:06,0.15,0.1,350080,0.15,11520,80,157760
FINNIFTY02JAN2420100PE.NFO,02/01/2024,13:25:16,0.15,0.15,3600,0.2,28320,9720,157760
FINNIFTY02JAN2420100PE.NFO,02/01/2024,13:25:34,0.15,0.15,6840,0.2,28320,760,157760
FINNIFTY02JAN2420100PE.NFO,02/01/2024,13:25:43,0.15,0.15,2400,0.2,28320,4040,157760
FINNIFTY02JAN2420100PE.NFO,02/01/2024,13:26:18,0.2,0.15,11160,0.2,28160,160,157760
FINNIFTY02JAN2420100PE.NFO,02/01/2024,13:26:26,0.2,0.15,15640,0.2,28120,40,157760
FINNIFTY02JAN2420100PE.NFO,02/01/2024,13:26:44,0.2,0.15,15640,0.2,28080,40,157760
FINNIFTY02JAN2420100PE.NFO,02/01/2024,13:26:52,0.2,0.15,13840,0.2,28040,40,157760
FINNIFTY02JAN2420100PE.NFO,02/01/2024,13:27:09,0.2,0.15,13840,0.2,28000,40,159320
FINNIFTY02JAN2420100PE.NFO,02/01/2024,13:27:35,0.2,0.15,13840,0.2,27960,40,159320
FINNIFTY02JAN2420100PE.NFO,02/01/2024,13:28:25,0.15,0.15,13680,0.2,27960,160,159320
FINNIFTY02JAN2420100PE.NFO,02/01/2024,13:29:33,0.2,0.15,15480,0.2,27760,200,159320
FINNIFTY02JAN2420100PE.NFO,02/01/2024,13:30:33,0.2,0.15,15480,0.2,27320,440,159320
FINNIFTY02JAN2420100PE.NFO,02/01/2024,13:30:42,0.15,0.15,14960,0.2,26440,1400,159320
FINNIFTY02JAN2420100PE.NFO,02/01/2024,13:31:00,0.15,0.15,14120,0.2,26440,840,159320
FINNIFTY02JAN2420100PE.NFO,02/01/2024,13:31:08,0.15,0.15,13840,0.2,26440,280,159320
FINNIFTY02JAN2420100PE.NFO,02/01/2024,13:31:26,0.15,0.15,13840,0.2,26440,0,159320
FINNIFTY02JAN2420100PE.NFO,02/01/2024,13:31:45,0.2,0.15,13840,0.2,26600,80,159320
FINNIFTY02JAN2420100PE.NFO,02/01/2024,13:31:54,0.2,0.15,13840,0.2,26440,160,159320
FINNIFTY02JAN2420100PE.NFO,02/01/2024,13:32:03,0.2,0.15,13840,0.2,26280,160,159320
FINNIFTY02JAN2420100PE.NFO,02/01/2024,13:32:12,0.2,0.15,13880,0.2,26120,160,159320
FINNIFTY02JAN2420100PE.NFO,02/01/2024,13:32:21,0.2,0.15,13840,0.2,25680,200,159320
FINNIFTY02JAN2420100PE.NFO,02/01/2024,13:32:30,0.2,0.15,13840,0.2,25760,160,159320
FINNIFTY02JAN2420100PE.NFO,02/01/2024,13:32:39,0.2,0.15,13880,0.2,25400,120,159320
FINNIFTY02JAN2420100PE.NFO,02/01/2024,13:32:48,0.2,0.15,13840,0.2,25080,360,159320
FINNIFTY02JAN2420100PE.NFO,02/01/2024,13:32:57,0.2,0.15,13840,0.2,25080,240,159320
FINNIFTY02JAN2420100PE.NFO,02/01/2024,13:33:06,0.15,0.15,13760,0.2,25080,80,160960
FINNIFTY02JAN2420100PE.NFO,02/01/2024,13:33:15,0.15,0.15,13560,0.2,22680,760,160960
FINNIFTY02JAN2420100PE.NFO,02/01/2024,13:33:24,0.15,0.15,13400,0.2,23840,560,160960
FINNIFTY02JAN2420100PE.NFO,02/01/2024,13:33:32,0.15,0.15,13360,0.2,24120,40,160960
FINNIFTY02JAN2420100PE.NFO,02/01/2024,13:33:41,0.15,0.15,13200,0.2,24080,160,160960
FINNIFTY02JAN2420100PE.NFO,02/01/2024,13:33:50,0.15,0.15,13080,0.2,25920,120,160960
FINNIFTY02JAN2420100PE.NFO,02/01/2024,13:34:00,0.15,0.15,12760,0.2,27720,320,160960
FINNIFTY02JAN2420100PE.NFO,02/01/2024,13:34:09,0.15,0.15,12680,0.2,28680,80,160960
FINNIFTY02JAN2420100PE.NFO,02/01/2024,13:35:13,0.2,0.15,12680,0.2,28560,120,160960
FINNIFTY02JAN2420100PE.NFO,02/01/2024,13:35:22,0.2,0.15,12680,0.2,28440,120,160960
FINNIFTY02JAN2420100PE.NFO,02/01/2024,13:35:31,0.2,0.15,12680,0.2,28360,80,160960
FINNIFTY02JAN2420100PE.NFO,02/01/2024,13:35:40,0.2,0.15,12680,0.2,28240,120,160960
FINNIFTY02JAN2420100PE.NFO,02/01/2024,13:35:49,0.2,0.15,12680,0.2,28160,80,160960
FINNIFTY02JAN2420100PE.NFO,02/01/2024,13:35:58,0.2,0.15,12680,0.2,28120,40,160960
FINNIFTY02JAN2420100PE.NFO,02/01/2024,13:36:06,0.2,0.15,12680,0.2,28080,40,160960
FINNIFTY02JAN2420100PE.NFO,02/01/2024,13:36:15,0.15,0.15,12560,0.2,28080,120,160000
FINNIFTY02JAN2420100PE.NFO,02/01/2024,13:36:24,0.15,0.15,12480,0.2,28080,80,160000
FINNIFTY02JAN2420100PE.NFO,02/01/2024,13:36:33,0.15,0.15,12400,0.2,28080,80,160000
FINNIFTY02JAN2420100PE.NFO,02/01/2024,13:36:42,0.15,0.15,12280,0.2,28120,120,160000
FINNIFTY02JAN2420100PE.NFO,02/01/2024,13:36:51,0.15,0.15,12080,0.2,28080,200,160000
FINNIFTY02JAN2420100PE.NFO,02/01/2024,13:37:01,0.15,0.15,12040,0.2,28080,40,160000
FINNIFTY02JAN2420100PE.NFO,02/01/2024,13:37:10,0.15,0.15,12040,0.2,28080,0,160000
FINNIFTY02JAN2420100PE.NFO,02/01/2024,13:37:56,0.15,0.15,12040,0.2,29640,0,160000
FINNIFTY02JAN2420100PE.NFO,02/01/2024,13:38:32,0.15,0.15,12040,0.2,31840,0,160000
FINNIFTY02JAN2420100PE.NFO,02/01/2024,13:39:06,0.2,0.15,12040,0.2,27840,4000,160000
FINNIFTY02JAN2420100PE.NFO,02/01/2024,13:40:06,0.15,0.15,11840,0.2,27840,200,160000
FINNIFTY02JAN2420100PE.NFO,02/01/2024,13:40:56,0.15,0.15,12720,0.2,27840,920,160000
FINNIFTY02JAN2420100PE.NFO,02/01/2024,13:41:21,0.2,0.15,12720,0.2,12440,10000,160000
FINNIFTY02JAN2420100PE.NFO,02/01/2024,13:41:31,0.2,0.15,12720,0.2,10880,0,160000
FINNIFTY02JAN2420100PE.NFO,02/01/2024,13:42:05,0.15,0.15,12320,0.2,15200,400,160000
FINNIFTY02JAN2420100PE.NFO,02/01/2024,13:42:31,0.15,0.15,12280,0.2,14960,40,161520
FINNIFTY02JAN2420100PE.NFO,02/01/2024,13:42:56,0.2,0.15,12200,0.2,10960,4080,161520
FINNIFTY02JAN2420100PE.NFO,02/01/2024,13:43:04,0.2,0.15,12200,0.2,11200,0,161520
FINNIFTY02JAN2420100PE.NFO,02/01/2024,13:43:13,0.15,0.15,10960,0.2,13200,1240,161520
FINNIFTY02JAN2420100PE.NFO,02/01/2024,13:43:30,0.15,0.15,10960,0.2,13200,0,161520
FINNIFTY02JAN2420100PE.NFO,02/01/2024,13:43:47,0.15,0.15,7280,0.2,16560,3680,161520
FINNIFTY02JAN2420100PE.NFO,02/01/2024,13:43:56,0.15,0.15,7240,0.2,16560,40,161520
FINNIFTY02JAN2420100PE.NFO,02/01/2024,13:44:04,0.15,0.15,7200,0.2,16560,40,161520
FINNIFTY02JAN2420100PE.NFO,02/01/2024,13:44:13,0.15,0.15,3560,0.2,16880,1840,161520
FINNIFTY02JAN2420100PE.NFO,02/01/2024,13:44:21,0.15,0.15,15000,0.2,17400,40,161520
FINNIFTY02JAN2420100PE.NFO,02/01/2024,13:44:30,0.15,0.15,14840,0.2,17400,160,161520
FINNIFTY02JAN2420100PE.NFO,02/01/2024,13:44:38,0.15,0.15,9440,0.2,17400,0,161520
FINNIFTY02JAN2420100PE.NFO,02/01/2024,13:44:46,0.15,0.15,4040,0.2,17400,0,161520
FINNIFTY02JAN2420100PE.NFO,02/01/2024,13:44:54,0.15,0.15,4040,0.2,17400,40,161520
FINNIFTY02JAN2420100PE.NFO,02/01/2024,13:45:03,0.15,0.15,5720,0.2,17400,80,161520
FINNIFTY02JAN2420100PE.NFO,02/01/2024,13:45:12,0.15,0.15,5720,0.2,17400,0,161520
FINNIFTY02JAN2420100PE.NFO,02/01/2024,13:45:29,0.15,0.15,3840,0.2,17280,80,169920
FINNIFTY02JAN2420100PE.NFO,02/01/2024,13:45:45,0.15,0.15,3760,0.2,17280,80,169920
FINNIFTY02JAN2420100PE.NFO,02/01/2024,13:45:53,0.15,0.15,3880,0.2,17280,80,169920
FINNIFTY02JAN2420100PE.NFO,02/01/2024,13:46:01,0.15,0.15,3800,0.2,17280,80,169920
FINNIFTY02JAN2420100PE.NFO,02/01/2024,13:46:10,0.15,0.15,5080,0.2,17280,1680,169920
FINNIFTY02JAN2420100PE.NFO,02/01/2024,13:46:19,0.15,0.15,5040,0.2,17320,0,169920
FINNIFTY02JAN2420100PE.NFO,02/01/2024,13:46:27,0.15,0.15,4680,0.2,13720,2960,169920
FINNIFTY02JAN2420100PE.NFO,02/01/2024,13:46:35,0.15,0.15,1840,0.2,11920,3200,169920
FINNIFTY02JAN2420100PE.NFO,02/01/2024,13:46:43,0.15,0.15,2000,0.2,16480,160,169920
FINNIFTY02JAN2420100PE.NFO,02/01/2024,13:46:52,0.2,0.15,6920,0.2,16880,200,169920
FINNIFTY02JAN2420100PE.NFO,02/01/2024,13:47:00,0.15,0.15,6680,0.2,16880,480,169920
FINNIFTY02JAN2420100PE.NFO,02/01/2024,13:47:09,0.15,0.15,6440,0.2,16640,240,169920
FINNIFTY02JAN2420100PE.NFO,02/01/2024,13:47:17,0.15,0.15,6400,0.2,16640,40,169920
FINNIFTY02JAN2420100PE.NFO,02/01/2024,13:47:25,0.15,0.15,6360,0.2,14840,40,169920
FINNIFTY02JAN2420100PE.NFO,02/01/2024,13:47:34,0.2,0.15,6360,0.2,20000,240,169920
FINNIFTY02JAN2420100PE.NFO,02/01/2024,13:47:43,0.2,0.15,6360,0.2,18400,0,169920
FINNIFTY02JAN2420100PE.NFO,02/01/2024,13:47:52,0.15,0.15,6160,0.2,18440,200,169920
FINNIFTY02JAN2420100PE.NFO,02/01/2024,13:48:00,0.2,0.15,2760,0.2,11800,200,169920
FINNIFTY02JAN2420100PE.NFO,02/01/2024,13:48:09,0.2,0.15,1840,0.2,10000,0,169920
FINNIFTY02JAN2420100PE.NFO,02/01/2024,13:48:18,0.2,0.15,6640,0.2,15120,440,176640
FINNIFTY02JAN2420100PE.NFO,02/01/2024,13:48:27,0.2,0.15,6480,0.2,14560,440,176640
FINNIFTY02JAN2420100PE.NFO,02/01/2024,13:49:24,0.15,0.15,6000,0.2,14560,480,176640
FINNIFTY02JAN2420100PE.NFO,02/01/2024,13:49:33,0.15,0.1,290160,0.2,7440,1000,176640
FINNIFTY02JAN2420100PE.NFO,02/01/2024,13:49:42,0.15,0.1,291960,0.2,15520,1160,176640
FINNIFTY02JAN2420100PE.NFO,02/01/2024,13:49:50,0.2,0.15,40,0.2,18640,400,176640
FINNIFTY02JAN2420100PE.NFO,02/01/2024,13:49:58,0.2,0.15,4120,0.2,19000,240,176640
FINNIFTY02JAN2420100PE.NFO,02/01/2024,13:50:06,0.15,0.15,6200,0.2,21600,40,176640
FINNIFTY02JAN2420100PE.NFO,02/01/2024,13:50:15,0.2,0.15,8800,0.2,22200,520,176640
FINNIFTY02JAN2420100PE.NFO,02/01/2024,13:50:24,0.2,0.15,8800,0.2,21840,0,176640
FINNIFTY02JAN2420100PE.NFO,02/01/2024,13:50:33,0.2,0.15,2520,0.2,11840,0,176640
FINNIFTY02JAN2420100PE.NFO,02/01/2024,13:50:42,0.2,0.15,7920,0.2,17240,0,176640
FINNIFTY02JAN2420100PE.NFO,02/01/2024,13:50:51,0.2,0.15,4320,0.2,13880,0,176640
FINNIFTY02JAN2420100PE.NFO,02/01/2024,13:51:00,0.15,0.1,248760,0.2,12320,4480,176640
FINNIFTY02JAN2420100PE.NFO,02/01/2024,13:51:10,0.15,0.1,248760,0.2,19080,4840,176480
FINNIFTY02JAN2420100PE.NFO,02/01/2024,13:51:19,0.15,0.15,200,0.2,24200,200,176480
FINNIFTY02JAN2420100PE.NFO,02/01/2024,13:51:28,0.15,0.15,40,0.2,24000,240,176480
FINNIFTY02JAN2420100PE.NFO,02/01/2024,13:51:37,0.15,0.1,250560,0.2,27200,3920,176480
FINNIFTY02JAN2420100PE.NFO,02/01/2024,13:51:46,0.15,0.1,250600,0.2,27320,0,176480
FINNIFTY02JAN2420100PE.NFO,02/01/2024,13:51:55,0.15,0.1,250600,0.2,27560,200,176480
FINNIFTY02JAN2420100PE.NFO,02/01/2024,13:52:04,0.15,0.1,250600,0.2,27320,600,176480
FINNIFTY02JAN2420100PE.NFO,02/01/2024,13:52:13,0.15,0.15,9000,0.2,27320,600,176480
FINNIFTY02JAN2420100PE.NFO,02/01/2024,13:52:22,0.15,0.15,9000,0.2,25520,0,176480
FINNIFTY02JAN2420100PE.NFO,02/01/2024,13:52:32,0.2,0.15,9000,0.2,20680,1240,176480
FINNIFTY02JAN2420100PE.NFO,02/01/2024,13:52:41,0.2,0.15,8840,0.2,20480,1360,176480
FINNIFTY02JAN2420100PE.NFO,02/01/2024,13:52:51,0.15,0.15,9000,0.2,20280,240,176480
FINNIFTY02JAN2420100PE.NFO,02/01/2024,13:53:00,0.15,0.15,8800,0.2,22080,200,176480
FINNIFTY02JAN2420100PE.NFO,02/01/2024,13:53:09,0.15,0.15,8240,0.2,20280,560,176480
FINNIFTY02JAN2420100PE.NFO,02/01/2024,13:53:18,0.15,0.15,6320,0.2,18000,2760,176480
FINNIFTY02JAN2420100PE.NFO,02/01/2024,13:53:28,0.15,0.15,2560,0.2,17800,3960,176480
FINNIFTY02JAN2420100PE.NFO,02/01/2024,13:53:38,0.15,0.1,250520,0.2,20920,6760,176480
FINNIFTY02JAN2420100PE.NFO,02/01/2024,13:53:47,0.1,0.1,252680,0.15,14760,5240,176480
FINNIFTY02JAN2420100PE.NFO,02/01/2024,13:53:57,0.1,0.1,250680,0.15,18360,2000,176480
FINNIFTY02JAN2420100PE.NFO,02/01/2024,13:54:06,0.1,0.1,250680,0.15,18360,0,176480
FINNIFTY02JAN2420100PE.NFO,02/01/2024,13:54:16,0.15,0.1,250680,0.15,18200,160,172400
FINNIFTY02JAN2420100PE.NFO,02/01/2024,13:54:25,0.15,0.1,251840,0.15,15720,2920,172400
FINNIFTY02JAN2420100PE.NFO,02/01/2024,13:54:35,0.1,0.1,254280,0.15,15520,2440,172400
FINNIFTY02JAN2420100PE.NFO,02/01/2024,13:54:44,0.15,0.1,256000,0.15,17840,1120,172400
FINNIFTY02JAN2420100PE.NFO,02/01/2024,13:54:53,0.15,0.1,257760,0.15,17840,3640,172400
FINNIFTY02JAN2420100PE.NFO,02/01/2024,13:55:03,0.15,0.1,257920,0.15,16040,0,172400
FINNIFTY02JAN2420100PE.NFO,02/01/2024,13:55:47,0.15,0.1,257920,0.15,17760,80,172400
FINNIFTY02JAN2420100PE.NFO,02/01/2024,13:56:04,0.1,0.1,257720,0.15,19560,200,172400
FINNIFTY02JAN2420100PE.NFO,02/01/2024,13:56:56,0.15,0.1,257720,0.15,19480,80,172400
FINNIFTY02JAN2420100PE.NFO,02/01/2024,13:57:39,0.15,0.1,257720,0.15,20880,400,169000
FINNIFTY02JAN2420100PE.NFO,02/01/2024,13:57:57,0.15,0.1,257720,0.15,21280,400,169000
FINNIFTY02JAN2420100PE.NFO,02/01/2024,13:58:47,0.15,0.1,254120,0.15,21280,0,169000
FINNIFTY02JAN2420100PE.NFO,02/01/2024,13:59:04,0.1,0.1,256240,0.15,21280,1480,169000
FINNIFTY02JAN2420100PE.NFO,02/01/2024,13:59:13,0.1,0.1,254240,0.15,21280,2000,169000
FINNIFTY02JAN2420100PE.NFO,02/01/2024,13:59:22,0.1,0.1,253440,0.15,21280,800,169000
FINNIFTY02JAN2420100PE.NFO,02/01/2024,13:59:31,0.1,0.1,252640,0.15,21280,800,169000
FINNIFTY02JAN2420100PE.NFO,02/01/2024,13:59:39,0.1,0.1,252160,0.15,23080,480,169000
FINNIFTY02JAN2420100PE.NFO,02/01/2024,13:59:48,0.1,0.1,251680,0.15,26560,600,169000
FINNIFTY02JAN2420100PE.NFO,02/01/2024,13:59:57,0.1,0.1,250840,0.15,26560,840,169000
FINNIFTY02JAN2420100PE.NFO,02/01/2024,14:00:06,0.1,0.1,250680,0.15,28360,160,169000
FINNIFTY02JAN2420100PE.NFO,02/01/2024,14:00:14,0.1,0.1,250680,0.15,29360,0,169000
FINNIFTY02JAN2420100PE.NFO,02/01/2024,14:00:23,0.15,0.1,250680,0.15,29280,80,168320
FINNIFTY02JAN2420100PE.NFO,02/01/2024,14:00:40,0.15,0.1,245280,0.15,29520,0,168320
FINNIFTY02JAN2420100PE.NFO,02/01/2024,14:00:57,0.15,0.1,245280,0.15,17600,15920,168320
FINNIFTY02JAN2420100PE.NFO,02/01/2024,14:01:32,0.15,0.1,245280,0.15,15640,1720,168320
FINNIFTY02JAN2420100PE.NFO,02/01/2024,14:01:41,0.15,0.1,241000,0.15,24640,0,168320
FINNIFTY02JAN2420100PE.NFO,02/01/2024,14:02:07,0.1,0.1,240800,0.15,24640,200,168320
FINNIFTY02JAN2420100PE.NFO,02/01/2024,14:03:25,0.15,0.1,240800,0.15,22760,80,168080
FINNIFTY02JAN2420100PE.NFO,02/01/2024,14:03:34,0.15,0.1,240800,0.15,23640,920,168080
FINNIFTY02JAN2420100PE.NFO,02/01/2024,14:03:43,0.15,0.1,240800,0.15,21760,80,168080
FINNIFTY02JAN2420100PE.NFO,02/01/2024,14:03:52,0.15,0.1,240800,0.15,21280,2280,168080
FINNIFTY02JAN2420100PE.NFO,02/01/2024,14:04:01,0.15,0.1,240800,0.15,28520,0,168080
FINNIFTY02JAN2420100PE.NFO,02/01/2024,14:04:11,0.1,0.1,239560,0.15,28400,1320,168080
FINNIFTY02JAN2420100PE.NFO,02/01/2024,14:04:20,0.1,0.1,237760,0.15,28240,1920,168080
FINNIFTY02JAN2420100PE.NFO,02/01/2024,14:04:30,0.15,0.1,237760,0.15,28160,80,168080
FINNIFTY02JAN2420100PE.NFO,02/01/2024,14:04:39,0.15,0.1,237760,0.15,26040,320,168080
FINNIFTY02JAN2420100PE.NFO,02/01/2024,14:04:49,0.15,0.1,237760,0.15,27520,560,168080
FINNIFTY02JAN2420100PE.NFO,02/01/2024,14:04:58,0.15,0.1,237760,0.15,25720,0,168080
FINNIFTY02JAN2420100PE.NFO,02/01/2024,14:05:07,0.15,0.1,237760,0.15,27440,200,168080
FINNIFTY02JAN2420100PE.NFO,02/01/2024,14:05:34,0.15,0.1,237760,0.15,27160,40,168080
FINNIFTY02JAN2420100PE.NFO,02/01/2024,14:05:43,0.15,0.1,237760,0.15,27040,120,168080
FINNIFTY02JAN2420100PE.NFO,02/01/2024,14:05:51,0.15,0.1,237760,0.15,26960,80,168080
FINNIFTY02JAN2420100PE.NFO,02/01/2024,14:06:00,0.15,0.1,237760,0.15,26920,40,168080
FINNIFTY02JAN2420100PE.NFO,02/01/2024,14:06:16,0.15,0.1,237760,0.15,26880,40,165440
FINNIFTY02JAN2420100PE.NFO,02/01/2024,14:06:58,0.15,0.1,237760,0.15,25680,1200,165440
FINNIFTY02JAN2420100PE.NFO,02/01/2024,14:07:07,0.15,0.1,237760,0.15,25280,400,165440
FINNIFTY02JAN2420100PE.NFO,02/01/2024,14:09:02,0.15,0.1,237760,0.15,23880,1400,165440
FINNIFTY02JAN2420100PE.NFO,02/01/2024,14:09:12,0.15,0.1,237760,0.15,23080,800,165440
FINNIFTY02JAN2420100PE.NFO,02/01/2024,14:09:22,0.15,0.1,237760,0.15,22280,800,167240
FINNIFTY02JAN2420100PE.NFO,02/01/2024,14:09:31,0.15,0.1,237760,0.15,22280,0,167240
FINNIFTY02JAN2420100PE.NFO,02/01/2024,14:10:00,0.15,0.1,237760,0.15,21280,1000,167240
FINNIFTY02JAN2420100PE.NFO,02/01/2024,14:10:13,0.1,0.1,237560,0.15,19120,2600,167240
FINNIFTY02JAN2420100PE.NFO,02/01/2024,14:10:24,0.1,0.1,237400,0.15,18880,160,167240
