Ticker,Date,Time,LTP,BuyPrice,BuyQty,SellPrice,SellQty,LTQ,OpenInterest
FINNIFTY02JAN2419000PE.NFO,02/01/2024,09:15:02,0.15,0.15,30560,0.4,640,40,48720
FINNIFTY02JAN2419000PE.NFO,02/01/2024,09:15:02,0.15,0.15,30560,0.4,640,0,48720
FINNIFTY02JAN2419000PE.NFO,02/01/2024,09:15:02,0.15,0.15,30560,0.4,640,0,48720
FINNIFTY02JAN2419000PE.NFO,02/01/2024,09:15:02,0.15,0.15,30560,0.4,640,0,48720
FINNIFTY02JAN2419000PE.NFO,02/01/2024,09:15:15,0.5,0.2,600,0.4,2160,4000,48720
FINNIFTY02JAN2419000PE.NFO,02/01/2024,09:15:15,0.5,0.2,600,0.4,2160,0,48720
FINNIFTY02JAN2419000PE.NFO,02/01/2024,09:15:27,0.2,0.15,59120,0.4,3760,4280,48720
FINNIFTY02JAN2419000PE.NFO,02/01/2024,09:15:39,0.2,0.2,40,0.4,3840,40,48720
FINNIFTY02JAN2419000PE.NFO,02/01/2024,09:15:49,0.2,0.2,40,0.4,3840,0,48720
FINNIFTY02JAN2419000PE.NFO,02/01/2024,09:16:00,0.2,0.2,40,0.35,3600,0,48720
FINNIFTY02JAN2419000PE.NFO,02/01/2024,09:16:11,0.2,0.2,9160,0.35,4720,160,48720
FINNIFTY02JAN2419000PE.NFO,02/01/2024,09:16:21,0.2,0.2,10320,0.25,400,400,48720
FINNIFTY02JAN2419000PE.NFO,02/01/2024,09:16:31,0.2,0.2,7840,0.25,4760,1120,48720
FINNIFTY02JAN2419000PE.NFO,02/01/2024,09:16:40,0.2,0.2,7240,0.25,7520,600,48720
FINNIFTY02JAN2419000PE.NFO,02/01/2024,09:16:50,0.2,0.2,5640,0.25,9960,4040,48720
FINNIFTY02JAN2419000PE.NFO,02/01/2024,09:17:00,0.2,0.2,2440,0.25,8360,0,48720
FINNIFTY02JAN2419000PE.NFO,02/01/2024,09:17:10,0.2,0.15,59960,0.2,4400,2440,48720
FINNIFTY02JAN2419000PE.NFO,02/01/2024,09:17:19,0.2,0.15,60360,0.2,4680,1040,48720
FINNIFTY02JAN2419000PE.NFO,02/01/2024,09:17:28,0.2,0.15,60560,0.2,4680,0,48720
FINNIFTY02JAN2419000PE.NFO,02/01/2024,09:17:38,0.2,0.15,58680,0.2,3120,1600,46520
FINNIFTY02JAN2419000PE.NFO,02/01/2024,09:17:48,0.25,0.15,64160,0.25,6840,3600,46520
FINNIFTY02JAN2419000PE.NFO,02/01/2024,09:17:57,0.25,0.15,71280,0.25,10440,0,46520
FINNIFTY02JAN2419000PE.NFO,02/01/2024,09:18:07,0.25,0.2,10000,0.25,10440,0,46520
FINNIFTY02JAN2419000PE.NFO,02/01/2024,09:18:55,0.25,0.2,10000,0.25,8640,1800,46520
FINNIFTY02JAN2419000PE.NFO,02/01/2024,09:19:05,0.25,0.2,10000,0.25,8640,0,46520
FINNIFTY02JAN2419000PE.NFO,02/01/2024,09:19:55,0.2,0.2,9080,0.25,11400,3600,46520
FINNIFTY02JAN2419000PE.NFO,02/01/2024,09:20:05,0.2,0.2,9080,0.25,14280,0,46520
FINNIFTY02JAN2419000PE.NFO,02/01/2024,09:20:16,0.2,0.2,9800,0.25,15720,480,46520
FINNIFTY02JAN2419000PE.NFO,02/01/2024,09:20:26,0.2,0.2,9800,0.25,15720,0,46520
FINNIFTY02JAN2419000PE.NFO,02/01/2024,09:20:36,0.25,0.2,8000,0.25,16760,2200,49920
FINNIFTY02JAN2419000PE.NFO,02/01/2024,09:20:45,0.2,0.2,6400,0.25,17400,2400,49920
FINNIFTY02JAN2419000PE.NFO,02/01/2024,09:20:54,0.2,0.2,6400,0.25,21000,0,49920
FINNIFTY02JAN2419000PE.NFO,02/01/2024,09:21:14,0.25,0.2,6400,0.25,20600,400,49920
FINNIFTY02JAN2419000PE.NFO,02/01/2024,09:21:24,0.25,0.2,6040,0.25,17760,80,49920
FINNIFTY02JAN2419000PE.NFO,02/01/2024,09:21:35,0.2,0.2,5560,0.25,20040,480,49920
FINNIFTY02JAN2419000PE.NFO,02/01/2024,09:22:50,0.2,0.2,5560,0.25,20040,0,49920
FINNIFTY02JAN2419000PE.NFO,02/01/2024,09:22:59,0.2,0.2,4360,0.25,20040,1200,49920
FINNIFTY02JAN2419000PE.NFO,02/01/2024,09:23:09,0.2,0.2,4200,0.25,22920,160,49920
FINNIFTY02JAN2419000PE.NFO,02/01/2024,09:23:18,0.2,0.2,4200,0.25,22920,0,49920
FINNIFTY02JAN2419000PE.NFO,02/01/2024,09:23:37,0.25,0.2,4200,0.25,22680,240,54160
FINNIFTY02JAN2419000PE.NFO,02/01/2024,09:23:56,0.2,0.2,600,0.25,22720,3640,54160
FINNIFTY02JAN2419000PE.NFO,02/01/2024,09:24:05,0.25,0.15,70480,0.25,22280,360,54160
FINNIFTY02JAN2419000PE.NFO,02/01/2024,09:24:14,0.25,0.15,70560,0.2,4640,80,54160
FINNIFTY02JAN2419000PE.NFO,02/01/2024,09:24:24,0.2,0.15,71720,0.2,6320,120,54160
FINNIFTY02JAN2419000PE.NFO,02/01/2024,09:24:44,0.2,0.15,71720,0.2,6320,0,54160
FINNIFTY02JAN2419000PE.NFO,02/01/2024,09:24:54,0.2,0.15,71720,0.2,6200,120,54160
FINNIFTY02JAN2419000PE.NFO,02/01/2024,09:25:04,0.2,0.15,71960,0.2,5920,280,54160
FINNIFTY02JAN2419000PE.NFO,02/01/2024,09:25:15,0.2,0.15,71960,0.2,6920,520,54160
FINNIFTY02JAN2419000PE.NFO,02/01/2024,09:25:26,0.2,0.15,72240,0.2,6480,440,54160
FINNIFTY02JAN2419000PE.NFO,02/01/2024,09:25:36,0.2,0.15,72520,0.2,5640,840,54160
FINNIFTY02JAN2419000PE.NFO,02/01/2024,09:25:46,0.2,0.15,72840,0.2,3760,1880,54160
FINNIFTY02JAN2419000PE.NFO,02/01/2024,09:25:55,0.2,0.15,72840,0.2,5760,1600,54160
FINNIFTY02JAN2419000PE.NFO,02/01/2024,09:26:05,0.2,0.15,72800,0.2,2560,3280,54160
FINNIFTY02JAN2419000PE.NFO,02/01/2024,09:26:15,0.25,0.15,70560,0.25,16280,1280,54160
FINNIFTY02JAN2419000PE.NFO,02/01/2024,09:26:25,0.2,0.2,30680,0.25,16280,4960,54160
FINNIFTY02JAN2419000PE.NFO,02/01/2024,09:26:35,0.2,0.2,40760,0.25,9120,1800,62360
FINNIFTY02JAN2419000PE.NFO,02/01/2024,09:26:46,0.2,0.2,38160,0.25,9840,2600,62360
FINNIFTY02JAN2419000PE.NFO,02/01/2024,09:26:57,0.2,0.2,37720,0.25,9840,2640,62360
FINNIFTY02JAN2419000PE.NFO,02/01/2024,09:27:07,0.2,0.2,41200,0.25,9840,120,62360
FINNIFTY02JAN2419000PE.NFO,02/01/2024,09:27:17,0.2,0.2,41080,0.25,9840,120,62360
FINNIFTY02JAN2419000PE.NFO,02/01/2024,09:27:47,0.2,0.2,41080,0.25,9840,0,62360
FINNIFTY02JAN2419000PE.NFO,02/01/2024,09:28:17,0.2,0.2,39680,0.25,8840,2400,62360
FINNIFTY02JAN2419000PE.NFO,02/01/2024,09:28:28,0.2,0.2,39640,0.25,7760,1120,62360
FINNIFTY02JAN2419000PE.NFO,02/01/2024,09:28:41,0.2,0.2,39640,0.25,7760,0,62360
FINNIFTY02JAN2419000PE.NFO,02/01/2024,09:28:54,0.25,0.2,39640,0.25,6960,800,62360
FINNIFTY02JAN2419000PE.NFO,02/01/2024,09:29:05,0.25,0.2,39640,0.25,4960,2000,62360
FINNIFTY02JAN2419000PE.NFO,02/01/2024,09:29:28,0.25,0.2,39640,0.25,4960,0,62360
FINNIFTY02JAN2419000PE.NFO,02/01/2024,09:29:58,0.25,0.2,39640,0.25,6440,0,62360
FINNIFTY02JAN2419000PE.NFO,02/01/2024,09:30:08,0.2,0.2,38160,0.25,4960,1480,72040
FINNIFTY02JAN2419000PE.NFO,02/01/2024,09:30:38,0.2,0.2,38160,0.25,4960,0,72040
FINNIFTY02JAN2419000PE.NFO,02/01/2024,09:30:58,0.25,0.2,38160,0.25,4200,760,72040
FINNIFTY02JAN2419000PE.NFO,02/01/2024,09:31:10,0.25,0.2,38160,0.25,4200,0,72040
FINNIFTY02JAN2419000PE.NFO,02/01/2024,09:31:20,0.2,0.2,38040,0.25,3680,640,72040
FINNIFTY02JAN2419000PE.NFO,02/01/2024,09:31:39,0.2,0.2,37160,0.25,3680,880,72040
FINNIFTY02JAN2419000PE.NFO,02/01/2024,09:31:59,0.2,0.2,37160,0.25,3680,0,72040
FINNIFTY02JAN2419000PE.NFO,02/01/2024,09:32:08,0.25,0.2,37160,0.25,3280,400,72040
FINNIFTY02JAN2419000PE.NFO,02/01/2024,09:32:18,0.25,0.2,37160,0.25,3280,0,72040
FINNIFTY02JAN2419000PE.NFO,02/01/2024,09:32:28,0.2,0.2,36960,0.25,3280,200,72040
FINNIFTY02JAN2419000PE.NFO,02/01/2024,09:33:26,0.25,0.2,36960,0.25,3520,120,74240
FINNIFTY02JAN2419000PE.NFO,02/01/2024,09:33:36,0.25,0.2,36960,0.25,3400,120,74240
FINNIFTY02JAN2419000PE.NFO,02/01/2024,09:33:45,0.25,0.2,37600,0.25,4320,120,74240
FINNIFTY02JAN2419000PE.NFO,02/01/2024,09:33:55,0.25,0.2,37600,0.25,4320,0,74240
FINNIFTY02JAN2419000PE.NFO,02/01/2024,09:34:05,0.25,0.2,37600,0.25,3560,120,74240
FINNIFTY02JAN2419000PE.NFO,02/01/2024,09:34:14,0.25,0.2,37600,0.25,3560,0,74240
FINNIFTY02JAN2419000PE.NFO,02/01/2024,09:34:23,0.2,0.2,37560,0.25,3560,40,74240
FINNIFTY02JAN2419000PE.NFO,02/01/2024,09:34:41,0.2,0.2,37560,0.25,3560,0,74240
FINNIFTY02JAN2419000PE.NFO,02/01/2024,09:34:50,0.2,0.2,37520,0.25,3560,40,74240
FINNIFTY02JAN2419000PE.NFO,02/01/2024,09:34:59,0.25,0.2,37480,0.25,3200,160,74240
FINNIFTY02JAN2419000PE.NFO,02/01/2024,09:35:08,0.25,0.2,37480,0.25,3320,120,74240
FINNIFTY02JAN2419000PE.NFO,02/01/2024,09:35:17,0.25,0.2,39280,0.25,3320,0,74240
FINNIFTY02JAN2419000PE.NFO,02/01/2024,09:35:27,0.25,0.2,39280,0.25,5240,120,74240
FINNIFTY02JAN2419000PE.NFO,02/01/2024,09:35:37,0.25,0.2,39280,0.25,3480,0,74240
FINNIFTY02JAN2419000PE.NFO,02/01/2024,09:35:46,0.25,0.2,39280,0.25,3200,280,75080
FINNIFTY02JAN2419000PE.NFO,02/01/2024,09:36:24,0.25,0.2,39280,0.25,2960,240,75080
FINNIFTY02JAN2419000PE.NFO,02/01/2024,09:36:33,0.25,0.2,40520,0.25,1680,1920,75080
FINNIFTY02JAN2419000PE.NFO,02/01/2024,09:36:51,0.25,0.2,40520,0.25,1560,120,75080
FINNIFTY02JAN2419000PE.NFO,02/01/2024,09:38:10,0.25,0.2,40520,0.25,1800,0,75080
FINNIFTY02JAN2419000PE.NFO,02/01/2024,09:38:19,0.25,0.2,40520,0.25,1840,0,75080
FINNIFTY02JAN2419000PE.NFO,02/01/2024,09:38:48,0.25,0.2,40520,0.25,3280,0,75080
FINNIFTY02JAN2419000PE.NFO,02/01/2024,09:38:57,0.25,0.2,40520,0.25,7160,0,75080
FINNIFTY02JAN2419000PE.NFO,02/01/2024,09:40:05,0.2,0.2,40480,0.25,7160,40,77640
FINNIFTY02JAN2419000PE.NFO,02/01/2024,09:40:36,0.2,0.2,40480,0.25,7160,0,77640
FINNIFTY02JAN2419000PE.NFO,02/01/2024,09:40:57,0.2,0.2,40480,0.25,14360,0,77640
FINNIFTY02JAN2419000PE.NFO,02/01/2024,09:41:07,0.2,0.2,40480,0.25,17240,0,77640
FINNIFTY02JAN2419000PE.NFO,02/01/2024,09:42:44,0.2,0.2,30480,0.25,25880,10000,77640
FINNIFTY02JAN2419000PE.NFO,02/01/2024,09:42:53,0.2,0.2,20760,0.25,36240,10000,77640
FINNIFTY02JAN2419000PE.NFO,02/01/2024,09:43:14,0.2,0.2,20920,0.25,36240,0,77640
FINNIFTY02JAN2419000PE.NFO,02/01/2024,09:43:34,0.2,0.2,19720,0.25,37680,1200,77640
FINNIFTY02JAN2419000PE.NFO,02/01/2024,09:43:44,0.2,0.2,15400,0.25,37680,0,77640
FINNIFTY02JAN2419000PE.NFO,02/01/2024,09:43:53,0.2,0.2,12520,0.25,37520,0,77640
FINNIFTY02JAN2419000PE.NFO,02/01/2024,09:44:30,0.2,0.2,10720,0.25,37520,0,77640
FINNIFTY02JAN2419000PE.NFO,02/01/2024,09:44:39,0.2,0.2,8920,0.25,37520,0,77640
FINNIFTY02JAN2419000PE.NFO,02/01/2024,09:44:57,0.2,0.2,8920,0.25,36240,0,77640
FINNIFTY02JAN2419000PE.NFO,02/01/2024,09:45:07,0.2,0.2,8920,0.25,37680,0,77640
FINNIFTY02JAN2419000PE.NFO,02/01/2024,09:45:35,0.2,0.2,7520,0.25,37680,1400,97400
FINNIFTY02JAN2419000PE.NFO,02/01/2024,09:46:04,0.25,0.2,7520,0.25,37560,120,97400
FINNIFTY02JAN2419000PE.NFO,02/01/2024,09:46:14,0.25,0.2,7800,0.25,37280,280,97400
FINNIFTY02JAN2419000PE.NFO,02/01/2024,09:46:24,0.25,0.2,7800,0.25,39040,0,97400
FINNIFTY02JAN2419000PE.NFO,02/01/2024,09:46:33,0.25,0.2,7800,0.25,38840,120,97400
FINNIFTY02JAN2419000PE.NFO,02/01/2024,09:47:20,0.25,0.2,7800,0.25,40640,0,97400
FINNIFTY02JAN2419000PE.NFO,02/01/2024,09:48:05,0.25,0.2,7800,0.25,40600,0,97400
FINNIFTY02JAN2419000PE.NFO,02/01/2024,09:49:38,0.2,0.2,6760,0.25,40600,1040,98280
FINNIFTY02JAN2419000PE.NFO,02/01/2024,09:50:05,0.2,0.2,6760,0.25,40640,0,98280
FINNIFTY02JAN2419000PE.NFO,02/01/2024,09:51:47,0.2,0.2,6760,0.25,42440,0,98280
FINNIFTY02JAN2419000PE.NFO,02/01/2024,09:53:27,0.2,0.2,6720,0.25,42440,40,97240
FINNIFTY02JAN2419000PE.NFO,02/01/2024,09:53:36,0.2,0.2,6720,0.25,42440,0,97240
FINNIFTY02JAN2419000PE.NFO,02/01/2024,09:55:01,0.2,0.2,8000,0.25,42400,480,97200
FINNIFTY02JAN2419000PE.NFO,02/01/2024,09:55:42,0.2,0.2,8000,0.25,42400,0,97200
FINNIFTY02JAN2419000PE.NFO,02/01/2024,09:56:03,0.2,0.2,7800,0.25,42400,200,97200
FINNIFTY02JAN2419000PE.NFO,02/01/2024,09:56:29,0.2,0.2,7800,0.25,42400,0,97200
FINNIFTY02JAN2419000PE.NFO,02/01/2024,09:56:41,0.2,0.2,8800,0.25,38800,3800,96520
FINNIFTY02JAN2419000PE.NFO,02/01/2024,09:56:53,0.2,0.2,3760,0.25,36400,760,96520
FINNIFTY02JAN2419000PE.NFO,02/01/2024,09:57:04,0.2,0.2,7800,0.25,36400,200,96520
FINNIFTY02JAN2419000PE.NFO,02/01/2024,09:57:17,0.2,0.2,7800,0.25,36400,0,96520
FINNIFTY02JAN2419000PE.NFO,02/01/2024,09:57:30,0.2,0.2,3560,0.25,36400,0,96520
FINNIFTY02JAN2419000PE.NFO,02/01/2024,09:58:05,0.2,0.2,3360,0.25,39840,200,96520
FINNIFTY02JAN2419000PE.NFO,02/01/2024,09:58:16,0.2,0.15,85520,0.2,240,3360,96520
FINNIFTY02JAN2419000PE.NFO,02/01/2024,09:58:41,0.2,0.15,89120,0.2,240,0,96520
FINNIFTY02JAN2419000PE.NFO,02/01/2024,09:58:51,0.2,0.15,85520,0.2,240,0,96520
FINNIFTY02JAN2419000PE.NFO,02/01/2024,09:59:02,0.2,0.15,89120,0.2,1200,0,96520
FINNIFTY02JAN2419000PE.NFO,02/01/2024,09:59:13,0.2,0.15,89120,0.2,240,0,96520
FINNIFTY02JAN2419000PE.NFO,02/01/2024,09:59:25,0.2,0.15,85520,0.2,240,0,96520
FINNIFTY02JAN2419000PE.NFO,02/01/2024,10:00:10,0.2,0.15,88920,0.25,41800,480,95360
FINNIFTY02JAN2419000PE.NFO,02/01/2024,10:01:08,0.2,0.15,88920,0.2,1000,0,95360
FINNIFTY02JAN2419000PE.NFO,02/01/2024,10:01:30,0.15,0.15,85720,0.2,1280,3200,95360
FINNIFTY02JAN2419000PE.NFO,02/01/2024,10:01:41,0.15,0.15,76560,0.2,1080,0,95360
FINNIFTY02JAN2419000PE.NFO,02/01/2024,10:01:51,0.15,0.15,74760,0.2,1080,1800,95360
FINNIFTY02JAN2419000PE.NFO,02/01/2024,10:02:02,0.15,0.15,73160,0.2,7720,1600,95360
FINNIFTY02JAN2419000PE.NFO,02/01/2024,10:02:43,0.15,0.15,72960,0.2,9320,200,95600
FINNIFTY02JAN2419000PE.NFO,02/01/2024,10:02:53,0.15,0.15,72960,0.2,9320,0,95600
FINNIFTY02JAN2419000PE.NFO,02/01/2024,10:04:30,0.15,0.15,72760,0.2,9320,200,95600
FINNIFTY02JAN2419000PE.NFO,02/01/2024,10:05:02,0.15,0.15,72520,0.2,9760,240,95600
FINNIFTY02JAN2419000PE.NFO,02/01/2024,10:05:22,0.15,0.15,72320,0.2,9960,200,95600
FINNIFTY02JAN2419000PE.NFO,02/01/2024,10:10:56,0.2,0.15,73160,0.2,8360,3600,96440
FINNIFTY02JAN2419000PE.NFO,02/01/2024,10:12:12,0.2,0.15,73880,0.2,10360,0,96440
FINNIFTY02JAN2419000PE.NFO,02/01/2024,10:15:24,0.2,0.15,73880,0.2,10160,200,94640
FINNIFTY02JAN2419000PE.NFO,02/01/2024,10:16:13,0.2,0.15,73880,0.2,10320,0,94640
FINNIFTY02JAN2419000PE.NFO,02/01/2024,10:19:45,0.2,0.15,73880,0.2,10760,0,94640
FINNIFTY02JAN2419000PE.NFO,02/01/2024,10:21:22,0.2,0.15,73880,0.2,19400,0,94640
FINNIFTY02JAN2419000PE.NFO,02/01/2024,10:22:41,0.2,0.15,63800,0.2,19400,0,94640
FINNIFTY02JAN2419000PE.NFO,02/01/2024,10:24:01,0.2,0.15,54800,0.2,19400,0,94640
FINNIFTY02JAN2419000PE.NFO,02/01/2024,10:25:57,0.2,0.15,55280,0.2,19200,680,94840
FINNIFTY02JAN2419000PE.NFO,02/01/2024,10:26:07,0.2,0.15,55880,0.2,18520,680,94840
FINNIFTY02JAN2419000PE.NFO,02/01/2024,10:26:30,0.2,0.15,56360,0.2,18280,240,94840
FINNIFTY02JAN2419000PE.NFO,02/01/2024,10:26:42,0.2,0.15,56360,0.2,16680,1600,97360
FINNIFTY02JAN2419000PE.NFO,02/01/2024,10:26:54,0.2,0.15,56360,0.2,10640,280,97360
FINNIFTY02JAN2419000PE.NFO,02/01/2024,10:27:05,0.2,0.15,56360,0.2,7760,0,97360
FINNIFTY02JAN2419000PE.NFO,02/01/2024,10:27:36,0.2,0.15,56360,0.2,7640,120,97360
FINNIFTY02JAN2419000PE.NFO,02/01/2024,10:28:08,0.2,0.15,56360,0.2,7520,120,97360
FINNIFTY02JAN2419000PE.NFO,02/01/2024,10:29:28,0.2,0.15,56360,0.2,7240,280,97360
FINNIFTY02JAN2419000PE.NFO,02/01/2024,10:30:22,0.2,0.15,56360,0.2,7120,120,98760
FINNIFTY02JAN2419000PE.NFO,02/01/2024,10:30:33,0.2,0.15,56360,0.2,7000,120,98760
FINNIFTY02JAN2419000PE.NFO,02/01/2024,10:31:55,0.2,0.15,56360,0.2,6880,120,98760
FINNIFTY02JAN2419000PE.NFO,02/01/2024,10:32:05,0.2,0.15,56360,0.2,6480,400,98760
FINNIFTY02JAN2419000PE.NFO,02/01/2024,10:32:16,0.2,0.15,56360,0.2,2880,3600,98760
FINNIFTY02JAN2419000PE.NFO,02/01/2024,10:35:23,0.15,0.15,56240,0.2,2880,120,97160
FINNIFTY02JAN2419000PE.NFO,02/01/2024,10:36:37,0.15,0.15,56040,0.2,3000,200,97160
FINNIFTY02JAN2419000PE.NFO,02/01/2024,10:36:49,0.15,0.15,55840,0.2,3400,200,97160
FINNIFTY02JAN2419000PE.NFO,02/01/2024,10:37:01,0.15,0.15,55840,0.2,3400,0,97160
FINNIFTY02JAN2419000PE.NFO,02/01/2024,10:38:37,0.2,0.15,55840,0.2,3360,40,97160
FINNIFTY02JAN2419000PE.NFO,02/01/2024,10:39:22,0.2,0.15,55840,0.2,3800,0,97160
FINNIFTY02JAN2419000PE.NFO,02/01/2024,10:48:53,0.2,0.15,55880,0.2,3800,0,97160
FINNIFTY02JAN2419000PE.NFO,02/01/2024,10:49:55,0.2,0.15,55880,0.2,7000,0,97160
FINNIFTY02JAN2419000PE.NFO,02/01/2024,10:51:47,0.2,0.15,55880,0.2,15640,0,97160
FINNIFTY02JAN2419000PE.NFO,02/01/2024,10:52:16,0.2,0.15,55880,0.2,15600,40,97600
FINNIFTY02JAN2419000PE.NFO,02/01/2024,10:52:26,0.2,0.15,55880,0.2,15600,0,97600
FINNIFTY02JAN2419000PE.NFO,02/01/2024,10:52:45,0.2,0.15,55880,0.2,15560,40,97600
FINNIFTY02JAN2419000PE.NFO,02/01/2024,10:52:55,0.2,0.15,55880,0.2,15560,0,97600
FINNIFTY02JAN2419000PE.NFO,02/01/2024,10:54:50,0.2,0.15,55880,0.2,22760,0,97600
FINNIFTY02JAN2419000PE.NFO,02/01/2024,10:54:59,0.2,0.15,55880,0.2,45560,0,97600
FINNIFTY02JAN2419000PE.NFO,02/01/2024,10:55:36,0.2,0.15,48680,0.2,45560,0,97600
FINNIFTY02JAN2419000PE.NFO,02/01/2024,10:55:46,0.2,0.15,46880,0.2,45560,0,97600
FINNIFTY02JAN2419000PE.NFO,02/01/2024,10:55:55,0.2,0.15,34280,0.2,45560,0,97600
FINNIFTY02JAN2419000PE.NFO,02/01/2024,10:56:05,0.2,0.15,33640,0.2,45560,0,97600
FINNIFTY02JAN2419000PE.NFO,02/01/2024,10:58:01,0.2,0.15,33640,0.2,45360,200,97600
FINNIFTY02JAN2419000PE.NFO,02/01/2024,10:59:17,0.2,0.15,33640,0.2,46000,0,97600
FINNIFTY02JAN2419000PE.NFO,02/01/2024,10:59:27,0.2,0.15,33640,0.2,46520,0,97600
FINNIFTY02JAN2419000PE.NFO,02/01/2024,11:02:31,0.2,0.15,33640,0.2,46480,40,97600
FINNIFTY02JAN2419000PE.NFO,02/01/2024,11:03:27,0.2,0.15,33640,0.2,46480,0,97600
FINNIFTY02JAN2419000PE.NFO,02/01/2024,11:09:58,0.2,0.15,34120,0.2,41640,0,97600
FINNIFTY02JAN2419000PE.NFO,02/01/2024,11:10:17,0.15,0.15,25720,0.2,45240,1200,97600
FINNIFTY02JAN2419000PE.NFO,02/01/2024,11:10:26,0.15,0.15,20320,0.2,41640,2400,97600
FINNIFTY02JAN2419000PE.NFO,02/01/2024,11:10:35,0.15,0.15,19640,0.2,44720,680,97600
FINNIFTY02JAN2419000PE.NFO,02/01/2024,11:10:53,0.15,0.15,22040,0.2,41120,1200,97600
FINNIFTY02JAN2419000PE.NFO,02/01/2024,11:11:03,0.15,0.15,22040,0.2,49280,0,97600
FINNIFTY02JAN2419000PE.NFO,02/01/2024,11:11:12,0.15,0.15,22040,0.2,44000,0,97600
FINNIFTY02JAN2419000PE.NFO,02/01/2024,11:11:21,0.15,0.15,14840,0.2,44000,0,97600
FINNIFTY02JAN2419000PE.NFO,02/01/2024,11:12:06,0.2,0.15,14840,0.2,43800,200,96600
FINNIFTY02JAN2419000PE.NFO,02/01/2024,11:13:11,0.2,0.15,14800,0.2,43600,200,96600
FINNIFTY02JAN2419000PE.NFO,02/01/2024,11:14:00,0.2,0.15,18400,0.2,42960,0,96600
FINNIFTY02JAN2419000PE.NFO,02/01/2024,11:15:27,0.2,0.15,22000,0.2,49680,0,96600
FINNIFTY02JAN2419000PE.NFO,02/01/2024,11:15:37,0.2,0.15,22360,0.2,49480,200,96360
FINNIFTY02JAN2419000PE.NFO,02/01/2024,11:15:47,0.2,0.15,22360,0.2,49280,200,96360
FINNIFTY02JAN2419000PE.NFO,02/01/2024,11:16:18,0.2,0.15,22360,0.2,48840,440,96360
FINNIFTY02JAN2419000PE.NFO,02/01/2024,11:16:27,0.2,0.15,22360,0.2,18840,0,96360
FINNIFTY02JAN2419000PE.NFO,02/01/2024,11:18:02,0.2,0.15,22400,0.2,18840,0,96360
FINNIFTY02JAN2419000PE.NFO,02/01/2024,11:18:30,0.2,0.15,22360,0.2,18840,0,96360
FINNIFTY02JAN2419000PE.NFO,02/01/2024,11:24:58,0.2,0.15,22360,0.2,17400,0,96360
FINNIFTY02JAN2419000PE.NFO,02/01/2024,11:25:54,0.2,0.15,22360,0.2,15600,1800,96600
FINNIFTY02JAN2419000PE.NFO,02/01/2024,11:26:03,0.2,0.15,22360,0.2,15600,0,96600
FINNIFTY02JAN2419000PE.NFO,02/01/2024,11:27:27,0.2,0.15,22360,0.2,16400,0,96600
FINNIFTY02JAN2419000PE.NFO,02/01/2024,11:27:36,0.15,0.15,22160,0.2,16400,200,96680
FINNIFTY02JAN2419000PE.NFO,02/01/2024,11:27:45,0.15,0.15,22160,0.2,16400,0,96680
FINNIFTY02JAN2419000PE.NFO,02/01/2024,11:33:38,0.15,0.15,21960,0.2,16400,200,96880
FINNIFTY02JAN2419000PE.NFO,02/01/2024,11:34:32,0.15,0.15,21760,0.2,16400,200,96880
FINNIFTY02JAN2419000PE.NFO,02/01/2024,11:35:36,0.15,0.15,21760,0.2,16640,0,96880
FINNIFTY02JAN2419000PE.NFO,02/01/2024,11:35:53,0.15,0.15,21760,0.2,16840,0,96880
FINNIFTY02JAN2419000PE.NFO,02/01/2024,11:36:21,0.15,0.15,21560,0.2,16840,200,97280
FINNIFTY02JAN2419000PE.NFO,02/01/2024,11:38:33,0.15,0.15,21560,0.2,20400,0,97280
FINNIFTY02JAN2419000PE.NFO,02/01/2024,11:39:02,0.15,0.15,22440,0.2,20400,0,97280
FINNIFTY02JAN2419000PE.NFO,02/01/2024,11:43:43,0.2,0.15,22440,0.2,20240,200,97480
FINNIFTY02JAN2419000PE.NFO,02/01/2024,11:44:02,0.2,0.15,22440,0.2,20040,200,97480
FINNIFTY02JAN2419000PE.NFO,02/01/2024,11:44:58,0.2,0.15,22440,0.2,20040,0,97480
FINNIFTY02JAN2419000PE.NFO,02/01/2024,11:45:35,0.2,0.15,22440,0.2,20080,0,97480
FINNIFTY02JAN2419000PE.NFO,02/01/2024,11:45:54,0.15,0.15,22240,0.2,20080,200,97080
FINNIFTY02JAN2419000PE.NFO,02/01/2024,11:46:03,0.15,0.15,21800,0.2,20080,440,97080
FINNIFTY02JAN2419000PE.NFO,02/01/2024,11:46:13,0.15,0.15,21600,0.2,20080,200,97080
FINNIFTY02JAN2419000PE.NFO,02/01/2024,11:46:31,0.15,0.15,21400,0.2,20080,200,97080
FINNIFTY02JAN2419000PE.NFO,02/01/2024,11:46:40,0.15,0.15,21120,0.2,20080,280,97080
FINNIFTY02JAN2419000PE.NFO,02/01/2024,11:46:50,0.15,0.15,21120,0.2,20080,0,97080
FINNIFTY02JAN2419000PE.NFO,02/01/2024,11:47:08,0.15,0.15,21120,0.2,21520,0,97080
FINNIFTY02JAN2419000PE.NFO,02/01/2024,11:49:01,0.2,0.15,21120,0.2,20320,1200,98400
FINNIFTY02JAN2419000PE.NFO,02/01/2024,11:49:53,0.2,0.15,21120,0.2,50320,0,98400
FINNIFTY02JAN2419000PE.NFO,02/01/2024,11:51:31,0.2,0.15,21120,0.2,49120,1200,97200
FINNIFTY02JAN2419000PE.NFO,02/01/2024,11:52:08,0.15,0.15,20920,0.2,49120,200,97200
FINNIFTY02JAN2419000PE.NFO,02/01/2024,11:53:03,0.15,0.15,20920,0.2,49960,0,97200
FINNIFTY02JAN2419000PE.NFO,02/01/2024,11:53:39,0.15,0.15,19720,0.2,49960,1200,97200
FINNIFTY02JAN2419000PE.NFO,02/01/2024,11:53:47,0.15,0.15,19720,0.2,51400,0,97200
FINNIFTY02JAN2419000PE.NFO,02/01/2024,11:55:34,0.15,0.15,19720,0.2,51200,0,97200
FINNIFTY02JAN2419000PE.NFO,02/01/2024,11:56:00,0.15,0.15,19520,0.2,51200,200,97400
FINNIFTY02JAN2419000PE.NFO,02/01/2024,11:56:09,0.15,0.15,19520,0.2,51240,0,97400
FINNIFTY02JAN2419000PE.NFO,02/01/2024,11:57:08,0.15,0.15,19520,0.2,51280,0,97400
FINNIFTY02JAN2419000PE.NFO,02/01/2024,12:01:06,0.15,0.15,19320,0.2,51480,200,97600
FINNIFTY02JAN2419000PE.NFO,02/01/2024,12:01:33,0.15,0.15,19320,0.2,51400,0,97600
FINNIFTY02JAN2419000PE.NFO,02/01/2024,12:01:51,0.2,0.15,19320,0.2,50280,1200,97600
FINNIFTY02JAN2419000PE.NFO,02/01/2024,12:02:17,0.2,0.15,19320,0.2,50280,0,97600
FINNIFTY02JAN2419000PE.NFO,02/01/2024,12:04:21,0.2,0.15,19320,0.2,50120,0,97600
FINNIFTY02JAN2419000PE.NFO,02/01/2024,12:04:31,0.2,0.15,19320,0.2,50280,0,97600
FINNIFTY02JAN2419000PE.NFO,02/01/2024,12:10:30,0.15,0.15,17520,0.2,50280,1800,96600
FINNIFTY02JAN2419000PE.NFO,02/01/2024,12:11:33,0.15,0.15,17520,0.2,51720,0,96600
FINNIFTY02JAN2419000PE.NFO,02/01/2024,12:11:42,0.15,0.15,17520,0.2,52120,0,96600
FINNIFTY02JAN2419000PE.NFO,02/01/2024,12:11:51,0.15,0.15,17520,0.2,52360,0,96600
FINNIFTY02JAN2419000PE.NFO,02/01/2024,12:15:59,0.15,0.15,16000,0.2,52360,1520,98400
FINNIFTY02JAN2419000PE.NFO,02/01/2024,12:16:19,0.15,0.15,16000,0.2,52040,0,98400
FINNIFTY02JAN2419000PE.NFO,02/01/2024,12:16:29,0.15,0.15,16000,0.2,53480,0,98400
FINNIFTY02JAN2419000PE.NFO,02/01/2024,12:16:50,0.15,0.15,14200,0.2,53480,1800,98400
FINNIFTY02JAN2419000PE.NFO,02/01/2024,12:16:59,0.15,0.15,10600,0.2,53480,3600,98400
FINNIFTY02JAN2419000PE.NFO,02/01/2024,12:17:10,0.15,0.15,10600,0.2,57800,0,98400
FINNIFTY02JAN2419000PE.NFO,02/01/2024,12:17:21,0.2,0.15,8800,0.2,59400,2040,98400
FINNIFTY02JAN2419000PE.NFO,02/01/2024,12:17:32,0.2,0.15,8800,0.2,60400,0,98400
FINNIFTY02JAN2419000PE.NFO,02/01/2024,12:17:41,0.2,0.15,8800,0.2,60200,0,98400
FINNIFTY02JAN2419000PE.NFO,02/01/2024,12:18:37,0.15,0.15,7000,0.2,60200,1800,103520
FINNIFTY02JAN2419000PE.NFO,02/01/2024,12:21:21,0.2,0.15,7000,0.2,60000,200,103520
FINNIFTY02JAN2419000PE.NFO,02/01/2024,12:22:10,0.2,0.15,7000,0.2,60000,0,103520
FINNIFTY02JAN2419000PE.NFO,02/01/2024,12:26:57,0.15,0.15,5400,0.2,60000,1600,103320
FINNIFTY02JAN2419000PE.NFO,02/01/2024,12:27:23,0.15,0.1,119280,0.15,43960,6080,103320
FINNIFTY02JAN2419000PE.NFO,02/01/2024,12:27:32,0.15,0.1,119280,0.15,52400,0,103320
FINNIFTY02JAN2419000PE.NFO,02/01/2024,12:27:49,0.15,0.1,121240,0.15,52400,0,103320
FINNIFTY02JAN2419000PE.NFO,02/01/2024,12:27:59,0.15,0.1,121240,0.15,54640,0,103320
FINNIFTY02JAN2419000PE.NFO,02/01/2024,12:28:17,0.15,0.1,121240,0.15,54440,200,103320
FINNIFTY02JAN2419000PE.NFO,02/01/2024,12:28:26,0.15,0.1,121240,0.15,54360,0,103320
FINNIFTY02JAN2419000PE.NFO,02/01/2024,12:28:44,0.15,0.1,121240,0.15,55120,0,103320
FINNIFTY02JAN2419000PE.NFO,02/01/2024,12:30:21,0.15,0.1,116240,0.15,55120,0,103320
FINNIFTY02JAN2419000PE.NFO,02/01/2024,12:32:33,0.15,0.1,112640,0.15,55120,0,103320
FINNIFTY02JAN2419000PE.NFO,02/01/2024,12:32:42,0.15,0.1,107240,0.15,55120,0,103320
FINNIFTY02JAN2419000PE.NFO,02/01/2024,12:38:11,0.15,0.1,107240,0.15,55040,0,103320
FINNIFTY02JAN2419000PE.NFO,02/01/2024,12:39:05,0.15,0.1,107240,0.15,55560,0,103320
FINNIFTY02JAN2419000PE.NFO,02/01/2024,12:39:40,0.1,0.1,106800,0.15,55560,440,99080
FINNIFTY02JAN2419000PE.NFO,02/01/2024,12:39:40,0.1,0.1,106800,0.15,55560,0,99080
FINNIFTY02JAN2419000PE.NFO,02/01/2024,12:39:48,0.1,0.1,106800,0.15,55560,0,99080
FINNIFTY02JAN2419000PE.NFO,02/01/2024,12:39:56,0.1,0.1,106800,0.15,56000,0,99080
FINNIFTY02JAN2419000PE.NFO,02/01/2024,12:40:22,0.1,0.1,106800,0.15,56040,0,99080
FINNIFTY02JAN2419000PE.NFO,02/01/2024,12:40:32,0.1,0.1,106680,0.15,56160,120,99080
FINNIFTY02JAN2419000PE.NFO,02/01/2024,12:41:31,0.1,0.1,106160,0.15,56160,520,99080
FINNIFTY02JAN2419000PE.NFO,02/01/2024,12:41:51,0.1,0.1,106160,0.15,56800,0,99080
FINNIFTY02JAN2419000PE.NFO,02/01/2024,12:42:27,0.1,0.1,105520,0.15,56160,640,99640
FINNIFTY02JAN2419000PE.NFO,02/01/2024,12:45:12,0.1,0.1,105520,0.15,58600,0,99640
FINNIFTY02JAN2419000PE.NFO,02/01/2024,12:45:55,0.1,0.1,100120,0.15,58600,0,99640
FINNIFTY02JAN2419000PE.NFO,02/01/2024,12:46:04,0.1,0.1,96520,0.15,58600,0,99640
FINNIFTY02JAN2419000PE.NFO,02/01/2024,12:46:22,0.1,0.1,91120,0.15,58600,0,99640
FINNIFTY02JAN2419000PE.NFO,02/01/2024,12:46:30,0.1,0.1,80320,0.15,58600,0,99640
FINNIFTY02JAN2419000PE.NFO,02/01/2024,12:46:39,0.1,0.1,45960,0.15,58600,0,99640
FINNIFTY02JAN2419000PE.NFO,02/01/2024,12:46:47,0.1,0.1,37320,0.15,49960,8640,99640
FINNIFTY02JAN2419000PE.NFO,02/01/2024,12:46:56,0.1,0.1,14280,0.15,26960,23040,99640
FINNIFTY02JAN2419000PE.NFO,02/01/2024,12:47:05,0.1,0.1,14280,0.15,26920,0,99640
FINNIFTY02JAN2419000PE.NFO,02/01/2024,12:47:14,0.1,0.1,1040,0.15,25120,13280,99640
FINNIFTY02JAN2419000PE.NFO,02/01/2024,12:47:23,0.1,0.05,167920,0.15,25120,10440,99640
FINNIFTY02JAN2419000PE.NFO,02/01/2024,12:47:32,0.1,0.05,171520,0.1,13440,2920,99640
FINNIFTY02JAN2419000PE.NFO,02/01/2024,12:47:41,0.1,0.05,171520,0.1,17040,0,99640
FINNIFTY02JAN2419000PE.NFO,02/01/2024,12:48:26,0.1,0.05,175120,0.1,15240,0,99640
FINNIFTY02JAN2419000PE.NFO,02/01/2024,12:48:44,0.1,0.05,170120,0.1,15240,0,99640
FINNIFTY02JAN2419000PE.NFO,02/01/2024,12:50:57,0.1,0.05,170120,0.1,17040,0,99640
FINNIFTY02JAN2419000PE.NFO,02/01/2024,12:51:34,0.1,0.05,171320,0.1,16840,200,82680
FINNIFTY02JAN2419000PE.NFO,02/01/2024,12:52:01,0.1,0.05,171320,0.1,18080,0,82680
FINNIFTY02JAN2419000PE.NFO,02/01/2024,12:52:35,0.1,0.05,171320,0.1,17880,2920,82680
FINNIFTY02JAN2419000PE.NFO,02/01/2024,12:52:44,0.1,0.05,171320,0.1,19680,0,82680
FINNIFTY02JAN2419000PE.NFO,02/01/2024,12:52:53,0.1,0.05,173120,0.1,19680,0,82680
FINNIFTY02JAN2419000PE.NFO,02/01/2024,12:53:01,0.1,0.05,173800,0.1,19680,0,82680
FINNIFTY02JAN2419000PE.NFO,02/01/2024,12:56:10,0.1,0.05,155800,0.1,20360,0,82680
FINNIFTY02JAN2419000PE.NFO,02/01/2024,12:58:20,0.1,0.05,157400,0.1,19960,400,83120
FINNIFTY02JAN2419000PE.NFO,02/01/2024,13:00:41,0.1,0.05,157400,0.1,19920,40,83120
FINNIFTY02JAN2419000PE.NFO,02/01/2024,13:01:51,0.1,0.05,157400,0.1,19920,0,83120
FINNIFTY02JAN2419000PE.NFO,02/01/2024,13:03:24,0.1,0.05,157360,0.1,19920,0,83120
FINNIFTY02JAN2419000PE.NFO,02/01/2024,13:04:15,0.1,0.05,157400,0.1,19920,0,83120
FINNIFTY02JAN2419000PE.NFO,02/01/2024,13:04:35,0.05,0.05,157400,0.1,19920,40,83080
FINNIFTY02JAN2419000PE.NFO,02/01/2024,13:04:35,0.05,0.05,157400,0.1,19920,0,83080
FINNIFTY02JAN2419000PE.NFO,02/01/2024,13:04:45,0.05,0.05,157400,0.1,19920,0,83080
FINNIFTY02JAN2419000PE.NFO,02/01/2024,13:04:55,0.05,0.05,157400,0.1,19960,0,83080
FINNIFTY02JAN2419000PE.NFO,02/01/2024,13:05:40,0.1,0.05,157400,0.1,19760,200,83080
FINNIFTY02JAN2419000PE.NFO,02/01/2024,13:06:51,0.05,0.05,157360,0.1,19800,40,82920
FINNIFTY02JAN2419000PE.NFO,02/01/2024,13:07:18,0.05,0.05,157360,0.1,19800,0,82920
FINNIFTY02JAN2419000PE.NFO,02/01/2024,13:07:53,0.05,0.05,155560,0.1,19800,0,82920
FINNIFTY02JAN2419000PE.NFO,02/01/2024,13:09:17,0.05,0.05,155600,0.1,19800,0,82920
FINNIFTY02JAN2419000PE.NFO,02/01/2024,13:10:01,0.1,0.05,155600,0.1,19760,40,82920
FINNIFTY02JAN2419000PE.NFO,02/01/2024,13:10:54,0.1,0.05,155600,0.1,19760,0,82920
FINNIFTY02JAN2419000PE.NFO,02/01/2024,13:16:51,0.1,0.05,155560,0.1,19760,0,82920
FINNIFTY02JAN2419000PE.NFO,02/01/2024,13:18:40,0.1,0.05,155560,0.1,17960,0,82920
FINNIFTY02JAN2419000PE.NFO,02/01/2024,13:21:13,0.1,0.05,155560,0.1,17760,200,82920
FINNIFTY02JAN2419000PE.NFO,02/01/2024,13:21:22,0.1,0.05,155560,0.1,17760,0,82920
FINNIFTY02JAN2419000PE.NFO,02/01/2024,13:22:47,0.1,0.05,156840,0.1,17760,0,82920
FINNIFTY02JAN2419000PE.NFO,02/01/2024,13:25:15,0.1,0.05,156800,0.1,17760,0,82920
FINNIFTY02JAN2419000PE.NFO,02/01/2024,13:27:43,0.1,0.05,156840,0.1,17760,0,82920
FINNIFTY02JAN2419000PE.NFO,02/01/2024,13:28:59,0.1,0.05,156840,0.1,19560,0,82920
FINNIFTY02JAN2419000PE.NFO,02/01/2024,13:30:50,0.1,0.05,156840,0.1,18640,0,82920
FINNIFTY02JAN2419000PE.NFO,02/01/2024,13:33:23,0.1,0.05,156840,0.1,33760,0,82920
FINNIFTY02JAN2419000PE.NFO,02/01/2024,13:33:50,0.1,0.05,156800,0.1,33760,0,82920
FINNIFTY02JAN2419000PE.NFO,02/01/2024,13:35:31,0.05,0.05,120800,0.1,33720,80,82720
FINNIFTY02JAN2419000PE.NFO,02/01/2024,13:35:40,0.05,0.05,120800,0.1,33680,0,82720
FINNIFTY02JAN2419000PE.NFO,02/01/2024,13:36:06,0.05,0.05,120800,0.1,33720,0,82720
FINNIFTY02JAN2419000PE.NFO,02/01/2024,13:36:42,0.05,0.05,120800,0.1,33680,0,82720
FINNIFTY02JAN2419000PE.NFO,02/01/2024,13:36:51,0.05,0.05,120800,0.1,33720,0,82720
FINNIFTY02JAN2419000PE.NFO,02/01/2024,13:37:01,0.05,0.05,120800,0.1,33680,0,82720
FINNIFTY02JAN2419000PE.NFO,02/01/2024,13:37:10,0.05,0.05,120800,0.1,33720,0,82720
FINNIFTY02JAN2419000PE.NFO,02/01/2024,13:37:19,0.1,0.05,120920,0.1,33680,40,82720
FINNIFTY02JAN2419000PE.NFO,02/01/2024,13:37:29,0.1,0.05,118440,0.1,34840,2440,82720
FINNIFTY02JAN2419000PE.NFO,02/01/2024,13:38:49,0.1,0.05,109480,0.1,34840,0,82720
FINNIFTY02JAN2419000PE.NFO,02/01/2024,13:38:58,0.1,0.05,102280,0.1,34840,0,82720
FINNIFTY02JAN2419000PE.NFO,02/01/2024,13:39:06,0.1,0.05,98680,0.1,34840,0,82720
FINNIFTY02JAN2419000PE.NFO,02/01/2024,13:39:41,0.1,0.05,98680,0.1,33120,1720,85080
FINNIFTY02JAN2419000PE.NFO,02/01/2024,13:42:05,0.1,0.05,87880,0.1,33120,0,85080
FINNIFTY02JAN2419000PE.NFO,02/01/2024,13:45:20,0.1,0.05,87880,0.1,32400,720,84480
FINNIFTY02JAN2419000PE.NFO,02/01/2024,13:45:37,0.05,0.05,87840,0.1,32400,40,84480
FINNIFTY02JAN2419000PE.NFO,02/01/2024,13:45:53,0.05,0.05,88840,0.1,32400,0,84480
FINNIFTY02JAN2419000PE.NFO,02/01/2024,13:47:51,0.05,0.05,89720,0.1,32400,0,84480
FINNIFTY02JAN2419000PE.NFO,02/01/2024,13:48:00,0.05,0.05,83280,0.1,22600,0,84480
FINNIFTY02JAN2419000PE.NFO,02/01/2024,13:48:09,0.05,0.05,78400,0.1,22600,0,84480
FINNIFTY02JAN2419000PE.NFO,02/01/2024,13:48:44,0.1,0.05,82000,0.1,22400,200,83720
FINNIFTY02JAN2419000PE.NFO,02/01/2024,13:49:33,0.1,0.05,78400,0.1,22400,0,83720
FINNIFTY02JAN2419000PE.NFO,02/01/2024,13:50:15,0.1,0.05,82000,0.1,22200,200,83720
FINNIFTY02JAN2419000PE.NFO,02/01/2024,13:50:33,0.1,0.05,78400,0.1,22200,0,83720
FINNIFTY02JAN2419000PE.NFO,02/01/2024,13:51:45,0.1,0.05,78440,0.1,22200,0,83720
FINNIFTY02JAN2419000PE.NFO,02/01/2024,13:52:22,0.1,0.05,82040,0.1,21960,240,83320
FINNIFTY02JAN2419000PE.NFO,02/01/2024,13:52:31,0.1,0.05,83320,0.1,25160,400,83320
FINNIFTY02JAN2419000PE.NFO,02/01/2024,13:52:41,0.1,0.05,79720,0.1,21560,0,83320
FINNIFTY02JAN2419000PE.NFO,02/01/2024,13:52:51,0.1,0.05,83320,0.1,21480,80,83320
FINNIFTY02JAN2419000PE.NFO,02/01/2024,13:53:08,0.05,0.05,82920,0.1,9960,400,83320
FINNIFTY02JAN2419000PE.NFO,02/01/2024,13:53:18,0.05,0.05,81320,0.1,14920,1880,83320
FINNIFTY02JAN2419000PE.NFO,02/01/2024,13:53:28,0.05,0.05,77720,0.1,14920,3600,83320
FINNIFTY02JAN2419000PE.NFO,02/01/2024,13:53:38,0.05,0.05,73720,0.1,14920,4000,83320
FINNIFTY02JAN2419000PE.NFO,02/01/2024,13:53:47,0.05,0.05,70920,0.1,14920,2800,83320
FINNIFTY02JAN2419000PE.NFO,02/01/2024,13:53:56,0.05,0.05,68920,0.1,14920,2000,83320
FINNIFTY02JAN2419000PE.NFO,02/01/2024,13:54:16,0.1,0.05,68920,0.1,14760,160,81520
FINNIFTY02JAN2419000PE.NFO,02/01/2024,13:54:25,0.1,0.05,68920,0.1,26680,2480,81520
FINNIFTY02JAN2419000PE.NFO,02/01/2024,13:54:34,0.1,0.05,68920,0.1,25000,1680,81520
FINNIFTY02JAN2419000PE.NFO,02/01/2024,13:54:44,0.1,0.05,68920,0.1,24240,800,81520
FINNIFTY02JAN2419000PE.NFO,02/01/2024,13:54:53,0.1,0.05,68920,0.1,24200,0,81520
FINNIFTY02JAN2419000PE.NFO,02/01/2024,13:55:02,0.1,0.05,68920,0.1,24240,0,81520
FINNIFTY02JAN2419000PE.NFO,02/01/2024,13:55:12,0.1,0.05,68920,0.1,24200,0,81520
FINNIFTY02JAN2419000PE.NFO,02/01/2024,13:55:30,0.1,0.05,68920,0.1,25160,0,81520
FINNIFTY02JAN2419000PE.NFO,02/01/2024,13:56:13,0.1,0.05,63520,0.1,40280,0,81520
FINNIFTY02JAN2419000PE.NFO,02/01/2024,13:56:21,0.1,0.05,56320,0.1,40280,0,81520
FINNIFTY02JAN2419000PE.NFO,02/01/2024,13:56:30,0.1,0.05,47320,0.1,40280,0,81520
FINNIFTY02JAN2419000PE.NFO,02/01/2024,13:56:38,0.1,0.05,41920,0.1,40280,0,81520
FINNIFTY02JAN2419000PE.NFO,02/01/2024,13:56:56,0.1,0.05,32920,0.1,40280,0,81520
FINNIFTY02JAN2419000PE.NFO,02/01/2024,13:57:05,0.1,0.05,25720,0.1,40280,0,81520
FINNIFTY02JAN2419000PE.NFO,02/01/2024,13:57:48,0.1,0.05,20320,0.1,40280,0,81520
FINNIFTY02JAN2419000PE.NFO,02/01/2024,13:57:56,0.05,0.05,18520,0.1,40280,40,83440
FINNIFTY02JAN2419000PE.NFO,02/01/2024,13:59:04,0.05,0.05,17320,0.1,40240,1240,83440
FINNIFTY02JAN2419000PE.NFO,02/01/2024,13:59:13,0.05,0.05,15320,0.1,40240,2000,83440
FINNIFTY02JAN2419000PE.NFO,02/01/2024,13:59:22,0.05,0.05,14440,0.1,40240,880,83440
FINNIFTY02JAN2419000PE.NFO,02/01/2024,13:59:30,0.05,0.05,9520,0.1,40240,800,83440
FINNIFTY02JAN2419000PE.NFO,02/01/2024,13:59:39,0.05,0.05,5560,0.1,40240,5360,83440
FINNIFTY02JAN2419000PE.NFO,02/01/2024,13:59:47,0.05,0.05,5160,0.1,40240,400,83440
FINNIFTY02JAN2419000PE.NFO,02/01/2024,13:59:56,0.05,0,0,0.05,11320,5160,83440
FINNIFTY02JAN2419000PE.NFO,02/01/2024,14:00:23,0.05,0,0,0.05,11360,0,83440
FINNIFTY02JAN2419000PE.NFO,02/01/2024,14:01:06,0.05,0,0,0.05,9560,1800,76400
FINNIFTY02JAN2419000PE.NFO,02/01/2024,14:01:15,0.05,0,0,0.05,7480,2760,76400
FINNIFTY02JAN2419000PE.NFO,02/01/2024,14:01:58,0.05,0,0,0.05,7320,160,76400
FINNIFTY02JAN2419000PE.NFO,02/01/2024,14:02:07,0.05,0,0,0.05,6680,640,76400
FINNIFTY02JAN2419000PE.NFO,02/01/2024,14:02:59,0.05,0,0,0.05,5960,720,76400
FINNIFTY02JAN2419000PE.NFO,02/01/2024,14:03:07,0.05,0,0,0.05,5760,200,76400
FINNIFTY02JAN2419000PE.NFO,02/01/2024,14:03:16,0.05,0,0,0.05,5760,0,76400
FINNIFTY02JAN2419000PE.NFO,02/01/2024,14:03:25,0.05,0,0,0.05,18040,320,75440
FINNIFTY02JAN2419000PE.NFO,02/01/2024,14:03:34,0.05,0,0,0.05,17240,800,75440
FINNIFTY02JAN2419000PE.NFO,02/01/2024,14:03:52,0.05,0,0,0.05,16240,1000,75440
FINNIFTY02JAN2419000PE.NFO,02/01/2024,14:04:01,0.05,0,0,0.05,15920,320,75440
FINNIFTY02JAN2419000PE.NFO,02/01/2024,14:04:10,0.05,0,0,0.05,15480,440,75440
FINNIFTY02JAN2419000PE.NFO,02/01/2024,14:04:20,0.05,0,0,0.05,15240,240,75440
FINNIFTY02JAN2419000PE.NFO,02/01/2024,14:04:29,0.05,0,0,0.05,15160,80,75440
FINNIFTY02JAN2419000PE.NFO,02/01/2024,14:04:39,0.05,0,0,0.05,14920,240,75440
FINNIFTY02JAN2419000PE.NFO,02/01/2024,14:04:49,0.05,0,0,0.05,14120,800,75440
FINNIFTY02JAN2419000PE.NFO,02/01/2024,14:04:58,0.05,0,0,0.05,13200,920,75440
FINNIFTY02JAN2419000PE.NFO,02/01/2024,14:05:07,0.05,0,0,0.05,13160,40,75440
FINNIFTY02JAN2419000PE.NFO,02/01/2024,14:05:16,0.05,0,0,0.05,12440,1600,75440
FINNIFTY02JAN2419000PE.NFO,02/01/2024,14:05:43,0.05,0,0,0.05,11640,800,75440
FINNIFTY02JAN2419000PE.NFO,02/01/2024,14:05:51,0.05,0,0,0.05,10640,1000,75440
FINNIFTY02JAN2419000PE.NFO,02/01/2024,14:06:08,0.05,0,0,0.05,11560,0,75440
FINNIFTY02JAN2419000PE.NFO,02/01/2024,14:06:41,0.05,0,0,0.05,11520,40,72400
FINNIFTY02JAN2419000PE.NFO,02/01/2024,14:06:58,0.05,0,0,0.05,11280,240,72400
FINNIFTY02JAN2419000PE.NFO,02/01/2024,14:07:07,0.05,0,0,0.05,10520,760,72400
FINNIFTY02JAN2419000PE.NFO,02/01/2024,14:07:24,0.05,0,0,0.05,9920,600,72400
FINNIFTY02JAN2419000PE.NFO,02/01/2024,14:07:32,0.05,0,0,0.05,9720,200,72400
FINNIFTY02JAN2419000PE.NFO,02/01/2024,14:08:12,0.05,0,0,0.05,9000,720,72400
FINNIFTY02JAN2419000PE.NFO,02/01/2024,14:08:28,0.05,0,0,0.05,8280,720,72400
FINNIFTY02JAN2419000PE.NFO,02/01/2024,14:09:02,0.05,0,0,0.05,5280,3000,72400
FINNIFTY02JAN2419000PE.NFO,02/01/2024,14:09:12,0.05,0,0,0.05,4120,1160,72400
FINNIFTY02JAN2419000PE.NFO,02/01/2024,14:09:22,0.05,0,0,0.05,3600,520,70840
FINNIFTY02JAN2419000PE.NFO,02/01/2024,14:09:31,0.05,0,0,0.05,2720,880,70840
FINNIFTY02JAN2419000PE.NFO,02/01/2024,14:10:00,0.05,0,0,0.05,920,1960,70840
FINNIFTY02JAN2419000PE.NFO,02/01/2024,14:10:12,0.1,0.05,4800,0.1,8160,2280,70840
FINNIFTY02JAN2419000PE.NFO,02/01/2024,14:10:24,0.1,0.05,4800,0.1,8120,0,70840
FINNIFTY02JAN2419000PE.NFO,02/01/2024,14:10:34,0.1,0.05,4800,0.1,8160,0,70840
FINNIFTY02JAN2419000PE.NFO,02/01/2024,14:11:03,0.1,0.05,4800,0.1,7760,400,70840
FINNIFTY02JAN2419000PE.NFO,02/01/2024,14:11:16,0.1,0.05,4800,0.1,6880,880,70840
FINNIFTY02JAN2419000PE.NFO,02/01/2024,14:11:28,0.05,0.05,4600,0.1,6440,600,70840
FINNIFTY02JAN2419000PE.NFO,02/01/2024,14:11:38,0.05,0.05,4600,0.1,6440,0,70840
FINNIFTY02JAN2419000PE.NFO,02/01/2024,14:11:48,0.05,0.05,4600,0.1,6480,0,70840
FINNIFTY02JAN2419000PE.NFO,02/01/2024,14:11:58,0.05,0.05,4600,0.1,6440,0,70840
FINNIFTY02JAN2419000PE.NFO,02/01/2024,14:12:08,0.05,0.05,4600,0.1,6480,0,70840
FINNIFTY02JAN2419000PE.NFO,02/01/2024,14:12:18,0.05,0.05,5080,0.1,7280,0,70840
FINNIFTY02JAN2419000PE.NFO,02/01/2024,14:12:28,0.05,0.05,5080,0.1,7240,0,70840
FINNIFTY02JAN2419000PE.NFO,02/01/2024,14:12:37,0.05,0.05,5080,0.1,7400,0,70840
FINNIFTY02JAN2419000PE.NFO,02/01/2024,14:12:56,0.1,0.05,4880,0.1,7040,600,70320
FINNIFTY02JAN2419000PE.NFO,02/01/2024,14:13:06,0.1,0.05,4880,0.1,7080,0,70320
FINNIFTY02JAN2419000PE.NFO,02/01/2024,14:13:16,0.1,0.05,4880,0.1,6000,1040,70320
FINNIFTY02JAN2419000PE.NFO,02/01/2024,14:13:26,0.1,0.05,4880,0.1,5640,360,70320
FINNIFTY02JAN2419000PE.NFO,02/01/2024,14:13:37,0.1,0.05,4880,0.1,5280,360,70320
FINNIFTY02JAN2419000PE.NFO,02/01/2024,14:13:47,0.1,0.05,4880,0.1,5080,240,70320
FINNIFTY02JAN2419000PE.NFO,02/01/2024,14:13:58,0.1,0.05,4880,0.1,4960,120,70320
FINNIFTY02JAN2419000PE.NFO,02/01/2024,14:14:09,0.1,0.05,4880,0.1,4920,0,70320
FINNIFTY02JAN2419000PE.NFO,02/01/2024,14:14:19,0.1,0.05,4880,0.1,4640,280,70320
FINNIFTY02JAN2419000PE.NFO,02/01/2024,14:14:30,0.1,0.05,4880,0.1,4680,0,70320
FINNIFTY02JAN2419000PE.NFO,02/01/2024,14:14:50,0.1,0.05,4880,0.1,4640,0,70320
FINNIFTY02JAN2419000PE.NFO,02/01/2024,14:14:59,0.1,0.05,4880,0.1,4680,0,70320
FINNIFTY02JAN2419000PE.NFO,02/01/2024,14:15:18,0.1,0.05,4880,0.1,4560,120,72920
FINNIFTY02JAN2419000PE.NFO,02/01/2024,14:15:28,0.1,0.05,4880,0.1,5480,0,72920
FINNIFTY02JAN2419000PE.NFO,02/01/2024,14:15:57,0.1,0.05,4400,0.1,5480,0,72920
FINNIFTY02JAN2419000PE.NFO,02/01/2024,14:19:06,0.05,0.05,2560,0.1,6160,1200,73040
FINNIFTY02JAN2419000PE.NFO,02/01/2024,14:19:16,0.05,0.05,960,0.1,6120,1600,73040
FINNIFTY02JAN2419000PE.NFO,02/01/2024,14:19:27,0.05,0,0,0.1,6120,1000,73040
FINNIFTY02JAN2419000PE.NFO,02/01/2024,14:19:57,0.05,0,0,0.1,6120,0,73040
FINNIFTY02JAN2419000PE.NFO,02/01/2024,14:20:06,0.05,0,0,0.05,2080,0,73040
FINNIFTY02JAN2419000PE.NFO,02/01/2024,14:20:17,0.05,0,0,0.05,1720,360,73040
FINNIFTY02JAN2419000PE.NFO,02/01/2024,14:20:45,0.05,0,0,0.05,1720,0,73040
FINNIFTY02JAN2419000PE.NFO,02/01/2024,14:21:31,0.05,0,0,0.05,1680,40,69160
FINNIFTY02JAN2419000PE.NFO,02/01/2024,14:21:49,0.05,0,0,0.05,1200,480,69160
FINNIFTY02JAN2419000PE.NFO,02/01/2024,14:22:45,0.05,0,0,0.05,1160,40,69160
FINNIFTY02JAN2419000PE.NFO,02/01/2024,14:23:23,0.05,0,0,0.05,1160,0,69160
FINNIFTY02JAN2419000PE.NFO,02/01/2024,14:25:37,0.05,0.05,1320,0.1,6080,1160,68600
FINNIFTY02JAN2419000PE.NFO,02/01/2024,14:25:46,0.1,0.05,1160,0.1,4320,1840,68600
FINNIFTY02JAN2419000PE.NFO,02/01/2024,14:29:56,0.1,0.05,1160,0.1,4000,320,70680
FINNIFTY02JAN2419000PE.NFO,02/01/2024,14:30:06,0.1,0.05,1160,0.1,3680,320,70680
FINNIFTY02JAN2419000PE.NFO,02/01/2024,14:30:15,0.1,0.05,1160,0.1,2480,1200,72120
FINNIFTY02JAN2419000PE.NFO,02/01/2024,14:30:25,0.1,0.05,1160,0.1,2280,200,72120
FINNIFTY02JAN2419000PE.NFO,02/01/2024,14:30:35,0.1,0.05,1160,0.1,1120,1200,72120
FINNIFTY02JAN2419000PE.NFO,02/01/2024,14:30:45,0.1,0.05,1160,0.1,1000,120,72120
FINNIFTY02JAN2419000PE.NFO,02/01/2024,14:31:04,0.1,0.05,1160,0.1,1000,0,72120
FINNIFTY02JAN2419000PE.NFO,02/01/2024,14:31:31,0.1,0.05,1160,0.1,600,400,72120
FINNIFTY02JAN2419000PE.NFO,02/01/2024,14:34:34,0.1,0.05,1160,0.1,200,400,72680
FINNIFTY02JAN2419000PE.NFO,02/01/2024,14:37:17,0.05,0.05,280,0.1,200,880,73080
FINNIFTY02JAN2419000PE.NFO,02/01/2024,14:37:26,0.05,0,0,0.1,240,280,73080
FINNIFTY02JAN2419000PE.NFO,02/01/2024,14:37:36,0.05,0,0,0.1,240,0,73080
FINNIFTY02JAN2419000PE.NFO,02/01/2024,14:37:46,0.1,0,0,0.1,200,40,73080
FINNIFTY02JAN2419000PE.NFO,02/01/2024,14:37:57,0.1,0.05,1800,0.15,3720,760,73080
FINNIFTY02JAN2419000PE.NFO,02/01/2024,14:38:08,0.1,0.05,12720,0.15,3720,4280,73080
FINNIFTY02JAN2419000PE.NFO,02/01/2024,14:38:20,0.1,0.05,59640,0.1,1040,2080,73080
FINNIFTY02JAN2419000PE.NFO,02/01/2024,14:38:33,0.1,0.05,60240,0.1,520,520,73080
FINNIFTY02JAN2419000PE.NFO,02/01/2024,14:38:45,0.1,0.05,60240,0.15,3880,120,73080
FINNIFTY02JAN2419000PE.NFO,02/01/2024,14:39:25,0.1,0.05,60240,0.1,160,0,73080
FINNIFTY02JAN2419000PE.NFO,02/01/2024,14:39:34,0.1,0.05,61080,0.1,160,0,73080
FINNIFTY02JAN2419000PE.NFO,02/01/2024,14:39:55,0.1,0.05,60480,0.1,800,0,73080
FINNIFTY02JAN2419000PE.NFO,02/01/2024,14:40:05,0.05,0.05,59840,0.1,5360,2440,69720
FINNIFTY02JAN2419000PE.NFO,02/01/2024,14:40:36,0.1,0.05,60080,0.1,5520,800,69720
FINNIFTY02JAN2419000PE.NFO,02/01/2024,14:41:09,0.1,0.05,57120,0.1,3120,0,69720
FINNIFTY02JAN2419000PE.NFO,02/01/2024,14:41:19,0.1,0.05,60480,0.1,3080,0,69720
FINNIFTY02JAN2419000PE.NFO,02/01/2024,14:41:29,0.1,0.05,57120,0.1,3080,0,69720
FINNIFTY02JAN2419000PE.NFO,02/01/2024,14:41:49,0.1,0.05,60480,0.1,7240,0,69720
FINNIFTY02JAN2419000PE.NFO,02/01/2024,14:42:08,0.1,0.05,57120,0.1,4000,0,69720
FINNIFTY02JAN2419000PE.NFO,02/01/2024,14:44:29,0.05,0.05,56920,0.1,7400,200,70440
FINNIFTY02JAN2419000PE.NFO,02/01/2024,14:44:40,0.05,0.05,60280,0.1,7720,0,70440
FINNIFTY02JAN2419000PE.NFO,02/01/2024,14:45:00,0.05,0.05,56920,0.1,4200,0,70440
FINNIFTY02JAN2419000PE.NFO,02/01/2024,14:45:09,0.05,0.05,56920,0.1,4360,0,70440
FINNIFTY02JAN2419000PE.NFO,02/01/2024,14:46:06,0.1,0.05,60520,0.1,4240,120,70440
FINNIFTY02JAN2419000PE.NFO,02/01/2024,14:46:34,0.1,0.05,56920,0.1,4240,0,70440
FINNIFTY02JAN2419000PE.NFO,02/01/2024,14:47:41,0.1,0.05,60520,0.1,4120,120,70440
FINNIFTY02JAN2419000PE.NFO,02/01/2024,14:49:41,0.05,0.05,59640,0.1,7720,880,70440
FINNIFTY02JAN2419000PE.NFO,02/01/2024,14:49:50,0.05,0.05,54240,0.1,7680,4800,70440
FINNIFTY02JAN2419000PE.NFO,02/01/2024,14:50:09,0.05,0.05,53240,0.1,7680,1000,70440
FINNIFTY02JAN2419000PE.NFO,02/01/2024,14:50:38,0.05,0.05,53240,0.1,13080,0,70440
FINNIFTY02JAN2419000PE.NFO,02/01/2024,14:50:56,0.05,0.05,48000,0.1,13120,5240,70440
FINNIFTY02JAN2419000PE.NFO,02/01/2024,14:51:06,0.05,0.05,47760,0.1,12760,0,70440
FINNIFTY02JAN2419000PE.NFO,02/01/2024,14:51:25,0.1,0.05,47760,0.1,12640,120,74880
FINNIFTY02JAN2419000PE.NFO,02/01/2024,14:51:34,0.1,0.05,47760,0.1,18640,0,74880
FINNIFTY02JAN2419000PE.NFO,02/01/2024,14:51:43,0.1,0.05,47760,0.1,19080,0,74880
FINNIFTY02JAN2419000PE.NFO,02/01/2024,14:53:38,0.1,0.05,47760,0.1,18760,0,74880
FINNIFTY02JAN2419000PE.NFO,02/01/2024,14:55:17,0.05,0.05,47440,0.1,18760,320,74880
FINNIFTY02JAN2419000PE.NFO,02/01/2024,14:55:27,0.05,0.05,47440,0.1,19120,0,74880
FINNIFTY02JAN2419000PE.NFO,02/01/2024,14:55:55,0.05,0.05,47440,0.1,19400,0,74880
FINNIFTY02JAN2419000PE.NFO,02/01/2024,14:57:42,0.05,0.05,47440,0.1,19360,0,74880
FINNIFTY02JAN2419000PE.NFO,02/01/2024,14:59:35,0.05,0.05,46120,0.1,19360,1320,75200
FINNIFTY02JAN2419000PE.NFO,02/01/2024,14:59:46,0.05,0.05,44360,0.1,19360,1760,75200
FINNIFTY02JAN2419000PE.NFO,02/01/2024,14:59:56,0.05,0.05,45360,0.1,21160,800,75200
FINNIFTY02JAN2419000PE.NFO,02/01/2024,15:00:06,0.05,0,0,0.05,6680,7040,75200
FINNIFTY02JAN2419000PE.NFO,02/01/2024,15:00:16,0.05,0,0,0.05,12280,0,75200
FINNIFTY02JAN2419000PE.NFO,02/01/2024,15:00:26,0.05,0,0,0.05,11080,0,75200
FINNIFTY02JAN2419000PE.NFO,02/01/2024,15:00:37,0.05,0,0,0.05,11640,0,75200
FINNIFTY02JAN2419000PE.NFO,02/01/2024,15:12:09,0.05,0,0,0.05,11360,280,70520
FINNIFTY02JAN2419000PE.NFO,02/01/2024,15:12:19,0.05,0,0,0.05,10960,400,70520
FINNIFTY02JAN2419000PE.NFO,02/01/2024,15:12:28,0.05,0,0,0.05,11560,0,70520
FINNIFTY02JAN2419000PE.NFO,02/01/2024,15:14:33,0.05,0,0,0.05,13360,0,70520
FINNIFTY02JAN2419000PE.NFO,02/01/2024,15:16:26,0.05,0,0,0.05,13400,0,70520
FINNIFTY02JAN2419000PE.NFO,02/01/2024,15:16:46,0.05,0,0,0.05,13680,0,70520
FINNIFTY02JAN2419000PE.NFO,02/01/2024,15:17:35,0.05,0,0,0.05,13720,0,70520
FINNIFTY02JAN2419000PE.NFO,02/01/2024,15:25:14,0.05,0,0,0.05,13120,0,70520
FINNIFTY02JAN2419000PE.NFO,02/01/2024,15:25:44,0.05,0,0,0.05,30320,0,70520
FINNIFTY02JAN2419000PE.NFO,02/01/2024,15:25:54,0.05,0,0,0.05,30920,0,70520
FINNIFTY02JAN2419000PE.NFO,02/01/2024,15:29:22,0.05,0,0,0.05,31280,0,70520
FINNIFTY02JAN2419000PE.NFO,02/01/2024,15:29:33,0.05,0,0,0.05,29480,0,70520
FINNIFTY02JAN2419000PE.NFO,02/01/2024,15:29:59,0.05,0,0,0.05,29440,0,70520
