Ticker,Date,Time,LTP,BuyPrice,BuyQty,SellPrice,SellQty,LTQ,OpenInterest
FINNIFTY02JAN2419300PE.NFO,02/01/2024,09:15:39,0.2,0.2,1840,0.25,200,40,7280
FINNIFTY02JAN2419300PE.NFO,02/01/2024,09:15:39,0.2,0.2,1840,0.25,200,0,7280
FINNIFTY02JAN2419300PE.NFO,02/01/2024,09:15:39,0.2,0.2,1840,0.25,200,0,7280
FINNIFTY02JAN2419300PE.NFO,02/01/2024,09:15:39,0.2,0.2,1840,0.25,200,0,7280
FINNIFTY02JAN2419300PE.NFO,02/01/2024,09:15:50,0.2,0.2,1640,0.25,200,200,7280
FINNIFTY02JAN2419300PE.NFO,02/01/2024,09:16:00,0.2,0.2,1640,0.25,200,0,7280
FINNIFTY02JAN2419300PE.NFO,02/01/2024,09:16:12,0.2,0.2,960,0.25,200,680,7280
FINNIFTY02JAN2419300PE.NFO,02/01/2024,09:16:21,0.2,0.2,960,0.25,240,0,7280
FINNIFTY02JAN2419300PE.NFO,02/01/2024,09:16:50,0.2,0.2,1040,0.25,240,0,7280
FINNIFTY02JAN2419300PE.NFO,02/01/2024,09:17:00,0.2,0.2,960,0.25,240,0,7280
FINNIFTY02JAN2419300PE.NFO,02/01/2024,09:17:29,0.2,0.2,1040,0.25,240,0,7280
FINNIFTY02JAN2419300PE.NFO,02/01/2024,09:17:38,0.2,0.2,1040,0.25,200,0,7280
FINNIFTY02JAN2419300PE.NFO,02/01/2024,09:18:16,0.2,0.2,1040,0.25,240,0,7280
FINNIFTY02JAN2419300PE.NFO,02/01/2024,09:20:36,0.2,0.2,1040,0.25,200,0,7280
FINNIFTY02JAN2419300PE.NFO,02/01/2024,09:21:14,0.25,0.2,1040,0.3,240,840,7760
FINNIFTY02JAN2419300PE.NFO,02/01/2024,09:21:14,0.25,0.2,1040,0.3,240,0,7760
FINNIFTY02JAN2419300PE.NFO,02/01/2024,09:21:25,0.25,0.2,1040,0.3,440,320,7760
FINNIFTY02JAN2419300PE.NFO,02/01/2024,09:21:35,0.2,0.2,560,0.35,240,480,7760
FINNIFTY02JAN2419300PE.NFO,02/01/2024,09:21:45,0.2,0.2,560,0.3,200,0,7760
FINNIFTY02JAN2419300PE.NFO,02/01/2024,09:22:06,0.2,0.2,560,0.3,240,0,7760
FINNIFTY02JAN2419300PE.NFO,02/01/2024,09:22:18,0.2,0.2,560,0.3,200,0,7760
FINNIFTY02JAN2419300PE.NFO,02/01/2024,09:22:30,0.2,0.2,2360,0.3,240,0,7760
FINNIFTY02JAN2419300PE.NFO,02/01/2024,09:22:59,0.2,0.2,2360,0.3,200,0,7760
FINNIFTY02JAN2419300PE.NFO,02/01/2024,09:23:18,0.2,0.2,2360,0.3,240,0,7760
FINNIFTY02JAN2419300PE.NFO,02/01/2024,09:23:28,0.2,0.2,2360,0.3,200,0,7760
FINNIFTY02JAN2419300PE.NFO,02/01/2024,09:23:37,0.25,0.2,2400,0.3,240,240,8520
FINNIFTY02JAN2419300PE.NFO,02/01/2024,09:23:47,0.25,0.2,2360,0.3,1520,0,8520
FINNIFTY02JAN2419300PE.NFO,02/01/2024,09:23:56,0.25,0.2,2360,0.3,1520,160,8520
FINNIFTY02JAN2419300PE.NFO,02/01/2024,09:24:05,0.25,0.2,2360,0.3,1520,600,8520
FINNIFTY02JAN2419300PE.NFO,02/01/2024,09:24:14,0.25,0.2,2480,0.3,1640,80,8520
FINNIFTY02JAN2419300PE.NFO,02/01/2024,09:24:24,0.25,0.2,2360,0.3,1640,240,8520
FINNIFTY02JAN2419300PE.NFO,02/01/2024,09:24:54,0.25,0.2,2360,0.3,1760,120,8520
FINNIFTY02JAN2419300PE.NFO,02/01/2024,09:25:04,0.25,0.2,2360,0.3,1680,280,8520
FINNIFTY02JAN2419300PE.NFO,02/01/2024,09:25:15,0.25,0.2,2360,0.3,1880,80,8520
FINNIFTY02JAN2419300PE.NFO,02/01/2024,09:25:26,0.3,0.2,2440,0.3,1840,280,8520
FINNIFTY02JAN2419300PE.NFO,02/01/2024,09:25:26,0.3,0.2,2440,0.3,1840,0,8520
FINNIFTY02JAN2419300PE.NFO,02/01/2024,09:25:36,0.25,0.2,2480,0.3,1760,640,8520
FINNIFTY02JAN2419300PE.NFO,02/01/2024,09:25:46,0.3,0.25,240,0.3,2680,1200,8520
FINNIFTY02JAN2419300PE.NFO,02/01/2024,09:25:55,0.3,0.25,240,0.3,2280,1200,8520
FINNIFTY02JAN2419300PE.NFO,02/01/2024,09:26:05,0.3,0.25,240,0.3,2000,1720,8520
FINNIFTY02JAN2419300PE.NFO,02/01/2024,09:26:15,0.3,0.25,360,0.3,80,920,8520
FINNIFTY02JAN2419300PE.NFO,02/01/2024,09:26:25,0.35,0.25,200,0.3,2200,1480,8520
FINNIFTY02JAN2419300PE.NFO,02/01/2024,09:26:25,0.35,0.25,200,0.3,2200,0,8520
FINNIFTY02JAN2419300PE.NFO,02/01/2024,09:26:35,0.35,0.25,200,0.3,1960,0,8520
FINNIFTY02JAN2419300PE.NFO,02/01/2024,09:26:46,0.2,0.2,4160,0.25,200,400,15640
FINNIFTY02JAN2419300PE.NFO,02/01/2024,09:26:57,0.2,0.2,1720,0.25,200,2640,15640
FINNIFTY02JAN2419300PE.NFO,02/01/2024,09:27:07,0.2,0.2,1400,0.25,1040,120,15640
FINNIFTY02JAN2419300PE.NFO,02/01/2024,09:27:17,0.2,0.2,1320,0.25,1040,120,15640
FINNIFTY02JAN2419300PE.NFO,02/01/2024,09:27:27,0.2,0.2,1280,0.25,1040,0,15640
FINNIFTY02JAN2419300PE.NFO,02/01/2024,09:28:17,0.25,0.2,1440,0.25,400,800,15640
FINNIFTY02JAN2419300PE.NFO,02/01/2024,09:28:28,0.25,0.2,7400,0.3,1200,1440,15640
FINNIFTY02JAN2419300PE.NFO,02/01/2024,09:28:54,0.25,0.2,7440,0.3,1360,1120,15640
FINNIFTY02JAN2419300PE.NFO,02/01/2024,09:29:05,0.3,0.25,200,0.3,2400,920,15640
FINNIFTY02JAN2419300PE.NFO,02/01/2024,09:29:15,0.3,0.25,200,0.3,4200,0,15640
FINNIFTY02JAN2419300PE.NFO,02/01/2024,09:29:28,0.3,0.25,200,0.3,5600,0,15640
FINNIFTY02JAN2419300PE.NFO,02/01/2024,09:29:38,0.25,0.2,1360,0.25,1720,200,17280
FINNIFTY02JAN2419300PE.NFO,02/01/2024,09:29:48,0.25,0.2,1360,0.25,1760,0,17280
FINNIFTY02JAN2419300PE.NFO,02/01/2024,09:29:58,0.25,0.2,3240,0.25,1360,400,17280
FINNIFTY02JAN2419300PE.NFO,02/01/2024,09:30:08,0.25,0.2,3240,0.25,1360,0,17280
FINNIFTY02JAN2419300PE.NFO,02/01/2024,09:30:28,0.25,0.2,3240,0.25,1400,0,17280
FINNIFTY02JAN2419300PE.NFO,02/01/2024,09:30:58,0.25,0.2,3240,0.25,880,520,17280
FINNIFTY02JAN2419300PE.NFO,02/01/2024,09:31:20,0.25,0.2,3240,0.25,600,280,17280
FINNIFTY02JAN2419300PE.NFO,02/01/2024,09:31:30,0.25,0.2,3240,0.25,600,0,17280
FINNIFTY02JAN2419300PE.NFO,02/01/2024,09:32:08,0.25,0.2,3240,0.3,4200,640,17280
FINNIFTY02JAN2419300PE.NFO,02/01/2024,09:32:18,0.25,0.2,3240,0.3,4440,0,17280
FINNIFTY02JAN2419300PE.NFO,02/01/2024,09:33:26,0.25,0.2,3240,0.3,4400,280,19120
FINNIFTY02JAN2419300PE.NFO,02/01/2024,09:33:36,0.3,0.25,320,0.3,4280,120,19120
FINNIFTY02JAN2419300PE.NFO,02/01/2024,09:33:45,0.3,0.25,240,0.3,4120,200,19120
FINNIFTY02JAN2419300PE.NFO,02/01/2024,09:34:05,0.3,0.25,480,0.3,4160,120,19120
FINNIFTY02JAN2419300PE.NFO,02/01/2024,09:34:14,0.3,0.25,320,0.3,34360,0,19120
FINNIFTY02JAN2419300PE.NFO,02/01/2024,09:34:23,0.3,0.25,320,0.3,35360,0,19120
FINNIFTY02JAN2419300PE.NFO,02/01/2024,09:34:32,0.25,0.2,3440,0.3,35360,240,19120
FINNIFTY02JAN2419300PE.NFO,02/01/2024,09:34:59,0.3,0.2,3840,0.3,35280,120,19120
FINNIFTY02JAN2419300PE.NFO,02/01/2024,09:35:08,0.3,0.2,4240,0.3,37120,120,19120
FINNIFTY02JAN2419300PE.NFO,02/01/2024,09:35:18,0.3,0.2,4160,0.3,37120,0,19120
FINNIFTY02JAN2419300PE.NFO,02/01/2024,09:35:27,0.3,0.2,4600,0.3,38320,120,19120
FINNIFTY02JAN2419300PE.NFO,02/01/2024,09:35:37,0.3,0.2,4800,0.3,38320,0,19120
FINNIFTY02JAN2419300PE.NFO,02/01/2024,09:35:46,0.3,0.25,2200,0.3,38320,0,19120
FINNIFTY02JAN2419300PE.NFO,02/01/2024,09:35:56,0.25,0.25,1880,0.3,38560,320,19360
FINNIFTY02JAN2419300PE.NFO,02/01/2024,09:36:05,0.25,0.2,5040,0.25,600,1800,19360
FINNIFTY02JAN2419300PE.NFO,02/01/2024,09:36:15,0.25,0.2,3240,0.25,1480,0,19360
FINNIFTY02JAN2419300PE.NFO,02/01/2024,09:36:24,0.25,0.2,3240,0.25,2680,240,19360
FINNIFTY02JAN2419300PE.NFO,02/01/2024,09:36:33,0.25,0.2,3240,0.25,1400,120,19360
FINNIFTY02JAN2419300PE.NFO,02/01/2024,09:36:51,0.25,0.2,3240,0.25,1280,120,19360
FINNIFTY02JAN2419300PE.NFO,02/01/2024,09:38:28,0.25,0.2,3240,0.25,1280,0,19360
FINNIFTY02JAN2419300PE.NFO,02/01/2024,09:39:07,0.25,0.2,3240,0.25,2440,0,19360
FINNIFTY02JAN2419300PE.NFO,02/01/2024,09:39:25,0.25,0.2,3240,0.25,2280,0,19360
FINNIFTY02JAN2419300PE.NFO,02/01/2024,09:39:35,0.25,0.2,3240,0.25,1400,0,19360
FINNIFTY02JAN2419300PE.NFO,02/01/2024,09:39:54,0.25,0.2,3240,0.25,1760,200,19200
FINNIFTY02JAN2419300PE.NFO,02/01/2024,09:40:05,0.25,0.2,4240,0.25,600,320,19200
FINNIFTY02JAN2419300PE.NFO,02/01/2024,09:40:16,0.25,0.2,4240,0.25,1400,0,19200
FINNIFTY02JAN2419300PE.NFO,02/01/2024,09:40:26,0.25,0.2,4240,0.25,760,0,19200
FINNIFTY02JAN2419300PE.NFO,02/01/2024,09:41:07,0.25,0.2,4240,0.25,1360,0,19200
FINNIFTY02JAN2419300PE.NFO,02/01/2024,09:44:02,0.25,0.2,6040,0.25,600,0,19200
FINNIFTY02JAN2419300PE.NFO,02/01/2024,09:44:12,0.25,0.2,6040,0.25,1160,0,19200
FINNIFTY02JAN2419300PE.NFO,02/01/2024,09:44:57,0.25,0.2,6040,0.25,1120,0,19200
FINNIFTY02JAN2419300PE.NFO,02/01/2024,09:45:16,0.25,0.2,6040,0.25,600,0,19200
FINNIFTY02JAN2419300PE.NFO,02/01/2024,09:45:35,0.25,0.2,6040,0.25,1240,0,19200
FINNIFTY02JAN2419300PE.NFO,02/01/2024,09:45:45,0.25,0.2,6040,0.25,600,0,19200
FINNIFTY02JAN2419300PE.NFO,02/01/2024,09:46:04,0.25,0.2,6040,0.25,1120,120,18880
FINNIFTY02JAN2419300PE.NFO,02/01/2024,09:46:14,0.25,0.2,6040,0.25,1000,680,18880
FINNIFTY02JAN2419300PE.NFO,02/01/2024,09:46:24,0.25,0.2,6040,0.25,520,0,18880
FINNIFTY02JAN2419300PE.NFO,02/01/2024,09:46:33,0.25,0.2,6040,0.25,880,120,18880
FINNIFTY02JAN2419300PE.NFO,02/01/2024,09:47:56,0.25,0.2,6040,0.25,880,0,18880
FINNIFTY02JAN2419300PE.NFO,02/01/2024,09:48:05,0.25,0.2,6040,0.25,840,0,18880
FINNIFTY02JAN2419300PE.NFO,02/01/2024,09:48:32,0.25,0.2,6040,0.25,400,0,18880
FINNIFTY02JAN2419300PE.NFO,02/01/2024,09:48:41,0.25,0.2,6040,0.25,840,0,18880
FINNIFTY02JAN2419300PE.NFO,02/01/2024,09:51:18,0.25,0.2,6040,0.25,400,0,18880
FINNIFTY02JAN2419300PE.NFO,02/01/2024,09:51:28,0.25,0.2,6040,0.25,1680,0,18880
FINNIFTY02JAN2419300PE.NFO,02/01/2024,09:52:41,0.25,0.2,6040,0.25,2080,0,18880
FINNIFTY02JAN2419300PE.NFO,02/01/2024,09:53:46,0.25,0.2,6040,0.25,1680,0,18880
FINNIFTY02JAN2419300PE.NFO,02/01/2024,09:54:50,0.25,0.2,6040,0.25,2080,0,18880
FINNIFTY02JAN2419300PE.NFO,02/01/2024,09:55:22,0.25,0.2,6040,0.25,800,0,18880
FINNIFTY02JAN2419300PE.NFO,02/01/2024,09:56:53,0.2,0.2,5400,0.25,400,640,19040
FINNIFTY02JAN2419300PE.NFO,02/01/2024,09:57:05,0.2,0.2,5400,0.25,400,0,19040
FINNIFTY02JAN2419300PE.NFO,02/01/2024,09:57:17,0.2,0.2,5400,0.25,1200,0,19040
FINNIFTY02JAN2419300PE.NFO,02/01/2024,09:57:30,0.2,0.2,5400,0.25,400,0,19040
FINNIFTY02JAN2419300PE.NFO,02/01/2024,09:57:43,0.2,0.2,5400,0.25,1200,0,19040
FINNIFTY02JAN2419300PE.NFO,02/01/2024,09:57:54,0.2,0.2,5200,0.25,1200,200,19040
FINNIFTY02JAN2419300PE.NFO,02/01/2024,09:58:05,0.2,0.2,5200,0.25,1200,0,19040
FINNIFTY02JAN2419300PE.NFO,02/01/2024,09:58:16,0.2,0.2,5200,0.25,1160,0,19040
FINNIFTY02JAN2419300PE.NFO,02/01/2024,09:58:28,0.2,0.2,5000,0.25,3080,200,19040
FINNIFTY02JAN2419300PE.NFO,02/01/2024,09:58:41,0.2,0.2,5000,0.25,3040,0,19040
FINNIFTY02JAN2419300PE.NFO,02/01/2024,09:58:51,0.2,0.2,5000,0.25,2320,0,19040
FINNIFTY02JAN2419300PE.NFO,02/01/2024,09:59:02,0.2,0.2,5000,0.25,3040,0,19040
FINNIFTY02JAN2419300PE.NFO,02/01/2024,09:59:13,0.2,0.2,4960,0.25,2680,0,19040
FINNIFTY02JAN2419300PE.NFO,02/01/2024,09:59:25,0.2,0.2,4960,0.25,2320,0,19040
FINNIFTY02JAN2419300PE.NFO,02/01/2024,09:59:58,0.2,0.2,5240,0.25,3040,200,19600
FINNIFTY02JAN2419300PE.NFO,02/01/2024,10:00:10,0.25,0.2,5240,0.25,2440,1120,19600
FINNIFTY02JAN2419300PE.NFO,02/01/2024,10:00:22,0.2,0.2,5040,0.25,2440,200,19600
FINNIFTY02JAN2419300PE.NFO,02/01/2024,10:00:47,0.2,0.2,5040,0.25,2080,0,19600
FINNIFTY02JAN2419300PE.NFO,02/01/2024,10:00:57,0.2,0.2,5040,0.25,2160,0,19600
FINNIFTY02JAN2419300PE.NFO,02/01/2024,10:01:08,0.2,0.2,4040,0.25,2520,0,19600
FINNIFTY02JAN2419300PE.NFO,02/01/2024,10:01:18,0.2,0.2,4040,0.25,2160,0,19600
FINNIFTY02JAN2419300PE.NFO,02/01/2024,10:01:30,0.2,0.2,4040,0.25,2520,0,19600
FINNIFTY02JAN2419300PE.NFO,02/01/2024,10:01:52,0.2,0.2,4040,0.25,2160,0,19600
FINNIFTY02JAN2419300PE.NFO,02/01/2024,10:02:02,0.2,0.2,4040,0.25,2520,0,19600
FINNIFTY02JAN2419300PE.NFO,02/01/2024,10:02:43,0.2,0.2,3560,0.25,2160,0,19600
FINNIFTY02JAN2419300PE.NFO,02/01/2024,10:03:03,0.2,0.2,4000,0.25,2160,0,19600
FINNIFTY02JAN2419300PE.NFO,02/01/2024,10:03:27,0.2,0.2,2600,0.25,2520,960,20240
FINNIFTY02JAN2419300PE.NFO,02/01/2024,10:04:10,0.2,0.2,2400,0.25,2600,200,20240
FINNIFTY02JAN2419300PE.NFO,02/01/2024,10:04:41,0.2,0.2,2920,0.25,4000,0,20240
FINNIFTY02JAN2419300PE.NFO,02/01/2024,10:04:51,0.2,0.2,3280,0.25,4000,0,20240
FINNIFTY02JAN2419300PE.NFO,02/01/2024,10:05:02,0.2,0.2,2840,0.25,4040,440,20240
FINNIFTY02JAN2419300PE.NFO,02/01/2024,10:05:12,0.2,0.2,2840,0.25,4040,0,20240
FINNIFTY02JAN2419300PE.NFO,02/01/2024,10:05:22,0.2,0.2,2840,0.25,4440,0,20240
FINNIFTY02JAN2419300PE.NFO,02/01/2024,10:05:32,0.2,0.2,2760,0.25,4400,80,20240
FINNIFTY02JAN2419300PE.NFO,02/01/2024,10:05:43,0.2,0.2,2560,0.25,4400,200,20880
FINNIFTY02JAN2419300PE.NFO,02/01/2024,10:05:53,0.2,0.2,2560,0.25,4440,0,20880
FINNIFTY02JAN2419300PE.NFO,02/01/2024,10:06:23,0.2,0.2,880,0.25,4400,0,20880
FINNIFTY02JAN2419300PE.NFO,02/01/2024,10:06:34,0.2,0.2,880,0.25,4560,0,20880
FINNIFTY02JAN2419300PE.NFO,02/01/2024,10:07:26,0.2,0.2,880,0.25,4480,0,20880
FINNIFTY02JAN2419300PE.NFO,02/01/2024,10:11:06,0.2,0.15,22560,0.25,4760,880,20880
FINNIFTY02JAN2419300PE.NFO,02/01/2024,10:12:13,0.2,0.15,22560,0.25,4760,0,20880
FINNIFTY02JAN2419300PE.NFO,02/01/2024,10:12:32,0.2,0.15,22560,0.25,4920,0,20880
FINNIFTY02JAN2419300PE.NFO,02/01/2024,10:12:42,0.2,0.15,22560,0.25,4960,0,20880
FINNIFTY02JAN2419300PE.NFO,02/01/2024,10:12:54,0.2,0.15,22560,0.25,5800,0,20880
FINNIFTY02JAN2419300PE.NFO,02/01/2024,10:13:14,0.2,0.15,22600,0.25,5840,0,20880
FINNIFTY02JAN2419300PE.NFO,02/01/2024,10:16:13,0.2,0.15,22600,0.25,5920,0,20880
FINNIFTY02JAN2419300PE.NFO,02/01/2024,10:16:23,0.2,0.15,22600,0.25,5960,0,20880
FINNIFTY02JAN2419300PE.NFO,02/01/2024,10:16:33,0.2,0.15,22600,0.25,6000,0,20880
FINNIFTY02JAN2419300PE.NFO,02/01/2024,10:16:43,0.2,0.15,22600,0.25,6040,0,20880
FINNIFTY02JAN2419300PE.NFO,02/01/2024,10:16:52,0.2,0.15,20800,0.25,6080,0,20880
FINNIFTY02JAN2419300PE.NFO,02/01/2024,10:19:17,0.2,0.15,22200,0.2,1120,200,21440
FINNIFTY02JAN2419300PE.NFO,02/01/2024,10:19:27,0.2,0.15,22200,0.2,1920,0,21440
FINNIFTY02JAN2419300PE.NFO,02/01/2024,10:20:04,0.2,0.15,22200,0.2,1720,200,21440
FINNIFTY02JAN2419300PE.NFO,02/01/2024,10:20:33,0.2,0.15,22200,0.2,2520,0,21440
FINNIFTY02JAN2419300PE.NFO,02/01/2024,10:24:42,0.2,0.15,22200,0.2,2480,40,21440
FINNIFTY02JAN2419300PE.NFO,02/01/2024,10:25:57,0.2,0.15,20800,0.2,1800,680,21440
FINNIFTY02JAN2419300PE.NFO,02/01/2024,10:26:07,0.2,0.15,20800,0.2,1120,680,21440
FINNIFTY02JAN2419300PE.NFO,02/01/2024,10:26:31,0.2,0.15,20800,0.2,920,200,21440
FINNIFTY02JAN2419300PE.NFO,02/01/2024,10:26:42,0.2,0.2,440,0.25,3560,1280,22920
FINNIFTY02JAN2419300PE.NFO,02/01/2024,10:26:54,0.25,0.15,20800,0.25,2880,720,22920
FINNIFTY02JAN2419300PE.NFO,02/01/2024,10:27:05,0.2,0.15,22720,0.25,2920,120,22920
FINNIFTY02JAN2419300PE.NFO,02/01/2024,10:27:37,0.2,0.15,22720,0.25,2920,80,22920
FINNIFTY02JAN2419300PE.NFO,02/01/2024,10:27:47,0.2,0.15,20800,0.25,2920,0,22920
FINNIFTY02JAN2419300PE.NFO,02/01/2024,10:28:08,0.2,0.2,80,0.25,2920,0,22920
FINNIFTY02JAN2419300PE.NFO,02/01/2024,10:28:18,0.25,0.15,20800,0.25,5240,80,22920
FINNIFTY02JAN2419300PE.NFO,02/01/2024,10:29:28,0.25,0.15,20800,0.25,5200,280,22920
FINNIFTY02JAN2419300PE.NFO,02/01/2024,10:30:22,0.25,0.15,20800,0.25,5120,80,23560
FINNIFTY02JAN2419300PE.NFO,02/01/2024,10:30:33,0.25,0.15,20800,0.25,5040,80,23560
FINNIFTY02JAN2419300PE.NFO,02/01/2024,10:31:55,0.25,0.15,22120,0.25,4920,120,23560
FINNIFTY02JAN2419300PE.NFO,02/01/2024,10:32:05,0.25,0.2,1400,0.25,4800,120,23560
FINNIFTY02JAN2419300PE.NFO,02/01/2024,10:32:16,0.25,0.2,1440,0.25,4520,280,23560
FINNIFTY02JAN2419300PE.NFO,02/01/2024,10:33:05,0.25,0.2,2320,0.25,4920,0,23560
FINNIFTY02JAN2419300PE.NFO,02/01/2024,10:34:14,0.25,0.2,2320,0.25,3720,0,23560
FINNIFTY02JAN2419300PE.NFO,02/01/2024,10:34:53,0.25,0.2,2320,0.25,4480,0,23560
FINNIFTY02JAN2419300PE.NFO,02/01/2024,10:36:37,0.2,0.2,1200,0.25,4120,1000,24000
FINNIFTY02JAN2419300PE.NFO,02/01/2024,10:36:50,0.2,0.2,200,0.25,3520,1000,24000
FINNIFTY02JAN2419300PE.NFO,02/01/2024,10:37:13,0.2,0.15,20800,0.2,1520,680,24000
FINNIFTY02JAN2419300PE.NFO,02/01/2024,10:37:25,0.2,0.15,20800,0.2,840,0,24000
FINNIFTY02JAN2419300PE.NFO,02/01/2024,10:37:36,0.2,0.15,20800,0.25,2840,280,24000
FINNIFTY02JAN2419300PE.NFO,02/01/2024,10:37:57,0.2,0.15,20800,0.2,760,0,24000
FINNIFTY02JAN2419300PE.NFO,02/01/2024,10:38:27,0.2,0.15,20800,0.2,1200,200,24000
FINNIFTY02JAN2419300PE.NFO,02/01/2024,10:40:48,0.2,0.15,20800,0.2,1760,0,24000
FINNIFTY02JAN2419300PE.NFO,02/01/2024,10:40:59,0.2,0.15,20800,0.2,2080,0,24000
FINNIFTY02JAN2419300PE.NFO,02/01/2024,10:41:10,0.2,0.15,20800,0.2,1320,0,24000
FINNIFTY02JAN2419300PE.NFO,02/01/2024,10:43:17,0.2,0.15,20800,0.2,2120,0,24000
FINNIFTY02JAN2419300PE.NFO,02/01/2024,10:44:30,0.2,0.15,20760,0.2,2120,0,24000
FINNIFTY02JAN2419300PE.NFO,02/01/2024,10:44:40,0.2,0.15,20760,0.2,1120,200,24440
FINNIFTY02JAN2419300PE.NFO,02/01/2024,10:44:51,0.2,0.15,20760,0.2,2000,0,24440
FINNIFTY02JAN2419300PE.NFO,02/01/2024,10:45:01,0.2,0.15,20760,0.2,1120,0,24440
FINNIFTY02JAN2419300PE.NFO,02/01/2024,10:45:52,0.2,0.15,20760,0.2,3800,0,24440
FINNIFTY02JAN2419300PE.NFO,02/01/2024,10:47:02,0.2,0.15,20760,0.2,2720,200,24440
FINNIFTY02JAN2419300PE.NFO,02/01/2024,10:47:22,0.2,0.15,20760,0.2,3600,0,24440
FINNIFTY02JAN2419300PE.NFO,02/01/2024,10:47:53,0.2,0.15,20760,0.2,2720,0,24440
FINNIFTY02JAN2419300PE.NFO,02/01/2024,10:53:24,0.2,0.15,20760,0.2,760,0,24440
FINNIFTY02JAN2419300PE.NFO,02/01/2024,10:53:34,0.2,0.15,20760,0.2,960,0,24440
FINNIFTY02JAN2419300PE.NFO,02/01/2024,11:03:36,0.2,0.15,20760,0.2,1000,0,24440
FINNIFTY02JAN2419300PE.NFO,02/01/2024,11:10:35,0.2,0.15,19760,0.2,1760,0,24440
FINNIFTY02JAN2419300PE.NFO,02/01/2024,11:10:53,0.2,0.15,19760,0.2,840,0,24440
FINNIFTY02JAN2419300PE.NFO,02/01/2024,11:12:06,0.2,0.15,19760,0.2,640,200,24440
FINNIFTY02JAN2419300PE.NFO,02/01/2024,11:13:20,0.2,0.15,19760,0.2,2560,0,24440
FINNIFTY02JAN2419300PE.NFO,02/01/2024,11:13:30,0.2,0.15,19760,0.2,1600,0,24440
FINNIFTY02JAN2419300PE.NFO,02/01/2024,11:13:51,0.2,0.15,18560,0.2,2320,560,24440
FINNIFTY02JAN2419300PE.NFO,02/01/2024,11:14:00,0.2,0.15,20000,0.2,2320,0,24440
FINNIFTY02JAN2419300PE.NFO,02/01/2024,11:14:19,0.2,0.15,20000,0.2,2120,200,24440
FINNIFTY02JAN2419300PE.NFO,02/01/2024,11:14:47,0.2,0.15,20000,0.2,1480,640,24440
FINNIFTY02JAN2419300PE.NFO,02/01/2024,11:14:57,0.2,0.15,20040,0.2,1440,40,24400
FINNIFTY02JAN2419300PE.NFO,02/01/2024,11:15:07,0.2,0.15,18600,0.25,2120,0,24400
FINNIFTY02JAN2419300PE.NFO,02/01/2024,11:15:17,0.2,0.15,18600,0.25,4600,0,24400
FINNIFTY02JAN2419300PE.NFO,02/01/2024,11:15:58,0.2,0.2,4840,0.25,4600,1840,24400
FINNIFTY02JAN2419300PE.NFO,02/01/2024,11:16:37,0.2,0.2,4960,0.25,4600,0,24400
FINNIFTY02JAN2419300PE.NFO,02/01/2024,11:16:46,0.2,0.2,4320,0.25,4600,0,24400
FINNIFTY02JAN2419300PE.NFO,02/01/2024,11:16:56,0.25,0.2,4840,0.25,4480,120,24400
FINNIFTY02JAN2419300PE.NFO,02/01/2024,11:17:15,0.25,0.2,4840,0.25,4280,200,24400
FINNIFTY02JAN2419300PE.NFO,02/01/2024,11:17:24,0.25,0.2,4840,0.25,4280,0,24400
FINNIFTY02JAN2419300PE.NFO,02/01/2024,11:17:53,0.25,0.2,4840,0.25,4080,200,24120
FINNIFTY02JAN2419300PE.NFO,02/01/2024,11:18:30,0.25,0.2,2240,0.25,4080,0,24120
FINNIFTY02JAN2419300PE.NFO,02/01/2024,11:19:34,0.2,0.15,21200,0.2,720,2000,24120
FINNIFTY02JAN2419300PE.NFO,02/01/2024,11:20:46,0.2,0.15,21200,0.25,4840,200,24120
FINNIFTY02JAN2419300PE.NFO,02/01/2024,11:23:18,0.2,0.15,21920,0.25,4840,1000,25560
FINNIFTY02JAN2419300PE.NFO,02/01/2024,11:23:27,0.2,0.15,21920,0.25,5640,0,25560
FINNIFTY02JAN2419300PE.NFO,02/01/2024,11:24:58,0.2,0.15,21880,0.25,5640,0,25560
FINNIFTY02JAN2419300PE.NFO,02/01/2024,11:26:13,0.2,0.15,21880,0.2,800,0,25560
FINNIFTY02JAN2419300PE.NFO,02/01/2024,11:28:13,0.2,0.15,22320,0.2,800,0,25560
FINNIFTY02JAN2419300PE.NFO,02/01/2024,11:31:59,0.2,0.15,22320,0.2,2840,0,25560
FINNIFTY02JAN2419300PE.NFO,02/01/2024,11:35:17,0.2,0.15,22560,0.2,3800,0,25560
FINNIFTY02JAN2419300PE.NFO,02/01/2024,11:35:36,0.2,0.15,20760,0.2,3800,0,25560
FINNIFTY02JAN2419300PE.NFO,02/01/2024,11:36:21,0.15,0.15,20560,0.2,3800,200,26560
FINNIFTY02JAN2419300PE.NFO,02/01/2024,11:36:21,0.15,0.15,20560,0.2,3800,0,26560
FINNIFTY02JAN2419300PE.NFO,02/01/2024,11:37:08,0.15,0.15,19760,0.2,3800,0,26560
FINNIFTY02JAN2419300PE.NFO,02/01/2024,11:37:45,0.15,0.15,17760,0.2,3920,2000,26560
FINNIFTY02JAN2419300PE.NFO,02/01/2024,11:38:23,0.15,0.15,17760,0.2,3920,0,26560
FINNIFTY02JAN2419300PE.NFO,02/01/2024,11:39:39,0.15,0.15,17760,0.2,4320,0,26560
FINNIFTY02JAN2419300PE.NFO,02/01/2024,11:41:49,0.2,0.15,17760,0.2,2600,1720,26760
FINNIFTY02JAN2419300PE.NFO,02/01/2024,11:42:09,0.2,0.15,16360,0.2,3000,0,26760
FINNIFTY02JAN2419300PE.NFO,02/01/2024,11:43:43,0.2,0.15,17800,0.2,2800,200,26760
FINNIFTY02JAN2419300PE.NFO,02/01/2024,11:44:02,0.2,0.15,16360,0.2,2600,200,26760
FINNIFTY02JAN2419300PE.NFO,02/01/2024,11:45:54,0.15,0.15,16160,0.2,2600,200,26360
FINNIFTY02JAN2419300PE.NFO,02/01/2024,11:46:03,0.15,0.15,15760,0.2,2600,400,26360
FINNIFTY02JAN2419300PE.NFO,02/01/2024,11:46:22,0.15,0.15,15560,0.2,2600,200,26360
FINNIFTY02JAN2419300PE.NFO,02/01/2024,11:46:41,0.15,0.15,15560,0.2,2600,0,26360
FINNIFTY02JAN2419300PE.NFO,02/01/2024,11:47:25,0.15,0.15,15560,0.2,2080,0,26360
FINNIFTY02JAN2419300PE.NFO,02/01/2024,11:51:50,0.15,0.15,15360,0.2,2600,200,27160
FINNIFTY02JAN2419300PE.NFO,02/01/2024,11:52:45,0.15,0.15,15360,0.2,2240,0,27160
FINNIFTY02JAN2419300PE.NFO,02/01/2024,11:52:54,0.15,0.15,15360,0.2,1920,0,27160
FINNIFTY02JAN2419300PE.NFO,02/01/2024,11:53:47,0.15,0.15,15360,0.2,2240,0,27160
FINNIFTY02JAN2419300PE.NFO,02/01/2024,11:53:56,0.15,0.15,15360,0.2,1920,0,27160
FINNIFTY02JAN2419300PE.NFO,02/01/2024,11:54:05,0.15,0.15,15360,0.2,2240,0,27160
FINNIFTY02JAN2419300PE.NFO,02/01/2024,11:57:09,0.15,0.15,15360,0.2,2680,0,27160
FINNIFTY02JAN2419300PE.NFO,02/01/2024,11:57:52,0.15,0.15,15360,0.2,2200,0,27160
FINNIFTY02JAN2419300PE.NFO,02/01/2024,11:59:02,0.15,0.15,15360,0.2,2520,0,27160
FINNIFTY02JAN2419300PE.NFO,02/01/2024,11:59:11,0.15,0.15,15360,0.2,2880,0,27160
FINNIFTY02JAN2419300PE.NFO,02/01/2024,12:00:48,0.15,0.15,15160,0.2,2880,200,27360
FINNIFTY02JAN2419300PE.NFO,02/01/2024,12:01:42,0.15,0.15,15160,0.2,2400,0,27360
FINNIFTY02JAN2419300PE.NFO,02/01/2024,12:02:09,0.15,0.15,15160,0.2,3080,0,27360
FINNIFTY02JAN2419300PE.NFO,02/01/2024,12:02:53,0.15,0.15,15160,0.2,2400,0,27360
FINNIFTY02JAN2419300PE.NFO,02/01/2024,12:04:21,0.15,0.15,15160,0.2,3000,0,27360
FINNIFTY02JAN2419300PE.NFO,02/01/2024,12:04:31,0.15,0.15,15160,0.2,3080,0,27360
FINNIFTY02JAN2419300PE.NFO,02/01/2024,12:04:40,0.15,0.15,15160,0.2,2400,0,27360
FINNIFTY02JAN2419300PE.NFO,02/01/2024,12:04:58,0.15,0.15,15160,0.2,3080,0,27360
FINNIFTY02JAN2419300PE.NFO,02/01/2024,12:07:09,0.15,0.15,13520,0.2,3080,1640,27560
FINNIFTY02JAN2419300PE.NFO,02/01/2024,12:08:36,0.15,0.15,13160,0.2,4720,0,27560
FINNIFTY02JAN2419300PE.NFO,02/01/2024,12:08:54,0.15,0.15,14280,0.2,4720,160,27560
FINNIFTY02JAN2419300PE.NFO,02/01/2024,12:09:02,0.15,0.15,14280,0.2,4720,0,27560
FINNIFTY02JAN2419300PE.NFO,02/01/2024,12:09:18,0.15,0.15,14280,0.2,4880,0,27560
FINNIFTY02JAN2419300PE.NFO,02/01/2024,12:10:20,0.15,0.15,14280,0.2,4840,0,27560
FINNIFTY02JAN2419300PE.NFO,02/01/2024,12:10:47,0.15,0.15,15640,0.2,4840,0,27560
FINNIFTY02JAN2419300PE.NFO,02/01/2024,12:10:57,0.2,0.15,14280,0.2,4120,800,29200
FINNIFTY02JAN2419300PE.NFO,02/01/2024,12:11:15,0.15,0.15,13480,0.2,4840,800,29200
FINNIFTY02JAN2419300PE.NFO,02/01/2024,12:11:51,0.15,0.15,12520,0.2,4840,960,29200
FINNIFTY02JAN2419300PE.NFO,02/01/2024,12:12:27,0.15,0.15,12280,0.2,4840,0,29200
FINNIFTY02JAN2419300PE.NFO,02/01/2024,12:13:45,0.15,0.15,13640,0.2,4840,0,29200
FINNIFTY02JAN2419300PE.NFO,02/01/2024,12:14:36,0.15,0.15,13520,0.2,4840,120,30480
FINNIFTY02JAN2419300PE.NFO,02/01/2024,12:15:03,0.15,0.15,2720,0.2,4840,80,30600
FINNIFTY02JAN2419300PE.NFO,02/01/2024,12:15:29,0.15,0.15,2720,0.2,4840,0,30600
FINNIFTY02JAN2419300PE.NFO,02/01/2024,12:17:10,0.15,0.15,2720,0.2,4800,0,30600
FINNIFTY02JAN2419300PE.NFO,02/01/2024,12:17:41,0.15,0.15,2720,0.2,4840,0,30600
FINNIFTY02JAN2419300PE.NFO,02/01/2024,12:17:59,0.15,0.15,2720,0.2,4800,0,30600
FINNIFTY02JAN2419300PE.NFO,02/01/2024,12:18:09,0.15,0.15,2720,0.2,4840,0,30600
FINNIFTY02JAN2419300PE.NFO,02/01/2024,12:18:19,0.15,0.15,2720,0.2,4800,0,30600
FINNIFTY02JAN2419300PE.NFO,02/01/2024,12:18:37,0.15,0.15,2720,0.2,4840,0,30600
FINNIFTY02JAN2419300PE.NFO,02/01/2024,12:18:47,0.15,0.15,2720,0.2,4800,0,30600
FINNIFTY02JAN2419300PE.NFO,02/01/2024,12:19:37,0.15,0.15,2720,0.2,4840,0,30600
FINNIFTY02JAN2419300PE.NFO,02/01/2024,12:19:57,0.15,0.15,2720,0.2,4800,0,30600
FINNIFTY02JAN2419300PE.NFO,02/01/2024,12:20:15,0.15,0.15,2720,0.2,4840,0,30600
FINNIFTY02JAN2419300PE.NFO,02/01/2024,12:20:33,0.15,0.15,2720,0.2,4800,0,30600
FINNIFTY02JAN2419300PE.NFO,02/01/2024,12:20:43,0.15,0.15,2720,0.2,4840,0,30600
FINNIFTY02JAN2419300PE.NFO,02/01/2024,12:20:52,0.2,0.15,2720,0.2,4640,200,30520
FINNIFTY02JAN2419300PE.NFO,02/01/2024,12:21:01,0.2,0.15,2720,0.2,4600,0,30520
FINNIFTY02JAN2419300PE.NFO,02/01/2024,12:21:11,0.2,0.15,2720,0.2,4640,0,30520
FINNIFTY02JAN2419300PE.NFO,02/01/2024,12:21:31,0.2,0.15,2720,0.2,4600,0,30520
FINNIFTY02JAN2419300PE.NFO,02/01/2024,12:25:29,0.2,0.15,2720,0.2,4640,0,30520
FINNIFTY02JAN2419300PE.NFO,02/01/2024,12:25:38,0.2,0.15,2720,0.2,4600,0,30520
FINNIFTY02JAN2419300PE.NFO,02/01/2024,12:26:14,0.2,0.15,2720,0.2,4640,0,30520
FINNIFTY02JAN2419300PE.NFO,02/01/2024,12:27:06,0.2,0.15,2720,0.2,4600,0,30520
FINNIFTY02JAN2419300PE.NFO,02/01/2024,12:27:32,0.2,0.15,2720,0.2,4520,80,30320
FINNIFTY02JAN2419300PE.NFO,02/01/2024,12:27:40,0.2,0.15,2720,0.2,4520,0,30320
FINNIFTY02JAN2419300PE.NFO,02/01/2024,12:27:49,0.2,0.15,2720,0.2,4600,0,30320
FINNIFTY02JAN2419300PE.NFO,02/01/2024,12:35:38,0.2,0.15,2720,0.2,4400,200,30320
FINNIFTY02JAN2419300PE.NFO,02/01/2024,12:39:40,0.15,0.15,2640,0.2,4400,80,30240
FINNIFTY02JAN2419300PE.NFO,02/01/2024,12:40:22,0.15,0.15,2640,0.2,4440,0,30240
FINNIFTY02JAN2419300PE.NFO,02/01/2024,12:40:32,0.15,0.15,2480,0.2,4440,160,30240
FINNIFTY02JAN2419300PE.NFO,02/01/2024,12:41:41,0.15,0.15,2280,0.2,4440,200,30240
FINNIFTY02JAN2419300PE.NFO,02/01/2024,12:41:51,0.15,0.15,2280,0.2,4440,0,30240
FINNIFTY02JAN2419300PE.NFO,02/01/2024,12:44:29,0.15,0.15,2240,0.2,4440,40,30480
FINNIFTY02JAN2419300PE.NFO,02/01/2024,12:44:37,0.15,0.15,2160,0.2,4440,80,30480
FINNIFTY02JAN2419300PE.NFO,02/01/2024,12:44:46,0.15,0.15,2000,0.2,4440,160,30480
FINNIFTY02JAN2419300PE.NFO,02/01/2024,12:45:38,0.15,0.15,2000,0.2,4360,0,30480
FINNIFTY02JAN2419300PE.NFO,02/01/2024,12:47:23,0.15,0.1,64000,0.2,4360,1920,30760
FINNIFTY02JAN2419300PE.NFO,02/01/2024,12:47:32,0.15,0.1,64400,0.2,6440,40,30760
FINNIFTY02JAN2419300PE.NFO,02/01/2024,12:48:17,0.15,0.1,65600,0.15,3480,280,32720
FINNIFTY02JAN2419300PE.NFO,02/01/2024,12:48:35,0.15,0.1,65800,0.15,1960,0,32720
FINNIFTY02JAN2419300PE.NFO,02/01/2024,12:49:38,0.15,0.1,47800,0.15,1960,0,32720
FINNIFTY02JAN2419300PE.NFO,02/01/2024,12:50:21,0.15,0.1,47880,0.15,1960,0,32720
FINNIFTY02JAN2419300PE.NFO,02/01/2024,12:51:34,0.15,0.1,46440,0.15,1920,200,32720
FINNIFTY02JAN2419300PE.NFO,02/01/2024,12:57:10,0.15,0.1,41040,0.15,1920,0,32720
FINNIFTY02JAN2419300PE.NFO,02/01/2024,12:58:02,0.15,0.1,41040,0.15,4280,0,32720
FINNIFTY02JAN2419300PE.NFO,02/01/2024,13:00:07,0.15,0.1,39240,0.15,4680,0,32720
FINNIFTY02JAN2419300PE.NFO,02/01/2024,13:00:16,0.15,0.1,39520,0.15,4680,0,32720
FINNIFTY02JAN2419300PE.NFO,02/01/2024,13:03:33,0.15,0.1,39520,0.15,4280,0,32720
FINNIFTY02JAN2419300PE.NFO,02/01/2024,13:04:15,0.15,0.1,39520,0.15,4680,0,32720
FINNIFTY02JAN2419300PE.NFO,02/01/2024,13:08:13,0.1,0.1,38840,0.15,4680,720,32520
FINNIFTY02JAN2419300PE.NFO,02/01/2024,13:08:13,0.1,0.1,38840,0.15,4680,0,32520
FINNIFTY02JAN2419300PE.NFO,02/01/2024,13:08:22,0.1,0.1,32320,0.15,4960,0,32520
FINNIFTY02JAN2419300PE.NFO,02/01/2024,13:08:31,0.1,0.1,32280,0.15,5360,0,32520
FINNIFTY02JAN2419300PE.NFO,02/01/2024,13:10:10,0.15,0.1,32000,0.15,5080,280,32560
FINNIFTY02JAN2419300PE.NFO,02/01/2024,13:11:12,0.1,0.1,31320,0.15,4000,680,32560
FINNIFTY02JAN2419300PE.NFO,02/01/2024,13:11:21,0.1,0.1,24120,0.15,4400,0,32560
FINNIFTY02JAN2419300PE.NFO,02/01/2024,13:11:29,0.1,0.1,24120,0.15,4680,0,32560
FINNIFTY02JAN2419300PE.NFO,02/01/2024,13:12:23,0.1,0.1,24120,0.15,5080,0,32560
FINNIFTY02JAN2419300PE.NFO,02/01/2024,13:13:58,0.1,0.1,24160,0.15,5080,0,32560
FINNIFTY02JAN2419300PE.NFO,02/01/2024,13:14:06,0.15,0.1,24160,0.15,4880,200,32960
FINNIFTY02JAN2419300PE.NFO,02/01/2024,13:18:06,0.15,0.1,24120,0.15,4880,0,32960
FINNIFTY02JAN2419300PE.NFO,02/01/2024,13:20:06,0.15,0.1,22320,0.15,4880,0,32960
FINNIFTY02JAN2419300PE.NFO,02/01/2024,13:20:56,0.15,0.1,22320,0.15,4840,40,32760
FINNIFTY02JAN2419300PE.NFO,02/01/2024,13:21:05,0.15,0.1,13320,0.15,4840,0,32760
FINNIFTY02JAN2419300PE.NFO,02/01/2024,13:21:56,0.15,0.1,12720,0.15,4640,200,32720
FINNIFTY02JAN2419300PE.NFO,02/01/2024,13:22:12,0.15,0.1,12720,0.15,4520,120,32720
FINNIFTY02JAN2419300PE.NFO,02/01/2024,13:22:21,0.15,0.1,12720,0.15,4480,40,32720
FINNIFTY02JAN2419300PE.NFO,02/01/2024,13:22:30,0.15,0.1,12720,0.15,4440,40,32720
FINNIFTY02JAN2419300PE.NFO,02/01/2024,13:22:38,0.15,0.1,12720,0.15,4400,40,32720
FINNIFTY02JAN2419300PE.NFO,02/01/2024,13:22:55,0.15,0.1,12720,0.15,4360,40,32720
FINNIFTY02JAN2419300PE.NFO,02/01/2024,13:23:57,0.15,0.1,10720,0.15,2680,1680,32720
FINNIFTY02JAN2419300PE.NFO,02/01/2024,13:24:39,0.15,0.1,10720,0.15,2480,0,32720
FINNIFTY02JAN2419300PE.NFO,02/01/2024,13:26:52,0.15,0.1,10720,0.15,4640,0,32720
FINNIFTY02JAN2419300PE.NFO,02/01/2024,13:28:34,0.1,0.1,5400,0.15,3960,680,30720
FINNIFTY02JAN2419300PE.NFO,02/01/2024,13:29:33,0.1,0.1,5400,0.15,3560,0,30720
FINNIFTY02JAN2419300PE.NFO,02/01/2024,13:30:50,0.1,0.1,160,0.15,3960,680,30720
FINNIFTY02JAN2419300PE.NFO,02/01/2024,13:33:50,0.1,0.1,40,0.15,3960,0,30720
FINNIFTY02JAN2419300PE.NFO,02/01/2024,13:34:00,0.1,0.05,20400,0.15,3960,0,30720
FINNIFTY02JAN2419300PE.NFO,02/01/2024,13:34:36,0.1,0.05,20400,0.15,3000,960,30440
FINNIFTY02JAN2419300PE.NFO,02/01/2024,13:35:22,0.1,0.05,20400,0.15,3000,0,30440
FINNIFTY02JAN2419300PE.NFO,02/01/2024,13:35:31,0.1,0.1,40,0.15,3000,0,30440
FINNIFTY02JAN2419300PE.NFO,02/01/2024,13:35:40,0.1,0.05,21200,0.15,3000,0,30440
FINNIFTY02JAN2419300PE.NFO,02/01/2024,13:37:20,0.1,0.1,200,0.15,3000,0,30440
FINNIFTY02JAN2419300PE.NFO,02/01/2024,13:43:30,0.1,0.1,200,0.15,3000,200,30440
FINNIFTY02JAN2419300PE.NFO,02/01/2024,13:43:38,0.1,0.05,22000,0.15,3000,200,29480
FINNIFTY02JAN2419300PE.NFO,02/01/2024,13:44:54,0.1,0.05,22000,0.15,4800,0,29480
FINNIFTY02JAN2419300PE.NFO,02/01/2024,13:46:18,0.1,0.1,2280,0.15,4800,0,29480
FINNIFTY02JAN2419300PE.NFO,02/01/2024,13:48:26,0.1,0.1,2400,0.15,4800,0,29480
FINNIFTY02JAN2419300PE.NFO,02/01/2024,13:50:33,0.15,0.1,2400,0.15,4680,120,29400
FINNIFTY02JAN2419300PE.NFO,02/01/2024,13:50:41,0.15,0.1,2400,0.15,4440,240,29400
FINNIFTY02JAN2419300PE.NFO,02/01/2024,13:50:51,0.15,0.1,2400,0.15,4440,0,29400
FINNIFTY02JAN2419300PE.NFO,02/01/2024,13:51:00,0.15,0.1,2280,0.15,4440,0,29400
FINNIFTY02JAN2419300PE.NFO,02/01/2024,13:51:46,0.15,0.1,2440,0.15,4440,0,29400
FINNIFTY02JAN2419300PE.NFO,02/01/2024,13:52:41,0.15,0.1,2440,0.15,4240,200,29040
FINNIFTY02JAN2419300PE.NFO,02/01/2024,13:53:08,0.1,0.1,2040,0.15,4240,400,29040
FINNIFTY02JAN2419300PE.NFO,02/01/2024,13:53:18,0.1,0.1,1240,0.15,4760,1800,29040
FINNIFTY02JAN2419300PE.NFO,02/01/2024,13:53:28,0.05,0.1,240,0.15,4280,3520,29040
FINNIFTY02JAN2419300PE.NFO,02/01/2024,13:53:28,0.05,0.1,240,0.15,4280,0,29040
FINNIFTY02JAN2419300PE.NFO,02/01/2024,13:53:38,0.05,0.05,21320,0.1,480,1800,29040
FINNIFTY02JAN2419300PE.NFO,02/01/2024,13:53:47,0.1,0.05,21080,0.15,5240,1320,29040
FINNIFTY02JAN2419300PE.NFO,02/01/2024,13:53:56,0.05,0.05,19920,0.1,2360,1640,29040
FINNIFTY02JAN2419300PE.NFO,02/01/2024,13:54:06,0.05,0.05,19920,0.1,5080,0,29040
FINNIFTY02JAN2419300PE.NFO,02/01/2024,13:54:16,0.1,0.05,19920,0.1,4880,200,24520
FINNIFTY02JAN2419300PE.NFO,02/01/2024,13:54:25,0.1,0.05,20080,0.1,40,3520,24520
FINNIFTY02JAN2419300PE.NFO,02/01/2024,13:54:34,0.15,0.1,1360,0.15,5000,1480,24520
FINNIFTY02JAN2419300PE.NFO,02/01/2024,13:54:44,0.1,0.1,800,0.15,5640,1360,24520
FINNIFTY02JAN2419300PE.NFO,02/01/2024,13:54:53,0.1,0.1,800,0.15,5600,0,24520
FINNIFTY02JAN2419300PE.NFO,02/01/2024,13:55:03,0.1,0.1,1360,0.15,5640,0,24520
FINNIFTY02JAN2419300PE.NFO,02/01/2024,13:55:12,0.1,0.1,1360,0.15,5720,0,24520
FINNIFTY02JAN2419300PE.NFO,02/01/2024,13:58:30,0.1,0.1,1360,0.15,4320,0,24520
FINNIFTY02JAN2419300PE.NFO,02/01/2024,13:58:56,0.1,0.05,18680,0.15,3680,960,23760
FINNIFTY02JAN2419300PE.NFO,02/01/2024,13:59:04,0.05,0.05,18360,0.1,840,1280,23760
FINNIFTY02JAN2419300PE.NFO,02/01/2024,13:59:13,0.05,0.05,16320,0.1,680,2200,23760
FINNIFTY02JAN2419300PE.NFO,02/01/2024,13:59:22,0.05,0.05,15520,0.1,4320,800,23760
FINNIFTY02JAN2419300PE.NFO,02/01/2024,13:59:30,0.05,0.05,14720,0.1,4320,800,23760
FINNIFTY02JAN2419300PE.NFO,02/01/2024,13:59:39,0.05,0.05,14200,0.1,4320,520,23760
FINNIFTY02JAN2419300PE.NFO,02/01/2024,13:59:47,0.05,0.05,13960,0.1,4320,400,23760
FINNIFTY02JAN2419300PE.NFO,02/01/2024,13:59:56,0.05,0.05,13160,0.1,4320,800,23760
FINNIFTY02JAN2419300PE.NFO,02/01/2024,14:00:14,0.05,0.05,13080,0.1,4320,80,23760
FINNIFTY02JAN2419300PE.NFO,02/01/2024,14:00:23,0.05,0.05,12200,0.1,4320,0,23760
FINNIFTY02JAN2419300PE.NFO,02/01/2024,14:02:07,0.05,0.05,3400,0.1,4320,0,23760
FINNIFTY02JAN2419300PE.NFO,02/01/2024,14:02:15,0.05,0.05,1320,0.1,4320,3840,24400
FINNIFTY02JAN2419300PE.NFO,02/01/2024,14:02:42,0.05,0.05,1320,0.1,6880,0,24400
FINNIFTY02JAN2419300PE.NFO,02/01/2024,14:02:59,0.05,0.05,1080,0.1,5880,1000,24400
FINNIFTY02JAN2419300PE.NFO,02/01/2024,14:03:07,0.05,0.05,880,0.1,4080,2000,24400
FINNIFTY02JAN2419300PE.NFO,02/01/2024,14:03:25,0.1,0.05,1080,0.1,3960,120,22120
FINNIFTY02JAN2419300PE.NFO,02/01/2024,14:03:34,0.1,0.05,1080,0.1,3560,400,22120
FINNIFTY02JAN2419300PE.NFO,02/01/2024,14:03:52,0.1,0.05,240,0.1,3240,800,22120
FINNIFTY02JAN2419300PE.NFO,02/01/2024,14:04:01,0.1,0.05,240,0.1,3440,80,22120
FINNIFTY02JAN2419300PE.NFO,02/01/2024,14:04:10,0.05,0,0,0.1,3440,440,22120
FINNIFTY02JAN2419300PE.NFO,02/01/2024,14:04:20,0.05,0,0,0.1,3400,800,22120
FINNIFTY02JAN2419300PE.NFO,02/01/2024,14:04:39,0.1,0.05,440,0.1,3320,40,22120
FINNIFTY02JAN2419300PE.NFO,02/01/2024,14:04:49,0.1,0.05,1080,0.1,2920,400,22120
FINNIFTY02JAN2419300PE.NFO,02/01/2024,14:04:58,0.1,0.05,440,0.1,3720,0,22120
FINNIFTY02JAN2419300PE.NFO,02/01/2024,14:05:07,0.05,0.05,320,0.1,3640,200,22120
FINNIFTY02JAN2419300PE.NFO,02/01/2024,14:05:34,0.05,0.05,320,0.1,3680,0,22120
FINNIFTY02JAN2419300PE.NFO,02/01/2024,14:06:58,0.1,0.05,320,0.1,3640,480,21760
FINNIFTY02JAN2419300PE.NFO,02/01/2024,14:07:07,0.1,0.05,320,0.1,3600,400,21760
FINNIFTY02JAN2419300PE.NFO,02/01/2024,14:08:12,0.1,0.05,1320,0.1,3600,0,21760
FINNIFTY02JAN2419300PE.NFO,02/01/2024,14:09:02,0.1,0.05,1320,0.1,2400,1200,21760
FINNIFTY02JAN2419300PE.NFO,02/01/2024,14:09:12,0.1,0.05,1320,0.1,1520,800,21760
FINNIFTY02JAN2419300PE.NFO,02/01/2024,14:09:22,0.1,0.05,1320,0.1,600,800,21760
FINNIFTY02JAN2419300PE.NFO,02/01/2024,14:09:31,0.1,0.05,1320,0.1,400,200,21760
FINNIFTY02JAN2419300PE.NFO,02/01/2024,14:10:00,0.1,0.05,1320,0.15,3320,1000,21760
FINNIFTY02JAN2419300PE.NFO,02/01/2024,14:10:12,0.1,0.05,1520,0.15,3400,2200,21760
FINNIFTY02JAN2419300PE.NFO,02/01/2024,14:11:03,0.15,0.1,440,0.15,3240,400,21760
FINNIFTY02JAN2419300PE.NFO,02/01/2024,14:11:16,0.1,0.1,320,0.15,2360,1000,21760
FINNIFTY02JAN2419300PE.NFO,02/01/2024,14:11:28,0.1,0.05,6040,0.15,1960,760,21760
FINNIFTY02JAN2419300PE.NFO,02/01/2024,14:12:56,0.1,0.1,440,0.15,1960,480,23760
FINNIFTY02JAN2419300PE.NFO,02/01/2024,14:13:06,0.1,0.1,400,0.15,1960,40,23760
FINNIFTY02JAN2419300PE.NFO,02/01/2024,14:13:16,0.15,0.1,280,0.15,1000,1160,23760
FINNIFTY02JAN2419300PE.NFO,02/01/2024,14:13:26,0.1,0.1,80,0.15,1120,440,23760
FINNIFTY02JAN2419300PE.NFO,02/01/2024,14:13:37,0.15,0.05,5840,0.15,760,240,23760
FINNIFTY02JAN2419300PE.NFO,02/01/2024,14:13:48,0.15,0.1,40,0.15,760,160,23760
FINNIFTY02JAN2419300PE.NFO,02/01/2024,14:13:58,0.15,0.1,40,0.15,720,80,23760
FINNIFTY02JAN2419300PE.NFO,02/01/2024,14:14:09,0.15,0.1,40,0.15,720,0,23760
FINNIFTY02JAN2419300PE.NFO,02/01/2024,14:14:19,0.15,0.1,40,0.15,680,280,23760
FINNIFTY02JAN2419300PE.NFO,02/01/2024,14:14:30,0.15,0.1,40,0.15,1960,0,23760
FINNIFTY02JAN2419300PE.NFO,02/01/2024,14:14:40,0.15,0.05,7200,0.15,1960,0,23760
FINNIFTY02JAN2419300PE.NFO,02/01/2024,14:15:18,0.15,0.05,7200,0.15,1880,80,24520
FINNIFTY02JAN2419300PE.NFO,02/01/2024,14:15:28,0.15,0.05,6200,0.15,1880,0,24520
FINNIFTY02JAN2419300PE.NFO,02/01/2024,14:17:09,0.15,0.05,6200,0.15,3320,0,24520
FINNIFTY02JAN2419300PE.NFO,02/01/2024,14:17:19,0.1,0.05,4760,0.15,2040,40,24520
FINNIFTY02JAN2419300PE.NFO,02/01/2024,14:17:37,0.1,0.05,4720,0.15,2040,0,24520
FINNIFTY02JAN2419300PE.NFO,02/01/2024,14:18:16,0.1,0.05,4640,0.15,2040,0,24520
FINNIFTY02JAN2419300PE.NFO,02/01/2024,14:19:06,0.05,0.05,4800,0.1,800,400,24520
FINNIFTY02JAN2419300PE.NFO,02/01/2024,14:19:16,0.05,0.05,2880,0.1,400,2000,24520
FINNIFTY02JAN2419300PE.NFO,02/01/2024,14:19:27,0.05,0.05,880,0.1,400,2200,24520
FINNIFTY02JAN2419300PE.NFO,02/01/2024,14:19:38,0.05,0,0,0.1,400,800,24520
FINNIFTY02JAN2419300PE.NFO,02/01/2024,14:19:48,0.05,0,0,0.1,4880,0,24520
FINNIFTY02JAN2419300PE.NFO,02/01/2024,14:20:45,0.05,0.05,1520,0.1,4880,0,24520
FINNIFTY02JAN2419300PE.NFO,02/01/2024,14:21:40,0.05,0.05,1240,0.1,4960,280,24080
FINNIFTY02JAN2419300PE.NFO,02/01/2024,14:22:45,0.05,0.05,440,0.1,4960,800,24080
FINNIFTY02JAN2419300PE.NFO,02/01/2024,14:22:55,0.05,0,0,0.1,4960,800,24080
FINNIFTY02JAN2419300PE.NFO,02/01/2024,14:23:23,0.05,0,0,0.1,4960,0,24080
FINNIFTY02JAN2419300PE.NFO,02/01/2024,14:23:41,0.05,0,0,0.1,6400,0,24080
FINNIFTY02JAN2419300PE.NFO,02/01/2024,14:25:29,0.05,0.05,1040,0.1,6400,0,24080
FINNIFTY02JAN2419300PE.NFO,02/01/2024,14:25:38,0.05,0.05,440,0.1,6400,0,24080
FINNIFTY02JAN2419300PE.NFO,02/01/2024,14:26:22,0.05,0.05,920,0.1,6400,0,24080
FINNIFTY02JAN2419300PE.NFO,02/01/2024,14:29:12,0.05,0.05,920,0.1,6440,0,24080
FINNIFTY02JAN2419300PE.NFO,02/01/2024,14:29:56,0.1,0.05,920,0.1,7040,320,23920
FINNIFTY02JAN2419300PE.NFO,02/01/2024,14:30:06,0.1,0.05,920,0.1,6720,320,23920
FINNIFTY02JAN2419300PE.NFO,02/01/2024,14:30:15,0.05,0.05,1040,0.1,5640,1480,23920
FINNIFTY02JAN2419300PE.NFO,02/01/2024,14:30:35,0.1,0.05,1040,0.1,4360,1280,23920
FINNIFTY02JAN2419300PE.NFO,02/01/2024,14:30:45,0.1,0.05,1040,0.1,4280,120,23920
FINNIFTY02JAN2419300PE.NFO,02/01/2024,14:31:31,0.05,0.05,960,0.1,3880,480,23920
FINNIFTY02JAN2419300PE.NFO,02/01/2024,14:32:44,0.05,0.05,1040,0.1,3880,0,23920
FINNIFTY02JAN2419300PE.NFO,02/01/2024,14:34:34,0.1,0.05,560,0.1,3480,400,24360
FINNIFTY02JAN2419300PE.NFO,02/01/2024,14:36:32,0.1,0.05,560,0.1,3480,0,24360
FINNIFTY02JAN2419300PE.NFO,02/01/2024,14:37:17,0.05,0,0,0.1,3480,800,24360
FINNIFTY02JAN2419300PE.NFO,02/01/2024,14:37:26,0.05,0,0,0.1,3480,0,24360
FINNIFTY02JAN2419300PE.NFO,02/01/2024,14:37:57,0.1,0,0,0.1,3160,320,24360
FINNIFTY02JAN2419300PE.NFO,02/01/2024,14:38:08,0.1,0.05,2000,0.1,1320,1880,24360
FINNIFTY02JAN2419300PE.NFO,02/01/2024,14:38:20,0.1,0.05,3440,0.1,560,960,24360
FINNIFTY02JAN2419300PE.NFO,02/01/2024,14:38:33,0.1,0.05,3440,0.1,640,680,24360
FINNIFTY02JAN2419300PE.NFO,02/01/2024,14:38:45,0.1,0.05,3480,0.1,720,120,24360
FINNIFTY02JAN2419300PE.NFO,02/01/2024,14:39:05,0.1,0.05,600,0.1,720,0,24360
FINNIFTY02JAN2419300PE.NFO,02/01/2024,14:40:36,0.1,0.05,240,0.1,600,1000,21760
FINNIFTY02JAN2419300PE.NFO,02/01/2024,14:40:58,0.1,0.05,240,0.1,160,0,21760
FINNIFTY02JAN2419300PE.NFO,02/01/2024,14:41:29,0.1,0.05,2040,0.1,160,0,21760
FINNIFTY02JAN2419300PE.NFO,02/01/2024,14:46:06,0.1,0.05,2280,0.1,720,120,21760
FINNIFTY02JAN2419300PE.NFO,02/01/2024,14:46:34,0.1,0.05,2040,0.1,200,0,21760
FINNIFTY02JAN2419300PE.NFO,02/01/2024,14:47:41,0.1,0.05,2280,0.1,640,120,21760
FINNIFTY02JAN2419300PE.NFO,02/01/2024,14:51:06,0.1,0.05,2040,0.1,320,0,21760
FINNIFTY02JAN2419300PE.NFO,02/01/2024,14:51:25,0.1,0.05,2240,0.1,680,120,21960
FINNIFTY02JAN2419300PE.NFO,02/01/2024,14:53:29,0.1,0.05,2240,0.1,760,80,21960
FINNIFTY02JAN2419300PE.NFO,02/01/2024,14:53:38,0.1,0.05,2040,0.1,600,0,21960
FINNIFTY02JAN2419300PE.NFO,02/01/2024,14:54:37,0.1,0.05,2040,0.1,480,240,22040
FINNIFTY02JAN2419300PE.NFO,02/01/2024,14:55:17,0.05,0.05,1480,0.1,480,560,22040
FINNIFTY02JAN2419300PE.NFO,02/01/2024,14:56:14,0.05,0.05,1480,0.1,520,0,22040
FINNIFTY02JAN2419300PE.NFO,02/01/2024,14:56:43,0.05,0.05,1480,0.1,1040,0,22040
FINNIFTY02JAN2419300PE.NFO,02/01/2024,14:57:42,0.05,0.05,1480,0.1,1000,0,22040
FINNIFTY02JAN2419300PE.NFO,02/01/2024,14:58:20,0.05,0.05,880,0.1,1000,600,21920
FINNIFTY02JAN2419300PE.NFO,02/01/2024,14:58:38,0.05,0.05,200,0.1,1600,0,21920
FINNIFTY02JAN2419300PE.NFO,02/01/2024,14:59:35,0.05,0,0,0.1,1600,400,21920
FINNIFTY02JAN2419300PE.NFO,02/01/2024,14:59:46,0.05,0,0,0.1,1640,0,21920
FINNIFTY02JAN2419300PE.NFO,02/01/2024,15:02:44,0.05,0.05,760,0.1,1640,0,21920
FINNIFTY02JAN2419300PE.NFO,02/01/2024,15:02:54,0.05,0.05,280,0.1,1720,0,21920
FINNIFTY02JAN2419300PE.NFO,02/01/2024,15:03:13,0.05,0,0,0.1,1720,400,21920
FINNIFTY02JAN2419300PE.NFO,02/01/2024,15:03:51,0.05,0,0,0.1,1720,0,21920
FINNIFTY02JAN2419300PE.NFO,02/01/2024,15:04:20,0.05,0,0,0.1,1680,0,21920
FINNIFTY02JAN2419300PE.NFO,02/01/2024,15:04:40,0.05,0,0,0.1,1640,0,21920
FINNIFTY02JAN2419300PE.NFO,02/01/2024,15:14:23,0.05,0,0,0.05,1200,0,21920
FINNIFTY02JAN2419300PE.NFO,02/01/2024,15:17:45,0.05,0,0,0.05,2200,0,21920
FINNIFTY02JAN2419300PE.NFO,02/01/2024,15:19:02,0.05,0,0,0.05,2240,0,21920
FINNIFTY02JAN2419300PE.NFO,02/01/2024,15:25:54,0.05,0,0,0.05,2120,160,21800
FINNIFTY02JAN2419300PE.NFO,02/01/2024,15:28:20,0.05,0,0,0.05,2120,0,21800
FINNIFTY02JAN2419300PE.NFO,02/01/2024,15:29:02,0.05,0,0,0.05,4040,480,21640
FINNIFTY02JAN2419300PE.NFO,02/01/2024,15:29:23,0.05,0,0,0.05,4040,0,21640
FINNIFTY02JAN2419300PE.NFO,02/01/2024,15:29:44,0.05,0,0,0.05,3960,0,21640
FINNIFTY02JAN2419300PE.NFO,02/01/2024,15:29:59,0.05,0,0,0.05,2880,0,21640
