Ticker,Date,Time,LTP,BuyPrice,BuyQty,SellPrice,SellQty,LTQ,OpenInterest
FINNIFTY02JAN2422400CE.NFO,02/01/2024,09:15:06,0.4,0.4,39320,0.45,29560,1720,730000
FINNIFTY02JAN2422400CE.NFO,02/01/2024,09:15:06,0.4,0.4,39320,0.45,29560,0,730000
FINNIFTY02JAN2422400CE.NFO,02/01/2024,09:15:06,0.5,0.4,39320,0.45,29560,0,730000
FINNIFTY02JAN2422400CE.NFO,02/01/2024,09:15:06,0.4,0.4,39320,0.45,29560,0,730000
FINNIFTY02JAN2422400CE.NFO,02/01/2024,09:15:19,0.4,0.4,48120,0.45,50760,12120,730000
FINNIFTY02JAN2422400CE.NFO,02/01/2024,09:15:30,0.4,0.4,47960,0.45,55240,3560,730000
FINNIFTY02JAN2422400CE.NFO,02/01/2024,09:15:40,0.45,0.4,50560,0.45,56360,5520,730000
FINNIFTY02JAN2422400CE.NFO,02/01/2024,09:15:49,0.4,0.4,51040,0.45,57720,17440,730000
FINNIFTY02JAN2422400CE.NFO,02/01/2024,09:15:57,0.45,0.4,52040,0.45,35520,31920,730000
FINNIFTY02JAN2422400CE.NFO,02/01/2024,09:16:07,0.45,0.4,62640,0.45,62240,26520,730000
FINNIFTY02JAN2422400CE.NFO,02/01/2024,09:16:16,0.4,0.4,63360,0.45,68080,7640,730000
FINNIFTY02JAN2422400CE.NFO,02/01/2024,09:16:24,0.45,0.4,56400,0.45,79280,11800,730000
FINNIFTY02JAN2422400CE.NFO,02/01/2024,09:16:32,0.4,0.35,119240,0.4,64440,43360,730000
FINNIFTY02JAN2422400CE.NFO,02/01/2024,09:16:32,0.35,0.35,119240,0.4,64440,0,730000
FINNIFTY02JAN2422400CE.NFO,02/01/2024,09:16:39,0.4,0.35,120280,0.4,62280,7120,730000
FINNIFTY02JAN2422400CE.NFO,02/01/2024,09:16:48,0.35,0.35,117040,0.4,60040,8280,730000
FINNIFTY02JAN2422400CE.NFO,02/01/2024,09:16:56,0.4,0.35,124120,0.4,50120,23960,730000
FINNIFTY02JAN2422400CE.NFO,02/01/2024,09:17:03,0.4,0.35,140800,0.4,52000,11640,730000
FINNIFTY02JAN2422400CE.NFO,02/01/2024,09:17:13,0.35,0.35,152840,0.4,55960,5120,730000
FINNIFTY02JAN2422400CE.NFO,02/01/2024,09:17:21,0.4,0.35,152640,0.4,77480,3840,730000
FINNIFTY02JAN2422400CE.NFO,02/01/2024,09:17:28,0.35,0.35,154160,0.4,78000,2120,776360
FINNIFTY02JAN2422400CE.NFO,02/01/2024,09:17:38,0.35,0.35,154040,0.4,77200,4600,776360
FINNIFTY02JAN2422400CE.NFO,02/01/2024,09:17:46,0.4,0.35,157040,0.4,78520,1880,776360
FINNIFTY02JAN2422400CE.NFO,02/01/2024,09:17:54,0.4,0.35,155240,0.4,49520,16200,776360
FINNIFTY02JAN2422400CE.NFO,02/01/2024,09:18:01,0.4,0.35,149760,0.4,60640,11480,776360
FINNIFTY02JAN2422400CE.NFO,02/01/2024,09:18:08,0.4,0.35,302880,0.4,36840,17040,776360
FINNIFTY02JAN2422400CE.NFO,02/01/2024,09:18:15,0.35,0.35,302800,0.4,47960,80,776360
FINNIFTY02JAN2422400CE.NFO,02/01/2024,09:18:23,0.4,0.35,302760,0.4,47680,7520,776360
FINNIFTY02JAN2422400CE.NFO,02/01/2024,09:18:31,0.4,0.35,302920,0.4,60720,280,776360
FINNIFTY02JAN2422400CE.NFO,02/01/2024,09:18:38,0.4,0.35,302920,0.4,62520,0,776360
FINNIFTY02JAN2422400CE.NFO,02/01/2024,09:18:45,0.35,0.35,291240,0.4,62680,1600,776360
FINNIFTY02JAN2422400CE.NFO,02/01/2024,09:18:54,0.4,0.35,289520,0.4,20240,21000,776360
FINNIFTY02JAN2422400CE.NFO,02/01/2024,09:19:03,0.4,0.35,285480,0.4,37080,10240,776360
FINNIFTY02JAN2422400CE.NFO,02/01/2024,09:19:12,0.4,0.35,285480,0.4,52720,280,776360
FINNIFTY02JAN2422400CE.NFO,02/01/2024,09:19:20,0.4,0.35,285480,0.4,54520,0,776360
FINNIFTY02JAN2422400CE.NFO,02/01/2024,09:19:29,0.35,0.35,128560,0.4,56760,1000,776360
FINNIFTY02JAN2422400CE.NFO,02/01/2024,09:19:31,0.35,0.35,130480,0.4,57640,0,776360
FINNIFTY02JAN2422400CE.NFO,02/01/2024,09:19:32,0.4,0.35,130480,0.4,57600,40,776360
FINNIFTY02JAN2422400CE.NFO,02/01/2024,09:19:34,0.4,0.35,130480,0.4,56160,0,776360
FINNIFTY02JAN2422400CE.NFO,02/01/2024,09:19:36,0.4,0.35,130480,0.4,55560,600,776360
FINNIFTY02JAN2422400CE.NFO,02/01/2024,09:19:37,0.4,0.35,130480,0.4,56560,0,776360
FINNIFTY02JAN2422400CE.NFO,02/01/2024,09:19:42,0.4,0.35,130480,0.4,54760,1800,776360
FINNIFTY02JAN2422400CE.NFO,02/01/2024,09:19:44,0.35,0.35,128480,0.4,54760,2000,776360
FINNIFTY02JAN2422400CE.NFO,02/01/2024,09:19:45,0.35,0.35,128880,0.4,55760,0,776360
FINNIFTY02JAN2422400CE.NFO,02/01/2024,09:19:49,0.4,0.35,128480,0.4,49120,400,776360
FINNIFTY02JAN2422400CE.NFO,02/01/2024,09:19:50,0.4,0.35,128480,0.4,48920,120,776360
FINNIFTY02JAN2422400CE.NFO,02/01/2024,09:19:52,0.4,0.35,124880,0.4,37240,10160,776360
FINNIFTY02JAN2422400CE.NFO,02/01/2024,09:19:54,0.4,0.35,124880,0.4,32320,3480,776360
FINNIFTY02JAN2422400CE.NFO,02/01/2024,09:19:55,0.4,0.35,124880,0.4,40360,680,776360
FINNIFTY02JAN2422400CE.NFO,02/01/2024,09:19:57,0.4,0.35,124880,0.4,32200,2480,776360
FINNIFTY02JAN2422400CE.NFO,02/01/2024,09:19:59,0.4,0.35,124880,0.4,40200,720,776360
FINNIFTY02JAN2422400CE.NFO,02/01/2024,09:20:00,0.4,0.35,125040,0.4,42200,120,776360
FINNIFTY02JAN2422400CE.NFO,02/01/2024,09:20:02,0.4,0.35,125080,0.4,42200,0,776360
FINNIFTY02JAN2422400CE.NFO,02/01/2024,09:20:05,0.4,0.35,125080,0.4,45640,0,776360
FINNIFTY02JAN2422400CE.NFO,02/01/2024,09:20:07,0.4,0.35,124880,0.4,49000,240,776360
FINNIFTY02JAN2422400CE.NFO,02/01/2024,09:20:09,0.35,0.35,124080,0.4,49000,800,776360
FINNIFTY02JAN2422400CE.NFO,02/01/2024,09:20:10,0.35,0.35,124080,0.4,54800,0,776360
FINNIFTY02JAN2422400CE.NFO,02/01/2024,09:20:12,0.35,0.35,124120,0.4,56600,0,776360
FINNIFTY02JAN2422400CE.NFO,02/01/2024,09:20:14,0.35,0.35,124120,0.4,51720,0,776360
FINNIFTY02JAN2422400CE.NFO,02/01/2024,09:20:15,0.35,0.35,123320,0.4,51720,800,776360
FINNIFTY02JAN2422400CE.NFO,02/01/2024,09:20:17,0.4,0.35,123280,0.4,50680,1040,776360
FINNIFTY02JAN2422400CE.NFO,02/01/2024,09:20:19,0.4,0.35,123440,0.4,50680,0,776360
FINNIFTY02JAN2422400CE.NFO,02/01/2024,09:20:20,0.4,0.35,123480,0.4,50640,40,776360
FINNIFTY02JAN2422400CE.NFO,02/01/2024,09:20:22,0.4,0.35,123480,0.4,52440,0,776360
FINNIFTY02JAN2422400CE.NFO,02/01/2024,09:20:24,0.4,0.35,123320,0.4,52480,160,843080
FINNIFTY02JAN2422400CE.NFO,02/01/2024,09:20:25,0.35,0.35,123280,0.4,52480,40,843080
FINNIFTY02JAN2422400CE.NFO,02/01/2024,09:20:27,0.4,0.35,123240,0.4,52440,40,843080
FINNIFTY02JAN2422400CE.NFO,02/01/2024,09:20:34,0.4,0.35,123240,0.4,52520,0,843080
FINNIFTY02JAN2422400CE.NFO,02/01/2024,09:20:42,0.4,0.35,123400,0.4,38080,13000,843080
FINNIFTY02JAN2422400CE.NFO,02/01/2024,09:20:49,0.4,0.35,123240,0.4,38800,720,843080
FINNIFTY02JAN2422400CE.NFO,02/01/2024,09:20:59,0.4,0.35,119640,0.4,14640,20240,843080
FINNIFTY02JAN2422400CE.NFO,02/01/2024,09:21:11,0.35,0.35,120080,0.4,26880,3600,843080
FINNIFTY02JAN2422400CE.NFO,02/01/2024,09:21:22,0.4,0.35,117920,0.4,24960,2440,843080
FINNIFTY02JAN2422400CE.NFO,02/01/2024,09:21:34,0.4,0.35,121520,0.4,24160,2600,843080
FINNIFTY02JAN2422400CE.NFO,02/01/2024,09:21:46,0.4,0.35,121520,0.4,14640,880,843080
FINNIFTY02JAN2422400CE.NFO,02/01/2024,09:21:57,0.45,0.4,75600,0.45,49640,36360,843080
FINNIFTY02JAN2422400CE.NFO,02/01/2024,09:22:08,0.4,0.4,82560,0.45,66880,5720,843080
FINNIFTY02JAN2422400CE.NFO,02/01/2024,09:22:20,0.45,0.4,92120,0.45,79240,6640,843080
FINNIFTY02JAN2422400CE.NFO,02/01/2024,09:22:31,0.45,0.4,91760,0.45,84160,9200,843080
FINNIFTY02JAN2422400CE.NFO,02/01/2024,09:22:42,0.4,0.4,97120,0.45,90760,8240,843080
FINNIFTY02JAN2422400CE.NFO,02/01/2024,09:22:54,0.45,0.4,100240,0.45,100560,31480,843080
FINNIFTY02JAN2422400CE.NFO,02/01/2024,09:23:05,0.45,0.4,103440,0.45,101600,11400,843080
FINNIFTY02JAN2422400CE.NFO,02/01/2024,09:23:15,0.4,0.4,104560,0.45,110280,13120,843080
FINNIFTY02JAN2422400CE.NFO,02/01/2024,09:23:26,0.4,0.4,95120,0.45,116120,15640,878240
FINNIFTY02JAN2422400CE.NFO,02/01/2024,09:23:31,0.4,0.4,42880,0.45,108240,41200,878240
FINNIFTY02JAN2422400CE.NFO,02/01/2024,09:23:33,0.35,0.35,153840,0.4,57320,31840,878240
FINNIFTY02JAN2422400CE.NFO,02/01/2024,09:23:34,0.35,0.35,165320,0.4,63360,40,878240
FINNIFTY02JAN2422400CE.NFO,02/01/2024,09:23:36,0.4,0.35,165400,0.4,64680,880,878240
FINNIFTY02JAN2422400CE.NFO,02/01/2024,09:23:38,0.35,0.35,168600,0.4,64880,400,878240
FINNIFTY02JAN2422400CE.NFO,02/01/2024,09:23:39,0.4,0.35,168600,0.4,64680,200,878240
FINNIFTY02JAN2422400CE.NFO,02/01/2024,09:23:41,0.35,0.35,168520,0.4,64680,40,878240
FINNIFTY02JAN2422400CE.NFO,02/01/2024,09:23:43,0.35,0.35,138120,0.4,71880,27000,878240
FINNIFTY02JAN2422400CE.NFO,02/01/2024,09:23:44,0.35,0.35,136080,0.4,72520,3000,878240
FINNIFTY02JAN2422400CE.NFO,02/01/2024,09:23:46,0.35,0.35,138480,0.4,72480,0,878240
FINNIFTY02JAN2422400CE.NFO,02/01/2024,09:23:48,0.35,0.35,138520,0.4,72480,0,878240
FINNIFTY02JAN2422400CE.NFO,02/01/2024,09:23:49,0.35,0.35,138520,0.4,79840,0,878240
FINNIFTY02JAN2422400CE.NFO,02/01/2024,09:23:51,0.4,0.35,141440,0.4,89280,7120,878240
FINNIFTY02JAN2422400CE.NFO,02/01/2024,09:23:53,0.4,0.35,141680,0.4,106080,3080,878240
FINNIFTY02JAN2422400CE.NFO,02/01/2024,09:23:54,0.4,0.35,142080,0.4,106560,600,878240
FINNIFTY02JAN2422400CE.NFO,02/01/2024,09:23:56,0.35,0.35,142400,0.4,108640,1880,878240
FINNIFTY02JAN2422400CE.NFO,02/01/2024,09:23:58,0.35,0.35,142520,0.4,124720,1640,878240
FINNIFTY02JAN2422400CE.NFO,02/01/2024,09:23:59,0.35,0.35,142120,0.4,124960,400,878240
FINNIFTY02JAN2422400CE.NFO,02/01/2024,09:24:01,0.35,0.35,142120,0.4,124920,0,878240
FINNIFTY02JAN2422400CE.NFO,02/01/2024,09:24:03,0.35,0.35,141720,0.4,124960,400,878240
FINNIFTY02JAN2422400CE.NFO,02/01/2024,09:24:04,0.35,0.35,141320,0.4,126400,400,878240
FINNIFTY02JAN2422400CE.NFO,02/01/2024,09:24:06,0.35,0.35,141320,0.4,127080,0,878240
FINNIFTY02JAN2422400CE.NFO,02/01/2024,09:24:08,0.35,0.35,141040,0.4,127080,280,878240
FINNIFTY02JAN2422400CE.NFO,02/01/2024,09:24:09,0.35,0.35,141040,0.4,128520,0,878240
FINNIFTY02JAN2422400CE.NFO,02/01/2024,09:24:11,0.35,0.35,141920,0.4,128520,0,878240
FINNIFTY02JAN2422400CE.NFO,02/01/2024,09:24:13,0.35,0.35,141640,0.4,128520,280,878240
FINNIFTY02JAN2422400CE.NFO,02/01/2024,09:24:17,0.35,0.35,139440,0.4,128520,280,878240
FINNIFTY02JAN2422400CE.NFO,02/01/2024,09:24:21,0.35,0.35,141360,0.4,128880,0,878240
FINNIFTY02JAN2422400CE.NFO,02/01/2024,09:24:22,0.35,0.35,141360,0.4,128680,0,878240
FINNIFTY02JAN2422400CE.NFO,02/01/2024,09:24:27,0.4,0.35,141360,0.4,128480,200,878240
FINNIFTY02JAN2422400CE.NFO,02/01/2024,09:24:29,0.4,0.35,141920,0.4,130480,0,878240
FINNIFTY02JAN2422400CE.NFO,02/01/2024,09:24:31,0.4,0.35,142320,0.4,130480,0,878240
FINNIFTY02JAN2422400CE.NFO,02/01/2024,09:24:34,0.4,0.35,142320,0.4,128680,0,878240
FINNIFTY02JAN2422400CE.NFO,02/01/2024,09:24:40,0.4,0.35,141440,0.4,128720,0,878240
FINNIFTY02JAN2422400CE.NFO,02/01/2024,09:24:42,0.4,0.35,141440,0.4,128680,0,878240
FINNIFTY02JAN2422400CE.NFO,02/01/2024,09:24:44,0.4,0.35,142240,0.4,128680,0,878240
FINNIFTY02JAN2422400CE.NFO,02/01/2024,09:24:45,0.4,0.35,142240,0.4,128360,320,878240
FINNIFTY02JAN2422400CE.NFO,02/01/2024,09:24:47,0.35,0.35,142120,0.4,128960,160,878240
FINNIFTY02JAN2422400CE.NFO,02/01/2024,09:24:49,0.35,0.35,142120,0.4,128960,0,878240
FINNIFTY02JAN2422400CE.NFO,02/01/2024,09:24:52,0.4,0.35,142400,0.4,126240,11120,878240
FINNIFTY02JAN2422400CE.NFO,02/01/2024,09:24:53,0.4,0.35,142040,0.4,130080,2160,878240
FINNIFTY02JAN2422400CE.NFO,02/01/2024,09:24:55,0.4,0.35,142000,0.4,129240,840,878240
FINNIFTY02JAN2422400CE.NFO,02/01/2024,09:24:57,0.4,0.35,142000,0.4,129200,1080,878240
FINNIFTY02JAN2422400CE.NFO,02/01/2024,09:24:58,0.4,0.35,142000,0.4,125400,3200,878240
FINNIFTY02JAN2422400CE.NFO,02/01/2024,09:25:02,0.35,0.35,138240,0.4,127320,4560,878240
FINNIFTY02JAN2422400CE.NFO,02/01/2024,09:25:03,0.35,0.35,138240,0.4,127320,0,878240
FINNIFTY02JAN2422400CE.NFO,02/01/2024,09:25:05,0.35,0.35,137840,0.4,129120,0,878240
FINNIFTY02JAN2422400CE.NFO,02/01/2024,09:25:07,0.35,0.35,137560,0.4,132720,280,878240
FINNIFTY02JAN2422400CE.NFO,02/01/2024,09:25:08,0.35,0.35,135560,0.4,134520,2000,878240
FINNIFTY02JAN2422400CE.NFO,02/01/2024,09:25:12,0.35,0.35,135080,0.4,134520,480,878240
FINNIFTY02JAN2422400CE.NFO,02/01/2024,09:25:14,0.35,0.35,135080,0.4,133680,0,878240
FINNIFTY02JAN2422400CE.NFO,02/01/2024,09:25:17,0.35,0.35,134680,0.4,133680,400,878240
FINNIFTY02JAN2422400CE.NFO,02/01/2024,09:25:20,0.35,0.35,134680,0.4,134680,0,878240
FINNIFTY02JAN2422400CE.NFO,02/01/2024,09:25:22,0.35,0.35,134600,0.4,134680,80,878240
FINNIFTY02JAN2422400CE.NFO,02/01/2024,09:25:24,0.35,0.35,133400,0.4,134680,400,878240
FINNIFTY02JAN2422400CE.NFO,02/01/2024,09:25:25,0.35,0.35,133120,0.4,134680,280,878240
FINNIFTY02JAN2422400CE.NFO,02/01/2024,09:25:29,0.35,0.35,132720,0.4,134680,400,878240
FINNIFTY02JAN2422400CE.NFO,02/01/2024,09:25:36,0.35,0.35,131120,0.4,137360,1600,878240
FINNIFTY02JAN2422400CE.NFO,02/01/2024,09:25:47,0.4,0.35,131080,0.4,137480,480,878240
FINNIFTY02JAN2422400CE.NFO,02/01/2024,09:25:58,0.4,0.35,131800,0.4,139080,11280,878240
FINNIFTY02JAN2422400CE.NFO,02/01/2024,09:26:08,0.4,0.35,131760,0.4,138520,6560,878240
FINNIFTY02JAN2422400CE.NFO,02/01/2024,09:26:21,0.4,0.35,134120,0.4,129360,4160,878240
FINNIFTY02JAN2422400CE.NFO,02/01/2024,09:26:33,0.4,0.35,132960,0.4,121280,8080,880760
FINNIFTY02JAN2422400CE.NFO,02/01/2024,09:26:45,0.4,0.35,132720,0.4,114240,9320,880760
FINNIFTY02JAN2422400CE.NFO,02/01/2024,09:26:58,0.4,0.35,131160,0.4,117560,10560,880760
FINNIFTY02JAN2422400CE.NFO,02/01/2024,09:27:10,0.35,0.35,130680,0.4,120680,2880,880760
FINNIFTY02JAN2422400CE.NFO,02/01/2024,09:27:21,0.4,0.35,172400,0.4,168960,1320,880760
FINNIFTY02JAN2422400CE.NFO,02/01/2024,09:27:32,0.4,0.35,174200,0.4,171040,0,880760
FINNIFTY02JAN2422400CE.NFO,02/01/2024,09:27:43,0.4,0.35,174440,0.4,174440,80,880760
FINNIFTY02JAN2422400CE.NFO,02/01/2024,09:27:54,0.4,0.35,174360,0.4,169480,5480,880760
FINNIFTY02JAN2422400CE.NFO,02/01/2024,09:28:07,0.4,0.35,174360,0.4,160080,1400,880760
FINNIFTY02JAN2422400CE.NFO,02/01/2024,09:28:19,0.35,0.35,174080,0.4,159160,1840,880760
FINNIFTY02JAN2422400CE.NFO,02/01/2024,09:28:30,0.35,0.35,177640,0.4,159160,0,880760
FINNIFTY02JAN2422400CE.NFO,02/01/2024,09:28:42,0.4,0.35,175320,0.4,160920,4040,880760
FINNIFTY02JAN2422400CE.NFO,02/01/2024,09:28:54,0.35,0.35,170200,0.4,171640,8000,880760
FINNIFTY02JAN2422400CE.NFO,02/01/2024,09:29:06,0.35,0.35,105760,0.4,195160,46200,880760
FINNIFTY02JAN2422400CE.NFO,02/01/2024,09:29:17,0.35,0.35,110400,0.4,225280,33840,880760
FINNIFTY02JAN2422400CE.NFO,02/01/2024,09:29:29,0.35,0.35,105600,0.4,225520,8200,937840
FINNIFTY02JAN2422400CE.NFO,02/01/2024,09:29:41,0.35,0.35,104160,0.4,222440,10800,937840
FINNIFTY02JAN2422400CE.NFO,02/01/2024,09:29:52,0.35,0.35,104160,0.4,223600,0,937840
FINNIFTY02JAN2422400CE.NFO,02/01/2024,09:30:04,0.35,0.35,102320,0.4,223320,1600,937840
FINNIFTY02JAN2422400CE.NFO,02/01/2024,09:30:15,0.35,0.35,101800,0.4,222960,760,937840
FINNIFTY02JAN2422400CE.NFO,02/01/2024,09:30:28,0.35,0.35,101560,0.4,223240,0,937840
FINNIFTY02JAN2422400CE.NFO,02/01/2024,09:30:39,0.35,0.35,99320,0.4,198640,2240,937840
FINNIFTY02JAN2422400CE.NFO,02/01/2024,09:30:50,0.4,0.35,100840,0.4,207040,1800,937840
FINNIFTY02JAN2422400CE.NFO,02/01/2024,09:31:01,0.35,0.35,91600,0.4,206760,9000,937840
FINNIFTY02JAN2422400CE.NFO,02/01/2024,09:31:12,0.4,0.35,91720,0.4,207320,160,937840
FINNIFTY02JAN2422400CE.NFO,02/01/2024,09:31:24,0.4,0.35,91720,0.4,207600,0,937840
FINNIFTY02JAN2422400CE.NFO,02/01/2024,09:31:35,0.35,0.35,90600,0.4,207600,880,937840
FINNIFTY02JAN2422400CE.NFO,02/01/2024,09:31:45,0.35,0.35,90600,0.4,207600,240,937840
FINNIFTY02JAN2422400CE.NFO,02/01/2024,09:31:56,0.35,0.35,92560,0.4,207600,1800,937840
FINNIFTY02JAN2422400CE.NFO,02/01/2024,09:32:07,0.35,0.35,92560,0.4,207600,0,937840
FINNIFTY02JAN2422400CE.NFO,02/01/2024,09:32:18,0.35,0.35,92800,0.4,207600,0,937840
FINNIFTY02JAN2422400CE.NFO,02/01/2024,09:32:42,0.4,0.35,90760,0.4,206680,2280,940000
FINNIFTY02JAN2422400CE.NFO,02/01/2024,09:32:54,0.4,0.35,90760,0.4,208400,40,940000
FINNIFTY02JAN2422400CE.NFO,02/01/2024,09:33:05,0.35,0.35,85560,0.4,206600,1800,940000
FINNIFTY02JAN2422400CE.NFO,02/01/2024,09:33:15,0.4,0.35,90720,0.4,207320,800,940000
FINNIFTY02JAN2422400CE.NFO,02/01/2024,09:33:26,0.4,0.35,91160,0.4,209120,80,940000
FINNIFTY02JAN2422400CE.NFO,02/01/2024,09:33:38,0.35,0.35,83200,0.4,209120,80,940000
FINNIFTY02JAN2422400CE.NFO,02/01/2024,09:33:48,0.35,0.35,90880,0.4,208840,0,940000
FINNIFTY02JAN2422400CE.NFO,02/01/2024,09:34:00,0.4,0.35,87040,0.4,208720,6240,940000
FINNIFTY02JAN2422400CE.NFO,02/01/2024,09:34:11,0.35,0.35,86760,0.4,208720,440,940000
FINNIFTY02JAN2422400CE.NFO,02/01/2024,09:34:21,0.35,0.35,86760,0.4,208720,0,940000
FINNIFTY02JAN2422400CE.NFO,02/01/2024,09:34:42,0.35,0.35,86600,0.4,209000,160,940000
FINNIFTY02JAN2422400CE.NFO,02/01/2024,09:35:03,0.4,0.35,83200,0.4,208960,40,940000
FINNIFTY02JAN2422400CE.NFO,02/01/2024,09:35:23,0.4,0.35,83200,0.4,210680,80,940000
FINNIFTY02JAN2422400CE.NFO,02/01/2024,09:35:34,0.4,0.35,83200,0.4,210080,0,940000
FINNIFTY02JAN2422400CE.NFO,02/01/2024,09:35:44,0.4,0.35,83600,0.4,194320,46360,946200
FINNIFTY02JAN2422400CE.NFO,02/01/2024,09:35:55,0.35,0.35,108960,0.4,187120,11560,946200
FINNIFTY02JAN2422400CE.NFO,02/01/2024,09:36:06,0.4,0.35,108960,0.4,186200,1840,946200
FINNIFTY02JAN2422400CE.NFO,02/01/2024,09:36:18,0.35,0.35,109800,0.4,186200,40,946200
FINNIFTY02JAN2422400CE.NFO,02/01/2024,09:36:29,0.35,0.35,109760,0.4,195720,40,946200
FINNIFTY02JAN2422400CE.NFO,02/01/2024,09:36:39,0.35,0.35,108880,0.4,195520,0,946200
FINNIFTY02JAN2422400CE.NFO,02/01/2024,09:36:50,0.35,0.35,108160,0.4,196400,3600,946200
FINNIFTY02JAN2422400CE.NFO,02/01/2024,09:37:01,0.35,0.35,107240,0.4,197280,4360,946200
FINNIFTY02JAN2422400CE.NFO,02/01/2024,09:37:12,0.35,0.35,107240,0.4,197280,0,946200
FINNIFTY02JAN2422400CE.NFO,02/01/2024,09:37:22,0.35,0.35,107240,0.4,182880,0,946200
FINNIFTY02JAN2422400CE.NFO,02/01/2024,09:37:32,0.35,0.35,107240,0.4,181880,0,946200
FINNIFTY02JAN2422400CE.NFO,02/01/2024,09:37:42,0.35,0.35,105280,0.4,181880,3000,946200
FINNIFTY02JAN2422400CE.NFO,02/01/2024,09:37:52,0.35,0.35,103920,0.4,182360,7200,946200
FINNIFTY02JAN2422400CE.NFO,02/01/2024,09:38:03,0.35,0.35,105880,0.4,182360,0,946200
FINNIFTY02JAN2422400CE.NFO,02/01/2024,09:38:13,0.35,0.35,103360,0.4,183360,2000,946200
FINNIFTY02JAN2422400CE.NFO,02/01/2024,09:38:24,0.35,0.35,105800,0.4,183040,0,946200
FINNIFTY02JAN2422400CE.NFO,02/01/2024,09:38:35,0.35,0.35,105560,0.4,183800,2080,974560
FINNIFTY02JAN2422400CE.NFO,02/01/2024,09:38:46,0.35,0.35,105560,0.4,183800,0,974560
FINNIFTY02JAN2422400CE.NFO,02/01/2024,09:38:56,0.35,0.35,105400,0.4,183600,1000,974560
FINNIFTY02JAN2422400CE.NFO,02/01/2024,09:39:07,0.35,0.35,106160,0.4,186040,4800,974560
FINNIFTY02JAN2422400CE.NFO,02/01/2024,09:39:18,0.35,0.35,108040,0.4,186160,0,974560
FINNIFTY02JAN2422400CE.NFO,02/01/2024,09:39:29,0.35,0.35,82560,0.4,186560,960,974560
FINNIFTY02JAN2422400CE.NFO,02/01/2024,09:39:39,0.35,0.35,81760,0.4,186960,800,974560
FINNIFTY02JAN2422400CE.NFO,02/01/2024,09:39:50,0.35,0.35,74280,0.4,187960,6200,974560
FINNIFTY02JAN2422400CE.NFO,02/01/2024,09:40:01,0.35,0.35,78360,0.4,189760,5480,974560
FINNIFTY02JAN2422400CE.NFO,02/01/2024,09:40:14,0.35,0.35,82800,0.4,191840,15400,974560
FINNIFTY02JAN2422400CE.NFO,02/01/2024,09:40:27,0.35,0.35,83200,0.4,199160,1520,974560
FINNIFTY02JAN2422400CE.NFO,02/01/2024,09:40:39,0.35,0.35,84080,0.4,199600,0,974560
FINNIFTY02JAN2422400CE.NFO,02/01/2024,09:40:52,0.4,0.35,83760,0.4,199520,80,974560
FINNIFTY02JAN2422400CE.NFO,02/01/2024,09:41:05,0.4,0.35,83760,0.4,193440,80,974560
FINNIFTY02JAN2422400CE.NFO,02/01/2024,09:41:16,0.4,0.35,84640,0.4,193440,0,974560
FINNIFTY02JAN2422400CE.NFO,02/01/2024,09:41:27,0.35,0.35,85040,0.4,191600,1520,974560
FINNIFTY02JAN2422400CE.NFO,02/01/2024,09:41:38,0.4,0.35,85040,0.4,189800,1800,1013920
FINNIFTY02JAN2422400CE.NFO,02/01/2024,09:41:49,0.4,0.35,85080,0.4,191480,0,1013920
FINNIFTY02JAN2422400CE.NFO,02/01/2024,09:42:00,0.4,0.35,85080,0.4,191560,80,1013920
FINNIFTY02JAN2422400CE.NFO,02/01/2024,09:42:11,0.4,0.35,85080,0.4,191800,40,1013920
FINNIFTY02JAN2422400CE.NFO,02/01/2024,09:42:22,0.4,0.35,106200,0.4,191520,0,1013920
FINNIFTY02JAN2422400CE.NFO,02/01/2024,09:42:33,0.35,0.35,107680,0.4,191480,2080,1013920
FINNIFTY02JAN2422400CE.NFO,02/01/2024,09:42:54,0.35,0.35,106160,0.4,191400,1600,1013920
FINNIFTY02JAN2422400CE.NFO,02/01/2024,09:43:05,0.4,0.35,108120,0.4,192920,840,1013920
FINNIFTY02JAN2422400CE.NFO,02/01/2024,09:43:17,0.35,0.35,107720,0.4,193240,400,1013920
FINNIFTY02JAN2422400CE.NFO,02/01/2024,09:43:28,0.4,0.35,107720,0.4,193480,40,1013920
FINNIFTY02JAN2422400CE.NFO,02/01/2024,09:43:39,0.4,0.35,107960,0.4,193440,440,1013920
FINNIFTY02JAN2422400CE.NFO,02/01/2024,09:43:51,0.35,0.35,110800,0.4,193080,880,1013920
FINNIFTY02JAN2422400CE.NFO,02/01/2024,09:44:02,0.4,0.35,110800,0.4,192960,120,1013920
FINNIFTY02JAN2422400CE.NFO,02/01/2024,09:44:13,0.4,0.35,111440,0.4,200760,2280,1013920
FINNIFTY02JAN2422400CE.NFO,02/01/2024,09:44:24,0.35,0.35,109440,0.4,201240,80,1013920
FINNIFTY02JAN2422400CE.NFO,02/01/2024,09:44:35,0.35,0.35,109160,0.4,201240,280,1014120
FINNIFTY02JAN2422400CE.NFO,02/01/2024,09:44:45,0.4,0.35,112920,0.4,201200,40,1014120
FINNIFTY02JAN2422400CE.NFO,02/01/2024,09:44:55,0.4,0.35,112920,0.4,201120,80,1014120
FINNIFTY02JAN2422400CE.NFO,02/01/2024,09:45:06,0.4,0.35,112920,0.4,201120,0,1014120
FINNIFTY02JAN2422400CE.NFO,02/01/2024,09:45:17,0.35,0.35,112720,0.4,201120,200,1014120
FINNIFTY02JAN2422400CE.NFO,02/01/2024,09:45:28,0.35,0.35,111840,0.4,201120,0,1014120
FINNIFTY02JAN2422400CE.NFO,02/01/2024,09:45:39,0.4,0.35,111840,0.4,201080,40,1014120
FINNIFTY02JAN2422400CE.NFO,02/01/2024,09:45:50,0.35,0.35,111800,0.4,201080,40,1014120
FINNIFTY02JAN2422400CE.NFO,02/01/2024,09:46:01,0.35,0.35,112640,0.4,205120,2000,1014120
FINNIFTY02JAN2422400CE.NFO,02/01/2024,09:46:12,0.4,0.35,112400,0.4,204320,2080,1014120
FINNIFTY02JAN2422400CE.NFO,02/01/2024,09:46:23,0.4,0.35,115400,0.4,200720,4000,1014120
FINNIFTY02JAN2422400CE.NFO,02/01/2024,09:46:33,0.4,0.35,118160,0.4,210200,3320,1014120
FINNIFTY02JAN2422400CE.NFO,02/01/2024,09:46:54,0.35,0.35,115360,0.4,206240,3360,1014120
FINNIFTY02JAN2422400CE.NFO,02/01/2024,09:47:05,0.4,0.35,118040,0.4,206000,240,1014120
FINNIFTY02JAN2422400CE.NFO,02/01/2024,09:47:15,0.35,0.35,117800,0.4,206000,240,1014120
FINNIFTY02JAN2422400CE.NFO,02/01/2024,09:47:26,0.4,0.35,116000,0.4,204200,1800,1014120
FINNIFTY02JAN2422400CE.NFO,02/01/2024,09:47:37,0.4,0.35,116000,0.4,203680,600,1012640
FINNIFTY02JAN2422400CE.NFO,02/01/2024,09:47:48,0.4,0.35,116000,0.4,204680,0,1012640
FINNIFTY02JAN2422400CE.NFO,02/01/2024,09:47:58,0.4,0.35,59640,0.4,206160,75480,1012640
FINNIFTY02JAN2422400CE.NFO,02/01/2024,09:48:09,0.35,0.35,59320,0.4,237080,320,1012640
FINNIFTY02JAN2422400CE.NFO,02/01/2024,09:48:19,0.35,0.35,50240,0.4,237480,2000,1012640
FINNIFTY02JAN2422400CE.NFO,02/01/2024,09:48:30,0.35,0.35,57320,0.4,236480,0,1012640
FINNIFTY02JAN2422400CE.NFO,02/01/2024,09:48:49,0.35,0.35,52120,0.4,236480,400,1012640
FINNIFTY02JAN2422400CE.NFO,02/01/2024,09:49:00,0.4,0.35,56920,0.4,236080,400,1012640
FINNIFTY02JAN2422400CE.NFO,02/01/2024,09:49:10,0.35,0.35,56080,0.4,236080,600,1012640
FINNIFTY02JAN2422400CE.NFO,02/01/2024,09:49:20,0.35,0.35,59880,0.4,237680,40,1012640
FINNIFTY02JAN2422400CE.NFO,02/01/2024,09:49:31,0.35,0.35,59640,0.4,237680,0,1012640
FINNIFTY02JAN2422400CE.NFO,02/01/2024,09:49:41,0.35,0.3,251160,0.35,162480,35000,1012640
FINNIFTY02JAN2422400CE.NFO,02/01/2024,09:49:51,0.35,0.3,256640,0.35,218440,13520,1012640
FINNIFTY02JAN2422400CE.NFO,02/01/2024,09:50:01,0.35,0.3,261000,0.35,217320,7440,1012640
FINNIFTY02JAN2422400CE.NFO,02/01/2024,09:50:11,0.35,0.3,265600,0.35,218840,2040,1012640
FINNIFTY02JAN2422400CE.NFO,02/01/2024,09:50:21,0.35,0.3,266400,0.35,218280,2040,1012640
FINNIFTY02JAN2422400CE.NFO,02/01/2024,09:50:31,0.35,0.3,268520,0.35,217280,5680,1040080
FINNIFTY02JAN2422400CE.NFO,02/01/2024,09:50:41,0.35,0.3,280360,0.35,230200,600,1040080
FINNIFTY02JAN2422400CE.NFO,02/01/2024,09:50:52,0.35,0.3,282160,0.35,229960,3320,1040080
FINNIFTY02JAN2422400CE.NFO,02/01/2024,09:51:02,0.35,0.3,282160,0.35,229960,0,1040080
FINNIFTY02JAN2422400CE.NFO,02/01/2024,09:51:24,0.35,0.3,282160,0.35,228880,80,1040080
FINNIFTY02JAN2422400CE.NFO,02/01/2024,09:51:35,0.35,0.3,283480,0.35,229040,6800,1040080
FINNIFTY02JAN2422400CE.NFO,02/01/2024,09:51:46,0.3,0.3,283160,0.35,229040,320,1040080
FINNIFTY02JAN2422400CE.NFO,02/01/2024,09:51:46,0.3,0.3,283160,0.35,229040,0,1040080
FINNIFTY02JAN2422400CE.NFO,02/01/2024,09:51:56,0.3,0.3,265160,0.35,229040,0,1040080
FINNIFTY02JAN2422400CE.NFO,02/01/2024,09:52:06,0.3,0.3,265160,0.35,232640,0,1040080
FINNIFTY02JAN2422400CE.NFO,02/01/2024,09:52:17,0.35,0.3,265160,0.35,232600,40,1040080
FINNIFTY02JAN2422400CE.NFO,02/01/2024,09:52:27,0.3,0.3,265120,0.35,232600,40,1040080
FINNIFTY02JAN2422400CE.NFO,02/01/2024,09:52:37,0.35,0.3,265160,0.35,232440,160,1040080
FINNIFTY02JAN2422400CE.NFO,02/01/2024,09:52:47,0.35,0.3,265160,0.35,232440,0,1040080
FINNIFTY02JAN2422400CE.NFO,02/01/2024,09:52:57,0.35,0.3,265960,0.35,232440,0,1040080
FINNIFTY02JAN2422400CE.NFO,02/01/2024,09:53:18,0.35,0.3,266440,0.35,231600,1800,1040080
FINNIFTY02JAN2422400CE.NFO,02/01/2024,09:53:39,0.35,0.3,266440,0.35,231600,0,1040080
FINNIFTY02JAN2422400CE.NFO,02/01/2024,09:53:50,0.35,0.3,266560,0.35,230400,1880,1028200
FINNIFTY02JAN2422400CE.NFO,02/01/2024,09:54:00,0.35,0.3,262800,0.35,224560,2120,1028200
FINNIFTY02JAN2422400CE.NFO,02/01/2024,09:54:10,0.3,0.3,261040,0.35,224560,1800,1028200
FINNIFTY02JAN2422400CE.NFO,02/01/2024,09:54:20,0.35,0.3,262040,0.35,222000,2080,1028200
FINNIFTY02JAN2422400CE.NFO,02/01/2024,09:54:31,0.35,0.3,262040,0.35,224640,120,1028200
FINNIFTY02JAN2422400CE.NFO,02/01/2024,09:54:41,0.35,0.3,262040,0.35,223640,2360,1028200
FINNIFTY02JAN2422400CE.NFO,02/01/2024,09:54:53,0.35,0.3,264480,0.35,221200,6640,1028200
FINNIFTY02JAN2422400CE.NFO,02/01/2024,09:55:06,0.35,0.3,263560,0.35,222040,0,1028200
FINNIFTY02JAN2422400CE.NFO,02/01/2024,09:55:17,0.35,0.3,264720,0.35,218440,3960,1028200
FINNIFTY02JAN2422400CE.NFO,02/01/2024,09:55:29,0.35,0.3,266760,0.35,220560,1640,1028200
FINNIFTY02JAN2422400CE.NFO,02/01/2024,09:55:41,0.3,0.3,265400,0.35,221440,480,1028200
FINNIFTY02JAN2422400CE.NFO,02/01/2024,09:55:53,0.35,0.3,267880,0.35,218440,9080,1028200
FINNIFTY02JAN2422400CE.NFO,02/01/2024,09:56:06,0.35,0.3,270120,0.35,128920,40720,1028200
FINNIFTY02JAN2422400CE.NFO,02/01/2024,09:56:20,0.35,0.3,278000,0.35,80400,58200,1028200
FINNIFTY02JAN2422400CE.NFO,02/01/2024,09:56:33,0.4,0.35,168720,0.4,181520,71400,1052120
FINNIFTY02JAN2422400CE.NFO,02/01/2024,09:56:46,0.35,0.35,166600,0.4,185240,9520,1052120
FINNIFTY02JAN2422400CE.NFO,02/01/2024,09:57:00,0.35,0.35,167440,0.4,182160,6280,1052120
FINNIFTY02JAN2422400CE.NFO,02/01/2024,09:57:13,0.4,0.35,166800,0.4,143360,29440,1052120
FINNIFTY02JAN2422400CE.NFO,02/01/2024,09:57:26,0.4,0.35,167480,0.4,130280,28560,1052120
FINNIFTY02JAN2422400CE.NFO,02/01/2024,09:57:39,0.35,0.35,208840,0.4,119000,800,1052120
FINNIFTY02JAN2422400CE.NFO,02/01/2024,09:57:50,0.4,0.35,201640,0.4,71400,880,1052120
FINNIFTY02JAN2422400CE.NFO,02/01/2024,09:58:02,0.4,0.4,104200,0.45,143320,52600,1052120
FINNIFTY02JAN2422400CE.NFO,02/01/2024,09:58:14,0.4,0.4,101960,0.45,143600,400,1052120
FINNIFTY02JAN2422400CE.NFO,02/01/2024,09:58:25,0.4,0.4,105880,0.45,143000,320,1052120
FINNIFTY02JAN2422400CE.NFO,02/01/2024,09:58:37,0.4,0.4,106360,0.45,144880,1040,1052120
FINNIFTY02JAN2422400CE.NFO,02/01/2024,09:58:48,0.4,0.4,96880,0.45,134240,520,1052120
FINNIFTY02JAN2422400CE.NFO,02/01/2024,09:58:59,0.4,0.4,108560,0.45,128880,0,1052120
FINNIFTY02JAN2422400CE.NFO,02/01/2024,09:59:10,0.4,0.4,102360,0.45,114920,800,1052120
FINNIFTY02JAN2422400CE.NFO,02/01/2024,09:59:22,0.4,0.4,109360,0.45,126440,14920,1052120
FINNIFTY02JAN2422400CE.NFO,02/01/2024,09:59:33,0.4,0.4,148880,0.45,201200,45320,1035040
FINNIFTY02JAN2422400CE.NFO,02/01/2024,09:59:43,0.45,0.4,178680,0.45,181600,51800,1035040
FINNIFTY02JAN2422400CE.NFO,02/01/2024,09:59:55,0.45,0.4,169680,0.45,172600,8200,1035040
FINNIFTY02JAN2422400CE.NFO,02/01/2024,10:00:06,0.45,0.4,169120,0.45,153600,5960,1035040
FINNIFTY02JAN2422400CE.NFO,02/01/2024,10:00:17,0.45,0.4,172680,0.45,157120,21760,1035040
FINNIFTY02JAN2422400CE.NFO,02/01/2024,10:00:29,0.45,0.4,172480,0.45,138160,7720,1035040
FINNIFTY02JAN2422400CE.NFO,02/01/2024,10:00:40,0.45,0.4,171880,0.45,136240,1960,1035040
FINNIFTY02JAN2422400CE.NFO,02/01/2024,10:00:52,0.45,0.4,172520,0.45,120080,16160,1035040
FINNIFTY02JAN2422400CE.NFO,02/01/2024,10:01:03,0.4,0.4,181760,0.45,104760,15800,1035040
FINNIFTY02JAN2422400CE.NFO,02/01/2024,10:01:14,0.45,0.4,177640,0.45,99720,1160,1035040
FINNIFTY02JAN2422400CE.NFO,02/01/2024,10:01:25,0.45,0.4,180520,0.45,69600,13880,1035040
FINNIFTY02JAN2422400CE.NFO,02/01/2024,10:01:37,0.45,0.4,180840,0.45,85720,2520,1035040
FINNIFTY02JAN2422400CE.NFO,02/01/2024,10:01:47,0.45,0.4,178960,0.45,99040,880,1035040
FINNIFTY02JAN2422400CE.NFO,02/01/2024,10:01:58,0.45,0.4,178080,0.45,97560,1760,1035040
FINNIFTY02JAN2422400CE.NFO,02/01/2024,10:02:10,0.45,0.4,181520,0.45,93120,3200,1035040
FINNIFTY02JAN2422400CE.NFO,02/01/2024,10:02:21,0.45,0.4,176840,0.45,91400,1160,1035040
FINNIFTY02JAN2422400CE.NFO,02/01/2024,10:02:31,0.45,0.4,175760,0.45,77920,11000,1024240
FINNIFTY02JAN2422400CE.NFO,02/01/2024,10:02:42,0.45,0.4,160480,0.45,109880,56400,1024240
FINNIFTY02JAN2422400CE.NFO,02/01/2024,10:02:53,0.45,0.4,159480,0.45,114800,4320,1024240
FINNIFTY02JAN2422400CE.NFO,02/01/2024,10:03:05,0.45,0.4,163840,0.45,118880,17680,1024240
FINNIFTY02JAN2422400CE.NFO,02/01/2024,10:03:17,0.45,0.4,164840,0.45,114920,7200,1024240
FINNIFTY02JAN2422400CE.NFO,02/01/2024,10:03:29,0.45,0.4,162480,0.45,114360,2920,1024240
FINNIFTY02JAN2422400CE.NFO,02/01/2024,10:03:41,0.45,0.4,162440,0.45,115440,1360,1024240
FINNIFTY02JAN2422400CE.NFO,02/01/2024,10:03:52,0.45,0.4,163000,0.45,108280,12000,1024240
FINNIFTY02JAN2422400CE.NFO,02/01/2024,10:04:03,0.4,0.4,159160,0.45,109000,2000,1024240
FINNIFTY02JAN2422400CE.NFO,02/01/2024,10:04:15,0.45,0.4,158760,0.45,110000,2040,1024240
FINNIFTY02JAN2422400CE.NFO,02/01/2024,10:04:26,0.45,0.4,158560,0.45,110000,1000,1024240
FINNIFTY02JAN2422400CE.NFO,02/01/2024,10:04:37,0.4,0.4,159920,0.45,107840,3880,1024240
FINNIFTY02JAN2422400CE.NFO,02/01/2024,10:04:49,0.45,0.4,158720,0.45,106640,1240,1024240
FINNIFTY02JAN2422400CE.NFO,02/01/2024,10:05:00,0.4,0.4,157600,0.45,116960,8080,1024240
FINNIFTY02JAN2422400CE.NFO,02/01/2024,10:05:11,0.4,0.4,157360,0.45,116960,240,1024240
FINNIFTY02JAN2422400CE.NFO,02/01/2024,10:05:22,0.4,0.4,157160,0.45,119720,240,1024240
FINNIFTY02JAN2422400CE.NFO,02/01/2024,10:05:33,0.4,0.35,143320,0.4,135800,161520,1005480
FINNIFTY02JAN2422400CE.NFO,02/01/2024,10:05:43,0.4,0.35,162000,0.4,177120,280,1005480
FINNIFTY02JAN2422400CE.NFO,02/01/2024,10:05:54,0.35,0.35,161840,0.4,176400,880,1005480
FINNIFTY02JAN2422400CE.NFO,02/01/2024,10:06:06,0.4,0.35,162800,0.4,177320,1520,1005480
FINNIFTY02JAN2422400CE.NFO,02/01/2024,10:06:17,0.4,0.35,162400,0.4,176840,1640,1005480
FINNIFTY02JAN2422400CE.NFO,02/01/2024,10:06:30,0.4,0.35,162320,0.4,176160,240,1005480
FINNIFTY02JAN2422400CE.NFO,02/01/2024,10:06:42,0.4,0.35,162600,0.4,176320,760,1005480
FINNIFTY02JAN2422400CE.NFO,02/01/2024,10:06:53,0.4,0.35,162600,0.4,199920,720,1005480
FINNIFTY02JAN2422400CE.NFO,02/01/2024,10:07:04,0.4,0.35,164440,0.4,198200,5480,1005480
FINNIFTY02JAN2422400CE.NFO,02/01/2024,10:07:16,0.35,0.35,268000,0.4,197480,1120,1005480
FINNIFTY02JAN2422400CE.NFO,02/01/2024,10:07:27,0.4,0.35,268960,0.4,182960,1560,1005480
FINNIFTY02JAN2422400CE.NFO,02/01/2024,10:07:38,0.35,0.35,267920,0.4,183400,2040,1005480
FINNIFTY02JAN2422400CE.NFO,02/01/2024,10:07:49,0.35,0.35,268120,0.4,190440,4360,1005480
FINNIFTY02JAN2422400CE.NFO,02/01/2024,10:08:00,0.4,0.35,275680,0.4,195800,14200,1005480
FINNIFTY02JAN2422400CE.NFO,02/01/2024,10:08:11,0.4,0.4,628560,0.45,94200,373440,1005480
FINNIFTY02JAN2422400CE.NFO,02/01/2024,10:08:22,0.4,0.4,603200,0.45,94320,24480,1005480
FINNIFTY02JAN2422400CE.NFO,02/01/2024,10:08:30,0.45,0.4,607160,0.45,90840,15240,1005480
FINNIFTY02JAN2422400CE.NFO,02/01/2024,10:08:31,0.45,0.4,609080,0.45,90840,0,1005480
FINNIFTY02JAN2422400CE.NFO,02/01/2024,10:08:35,0.45,0.4,608560,0.45,89080,1800,1033160
FINNIFTY02JAN2422400CE.NFO,02/01/2024,10:08:36,0.45,0.4,608480,0.45,87280,1800,1033160
FINNIFTY02JAN2422400CE.NFO,02/01/2024,10:08:38,0.45,0.4,606680,0.45,81200,2240,1033160
FINNIFTY02JAN2422400CE.NFO,02/01/2024,10:08:40,0.45,0.4,610080,0.45,79040,2160,1033160
FINNIFTY02JAN2422400CE.NFO,02/01/2024,10:08:41,0.45,0.4,610080,0.45,78880,1840,1033160
FINNIFTY02JAN2422400CE.NFO,02/01/2024,10:08:43,0.45,0.4,609960,0.45,83240,2080,1033160
FINNIFTY02JAN2422400CE.NFO,02/01/2024,10:08:45,0.4,0.4,609920,0.45,88520,40,1033160
FINNIFTY02JAN2422400CE.NFO,02/01/2024,10:08:51,0.4,0.4,603280,0.45,88520,40,1033160
FINNIFTY02JAN2422400CE.NFO,02/01/2024,10:08:53,0.4,0.4,87320,0.45,88520,40,1033160
FINNIFTY02JAN2422400CE.NFO,02/01/2024,10:08:55,0.4,0.4,87240,0.45,88520,80,1033160
FINNIFTY02JAN2422400CE.NFO,02/01/2024,10:08:58,0.4,0.4,95960,0.45,88520,0,1033160
FINNIFTY02JAN2422400CE.NFO,02/01/2024,10:09:01,0.4,0.4,99480,0.45,86720,40,1033160
FINNIFTY02JAN2422400CE.NFO,02/01/2024,10:09:03,0.4,0.35,146640,0.4,276480,122360,1033160
FINNIFTY02JAN2422400CE.NFO,02/01/2024,10:09:05,0.35,0.35,143880,0.4,277960,3600,1033160
FINNIFTY02JAN2422400CE.NFO,02/01/2024,10:09:08,0.35,0.35,141200,0.4,290600,1840,1033160
FINNIFTY02JAN2422400CE.NFO,02/01/2024,10:09:10,0.35,0.35,141200,0.4,294200,0,1033160
FINNIFTY02JAN2422400CE.NFO,02/01/2024,10:09:13,0.35,0.35,141200,0.4,295000,0,1033160
FINNIFTY02JAN2422400CE.NFO,02/01/2024,10:09:15,0.4,0.35,141200,0.4,293520,600,1033160
FINNIFTY02JAN2422400CE.NFO,02/01/2024,10:09:20,0.4,0.35,141200,0.4,295120,200,1033160
FINNIFTY02JAN2422400CE.NFO,02/01/2024,10:09:21,0.4,0.35,141200,0.4,294920,200,1033160
FINNIFTY02JAN2422400CE.NFO,02/01/2024,10:09:28,0.4,0.35,101400,0.4,294920,0,1033160
FINNIFTY02JAN2422400CE.NFO,02/01/2024,10:09:29,0.4,0.35,81600,0.4,295720,0,1033160
FINNIFTY02JAN2422400CE.NFO,02/01/2024,10:09:31,0.4,0.35,78480,0.4,295720,0,1033160
FINNIFTY02JAN2422400CE.NFO,02/01/2024,10:09:42,0.4,0.35,117040,0.4,291320,5680,1033160
FINNIFTY02JAN2422400CE.NFO,02/01/2024,10:09:53,0.4,0.35,136840,0.4,292920,0,1033160
FINNIFTY02JAN2422400CE.NFO,02/01/2024,10:10:04,0.4,0.35,91560,0.4,301080,7400,1033160
FINNIFTY02JAN2422400CE.NFO,02/01/2024,10:10:15,0.4,0.35,95000,0.4,305280,520,1033160
FINNIFTY02JAN2422400CE.NFO,02/01/2024,10:10:27,0.4,0.35,86000,0.4,323280,0,1033160
FINNIFTY02JAN2422400CE.NFO,02/01/2024,10:10:38,0.4,0.35,50000,0.4,323280,0,1033160
FINNIFTY02JAN2422400CE.NFO,02/01/2024,10:10:50,0.4,0.35,49760,0.4,323280,0,1033160
FINNIFTY02JAN2422400CE.NFO,02/01/2024,10:11:01,0.35,0.35,47160,0.4,322480,2600,1033160
FINNIFTY02JAN2422400CE.NFO,02/01/2024,10:11:12,0.35,0.35,35800,0.4,321000,14080,1033160
FINNIFTY02JAN2422400CE.NFO,02/01/2024,10:11:23,0.35,0.35,41440,0.4,321000,0,1033160
FINNIFTY02JAN2422400CE.NFO,02/01/2024,10:11:34,0.35,0.35,41000,0.4,320760,760,1028000
FINNIFTY02JAN2422400CE.NFO,02/01/2024,10:11:45,0.4,0.35,40960,0.4,321400,80,1028000
FINNIFTY02JAN2422400CE.NFO,02/01/2024,10:11:55,0.35,0.3,657520,0.35,102520,48200,1028000
FINNIFTY02JAN2422400CE.NFO,02/01/2024,10:12:05,0.35,0.3,657520,0.35,117320,0,1028000
FINNIFTY02JAN2422400CE.NFO,02/01/2024,10:12:16,0.35,0.3,656960,0.35,117440,1800,1028000
FINNIFTY02JAN2422400CE.NFO,02/01/2024,10:12:26,0.35,0.3,662440,0.35,116640,5640,1028000
FINNIFTY02JAN2422400CE.NFO,02/01/2024,10:12:36,0.3,0.3,661920,0.35,135000,1480,1028000
FINNIFTY02JAN2422400CE.NFO,02/01/2024,10:12:48,0.35,0.3,664320,0.35,127440,3320,1028000
FINNIFTY02JAN2422400CE.NFO,02/01/2024,10:13:00,0.35,0.3,664840,0.35,134720,5080,1028000
FINNIFTY02JAN2422400CE.NFO,02/01/2024,10:13:11,0.35,0.3,661240,0.35,135600,680,1028000
FINNIFTY02JAN2422400CE.NFO,02/01/2024,10:13:21,0.35,0.3,662840,0.35,131360,5200,1028000
FINNIFTY02JAN2422400CE.NFO,02/01/2024,10:13:32,0.35,0.3,669320,0.35,117920,18600,1028000
FINNIFTY02JAN2422400CE.NFO,02/01/2024,10:13:43,0.35,0.3,671280,0.35,136280,5840,1028000
FINNIFTY02JAN2422400CE.NFO,02/01/2024,10:13:54,0.35,0.3,671600,0.35,125560,1760,1028000
FINNIFTY02JAN2422400CE.NFO,02/01/2024,10:14:04,0.35,0.3,676600,0.35,115120,10600,1028000
FINNIFTY02JAN2422400CE.NFO,02/01/2024,10:14:14,0.35,0.35,134080,0.4,278200,119240,1028000
FINNIFTY02JAN2422400CE.NFO,02/01/2024,10:14:24,0.4,0.35,109840,0.4,279680,20000,1028000
FINNIFTY02JAN2422400CE.NFO,02/01/2024,10:14:35,0.35,0.35,94600,0.4,270240,15000,1028000
FINNIFTY02JAN2422400CE.NFO,02/01/2024,10:14:46,0.4,0.35,100520,0.4,272280,19800,1023360
FINNIFTY02JAN2422400CE.NFO,02/01/2024,10:14:56,0.4,0.35,109520,0.4,260600,1200,1023360
FINNIFTY02JAN2422400CE.NFO,02/01/2024,10:15:06,0.4,0.35,107720,0.4,289080,2720,1023360
FINNIFTY02JAN2422400CE.NFO,02/01/2024,10:15:16,0.4,0.35,111480,0.4,291480,12080,1023360
FINNIFTY02JAN2422400CE.NFO,02/01/2024,10:15:27,0.4,0.35,114160,0.4,291480,0,1023360
FINNIFTY02JAN2422400CE.NFO,02/01/2024,10:15:37,0.4,0.35,113280,0.4,294840,0,1023360
FINNIFTY02JAN2422400CE.NFO,02/01/2024,10:15:47,0.35,0.35,110240,0.4,294600,3280,1023360
FINNIFTY02JAN2422400CE.NFO,02/01/2024,10:15:57,0.35,0.35,109600,0.4,294600,1520,1023360
FINNIFTY02JAN2422400CE.NFO,02/01/2024,10:16:08,0.4,0.35,109600,0.4,290840,40,1023360
FINNIFTY02JAN2422400CE.NFO,02/01/2024,10:16:18,0.35,0.35,108680,0.4,292760,40,1023360
FINNIFTY02JAN2422400CE.NFO,02/01/2024,10:16:29,0.4,0.35,108680,0.4,291200,200,1023360
FINNIFTY02JAN2422400CE.NFO,02/01/2024,10:16:39,0.4,0.35,108680,0.4,288280,120,1023360
FINNIFTY02JAN2422400CE.NFO,02/01/2024,10:16:49,0.4,0.35,85280,0.4,292360,80,1023360
FINNIFTY02JAN2422400CE.NFO,02/01/2024,10:17:00,0.35,0.35,75320,0.4,277920,20000,1023360
FINNIFTY02JAN2422400CE.NFO,02/01/2024,10:17:22,0.35,0.35,75080,0.4,262640,240,1023360
FINNIFTY02JAN2422400CE.NFO,02/01/2024,10:17:33,0.35,0.35,74280,0.4,263520,1200,1014280
FINNIFTY02JAN2422400CE.NFO,02/01/2024,10:17:44,0.35,0.35,74280,0.4,263520,0,1014280
FINNIFTY02JAN2422400CE.NFO,02/01/2024,10:17:54,0.4,0.35,74280,0.4,263560,40,1014280
FINNIFTY02JAN2422400CE.NFO,02/01/2024,10:18:03,0.35,0.35,65680,0.4,262760,280,1014280
FINNIFTY02JAN2422400CE.NFO,02/01/2024,10:18:32,0.35,0.35,75000,0.4,263560,0,1014280
FINNIFTY02JAN2422400CE.NFO,02/01/2024,10:18:41,0.35,0.35,100440,0.4,263560,0,1014280
FINNIFTY02JAN2422400CE.NFO,02/01/2024,10:18:50,0.4,0.35,102240,0.4,252280,7200,1014280
FINNIFTY02JAN2422400CE.NFO,02/01/2024,10:19:00,0.4,0.35,102240,0.4,254680,0,1014280
FINNIFTY02JAN2422400CE.NFO,02/01/2024,10:19:10,0.4,0.35,102000,0.4,256360,0,1014280
FINNIFTY02JAN2422400CE.NFO,02/01/2024,10:19:20,0.4,0.35,102000,0.4,255400,0,1014280
FINNIFTY02JAN2422400CE.NFO,02/01/2024,10:19:30,0.4,0.35,98480,0.4,260840,5760,1014280
FINNIFTY02JAN2422400CE.NFO,02/01/2024,10:19:40,0.4,0.35,98480,0.4,260840,0,1014280
FINNIFTY02JAN2422400CE.NFO,02/01/2024,10:19:50,0.4,0.35,98240,0.4,260840,0,1014280
FINNIFTY02JAN2422400CE.NFO,02/01/2024,10:19:59,0.4,0.35,99120,0.4,306520,2000,1014280
FINNIFTY02JAN2422400CE.NFO,02/01/2024,10:20:09,0.4,0.35,99120,0.4,303080,0,1014280
FINNIFTY02JAN2422400CE.NFO,02/01/2024,10:20:19,0.4,0.35,97320,0.4,307280,40,1014280
FINNIFTY02JAN2422400CE.NFO,02/01/2024,10:20:29,0.4,0.35,97640,0.4,311280,800,1014280
FINNIFTY02JAN2422400CE.NFO,02/01/2024,10:20:38,0.35,0.35,19200,0.4,247160,61600,1005960
FINNIFTY02JAN2422400CE.NFO,02/01/2024,10:20:48,0.35,0.35,21000,0.4,247080,0,1005960
FINNIFTY02JAN2422400CE.NFO,02/01/2024,10:21:06,0.4,0.35,19200,0.4,247400,480,1005960
FINNIFTY02JAN2422400CE.NFO,02/01/2024,10:21:17,0.4,0.35,19200,0.4,247360,40,1005960
FINNIFTY02JAN2422400CE.NFO,02/01/2024,10:21:27,0.35,0.3,640480,0.35,190120,7640,1005960
FINNIFTY02JAN2422400CE.NFO,02/01/2024,10:21:38,0.35,0.3,638960,0.35,230680,440,1005960
FINNIFTY02JAN2422400CE.NFO,02/01/2024,10:21:58,0.35,0.3,639680,0.35,231320,3200,1005960
FINNIFTY02JAN2422400CE.NFO,02/01/2024,10:22:17,0.35,0.3,639760,0.35,232040,240,1005960
FINNIFTY02JAN2422400CE.NFO,02/01/2024,10:22:37,0.35,0.3,639880,0.35,233520,840,1005960
FINNIFTY02JAN2422400CE.NFO,02/01/2024,10:22:48,0.35,0.3,640920,0.35,232360,1760,1005960
FINNIFTY02JAN2422400CE.NFO,02/01/2024,10:22:58,0.35,0.3,639200,0.35,240440,480,1005960
FINNIFTY02JAN2422400CE.NFO,02/01/2024,10:23:08,0.35,0.3,639280,0.35,238760,480,1005960
FINNIFTY02JAN2422400CE.NFO,02/01/2024,10:23:18,0.35,0.3,646480,0.35,204520,40,1005960
FINNIFTY02JAN2422400CE.NFO,02/01/2024,10:23:28,0.35,0.3,660720,0.35,188560,35200,1005960
FINNIFTY02JAN2422400CE.NFO,02/01/2024,10:23:39,0.35,0.3,661400,0.35,179080,960,1004960
FINNIFTY02JAN2422400CE.NFO,02/01/2024,10:23:49,0.35,0.3,661400,0.35,150680,0,1004960
FINNIFTY02JAN2422400CE.NFO,02/01/2024,10:24:00,0.35,0.3,661400,0.35,114120,0,1004960
FINNIFTY02JAN2422400CE.NFO,02/01/2024,10:24:11,0.35,0.3,681920,0.35,33280,81480,1004960
FINNIFTY02JAN2422400CE.NFO,02/01/2024,10:24:21,0.35,0.3,675440,0.35,91400,138800,1004960
FINNIFTY02JAN2422400CE.NFO,02/01/2024,10:24:31,0.35,0.3,274400,0.35,102680,1440,1004960
FINNIFTY02JAN2422400CE.NFO,02/01/2024,10:24:40,0.35,0.3,276200,0.35,106280,0,1004960
FINNIFTY02JAN2422400CE.NFO,02/01/2024,10:24:50,0.3,0.3,275800,0.35,106280,400,1004960
FINNIFTY02JAN2422400CE.NFO,02/01/2024,10:25:01,0.3,0.3,278000,0.35,106680,0,1004960
FINNIFTY02JAN2422400CE.NFO,02/01/2024,10:25:11,0.3,0.3,277800,0.35,105800,200,1004960
FINNIFTY02JAN2422400CE.NFO,02/01/2024,10:25:21,0.35,0.3,277800,0.35,105800,200,1004960
FINNIFTY02JAN2422400CE.NFO,02/01/2024,10:25:32,0.35,0.3,277800,0.35,105560,240,1004960
FINNIFTY02JAN2422400CE.NFO,02/01/2024,10:25:52,0.35,0.3,277800,0.35,105440,120,1004960
FINNIFTY02JAN2422400CE.NFO,02/01/2024,10:26:02,0.35,0.3,277800,0.35,106320,0,1004960
FINNIFTY02JAN2422400CE.NFO,02/01/2024,10:26:13,0.35,0.3,277800,0.35,106080,240,1004960
FINNIFTY02JAN2422400CE.NFO,02/01/2024,10:26:33,0.35,0.3,277800,0.35,107400,240,1005320
FINNIFTY02JAN2422400CE.NFO,02/01/2024,10:26:43,0.35,0.3,277800,0.35,106000,160,1005320
FINNIFTY02JAN2422400CE.NFO,02/01/2024,10:26:54,0.35,0.3,277920,0.35,98840,1800,1005320
FINNIFTY02JAN2422400CE.NFO,02/01/2024,10:27:05,0.35,0.3,278520,0.35,108800,800,1005320
FINNIFTY02JAN2422400CE.NFO,02/01/2024,10:27:17,0.35,0.3,288720,0.35,105760,19400,1005320
FINNIFTY02JAN2422400CE.NFO,02/01/2024,10:27:38,0.3,0.3,286920,0.35,106360,1800,1005320
FINNIFTY02JAN2422400CE.NFO,02/01/2024,10:27:48,0.3,0.3,284960,0.35,116280,1960,1005320
FINNIFTY02JAN2422400CE.NFO,02/01/2024,10:27:58,0.3,0.3,281440,0.35,116480,1800,1005320
FINNIFTY02JAN2422400CE.NFO,02/01/2024,10:28:08,0.35,0.3,279160,0.35,118680,3000,1005320
FINNIFTY02JAN2422400CE.NFO,02/01/2024,10:28:17,0.3,0.3,277040,0.35,120280,200,1005320
FINNIFTY02JAN2422400CE.NFO,02/01/2024,10:28:28,0.3,0.3,278560,0.35,120680,400,1005320
FINNIFTY02JAN2422400CE.NFO,02/01/2024,10:28:37,0.3,0.3,278560,0.35,120880,0,1005320
FINNIFTY02JAN2422400CE.NFO,02/01/2024,10:29:02,0.3,0.3,279280,0.35,120880,0,1005320
FINNIFTY02JAN2422400CE.NFO,02/01/2024,10:29:12,0.3,0.3,279280,0.35,120000,0,1005320
FINNIFTY02JAN2422400CE.NFO,02/01/2024,10:29:20,0.3,0.3,279280,0.35,120360,0,1005320
FINNIFTY02JAN2422400CE.NFO,02/01/2024,10:29:30,0.3,0.3,280160,0.35,120360,0,1005320
FINNIFTY02JAN2422400CE.NFO,02/01/2024,10:29:38,0.35,0.3,279280,0.35,119960,400,985600
FINNIFTY02JAN2422400CE.NFO,02/01/2024,10:29:55,0.35,0.3,279280,0.35,119920,40,985600
FINNIFTY02JAN2422400CE.NFO,02/01/2024,10:30:03,0.35,0.3,279280,0.35,120200,600,985600
FINNIFTY02JAN2422400CE.NFO,02/01/2024,10:30:13,0.35,0.3,280520,0.35,119840,2400,985600
FINNIFTY02JAN2422400CE.NFO,02/01/2024,10:30:22,0.35,0.3,280480,0.35,118920,40,985600
FINNIFTY02JAN2422400CE.NFO,02/01/2024,10:30:51,0.35,0.3,279800,0.35,119080,720,985600
FINNIFTY02JAN2422400CE.NFO,02/01/2024,10:31:01,0.35,0.3,280680,0.35,117240,2800,985600
FINNIFTY02JAN2422400CE.NFO,02/01/2024,10:31:10,0.35,0.3,280680,0.35,117240,0,985600
FINNIFTY02JAN2422400CE.NFO,02/01/2024,10:31:19,0.35,0.3,281280,0.35,117640,0,985600
FINNIFTY02JAN2422400CE.NFO,02/01/2024,10:31:28,0.35,0.3,281280,0.35,114200,18600,985600
FINNIFTY02JAN2422400CE.NFO,02/01/2024,10:31:37,0.35,0.3,281400,0.35,107320,4680,985600
FINNIFTY02JAN2422400CE.NFO,02/01/2024,10:31:47,0.35,0.3,281880,0.35,169280,23360,985600
FINNIFTY02JAN2422400CE.NFO,02/01/2024,10:31:58,0.35,0.3,281880,0.35,191960,0,985600
FINNIFTY02JAN2422400CE.NFO,02/01/2024,10:32:08,0.35,0.3,281880,0.35,191920,40,985600
FINNIFTY02JAN2422400CE.NFO,02/01/2024,10:32:18,0.35,0.3,281880,0.35,192240,40,985600
FINNIFTY02JAN2422400CE.NFO,02/01/2024,10:32:27,0.3,0.3,270400,0.35,197360,10000,985600
FINNIFTY02JAN2422400CE.NFO,02/01/2024,10:32:37,0.3,0.3,265360,0.35,201360,1200,996520
FINNIFTY02JAN2422400CE.NFO,02/01/2024,10:32:46,0.3,0.3,266000,0.35,222480,0,996520
FINNIFTY02JAN2422400CE.NFO,02/01/2024,10:33:14,0.3,0.3,262840,0.35,222480,200,996520
FINNIFTY02JAN2422400CE.NFO,02/01/2024,10:33:23,0.3,0.3,263280,0.35,222480,40,996520
FINNIFTY02JAN2422400CE.NFO,02/01/2024,10:33:32,0.3,0.3,266640,0.35,258480,0,996520
FINNIFTY02JAN2422400CE.NFO,02/01/2024,10:33:42,0.3,0.3,266640,0.35,257480,0,996520
FINNIFTY02JAN2422400CE.NFO,02/01/2024,10:33:51,0.3,0.3,265760,0.35,258000,0,996520
FINNIFTY02JAN2422400CE.NFO,02/01/2024,10:34:01,0.3,0.3,265760,0.35,258480,0,996520
FINNIFTY02JAN2422400CE.NFO,02/01/2024,10:34:11,0.35,0.3,265160,0.35,258920,720,996520
FINNIFTY02JAN2422400CE.NFO,02/01/2024,10:34:21,0.35,0.3,265160,0.35,258920,0,996520
FINNIFTY02JAN2422400CE.NFO,02/01/2024,10:34:30,0.35,0.3,265160,0.35,257520,5440,996520
FINNIFTY02JAN2422400CE.NFO,02/01/2024,10:34:39,0.35,0.3,265160,0.35,257200,0,996520
FINNIFTY02JAN2422400CE.NFO,02/01/2024,10:34:48,0.3,0.3,262800,0.35,257520,440,996520
FINNIFTY02JAN2422400CE.NFO,02/01/2024,10:34:57,0.3,0.3,262440,0.35,256800,360,996520
FINNIFTY02JAN2422400CE.NFO,02/01/2024,10:35:06,0.3,0.3,264360,0.35,256800,0,996520
FINNIFTY02JAN2422400CE.NFO,02/01/2024,10:35:42,0.35,0.3,264360,0.35,256600,200,1001440
FINNIFTY02JAN2422400CE.NFO,02/01/2024,10:35:50,0.35,0.3,264360,0.35,256600,0,1001440
FINNIFTY02JAN2422400CE.NFO,02/01/2024,10:35:59,0.3,0.3,263520,0.35,256600,880,1001440
FINNIFTY02JAN2422400CE.NFO,02/01/2024,10:36:18,0.3,0.3,263520,0.35,256960,0,1001440
FINNIFTY02JAN2422400CE.NFO,02/01/2024,10:36:29,0.35,0.3,265320,0.35,256800,120,1001440
FINNIFTY02JAN2422400CE.NFO,02/01/2024,10:36:41,0.3,0.3,261600,0.35,251360,6880,1001440
FINNIFTY02JAN2422400CE.NFO,02/01/2024,10:36:52,0.3,0.3,261960,0.35,235880,1600,1001440
FINNIFTY02JAN2422400CE.NFO,02/01/2024,10:37:03,0.3,0.3,261560,0.35,221920,440,1001440
FINNIFTY02JAN2422400CE.NFO,02/01/2024,10:37:14,0.3,0.3,261560,0.35,222280,0,1001440
FINNIFTY02JAN2422400CE.NFO,02/01/2024,10:37:25,0.3,0.3,220160,0.35,222280,0,1001440
FINNIFTY02JAN2422400CE.NFO,02/01/2024,10:37:36,0.35,0.3,218760,0.35,204560,20000,1001440
FINNIFTY02JAN2422400CE.NFO,02/01/2024,10:37:46,0.35,0.3,219640,0.35,184800,20000,1001440
FINNIFTY02JAN2422400CE.NFO,02/01/2024,10:37:56,0.35,0.3,218760,0.35,186720,1200,1001440
FINNIFTY02JAN2422400CE.NFO,02/01/2024,10:38:15,0.35,0.3,220560,0.35,183760,200,1001440
FINNIFTY02JAN2422400CE.NFO,02/01/2024,10:38:25,0.35,0.3,221440,0.35,183240,200,1001440
FINNIFTY02JAN2422400CE.NFO,02/01/2024,10:38:43,0.35,0.3,219640,0.35,186840,0,1001440
FINNIFTY02JAN2422400CE.NFO,02/01/2024,10:38:54,0.35,0.3,180560,0.35,187160,0,1001440
FINNIFTY02JAN2422400CE.NFO,02/01/2024,10:39:04,0.35,0.3,180560,0.35,188040,0,1001440
FINNIFTY02JAN2422400CE.NFO,02/01/2024,10:39:15,0.35,0.3,179520,0.35,185320,0,1001440
FINNIFTY02JAN2422400CE.NFO,02/01/2024,10:39:26,0.35,0.3,135160,0.35,185960,0,1001440
FINNIFTY02JAN2422400CE.NFO,02/01/2024,10:39:37,0.3,0.3,132080,0.35,186320,200,1027360
FINNIFTY02JAN2422400CE.NFO,02/01/2024,10:39:48,0.3,0.3,134960,0.35,184520,0,1027360
FINNIFTY02JAN2422400CE.NFO,02/01/2024,10:40:09,0.3,0.3,135280,0.35,184520,0,1027360
FINNIFTY02JAN2422400CE.NFO,02/01/2024,10:40:20,0.3,0.3,135280,0.35,183280,0,1027360
FINNIFTY02JAN2422400CE.NFO,02/01/2024,10:40:31,0.3,0.3,153280,0.35,183280,0,1027360
FINNIFTY02JAN2422400CE.NFO,02/01/2024,10:40:41,0.35,0.3,151480,0.35,186280,120,1027360
FINNIFTY02JAN2422400CE.NFO,02/01/2024,10:40:51,0.35,0.3,151480,0.35,185280,40,1027360
FINNIFTY02JAN2422400CE.NFO,02/01/2024,10:41:01,0.35,0.3,151480,0.35,183200,1720,1027360
FINNIFTY02JAN2422400CE.NFO,02/01/2024,10:41:11,0.3,0.3,150680,0.35,179880,4480,1027360
FINNIFTY02JAN2422400CE.NFO,02/01/2024,10:41:21,0.3,0.3,150680,0.35,179560,0,1027360
FINNIFTY02JAN2422400CE.NFO,02/01/2024,10:41:30,0.3,0.3,151480,0.35,178080,1560,1027360
FINNIFTY02JAN2422400CE.NFO,02/01/2024,10:41:40,0.35,0.3,151480,0.35,175920,360,1031120
FINNIFTY02JAN2422400CE.NFO,02/01/2024,10:41:51,0.35,0.3,151480,0.35,175880,40,1031120
FINNIFTY02JAN2422400CE.NFO,02/01/2024,10:42:01,0.35,0.3,151480,0.35,175360,520,1031120
FINNIFTY02JAN2422400CE.NFO,02/01/2024,10:42:11,0.3,0.3,151080,0.35,176320,800,1031120
FINNIFTY02JAN2422400CE.NFO,02/01/2024,10:42:21,0.3,0.3,151080,0.35,176320,0,1031120
FINNIFTY02JAN2422400CE.NFO,02/01/2024,10:42:41,0.3,0.3,148760,0.35,176320,400,1031120
FINNIFTY02JAN2422400CE.NFO,02/01/2024,10:42:51,0.3,0.3,150880,0.35,176320,0,1031120
FINNIFTY02JAN2422400CE.NFO,02/01/2024,10:43:01,0.3,0.3,145240,0.35,176680,5400,1031120
FINNIFTY02JAN2422400CE.NFO,02/01/2024,10:43:11,0.35,0.3,146440,0.35,176600,80,1031120
FINNIFTY02JAN2422400CE.NFO,02/01/2024,10:43:21,0.35,0.3,146400,0.35,171880,0,1031120
FINNIFTY02JAN2422400CE.NFO,02/01/2024,10:43:31,0.3,0.3,139320,0.35,171280,640,1031120
FINNIFTY02JAN2422400CE.NFO,02/01/2024,10:43:41,0.3,0.3,141240,0.35,171280,0,1031120
FINNIFTY02JAN2422400CE.NFO,02/01/2024,10:43:51,0.3,0.3,141000,0.35,170920,0,1031120
FINNIFTY02JAN2422400CE.NFO,02/01/2024,10:44:00,0.3,0.3,139040,0.35,170920,40,1031120
FINNIFTY02JAN2422400CE.NFO,02/01/2024,10:44:20,0.3,0.3,140760,0.35,172720,0,1031120
FINNIFTY02JAN2422400CE.NFO,02/01/2024,10:44:30,0.3,0.3,88160,0.35,173760,13000,1031120
FINNIFTY02JAN2422400CE.NFO,02/01/2024,10:44:41,0.35,0.3,88160,0.35,173840,5800,1023440
FINNIFTY02JAN2422400CE.NFO,02/01/2024,10:44:51,0.35,0.3,88160,0.35,176040,200,1023440
FINNIFTY02JAN2422400CE.NFO,02/01/2024,10:45:00,0.35,0.3,88160,0.35,177400,80,1023440
FINNIFTY02JAN2422400CE.NFO,02/01/2024,10:45:48,0.35,0.3,88160,0.35,177360,40,1023440
FINNIFTY02JAN2422400CE.NFO,02/01/2024,10:46:08,0.35,0.3,88160,0.35,176640,720,1023440
FINNIFTY02JAN2422400CE.NFO,02/01/2024,10:46:17,0.35,0.3,88160,0.35,175440,1200,1023440
FINNIFTY02JAN2422400CE.NFO,02/01/2024,10:46:27,0.35,0.3,86960,0.35,169680,6600,1023440
FINNIFTY02JAN2422400CE.NFO,02/01/2024,10:46:36,0.35,0.3,86960,0.35,170160,800,1023440
FINNIFTY02JAN2422400CE.NFO,02/01/2024,10:46:46,0.35,0.3,86720,0.35,169520,680,1023440
FINNIFTY02JAN2422400CE.NFO,02/01/2024,10:46:56,0.35,0.3,86720,0.35,172680,680,1023440
FINNIFTY02JAN2422400CE.NFO,02/01/2024,10:47:06,0.35,0.3,86720,0.35,167200,5600,1023440
FINNIFTY02JAN2422400CE.NFO,02/01/2024,10:47:16,0.35,0.3,86720,0.35,166600,720,1023440
FINNIFTY02JAN2422400CE.NFO,02/01/2024,10:47:25,0.35,0.3,86720,0.35,166560,0,1023440
FINNIFTY02JAN2422400CE.NFO,02/01/2024,10:47:35,0.35,0.3,86720,0.35,166600,0,1023440
FINNIFTY02JAN2422400CE.NFO,02/01/2024,10:47:44,0.35,0.3,89280,0.35,165920,0,1023440
FINNIFTY02JAN2422400CE.NFO,02/01/2024,10:47:53,0.35,0.3,89280,0.35,163840,1760,1023880
FINNIFTY02JAN2422400CE.NFO,02/01/2024,10:48:03,0.35,0.3,89280,0.35,162000,800,1023880
FINNIFTY02JAN2422400CE.NFO,02/01/2024,10:48:12,0.35,0.3,89280,0.35,162760,200,1023880
FINNIFTY02JAN2422400CE.NFO,02/01/2024,10:48:21,0.35,0.3,89280,0.35,163160,0,1023880
FINNIFTY02JAN2422400CE.NFO,02/01/2024,10:48:31,0.3,0.3,89080,0.35,162160,200,1023880
FINNIFTY02JAN2422400CE.NFO,02/01/2024,10:48:40,0.3,0.3,88960,0.35,162720,120,1023880
FINNIFTY02JAN2422400CE.NFO,02/01/2024,10:48:50,0.35,0.3,88920,0.35,162440,320,1023880
FINNIFTY02JAN2422400CE.NFO,02/01/2024,10:48:59,0.35,0.3,87000,0.35,162760,0,1023880
FINNIFTY02JAN2422400CE.NFO,02/01/2024,10:49:10,0.35,0.3,88920,0.35,161560,840,1023880
FINNIFTY02JAN2422400CE.NFO,02/01/2024,10:49:20,0.3,0.3,87080,0.35,161840,40,1023880
FINNIFTY02JAN2422400CE.NFO,02/01/2024,10:49:30,0.3,0.3,86960,0.35,161840,120,1023880
FINNIFTY02JAN2422400CE.NFO,02/01/2024,10:49:40,0.3,0.3,86960,0.35,162840,0,1023880
FINNIFTY02JAN2422400CE.NFO,02/01/2024,10:49:49,0.3,0.3,86760,0.35,161920,200,1023880
FINNIFTY02JAN2422400CE.NFO,02/01/2024,10:49:58,0.3,0.3,85360,0.35,161920,2600,1023880
FINNIFTY02JAN2422400CE.NFO,02/01/2024,10:50:08,0.3,0.3,84040,0.35,161600,2320,1023880
FINNIFTY02JAN2422400CE.NFO,02/01/2024,10:50:17,0.3,0.3,84000,0.35,161040,600,1023880
FINNIFTY02JAN2422400CE.NFO,02/01/2024,10:50:27,0.3,0.3,82040,0.35,161040,40,1023880
FINNIFTY02JAN2422400CE.NFO,02/01/2024,10:50:37,0.3,0.3,82040,0.35,161040,0,1023880
FINNIFTY02JAN2422400CE.NFO,02/01/2024,10:50:47,0.35,0.3,83080,0.35,161880,40,1017960
FINNIFTY02JAN2422400CE.NFO,02/01/2024,10:50:57,0.35,0.3,83080,0.35,161000,0,1017960
FINNIFTY02JAN2422400CE.NFO,02/01/2024,10:51:07,0.35,0.3,83080,0.35,161880,0,1017960
FINNIFTY02JAN2422400CE.NFO,02/01/2024,10:51:28,0.35,0.3,83080,0.35,161800,80,1017960
FINNIFTY02JAN2422400CE.NFO,02/01/2024,10:51:37,0.35,0.3,83080,0.35,161520,280,1017960
FINNIFTY02JAN2422400CE.NFO,02/01/2024,10:51:47,0.35,0.3,83080,0.35,161640,80,1017960
FINNIFTY02JAN2422400CE.NFO,02/01/2024,10:52:07,0.35,0.3,83080,0.35,161200,440,1017960
FINNIFTY02JAN2422400CE.NFO,02/01/2024,10:52:16,0.35,0.3,83960,0.35,159480,880,1017960
FINNIFTY02JAN2422400CE.NFO,02/01/2024,10:52:26,0.35,0.3,83160,0.35,159480,1680,1017960
FINNIFTY02JAN2422400CE.NFO,02/01/2024,10:52:35,0.35,0.3,81960,0.35,157400,1200,1017960
FINNIFTY02JAN2422400CE.NFO,02/01/2024,10:52:45,0.35,0.3,81960,0.35,156800,600,1017960
FINNIFTY02JAN2422400CE.NFO,02/01/2024,10:52:55,0.35,0.3,81960,0.35,156680,120,1017960
FINNIFTY02JAN2422400CE.NFO,02/01/2024,10:53:13,0.35,0.3,81960,0.35,158480,0,1017960
FINNIFTY02JAN2422400CE.NFO,02/01/2024,10:54:38,0.35,0.3,81960,0.35,179600,0,1017960
FINNIFTY02JAN2422400CE.NFO,02/01/2024,10:55:14,0.35,0.3,81960,0.35,181040,0,1017960
FINNIFTY02JAN2422400CE.NFO,02/01/2024,10:55:51,0.3,0.3,81760,0.35,181000,240,1020560
FINNIFTY02JAN2422400CE.NFO,02/01/2024,10:56:09,0.3,0.3,81760,0.35,181880,0,1020560
FINNIFTY02JAN2422400CE.NFO,02/01/2024,10:56:27,0.35,0.3,81760,0.35,181680,200,1020560
FINNIFTY02JAN2422400CE.NFO,02/01/2024,10:56:36,0.35,0.3,80880,0.35,181520,160,1020560
FINNIFTY02JAN2422400CE.NFO,02/01/2024,10:56:47,0.35,0.3,80880,0.35,179960,600,1020760
FINNIFTY02JAN2422400CE.NFO,02/01/2024,10:56:58,0.35,0.3,80880,0.35,179600,0,1020760
FINNIFTY02JAN2422400CE.NFO,02/01/2024,10:57:08,0.3,0.3,79040,0.35,179960,400,1020760
FINNIFTY02JAN2422400CE.NFO,02/01/2024,10:57:28,0.35,0.3,78680,0.35,190800,80,1020760
FINNIFTY02JAN2422400CE.NFO,02/01/2024,10:57:48,0.35,0.3,81360,0.35,190800,0,1020760
FINNIFTY02JAN2422400CE.NFO,02/01/2024,10:57:58,0.35,0.3,81360,0.35,188000,40,1020760
FINNIFTY02JAN2422400CE.NFO,02/01/2024,10:58:09,0.3,0.3,81320,0.35,187840,280,1020760
FINNIFTY02JAN2422400CE.NFO,02/01/2024,10:58:19,0.35,0.3,79520,0.35,189520,120,1020760
FINNIFTY02JAN2422400CE.NFO,02/01/2024,10:58:28,0.35,0.3,78640,0.35,190400,0,1020760
FINNIFTY02JAN2422400CE.NFO,02/01/2024,10:58:37,0.35,0.3,78640,0.35,190320,80,1020760
FINNIFTY02JAN2422400CE.NFO,02/01/2024,10:58:46,0.35,0.3,78640,0.35,190280,40,1020760
FINNIFTY02JAN2422400CE.NFO,02/01/2024,10:58:55,0.35,0.3,78640,0.35,189920,400,1020760
FINNIFTY02JAN2422400CE.NFO,02/01/2024,10:59:14,0.35,0.3,78640,0.35,189760,160,1020760
FINNIFTY02JAN2422400CE.NFO,02/01/2024,10:59:24,0.35,0.3,78640,0.35,189760,0,1020760
FINNIFTY02JAN2422400CE.NFO,02/01/2024,11:00:30,0.35,0.3,79520,0.35,188800,0,1020760
FINNIFTY02JAN2422400CE.NFO,02/01/2024,11:00:49,0.35,0.3,80440,0.35,188800,0,1020760
FINNIFTY02JAN2422400CE.NFO,02/01/2024,11:00:58,0.35,0.3,78640,0.35,189720,40,1022080
FINNIFTY02JAN2422400CE.NFO,02/01/2024,11:01:08,0.35,0.3,79520,0.35,189280,440,1022080
FINNIFTY02JAN2422400CE.NFO,02/01/2024,11:01:17,0.35,0.3,79520,0.35,187440,880,1022080
FINNIFTY02JAN2422400CE.NFO,02/01/2024,11:01:27,0.35,0.3,78640,0.35,188920,0,1022080
FINNIFTY02JAN2422400CE.NFO,02/01/2024,11:01:37,0.35,0.3,80440,0.35,188960,280,1022080
FINNIFTY02JAN2422400CE.NFO,02/01/2024,11:01:46,0.3,0.3,79600,0.35,187640,960,1022080
FINNIFTY02JAN2422400CE.NFO,02/01/2024,11:02:54,0.3,0.3,79280,0.35,188000,320,1021720
FINNIFTY02JAN2422400CE.NFO,02/01/2024,11:03:13,0.3,0.3,78200,0.35,187120,160,1021720
FINNIFTY02JAN2422400CE.NFO,02/01/2024,11:03:22,0.35,0.3,78200,0.35,187080,40,1021720
FINNIFTY02JAN2422400CE.NFO,02/01/2024,11:03:31,0.35,0.3,78200,0.35,188760,0,1021720
FINNIFTY02JAN2422400CE.NFO,02/01/2024,11:03:41,0.3,0.3,88080,0.35,184520,13920,1021720
FINNIFTY02JAN2422400CE.NFO,02/01/2024,11:03:50,0.3,0.3,88960,0.35,183640,0,1021720
FINNIFTY02JAN2422400CE.NFO,02/01/2024,11:04:09,0.3,0.3,70960,0.35,183640,0,1021720
FINNIFTY02JAN2422400CE.NFO,02/01/2024,11:04:18,0.3,0.3,70760,0.35,183640,200,1021720
FINNIFTY02JAN2422400CE.NFO,02/01/2024,11:04:28,0.3,0.3,70360,0.35,185160,0,1021720
FINNIFTY02JAN2422400CE.NFO,02/01/2024,11:04:37,0.3,0.3,69640,0.35,187680,3000,1021720
FINNIFTY02JAN2422400CE.NFO,02/01/2024,11:04:56,0.3,0.3,65440,0.35,189480,1800,1021720
FINNIFTY02JAN2422400CE.NFO,02/01/2024,11:05:05,0.3,0.3,61320,0.35,180480,9000,1021720
FINNIFTY02JAN2422400CE.NFO,02/01/2024,11:05:14,0.3,0.3,62600,0.35,180080,1040,1021720
FINNIFTY02JAN2422400CE.NFO,02/01/2024,11:05:23,0.3,0.3,60160,0.35,180080,40,1021720
FINNIFTY02JAN2422400CE.NFO,02/01/2024,11:05:33,0.3,0.25,266280,0.3,230920,67600,1021720
FINNIFTY02JAN2422400CE.NFO,02/01/2024,11:05:52,0.3,0.25,147000,0.3,179200,127000,960600
FINNIFTY02JAN2422400CE.NFO,02/01/2024,11:05:52,0.25,0.25,147000,0.3,179200,0,960600
FINNIFTY02JAN2422400CE.NFO,02/01/2024,11:06:01,0.3,0.25,139240,0.3,208800,42600,960600
FINNIFTY02JAN2422400CE.NFO,02/01/2024,11:06:11,0.3,0.25,139840,0.3,258240,22280,960600
FINNIFTY02JAN2422400CE.NFO,02/01/2024,11:06:20,0.3,0.25,131040,0.3,240880,26400,960600
FINNIFTY02JAN2422400CE.NFO,02/01/2024,11:06:29,0.3,0.25,132080,0.3,214440,26800,960600
FINNIFTY02JAN2422400CE.NFO,02/01/2024,11:06:38,0.3,0.25,151880,0.3,201240,26000,960600
FINNIFTY02JAN2422400CE.NFO,02/01/2024,11:06:48,0.3,0.25,177120,0.3,172440,28800,960600
FINNIFTY02JAN2422400CE.NFO,02/01/2024,11:06:57,0.3,0.25,176680,0.3,117960,42240,960600
FINNIFTY02JAN2422400CE.NFO,02/01/2024,11:07:07,0.3,0.25,175960,0.3,24040,88680,960600
FINNIFTY02JAN2422400CE.NFO,02/01/2024,11:07:17,0.35,0.3,73440,0.35,58440,63760,960600
FINNIFTY02JAN2422400CE.NFO,02/01/2024,11:07:27,0.35,0.3,100080,0.35,26960,45880,960600
FINNIFTY02JAN2422400CE.NFO,02/01/2024,11:07:36,0.35,0.3,85080,0.35,27760,77040,960600
FINNIFTY02JAN2422400CE.NFO,02/01/2024,11:07:45,0.3,0.3,144000,0.35,29360,2360,960600
FINNIFTY02JAN2422400CE.NFO,02/01/2024,11:07:54,0.3,0.3,143400,0.35,32360,0,960600
FINNIFTY02JAN2422400CE.NFO,02/01/2024,11:08:04,0.3,0.3,88160,0.35,31160,120,960600
FINNIFTY02JAN2422400CE.NFO,02/01/2024,11:08:22,0.3,0.3,87240,0.35,33680,0,960600
FINNIFTY02JAN2422400CE.NFO,02/01/2024,11:08:31,0.3,0.3,87280,0.35,35120,0,960600
FINNIFTY02JAN2422400CE.NFO,02/01/2024,11:08:40,0.35,0.3,89080,0.35,35080,40,960600
FINNIFTY02JAN2422400CE.NFO,02/01/2024,11:08:49,0.35,0.3,89080,0.35,35840,0,960600
FINNIFTY02JAN2422400CE.NFO,02/01/2024,11:09:09,0.35,0.3,120040,0.35,37880,8800,1014920
FINNIFTY02JAN2422400CE.NFO,02/01/2024,11:09:19,0.35,0.35,58560,0.4,55520,47480,1014920
FINNIFTY02JAN2422400CE.NFO,02/01/2024,11:09:28,0.4,0.35,48520,0.4,56280,19520,1014920
FINNIFTY02JAN2422400CE.NFO,02/01/2024,11:09:37,0.4,0.35,41960,0.4,50480,35960,1014920
FINNIFTY02JAN2422400CE.NFO,02/01/2024,11:09:46,0.4,0.35,47120,0.4,43880,20880,1014920
FINNIFTY02JAN2422400CE.NFO,02/01/2024,11:09:55,0.4,0.35,65200,0.4,9800,31160,1014920
FINNIFTY02JAN2422400CE.NFO,02/01/2024,11:10:04,0.4,0.35,63280,0.4,55520,58800,1014920
FINNIFTY02JAN2422400CE.NFO,02/01/2024,11:10:12,0.4,0.35,71960,0.4,56960,2800,1014920
FINNIFTY02JAN2422400CE.NFO,02/01/2024,11:10:21,0.4,0.35,73200,0.4,56000,7320,1014920
FINNIFTY02JAN2422400CE.NFO,02/01/2024,11:10:29,0.4,0.35,66840,0.4,61920,8640,1014920
FINNIFTY02JAN2422400CE.NFO,02/01/2024,11:10:31,0.4,0.35,66840,0.4,70120,200,1014920
FINNIFTY02JAN2422400CE.NFO,02/01/2024,11:10:33,0.4,0.35,66840,0.4,69920,200,1014920
FINNIFTY02JAN2422400CE.NFO,02/01/2024,11:10:35,0.4,0.35,66640,0.4,67920,2200,1014920
FINNIFTY02JAN2422400CE.NFO,02/01/2024,11:10:36,0.4,0.35,66440,0.4,66240,3000,1014920
FINNIFTY02JAN2422400CE.NFO,02/01/2024,11:10:38,0.4,0.35,66440,0.4,65840,2200,1014920
FINNIFTY02JAN2422400CE.NFO,02/01/2024,11:10:40,0.4,0.35,66440,0.4,60280,3680,1014920
FINNIFTY02JAN2422400CE.NFO,02/01/2024,11:10:41,0.4,0.35,66440,0.4,55600,3280,1014920
FINNIFTY02JAN2422400CE.NFO,02/01/2024,11:10:43,0.4,0.35,66440,0.4,52600,3000,1014920
FINNIFTY02JAN2422400CE.NFO,02/01/2024,11:10:44,0.4,0.35,66440,0.4,51600,1000,1014920
FINNIFTY02JAN2422400CE.NFO,02/01/2024,11:10:46,0.4,0.35,66440,0.4,43960,5200,1014920
FINNIFTY02JAN2422400CE.NFO,02/01/2024,11:10:48,0.4,0.35,68240,0.4,43760,2000,1014920
FINNIFTY02JAN2422400CE.NFO,02/01/2024,11:10:49,0.4,0.35,75440,0.4,44160,1880,1014920
FINNIFTY02JAN2422400CE.NFO,02/01/2024,11:10:51,0.45,0.4,12680,0.45,20720,64920,1014920
FINNIFTY02JAN2422400CE.NFO,02/01/2024,11:10:53,0.45,0.4,14640,0.45,25160,800,1014920
FINNIFTY02JAN2422400CE.NFO,02/01/2024,11:10:54,0.45,0.4,13120,0.45,26360,600,1014920
FINNIFTY02JAN2422400CE.NFO,02/01/2024,11:10:56,0.45,0.4,12960,0.45,27120,2000,1014920
FINNIFTY02JAN2422400CE.NFO,02/01/2024,11:10:57,0.45,0.4,13800,0.45,35840,3400,1014920
FINNIFTY02JAN2422400CE.NFO,02/01/2024,11:10:59,0.45,0.4,16920,0.45,47760,5400,1014920
FINNIFTY02JAN2422400CE.NFO,02/01/2024,11:11:01,0.45,0.4,17600,0.45,46480,3240,1014920
FINNIFTY02JAN2422400CE.NFO,02/01/2024,11:11:02,0.45,0.4,20880,0.45,45600,1400,1014920
FINNIFTY02JAN2422400CE.NFO,02/01/2024,11:11:04,0.45,0.4,22400,0.45,48480,4200,1014920
FINNIFTY02JAN2422400CE.NFO,02/01/2024,11:11:05,0.45,0.4,26600,0.45,31640,4000,1014920
FINNIFTY02JAN2422400CE.NFO,02/01/2024,11:11:07,0.45,0.4,70880,0.45,27840,3000,1014920
FINNIFTY02JAN2422400CE.NFO,02/01/2024,11:11:09,0.45,0.4,67280,0.45,21640,3000,1014920
FINNIFTY02JAN2422400CE.NFO,02/01/2024,11:11:10,0.45,0.4,67440,0.45,20480,1800,1014920
FINNIFTY02JAN2422400CE.NFO,02/01/2024,11:11:12,0.45,0.4,66520,0.45,31480,7720,1014920
FINNIFTY02JAN2422400CE.NFO,02/01/2024,11:11:14,0.45,0.4,66640,0.45,27040,2000,1014920
FINNIFTY02JAN2422400CE.NFO,02/01/2024,11:11:15,0.45,0.4,64840,0.45,25160,3400,1014920
FINNIFTY02JAN2422400CE.NFO,02/01/2024,11:11:17,0.45,0.4,65080,0.45,17920,3520,1014920
FINNIFTY02JAN2422400CE.NFO,02/01/2024,11:11:19,0.45,0.4,66840,0.45,15120,5200,1014920
FINNIFTY02JAN2422400CE.NFO,02/01/2024,11:11:20,0.5,0.4,51080,0.5,44800,42440,1014920
FINNIFTY02JAN2422400CE.NFO,02/01/2024,11:11:22,0.45,0.4,57520,0.45,31280,14280,1014920
FINNIFTY02JAN2422400CE.NFO,02/01/2024,11:11:24,0.45,0.4,60760,0.45,32040,3600,1014920
FINNIFTY02JAN2422400CE.NFO,02/01/2024,11:11:25,0.45,0.4,61800,0.45,33400,2560,1014920
FINNIFTY02JAN2422400CE.NFO,02/01/2024,11:11:27,0.45,0.4,65800,0.45,33120,5720,1014920
FINNIFTY02JAN2422400CE.NFO,02/01/2024,11:11:29,0.45,0.4,65880,0.45,41800,1600,1014920
FINNIFTY02JAN2422400CE.NFO,02/01/2024,11:11:30,0.45,0.4,66000,0.45,41000,800,1014920
FINNIFTY02JAN2422400CE.NFO,02/01/2024,11:11:32,0.45,0.4,66320,0.45,44760,2680,1014920
FINNIFTY02JAN2422400CE.NFO,02/01/2024,11:11:33,0.45,0.4,67240,0.45,42120,3600,1014920
FINNIFTY02JAN2422400CE.NFO,02/01/2024,11:11:35,0.45,0.4,68440,0.45,28680,5200,1014920
FINNIFTY02JAN2422400CE.NFO,02/01/2024,11:11:36,0.45,0.4,69440,0.45,22720,4280,1014920
FINNIFTY02JAN2422400CE.NFO,02/01/2024,11:11:38,0.45,0.4,69600,0.45,20480,2240,1014920
FINNIFTY02JAN2422400CE.NFO,02/01/2024,11:11:40,0.45,0.4,69600,0.45,17760,2760,1118040
FINNIFTY02JAN2422400CE.NFO,02/01/2024,11:11:41,0.45,0.4,67800,0.45,15200,4480,1118040
FINNIFTY02JAN2422400CE.NFO,02/01/2024,11:11:43,0.45,0.4,67800,0.45,12160,2600,1118040
FINNIFTY02JAN2422400CE.NFO,02/01/2024,11:11:44,0.45,0.4,59840,0.45,22240,37000,1118040
FINNIFTY02JAN2422400CE.NFO,02/01/2024,11:11:46,0.45,0.4,66960,0.45,31840,3400,1118040
FINNIFTY02JAN2422400CE.NFO,02/01/2024,11:11:48,0.45,0.4,67320,0.45,36440,1200,1118040
FINNIFTY02JAN2422400CE.NFO,02/01/2024,11:11:49,0.45,0.4,67720,0.45,35840,2400,1118040
FINNIFTY02JAN2422400CE.NFO,02/01/2024,11:11:51,0.45,0.4,68320,0.45,33480,2000,1118040
FINNIFTY02JAN2422400CE.NFO,02/01/2024,11:11:53,0.45,0.4,68760,0.45,33880,3200,1118040
FINNIFTY02JAN2422400CE.NFO,02/01/2024,11:11:54,0.45,0.4,68880,0.45,42280,2400,1118040
FINNIFTY02JAN2422400CE.NFO,02/01/2024,11:11:56,0.45,0.4,68880,0.45,40920,2040,1118040
FINNIFTY02JAN2422400CE.NFO,02/01/2024,11:11:57,0.45,0.4,68880,0.45,38360,3000,1118040
FINNIFTY02JAN2422400CE.NFO,02/01/2024,11:11:59,0.45,0.4,68960,0.45,36760,2520,1118040
FINNIFTY02JAN2422400CE.NFO,02/01/2024,11:12:01,0.45,0.4,61880,0.45,46480,14400,1118040
FINNIFTY02JAN2422400CE.NFO,02/01/2024,11:12:02,0.45,0.4,62080,0.45,44920,2000,1118040
FINNIFTY02JAN2422400CE.NFO,02/01/2024,11:12:04,0.45,0.4,62240,0.45,39880,2000,1118040
FINNIFTY02JAN2422400CE.NFO,02/01/2024,11:12:06,0.45,0.4,65480,0.45,50640,2240,1118040
FINNIFTY02JAN2422400CE.NFO,02/01/2024,11:12:07,0.45,0.4,65960,0.45,48840,1800,1118040
FINNIFTY02JAN2422400CE.NFO,02/01/2024,11:12:09,0.45,0.4,65640,0.45,49040,2720,1118040
FINNIFTY02JAN2422400CE.NFO,02/01/2024,11:12:11,0.45,0.4,65640,0.45,41600,5280,1118040
FINNIFTY02JAN2422400CE.NFO,02/01/2024,11:12:12,0.45,0.4,65640,0.45,38560,3440,1118040
FINNIFTY02JAN2422400CE.NFO,02/01/2024,11:12:14,0.45,0.4,68000,0.45,33160,4760,1118040
FINNIFTY02JAN2422400CE.NFO,02/01/2024,11:12:15,0.45,0.4,69760,0.45,31200,1960,1118040
FINNIFTY02JAN2422400CE.NFO,02/01/2024,11:12:17,0.45,0.4,69760,0.45,27720,3480,1118040
FINNIFTY02JAN2422400CE.NFO,02/01/2024,11:12:19,0.45,0.4,62680,0.45,8720,51440,1118040
FINNIFTY02JAN2422400CE.NFO,02/01/2024,11:12:20,0.45,0.4,62680,0.45,8320,400,1118040
FINNIFTY02JAN2422400CE.NFO,02/01/2024,11:12:22,0.45,0.4,63400,0.45,28360,1000,1118040
FINNIFTY02JAN2422400CE.NFO,02/01/2024,11:12:23,0.45,0.4,64320,0.45,28480,1000,1118040
FINNIFTY02JAN2422400CE.NFO,02/01/2024,11:12:25,0.45,0.4,65840,0.45,26600,1680,1118040
FINNIFTY02JAN2422400CE.NFO,02/01/2024,11:12:27,0.45,0.4,66760,0.45,26480,2440,1118040
FINNIFTY02JAN2422400CE.NFO,02/01/2024,11:12:28,0.45,0.4,66960,0.45,22760,2560,1118040
FINNIFTY02JAN2422400CE.NFO,02/01/2024,11:12:30,0.45,0.4,66840,0.45,19920,2520,1118040
FINNIFTY02JAN2422400CE.NFO,02/01/2024,11:12:31,0.45,0.4,67160,0.45,18800,1080,1118040
FINNIFTY02JAN2422400CE.NFO,02/01/2024,11:12:35,0.45,0.4,62160,0.45,17760,1800,1118040
FINNIFTY02JAN2422400CE.NFO,02/01/2024,11:12:36,0.45,0.4,68240,0.45,15880,1880,1118040
FINNIFTY02JAN2422400CE.NFO,02/01/2024,11:12:38,0.45,0.45,23600,0.5,61080,11440,1118040
FINNIFTY02JAN2422400CE.NFO,02/01/2024,11:12:39,0.5,0.45,32760,0.5,58880,2600,1118040
FINNIFTY02JAN2422400CE.NFO,02/01/2024,11:12:41,0.5,0.45,33200,0.5,56120,2600,1118040
FINNIFTY02JAN2422400CE.NFO,02/01/2024,11:12:43,0.5,0.45,33200,0.5,58680,1200,1118040
FINNIFTY02JAN2422400CE.NFO,02/01/2024,11:12:44,0.5,0.45,33200,0.5,55560,1000,1118040
FINNIFTY02JAN2422400CE.NFO,02/01/2024,11:12:46,0.5,0.45,31920,0.5,59360,2960,1118040
FINNIFTY02JAN2422400CE.NFO,02/01/2024,11:12:47,0.5,0.45,33720,0.5,54760,2200,1118040
FINNIFTY02JAN2422400CE.NFO,02/01/2024,11:12:49,0.5,0.45,34480,0.5,50400,2000,1118040
FINNIFTY02JAN2422400CE.NFO,02/01/2024,11:12:50,0.5,0.45,34480,0.5,48720,1600,1118040
FINNIFTY02JAN2422400CE.NFO,02/01/2024,11:12:52,0.5,0.45,34480,0.5,47720,1000,1118040
FINNIFTY02JAN2422400CE.NFO,02/01/2024,11:12:54,0.5,0.45,34480,0.5,47120,1000,1118040
FINNIFTY02JAN2422400CE.NFO,02/01/2024,11:12:55,0.5,0.45,34200,0.5,45720,1200,1118040
FINNIFTY02JAN2422400CE.NFO,02/01/2024,11:12:57,0.5,0.45,94480,0.5,42440,2600,1118040
FINNIFTY02JAN2422400CE.NFO,02/01/2024,11:12:59,0.5,0.45,94480,0.5,44840,1200,1118040
FINNIFTY02JAN2422400CE.NFO,02/01/2024,11:13:00,0.5,0.45,94480,0.5,47160,2000,1118040
FINNIFTY02JAN2422400CE.NFO,02/01/2024,11:13:02,0.5,0.45,94480,0.5,55680,1000,1118040
FINNIFTY02JAN2422400CE.NFO,02/01/2024,11:13:03,0.5,0.45,94480,0.5,55600,1000,1118040
FINNIFTY02JAN2422400CE.NFO,02/01/2024,11:13:05,0.5,0.45,96680,0.5,44760,1800,1118040
FINNIFTY02JAN2422400CE.NFO,02/01/2024,11:13:07,0.5,0.45,96680,0.5,42760,1400,1118040
FINNIFTY02JAN2422400CE.NFO,02/01/2024,11:13:08,0.5,0.45,96680,0.5,42160,600,1118040
FINNIFTY02JAN2422400CE.NFO,02/01/2024,11:13:10,0.5,0.45,103040,0.5,50280,800,1118040
FINNIFTY02JAN2422400CE.NFO,02/01/2024,11:13:12,0.5,0.45,103240,0.5,54560,800,1118040
FINNIFTY02JAN2422400CE.NFO,02/01/2024,11:13:13,0.5,0.45,103240,0.5,42040,1200,1118040
FINNIFTY02JAN2422400CE.NFO,02/01/2024,11:13:15,0.5,0.45,103560,0.5,51200,2640,1118040
FINNIFTY02JAN2422400CE.NFO,02/01/2024,11:13:16,0.5,0.45,103520,0.5,53520,3240,1118040
FINNIFTY02JAN2422400CE.NFO,02/01/2024,11:13:18,0.5,0.45,102760,0.5,47840,4000,1118040
FINNIFTY02JAN2422400CE.NFO,02/01/2024,11:13:19,0.5,0.45,102760,0.5,74040,3800,1118040
FINNIFTY02JAN2422400CE.NFO,02/01/2024,11:13:21,0.45,0.45,103680,0.5,78720,2760,1118040
FINNIFTY02JAN2422400CE.NFO,02/01/2024,11:13:22,0.45,0.45,103680,0.5,80520,0,1118040
FINNIFTY02JAN2422400CE.NFO,02/01/2024,11:13:24,0.45,0.45,103680,0.5,80000,0,1118040
FINNIFTY02JAN2422400CE.NFO,02/01/2024,11:13:26,0.5,0.45,104560,0.5,60600,2920,1118040
FINNIFTY02JAN2422400CE.NFO,02/01/2024,11:13:27,0.5,0.45,104560,0.5,61520,0,1118040
FINNIFTY02JAN2422400CE.NFO,02/01/2024,11:13:29,0.5,0.45,108160,0.5,69920,0,1118040
FINNIFTY02JAN2422400CE.NFO,02/01/2024,11:13:31,0.5,0.45,96520,0.5,71080,0,1118040
FINNIFTY02JAN2422400CE.NFO,02/01/2024,11:13:42,0.45,0.45,108040,0.5,70800,160,1118040
FINNIFTY02JAN2422400CE.NFO,02/01/2024,11:13:52,0.5,0.45,107760,0.5,62880,3320,1118040
FINNIFTY02JAN2422400CE.NFO,02/01/2024,11:14:01,0.5,0.5,53320,0.55,32320,68520,1118040
FINNIFTY02JAN2422400CE.NFO,02/01/2024,11:14:10,0.5,0.5,45680,0.55,38560,17000,1118040
FINNIFTY02JAN2422400CE.NFO,02/01/2024,11:14:10,0.55,0.5,45680,0.55,38560,0,1118040
FINNIFTY02JAN2422400CE.NFO,02/01/2024,11:14:19,0.55,0.5,42200,0.55,35760,9800,1118040
FINNIFTY02JAN2422400CE.NFO,02/01/2024,11:14:28,0.55,0.55,28760,0.6,34200,51880,1118040
FINNIFTY02JAN2422400CE.NFO,02/01/2024,11:14:28,0.6,0.55,28760,0.6,34200,0,1118040
FINNIFTY02JAN2422400CE.NFO,02/01/2024,11:14:37,0.55,0.55,25520,0.6,53320,6160,1118040
FINNIFTY02JAN2422400CE.NFO,02/01/2024,11:14:46,0.55,0.55,19280,0.6,45040,58000,1193960
FINNIFTY02JAN2422400CE.NFO,02/01/2024,11:14:56,0.55,0.5,76840,0.55,25400,15360,1193960
FINNIFTY02JAN2422400CE.NFO,02/01/2024,11:15:06,0.55,0.5,69240,0.55,21320,17280,1193960
FINNIFTY02JAN2422400CE.NFO,02/01/2024,11:15:16,0.5,0.5,74080,0.55,33960,13240,1193960
FINNIFTY02JAN2422400CE.NFO,02/01/2024,11:15:26,0.55,0.5,74080,0.55,30520,440,1193960
FINNIFTY02JAN2422400CE.NFO,02/01/2024,11:15:35,0.55,0.5,69240,0.55,28320,40560,1193960
FINNIFTY02JAN2422400CE.NFO,02/01/2024,11:15:46,0.5,0.5,65880,0.55,28120,5360,1193960
FINNIFTY02JAN2422400CE.NFO,02/01/2024,11:15:57,0.5,0.5,62800,0.55,32800,7120,1193960
FINNIFTY02JAN2422400CE.NFO,02/01/2024,11:16:07,0.5,0.45,32400,0.5,19360,29160,1193960
FINNIFTY02JAN2422400CE.NFO,02/01/2024,11:16:17,0.45,0.45,27520,0.5,43880,2000,1193960
FINNIFTY02JAN2422400CE.NFO,02/01/2024,11:16:26,0.5,0.45,28600,0.5,43400,1160,1193960
FINNIFTY02JAN2422400CE.NFO,02/01/2024,11:16:35,0.5,0.45,28600,0.5,42880,720,1193960
FINNIFTY02JAN2422400CE.NFO,02/01/2024,11:16:44,0.5,0.45,25520,0.5,45080,2880,1193960
FINNIFTY02JAN2422400CE.NFO,02/01/2024,11:16:53,0.5,0.45,24640,0.5,48600,4480,1193960
FINNIFTY02JAN2422400CE.NFO,02/01/2024,11:17:03,0.5,0.45,25520,0.5,49800,120,1193960
FINNIFTY02JAN2422400CE.NFO,02/01/2024,11:17:12,0.5,0.45,24840,0.5,52080,0,1193960
FINNIFTY02JAN2422400CE.NFO,02/01/2024,11:17:21,0.5,0.45,24840,0.5,51840,240,1193960
FINNIFTY02JAN2422400CE.NFO,02/01/2024,11:17:30,0.45,0.45,30560,0.5,41040,68720,1193960
FINNIFTY02JAN2422400CE.NFO,02/01/2024,11:17:39,0.45,0.45,22880,0.5,49200,16520,1193960
FINNIFTY02JAN2422400CE.NFO,02/01/2024,11:17:48,0.45,0.45,26280,0.5,51760,3880,1222520
FINNIFTY02JAN2422400CE.NFO,02/01/2024,11:17:57,0.45,0.4,73960,0.45,73960,35640,1222520
FINNIFTY02JAN2422400CE.NFO,02/01/2024,11:18:07,0.45,0.4,75000,0.45,30600,2160,1222520
FINNIFTY02JAN2422400CE.NFO,02/01/2024,11:18:17,0.45,0.4,74720,0.45,32160,7320,1222520
FINNIFTY02JAN2422400CE.NFO,02/01/2024,11:18:25,0.45,0.45,17000,0.5,40880,22480,1222520
FINNIFTY02JAN2422400CE.NFO,02/01/2024,11:18:34,0.45,0.4,76360,0.45,30520,15960,1222520
FINNIFTY02JAN2422400CE.NFO,02/01/2024,11:18:42,0.45,0.4,76760,0.45,28200,0,1222520
FINNIFTY02JAN2422400CE.NFO,02/01/2024,11:18:51,0.45,0.4,62880,0.45,27120,11280,1222520
FINNIFTY02JAN2422400CE.NFO,02/01/2024,11:19:00,0.4,0.4,63400,0.45,38040,1000,1222520
FINNIFTY02JAN2422400CE.NFO,02/01/2024,11:19:08,0.4,0.4,66520,0.45,40040,0,1222520
FINNIFTY02JAN2422400CE.NFO,02/01/2024,11:19:17,0.4,0.4,66520,0.45,44640,0,1222520
FINNIFTY02JAN2422400CE.NFO,02/01/2024,11:19:25,0.4,0.4,62520,0.45,43640,1000,1222520
FINNIFTY02JAN2422400CE.NFO,02/01/2024,11:19:33,0.4,0.4,64520,0.45,43600,1000,1222520
FINNIFTY02JAN2422400CE.NFO,02/01/2024,11:19:42,0.4,0.4,60520,0.45,42400,1000,1222520
FINNIFTY02JAN2422400CE.NFO,02/01/2024,11:19:58,0.4,0.4,45400,0.45,48720,0,1222520
FINNIFTY02JAN2422400CE.NFO,02/01/2024,11:20:05,0.4,0.4,43600,0.45,48720,80,1222520
FINNIFTY02JAN2422400CE.NFO,02/01/2024,11:20:14,0.4,0.4,47200,0.45,47760,0,1222520
FINNIFTY02JAN2422400CE.NFO,02/01/2024,11:20:39,0.4,0.4,26840,0.45,32640,21160,1222520
FINNIFTY02JAN2422400CE.NFO,02/01/2024,11:20:48,0.4,0.4,22720,0.45,34440,5400,1216880
FINNIFTY02JAN2422400CE.NFO,02/01/2024,11:20:57,0.4,0.4,17520,0.45,28920,66840,1216880
FINNIFTY02JAN2422400CE.NFO,02/01/2024,11:21:06,0.4,0.4,27680,0.45,32720,320,1216880
FINNIFTY02JAN2422400CE.NFO,02/01/2024,11:21:15,0.4,0.4,26200,0.45,32840,1800,1216880
FINNIFTY02JAN2422400CE.NFO,02/01/2024,11:21:23,0.4,0.4,25680,0.45,35480,7320,1216880
FINNIFTY02JAN2422400CE.NFO,02/01/2024,11:21:32,0.45,0.4,21920,0.45,39600,8200,1216880
FINNIFTY02JAN2422400CE.NFO,02/01/2024,11:21:41,0.4,0.35,76320,0.4,50760,31680,1216880
FINNIFTY02JAN2422400CE.NFO,02/01/2024,11:21:49,0.4,0.35,67280,0.4,50720,1360,1216880
FINNIFTY02JAN2422400CE.NFO,02/01/2024,11:21:58,0.4,0.35,49280,0.4,49760,20000,1216880
FINNIFTY02JAN2422400CE.NFO,02/01/2024,11:22:07,0.4,0.35,57200,0.4,51520,11280,1216880
FINNIFTY02JAN2422400CE.NFO,02/01/2024,11:22:16,0.4,0.35,68800,0.4,49520,840,1216880
FINNIFTY02JAN2422400CE.NFO,02/01/2024,11:22:25,0.4,0.4,39560,0.45,38800,38160,1216880
FINNIFTY02JAN2422400CE.NFO,02/01/2024,11:22:34,0.4,0.4,24440,0.45,40680,0,1216880
FINNIFTY02JAN2422400CE.NFO,02/01/2024,11:22:42,0.45,0.4,24080,0.45,62040,600,1216880
FINNIFTY02JAN2422400CE.NFO,02/01/2024,11:22:51,0.4,0.4,21720,0.45,63400,1000,1216880
FINNIFTY02JAN2422400CE.NFO,02/01/2024,11:23:00,0.4,0.35,47600,0.4,22360,18920,1216880
FINNIFTY02JAN2422400CE.NFO,02/01/2024,11:23:08,0.4,0.35,79520,0.4,25600,15880,1216880
FINNIFTY02JAN2422400CE.NFO,02/01/2024,11:23:16,0.4,0.35,80520,0.4,29480,1200,1216880
FINNIFTY02JAN2422400CE.NFO,02/01/2024,11:23:25,0.4,0.35,101000,0.4,25360,3120,1216880
FINNIFTY02JAN2422400CE.NFO,02/01/2024,11:23:33,0.4,0.35,101000,0.4,25360,0,1216880
FINNIFTY02JAN2422400CE.NFO,02/01/2024,11:23:41,0.4,0.35,101520,0.4,22760,80,1216880
FINNIFTY02JAN2422400CE.NFO,02/01/2024,11:23:49,0.4,0.35,102360,0.4,21560,200,1206880
FINNIFTY02JAN2422400CE.NFO,02/01/2024,11:23:57,0.4,0.35,102360,0.4,22200,360,1206880
FINNIFTY02JAN2422400CE.NFO,02/01/2024,11:24:05,0.4,0.35,102360,0.4,20680,520,1206880
FINNIFTY02JAN2422400CE.NFO,02/01/2024,11:24:14,0.4,0.35,102360,0.4,21080,600,1206880
FINNIFTY02JAN2422400CE.NFO,02/01/2024,11:24:22,0.4,0.35,102360,0.4,27120,560,1206880
FINNIFTY02JAN2422400CE.NFO,02/01/2024,11:24:30,0.4,0.35,103200,0.4,18400,2080,1206880
FINNIFTY02JAN2422400CE.NFO,02/01/2024,11:24:38,0.4,0.35,104320,0.4,15720,2680,1206880
FINNIFTY02JAN2422400CE.NFO,02/01/2024,11:24:55,0.4,0.35,104320,0.4,14720,1000,1206880
FINNIFTY02JAN2422400CE.NFO,02/01/2024,11:25:03,0.4,0.35,104320,0.4,36840,240,1206880
FINNIFTY02JAN2422400CE.NFO,02/01/2024,11:25:11,0.4,0.35,104320,0.4,37640,0,1206880
FINNIFTY02JAN2422400CE.NFO,02/01/2024,11:25:28,0.35,0.35,108080,0.4,35240,1800,1206880
FINNIFTY02JAN2422400CE.NFO,02/01/2024,11:25:36,0.4,0.35,107680,0.4,37520,2400,1206880
FINNIFTY02JAN2422400CE.NFO,02/01/2024,11:25:44,0.4,0.4,35840,0.45,79760,18400,1206880
FINNIFTY02JAN2422400CE.NFO,02/01/2024,11:25:52,0.4,0.35,105840,0.4,26080,30480,1206880
FINNIFTY02JAN2422400CE.NFO,02/01/2024,11:26:00,0.45,0.4,33840,0.45,71160,19240,1206880
FINNIFTY02JAN2422400CE.NFO,02/01/2024,11:26:08,0.4,0.4,31280,0.45,49760,18200,1206880
FINNIFTY02JAN2422400CE.NFO,02/01/2024,11:26:16,0.4,0.4,26000,0.45,49760,280,1206880
FINNIFTY02JAN2422400CE.NFO,02/01/2024,11:26:24,0.45,0.4,27160,0.45,51520,280,1206880
FINNIFTY02JAN2422400CE.NFO,02/01/2024,11:26:32,0.4,0.4,44360,0.45,46040,480,1206880
FINNIFTY02JAN2422400CE.NFO,02/01/2024,11:26:40,0.45,0.4,44120,0.45,49240,520,1206880
FINNIFTY02JAN2422400CE.NFO,02/01/2024,11:26:48,0.4,0.4,46440,0.45,51200,240,1219000
FINNIFTY02JAN2422400CE.NFO,02/01/2024,11:26:57,0.45,0.4,46440,0.45,51160,40,1219000
FINNIFTY02JAN2422400CE.NFO,02/01/2024,11:27:19,0.4,0.4,30440,0.45,53360,200,1219000
FINNIFTY02JAN2422400CE.NFO,02/01/2024,11:27:27,0.4,0.4,25240,0.45,53360,2000,1219000
FINNIFTY02JAN2422400CE.NFO,02/01/2024,11:27:44,0.4,0.4,24800,0.45,53360,40,1219000
FINNIFTY02JAN2422400CE.NFO,02/01/2024,11:27:53,0.4,0.4,23040,0.45,53360,2160,1219000
FINNIFTY02JAN2422400CE.NFO,02/01/2024,11:28:10,0.4,0.4,22600,0.45,53320,80,1219000
FINNIFTY02JAN2422400CE.NFO,02/01/2024,11:28:18,0.45,0.4,24400,0.45,53280,40,1219000
FINNIFTY02JAN2422400CE.NFO,02/01/2024,11:28:26,0.45,0.4,24320,0.45,53120,280,1219000
FINNIFTY02JAN2422400CE.NFO,02/01/2024,11:28:34,0.45,0.4,24120,0.45,52840,480,1219000
FINNIFTY02JAN2422400CE.NFO,02/01/2024,11:28:43,0.45,0.4,24120,0.45,52560,280,1219000
FINNIFTY02JAN2422400CE.NFO,02/01/2024,11:28:51,0.45,0.4,24120,0.45,52560,0,1219000
FINNIFTY02JAN2422400CE.NFO,02/01/2024,11:28:58,0.4,0.4,20720,0.45,52560,200,1219000
FINNIFTY02JAN2422400CE.NFO,02/01/2024,11:29:07,0.45,0.4,27520,0.45,50680,80,1219000
FINNIFTY02JAN2422400CE.NFO,02/01/2024,11:29:15,0.4,0.4,24040,0.45,52480,280,1219000
FINNIFTY02JAN2422400CE.NFO,02/01/2024,11:29:32,0.4,0.4,21760,0.45,50680,1880,1219000
FINNIFTY02JAN2422400CE.NFO,02/01/2024,11:29:40,0.4,0.4,20880,0.45,50680,2680,1219000
FINNIFTY02JAN2422400CE.NFO,02/01/2024,11:29:48,0.4,0.4,22480,0.45,50680,0,1219000
FINNIFTY02JAN2422400CE.NFO,02/01/2024,11:29:55,0.45,0.4,22000,0.45,50480,480,1219000
FINNIFTY02JAN2422400CE.NFO,02/01/2024,11:30:03,0.45,0.4,22000,0.45,50080,0,1219000
FINNIFTY02JAN2422400CE.NFO,02/01/2024,11:30:11,0.4,0.4,20200,0.45,50080,400,1219000
FINNIFTY02JAN2422400CE.NFO,02/01/2024,11:30:34,0.4,0.4,21600,0.45,50080,0,1219000
FINNIFTY02JAN2422400CE.NFO,02/01/2024,11:30:56,0.4,0.4,14360,0.45,50040,6440,1219000
FINNIFTY02JAN2422400CE.NFO,02/01/2024,11:31:04,0.45,0.4,17320,0.45,46240,7200,1219000
FINNIFTY02JAN2422400CE.NFO,02/01/2024,11:31:12,0.45,0.4,21920,0.45,47600,1120,1219000
FINNIFTY02JAN2422400CE.NFO,02/01/2024,11:31:19,0.45,0.4,21920,0.45,47600,0,1219000
FINNIFTY02JAN2422400CE.NFO,02/01/2024,11:31:27,0.45,0.4,21240,0.45,48440,720,1219000
FINNIFTY02JAN2422400CE.NFO,02/01/2024,11:31:35,0.45,0.4,19240,0.45,48960,2240,1219000
FINNIFTY02JAN2422400CE.NFO,02/01/2024,11:31:42,0.45,0.4,17400,0.45,53440,200,1219000
FINNIFTY02JAN2422400CE.NFO,02/01/2024,11:31:49,0.4,0.35,105360,0.4,33560,22520,1219000
FINNIFTY02JAN2422400CE.NFO,02/01/2024,11:31:58,0.4,0.35,108680,0.4,33240,4000,1219000
FINNIFTY02JAN2422400CE.NFO,02/01/2024,11:32:06,0.4,0.4,28720,0.45,49920,20400,1219000
FINNIFTY02JAN2422400CE.NFO,02/01/2024,11:32:14,0.45,0.4,30520,0.45,46120,2520,1219000
FINNIFTY02JAN2422400CE.NFO,02/01/2024,11:32:36,0.4,0.4,27680,0.45,49000,1040,1219000
FINNIFTY02JAN2422400CE.NFO,02/01/2024,11:32:43,0.4,0.4,27680,0.45,49000,0,1219000
FINNIFTY02JAN2422400CE.NFO,02/01/2024,11:32:50,0.4,0.4,17800,0.45,50200,9400,1227480
FINNIFTY02JAN2422400CE.NFO,02/01/2024,11:32:58,0.4,0.35,98320,0.4,42680,16880,1227480
FINNIFTY02JAN2422400CE.NFO,02/01/2024,11:33:05,0.4,0.35,99280,0.4,38880,4680,1227480
FINNIFTY02JAN2422400CE.NFO,02/01/2024,11:33:12,0.4,0.35,100880,0.4,42040,0,1227480
FINNIFTY02JAN2422400CE.NFO,02/01/2024,11:33:19,0.4,0.35,98040,0.4,46240,5000,1227480
FINNIFTY02JAN2422400CE.NFO,02/01/2024,11:33:26,0.4,0.35,98120,0.4,46240,0,1227480
FINNIFTY02JAN2422400CE.NFO,02/01/2024,11:33:34,0.4,0.35,98280,0.4,45760,3000,1227480
FINNIFTY02JAN2422400CE.NFO,02/01/2024,11:33:41,0.4,0.35,98280,0.4,45760,0,1227480
FINNIFTY02JAN2422400CE.NFO,02/01/2024,11:33:48,0.4,0.35,98280,0.4,44400,1560,1227480
FINNIFTY02JAN2422400CE.NFO,02/01/2024,11:33:56,0.4,0.35,98280,0.4,44400,0,1227480
FINNIFTY02JAN2422400CE.NFO,02/01/2024,11:34:02,0.4,0.35,98280,0.4,48040,2480,1227480
FINNIFTY02JAN2422400CE.NFO,02/01/2024,11:34:22,0.4,0.35,104680,0.4,48040,0,1227480
FINNIFTY02JAN2422400CE.NFO,02/01/2024,11:34:30,0.4,0.35,103480,0.4,46440,1600,1227480
FINNIFTY02JAN2422400CE.NFO,02/01/2024,11:34:46,0.4,0.35,103560,0.4,51240,80,1227480
FINNIFTY02JAN2422400CE.NFO,02/01/2024,11:34:54,0.4,0.35,103560,0.4,51240,0,1227480
FINNIFTY02JAN2422400CE.NFO,02/01/2024,11:35:08,0.4,0.35,104040,0.4,50680,1200,1227480
FINNIFTY02JAN2422400CE.NFO,02/01/2024,11:35:31,0.4,0.35,104040,0.4,50600,80,1227480
FINNIFTY02JAN2422400CE.NFO,02/01/2024,11:35:38,0.4,0.35,104040,0.4,50840,320,1227480
FINNIFTY02JAN2422400CE.NFO,02/01/2024,11:35:46,0.4,0.35,105840,0.4,50840,0,1227480
FINNIFTY02JAN2422400CE.NFO,02/01/2024,11:35:54,0.35,0.35,104440,0.4,50280,4000,1240000
FINNIFTY02JAN2422400CE.NFO,02/01/2024,11:36:01,0.35,0.35,104200,0.4,50280,0,1240000
FINNIFTY02JAN2422400CE.NFO,02/01/2024,11:36:08,0.4,0.35,104200,0.4,50240,40,1240000
FINNIFTY02JAN2422400CE.NFO,02/01/2024,11:36:16,0.4,0.35,103400,0.4,53840,0,1240000
FINNIFTY02JAN2422400CE.NFO,02/01/2024,11:36:31,0.4,0.35,101800,0.4,55640,0,1240000
FINNIFTY02JAN2422400CE.NFO,02/01/2024,11:36:54,0.4,0.35,100920,0.4,55880,640,1240000
FINNIFTY02JAN2422400CE.NFO,02/01/2024,11:37:01,0.4,0.35,73720,0.4,57280,400,1240000
FINNIFTY02JAN2422400CE.NFO,02/01/2024,11:37:09,0.4,0.35,73720,0.4,57280,0,1240000
FINNIFTY02JAN2422400CE.NFO,02/01/2024,11:37:17,0.4,0.35,62920,0.4,57240,40,1240000
FINNIFTY02JAN2422400CE.NFO,02/01/2024,11:37:24,0.4,0.35,62920,0.4,60240,0,1240000
FINNIFTY02JAN2422400CE.NFO,02/01/2024,11:37:32,0.4,0.35,58760,0.4,60240,0,1240000
FINNIFTY02JAN2422400CE.NFO,02/01/2024,11:37:48,0.4,0.35,61120,0.4,60160,80,1240000
FINNIFTY02JAN2422400CE.NFO,02/01/2024,11:37:56,0.4,0.35,61120,0.4,60080,80,1240000
FINNIFTY02JAN2422400CE.NFO,02/01/2024,11:38:12,0.4,0.35,62000,0.4,59120,80,1240000
FINNIFTY02JAN2422400CE.NFO,02/01/2024,11:38:21,0.4,0.35,62000,0.4,59000,120,1240000
FINNIFTY02JAN2422400CE.NFO,02/01/2024,11:38:28,0.4,0.35,72800,0.4,59880,0,1240000
FINNIFTY02JAN2422400CE.NFO,02/01/2024,11:38:35,0.4,0.35,71920,0.4,41840,40,1240000
FINNIFTY02JAN2422400CE.NFO,02/01/2024,11:38:51,0.35,0.35,70640,0.4,49040,280,1240880
FINNIFTY02JAN2422400CE.NFO,02/01/2024,11:38:59,0.35,0.35,73440,0.4,49040,0,1240880
FINNIFTY02JAN2422400CE.NFO,02/01/2024,11:39:19,0.35,0.35,72440,0.4,49040,0,1240880
FINNIFTY02JAN2422400CE.NFO,02/01/2024,11:39:38,0.35,0.35,73440,0.4,49480,0,1240880
FINNIFTY02JAN2422400CE.NFO,02/01/2024,11:39:57,0.4,0.35,73520,0.4,46920,3600,1240880
FINNIFTY02JAN2422400CE.NFO,02/01/2024,11:40:10,0.4,0.35,73520,0.4,46960,0,1240880
FINNIFTY02JAN2422400CE.NFO,02/01/2024,11:40:35,0.4,0.35,73280,0.4,46960,0,1240880
FINNIFTY02JAN2422400CE.NFO,02/01/2024,11:40:47,0.35,0.35,70280,0.4,47000,2960,1240880
FINNIFTY02JAN2422400CE.NFO,02/01/2024,11:40:53,0.35,0.35,55440,0.4,47000,2240,1240880
FINNIFTY02JAN2422400CE.NFO,02/01/2024,11:41:00,0.35,0.35,55000,0.4,47000,440,1240880
FINNIFTY02JAN2422400CE.NFO,02/01/2024,11:41:07,0.4,0.35,54960,0.4,50560,40,1240880
FINNIFTY02JAN2422400CE.NFO,02/01/2024,11:41:14,0.35,0.35,54920,0.4,50560,40,1240880
FINNIFTY02JAN2422400CE.NFO,02/01/2024,11:41:20,0.35,0.35,55080,0.4,48760,40,1240880
FINNIFTY02JAN2422400CE.NFO,02/01/2024,11:41:29,0.35,0.35,54800,0.4,48160,1160,1240880
FINNIFTY02JAN2422400CE.NFO,02/01/2024,11:41:37,0.35,0.35,52000,0.4,48080,2800,1240880
FINNIFTY02JAN2422400CE.NFO,02/01/2024,11:41:46,0.4,0.35,51200,0.4,48000,80,1252800
FINNIFTY02JAN2422400CE.NFO,02/01/2024,11:41:55,0.4,0.35,51200,0.4,52760,720,1252800
FINNIFTY02JAN2422400CE.NFO,02/01/2024,11:42:03,0.4,0.35,51200,0.4,54200,160,1252800
FINNIFTY02JAN2422400CE.NFO,02/01/2024,11:42:11,0.4,0.35,50600,0.4,60360,680,1252800
FINNIFTY02JAN2422400CE.NFO,02/01/2024,11:42:19,0.4,0.35,50600,0.4,59920,440,1252800
FINNIFTY02JAN2422400CE.NFO,02/01/2024,11:42:27,0.4,0.35,50680,0.4,59920,0,1252800
FINNIFTY02JAN2422400CE.NFO,02/01/2024,11:42:34,0.4,0.35,50760,0.4,60000,0,1252800
FINNIFTY02JAN2422400CE.NFO,02/01/2024,11:42:41,0.4,0.35,50760,0.4,61000,0,1252800
FINNIFTY02JAN2422400CE.NFO,02/01/2024,11:42:48,0.4,0.35,50760,0.4,62800,200,1252800
FINNIFTY02JAN2422400CE.NFO,02/01/2024,11:42:55,0.4,0.35,48960,0.4,64200,200,1252800
FINNIFTY02JAN2422400CE.NFO,02/01/2024,11:43:03,0.4,0.35,48960,0.4,64040,160,1252800
FINNIFTY02JAN2422400CE.NFO,02/01/2024,11:43:09,0.4,0.35,48960,0.4,63800,240,1252800
FINNIFTY02JAN2422400CE.NFO,02/01/2024,11:43:16,0.4,0.35,42960,0.4,63440,6280,1252800
FINNIFTY02JAN2422400CE.NFO,02/01/2024,11:43:23,0.4,0.35,42960,0.4,64400,320,1252800
FINNIFTY02JAN2422400CE.NFO,02/01/2024,11:43:30,0.4,0.35,42880,0.4,64160,320,1252800
FINNIFTY02JAN2422400CE.NFO,02/01/2024,11:43:37,0.4,0.35,44680,0.4,67840,120,1252800
FINNIFTY02JAN2422400CE.NFO,02/01/2024,11:43:45,0.4,0.35,44680,0.4,56960,3680,1252800
FINNIFTY02JAN2422400CE.NFO,02/01/2024,11:43:53,0.4,0.35,44680,0.4,62640,200,1252800
FINNIFTY02JAN2422400CE.NFO,02/01/2024,11:44:01,0.4,0.35,45560,0.4,62440,120,1252800
FINNIFTY02JAN2422400CE.NFO,02/01/2024,11:44:08,0.4,0.35,57160,0.4,60600,0,1252800
FINNIFTY02JAN2422400CE.NFO,02/01/2024,11:44:15,0.4,0.35,58600,0.4,60600,0,1252800
FINNIFTY02JAN2422400CE.NFO,02/01/2024,11:44:21,0.4,0.35,61480,0.4,62320,0,1252800
FINNIFTY02JAN2422400CE.NFO,02/01/2024,11:44:44,0.35,0.35,59640,0.4,67800,40,1252800
FINNIFTY02JAN2422400CE.NFO,02/01/2024,11:44:50,0.35,0.35,59640,0.4,64600,0,1252800
FINNIFTY02JAN2422400CE.NFO,02/01/2024,11:44:56,0.35,0.35,59560,0.4,64520,80,1260720
FINNIFTY02JAN2422400CE.NFO,02/01/2024,11:45:03,0.35,0.35,59560,0.4,64520,0,1260720
FINNIFTY02JAN2422400CE.NFO,02/01/2024,11:45:10,0.35,0.35,59520,0.4,64680,40,1260720
FINNIFTY02JAN2422400CE.NFO,02/01/2024,11:45:16,0.35,0.35,59520,0.4,64680,0,1260720
FINNIFTY02JAN2422400CE.NFO,02/01/2024,11:45:23,0.35,0.35,59560,0.4,64680,0,1260720
FINNIFTY02JAN2422400CE.NFO,02/01/2024,11:45:30,0.35,0.35,55800,0.4,64680,3760,1260720
FINNIFTY02JAN2422400CE.NFO,02/01/2024,11:45:38,0.35,0.35,53920,0.4,64920,1880,1260720
FINNIFTY02JAN2422400CE.NFO,02/01/2024,11:45:44,0.35,0.35,51120,0.4,65960,1920,1260720
FINNIFTY02JAN2422400CE.NFO,02/01/2024,11:45:51,0.35,0.35,50120,0.4,65960,520,1260720
FINNIFTY02JAN2422400CE.NFO,02/01/2024,11:45:57,0.35,0.35,49800,0.4,65960,240,1260720
FINNIFTY02JAN2422400CE.NFO,02/01/2024,11:46:04,0.35,0.35,41000,0.4,67800,1680,1260720
FINNIFTY02JAN2422400CE.NFO,02/01/2024,11:46:11,0.35,0.35,37600,0.4,67720,40,1260720
FINNIFTY02JAN2422400CE.NFO,02/01/2024,11:46:18,0.35,0.35,38720,0.4,69720,9000,1260720
FINNIFTY02JAN2422400CE.NFO,02/01/2024,11:46:24,0.35,0.35,40120,0.4,69720,4000,1260720
FINNIFTY02JAN2422400CE.NFO,02/01/2024,11:46:30,0.35,0.35,40080,0.4,69720,40,1260720
FINNIFTY02JAN2422400CE.NFO,02/01/2024,11:46:36,0.35,0.35,37680,0.4,70520,6000,1260720
FINNIFTY02JAN2422400CE.NFO,02/01/2024,11:46:50,0.35,0.35,38880,0.4,70440,1880,1260720
FINNIFTY02JAN2422400CE.NFO,02/01/2024,11:46:57,0.35,0.35,43800,0.4,70400,400,1260720
FINNIFTY02JAN2422400CE.NFO,02/01/2024,11:47:10,0.35,0.35,44960,0.4,73800,280,1260720
FINNIFTY02JAN2422400CE.NFO,02/01/2024,11:47:24,0.35,0.35,44960,0.4,73800,0,1260720
FINNIFTY02JAN2422400CE.NFO,02/01/2024,11:47:44,0.35,0.35,33080,0.4,73720,12600,1269040
FINNIFTY02JAN2422400CE.NFO,02/01/2024,11:47:50,0.35,0.35,33080,0.4,74800,0,1269040
FINNIFTY02JAN2422400CE.NFO,02/01/2024,11:47:56,0.35,0.35,33080,0.4,76760,0,1269040
FINNIFTY02JAN2422400CE.NFO,02/01/2024,11:48:04,0.35,0.35,33080,0.4,76840,0,1269040
FINNIFTY02JAN2422400CE.NFO,02/01/2024,11:48:11,0.35,0.35,31280,0.4,77840,1800,1269040
FINNIFTY02JAN2422400CE.NFO,02/01/2024,11:48:16,0.35,0.35,26120,0.4,77360,520,1269040
FINNIFTY02JAN2422400CE.NFO,02/01/2024,11:48:22,0.4,0.35,28960,0.4,77280,1880,1269040
FINNIFTY02JAN2422400CE.NFO,02/01/2024,11:48:29,0.35,0.35,22400,0.4,77240,2440,1269040
FINNIFTY02JAN2422400CE.NFO,02/01/2024,11:48:36,0.4,0.35,13560,0.4,64480,14040,1269040
FINNIFTY02JAN2422400CE.NFO,02/01/2024,11:48:43,0.4,0.35,13560,0.4,73080,80,1269040
FINNIFTY02JAN2422400CE.NFO,02/01/2024,11:48:49,0.4,0.35,13560,0.4,72520,1080,1269040
FINNIFTY02JAN2422400CE.NFO,02/01/2024,11:48:55,0.4,0.35,15720,0.4,72360,80,1269040
FINNIFTY02JAN2422400CE.NFO,02/01/2024,11:49:01,0.35,0.35,15160,0.4,72360,4640,1269040
FINNIFTY02JAN2422400CE.NFO,02/01/2024,11:49:07,0.35,0.35,13160,0.4,72360,0,1269040
FINNIFTY02JAN2422400CE.NFO,02/01/2024,11:49:13,0.35,0.35,14960,0.4,70160,0,1269040
FINNIFTY02JAN2422400CE.NFO,02/01/2024,11:49:33,0.35,0.35,14160,0.4,68360,800,1269040
FINNIFTY02JAN2422400CE.NFO,02/01/2024,11:49:38,0.35,0.35,15120,0.4,70160,0,1269040
FINNIFTY02JAN2422400CE.NFO,02/01/2024,11:49:45,0.35,0.35,15080,0.4,70160,40,1269040
FINNIFTY02JAN2422400CE.NFO,02/01/2024,11:49:57,0.35,0.35,15080,0.4,70480,0,1269040
FINNIFTY02JAN2422400CE.NFO,02/01/2024,11:50:03,0.35,0.35,15080,0.4,70240,0,1269040
FINNIFTY02JAN2422400CE.NFO,02/01/2024,11:50:10,0.35,0.35,15080,0.4,70480,0,1269040
FINNIFTY02JAN2422400CE.NFO,02/01/2024,11:50:23,0.35,0.35,15080,0.4,70240,0,1269040
FINNIFTY02JAN2422400CE.NFO,02/01/2024,11:50:35,0.35,0.35,15080,0.4,70480,0,1269040
FINNIFTY02JAN2422400CE.NFO,02/01/2024,11:51:00,0.4,0.35,15080,0.4,70440,40,1284360
FINNIFTY02JAN2422400CE.NFO,02/01/2024,11:51:08,0.4,0.35,18080,0.4,70360,0,1284360
FINNIFTY02JAN2422400CE.NFO,02/01/2024,11:51:40,0.35,0.35,17160,0.4,70360,920,1284360
FINNIFTY02JAN2422400CE.NFO,02/01/2024,11:51:47,0.4,0.35,15960,0.4,70320,40,1284360
FINNIFTY02JAN2422400CE.NFO,02/01/2024,11:51:53,0.4,0.35,18960,0.4,70400,0,1284360
FINNIFTY02JAN2422400CE.NFO,02/01/2024,11:52:05,0.35,0.35,19560,0.4,70400,200,1284360
FINNIFTY02JAN2422400CE.NFO,02/01/2024,11:52:23,0.35,0.35,19560,0.4,70400,0,1284360
FINNIFTY02JAN2422400CE.NFO,02/01/2024,11:52:28,0.35,0.35,18760,0.4,70400,0,1284360
FINNIFTY02JAN2422400CE.NFO,02/01/2024,11:52:35,0.35,0.35,18320,0.4,70520,440,1284360
FINNIFTY02JAN2422400CE.NFO,02/01/2024,11:53:06,0.35,0.35,18280,0.4,70440,40,1284360
FINNIFTY02JAN2422400CE.NFO,02/01/2024,11:53:13,0.4,0.35,17480,0.4,70600,840,1284360
FINNIFTY02JAN2422400CE.NFO,02/01/2024,11:53:21,0.35,0.35,18880,0.4,70320,360,1284360
FINNIFTY02JAN2422400CE.NFO,02/01/2024,11:53:28,0.4,0.35,18880,0.4,70360,40,1284360
FINNIFTY02JAN2422400CE.NFO,02/01/2024,11:53:35,0.4,0.35,18880,0.4,70320,40,1284360
FINNIFTY02JAN2422400CE.NFO,02/01/2024,11:53:42,0.4,0.35,18880,0.4,70280,40,1284360
FINNIFTY02JAN2422400CE.NFO,02/01/2024,11:53:48,0.4,0.35,18880,0.4,70120,80,1284360
FINNIFTY02JAN2422400CE.NFO,02/01/2024,11:53:54,0.4,0.35,18760,0.4,70320,200,1287120
FINNIFTY02JAN2422400CE.NFO,02/01/2024,11:54:00,0.4,0.35,18760,0.4,72320,0,1287120
FINNIFTY02JAN2422400CE.NFO,02/01/2024,11:54:35,0.4,0.35,18760,0.4,69920,0,1287120
FINNIFTY02JAN2422400CE.NFO,02/01/2024,11:55:38,0.4,0.35,15760,0.4,69920,0,1287120
FINNIFTY02JAN2422400CE.NFO,02/01/2024,11:55:54,0.35,0.35,13760,0.4,67920,2000,1287120
FINNIFTY02JAN2422400CE.NFO,02/01/2024,11:56:05,0.4,0.35,13760,0.4,67880,40,1287120
FINNIFTY02JAN2422400CE.NFO,02/01/2024,11:56:44,0.4,0.35,13760,0.4,67960,0,1287120
FINNIFTY02JAN2422400CE.NFO,02/01/2024,11:56:49,0.35,0.35,13560,0.4,67920,240,1287120
FINNIFTY02JAN2422400CE.NFO,02/01/2024,11:57:10,0.4,0.35,13560,0.4,66320,1600,1287120
FINNIFTY02JAN2422400CE.NFO,02/01/2024,11:57:17,0.35,0.35,13760,0.4,66240,1600,1287120
FINNIFTY02JAN2422400CE.NFO,02/01/2024,11:57:36,0.35,0.3,93640,0.35,63840,12160,1287120
FINNIFTY02JAN2422400CE.NFO,02/01/2024,11:57:43,0.35,0.3,93640,0.35,64400,80,1287120
FINNIFTY02JAN2422400CE.NFO,02/01/2024,11:57:49,0.35,0.3,94320,0.35,63320,1880,1287120
FINNIFTY02JAN2422400CE.NFO,02/01/2024,11:57:56,0.35,0.3,94320,0.35,63520,200,1287120
FINNIFTY02JAN2422400CE.NFO,02/01/2024,11:58:03,0.35,0.3,94320,0.35,63520,0,1287120
FINNIFTY02JAN2422400CE.NFO,02/01/2024,11:58:15,0.35,0.3,94320,0.35,63680,0,1287120
FINNIFTY02JAN2422400CE.NFO,02/01/2024,11:58:22,0.3,0.3,94280,0.35,63760,40,1287120
FINNIFTY02JAN2422400CE.NFO,02/01/2024,11:58:29,0.3,0.3,91560,0.35,63760,320,1287120
FINNIFTY02JAN2422400CE.NFO,02/01/2024,11:58:35,0.3,0.3,90800,0.35,63760,160,1287120
FINNIFTY02JAN2422400CE.NFO,02/01/2024,11:58:41,0.3,0.3,93120,0.35,65520,160,1287120
FINNIFTY02JAN2422400CE.NFO,02/01/2024,11:58:47,0.35,0.3,93280,0.35,65520,600,1287120
FINNIFTY02JAN2422400CE.NFO,02/01/2024,11:58:53,0.35,0.3,96320,0.35,60960,8280,1287120
FINNIFTY02JAN2422400CE.NFO,02/01/2024,11:58:58,0.35,0.3,96280,0.35,62560,160,1287120
FINNIFTY02JAN2422400CE.NFO,02/01/2024,11:59:04,0.3,0.3,94320,0.35,65960,160,1287120
FINNIFTY02JAN2422400CE.NFO,02/01/2024,11:59:10,0.3,0.3,94280,0.35,66320,40,1287120
FINNIFTY02JAN2422400CE.NFO,02/01/2024,11:59:16,0.3,0.3,94080,0.35,66320,160,1287120
FINNIFTY02JAN2422400CE.NFO,02/01/2024,11:59:21,0.3,0.3,93960,0.35,65960,160,1287120
FINNIFTY02JAN2422400CE.NFO,02/01/2024,11:59:27,0.3,0.3,93800,0.35,65960,120,1287120
FINNIFTY02JAN2422400CE.NFO,02/01/2024,11:59:32,0.3,0.3,93760,0.35,65960,80,1287120
FINNIFTY02JAN2422400CE.NFO,02/01/2024,11:59:38,0.3,0.3,93640,0.35,65960,120,1287120
FINNIFTY02JAN2422400CE.NFO,02/01/2024,11:59:44,0.3,0.3,93560,0.35,65960,80,1287120
FINNIFTY02JAN2422400CE.NFO,02/01/2024,11:59:50,0.3,0.3,91080,0.35,65960,80,1292600
FINNIFTY02JAN2422400CE.NFO,02/01/2024,12:00:37,0.35,0.3,93560,0.35,65600,2160,1292600
FINNIFTY02JAN2422400CE.NFO,02/01/2024,12:00:42,0.3,0.3,93480,0.35,67880,80,1292600
FINNIFTY02JAN2422400CE.NFO,02/01/2024,12:00:49,0.3,0.3,94960,0.35,66240,360,1292600
FINNIFTY02JAN2422400CE.NFO,02/01/2024,12:00:56,0.3,0.3,94400,0.35,68040,80,1292600
FINNIFTY02JAN2422400CE.NFO,02/01/2024,12:01:04,0.3,0.3,96720,0.35,68400,80,1292600
FINNIFTY02JAN2422400CE.NFO,02/01/2024,12:01:11,0.3,0.3,93280,0.35,68040,80,1292600
FINNIFTY02JAN2422400CE.NFO,02/01/2024,12:01:18,0.3,0.3,93120,0.35,68040,160,1292600
FINNIFTY02JAN2422400CE.NFO,02/01/2024,12:01:24,0.3,0.3,93000,0.35,68040,120,1292600
FINNIFTY02JAN2422400CE.NFO,02/01/2024,12:01:30,0.3,0.3,87440,0.35,68040,160,1292600
FINNIFTY02JAN2422400CE.NFO,02/01/2024,12:01:37,0.3,0.3,73960,0.35,66240,160,1292600
FINNIFTY02JAN2422400CE.NFO,02/01/2024,12:01:43,0.3,0.3,70320,0.35,66240,40,1292600
FINNIFTY02JAN2422400CE.NFO,02/01/2024,12:01:49,0.3,0.3,64880,0.35,66520,40,1292600
FINNIFTY02JAN2422400CE.NFO,02/01/2024,12:01:55,0.35,0.3,70240,0.35,66480,80,1292600
FINNIFTY02JAN2422400CE.NFO,02/01/2024,12:02:01,0.3,0.3,64760,0.35,66480,80,1292600
FINNIFTY02JAN2422400CE.NFO,02/01/2024,12:02:07,0.3,0.3,82760,0.35,79160,0,1292600
FINNIFTY02JAN2422400CE.NFO,02/01/2024,12:02:13,0.3,0.3,82680,0.35,78800,0,1292600
FINNIFTY02JAN2422400CE.NFO,02/01/2024,12:02:42,0.3,0.3,82680,0.35,60600,0,1292600
FINNIFTY02JAN2422400CE.NFO,02/01/2024,12:02:48,0.3,0.3,82600,0.35,60600,80,1289280
FINNIFTY02JAN2422400CE.NFO,02/01/2024,12:02:54,0.3,0.3,82600,0.35,62400,0,1289280
FINNIFTY02JAN2422400CE.NFO,02/01/2024,12:03:00,0.3,0.3,82560,0.35,62760,40,1289280
FINNIFTY02JAN2422400CE.NFO,02/01/2024,12:03:06,0.3,0.3,82520,0.35,62760,40,1289280
FINNIFTY02JAN2422400CE.NFO,02/01/2024,12:03:12,0.35,0.3,82520,0.35,62640,120,1289280
FINNIFTY02JAN2422400CE.NFO,02/01/2024,12:03:18,0.35,0.3,82520,0.35,63440,0,1289280
FINNIFTY02JAN2422400CE.NFO,02/01/2024,12:03:25,0.3,0.3,77040,0.35,64240,80,1289280
FINNIFTY02JAN2422400CE.NFO,02/01/2024,12:03:31,0.35,0.3,82400,0.35,63840,80,1289280
FINNIFTY02JAN2422400CE.NFO,02/01/2024,12:03:37,0.35,0.3,82400,0.35,66320,560,1289280
FINNIFTY02JAN2422400CE.NFO,02/01/2024,12:03:47,0.3,0.3,82360,0.35,68000,160,1289280
FINNIFTY02JAN2422400CE.NFO,02/01/2024,12:03:52,0.35,0.3,82360,0.35,67920,80,1289280
FINNIFTY02JAN2422400CE.NFO,02/01/2024,12:03:58,0.35,0.3,82360,0.35,67040,0,1289280
FINNIFTY02JAN2422400CE.NFO,02/01/2024,12:04:10,0.3,0.3,82280,0.35,67040,80,1289280
FINNIFTY02JAN2422400CE.NFO,02/01/2024,12:04:15,0.3,0.3,82280,0.35,67920,0,1289280
FINNIFTY02JAN2422400CE.NFO,02/01/2024,12:04:22,0.3,0.3,82280,0.35,67040,0,1289280
FINNIFTY02JAN2422400CE.NFO,02/01/2024,12:04:30,0.3,0.3,81200,0.35,67040,200,1289280
FINNIFTY02JAN2422400CE.NFO,02/01/2024,12:04:38,0.3,0.3,73800,0.35,68840,200,1289280
FINNIFTY02JAN2422400CE.NFO,02/01/2024,12:04:44,0.3,0.3,80000,0.35,69720,80,1289280
FINNIFTY02JAN2422400CE.NFO,02/01/2024,12:05:02,0.3,0.3,80680,0.35,69720,0,1289280
FINNIFTY02JAN2422400CE.NFO,02/01/2024,12:05:15,0.3,0.3,68960,0.35,69720,40,1289280
FINNIFTY02JAN2422400CE.NFO,02/01/2024,12:05:23,0.3,0.3,79760,0.35,67040,0,1289280
FINNIFTY02JAN2422400CE.NFO,02/01/2024,12:05:36,0.3,0.3,79640,0.35,66680,120,1289280
FINNIFTY02JAN2422400CE.NFO,02/01/2024,12:05:42,0.3,0.3,79600,0.35,67560,40,1289280
FINNIFTY02JAN2422400CE.NFO,02/01/2024,12:05:54,0.3,0.3,82240,0.35,75120,1840,1289000
FINNIFTY02JAN2422400CE.NFO,02/01/2024,12:05:59,0.3,0.3,82040,0.35,75080,240,1289000
FINNIFTY02JAN2422400CE.NFO,02/01/2024,12:06:05,0.3,0.3,81160,0.35,74720,0,1289000
FINNIFTY02JAN2422400CE.NFO,02/01/2024,12:06:11,0.3,0.3,82040,0.35,75080,0,1289000
FINNIFTY02JAN2422400CE.NFO,02/01/2024,12:06:21,0.3,0.3,81160,0.35,75080,0,1289000
FINNIFTY02JAN2422400CE.NFO,02/01/2024,12:06:27,0.3,0.3,82040,0.35,75080,0,1289000
FINNIFTY02JAN2422400CE.NFO,02/01/2024,12:06:54,0.3,0.3,83840,0.35,74720,0,1289000
FINNIFTY02JAN2422400CE.NFO,02/01/2024,12:07:00,0.35,0.3,83840,0.35,74680,40,1289000
FINNIFTY02JAN2422400CE.NFO,02/01/2024,12:07:05,0.35,0.3,83840,0.35,74680,0,1289000
FINNIFTY02JAN2422400CE.NFO,02/01/2024,12:07:11,0.35,0.3,83360,0.35,74560,1800,1289000
FINNIFTY02JAN2422400CE.NFO,02/01/2024,12:07:23,0.35,0.3,83360,0.35,74560,0,1289000
FINNIFTY02JAN2422400CE.NFO,02/01/2024,12:07:55,0.3,0.3,75560,0.35,74560,4200,1289000
FINNIFTY02JAN2422400CE.NFO,02/01/2024,12:08:02,0.3,0.3,75560,0.35,74560,0,1289000
FINNIFTY02JAN2422400CE.NFO,02/01/2024,12:08:08,0.3,0.3,77360,0.35,79960,0,1289000
FINNIFTY02JAN2422400CE.NFO,02/01/2024,12:08:40,0.35,0.3,77360,0.35,79880,80,1289000
FINNIFTY02JAN2422400CE.NFO,02/01/2024,12:08:48,0.35,0.3,70360,0.35,83280,3600,1285280
FINNIFTY02JAN2422400CE.NFO,02/01/2024,12:08:55,0.35,0.3,70360,0.35,83160,120,1285280
FINNIFTY02JAN2422400CE.NFO,02/01/2024,12:09:08,0.3,0.3,70320,0.35,83520,40,1285280
FINNIFTY02JAN2422400CE.NFO,02/01/2024,12:09:27,0.3,0.3,69640,0.35,81720,0,1285280
FINNIFTY02JAN2422400CE.NFO,02/01/2024,12:09:33,0.3,0.3,70520,0.35,81720,0,1285280
FINNIFTY02JAN2422400CE.NFO,02/01/2024,12:09:39,0.3,0.3,66200,0.35,86760,2720,1285280
FINNIFTY02JAN2422400CE.NFO,02/01/2024,12:09:46,0.3,0.3,66680,0.35,86760,0,1285280
FINNIFTY02JAN2422400CE.NFO,02/01/2024,12:09:53,0.35,0.3,66680,0.35,86720,40,1285280
FINNIFTY02JAN2422400CE.NFO,02/01/2024,12:10:00,0.35,0.3,66200,0.35,86720,0,1285280
FINNIFTY02JAN2422400CE.NFO,02/01/2024,12:10:08,0.3,0.3,59240,0.35,86720,80,1285280
FINNIFTY02JAN2422400CE.NFO,02/01/2024,12:10:16,0.35,0.3,58920,0.35,86640,400,1285280
FINNIFTY02JAN2422400CE.NFO,02/01/2024,12:10:24,0.3,0.3,53440,0.35,86640,80,1285280
FINNIFTY02JAN2422400CE.NFO,02/01/2024,12:10:32,0.3,0.3,53360,0.35,88440,80,1285280
FINNIFTY02JAN2422400CE.NFO,02/01/2024,12:10:39,0.3,0.3,53280,0.35,86640,80,1285280
FINNIFTY02JAN2422400CE.NFO,02/01/2024,12:10:46,0.35,0.3,55440,0.35,88400,13800,1285280
FINNIFTY02JAN2422400CE.NFO,02/01/2024,12:10:54,0.3,0.3,55400,0.35,88400,80,1285280
FINNIFTY02JAN2422400CE.NFO,02/01/2024,12:11:01,0.3,0.3,55400,0.35,88400,0,1285280
FINNIFTY02JAN2422400CE.NFO,02/01/2024,12:11:15,0.3,0.3,54920,0.35,86600,40,1285280
FINNIFTY02JAN2422400CE.NFO,02/01/2024,12:11:23,0.35,0.3,49520,0.35,88000,400,1285280
FINNIFTY02JAN2422400CE.NFO,02/01/2024,12:11:37,0.35,0.3,54960,0.35,87960,40,1285280
FINNIFTY02JAN2422400CE.NFO,02/01/2024,12:11:44,0.35,0.3,54960,0.35,87960,0,1285280
FINNIFTY02JAN2422400CE.NFO,02/01/2024,12:11:51,0.3,0.3,23600,0.35,78960,11560,1294960
FINNIFTY02JAN2422400CE.NFO,02/01/2024,12:11:58,0.3,0.3,23600,0.35,78960,0,1294960
FINNIFTY02JAN2422400CE.NFO,02/01/2024,12:12:05,0.3,0.3,42240,0.35,78960,1200,1294960
FINNIFTY02JAN2422400CE.NFO,02/01/2024,12:12:11,0.3,0.3,27720,0.35,78960,80,1294960
FINNIFTY02JAN2422400CE.NFO,02/01/2024,12:12:18,0.3,0.3,42160,0.35,77160,0,1294960
FINNIFTY02JAN2422400CE.NFO,02/01/2024,12:12:25,0.3,0.3,39680,0.35,79960,14880,1294960
FINNIFTY02JAN2422400CE.NFO,02/01/2024,12:12:31,0.3,0.3,39400,0.35,79960,280,1294960
