Ticker,Date,Time,LTP,BuyPrice,BuyQty,SellPrice,SellQty,LTQ,OpenInterest
FINNIFTY02JAN2419700PE.NFO,02/01/2024,09:15:28,0.2,0.2,1080,0.3,1680,1080,22840
FINNIFTY02JAN2419700PE.NFO,02/01/2024,09:15:28,0.2,0.2,1080,0.3,1680,0,22840
FINNIFTY02JAN2419700PE.NFO,02/01/2024,09:15:28,0.2,0.2,1080,0.3,1680,0,22840
FINNIFTY02JAN2419700PE.NFO,02/01/2024,09:15:28,0.2,0.2,1080,0.3,1680,0,22840
FINNIFTY02JAN2419700PE.NFO,02/01/2024,09:15:39,0.3,0.2,1080,0.3,2680,200,22840
FINNIFTY02JAN2419700PE.NFO,02/01/2024,09:15:39,0.3,0.2,1080,0.3,2680,0,22840
FINNIFTY02JAN2419700PE.NFO,02/01/2024,09:15:50,0.3,0.2,1080,0.3,2680,0,22840
FINNIFTY02JAN2419700PE.NFO,02/01/2024,09:16:00,0.25,0.2,1080,0.25,960,120,22840
FINNIFTY02JAN2419700PE.NFO,02/01/2024,09:16:12,0.25,0.2,1080,0.25,2360,0,22840
FINNIFTY02JAN2419700PE.NFO,02/01/2024,09:16:41,0.25,0.2,1320,0.25,1160,0,22840
FINNIFTY02JAN2419700PE.NFO,02/01/2024,09:16:50,0.25,0.2,1240,0.25,1160,0,22840
FINNIFTY02JAN2419700PE.NFO,02/01/2024,09:17:00,0.25,0.2,1280,0.25,1160,0,22840
FINNIFTY02JAN2419700PE.NFO,02/01/2024,09:17:10,0.2,0.2,960,0.25,1840,320,22840
FINNIFTY02JAN2419700PE.NFO,02/01/2024,09:17:19,0.2,0.2,2760,0.25,1840,0,22840
FINNIFTY02JAN2419700PE.NFO,02/01/2024,09:17:38,0.2,0.2,2960,0.25,1840,0,22840
FINNIFTY02JAN2419700PE.NFO,02/01/2024,09:17:48,0.2,0.2,2760,0.25,1840,0,22840
FINNIFTY02JAN2419700PE.NFO,02/01/2024,09:17:57,0.2,0.2,3040,0.25,1840,0,22840
FINNIFTY02JAN2419700PE.NFO,02/01/2024,09:18:07,0.2,0.2,2760,0.25,1840,0,22840
FINNIFTY02JAN2419700PE.NFO,02/01/2024,09:18:16,0.2,0.2,3080,0.25,1840,0,22840
FINNIFTY02JAN2419700PE.NFO,02/01/2024,09:18:45,0.2,0.2,3080,0.25,880,0,22840
FINNIFTY02JAN2419700PE.NFO,02/01/2024,09:18:55,0.2,0.2,2760,0.25,2160,0,22840
FINNIFTY02JAN2419700PE.NFO,02/01/2024,09:19:35,0.25,0.2,3080,0.25,2160,200,22960
FINNIFTY02JAN2419700PE.NFO,02/01/2024,09:19:55,0.25,0.2,2760,0.25,2160,0,22960
FINNIFTY02JAN2419700PE.NFO,02/01/2024,09:20:16,0.25,0.2,3120,0.25,2160,0,22960
FINNIFTY02JAN2419700PE.NFO,02/01/2024,09:20:26,0.25,0.2,2760,0.25,2160,0,22960
FINNIFTY02JAN2419700PE.NFO,02/01/2024,09:21:04,0.2,0.2,2680,0.25,2160,80,23160
FINNIFTY02JAN2419700PE.NFO,02/01/2024,09:21:14,0.25,0.2,3000,0.25,1760,400,23160
FINNIFTY02JAN2419700PE.NFO,02/01/2024,09:21:25,0.2,0.2,2240,0.25,1680,480,23160
FINNIFTY02JAN2419700PE.NFO,02/01/2024,09:21:35,0.2,0.2,2200,0.25,1680,80,23160
FINNIFTY02JAN2419700PE.NFO,02/01/2024,09:21:45,0.25,0.2,2200,0.25,1600,80,23160
FINNIFTY02JAN2419700PE.NFO,02/01/2024,09:21:55,0.25,0.2,2200,0.25,1600,0,23160
FINNIFTY02JAN2419700PE.NFO,02/01/2024,09:23:37,0.2,0.2,2240,0.25,1320,400,23560
FINNIFTY02JAN2419700PE.NFO,02/01/2024,09:23:56,0.2,0.2,2080,0.25,1280,320,23560
FINNIFTY02JAN2419700PE.NFO,02/01/2024,09:24:05,0.25,0.2,2080,0.25,840,440,23560
FINNIFTY02JAN2419700PE.NFO,02/01/2024,09:24:14,0.25,0.2,2080,0.25,760,80,23560
FINNIFTY02JAN2419700PE.NFO,02/01/2024,09:24:24,0.25,0.2,2680,0.25,600,160,23560
FINNIFTY02JAN2419700PE.NFO,02/01/2024,09:24:34,0.25,0.2,2680,0.25,600,0,23560
FINNIFTY02JAN2419700PE.NFO,02/01/2024,09:24:54,0.25,0.2,2680,0.25,440,160,23560
FINNIFTY02JAN2419700PE.NFO,02/01/2024,09:25:04,0.25,0.2,2680,0.25,160,280,23560
FINNIFTY02JAN2419700PE.NFO,02/01/2024,09:25:15,0.25,0.2,2680,0.3,2160,160,23560
FINNIFTY02JAN2419700PE.NFO,02/01/2024,09:25:26,0.3,0.2,7160,0.3,2040,280,23560
FINNIFTY02JAN2419700PE.NFO,02/01/2024,09:25:36,0.3,0.2,29760,0.3,1720,360,23560
FINNIFTY02JAN2419700PE.NFO,02/01/2024,09:25:46,0.3,0.25,400,0.3,32960,800,23560
FINNIFTY02JAN2419700PE.NFO,02/01/2024,09:25:55,0.3,0.2,36520,0.25,440,800,23560
FINNIFTY02JAN2419700PE.NFO,02/01/2024,09:26:05,0.3,0.2,35920,0.3,36560,1240,23560
FINNIFTY02JAN2419700PE.NFO,02/01/2024,09:26:15,0.3,0.2,35920,0.3,36560,480,23560
FINNIFTY02JAN2419700PE.NFO,02/01/2024,09:26:25,0.3,0.25,400,0.3,34640,2000,23560
FINNIFTY02JAN2419700PE.NFO,02/01/2024,09:26:36,0.3,0.2,37720,0.3,32640,1280,26760
FINNIFTY02JAN2419700PE.NFO,02/01/2024,09:26:46,0.2,0.2,35600,0.3,32720,1400,26760
FINNIFTY02JAN2419700PE.NFO,02/01/2024,09:26:57,0.2,0.2,38000,0.25,4080,1760,26760
FINNIFTY02JAN2419700PE.NFO,02/01/2024,09:27:07,0.2,0.2,37920,0.25,5880,80,26760
FINNIFTY02JAN2419700PE.NFO,02/01/2024,09:27:18,0.2,0.2,37840,0.25,5880,80,26760
FINNIFTY02JAN2419700PE.NFO,02/01/2024,09:27:37,0.25,0.2,37840,0.25,5680,200,26760
FINNIFTY02JAN2419700PE.NFO,02/01/2024,09:27:57,0.2,0.2,37760,0.25,6160,520,26760
FINNIFTY02JAN2419700PE.NFO,02/01/2024,09:28:07,0.2,0.2,37760,0.25,6560,0,26760
FINNIFTY02JAN2419700PE.NFO,02/01/2024,09:28:17,0.25,0.2,37640,0.25,6240,800,26760
FINNIFTY02JAN2419700PE.NFO,02/01/2024,09:28:28,0.25,0.2,37720,0.25,7720,1080,26760
FINNIFTY02JAN2419700PE.NFO,02/01/2024,09:28:41,0.25,0.2,37640,0.25,8000,0,26760
FINNIFTY02JAN2419700PE.NFO,02/01/2024,09:28:54,0.25,0.2,36920,0.25,4640,800,26760
FINNIFTY02JAN2419700PE.NFO,02/01/2024,09:29:05,0.25,0.2,36920,0.25,2960,1680,26760
FINNIFTY02JAN2419700PE.NFO,02/01/2024,09:29:15,0.25,0.2,36920,0.25,6240,0,26760
FINNIFTY02JAN2419700PE.NFO,02/01/2024,09:29:38,0.25,0.2,36920,0.25,14760,0,26760
FINNIFTY02JAN2419700PE.NFO,02/01/2024,09:30:58,0.25,0.2,36920,0.25,14280,480,29360
FINNIFTY02JAN2419700PE.NFO,02/01/2024,09:31:10,0.25,0.2,36920,0.25,14280,0,29360
FINNIFTY02JAN2419700PE.NFO,02/01/2024,09:31:20,0.25,0.2,36920,0.25,14000,280,29360
FINNIFTY02JAN2419700PE.NFO,02/01/2024,09:32:08,0.25,0.2,36920,0.25,13600,400,29360
FINNIFTY02JAN2419700PE.NFO,02/01/2024,09:32:18,0.25,0.2,36920,0.25,13600,0,29360
FINNIFTY02JAN2419700PE.NFO,02/01/2024,09:32:48,0.25,0.2,37520,0.25,13600,0,29360
FINNIFTY02JAN2419700PE.NFO,02/01/2024,09:33:17,0.25,0.2,37520,0.25,13520,80,29480
FINNIFTY02JAN2419700PE.NFO,02/01/2024,09:33:27,0.25,0.2,37520,0.25,13440,80,29480
FINNIFTY02JAN2419700PE.NFO,02/01/2024,09:33:36,0.25,0.2,37520,0.25,13360,80,29480
FINNIFTY02JAN2419700PE.NFO,02/01/2024,09:33:46,0.25,0.2,37520,0.25,13240,120,29480
FINNIFTY02JAN2419700PE.NFO,02/01/2024,09:34:05,0.25,0.2,37840,0.25,13480,80,29480
FINNIFTY02JAN2419700PE.NFO,02/01/2024,09:34:23,0.25,0.2,37840,0.25,8920,0,29480
FINNIFTY02JAN2419700PE.NFO,02/01/2024,09:34:59,0.25,0.2,37840,0.25,8840,80,29480
FINNIFTY02JAN2419700PE.NFO,02/01/2024,09:35:08,0.25,0.2,37840,0.25,8560,280,29480
FINNIFTY02JAN2419700PE.NFO,02/01/2024,09:35:18,0.25,0.2,37840,0.25,8560,0,29480
FINNIFTY02JAN2419700PE.NFO,02/01/2024,09:35:27,0.25,0.2,37840,0.25,8480,80,29480
FINNIFTY02JAN2419700PE.NFO,02/01/2024,09:35:46,0.25,0.2,37840,0.25,8200,280,30240
FINNIFTY02JAN2419700PE.NFO,02/01/2024,09:35:56,0.25,0.2,37840,0.25,8200,0,30240
FINNIFTY02JAN2419700PE.NFO,02/01/2024,09:36:24,0.25,0.2,37840,0.25,8040,160,30240
FINNIFTY02JAN2419700PE.NFO,02/01/2024,09:36:33,0.25,0.2,37840,0.25,7960,80,30240
FINNIFTY02JAN2419700PE.NFO,02/01/2024,09:36:51,0.25,0.2,37840,0.25,7880,80,30240
FINNIFTY02JAN2419700PE.NFO,02/01/2024,09:38:10,0.25,0.2,37840,0.25,7880,0,30240
FINNIFTY02JAN2419700PE.NFO,02/01/2024,09:41:07,0.25,0.2,37840,0.25,14240,0,30240
FINNIFTY02JAN2419700PE.NFO,02/01/2024,09:41:18,0.2,0.2,37760,0.25,14240,80,30840
FINNIFTY02JAN2419700PE.NFO,02/01/2024,09:41:28,0.2,0.2,37760,0.25,14240,0,30840
FINNIFTY02JAN2419700PE.NFO,02/01/2024,09:41:37,0.2,0.2,37760,0.25,14320,0,30840
FINNIFTY02JAN2419700PE.NFO,02/01/2024,09:45:26,0.2,0.2,37560,0.25,14640,200,30840
FINNIFTY02JAN2419700PE.NFO,02/01/2024,09:45:35,0.2,0.2,37560,0.25,14600,0,30840
FINNIFTY02JAN2419700PE.NFO,02/01/2024,09:45:45,0.2,0.2,37560,0.25,14640,0,30840
FINNIFTY02JAN2419700PE.NFO,02/01/2024,09:45:54,0.2,0.2,37560,0.25,14600,0,30840
FINNIFTY02JAN2419700PE.NFO,02/01/2024,09:46:04,0.25,0.2,37560,0.25,14720,80,30840
FINNIFTY02JAN2419700PE.NFO,02/01/2024,09:46:14,0.25,0.2,37560,0.25,14440,280,30840
FINNIFTY02JAN2419700PE.NFO,02/01/2024,09:46:34,0.25,0.2,37560,0.25,14360,80,30840
FINNIFTY02JAN2419700PE.NFO,02/01/2024,09:46:43,0.25,0.2,37560,0.25,14360,0,30840
FINNIFTY02JAN2419700PE.NFO,02/01/2024,09:50:14,0.25,0.2,22960,0.25,14360,0,30840
FINNIFTY02JAN2419700PE.NFO,02/01/2024,09:55:32,0.2,0.2,22480,0.25,14440,480,31280
FINNIFTY02JAN2419700PE.NFO,02/01/2024,09:55:52,0.2,0.2,22280,0.25,14360,200,31280
FINNIFTY02JAN2419700PE.NFO,02/01/2024,09:56:04,0.2,0.2,21600,0.25,14360,680,31280
FINNIFTY02JAN2419700PE.NFO,02/01/2024,09:56:16,0.2,0.2,21600,0.25,14080,0,31280
FINNIFTY02JAN2419700PE.NFO,02/01/2024,09:56:53,0.2,0.2,17040,0.25,10800,1440,31280
FINNIFTY02JAN2419700PE.NFO,02/01/2024,09:57:05,0.2,0.2,21000,0.25,10800,0,31280
FINNIFTY02JAN2419700PE.NFO,02/01/2024,09:57:18,0.2,0.2,21000,0.25,15280,0,31280
FINNIFTY02JAN2419700PE.NFO,02/01/2024,09:57:30,0.2,0.2,16840,0.25,12160,0,31280
FINNIFTY02JAN2419700PE.NFO,02/01/2024,09:57:54,0.2,0.2,20600,0.25,15040,200,31280
FINNIFTY02JAN2419700PE.NFO,02/01/2024,09:58:05,0.2,0.2,20400,0.25,15120,200,31280
FINNIFTY02JAN2419700PE.NFO,02/01/2024,09:58:16,0.2,0.2,20400,0.25,15120,0,31280
FINNIFTY02JAN2419700PE.NFO,02/01/2024,09:58:28,0.2,0.2,20200,0.25,15120,200,31280
FINNIFTY02JAN2419700PE.NFO,02/01/2024,09:58:41,0.2,0.2,19280,0.25,12280,0,31280
FINNIFTY02JAN2419700PE.NFO,02/01/2024,09:58:51,0.2,0.2,20200,0.25,12240,0,31280
FINNIFTY02JAN2419700PE.NFO,02/01/2024,09:59:02,0.2,0.2,20200,0.25,15120,0,31280
FINNIFTY02JAN2419700PE.NFO,02/01/2024,09:59:13,0.2,0.2,20200,0.25,15080,0,31280
FINNIFTY02JAN2419700PE.NFO,02/01/2024,09:59:25,0.2,0.2,16240,0.25,15040,0,31280
FINNIFTY02JAN2419700PE.NFO,02/01/2024,09:59:37,0.2,0.2,20200,0.25,15040,0,31280
FINNIFTY02JAN2419700PE.NFO,02/01/2024,09:59:59,0.2,0.2,20080,0.25,15040,120,32160
FINNIFTY02JAN2419700PE.NFO,02/01/2024,10:00:10,0.25,0.2,19880,0.25,14920,280,32160
FINNIFTY02JAN2419700PE.NFO,02/01/2024,10:00:22,0.2,0.2,19680,0.25,14920,200,32160
FINNIFTY02JAN2419700PE.NFO,02/01/2024,10:00:35,0.2,0.2,19680,0.25,14920,0,32160
FINNIFTY02JAN2419700PE.NFO,02/01/2024,10:00:47,0.2,0.2,20640,0.25,14840,0,32160
FINNIFTY02JAN2419700PE.NFO,02/01/2024,10:01:08,0.2,0.2,38720,0.25,16040,0,32160
FINNIFTY02JAN2419700PE.NFO,02/01/2024,10:01:19,0.2,0.2,34280,0.25,16040,0,32160
FINNIFTY02JAN2419700PE.NFO,02/01/2024,10:01:30,0.2,0.2,33520,0.25,15680,0,32160
FINNIFTY02JAN2419700PE.NFO,02/01/2024,10:01:52,0.2,0.2,30120,0.25,15920,0,32160
FINNIFTY02JAN2419700PE.NFO,02/01/2024,10:02:02,0.2,0.2,30280,0.25,15920,0,32160
FINNIFTY02JAN2419700PE.NFO,02/01/2024,10:02:23,0.2,0.2,30240,0.25,15920,0,32160
FINNIFTY02JAN2419700PE.NFO,02/01/2024,10:03:27,0.2,0.2,30200,0.25,15920,0,32160
FINNIFTY02JAN2419700PE.NFO,02/01/2024,10:03:50,0.2,0.2,30200,0.25,17040,0,32160
FINNIFTY02JAN2419700PE.NFO,02/01/2024,10:04:00,0.2,0.2,16040,0.25,17120,0,32160
FINNIFTY02JAN2419700PE.NFO,02/01/2024,10:04:10,0.2,0.2,16320,0.25,17120,200,32480
FINNIFTY02JAN2419700PE.NFO,02/01/2024,10:04:21,0.2,0.2,16360,0.25,17120,0,32480
FINNIFTY02JAN2419700PE.NFO,02/01/2024,10:04:30,0.2,0.2,16160,0.25,17120,200,32480
FINNIFTY02JAN2419700PE.NFO,02/01/2024,10:04:41,0.2,0.2,14160,0.25,17120,0,32480
FINNIFTY02JAN2419700PE.NFO,02/01/2024,10:04:52,0.2,0.2,14040,0.25,17040,0,32480
FINNIFTY02JAN2419700PE.NFO,02/01/2024,10:05:02,0.2,0.2,13840,0.25,17120,440,32480
FINNIFTY02JAN2419700PE.NFO,02/01/2024,10:05:12,0.2,0.2,14160,0.25,17120,0,32480
FINNIFTY02JAN2419700PE.NFO,02/01/2024,10:05:23,0.2,0.2,13960,0.25,17040,200,32480
FINNIFTY02JAN2419700PE.NFO,02/01/2024,10:05:43,0.2,0.2,13800,0.25,17120,0,32480
FINNIFTY02JAN2419700PE.NFO,02/01/2024,10:06:23,0.2,0.2,13760,0.25,17120,40,32440
FINNIFTY02JAN2419700PE.NFO,02/01/2024,10:07:37,0.2,0.2,13760,0.25,17120,0,32440
FINNIFTY02JAN2419700PE.NFO,02/01/2024,10:08:08,0.2,0.2,15120,0.25,17120,0,32440
FINNIFTY02JAN2419700PE.NFO,02/01/2024,10:09:37,0.2,0.2,15080,0.25,17120,0,32440
FINNIFTY02JAN2419700PE.NFO,02/01/2024,10:09:57,0.2,0.2,14680,0.25,17120,0,32440
FINNIFTY02JAN2419700PE.NFO,02/01/2024,10:10:07,0.2,0.2,14720,0.25,17040,0,32440
FINNIFTY02JAN2419700PE.NFO,02/01/2024,10:10:26,0.2,0.2,14680,0.25,17040,0,32440
FINNIFTY02JAN2419700PE.NFO,02/01/2024,10:10:36,0.2,0.2,14640,0.25,17040,40,32400
FINNIFTY02JAN2419700PE.NFO,02/01/2024,10:10:56,0.2,0.2,8640,0.25,18640,0,32400
FINNIFTY02JAN2419700PE.NFO,02/01/2024,10:11:06,0.2,0.2,9360,0.25,18640,0,32400
FINNIFTY02JAN2419700PE.NFO,02/01/2024,10:12:13,0.2,0.2,9320,0.25,18640,0,32400
FINNIFTY02JAN2419700PE.NFO,02/01/2024,10:12:42,0.2,0.2,8120,0.25,17440,1200,32360
FINNIFTY02JAN2419700PE.NFO,02/01/2024,10:13:14,0.2,0.2,8120,0.25,17440,0,32360
FINNIFTY02JAN2419700PE.NFO,02/01/2024,10:14:45,0.25,0.2,8120,0.25,17240,200,31160
FINNIFTY02JAN2419700PE.NFO,02/01/2024,10:14:54,0.25,0.2,7720,0.25,17320,0,31160
FINNIFTY02JAN2419700PE.NFO,02/01/2024,10:15:04,0.25,0.2,7720,0.25,16440,800,31160
FINNIFTY02JAN2419700PE.NFO,02/01/2024,10:15:14,0.25,0.2,7680,0.25,17240,0,31160
FINNIFTY02JAN2419700PE.NFO,02/01/2024,10:16:03,0.25,0.2,8240,0.25,18640,3360,31160
FINNIFTY02JAN2419700PE.NFO,02/01/2024,10:16:13,0.25,0.2,8240,0.25,21680,0,31160
FINNIFTY02JAN2419700PE.NFO,02/01/2024,10:16:23,0.2,0.2,2280,0.25,22440,7320,31160
FINNIFTY02JAN2419700PE.NFO,02/01/2024,10:16:33,0.2,0.2,1920,0.25,22320,360,31160
FINNIFTY02JAN2419700PE.NFO,02/01/2024,10:16:52,0.15,0.15,21160,0.2,1520,3800,31160
FINNIFTY02JAN2419700PE.NFO,02/01/2024,10:16:52,0.15,0.15,21160,0.2,1520,0,31160
FINNIFTY02JAN2419700PE.NFO,02/01/2024,10:17:02,0.15,0.15,20320,0.2,1520,840,31160
FINNIFTY02JAN2419700PE.NFO,02/01/2024,10:17:12,0.15,0.15,18760,0.2,7760,1560,31160
FINNIFTY02JAN2419700PE.NFO,02/01/2024,10:17:32,0.15,0.15,18760,0.2,7760,0,31160
FINNIFTY02JAN2419700PE.NFO,02/01/2024,10:18:01,0.15,0.15,17040,0.2,7600,1800,31360
FINNIFTY02JAN2419700PE.NFO,02/01/2024,10:18:10,0.15,0.15,17040,0.2,7680,0,31360
FINNIFTY02JAN2419700PE.NFO,02/01/2024,10:18:20,0.15,0.15,15600,0.2,7680,1440,31360
FINNIFTY02JAN2419700PE.NFO,02/01/2024,10:18:30,0.15,0.15,9840,0.2,12120,0,31360
FINNIFTY02JAN2419700PE.NFO,02/01/2024,10:18:49,0.15,0.15,11040,0.2,12120,0,31360
FINNIFTY02JAN2419700PE.NFO,02/01/2024,10:18:58,0.15,0.15,10920,0.2,12080,120,31360
FINNIFTY02JAN2419700PE.NFO,02/01/2024,10:19:08,0.2,0.15,9720,0.2,10880,1200,31360
FINNIFTY02JAN2419700PE.NFO,02/01/2024,10:19:55,0.2,0.15,9720,0.2,10680,200,31360
FINNIFTY02JAN2419700PE.NFO,02/01/2024,10:20:04,0.2,0.15,9720,0.2,10560,200,31360
FINNIFTY02JAN2419700PE.NFO,02/01/2024,10:20:33,0.2,0.15,9720,0.2,12320,0,31360
FINNIFTY02JAN2419700PE.NFO,02/01/2024,10:22:01,0.2,0.15,9720,0.2,12640,2560,31080
FINNIFTY02JAN2419700PE.NFO,02/01/2024,10:22:11,0.2,0.15,9720,0.2,18680,120,31080
FINNIFTY02JAN2419700PE.NFO,02/01/2024,10:22:21,0.2,0.15,9720,0.2,17960,0,31080
FINNIFTY02JAN2419700PE.NFO,02/01/2024,10:22:31,0.2,0.15,9720,0.2,18720,0,31080
FINNIFTY02JAN2419700PE.NFO,02/01/2024,10:22:41,0.2,0.15,9720,0.2,18680,0,31080
FINNIFTY02JAN2419700PE.NFO,02/01/2024,10:25:15,0.2,0.15,9720,0.2,18840,0,31080
FINNIFTY02JAN2419700PE.NFO,02/01/2024,10:25:57,0.2,0.15,9960,0.2,18240,680,31080
FINNIFTY02JAN2419700PE.NFO,02/01/2024,10:26:07,0.2,0.15,9960,0.2,17480,680,31080
FINNIFTY02JAN2419700PE.NFO,02/01/2024,10:26:31,0.2,0.15,9960,0.2,17320,160,31080
FINNIFTY02JAN2419700PE.NFO,02/01/2024,10:26:42,0.2,0.15,9960,0.2,12240,1560,31560
FINNIFTY02JAN2419700PE.NFO,02/01/2024,10:26:54,0.2,0.15,9960,0.2,12400,280,31560
FINNIFTY02JAN2419700PE.NFO,02/01/2024,10:27:05,0.2,0.15,9880,0.2,12000,0,31560
FINNIFTY02JAN2419700PE.NFO,02/01/2024,10:27:16,0.15,0.15,9480,0.2,12080,400,31560
FINNIFTY02JAN2419700PE.NFO,02/01/2024,10:27:27,0.15,0.15,8040,0.2,11960,1440,31560
FINNIFTY02JAN2419700PE.NFO,02/01/2024,10:27:37,0.15,0.15,7120,0.2,13160,1000,31560
FINNIFTY02JAN2419700PE.NFO,02/01/2024,10:27:47,0.15,0.15,7080,0.2,13240,40,31560
FINNIFTY02JAN2419700PE.NFO,02/01/2024,10:28:08,0.2,0.15,6360,0.2,14880,800,31560
FINNIFTY02JAN2419700PE.NFO,02/01/2024,10:28:18,0.15,0.15,6200,0.2,14880,160,31560
FINNIFTY02JAN2419700PE.NFO,02/01/2024,10:29:08,0.15,0.15,6120,0.2,14800,80,31560
FINNIFTY02JAN2419700PE.NFO,02/01/2024,10:29:18,0.15,0.15,6120,0.2,14800,0,31560
FINNIFTY02JAN2419700PE.NFO,02/01/2024,10:29:28,0.2,0.15,6120,0.2,14520,280,31560
FINNIFTY02JAN2419700PE.NFO,02/01/2024,10:29:38,0.2,0.15,6120,0.2,14520,0,31560
FINNIFTY02JAN2419700PE.NFO,02/01/2024,10:30:22,0.2,0.15,6120,0.2,14440,80,32120
FINNIFTY02JAN2419700PE.NFO,02/01/2024,10:30:34,0.2,0.15,6120,0.2,14440,80,32120
FINNIFTY02JAN2419700PE.NFO,02/01/2024,10:31:55,0.2,0.15,6120,0.2,14360,80,32120
FINNIFTY02JAN2419700PE.NFO,02/01/2024,10:32:05,0.2,0.15,6120,0.2,12720,360,32120
FINNIFTY02JAN2419700PE.NFO,02/01/2024,10:36:03,0.2,0.15,6120,0.2,12440,200,32120
FINNIFTY02JAN2419700PE.NFO,02/01/2024,10:36:50,0.15,0.15,5800,0.2,12880,400,32120
FINNIFTY02JAN2419700PE.NFO,02/01/2024,10:37:01,0.2,0.15,5800,0.2,12800,80,32120
FINNIFTY02JAN2419700PE.NFO,02/01/2024,10:37:13,0.2,0.15,5720,0.2,12800,0,32120
FINNIFTY02JAN2419700PE.NFO,02/01/2024,10:37:25,0.2,0.15,5760,0.2,12800,0,32120
FINNIFTY02JAN2419700PE.NFO,02/01/2024,10:37:36,0.2,0.15,5720,0.2,12800,0,32120
FINNIFTY02JAN2419700PE.NFO,02/01/2024,10:37:46,0.2,0.15,5760,0.2,12800,0,32120
FINNIFTY02JAN2419700PE.NFO,02/01/2024,10:38:17,0.2,0.15,5720,0.2,12800,0,32120
FINNIFTY02JAN2419700PE.NFO,02/01/2024,10:40:38,0.2,0.15,5720,0.2,12600,0,32120
FINNIFTY02JAN2419700PE.NFO,02/01/2024,10:40:48,0.2,0.15,5720,0.2,12800,0,32120
FINNIFTY02JAN2419700PE.NFO,02/01/2024,10:40:59,0.2,0.15,5720,0.2,8400,5800,32440
FINNIFTY02JAN2419700PE.NFO,02/01/2024,10:41:10,0.15,0.15,5320,0.2,8400,400,32440
FINNIFTY02JAN2419700PE.NFO,02/01/2024,10:42:14,0.15,0.15,5200,0.2,8800,120,28800
FINNIFTY02JAN2419700PE.NFO,02/01/2024,10:42:34,0.2,0.15,5200,0.2,4800,4000,28800
FINNIFTY02JAN2419700PE.NFO,02/01/2024,10:42:45,0.2,0.15,13840,0.2,1800,3000,28800
FINNIFTY02JAN2419700PE.NFO,02/01/2024,10:44:09,0.2,0.15,16720,0.2,1600,200,28800
FINNIFTY02JAN2419700PE.NFO,02/01/2024,10:44:40,0.2,0.15,16720,0.2,1400,200,28800
FINNIFTY02JAN2419700PE.NFO,02/01/2024,10:44:51,0.2,0.15,16680,0.2,1400,0,28800
FINNIFTY02JAN2419700PE.NFO,02/01/2024,10:46:41,0.2,0.15,16680,0.2,1360,40,30680
FINNIFTY02JAN2419700PE.NFO,02/01/2024,10:46:51,0.2,0.15,16680,0.2,2040,200,30680
FINNIFTY02JAN2419700PE.NFO,02/01/2024,10:47:22,0.2,0.15,16080,0.2,2040,0,30680
FINNIFTY02JAN2419700PE.NFO,02/01/2024,10:47:32,0.2,0.15,16080,0.2,1840,200,30680
FINNIFTY02JAN2419700PE.NFO,02/01/2024,10:47:53,0.2,0.15,16080,0.2,1840,0,30680
FINNIFTY02JAN2419700PE.NFO,02/01/2024,10:48:24,0.2,0.15,16080,0.2,2120,0,30680
FINNIFTY02JAN2419700PE.NFO,02/01/2024,10:49:13,0.2,0.15,26080,0.2,2120,0,30680
FINNIFTY02JAN2419700PE.NFO,02/01/2024,10:55:55,0.15,0.15,28680,0.2,2320,200,30720
FINNIFTY02JAN2419700PE.NFO,02/01/2024,11:00:07,0.15,0.15,28280,0.2,2320,400,30920
FINNIFTY02JAN2419700PE.NFO,02/01/2024,11:00:16,0.15,0.15,28280,0.2,2840,0,30920
FINNIFTY02JAN2419700PE.NFO,02/01/2024,11:02:58,0.15,0.15,27880,0.2,2840,400,31320
FINNIFTY02JAN2419700PE.NFO,02/01/2024,11:03:08,0.15,0.15,27880,0.2,2920,0,31320
FINNIFTY02JAN2419700PE.NFO,02/01/2024,11:03:17,0.15,0.15,27480,0.2,2920,400,31320
FINNIFTY02JAN2419700PE.NFO,02/01/2024,11:04:12,0.15,0.15,27280,0.2,2920,200,31320
FINNIFTY02JAN2419700PE.NFO,02/01/2024,11:07:48,0.15,0.15,27280,0.2,2920,0,31320
FINNIFTY02JAN2419700PE.NFO,02/01/2024,11:09:21,0.15,0.15,26880,0.2,3880,400,31400
FINNIFTY02JAN2419700PE.NFO,02/01/2024,11:09:39,0.15,0.15,26480,0.2,3880,400,31400
FINNIFTY02JAN2419700PE.NFO,02/01/2024,11:09:58,0.15,0.15,29160,0.2,2400,400,31400
FINNIFTY02JAN2419700PE.NFO,02/01/2024,11:10:17,0.15,0.15,27320,0.2,2400,0,31400
FINNIFTY02JAN2419700PE.NFO,02/01/2024,11:10:26,0.15,0.15,29160,0.2,2560,0,31400
FINNIFTY02JAN2419700PE.NFO,02/01/2024,11:10:35,0.15,0.15,28960,0.2,4280,200,31400
FINNIFTY02JAN2419700PE.NFO,02/01/2024,11:10:53,0.15,0.15,28760,0.2,2240,200,31400
FINNIFTY02JAN2419700PE.NFO,02/01/2024,11:11:03,0.15,0.15,28560,0.2,4520,200,31400
FINNIFTY02JAN2419700PE.NFO,02/01/2024,11:11:12,0.15,0.15,28560,0.2,2720,0,31400
FINNIFTY02JAN2419700PE.NFO,02/01/2024,11:11:21,0.15,0.15,26720,0.2,2720,0,31400
FINNIFTY02JAN2419700PE.NFO,02/01/2024,11:11:30,0.15,0.15,19680,0.2,12080,0,31400
FINNIFTY02JAN2419700PE.NFO,02/01/2024,11:11:40,0.15,0.15,19480,0.2,12080,200,31400
FINNIFTY02JAN2419700PE.NFO,02/01/2024,11:12:07,0.2,0.15,19480,0.2,10000,200,32360
FINNIFTY02JAN2419700PE.NFO,02/01/2024,11:12:43,0.15,0.15,19280,0.2,12000,200,32360
FINNIFTY02JAN2419700PE.NFO,02/01/2024,11:12:52,0.15,0.15,23360,0.2,11800,400,32360
FINNIFTY02JAN2419700PE.NFO,02/01/2024,11:13:01,0.15,0.15,23160,0.2,9800,0,32360
FINNIFTY02JAN2419700PE.NFO,02/01/2024,11:13:11,0.15,0.15,23160,0.2,8840,0,32360
FINNIFTY02JAN2419700PE.NFO,02/01/2024,11:13:30,0.15,0.15,21320,0.2,8840,0,32360
FINNIFTY02JAN2419700PE.NFO,02/01/2024,11:13:51,0.15,0.15,21120,0.2,11440,200,32360
FINNIFTY02JAN2419700PE.NFO,02/01/2024,11:14:00,0.15,0.15,23240,0.2,11440,0,32360
FINNIFTY02JAN2419700PE.NFO,02/01/2024,11:14:19,0.15,0.15,23280,0.2,11440,0,32360
FINNIFTY02JAN2419700PE.NFO,02/01/2024,11:14:29,0.15,0.15,23160,0.2,11440,200,32360
FINNIFTY02JAN2419700PE.NFO,02/01/2024,11:14:47,0.15,0.15,23160,0.2,11760,0,32360
FINNIFTY02JAN2419700PE.NFO,02/01/2024,11:15:07,0.15,0.15,22880,0.2,9640,0,32360
FINNIFTY02JAN2419700PE.NFO,02/01/2024,11:15:17,0.2,0.15,22880,0.2,8960,200,32760
FINNIFTY02JAN2419700PE.NFO,02/01/2024,11:15:48,0.2,0.15,22880,0.2,8760,200,32760
FINNIFTY02JAN2419700PE.NFO,02/01/2024,11:16:08,0.2,0.15,22880,0.2,8560,200,32760
FINNIFTY02JAN2419700PE.NFO,02/01/2024,11:16:27,0.2,0.15,22880,0.2,11040,200,32760
FINNIFTY02JAN2419700PE.NFO,02/01/2024,11:18:30,0.2,0.15,22880,0.2,11040,0,32760
FINNIFTY02JAN2419700PE.NFO,02/01/2024,11:20:37,0.2,0.15,22880,0.2,8920,1680,31960
FINNIFTY02JAN2419700PE.NFO,02/01/2024,11:20:46,0.2,0.15,23160,0.2,1720,7200,31960
FINNIFTY02JAN2419700PE.NFO,02/01/2024,11:20:56,0.2,0.15,24120,0.2,880,840,24440
FINNIFTY02JAN2419700PE.NFO,02/01/2024,11:22:50,0.2,0.15,24120,0.2,720,160,24440
FINNIFTY02JAN2419700PE.NFO,02/01/2024,11:23:08,0.15,0.15,21680,0.25,4240,200,24440
FINNIFTY02JAN2419700PE.NFO,02/01/2024,11:25:08,0.15,0.15,21680,0.2,4960,0,24440
FINNIFTY02JAN2419700PE.NFO,02/01/2024,11:25:16,0.15,0.15,21680,0.2,5000,0,24440
FINNIFTY02JAN2419700PE.NFO,02/01/2024,11:26:13,0.15,0.15,21480,0.2,5200,200,24800
FINNIFTY02JAN2419700PE.NFO,02/01/2024,11:26:41,0.15,0.15,21400,0.2,5200,0,24800
FINNIFTY02JAN2419700PE.NFO,02/01/2024,11:27:27,0.15,0.15,21480,0.2,5200,0,24800
FINNIFTY02JAN2419700PE.NFO,02/01/2024,11:27:36,0.15,0.15,21280,0.2,5200,200,25000
FINNIFTY02JAN2419700PE.NFO,02/01/2024,11:27:45,0.15,0.15,21280,0.2,5600,0,25000
FINNIFTY02JAN2419700PE.NFO,02/01/2024,11:29:26,0.15,0.15,20880,0.2,5600,400,25000
FINNIFTY02JAN2419700PE.NFO,02/01/2024,11:29:35,0.15,0.15,20880,0.2,5800,0,25000
FINNIFTY02JAN2419700PE.NFO,02/01/2024,11:29:53,0.15,0.15,20800,0.2,5800,0,25000
FINNIFTY02JAN2419700PE.NFO,02/01/2024,11:33:03,0.15,0.15,21400,0.2,5320,0,25000
FINNIFTY02JAN2419700PE.NFO,02/01/2024,11:33:29,0.15,0.15,21200,0.2,5320,200,25600
FINNIFTY02JAN2419700PE.NFO,02/01/2024,11:34:22,0.15,0.15,21200,0.2,5320,0,25600
FINNIFTY02JAN2419700PE.NFO,02/01/2024,11:34:32,0.15,0.15,21000,0.2,5320,200,25600
FINNIFTY02JAN2419700PE.NFO,02/01/2024,11:35:08,0.15,0.15,21000,0.2,5720,0,25600
FINNIFTY02JAN2419700PE.NFO,02/01/2024,11:35:26,0.15,0.15,20800,0.2,5720,200,25600
FINNIFTY02JAN2419700PE.NFO,02/01/2024,11:36:30,0.15,0.15,20600,0.2,6120,200,26200
FINNIFTY02JAN2419700PE.NFO,02/01/2024,11:36:49,0.15,0.15,20600,0.2,6120,0,26200
FINNIFTY02JAN2419700PE.NFO,02/01/2024,11:39:11,0.15,0.15,20200,0.2,6120,400,26400
FINNIFTY02JAN2419700PE.NFO,02/01/2024,11:39:39,0.15,0.15,20200,0.2,6120,0,26400
FINNIFTY02JAN2419700PE.NFO,02/01/2024,11:41:49,0.15,0.15,20200,0.2,6600,0,26400
FINNIFTY02JAN2419700PE.NFO,02/01/2024,11:42:38,0.2,0.15,20200,0.2,6120,400,26800
FINNIFTY02JAN2419700PE.NFO,02/01/2024,11:43:43,0.2,0.15,20200,0.2,5720,400,26800
FINNIFTY02JAN2419700PE.NFO,02/01/2024,11:44:03,0.2,0.15,20200,0.2,5400,400,26800
FINNIFTY02JAN2419700PE.NFO,02/01/2024,11:45:35,0.2,0.15,20200,0.2,5400,0,26800
FINNIFTY02JAN2419700PE.NFO,02/01/2024,11:45:45,0.15,0.15,20000,0.2,5320,200,25600
FINNIFTY02JAN2419700PE.NFO,02/01/2024,11:45:54,0.15,0.15,19320,0.2,5520,680,25600
FINNIFTY02JAN2419700PE.NFO,02/01/2024,11:46:03,0.15,0.15,19120,0.2,5520,200,25600
FINNIFTY02JAN2419700PE.NFO,02/01/2024,11:46:13,0.15,0.15,18880,0.2,5600,240,25600
FINNIFTY02JAN2419700PE.NFO,02/01/2024,11:46:22,0.15,0.15,18680,0.2,6960,200,25600
FINNIFTY02JAN2419700PE.NFO,02/01/2024,11:46:32,0.15,0.15,18680,0.2,6840,0,25600
FINNIFTY02JAN2419700PE.NFO,02/01/2024,11:46:41,0.15,0.15,18080,0.2,6840,600,25600
FINNIFTY02JAN2419700PE.NFO,02/01/2024,11:51:41,0.15,0.15,17880,0.2,7440,200,27720
FINNIFTY02JAN2419700PE.NFO,02/01/2024,11:52:36,0.15,0.15,17680,0.2,7640,200,27720
FINNIFTY02JAN2419700PE.NFO,02/01/2024,11:52:45,0.15,0.15,17680,0.2,7640,0,27720
FINNIFTY02JAN2419700PE.NFO,02/01/2024,11:53:03,0.15,0.15,17680,0.2,7840,0,27720
FINNIFTY02JAN2419700PE.NFO,02/01/2024,11:57:00,0.15,0.15,7680,0.2,7840,0,27720
FINNIFTY02JAN2419700PE.NFO,02/01/2024,11:57:09,0.15,0.15,5920,0.2,7840,0,27720
FINNIFTY02JAN2419700PE.NFO,02/01/2024,11:57:35,0.15,0.15,5200,0.2,7840,0,27720
FINNIFTY02JAN2419700PE.NFO,02/01/2024,11:57:44,0.15,0.15,5200,0.2,7920,0,27720
FINNIFTY02JAN2419700PE.NFO,02/01/2024,12:00:48,0.15,0.15,5000,0.2,7920,200,28120
FINNIFTY02JAN2419700PE.NFO,02/01/2024,12:02:18,0.15,0.15,5000,0.2,7920,0,28120
FINNIFTY02JAN2419700PE.NFO,02/01/2024,12:03:01,0.2,0.15,5000,0.2,7320,1000,28120
FINNIFTY02JAN2419700PE.NFO,02/01/2024,12:03:10,0.15,0.15,4800,0.2,7320,200,28120
FINNIFTY02JAN2419700PE.NFO,02/01/2024,12:03:19,0.15,0.15,4800,0.2,7320,0,28120
FINNIFTY02JAN2419700PE.NFO,02/01/2024,12:04:21,0.15,0.15,4800,0.2,7160,0,28120
FINNIFTY02JAN2419700PE.NFO,02/01/2024,12:04:31,0.15,0.15,4800,0.2,7320,0,28120
FINNIFTY02JAN2419700PE.NFO,02/01/2024,12:05:16,0.15,0.15,3800,0.2,7320,1000,28120
FINNIFTY02JAN2419700PE.NFO,02/01/2024,12:05:43,0.15,0.15,3800,0.2,7320,0,28120
FINNIFTY02JAN2419700PE.NFO,02/01/2024,12:09:19,0.15,0.15,3760,0.2,7320,40,27880
FINNIFTY02JAN2419700PE.NFO,02/01/2024,12:09:36,0.15,0.15,3720,0.2,7320,40,27880
FINNIFTY02JAN2419700PE.NFO,02/01/2024,12:10:20,0.15,0.15,3720,0.2,7320,0,27880
FINNIFTY02JAN2419700PE.NFO,02/01/2024,12:13:02,0.15,0.15,3720,0.2,7280,0,27880
FINNIFTY02JAN2419700PE.NFO,02/01/2024,12:13:28,0.2,0.15,3720,0.2,7200,80,27800
FINNIFTY02JAN2419700PE.NFO,02/01/2024,12:14:36,0.2,0.15,3720,0.2,7200,0,27800
FINNIFTY02JAN2419700PE.NFO,02/01/2024,12:17:10,0.2,0.15,3720,0.2,6920,240,27880
FINNIFTY02JAN2419700PE.NFO,02/01/2024,12:17:41,0.2,0.15,3720,0.2,6600,400,27880
FINNIFTY02JAN2419700PE.NFO,02/01/2024,12:18:28,0.2,0.15,3720,0.2,6440,160,27880
FINNIFTY02JAN2419700PE.NFO,02/01/2024,12:21:21,0.2,0.15,3720,0.2,6400,200,28040
FINNIFTY02JAN2419700PE.NFO,02/01/2024,12:24:44,0.15,0.15,3640,0.2,6600,80,28040
FINNIFTY02JAN2419700PE.NFO,02/01/2024,12:24:53,0.15,0.15,3440,0.2,6600,200,28040
FINNIFTY02JAN2419700PE.NFO,02/01/2024,12:25:11,0.15,0.15,3440,0.2,6600,0,28040
FINNIFTY02JAN2419700PE.NFO,02/01/2024,12:27:49,0.15,0.15,3440,0.2,6640,0,28040
FINNIFTY02JAN2419700PE.NFO,02/01/2024,12:31:15,0.15,0.15,3440,0.2,6520,0,28040
FINNIFTY02JAN2419700PE.NFO,02/01/2024,12:38:11,0.2,0.15,3440,0.2,6440,200,28040
FINNIFTY02JAN2419700PE.NFO,02/01/2024,12:38:39,0.2,0.15,3440,0.2,6240,200,28040
FINNIFTY02JAN2419700PE.NFO,02/01/2024,12:40:04,0.2,0.15,3440,0.2,6040,200,28040
FINNIFTY02JAN2419700PE.NFO,02/01/2024,12:40:22,0.2,0.15,3440,0.2,6080,0,28040
FINNIFTY02JAN2419700PE.NFO,02/01/2024,12:45:12,0.2,0.15,3440,0.2,5880,200,28040
FINNIFTY02JAN2419700PE.NFO,02/01/2024,12:45:55,0.15,0.15,3400,0.2,5880,40,28040
FINNIFTY02JAN2419700PE.NFO,02/01/2024,12:48:09,0.2,0.15,4040,0.2,5680,200,28040
FINNIFTY02JAN2419700PE.NFO,02/01/2024,12:48:17,0.2,0.15,4040,0.2,5480,200,28040
FINNIFTY02JAN2419700PE.NFO,02/01/2024,12:48:53,0.15,0.15,2240,0.2,6200,1800,28040
FINNIFTY02JAN2419700PE.NFO,02/01/2024,12:49:02,0.15,0.15,440,0.2,6200,1800,28040
FINNIFTY02JAN2419700PE.NFO,02/01/2024,12:50:39,0.2,0.15,1320,0.2,5800,200,28040
FINNIFTY02JAN2419700PE.NFO,02/01/2024,12:51:34,0.2,0.15,1400,0.2,5680,200,24240
FINNIFTY02JAN2419700PE.NFO,02/01/2024,12:51:52,0.15,0.1,42240,0.2,5320,1440,24240
FINNIFTY02JAN2419700PE.NFO,02/01/2024,12:55:27,0.15,0.1,42200,0.15,1520,80,24040
FINNIFTY02JAN2419700PE.NFO,02/01/2024,12:55:27,0.1,0.1,42200,0.15,1520,0,24040
FINNIFTY02JAN2419700PE.NFO,02/01/2024,12:55:36,0.15,0.1,38080,0.15,2280,0,24040
FINNIFTY02JAN2419700PE.NFO,02/01/2024,12:55:44,0.15,0.1,38080,0.15,2320,0,24040
FINNIFTY02JAN2419700PE.NFO,02/01/2024,12:56:19,0.15,0.1,38080,0.15,2000,240,24040
FINNIFTY02JAN2419700PE.NFO,02/01/2024,12:56:28,0.15,0.1,38080,0.15,1400,200,24040
FINNIFTY02JAN2419700PE.NFO,02/01/2024,12:57:01,0.15,0.1,38080,0.15,1200,200,24040
FINNIFTY02JAN2419700PE.NFO,02/01/2024,12:58:02,0.15,0.1,38080,0.15,1000,200,24240
FINNIFTY02JAN2419700PE.NFO,02/01/2024,12:58:20,0.15,0.1,38080,0.15,7040,0,24240
FINNIFTY02JAN2419700PE.NFO,02/01/2024,12:58:39,0.1,0.1,36320,0.15,7360,80,24240
FINNIFTY02JAN2419700PE.NFO,02/01/2024,12:58:48,0.1,0.1,36160,0.15,7360,160,24240
FINNIFTY02JAN2419700PE.NFO,02/01/2024,13:00:41,0.1,0.1,36160,0.15,7440,520,24280
FINNIFTY02JAN2419700PE.NFO,02/01/2024,13:01:24,0.1,0.1,28960,0.15,7520,0,24280
FINNIFTY02JAN2419700PE.NFO,02/01/2024,13:01:42,0.15,0.1,29160,0.15,7040,400,24280
FINNIFTY02JAN2419700PE.NFO,02/01/2024,13:02:37,0.15,0.1,29200,0.15,7040,0,24280
FINNIFTY02JAN2419700PE.NFO,02/01/2024,13:03:06,0.15,0.1,29600,0.15,6840,200,24600
FINNIFTY02JAN2419700PE.NFO,02/01/2024,13:03:53,0.15,0.1,29800,0.15,6800,1000,24600
FINNIFTY02JAN2419700PE.NFO,02/01/2024,13:04:04,0.1,0.1,29640,0.15,6800,160,24600
FINNIFTY02JAN2419700PE.NFO,02/01/2024,13:04:15,0.1,0.1,29680,0.15,6800,0,24600
FINNIFTY02JAN2419700PE.NFO,02/01/2024,13:07:35,0.1,0.1,26080,0.15,6800,0,24600
FINNIFTY02JAN2419700PE.NFO,02/01/2024,13:11:48,0.1,0.1,25560,0.15,6600,720,23760
FINNIFTY02JAN2419700PE.NFO,02/01/2024,13:13:23,0.1,0.1,12960,0.15,6600,0,23760
FINNIFTY02JAN2419700PE.NFO,02/01/2024,13:14:40,0.15,0.1,12960,0.15,6400,200,24080
FINNIFTY02JAN2419700PE.NFO,02/01/2024,13:14:57,0.15,0.1,12960,0.15,6400,0,24080
FINNIFTY02JAN2419700PE.NFO,02/01/2024,13:17:58,0.15,0.1,13120,0.15,6200,200,23880
FINNIFTY02JAN2419700PE.NFO,02/01/2024,13:18:22,0.15,0.1,13120,0.15,6200,0,23880
FINNIFTY02JAN2419700PE.NFO,02/01/2024,13:21:30,0.1,0.1,12000,0.15,7320,1120,23680
FINNIFTY02JAN2419700PE.NFO,02/01/2024,13:24:21,0.1,0.1,12000,0.15,7200,0,23680
FINNIFTY02JAN2419700PE.NFO,02/01/2024,13:25:15,0.1,0.1,12040,0.15,7200,0,23680
FINNIFTY02JAN2419700PE.NFO,02/01/2024,13:26:52,0.1,0.1,12040,0.15,7320,0,23680
FINNIFTY02JAN2419700PE.NFO,02/01/2024,13:30:51,0.1,0.1,10240,0.15,7400,0,23680
FINNIFTY02JAN2419700PE.NFO,02/01/2024,13:31:36,0.1,0.1,10160,0.15,7400,0,23680
FINNIFTY02JAN2419700PE.NFO,02/01/2024,13:33:50,0.1,0.1,10120,0.15,7320,0,23680
FINNIFTY02JAN2419700PE.NFO,02/01/2024,13:34:00,0.15,0.1,10120,0.15,7120,200,24800
FINNIFTY02JAN2419700PE.NFO,02/01/2024,13:35:22,0.15,0.1,10120,0.15,6800,400,24800
FINNIFTY02JAN2419700PE.NFO,02/01/2024,13:36:24,0.15,0.1,10120,0.15,6800,0,24800
FINNIFTY02JAN2419700PE.NFO,02/01/2024,13:37:20,0.15,0.1,10160,0.15,6800,0,24800
FINNIFTY02JAN2419700PE.NFO,02/01/2024,13:47:09,0.15,0.1,10160,0.15,6520,200,24200
FINNIFTY02JAN2419700PE.NFO,02/01/2024,13:48:00,0.15,0.1,9880,0.15,4400,0,24200
FINNIFTY02JAN2419700PE.NFO,02/01/2024,13:48:09,0.15,0.1,7600,0.15,4400,0,24200
FINNIFTY02JAN2419700PE.NFO,02/01/2024,13:48:26,0.15,0.1,9920,0.15,4200,200,24000
FINNIFTY02JAN2419700PE.NFO,02/01/2024,13:49:33,0.15,0.1,7600,0.15,4200,0,24000
FINNIFTY02JAN2419700PE.NFO,02/01/2024,13:49:50,0.15,0.1,9840,0.15,4200,0,24000
FINNIFTY02JAN2419700PE.NFO,02/01/2024,13:49:58,0.15,0.1,9520,0.15,4000,200,24000
FINNIFTY02JAN2419700PE.NFO,02/01/2024,13:50:15,0.15,0.1,7600,0.15,4000,0,24000
FINNIFTY02JAN2419700PE.NFO,02/01/2024,13:51:46,0.15,0.1,9760,0.15,4000,0,24000
FINNIFTY02JAN2419700PE.NFO,02/01/2024,13:52:22,0.15,0.1,9760,0.15,3720,280,23920
FINNIFTY02JAN2419700PE.NFO,02/01/2024,13:52:32,0.15,0.1,9680,0.15,3280,440,23920
FINNIFTY02JAN2419700PE.NFO,02/01/2024,13:52:41,0.15,0.1,9600,0.15,3080,200,23920
FINNIFTY02JAN2419700PE.NFO,02/01/2024,13:52:51,0.15,0.1,9520,0.15,5200,0,23920
FINNIFTY02JAN2419700PE.NFO,02/01/2024,13:53:09,0.1,0.1,9280,0.15,5200,400,23920
FINNIFTY02JAN2419700PE.NFO,02/01/2024,13:53:18,0.15,0.1,7680,0.15,4320,2480,23920
FINNIFTY02JAN2419700PE.NFO,02/01/2024,13:53:28,0.1,0.1,4080,0.15,4040,3880,23920
FINNIFTY02JAN2419700PE.NFO,02/01/2024,13:53:38,0.1,0.1,1160,0.15,4000,4120,23920
FINNIFTY02JAN2419700PE.NFO,02/01/2024,13:53:47,0.1,0.1,920,0.15,4000,3000,23920
FINNIFTY02JAN2419700PE.NFO,02/01/2024,13:53:57,0.1,0.1,720,0.15,2880,2000,23920
FINNIFTY02JAN2419700PE.NFO,02/01/2024,13:54:16,0.15,0.1,720,0.15,2720,160,19280
FINNIFTY02JAN2419700PE.NFO,02/01/2024,13:54:25,0.15,0.1,360,0.2,2640,3400,19280
FINNIFTY02JAN2419700PE.NFO,02/01/2024,13:54:35,0.15,0.1,400,0.2,2640,2040,19280
FINNIFTY02JAN2419700PE.NFO,02/01/2024,13:54:44,0.15,0.1,12560,0.2,2640,800,19280
FINNIFTY02JAN2419700PE.NFO,02/01/2024,13:54:53,0.15,0.1,12600,0.2,4440,240,19280
FINNIFTY02JAN2419700PE.NFO,02/01/2024,13:55:12,0.15,0.1,880,0.2,4440,0,19280
FINNIFTY02JAN2419700PE.NFO,02/01/2024,13:55:21,0.15,0.1,2760,0.2,4440,0,19280
FINNIFTY02JAN2419700PE.NFO,02/01/2024,13:55:30,0.15,0.1,2760,0.2,6160,0,19280
FINNIFTY02JAN2419700PE.NFO,02/01/2024,13:55:56,0.1,0.05,29880,0.15,2800,5480,19280
FINNIFTY02JAN2419700PE.NFO,02/01/2024,13:56:04,0.1,0.05,31360,0.1,4800,520,19280
FINNIFTY02JAN2419700PE.NFO,02/01/2024,13:56:13,0.1,0.05,31360,0.1,4000,800,19280
FINNIFTY02JAN2419700PE.NFO,02/01/2024,13:56:21,0.1,0.05,31360,0.1,4000,0,19280
FINNIFTY02JAN2419700PE.NFO,02/01/2024,13:56:38,0.1,0.05,31360,0.1,4280,0,19280
FINNIFTY02JAN2419700PE.NFO,02/01/2024,13:56:56,0.1,0.05,31360,0.1,3880,400,19280
FINNIFTY02JAN2419700PE.NFO,02/01/2024,13:57:05,0.1,0.05,31520,0.1,400,2400,19280
FINNIFTY02JAN2419700PE.NFO,02/01/2024,13:57:13,0.1,0.1,3360,0.15,3880,400,19800
FINNIFTY02JAN2419700PE.NFO,02/01/2024,13:57:22,0.1,0.1,1640,0.15,3880,0,19800
FINNIFTY02JAN2419700PE.NFO,02/01/2024,13:57:30,0.1,0.1,2040,0.15,4400,0,19800
FINNIFTY02JAN2419700PE.NFO,02/01/2024,13:58:47,0.1,0.1,2080,0.15,4080,360,19800
FINNIFTY02JAN2419700PE.NFO,02/01/2024,13:58:56,0.1,0.1,1800,0.15,5880,280,19800
FINNIFTY02JAN2419700PE.NFO,02/01/2024,13:59:04,0.1,0.1,160,0.15,6240,1200,19800
FINNIFTY02JAN2419700PE.NFO,02/01/2024,13:59:13,0.1,0.05,29520,0.1,400,2600,19800
FINNIFTY02JAN2419700PE.NFO,02/01/2024,13:59:13,0.05,0.05,29520,0.1,400,0,19800
FINNIFTY02JAN2419700PE.NFO,02/01/2024,13:59:22,0.05,0.05,28720,0.1,440,800,19800
FINNIFTY02JAN2419700PE.NFO,02/01/2024,13:59:30,0.05,0.05,27960,0.1,360,880,19800
FINNIFTY02JAN2419700PE.NFO,02/01/2024,13:59:39,0.05,0.05,27480,0.1,5760,480,19800
FINNIFTY02JAN2419700PE.NFO,02/01/2024,13:59:48,0.05,0.05,27280,0.1,5760,360,19800
FINNIFTY02JAN2419700PE.NFO,02/01/2024,13:59:56,0.05,0.05,26800,0.1,5760,480,19800
FINNIFTY02JAN2419700PE.NFO,02/01/2024,14:00:14,0.05,0.05,27000,0.1,7080,0,19800
FINNIFTY02JAN2419700PE.NFO,02/01/2024,14:00:23,0.05,0.05,26120,0.1,7080,0,19800
FINNIFTY02JAN2419700PE.NFO,02/01/2024,14:00:49,0.05,0.05,27920,0.1,7080,0,19800
FINNIFTY02JAN2419700PE.NFO,02/01/2024,14:00:57,0.1,0.05,28080,0.1,6840,240,18960
FINNIFTY02JAN2419700PE.NFO,02/01/2024,14:01:06,0.1,0.05,28080,0.1,6640,200,18960
FINNIFTY02JAN2419700PE.NFO,02/01/2024,14:01:41,0.1,0.05,28080,0.1,7680,0,18960
FINNIFTY02JAN2419700PE.NFO,02/01/2024,14:01:50,0.1,0.05,26280,0.1,7680,0,18960
FINNIFTY02JAN2419700PE.NFO,02/01/2024,14:02:24,0.1,0.05,26280,0.1,7280,400,18960
FINNIFTY02JAN2419700PE.NFO,02/01/2024,14:02:42,0.1,0.05,19080,0.1,7280,0,18960
FINNIFTY02JAN2419700PE.NFO,02/01/2024,14:02:50,0.1,0.05,17280,0.1,6880,400,18960
FINNIFTY02JAN2419700PE.NFO,02/01/2024,14:03:07,0.1,0.05,17280,0.1,6080,800,18960
FINNIFTY02JAN2419700PE.NFO,02/01/2024,14:03:25,0.1,0.05,17280,0.1,6000,80,16920
FINNIFTY02JAN2419700PE.NFO,02/01/2024,14:03:34,0.1,0.05,17280,0.1,4920,1080,16920
FINNIFTY02JAN2419700PE.NFO,02/01/2024,14:03:43,0.1,0.05,17280,0.1,3720,1200,16920
FINNIFTY02JAN2419700PE.NFO,02/01/2024,14:03:52,0.1,0.05,17280,0.1,1440,2280,16920
FINNIFTY02JAN2419700PE.NFO,02/01/2024,14:04:01,0.1,0.05,17280,0.1,2000,0,16920
FINNIFTY02JAN2419700PE.NFO,02/01/2024,14:04:11,0.05,0.05,16480,0.1,2000,800,16920
FINNIFTY02JAN2419700PE.NFO,02/01/2024,14:04:20,0.05,0.05,16000,0.1,2000,480,16920
FINNIFTY02JAN2419700PE.NFO,02/01/2024,14:04:30,0.05,0.05,16000,0.1,2760,0,16920
FINNIFTY02JAN2419700PE.NFO,02/01/2024,14:04:39,0.1,0.05,15120,0.1,3240,320,16920
FINNIFTY02JAN2419700PE.NFO,02/01/2024,14:04:49,0.1,0.05,15120,0.1,2680,560,16920
FINNIFTY02JAN2419700PE.NFO,02/01/2024,14:04:58,0.1,0.05,15120,0.1,3080,400,16920
FINNIFTY02JAN2419700PE.NFO,02/01/2024,14:05:07,0.1,0.05,15120,0.1,2960,120,16920
FINNIFTY02JAN2419700PE.NFO,02/01/2024,14:06:25,0.05,0.05,2560,0.1,2960,480,17480
FINNIFTY02JAN2419700PE.NFO,02/01/2024,14:06:33,0.05,0.05,7960,0.1,2960,0,17480
FINNIFTY02JAN2419700PE.NFO,02/01/2024,14:06:58,0.1,0.05,7960,0.1,1760,1200,17480
FINNIFTY02JAN2419700PE.NFO,02/01/2024,14:07:07,0.1,0.05,7960,0.1,1360,400,17480
FINNIFTY02JAN2419700PE.NFO,02/01/2024,14:07:16,0.1,0.05,9760,0.1,1360,0,17480
FINNIFTY02JAN2419700PE.NFO,02/01/2024,14:09:02,0.1,0.1,600,0.15,2160,1360,17480
FINNIFTY02JAN2419700PE.NFO,02/01/2024,14:09:12,0.15,0.1,1960,0.15,3480,840,17480
FINNIFTY02JAN2419700PE.NFO,02/01/2024,14:09:22,0.15,0.1,1960,0.15,4120,800,19280
FINNIFTY02JAN2419700PE.NFO,02/01/2024,14:09:50,0.15,0.1,1960,0.15,4120,0,19280
FINNIFTY02JAN2419700PE.NFO,02/01/2024,14:10:00,0.15,0.1,2000,0.15,3560,800,19280
FINNIFTY02JAN2419700PE.NFO,02/01/2024,14:10:12,0.15,0.1,1960,0.15,2080,1520,19280
FINNIFTY02JAN2419700PE.NFO,02/01/2024,14:10:24,0.15,0.1,3760,0.15,2080,0,19280
FINNIFTY02JAN2419700PE.NFO,02/01/2024,14:10:53,0.1,0.1,3760,0.15,2080,400,19280
FINNIFTY02JAN2419700PE.NFO,02/01/2024,14:11:04,0.15,0.1,3760,0.15,1680,400,19280
FINNIFTY02JAN2419700PE.NFO,02/01/2024,14:11:16,0.15,0.1,3760,0.15,960,880,19280
FINNIFTY02JAN2419700PE.NFO,02/01/2024,14:11:28,0.15,0.1,3760,0.15,560,400,19280
FINNIFTY02JAN2419700PE.NFO,02/01/2024,14:11:38,0.15,0.1,3760,0.15,560,0,19280
FINNIFTY02JAN2419700PE.NFO,02/01/2024,14:12:08,0.1,0.1,3560,0.15,440,200,19280
FINNIFTY02JAN2419700PE.NFO,02/01/2024,14:12:18,0.1,0.1,3560,0.15,440,0,19280
FINNIFTY02JAN2419700PE.NFO,02/01/2024,14:12:56,0.15,0.1,3560,0.15,200,400,23120
FINNIFTY02JAN2419700PE.NFO,02/01/2024,14:13:16,0.15,0.1,3200,0.15,160,2200,23120
FINNIFTY02JAN2419700PE.NFO,02/01/2024,14:13:26,0.15,0.1,3120,0.15,200,400,23120
FINNIFTY02JAN2419700PE.NFO,02/01/2024,14:13:37,0.15,0.1,2440,0.2,5840,560,23120
FINNIFTY02JAN2419700PE.NFO,02/01/2024,14:13:48,0.15,0.1,2440,0.2,5840,800,23120
FINNIFTY02JAN2419700PE.NFO,02/01/2024,14:13:58,0.15,0.1,2440,0.2,5840,400,23120
FINNIFTY02JAN2419700PE.NFO,02/01/2024,14:14:09,0.15,0.1,2440,0.15,360,0,23120
FINNIFTY02JAN2419700PE.NFO,02/01/2024,14:14:20,0.15,0.1,3080,0.2,5840,280,23120
FINNIFTY02JAN2419700PE.NFO,02/01/2024,14:15:18,0.15,0.1,2440,0.2,6240,400,23280
FINNIFTY02JAN2419700PE.NFO,02/01/2024,14:15:47,0.15,0.1,2440,0.15,400,0,23280
FINNIFTY02JAN2419700PE.NFO,02/01/2024,14:18:35,0.15,0.1,3000,0.15,400,0,23280
FINNIFTY02JAN2419700PE.NFO,02/01/2024,14:19:06,0.1,0.1,1920,0.15,2680,1200,23360
FINNIFTY02JAN2419700PE.NFO,02/01/2024,14:19:16,0.1,0.1,600,0.15,2680,1560,23360
FINNIFTY02JAN2419700PE.NFO,02/01/2024,14:19:27,0.05,0.05,9240,0.1,200,2200,23360
FINNIFTY02JAN2419700PE.NFO,02/01/2024,14:19:38,0.05,0.05,12240,0.1,440,3000,23360
FINNIFTY02JAN2419700PE.NFO,02/01/2024,14:19:48,0.05,0.05,11120,0.1,440,1200,23360
FINNIFTY02JAN2419700PE.NFO,02/01/2024,14:19:57,0.05,0.05,2160,0.1,560,0,23360
FINNIFTY02JAN2419700PE.NFO,02/01/2024,14:20:07,0.05,0.05,1800,0.1,1680,480,23360
FINNIFTY02JAN2419700PE.NFO,02/01/2024,14:20:36,0.05,0.05,1480,0.1,680,0,23360
FINNIFTY02JAN2419700PE.NFO,02/01/2024,14:20:45,0.05,0.05,1480,0.1,6080,0,23360
FINNIFTY02JAN2419700PE.NFO,02/01/2024,14:21:40,0.05,0.05,1360,0.1,6080,280,19800
FINNIFTY02JAN2419700PE.NFO,02/01/2024,14:21:59,0.05,0.05,960,0.1,560,1360,19800
FINNIFTY02JAN2419700PE.NFO,02/01/2024,14:22:17,0.05,0.05,960,0.1,4800,0,19800
FINNIFTY02JAN2419700PE.NFO,02/01/2024,14:22:45,0.05,0.05,40,0.1,4800,800,19800
FINNIFTY02JAN2419700PE.NFO,02/01/2024,14:22:55,0.05,0,0,0.1,4800,480,19800
FINNIFTY02JAN2419700PE.NFO,02/01/2024,14:23:41,0.05,0,0,0.1,760,0,19800
FINNIFTY02JAN2419700PE.NFO,02/01/2024,14:24:35,0.05,0.05,2280,0.1,760,0,19800
FINNIFTY02JAN2419700PE.NFO,02/01/2024,14:26:31,0.05,0.05,2360,0.1,760,0,19800
FINNIFTY02JAN2419700PE.NFO,02/01/2024,14:29:03,0.05,0.05,2360,0.1,840,0,19800
FINNIFTY02JAN2419700PE.NFO,02/01/2024,14:29:47,0.05,0.05,2320,0.1,840,40,17440
FINNIFTY02JAN2419700PE.NFO,02/01/2024,14:29:57,0.1,0.05,2320,0.1,720,320,17440
FINNIFTY02JAN2419700PE.NFO,02/01/2024,14:30:06,0.1,0.05,2400,0.1,560,480,17440
FINNIFTY02JAN2419700PE.NFO,02/01/2024,14:30:16,0.1,0.05,2400,0.1,200,1280,18760
FINNIFTY02JAN2419700PE.NFO,02/01/2024,14:30:25,0.1,0.05,2400,0.1,400,0,18760
FINNIFTY02JAN2419700PE.NFO,02/01/2024,14:30:35,0.1,0.05,1880,0.15,840,3000,18760
FINNIFTY02JAN2419700PE.NFO,02/01/2024,14:30:45,0.1,0.05,1880,0.15,840,800,18760
FINNIFTY02JAN2419700PE.NFO,02/01/2024,14:30:55,0.1,0.05,1880,0.15,840,0,18760
FINNIFTY02JAN2419700PE.NFO,02/01/2024,14:31:04,0.1,0.05,1880,0.15,1040,40,18760
FINNIFTY02JAN2419700PE.NFO,02/01/2024,14:31:13,0.1,0.05,1880,0.15,1040,160,18760
FINNIFTY02JAN2419700PE.NFO,02/01/2024,14:31:22,0.1,0.1,200,0.15,1040,0,18760
FINNIFTY02JAN2419700PE.NFO,02/01/2024,14:31:31,0.15,0.1,200,0.15,520,400,18760
FINNIFTY02JAN2419700PE.NFO,02/01/2024,14:31:40,0.15,0.1,200,0.15,520,0,18760
FINNIFTY02JAN2419700PE.NFO,02/01/2024,14:31:49,0.1,0.1,160,0.15,520,80,18760
FINNIFTY02JAN2419700PE.NFO,02/01/2024,14:31:58,0.1,0.1,80,0.15,520,80,18760
FINNIFTY02JAN2419700PE.NFO,02/01/2024,14:32:07,0.1,0.1,80,0.15,520,0,18760
FINNIFTY02JAN2419700PE.NFO,02/01/2024,14:32:16,0.1,0.1,160,0.15,520,120,18760
FINNIFTY02JAN2419700PE.NFO,02/01/2024,14:32:26,0.1,0.1,120,0.15,520,80,18760
FINNIFTY02JAN2419700PE.NFO,02/01/2024,14:32:35,0.1,0.05,2040,0.1,600,240,18760
FINNIFTY02JAN2419700PE.NFO,02/01/2024,14:32:44,0.1,0.05,2040,0.1,600,0,18760
FINNIFTY02JAN2419700PE.NFO,02/01/2024,14:32:53,0.1,0.05,2040,0.1,3800,200,18760
FINNIFTY02JAN2419700PE.NFO,02/01/2024,14:33:01,0.1,0.05,2040,0.1,3560,240,18760
FINNIFTY02JAN2419700PE.NFO,02/01/2024,14:33:10,0.1,0.05,2080,0.1,3360,200,18760
FINNIFTY02JAN2419700PE.NFO,02/01/2024,14:34:16,0.1,0.05,2080,0.1,3320,40,19880
FINNIFTY02JAN2419700PE.NFO,02/01/2024,14:34:25,0.1,0.05,2080,0.1,3480,0,19880
FINNIFTY02JAN2419700PE.NFO,02/01/2024,14:34:34,0.1,0.05,2120,0.1,2800,680,19880
FINNIFTY02JAN2419700PE.NFO,02/01/2024,14:34:52,0.1,0.05,2120,0.1,2800,0,19880
FINNIFTY02JAN2419700PE.NFO,02/01/2024,14:35:00,0.1,0.05,2120,0.1,2840,0,19880
FINNIFTY02JAN2419700PE.NFO,02/01/2024,14:36:23,0.1,0.05,2120,0.1,1800,720,19560
FINNIFTY02JAN2419700PE.NFO,02/01/2024,14:37:17,0.05,0.05,1480,0.1,1800,640,19560
FINNIFTY02JAN2419700PE.NFO,02/01/2024,14:37:26,0.05,0.05,680,0.1,1800,800,19560
FINNIFTY02JAN2419700PE.NFO,02/01/2024,14:37:36,0.1,0.05,680,0.1,1560,240,19560
FINNIFTY02JAN2419700PE.NFO,02/01/2024,14:37:46,0.1,0.05,680,0.1,560,1000,19560
FINNIFTY02JAN2419700PE.NFO,02/01/2024,14:37:57,0.15,0.1,240,0.15,120,1360,19560
FINNIFTY02JAN2419700PE.NFO,02/01/2024,14:38:08,0.1,0.1,520,0.15,200,2120,19560
FINNIFTY02JAN2419700PE.NFO,02/01/2024,14:38:20,0.1,0.05,560,0.15,560,960,19560
FINNIFTY02JAN2419700PE.NFO,02/01/2024,14:38:33,0.15,0.1,120,0.15,240,480,19560
FINNIFTY02JAN2419700PE.NFO,02/01/2024,14:38:45,0.1,0.05,11400,0.15,160,280,19560
FINNIFTY02JAN2419700PE.NFO,02/01/2024,14:38:55,0.1,0.05,11400,0.15,160,0,19560
FINNIFTY02JAN2419700PE.NFO,02/01/2024,14:39:44,0.1,0.05,11400,0.15,400,0,19560
FINNIFTY02JAN2419700PE.NFO,02/01/2024,14:40:16,0.1,0.05,11400,0.15,160,0,19560
FINNIFTY02JAN2419700PE.NFO,02/01/2024,14:40:36,0.2,0.1,320,0.15,800,520,20560
FINNIFTY02JAN2419700PE.NFO,02/01/2024,14:40:48,0.2,0.1,320,0.15,800,0,20560
FINNIFTY02JAN2419700PE.NFO,02/01/2024,14:40:58,0.2,0.05,840,0.15,560,0,20560
FINNIFTY02JAN2419700PE.NFO,02/01/2024,14:41:09,0.2,0.05,600,0.15,560,0,20560
FINNIFTY02JAN2419700PE.NFO,02/01/2024,14:41:29,0.2,0.05,600,0.15,520,0,20560
FINNIFTY02JAN2419700PE.NFO,02/01/2024,14:41:39,0.2,0.05,600,0.15,600,0,20560
FINNIFTY02JAN2419700PE.NFO,02/01/2024,14:41:49,0.2,0.05,2560,0.15,760,0,20560
FINNIFTY02JAN2419700PE.NFO,02/01/2024,14:42:08,0.2,0.05,2400,0.15,440,0,20560
FINNIFTY02JAN2419700PE.NFO,02/01/2024,14:43:41,0.2,0.05,2400,0.15,160,0,20560
FINNIFTY02JAN2419700PE.NFO,02/01/2024,14:44:00,0.2,0.05,2560,0.15,320,0,20560
FINNIFTY02JAN2419700PE.NFO,02/01/2024,14:44:19,0.2,0.05,2400,0.15,560,0,20560
FINNIFTY02JAN2419700PE.NFO,02/01/2024,14:44:29,0.2,0.1,1480,0.15,760,0,20560
FINNIFTY02JAN2419700PE.NFO,02/01/2024,14:44:40,0.1,0.1,280,0.15,720,40,20960
FINNIFTY02JAN2419700PE.NFO,02/01/2024,14:45:00,0.15,0.05,2400,0.15,200,240,20960
FINNIFTY02JAN2419700PE.NFO,02/01/2024,14:45:09,0.15,0.05,2400,0.15,320,0,20960
FINNIFTY02JAN2419700PE.NFO,02/01/2024,14:45:19,0.15,0.05,2400,0.15,200,0,20960
FINNIFTY02JAN2419700PE.NFO,02/01/2024,14:45:48,0.15,0.05,2560,0.15,360,0,20960
FINNIFTY02JAN2419700PE.NFO,02/01/2024,14:46:06,0.15,0.1,200,0.15,480,80,21000
FINNIFTY02JAN2419700PE.NFO,02/01/2024,14:46:25,0.1,0.1,160,0.15,520,80,21000
FINNIFTY02JAN2419700PE.NFO,02/01/2024,14:46:34,0.1,0.05,2400,0.15,120,0,21000
FINNIFTY02JAN2419700PE.NFO,02/01/2024,14:47:22,0.1,0.05,2400,0.1,1360,240,21000
FINNIFTY02JAN2419700PE.NFO,02/01/2024,14:47:31,0.1,0.05,2200,0.1,1360,0,21000
FINNIFTY02JAN2419700PE.NFO,02/01/2024,14:47:41,0.1,0.05,2200,0.1,1240,120,21000
FINNIFTY02JAN2419700PE.NFO,02/01/2024,14:48:08,0.1,0.05,400,0.1,1480,0,21000
FINNIFTY02JAN2419700PE.NFO,02/01/2024,14:50:29,0.1,0.05,400,0.1,1240,0,21000
FINNIFTY02JAN2419700PE.NFO,02/01/2024,14:50:56,0.1,0.05,400,0.1,1160,80,20800
FINNIFTY02JAN2419700PE.NFO,02/01/2024,14:51:15,0.1,0.05,400,0.1,1160,0,20800
FINNIFTY02JAN2419700PE.NFO,02/01/2024,14:51:25,0.1,0.05,400,0.1,1080,80,20800
FINNIFTY02JAN2419700PE.NFO,02/01/2024,14:51:34,0.1,0.05,400,0.1,1080,0,20800
FINNIFTY02JAN2419700PE.NFO,02/01/2024,14:52:12,0.1,0.05,400,0.1,640,440,20800
FINNIFTY02JAN2419700PE.NFO,02/01/2024,14:52:32,0.1,0.05,400,0.1,640,0,20800
FINNIFTY02JAN2419700PE.NFO,02/01/2024,14:53:38,0.1,0.05,320,0.1,640,0,20800
FINNIFTY02JAN2419700PE.NFO,02/01/2024,14:54:57,0.1,0.05,320,0.1,160,480,20800
FINNIFTY02JAN2419700PE.NFO,02/01/2024,14:55:07,0.1,0.05,320,0.1,160,0,20800
FINNIFTY02JAN2419700PE.NFO,02/01/2024,14:57:42,0.1,0.05,240,0.1,160,0,20800
FINNIFTY02JAN2419700PE.NFO,02/01/2024,14:59:25,0.1,0.05,2040,0.1,160,0,20800
FINNIFTY02JAN2419700PE.NFO,02/01/2024,14:59:35,0.05,0.05,840,0.1,200,1280,20520
FINNIFTY02JAN2419700PE.NFO,02/01/2024,14:59:46,0.05,0.05,80,0.1,2000,1080,20520
FINNIFTY02JAN2419700PE.NFO,02/01/2024,14:59:56,0.05,0,0,0.1,2000,920,20520
FINNIFTY02JAN2419700PE.NFO,02/01/2024,15:00:06,0.05,0.05,80,0.1,2000,520,20520
FINNIFTY02JAN2419700PE.NFO,02/01/2024,15:00:37,0.05,0,0,0.1,2000,80,18840
FINNIFTY02JAN2419700PE.NFO,02/01/2024,15:03:04,0.05,0,0,0.1,2000,120,18840
FINNIFTY02JAN2419700PE.NFO,02/01/2024,15:03:22,0.05,0,0,0.1,2040,40,18840
FINNIFTY02JAN2419700PE.NFO,02/01/2024,15:05:59,0.05,0,0,0.1,2040,0,18840
FINNIFTY02JAN2419700PE.NFO,02/01/2024,15:11:19,0.05,0,0,0.1,2680,0,18840
FINNIFTY02JAN2419700PE.NFO,02/01/2024,15:11:29,0.05,0,0,0.1,2680,40,18640
FINNIFTY02JAN2419700PE.NFO,02/01/2024,15:11:39,0.05,0,0,0.1,2360,0,18640
FINNIFTY02JAN2419700PE.NFO,02/01/2024,15:13:10,0.05,0,0,0.05,960,0,18640
FINNIFTY02JAN2419700PE.NFO,02/01/2024,15:13:42,0.05,0,0,0.05,2760,0,18640
FINNIFTY02JAN2419700PE.NFO,02/01/2024,15:17:55,0.05,0,0,0.05,2880,0,18640
FINNIFTY02JAN2419700PE.NFO,02/01/2024,15:19:12,0.05,0,0,0.05,2080,0,18640
FINNIFTY02JAN2419700PE.NFO,02/01/2024,15:20:13,0.05,0,0,0.05,2120,0,18640
FINNIFTY02JAN2419700PE.NFO,02/01/2024,15:20:45,0.05,0,0,0.05,2000,0,18640
FINNIFTY02JAN2419700PE.NFO,02/01/2024,15:23:27,0.05,0,0,0.05,1560,600,18600
FINNIFTY02JAN2419700PE.NFO,02/01/2024,15:24:44,0.05,0,0,0.05,1680,0,18600
FINNIFTY02JAN2419700PE.NFO,02/01/2024,15:28:52,0.05,0,0,0.05,1720,0,18600
FINNIFTY02JAN2419700PE.NFO,02/01/2024,15:29:12,0.05,0,0,0.05,1600,0,18600
FINNIFTY02JAN2419700PE.NFO,02/01/2024,15:29:45,0.05,0,0,0.05,1440,200,18160
FINNIFTY02JAN2419700PE.NFO,02/01/2024,15:30:00,0.05,0,0,0.05,1360,0,18160
