Ticker,Date,Time,LTP,BuyPrice,BuyQty,SellPrice,SellQty,LTQ,OpenInterest
FINNIFTY02JAN2421000CE.NFO,02/01/2024,09:15:07,415.3,414.3,40,416.25,80,40,31280
FINNIFTY02JAN2421000CE.NFO,02/01/2024,09:15:07,415.3,414.3,40,416.25,80,0,31280
FINNIFTY02JAN2421000CE.NFO,02/01/2024,09:15:07,415.3,414.3,40,416.25,80,0,31280
FINNIFTY02JAN2421000CE.NFO,02/01/2024,09:15:07,415.3,414.3,40,416.25,80,0,31280
FINNIFTY02JAN2421000CE.NFO,02/01/2024,09:15:08,415.3,414.05,80,415.8,80,0,31280
FINNIFTY02JAN2421000CE.NFO,02/01/2024,09:15:10,415.3,405.55,80,407.85,40,0,31280
FINNIFTY02JAN2421000CE.NFO,02/01/2024,09:15:12,405.55,405.6,80,408.05,200,80,31280
FINNIFTY02JAN2421000CE.NFO,02/01/2024,09:15:12,405.55,405.6,80,408.05,200,0,31280
FINNIFTY02JAN2421000CE.NFO,02/01/2024,09:15:13,405.55,406.3,80,409.2,200,0,31280
FINNIFTY02JAN2421000CE.NFO,02/01/2024,09:15:15,405.55,405.3,80,407.4,600,0,31280
FINNIFTY02JAN2421000CE.NFO,02/01/2024,09:15:16,405.25,403.2,80,405.45,120,40,31280
FINNIFTY02JAN2421000CE.NFO,02/01/2024,09:15:16,405.25,403.2,80,405.45,120,0,31280
FINNIFTY02JAN2421000CE.NFO,02/01/2024,09:15:18,405.25,408.45,280,410.55,80,0,31280
FINNIFTY02JAN2421000CE.NFO,02/01/2024,09:15:20,405.25,409.5,80,411.2,80,0,31280
FINNIFTY02JAN2421000CE.NFO,02/01/2024,09:15:21,405.25,408.3,80,410.2,240,0,31280
FINNIFTY02JAN2421000CE.NFO,02/01/2024,09:15:23,405.25,406.95,80,409,720,0,31280
FINNIFTY02JAN2421000CE.NFO,02/01/2024,09:15:25,407.6,405.35,200,406.9,240,80,31280
FINNIFTY02JAN2421000CE.NFO,02/01/2024,09:15:26,407.6,405.8,200,407.55,120,0,31280
FINNIFTY02JAN2421000CE.NFO,02/01/2024,09:15:28,408.3,407.25,120,409.05,120,160,31280
FINNIFTY02JAN2421000CE.NFO,02/01/2024,09:15:29,408.3,408.6,80,410.75,80,0,31280
FINNIFTY02JAN2421000CE.NFO,02/01/2024,09:15:31,408.3,408.9,80,410.8,240,0,31280
FINNIFTY02JAN2421000CE.NFO,02/01/2024,09:15:33,408.3,408.75,40,410.4,80,0,31280
FINNIFTY02JAN2421000CE.NFO,02/01/2024,09:15:34,408.3,407.9,80,409.65,520,0,31280
FINNIFTY02JAN2421000CE.NFO,02/01/2024,09:15:36,408.3,407.1,40,408.75,80,0,31280
FINNIFTY02JAN2421000CE.NFO,02/01/2024,09:15:37,408.3,407.75,80,409.5,80,0,31280
FINNIFTY02JAN2421000CE.NFO,02/01/2024,09:15:39,408.3,410.65,40,412.15,40,0,31280
FINNIFTY02JAN2421000CE.NFO,02/01/2024,09:15:41,408.3,411,40,412.1,120,0,31280
FINNIFTY02JAN2421000CE.NFO,02/01/2024,09:15:42,408.3,410.6,40,411.95,120,0,31280
FINNIFTY02JAN2421000CE.NFO,02/01/2024,09:15:44,408.3,412.35,40,413.55,80,0,31280
FINNIFTY02JAN2421000CE.NFO,02/01/2024,09:15:46,408.3,411.65,40,413.05,200,0,31280
FINNIFTY02JAN2421000CE.NFO,02/01/2024,09:15:47,408.3,410.95,40,412.25,240,0,31280
FINNIFTY02JAN2421000CE.NFO,02/01/2024,09:15:49,408.3,408.9,40,410.25,200,0,31280
FINNIFTY02JAN2421000CE.NFO,02/01/2024,09:15:51,408.3,407.75,40,408.95,440,0,31280
FINNIFTY02JAN2421000CE.NFO,02/01/2024,09:15:52,408.3,408.85,40,410.3,40,0,31280
FINNIFTY02JAN2421000CE.NFO,02/01/2024,09:15:54,408.3,408.45,80,409.75,200,0,31280
FINNIFTY02JAN2421000CE.NFO,02/01/2024,09:15:55,408.3,407.25,40,408.75,120,0,31280
FINNIFTY02JAN2421000CE.NFO,02/01/2024,09:15:57,408.3,407.5,40,409.05,80,0,31280
FINNIFTY02JAN2421000CE.NFO,02/01/2024,09:15:59,408.3,407.25,40,408.4,80,0,31280
FINNIFTY02JAN2421000CE.NFO,02/01/2024,09:16:00,408.6,408.15,40,409.55,160,1200,31280
FINNIFTY02JAN2421000CE.NFO,02/01/2024,09:16:02,408.6,409.05,40,410.1,680,0,31280
FINNIFTY02JAN2421000CE.NFO,02/01/2024,09:16:03,408.6,409.1,40,410.2,120,0,31280
FINNIFTY02JAN2421000CE.NFO,02/01/2024,09:16:05,408.6,410.9,40,412.05,80,0,31280
FINNIFTY02JAN2421000CE.NFO,02/01/2024,09:16:07,408.6,413.4,40,414.55,120,0,31280
FINNIFTY02JAN2421000CE.NFO,02/01/2024,09:16:08,408.6,414.25,80,415.75,360,0,31280
FINNIFTY02JAN2421000CE.NFO,02/01/2024,09:16:10,408.6,412.9,40,414.25,280,0,31280
FINNIFTY02JAN2421000CE.NFO,02/01/2024,09:16:11,408.6,412.25,40,413.7,40,0,31280
FINNIFTY02JAN2421000CE.NFO,02/01/2024,09:16:13,408.6,412.95,40,414.3,200,0,31280
FINNIFTY02JAN2421000CE.NFO,02/01/2024,09:16:15,408.6,411.25,40,412.65,160,0,31280
FINNIFTY02JAN2421000CE.NFO,02/01/2024,09:16:16,408.6,410.35,40,411.6,160,0,31280
FINNIFTY02JAN2421000CE.NFO,02/01/2024,09:16:18,408.6,410.05,40,411.45,240,0,31280
FINNIFTY02JAN2421000CE.NFO,02/01/2024,09:16:20,408.6,409.05,40,410.35,200,0,31280
FINNIFTY02JAN2421000CE.NFO,02/01/2024,09:16:21,408.6,408.6,80,409.3,40,0,31280
FINNIFTY02JAN2421000CE.NFO,02/01/2024,09:16:23,408.6,405.9,40,407.5,40,80,31280
FINNIFTY02JAN2421000CE.NFO,02/01/2024,09:16:24,408.6,406.65,200,408.15,40,0,31280
FINNIFTY02JAN2421000CE.NFO,02/01/2024,09:16:26,408.6,405.3,40,406.65,80,0,31280
FINNIFTY02JAN2421000CE.NFO,02/01/2024,09:16:28,408.6,404.45,200,405.45,80,0,31280
FINNIFTY02JAN2421000CE.NFO,02/01/2024,09:16:29,408.6,405.4,120,406.55,40,0,31280
FINNIFTY02JAN2421000CE.NFO,02/01/2024,09:16:31,408.6,407.05,80,408.5,40,0,31280
FINNIFTY02JAN2421000CE.NFO,02/01/2024,09:16:33,408.6,405.95,240,407.3,40,0,31280
FINNIFTY02JAN2421000CE.NFO,02/01/2024,09:16:34,408.6,405.25,200,406.45,120,0,31280
FINNIFTY02JAN2421000CE.NFO,02/01/2024,09:16:36,408.6,406.95,40,408.3,320,0,31280
FINNIFTY02JAN2421000CE.NFO,02/01/2024,09:16:37,408.6,405.35,320,406.8,80,0,31280
FINNIFTY02JAN2421000CE.NFO,02/01/2024,09:16:39,408.6,405.3,200,406.6,120,0,31280
FINNIFTY02JAN2421000CE.NFO,02/01/2024,09:16:40,408.6,406.15,40,407.3,280,0,31280
FINNIFTY02JAN2421000CE.NFO,02/01/2024,09:16:42,408.6,406.85,200,408.05,640,0,31280
FINNIFTY02JAN2421000CE.NFO,02/01/2024,09:16:44,408.6,407.25,40,408.45,1960,0,31280
FINNIFTY02JAN2421000CE.NFO,02/01/2024,09:16:45,408.6,410.4,80,411.6,120,0,31280
FINNIFTY02JAN2421000CE.NFO,02/01/2024,09:16:47,408.6,410,40,411.15,200,0,31280
FINNIFTY02JAN2421000CE.NFO,02/01/2024,09:16:48,408.6,411.3,40,412.7,80,0,31280
FINNIFTY02JAN2421000CE.NFO,02/01/2024,09:16:50,408.6,412.55,280,413.65,40,0,31280
FINNIFTY02JAN2421000CE.NFO,02/01/2024,09:16:52,408.6,410.95,200,412.15,280,0,31280
FINNIFTY02JAN2421000CE.NFO,02/01/2024,09:16:53,408.6,409.95,40,411.45,200,0,31280
FINNIFTY02JAN2421000CE.NFO,02/01/2024,09:16:55,408.6,408.85,40,410.25,320,0,31280
FINNIFTY02JAN2421000CE.NFO,02/01/2024,09:16:56,408.6,409.35,40,410.5,160,0,31280
FINNIFTY02JAN2421000CE.NFO,02/01/2024,09:16:58,408.6,410.8,320,412.05,520,0,31280
FINNIFTY02JAN2421000CE.NFO,02/01/2024,09:17:00,408.6,410.15,40,411.5,120,0,31280
FINNIFTY02JAN2421000CE.NFO,02/01/2024,09:17:01,408.6,410.25,120,411.6,160,0,31280
FINNIFTY02JAN2421000CE.NFO,02/01/2024,09:17:03,410.25,409.55,40,410.85,120,1120,31280
FINNIFTY02JAN2421000CE.NFO,02/01/2024,09:17:05,410.25,409.25,40,410,200,0,31280
FINNIFTY02JAN2421000CE.NFO,02/01/2024,09:17:06,410,409.65,40,410.9,40,200,31280
FINNIFTY02JAN2421000CE.NFO,02/01/2024,09:17:08,410,410.8,40,411.65,40,0,31280
FINNIFTY02JAN2421000CE.NFO,02/01/2024,09:17:09,410,409.8,40,411,80,0,31280
FINNIFTY02JAN2421000CE.NFO,02/01/2024,09:17:11,410,408.95,40,410.3,40,0,31280
FINNIFTY02JAN2421000CE.NFO,02/01/2024,09:17:13,410,409.35,40,410.6,320,0,31280
FINNIFTY02JAN2421000CE.NFO,02/01/2024,09:17:14,410,409.55,40,410.65,200,0,31280
FINNIFTY02JAN2421000CE.NFO,02/01/2024,09:17:16,410,409.95,40,410.9,200,0,31280
FINNIFTY02JAN2421000CE.NFO,02/01/2024,09:17:17,410,411.4,40,412.65,80,0,31280
FINNIFTY02JAN2421000CE.NFO,02/01/2024,09:17:19,410,412.9,40,414.05,320,0,31280
FINNIFTY02JAN2421000CE.NFO,02/01/2024,09:17:21,410,412.7,160,413.85,40,0,31280
FINNIFTY02JAN2421000CE.NFO,02/01/2024,09:17:24,410,412.95,200,414.3,200,0,31280
FINNIFTY02JAN2421000CE.NFO,02/01/2024,09:17:25,410,411.8,40,413.15,160,0,31280
FINNIFTY02JAN2421000CE.NFO,02/01/2024,09:17:27,410,411.25,80,412.55,120,0,31280
FINNIFTY02JAN2421000CE.NFO,02/01/2024,09:17:28,410,409.65,40,410.9,360,0,31280
FINNIFTY02JAN2421000CE.NFO,02/01/2024,09:17:30,410,409.15,40,410.35,240,0,31280
FINNIFTY02JAN2421000CE.NFO,02/01/2024,09:17:32,410,410.85,40,412.25,40,0,31280
FINNIFTY02JAN2421000CE.NFO,02/01/2024,09:17:33,410,410.2,200,411.45,120,0,31280
FINNIFTY02JAN2421000CE.NFO,02/01/2024,09:17:35,410,409.55,120,410.95,120,0,31280
FINNIFTY02JAN2421000CE.NFO,02/01/2024,09:17:37,410,409.35,40,410.65,280,0,31280
FINNIFTY02JAN2421000CE.NFO,02/01/2024,09:17:38,410,410.9,160,412.25,200,0,31280
FINNIFTY02JAN2421000CE.NFO,02/01/2024,09:17:40,410,408.9,160,410,120,0,31280
FINNIFTY02JAN2421000CE.NFO,02/01/2024,09:17:41,410,407.2,160,408.45,40,0,31280
FINNIFTY02JAN2421000CE.NFO,02/01/2024,09:17:43,410,407.8,40,408.9,320,0,31280
FINNIFTY02JAN2421000CE.NFO,02/01/2024,09:17:44,410,407.4,40,408.7,80,0,31280
FINNIFTY02JAN2421000CE.NFO,02/01/2024,09:17:46,410,406.8,40,408.1,320,0,31280
FINNIFTY02JAN2421000CE.NFO,02/01/2024,09:17:48,410,407.55,120,409,1160,0,31280
FINNIFTY02JAN2421000CE.NFO,02/01/2024,09:17:49,410,408.65,80,409.95,40,0,31280
FINNIFTY02JAN2421000CE.NFO,02/01/2024,09:17:51,410,408.45,80,409.75,120,0,31280
FINNIFTY02JAN2421000CE.NFO,02/01/2024,09:17:52,410,408.3,40,409.65,160,0,31280
FINNIFTY02JAN2421000CE.NFO,02/01/2024,09:17:54,410,407.7,160,408.75,120,0,31280
FINNIFTY02JAN2421000CE.NFO,02/01/2024,09:17:56,410,407.6,40,408.85,400,0,31280
FINNIFTY02JAN2421000CE.NFO,02/01/2024,09:17:57,410,408.25,40,409.5,40,0,31280
FINNIFTY02JAN2421000CE.NFO,02/01/2024,09:17:59,410,408.05,40,408.85,120,0,31280
FINNIFTY02JAN2421000CE.NFO,02/01/2024,09:18:00,410,407.9,80,409.05,80,0,31280
FINNIFTY02JAN2421000CE.NFO,02/01/2024,09:18:02,410,409.6,200,410.75,80,0,31280
FINNIFTY02JAN2421000CE.NFO,02/01/2024,09:18:04,411,410.35,360,411.55,40,40,30040
FINNIFTY02JAN2421000CE.NFO,02/01/2024,09:18:05,411,410.05,160,411.2,40,0,30040
FINNIFTY02JAN2421000CE.NFO,02/01/2024,09:18:07,411,411.4,120,412.65,360,0,30040
FINNIFTY02JAN2421000CE.NFO,02/01/2024,09:18:08,411,410.9,160,412.1,40,0,30040
FINNIFTY02JAN2421000CE.NFO,02/01/2024,09:18:10,411,410.1,160,411.2,120,0,30040
FINNIFTY02JAN2421000CE.NFO,02/01/2024,09:18:12,411,409.15,360,410.3,40,0,30040
FINNIFTY02JAN2421000CE.NFO,02/01/2024,09:18:14,411,410.15,160,411.45,560,0,30040
FINNIFTY02JAN2421000CE.NFO,02/01/2024,09:18:15,411,409.55,40,410.5,40,0,30040
FINNIFTY02JAN2421000CE.NFO,02/01/2024,09:18:17,411,408.15,40,409.1,40,0,30040
FINNIFTY02JAN2421000CE.NFO,02/01/2024,09:18:18,411,407.05,40,408.15,40,0,30040
FINNIFTY02JAN2421000CE.NFO,02/01/2024,09:18:20,406,404.45,40,405.75,40,40,30040
FINNIFTY02JAN2421000CE.NFO,02/01/2024,09:18:22,406,406.15,40,407.1,80,0,30040
FINNIFTY02JAN2421000CE.NFO,02/01/2024,09:18:23,406,406.65,40,407.75,360,0,30040
FINNIFTY02JAN2421000CE.NFO,02/01/2024,09:18:25,406,405.85,40,407,160,0,30040
FINNIFTY02JAN2421000CE.NFO,02/01/2024,09:18:27,406,405.95,40,407.05,40,0,30040
FINNIFTY02JAN2421000CE.NFO,02/01/2024,09:18:28,406,407.25,40,408.45,160,0,30040
FINNIFTY02JAN2421000CE.NFO,02/01/2024,09:18:30,406,407,40,408.15,40,0,30040
FINNIFTY02JAN2421000CE.NFO,02/01/2024,09:18:31,406,406.5,40,407.8,160,0,30040
FINNIFTY02JAN2421000CE.NFO,02/01/2024,09:18:33,406,406.2,40,407.25,80,0,30040
FINNIFTY02JAN2421000CE.NFO,02/01/2024,09:18:35,406,407.15,40,408.4,40,0,30040
FINNIFTY02JAN2421000CE.NFO,02/01/2024,09:18:36,406,407.1,120,408.3,120,0,30040
FINNIFTY02JAN2421000CE.NFO,02/01/2024,09:18:38,406,408.55,40,409.6,80,0,30040
FINNIFTY02JAN2421000CE.NFO,02/01/2024,09:18:39,406,408.7,40,409.85,40,0,30040
FINNIFTY02JAN2421000CE.NFO,02/01/2024,09:18:41,406,408,40,409.05,320,0,30040
FINNIFTY02JAN2421000CE.NFO,02/01/2024,09:18:43,406,408.9,40,410,40,0,30040
FINNIFTY02JAN2421000CE.NFO,02/01/2024,09:18:44,406,410.95,40,411.85,40,0,30040
FINNIFTY02JAN2421000CE.NFO,02/01/2024,09:18:46,406,410.25,40,411.45,80,0,30040
FINNIFTY02JAN2421000CE.NFO,02/01/2024,09:18:47,406,410.75,40,411.7,160,0,30040
FINNIFTY02JAN2421000CE.NFO,02/01/2024,09:18:49,406,411.1,40,412.15,40,0,30040
FINNIFTY02JAN2421000CE.NFO,02/01/2024,09:18:51,406,411,40,412.2,200,0,30040
FINNIFTY02JAN2421000CE.NFO,02/01/2024,09:18:52,406,412.05,40,413.1,80,0,30040
FINNIFTY02JAN2421000CE.NFO,02/01/2024,09:18:54,406,411.8,40,412.95,200,0,30040
FINNIFTY02JAN2421000CE.NFO,02/01/2024,09:18:56,406,412.35,40,413.4,240,0,30040
FINNIFTY02JAN2421000CE.NFO,02/01/2024,09:18:57,406,410.85,80,412.05,200,0,30040
FINNIFTY02JAN2421000CE.NFO,02/01/2024,09:18:59,406,411.85,40,413.1,360,0,30040
FINNIFTY02JAN2421000CE.NFO,02/01/2024,09:19:00,412.2,411.6,400,413.4,240,40,30040
FINNIFTY02JAN2421000CE.NFO,02/01/2024,09:19:02,412.2,411.75,120,413.1,40,0,30040
FINNIFTY02JAN2421000CE.NFO,02/01/2024,09:19:04,412.2,410.8,200,412.2,1400,0,30040
FINNIFTY02JAN2421000CE.NFO,02/01/2024,09:19:05,412.2,411,40,412.35,40,0,30040
FINNIFTY02JAN2421000CE.NFO,02/01/2024,09:19:07,412.2,412.25,40,413.5,600,0,30040
FINNIFTY02JAN2421000CE.NFO,02/01/2024,09:19:08,412.2,411.8,40,413.2,600,0,30040
FINNIFTY02JAN2421000CE.NFO,02/01/2024,09:19:10,412.2,411.95,280,413.15,40,0,30040
FINNIFTY02JAN2421000CE.NFO,02/01/2024,09:19:12,412.2,413.7,80,414.85,40,0,30040
FINNIFTY02JAN2421000CE.NFO,02/01/2024,09:19:13,416,414.7,40,416.05,40,40,30040
FINNIFTY02JAN2421000CE.NFO,02/01/2024,09:19:13,416,414.7,40,416.05,40,0,30040
FINNIFTY02JAN2421000CE.NFO,02/01/2024,09:19:15,416,416.05,40,417.5,400,0,30040
FINNIFTY02JAN2421000CE.NFO,02/01/2024,09:19:17,417.2,415.35,40,416.8,1240,40,30040
FINNIFTY02JAN2421000CE.NFO,02/01/2024,09:19:17,417.2,415.35,40,416.8,1240,0,30040
FINNIFTY02JAN2421000CE.NFO,02/01/2024,09:19:18,417.2,415.9,40,417.5,40,0,30040
FINNIFTY02JAN2421000CE.NFO,02/01/2024,09:19:20,417.2,415.8,40,417.3,40,0,30040
FINNIFTY02JAN2421000CE.NFO,02/01/2024,09:19:21,417.2,414.7,80,416,80,0,30040
FINNIFTY02JAN2421000CE.NFO,02/01/2024,09:19:23,417.2,413.3,40,414.55,80,0,30040
FINNIFTY02JAN2421000CE.NFO,02/01/2024,09:19:25,417.2,413,40,414.35,480,0,30040
FINNIFTY02JAN2421000CE.NFO,02/01/2024,09:19:26,417.2,413.5,80,414.7,160,0,30040
FINNIFTY02JAN2421000CE.NFO,02/01/2024,09:19:28,417.2,412.6,80,413.95,40,0,30040
FINNIFTY02JAN2421000CE.NFO,02/01/2024,09:19:31,417.2,413.9,40,415.1,200,0,30040
FINNIFTY02JAN2421000CE.NFO,02/01/2024,09:19:32,417.2,413.8,560,414.85,320,0,30040
FINNIFTY02JAN2421000CE.NFO,02/01/2024,09:19:34,417.2,415.15,40,416.4,80,0,30040
FINNIFTY02JAN2421000CE.NFO,02/01/2024,09:19:36,417.2,415.55,240,416.9,160,0,30040
FINNIFTY02JAN2421000CE.NFO,02/01/2024,09:19:37,417.2,415,40,416.35,200,0,30040
FINNIFTY02JAN2421000CE.NFO,02/01/2024,09:19:39,417.2,414.3,160,415.55,120,0,30040
FINNIFTY02JAN2421000CE.NFO,02/01/2024,09:19:41,417.2,414.8,400,416.1,40,0,30040
FINNIFTY02JAN2421000CE.NFO,02/01/2024,09:19:42,417.2,414.35,240,415.6,40,0,30040
FINNIFTY02JAN2421000CE.NFO,02/01/2024,09:19:44,417.2,414.15,40,415.65,1240,0,30040
FINNIFTY02JAN2421000CE.NFO,02/01/2024,09:19:46,417.2,414.5,80,415.7,40,0,30040
FINNIFTY02JAN2421000CE.NFO,02/01/2024,09:19:47,417.2,415.5,80,416.65,40,0,30040
FINNIFTY02JAN2421000CE.NFO,02/01/2024,09:19:49,417.2,415.15,200,416.55,160,0,30040
FINNIFTY02JAN2421000CE.NFO,02/01/2024,09:19:51,417.2,415.05,200,416.35,40,0,30040
FINNIFTY02JAN2421000CE.NFO,02/01/2024,09:19:52,417.2,413.3,80,414.6,120,0,30040
FINNIFTY02JAN2421000CE.NFO,02/01/2024,09:19:54,417.2,412.7,240,414.1,120,0,30040
FINNIFTY02JAN2421000CE.NFO,02/01/2024,09:19:56,417.2,412.65,80,414,200,0,30040
FINNIFTY02JAN2421000CE.NFO,02/01/2024,09:19:57,417.2,411.85,160,413,120,0,30040
FINNIFTY02JAN2421000CE.NFO,02/01/2024,09:19:59,417.2,412,40,413.35,40,0,30040
FINNIFTY02JAN2421000CE.NFO,02/01/2024,09:20:01,417.2,411.2,560,412.6,40,0,30040
FINNIFTY02JAN2421000CE.NFO,02/01/2024,09:20:02,417.2,411.6,40,413.65,7520,0,30040
FINNIFTY02JAN2421000CE.NFO,02/01/2024,09:20:04,417.2,413.4,80,414.75,280,0,30040
FINNIFTY02JAN2421000CE.NFO,02/01/2024,09:20:06,417.2,414.45,40,415.75,40,0,30040
FINNIFTY02JAN2421000CE.NFO,02/01/2024,09:20:07,417.2,413.95,80,415.25,120,0,30040
FINNIFTY02JAN2421000CE.NFO,02/01/2024,09:20:09,417.2,414.25,200,415.45,320,0,30040
FINNIFTY02JAN2421000CE.NFO,02/01/2024,09:20:11,417.2,414.95,80,416.3,120,0,30040
FINNIFTY02JAN2421000CE.NFO,02/01/2024,09:20:12,417.2,415,160,416.2,200,0,30040
FINNIFTY02JAN2421000CE.NFO,02/01/2024,09:20:14,417.2,414.6,200,415.8,240,0,30040
FINNIFTY02JAN2421000CE.NFO,02/01/2024,09:20:16,417.2,414.45,120,415.8,400,0,30040
FINNIFTY02JAN2421000CE.NFO,02/01/2024,09:20:17,414.75,413.5,40,414.9,200,40,30040
FINNIFTY02JAN2421000CE.NFO,02/01/2024,09:20:19,414.75,413.5,40,414.8,40,0,30040
FINNIFTY02JAN2421000CE.NFO,02/01/2024,09:20:21,414.75,414,80,415.15,40,0,30040
FINNIFTY02JAN2421000CE.NFO,02/01/2024,09:20:22,414.75,414.05,200,415.25,40,0,30040
FINNIFTY02JAN2421000CE.NFO,02/01/2024,09:20:24,414.75,412.5,40,413.6,40,0,30040
FINNIFTY02JAN2421000CE.NFO,02/01/2024,09:20:26,414.75,412.85,40,414.1,40,0,30040
FINNIFTY02JAN2421000CE.NFO,02/01/2024,09:20:27,414.75,412.1,80,413.3,120,0,30040
FINNIFTY02JAN2421000CE.NFO,02/01/2024,09:20:29,414.75,412.9,120,414.1,40,0,30040
FINNIFTY02JAN2421000CE.NFO,02/01/2024,09:20:31,414.75,412.6,40,413.75,40,0,30040
FINNIFTY02JAN2421000CE.NFO,02/01/2024,09:20:32,414.75,411.7,640,412.9,40,0,30040
FINNIFTY02JAN2421000CE.NFO,02/01/2024,09:20:34,414.75,411.5,120,412.75,120,0,30040
FINNIFTY02JAN2421000CE.NFO,02/01/2024,09:20:36,414.75,411.7,240,412.9,40,0,30040
FINNIFTY02JAN2421000CE.NFO,02/01/2024,09:20:38,414.75,411.05,40,412.3,120,0,30040
FINNIFTY02JAN2421000CE.NFO,02/01/2024,09:20:39,414.75,411.2,40,412.5,240,0,30040
FINNIFTY02JAN2421000CE.NFO,02/01/2024,09:20:41,414.75,412.55,200,413.65,80,0,30040
FINNIFTY02JAN2421000CE.NFO,02/01/2024,09:20:43,414.75,412,40,413.5,40,0,30040
FINNIFTY02JAN2421000CE.NFO,02/01/2024,09:20:44,414.75,413.3,200,414.45,40,0,30040
FINNIFTY02JAN2421000CE.NFO,02/01/2024,09:20:46,414.75,414,40,415.4,120,0,30040
FINNIFTY02JAN2421000CE.NFO,02/01/2024,09:20:48,414.75,414.6,40,415.8,80,0,30040
FINNIFTY02JAN2421000CE.NFO,02/01/2024,09:20:49,414.75,414.65,120,415.9,560,0,30040
FINNIFTY02JAN2421000CE.NFO,02/01/2024,09:20:51,414.75,415.6,40,416.9,200,0,30040
FINNIFTY02JAN2421000CE.NFO,02/01/2024,09:20:53,414.75,415.85,120,417.1,40,0,30040
FINNIFTY02JAN2421000CE.NFO,02/01/2024,09:20:54,414.75,415.35,40,416.65,40,0,30040
FINNIFTY02JAN2421000CE.NFO,02/01/2024,09:20:56,414.75,414.95,160,416.2,160,0,30040
FINNIFTY02JAN2421000CE.NFO,02/01/2024,09:20:58,414.75,414.75,600,415.55,120,0,30040
FINNIFTY02JAN2421000CE.NFO,02/01/2024,09:20:59,414.75,414.75,600,415.2,160,0,30040
FINNIFTY02JAN2421000CE.NFO,02/01/2024,09:21:01,414.75,414.6,40,415.8,40,600,30000
FINNIFTY02JAN2421000CE.NFO,02/01/2024,09:21:03,414.75,414.4,200,415.65,80,0,30000
FINNIFTY02JAN2421000CE.NFO,02/01/2024,09:21:04,414.75,416.2,40,417.75,120,0,30000
FINNIFTY02JAN2421000CE.NFO,02/01/2024,09:21:06,414.75,419.4,40,420.85,40,0,30000
FINNIFTY02JAN2421000CE.NFO,02/01/2024,09:21:08,424.95,421.35,560,422.4,40,2880,30000
FINNIFTY02JAN2421000CE.NFO,02/01/2024,09:21:08,430.4,421.35,560,422.4,40,0,30000
FINNIFTY02JAN2421000CE.NFO,02/01/2024,09:21:09,424.95,420.95,560,421.95,560,0,30000
FINNIFTY02JAN2421000CE.NFO,02/01/2024,09:21:11,424.95,423.65,560,424.8,160,0,30000
FINNIFTY02JAN2421000CE.NFO,02/01/2024,09:21:13,424.95,422.85,80,423.95,560,0,30000
FINNIFTY02JAN2421000CE.NFO,02/01/2024,09:21:14,422.5,422,560,422.95,560,40,30000
FINNIFTY02JAN2421000CE.NFO,02/01/2024,09:21:16,422.5,420.55,560,421.5,560,0,30000
FINNIFTY02JAN2421000CE.NFO,02/01/2024,09:21:18,422.5,420.65,80,421.75,40,0,30000
FINNIFTY02JAN2421000CE.NFO,02/01/2024,09:21:19,422.5,421.25,560,422.2,600,0,30000
FINNIFTY02JAN2421000CE.NFO,02/01/2024,09:21:21,422.5,420.8,560,421.7,40,0,30000
FINNIFTY02JAN2421000CE.NFO,02/01/2024,09:21:23,422.5,422.35,560,423.35,600,0,30000
FINNIFTY02JAN2421000CE.NFO,02/01/2024,09:21:24,422.5,422.65,560,423.65,560,0,30000
FINNIFTY02JAN2421000CE.NFO,02/01/2024,09:21:26,422.5,424.9,560,425.85,560,0,30000
FINNIFTY02JAN2421000CE.NFO,02/01/2024,09:21:28,430.8,429.6,200,430.8,160,280,30000
FINNIFTY02JAN2421000CE.NFO,02/01/2024,09:21:28,435,429.6,200,430.8,160,0,30000
FINNIFTY02JAN2421000CE.NFO,02/01/2024,09:21:29,431.45,427.5,40,428.65,560,600,30000
FINNIFTY02JAN2421000CE.NFO,02/01/2024,09:21:31,431.45,427.5,200,429.05,120,0,30000
FINNIFTY02JAN2421000CE.NFO,02/01/2024,09:21:32,431.45,427.95,560,429,560,0,30000
FINNIFTY02JAN2421000CE.NFO,02/01/2024,09:21:34,431.45,428.5,40,429.65,560,0,30000
FINNIFTY02JAN2421000CE.NFO,02/01/2024,09:21:36,431.45,426.7,560,427.55,40,0,30000
FINNIFTY02JAN2421000CE.NFO,02/01/2024,09:21:37,431.45,426.25,80,427.35,560,0,30000
FINNIFTY02JAN2421000CE.NFO,02/01/2024,09:21:39,427.15,426.1,560,426.95,40,400,30000
FINNIFTY02JAN2421000CE.NFO,02/01/2024,09:21:41,427.15,425.55,640,426.6,560,0,30000
FINNIFTY02JAN2421000CE.NFO,02/01/2024,09:21:42,427.15,425,600,426.05,560,0,30000
FINNIFTY02JAN2421000CE.NFO,02/01/2024,09:21:44,425,424.75,80,425.7,560,40,30000
FINNIFTY02JAN2421000CE.NFO,02/01/2024,09:21:46,425,425.15,560,426.1,40,0,30000
FINNIFTY02JAN2421000CE.NFO,02/01/2024,09:21:47,425,424.35,560,425.25,40,0,30000
FINNIFTY02JAN2421000CE.NFO,02/01/2024,09:21:49,425,424.75,560,425.75,560,0,30000
FINNIFTY02JAN2421000CE.NFO,02/01/2024,09:21:51,425,424.55,560,425.6,600,0,30000
FINNIFTY02JAN2421000CE.NFO,02/01/2024,09:21:52,425,424.8,560,425.75,40,0,30000
FINNIFTY02JAN2421000CE.NFO,02/01/2024,09:21:54,425,424.7,600,425.65,600,0,30000
FINNIFTY02JAN2421000CE.NFO,02/01/2024,09:21:56,425,426,560,426.95,560,0,30000
FINNIFTY02JAN2421000CE.NFO,02/01/2024,09:21:57,425,426.6,560,427.6,560,0,30000
FINNIFTY02JAN2421000CE.NFO,02/01/2024,09:21:59,425,427.15,560,428.2,560,0,30000
FINNIFTY02JAN2421000CE.NFO,02/01/2024,09:22:01,425,426.25,40,427.35,40,0,30000
FINNIFTY02JAN2421000CE.NFO,02/01/2024,09:22:02,425,426.25,200,427.3,40,0,30000
FINNIFTY02JAN2421000CE.NFO,02/01/2024,09:22:04,425,425.8,40,426.85,40,0,30000
FINNIFTY02JAN2421000CE.NFO,02/01/2024,09:22:06,425,425.55,40,426.55,40,0,30000
FINNIFTY02JAN2421000CE.NFO,02/01/2024,09:22:07,425,424.9,240,425.95,120,0,30000
FINNIFTY02JAN2421000CE.NFO,02/01/2024,09:22:09,425,424.8,600,425.7,40,0,30000
FINNIFTY02JAN2421000CE.NFO,02/01/2024,09:22:11,425,425,80,426,40,0,30000
FINNIFTY02JAN2421000CE.NFO,02/01/2024,09:22:12,425,425.05,560,426.05,160,0,30000
FINNIFTY02JAN2421000CE.NFO,02/01/2024,09:22:14,425,425.2,640,426.2,600,0,30000
FINNIFTY02JAN2421000CE.NFO,02/01/2024,09:22:16,425,423.9,560,424.85,120,0,30000
FINNIFTY02JAN2421000CE.NFO,02/01/2024,09:22:17,425,422.85,560,423.85,120,0,30000
FINNIFTY02JAN2421000CE.NFO,02/01/2024,09:22:19,425,423.85,560,424.9,560,0,30000
FINNIFTY02JAN2421000CE.NFO,02/01/2024,09:22:21,425,422.85,560,423.9,120,0,30000
FINNIFTY02JAN2421000CE.NFO,02/01/2024,09:22:22,425,422.8,560,423.75,120,0,30000
FINNIFTY02JAN2421000CE.NFO,02/01/2024,09:22:24,425,421.55,40,422.55,560,0,30000
FINNIFTY02JAN2421000CE.NFO,02/01/2024,09:22:26,425,421.4,560,422.35,560,0,30000
FINNIFTY02JAN2421000CE.NFO,02/01/2024,09:22:27,425,420.1,560,421.05,560,0,30000
FINNIFTY02JAN2421000CE.NFO,02/01/2024,09:22:29,420,419.6,560,420.55,40,40,30000
FINNIFTY02JAN2421000CE.NFO,02/01/2024,09:22:31,420,419.95,560,420.95,80,0,30000
FINNIFTY02JAN2421000CE.NFO,02/01/2024,09:22:33,420,420,560,420.85,120,0,30000
FINNIFTY02JAN2421000CE.NFO,02/01/2024,09:22:34,420,418.6,560,419.45,40,0,30000
FINNIFTY02JAN2421000CE.NFO,02/01/2024,09:22:36,420,417.45,560,418.25,40,0,30000
FINNIFTY02JAN2421000CE.NFO,02/01/2024,09:22:38,420,418.05,640,419.05,600,0,30000
FINNIFTY02JAN2421000CE.NFO,02/01/2024,09:22:39,420,418.2,560,419.15,40,0,30000
FINNIFTY02JAN2421000CE.NFO,02/01/2024,09:22:41,420,418.1,560,419.05,40,0,30000
FINNIFTY02JAN2421000CE.NFO,02/01/2024,09:22:43,418,417.9,560,418.85,40,40,30000
FINNIFTY02JAN2421000CE.NFO,02/01/2024,09:22:44,418,418.4,560,419.2,40,0,30000
FINNIFTY02JAN2421000CE.NFO,02/01/2024,09:22:46,418,419.25,560,420.2,560,0,30000
FINNIFTY02JAN2421000CE.NFO,02/01/2024,09:22:48,418,419.15,560,420.15,240,0,30000
FINNIFTY02JAN2421000CE.NFO,02/01/2024,09:22:49,418,418.1,560,419.1,560,0,30000
FINNIFTY02JAN2421000CE.NFO,02/01/2024,09:22:51,418,419.45,40,420.5,560,0,30000
FINNIFTY02JAN2421000CE.NFO,02/01/2024,09:22:53,418,420.35,720,421.3,560,0,30000
FINNIFTY02JAN2421000CE.NFO,02/01/2024,09:22:54,418,419.55,40,420.5,560,0,30000
FINNIFTY02JAN2421000CE.NFO,02/01/2024,09:22:56,418,419.7,640,420.75,40,0,30000
FINNIFTY02JAN2421000CE.NFO,02/01/2024,09:22:58,418,421.6,560,422.4,40,0,30000
FINNIFTY02JAN2421000CE.NFO,02/01/2024,09:22:59,418,420.65,560,421.6,560,0,30000
FINNIFTY02JAN2421000CE.NFO,02/01/2024,09:23:01,418,420.6,560,421.5,40,0,30000
FINNIFTY02JAN2421000CE.NFO,02/01/2024,09:23:03,418,420.05,560,421.05,560,0,30000
FINNIFTY02JAN2421000CE.NFO,02/01/2024,09:23:04,418,421.1,40,422.1,560,0,30000
FINNIFTY02JAN2421000CE.NFO,02/01/2024,09:23:06,418,422.1,640,423,40,0,30000
FINNIFTY02JAN2421000CE.NFO,02/01/2024,09:23:08,418,424.45,560,425.3,40,0,30000
FINNIFTY02JAN2421000CE.NFO,02/01/2024,09:23:09,418,424.15,40,425.1,120,0,30000
FINNIFTY02JAN2421000CE.NFO,02/01/2024,09:23:11,424.4,423.4,560,424.2,40,40,30000
FINNIFTY02JAN2421000CE.NFO,02/01/2024,09:23:13,424.4,423.8,200,424.8,560,0,30000
FINNIFTY02JAN2421000CE.NFO,02/01/2024,09:23:14,424.4,424,560,424.9,40,0,30000
FINNIFTY02JAN2421000CE.NFO,02/01/2024,09:23:16,424.4,424.2,600,425.15,560,0,30000
FINNIFTY02JAN2421000CE.NFO,02/01/2024,09:23:18,424.4,425.65,40,426.6,120,0,30000
FINNIFTY02JAN2421000CE.NFO,02/01/2024,09:23:19,424.4,424.35,40,425.3,600,0,30000
FINNIFTY02JAN2421000CE.NFO,02/01/2024,09:23:21,424.4,424.1,40,424.95,560,0,30000
FINNIFTY02JAN2421000CE.NFO,02/01/2024,09:23:23,424.4,424.4,560,425.35,40,0,30000
FINNIFTY02JAN2421000CE.NFO,02/01/2024,09:23:24,424.4,424.35,560,425.25,40,0,30000
FINNIFTY02JAN2421000CE.NFO,02/01/2024,09:23:26,424.4,423.8,40,424.75,560,0,30000
FINNIFTY02JAN2421000CE.NFO,02/01/2024,09:23:28,424.4,423.4,160,424.3,40,0,30000
FINNIFTY02JAN2421000CE.NFO,02/01/2024,09:23:29,424.4,421.75,40,422.65,40,0,30000
FINNIFTY02JAN2421000CE.NFO,02/01/2024,09:23:31,424.4,422.05,560,422.9,40,0,30000
FINNIFTY02JAN2421000CE.NFO,02/01/2024,09:23:33,424.4,423.85,80,424.85,560,0,30000
FINNIFTY02JAN2421000CE.NFO,02/01/2024,09:23:34,424.4,423.5,40,424.35,120,0,30000
FINNIFTY02JAN2421000CE.NFO,02/01/2024,09:23:36,423.55,423.85,560,424.85,160,40,31440
FINNIFTY02JAN2421000CE.NFO,02/01/2024,09:23:38,423.55,424.65,40,425.6,40,0,31440
FINNIFTY02JAN2421000CE.NFO,02/01/2024,09:23:39,423.55,424.6,560,425.6,560,0,31440
FINNIFTY02JAN2421000CE.NFO,02/01/2024,09:23:41,423.55,424.05,40,424.85,560,0,31440
FINNIFTY02JAN2421000CE.NFO,02/01/2024,09:23:43,424.4,423.4,40,424.35,560,880,31440
FINNIFTY02JAN2421000CE.NFO,02/01/2024,09:23:44,424.4,424.05,200,425,560,0,31440
FINNIFTY02JAN2421000CE.NFO,02/01/2024,09:23:46,424.4,423.7,40,424.65,560,0,31440
FINNIFTY02JAN2421000CE.NFO,02/01/2024,09:23:48,424.4,422,40,423,560,0,31440
FINNIFTY02JAN2421000CE.NFO,02/01/2024,09:23:49,424.4,421.95,120,422.95,560,0,31440
FINNIFTY02JAN2421000CE.NFO,02/01/2024,09:23:51,424.4,421.8,760,422.85,560,0,31440
FINNIFTY02JAN2421000CE.NFO,02/01/2024,09:23:53,422.5,423,560,424,560,40,31440
FINNIFTY02JAN2421000CE.NFO,02/01/2024,09:23:54,422.5,421.8,40,422.75,560,0,31440
FINNIFTY02JAN2421000CE.NFO,02/01/2024,09:23:56,422.5,421.45,560,422.5,560,0,31440
FINNIFTY02JAN2421000CE.NFO,02/01/2024,09:23:58,422.5,420.6,560,421.65,560,0,31440
FINNIFTY02JAN2421000CE.NFO,02/01/2024,09:23:59,422.5,420.2,40,421.1,560,0,31440
FINNIFTY02JAN2421000CE.NFO,02/01/2024,09:24:01,422.5,419.2,600,420.2,560,0,31440
FINNIFTY02JAN2421000CE.NFO,02/01/2024,09:24:03,422.5,418.75,40,419.75,560,0,31440
FINNIFTY02JAN2421000CE.NFO,02/01/2024,09:24:04,422.5,419.95,200,420.95,560,0,31440
FINNIFTY02JAN2421000CE.NFO,02/01/2024,09:24:06,420.4,421.1,600,422.15,560,40,31440
FINNIFTY02JAN2421000CE.NFO,02/01/2024,09:24:08,420.4,420.55,40,421.5,40,0,31440
FINNIFTY02JAN2421000CE.NFO,02/01/2024,09:24:09,420.8,420.75,720,421.75,560,40,31440
FINNIFTY02JAN2421000CE.NFO,02/01/2024,09:24:11,420.8,422,40,422.95,560,0,31440
FINNIFTY02JAN2421000CE.NFO,02/01/2024,09:24:13,420.8,422.25,600,423.25,560,0,31440
FINNIFTY02JAN2421000CE.NFO,02/01/2024,09:24:14,420.8,422.4,40,423.3,560,0,31440
FINNIFTY02JAN2421000CE.NFO,02/01/2024,09:24:16,420.8,420.65,40,421.6,560,0,31440
FINNIFTY02JAN2421000CE.NFO,02/01/2024,09:24:18,420.8,420.5,560,421.55,560,0,31440
FINNIFTY02JAN2421000CE.NFO,02/01/2024,09:24:19,420.8,419.95,120,420.85,560,0,31440
FINNIFTY02JAN2421000CE.NFO,02/01/2024,09:24:21,420.8,418.95,600,420,560,0,31440
FINNIFTY02JAN2421000CE.NFO,02/01/2024,09:24:23,419.3,418.6,560,419.55,560,40,31440
FINNIFTY02JAN2421000CE.NFO,02/01/2024,09:24:24,419.3,417.75,560,418.9,600,0,31440
FINNIFTY02JAN2421000CE.NFO,02/01/2024,09:24:26,419.3,418.1,560,419.2,560,0,31440
FINNIFTY02JAN2421000CE.NFO,02/01/2024,09:24:28,419.3,418.4,560,419.45,560,0,31440
FINNIFTY02JAN2421000CE.NFO,02/01/2024,09:24:29,419.3,418.15,40,419.3,640,0,31440
FINNIFTY02JAN2421000CE.NFO,02/01/2024,09:24:31,419.3,418.2,560,419.25,560,0,31440
FINNIFTY02JAN2421000CE.NFO,02/01/2024,09:24:33,419.3,418.1,560,419.05,560,0,31440
FINNIFTY02JAN2421000CE.NFO,02/01/2024,09:24:34,419.3,417.8,560,418.85,560,0,31440
FINNIFTY02JAN2421000CE.NFO,02/01/2024,09:24:36,419.3,418.25,600,419.35,560,0,31440
FINNIFTY02JAN2421000CE.NFO,02/01/2024,09:24:38,419.3,420.05,160,421.05,560,0,31440
FINNIFTY02JAN2421000CE.NFO,02/01/2024,09:24:39,419.3,419.6,560,420.6,560,0,31440
FINNIFTY02JAN2421000CE.NFO,02/01/2024,09:24:41,419.3,419.9,560,420.85,560,0,31440
FINNIFTY02JAN2421000CE.NFO,02/01/2024,09:24:43,420.3,420.5,560,421.5,560,40,31440
FINNIFTY02JAN2421000CE.NFO,02/01/2024,09:24:44,420.3,420.15,560,421.1,560,0,31440
FINNIFTY02JAN2421000CE.NFO,02/01/2024,09:24:46,420.3,420.7,600,421.75,560,0,31440
FINNIFTY02JAN2421000CE.NFO,02/01/2024,09:24:48,420.3,421.7,560,422.7,560,0,31440
FINNIFTY02JAN2421000CE.NFO,02/01/2024,09:24:49,420.3,422.05,640,423.1,560,0,31440
FINNIFTY02JAN2421000CE.NFO,02/01/2024,09:24:51,420.3,421.6,40,422.6,600,0,31440
FINNIFTY02JAN2421000CE.NFO,02/01/2024,09:24:53,420.3,420.7,40,421.7,560,0,31440
FINNIFTY02JAN2421000CE.NFO,02/01/2024,09:24:54,420.3,420.05,40,420.95,600,0,31440
FINNIFTY02JAN2421000CE.NFO,02/01/2024,09:24:56,420.3,418.7,560,419.75,560,0,31440
FINNIFTY02JAN2421000CE.NFO,02/01/2024,09:24:58,420.3,418.7,560,419.65,560,0,31440
FINNIFTY02JAN2421000CE.NFO,02/01/2024,09:24:59,420.3,418.25,600,419.3,560,0,31440
FINNIFTY02JAN2421000CE.NFO,02/01/2024,09:25:01,420.3,417.55,560,418.65,680,0,31440
FINNIFTY02JAN2421000CE.NFO,02/01/2024,09:25:03,420.3,419.1,40,419.95,560,0,31440
FINNIFTY02JAN2421000CE.NFO,02/01/2024,09:25:04,420.3,418.5,560,419.45,560,0,31440
FINNIFTY02JAN2421000CE.NFO,02/01/2024,09:25:06,420.3,418.3,640,419.3,560,0,31440
FINNIFTY02JAN2421000CE.NFO,02/01/2024,09:25:08,420.3,419.9,560,420.95,560,0,31440
FINNIFTY02JAN2421000CE.NFO,02/01/2024,09:25:10,420.3,418.85,120,419.8,560,0,31440
FINNIFTY02JAN2421000CE.NFO,02/01/2024,09:25:11,420.3,417.95,560,418.95,560,0,31440
FINNIFTY02JAN2421000CE.NFO,02/01/2024,09:25:13,420.3,418.35,120,419.25,560,0,31440
FINNIFTY02JAN2421000CE.NFO,02/01/2024,09:25:15,420.3,418.05,80,419.1,560,0,31440
FINNIFTY02JAN2421000CE.NFO,02/01/2024,09:25:16,420.3,417.85,600,418.8,560,0,31440
FINNIFTY02JAN2421000CE.NFO,02/01/2024,09:25:18,420.3,418.25,120,419.3,560,0,31440
FINNIFTY02JAN2421000CE.NFO,02/01/2024,09:25:20,420.3,418.4,560,419.35,560,0,31440
FINNIFTY02JAN2421000CE.NFO,02/01/2024,09:25:21,419.95,419.6,560,420.55,560,40,31440
FINNIFTY02JAN2421000CE.NFO,02/01/2024,09:25:23,419.95,419.3,80,420.3,560,0,31440
FINNIFTY02JAN2421000CE.NFO,02/01/2024,09:25:25,419.95,419.3,120,420.25,560,0,31440
FINNIFTY02JAN2421000CE.NFO,02/01/2024,09:25:26,419.95,419.8,560,420.85,560,0,31440
FINNIFTY02JAN2421000CE.NFO,02/01/2024,09:25:28,419.95,420.5,560,421.45,560,0,31440
FINNIFTY02JAN2421000CE.NFO,02/01/2024,09:25:30,419.95,421,560,422.05,560,0,31440
FINNIFTY02JAN2421000CE.NFO,02/01/2024,09:25:31,421.2,421.55,120,422.55,560,40,31440
FINNIFTY02JAN2421000CE.NFO,02/01/2024,09:25:33,421.2,422.65,120,423.65,560,0,31440
FINNIFTY02JAN2421000CE.NFO,02/01/2024,09:25:35,421.2,423.2,80,424.2,560,0,31440
FINNIFTY02JAN2421000CE.NFO,02/01/2024,09:25:36,421.2,423.6,560,424.65,560,0,31440
FINNIFTY02JAN2421000CE.NFO,02/01/2024,09:25:38,421.2,423.05,40,424.2,40,0,31440
FINNIFTY02JAN2421000CE.NFO,02/01/2024,09:25:40,421.2,421.65,40,422.7,560,0,31440
FINNIFTY02JAN2421000CE.NFO,02/01/2024,09:25:41,421.2,422.2,600,423.2,560,0,31440
FINNIFTY02JAN2421000CE.NFO,02/01/2024,09:25:43,421.2,423.1,560,424.05,560,0,31440
FINNIFTY02JAN2421000CE.NFO,02/01/2024,09:25:45,421.2,422.45,40,423.4,560,0,31440
FINNIFTY02JAN2421000CE.NFO,02/01/2024,09:25:46,421.2,422.2,40,423.2,560,0,31440
FINNIFTY02JAN2421000CE.NFO,02/01/2024,09:25:48,421.2,422.2,600,423.25,560,0,31440
FINNIFTY02JAN2421000CE.NFO,02/01/2024,09:25:50,421.2,421,200,421.9,560,0,31440
FINNIFTY02JAN2421000CE.NFO,02/01/2024,09:25:51,421.2,421.5,560,422.45,560,0,31440
FINNIFTY02JAN2421000CE.NFO,02/01/2024,09:25:53,421.2,421.6,680,422.7,200,0,31440
FINNIFTY02JAN2421000CE.NFO,02/01/2024,09:25:55,421.2,423.7,560,424.75,560,0,31440
FINNIFTY02JAN2421000CE.NFO,02/01/2024,09:25:56,421.2,424.3,320,425.25,560,0,31440
FINNIFTY02JAN2421000CE.NFO,02/01/2024,09:25:58,421.2,424.8,560,425.95,160,0,31440
FINNIFTY02JAN2421000CE.NFO,02/01/2024,09:26:00,421.2,425.15,560,426.1,40,0,31440
FINNIFTY02JAN2421000CE.NFO,02/01/2024,09:26:01,421.2,426.5,160,427.5,560,0,31440
FINNIFTY02JAN2421000CE.NFO,02/01/2024,09:26:03,421.2,425.55,600,426.55,560,0,31440
FINNIFTY02JAN2421000CE.NFO,02/01/2024,09:26:05,421.2,425.35,560,426.4,560,0,31440
FINNIFTY02JAN2421000CE.NFO,02/01/2024,09:26:06,421.2,426.3,560,427.25,160,0,31440
FINNIFTY02JAN2421000CE.NFO,02/01/2024,09:26:08,421.2,425.25,560,426.3,560,0,31440
FINNIFTY02JAN2421000CE.NFO,02/01/2024,09:26:10,421.2,425.5,560,426.45,560,0,31440
FINNIFTY02JAN2421000CE.NFO,02/01/2024,09:26:11,421.2,425.45,40,426.45,560,0,31440
FINNIFTY02JAN2421000CE.NFO,02/01/2024,09:26:13,425.3,425.9,560,426.85,560,680,31440
FINNIFTY02JAN2421000CE.NFO,02/01/2024,09:26:15,425.3,429.1,120,430.25,560,0,31440
FINNIFTY02JAN2421000CE.NFO,02/01/2024,09:26:16,451.2,449.6,200,452.25,80,2880,31440
FINNIFTY02JAN2421000CE.NFO,02/01/2024,09:26:16,455.8,449.6,200,452.25,80,0,31440
FINNIFTY02JAN2421000CE.NFO,02/01/2024,09:26:18,439.35,440.3,200,443.85,40,280,31440
FINNIFTY02JAN2421000CE.NFO,02/01/2024,09:26:20,445.95,442.1,40,444.55,40,120,31440
FINNIFTY02JAN2421000CE.NFO,02/01/2024,09:26:21,445.95,443.6,560,444.85,40,0,31440
FINNIFTY02JAN2421000CE.NFO,02/01/2024,09:26:23,443.65,442.9,80,444.5,40,400,31440
FINNIFTY02JAN2421000CE.NFO,02/01/2024,09:26:25,442.95,441.75,40,442.9,40,40,31600
FINNIFTY02JAN2421000CE.NFO,02/01/2024,09:26:26,442.95,440.65,200,441.8,80,0,31600
FINNIFTY02JAN2421000CE.NFO,02/01/2024,09:26:28,442.95,441.75,560,442.95,40,0,31600
FINNIFTY02JAN2421000CE.NFO,02/01/2024,09:26:30,442.95,448.75,40,450.1,40,0,31600
FINNIFTY02JAN2421000CE.NFO,02/01/2024,09:26:31,449.45,449.95,40,451.2,40,80,31600
FINNIFTY02JAN2421000CE.NFO,02/01/2024,09:26:33,449.45,447.25,560,448.8,40,0,31600
FINNIFTY02JAN2421000CE.NFO,02/01/2024,09:26:35,448.6,447,560,448.05,400,40,31600
FINNIFTY02JAN2421000CE.NFO,02/01/2024,09:26:36,448.6,447.95,40,449.25,80,0,31600
FINNIFTY02JAN2421000CE.NFO,02/01/2024,09:26:38,448.6,453.55,560,454.6,40,0,31600
FINNIFTY02JAN2421000CE.NFO,02/01/2024,09:26:40,456.95,459.7,40,461.55,40,1000,31600
FINNIFTY02JAN2421000CE.NFO,02/01/2024,09:26:40,458,459.7,40,461.55,40,0,31600
FINNIFTY02JAN2421000CE.NFO,02/01/2024,09:26:41,456.95,458.75,40,460.55,40,0,31600
FINNIFTY02JAN2421000CE.NFO,02/01/2024,09:26:43,456.95,458.85,40,460.55,40,0,31600
FINNIFTY02JAN2421000CE.NFO,02/01/2024,09:26:45,461.7,464.05,240,466.5,80,40,31600
FINNIFTY02JAN2421000CE.NFO,02/01/2024,09:26:45,461.7,464.05,240,466.5,80,0,31600
FINNIFTY02JAN2421000CE.NFO,02/01/2024,09:26:46,461.7,465.65,40,467.75,40,0,31600
FINNIFTY02JAN2421000CE.NFO,02/01/2024,09:26:48,461.7,465.05,40,467.05,640,0,31600
FINNIFTY02JAN2421000CE.NFO,02/01/2024,09:26:50,467.2,463.95,80,465,40,40,31600
FINNIFTY02JAN2421000CE.NFO,02/01/2024,09:26:50,467.2,463.95,80,465,40,0,31600
FINNIFTY02JAN2421000CE.NFO,02/01/2024,09:26:51,464,465.7,40,467.1,120,40,31600
FINNIFTY02JAN2421000CE.NFO,02/01/2024,09:26:53,464.45,463,120,464.4,360,40,31600
FINNIFTY02JAN2421000CE.NFO,02/01/2024,09:26:55,459.25,459.2,40,461.15,80,160,31600
FINNIFTY02JAN2421000CE.NFO,02/01/2024,09:26:56,459.25,459.75,560,460.9,360,0,31600
FINNIFTY02JAN2421000CE.NFO,02/01/2024,09:26:58,459.25,457.05,600,458.4,40,0,31600
FINNIFTY02JAN2421000CE.NFO,02/01/2024,09:27:00,459.25,457.8,560,458.6,40,0,31600
FINNIFTY02JAN2421000CE.NFO,02/01/2024,09:27:01,459.25,460.7,40,462.3,40,0,31600
FINNIFTY02JAN2421000CE.NFO,02/01/2024,09:27:03,459.25,461.3,560,462.55,40,0,31600
FINNIFTY02JAN2421000CE.NFO,02/01/2024,09:27:05,459.25,460.8,40,462.2,160,0,31600
FINNIFTY02JAN2421000CE.NFO,02/01/2024,09:27:06,459.25,459.65,560,460.8,40,0,31600
FINNIFTY02JAN2421000CE.NFO,02/01/2024,09:27:08,459.25,463.4,240,463.75,200,0,31600
FINNIFTY02JAN2421000CE.NFO,02/01/2024,09:27:10,463.75,461.4,320,462.55,40,200,31600
FINNIFTY02JAN2421000CE.NFO,02/01/2024,09:27:11,463.75,459.6,40,460.6,240,0,31600
FINNIFTY02JAN2421000CE.NFO,02/01/2024,09:27:13,463.75,461.4,560,462.65,240,0,31600
FINNIFTY02JAN2421000CE.NFO,02/01/2024,09:27:15,463.75,458.95,560,460.2,240,0,31600
FINNIFTY02JAN2421000CE.NFO,02/01/2024,09:27:16,463.75,458.1,600,459.25,240,0,31600
FINNIFTY02JAN2421000CE.NFO,02/01/2024,09:27:18,463.75,458.95,560,460.1,240,0,31600
FINNIFTY02JAN2421000CE.NFO,02/01/2024,09:27:20,463.75,458.45,560,459.45,240,0,31600
FINNIFTY02JAN2421000CE.NFO,02/01/2024,09:27:21,463.75,458.85,320,459.9,240,0,31600
FINNIFTY02JAN2421000CE.NFO,02/01/2024,09:27:23,463.75,459.65,560,460.8,240,0,31600
FINNIFTY02JAN2421000CE.NFO,02/01/2024,09:27:25,459.45,459,560,460.15,520,40,31600
FINNIFTY02JAN2421000CE.NFO,02/01/2024,09:27:26,459.45,455.65,80,456.8,280,0,31600
FINNIFTY02JAN2421000CE.NFO,02/01/2024,09:27:28,459.45,455.2,560,456.25,280,0,31600
FINNIFTY02JAN2421000CE.NFO,02/01/2024,09:27:31,459.45,454.4,560,455.4,280,0,31600
FINNIFTY02JAN2421000CE.NFO,02/01/2024,09:27:33,459.45,454.15,560,455.25,280,0,31600
FINNIFTY02JAN2421000CE.NFO,02/01/2024,09:27:35,454.95,454.55,40,456,40,40,31600
FINNIFTY02JAN2421000CE.NFO,02/01/2024,09:27:36,454.95,457.45,640,458.55,280,0,31600
FINNIFTY02JAN2421000CE.NFO,02/01/2024,09:27:38,457.6,457,560,458,40,80,31600
FINNIFTY02JAN2421000CE.NFO,02/01/2024,09:27:40,457.6,456.35,560,457.45,40,0,31600
FINNIFTY02JAN2421000CE.NFO,02/01/2024,09:27:41,457.45,456.55,560,457.65,400,80,31600
FINNIFTY02JAN2421000CE.NFO,02/01/2024,09:27:43,457.45,457.85,640,458.9,400,0,31600
FINNIFTY02JAN2421000CE.NFO,02/01/2024,09:27:45,457.45,456.5,160,457.45,400,0,31600
FINNIFTY02JAN2421000CE.NFO,02/01/2024,09:27:46,457.45,455.5,80,456.55,400,0,31600
FINNIFTY02JAN2421000CE.NFO,02/01/2024,09:27:48,457.45,456.45,560,457.1,40,0,31600
FINNIFTY02JAN2421000CE.NFO,02/01/2024,09:27:50,457.45,458.35,560,459.35,440,0,31600
FINNIFTY02JAN2421000CE.NFO,02/01/2024,09:27:51,457.45,460.15,560,461.2,400,0,31600
FINNIFTY02JAN2421000CE.NFO,02/01/2024,09:27:53,463.4,464.45,160,465.7,40,40,31600
FINNIFTY02JAN2421000CE.NFO,02/01/2024,09:27:55,464.55,464.35,40,465.7,40,40,31600
FINNIFTY02JAN2421000CE.NFO,02/01/2024,09:27:56,464.55,466.8,560,468.1,120,0,31600
FINNIFTY02JAN2421000CE.NFO,02/01/2024,09:27:58,470.1,470.6,40,472.95,40,440,31600
FINNIFTY02JAN2421000CE.NFO,02/01/2024,09:27:58,475.55,470.6,40,472.95,40,0,31600
FINNIFTY02JAN2421000CE.NFO,02/01/2024,09:28:00,472.5,471,560,472.5,120,40,31600
FINNIFTY02JAN2421000CE.NFO,02/01/2024,09:28:01,472.5,470.9,40,472.6,40,0,31600
FINNIFTY02JAN2421000CE.NFO,02/01/2024,09:28:03,472.5,473.75,40,475.5,80,40,31600
FINNIFTY02JAN2421000CE.NFO,02/01/2024,09:28:05,472.5,473.15,40,474.45,40,0,31600
FINNIFTY02JAN2421000CE.NFO,02/01/2024,09:28:06,472.5,469.95,40,471.5,40,0,31600
FINNIFTY02JAN2421000CE.NFO,02/01/2024,09:28:08,472.5,470.1,40,471.4,280,0,31600
FINNIFTY02JAN2421000CE.NFO,02/01/2024,09:28:10,472.5,468.85,40,469.85,280,0,31600
FINNIFTY02JAN2421000CE.NFO,02/01/2024,09:28:11,472.5,469.85,560,471.15,40,0,31600
FINNIFTY02JAN2421000CE.NFO,02/01/2024,09:28:13,472.5,468.3,560,469.4,280,0,31600
FINNIFTY02JAN2421000CE.NFO,02/01/2024,09:28:15,472.5,467.8,40,468.85,40,0,31600
FINNIFTY02JAN2421000CE.NFO,02/01/2024,09:28:16,472.5,468.85,560,469.9,280,0,31600
FINNIFTY02JAN2421000CE.NFO,02/01/2024,09:28:18,472.5,467,40,468.25,120,0,31600
FINNIFTY02JAN2421000CE.NFO,02/01/2024,09:28:20,472.5,465.75,80,467.1,40,0,31600
FINNIFTY02JAN2421000CE.NFO,02/01/2024,09:28:21,472.5,468.25,40,469.25,280,0,31600
FINNIFTY02JAN2421000CE.NFO,02/01/2024,09:28:23,472.5,468.45,40,469.5,280,0,31600
FINNIFTY02JAN2421000CE.NFO,02/01/2024,09:28:25,472.5,471.3,40,473.15,40,0,31600
FINNIFTY02JAN2421000CE.NFO,02/01/2024,09:28:26,472.5,470.5,40,471.9,40,0,31600
FINNIFTY02JAN2421000CE.NFO,02/01/2024,09:28:28,472.5,469.2,40,470.2,280,0,31600
FINNIFTY02JAN2421000CE.NFO,02/01/2024,09:28:30,472.5,470.85,560,472.15,160,0,31600
FINNIFTY02JAN2421000CE.NFO,02/01/2024,09:28:31,472.5,469.05,40,470.15,280,0,31600
FINNIFTY02JAN2421000CE.NFO,02/01/2024,09:28:33,472.5,466.2,600,467.3,280,0,31600
FINNIFTY02JAN2421000CE.NFO,02/01/2024,09:28:35,472.5,466.05,40,467.05,280,0,31600
FINNIFTY02JAN2421000CE.NFO,02/01/2024,09:28:36,472.5,464.75,80,466.2,40,0,31600
FINNIFTY02JAN2421000CE.NFO,02/01/2024,09:28:38,472.5,464.25,40,465.35,280,0,31600
FINNIFTY02JAN2421000CE.NFO,02/01/2024,09:28:40,472.5,464.9,560,465.95,280,0,31600
FINNIFTY02JAN2421000CE.NFO,02/01/2024,09:28:41,472.5,465.35,40,466.3,280,0,31600
FINNIFTY02JAN2421000CE.NFO,02/01/2024,09:28:43,472.5,465.25,560,466.15,120,0,31600
FINNIFTY02JAN2421000CE.NFO,02/01/2024,09:28:45,472.5,465.2,80,466.15,280,0,31600
FINNIFTY02JAN2421000CE.NFO,02/01/2024,09:28:46,472.5,466.95,40,468.15,40,0,31600
FINNIFTY02JAN2421000CE.NFO,02/01/2024,09:28:48,472.5,466.15,40,467.1,280,0,31600
FINNIFTY02JAN2421000CE.NFO,02/01/2024,09:28:50,472.5,465.75,40,466.8,280,0,31600
FINNIFTY02JAN2421000CE.NFO,02/01/2024,09:28:51,472.5,466.15,40,467.25,280,0,31600
FINNIFTY02JAN2421000CE.NFO,02/01/2024,09:28:53,472.5,465.25,200,466.2,280,0,31600
FINNIFTY02JAN2421000CE.NFO,02/01/2024,09:28:55,472.5,464.25,600,465.3,280,0,31600
FINNIFTY02JAN2421000CE.NFO,02/01/2024,09:28:56,472.5,464.1,560,465.15,280,0,31600
FINNIFTY02JAN2421000CE.NFO,02/01/2024,09:28:58,464.55,463,40,463.95,240,40,31600
FINNIFTY02JAN2421000CE.NFO,02/01/2024,09:29:00,464.55,462.3,80,463.55,40,0,31600
FINNIFTY02JAN2421000CE.NFO,02/01/2024,09:29:01,464.55,462.6,80,463.85,40,0,31600
FINNIFTY02JAN2421000CE.NFO,02/01/2024,09:29:03,464.55,460.05,40,461.4,280,0,31600
FINNIFTY02JAN2421000CE.NFO,02/01/2024,09:29:05,464.55,461.05,40,462,40,0,31600
FINNIFTY02JAN2421000CE.NFO,02/01/2024,09:29:06,464.55,461.15,40,462.6,80,0,31600
FINNIFTY02JAN2421000CE.NFO,02/01/2024,09:29:08,464.55,460.3,40,461.4,240,0,31600
FINNIFTY02JAN2421000CE.NFO,02/01/2024,09:29:10,460.55,460.6,40,461.65,40,80,31600
FINNIFTY02JAN2421000CE.NFO,02/01/2024,09:29:11,460.55,462.45,80,463.9,360,0,31600
FINNIFTY02JAN2421000CE.NFO,02/01/2024,09:29:13,460.55,463.3,40,464.7,40,0,31600
FINNIFTY02JAN2421000CE.NFO,02/01/2024,09:29:15,460.55,462.1,560,463.15,360,0,31600
FINNIFTY02JAN2421000CE.NFO,02/01/2024,09:29:16,460.55,461.35,40,462.35,320,0,31600
FINNIFTY02JAN2421000CE.NFO,02/01/2024,09:29:18,460.55,460.7,40,461.7,320,0,31600
FINNIFTY02JAN2421000CE.NFO,02/01/2024,09:29:20,460.55,459.85,40,460.9,320,0,31600
FINNIFTY02JAN2421000CE.NFO,02/01/2024,09:29:21,460.55,459.8,760,461,320,0,31600
FINNIFTY02JAN2421000CE.NFO,02/01/2024,09:29:23,460.55,459.75,600,460.85,320,0,31600
FINNIFTY02JAN2421000CE.NFO,02/01/2024,09:29:25,460.55,460.85,40,461.8,320,0,31600
FINNIFTY02JAN2421000CE.NFO,02/01/2024,09:29:26,460.55,458.75,640,459.8,320,0,31600
FINNIFTY02JAN2421000CE.NFO,02/01/2024,09:29:28,460.55,458.35,40,459.4,360,0,31600
FINNIFTY02JAN2421000CE.NFO,02/01/2024,09:29:30,460.55,459.7,40,460.8,320,0,31600
FINNIFTY02JAN2421000CE.NFO,02/01/2024,09:29:31,460.55,460.15,40,461.1,320,0,31600
FINNIFTY02JAN2421000CE.NFO,02/01/2024,09:29:33,460.55,459.3,40,460.35,320,0,31600
FINNIFTY02JAN2421000CE.NFO,02/01/2024,09:29:35,460.55,460.6,240,462.1,40,0,31600
FINNIFTY02JAN2421000CE.NFO,02/01/2024,09:29:36,460.55,462.05,40,463.05,320,0,31600
FINNIFTY02JAN2421000CE.NFO,02/01/2024,09:29:38,460.55,462.7,40,463.8,320,0,31600
FINNIFTY02JAN2421000CE.NFO,02/01/2024,09:29:40,460.55,462.7,560,463.8,320,0,31600
FINNIFTY02JAN2421000CE.NFO,02/01/2024,09:29:41,460.55,462.6,40,463.55,320,0,31600
FINNIFTY02JAN2421000CE.NFO,02/01/2024,09:29:43,460.55,461.05,40,462.1,320,0,31600
FINNIFTY02JAN2421000CE.NFO,02/01/2024,09:29:45,460.55,461.25,40,462.25,320,0,31600
FINNIFTY02JAN2421000CE.NFO,02/01/2024,09:29:46,460.55,460.45,40,461.45,320,0,31600
FINNIFTY02JAN2421000CE.NFO,02/01/2024,09:29:48,460.55,460.1,40,461.1,320,0,31600
FINNIFTY02JAN2421000CE.NFO,02/01/2024,09:29:50,460.55,461.2,40,462.15,320,0,31600
FINNIFTY02JAN2421000CE.NFO,02/01/2024,09:29:51,460.55,461.55,600,462.6,320,0,31600
FINNIFTY02JAN2421000CE.NFO,02/01/2024,09:29:53,460.55,463.1,40,464,320,0,31600
FINNIFTY02JAN2421000CE.NFO,02/01/2024,09:29:55,460.55,461.45,640,462.55,320,0,31600
FINNIFTY02JAN2421000CE.NFO,02/01/2024,09:29:56,460.55,461.15,40,462.05,320,0,31600
FINNIFTY02JAN2421000CE.NFO,02/01/2024,09:29:58,460.55,460.4,40,461.4,320,0,31600
FINNIFTY02JAN2421000CE.NFO,02/01/2024,09:30:00,460.55,461.25,40,462.25,320,0,31600
FINNIFTY02JAN2421000CE.NFO,02/01/2024,09:30:01,460.55,463.35,40,464.65,320,0,31600
FINNIFTY02JAN2421000CE.NFO,02/01/2024,09:30:03,460.55,459.85,40,460.9,320,0,31600
FINNIFTY02JAN2421000CE.NFO,02/01/2024,09:30:05,460.55,458.5,40,459.75,360,0,31600
FINNIFTY02JAN2421000CE.NFO,02/01/2024,09:30:06,460.55,456.95,80,457.95,320,0,31600
FINNIFTY02JAN2421000CE.NFO,02/01/2024,09:30:08,457.6,458.75,560,459.75,440,160,31440
FINNIFTY02JAN2421000CE.NFO,02/01/2024,09:30:10,457.6,459.3,80,460.3,440,0,31440
FINNIFTY02JAN2421000CE.NFO,02/01/2024,09:30:11,457.6,458.9,560,460.2,40,0,31440
FINNIFTY02JAN2421000CE.NFO,02/01/2024,09:30:13,457.6,460.65,80,461.6,440,0,31440
FINNIFTY02JAN2421000CE.NFO,02/01/2024,09:30:15,457.6,463,80,464,480,0,31440
FINNIFTY02JAN2421000CE.NFO,02/01/2024,09:30:16,457.6,463.1,560,464.15,440,0,31440
FINNIFTY02JAN2421000CE.NFO,02/01/2024,09:30:18,465.25,464.5,560,465.6,360,80,31440
FINNIFTY02JAN2421000CE.NFO,02/01/2024,09:30:20,465.25,466.5,600,467.65,40,0,31440
FINNIFTY02JAN2421000CE.NFO,02/01/2024,09:30:21,465.25,464.4,40,465.4,360,0,31440
FINNIFTY02JAN2421000CE.NFO,02/01/2024,09:30:23,465.25,463.85,560,464.85,360,0,31440
FINNIFTY02JAN2421000CE.NFO,02/01/2024,09:30:25,465.25,462.9,560,463.95,360,0,31440
FINNIFTY02JAN2421000CE.NFO,02/01/2024,09:30:26,465.25,462.25,120,463.3,360,0,31440
FINNIFTY02JAN2421000CE.NFO,02/01/2024,09:30:28,465.25,461.75,560,462.8,360,0,31440
FINNIFTY02JAN2421000CE.NFO,02/01/2024,09:30:30,461.9,460.65,560,461.75,360,40,31440
FINNIFTY02JAN2421000CE.NFO,02/01/2024,09:30:31,461.9,459.9,160,460.95,480,0,31440
FINNIFTY02JAN2421000CE.NFO,02/01/2024,09:30:33,461.9,460.65,560,461.65,400,0,31440
FINNIFTY02JAN2421000CE.NFO,02/01/2024,09:30:35,461.9,460.8,40,461.9,80,0,31440
FINNIFTY02JAN2421000CE.NFO,02/01/2024,09:30:36,461.9,460.9,40,462,400,0,31440
FINNIFTY02JAN2421000CE.NFO,02/01/2024,09:30:38,461.9,460.35,40,461.35,400,0,31440
FINNIFTY02JAN2421000CE.NFO,02/01/2024,09:30:40,461.9,461.15,560,462.25,400,0,31440
FINNIFTY02JAN2421000CE.NFO,02/01/2024,09:30:41,461.9,462.9,560,464,400,0,31440
FINNIFTY02JAN2421000CE.NFO,02/01/2024,09:30:43,461.9,461.6,40,462.65,400,0,31440
FINNIFTY02JAN2421000CE.NFO,02/01/2024,09:30:45,461.9,462.15,600,463.1,40,0,31440
FINNIFTY02JAN2421000CE.NFO,02/01/2024,09:30:46,461.9,462.05,120,462.95,400,0,31440
FINNIFTY02JAN2421000CE.NFO,02/01/2024,09:30:48,461.9,461.65,40,462.65,400,0,31440
FINNIFTY02JAN2421000CE.NFO,02/01/2024,09:30:50,461.9,461.45,200,462.5,400,0,31440
FINNIFTY02JAN2421000CE.NFO,02/01/2024,09:30:51,461.9,461.35,560,462.4,400,0,31440
FINNIFTY02JAN2421000CE.NFO,02/01/2024,09:30:53,461.9,461.85,40,463,40,0,31440
FINNIFTY02JAN2421000CE.NFO,02/01/2024,09:30:55,461.9,461.3,40,462.35,400,0,31440
FINNIFTY02JAN2421000CE.NFO,02/01/2024,09:30:56,461.9,460.75,40,461.8,400,0,31440
FINNIFTY02JAN2421000CE.NFO,02/01/2024,09:30:58,461.9,460.15,600,461.2,400,0,31440
FINNIFTY02JAN2421000CE.NFO,02/01/2024,09:31:00,461.9,459.15,680,460.2,400,0,31440
FINNIFTY02JAN2421000CE.NFO,02/01/2024,09:31:01,461.9,459.45,40,460.5,400,0,31440
FINNIFTY02JAN2421000CE.NFO,02/01/2024,09:31:03,461.9,458.45,560,459.6,400,0,31440
FINNIFTY02JAN2421000CE.NFO,02/01/2024,09:31:05,461.9,457.6,40,458.55,80,0,31440
FINNIFTY02JAN2421000CE.NFO,02/01/2024,09:31:06,461.9,457.65,40,458.7,400,0,31440
FINNIFTY02JAN2421000CE.NFO,02/01/2024,09:31:08,461.9,457.9,80,458.95,400,0,31440
FINNIFTY02JAN2421000CE.NFO,02/01/2024,09:31:10,461.9,458.4,160,459.5,400,0,31440
FINNIFTY02JAN2421000CE.NFO,02/01/2024,09:31:11,461.9,458.9,560,460,400,0,31440
FINNIFTY02JAN2421000CE.NFO,02/01/2024,09:31:13,461.9,456.2,680,457.35,400,0,31440
FINNIFTY02JAN2421000CE.NFO,02/01/2024,09:31:14,461.9,454.45,440,455.7,400,0,31440
FINNIFTY02JAN2421000CE.NFO,02/01/2024,09:31:16,461.9,454.6,560,455.75,400,0,31440
FINNIFTY02JAN2421000CE.NFO,02/01/2024,09:31:18,461.9,456.4,560,457.5,440,0,31440
FINNIFTY02JAN2421000CE.NFO,02/01/2024,09:31:19,461.9,456.45,560,457.6,400,0,31440
FINNIFTY02JAN2421000CE.NFO,02/01/2024,09:31:21,461.9,455.35,1000,456.45,120,0,31440
FINNIFTY02JAN2421000CE.NFO,02/01/2024,09:31:23,461.9,457.05,560,458.35,120,0,31440
FINNIFTY02JAN2421000CE.NFO,02/01/2024,09:31:24,461.9,456.45,40,457.6,400,0,31440
FINNIFTY02JAN2421000CE.NFO,02/01/2024,09:31:26,461.9,459.05,1120,460.2,400,0,31440
FINNIFTY02JAN2421000CE.NFO,02/01/2024,09:31:28,461.9,459.45,560,460.5,400,0,31440
FINNIFTY02JAN2421000CE.NFO,02/01/2024,09:31:29,461.9,458.55,80,459.55,200,0,31440
FINNIFTY02JAN2421000CE.NFO,02/01/2024,09:31:31,461.9,458.4,560,459.45,80,0,31440
FINNIFTY02JAN2421000CE.NFO,02/01/2024,09:31:33,461.9,457.7,560,458.85,400,0,31440
FINNIFTY02JAN2421000CE.NFO,02/01/2024,09:31:34,461.9,456.15,560,457.5,240,0,31440
FINNIFTY02JAN2421000CE.NFO,02/01/2024,09:31:36,461.9,456.05,560,457.1,400,0,31440
FINNIFTY02JAN2421000CE.NFO,02/01/2024,09:31:38,461.9,455.55,560,456.6,400,0,31440
FINNIFTY02JAN2421000CE.NFO,02/01/2024,09:31:39,461.9,455.85,560,456.95,120,0,31440
FINNIFTY02JAN2421000CE.NFO,02/01/2024,09:31:41,461.9,454.25,200,455.35,400,0,31440
FINNIFTY02JAN2421000CE.NFO,02/01/2024,09:31:43,461.9,454.65,40,455.65,400,0,31440
FINNIFTY02JAN2421000CE.NFO,02/01/2024,09:31:44,461.9,455.15,560,456.25,440,0,31440
FINNIFTY02JAN2421000CE.NFO,02/01/2024,09:31:46,461.9,456,560,457.1,400,0,31440
FINNIFTY02JAN2421000CE.NFO,02/01/2024,09:31:48,461.9,455.6,200,457.05,40,0,31440
FINNIFTY02JAN2421000CE.NFO,02/01/2024,09:31:49,461.9,456.4,80,457.4,400,0,31440
FINNIFTY02JAN2421000CE.NFO,02/01/2024,09:31:51,461.9,455.9,80,456.95,400,0,31440
FINNIFTY02JAN2421000CE.NFO,02/01/2024,09:31:53,461.9,454.8,40,455.85,400,0,31440
FINNIFTY02JAN2421000CE.NFO,02/01/2024,09:31:54,461.9,452.9,560,453.9,120,0,31440
FINNIFTY02JAN2421000CE.NFO,02/01/2024,09:31:56,461.9,453.25,560,454.35,40,0,31440
FINNIFTY02JAN2421000CE.NFO,02/01/2024,09:31:58,461.9,453.85,560,454.85,120,0,31440
FINNIFTY02JAN2421000CE.NFO,02/01/2024,09:31:59,461.9,454.7,80,455.75,400,0,31440
FINNIFTY02JAN2421000CE.NFO,02/01/2024,09:32:01,461.9,453.9,560,454.95,80,0,31440
FINNIFTY02JAN2421000CE.NFO,02/01/2024,09:32:03,461.9,453.55,560,454.75,40,0,31440
FINNIFTY02JAN2421000CE.NFO,02/01/2024,09:32:04,461.9,451.65,680,452.75,400,0,31440
FINNIFTY02JAN2421000CE.NFO,02/01/2024,09:32:06,461.9,451.85,560,453,400,0,31440
FINNIFTY02JAN2421000CE.NFO,02/01/2024,09:32:08,461.9,451.6,560,452.65,80,0,31440
FINNIFTY02JAN2421000CE.NFO,02/01/2024,09:32:09,461.9,451.6,560,452.65,120,0,31440
FINNIFTY02JAN2421000CE.NFO,02/01/2024,09:32:11,461.9,452.85,80,453.95,40,0,31440
FINNIFTY02JAN2421000CE.NFO,02/01/2024,09:32:13,461.9,454.9,560,455.95,600,0,31440
FINNIFTY02JAN2421000CE.NFO,02/01/2024,09:32:14,461.9,452.85,600,454,400,0,31440
FINNIFTY02JAN2421000CE.NFO,02/01/2024,09:32:16,461.9,452.35,560,453.45,400,0,31440
FINNIFTY02JAN2421000CE.NFO,02/01/2024,09:32:18,461.9,450.9,560,451.95,400,0,31440
FINNIFTY02JAN2421000CE.NFO,02/01/2024,09:32:19,450,448.6,600,449.8,40,80,31440
FINNIFTY02JAN2421000CE.NFO,02/01/2024,09:32:21,450,449.85,560,450.75,40,0,31440
FINNIFTY02JAN2421000CE.NFO,02/01/2024,09:32:23,449.55,449.95,40,451,40,80,31440
FINNIFTY02JAN2421000CE.NFO,02/01/2024,09:32:24,449.55,449.6,560,450.65,40,0,31440
FINNIFTY02JAN2421000CE.NFO,02/01/2024,09:32:26,449.55,448.6,560,449.55,40,0,31440
FINNIFTY02JAN2421000CE.NFO,02/01/2024,09:32:28,449.55,450.15,560,451,40,0,31440
FINNIFTY02JAN2421000CE.NFO,02/01/2024,09:32:29,451,451,40,452.1,400,40,31720
FINNIFTY02JAN2421000CE.NFO,02/01/2024,09:32:31,451,451.7,600,452.8,440,0,31720
FINNIFTY02JAN2421000CE.NFO,02/01/2024,09:32:32,451,451.05,560,452,80,0,31720
FINNIFTY02JAN2421000CE.NFO,02/01/2024,09:32:34,451,450.95,1200,452.05,440,0,31720
FINNIFTY02JAN2421000CE.NFO,02/01/2024,09:32:36,451,450.5,560,451.55,40,0,31720
FINNIFTY02JAN2421000CE.NFO,02/01/2024,09:32:37,451,448.8,40,449.9,40,0,31720
FINNIFTY02JAN2421000CE.NFO,02/01/2024,09:32:39,451,448.55,600,449.7,440,0,31720
FINNIFTY02JAN2421000CE.NFO,02/01/2024,09:32:41,451,449.35,120,450.55,40,0,31720
FINNIFTY02JAN2421000CE.NFO,02/01/2024,09:32:42,451,448.3,240,449.3,120,0,31720
FINNIFTY02JAN2421000CE.NFO,02/01/2024,09:32:44,451,448.95,560,449.95,80,0,31720
FINNIFTY02JAN2421000CE.NFO,02/01/2024,09:32:46,451,448.15,80,449.35,40,0,31720
FINNIFTY02JAN2421000CE.NFO,02/01/2024,09:32:47,451,448.7,120,449.85,40,0,31720
FINNIFTY02JAN2421000CE.NFO,02/01/2024,09:32:49,450.5,450.35,560,451.4,80,80,31720
FINNIFTY02JAN2421000CE.NFO,02/01/2024,09:32:51,450.5,449.7,200,450.9,40,0,31720
FINNIFTY02JAN2421000CE.NFO,02/01/2024,09:32:52,450.5,449.65,80,450.7,40,0,31720
FINNIFTY02JAN2421000CE.NFO,02/01/2024,09:32:54,450.5,450.15,560,451.2,560,0,31720
FINNIFTY02JAN2421000CE.NFO,02/01/2024,09:32:56,450.5,449.85,560,450.95,560,0,31720
FINNIFTY02JAN2421000CE.NFO,02/01/2024,09:32:57,450.5,450.05,560,451.1,80,0,31720
FINNIFTY02JAN2421000CE.NFO,02/01/2024,09:32:59,450.5,451.35,560,452.45,440,0,31720
FINNIFTY02JAN2421000CE.NFO,02/01/2024,09:33:01,450.5,451.35,120,452.4,40,0,31720
FINNIFTY02JAN2421000CE.NFO,02/01/2024,09:33:02,450.5,452.15,560,453.2,440,0,31720
FINNIFTY02JAN2421000CE.NFO,02/01/2024,09:33:04,450.5,451.7,80,452.65,80,0,31720
FINNIFTY02JAN2421000CE.NFO,02/01/2024,09:33:06,450.5,451.65,560,452.7,40,0,31720
FINNIFTY02JAN2421000CE.NFO,02/01/2024,09:33:07,450.5,450.75,560,451.8,440,0,31720
FINNIFTY02JAN2421000CE.NFO,02/01/2024,09:33:09,450.5,451.35,560,452.4,40,0,31720
FINNIFTY02JAN2421000CE.NFO,02/01/2024,09:33:11,450.5,451.1,40,452.15,440,0,31720
FINNIFTY02JAN2421000CE.NFO,02/01/2024,09:33:12,450.5,450.7,560,451.6,40,0,31720
FINNIFTY02JAN2421000CE.NFO,02/01/2024,09:33:14,450.5,449.15,160,450.1,80,0,31720
FINNIFTY02JAN2421000CE.NFO,02/01/2024,09:33:16,450.5,447.7,560,448.7,120,0,31720
FINNIFTY02JAN2421000CE.NFO,02/01/2024,09:33:17,450.5,447.5,560,448.5,80,0,31720
FINNIFTY02JAN2421000CE.NFO,02/01/2024,09:33:19,450.5,449.1,560,450.1,40,0,31720
FINNIFTY02JAN2421000CE.NFO,02/01/2024,09:33:21,450.5,448.5,560,449.55,40,0,31720
FINNIFTY02JAN2421000CE.NFO,02/01/2024,09:33:22,450.5,448.05,560,449.05,80,0,31720
FINNIFTY02JAN2421000CE.NFO,02/01/2024,09:33:24,450.5,447.7,560,448.7,80,0,31720
FINNIFTY02JAN2421000CE.NFO,02/01/2024,09:33:26,450.5,446.1,40,447.6,40,0,31720
FINNIFTY02JAN2421000CE.NFO,02/01/2024,09:33:27,450.5,446.45,80,447.65,40,0,31720
FINNIFTY02JAN2421000CE.NFO,02/01/2024,09:33:29,450.5,446.7,560,447.7,40,0,31720
FINNIFTY02JAN2421000CE.NFO,02/01/2024,09:33:31,447.7,448.15,40,449.1,40,40,31720
FINNIFTY02JAN2421000CE.NFO,02/01/2024,09:33:32,447.7,448.6,40,449.55,80,0,31720
FINNIFTY02JAN2421000CE.NFO,02/01/2024,09:33:34,447.7,448.75,560,449.8,240,0,31720
FINNIFTY02JAN2421000CE.NFO,02/01/2024,09:33:36,447.7,448.3,560,449.35,120,0,31720
FINNIFTY02JAN2421000CE.NFO,02/01/2024,09:33:37,447.7,450.05,80,451,40,0,31720
FINNIFTY02JAN2421000CE.NFO,02/01/2024,09:33:39,447.7,449.25,40,450.3,480,0,31720
FINNIFTY02JAN2421000CE.NFO,02/01/2024,09:33:41,447.7,448.85,560,449.75,40,0,31720
FINNIFTY02JAN2421000CE.NFO,02/01/2024,09:33:42,447.7,449.8,40,450.75,40,0,31720
FINNIFTY02JAN2421000CE.NFO,02/01/2024,09:33:44,447.7,450.75,40,451.8,520,0,31720
FINNIFTY02JAN2421000CE.NFO,02/01/2024,09:33:46,447.7,450.75,560,451.8,440,0,31720
FINNIFTY02JAN2421000CE.NFO,02/01/2024,09:33:47,447.7,450.75,80,451.75,40,0,31720
FINNIFTY02JAN2421000CE.NFO,02/01/2024,09:33:49,447.7,451.5,40,452.55,440,0,31720
FINNIFTY02JAN2421000CE.NFO,02/01/2024,09:33:51,447.7,453.7,40,454.7,40,0,31720
FINNIFTY02JAN2421000CE.NFO,02/01/2024,09:33:52,447.7,455.1,80,456.6,80,0,31720
FINNIFTY02JAN2421000CE.NFO,02/01/2024,09:33:54,447.7,454.65,40,455.7,440,0,31720
FINNIFTY02JAN2421000CE.NFO,02/01/2024,09:33:56,447.7,455.15,560,456.05,40,0,31720
FINNIFTY02JAN2421000CE.NFO,02/01/2024,09:33:57,447.7,454.3,560,455.4,480,0,31720
FINNIFTY02JAN2421000CE.NFO,02/01/2024,09:33:59,447.7,454.7,160,455.65,440,0,31720
FINNIFTY02JAN2421000CE.NFO,02/01/2024,09:34:01,447.7,454.25,40,455.4,40,0,31720
FINNIFTY02JAN2421000CE.NFO,02/01/2024,09:34:02,447.7,452.8,200,453.8,440,0,31720
FINNIFTY02JAN2421000CE.NFO,02/01/2024,09:34:04,447.7,452.65,40,453.7,440,0,31720
FINNIFTY02JAN2421000CE.NFO,02/01/2024,09:34:06,447.7,452.2,40,453.1,440,0,31720
FINNIFTY02JAN2421000CE.NFO,02/01/2024,09:34:07,447.7,452.1,600,453.2,40,0,31720
FINNIFTY02JAN2421000CE.NFO,02/01/2024,09:34:09,447.7,451.8,120,452.8,440,0,31720
FINNIFTY02JAN2421000CE.NFO,02/01/2024,09:34:11,447.7,450.7,640,451.75,440,0,31720
FINNIFTY02JAN2421000CE.NFO,02/01/2024,09:34:12,447.7,451.35,40,452.4,480,0,31720
FINNIFTY02JAN2421000CE.NFO,02/01/2024,09:34:14,447.7,451.8,600,452.75,440,0,31720
FINNIFTY02JAN2421000CE.NFO,02/01/2024,09:34:16,447.7,451.4,40,452.45,440,0,31720
FINNIFTY02JAN2421000CE.NFO,02/01/2024,09:34:17,447.7,451.75,40,452.75,440,0,31720
FINNIFTY02JAN2421000CE.NFO,02/01/2024,09:34:19,447.7,449.95,40,451,440,0,31720
FINNIFTY02JAN2421000CE.NFO,02/01/2024,09:34:21,447.7,449.8,520,450.85,480,0,31720
FINNIFTY02JAN2421000CE.NFO,02/01/2024,09:34:22,447.7,449.15,40,450.3,560,0,31720
FINNIFTY02JAN2421000CE.NFO,02/01/2024,09:34:24,447.7,447.3,40,448.3,440,0,31720
FINNIFTY02JAN2421000CE.NFO,02/01/2024,09:34:26,447.7,446.85,40,447.9,440,0,31720
FINNIFTY02JAN2421000CE.NFO,02/01/2024,09:34:27,447.7,447.6,40,448.55,80,0,31720
FINNIFTY02JAN2421000CE.NFO,02/01/2024,09:34:29,447.7,447.5,560,448.6,440,0,31720
FINNIFTY02JAN2421000CE.NFO,02/01/2024,09:34:31,447.7,447.2,560,448.15,40,0,31720
FINNIFTY02JAN2421000CE.NFO,02/01/2024,09:34:32,447.7,448.1,40,449.05,440,0,31720
FINNIFTY02JAN2421000CE.NFO,02/01/2024,09:34:34,447.7,448.35,600,449.35,720,0,31720
FINNIFTY02JAN2421000CE.NFO,02/01/2024,09:34:36,447.7,448.55,640,449.55,40,0,31720
FINNIFTY02JAN2421000CE.NFO,02/01/2024,09:34:37,447.7,448.2,40,449.3,480,0,31720
FINNIFTY02JAN2421000CE.NFO,02/01/2024,09:34:39,447.7,447.55,600,448.65,440,0,31720
FINNIFTY02JAN2421000CE.NFO,02/01/2024,09:34:41,447.7,448.55,80,449.55,560,0,31720
FINNIFTY02JAN2421000CE.NFO,02/01/2024,09:34:42,447.7,450.15,600,451.25,480,0,31720
FINNIFTY02JAN2421000CE.NFO,02/01/2024,09:34:44,447.7,449.55,40,450.6,440,0,31720
FINNIFTY02JAN2421000CE.NFO,02/01/2024,09:34:46,447.7,449.5,440,450.55,440,0,31720
FINNIFTY02JAN2421000CE.NFO,02/01/2024,09:34:47,447.7,449.7,40,450.6,440,0,31720
FINNIFTY02JAN2421000CE.NFO,02/01/2024,09:34:49,447.7,449.7,40,450.65,480,0,31720
FINNIFTY02JAN2421000CE.NFO,02/01/2024,09:34:51,447.7,449.2,40,450.3,40,0,31720
FINNIFTY02JAN2421000CE.NFO,02/01/2024,09:34:52,447.7,448.15,40,449.15,440,0,31720
FINNIFTY02JAN2421000CE.NFO,02/01/2024,09:34:54,447.7,447.7,40,448.7,120,0,31720
FINNIFTY02JAN2421000CE.NFO,02/01/2024,09:34:56,447.7,448,560,449.05,440,0,31720
FINNIFTY02JAN2421000CE.NFO,02/01/2024,09:34:57,447.7,449.35,560,450.3,120,0,31720
FINNIFTY02JAN2421000CE.NFO,02/01/2024,09:34:59,447.7,450.85,40,451.95,40,0,31720
FINNIFTY02JAN2421000CE.NFO,02/01/2024,09:35:01,447.7,451.55,40,452.55,120,0,31720
FINNIFTY02JAN2421000CE.NFO,02/01/2024,09:35:02,447.7,451.45,80,452.45,120,0,31720
FINNIFTY02JAN2421000CE.NFO,02/01/2024,09:35:04,447.7,453.25,80,454.65,40,0,31720
FINNIFTY02JAN2421000CE.NFO,02/01/2024,09:35:06,447.7,452.4,600,453.45,440,0,31720
FINNIFTY02JAN2421000CE.NFO,02/01/2024,09:35:07,447.7,452.6,80,453.55,160,0,31720
FINNIFTY02JAN2421000CE.NFO,02/01/2024,09:35:09,447.7,452.15,560,453.15,200,0,31720
FINNIFTY02JAN2421000CE.NFO,02/01/2024,09:35:11,447.7,450.75,560,451.6,160,0,31720
FINNIFTY02JAN2421000CE.NFO,02/01/2024,09:35:12,447.7,450.2,600,451.2,200,0,31720
FINNIFTY02JAN2421000CE.NFO,02/01/2024,09:35:14,447.7,450.6,560,451.55,40,0,31720
FINNIFTY02JAN2421000CE.NFO,02/01/2024,09:35:16,447.7,450.65,80,451.65,120,0,31720
FINNIFTY02JAN2421000CE.NFO,02/01/2024,09:35:17,447.7,451.1,640,452.2,440,0,31720
FINNIFTY02JAN2421000CE.NFO,02/01/2024,09:35:19,447.7,451.35,560,452.35,120,0,31720
FINNIFTY02JAN2421000CE.NFO,02/01/2024,09:35:21,447.7,453.35,40,454.65,40,0,31720
FINNIFTY02JAN2421000CE.NFO,02/01/2024,09:35:22,447.7,452.1,600,453.1,120,0,31720
FINNIFTY02JAN2421000CE.NFO,02/01/2024,09:35:24,447.7,452.05,40,452.9,440,0,31720
FINNIFTY02JAN2421000CE.NFO,02/01/2024,09:35:26,447.7,452.15,40,453.2,480,0,31720
FINNIFTY02JAN2421000CE.NFO,02/01/2024,09:35:27,447.7,451.65,40,452.65,120,0,31720
FINNIFTY02JAN2421000CE.NFO,02/01/2024,09:35:29,447.7,451.55,80,452.6,440,0,31720
FINNIFTY02JAN2421000CE.NFO,02/01/2024,09:35:31,447.7,450.5,600,451.5,480,0,31720
FINNIFTY02JAN2421000CE.NFO,02/01/2024,09:35:32,447.7,450.55,40,451.6,440,0,31720
FINNIFTY02JAN2421000CE.NFO,02/01/2024,09:35:34,447.7,451.35,120,452.4,120,0,31720
FINNIFTY02JAN2421000CE.NFO,02/01/2024,09:35:36,447.7,450.45,40,451.35,40,0,31720
FINNIFTY02JAN2421000CE.NFO,02/01/2024,09:35:37,447.7,449.3,560,450.3,40,0,31720
FINNIFTY02JAN2421000CE.NFO,02/01/2024,09:35:39,447.7,448.85,80,449.85,480,0,31720
FINNIFTY02JAN2421000CE.NFO,02/01/2024,09:35:41,447.7,449.15,240,450.25,440,0,31720
FINNIFTY02JAN2421000CE.NFO,02/01/2024,09:35:42,447.7,448.9,40,449.85,120,0,31720
FINNIFTY02JAN2421000CE.NFO,02/01/2024,09:35:44,447.7,448.95,560,449.95,160,0,31720
FINNIFTY02JAN2421000CE.NFO,02/01/2024,09:35:46,447.7,447.2,40,448.2,440,0,31720
FINNIFTY02JAN2421000CE.NFO,02/01/2024,09:35:47,447.7,446.45,40,447.5,80,0,31720
FINNIFTY02JAN2421000CE.NFO,02/01/2024,09:35:49,447.7,446.95,40,447.9,120,0,31720
FINNIFTY02JAN2421000CE.NFO,02/01/2024,09:35:51,447.7,447.15,40,448.2,40,0,31720
FINNIFTY02JAN2421000CE.NFO,02/01/2024,09:35:52,447.7,447.15,560,448.2,440,0,31720
FINNIFTY02JAN2421000CE.NFO,02/01/2024,09:35:54,447.7,446.35,40,447.25,120,0,31720
FINNIFTY02JAN2421000CE.NFO,02/01/2024,09:35:56,447.7,444.7,40,446.05,40,0,31720
FINNIFTY02JAN2421000CE.NFO,02/01/2024,09:35:57,447.7,445.35,560,446.4,40,0,31720
FINNIFTY02JAN2421000CE.NFO,02/01/2024,09:35:59,447.7,445.7,560,446.7,440,0,31720
FINNIFTY02JAN2421000CE.NFO,02/01/2024,09:36:01,447.7,444.55,840,445.6,440,0,31720
FINNIFTY02JAN2421000CE.NFO,02/01/2024,09:36:02,447.7,444.85,560,445.9,40,0,31720
FINNIFTY02JAN2421000CE.NFO,02/01/2024,09:36:04,447.7,445.75,40,446.8,480,0,31720
FINNIFTY02JAN2421000CE.NFO,02/01/2024,09:36:06,447.7,446,40,447,120,0,31720
FINNIFTY02JAN2421000CE.NFO,02/01/2024,09:36:07,447.7,446.6,40,447.6,40,0,31720
FINNIFTY02JAN2421000CE.NFO,02/01/2024,09:36:09,447.7,446.95,40,447.95,440,0,31720
FINNIFTY02JAN2421000CE.NFO,02/01/2024,09:36:11,447.7,446.95,40,447.95,40,0,31720
FINNIFTY02JAN2421000CE.NFO,02/01/2024,09:36:13,447.7,446.4,560,447.4,40,0,31720
FINNIFTY02JAN2421000CE.NFO,02/01/2024,09:36:14,447.7,444.7,80,445.7,440,0,31720
FINNIFTY02JAN2421000CE.NFO,02/01/2024,09:36:16,447.7,441.45,40,443,680,0,31720
FINNIFTY02JAN2421000CE.NFO,02/01/2024,09:36:18,447.7,441.35,40,442.45,440,0,31720
FINNIFTY02JAN2421000CE.NFO,02/01/2024,09:36:19,447.7,441.9,40,443.15,40,0,31720
FINNIFTY02JAN2421000CE.NFO,02/01/2024,09:36:21,447.7,441.65,40,442.85,40,0,31720
FINNIFTY02JAN2421000CE.NFO,02/01/2024,09:36:23,447.7,441.8,40,442.9,40,0,31720
FINNIFTY02JAN2421000CE.NFO,02/01/2024,09:36:24,447.7,443.3,40,444.45,40,0,31720
FINNIFTY02JAN2421000CE.NFO,02/01/2024,09:36:26,447.7,444.95,40,446.05,160,0,31720
FINNIFTY02JAN2421000CE.NFO,02/01/2024,09:36:28,447.7,444.8,240,446.75,40,0,31720
FINNIFTY02JAN2421000CE.NFO,02/01/2024,09:36:29,447.7,445.7,40,446.8,40,0,31720
FINNIFTY02JAN2421000CE.NFO,02/01/2024,09:36:31,447.7,446,40,447.25,40,0,31720
FINNIFTY02JAN2421000CE.NFO,02/01/2024,09:36:33,447.7,445.3,240,446.5,120,0,31720
FINNIFTY02JAN2421000CE.NFO,02/01/2024,09:36:34,447.7,444.85,40,446,40,0,31720
FINNIFTY02JAN2421000CE.NFO,02/01/2024,09:36:36,447.7,445.1,280,446.35,80,0,31720
FINNIFTY02JAN2421000CE.NFO,02/01/2024,09:36:38,447.7,444.2,80,445.35,40,0,31720
FINNIFTY02JAN2421000CE.NFO,02/01/2024,09:36:39,447.7,445.65,40,446.75,40,0,31720
FINNIFTY02JAN2421000CE.NFO,02/01/2024,09:36:41,447.7,446.25,40,447.4,80,0,31720
FINNIFTY02JAN2421000CE.NFO,02/01/2024,09:36:43,447.7,445.7,40,446.95,40,0,31720
FINNIFTY02JAN2421000CE.NFO,02/01/2024,09:36:44,447.7,446.5,40,447.7,40,0,31720
FINNIFTY02JAN2421000CE.NFO,02/01/2024,09:36:46,447.7,447,40,448.15,200,0,31720
FINNIFTY02JAN2421000CE.NFO,02/01/2024,09:36:48,447.7,446.9,40,448.05,240,0,31720
FINNIFTY02JAN2421000CE.NFO,02/01/2024,09:36:49,447.7,446.1,120,447.3,40,0,31720
FINNIFTY02JAN2421000CE.NFO,02/01/2024,09:36:51,447.7,447,40,448.05,40,0,31720
FINNIFTY02JAN2421000CE.NFO,02/01/2024,09:36:53,447.7,447.25,80,448.3,240,0,31720
FINNIFTY02JAN2421000CE.NFO,02/01/2024,09:36:54,447.7,448.25,40,449.35,40,0,31720
FINNIFTY02JAN2421000CE.NFO,02/01/2024,09:36:56,447.7,447.55,40,448.6,80,0,31720
FINNIFTY02JAN2421000CE.NFO,02/01/2024,09:36:58,447.7,447.8,40,448.8,40,0,31720
FINNIFTY02JAN2421000CE.NFO,02/01/2024,09:36:59,447.7,448.05,40,449.15,40,0,31720
FINNIFTY02JAN2421000CE.NFO,02/01/2024,09:37:01,447.7,449.7,40,450.8,80,0,31720
FINNIFTY02JAN2421000CE.NFO,02/01/2024,09:37:03,447.7,449.5,40,450.7,40,0,31720
FINNIFTY02JAN2421000CE.NFO,02/01/2024,09:37:04,447.7,449.9,80,450.95,120,0,31720
FINNIFTY02JAN2421000CE.NFO,02/01/2024,09:37:06,447.7,450.25,40,451.35,320,0,31720
FINNIFTY02JAN2421000CE.NFO,02/01/2024,09:37:08,447.7,449.75,680,450.85,40,0,31720
FINNIFTY02JAN2421000CE.NFO,02/01/2024,09:37:09,447.7,449.5,80,450.65,160,0,31720
FINNIFTY02JAN2421000CE.NFO,02/01/2024,09:37:11,447.7,448.8,160,450.2,240,0,31720
FINNIFTY02JAN2421000CE.NFO,02/01/2024,09:37:13,447.7,448.5,40,449.45,40,0,31720
FINNIFTY02JAN2421000CE.NFO,02/01/2024,09:37:14,447.7,448.45,40,449.7,40,0,31720
FINNIFTY02JAN2421000CE.NFO,02/01/2024,09:37:16,447.7,448.75,40,449.7,40,0,31720
FINNIFTY02JAN2421000CE.NFO,02/01/2024,09:37:18,447.7,448.75,40,449.75,40,0,31720
FINNIFTY02JAN2421000CE.NFO,02/01/2024,09:37:19,447.7,448.95,520,450,40,0,31720
FINNIFTY02JAN2421000CE.NFO,02/01/2024,09:37:21,447.7,449.25,40,450.4,240,0,31720
FINNIFTY02JAN2421000CE.NFO,02/01/2024,09:37:23,447.7,449.45,80,450.5,40,0,31720
FINNIFTY02JAN2421000CE.NFO,02/01/2024,09:37:24,447.7,449.85,80,451.15,40,0,31720
FINNIFTY02JAN2421000CE.NFO,02/01/2024,09:37:26,447.7,451.25,560,452.3,240,0,31720
FINNIFTY02JAN2421000CE.NFO,02/01/2024,09:37:28,447.7,451.25,80,452.35,120,0,31720
FINNIFTY02JAN2421000CE.NFO,02/01/2024,09:37:29,447.7,451.9,40,453.3,40,0,31720
FINNIFTY02JAN2421000CE.NFO,02/01/2024,09:37:31,447.7,453.75,40,454.95,40,0,31720
FINNIFTY02JAN2421000CE.NFO,02/01/2024,09:37:33,447.7,454.1,160,455.05,40,0,31720
FINNIFTY02JAN2421000CE.NFO,02/01/2024,09:37:34,447.7,453.9,40,455,40,0,31720
FINNIFTY02JAN2421000CE.NFO,02/01/2024,09:37:36,447.7,453.55,120,454.6,160,0,31720
FINNIFTY02JAN2421000CE.NFO,02/01/2024,09:37:38,454.25,451.7,40,452.8,160,680,31800
FINNIFTY02JAN2421000CE.NFO,02/01/2024,09:37:39,454.25,452.6,80,453.7,80,0,31800
FINNIFTY02JAN2421000CE.NFO,02/01/2024,09:37:41,454.25,453.65,40,454.8,120,0,31800
FINNIFTY02JAN2421000CE.NFO,02/01/2024,09:37:43,454.25,453.5,40,454.9,200,0,31800
FINNIFTY02JAN2421000CE.NFO,02/01/2024,09:37:44,454.25,452.6,40,453.7,40,0,31800
FINNIFTY02JAN2421000CE.NFO,02/01/2024,09:37:46,454.25,451.35,40,452.65,40,0,31800
FINNIFTY02JAN2421000CE.NFO,02/01/2024,09:37:48,454.25,451.45,40,452.5,440,0,31800
FINNIFTY02JAN2421000CE.NFO,02/01/2024,09:37:49,454.25,452.1,40,453.2,80,0,31800
FINNIFTY02JAN2421000CE.NFO,02/01/2024,09:37:51,454.25,452.25,40,453.25,40,0,31800
FINNIFTY02JAN2421000CE.NFO,02/01/2024,09:37:53,454.25,451.65,40,452.7,40,0,31800
FINNIFTY02JAN2421000CE.NFO,02/01/2024,09:37:54,454.25,452.7,40,453.8,40,0,31800
FINNIFTY02JAN2421000CE.NFO,02/01/2024,09:37:56,454.25,452.5,40,453.35,40,0,31800
FINNIFTY02JAN2421000CE.NFO,02/01/2024,09:37:58,454.25,452.65,80,453.75,40,0,31800
FINNIFTY02JAN2421000CE.NFO,02/01/2024,09:37:59,454.25,452.25,40,453.25,80,0,31800
FINNIFTY02JAN2421000CE.NFO,02/01/2024,09:38:01,454.25,452.3,40,453.25,120,0,31800
FINNIFTY02JAN2421000CE.NFO,02/01/2024,09:38:03,454.25,453.05,40,454.1,160,0,31800
FINNIFTY02JAN2421000CE.NFO,02/01/2024,09:38:04,454.25,452.35,40,453.45,200,0,31800
FINNIFTY02JAN2421000CE.NFO,02/01/2024,09:38:06,454.25,451.75,40,452.75,40,0,31800
FINNIFTY02JAN2421000CE.NFO,02/01/2024,09:38:08,454.25,451.75,40,452.75,120,0,31800
FINNIFTY02JAN2421000CE.NFO,02/01/2024,09:38:09,454.25,451.65,40,452.7,600,0,31800
FINNIFTY02JAN2421000CE.NFO,02/01/2024,09:38:11,454.25,451.2,40,452.2,120,0,31800
FINNIFTY02JAN2421000CE.NFO,02/01/2024,09:38:13,454.25,451,40,452.25,480,0,31800
FINNIFTY02JAN2421000CE.NFO,02/01/2024,09:38:14,454.25,451.75,80,453.05,120,0,31800
FINNIFTY02JAN2421000CE.NFO,02/01/2024,09:38:16,454.25,452.6,120,453.55,40,0,31800
FINNIFTY02JAN2421000CE.NFO,02/01/2024,09:38:18,454.25,451.85,200,453.05,200,0,31800
FINNIFTY02JAN2421000CE.NFO,02/01/2024,09:38:19,454.25,452.5,40,453.5,40,0,31800
FINNIFTY02JAN2421000CE.NFO,02/01/2024,09:38:21,454.25,453.7,40,454.85,120,0,31800
FINNIFTY02JAN2421000CE.NFO,02/01/2024,09:38:23,454.25,454.4,40,455.45,120,0,31800
FINNIFTY02JAN2421000CE.NFO,02/01/2024,09:38:24,454.25,453.8,120,455.2,280,0,31800
FINNIFTY02JAN2421000CE.NFO,02/01/2024,09:38:26,454.25,453.9,40,455.05,960,0,31800
FINNIFTY02JAN2421000CE.NFO,02/01/2024,09:38:28,454.25,455.25,40,456.5,240,0,31800
FINNIFTY02JAN2421000CE.NFO,02/01/2024,09:38:29,454.25,455.3,40,456.4,120,0,31800
FINNIFTY02JAN2421000CE.NFO,02/01/2024,09:38:31,454.25,455.05,280,456.2,80,0,31800
FINNIFTY02JAN2421000CE.NFO,02/01/2024,09:38:33,454.25,455.25,40,456.45,40,0,31800
FINNIFTY02JAN2421000CE.NFO,02/01/2024,09:38:34,454.25,454.15,40,455.2,40,0,31800
FINNIFTY02JAN2421000CE.NFO,02/01/2024,09:38:36,454.25,453.45,40,454.65,200,0,31800
FINNIFTY02JAN2421000CE.NFO,02/01/2024,09:38:38,454.25,455.85,40,457.05,120,0,31800
FINNIFTY02JAN2421000CE.NFO,02/01/2024,09:38:39,454.25,455.8,40,457,80,0,31800
FINNIFTY02JAN2421000CE.NFO,02/01/2024,09:38:41,454.25,456.25,40,457.65,440,0,31800
FINNIFTY02JAN2421000CE.NFO,02/01/2024,09:38:43,454.25,454.85,200,456.1,680,0,31800
FINNIFTY02JAN2421000CE.NFO,02/01/2024,09:38:44,454.25,455.85,80,457.15,3800,0,31800
FINNIFTY02JAN2421000CE.NFO,02/01/2024,09:38:46,454.25,454.4,40,455.55,80,0,31800
FINNIFTY02JAN2421000CE.NFO,02/01/2024,09:38:48,454.25,454.25,40,455.4,280,0,31800
FINNIFTY02JAN2421000CE.NFO,02/01/2024,09:38:49,454.25,454.75,40,455.7,120,0,31800
FINNIFTY02JAN2421000CE.NFO,02/01/2024,09:38:51,454.25,454.05,40,455.15,240,0,31800
FINNIFTY02JAN2421000CE.NFO,02/01/2024,09:38:53,454.25,455.2,240,456.4,120,0,31800
FINNIFTY02JAN2421000CE.NFO,02/01/2024,09:38:54,454.25,455.65,40,456.9,160,0,31800
FINNIFTY02JAN2421000CE.NFO,02/01/2024,09:38:56,454.25,456.9,120,458.1,1120,0,31800
FINNIFTY02JAN2421000CE.NFO,02/01/2024,09:38:58,454.25,460.75,40,462.5,360,0,31800
FINNIFTY02JAN2421000CE.NFO,02/01/2024,09:38:59,454.25,459.8,120,461.4,320,0,31800
FINNIFTY02JAN2421000CE.NFO,02/01/2024,09:39:01,454.25,460.45,40,461.75,120,0,31800
FINNIFTY02JAN2421000CE.NFO,02/01/2024,09:39:03,454.25,463.9,40,465.6,240,0,31800
FINNIFTY02JAN2421000CE.NFO,02/01/2024,09:39:04,454.25,462.9,160,464.6,40,0,31800
FINNIFTY02JAN2421000CE.NFO,02/01/2024,09:39:06,454.25,463.5,40,464.95,280,0,31800
FINNIFTY02JAN2421000CE.NFO,02/01/2024,09:39:08,454.25,463.6,40,465,80,0,31800
FINNIFTY02JAN2421000CE.NFO,02/01/2024,09:39:09,454.25,461.7,40,463.1,120,0,31800
FINNIFTY02JAN2421000CE.NFO,02/01/2024,09:39:11,454.25,461.35,80,462.75,160,0,31800
FINNIFTY02JAN2421000CE.NFO,02/01/2024,09:39:13,454.25,461.7,40,462.85,280,0,31800
FINNIFTY02JAN2421000CE.NFO,02/01/2024,09:39:14,454.25,461.85,40,463,80,0,31800
FINNIFTY02JAN2421000CE.NFO,02/01/2024,09:39:16,454.25,461.3,600,462.65,560,0,31800
FINNIFTY02JAN2421000CE.NFO,02/01/2024,09:39:18,454.25,459.2,280,460.35,80,0,31800
FINNIFTY02JAN2421000CE.NFO,02/01/2024,09:39:19,454.25,460.1,80,461.5,80,0,31800
FINNIFTY02JAN2421000CE.NFO,02/01/2024,09:39:21,454.25,461.3,40,462.45,40,0,31800
FINNIFTY02JAN2421000CE.NFO,02/01/2024,09:39:23,454.25,461.85,80,463.25,40,0,31800
FINNIFTY02JAN2421000CE.NFO,02/01/2024,09:39:24,454.25,461,80,462.05,40,0,31800
FINNIFTY02JAN2421000CE.NFO,02/01/2024,09:39:26,454.25,461.9,240,463.45,200,0,31800
FINNIFTY02JAN2421000CE.NFO,02/01/2024,09:39:28,454.25,463.05,40,464.2,120,0,31800
FINNIFTY02JAN2421000CE.NFO,02/01/2024,09:39:29,454.25,462.15,40,463.7,240,0,31800
FINNIFTY02JAN2421000CE.NFO,02/01/2024,09:39:31,454.25,461.15,40,462.5,40,0,31800
FINNIFTY02JAN2421000CE.NFO,02/01/2024,09:39:33,454.25,460.95,80,462.2,120,0,31800
FINNIFTY02JAN2421000CE.NFO,02/01/2024,09:39:34,454.25,461.3,80,462.5,160,0,31800
FINNIFTY02JAN2421000CE.NFO,02/01/2024,09:39:36,454.25,460.05,80,461.25,120,0,31800
FINNIFTY02JAN2421000CE.NFO,02/01/2024,09:39:38,454.25,460.1,40,461.25,40,0,31800
FINNIFTY02JAN2421000CE.NFO,02/01/2024,09:39:39,461,460.85,40,461.95,40,40,31160
FINNIFTY02JAN2421000CE.NFO,02/01/2024,09:39:41,461,461.2,160,462.25,80,0,31160
FINNIFTY02JAN2421000CE.NFO,02/01/2024,09:39:43,461,462.05,80,463.1,120,0,31160
FINNIFTY02JAN2421000CE.NFO,02/01/2024,09:39:44,461,464.2,40,465.6,80,0,31160
FINNIFTY02JAN2421000CE.NFO,02/01/2024,09:39:46,461,466.7,40,467.95,40,0,31160
FINNIFTY02JAN2421000CE.NFO,02/01/2024,09:39:48,461,463.7,40,465.2,80,0,31160
FINNIFTY02JAN2421000CE.NFO,02/01/2024,09:39:49,461,465.35,80,466.6,40,0,31160
FINNIFTY02JAN2421000CE.NFO,02/01/2024,09:39:51,461,466.35,40,467.75,40,0,31160
FINNIFTY02JAN2421000CE.NFO,02/01/2024,09:39:53,461,464.65,40,465.75,40,0,31160
FINNIFTY02JAN2421000CE.NFO,02/01/2024,09:39:54,461,465.6,40,466.85,80,0,31160
FINNIFTY02JAN2421000CE.NFO,02/01/2024,09:39:56,461,464.1,40,465.35,120,0,31160
FINNIFTY02JAN2421000CE.NFO,02/01/2024,09:39:58,461,464.1,160,465.2,40,0,31160
FINNIFTY02JAN2421000CE.NFO,02/01/2024,09:39:59,461,463.65,40,464.7,40,0,31160
FINNIFTY02JAN2421000CE.NFO,02/01/2024,09:40:01,461,462.4,40,463.65,240,0,31160
FINNIFTY02JAN2421000CE.NFO,02/01/2024,09:40:03,461,465.35,40,466.5,40,0,31160
FINNIFTY02JAN2421000CE.NFO,02/01/2024,09:40:04,461,465.1,40,466.15,40,0,31160
FINNIFTY02JAN2421000CE.NFO,02/01/2024,09:40:06,461,463.45,40,464.6,40,0,31160
FINNIFTY02JAN2421000CE.NFO,02/01/2024,09:40:08,461,462.9,40,464,200,0,31160
FINNIFTY02JAN2421000CE.NFO,02/01/2024,09:40:09,461,463.05,40,464.4,120,0,31160
FINNIFTY02JAN2421000CE.NFO,02/01/2024,09:40:11,461,462.45,80,463.8,80,0,31160
FINNIFTY02JAN2421000CE.NFO,02/01/2024,09:40:13,461,462.55,40,463.8,440,0,31160
FINNIFTY02JAN2421000CE.NFO,02/01/2024,09:40:14,461,462.75,40,464.1,40,0,31160
FINNIFTY02JAN2421000CE.NFO,02/01/2024,09:40:16,461,462.85,40,464.05,160,0,31160
FINNIFTY02JAN2421000CE.NFO,02/01/2024,09:40:18,461,464.4,40,465.65,440,0,31160
FINNIFTY02JAN2421000CE.NFO,02/01/2024,09:40:19,461,465.4,80,466.7,40,0,31160
FINNIFTY02JAN2421000CE.NFO,02/01/2024,09:40:21,461,465.4,40,466.9,120,0,31160
FINNIFTY02JAN2421000CE.NFO,02/01/2024,09:40:23,461,464.6,40,466,520,0,31160
FINNIFTY02JAN2421000CE.NFO,02/01/2024,09:40:24,461,464.4,80,465.55,240,0,31160
FINNIFTY02JAN2421000CE.NFO,02/01/2024,09:40:26,461,463.25,40,464.6,360,0,31160
FINNIFTY02JAN2421000CE.NFO,02/01/2024,09:40:28,461,461.9,120,463.1,120,0,31160
FINNIFTY02JAN2421000CE.NFO,02/01/2024,09:40:29,461,461.95,40,463.25,120,0,31160
FINNIFTY02JAN2421000CE.NFO,02/01/2024,09:40:31,461,461.5,40,462.6,40,0,31160
FINNIFTY02JAN2421000CE.NFO,02/01/2024,09:40:33,461,461.05,40,462.3,200,0,31160
FINNIFTY02JAN2421000CE.NFO,02/01/2024,09:40:34,461,461.15,80,462.3,40,0,31160
FINNIFTY02JAN2421000CE.NFO,02/01/2024,09:40:36,461,462.3,40,463.5,280,0,31160
FINNIFTY02JAN2421000CE.NFO,02/01/2024,09:40:38,461,461.8,80,463.1,40,0,31160
FINNIFTY02JAN2421000CE.NFO,02/01/2024,09:40:39,461,461.95,40,463.05,40,0,31160
FINNIFTY02JAN2421000CE.NFO,02/01/2024,09:40:41,461,462.15,40,463.5,80,0,31160
FINNIFTY02JAN2421000CE.NFO,02/01/2024,09:40:43,461,460.55,40,461.8,240,0,31160
FINNIFTY02JAN2421000CE.NFO,02/01/2024,09:40:44,460,459.45,40,460.7,360,400,31160
FINNIFTY02JAN2421000CE.NFO,02/01/2024,09:40:46,460,458,80,459.2,80,0,31160
FINNIFTY02JAN2421000CE.NFO,02/01/2024,09:40:48,460,458.15,40,459.35,80,0,31160
FINNIFTY02JAN2421000CE.NFO,02/01/2024,09:40:50,460,459.05,40,460.35,40,0,31160
FINNIFTY02JAN2421000CE.NFO,02/01/2024,09:40:51,460,459.55,40,460.6,40,0,31160
FINNIFTY02JAN2421000CE.NFO,02/01/2024,09:40:53,460,459.75,40,460.9,40,0,31160
FINNIFTY02JAN2421000CE.NFO,02/01/2024,09:40:55,460,461.4,40,462.5,120,0,31160
FINNIFTY02JAN2421000CE.NFO,02/01/2024,09:40:56,460,460.45,80,461.6,40,0,31160
FINNIFTY02JAN2421000CE.NFO,02/01/2024,09:40:58,460,459.9,80,461.05,40,0,31160
FINNIFTY02JAN2421000CE.NFO,02/01/2024,09:41:00,460,462.35,40,463.6,40,0,31160
FINNIFTY02JAN2421000CE.NFO,02/01/2024,09:41:01,460,460.05,40,461.3,40,0,31160
FINNIFTY02JAN2421000CE.NFO,02/01/2024,09:41:03,460,459.95,40,460.9,40,0,31160
FINNIFTY02JAN2421000CE.NFO,02/01/2024,09:41:05,460,460.05,40,461.05,40,0,31160
FINNIFTY02JAN2421000CE.NFO,02/01/2024,09:41:06,460,460.65,40,461.7,40,0,31160
FINNIFTY02JAN2421000CE.NFO,02/01/2024,09:41:08,460,460.85,80,462,40,0,31160
FINNIFTY02JAN2421000CE.NFO,02/01/2024,09:41:10,460,459.9,80,460.95,40,0,31160
FINNIFTY02JAN2421000CE.NFO,02/01/2024,09:41:11,460,459.35,80,460.4,40,0,31160
FINNIFTY02JAN2421000CE.NFO,02/01/2024,09:41:13,460,459,80,460.05,40,0,31160
FINNIFTY02JAN2421000CE.NFO,02/01/2024,09:41:15,460,459.6,80,460.7,120,0,31160
FINNIFTY02JAN2421000CE.NFO,02/01/2024,09:41:16,460,459.95,40,461.15,120,0,31160
FINNIFTY02JAN2421000CE.NFO,02/01/2024,09:41:18,460,459.6,40,460.7,120,0,31160
FINNIFTY02JAN2421000CE.NFO,02/01/2024,09:41:20,460,459.1,40,460.55,40,0,31160
FINNIFTY02JAN2421000CE.NFO,02/01/2024,09:41:21,460,460.3,40,461.65,40,0,31160
FINNIFTY02JAN2421000CE.NFO,02/01/2024,09:41:23,460,460.85,40,462.05,120,0,31160
FINNIFTY02JAN2421000CE.NFO,02/01/2024,09:41:25,460,460.6,40,462.05,40,0,31160
FINNIFTY02JAN2421000CE.NFO,02/01/2024,09:41:26,460,460.6,80,461.65,40,0,31160
FINNIFTY02JAN2421000CE.NFO,02/01/2024,09:41:28,460,460.6,80,461.95,40,0,31160
FINNIFTY02JAN2421000CE.NFO,02/01/2024,09:41:30,460,460.1,40,461.3,80,0,31160
FINNIFTY02JAN2421000CE.NFO,02/01/2024,09:41:31,460,459.95,40,461.15,80,0,31160
FINNIFTY02JAN2421000CE.NFO,02/01/2024,09:41:33,460,460.6,40,461.95,440,0,31160
FINNIFTY02JAN2421000CE.NFO,02/01/2024,09:41:34,460,460.6,40,461.75,120,0,31160
FINNIFTY02JAN2421000CE.NFO,02/01/2024,09:41:36,460,460.1,80,461.4,240,0,31160
FINNIFTY02JAN2421000CE.NFO,02/01/2024,09:41:38,460,459.35,80,460.55,240,0,31160
FINNIFTY02JAN2421000CE.NFO,02/01/2024,09:41:39,460,459.4,40,460.6,40,0,31160
FINNIFTY02JAN2421000CE.NFO,02/01/2024,09:41:41,460,460.7,40,461.8,80,0,31160
FINNIFTY02JAN2421000CE.NFO,02/01/2024,09:41:43,460,460.7,40,461.75,40,0,31160
FINNIFTY02JAN2421000CE.NFO,02/01/2024,09:41:44,460,460.9,40,462,80,0,31160
FINNIFTY02JAN2421000CE.NFO,02/01/2024,09:41:46,460,461.2,320,462.45,40,0,31160
FINNIFTY02JAN2421000CE.NFO,02/01/2024,09:41:48,460,460.5,40,461.8,600,0,31160
FINNIFTY02JAN2421000CE.NFO,02/01/2024,09:41:49,460,460.45,40,461.7,160,0,31160
FINNIFTY02JAN2421000CE.NFO,02/01/2024,09:41:51,460,459.7,40,460.7,80,0,31160
FINNIFTY02JAN2421000CE.NFO,02/01/2024,09:41:53,460,459.3,40,460.45,160,0,31160
FINNIFTY02JAN2421000CE.NFO,02/01/2024,09:41:54,460,459.95,40,461.05,120,0,31160
FINNIFTY02JAN2421000CE.NFO,02/01/2024,09:41:56,460,459.9,40,460.9,80,0,31160
FINNIFTY02JAN2421000CE.NFO,02/01/2024,09:41:58,460,459.65,160,461.1,200,0,31160
FINNIFTY02JAN2421000CE.NFO,02/01/2024,09:41:59,460,459.5,40,460.75,120,0,31160
FINNIFTY02JAN2421000CE.NFO,02/01/2024,09:42:01,458,456.45,80,457.7,40,40,31200
FINNIFTY02JAN2421000CE.NFO,02/01/2024,09:42:03,458,456.15,40,457.8,440,0,31200
FINNIFTY02JAN2421000CE.NFO,02/01/2024,09:42:04,458,456.4,40,457.7,40,0,31200
FINNIFTY02JAN2421000CE.NFO,02/01/2024,09:42:06,455,455,160,455.15,80,240,31200
FINNIFTY02JAN2421000CE.NFO,02/01/2024,09:42:08,455,454.1,240,455.3,120,160,31200
FINNIFTY02JAN2421000CE.NFO,02/01/2024,09:42:09,455,455.4,80,456.5,160,0,31200
FINNIFTY02JAN2421000CE.NFO,02/01/2024,09:42:11,455,455.85,40,456.8,40,0,31200
FINNIFTY02JAN2421000CE.NFO,02/01/2024,09:42:13,455,455.25,40,456.35,80,0,31200
FINNIFTY02JAN2421000CE.NFO,02/01/2024,09:42:14,455,455.2,40,456.25,40,0,31200
FINNIFTY02JAN2421000CE.NFO,02/01/2024,09:42:16,455,455.15,40,456.1,40,0,31200
FINNIFTY02JAN2421000CE.NFO,02/01/2024,09:42:18,455,455.9,40,456.9,80,0,31200
FINNIFTY02JAN2421000CE.NFO,02/01/2024,09:42:19,455,457.5,40,458.7,80,0,31200
FINNIFTY02JAN2421000CE.NFO,02/01/2024,09:42:21,455,456.15,80,457.25,120,0,31200
FINNIFTY02JAN2421000CE.NFO,02/01/2024,09:42:23,455,455.95,40,457.2,40,0,31200
FINNIFTY02JAN2421000CE.NFO,02/01/2024,09:42:24,455,455.55,40,456.6,40,0,31200
FINNIFTY02JAN2421000CE.NFO,02/01/2024,09:42:26,455,455.2,40,456.25,80,0,31200
FINNIFTY02JAN2421000CE.NFO,02/01/2024,09:42:28,455,455.2,80,456.3,40,0,31200
FINNIFTY02JAN2421000CE.NFO,02/01/2024,09:42:29,455,456.25,40,457.3,80,0,31200
FINNIFTY02JAN2421000CE.NFO,02/01/2024,09:42:31,455,457.1,40,458.15,120,0,31200
FINNIFTY02JAN2421000CE.NFO,02/01/2024,09:42:33,455,457,40,457.95,40,0,31200
FINNIFTY02JAN2421000CE.NFO,02/01/2024,09:42:34,455,456.35,80,457.5,240,0,31200
FINNIFTY02JAN2421000CE.NFO,02/01/2024,09:42:36,455,456.3,80,457.25,40,0,31200
FINNIFTY02JAN2421000CE.NFO,02/01/2024,09:42:38,455,456.6,80,457.8,40,0,31200
FINNIFTY02JAN2421000CE.NFO,02/01/2024,09:42:39,455,458,40,459.15,120,0,31200
FINNIFTY02JAN2421000CE.NFO,02/01/2024,09:42:41,455,457.15,120,458.35,80,0,31200
FINNIFTY02JAN2421000CE.NFO,02/01/2024,09:42:43,455,457.5,80,458.8,200,0,31200
FINNIFTY02JAN2421000CE.NFO,02/01/2024,09:42:44,455,458.2,40,459.35,440,0,31200
FINNIFTY02JAN2421000CE.NFO,02/01/2024,09:42:46,455,457.75,40,458.85,80,0,31200
FINNIFTY02JAN2421000CE.NFO,02/01/2024,09:42:48,455,458.15,40,459.55,200,0,31200
FINNIFTY02JAN2421000CE.NFO,02/01/2024,09:42:49,455,457.9,40,459.05,80,0,31200
FINNIFTY02JAN2421000CE.NFO,02/01/2024,09:42:51,455,458.4,40,459.6,120,0,31200
FINNIFTY02JAN2421000CE.NFO,02/01/2024,09:42:53,455,460.2,40,462.3,360,0,31200
FINNIFTY02JAN2421000CE.NFO,02/01/2024,09:42:55,455,459.75,40,461,320,0,31200
FINNIFTY02JAN2421000CE.NFO,02/01/2024,09:42:56,460.35,460.35,120,461.4,40,40,31200
FINNIFTY02JAN2421000CE.NFO,02/01/2024,09:42:58,460.35,460.65,40,461.8,40,0,31200
FINNIFTY02JAN2421000CE.NFO,02/01/2024,09:43:00,460.35,461.1,80,462.05,120,0,31200
FINNIFTY02JAN2421000CE.NFO,02/01/2024,09:43:01,460.35,459,40,460.2,120,0,31200
FINNIFTY02JAN2421000CE.NFO,02/01/2024,09:43:03,460.35,459.75,160,460.85,40,0,31200
FINNIFTY02JAN2421000CE.NFO,02/01/2024,09:43:05,460.35,460.85,40,461.85,80,0,31200
FINNIFTY02JAN2421000CE.NFO,02/01/2024,09:43:06,460.35,459.85,40,461.1,40,0,31200
FINNIFTY02JAN2421000CE.NFO,02/01/2024,09:43:08,460.35,459.85,40,460.85,120,0,31200
FINNIFTY02JAN2421000CE.NFO,02/01/2024,09:43:10,460.35,459,40,460.05,40,0,31200
FINNIFTY02JAN2421000CE.NFO,02/01/2024,09:43:11,460.35,458.75,40,459.85,40,0,31200
FINNIFTY02JAN2421000CE.NFO,02/01/2024,09:43:13,460.35,456.6,40,457.5,40,0,31200
FINNIFTY02JAN2421000CE.NFO,02/01/2024,09:43:15,460.35,456.65,40,457.9,80,0,31200
FINNIFTY02JAN2421000CE.NFO,02/01/2024,09:43:16,460.35,456.9,40,458,40,0,31200
FINNIFTY02JAN2421000CE.NFO,02/01/2024,09:43:18,460.35,456.25,520,457.3,40,0,31200
FINNIFTY02JAN2421000CE.NFO,02/01/2024,09:43:20,460.35,455.65,40,456.7,40,0,31200
FINNIFTY02JAN2421000CE.NFO,02/01/2024,09:43:21,460.35,455.55,40,456.6,40,0,31200
FINNIFTY02JAN2421000CE.NFO,02/01/2024,09:43:23,460.35,455.65,40,456.7,120,0,31200
FINNIFTY02JAN2421000CE.NFO,02/01/2024,09:43:25,460.35,455.1,40,456.4,40,0,31200
FINNIFTY02JAN2421000CE.NFO,02/01/2024,09:43:26,460.35,453.75,40,454.9,120,0,31200
FINNIFTY02JAN2421000CE.NFO,02/01/2024,09:43:28,460.35,453.6,120,454.9,120,0,31200
FINNIFTY02JAN2421000CE.NFO,02/01/2024,09:43:30,460.35,454.75,40,456,40,0,31200
FINNIFTY02JAN2421000CE.NFO,02/01/2024,09:43:31,460.35,454.6,40,455.65,120,0,31200
FINNIFTY02JAN2421000CE.NFO,02/01/2024,09:43:33,460.35,451.95,160,454.2,520,0,31200
FINNIFTY02JAN2421000CE.NFO,02/01/2024,09:43:35,460.35,452.65,40,453.9,40,0,31200
FINNIFTY02JAN2421000CE.NFO,02/01/2024,09:43:36,460.35,452.3,40,453.7,80,0,31200
FINNIFTY02JAN2421000CE.NFO,02/01/2024,09:43:38,460.35,450.55,120,452.15,840,0,31200
FINNIFTY02JAN2421000CE.NFO,02/01/2024,09:43:40,460.35,451.05,40,452.25,160,0,31200
FINNIFTY02JAN2421000CE.NFO,02/01/2024,09:43:41,460.35,451.45,40,452.75,160,0,31200
FINNIFTY02JAN2421000CE.NFO,02/01/2024,09:43:43,460.35,450.85,120,452.35,160,0,31200
FINNIFTY02JAN2421000CE.NFO,02/01/2024,09:43:45,460.35,450.3,40,451.55,240,0,31200
FINNIFTY02JAN2421000CE.NFO,02/01/2024,09:43:46,460.35,451.2,40,452.4,80,0,31200
FINNIFTY02JAN2421000CE.NFO,02/01/2024,09:43:48,460.35,453.4,40,454.75,80,0,31200
FINNIFTY02JAN2421000CE.NFO,02/01/2024,09:43:50,460.35,453.3,120,454.55,40,0,31200
FINNIFTY02JAN2421000CE.NFO,02/01/2024,09:43:51,460.35,452.6,40,454.05,80,0,31200
FINNIFTY02JAN2421000CE.NFO,02/01/2024,09:43:53,460.35,451.95,40,453.25,400,0,31200
FINNIFTY02JAN2421000CE.NFO,02/01/2024,09:43:55,460.35,451.4,240,452.8,240,0,31200
FINNIFTY02JAN2421000CE.NFO,02/01/2024,09:43:56,460.35,451.05,40,452.25,160,0,31200
FINNIFTY02JAN2421000CE.NFO,02/01/2024,09:43:58,460.35,452.2,80,453.4,80,0,31200
FINNIFTY02JAN2421000CE.NFO,02/01/2024,09:44:00,460.35,453.9,40,455.35,440,0,31200
FINNIFTY02JAN2421000CE.NFO,02/01/2024,09:44:01,460.35,451.8,40,453.25,640,0,31200
FINNIFTY02JAN2421000CE.NFO,02/01/2024,09:44:03,460.35,450.05,40,451.35,120,0,31200
FINNIFTY02JAN2421000CE.NFO,02/01/2024,09:44:05,460.35,448.35,160,449.7,120,0,31200
FINNIFTY02JAN2421000CE.NFO,02/01/2024,09:44:06,460.35,448.45,40,449.9,80,0,31200
FINNIFTY02JAN2421000CE.NFO,02/01/2024,09:44:08,460.35,448.5,120,449.95,440,0,31200
FINNIFTY02JAN2421000CE.NFO,02/01/2024,09:44:10,460.35,447.6,40,448.8,80,0,31200
FINNIFTY02JAN2421000CE.NFO,02/01/2024,09:44:11,460.35,448.3,40,449.7,280,0,31200
FINNIFTY02JAN2421000CE.NFO,02/01/2024,09:44:13,460.35,449.1,40,450.5,440,0,31200
FINNIFTY02JAN2421000CE.NFO,02/01/2024,09:44:15,460.35,449.3,40,450.55,120,0,31200
FINNIFTY02JAN2421000CE.NFO,02/01/2024,09:44:16,460.35,448.8,80,450.05,120,0,31200
FINNIFTY02JAN2421000CE.NFO,02/01/2024,09:44:18,460.35,445.65,120,448.7,320,0,31200
FINNIFTY02JAN2421000CE.NFO,02/01/2024,09:44:20,460.35,446.15,40,447.55,40,0,31200
FINNIFTY02JAN2421000CE.NFO,02/01/2024,09:44:21,460.35,448.6,40,450.1,120,0,31200
FINNIFTY02JAN2421000CE.NFO,02/01/2024,09:44:23,460.35,448.4,40,449.65,120,0,31200
FINNIFTY02JAN2421000CE.NFO,02/01/2024,09:44:25,460.35,448.45,40,449.8,640,0,31200
FINNIFTY02JAN2421000CE.NFO,02/01/2024,09:44:26,460.35,448.75,80,450.05,320,0,31200
FINNIFTY02JAN2421000CE.NFO,02/01/2024,09:44:28,460.35,449.4,40,450.8,120,0,31200
FINNIFTY02JAN2421000CE.NFO,02/01/2024,09:44:30,460.35,448.65,40,449.8,160,0,31200
FINNIFTY02JAN2421000CE.NFO,02/01/2024,09:44:31,460.35,449.35,40,450.55,120,0,31200
FINNIFTY02JAN2421000CE.NFO,02/01/2024,09:44:33,460.35,449.2,40,450.35,120,0,31200
FINNIFTY02JAN2421000CE.NFO,02/01/2024,09:44:34,460.35,447.95,680,449.15,40,0,31200
FINNIFTY02JAN2421000CE.NFO,02/01/2024,09:44:36,460.35,447.25,80,448.65,40,0,31200
FINNIFTY02JAN2421000CE.NFO,02/01/2024,09:44:38,460.35,448.5,40,449.8,40,0,31200
FINNIFTY02JAN2421000CE.NFO,02/01/2024,09:44:39,460.35,448.4,40,449.5,120,0,31200
FINNIFTY02JAN2421000CE.NFO,02/01/2024,09:44:41,460.35,449.65,40,450.75,40,0,31200
FINNIFTY02JAN2421000CE.NFO,02/01/2024,09:44:43,460.35,449.5,40,450.75,40,0,31200
FINNIFTY02JAN2421000CE.NFO,02/01/2024,09:44:44,460.35,449.85,200,451.05,120,0,31200
FINNIFTY02JAN2421000CE.NFO,02/01/2024,09:44:46,460.35,448.95,320,450.2,40,0,31200
FINNIFTY02JAN2421000CE.NFO,02/01/2024,09:44:48,460.35,448.65,120,449.8,240,0,31200
FINNIFTY02JAN2421000CE.NFO,02/01/2024,09:44:49,460.35,448.65,40,449.7,40,0,31200
FINNIFTY02JAN2421000CE.NFO,02/01/2024,09:44:51,460.35,448.9,40,450.05,40,0,31200
FINNIFTY02JAN2421000CE.NFO,02/01/2024,09:44:53,460.35,448.7,480,449.95,80,0,31200
FINNIFTY02JAN2421000CE.NFO,02/01/2024,09:44:54,460.35,449.2,40,450.2,80,0,31200
FINNIFTY02JAN2421000CE.NFO,02/01/2024,09:44:56,460.35,448.4,40,449.4,120,0,31200
FINNIFTY02JAN2421000CE.NFO,02/01/2024,09:44:58,460.35,447.85,120,449.05,120,0,31200
FINNIFTY02JAN2421000CE.NFO,02/01/2024,09:45:00,460.35,447.8,200,449.2,320,0,31200
FINNIFTY02JAN2421000CE.NFO,02/01/2024,09:45:01,460.35,446.3,80,447.45,120,0,31200
FINNIFTY02JAN2421000CE.NFO,02/01/2024,09:45:03,460.35,446.8,120,448.1,120,0,31200
FINNIFTY02JAN2421000CE.NFO,02/01/2024,09:45:05,460.35,449.1,40,450.2,120,0,31200
FINNIFTY02JAN2421000CE.NFO,02/01/2024,09:45:06,460.35,447.4,120,448.5,120,0,31200
FINNIFTY02JAN2421000CE.NFO,02/01/2024,09:45:08,460.35,446.85,80,448,120,0,31200
FINNIFTY02JAN2421000CE.NFO,02/01/2024,09:45:10,460.35,447.45,40,448.75,120,0,31200
FINNIFTY02JAN2421000CE.NFO,02/01/2024,09:45:11,460.35,448,120,449.05,120,0,31200
FINNIFTY02JAN2421000CE.NFO,02/01/2024,09:45:13,460.35,448.6,80,449.6,120,0,31200
FINNIFTY02JAN2421000CE.NFO,02/01/2024,09:45:15,460.35,448,120,449.1,40,0,31200
FINNIFTY02JAN2421000CE.NFO,02/01/2024,09:45:16,460.35,448.15,40,449.15,120,0,31200
FINNIFTY02JAN2421000CE.NFO,02/01/2024,09:45:18,460.35,447.15,200,448.5,120,0,31200
FINNIFTY02JAN2421000CE.NFO,02/01/2024,09:45:20,460.35,447.1,40,448.25,160,0,31200
FINNIFTY02JAN2421000CE.NFO,02/01/2024,09:45:21,460.35,446.55,80,447.7,120,0,31200
FINNIFTY02JAN2421000CE.NFO,02/01/2024,09:45:23,460.35,445.45,40,446.8,120,0,31200
FINNIFTY02JAN2421000CE.NFO,02/01/2024,09:45:25,460.35,445.3,120,446.55,120,0,31200
FINNIFTY02JAN2421000CE.NFO,02/01/2024,09:45:26,460.35,442.8,40,444.25,200,0,31200
FINNIFTY02JAN2421000CE.NFO,02/01/2024,09:45:28,460.35,443.3,40,444.55,320,0,31200
FINNIFTY02JAN2421000CE.NFO,02/01/2024,09:45:30,460.35,443.85,40,445.25,200,0,31200
FINNIFTY02JAN2421000CE.NFO,02/01/2024,09:45:31,460.35,444.65,40,446.35,40,0,31200
FINNIFTY02JAN2421000CE.NFO,02/01/2024,09:45:33,460.35,444.35,80,445.75,240,0,31200
FINNIFTY02JAN2421000CE.NFO,02/01/2024,09:45:35,460.35,445.1,80,446.3,240,0,31200
FINNIFTY02JAN2421000CE.NFO,02/01/2024,09:45:36,460.35,445.05,40,446.3,40,0,31200
FINNIFTY02JAN2421000CE.NFO,02/01/2024,09:45:38,460.35,444.6,40,445.75,200,0,31200
FINNIFTY02JAN2421000CE.NFO,02/01/2024,09:45:40,460.35,444.75,40,445.95,80,0,31200
FINNIFTY02JAN2421000CE.NFO,02/01/2024,09:45:41,460.35,444.7,40,445.95,80,0,31200
FINNIFTY02JAN2421000CE.NFO,02/01/2024,09:45:43,460.35,444.4,40,445.65,120,0,31200
FINNIFTY02JAN2421000CE.NFO,02/01/2024,09:45:45,460.35,444.55,40,445.75,80,0,31200
FINNIFTY02JAN2421000CE.NFO,02/01/2024,09:45:46,460.35,444.25,40,445.4,40,0,31200
FINNIFTY02JAN2421000CE.NFO,02/01/2024,09:45:48,460.35,441.85,40,443.45,160,0,31200
FINNIFTY02JAN2421000CE.NFO,02/01/2024,09:45:50,460.35,441.55,40,443,440,0,31200
FINNIFTY02JAN2421000CE.NFO,02/01/2024,09:45:51,460.35,440.7,40,442.35,40,0,31200
FINNIFTY02JAN2421000CE.NFO,02/01/2024,09:45:53,460.35,440.75,40,442.2,120,0,31200
FINNIFTY02JAN2421000CE.NFO,02/01/2024,09:45:55,440,436.7,280,441.05,200,480,31200
FINNIFTY02JAN2421000CE.NFO,02/01/2024,09:45:56,436.7,439.35,40,441,440,40,31200
FINNIFTY02JAN2421000CE.NFO,02/01/2024,09:45:58,436.7,439,40,440.3,40,0,31200
FINNIFTY02JAN2421000CE.NFO,02/01/2024,09:46:00,436.7,438,40,439.15,40,0,31200
FINNIFTY02JAN2421000CE.NFO,02/01/2024,09:46:01,436.7,438,200,439.1,40,0,31200
FINNIFTY02JAN2421000CE.NFO,02/01/2024,09:46:03,436.7,438.6,40,439.75,40,0,31200
FINNIFTY02JAN2421000CE.NFO,02/01/2024,09:46:05,436.7,436.5,40,437.5,40,0,31200
FINNIFTY02JAN2421000CE.NFO,02/01/2024,09:46:06,436.7,435.35,40,436.85,480,0,31200
FINNIFTY02JAN2421000CE.NFO,02/01/2024,09:46:08,436.7,438,40,439.2,120,0,31200
FINNIFTY02JAN2421000CE.NFO,02/01/2024,09:46:10,436.7,437.45,120,438.5,40,0,31200
FINNIFTY02JAN2421000CE.NFO,02/01/2024,09:46:11,436.7,436.3,40,437.7,40,0,31200
FINNIFTY02JAN2421000CE.NFO,02/01/2024,09:46:13,436.7,436.7,40,437.75,40,0,31200
FINNIFTY02JAN2421000CE.NFO,02/01/2024,09:46:15,436.7,436.85,40,437.9,40,0,31200
FINNIFTY02JAN2421000CE.NFO,02/01/2024,09:46:16,436.7,438.2,40,439.2,40,0,31200
FINNIFTY02JAN2421000CE.NFO,02/01/2024,09:46:18,436.7,439,40,440.2,40,0,31200
FINNIFTY02JAN2421000CE.NFO,02/01/2024,09:46:20,436.7,438.55,80,439.5,80,0,31200
FINNIFTY02JAN2421000CE.NFO,02/01/2024,09:46:21,436.7,438.35,40,439.35,160,0,31200
FINNIFTY02JAN2421000CE.NFO,02/01/2024,09:46:23,436.7,439.1,80,440.1,120,0,31200
FINNIFTY02JAN2421000CE.NFO,02/01/2024,09:46:25,436.7,439.45,40,440.5,40,0,31200
FINNIFTY02JAN2421000CE.NFO,02/01/2024,09:46:26,436.7,438.95,160,440.35,520,0,31200
FINNIFTY02JAN2421000CE.NFO,02/01/2024,09:46:28,436.7,439.35,40,440.65,40,0,31200
FINNIFTY02JAN2421000CE.NFO,02/01/2024,09:46:30,436.7,440.7,40,441.75,80,0,31200
FINNIFTY02JAN2421000CE.NFO,02/01/2024,09:46:31,436.7,440.8,200,442.1,160,0,31200
FINNIFTY02JAN2421000CE.NFO,02/01/2024,09:46:33,436.7,441.9,40,442.8,120,0,31200
FINNIFTY02JAN2421000CE.NFO,02/01/2024,09:46:35,436.7,442.3,240,443.5,280,0,31200
FINNIFTY02JAN2421000CE.NFO,02/01/2024,09:46:36,436.7,442.05,40,443.2,280,0,31200
FINNIFTY02JAN2421000CE.NFO,02/01/2024,09:46:38,436.7,440.85,40,442.25,40,0,31200
FINNIFTY02JAN2421000CE.NFO,02/01/2024,09:46:40,436.7,441.15,40,442.5,40,0,31200
FINNIFTY02JAN2421000CE.NFO,02/01/2024,09:46:41,436.7,442.05,40,443.4,400,0,31200
FINNIFTY02JAN2421000CE.NFO,02/01/2024,09:46:43,442.2,442.3,320,443.3,40,40,31200
FINNIFTY02JAN2421000CE.NFO,02/01/2024,09:46:45,442.2,442.65,40,443.4,40,0,31200
FINNIFTY02JAN2421000CE.NFO,02/01/2024,09:46:46,442.2,442.45,40,443.45,80,0,31200
FINNIFTY02JAN2421000CE.NFO,02/01/2024,09:46:48,442.2,443.35,40,444.35,40,0,31200
FINNIFTY02JAN2421000CE.NFO,02/01/2024,09:46:50,442.2,442.9,40,443.95,40,0,31200
FINNIFTY02JAN2421000CE.NFO,02/01/2024,09:46:51,442.2,444.25,40,445.35,40,0,31200
FINNIFTY02JAN2421000CE.NFO,02/01/2024,09:46:53,442.2,444,40,445.1,160,0,31200
FINNIFTY02JAN2421000CE.NFO,02/01/2024,09:46:55,442.2,444.2,80,445.1,40,0,31200
FINNIFTY02JAN2421000CE.NFO,02/01/2024,09:46:56,442.2,443.75,40,444.8,80,0,31200
FINNIFTY02JAN2421000CE.NFO,02/01/2024,09:46:58,442.2,444.25,120,445.3,200,0,31200
FINNIFTY02JAN2421000CE.NFO,02/01/2024,09:47:00,442.2,443.8,40,444.75,40,0,31200
FINNIFTY02JAN2421000CE.NFO,02/01/2024,09:47:01,442.2,445.9,40,447.1,200,0,31200
FINNIFTY02JAN2421000CE.NFO,02/01/2024,09:47:03,447.1,447.65,40,448.8,40,200,31200
FINNIFTY02JAN2421000CE.NFO,02/01/2024,09:47:05,447.1,447.35,40,448.35,120,0,31200
FINNIFTY02JAN2421000CE.NFO,02/01/2024,09:47:06,447.1,445.45,40,446.65,40,0,31200
FINNIFTY02JAN2421000CE.NFO,02/01/2024,09:47:08,447.1,445.3,40,446.3,40,0,31200
FINNIFTY02JAN2421000CE.NFO,02/01/2024,09:47:10,447.1,446.45,80,447.5,40,0,31200
FINNIFTY02JAN2421000CE.NFO,02/01/2024,09:47:11,447.1,446.45,120,447.5,40,0,31200
FINNIFTY02JAN2421000CE.NFO,02/01/2024,09:47:13,447.1,447.1,40,448.2,80,0,31200
FINNIFTY02JAN2421000CE.NFO,02/01/2024,09:47:15,447.1,446.15,40,447.25,40,0,31200
FINNIFTY02JAN2421000CE.NFO,02/01/2024,09:47:16,447.1,446.15,120,447.25,160,0,31200
FINNIFTY02JAN2421000CE.NFO,02/01/2024,09:47:18,447.1,447.95,40,448.85,40,0,31200
FINNIFTY02JAN2421000CE.NFO,02/01/2024,09:47:20,447.1,447.2,40,448.2,80,0,31200
FINNIFTY02JAN2421000CE.NFO,02/01/2024,09:47:21,447.1,447.35,40,448.35,40,0,31200
FINNIFTY02JAN2421000CE.NFO,02/01/2024,09:47:23,447.1,447.7,80,448.65,40,0,31200
FINNIFTY02JAN2421000CE.NFO,02/01/2024,09:47:25,447.1,447.1,40,448.15,40,0,31200
FINNIFTY02JAN2421000CE.NFO,02/01/2024,09:47:26,447.1,447.25,40,448.2,40,0,31200
FINNIFTY02JAN2421000CE.NFO,02/01/2024,09:47:28,447.1,448.75,40,449.8,40,0,31200
FINNIFTY02JAN2421000CE.NFO,02/01/2024,09:47:30,447.1,449.1,360,450.1,40,0,31200
FINNIFTY02JAN2421000CE.NFO,02/01/2024,09:47:31,447.1,450.9,40,451.85,40,0,31200
FINNIFTY02JAN2421000CE.NFO,02/01/2024,09:47:33,447.1,450.1,40,451.4,40,0,31200
FINNIFTY02JAN2421000CE.NFO,02/01/2024,09:47:35,447.1,450.2,40,451.35,120,0,31200
FINNIFTY02JAN2421000CE.NFO,02/01/2024,09:47:36,447.1,450.25,80,451.6,40,0,31200
FINNIFTY02JAN2421000CE.NFO,02/01/2024,09:47:38,447.1,451.1,40,452.3,80,0,31200
FINNIFTY02JAN2421000CE.NFO,02/01/2024,09:47:40,447.1,451.1,80,452.2,40,0,31200
FINNIFTY02JAN2421000CE.NFO,02/01/2024,09:47:41,447.1,449.8,40,450.9,80,0,31200
FINNIFTY02JAN2421000CE.NFO,02/01/2024,09:47:43,447.1,450.6,40,451.7,40,0,31200
FINNIFTY02JAN2421000CE.NFO,02/01/2024,09:47:45,447.1,450.3,80,451.4,120,0,31200
FINNIFTY02JAN2421000CE.NFO,02/01/2024,09:47:46,447.1,449.3,40,450.3,80,0,31200
FINNIFTY02JAN2421000CE.NFO,02/01/2024,09:47:48,447.1,450.7,80,451.95,40,0,31200
FINNIFTY02JAN2421000CE.NFO,02/01/2024,09:47:50,447.1,450.8,40,451.9,80,0,31200
FINNIFTY02JAN2421000CE.NFO,02/01/2024,09:47:51,447.1,450.8,40,452.05,40,0,31200
FINNIFTY02JAN2421000CE.NFO,02/01/2024,09:47:53,447.1,448.4,40,449.65,40,0,31200
FINNIFTY02JAN2421000CE.NFO,02/01/2024,09:47:55,447.1,447.15,40,448.5,280,0,31200
FINNIFTY02JAN2421000CE.NFO,02/01/2024,09:47:56,447.1,448.1,560,449.45,120,0,31200
FINNIFTY02JAN2421000CE.NFO,02/01/2024,09:47:58,447.1,448.5,40,449.65,360,0,31200
FINNIFTY02JAN2421000CE.NFO,02/01/2024,09:48:00,447.1,448.65,40,449.75,40,0,31200
FINNIFTY02JAN2421000CE.NFO,02/01/2024,09:48:01,447.1,447.8,40,449,40,0,31200
FINNIFTY02JAN2421000CE.NFO,02/01/2024,09:48:03,447.1,447.95,40,449.05,40,0,31200
FINNIFTY02JAN2421000CE.NFO,02/01/2024,09:48:05,447.1,446.95,40,448.15,120,0,31200
FINNIFTY02JAN2421000CE.NFO,02/01/2024,09:48:06,447.1,445.95,40,447,40,0,31200
FINNIFTY02JAN2421000CE.NFO,02/01/2024,09:48:08,447.1,445.85,80,447.1,40,0,31200
FINNIFTY02JAN2421000CE.NFO,02/01/2024,09:48:10,447.1,445.45,80,446.65,120,0,31200
FINNIFTY02JAN2421000CE.NFO,02/01/2024,09:48:11,447.1,445.65,200,446.85,40,0,31200
FINNIFTY02JAN2421000CE.NFO,02/01/2024,09:48:13,447.1,446.5,80,447.6,40,0,31200
FINNIFTY02JAN2421000CE.NFO,02/01/2024,09:48:15,447.1,446.75,40,447.8,80,0,31200
FINNIFTY02JAN2421000CE.NFO,02/01/2024,09:48:16,447.1,446.55,40,447.55,40,0,31200
FINNIFTY02JAN2421000CE.NFO,02/01/2024,09:48:18,447.1,444.85,40,446,40,0,31200
FINNIFTY02JAN2421000CE.NFO,02/01/2024,09:48:20,447.1,444.5,120,445.7,40,0,31200
FINNIFTY02JAN2421000CE.NFO,02/01/2024,09:48:21,447.1,444.55,80,445.75,40,0,31200
FINNIFTY02JAN2421000CE.NFO,02/01/2024,09:48:23,447.1,444.45,40,445.45,40,0,31200
FINNIFTY02JAN2421000CE.NFO,02/01/2024,09:48:25,447.1,443.5,40,444.45,120,0,31200
FINNIFTY02JAN2421000CE.NFO,02/01/2024,09:48:26,447.1,443.4,40,444.55,160,0,31200
FINNIFTY02JAN2421000CE.NFO,02/01/2024,09:48:28,447.1,443.6,40,444.7,40,0,31200
FINNIFTY02JAN2421000CE.NFO,02/01/2024,09:48:30,447.1,443.6,40,444.95,80,0,31200
FINNIFTY02JAN2421000CE.NFO,02/01/2024,09:48:31,447.1,443.85,80,444.95,40,0,31200
FINNIFTY02JAN2421000CE.NFO,02/01/2024,09:48:33,447.1,443.6,40,444.8,40,0,31200
FINNIFTY02JAN2421000CE.NFO,02/01/2024,09:48:35,447.1,442.75,40,443.95,40,0,31200
FINNIFTY02JAN2421000CE.NFO,02/01/2024,09:48:36,447.1,442.6,40,443.7,120,0,31200
FINNIFTY02JAN2421000CE.NFO,02/01/2024,09:48:38,447.1,442.75,80,444,40,0,31200
FINNIFTY02JAN2421000CE.NFO,02/01/2024,09:48:40,447.1,443.05,40,444.05,120,0,31200
FINNIFTY02JAN2421000CE.NFO,02/01/2024,09:48:41,447.1,444.8,40,445.8,240,0,31200
FINNIFTY02JAN2421000CE.NFO,02/01/2024,09:48:43,447.1,445.5,80,446.55,360,0,31200
FINNIFTY02JAN2421000CE.NFO,02/01/2024,09:48:45,447.1,445.65,40,446.65,120,0,31200
FINNIFTY02JAN2421000CE.NFO,02/01/2024,09:48:46,447.1,446.65,40,447.75,40,0,31200
FINNIFTY02JAN2421000CE.NFO,02/01/2024,09:48:48,447.1,446.85,40,447.9,120,0,31200
FINNIFTY02JAN2421000CE.NFO,02/01/2024,09:48:50,447.1,446.85,120,447.9,120,0,31200
FINNIFTY02JAN2421000CE.NFO,02/01/2024,09:48:51,447.1,446.4,120,447.5,120,0,31200
FINNIFTY02JAN2421000CE.NFO,02/01/2024,09:48:53,447.1,446.65,120,447.65,360,0,31200
FINNIFTY02JAN2421000CE.NFO,02/01/2024,09:48:55,447.1,447.45,80,448.65,320,0,31200
FINNIFTY02JAN2421000CE.NFO,02/01/2024,09:48:56,447.1,448.05,40,449.15,320,0,31200
FINNIFTY02JAN2421000CE.NFO,02/01/2024,09:48:58,447.1,448.25,40,449.3,120,0,31200
FINNIFTY02JAN2421000CE.NFO,02/01/2024,09:49:00,447.1,448.1,40,449.35,40,0,31200
