Ticker,Date,Time,LTP,BuyPrice,BuyQty,SellPrice,SellQty,LTQ,OpenInterest
FINNIFTY02JAN2419800PE.NFO,02/01/2024,09:15:16,0.3,0.15,5080,0.3,12280,800,45080
FINNIFTY02JAN2419800PE.NFO,02/01/2024,09:15:16,0.15,0.15,5080,0.3,12280,0,45080
FINNIFTY02JAN2419800PE.NFO,02/01/2024,09:15:16,0.3,0.15,5080,0.3,12280,0,45080
FINNIFTY02JAN2419800PE.NFO,02/01/2024,09:15:16,0.15,0.15,5080,0.3,12280,0,45080
FINNIFTY02JAN2419800PE.NFO,02/01/2024,09:15:28,0.2,0.15,5080,0.3,12080,440,45080
FINNIFTY02JAN2419800PE.NFO,02/01/2024,09:15:39,0.2,0.2,40,0.3,12160,40,45080
FINNIFTY02JAN2419800PE.NFO,02/01/2024,09:15:50,0.2,0.2,1440,0.3,12080,80,45080
FINNIFTY02JAN2419800PE.NFO,02/01/2024,09:16:00,0.2,0.2,1440,0.3,11760,0,45080
FINNIFTY02JAN2419800PE.NFO,02/01/2024,09:16:12,0.2,0.2,2240,0.3,14120,520,45080
FINNIFTY02JAN2419800PE.NFO,02/01/2024,09:16:21,0.2,0.2,2240,0.3,14120,0,45080
FINNIFTY02JAN2419800PE.NFO,02/01/2024,09:17:00,0.2,0.2,1920,0.3,14120,320,45080
FINNIFTY02JAN2419800PE.NFO,02/01/2024,09:17:10,0.2,0.2,3720,0.3,14120,0,45080
FINNIFTY02JAN2419800PE.NFO,02/01/2024,09:17:19,0.2,0.2,4760,0.3,14120,0,45080
FINNIFTY02JAN2419800PE.NFO,02/01/2024,09:19:35,0.2,0.2,3200,0.25,3400,520,45320
FINNIFTY02JAN2419800PE.NFO,02/01/2024,09:19:45,0.2,0.2,3200,0.25,3400,0,45320
FINNIFTY02JAN2419800PE.NFO,02/01/2024,09:19:55,0.25,0.2,3200,0.25,2760,640,45320
FINNIFTY02JAN2419800PE.NFO,02/01/2024,09:20:06,0.25,0.2,3680,0.25,2760,0,45320
FINNIFTY02JAN2419800PE.NFO,02/01/2024,09:20:26,0.25,0.2,3200,0.25,2760,0,45320
FINNIFTY02JAN2419800PE.NFO,02/01/2024,09:20:36,0.25,0.2,3640,0.25,2760,0,45320
FINNIFTY02JAN2419800PE.NFO,02/01/2024,09:20:45,0.25,0.2,3200,0.25,2760,0,45320
FINNIFTY02JAN2419800PE.NFO,02/01/2024,09:21:14,0.25,0.2,3640,0.25,2720,440,45200
FINNIFTY02JAN2419800PE.NFO,02/01/2024,09:21:25,0.2,0.2,8600,0.25,2280,6920,45200
FINNIFTY02JAN2419800PE.NFO,02/01/2024,09:21:35,0.25,0.2,13960,0.25,1680,640,45200
FINNIFTY02JAN2419800PE.NFO,02/01/2024,09:21:45,0.25,0.2,13960,0.25,1680,0,45200
FINNIFTY02JAN2419800PE.NFO,02/01/2024,09:22:06,0.25,0.2,13960,0.25,3320,0,45200
FINNIFTY02JAN2419800PE.NFO,02/01/2024,09:23:37,0.25,0.2,14080,0.25,3040,280,41880
FINNIFTY02JAN2419800PE.NFO,02/01/2024,09:23:56,0.25,0.2,13040,0.25,4080,1160,41880
FINNIFTY02JAN2419800PE.NFO,02/01/2024,09:24:05,0.25,0.2,13040,0.25,3280,2360,41880
FINNIFTY02JAN2419800PE.NFO,02/01/2024,09:24:14,0.25,0.2,13040,0.25,3200,80,41880
FINNIFTY02JAN2419800PE.NFO,02/01/2024,09:24:24,0.25,0.2,13040,0.25,3160,40,41880
FINNIFTY02JAN2419800PE.NFO,02/01/2024,09:24:45,0.25,0.2,13040,0.25,2760,400,41880
FINNIFTY02JAN2419800PE.NFO,02/01/2024,09:24:54,0.25,0.2,13040,0.25,2640,120,41880
FINNIFTY02JAN2419800PE.NFO,02/01/2024,09:25:05,0.25,0.2,13040,0.25,2760,280,41880
FINNIFTY02JAN2419800PE.NFO,02/01/2024,09:25:16,0.25,0.2,13040,0.25,2720,40,41880
FINNIFTY02JAN2419800PE.NFO,02/01/2024,09:25:26,0.25,0.2,13040,0.25,2000,720,41880
FINNIFTY02JAN2419800PE.NFO,02/01/2024,09:25:36,0.25,0.2,13400,0.25,1520,480,41880
FINNIFTY02JAN2419800PE.NFO,02/01/2024,09:25:46,0.25,0.2,13680,0.25,1360,1680,41880
FINNIFTY02JAN2419800PE.NFO,02/01/2024,09:25:55,0.3,0.25,1600,0.3,12160,800,41880
FINNIFTY02JAN2419800PE.NFO,02/01/2024,09:26:05,0.3,0.25,1560,0.3,9960,1720,41880
FINNIFTY02JAN2419800PE.NFO,02/01/2024,09:26:15,0.3,0.25,1320,0.3,9080,1400,41880
FINNIFTY02JAN2419800PE.NFO,02/01/2024,09:26:25,0.3,0.25,1200,0.3,6640,3320,41880
FINNIFTY02JAN2419800PE.NFO,02/01/2024,09:26:36,0.3,0.25,1200,0.3,2600,4040,44720
FINNIFTY02JAN2419800PE.NFO,02/01/2024,09:26:46,0.25,0.25,1040,0.3,2600,800,44720
FINNIFTY02JAN2419800PE.NFO,02/01/2024,09:26:57,0.2,0.2,12520,0.25,1040,2080,44720
FINNIFTY02JAN2419800PE.NFO,02/01/2024,09:27:07,0.2,0.2,12440,0.25,1040,80,44720
FINNIFTY02JAN2419800PE.NFO,02/01/2024,09:27:18,0.2,0.2,12360,0.25,2880,80,44720
FINNIFTY02JAN2419800PE.NFO,02/01/2024,09:27:28,0.25,0.2,12440,0.25,2160,680,44720
FINNIFTY02JAN2419800PE.NFO,02/01/2024,09:27:47,0.25,0.2,12440,0.25,2760,240,44720
FINNIFTY02JAN2419800PE.NFO,02/01/2024,09:27:57,0.25,0.2,12440,0.25,2800,680,44720
FINNIFTY02JAN2419800PE.NFO,02/01/2024,09:28:07,0.25,0.2,12440,0.25,2800,0,44720
FINNIFTY02JAN2419800PE.NFO,02/01/2024,09:28:17,0.25,0.2,12320,0.25,2040,800,44720
FINNIFTY02JAN2419800PE.NFO,02/01/2024,09:28:28,0.25,0.2,12320,0.25,1400,1560,44720
FINNIFTY02JAN2419800PE.NFO,02/01/2024,09:28:41,0.25,0.2,12320,0.25,1400,0,44720
FINNIFTY02JAN2419800PE.NFO,02/01/2024,09:28:54,0.25,0.2,13560,0.3,3200,1360,44720
FINNIFTY02JAN2419800PE.NFO,02/01/2024,09:29:05,0.3,0.25,1000,0.3,2720,1200,44720
FINNIFTY02JAN2419800PE.NFO,02/01/2024,09:29:15,0.3,0.25,1000,0.3,2720,0,44720
FINNIFTY02JAN2419800PE.NFO,02/01/2024,09:29:48,0.25,0.25,520,0.3,2720,480,42400
FINNIFTY02JAN2419800PE.NFO,02/01/2024,09:29:58,0.25,0.25,520,0.3,2720,0,42400
FINNIFTY02JAN2419800PE.NFO,02/01/2024,09:30:38,0.25,0.25,1000,0.3,2120,160,42400
FINNIFTY02JAN2419800PE.NFO,02/01/2024,09:30:58,0.3,0.25,1000,0.3,2160,480,42400
FINNIFTY02JAN2419800PE.NFO,02/01/2024,09:31:10,0.25,0.25,880,0.3,2160,120,42400
FINNIFTY02JAN2419800PE.NFO,02/01/2024,09:31:20,0.3,0.25,1400,0.3,2080,280,42400
FINNIFTY02JAN2419800PE.NFO,02/01/2024,09:31:39,0.25,0.25,1320,0.3,2080,80,42400
FINNIFTY02JAN2419800PE.NFO,02/01/2024,09:31:49,0.25,0.25,1240,0.3,2080,80,42400
FINNIFTY02JAN2419800PE.NFO,02/01/2024,09:32:08,0.3,0.25,720,0.3,1160,400,42400
FINNIFTY02JAN2419800PE.NFO,02/01/2024,09:32:18,0.3,0.25,720,0.3,1160,0,42400
FINNIFTY02JAN2419800PE.NFO,02/01/2024,09:32:38,0.25,0.25,720,0.3,1080,560,42640
FINNIFTY02JAN2419800PE.NFO,02/01/2024,09:32:48,0.25,0.25,440,0.3,560,0,42640
FINNIFTY02JAN2419800PE.NFO,02/01/2024,09:33:07,0.25,0.25,680,0.3,1840,0,42640
FINNIFTY02JAN2419800PE.NFO,02/01/2024,09:33:17,0.25,0.25,1600,0.3,3200,0,42640
FINNIFTY02JAN2419800PE.NFO,02/01/2024,09:33:27,0.3,0.25,960,0.3,3000,80,42640
FINNIFTY02JAN2419800PE.NFO,02/01/2024,09:33:36,0.3,0.25,520,0.3,3080,80,42640
FINNIFTY02JAN2419800PE.NFO,02/01/2024,09:33:46,0.3,0.25,1040,0.3,3000,80,42640
FINNIFTY02JAN2419800PE.NFO,02/01/2024,09:34:05,0.3,0.25,480,0.3,34720,80,42640
FINNIFTY02JAN2419800PE.NFO,02/01/2024,09:34:23,0.3,0.25,480,0.3,36200,0,42640
FINNIFTY02JAN2419800PE.NFO,02/01/2024,09:34:32,0.25,0.25,480,0.3,35560,800,42640
FINNIFTY02JAN2419800PE.NFO,02/01/2024,09:34:59,0.3,0.2,12560,0.3,38000,80,42640
FINNIFTY02JAN2419800PE.NFO,02/01/2024,09:35:08,0.25,0.2,12640,0.3,35440,80,42640
FINNIFTY02JAN2419800PE.NFO,02/01/2024,09:35:18,0.25,0.2,12560,0.25,120,0,42640
FINNIFTY02JAN2419800PE.NFO,02/01/2024,09:35:27,0.25,0.2,12560,0.25,40,80,42640
FINNIFTY02JAN2419800PE.NFO,02/01/2024,09:35:46,0.25,0.25,240,0.3,34440,40,41320
FINNIFTY02JAN2419800PE.NFO,02/01/2024,09:35:56,0.25,0.25,680,0.3,34640,360,41320
FINNIFTY02JAN2419800PE.NFO,02/01/2024,09:36:05,0.25,0.25,640,0.3,34640,120,41320
FINNIFTY02JAN2419800PE.NFO,02/01/2024,09:36:15,0.25,0.25,600,0.3,34640,40,41320
FINNIFTY02JAN2419800PE.NFO,02/01/2024,09:36:24,0.3,0.25,1200,0.3,34480,160,41320
FINNIFTY02JAN2419800PE.NFO,02/01/2024,09:36:33,0.3,0.25,760,0.3,34400,80,41320
FINNIFTY02JAN2419800PE.NFO,02/01/2024,09:36:51,0.3,0.25,1200,0.3,34320,80,41320
FINNIFTY02JAN2419800PE.NFO,02/01/2024,09:37:09,0.3,0.25,920,0.3,34320,0,41320
FINNIFTY02JAN2419800PE.NFO,02/01/2024,09:37:36,0.3,0.25,1360,0.3,34200,0,41320
FINNIFTY02JAN2419800PE.NFO,02/01/2024,09:37:45,0.25,0.25,680,0.3,34360,680,41320
FINNIFTY02JAN2419800PE.NFO,02/01/2024,09:38:10,0.25,0.25,160,0.3,34360,80,41320
FINNIFTY02JAN2419800PE.NFO,02/01/2024,09:38:29,0.25,0.25,600,0.3,34440,0,41320
FINNIFTY02JAN2419800PE.NFO,02/01/2024,09:38:38,0.25,0.25,160,0.3,34440,0,41320
FINNIFTY02JAN2419800PE.NFO,02/01/2024,09:38:48,0.25,0.25,600,0.3,34480,0,41320
FINNIFTY02JAN2419800PE.NFO,02/01/2024,09:39:07,0.25,0.25,240,0.3,34480,360,42560
FINNIFTY02JAN2419800PE.NFO,02/01/2024,09:39:16,0.25,0.2,11960,0.3,34640,0,42560
FINNIFTY02JAN2419800PE.NFO,02/01/2024,09:39:25,0.25,0.2,11960,0.25,200,0,42560
FINNIFTY02JAN2419800PE.NFO,02/01/2024,09:39:54,0.25,0.2,11960,0.3,33240,0,42560
FINNIFTY02JAN2419800PE.NFO,02/01/2024,09:41:18,0.25,0.2,11960,0.25,720,0,42560
FINNIFTY02JAN2419800PE.NFO,02/01/2024,09:43:03,0.25,0.2,11960,0.25,2000,0,42560
FINNIFTY02JAN2419800PE.NFO,02/01/2024,09:43:14,0.25,0.2,11960,0.3,33520,0,42560
FINNIFTY02JAN2419800PE.NFO,02/01/2024,09:43:24,0.25,0.2,11960,0.3,33440,0,42560
FINNIFTY02JAN2419800PE.NFO,02/01/2024,09:44:02,0.25,0.2,11960,0.3,33360,0,42560
FINNIFTY02JAN2419800PE.NFO,02/01/2024,09:45:35,0.2,0.2,11680,0.3,33360,280,42200
FINNIFTY02JAN2419800PE.NFO,02/01/2024,09:45:45,0.2,0.2,14960,0.3,33360,0,42200
FINNIFTY02JAN2419800PE.NFO,02/01/2024,09:46:04,0.25,0.2,13120,0.3,33120,80,42200
FINNIFTY02JAN2419800PE.NFO,02/01/2024,09:46:14,0.25,0.2,14920,0.3,33120,280,42200
FINNIFTY02JAN2419800PE.NFO,02/01/2024,09:46:34,0.25,0.2,16720,0.3,33480,80,42200
FINNIFTY02JAN2419800PE.NFO,02/01/2024,09:46:43,0.25,0.2,16720,0.3,33480,0,42200
FINNIFTY02JAN2419800PE.NFO,02/01/2024,09:47:56,0.25,0.2,16720,0.25,640,0,42200
FINNIFTY02JAN2419800PE.NFO,02/01/2024,09:48:32,0.25,0.2,16720,0.25,800,0,42200
FINNIFTY02JAN2419800PE.NFO,02/01/2024,09:49:00,0.25,0.2,19760,0.25,440,0,42200
FINNIFTY02JAN2419800PE.NFO,02/01/2024,09:50:14,0.2,0.2,18960,0.25,1480,800,42200
FINNIFTY02JAN2419800PE.NFO,02/01/2024,09:50:31,0.2,0.2,18960,0.25,1240,0,42200
FINNIFTY02JAN2419800PE.NFO,02/01/2024,09:51:47,0.2,0.2,18160,0.25,2240,800,43000
FINNIFTY02JAN2419800PE.NFO,02/01/2024,09:51:56,0.2,0.2,18160,0.25,2040,0,43000
FINNIFTY02JAN2419800PE.NFO,02/01/2024,09:54:13,0.2,0.2,16720,0.25,3040,0,43000
FINNIFTY02JAN2419800PE.NFO,02/01/2024,09:56:53,0.2,0.2,12720,0.25,2040,2480,43800
FINNIFTY02JAN2419800PE.NFO,02/01/2024,09:57:05,0.2,0.2,12520,0.25,2040,200,43800
FINNIFTY02JAN2419800PE.NFO,02/01/2024,09:57:18,0.2,0.2,12520,0.25,2040,0,43800
FINNIFTY02JAN2419800PE.NFO,02/01/2024,09:57:54,0.2,0.2,12080,0.25,2040,440,43800
FINNIFTY02JAN2419800PE.NFO,02/01/2024,09:58:16,0.2,0.2,11880,0.25,3640,200,43800
FINNIFTY02JAN2419800PE.NFO,02/01/2024,09:58:28,0.2,0.2,11640,0.25,2080,240,43800
FINNIFTY02JAN2419800PE.NFO,02/01/2024,09:59:02,0.2,0.2,11640,0.25,2080,0,43800
FINNIFTY02JAN2419800PE.NFO,02/01/2024,09:59:13,0.2,0.2,11680,0.25,3800,0,43800
FINNIFTY02JAN2419800PE.NFO,02/01/2024,09:59:26,0.2,0.2,11120,0.25,3800,560,43800
FINNIFTY02JAN2419800PE.NFO,02/01/2024,09:59:59,0.2,0.2,11120,0.25,3800,0,43800
FINNIFTY02JAN2419800PE.NFO,02/01/2024,10:00:10,0.25,0.2,10880,0.25,3880,4080,44880
FINNIFTY02JAN2419800PE.NFO,02/01/2024,10:00:35,0.25,0.2,10880,0.25,3880,0,44880
FINNIFTY02JAN2419800PE.NFO,02/01/2024,10:02:53,0.25,0.2,10880,0.25,3680,200,46760
FINNIFTY02JAN2419800PE.NFO,02/01/2024,10:03:03,0.25,0.2,10880,0.25,3680,0,46760
FINNIFTY02JAN2419800PE.NFO,02/01/2024,10:03:50,0.2,0.2,4760,0.25,5600,4600,46760
FINNIFTY02JAN2419800PE.NFO,02/01/2024,10:04:00,0.2,0.2,4760,0.25,7640,0,46760
FINNIFTY02JAN2419800PE.NFO,02/01/2024,10:04:10,0.2,0.2,4560,0.25,7840,200,46760
FINNIFTY02JAN2419800PE.NFO,02/01/2024,10:04:31,0.2,0.2,5600,0.25,7840,200,46760
FINNIFTY02JAN2419800PE.NFO,02/01/2024,10:04:41,0.2,0.15,47840,0.25,7840,6560,46760
FINNIFTY02JAN2419800PE.NFO,02/01/2024,10:05:12,0.2,0.15,47840,0.2,25280,0,46760
FINNIFTY02JAN2419800PE.NFO,02/01/2024,10:05:23,0.2,0.15,47840,0.2,280,0,46760
FINNIFTY02JAN2419800PE.NFO,02/01/2024,10:05:33,0.2,0.15,47840,0.2,520,0,46760
FINNIFTY02JAN2419800PE.NFO,02/01/2024,10:05:53,0.15,0.15,47640,0.2,3200,200,45840
FINNIFTY02JAN2419800PE.NFO,02/01/2024,10:06:03,0.15,0.15,47640,0.2,3200,0,45840
FINNIFTY02JAN2419800PE.NFO,02/01/2024,10:06:24,0.15,0.15,46040,0.2,1760,0,45840
FINNIFTY02JAN2419800PE.NFO,02/01/2024,10:07:48,0.2,0.15,47040,0.2,1440,120,45840
FINNIFTY02JAN2419800PE.NFO,02/01/2024,10:07:58,0.2,0.15,47040,0.2,1440,0,45840
FINNIFTY02JAN2419800PE.NFO,02/01/2024,10:08:08,0.2,0.15,47040,0.2,440,1920,45840
FINNIFTY02JAN2419800PE.NFO,02/01/2024,10:08:18,0.2,0.15,47040,0.2,1000,0,45840
FINNIFTY02JAN2419800PE.NFO,02/01/2024,10:08:38,0.2,0.15,47040,0.2,40,240,46920
FINNIFTY02JAN2419800PE.NFO,02/01/2024,10:08:48,0.2,0.15,47040,0.2,760,0,46920
FINNIFTY02JAN2419800PE.NFO,02/01/2024,10:09:08,0.2,0.15,47040,0.2,560,200,46920
FINNIFTY02JAN2419800PE.NFO,02/01/2024,10:09:18,0.2,0.15,47040,0.2,120,0,46920
FINNIFTY02JAN2419800PE.NFO,02/01/2024,10:09:28,0.2,0.15,47040,0.2,1960,0,46920
FINNIFTY02JAN2419800PE.NFO,02/01/2024,10:09:37,0.2,0.15,47040,0.2,760,0,46920
FINNIFTY02JAN2419800PE.NFO,02/01/2024,10:09:57,0.2,0.15,47040,0.2,480,0,46920
FINNIFTY02JAN2419800PE.NFO,02/01/2024,10:10:07,0.2,0.15,47040,0.2,1560,480,46920
FINNIFTY02JAN2419800PE.NFO,02/01/2024,10:10:17,0.2,0.15,47040,0.2,480,40,46920
FINNIFTY02JAN2419800PE.NFO,02/01/2024,10:10:26,0.15,0.15,47000,0.2,1920,40,46920
FINNIFTY02JAN2419800PE.NFO,02/01/2024,10:10:36,0.15,0.15,46960,0.2,1800,40,46920
FINNIFTY02JAN2419800PE.NFO,02/01/2024,10:10:46,0.15,0.15,46840,0.2,360,120,46920
FINNIFTY02JAN2419800PE.NFO,02/01/2024,10:10:56,0.15,0.15,46600,0.25,39160,320,46920
FINNIFTY02JAN2419800PE.NFO,02/01/2024,10:11:06,0.15,0.15,46560,0.25,39160,40,46920
FINNIFTY02JAN2419800PE.NFO,02/01/2024,10:11:26,0.2,0.15,46560,0.2,280,200,46920
FINNIFTY02JAN2419800PE.NFO,02/01/2024,10:12:13,0.2,0.15,46560,0.2,280,0,46920
FINNIFTY02JAN2419800PE.NFO,02/01/2024,10:13:44,0.2,0.15,46600,0.2,280,0,46920
FINNIFTY02JAN2419800PE.NFO,02/01/2024,10:14:45,0.2,0.15,46600,0.2,1680,200,46200
FINNIFTY02JAN2419800PE.NFO,02/01/2024,10:16:23,0.15,0.15,44280,0.2,80,2320,46200
FINNIFTY02JAN2419800PE.NFO,02/01/2024,10:16:52,0.15,0.15,38640,0.2,560,5640,46200
FINNIFTY02JAN2419800PE.NFO,02/01/2024,10:17:32,0.15,0.15,34640,0.2,7640,0,46200
FINNIFTY02JAN2419800PE.NFO,02/01/2024,10:17:42,0.15,0.15,34640,0.2,10560,0,46200
FINNIFTY02JAN2419800PE.NFO,02/01/2024,10:18:20,0.15,0.15,27720,0.2,10560,7000,49560
FINNIFTY02JAN2419800PE.NFO,02/01/2024,10:18:39,0.15,0.15,16120,0.2,12360,1160,49560
FINNIFTY02JAN2419800PE.NFO,02/01/2024,10:18:49,0.15,0.15,16120,0.2,12920,0,49560
FINNIFTY02JAN2419800PE.NFO,02/01/2024,10:18:58,0.15,0.15,15640,0.2,12920,480,49560
FINNIFTY02JAN2419800PE.NFO,02/01/2024,10:19:08,0.15,0.15,15640,0.2,12920,0,49560
FINNIFTY02JAN2419800PE.NFO,02/01/2024,10:20:33,0.15,0.15,17640,0.2,12920,0,49560
FINNIFTY02JAN2419800PE.NFO,02/01/2024,10:20:43,0.15,0.15,17640,0.2,12960,0,49560
FINNIFTY02JAN2419800PE.NFO,02/01/2024,10:20:53,0.15,0.15,14760,0.2,13440,0,49560
FINNIFTY02JAN2419800PE.NFO,02/01/2024,10:22:11,0.15,0.15,2040,0.2,13440,480,54200
FINNIFTY02JAN2419800PE.NFO,02/01/2024,10:22:21,0.15,0.15,2040,0.2,12920,0,54200
FINNIFTY02JAN2419800PE.NFO,02/01/2024,10:22:31,0.15,0.15,2040,0.2,12960,0,54200
FINNIFTY02JAN2419800PE.NFO,02/01/2024,10:22:41,0.15,0.15,2040,0.2,12920,0,54200
FINNIFTY02JAN2419800PE.NFO,02/01/2024,10:22:51,0.15,0.15,3040,0.2,12960,0,54200
FINNIFTY02JAN2419800PE.NFO,02/01/2024,10:23:01,0.15,0.15,2040,0.2,12960,0,54200
FINNIFTY02JAN2419800PE.NFO,02/01/2024,10:23:11,0.15,0.15,2040,0.2,12920,0,54200
FINNIFTY02JAN2419800PE.NFO,02/01/2024,10:23:21,0.15,0.15,3000,0.2,12920,0,54200
FINNIFTY02JAN2419800PE.NFO,02/01/2024,10:23:31,0.15,0.15,2040,0.2,12960,0,54200
FINNIFTY02JAN2419800PE.NFO,02/01/2024,10:23:52,0.15,0.15,3000,0.2,12960,0,54200
FINNIFTY02JAN2419800PE.NFO,02/01/2024,10:24:01,0.15,0.15,2040,0.2,12920,0,54200
FINNIFTY02JAN2419800PE.NFO,02/01/2024,10:24:12,0.15,0.15,3000,0.2,12920,0,54200
FINNIFTY02JAN2419800PE.NFO,02/01/2024,10:24:22,0.15,0.15,2000,0.2,12920,0,54200
FINNIFTY02JAN2419800PE.NFO,02/01/2024,10:24:32,0.15,0.15,3000,0.2,12920,0,54200
FINNIFTY02JAN2419800PE.NFO,02/01/2024,10:24:42,0.15,0.15,2040,0.2,12960,0,54200
FINNIFTY02JAN2419800PE.NFO,02/01/2024,10:24:52,0.15,0.15,2000,0.2,12920,0,54200
FINNIFTY02JAN2419800PE.NFO,02/01/2024,10:25:04,0.15,0.15,2000,0.2,11320,0,54200
FINNIFTY02JAN2419800PE.NFO,02/01/2024,10:25:15,0.15,0.15,2000,0.2,12960,0,54200
FINNIFTY02JAN2419800PE.NFO,02/01/2024,10:25:57,0.2,0.15,2960,0.2,12320,640,54160
FINNIFTY02JAN2419800PE.NFO,02/01/2024,10:26:07,0.2,0.15,2000,0.2,11680,640,54160
FINNIFTY02JAN2419800PE.NFO,02/01/2024,10:26:31,0.2,0.15,2000,0.2,11520,160,54160
FINNIFTY02JAN2419800PE.NFO,02/01/2024,10:26:42,0.2,0.15,5840,0.2,10000,1520,54640
FINNIFTY02JAN2419800PE.NFO,02/01/2024,10:26:54,0.2,0.15,5840,0.2,9760,240,54640
FINNIFTY02JAN2419800PE.NFO,02/01/2024,10:27:05,0.15,0.15,5520,0.2,8120,200,54640
FINNIFTY02JAN2419800PE.NFO,02/01/2024,10:27:16,0.15,0.15,5280,0.2,8120,240,54640
FINNIFTY02JAN2419800PE.NFO,02/01/2024,10:27:27,0.15,0.15,5280,0.2,9760,0,54640
FINNIFTY02JAN2419800PE.NFO,02/01/2024,10:27:37,0.2,0.15,5280,0.2,9680,80,54640
FINNIFTY02JAN2419800PE.NFO,02/01/2024,10:28:08,0.15,0.15,5240,0.2,9600,120,54640
FINNIFTY02JAN2419800PE.NFO,02/01/2024,10:29:08,0.15,0.15,5240,0.2,9600,0,54640
FINNIFTY02JAN2419800PE.NFO,02/01/2024,10:29:28,0.2,0.15,5240,0.2,9360,240,54640
FINNIFTY02JAN2419800PE.NFO,02/01/2024,10:29:38,0.2,0.15,5240,0.2,9360,0,54640
FINNIFTY02JAN2419800PE.NFO,02/01/2024,10:30:22,0.2,0.15,7040,0.2,9280,80,54600
FINNIFTY02JAN2419800PE.NFO,02/01/2024,10:30:34,0.2,0.15,8840,0.2,9200,80,54600
FINNIFTY02JAN2419800PE.NFO,02/01/2024,10:30:44,0.2,0.15,8840,0.2,9120,80,54600
FINNIFTY02JAN2419800PE.NFO,02/01/2024,10:31:55,0.2,0.15,8920,0.2,9040,80,54600
FINNIFTY02JAN2419800PE.NFO,02/01/2024,10:32:05,0.2,0.15,8920,0.2,8880,360,54600
FINNIFTY02JAN2419800PE.NFO,02/01/2024,10:32:16,0.2,0.15,8840,0.2,8680,0,54600
FINNIFTY02JAN2419800PE.NFO,02/01/2024,10:36:50,0.15,0.15,10480,0.2,8680,600,54600
FINNIFTY02JAN2419800PE.NFO,02/01/2024,10:37:13,0.15,0.15,10440,0.2,8680,0,54600
FINNIFTY02JAN2419800PE.NFO,02/01/2024,10:38:27,0.2,0.15,10440,0.2,8480,200,54600
FINNIFTY02JAN2419800PE.NFO,02/01/2024,10:40:38,0.2,0.15,10400,0.2,8480,0,54600
FINNIFTY02JAN2419800PE.NFO,02/01/2024,10:42:03,0.2,0.15,14000,0.2,8480,0,54600
FINNIFTY02JAN2419800PE.NFO,02/01/2024,10:43:17,0.2,0.15,14000,0.2,8280,200,54640
FINNIFTY02JAN2419800PE.NFO,02/01/2024,10:44:30,0.2,0.15,14000,0.2,8080,200,54640
FINNIFTY02JAN2419800PE.NFO,02/01/2024,10:46:41,0.2,0.15,14000,0.2,7880,200,54240
FINNIFTY02JAN2419800PE.NFO,02/01/2024,10:46:51,0.2,0.15,14000,0.2,7640,240,54240
FINNIFTY02JAN2419800PE.NFO,02/01/2024,10:47:02,0.2,0.15,13960,0.2,7640,0,54240
FINNIFTY02JAN2419800PE.NFO,02/01/2024,10:47:12,0.2,0.15,10360,0.2,7640,0,54240
FINNIFTY02JAN2419800PE.NFO,02/01/2024,10:47:22,0.15,0.15,10280,0.2,7640,80,54240
FINNIFTY02JAN2419800PE.NFO,02/01/2024,10:47:32,0.2,0.15,10280,0.2,7440,200,54240
FINNIFTY02JAN2419800PE.NFO,02/01/2024,10:49:13,0.2,0.15,10280,0.2,9240,0,54240
FINNIFTY02JAN2419800PE.NFO,02/01/2024,10:50:16,0.2,0.15,6480,0.2,9240,0,54240
FINNIFTY02JAN2419800PE.NFO,02/01/2024,10:52:36,0.2,0.15,6480,0.2,10360,0,54240
FINNIFTY02JAN2419800PE.NFO,02/01/2024,10:52:55,0.2,0.15,6480,0.2,9280,0,54240
FINNIFTY02JAN2419800PE.NFO,02/01/2024,10:56:52,0.2,0.15,6480,0.2,9880,560,53600
FINNIFTY02JAN2419800PE.NFO,02/01/2024,10:57:22,0.15,0.15,5240,0.2,9880,1240,53600
FINNIFTY02JAN2419800PE.NFO,02/01/2024,10:57:32,0.15,0.15,5240,0.2,9880,0,53600
FINNIFTY02JAN2419800PE.NFO,02/01/2024,10:58:39,0.15,0.15,5240,0.2,25080,0,53600
FINNIFTY02JAN2419800PE.NFO,02/01/2024,10:59:47,0.15,0.15,3440,0.2,25080,0,53600
FINNIFTY02JAN2419800PE.NFO,02/01/2024,10:59:57,0.15,0.15,1640,0.2,25080,0,53600
FINNIFTY02JAN2419800PE.NFO,02/01/2024,11:05:45,0.15,0.15,1600,0.2,25080,40,53040
FINNIFTY02JAN2419800PE.NFO,02/01/2024,11:11:48,0.15,0.15,1600,0.2,25080,0,53040
FINNIFTY02JAN2419800PE.NFO,02/01/2024,11:12:07,0.2,0.15,1600,0.2,19680,200,53000
FINNIFTY02JAN2419800PE.NFO,02/01/2024,11:12:16,0.2,0.15,1600,0.2,23080,200,53000
FINNIFTY02JAN2419800PE.NFO,02/01/2024,11:12:34,0.2,0.15,1600,0.2,23080,0,53000
FINNIFTY02JAN2419800PE.NFO,02/01/2024,11:13:11,0.2,0.15,1600,0.2,22880,200,53000
FINNIFTY02JAN2419800PE.NFO,02/01/2024,11:13:41,0.2,0.15,1680,0.2,22880,0,53000
FINNIFTY02JAN2419800PE.NFO,02/01/2024,11:15:17,0.2,0.15,1280,0.2,22680,200,52400
FINNIFTY02JAN2419800PE.NFO,02/01/2024,11:15:37,0.2,0.15,1280,0.2,22680,0,52400
FINNIFTY02JAN2419800PE.NFO,02/01/2024,11:15:48,0.2,0.15,1400,0.2,22240,440,52400
FINNIFTY02JAN2419800PE.NFO,02/01/2024,11:15:58,0.2,0.15,1400,0.2,21440,800,52400
FINNIFTY02JAN2419800PE.NFO,02/01/2024,11:16:18,0.2,0.15,1400,0.2,21240,200,52400
FINNIFTY02JAN2419800PE.NFO,02/01/2024,11:16:27,0.2,0.15,1400,0.2,21040,200,52400
FINNIFTY02JAN2419800PE.NFO,02/01/2024,11:17:43,0.2,0.15,1400,0.2,16040,5000,52400
FINNIFTY02JAN2419800PE.NFO,02/01/2024,11:18:49,0.2,0.15,1400,0.2,6240,8000,46760
FINNIFTY02JAN2419800PE.NFO,02/01/2024,11:19:07,0.2,0.15,1600,0.2,6240,0,46760
FINNIFTY02JAN2419800PE.NFO,02/01/2024,11:22:21,0.2,0.15,1600,0.2,8040,0,46760
FINNIFTY02JAN2419800PE.NFO,02/01/2024,11:22:50,0.15,0.15,1480,0.2,8040,240,39600
FINNIFTY02JAN2419800PE.NFO,02/01/2024,11:23:08,0.15,0.15,2680,0.2,8040,0,39600
FINNIFTY02JAN2419800PE.NFO,02/01/2024,11:23:18,0.2,0.15,7600,0.2,8040,360,39600
FINNIFTY02JAN2419800PE.NFO,02/01/2024,11:24:03,0.15,0.15,7400,0.2,8040,200,39600
FINNIFTY02JAN2419800PE.NFO,02/01/2024,11:24:58,0.15,0.15,7400,0.2,8040,0,39560
FINNIFTY02JAN2419800PE.NFO,02/01/2024,11:26:13,0.15,0.15,7200,0.2,8040,200,39560
FINNIFTY02JAN2419800PE.NFO,02/01/2024,11:26:41,0.15,0.15,7000,0.2,8040,200,39560
FINNIFTY02JAN2419800PE.NFO,02/01/2024,11:31:59,0.2,0.15,7000,0.2,2800,5840,39560
FINNIFTY02JAN2419800PE.NFO,02/01/2024,11:32:18,0.15,0.15,6800,0.2,1000,200,39560
FINNIFTY02JAN2419800PE.NFO,02/01/2024,11:32:36,0.15,0.15,6680,0.2,2800,0,39560
FINNIFTY02JAN2419800PE.NFO,02/01/2024,11:33:47,0.15,0.15,7120,0.2,2800,200,33720
FINNIFTY02JAN2419800PE.NFO,02/01/2024,11:33:56,0.15,0.15,7040,0.2,1000,80,33720
FINNIFTY02JAN2419800PE.NFO,02/01/2024,11:34:32,0.15,0.15,6840,0.2,2800,200,33720
FINNIFTY02JAN2419800PE.NFO,02/01/2024,11:35:17,0.15,0.15,6640,0.2,1000,200,33720
FINNIFTY02JAN2419800PE.NFO,02/01/2024,11:35:26,0.15,0.15,6640,0.2,1000,0,33720
FINNIFTY02JAN2419800PE.NFO,02/01/2024,11:36:21,0.15,0.15,6440,0.2,1000,200,34000
FINNIFTY02JAN2419800PE.NFO,02/01/2024,11:36:49,0.15,0.15,6360,0.2,2800,80,34000
FINNIFTY02JAN2419800PE.NFO,02/01/2024,11:37:08,0.15,0.15,5960,0.2,1000,400,34000
FINNIFTY02JAN2419800PE.NFO,02/01/2024,11:37:17,0.15,0.15,5680,0.2,2800,280,34000
FINNIFTY02JAN2419800PE.NFO,02/01/2024,11:37:36,0.15,0.15,5680,0.2,2080,0,34000
FINNIFTY02JAN2419800PE.NFO,02/01/2024,11:41:00,0.15,0.15,7480,0.2,3880,0,34000
FINNIFTY02JAN2419800PE.NFO,02/01/2024,11:41:59,0.15,0.15,11080,0.2,2080,0,34000
FINNIFTY02JAN2419800PE.NFO,02/01/2024,11:42:38,0.2,0.15,11080,0.2,1680,400,34560
FINNIFTY02JAN2419800PE.NFO,02/01/2024,11:43:06,0.2,0.15,11080,0.2,1480,200,34560
FINNIFTY02JAN2419800PE.NFO,02/01/2024,11:43:43,0.2,0.15,11080,0.2,1080,400,34560
FINNIFTY02JAN2419800PE.NFO,02/01/2024,11:43:53,0.2,0.15,12880,0.2,840,240,34560
FINNIFTY02JAN2419800PE.NFO,02/01/2024,11:44:03,0.2,0.15,12880,0.2,1280,440,34560
FINNIFTY02JAN2419800PE.NFO,02/01/2024,11:44:30,0.2,0.15,12880,0.2,4680,0,34560
FINNIFTY02JAN2419800PE.NFO,02/01/2024,11:44:58,0.2,0.15,12880,0.2,400,0,34560
FINNIFTY02JAN2419800PE.NFO,02/01/2024,11:45:16,0.2,0.15,15760,0.2,400,0,34560
FINNIFTY02JAN2419800PE.NFO,02/01/2024,11:45:45,0.15,0.15,15360,0.2,2800,400,33480
FINNIFTY02JAN2419800PE.NFO,02/01/2024,11:45:54,0.15,0.15,14440,0.2,1000,920,33480
FINNIFTY02JAN2419800PE.NFO,02/01/2024,11:46:03,0.15,0.15,13960,0.2,1000,480,33480
FINNIFTY02JAN2419800PE.NFO,02/01/2024,11:46:13,0.15,0.15,13760,0.2,2800,200,33480
FINNIFTY02JAN2419800PE.NFO,02/01/2024,11:46:22,0.15,0.15,13560,0.2,4000,200,33480
FINNIFTY02JAN2419800PE.NFO,02/01/2024,11:46:32,0.15,0.15,13560,0.2,2600,0,33480
FINNIFTY02JAN2419800PE.NFO,02/01/2024,11:46:41,0.15,0.15,13360,0.2,4400,200,33480
FINNIFTY02JAN2419800PE.NFO,02/01/2024,11:46:50,0.15,0.15,13360,0.2,4400,0,33480
FINNIFTY02JAN2419800PE.NFO,02/01/2024,11:48:17,0.15,0.15,13360,0.2,3600,0,33480
FINNIFTY02JAN2419800PE.NFO,02/01/2024,11:51:14,0.15,0.15,13160,0.2,5200,200,35880
FINNIFTY02JAN2419800PE.NFO,02/01/2024,11:52:36,0.15,0.15,12880,0.2,3400,280,35880
FINNIFTY02JAN2419800PE.NFO,02/01/2024,11:52:45,0.15,0.15,12880,0.2,5600,0,35880
FINNIFTY02JAN2419800PE.NFO,02/01/2024,11:58:54,0.15,0.15,12880,0.2,5720,0,35880
FINNIFTY02JAN2419800PE.NFO,02/01/2024,12:00:39,0.15,0.15,12680,0.2,3920,200,36360
FINNIFTY02JAN2419800PE.NFO,02/01/2024,12:00:48,0.15,0.15,12480,0.2,5720,200,36360
FINNIFTY02JAN2419800PE.NFO,02/01/2024,12:01:16,0.15,0.15,11280,0.2,3920,0,36360
FINNIFTY02JAN2419800PE.NFO,02/01/2024,12:01:24,0.15,0.15,11280,0.2,6120,0,36360
FINNIFTY02JAN2419800PE.NFO,02/01/2024,12:03:10,0.15,0.15,11080,0.2,6120,200,36760
FINNIFTY02JAN2419800PE.NFO,02/01/2024,12:03:19,0.15,0.15,11080,0.2,6120,0,36760
FINNIFTY02JAN2419800PE.NFO,02/01/2024,12:03:55,0.15,0.15,11080,0.2,6400,0,36760
FINNIFTY02JAN2419800PE.NFO,02/01/2024,12:04:03,0.15,0.15,10840,0.2,6400,0,36760
FINNIFTY02JAN2419800PE.NFO,02/01/2024,12:04:22,0.15,0.15,10840,0.2,6320,0,36760
FINNIFTY02JAN2419800PE.NFO,02/01/2024,12:04:31,0.15,0.15,10840,0.2,6400,0,36760
FINNIFTY02JAN2419800PE.NFO,02/01/2024,12:07:18,0.2,0.15,10840,0.2,1400,5000,36960
FINNIFTY02JAN2419800PE.NFO,02/01/2024,12:07:26,0.2,0.15,10840,0.2,1600,0,36960
FINNIFTY02JAN2419800PE.NFO,02/01/2024,12:16:50,0.2,0.15,10960,0.25,480,1400,33040
FINNIFTY02JAN2419800PE.NFO,02/01/2024,12:16:59,0.2,0.15,10960,0.2,200,0,33040
FINNIFTY02JAN2419800PE.NFO,02/01/2024,12:17:10,0.2,0.15,10960,0.25,880,400,33040
FINNIFTY02JAN2419800PE.NFO,02/01/2024,12:17:22,0.2,0.15,10960,0.25,1240,120,33040
FINNIFTY02JAN2419800PE.NFO,02/01/2024,12:17:50,0.2,0.15,10960,0.2,120,0,33040
FINNIFTY02JAN2419800PE.NFO,02/01/2024,12:18:19,0.2,0.15,10960,0.25,880,120,34440
FINNIFTY02JAN2419800PE.NFO,02/01/2024,12:19:27,0.2,0.15,10960,0.2,400,0,34440
FINNIFTY02JAN2419800PE.NFO,02/01/2024,12:20:52,0.2,0.15,10960,0.2,320,240,34440
FINNIFTY02JAN2419800PE.NFO,02/01/2024,12:21:11,0.2,0.15,10960,0.2,120,200,34440
FINNIFTY02JAN2419800PE.NFO,02/01/2024,12:21:21,0.2,0.15,10960,0.2,1920,0,34440
FINNIFTY02JAN2419800PE.NFO,02/01/2024,12:21:31,0.2,0.15,10960,0.2,1840,80,34440
FINNIFTY02JAN2419800PE.NFO,02/01/2024,12:23:12,0.2,0.15,10960,0.2,1760,200,34440
FINNIFTY02JAN2419800PE.NFO,02/01/2024,12:23:57,0.15,0.15,10880,0.2,1760,80,34440
FINNIFTY02JAN2419800PE.NFO,02/01/2024,12:24:16,0.15,0.15,10880,0.2,1760,0,34360
FINNIFTY02JAN2419800PE.NFO,02/01/2024,12:25:02,0.15,0.15,10840,0.2,1760,40,34360
FINNIFTY02JAN2419800PE.NFO,02/01/2024,12:25:11,0.15,0.15,10800,0.2,1720,40,34360
FINNIFTY02JAN2419800PE.NFO,02/01/2024,12:25:20,0.15,0.15,10800,0.2,1720,0,34360
FINNIFTY02JAN2419800PE.NFO,02/01/2024,12:25:29,0.15,0.15,10680,0.2,1720,120,34360
FINNIFTY02JAN2419800PE.NFO,02/01/2024,12:25:47,0.15,0.15,10640,0.2,1760,40,34360
FINNIFTY02JAN2419800PE.NFO,02/01/2024,12:26:04,0.15,0.15,10600,0.2,1720,40,34360
FINNIFTY02JAN2419800PE.NFO,02/01/2024,12:26:22,0.15,0.15,10520,0.2,1720,80,34360
FINNIFTY02JAN2419800PE.NFO,02/01/2024,12:26:57,0.15,0.15,10480,0.2,1720,40,34360
FINNIFTY02JAN2419800PE.NFO,02/01/2024,12:27:06,0.15,0.15,10440,0.2,1720,40,34360
FINNIFTY02JAN2419800PE.NFO,02/01/2024,12:27:23,0.15,0.15,10440,0.2,1720,0,34360
FINNIFTY02JAN2419800PE.NFO,02/01/2024,12:27:49,0.15,0.15,10440,0.2,1840,0,34360
FINNIFTY02JAN2419800PE.NFO,02/01/2024,12:28:26,0.15,0.15,10440,0.2,1880,0,34360
FINNIFTY02JAN2419800PE.NFO,02/01/2024,12:30:39,0.15,0.15,10360,0.2,1880,80,34360
FINNIFTY02JAN2419800PE.NFO,02/01/2024,12:31:06,0.15,0.15,10360,0.2,1800,0,34360
FINNIFTY02JAN2419800PE.NFO,02/01/2024,12:31:33,0.15,0.15,10320,0.2,1800,40,34360
FINNIFTY02JAN2419800PE.NFO,02/01/2024,12:31:51,0.15,0.15,10240,0.2,1800,80,34360
FINNIFTY02JAN2419800PE.NFO,02/01/2024,12:32:42,0.15,0.15,11000,0.2,1800,80,34360
FINNIFTY02JAN2419800PE.NFO,02/01/2024,12:34:23,0.15,0.15,11000,0.2,2280,0,34360
FINNIFTY02JAN2419800PE.NFO,02/01/2024,12:34:31,0.15,0.15,11000,0.2,2320,0,34360
FINNIFTY02JAN2419800PE.NFO,02/01/2024,12:38:21,0.2,0.15,11000,0.2,2200,200,34400
FINNIFTY02JAN2419800PE.NFO,02/01/2024,12:40:22,0.2,0.15,11000,0.2,2240,0,34400
FINNIFTY02JAN2419800PE.NFO,02/01/2024,12:47:41,0.2,0.15,11000,0.2,2200,40,34200
FINNIFTY02JAN2419800PE.NFO,02/01/2024,12:47:50,0.2,0.15,11000,0.2,2160,40,34200
FINNIFTY02JAN2419800PE.NFO,02/01/2024,12:49:38,0.2,0.15,11000,0.2,1600,400,34200
FINNIFTY02JAN2419800PE.NFO,02/01/2024,12:50:21,0.2,0.15,11000,0.2,1480,120,34200
FINNIFTY02JAN2419800PE.NFO,02/01/2024,12:50:30,0.2,0.15,11000,0.2,1440,40,34200
FINNIFTY02JAN2419800PE.NFO,02/01/2024,12:50:39,0.2,0.15,11000,0.2,1040,400,34200
FINNIFTY02JAN2419800PE.NFO,02/01/2024,12:50:48,0.2,0.15,11000,0.2,640,400,34200
FINNIFTY02JAN2419800PE.NFO,02/01/2024,12:51:15,0.2,0.15,11000,0.2,1440,0,34200
FINNIFTY02JAN2419800PE.NFO,02/01/2024,12:51:43,0.15,0.15,10200,0.2,600,800,34200
FINNIFTY02JAN2419800PE.NFO,02/01/2024,12:51:52,0.15,0.15,10000,0.2,600,200,34200
FINNIFTY02JAN2419800PE.NFO,02/01/2024,12:52:27,0.15,0.15,10000,0.2,560,0,34200
FINNIFTY02JAN2419800PE.NFO,02/01/2024,12:52:35,0.15,0.15,10000,0.2,1600,0,34200
FINNIFTY02JAN2419800PE.NFO,02/01/2024,12:53:35,0.15,0.15,9960,0.2,1600,40,34200
FINNIFTY02JAN2419800PE.NFO,02/01/2024,12:53:53,0.15,0.15,6360,0.2,1600,0,34200
FINNIFTY02JAN2419800PE.NFO,02/01/2024,12:54:01,0.2,0.15,6360,0.2,1280,320,34200
FINNIFTY02JAN2419800PE.NFO,02/01/2024,12:57:53,0.15,0.1,49480,0.2,1280,6360,34480
FINNIFTY02JAN2419800PE.NFO,02/01/2024,12:58:02,0.15,0.1,48760,0.2,4440,80,34480
FINNIFTY02JAN2419800PE.NFO,02/01/2024,12:58:29,0.15,0.1,46000,0.15,760,680,34480
FINNIFTY02JAN2419800PE.NFO,02/01/2024,12:58:39,0.15,0.1,46000,0.15,2200,0,34480
FINNIFTY02JAN2419800PE.NFO,02/01/2024,12:58:57,0.15,0.1,46000,0.15,2000,200,34480
FINNIFTY02JAN2419800PE.NFO,02/01/2024,12:59:06,0.15,0.1,46000,0.2,4360,0,34480
FINNIFTY02JAN2419800PE.NFO,02/01/2024,12:59:32,0.15,0.1,46000,0.15,160,320,34480
FINNIFTY02JAN2419800PE.NFO,02/01/2024,12:59:41,0.15,0.1,46000,0.15,160,0,34480
FINNIFTY02JAN2419800PE.NFO,02/01/2024,13:01:24,0.15,0.1,46000,0.15,2160,0,34480
FINNIFTY02JAN2419800PE.NFO,02/01/2024,13:01:42,0.15,0.1,46000,0.15,2360,240,38880
FINNIFTY02JAN2419800PE.NFO,02/01/2024,13:02:00,0.15,0.1,46000,0.15,2200,160,38880
FINNIFTY02JAN2419800PE.NFO,02/01/2024,13:02:18,0.15,0.1,46000,0.15,840,0,38880
FINNIFTY02JAN2419800PE.NFO,02/01/2024,13:03:06,0.1,0.1,45680,0.15,760,400,38640
FINNIFTY02JAN2419800PE.NFO,02/01/2024,13:03:06,0.1,0.1,45680,0.15,760,0,38640
FINNIFTY02JAN2419800PE.NFO,02/01/2024,13:03:15,0.1,0.1,45680,0.15,2600,0,38640
FINNIFTY02JAN2419800PE.NFO,02/01/2024,13:04:15,0.1,0.1,45640,0.15,2600,0,38640
FINNIFTY02JAN2419800PE.NFO,02/01/2024,13:04:45,0.15,0.1,45640,0.15,2680,120,38640
FINNIFTY02JAN2419800PE.NFO,02/01/2024,13:04:55,0.15,0.1,45640,0.15,2480,200,38640
FINNIFTY02JAN2419800PE.NFO,02/01/2024,13:05:04,0.15,0.1,45640,0.15,2400,80,38640
FINNIFTY02JAN2419800PE.NFO,02/01/2024,13:05:23,0.15,0.1,45640,0.15,2000,200,38640
FINNIFTY02JAN2419800PE.NFO,02/01/2024,13:05:40,0.15,0.1,45640,0.15,1800,200,38640
FINNIFTY02JAN2419800PE.NFO,02/01/2024,13:06:25,0.15,0.1,45640,0.15,1720,80,38080
FINNIFTY02JAN2419800PE.NFO,02/01/2024,13:07:18,0.15,0.1,45640,0.15,1600,120,38080
FINNIFTY02JAN2419800PE.NFO,02/01/2024,13:07:26,0.15,0.1,45640,0.15,1720,80,38080
FINNIFTY02JAN2419800PE.NFO,02/01/2024,13:08:40,0.15,0.1,45440,0.15,1480,240,38080
FINNIFTY02JAN2419800PE.NFO,02/01/2024,13:08:50,0.15,0.1,45440,0.15,1680,0,38080
FINNIFTY02JAN2419800PE.NFO,02/01/2024,13:11:38,0.15,0.1,45440,0.15,1480,200,38000
FINNIFTY02JAN2419800PE.NFO,02/01/2024,13:13:32,0.15,0.1,45440,0.15,1480,0,38000
FINNIFTY02JAN2419800PE.NFO,02/01/2024,13:14:57,0.15,0.1,45440,0.15,1240,240,37800
FINNIFTY02JAN2419800PE.NFO,02/01/2024,13:15:59,0.15,0.1,41840,0.15,1240,0,37800
FINNIFTY02JAN2419800PE.NFO,02/01/2024,13:18:40,0.15,0.1,41800,0.15,1240,0,37800
FINNIFTY02JAN2419800PE.NFO,02/01/2024,13:24:22,0.15,0.1,34600,0.15,1240,0,37800
FINNIFTY02JAN2419800PE.NFO,02/01/2024,13:24:39,0.1,0.1,32880,0.15,5280,1760,37560
FINNIFTY02JAN2419800PE.NFO,02/01/2024,13:24:48,0.1,0.1,32880,0.15,5280,0,37560
FINNIFTY02JAN2419800PE.NFO,02/01/2024,13:25:15,0.1,0.1,34360,0.15,5280,0,37560
FINNIFTY02JAN2419800PE.NFO,02/01/2024,13:26:35,0.1,0.1,29520,0.15,7080,0,37560
FINNIFTY02JAN2419800PE.NFO,02/01/2024,13:30:25,0.1,0.1,29480,0.15,7080,40,37560
FINNIFTY02JAN2419800PE.NFO,02/01/2024,13:30:51,0.1,0.1,25880,0.15,7080,0,39320
FINNIFTY02JAN2419800PE.NFO,02/01/2024,13:30:59,0.1,0.1,25880,0.15,7120,0,39320
FINNIFTY02JAN2419800PE.NFO,02/01/2024,13:31:18,0.1,0.1,25880,0.15,7080,0,39320
FINNIFTY02JAN2419800PE.NFO,02/01/2024,13:31:36,0.1,0.1,25880,0.15,7120,0,39320
FINNIFTY02JAN2419800PE.NFO,02/01/2024,13:31:54,0.1,0.1,25880,0.15,7080,0,39320
FINNIFTY02JAN2419800PE.NFO,02/01/2024,13:32:57,0.1,0.1,25880,0.15,5360,0,39320
FINNIFTY02JAN2419800PE.NFO,02/01/2024,13:33:15,0.1,0.1,25880,0.15,5560,0,39320
FINNIFTY02JAN2419800PE.NFO,02/01/2024,13:33:50,0.1,0.1,25760,0.15,5320,0,39320
FINNIFTY02JAN2419800PE.NFO,02/01/2024,13:34:45,0.1,0.1,16760,0.15,5320,0,39320
FINNIFTY02JAN2419800PE.NFO,02/01/2024,13:35:22,0.1,0.1,16760,0.15,5360,0,39320
FINNIFTY02JAN2419800PE.NFO,02/01/2024,13:35:31,0.1,0.1,16760,0.15,5320,0,39320
FINNIFTY02JAN2419800PE.NFO,02/01/2024,13:36:06,0.1,0.1,16760,0.15,5360,0,39320
FINNIFTY02JAN2419800PE.NFO,02/01/2024,13:36:33,0.15,0.1,16760,0.15,5160,200,39320
FINNIFTY02JAN2419800PE.NFO,02/01/2024,13:36:42,0.15,0.1,16760,0.15,5120,0,39320
FINNIFTY02JAN2419800PE.NFO,02/01/2024,13:36:51,0.15,0.1,16760,0.15,5160,0,39320
FINNIFTY02JAN2419800PE.NFO,02/01/2024,13:37:01,0.15,0.1,16760,0.15,5120,0,39320
FINNIFTY02JAN2419800PE.NFO,02/01/2024,13:37:10,0.15,0.1,16760,0.15,5160,0,39320
FINNIFTY02JAN2419800PE.NFO,02/01/2024,13:37:20,0.15,0.1,16880,0.15,5120,0,39320
FINNIFTY02JAN2419800PE.NFO,02/01/2024,13:37:47,0.15,0.1,16880,0.15,5160,0,39320
FINNIFTY02JAN2419800PE.NFO,02/01/2024,13:38:05,0.15,0.1,16880,0.15,5120,0,39320
FINNIFTY02JAN2419800PE.NFO,02/01/2024,13:38:14,0.15,0.1,16880,0.15,5160,0,39320
FINNIFTY02JAN2419800PE.NFO,02/01/2024,13:38:23,0.15,0.1,16880,0.15,5360,0,39320
FINNIFTY02JAN2419800PE.NFO,02/01/2024,13:40:14,0.15,0.1,16880,0.15,6960,0,39320
FINNIFTY02JAN2419800PE.NFO,02/01/2024,13:40:32,0.15,0.1,16800,0.15,6960,0,39320
FINNIFTY02JAN2419800PE.NFO,02/01/2024,13:41:30,0.15,0.1,11400,0.15,6960,0,39320
FINNIFTY02JAN2419800PE.NFO,02/01/2024,13:41:40,0.15,0.1,9920,0.15,6960,0,39320
FINNIFTY02JAN2419800PE.NFO,02/01/2024,13:45:53,0.1,0.1,9960,0.15,6960,40,39120
FINNIFTY02JAN2419800PE.NFO,02/01/2024,13:46:18,0.1,0.1,9560,0.15,6960,400,39120
FINNIFTY02JAN2419800PE.NFO,02/01/2024,13:47:09,0.1,0.1,7520,0.15,4960,2040,39120
FINNIFTY02JAN2419800PE.NFO,02/01/2024,13:47:17,0.1,0.1,6400,0.15,4560,400,39120
FINNIFTY02JAN2419800PE.NFO,02/01/2024,13:47:25,0.15,0.1,6400,0.15,4480,80,39120
FINNIFTY02JAN2419800PE.NFO,02/01/2024,13:47:34,0.1,0.1,320,0.15,4480,2560,39120
FINNIFTY02JAN2419800PE.NFO,02/01/2024,13:47:52,0.1,0.1,40,0.15,4480,320,39120
FINNIFTY02JAN2419800PE.NFO,02/01/2024,13:48:00,0.1,0.1,320,0.15,4280,280,39120
FINNIFTY02JAN2419800PE.NFO,02/01/2024,13:48:27,0.15,0.1,360,0.15,4040,240,37880
FINNIFTY02JAN2419800PE.NFO,02/01/2024,13:48:35,0.15,0.1,160,0.15,4040,0,37880
FINNIFTY02JAN2419800PE.NFO,02/01/2024,13:48:44,0.15,0.1,160,0.15,6840,0,37880
FINNIFTY02JAN2419800PE.NFO,02/01/2024,13:49:33,0.1,0.1,200,0.15,6840,160,37880
FINNIFTY02JAN2419800PE.NFO,02/01/2024,13:49:42,0.1,0.1,160,0.15,6840,0,37880
FINNIFTY02JAN2419800PE.NFO,02/01/2024,13:49:58,0.15,0.1,200,0.15,6560,280,37880
FINNIFTY02JAN2419800PE.NFO,02/01/2024,13:50:15,0.15,0.1,200,0.15,6560,0,37880
FINNIFTY02JAN2419800PE.NFO,02/01/2024,13:50:41,0.15,0.1,1360,0.15,6560,0,37880
FINNIFTY02JAN2419800PE.NFO,02/01/2024,13:51:00,0.15,0.1,1200,0.15,6040,520,37880
FINNIFTY02JAN2419800PE.NFO,02/01/2024,13:51:10,0.15,0.1,1360,0.15,6040,0,37880
FINNIFTY02JAN2419800PE.NFO,02/01/2024,13:51:46,0.15,0.1,1440,0.15,6040,0,37880
FINNIFTY02JAN2419800PE.NFO,02/01/2024,13:51:55,0.15,0.1,1400,0.15,6040,0,37880
FINNIFTY02JAN2419800PE.NFO,02/01/2024,13:52:22,0.15,0.1,1400,0.15,7480,320,36920
FINNIFTY02JAN2419800PE.NFO,02/01/2024,13:52:32,0.15,0.1,1440,0.15,5560,640,36920
FINNIFTY02JAN2419800PE.NFO,02/01/2024,13:52:41,0.15,0.1,1400,0.15,5560,0,36920
FINNIFTY02JAN2419800PE.NFO,02/01/2024,13:52:51,0.15,0.1,1400,0.15,5320,240,36920
FINNIFTY02JAN2419800PE.NFO,02/01/2024,13:53:09,0.1,0.1,1280,0.15,5320,400,36920
FINNIFTY02JAN2419800PE.NFO,02/01/2024,13:53:18,0.1,0.1,240,0.15,5120,2120,36920
FINNIFTY02JAN2419800PE.NFO,02/01/2024,13:53:28,0.1,0.1,240,0.15,5560,3600,36920
FINNIFTY02JAN2419800PE.NFO,02/01/2024,13:53:38,0.1,0.1,40,0.15,6360,4160,36920
FINNIFTY02JAN2419800PE.NFO,02/01/2024,13:53:47,0.1,0.05,31360,0.15,4040,5200,36920
FINNIFTY02JAN2419800PE.NFO,02/01/2024,13:53:57,0.1,0.1,3000,0.15,3440,2120,36920
FINNIFTY02JAN2419800PE.NFO,02/01/2024,13:54:06,0.15,0.1,3000,0.15,2960,3680,36920
FINNIFTY02JAN2419800PE.NFO,02/01/2024,13:54:16,0.15,0.1,3160,0.15,1040,160,28120
FINNIFTY02JAN2419800PE.NFO,02/01/2024,13:54:25,0.15,0.1,3160,0.2,2800,2480,28120
FINNIFTY02JAN2419800PE.NFO,02/01/2024,13:54:35,0.15,0.1,12600,0.2,2880,1680,28120
FINNIFTY02JAN2419800PE.NFO,02/01/2024,13:54:44,0.15,0.1,16600,0.15,80,880,28120
FINNIFTY02JAN2419800PE.NFO,02/01/2024,13:54:53,0.15,0.1,16600,0.15,120,0,28120
FINNIFTY02JAN2419800PE.NFO,02/01/2024,13:55:03,0.15,0.1,3160,0.15,120,0,28120
FINNIFTY02JAN2419800PE.NFO,02/01/2024,13:55:56,0.1,0.1,3120,0.15,120,40,28120
FINNIFTY02JAN2419800PE.NFO,02/01/2024,13:56:04,0.1,0.1,3000,0.15,120,120,28120
FINNIFTY02JAN2419800PE.NFO,02/01/2024,13:56:30,0.1,0.1,3000,0.15,640,0,28120
FINNIFTY02JAN2419800PE.NFO,02/01/2024,13:57:22,0.1,0.1,2000,0.15,640,0,28120
FINNIFTY02JAN2419800PE.NFO,02/01/2024,13:58:21,0.1,0.1,2000,0.15,1880,0,28120
FINNIFTY02JAN2419800PE.NFO,02/01/2024,13:59:04,0.1,0.1,800,0.15,3400,1200,29800
FINNIFTY02JAN2419800PE.NFO,02/01/2024,13:59:13,0.05,0.05,32800,0.1,440,1600,29800
FINNIFTY02JAN2419800PE.NFO,02/01/2024,13:59:13,0.05,0.05,32800,0.1,440,0,29800
FINNIFTY02JAN2419800PE.NFO,02/01/2024,13:59:22,0.05,0.05,32000,0.1,720,960,29800
FINNIFTY02JAN2419800PE.NFO,02/01/2024,13:59:30,0.05,0.05,31200,0.1,720,800,29800
FINNIFTY02JAN2419800PE.NFO,02/01/2024,13:59:39,0.05,0.05,30720,0.1,720,480,29800
FINNIFTY02JAN2419800PE.NFO,02/01/2024,13:59:48,0.05,0.05,30360,0.1,720,360,29800
FINNIFTY02JAN2419800PE.NFO,02/01/2024,13:59:56,0.05,0.05,29560,0.1,720,800,29800
FINNIFTY02JAN2419800PE.NFO,02/01/2024,14:00:06,0.05,0.05,29480,0.1,720,80,29800
FINNIFTY02JAN2419800PE.NFO,02/01/2024,14:00:14,0.1,0.05,29480,0.1,520,200,29000
FINNIFTY02JAN2419800PE.NFO,02/01/2024,14:00:23,0.1,0.05,28600,0.1,520,0,29000
FINNIFTY02JAN2419800PE.NFO,02/01/2024,14:00:57,0.1,0.05,28600,0.2,1080,1920,29000
FINNIFTY02JAN2419800PE.NFO,02/01/2024,14:01:06,0.15,0.1,2480,0.2,1240,6520,29000
FINNIFTY02JAN2419800PE.NFO,02/01/2024,14:01:15,0.15,0.1,2480,0.2,3440,240,29000
FINNIFTY02JAN2419800PE.NFO,02/01/2024,14:01:41,0.15,0.1,2480,0.15,1240,200,29000
FINNIFTY02JAN2419800PE.NFO,02/01/2024,14:01:50,0.15,0.1,3720,0.15,1120,0,29000
FINNIFTY02JAN2419800PE.NFO,02/01/2024,14:02:07,0.15,0.1,2480,0.15,1240,0,29000
FINNIFTY02JAN2419800PE.NFO,02/01/2024,14:02:16,0.15,0.1,2480,0.15,1120,0,29000
FINNIFTY02JAN2419800PE.NFO,02/01/2024,14:02:42,0.1,0.1,2400,0.15,1120,80,29000
FINNIFTY02JAN2419800PE.NFO,02/01/2024,14:02:59,0.1,0.1,2400,0.15,1320,0,29000
FINNIFTY02JAN2419800PE.NFO,02/01/2024,14:03:25,0.15,0.1,2400,0.15,1240,80,25840
FINNIFTY02JAN2419800PE.NFO,02/01/2024,14:03:34,0.15,0.1,2400,0.15,160,400,25840
FINNIFTY02JAN2419800PE.NFO,02/01/2024,14:03:43,0.15,0.1,3640,0.15,160,0,25840
FINNIFTY02JAN2419800PE.NFO,02/01/2024,14:03:52,0.15,0.1,3640,0.15,400,800,25840
FINNIFTY02JAN2419800PE.NFO,02/01/2024,14:04:01,0.15,0.1,3640,0.2,2480,1880,25840
FINNIFTY02JAN2419800PE.NFO,02/01/2024,14:04:11,0.15,0.1,3640,0.15,400,0,25840
FINNIFTY02JAN2419800PE.NFO,02/01/2024,14:04:20,0.1,0.1,1920,0.15,2680,1280,25840
FINNIFTY02JAN2419800PE.NFO,02/01/2024,14:04:30,0.1,0.1,1360,0.15,4080,560,25840
FINNIFTY02JAN2419800PE.NFO,02/01/2024,14:04:39,0.1,0.1,1320,0.15,4080,160,25840
FINNIFTY02JAN2419800PE.NFO,02/01/2024,14:04:49,0.15,0.1,1320,0.15,3680,400,25840
FINNIFTY02JAN2419800PE.NFO,02/01/2024,14:04:58,0.15,0.1,1320,0.15,3560,0,25840
FINNIFTY02JAN2419800PE.NFO,02/01/2024,14:05:07,0.15,0.1,1320,0.15,3480,80,25840
FINNIFTY02JAN2419800PE.NFO,02/01/2024,14:05:25,0.15,0.1,1320,0.15,3800,0,25840
FINNIFTY02JAN2419800PE.NFO,02/01/2024,14:06:16,0.15,0.1,1320,0.15,3680,0,25840
FINNIFTY02JAN2419800PE.NFO,02/01/2024,14:06:41,0.1,0.1,1200,0.15,3680,120,24560
FINNIFTY02JAN2419800PE.NFO,02/01/2024,14:06:49,0.1,0.1,1200,0.15,3680,0,24560
FINNIFTY02JAN2419800PE.NFO,02/01/2024,14:06:58,0.15,0.1,1200,0.15,3200,480,24560
FINNIFTY02JAN2419800PE.NFO,02/01/2024,14:07:07,0.15,0.1,1200,0.15,2800,400,24560
FINNIFTY02JAN2419800PE.NFO,02/01/2024,14:07:16,0.15,0.1,1200,0.15,2800,0,24560
FINNIFTY02JAN2419800PE.NFO,02/01/2024,14:07:40,0.15,0.1,1200,0.15,2920,0,24560
FINNIFTY02JAN2419800PE.NFO,02/01/2024,14:07:56,0.15,0.1,1240,0.15,2920,0,24560
FINNIFTY02JAN2419800PE.NFO,02/01/2024,14:08:12,0.15,0.1,1200,0.15,2800,0,24560
FINNIFTY02JAN2419800PE.NFO,02/01/2024,14:08:28,0.15,0.1,1240,0.15,2800,0,24560
FINNIFTY02JAN2419800PE.NFO,02/01/2024,14:08:53,0.15,0.1,1200,0.15,2920,0,24560
FINNIFTY02JAN2419800PE.NFO,02/01/2024,14:09:02,0.15,0.1,1240,0.15,1600,1200,24560
FINNIFTY02JAN2419800PE.NFO,02/01/2024,14:09:12,0.15,0.1,1200,0.15,800,800,24560
FINNIFTY02JAN2419800PE.NFO,02/01/2024,14:09:22,0.15,0.1,3280,0.2,2640,800,26320
FINNIFTY02JAN2419800PE.NFO,02/01/2024,14:09:31,0.15,0.1,3280,0.2,2560,0,26320
FINNIFTY02JAN2419800PE.NFO,02/01/2024,14:09:50,0.15,0.1,3280,0.15,200,0,26320
FINNIFTY02JAN2419800PE.NFO,02/01/2024,14:10:00,0.15,0.1,3280,0.2,2640,1040,26320
FINNIFTY02JAN2419800PE.NFO,02/01/2024,14:10:13,0.15,0.1,3120,0.2,2080,2200,26320
FINNIFTY02JAN2419800PE.NFO,02/01/2024,14:10:44,0.15,0.1,3120,0.15,200,0,26320
FINNIFTY02JAN2419800PE.NFO,02/01/2024,14:11:04,0.15,0.1,3120,0.2,2320,600,26320
FINNIFTY02JAN2419800PE.NFO,02/01/2024,14:11:16,0.15,0.1,3320,0.2,2320,1280,26320
FINNIFTY02JAN2419800PE.NFO,02/01/2024,14:11:28,0.15,0.1,3320,0.2,2320,400,26320
FINNIFTY02JAN2419800PE.NFO,02/01/2024,14:12:08,0.15,0.1,3320,0.15,200,0,26320
FINNIFTY02JAN2419800PE.NFO,02/01/2024,14:12:56,0.15,0.1,3480,0.15,200,400,25920
FINNIFTY02JAN2419800PE.NFO,02/01/2024,14:13:16,0.15,0.1,3120,0.2,2280,1120,25920
FINNIFTY02JAN2419800PE.NFO,02/01/2024,14:13:26,0.15,0.1,3120,0.2,2280,240,25920
FINNIFTY02JAN2419800PE.NFO,02/01/2024,14:13:37,0.15,0.1,3440,0.2,2280,240,25920
FINNIFTY02JAN2419800PE.NFO,02/01/2024,14:13:48,0.15,0.1,3440,0.2,2280,160,25920
FINNIFTY02JAN2419800PE.NFO,02/01/2024,14:13:58,0.15,0.1,3440,0.2,2280,80,25920
FINNIFTY02JAN2419800PE.NFO,02/01/2024,14:14:09,0.15,0.1,3120,0.15,160,0,25920
FINNIFTY02JAN2419800PE.NFO,02/01/2024,14:14:20,0.15,0.1,3320,0.2,2200,280,25920
FINNIFTY02JAN2419800PE.NFO,02/01/2024,14:15:18,0.15,0.1,3320,0.2,2200,80,27160
FINNIFTY02JAN2419800PE.NFO,02/01/2024,14:15:28,0.15,0.1,3320,0.2,2200,0,27160
FINNIFTY02JAN2419800PE.NFO,02/01/2024,14:15:38,0.15,0.1,3120,0.15,760,0,27160
FINNIFTY02JAN2419800PE.NFO,02/01/2024,14:16:43,0.15,0.1,3560,0.15,2840,0,27160
FINNIFTY02JAN2419800PE.NFO,02/01/2024,14:19:06,0.1,0.1,2720,0.15,2840,1200,27240
FINNIFTY02JAN2419800PE.NFO,02/01/2024,14:19:16,0.1,0.1,760,0.15,2840,1520,27240
FINNIFTY02JAN2419800PE.NFO,02/01/2024,14:19:27,0.05,0.05,27640,0.1,400,1280,27240
FINNIFTY02JAN2419800PE.NFO,02/01/2024,14:19:38,0.05,0.05,26280,0.15,3280,1600,27240
FINNIFTY02JAN2419800PE.NFO,02/01/2024,14:19:48,0.1,0.05,25880,0.15,3280,800,27240
FINNIFTY02JAN2419800PE.NFO,02/01/2024,14:19:57,0.1,0.05,25880,0.1,1400,520,27240
FINNIFTY02JAN2419800PE.NFO,02/01/2024,14:20:07,0.05,0.05,25400,0.1,1400,480,27240
FINNIFTY02JAN2419800PE.NFO,02/01/2024,14:20:36,0.05,0.05,25400,0.1,2160,0,27240
FINNIFTY02JAN2419800PE.NFO,02/01/2024,14:20:45,0.05,0.05,16400,0.1,2160,0,27240
FINNIFTY02JAN2419800PE.NFO,02/01/2024,14:21:22,0.05,0.05,3840,0.1,1800,760,23440
FINNIFTY02JAN2419800PE.NFO,02/01/2024,14:21:40,0.05,0.05,3560,0.1,1800,280,23440
FINNIFTY02JAN2419800PE.NFO,02/01/2024,14:22:35,0.05,0.05,3400,0.1,1800,0,23440
FINNIFTY02JAN2419800PE.NFO,02/01/2024,14:22:45,0.05,0.05,2600,0.1,1800,800,23440
FINNIFTY02JAN2419800PE.NFO,02/01/2024,14:22:55,0.05,0.05,2120,0.1,1800,800,23440
FINNIFTY02JAN2419800PE.NFO,02/01/2024,14:23:04,0.05,0.05,2120,0.1,1800,0,23440
FINNIFTY02JAN2419800PE.NFO,02/01/2024,14:23:13,0.1,0.05,2120,0.1,1720,80,23440
FINNIFTY02JAN2419800PE.NFO,02/01/2024,14:23:50,0.1,0.05,2120,0.1,1600,120,23440
FINNIFTY02JAN2419800PE.NFO,02/01/2024,14:23:59,0.1,0.05,2120,0.1,1440,160,23440
FINNIFTY02JAN2419800PE.NFO,02/01/2024,14:24:08,0.05,0.05,1240,0.1,560,880,23440
FINNIFTY02JAN2419800PE.NFO,02/01/2024,14:24:17,0.05,0.05,1240,0.1,560,0,23440
FINNIFTY02JAN2419800PE.NFO,02/01/2024,14:25:56,0.1,0.05,3480,0.15,3160,200,20800
FINNIFTY02JAN2419800PE.NFO,02/01/2024,14:26:22,0.1,0.05,3480,0.15,3760,0,20800
FINNIFTY02JAN2419800PE.NFO,02/01/2024,14:26:31,0.1,0.05,3480,0.15,3880,0,20800
FINNIFTY02JAN2419800PE.NFO,02/01/2024,14:26:40,0.1,0.05,3480,0.15,3160,0,20800
FINNIFTY02JAN2419800PE.NFO,02/01/2024,14:26:59,0.15,0.05,3560,0.15,2240,1000,20800
FINNIFTY02JAN2419800PE.NFO,02/01/2024,14:27:08,0.15,0.05,3560,0.15,2280,0,20800
FINNIFTY02JAN2419800PE.NFO,02/01/2024,14:29:30,0.15,0.05,4440,0.1,160,0,20800
FINNIFTY02JAN2419800PE.NFO,02/01/2024,14:29:57,0.1,0.05,4440,0.15,2280,280,20480
FINNIFTY02JAN2419800PE.NFO,02/01/2024,14:30:06,0.1,0.05,4440,0.15,2280,320,20480
FINNIFTY02JAN2419800PE.NFO,02/01/2024,14:30:16,0.1,0.1,320,0.15,2160,880,21560
FINNIFTY02JAN2419800PE.NFO,02/01/2024,14:30:25,0.15,0.05,4440,0.15,1080,320,21560
FINNIFTY02JAN2419800PE.NFO,02/01/2024,14:30:35,0.15,0.05,4440,0.15,920,880,21560
FINNIFTY02JAN2419800PE.NFO,02/01/2024,14:30:45,0.1,0.05,4440,0.15,920,80,21560
FINNIFTY02JAN2419800PE.NFO,02/01/2024,14:30:55,0.1,0.05,4440,0.15,920,0,21560
FINNIFTY02JAN2419800PE.NFO,02/01/2024,14:31:31,0.15,0.05,4440,0.15,520,400,21560
FINNIFTY02JAN2419800PE.NFO,02/01/2024,14:32:35,0.15,0.05,4440,0.15,520,0,21560
FINNIFTY02JAN2419800PE.NFO,02/01/2024,14:34:16,0.15,0.05,4440,0.1,160,0,21560
FINNIFTY02JAN2419800PE.NFO,02/01/2024,14:34:34,0.15,0.05,4440,0.15,360,400,21840
FINNIFTY02JAN2419800PE.NFO,02/01/2024,14:36:23,0.15,0.05,4440,0.1,200,0,21840
FINNIFTY02JAN2419800PE.NFO,02/01/2024,14:37:17,0.05,0.05,3800,0.1,200,640,22120
FINNIFTY02JAN2419800PE.NFO,02/01/2024,14:37:26,0.1,0.05,3400,0.15,360,1080,22120
FINNIFTY02JAN2419800PE.NFO,02/01/2024,14:37:36,0.15,0.05,3400,0.15,280,320,22120
FINNIFTY02JAN2419800PE.NFO,02/01/2024,14:37:46,0.1,0.05,3320,0.25,560,1200,22120
FINNIFTY02JAN2419800PE.NFO,02/01/2024,14:37:57,0.05,0.05,3280,0.15,120,1080,22120
FINNIFTY02JAN2419800PE.NFO,02/01/2024,14:38:08,0.1,0.1,440,0.15,160,1960,22120
FINNIFTY02JAN2419800PE.NFO,02/01/2024,14:38:20,0.15,0.05,8680,0.15,320,440,22120
FINNIFTY02JAN2419800PE.NFO,02/01/2024,14:38:33,0.15,0.1,40,0.15,440,480,22120
FINNIFTY02JAN2419800PE.NFO,02/01/2024,14:38:45,0.1,0.05,14360,0.15,160,80,22120
FINNIFTY02JAN2419800PE.NFO,02/01/2024,14:38:55,0.1,0.05,14360,0.15,160,0,22120
FINNIFTY02JAN2419800PE.NFO,02/01/2024,14:39:05,0.1,0.05,14360,0.15,2920,0,22120
FINNIFTY02JAN2419800PE.NFO,02/01/2024,14:39:15,0.1,0.05,14320,0.15,2920,0,22120
FINNIFTY02JAN2419800PE.NFO,02/01/2024,14:40:36,0.15,0.05,14360,0.15,2680,400,24600
FINNIFTY02JAN2419800PE.NFO,02/01/2024,14:40:48,0.15,0.05,3600,0.15,2680,0,24600
FINNIFTY02JAN2419800PE.NFO,02/01/2024,14:41:49,0.05,0.05,3640,0.15,2640,80,24600
FINNIFTY02JAN2419800PE.NFO,02/01/2024,14:41:58,0.05,0.05,3640,0.15,2640,0,24600
FINNIFTY02JAN2419800PE.NFO,02/01/2024,14:42:17,0.05,0.05,2760,0.15,2640,0,24600
FINNIFTY02JAN2419800PE.NFO,02/01/2024,14:42:45,0.05,0.05,1640,0.15,2640,1400,24720
FINNIFTY02JAN2419800PE.NFO,02/01/2024,14:43:04,0.05,0.05,3440,0.15,2640,0,24720
FINNIFTY02JAN2419800PE.NFO,02/01/2024,14:46:06,0.1,0.05,3440,0.15,2640,80,23320
FINNIFTY02JAN2419800PE.NFO,02/01/2024,14:47:22,0.1,0.05,3440,0.15,2640,0,23320
FINNIFTY02JAN2419800PE.NFO,02/01/2024,14:47:41,0.1,0.05,3240,0.15,2480,80,23320
FINNIFTY02JAN2419800PE.NFO,02/01/2024,14:50:29,0.1,0.05,3240,0.15,2480,0,23320
FINNIFTY02JAN2419800PE.NFO,02/01/2024,14:51:25,0.1,0.05,3240,0.15,2480,80,23480
FINNIFTY02JAN2419800PE.NFO,02/01/2024,14:51:52,0.1,0.05,3240,0.15,2400,0,23480
FINNIFTY02JAN2419800PE.NFO,02/01/2024,14:52:52,0.1,0.05,3160,0.15,2400,0,23480
FINNIFTY02JAN2419800PE.NFO,02/01/2024,14:53:38,0.1,0.05,2800,0.15,1840,0,23480
FINNIFTY02JAN2419800PE.NFO,02/01/2024,14:55:46,0.1,0.05,3120,0.1,3720,0,23480
FINNIFTY02JAN2419800PE.NFO,02/01/2024,14:55:55,0.1,0.05,3120,0.1,3480,0,23480
FINNIFTY02JAN2419800PE.NFO,02/01/2024,14:57:22,0.1,0.05,1320,0.1,3480,0,23480
FINNIFTY02JAN2419800PE.NFO,02/01/2024,14:57:42,0.1,0.05,1320,0.1,3400,0,23480
FINNIFTY02JAN2419800PE.NFO,02/01/2024,14:58:10,0.1,0.05,1320,0.1,1160,0,23480
FINNIFTY02JAN2419800PE.NFO,02/01/2024,14:59:35,0.1,0,0,0.1,440,2000,23560
FINNIFTY02JAN2419800PE.NFO,02/01/2024,14:59:46,0.1,0,0,0.1,2240,0,23560
FINNIFTY02JAN2419800PE.NFO,02/01/2024,15:00:06,0.1,0.05,120,0.15,1800,2320,23560
FINNIFTY02JAN2419800PE.NFO,02/01/2024,15:00:16,0.1,0,0,0.1,3160,0,23560
FINNIFTY02JAN2419800PE.NFO,02/01/2024,15:00:37,0.1,0,0,0.1,1920,0,23560
FINNIFTY02JAN2419800PE.NFO,02/01/2024,15:04:10,0.1,0,0,0.1,2000,0,23560
FINNIFTY02JAN2419800PE.NFO,02/01/2024,15:05:40,0.1,0,0,0.1,1840,200,21400
FINNIFTY02JAN2419800PE.NFO,02/01/2024,15:07:22,0.05,0,0,0.1,1840,240,21400
FINNIFTY02JAN2419800PE.NFO,02/01/2024,15:08:58,0.05,0,0,0.1,1720,0,21400
FINNIFTY02JAN2419800PE.NFO,02/01/2024,15:09:08,0.05,0,0,0.1,1800,0,21400
FINNIFTY02JAN2419800PE.NFO,02/01/2024,15:10:12,0.1,0,0,0.1,800,1000,21400
FINNIFTY02JAN2419800PE.NFO,02/01/2024,15:10:34,0.1,0,0,0.05,520,0,21400
FINNIFTY02JAN2419800PE.NFO,02/01/2024,15:10:46,0.1,0,0,0.1,1760,0,21400
FINNIFTY02JAN2419800PE.NFO,02/01/2024,15:10:58,0.05,0.05,800,0.1,800,240,21400
FINNIFTY02JAN2419800PE.NFO,02/01/2024,15:11:08,0.1,0.05,800,0.1,760,40,21400
FINNIFTY02JAN2419800PE.NFO,02/01/2024,15:11:19,0.1,0.05,800,0.1,760,0,21400
FINNIFTY02JAN2419800PE.NFO,02/01/2024,15:11:49,0.05,0,0,0.1,760,1880,21400
FINNIFTY02JAN2419800PE.NFO,02/01/2024,15:12:09,0.05,0,0,0.1,760,0,21400
FINNIFTY02JAN2419800PE.NFO,02/01/2024,15:13:00,0.1,0.05,40,0.1,720,40,22320
FINNIFTY02JAN2419800PE.NFO,02/01/2024,15:13:10,0.1,0.05,40,0.1,720,0,22320
FINNIFTY02JAN2419800PE.NFO,02/01/2024,15:15:04,0.1,0.05,40,0.1,1120,0,22320
FINNIFTY02JAN2419800PE.NFO,02/01/2024,15:15:15,0.05,0,0,0.1,1120,240,22320
FINNIFTY02JAN2419800PE.NFO,02/01/2024,15:15:26,0.05,0,0,0.1,1120,1400,22360
FINNIFTY02JAN2419800PE.NFO,02/01/2024,15:15:36,0.05,0,0,0.1,1120,0,22360
FINNIFTY02JAN2419800PE.NFO,02/01/2024,15:19:31,0.05,0,0,0.1,1280,0,22360
FINNIFTY02JAN2419800PE.NFO,02/01/2024,15:19:51,0.05,0,0,0.1,1120,160,20960
FINNIFTY02JAN2419800PE.NFO,02/01/2024,15:20:00,0.05,0,0,0.1,1120,40,20960
FINNIFTY02JAN2419800PE.NFO,02/01/2024,15:20:13,0.05,0,0,0.1,1720,0,20960
FINNIFTY02JAN2419800PE.NFO,02/01/2024,15:21:05,0.05,0,0,0.1,1760,0,20960
FINNIFTY02JAN2419800PE.NFO,02/01/2024,15:21:34,0.05,0,0,0.1,1160,0,20960
FINNIFTY02JAN2419800PE.NFO,02/01/2024,15:21:43,0.05,0,0,0.05,1080,80,20960
FINNIFTY02JAN2419800PE.NFO,02/01/2024,15:22:39,0.05,0,0,0.05,1080,0,20960
FINNIFTY02JAN2419800PE.NFO,02/01/2024,15:23:18,0.05,0,0,0.05,40,1040,20960
FINNIFTY02JAN2419800PE.NFO,02/01/2024,15:25:14,0.05,0,0,0.05,80,40,19960
FINNIFTY02JAN2419800PE.NFO,02/01/2024,15:25:44,0.05,0.05,3360,0.1,520,920,19960
FINNIFTY02JAN2419800PE.NFO,02/01/2024,15:25:54,0.1,0,0,0.05,80,3320,19960
FINNIFTY02JAN2419800PE.NFO,02/01/2024,15:26:04,0.05,0,0,0.05,800,1240,19960
FINNIFTY02JAN2419800PE.NFO,02/01/2024,15:26:14,0.05,0,0,0.05,80,120,19960
FINNIFTY02JAN2419800PE.NFO,02/01/2024,15:28:00,0.05,0,0,0.05,80,0,19960
FINNIFTY02JAN2419800PE.NFO,02/01/2024,15:28:41,0.05,0,0,0.05,120,0,19960
FINNIFTY02JAN2419800PE.NFO,02/01/2024,15:28:52,0.05,0,0,0.05,1320,0,19960
FINNIFTY02JAN2419800PE.NFO,02/01/2024,15:29:02,0.05,0,0,0.05,3760,0,19960
FINNIFTY02JAN2419800PE.NFO,02/01/2024,15:29:12,0.05,0,0,0.05,4320,0,19960
FINNIFTY02JAN2419800PE.NFO,02/01/2024,15:29:45,0.05,0,0,0.05,3720,0,19960
FINNIFTY02JAN2419800PE.NFO,02/01/2024,15:30:00,0.05,0,0,0.05,3640,0,19960
