Ticker,Date,Time,LTP,BuyPrice,BuyQty,SellPrice,SellQty,LTQ,OpenInterest
FINNIFTY02JAN2421300CE.NFO,02/01/2024,09:15:01,146.05,138.95,40,140.2,80,40,158320
FINNIFTY02JAN2421300CE.NFO,02/01/2024,09:15:01,146.05,138.95,40,140.2,80,0,158320
FINNIFTY02JAN2421300CE.NFO,02/01/2024,09:15:01,146.05,138.95,40,140.2,80,0,158320
FINNIFTY02JAN2421300CE.NFO,02/01/2024,09:15:01,146.05,138.95,40,140.2,80,0,158320
FINNIFTY02JAN2421300CE.NFO,02/01/2024,09:15:03,124.15,117.8,40,122.6,80,1240,158320
FINNIFTY02JAN2421300CE.NFO,02/01/2024,09:15:03,124.15,117.8,40,122.6,80,0,158320
FINNIFTY02JAN2421300CE.NFO,02/01/2024,09:15:04,122.45,120.05,80,122.5,40,1600,158320
FINNIFTY02JAN2421300CE.NFO,02/01/2024,09:15:04,114.2,120.05,80,122.5,40,0,158320
FINNIFTY02JAN2421300CE.NFO,02/01/2024,09:15:06,126.75,126.05,80,127.35,120,2600,158320
FINNIFTY02JAN2421300CE.NFO,02/01/2024,09:15:08,124.65,123.7,80,124.6,480,5960,158320
FINNIFTY02JAN2421300CE.NFO,02/01/2024,09:15:09,118.6,117.95,120,118.85,40,1720,158320
FINNIFTY02JAN2421300CE.NFO,02/01/2024,09:15:11,119.95,117.75,200,118.9,360,5360,158320
FINNIFTY02JAN2421300CE.NFO,02/01/2024,09:15:13,118.85,118.45,80,119.45,40,1400,158320
FINNIFTY02JAN2421300CE.NFO,02/01/2024,09:15:14,119.9,118.05,40,118.9,80,880,158320
FINNIFTY02JAN2421300CE.NFO,02/01/2024,09:15:16,115.1,115.05,160,115.7,40,2120,158320
FINNIFTY02JAN2421300CE.NFO,02/01/2024,09:15:18,116.8,117.25,40,118.1,80,1560,158320
FINNIFTY02JAN2421300CE.NFO,02/01/2024,09:15:19,121,120.15,360,121,1480,2840,158320
FINNIFTY02JAN2421300CE.NFO,02/01/2024,09:15:21,119,118.35,200,118.85,80,1240,158320
FINNIFTY02JAN2421300CE.NFO,02/01/2024,09:15:22,118.3,118.75,360,119.4,280,1520,158320
FINNIFTY02JAN2421300CE.NFO,02/01/2024,09:15:24,117.35,116.65,80,117,160,880,158320
FINNIFTY02JAN2421300CE.NFO,02/01/2024,09:15:26,117.5,116.45,440,117.15,360,2960,158320
FINNIFTY02JAN2421300CE.NFO,02/01/2024,09:15:27,117.6,117.3,360,117.95,480,600,158320
FINNIFTY02JAN2421300CE.NFO,02/01/2024,09:15:29,118.3,118.15,40,118.6,360,720,158320
FINNIFTY02JAN2421300CE.NFO,02/01/2024,09:15:31,119.5,119,120,119.65,400,2480,158320
FINNIFTY02JAN2421300CE.NFO,02/01/2024,09:15:32,119,118.3,40,118.75,80,1840,158320
FINNIFTY02JAN2421300CE.NFO,02/01/2024,09:15:34,118,117.75,80,118.1,40,600,158320
FINNIFTY02JAN2421300CE.NFO,02/01/2024,09:15:35,117.55,117.05,40,117.55,360,1160,158320
FINNIFTY02JAN2421300CE.NFO,02/01/2024,09:15:37,117.9,117.95,120,118.7,440,8840,158320
FINNIFTY02JAN2421300CE.NFO,02/01/2024,09:15:39,118.2,118.6,360,118.95,40,1200,158320
FINNIFTY02JAN2421300CE.NFO,02/01/2024,09:15:40,120.85,120.6,640,121,1240,2880,158320
FINNIFTY02JAN2421300CE.NFO,02/01/2024,09:15:42,120.1,119.65,120,120.2,360,4080,158320
FINNIFTY02JAN2421300CE.NFO,02/01/2024,09:15:43,120.2,120.25,40,120.8,520,840,158320
FINNIFTY02JAN2421300CE.NFO,02/01/2024,09:15:45,120.75,120.95,40,121.4,40,4760,158320
FINNIFTY02JAN2421300CE.NFO,02/01/2024,09:15:47,120.7,120.2,560,120.75,200,1640,158320
FINNIFTY02JAN2421300CE.NFO,02/01/2024,09:15:48,119.1,118.45,1360,118.8,360,1000,158320
FINNIFTY02JAN2421300CE.NFO,02/01/2024,09:15:50,117.9,117.25,80,117.8,40,3920,158320
FINNIFTY02JAN2421300CE.NFO,02/01/2024,09:15:52,117.55,118.8,240,119.2,40,1720,158320
FINNIFTY02JAN2421300CE.NFO,02/01/2024,09:15:53,116.9,117.7,120,118.35,240,920,158320
FINNIFTY02JAN2421300CE.NFO,02/01/2024,09:15:55,118.9,118.1,120,118.7,40,19680,158320
FINNIFTY02JAN2421300CE.NFO,02/01/2024,09:15:57,117.25,116.6,80,117.05,200,6480,158320
FINNIFTY02JAN2421300CE.NFO,02/01/2024,09:15:58,116.25,116.2,80,116.6,80,600,158320
FINNIFTY02JAN2421300CE.NFO,02/01/2024,09:16:00,117.4,117.35,80,117.8,40,5560,158320
FINNIFTY02JAN2421300CE.NFO,02/01/2024,09:16:01,115.9,115.95,80,116.3,40,4760,158320
FINNIFTY02JAN2421300CE.NFO,02/01/2024,09:16:03,116.95,116.7,200,117,320,880,158320
FINNIFTY02JAN2421300CE.NFO,02/01/2024,09:16:05,117.5,117.5,40,117.9,40,7040,158320
FINNIFTY02JAN2421300CE.NFO,02/01/2024,09:16:06,119.2,119.15,840,119.55,40,4120,158320
FINNIFTY02JAN2421300CE.NFO,02/01/2024,09:16:08,121.95,121.85,440,122.35,40,2880,158320
FINNIFTY02JAN2421300CE.NFO,02/01/2024,09:16:09,119.95,119.8,160,120.25,480,8240,158320
FINNIFTY02JAN2421300CE.NFO,02/01/2024,09:16:11,120.4,120,440,120.45,720,2600,158320
FINNIFTY02JAN2421300CE.NFO,02/01/2024,09:16:13,121.35,121.45,120,121.9,80,1680,158320
FINNIFTY02JAN2421300CE.NFO,02/01/2024,09:16:14,121.4,121.05,160,121.45,800,240,158320
FINNIFTY02JAN2421300CE.NFO,02/01/2024,09:16:16,118.75,118.6,40,118.9,80,3360,158320
FINNIFTY02JAN2421300CE.NFO,02/01/2024,09:16:17,119.15,118.75,480,119.3,1160,3280,158320
FINNIFTY02JAN2421300CE.NFO,02/01/2024,09:16:19,119.5,118.6,40,119,400,3160,158320
FINNIFTY02JAN2421300CE.NFO,02/01/2024,09:16:21,117.65,117.7,80,118.1,40,600,158320
FINNIFTY02JAN2421300CE.NFO,02/01/2024,09:16:22,115.8,115.2,80,115.65,40,17440,158320
FINNIFTY02JAN2421300CE.NFO,02/01/2024,09:16:24,115.65,115.65,360,116,40,5920,158320
FINNIFTY02JAN2421300CE.NFO,02/01/2024,09:16:26,114.8,114.6,120,115,40,5600,158320
FINNIFTY02JAN2421300CE.NFO,02/01/2024,09:16:27,114.95,114.65,80,115.15,880,3000,158320
FINNIFTY02JAN2421300CE.NFO,02/01/2024,09:16:27,113.85,114.65,80,115.15,880,0,158320
FINNIFTY02JAN2421300CE.NFO,02/01/2024,09:16:29,114.65,114.8,120,115.1,240,600,158320
FINNIFTY02JAN2421300CE.NFO,02/01/2024,09:16:30,116.7,116.6,360,117,760,1280,158320
FINNIFTY02JAN2421300CE.NFO,02/01/2024,09:16:32,116.2,115.5,40,115.9,360,2120,158320
FINNIFTY02JAN2421300CE.NFO,02/01/2024,09:16:34,115.5,115.15,480,115.35,440,1680,158320
FINNIFTY02JAN2421300CE.NFO,02/01/2024,09:16:35,117,116.9,360,117.2,1120,1240,158320
FINNIFTY02JAN2421300CE.NFO,02/01/2024,09:16:37,115.95,115.5,720,116,320,1520,158320
FINNIFTY02JAN2421300CE.NFO,02/01/2024,09:16:38,115.6,115.6,80,115.85,80,2360,158320
FINNIFTY02JAN2421300CE.NFO,02/01/2024,09:16:40,115.8,115.65,280,115.85,760,2400,158320
FINNIFTY02JAN2421300CE.NFO,02/01/2024,09:16:42,115.9,115.8,40,116.1,80,2360,158320
FINNIFTY02JAN2421300CE.NFO,02/01/2024,09:16:43,116.3,116.05,360,116.4,120,1480,158320
FINNIFTY02JAN2421300CE.NFO,02/01/2024,09:16:45,119,118.95,440,119.35,80,2520,158320
FINNIFTY02JAN2421300CE.NFO,02/01/2024,09:16:46,119.5,117.95,40,118.4,520,3000,158320
FINNIFTY02JAN2421300CE.NFO,02/01/2024,09:16:48,120,119.9,1040,120.3,840,2320,158320
FINNIFTY02JAN2421300CE.NFO,02/01/2024,09:16:50,121.2,120.6,1640,121,40,4320,158320
FINNIFTY02JAN2421300CE.NFO,02/01/2024,09:16:51,120,119.7,160,120,320,320,158320
FINNIFTY02JAN2421300CE.NFO,02/01/2024,09:16:53,118.4,118.4,240,118.8,1000,1640,158320
FINNIFTY02JAN2421300CE.NFO,02/01/2024,09:16:54,117.8,117.45,40,117.75,560,1280,158320
FINNIFTY02JAN2421300CE.NFO,02/01/2024,09:16:56,117.7,117.5,120,117.85,120,480,158320
FINNIFTY02JAN2421300CE.NFO,02/01/2024,09:16:58,118.35,118.8,840,119.2,320,160,158320
FINNIFTY02JAN2421300CE.NFO,02/01/2024,09:16:59,119.35,119.35,40,119.65,80,1480,158320
FINNIFTY02JAN2421300CE.NFO,02/01/2024,09:17:01,119.1,118.8,40,119.1,320,2880,158320
FINNIFTY02JAN2421300CE.NFO,02/01/2024,09:17:03,118.1,117.65,200,118.35,40,9040,158320
FINNIFTY02JAN2421300CE.NFO,02/01/2024,09:17:04,117.35,117.25,280,117.65,640,7400,158320
FINNIFTY02JAN2421300CE.NFO,02/01/2024,09:17:06,118.25,118,640,118.4,640,3120,158320
FINNIFTY02JAN2421300CE.NFO,02/01/2024,09:17:07,119.25,118.8,840,119.2,1320,2760,158320
FINNIFTY02JAN2421300CE.NFO,02/01/2024,09:17:09,118.75,118.5,40,118.7,40,1240,158320
FINNIFTY02JAN2421300CE.NFO,02/01/2024,09:17:11,117.8,117.55,560,117.95,640,280,158320
FINNIFTY02JAN2421300CE.NFO,02/01/2024,09:17:12,117.8,117.6,880,117.95,560,0,158320
FINNIFTY02JAN2421300CE.NFO,02/01/2024,09:17:14,118.5,117.95,80,118.3,120,960,158320
FINNIFTY02JAN2421300CE.NFO,02/01/2024,09:17:15,118.45,118.55,80,118.8,560,760,158320
FINNIFTY02JAN2421300CE.NFO,02/01/2024,09:17:17,118.4,119.15,80,119.45,560,840,158320
FINNIFTY02JAN2421300CE.NFO,02/01/2024,09:17:19,121,121,80,121.2,240,1600,158320
FINNIFTY02JAN2421300CE.NFO,02/01/2024,09:17:20,120.85,120.9,40,121.25,960,1520,158320
FINNIFTY02JAN2421300CE.NFO,02/01/2024,09:17:22,121.05,120.85,80,121.25,320,520,243640
FINNIFTY02JAN2421300CE.NFO,02/01/2024,09:17:23,120.7,120.65,680,121.05,160,1400,243640
FINNIFTY02JAN2421300CE.NFO,02/01/2024,09:17:25,120.25,119.75,720,120.1,560,1480,243640
FINNIFTY02JAN2421300CE.NFO,02/01/2024,09:17:27,119.75,120.35,360,120.7,680,960,243640
FINNIFTY02JAN2421300CE.NFO,02/01/2024,09:17:28,118.4,118.8,680,119.2,720,1640,243640
FINNIFTY02JAN2421300CE.NFO,02/01/2024,09:17:30,117.8,117.9,400,118.3,680,440,243640
FINNIFTY02JAN2421300CE.NFO,02/01/2024,09:17:31,118.6,118,40,118.35,800,1000,243640
FINNIFTY02JAN2421300CE.NFO,02/01/2024,09:17:33,119.6,118.95,440,119.35,960,1080,243640
FINNIFTY02JAN2421300CE.NFO,02/01/2024,09:17:34,119.15,118.45,440,118.9,240,1600,243640
FINNIFTY02JAN2421300CE.NFO,02/01/2024,09:17:36,118,118,80,118.25,440,440,243640
FINNIFTY02JAN2421300CE.NFO,02/01/2024,09:17:38,117.9,120.35,80,120.7,560,5480,243640
FINNIFTY02JAN2421300CE.NFO,02/01/2024,09:17:39,117.9,117.8,840,118,920,880,243640
FINNIFTY02JAN2421300CE.NFO,02/01/2024,09:17:41,116.6,116.85,80,117.2,1000,3680,243640
FINNIFTY02JAN2421300CE.NFO,02/01/2024,09:17:42,117.25,117.1,1120,117.5,80,1840,243640
FINNIFTY02JAN2421300CE.NFO,02/01/2024,09:17:44,116.8,117,280,117.35,600,280,243640
FINNIFTY02JAN2421300CE.NFO,02/01/2024,09:17:46,116.5,116.35,40,116.7,80,1000,243640
FINNIFTY02JAN2421300CE.NFO,02/01/2024,09:17:47,116.1,116.2,360,116.55,800,1880,243640
FINNIFTY02JAN2421300CE.NFO,02/01/2024,09:17:49,116.65,116.65,680,117,360,840,243640
FINNIFTY02JAN2421300CE.NFO,02/01/2024,09:17:50,118.05,117.7,840,118,80,2720,243640
FINNIFTY02JAN2421300CE.NFO,02/01/2024,09:17:52,117.7,117.2,560,117.55,280,760,243640
FINNIFTY02JAN2421300CE.NFO,02/01/2024,09:17:54,117.75,117.3,240,117.75,1000,720,243640
FINNIFTY02JAN2421300CE.NFO,02/01/2024,09:17:55,116.65,116.7,680,117.05,120,960,243640
FINNIFTY02JAN2421300CE.NFO,02/01/2024,09:17:57,117.3,117.3,720,117.65,760,1120,243640
FINNIFTY02JAN2421300CE.NFO,02/01/2024,09:17:58,117.85,117.2,440,117.55,360,840,243640
FINNIFTY02JAN2421300CE.NFO,02/01/2024,09:18:00,116.85,116.9,680,117.35,760,2120,243640
FINNIFTY02JAN2421300CE.NFO,02/01/2024,09:18:02,118.55,118.3,240,118.7,160,9680,243640
FINNIFTY02JAN2421300CE.NFO,02/01/2024,09:18:03,119.55,119.5,40,119.75,240,3800,243640
FINNIFTY02JAN2421300CE.NFO,02/01/2024,09:18:05,119.25,119.05,920,119.4,80,1600,243640
FINNIFTY02JAN2421300CE.NFO,02/01/2024,09:18:06,119.7,119.35,360,119.7,640,2400,243640
FINNIFTY02JAN2421300CE.NFO,02/01/2024,09:18:08,119.8,120.5,1280,120.85,720,3440,243640
FINNIFTY02JAN2421300CE.NFO,02/01/2024,09:18:10,120.35,120,40,120.15,680,800,243640
FINNIFTY02JAN2421300CE.NFO,02/01/2024,09:18:11,118.2,118.25,480,118.55,560,920,243640
FINNIFTY02JAN2421300CE.NFO,02/01/2024,09:18:13,118.75,118.5,1120,118.9,920,1080,243640
FINNIFTY02JAN2421300CE.NFO,02/01/2024,09:18:15,119,118.9,240,119.25,600,1560,243640
FINNIFTY02JAN2421300CE.NFO,02/01/2024,09:18:16,117.4,117.05,920,117.4,200,13320,243640
FINNIFTY02JAN2421300CE.NFO,02/01/2024,09:18:18,116.5,116.2,80,116.55,600,7600,243640
FINNIFTY02JAN2421300CE.NFO,02/01/2024,09:18:20,115.55,115.15,120,115.5,640,1760,243640
FINNIFTY02JAN2421300CE.NFO,02/01/2024,09:18:21,114.75,115.2,400,115.55,360,3440,243640
FINNIFTY02JAN2421300CE.NFO,02/01/2024,09:18:23,116.3,116.25,320,116.65,1160,3440,243640
FINNIFTY02JAN2421300CE.NFO,02/01/2024,09:18:25,115.8,115.85,360,116.25,680,2160,243640
FINNIFTY02JAN2421300CE.NFO,02/01/2024,09:18:26,115.6,115.6,200,115.8,560,1160,243640
FINNIFTY02JAN2421300CE.NFO,02/01/2024,09:18:28,116.45,116.8,720,117.15,80,120,243640
FINNIFTY02JAN2421300CE.NFO,02/01/2024,09:18:29,117.1,116.85,200,117.2,640,1800,243640
FINNIFTY02JAN2421300CE.NFO,02/01/2024,09:18:31,116.65,116.45,360,116.6,560,160,243640
FINNIFTY02JAN2421300CE.NFO,02/01/2024,09:18:33,115.85,115.8,40,116.15,120,1640,243640
FINNIFTY02JAN2421300CE.NFO,02/01/2024,09:18:34,116.85,116.4,520,116.8,640,1920,243640
FINNIFTY02JAN2421300CE.NFO,02/01/2024,09:18:36,117.2,116.75,320,117.05,640,1240,243640
FINNIFTY02JAN2421300CE.NFO,02/01/2024,09:18:37,117.1,117.25,240,117.55,560,360,243640
FINNIFTY02JAN2421300CE.NFO,02/01/2024,09:18:39,117.8,117.6,200,117.9,40,4880,243640
FINNIFTY02JAN2421300CE.NFO,02/01/2024,09:18:41,118.1,117.4,160,117.75,40,400,243640
FINNIFTY02JAN2421300CE.NFO,02/01/2024,09:18:42,117.95,117.9,200,118.2,160,320,243640
FINNIFTY02JAN2421300CE.NFO,02/01/2024,09:18:44,118.95,118.65,360,119,720,1240,243640
FINNIFTY02JAN2421300CE.NFO,02/01/2024,09:18:45,119.8,119,120,119.4,1520,1520,243640
FINNIFTY02JAN2421300CE.NFO,02/01/2024,09:18:47,119.15,119,600,119.35,160,1160,243640
FINNIFTY02JAN2421300CE.NFO,02/01/2024,09:18:49,119.05,118.85,240,119.2,280,480,243640
FINNIFTY02JAN2421300CE.NFO,02/01/2024,09:18:50,119.95,119.95,1240,120.1,840,1920,243640
FINNIFTY02JAN2421300CE.NFO,02/01/2024,09:18:52,120.85,120.55,640,120.85,200,2200,243640
FINNIFTY02JAN2421300CE.NFO,02/01/2024,09:18:53,120.7,120.15,960,120.55,480,4400,243640
FINNIFTY02JAN2421300CE.NFO,02/01/2024,09:18:55,120.5,120.5,840,120.8,120,120,243640
FINNIFTY02JAN2421300CE.NFO,02/01/2024,09:18:57,120.25,120.3,1080,120.7,400,2080,243640
FINNIFTY02JAN2421300CE.NFO,02/01/2024,09:18:58,120.25,120.35,800,120.5,40,3080,243640
FINNIFTY02JAN2421300CE.NFO,02/01/2024,09:19:00,120.2,119.85,720,120.3,160,4200,243640
FINNIFTY02JAN2421300CE.NFO,02/01/2024,09:19:02,121.55,120.8,440,121.15,360,2800,243640
FINNIFTY02JAN2421300CE.NFO,02/01/2024,09:19:03,119.9,119.75,1320,120.15,240,4440,243640
FINNIFTY02JAN2421300CE.NFO,02/01/2024,09:19:05,120.4,119.95,240,120.35,560,1960,243640
FINNIFTY02JAN2421300CE.NFO,02/01/2024,09:19:06,121.2,120.85,760,121.25,840,2120,243640
FINNIFTY02JAN2421300CE.NFO,02/01/2024,09:19:08,120.85,120.2,440,120.55,40,240,243640
FINNIFTY02JAN2421300CE.NFO,02/01/2024,09:19:10,121.15,120.85,40,121.1,40,280,243640
FINNIFTY02JAN2421300CE.NFO,02/01/2024,09:19:11,121.55,121.6,1040,121.9,40,1280,243640
FINNIFTY02JAN2421300CE.NFO,02/01/2024,09:19:13,124.05,123,680,123.4,320,7080,243640
FINNIFTY02JAN2421300CE.NFO,02/01/2024,09:19:15,124.35,124,880,124.5,1320,2760,243640
FINNIFTY02JAN2421300CE.NFO,02/01/2024,09:19:16,124.65,124.05,240,124.4,160,3320,243640
FINNIFTY02JAN2421300CE.NFO,02/01/2024,09:19:18,124.45,124.05,440,124.4,1080,4080,243640
FINNIFTY02JAN2421300CE.NFO,02/01/2024,09:19:19,124.2,123.55,240,123.95,200,5920,243640
FINNIFTY02JAN2421300CE.NFO,02/01/2024,09:19:21,124.4,124,720,124.4,760,6160,243640
FINNIFTY02JAN2421300CE.NFO,02/01/2024,09:19:23,122.7,122.25,720,122.55,40,2160,243640
FINNIFTY02JAN2421300CE.NFO,02/01/2024,09:19:24,121.45,121.45,120,121.8,240,2640,243640
FINNIFTY02JAN2421300CE.NFO,02/01/2024,09:19:26,122.35,122.05,240,122.4,40,2440,243640
FINNIFTY02JAN2421300CE.NFO,02/01/2024,09:19:27,121.6,121.1,1040,121.55,1480,400,243640
FINNIFTY02JAN2421300CE.NFO,02/01/2024,09:19:29,122.3,121.95,360,122.3,360,3800,243640
FINNIFTY02JAN2421300CE.NFO,02/01/2024,09:19:30,122.6,122.45,520,122.75,40,520,243640
FINNIFTY02JAN2421300CE.NFO,02/01/2024,09:19:32,122.25,122.3,480,122.7,600,1160,243640
FINNIFTY02JAN2421300CE.NFO,02/01/2024,09:19:34,123.9,123.9,80,124,160,1040,243640
FINNIFTY02JAN2421300CE.NFO,02/01/2024,09:19:35,124.3,124,520,124.4,200,1800,243640
FINNIFTY02JAN2421300CE.NFO,02/01/2024,09:19:37,124.2,123.7,600,124.05,560,2840,243640
FINNIFTY02JAN2421300CE.NFO,02/01/2024,09:19:39,123,122.85,360,123.25,920,560,243640
FINNIFTY02JAN2421300CE.NFO,02/01/2024,09:19:40,123.6,123.25,160,123.65,720,1560,243640
FINNIFTY02JAN2421300CE.NFO,02/01/2024,09:19:42,123.7,122.9,640,123.3,840,40,243640
FINNIFTY02JAN2421300CE.NFO,02/01/2024,09:19:44,123,123.05,240,123.4,80,160,243640
FINNIFTY02JAN2421300CE.NFO,02/01/2024,09:19:45,122.7,122.9,760,123.3,1120,400,243640
FINNIFTY02JAN2421300CE.NFO,02/01/2024,09:19:47,123.65,123.8,1000,124,2000,2600,243640
FINNIFTY02JAN2421300CE.NFO,02/01/2024,09:19:49,123.8,123.85,200,124.2,240,2160,243640
FINNIFTY02JAN2421300CE.NFO,02/01/2024,09:19:50,124,123.7,200,124.05,200,80,243640
FINNIFTY02JAN2421300CE.NFO,02/01/2024,09:19:52,122.1,122.1,520,122.45,640,16200,243640
FINNIFTY02JAN2421300CE.NFO,02/01/2024,09:19:54,121.4,121.45,920,121.85,520,16880,243640
FINNIFTY02JAN2421300CE.NFO,02/01/2024,09:19:55,122.25,121.7,560,122.05,240,440,243640
FINNIFTY02JAN2421300CE.NFO,02/01/2024,09:19:57,120.85,120.5,560,120.8,240,2520,243640
FINNIFTY02JAN2421300CE.NFO,02/01/2024,09:19:59,120.45,120.3,200,120.65,640,9680,243640
FINNIFTY02JAN2421300CE.NFO,02/01/2024,09:20:00,120.05,120.25,160,120.55,160,3680,243640
FINNIFTY02JAN2421300CE.NFO,02/01/2024,09:20:02,120.15,119.75,1560,120.15,400,2840,243640
FINNIFTY02JAN2421300CE.NFO,02/01/2024,09:20:04,120.9,121.3,120,121.6,640,1880,243640
FINNIFTY02JAN2421300CE.NFO,02/01/2024,09:20:05,122.25,122.55,120,122.8,120,1000,243640
FINNIFTY02JAN2421300CE.NFO,02/01/2024,09:20:07,122.15,122.1,80,122.45,160,1280,243640
FINNIFTY02JAN2421300CE.NFO,02/01/2024,09:20:09,122.45,122.35,120,122.65,400,760,243640
FINNIFTY02JAN2421300CE.NFO,02/01/2024,09:20:10,122.85,122.9,680,123.25,720,1720,243640
FINNIFTY02JAN2421300CE.NFO,02/01/2024,09:20:12,123.3,123.3,840,123.6,600,2640,243640
FINNIFTY02JAN2421300CE.NFO,02/01/2024,09:20:14,123.85,123.45,560,123.7,720,1160,243640
FINNIFTY02JAN2421300CE.NFO,02/01/2024,09:20:15,123.6,123.3,120,123.65,320,18440,243640
FINNIFTY02JAN2421300CE.NFO,02/01/2024,09:20:17,122.15,121.95,280,122.25,240,5440,243640
FINNIFTY02JAN2421300CE.NFO,02/01/2024,09:20:19,122.1,121.85,920,122.25,640,2320,243640
FINNIFTY02JAN2421300CE.NFO,02/01/2024,09:20:20,122.75,122.15,1160,122.55,240,1800,243640
FINNIFTY02JAN2421300CE.NFO,02/01/2024,09:20:22,121.9,122.35,1160,122.7,760,2080,243640
FINNIFTY02JAN2421300CE.NFO,02/01/2024,09:20:24,122.2,121.9,240,122.25,120,840,309560
FINNIFTY02JAN2421300CE.NFO,02/01/2024,09:20:25,121.75,121.5,880,121.9,1040,1280,309560
FINNIFTY02JAN2421300CE.NFO,02/01/2024,09:20:27,120.9,120.6,1000,120.95,640,1400,309560
FINNIFTY02JAN2421300CE.NFO,02/01/2024,09:20:29,121,120.75,1240,121.05,160,200,309560
FINNIFTY02JAN2421300CE.NFO,02/01/2024,09:20:30,121.1,121.1,800,121.5,760,1480,309560
FINNIFTY02JAN2421300CE.NFO,02/01/2024,09:20:32,120.65,120.6,1800,121,720,440,309560
FINNIFTY02JAN2421300CE.NFO,02/01/2024,09:20:34,121.2,120.5,320,120.9,640,12560,309560
FINNIFTY02JAN2421300CE.NFO,02/01/2024,09:20:36,120.05,120.35,240,120.7,760,920,309560
FINNIFTY02JAN2421300CE.NFO,02/01/2024,09:20:37,120.05,119.8,760,120.15,680,2200,309560
FINNIFTY02JAN2421300CE.NFO,02/01/2024,09:20:39,120.25,119.9,120,120.25,1800,360,309560
FINNIFTY02JAN2421300CE.NFO,02/01/2024,09:20:41,120.7,121.1,800,121.45,480,880,309560
FINNIFTY02JAN2421300CE.NFO,02/01/2024,09:20:42,121.35,121.3,80,121.6,640,80,309560
FINNIFTY02JAN2421300CE.NFO,02/01/2024,09:20:44,121.6,121.3,800,121.7,1120,600,309560
FINNIFTY02JAN2421300CE.NFO,02/01/2024,09:20:46,122,122,1800,122.35,680,1960,309560
FINNIFTY02JAN2421300CE.NFO,02/01/2024,09:20:47,122.75,122.7,320,123,720,3360,309560
FINNIFTY02JAN2421300CE.NFO,02/01/2024,09:20:49,123,122.4,2120,122.75,360,2040,309560
FINNIFTY02JAN2421300CE.NFO,02/01/2024,09:20:51,123.4,123.65,280,124,2520,2400,309560
FINNIFTY02JAN2421300CE.NFO,02/01/2024,09:20:52,124,123.55,560,123.95,280,3280,309560
FINNIFTY02JAN2421300CE.NFO,02/01/2024,09:20:54,124,123.6,640,123.95,880,760,309560
FINNIFTY02JAN2421300CE.NFO,02/01/2024,09:20:56,123.2,123.25,160,123.6,640,1000,309560
FINNIFTY02JAN2421300CE.NFO,02/01/2024,09:20:57,123.05,123.25,480,123.6,1200,120,309560
FINNIFTY02JAN2421300CE.NFO,02/01/2024,09:20:59,122.85,122.25,480,122.7,680,2280,309560
FINNIFTY02JAN2421300CE.NFO,02/01/2024,09:21:01,122.85,122.65,40,122.9,840,5400,309560
FINNIFTY02JAN2421300CE.NFO,02/01/2024,09:21:02,122.5,121.95,120,122.25,160,760,309560
FINNIFTY02JAN2421300CE.NFO,02/01/2024,09:21:04,124.5,124.2,280,124.55,560,9880,309560
FINNIFTY02JAN2421300CE.NFO,02/01/2024,09:21:06,126.6,126.2,560,126.6,200,4320,309560
FINNIFTY02JAN2421300CE.NFO,02/01/2024,09:21:07,129.95,129.5,1080,129.95,280,50000,309560
FINNIFTY02JAN2421300CE.NFO,02/01/2024,09:21:09,129.55,129.1,400,129.5,640,9440,309560
FINNIFTY02JAN2421300CE.NFO,02/01/2024,09:21:11,131.5,131.1,240,131.5,320,6200,309560
FINNIFTY02JAN2421300CE.NFO,02/01/2024,09:21:12,131.45,131,40,131.3,200,5120,309560
FINNIFTY02JAN2421300CE.NFO,02/01/2024,09:21:14,129.5,129,800,129.3,560,7200,309560
FINNIFTY02JAN2421300CE.NFO,02/01/2024,09:21:16,128.8,128.5,760,128.9,880,2200,309560
FINNIFTY02JAN2421300CE.NFO,02/01/2024,09:21:17,128.35,128.4,960,128.75,160,2040,309560
FINNIFTY02JAN2421300CE.NFO,02/01/2024,09:21:19,129.2,128.7,360,129.1,200,4880,309560
FINNIFTY02JAN2421300CE.NFO,02/01/2024,09:21:21,128.9,128.6,920,128.95,200,1640,309560
FINNIFTY02JAN2421300CE.NFO,02/01/2024,09:21:22,129.45,129.3,680,129.7,640,1320,309560
FINNIFTY02JAN2421300CE.NFO,02/01/2024,09:21:24,130.35,130.35,320,130.75,800,8600,309560
FINNIFTY02JAN2421300CE.NFO,02/01/2024,09:21:26,132.05,132,480,132.3,200,2480,309560
FINNIFTY02JAN2421300CE.NFO,02/01/2024,09:21:27,134.9,134.75,200,134.9,80,5640,309560
FINNIFTY02JAN2421300CE.NFO,02/01/2024,09:21:29,135.6,135.3,640,135.85,360,27280,309560
FINNIFTY02JAN2421300CE.NFO,02/01/2024,09:21:31,135,134.65,560,135.05,240,5160,309560
FINNIFTY02JAN2421300CE.NFO,02/01/2024,09:21:32,135.7,135.3,400,135.7,680,13200,309560
FINNIFTY02JAN2421300CE.NFO,02/01/2024,09:21:34,136.65,136.65,160,137,280,4840,309560
FINNIFTY02JAN2421300CE.NFO,02/01/2024,09:21:36,135,135,440,135.2,80,2800,309560
FINNIFTY02JAN2421300CE.NFO,02/01/2024,09:21:37,134.45,134.35,360,134.7,80,4080,309560
FINNIFTY02JAN2421300CE.NFO,02/01/2024,09:21:39,134.15,133.85,920,134.3,680,21400,309560
FINNIFTY02JAN2421300CE.NFO,02/01/2024,09:21:41,133.3,133.35,120,133.75,720,1400,309560
FINNIFTY02JAN2421300CE.NFO,02/01/2024,09:21:42,133,132.65,680,133.1,160,5040,309560
FINNIFTY02JAN2421300CE.NFO,02/01/2024,09:21:44,132.35,132.7,40,132.9,240,680,309560
FINNIFTY02JAN2421300CE.NFO,02/01/2024,09:21:46,132.45,132.6,560,132.95,360,3040,309560
FINNIFTY02JAN2421300CE.NFO,02/01/2024,09:21:47,132.35,132.2,360,132.5,480,720,309560
FINNIFTY02JAN2421300CE.NFO,02/01/2024,09:21:49,132.6,132.35,120,132.65,520,3240,309560
FINNIFTY02JAN2421300CE.NFO,02/01/2024,09:21:51,132.35,132.1,640,132.35,160,2160,309560
FINNIFTY02JAN2421300CE.NFO,02/01/2024,09:21:52,132.6,132.55,1280,132.9,120,4800,309560
FINNIFTY02JAN2421300CE.NFO,02/01/2024,09:21:54,132.25,132.15,400,132.55,280,2240,309560
FINNIFTY02JAN2421300CE.NFO,02/01/2024,09:21:56,133.35,133.3,80,133.55,80,1360,309560
FINNIFTY02JAN2421300CE.NFO,02/01/2024,09:21:57,134.3,134,240,134.3,80,3040,309560
FINNIFTY02JAN2421300CE.NFO,02/01/2024,09:21:59,135,135.15,160,135.5,240,1160,309560
FINNIFTY02JAN2421300CE.NFO,02/01/2024,09:22:01,134.7,133.75,40,134.1,480,11280,309560
FINNIFTY02JAN2421300CE.NFO,02/01/2024,09:22:02,134.15,133.8,40,134.2,840,3040,309560
FINNIFTY02JAN2421300CE.NFO,02/01/2024,09:22:04,134.05,133.75,120,134.1,240,1320,309560
FINNIFTY02JAN2421300CE.NFO,02/01/2024,09:22:06,133.35,133.45,40,133.6,240,2000,309560
FINNIFTY02JAN2421300CE.NFO,02/01/2024,09:22:07,132.5,132.5,80,132.9,720,1080,309560
FINNIFTY02JAN2421300CE.NFO,02/01/2024,09:22:09,132.25,132.45,280,132.75,40,3080,309560
FINNIFTY02JAN2421300CE.NFO,02/01/2024,09:22:11,132.35,132.55,800,132.85,40,440,309560
FINNIFTY02JAN2421300CE.NFO,02/01/2024,09:22:12,132.55,132.55,400,132.95,760,800,309560
FINNIFTY02JAN2421300CE.NFO,02/01/2024,09:22:14,132.95,132.75,400,133.2,1960,840,309560
FINNIFTY02JAN2421300CE.NFO,02/01/2024,09:22:16,132.4,132.25,680,132.6,760,80,309560
FINNIFTY02JAN2421300CE.NFO,02/01/2024,09:22:17,130.95,130.55,760,130.9,200,5640,309560
FINNIFTY02JAN2421300CE.NFO,02/01/2024,09:22:19,131,131.1,440,131.5,1200,3120,309560
FINNIFTY02JAN2421300CE.NFO,02/01/2024,09:22:21,130.55,130.8,560,131.15,640,1240,309560
FINNIFTY02JAN2421300CE.NFO,02/01/2024,09:22:22,131.1,130.7,80,131.1,440,1360,309560
FINNIFTY02JAN2421300CE.NFO,02/01/2024,09:22:24,129.45,129.65,160,130,640,10280,309560
FINNIFTY02JAN2421300CE.NFO,02/01/2024,09:22:26,129,128.9,40,129.25,840,960,309560
FINNIFTY02JAN2421300CE.NFO,02/01/2024,09:22:27,128.15,128.15,600,128.5,160,2440,309560
FINNIFTY02JAN2421300CE.NFO,02/01/2024,09:22:29,127.75,127.55,920,127.95,120,4240,309560
FINNIFTY02JAN2421300CE.NFO,02/01/2024,09:22:31,128.2,128.1,880,128.5,840,2040,309560
FINNIFTY02JAN2421300CE.NFO,02/01/2024,09:22:32,128.3,127.9,640,128.3,280,800,309560
FINNIFTY02JAN2421300CE.NFO,02/01/2024,09:22:34,127.05,126.9,360,127.3,720,800,309560
FINNIFTY02JAN2421300CE.NFO,02/01/2024,09:22:36,126.05,125.5,160,125.85,560,1760,309560
FINNIFTY02JAN2421300CE.NFO,02/01/2024,09:22:37,127.5,126.9,840,127.3,880,4720,309560
FINNIFTY02JAN2421300CE.NFO,02/01/2024,09:22:39,126.5,126.5,320,126.85,120,2280,309560
FINNIFTY02JAN2421300CE.NFO,02/01/2024,09:22:41,126.65,126.65,560,127,640,1680,309560
FINNIFTY02JAN2421300CE.NFO,02/01/2024,09:22:42,126.8,126.8,400,127.2,160,1280,309560
FINNIFTY02JAN2421300CE.NFO,02/01/2024,09:22:44,125.9,126.35,760,126.75,280,2440,309560
FINNIFTY02JAN2421300CE.NFO,02/01/2024,09:22:46,126.35,125.95,760,126.3,280,1160,309560
FINNIFTY02JAN2421300CE.NFO,02/01/2024,09:22:47,127.5,127.15,720,127.5,600,2120,309560
FINNIFTY02JAN2421300CE.NFO,02/01/2024,09:22:49,126.1,125.9,640,126.25,720,2920,309560
FINNIFTY02JAN2421300CE.NFO,02/01/2024,09:22:51,126.3,127.4,480,127.7,40,1360,309560
FINNIFTY02JAN2421300CE.NFO,02/01/2024,09:22:52,128.4,128.3,2160,128.75,360,480,309560
FINNIFTY02JAN2421300CE.NFO,02/01/2024,09:22:54,128.8,128.25,200,128.6,320,520,309560
FINNIFTY02JAN2421300CE.NFO,02/01/2024,09:22:56,128.45,127.75,240,128.15,680,1840,309560
FINNIFTY02JAN2421300CE.NFO,02/01/2024,09:22:57,129.2,128.85,840,129.3,400,1800,309560
FINNIFTY02JAN2421300CE.NFO,02/01/2024,09:22:59,129.65,129.15,680,129.55,640,720,309560
FINNIFTY02JAN2421300CE.NFO,02/01/2024,09:23:01,128.5,128.55,240,128.85,120,5240,309560
FINNIFTY02JAN2421300CE.NFO,02/01/2024,09:23:02,128.75,128.4,240,128.7,320,1120,309560
FINNIFTY02JAN2421300CE.NFO,02/01/2024,09:23:04,128.1,128.3,40,128.65,320,1600,309560
FINNIFTY02JAN2421300CE.NFO,02/01/2024,09:23:06,130,130.1,40,130.2,200,600,309560
FINNIFTY02JAN2421300CE.NFO,02/01/2024,09:23:07,132,132.3,400,132.7,360,2040,309560
FINNIFTY02JAN2421300CE.NFO,02/01/2024,09:23:09,132.35,132.05,720,132.55,720,240,309560
FINNIFTY02JAN2421300CE.NFO,02/01/2024,09:23:11,131.4,131.15,720,131.55,320,2720,309560
FINNIFTY02JAN2421300CE.NFO,02/01/2024,09:23:12,131.15,130.6,240,131.05,760,2000,309560
FINNIFTY02JAN2421300CE.NFO,02/01/2024,09:23:14,132.1,131.75,640,132.15,720,1680,309560
FINNIFTY02JAN2421300CE.NFO,02/01/2024,09:23:16,132.4,131.95,240,132.35,680,4520,309560
FINNIFTY02JAN2421300CE.NFO,02/01/2024,09:23:17,133.95,133.65,720,133.95,40,1560,309560
FINNIFTY02JAN2421300CE.NFO,02/01/2024,09:23:19,132.55,132.35,480,132.75,280,1120,309560
FINNIFTY02JAN2421300CE.NFO,02/01/2024,09:23:21,132.2,132.15,320,132.55,160,760,309560
FINNIFTY02JAN2421300CE.NFO,02/01/2024,09:23:22,132.25,131.85,720,132.2,40,3400,309560
FINNIFTY02JAN2421300CE.NFO,02/01/2024,09:23:24,132.55,132.3,800,132.7,240,240,319360
FINNIFTY02JAN2421300CE.NFO,02/01/2024,09:23:26,131.55,131.55,720,131.9,240,1880,319360
FINNIFTY02JAN2421300CE.NFO,02/01/2024,09:23:27,131.9,131.35,640,131.8,520,80,319360
FINNIFTY02JAN2421300CE.NFO,02/01/2024,09:23:29,130.8,130.2,200,130.6,960,480,319360
FINNIFTY02JAN2421300CE.NFO,02/01/2024,09:23:31,130.45,130.05,520,130.45,760,520,319360
FINNIFTY02JAN2421300CE.NFO,02/01/2024,09:23:32,131.05,131.55,360,131.95,840,2480,319360
FINNIFTY02JAN2421300CE.NFO,02/01/2024,09:23:34,131.95,131.6,120,131.85,240,80,319360
FINNIFTY02JAN2421300CE.NFO,02/01/2024,09:23:36,132,131.9,360,132.3,960,600,319360
FINNIFTY02JAN2421300CE.NFO,02/01/2024,09:23:37,132.5,132.45,80,132.7,120,680,319360
FINNIFTY02JAN2421300CE.NFO,02/01/2024,09:23:39,132.45,132.95,80,133.25,520,2960,319360
FINNIFTY02JAN2421300CE.NFO,02/01/2024,09:23:41,132.9,132.1,1200,132.55,920,2280,319360
FINNIFTY02JAN2421300CE.NFO,02/01/2024,09:23:42,132,131.45,1080,131.9,760,1840,319360
FINNIFTY02JAN2421300CE.NFO,02/01/2024,09:23:44,132.05,131.75,360,132.15,560,1600,319360
FINNIFTY02JAN2421300CE.NFO,02/01/2024,09:23:46,132.3,131.6,440,132,1640,1840,319360
FINNIFTY02JAN2421300CE.NFO,02/01/2024,09:23:47,132.3,131,1920,131.25,1040,0,319360
FINNIFTY02JAN2421300CE.NFO,02/01/2024,09:23:49,130.45,130.5,120,130.8,560,2880,319360
FINNIFTY02JAN2421300CE.NFO,02/01/2024,09:23:51,130,130.25,760,130.65,480,600,319360
FINNIFTY02JAN2421300CE.NFO,02/01/2024,09:23:52,130.2,130.55,160,130.85,640,80,319360
FINNIFTY02JAN2421300CE.NFO,02/01/2024,09:23:54,130.8,130.05,240,130.4,720,440,319360
FINNIFTY02JAN2421300CE.NFO,02/01/2024,09:23:56,129.65,129.5,720,129.85,160,3560,319360
FINNIFTY02JAN2421300CE.NFO,02/01/2024,09:23:57,129.3,129.25,240,129.7,360,3560,319360
FINNIFTY02JAN2421300CE.NFO,02/01/2024,09:23:59,128.55,128.5,760,128.9,440,1520,319360
FINNIFTY02JAN2421300CE.NFO,02/01/2024,09:24:01,127.6,127.6,760,128.05,600,7800,319360
FINNIFTY02JAN2421300CE.NFO,02/01/2024,09:24:02,127.3,127.05,280,127.45,360,1880,319360
FINNIFTY02JAN2421300CE.NFO,02/01/2024,09:24:04,128.6,128.25,200,128.6,120,2720,319360
FINNIFTY02JAN2421300CE.NFO,02/01/2024,09:24:06,129.2,129.3,240,129.6,600,2040,319360
FINNIFTY02JAN2421300CE.NFO,02/01/2024,09:24:07,129.1,128.7,320,129,560,1000,319360
FINNIFTY02JAN2421300CE.NFO,02/01/2024,09:24:09,129.4,129.05,200,129.3,40,200,319360
FINNIFTY02JAN2421300CE.NFO,02/01/2024,09:24:11,130,129.95,520,130.4,1000,720,319360
FINNIFTY02JAN2421300CE.NFO,02/01/2024,09:24:12,130.45,130.2,960,130.6,640,2320,319360
FINNIFTY02JAN2421300CE.NFO,02/01/2024,09:24:14,130.05,130.05,640,130.45,240,4720,319360
FINNIFTY02JAN2421300CE.NFO,02/01/2024,09:24:16,129.05,128.55,760,128.9,400,7600,319360
FINNIFTY02JAN2421300CE.NFO,02/01/2024,09:24:17,129.2,128.75,240,129.15,240,1920,319360
FINNIFTY02JAN2421300CE.NFO,02/01/2024,09:24:19,128.4,128.4,1360,128.75,440,360,319360
FINNIFTY02JAN2421300CE.NFO,02/01/2024,09:24:21,127.4,127.4,40,127.65,360,2200,319360
FINNIFTY02JAN2421300CE.NFO,02/01/2024,09:24:22,126.8,126.6,1400,127,520,2400,319360
FINNIFTY02JAN2421300CE.NFO,02/01/2024,09:24:24,126.35,126.1,1200,126.5,360,280,319360
FINNIFTY02JAN2421300CE.NFO,02/01/2024,09:24:26,126.95,126.25,280,126.65,1680,200,319360
FINNIFTY02JAN2421300CE.NFO,02/01/2024,09:24:27,126.4,126.4,80,126.6,160,2720,319360
FINNIFTY02JAN2421300CE.NFO,02/01/2024,09:24:29,126.65,126.6,960,127.05,480,360,319360
FINNIFTY02JAN2421300CE.NFO,02/01/2024,09:24:31,126.95,126.4,960,126.8,1040,240,319360
FINNIFTY02JAN2421300CE.NFO,02/01/2024,09:24:32,126.9,126.3,400,126.65,400,600,319360
FINNIFTY02JAN2421300CE.NFO,02/01/2024,09:24:34,126.5,125.7,640,126.1,800,2440,319360
FINNIFTY02JAN2421300CE.NFO,02/01/2024,09:24:36,126.7,126.3,640,126.7,1080,600,319360
FINNIFTY02JAN2421300CE.NFO,02/01/2024,09:24:37,128,128.1,240,128.45,880,120,319360
FINNIFTY02JAN2421300CE.NFO,02/01/2024,09:24:39,128.1,127.8,160,128.15,200,640,319360
FINNIFTY02JAN2421300CE.NFO,02/01/2024,09:24:41,128.1,127.7,1000,128.1,440,1400,319360
FINNIFTY02JAN2421300CE.NFO,02/01/2024,09:24:42,128.65,128.1,1200,128.5,720,80,319360
FINNIFTY02JAN2421300CE.NFO,02/01/2024,09:24:44,128.4,128.3,560,128.7,480,40,319360
FINNIFTY02JAN2421300CE.NFO,02/01/2024,09:24:46,128.4,128.6,400,129,800,0,319360
FINNIFTY02JAN2421300CE.NFO,02/01/2024,09:24:47,128.7,128.75,240,129,120,720,319360
FINNIFTY02JAN2421300CE.NFO,02/01/2024,09:24:49,129.7,129.35,360,129.7,320,6880,319360
FINNIFTY02JAN2421300CE.NFO,02/01/2024,09:24:51,130.15,129.95,200,130.25,200,1560,319360
FINNIFTY02JAN2421300CE.NFO,02/01/2024,09:24:52,128.75,128.75,40,128.85,1000,920,319360
FINNIFTY02JAN2421300CE.NFO,02/01/2024,09:24:54,128.9,128.5,1360,128.95,200,560,319360
FINNIFTY02JAN2421300CE.NFO,02/01/2024,09:24:56,127.4,126.65,280,127,120,1800,319360
FINNIFTY02JAN2421300CE.NFO,02/01/2024,09:24:57,127.15,127.15,640,127.45,680,880,319360
FINNIFTY02JAN2421300CE.NFO,02/01/2024,09:24:59,127,126.3,240,126.75,640,320,319360
FINNIFTY02JAN2421300CE.NFO,02/01/2024,09:25:01,125.1,125.15,120,125.45,40,3320,319360
FINNIFTY02JAN2421300CE.NFO,02/01/2024,09:25:02,126.65,126.9,1000,127.35,160,1800,319360
FINNIFTY02JAN2421300CE.NFO,02/01/2024,09:25:04,127.45,126.65,80,127,400,520,319360
FINNIFTY02JAN2421300CE.NFO,02/01/2024,09:25:06,126.5,126.35,600,126.75,240,360,319360
FINNIFTY02JAN2421300CE.NFO,02/01/2024,09:25:08,126.6,127.85,80,128.2,240,40,319360
FINNIFTY02JAN2421300CE.NFO,02/01/2024,09:25:09,127.3,126.8,520,127.25,440,440,319360
FINNIFTY02JAN2421300CE.NFO,02/01/2024,09:25:11,126,126.1,760,126.55,200,1160,319360
FINNIFTY02JAN2421300CE.NFO,02/01/2024,09:25:13,126.5,126.45,3720,126.7,360,2000,319360
FINNIFTY02JAN2421300CE.NFO,02/01/2024,09:25:14,126.6,126.2,240,126.55,280,8320,319360
FINNIFTY02JAN2421300CE.NFO,02/01/2024,09:25:16,125.95,125.65,440,126.05,1240,1400,319360
FINNIFTY02JAN2421300CE.NFO,02/01/2024,09:25:18,126.55,126.1,800,126.55,480,40,319360
FINNIFTY02JAN2421300CE.NFO,02/01/2024,09:25:19,126.65,126.65,480,127,120,400,319360
FINNIFTY02JAN2421300CE.NFO,02/01/2024,09:25:21,127.6,127.4,360,127.75,560,1960,319360
FINNIFTY02JAN2421300CE.NFO,02/01/2024,09:25:23,128,127.65,240,128,80,1760,319360
FINNIFTY02JAN2421300CE.NFO,02/01/2024,09:25:24,127.75,127.45,360,127.8,760,120,319360
FINNIFTY02JAN2421300CE.NFO,02/01/2024,09:25:26,127,127.35,120,127.65,560,80,319360
FINNIFTY02JAN2421300CE.NFO,02/01/2024,09:25:28,128.95,128.45,360,128.8,640,1680,319360
FINNIFTY02JAN2421300CE.NFO,02/01/2024,09:25:29,129,128.85,520,129.25,1240,640,319360
FINNIFTY02JAN2421300CE.NFO,02/01/2024,09:25:31,129.5,129.2,320,129.5,1680,1720,319360
FINNIFTY02JAN2421300CE.NFO,02/01/2024,09:25:33,130.1,130.15,160,130.55,880,2000,319360
FINNIFTY02JAN2421300CE.NFO,02/01/2024,09:25:34,131.25,130.95,160,131.3,120,200,319360
FINNIFTY02JAN2421300CE.NFO,02/01/2024,09:25:36,131.25,131.2,160,131.6,80,4000,319360
FINNIFTY02JAN2421300CE.NFO,02/01/2024,09:25:38,130.45,130.75,80,130.95,480,4360,319360
FINNIFTY02JAN2421300CE.NFO,02/01/2024,09:25:39,130.05,129.75,240,130.1,40,6040,319360
FINNIFTY02JAN2421300CE.NFO,02/01/2024,09:25:41,130,129.85,280,130.2,840,11120,319360
FINNIFTY02JAN2421300CE.NFO,02/01/2024,09:25:43,131.15,130.9,120,131.15,40,1560,319360
FINNIFTY02JAN2421300CE.NFO,02/01/2024,09:25:44,130.6,130.3,40,130.5,40,880,319360
FINNIFTY02JAN2421300CE.NFO,02/01/2024,09:25:46,130.3,130.3,40,130.45,560,2520,319360
FINNIFTY02JAN2421300CE.NFO,02/01/2024,09:25:48,130.25,130.5,40,130.55,160,5680,319360
FINNIFTY02JAN2421300CE.NFO,02/01/2024,09:25:49,129.2,129.05,240,129.35,160,10080,319360
FINNIFTY02JAN2421300CE.NFO,02/01/2024,09:25:51,129.7,129.35,320,129.7,480,2720,319360
FINNIFTY02JAN2421300CE.NFO,02/01/2024,09:25:53,129.7,129.45,200,129.75,200,2920,319360
FINNIFTY02JAN2421300CE.NFO,02/01/2024,09:25:54,131.05,130.9,160,131.05,120,1360,319360
FINNIFTY02JAN2421300CE.NFO,02/01/2024,09:25:56,131.95,132,1040,132.25,160,7560,319360
FINNIFTY02JAN2421300CE.NFO,02/01/2024,09:25:58,133.15,132.85,160,133.1,320,2200,319360
FINNIFTY02JAN2421300CE.NFO,02/01/2024,09:25:59,133.1,132.75,120,133.05,120,3600,319360
FINNIFTY02JAN2421300CE.NFO,02/01/2024,09:26:01,134.3,133.9,240,134.3,200,3240,319360
FINNIFTY02JAN2421300CE.NFO,02/01/2024,09:26:03,133.1,133.1,800,133.45,120,880,319360
FINNIFTY02JAN2421300CE.NFO,02/01/2024,09:26:04,133.25,132.85,400,133.25,40,4120,319360
FINNIFTY02JAN2421300CE.NFO,02/01/2024,09:26:06,133.4,133.3,800,133.5,160,1360,319360
FINNIFTY02JAN2421300CE.NFO,02/01/2024,09:26:08,133.1,132.75,880,133.1,80,1240,319360
FINNIFTY02JAN2421300CE.NFO,02/01/2024,09:26:09,133.2,133.2,1000,133.55,40,560,319360
FINNIFTY02JAN2421300CE.NFO,02/01/2024,09:26:11,133.3,132.75,440,133.1,40,600,319360
FINNIFTY02JAN2421300CE.NFO,02/01/2024,09:26:13,133.55,133,560,133.35,160,1680,319360
FINNIFTY02JAN2421300CE.NFO,02/01/2024,09:26:14,136.65,136.3,320,136.7,120,10360,319360
FINNIFTY02JAN2421300CE.NFO,02/01/2024,09:26:16,160.9,160.85,40,160.9,40,105600,319360
FINNIFTY02JAN2421300CE.NFO,02/01/2024,09:26:16,167.05,160.85,40,160.9,40,0,319360
FINNIFTY02JAN2421300CE.NFO,02/01/2024,09:26:18,148.25,148.7,680,149.35,360,93760,319360
FINNIFTY02JAN2421300CE.NFO,02/01/2024,09:26:19,151.95,151.3,120,151.7,240,22880,319360
FINNIFTY02JAN2421300CE.NFO,02/01/2024,09:26:21,151.25,151.5,640,151.9,40,11160,319360
FINNIFTY02JAN2421300CE.NFO,02/01/2024,09:26:23,150.1,149.7,240,150.15,40,6760,319360
FINNIFTY02JAN2421300CE.NFO,02/01/2024,09:26:24,148.5,148.25,240,148.7,560,8160,373760
FINNIFTY02JAN2421300CE.NFO,02/01/2024,09:26:26,147.05,147.75,160,148.25,120,3400,373760
FINNIFTY02JAN2421300CE.NFO,02/01/2024,09:26:28,148.9,148.45,80,149,840,6280,373760
FINNIFTY02JAN2421300CE.NFO,02/01/2024,09:26:29,154.5,154.15,160,154.45,120,4600,373760
FINNIFTY02JAN2421300CE.NFO,02/01/2024,09:26:31,156.05,156.1,160,156.45,40,11480,373760
FINNIFTY02JAN2421300CE.NFO,02/01/2024,09:26:33,155.45,155.25,720,155.7,40,4800,373760
FINNIFTY02JAN2421300CE.NFO,02/01/2024,09:26:34,155.4,155.35,720,155.8,840,10080,373760
FINNIFTY02JAN2421300CE.NFO,02/01/2024,09:26:36,155.3,155.3,200,155.85,40,5200,373760
FINNIFTY02JAN2421300CE.NFO,02/01/2024,09:26:38,160.5,160.4,200,160.75,320,8320,373760
FINNIFTY02JAN2421300CE.NFO,02/01/2024,09:26:39,165.5,165.15,200,165.65,120,5360,373760
FINNIFTY02JAN2421300CE.NFO,02/01/2024,09:26:41,163.65,163.45,200,163.95,80,7440,373760
FINNIFTY02JAN2421300CE.NFO,02/01/2024,09:26:41,168.05,163.45,200,163.95,80,0,373760
FINNIFTY02JAN2421300CE.NFO,02/01/2024,09:26:43,165.5,165.15,360,165.8,280,7240,373760
FINNIFTY02JAN2421300CE.NFO,02/01/2024,09:26:44,168.45,168.1,440,168.6,40,6360,373760
FINNIFTY02JAN2421300CE.NFO,02/01/2024,09:26:44,168.45,168.1,440,168.6,40,0,373760
FINNIFTY02JAN2421300CE.NFO,02/01/2024,09:26:46,172.8,172.55,560,173.05,40,10840,373760
FINNIFTY02JAN2421300CE.NFO,02/01/2024,09:26:46,173.15,172.55,560,173.05,40,0,373760
FINNIFTY02JAN2421300CE.NFO,02/01/2024,09:26:48,172.5,172,160,172.55,120,16160,373760
FINNIFTY02JAN2421300CE.NFO,02/01/2024,09:26:48,175.55,172,160,172.55,120,0,373760
FINNIFTY02JAN2421300CE.NFO,02/01/2024,09:26:49,169.05,168.85,120,169.3,200,2840,373760
FINNIFTY02JAN2421300CE.NFO,02/01/2024,09:26:51,171.05,171.05,240,171.65,120,3880,373760
FINNIFTY02JAN2421300CE.NFO,02/01/2024,09:26:53,170.5,169.7,120,170.15,160,2200,373760
FINNIFTY02JAN2421300CE.NFO,02/01/2024,09:26:54,167.1,167,200,167.45,120,32920,373760
FINNIFTY02JAN2421300CE.NFO,02/01/2024,09:26:56,166,165.3,200,165.75,120,7360,373760
FINNIFTY02JAN2421300CE.NFO,02/01/2024,09:26:58,163.55,163.8,240,164.05,80,6240,373760
FINNIFTY02JAN2421300CE.NFO,02/01/2024,09:26:59,163.05,162.65,160,163.05,240,6400,373760
FINNIFTY02JAN2421300CE.NFO,02/01/2024,09:27:01,165.65,165.55,160,166.1,200,3320,373760
FINNIFTY02JAN2421300CE.NFO,02/01/2024,09:27:03,167.95,167.4,440,168.1,1320,1840,373760
FINNIFTY02JAN2421300CE.NFO,02/01/2024,09:27:04,167.75,166.9,200,167.5,120,920,373760
FINNIFTY02JAN2421300CE.NFO,02/01/2024,09:27:06,166.15,166.1,640,166.65,80,27760,373760
FINNIFTY02JAN2421300CE.NFO,02/01/2024,09:27:08,167.6,168,160,168.55,80,2880,373760
FINNIFTY02JAN2421300CE.NFO,02/01/2024,09:27:09,168.75,168.6,520,169.2,400,2960,373760
FINNIFTY02JAN2421300CE.NFO,02/01/2024,09:27:11,166.15,165.75,520,166.35,920,2280,373760
FINNIFTY02JAN2421300CE.NFO,02/01/2024,09:27:13,166.2,166.8,360,167.4,960,720,373760
FINNIFTY02JAN2421300CE.NFO,02/01/2024,09:27:14,165.5,165.55,120,166.15,1160,2960,373760
FINNIFTY02JAN2421300CE.NFO,02/01/2024,09:27:16,164.3,164.7,760,165.25,80,2360,373760
FINNIFTY02JAN2421300CE.NFO,02/01/2024,09:27:18,165.1,164.6,440,165.15,600,4040,373760
FINNIFTY02JAN2421300CE.NFO,02/01/2024,09:27:19,164.75,164.15,600,164.6,360,3000,373760
FINNIFTY02JAN2421300CE.NFO,02/01/2024,09:27:21,165.15,165.05,720,165.65,80,880,373760
FINNIFTY02JAN2421300CE.NFO,02/01/2024,09:27:23,165.6,165.7,600,166.15,280,880,373760
FINNIFTY02JAN2421300CE.NFO,02/01/2024,09:27:24,165.3,165.2,600,165.75,440,2320,373760
FINNIFTY02JAN2421300CE.NFO,02/01/2024,09:27:26,162.6,162.75,600,163.2,520,2560,373760
FINNIFTY02JAN2421300CE.NFO,02/01/2024,09:27:28,161,161.5,320,162,80,2160,373760
FINNIFTY02JAN2421300CE.NFO,02/01/2024,09:27:29,161.05,161.15,160,161.7,320,1160,373760
FINNIFTY02JAN2421300CE.NFO,02/01/2024,09:27:31,160.8,160.75,200,161.25,440,2440,373760
FINNIFTY02JAN2421300CE.NFO,02/01/2024,09:27:33,159.45,160,480,160.4,560,24000,373760
FINNIFTY02JAN2421300CE.NFO,02/01/2024,09:27:34,160.9,160.9,120,161.35,320,920,373760
FINNIFTY02JAN2421300CE.NFO,02/01/2024,09:27:36,163,162.85,160,163.3,320,1000,373760
FINNIFTY02JAN2421300CE.NFO,02/01/2024,09:27:38,162.85,162.95,840,163.45,120,5120,373760
FINNIFTY02JAN2421300CE.NFO,02/01/2024,09:27:39,162.65,162.25,800,162.75,320,1200,373760
FINNIFTY02JAN2421300CE.NFO,02/01/2024,09:27:41,162.2,162.7,1280,163.3,920,840,373760
FINNIFTY02JAN2421300CE.NFO,02/01/2024,09:27:43,163.7,164.05,360,164.5,960,1400,373760
FINNIFTY02JAN2421300CE.NFO,02/01/2024,09:27:44,163.3,162.65,680,163.2,2600,160,373760
FINNIFTY02JAN2421300CE.NFO,02/01/2024,09:27:46,162.45,162,800,162.4,40,360,373760
FINNIFTY02JAN2421300CE.NFO,02/01/2024,09:27:48,162.1,161.65,600,162.15,1160,80,373760
FINNIFTY02JAN2421300CE.NFO,02/01/2024,09:27:49,162.9,163.9,600,164.35,120,960,373760
FINNIFTY02JAN2421300CE.NFO,02/01/2024,09:27:51,165.15,165.15,1000,165.35,1000,2400,373760
FINNIFTY02JAN2421300CE.NFO,02/01/2024,09:27:53,170.2,170.2,360,170.7,520,2880,373760
FINNIFTY02JAN2421300CE.NFO,02/01/2024,09:27:54,169.45,169.3,360,169.45,80,1200,373760
FINNIFTY02JAN2421300CE.NFO,02/01/2024,09:27:56,170.35,170.3,280,170.8,560,1320,373760
FINNIFTY02JAN2421300CE.NFO,02/01/2024,09:27:58,178,177.9,360,178,40,44360,373760
FINNIFTY02JAN2421300CE.NFO,02/01/2024,09:27:58,183.05,177.9,360,178,40,0,373760
FINNIFTY02JAN2421300CE.NFO,02/01/2024,09:27:59,176.5,176.1,120,176.45,320,5440,373760
FINNIFTY02JAN2421300CE.NFO,02/01/2024,09:28:01,176.05,175.45,320,176.1,840,16240,373760
FINNIFTY02JAN2421300CE.NFO,02/01/2024,09:28:03,178.2,178,360,178.55,640,2520,373760
FINNIFTY02JAN2421300CE.NFO,02/01/2024,09:28:04,179.2,178.6,80,179.15,160,4480,373760
FINNIFTY02JAN2421300CE.NFO,02/01/2024,09:28:06,176.1,176.05,160,176.35,40,2640,373760
FINNIFTY02JAN2421300CE.NFO,02/01/2024,09:28:08,175.05,174.9,680,175.3,120,6040,373760
FINNIFTY02JAN2421300CE.NFO,02/01/2024,09:28:09,174.45,174.35,920,174.9,440,4760,373760
FINNIFTY02JAN2421300CE.NFO,02/01/2024,09:28:11,173.9,174.35,120,174.8,160,3880,373760
FINNIFTY02JAN2421300CE.NFO,02/01/2024,09:28:13,172.85,172.95,280,173.4,600,6560,373760
FINNIFTY02JAN2421300CE.NFO,02/01/2024,09:28:14,172.45,172.45,720,173.1,680,1360,373760
FINNIFTY02JAN2421300CE.NFO,02/01/2024,09:28:16,172.2,173.1,360,173.65,40,1040,373760
FINNIFTY02JAN2421300CE.NFO,02/01/2024,09:28:18,172.1,172.3,280,172.85,320,640,373760
FINNIFTY02JAN2421300CE.NFO,02/01/2024,09:28:19,172,171.55,200,172.1,200,880,373760
FINNIFTY02JAN2421300CE.NFO,02/01/2024,09:28:21,172.25,172.65,760,173.2,120,640,373760
FINNIFTY02JAN2421300CE.NFO,02/01/2024,09:28:23,173.9,173.55,120,174,160,440,373760
FINNIFTY02JAN2421300CE.NFO,02/01/2024,09:28:24,175,175.6,280,176,40,800,373760
FINNIFTY02JAN2421300CE.NFO,02/01/2024,09:28:26,176.45,175.5,120,175.9,40,1520,373760
FINNIFTY02JAN2421300CE.NFO,02/01/2024,09:28:28,174.45,174.05,320,174.55,120,1000,373760
FINNIFTY02JAN2421300CE.NFO,02/01/2024,09:28:29,174.45,175.05,360,175.55,680,160,373760
FINNIFTY02JAN2421300CE.NFO,02/01/2024,09:28:31,174.4,174.1,680,174.6,720,120,373760
FINNIFTY02JAN2421300CE.NFO,02/01/2024,09:28:33,172.3,171.75,680,172.35,1400,3440,373760
FINNIFTY02JAN2421300CE.NFO,02/01/2024,09:28:34,171.5,171,120,171.45,680,280,373760
FINNIFTY02JAN2421300CE.NFO,02/01/2024,09:28:36,168.8,169.15,240,169.45,640,2560,373760
FINNIFTY02JAN2421300CE.NFO,02/01/2024,09:28:38,169.85,169.35,320,169.85,480,2880,373760
FINNIFTY02JAN2421300CE.NFO,02/01/2024,09:28:39,169,169.6,200,170.05,80,760,373760
FINNIFTY02JAN2421300CE.NFO,02/01/2024,09:28:41,170.05,170.35,1000,170.85,560,1120,373760
FINNIFTY02JAN2421300CE.NFO,02/01/2024,09:28:43,169.5,169.55,680,170.05,240,1000,373760
FINNIFTY02JAN2421300CE.NFO,02/01/2024,09:28:44,170,170.3,920,170.75,200,2560,373760
FINNIFTY02JAN2421300CE.NFO,02/01/2024,09:28:46,172.15,171.85,520,172.45,200,520,373760
FINNIFTY02JAN2421300CE.NFO,02/01/2024,09:28:48,170.9,170.95,680,171.5,520,120,373760
FINNIFTY02JAN2421300CE.NFO,02/01/2024,09:28:49,171,170.55,240,171,320,720,373760
FINNIFTY02JAN2421300CE.NFO,02/01/2024,09:28:51,171.45,171.1,280,171.55,600,280,373760
FINNIFTY02JAN2421300CE.NFO,02/01/2024,09:28:53,170.6,170.4,680,170.95,760,240,373760
FINNIFTY02JAN2421300CE.NFO,02/01/2024,09:28:54,170.25,170.05,3000,170.3,160,1600,373760
FINNIFTY02JAN2421300CE.NFO,02/01/2024,09:28:56,169.1,168.7,640,169.2,1720,5400,373760
FINNIFTY02JAN2421300CE.NFO,02/01/2024,09:28:58,168.45,168.65,1080,169.2,1640,320,373760
FINNIFTY02JAN2421300CE.NFO,02/01/2024,09:28:59,167.7,168.1,680,168.6,520,240,373760
FINNIFTY02JAN2421300CE.NFO,02/01/2024,09:29:01,167.8,168,760,168.6,240,2160,373760
FINNIFTY02JAN2421300CE.NFO,02/01/2024,09:29:03,166.1,166.05,200,166.5,1040,1880,373760
FINNIFTY02JAN2421300CE.NFO,02/01/2024,09:29:04,166.9,166.4,680,166.95,680,2040,373760
FINNIFTY02JAN2421300CE.NFO,02/01/2024,09:29:06,165.15,165.25,920,165.85,240,360,373760
FINNIFTY02JAN2421300CE.NFO,02/01/2024,09:29:08,165.15,165.25,1080,165.85,1000,680,373760
FINNIFTY02JAN2421300CE.NFO,02/01/2024,09:29:09,165,165.05,920,165.6,440,2120,373760
FINNIFTY02JAN2421300CE.NFO,02/01/2024,09:29:11,166.35,166.55,40,167,200,3960,373760
FINNIFTY02JAN2421300CE.NFO,02/01/2024,09:29:13,168.1,168.2,600,168.65,200,17000,373760
FINNIFTY02JAN2421300CE.NFO,02/01/2024,09:29:14,167.55,166.9,40,167.2,120,120,373760
FINNIFTY02JAN2421300CE.NFO,02/01/2024,09:29:16,166.9,166.55,40,166.6,120,6920,373760
FINNIFTY02JAN2421300CE.NFO,02/01/2024,09:29:18,166.4,166,280,166.35,120,5560,373760
FINNIFTY02JAN2421300CE.NFO,02/01/2024,09:29:19,165.25,165.45,520,165.9,120,14440,373760
FINNIFTY02JAN2421300CE.NFO,02/01/2024,09:29:21,165.8,165.45,840,165.95,160,4760,373760
FINNIFTY02JAN2421300CE.NFO,02/01/2024,09:29:23,165.7,165,1640,165.35,200,320,373760
FINNIFTY02JAN2421300CE.NFO,02/01/2024,09:29:24,166.55,166.05,1200,166.6,560,880,312400
FINNIFTY02JAN2421300CE.NFO,02/01/2024,09:29:26,164.4,164.15,400,164.65,400,1760,312400
FINNIFTY02JAN2421300CE.NFO,02/01/2024,09:29:28,164.4,163.65,280,164.2,1160,560,312400
FINNIFTY02JAN2421300CE.NFO,02/01/2024,09:29:30,163.75,164.75,240,165,1480,80,312400
FINNIFTY02JAN2421300CE.NFO,02/01/2024,09:29:31,165.3,165.45,600,165.85,280,4560,312400
FINNIFTY02JAN2421300CE.NFO,02/01/2024,09:29:33,165.05,164.95,40,165.2,80,160,312400
FINNIFTY02JAN2421300CE.NFO,02/01/2024,09:29:35,165,165.5,680,166.1,560,1840,312400
FINNIFTY02JAN2421300CE.NFO,02/01/2024,09:29:36,166.4,166.95,600,167.4,800,40,312400
FINNIFTY02JAN2421300CE.NFO,02/01/2024,09:29:38,166.4,166.6,680,167.1,920,40,312400
FINNIFTY02JAN2421300CE.NFO,02/01/2024,09:29:40,167.65,167.6,920,168.1,680,80,312400
FINNIFTY02JAN2421300CE.NFO,02/01/2024,09:29:41,167.3,167.55,600,168,680,80,312400
FINNIFTY02JAN2421300CE.NFO,02/01/2024,09:29:43,166.4,166.2,1120,166.75,280,120,312400
FINNIFTY02JAN2421300CE.NFO,02/01/2024,09:29:45,166.4,166.2,920,166.65,320,0,312400
FINNIFTY02JAN2421300CE.NFO,02/01/2024,09:29:46,166.05,165.6,920,166.1,680,200,312400
FINNIFTY02JAN2421300CE.NFO,02/01/2024,09:29:48,166.05,165.15,920,165.7,680,160,312400
FINNIFTY02JAN2421300CE.NFO,02/01/2024,09:29:50,166.45,166.45,320,166.9,400,320,312400
FINNIFTY02JAN2421300CE.NFO,02/01/2024,09:29:51,166.6,166.75,200,167.15,600,1280,312400
FINNIFTY02JAN2421300CE.NFO,02/01/2024,09:29:53,167.15,167,680,167.5,920,320,312400
FINNIFTY02JAN2421300CE.NFO,02/01/2024,09:29:55,167.3,166.2,600,166.7,560,840,312400
FINNIFTY02JAN2421300CE.NFO,02/01/2024,09:29:56,166.7,166,1600,166.5,600,400,312400
FINNIFTY02JAN2421300CE.NFO,02/01/2024,09:29:58,166.7,165.9,1160,166.35,400,0,312400
FINNIFTY02JAN2421300CE.NFO,02/01/2024,09:30:00,167.1,165.95,600,166.35,360,1040,312400
FINNIFTY02JAN2421300CE.NFO,02/01/2024,09:30:01,167.9,168.1,200,168.6,1080,3320,312400
FINNIFTY02JAN2421300CE.NFO,02/01/2024,09:30:03,165.75,165.15,40,165.5,80,1920,312400
FINNIFTY02JAN2421300CE.NFO,02/01/2024,09:30:05,164.05,163.75,600,164.2,560,1320,312400
FINNIFTY02JAN2421300CE.NFO,02/01/2024,09:30:06,162.6,162.3,600,162.7,200,1680,312400
FINNIFTY02JAN2421300CE.NFO,02/01/2024,09:30:08,163.45,163,600,163.35,360,2120,312400
FINNIFTY02JAN2421300CE.NFO,02/01/2024,09:30:10,163.75,164.3,600,164.65,240,1520,312400
FINNIFTY02JAN2421300CE.NFO,02/01/2024,09:30:11,164.8,164.85,280,165,40,2200,312400
FINNIFTY02JAN2421300CE.NFO,02/01/2024,09:30:13,165.05,165.65,840,166.2,400,1200,312400
FINNIFTY02JAN2421300CE.NFO,02/01/2024,09:30:15,166.1,167.5,680,167.85,640,80,312400
FINNIFTY02JAN2421300CE.NFO,02/01/2024,09:30:16,167.65,167.5,600,167.9,520,3840,312400
FINNIFTY02JAN2421300CE.NFO,02/01/2024,09:30:18,168.65,168.4,1040,168.9,360,240,312400
FINNIFTY02JAN2421300CE.NFO,02/01/2024,09:30:20,171.25,171,880,171.5,200,3920,312400
FINNIFTY02JAN2421300CE.NFO,02/01/2024,09:30:21,169,169,680,169.45,600,34800,312400
FINNIFTY02JAN2421300CE.NFO,02/01/2024,09:30:23,168.85,168.85,840,169.35,400,720,312400
FINNIFTY02JAN2421300CE.NFO,02/01/2024,09:30:25,168.1,167.7,240,168.1,640,1600,312400
FINNIFTY02JAN2421300CE.NFO,02/01/2024,09:30:26,168.25,167.5,40,167.9,640,920,312400
FINNIFTY02JAN2421300CE.NFO,02/01/2024,09:30:28,166.95,166.85,120,167.3,760,560,312400
FINNIFTY02JAN2421300CE.NFO,02/01/2024,09:30:30,167,165.3,760,165.85,320,200,312400
FINNIFTY02JAN2421300CE.NFO,02/01/2024,09:30:31,164.9,165.05,1120,165.5,40,5560,312400
FINNIFTY02JAN2421300CE.NFO,02/01/2024,09:30:33,165.2,165.45,200,165.85,120,1000,312400
FINNIFTY02JAN2421300CE.NFO,02/01/2024,09:30:35,165.2,165.55,80,166.05,1000,0,312400
FINNIFTY02JAN2421300CE.NFO,02/01/2024,09:30:36,166.1,165.8,1000,166.4,1800,240,312400
FINNIFTY02JAN2421300CE.NFO,02/01/2024,09:30:38,165.45,164.9,1640,165.45,240,960,312400
FINNIFTY02JAN2421300CE.NFO,02/01/2024,09:30:39,165.55,165.35,640,165.9,1000,280,312400
FINNIFTY02JAN2421300CE.NFO,02/01/2024,09:30:41,167.6,167.5,240,168.05,600,40,312400
FINNIFTY02JAN2421300CE.NFO,02/01/2024,09:30:43,166.9,166.3,240,166.85,960,2040,312400
FINNIFTY02JAN2421300CE.NFO,02/01/2024,09:30:44,166.35,166.7,760,167.25,760,120,312400
FINNIFTY02JAN2421300CE.NFO,02/01/2024,09:30:46,166.35,167,240,167.5,560,0,312400
FINNIFTY02JAN2421300CE.NFO,02/01/2024,09:30:48,167.4,166.3,640,166.8,240,240,312400
FINNIFTY02JAN2421300CE.NFO,02/01/2024,09:30:49,167.4,166.5,1000,167,680,0,312400
FINNIFTY02JAN2421300CE.NFO,02/01/2024,09:30:51,166.65,166.2,880,166.75,280,120,312400
FINNIFTY02JAN2421300CE.NFO,02/01/2024,09:30:53,167.2,166.4,920,166.95,160,40,312400
FINNIFTY02JAN2421300CE.NFO,02/01/2024,09:30:54,166.1,166,880,166.4,1360,2320,312400
FINNIFTY02JAN2421300CE.NFO,02/01/2024,09:30:56,165.45,165.5,120,165.95,840,3000,312400
FINNIFTY02JAN2421300CE.NFO,02/01/2024,09:30:58,165.45,165.15,840,165.65,120,280,312400
FINNIFTY02JAN2421300CE.NFO,02/01/2024,09:30:59,165.1,164.4,880,164.9,800,400,312400
FINNIFTY02JAN2421300CE.NFO,02/01/2024,09:31:01,164,164.5,240,164.95,240,80,312400
FINNIFTY02JAN2421300CE.NFO,02/01/2024,09:31:03,163.5,163.45,320,163.95,80,360,312400
FINNIFTY02JAN2421300CE.NFO,02/01/2024,09:31:04,163,162.3,320,162.8,800,80,312400
FINNIFTY02JAN2421300CE.NFO,02/01/2024,09:31:06,162.3,162.55,240,163,280,1560,312400
FINNIFTY02JAN2421300CE.NFO,02/01/2024,09:31:08,162.5,162.6,640,163,200,2040,312400
FINNIFTY02JAN2421300CE.NFO,02/01/2024,09:31:09,163.1,163.4,160,163.8,200,560,312400
FINNIFTY02JAN2421300CE.NFO,02/01/2024,09:31:11,163,163.45,120,163.95,280,560,312400
FINNIFTY02JAN2421300CE.NFO,02/01/2024,09:31:13,163,161.55,640,162,480,240,312400
FINNIFTY02JAN2421300CE.NFO,02/01/2024,09:31:14,160,160.05,520,160.6,1280,3920,312400
FINNIFTY02JAN2421300CE.NFO,02/01/2024,09:31:16,159.2,159.1,600,159.65,320,1040,312400
FINNIFTY02JAN2421300CE.NFO,02/01/2024,09:31:17,160.85,160.85,680,161.35,680,1760,312400
FINNIFTY02JAN2421300CE.NFO,02/01/2024,09:31:19,161.1,161.1,1240,161.65,360,560,312400
FINNIFTY02JAN2421300CE.NFO,02/01/2024,09:31:21,161.25,160.3,1040,160.8,200,320,312400
FINNIFTY02JAN2421300CE.NFO,02/01/2024,09:31:22,161.6,162.2,520,162.75,280,80,312400
FINNIFTY02JAN2421300CE.NFO,02/01/2024,09:31:24,161.85,161.15,120,161.5,320,440,312400
FINNIFTY02JAN2421300CE.NFO,02/01/2024,09:31:26,164.55,164.15,640,164.65,640,1360,312400
FINNIFTY02JAN2421300CE.NFO,02/01/2024,09:31:27,164.65,164.05,640,164.5,320,80,312400
FINNIFTY02JAN2421300CE.NFO,02/01/2024,09:31:29,163.45,163.15,1040,163.75,1440,80,312400
FINNIFTY02JAN2421300CE.NFO,02/01/2024,09:31:31,163.8,163.05,680,163.65,360,400,312400
FINNIFTY02JAN2421300CE.NFO,02/01/2024,09:31:32,163.75,162.65,1080,163.2,200,80,312400
FINNIFTY02JAN2421300CE.NFO,02/01/2024,09:31:34,162.2,161.1,1000,161.6,280,4240,312400
FINNIFTY02JAN2421300CE.NFO,02/01/2024,09:31:36,161.6,161,600,161.45,280,3720,312400
FINNIFTY02JAN2421300CE.NFO,02/01/2024,09:31:37,160.55,160.5,600,160.9,200,40,312400
FINNIFTY02JAN2421300CE.NFO,02/01/2024,09:31:39,160.9,160.55,1520,161.05,120,160,312400
FINNIFTY02JAN2421300CE.NFO,02/01/2024,09:31:41,161.2,160,1040,160.5,520,120,312400
FINNIFTY02JAN2421300CE.NFO,02/01/2024,09:31:42,160,159.75,840,160,1600,1440,312400
FINNIFTY02JAN2421300CE.NFO,02/01/2024,09:31:44,160.55,159.9,1120,160.4,1040,1880,312400
FINNIFTY02JAN2421300CE.NFO,02/01/2024,09:31:46,161.15,161.4,400,161.6,1800,1800,312400
FINNIFTY02JAN2421300CE.NFO,02/01/2024,09:31:47,160.9,160.35,680,160.85,480,600,312400
FINNIFTY02JAN2421300CE.NFO,02/01/2024,09:31:49,161,161.1,40,161.55,320,10280,312400
FINNIFTY02JAN2421300CE.NFO,02/01/2024,09:31:51,161,160.8,120,161.25,320,0,312400
FINNIFTY02JAN2421300CE.NFO,02/01/2024,09:31:52,160.5,160,560,160.45,520,1680,312400
FINNIFTY02JAN2421300CE.NFO,02/01/2024,09:31:54,158.35,158,760,158.55,600,3720,312400
FINNIFTY02JAN2421300CE.NFO,02/01/2024,09:31:56,157.9,157.9,600,158.35,160,1200,312400
FINNIFTY02JAN2421300CE.NFO,02/01/2024,09:31:57,158.4,158.85,1000,159.25,760,80,312400
FINNIFTY02JAN2421300CE.NFO,02/01/2024,09:31:59,158.95,159.55,200,159.95,120,1720,312400
FINNIFTY02JAN2421300CE.NFO,02/01/2024,09:32:01,158.7,158.6,920,159,280,320,312400
FINNIFTY02JAN2421300CE.NFO,02/01/2024,09:32:02,159.4,159,1040,159.6,1240,1280,312400
FINNIFTY02JAN2421300CE.NFO,02/01/2024,09:32:04,156.45,156.95,880,157.5,640,2480,312400
FINNIFTY02JAN2421300CE.NFO,02/01/2024,09:32:06,156.75,156.55,640,157.05,360,40,312400
FINNIFTY02JAN2421300CE.NFO,02/01/2024,09:32:07,157.05,156.95,1240,157.5,1280,2480,312400
FINNIFTY02JAN2421300CE.NFO,02/01/2024,09:32:09,156.6,156.4,320,156.95,560,800,312400
FINNIFTY02JAN2421300CE.NFO,02/01/2024,09:32:11,157.2,157.2,920,157.7,360,2880,312400
FINNIFTY02JAN2421300CE.NFO,02/01/2024,09:32:12,157.8,159.1,1040,159.6,480,440,312400
FINNIFTY02JAN2421300CE.NFO,02/01/2024,09:32:14,158,158,1120,158.55,680,1560,312400
FINNIFTY02JAN2421300CE.NFO,02/01/2024,09:32:16,157,157.05,280,157.55,80,240,312400
FINNIFTY02JAN2421300CE.NFO,02/01/2024,09:32:17,156.75,156.5,680,157,1360,240,312400
FINNIFTY02JAN2421300CE.NFO,02/01/2024,09:32:19,154.45,153.85,360,154.4,920,3360,312400
FINNIFTY02JAN2421300CE.NFO,02/01/2024,09:32:21,153.9,153.9,1000,154.4,880,1680,312400
FINNIFTY02JAN2421300CE.NFO,02/01/2024,09:32:22,155.6,155.2,360,155.7,160,960,312400
FINNIFTY02JAN2421300CE.NFO,02/01/2024,09:32:24,155,154.6,1720,155,200,1520,312400
FINNIFTY02JAN2421300CE.NFO,02/01/2024,09:32:26,154,153.6,480,154.05,600,520,284880
FINNIFTY02JAN2421300CE.NFO,02/01/2024,09:32:27,155.45,155.1,40,155.6,560,400,284880
FINNIFTY02JAN2421300CE.NFO,02/01/2024,09:32:29,155.5,155.45,680,155.9,160,560,284880
FINNIFTY02JAN2421300CE.NFO,02/01/2024,09:32:30,157.15,156.75,640,157.2,240,1320,284880
FINNIFTY02JAN2421300CE.NFO,02/01/2024,09:32:32,156.05,156.2,1400,156.7,360,40,284880
FINNIFTY02JAN2421300CE.NFO,02/01/2024,09:32:34,155.9,156.2,720,156.7,960,1560,284880
FINNIFTY02JAN2421300CE.NFO,02/01/2024,09:32:35,155.8,155.7,640,156.15,1800,3280,284880
FINNIFTY02JAN2421300CE.NFO,02/01/2024,09:32:37,154.95,154.45,640,154.9,600,3320,284880
FINNIFTY02JAN2421300CE.NFO,02/01/2024,09:32:39,154.35,153.75,1040,154.25,120,560,284880
FINNIFTY02JAN2421300CE.NFO,02/01/2024,09:32:40,154.55,154.05,560,154.55,320,320,284880
FINNIFTY02JAN2421300CE.NFO,02/01/2024,09:32:42,154.35,154.1,40,154.55,160,40,284880
FINNIFTY02JAN2421300CE.NFO,02/01/2024,09:32:44,154.35,154.15,960,154.65,120,880,284880
FINNIFTY02JAN2421300CE.NFO,02/01/2024,09:32:45,153.6,153.75,200,154.05,1800,200,284880
FINNIFTY02JAN2421300CE.NFO,02/01/2024,09:32:47,154.1,154.1,640,154.6,240,7440,284880
FINNIFTY02JAN2421300CE.NFO,02/01/2024,09:32:49,155.7,155.6,640,156,240,7760,284880
FINNIFTY02JAN2421300CE.NFO,02/01/2024,09:32:50,154.4,154.95,680,155.35,80,18200,284880
FINNIFTY02JAN2421300CE.NFO,02/01/2024,09:32:52,155.45,154.85,640,155.3,720,1360,284880
FINNIFTY02JAN2421300CE.NFO,02/01/2024,09:32:54,153.7,155.1,640,155.4,640,640,284880
FINNIFTY02JAN2421300CE.NFO,02/01/2024,09:32:55,155.6,155,840,155.45,680,240,284880
FINNIFTY02JAN2421300CE.NFO,02/01/2024,09:32:57,155.65,155,200,155.4,80,1720,284880
FINNIFTY02JAN2421300CE.NFO,02/01/2024,09:32:59,155.4,155.75,640,156.2,240,5960,284880
FINNIFTY02JAN2421300CE.NFO,02/01/2024,09:33:00,157,156.25,640,156.7,800,880,284880
FINNIFTY02JAN2421300CE.NFO,02/01/2024,09:33:02,156,157.05,280,157.45,80,520,284880
FINNIFTY02JAN2421300CE.NFO,02/01/2024,09:33:04,156.85,156.55,120,157.05,440,160,284880
FINNIFTY02JAN2421300CE.NFO,02/01/2024,09:33:05,157.3,156.6,320,157.1,400,560,284880
FINNIFTY02JAN2421300CE.NFO,02/01/2024,09:33:07,156.45,156.05,440,156.5,320,560,284880
FINNIFTY02JAN2421300CE.NFO,02/01/2024,09:33:09,156.75,156.3,680,156.8,1040,240,284880
FINNIFTY02JAN2421300CE.NFO,02/01/2024,09:33:10,156.5,156.05,640,156.5,360,520,284880
FINNIFTY02JAN2421300CE.NFO,02/01/2024,09:33:12,156,155.75,320,156.2,400,200,284880
FINNIFTY02JAN2421300CE.NFO,02/01/2024,09:33:14,155,154.7,1000,155.1,200,2400,284880
FINNIFTY02JAN2421300CE.NFO,02/01/2024,09:33:15,153.4,153.05,120,153.25,240,1000,284880
FINNIFTY02JAN2421300CE.NFO,02/01/2024,09:33:17,153.4,152.7,360,153.2,1120,2280,284880
FINNIFTY02JAN2421300CE.NFO,02/01/2024,09:33:19,153.3,154.1,440,154.55,200,800,284880
FINNIFTY02JAN2421300CE.NFO,02/01/2024,09:33:20,154.6,154.05,1120,154.55,200,1000,284880
FINNIFTY02JAN2421300CE.NFO,02/01/2024,09:33:22,153.6,153.7,880,154.15,760,200,284880
FINNIFTY02JAN2421300CE.NFO,02/01/2024,09:33:24,153,152.7,640,153.15,440,40,284880
FINNIFTY02JAN2421300CE.NFO,02/01/2024,09:33:25,150.9,151.7,520,152.1,120,1480,284880
FINNIFTY02JAN2421300CE.NFO,02/01/2024,09:33:27,152.35,152,680,152.4,40,680,284880
FINNIFTY02JAN2421300CE.NFO,02/01/2024,09:33:29,152.3,151.95,560,152.35,120,2120,284880
FINNIFTY02JAN2421300CE.NFO,02/01/2024,09:33:30,152.8,153.2,400,153.7,800,2280,284880
FINNIFTY02JAN2421300CE.NFO,02/01/2024,09:33:32,153.55,153.55,640,154,440,1920,284880
FINNIFTY02JAN2421300CE.NFO,02/01/2024,09:33:34,154.25,154,680,154.45,40,1600,284880
FINNIFTY02JAN2421300CE.NFO,02/01/2024,09:33:35,153.5,153.2,1520,153.75,120,560,284880
FINNIFTY02JAN2421300CE.NFO,02/01/2024,09:33:37,154.8,155.1,920,155.55,240,1600,284880
FINNIFTY02JAN2421300CE.NFO,02/01/2024,09:33:39,154.8,154.2,1400,154.7,240,0,284880
FINNIFTY02JAN2421300CE.NFO,02/01/2024,09:33:40,154.8,154.05,680,154.5,160,0,284880
FINNIFTY02JAN2421300CE.NFO,02/01/2024,09:33:42,154.8,154.85,240,155.25,80,1040,284880
FINNIFTY02JAN2421300CE.NFO,02/01/2024,09:33:44,156,155.85,400,156.35,40,720,284880
FINNIFTY02JAN2421300CE.NFO,02/01/2024,09:33:45,157,156.1,640,156.6,1480,200,284880
FINNIFTY02JAN2421300CE.NFO,02/01/2024,09:33:47,156.45,155.6,640,156,520,200,284880
FINNIFTY02JAN2421300CE.NFO,02/01/2024,09:33:49,156.05,156.1,120,156.55,40,1480,284880
FINNIFTY02JAN2421300CE.NFO,02/01/2024,09:33:50,158.8,158.6,1080,159,320,2080,284880
FINNIFTY02JAN2421300CE.NFO,02/01/2024,09:33:52,159.15,159.15,1400,159.6,200,1080,284880
FINNIFTY02JAN2421300CE.NFO,02/01/2024,09:33:54,160.1,159.85,120,160.35,1080,1520,284880
FINNIFTY02JAN2421300CE.NFO,02/01/2024,09:33:55,159.1,159.6,880,160,400,640,284880
FINNIFTY02JAN2421300CE.NFO,02/01/2024,09:33:57,159.85,159.6,760,160.1,880,680,284880
FINNIFTY02JAN2421300CE.NFO,02/01/2024,09:33:59,159.1,159.5,240,159.95,320,3040,284880
FINNIFTY02JAN2421300CE.NFO,02/01/2024,09:34:01,159.5,159.1,120,159.6,600,2240,284880
FINNIFTY02JAN2421300CE.NFO,02/01/2024,09:34:02,159.5,157.95,120,158.4,360,0,284880
FINNIFTY02JAN2421300CE.NFO,02/01/2024,09:34:04,159.5,157.5,480,157.95,560,0,284880
FINNIFTY02JAN2421300CE.NFO,02/01/2024,09:34:06,157.8,157.55,720,157.95,120,2640,284880
FINNIFTY02JAN2421300CE.NFO,02/01/2024,09:34:07,157.4,156.95,200,157.45,1440,80,284880
FINNIFTY02JAN2421300CE.NFO,02/01/2024,09:34:09,157.05,157.2,320,157.7,1520,800,284880
FINNIFTY02JAN2421300CE.NFO,02/01/2024,09:34:11,157.05,156.05,720,156.6,1000,0,284880
FINNIFTY02JAN2421300CE.NFO,02/01/2024,09:34:12,156.8,156.35,200,156.8,1280,2040,284880
FINNIFTY02JAN2421300CE.NFO,02/01/2024,09:34:14,156.85,156.95,120,157.3,160,1440,284880
FINNIFTY02JAN2421300CE.NFO,02/01/2024,09:34:16,157.25,156.5,560,156.95,560,440,284880
FINNIFTY02JAN2421300CE.NFO,02/01/2024,09:34:17,155.35,155.5,920,156,1000,1200,284880
FINNIFTY02JAN2421300CE.NFO,02/01/2024,09:34:19,155.8,155,2040,155.4,520,80,284880
FINNIFTY02JAN2421300CE.NFO,02/01/2024,09:34:21,155,155.2,600,155.7,1560,480,284880
FINNIFTY02JAN2421300CE.NFO,02/01/2024,09:34:22,155,154.45,1080,155,1000,1600,284880
FINNIFTY02JAN2421300CE.NFO,02/01/2024,09:34:24,154,153.05,200,153.45,1480,400,284880
FINNIFTY02JAN2421300CE.NFO,02/01/2024,09:34:26,152,152,1360,152.25,400,1160,284880
FINNIFTY02JAN2421300CE.NFO,02/01/2024,09:34:27,152.85,153,240,153.4,440,120,284880
FINNIFTY02JAN2421300CE.NFO,02/01/2024,09:34:29,153.3,152.8,680,153.2,160,120,284880
FINNIFTY02JAN2421300CE.NFO,02/01/2024,09:34:30,152.55,152.35,400,152.85,560,960,284880
FINNIFTY02JAN2421300CE.NFO,02/01/2024,09:34:32,153.25,152.8,360,153.3,640,80,284880
FINNIFTY02JAN2421300CE.NFO,02/01/2024,09:34:34,153,153.5,520,153.9,200,120,284880
FINNIFTY02JAN2421300CE.NFO,02/01/2024,09:34:35,153.45,153.4,1720,153.95,640,80,284880
FINNIFTY02JAN2421300CE.NFO,02/01/2024,09:34:37,154,153.75,560,154.15,320,160,284880
FINNIFTY02JAN2421300CE.NFO,02/01/2024,09:34:39,153.1,153,920,153.5,1520,640,284880
FINNIFTY02JAN2421300CE.NFO,02/01/2024,09:34:40,152.6,153.25,160,153.65,760,120,284880
FINNIFTY02JAN2421300CE.NFO,02/01/2024,09:34:42,155,154.9,520,155.35,600,680,284880
FINNIFTY02JAN2421300CE.NFO,02/01/2024,09:34:44,155.4,154.7,80,155.1,360,520,284880
FINNIFTY02JAN2421300CE.NFO,02/01/2024,09:34:45,155.4,154.6,360,155.1,760,0,284880
FINNIFTY02JAN2421300CE.NFO,02/01/2024,09:34:47,154.9,154.65,640,155.15,880,360,284880
FINNIFTY02JAN2421300CE.NFO,02/01/2024,09:34:49,154.55,154.35,560,154.8,680,80,284880
FINNIFTY02JAN2421300CE.NFO,02/01/2024,09:34:50,154.55,154.7,360,155.2,120,0,284880
FINNIFTY02JAN2421300CE.NFO,02/01/2024,09:34:52,154,153.25,1400,153.75,120,80,284880
FINNIFTY02JAN2421300CE.NFO,02/01/2024,09:34:54,154,152.7,1360,153.2,800,0,284880
FINNIFTY02JAN2421300CE.NFO,02/01/2024,09:34:55,153.15,153.6,680,154.05,520,160,284880
FINNIFTY02JAN2421300CE.NFO,02/01/2024,09:34:57,153.55,154,960,154.4,320,40,284880
FINNIFTY02JAN2421300CE.NFO,02/01/2024,09:34:59,156.4,155.75,40,156.1,480,80,284880
FINNIFTY02JAN2421300CE.NFO,02/01/2024,09:35:00,156.1,156.35,240,156.7,600,1440,284880
FINNIFTY02JAN2421300CE.NFO,02/01/2024,09:35:02,156.45,156.25,560,156.6,280,280,284880
FINNIFTY02JAN2421300CE.NFO,02/01/2024,09:35:04,156.65,157.05,400,157.5,120,960,284880
FINNIFTY02JAN2421300CE.NFO,02/01/2024,09:35:05,157,156.65,760,157.1,960,1120,284880
FINNIFTY02JAN2421300CE.NFO,02/01/2024,09:35:07,156.25,156.65,560,157,440,2680,284880
FINNIFTY02JAN2421300CE.NFO,02/01/2024,09:35:09,156.85,156.45,960,156.95,880,1320,284880
FINNIFTY02JAN2421300CE.NFO,02/01/2024,09:35:10,156.3,155.6,80,156,1200,800,284880
FINNIFTY02JAN2421300CE.NFO,02/01/2024,09:35:12,155.7,154.35,320,154.75,560,1160,284880
FINNIFTY02JAN2421300CE.NFO,02/01/2024,09:35:14,155.25,155.25,1080,155.8,120,2120,284880
FINNIFTY02JAN2421300CE.NFO,02/01/2024,09:35:15,155.4,154.9,440,155.4,480,520,284880
FINNIFTY02JAN2421300CE.NFO,02/01/2024,09:35:17,155.45,154.85,1000,155.35,120,400,284880
FINNIFTY02JAN2421300CE.NFO,02/01/2024,09:35:19,156.15,156.15,800,156.65,840,1240,284880
FINNIFTY02JAN2421300CE.NFO,02/01/2024,09:35:20,157.65,157.9,1200,158.4,240,1360,284880
FINNIFTY02JAN2421300CE.NFO,02/01/2024,09:35:22,157.55,156.85,80,157.3,2120,1000,284880
FINNIFTY02JAN2421300CE.NFO,02/01/2024,09:35:24,156.45,156.4,560,156.85,160,360,284880
FINNIFTY02JAN2421300CE.NFO,02/01/2024,09:35:25,156.75,156.85,80,157.25,120,1360,306800
FINNIFTY02JAN2421300CE.NFO,02/01/2024,09:35:27,156.55,156.05,560,156.5,80,40,306800
FINNIFTY02JAN2421300CE.NFO,02/01/2024,09:35:29,156.55,156.35,160,156.8,360,0,306800
FINNIFTY02JAN2421300CE.NFO,02/01/2024,09:35:30,155.7,155.25,440,155.6,40,680,306800
FINNIFTY02JAN2421300CE.NFO,02/01/2024,09:35:32,155.6,155.4,160,155.9,960,40,306800
FINNIFTY02JAN2421300CE.NFO,02/01/2024,09:35:34,156.2,156.1,120,156.5,160,240,306800
FINNIFTY02JAN2421300CE.NFO,02/01/2024,09:35:35,156.2,155.35,160,155.7,720,0,306800
FINNIFTY02JAN2421300CE.NFO,02/01/2024,09:35:37,154.5,154.35,120,154.75,600,1360,306800
FINNIFTY02JAN2421300CE.NFO,02/01/2024,09:35:39,154.4,153.95,640,154.4,400,640,306800
FINNIFTY02JAN2421300CE.NFO,02/01/2024,09:35:40,154.1,153.6,120,154,400,3600,306800
FINNIFTY02JAN2421300CE.NFO,02/01/2024,09:35:42,154.1,153.5,360,154,1360,0,306800
FINNIFTY02JAN2421300CE.NFO,02/01/2024,09:35:44,154.4,153.95,720,154.4,960,640,306800
FINNIFTY02JAN2421300CE.NFO,02/01/2024,09:35:45,152.35,152.05,720,152.5,840,3000,306800
FINNIFTY02JAN2421300CE.NFO,02/01/2024,09:35:47,152,151.35,240,151.8,1600,3160,306800
FINNIFTY02JAN2421300CE.NFO,02/01/2024,09:35:49,151.9,151.7,480,152.15,600,520,306800
FINNIFTY02JAN2421300CE.NFO,02/01/2024,09:35:50,152.15,152.05,280,152.5,1360,160,306800
FINNIFTY02JAN2421300CE.NFO,02/01/2024,09:35:52,152.2,152.2,120,152.7,920,960,306800
FINNIFTY02JAN2421300CE.NFO,02/01/2024,09:35:54,151.85,151.35,40,151.75,280,120,306800
FINNIFTY02JAN2421300CE.NFO,02/01/2024,09:35:55,150.35,150.15,200,150.6,440,6040,306800
FINNIFTY02JAN2421300CE.NFO,02/01/2024,09:35:57,150.6,150.15,1160,150.6,280,440,306800
FINNIFTY02JAN2421300CE.NFO,02/01/2024,09:35:59,151.15,150.35,240,150.85,440,2720,306800
FINNIFTY02JAN2421300CE.NFO,02/01/2024,09:36:00,151.15,150,280,150.35,280,600,306800
FINNIFTY02JAN2421300CE.NFO,02/01/2024,09:36:02,150,149.8,520,150.3,1120,760,306800
FINNIFTY02JAN2421300CE.NFO,02/01/2024,09:36:04,150.25,150.25,1000,150.7,120,240,306800
FINNIFTY02JAN2421300CE.NFO,02/01/2024,09:36:05,150.8,150.85,760,151.4,760,240,306800
FINNIFTY02JAN2421300CE.NFO,02/01/2024,09:36:07,150.55,150.65,920,151.15,40,560,306800
FINNIFTY02JAN2421300CE.NFO,02/01/2024,09:36:09,151.3,151.35,520,151.85,920,440,306800
FINNIFTY02JAN2421300CE.NFO,02/01/2024,09:36:11,151.2,151.4,1640,151.9,120,240,306800
FINNIFTY02JAN2421300CE.NFO,02/01/2024,09:36:12,152.25,151.3,880,151.8,1400,120,306800
FINNIFTY02JAN2421300CE.NFO,02/01/2024,09:36:14,150,149.65,200,150,560,1400,306800
FINNIFTY02JAN2421300CE.NFO,02/01/2024,09:36:16,149.5,149.05,760,149.5,1200,160,306800
FINNIFTY02JAN2421300CE.NFO,02/01/2024,09:36:17,147.15,147.1,240,147.5,760,9040,306800
FINNIFTY02JAN2421300CE.NFO,02/01/2024,09:36:19,147.3,146.75,240,147.25,240,3320,306800
FINNIFTY02JAN2421300CE.NFO,02/01/2024,09:36:21,147.3,147.2,1160,147.7,560,4440,306800
FINNIFTY02JAN2421300CE.NFO,02/01/2024,09:36:22,147.55,147.35,800,147.8,80,520,306800
FINNIFTY02JAN2421300CE.NFO,02/01/2024,09:36:24,147.85,148.7,280,148.95,400,320,306800
FINNIFTY02JAN2421300CE.NFO,02/01/2024,09:36:26,149.9,149.85,320,150.35,800,1160,306800
FINNIFTY02JAN2421300CE.NFO,02/01/2024,09:36:27,149.45,148.95,560,149.45,680,360,306800
FINNIFTY02JAN2421300CE.NFO,02/01/2024,09:36:29,151.2,150.8,1040,151.3,800,480,306800
FINNIFTY02JAN2421300CE.NFO,02/01/2024,09:36:31,151.2,150.95,1040,151.45,280,0,306800
FINNIFTY02JAN2421300CE.NFO,02/01/2024,09:36:32,150.3,150.25,520,150.7,200,1440,306800
FINNIFTY02JAN2421300CE.NFO,02/01/2024,09:36:34,150.5,150.15,160,150.6,1360,440,306800
FINNIFTY02JAN2421300CE.NFO,02/01/2024,09:36:36,150.5,150.25,200,150.75,560,0,306800
FINNIFTY02JAN2421300CE.NFO,02/01/2024,09:36:37,150,149.5,360,150,480,840,306800
FINNIFTY02JAN2421300CE.NFO,02/01/2024,09:36:39,150,150.2,360,150.65,280,160,306800
FINNIFTY02JAN2421300CE.NFO,02/01/2024,09:36:41,151.2,151.35,880,151.8,360,40,306800
FINNIFTY02JAN2421300CE.NFO,02/01/2024,09:36:42,152,150.95,680,151.4,120,1000,306800
FINNIFTY02JAN2421300CE.NFO,02/01/2024,09:36:44,151,151.65,120,152,80,120,306800
FINNIFTY02JAN2421300CE.NFO,02/01/2024,09:36:46,152.2,151.9,1000,152.4,760,40,306800
FINNIFTY02JAN2421300CE.NFO,02/01/2024,09:36:47,151.9,152,1680,152.5,920,280,306800
FINNIFTY02JAN2421300CE.NFO,02/01/2024,09:36:49,151.9,151.3,880,151.8,520,0,306800
FINNIFTY02JAN2421300CE.NFO,02/01/2024,09:36:51,151.55,151.9,440,152.2,120,280,306800
FINNIFTY02JAN2421300CE.NFO,02/01/2024,09:36:52,152.55,152,760,152.55,1360,1320,306800
FINNIFTY02JAN2421300CE.NFO,02/01/2024,09:36:54,152.55,152.8,920,153.35,480,0,306800
FINNIFTY02JAN2421300CE.NFO,02/01/2024,09:36:56,153,152.7,560,153.1,200,2320,306800
FINNIFTY02JAN2421300CE.NFO,02/01/2024,09:36:57,151.95,152.45,520,152.9,120,280,306800
FINNIFTY02JAN2421300CE.NFO,02/01/2024,09:36:59,153.05,152.9,640,153.35,440,440,306800
FINNIFTY02JAN2421300CE.NFO,02/01/2024,09:37:01,154.3,154.35,280,154.75,80,3040,306800
FINNIFTY02JAN2421300CE.NFO,02/01/2024,09:37:02,154.7,154.65,320,155.1,200,2160,306800
FINNIFTY02JAN2421300CE.NFO,02/01/2024,09:37:04,154.25,154.55,640,155,120,640,306800
FINNIFTY02JAN2421300CE.NFO,02/01/2024,09:37:06,154.75,154.85,840,155.3,320,720,306800
FINNIFTY02JAN2421300CE.NFO,02/01/2024,09:37:07,154.6,154.6,160,155.05,280,1640,306800
FINNIFTY02JAN2421300CE.NFO,02/01/2024,09:37:09,154.5,154.35,120,154.75,680,360,306800
FINNIFTY02JAN2421300CE.NFO,02/01/2024,09:37:11,154.45,154.1,800,154.55,200,120,306800
FINNIFTY02JAN2421300CE.NFO,02/01/2024,09:37:12,153.6,153.3,1000,153.8,120,600,306800
FINNIFTY02JAN2421300CE.NFO,02/01/2024,09:37:14,153,153.4,520,153.85,560,200,306800
FINNIFTY02JAN2421300CE.NFO,02/01/2024,09:37:16,153.55,153.1,840,153.6,280,1640,306800
FINNIFTY02JAN2421300CE.NFO,02/01/2024,09:37:17,154.1,153.1,640,153.55,400,440,306800
FINNIFTY02JAN2421300CE.NFO,02/01/2024,09:37:19,154.1,153.45,640,153.95,1000,0,306800
FINNIFTY02JAN2421300CE.NFO,02/01/2024,09:37:21,154,154,680,154.45,240,480,306800
FINNIFTY02JAN2421300CE.NFO,02/01/2024,09:37:22,154.55,154.05,160,154.55,760,880,306800
FINNIFTY02JAN2421300CE.NFO,02/01/2024,09:37:24,154.55,154.4,320,154.85,640,0,306800
FINNIFTY02JAN2421300CE.NFO,02/01/2024,09:37:26,156,155.9,280,156.35,720,2760,306800
FINNIFTY02JAN2421300CE.NFO,02/01/2024,09:37:27,156.45,155.9,640,156.35,40,2240,306800
FINNIFTY02JAN2421300CE.NFO,02/01/2024,09:37:29,156.65,156.45,280,156.95,240,760,306800
FINNIFTY02JAN2421300CE.NFO,02/01/2024,09:37:31,157.95,157.85,1120,158.35,320,440,306800
FINNIFTY02JAN2421300CE.NFO,02/01/2024,09:37:32,158.3,158.05,400,158.6,120,1560,306800
FINNIFTY02JAN2421300CE.NFO,02/01/2024,09:37:34,158.6,158.5,360,159,920,2280,306800
FINNIFTY02JAN2421300CE.NFO,02/01/2024,09:37:36,158.55,158.15,320,158.6,560,1600,306800
FINNIFTY02JAN2421300CE.NFO,02/01/2024,09:37:37,156.75,156.35,280,156.8,1080,1640,306800
FINNIFTY02JAN2421300CE.NFO,02/01/2024,09:37:39,157.2,157.1,840,157.5,120,2160,306800
FINNIFTY02JAN2421300CE.NFO,02/01/2024,09:37:41,158.65,158,280,158.45,280,1080,306800
FINNIFTY02JAN2421300CE.NFO,02/01/2024,09:37:42,158.8,158.7,640,159,880,480,306800
FINNIFTY02JAN2421300CE.NFO,02/01/2024,09:37:44,157.65,157.5,640,158,440,3440,306800
FINNIFTY02JAN2421300CE.NFO,02/01/2024,09:37:46,156.4,156,680,156.45,120,720,306800
FINNIFTY02JAN2421300CE.NFO,02/01/2024,09:37:47,155.95,156,600,156.4,240,2840,306800
FINNIFTY02JAN2421300CE.NFO,02/01/2024,09:37:49,157.1,156.85,840,157.4,960,4440,306800
FINNIFTY02JAN2421300CE.NFO,02/01/2024,09:37:51,157.65,156.8,480,157.3,360,1920,306800
FINNIFTY02JAN2421300CE.NFO,02/01/2024,09:37:52,157.2,156.55,640,157.1,1360,680,306800
FINNIFTY02JAN2421300CE.NFO,02/01/2024,09:37:54,157.8,157.4,320,157.8,520,720,306800
FINNIFTY02JAN2421300CE.NFO,02/01/2024,09:37:56,157.9,157.2,600,157.75,840,1200,306800
FINNIFTY02JAN2421300CE.NFO,02/01/2024,09:37:57,157.9,157.6,320,158.1,1280,840,306800
FINNIFTY02JAN2421300CE.NFO,02/01/2024,09:37:59,157.4,157,1880,157.35,80,520,306800
FINNIFTY02JAN2421300CE.NFO,02/01/2024,09:38:01,157.35,156.95,640,157.45,640,3760,306800
FINNIFTY02JAN2421300CE.NFO,02/01/2024,09:38:02,157.8,157.4,120,157.85,840,920,306800
FINNIFTY02JAN2421300CE.NFO,02/01/2024,09:38:04,157.5,157,1040,157.45,80,760,306800
FINNIFTY02JAN2421300CE.NFO,02/01/2024,09:38:06,156.95,156.65,200,156.95,200,2880,306800
FINNIFTY02JAN2421300CE.NFO,02/01/2024,09:38:07,156.4,156.4,640,156.85,80,680,306800
FINNIFTY02JAN2421300CE.NFO,02/01/2024,09:38:09,156.75,156.35,240,156.8,640,920,306800
FINNIFTY02JAN2421300CE.NFO,02/01/2024,09:38:11,156.1,155.7,280,156.1,360,1240,306800
FINNIFTY02JAN2421300CE.NFO,02/01/2024,09:38:12,156.1,155.65,1000,156.1,600,1120,306800
FINNIFTY02JAN2421300CE.NFO,02/01/2024,09:38:14,156.95,156.55,640,157.05,600,880,306800
FINNIFTY02JAN2421300CE.NFO,02/01/2024,09:38:16,157.65,157.25,840,157.7,80,1040,306800
FINNIFTY02JAN2421300CE.NFO,02/01/2024,09:38:17,157.8,156.85,400,157.3,920,160,306800
FINNIFTY02JAN2421300CE.NFO,02/01/2024,09:38:19,157.85,156.9,880,157.4,360,2720,306800
FINNIFTY02JAN2421300CE.NFO,02/01/2024,09:38:21,158.6,158.35,320,158.85,40,2360,306800
FINNIFTY02JAN2421300CE.NFO,02/01/2024,09:38:22,159.35,158.95,280,159.35,400,1360,306800
FINNIFTY02JAN2421300CE.NFO,02/01/2024,09:38:24,159.2,158.6,1360,159.15,800,1080,306800
FINNIFTY02JAN2421300CE.NFO,02/01/2024,09:38:26,158.2,158.45,1080,158.9,560,2080,324760
FINNIFTY02JAN2421300CE.NFO,02/01/2024,09:38:27,160.55,160.5,280,160.9,400,10400,324760
FINNIFTY02JAN2421300CE.NFO,02/01/2024,09:38:29,159.95,159.3,840,159.8,240,4040,324760
FINNIFTY02JAN2421300CE.NFO,02/01/2024,09:38:31,160.1,160.05,40,160.4,160,1520,324760
FINNIFTY02JAN2421300CE.NFO,02/01/2024,09:38:32,160,159.9,560,160.3,200,1000,324760
FINNIFTY02JAN2421300CE.NFO,02/01/2024,09:38:34,159.05,158.6,120,158.95,40,880,324760
FINNIFTY02JAN2421300CE.NFO,02/01/2024,09:38:36,158.4,158,360,158.45,560,1480,324760
FINNIFTY02JAN2421300CE.NFO,02/01/2024,09:38:37,160,160.4,960,161.05,400,360,324760
FINNIFTY02JAN2421300CE.NFO,02/01/2024,09:38:39,160.2,160.6,320,161,120,120,324760
FINNIFTY02JAN2421300CE.NFO,02/01/2024,09:38:41,160.95,160.8,400,161.2,120,1000,324760
FINNIFTY02JAN2421300CE.NFO,02/01/2024,09:38:42,159.9,159.6,200,160,400,1480,324760
FINNIFTY02JAN2421300CE.NFO,02/01/2024,09:38:44,160.4,160.25,680,160.8,920,640,324760
FINNIFTY02JAN2421300CE.NFO,02/01/2024,09:38:46,159.9,159.45,360,159.9,1080,1160,324760
FINNIFTY02JAN2421300CE.NFO,02/01/2024,09:38:47,159.25,158.8,560,159.25,480,1200,324760
FINNIFTY02JAN2421300CE.NFO,02/01/2024,09:38:49,159.45,159.05,280,159.45,560,120,324760
FINNIFTY02JAN2421300CE.NFO,02/01/2024,09:38:51,158.7,158.45,1400,159,1080,200,324760
FINNIFTY02JAN2421300CE.NFO,02/01/2024,09:38:52,159.35,159.1,520,159.6,600,480,324760
FINNIFTY02JAN2421300CE.NFO,02/01/2024,09:38:54,160.7,160,160,160.4,40,1680,324760
FINNIFTY02JAN2421300CE.NFO,02/01/2024,09:38:56,161.8,161.45,240,161.9,1160,720,324760
FINNIFTY02JAN2421300CE.NFO,02/01/2024,09:38:57,165,164.8,480,165.3,120,11440,324760
FINNIFTY02JAN2421300CE.NFO,02/01/2024,09:38:59,165.7,164.2,280,164.7,480,1720,324760
FINNIFTY02JAN2421300CE.NFO,02/01/2024,09:39:01,164.9,164.5,400,165.05,240,880,324760
FINNIFTY02JAN2421300CE.NFO,02/01/2024,09:39:02,168.35,168.05,80,168.55,40,20520,324760
FINNIFTY02JAN2421300CE.NFO,02/01/2024,09:39:04,167.4,167.2,320,167.85,720,8880,324760
FINNIFTY02JAN2421300CE.NFO,02/01/2024,09:39:06,168.35,167.4,360,167.9,1000,2600,324760
FINNIFTY02JAN2421300CE.NFO,02/01/2024,09:39:07,167.1,167.25,640,167.8,360,3040,324760
FINNIFTY02JAN2421300CE.NFO,02/01/2024,09:39:09,166.55,166.15,360,166.7,360,4080,324760
FINNIFTY02JAN2421300CE.NFO,02/01/2024,09:39:11,165.35,165.35,160,165.9,680,2880,324760
FINNIFTY02JAN2421300CE.NFO,02/01/2024,09:39:12,166.2,165.65,1800,166.2,1120,2320,324760
FINNIFTY02JAN2421300CE.NFO,02/01/2024,09:39:14,166.05,165.9,520,166.35,280,40,324760
FINNIFTY02JAN2421300CE.NFO,02/01/2024,09:39:16,166.15,165.65,280,166.15,520,440,324760
FINNIFTY02JAN2421300CE.NFO,02/01/2024,09:39:17,164.4,163.3,280,163.8,1280,2160,324760
FINNIFTY02JAN2421300CE.NFO,02/01/2024,09:39:19,163.55,164.35,840,164.9,680,280,324760
FINNIFTY02JAN2421300CE.NFO,02/01/2024,09:39:21,165.05,165.2,1400,165.7,640,240,324760
FINNIFTY02JAN2421300CE.NFO,02/01/2024,09:39:22,165.75,165.2,880,165.7,280,200,324760
FINNIFTY02JAN2421300CE.NFO,02/01/2024,09:39:24,165.35,165,160,165.35,280,1400,324760
FINNIFTY02JAN2421300CE.NFO,02/01/2024,09:39:26,165.5,165.65,560,166.15,600,2760,324760
FINNIFTY02JAN2421300CE.NFO,02/01/2024,09:39:27,166.95,167,520,167.5,560,2680,324760
FINNIFTY02JAN2421300CE.NFO,02/01/2024,09:39:29,166.05,166.15,840,166.65,360,440,324760
FINNIFTY02JAN2421300CE.NFO,02/01/2024,09:39:31,166.25,165.7,1280,166.25,280,2320,324760
FINNIFTY02JAN2421300CE.NFO,02/01/2024,09:39:32,165.5,165.3,840,165.8,280,2680,324760
FINNIFTY02JAN2421300CE.NFO,02/01/2024,09:39:34,165.65,165.2,960,165.7,560,840,324760
FINNIFTY02JAN2421300CE.NFO,02/01/2024,09:39:36,164.65,164.3,80,164.75,480,3800,324760
FINNIFTY02JAN2421300CE.NFO,02/01/2024,09:39:37,164.6,164.25,960,164.8,880,40,324760
FINNIFTY02JAN2421300CE.NFO,02/01/2024,09:39:39,164.75,164.75,680,165.25,320,1400,324760
FINNIFTY02JAN2421300CE.NFO,02/01/2024,09:39:41,165,165.15,760,165.35,40,440,324760
FINNIFTY02JAN2421300CE.NFO,02/01/2024,09:39:42,166.4,165.85,280,166.4,640,1360,324760
FINNIFTY02JAN2421300CE.NFO,02/01/2024,09:39:44,168.55,168.35,760,169.05,160,3720,324760
FINNIFTY02JAN2421300CE.NFO,02/01/2024,09:39:46,171.05,170.9,280,171.4,200,3360,324760
FINNIFTY02JAN2421300CE.NFO,02/01/2024,09:39:47,168.1,167.9,640,168.45,640,3960,324760
FINNIFTY02JAN2421300CE.NFO,02/01/2024,09:39:49,170.1,169.5,280,169.95,400,3880,324760
FINNIFTY02JAN2421300CE.NFO,02/01/2024,09:39:51,170.55,170.5,520,170.95,40,800,324760
FINNIFTY02JAN2421300CE.NFO,02/01/2024,09:39:52,169.4,168.85,160,169.2,200,520,324760
FINNIFTY02JAN2421300CE.NFO,02/01/2024,09:39:54,169.35,169,680,169.55,80,840,324760
FINNIFTY02JAN2421300CE.NFO,02/01/2024,09:39:56,168,168,480,168.55,440,2200,324760
FINNIFTY02JAN2421300CE.NFO,02/01/2024,09:39:57,168.5,167.85,640,168.35,360,760,324760
FINNIFTY02JAN2421300CE.NFO,02/01/2024,09:39:59,167.65,167.65,280,168.25,920,1240,324760
FINNIFTY02JAN2421300CE.NFO,02/01/2024,09:40:01,166.65,166.1,1040,166.6,440,3240,324760
FINNIFTY02JAN2421300CE.NFO,02/01/2024,09:40:02,169.4,169.2,640,169.65,280,1120,324760
FINNIFTY02JAN2421300CE.NFO,02/01/2024,09:40:04,169.15,169.2,560,169.7,440,3440,324760
FINNIFTY02JAN2421300CE.NFO,02/01/2024,09:40:06,167.35,167.3,480,167.75,640,1560,324760
FINNIFTY02JAN2421300CE.NFO,02/01/2024,09:40:07,167.7,166.8,120,167.25,280,360,324760
FINNIFTY02JAN2421300CE.NFO,02/01/2024,09:40:09,167.8,167.15,240,167.65,640,1080,324760
FINNIFTY02JAN2421300CE.NFO,02/01/2024,09:40:11,167,166.4,40,166.85,40,640,324760
FINNIFTY02JAN2421300CE.NFO,02/01/2024,09:40:12,166.7,166.05,120,166.45,40,560,324760
FINNIFTY02JAN2421300CE.NFO,02/01/2024,09:40:14,166.35,166.35,560,166.8,320,560,324760
FINNIFTY02JAN2421300CE.NFO,02/01/2024,09:40:16,166.6,166.6,520,167.1,880,520,324760
FINNIFTY02JAN2421300CE.NFO,02/01/2024,09:40:17,166.6,168,1040,168.5,80,0,324760
FINNIFTY02JAN2421300CE.NFO,02/01/2024,09:40:19,169.8,169.05,320,169.55,120,2280,324760
FINNIFTY02JAN2421300CE.NFO,02/01/2024,09:40:21,169.65,169.55,120,170.05,160,2920,324760
FINNIFTY02JAN2421300CE.NFO,02/01/2024,09:40:22,168.55,168.1,280,168.6,560,760,324760
FINNIFTY02JAN2421300CE.NFO,02/01/2024,09:40:24,168.65,168.05,600,168.6,920,240,324760
FINNIFTY02JAN2421300CE.NFO,02/01/2024,09:40:26,167.55,167.1,120,167.55,640,3640,324760
FINNIFTY02JAN2421300CE.NFO,02/01/2024,09:40:27,166.3,165.8,560,166.25,80,2760,324760
FINNIFTY02JAN2421300CE.NFO,02/01/2024,09:40:29,166.2,165.4,240,165.95,240,520,324760
FINNIFTY02JAN2421300CE.NFO,02/01/2024,09:40:31,165.25,165.25,480,165.75,600,840,324760
FINNIFTY02JAN2421300CE.NFO,02/01/2024,09:40:32,165.1,164.7,1040,165.15,40,2760,324760
FINNIFTY02JAN2421300CE.NFO,02/01/2024,09:40:34,165.4,165,400,165.35,640,1040,324760
FINNIFTY02JAN2421300CE.NFO,02/01/2024,09:40:36,165.4,166.1,440,166.5,40,1240,324760
FINNIFTY02JAN2421300CE.NFO,02/01/2024,09:40:37,165.6,165.75,520,166.25,640,240,324760
FINNIFTY02JAN2421300CE.NFO,02/01/2024,09:40:39,165.95,165.5,440,165.95,520,400,324760
FINNIFTY02JAN2421300CE.NFO,02/01/2024,09:40:41,166.15,166.5,200,166.95,320,1280,324760
FINNIFTY02JAN2421300CE.NFO,02/01/2024,09:40:42,164.45,164.3,640,164.8,1080,1440,324760
FINNIFTY02JAN2421300CE.NFO,02/01/2024,09:40:44,164.2,163.6,120,163.9,560,2360,324760
FINNIFTY02JAN2421300CE.NFO,02/01/2024,09:40:46,162.85,162.1,80,162.5,120,4720,324760
FINNIFTY02JAN2421300CE.NFO,02/01/2024,09:40:48,162.2,162.05,40,162.5,920,1480,324760
FINNIFTY02JAN2421300CE.NFO,02/01/2024,09:40:49,163,162.75,120,163.15,680,240,324760
FINNIFTY02JAN2421300CE.NFO,02/01/2024,09:40:51,163.5,163.2,920,163.65,120,1480,324760
FINNIFTY02JAN2421300CE.NFO,02/01/2024,09:40:53,164,163.65,120,164.15,120,360,324760
FINNIFTY02JAN2421300CE.NFO,02/01/2024,09:40:54,165.15,165.5,120,165.95,600,920,324760
FINNIFTY02JAN2421300CE.NFO,02/01/2024,09:40:56,164.6,164.15,120,164.6,880,1000,324760
FINNIFTY02JAN2421300CE.NFO,02/01/2024,09:40:58,164.7,163.8,800,164.3,1280,120,324760
FINNIFTY02JAN2421300CE.NFO,02/01/2024,09:40:59,166.15,165.55,760,166.1,120,600,324760
FINNIFTY02JAN2421300CE.NFO,02/01/2024,09:41:01,164,164,80,164.2,40,600,324760
FINNIFTY02JAN2421300CE.NFO,02/01/2024,09:41:03,164.2,163.8,600,164.1,80,1680,324760
FINNIFTY02JAN2421300CE.NFO,02/01/2024,09:41:04,164.35,163.9,640,164.35,960,1640,324760
FINNIFTY02JAN2421300CE.NFO,02/01/2024,09:41:06,165.15,164.5,480,164.9,520,560,324760
FINNIFTY02JAN2421300CE.NFO,02/01/2024,09:41:08,164.9,164.75,120,165.15,80,400,324760
FINNIFTY02JAN2421300CE.NFO,02/01/2024,09:41:09,164.1,163.85,120,164.25,160,640,324760
FINNIFTY02JAN2421300CE.NFO,02/01/2024,09:41:11,164.1,163.5,40,164.05,840,2120,324760
FINNIFTY02JAN2421300CE.NFO,02/01/2024,09:41:13,163.55,163.1,1200,163.55,880,600,324760
FINNIFTY02JAN2421300CE.NFO,02/01/2024,09:41:14,163.4,163.45,40,163.85,80,1160,324760
FINNIFTY02JAN2421300CE.NFO,02/01/2024,09:41:16,164.1,163.7,600,164.1,600,200,324760
FINNIFTY02JAN2421300CE.NFO,02/01/2024,09:41:18,163.9,163.4,120,163.85,640,160,324760
FINNIFTY02JAN2421300CE.NFO,02/01/2024,09:41:19,163.15,162.75,840,163.2,560,800,324760
FINNIFTY02JAN2421300CE.NFO,02/01/2024,09:41:21,163.8,163.9,120,164.35,40,560,324760
FINNIFTY02JAN2421300CE.NFO,02/01/2024,09:41:23,165.1,164.75,120,165.2,1000,400,324760
FINNIFTY02JAN2421300CE.NFO,02/01/2024,09:41:24,165.3,165,320,165.4,1000,640,324760
FINNIFTY02JAN2421300CE.NFO,02/01/2024,09:41:26,164.8,164.3,360,164.8,880,600,327400
FINNIFTY02JAN2421300CE.NFO,02/01/2024,09:41:28,165,164.5,600,164.95,640,40,327400
FINNIFTY02JAN2421300CE.NFO,02/01/2024,09:41:29,164.9,164,120,164.5,1360,1640,327400
FINNIFTY02JAN2421300CE.NFO,02/01/2024,09:41:31,163.85,163.35,280,163.85,760,40,327400
FINNIFTY02JAN2421300CE.NFO,02/01/2024,09:41:33,163.85,164.25,120,164.7,680,0,327400
FINNIFTY02JAN2421300CE.NFO,02/01/2024,09:41:34,164.7,164.55,160,165,560,760,327400
FINNIFTY02JAN2421300CE.NFO,02/01/2024,09:41:36,164.4,164.45,1600,164.95,40,160,327400
FINNIFTY02JAN2421300CE.NFO,02/01/2024,09:41:38,163.4,163.25,640,163.7,40,760,327400
FINNIFTY02JAN2421300CE.NFO,02/01/2024,09:41:39,163.65,163.2,120,163.65,560,240,327400
FINNIFTY02JAN2421300CE.NFO,02/01/2024,09:41:41,164.9,164.55,1480,165.1,240,80,327400
FINNIFTY02JAN2421300CE.NFO,02/01/2024,09:41:43,164.55,164.6,120,164.95,120,2320,327400
FINNIFTY02JAN2421300CE.NFO,02/01/2024,09:41:44,165.15,164.65,240,165.1,440,440,327400
FINNIFTY02JAN2421300CE.NFO,02/01/2024,09:41:46,164.7,164.95,120,165.35,120,120,327400
FINNIFTY02JAN2421300CE.NFO,02/01/2024,09:41:48,164.45,164.4,1160,164.95,640,960,327400
FINNIFTY02JAN2421300CE.NFO,02/01/2024,09:41:49,164.55,164.35,120,164.9,720,40,327400
FINNIFTY02JAN2421300CE.NFO,02/01/2024,09:41:51,164,163.45,680,164,360,360,327400
FINNIFTY02JAN2421300CE.NFO,02/01/2024,09:41:53,164.1,163.2,120,163.65,40,120,327400
FINNIFTY02JAN2421300CE.NFO,02/01/2024,09:41:54,163.4,163.85,320,164.4,680,160,327400
FINNIFTY02JAN2421300CE.NFO,02/01/2024,09:41:56,164,163.7,1200,164.25,840,40,327400
FINNIFTY02JAN2421300CE.NFO,02/01/2024,09:41:58,164.4,163.85,360,164.35,120,1360,327400
FINNIFTY02JAN2421300CE.NFO,02/01/2024,09:41:59,163.85,163.7,600,164.15,120,1600,327400
FINNIFTY02JAN2421300CE.NFO,02/01/2024,09:42:01,160.6,160.4,160,160.9,80,21680,327400
FINNIFTY02JAN2421300CE.NFO,02/01/2024,09:42:03,160.2,159.9,560,160.4,120,280,327400
FINNIFTY02JAN2421300CE.NFO,02/01/2024,09:42:04,160.15,160.55,480,161.05,120,3200,327400
FINNIFTY02JAN2421300CE.NFO,02/01/2024,09:42:06,158.95,158.6,760,159.2,880,2920,327400
FINNIFTY02JAN2421300CE.NFO,02/01/2024,09:42:08,158.15,158.15,1120,158.7,880,2720,327400
FINNIFTY02JAN2421300CE.NFO,02/01/2024,09:42:09,159.85,159.3,1360,159.85,80,2080,327400
FINNIFTY02JAN2421300CE.NFO,02/01/2024,09:42:11,160.2,159.75,560,160.2,80,1000,327400
FINNIFTY02JAN2421300CE.NFO,02/01/2024,09:42:13,159.95,159.4,560,160,2840,3800,327400
FINNIFTY02JAN2421300CE.NFO,02/01/2024,09:42:14,160,159.8,80,160.25,1040,1960,327400
FINNIFTY02JAN2421300CE.NFO,02/01/2024,09:42:16,159,159.25,280,159.75,120,560,327400
FINNIFTY02JAN2421300CE.NFO,02/01/2024,09:42:18,160.3,160,120,160.15,400,1960,327400
FINNIFTY02JAN2421300CE.NFO,02/01/2024,09:42:19,162.15,161.6,760,162.15,400,2800,327400
FINNIFTY02JAN2421300CE.NFO,02/01/2024,09:42:21,160.45,160.2,280,160.65,840,480,327400
FINNIFTY02JAN2421300CE.NFO,02/01/2024,09:42:23,160.3,160,200,160.4,40,40,327400
FINNIFTY02JAN2421300CE.NFO,02/01/2024,09:42:24,159.6,159.9,1480,160.4,120,1840,327400
FINNIFTY02JAN2421300CE.NFO,02/01/2024,09:42:26,159.45,159.45,40,159.95,1440,760,327400
FINNIFTY02JAN2421300CE.NFO,02/01/2024,09:42:28,159.7,159.15,120,159.65,760,440,327400
FINNIFTY02JAN2421300CE.NFO,02/01/2024,09:42:29,160,159.85,120,160,1160,760,327400
FINNIFTY02JAN2421300CE.NFO,02/01/2024,09:42:31,161.75,161.1,160,161.6,1600,1240,327400
FINNIFTY02JAN2421300CE.NFO,02/01/2024,09:42:33,160.9,160.75,40,161.25,840,160,327400
FINNIFTY02JAN2421300CE.NFO,02/01/2024,09:42:34,160.1,160.1,280,160.55,520,680,327400
FINNIFTY02JAN2421300CE.NFO,02/01/2024,09:42:36,161.2,160.5,120,161.1,2240,160,327400
FINNIFTY02JAN2421300CE.NFO,02/01/2024,09:42:38,160.45,160.45,280,160.9,40,1880,327400
FINNIFTY02JAN2421300CE.NFO,02/01/2024,09:42:39,161.9,161.95,40,162.4,1040,160,327400
FINNIFTY02JAN2421300CE.NFO,02/01/2024,09:42:41,161.6,161.05,40,161.5,360,560,327400
FINNIFTY02JAN2421300CE.NFO,02/01/2024,09:42:43,162.35,161.5,120,161.9,120,40,327400
FINNIFTY02JAN2421300CE.NFO,02/01/2024,09:42:44,162.2,162.15,40,162.55,640,680,327400
FINNIFTY02JAN2421300CE.NFO,02/01/2024,09:42:46,162.3,161.6,360,162.05,120,240,327400
FINNIFTY02JAN2421300CE.NFO,02/01/2024,09:42:48,161.75,161.9,1840,162.35,40,240,327400
FINNIFTY02JAN2421300CE.NFO,02/01/2024,09:42:49,162.05,161.9,560,162.3,400,40,327400
FINNIFTY02JAN2421300CE.NFO,02/01/2024,09:42:51,163,162.55,40,162.9,200,200,327400
FINNIFTY02JAN2421300CE.NFO,02/01/2024,09:42:53,163.85,163.95,240,164.4,80,2000,327400
FINNIFTY02JAN2421300CE.NFO,02/01/2024,09:42:54,164,163.65,120,164.2,1280,360,327400
FINNIFTY02JAN2421300CE.NFO,02/01/2024,09:42:56,164.85,164.45,920,164.95,160,1680,327400
FINNIFTY02JAN2421300CE.NFO,02/01/2024,09:42:58,164.85,164.55,680,164.95,160,0,327400
FINNIFTY02JAN2421300CE.NFO,02/01/2024,09:42:59,165,164.7,280,165.15,160,400,327400
FINNIFTY02JAN2421300CE.NFO,02/01/2024,09:43:01,163.95,162.45,200,163,1280,160,327400
FINNIFTY02JAN2421300CE.NFO,02/01/2024,09:43:03,163.8,163.55,40,164,720,240,327400
FINNIFTY02JAN2421300CE.NFO,02/01/2024,09:43:04,165.5,164.75,120,165.25,920,2200,327400
FINNIFTY02JAN2421300CE.NFO,02/01/2024,09:43:06,164.5,164,680,164.45,920,120,327400
FINNIFTY02JAN2421300CE.NFO,02/01/2024,09:43:08,164.35,163.7,200,164.15,1440,80,327400
FINNIFTY02JAN2421300CE.NFO,02/01/2024,09:43:09,163.05,163.05,40,163.5,1040,480,327400
FINNIFTY02JAN2421300CE.NFO,02/01/2024,09:43:11,162.95,162.7,360,163.2,1360,1400,327400
FINNIFTY02JAN2421300CE.NFO,02/01/2024,09:43:13,161.3,160.55,640,160.95,1080,2000,327400
FINNIFTY02JAN2421300CE.NFO,02/01/2024,09:43:14,161,160.65,680,161.15,400,560,327400
FINNIFTY02JAN2421300CE.NFO,02/01/2024,09:43:16,161.25,160.9,120,161.35,640,40,327400
FINNIFTY02JAN2421300CE.NFO,02/01/2024,09:43:18,161.05,160.55,40,161,40,2000,327400
FINNIFTY02JAN2421300CE.NFO,02/01/2024,09:43:19,160,159.95,40,160.35,40,4200,327400
FINNIFTY02JAN2421300CE.NFO,02/01/2024,09:43:21,160.2,159.8,440,160.25,640,840,327400
FINNIFTY02JAN2421300CE.NFO,02/01/2024,09:43:23,159.95,159.65,360,160.05,120,880,327400
FINNIFTY02JAN2421300CE.NFO,02/01/2024,09:43:24,159.8,159.3,1000,159.8,1120,6240,327400
FINNIFTY02JAN2421300CE.NFO,02/01/2024,09:43:26,158.4,157.95,600,158.35,800,640,327400
FINNIFTY02JAN2421300CE.NFO,02/01/2024,09:43:28,158.6,158,1080,158.45,80,920,327400
FINNIFTY02JAN2421300CE.NFO,02/01/2024,09:43:29,158.6,158.85,1560,159.35,40,760,327400
FINNIFTY02JAN2421300CE.NFO,02/01/2024,09:43:31,159.35,158.55,1040,159.1,1040,40,327400
FINNIFTY02JAN2421300CE.NFO,02/01/2024,09:43:33,158.4,158.35,80,158.75,120,400,327400
FINNIFTY02JAN2421300CE.NFO,02/01/2024,09:43:34,157.6,156.75,120,157.2,1400,6080,327400
FINNIFTY02JAN2421300CE.NFO,02/01/2024,09:43:36,157,156.85,680,157.4,1840,1160,327400
FINNIFTY02JAN2421300CE.NFO,02/01/2024,09:43:38,155.65,155.45,120,155.9,440,1720,327400
FINNIFTY02JAN2421300CE.NFO,02/01/2024,09:43:39,154.95,155.2,640,155.6,640,6840,327400
FINNIFTY02JAN2421300CE.NFO,02/01/2024,09:43:41,156.3,155.75,240,156.2,280,3320,327400
FINNIFTY02JAN2421300CE.NFO,02/01/2024,09:43:43,156,155.55,1080,156,480,400,327400
FINNIFTY02JAN2421300CE.NFO,02/01/2024,09:43:44,154.5,154.5,240,154.85,400,2000,327400
FINNIFTY02JAN2421300CE.NFO,02/01/2024,09:43:46,155.1,155.5,1040,155.85,160,640,327400
FINNIFTY02JAN2421300CE.NFO,02/01/2024,09:43:48,157.7,157.55,240,158,40,4480,327400
FINNIFTY02JAN2421300CE.NFO,02/01/2024,09:43:49,157.7,157.2,600,157.65,640,1320,327400
FINNIFTY02JAN2421300CE.NFO,02/01/2024,09:43:51,156.9,156.65,80,157.2,600,520,327400
FINNIFTY02JAN2421300CE.NFO,02/01/2024,09:43:53,157.1,156.05,360,156.6,920,280,327400
FINNIFTY02JAN2421300CE.NFO,02/01/2024,09:43:54,155.5,155.5,120,156,1800,520,327400
FINNIFTY02JAN2421300CE.NFO,02/01/2024,09:43:56,155.4,154.85,1480,155.4,40,1000,327400
FINNIFTY02JAN2421300CE.NFO,02/01/2024,09:43:58,157.05,156.15,280,156.7,1480,1360,327400
FINNIFTY02JAN2421300CE.NFO,02/01/2024,09:43:59,158,157.85,40,158.25,320,2000,327400
FINNIFTY02JAN2421300CE.NFO,02/01/2024,09:44:01,156.3,156.4,280,156.95,1600,1320,327400
FINNIFTY02JAN2421300CE.NFO,02/01/2024,09:44:03,154.9,154.6,120,155.05,1400,8080,327400
FINNIFTY02JAN2421300CE.NFO,02/01/2024,09:44:04,152.9,152.7,1000,153.15,40,9600,327400
FINNIFTY02JAN2421300CE.NFO,02/01/2024,09:44:06,153.65,153.15,120,153.6,1800,5720,327400
FINNIFTY02JAN2421300CE.NFO,02/01/2024,09:44:08,153.9,153,280,153.45,760,560,327400
FINNIFTY02JAN2421300CE.NFO,02/01/2024,09:44:09,152.2,152.1,600,152.6,1160,1840,327400
FINNIFTY02JAN2421300CE.NFO,02/01/2024,09:44:11,152.5,152.65,840,153.15,120,1480,327400
FINNIFTY02JAN2421300CE.NFO,02/01/2024,09:44:13,153.6,153.55,560,153.9,160,560,327400
FINNIFTY02JAN2421300CE.NFO,02/01/2024,09:44:14,153.9,153.65,40,154.1,760,2360,327400
FINNIFTY02JAN2421300CE.NFO,02/01/2024,09:44:16,153.5,153.05,40,153.45,680,80,327400
FINNIFTY02JAN2421300CE.NFO,02/01/2024,09:44:18,152.05,152,520,152.4,160,2040,327400
FINNIFTY02JAN2421300CE.NFO,02/01/2024,09:44:19,151.5,151.2,40,151.5,440,8080,327400
FINNIFTY02JAN2421300CE.NFO,02/01/2024,09:44:21,153.35,152.8,1560,153.35,800,1280,327400
FINNIFTY02JAN2421300CE.NFO,02/01/2024,09:44:23,152.9,152.9,40,153.35,640,760,327400
FINNIFTY02JAN2421300CE.NFO,02/01/2024,09:44:24,152.5,152.7,920,153.2,640,3720,327400
FINNIFTY02JAN2421300CE.NFO,02/01/2024,09:44:26,152.95,152.5,40,152.9,40,3200,347640
FINNIFTY02JAN2421300CE.NFO,02/01/2024,09:44:28,153.7,153.45,80,153.9,80,280,347640
FINNIFTY02JAN2421300CE.NFO,02/01/2024,09:44:29,153,152.8,400,153.25,240,1080,347640
FINNIFTY02JAN2421300CE.NFO,02/01/2024,09:44:31,153.8,153.5,40,153.9,640,40,347640
FINNIFTY02JAN2421300CE.NFO,02/01/2024,09:44:33,153.95,153.15,120,153.6,1560,1880,347640
FINNIFTY02JAN2421300CE.NFO,02/01/2024,09:44:34,152.9,152.2,440,152.65,440,400,347640
FINNIFTY02JAN2421300CE.NFO,02/01/2024,09:44:36,152.2,151.4,1160,151.85,120,120,347640
FINNIFTY02JAN2421300CE.NFO,02/01/2024,09:44:38,152.9,152.35,120,152.8,840,480,347640
FINNIFTY02JAN2421300CE.NFO,02/01/2024,09:44:39,152.55,152.45,440,152.9,120,1800,347640
FINNIFTY02JAN2421300CE.NFO,02/01/2024,09:44:41,154,153.9,160,154.35,560,600,347640
FINNIFTY02JAN2421300CE.NFO,02/01/2024,09:44:43,153.9,153.5,400,154,2080,200,347640
FINNIFTY02JAN2421300CE.NFO,02/01/2024,09:44:44,154.5,154,520,154.4,280,520,347640
FINNIFTY02JAN2421300CE.NFO,02/01/2024,09:44:46,153.65,153.15,120,153.65,800,2320,347640
FINNIFTY02JAN2421300CE.NFO,02/01/2024,09:44:48,153.45,153,320,153.45,680,80,347640
FINNIFTY02JAN2421300CE.NFO,02/01/2024,09:44:49,153,152.8,320,153.25,120,1760,347640
FINNIFTY02JAN2421300CE.NFO,02/01/2024,09:44:51,152.85,152.55,1920,153.1,360,2320,347640
FINNIFTY02JAN2421300CE.NFO,02/01/2024,09:44:53,153.7,153,120,153.35,720,200,347640
FINNIFTY02JAN2421300CE.NFO,02/01/2024,09:44:54,153.4,153.4,560,153.8,200,440,347640
FINNIFTY02JAN2421300CE.NFO,02/01/2024,09:44:56,152.55,152.5,920,152.9,120,400,347640
FINNIFTY02JAN2421300CE.NFO,02/01/2024,09:44:58,152.4,152.2,560,152.65,40,160,347640
FINNIFTY02JAN2421300CE.NFO,02/01/2024,09:44:59,152.45,152,200,152.35,960,480,347640
FINNIFTY02JAN2421300CE.NFO,02/01/2024,09:45:01,151.25,151,40,151.25,160,9640,347640
FINNIFTY02JAN2421300CE.NFO,02/01/2024,09:45:03,151.8,151.25,160,151.7,120,6800,347640
FINNIFTY02JAN2421300CE.NFO,02/01/2024,09:45:04,152.7,152.6,40,152.85,40,4560,347640
FINNIFTY02JAN2421300CE.NFO,02/01/2024,09:45:06,151.6,151.55,40,151.85,40,13920,347640
FINNIFTY02JAN2421300CE.NFO,02/01/2024,09:45:08,151.45,151.25,960,151.55,80,3000,347640
FINNIFTY02JAN2421300CE.NFO,02/01/2024,09:45:09,151.35,151.35,200,151.7,160,4680,347640
FINNIFTY02JAN2421300CE.NFO,02/01/2024,09:45:11,152,152.05,640,152.35,80,3400,347640
FINNIFTY02JAN2421300CE.NFO,02/01/2024,09:45:13,153.05,152.6,160,152.85,40,1480,347640
FINNIFTY02JAN2421300CE.NFO,02/01/2024,09:45:14,152.15,152,1200,152.5,600,320,347640
FINNIFTY02JAN2421300CE.NFO,02/01/2024,09:45:16,152.5,152.15,40,152.45,120,1800,347640
FINNIFTY02JAN2421300CE.NFO,02/01/2024,09:45:18,152.1,151.7,600,152.1,560,600,347640
FINNIFTY02JAN2421300CE.NFO,02/01/2024,09:45:19,151.05,151.05,120,151.4,280,1080,347640
FINNIFTY02JAN2421300CE.NFO,02/01/2024,09:45:21,151.15,150.85,120,151.3,400,600,347640
FINNIFTY02JAN2421300CE.NFO,02/01/2024,09:45:23,150.8,150.15,520,150.6,1000,960,347640
FINNIFTY02JAN2421300CE.NFO,02/01/2024,09:45:24,150,149.65,120,150,120,10200,347640
FINNIFTY02JAN2421300CE.NFO,02/01/2024,09:45:26,147.2,147.6,360,148.2,360,10640,347640
FINNIFTY02JAN2421300CE.NFO,02/01/2024,09:45:28,147.6,147.6,480,148.15,680,2640,347640
FINNIFTY02JAN2421300CE.NFO,02/01/2024,09:45:29,148.65,148.4,360,148.9,840,3800,347640
FINNIFTY02JAN2421300CE.NFO,02/01/2024,09:45:31,148.5,148.3,1160,148.8,600,2360,347640
FINNIFTY02JAN2421300CE.NFO,02/01/2024,09:45:33,148.7,148.6,200,149.05,440,2160,347640
FINNIFTY02JAN2421300CE.NFO,02/01/2024,09:45:34,149.65,149.15,400,149.6,680,920,347640
FINNIFTY02JAN2421300CE.NFO,02/01/2024,09:45:36,149.65,149.2,720,149.7,1000,1960,347640
FINNIFTY02JAN2421300CE.NFO,02/01/2024,09:45:38,148.85,148.85,600,149.3,960,320,347640
FINNIFTY02JAN2421300CE.NFO,02/01/2024,09:45:39,149.5,149.15,40,149.55,600,120,347640
FINNIFTY02JAN2421300CE.NFO,02/01/2024,09:45:41,149.1,148.95,240,149.45,640,960,347640
FINNIFTY02JAN2421300CE.NFO,02/01/2024,09:45:43,149.45,148.65,680,149.1,1120,2080,347640
FINNIFTY02JAN2421300CE.NFO,02/01/2024,09:45:44,148.85,148.85,40,149.15,1000,40,347640
FINNIFTY02JAN2421300CE.NFO,02/01/2024,09:45:46,148.4,148.5,400,148.9,480,920,347640
FINNIFTY02JAN2421300CE.NFO,02/01/2024,09:45:48,146.4,146.35,80,146.65,80,10240,347640
FINNIFTY02JAN2421300CE.NFO,02/01/2024,09:45:49,146.95,146.6,720,147.15,1120,5440,347640
FINNIFTY02JAN2421300CE.NFO,02/01/2024,09:45:51,146.7,146.05,280,146.5,1760,720,347640
FINNIFTY02JAN2421300CE.NFO,02/01/2024,09:45:53,145.4,145.4,1480,145.75,40,2280,347640
FINNIFTY02JAN2421300CE.NFO,02/01/2024,09:45:54,144.9,144.75,200,145.2,200,16400,347640
FINNIFTY02JAN2421300CE.NFO,02/01/2024,09:45:56,143.5,143.55,960,144,1120,20800,347640
FINNIFTY02JAN2421300CE.NFO,02/01/2024,09:45:58,143.75,143.55,160,143.95,360,6040,347640
FINNIFTY02JAN2421300CE.NFO,02/01/2024,09:45:59,142.35,142.95,120,143.35,120,1560,347640
FINNIFTY02JAN2421300CE.NFO,02/01/2024,09:46:01,142.65,142.7,120,143.2,560,2600,347640
FINNIFTY02JAN2421300CE.NFO,02/01/2024,09:46:03,144.1,143.55,120,143.95,320,5200,347640
FINNIFTY02JAN2421300CE.NFO,02/01/2024,09:46:04,142.3,141.65,280,142,240,2160,347640
FINNIFTY02JAN2421300CE.NFO,02/01/2024,09:46:06,140.4,140.55,960,140.95,40,5840,347640
FINNIFTY02JAN2421300CE.NFO,02/01/2024,09:46:08,143.05,142.6,120,142.95,680,5520,347640
FINNIFTY02JAN2421300CE.NFO,02/01/2024,09:46:09,142.85,142.35,760,142.7,1360,2440,347640
FINNIFTY02JAN2421300CE.NFO,02/01/2024,09:46:11,140.65,141.35,1040,141.75,640,3560,347640
FINNIFTY02JAN2421300CE.NFO,02/01/2024,09:46:13,141.25,141.35,120,141.7,1080,2240,347640
FINNIFTY02JAN2421300CE.NFO,02/01/2024,09:46:14,141.95,142,160,142.35,80,3480,347640
FINNIFTY02JAN2421300CE.NFO,02/01/2024,09:46:16,143.1,142.95,760,143.35,600,320,347640
FINNIFTY02JAN2421300CE.NFO,02/01/2024,09:46:18,144.25,143.2,120,143.55,280,2000,347640
FINNIFTY02JAN2421300CE.NFO,02/01/2024,09:46:19,143.7,143.25,280,143.6,120,360,347640
FINNIFTY02JAN2421300CE.NFO,02/01/2024,09:46:21,143.15,143.05,280,143.45,560,5600,347640
FINNIFTY02JAN2421300CE.NFO,02/01/2024,09:46:23,144.35,144.1,280,144.55,640,680,347640
FINNIFTY02JAN2421300CE.NFO,02/01/2024,09:46:24,144,143.95,1040,144.3,840,1720,347640
FINNIFTY02JAN2421300CE.NFO,02/01/2024,09:46:26,143.7,143.5,280,144,800,2640,347640
FINNIFTY02JAN2421300CE.NFO,02/01/2024,09:46:28,143.7,143.65,40,144.05,560,1720,347640
FINNIFTY02JAN2421300CE.NFO,02/01/2024,09:46:29,145.6,145.2,800,145.6,560,1160,347640
FINNIFTY02JAN2421300CE.NFO,02/01/2024,09:46:31,145.65,145.45,120,145.95,640,1360,347640
FINNIFTY02JAN2421300CE.NFO,02/01/2024,09:46:33,145.9,146.3,120,146.75,760,2320,347640
FINNIFTY02JAN2421300CE.NFO,02/01/2024,09:46:34,147.2,146.75,120,147.2,280,1040,347640
FINNIFTY02JAN2421300CE.NFO,02/01/2024,09:46:36,146.85,146.4,80,146.8,240,720,347640
FINNIFTY02JAN2421300CE.NFO,02/01/2024,09:46:38,146.05,146.1,560,146.55,680,1200,347640
FINNIFTY02JAN2421300CE.NFO,02/01/2024,09:46:39,146.1,145.8,600,146.2,40,3840,347640
FINNIFTY02JAN2421300CE.NFO,02/01/2024,09:46:41,147,146.9,160,147.35,600,1760,347640
FINNIFTY02JAN2421300CE.NFO,02/01/2024,09:46:43,147.4,147.05,120,147.45,120,3800,347640
FINNIFTY02JAN2421300CE.NFO,02/01/2024,09:46:44,147.5,147.05,120,147.45,240,680,347640
FINNIFTY02JAN2421300CE.NFO,02/01/2024,09:46:46,147.6,147.05,200,147.4,240,1520,347640
FINNIFTY02JAN2421300CE.NFO,02/01/2024,09:46:48,147.95,147.55,1000,148,1280,1520,347640
FINNIFTY02JAN2421300CE.NFO,02/01/2024,09:46:49,147.6,147.3,600,147.7,40,2520,347640
FINNIFTY02JAN2421300CE.NFO,02/01/2024,09:46:51,148.7,148.6,200,149.05,840,800,347640
FINNIFTY02JAN2421300CE.NFO,02/01/2024,09:46:53,148.65,148.5,200,148.9,360,560,347640
FINNIFTY02JAN2421300CE.NFO,02/01/2024,09:46:54,148.7,148.8,320,149.25,400,720,347640
FINNIFTY02JAN2421300CE.NFO,02/01/2024,09:46:56,148.55,148.55,240,149,800,1960,347640
FINNIFTY02JAN2421300CE.NFO,02/01/2024,09:46:58,148.95,148.6,120,149.05,960,720,347640
FINNIFTY02JAN2421300CE.NFO,02/01/2024,09:46:59,148.9,148.55,40,148.9,840,120,347640
FINNIFTY02JAN2421300CE.NFO,02/01/2024,09:47:01,149.9,149.65,160,150,720,640,347640
FINNIFTY02JAN2421300CE.NFO,02/01/2024,09:47:03,152.05,152.05,40,152.35,320,6280,347640
