Ticker,Date,Time,LTP,BuyPrice,BuyQty,SellPrice,SellQty,LTQ,OpenInterest
FINNIFTY02JAN2420050PE.NFO,02/01/2024,09:15:02,0.3,0.3,600,0.5,400,1200,406920
FINNIFTY02JAN2420050PE.NFO,02/01/2024,09:15:02,0.3,0.3,600,0.5,400,0,406920
FINNIFTY02JAN2420050PE.NFO,02/01/2024,09:15:02,0.3,0.3,600,0.5,400,0,406920
FINNIFTY02JAN2420050PE.NFO,02/01/2024,09:15:02,0.3,0.3,600,0.5,400,0,406920
FINNIFTY02JAN2420050PE.NFO,02/01/2024,09:15:16,0.35,0.3,1160,0.35,1600,160,406920
FINNIFTY02JAN2420050PE.NFO,02/01/2024,09:15:16,0.35,0.3,1160,0.35,1600,0,406920
FINNIFTY02JAN2420050PE.NFO,02/01/2024,09:15:28,0.25,0.25,40,0.35,1600,4520,406920
FINNIFTY02JAN2420050PE.NFO,02/01/2024,09:15:28,0.25,0.25,40,0.35,1600,0,406920
FINNIFTY02JAN2420050PE.NFO,02/01/2024,09:15:39,0.35,0.25,200,0.45,1240,1600,406920
FINNIFTY02JAN2420050PE.NFO,02/01/2024,09:15:50,0.35,0.25,200,0.35,1400,0,406920
FINNIFTY02JAN2420050PE.NFO,02/01/2024,09:16:00,0.3,0.25,320,0.35,1560,7640,406920
FINNIFTY02JAN2420050PE.NFO,02/01/2024,09:16:00,0.2,0.25,320,0.35,1560,0,406920
FINNIFTY02JAN2420050PE.NFO,02/01/2024,09:16:12,0.25,0.25,1080,0.3,3320,1440,406920
FINNIFTY02JAN2420050PE.NFO,02/01/2024,09:16:22,0.25,0.25,440,0.3,3400,0,406920
FINNIFTY02JAN2420050PE.NFO,02/01/2024,09:16:41,0.3,0.25,360,0.3,1520,1920,406920
FINNIFTY02JAN2420050PE.NFO,02/01/2024,09:16:50,0.3,0.25,320,0.3,6000,0,406920
FINNIFTY02JAN2420050PE.NFO,02/01/2024,09:17:00,0.3,0.25,1600,0.3,7880,1840,406920
FINNIFTY02JAN2420050PE.NFO,02/01/2024,09:17:10,0.3,0.25,2480,0.3,8400,880,406920
FINNIFTY02JAN2420050PE.NFO,02/01/2024,09:17:19,0.3,0.25,1760,0.3,10480,200,406920
FINNIFTY02JAN2420050PE.NFO,02/01/2024,09:17:29,0.3,0.25,2640,0.3,8280,400,406920
FINNIFTY02JAN2420050PE.NFO,02/01/2024,09:17:39,0.3,0.25,2640,0.3,12120,0,406920
FINNIFTY02JAN2420050PE.NFO,02/01/2024,09:17:48,0.3,0.25,1760,0.3,9280,160,406000
FINNIFTY02JAN2420050PE.NFO,02/01/2024,09:17:58,0.3,0.25,3240,0.3,9440,0,406000
FINNIFTY02JAN2420050PE.NFO,02/01/2024,09:18:17,0.25,0.25,3840,0.3,8040,1400,406000
FINNIFTY02JAN2420050PE.NFO,02/01/2024,09:18:26,0.3,0.25,3840,0.3,1600,2880,406000
FINNIFTY02JAN2420050PE.NFO,02/01/2024,09:18:36,0.3,0.25,12080,0.3,3920,40,406000
FINNIFTY02JAN2420050PE.NFO,02/01/2024,09:18:46,0.3,0.25,14240,0.3,3600,6720,406000
FINNIFTY02JAN2420050PE.NFO,02/01/2024,09:18:55,0.3,0.25,7040,0.3,3400,1800,406000
FINNIFTY02JAN2420050PE.NFO,02/01/2024,09:19:06,0.3,0.25,7840,0.3,1480,1120,406000
FINNIFTY02JAN2420050PE.NFO,02/01/2024,09:19:15,0.3,0.25,8160,0.3,1800,480,406000
FINNIFTY02JAN2420050PE.NFO,02/01/2024,09:19:25,0.3,0.25,8160,0.3,1400,400,406000
FINNIFTY02JAN2420050PE.NFO,02/01/2024,09:19:35,0.3,0.25,8160,0.3,1840,0,406000
FINNIFTY02JAN2420050PE.NFO,02/01/2024,09:19:55,0.3,0.25,9280,0.3,4440,0,406000
FINNIFTY02JAN2420050PE.NFO,02/01/2024,09:20:06,0.3,0.25,9600,0.3,2920,0,406000
FINNIFTY02JAN2420050PE.NFO,02/01/2024,09:20:26,0.3,0.25,9600,0.3,2080,280,406000
FINNIFTY02JAN2420050PE.NFO,02/01/2024,09:20:36,0.3,0.25,9600,0.3,1960,120,401120
FINNIFTY02JAN2420050PE.NFO,02/01/2024,09:20:45,0.25,0.25,8080,0.3,4040,1800,401120
FINNIFTY02JAN2420050PE.NFO,02/01/2024,09:20:55,0.25,0.25,8760,0.3,4120,8480,401120
FINNIFTY02JAN2420050PE.NFO,02/01/2024,09:21:04,0.3,0.25,8480,0.3,1120,12920,401120
FINNIFTY02JAN2420050PE.NFO,02/01/2024,09:21:14,0.3,0.25,17480,0.3,3920,240,401120
FINNIFTY02JAN2420050PE.NFO,02/01/2024,09:21:25,0.3,0.25,19480,0.3,2680,1360,401120
FINNIFTY02JAN2420050PE.NFO,02/01/2024,09:21:35,0.3,0.25,19440,0.35,9640,2440,401120
FINNIFTY02JAN2420050PE.NFO,02/01/2024,09:21:45,0.3,0.3,40,0.35,9600,1840,401120
FINNIFTY02JAN2420050PE.NFO,02/01/2024,09:21:55,0.3,0.25,37360,0.3,2600,480,401120
FINNIFTY02JAN2420050PE.NFO,02/01/2024,09:22:06,0.3,0.25,42520,0.3,2040,2080,401120
FINNIFTY02JAN2420050PE.NFO,02/01/2024,09:22:18,0.25,0.25,44960,0.3,4120,2400,401120
FINNIFTY02JAN2420050PE.NFO,02/01/2024,09:22:30,0.3,0.25,43760,0.35,11680,3680,401120
FINNIFTY02JAN2420050PE.NFO,02/01/2024,09:22:40,0.3,0.25,36200,0.3,4200,200,401120
FINNIFTY02JAN2420050PE.NFO,02/01/2024,09:22:50,0.3,0.25,39800,0.3,4440,0,401120
FINNIFTY02JAN2420050PE.NFO,02/01/2024,09:22:59,0.3,0.25,41600,0.3,3120,0,401120
FINNIFTY02JAN2420050PE.NFO,02/01/2024,09:23:09,0.3,0.25,41600,0.3,7760,0,401120
FINNIFTY02JAN2420050PE.NFO,02/01/2024,09:23:19,0.25,0.25,40800,0.3,7760,800,401120
FINNIFTY02JAN2420050PE.NFO,02/01/2024,09:23:37,0.25,0.25,40800,0.3,12720,0,401120
FINNIFTY02JAN2420050PE.NFO,02/01/2024,09:23:47,0.25,0.25,39000,0.3,12720,0,401120
FINNIFTY02JAN2420050PE.NFO,02/01/2024,09:23:56,0.25,0.25,39000,0.3,18000,0,401120
FINNIFTY02JAN2420050PE.NFO,02/01/2024,09:24:05,0.3,0.25,39000,0.3,16960,400,403600
FINNIFTY02JAN2420050PE.NFO,02/01/2024,09:24:14,0.3,0.25,39000,0.3,16840,120,403600
FINNIFTY02JAN2420050PE.NFO,02/01/2024,09:24:24,0.3,0.25,39000,0.3,18040,0,403600
FINNIFTY02JAN2420050PE.NFO,02/01/2024,09:24:34,0.3,0.25,38920,0.3,19080,0,403600
FINNIFTY02JAN2420050PE.NFO,02/01/2024,09:24:45,0.25,0.25,38560,0.3,20120,360,403600
FINNIFTY02JAN2420050PE.NFO,02/01/2024,09:24:54,0.25,0.25,38200,0.3,20080,400,403600
FINNIFTY02JAN2420050PE.NFO,02/01/2024,09:25:05,0.25,0.25,27560,0.3,19200,640,403600
FINNIFTY02JAN2420050PE.NFO,02/01/2024,09:25:16,0.25,0.25,19920,0.3,13560,9440,403600
FINNIFTY02JAN2420050PE.NFO,02/01/2024,09:25:26,0.25,0.25,19600,0.3,13560,320,403600
FINNIFTY02JAN2420050PE.NFO,02/01/2024,09:25:36,0.25,0.25,22400,0.3,16120,440,403600
FINNIFTY02JAN2420050PE.NFO,02/01/2024,09:25:46,0.25,0.25,21920,0.3,16800,480,403600
FINNIFTY02JAN2420050PE.NFO,02/01/2024,09:25:55,0.25,0.25,21640,0.3,16800,320,403600
FINNIFTY02JAN2420050PE.NFO,02/01/2024,09:26:05,0.25,0.25,21240,0.3,20240,400,403600
FINNIFTY02JAN2420050PE.NFO,02/01/2024,09:26:15,0.25,0.25,20880,0.3,19360,360,403600
FINNIFTY02JAN2420050PE.NFO,02/01/2024,09:26:25,0.3,0.25,21000,0.3,9840,7240,403600
FINNIFTY02JAN2420050PE.NFO,02/01/2024,09:26:36,0.3,0.25,21000,0.3,8200,2320,405760
FINNIFTY02JAN2420050PE.NFO,02/01/2024,09:26:46,0.3,0.25,21040,0.3,8200,0,405760
FINNIFTY02JAN2420050PE.NFO,02/01/2024,09:26:57,0.3,0.25,21040,0.3,9240,0,405760
FINNIFTY02JAN2420050PE.NFO,02/01/2024,09:27:07,0.3,0.25,21040,0.3,5120,1040,405760
FINNIFTY02JAN2420050PE.NFO,02/01/2024,09:27:18,0.3,0.25,21040,0.3,5240,120,405760
FINNIFTY02JAN2420050PE.NFO,02/01/2024,09:27:28,0.3,0.25,21040,0.3,4480,520,405760
FINNIFTY02JAN2420050PE.NFO,02/01/2024,09:27:37,0.3,0.25,21520,0.3,5360,720,405760
FINNIFTY02JAN2420050PE.NFO,02/01/2024,09:27:47,0.3,0.25,21240,0.3,4360,2080,405760
FINNIFTY02JAN2420050PE.NFO,02/01/2024,09:27:57,0.3,0.25,23160,0.3,4280,80,405760
FINNIFTY02JAN2420050PE.NFO,02/01/2024,09:28:07,0.3,0.25,23160,0.3,5000,0,405760
FINNIFTY02JAN2420050PE.NFO,02/01/2024,09:28:17,0.3,0.25,23120,0.3,5280,0,405760
FINNIFTY02JAN2420050PE.NFO,02/01/2024,09:28:41,0.25,0.25,23040,0.3,5040,80,405760
FINNIFTY02JAN2420050PE.NFO,02/01/2024,09:28:54,0.25,0.25,23040,0.3,5040,0,405760
FINNIFTY02JAN2420050PE.NFO,02/01/2024,09:29:05,0.25,0.25,23040,0.3,4320,0,405760
FINNIFTY02JAN2420050PE.NFO,02/01/2024,09:29:38,0.25,0.25,23040,0.3,4280,0,405760
FINNIFTY02JAN2420050PE.NFO,02/01/2024,09:29:58,0.25,0.25,23040,0.3,4320,0,405760
FINNIFTY02JAN2420050PE.NFO,02/01/2024,09:30:08,0.25,0.25,23040,0.3,4280,0,405760
FINNIFTY02JAN2420050PE.NFO,02/01/2024,09:30:18,0.25,0.25,23320,0.3,4280,0,405760
FINNIFTY02JAN2420050PE.NFO,02/01/2024,09:30:28,0.25,0.25,23320,0.3,4320,0,405760
FINNIFTY02JAN2420050PE.NFO,02/01/2024,09:30:48,0.25,0.25,23320,0.3,4280,0,405760
FINNIFTY02JAN2420050PE.NFO,02/01/2024,09:30:58,0.25,0.25,23040,0.3,4280,0,405760
FINNIFTY02JAN2420050PE.NFO,02/01/2024,09:31:10,0.25,0.25,23040,0.3,4320,0,405760
FINNIFTY02JAN2420050PE.NFO,02/01/2024,09:31:30,0.25,0.25,23040,0.3,4280,0,405760
FINNIFTY02JAN2420050PE.NFO,02/01/2024,09:31:39,0.25,0.25,23400,0.3,4680,0,405760
FINNIFTY02JAN2420050PE.NFO,02/01/2024,09:31:49,0.25,0.25,23400,0.3,4640,0,405760
FINNIFTY02JAN2420050PE.NFO,02/01/2024,09:31:59,0.25,0.25,23400,0.3,4680,0,405760
FINNIFTY02JAN2420050PE.NFO,02/01/2024,09:32:08,0.25,0.25,23400,0.3,4640,0,405760
FINNIFTY02JAN2420050PE.NFO,02/01/2024,09:32:28,0.25,0.25,21600,0.3,6520,0,405760
FINNIFTY02JAN2420050PE.NFO,02/01/2024,09:33:17,0.3,0.25,21600,0.3,6440,80,407440
FINNIFTY02JAN2420050PE.NFO,02/01/2024,09:33:27,0.3,0.25,21600,0.3,6400,40,407440
FINNIFTY02JAN2420050PE.NFO,02/01/2024,09:33:46,0.3,0.25,21600,0.3,6400,0,407440
FINNIFTY02JAN2420050PE.NFO,02/01/2024,09:34:14,0.3,0.25,21600,0.3,5920,480,407440
FINNIFTY02JAN2420050PE.NFO,02/01/2024,09:34:23,0.3,0.25,21600,0.3,5600,320,407440
FINNIFTY02JAN2420050PE.NFO,02/01/2024,09:34:32,0.3,0.25,22320,0.3,3120,2800,407440
FINNIFTY02JAN2420050PE.NFO,02/01/2024,09:34:59,0.3,0.25,22320,0.3,7760,0,407440
FINNIFTY02JAN2420050PE.NFO,02/01/2024,09:35:09,0.3,0.25,22320,0.3,8200,0,407440
FINNIFTY02JAN2420050PE.NFO,02/01/2024,09:35:18,0.25,0.25,21920,0.3,8200,400,407440
FINNIFTY02JAN2420050PE.NFO,02/01/2024,09:35:28,0.25,0.25,21920,0.3,9200,0,407440
FINNIFTY02JAN2420050PE.NFO,02/01/2024,09:37:36,0.25,0.25,21920,0.3,9960,0,407440
FINNIFTY02JAN2420050PE.NFO,02/01/2024,09:38:29,0.25,0.25,23600,0.3,10000,0,407440
FINNIFTY02JAN2420050PE.NFO,02/01/2024,09:38:38,0.25,0.25,23600,0.3,9960,0,407440
FINNIFTY02JAN2420050PE.NFO,02/01/2024,09:38:48,0.25,0.25,23600,0.3,10000,0,407440
FINNIFTY02JAN2420050PE.NFO,02/01/2024,09:38:57,0.25,0.25,23600,0.3,10200,0,407440
FINNIFTY02JAN2420050PE.NFO,02/01/2024,09:39:35,0.25,0.25,22800,0.3,10200,800,407240
FINNIFTY02JAN2420050PE.NFO,02/01/2024,09:39:44,0.25,0.25,22800,0.3,10200,0,407240
FINNIFTY02JAN2420050PE.NFO,02/01/2024,09:40:05,0.25,0.25,22520,0.3,10200,280,407240
FINNIFTY02JAN2420050PE.NFO,02/01/2024,09:40:16,0.25,0.25,31200,0.3,12800,320,407240
FINNIFTY02JAN2420050PE.NFO,02/01/2024,09:40:26,0.25,0.25,30440,0.3,12800,760,407240
FINNIFTY02JAN2420050PE.NFO,02/01/2024,09:40:36,0.25,0.25,23240,0.3,12800,0,407240
FINNIFTY02JAN2420050PE.NFO,02/01/2024,09:40:47,0.25,0.25,21000,0.3,12800,440,407240
FINNIFTY02JAN2420050PE.NFO,02/01/2024,09:40:57,0.25,0.25,19360,0.3,14600,1520,407240
FINNIFTY02JAN2420050PE.NFO,02/01/2024,09:41:07,0.25,0.25,19360,0.3,19000,0,407240
FINNIFTY02JAN2420050PE.NFO,02/01/2024,09:41:28,0.3,0.25,17680,0.3,17200,1800,407240
FINNIFTY02JAN2420050PE.NFO,02/01/2024,09:41:37,0.25,0.25,16040,0.3,17200,1520,406080
FINNIFTY02JAN2420050PE.NFO,02/01/2024,09:41:57,0.3,0.25,15840,0.3,15400,2000,406080
FINNIFTY02JAN2420050PE.NFO,02/01/2024,09:42:17,0.3,0.25,15840,0.3,12400,3000,406080
FINNIFTY02JAN2420050PE.NFO,02/01/2024,09:42:26,0.3,0.25,26440,0.3,9960,0,406080
FINNIFTY02JAN2420050PE.NFO,02/01/2024,09:42:35,0.25,0.25,24920,0.3,14360,1520,406080
FINNIFTY02JAN2420050PE.NFO,02/01/2024,09:42:44,0.25,0.25,26800,0.3,14360,0,406080
FINNIFTY02JAN2420050PE.NFO,02/01/2024,09:43:03,0.25,0.25,28440,0.3,14360,0,406080
FINNIFTY02JAN2420050PE.NFO,02/01/2024,09:43:14,0.25,0.25,26920,0.3,14360,1520,406080
FINNIFTY02JAN2420050PE.NFO,02/01/2024,09:43:34,0.25,0.25,26920,0.3,14360,0,406080
FINNIFTY02JAN2420050PE.NFO,02/01/2024,09:43:44,0.25,0.25,26920,0.3,16960,0,406080
FINNIFTY02JAN2420050PE.NFO,02/01/2024,09:44:02,0.25,0.25,25040,0.3,8040,11680,406080
FINNIFTY02JAN2420050PE.NFO,02/01/2024,09:44:12,0.3,0.25,41480,0.3,5520,3000,406080
FINNIFTY02JAN2420050PE.NFO,02/01/2024,09:44:21,0.3,0.25,39280,0.3,4520,5160,406080
FINNIFTY02JAN2420050PE.NFO,02/01/2024,09:44:30,0.3,0.25,45480,0.3,10160,0,406080
FINNIFTY02JAN2420050PE.NFO,02/01/2024,09:44:39,0.3,0.25,45480,0.3,10200,0,406080
FINNIFTY02JAN2420050PE.NFO,02/01/2024,09:44:58,0.25,0.25,45360,0.3,10200,120,401920
FINNIFTY02JAN2420050PE.NFO,02/01/2024,09:45:07,0.25,0.25,45680,0.3,19160,320,401920
FINNIFTY02JAN2420050PE.NFO,02/01/2024,09:45:16,0.25,0.25,45600,0.3,19160,80,401920
FINNIFTY02JAN2420050PE.NFO,02/01/2024,09:45:26,0.25,0.25,37720,0.3,19440,2480,401920
FINNIFTY02JAN2420050PE.NFO,02/01/2024,09:45:35,0.25,0.25,35160,0.3,21240,680,401920
FINNIFTY02JAN2420050PE.NFO,02/01/2024,09:45:45,0.25,0.25,34720,0.3,23840,440,401920
FINNIFTY02JAN2420050PE.NFO,02/01/2024,09:45:54,0.25,0.25,35760,0.3,24080,760,401920
FINNIFTY02JAN2420050PE.NFO,02/01/2024,09:46:04,0.25,0.25,35240,0.3,23840,520,401920
FINNIFTY02JAN2420050PE.NFO,02/01/2024,09:46:34,0.25,0.25,35240,0.3,23840,0,401920
FINNIFTY02JAN2420050PE.NFO,02/01/2024,09:46:43,0.25,0.25,30680,0.3,23840,4560,401920
FINNIFTY02JAN2420050PE.NFO,02/01/2024,09:46:52,0.25,0.25,34280,0.3,23840,0,401920
FINNIFTY02JAN2420050PE.NFO,02/01/2024,09:47:01,0.25,0.25,31320,0.3,24160,4560,401920
FINNIFTY02JAN2420050PE.NFO,02/01/2024,09:47:11,0.25,0.25,30960,0.3,23800,1880,401920
FINNIFTY02JAN2420050PE.NFO,02/01/2024,09:47:20,0.25,0.25,31320,0.3,29200,0,401920
FINNIFTY02JAN2420050PE.NFO,02/01/2024,09:47:56,0.3,0.25,31320,0.3,28920,280,402200
FINNIFTY02JAN2420050PE.NFO,02/01/2024,09:48:06,0.3,0.25,31320,0.3,28600,320,402200
FINNIFTY02JAN2420050PE.NFO,02/01/2024,09:48:15,0.3,0.25,31320,0.3,29640,0,402200
FINNIFTY02JAN2420050PE.NFO,02/01/2024,09:48:32,0.25,0.25,31080,0.3,29640,240,402200
FINNIFTY02JAN2420050PE.NFO,02/01/2024,09:48:42,0.25,0.25,31040,0.3,29640,40,402200
FINNIFTY02JAN2420050PE.NFO,02/01/2024,09:48:51,0.25,0.25,31000,0.3,29640,40,402200
FINNIFTY02JAN2420050PE.NFO,02/01/2024,09:49:00,0.25,0.25,30960,0.3,29640,40,402200
FINNIFTY02JAN2420050PE.NFO,02/01/2024,09:49:19,0.25,0.25,30960,0.3,29640,0,402200
FINNIFTY02JAN2420050PE.NFO,02/01/2024,09:49:38,0.25,0.25,30920,0.3,29640,40,402200
FINNIFTY02JAN2420050PE.NFO,02/01/2024,09:49:56,0.25,0.25,30920,0.3,29640,0,402200
FINNIFTY02JAN2420050PE.NFO,02/01/2024,09:50:58,0.25,0.25,31240,0.3,29640,0,402200
FINNIFTY02JAN2420050PE.NFO,02/01/2024,09:51:08,0.25,0.25,30920,0.3,29640,0,402200
FINNIFTY02JAN2420050PE.NFO,02/01/2024,09:55:01,0.25,0.25,30800,0.3,29320,440,402280
FINNIFTY02JAN2420050PE.NFO,02/01/2024,09:55:12,0.25,0.25,29960,0.3,29320,840,402280
FINNIFTY02JAN2420050PE.NFO,02/01/2024,09:55:22,0.25,0.25,29480,0.3,29320,480,402280
FINNIFTY02JAN2420050PE.NFO,02/01/2024,09:55:32,0.3,0.25,29520,0.3,29240,320,402280
FINNIFTY02JAN2420050PE.NFO,02/01/2024,09:55:42,0.3,0.25,28920,0.3,32240,1200,402280
FINNIFTY02JAN2420050PE.NFO,02/01/2024,09:55:52,0.25,0.25,28680,0.3,32240,240,402280
FINNIFTY02JAN2420050PE.NFO,02/01/2024,09:56:04,0.25,0.25,27280,0.3,32200,1160,402280
FINNIFTY02JAN2420050PE.NFO,02/01/2024,09:56:16,0.3,0.25,27280,0.3,28440,560,402280
FINNIFTY02JAN2420050PE.NFO,02/01/2024,09:56:29,0.25,0.25,26920,0.3,32600,360,402280
FINNIFTY02JAN2420050PE.NFO,02/01/2024,09:56:41,0.25,0.25,26360,0.3,36000,560,403880
FINNIFTY02JAN2420050PE.NFO,02/01/2024,09:56:53,0.25,0.25,14680,0.3,33520,4680,403880
FINNIFTY02JAN2420050PE.NFO,02/01/2024,09:57:05,0.25,0.25,20440,0.3,33520,520,403880
FINNIFTY02JAN2420050PE.NFO,02/01/2024,09:57:18,0.3,0.25,20440,0.3,32480,1040,403880
FINNIFTY02JAN2420050PE.NFO,02/01/2024,09:57:30,0.3,0.25,14160,0.3,28920,320,403880
FINNIFTY02JAN2420050PE.NFO,02/01/2024,09:57:43,0.25,0.25,13000,0.3,34760,1160,403880
FINNIFTY02JAN2420050PE.NFO,02/01/2024,09:57:54,0.25,0.25,15600,0.3,34040,1000,403880
FINNIFTY02JAN2420050PE.NFO,02/01/2024,09:58:05,0.25,0.25,17680,0.3,36480,200,403880
FINNIFTY02JAN2420050PE.NFO,02/01/2024,09:58:16,0.25,0.25,16840,0.3,36240,840,403880
FINNIFTY02JAN2420050PE.NFO,02/01/2024,09:58:28,0.3,0.25,16120,0.3,35960,1000,403880
FINNIFTY02JAN2420050PE.NFO,02/01/2024,09:58:41,0.3,0.25,15200,0.3,33400,2360,403880
FINNIFTY02JAN2420050PE.NFO,02/01/2024,09:58:51,0.3,0.25,15040,0.3,29360,40,403880
FINNIFTY02JAN2420050PE.NFO,02/01/2024,09:59:02,0.3,0.25,15040,0.3,29400,360,403880
FINNIFTY02JAN2420050PE.NFO,02/01/2024,09:59:13,0.3,0.25,16520,0.3,27320,40,403880
FINNIFTY02JAN2420050PE.NFO,02/01/2024,09:59:26,0.3,0.25,16040,0.3,29160,0,403880
FINNIFTY02JAN2420050PE.NFO,02/01/2024,09:59:37,0.25,0.25,17640,0.3,35480,520,415760
FINNIFTY02JAN2420050PE.NFO,02/01/2024,09:59:48,0.25,0.25,17400,0.3,32520,2240,415760
FINNIFTY02JAN2420050PE.NFO,02/01/2024,09:59:59,0.3,0.25,17400,0.3,32240,280,415760
FINNIFTY02JAN2420050PE.NFO,02/01/2024,10:00:10,0.3,0.25,17480,0.3,33200,520,415760
FINNIFTY02JAN2420050PE.NFO,02/01/2024,10:00:22,0.3,0.25,21080,0.3,32840,360,415760
FINNIFTY02JAN2420050PE.NFO,02/01/2024,10:00:58,0.3,0.25,19080,0.3,32840,0,415760
FINNIFTY02JAN2420050PE.NFO,02/01/2024,10:01:08,0.25,0.25,18800,0.3,33080,280,415760
FINNIFTY02JAN2420050PE.NFO,02/01/2024,10:01:19,0.25,0.25,18360,0.3,33080,440,415760
FINNIFTY02JAN2420050PE.NFO,02/01/2024,10:01:31,0.25,0.25,18200,0.3,32840,160,415760
FINNIFTY02JAN2420050PE.NFO,02/01/2024,10:01:52,0.25,0.25,17640,0.3,32840,280,415760
FINNIFTY02JAN2420050PE.NFO,02/01/2024,10:02:02,0.25,0.25,17640,0.3,36240,280,415760
FINNIFTY02JAN2420050PE.NFO,02/01/2024,10:02:43,0.25,0.25,18000,0.3,36280,0,415760
FINNIFTY02JAN2420050PE.NFO,02/01/2024,10:02:53,0.25,0.25,17720,0.3,36360,0,415760
FINNIFTY02JAN2420050PE.NFO,02/01/2024,10:03:03,0.25,0.25,17720,0.3,36520,0,415760
FINNIFTY02JAN2420050PE.NFO,02/01/2024,10:03:14,0.25,0.25,12600,0.3,36760,320,417520
FINNIFTY02JAN2420050PE.NFO,02/01/2024,10:03:27,0.25,0.25,12120,0.3,36520,480,417520
FINNIFTY02JAN2420050PE.NFO,02/01/2024,10:03:39,0.25,0.25,12120,0.3,36520,0,417520
FINNIFTY02JAN2420050PE.NFO,02/01/2024,10:03:50,0.25,0.2,39640,0.3,38320,14040,417520
FINNIFTY02JAN2420050PE.NFO,02/01/2024,10:04:00,0.25,0.2,37840,0.3,38320,1800,417520
FINNIFTY02JAN2420050PE.NFO,02/01/2024,10:04:10,0.25,0.2,37840,0.3,38320,0,417520
FINNIFTY02JAN2420050PE.NFO,02/01/2024,10:04:31,0.25,0.2,37840,0.3,39520,7640,417520
FINNIFTY02JAN2420050PE.NFO,02/01/2024,10:04:41,0.25,0.2,34240,0.3,40240,1680,417520
FINNIFTY02JAN2420050PE.NFO,02/01/2024,10:04:52,0.2,0.2,34200,0.3,39560,120,417520
FINNIFTY02JAN2420050PE.NFO,02/01/2024,10:05:02,0.25,0.2,33920,0.25,3800,2880,417520
FINNIFTY02JAN2420050PE.NFO,02/01/2024,10:05:13,0.25,0.2,37520,0.25,3720,80,417520
FINNIFTY02JAN2420050PE.NFO,02/01/2024,10:05:23,0.25,0.2,37520,0.25,3280,440,417520
FINNIFTY02JAN2420050PE.NFO,02/01/2024,10:05:33,0.25,0.2,37520,0.25,5240,360,417520
FINNIFTY02JAN2420050PE.NFO,02/01/2024,10:05:43,0.25,0.2,36280,0.25,35680,3440,420920
FINNIFTY02JAN2420050PE.NFO,02/01/2024,10:05:53,0.25,0.2,33880,0.25,35440,840,420920
FINNIFTY02JAN2420050PE.NFO,02/01/2024,10:06:03,0.25,0.2,33880,0.25,35040,400,420920
FINNIFTY02JAN2420050PE.NFO,02/01/2024,10:06:24,0.25,0.2,34560,0.25,37320,920,420920
FINNIFTY02JAN2420050PE.NFO,02/01/2024,10:06:34,0.25,0.2,34560,0.25,38200,520,420920
FINNIFTY02JAN2420050PE.NFO,02/01/2024,10:06:44,0.25,0.2,34560,0.25,37560,360,420920
FINNIFTY02JAN2420050PE.NFO,02/01/2024,10:06:55,0.25,0.2,34560,0.25,37280,40,420920
FINNIFTY02JAN2420050PE.NFO,02/01/2024,10:07:15,0.25,0.2,36160,0.25,37280,0,420920
FINNIFTY02JAN2420050PE.NFO,02/01/2024,10:07:26,0.2,0.2,35760,0.25,37280,120,420920
FINNIFTY02JAN2420050PE.NFO,02/01/2024,10:07:37,0.2,0.2,35640,0.25,39320,400,420920
FINNIFTY02JAN2420050PE.NFO,02/01/2024,10:07:48,0.2,0.2,35120,0.25,39520,520,420920
FINNIFTY02JAN2420050PE.NFO,02/01/2024,10:07:58,0.2,0.2,35080,0.25,39440,40,420920
FINNIFTY02JAN2420050PE.NFO,02/01/2024,10:08:08,0.25,0.2,35080,0.25,39360,80,420920
FINNIFTY02JAN2420050PE.NFO,02/01/2024,10:08:28,0.25,0.2,35080,0.25,39320,40,420920
FINNIFTY02JAN2420050PE.NFO,02/01/2024,10:08:38,0.25,0.2,35080,0.25,39200,120,420920
FINNIFTY02JAN2420050PE.NFO,02/01/2024,10:08:48,0.25,0.2,34680,0.25,38680,920,416800
FINNIFTY02JAN2420050PE.NFO,02/01/2024,10:08:58,0.25,0.2,34680,0.25,38600,320,416800
FINNIFTY02JAN2420050PE.NFO,02/01/2024,10:09:08,0.25,0.2,34680,0.25,37680,680,416800
FINNIFTY02JAN2420050PE.NFO,02/01/2024,10:09:18,0.25,0.2,34680,0.25,37240,440,416800
FINNIFTY02JAN2420050PE.NFO,02/01/2024,10:09:57,0.25,0.2,34680,0.25,37080,160,416800
FINNIFTY02JAN2420050PE.NFO,02/01/2024,10:10:07,0.25,0.2,34680,0.25,36920,160,416800
FINNIFTY02JAN2420050PE.NFO,02/01/2024,10:10:17,0.25,0.2,34680,0.25,36680,240,416800
FINNIFTY02JAN2420050PE.NFO,02/01/2024,10:10:26,0.25,0.2,34680,0.25,27920,440,416800
FINNIFTY02JAN2420050PE.NFO,02/01/2024,10:10:36,0.25,0.2,40080,0.25,30840,200,416800
FINNIFTY02JAN2420050PE.NFO,02/01/2024,10:10:46,0.25,0.2,49080,0.25,30720,120,416800
FINNIFTY02JAN2420050PE.NFO,02/01/2024,10:10:56,0.25,0.2,49080,0.25,30560,160,416800
FINNIFTY02JAN2420050PE.NFO,02/01/2024,10:11:06,0.25,0.2,47280,0.25,28760,0,416800
FINNIFTY02JAN2420050PE.NFO,02/01/2024,10:11:16,0.25,0.2,47280,0.25,33680,0,416800
FINNIFTY02JAN2420050PE.NFO,02/01/2024,10:11:26,0.25,0.2,47280,0.25,33480,200,416800
FINNIFTY02JAN2420050PE.NFO,02/01/2024,10:11:36,0.25,0.2,47280,0.25,33280,200,416800
FINNIFTY02JAN2420050PE.NFO,02/01/2024,10:11:45,0.25,0.2,47280,0.25,31680,1600,414960
FINNIFTY02JAN2420050PE.NFO,02/01/2024,10:12:32,0.25,0.2,47280,0.25,31960,120,414960
FINNIFTY02JAN2420050PE.NFO,02/01/2024,10:12:43,0.25,0.2,47280,0.25,31640,320,414960
FINNIFTY02JAN2420050PE.NFO,02/01/2024,10:12:54,0.25,0.2,47000,0.25,31280,360,414960
FINNIFTY02JAN2420050PE.NFO,02/01/2024,10:13:14,0.25,0.2,47000,0.25,31280,0,414960
FINNIFTY02JAN2420050PE.NFO,02/01/2024,10:14:04,0.25,0.2,47280,0.25,32480,0,414960
FINNIFTY02JAN2420050PE.NFO,02/01/2024,10:14:14,0.2,0.2,46920,0.25,32560,360,414960
FINNIFTY02JAN2420050PE.NFO,02/01/2024,10:14:24,0.2,0.2,46600,0.25,32320,320,414960
FINNIFTY02JAN2420050PE.NFO,02/01/2024,10:14:34,0.2,0.2,46320,0.25,33200,280,414960
FINNIFTY02JAN2420050PE.NFO,02/01/2024,10:14:45,0.2,0.2,45880,0.25,32760,840,413080
FINNIFTY02JAN2420050PE.NFO,02/01/2024,10:14:54,0.2,0.2,45640,0.25,32760,240,413080
FINNIFTY02JAN2420050PE.NFO,02/01/2024,10:15:04,0.2,0.2,45640,0.25,32760,0,413080
FINNIFTY02JAN2420050PE.NFO,02/01/2024,10:15:14,0.2,0.2,40240,0.25,32760,5400,413080
FINNIFTY02JAN2420050PE.NFO,02/01/2024,10:15:24,0.2,0.2,40040,0.25,32760,200,413080
FINNIFTY02JAN2420050PE.NFO,02/01/2024,10:15:34,0.2,0.2,39960,0.25,39200,80,413080
FINNIFTY02JAN2420050PE.NFO,02/01/2024,10:15:44,0.2,0.2,36360,0.25,42440,5400,413080
FINNIFTY02JAN2420050PE.NFO,02/01/2024,10:15:53,0.2,0.2,30960,0.25,42200,5640,413080
FINNIFTY02JAN2420050PE.NFO,02/01/2024,10:16:03,0.25,0.2,25560,0.25,41000,6600,413080
FINNIFTY02JAN2420050PE.NFO,02/01/2024,10:16:13,0.2,0.2,20280,0.25,48200,3680,413080
FINNIFTY02JAN2420050PE.NFO,02/01/2024,10:16:23,0.2,0.15,40640,0.25,32640,46200,413080
FINNIFTY02JAN2420050PE.NFO,02/01/2024,10:16:23,0.15,0.15,40640,0.25,32640,0,413080
FINNIFTY02JAN2420050PE.NFO,02/01/2024,10:16:33,0.15,0.15,53160,0.25,32560,19800,413080
FINNIFTY02JAN2420050PE.NFO,02/01/2024,10:16:43,0.15,0.15,56080,0.25,32800,21600,413080
FINNIFTY02JAN2420050PE.NFO,02/01/2024,10:16:52,0.2,0.15,66080,0.25,30520,57200,413080
FINNIFTY02JAN2420050PE.NFO,02/01/2024,10:17:02,0.2,0.2,5760,0.25,30440,7920,413080
FINNIFTY02JAN2420050PE.NFO,02/01/2024,10:17:12,0.25,0.2,10240,0.25,22040,560,413080
FINNIFTY02JAN2420050PE.NFO,02/01/2024,10:17:22,0.25,0.2,47200,0.25,27000,1360,413080
FINNIFTY02JAN2420050PE.NFO,02/01/2024,10:17:32,0.25,0.2,46800,0.25,26720,680,413080
FINNIFTY02JAN2420050PE.NFO,02/01/2024,10:17:42,0.25,0.2,46800,0.25,77080,440,413080
FINNIFTY02JAN2420050PE.NFO,02/01/2024,10:17:51,0.2,0.2,46480,0.25,77080,320,349480
FINNIFTY02JAN2420050PE.NFO,02/01/2024,10:18:01,0.2,0.2,41080,0.25,75280,10800,349480
FINNIFTY02JAN2420050PE.NFO,02/01/2024,10:18:10,0.2,0.2,18000,0.25,91200,16200,349480
FINNIFTY02JAN2420050PE.NFO,02/01/2024,10:18:20,0.2,0.15,140680,0.2,40,49200,349480
FINNIFTY02JAN2420050PE.NFO,02/01/2024,10:18:30,0.15,0.15,169400,0.2,31520,22040,349480
FINNIFTY02JAN2420050PE.NFO,02/01/2024,10:18:39,0.15,0.15,203680,0.2,57640,22120,349480
FINNIFTY02JAN2420050PE.NFO,02/01/2024,10:18:49,0.15,0.15,185680,0.2,107000,18000,349480
FINNIFTY02JAN2420050PE.NFO,02/01/2024,10:18:58,0.15,0.15,169480,0.2,106720,18360,349480
FINNIFTY02JAN2420050PE.NFO,02/01/2024,10:19:08,0.15,0.15,162640,0.2,155880,20440,349480
FINNIFTY02JAN2420050PE.NFO,02/01/2024,10:19:17,0.15,0.15,47080,0.2,175080,19800,349480
FINNIFTY02JAN2420050PE.NFO,02/01/2024,10:19:27,0.15,0.15,36280,0.2,175080,9000,349480
FINNIFTY02JAN2420050PE.NFO,02/01/2024,10:19:36,0.15,0.15,120120,0.2,82080,16200,349480
FINNIFTY02JAN2420050PE.NFO,02/01/2024,10:19:45,0.15,0.15,144800,0.2,87480,19800,349480
FINNIFTY02JAN2420050PE.NFO,02/01/2024,10:19:55,0.15,0.15,128240,0.2,96120,18000,349480
FINNIFTY02JAN2420050PE.NFO,02/01/2024,10:20:04,0.15,0.15,108440,0.2,134360,20840,349480
FINNIFTY02JAN2420050PE.NFO,02/01/2024,10:20:14,0.15,0.15,52480,0.2,153840,24480,349480
FINNIFTY02JAN2420050PE.NFO,02/01/2024,10:20:23,0.15,0.15,93880,0.2,165680,18000,349480
FINNIFTY02JAN2420050PE.NFO,02/01/2024,10:20:33,0.15,0.15,129880,0.2,171080,0,349480
FINNIFTY02JAN2420050PE.NFO,02/01/2024,10:20:43,0.15,0.15,129880,0.2,177280,0,349480
FINNIFTY02JAN2420050PE.NFO,02/01/2024,10:20:53,0.15,0.15,129840,0.2,177280,40,309360
FINNIFTY02JAN2420050PE.NFO,02/01/2024,10:21:02,0.15,0.15,139920,0.2,177280,0,309360
FINNIFTY02JAN2420050PE.NFO,02/01/2024,10:21:12,0.15,0.15,152880,0.2,177280,0,309360
FINNIFTY02JAN2420050PE.NFO,02/01/2024,10:21:22,0.15,0.15,167280,0.2,177280,0,309360
FINNIFTY02JAN2420050PE.NFO,02/01/2024,10:21:32,0.15,0.15,167680,0.2,177280,0,309360
FINNIFTY02JAN2420050PE.NFO,02/01/2024,10:21:42,0.15,0.15,167440,0.2,177280,240,309360
FINNIFTY02JAN2420050PE.NFO,02/01/2024,10:21:52,0.15,0.15,138520,0.2,177280,120,309360
FINNIFTY02JAN2420050PE.NFO,02/01/2024,10:22:11,0.15,0.15,138520,0.2,179080,0,309360
FINNIFTY02JAN2420050PE.NFO,02/01/2024,10:22:21,0.15,0.15,138520,0.2,177640,0,309360
FINNIFTY02JAN2420050PE.NFO,02/01/2024,10:22:31,0.15,0.15,138520,0.2,179720,0,309360
FINNIFTY02JAN2420050PE.NFO,02/01/2024,10:22:41,0.2,0.15,138520,0.2,178680,2480,309360
FINNIFTY02JAN2420050PE.NFO,02/01/2024,10:22:51,0.2,0.15,138520,0.2,178680,0,309360
FINNIFTY02JAN2420050PE.NFO,02/01/2024,10:23:01,0.2,0.15,138520,0.2,179040,0,309360
FINNIFTY02JAN2420050PE.NFO,02/01/2024,10:23:11,0.2,0.15,138520,0.2,177600,0,309360
FINNIFTY02JAN2420050PE.NFO,02/01/2024,10:23:21,0.2,0.15,138520,0.2,178120,440,309360
FINNIFTY02JAN2420050PE.NFO,02/01/2024,10:23:31,0.2,0.15,138120,0.2,178960,1000,309360
FINNIFTY02JAN2420050PE.NFO,02/01/2024,10:23:41,0.2,0.15,138120,0.2,178840,120,309360
FINNIFTY02JAN2420050PE.NFO,02/01/2024,10:23:52,0.2,0.15,138120,0.2,178840,0,309360
FINNIFTY02JAN2420050PE.NFO,02/01/2024,10:24:02,0.15,0.15,136640,0.2,178840,1480,306480
FINNIFTY02JAN2420050PE.NFO,02/01/2024,10:24:12,0.2,0.15,136640,0.2,180240,40,306480
FINNIFTY02JAN2420050PE.NFO,02/01/2024,10:24:22,0.2,0.15,136640,0.2,158600,40,306480
FINNIFTY02JAN2420050PE.NFO,02/01/2024,10:24:42,0.2,0.15,136640,0.2,165800,0,306480
FINNIFTY02JAN2420050PE.NFO,02/01/2024,10:25:04,0.2,0.15,142040,0.2,165800,0,306480
FINNIFTY02JAN2420050PE.NFO,02/01/2024,10:25:26,0.2,0.15,142040,0.2,165760,40,306480
FINNIFTY02JAN2420050PE.NFO,02/01/2024,10:25:36,0.2,0.15,142040,0.2,164520,1240,306480
FINNIFTY02JAN2420050PE.NFO,02/01/2024,10:25:47,0.2,0.15,142040,0.2,164520,0,306480
FINNIFTY02JAN2420050PE.NFO,02/01/2024,10:25:57,0.2,0.15,142040,0.2,164480,40,306480
FINNIFTY02JAN2420050PE.NFO,02/01/2024,10:26:07,0.2,0.15,142040,0.2,164480,0,306480
FINNIFTY02JAN2420050PE.NFO,02/01/2024,10:26:42,0.2,0.15,140240,0.2,162680,1800,307720
FINNIFTY02JAN2420050PE.NFO,02/01/2024,10:26:54,0.2,0.15,140240,0.2,154040,0,307720
FINNIFTY02JAN2420050PE.NFO,02/01/2024,10:27:05,0.15,0.15,139440,0.2,162680,720,307720
FINNIFTY02JAN2420050PE.NFO,02/01/2024,10:27:16,0.15,0.15,138360,0.2,162680,1080,307720
FINNIFTY02JAN2420050PE.NFO,02/01/2024,10:27:27,0.2,0.15,136320,0.2,163760,2040,307720
FINNIFTY02JAN2420050PE.NFO,02/01/2024,10:27:37,0.2,0.15,136320,0.2,162320,0,307720
FINNIFTY02JAN2420050PE.NFO,02/01/2024,10:27:47,0.2,0.15,134520,0.2,163840,0,307720
FINNIFTY02JAN2420050PE.NFO,02/01/2024,10:28:18,0.2,0.15,134520,0.2,163760,0,307720
FINNIFTY02JAN2420050PE.NFO,02/01/2024,10:28:29,0.2,0.15,134520,0.2,163240,520,307720
FINNIFTY02JAN2420050PE.NFO,02/01/2024,10:28:58,0.2,0.15,134520,0.2,163240,0,307720
FINNIFTY02JAN2420050PE.NFO,02/01/2024,10:29:28,0.2,0.15,134520,0.2,163200,40,307720
FINNIFTY02JAN2420050PE.NFO,02/01/2024,10:29:38,0.2,0.15,134520,0.2,163200,0,307720
FINNIFTY02JAN2420050PE.NFO,02/01/2024,10:29:59,0.2,0.15,134520,0.2,162720,480,309240
FINNIFTY02JAN2420050PE.NFO,02/01/2024,10:30:11,0.2,0.15,134520,0.2,160920,1800,309240
FINNIFTY02JAN2420050PE.NFO,02/01/2024,10:30:22,0.2,0.15,134520,0.2,160640,280,309240
FINNIFTY02JAN2420050PE.NFO,02/01/2024,10:30:34,0.2,0.15,134520,0.2,160520,120,309240
FINNIFTY02JAN2420050PE.NFO,02/01/2024,10:30:44,0.2,0.15,134520,0.2,160480,40,309240
FINNIFTY02JAN2420050PE.NFO,02/01/2024,10:30:54,0.2,0.15,134520,0.2,159040,0,309240
FINNIFTY02JAN2420050PE.NFO,02/01/2024,10:31:04,0.2,0.15,134600,0.2,160480,0,309240
FINNIFTY02JAN2420050PE.NFO,02/01/2024,10:31:14,0.2,0.15,134600,0.2,159000,40,309240
FINNIFTY02JAN2420050PE.NFO,02/01/2024,10:31:24,0.2,0.15,134600,0.2,160440,0,309240
FINNIFTY02JAN2420050PE.NFO,02/01/2024,10:31:33,0.2,0.15,134600,0.2,160400,40,309240
FINNIFTY02JAN2420050PE.NFO,02/01/2024,10:31:44,0.2,0.15,134600,0.2,160440,200,309240
FINNIFTY02JAN2420050PE.NFO,02/01/2024,10:31:55,0.2,0.15,134600,0.2,159840,360,309240
FINNIFTY02JAN2420050PE.NFO,02/01/2024,10:32:05,0.2,0.15,134600,0.2,159160,680,309240
FINNIFTY02JAN2420050PE.NFO,02/01/2024,10:32:16,0.2,0.15,134600,0.2,159160,0,309240
FINNIFTY02JAN2420050PE.NFO,02/01/2024,10:32:36,0.2,0.15,134600,0.2,157720,0,309240
FINNIFTY02JAN2420050PE.NFO,02/01/2024,10:32:46,0.2,0.15,134600,0.2,159320,0,309240
FINNIFTY02JAN2420050PE.NFO,02/01/2024,10:32:56,0.2,0.15,134600,0.2,158200,0,309240
FINNIFTY02JAN2420050PE.NFO,02/01/2024,10:33:05,0.2,0.15,134600,0.2,159160,0,309240
FINNIFTY02JAN2420050PE.NFO,02/01/2024,10:33:25,0.2,0.15,134600,0.2,157360,1800,306160
FINNIFTY02JAN2420050PE.NFO,02/01/2024,10:33:34,0.2,0.15,134600,0.2,155920,0,306160
FINNIFTY02JAN2420050PE.NFO,02/01/2024,10:33:54,0.2,0.15,134600,0.2,157360,0,306160
FINNIFTY02JAN2420050PE.NFO,02/01/2024,10:35:23,0.2,0.15,134600,0.2,157000,360,306160
FINNIFTY02JAN2420050PE.NFO,02/01/2024,10:36:13,0.2,0.15,136040,0.2,157000,0,306160
FINNIFTY02JAN2420050PE.NFO,02/01/2024,10:36:38,0.15,0.15,135000,0.2,157000,1040,305800
FINNIFTY02JAN2420050PE.NFO,02/01/2024,10:36:50,0.2,0.15,133040,0.2,159680,2160,305800
FINNIFTY02JAN2420050PE.NFO,02/01/2024,10:37:01,0.2,0.15,133040,0.2,158880,800,305800
FINNIFTY02JAN2420050PE.NFO,02/01/2024,10:37:13,0.2,0.15,132960,0.2,158880,0,305800
FINNIFTY02JAN2420050PE.NFO,02/01/2024,10:37:25,0.15,0.15,132920,0.2,158880,80,305800
FINNIFTY02JAN2420050PE.NFO,02/01/2024,10:37:36,0.2,0.15,132920,0.2,151640,7240,305800
FINNIFTY02JAN2420050PE.NFO,02/01/2024,10:37:46,0.2,0.15,132920,0.2,147880,3760,305800
FINNIFTY02JAN2420050PE.NFO,02/01/2024,10:38:27,0.15,0.15,132840,0.2,147480,440,305800
FINNIFTY02JAN2420050PE.NFO,02/01/2024,10:38:37,0.15,0.15,132560,0.2,147480,280,305800
FINNIFTY02JAN2420050PE.NFO,02/01/2024,10:38:47,0.15,0.15,130920,0.2,146040,1640,296600
FINNIFTY02JAN2420050PE.NFO,02/01/2024,10:38:58,0.15,0.15,130840,0.2,144960,1160,296600
FINNIFTY02JAN2420050PE.NFO,02/01/2024,10:39:22,0.2,0.15,130840,0.2,144160,800,296600
FINNIFTY02JAN2420050PE.NFO,02/01/2024,10:39:55,0.2,0.15,130840,0.2,143560,600,296600
FINNIFTY02JAN2420050PE.NFO,02/01/2024,10:40:28,0.2,0.15,130840,0.2,142960,600,296600
FINNIFTY02JAN2420050PE.NFO,02/01/2024,10:40:38,0.2,0.15,112840,0.2,142360,600,296600
FINNIFTY02JAN2420050PE.NFO,02/01/2024,10:41:21,0.15,0.15,112760,0.2,142360,80,296600
FINNIFTY02JAN2420050PE.NFO,02/01/2024,10:41:41,0.15,0.15,111320,0.2,140920,1440,296600
FINNIFTY02JAN2420050PE.NFO,02/01/2024,10:41:52,0.15,0.15,113040,0.2,140920,280,292920
FINNIFTY02JAN2420050PE.NFO,02/01/2024,10:42:03,0.15,0.15,112760,0.2,140720,480,292920
FINNIFTY02JAN2420050PE.NFO,02/01/2024,10:42:14,0.15,0.15,112520,0.2,139280,240,292920
FINNIFTY02JAN2420050PE.NFO,02/01/2024,10:42:24,0.15,0.15,112520,0.2,139280,0,292920
FINNIFTY02JAN2420050PE.NFO,02/01/2024,10:42:34,0.15,0.15,112440,0.2,140720,80,292920
FINNIFTY02JAN2420050PE.NFO,02/01/2024,10:42:45,0.15,0.15,112280,0.2,140720,160,292920
FINNIFTY02JAN2420050PE.NFO,02/01/2024,10:42:55,0.15,0.15,112040,0.2,140720,240,292920
FINNIFTY02JAN2420050PE.NFO,02/01/2024,10:43:07,0.15,0.15,111760,0.2,140520,480,292920
FINNIFTY02JAN2420050PE.NFO,02/01/2024,10:43:17,0.15,0.15,111560,0.2,141680,200,292920
FINNIFTY02JAN2420050PE.NFO,02/01/2024,10:43:28,0.15,0.15,111400,0.2,141480,360,292920
FINNIFTY02JAN2420050PE.NFO,02/01/2024,10:43:39,0.15,0.15,111360,0.2,141480,40,292920
FINNIFTY02JAN2420050PE.NFO,02/01/2024,10:43:49,0.15,0.15,111200,0.2,141480,160,292920
FINNIFTY02JAN2420050PE.NFO,02/01/2024,10:43:59,0.15,0.15,111080,0.2,140680,920,292920
FINNIFTY02JAN2420050PE.NFO,02/01/2024,10:44:09,0.15,0.15,110840,0.2,142200,440,292920
FINNIFTY02JAN2420050PE.NFO,02/01/2024,10:44:20,0.15,0.15,110640,0.2,142200,200,292920
FINNIFTY02JAN2420050PE.NFO,02/01/2024,10:44:30,0.15,0.15,110360,0.2,140320,680,292920
FINNIFTY02JAN2420050PE.NFO,02/01/2024,10:44:40,0.15,0.15,110040,0.2,141280,800,290400
FINNIFTY02JAN2420050PE.NFO,02/01/2024,10:44:51,0.15,0.15,102520,0.2,141280,320,290400
FINNIFTY02JAN2420050PE.NFO,02/01/2024,10:45:01,0.15,0.15,72040,0.2,142720,240,290400
FINNIFTY02JAN2420050PE.NFO,02/01/2024,10:45:12,0.15,0.15,71720,0.2,142720,320,290400
FINNIFTY02JAN2420050PE.NFO,02/01/2024,10:45:22,0.15,0.15,53560,0.2,142720,160,290400
FINNIFTY02JAN2420050PE.NFO,02/01/2024,10:45:32,0.15,0.15,48520,0.2,133640,5040,290400
FINNIFTY02JAN2420050PE.NFO,02/01/2024,10:45:42,0.15,0.15,45400,0.2,133640,3120,290400
FINNIFTY02JAN2420050PE.NFO,02/01/2024,10:45:52,0.15,0.15,40640,0.2,133280,4760,290400
FINNIFTY02JAN2420050PE.NFO,02/01/2024,10:46:02,0.15,0.15,39120,0.2,133280,80,290400
FINNIFTY02JAN2420050PE.NFO,02/01/2024,10:46:12,0.15,0.15,39000,0.2,133280,120,290400
FINNIFTY02JAN2420050PE.NFO,02/01/2024,10:46:22,0.15,0.15,38960,0.2,133280,40,290400
FINNIFTY02JAN2420050PE.NFO,02/01/2024,10:46:31,0.15,0.15,38920,0.2,133280,40,290400
FINNIFTY02JAN2420050PE.NFO,02/01/2024,10:46:41,0.1,0.1,555160,0.15,56880,107720,290400
FINNIFTY02JAN2420050PE.NFO,02/01/2024,10:46:41,0.1,0.1,555160,0.15,56880,0,290400
FINNIFTY02JAN2420050PE.NFO,02/01/2024,10:46:51,0.15,0.1,565760,0.15,39440,34160,290400
FINNIFTY02JAN2420050PE.NFO,02/01/2024,10:47:02,0.1,0.1,768960,0.15,35480,14560,290400
FINNIFTY02JAN2420050PE.NFO,02/01/2024,10:47:12,0.15,0.1,768880,0.15,15800,30560,290400
FINNIFTY02JAN2420050PE.NFO,02/01/2024,10:47:22,0.15,0.1,776080,0.15,11080,8320,290400
FINNIFTY02JAN2420050PE.NFO,02/01/2024,10:47:32,0.15,0.1,794080,0.15,2720,11440,290400
FINNIFTY02JAN2420050PE.NFO,02/01/2024,10:47:42,0.15,0.15,17360,0.2,201560,2720,290400
FINNIFTY02JAN2420050PE.NFO,02/01/2024,10:47:53,0.15,0.15,16880,0.2,203360,480,196200
FINNIFTY02JAN2420050PE.NFO,02/01/2024,10:48:34,0.15,0.15,11080,0.2,203360,0,196200
FINNIFTY02JAN2420050PE.NFO,02/01/2024,10:48:53,0.15,0.15,10840,0.2,203360,240,196200
FINNIFTY02JAN2420050PE.NFO,02/01/2024,10:49:02,0.15,0.15,1880,0.2,192560,9000,196200
FINNIFTY02JAN2420050PE.NFO,02/01/2024,10:49:13,0.1,0.1,622920,0.15,32880,11800,196200
FINNIFTY02JAN2420050PE.NFO,02/01/2024,10:49:24,0.1,0.1,630120,0.15,32880,0,196200
FINNIFTY02JAN2420050PE.NFO,02/01/2024,10:49:35,0.15,0.1,626520,0.15,32680,200,196200
FINNIFTY02JAN2420050PE.NFO,02/01/2024,10:50:27,0.15,0.1,619320,0.15,34480,0,196200
FINNIFTY02JAN2420050PE.NFO,02/01/2024,10:50:38,0.15,0.1,619320,0.15,34280,200,196200
FINNIFTY02JAN2420050PE.NFO,02/01/2024,10:50:48,0.15,0.1,619320,0.15,33880,400,175080
FINNIFTY02JAN2420050PE.NFO,02/01/2024,10:51:17,0.1,0.1,618880,0.15,62880,440,175080
FINNIFTY02JAN2420050PE.NFO,02/01/2024,10:51:27,0.1,0.1,618880,0.15,62760,0,175080
FINNIFTY02JAN2420050PE.NFO,02/01/2024,10:51:37,0.1,0.1,618600,0.15,63360,280,175080
FINNIFTY02JAN2420050PE.NFO,02/01/2024,10:51:47,0.1,0.1,618400,0.15,63360,200,175080
FINNIFTY02JAN2420050PE.NFO,02/01/2024,10:51:57,0.1,0.1,618160,0.15,63360,240,175080
FINNIFTY02JAN2420050PE.NFO,02/01/2024,10:52:06,0.1,0.1,618160,0.15,66960,0,175080
FINNIFTY02JAN2420050PE.NFO,02/01/2024,10:52:16,0.15,0.1,618160,0.15,66760,200,175080
FINNIFTY02JAN2420050PE.NFO,02/01/2024,10:52:36,0.15,0.1,618160,0.15,66760,0,175080
FINNIFTY02JAN2420050PE.NFO,02/01/2024,10:53:53,0.15,0.1,609160,0.15,66560,200,175640
FINNIFTY02JAN2420050PE.NFO,02/01/2024,10:54:40,0.15,0.1,609160,0.15,66560,0,175640
FINNIFTY02JAN2420050PE.NFO,02/01/2024,10:54:59,0.15,0.1,562360,0.15,66560,0,175640
FINNIFTY02JAN2420050PE.NFO,02/01/2024,10:55:08,0.15,0.1,529240,0.15,87960,200,175640
FINNIFTY02JAN2420050PE.NFO,02/01/2024,10:55:17,0.15,0.1,535000,0.15,87960,0,175640
FINNIFTY02JAN2420050PE.NFO,02/01/2024,10:55:26,0.15,0.1,542200,0.15,87920,40,175640
FINNIFTY02JAN2420050PE.NFO,02/01/2024,10:56:05,0.15,0.1,542200,0.15,87720,200,175640
FINNIFTY02JAN2420050PE.NFO,02/01/2024,10:56:23,0.15,0.1,541840,0.15,87520,560,175640
FINNIFTY02JAN2420050PE.NFO,02/01/2024,10:56:33,0.15,0.1,541840,0.15,87280,240,175640
FINNIFTY02JAN2420050PE.NFO,02/01/2024,10:56:42,0.15,0.1,558040,0.15,87280,0,175640
FINNIFTY02JAN2420050PE.NFO,02/01/2024,10:56:52,0.1,0.1,558960,0.15,87080,1080,175360
FINNIFTY02JAN2420050PE.NFO,02/01/2024,10:57:02,0.15,0.1,558960,0.15,86920,160,175360
FINNIFTY02JAN2420050PE.NFO,02/01/2024,10:57:22,0.15,0.1,559000,0.15,86920,0,175360
FINNIFTY02JAN2420050PE.NFO,02/01/2024,10:57:32,0.15,0.1,559000,0.15,86880,40,175360
FINNIFTY02JAN2420050PE.NFO,02/01/2024,10:57:41,0.15,0.1,559000,0.15,83640,7200,175360
FINNIFTY02JAN2420050PE.NFO,02/01/2024,10:57:51,0.15,0.1,559000,0.15,50320,18920,175360
FINNIFTY02JAN2420050PE.NFO,02/01/2024,10:58:01,0.15,0.1,559000,0.15,49560,760,175360
FINNIFTY02JAN2420050PE.NFO,02/01/2024,10:58:11,0.15,0.1,559000,0.15,49360,440,175360
FINNIFTY02JAN2420050PE.NFO,02/01/2024,10:58:20,0.15,0.1,559000,0.15,49360,0,175360
FINNIFTY02JAN2420050PE.NFO,02/01/2024,10:58:48,0.15,0.1,559000,0.15,48120,1000,175360
FINNIFTY02JAN2420050PE.NFO,02/01/2024,10:58:57,0.15,0.1,559000,0.15,45920,400,175360
FINNIFTY02JAN2420050PE.NFO,02/01/2024,10:59:37,0.15,0.1,559000,0.15,45320,0,175360
FINNIFTY02JAN2420050PE.NFO,02/01/2024,10:59:57,0.15,0.1,559000,0.15,45120,200,185400
FINNIFTY02JAN2420050PE.NFO,02/01/2024,11:00:16,0.15,0.1,559000,0.15,45080,40,185400
FINNIFTY02JAN2420050PE.NFO,02/01/2024,11:00:36,0.15,0.1,559000,0.15,44960,120,185400
FINNIFTY02JAN2420050PE.NFO,02/01/2024,11:00:45,0.15,0.1,559000,0.15,44880,80,185400
FINNIFTY02JAN2420050PE.NFO,02/01/2024,11:00:55,0.15,0.1,559000,0.15,81080,0,185400
FINNIFTY02JAN2420050PE.NFO,02/01/2024,11:01:04,0.15,0.1,559000,0.15,95480,0,185400
FINNIFTY02JAN2420050PE.NFO,02/01/2024,11:02:11,0.15,0.1,559000,0.15,95400,80,185400
FINNIFTY02JAN2420050PE.NFO,02/01/2024,11:02:21,0.15,0.1,559000,0.15,95400,0,185400
FINNIFTY02JAN2420050PE.NFO,02/01/2024,11:02:31,0.15,0.1,559000,0.15,93600,1800,185400
FINNIFTY02JAN2420050PE.NFO,02/01/2024,11:02:40,0.15,0.1,559000,0.15,125520,1200,185400
FINNIFTY02JAN2420050PE.NFO,02/01/2024,11:02:49,0.15,0.1,559000,0.15,147480,0,185400
FINNIFTY02JAN2420050PE.NFO,02/01/2024,11:02:58,0.15,0.1,559000,0.15,146480,1000,184000
FINNIFTY02JAN2420050PE.NFO,02/01/2024,11:03:08,0.15,0.1,577000,0.15,146480,0,184000
FINNIFTY02JAN2420050PE.NFO,02/01/2024,11:03:17,0.15,0.1,593200,0.15,146480,0,184000
FINNIFTY02JAN2420050PE.NFO,02/01/2024,11:03:27,0.15,0.1,559040,0.15,145520,1160,184000
FINNIFTY02JAN2420050PE.NFO,02/01/2024,11:03:36,0.15,0.1,575240,0.15,145520,0,184000
FINNIFTY02JAN2420050PE.NFO,02/01/2024,11:04:03,0.15,0.1,575240,0.15,125360,0,184000
FINNIFTY02JAN2420050PE.NFO,02/01/2024,11:04:22,0.15,0.1,575240,0.15,124320,1080,184000
FINNIFTY02JAN2420050PE.NFO,02/01/2024,11:04:50,0.15,0.1,575240,0.15,123920,400,184000
FINNIFTY02JAN2420050PE.NFO,02/01/2024,11:04:59,0.15,0.1,577040,0.15,123920,0,184000
FINNIFTY02JAN2420050PE.NFO,02/01/2024,11:05:27,0.15,0.1,577040,0.15,123440,480,184000
FINNIFTY02JAN2420050PE.NFO,02/01/2024,11:05:36,0.15,0.1,577040,0.15,123480,0,184000
FINNIFTY02JAN2420050PE.NFO,02/01/2024,11:06:05,0.15,0.1,577040,0.15,123440,0,184000
FINNIFTY02JAN2420050PE.NFO,02/01/2024,11:06:52,0.15,0.1,576960,0.15,123440,0,184000
FINNIFTY02JAN2420050PE.NFO,02/01/2024,11:09:12,0.15,0.1,576960,0.15,109040,0,184000
FINNIFTY02JAN2420050PE.NFO,02/01/2024,11:09:58,0.15,0.1,571560,0.15,105440,0,184000
FINNIFTY02JAN2420050PE.NFO,02/01/2024,11:10:17,0.1,0.1,568000,0.15,105440,40,180040
FINNIFTY02JAN2420050PE.NFO,02/01/2024,11:10:26,0.1,0.1,575200,0.15,105440,0,180040
FINNIFTY02JAN2420050PE.NFO,02/01/2024,11:10:53,0.15,0.1,571600,0.15,96840,1400,180040
FINNIFTY02JAN2420050PE.NFO,02/01/2024,11:11:03,0.15,0.1,578720,0.15,103880,240,180040
FINNIFTY02JAN2420050PE.NFO,02/01/2024,11:11:12,0.15,0.1,567920,0.15,103880,0,180040
FINNIFTY02JAN2420050PE.NFO,02/01/2024,11:11:21,0.15,0.1,575120,0.15,103880,0,180040
FINNIFTY02JAN2420050PE.NFO,02/01/2024,11:11:40,0.15,0.1,578720,0.15,103680,200,180040
FINNIFTY02JAN2420050PE.NFO,02/01/2024,11:11:57,0.1,0.1,578480,0.15,107280,240,179840
FINNIFTY02JAN2420050PE.NFO,02/01/2024,11:12:07,0.15,0.1,567680,0.15,95960,520,179840
FINNIFTY02JAN2420050PE.NFO,02/01/2024,11:12:16,0.15,0.1,564080,0.15,95560,400,179840
FINNIFTY02JAN2420050PE.NFO,02/01/2024,11:12:25,0.15,0.1,578480,0.15,82960,0,179840
FINNIFTY02JAN2420050PE.NFO,02/01/2024,11:12:34,0.15,0.1,578480,0.15,71960,0,179840
FINNIFTY02JAN2420050PE.NFO,02/01/2024,11:12:43,0.15,0.1,578480,0.15,64760,3600,179840
FINNIFTY02JAN2420050PE.NFO,02/01/2024,11:12:52,0.15,0.1,578480,0.15,64520,240,179840
FINNIFTY02JAN2420050PE.NFO,02/01/2024,11:13:01,0.1,0.1,574160,0.15,47120,7320,179840
FINNIFTY02JAN2420050PE.NFO,02/01/2024,11:13:11,0.15,0.15,130400,0.2,87120,40960,179840
FINNIFTY02JAN2420050PE.NFO,02/01/2024,11:13:20,0.15,0.15,144800,0.2,86840,0,179840
FINNIFTY02JAN2420050PE.NFO,02/01/2024,11:13:30,0.15,0.15,134000,0.2,79640,0,179840
FINNIFTY02JAN2420050PE.NFO,02/01/2024,11:13:41,0.15,0.15,130400,0.2,94040,0,179840
FINNIFTY02JAN2420050PE.NFO,02/01/2024,11:13:51,0.15,0.15,297800,0.2,94040,0,179840
FINNIFTY02JAN2420050PE.NFO,02/01/2024,11:14:00,0.15,0.15,173600,0.2,94040,0,179840
FINNIFTY02JAN2420050PE.NFO,02/01/2024,11:14:10,0.15,0.15,152000,0.2,94040,0,179840
FINNIFTY02JAN2420050PE.NFO,02/01/2024,11:14:57,0.15,0.15,152120,0.2,94040,0,179840
FINNIFTY02JAN2420050PE.NFO,02/01/2024,11:15:07,0.15,0.15,141320,0.2,90440,0,179840
FINNIFTY02JAN2420050PE.NFO,02/01/2024,11:15:37,0.15,0.15,144760,0.2,94000,200,178440
FINNIFTY02JAN2420050PE.NFO,02/01/2024,11:15:48,0.2,0.15,151960,0.2,93480,520,178440
FINNIFTY02JAN2420050PE.NFO,02/01/2024,11:15:58,0.2,0.15,151960,0.2,93440,40,178440
FINNIFTY02JAN2420050PE.NFO,02/01/2024,11:16:08,0.2,0.15,151960,0.2,92920,520,178440
FINNIFTY02JAN2420050PE.NFO,02/01/2024,11:16:18,0.2,0.15,151960,0.2,88080,4840,178440
FINNIFTY02JAN2420050PE.NFO,02/01/2024,11:16:27,0.2,0.15,151960,0.2,76920,9360,178440
FINNIFTY02JAN2420050PE.NFO,02/01/2024,11:16:37,0.2,0.15,151960,0.2,56680,20240,178440
FINNIFTY02JAN2420050PE.NFO,02/01/2024,11:16:46,0.2,0.15,151960,0.2,55400,2760,178440
FINNIFTY02JAN2420050PE.NFO,02/01/2024,11:16:56,0.2,0.15,151960,0.2,53600,0,178440
FINNIFTY02JAN2420050PE.NFO,02/01/2024,11:17:05,0.2,0.15,151960,0.2,55920,1280,178440
FINNIFTY02JAN2420050PE.NFO,02/01/2024,11:17:15,0.2,0.15,151960,0.2,52320,3600,178440
FINNIFTY02JAN2420050PE.NFO,02/01/2024,11:17:24,0.2,0.15,151960,0.2,51400,920,178440
FINNIFTY02JAN2420050PE.NFO,02/01/2024,11:17:43,0.2,0.15,151960,0.2,49800,1600,178440
FINNIFTY02JAN2420050PE.NFO,02/01/2024,11:18:02,0.2,0.15,151960,0.2,48840,960,168160
FINNIFTY02JAN2420050PE.NFO,02/01/2024,11:18:11,0.2,0.15,152360,0.2,47520,2280,168160
FINNIFTY02JAN2420050PE.NFO,02/01/2024,11:18:20,0.2,0.15,152360,0.2,47320,200,168160
FINNIFTY02JAN2420050PE.NFO,02/01/2024,11:18:39,0.2,0.15,152360,0.2,47120,200,168160
FINNIFTY02JAN2420050PE.NFO,02/01/2024,11:18:49,0.15,0.15,152240,0.2,47120,120,168160
FINNIFTY02JAN2420050PE.NFO,02/01/2024,11:18:58,0.2,0.15,152240,0.2,44920,2200,168160
FINNIFTY02JAN2420050PE.NFO,02/01/2024,11:19:07,0.2,0.15,152240,0.2,44720,200,168160
FINNIFTY02JAN2420050PE.NFO,02/01/2024,11:19:25,0.2,0.15,152240,0.2,39240,5480,168160
FINNIFTY02JAN2420050PE.NFO,02/01/2024,11:19:34,0.2,0.15,152240,0.2,37440,1800,168160
FINNIFTY02JAN2420050PE.NFO,02/01/2024,11:19:43,0.2,0.15,152240,0.2,37440,0,168160
FINNIFTY02JAN2420050PE.NFO,02/01/2024,11:20:01,0.2,0.15,152240,0.2,36320,1120,168160
FINNIFTY02JAN2420050PE.NFO,02/01/2024,11:20:10,0.2,0.15,154240,0.2,34280,2040,168160
FINNIFTY02JAN2420050PE.NFO,02/01/2024,11:20:19,0.2,0.15,154240,0.2,28680,200,168160
FINNIFTY02JAN2420050PE.NFO,02/01/2024,11:20:28,0.2,0.15,154240,0.2,23280,5400,168160
FINNIFTY02JAN2420050PE.NFO,02/01/2024,11:20:46,0.2,0.15,154240,0.2,22480,800,168160
FINNIFTY02JAN2420050PE.NFO,02/01/2024,11:20:56,0.2,0.15,154240,0.2,22320,160,168120
FINNIFTY02JAN2420050PE.NFO,02/01/2024,11:21:05,0.2,0.15,154280,0.2,22040,280,168120
FINNIFTY02JAN2420050PE.NFO,02/01/2024,11:21:15,0.2,0.15,154280,0.2,56440,3600,168120
FINNIFTY02JAN2420050PE.NFO,02/01/2024,11:21:24,0.2,0.15,1000280,0.2,51000,5440,168120
FINNIFTY02JAN2420050PE.NFO,02/01/2024,11:21:34,0.2,0.15,976880,0.2,50600,400,168120
FINNIFTY02JAN2420050PE.NFO,02/01/2024,11:21:43,0.2,0.15,492680,0.2,50600,0,168120
FINNIFTY02JAN2420050PE.NFO,02/01/2024,11:21:52,0.2,0.15,175880,0.2,50600,0,168120
FINNIFTY02JAN2420050PE.NFO,02/01/2024,11:22:01,0.2,0.15,166880,0.2,50160,440,168120
FINNIFTY02JAN2420050PE.NFO,02/01/2024,11:22:11,0.2,0.15,172280,0.2,50160,0,168120
FINNIFTY02JAN2420050PE.NFO,02/01/2024,11:22:40,0.15,0.15,171480,0.2,50160,800,168120
FINNIFTY02JAN2420050PE.NFO,02/01/2024,11:22:50,0.15,0.15,171240,0.2,50160,240,168120
FINNIFTY02JAN2420050PE.NFO,02/01/2024,11:22:59,0.15,0.15,170840,0.2,50960,1400,168120
FINNIFTY02JAN2420050PE.NFO,02/01/2024,11:23:09,0.2,0.15,170840,0.2,50360,2400,168120
FINNIFTY02JAN2420050PE.NFO,02/01/2024,11:23:27,0.2,0.15,170840,0.2,49360,1000,168120
FINNIFTY02JAN2420050PE.NFO,02/01/2024,11:23:54,0.2,0.15,170840,0.2,48160,1200,171800
FINNIFTY02JAN2420050PE.NFO,02/01/2024,11:24:03,0.15,0.15,170640,0.2,48160,200,171800
FINNIFTY02JAN2420050PE.NFO,02/01/2024,11:24:13,0.15,0.15,170120,0.2,48160,520,171800
FINNIFTY02JAN2420050PE.NFO,02/01/2024,11:24:22,0.2,0.15,169640,0.2,46360,2280,171800
FINNIFTY02JAN2420050PE.NFO,02/01/2024,11:24:40,0.2,0.15,169640,0.2,45560,800,171800
FINNIFTY02JAN2420050PE.NFO,02/01/2024,11:24:49,0.2,0.15,169640,0.2,44840,720,171800
FINNIFTY02JAN2420050PE.NFO,02/01/2024,11:25:08,0.2,0.15,171440,0.2,43320,1520,171800
FINNIFTY02JAN2420050PE.NFO,02/01/2024,11:25:16,0.15,0.15,177920,0.2,41800,2240,171800
FINNIFTY02JAN2420050PE.NFO,02/01/2024,11:25:26,0.2,0.15,186920,0.2,38720,3080,171800
FINNIFTY02JAN2420050PE.NFO,02/01/2024,11:25:36,0.2,0.15,201320,0.2,38080,2440,171800
FINNIFTY02JAN2420050PE.NFO,02/01/2024,11:25:45,0.2,0.15,204920,0.2,36280,3600,171800
FINNIFTY02JAN2420050PE.NFO,02/01/2024,11:25:54,0.2,0.15,204920,0.2,36520,1560,171800
FINNIFTY02JAN2420050PE.NFO,02/01/2024,11:26:03,0.2,0.15,204920,0.2,36080,440,171800
FINNIFTY02JAN2420050PE.NFO,02/01/2024,11:26:13,0.15,0.15,204200,0.2,35680,2920,171800
FINNIFTY02JAN2420050PE.NFO,02/01/2024,11:26:22,0.15,0.15,203960,0.2,37480,240,171800
FINNIFTY02JAN2420050PE.NFO,02/01/2024,11:26:59,0.2,0.15,203960,0.2,37080,400,174880
FINNIFTY02JAN2420050PE.NFO,02/01/2024,11:27:08,0.2,0.15,203960,0.2,35560,1520,174880
FINNIFTY02JAN2420050PE.NFO,02/01/2024,11:27:18,0.2,0.15,203960,0.2,36480,880,174880
FINNIFTY02JAN2420050PE.NFO,02/01/2024,11:27:27,0.2,0.15,203960,0.2,35480,1000,174880
FINNIFTY02JAN2420050PE.NFO,02/01/2024,11:27:36,0.15,0.15,203720,0.2,36280,3040,174880
FINNIFTY02JAN2420050PE.NFO,02/01/2024,11:27:45,0.15,0.15,203480,0.2,37080,1240,174880
FINNIFTY02JAN2420050PE.NFO,02/01/2024,11:28:13,0.15,0.15,203280,0.2,37080,200,174880
FINNIFTY02JAN2420050PE.NFO,02/01/2024,11:28:22,0.2,0.15,203280,0.2,36280,800,174880
FINNIFTY02JAN2420050PE.NFO,02/01/2024,11:28:31,0.2,0.15,203280,0.2,38080,0,174880
FINNIFTY02JAN2420050PE.NFO,02/01/2024,11:28:40,0.15,0.15,203240,0.2,38080,40,174880
FINNIFTY02JAN2420050PE.NFO,02/01/2024,11:28:49,0.2,0.15,203240,0.2,36880,1200,174880
FINNIFTY02JAN2420050PE.NFO,02/01/2024,11:29:07,0.2,0.15,203240,0.2,36520,360,174880
FINNIFTY02JAN2420050PE.NFO,02/01/2024,11:29:16,0.2,0.15,203240,0.2,36440,80,174880
FINNIFTY02JAN2420050PE.NFO,02/01/2024,11:29:26,0.2,0.15,203240,0.2,36160,280,174880
FINNIFTY02JAN2420050PE.NFO,02/01/2024,11:29:35,0.2,0.15,203240,0.2,37960,0,174880
FINNIFTY02JAN2420050PE.NFO,02/01/2024,11:29:44,0.2,0.15,203240,0.2,37360,0,174880
FINNIFTY02JAN2420050PE.NFO,02/01/2024,11:29:53,0.2,0.15,203240,0.2,37200,160,174880
FINNIFTY02JAN2420050PE.NFO,02/01/2024,11:30:02,0.2,0.15,203240,0.2,38600,400,175560
FINNIFTY02JAN2420050PE.NFO,02/01/2024,11:30:11,0.2,0.15,203240,0.2,60120,80,175560
FINNIFTY02JAN2420050PE.NFO,02/01/2024,11:30:20,0.15,0.15,202280,0.2,70920,960,175560
FINNIFTY02JAN2420050PE.NFO,02/01/2024,11:30:38,0.2,0.15,202280,0.2,70880,40,175560
FINNIFTY02JAN2420050PE.NFO,02/01/2024,11:30:55,0.2,0.15,202280,0.2,71480,0,175560
FINNIFTY02JAN2420050PE.NFO,02/01/2024,11:31:05,0.15,0.15,202200,0.2,71480,80,175560
FINNIFTY02JAN2420050PE.NFO,02/01/2024,11:31:14,0.15,0.15,202120,0.2,71480,0,175560
FINNIFTY02JAN2420050PE.NFO,02/01/2024,11:31:50,0.15,0.15,159440,0.2,19280,0,175560
FINNIFTY02JAN2420050PE.NFO,02/01/2024,11:31:59,0.2,0.15,159440,0.2,10280,5400,175560
FINNIFTY02JAN2420050PE.NFO,02/01/2024,11:32:08,0.25,0.2,40160,0.25,24440,13920,175560
FINNIFTY02JAN2420050PE.NFO,02/01/2024,11:32:18,0.25,0.2,63560,0.25,24240,3800,175560
FINNIFTY02JAN2420050PE.NFO,02/01/2024,11:32:27,0.2,0.2,63320,0.25,23960,280,175560
FINNIFTY02JAN2420050PE.NFO,02/01/2024,11:32:36,0.2,0.2,60920,0.25,23960,600,175560
FINNIFTY02JAN2420050PE.NFO,02/01/2024,11:32:54,0.2,0.2,24760,0.25,53080,47240,182960
FINNIFTY02JAN2420050PE.NFO,02/01/2024,11:33:03,0.25,0.2,22960,0.25,53000,40,182960
FINNIFTY02JAN2420050PE.NFO,02/01/2024,11:33:20,0.2,0.2,21360,0.25,53000,1600,182960
FINNIFTY02JAN2420050PE.NFO,02/01/2024,11:33:29,0.2,0.2,20200,0.25,58400,1160,182960
FINNIFTY02JAN2420050PE.NFO,02/01/2024,11:33:38,0.2,0.2,14800,0.25,27840,0,182960
FINNIFTY02JAN2420050PE.NFO,02/01/2024,11:33:47,0.2,0.2,14800,0.25,36800,0,182960
FINNIFTY02JAN2420050PE.NFO,02/01/2024,11:34:05,0.2,0.2,14560,0.25,36800,240,182960
FINNIFTY02JAN2420050PE.NFO,02/01/2024,11:34:14,0.25,0.2,14560,0.25,36720,80,182960
FINNIFTY02JAN2420050PE.NFO,02/01/2024,11:34:22,0.2,0.2,14080,0.25,36720,480,182960
FINNIFTY02JAN2420050PE.NFO,02/01/2024,11:34:32,0.2,0.15,148560,0.2,25200,16400,182960
FINNIFTY02JAN2420050PE.NFO,02/01/2024,11:34:41,0.2,0.15,148560,0.2,28800,0,182960
FINNIFTY02JAN2420050PE.NFO,02/01/2024,11:35:08,0.2,0.15,150360,0.2,28880,0,182960
FINNIFTY02JAN2420050PE.NFO,02/01/2024,11:35:17,0.2,0.15,150880,0.2,28800,0,182960
FINNIFTY02JAN2420050PE.NFO,02/01/2024,11:35:53,0.2,0.15,150880,0.2,28760,40,182960
FINNIFTY02JAN2420050PE.NFO,02/01/2024,11:36:02,0.2,0.15,151520,0.2,29520,40,154480
FINNIFTY02JAN2420050PE.NFO,02/01/2024,11:36:11,0.2,0.15,151520,0.2,33400,0,154480
FINNIFTY02JAN2420050PE.NFO,02/01/2024,11:36:21,0.2,0.15,151520,0.2,39520,960,154480
FINNIFTY02JAN2420050PE.NFO,02/01/2024,11:36:30,0.15,0.15,151480,0.2,39520,40,154480
FINNIFTY02JAN2420050PE.NFO,02/01/2024,11:36:39,0.2,0.15,151480,0.2,39440,80,154480
FINNIFTY02JAN2420050PE.NFO,02/01/2024,11:36:49,0.2,0.15,151480,0.2,39400,40,154480
FINNIFTY02JAN2420050PE.NFO,02/01/2024,11:36:59,0.2,0.15,151480,0.2,42480,40,154480
FINNIFTY02JAN2420050PE.NFO,02/01/2024,11:37:08,0.2,0.15,151480,0.2,42760,0,154480
FINNIFTY02JAN2420050PE.NFO,02/01/2024,11:37:17,0.2,0.15,151480,0.2,40600,1680,154480
FINNIFTY02JAN2420050PE.NFO,02/01/2024,11:37:26,0.2,0.15,151480,0.2,40520,40,154480
FINNIFTY02JAN2420050PE.NFO,02/01/2024,11:37:55,0.2,0.15,151480,0.2,40760,0,154480
FINNIFTY02JAN2420050PE.NFO,02/01/2024,11:38:04,0.2,0.15,151480,0.2,43080,80,154480
FINNIFTY02JAN2420050PE.NFO,02/01/2024,11:38:14,0.2,0.15,151480,0.2,42760,80,154480
FINNIFTY02JAN2420050PE.NFO,02/01/2024,11:38:24,0.2,0.15,151480,0.2,42480,40,154480
FINNIFTY02JAN2420050PE.NFO,02/01/2024,11:38:33,0.2,0.15,150680,0.2,42480,0,154480
FINNIFTY02JAN2420050PE.NFO,02/01/2024,11:38:52,0.2,0.15,150680,0.2,42400,80,154760
FINNIFTY02JAN2420050PE.NFO,02/01/2024,11:39:11,0.2,0.15,150680,0.2,42400,0,154760
FINNIFTY02JAN2420050PE.NFO,02/01/2024,11:39:39,0.2,0.15,150680,0.2,39400,3000,154760
FINNIFTY02JAN2420050PE.NFO,02/01/2024,11:39:48,0.2,0.15,150680,0.2,39400,0,154760
FINNIFTY02JAN2420050PE.NFO,02/01/2024,11:39:58,0.2,0.15,150680,0.2,37960,1440,154760
FINNIFTY02JAN2420050PE.NFO,02/01/2024,11:40:33,0.2,0.15,151080,0.2,37960,0,154760
FINNIFTY02JAN2420050PE.NFO,02/01/2024,11:40:42,0.2,0.15,151080,0.2,37920,40,154760
FINNIFTY02JAN2420050PE.NFO,02/01/2024,11:40:51,0.2,0.15,151080,0.2,37880,40,154760
FINNIFTY02JAN2420050PE.NFO,02/01/2024,11:41:00,0.2,0.15,151080,0.2,37840,40,154760
FINNIFTY02JAN2420050PE.NFO,02/01/2024,11:41:29,0.2,0.15,151080,0.2,38120,0,154760
FINNIFTY02JAN2420050PE.NFO,02/01/2024,11:41:39,0.2,0.15,151080,0.2,37840,0,154760
FINNIFTY02JAN2420050PE.NFO,02/01/2024,11:41:49,0.15,0.15,151000,0.2,36480,1800,154760
FINNIFTY02JAN2420050PE.NFO,02/01/2024,11:41:59,0.2,0.15,151000,0.2,37280,560,154720
FINNIFTY02JAN2420050PE.NFO,02/01/2024,11:42:09,0.2,0.15,151000,0.2,37280,0,154720
FINNIFTY02JAN2420050PE.NFO,02/01/2024,11:42:28,0.2,0.15,151000,0.2,36320,960,154720
FINNIFTY02JAN2420050PE.NFO,02/01/2024,11:42:38,0.2,0.15,151000,0.2,34680,1640,154720
FINNIFTY02JAN2420050PE.NFO,02/01/2024,11:43:06,0.2,0.15,151000,0.2,33920,760,154720
FINNIFTY02JAN2420050PE.NFO,02/01/2024,11:43:24,0.2,0.15,151000,0.2,33920,0,154720
FINNIFTY02JAN2420050PE.NFO,02/01/2024,11:43:43,0.2,0.15,150920,0.2,34440,1360,154720
FINNIFTY02JAN2420050PE.NFO,02/01/2024,11:43:53,0.2,0.15,150920,0.2,33600,840,154720
FINNIFTY02JAN2420050PE.NFO,02/01/2024,11:44:03,0.2,0.15,129320,0.2,24640,4000,154720
FINNIFTY02JAN2420050PE.NFO,02/01/2024,11:44:12,0.2,0.15,129320,0.2,24640,0,154720
FINNIFTY02JAN2420050PE.NFO,02/01/2024,11:44:21,0.2,0.15,129320,0.2,24520,120,154720
FINNIFTY02JAN2420050PE.NFO,02/01/2024,11:44:40,0.15,0.15,129280,0.2,28120,40,154720
FINNIFTY02JAN2420050PE.NFO,02/01/2024,11:45:07,0.15,0.15,129240,0.2,28120,40,146680
FINNIFTY02JAN2420050PE.NFO,02/01/2024,11:45:16,0.15,0.15,129200,0.2,28120,40,146680
FINNIFTY02JAN2420050PE.NFO,02/01/2024,11:45:25,0.2,0.15,129200,0.2,24120,4000,146680
FINNIFTY02JAN2420050PE.NFO,02/01/2024,11:45:35,0.2,0.15,134760,0.2,24120,0,146680
FINNIFTY02JAN2420050PE.NFO,02/01/2024,11:45:45,0.15,0.15,134280,0.2,23520,2440,146680
FINNIFTY02JAN2420050PE.NFO,02/01/2024,11:45:54,0.15,0.15,130920,0.2,27120,3360,146680
FINNIFTY02JAN2420050PE.NFO,02/01/2024,11:46:03,0.15,0.15,129600,0.2,28920,1320,146680
FINNIFTY02JAN2420050PE.NFO,02/01/2024,11:46:13,0.15,0.15,128400,0.2,30720,1200,146680
FINNIFTY02JAN2420050PE.NFO,02/01/2024,11:46:22,0.15,0.15,127680,0.2,31040,720,146680
FINNIFTY02JAN2420050PE.NFO,02/01/2024,11:46:32,0.15,0.15,127680,0.2,30720,0,146680
FINNIFTY02JAN2420050PE.NFO,02/01/2024,11:46:41,0.15,0.15,127200,0.2,30720,480,146680
FINNIFTY02JAN2420050PE.NFO,02/01/2024,11:46:50,0.15,0.15,127200,0.2,30720,0,146680
FINNIFTY02JAN2420050PE.NFO,02/01/2024,11:47:08,0.2,0.15,127200,0.2,30560,160,146680
FINNIFTY02JAN2420050PE.NFO,02/01/2024,11:47:17,0.2,0.15,127200,0.2,30560,0,146680
FINNIFTY02JAN2420050PE.NFO,02/01/2024,11:47:59,0.15,0.15,126640,0.2,32360,560,154520
FINNIFTY02JAN2420050PE.NFO,02/01/2024,11:49:09,0.15,0.15,126240,0.2,32360,0,154520
FINNIFTY02JAN2420050PE.NFO,02/01/2024,11:51:14,0.15,0.15,126000,0.2,32360,240,155080
FINNIFTY02JAN2420050PE.NFO,02/01/2024,11:52:08,0.15,0.15,125800,0.2,32360,200,155080
FINNIFTY02JAN2420050PE.NFO,02/01/2024,11:52:18,0.15,0.15,125400,0.2,32360,400,155080
FINNIFTY02JAN2420050PE.NFO,02/01/2024,11:52:36,0.15,0.15,124800,0.2,27520,4200,155080
FINNIFTY02JAN2420050PE.NFO,02/01/2024,11:53:21,0.15,0.15,124680,0.2,28680,120,155080
FINNIFTY02JAN2420050PE.NFO,02/01/2024,11:53:39,0.15,0.15,124640,0.2,28680,40,155080
FINNIFTY02JAN2420050PE.NFO,02/01/2024,11:54:23,0.2,0.15,124640,0.2,28280,400,156880
FINNIFTY02JAN2420050PE.NFO,02/01/2024,11:55:25,0.2,0.15,124640,0.2,28240,40,156880
FINNIFTY02JAN2420050PE.NFO,02/01/2024,11:56:01,0.15,0.15,124440,0.2,28240,200,156880
FINNIFTY02JAN2420050PE.NFO,02/01/2024,11:57:00,0.15,0.15,122640,0.2,28240,0,156880
FINNIFTY02JAN2420050PE.NFO,02/01/2024,11:57:09,0.2,0.15,122640,0.2,28280,160,157080
FINNIFTY02JAN2420050PE.NFO,02/01/2024,11:57:18,0.2,0.15,122640,0.2,30080,0,157080
FINNIFTY02JAN2420050PE.NFO,02/01/2024,11:57:26,0.2,0.15,122640,0.2,33680,0,157080
FINNIFTY02JAN2420050PE.NFO,02/01/2024,11:57:35,0.2,0.15,122640,0.2,33320,400,157080
FINNIFTY02JAN2420050PE.NFO,02/01/2024,11:57:44,0.15,0.15,122560,0.2,33320,80,157080
FINNIFTY02JAN2420050PE.NFO,02/01/2024,11:57:52,0.2,0.15,122560,0.2,33280,40,157080
FINNIFTY02JAN2420050PE.NFO,02/01/2024,11:58:36,0.15,0.15,100960,0.2,33280,21600,157080
FINNIFTY02JAN2420050PE.NFO,02/01/2024,11:58:45,0.15,0.15,100960,0.2,49480,0,157080
FINNIFTY02JAN2420050PE.NFO,02/01/2024,11:58:54,0.15,0.15,100960,0.2,62080,0,157080
FINNIFTY02JAN2420050PE.NFO,02/01/2024,11:59:29,0.2,0.15,100960,0.2,56640,5440,157080
FINNIFTY02JAN2420050PE.NFO,02/01/2024,12:00:03,0.15,0.15,100720,0.2,56640,240,157120
FINNIFTY02JAN2420050PE.NFO,02/01/2024,12:00:30,0.15,0.15,100480,0.2,56640,240,157120
FINNIFTY02JAN2420050PE.NFO,02/01/2024,12:00:39,0.15,0.15,100280,0.2,56640,200,157120
FINNIFTY02JAN2420050PE.NFO,02/01/2024,12:00:48,0.2,0.15,100040,0.2,56560,320,157120
FINNIFTY02JAN2420050PE.NFO,02/01/2024,12:01:42,0.2,0.15,100040,0.2,56520,40,157120
FINNIFTY02JAN2420050PE.NFO,02/01/2024,12:01:51,0.15,0.15,99800,0.2,56480,280,157120
FINNIFTY02JAN2420050PE.NFO,02/01/2024,12:02:00,0.15,0.15,99360,0.2,58160,560,157120
FINNIFTY02JAN2420050PE.NFO,02/01/2024,12:02:18,0.15,0.15,98960,0.2,58160,400,157120
FINNIFTY02JAN2420050PE.NFO,02/01/2024,12:02:53,0.2,0.15,98960,0.2,58120,40,157120
FINNIFTY02JAN2420050PE.NFO,02/01/2024,12:03:01,0.2,0.15,98960,0.2,58080,40,159080
FINNIFTY02JAN2420050PE.NFO,02/01/2024,12:03:10,0.2,0.15,98960,0.2,58040,40,159080
FINNIFTY02JAN2420050PE.NFO,02/01/2024,12:03:19,0.2,0.15,98760,0.2,58000,240,159080
FINNIFTY02JAN2420050PE.NFO,02/01/2024,12:03:28,0.2,0.15,98760,0.2,57960,40,159080
FINNIFTY02JAN2420050PE.NFO,02/01/2024,12:03:37,0.2,0.15,98760,0.2,57920,40,159080
FINNIFTY02JAN2420050PE.NFO,02/01/2024,12:03:46,0.2,0.15,98840,0.2,57920,0,159080
FINNIFTY02JAN2420050PE.NFO,02/01/2024,12:04:22,0.15,0.15,78600,0.2,61360,20240,159080
FINNIFTY02JAN2420050PE.NFO,02/01/2024,12:04:31,0.2,0.15,60600,0.2,82920,200,159080
FINNIFTY02JAN2420050PE.NFO,02/01/2024,12:04:40,0.15,0.15,55200,0.2,75440,5640,159080
FINNIFTY02JAN2420050PE.NFO,02/01/2024,12:04:49,0.2,0.15,35160,0.2,75240,440,159080
FINNIFTY02JAN2420050PE.NFO,02/01/2024,12:04:58,0.2,0.15,33360,0.2,76960,80,159080
FINNIFTY02JAN2420050PE.NFO,02/01/2024,12:05:07,0.2,0.15,32160,0.2,76840,120,159080
FINNIFTY02JAN2420050PE.NFO,02/01/2024,12:05:25,0.2,0.15,32160,0.2,74880,160,159080
FINNIFTY02JAN2420050PE.NFO,02/01/2024,12:05:34,0.2,0.15,32160,0.2,74720,160,159080
FINNIFTY02JAN2420050PE.NFO,02/01/2024,12:05:43,0.2,0.15,32160,0.2,75160,160,159080
FINNIFTY02JAN2420050PE.NFO,02/01/2024,12:06:00,0.2,0.15,32160,0.2,75000,160,159480
FINNIFTY02JAN2420050PE.NFO,02/01/2024,12:06:09,0.2,0.15,32160,0.2,74920,80,159480
FINNIFTY02JAN2420050PE.NFO,02/01/2024,12:06:18,0.2,0.15,32160,0.2,74840,80,159480
FINNIFTY02JAN2420050PE.NFO,02/01/2024,12:06:27,0.2,0.15,32160,0.2,74760,80,159480
FINNIFTY02JAN2420050PE.NFO,02/01/2024,12:07:35,0.15,0.15,32120,0.2,74760,40,159480
FINNIFTY02JAN2420050PE.NFO,02/01/2024,12:07:53,0.15,0.15,32120,0.2,74760,0,159480
FINNIFTY02JAN2420050PE.NFO,02/01/2024,12:10:02,0.2,0.15,30320,0.2,74720,40,159480
FINNIFTY02JAN2420050PE.NFO,02/01/2024,12:10:20,0.2,0.15,32120,0.2,74680,40,159480
FINNIFTY02JAN2420050PE.NFO,02/01/2024,12:11:33,0.15,0.15,19520,0.2,74680,10800,159480
FINNIFTY02JAN2420050PE.NFO,02/01/2024,12:11:42,0.2,0.15,19520,0.2,74080,600,159480
FINNIFTY02JAN2420050PE.NFO,02/01/2024,12:12:09,0.15,0.15,18920,0.2,74080,600,159480
FINNIFTY02JAN2420050PE.NFO,02/01/2024,12:13:02,0.15,0.15,22520,0.2,74080,0,159480
FINNIFTY02JAN2420050PE.NFO,02/01/2024,12:13:11,0.15,0.15,24320,0.2,74080,0,159480
FINNIFTY02JAN2420050PE.NFO,02/01/2024,12:13:19,0.15,0.15,25920,0.2,74080,200,159480
FINNIFTY02JAN2420050PE.NFO,02/01/2024,12:13:28,0.15,0.15,25720,0.2,74080,200,159480
FINNIFTY02JAN2420050PE.NFO,02/01/2024,12:13:36,0.15,0.15,23920,0.2,74080,0,159480
FINNIFTY02JAN2420050PE.NFO,02/01/2024,12:14:02,0.15,0.15,24920,0.2,74000,880,159480
FINNIFTY02JAN2420050PE.NFO,02/01/2024,12:14:11,0.2,0.15,23040,0.2,73840,240,159480
FINNIFTY02JAN2420050PE.NFO,02/01/2024,12:14:19,0.2,0.15,23040,0.2,88160,80,159480
FINNIFTY02JAN2420050PE.NFO,02/01/2024,12:14:28,0.2,0.15,23040,0.2,88080,80,159480
FINNIFTY02JAN2420050PE.NFO,02/01/2024,12:14:36,0.2,0.15,23040,0.2,87880,200,159480
FINNIFTY02JAN2420050PE.NFO,02/01/2024,12:14:45,0.15,0.15,22680,0.2,86040,400,159480
FINNIFTY02JAN2420050PE.NFO,02/01/2024,12:14:54,0.15,0.15,20520,0.2,86040,360,159480
FINNIFTY02JAN2420050PE.NFO,02/01/2024,12:15:03,0.2,0.15,20520,0.2,85880,160,159480
FINNIFTY02JAN2420050PE.NFO,02/01/2024,12:15:12,0.2,0.15,20520,0.2,85600,280,159480
FINNIFTY02JAN2420050PE.NFO,02/01/2024,12:15:20,0.2,0.15,20520,0.2,87320,80,159480
FINNIFTY02JAN2420050PE.NFO,02/01/2024,12:15:29,0.2,0.15,20520,0.2,87120,200,159480
FINNIFTY02JAN2420050PE.NFO,02/01/2024,12:15:39,0.2,0.15,20520,0.2,86960,160,159480
FINNIFTY02JAN2420050PE.NFO,02/01/2024,12:15:49,0.2,0.15,18720,0.2,86880,80,159480
FINNIFTY02JAN2420050PE.NFO,02/01/2024,12:15:59,0.2,0.15,20520,0.2,86720,160,159480
FINNIFTY02JAN2420050PE.NFO,02/01/2024,12:16:08,0.2,0.15,18720,0.2,86600,120,159480
FINNIFTY02JAN2420050PE.NFO,02/01/2024,12:16:19,0.2,0.15,18720,0.2,79160,240,159480
FINNIFTY02JAN2420050PE.NFO,02/01/2024,12:16:29,0.2,0.15,18720,0.2,78920,240,159480
FINNIFTY02JAN2420050PE.NFO,02/01/2024,12:17:10,0.2,0.15,18720,0.2,76360,2480,159480
FINNIFTY02JAN2420050PE.NFO,02/01/2024,12:17:22,0.2,0.15,18720,0.2,74200,2160,159480
FINNIFTY02JAN2420050PE.NFO,02/01/2024,12:17:32,0.2,0.15,18720,0.2,73720,480,159480
FINNIFTY02JAN2420050PE.NFO,02/01/2024,12:17:41,0.2,0.15,18720,0.2,73200,520,159480
FINNIFTY02JAN2420050PE.NFO,02/01/2024,12:17:50,0.2,0.15,18720,0.2,72680,520,159480
FINNIFTY02JAN2420050PE.NFO,02/01/2024,12:18:00,0.2,0.15,18680,0.2,70840,1880,155800
FINNIFTY02JAN2420050PE.NFO,02/01/2024,12:18:09,0.2,0.15,54680,0.2,70360,480,155800
FINNIFTY02JAN2420050PE.NFO,02/01/2024,12:18:19,0.2,0.15,54680,0.2,80200,240,155800
FINNIFTY02JAN2420050PE.NFO,02/01/2024,12:18:28,0.2,0.15,54680,0.2,78760,1440,155800
FINNIFTY02JAN2420050PE.NFO,02/01/2024,12:18:37,0.2,0.15,54520,0.2,80960,360,155800
FINNIFTY02JAN2420050PE.NFO,02/01/2024,12:18:47,0.2,0.15,54520,0.2,80920,40,155800
FINNIFTY02JAN2420050PE.NFO,02/01/2024,12:19:06,0.2,0.15,54520,0.2,80920,0,155800
FINNIFTY02JAN2420050PE.NFO,02/01/2024,12:20:24,0.2,0.15,54520,0.2,80520,400,155800
FINNIFTY02JAN2420050PE.NFO,02/01/2024,12:20:52,0.15,0.15,54240,0.2,81360,280,155800
FINNIFTY02JAN2420050PE.NFO,02/01/2024,12:21:01,0.15,0.15,54000,0.2,81360,240,156560
FINNIFTY02JAN2420050PE.NFO,02/01/2024,12:21:11,0.15,0.15,53840,0.2,80800,720,156560
FINNIFTY02JAN2420050PE.NFO,02/01/2024,12:21:21,0.15,0.15,53480,0.2,80600,560,156560
FINNIFTY02JAN2420050PE.NFO,02/01/2024,12:21:31,0.15,0.15,53160,0.2,80600,320,156560
FINNIFTY02JAN2420050PE.NFO,02/01/2024,12:21:40,0.15,0.15,52960,0.2,80600,200,156560
FINNIFTY02JAN2420050PE.NFO,02/01/2024,12:21:50,0.2,0.15,51360,0.2,82120,1880,156560
FINNIFTY02JAN2420050PE.NFO,02/01/2024,12:22:00,0.2,0.15,51360,0.2,83920,0,156560
FINNIFTY02JAN2420050PE.NFO,02/01/2024,12:22:10,0.15,0.15,51280,0.2,83920,80,156560
FINNIFTY02JAN2420050PE.NFO,02/01/2024,12:22:37,0.2,0.15,51280,0.2,83720,200,156560
FINNIFTY02JAN2420050PE.NFO,02/01/2024,12:24:06,0.2,0.15,51280,0.2,83600,120,156560
FINNIFTY02JAN2420050PE.NFO,02/01/2024,12:25:38,0.2,0.15,51280,0.2,83560,40,156560
FINNIFTY02JAN2420050PE.NFO,02/01/2024,12:27:50,0.15,0.15,51120,0.2,85680,160,156720
FINNIFTY02JAN2420050PE.NFO,02/01/2024,12:28:17,0.2,0.15,51120,0.2,85480,200,156720
FINNIFTY02JAN2420050PE.NFO,02/01/2024,12:28:26,0.2,0.15,52320,0.2,85480,0,156720
FINNIFTY02JAN2420050PE.NFO,02/01/2024,12:28:35,0.2,0.15,54720,0.2,85480,0,156720
FINNIFTY02JAN2420050PE.NFO,02/01/2024,12:32:50,0.2,0.15,54720,0.2,85440,40,156720
FINNIFTY02JAN2420050PE.NFO,02/01/2024,12:33:14,0.2,0.15,54720,0.2,85520,0,156720
FINNIFTY02JAN2420050PE.NFO,02/01/2024,12:33:40,0.15,0.15,54640,0.2,85440,80,156760
FINNIFTY02JAN2420050PE.NFO,02/01/2024,12:34:40,0.2,0.15,54640,0.2,85400,40,156760
FINNIFTY02JAN2420050PE.NFO,02/01/2024,12:34:49,0.2,0.15,54640,0.2,85320,80,156760
FINNIFTY02JAN2420050PE.NFO,02/01/2024,12:35:08,0.2,0.15,51040,0.2,85320,0,156760
FINNIFTY02JAN2420050PE.NFO,02/01/2024,12:37:10,0.2,0.15,25840,0.2,85320,0,156760
FINNIFTY02JAN2420050PE.NFO,02/01/2024,12:37:20,0.2,0.15,15040,0.2,85320,0,156760
FINNIFTY02JAN2420050PE.NFO,02/01/2024,12:37:54,0.2,0.15,14160,0.2,85320,0,156760
FINNIFTY02JAN2420050PE.NFO,02/01/2024,12:38:02,0.2,0.15,14160,0.2,85120,200,156880
FINNIFTY02JAN2420050PE.NFO,02/01/2024,12:38:11,0.2,0.15,14160,0.2,84880,240,156880
FINNIFTY02JAN2420050PE.NFO,02/01/2024,12:38:21,0.2,0.15,14160,0.2,84680,200,156880
FINNIFTY02JAN2420050PE.NFO,02/01/2024,12:38:39,0.2,0.15,14160,0.2,82880,0,156880
FINNIFTY02JAN2420050PE.NFO,02/01/2024,12:38:56,0.15,0.15,13240,0.2,82880,920,156880
FINNIFTY02JAN2420050PE.NFO,02/01/2024,12:39:05,0.2,0.15,13240,0.2,82840,40,155960
FINNIFTY02JAN2420050PE.NFO,02/01/2024,12:40:40,0.2,0.15,13240,0.2,82840,40,155960
FINNIFTY02JAN2420050PE.NFO,02/01/2024,12:41:31,0.15,0.15,13200,0.2,82840,40,155960
FINNIFTY02JAN2420050PE.NFO,02/01/2024,12:41:41,0.2,0.15,13200,0.2,83040,40,155960
FINNIFTY02JAN2420050PE.NFO,02/01/2024,12:41:51,0.2,0.15,13200,0.2,83040,0,155960
FINNIFTY02JAN2420050PE.NFO,02/01/2024,12:43:10,0.2,0.15,13200,0.2,82760,40,156040
FINNIFTY02JAN2420050PE.NFO,02/01/2024,12:43:19,0.2,0.15,13200,0.2,82680,80,156040
FINNIFTY02JAN2420050PE.NFO,02/01/2024,12:43:28,0.2,0.15,13200,0.2,82640,40,156040
FINNIFTY02JAN2420050PE.NFO,02/01/2024,12:43:46,0.15,0.15,4200,0.2,66440,11320,156040
FINNIFTY02JAN2420050PE.NFO,02/01/2024,12:43:54,0.15,0.15,4200,0.2,66440,0,156040
FINNIFTY02JAN2420050PE.NFO,02/01/2024,12:45:21,0.15,0.15,4240,0.2,66440,0,156040
FINNIFTY02JAN2420050PE.NFO,02/01/2024,12:45:30,0.2,0.15,4200,0.2,66400,40,153360
FINNIFTY02JAN2420050PE.NFO,02/01/2024,12:45:47,0.15,0.15,1800,0.2,64640,2400,153360
FINNIFTY02JAN2420050PE.NFO,02/01/2024,12:45:56,0.15,0.1,386000,0.15,82800,6040,153360
FINNIFTY02JAN2420050PE.NFO,02/01/2024,12:46:04,0.15,0.1,386000,0.15,81000,1800,153360
FINNIFTY02JAN2420050PE.NFO,02/01/2024,12:46:22,0.15,0.1,386000,0.15,79200,1800,153360
FINNIFTY02JAN2420050PE.NFO,02/01/2024,12:46:39,0.15,0.1,386000,0.15,75600,3600,153360
FINNIFTY02JAN2420050PE.NFO,02/01/2024,12:47:23,0.15,0.1,369800,0.15,79200,0,153360
FINNIFTY02JAN2420050PE.NFO,02/01/2024,12:47:32,0.15,0.1,368000,0.15,79200,0,153360
FINNIFTY02JAN2420050PE.NFO,02/01/2024,12:47:51,0.15,0.1,368000,0.15,79120,80,153360
FINNIFTY02JAN2420050PE.NFO,02/01/2024,12:48:00,0.15,0.1,368000,0.15,77920,1200,149200
FINNIFTY02JAN2420050PE.NFO,02/01/2024,12:48:09,0.15,0.1,368000,0.15,77920,0,149200
FINNIFTY02JAN2420050PE.NFO,02/01/2024,12:48:44,0.15,0.1,368000,0.15,76720,1200,149200
FINNIFTY02JAN2420050PE.NFO,02/01/2024,12:49:02,0.15,0.1,368000,0.15,76680,40,149200
FINNIFTY02JAN2420050PE.NFO,02/01/2024,12:49:38,0.15,0.1,368000,0.15,76200,480,149200
FINNIFTY02JAN2420050PE.NFO,02/01/2024,12:50:03,0.15,0.1,314000,0.15,76200,0,149200
FINNIFTY02JAN2420050PE.NFO,02/01/2024,12:50:21,0.15,0.1,322640,0.15,68920,0,149200
FINNIFTY02JAN2420050PE.NFO,02/01/2024,12:50:30,0.15,0.1,314000,0.15,68920,0,149200
FINNIFTY02JAN2420050PE.NFO,02/01/2024,12:50:39,0.15,0.1,314000,0.15,68720,200,149200
FINNIFTY02JAN2420050PE.NFO,02/01/2024,12:50:57,0.15,0.1,314000,0.15,68640,80,149200
FINNIFTY02JAN2420050PE.NFO,02/01/2024,12:51:34,0.15,0.1,314000,0.15,68160,440,151000
FINNIFTY02JAN2420050PE.NFO,02/01/2024,12:52:35,0.15,0.1,314000,0.15,68160,0,151000
FINNIFTY02JAN2420050PE.NFO,02/01/2024,12:53:18,0.15,0.1,314000,0.15,68000,160,151000
FINNIFTY02JAN2420050PE.NFO,02/01/2024,12:54:01,0.15,0.1,314000,0.15,66600,1400,150840
FINNIFTY02JAN2420050PE.NFO,02/01/2024,12:54:10,0.15,0.1,314000,0.15,65000,1600,150840
FINNIFTY02JAN2420050PE.NFO,02/01/2024,12:54:27,0.15,0.1,314000,0.15,63200,1800,150840
FINNIFTY02JAN2420050PE.NFO,02/01/2024,12:55:36,0.15,0.1,314000,0.15,63160,40,150840
FINNIFTY02JAN2420050PE.NFO,02/01/2024,12:57:53,0.15,0.1,314000,0.15,61400,1760,150840
FINNIFTY02JAN2420050PE.NFO,02/01/2024,12:58:02,0.15,0.1,314000,0.15,61240,160,150840
FINNIFTY02JAN2420050PE.NFO,02/01/2024,12:58:39,0.15,0.1,314000,0.15,61080,160,150840
FINNIFTY02JAN2420050PE.NFO,02/01/2024,12:58:48,0.15,0.1,313920,0.15,60760,400,150840
FINNIFTY02JAN2420050PE.NFO,02/01/2024,12:58:57,0.15,0.1,313920,0.15,62440,120,150840
FINNIFTY02JAN2420050PE.NFO,02/01/2024,13:00:16,0.15,0.1,313920,0.15,62400,0,150840
FINNIFTY02JAN2420050PE.NFO,02/01/2024,13:00:33,0.15,0.1,313920,0.15,62360,40,150840
FINNIFTY02JAN2420050PE.NFO,02/01/2024,13:00:41,0.15,0.1,313920,0.15,61720,640,150840
FINNIFTY02JAN2420050PE.NFO,02/01/2024,13:02:27,0.1,0.1,312200,0.15,63680,1720,150840
FINNIFTY02JAN2420050PE.NFO,02/01/2024,13:02:57,0.1,0.1,312200,0.15,63680,0,150840
FINNIFTY02JAN2420050PE.NFO,02/01/2024,13:03:06,0.1,0.1,312240,0.15,63680,0,150840
FINNIFTY02JAN2420050PE.NFO,02/01/2024,13:03:15,0.15,0.1,312240,0.15,56360,120,152560
FINNIFTY02JAN2420050PE.NFO,02/01/2024,13:03:24,0.15,0.1,312240,0.15,63440,120,152560
FINNIFTY02JAN2420050PE.NFO,02/01/2024,13:03:43,0.15,0.1,312240,0.15,53440,10000,152560
FINNIFTY02JAN2420050PE.NFO,02/01/2024,13:04:04,0.15,0.1,312240,0.15,45200,1280,152560
FINNIFTY02JAN2420050PE.NFO,02/01/2024,13:04:15,0.15,0.1,312240,0.15,45200,0,152560
FINNIFTY02JAN2420050PE.NFO,02/01/2024,13:04:25,0.1,0.1,311880,0.15,51520,1040,152560
FINNIFTY02JAN2420050PE.NFO,02/01/2024,13:04:35,0.1,0.1,311560,0.15,53320,320,152560
FINNIFTY02JAN2420050PE.NFO,02/01/2024,13:04:45,0.1,0.1,311040,0.15,53560,520,152560
FINNIFTY02JAN2420050PE.NFO,02/01/2024,13:04:55,0.1,0.1,310600,0.15,53560,440,152560
FINNIFTY02JAN2420050PE.NFO,02/01/2024,13:05:04,0.1,0.1,310320,0.15,53560,280,152560
FINNIFTY02JAN2420050PE.NFO,02/01/2024,13:05:14,0.1,0.1,310040,0.15,53320,280,152560
FINNIFTY02JAN2420050PE.NFO,02/01/2024,13:05:23,0.1,0.1,309840,0.15,54200,1120,152560
FINNIFTY02JAN2420050PE.NFO,02/01/2024,13:05:31,0.15,0.1,309760,0.15,54000,280,152560
FINNIFTY02JAN2420050PE.NFO,02/01/2024,13:05:40,0.15,0.1,309760,0.15,53720,280,152560
FINNIFTY02JAN2420050PE.NFO,02/01/2024,13:05:49,0.15,0.1,309720,0.15,53720,0,152560
FINNIFTY02JAN2420050PE.NFO,02/01/2024,13:06:16,0.15,0.1,309720,0.15,53320,400,157440
FINNIFTY02JAN2420050PE.NFO,02/01/2024,13:06:42,0.15,0.1,309720,0.15,51520,1800,157440
FINNIFTY02JAN2420050PE.NFO,02/01/2024,13:07:09,0.15,0.1,306120,0.15,51360,160,157440
FINNIFTY02JAN2420050PE.NFO,02/01/2024,13:07:18,0.15,0.1,306120,0.15,51160,200,157440
FINNIFTY02JAN2420050PE.NFO,02/01/2024,13:07:26,0.15,0.1,306120,0.15,50400,800,157440
FINNIFTY02JAN2420050PE.NFO,02/01/2024,13:07:35,0.15,0.1,306120,0.15,50200,200,157440
FINNIFTY02JAN2420050PE.NFO,02/01/2024,13:07:44,0.1,0.1,306080,0.15,50160,40,157440
FINNIFTY02JAN2420050PE.NFO,02/01/2024,13:07:53,0.15,0.1,306080,0.15,50080,80,157440
FINNIFTY02JAN2420050PE.NFO,02/01/2024,13:08:02,0.15,0.1,306080,0.15,50240,200,157440
FINNIFTY02JAN2420050PE.NFO,02/01/2024,13:08:13,0.15,0.1,306080,0.15,49920,320,157440
FINNIFTY02JAN2420050PE.NFO,02/01/2024,13:08:22,0.15,0.1,305800,0.15,49680,520,157440
FINNIFTY02JAN2420050PE.NFO,02/01/2024,13:08:31,0.1,0.1,305240,0.15,49480,760,157440
FINNIFTY02JAN2420050PE.NFO,02/01/2024,13:08:40,0.1,0.1,304840,0.15,49480,400,157440
FINNIFTY02JAN2420050PE.NFO,02/01/2024,13:09:07,0.1,0.1,304720,0.15,49480,120,160720
FINNIFTY02JAN2420050PE.NFO,02/01/2024,13:09:34,0.15,0.1,304720,0.15,49440,40,160720
FINNIFTY02JAN2420050PE.NFO,02/01/2024,13:09:52,0.15,0.1,304720,0.15,49720,0,160720
FINNIFTY02JAN2420050PE.NFO,02/01/2024,13:10:10,0.15,0.1,304720,0.15,49120,600,160720
FINNIFTY02JAN2420050PE.NFO,02/01/2024,13:10:45,0.15,0.1,304720,0.15,50920,0,160720
FINNIFTY02JAN2420050PE.NFO,02/01/2024,13:11:29,0.15,0.1,304720,0.15,50040,880,160720
FINNIFTY02JAN2420050PE.NFO,02/01/2024,13:11:39,0.15,0.1,304720,0.15,49160,880,160720
FINNIFTY02JAN2420050PE.NFO,02/01/2024,13:11:48,0.15,0.1,304720,0.15,39160,2800,160720
FINNIFTY02JAN2420050PE.NFO,02/01/2024,13:12:05,0.15,0.1,304720,0.15,46240,120,159360
FINNIFTY02JAN2420050PE.NFO,02/01/2024,13:12:23,0.15,0.1,304720,0.15,45840,120,159360
FINNIFTY02JAN2420050PE.NFO,02/01/2024,13:12:31,0.15,0.1,304720,0.15,45760,80,159360
FINNIFTY02JAN2420050PE.NFO,02/01/2024,13:14:06,0.15,0.1,304720,0.15,45520,240,159360
FINNIFTY02JAN2420050PE.NFO,02/01/2024,13:14:15,0.15,0.1,304720,0.15,45280,240,159360
FINNIFTY02JAN2420050PE.NFO,02/01/2024,13:14:24,0.15,0.1,304760,0.15,43280,2000,159360
FINNIFTY02JAN2420050PE.NFO,02/01/2024,13:15:15,0.15,0.1,304760,0.15,41680,1600,158880
FINNIFTY02JAN2420050PE.NFO,02/01/2024,13:15:24,0.15,0.1,304760,0.15,41440,240,158880
FINNIFTY02JAN2420050PE.NFO,02/01/2024,13:15:33,0.15,0.1,304720,0.15,41400,40,158880
FINNIFTY02JAN2420050PE.NFO,02/01/2024,13:15:41,0.15,0.1,304720,0.15,41360,40,158880
FINNIFTY02JAN2420050PE.NFO,02/01/2024,13:15:50,0.15,0.1,304720,0.15,41320,40,158880
FINNIFTY02JAN2420050PE.NFO,02/01/2024,13:16:16,0.15,0.1,301120,0.15,41320,0,158880
FINNIFTY02JAN2420050PE.NFO,02/01/2024,13:19:40,0.15,0.1,301120,0.15,41160,160,158880
FINNIFTY02JAN2420050PE.NFO,02/01/2024,13:19:49,0.15,0.1,301120,0.15,42880,80,158880
FINNIFTY02JAN2420050PE.NFO,02/01/2024,13:21:13,0.15,0.1,301120,0.15,40880,200,158880
FINNIFTY02JAN2420050PE.NFO,02/01/2024,13:21:30,0.15,0.1,301120,0.15,40800,80,158880
FINNIFTY02JAN2420050PE.NFO,02/01/2024,13:21:39,0.15,0.1,301120,0.15,40760,40,158880
FINNIFTY02JAN2420050PE.NFO,02/01/2024,13:21:47,0.15,0.1,301120,0.15,40720,40,158880
FINNIFTY02JAN2420050PE.NFO,02/01/2024,13:21:56,0.15,0.1,301120,0.15,40680,40,158880
FINNIFTY02JAN2420050PE.NFO,02/01/2024,13:22:30,0.1,0.1,300960,0.15,42480,200,158880
FINNIFTY02JAN2420050PE.NFO,02/01/2024,13:22:47,0.1,0.1,300960,0.15,40680,0,158880
FINNIFTY02JAN2420050PE.NFO,02/01/2024,13:23:31,0.1,0.1,300960,0.15,42480,0,158880
FINNIFTY02JAN2420050PE.NFO,02/01/2024,13:24:05,0.1,0.1,300960,0.15,40680,0,158880
FINNIFTY02JAN2420050PE.NFO,02/01/2024,13:24:22,0.1,0.1,299680,0.15,35280,0,158880
FINNIFTY02JAN2420050PE.NFO,02/01/2024,13:24:39,0.15,0.1,299680,0.15,35200,80,158680
FINNIFTY02JAN2420050PE.NFO,02/01/2024,13:25:16,0.15,0.1,299720,0.15,39320,0,158680
FINNIFTY02JAN2420050PE.NFO,02/01/2024,13:25:34,0.15,0.1,299720,0.15,39320,1800,158680
FINNIFTY02JAN2420050PE.NFO,02/01/2024,13:26:09,0.15,0.1,299720,0.15,33920,7200,158680
FINNIFTY02JAN2420050PE.NFO,02/01/2024,13:26:18,0.2,0.15,33280,0.2,19000,32480,158680
FINNIFTY02JAN2420050PE.NFO,02/01/2024,13:26:26,0.2,0.15,35080,0.2,49520,40,158680
FINNIFTY02JAN2420050PE.NFO,02/01/2024,13:26:35,0.15,0.15,33040,0.2,49520,240,158680
FINNIFTY02JAN2420050PE.NFO,02/01/2024,13:26:44,0.2,0.15,34840,0.2,49480,40,158680
FINNIFTY02JAN2420050PE.NFO,02/01/2024,13:26:52,0.15,0.15,33200,0.2,49600,1680,158680
FINNIFTY02JAN2420050PE.NFO,02/01/2024,13:27:01,0.15,0.15,33200,0.2,35200,0,158680
FINNIFTY02JAN2420050PE.NFO,02/01/2024,13:27:09,0.15,0.15,32960,0.2,35160,280,172880
FINNIFTY02JAN2420050PE.NFO,02/01/2024,13:27:18,0.15,0.15,32680,0.2,35160,280,172880
FINNIFTY02JAN2420050PE.NFO,02/01/2024,13:27:26,0.15,0.15,32680,0.2,35240,0,172880
FINNIFTY02JAN2420050PE.NFO,02/01/2024,13:27:35,0.2,0.15,32680,0.2,28160,40,172880
FINNIFTY02JAN2420050PE.NFO,02/01/2024,13:27:43,0.2,0.15,32680,0.2,38360,0,172880
FINNIFTY02JAN2420050PE.NFO,02/01/2024,13:28:25,0.15,0.15,32520,0.2,38120,160,172880
FINNIFTY02JAN2420050PE.NFO,02/01/2024,13:28:43,0.15,0.15,32520,0.2,35120,0,172880
FINNIFTY02JAN2420050PE.NFO,02/01/2024,13:28:51,0.15,0.15,32600,0.2,20720,280,172880
FINNIFTY02JAN2420050PE.NFO,02/01/2024,13:28:59,0.15,0.15,31800,0.2,20720,800,172880
FINNIFTY02JAN2420050PE.NFO,02/01/2024,13:29:08,0.15,0.15,31800,0.2,20560,0,172880
FINNIFTY02JAN2420050PE.NFO,02/01/2024,13:29:25,0.15,0.15,31680,0.2,20800,120,172880
FINNIFTY02JAN2420050PE.NFO,02/01/2024,13:29:33,0.15,0.15,31640,0.2,20360,240,172880
FINNIFTY02JAN2420050PE.NFO,02/01/2024,13:29:42,0.15,0.15,31000,0.2,20360,640,172880
FINNIFTY02JAN2420050PE.NFO,02/01/2024,13:30:42,0.15,0.15,30200,0.2,20360,800,173360
FINNIFTY02JAN2420050PE.NFO,02/01/2024,13:31:00,0.15,0.15,14840,0.2,20360,960,173360
FINNIFTY02JAN2420050PE.NFO,02/01/2024,13:31:08,0.15,0.15,14360,0.2,20360,480,173360
FINNIFTY02JAN2420050PE.NFO,02/01/2024,13:31:36,0.15,0.1,292160,0.15,20120,18200,173360
FINNIFTY02JAN2420050PE.NFO,02/01/2024,13:31:45,0.15,0.1,302960,0.15,22160,3720,173360
FINNIFTY02JAN2420050PE.NFO,02/01/2024,13:31:54,0.15,0.1,302960,0.15,19960,400,173360
FINNIFTY02JAN2420050PE.NFO,02/01/2024,13:32:03,0.15,0.1,302960,0.15,21280,480,173360
FINNIFTY02JAN2420050PE.NFO,02/01/2024,13:32:12,0.15,0.1,302960,0.15,21040,240,173360
FINNIFTY02JAN2420050PE.NFO,02/01/2024,13:32:21,0.15,0.1,302960,0.15,24520,120,173360
FINNIFTY02JAN2420050PE.NFO,02/01/2024,13:32:30,0.15,0.1,302880,0.15,21960,760,173360
FINNIFTY02JAN2420050PE.NFO,02/01/2024,13:32:39,0.15,0.1,302880,0.15,22800,960,173360
FINNIFTY02JAN2420050PE.NFO,02/01/2024,13:32:48,0.15,0.1,302880,0.15,20040,960,173360
FINNIFTY02JAN2420050PE.NFO,02/01/2024,13:33:06,0.15,0.1,302880,0.15,20280,4440,156920
FINNIFTY02JAN2420050PE.NFO,02/01/2024,13:33:15,0.15,0.1,302880,0.15,13000,3680,156920
FINNIFTY02JAN2420050PE.NFO,02/01/2024,13:33:24,0.15,0.1,302880,0.15,12800,200,156920
FINNIFTY02JAN2420050PE.NFO,02/01/2024,13:33:50,0.15,0.1,302840,0.15,12800,0,156920
FINNIFTY02JAN2420050PE.NFO,02/01/2024,13:34:36,0.15,0.1,302800,0.15,16360,40,156920
FINNIFTY02JAN2420050PE.NFO,02/01/2024,13:35:04,0.15,0.1,302800,0.15,14800,0,156920
FINNIFTY02JAN2420050PE.NFO,02/01/2024,13:35:40,0.15,0.1,302800,0.15,17520,0,156920
FINNIFTY02JAN2420050PE.NFO,02/01/2024,13:36:33,0.15,0.1,302800,0.15,16760,520,156560
FINNIFTY02JAN2420050PE.NFO,02/01/2024,13:36:42,0.15,0.1,302800,0.15,19160,1200,156560
FINNIFTY02JAN2420050PE.NFO,02/01/2024,13:37:01,0.15,0.1,302800,0.15,18160,1000,156560
FINNIFTY02JAN2420050PE.NFO,02/01/2024,13:37:10,0.15,0.1,292720,0.15,18160,0,156560
FINNIFTY02JAN2420050PE.NFO,02/01/2024,13:37:20,0.15,0.1,255320,0.15,18160,0,156560
FINNIFTY02JAN2420050PE.NFO,02/01/2024,13:37:38,0.15,0.1,255320,0.15,16360,0,156560
FINNIFTY02JAN2420050PE.NFO,02/01/2024,13:39:15,0.15,0.1,255320,0.15,18080,760,158760
FINNIFTY02JAN2420050PE.NFO,02/01/2024,13:39:23,0.15,0.1,255320,0.15,17520,560,158760
FINNIFTY02JAN2420050PE.NFO,02/01/2024,13:39:32,0.15,0.1,255320,0.15,17120,400,158760
FINNIFTY02JAN2420050PE.NFO,02/01/2024,13:41:21,0.15,0.1,255320,0.15,13520,1800,158760
FINNIFTY02JAN2420050PE.NFO,02/01/2024,13:41:31,0.15,0.1,255320,0.15,15560,0,158760
FINNIFTY02JAN2420050PE.NFO,02/01/2024,13:41:40,0.15,0.1,255320,0.15,19160,0,158760
FINNIFTY02JAN2420050PE.NFO,02/01/2024,13:41:48,0.15,0.1,255320,0.15,22760,0,158760
FINNIFTY02JAN2420050PE.NFO,02/01/2024,13:41:57,0.15,0.1,255320,0.15,22160,600,158760
FINNIFTY02JAN2420050PE.NFO,02/01/2024,13:42:14,0.15,0.1,255320,0.15,21320,400,162880
FINNIFTY02JAN2420050PE.NFO,02/01/2024,13:42:56,0.1,0.1,255320,0.15,21320,80,162880
FINNIFTY02JAN2420050PE.NFO,02/01/2024,13:43:04,0.15,0.1,255320,0.15,20720,600,162880
FINNIFTY02JAN2420050PE.NFO,02/01/2024,13:43:30,0.15,0.1,255320,0.15,20720,0,162880
FINNIFTY02JAN2420050PE.NFO,02/01/2024,13:43:56,0.1,0.1,255280,0.15,20720,40,162880
FINNIFTY02JAN2420050PE.NFO,02/01/2024,13:44:04,0.1,0.1,255240,0.15,20720,40,162880
FINNIFTY02JAN2420050PE.NFO,02/01/2024,13:44:13,0.1,0.1,255200,0.15,20920,40,162880
FINNIFTY02JAN2420050PE.NFO,02/01/2024,13:44:21,0.1,0.1,255160,0.15,20920,40,162880
FINNIFTY02JAN2420050PE.NFO,02/01/2024,13:44:30,0.1,0.1,255000,0.15,20200,880,162880
FINNIFTY02JAN2420050PE.NFO,02/01/2024,13:44:38,0.1,0.1,255000,0.15,20400,0,162880
FINNIFTY02JAN2420050PE.NFO,02/01/2024,13:45:03,0.1,0.1,254960,0.15,20400,40,162880
FINNIFTY02JAN2420050PE.NFO,02/01/2024,13:45:12,0.1,0.1,253160,0.15,20400,0,162880
FINNIFTY02JAN2420050PE.NFO,02/01/2024,13:45:21,0.15,0.1,253160,0.15,18600,1800,164600
FINNIFTY02JAN2420050PE.NFO,02/01/2024,13:45:29,0.1,0.1,253120,0.15,16800,1840,164600
FINNIFTY02JAN2420050PE.NFO,02/01/2024,13:45:37,0.15,0.1,253120,0.15,15800,1000,164600
FINNIFTY02JAN2420050PE.NFO,02/01/2024,13:45:45,0.1,0.1,253080,0.15,15800,40,164600
FINNIFTY02JAN2420050PE.NFO,02/01/2024,13:45:53,0.1,0.1,253040,0.15,15800,40,164600
FINNIFTY02JAN2420050PE.NFO,02/01/2024,13:46:01,0.15,0.1,253000,0.15,13280,1640,164600
FINNIFTY02JAN2420050PE.NFO,02/01/2024,13:46:10,0.15,0.1,253000,0.15,10880,2600,164600
FINNIFTY02JAN2420050PE.NFO,02/01/2024,13:46:19,0.15,0.1,253000,0.15,10680,200,164600
FINNIFTY02JAN2420050PE.NFO,02/01/2024,13:46:27,0.15,0.1,253000,0.15,10080,600,164600
FINNIFTY02JAN2420050PE.NFO,02/01/2024,13:46:43,0.15,0.1,253000,0.15,10360,0,164600
FINNIFTY02JAN2420050PE.NFO,02/01/2024,13:47:00,0.1,0.1,252800,0.15,10120,440,164600
FINNIFTY02JAN2420050PE.NFO,02/01/2024,13:47:09,0.15,0.1,252760,0.15,9880,280,164600
FINNIFTY02JAN2420050PE.NFO,02/01/2024,13:47:17,0.1,0.1,252720,0.15,10080,40,164600
FINNIFTY02JAN2420050PE.NFO,02/01/2024,13:47:34,0.15,0.1,252720,0.15,9840,240,164600
FINNIFTY02JAN2420050PE.NFO,02/01/2024,13:47:43,0.15,0.1,252720,0.15,9120,720,164600
FINNIFTY02JAN2420050PE.NFO,02/01/2024,13:47:52,0.15,0.1,252720,0.15,8720,400,164600
FINNIFTY02JAN2420050PE.NFO,02/01/2024,13:48:00,0.15,0.1,254520,0.15,8720,0,164600
FINNIFTY02JAN2420050PE.NFO,02/01/2024,13:48:09,0.15,0.1,240120,0.15,8720,0,164600
FINNIFTY02JAN2420050PE.NFO,02/01/2024,13:48:18,0.15,0.1,243720,0.15,8080,640,174640
FINNIFTY02JAN2420050PE.NFO,02/01/2024,13:48:27,0.1,0.1,253800,0.15,8520,2080,174640
FINNIFTY02JAN2420050PE.NFO,02/01/2024,13:48:35,0.1,0.1,253800,0.15,9320,0,174640
FINNIFTY02JAN2420050PE.NFO,02/01/2024,13:48:52,0.15,0.1,253800,0.15,9560,160,174640
FINNIFTY02JAN2420050PE.NFO,02/01/2024,13:49:00,0.15,0.1,253800,0.15,2960,200,174640
FINNIFTY02JAN2420050PE.NFO,02/01/2024,13:49:09,0.15,0.1,253800,0.15,4560,0,174640
FINNIFTY02JAN2420050PE.NFO,02/01/2024,13:49:17,0.15,0.1,253800,0.15,6360,0,174640
FINNIFTY02JAN2420050PE.NFO,02/01/2024,13:49:24,0.15,0.1,253800,0.15,6760,0,174640
FINNIFTY02JAN2420050PE.NFO,02/01/2024,13:49:33,0.15,0.1,243000,0.15,6440,320,174640
FINNIFTY02JAN2420050PE.NFO,02/01/2024,13:49:42,0.15,0.1,246600,0.15,5800,640,174640
FINNIFTY02JAN2420050PE.NFO,02/01/2024,13:49:50,0.15,0.1,246600,0.15,5000,800,174640
FINNIFTY02JAN2420050PE.NFO,02/01/2024,13:49:58,0.15,0.1,253800,0.15,6800,0,174640
FINNIFTY02JAN2420050PE.NFO,02/01/2024,13:50:06,0.1,0.1,253760,0.15,6800,40,174640
FINNIFTY02JAN2420050PE.NFO,02/01/2024,13:50:15,0.15,0.1,253720,0.15,6280,560,174640
FINNIFTY02JAN2420050PE.NFO,02/01/2024,13:50:24,0.15,0.1,253920,0.15,6280,0,174640
FINNIFTY02JAN2420050PE.NFO,02/01/2024,13:50:33,0.15,0.1,239520,0.15,6280,0,174640
FINNIFTY02JAN2420050PE.NFO,02/01/2024,13:50:42,0.15,0.15,3360,0.2,12720,6400,174640
FINNIFTY02JAN2420050PE.NFO,02/01/2024,13:50:51,0.15,0.15,16240,0.2,20320,80,174640
FINNIFTY02JAN2420050PE.NFO,02/01/2024,13:51:00,0.15,0.1,242800,0.15,120,9400,174640
FINNIFTY02JAN2420050PE.NFO,02/01/2024,13:51:10,0.15,0.1,246520,0.2,26760,200,172520
FINNIFTY02JAN2420050PE.NFO,02/01/2024,13:51:19,0.15,0.1,246520,0.15,2200,0,172520
FINNIFTY02JAN2420050PE.NFO,02/01/2024,13:51:28,0.15,0.1,257240,0.15,2000,240,172520
FINNIFTY02JAN2420050PE.NFO,02/01/2024,13:51:37,0.2,0.1,268040,0.15,200,1000,172520
FINNIFTY02JAN2420050PE.NFO,02/01/2024,13:51:46,0.2,0.1,268080,0.2,25600,680,172520
FINNIFTY02JAN2420050PE.NFO,02/01/2024,13:51:55,0.1,0.1,268040,0.2,25600,40,172520
FINNIFTY02JAN2420050PE.NFO,02/01/2024,13:52:04,0.1,0.1,267920,0.15,200,120,172520
FINNIFTY02JAN2420050PE.NFO,02/01/2024,13:52:13,0.1,0.1,267800,0.15,2000,120,172520
FINNIFTY02JAN2420050PE.NFO,02/01/2024,13:52:22,0.15,0.1,267800,0.15,1560,440,172520
FINNIFTY02JAN2420050PE.NFO,02/01/2024,13:52:32,0.15,0.1,258800,0.15,1360,2840,172520
FINNIFTY02JAN2420050PE.NFO,02/01/2024,13:52:41,0.15,0.1,257000,0.2,18200,480,172520
FINNIFTY02JAN2420050PE.NFO,02/01/2024,13:52:51,0.15,0.15,25760,0.2,18760,40,172520
FINNIFTY02JAN2420050PE.NFO,02/01/2024,13:53:00,0.15,0.15,25480,0.2,20560,280,172520
FINNIFTY02JAN2420050PE.NFO,02/01/2024,13:53:09,0.15,0.15,25040,0.2,18760,440,172520
FINNIFTY02JAN2420050PE.NFO,02/01/2024,13:53:18,0.15,0.15,24760,0.2,18760,280,172520
FINNIFTY02JAN2420050PE.NFO,02/01/2024,13:53:28,0.15,0.15,15200,0.2,20600,1600,172520
FINNIFTY02JAN2420050PE.NFO,02/01/2024,13:53:38,0.15,0.15,13080,0.2,22560,2120,172520
FINNIFTY02JAN2420050PE.NFO,02/01/2024,13:53:47,0.15,0.1,257680,0.15,6560,14480,172520
FINNIFTY02JAN2420050PE.NFO,02/01/2024,13:53:57,0.15,0.1,257680,0.15,6560,0,172520
FINNIFTY02JAN2420050PE.NFO,02/01/2024,13:54:25,0.1,0.1,261080,0.15,9800,200,157280
FINNIFTY02JAN2420050PE.NFO,02/01/2024,13:54:35,0.1,0.1,260800,0.15,14120,360,157280
FINNIFTY02JAN2420050PE.NFO,02/01/2024,13:54:44,0.1,0.1,264320,0.15,17640,320,157280
FINNIFTY02JAN2420050PE.NFO,02/01/2024,13:54:53,0.1,0.1,264040,0.15,17640,280,157280
FINNIFTY02JAN2420050PE.NFO,02/01/2024,13:55:03,0.15,0.1,264040,0.15,19720,120,157280
FINNIFTY02JAN2420050PE.NFO,02/01/2024,13:55:12,0.15,0.1,264040,0.15,23320,0,157280
FINNIFTY02JAN2420050PE.NFO,02/01/2024,13:55:47,0.1,0.1,235960,0.15,23280,440,157280
FINNIFTY02JAN2420050PE.NFO,02/01/2024,13:56:04,0.1,0.1,235960,0.15,23320,0,157280
FINNIFTY02JAN2420050PE.NFO,02/01/2024,13:56:21,0.1,0.1,235760,0.15,23320,200,157280
FINNIFTY02JAN2420050PE.NFO,02/01/2024,13:56:38,0.1,0.1,234560,0.15,23320,1200,157280
FINNIFTY02JAN2420050PE.NFO,02/01/2024,13:56:56,0.15,0.1,234560,0.15,23240,80,157280
FINNIFTY02JAN2420050PE.NFO,02/01/2024,13:57:31,0.1,0.1,234160,0.15,25000,400,157280
FINNIFTY02JAN2420050PE.NFO,02/01/2024,13:57:48,0.1,0.1,233880,0.15,25000,280,157280
FINNIFTY02JAN2420050PE.NFO,02/01/2024,13:57:57,0.15,0.1,233480,0.15,26400,800,157280
FINNIFTY02JAN2420050PE.NFO,02/01/2024,13:58:05,0.15,0.1,233480,0.15,26440,0,157280
FINNIFTY02JAN2420050PE.NFO,02/01/2024,13:58:13,0.15,0.1,233480,0.15,24640,0,157280
FINNIFTY02JAN2420050PE.NFO,02/01/2024,13:58:38,0.15,0.1,233480,0.15,24280,360,157280
FINNIFTY02JAN2420050PE.NFO,02/01/2024,13:58:56,0.15,0.1,233480,0.15,22280,2000,157280
FINNIFTY02JAN2420050PE.NFO,02/01/2024,13:59:04,0.1,0.1,233200,0.15,28680,280,157280
FINNIFTY02JAN2420050PE.NFO,02/01/2024,13:59:13,0.15,0.1,233200,0.15,30440,40,157280
FINNIFTY02JAN2420050PE.NFO,02/01/2024,13:59:22,0.15,0.1,233200,0.15,28640,0,157280
FINNIFTY02JAN2420050PE.NFO,02/01/2024,13:59:48,0.1,0.1,233080,0.15,30440,120,157280
FINNIFTY02JAN2420050PE.NFO,02/01/2024,13:59:57,0.1,0.1,232520,0.15,30440,560,157280
FINNIFTY02JAN2420050PE.NFO,02/01/2024,14:00:06,0.1,0.1,232440,0.15,30440,80,157280
FINNIFTY02JAN2420050PE.NFO,02/01/2024,14:00:23,0.15,0.1,232440,0.15,30360,80,159760
FINNIFTY02JAN2420050PE.NFO,02/01/2024,14:00:40,0.15,0.1,230920,0.15,30600,0,159760
FINNIFTY02JAN2420050PE.NFO,02/01/2024,14:00:57,0.15,0.1,230920,0.15,28800,0,159760
FINNIFTY02JAN2420050PE.NFO,02/01/2024,14:01:06,0.1,0.1,229160,0.15,28600,1760,159760
FINNIFTY02JAN2420050PE.NFO,02/01/2024,14:01:15,0.1,0.1,227040,0.15,28600,2120,159760
FINNIFTY02JAN2420050PE.NFO,02/01/2024,14:01:24,0.1,0.1,227040,0.15,32440,0,159760
FINNIFTY02JAN2420050PE.NFO,02/01/2024,14:01:41,0.1,0.1,226800,0.15,32440,240,159760
FINNIFTY02JAN2420050PE.NFO,02/01/2024,14:02:07,0.1,0.1,226400,0.15,32200,400,159760
FINNIFTY02JAN2420050PE.NFO,02/01/2024,14:02:24,0.1,0.1,226200,0.15,32200,200,159760
FINNIFTY02JAN2420050PE.NFO,02/01/2024,14:03:25,0.1,0.1,226200,0.15,30400,0,159760
FINNIFTY02JAN2420050PE.NFO,02/01/2024,14:03:43,0.15,0.1,226200,0.15,30280,80,159480
FINNIFTY02JAN2420050PE.NFO,02/01/2024,14:04:01,0.15,0.1,226200,0.15,33400,680,159480
FINNIFTY02JAN2420050PE.NFO,02/01/2024,14:04:11,0.15,0.1,226200,0.15,33280,120,159480
FINNIFTY02JAN2420050PE.NFO,02/01/2024,14:04:20,0.15,0.1,226200,0.15,35320,120,159480
FINNIFTY02JAN2420050PE.NFO,02/01/2024,14:04:30,0.15,0.1,226200,0.15,35240,80,159480
FINNIFTY02JAN2420050PE.NFO,02/01/2024,14:04:58,0.15,0.1,226200,0.15,33560,0,159480
FINNIFTY02JAN2420050PE.NFO,02/01/2024,14:05:34,0.15,0.1,226200,0.15,35320,40,159480
FINNIFTY02JAN2420050PE.NFO,02/01/2024,14:05:43,0.15,0.1,226200,0.15,35200,120,159480
FINNIFTY02JAN2420050PE.NFO,02/01/2024,14:05:51,0.15,0.1,226200,0.15,35120,80,159480
FINNIFTY02JAN2420050PE.NFO,02/01/2024,14:06:00,0.15,0.1,226200,0.15,35080,40,159480
FINNIFTY02JAN2420050PE.NFO,02/01/2024,14:06:08,0.15,0.1,226200,0.15,35080,0,159480
FINNIFTY02JAN2420050PE.NFO,02/01/2024,14:06:16,0.15,0.1,226200,0.15,35400,40,160840
FINNIFTY02JAN2420050PE.NFO,02/01/2024,14:07:48,0.15,0.1,226200,0.15,35320,80,160840
FINNIFTY02JAN2420050PE.NFO,02/01/2024,14:09:41,0.15,0.1,226200,0.15,36520,0,160840
FINNIFTY02JAN2420050PE.NFO,02/01/2024,14:10:00,0.15,0.1,226200,0.15,36440,80,160960
FINNIFTY02JAN2420050PE.NFO,02/01/2024,14:10:13,0.1,0.1,226000,0.15,36560,320,160960
FINNIFTY02JAN2420050PE.NFO,02/01/2024,14:10:24,0.1,0.1,225840,0.15,36320,160,160960
FINNIFTY02JAN2420050PE.NFO,02/01/2024,14:10:34,0.1,0.1,225800,0.15,36320,40,160960
FINNIFTY02JAN2420050PE.NFO,02/01/2024,14:10:54,0.1,0.1,88280,0.15,32960,200,160960
FINNIFTY02JAN2420050PE.NFO,02/01/2024,14:11:04,0.1,0.1,79600,0.15,32720,5160,160960
FINNIFTY02JAN2420050PE.NFO,02/01/2024,14:11:16,0.1,0.1,43320,0.15,32920,3920,160960
FINNIFTY02JAN2420050PE.NFO,02/01/2024,14:11:28,0.1,0.1,43200,0.15,32920,120,160960
FINNIFTY02JAN2420050PE.NFO,02/01/2024,14:12:08,0.1,0.1,42840,0.15,36400,360,160960
FINNIFTY02JAN2420050PE.NFO,02/01/2024,14:12:37,0.1,0.1,42760,0.15,36640,0,160960
FINNIFTY02JAN2420050PE.NFO,02/01/2024,14:12:56,0.1,0.1,42480,0.15,36640,280,159400
FINNIFTY02JAN2420050PE.NFO,02/01/2024,14:13:06,0.1,0.1,42240,0.15,36400,240,159400
FINNIFTY02JAN2420050PE.NFO,02/01/2024,14:13:16,0.1,0.1,42000,0.15,36160,480,159400
FINNIFTY02JAN2420050PE.NFO,02/01/2024,14:13:27,0.1,0.1,41640,0.15,37160,360,159400
FINNIFTY02JAN2420050PE.NFO,02/01/2024,14:13:37,0.1,0.1,41400,0.15,39200,240,159400
FINNIFTY02JAN2420050PE.NFO,02/01/2024,14:13:48,0.15,0.1,41360,0.15,37360,80,159400
FINNIFTY02JAN2420050PE.NFO,02/01/2024,14:13:58,0.15,0.1,41360,0.15,39120,40,159400
FINNIFTY02JAN2420050PE.NFO,02/01/2024,14:14:09,0.1,0.1,41240,0.15,38720,440,159400
FINNIFTY02JAN2420050PE.NFO,02/01/2024,14:14:20,0.1,0.1,41080,0.15,38720,160,159400
FINNIFTY02JAN2420050PE.NFO,02/01/2024,14:14:50,0.1,0.1,41080,0.15,36920,0,159400
FINNIFTY02JAN2420050PE.NFO,02/01/2024,14:14:59,0.15,0.1,41040,0.15,38440,320,159400
FINNIFTY02JAN2420050PE.NFO,02/01/2024,14:15:28,0.15,0.1,41040,0.15,38080,0,159400
FINNIFTY02JAN2420050PE.NFO,02/01/2024,14:16:15,0.15,0.1,41040,0.15,38160,0,159400
FINNIFTY02JAN2420050PE.NFO,02/01/2024,14:17:28,0.15,0.1,41040,0.15,36360,0,159400
FINNIFTY02JAN2420050PE.NFO,02/01/2024,14:17:47,0.15,0.1,41040,0.15,38000,200,160400
FINNIFTY02JAN2420050PE.NFO,02/01/2024,14:17:57,0.15,0.1,41040,0.15,36080,120,160400
FINNIFTY02JAN2420050PE.NFO,02/01/2024,14:18:07,0.15,0.1,41000,0.15,36080,0,160400
FINNIFTY02JAN2420050PE.NFO,02/01/2024,14:18:36,0.1,0.1,33840,0.15,32480,3560,160720
FINNIFTY02JAN2420050PE.NFO,02/01/2024,14:18:45,0.1,0.1,31920,0.15,36800,1920,160720
FINNIFTY02JAN2420050PE.NFO,02/01/2024,14:19:27,0.1,0.1,31640,0.15,36800,280,160720
FINNIFTY02JAN2420050PE.NFO,02/01/2024,14:19:38,0.1,0.1,29920,0.15,36440,1720,160720
FINNIFTY02JAN2420050PE.NFO,02/01/2024,14:19:48,0.1,0.1,26880,0.15,38240,1240,160720
FINNIFTY02JAN2420050PE.NFO,02/01/2024,14:19:57,0.1,0.1,26640,0.15,38240,240,160720
FINNIFTY02JAN2420050PE.NFO,02/01/2024,14:20:07,0.1,0.1,22760,0.15,37480,2080,160720
FINNIFTY02JAN2420050PE.NFO,02/01/2024,14:20:17,0.1,0.1,20680,0.15,37240,2080,160720
FINNIFTY02JAN2420050PE.NFO,02/01/2024,14:20:26,0.1,0.1,20480,0.15,46040,200,160720
FINNIFTY02JAN2420050PE.NFO,02/01/2024,14:20:36,0.1,0.1,20360,0.15,46040,120,160720
FINNIFTY02JAN2420050PE.NFO,02/01/2024,14:20:45,0.1,0.1,20280,0.15,46040,80,160720
FINNIFTY02JAN2420050PE.NFO,02/01/2024,14:20:54,0.1,0.1,16680,0.15,48920,1800,160720
FINNIFTY02JAN2420050PE.NFO,02/01/2024,14:21:03,0.1,0.1,16640,0.15,48920,40,160720
FINNIFTY02JAN2420050PE.NFO,02/01/2024,14:21:13,0.1,0.1,16520,0.15,48920,120,160720
FINNIFTY02JAN2420050PE.NFO,02/01/2024,14:21:22,0.1,0.1,16440,0.15,48920,80,160720
FINNIFTY02JAN2420050PE.NFO,02/01/2024,14:21:31,0.1,0.1,16360,0.15,48920,80,160720
FINNIFTY02JAN2420050PE.NFO,02/01/2024,14:21:40,0.15,0.1,16360,0.15,48520,440,160720
FINNIFTY02JAN2420050PE.NFO,02/01/2024,14:21:49,0.1,0.1,16160,0.15,48520,160,160720
FINNIFTY02JAN2420050PE.NFO,02/01/2024,14:21:59,0.1,0.1,16080,0.15,48520,80,160720
FINNIFTY02JAN2420050PE.NFO,02/01/2024,14:22:08,0.1,0.1,15920,0.15,48520,160,160720
FINNIFTY02JAN2420050PE.NFO,02/01/2024,14:22:17,0.1,0.1,15840,0.15,48520,80,160720
FINNIFTY02JAN2420050PE.NFO,02/01/2024,14:22:26,0.1,0.1,15520,0.15,46720,320,160720
FINNIFTY02JAN2420050PE.NFO,02/01/2024,14:22:35,0.1,0.1,15480,0.15,48520,40,160720
FINNIFTY02JAN2420050PE.NFO,02/01/2024,14:22:45,0.1,0.1,15480,0.15,46720,0,160720
FINNIFTY02JAN2420050PE.NFO,02/01/2024,14:22:55,0.1,0.1,15400,0.15,46720,80,160720
FINNIFTY02JAN2420050PE.NFO,02/01/2024,14:23:04,0.1,0.1,15360,0.15,46680,40,160720
FINNIFTY02JAN2420050PE.NFO,02/01/2024,14:23:13,0.1,0.1,13760,0.15,47680,800,160720
FINNIFTY02JAN2420050PE.NFO,02/01/2024,14:23:23,0.1,0.1,13760,0.15,49120,0,160720
FINNIFTY02JAN2420050PE.NFO,02/01/2024,14:24:17,0.1,0.1,11960,0.15,49120,1800,160720
FINNIFTY02JAN2420050PE.NFO,02/01/2024,14:24:26,0.1,0.1,10160,0.15,49360,1800,159200
FINNIFTY02JAN2420050PE.NFO,02/01/2024,14:24:35,0.1,0.1,10200,0.15,49120,1800,159200
FINNIFTY02JAN2420050PE.NFO,02/01/2024,14:24:44,0.1,0.1,10160,0.15,49360,0,159200
FINNIFTY02JAN2420050PE.NFO,02/01/2024,14:25:01,0.1,0.1,2960,0.15,49120,5400,159200
FINNIFTY02JAN2420050PE.NFO,02/01/2024,14:25:10,0.1,0.1,6480,0.15,50920,1520,159200
FINNIFTY02JAN2420050PE.NFO,02/01/2024,14:25:19,0.1,0.1,2840,0.15,50920,1800,159200
FINNIFTY02JAN2420050PE.NFO,02/01/2024,14:25:38,0.1,0.1,3920,0.15,42120,1800,159200
FINNIFTY02JAN2420050PE.NFO,02/01/2024,14:25:46,0.1,0.1,3920,0.15,42120,0,159200
FINNIFTY02JAN2420050PE.NFO,02/01/2024,14:26:05,0.1,0.1,3520,0.15,42120,400,159200
FINNIFTY02JAN2420050PE.NFO,02/01/2024,14:26:22,0.15,0.1,3560,0.15,42040,80,159200
FINNIFTY02JAN2420050PE.NFO,02/01/2024,14:26:31,0.15,0.1,3520,0.15,42040,0,159200
FINNIFTY02JAN2420050PE.NFO,02/01/2024,14:26:50,0.15,0.1,3560,0.15,42000,40,159200
FINNIFTY02JAN2420050PE.NFO,02/01/2024,14:26:59,0.15,0.1,3520,0.15,42000,0,159200
FINNIFTY02JAN2420050PE.NFO,02/01/2024,14:27:17,0.1,0.1,3480,0.15,42000,40,152760
FINNIFTY02JAN2420050PE.NFO,02/01/2024,14:28:29,0.1,0.1,3360,0.15,42000,120,152760
FINNIFTY02JAN2420050PE.NFO,02/01/2024,14:28:37,0.1,0.1,3080,0.15,41880,400,152760
FINNIFTY02JAN2420050PE.NFO,02/01/2024,14:28:46,0.1,0.1,3000,0.15,41800,160,152760
FINNIFTY02JAN2420050PE.NFO,02/01/2024,14:28:55,0.15,0.1,5040,0.15,41720,80,152760
FINNIFTY02JAN2420050PE.NFO,02/01/2024,14:29:03,0.15,0.1,5000,0.15,41720,0,152760
FINNIFTY02JAN2420050PE.NFO,02/01/2024,14:29:21,0.1,0.1,3200,0.15,39920,1800,152760
FINNIFTY02JAN2420050PE.NFO,02/01/2024,14:29:57,0.15,0.1,4960,0.15,39840,80,152760
FINNIFTY02JAN2420050PE.NFO,02/01/2024,14:30:06,0.1,0.1,3160,0.15,38040,1800,152760
FINNIFTY02JAN2420050PE.NFO,02/01/2024,14:30:16,0.1,0.1,7440,0.15,38040,0,152760
FINNIFTY02JAN2420050PE.NFO,02/01/2024,14:30:25,0.15,0.1,8920,0.15,38000,40,152760
FINNIFTY02JAN2420050PE.NFO,02/01/2024,14:30:35,0.15,0.1,8880,0.15,38000,0,152760
FINNIFTY02JAN2420050PE.NFO,02/01/2024,14:30:45,0.1,0.1,8680,0.15,37800,200,152760
FINNIFTY02JAN2420050PE.NFO,02/01/2024,14:30:55,0.1,0.1,8680,0.15,37800,0,152760
FINNIFTY02JAN2420050PE.NFO,02/01/2024,14:31:58,0.15,0.1,8720,0.15,36560,1240,152760
FINNIFTY02JAN2420050PE.NFO,02/01/2024,14:32:07,0.15,0.1,8680,0.15,35400,1160,152760
FINNIFTY02JAN2420050PE.NFO,02/01/2024,14:32:16,0.1,0.1,8560,0.15,36720,600,152760
FINNIFTY02JAN2420050PE.NFO,02/01/2024,14:32:26,0.1,0.1,8480,0.15,34720,280,152760
FINNIFTY02JAN2420050PE.NFO,02/01/2024,14:32:35,0.15,0.1,8520,0.15,34680,40,152760
FINNIFTY02JAN2420050PE.NFO,02/01/2024,14:32:44,0.15,0.1,10240,0.15,30920,240,152760
FINNIFTY02JAN2420050PE.NFO,02/01/2024,14:32:53,0.15,0.1,10200,0.15,30800,120,152760
FINNIFTY02JAN2420050PE.NFO,02/01/2024,14:33:01,0.15,0.1,10080,0.15,30760,2000,152760
FINNIFTY02JAN2420050PE.NFO,02/01/2024,14:33:10,0.15,0.1,8960,0.15,30920,1880,152760
FINNIFTY02JAN2420050PE.NFO,02/01/2024,14:33:20,0.15,0.1,8800,0.15,32040,640,152760
FINNIFTY02JAN2420050PE.NFO,02/01/2024,14:33:30,0.15,0.1,8720,0.15,31920,200,152760
FINNIFTY02JAN2420050PE.NFO,02/01/2024,14:33:39,0.1,0.1,8560,0.15,31880,160,152760
FINNIFTY02JAN2420050PE.NFO,02/01/2024,14:33:49,0.15,0.1,8600,0.15,32080,120,152760
FINNIFTY02JAN2420050PE.NFO,02/01/2024,14:33:58,0.15,0.1,12880,0.15,31560,2280,152760
FINNIFTY02JAN2420050PE.NFO,02/01/2024,14:34:07,0.15,0.1,12880,0.15,31520,40,152760
FINNIFTY02JAN2420050PE.NFO,02/01/2024,14:34:16,0.15,0.1,12880,0.15,31520,0,152760
FINNIFTY02JAN2420050PE.NFO,02/01/2024,14:34:25,0.15,0.1,12880,0.15,32680,0,152760
FINNIFTY02JAN2420050PE.NFO,02/01/2024,14:34:43,0.1,0.1,12280,0.15,32680,600,152760
FINNIFTY02JAN2420050PE.NFO,02/01/2024,14:35:19,0.1,0.1,11280,0.15,32920,2000,152760
FINNIFTY02JAN2420050PE.NFO,02/01/2024,14:35:29,0.15,0.1,11280,0.15,32640,40,152760
FINNIFTY02JAN2420050PE.NFO,02/01/2024,14:35:38,0.15,0.1,11200,0.15,32560,160,152760
FINNIFTY02JAN2420050PE.NFO,02/01/2024,14:35:47,0.15,0.1,10720,0.15,33960,120,152760
FINNIFTY02JAN2420050PE.NFO,02/01/2024,14:36:05,0.15,0.1,10680,0.15,34160,160,152760
FINNIFTY02JAN2420050PE.NFO,02/01/2024,14:36:14,0.15,0.1,10680,0.15,34080,80,152760
FINNIFTY02JAN2420050PE.NFO,02/01/2024,14:36:23,0.15,0.1,10680,0.15,33840,240,152760
FINNIFTY02JAN2420050PE.NFO,02/01/2024,14:36:42,0.1,0.1,10520,0.15,34240,240,152760
FINNIFTY02JAN2420050PE.NFO,02/01/2024,14:36:50,0.15,0.1,9520,0.15,34200,1040,152760
FINNIFTY02JAN2420050PE.NFO,02/01/2024,14:37:00,0.15,0.1,9840,0.15,33480,80,152760
FINNIFTY02JAN2420050PE.NFO,02/01/2024,14:37:17,0.15,0.1,9520,0.15,35480,80,152760
FINNIFTY02JAN2420050PE.NFO,02/01/2024,14:37:26,0.15,0.1,9520,0.15,35440,40,152760
FINNIFTY02JAN2420050PE.NFO,02/01/2024,14:37:57,0.15,0.1,9520,0.15,35640,40,152760
FINNIFTY02JAN2420050PE.NFO,02/01/2024,14:38:09,0.15,0.1,9280,0.15,35360,280,152760
FINNIFTY02JAN2420050PE.NFO,02/01/2024,14:38:33,0.1,0.1,8160,0.15,35360,1120,152760
FINNIFTY02JAN2420050PE.NFO,02/01/2024,14:38:55,0.1,0.1,8160,0.15,35360,0,152760
FINNIFTY02JAN2420050PE.NFO,02/01/2024,14:39:55,0.1,0.1,7960,0.15,35360,200,152760
FINNIFTY02JAN2420050PE.NFO,02/01/2024,14:40:05,0.1,0.1,7960,0.15,35360,0,152760
FINNIFTY02JAN2420050PE.NFO,02/01/2024,14:40:25,0.15,0.1,7960,0.15,35040,320,152760
FINNIFTY02JAN2420050PE.NFO,02/01/2024,14:40:36,0.15,0.1,7960,0.15,35040,0,152760
FINNIFTY02JAN2420050PE.NFO,02/01/2024,14:40:59,0.15,0.1,13680,0.15,37040,0,152760
FINNIFTY02JAN2420050PE.NFO,02/01/2024,14:41:09,0.15,0.1,10520,0.15,31040,0,152760
FINNIFTY02JAN2420050PE.NFO,02/01/2024,14:41:58,0.1,0.1,10360,0.15,36440,160,152760
FINNIFTY02JAN2420050PE.NFO,02/01/2024,14:42:08,0.1,0.1,10360,0.15,31040,0,152760
FINNIFTY02JAN2420050PE.NFO,02/01/2024,14:43:32,0.1,0.1,7360,0.15,35240,3000,152760
FINNIFTY02JAN2420050PE.NFO,02/01/2024,14:43:42,0.1,0.1,3360,0.15,41000,7200,152760
FINNIFTY02JAN2420050PE.NFO,02/01/2024,14:43:51,0.1,0.1,9080,0.15,44640,3560,152760
FINNIFTY02JAN2420050PE.NFO,02/01/2024,14:44:00,0.1,0.1,9080,0.15,46320,0,152760
FINNIFTY02JAN2420050PE.NFO,02/01/2024,14:44:19,0.1,0.1,3640,0.15,47920,1840,152760
FINNIFTY02JAN2420050PE.NFO,02/01/2024,14:44:40,0.1,0.05,116160,0.1,680,9120,152760
FINNIFTY02JAN2420050PE.NFO,02/01/2024,14:44:50,0.1,0.05,64640,0.1,10720,2600,152760
FINNIFTY02JAN2420050PE.NFO,02/01/2024,14:45:00,0.1,0.05,58400,0.1,4360,0,152760
FINNIFTY02JAN2420050PE.NFO,02/01/2024,14:45:09,0.15,0.1,3000,0.15,48960,2800,152760
FINNIFTY02JAN2420050PE.NFO,02/01/2024,14:45:19,0.15,0.1,3000,0.15,45240,0,152760
FINNIFTY02JAN2420050PE.NFO,02/01/2024,14:45:38,0.15,0.05,57120,0.15,51360,0,152760
FINNIFTY02JAN2420050PE.NFO,02/01/2024,14:45:57,0.1,0.05,58760,0.1,360,240,151040
FINNIFTY02JAN2420050PE.NFO,02/01/2024,14:45:57,0.05,0.05,58760,0.1,360,0,151040
FINNIFTY02JAN2420050PE.NFO,02/01/2024,14:46:07,0.05,0.05,67280,0.1,52520,600,151040
FINNIFTY02JAN2420050PE.NFO,02/01/2024,14:46:16,0.05,0.05,49640,0.1,52520,560,151040
