Ticker,Date,Time,LTP,BuyPrice,BuyQty,SellPrice,SellQty,LTQ,OpenInterest
FINNIFTY02JAN2420550PE.NFO,02/01/2024,09:15:02,0.6,0.35,1400,0.5,6800,2000,100880
FINNIFTY02JAN2420550PE.NFO,02/01/2024,09:15:02,0.6,0.35,1400,0.5,6800,0,100880
FINNIFTY02JAN2420550PE.NFO,02/01/2024,09:15:02,0.65,0.35,1400,0.5,6800,0,100880
FINNIFTY02JAN2420550PE.NFO,02/01/2024,09:15:02,0.35,0.35,1400,0.5,6800,0,100880
FINNIFTY02JAN2420550PE.NFO,02/01/2024,09:15:16,0.4,0.4,18440,0.45,23840,7760,100880
FINNIFTY02JAN2420550PE.NFO,02/01/2024,09:15:28,0.4,0.35,16880,0.4,24600,15040,100880
FINNIFTY02JAN2420550PE.NFO,02/01/2024,09:15:39,0.4,0.35,17120,0.4,24040,2600,100880
FINNIFTY02JAN2420550PE.NFO,02/01/2024,09:15:50,0.35,0.35,17560,0.4,23200,3160,100880
FINNIFTY02JAN2420550PE.NFO,02/01/2024,09:16:00,0.4,0.35,17360,0.4,26200,600,100880
FINNIFTY02JAN2420550PE.NFO,02/01/2024,09:16:12,0.35,0.35,19560,0.4,32240,1520,100880
FINNIFTY02JAN2420550PE.NFO,02/01/2024,09:16:22,0.35,0.35,13520,0.4,33800,10600,100880
FINNIFTY02JAN2420550PE.NFO,02/01/2024,09:16:31,0.35,0.3,60840,0.35,37240,24320,100880
FINNIFTY02JAN2420550PE.NFO,02/01/2024,09:16:41,0.3,0.3,90840,0.35,37240,40,100880
FINNIFTY02JAN2420550PE.NFO,02/01/2024,09:16:41,0.3,0.3,90840,0.35,37240,0,100880
FINNIFTY02JAN2420550PE.NFO,02/01/2024,09:16:50,0.3,0.3,72840,0.35,40840,0,100880
FINNIFTY02JAN2420550PE.NFO,02/01/2024,09:17:00,0.3,0.3,45880,0.35,44360,13160,100880
FINNIFTY02JAN2420550PE.NFO,02/01/2024,09:17:10,0.35,0.3,56800,0.35,51640,7440,100880
FINNIFTY02JAN2420550PE.NFO,02/01/2024,09:17:19,0.35,0.3,46320,0.35,52320,17840,100880
FINNIFTY02JAN2420550PE.NFO,02/01/2024,09:17:29,0.35,0.3,46320,0.35,48400,9320,85240
FINNIFTY02JAN2420550PE.NFO,02/01/2024,09:17:39,0.35,0.3,109320,0.35,20440,17240,85240
FINNIFTY02JAN2420550PE.NFO,02/01/2024,09:17:48,0.35,0.3,109320,0.35,20440,1440,85240
FINNIFTY02JAN2420550PE.NFO,02/01/2024,09:17:58,0.35,0.3,118320,0.35,18840,2480,85240
FINNIFTY02JAN2420550PE.NFO,02/01/2024,09:18:07,0.35,0.35,22440,0.4,26480,9680,85240
FINNIFTY02JAN2420550PE.NFO,02/01/2024,09:18:17,0.35,0.35,28760,0.4,24920,0,85240
FINNIFTY02JAN2420550PE.NFO,02/01/2024,09:18:27,0.4,0.35,27680,0.4,18440,10160,85240
FINNIFTY02JAN2420550PE.NFO,02/01/2024,09:18:36,0.4,0.35,27680,0.4,19120,40,85240
FINNIFTY02JAN2420550PE.NFO,02/01/2024,09:18:46,0.4,0.35,27680,0.4,18920,200,85240
FINNIFTY02JAN2420550PE.NFO,02/01/2024,09:19:06,0.35,0.35,26280,0.4,10160,8800,85240
FINNIFTY02JAN2420550PE.NFO,02/01/2024,09:19:16,0.35,0.35,37640,0.4,10120,1440,85240
FINNIFTY02JAN2420550PE.NFO,02/01/2024,09:19:25,0.4,0.35,37640,0.4,21120,40,85240
FINNIFTY02JAN2420550PE.NFO,02/01/2024,09:19:35,0.4,0.35,37280,0.4,22120,4880,85240
FINNIFTY02JAN2420550PE.NFO,02/01/2024,09:19:45,0.4,0.35,24200,0.4,8720,48960,85240
FINNIFTY02JAN2420550PE.NFO,02/01/2024,09:19:56,0.4,0.35,37760,0.4,13760,0,85240
FINNIFTY02JAN2420550PE.NFO,02/01/2024,09:20:06,0.4,0.35,42560,0.4,5280,25480,85240
FINNIFTY02JAN2420550PE.NFO,02/01/2024,09:20:16,0.45,0.35,48280,0.4,42240,33800,85240
FINNIFTY02JAN2420550PE.NFO,02/01/2024,09:20:26,0.4,0.35,56920,0.4,35640,15040,85240
FINNIFTY02JAN2420550PE.NFO,02/01/2024,09:20:36,0.4,0.35,56880,0.4,32680,4840,182680
FINNIFTY02JAN2420550PE.NFO,02/01/2024,09:20:45,0.4,0.35,56880,0.4,32480,240,182680
FINNIFTY02JAN2420550PE.NFO,02/01/2024,09:20:55,0.4,0.35,51880,0.4,35240,5240,182680
FINNIFTY02JAN2420550PE.NFO,02/01/2024,09:21:04,0.4,0.35,51560,0.4,36120,520,182680
FINNIFTY02JAN2420550PE.NFO,02/01/2024,09:21:15,0.4,0.35,53360,0.4,34960,1160,182680
FINNIFTY02JAN2420550PE.NFO,02/01/2024,09:21:25,0.4,0.35,56040,0.4,36320,680,182680
FINNIFTY02JAN2420550PE.NFO,02/01/2024,09:21:35,0.4,0.35,56240,0.4,32440,2080,182680
FINNIFTY02JAN2420550PE.NFO,02/01/2024,09:21:45,0.4,0.35,56240,0.4,15640,11400,182680
FINNIFTY02JAN2420550PE.NFO,02/01/2024,09:21:55,0.4,0.35,56000,0.4,17200,480,182680
FINNIFTY02JAN2420550PE.NFO,02/01/2024,09:22:07,0.4,0.35,68480,0.4,29520,400,182680
FINNIFTY02JAN2420550PE.NFO,02/01/2024,09:22:18,0.4,0.35,68320,0.4,27440,440,182680
FINNIFTY02JAN2420550PE.NFO,02/01/2024,09:22:30,0.4,0.35,68640,0.4,32520,360,182680
FINNIFTY02JAN2420550PE.NFO,02/01/2024,09:22:40,0.4,0.35,68600,0.4,34160,200,182680
FINNIFTY02JAN2420550PE.NFO,02/01/2024,09:22:50,0.4,0.35,68600,0.4,35760,0,182680
FINNIFTY02JAN2420550PE.NFO,02/01/2024,09:23:00,0.4,0.35,59640,0.4,35760,0,182680
FINNIFTY02JAN2420550PE.NFO,02/01/2024,09:23:09,0.4,0.35,59640,0.4,38960,800,182680
FINNIFTY02JAN2420550PE.NFO,02/01/2024,09:23:19,0.4,0.35,50640,0.4,35360,3600,182680
FINNIFTY02JAN2420550PE.NFO,02/01/2024,09:23:28,0.35,0.35,49400,0.4,37040,1360,182680
FINNIFTY02JAN2420550PE.NFO,02/01/2024,09:23:37,0.35,0.35,49000,0.4,39160,400,192320
FINNIFTY02JAN2420550PE.NFO,02/01/2024,09:23:47,0.35,0.35,49840,0.4,39800,0,192320
FINNIFTY02JAN2420550PE.NFO,02/01/2024,09:23:56,0.35,0.35,48640,0.4,45520,1200,192320
FINNIFTY02JAN2420550PE.NFO,02/01/2024,09:24:05,0.4,0.35,47840,0.4,45600,1720,192320
FINNIFTY02JAN2420550PE.NFO,02/01/2024,09:24:15,0.4,0.35,43520,0.4,51880,2640,192320
FINNIFTY02JAN2420550PE.NFO,02/01/2024,09:24:24,0.4,0.35,61520,0.4,53360,0,192320
FINNIFTY02JAN2420550PE.NFO,02/01/2024,09:24:35,0.35,0.35,57960,0.4,55280,1680,192320
FINNIFTY02JAN2420550PE.NFO,02/01/2024,09:24:45,0.35,0.35,40720,0.4,65800,1080,192320
FINNIFTY02JAN2420550PE.NFO,02/01/2024,09:24:54,0.35,0.35,39120,0.4,70280,1280,192320
FINNIFTY02JAN2420550PE.NFO,02/01/2024,09:25:05,0.35,0.35,38520,0.4,80280,440,192320
FINNIFTY02JAN2420550PE.NFO,02/01/2024,09:25:16,0.35,0.35,38440,0.4,94080,240,192320
FINNIFTY02JAN2420550PE.NFO,02/01/2024,09:25:26,0.35,0.35,34560,0.4,98680,280,192320
FINNIFTY02JAN2420550PE.NFO,02/01/2024,09:25:36,0.35,0.35,34520,0.4,104480,1840,192320
FINNIFTY02JAN2420550PE.NFO,02/01/2024,09:25:46,0.35,0.35,33680,0.4,105480,840,192320
FINNIFTY02JAN2420550PE.NFO,02/01/2024,09:25:56,0.35,0.35,32760,0.4,107040,2160,192320
FINNIFTY02JAN2420550PE.NFO,02/01/2024,09:26:06,0.35,0.35,32480,0.4,107520,1080,192320
FINNIFTY02JAN2420550PE.NFO,02/01/2024,09:26:15,0.35,0.35,32360,0.4,105720,120,192320
FINNIFTY02JAN2420550PE.NFO,02/01/2024,09:26:26,0.35,0.35,31120,0.4,78600,13160,192320
FINNIFTY02JAN2420550PE.NFO,02/01/2024,09:26:36,0.4,0.35,25560,0.4,76320,12680,201440
FINNIFTY02JAN2420550PE.NFO,02/01/2024,09:26:46,0.4,0.35,25560,0.4,74360,2600,201440
FINNIFTY02JAN2420550PE.NFO,02/01/2024,09:26:57,0.35,0.35,25480,0.4,75040,400,201440
FINNIFTY02JAN2420550PE.NFO,02/01/2024,09:27:08,0.4,0.35,25480,0.4,96160,960,201440
FINNIFTY02JAN2420550PE.NFO,02/01/2024,09:27:18,0.4,0.35,25520,0.4,97680,920,201440
FINNIFTY02JAN2420550PE.NFO,02/01/2024,09:27:28,0.4,0.35,25520,0.4,98280,480,201440
FINNIFTY02JAN2420550PE.NFO,02/01/2024,09:27:38,0.4,0.35,25600,0.4,100200,720,201440
FINNIFTY02JAN2420550PE.NFO,02/01/2024,09:27:48,0.4,0.35,25480,0.4,100440,400,201440
FINNIFTY02JAN2420550PE.NFO,02/01/2024,09:27:57,0.4,0.35,25880,0.4,109800,1320,201440
FINNIFTY02JAN2420550PE.NFO,02/01/2024,09:28:07,0.35,0.35,22960,0.4,95480,8720,201440
FINNIFTY02JAN2420550PE.NFO,02/01/2024,09:28:17,0.35,0.35,23200,0.4,99920,3320,201440
FINNIFTY02JAN2420550PE.NFO,02/01/2024,09:28:28,0.35,0.35,23200,0.4,112640,0,201440
FINNIFTY02JAN2420550PE.NFO,02/01/2024,09:28:41,0.35,0.35,23960,0.4,117720,1040,201440
FINNIFTY02JAN2420550PE.NFO,02/01/2024,09:28:55,0.35,0.35,22840,0.4,119240,1120,201440
FINNIFTY02JAN2420550PE.NFO,02/01/2024,09:29:05,0.4,0.35,22840,0.4,118280,160,201440
FINNIFTY02JAN2420550PE.NFO,02/01/2024,09:29:16,0.35,0.35,21040,0.4,120520,1800,201440
FINNIFTY02JAN2420550PE.NFO,02/01/2024,09:29:28,0.35,0.3,87160,0.35,101640,24920,201440
FINNIFTY02JAN2420550PE.NFO,02/01/2024,09:29:38,0.35,0.3,90680,0.35,101360,280,173080
FINNIFTY02JAN2420550PE.NFO,02/01/2024,09:29:48,0.35,0.3,90760,0.35,100400,0,173080
FINNIFTY02JAN2420550PE.NFO,02/01/2024,09:29:58,0.3,0.3,91800,0.35,101240,1640,173080
FINNIFTY02JAN2420550PE.NFO,02/01/2024,09:30:08,0.35,0.3,92040,0.35,101040,200,173080
FINNIFTY02JAN2420550PE.NFO,02/01/2024,09:30:18,0.35,0.3,92000,0.35,101320,0,173080
FINNIFTY02JAN2420550PE.NFO,02/01/2024,09:30:28,0.35,0.3,92960,0.35,89040,1920,173080
FINNIFTY02JAN2420550PE.NFO,02/01/2024,09:30:39,0.35,0.3,92920,0.35,89040,0,173080
FINNIFTY02JAN2420550PE.NFO,02/01/2024,09:30:59,0.35,0.3,120560,0.35,118320,0,173080
FINNIFTY02JAN2420550PE.NFO,02/01/2024,09:31:10,0.35,0.3,120560,0.35,111120,0,173080
FINNIFTY02JAN2420550PE.NFO,02/01/2024,09:31:21,0.35,0.3,120720,0.35,112080,400,173080
FINNIFTY02JAN2420550PE.NFO,02/01/2024,09:31:30,0.3,0.3,118960,0.35,112080,1720,173080
FINNIFTY02JAN2420550PE.NFO,02/01/2024,09:31:39,0.3,0.3,119360,0.35,112080,0,173080
FINNIFTY02JAN2420550PE.NFO,02/01/2024,09:31:49,0.3,0.3,119320,0.35,112080,40,173080
FINNIFTY02JAN2420550PE.NFO,02/01/2024,09:31:59,0.35,0.3,121960,0.35,104040,39680,173080
FINNIFTY02JAN2420550PE.NFO,02/01/2024,09:32:08,0.35,0.3,121960,0.35,102160,2000,173080
FINNIFTY02JAN2420550PE.NFO,02/01/2024,09:32:18,0.35,0.3,122440,0.35,97520,5120,173080
FINNIFTY02JAN2420550PE.NFO,02/01/2024,09:32:28,0.35,0.3,122440,0.35,93720,3800,173080
FINNIFTY02JAN2420550PE.NFO,02/01/2024,09:32:38,0.35,0.3,122440,0.35,92800,1400,177560
FINNIFTY02JAN2420550PE.NFO,02/01/2024,09:32:48,0.35,0.3,122400,0.35,92800,0,177560
FINNIFTY02JAN2420550PE.NFO,02/01/2024,09:32:58,0.35,0.3,122400,0.35,92160,640,177560
FINNIFTY02JAN2420550PE.NFO,02/01/2024,09:33:08,0.3,0.3,122240,0.35,92160,160,177560
FINNIFTY02JAN2420550PE.NFO,02/01/2024,09:33:17,0.35,0.3,122240,0.35,92080,80,177560
FINNIFTY02JAN2420550PE.NFO,02/01/2024,09:33:27,0.35,0.3,122280,0.35,92000,80,177560
FINNIFTY02JAN2420550PE.NFO,02/01/2024,09:33:36,0.35,0.3,122240,0.35,91240,720,177560
FINNIFTY02JAN2420550PE.NFO,02/01/2024,09:33:46,0.35,0.3,122280,0.35,89760,1480,177560
FINNIFTY02JAN2420550PE.NFO,02/01/2024,09:33:55,0.35,0.3,122240,0.35,89760,0,177560
FINNIFTY02JAN2420550PE.NFO,02/01/2024,09:34:14,0.35,0.3,117480,0.35,84160,800,177560
FINNIFTY02JAN2420550PE.NFO,02/01/2024,09:34:23,0.35,0.3,117440,0.35,84160,0,177560
FINNIFTY02JAN2420550PE.NFO,02/01/2024,09:34:32,0.3,0.3,116840,0.35,85960,720,177560
FINNIFTY02JAN2420550PE.NFO,02/01/2024,09:34:50,0.3,0.3,116440,0.35,85760,0,177560
FINNIFTY02JAN2420550PE.NFO,02/01/2024,09:35:00,0.35,0.3,116440,0.35,84960,800,177560
FINNIFTY02JAN2420550PE.NFO,02/01/2024,09:35:09,0.35,0.3,116480,0.35,76160,8600,177560
FINNIFTY02JAN2420550PE.NFO,02/01/2024,09:35:18,0.35,0.3,119360,0.35,58760,17400,177560
FINNIFTY02JAN2420550PE.NFO,02/01/2024,09:35:28,0.4,0.35,51520,0.4,86760,31120,177560
FINNIFTY02JAN2420550PE.NFO,02/01/2024,09:35:37,0.4,0.35,53360,0.4,71880,19760,220480
FINNIFTY02JAN2420550PE.NFO,02/01/2024,09:35:46,0.35,0.35,52760,0.4,70840,2040,220480
FINNIFTY02JAN2420550PE.NFO,02/01/2024,09:35:56,0.4,0.35,51400,0.4,71680,1560,220480
FINNIFTY02JAN2420550PE.NFO,02/01/2024,09:36:06,0.4,0.35,51600,0.4,72480,200,220480
FINNIFTY02JAN2420550PE.NFO,02/01/2024,09:36:24,0.4,0.35,52840,0.4,72520,200,220480
FINNIFTY02JAN2420550PE.NFO,02/01/2024,09:36:34,0.4,0.35,52840,0.4,74160,160,220480
FINNIFTY02JAN2420550PE.NFO,02/01/2024,09:36:52,0.4,0.35,52840,0.4,79560,0,220480
FINNIFTY02JAN2420550PE.NFO,02/01/2024,09:37:00,0.4,0.35,53480,0.4,77520,2040,220480
FINNIFTY02JAN2420550PE.NFO,02/01/2024,09:37:09,0.4,0.35,53480,0.4,72680,4840,220480
FINNIFTY02JAN2420550PE.NFO,02/01/2024,09:37:18,0.4,0.35,52280,0.4,72680,0,220480
FINNIFTY02JAN2420550PE.NFO,02/01/2024,09:37:27,0.4,0.35,52280,0.4,72600,0,220480
FINNIFTY02JAN2420550PE.NFO,02/01/2024,09:37:36,0.4,0.35,54200,0.4,74760,0,220480
FINNIFTY02JAN2420550PE.NFO,02/01/2024,09:37:45,0.4,0.35,54200,0.4,75640,0,220480
FINNIFTY02JAN2420550PE.NFO,02/01/2024,09:37:53,0.4,0.35,54200,0.4,78040,0,220480
FINNIFTY02JAN2420550PE.NFO,02/01/2024,09:38:02,0.4,0.35,54200,0.4,79840,0,220480
FINNIFTY02JAN2420550PE.NFO,02/01/2024,09:38:19,0.35,0.35,48600,0.4,80520,6000,220480
FINNIFTY02JAN2420550PE.NFO,02/01/2024,09:38:29,0.35,0.35,48400,0.4,80520,200,220480
FINNIFTY02JAN2420550PE.NFO,02/01/2024,09:38:38,0.35,0.35,48200,0.4,80520,240,250200
FINNIFTY02JAN2420550PE.NFO,02/01/2024,09:38:48,0.35,0.35,46320,0.4,81920,2760,250200
FINNIFTY02JAN2420550PE.NFO,02/01/2024,09:38:58,0.35,0.35,46720,0.4,81960,280,250200
FINNIFTY02JAN2420550PE.NFO,02/01/2024,09:39:07,0.35,0.35,45200,0.4,81160,2520,250200
FINNIFTY02JAN2420550PE.NFO,02/01/2024,09:39:17,0.35,0.35,45120,0.4,82960,80,250200
FINNIFTY02JAN2420550PE.NFO,02/01/2024,09:39:26,0.35,0.35,48160,0.4,106200,0,250200
FINNIFTY02JAN2420550PE.NFO,02/01/2024,09:39:35,0.35,0.35,46440,0.4,106120,2320,250200
FINNIFTY02JAN2420550PE.NFO,02/01/2024,09:39:44,0.4,0.35,54960,0.4,95680,22360,250200
FINNIFTY02JAN2420550PE.NFO,02/01/2024,09:39:54,0.35,0.35,55320,0.4,96680,320,250200
FINNIFTY02JAN2420550PE.NFO,02/01/2024,09:40:06,0.35,0.35,53600,0.4,98720,2320,250200
FINNIFTY02JAN2420550PE.NFO,02/01/2024,09:40:26,0.35,0.35,63400,0.4,104320,3880,250200
FINNIFTY02JAN2420550PE.NFO,02/01/2024,09:40:36,0.35,0.35,62840,0.4,104640,1240,250200
FINNIFTY02JAN2420550PE.NFO,02/01/2024,09:40:47,0.35,0.35,62480,0.4,113640,360,250200
FINNIFTY02JAN2420550PE.NFO,02/01/2024,09:40:57,0.35,0.35,62400,0.4,122600,120,250200
FINNIFTY02JAN2420550PE.NFO,02/01/2024,09:41:08,0.35,0.35,62360,0.4,122520,40,250200
FINNIFTY02JAN2420550PE.NFO,02/01/2024,09:41:18,0.35,0.35,64800,0.4,122560,240,250200
FINNIFTY02JAN2420550PE.NFO,02/01/2024,09:41:38,0.4,0.35,64760,0.4,125760,80,261800
FINNIFTY02JAN2420550PE.NFO,02/01/2024,09:41:47,0.4,0.35,64760,0.4,129640,120,261800
FINNIFTY02JAN2420550PE.NFO,02/01/2024,09:41:57,0.4,0.35,64760,0.4,130400,40,261800
FINNIFTY02JAN2420550PE.NFO,02/01/2024,09:42:07,0.4,0.35,63160,0.4,131320,2840,261800
FINNIFTY02JAN2420550PE.NFO,02/01/2024,09:42:17,0.4,0.35,63160,0.4,118040,800,261800
FINNIFTY02JAN2420550PE.NFO,02/01/2024,09:42:26,0.4,0.35,71520,0.4,118560,2000,261800
FINNIFTY02JAN2420550PE.NFO,02/01/2024,09:42:35,0.4,0.35,71520,0.4,118800,160,261800
FINNIFTY02JAN2420550PE.NFO,02/01/2024,09:42:54,0.4,0.35,71520,0.4,120240,40,261800
FINNIFTY02JAN2420550PE.NFO,02/01/2024,09:43:03,0.4,0.35,71520,0.4,119760,480,261800
FINNIFTY02JAN2420550PE.NFO,02/01/2024,09:43:14,0.4,0.35,71520,0.4,124400,320,261800
FINNIFTY02JAN2420550PE.NFO,02/01/2024,09:43:24,0.4,0.35,71520,0.4,124400,0,261800
FINNIFTY02JAN2420550PE.NFO,02/01/2024,09:43:34,0.4,0.35,71520,0.4,125000,520,261800
FINNIFTY02JAN2420550PE.NFO,02/01/2024,09:43:44,0.35,0.35,70520,0.4,125480,1000,261800
FINNIFTY02JAN2420550PE.NFO,02/01/2024,09:43:53,0.4,0.35,75760,0.4,126360,640,261800
FINNIFTY02JAN2420550PE.NFO,02/01/2024,09:44:03,0.35,0.35,77320,0.4,125040,3720,261800
FINNIFTY02JAN2420550PE.NFO,02/01/2024,09:44:21,0.4,0.35,77320,0.4,124240,800,261800
FINNIFTY02JAN2420550PE.NFO,02/01/2024,09:44:30,0.4,0.35,77320,0.4,125240,0,261800
FINNIFTY02JAN2420550PE.NFO,02/01/2024,09:44:39,0.4,0.35,77320,0.4,125400,0,261800
FINNIFTY02JAN2420550PE.NFO,02/01/2024,09:44:58,0.35,0.35,78400,0.4,127440,520,260240
FINNIFTY02JAN2420550PE.NFO,02/01/2024,09:45:07,0.35,0.35,78160,0.4,129800,240,260240
FINNIFTY02JAN2420550PE.NFO,02/01/2024,09:45:16,0.35,0.35,78880,0.4,138000,480,260240
FINNIFTY02JAN2420550PE.NFO,02/01/2024,09:45:26,0.35,0.35,72840,0.4,146920,19720,260240
FINNIFTY02JAN2420550PE.NFO,02/01/2024,09:45:36,0.35,0.35,96120,0.4,146880,4080,260240
FINNIFTY02JAN2420550PE.NFO,02/01/2024,09:45:45,0.35,0.35,95800,0.4,146840,320,260240
FINNIFTY02JAN2420550PE.NFO,02/01/2024,09:45:54,0.35,0.35,95680,0.4,146840,2520,260240
FINNIFTY02JAN2420550PE.NFO,02/01/2024,09:46:04,0.4,0.35,93120,0.4,147240,4520,260240
FINNIFTY02JAN2420550PE.NFO,02/01/2024,09:46:14,0.35,0.35,94040,0.4,147720,1400,260240
FINNIFTY02JAN2420550PE.NFO,02/01/2024,09:46:24,0.35,0.35,93680,0.4,148760,880,260240
FINNIFTY02JAN2420550PE.NFO,02/01/2024,09:46:34,0.4,0.35,93680,0.4,148680,240,260240
FINNIFTY02JAN2420550PE.NFO,02/01/2024,09:46:43,0.4,0.35,93680,0.4,148480,200,260240
FINNIFTY02JAN2420550PE.NFO,02/01/2024,09:46:52,0.4,0.35,93680,0.4,148320,160,260240
FINNIFTY02JAN2420550PE.NFO,02/01/2024,09:47:11,0.4,0.35,93320,0.4,148120,560,260240
FINNIFTY02JAN2420550PE.NFO,02/01/2024,09:47:20,0.35,0.35,93160,0.4,148120,160,260240
FINNIFTY02JAN2420550PE.NFO,02/01/2024,09:47:38,0.35,0.35,93160,0.4,148120,0,260240
FINNIFTY02JAN2420550PE.NFO,02/01/2024,09:47:47,0.35,0.35,93120,0.4,147560,40,266880
FINNIFTY02JAN2420550PE.NFO,02/01/2024,09:47:56,0.35,0.35,91080,0.4,147520,2040,266880
FINNIFTY02JAN2420550PE.NFO,02/01/2024,09:48:06,0.35,0.3,135960,0.35,146600,65000,266880
FINNIFTY02JAN2420550PE.NFO,02/01/2024,09:48:15,0.35,0.3,139320,0.35,147120,7000,266880
FINNIFTY02JAN2420550PE.NFO,02/01/2024,09:48:23,0.35,0.3,139480,0.35,148080,0,266880
FINNIFTY02JAN2420550PE.NFO,02/01/2024,09:48:32,0.35,0.3,139480,0.35,147840,1200,266880
FINNIFTY02JAN2420550PE.NFO,02/01/2024,09:48:42,0.3,0.3,139320,0.35,147840,120,266880
FINNIFTY02JAN2420550PE.NFO,02/01/2024,09:48:51,0.3,0.3,139280,0.35,147680,200,266880
FINNIFTY02JAN2420550PE.NFO,02/01/2024,09:49:00,0.3,0.3,139240,0.35,147680,40,266880
FINNIFTY02JAN2420550PE.NFO,02/01/2024,09:49:10,0.3,0.3,139840,0.35,147680,0,266880
FINNIFTY02JAN2420550PE.NFO,02/01/2024,09:49:19,0.35,0.3,139840,0.35,147720,40,266880
FINNIFTY02JAN2420550PE.NFO,02/01/2024,09:49:29,0.3,0.3,136160,0.35,147720,120,266880
FINNIFTY02JAN2420550PE.NFO,02/01/2024,09:49:38,0.3,0.3,136160,0.35,147720,0,266880
FINNIFTY02JAN2420550PE.NFO,02/01/2024,09:49:47,0.3,0.3,136200,0.35,147720,0,266880
FINNIFTY02JAN2420550PE.NFO,02/01/2024,09:49:56,0.3,0.3,136080,0.35,147720,160,266880
FINNIFTY02JAN2420550PE.NFO,02/01/2024,09:50:05,0.3,0.3,136000,0.35,147720,80,266880
FINNIFTY02JAN2420550PE.NFO,02/01/2024,09:50:14,0.3,0.3,135800,0.35,126960,200,266880
FINNIFTY02JAN2420550PE.NFO,02/01/2024,09:50:23,0.3,0.3,134960,0.35,133320,840,266880
FINNIFTY02JAN2420550PE.NFO,02/01/2024,09:50:41,0.3,0.3,134880,0.35,133320,0,266880
FINNIFTY02JAN2420550PE.NFO,02/01/2024,09:50:59,0.35,0.3,134880,0.35,132040,1600,260320
FINNIFTY02JAN2420550PE.NFO,02/01/2024,09:51:28,0.35,0.3,134880,0.35,132000,40,260320
FINNIFTY02JAN2420550PE.NFO,02/01/2024,09:51:38,0.35,0.3,134880,0.35,131920,80,260320
FINNIFTY02JAN2420550PE.NFO,02/01/2024,09:51:47,0.35,0.3,134880,0.35,131880,40,260320
FINNIFTY02JAN2420550PE.NFO,02/01/2024,09:51:56,0.35,0.3,134880,0.35,132320,0,260320
FINNIFTY02JAN2420550PE.NFO,02/01/2024,09:52:50,0.3,0.3,133080,0.35,132320,1800,260320
FINNIFTY02JAN2420550PE.NFO,02/01/2024,09:53:09,0.35,0.3,133080,0.35,132280,40,260320
FINNIFTY02JAN2420550PE.NFO,02/01/2024,09:53:18,0.35,0.3,133080,0.35,132120,160,260320
FINNIFTY02JAN2420550PE.NFO,02/01/2024,09:53:27,0.35,0.3,133080,0.35,131400,280,260320
FINNIFTY02JAN2420550PE.NFO,02/01/2024,09:53:36,0.35,0.3,133080,0.35,131040,600,260320
FINNIFTY02JAN2420550PE.NFO,02/01/2024,09:53:46,0.35,0.3,133080,0.35,128920,2520,260320
FINNIFTY02JAN2420550PE.NFO,02/01/2024,09:53:55,0.35,0.3,133080,0.35,128880,40,260320
FINNIFTY02JAN2420550PE.NFO,02/01/2024,09:54:04,0.35,0.3,133080,0.35,128880,0,260320
FINNIFTY02JAN2420550PE.NFO,02/01/2024,09:54:21,0.35,0.3,143880,0.35,129040,0,260320
FINNIFTY02JAN2420550PE.NFO,02/01/2024,09:54:31,0.3,0.3,132640,0.35,129040,440,260320
FINNIFTY02JAN2420550PE.NFO,02/01/2024,09:54:41,0.3,0.3,132440,0.35,129040,200,260320
FINNIFTY02JAN2420550PE.NFO,02/01/2024,09:54:50,0.35,0.3,74720,0.35,127000,2440,260320
FINNIFTY02JAN2420550PE.NFO,02/01/2024,09:55:01,0.3,0.3,69800,0.35,124560,13520,260320
FINNIFTY02JAN2420550PE.NFO,02/01/2024,09:55:12,0.3,0.3,66080,0.35,124560,3720,260320
FINNIFTY02JAN2420550PE.NFO,02/01/2024,09:55:22,0.3,0.3,65320,0.35,124520,17320,260320
FINNIFTY02JAN2420550PE.NFO,02/01/2024,09:55:32,0.3,0.3,69440,0.35,125520,4760,260320
FINNIFTY02JAN2420550PE.NFO,02/01/2024,09:55:43,0.35,0.3,71360,0.35,126080,2200,260320
FINNIFTY02JAN2420550PE.NFO,02/01/2024,09:55:52,0.35,0.3,72040,0.35,135240,40,260320
FINNIFTY02JAN2420550PE.NFO,02/01/2024,09:56:04,0.3,0.3,68400,0.35,143120,9920,260320
FINNIFTY02JAN2420550PE.NFO,02/01/2024,09:56:16,0.3,0.3,60600,0.35,134800,1560,260320
FINNIFTY02JAN2420550PE.NFO,02/01/2024,09:56:29,0.3,0.3,46960,0.35,127560,35160,260320
FINNIFTY02JAN2420550PE.NFO,02/01/2024,09:56:41,0.3,0.3,55320,0.35,126280,7560,247480
FINNIFTY02JAN2420550PE.NFO,02/01/2024,09:56:53,0.3,0.3,47560,0.35,127280,16000,247480
FINNIFTY02JAN2420550PE.NFO,02/01/2024,09:57:05,0.3,0.3,44800,0.35,112880,1280,247480
FINNIFTY02JAN2420550PE.NFO,02/01/2024,09:57:18,0.35,0.3,60200,0.35,145280,14000,247480
FINNIFTY02JAN2420550PE.NFO,02/01/2024,09:57:31,0.35,0.3,70040,0.35,110520,73360,247480
FINNIFTY02JAN2420550PE.NFO,02/01/2024,09:57:43,0.3,0.3,66160,0.35,116200,9960,247480
FINNIFTY02JAN2420550PE.NFO,02/01/2024,09:57:54,0.3,0.3,64200,0.35,104920,3040,247480
FINNIFTY02JAN2420550PE.NFO,02/01/2024,09:58:05,0.35,0.3,63960,0.35,104520,640,247480
FINNIFTY02JAN2420550PE.NFO,02/01/2024,09:58:17,0.35,0.3,109760,0.35,103720,2160,247480
FINNIFTY02JAN2420550PE.NFO,02/01/2024,09:58:28,0.35,0.3,108680,0.35,103240,1680,247480
FINNIFTY02JAN2420550PE.NFO,02/01/2024,09:58:41,0.35,0.3,108680,0.35,129000,2280,247480
FINNIFTY02JAN2420550PE.NFO,02/01/2024,09:58:52,0.35,0.3,106280,0.35,110240,8200,247480
FINNIFTY02JAN2420550PE.NFO,02/01/2024,09:59:02,0.35,0.3,107560,0.35,117280,6000,247480
FINNIFTY02JAN2420550PE.NFO,02/01/2024,09:59:13,0.35,0.3,112240,0.35,103160,4000,247480
FINNIFTY02JAN2420550PE.NFO,02/01/2024,09:59:26,0.35,0.3,121600,0.35,100960,2200,247480
FINNIFTY02JAN2420550PE.NFO,02/01/2024,09:59:37,0.35,0.35,108880,0.4,93080,119080,161520
FINNIFTY02JAN2420550PE.NFO,02/01/2024,09:59:48,0.35,0.35,108320,0.4,95800,3200,161520
FINNIFTY02JAN2420550PE.NFO,02/01/2024,09:59:59,0.4,0.35,69000,0.4,136400,102240,161520
FINNIFTY02JAN2420550PE.NFO,02/01/2024,10:00:10,0.4,0.35,68520,0.4,132280,880,161520
FINNIFTY02JAN2420550PE.NFO,02/01/2024,10:00:22,0.4,0.35,88120,0.4,129080,2440,161520
FINNIFTY02JAN2420550PE.NFO,02/01/2024,10:00:35,0.35,0.35,86480,0.4,129040,1040,161520
FINNIFTY02JAN2420550PE.NFO,02/01/2024,10:00:47,0.35,0.35,84680,0.4,138360,0,161520
FINNIFTY02JAN2420550PE.NFO,02/01/2024,10:00:58,0.35,0.35,79880,0.4,161760,4800,161520
FINNIFTY02JAN2420550PE.NFO,02/01/2024,10:01:08,0.35,0.35,81760,0.4,168440,80,161520
FINNIFTY02JAN2420550PE.NFO,02/01/2024,10:01:19,0.35,0.35,81520,0.4,168440,240,161520
FINNIFTY02JAN2420550PE.NFO,02/01/2024,10:01:31,0.35,0.35,81480,0.4,149120,40,161520
FINNIFTY02JAN2420550PE.NFO,02/01/2024,10:01:41,0.35,0.35,81320,0.4,131640,160,161520
FINNIFTY02JAN2420550PE.NFO,02/01/2024,10:01:52,0.35,0.35,81160,0.4,130800,480,161520
FINNIFTY02JAN2420550PE.NFO,02/01/2024,10:02:02,0.35,0.35,80920,0.4,130440,480,161520
FINNIFTY02JAN2420550PE.NFO,02/01/2024,10:02:12,0.4,0.35,79120,0.4,115680,360,161520
FINNIFTY02JAN2420550PE.NFO,02/01/2024,10:02:23,0.4,0.35,79120,0.4,115680,0,161520
FINNIFTY02JAN2420550PE.NFO,02/01/2024,10:03:03,0.35,0.35,77520,0.4,115680,1840,172000
FINNIFTY02JAN2420550PE.NFO,02/01/2024,10:03:14,0.35,0.35,75880,0.4,116200,1880,172000
FINNIFTY02JAN2420550PE.NFO,02/01/2024,10:03:27,0.35,0.35,75520,0.4,115680,360,172000
FINNIFTY02JAN2420550PE.NFO,02/01/2024,10:03:39,0.4,0.35,77320,0.4,113680,2000,172000
FINNIFTY02JAN2420550PE.NFO,02/01/2024,10:03:50,0.35,0.35,73840,0.4,112040,4160,172000
FINNIFTY02JAN2420550PE.NFO,02/01/2024,10:04:00,0.35,0.35,72840,0.4,112040,1000,172000
FINNIFTY02JAN2420550PE.NFO,02/01/2024,10:04:11,0.4,0.35,71320,0.4,109520,4920,172000
FINNIFTY02JAN2420550PE.NFO,02/01/2024,10:04:21,0.35,0.35,70920,0.4,110040,1000,172000
FINNIFTY02JAN2420550PE.NFO,02/01/2024,10:04:31,0.4,0.35,70040,0.4,109960,1000,172000
FINNIFTY02JAN2420550PE.NFO,02/01/2024,10:04:41,0.4,0.35,69840,0.4,109920,240,172000
FINNIFTY02JAN2420550PE.NFO,02/01/2024,10:04:52,0.35,0.35,68960,0.4,109400,1200,172000
FINNIFTY02JAN2420550PE.NFO,02/01/2024,10:05:02,0.35,0.35,64320,0.4,109400,4400,172000
FINNIFTY02JAN2420550PE.NFO,02/01/2024,10:05:13,0.4,0.35,66000,0.4,109280,1560,172000
FINNIFTY02JAN2420550PE.NFO,02/01/2024,10:05:23,0.4,0.35,65800,0.4,109080,400,172000
FINNIFTY02JAN2420550PE.NFO,02/01/2024,10:05:33,0.4,0.35,65800,0.4,108960,120,172000
FINNIFTY02JAN2420550PE.NFO,02/01/2024,10:05:43,0.35,0.35,41520,0.4,114160,1560,187800
FINNIFTY02JAN2420550PE.NFO,02/01/2024,10:05:53,0.4,0.35,52360,0.4,128640,920,187800
FINNIFTY02JAN2420550PE.NFO,02/01/2024,10:06:03,0.35,0.35,52040,0.4,128520,200,187800
FINNIFTY02JAN2420550PE.NFO,02/01/2024,10:06:14,0.35,0.35,43320,0.4,124600,5440,187800
FINNIFTY02JAN2420550PE.NFO,02/01/2024,10:06:24,0.4,0.35,54240,0.4,125320,2640,187800
FINNIFTY02JAN2420550PE.NFO,02/01/2024,10:06:34,0.4,0.35,54480,0.4,126080,280,187800
FINNIFTY02JAN2420550PE.NFO,02/01/2024,10:06:45,0.35,0.35,53600,0.4,124840,2160,187800
FINNIFTY02JAN2420550PE.NFO,02/01/2024,10:06:55,0.4,0.35,53600,0.4,124680,160,187800
FINNIFTY02JAN2420550PE.NFO,02/01/2024,10:07:05,0.4,0.35,51560,0.4,124680,0,187800
FINNIFTY02JAN2420550PE.NFO,02/01/2024,10:07:16,0.35,0.35,53240,0.4,125240,120,187800
FINNIFTY02JAN2420550PE.NFO,02/01/2024,10:07:26,0.35,0.35,52480,0.4,110840,240,187800
FINNIFTY02JAN2420550PE.NFO,02/01/2024,10:07:37,0.35,0.35,47320,0.4,110760,5320,187800
FINNIFTY02JAN2420550PE.NFO,02/01/2024,10:07:48,0.35,0.35,42960,0.4,114960,2560,187800
FINNIFTY02JAN2420550PE.NFO,02/01/2024,10:07:58,0.35,0.35,42360,0.4,114960,600,187800
FINNIFTY02JAN2420550PE.NFO,02/01/2024,10:08:08,0.4,0.35,42320,0.4,114640,560,187800
FINNIFTY02JAN2420550PE.NFO,02/01/2024,10:08:18,0.35,0.35,43960,0.4,115640,160,187800
FINNIFTY02JAN2420550PE.NFO,02/01/2024,10:08:28,0.35,0.35,42280,0.4,113520,1680,187800
FINNIFTY02JAN2420550PE.NFO,02/01/2024,10:08:38,0.35,0.35,41920,0.4,113520,360,199440
FINNIFTY02JAN2420550PE.NFO,02/01/2024,10:08:48,0.4,0.35,35720,0.4,113240,4680,199440
FINNIFTY02JAN2420550PE.NFO,02/01/2024,10:08:58,0.35,0.35,33920,0.4,113120,1920,199440
FINNIFTY02JAN2420550PE.NFO,02/01/2024,10:09:08,0.35,0.35,24320,0.4,109720,2560,199440
FINNIFTY02JAN2420550PE.NFO,02/01/2024,10:09:18,0.35,0.35,30760,0.4,116200,3200,199440
FINNIFTY02JAN2420550PE.NFO,02/01/2024,10:09:28,0.35,0.35,30720,0.4,117200,40,199440
FINNIFTY02JAN2420550PE.NFO,02/01/2024,10:09:37,0.35,0.35,30200,0.4,116680,1000,199440
FINNIFTY02JAN2420550PE.NFO,02/01/2024,10:09:47,0.35,0.35,28120,0.4,130600,2760,199440
FINNIFTY02JAN2420550PE.NFO,02/01/2024,10:09:57,0.35,0.35,25920,0.4,130600,2200,199440
FINNIFTY02JAN2420550PE.NFO,02/01/2024,10:10:07,0.35,0.3,147760,0.35,123000,23200,199440
FINNIFTY02JAN2420550PE.NFO,02/01/2024,10:10:17,0.35,0.3,149560,0.35,121800,1200,199440
FINNIFTY02JAN2420550PE.NFO,02/01/2024,10:10:27,0.35,0.3,151360,0.35,121200,600,199440
FINNIFTY02JAN2420550PE.NFO,02/01/2024,10:10:57,0.35,0.3,151960,0.35,116960,0,199440
FINNIFTY02JAN2420550PE.NFO,02/01/2024,10:11:06,0.35,0.3,151960,0.35,118160,0,199440
FINNIFTY02JAN2420550PE.NFO,02/01/2024,10:11:16,0.3,0.3,150160,0.35,117680,2280,199440
FINNIFTY02JAN2420550PE.NFO,02/01/2024,10:11:26,0.35,0.3,147760,0.35,114280,4520,199440
FINNIFTY02JAN2420550PE.NFO,02/01/2024,10:11:36,0.3,0.3,147720,0.35,114000,280,212640
FINNIFTY02JAN2420550PE.NFO,02/01/2024,10:11:45,0.3,0.3,147720,0.35,114000,0,212640
FINNIFTY02JAN2420550PE.NFO,02/01/2024,10:12:03,0.3,0.3,147600,0.35,114400,160,212640
FINNIFTY02JAN2420550PE.NFO,02/01/2024,10:12:13,0.3,0.3,150440,0.35,116880,0,212640
FINNIFTY02JAN2420550PE.NFO,02/01/2024,10:12:22,0.35,0.3,151800,0.35,114840,3600,212640
FINNIFTY02JAN2420550PE.NFO,02/01/2024,10:12:32,0.35,0.3,151920,0.35,115800,480,212640
FINNIFTY02JAN2420550PE.NFO,02/01/2024,10:12:43,0.35,0.3,151920,0.35,115720,80,212640
FINNIFTY02JAN2420550PE.NFO,02/01/2024,10:12:54,0.3,0.3,153080,0.35,101000,960,212640
FINNIFTY02JAN2420550PE.NFO,02/01/2024,10:13:04,0.3,0.3,150280,0.35,101400,1000,212640
FINNIFTY02JAN2420550PE.NFO,02/01/2024,10:13:15,0.35,0.3,152240,0.35,107480,2960,212640
FINNIFTY02JAN2420550PE.NFO,02/01/2024,10:13:24,0.35,0.3,157800,0.35,109040,2760,212640
FINNIFTY02JAN2420550PE.NFO,02/01/2024,10:13:34,0.35,0.3,158280,0.35,109520,0,212640
FINNIFTY02JAN2420550PE.NFO,02/01/2024,10:14:04,0.35,0.3,158560,0.35,108960,1520,212640
FINNIFTY02JAN2420550PE.NFO,02/01/2024,10:14:15,0.3,0.3,158400,0.35,109160,440,212640
FINNIFTY02JAN2420550PE.NFO,02/01/2024,10:14:24,0.3,0.3,158280,0.35,109160,120,212640
FINNIFTY02JAN2420550PE.NFO,02/01/2024,10:14:34,0.35,0.3,156440,0.35,109000,200,212640
FINNIFTY02JAN2420550PE.NFO,02/01/2024,10:14:45,0.3,0.3,156240,0.35,108760,440,208120
FINNIFTY02JAN2420550PE.NFO,02/01/2024,10:14:55,0.3,0.3,156200,0.35,108840,40,208120
FINNIFTY02JAN2420550PE.NFO,02/01/2024,10:15:04,0.35,0.3,158840,0.35,108480,1320,208120
FINNIFTY02JAN2420550PE.NFO,02/01/2024,10:15:14,0.35,0.3,168960,0.35,109920,0,208120
FINNIFTY02JAN2420550PE.NFO,02/01/2024,10:15:24,0.35,0.3,168760,0.35,109240,880,208120
FINNIFTY02JAN2420550PE.NFO,02/01/2024,10:15:34,0.35,0.3,168760,0.35,108680,80,208120
FINNIFTY02JAN2420550PE.NFO,02/01/2024,10:15:44,0.35,0.3,168760,0.35,108280,400,208120
FINNIFTY02JAN2420550PE.NFO,02/01/2024,10:15:53,0.35,0.3,168880,0.35,109360,360,208120
FINNIFTY02JAN2420550PE.NFO,02/01/2024,10:16:03,0.35,0.3,168880,0.35,119000,0,208120
FINNIFTY02JAN2420550PE.NFO,02/01/2024,10:16:13,0.35,0.3,168880,0.35,117800,320,208120
FINNIFTY02JAN2420550PE.NFO,02/01/2024,10:16:24,0.35,0.3,170680,0.35,118280,0,208120
FINNIFTY02JAN2420550PE.NFO,02/01/2024,10:16:43,0.35,0.3,168880,0.35,118280,0,208120
FINNIFTY02JAN2420550PE.NFO,02/01/2024,10:16:53,0.35,0.3,168640,0.35,118160,880,208120
FINNIFTY02JAN2420550PE.NFO,02/01/2024,10:17:02,0.35,0.3,168240,0.35,118640,0,208120
FINNIFTY02JAN2420550PE.NFO,02/01/2024,10:17:12,0.35,0.3,167960,0.35,102880,880,208120
FINNIFTY02JAN2420550PE.NFO,02/01/2024,10:17:22,0.35,0.3,169960,0.35,110920,3480,208120
FINNIFTY02JAN2420550PE.NFO,02/01/2024,10:17:32,0.35,0.3,172680,0.35,110360,2200,208120
FINNIFTY02JAN2420550PE.NFO,02/01/2024,10:17:42,0.35,0.3,174920,0.35,111160,4000,199960
FINNIFTY02JAN2420550PE.NFO,02/01/2024,10:17:52,0.35,0.3,165760,0.35,111960,1520,199960
FINNIFTY02JAN2420550PE.NFO,02/01/2024,10:18:01,0.35,0.3,167040,0.35,116800,2440,199960
FINNIFTY02JAN2420550PE.NFO,02/01/2024,10:18:10,0.35,0.3,167040,0.35,123640,0,199960
FINNIFTY02JAN2420550PE.NFO,02/01/2024,10:18:49,0.3,0.3,166960,0.35,123240,80,199960
FINNIFTY02JAN2420550PE.NFO,02/01/2024,10:19:17,0.3,0.3,166920,0.35,123240,0,199960
FINNIFTY02JAN2420550PE.NFO,02/01/2024,10:19:27,0.3,0.3,166960,0.35,123240,0,199960
FINNIFTY02JAN2420550PE.NFO,02/01/2024,10:19:36,0.3,0.3,166160,0.35,123240,0,199960
FINNIFTY02JAN2420550PE.NFO,02/01/2024,10:20:04,0.35,0.3,166360,0.35,122520,240,199960
FINNIFTY02JAN2420550PE.NFO,02/01/2024,10:20:14,0.35,0.3,166360,0.35,122320,200,199960
FINNIFTY02JAN2420550PE.NFO,02/01/2024,10:21:03,0.35,0.3,166000,0.35,121640,1600,194240
FINNIFTY02JAN2420550PE.NFO,02/01/2024,10:21:12,0.35,0.3,166080,0.35,120680,2400,194240
FINNIFTY02JAN2420550PE.NFO,02/01/2024,10:21:22,0.35,0.3,166080,0.35,121880,240,194240
FINNIFTY02JAN2420550PE.NFO,02/01/2024,10:21:32,0.35,0.3,162480,0.35,122360,0,194240
FINNIFTY02JAN2420550PE.NFO,02/01/2024,10:22:01,0.35,0.3,162640,0.35,125960,1800,194240
FINNIFTY02JAN2420550PE.NFO,02/01/2024,10:22:11,0.35,0.3,153640,0.35,125960,0,194240
FINNIFTY02JAN2420550PE.NFO,02/01/2024,10:22:21,0.35,0.3,153680,0.35,127280,0,194240
FINNIFTY02JAN2420550PE.NFO,02/01/2024,10:22:31,0.35,0.3,153640,0.35,127240,0,194240
FINNIFTY02JAN2420550PE.NFO,02/01/2024,10:22:41,0.35,0.3,153640,0.35,126840,400,194240
FINNIFTY02JAN2420550PE.NFO,02/01/2024,10:22:51,0.35,0.3,153640,0.35,126840,0,194240
FINNIFTY02JAN2420550PE.NFO,02/01/2024,10:23:11,0.35,0.3,153640,0.35,125120,0,194240
FINNIFTY02JAN2420550PE.NFO,02/01/2024,10:23:21,0.3,0.3,150640,0.35,125120,3000,194240
FINNIFTY02JAN2420550PE.NFO,02/01/2024,10:23:31,0.3,0.3,149280,0.35,125120,1400,194240
FINNIFTY02JAN2420550PE.NFO,02/01/2024,10:23:41,0.3,0.3,149240,0.35,125120,0,194240
FINNIFTY02JAN2420550PE.NFO,02/01/2024,10:23:52,0.3,0.3,149280,0.35,126120,0,194240
FINNIFTY02JAN2420550PE.NFO,02/01/2024,10:24:02,0.3,0.3,147160,0.35,126120,2080,190840
FINNIFTY02JAN2420550PE.NFO,02/01/2024,10:24:12,0.35,0.3,147160,0.35,126040,80,190840
FINNIFTY02JAN2420550PE.NFO,02/01/2024,10:24:22,0.35,0.3,147160,0.35,126040,0,190840
FINNIFTY02JAN2420550PE.NFO,02/01/2024,10:24:42,0.3,0.3,146440,0.35,126040,240,190840
FINNIFTY02JAN2420550PE.NFO,02/01/2024,10:24:52,0.3,0.3,146920,0.35,126040,0,190840
FINNIFTY02JAN2420550PE.NFO,02/01/2024,10:25:15,0.3,0.3,146920,0.35,123400,0,190840
FINNIFTY02JAN2420550PE.NFO,02/01/2024,10:26:19,0.3,0.3,147640,0.35,122520,0,190840
FINNIFTY02JAN2420550PE.NFO,02/01/2024,10:26:31,0.35,0.3,147640,0.35,121840,200,190840
FINNIFTY02JAN2420550PE.NFO,02/01/2024,10:26:42,0.35,0.3,125600,0.35,122320,0,190840
FINNIFTY02JAN2420550PE.NFO,02/01/2024,10:26:54,0.35,0.3,125640,0.35,114080,1800,192960
FINNIFTY02JAN2420550PE.NFO,02/01/2024,10:27:05,0.3,0.3,124640,0.35,123120,1000,192960
FINNIFTY02JAN2420550PE.NFO,02/01/2024,10:27:16,0.3,0.3,122840,0.35,123120,1320,192960
FINNIFTY02JAN2420550PE.NFO,02/01/2024,10:27:37,0.35,0.3,123400,0.35,125000,520,192960
FINNIFTY02JAN2420550PE.NFO,02/01/2024,10:28:08,0.3,0.3,122880,0.35,125000,40,192960
FINNIFTY02JAN2420550PE.NFO,02/01/2024,10:28:29,0.3,0.3,123400,0.35,125000,0,192960
FINNIFTY02JAN2420550PE.NFO,02/01/2024,10:29:08,0.3,0.3,123000,0.35,125000,400,192960
FINNIFTY02JAN2420550PE.NFO,02/01/2024,10:29:18,0.3,0.3,123000,0.35,125000,0,192960
FINNIFTY02JAN2420550PE.NFO,02/01/2024,10:29:28,0.3,0.3,123000,0.35,124600,0,192960
FINNIFTY02JAN2420550PE.NFO,02/01/2024,10:30:11,0.3,0.3,123000,0.35,124640,0,192960
FINNIFTY02JAN2420550PE.NFO,02/01/2024,10:30:34,0.3,0.3,122920,0.35,124640,80,193280
FINNIFTY02JAN2420550PE.NFO,02/01/2024,10:30:44,0.35,0.3,122920,0.35,124600,40,193280
FINNIFTY02JAN2420550PE.NFO,02/01/2024,10:30:54,0.35,0.3,122920,0.35,124400,200,193280
FINNIFTY02JAN2420550PE.NFO,02/01/2024,10:31:04,0.35,0.3,122920,0.35,124400,0,193280
FINNIFTY02JAN2420550PE.NFO,02/01/2024,10:31:34,0.3,0.3,122840,0.35,124840,40,193280
FINNIFTY02JAN2420550PE.NFO,02/01/2024,10:31:44,0.3,0.3,122800,0.35,124720,40,193280
FINNIFTY02JAN2420550PE.NFO,02/01/2024,10:31:55,0.35,0.3,122800,0.35,124320,80,193280
FINNIFTY02JAN2420550PE.NFO,02/01/2024,10:32:06,0.35,0.3,122800,0.35,123440,400,193280
FINNIFTY02JAN2420550PE.NFO,02/01/2024,10:32:16,0.35,0.3,122880,0.35,125120,160,193280
FINNIFTY02JAN2420550PE.NFO,02/01/2024,10:32:26,0.3,0.3,118840,0.35,125080,40,193280
FINNIFTY02JAN2420550PE.NFO,02/01/2024,10:32:56,0.3,0.3,118840,0.35,125040,0,193280
FINNIFTY02JAN2420550PE.NFO,02/01/2024,10:33:06,0.35,0.3,118160,0.35,124840,920,192760
FINNIFTY02JAN2420550PE.NFO,02/01/2024,10:33:34,0.35,0.3,118160,0.35,125040,0,192760
FINNIFTY02JAN2420550PE.NFO,02/01/2024,10:33:55,0.3,0.3,117920,0.35,125040,240,192760
FINNIFTY02JAN2420550PE.NFO,02/01/2024,10:34:04,0.3,0.3,117680,0.35,124800,240,192760
FINNIFTY02JAN2420550PE.NFO,02/01/2024,10:34:34,0.3,0.3,117680,0.35,124840,0,192760
FINNIFTY02JAN2420550PE.NFO,02/01/2024,10:34:43,0.3,0.3,117680,0.35,124800,0,192760
FINNIFTY02JAN2420550PE.NFO,02/01/2024,10:35:03,0.3,0.3,117680,0.35,125320,0,192760
FINNIFTY02JAN2420550PE.NFO,02/01/2024,10:35:13,0.3,0.3,117680,0.35,124920,0,192760
FINNIFTY02JAN2420550PE.NFO,02/01/2024,10:35:23,0.3,0.3,117680,0.35,124880,0,192760
FINNIFTY02JAN2420550PE.NFO,02/01/2024,10:35:43,0.3,0.3,117680,0.35,124920,0,192760
FINNIFTY02JAN2420550PE.NFO,02/01/2024,10:36:03,0.3,0.3,117000,0.35,124920,200,193440
FINNIFTY02JAN2420550PE.NFO,02/01/2024,10:36:13,0.3,0.3,117680,0.35,124880,0,193440
FINNIFTY02JAN2420550PE.NFO,02/01/2024,10:36:25,0.3,0.3,59480,0.35,126720,0,193440
FINNIFTY02JAN2420550PE.NFO,02/01/2024,10:36:38,0.3,0.3,48680,0.35,126960,0,193440
FINNIFTY02JAN2420550PE.NFO,02/01/2024,10:36:50,0.3,0.3,53320,0.35,127000,2560,193440
FINNIFTY02JAN2420550PE.NFO,02/01/2024,10:37:02,0.3,0.3,55120,0.35,127000,0,193440
FINNIFTY02JAN2420550PE.NFO,02/01/2024,10:37:13,0.3,0.3,55120,0.35,129880,0,193440
FINNIFTY02JAN2420550PE.NFO,02/01/2024,10:38:07,0.35,0.3,55120,0.35,129120,760,193440
FINNIFTY02JAN2420550PE.NFO,02/01/2024,10:38:17,0.3,0.3,33880,0.35,122320,14040,193440
FINNIFTY02JAN2420550PE.NFO,02/01/2024,10:38:27,0.3,0.3,34000,0.35,140320,320,193440
FINNIFTY02JAN2420550PE.NFO,02/01/2024,10:38:37,0.35,0.3,34000,0.35,141120,320,193440
FINNIFTY02JAN2420550PE.NFO,02/01/2024,10:38:47,0.35,0.3,34000,0.35,139320,0,193440
FINNIFTY02JAN2420550PE.NFO,02/01/2024,10:39:10,0.35,0.3,34000,0.35,140720,0,193440
FINNIFTY02JAN2420550PE.NFO,02/01/2024,10:39:23,0.3,0.3,33600,0.35,142960,400,195360
FINNIFTY02JAN2420550PE.NFO,02/01/2024,10:39:33,0.3,0.3,25680,0.35,157720,440,195360
FINNIFTY02JAN2420550PE.NFO,02/01/2024,10:39:44,0.3,0.3,52520,0.35,157720,1000,195360
FINNIFTY02JAN2420550PE.NFO,02/01/2024,10:39:55,0.3,0.3,70520,0.35,158560,0,195360
FINNIFTY02JAN2420550PE.NFO,02/01/2024,10:40:06,0.3,0.3,70480,0.35,158680,40,195360
FINNIFTY02JAN2420550PE.NFO,02/01/2024,10:40:17,0.3,0.3,75000,0.35,161160,18040,195360
FINNIFTY02JAN2420550PE.NFO,02/01/2024,10:40:28,0.3,0.3,75000,0.35,158040,0,195360
FINNIFTY02JAN2420550PE.NFO,02/01/2024,10:40:38,0.3,0.3,74800,0.35,158040,0,195360
FINNIFTY02JAN2420550PE.NFO,02/01/2024,10:40:48,0.3,0.3,75000,0.35,156240,0,195360
FINNIFTY02JAN2420550PE.NFO,02/01/2024,10:41:10,0.3,0.3,71400,0.35,156240,0,195360
FINNIFTY02JAN2420550PE.NFO,02/01/2024,10:41:21,0.3,0.3,57000,0.35,156240,0,195360
FINNIFTY02JAN2420550PE.NFO,02/01/2024,10:41:41,0.3,0.3,59680,0.35,156240,40,195360
FINNIFTY02JAN2420550PE.NFO,02/01/2024,10:41:53,0.35,0.3,75480,0.35,156520,760,213560
FINNIFTY02JAN2420550PE.NFO,02/01/2024,10:42:03,0.3,0.3,76880,0.35,156520,40,213560
FINNIFTY02JAN2420550PE.NFO,02/01/2024,10:42:14,0.3,0.3,78280,0.35,156880,40,213560
FINNIFTY02JAN2420550PE.NFO,02/01/2024,10:42:24,0.3,0.3,56320,0.35,156880,1800,213560
FINNIFTY02JAN2420550PE.NFO,02/01/2024,10:42:35,0.35,0.3,46240,0.35,132400,35560,213560
FINNIFTY02JAN2420550PE.NFO,02/01/2024,10:42:45,0.3,0.3,44400,0.35,132360,1800,213560
FINNIFTY02JAN2420550PE.NFO,02/01/2024,10:42:56,0.35,0.3,44240,0.35,132240,120,213560
FINNIFTY02JAN2420550PE.NFO,02/01/2024,10:43:07,0.35,0.3,47920,0.35,131760,40,213560
FINNIFTY02JAN2420550PE.NFO,02/01/2024,10:43:17,0.35,0.3,47920,0.35,131760,0,213560
FINNIFTY02JAN2420550PE.NFO,02/01/2024,10:43:39,0.35,0.3,46000,0.35,131720,40,213560
FINNIFTY02JAN2420550PE.NFO,02/01/2024,10:43:49,0.35,0.3,46000,0.35,131640,80,213560
FINNIFTY02JAN2420550PE.NFO,02/01/2024,10:43:59,0.35,0.3,46000,0.35,131320,320,213560
FINNIFTY02JAN2420550PE.NFO,02/01/2024,10:44:10,0.35,0.3,46000,0.35,132200,480,213560
FINNIFTY02JAN2420550PE.NFO,02/01/2024,10:44:20,0.3,0.3,43400,0.35,132200,2120,213560
FINNIFTY02JAN2420550PE.NFO,02/01/2024,10:44:30,0.35,0.3,43880,0.35,133200,800,213560
FINNIFTY02JAN2420550PE.NFO,02/01/2024,10:44:40,0.3,0.3,44000,0.35,133480,560,213560
FINNIFTY02JAN2420550PE.NFO,02/01/2024,10:44:51,0.3,0.3,40960,0.35,133480,3280,214600
FINNIFTY02JAN2420550PE.NFO,02/01/2024,10:45:01,0.3,0.25,195640,0.3,135440,17920,214600
FINNIFTY02JAN2420550PE.NFO,02/01/2024,10:45:12,0.3,0.25,195400,0.3,137080,200,214600
FINNIFTY02JAN2420550PE.NFO,02/01/2024,10:45:42,0.3,0.25,195400,0.3,136080,1000,214600
FINNIFTY02JAN2420550PE.NFO,02/01/2024,10:46:12,0.3,0.25,195400,0.3,135880,160,214600
FINNIFTY02JAN2420550PE.NFO,02/01/2024,10:46:22,0.3,0.25,195400,0.3,135920,0,214600
FINNIFTY02JAN2420550PE.NFO,02/01/2024,10:46:31,0.3,0.25,195400,0.3,135880,0,214600
FINNIFTY02JAN2420550PE.NFO,02/01/2024,10:46:41,0.3,0.25,195400,0.3,133320,4960,214600
FINNIFTY02JAN2420550PE.NFO,02/01/2024,10:46:51,0.3,0.25,195400,0.3,131960,1520,214600
FINNIFTY02JAN2420550PE.NFO,02/01/2024,10:47:02,0.3,0.25,195400,0.3,132520,400,214600
FINNIFTY02JAN2420550PE.NFO,02/01/2024,10:47:22,0.3,0.25,195400,0.3,132240,280,214600
FINNIFTY02JAN2420550PE.NFO,02/01/2024,10:47:33,0.3,0.25,195400,0.3,131960,280,214600
FINNIFTY02JAN2420550PE.NFO,02/01/2024,10:47:53,0.3,0.25,195400,0.3,132400,40,203680
FINNIFTY02JAN2420550PE.NFO,02/01/2024,10:48:34,0.3,0.25,186400,0.3,132880,0,203680
FINNIFTY02JAN2420550PE.NFO,02/01/2024,10:48:43,0.3,0.25,188200,0.3,132880,0,203680
FINNIFTY02JAN2420550PE.NFO,02/01/2024,10:49:14,0.25,0.25,186000,0.3,137520,1160,203680
FINNIFTY02JAN2420550PE.NFO,02/01/2024,10:49:14,0.25,0.25,186000,0.3,137520,0,203680
FINNIFTY02JAN2420550PE.NFO,02/01/2024,10:49:25,0.3,0.25,187000,0.3,136560,6160,203680
FINNIFTY02JAN2420550PE.NFO,02/01/2024,10:49:35,0.3,0.25,187000,0.3,136240,0,203680
FINNIFTY02JAN2420550PE.NFO,02/01/2024,10:50:38,0.3,0.25,187400,0.3,136240,480,203680
FINNIFTY02JAN2420550PE.NFO,02/01/2024,10:51:18,0.25,0.25,185920,0.3,135760,520,198240
FINNIFTY02JAN2420550PE.NFO,02/01/2024,10:51:37,0.25,0.25,185480,0.3,135760,440,198240
FINNIFTY02JAN2420550PE.NFO,02/01/2024,10:51:57,0.25,0.25,185200,0.3,135760,280,198240
FINNIFTY02JAN2420550PE.NFO,02/01/2024,10:53:15,0.25,0.25,185200,0.3,114160,0,198240
FINNIFTY02JAN2420550PE.NFO,02/01/2024,10:53:34,0.25,0.25,185160,0.3,121360,40,198240
FINNIFTY02JAN2420550PE.NFO,02/01/2024,10:53:44,0.25,0.25,185160,0.3,122160,0,198240
FINNIFTY02JAN2420550PE.NFO,02/01/2024,10:54:12,0.3,0.25,185200,0.3,121680,960,199520
FINNIFTY02JAN2420550PE.NFO,02/01/2024,10:55:08,0.3,0.25,184720,0.3,121680,0,199520
FINNIFTY02JAN2420550PE.NFO,02/01/2024,10:55:17,0.3,0.25,184720,0.3,121440,240,199520
FINNIFTY02JAN2420550PE.NFO,02/01/2024,10:55:37,0.3,0.25,184720,0.3,121200,240,199520
FINNIFTY02JAN2420550PE.NFO,02/01/2024,10:56:23,0.25,0.25,184520,0.3,121920,600,199520
FINNIFTY02JAN2420550PE.NFO,02/01/2024,10:56:33,0.3,0.25,184520,0.3,121680,240,199520
FINNIFTY02JAN2420550PE.NFO,02/01/2024,10:56:52,0.25,0.25,182760,0.3,121680,1760,197600
FINNIFTY02JAN2420550PE.NFO,02/01/2024,10:57:02,0.3,0.25,182760,0.3,121600,80,197600
FINNIFTY02JAN2420550PE.NFO,02/01/2024,10:57:12,0.3,0.25,182760,0.3,121280,320,197600
FINNIFTY02JAN2420550PE.NFO,02/01/2024,10:57:51,0.3,0.25,182840,0.3,121600,640,197600
FINNIFTY02JAN2420550PE.NFO,02/01/2024,10:58:01,0.3,0.25,182800,0.3,121520,1080,197600
FINNIFTY02JAN2420550PE.NFO,02/01/2024,10:58:11,0.3,0.25,183800,0.3,122040,520,197600
FINNIFTY02JAN2420550PE.NFO,02/01/2024,11:01:52,0.3,0.25,135800,0.3,122040,0,197600
FINNIFTY02JAN2420550PE.NFO,02/01/2024,11:03:27,0.3,0.25,141000,0.3,131720,11440,196920
FINNIFTY02JAN2420550PE.NFO,02/01/2024,11:03:36,0.3,0.25,141000,0.3,130520,1200,196920
FINNIFTY02JAN2420550PE.NFO,02/01/2024,11:03:45,0.3,0.25,141000,0.3,131160,320,196920
FINNIFTY02JAN2420550PE.NFO,02/01/2024,11:04:13,0.25,0.25,137960,0.3,132120,4000,196920
FINNIFTY02JAN2420550PE.NFO,02/01/2024,11:04:32,0.25,0.25,137560,0.3,132120,400,196920
FINNIFTY02JAN2420550PE.NFO,02/01/2024,11:04:41,0.25,0.25,137600,0.3,132120,0,196920
FINNIFTY02JAN2420550PE.NFO,02/01/2024,11:05:08,0.25,0.25,137560,0.3,132120,0,196920
FINNIFTY02JAN2420550PE.NFO,02/01/2024,11:06:24,0.3,0.25,137560,0.3,131920,200,187920
FINNIFTY02JAN2420550PE.NFO,02/01/2024,11:07:02,0.25,0.25,137520,0.3,131920,40,187920
FINNIFTY02JAN2420550PE.NFO,02/01/2024,11:07:21,0.3,0.25,138480,0.3,107320,3960,187920
FINNIFTY02JAN2420550PE.NFO,02/01/2024,11:07:57,0.3,0.25,90480,0.3,114520,0,187920
FINNIFTY02JAN2420550PE.NFO,02/01/2024,11:09:59,0.3,0.25,88680,0.3,100760,0,187920
FINNIFTY02JAN2420550PE.NFO,02/01/2024,11:10:08,0.3,0.25,110360,0.3,110680,30960,187920
FINNIFTY02JAN2420550PE.NFO,02/01/2024,11:10:17,0.3,0.25,110360,0.3,96280,0,187920
FINNIFTY02JAN2420550PE.NFO,02/01/2024,11:10:26,0.3,0.25,110360,0.3,97720,360,187920
FINNIFTY02JAN2420550PE.NFO,02/01/2024,11:10:44,0.3,0.25,110360,0.3,99560,1800,187920
FINNIFTY02JAN2420550PE.NFO,02/01/2024,11:10:54,0.4,0.35,44600,0.4,9960,92800,187920
FINNIFTY02JAN2420550PE.NFO,02/01/2024,11:11:03,0.35,0.3,44760,0.35,86560,109920,187920
FINNIFTY02JAN2420550PE.NFO,02/01/2024,11:11:12,0.35,0.3,50280,0.35,113960,600,187920
FINNIFTY02JAN2420550PE.NFO,02/01/2024,11:11:21,0.35,0.3,51040,0.35,102600,7400,187920
FINNIFTY02JAN2420550PE.NFO,02/01/2024,11:11:31,0.35,0.3,70640,0.35,102200,5440,187920
FINNIFTY02JAN2420550PE.NFO,02/01/2024,11:11:40,0.35,0.3,60440,0.35,108120,8480,187920
FINNIFTY02JAN2420550PE.NFO,02/01/2024,11:11:48,0.35,0.3,60240,0.35,89360,24560,209400
FINNIFTY02JAN2420550PE.NFO,02/01/2024,11:11:57,0.35,0.3,64840,0.35,94000,3840,209400
FINNIFTY02JAN2420550PE.NFO,02/01/2024,11:12:07,0.35,0.3,64840,0.35,79600,0,209400
FINNIFTY02JAN2420550PE.NFO,02/01/2024,11:12:16,0.35,0.3,64840,0.35,79280,320,209400
FINNIFTY02JAN2420550PE.NFO,02/01/2024,11:12:25,0.35,0.3,62360,0.35,79800,7280,209400
FINNIFTY02JAN2420550PE.NFO,02/01/2024,11:12:34,0.35,0.3,65960,0.35,72200,20200,209400
FINNIFTY02JAN2420550PE.NFO,02/01/2024,11:12:43,0.35,0.3,67760,0.35,42040,24960,209400
FINNIFTY02JAN2420550PE.NFO,02/01/2024,11:12:52,0.4,0.35,59840,0.4,42760,67240,209400
FINNIFTY02JAN2420550PE.NFO,02/01/2024,11:13:01,0.4,0.35,11280,0.4,4280,82240,209400
FINNIFTY02JAN2420550PE.NFO,02/01/2024,11:13:11,0.45,0.4,19960,0.45,41600,35400,209400
FINNIFTY02JAN2420550PE.NFO,02/01/2024,11:13:20,0.45,0.4,24240,0.45,43280,18200,209400
FINNIFTY02JAN2420550PE.NFO,02/01/2024,11:13:30,0.45,0.4,21920,0.45,28680,26000,209400
FINNIFTY02JAN2420550PE.NFO,02/01/2024,11:13:41,0.5,0.45,50200,0.5,61920,78040,209400
FINNIFTY02JAN2420550PE.NFO,02/01/2024,11:13:51,0.45,0.4,19320,0.45,61200,78240,209400
FINNIFTY02JAN2420550PE.NFO,02/01/2024,11:14:01,0.45,0.4,26240,0.45,64640,22240,209400
FINNIFTY02JAN2420550PE.NFO,02/01/2024,11:14:10,0.45,0.4,28720,0.45,71480,19960,209400
FINNIFTY02JAN2420550PE.NFO,02/01/2024,11:14:20,0.45,0.4,26040,0.45,58880,27560,209400
FINNIFTY02JAN2420550PE.NFO,02/01/2024,11:14:29,0.45,0.4,46440,0.45,51840,15320,209400
FINNIFTY02JAN2420550PE.NFO,02/01/2024,11:14:38,0.45,0.4,48200,0.45,42520,7320,209400
FINNIFTY02JAN2420550PE.NFO,02/01/2024,11:14:47,0.45,0.4,49240,0.45,41360,2400,389560
FINNIFTY02JAN2420550PE.NFO,02/01/2024,11:14:57,0.4,0.4,50440,0.45,41080,440,389560
FINNIFTY02JAN2420550PE.NFO,02/01/2024,11:15:07,0.45,0.4,43000,0.45,56600,110080,389560
FINNIFTY02JAN2420550PE.NFO,02/01/2024,11:15:17,0.45,0.4,48040,0.45,43680,37880,389560
FINNIFTY02JAN2420550PE.NFO,02/01/2024,11:15:27,0.4,0.4,50040,0.45,39720,9320,389560
FINNIFTY02JAN2420550PE.NFO,02/01/2024,11:15:37,0.45,0.45,61880,0.5,35400,29960,389560
FINNIFTY02JAN2420550PE.NFO,02/01/2024,11:15:48,0.5,0.5,72280,0.55,34840,44080,389560
FINNIFTY02JAN2420550PE.NFO,02/01/2024,11:15:58,0.5,0.5,64920,0.55,32080,2160,389560
FINNIFTY02JAN2420550PE.NFO,02/01/2024,11:16:08,0.5,0.5,59960,0.55,37440,5840,389560
FINNIFTY02JAN2420550PE.NFO,02/01/2024,11:16:18,0.5,0.5,56920,0.55,39120,5680,389560
FINNIFTY02JAN2420550PE.NFO,02/01/2024,11:16:28,0.5,0.5,58640,0.55,49720,10480,389560
FINNIFTY02JAN2420550PE.NFO,02/01/2024,11:16:37,0.5,0.5,41920,0.55,54520,20640,389560
FINNIFTY02JAN2420550PE.NFO,02/01/2024,11:16:46,0.45,0.45,38720,0.5,66960,33440,389560
FINNIFTY02JAN2420550PE.NFO,02/01/2024,11:16:56,0.45,0.45,51720,0.5,60960,40560,389560
FINNIFTY02JAN2420550PE.NFO,02/01/2024,11:17:05,0.45,0.45,51000,0.5,66520,1840,389560
FINNIFTY02JAN2420550PE.NFO,02/01/2024,11:17:15,0.45,0.45,51160,0.5,65840,1920,389560
FINNIFTY02JAN2420550PE.NFO,02/01/2024,11:17:24,0.45,0.45,47680,0.5,66640,2800,389560
FINNIFTY02JAN2420550PE.NFO,02/01/2024,11:17:34,0.45,0.45,44480,0.5,67120,3200,389560
FINNIFTY02JAN2420550PE.NFO,02/01/2024,11:17:43,0.45,0.45,50280,0.5,67640,1880,389560
FINNIFTY02JAN2420550PE.NFO,02/01/2024,11:17:53,0.45,0.45,52320,0.5,40160,65240,469800
FINNIFTY02JAN2420550PE.NFO,02/01/2024,11:18:02,0.45,0.45,55920,0.5,40200,1240,469800
FINNIFTY02JAN2420550PE.NFO,02/01/2024,11:18:11,0.45,0.45,60080,0.5,43240,4680,469800
FINNIFTY02JAN2420550PE.NFO,02/01/2024,11:18:21,0.45,0.45,60120,0.5,46160,9320,469800
FINNIFTY02JAN2420550PE.NFO,02/01/2024,11:18:30,0.45,0.45,59560,0.5,46400,2560,469800
FINNIFTY02JAN2420550PE.NFO,02/01/2024,11:18:40,0.45,0.45,58560,0.5,46080,4320,469800
FINNIFTY02JAN2420550PE.NFO,02/01/2024,11:18:49,0.5,0.45,58520,0.5,47960,4080,469800
FINNIFTY02JAN2420550PE.NFO,02/01/2024,11:18:58,0.5,0.45,58360,0.5,50320,0,469800
FINNIFTY02JAN2420550PE.NFO,02/01/2024,11:19:07,0.45,0.45,56120,0.5,50600,2160,469800
FINNIFTY02JAN2420550PE.NFO,02/01/2024,11:19:16,0.45,0.45,52800,0.5,49440,7160,469800
FINNIFTY02JAN2420550PE.NFO,02/01/2024,11:19:25,0.5,0.45,53920,0.5,48840,840,469800
FINNIFTY02JAN2420550PE.NFO,02/01/2024,11:19:34,0.5,0.45,53920,0.5,48840,0,469800
FINNIFTY02JAN2420550PE.NFO,02/01/2024,11:19:43,0.45,0.45,53280,0.5,49680,1360,469800
FINNIFTY02JAN2420550PE.NFO,02/01/2024,11:19:52,0.5,0.45,56960,0.5,49160,280,469800
FINNIFTY02JAN2420550PE.NFO,02/01/2024,11:20:01,0.5,0.45,56960,0.5,49160,0,469800
FINNIFTY02JAN2420550PE.NFO,02/01/2024,11:20:10,0.45,0.45,57120,0.5,49040,160,469800
FINNIFTY02JAN2420550PE.NFO,02/01/2024,11:20:19,0.5,0.45,57120,0.5,35280,40,469800
FINNIFTY02JAN2420550PE.NFO,02/01/2024,11:20:28,0.5,0.45,55880,0.5,42920,80,469800
FINNIFTY02JAN2420550PE.NFO,02/01/2024,11:20:37,0.45,0.45,56680,0.5,43280,400,469800
FINNIFTY02JAN2420550PE.NFO,02/01/2024,11:20:47,0.45,0.45,59200,0.5,42640,1280,472520
FINNIFTY02JAN2420550PE.NFO,02/01/2024,11:20:56,0.45,0.45,56760,0.5,43200,1480,472520
FINNIFTY02JAN2420550PE.NFO,02/01/2024,11:21:05,0.45,0.45,56760,0.5,46000,0,472520
FINNIFTY02JAN2420550PE.NFO,02/01/2024,11:21:24,0.5,0.45,58560,0.5,46280,40,472520
FINNIFTY02JAN2420550PE.NFO,02/01/2024,11:21:34,0.45,0.45,58640,0.5,46400,360,472520
FINNIFTY02JAN2420550PE.NFO,02/01/2024,11:21:43,0.45,0.45,58400,0.5,46080,240,472520
FINNIFTY02JAN2420550PE.NFO,02/01/2024,11:21:52,0.45,0.45,57080,0.5,47000,1040,472520
FINNIFTY02JAN2420550PE.NFO,02/01/2024,11:22:02,0.45,0.45,55160,0.5,47920,2880,472520
FINNIFTY02JAN2420550PE.NFO,02/01/2024,11:22:11,0.45,0.45,54440,0.5,48480,600,472520
FINNIFTY02JAN2420550PE.NFO,02/01/2024,11:22:21,0.5,0.45,56400,0.5,46920,960,472520
FINNIFTY02JAN2420550PE.NFO,02/01/2024,11:22:30,0.45,0.45,53360,0.5,47600,200,472520
FINNIFTY02JAN2420550PE.NFO,02/01/2024,11:22:40,0.45,0.45,52320,0.5,47600,1040,472520
FINNIFTY02JAN2420550PE.NFO,02/01/2024,11:22:50,0.45,0.4,54360,0.45,68880,44520,472520
FINNIFTY02JAN2420550PE.NFO,02/01/2024,11:23:00,0.45,0.4,53200,0.45,71000,0,472520
FINNIFTY02JAN2420550PE.NFO,02/01/2024,11:23:09,0.45,0.4,53880,0.45,64200,8800,472520
FINNIFTY02JAN2420550PE.NFO,02/01/2024,11:24:04,0.45,0.4,53000,0.45,65080,0,472520
FINNIFTY02JAN2420550PE.NFO,02/01/2024,11:24:31,0.45,0.4,53000,0.45,64920,160,481160
FINNIFTY02JAN2420550PE.NFO,02/01/2024,11:24:40,0.45,0.4,53000,0.45,64600,320,481160
FINNIFTY02JAN2420550PE.NFO,02/01/2024,11:24:49,0.45,0.4,53000,0.45,64280,320,481160
FINNIFTY02JAN2420550PE.NFO,02/01/2024,11:24:58,0.45,0.4,53000,0.45,64280,0,481160
FINNIFTY02JAN2420550PE.NFO,02/01/2024,11:25:17,0.4,0.4,51160,0.45,42680,87400,481160
FINNIFTY02JAN2420550PE.NFO,02/01/2024,11:25:26,0.4,0.4,48560,0.45,51800,14400,481160
FINNIFTY02JAN2420550PE.NFO,02/01/2024,11:25:36,0.4,0.4,47440,0.45,55520,7520,481160
FINNIFTY02JAN2420550PE.NFO,02/01/2024,11:25:45,0.4,0.4,48840,0.45,59160,7520,481160
FINNIFTY02JAN2420550PE.NFO,02/01/2024,11:25:54,0.4,0.4,46760,0.45,63080,5400,481160
FINNIFTY02JAN2420550PE.NFO,02/01/2024,11:26:04,0.4,0.4,48560,0.45,62960,0,481160
FINNIFTY02JAN2420550PE.NFO,02/01/2024,11:26:22,0.4,0.4,46760,0.45,63000,0,481160
FINNIFTY02JAN2420550PE.NFO,02/01/2024,11:26:31,0.45,0.4,48560,0.45,62800,200,481160
FINNIFTY02JAN2420550PE.NFO,02/01/2024,11:26:41,0.4,0.4,48840,0.45,61000,40,481160
FINNIFTY02JAN2420550PE.NFO,02/01/2024,11:26:50,0.4,0.4,48840,0.45,61880,0,481160
FINNIFTY02JAN2420550PE.NFO,02/01/2024,11:27:08,0.4,0.4,48840,0.45,65800,0,481160
FINNIFTY02JAN2420550PE.NFO,02/01/2024,11:27:18,0.4,0.4,47040,0.45,65800,0,481160
FINNIFTY02JAN2420550PE.NFO,02/01/2024,11:27:36,0.4,0.35,63680,0.4,50440,26280,444680
FINNIFTY02JAN2420550PE.NFO,02/01/2024,11:27:45,0.4,0.35,64120,0.4,52640,1000,444680
FINNIFTY02JAN2420550PE.NFO,02/01/2024,11:27:55,0.4,0.35,66160,0.4,51760,0,444680
FINNIFTY02JAN2420550PE.NFO,02/01/2024,11:28:04,0.35,0.35,67320,0.4,51880,120,444680
FINNIFTY02JAN2420550PE.NFO,02/01/2024,11:28:13,0.35,0.35,67280,0.4,53840,0,444680
FINNIFTY02JAN2420550PE.NFO,02/01/2024,11:28:22,0.35,0.35,66400,0.4,54200,0,444680
FINNIFTY02JAN2420550PE.NFO,02/01/2024,11:28:40,0.35,0.35,67240,0.4,53320,40,444680
FINNIFTY02JAN2420550PE.NFO,02/01/2024,11:28:58,0.35,0.35,67240,0.4,54200,0,444680
FINNIFTY02JAN2420550PE.NFO,02/01/2024,11:29:07,0.35,0.35,68760,0.4,55600,0,444680
FINNIFTY02JAN2420550PE.NFO,02/01/2024,11:29:17,0.4,0.35,69640,0.4,55520,80,444680
FINNIFTY02JAN2420550PE.NFO,02/01/2024,11:29:26,0.35,0.35,66560,0.4,57720,400,444680
FINNIFTY02JAN2420550PE.NFO,02/01/2024,11:29:35,0.35,0.35,61160,0.4,56320,0,444680
FINNIFTY02JAN2420550PE.NFO,02/01/2024,11:29:44,0.4,0.35,61160,0.4,56280,40,444680
FINNIFTY02JAN2420550PE.NFO,02/01/2024,11:29:53,0.4,0.35,62680,0.4,56280,0,444680
FINNIFTY02JAN2420550PE.NFO,02/01/2024,11:30:20,0.4,0.35,62680,0.4,56320,40,442480
FINNIFTY02JAN2420550PE.NFO,02/01/2024,11:30:29,0.4,0.35,55480,0.4,56320,0,442480
FINNIFTY02JAN2420550PE.NFO,02/01/2024,11:30:38,0.35,0.35,56280,0.4,56240,80,442480
FINNIFTY02JAN2420550PE.NFO,02/01/2024,11:30:47,0.35,0.35,55400,0.4,56240,0,442480
FINNIFTY02JAN2420550PE.NFO,02/01/2024,11:30:56,0.35,0.35,55360,0.4,56240,40,442480
FINNIFTY02JAN2420550PE.NFO,02/01/2024,11:31:05,0.35,0.35,55280,0.4,56240,80,442480
FINNIFTY02JAN2420550PE.NFO,02/01/2024,11:31:14,0.35,0.35,53760,0.4,56240,2000,442480
FINNIFTY02JAN2420550PE.NFO,02/01/2024,11:31:32,0.35,0.35,53760,0.4,57600,0,442480
FINNIFTY02JAN2420550PE.NFO,02/01/2024,11:31:41,0.35,0.35,53760,0.4,56760,0,442480
FINNIFTY02JAN2420550PE.NFO,02/01/2024,11:31:50,0.35,0.35,53760,0.4,56720,0,442480
FINNIFTY02JAN2420550PE.NFO,02/01/2024,11:31:59,0.35,0.35,53720,0.4,57600,40,442480
FINNIFTY02JAN2420550PE.NFO,02/01/2024,11:32:08,0.35,0.35,53720,0.4,56240,0,442480
FINNIFTY02JAN2420550PE.NFO,02/01/2024,11:32:18,0.4,0.35,53720,0.4,56080,120,442480
FINNIFTY02JAN2420550PE.NFO,02/01/2024,11:32:27,0.4,0.35,53720,0.4,55640,600,442480
FINNIFTY02JAN2420550PE.NFO,02/01/2024,11:32:36,0.4,0.35,53720,0.4,55680,0,442480
FINNIFTY02JAN2420550PE.NFO,02/01/2024,11:32:45,0.4,0.35,53720,0.4,56560,0,442480
FINNIFTY02JAN2420550PE.NFO,02/01/2024,11:32:54,0.4,0.35,53720,0.4,57080,0,442480
FINNIFTY02JAN2420550PE.NFO,02/01/2024,11:33:03,0.4,0.35,53720,0.4,57040,0,442480
FINNIFTY02JAN2420550PE.NFO,02/01/2024,11:33:20,0.4,0.35,54800,0.4,57840,3600,445280
FINNIFTY02JAN2420550PE.NFO,02/01/2024,11:33:30,0.4,0.35,59120,0.4,55640,14400,445280
FINNIFTY02JAN2420550PE.NFO,02/01/2024,11:34:05,0.35,0.35,58200,0.4,57320,920,445280
FINNIFTY02JAN2420550PE.NFO,02/01/2024,11:34:14,0.35,0.35,58240,0.4,57320,0,445280
FINNIFTY02JAN2420550PE.NFO,02/01/2024,11:34:23,0.35,0.35,57520,0.4,57200,840,445280
FINNIFTY02JAN2420550PE.NFO,02/01/2024,11:34:32,0.35,0.35,57040,0.4,57200,480,445280
FINNIFTY02JAN2420550PE.NFO,02/01/2024,11:34:42,0.35,0.35,58160,0.4,57240,440,445280
FINNIFTY02JAN2420550PE.NFO,02/01/2024,11:34:51,0.35,0.35,58040,0.4,57240,120,445280
FINNIFTY02JAN2420550PE.NFO,02/01/2024,11:34:59,0.35,0.35,58040,0.4,57240,0,445280
FINNIFTY02JAN2420550PE.NFO,02/01/2024,11:35:27,0.35,0.35,57520,0.4,57240,520,445280
FINNIFTY02JAN2420550PE.NFO,02/01/2024,11:35:36,0.35,0.35,57520,0.4,57240,0,445280
FINNIFTY02JAN2420550PE.NFO,02/01/2024,11:35:54,0.35,0.35,55720,0.4,57240,1800,445120
FINNIFTY02JAN2420550PE.NFO,02/01/2024,11:36:02,0.35,0.35,52240,0.4,57760,3480,445120
FINNIFTY02JAN2420550PE.NFO,02/01/2024,11:36:11,0.35,0.35,52240,0.4,57760,0,445120
FINNIFTY02JAN2420550PE.NFO,02/01/2024,11:36:21,0.35,0.35,52040,0.4,57760,40,445120
FINNIFTY02JAN2420550PE.NFO,02/01/2024,11:36:30,0.35,0.35,51240,0.4,58080,1200,445120
FINNIFTY02JAN2420550PE.NFO,02/01/2024,11:36:39,0.35,0.35,50880,0.4,58080,360,445120
FINNIFTY02JAN2420550PE.NFO,02/01/2024,11:36:49,0.35,0.35,50840,0.4,58080,40,445120
FINNIFTY02JAN2420550PE.NFO,02/01/2024,11:37:08,0.35,0.35,50840,0.4,58200,0,445120
FINNIFTY02JAN2420550PE.NFO,02/01/2024,11:37:17,0.4,0.35,50840,0.4,59040,400,445120
FINNIFTY02JAN2420550PE.NFO,02/01/2024,11:37:27,0.4,0.35,50600,0.4,59040,0,445120
FINNIFTY02JAN2420550PE.NFO,02/01/2024,11:37:36,0.4,0.35,50600,0.4,58520,0,445120
FINNIFTY02JAN2420550PE.NFO,02/01/2024,11:37:46,0.35,0.35,52120,0.4,57640,960,445120
FINNIFTY02JAN2420550PE.NFO,02/01/2024,11:38:04,0.35,0.35,51240,0.4,58520,0,445120
FINNIFTY02JAN2420550PE.NFO,02/01/2024,11:38:14,0.35,0.35,52040,0.4,48080,80,445120
FINNIFTY02JAN2420550PE.NFO,02/01/2024,11:38:24,0.35,0.35,51160,0.4,51800,0,445120
FINNIFTY02JAN2420550PE.NFO,02/01/2024,11:38:53,0.4,0.35,51240,0.4,51720,80,444240
FINNIFTY02JAN2420550PE.NFO,02/01/2024,11:39:02,0.4,0.35,51240,0.4,52120,0,444240
FINNIFTY02JAN2420550PE.NFO,02/01/2024,11:39:12,0.4,0.35,52120,0.4,51840,0,444240
FINNIFTY02JAN2420550PE.NFO,02/01/2024,11:39:30,0.4,0.35,51960,0.4,51880,0,444240
FINNIFTY02JAN2420550PE.NFO,02/01/2024,11:39:39,0.35,0.35,50920,0.4,52720,320,444240
FINNIFTY02JAN2420550PE.NFO,02/01/2024,11:39:58,0.35,0.35,50920,0.4,52720,0,444240
FINNIFTY02JAN2420550PE.NFO,02/01/2024,11:40:16,0.35,0.35,51640,0.4,52040,160,444240
FINNIFTY02JAN2420550PE.NFO,02/01/2024,11:40:25,0.35,0.35,53280,0.4,53040,5240,444240
FINNIFTY02JAN2420550PE.NFO,02/01/2024,11:40:33,0.35,0.35,52320,0.4,55640,3600,444240
FINNIFTY02JAN2420550PE.NFO,02/01/2024,11:40:42,0.35,0.35,50080,0.4,56160,0,444240
FINNIFTY02JAN2420550PE.NFO,02/01/2024,11:41:00,0.35,0.35,50920,0.4,56160,280,444240
FINNIFTY02JAN2420550PE.NFO,02/01/2024,11:41:10,0.35,0.35,50920,0.4,56160,0,444240
FINNIFTY02JAN2420550PE.NFO,02/01/2024,11:41:29,0.35,0.35,49320,0.4,54680,1440,444240
FINNIFTY02JAN2420550PE.NFO,02/01/2024,11:41:39,0.35,0.35,50160,0.4,56680,1200,444240
FINNIFTY02JAN2420550PE.NFO,02/01/2024,11:41:49,0.35,0.35,50560,0.4,55240,680,440360
FINNIFTY02JAN2420550PE.NFO,02/01/2024,11:41:59,0.35,0.35,49840,0.4,55320,720,440360
FINNIFTY02JAN2420550PE.NFO,02/01/2024,11:42:09,0.35,0.35,49800,0.4,55800,40,440360
FINNIFTY02JAN2420550PE.NFO,02/01/2024,11:42:19,0.35,0.35,50040,0.4,55800,0,440360
FINNIFTY02JAN2420550PE.NFO,02/01/2024,11:42:29,0.35,0.35,50040,0.4,55280,0,440360
FINNIFTY02JAN2420550PE.NFO,02/01/2024,11:42:38,0.4,0.35,52200,0.4,60520,4360,440360
FINNIFTY02JAN2420550PE.NFO,02/01/2024,11:42:47,0.4,0.35,51960,0.4,62200,0,440360
FINNIFTY02JAN2420550PE.NFO,02/01/2024,11:42:56,0.4,0.35,51960,0.4,62200,40,440360
FINNIFTY02JAN2420550PE.NFO,02/01/2024,11:43:06,0.35,0.35,52000,0.4,64120,600,440360
FINNIFTY02JAN2420550PE.NFO,02/01/2024,11:43:15,0.35,0.35,51880,0.4,64120,120,440360
FINNIFTY02JAN2420550PE.NFO,02/01/2024,11:43:25,0.35,0.35,50160,0.4,63720,280,440360
FINNIFTY02JAN2420550PE.NFO,02/01/2024,11:43:34,0.4,0.35,50000,0.4,64400,640,440360
FINNIFTY02JAN2420550PE.NFO,02/01/2024,11:43:43,0.35,0.35,49960,0.4,66280,1320,440360
FINNIFTY02JAN2420550PE.NFO,02/01/2024,11:43:53,0.4,0.35,49760,0.4,65720,1120,440360
FINNIFTY02JAN2420550PE.NFO,02/01/2024,11:44:03,0.4,0.35,51840,0.4,66880,2440,440360
FINNIFTY02JAN2420550PE.NFO,02/01/2024,11:44:12,0.4,0.35,54240,0.4,66880,0,440360
FINNIFTY02JAN2420550PE.NFO,02/01/2024,11:44:21,0.4,0.35,54240,0.4,69000,0,440360
FINNIFTY02JAN2420550PE.NFO,02/01/2024,11:44:31,0.4,0.35,54240,0.4,68560,0,440360
FINNIFTY02JAN2420550PE.NFO,02/01/2024,11:44:49,0.4,0.35,51840,0.4,68560,0,440360
FINNIFTY02JAN2420550PE.NFO,02/01/2024,11:45:07,0.35,0.35,44840,0.4,69440,7000,435720
FINNIFTY02JAN2420550PE.NFO,02/01/2024,11:45:16,0.35,0.35,52840,0.4,69640,680,435720
FINNIFTY02JAN2420550PE.NFO,02/01/2024,11:45:25,0.35,0.35,52840,0.4,69760,0,435720
FINNIFTY02JAN2420550PE.NFO,02/01/2024,11:45:36,0.35,0.35,52840,0.4,71840,0,435720
FINNIFTY02JAN2420550PE.NFO,02/01/2024,11:45:45,0.35,0.35,51600,0.4,80760,5160,435720
FINNIFTY02JAN2420550PE.NFO,02/01/2024,11:45:54,0.35,0.35,52680,0.4,81840,4360,435720
FINNIFTY02JAN2420550PE.NFO,02/01/2024,11:46:04,0.35,0.35,55120,0.4,82760,3360,435720
FINNIFTY02JAN2420550PE.NFO,02/01/2024,11:46:13,0.35,0.35,55000,0.4,85040,920,435720
FINNIFTY02JAN2420550PE.NFO,02/01/2024,11:46:22,0.35,0.35,54000,0.4,84520,1480,435720
FINNIFTY02JAN2420550PE.NFO,02/01/2024,11:46:32,0.35,0.35,53720,0.4,83760,400,435720
FINNIFTY02JAN2420550PE.NFO,02/01/2024,11:46:41,0.35,0.35,52160,0.4,83760,1560,435720
FINNIFTY02JAN2420550PE.NFO,02/01/2024,11:46:50,0.35,0.35,47680,0.4,83760,4480,435720
FINNIFTY02JAN2420550PE.NFO,02/01/2024,11:47:08,0.35,0.35,47680,0.4,83760,0,435720
FINNIFTY02JAN2420550PE.NFO,02/01/2024,11:47:17,0.35,0.35,46880,0.4,83760,800,435720
FINNIFTY02JAN2420550PE.NFO,02/01/2024,11:47:42,0.35,0.3,60320,0.35,77080,37360,435720
FINNIFTY02JAN2420550PE.NFO,02/01/2024,11:47:50,0.35,0.3,60320,0.35,77040,0,435720
FINNIFTY02JAN2420550PE.NFO,02/01/2024,11:48:26,0.3,0.3,26480,0.35,77160,10000,474640
FINNIFTY02JAN2420550PE.NFO,02/01/2024,11:48:35,0.3,0.3,26480,0.35,77120,0,474640
FINNIFTY02JAN2420550PE.NFO,02/01/2024,11:48:52,0.35,0.3,26480,0.35,73720,3600,474640
FINNIFTY02JAN2420550PE.NFO,02/01/2024,11:49:18,0.35,0.3,26480,0.35,83840,0,474640
FINNIFTY02JAN2420550PE.NFO,02/01/2024,11:49:27,0.3,0.25,108720,0.3,85120,20800,474640
FINNIFTY02JAN2420550PE.NFO,02/01/2024,11:49:36,0.3,0.25,111680,0.3,85120,3240,474640
FINNIFTY02JAN2420550PE.NFO,02/01/2024,11:49:45,0.25,0.25,111640,0.3,86160,440,474640
FINNIFTY02JAN2420550PE.NFO,02/01/2024,11:49:53,0.25,0.25,112240,0.3,86560,0,474640
FINNIFTY02JAN2420550PE.NFO,02/01/2024,11:50:02,0.3,0.25,110440,0.3,85440,1120,474640
FINNIFTY02JAN2420550PE.NFO,02/01/2024,11:50:11,0.3,0.25,110520,0.3,89240,3120,474640
FINNIFTY02JAN2420550PE.NFO,02/01/2024,11:50:21,0.3,0.25,110880,0.3,87800,3240,474640
FINNIFTY02JAN2420550PE.NFO,02/01/2024,11:50:30,0.3,0.25,110880,0.3,87160,1000,474640
FINNIFTY02JAN2420550PE.NFO,02/01/2024,11:50:38,0.3,0.25,110880,0.3,86600,920,474640
FINNIFTY02JAN2420550PE.NFO,02/01/2024,11:50:47,0.3,0.25,113880,0.3,86400,200,474640
FINNIFTY02JAN2420550PE.NFO,02/01/2024,11:51:05,0.3,0.25,114080,0.3,86440,0,474640
FINNIFTY02JAN2420550PE.NFO,02/01/2024,11:51:14,0.3,0.25,114080,0.3,86400,0,474640
FINNIFTY02JAN2420550PE.NFO,02/01/2024,11:51:32,0.3,0.25,113880,0.3,88200,0,474640
FINNIFTY02JAN2420550PE.NFO,02/01/2024,11:51:41,0.3,0.25,113880,0.3,85360,3800,461840
FINNIFTY02JAN2420550PE.NFO,02/01/2024,11:51:50,0.3,0.25,114080,0.3,85200,160,461840
FINNIFTY02JAN2420550PE.NFO,02/01/2024,11:51:59,0.3,0.25,114080,0.3,85200,0,461840
FINNIFTY02JAN2420550PE.NFO,02/01/2024,11:52:27,0.3,0.25,114280,0.3,85200,0,461840
FINNIFTY02JAN2420550PE.NFO,02/01/2024,11:53:21,0.3,0.25,114280,0.3,84280,920,461840
FINNIFTY02JAN2420550PE.NFO,02/01/2024,11:53:30,0.3,0.25,113920,0.3,84680,240,461840
FINNIFTY02JAN2420550PE.NFO,02/01/2024,11:53:39,0.3,0.25,117600,0.3,84400,280,461840
FINNIFTY02JAN2420550PE.NFO,02/01/2024,11:53:48,0.3,0.25,117600,0.3,85720,0,461840
FINNIFTY02JAN2420550PE.NFO,02/01/2024,11:54:23,0.3,0.25,114600,0.3,85720,0,461840
FINNIFTY02JAN2420550PE.NFO,02/01/2024,11:54:41,0.3,0.25,114600,0.3,85120,600,460080
FINNIFTY02JAN2420550PE.NFO,02/01/2024,11:54:50,0.3,0.25,114600,0.3,84800,320,460080
FINNIFTY02JAN2420550PE.NFO,02/01/2024,11:54:58,0.3,0.25,114600,0.3,84800,0,460080
FINNIFTY02JAN2420550PE.NFO,02/01/2024,11:55:07,0.3,0.25,115800,0.3,84560,240,460080
FINNIFTY02JAN2420550PE.NFO,02/01/2024,11:55:16,0.3,0.25,116520,0.3,84560,0,460080
FINNIFTY02JAN2420550PE.NFO,02/01/2024,11:55:25,0.3,0.25,116920,0.3,84560,0,460080
FINNIFTY02JAN2420550PE.NFO,02/01/2024,11:55:52,0.3,0.25,116920,0.3,78160,0,460080
FINNIFTY02JAN2420550PE.NFO,02/01/2024,11:56:01,0.3,0.25,116560,0.3,79960,0,460080
FINNIFTY02JAN2420550PE.NFO,02/01/2024,11:56:43,0.3,0.25,116560,0.3,79320,320,460080
FINNIFTY02JAN2420550PE.NFO,02/01/2024,11:56:51,0.3,0.25,116560,0.3,79160,160,460080
FINNIFTY02JAN2420550PE.NFO,02/01/2024,11:57:00,0.3,0.25,102160,0.3,79480,0,460080
FINNIFTY02JAN2420550PE.NFO,02/01/2024,11:57:09,0.3,0.25,104440,0.3,74240,7040,460480
FINNIFTY02JAN2420550PE.NFO,02/01/2024,11:57:18,0.3,0.25,104440,0.3,75120,0,460480
FINNIFTY02JAN2420550PE.NFO,02/01/2024,11:57:35,0.3,0.25,104440,0.3,74240,0,460480
FINNIFTY02JAN2420550PE.NFO,02/01/2024,11:57:52,0.3,0.25,104480,0.3,73760,200,460480
FINNIFTY02JAN2420550PE.NFO,02/01/2024,11:58:19,0.3,0.25,104640,0.3,73920,0,460480
FINNIFTY02JAN2420550PE.NFO,02/01/2024,11:58:54,0.3,0.25,69080,0.3,74240,0,460480
FINNIFTY02JAN2420550PE.NFO,02/01/2024,11:59:03,0.25,0.25,69960,0.3,75120,40,460480
FINNIFTY02JAN2420550PE.NFO,02/01/2024,11:59:12,0.25,0.25,74720,0.3,73920,0,460480
FINNIFTY02JAN2420550PE.NFO,02/01/2024,11:59:20,0.25,0.25,74080,0.3,74240,0,460480
FINNIFTY02JAN2420550PE.NFO,02/01/2024,11:59:29,0.25,0.25,71680,0.3,74240,0,460480
FINNIFTY02JAN2420550PE.NFO,02/01/2024,11:59:38,0.25,0.25,71680,0.3,75120,0,460480
FINNIFTY02JAN2420550PE.NFO,02/01/2024,11:59:46,0.25,0.25,72880,0.3,75120,0,460480
FINNIFTY02JAN2420550PE.NFO,02/01/2024,11:59:54,0.25,0.25,72000,0.3,75120,0,460480
FINNIFTY02JAN2420550PE.NFO,02/01/2024,12:00:39,0.3,0.25,72480,0.3,74360,800,462520
FINNIFTY02JAN2420550PE.NFO,02/01/2024,12:00:48,0.3,0.25,72480,0.3,74800,40,462520
FINNIFTY02JAN2420550PE.NFO,02/01/2024,12:01:06,0.3,0.25,73360,0.3,74800,0,462520
FINNIFTY02JAN2420550PE.NFO,02/01/2024,12:01:16,0.3,0.25,73480,0.3,74800,0,462520
FINNIFTY02JAN2420550PE.NFO,02/01/2024,12:02:35,0.3,0.25,74600,0.3,74160,1760,462520
FINNIFTY02JAN2420550PE.NFO,02/01/2024,12:02:53,0.3,0.25,74600,0.3,73240,1800,462520
FINNIFTY02JAN2420550PE.NFO,02/01/2024,12:03:55,0.3,0.25,74600,0.3,73240,0,462520
FINNIFTY02JAN2420550PE.NFO,02/01/2024,12:04:22,0.3,0.25,74600,0.3,72920,0,462520
FINNIFTY02JAN2420550PE.NFO,02/01/2024,12:04:31,0.3,0.25,75480,0.3,72920,0,462520
FINNIFTY02JAN2420550PE.NFO,02/01/2024,12:04:40,0.3,0.25,75480,0.3,72000,40,462920
FINNIFTY02JAN2420550PE.NFO,02/01/2024,12:04:49,0.3,0.25,74600,0.3,72880,0,462920
FINNIFTY02JAN2420550PE.NFO,02/01/2024,12:05:25,0.3,0.25,75480,0.3,71920,80,462920
FINNIFTY02JAN2420550PE.NFO,02/01/2024,12:05:34,0.3,0.25,75480,0.3,71920,0,462920
FINNIFTY02JAN2420550PE.NFO,02/01/2024,12:05:51,0.3,0.25,75480,0.3,71880,40,462920
FINNIFTY02JAN2420550PE.NFO,02/01/2024,12:06:00,0.3,0.25,74600,0.3,72760,0,462920
FINNIFTY02JAN2420550PE.NFO,02/01/2024,12:06:09,0.3,0.25,75520,0.3,73360,400,463080
FINNIFTY02JAN2420550PE.NFO,02/01/2024,12:06:18,0.25,0.25,74240,0.3,73360,400,463080
FINNIFTY02JAN2420550PE.NFO,02/01/2024,12:06:27,0.25,0.25,75120,0.3,73360,0,463080
FINNIFTY02JAN2420550PE.NFO,02/01/2024,12:06:35,0.3,0.25,75120,0.3,72080,1600,463080
FINNIFTY02JAN2420550PE.NFO,02/01/2024,12:06:44,0.25,0.25,73520,0.3,71760,1600,463080
FINNIFTY02JAN2420550PE.NFO,02/01/2024,12:06:52,0.25,0.25,73520,0.3,70880,0,463080
FINNIFTY02JAN2420550PE.NFO,02/01/2024,12:07:44,0.3,0.25,73840,0.3,70240,720,463080
FINNIFTY02JAN2420550PE.NFO,02/01/2024,12:07:53,0.3,0.25,73840,0.3,70480,560,463080
FINNIFTY02JAN2420550PE.NFO,02/01/2024,12:08:02,0.25,0.25,73760,0.3,70480,80,463080
FINNIFTY02JAN2420550PE.NFO,02/01/2024,12:08:10,0.25,0.25,73400,0.3,70480,360,463080
FINNIFTY02JAN2420550PE.NFO,02/01/2024,12:08:36,0.25,0.25,73400,0.3,70480,0,463080
FINNIFTY02JAN2420550PE.NFO,02/01/2024,12:08:45,0.25,0.25,73360,0.3,70120,80,463080
FINNIFTY02JAN2420550PE.NFO,02/01/2024,12:09:19,0.3,0.25,73360,0.3,70040,80,463520
FINNIFTY02JAN2420550PE.NFO,02/01/2024,12:09:45,0.3,0.25,73360,0.3,70040,0,463520
FINNIFTY02JAN2420550PE.NFO,02/01/2024,12:10:02,0.3,0.25,73360,0.3,70320,40,463520
FINNIFTY02JAN2420550PE.NFO,02/01/2024,12:10:11,0.3,0.25,74360,0.3,70320,0,463520
FINNIFTY02JAN2420550PE.NFO,02/01/2024,12:10:20,0.3,0.25,74360,0.3,70280,40,463520
FINNIFTY02JAN2420550PE.NFO,02/01/2024,12:10:30,0.3,0.25,73480,0.3,71160,0,463520
FINNIFTY02JAN2420550PE.NFO,02/01/2024,12:10:39,0.3,0.25,76480,0.3,71160,0,463520
FINNIFTY02JAN2420550PE.NFO,02/01/2024,12:11:06,0.3,0.25,77520,0.3,71160,0,463520
FINNIFTY02JAN2420550PE.NFO,02/01/2024,12:12:09,0.3,0.25,77120,0.3,71160,0,463520
FINNIFTY02JAN2420550PE.NFO,02/01/2024,12:12:18,0.3,0.25,76720,0.3,71160,0,463520
FINNIFTY02JAN2420550PE.NFO,02/01/2024,12:12:27,0.3,0.25,76720,0.3,71360,0,463520
FINNIFTY02JAN2420550PE.NFO,02/01/2024,12:13:02,0.3,0.25,77120,0.3,71360,0,463520
FINNIFTY02JAN2420550PE.NFO,02/01/2024,12:13:11,0.3,0.25,77120,0.3,71400,0,463520
FINNIFTY02JAN2420550PE.NFO,02/01/2024,12:13:53,0.3,0.25,76720,0.3,71080,0,463520
FINNIFTY02JAN2420550PE.NFO,02/01/2024,12:14:02,0.3,0.25,76720,0.3,70880,280,463520
FINNIFTY02JAN2420550PE.NFO,02/01/2024,12:14:11,0.3,0.25,76640,0.3,74360,280,463520
FINNIFTY02JAN2420550PE.NFO,02/01/2024,12:14:19,0.3,0.25,76160,0.3,73800,80,463520
FINNIFTY02JAN2420550PE.NFO,02/01/2024,12:14:28,0.3,0.25,76160,0.3,73720,80,463520
FINNIFTY02JAN2420550PE.NFO,02/01/2024,12:14:37,0.3,0.25,76160,0.3,74000,40,463520
FINNIFTY02JAN2420550PE.NFO,02/01/2024,12:14:45,0.3,0.25,76160,0.3,73760,240,463520
FINNIFTY02JAN2420550PE.NFO,02/01/2024,12:14:54,0.3,0.25,76160,0.3,73800,0,463520
FINNIFTY02JAN2420550PE.NFO,02/01/2024,12:16:09,0.3,0.25,76160,0.3,72800,1000,464120
FINNIFTY02JAN2420550PE.NFO,02/01/2024,12:16:19,0.3,0.25,77040,0.3,72800,0,464120
FINNIFTY02JAN2420550PE.NFO,02/01/2024,12:16:29,0.3,0.25,76160,0.3,72800,0,464120
FINNIFTY02JAN2420550PE.NFO,02/01/2024,12:17:11,0.3,0.25,76680,0.3,71560,3680,464120
FINNIFTY02JAN2420550PE.NFO,02/01/2024,12:17:22,0.3,0.25,76240,0.3,70760,1600,464120
FINNIFTY02JAN2420550PE.NFO,02/01/2024,12:17:32,0.3,0.25,68880,0.3,49120,1920,464120
FINNIFTY02JAN2420550PE.NFO,02/01/2024,12:17:41,0.3,0.25,68880,0.3,50880,520,464120
FINNIFTY02JAN2420550PE.NFO,02/01/2024,12:17:51,0.3,0.25,64680,0.3,50000,3280,464120
FINNIFTY02JAN2420550PE.NFO,02/01/2024,12:18:00,0.3,0.25,64880,0.3,49760,240,460560
FINNIFTY02JAN2420550PE.NFO,02/01/2024,12:18:09,0.3,0.25,65680,0.3,49400,360,460560
FINNIFTY02JAN2420550PE.NFO,02/01/2024,12:18:19,0.3,0.25,64880,0.3,48560,840,460560
FINNIFTY02JAN2420550PE.NFO,02/01/2024,12:18:28,0.3,0.25,63080,0.3,48040,2320,460560
FINNIFTY02JAN2420550PE.NFO,02/01/2024,12:18:37,0.3,0.25,63280,0.3,49720,120,460560
FINNIFTY02JAN2420550PE.NFO,02/01/2024,12:18:47,0.3,0.25,63080,0.3,49680,40,460560
FINNIFTY02JAN2420550PE.NFO,02/01/2024,12:19:06,0.3,0.25,63080,0.3,47880,1800,460560
FINNIFTY02JAN2420550PE.NFO,02/01/2024,12:19:17,0.3,0.25,65360,0.3,43960,7200,460560
FINNIFTY02JAN2420550PE.NFO,02/01/2024,12:19:27,0.3,0.25,65360,0.3,43960,0,460560
FINNIFTY02JAN2420550PE.NFO,02/01/2024,12:19:37,0.3,0.25,67360,0.3,44960,0,460560
FINNIFTY02JAN2420550PE.NFO,02/01/2024,12:19:48,0.3,0.25,67360,0.3,48200,0,460560
FINNIFTY02JAN2420550PE.NFO,02/01/2024,12:20:06,0.25,0.25,67320,0.3,48200,40,460560
FINNIFTY02JAN2420550PE.NFO,02/01/2024,12:20:15,0.25,0.25,58320,0.3,48200,9000,460560
FINNIFTY02JAN2420550PE.NFO,02/01/2024,12:20:24,0.25,0.25,58320,0.3,53600,0,460560
FINNIFTY02JAN2420550PE.NFO,02/01/2024,12:20:34,0.25,0.25,58320,0.3,53680,0,460560
FINNIFTY02JAN2420550PE.NFO,02/01/2024,12:20:52,0.25,0.25,58080,0.3,53680,240,460560
FINNIFTY02JAN2420550PE.NFO,02/01/2024,12:21:02,0.25,0.25,57880,0.3,53680,200,456800
FINNIFTY02JAN2420550PE.NFO,02/01/2024,12:21:11,0.25,0.25,57720,0.3,53680,160,456800
FINNIFTY02JAN2420550PE.NFO,02/01/2024,12:21:21,0.25,0.25,57480,0.3,53200,720,456800
FINNIFTY02JAN2420550PE.NFO,02/01/2024,12:21:31,0.25,0.25,57600,0.3,53200,240,456800
FINNIFTY02JAN2420550PE.NFO,02/01/2024,12:21:41,0.25,0.25,58160,0.3,52880,520,456800
FINNIFTY02JAN2420550PE.NFO,02/01/2024,12:22:00,0.25,0.25,58760,0.3,52880,280,456800
FINNIFTY02JAN2420550PE.NFO,02/01/2024,12:22:10,0.25,0.25,56960,0.3,52880,1800,456800
FINNIFTY02JAN2420550PE.NFO,02/01/2024,12:22:19,0.3,0.25,56960,0.3,52640,240,456800
FINNIFTY02JAN2420550PE.NFO,02/01/2024,12:22:28,0.3,0.25,56960,0.3,52400,240,456800
FINNIFTY02JAN2420550PE.NFO,02/01/2024,12:23:12,0.3,0.25,55800,0.3,50720,2280,456800
FINNIFTY02JAN2420550PE.NFO,02/01/2024,12:23:31,0.3,0.25,55160,0.3,50080,640,456800
FINNIFTY02JAN2420550PE.NFO,02/01/2024,12:24:07,0.3,0.25,55800,0.3,49800,280,453440
FINNIFTY02JAN2420550PE.NFO,02/01/2024,12:24:16,0.3,0.25,55800,0.3,50680,0,453440
FINNIFTY02JAN2420550PE.NFO,02/01/2024,12:27:32,0.25,0.25,55760,0.3,50680,40,453440
FINNIFTY02JAN2420550PE.NFO,02/01/2024,12:27:41,0.25,0.25,56720,0.3,50680,40,453440
FINNIFTY02JAN2420550PE.NFO,02/01/2024,12:28:26,0.25,0.25,56680,0.3,50400,40,453440
FINNIFTY02JAN2420550PE.NFO,02/01/2024,12:29:02,0.3,0.25,56680,0.3,49240,1160,453440
FINNIFTY02JAN2420550PE.NFO,02/01/2024,12:29:21,0.3,0.25,52800,0.3,49240,0,453440
FINNIFTY02JAN2420550PE.NFO,02/01/2024,12:30:13,0.25,0.25,52760,0.3,49240,40,452160
FINNIFTY02JAN2420550PE.NFO,02/01/2024,12:30:39,0.25,0.25,52720,0.3,49240,40,452160
FINNIFTY02JAN2420550PE.NFO,02/01/2024,12:30:48,0.3,0.25,52720,0.3,47440,1800,452160
FINNIFTY02JAN2420550PE.NFO,02/01/2024,12:30:57,0.3,0.25,52720,0.3,45640,1800,452160
FINNIFTY02JAN2420550PE.NFO,02/01/2024,12:31:15,0.3,0.25,52720,0.3,44240,1400,452160
FINNIFTY02JAN2420550PE.NFO,02/01/2024,12:31:24,0.25,0.25,52560,0.3,44240,160,452160
FINNIFTY02JAN2420550PE.NFO,02/01/2024,12:32:08,0.3,0.25,52560,0.3,43760,480,452160
FINNIFTY02JAN2420550PE.NFO,02/01/2024,12:33:57,0.3,0.25,52560,0.3,43680,80,446920
FINNIFTY02JAN2420550PE.NFO,02/01/2024,12:34:40,0.3,0.25,52560,0.3,43640,40,446920
FINNIFTY02JAN2420550PE.NFO,02/01/2024,12:34:49,0.3,0.25,52560,0.3,43880,80,446920
FINNIFTY02JAN2420550PE.NFO,02/01/2024,12:35:38,0.3,0.25,53760,0.3,42600,1280,446920
FINNIFTY02JAN2420550PE.NFO,02/01/2024,12:36:34,0.3,0.25,53760,0.3,42600,0,446920
FINNIFTY02JAN2420550PE.NFO,02/01/2024,12:37:37,0.25,0.25,52280,0.3,42280,1480,445640
FINNIFTY02JAN2420550PE.NFO,02/01/2024,12:37:46,0.3,0.25,52280,0.3,41600,1000,445640
FINNIFTY02JAN2420550PE.NFO,02/01/2024,12:38:11,0.3,0.25,53280,0.3,40440,840,445640
FINNIFTY02JAN2420550PE.NFO,02/01/2024,12:38:57,0.25,0.25,53120,0.3,40440,160,445640
FINNIFTY02JAN2420550PE.NFO,02/01/2024,12:39:23,0.25,0.25,53120,0.3,40440,0,445640
FINNIFTY02JAN2420550PE.NFO,02/01/2024,12:39:56,0.3,0.25,53120,0.3,40760,1000,444800
FINNIFTY02JAN2420550PE.NFO,02/01/2024,12:40:23,0.3,0.25,53120,0.3,40800,0,444800
FINNIFTY02JAN2420550PE.NFO,02/01/2024,12:40:41,0.3,0.25,53120,0.3,40760,40,444800
FINNIFTY02JAN2420550PE.NFO,02/01/2024,12:41:14,0.25,0.25,52280,0.3,40760,40,444800
FINNIFTY02JAN2420550PE.NFO,02/01/2024,12:41:41,0.3,0.25,52280,0.3,40720,40,444800
FINNIFTY02JAN2420550PE.NFO,02/01/2024,12:42:44,0.3,0.25,49520,0.3,40400,0,444800
FINNIFTY02JAN2420550PE.NFO,02/01/2024,12:42:53,0.3,0.25,49520,0.3,39400,1000,443880
FINNIFTY02JAN2420550PE.NFO,02/01/2024,12:43:10,0.3,0.25,49520,0.3,39680,40,443880
FINNIFTY02JAN2420550PE.NFO,02/01/2024,12:43:19,0.3,0.25,49520,0.3,39600,80,443880
FINNIFTY02JAN2420550PE.NFO,02/01/2024,12:43:28,0.3,0.25,50320,0.3,39560,40,443880
FINNIFTY02JAN2420550PE.NFO,02/01/2024,12:44:55,0.3,0.25,54200,0.3,39240,0,443880
FINNIFTY02JAN2420550PE.NFO,02/01/2024,12:45:04,0.3,0.25,53160,0.3,39240,0,443880
FINNIFTY02JAN2420550PE.NFO,02/01/2024,12:45:12,0.3,0.25,52280,0.3,39240,0,443880
FINNIFTY02JAN2420550PE.NFO,02/01/2024,12:45:21,0.3,0.25,52280,0.3,39200,40,444040
FINNIFTY02JAN2420550PE.NFO,02/01/2024,12:45:38,0.3,0.25,52280,0.3,38800,400,444040
FINNIFTY02JAN2420550PE.NFO,02/01/2024,12:45:56,0.25,0.25,51880,0.3,38800,400,444040
FINNIFTY02JAN2420550PE.NFO,02/01/2024,12:46:04,0.25,0.25,51280,0.3,38800,400,444040
FINNIFTY02JAN2420550PE.NFO,02/01/2024,12:46:30,0.25,0.25,51280,0.3,38800,0,444040
FINNIFTY02JAN2420550PE.NFO,02/01/2024,12:46:47,0.3,0.25,51280,0.3,35600,5000,444040
FINNIFTY02JAN2420550PE.NFO,02/01/2024,12:47:14,0.3,0.25,51280,0.3,35920,0,444040
FINNIFTY02JAN2420550PE.NFO,02/01/2024,12:47:32,0.3,0.25,51280,0.3,35480,800,444040
FINNIFTY02JAN2420550PE.NFO,02/01/2024,12:47:41,0.3,0.25,51280,0.3,34880,600,444040
FINNIFTY02JAN2420550PE.NFO,02/01/2024,12:47:51,0.25,0.25,51080,0.3,34880,200,444040
FINNIFTY02JAN2420550PE.NFO,02/01/2024,12:48:00,0.25,0.25,25920,0.3,33920,33480,416280
FINNIFTY02JAN2420550PE.NFO,02/01/2024,12:48:09,0.25,0.25,21920,0.3,33880,120,416280
FINNIFTY02JAN2420550PE.NFO,02/01/2024,12:48:18,0.25,0.25,21880,0.3,33880,40,416280
FINNIFTY02JAN2420550PE.NFO,02/01/2024,12:48:26,0.25,0.25,21880,0.3,33880,0,416280
FINNIFTY02JAN2420550PE.NFO,02/01/2024,12:48:35,0.25,0.25,21880,0.3,34200,0,416280
FINNIFTY02JAN2420550PE.NFO,02/01/2024,12:51:05,0.3,0.25,21880,0.3,33320,520,416440
FINNIFTY02JAN2420550PE.NFO,02/01/2024,12:51:15,0.3,0.25,22200,0.3,30240,1600,416440
FINNIFTY02JAN2420550PE.NFO,02/01/2024,12:51:24,0.3,0.25,22200,0.3,32400,0,416440
FINNIFTY02JAN2420550PE.NFO,02/01/2024,12:52:44,0.3,0.25,22400,0.3,32400,0,416440
FINNIFTY02JAN2420550PE.NFO,02/01/2024,12:53:53,0.3,0.25,22200,0.3,31480,0,416440
FINNIFTY02JAN2420550PE.NFO,02/01/2024,12:54:01,0.3,0.25,23080,0.3,31400,80,418040
FINNIFTY02JAN2420550PE.NFO,02/01/2024,12:54:10,0.3,0.25,22200,0.3,30520,0,418040
FINNIFTY02JAN2420550PE.NFO,02/01/2024,12:55:36,0.3,0.25,21600,0.3,29880,40,418040
FINNIFTY02JAN2420550PE.NFO,02/01/2024,12:55:45,0.3,0.25,21600,0.3,31240,0,418040
FINNIFTY02JAN2420550PE.NFO,02/01/2024,12:56:19,0.3,0.25,22480,0.3,33040,0,418040
FINNIFTY02JAN2420550PE.NFO,02/01/2024,12:56:44,0.25,0.25,22440,0.3,31840,40,418040
FINNIFTY02JAN2420550PE.NFO,02/01/2024,12:57:10,0.25,0.25,21560,0.3,31840,0,418040
FINNIFTY02JAN2420550PE.NFO,02/01/2024,12:57:28,0.25,0.25,37760,0.3,53440,0,418040
FINNIFTY02JAN2420550PE.NFO,02/01/2024,12:58:11,0.25,0.25,37600,0.3,53440,160,418120
FINNIFTY02JAN2420550PE.NFO,02/01/2024,12:58:29,0.25,0.25,39400,0.3,53760,0,418120
FINNIFTY02JAN2420550PE.NFO,02/01/2024,12:58:48,0.25,0.25,39320,0.3,53760,80,418120
FINNIFTY02JAN2420550PE.NFO,02/01/2024,12:59:06,0.3,0.25,39160,0.3,51960,1960,418120
FINNIFTY02JAN2420550PE.NFO,02/01/2024,12:59:23,0.25,0.25,39000,0.3,51960,160,418120
FINNIFTY02JAN2420550PE.NFO,02/01/2024,12:59:32,0.3,0.25,39000,0.3,51560,400,418120
FINNIFTY02JAN2420550PE.NFO,02/01/2024,13:00:16,0.25,0.25,34800,0.3,52160,5000,417760
FINNIFTY02JAN2420550PE.NFO,02/01/2024,13:01:15,0.25,0.25,18600,0.3,34200,0,417760
FINNIFTY02JAN2420550PE.NFO,02/01/2024,13:01:24,0.25,0.25,10400,0.3,27800,8200,417760
FINNIFTY02JAN2420550PE.NFO,02/01/2024,13:01:32,0.25,0.25,28880,0.3,25960,0,417760
FINNIFTY02JAN2420550PE.NFO,02/01/2024,13:01:42,0.25,0.25,32480,0.3,23840,0,417760
FINNIFTY02JAN2420550PE.NFO,02/01/2024,13:02:00,0.25,0.25,31680,0.3,23840,800,417760
FINNIFTY02JAN2420550PE.NFO,02/01/2024,13:02:18,0.25,0.25,27040,0.3,25960,1040,417760
FINNIFTY02JAN2420550PE.NFO,02/01/2024,13:02:27,0.25,0.25,14720,0.3,22080,2480,417760
FINNIFTY02JAN2420550PE.NFO,02/01/2024,13:02:37,0.25,0.25,14720,0.3,22360,0,417760
FINNIFTY02JAN2420550PE.NFO,02/01/2024,13:02:47,0.3,0.25,14880,0.3,21760,2440,417760
FINNIFTY02JAN2420550PE.NFO,02/01/2024,13:02:57,0.3,0.25,48240,0.3,15880,0,417760
FINNIFTY02JAN2420550PE.NFO,02/01/2024,13:03:06,0.3,0.25,48240,0.3,17080,0,417760
FINNIFTY02JAN2420550PE.NFO,02/01/2024,13:03:24,0.3,0.25,48240,0.3,15200,80,413680
FINNIFTY02JAN2420550PE.NFO,02/01/2024,13:03:33,0.3,0.25,48240,0.3,20560,0,413680
FINNIFTY02JAN2420550PE.NFO,02/01/2024,13:03:43,0.3,0.25,49040,0.3,18760,0,413680
FINNIFTY02JAN2420550PE.NFO,02/01/2024,13:04:04,0.25,0.25,49000,0.3,16960,40,413680
FINNIFTY02JAN2420550PE.NFO,02/01/2024,13:04:15,0.25,0.25,49000,0.3,16960,0,413680
FINNIFTY02JAN2420550PE.NFO,02/01/2024,13:04:25,0.25,0.25,48600,0.3,15480,400,413680
FINNIFTY02JAN2420550PE.NFO,02/01/2024,13:04:35,0.25,0.25,48520,0.3,19080,80,413680
FINNIFTY02JAN2420550PE.NFO,02/01/2024,13:04:45,0.25,0.25,48120,0.3,19080,400,413680
FINNIFTY02JAN2420550PE.NFO,02/01/2024,13:04:55,0.3,0.25,47880,0.3,18040,3960,413680
FINNIFTY02JAN2420550PE.NFO,02/01/2024,13:05:05,0.25,0.25,46880,0.3,17560,600,413680
FINNIFTY02JAN2420550PE.NFO,02/01/2024,13:05:23,0.3,0.25,46880,0.3,17320,240,413680
FINNIFTY02JAN2420550PE.NFO,02/01/2024,13:05:32,0.3,0.25,48680,0.3,17080,240,413680
FINNIFTY02JAN2420550PE.NFO,02/01/2024,13:05:40,0.3,0.25,48840,0.3,16520,560,413680
FINNIFTY02JAN2420550PE.NFO,02/01/2024,13:05:50,0.3,0.25,48840,0.3,16200,320,413680
FINNIFTY02JAN2420550PE.NFO,02/01/2024,13:05:58,0.3,0.25,48840,0.3,18000,0,413680
FINNIFTY02JAN2420550PE.NFO,02/01/2024,13:06:07,0.3,0.25,49200,0.3,18360,0,413680
FINNIFTY02JAN2420550PE.NFO,02/01/2024,13:07:18,0.25,0.25,40520,0.3,16800,10000,407160
FINNIFTY02JAN2420550PE.NFO,02/01/2024,13:07:27,0.25,0.25,38880,0.3,17040,0,407160
FINNIFTY02JAN2420550PE.NFO,02/01/2024,13:07:53,0.3,0.25,40680,0.3,16960,80,407160
FINNIFTY02JAN2420550PE.NFO,02/01/2024,13:08:03,0.3,0.25,40680,0.3,16760,200,407160
FINNIFTY02JAN2420550PE.NFO,02/01/2024,13:08:13,0.3,0.25,40680,0.3,18320,240,407160
FINNIFTY02JAN2420550PE.NFO,02/01/2024,13:08:22,0.3,0.25,39840,0.3,19880,240,407160
FINNIFTY02JAN2420550PE.NFO,02/01/2024,13:08:31,0.25,0.25,38360,0.3,20560,2040,407160
FINNIFTY02JAN2420550PE.NFO,02/01/2024,13:08:41,0.25,0.25,38000,0.3,20440,1040,407160
FINNIFTY02JAN2420550PE.NFO,02/01/2024,13:08:50,0.25,0.25,40680,0.3,21360,0,407160
FINNIFTY02JAN2420550PE.NFO,02/01/2024,13:08:59,0.25,0.25,40680,0.3,19560,0,407160
FINNIFTY02JAN2420550PE.NFO,02/01/2024,13:09:08,0.25,0.25,40560,0.3,19560,120,401920
FINNIFTY02JAN2420550PE.NFO,02/01/2024,13:09:17,0.25,0.25,40640,0.3,19560,0,401920
FINNIFTY02JAN2420550PE.NFO,02/01/2024,13:09:34,0.3,0.25,40200,0.3,21040,320,401920
FINNIFTY02JAN2420550PE.NFO,02/01/2024,13:09:43,0.3,0.25,41080,0.3,21040,0,401920
FINNIFTY02JAN2420550PE.NFO,02/01/2024,13:09:52,0.3,0.25,40120,0.3,19240,0,401920
FINNIFTY02JAN2420550PE.NFO,02/01/2024,13:10:10,0.3,0.25,39240,0.3,19240,0,401920
FINNIFTY02JAN2420550PE.NFO,02/01/2024,13:10:45,0.3,0.25,40120,0.3,19240,0,401920
FINNIFTY02JAN2420550PE.NFO,02/01/2024,13:11:12,0.3,0.25,41640,0.3,17440,1480,401920
FINNIFTY02JAN2420550PE.NFO,02/01/2024,13:11:21,0.3,0.25,40760,0.3,19400,0,401920
FINNIFTY02JAN2420550PE.NFO,02/01/2024,13:11:30,0.3,0.25,41080,0.3,20240,800,401920
FINNIFTY02JAN2420550PE.NFO,02/01/2024,13:11:39,0.3,0.25,41080,0.3,19200,1040,401920
FINNIFTY02JAN2420550PE.NFO,02/01/2024,13:11:48,0.3,0.25,41080,0.3,18760,440,401920
FINNIFTY02JAN2420550PE.NFO,02/01/2024,13:11:57,0.3,0.25,41080,0.3,18760,0,401920
FINNIFTY02JAN2420550PE.NFO,02/01/2024,13:13:06,0.3,0.25,40600,0.3,20560,0,401920
FINNIFTY02JAN2420550PE.NFO,02/01/2024,13:13:14,0.3,0.25,39640,0.3,20360,200,399080
FINNIFTY02JAN2420550PE.NFO,02/01/2024,13:13:23,0.3,0.25,38840,0.3,20160,200,399080
FINNIFTY02JAN2420550PE.NFO,02/01/2024,13:13:58,0.3,0.25,38840,0.3,20240,240,399080
FINNIFTY02JAN2420550PE.NFO,02/01/2024,13:15:15,0.3,0.25,38840,0.3,19640,280,398800
FINNIFTY02JAN2420550PE.NFO,02/01/2024,13:15:24,0.3,0.25,38840,0.3,19600,40,398800
FINNIFTY02JAN2420550PE.NFO,02/01/2024,13:16:07,0.3,0.25,38840,0.3,19400,200,398800
FINNIFTY02JAN2420550PE.NFO,02/01/2024,13:16:59,0.3,0.25,38840,0.3,21000,200,398800
FINNIFTY02JAN2420550PE.NFO,02/01/2024,13:17:16,0.3,0.25,38640,0.3,20800,200,398800
FINNIFTY02JAN2420550PE.NFO,02/01/2024,13:19:06,0.3,0.25,36840,0.3,23600,2000,398000
FINNIFTY02JAN2420550PE.NFO,02/01/2024,13:19:15,0.25,0.25,20760,0.3,26200,5600,398000
FINNIFTY02JAN2420550PE.NFO,02/01/2024,13:19:23,0.25,0.25,15520,0.3,35200,5400,398000
FINNIFTY02JAN2420550PE.NFO,02/01/2024,13:19:32,0.25,0.2,147280,0.25,7560,20760,398000
FINNIFTY02JAN2420550PE.NFO,02/01/2024,13:19:40,0.2,0.2,145480,0.25,40440,2000,398000
FINNIFTY02JAN2420550PE.NFO,02/01/2024,13:19:40,0.2,0.2,145480,0.25,40440,0,398000
FINNIFTY02JAN2420550PE.NFO,02/01/2024,13:19:49,0.2,0.2,144480,0.25,40440,0,398000
FINNIFTY02JAN2420550PE.NFO,02/01/2024,13:19:57,0.2,0.2,146280,0.25,42240,0,398000
FINNIFTY02JAN2420550PE.NFO,02/01/2024,13:20:06,0.2,0.2,146280,0.25,42320,0,398000
FINNIFTY02JAN2420550PE.NFO,02/01/2024,13:20:39,0.25,0.2,146280,0.25,42200,200,398000
FINNIFTY02JAN2420550PE.NFO,02/01/2024,13:20:47,0.25,0.2,146280,0.25,41040,1160,398000
FINNIFTY02JAN2420550PE.NFO,02/01/2024,13:21:05,0.25,0.2,147000,0.25,40840,200,398000
FINNIFTY02JAN2420550PE.NFO,02/01/2024,13:21:14,0.25,0.2,149200,0.25,38960,4160,390840
FINNIFTY02JAN2420550PE.NFO,02/01/2024,13:21:31,0.25,0.2,150200,0.25,39000,200,390840
FINNIFTY02JAN2420550PE.NFO,02/01/2024,13:21:56,0.2,0.2,148400,0.25,38880,2000,390840
FINNIFTY02JAN2420550PE.NFO,02/01/2024,13:22:13,0.2,0.2,149040,0.25,38880,0,390840
FINNIFTY02JAN2420550PE.NFO,02/01/2024,13:22:21,0.2,0.2,149040,0.25,40320,0,390840
FINNIFTY02JAN2420550PE.NFO,02/01/2024,13:22:30,0.2,0.2,149000,0.25,40320,0,390840
FINNIFTY02JAN2420550PE.NFO,02/01/2024,13:22:38,0.2,0.2,148840,0.25,40320,1800,390840
FINNIFTY02JAN2420550PE.NFO,02/01/2024,13:22:56,0.2,0.2,149160,0.25,43720,3800,390840
FINNIFTY02JAN2420550PE.NFO,02/01/2024,13:23:13,0.25,0.2,147440,0.25,43280,4280,390840
FINNIFTY02JAN2420550PE.NFO,02/01/2024,13:23:31,0.25,0.2,145800,0.25,45160,0,390840
FINNIFTY02JAN2420550PE.NFO,02/01/2024,13:23:40,0.25,0.2,147600,0.25,41240,3600,390840
FINNIFTY02JAN2420550PE.NFO,02/01/2024,13:23:48,0.2,0.2,145840,0.25,42560,1760,390840
FINNIFTY02JAN2420550PE.NFO,02/01/2024,13:24:05,0.2,0.2,145840,0.25,42560,0,390840
FINNIFTY02JAN2420550PE.NFO,02/01/2024,13:24:13,0.2,0.2,145840,0.25,44440,0,390840
FINNIFTY02JAN2420550PE.NFO,02/01/2024,13:24:22,0.2,0.2,142080,0.25,47840,5320,387920
FINNIFTY02JAN2420550PE.NFO,02/01/2024,13:24:30,0.2,0.2,138480,0.25,47840,3600,387920
FINNIFTY02JAN2420550PE.NFO,02/01/2024,13:24:40,0.2,0.2,133240,0.25,48000,7080,387920
FINNIFTY02JAN2420550PE.NFO,02/01/2024,13:24:49,0.2,0.2,117040,0.25,46240,16200,387920
FINNIFTY02JAN2420550PE.NFO,02/01/2024,13:24:57,0.2,0.2,106240,0.25,47920,10800,387920
FINNIFTY02JAN2420550PE.NFO,02/01/2024,13:25:06,0.2,0.2,100840,0.25,46800,6600,387920
FINNIFTY02JAN2420550PE.NFO,02/01/2024,13:25:16,0.2,0.2,90080,0.25,44800,9080,387920
FINNIFTY02JAN2420550PE.NFO,02/01/2024,13:25:25,0.2,0.2,83600,0.25,44800,9000,387920
FINNIFTY02JAN2420550PE.NFO,02/01/2024,13:25:34,0.2,0.2,71000,0.25,44960,10800,387920
FINNIFTY02JAN2420550PE.NFO,02/01/2024,13:25:43,0.2,0.2,56600,0.25,44960,14400,387920
FINNIFTY02JAN2420550PE.NFO,02/01/2024,13:25:52,0.2,0.2,24840,0.25,44960,12600,387920
FINNIFTY02JAN2420550PE.NFO,02/01/2024,13:26:00,0.2,0.2,7000,0.25,57560,14400,387920
FINNIFTY02JAN2420550PE.NFO,02/01/2024,13:26:09,0.2,0.2,5480,0.25,59280,5400,387920
FINNIFTY02JAN2420550PE.NFO,02/01/2024,13:26:18,0.15,0.15,107920,0.25,58400,26600,387920
FINNIFTY02JAN2420550PE.NFO,02/01/2024,13:26:18,0.15,0.15,107920,0.25,58400,0,387920
FINNIFTY02JAN2420550PE.NFO,02/01/2024,13:26:26,0.2,0.2,10480,0.25,56480,27040,387920
FINNIFTY02JAN2420550PE.NFO,02/01/2024,13:26:35,0.2,0.15,207200,0.2,18240,19120,387920
FINNIFTY02JAN2420550PE.NFO,02/01/2024,13:26:44,0.15,0.15,247000,0.2,1920,32120,387920
FINNIFTY02JAN2420550PE.NFO,02/01/2024,13:26:52,0.25,0.2,21880,0.25,60000,6280,387920
FINNIFTY02JAN2420550PE.NFO,02/01/2024,13:27:01,0.2,0.2,18800,0.25,59080,2400,387920
FINNIFTY02JAN2420550PE.NFO,02/01/2024,13:27:10,0.2,0.2,6200,0.25,60840,7240,338000
FINNIFTY02JAN2420550PE.NFO,02/01/2024,13:27:18,0.2,0.15,464480,0.2,127600,39640,338000
FINNIFTY02JAN2420550PE.NFO,02/01/2024,13:27:26,0.15,0.15,457280,0.2,126480,9840,338000
FINNIFTY02JAN2420550PE.NFO,02/01/2024,13:27:35,0.15,0.15,457280,0.2,96840,31480,338000
FINNIFTY02JAN2420550PE.NFO,02/01/2024,13:27:43,0.2,0.15,453160,0.2,94280,7920,338000
FINNIFTY02JAN2420550PE.NFO,02/01/2024,13:27:52,0.2,0.15,453200,0.2,73520,35200,338000
FINNIFTY02JAN2420550PE.NFO,02/01/2024,13:28:00,0.2,0.15,442360,0.2,68240,16160,338000
FINNIFTY02JAN2420550PE.NFO,02/01/2024,13:28:08,0.2,0.15,435160,0.2,69480,7720,338000
FINNIFTY02JAN2420550PE.NFO,02/01/2024,13:28:16,0.15,0.15,426160,0.2,66360,12120,338000
FINNIFTY02JAN2420550PE.NFO,02/01/2024,13:28:25,0.15,0.15,413400,0.2,68680,14120,338000
FINNIFTY02JAN2420550PE.NFO,02/01/2024,13:28:34,0.2,0.15,409800,0.2,74160,5320,338000
FINNIFTY02JAN2420550PE.NFO,02/01/2024,13:28:43,0.2,0.15,409800,0.2,84480,480,338000
FINNIFTY02JAN2420550PE.NFO,02/01/2024,13:28:51,0.2,0.15,409680,0.2,84840,1720,338000
FINNIFTY02JAN2420550PE.NFO,02/01/2024,13:29:00,0.2,0.15,409680,0.2,151240,720,338000
FINNIFTY02JAN2420550PE.NFO,02/01/2024,13:29:08,0.2,0.15,409680,0.2,148920,520,338000
FINNIFTY02JAN2420550PE.NFO,02/01/2024,13:29:17,0.2,0.15,409840,0.2,148360,560,338000
FINNIFTY02JAN2420550PE.NFO,02/01/2024,13:29:25,0.2,0.15,409840,0.2,149600,560,338000
FINNIFTY02JAN2420550PE.NFO,02/01/2024,13:29:33,0.2,0.15,409840,0.2,148920,680,338000
FINNIFTY02JAN2420550PE.NFO,02/01/2024,13:29:42,0.2,0.15,409840,0.2,146960,5560,338000
FINNIFTY02JAN2420550PE.NFO,02/01/2024,13:29:51,0.2,0.15,409840,0.2,146000,960,338000
FINNIFTY02JAN2420550PE.NFO,02/01/2024,13:29:59,0.2,0.15,409840,0.2,147280,520,338000
FINNIFTY02JAN2420550PE.NFO,02/01/2024,13:30:08,0.2,0.15,406960,0.2,164120,5600,261520
FINNIFTY02JAN2420550PE.NFO,02/01/2024,13:30:16,0.2,0.15,406960,0.2,156880,7560,261520
FINNIFTY02JAN2420550PE.NFO,02/01/2024,13:30:25,0.2,0.15,406960,0.2,156360,520,261520
FINNIFTY02JAN2420550PE.NFO,02/01/2024,13:30:33,0.2,0.15,406960,0.2,156200,160,261520
FINNIFTY02JAN2420550PE.NFO,02/01/2024,13:30:51,0.2,0.15,406960,0.2,154480,1800,261520
FINNIFTY02JAN2420550PE.NFO,02/01/2024,13:31:00,0.2,0.15,406960,0.2,150880,1800,261520
FINNIFTY02JAN2420550PE.NFO,02/01/2024,13:31:09,0.2,0.15,406960,0.2,149800,1960,261520
FINNIFTY02JAN2420550PE.NFO,02/01/2024,13:31:18,0.2,0.15,406960,0.2,151600,0,261520
FINNIFTY02JAN2420550PE.NFO,02/01/2024,13:31:26,0.2,0.15,230560,0.2,151440,120,261520
FINNIFTY02JAN2420550PE.NFO,02/01/2024,13:31:36,0.2,0.15,230560,0.2,143240,8160,261520
FINNIFTY02JAN2420550PE.NFO,02/01/2024,13:31:45,0.2,0.15,230400,0.2,142320,3880,261520
FINNIFTY02JAN2420550PE.NFO,02/01/2024,13:31:54,0.2,0.15,234400,0.2,140920,400,261520
FINNIFTY02JAN2420550PE.NFO,02/01/2024,13:32:03,0.2,0.15,234400,0.2,140440,480,261520
FINNIFTY02JAN2420550PE.NFO,02/01/2024,13:32:12,0.2,0.15,234400,0.2,140280,240,261520
FINNIFTY02JAN2420550PE.NFO,02/01/2024,13:32:21,0.2,0.15,234400,0.2,138360,120,261520
FINNIFTY02JAN2420550PE.NFO,02/01/2024,13:32:30,0.2,0.15,235280,0.2,139200,0,261520
FINNIFTY02JAN2420550PE.NFO,02/01/2024,13:32:48,0.2,0.15,234400,0.2,135760,0,261520
FINNIFTY02JAN2420550PE.NFO,02/01/2024,13:32:57,0.2,0.15,234400,0.2,139240,40,261520
FINNIFTY02JAN2420550PE.NFO,02/01/2024,13:33:06,0.2,0.15,270400,0.2,136840,600,255840
FINNIFTY02JAN2420550PE.NFO,02/01/2024,13:33:15,0.2,0.15,274000,0.2,136040,720,255840
FINNIFTY02JAN2420550PE.NFO,02/01/2024,13:33:24,0.2,0.15,284960,0.2,137040,800,255840
FINNIFTY02JAN2420550PE.NFO,02/01/2024,13:33:32,0.2,0.15,299360,0.2,139360,680,255840
FINNIFTY02JAN2420550PE.NFO,02/01/2024,13:33:41,0.2,0.15,310240,0.2,138760,600,255840
FINNIFTY02JAN2420550PE.NFO,02/01/2024,13:33:50,0.2,0.15,310120,0.2,138760,0,255840
FINNIFTY02JAN2420550PE.NFO,02/01/2024,13:34:17,0.2,0.15,310120,0.2,138360,0,255840
FINNIFTY02JAN2420550PE.NFO,02/01/2024,13:34:45,0.2,0.15,310120,0.2,138240,120,255840
FINNIFTY02JAN2420550PE.NFO,02/01/2024,13:34:55,0.2,0.15,310120,0.2,138640,0,255840
FINNIFTY02JAN2420550PE.NFO,02/01/2024,13:35:49,0.2,0.15,309960,0.2,140240,200,255840
FINNIFTY02JAN2420550PE.NFO,02/01/2024,13:35:58,0.2,0.15,310120,0.2,140120,120,255840
FINNIFTY02JAN2420550PE.NFO,02/01/2024,13:36:07,0.2,0.15,310120,0.2,138480,80,255840
FINNIFTY02JAN2420550PE.NFO,02/01/2024,13:36:24,0.15,0.15,310040,0.2,139640,80,255000
FINNIFTY02JAN2420550PE.NFO,02/01/2024,13:36:33,0.2,0.15,310040,0.2,138440,1200,255000
FINNIFTY02JAN2420550PE.NFO,02/01/2024,13:36:51,0.2,0.15,310040,0.2,137960,480,255000
FINNIFTY02JAN2420550PE.NFO,02/01/2024,13:37:01,0.2,0.15,310040,0.2,136520,1440,255000
FINNIFTY02JAN2420550PE.NFO,02/01/2024,13:37:10,0.2,0.15,310040,0.2,136520,0,255000
FINNIFTY02JAN2420550PE.NFO,02/01/2024,13:37:20,0.2,0.15,310160,0.2,136040,480,255000
FINNIFTY02JAN2420550PE.NFO,02/01/2024,13:37:29,0.2,0.15,310120,0.2,136040,0,255000
FINNIFTY02JAN2420550PE.NFO,02/01/2024,13:37:38,0.2,0.15,310120,0.2,133920,320,255000
FINNIFTY02JAN2420550PE.NFO,02/01/2024,13:37:47,0.2,0.15,306120,0.2,135720,0,255000
FINNIFTY02JAN2420550PE.NFO,02/01/2024,13:37:56,0.2,0.15,270120,0.2,133920,0,255000
FINNIFTY02JAN2420550PE.NFO,02/01/2024,13:38:05,0.2,0.15,264720,0.2,131720,4000,255000
FINNIFTY02JAN2420550PE.NFO,02/01/2024,13:38:14,0.2,0.15,261120,0.2,131720,0,255000
FINNIFTY02JAN2420550PE.NFO,02/01/2024,13:38:49,0.2,0.15,261120,0.2,129920,0,255000
FINNIFTY02JAN2420550PE.NFO,02/01/2024,13:39:23,0.2,0.15,225120,0.2,131720,0,255000
FINNIFTY02JAN2420550PE.NFO,02/01/2024,13:39:57,0.2,0.15,225120,0.2,131520,200,253800
FINNIFTY02JAN2420550PE.NFO,02/01/2024,13:40:15,0.15,0.15,223320,0.2,131520,1800,253800
FINNIFTY02JAN2420550PE.NFO,02/01/2024,13:40:23,0.2,0.15,220440,0.2,131480,40,253800
FINNIFTY02JAN2420550PE.NFO,02/01/2024,13:40:32,0.15,0.15,205240,0.2,131400,880,253800
FINNIFTY02JAN2420550PE.NFO,02/01/2024,13:40:48,0.2,0.15,205160,0.2,130800,680,253800
FINNIFTY02JAN2420550PE.NFO,02/01/2024,13:40:56,0.15,0.15,204760,0.2,129240,400,253800
FINNIFTY02JAN2420550PE.NFO,02/01/2024,13:41:04,0.2,0.15,204760,0.2,134280,120,253800
FINNIFTY02JAN2420550PE.NFO,02/01/2024,13:41:21,0.2,0.15,204760,0.2,116280,0,253800
FINNIFTY02JAN2420550PE.NFO,02/01/2024,13:41:31,0.15,0.15,204400,0.2,118080,360,253800
FINNIFTY02JAN2420550PE.NFO,02/01/2024,13:41:48,0.2,0.15,204400,0.2,115880,2280,253800
FINNIFTY02JAN2420550PE.NFO,02/01/2024,13:42:06,0.2,0.15,204400,0.2,120800,400,253800
FINNIFTY02JAN2420550PE.NFO,02/01/2024,13:42:56,0.15,0.15,204320,0.2,121040,80,253800
FINNIFTY02JAN2420550PE.NFO,02/01/2024,13:43:04,0.2,0.15,204320,0.2,120040,1000,253800
FINNIFTY02JAN2420550PE.NFO,02/01/2024,13:43:39,0.2,0.15,204320,0.2,120040,0,253800
FINNIFTY02JAN2420550PE.NFO,02/01/2024,13:43:56,0.15,0.15,204280,0.2,121680,40,253800
FINNIFTY02JAN2420550PE.NFO,02/01/2024,13:44:04,0.15,0.15,204240,0.2,120040,40,253800
FINNIFTY02JAN2420550PE.NFO,02/01/2024,13:44:13,0.15,0.15,204200,0.2,120040,40,253800
FINNIFTY02JAN2420550PE.NFO,02/01/2024,13:44:22,0.15,0.15,204120,0.2,120120,80,253800
FINNIFTY02JAN2420550PE.NFO,02/01/2024,13:44:30,0.15,0.15,165080,0.2,120040,160,253800
FINNIFTY02JAN2420550PE.NFO,02/01/2024,13:45:03,0.15,0.15,164880,0.2,120120,40,253800
FINNIFTY02JAN2420550PE.NFO,02/01/2024,13:45:29,0.15,0.15,165000,0.2,120040,40,253800
FINNIFTY02JAN2420550PE.NFO,02/01/2024,13:45:46,0.15,0.15,164800,0.2,120120,40,253800
FINNIFTY02JAN2420550PE.NFO,02/01/2024,13:45:53,0.15,0.15,164920,0.2,120040,40,253800
FINNIFTY02JAN2420550PE.NFO,02/01/2024,13:46:01,0.15,0.15,164880,0.2,118840,1240,253800
FINNIFTY02JAN2420550PE.NFO,02/01/2024,13:46:19,0.15,0.15,164880,0.2,118840,0,253800
FINNIFTY02JAN2420550PE.NFO,02/01/2024,13:46:27,0.2,0.15,168240,0.2,117560,1280,253800
FINNIFTY02JAN2420550PE.NFO,02/01/2024,13:46:52,0.2,0.15,168160,0.2,116360,1280,253800
FINNIFTY02JAN2420550PE.NFO,02/01/2024,13:47:00,0.15,0.15,167960,0.2,117560,560,253800
FINNIFTY02JAN2420550PE.NFO,02/01/2024,13:47:09,0.2,0.15,167920,0.2,115600,440,253800
FINNIFTY02JAN2420550PE.NFO,02/01/2024,13:47:17,0.15,0.15,167880,0.2,115680,40,253800
FINNIFTY02JAN2420550PE.NFO,02/01/2024,13:47:34,0.2,0.15,167880,0.2,117000,240,253800
FINNIFTY02JAN2420550PE.NFO,02/01/2024,13:47:43,0.2,0.15,167880,0.2,115120,1880,253800
FINNIFTY02JAN2420550PE.NFO,02/01/2024,13:48:01,0.2,0.15,169480,0.2,108440,0,253800
FINNIFTY02JAN2420550PE.NFO,02/01/2024,13:48:09,0.2,0.15,159680,0.2,108520,0,253800
FINNIFTY02JAN2420550PE.NFO,02/01/2024,13:48:18,0.2,0.15,163280,0.2,107120,1400,253800
FINNIFTY02JAN2420550PE.NFO,02/01/2024,13:48:27,0.2,0.15,169480,0.2,102680,4360,253800
FINNIFTY02JAN2420550PE.NFO,02/01/2024,13:48:35,0.15,0.15,169400,0.2,106280,80,253800
FINNIFTY02JAN2420550PE.NFO,02/01/2024,13:48:44,0.15,0.15,169400,0.2,109360,0,253800
FINNIFTY02JAN2420550PE.NFO,02/01/2024,13:49:09,0.15,0.15,169400,0.2,111160,0,253800
FINNIFTY02JAN2420550PE.NFO,02/01/2024,13:49:17,0.2,0.15,169400,0.2,109120,400,253800
FINNIFTY02JAN2420550PE.NFO,02/01/2024,13:49:25,0.2,0.15,169400,0.2,108800,320,253800
FINNIFTY02JAN2420550PE.NFO,02/01/2024,13:49:34,0.2,0.15,159600,0.2,101600,600,253800
FINNIFTY02JAN2420550PE.NFO,02/01/2024,13:49:42,0.2,0.15,169400,0.2,96000,2080,253800
FINNIFTY02JAN2420550PE.NFO,02/01/2024,13:49:50,0.2,0.15,169600,0.2,92320,0,253800
FINNIFTY02JAN2420550PE.NFO,02/01/2024,13:49:58,0.2,0.15,169600,0.2,89320,15000,253800
FINNIFTY02JAN2420550PE.NFO,02/01/2024,13:50:06,0.15,0.15,169560,0.2,66480,17480,253800
FINNIFTY02JAN2420550PE.NFO,02/01/2024,13:50:16,0.2,0.15,169520,0.2,107320,1640,253800
FINNIFTY02JAN2420550PE.NFO,02/01/2024,13:50:24,0.2,0.15,172960,0.2,107520,1760,253800
FINNIFTY02JAN2420550PE.NFO,02/01/2024,13:50:33,0.2,0.15,172160,0.2,86680,1400,253800
FINNIFTY02JAN2420550PE.NFO,02/01/2024,13:50:42,0.2,0.15,183400,0.2,96120,1000,253800
FINNIFTY02JAN2420550PE.NFO,02/01/2024,13:50:51,0.2,0.15,183400,0.2,62960,0,253800
FINNIFTY02JAN2420550PE.NFO,02/01/2024,13:51:01,0.2,0.15,165760,0.2,64320,8720,253800
FINNIFTY02JAN2420550PE.NFO,02/01/2024,13:51:10,0.2,0.15,165760,0.2,62600,0,253800
FINNIFTY02JAN2420550PE.NFO,02/01/2024,13:51:19,0.2,0.2,22560,0.25,65360,64680,253760
FINNIFTY02JAN2420550PE.NFO,02/01/2024,13:51:28,0.2,0.2,20840,0.25,74560,80,253760
FINNIFTY02JAN2420550PE.NFO,02/01/2024,13:51:37,0.2,0.2,13400,0.25,75200,5640,253760
FINNIFTY02JAN2420550PE.NFO,02/01/2024,13:51:46,0.2,0.15,180280,0.2,105880,13800,253760
FINNIFTY02JAN2420550PE.NFO,02/01/2024,13:51:55,0.2,0.15,180240,0.2,105840,80,253760
FINNIFTY02JAN2420550PE.NFO,02/01/2024,13:52:04,0.15,0.15,176560,0.2,116640,3680,253760
FINNIFTY02JAN2420550PE.NFO,02/01/2024,13:52:13,0.15,0.15,175240,0.2,114840,1320,253760
FINNIFTY02JAN2420550PE.NFO,02/01/2024,13:52:22,0.15,0.15,175160,0.2,112800,320,253760
FINNIFTY02JAN2420550PE.NFO,02/01/2024,13:52:32,0.2,0.15,197120,0.2,62200,8520,253760
FINNIFTY02JAN2420550PE.NFO,02/01/2024,13:52:41,0.2,0.2,88680,0.25,82960,15240,253760
FINNIFTY02JAN2420550PE.NFO,02/01/2024,13:52:51,0.2,0.2,63320,0.25,86200,5440,253760
FINNIFTY02JAN2420550PE.NFO,02/01/2024,13:53:00,0.2,0.2,34360,0.25,86200,200,253760
FINNIFTY02JAN2420550PE.NFO,02/01/2024,13:53:09,0.2,0.2,32400,0.25,86200,160,253760
FINNIFTY02JAN2420550PE.NFO,02/01/2024,13:53:18,0.2,0.2,1840,0.25,84720,13880,253760
FINNIFTY02JAN2420550PE.NFO,02/01/2024,13:53:28,0.2,0.2,13880,0.25,79320,3600,253760
FINNIFTY02JAN2420550PE.NFO,02/01/2024,13:53:38,0.2,0.2,9160,0.25,80720,1360,253760
FINNIFTY02JAN2420550PE.NFO,02/01/2024,13:53:47,0.2,0.2,10160,0.25,80720,1640,253760
FINNIFTY02JAN2420550PE.NFO,02/01/2024,13:53:57,0.2,0.2,8880,0.25,80720,1320,253760
FINNIFTY02JAN2420550PE.NFO,02/01/2024,13:54:06,0.2,0.2,8640,0.25,82480,240,253760
FINNIFTY02JAN2420550PE.NFO,02/01/2024,13:54:16,0.2,0.15,212960,0.2,73800,9120,257880
FINNIFTY02JAN2420550PE.NFO,02/01/2024,13:54:26,0.2,0.15,212800,0.2,76080,680,257880
FINNIFTY02JAN2420550PE.NFO,02/01/2024,13:54:35,0.15,0.15,212560,0.2,77280,840,257880
FINNIFTY02JAN2420550PE.NFO,02/01/2024,13:54:44,0.2,0.15,212480,0.2,76200,1160,257880
FINNIFTY02JAN2420550PE.NFO,02/01/2024,13:54:54,0.2,0.15,217440,0.2,78160,800,257880
FINNIFTY02JAN2420550PE.NFO,02/01/2024,13:55:03,0.2,0.15,217440,0.2,73920,640,257880
FINNIFTY02JAN2420550PE.NFO,02/01/2024,13:55:12,0.2,0.15,218320,0.2,77800,600,257880
FINNIFTY02JAN2420550PE.NFO,02/01/2024,13:55:21,0.2,0.15,218880,0.2,77320,520,257880
FINNIFTY02JAN2420550PE.NFO,02/01/2024,13:55:30,0.2,0.15,218880,0.2,76520,760,257880
FINNIFTY02JAN2420550PE.NFO,02/01/2024,13:55:38,0.2,0.15,220520,0.2,73880,840,257880
FINNIFTY02JAN2420550PE.NFO,02/01/2024,13:55:47,0.2,0.15,220520,0.2,75240,680,257880
FINNIFTY02JAN2420550PE.NFO,02/01/2024,13:55:56,0.2,0.15,220520,0.2,82600,880,257880
FINNIFTY02JAN2420550PE.NFO,02/01/2024,13:56:04,0.2,0.15,217040,0.2,80280,520,257880
FINNIFTY02JAN2420550PE.NFO,02/01/2024,13:56:13,0.2,0.15,217040,0.2,81520,560,257880
FINNIFTY02JAN2420550PE.NFO,02/01/2024,13:56:21,0.2,0.15,216960,0.2,86400,600,257880
FINNIFTY02JAN2420550PE.NFO,02/01/2024,13:56:30,0.2,0.15,218480,0.2,81600,520,257880
FINNIFTY02JAN2420550PE.NFO,02/01/2024,13:56:39,0.2,0.15,218480,0.2,82680,720,257880
FINNIFTY02JAN2420550PE.NFO,02/01/2024,13:56:47,0.2,0.15,218480,0.2,85080,1200,257880
FINNIFTY02JAN2420550PE.NFO,02/01/2024,13:56:56,0.2,0.15,218480,0.2,86280,600,257880
FINNIFTY02JAN2420550PE.NFO,02/01/2024,13:57:05,0.2,0.15,218480,0.2,85280,1000,257880
FINNIFTY02JAN2420550PE.NFO,02/01/2024,13:57:14,0.2,0.15,218480,0.2,82960,520,257680
FINNIFTY02JAN2420550PE.NFO,02/01/2024,13:57:22,0.2,0.15,218480,0.2,82960,0,257680
FINNIFTY02JAN2420550PE.NFO,02/01/2024,13:57:48,0.15,0.15,218120,0.2,82960,360,257680
FINNIFTY02JAN2420550PE.NFO,02/01/2024,13:57:57,0.2,0.15,218120,0.2,82560,400,257680
FINNIFTY02JAN2420550PE.NFO,02/01/2024,13:58:13,0.2,0.15,218120,0.2,80760,0,257680
FINNIFTY02JAN2420550PE.NFO,02/01/2024,13:58:30,0.2,0.15,218120,0.2,82120,480,257680
FINNIFTY02JAN2420550PE.NFO,02/01/2024,13:58:38,0.2,0.15,218120,0.2,79280,1040,257680
FINNIFTY02JAN2420550PE.NFO,02/01/2024,13:58:47,0.2,0.15,218120,0.2,80480,600,257680
FINNIFTY02JAN2420550PE.NFO,02/01/2024,13:58:56,0.2,0.15,210520,0.2,80000,9480,257680
FINNIFTY02JAN2420550PE.NFO,02/01/2024,13:59:05,0.15,0.15,210240,0.2,90720,360,257680
FINNIFTY02JAN2420550PE.NFO,02/01/2024,13:59:22,0.2,0.15,210240,0.2,86840,280,257680
FINNIFTY02JAN2420550PE.NFO,02/01/2024,13:59:31,0.2,0.15,211960,0.2,86560,280,257680
