Ticker,Date,Time,LTP,BuyPrice,BuyQty,SellPrice,SellQty,LTQ,OpenInterest
FINNIFTY02JAN2421400CE.NFO,02/01/2024,09:15:00,68.05,66.5,80,69.65,320,800,0
FINNIFTY02JAN2421400CE.NFO,02/01/2024,09:15:00,68.05,66.5,80,69.65,320,0,0
FINNIFTY02JAN2421400CE.NFO,02/01/2024,09:15:00,69.95,66.5,80,69.65,320,0,0
FINNIFTY02JAN2421400CE.NFO,02/01/2024,09:15:00,66.25,66.5,80,69.65,320,0,0
FINNIFTY02JAN2421400CE.NFO,02/01/2024,09:15:01,61.9,61.9,320,62.85,240,8640,1321240
FINNIFTY02JAN2421400CE.NFO,02/01/2024,09:15:01,60.15,61.9,320,62.85,240,0,1321240
FINNIFTY02JAN2421400CE.NFO,02/01/2024,09:15:03,49.45,46.65,160,49.45,320,30080,1321240
FINNIFTY02JAN2421400CE.NFO,02/01/2024,09:15:03,46.05,46.65,160,49.45,320,0,1321240
FINNIFTY02JAN2421400CE.NFO,02/01/2024,09:15:04,49.95,49.25,80,50,800,26080,1321240
FINNIFTY02JAN2421400CE.NFO,02/01/2024,09:15:04,43.8,49.25,80,50,800,0,1321240
FINNIFTY02JAN2421400CE.NFO,02/01/2024,09:15:06,51.15,51.55,40,51.95,80,49560,1321240
FINNIFTY02JAN2421400CE.NFO,02/01/2024,09:15:08,50.5,50,240,50.55,40,26400,1321240
FINNIFTY02JAN2421400CE.NFO,02/01/2024,09:15:09,47.05,46.65,320,47,160,31800,1321240
FINNIFTY02JAN2421400CE.NFO,02/01/2024,09:15:11,47.6,47.3,320,47.65,80,112920,1321240
FINNIFTY02JAN2421400CE.NFO,02/01/2024,09:15:11,43.4,47.3,320,47.65,80,0,1321240
FINNIFTY02JAN2421400CE.NFO,02/01/2024,09:15:13,47.55,47.15,80,47.55,480,82320,1321240
FINNIFTY02JAN2421400CE.NFO,02/01/2024,09:15:14,46.15,45.8,80,46.1,160,52400,1321240
FINNIFTY02JAN2421400CE.NFO,02/01/2024,09:15:16,42.45,42.05,480,42.45,80,56840,1321240
FINNIFTY02JAN2421400CE.NFO,02/01/2024,09:15:16,41.9,42.05,480,42.45,80,0,1321240
FINNIFTY02JAN2421400CE.NFO,02/01/2024,09:15:17,44.55,44.4,160,44.55,120,72400,1321240
FINNIFTY02JAN2421400CE.NFO,02/01/2024,09:15:19,46.15,46.15,320,46.55,240,71600,1321240
FINNIFTY02JAN2421400CE.NFO,02/01/2024,09:15:21,44.75,44.3,120,44.75,240,75000,1321240
FINNIFTY02JAN2421400CE.NFO,02/01/2024,09:15:22,44.85,44.55,80,44.8,40,64360,1321240
FINNIFTY02JAN2421400CE.NFO,02/01/2024,09:15:24,43.65,43.55,200,43.8,40,55840,1321240
FINNIFTY02JAN2421400CE.NFO,02/01/2024,09:15:26,44.4,44.1,280,44.4,200,62640,1321240
FINNIFTY02JAN2421400CE.NFO,02/01/2024,09:15:27,44,43.95,80,44,600,36280,1321240
FINNIFTY02JAN2421400CE.NFO,02/01/2024,09:15:29,44.9,44.6,800,44.9,560,62400,1321240
FINNIFTY02JAN2421400CE.NFO,02/01/2024,09:15:30,45.2,45.25,680,45.55,160,88200,1321240
FINNIFTY02JAN2421400CE.NFO,02/01/2024,09:15:32,44.55,44.35,80,44.55,440,60360,1321240
FINNIFTY02JAN2421400CE.NFO,02/01/2024,09:15:34,43.75,43.5,560,43.75,760,46160,1321240
FINNIFTY02JAN2421400CE.NFO,02/01/2024,09:15:35,43.45,43.45,560,43.7,80,40680,1321240
FINNIFTY02JAN2421400CE.NFO,02/01/2024,09:15:37,44.5,44.5,80,44.65,240,76200,1321240
FINNIFTY02JAN2421400CE.NFO,02/01/2024,09:15:39,44.7,44.5,120,44.7,80,87440,1321240
FINNIFTY02JAN2421400CE.NFO,02/01/2024,09:15:40,46.5,46.3,840,46.5,160,83920,1321240
FINNIFTY02JAN2421400CE.NFO,02/01/2024,09:15:42,45.45,45.3,200,45.45,760,83320,1321240
FINNIFTY02JAN2421400CE.NFO,02/01/2024,09:15:43,46,45.75,840,46,1040,88960,1321240
FINNIFTY02JAN2421400CE.NFO,02/01/2024,09:15:45,46.25,46,480,46.25,160,86760,1321240
FINNIFTY02JAN2421400CE.NFO,02/01/2024,09:15:47,45.25,45.3,160,45.5,320,91200,1321240
FINNIFTY02JAN2421400CE.NFO,02/01/2024,09:15:48,44.25,44.25,280,44.5,1200,93000,1321240
FINNIFTY02JAN2421400CE.NFO,02/01/2024,09:15:50,44,43.85,200,44,160,67480,1321240
FINNIFTY02JAN2421400CE.NFO,02/01/2024,09:15:52,44.5,44.5,160,44.6,40,73000,1321240
FINNIFTY02JAN2421400CE.NFO,02/01/2024,09:15:53,44.1,44.1,160,44.4,1200,98320,1321240
FINNIFTY02JAN2421400CE.NFO,02/01/2024,09:15:55,44,43.85,480,44,160,103920,1321240
FINNIFTY02JAN2421400CE.NFO,02/01/2024,09:15:57,42.9,42.9,40,43.05,840,128560,1321240
FINNIFTY02JAN2421400CE.NFO,02/01/2024,09:15:58,42.4,42.4,120,42.45,120,77080,1321240
FINNIFTY02JAN2421400CE.NFO,02/01/2024,09:16:00,42.4,42.35,320,42.55,400,126760,1321240
FINNIFTY02JAN2421400CE.NFO,02/01/2024,09:16:00,41.7,42.35,320,42.55,400,0,1321240
FINNIFTY02JAN2421400CE.NFO,02/01/2024,09:16:01,40.3,40.45,80,40.5,440,329960,1321240
FINNIFTY02JAN2421400CE.NFO,02/01/2024,09:16:01,40.1,40.45,80,40.5,440,0,1321240
FINNIFTY02JAN2421400CE.NFO,02/01/2024,09:16:03,40.85,40.7,560,40.85,1160,235480,1321240
FINNIFTY02JAN2421400CE.NFO,02/01/2024,09:16:03,40.05,40.7,560,40.85,1160,0,1321240
FINNIFTY02JAN2421400CE.NFO,02/01/2024,09:16:05,40.75,40.4,760,40.75,280,195600,1321240
FINNIFTY02JAN2421400CE.NFO,02/01/2024,09:16:06,42.05,41.9,80,42.05,3760,230160,1321240
FINNIFTY02JAN2421400CE.NFO,02/01/2024,09:16:08,44.4,44.2,240,44.4,40,140880,1321240
FINNIFTY02JAN2421400CE.NFO,02/01/2024,09:16:09,42.8,42.65,1720,42.8,200,107240,1321240
FINNIFTY02JAN2421400CE.NFO,02/01/2024,09:16:11,43.55,43.4,1040,43.55,360,90520,1321240
FINNIFTY02JAN2421400CE.NFO,02/01/2024,09:16:13,44.1,44,160,44.15,640,114000,1321240
FINNIFTY02JAN2421400CE.NFO,02/01/2024,09:16:14,44.1,44,1160,44.15,1160,58160,1321240
FINNIFTY02JAN2421400CE.NFO,02/01/2024,09:16:16,42.2,42.1,40,42.2,280,61800,1321240
FINNIFTY02JAN2421400CE.NFO,02/01/2024,09:16:17,42.75,42.6,520,42.75,3400,49840,1321240
FINNIFTY02JAN2421400CE.NFO,02/01/2024,09:16:19,42.65,42.65,1200,42.85,520,57200,1321240
FINNIFTY02JAN2421400CE.NFO,02/01/2024,09:16:21,42,41.9,560,42.05,1240,43480,1321240
FINNIFTY02JAN2421400CE.NFO,02/01/2024,09:16:22,40.65,40.55,240,40.65,1360,46560,1321240
FINNIFTY02JAN2421400CE.NFO,02/01/2024,09:16:24,40.75,40.65,960,40.8,2000,47160,1321240
FINNIFTY02JAN2421400CE.NFO,02/01/2024,09:16:26,40.25,40,21400,40.25,1320,96360,1321240
FINNIFTY02JAN2421400CE.NFO,02/01/2024,09:16:26,40,40,21400,40.25,1320,0,1321240
FINNIFTY02JAN2421400CE.NFO,02/01/2024,09:16:27,40.25,40.1,1160,40.25,480,87760,1321240
FINNIFTY02JAN2421400CE.NFO,02/01/2024,09:16:27,39.55,40.1,1160,40.25,480,0,1321240
FINNIFTY02JAN2421400CE.NFO,02/01/2024,09:16:29,40.4,40.2,800,40.35,760,54280,1321240
FINNIFTY02JAN2421400CE.NFO,02/01/2024,09:16:30,41.4,41.35,1560,41.55,1040,58200,1321240
FINNIFTY02JAN2421400CE.NFO,02/01/2024,09:16:32,41,40.85,560,41,1080,71720,1321240
FINNIFTY02JAN2421400CE.NFO,02/01/2024,09:16:34,40.55,40.35,360,40.55,1080,52120,1321240
FINNIFTY02JAN2421400CE.NFO,02/01/2024,09:16:35,41.65,41.5,1200,41.6,160,44200,1321240
FINNIFTY02JAN2421400CE.NFO,02/01/2024,09:16:37,41.25,41.05,440,41.25,880,55680,1321240
FINNIFTY02JAN2421400CE.NFO,02/01/2024,09:16:38,40.75,40.75,1360,40.9,1120,46760,1321240
FINNIFTY02JAN2421400CE.NFO,02/01/2024,09:16:40,40.65,40.5,1480,40.65,1640,51440,1321240
FINNIFTY02JAN2421400CE.NFO,02/01/2024,09:16:42,40.7,40.7,80,40.8,1120,62520,1321240
FINNIFTY02JAN2421400CE.NFO,02/01/2024,09:16:43,40.9,40.85,2960,41,1960,58520,1321240
FINNIFTY02JAN2421400CE.NFO,02/01/2024,09:16:45,42.8,42.8,720,42.95,240,74120,1321240
FINNIFTY02JAN2421400CE.NFO,02/01/2024,09:16:46,42.15,42,40,42.15,1840,54280,1321240
FINNIFTY02JAN2421400CE.NFO,02/01/2024,09:16:48,43.5,43.5,1640,43.6,120,88720,1321240
FINNIFTY02JAN2421400CE.NFO,02/01/2024,09:16:50,44.15,44,1120,44.15,40,58640,1321240
FINNIFTY02JAN2421400CE.NFO,02/01/2024,09:16:51,43.35,43.15,1880,43.35,240,80080,1321240
FINNIFTY02JAN2421400CE.NFO,02/01/2024,09:16:53,42.35,42.1,1800,42.3,2640,79360,1321240
FINNIFTY02JAN2421400CE.NFO,02/01/2024,09:16:54,41.5,41.5,680,41.7,1600,62800,1321240
FINNIFTY02JAN2421400CE.NFO,02/01/2024,09:16:56,41.6,41.6,2600,41.7,520,61840,1321240
FINNIFTY02JAN2421400CE.NFO,02/01/2024,09:16:58,42.6,42.6,200,42.7,1680,39480,1321240
FINNIFTY02JAN2421400CE.NFO,02/01/2024,09:16:59,42.7,42.7,40,42.85,1360,29440,1321240
FINNIFTY02JAN2421400CE.NFO,02/01/2024,09:17:01,42.05,41.85,2200,42.1,40,282120,1321240
FINNIFTY02JAN2421400CE.NFO,02/01/2024,09:17:02,41.3,41.15,960,41.3,1400,106760,1321240
FINNIFTY02JAN2421400CE.NFO,02/01/2024,09:17:04,41.35,41.3,1320,41.5,1920,96600,1321240
FINNIFTY02JAN2421400CE.NFO,02/01/2024,09:17:06,41.75,41.55,1600,41.75,800,57360,1321240
FINNIFTY02JAN2421400CE.NFO,02/01/2024,09:17:07,42.15,42.15,480,42.3,680,63800,1321240
FINNIFTY02JAN2421400CE.NFO,02/01/2024,09:17:09,42,41.9,1000,42,1960,55680,1321240
FINNIFTY02JAN2421400CE.NFO,02/01/2024,09:17:11,41.55,41.45,1320,41.55,40,34680,1321240
FINNIFTY02JAN2421400CE.NFO,02/01/2024,09:17:12,41.6,41.4,7000,41.6,400,46200,1321240
FINNIFTY02JAN2421400CE.NFO,02/01/2024,09:17:14,41.8,41.65,720,41.8,2080,28080,1321240
FINNIFTY02JAN2421400CE.NFO,02/01/2024,09:17:15,42,41.95,40,42,400,43840,1321240
FINNIFTY02JAN2421400CE.NFO,02/01/2024,09:17:17,42.3,42.3,440,42.4,2120,46000,1321240
FINNIFTY02JAN2421400CE.NFO,02/01/2024,09:17:19,43.5,43.35,160,43.5,1560,41320,1321240
FINNIFTY02JAN2421400CE.NFO,02/01/2024,09:17:20,43.6,43.6,1280,43.75,1040,55240,1321240
FINNIFTY02JAN2421400CE.NFO,02/01/2024,09:17:22,43.4,43.4,440,43.55,2600,41400,1321240
FINNIFTY02JAN2421400CE.NFO,02/01/2024,09:17:23,43.5,43.5,480,43.65,2440,58160,3433400
FINNIFTY02JAN2421400CE.NFO,02/01/2024,09:17:25,43.1,42.95,120,43.1,840,61200,3433400
FINNIFTY02JAN2421400CE.NFO,02/01/2024,09:17:26,43.2,43.05,720,43.2,120,38640,3433400
FINNIFTY02JAN2421400CE.NFO,02/01/2024,09:17:28,42.5,42.35,1160,42.5,120,70400,3433400
FINNIFTY02JAN2421400CE.NFO,02/01/2024,09:17:30,42,41.85,1360,42,1080,57440,3433400
FINNIFTY02JAN2421400CE.NFO,02/01/2024,09:17:31,42.25,42.05,720,42.25,1200,49840,3433400
FINNIFTY02JAN2421400CE.NFO,02/01/2024,09:17:33,42.75,42.7,40,42.8,1440,56400,3433400
FINNIFTY02JAN2421400CE.NFO,02/01/2024,09:17:34,42.4,42.25,240,42.4,2640,50760,3433400
FINNIFTY02JAN2421400CE.NFO,02/01/2024,09:17:36,41.9,41.7,680,41.9,880,77600,3433400
FINNIFTY02JAN2421400CE.NFO,02/01/2024,09:17:38,43.4,43.3,440,43.4,600,46480,3433400
FINNIFTY02JAN2421400CE.NFO,02/01/2024,09:17:39,41.65,41.65,920,41.8,1240,18480,3433400
FINNIFTY02JAN2421400CE.NFO,02/01/2024,09:17:41,41.3,41.2,680,41.35,640,45520,3433400
FINNIFTY02JAN2421400CE.NFO,02/01/2024,09:17:42,41.45,41.5,640,41.65,1480,40200,3433400
FINNIFTY02JAN2421400CE.NFO,02/01/2024,09:17:44,41.6,41.4,2560,41.6,720,34520,3433400
FINNIFTY02JAN2421400CE.NFO,02/01/2024,09:17:46,41.2,41.15,80,41.2,320,47840,3433400
FINNIFTY02JAN2421400CE.NFO,02/01/2024,09:17:47,40.95,41,360,41.1,160,55160,3433400
FINNIFTY02JAN2421400CE.NFO,02/01/2024,09:17:49,41.3,41.05,1520,41.3,400,51000,3433400
FINNIFTY02JAN2421400CE.NFO,02/01/2024,09:17:50,41.85,41.7,160,41.75,40,90080,3433400
FINNIFTY02JAN2421400CE.NFO,02/01/2024,09:17:52,41.35,41.3,1760,41.35,40,58400,3433400
FINNIFTY02JAN2421400CE.NFO,02/01/2024,09:17:54,41.55,41.35,320,41.5,680,39240,3433400
FINNIFTY02JAN2421400CE.NFO,02/01/2024,09:17:55,40.95,40.95,160,41.1,1280,52840,3433400
FINNIFTY02JAN2421400CE.NFO,02/01/2024,09:17:57,41.45,41.3,280,41.45,400,37040,3433400
FINNIFTY02JAN2421400CE.NFO,02/01/2024,09:17:58,41.45,41.45,800,41.6,1160,29440,3433400
FINNIFTY02JAN2421400CE.NFO,02/01/2024,09:18:00,40.95,40.9,1520,41.1,600,63640,3433400
FINNIFTY02JAN2421400CE.NFO,02/01/2024,09:18:01,41.7,41.55,360,41.7,880,161640,3433400
FINNIFTY02JAN2421400CE.NFO,02/01/2024,09:18:03,42.8,42.65,1760,42.8,800,67640,3433400
FINNIFTY02JAN2421400CE.NFO,02/01/2024,09:18:05,42.4,42.4,200,42.5,200,47520,3433400
FINNIFTY02JAN2421400CE.NFO,02/01/2024,09:18:06,42.65,42.5,1440,42.65,160,67040,3433400
FINNIFTY02JAN2421400CE.NFO,02/01/2024,09:18:08,43.35,43.2,1080,43.4,2120,65240,3433400
FINNIFTY02JAN2421400CE.NFO,02/01/2024,09:18:10,42.95,42.85,80,42.95,840,54760,3433400
FINNIFTY02JAN2421400CE.NFO,02/01/2024,09:18:11,41.7,41.7,1600,41.9,1800,37920,3433400
FINNIFTY02JAN2421400CE.NFO,02/01/2024,09:18:13,42.15,42.05,800,42.2,1840,29360,3433400
FINNIFTY02JAN2421400CE.NFO,02/01/2024,09:18:15,42.35,42.35,280,42.45,1520,37880,3433400
FINNIFTY02JAN2421400CE.NFO,02/01/2024,09:18:16,41.3,41.3,1000,41.35,80,31680,3433400
FINNIFTY02JAN2421400CE.NFO,02/01/2024,09:18:18,40.9,40.75,1080,40.9,1520,55440,3433400
FINNIFTY02JAN2421400CE.NFO,02/01/2024,09:18:20,40.3,40.3,1000,40.4,40,58440,3433400
FINNIFTY02JAN2421400CE.NFO,02/01/2024,09:18:21,40.5,40.5,3840,40.7,1480,102160,3433400
FINNIFTY02JAN2421400CE.NFO,02/01/2024,09:18:23,41.3,41.3,2160,41.45,1640,39560,3433400
FINNIFTY02JAN2421400CE.NFO,02/01/2024,09:18:25,41,41,160,41.1,720,47680,3433400
FINNIFTY02JAN2421400CE.NFO,02/01/2024,09:18:26,40.9,40.8,560,40.9,280,35680,3433400
FINNIFTY02JAN2421400CE.NFO,02/01/2024,09:18:28,41.55,41.5,240,41.6,280,33920,3433400
FINNIFTY02JAN2421400CE.NFO,02/01/2024,09:18:29,41.6,41.55,80,41.7,3320,29040,3433400
FINNIFTY02JAN2421400CE.NFO,02/01/2024,09:18:31,41.1,41.1,200,41.2,1960,26680,3433400
FINNIFTY02JAN2421400CE.NFO,02/01/2024,09:18:33,41.1,40.95,1440,41.05,80,46200,3433400
FINNIFTY02JAN2421400CE.NFO,02/01/2024,09:18:34,41.75,41.6,600,41.75,1640,52280,3433400
FINNIFTY02JAN2421400CE.NFO,02/01/2024,09:18:36,41.8,41.75,440,41.85,720,29840,3433400
FINNIFTY02JAN2421400CE.NFO,02/01/2024,09:18:37,41.9,41.85,880,41.95,520,52360,3433400
FINNIFTY02JAN2421400CE.NFO,02/01/2024,09:18:39,42.25,42.25,1480,42.4,1560,44840,3433400
FINNIFTY02JAN2421400CE.NFO,02/01/2024,09:18:40,42.05,42,1200,42.1,440,39160,3433400
FINNIFTY02JAN2421400CE.NFO,02/01/2024,09:18:42,42.25,42.1,1800,42.25,1320,27840,3433400
FINNIFTY02JAN2421400CE.NFO,02/01/2024,09:18:44,42.6,42.65,760,42.75,1040,37720,3433400
FINNIFTY02JAN2421400CE.NFO,02/01/2024,09:18:45,43.1,42.95,280,43.1,2520,60160,3433400
FINNIFTY02JAN2421400CE.NFO,02/01/2024,09:18:47,43.05,42.9,2920,43.05,1760,54120,3433400
FINNIFTY02JAN2421400CE.NFO,02/01/2024,09:18:49,42.75,42.65,3280,42.75,1160,41720,3433400
FINNIFTY02JAN2421400CE.NFO,02/01/2024,09:18:50,43.45,43.4,1080,43.5,3160,37960,3433400
FINNIFTY02JAN2421400CE.NFO,02/01/2024,09:18:52,43.65,43.65,1960,43.8,1480,53440,3433400
FINNIFTY02JAN2421400CE.NFO,02/01/2024,09:18:53,43.45,43.35,1600,43.5,3400,65080,3433400
FINNIFTY02JAN2421400CE.NFO,02/01/2024,09:18:55,43.7,43.65,360,43.75,1520,46960,3433400
FINNIFTY02JAN2421400CE.NFO,02/01/2024,09:18:57,43.55,43.5,1280,43.65,3000,65480,3433400
FINNIFTY02JAN2421400CE.NFO,02/01/2024,09:18:58,43.6,43.5,640,43.6,2080,62520,3433400
FINNIFTY02JAN2421400CE.NFO,02/01/2024,09:19:00,43.6,43.6,360,43.7,800,63840,3433400
FINNIFTY02JAN2421400CE.NFO,02/01/2024,09:19:02,43.9,43.8,1560,43.9,320,164560,3433400
FINNIFTY02JAN2421400CE.NFO,02/01/2024,09:19:03,43.15,43,2960,43.15,1760,97240,3433400
FINNIFTY02JAN2421400CE.NFO,02/01/2024,09:19:05,43.05,43.1,40,43.15,40,67040,3433400
FINNIFTY02JAN2421400CE.NFO,02/01/2024,09:19:06,43.7,43.7,520,43.85,2200,49760,3433400
FINNIFTY02JAN2421400CE.NFO,02/01/2024,09:19:08,43.25,43.2,560,43.3,520,61840,3433400
FINNIFTY02JAN2421400CE.NFO,02/01/2024,09:19:10,43.75,43.6,2800,43.75,480,65400,3433400
FINNIFTY02JAN2421400CE.NFO,02/01/2024,09:19:11,44.25,44.25,320,44.3,200,49200,3433400
FINNIFTY02JAN2421400CE.NFO,02/01/2024,09:19:13,45.2,45.15,360,45.3,3320,161080,3433400
FINNIFTY02JAN2421400CE.NFO,02/01/2024,09:19:14,45.9,45.75,1600,45.9,760,113800,3433400
FINNIFTY02JAN2421400CE.NFO,02/01/2024,09:19:16,46.1,46,80,46.1,1000,103000,3433400
FINNIFTY02JAN2421400CE.NFO,02/01/2024,09:19:18,45.95,45.85,40,45.95,3000,108960,3433400
FINNIFTY02JAN2421400CE.NFO,02/01/2024,09:19:19,45.5,45.5,1000,45.6,80,64880,3433400
FINNIFTY02JAN2421400CE.NFO,02/01/2024,09:19:21,46.05,45.9,360,46,560,60520,3433400
FINNIFTY02JAN2421400CE.NFO,02/01/2024,09:19:23,44.8,44.75,760,44.85,2240,87160,3433400
FINNIFTY02JAN2421400CE.NFO,02/01/2024,09:19:24,44.4,44.25,760,44.4,3840,46880,3433400
FINNIFTY02JAN2421400CE.NFO,02/01/2024,09:19:26,44.85,44.65,2280,44.7,40,49280,3433400
FINNIFTY02JAN2421400CE.NFO,02/01/2024,09:19:27,43.9,43.9,1640,44.05,1040,60280,3433400
FINNIFTY02JAN2421400CE.NFO,02/01/2024,09:19:29,44.55,44.4,1280,44.55,2360,46960,3433400
FINNIFTY02JAN2421400CE.NFO,02/01/2024,09:19:30,44.95,44.8,3840,44.95,80,24960,3433400
FINNIFTY02JAN2421400CE.NFO,02/01/2024,09:19:32,45.4,45.4,200,45.5,1440,43720,3433400
FINNIFTY02JAN2421400CE.NFO,02/01/2024,09:19:34,45.7,45.65,360,45.75,1240,40360,3433400
FINNIFTY02JAN2421400CE.NFO,02/01/2024,09:19:35,45.85,45.85,3080,46,80,85760,3433400
FINNIFTY02JAN2421400CE.NFO,02/01/2024,09:19:37,45.9,45.8,800,45.9,520,61400,3433400
FINNIFTY02JAN2421400CE.NFO,02/01/2024,09:19:39,45.5,45.35,1160,45.5,2480,57560,3433400
FINNIFTY02JAN2421400CE.NFO,02/01/2024,09:19:40,45.6,45.55,280,45.65,320,39360,3433400
FINNIFTY02JAN2421400CE.NFO,02/01/2024,09:19:42,45.4,45.3,560,45.45,1120,52560,3433400
FINNIFTY02JAN2421400CE.NFO,02/01/2024,09:19:44,45.35,45.35,800,45.45,200,69000,3433400
FINNIFTY02JAN2421400CE.NFO,02/01/2024,09:19:45,45.4,45.3,800,45.4,800,51480,3433400
FINNIFTY02JAN2421400CE.NFO,02/01/2024,09:19:47,45.95,45.8,1120,45.95,2320,40720,3433400
FINNIFTY02JAN2421400CE.NFO,02/01/2024,09:19:49,45.9,45.85,4520,46,400,42520,3433400
FINNIFTY02JAN2421400CE.NFO,02/01/2024,09:19:50,45.85,45.85,1520,45.95,560,30920,3433400
FINNIFTY02JAN2421400CE.NFO,02/01/2024,09:19:52,45,44.85,2520,45,920,63280,3433400
FINNIFTY02JAN2421400CE.NFO,02/01/2024,09:19:54,44.25,44.25,2640,44.4,120,43600,3433400
FINNIFTY02JAN2421400CE.NFO,02/01/2024,09:19:55,44.5,44.45,1840,44.6,2000,48480,3433400
FINNIFTY02JAN2421400CE.NFO,02/01/2024,09:19:57,43.75,43.65,1640,43.75,280,54800,3433400
FINNIFTY02JAN2421400CE.NFO,02/01/2024,09:19:59,43.45,43.4,1080,43.5,920,31800,3433400
FINNIFTY02JAN2421400CE.NFO,02/01/2024,09:20:00,43.4,43.4,40,43.45,760,114480,3433400
FINNIFTY02JAN2421400CE.NFO,02/01/2024,09:20:02,43.25,43.15,2600,43.3,1640,126120,3433400
FINNIFTY02JAN2421400CE.NFO,02/01/2024,09:20:04,43.6,43.6,1440,43.65,1160,45920,3433400
FINNIFTY02JAN2421400CE.NFO,02/01/2024,09:20:05,45.2,45.05,1080,45.2,1400,90200,3433400
FINNIFTY02JAN2421400CE.NFO,02/01/2024,09:20:07,44.7,44.7,1520,44.85,1400,34840,3433400
FINNIFTY02JAN2421400CE.NFO,02/01/2024,09:20:09,44.9,44.9,360,45,1160,39360,3433400
FINNIFTY02JAN2421400CE.NFO,02/01/2024,09:20:10,45.35,45.25,920,45.35,760,41880,3433400
FINNIFTY02JAN2421400CE.NFO,02/01/2024,09:20:12,45.65,45.5,1880,45.65,800,34320,3433400
FINNIFTY02JAN2421400CE.NFO,02/01/2024,09:20:14,45.75,45.6,1240,45.75,1960,30760,3433400
FINNIFTY02JAN2421400CE.NFO,02/01/2024,09:20:15,45.6,45.4,440,45.5,920,40960,3433400
FINNIFTY02JAN2421400CE.NFO,02/01/2024,09:20:17,44.85,44.75,2800,44.9,400,60400,3433400
FINNIFTY02JAN2421400CE.NFO,02/01/2024,09:20:19,44.6,44.55,200,44.65,1960,28920,3433400
FINNIFTY02JAN2421400CE.NFO,02/01/2024,09:20:20,44.95,44.75,2800,44.9,600,44880,3433400
FINNIFTY02JAN2421400CE.NFO,02/01/2024,09:20:22,44.85,44.8,280,44.9,1480,34960,3433400
FINNIFTY02JAN2421400CE.NFO,02/01/2024,09:20:24,44.9,44.75,1000,44.9,1600,37360,4834560
FINNIFTY02JAN2421400CE.NFO,02/01/2024,09:20:25,44.65,44.55,360,44.6,40,28480,4834560
FINNIFTY02JAN2421400CE.NFO,02/01/2024,09:20:27,44.1,44,7800,44.1,80,26640,4834560
FINNIFTY02JAN2421400CE.NFO,02/01/2024,09:20:29,43.95,43.9,200,44,560,38560,4834560
FINNIFTY02JAN2421400CE.NFO,02/01/2024,09:20:30,44.5,44.35,280,44.45,800,26080,4834560
FINNIFTY02JAN2421400CE.NFO,02/01/2024,09:20:32,43.9,43.9,1880,44.1,5080,39920,4834560
FINNIFTY02JAN2421400CE.NFO,02/01/2024,09:20:34,44.15,44,3600,44.15,840,36640,4834560
FINNIFTY02JAN2421400CE.NFO,02/01/2024,09:20:35,43.85,43.75,840,43.85,760,24520,4834560
FINNIFTY02JAN2421400CE.NFO,02/01/2024,09:20:37,43.55,43.45,3120,43.55,80,30800,4834560
FINNIFTY02JAN2421400CE.NFO,02/01/2024,09:20:39,43.55,43.5,2880,43.65,400,22520,4834560
FINNIFTY02JAN2421400CE.NFO,02/01/2024,09:20:40,43.85,43.85,2320,43.95,1200,22560,4834560
FINNIFTY02JAN2421400CE.NFO,02/01/2024,09:20:42,44.45,44.35,760,44.45,160,50480,4834560
FINNIFTY02JAN2421400CE.NFO,02/01/2024,09:20:44,44.25,44.2,160,44.3,1160,46560,4834560
FINNIFTY02JAN2421400CE.NFO,02/01/2024,09:20:45,44.85,44.75,2600,44.9,1760,36560,4834560
FINNIFTY02JAN2421400CE.NFO,02/01/2024,09:20:47,45.4,45.3,960,45.45,2160,35120,4834560
FINNIFTY02JAN2421400CE.NFO,02/01/2024,09:20:49,45.35,45.25,2960,45.35,160,37520,4834560
FINNIFTY02JAN2421400CE.NFO,02/01/2024,09:20:50,45.85,45.8,80,45.9,2720,32560,4834560
FINNIFTY02JAN2421400CE.NFO,02/01/2024,09:20:52,45.95,45.85,280,45.95,280,66760,4834560
FINNIFTY02JAN2421400CE.NFO,02/01/2024,09:20:54,45.95,45.85,1320,45.95,680,32120,4834560
FINNIFTY02JAN2421400CE.NFO,02/01/2024,09:20:55,45.5,45.4,1360,45.5,80,31960,4834560
FINNIFTY02JAN2421400CE.NFO,02/01/2024,09:20:57,45.7,45.65,680,45.7,80,37320,4834560
FINNIFTY02JAN2421400CE.NFO,02/01/2024,09:20:59,45.4,45.25,280,45.4,2240,33960,4834560
FINNIFTY02JAN2421400CE.NFO,02/01/2024,09:21:00,45.3,45.25,3120,45.35,120,60840,4834560
FINNIFTY02JAN2421400CE.NFO,02/01/2024,09:21:02,44.7,44.65,800,44.8,3160,36560,4834560
FINNIFTY02JAN2421400CE.NFO,02/01/2024,09:21:04,45.95,45.8,1880,45.9,1120,42520,4834560
FINNIFTY02JAN2421400CE.NFO,02/01/2024,09:21:05,47.75,47.75,1960,47.9,1360,125800,4834560
FINNIFTY02JAN2421400CE.NFO,02/01/2024,09:21:07,50.65,50.55,1160,50.65,2400,577480,4834560
FINNIFTY02JAN2421400CE.NFO,02/01/2024,09:21:09,50.55,50.35,1320,50.55,1480,177320,4834560
FINNIFTY02JAN2421400CE.NFO,02/01/2024,09:21:10,51.9,51.7,960,51.9,400,101040,4834560
FINNIFTY02JAN2421400CE.NFO,02/01/2024,09:21:12,51.7,51.55,760,51.75,960,112440,4834560
FINNIFTY02JAN2421400CE.NFO,02/01/2024,09:21:14,50.1,50.1,40,50.25,1040,96360,4834560
FINNIFTY02JAN2421400CE.NFO,02/01/2024,09:21:15,49.85,49.85,120,49.95,160,77880,4834560
FINNIFTY02JAN2421400CE.NFO,02/01/2024,09:21:17,49.9,49.75,200,49.9,680,122480,4834560
FINNIFTY02JAN2421400CE.NFO,02/01/2024,09:21:19,50.8,50.7,40,50.8,280,59160,4834560
FINNIFTY02JAN2421400CE.NFO,02/01/2024,09:21:20,50.15,50.2,40,50.35,520,69320,4834560
FINNIFTY02JAN2421400CE.NFO,02/01/2024,09:21:22,50.65,50.5,720,50.65,240,91880,4834560
FINNIFTY02JAN2421400CE.NFO,02/01/2024,09:21:24,50.95,50.9,1280,51.2,1720,105840,4834560
FINNIFTY02JAN2421400CE.NFO,02/01/2024,09:21:25,52.2,52.05,440,52.2,160,126440,4834560
FINNIFTY02JAN2421400CE.NFO,02/01/2024,09:21:27,54.55,54.5,40,54.55,480,207760,4834560
FINNIFTY02JAN2421400CE.NFO,02/01/2024,09:21:29,54.95,54.85,6240,54.95,40,445120,4834560
FINNIFTY02JAN2421400CE.NFO,02/01/2024,09:21:30,54.65,54.65,560,54.85,720,196000,4834560
FINNIFTY02JAN2421400CE.NFO,02/01/2024,09:21:32,55.3,55.3,760,55.5,120,135600,4834560
FINNIFTY02JAN2421400CE.NFO,02/01/2024,09:21:34,56.4,56.4,640,56.6,840,100200,4834560
FINNIFTY02JAN2421400CE.NFO,02/01/2024,09:21:35,55.65,55.55,40,55.65,160,123280,4834560
FINNIFTY02JAN2421400CE.NFO,02/01/2024,09:21:37,54.35,54.4,40,54.55,520,94960,4834560
FINNIFTY02JAN2421400CE.NFO,02/01/2024,09:21:39,54.6,54.4,280,54.6,40,99600,4834560
FINNIFTY02JAN2421400CE.NFO,02/01/2024,09:21:40,54.1,54.1,40,54.3,1000,63000,4834560
FINNIFTY02JAN2421400CE.NFO,02/01/2024,09:21:42,53.65,53.55,1240,53.65,320,43840,4834560
FINNIFTY02JAN2421400CE.NFO,02/01/2024,09:21:44,53.7,53.4,1760,53.6,520,66240,4834560
FINNIFTY02JAN2421400CE.NFO,02/01/2024,09:21:45,53.5,53.5,40,53.7,1480,52440,4834560
FINNIFTY02JAN2421400CE.NFO,02/01/2024,09:21:47,53.55,53.35,760,53.55,720,38520,4834560
FINNIFTY02JAN2421400CE.NFO,02/01/2024,09:21:49,53.35,53.35,320,53.45,1560,46280,4834560
FINNIFTY02JAN2421400CE.NFO,02/01/2024,09:21:50,53.2,53.2,76320,53.3,440,39240,4834560
FINNIFTY02JAN2421400CE.NFO,02/01/2024,09:21:52,53.7,53.55,1280,53.7,600,39280,4834560
FINNIFTY02JAN2421400CE.NFO,02/01/2024,09:21:54,53.3,53.25,640,53.35,160,37280,4834560
FINNIFTY02JAN2421400CE.NFO,02/01/2024,09:21:55,53.55,53.55,4160,53.8,200,46160,4834560
FINNIFTY02JAN2421400CE.NFO,02/01/2024,09:21:57,54.25,54.25,2160,54.45,800,44160,4834560
FINNIFTY02JAN2421400CE.NFO,02/01/2024,09:21:59,55.4,55.45,160,55.65,1880,56400,4834560
FINNIFTY02JAN2421400CE.NFO,02/01/2024,09:22:00,55.1,54.9,360,55.1,1560,90440,4834560
FINNIFTY02JAN2421400CE.NFO,02/01/2024,09:22:02,54.4,54.45,80,54.6,640,49280,4834560
FINNIFTY02JAN2421400CE.NFO,02/01/2024,09:22:04,54.4,54.25,840,54.4,40,94520,4834560
FINNIFTY02JAN2421400CE.NFO,02/01/2024,09:22:05,54.2,54,1480,54.2,640,62240,4834560
FINNIFTY02JAN2421400CE.NFO,02/01/2024,09:22:07,53.45,53.45,280,53.65,520,40880,4834560
FINNIFTY02JAN2421400CE.NFO,02/01/2024,09:22:09,53.55,53.3,1960,53.55,1120,57960,4834560
FINNIFTY02JAN2421400CE.NFO,02/01/2024,09:22:10,53.5,53.3,2360,53.5,640,39840,4834560
FINNIFTY02JAN2421400CE.NFO,02/01/2024,09:22:12,53.25,53.2,45280,53.4,2320,54360,4834560
FINNIFTY02JAN2421400CE.NFO,02/01/2024,09:22:14,53.65,53.5,640,53.65,560,41840,4834560
FINNIFTY02JAN2421400CE.NFO,02/01/2024,09:22:15,53.3,53.2,37040,53.35,640,24880,4834560
FINNIFTY02JAN2421400CE.NFO,02/01/2024,09:22:17,51.85,51.85,80,52.05,2200,142800,4834560
FINNIFTY02JAN2421400CE.NFO,02/01/2024,09:22:19,52.45,52.3,280,52.45,1880,43800,4834560
FINNIFTY02JAN2421400CE.NFO,02/01/2024,09:22:20,52.05,52.05,1440,52.2,320,33800,4834560
FINNIFTY02JAN2421400CE.NFO,02/01/2024,09:22:22,52.25,52.25,80,52.4,1720,22800,4834560
FINNIFTY02JAN2421400CE.NFO,02/01/2024,09:22:24,51.4,51.25,280,51.45,1600,60680,4834560
FINNIFTY02JAN2421400CE.NFO,02/01/2024,09:22:25,50.7,50.8,120,50.95,1560,63800,4834560
FINNIFTY02JAN2421400CE.NFO,02/01/2024,09:22:27,50.45,50.4,400,50.5,520,79760,4834560
FINNIFTY02JAN2421400CE.NFO,02/01/2024,09:22:29,49.85,49.85,80,50,1440,104960,4834560
FINNIFTY02JAN2421400CE.NFO,02/01/2024,09:22:30,50.35,50.35,1000,50.45,2800,43040,4834560
FINNIFTY02JAN2421400CE.NFO,02/01/2024,09:22:32,50.1,50.1,120,50.25,1880,37320,4834560
FINNIFTY02JAN2421400CE.NFO,02/01/2024,09:22:34,49.5,49.5,440,49.7,2840,36080,4834560
FINNIFTY02JAN2421400CE.NFO,02/01/2024,09:22:35,48.6,48.6,2320,48.75,240,33880,4834560
FINNIFTY02JAN2421400CE.NFO,02/01/2024,09:22:37,49.5,49.4,680,49.55,400,56160,4834560
FINNIFTY02JAN2421400CE.NFO,02/01/2024,09:22:39,49.3,49.2,80,49.35,1280,46320,4834560
FINNIFTY02JAN2421400CE.NFO,02/01/2024,09:22:40,49.45,49.35,280,49.5,1200,29040,4834560
FINNIFTY02JAN2421400CE.NFO,02/01/2024,09:22:42,49.2,49.1,1440,49.25,80,46560,4834560
FINNIFTY02JAN2421400CE.NFO,02/01/2024,09:22:44,49.25,49.15,440,49.3,1680,32920,4834560
FINNIFTY02JAN2421400CE.NFO,02/01/2024,09:22:45,49.05,49,40,49.1,2200,30440,4834560
FINNIFTY02JAN2421400CE.NFO,02/01/2024,09:22:47,49.95,49.75,360,49.9,40,58920,4834560
FINNIFTY02JAN2421400CE.NFO,02/01/2024,09:22:49,49.05,48.95,80,49.05,400,48640,4834560
FINNIFTY02JAN2421400CE.NFO,02/01/2024,09:22:50,49.5,49.45,160,49.6,1440,65760,4834560
FINNIFTY02JAN2421400CE.NFO,02/01/2024,09:22:52,50.5,50.45,640,50.5,600,42640,4834560
FINNIFTY02JAN2421400CE.NFO,02/01/2024,09:22:54,50.75,50.55,680,50.75,1640,56400,4834560
FINNIFTY02JAN2421400CE.NFO,02/01/2024,09:22:56,50.4,50.35,200,50.45,1680,50360,4834560
FINNIFTY02JAN2421400CE.NFO,02/01/2024,09:22:57,51.1,51.15,160,51.35,120,33480,4834560
FINNIFTY02JAN2421400CE.NFO,02/01/2024,09:22:59,51.6,51.4,960,51.55,1920,49760,4834560
FINNIFTY02JAN2421400CE.NFO,02/01/2024,09:23:01,50.85,50.85,120,50.95,2280,58320,4834560
FINNIFTY02JAN2421400CE.NFO,02/01/2024,09:23:02,50.95,50.8,720,50.95,160,38160,4834560
FINNIFTY02JAN2421400CE.NFO,02/01/2024,09:23:04,50.65,50.7,80,50.75,680,26960,4834560
FINNIFTY02JAN2421400CE.NFO,02/01/2024,09:23:06,52,51.85,1120,52,1400,74680,4834560
FINNIFTY02JAN2421400CE.NFO,02/01/2024,09:23:07,53.6,53.5,2040,53.65,1080,67560,4834560
FINNIFTY02JAN2421400CE.NFO,02/01/2024,09:23:09,53.5,53.45,680,53.6,320,64320,4834560
FINNIFTY02JAN2421400CE.NFO,02/01/2024,09:23:11,53.4,53.3,2800,53.5,880,38240,4834560
FINNIFTY02JAN2421400CE.NFO,02/01/2024,09:23:12,52.3,52.3,1880,52.5,280,102080,4834560
FINNIFTY02JAN2421400CE.NFO,02/01/2024,09:23:14,53.3,53.3,2080,53.4,160,39240,4834560
FINNIFTY02JAN2421400CE.NFO,02/01/2024,09:23:16,53.6,53.5,520,53.6,240,34920,4834560
FINNIFTY02JAN2421400CE.NFO,02/01/2024,09:23:17,54.85,54.7,1520,54.85,120,53360,4834560
FINNIFTY02JAN2421400CE.NFO,02/01/2024,09:23:19,53.85,53.8,120,53.95,1480,76000,4834560
FINNIFTY02JAN2421400CE.NFO,02/01/2024,09:23:21,53.75,53.65,120,53.75,1040,25920,4834560
FINNIFTY02JAN2421400CE.NFO,02/01/2024,09:23:22,53.75,53.65,840,53.8,280,23400,4834560
FINNIFTY02JAN2421400CE.NFO,02/01/2024,09:23:24,53.8,53.7,1160,53.9,560,41600,5272280
FINNIFTY02JAN2421400CE.NFO,02/01/2024,09:23:26,53.25,53.3,240,53.4,480,22200,5272280
FINNIFTY02JAN2421400CE.NFO,02/01/2024,09:23:27,53.25,53.25,640,53.4,400,55640,5272280
FINNIFTY02JAN2421400CE.NFO,02/01/2024,09:23:29,52.4,52.35,1120,52.55,1360,29440,5272280
FINNIFTY02JAN2421400CE.NFO,02/01/2024,09:23:31,52.45,52.25,680,52.45,520,45720,5272280
FINNIFTY02JAN2421400CE.NFO,02/01/2024,09:23:32,53.25,53.1,960,53.25,880,24320,5272280
FINNIFTY02JAN2421400CE.NFO,02/01/2024,09:23:34,53.4,53.4,1960,53.65,2400,31640,5272280
FINNIFTY02JAN2421400CE.NFO,02/01/2024,09:23:36,53.65,53.55,200,53.6,200,24560,5272280
FINNIFTY02JAN2421400CE.NFO,02/01/2024,09:23:37,54.35,54.3,720,54.4,240,36640,5272280
FINNIFTY02JAN2421400CE.NFO,02/01/2024,09:23:39,54.8,54.6,1320,54.8,2560,59160,5272280
FINNIFTY02JAN2421400CE.NFO,02/01/2024,09:23:41,53.85,53.9,160,54.05,1160,43880,5272280
FINNIFTY02JAN2421400CE.NFO,02/01/2024,09:23:42,53.65,53.5,2240,53.65,80,27520,5272280
FINNIFTY02JAN2421400CE.NFO,02/01/2024,09:23:44,54,53.85,600,54,2200,17320,5272280
FINNIFTY02JAN2421400CE.NFO,02/01/2024,09:23:46,53.95,53.8,320,53.95,960,14040,5272280
FINNIFTY02JAN2421400CE.NFO,02/01/2024,09:23:47,53.15,53.15,320,53.25,880,24040,5272280
FINNIFTY02JAN2421400CE.NFO,02/01/2024,09:23:49,52.8,52.75,40,52.85,2040,35200,5272280
FINNIFTY02JAN2421400CE.NFO,02/01/2024,09:23:51,52.25,52.25,2280,52.45,1360,19920,5272280
FINNIFTY02JAN2421400CE.NFO,02/01/2024,09:23:52,52.85,52.7,720,52.85,720,20400,5272280
FINNIFTY02JAN2421400CE.NFO,02/01/2024,09:23:54,52.45,52.3,2080,52.45,240,26760,5272280
FINNIFTY02JAN2421400CE.NFO,02/01/2024,09:23:56,51.7,51.7,320,51.85,1160,28920,5272280
FINNIFTY02JAN2421400CE.NFO,02/01/2024,09:23:57,51.9,51.8,1040,51.9,40,19840,5272280
FINNIFTY02JAN2421400CE.NFO,02/01/2024,09:23:59,51.2,51.15,200,51.3,1160,61400,5272280
FINNIFTY02JAN2421400CE.NFO,02/01/2024,09:24:01,50.4,50.4,1240,50.55,120,68040,5272280
FINNIFTY02JAN2421400CE.NFO,02/01/2024,09:24:02,50.4,50.25,360,50.4,3240,51320,5272280
FINNIFTY02JAN2421400CE.NFO,02/01/2024,09:24:04,50.95,50.95,80,51.1,2240,72080,5272280
FINNIFTY02JAN2421400CE.NFO,02/01/2024,09:24:06,51.7,51.55,1800,51.7,1080,36480,5272280
FINNIFTY02JAN2421400CE.NFO,02/01/2024,09:24:07,51.2,51.2,200,51.35,2160,28360,5272280
FINNIFTY02JAN2421400CE.NFO,02/01/2024,09:24:09,51.65,51.55,160,51.7,2280,18360,5272280
FINNIFTY02JAN2421400CE.NFO,02/01/2024,09:24:11,51.7,51.7,1560,51.85,560,23920,5272280
FINNIFTY02JAN2421400CE.NFO,02/01/2024,09:24:12,52.3,52.15,280,52.3,1040,23960,5272280
FINNIFTY02JAN2421400CE.NFO,02/01/2024,09:24:14,52.35,52.2,120,52.35,800,36000,5272280
FINNIFTY02JAN2421400CE.NFO,02/01/2024,09:24:16,51.25,51.25,720,51.35,920,31400,5272280
FINNIFTY02JAN2421400CE.NFO,02/01/2024,09:24:17,51.25,51.3,1720,51.45,3000,16400,5272280
FINNIFTY02JAN2421400CE.NFO,02/01/2024,09:24:19,51.15,51,280,51.15,1440,35960,5272280
FINNIFTY02JAN2421400CE.NFO,02/01/2024,09:24:21,50.3,50.3,2240,50.5,3240,40280,5272280
FINNIFTY02JAN2421400CE.NFO,02/01/2024,09:24:22,50.15,50.05,840,50.15,760,56800,5272280
FINNIFTY02JAN2421400CE.NFO,02/01/2024,09:24:24,49.55,49.4,2280,49.55,120,51520,5272280
FINNIFTY02JAN2421400CE.NFO,02/01/2024,09:24:26,49.8,49.8,760,50,360,27440,5272280
FINNIFTY02JAN2421400CE.NFO,02/01/2024,09:24:27,49.35,49.4,80,49.55,2040,31360,5272280
FINNIFTY02JAN2421400CE.NFO,02/01/2024,09:24:29,49.75,49.75,760,49.9,1080,38560,5272280
FINNIFTY02JAN2421400CE.NFO,02/01/2024,09:24:31,49.55,49.5,1680,49.7,3440,18160,5272280
FINNIFTY02JAN2421400CE.NFO,02/01/2024,09:24:32,49.8,49.65,1000,49.8,3040,34840,5272280
FINNIFTY02JAN2421400CE.NFO,02/01/2024,09:24:34,49,49,10160,49.1,1080,32840,5272280
FINNIFTY02JAN2421400CE.NFO,02/01/2024,09:24:36,49.5,49.35,3640,49.55,2680,18440,5272280
FINNIFTY02JAN2421400CE.NFO,02/01/2024,09:24:37,50.55,50.6,720,50.7,3560,44320,5272280
FINNIFTY02JAN2421400CE.NFO,02/01/2024,09:24:39,50.25,50.25,680,50.4,3440,28480,5272280
FINNIFTY02JAN2421400CE.NFO,02/01/2024,09:24:41,50.35,50.25,2360,50.4,2360,28640,5272280
FINNIFTY02JAN2421400CE.NFO,02/01/2024,09:24:42,50.35,50.25,1720,50.4,480,21880,5272280
FINNIFTY02JAN2421400CE.NFO,02/01/2024,09:24:44,50.6,50.6,2000,50.8,2200,22800,5272280
FINNIFTY02JAN2421400CE.NFO,02/01/2024,09:24:46,50.8,50.65,1840,50.8,640,19600,5272280
FINNIFTY02JAN2421400CE.NFO,02/01/2024,09:24:47,50.7,50.55,1440,50.7,480,15000,5272280
FINNIFTY02JAN2421400CE.NFO,02/01/2024,09:24:49,51.35,51.35,1840,51.5,1400,61080,5272280
FINNIFTY02JAN2421400CE.NFO,02/01/2024,09:24:51,51.6,51.6,1840,51.8,3040,36680,5272280
FINNIFTY02JAN2421400CE.NFO,02/01/2024,09:24:52,50.6,50.6,480,50.7,360,30160,5272280
FINNIFTY02JAN2421400CE.NFO,02/01/2024,09:24:54,50.85,50.8,240,51,4360,29760,5272280
FINNIFTY02JAN2421400CE.NFO,02/01/2024,09:24:56,49.85,49.7,3760,49.85,560,44120,5272280
FINNIFTY02JAN2421400CE.NFO,02/01/2024,09:24:57,49.75,49.75,1160,49.9,2360,28920,5272280
FINNIFTY02JAN2421400CE.NFO,02/01/2024,09:24:59,49.1,49.1,360,49.25,2160,62720,5272280
FINNIFTY02JAN2421400CE.NFO,02/01/2024,09:25:01,48.15,48.15,2560,48.35,120,277840,5272280
FINNIFTY02JAN2421400CE.NFO,02/01/2024,09:25:02,49.6,49.5,600,49.6,2320,112840,5272280
FINNIFTY02JAN2421400CE.NFO,02/01/2024,09:25:04,49.4,49.3,560,49.5,960,49360,5272280
FINNIFTY02JAN2421400CE.NFO,02/01/2024,09:25:06,49.35,49.2,800,49.35,520,36920,5272280
FINNIFTY02JAN2421400CE.NFO,02/01/2024,09:25:07,50.25,50.2,320,50.3,40,22440,5272280
FINNIFTY02JAN2421400CE.NFO,02/01/2024,09:25:09,49.6,49.45,520,49.5,40,19720,5272280
FINNIFTY02JAN2421400CE.NFO,02/01/2024,09:25:11,48.95,48.85,200,48.95,1680,43560,5272280
FINNIFTY02JAN2421400CE.NFO,02/01/2024,09:25:12,49,49,1800,49.15,2600,32920,5272280
FINNIFTY02JAN2421400CE.NFO,02/01/2024,09:25:14,48.95,48.8,880,48.95,80,57760,5272280
FINNIFTY02JAN2421400CE.NFO,02/01/2024,09:25:16,48.6,48.4,2120,48.6,3720,27640,5272280
FINNIFTY02JAN2421400CE.NFO,02/01/2024,09:25:17,48.9,48.9,160,49.05,2640,28520,5272280
FINNIFTY02JAN2421400CE.NFO,02/01/2024,09:25:19,49.2,49.2,600,49.35,240,49320,5272280
FINNIFTY02JAN2421400CE.NFO,02/01/2024,09:25:21,50,49.9,1480,50,4920,52040,5272280
FINNIFTY02JAN2421400CE.NFO,02/01/2024,09:25:22,50.3,50.1,2560,50.3,1280,28040,5272280
FINNIFTY02JAN2421400CE.NFO,02/01/2024,09:25:24,49.9,49.85,120,49.95,960,20800,5272280
FINNIFTY02JAN2421400CE.NFO,02/01/2024,09:25:26,49.75,49.6,2840,49.75,360,35320,5272280
FINNIFTY02JAN2421400CE.NFO,02/01/2024,09:25:27,50.5,50.5,1280,50.7,1400,38400,5272280
FINNIFTY02JAN2421400CE.NFO,02/01/2024,09:25:29,51,50.85,80,51,9040,39000,5272280
FINNIFTY02JAN2421400CE.NFO,02/01/2024,09:25:31,51.3,51.2,200,51.3,960,41800,5272280
FINNIFTY02JAN2421400CE.NFO,02/01/2024,09:25:32,51.9,51.75,160,51.9,2600,37120,5272280
FINNIFTY02JAN2421400CE.NFO,02/01/2024,09:25:34,52.4,52.3,160,52.4,800,46840,5272280
FINNIFTY02JAN2421400CE.NFO,02/01/2024,09:25:36,52.65,52.55,200,52.7,680,55920,5272280
FINNIFTY02JAN2421400CE.NFO,02/01/2024,09:25:37,52.5,52.3,3400,52.5,920,35680,5272280
FINNIFTY02JAN2421400CE.NFO,02/01/2024,09:25:39,51.65,51.5,2800,51.65,280,57080,5272280
FINNIFTY02JAN2421400CE.NFO,02/01/2024,09:25:41,51.55,51.55,240,51.6,80,38200,5272280
FINNIFTY02JAN2421400CE.NFO,02/01/2024,09:25:42,52.3,52.3,1400,52.4,680,32400,5272280
FINNIFTY02JAN2421400CE.NFO,02/01/2024,09:25:44,51.95,51.95,40,52.05,1520,47760,5272280
FINNIFTY02JAN2421400CE.NFO,02/01/2024,09:25:46,52.1,51.95,200,52.15,1960,12560,5272280
FINNIFTY02JAN2421400CE.NFO,02/01/2024,09:25:47,52.15,52,1400,52.1,600,51680,5272280
FINNIFTY02JAN2421400CE.NFO,02/01/2024,09:25:49,51.15,51.15,1560,51.35,960,36360,5272280
FINNIFTY02JAN2421400CE.NFO,02/01/2024,09:25:51,51.4,51.2,1680,51.4,400,28240,5272280
FINNIFTY02JAN2421400CE.NFO,02/01/2024,09:25:52,51.5,51.45,1520,51.6,200,15920,5272280
FINNIFTY02JAN2421400CE.NFO,02/01/2024,09:25:54,52.4,52.4,1120,52.5,8400,35840,5272280
FINNIFTY02JAN2421400CE.NFO,02/01/2024,09:25:56,53.3,53.3,1720,53.55,3880,63240,5272280
FINNIFTY02JAN2421400CE.NFO,02/01/2024,09:25:57,54,54,1400,54.15,240,52880,5272280
FINNIFTY02JAN2421400CE.NFO,02/01/2024,09:25:59,54,53.95,1280,54.15,1520,55600,5272280
FINNIFTY02JAN2421400CE.NFO,02/01/2024,09:26:01,54.4,54.4,840,54.55,1240,103720,5272280
FINNIFTY02JAN2421400CE.NFO,02/01/2024,09:26:02,54.15,54.15,1000,54.3,1040,54200,5272280
FINNIFTY02JAN2421400CE.NFO,02/01/2024,09:26:04,53.85,53.85,640,53.95,200,54200,5272280
FINNIFTY02JAN2421400CE.NFO,02/01/2024,09:26:06,54.05,54.05,400,54.2,1400,34880,5272280
FINNIFTY02JAN2421400CE.NFO,02/01/2024,09:26:07,53.95,53.75,1440,53.95,1480,37320,5272280
FINNIFTY02JAN2421400CE.NFO,02/01/2024,09:26:09,54.2,54.05,1080,54.2,40,38200,5272280
FINNIFTY02JAN2421400CE.NFO,02/01/2024,09:26:11,54,53.75,2200,54,4080,34440,5272280
FINNIFTY02JAN2421400CE.NFO,02/01/2024,09:26:12,54.25,54,840,54.2,2320,23520,5272280
FINNIFTY02JAN2421400CE.NFO,02/01/2024,09:26:14,56.65,56.45,200,56.65,920,211440,5272280
FINNIFTY02JAN2421400CE.NFO,02/01/2024,09:26:16,76.7,76.7,320,81.2,1840,1080040,5272280
FINNIFTY02JAN2421400CE.NFO,02/01/2024,09:26:16,83.85,76.7,320,81.2,1840,0,5272280
FINNIFTY02JAN2421400CE.NFO,02/01/2024,09:26:17,66.7,66.75,360,66.95,40,601200,5272280
FINNIFTY02JAN2421400CE.NFO,02/01/2024,09:26:19,68.95,68.9,80,69.05,120,385720,5272280
FINNIFTY02JAN2421400CE.NFO,02/01/2024,09:26:21,68.2,68.15,440,68.5,480,196400,5272280
FINNIFTY02JAN2421400CE.NFO,02/01/2024,09:26:22,67.7,67.45,960,67.7,400,179040,5272280
FINNIFTY02JAN2421400CE.NFO,02/01/2024,09:26:24,66.55,66.55,1800,66.7,200,173960,5501480
FINNIFTY02JAN2421400CE.NFO,02/01/2024,09:26:26,66.45,66.3,840,66.55,600,179800,5501480
FINNIFTY02JAN2421400CE.NFO,02/01/2024,09:26:27,67.4,67.25,1080,67.5,80,203920,5501480
FINNIFTY02JAN2421400CE.NFO,02/01/2024,09:26:29,72.3,72.1,1240,72.35,400,286800,5501480
FINNIFTY02JAN2421400CE.NFO,02/01/2024,09:26:31,74.15,74,1560,74.15,400,319280,5501480
FINNIFTY02JAN2421400CE.NFO,02/01/2024,09:26:32,73.15,73.15,160,73.35,1280,242840,5501480
FINNIFTY02JAN2421400CE.NFO,02/01/2024,09:26:34,73.65,73.5,760,73.65,520,149240,5501480
FINNIFTY02JAN2421400CE.NFO,02/01/2024,09:26:36,73.45,73.3,920,73.45,160,134960,5501480
FINNIFTY02JAN2421400CE.NFO,02/01/2024,09:26:37,76.6,76.6,80,76.75,360,114680,5501480
FINNIFTY02JAN2421400CE.NFO,02/01/2024,09:26:39,81.7,81.35,280,81.65,240,200440,5501480
FINNIFTY02JAN2421400CE.NFO,02/01/2024,09:26:41,79.95,79.75,80,79.9,40,282960,5501480
FINNIFTY02JAN2421400CE.NFO,02/01/2024,09:26:42,80.9,80.5,120,80.9,360,172400,5501480
FINNIFTY02JAN2421400CE.NFO,02/01/2024,09:26:44,82.9,83.1,40,83.3,80,191200,5501480
FINNIFTY02JAN2421400CE.NFO,02/01/2024,09:26:46,87.05,86.65,240,87.05,320,218520,5501480
FINNIFTY02JAN2421400CE.NFO,02/01/2024,09:26:46,87.35,86.65,240,87.05,320,0,5501480
FINNIFTY02JAN2421400CE.NFO,02/01/2024,09:26:47,85.7,85.75,280,85.95,40,166680,5501480
FINNIFTY02JAN2421400CE.NFO,02/01/2024,09:26:47,89,85.75,280,85.95,40,0,5501480
FINNIFTY02JAN2421400CE.NFO,02/01/2024,09:26:49,83.3,83,480,83.3,440,125280,5501480
FINNIFTY02JAN2421400CE.NFO,02/01/2024,09:26:51,85,85,40,85.2,80,146560,5501480
FINNIFTY02JAN2421400CE.NFO,02/01/2024,09:26:52,85.4,85,720,85.4,200,104920,5501480
FINNIFTY02JAN2421400CE.NFO,02/01/2024,09:26:54,81.65,81.6,160,81.95,520,124800,5501480
FINNIFTY02JAN2421400CE.NFO,02/01/2024,09:26:56,80.55,80.25,720,80.6,160,185400,5501480
FINNIFTY02JAN2421400CE.NFO,02/01/2024,09:26:57,78.85,79,440,79.3,400,116760,5501480
FINNIFTY02JAN2421400CE.NFO,02/01/2024,09:26:59,78.05,77.8,880,78.05,720,137080,5501480
FINNIFTY02JAN2421400CE.NFO,02/01/2024,09:27:01,80.6,80.55,80,80.8,720,162480,5501480
FINNIFTY02JAN2421400CE.NFO,02/01/2024,09:27:02,82,81.9,160,82,800,157160,5501480
FINNIFTY02JAN2421400CE.NFO,02/01/2024,09:27:04,82.1,81.8,600,82.1,40,167080,5501480
FINNIFTY02JAN2421400CE.NFO,02/01/2024,09:27:06,81.35,81.35,320,81.6,1760,113680,5501480
FINNIFTY02JAN2421400CE.NFO,02/01/2024,09:27:07,82.1,82.1,200,82.15,160,100800,5501480
FINNIFTY02JAN2421400CE.NFO,02/01/2024,09:27:09,83.75,83.5,520,83.8,720,118040,5501480
FINNIFTY02JAN2421400CE.NFO,02/01/2024,09:27:11,81.05,81.05,680,81.25,200,79800,5501480
FINNIFTY02JAN2421400CE.NFO,02/01/2024,09:27:12,81.35,81.05,280,81.25,480,103120,5501480
FINNIFTY02JAN2421400CE.NFO,02/01/2024,09:27:14,80.9,80.75,80,80.95,320,76120,5501480
FINNIFTY02JAN2421400CE.NFO,02/01/2024,09:27:16,80,79.85,80,80.1,920,80200,5501480
FINNIFTY02JAN2421400CE.NFO,02/01/2024,09:27:18,80.05,80.05,200,80.3,240,111000,5501480
FINNIFTY02JAN2421400CE.NFO,02/01/2024,09:27:19,79.4,79.45,40,79.65,1880,79640,5501480
FINNIFTY02JAN2421400CE.NFO,02/01/2024,09:27:21,80.15,80.1,360,80.3,400,61240,5501480
FINNIFTY02JAN2421400CE.NFO,02/01/2024,09:27:23,80.2,80.2,40,80.45,360,49920,5501480
FINNIFTY02JAN2421400CE.NFO,02/01/2024,09:27:24,80.35,80.15,680,80.35,160,63200,5501480
FINNIFTY02JAN2421400CE.NFO,02/01/2024,09:27:26,78.15,78.15,80,78.35,1440,44520,5501480
FINNIFTY02JAN2421400CE.NFO,02/01/2024,09:27:28,76.7,76.55,920,76.8,440,79600,5501480
FINNIFTY02JAN2421400CE.NFO,02/01/2024,09:27:29,77,76.65,1960,77,1320,82560,5501480
FINNIFTY02JAN2421400CE.NFO,02/01/2024,09:27:31,76.6,76.35,920,76.6,1040,41960,5501480
FINNIFTY02JAN2421400CE.NFO,02/01/2024,09:27:33,75.65,75.6,40,75.7,120,74800,5501480
FINNIFTY02JAN2421400CE.NFO,02/01/2024,09:27:34,76.7,76.5,120,76.65,520,49520,5501480
FINNIFTY02JAN2421400CE.NFO,02/01/2024,09:27:36,78.15,78.2,1000,78.4,2800,38680,5501480
FINNIFTY02JAN2421400CE.NFO,02/01/2024,09:27:38,78.15,78.15,40,78.3,480,33680,5501480
FINNIFTY02JAN2421400CE.NFO,02/01/2024,09:27:39,78,78.05,280,78.3,520,41960,5501480
FINNIFTY02JAN2421400CE.NFO,02/01/2024,09:27:41,78.1,78.15,1760,78.4,920,31800,5501480
FINNIFTY02JAN2421400CE.NFO,02/01/2024,09:27:43,78.8,78.85,1880,79.15,600,32760,5501480
FINNIFTY02JAN2421400CE.NFO,02/01/2024,09:27:44,78.3,78.2,1360,78.3,80,40360,5501480
FINNIFTY02JAN2421400CE.NFO,02/01/2024,09:27:46,77.7,77.5,880,77.7,120,48480,5501480
FINNIFTY02JAN2421400CE.NFO,02/01/2024,09:27:48,77.65,77.65,160,77.8,200,20920,5501480
FINNIFTY02JAN2421400CE.NFO,02/01/2024,09:27:49,78.85,78.75,320,78.95,200,42160,5501480
FINNIFTY02JAN2421400CE.NFO,02/01/2024,09:27:51,80,79.95,40,80,80,50880,5501480
FINNIFTY02JAN2421400CE.NFO,02/01/2024,09:27:53,84.15,84.15,40,84.3,920,101600,5501480
FINNIFTY02JAN2421400CE.NFO,02/01/2024,09:27:54,83.3,83.3,80,83.4,760,58480,5501480
FINNIFTY02JAN2421400CE.NFO,02/01/2024,09:27:56,84.45,84.25,1280,84.5,680,84200,5501480
FINNIFTY02JAN2421400CE.NFO,02/01/2024,09:27:58,87.4,87.4,440,87.45,120,288640,5501480
FINNIFTY02JAN2421400CE.NFO,02/01/2024,09:27:58,96.4,87.4,440,87.45,120,0,5501480
FINNIFTY02JAN2421400CE.NFO,02/01/2024,09:27:59,89.85,89.7,40,89.95,120,155560,5501480
FINNIFTY02JAN2421400CE.NFO,02/01/2024,09:28:01,88.55,88.6,280,88.95,400,157160,5501480
FINNIFTY02JAN2421400CE.NFO,02/01/2024,09:28:03,91.8,91.7,760,91.8,80,97680,5501480
FINNIFTY02JAN2421400CE.NFO,02/01/2024,09:28:04,91.05,91.05,720,91.3,80,77320,5501480
FINNIFTY02JAN2421400CE.NFO,02/01/2024,09:28:06,88.95,88.9,80,89.2,200,83880,5501480
FINNIFTY02JAN2421400CE.NFO,02/01/2024,09:28:08,88.2,87.8,200,88.1,80,100080,5501480
FINNIFTY02JAN2421400CE.NFO,02/01/2024,09:28:09,87.9,87.65,600,87.95,320,72040,5501480
FINNIFTY02JAN2421400CE.NFO,02/01/2024,09:28:11,87.35,87.35,80,87.65,1320,69280,5501480
FINNIFTY02JAN2421400CE.NFO,02/01/2024,09:28:13,86.55,86.3,120,86.65,880,76760,5501480
FINNIFTY02JAN2421400CE.NFO,02/01/2024,09:28:14,86.25,85.95,80,86.25,280,72440,5501480
FINNIFTY02JAN2421400CE.NFO,02/01/2024,09:28:16,86.15,86.15,40,86.4,80,64400,5501480
FINNIFTY02JAN2421400CE.NFO,02/01/2024,09:28:18,85.5,85.25,160,85.5,80,91680,5501480
FINNIFTY02JAN2421400CE.NFO,02/01/2024,09:28:19,86,85.65,440,85.95,800,43600,5501480
FINNIFTY02JAN2421400CE.NFO,02/01/2024,09:28:21,85.9,85.9,400,86.1,40,61000,5501480
FINNIFTY02JAN2421400CE.NFO,02/01/2024,09:28:23,86.85,86.8,80,87,800,33880,5501480
FINNIFTY02JAN2421400CE.NFO,02/01/2024,09:28:24,87.85,87.7,160,87.9,240,32040,5501480
FINNIFTY02JAN2421400CE.NFO,02/01/2024,09:28:26,88.45,88.4,160,88.7,440,47720,5501480
FINNIFTY02JAN2421400CE.NFO,02/01/2024,09:28:28,87.4,87.3,160,87.55,440,54600,5501480
FINNIFTY02JAN2421400CE.NFO,02/01/2024,09:28:29,88,87.65,880,88,1840,35280,5501480
FINNIFTY02JAN2421400CE.NFO,02/01/2024,09:28:31,87.25,87.2,160,87.3,480,37760,5501480
FINNIFTY02JAN2421400CE.NFO,02/01/2024,09:28:33,85.2,85.1,200,85.2,600,55400,5501480
FINNIFTY02JAN2421400CE.NFO,02/01/2024,09:28:34,84.15,84.15,160,84.3,320,27800,5501480
FINNIFTY02JAN2421400CE.NFO,02/01/2024,09:28:36,82.8,82.7,480,82.9,320,72040,5501480
FINNIFTY02JAN2421400CE.NFO,02/01/2024,09:28:38,82.6,82.6,520,82.8,560,44680,5501480
FINNIFTY02JAN2421400CE.NFO,02/01/2024,09:28:39,83.35,83.05,720,83.3,560,22880,5501480
FINNIFTY02JAN2421400CE.NFO,02/01/2024,09:28:41,84.1,84.1,1200,84.35,40,41080,5501480
FINNIFTY02JAN2421400CE.NFO,02/01/2024,09:28:43,83.7,83.7,80,83.95,920,21840,5501480
FINNIFTY02JAN2421400CE.NFO,02/01/2024,09:28:44,84,83.95,840,84.2,40,25840,5501480
FINNIFTY02JAN2421400CE.NFO,02/01/2024,09:28:46,85.5,85.35,120,85.5,280,34040,5501480
FINNIFTY02JAN2421400CE.NFO,02/01/2024,09:28:48,85.2,85,480,85.25,920,18200,5501480
FINNIFTY02JAN2421400CE.NFO,02/01/2024,09:28:49,84.15,83.9,120,84.15,920,27120,5501480
FINNIFTY02JAN2421400CE.NFO,02/01/2024,09:28:51,84.8,84.7,80,84.9,160,40960,5501480
FINNIFTY02JAN2421400CE.NFO,02/01/2024,09:28:53,84.2,84.2,120,84.4,200,26440,5501480
FINNIFTY02JAN2421400CE.NFO,02/01/2024,09:28:54,83.85,83.65,120,83.8,640,21720,5501480
FINNIFTY02JAN2421400CE.NFO,02/01/2024,09:28:56,82.85,82.7,160,82.85,200,22600,5501480
FINNIFTY02JAN2421400CE.NFO,02/01/2024,09:28:58,82.8,82.55,360,82.8,360,31600,5501480
FINNIFTY02JAN2421400CE.NFO,02/01/2024,09:28:59,82.25,82.05,280,82.25,480,21080,5501480
FINNIFTY02JAN2421400CE.NFO,02/01/2024,09:29:01,82.05,81.85,240,82.05,400,59840,5501480
FINNIFTY02JAN2421400CE.NFO,02/01/2024,09:29:03,80.8,80.6,80,80.8,440,22320,5501480
FINNIFTY02JAN2421400CE.NFO,02/01/2024,09:29:04,81.2,81.05,320,81.2,120,64120,5501480
FINNIFTY02JAN2421400CE.NFO,02/01/2024,09:29:06,79.8,79.7,160,80,520,45480,5501480
FINNIFTY02JAN2421400CE.NFO,02/01/2024,09:29:08,79.5,79.5,80,79.7,560,35800,5501480
FINNIFTY02JAN2421400CE.NFO,02/01/2024,09:29:09,79.7,79.7,400,79.9,200,17280,5501480
FINNIFTY02JAN2421400CE.NFO,02/01/2024,09:29:11,80.95,80.6,1040,80.9,1120,22280,5501480
FINNIFTY02JAN2421400CE.NFO,02/01/2024,09:29:13,82,81.75,560,82,480,24960,5501480
FINNIFTY02JAN2421400CE.NFO,02/01/2024,09:29:14,81.9,81.55,800,81.85,880,21840,5501480
FINNIFTY02JAN2421400CE.NFO,02/01/2024,09:29:16,80.7,80.45,120,80.7,1240,16440,5501480
FINNIFTY02JAN2421400CE.NFO,02/01/2024,09:29:18,80.65,80.45,240,80.65,1280,8080,5501480
FINNIFTY02JAN2421400CE.NFO,02/01/2024,09:29:19,80.45,80.3,840,80.45,200,11200,5501480
FINNIFTY02JAN2421400CE.NFO,02/01/2024,09:29:21,80,79.9,400,80,2000,42480,5501480
FINNIFTY02JAN2421400CE.NFO,02/01/2024,09:29:23,79.75,79.4,1920,79.7,40,35560,5501480
FINNIFTY02JAN2421400CE.NFO,02/01/2024,09:29:24,80,80.1,1120,80.35,160,36920,4010760
FINNIFTY02JAN2421400CE.NFO,02/01/2024,09:29:26,78.65,78.7,800,78.9,280,31080,4010760
FINNIFTY02JAN2421400CE.NFO,02/01/2024,09:29:28,78.75,78.55,640,78.75,120,15960,4010760
FINNIFTY02JAN2421400CE.NFO,02/01/2024,09:29:29,78.8,78.8,160,79.05,880,20560,4010760
FINNIFTY02JAN2421400CE.NFO,02/01/2024,09:29:31,79.7,79.65,200,79.85,240,15640,4010760
FINNIFTY02JAN2421400CE.NFO,02/01/2024,09:29:33,79.05,79.05,560,79.35,1040,9960,4010760
FINNIFTY02JAN2421400CE.NFO,02/01/2024,09:29:34,79.5,79.5,1200,79.75,120,10280,4010760
FINNIFTY02JAN2421400CE.NFO,02/01/2024,09:29:36,81.1,80.95,40,81.15,840,14680,4010760
FINNIFTY02JAN2421400CE.NFO,02/01/2024,09:29:38,80.6,80.7,240,80.9,120,20760,4010760
FINNIFTY02JAN2421400CE.NFO,02/01/2024,09:29:39,81.55,81.55,800,81.8,240,20680,4010760
FINNIFTY02JAN2421400CE.NFO,02/01/2024,09:29:41,81.45,81.4,800,81.7,480,17360,4010760
FINNIFTY02JAN2421400CE.NFO,02/01/2024,09:29:43,80.5,80.45,40,80.65,1120,20000,4010760
FINNIFTY02JAN2421400CE.NFO,02/01/2024,09:29:44,80.65,80.45,40,80.6,80,12360,4010760
FINNIFTY02JAN2421400CE.NFO,02/01/2024,09:29:46,79.8,79.85,320,80.1,360,12720,4010760
FINNIFTY02JAN2421400CE.NFO,02/01/2024,09:29:48,79.9,79.5,1320,79.75,960,15240,4010760
FINNIFTY02JAN2421400CE.NFO,02/01/2024,09:29:49,80.6,80.5,1360,80.75,480,15000,4010760
FINNIFTY02JAN2421400CE.NFO,02/01/2024,09:29:51,80.75,80.8,800,80.95,160,18280,4010760
FINNIFTY02JAN2421400CE.NFO,02/01/2024,09:29:53,81,81,760,81.25,2080,10200,4010760
FINNIFTY02JAN2421400CE.NFO,02/01/2024,09:29:54,80.8,80.6,80,80.8,1160,25960,4010760
FINNIFTY02JAN2421400CE.NFO,02/01/2024,09:29:56,80.25,80.05,760,80.3,240,15640,4010760
FINNIFTY02JAN2421400CE.NFO,02/01/2024,09:29:58,80.1,80.05,40,80.2,240,10640,4010760
FINNIFTY02JAN2421400CE.NFO,02/01/2024,09:29:59,80.15,80.45,1120,80.65,80,16600,4010760
FINNIFTY02JAN2421400CE.NFO,02/01/2024,09:30:01,81.85,81.7,520,81.9,200,68640,4010760
FINNIFTY02JAN2421400CE.NFO,02/01/2024,09:30:03,79,79,5560,79.25,1040,26280,4010760
FINNIFTY02JAN2421400CE.NFO,02/01/2024,09:30:04,78.3,78.05,120,78.3,720,39520,4010760
FINNIFTY02JAN2421400CE.NFO,02/01/2024,09:30:06,76.65,76.65,600,76.85,40,79480,4010760
FINNIFTY02JAN2421400CE.NFO,02/01/2024,09:30:08,77.35,77.2,280,77.35,320,37880,4010760
FINNIFTY02JAN2421400CE.NFO,02/01/2024,09:30:09,78,77.75,1200,78.05,240,24280,4010760
FINNIFTY02JAN2421400CE.NFO,02/01/2024,09:30:11,78.95,78.75,560,78.95,440,49240,4010760
FINNIFTY02JAN2421400CE.NFO,02/01/2024,09:30:13,79.75,79.45,1280,79.7,40,40320,4010760
FINNIFTY02JAN2421400CE.NFO,02/01/2024,09:30:14,81.05,80.8,920,81.05,720,34360,4010760
FINNIFTY02JAN2421400CE.NFO,02/01/2024,09:30:16,81.25,81,360,81.25,360,35200,4010760
FINNIFTY02JAN2421400CE.NFO,02/01/2024,09:30:18,82.05,81.85,160,82,40,17320,4010760
FINNIFTY02JAN2421400CE.NFO,02/01/2024,09:30:19,84,84,1680,84.1,1400,52600,4010760
FINNIFTY02JAN2421400CE.NFO,02/01/2024,09:30:21,82.3,82.3,200,82.5,40,56600,4010760
FINNIFTY02JAN2421400CE.NFO,02/01/2024,09:30:23,82.3,82.3,520,82.5,160,42680,4010760
FINNIFTY02JAN2421400CE.NFO,02/01/2024,09:30:24,81.85,81.4,880,81.65,880,17280,4010760
FINNIFTY02JAN2421400CE.NFO,02/01/2024,09:30:26,81.2,81,880,81.2,360,57080,4010760
FINNIFTY02JAN2421400CE.NFO,02/01/2024,09:30:28,80.5,80.5,920,80.7,600,33280,4010760
FINNIFTY02JAN2421400CE.NFO,02/01/2024,09:30:29,79.9,79.75,1920,79.9,560,26720,4010760
FINNIFTY02JAN2421400CE.NFO,02/01/2024,09:30:31,78.85,78.85,760,79.1,880,42000,4010760
FINNIFTY02JAN2421400CE.NFO,02/01/2024,09:30:33,79.25,79.25,400,79.5,800,14520,4010760
FINNIFTY02JAN2421400CE.NFO,02/01/2024,09:30:34,79.7,79.7,880,79.95,520,9200,4010760
FINNIFTY02JAN2421400CE.NFO,02/01/2024,09:30:36,79.85,79.6,120,79.85,320,8200,4010760
FINNIFTY02JAN2421400CE.NFO,02/01/2024,09:30:38,79.2,79,680,79.2,880,14600,4010760
FINNIFTY02JAN2421400CE.NFO,02/01/2024,09:30:39,79.45,79.15,560,79.45,600,11600,4010760
FINNIFTY02JAN2421400CE.NFO,02/01/2024,09:30:41,81.15,81.15,40,81.4,2320,13360,4010760
FINNIFTY02JAN2421400CE.NFO,02/01/2024,09:30:43,80.3,80,240,80.25,320,22840,4010760
FINNIFTY02JAN2421400CE.NFO,02/01/2024,09:30:44,80.3,80.3,1400,80.55,80,12280,4010760
FINNIFTY02JAN2421400CE.NFO,02/01/2024,09:30:46,80.8,80.65,40,80.8,160,6600,4010760
FINNIFTY02JAN2421400CE.NFO,02/01/2024,09:30:48,80.55,80.3,40,80.4,360,5920,4010760
FINNIFTY02JAN2421400CE.NFO,02/01/2024,09:30:49,80.25,80.2,680,80.45,280,7720,4010760
FINNIFTY02JAN2421400CE.NFO,02/01/2024,09:30:51,80,80,480,80.25,1160,19200,4010760
FINNIFTY02JAN2421400CE.NFO,02/01/2024,09:30:53,80,80,920,80.2,480,8600,4010760
FINNIFTY02JAN2421400CE.NFO,02/01/2024,09:30:54,79.7,79.65,80,79.9,240,10920,4010760
FINNIFTY02JAN2421400CE.NFO,02/01/2024,09:30:56,79.2,79.3,120,79.4,120,12600,4010760
FINNIFTY02JAN2421400CE.NFO,02/01/2024,09:30:58,79,79,280,79.2,40,17880,4010760
FINNIFTY02JAN2421400CE.NFO,02/01/2024,09:30:59,78.45,78.55,960,78.8,960,21320,4010760
FINNIFTY02JAN2421400CE.NFO,02/01/2024,09:31:01,78.2,78.15,560,78.3,160,48200,4010760
FINNIFTY02JAN2421400CE.NFO,02/01/2024,09:31:03,77.6,77.35,400,77.6,1600,27040,4010760
FINNIFTY02JAN2421400CE.NFO,02/01/2024,09:31:04,76.5,76.3,200,76.5,40,42400,4010760
FINNIFTY02JAN2421400CE.NFO,02/01/2024,09:31:06,76.4,76.3,440,76.5,160,20200,4010760
FINNIFTY02JAN2421400CE.NFO,02/01/2024,09:31:08,76.95,76.7,240,76.95,480,27920,4010760
FINNIFTY02JAN2421400CE.NFO,02/01/2024,09:31:09,77.25,77.25,1040,77.5,320,20480,4010760
FINNIFTY02JAN2421400CE.NFO,02/01/2024,09:31:11,77.3,77.05,1320,77.3,840,11440,4010760
FINNIFTY02JAN2421400CE.NFO,02/01/2024,09:31:13,75.8,75.8,1120,76.05,80,25160,4010760
FINNIFTY02JAN2421400CE.NFO,02/01/2024,09:31:14,74.8,74.55,240,74.8,400,68160,4010760
FINNIFTY02JAN2421400CE.NFO,02/01/2024,09:31:16,73.8,73.8,360,74.05,640,58960,4010760
FINNIFTY02JAN2421400CE.NFO,02/01/2024,09:31:17,75.2,75.25,40,75.4,80,35880,4010760
FINNIFTY02JAN2421400CE.NFO,02/01/2024,09:31:19,75.55,75.3,600,75.55,80,34760,4010760
FINNIFTY02JAN2421400CE.NFO,02/01/2024,09:31:21,75,75,840,75.2,1360,20680,4010760
FINNIFTY02JAN2421400CE.NFO,02/01/2024,09:31:22,76.55,76.45,120,76.7,880,11880,4010760
FINNIFTY02JAN2421400CE.NFO,02/01/2024,09:31:24,75.55,75.45,120,75.55,40,18480,4010760
FINNIFTY02JAN2421400CE.NFO,02/01/2024,09:31:26,78,77.85,120,78.05,320,29800,4010760
FINNIFTY02JAN2421400CE.NFO,02/01/2024,09:31:27,78.15,77.9,200,78.15,240,18880,4010760
FINNIFTY02JAN2421400CE.NFO,02/01/2024,09:31:29,77.4,77.2,960,77.4,680,17480,4010760
FINNIFTY02JAN2421400CE.NFO,02/01/2024,09:31:31,77.25,77.1,760,77.35,280,7800,4010760
FINNIFTY02JAN2421400CE.NFO,02/01/2024,09:31:32,76.75,76.8,240,77,280,12440,4010760
FINNIFTY02JAN2421400CE.NFO,02/01/2024,09:31:34,75.7,75.6,600,75.75,240,12120,4010760
FINNIFTY02JAN2421400CE.NFO,02/01/2024,09:31:36,75.8,75.4,720,75.6,680,17840,4010760
FINNIFTY02JAN2421400CE.NFO,02/01/2024,09:31:37,75.05,75.05,240,75.25,40,13240,4010760
FINNIFTY02JAN2421400CE.NFO,02/01/2024,09:31:39,75.1,75.05,1440,75.25,40,8200,4010760
FINNIFTY02JAN2421400CE.NFO,02/01/2024,09:31:41,74.85,74.85,1720,74.9,40,25080,4010760
FINNIFTY02JAN2421400CE.NFO,02/01/2024,09:31:42,74.65,74.5,160,74.7,1600,18440,4010760
FINNIFTY02JAN2421400CE.NFO,02/01/2024,09:31:44,74.7,74.7,360,74.9,1280,18960,4010760
FINNIFTY02JAN2421400CE.NFO,02/01/2024,09:31:46,75.9,75.7,760,75.9,80,22240,4010760
FINNIFTY02JAN2421400CE.NFO,02/01/2024,09:31:47,74.8,74.85,440,75.1,920,12320,4010760
FINNIFTY02JAN2421400CE.NFO,02/01/2024,09:31:49,75.3,75.3,240,75.55,480,12480,4010760
FINNIFTY02JAN2421400CE.NFO,02/01/2024,09:31:51,75.6,75.25,1000,75.45,800,6720,4010760
FINNIFTY02JAN2421400CE.NFO,02/01/2024,09:31:52,74.65,74.4,240,74.65,1000,71040,4010760
FINNIFTY02JAN2421400CE.NFO,02/01/2024,09:31:54,72.25,72.25,40,72.3,240,65560,4010760
FINNIFTY02JAN2421400CE.NFO,02/01/2024,09:31:56,72.65,72.65,240,72.8,680,46240,4010760
FINNIFTY02JAN2421400CE.NFO,02/01/2024,09:31:57,73.4,73.4,480,73.6,400,44320,4010760
FINNIFTY02JAN2421400CE.NFO,02/01/2024,09:31:59,73.8,73.8,40,74,1720,17040,4010760
FINNIFTY02JAN2421400CE.NFO,02/01/2024,09:32:01,73,73,600,73.2,720,38520,4010760
FINNIFTY02JAN2421400CE.NFO,02/01/2024,09:32:02,73.35,73.4,960,73.6,200,12600,4010760
FINNIFTY02JAN2421400CE.NFO,02/01/2024,09:32:04,71.4,71.65,1000,71.8,40,45040,4010760
FINNIFTY02JAN2421400CE.NFO,02/01/2024,09:32:06,71.25,71.3,1440,71.6,1520,53280,4010760
FINNIFTY02JAN2421400CE.NFO,02/01/2024,09:32:07,71.65,71.65,1360,71.9,1040,36320,4010760
FINNIFTY02JAN2421400CE.NFO,02/01/2024,09:32:09,71.35,71.35,680,71.55,840,25240,4010760
FINNIFTY02JAN2421400CE.NFO,02/01/2024,09:32:11,71.9,71.95,160,72.25,1080,45160,4010760
FINNIFTY02JAN2421400CE.NFO,02/01/2024,09:32:12,73.7,73.5,40,73.7,200,38200,4010760
FINNIFTY02JAN2421400CE.NFO,02/01/2024,09:32:14,72.85,72.65,1600,72.9,120,33040,4010760
FINNIFTY02JAN2421400CE.NFO,02/01/2024,09:32:16,71.7,71.8,920,72,40,17320,4010760
FINNIFTY02JAN2421400CE.NFO,02/01/2024,09:32:17,71.85,71.6,480,71.85,1960,12480,4010760
FINNIFTY02JAN2421400CE.NFO,02/01/2024,09:32:19,69.3,69.3,720,69.5,560,87040,4010760
FINNIFTY02JAN2421400CE.NFO,02/01/2024,09:32:21,69.45,69.2,640,69.4,800,31880,4010760
FINNIFTY02JAN2421400CE.NFO,02/01/2024,09:32:22,70.35,70.3,80,70.5,960,37840,4010760
FINNIFTY02JAN2421400CE.NFO,02/01/2024,09:32:24,70.25,70.1,1080,70.3,480,31920,4010760
FINNIFTY02JAN2421400CE.NFO,02/01/2024,09:32:25,69.1,69.1,160,69.2,880,20440,3984120
FINNIFTY02JAN2421400CE.NFO,02/01/2024,09:32:27,70.1,70.1,280,70.35,880,22080,3984120
FINNIFTY02JAN2421400CE.NFO,02/01/2024,09:32:29,70.6,70.6,320,70.75,680,28000,3984120
FINNIFTY02JAN2421400CE.NFO,02/01/2024,09:32:30,71.65,71.45,120,71.65,920,15800,3984120
FINNIFTY02JAN2421400CE.NFO,02/01/2024,09:32:32,71.35,71.15,560,71.35,280,18040,3984120
FINNIFTY02JAN2421400CE.NFO,02/01/2024,09:32:34,70.95,70.85,560,71.1,840,19400,3984120
FINNIFTY02JAN2421400CE.NFO,02/01/2024,09:32:35,70.65,70.65,1920,70.9,280,14600,3984120
FINNIFTY02JAN2421400CE.NFO,02/01/2024,09:32:37,69.75,69.7,1760,69.9,160,43440,3984120
FINNIFTY02JAN2421400CE.NFO,02/01/2024,09:32:39,69.35,69.25,680,69.45,80,22360,3984120
FINNIFTY02JAN2421400CE.NFO,02/01/2024,09:32:40,69.4,69.1,360,69.35,960,43520,3984120
FINNIFTY02JAN2421400CE.NFO,02/01/2024,09:32:42,69.4,69.4,800,69.65,560,32720,3984120
FINNIFTY02JAN2421400CE.NFO,02/01/2024,09:32:44,69.25,69.25,120,69.45,160,14520,3984120
FINNIFTY02JAN2421400CE.NFO,02/01/2024,09:32:45,68.5,68.4,2360,68.6,400,18480,3984120
FINNIFTY02JAN2421400CE.NFO,02/01/2024,09:32:47,69.6,69.4,560,69.6,40,17760,3984120
FINNIFTY02JAN2421400CE.NFO,02/01/2024,09:32:49,70.65,70.5,520,70.65,640,17160,3984120
FINNIFTY02JAN2421400CE.NFO,02/01/2024,09:32:50,70.25,70.25,800,70.55,560,26200,3984120
FINNIFTY02JAN2421400CE.NFO,02/01/2024,09:32:52,70,69.95,1600,70.15,160,12800,3984120
FINNIFTY02JAN2421400CE.NFO,02/01/2024,09:32:54,70,70,1640,70.25,320,15840,3984120
FINNIFTY02JAN2421400CE.NFO,02/01/2024,09:32:55,70.25,70.3,1600,70.5,360,8200,3984120
FINNIFTY02JAN2421400CE.NFO,02/01/2024,09:32:57,70.2,70.1,2480,70.4,720,19120,3984120
FINNIFTY02JAN2421400CE.NFO,02/01/2024,09:32:59,70.4,70.55,760,70.75,160,11000,3984120
FINNIFTY02JAN2421400CE.NFO,02/01/2024,09:33:00,71.6,71.35,120,71.55,920,29800,3984120
FINNIFTY02JAN2421400CE.NFO,02/01/2024,09:33:02,71.85,71.8,80,71.85,80,22880,3984120
FINNIFTY02JAN2421400CE.NFO,02/01/2024,09:33:04,71.4,71.45,120,71.6,200,12360,3984120
FINNIFTY02JAN2421400CE.NFO,02/01/2024,09:33:05,71.2,71.15,680,71.4,320,25160,3984120
FINNIFTY02JAN2421400CE.NFO,02/01/2024,09:33:07,71,70.8,1200,71.05,200,23840,3984120
FINNIFTY02JAN2421400CE.NFO,02/01/2024,09:33:09,71,70.85,1960,71.1,1120,14200,3984120
FINNIFTY02JAN2421400CE.NFO,02/01/2024,09:33:10,71.25,71,600,71.2,1280,14880,3984120
FINNIFTY02JAN2421400CE.NFO,02/01/2024,09:33:12,70.8,70.55,2600,70.75,40,15720,3984120
FINNIFTY02JAN2421400CE.NFO,02/01/2024,09:33:14,70,69.95,800,70.15,600,27680,3984120
FINNIFTY02JAN2421400CE.NFO,02/01/2024,09:33:15,68.75,68.6,1560,68.75,160,20640,3984120
FINNIFTY02JAN2421400CE.NFO,02/01/2024,09:33:17,68,68,1480,68.25,560,54200,3984120
FINNIFTY02JAN2421400CE.NFO,02/01/2024,09:33:19,69.15,69.15,1560,69.35,880,33720,3984120
FINNIFTY02JAN2421400CE.NFO,02/01/2024,09:33:20,68.65,68.75,2200,68.95,40,17600,3984120
FINNIFTY02JAN2421400CE.NFO,02/01/2024,09:33:22,68.9,68.9,800,69.15,720,32680,3984120
FINNIFTY02JAN2421400CE.NFO,02/01/2024,09:33:24,68.35,68.1,560,68.35,1720,18160,3984120
FINNIFTY02JAN2421400CE.NFO,02/01/2024,09:33:25,66.8,66.8,560,67,120,40240,3984120
FINNIFTY02JAN2421400CE.NFO,02/01/2024,09:33:27,67.75,67.55,1320,67.8,720,38720,3984120
FINNIFTY02JAN2421400CE.NFO,02/01/2024,09:33:29,67.5,67.45,840,67.7,440,28160,3984120
FINNIFTY02JAN2421400CE.NFO,02/01/2024,09:33:30,68.55,68.35,520,68.6,880,14600,3984120
FINNIFTY02JAN2421400CE.NFO,02/01/2024,09:33:32,68.65,68.65,1680,68.85,120,11760,3984120
FINNIFTY02JAN2421400CE.NFO,02/01/2024,09:33:34,69.4,69.1,2000,69.35,160,14600,3984120
FINNIFTY02JAN2421400CE.NFO,02/01/2024,09:33:35,68.35,68.35,680,68.65,2840,16680,3984120
FINNIFTY02JAN2421400CE.NFO,02/01/2024,09:33:37,69.9,69.85,1440,70.1,920,61600,3984120
FINNIFTY02JAN2421400CE.NFO,02/01/2024,09:33:39,69.4,69.4,240,69.55,120,15200,3984120
FINNIFTY02JAN2421400CE.NFO,02/01/2024,09:33:40,69.5,69.35,400,69.55,240,10880,3984120
FINNIFTY02JAN2421400CE.NFO,02/01/2024,09:33:42,69.7,69.75,520,69.9,480,12880,3984120
FINNIFTY02JAN2421400CE.NFO,02/01/2024,09:33:44,70.8,70.8,160,70.95,320,44080,3984120
FINNIFTY02JAN2421400CE.NFO,02/01/2024,09:33:45,71.25,71.3,920,71.5,1160,36200,3984120
FINNIFTY02JAN2421400CE.NFO,02/01/2024,09:33:47,70.85,70.95,280,71.05,120,16640,3984120
FINNIFTY02JAN2421400CE.NFO,02/01/2024,09:33:49,71.05,71,1440,71.2,960,22120,3984120
FINNIFTY02JAN2421400CE.NFO,02/01/2024,09:33:50,73.05,72.95,80,73.1,240,28520,3984120
FINNIFTY02JAN2421400CE.NFO,02/01/2024,09:33:52,73.65,73.45,800,73.65,240,25160,3984120
FINNIFTY02JAN2421400CE.NFO,02/01/2024,09:33:54,74.25,74,1120,74.25,400,44640,3984120
FINNIFTY02JAN2421400CE.NFO,02/01/2024,09:33:55,73.7,73.45,480,73.7,200,42640,3984120
FINNIFTY02JAN2421400CE.NFO,02/01/2024,09:33:57,74.1,73.95,120,74.1,160,21520,3984120
FINNIFTY02JAN2421400CE.NFO,02/01/2024,09:33:59,73.7,73.7,40,73.9,560,29600,3984120
FINNIFTY02JAN2421400CE.NFO,02/01/2024,09:34:00,73.15,73.05,120,73.25,1120,27240,3984120
FINNIFTY02JAN2421400CE.NFO,02/01/2024,09:34:02,72.4,72.4,1280,72.6,240,24880,3984120
FINNIFTY02JAN2421400CE.NFO,02/01/2024,09:34:04,72.35,72.2,40,72.35,480,27840,3984120
FINNIFTY02JAN2421400CE.NFO,02/01/2024,09:34:05,72.15,71.85,1600,72.15,1040,21480,3984120
FINNIFTY02JAN2421400CE.NFO,02/01/2024,09:34:07,71.55,71.45,680,71.7,960,17800,3984120
FINNIFTY02JAN2421400CE.NFO,02/01/2024,09:34:09,71.85,71.85,640,72,960,25080,3984120
FINNIFTY02JAN2421400CE.NFO,02/01/2024,09:34:10,71.25,71.05,760,71.3,880,15560,3984120
FINNIFTY02JAN2421400CE.NFO,02/01/2024,09:34:12,71.05,71.05,1200,71.3,1120,19920,3984120
FINNIFTY02JAN2421400CE.NFO,02/01/2024,09:34:14,71.8,71.6,2360,71.8,120,8280,3984120
FINNIFTY02JAN2421400CE.NFO,02/01/2024,09:34:15,71.7,71.45,160,71.7,3800,12280,3984120
FINNIFTY02JAN2421400CE.NFO,02/01/2024,09:34:17,70.55,70.5,440,70.55,40,14160,3984120
FINNIFTY02JAN2421400CE.NFO,02/01/2024,09:34:19,70.25,70.1,2080,70.25,40,53400,3984120
FINNIFTY02JAN2421400CE.NFO,02/01/2024,09:34:20,70.65,70.5,1480,70.7,240,7840,3984120
FINNIFTY02JAN2421400CE.NFO,02/01/2024,09:34:22,69.85,69.8,40,69.95,40,36680,3984120
FINNIFTY02JAN2421400CE.NFO,02/01/2024,09:34:24,68.8,68.55,760,68.7,840,20240,3984120
FINNIFTY02JAN2421400CE.NFO,02/01/2024,09:34:25,67.8,67.85,1960,68.05,80,31320,3984120
FINNIFTY02JAN2421400CE.NFO,02/01/2024,09:34:27,67.95,68.05,1760,68.3,1640,15000,3984120
FINNIFTY02JAN2421400CE.NFO,02/01/2024,09:34:29,68.6,68.4,840,68.6,160,16840,3984120
FINNIFTY02JAN2421400CE.NFO,02/01/2024,09:34:30,68,68.05,1160,68.25,120,18200,3984120
FINNIFTY02JAN2421400CE.NFO,02/01/2024,09:34:32,68.45,68.45,40,68.5,1600,23520,3984120
FINNIFTY02JAN2421400CE.NFO,02/01/2024,09:34:34,69,69,400,69.1,1120,17640,3984120
FINNIFTY02JAN2421400CE.NFO,02/01/2024,09:34:35,68.9,68.9,1520,69.1,80,11640,3984120
FINNIFTY02JAN2421400CE.NFO,02/01/2024,09:34:37,69.25,69.1,880,69.25,40,9360,3984120
FINNIFTY02JAN2421400CE.NFO,02/01/2024,09:34:39,68.75,68.6,1480,68.8,200,6280,3984120
FINNIFTY02JAN2421400CE.NFO,02/01/2024,09:34:40,68.65,68.6,440,68.8,520,22920,3984120
FINNIFTY02JAN2421400CE.NFO,02/01/2024,09:34:42,69.75,69.8,2000,70,920,16360,3984120
FINNIFTY02JAN2421400CE.NFO,02/01/2024,09:34:44,69.95,69.95,200,70.15,760,10920,3984120
FINNIFTY02JAN2421400CE.NFO,02/01/2024,09:34:45,69.95,69.75,1240,69.95,600,14200,3984120
FINNIFTY02JAN2421400CE.NFO,02/01/2024,09:34:47,69.75,69.65,560,69.75,760,9920,3984120
FINNIFTY02JAN2421400CE.NFO,02/01/2024,09:34:49,70,69.85,360,70.1,880,7880,3984120
FINNIFTY02JAN2421400CE.NFO,02/01/2024,09:34:50,70.05,69.85,320,70.05,280,11240,3984120
FINNIFTY02JAN2421400CE.NFO,02/01/2024,09:34:52,68.75,68.75,1240,68.9,120,10560,3984120
FINNIFTY02JAN2421400CE.NFO,02/01/2024,09:34:54,68.6,68.4,880,68.6,920,12640,3984120
FINNIFTY02JAN2421400CE.NFO,02/01/2024,09:34:55,69.15,69.05,240,69.15,480,18600,3984120
FINNIFTY02JAN2421400CE.NFO,02/01/2024,09:34:57,69.05,69,120,69.15,80,10240,3984120
FINNIFTY02JAN2421400CE.NFO,02/01/2024,09:34:59,71.1,70.9,560,71.1,840,30720,3984120
FINNIFTY02JAN2421400CE.NFO,02/01/2024,09:35:00,71.1,71,1680,71.2,1440,29960,3984120
FINNIFTY02JAN2421400CE.NFO,02/01/2024,09:35:02,71.35,71.3,40,71.5,1520,22000,3984120
FINNIFTY02JAN2421400CE.NFO,02/01/2024,09:35:04,71.25,71.15,1000,71.35,800,18160,3984120
FINNIFTY02JAN2421400CE.NFO,02/01/2024,09:35:05,70.95,70.95,440,71.15,40,46320,3984120
FINNIFTY02JAN2421400CE.NFO,02/01/2024,09:35:07,70.85,70.85,640,71,440,21160,3984120
FINNIFTY02JAN2421400CE.NFO,02/01/2024,09:35:09,70.9,70.85,640,71.05,880,13320,3984120
FINNIFTY02JAN2421400CE.NFO,02/01/2024,09:35:10,70.35,70.15,120,70.35,360,16800,3984120
FINNIFTY02JAN2421400CE.NFO,02/01/2024,09:35:12,69.3,69.25,760,69.4,240,21560,3984120
FINNIFTY02JAN2421400CE.NFO,02/01/2024,09:35:14,70.2,70,1440,70.2,680,8760,3984120
FINNIFTY02JAN2421400CE.NFO,02/01/2024,09:35:15,69.65,69.6,520,69.8,1120,17400,3984120
FINNIFTY02JAN2421400CE.NFO,02/01/2024,09:35:17,69.5,69.35,120,69.55,1080,16000,3984120
FINNIFTY02JAN2421400CE.NFO,02/01/2024,09:35:19,70.5,70.6,960,70.8,360,21240,3984120
FINNIFTY02JAN2421400CE.NFO,02/01/2024,09:35:20,72.3,72.15,1480,72.4,840,37560,3984120
FINNIFTY02JAN2421400CE.NFO,02/01/2024,09:35:22,71.45,71.25,1320,71.5,800,35640,3984120
FINNIFTY02JAN2421400CE.NFO,02/01/2024,09:35:24,71,71,1360,71.15,80,14320,3984120
FINNIFTY02JAN2421400CE.NFO,02/01/2024,09:35:25,71.7,71.3,520,71.5,640,15360,4252240
FINNIFTY02JAN2421400CE.NFO,02/01/2024,09:35:27,71.05,71.05,600,71.2,240,10440,4252240
FINNIFTY02JAN2421400CE.NFO,02/01/2024,09:35:29,71.1,70.9,1200,71.1,40,8800,4252240
FINNIFTY02JAN2421400CE.NFO,02/01/2024,09:35:30,70.1,70.05,520,70.15,80,13280,4252240
FINNIFTY02JAN2421400CE.NFO,02/01/2024,09:35:32,70.6,70.5,560,70.65,40,15560,4252240
FINNIFTY02JAN2421400CE.NFO,02/01/2024,09:35:34,70.5,70.4,400,70.6,1240,6400,4252240
FINNIFTY02JAN2421400CE.NFO,02/01/2024,09:35:35,70.05,70.05,920,70.2,80,15920,4252240
FINNIFTY02JAN2421400CE.NFO,02/01/2024,09:35:37,69.45,69.4,1160,69.6,520,27640,4252240
FINNIFTY02JAN2421400CE.NFO,02/01/2024,09:35:39,69.35,69.15,520,69.35,480,7920,4252240
FINNIFTY02JAN2421400CE.NFO,02/01/2024,09:35:40,68.9,68.7,200,68.85,80,19400,4252240
FINNIFTY02JAN2421400CE.NFO,02/01/2024,09:35:42,68.8,68.6,400,68.8,1040,11560,4252240
FINNIFTY02JAN2421400CE.NFO,02/01/2024,09:35:44,68.95,68.9,40,68.95,720,8200,4252240
FINNIFTY02JAN2421400CE.NFO,02/01/2024,09:35:45,67.55,67.35,840,67.55,120,35960,4252240
FINNIFTY02JAN2421400CE.NFO,02/01/2024,09:35:47,66.8,66.8,920,67,960,39560,4252240
FINNIFTY02JAN2421400CE.NFO,02/01/2024,09:35:49,67.35,67.35,920,67.55,440,19840,4252240
FINNIFTY02JAN2421400CE.NFO,02/01/2024,09:35:50,67.5,67.4,760,67.6,280,10440,4252240
FINNIFTY02JAN2421400CE.NFO,02/01/2024,09:35:52,67.25,67.25,640,67.5,840,13120,4252240
FINNIFTY02JAN2421400CE.NFO,02/01/2024,09:35:54,67,66.85,440,67.05,120,15440,4252240
FINNIFTY02JAN2421400CE.NFO,02/01/2024,09:35:55,65.75,65.7,280,65.9,1120,96000,4252240
FINNIFTY02JAN2421400CE.NFO,02/01/2024,09:35:57,65.25,65.25,360,65.45,240,33000,4252240
FINNIFTY02JAN2421400CE.NFO,02/01/2024,09:35:59,66.2,66.05,760,66.2,200,31000,4252240
FINNIFTY02JAN2421400CE.NFO,02/01/2024,09:36:00,65.5,65.3,1000,65.5,160,36720,4252240
FINNIFTY02JAN2421400CE.NFO,02/01/2024,09:36:02,65.5,65.4,240,65.65,1360,59600,4252240
FINNIFTY02JAN2421400CE.NFO,02/01/2024,09:36:04,65.85,65.7,40,65.85,800,51480,4252240
FINNIFTY02JAN2421400CE.NFO,02/01/2024,09:36:05,66.4,66.25,1360,66.45,880,32120,4252240
FINNIFTY02JAN2421400CE.NFO,02/01/2024,09:36:07,66.25,66.15,120,66.3,160,12720,4252240
FINNIFTY02JAN2421400CE.NFO,02/01/2024,09:36:09,67,66.8,40,67,1080,15440,4252240
FINNIFTY02JAN2421400CE.NFO,02/01/2024,09:36:10,66.75,66.7,160,66.9,880,27960,4252240
FINNIFTY02JAN2421400CE.NFO,02/01/2024,09:36:12,66.8,66.7,40,66.85,920,34040,4252240
FINNIFTY02JAN2421400CE.NFO,02/01/2024,09:36:14,65.4,65.4,840,65.6,920,13640,4252240
FINNIFTY02JAN2421400CE.NFO,02/01/2024,09:36:16,64.9,64.9,2080,65,200,31120,4252240
FINNIFTY02JAN2421400CE.NFO,02/01/2024,09:36:17,63.85,63.65,600,63.85,760,77440,4252240
FINNIFTY02JAN2421400CE.NFO,02/01/2024,09:36:19,63.5,63.55,680,63.75,280,67640,4252240
FINNIFTY02JAN2421400CE.NFO,02/01/2024,09:36:21,63.85,63.6,2040,63.85,1880,56520,4252240
FINNIFTY02JAN2421400CE.NFO,02/01/2024,09:36:22,63.65,63.7,400,63.8,800,29080,4252240
FINNIFTY02JAN2421400CE.NFO,02/01/2024,09:36:24,64.75,64.65,560,64.75,360,29160,4252240
FINNIFTY02JAN2421400CE.NFO,02/01/2024,09:36:26,65.7,65.7,1200,65.8,1840,30800,4252240
FINNIFTY02JAN2421400CE.NFO,02/01/2024,09:36:27,65.3,65.1,1200,65.3,1000,31120,4252240
FINNIFTY02JAN2421400CE.NFO,02/01/2024,09:36:29,66.45,66.5,600,66.65,360,19960,4252240
FINNIFTY02JAN2421400CE.NFO,02/01/2024,09:36:31,66.75,66.65,160,66.8,600,29680,4252240
FINNIFTY02JAN2421400CE.NFO,02/01/2024,09:36:32,66.35,66,1720,66.2,760,19080,4252240
FINNIFTY02JAN2421400CE.NFO,02/01/2024,09:36:34,66.3,66.1,200,66.25,840,15480,4252240
FINNIFTY02JAN2421400CE.NFO,02/01/2024,09:36:36,66.05,66.05,120,66.25,2200,8040,4252240
FINNIFTY02JAN2421400CE.NFO,02/01/2024,09:36:37,65.95,65.95,400,66.05,1200,12480,4252240
FINNIFTY02JAN2421400CE.NFO,02/01/2024,09:36:39,65.8,65.8,1200,66,120,23000,4252240
FINNIFTY02JAN2421400CE.NFO,02/01/2024,09:36:41,67,67,320,67.15,1400,20520,4252240
FINNIFTY02JAN2421400CE.NFO,02/01/2024,09:36:42,66.75,66.7,40,66.85,1240,24800,4252240
FINNIFTY02JAN2421400CE.NFO,02/01/2024,09:36:44,67.25,67.25,80,67.45,1120,43680,4252240
FINNIFTY02JAN2421400CE.NFO,02/01/2024,09:36:46,67.6,67.35,960,67.6,1160,13680,4252240
FINNIFTY02JAN2421400CE.NFO,02/01/2024,09:36:47,67.5,67.3,120,67.5,80,29840,4252240
FINNIFTY02JAN2421400CE.NFO,02/01/2024,09:36:49,66.7,66.7,520,66.9,1760,15200,4252240
FINNIFTY02JAN2421400CE.NFO,02/01/2024,09:36:51,67.3,67.25,360,67.45,800,20480,4252240
FINNIFTY02JAN2421400CE.NFO,02/01/2024,09:36:52,67.45,67.3,1360,67.5,800,10280,4252240
FINNIFTY02JAN2421400CE.NFO,02/01/2024,09:36:54,68,68,800,68.2,1280,20320,4252240
FINNIFTY02JAN2421400CE.NFO,02/01/2024,09:36:56,67.95,67.75,120,67.95,1960,23480,4252240
FINNIFTY02JAN2421400CE.NFO,02/01/2024,09:36:57,67.6,67.45,80,67.6,1200,13360,4252240
FINNIFTY02JAN2421400CE.NFO,02/01/2024,09:36:59,67.85,67.9,840,68.1,600,11120,4252240
FINNIFTY02JAN2421400CE.NFO,02/01/2024,09:37:01,69.25,69,1720,69.25,960,41040,4252240
FINNIFTY02JAN2421400CE.NFO,02/01/2024,09:37:02,69.1,68.9,400,69.1,1320,14880,4252240
FINNIFTY02JAN2421400CE.NFO,02/01/2024,09:37:04,69.2,69.25,400,69.4,160,14480,4252240
FINNIFTY02JAN2421400CE.NFO,02/01/2024,09:37:06,69.45,69.4,920,69.55,120,18240,4252240
FINNIFTY02JAN2421400CE.NFO,02/01/2024,09:37:07,69.15,69.15,160,69.2,80,12960,4252240
FINNIFTY02JAN2421400CE.NFO,02/01/2024,09:37:09,69.3,69.05,200,69.25,200,30680,4252240
FINNIFTY02JAN2421400CE.NFO,02/01/2024,09:37:11,68.85,68.8,1440,69,560,9800,4252240
FINNIFTY02JAN2421400CE.NFO,02/01/2024,09:37:12,68.7,68.55,200,68.65,800,8280,4252240
FINNIFTY02JAN2421400CE.NFO,02/01/2024,09:37:14,67.7,67.7,200,67.9,640,20200,4252240
FINNIFTY02JAN2421400CE.NFO,02/01/2024,09:37:16,68.4,68.2,80,68.4,3000,12320,4252240
FINNIFTY02JAN2421400CE.NFO,02/01/2024,09:37:17,68.05,68.05,2000,68.25,720,10600,4252240
FINNIFTY02JAN2421400CE.NFO,02/01/2024,09:37:19,68.45,68.5,40,68.6,40,10760,4252240
FINNIFTY02JAN2421400CE.NFO,02/01/2024,09:37:21,68.8,68.85,1080,68.95,120,10160,4252240
FINNIFTY02JAN2421400CE.NFO,02/01/2024,09:37:22,68.85,68.85,3600,69.05,2440,7960,4252240
FINNIFTY02JAN2421400CE.NFO,02/01/2024,09:37:24,69.15,69.15,1720,69.25,2320,9600,4252240
FINNIFTY02JAN2421400CE.NFO,02/01/2024,09:37:26,70.45,70.3,1720,70.5,2680,33440,4252240
FINNIFTY02JAN2421400CE.NFO,02/01/2024,09:37:27,70.65,70.55,880,70.65,40,16760,4252240
FINNIFTY02JAN2421400CE.NFO,02/01/2024,09:37:29,70.55,70.45,3080,70.65,600,47000,4252240
FINNIFTY02JAN2421400CE.NFO,02/01/2024,09:37:31,72.1,71.9,320,72.05,1480,41760,4252240
FINNIFTY02JAN2421400CE.NFO,02/01/2024,09:37:32,72.2,72.15,2600,72.35,760,37760,4252240
FINNIFTY02JAN2421400CE.NFO,02/01/2024,09:37:34,72.65,72.45,360,72.65,2160,31200,4252240
FINNIFTY02JAN2421400CE.NFO,02/01/2024,09:37:36,72.25,72.2,2240,72.4,120,33680,4252240
FINNIFTY02JAN2421400CE.NFO,02/01/2024,09:37:37,70.7,70.7,960,70.85,1680,37680,4252240
FINNIFTY02JAN2421400CE.NFO,02/01/2024,09:37:39,71.5,71.55,40,71.65,200,21480,4252240
FINNIFTY02JAN2421400CE.NFO,02/01/2024,09:37:41,72.3,72.2,40,72.4,1600,26000,4252240
FINNIFTY02JAN2421400CE.NFO,02/01/2024,09:37:42,73,72.8,520,72.95,760,21160,4252240
FINNIFTY02JAN2421400CE.NFO,02/01/2024,09:37:44,72.05,72.05,1240,72.2,240,15040,4252240
FINNIFTY02JAN2421400CE.NFO,02/01/2024,09:37:46,70.85,70.65,120,70.8,1840,67360,4252240
FINNIFTY02JAN2421400CE.NFO,02/01/2024,09:37:47,70.8,70.65,840,70.8,2800,17480,4252240
FINNIFTY02JAN2421400CE.NFO,02/01/2024,09:37:49,70.8,70.85,2680,71,2120,10640,4252240
FINNIFTY02JAN2421400CE.NFO,02/01/2024,09:37:51,71.2,71.2,1840,71.4,1720,15520,4252240
FINNIFTY02JAN2421400CE.NFO,02/01/2024,09:37:52,71.15,70.9,1480,71.1,1200,9920,4252240
FINNIFTY02JAN2421400CE.NFO,02/01/2024,09:37:54,71.55,71.4,160,71.6,1800,11520,4252240
FINNIFTY02JAN2421400CE.NFO,02/01/2024,09:37:56,71.7,71.5,200,71.65,640,10320,4252240
FINNIFTY02JAN2421400CE.NFO,02/01/2024,09:37:57,72,71.8,1680,72,1600,8680,4252240
FINNIFTY02JAN2421400CE.NFO,02/01/2024,09:37:59,71.35,71.4,120,71.55,120,8360,4252240
FINNIFTY02JAN2421400CE.NFO,02/01/2024,09:38:01,71.45,71.25,240,71.45,2280,14360,4252240
FINNIFTY02JAN2421400CE.NFO,02/01/2024,09:38:02,71.65,71.55,520,71.65,320,10080,4252240
FINNIFTY02JAN2421400CE.NFO,02/01/2024,09:38:04,71.45,71.25,2280,71.45,1240,18360,4252240
FINNIFTY02JAN2421400CE.NFO,02/01/2024,09:38:06,70.85,70.85,560,71,1600,11240,4252240
FINNIFTY02JAN2421400CE.NFO,02/01/2024,09:38:07,70.9,70.7,400,70.9,120,10760,4252240
FINNIFTY02JAN2421400CE.NFO,02/01/2024,09:38:09,70.7,70.7,1560,70.9,160,8640,4252240
FINNIFTY02JAN2421400CE.NFO,02/01/2024,09:38:11,70.25,70.25,1800,70.45,1240,19560,4252240
FINNIFTY02JAN2421400CE.NFO,02/01/2024,09:38:12,70.4,70.25,80,70.4,2520,39560,4252240
FINNIFTY02JAN2421400CE.NFO,02/01/2024,09:38:14,70.95,70.8,3320,71.05,1680,8600,4252240
FINNIFTY02JAN2421400CE.NFO,02/01/2024,09:38:16,71.6,71.55,1360,71.75,120,10040,4252240
FINNIFTY02JAN2421400CE.NFO,02/01/2024,09:38:17,71.35,71.25,1680,71.45,440,18040,4252240
FINNIFTY02JAN2421400CE.NFO,02/01/2024,09:38:19,71.55,71.55,520,71.7,280,17960,4252240
FINNIFTY02JAN2421400CE.NFO,02/01/2024,09:38:21,72.5,72.45,680,72.7,1800,23320,4252240
FINNIFTY02JAN2421400CE.NFO,02/01/2024,09:38:22,73.25,73.05,1920,73.25,400,54040,4252240
FINNIFTY02JAN2421400CE.NFO,02/01/2024,09:38:24,73.1,72.8,2600,73.05,40,34360,4252240
FINNIFTY02JAN2421400CE.NFO,02/01/2024,09:38:26,72.75,72.75,1840,72.9,80,27920,4285080
FINNIFTY02JAN2421400CE.NFO,02/01/2024,09:38:27,74.5,74.5,80,74.6,640,108840,4285080
FINNIFTY02JAN2421400CE.NFO,02/01/2024,09:38:29,74.1,73.9,1040,74.1,320,39240,4285080
FINNIFTY02JAN2421400CE.NFO,02/01/2024,09:38:31,74.05,74,600,74.15,40,41040,4285080
FINNIFTY02JAN2421400CE.NFO,02/01/2024,09:38:32,74.05,73.85,1200,74.05,240,41240,4285080
FINNIFTY02JAN2421400CE.NFO,02/01/2024,09:38:34,72.9,72.9,1400,73,1240,25160,4285080
FINNIFTY02JAN2421400CE.NFO,02/01/2024,09:38:36,72.55,72.4,920,72.65,1000,36560,4285080
FINNIFTY02JAN2421400CE.NFO,02/01/2024,09:38:37,74.5,74.35,80,74.5,1440,23600,4285080
FINNIFTY02JAN2421400CE.NFO,02/01/2024,09:38:39,74.1,74.1,720,74.2,240,21200,4285080
FINNIFTY02JAN2421400CE.NFO,02/01/2024,09:38:41,74.4,74.45,680,74.7,1000,29200,4285080
FINNIFTY02JAN2421400CE.NFO,02/01/2024,09:38:42,73.55,73.55,40,73.7,480,37240,4285080
FINNIFTY02JAN2421400CE.NFO,02/01/2024,09:38:44,74,73.7,1520,73.95,1000,18760,4285080
FINNIFTY02JAN2421400CE.NFO,02/01/2024,09:38:46,73.5,73.2,1000,73.4,360,19960,4285080
FINNIFTY02JAN2421400CE.NFO,02/01/2024,09:38:47,73,72.95,120,73,1160,26440,4285080
FINNIFTY02JAN2421400CE.NFO,02/01/2024,09:38:49,73,72.9,560,73.15,2080,14920,4285080
FINNIFTY02JAN2421400CE.NFO,02/01/2024,09:38:51,72.8,72.6,1840,72.85,80,12800,4285080
FINNIFTY02JAN2421400CE.NFO,02/01/2024,09:38:52,73.25,73.1,2200,73.25,40,21800,4285080
FINNIFTY02JAN2421400CE.NFO,02/01/2024,09:38:54,74,74,240,74.15,760,29720,4285080
FINNIFTY02JAN2421400CE.NFO,02/01/2024,09:38:56,74.95,74.95,320,75.15,2800,38040,4285080
FINNIFTY02JAN2421400CE.NFO,02/01/2024,09:38:57,77.9,77.75,1000,77.9,560,100600,4285080
FINNIFTY02JAN2421400CE.NFO,02/01/2024,09:38:59,78.3,78.05,1440,78.3,1000,54200,4285080
FINNIFTY02JAN2421400CE.NFO,02/01/2024,09:39:01,77.3,77.3,3040,77.45,1200,56560,4285080
FINNIFTY02JAN2421400CE.NFO,02/01/2024,09:39:02,79.45,79.85,240,80.05,1720,231000,4285080
FINNIFTY02JAN2421400CE.NFO,02/01/2024,09:39:04,79.45,79.45,1320,79.7,200,127160,4285080
FINNIFTY02JAN2421400CE.NFO,02/01/2024,09:39:06,79.8,79.55,1080,79.8,40,86040,4285080
FINNIFTY02JAN2421400CE.NFO,02/01/2024,09:39:07,79.55,79.65,40,79.85,1680,84040,4285080
FINNIFTY02JAN2421400CE.NFO,02/01/2024,09:39:09,79.25,78.8,1720,79.1,1240,46120,4285080
FINNIFTY02JAN2421400CE.NFO,02/01/2024,09:39:11,77.7,77.7,960,77.95,760,42520,4285080
FINNIFTY02JAN2421400CE.NFO,02/01/2024,09:39:12,78.4,78.25,240,78.4,320,59440,4285080
FINNIFTY02JAN2421400CE.NFO,02/01/2024,09:39:14,78.65,78.45,280,78.65,920,18360,4285080
FINNIFTY02JAN2421400CE.NFO,02/01/2024,09:39:16,78.4,78.25,160,78.4,1160,13680,4285080
FINNIFTY02JAN2421400CE.NFO,02/01/2024,09:39:17,76.2,76.2,880,76.45,1280,36200,4285080
FINNIFTY02JAN2421400CE.NFO,02/01/2024,09:39:19,77.25,77,760,77.25,960,42040,4285080
FINNIFTY02JAN2421400CE.NFO,02/01/2024,09:39:21,77.85,77.8,560,78,2160,19240,4285080
FINNIFTY02JAN2421400CE.NFO,02/01/2024,09:39:22,78,77.9,840,78.15,480,21400,4285080
FINNIFTY02JAN2421400CE.NFO,02/01/2024,09:39:24,78.2,78.05,1840,78.25,200,29120,4285080
FINNIFTY02JAN2421400CE.NFO,02/01/2024,09:39:26,78.25,78.25,1080,78.45,240,34920,4285080
FINNIFTY02JAN2421400CE.NFO,02/01/2024,09:39:27,79.85,79.65,160,79.8,840,34640,4285080
FINNIFTY02JAN2421400CE.NFO,02/01/2024,09:39:29,79.45,79.45,440,79.75,1920,20600,4285080
FINNIFTY02JAN2421400CE.NFO,02/01/2024,09:39:31,78.65,78.5,80,78.65,2160,32160,4285080
FINNIFTY02JAN2421400CE.NFO,02/01/2024,09:39:32,78.2,78.25,1840,78.45,40,26840,4285080
FINNIFTY02JAN2421400CE.NFO,02/01/2024,09:39:34,78.3,78.3,80,78.5,600,21240,4285080
FINNIFTY02JAN2421400CE.NFO,02/01/2024,09:39:36,77.45,77.2,920,77.45,1600,24120,4285080
FINNIFTY02JAN2421400CE.NFO,02/01/2024,09:39:37,77.35,77.2,280,77.35,160,29240,4285080
FINNIFTY02JAN2421400CE.NFO,02/01/2024,09:39:39,77.85,77.75,160,77.9,440,17920,4285080
FINNIFTY02JAN2421400CE.NFO,02/01/2024,09:39:41,78.05,78,1400,78.15,80,14040,4285080
FINNIFTY02JAN2421400CE.NFO,02/01/2024,09:39:42,78.2,78.15,1760,78.4,560,35160,4285080
FINNIFTY02JAN2421400CE.NFO,02/01/2024,09:39:44,79.95,79.95,120,80.15,800,39360,4285080
FINNIFTY02JAN2421400CE.NFO,02/01/2024,09:39:46,82.6,82.45,1760,82.7,160,55640,4285080
FINNIFTY02JAN2421400CE.NFO,02/01/2024,09:39:47,81.1,81.1,80,81.2,200,56440,4285080
FINNIFTY02JAN2421400CE.NFO,02/01/2024,09:39:49,82.25,82,600,82.2,160,40680,4285080
FINNIFTY02JAN2421400CE.NFO,02/01/2024,09:39:51,82.2,81.8,2000,82.1,40,51200,4285080
FINNIFTY02JAN2421400CE.NFO,02/01/2024,09:39:52,81.25,81.05,760,81.25,80,32880,4285080
FINNIFTY02JAN2421400CE.NFO,02/01/2024,09:39:54,81.05,81,1040,81.2,240,18760,4285080
FINNIFTY02JAN2421400CE.NFO,02/01/2024,09:39:56,80.8,80.55,840,80.75,240,27080,4285080
FINNIFTY02JAN2421400CE.NFO,02/01/2024,09:39:57,80.7,80.5,1280,80.75,120,29840,4285080
FINNIFTY02JAN2421400CE.NFO,02/01/2024,09:39:59,79.95,80.05,760,80.25,1000,48920,4285080
FINNIFTY02JAN2421400CE.NFO,02/01/2024,09:40:01,78.65,78.65,1800,78.85,120,34520,4285080
FINNIFTY02JAN2421400CE.NFO,02/01/2024,09:40:02,81.05,81.05,40,81.3,1160,28440,4285080
FINNIFTY02JAN2421400CE.NFO,02/01/2024,09:40:04,81.6,81.3,1120,81.6,600,23960,4285080
FINNIFTY02JAN2421400CE.NFO,02/01/2024,09:40:06,79.4,79.2,1040,79.4,80,37400,4285080
FINNIFTY02JAN2421400CE.NFO,02/01/2024,09:40:07,79.05,79.25,160,79.45,640,29680,4285080
FINNIFTY02JAN2421400CE.NFO,02/01/2024,09:40:09,79.45,79.4,600,79.6,1040,23400,4285080
FINNIFTY02JAN2421400CE.NFO,02/01/2024,09:40:11,79.3,79.05,1400,79.3,200,16760,4285080
FINNIFTY02JAN2421400CE.NFO,02/01/2024,09:40:12,78.6,78.55,280,78.75,760,18000,4285080
FINNIFTY02JAN2421400CE.NFO,02/01/2024,09:40:14,78.7,78.7,960,78.95,920,15040,4285080
FINNIFTY02JAN2421400CE.NFO,02/01/2024,09:40:16,78.9,78.9,960,79.15,1160,19000,4285080
FINNIFTY02JAN2421400CE.NFO,02/01/2024,09:40:17,80.2,80.2,880,80.45,640,16640,4285080
FINNIFTY02JAN2421400CE.NFO,02/01/2024,09:40:19,81.55,81.3,760,81.5,800,17280,4285080
FINNIFTY02JAN2421400CE.NFO,02/01/2024,09:40:21,81.3,81.3,120,81.55,160,24520,4285080
FINNIFTY02JAN2421400CE.NFO,02/01/2024,09:40:22,80,79.85,1040,80.1,600,25920,4285080
FINNIFTY02JAN2421400CE.NFO,02/01/2024,09:40:24,80.65,80.45,360,80.7,320,13200,4285080
FINNIFTY02JAN2421400CE.NFO,02/01/2024,09:40:26,80,79.9,40,80.1,800,21840,4285080
FINNIFTY02JAN2421400CE.NFO,02/01/2024,09:40:27,78.55,78.3,600,78.6,120,23360,4285080
FINNIFTY02JAN2421400CE.NFO,02/01/2024,09:40:29,78.25,78,280,78.2,1000,50760,4285080
FINNIFTY02JAN2421400CE.NFO,02/01/2024,09:40:31,78,77.75,720,78,560,19480,4285080
FINNIFTY02JAN2421400CE.NFO,02/01/2024,09:40:32,77.7,77.4,1320,77.7,640,24320,4285080
FINNIFTY02JAN2421400CE.NFO,02/01/2024,09:40:34,77.55,77.55,280,77.75,920,41440,4285080
FINNIFTY02JAN2421400CE.NFO,02/01/2024,09:40:36,77.85,77.85,1080,78.15,1520,25720,4285080
FINNIFTY02JAN2421400CE.NFO,02/01/2024,09:40:37,78.05,78.05,440,78.3,1120,20880,4285080
FINNIFTY02JAN2421400CE.NFO,02/01/2024,09:40:39,78.4,78.4,1160,78.65,760,31080,4285080
FINNIFTY02JAN2421400CE.NFO,02/01/2024,09:40:41,79.35,79.05,1280,79.35,1360,7800,4285080
FINNIFTY02JAN2421400CE.NFO,02/01/2024,09:40:42,77.35,77.3,160,77.5,1200,16400,4285080
FINNIFTY02JAN2421400CE.NFO,02/01/2024,09:40:44,77.05,77.05,1720,77.3,40,36280,4285080
FINNIFTY02JAN2421400CE.NFO,02/01/2024,09:40:46,75.6,75.5,160,75.6,40,42080,4285080
FINNIFTY02JAN2421400CE.NFO,02/01/2024,09:40:47,75.3,75.3,400,75.55,120,32680,4285080
FINNIFTY02JAN2421400CE.NFO,02/01/2024,09:40:49,76.25,76.15,200,76.2,1000,36840,4285080
FINNIFTY02JAN2421400CE.NFO,02/01/2024,09:40:51,76.15,75.95,720,76.15,240,20680,4285080
FINNIFTY02JAN2421400CE.NFO,02/01/2024,09:40:52,76.9,76.8,200,77,1600,13160,4285080
FINNIFTY02JAN2421400CE.NFO,02/01/2024,09:40:54,77.95,77.95,1120,78.2,120,43400,4285080
FINNIFTY02JAN2421400CE.NFO,02/01/2024,09:40:56,76.85,77,480,77.15,1520,18120,4285080
FINNIFTY02JAN2421400CE.NFO,02/01/2024,09:40:57,76.9,76.8,1080,77.05,240,5560,4285080
FINNIFTY02JAN2421400CE.NFO,02/01/2024,09:40:59,78.4,78.1,1600,78.4,1120,14920,4285080
FINNIFTY02JAN2421400CE.NFO,02/01/2024,09:41:01,76.5,76.7,640,76.95,2080,22280,4285080
FINNIFTY02JAN2421400CE.NFO,02/01/2024,09:41:02,76.7,76.6,1960,76.9,800,14000,4285080
FINNIFTY02JAN2421400CE.NFO,02/01/2024,09:41:04,77.15,77.1,40,77.2,200,13960,4285080
FINNIFTY02JAN2421400CE.NFO,02/01/2024,09:41:06,77.6,77.3,320,77.6,1640,22640,4285080
FINNIFTY02JAN2421400CE.NFO,02/01/2024,09:41:07,77.55,77.35,1440,77.6,1280,9120,4285080
FINNIFTY02JAN2421400CE.NFO,02/01/2024,09:41:09,77,76.75,280,77,1200,6360,4285080
FINNIFTY02JAN2421400CE.NFO,02/01/2024,09:41:11,76.65,76.65,600,76.8,40,6640,4285080
FINNIFTY02JAN2421400CE.NFO,02/01/2024,09:41:12,76,76,960,76.35,1960,15120,4285080
FINNIFTY02JAN2421400CE.NFO,02/01/2024,09:41:14,76.8,76.5,1880,76.75,840,9080,4285080
FINNIFTY02JAN2421400CE.NFO,02/01/2024,09:41:16,76.8,76.55,40,76.7,80,8120,4285080
FINNIFTY02JAN2421400CE.NFO,02/01/2024,09:41:17,76.3,76.3,80,76.5,680,18240,4285080
FINNIFTY02JAN2421400CE.NFO,02/01/2024,09:41:19,75.65,75.6,120,75.85,1640,10360,4285080
FINNIFTY02JAN2421400CE.NFO,02/01/2024,09:41:21,76.7,76.65,80,76.85,2160,19920,4285080
FINNIFTY02JAN2421400CE.NFO,02/01/2024,09:41:22,77.4,77.4,120,77.55,1600,8800,4285080
FINNIFTY02JAN2421400CE.NFO,02/01/2024,09:41:24,77.7,77.55,40,77.7,200,21200,4285080
FINNIFTY02JAN2421400CE.NFO,02/01/2024,09:41:26,77,77,1680,77.25,880,14040,4114000
FINNIFTY02JAN2421400CE.NFO,02/01/2024,09:41:27,77.3,77.2,80,77.4,640,3880,4114000
FINNIFTY02JAN2421400CE.NFO,02/01/2024,09:41:29,77,77,40,77.05,80,11520,4114000
FINNIFTY02JAN2421400CE.NFO,02/01/2024,09:41:31,76.4,76.2,40,76.4,2520,13840,4114000
FINNIFTY02JAN2421400CE.NFO,02/01/2024,09:41:32,77.35,77.1,840,77.3,240,23920,4114000
FINNIFTY02JAN2421400CE.NFO,02/01/2024,09:41:34,77.4,77.35,360,77.6,1000,19360,4114000
FINNIFTY02JAN2421400CE.NFO,02/01/2024,09:41:36,77.2,77.25,1960,77.45,120,24280,4114000
FINNIFTY02JAN2421400CE.NFO,02/01/2024,09:41:37,76.7,76.5,1840,76.7,880,21680,4114000
FINNIFTY02JAN2421400CE.NFO,02/01/2024,09:41:39,76.2,76.05,80,76.2,280,21120,4114000
FINNIFTY02JAN2421400CE.NFO,02/01/2024,09:41:41,77.35,77.4,40,77.6,440,34000,4114000
FINNIFTY02JAN2421400CE.NFO,02/01/2024,09:41:42,77.55,77.3,2320,77.55,320,9920,4114000
FINNIFTY02JAN2421400CE.NFO,02/01/2024,09:41:44,77.65,77.45,440,77.7,1520,9680,4114000
FINNIFTY02JAN2421400CE.NFO,02/01/2024,09:41:46,77.7,77.65,520,77.85,2360,7520,4114000
FINNIFTY02JAN2421400CE.NFO,02/01/2024,09:41:47,76.9,77.1,840,77.3,80,18000,4114000
FINNIFTY02JAN2421400CE.NFO,02/01/2024,09:41:49,77.8,77.6,400,77.75,320,10800,4114000
FINNIFTY02JAN2421400CE.NFO,02/01/2024,09:41:51,76.6,76.35,2160,76.6,840,9760,4114000
FINNIFTY02JAN2421400CE.NFO,02/01/2024,09:41:52,76.2,76.15,1560,76.4,320,13680,4114000
FINNIFTY02JAN2421400CE.NFO,02/01/2024,09:41:54,76.5,76.3,2120,76.55,40,5840,4114000
FINNIFTY02JAN2421400CE.NFO,02/01/2024,09:41:56,76.55,76.55,1680,76.8,440,9240,4114000
FINNIFTY02JAN2421400CE.NFO,02/01/2024,09:41:57,76.9,76.6,1400,76.9,1120,12400,4114000
FINNIFTY02JAN2421400CE.NFO,02/01/2024,09:41:59,76.75,76.55,120,76.8,640,8960,4114000
FINNIFTY02JAN2421400CE.NFO,02/01/2024,09:42:01,73.9,73.9,120,73.95,1520,116600,4114000
FINNIFTY02JAN2421400CE.NFO,02/01/2024,09:42:02,72.85,72.75,360,73.05,1800,28560,4114000
FINNIFTY02JAN2421400CE.NFO,02/01/2024,09:42:04,73.7,73.55,240,73.8,1720,31040,4114000
FINNIFTY02JAN2421400CE.NFO,02/01/2024,09:42:06,72.6,72.4,680,72.6,880,24240,4114000
FINNIFTY02JAN2421400CE.NFO,02/01/2024,09:42:07,72.15,72.15,200,72.4,2120,46280,4114000
FINNIFTY02JAN2421400CE.NFO,02/01/2024,09:42:09,73.1,73,600,73.25,600,40960,4114000
FINNIFTY02JAN2421400CE.NFO,02/01/2024,09:42:11,73.35,73.3,280,73.4,80,18520,4114000
FINNIFTY02JAN2421400CE.NFO,02/01/2024,09:42:12,73.15,73,320,73.15,2520,12400,4114000
FINNIFTY02JAN2421400CE.NFO,02/01/2024,09:42:14,72.6,73,400,73.15,200,11440,4114000
FINNIFTY02JAN2421400CE.NFO,02/01/2024,09:42:16,72.55,72.7,520,72.9,960,16920,4114000
FINNIFTY02JAN2421400CE.NFO,02/01/2024,09:42:17,73.35,73.35,80,73.5,40,17880,4114000
FINNIFTY02JAN2421400CE.NFO,02/01/2024,09:42:19,74.5,74.5,1120,74.75,1360,20560,4114000
FINNIFTY02JAN2421400CE.NFO,02/01/2024,09:42:21,73.7,73.5,40,73.7,1360,30080,4114000
FINNIFTY02JAN2421400CE.NFO,02/01/2024,09:42:22,73.6,73.35,720,73.6,280,10040,4114000
FINNIFTY02JAN2421400CE.NFO,02/01/2024,09:42:24,73.55,73.35,200,73.55,1160,14240,4114000
FINNIFTY02JAN2421400CE.NFO,02/01/2024,09:42:26,72.95,72.9,120,73.05,80,5480,4114000
FINNIFTY02JAN2421400CE.NFO,02/01/2024,09:42:27,72.95,72.75,720,72.95,280,5520,4114000
FINNIFTY02JAN2421400CE.NFO,02/01/2024,09:42:29,73.3,73.25,200,73.45,2200,15040,4114000
FINNIFTY02JAN2421400CE.NFO,02/01/2024,09:42:31,74.55,74.5,1440,74.75,600,15080,4114000
FINNIFTY02JAN2421400CE.NFO,02/01/2024,09:42:32,74.25,73.95,2000,74.2,760,17080,4114000
FINNIFTY02JAN2421400CE.NFO,02/01/2024,09:42:34,73.65,73.55,1560,73.75,480,7560,4114000
FINNIFTY02JAN2421400CE.NFO,02/01/2024,09:42:36,74.1,73.9,200,74.1,280,7760,4114000
FINNIFTY02JAN2421400CE.NFO,02/01/2024,09:42:37,74,73.75,400,73.95,280,3360,4114000
FINNIFTY02JAN2421400CE.NFO,02/01/2024,09:42:39,75,74.85,360,75.1,840,11880,4114000
FINNIFTY02JAN2421400CE.NFO,02/01/2024,09:42:41,74.55,74.5,120,74.6,40,6840,4114000
FINNIFTY02JAN2421400CE.NFO,02/01/2024,09:42:42,74.95,74.8,1840,75,40,8840,4114000
FINNIFTY02JAN2421400CE.NFO,02/01/2024,09:42:44,75,74.95,680,75.15,1080,6800,4114000
FINNIFTY02JAN2421400CE.NFO,02/01/2024,09:42:46,74.95,74.85,1400,75,280,16840,4114000
FINNIFTY02JAN2421400CE.NFO,02/01/2024,09:42:47,74.7,74.5,2720,74.8,760,16000,4114000
FINNIFTY02JAN2421400CE.NFO,02/01/2024,09:42:49,75.15,74.9,600,75.15,2800,4800,4114000
FINNIFTY02JAN2421400CE.NFO,02/01/2024,09:42:51,75.55,75.55,160,75.8,3280,9000,4114000
FINNIFTY02JAN2421400CE.NFO,02/01/2024,09:42:52,76.4,76.1,1160,76.4,1800,15880,4114000
FINNIFTY02JAN2421400CE.NFO,02/01/2024,09:42:54,76.7,76.3,280,76.6,2120,16920,4114000
FINNIFTY02JAN2421400CE.NFO,02/01/2024,09:42:56,77,77,200,77.05,40,11800,4114000
FINNIFTY02JAN2421400CE.NFO,02/01/2024,09:42:58,77.15,76.95,760,77.15,560,17800,4114000
FINNIFTY02JAN2421400CE.NFO,02/01/2024,09:42:59,77.1,77.1,2320,77.4,1680,16680,4114000
FINNIFTY02JAN2421400CE.NFO,02/01/2024,09:43:01,76.25,76.15,120,76.25,1160,9240,4114000
FINNIFTY02JAN2421400CE.NFO,02/01/2024,09:43:03,76.2,76,1120,76.2,80,14680,4114000
FINNIFTY02JAN2421400CE.NFO,02/01/2024,09:43:04,77.45,77.4,520,77.6,400,7680,4114000
FINNIFTY02JAN2421400CE.NFO,02/01/2024,09:43:06,76.9,76.75,40,76.9,120,15000,4114000
FINNIFTY02JAN2421400CE.NFO,02/01/2024,09:43:08,76.5,76.45,760,76.7,200,15200,4114000
FINNIFTY02JAN2421400CE.NFO,02/01/2024,09:43:09,75.8,75.8,1920,76,240,16200,4114000
FINNIFTY02JAN2421400CE.NFO,02/01/2024,09:43:11,75.6,75.6,80,75.8,240,8520,4114000
FINNIFTY02JAN2421400CE.NFO,02/01/2024,09:43:13,74.25,74.25,160,74.45,440,31040,4114000
FINNIFTY02JAN2421400CE.NFO,02/01/2024,09:43:14,73.95,73.95,80,74.1,440,24480,4114000
FINNIFTY02JAN2421400CE.NFO,02/01/2024,09:43:16,74.45,74.25,880,74.45,320,6360,4114000
FINNIFTY02JAN2421400CE.NFO,02/01/2024,09:43:18,73.95,73.8,320,74,480,16120,4114000
FINNIFTY02JAN2421400CE.NFO,02/01/2024,09:43:19,73.35,73.15,1360,73.35,520,8320,4114000
FINNIFTY02JAN2421400CE.NFO,02/01/2024,09:43:21,73,73.1,320,73.4,1480,19120,4114000
FINNIFTY02JAN2421400CE.NFO,02/01/2024,09:43:23,73.05,73.05,1840,73.3,760,16520,4114000
FINNIFTY02JAN2421400CE.NFO,02/01/2024,09:43:24,72.6,72.6,1440,72.9,1520,41840,4114000
FINNIFTY02JAN2421400CE.NFO,02/01/2024,09:43:26,71.65,71.65,1240,71.9,80,13680,4114000
FINNIFTY02JAN2421400CE.NFO,02/01/2024,09:43:28,72.05,71.85,1040,72.15,2040,25200,4114000
FINNIFTY02JAN2421400CE.NFO,02/01/2024,09:43:29,72.65,72.45,1560,72.65,160,19200,4114000
FINNIFTY02JAN2421400CE.NFO,02/01/2024,09:43:31,72.35,72.1,1440,72.35,400,11480,4114000
FINNIFTY02JAN2421400CE.NFO,02/01/2024,09:43:33,72.4,72.15,80,72.35,200,16320,4114000
FINNIFTY02JAN2421400CE.NFO,02/01/2024,09:43:34,71.3,71.1,1760,71.35,2640,76640,4114000
FINNIFTY02JAN2421400CE.NFO,02/01/2024,09:43:36,71.15,71,160,71.15,80,13560,4114000
FINNIFTY02JAN2421400CE.NFO,02/01/2024,09:43:38,69.75,69.55,1760,69.85,2360,29840,4114000
FINNIFTY02JAN2421400CE.NFO,02/01/2024,09:43:39,69.15,69.2,40,69.35,40,55480,4114000
FINNIFTY02JAN2421400CE.NFO,02/01/2024,09:43:41,70,69.95,280,70.15,1680,40320,4114000
FINNIFTY02JAN2421400CE.NFO,02/01/2024,09:43:43,69.65,69.7,2920,69.95,600,20720,4114000
FINNIFTY02JAN2421400CE.NFO,02/01/2024,09:43:44,69.1,68.8,520,69,1680,15680,4114000
FINNIFTY02JAN2421400CE.NFO,02/01/2024,09:43:46,69.7,69.5,320,69.7,440,14920,4114000
FINNIFTY02JAN2421400CE.NFO,02/01/2024,09:43:48,71.2,71.35,40,71.5,240,9800,4114000
FINNIFTY02JAN2421400CE.NFO,02/01/2024,09:43:49,70.9,70.9,760,71.1,2680,11000,4114000
FINNIFTY02JAN2421400CE.NFO,02/01/2024,09:43:51,70.1,70.25,280,70.4,40,30720,4114000
FINNIFTY02JAN2421400CE.NFO,02/01/2024,09:43:53,69.9,69.9,1520,70.15,1480,17440,4114000
FINNIFTY02JAN2421400CE.NFO,02/01/2024,09:43:54,69.7,69.45,280,69.7,1280,50160,4114000
FINNIFTY02JAN2421400CE.NFO,02/01/2024,09:43:56,69.25,69.15,160,69.3,1400,28640,4114000
FINNIFTY02JAN2421400CE.NFO,02/01/2024,09:43:58,70.05,69.9,120,70.05,840,11680,4114000
FINNIFTY02JAN2421400CE.NFO,02/01/2024,09:43:59,70.8,70.7,120,70.9,400,18600,4114000
FINNIFTY02JAN2421400CE.NFO,02/01/2024,09:44:01,70.15,70,400,70.2,1280,30720,4114000
FINNIFTY02JAN2421400CE.NFO,02/01/2024,09:44:03,68.55,68.45,480,68.7,400,64480,4114000
FINNIFTY02JAN2421400CE.NFO,02/01/2024,09:44:04,67.4,67.15,2880,67.4,2560,84240,4114000
FINNIFTY02JAN2421400CE.NFO,02/01/2024,09:44:06,67.85,67.65,40,67.85,920,25520,4114000
FINNIFTY02JAN2421400CE.NFO,02/01/2024,09:44:08,67.25,67.25,760,67.45,880,28800,4114000
FINNIFTY02JAN2421400CE.NFO,02/01/2024,09:44:09,66.75,66.6,80,66.75,200,31360,4114000
FINNIFTY02JAN2421400CE.NFO,02/01/2024,09:44:11,66.8,66.75,720,67,2280,29440,4114000
FINNIFTY02JAN2421400CE.NFO,02/01/2024,09:44:13,67.85,67.6,880,67.9,1520,27960,4114000
FINNIFTY02JAN2421400CE.NFO,02/01/2024,09:44:14,67.55,67.55,1800,67.85,1080,24880,4114000
FINNIFTY02JAN2421400CE.NFO,02/01/2024,09:44:16,67.55,67.55,1280,67.75,1720,22440,4114000
FINNIFTY02JAN2421400CE.NFO,02/01/2024,09:44:18,66.45,66.35,240,66.55,880,23240,4114000
FINNIFTY02JAN2421400CE.NFO,02/01/2024,09:44:19,65.65,65.75,1800,65.9,400,85080,4114000
FINNIFTY02JAN2421400CE.NFO,02/01/2024,09:44:21,67.15,67.05,1600,67.15,120,26160,4114000
FINNIFTY02JAN2421400CE.NFO,02/01/2024,09:44:23,66.75,67,560,67.2,40,27480,4114000
FINNIFTY02JAN2421400CE.NFO,02/01/2024,09:44:24,67.1,66.95,240,67.05,40,15680,4114000
FINNIFTY02JAN2421400CE.NFO,02/01/2024,09:44:26,66.85,66.8,760,67,800,22280,4035680
FINNIFTY02JAN2421400CE.NFO,02/01/2024,09:44:28,67.75,67.55,2600,67.75,280,10840,4035680
FINNIFTY02JAN2421400CE.NFO,02/01/2024,09:44:29,67.35,67.15,1040,67.35,920,16000,4035680
FINNIFTY02JAN2421400CE.NFO,02/01/2024,09:44:31,67.9,67.45,1640,67.7,680,11120,4035680
FINNIFTY02JAN2421400CE.NFO,02/01/2024,09:44:32,67.5,67.35,360,67.5,640,8280,4035680
FINNIFTY02JAN2421400CE.NFO,02/01/2024,09:44:34,66.8,66.55,2280,66.8,800,16520,4035680
FINNIFTY02JAN2421400CE.NFO,02/01/2024,09:44:36,66.2,66,840,66.25,2600,11400,4035680
FINNIFTY02JAN2421400CE.NFO,02/01/2024,09:44:37,66.55,66.7,200,66.85,40,7600,4035680
FINNIFTY02JAN2421400CE.NFO,02/01/2024,09:44:39,66.9,66.8,2800,67,280,10080,4035680
FINNIFTY02JAN2421400CE.NFO,02/01/2024,09:44:41,67.9,67.7,680,67.9,120,21400,4035680
FINNIFTY02JAN2421400CE.NFO,02/01/2024,09:44:42,67.8,67.65,440,67.85,1480,8640,4035680
FINNIFTY02JAN2421400CE.NFO,02/01/2024,09:44:44,68.25,68.05,1320,68.25,560,18880,4035680
FINNIFTY02JAN2421400CE.NFO,02/01/2024,09:44:46,67.55,67.4,40,67.6,2160,9240,4035680
FINNIFTY02JAN2421400CE.NFO,02/01/2024,09:44:47,67.5,67.3,2240,67.5,240,6520,4035680
FINNIFTY02JAN2421400CE.NFO,02/01/2024,09:44:49,67.3,67.2,240,67.35,360,8720,4035680
FINNIFTY02JAN2421400CE.NFO,02/01/2024,09:44:51,67.15,66.95,520,67.15,480,7400,4035680
FINNIFTY02JAN2421400CE.NFO,02/01/2024,09:44:52,67.4,67.2,960,67.4,1200,9280,4035680
FINNIFTY02JAN2421400CE.NFO,02/01/2024,09:44:54,67.65,67.5,440,67.7,320,5040,4035680
FINNIFTY02JAN2421400CE.NFO,02/01/2024,09:44:56,66.8,66.8,2520,67,1160,12520,4035680
FINNIFTY02JAN2421400CE.NFO,02/01/2024,09:44:57,66.5,66.55,40,66.7,600,10480,4035680
FINNIFTY02JAN2421400CE.NFO,02/01/2024,09:44:59,66.35,66.2,520,66.35,240,18760,4035680
FINNIFTY02JAN2421400CE.NFO,02/01/2024,09:45:01,65.1,65.1,360,65.35,2120,101120,4035680
FINNIFTY02JAN2421400CE.NFO,02/01/2024,09:45:03,65.7,65.45,80,65.6,1600,38560,4035680
FINNIFTY02JAN2421400CE.NFO,02/01/2024,09:45:04,66.55,66.55,2680,66.75,480,52840,4035680
FINNIFTY02JAN2421400CE.NFO,02/01/2024,09:45:06,65.75,65.75,400,65.9,120,45520,4035680
FINNIFTY02JAN2421400CE.NFO,02/01/2024,09:45:08,65.7,65.7,600,65.85,240,23440,4035680
FINNIFTY02JAN2421400CE.NFO,02/01/2024,09:45:09,65.7,65.65,120,65.8,480,22160,4035680
FINNIFTY02JAN2421400CE.NFO,02/01/2024,09:45:11,66.4,66.15,560,66.3,40,27440,4035680
FINNIFTY02JAN2421400CE.NFO,02/01/2024,09:45:13,67,66.9,400,67.15,1320,11520,4035680
FINNIFTY02JAN2421400CE.NFO,02/01/2024,09:45:14,66.15,66.15,240,66.4,1600,16480,4035680
FINNIFTY02JAN2421400CE.NFO,02/01/2024,09:45:16,66.45,66.25,720,66.45,440,11320,4035680
FINNIFTY02JAN2421400CE.NFO,02/01/2024,09:45:18,65.7,65.85,80,66,2520,19520,4035680
FINNIFTY02JAN2421400CE.NFO,02/01/2024,09:45:19,65.3,65.3,280,65.5,2720,14440,4035680
FINNIFTY02JAN2421400CE.NFO,02/01/2024,09:45:21,65.3,65.05,1440,65.3,2000,24520,4035680
FINNIFTY02JAN2421400CE.NFO,02/01/2024,09:45:23,64.8,64.65,2560,64.8,120,26080,4035680
FINNIFTY02JAN2421400CE.NFO,02/01/2024,09:45:24,64.2,64.2,80,64.3,240,25040,4035680
FINNIFTY02JAN2421400CE.NFO,02/01/2024,09:45:26,62.6,62.5,40,62.6,80,69160,4035680
FINNIFTY02JAN2421400CE.NFO,02/01/2024,09:45:28,62.55,62.55,120,62.75,1560,31240,4035680
FINNIFTY02JAN2421400CE.NFO,02/01/2024,09:45:29,63.3,63.15,880,63.3,840,38560,4035680
FINNIFTY02JAN2421400CE.NFO,02/01/2024,09:45:31,63,63.05,1080,63.2,40,30040,4035680
FINNIFTY02JAN2421400CE.NFO,02/01/2024,09:45:33,63.95,63.7,2120,63.95,2840,23360,4035680
FINNIFTY02JAN2421400CE.NFO,02/01/2024,09:45:34,64,63.85,640,64,1840,11840,4035680
FINNIFTY02JAN2421400CE.NFO,02/01/2024,09:45:36,64.1,63.9,1880,64.1,80,17880,4035680
FINNIFTY02JAN2421400CE.NFO,02/01/2024,09:45:38,63.6,63.55,560,63.75,1000,12520,4035680
FINNIFTY02JAN2421400CE.NFO,02/01/2024,09:45:39,64.25,64,1120,64.2,880,12800,4035680
FINNIFTY02JAN2421400CE.NFO,02/01/2024,09:45:41,63.85,63.8,1000,64,8600,12000,4035680
FINNIFTY02JAN2421400CE.NFO,02/01/2024,09:45:43,63.85,63.65,600,63.8,280,8240,4035680
FINNIFTY02JAN2421400CE.NFO,02/01/2024,09:45:44,63.85,63.65,880,63.85,1760,9680,4035680
FINNIFTY02JAN2421400CE.NFO,02/01/2024,09:45:46,63.5,63.3,3200,63.55,2400,23040,4035680
FINNIFTY02JAN2421400CE.NFO,02/01/2024,09:45:48,61.35,61.5,1160,61.7,840,89280,4035680
FINNIFTY02JAN2421400CE.NFO,02/01/2024,09:45:49,61.55,61.3,360,61.4,40,35520,4035680
FINNIFTY02JAN2421400CE.NFO,02/01/2024,09:45:51,61.5,61.5,80,61.6,400,41680,4035680
FINNIFTY02JAN2421400CE.NFO,02/01/2024,09:45:53,60.95,60.9,1600,61.1,800,24240,4035680
FINNIFTY02JAN2421400CE.NFO,02/01/2024,09:45:54,60.9,60.65,880,60.85,360,25000,4035680
FINNIFTY02JAN2421400CE.NFO,02/01/2024,09:45:56,59.55,59.55,800,59.75,720,205480,4035680
FINNIFTY02JAN2421400CE.NFO,02/01/2024,09:45:58,59.9,59.95,120,60,1800,47440,4035680
FINNIFTY02JAN2421400CE.NFO,02/01/2024,09:45:59,58.7,58.7,1320,58.85,920,32040,4035680
FINNIFTY02JAN2421400CE.NFO,02/01/2024,09:46:01,58.45,58.45,200,58.75,1920,84560,4035680
FINNIFTY02JAN2421400CE.NFO,02/01/2024,09:46:03,59.15,59.15,1160,59.35,680,61800,4035680
FINNIFTY02JAN2421400CE.NFO,02/01/2024,09:46:04,58.15,58,160,58.15,80,61880,4035680
FINNIFTY02JAN2421400CE.NFO,02/01/2024,09:46:06,57.2,57.1,200,57.2,40,65440,4035680
FINNIFTY02JAN2421400CE.NFO,02/01/2024,09:46:08,58.75,58.5,200,58.75,1920,51640,4035680
FINNIFTY02JAN2421400CE.NFO,02/01/2024,09:46:09,58.75,58.55,320,58.75,1400,42120,4035680
FINNIFTY02JAN2421400CE.NFO,02/01/2024,09:46:11,57.85,57.7,200,57.85,120,68040,4035680
FINNIFTY02JAN2421400CE.NFO,02/01/2024,09:46:13,57.4,57.45,360,57.65,1080,29440,4035680
FINNIFTY02JAN2421400CE.NFO,02/01/2024,09:46:14,58.1,58.1,1000,58.3,880,28240,4035680
FINNIFTY02JAN2421400CE.NFO,02/01/2024,09:46:16,59.05,58.95,600,59.15,2360,20480,4035680
FINNIFTY02JAN2421400CE.NFO,02/01/2024,09:46:18,59.2,59.05,1880,59.2,640,35240,4035680
FINNIFTY02JAN2421400CE.NFO,02/01/2024,09:46:19,59.1,59,440,59.1,240,22160,4035680
FINNIFTY02JAN2421400CE.NFO,02/01/2024,09:46:21,59.1,58.9,480,59.05,320,21120,4035680
FINNIFTY02JAN2421400CE.NFO,02/01/2024,09:46:23,59.5,59.5,1480,59.7,680,41440,4035680
FINNIFTY02JAN2421400CE.NFO,02/01/2024,09:46:24,59.75,59.55,3680,59.75,360,41000,4035680
FINNIFTY02JAN2421400CE.NFO,02/01/2024,09:46:26,59.4,59.2,1920,59.4,200,42720,4035680
FINNIFTY02JAN2421400CE.NFO,02/01/2024,09:46:28,59.65,59.45,1160,59.65,1400,16760,4035680
FINNIFTY02JAN2421400CE.NFO,02/01/2024,09:46:29,60.75,60.5,1680,60.75,2280,19520,4035680
FINNIFTY02JAN2421400CE.NFO,02/01/2024,09:46:31,60.55,60.5,2840,60.8,2240,46080,4035680
FINNIFTY02JAN2421400CE.NFO,02/01/2024,09:46:33,61.2,61.05,960,61.25,2560,31600,4035680
FINNIFTY02JAN2421400CE.NFO,02/01/2024,09:46:34,61.55,61.45,640,61.65,1560,32800,4035680
FINNIFTY02JAN2421400CE.NFO,02/01/2024,09:46:36,61.4,61.25,280,61.45,1960,29400,4035680
FINNIFTY02JAN2421400CE.NFO,02/01/2024,09:46:38,60.9,60.8,680,61,1920,23080,4035680
FINNIFTY02JAN2421400CE.NFO,02/01/2024,09:46:39,60.6,60.7,200,60.85,2320,19920,4035680
FINNIFTY02JAN2421400CE.NFO,02/01/2024,09:46:41,61.9,61.7,360,61.9,1600,24080,4035680
FINNIFTY02JAN2421400CE.NFO,02/01/2024,09:46:43,61.75,61.75,960,61.9,40,20480,4035680
FINNIFTY02JAN2421400CE.NFO,02/01/2024,09:46:44,62,61.9,880,62,7280,12240,4035680
FINNIFTY02JAN2421400CE.NFO,02/01/2024,09:46:46,61.9,61.9,480,62,40,20280,4035680
FINNIFTY02JAN2421400CE.NFO,02/01/2024,09:46:48,62.4,62.15,360,62.4,3240,20360,4035680
FINNIFTY02JAN2421400CE.NFO,02/01/2024,09:46:49,62.4,62.1,1880,62.4,680,42960,4035680
FINNIFTY02JAN2421400CE.NFO,02/01/2024,09:46:51,63.2,63,1640,63.2,680,43680,4035680
