Ticker,Date,Time,LTP,BuyPrice,BuyQty,SellPrice,SellQty,LTQ,OpenInterest
FINNIFTY02JAN2421950CE.NFO,02/01/2024,09:15:01,0.7,0.65,6480,0.7,5400,26320,830720
FINNIFTY02JAN2421950CE.NFO,02/01/2024,09:15:01,0.7,0.65,6480,0.7,5400,0,830720
FINNIFTY02JAN2421950CE.NFO,02/01/2024,09:15:01,0.8,0.65,6480,0.7,5400,0,830720
FINNIFTY02JAN2421950CE.NFO,02/01/2024,09:15:01,0.55,0.65,6480,0.7,5400,0,830720
FINNIFTY02JAN2421950CE.NFO,02/01/2024,09:15:02,0.65,0.65,11360,0.7,9920,14520,830720
FINNIFTY02JAN2421950CE.NFO,02/01/2024,09:15:04,0.6,0.6,2320,0.65,9440,30880,830720
FINNIFTY02JAN2421950CE.NFO,02/01/2024,09:15:06,0.6,0.6,44040,0.65,45480,15000,830720
FINNIFTY02JAN2421950CE.NFO,02/01/2024,09:15:07,0.65,0.6,47400,0.65,45400,15480,830720
FINNIFTY02JAN2421950CE.NFO,02/01/2024,09:15:09,0.65,0.6,70520,0.65,70320,67440,830720
FINNIFTY02JAN2421950CE.NFO,02/01/2024,09:15:11,0.6,0.6,66880,0.65,81360,57680,830720
FINNIFTY02JAN2421950CE.NFO,02/01/2024,09:15:12,0.6,0.55,60160,0.6,62000,62120,830720
FINNIFTY02JAN2421950CE.NFO,02/01/2024,09:15:14,0.6,0.55,62440,0.6,56120,17280,830720
FINNIFTY02JAN2421950CE.NFO,02/01/2024,09:15:15,0.55,0.55,61080,0.6,55120,3640,830720
FINNIFTY02JAN2421950CE.NFO,02/01/2024,09:15:17,0.6,0.55,62680,0.6,53160,8120,830720
FINNIFTY02JAN2421950CE.NFO,02/01/2024,09:15:19,0.6,0.55,122640,0.6,53080,16200,830720
FINNIFTY02JAN2421950CE.NFO,02/01/2024,09:15:20,0.6,0.55,138120,0.6,56720,20040,830720
FINNIFTY02JAN2421950CE.NFO,02/01/2024,09:15:22,0.55,0.55,206240,0.6,84320,17960,830720
FINNIFTY02JAN2421950CE.NFO,02/01/2024,09:15:24,0.55,0.55,222360,0.6,97080,7920,830720
FINNIFTY02JAN2421950CE.NFO,02/01/2024,09:15:25,0.6,0.55,240880,0.6,95440,2680,830720
FINNIFTY02JAN2421950CE.NFO,02/01/2024,09:15:27,0.6,0.55,264280,0.6,93440,1800,830720
FINNIFTY02JAN2421950CE.NFO,02/01/2024,09:15:28,0.6,0.55,287680,0.6,104600,0,830720
FINNIFTY02JAN2421950CE.NFO,02/01/2024,09:15:30,0.55,0.55,325080,0.6,107000,2280,830720
FINNIFTY02JAN2421950CE.NFO,02/01/2024,09:15:32,0.55,0.55,364680,0.6,105080,0,830720
FINNIFTY02JAN2421950CE.NFO,02/01/2024,09:15:33,0.6,0.55,389760,0.6,69880,12880,830720
FINNIFTY02JAN2421950CE.NFO,02/01/2024,09:15:35,0.6,0.55,389680,0.6,86000,12680,830720
FINNIFTY02JAN2421950CE.NFO,02/01/2024,09:15:36,0.6,0.55,407680,0.6,101600,1800,830720
FINNIFTY02JAN2421950CE.NFO,02/01/2024,09:15:38,0.6,0.55,409920,0.6,140880,7400,830720
FINNIFTY02JAN2421950CE.NFO,02/01/2024,09:15:40,0.55,0.55,419200,0.6,177440,11360,830720
FINNIFTY02JAN2421950CE.NFO,02/01/2024,09:15:41,0.6,0.55,422400,0.6,179400,4320,830720
FINNIFTY02JAN2421950CE.NFO,02/01/2024,09:15:43,0.6,0.55,418520,0.6,176040,2720,830720
FINNIFTY02JAN2421950CE.NFO,02/01/2024,09:15:45,0.55,0.55,436040,0.6,185120,11240,830720
FINNIFTY02JAN2421950CE.NFO,02/01/2024,09:15:46,0.55,0.55,437840,0.6,191640,5080,830720
FINNIFTY02JAN2421950CE.NFO,02/01/2024,09:15:48,0.55,0.55,437920,0.6,202400,1720,830720
FINNIFTY02JAN2421950CE.NFO,02/01/2024,09:15:50,0.55,0.55,442240,0.6,205640,800,830720
FINNIFTY02JAN2421950CE.NFO,02/01/2024,09:15:51,0.6,0.55,442240,0.6,202960,920,830720
FINNIFTY02JAN2421950CE.NFO,02/01/2024,09:15:53,0.6,0.55,442240,0.6,196800,1800,830720
FINNIFTY02JAN2421950CE.NFO,02/01/2024,09:15:54,0.55,0.55,441840,0.6,197000,400,830720
FINNIFTY02JAN2421950CE.NFO,02/01/2024,09:15:56,0.55,0.55,441920,0.6,197080,520,830720
FINNIFTY02JAN2421950CE.NFO,02/01/2024,09:15:58,0.55,0.55,441920,0.6,197080,0,830720
FINNIFTY02JAN2421950CE.NFO,02/01/2024,09:15:59,0.6,0.55,442480,0.6,195280,4360,830720
FINNIFTY02JAN2421950CE.NFO,02/01/2024,09:16:01,0.55,0.55,460160,0.6,205360,14280,830720
FINNIFTY02JAN2421950CE.NFO,02/01/2024,09:16:02,0.6,0.55,471720,0.6,191200,2320,830720
FINNIFTY02JAN2421950CE.NFO,02/01/2024,09:16:04,0.55,0.55,475800,0.6,193000,4280,830720
FINNIFTY02JAN2421950CE.NFO,02/01/2024,09:16:06,0.6,0.55,481320,0.6,193040,4120,830720
FINNIFTY02JAN2421950CE.NFO,02/01/2024,09:16:07,0.6,0.55,486160,0.6,198360,7720,830720
FINNIFTY02JAN2421950CE.NFO,02/01/2024,09:16:09,0.6,0.55,486120,0.6,210720,320,830720
FINNIFTY02JAN2421950CE.NFO,02/01/2024,09:16:11,0.55,0.55,493480,0.6,220800,1880,830720
FINNIFTY02JAN2421950CE.NFO,02/01/2024,09:16:12,0.55,0.55,493280,0.6,221000,200,830720
FINNIFTY02JAN2421950CE.NFO,02/01/2024,09:16:14,0.55,0.55,499280,0.6,222760,3160,830720
FINNIFTY02JAN2421950CE.NFO,02/01/2024,09:16:15,0.55,0.55,453080,0.6,223360,1800,830720
FINNIFTY02JAN2421950CE.NFO,02/01/2024,09:16:17,0.6,0.55,528080,0.6,217880,4400,830720
FINNIFTY02JAN2421950CE.NFO,02/01/2024,09:16:19,0.6,0.55,522520,0.6,241400,13880,830720
FINNIFTY02JAN2421950CE.NFO,02/01/2024,09:16:20,0.55,0.55,517760,0.6,245080,9440,830720
FINNIFTY02JAN2421950CE.NFO,02/01/2024,09:16:22,0.55,0.55,507480,0.6,245720,11400,830720
FINNIFTY02JAN2421950CE.NFO,02/01/2024,09:16:23,0.55,0.55,525960,0.6,249280,2680,830720
FINNIFTY02JAN2421950CE.NFO,02/01/2024,09:16:25,0.55,0.55,530160,0.6,250000,2360,830720
FINNIFTY02JAN2421950CE.NFO,02/01/2024,09:16:27,0.55,0.55,495440,0.6,250840,7240,830720
FINNIFTY02JAN2421950CE.NFO,02/01/2024,09:16:28,0.55,0.55,475040,0.6,286840,5520,830720
FINNIFTY02JAN2421950CE.NFO,02/01/2024,09:16:30,0.55,0.55,498760,0.6,302320,35520,830720
FINNIFTY02JAN2421950CE.NFO,02/01/2024,09:16:32,0.6,0.55,494000,0.6,305840,6000,830720
FINNIFTY02JAN2421950CE.NFO,02/01/2024,09:16:33,0.55,0.55,486800,0.6,310760,5560,830720
FINNIFTY02JAN2421950CE.NFO,02/01/2024,09:16:35,0.55,0.55,486600,0.6,345560,2440,830720
FINNIFTY02JAN2421950CE.NFO,02/01/2024,09:16:36,0.55,0.55,479120,0.6,363960,7800,830720
FINNIFTY02JAN2421950CE.NFO,02/01/2024,09:16:38,0.55,0.55,457800,0.6,363760,2200,830720
FINNIFTY02JAN2421950CE.NFO,02/01/2024,09:16:40,0.6,0.55,478800,0.6,368000,2840,830720
FINNIFTY02JAN2421950CE.NFO,02/01/2024,09:16:41,0.55,0.55,485760,0.6,364520,3800,830720
FINNIFTY02JAN2421950CE.NFO,02/01/2024,09:16:43,0.6,0.55,483760,0.6,370640,2280,830720
FINNIFTY02JAN2421950CE.NFO,02/01/2024,09:16:44,0.6,0.55,484440,0.6,370400,1360,830720
FINNIFTY02JAN2421950CE.NFO,02/01/2024,09:16:46,0.55,0.55,480760,0.6,367480,6880,830720
FINNIFTY02JAN2421950CE.NFO,02/01/2024,09:16:47,0.6,0.55,482560,0.6,364360,3200,830720
FINNIFTY02JAN2421950CE.NFO,02/01/2024,09:16:49,0.6,0.55,482520,0.6,359280,10120,830720
FINNIFTY02JAN2421950CE.NFO,02/01/2024,09:16:51,0.55,0.55,480160,0.6,359840,4640,830720
FINNIFTY02JAN2421950CE.NFO,02/01/2024,09:16:52,0.55,0.55,479360,0.6,359840,800,830720
FINNIFTY02JAN2421950CE.NFO,02/01/2024,09:16:54,0.55,0.55,475760,0.6,360200,1800,830720
FINNIFTY02JAN2421950CE.NFO,02/01/2024,09:16:55,0.6,0.55,475960,0.6,360240,1680,830720
FINNIFTY02JAN2421950CE.NFO,02/01/2024,09:16:57,0.55,0.55,474080,0.6,360240,80,830720
FINNIFTY02JAN2421950CE.NFO,02/01/2024,09:16:59,0.6,0.55,420720,0.6,321920,90000,830720
FINNIFTY02JAN2421950CE.NFO,02/01/2024,09:17:00,0.6,0.55,425920,0.6,319000,5520,830720
FINNIFTY02JAN2421950CE.NFO,02/01/2024,09:17:02,0.55,0.55,426080,0.6,339560,520,830720
FINNIFTY02JAN2421950CE.NFO,02/01/2024,09:17:04,0.6,0.55,425640,0.6,337840,2120,830720
FINNIFTY02JAN2421950CE.NFO,02/01/2024,09:17:05,0.55,0.55,428640,0.6,285520,64400,830720
FINNIFTY02JAN2421950CE.NFO,02/01/2024,09:17:07,0.6,0.55,429640,0.6,294840,45000,830720
FINNIFTY02JAN2421950CE.NFO,02/01/2024,09:17:08,0.55,0.55,429600,0.6,334400,80,830720
FINNIFTY02JAN2421950CE.NFO,02/01/2024,09:17:10,0.6,0.55,409760,0.6,321760,19920,830720
FINNIFTY02JAN2421950CE.NFO,02/01/2024,09:17:12,0.55,0.55,404720,0.6,325840,5040,830720
FINNIFTY02JAN2421950CE.NFO,02/01/2024,09:17:13,0.55,0.55,400640,0.6,334800,4120,830720
FINNIFTY02JAN2421950CE.NFO,02/01/2024,09:17:15,0.55,0.55,395080,0.6,331200,9160,830720
FINNIFTY02JAN2421950CE.NFO,02/01/2024,09:17:16,0.55,0.55,392040,0.6,340440,2760,830720
FINNIFTY02JAN2421950CE.NFO,02/01/2024,09:17:18,0.55,0.55,342280,0.6,350800,4280,830720
FINNIFTY02JAN2421950CE.NFO,02/01/2024,09:17:20,0.55,0.55,387680,0.6,345440,6400,830720
FINNIFTY02JAN2421950CE.NFO,02/01/2024,09:17:21,0.55,0.55,387080,0.6,349960,1440,830720
FINNIFTY02JAN2421950CE.NFO,02/01/2024,09:17:23,0.55,0.55,385080,0.6,340880,14600,1245160
FINNIFTY02JAN2421950CE.NFO,02/01/2024,09:17:24,0.55,0.55,355440,0.6,338480,13400,1245160
FINNIFTY02JAN2421950CE.NFO,02/01/2024,09:17:26,0.55,0.55,368680,0.6,339240,6760,1245160
FINNIFTY02JAN2421950CE.NFO,02/01/2024,09:17:28,0.55,0.55,347960,0.6,339280,3960,1245160
FINNIFTY02JAN2421950CE.NFO,02/01/2024,09:17:29,0.55,0.55,344200,0.6,340920,3760,1245160
FINNIFTY02JAN2421950CE.NFO,02/01/2024,09:17:31,0.55,0.55,400560,0.6,326520,5200,1245160
FINNIFTY02JAN2421950CE.NFO,02/01/2024,09:17:32,0.55,0.55,399240,0.6,283320,6360,1245160
FINNIFTY02JAN2421950CE.NFO,02/01/2024,09:17:34,0.55,0.55,391760,0.6,270520,3360,1245160
FINNIFTY02JAN2421950CE.NFO,02/01/2024,09:17:36,0.55,0.55,387800,0.6,270440,2480,1245160
FINNIFTY02JAN2421950CE.NFO,02/01/2024,09:17:37,0.55,0.55,406560,0.6,270160,2000,1245160
FINNIFTY02JAN2421950CE.NFO,02/01/2024,09:17:39,0.55,0.55,425880,0.6,269800,2480,1245160
FINNIFTY02JAN2421950CE.NFO,02/01/2024,09:17:40,0.55,0.55,442120,0.6,277080,1640,1245160
FINNIFTY02JAN2421950CE.NFO,02/01/2024,09:17:42,0.55,0.55,464880,0.6,277520,2520,1245160
FINNIFTY02JAN2421950CE.NFO,02/01/2024,09:17:44,0.55,0.55,447320,0.6,277440,4800,1245160
FINNIFTY02JAN2421950CE.NFO,02/01/2024,09:17:45,0.55,0.55,439200,0.6,277720,14560,1245160
FINNIFTY02JAN2421950CE.NFO,02/01/2024,09:17:47,0.55,0.55,378280,0.6,288400,36520,1245160
FINNIFTY02JAN2421950CE.NFO,02/01/2024,09:17:48,0.55,0.55,408200,0.6,298280,43040,1245160
FINNIFTY02JAN2421950CE.NFO,02/01/2024,09:17:50,0.55,0.55,374840,0.6,300040,28840,1245160
FINNIFTY02JAN2421950CE.NFO,02/01/2024,09:17:52,0.6,0.55,387200,0.6,296760,5840,1245160
FINNIFTY02JAN2421950CE.NFO,02/01/2024,09:17:53,0.55,0.55,394080,0.6,296760,320,1245160
FINNIFTY02JAN2421950CE.NFO,02/01/2024,09:17:55,0.6,0.55,405000,0.6,288360,6640,1245160
FINNIFTY02JAN2421950CE.NFO,02/01/2024,09:17:56,0.55,0.55,378400,0.6,286280,30400,1245160
FINNIFTY02JAN2421950CE.NFO,02/01/2024,09:17:58,0.6,0.55,377600,0.6,281720,3080,1245160
FINNIFTY02JAN2421950CE.NFO,02/01/2024,09:17:59,0.6,0.55,377560,0.6,236680,45720,1245160
FINNIFTY02JAN2421950CE.NFO,02/01/2024,09:18:01,0.55,0.55,403240,0.6,228360,4160,1245160
FINNIFTY02JAN2421950CE.NFO,02/01/2024,09:18:03,0.6,0.55,442280,0.6,288360,4440,1245160
FINNIFTY02JAN2421950CE.NFO,02/01/2024,09:18:04,0.6,0.55,440840,0.6,318400,7640,1245160
FINNIFTY02JAN2421950CE.NFO,02/01/2024,09:18:06,0.6,0.55,440920,0.6,309200,8400,1245160
FINNIFTY02JAN2421950CE.NFO,02/01/2024,09:18:08,0.6,0.55,439000,0.6,285680,24080,1245160
FINNIFTY02JAN2421950CE.NFO,02/01/2024,09:18:09,0.55,0.55,439440,0.6,292080,1600,1245160
FINNIFTY02JAN2421950CE.NFO,02/01/2024,09:18:11,0.55,0.55,437560,0.6,300280,80,1245160
FINNIFTY02JAN2421950CE.NFO,02/01/2024,09:18:13,0.55,0.55,437880,0.6,298440,2960,1245160
FINNIFTY02JAN2421950CE.NFO,02/01/2024,09:18:14,0.6,0.55,434960,0.6,299760,1640,1245160
FINNIFTY02JAN2421950CE.NFO,02/01/2024,09:18:16,0.6,0.55,438920,0.6,301400,2520,1245160
FINNIFTY02JAN2421950CE.NFO,02/01/2024,09:18:18,0.6,0.55,440360,0.6,301360,40,1245160
FINNIFTY02JAN2421950CE.NFO,02/01/2024,09:18:19,0.55,0.55,440000,0.6,304440,4480,1245160
FINNIFTY02JAN2421950CE.NFO,02/01/2024,09:18:21,0.6,0.55,442520,0.6,304960,1120,1245160
FINNIFTY02JAN2421950CE.NFO,02/01/2024,09:18:22,0.6,0.55,440320,0.6,303480,3080,1245160
FINNIFTY02JAN2421950CE.NFO,02/01/2024,09:18:24,0.55,0.55,441280,0.6,305640,5040,1245160
FINNIFTY02JAN2421950CE.NFO,02/01/2024,09:18:26,0.55,0.55,438480,0.6,303760,5800,1245160
FINNIFTY02JAN2421950CE.NFO,02/01/2024,09:18:27,0.55,0.55,434280,0.6,305560,2400,1245160
FINNIFTY02JAN2421950CE.NFO,02/01/2024,09:18:29,0.55,0.55,418080,0.6,310760,4800,1245160
FINNIFTY02JAN2421950CE.NFO,02/01/2024,09:18:30,0.55,0.55,424640,0.6,299880,25000,1245160
FINNIFTY02JAN2421950CE.NFO,02/01/2024,09:18:32,0.55,0.55,410240,0.6,307800,3800,1245160
FINNIFTY02JAN2421950CE.NFO,02/01/2024,09:18:34,0.55,0.55,419480,0.6,314640,3800,1245160
FINNIFTY02JAN2421950CE.NFO,02/01/2024,09:18:35,0.55,0.55,418400,0.6,314800,3200,1245160
FINNIFTY02JAN2421950CE.NFO,02/01/2024,09:18:37,0.6,0.55,400120,0.6,324600,5400,1245160
FINNIFTY02JAN2421950CE.NFO,02/01/2024,09:18:38,0.55,0.55,406720,0.6,325320,2400,1245160
FINNIFTY02JAN2421950CE.NFO,02/01/2024,09:18:40,0.55,0.55,405920,0.6,326160,3200,1245160
FINNIFTY02JAN2421950CE.NFO,02/01/2024,09:18:42,0.55,0.55,405600,0.6,326840,2440,1245160
FINNIFTY02JAN2421950CE.NFO,02/01/2024,09:18:43,0.55,0.55,416880,0.6,310800,5600,1245160
FINNIFTY02JAN2421950CE.NFO,02/01/2024,09:18:45,0.55,0.55,401280,0.6,316000,11600,1245160
FINNIFTY02JAN2421950CE.NFO,02/01/2024,09:18:46,0.55,0.55,396240,0.6,321760,5160,1245160
FINNIFTY02JAN2421950CE.NFO,02/01/2024,09:18:48,0.55,0.55,402920,0.6,323120,4520,1245160
FINNIFTY02JAN2421950CE.NFO,02/01/2024,09:18:50,0.55,0.55,405520,0.6,339680,8120,1245160
FINNIFTY02JAN2421950CE.NFO,02/01/2024,09:18:51,0.55,0.55,388800,0.6,339680,4000,1245160
FINNIFTY02JAN2421950CE.NFO,02/01/2024,09:18:53,0.55,0.55,387240,0.6,339680,3360,1245160
FINNIFTY02JAN2421950CE.NFO,02/01/2024,09:18:55,0.55,0.55,385480,0.6,337840,3720,1245160
FINNIFTY02JAN2421950CE.NFO,02/01/2024,09:18:56,0.6,0.55,384920,0.6,347000,18920,1245160
FINNIFTY02JAN2421950CE.NFO,02/01/2024,09:18:58,0.6,0.55,384000,0.6,362760,5000,1245160
FINNIFTY02JAN2421950CE.NFO,02/01/2024,09:18:59,0.6,0.55,381000,0.6,361440,5320,1245160
FINNIFTY02JAN2421950CE.NFO,02/01/2024,09:19:01,0.6,0.55,375440,0.6,375080,13360,1245160
FINNIFTY02JAN2421950CE.NFO,02/01/2024,09:19:03,0.55,0.55,370840,0.6,392480,11160,1245160
FINNIFTY02JAN2421950CE.NFO,02/01/2024,09:19:04,0.6,0.55,285560,0.6,407440,8800,1245160
FINNIFTY02JAN2421950CE.NFO,02/01/2024,09:19:06,0.55,0.55,285040,0.6,392200,4760,1245160
FINNIFTY02JAN2421950CE.NFO,02/01/2024,09:19:07,0.55,0.55,263080,0.6,373400,2520,1245160
FINNIFTY02JAN2421950CE.NFO,02/01/2024,09:19:09,0.55,0.55,212480,0.6,377360,9280,1245160
FINNIFTY02JAN2421950CE.NFO,02/01/2024,09:19:11,0.55,0.55,115200,0.6,360760,49280,1245160
FINNIFTY02JAN2421950CE.NFO,02/01/2024,09:19:12,0.5,0.5,959360,0.55,161080,90320,1245160
FINNIFTY02JAN2421950CE.NFO,02/01/2024,09:19:12,0.5,0.5,959360,0.55,161080,0,1245160
FINNIFTY02JAN2421950CE.NFO,02/01/2024,09:19:14,0.55,0.5,955720,0.55,184560,3680,1245160
FINNIFTY02JAN2421950CE.NFO,02/01/2024,09:19:16,0.5,0.5,953280,0.55,210400,3000,1245160
FINNIFTY02JAN2421950CE.NFO,02/01/2024,09:19:17,0.5,0.5,950720,0.55,210440,2400,1245160
FINNIFTY02JAN2421950CE.NFO,02/01/2024,09:19:19,0.55,0.5,946680,0.55,241720,7400,1245160
FINNIFTY02JAN2421950CE.NFO,02/01/2024,09:19:20,0.55,0.5,941000,0.55,249400,8520,1245160
FINNIFTY02JAN2421950CE.NFO,02/01/2024,09:19:22,0.5,0.5,935560,0.55,260840,9160,1245160
FINNIFTY02JAN2421950CE.NFO,02/01/2024,09:19:24,0.5,0.5,957360,0.55,261520,5720,1245160
FINNIFTY02JAN2421950CE.NFO,02/01/2024,09:19:25,0.5,0.5,956760,0.55,261480,2400,1245160
FINNIFTY02JAN2421950CE.NFO,02/01/2024,09:19:27,0.5,0.5,950720,0.55,266880,4240,1245160
FINNIFTY02JAN2421950CE.NFO,02/01/2024,09:19:29,0.5,0.5,947440,0.55,273640,3680,1245160
FINNIFTY02JAN2421950CE.NFO,02/01/2024,09:19:30,0.5,0.5,945960,0.55,275440,3400,1245160
FINNIFTY02JAN2421950CE.NFO,02/01/2024,09:19:31,0.55,0.5,947000,0.55,277240,2480,1245160
FINNIFTY02JAN2421950CE.NFO,02/01/2024,09:19:33,0.5,0.5,946000,0.55,264520,3360,1245160
FINNIFTY02JAN2421950CE.NFO,02/01/2024,09:19:35,0.55,0.5,947040,0.55,260640,5880,1245160
FINNIFTY02JAN2421950CE.NFO,02/01/2024,09:19:36,0.55,0.5,944840,0.55,271920,480,1245160
FINNIFTY02JAN2421950CE.NFO,02/01/2024,09:19:38,0.55,0.5,946640,0.55,269960,200,1245160
FINNIFTY02JAN2421950CE.NFO,02/01/2024,09:19:40,0.55,0.5,946040,0.55,265000,2600,1245160
FINNIFTY02JAN2421950CE.NFO,02/01/2024,09:19:41,0.5,0.5,930240,0.55,270040,16280,1245160
FINNIFTY02JAN2421950CE.NFO,02/01/2024,09:19:43,0.5,0.5,907800,0.55,296160,22400,1245160
FINNIFTY02JAN2421950CE.NFO,02/01/2024,09:19:44,0.5,0.5,897520,0.55,317760,3600,1245160
FINNIFTY02JAN2421950CE.NFO,02/01/2024,09:19:46,0.55,0.5,935400,0.55,323200,1800,1245160
FINNIFTY02JAN2421950CE.NFO,02/01/2024,09:19:48,0.55,0.5,935960,0.55,336640,0,1245160
FINNIFTY02JAN2421950CE.NFO,02/01/2024,09:19:49,0.5,0.5,925000,0.55,345080,2920,1245160
FINNIFTY02JAN2421950CE.NFO,02/01/2024,09:19:51,0.5,0.5,929560,0.55,355280,1160,1245160
FINNIFTY02JAN2421950CE.NFO,02/01/2024,09:19:53,0.55,0.5,931360,0.55,351640,1800,1245160
FINNIFTY02JAN2421950CE.NFO,02/01/2024,09:19:54,0.55,0.5,931360,0.55,353280,160,1245160
FINNIFTY02JAN2421950CE.NFO,02/01/2024,09:19:56,0.5,0.5,925760,0.55,356880,3800,1245160
FINNIFTY02JAN2421950CE.NFO,02/01/2024,09:19:58,0.55,0.5,911560,0.55,356800,80,1245160
FINNIFTY02JAN2421950CE.NFO,02/01/2024,09:19:59,0.55,0.5,896760,0.55,356440,760,1245160
FINNIFTY02JAN2421950CE.NFO,02/01/2024,09:20:01,0.5,0.5,875840,0.55,357440,4480,1245160
FINNIFTY02JAN2421950CE.NFO,02/01/2024,09:20:03,0.55,0.5,882120,0.55,357560,8440,1245160
FINNIFTY02JAN2421950CE.NFO,02/01/2024,09:20:04,0.55,0.5,882560,0.55,346200,7240,1245160
FINNIFTY02JAN2421950CE.NFO,02/01/2024,09:20:06,0.5,0.5,878840,0.55,354080,4040,1245160
FINNIFTY02JAN2421950CE.NFO,02/01/2024,09:20:08,0.5,0.5,878840,0.55,355160,0,1245160
FINNIFTY02JAN2421950CE.NFO,02/01/2024,09:20:11,0.55,0.5,877640,0.55,355520,2640,1245160
FINNIFTY02JAN2421950CE.NFO,02/01/2024,09:20:13,0.55,0.5,876240,0.55,361920,2320,1245160
FINNIFTY02JAN2421950CE.NFO,02/01/2024,09:20:14,0.55,0.5,875640,0.55,361280,640,1245160
FINNIFTY02JAN2421950CE.NFO,02/01/2024,09:20:16,0.55,0.5,875560,0.55,361920,640,1245160
FINNIFTY02JAN2421950CE.NFO,02/01/2024,09:20:18,0.5,0.5,875400,0.55,359960,160,1245160
FINNIFTY02JAN2421950CE.NFO,02/01/2024,09:20:19,0.55,0.5,875480,0.55,359560,480,1245160
FINNIFTY02JAN2421950CE.NFO,02/01/2024,09:20:21,0.5,0.5,875240,0.55,359560,240,1245160
FINNIFTY02JAN2421950CE.NFO,02/01/2024,09:20:23,0.5,0.5,875040,0.55,362360,200,1465560
FINNIFTY02JAN2421950CE.NFO,02/01/2024,09:20:24,0.55,0.5,875040,0.55,362240,120,1465560
FINNIFTY02JAN2421950CE.NFO,02/01/2024,09:20:26,0.5,0.5,874440,0.55,364160,1080,1465560
FINNIFTY02JAN2421950CE.NFO,02/01/2024,09:20:28,0.5,0.5,871960,0.55,367520,0,1465560
FINNIFTY02JAN2421950CE.NFO,02/01/2024,09:20:29,0.5,0.5,870160,0.55,370920,2000,1465560
FINNIFTY02JAN2421950CE.NFO,02/01/2024,09:20:32,0.55,0.5,872800,0.55,370600,1200,1465560
FINNIFTY02JAN2421950CE.NFO,02/01/2024,09:20:33,0.5,0.5,865360,0.55,369280,2840,1465560
FINNIFTY02JAN2421950CE.NFO,02/01/2024,09:20:35,0.55,0.5,867480,0.55,369720,2000,1465560
FINNIFTY02JAN2421950CE.NFO,02/01/2024,09:20:37,0.55,0.5,867480,0.55,368480,1240,1465560
FINNIFTY02JAN2421950CE.NFO,02/01/2024,09:20:38,0.5,0.5,867280,0.55,368480,200,1465560
FINNIFTY02JAN2421950CE.NFO,02/01/2024,09:20:40,0.55,0.5,865480,0.55,367760,800,1465560
FINNIFTY02JAN2421950CE.NFO,02/01/2024,09:20:42,0.55,0.5,866800,0.55,364720,2080,1465560
FINNIFTY02JAN2421950CE.NFO,02/01/2024,09:20:43,0.55,0.5,865960,0.55,367600,2080,1465560
FINNIFTY02JAN2421950CE.NFO,02/01/2024,09:20:45,0.55,0.5,864080,0.55,369320,2000,1465560
FINNIFTY02JAN2421950CE.NFO,02/01/2024,09:20:47,0.5,0.5,858760,0.55,369360,12640,1465560
FINNIFTY02JAN2421950CE.NFO,02/01/2024,09:20:48,0.5,0.5,848240,0.55,367840,10920,1465560
FINNIFTY02JAN2421950CE.NFO,02/01/2024,09:20:50,0.5,0.5,805760,0.55,366120,16960,1465560
FINNIFTY02JAN2421950CE.NFO,02/01/2024,09:20:52,0.5,0.5,742480,0.55,383760,15400,1465560
FINNIFTY02JAN2421950CE.NFO,02/01/2024,09:20:53,0.5,0.5,676800,0.55,387200,11840,1465560
FINNIFTY02JAN2421950CE.NFO,02/01/2024,09:20:55,0.5,0.5,634040,0.55,388000,8600,1465560
FINNIFTY02JAN2421950CE.NFO,02/01/2024,09:20:57,0.5,0.5,552880,0.55,391600,14800,1465560
FINNIFTY02JAN2421950CE.NFO,02/01/2024,09:20:58,0.5,0.5,499680,0.55,393000,8600,1465560
FINNIFTY02JAN2421950CE.NFO,02/01/2024,09:21:00,0.55,0.5,458880,0.55,392400,9160,1465560
FINNIFTY02JAN2421950CE.NFO,02/01/2024,09:21:02,0.5,0.5,369600,0.55,390520,18120,1465560
FINNIFTY02JAN2421950CE.NFO,02/01/2024,09:21:03,0.5,0.5,323720,0.55,390040,20480,1465560
FINNIFTY02JAN2421950CE.NFO,02/01/2024,09:21:05,0.5,0.5,255080,0.55,388880,10200,1465560
FINNIFTY02JAN2421950CE.NFO,02/01/2024,09:21:07,0.5,0.5,204280,0.55,387400,15120,1465560
FINNIFTY02JAN2421950CE.NFO,02/01/2024,09:21:08,0.5,0.5,207080,0.55,386720,10600,1465560
FINNIFTY02JAN2421950CE.NFO,02/01/2024,09:21:10,0.5,0.5,171680,0.55,382640,32360,1465560
FINNIFTY02JAN2421950CE.NFO,02/01/2024,09:21:12,0.5,0.5,160640,0.55,372920,26000,1465560
FINNIFTY02JAN2421950CE.NFO,02/01/2024,09:21:13,0.5,0.5,19160,0.55,403240,81040,1465560
FINNIFTY02JAN2421950CE.NFO,02/01/2024,09:21:15,0.5,0.45,666920,0.5,283440,36520,1465560
FINNIFTY02JAN2421950CE.NFO,02/01/2024,09:21:15,0.45,0.45,666920,0.5,283440,0,1465560
FINNIFTY02JAN2421950CE.NFO,02/01/2024,09:21:17,0.5,0.45,677160,0.5,357680,8600,1465560
FINNIFTY02JAN2421950CE.NFO,02/01/2024,09:21:18,0.5,0.45,723120,0.5,410760,8560,1465560
FINNIFTY02JAN2421950CE.NFO,02/01/2024,09:21:20,0.5,0.45,741760,0.5,451520,8520,1465560
FINNIFTY02JAN2421950CE.NFO,02/01/2024,09:21:22,0.5,0.45,976560,0.5,470240,13120,1465560
FINNIFTY02JAN2421950CE.NFO,02/01/2024,09:21:23,0.5,0.45,1015240,0.5,462200,20840,1465560
FINNIFTY02JAN2421950CE.NFO,02/01/2024,09:21:25,0.5,0.45,1025880,0.5,452160,16400,1465560
FINNIFTY02JAN2421950CE.NFO,02/01/2024,09:21:26,0.5,0.45,1024800,0.5,445000,12600,1465560
FINNIFTY02JAN2421950CE.NFO,02/01/2024,09:21:28,0.5,0.45,1002800,0.5,338160,82680,1465560
FINNIFTY02JAN2421950CE.NFO,02/01/2024,09:21:30,0.5,0.45,875840,0.5,256640,75080,1465560
FINNIFTY02JAN2421950CE.NFO,02/01/2024,09:21:32,0.5,0.45,874760,0.5,168240,20680,1465560
FINNIFTY02JAN2421950CE.NFO,02/01/2024,09:21:34,0.55,0.5,382320,0.55,384880,143120,1465560
FINNIFTY02JAN2421950CE.NFO,02/01/2024,09:21:35,0.5,0.5,438240,0.55,382720,1960,1465560
FINNIFTY02JAN2421950CE.NFO,02/01/2024,09:21:37,0.55,0.5,468000,0.55,390440,2320,1465560
FINNIFTY02JAN2421950CE.NFO,02/01/2024,09:21:39,0.5,0.5,463920,0.55,439240,1200,1465560
FINNIFTY02JAN2421950CE.NFO,02/01/2024,09:21:40,0.5,0.5,437880,0.55,465000,136120,1465560
FINNIFTY02JAN2421950CE.NFO,02/01/2024,09:21:42,0.55,0.5,437160,0.55,459400,6600,1465560
FINNIFTY02JAN2421950CE.NFO,02/01/2024,09:21:44,0.55,0.5,437160,0.55,456200,3600,1465560
FINNIFTY02JAN2421950CE.NFO,02/01/2024,09:21:45,0.55,0.5,437160,0.55,455880,320,1465560
FINNIFTY02JAN2421950CE.NFO,02/01/2024,09:21:47,0.55,0.5,437160,0.55,454720,1160,1465560
FINNIFTY02JAN2421950CE.NFO,02/01/2024,09:21:49,0.5,0.5,436520,0.55,455680,640,1465560
FINNIFTY02JAN2421950CE.NFO,02/01/2024,09:21:50,0.5,0.5,434240,0.55,453560,4080,1465560
FINNIFTY02JAN2421950CE.NFO,02/01/2024,09:21:52,0.5,0.5,434240,0.55,452680,0,1465560
FINNIFTY02JAN2421950CE.NFO,02/01/2024,09:21:54,0.5,0.5,466640,0.55,452680,0,1465560
FINNIFTY02JAN2421950CE.NFO,02/01/2024,09:21:55,0.5,0.5,470000,0.55,458120,240,1465560
FINNIFTY02JAN2421950CE.NFO,02/01/2024,09:21:57,0.5,0.5,507160,0.55,456320,1840,1465560
FINNIFTY02JAN2421950CE.NFO,02/01/2024,09:21:59,0.55,0.5,528640,0.55,456280,40,1465560
FINNIFTY02JAN2421950CE.NFO,02/01/2024,09:22:00,0.5,0.5,588520,0.55,457680,400,1465560
FINNIFTY02JAN2421950CE.NFO,02/01/2024,09:22:02,0.55,0.5,588520,0.55,459440,40,1465560
FINNIFTY02JAN2421950CE.NFO,02/01/2024,09:22:04,0.55,0.5,587640,0.55,458640,800,1465560
FINNIFTY02JAN2421950CE.NFO,02/01/2024,09:22:05,0.5,0.5,589320,0.55,458600,40,1465560
FINNIFTY02JAN2421950CE.NFO,02/01/2024,09:22:07,0.55,0.5,587160,0.55,456760,4040,1465560
FINNIFTY02JAN2421950CE.NFO,02/01/2024,09:22:09,0.55,0.5,587160,0.55,455760,1000,1465560
FINNIFTY02JAN2421950CE.NFO,02/01/2024,09:22:10,0.55,0.5,587160,0.55,455760,0,1465560
FINNIFTY02JAN2421950CE.NFO,02/01/2024,09:22:12,0.55,0.5,586360,0.55,455760,0,1465560
FINNIFTY02JAN2421950CE.NFO,02/01/2024,09:22:14,0.5,0.5,584560,0.55,457000,1960,1465560
FINNIFTY02JAN2421950CE.NFO,02/01/2024,09:22:15,0.5,0.5,584560,0.55,457000,0,1465560
FINNIFTY02JAN2421950CE.NFO,02/01/2024,09:22:19,0.5,0.5,575800,0.55,456960,10160,1465560
FINNIFTY02JAN2421950CE.NFO,02/01/2024,09:22:20,0.55,0.5,575800,0.55,458680,80,1465560
FINNIFTY02JAN2421950CE.NFO,02/01/2024,09:22:22,0.5,0.5,575520,0.55,460480,1880,1465560
FINNIFTY02JAN2421950CE.NFO,02/01/2024,09:22:24,0.5,0.5,571160,0.55,462560,1960,1465560
FINNIFTY02JAN2421950CE.NFO,02/01/2024,09:22:25,0.5,0.5,551160,0.55,465760,0,1465560
FINNIFTY02JAN2421950CE.NFO,02/01/2024,09:22:27,0.55,0.5,552960,0.55,467520,40,1465560
FINNIFTY02JAN2421950CE.NFO,02/01/2024,09:22:29,0.5,0.5,568680,0.55,469520,2680,1465560
FINNIFTY02JAN2421950CE.NFO,02/01/2024,09:22:32,0.5,0.5,571360,0.55,471320,0,1465560
FINNIFTY02JAN2421950CE.NFO,02/01/2024,09:22:34,0.5,0.5,568760,0.55,474920,800,1465560
FINNIFTY02JAN2421950CE.NFO,02/01/2024,09:22:36,0.5,0.5,568560,0.55,474920,200,1465560
FINNIFTY02JAN2421950CE.NFO,02/01/2024,09:22:37,0.5,0.5,568560,0.55,476800,0,1465560
FINNIFTY02JAN2421950CE.NFO,02/01/2024,09:22:39,0.55,0.5,570040,0.55,449280,6400,1465560
FINNIFTY02JAN2421950CE.NFO,02/01/2024,09:22:40,0.55,0.5,570040,0.55,447080,6920,1465560
FINNIFTY02JAN2421950CE.NFO,02/01/2024,09:22:42,0.55,0.5,571760,0.55,433080,7120,1465560
FINNIFTY02JAN2421950CE.NFO,02/01/2024,09:22:44,0.5,0.5,571240,0.55,439000,520,1465560
FINNIFTY02JAN2421950CE.NFO,02/01/2024,09:22:45,0.5,0.5,569440,0.55,439000,0,1465560
FINNIFTY02JAN2421950CE.NFO,02/01/2024,09:22:47,0.5,0.5,569800,0.55,443200,2040,1465560
FINNIFTY02JAN2421950CE.NFO,02/01/2024,09:22:49,0.5,0.5,564800,0.55,443200,5000,1465560
FINNIFTY02JAN2421950CE.NFO,02/01/2024,09:22:50,0.5,0.5,531720,0.55,445000,12000,1465560
FINNIFTY02JAN2421950CE.NFO,02/01/2024,09:22:52,0.55,0.5,556680,0.55,442800,400,1465560
FINNIFTY02JAN2421950CE.NFO,02/01/2024,09:22:53,0.55,0.5,556680,0.55,607120,80,1465560
FINNIFTY02JAN2421950CE.NFO,02/01/2024,09:22:55,0.55,0.5,555800,0.55,608920,0,1465560
FINNIFTY02JAN2421950CE.NFO,02/01/2024,09:22:57,0.55,0.5,565520,0.55,605320,2240,1465560
FINNIFTY02JAN2421950CE.NFO,02/01/2024,09:22:58,0.5,0.5,565440,0.55,605320,80,1465560
FINNIFTY02JAN2421950CE.NFO,02/01/2024,09:23:00,0.5,0.5,554560,0.55,605080,360,1465560
FINNIFTY02JAN2421950CE.NFO,02/01/2024,09:23:02,0.55,0.5,547000,0.55,604400,1040,1465560
FINNIFTY02JAN2421950CE.NFO,02/01/2024,09:23:03,0.55,0.5,540080,0.55,601560,10560,1465560
FINNIFTY02JAN2421950CE.NFO,02/01/2024,09:23:05,0.55,0.5,536760,0.55,598240,5840,1465560
FINNIFTY02JAN2421950CE.NFO,02/01/2024,09:23:06,0.55,0.5,538560,0.55,595800,80,1465560
FINNIFTY02JAN2421950CE.NFO,02/01/2024,09:23:08,0.5,0.5,536760,0.55,595800,1800,1465560
FINNIFTY02JAN2421950CE.NFO,02/01/2024,09:23:10,0.5,0.5,502520,0.55,594160,42760,1465560
FINNIFTY02JAN2421950CE.NFO,02/01/2024,09:23:11,0.55,0.5,503640,0.55,599680,840,1465560
FINNIFTY02JAN2421950CE.NFO,02/01/2024,09:23:13,0.5,0.5,490280,0.55,599680,12000,1465560
FINNIFTY02JAN2421950CE.NFO,02/01/2024,09:23:14,0.5,0.5,491640,0.55,591840,5440,1465560
FINNIFTY02JAN2421950CE.NFO,02/01/2024,09:23:16,0.55,0.5,489840,0.55,592400,1200,1465560
FINNIFTY02JAN2421950CE.NFO,02/01/2024,09:23:18,0.55,0.5,491320,0.55,589000,1920,1465560
FINNIFTY02JAN2421950CE.NFO,02/01/2024,09:23:19,0.55,0.5,491320,0.55,588920,40,1465560
FINNIFTY02JAN2421950CE.NFO,02/01/2024,09:23:21,0.5,0.5,489880,0.55,590760,440,1465560
FINNIFTY02JAN2421950CE.NFO,02/01/2024,09:23:22,0.5,0.5,431280,0.55,598960,0,1465560
FINNIFTY02JAN2421950CE.NFO,02/01/2024,09:23:24,0.55,0.5,433480,0.55,598960,1800,1619280
FINNIFTY02JAN2421950CE.NFO,02/01/2024,09:23:26,0.55,0.5,433480,0.55,599840,0,1619280
FINNIFTY02JAN2421950CE.NFO,02/01/2024,09:23:27,0.5,0.5,412040,0.55,598040,3240,1619280
FINNIFTY02JAN2421950CE.NFO,02/01/2024,09:23:29,0.55,0.5,411840,0.55,605600,1240,1619280
FINNIFTY02JAN2421950CE.NFO,02/01/2024,09:23:31,0.55,0.5,410040,0.55,605600,0,1619280
FINNIFTY02JAN2421950CE.NFO,02/01/2024,09:23:33,0.55,0.5,411680,0.55,603800,1920,1619280
FINNIFTY02JAN2421950CE.NFO,02/01/2024,09:23:34,0.55,0.5,413120,0.55,600480,1520,1619280
FINNIFTY02JAN2421950CE.NFO,02/01/2024,09:23:36,0.55,0.5,413120,0.55,596480,4000,1619280
FINNIFTY02JAN2421950CE.NFO,02/01/2024,09:23:38,0.5,0.5,412320,0.55,595680,1600,1619280
FINNIFTY02JAN2421950CE.NFO,02/01/2024,09:23:39,0.5,0.5,412480,0.55,596680,80,1619280
FINNIFTY02JAN2421950CE.NFO,02/01/2024,09:23:41,0.5,0.5,412480,0.55,597480,0,1619280
FINNIFTY02JAN2421950CE.NFO,02/01/2024,09:23:43,0.55,0.5,410680,0.55,597240,240,1619280
FINNIFTY02JAN2421950CE.NFO,02/01/2024,09:23:44,0.55,0.5,410680,0.55,597240,0,1619280
FINNIFTY02JAN2421950CE.NFO,02/01/2024,09:23:48,0.5,0.5,408800,0.55,597400,560,1619280
FINNIFTY02JAN2421950CE.NFO,02/01/2024,09:23:51,0.5,0.5,407200,0.55,595600,3400,1619280
FINNIFTY02JAN2421950CE.NFO,02/01/2024,09:23:53,0.5,0.5,407160,0.55,595600,40,1619280
FINNIFTY02JAN2421950CE.NFO,02/01/2024,09:23:56,0.5,0.5,403880,0.55,595560,3280,1619280
FINNIFTY02JAN2421950CE.NFO,02/01/2024,09:23:58,0.5,0.5,405600,0.55,444920,0,1619280
FINNIFTY02JAN2421950CE.NFO,02/01/2024,09:24:01,0.55,0.5,405360,0.55,441440,1080,1619280
FINNIFTY02JAN2421950CE.NFO,02/01/2024,09:24:03,0.55,0.5,403680,0.55,431560,8920,1619280
FINNIFTY02JAN2421950CE.NFO,02/01/2024,09:24:04,0.55,0.5,403680,0.55,424920,240,1619280
FINNIFTY02JAN2421950CE.NFO,02/01/2024,09:24:06,0.5,0.5,425240,0.55,425600,240,1619280
FINNIFTY02JAN2421950CE.NFO,02/01/2024,09:24:08,0.55,0.5,446040,0.55,426600,880,1619280
FINNIFTY02JAN2421950CE.NFO,02/01/2024,09:24:09,0.5,0.5,456000,0.55,426960,640,1619280
FINNIFTY02JAN2421950CE.NFO,02/01/2024,09:24:11,0.5,0.5,476000,0.55,433360,0,1619280
FINNIFTY02JAN2421950CE.NFO,02/01/2024,09:24:12,0.5,0.5,475920,0.55,436160,80,1619280
FINNIFTY02JAN2421950CE.NFO,02/01/2024,09:24:14,0.5,0.5,475760,0.55,436120,200,1619280
FINNIFTY02JAN2421950CE.NFO,02/01/2024,09:24:16,0.5,0.5,474320,0.55,438120,1440,1619280
FINNIFTY02JAN2421950CE.NFO,02/01/2024,09:24:21,0.5,0.5,474320,0.55,438120,0,1619280
FINNIFTY02JAN2421950CE.NFO,02/01/2024,09:24:22,0.5,0.5,472520,0.55,438120,0,1619280
FINNIFTY02JAN2421950CE.NFO,02/01/2024,09:24:25,0.5,0.5,471920,0.55,436920,1840,1619280
FINNIFTY02JAN2421950CE.NFO,02/01/2024,09:24:27,0.5,0.5,472840,0.55,435040,800,1619280
FINNIFTY02JAN2421950CE.NFO,02/01/2024,09:24:29,0.5,0.5,471040,0.55,436840,0,1619280
FINNIFTY02JAN2421950CE.NFO,02/01/2024,09:24:31,0.5,0.5,471040,0.55,437840,0,1619280
FINNIFTY02JAN2421950CE.NFO,02/01/2024,09:24:42,0.5,0.5,359280,0.55,437000,4840,1619280
FINNIFTY02JAN2421950CE.NFO,02/01/2024,09:24:53,0.55,0.5,333200,0.55,432320,5600,1619280
FINNIFTY02JAN2421950CE.NFO,02/01/2024,09:25:04,0.5,0.45,1021680,0.5,232360,435320,1619280
FINNIFTY02JAN2421950CE.NFO,02/01/2024,09:25:15,0.45,0.45,1024240,0.5,357440,41040,1619280
FINNIFTY02JAN2421950CE.NFO,02/01/2024,09:25:26,0.45,0.45,1013800,0.5,379960,5320,1619280
FINNIFTY02JAN2421950CE.NFO,02/01/2024,09:25:31,0.45,0.45,1009040,0.5,379640,6960,1619280
FINNIFTY02JAN2421950CE.NFO,02/01/2024,09:25:33,0.45,0.45,1007600,0.5,377840,1440,1619280
FINNIFTY02JAN2421950CE.NFO,02/01/2024,09:25:34,0.45,0.45,1005520,0.5,377320,2560,1619280
FINNIFTY02JAN2421950CE.NFO,02/01/2024,09:25:36,0.45,0.45,1001840,0.5,389960,3680,1619280
FINNIFTY02JAN2421950CE.NFO,02/01/2024,09:25:38,0.45,0.45,1007240,0.5,390720,2120,1619280
FINNIFTY02JAN2421950CE.NFO,02/01/2024,09:25:39,0.45,0.45,1003400,0.5,422960,3840,1619280
FINNIFTY02JAN2421950CE.NFO,02/01/2024,09:25:41,0.45,0.45,1002520,0.5,424760,1280,1619280
FINNIFTY02JAN2421950CE.NFO,02/01/2024,09:25:43,0.45,0.45,1002360,0.5,426560,160,1619280
FINNIFTY02JAN2421950CE.NFO,02/01/2024,09:25:44,0.45,0.45,1001240,0.5,428400,1120,1619280
FINNIFTY02JAN2421950CE.NFO,02/01/2024,09:25:46,0.45,0.45,1000920,0.5,428400,320,1619280
FINNIFTY02JAN2421950CE.NFO,02/01/2024,09:25:48,0.45,0.45,987640,0.5,433760,3360,1619280
FINNIFTY02JAN2421950CE.NFO,02/01/2024,09:25:49,0.45,0.45,996000,0.5,432240,3920,1619280
FINNIFTY02JAN2421950CE.NFO,02/01/2024,09:25:51,0.45,0.45,991800,0.5,431200,10040,1619280
FINNIFTY02JAN2421950CE.NFO,02/01/2024,09:25:53,0.45,0.45,977760,0.5,431640,20120,1619280
FINNIFTY02JAN2421950CE.NFO,02/01/2024,09:25:54,0.45,0.45,967320,0.5,431160,15840,1619280
FINNIFTY02JAN2421950CE.NFO,02/01/2024,09:25:56,0.45,0.45,909040,0.5,406400,73800,1619280
FINNIFTY02JAN2421950CE.NFO,02/01/2024,09:25:57,0.45,0.45,867480,0.5,422720,22000,1619280
FINNIFTY02JAN2421950CE.NFO,02/01/2024,09:25:59,0.45,0.45,885640,0.5,451560,10400,1619280
FINNIFTY02JAN2421950CE.NFO,02/01/2024,09:26:01,0.45,0.45,883840,0.5,460560,0,1619280
FINNIFTY02JAN2421950CE.NFO,02/01/2024,09:26:02,0.45,0.45,883840,0.5,474960,0,1619280
FINNIFTY02JAN2421950CE.NFO,02/01/2024,09:26:04,0.5,0.45,883840,0.5,475440,120,1619280
FINNIFTY02JAN2421950CE.NFO,02/01/2024,09:26:06,0.5,0.45,878720,0.5,468920,1080,1619280
FINNIFTY02JAN2421950CE.NFO,02/01/2024,09:26:07,0.5,0.45,876880,0.5,467440,1520,1619280
FINNIFTY02JAN2421950CE.NFO,02/01/2024,09:26:09,0.5,0.45,876880,0.5,467440,0,1619280
FINNIFTY02JAN2421950CE.NFO,02/01/2024,09:26:11,0.45,0.45,871280,0.5,467440,7200,1619280
FINNIFTY02JAN2421950CE.NFO,02/01/2024,09:26:12,0.45,0.45,871280,0.5,465640,0,1619280
FINNIFTY02JAN2421950CE.NFO,02/01/2024,09:26:14,0.45,0.45,871680,0.5,465640,0,1619280
FINNIFTY02JAN2421950CE.NFO,02/01/2024,09:26:16,0.45,0.45,869800,0.5,468640,1880,1619280
FINNIFTY02JAN2421950CE.NFO,02/01/2024,09:26:17,0.5,0.45,869760,0.5,448040,11680,1619280
FINNIFTY02JAN2421950CE.NFO,02/01/2024,09:26:19,0.5,0.45,871600,0.5,529560,1080,1619280
FINNIFTY02JAN2421950CE.NFO,02/01/2024,09:26:21,0.5,0.45,872000,0.5,528960,1160,1619280
FINNIFTY02JAN2421950CE.NFO,02/01/2024,09:26:22,0.5,0.45,871560,0.5,528720,520,1619280
FINNIFTY02JAN2421950CE.NFO,02/01/2024,09:26:24,0.5,0.45,871560,0.5,513960,360,1760360
FINNIFTY02JAN2421950CE.NFO,02/01/2024,09:26:26,0.5,0.45,870680,0.5,513640,360,1760360
FINNIFTY02JAN2421950CE.NFO,02/01/2024,09:26:27,0.5,0.45,869880,0.5,512440,1200,1760360
FINNIFTY02JAN2421950CE.NFO,02/01/2024,09:26:29,0.45,0.45,868080,0.5,512280,1960,1760360
FINNIFTY02JAN2421950CE.NFO,02/01/2024,09:26:31,0.45,0.45,866680,0.5,512080,1560,1760360
FINNIFTY02JAN2421950CE.NFO,02/01/2024,09:26:33,0.5,0.45,865760,0.5,511400,1080,1760360
FINNIFTY02JAN2421950CE.NFO,02/01/2024,09:26:35,0.5,0.45,865760,0.5,511320,0,1760360
FINNIFTY02JAN2421950CE.NFO,02/01/2024,09:26:38,0.5,0.45,865760,0.5,510920,400,1760360
FINNIFTY02JAN2421950CE.NFO,02/01/2024,09:26:39,0.45,0.45,865240,0.5,510920,520,1760360
FINNIFTY02JAN2421950CE.NFO,02/01/2024,09:26:41,0.45,0.45,865240,0.5,510960,0,1760360
FINNIFTY02JAN2421950CE.NFO,02/01/2024,09:26:43,0.45,0.45,865240,0.5,511040,0,1760360
FINNIFTY02JAN2421950CE.NFO,02/01/2024,09:26:44,0.45,0.45,865600,0.5,511000,1320,1760360
FINNIFTY02JAN2421950CE.NFO,02/01/2024,09:26:46,0.45,0.45,857480,0.5,511040,8480,1760360
FINNIFTY02JAN2421950CE.NFO,02/01/2024,09:26:48,0.45,0.45,831720,0.5,509280,13280,1760360
FINNIFTY02JAN2421950CE.NFO,02/01/2024,09:26:49,0.5,0.45,845240,0.5,529000,4360,1760360
FINNIFTY02JAN2421950CE.NFO,02/01/2024,09:26:51,0.45,0.45,844840,0.5,532560,400,1760360
FINNIFTY02JAN2421950CE.NFO,02/01/2024,09:26:53,0.45,0.45,838640,0.5,544000,6360,1760360
FINNIFTY02JAN2421950CE.NFO,02/01/2024,09:26:54,0.45,0.45,837640,0.5,537760,960,1760360
FINNIFTY02JAN2421950CE.NFO,02/01/2024,09:26:56,0.45,0.45,838040,0.5,538000,200,1760360
FINNIFTY02JAN2421950CE.NFO,02/01/2024,09:26:58,0.45,0.45,840400,0.5,537960,1560,1760360
FINNIFTY02JAN2421950CE.NFO,02/01/2024,09:26:59,0.5,0.45,840840,0.5,544680,640,1760360
FINNIFTY02JAN2421950CE.NFO,02/01/2024,09:27:01,0.5,0.45,841360,0.5,536840,7640,1760360
FINNIFTY02JAN2421950CE.NFO,02/01/2024,09:27:03,0.5,0.45,841960,0.5,536600,240,1760360
FINNIFTY02JAN2421950CE.NFO,02/01/2024,09:27:04,0.45,0.45,840160,0.5,536480,1960,1760360
FINNIFTY02JAN2421950CE.NFO,02/01/2024,09:27:06,0.45,0.45,838360,0.5,540080,1800,1760360
FINNIFTY02JAN2421950CE.NFO,02/01/2024,09:27:08,0.45,0.45,838360,0.5,540000,0,1760360
FINNIFTY02JAN2421950CE.NFO,02/01/2024,09:27:09,0.45,0.45,838000,0.5,539960,440,1760360
FINNIFTY02JAN2421950CE.NFO,02/01/2024,09:27:11,0.45,0.45,835920,0.5,543000,2080,1760360
FINNIFTY02JAN2421950CE.NFO,02/01/2024,09:27:13,0.45,0.45,835920,0.5,542760,0,1760360
FINNIFTY02JAN2421950CE.NFO,02/01/2024,09:27:14,0.5,0.45,835880,0.5,542400,400,1760360
FINNIFTY02JAN2421950CE.NFO,02/01/2024,09:27:16,0.5,0.45,835640,0.5,542240,400,1760360
FINNIFTY02JAN2421950CE.NFO,02/01/2024,09:27:18,0.5,0.45,835640,0.5,542120,120,1760360
FINNIFTY02JAN2421950CE.NFO,02/01/2024,09:27:21,0.5,0.45,800240,0.5,542520,3400,1760360
FINNIFTY02JAN2421950CE.NFO,02/01/2024,09:27:23,0.5,0.45,800240,0.5,542520,0,1760360
FINNIFTY02JAN2421950CE.NFO,02/01/2024,09:27:24,0.5,0.45,800240,0.5,540200,2320,1760360
FINNIFTY02JAN2421950CE.NFO,02/01/2024,09:27:26,0.5,0.45,800200,0.5,538600,1640,1760360
FINNIFTY02JAN2421950CE.NFO,02/01/2024,09:27:28,0.5,0.45,800200,0.5,536200,2400,1760360
FINNIFTY02JAN2421950CE.NFO,02/01/2024,09:27:29,0.45,0.45,800160,0.5,533800,2440,1760360
FINNIFTY02JAN2421950CE.NFO,02/01/2024,09:27:33,0.5,0.45,800160,0.5,532600,1200,1760360
FINNIFTY02JAN2421950CE.NFO,02/01/2024,09:27:44,0.45,0.45,805880,0.5,533120,1880,1760360
FINNIFTY02JAN2421950CE.NFO,02/01/2024,09:27:55,0.45,0.45,796680,0.5,540560,6320,1760360
FINNIFTY02JAN2421950CE.NFO,02/01/2024,09:28:08,0.5,0.45,795320,0.5,534320,19120,1760360
FINNIFTY02JAN2421950CE.NFO,02/01/2024,09:28:19,0.45,0.45,801120,0.5,528720,12000,1760360
FINNIFTY02JAN2421950CE.NFO,02/01/2024,09:28:31,0.5,0.45,807760,0.5,517600,13920,1760360
FINNIFTY02JAN2421950CE.NFO,02/01/2024,09:28:43,0.5,0.45,805560,0.5,513720,4920,1760360
FINNIFTY02JAN2421950CE.NFO,02/01/2024,09:28:55,0.5,0.45,816880,0.5,510120,3640,1760360
FINNIFTY02JAN2421950CE.NFO,02/01/2024,09:29:06,0.5,0.45,808600,0.5,468120,50680,1760360
FINNIFTY02JAN2421950CE.NFO,02/01/2024,09:29:18,0.5,0.45,802160,0.5,460960,17760,1760360
FINNIFTY02JAN2421950CE.NFO,02/01/2024,09:29:29,0.5,0.45,802960,0.5,441280,16720,1792440
FINNIFTY02JAN2421950CE.NFO,02/01/2024,09:29:41,0.5,0.45,798840,0.5,442480,10400,1792440
FINNIFTY02JAN2421950CE.NFO,02/01/2024,09:29:53,0.5,0.45,795880,0.5,438440,10280,1792440
FINNIFTY02JAN2421950CE.NFO,02/01/2024,09:30:04,0.5,0.45,832280,0.5,415680,18360,1792440
FINNIFTY02JAN2421950CE.NFO,02/01/2024,09:30:16,0.5,0.45,831520,0.5,412240,11240,1792440
FINNIFTY02JAN2421950CE.NFO,02/01/2024,09:30:28,0.45,0.45,830720,0.5,413160,2400,1792440
FINNIFTY02JAN2421950CE.NFO,02/01/2024,09:30:40,0.5,0.45,829880,0.5,412880,3080,1792440
FINNIFTY02JAN2421950CE.NFO,02/01/2024,09:30:50,0.5,0.45,827840,0.5,406400,7600,1792440
FINNIFTY02JAN2421950CE.NFO,02/01/2024,09:31:01,0.5,0.45,827640,0.5,391880,10560,1792440
FINNIFTY02JAN2421950CE.NFO,02/01/2024,09:31:13,0.5,0.45,828200,0.5,387880,6000,1792440
FINNIFTY02JAN2421950CE.NFO,02/01/2024,09:31:25,0.5,0.45,823080,0.5,398160,9120,1792440
FINNIFTY02JAN2421950CE.NFO,02/01/2024,09:31:35,0.5,0.45,822320,0.5,397760,1160,1792440
FINNIFTY02JAN2421950CE.NFO,02/01/2024,09:31:46,0.5,0.45,821880,0.5,397320,2040,1792440
FINNIFTY02JAN2421950CE.NFO,02/01/2024,09:31:57,0.5,0.45,819920,0.5,400720,2840,1792440
FINNIFTY02JAN2421950CE.NFO,02/01/2024,09:32:08,0.5,0.45,819760,0.5,391960,8000,1792440
FINNIFTY02JAN2421950CE.NFO,02/01/2024,09:32:19,0.5,0.45,816880,0.5,384120,7160,1792440
FINNIFTY02JAN2421950CE.NFO,02/01/2024,09:32:31,0.45,0.45,817680,0.5,381440,4320,1815280
FINNIFTY02JAN2421950CE.NFO,02/01/2024,09:32:43,0.5,0.45,817440,0.5,379240,2520,1815280
FINNIFTY02JAN2421950CE.NFO,02/01/2024,09:32:54,0.5,0.45,755080,0.5,518720,91960,1815280
FINNIFTY02JAN2421950CE.NFO,02/01/2024,09:33:05,0.45,0.45,752080,0.5,497040,21680,1815280
FINNIFTY02JAN2421950CE.NFO,02/01/2024,09:33:16,0.45,0.45,750440,0.5,502000,6640,1815280
FINNIFTY02JAN2421950CE.NFO,02/01/2024,09:33:27,0.45,0.45,749240,0.5,503160,1840,1815280
FINNIFTY02JAN2421950CE.NFO,02/01/2024,09:33:38,0.45,0.45,749560,0.5,497360,5880,1815280
FINNIFTY02JAN2421950CE.NFO,02/01/2024,09:33:49,0.5,0.45,748240,0.5,500000,1880,1815280
FINNIFTY02JAN2421950CE.NFO,02/01/2024,09:34:00,0.5,0.45,735840,0.5,495000,3000,1815280
FINNIFTY02JAN2421950CE.NFO,02/01/2024,09:34:11,0.5,0.45,737640,0.5,469880,27480,1815280
FINNIFTY02JAN2421950CE.NFO,02/01/2024,09:34:21,0.5,0.45,738520,0.5,460080,9080,1815280
FINNIFTY02JAN2421950CE.NFO,02/01/2024,09:34:32,0.45,0.45,736320,0.5,461080,4800,1815280
FINNIFTY02JAN2421950CE.NFO,02/01/2024,09:34:42,0.45,0.45,736720,0.5,462160,0,1815280
FINNIFTY02JAN2421950CE.NFO,02/01/2024,09:34:53,0.45,0.45,736200,0.5,454240,5200,1815280
FINNIFTY02JAN2421950CE.NFO,02/01/2024,09:35:04,0.5,0.45,732440,0.5,439240,15440,1815280
FINNIFTY02JAN2421950CE.NFO,02/01/2024,09:35:14,0.5,0.45,729600,0.5,442360,4640,1815280
FINNIFTY02JAN2421950CE.NFO,02/01/2024,09:35:24,0.45,0.45,731640,0.5,442440,440,1815280
FINNIFTY02JAN2421950CE.NFO,02/01/2024,09:35:34,0.45,0.45,732200,0.5,442360,1920,1800800
FINNIFTY02JAN2421950CE.NFO,02/01/2024,09:35:45,0.45,0.45,724760,0.5,438360,11440,1800800
FINNIFTY02JAN2421950CE.NFO,02/01/2024,09:35:56,0.45,0.45,723840,0.5,434040,11360,1800800
FINNIFTY02JAN2421950CE.NFO,02/01/2024,09:36:07,0.45,0.45,717120,0.5,433640,16320,1800800
FINNIFTY02JAN2421950CE.NFO,02/01/2024,09:36:18,0.5,0.45,718160,0.5,424640,15040,1800800
FINNIFTY02JAN2421950CE.NFO,02/01/2024,09:36:29,0.5,0.45,718080,0.5,421960,3440,1800800
FINNIFTY02JAN2421950CE.NFO,02/01/2024,09:36:40,0.45,0.45,711640,0.5,419680,7080,1800800
FINNIFTY02JAN2421950CE.NFO,02/01/2024,09:36:51,0.45,0.45,711280,0.5,419640,360,1800800
FINNIFTY02JAN2421950CE.NFO,02/01/2024,09:37:01,0.5,0.45,711280,0.5,418440,480,1800800
FINNIFTY02JAN2421950CE.NFO,02/01/2024,09:37:12,0.5,0.45,720280,0.5,418200,960,1800800
FINNIFTY02JAN2421950CE.NFO,02/01/2024,09:37:22,0.5,0.45,720280,0.5,419880,1200,1800800
FINNIFTY02JAN2421950CE.NFO,02/01/2024,09:37:32,0.5,0.45,699920,0.5,419000,6040,1800800
FINNIFTY02JAN2421950CE.NFO,02/01/2024,09:37:43,0.5,0.45,699320,0.5,402360,1600,1800800
FINNIFTY02JAN2421950CE.NFO,02/01/2024,09:37:53,0.45,0.45,704560,0.5,408160,1160,1800800
FINNIFTY02JAN2421950CE.NFO,02/01/2024,09:38:03,0.5,0.45,703680,0.5,401040,8000,1800800
FINNIFTY02JAN2421950CE.NFO,02/01/2024,09:38:14,0.45,0.45,701680,0.5,401560,3880,1800800
FINNIFTY02JAN2421950CE.NFO,02/01/2024,09:38:24,0.45,0.45,694400,0.5,405400,9440,1800800
FINNIFTY02JAN2421950CE.NFO,02/01/2024,09:38:35,0.45,0.45,629880,0.5,458000,53640,1809080
FINNIFTY02JAN2421950CE.NFO,02/01/2024,09:38:46,0.45,0.45,621720,0.5,466840,22040,1809080
FINNIFTY02JAN2421950CE.NFO,02/01/2024,09:38:57,0.5,0.45,616080,0.5,458760,11120,1809080
FINNIFTY02JAN2421950CE.NFO,02/01/2024,09:39:08,0.45,0.45,688600,0.5,413200,54280,1809080
FINNIFTY02JAN2421950CE.NFO,02/01/2024,09:39:18,0.5,0.5,322440,0.55,226040,584640,1809080
FINNIFTY02JAN2421950CE.NFO,02/01/2024,09:39:29,0.5,0.45,697720,0.5,329080,284720,1809080
FINNIFTY02JAN2421950CE.NFO,02/01/2024,09:39:30,0.5,0.45,704920,0.5,328480,600,1809080
FINNIFTY02JAN2421950CE.NFO,02/01/2024,09:39:32,0.5,0.45,728880,0.5,374080,1440,1809080
FINNIFTY02JAN2421950CE.NFO,02/01/2024,09:39:34,0.45,0.45,802280,0.5,376000,15280,1809080
FINNIFTY02JAN2421950CE.NFO,02/01/2024,09:39:35,0.45,0.45,863880,0.5,375800,1600,1809080
FINNIFTY02JAN2421950CE.NFO,02/01/2024,09:39:37,0.45,0.45,883680,0.5,376480,200,1809080
FINNIFTY02JAN2421950CE.NFO,02/01/2024,09:39:39,0.5,0.45,885880,0.5,384720,3960,1809080
FINNIFTY02JAN2421950CE.NFO,02/01/2024,09:39:40,0.5,0.45,814920,0.5,385120,1040,1809080
FINNIFTY02JAN2421950CE.NFO,02/01/2024,09:39:42,0.5,0.45,814920,0.5,384520,120,1809080
FINNIFTY02JAN2421950CE.NFO,02/01/2024,09:39:44,0.5,0.45,814000,0.5,384280,1520,1809080
FINNIFTY02JAN2421950CE.NFO,02/01/2024,09:39:45,0.5,0.45,815440,0.5,394360,0,1809080
FINNIFTY02JAN2421950CE.NFO,02/01/2024,09:39:47,0.5,0.45,763160,0.5,378720,90120,1809080
FINNIFTY02JAN2421950CE.NFO,02/01/2024,09:39:49,0.45,0.45,800520,0.5,378720,3000,1809080
FINNIFTY02JAN2421950CE.NFO,02/01/2024,09:39:50,0.5,0.45,814040,0.5,371360,18000,1809080
FINNIFTY02JAN2421950CE.NFO,02/01/2024,09:39:52,0.45,0.45,811800,0.5,377120,2120,1809080
FINNIFTY02JAN2421950CE.NFO,02/01/2024,09:39:54,0.45,0.45,834640,0.5,407000,22480,1809080
FINNIFTY02JAN2421950CE.NFO,02/01/2024,09:39:55,0.45,0.45,857560,0.5,437000,5400,1809080
FINNIFTY02JAN2421950CE.NFO,02/01/2024,09:39:57,0.5,0.45,855720,0.5,456920,1880,1809080
FINNIFTY02JAN2421950CE.NFO,02/01/2024,09:39:59,0.5,0.45,856040,0.5,466800,200,1809080
FINNIFTY02JAN2421950CE.NFO,02/01/2024,09:40:00,0.5,0.45,856040,0.5,465680,1120,1809080
FINNIFTY02JAN2421950CE.NFO,02/01/2024,09:40:02,0.5,0.45,856040,0.5,460160,6200,1809080
FINNIFTY02JAN2421950CE.NFO,02/01/2024,09:40:04,0.5,0.45,856880,0.5,458160,440,1809080
FINNIFTY02JAN2421950CE.NFO,02/01/2024,09:40:05,0.45,0.45,849160,0.5,458880,8000,1809080
FINNIFTY02JAN2421950CE.NFO,02/01/2024,09:40:07,0.5,0.45,847760,0.5,457080,3800,1809080
FINNIFTY02JAN2421950CE.NFO,02/01/2024,09:40:09,0.5,0.45,846640,0.5,455280,3400,1809080
FINNIFTY02JAN2421950CE.NFO,02/01/2024,09:40:10,0.5,0.45,848280,0.5,481440,1160,1809080
FINNIFTY02JAN2421950CE.NFO,02/01/2024,09:40:12,0.5,0.45,845080,0.5,479840,4600,1809080
FINNIFTY02JAN2421950CE.NFO,02/01/2024,09:40:14,0.45,0.45,843360,0.5,479600,2640,1809080
FINNIFTY02JAN2421950CE.NFO,02/01/2024,09:40:15,0.5,0.45,841360,0.5,478400,3200,1809080
FINNIFTY02JAN2421950CE.NFO,02/01/2024,09:40:17,0.5,0.45,841360,0.5,488000,400,1809080
FINNIFTY02JAN2421950CE.NFO,02/01/2024,09:40:19,0.5,0.45,841360,0.5,487160,840,1809080
FINNIFTY02JAN2421950CE.NFO,02/01/2024,09:40:20,0.45,0.45,833640,0.5,496480,8600,1809080
FINNIFTY02JAN2421950CE.NFO,02/01/2024,09:40:22,0.5,0.45,829760,0.5,482560,3400,1809080
FINNIFTY02JAN2421950CE.NFO,02/01/2024,09:40:24,0.5,0.45,829760,0.5,478960,0,1809080
FINNIFTY02JAN2421950CE.NFO,02/01/2024,09:40:25,0.5,0.45,829760,0.5,476480,2680,1809080
FINNIFTY02JAN2421950CE.NFO,02/01/2024,09:40:27,0.5,0.45,828480,0.5,474480,3280,1809080
FINNIFTY02JAN2421950CE.NFO,02/01/2024,09:40:29,0.5,0.45,828480,0.5,474480,0,1809080
FINNIFTY02JAN2421950CE.NFO,02/01/2024,09:40:31,0.5,0.45,829360,0.5,465640,12560,1809080
FINNIFTY02JAN2421950CE.NFO,02/01/2024,09:40:33,0.5,0.45,829320,0.5,464200,1480,1809080
FINNIFTY02JAN2421950CE.NFO,02/01/2024,09:40:34,0.45,0.45,828000,0.5,462360,3640,1809080
FINNIFTY02JAN2421950CE.NFO,02/01/2024,09:40:36,0.5,0.45,828000,0.5,456000,5160,1809080
FINNIFTY02JAN2421950CE.NFO,02/01/2024,09:40:38,0.5,0.45,828000,0.5,453560,1480,1809080
FINNIFTY02JAN2421950CE.NFO,02/01/2024,09:40:39,0.5,0.45,830480,0.5,451200,6600,1809080
FINNIFTY02JAN2421950CE.NFO,02/01/2024,09:40:41,0.5,0.45,829600,0.5,449800,2400,1809080
FINNIFTY02JAN2421950CE.NFO,02/01/2024,09:40:43,0.5,0.45,829600,0.5,468800,0,1809080
FINNIFTY02JAN2421950CE.NFO,02/01/2024,09:40:44,0.5,0.45,829600,0.5,468920,0,1809080
FINNIFTY02JAN2421950CE.NFO,02/01/2024,09:40:46,0.5,0.45,828200,0.5,468960,0,1809080
FINNIFTY02JAN2421950CE.NFO,02/01/2024,09:40:48,0.45,0.45,823680,0.5,466120,4240,1809080
FINNIFTY02JAN2421950CE.NFO,02/01/2024,09:40:50,0.5,0.45,823560,0.5,464160,2080,1809080
FINNIFTY02JAN2421950CE.NFO,02/01/2024,09:40:51,0.5,0.45,823400,0.5,462960,1320,1809080
FINNIFTY02JAN2421950CE.NFO,02/01/2024,09:40:53,0.5,0.45,823400,0.5,463000,0,1809080
FINNIFTY02JAN2421950CE.NFO,02/01/2024,09:40:55,0.5,0.45,824280,0.5,443800,0,1809080
FINNIFTY02JAN2421950CE.NFO,02/01/2024,09:40:56,0.5,0.45,823080,0.5,450320,0,1809080
FINNIFTY02JAN2421950CE.NFO,02/01/2024,09:40:58,0.45,0.45,822440,0.5,430480,1840,1809080
FINNIFTY02JAN2421950CE.NFO,02/01/2024,09:41:00,0.5,0.45,822040,0.5,429800,680,1809080
FINNIFTY02JAN2421950CE.NFO,02/01/2024,09:41:01,0.5,0.45,820360,0.5,423360,7320,1809080
FINNIFTY02JAN2421950CE.NFO,02/01/2024,09:41:03,0.5,0.45,820440,0.5,397600,21800,1809080
FINNIFTY02JAN2421950CE.NFO,02/01/2024,09:41:05,0.5,0.45,819240,0.5,389400,9000,1809080
FINNIFTY02JAN2421950CE.NFO,02/01/2024,09:41:06,0.5,0.45,819240,0.5,323760,39240,1809080
FINNIFTY02JAN2421950CE.NFO,02/01/2024,09:41:08,0.5,0.45,817400,0.5,330920,13720,1809080
FINNIFTY02JAN2421950CE.NFO,02/01/2024,09:41:10,0.5,0.45,844400,0.5,326840,2520,1809080
FINNIFTY02JAN2421950CE.NFO,02/01/2024,09:41:11,0.45,0.45,858720,0.5,326680,240,1809080
FINNIFTY02JAN2421950CE.NFO,02/01/2024,09:41:13,0.45,0.45,858720,0.5,327680,0,1809080
FINNIFTY02JAN2421950CE.NFO,02/01/2024,09:41:15,0.45,0.45,858720,0.5,340680,0,1809080
FINNIFTY02JAN2421950CE.NFO,02/01/2024,09:41:16,0.45,0.45,858880,0.5,340680,0,1809080
FINNIFTY02JAN2421950CE.NFO,02/01/2024,09:41:18,0.5,0.45,799000,0.5,320320,41040,1809080
FINNIFTY02JAN2421950CE.NFO,02/01/2024,09:41:20,0.5,0.45,747480,0.5,240000,55040,1809080
FINNIFTY02JAN2421950CE.NFO,02/01/2024,09:41:21,0.5,0.45,720080,0.5,134720,104320,1809080
FINNIFTY02JAN2421950CE.NFO,02/01/2024,09:41:23,0.55,0.5,280040,0.55,427560,64760,1809080
FINNIFTY02JAN2421950CE.NFO,02/01/2024,09:41:25,0.5,0.5,279800,0.55,486400,360,1809080
FINNIFTY02JAN2421950CE.NFO,02/01/2024,09:41:26,0.5,0.5,257120,0.55,488200,80,1726840
FINNIFTY02JAN2421950CE.NFO,02/01/2024,09:41:28,0.5,0.5,189480,0.55,474640,24920,1726840
FINNIFTY02JAN2421950CE.NFO,02/01/2024,09:41:30,0.5,0.5,189560,0.55,474280,5080,1726840
FINNIFTY02JAN2421950CE.NFO,02/01/2024,09:41:31,0.5,0.5,181520,0.55,477160,0,1726840
FINNIFTY02JAN2421950CE.NFO,02/01/2024,09:41:32,0.5,0.5,89240,0.55,472440,41800,1726840
FINNIFTY02JAN2421950CE.NFO,02/01/2024,09:41:34,0.5,0.5,50400,0.55,423280,16480,1726840
FINNIFTY02JAN2421950CE.NFO,02/01/2024,09:41:36,0.5,0.45,777320,0.5,115000,36680,1726840
FINNIFTY02JAN2421950CE.NFO,02/01/2024,09:41:37,0.5,0.45,777320,0.5,181080,40,1726840
FINNIFTY02JAN2421950CE.NFO,02/01/2024,09:41:39,0.5,0.45,777320,0.5,185640,1840,1726840
FINNIFTY02JAN2421950CE.NFO,02/01/2024,09:41:40,0.45,0.45,787280,0.5,183480,45520,1726840
FINNIFTY02JAN2421950CE.NFO,02/01/2024,09:41:42,0.5,0.45,788720,0.5,150880,38200,1726840
FINNIFTY02JAN2421950CE.NFO,02/01/2024,09:41:44,0.5,0.45,790520,0.5,158680,1920,1726840
FINNIFTY02JAN2421950CE.NFO,02/01/2024,09:41:45,0.5,0.45,790520,0.5,147800,4560,1726840
FINNIFTY02JAN2421950CE.NFO,02/01/2024,09:41:47,0.5,0.45,785560,0.5,79000,40120,1726840
FINNIFTY02JAN2421950CE.NFO,02/01/2024,09:41:49,0.5,0.5,391640,0.55,460440,50680,1726840
FINNIFTY02JAN2421950CE.NFO,02/01/2024,09:41:50,0.5,0.5,444440,0.55,465480,280,1726840
FINNIFTY02JAN2421950CE.NFO,02/01/2024,09:41:52,0.5,0.5,482640,0.55,466800,0,1726840
FINNIFTY02JAN2421950CE.NFO,02/01/2024,09:41:55,0.5,0.5,480840,0.55,466880,1800,1726840
FINNIFTY02JAN2421950CE.NFO,02/01/2024,09:41:57,0.5,0.5,481160,0.55,482800,0,1726840
FINNIFTY02JAN2421950CE.NFO,02/01/2024,09:41:58,0.55,0.5,482960,0.55,481320,1280,1726840
FINNIFTY02JAN2421950CE.NFO,02/01/2024,09:42:00,0.55,0.5,454160,0.55,481120,200,1726840
FINNIFTY02JAN2421950CE.NFO,02/01/2024,09:42:02,0.55,0.5,452720,0.55,473920,7960,1726840
FINNIFTY02JAN2421950CE.NFO,02/01/2024,09:42:03,0.55,0.5,453200,0.55,473280,1440,1726840
FINNIFTY02JAN2421950CE.NFO,02/01/2024,09:42:05,0.55,0.5,451080,0.55,473200,80,1726840
FINNIFTY02JAN2421950CE.NFO,02/01/2024,09:42:07,0.55,0.5,452080,0.55,473200,0,1726840
FINNIFTY02JAN2421950CE.NFO,02/01/2024,09:42:08,0.55,0.5,455160,0.55,458280,520,1726840
FINNIFTY02JAN2421950CE.NFO,02/01/2024,09:42:10,0.55,0.5,455160,0.55,458280,0,1726840
FINNIFTY02JAN2421950CE.NFO,02/01/2024,09:42:13,0.55,0.5,455160,0.55,457800,480,1726840
FINNIFTY02JAN2421950CE.NFO,02/01/2024,09:42:15,0.55,0.5,455160,0.55,457680,120,1726840
FINNIFTY02JAN2421950CE.NFO,02/01/2024,09:42:17,0.5,0.5,453560,0.55,458240,1800,1726840
FINNIFTY02JAN2421950CE.NFO,02/01/2024,09:42:18,0.55,0.5,455360,0.55,457640,600,1726840
FINNIFTY02JAN2421950CE.NFO,02/01/2024,09:42:21,0.55,0.5,454960,0.55,457320,720,1726840
FINNIFTY02JAN2421950CE.NFO,02/01/2024,09:42:25,0.5,0.5,453000,0.55,457400,920,1726840
FINNIFTY02JAN2421950CE.NFO,02/01/2024,09:42:28,0.5,0.5,454560,0.55,458920,80,1726840
FINNIFTY02JAN2421950CE.NFO,02/01/2024,09:42:29,0.5,0.5,454560,0.55,458920,0,1726840
FINNIFTY02JAN2421950CE.NFO,02/01/2024,09:42:31,0.5,0.5,434640,0.55,476920,80,1726840
FINNIFTY02JAN2421950CE.NFO,02/01/2024,09:42:32,0.5,0.5,433160,0.55,476920,40,1726840
FINNIFTY02JAN2421950CE.NFO,02/01/2024,09:42:36,0.55,0.5,433160,0.55,476840,80,1726840
FINNIFTY02JAN2421950CE.NFO,02/01/2024,09:42:37,0.55,0.5,433160,0.55,476840,0,1726840
FINNIFTY02JAN2421950CE.NFO,02/01/2024,09:42:39,0.55,0.5,432680,0.55,475800,0,1726840
FINNIFTY02JAN2421950CE.NFO,02/01/2024,09:42:41,0.5,0.5,431320,0.55,477400,4800,1726840
FINNIFTY02JAN2421950CE.NFO,02/01/2024,09:42:42,0.55,0.5,430360,0.55,477280,840,1726840
FINNIFTY02JAN2421950CE.NFO,02/01/2024,09:42:44,0.55,0.5,419920,0.55,472280,200,1726840
FINNIFTY02JAN2421950CE.NFO,02/01/2024,09:42:45,0.55,0.5,418320,0.55,472520,3360,1726840
FINNIFTY02JAN2421950CE.NFO,02/01/2024,09:42:47,0.55,0.5,405680,0.55,474120,3800,1726840
FINNIFTY02JAN2421950CE.NFO,02/01/2024,09:42:49,0.55,0.5,403640,0.55,475800,1920,1726840
FINNIFTY02JAN2421950CE.NFO,02/01/2024,09:42:50,0.55,0.5,404880,0.55,479240,160,1726840
FINNIFTY02JAN2421950CE.NFO,02/01/2024,09:42:52,0.55,0.5,404880,0.55,481000,40,1726840
FINNIFTY02JAN2421950CE.NFO,02/01/2024,09:42:53,0.55,0.5,405440,0.55,482800,0,1726840
FINNIFTY02JAN2421950CE.NFO,02/01/2024,09:42:55,0.5,0.5,405440,0.55,482800,480,1726840
FINNIFTY02JAN2421950CE.NFO,02/01/2024,09:43:00,0.5,0.5,404480,0.55,477480,7120,1726840
FINNIFTY02JAN2421950CE.NFO,02/01/2024,09:43:02,0.55,0.5,406120,0.55,470240,7240,1726840
FINNIFTY02JAN2421950CE.NFO,02/01/2024,09:43:04,0.55,0.5,407920,0.55,470160,80,1726840
FINNIFTY02JAN2421950CE.NFO,02/01/2024,09:43:05,0.55,0.5,408160,0.55,474840,120,1726840
FINNIFTY02JAN2421950CE.NFO,02/01/2024,09:43:07,0.5,0.5,407840,0.55,474840,80,1726840
FINNIFTY02JAN2421950CE.NFO,02/01/2024,09:43:08,0.5,0.5,410120,0.55,474840,0,1726840
FINNIFTY02JAN2421950CE.NFO,02/01/2024,09:43:12,0.55,0.5,410120,0.55,474320,520,1726840
FINNIFTY02JAN2421950CE.NFO,02/01/2024,09:43:13,0.5,0.5,408760,0.55,476120,7320,1726840
FINNIFTY02JAN2421950CE.NFO,02/01/2024,09:43:15,0.55,0.5,408760,0.55,476560,120,1726840
FINNIFTY02JAN2421950CE.NFO,02/01/2024,09:43:17,0.55,0.5,408760,0.55,473240,3320,1726840
FINNIFTY02JAN2421950CE.NFO,02/01/2024,09:43:18,0.5,0.5,409560,0.55,480480,240,1726840
FINNIFTY02JAN2421950CE.NFO,02/01/2024,09:43:20,0.5,0.5,414520,0.55,480080,440,1726840
FINNIFTY02JAN2421950CE.NFO,02/01/2024,09:43:22,0.55,0.5,419920,0.55,477760,2320,1726840
FINNIFTY02JAN2421950CE.NFO,02/01/2024,09:43:23,0.55,0.5,425320,0.55,477760,0,1726840
FINNIFTY02JAN2421950CE.NFO,02/01/2024,09:43:27,0.55,0.5,425320,0.55,477720,40,1726840
FINNIFTY02JAN2421950CE.NFO,02/01/2024,09:43:28,0.5,0.5,424720,0.55,476320,600,1726840
FINNIFTY02JAN2421950CE.NFO,02/01/2024,09:43:40,0.55,0.5,426000,0.55,465880,8000,1726840
FINNIFTY02JAN2421950CE.NFO,02/01/2024,09:43:52,0.55,0.5,429120,0.55,452360,13280,1726840
FINNIFTY02JAN2421950CE.NFO,02/01/2024,09:44:02,0.55,0.5,533280,0.55,424400,17320,1726840
FINNIFTY02JAN2421950CE.NFO,02/01/2024,09:44:14,0.5,0.5,538960,0.55,441960,47040,1726840
FINNIFTY02JAN2421950CE.NFO,02/01/2024,09:44:25,0.55,0.5,152080,0.55,363760,116600,1732800
FINNIFTY02JAN2421950CE.NFO,02/01/2024,09:44:30,0.5,0.5,197280,0.55,354800,8120,1732800
FINNIFTY02JAN2421950CE.NFO,02/01/2024,09:44:31,0.55,0.5,197680,0.55,351920,3720,1732800
FINNIFTY02JAN2421950CE.NFO,02/01/2024,09:44:33,0.55,0.5,206480,0.55,359240,3320,1732800
FINNIFTY02JAN2421950CE.NFO,02/01/2024,09:44:34,0.55,0.5,206520,0.55,367040,0,1732800
FINNIFTY02JAN2421950CE.NFO,02/01/2024,09:44:36,0.55,0.5,206520,0.55,375920,2880,1732800
FINNIFTY02JAN2421950CE.NFO,02/01/2024,09:44:38,0.55,0.5,206520,0.55,380840,120,1732800
FINNIFTY02JAN2421950CE.NFO,02/01/2024,09:44:39,0.55,0.5,206400,0.55,380560,1880,1732800
FINNIFTY02JAN2421950CE.NFO,02/01/2024,09:44:41,0.55,0.5,226440,0.55,381080,1800,1732800
FINNIFTY02JAN2421950CE.NFO,02/01/2024,09:44:43,0.5,0.5,226040,0.55,382080,400,1732800
FINNIFTY02JAN2421950CE.NFO,02/01/2024,09:44:44,0.5,0.5,225200,0.55,383080,840,1732800
FINNIFTY02JAN2421950CE.NFO,02/01/2024,09:44:46,0.55,0.5,225200,0.55,382160,920,1732800
FINNIFTY02JAN2421950CE.NFO,02/01/2024,09:44:48,0.5,0.5,224680,0.55,380760,1920,1732800
FINNIFTY02JAN2421950CE.NFO,02/01/2024,09:44:49,0.55,0.5,224680,0.55,379360,1400,1732800
FINNIFTY02JAN2421950CE.NFO,02/01/2024,09:44:53,0.55,0.5,223760,0.55,380080,2720,1732800
FINNIFTY02JAN2421950CE.NFO,02/01/2024,09:44:54,0.55,0.5,223760,0.55,379640,440,1732800
FINNIFTY02JAN2421950CE.NFO,02/01/2024,09:44:56,0.55,0.5,223760,0.55,379840,0,1732800
FINNIFTY02JAN2421950CE.NFO,02/01/2024,09:44:58,0.55,0.5,223840,0.55,379760,280,1732800
FINNIFTY02JAN2421950CE.NFO,02/01/2024,09:44:59,0.55,0.5,223440,0.55,380120,600,1732800
FINNIFTY02JAN2421950CE.NFO,02/01/2024,09:45:01,0.55,0.5,224640,0.55,364840,14440,1732800
FINNIFTY02JAN2421950CE.NFO,02/01/2024,09:45:03,0.55,0.5,223800,0.55,360160,3040,1732800
FINNIFTY02JAN2421950CE.NFO,02/01/2024,09:45:05,0.55,0.5,216600,0.55,338000,0,1732800
FINNIFTY02JAN2421950CE.NFO,02/01/2024,09:45:06,0.55,0.5,236600,0.55,344120,440,1732800
FINNIFTY02JAN2421950CE.NFO,02/01/2024,09:45:08,0.55,0.5,236200,0.55,343720,400,1732800
FINNIFTY02JAN2421950CE.NFO,02/01/2024,09:45:10,0.5,0.5,235800,0.55,343720,400,1732800
FINNIFTY02JAN2421950CE.NFO,02/01/2024,09:45:11,0.55,0.5,255600,0.55,343480,440,1732800
FINNIFTY02JAN2421950CE.NFO,02/01/2024,09:45:13,0.5,0.5,255400,0.55,357880,200,1732800
FINNIFTY02JAN2421950CE.NFO,02/01/2024,09:45:15,0.5,0.5,255080,0.55,357080,1120,1732800
FINNIFTY02JAN2421950CE.NFO,02/01/2024,09:45:16,0.55,0.5,255040,0.55,357560,640,1732800
FINNIFTY02JAN2421950CE.NFO,02/01/2024,09:45:18,0.5,0.5,255080,0.55,357560,200,1732800
FINNIFTY02JAN2421950CE.NFO,02/01/2024,09:45:20,0.5,0.5,254200,0.55,357560,0,1732800
FINNIFTY02JAN2421950CE.NFO,02/01/2024,09:45:21,0.55,0.5,255280,0.55,357360,200,1732800
FINNIFTY02JAN2421950CE.NFO,02/01/2024,09:45:23,0.5,0.5,255840,0.55,355560,2720,1732800
FINNIFTY02JAN2421950CE.NFO,02/01/2024,09:45:25,0.5,0.5,253720,0.55,355640,1200,1732800
FINNIFTY02JAN2421950CE.NFO,02/01/2024,09:45:26,0.55,0.5,275040,0.55,355400,720,1732800
FINNIFTY02JAN2421950CE.NFO,02/01/2024,09:45:28,0.55,0.5,279040,0.55,356240,560,1732800
FINNIFTY02JAN2421950CE.NFO,02/01/2024,09:45:30,0.55,0.5,283440,0.55,357000,1200,1732800
FINNIFTY02JAN2421950CE.NFO,02/01/2024,09:45:39,0.55,0.5,275880,0.55,354640,5320,1732800
FINNIFTY02JAN2421950CE.NFO,02/01/2024,09:45:50,0.55,0.5,276720,0.55,352160,3880,1732800
FINNIFTY02JAN2421950CE.NFO,02/01/2024,09:46:01,0.55,0.5,276920,0.55,346400,10920,1732800
FINNIFTY02JAN2421950CE.NFO,02/01/2024,09:46:13,0.55,0.5,272760,0.55,372440,29000,1732800
FINNIFTY02JAN2421950CE.NFO,02/01/2024,09:46:23,0.5,0.5,272160,0.55,373640,1200,1732800
FINNIFTY02JAN2421950CE.NFO,02/01/2024,09:46:34,0.55,0.5,271760,0.55,373960,520,1732800
FINNIFTY02JAN2421950CE.NFO,02/01/2024,09:46:45,0.5,0.5,276560,0.55,372160,600,1732800
FINNIFTY02JAN2421950CE.NFO,02/01/2024,09:46:55,0.5,0.5,274480,0.55,368960,7400,1732800
FINNIFTY02JAN2421950CE.NFO,02/01/2024,09:47:05,0.55,0.5,274680,0.55,361240,6840,1732800
FINNIFTY02JAN2421950CE.NFO,02/01/2024,09:47:16,0.55,0.5,270760,0.55,356720,7680,1732800
FINNIFTY02JAN2421950CE.NFO,02/01/2024,09:47:27,0.55,0.5,266760,0.55,353200,8840,1770720
FINNIFTY02JAN2421950CE.NFO,02/01/2024,09:47:37,0.55,0.5,280080,0.55,352360,4200,1770720
FINNIFTY02JAN2421950CE.NFO,02/01/2024,09:47:48,0.55,0.5,279880,0.55,343000,10040,1770720
FINNIFTY02JAN2421950CE.NFO,02/01/2024,09:47:59,0.5,0.5,277760,0.55,342200,2720,1770720
FINNIFTY02JAN2421950CE.NFO,02/01/2024,09:48:10,0.5,0.5,275560,0.55,342120,2960,1770720
FINNIFTY02JAN2421950CE.NFO,02/01/2024,09:48:20,0.5,0.5,267440,0.55,341040,8720,1770720
FINNIFTY02JAN2421950CE.NFO,02/01/2024,09:48:30,0.5,0.5,254600,0.55,340720,4160,1770720
FINNIFTY02JAN2421950CE.NFO,02/01/2024,09:48:40,0.5,0.5,247320,0.55,338920,1880,1770720
FINNIFTY02JAN2421950CE.NFO,02/01/2024,09:48:50,0.5,0.5,247320,0.55,339240,0,1770720
FINNIFTY02JAN2421950CE.NFO,02/01/2024,09:49:01,0.55,0.5,245520,0.55,338880,6280,1770720
FINNIFTY02JAN2421950CE.NFO,02/01/2024,09:49:10,0.55,0.5,243840,0.55,336120,4440,1770720
FINNIFTY02JAN2421950CE.NFO,02/01/2024,09:49:21,0.5,0.5,240520,0.55,325040,14360,1770720
FINNIFTY02JAN2421950CE.NFO,02/01/2024,09:49:32,0.55,0.5,250080,0.55,319360,7720,1770720
FINNIFTY02JAN2421950CE.NFO,02/01/2024,09:49:42,0.5,0.5,308720,0.55,317960,3080,1770720
FINNIFTY02JAN2421950CE.NFO,02/01/2024,09:49:51,0.55,0.5,325520,0.55,316160,4800,1770720
FINNIFTY02JAN2421950CE.NFO,02/01/2024,09:50:01,0.55,0.5,353360,0.55,301560,15720,1770720
FINNIFTY02JAN2421950CE.NFO,02/01/2024,09:50:11,0.55,0.5,341120,0.55,257240,22200,1770720
FINNIFTY02JAN2421950CE.NFO,02/01/2024,09:50:22,0.55,0.5,336720,0.55,251680,6200,1770720
FINNIFTY02JAN2421950CE.NFO,02/01/2024,09:50:31,0.5,0.5,335760,0.55,256960,10120,1791560
FINNIFTY02JAN2421950CE.NFO,02/01/2024,09:50:42,0.55,0.5,335760,0.55,258840,7840,1791560
FINNIFTY02JAN2421950CE.NFO,02/01/2024,09:50:53,0.55,0.5,341800,0.55,254400,6160,1791560
FINNIFTY02JAN2421950CE.NFO,02/01/2024,09:51:03,0.55,0.5,338800,0.55,251720,2760,1791560
FINNIFTY02JAN2421950CE.NFO,02/01/2024,09:51:13,0.55,0.5,338800,0.55,251240,1080,1791560
FINNIFTY02JAN2421950CE.NFO,02/01/2024,09:51:25,0.55,0.5,339680,0.55,244840,5800,1791560
FINNIFTY02JAN2421950CE.NFO,02/01/2024,09:51:36,0.55,0.5,357760,0.55,257280,24960,1791560
FINNIFTY02JAN2421950CE.NFO,02/01/2024,09:51:46,0.55,0.5,357760,0.55,257960,640,1791560
FINNIFTY02JAN2421950CE.NFO,02/01/2024,09:51:57,0.55,0.5,358160,0.55,257640,1440,1791560
FINNIFTY02JAN2421950CE.NFO,02/01/2024,09:52:07,0.55,0.5,358880,0.55,261520,6240,1791560
FINNIFTY02JAN2421950CE.NFO,02/01/2024,09:52:17,0.55,0.5,1707760,0.55,270240,10240,1791560
FINNIFTY02JAN2421950CE.NFO,02/01/2024,09:52:27,0.55,0.5,2159520,0.55,271720,6960,1791560
FINNIFTY02JAN2421950CE.NFO,02/01/2024,09:52:31,0.55,0.5,2160440,0.55,265000,8160,1791560
FINNIFTY02JAN2421950CE.NFO,02/01/2024,09:52:32,0.55,0.5,2160600,0.55,269760,1280,1791560
FINNIFTY02JAN2421950CE.NFO,02/01/2024,09:52:34,0.55,0.5,2160600,0.55,264680,2600,1791560
FINNIFTY02JAN2421950CE.NFO,02/01/2024,09:52:36,0.55,0.5,2160880,0.55,265920,400,1791560
FINNIFTY02JAN2421950CE.NFO,02/01/2024,09:52:37,0.5,0.5,2160720,0.55,278440,960,1791560
FINNIFTY02JAN2421950CE.NFO,02/01/2024,09:52:39,0.55,0.5,2160720,0.55,265520,800,1791560
FINNIFTY02JAN2421950CE.NFO,02/01/2024,09:52:41,0.55,0.5,2160720,0.55,264680,800,1791560
FINNIFTY02JAN2421950CE.NFO,02/01/2024,09:52:42,0.5,0.5,2158920,0.55,285160,1800,1791560
FINNIFTY02JAN2421950CE.NFO,02/01/2024,09:52:44,0.55,0.5,2158920,0.55,281880,400,1791560
FINNIFTY02JAN2421950CE.NFO,02/01/2024,09:52:46,0.55,0.5,2158960,0.55,283920,5800,1791560
FINNIFTY02JAN2421950CE.NFO,02/01/2024,09:52:47,0.55,0.5,1228960,0.55,283520,400,1791560
FINNIFTY02JAN2421950CE.NFO,02/01/2024,09:52:49,0.55,0.5,307360,0.55,284160,400,1791560
FINNIFTY02JAN2421950CE.NFO,02/01/2024,09:52:52,0.55,0.5,397560,0.55,283640,4680,1791560
FINNIFTY02JAN2421950CE.NFO,02/01/2024,09:52:54,0.55,0.5,402760,0.55,284360,760,1791560
FINNIFTY02JAN2421950CE.NFO,02/01/2024,09:52:55,0.55,0.5,411760,0.55,283960,400,1791560
FINNIFTY02JAN2421950CE.NFO,02/01/2024,09:52:57,0.55,0.5,411760,0.55,284000,0,1791560
FINNIFTY02JAN2421950CE.NFO,02/01/2024,09:52:59,0.55,0.5,411760,0.55,282920,1000,1791560
FINNIFTY02JAN2421950CE.NFO,02/01/2024,09:53:00,0.55,0.5,411280,0.55,283200,400,1791560
FINNIFTY02JAN2421950CE.NFO,02/01/2024,09:53:02,0.5,0.5,411040,0.55,282960,480,1791560
FINNIFTY02JAN2421950CE.NFO,02/01/2024,09:53:04,0.55,0.5,411440,0.55,282000,5560,1791560
FINNIFTY02JAN2421950CE.NFO,02/01/2024,09:53:05,0.55,0.5,410920,0.55,282360,7320,1791560
FINNIFTY02JAN2421950CE.NFO,02/01/2024,09:53:07,0.55,0.5,410120,0.55,281840,4960,1791560
FINNIFTY02JAN2421950CE.NFO,02/01/2024,09:53:09,0.55,0.5,410560,0.55,284760,240,1791560
FINNIFTY02JAN2421950CE.NFO,02/01/2024,09:53:10,0.5,0.5,410320,0.55,284760,240,1791560
FINNIFTY02JAN2421950CE.NFO,02/01/2024,09:53:15,0.5,0.5,413120,0.55,285320,240,1791560
FINNIFTY02JAN2421950CE.NFO,02/01/2024,09:53:20,0.5,0.5,412480,0.55,285360,640,1791560
FINNIFTY02JAN2421950CE.NFO,02/01/2024,09:53:22,0.5,0.5,414200,0.55,281160,3720,1791560
FINNIFTY02JAN2421950CE.NFO,02/01/2024,09:53:24,0.55,0.5,417280,0.55,280800,400,1791560
FINNIFTY02JAN2421950CE.NFO,02/01/2024,09:53:25,0.55,0.5,417880,0.55,280760,0,1791560
FINNIFTY02JAN2421950CE.NFO,02/01/2024,09:53:27,0.55,0.5,417880,0.55,280800,0,1791560
FINNIFTY02JAN2421950CE.NFO,02/01/2024,09:53:29,0.55,0.5,426600,0.55,281640,0,1791560
FINNIFTY02JAN2421950CE.NFO,02/01/2024,09:53:30,0.55,0.5,426600,0.55,281600,0,1791560
FINNIFTY02JAN2421950CE.NFO,02/01/2024,09:53:32,0.55,0.5,426600,0.55,281640,0,1791560
FINNIFTY02JAN2421950CE.NFO,02/01/2024,09:53:33,0.55,0.5,427800,0.55,279240,1800,1797080
FINNIFTY02JAN2421950CE.NFO,02/01/2024,09:53:35,0.55,0.5,427800,0.55,279280,0,1797080
FINNIFTY02JAN2421950CE.NFO,02/01/2024,09:53:37,0.55,0.5,427800,0.55,278760,520,1797080
FINNIFTY02JAN2421950CE.NFO,02/01/2024,09:53:38,0.5,0.5,427440,0.55,278760,360,1797080
FINNIFTY02JAN2421950CE.NFO,02/01/2024,09:53:40,0.5,0.5,441840,0.55,293120,0,1797080
FINNIFTY02JAN2421950CE.NFO,02/01/2024,09:53:42,0.5,0.5,441640,0.55,293160,1800,1797080
FINNIFTY02JAN2421950CE.NFO,02/01/2024,09:53:45,0.5,0.5,439840,0.55,293160,1800,1797080
FINNIFTY02JAN2421950CE.NFO,02/01/2024,09:53:47,0.55,0.5,440400,0.55,291360,1800,1797080
FINNIFTY02JAN2421950CE.NFO,02/01/2024,09:53:48,0.55,0.5,440400,0.55,291360,0,1797080
FINNIFTY02JAN2421950CE.NFO,02/01/2024,09:53:50,0.55,0.5,440400,0.55,289560,1800,1797080
FINNIFTY02JAN2421950CE.NFO,02/01/2024,09:53:52,0.55,0.5,440400,0.55,285960,3600,1797080
FINNIFTY02JAN2421950CE.NFO,02/01/2024,09:53:53,0.55,0.5,440400,0.55,285560,400,1797080
FINNIFTY02JAN2421950CE.NFO,02/01/2024,09:53:55,0.55,0.5,440440,0.55,285560,0,1797080
FINNIFTY02JAN2421950CE.NFO,02/01/2024,09:53:58,0.55,0.5,440440,0.55,283240,1800,1797080
FINNIFTY02JAN2421950CE.NFO,02/01/2024,09:54:00,0.55,0.5,440440,0.55,282440,800,1797080
FINNIFTY02JAN2421950CE.NFO,02/01/2024,09:54:01,0.55,0.5,440440,0.55,281960,480,1797080
FINNIFTY02JAN2421950CE.NFO,02/01/2024,09:54:04,0.55,0.5,440400,0.55,282440,40,1797080
FINNIFTY02JAN2421950CE.NFO,02/01/2024,09:54:12,0.5,0.5,440360,0.55,282440,40,1797080
FINNIFTY02JAN2421950CE.NFO,02/01/2024,09:54:17,0.5,0.5,438360,0.55,282440,2000,1797080
FINNIFTY02JAN2421950CE.NFO,02/01/2024,09:54:19,0.5,0.5,435760,0.55,282440,3000,1797080
FINNIFTY02JAN2421950CE.NFO,02/01/2024,09:54:24,0.5,0.5,435680,0.55,284800,0,1797080
FINNIFTY02JAN2421950CE.NFO,02/01/2024,09:54:25,0.5,0.5,432480,0.55,281600,3200,1797080
FINNIFTY02JAN2421950CE.NFO,02/01/2024,09:54:27,0.5,0.5,432480,0.55,285200,0,1797080
FINNIFTY02JAN2421950CE.NFO,02/01/2024,09:54:29,0.55,0.5,432440,0.55,285160,40,1797080
FINNIFTY02JAN2421950CE.NFO,02/01/2024,09:54:42,0.55,0.5,432440,0.55,283320,0,1797080
FINNIFTY02JAN2421950CE.NFO,02/01/2024,09:54:54,0.55,0.5,429840,0.55,251800,18440,1797080
FINNIFTY02JAN2421950CE.NFO,02/01/2024,09:55:07,0.55,0.5,436520,0.55,240200,9760,1797080
FINNIFTY02JAN2421950CE.NFO,02/01/2024,09:55:18,0.55,0.5,441280,0.55,250840,3600,1797080
FINNIFTY02JAN2421950CE.NFO,02/01/2024,09:55:29,0.55,0.5,434560,0.55,234920,27760,1797080
FINNIFTY02JAN2421950CE.NFO,02/01/2024,09:55:42,0.5,0.5,431520,0.55,235720,18480,1797080
FINNIFTY02JAN2421950CE.NFO,02/01/2024,09:55:53,0.55,0.5,419800,0.55,225760,38400,1797080
FINNIFTY02JAN2421950CE.NFO,02/01/2024,09:56:07,0.5,0.5,416480,0.55,198920,19120,1797080
FINNIFTY02JAN2421950CE.NFO,02/01/2024,09:56:20,0.5,0.5,403760,0.55,205440,35440,1797080
FINNIFTY02JAN2421950CE.NFO,02/01/2024,09:56:34,0.55,0.55,839160,0.6,243480,209920,1834520
FINNIFTY02JAN2421950CE.NFO,02/01/2024,09:56:47,0.6,0.55,1652000,0.6,337640,38760,1834520
FINNIFTY02JAN2421950CE.NFO,02/01/2024,09:57:00,0.55,0.55,1632800,0.6,358840,15640,1834520
FINNIFTY02JAN2421950CE.NFO,02/01/2024,09:57:13,0.6,0.6,294240,0.65,129960,228960,1834520
FINNIFTY02JAN2421950CE.NFO,02/01/2024,09:57:27,0.65,0.6,314080,0.65,183400,15960,1834520
FINNIFTY02JAN2421950CE.NFO,02/01/2024,09:57:31,0.6,0.6,313920,0.65,201400,2920,1834520
FINNIFTY02JAN2421950CE.NFO,02/01/2024,09:57:32,0.6,0.6,319360,0.65,214400,25320,1834520
FINNIFTY02JAN2421950CE.NFO,02/01/2024,09:57:34,0.6,0.6,173640,0.65,202560,70280,1834520
FINNIFTY02JAN2421950CE.NFO,02/01/2024,09:57:36,0.65,0.6,267360,0.65,236640,22160,1834520
FINNIFTY02JAN2421950CE.NFO,02/01/2024,09:57:37,0.65,0.6,255720,0.65,258000,2880,1834520
FINNIFTY02JAN2421950CE.NFO,02/01/2024,09:57:39,0.65,0.6,254200,0.65,259520,3000,1834520
FINNIFTY02JAN2421950CE.NFO,02/01/2024,09:57:41,0.6,0.6,251800,0.65,258120,2400,1834520
FINNIFTY02JAN2421950CE.NFO,02/01/2024,09:57:42,0.6,0.6,250360,0.65,258920,2000,1834520
FINNIFTY02JAN2421950CE.NFO,02/01/2024,09:57:44,0.6,0.6,246920,0.65,257880,10080,1834520
FINNIFTY02JAN2421950CE.NFO,02/01/2024,09:57:46,0.6,0.6,244840,0.65,257800,6000,1834520
FINNIFTY02JAN2421950CE.NFO,02/01/2024,09:57:47,0.6,0.6,239920,0.65,257800,4120,1834520
FINNIFTY02JAN2421950CE.NFO,02/01/2024,09:57:49,0.6,0.6,240160,0.65,250600,0,1834520
FINNIFTY02JAN2421950CE.NFO,02/01/2024,09:57:50,0.6,0.6,239960,0.65,245960,200,1834520
FINNIFTY02JAN2421950CE.NFO,02/01/2024,09:57:52,0.6,0.6,226040,0.65,251840,8920,1834520
FINNIFTY02JAN2421950CE.NFO,02/01/2024,09:57:54,0.6,0.6,214720,0.65,253520,20560,1834520
FINNIFTY02JAN2421950CE.NFO,02/01/2024,09:57:55,0.65,0.6,166840,0.65,156840,25800,1834520
FINNIFTY02JAN2421950CE.NFO,02/01/2024,09:57:57,0.65,0.6,172480,0.65,159400,19720,1834520
FINNIFTY02JAN2421950CE.NFO,02/01/2024,09:57:59,0.6,0.6,164680,0.65,157200,7800,1834520
FINNIFTY02JAN2421950CE.NFO,02/01/2024,09:58:00,0.6,0.55,1576320,0.6,167560,132640,1834520
FINNIFTY02JAN2421950CE.NFO,02/01/2024,09:58:02,0.6,0.55,1577120,0.6,198240,120,1834520
FINNIFTY02JAN2421950CE.NFO,02/01/2024,09:58:04,0.6,0.55,1578560,0.6,194600,3600,1834520
FINNIFTY02JAN2421950CE.NFO,02/01/2024,09:58:05,0.55,0.55,1579240,0.6,202360,1720,1834520
FINNIFTY02JAN2421950CE.NFO,02/01/2024,09:58:07,0.6,0.55,1579920,0.6,199880,5000,1834520
FINNIFTY02JAN2421950CE.NFO,02/01/2024,09:58:09,0.6,0.55,1579960,0.6,199880,0,1834520
FINNIFTY02JAN2421950CE.NFO,02/01/2024,09:58:10,0.6,0.55,1582760,0.6,181240,5680,1834520
FINNIFTY02JAN2421950CE.NFO,02/01/2024,09:58:12,0.6,0.55,1588320,0.6,174320,15440,1834520
FINNIFTY02JAN2421950CE.NFO,02/01/2024,09:58:14,0.6,0.6,264600,0.65,133840,108680,1834520
FINNIFTY02JAN2421950CE.NFO,02/01/2024,09:58:15,0.65,0.6,267680,0.65,240640,400,1834520
FINNIFTY02JAN2421950CE.NFO,02/01/2024,09:58:17,0.65,0.6,270040,0.65,240720,3000,1834520
FINNIFTY02JAN2421950CE.NFO,02/01/2024,09:58:19,0.6,0.6,270200,0.65,232840,800,1834520
FINNIFTY02JAN2421950CE.NFO,02/01/2024,09:58:20,0.6,0.6,268160,0.65,243200,1520,1834520
FINNIFTY02JAN2421950CE.NFO,02/01/2024,09:58:22,0.6,0.6,268920,0.65,243200,4040,1834520
FINNIFTY02JAN2421950CE.NFO,02/01/2024,09:58:24,0.6,0.6,267400,0.65,242560,800,1834520
FINNIFTY02JAN2421950CE.NFO,02/01/2024,09:58:25,0.6,0.6,266000,0.65,242560,2280,1834520
FINNIFTY02JAN2421950CE.NFO,02/01/2024,09:58:27,0.65,0.6,263480,0.65,239840,4280,1834520
FINNIFTY02JAN2421950CE.NFO,02/01/2024,09:58:28,0.6,0.6,252040,0.65,240000,13520,1834520
FINNIFTY02JAN2421950CE.NFO,02/01/2024,09:58:30,0.6,0.6,245440,0.65,241240,6120,1834520
FINNIFTY02JAN2421950CE.NFO,02/01/2024,09:58:32,0.6,0.6,248480,0.65,222600,4960,1834520
FINNIFTY02JAN2421950CE.NFO,02/01/2024,09:58:33,0.6,0.6,246560,0.65,230000,5400,1834520
FINNIFTY02JAN2421950CE.NFO,02/01/2024,09:58:35,0.65,0.6,245720,0.65,231000,1240,1834520
FINNIFTY02JAN2421950CE.NFO,02/01/2024,09:58:37,0.6,0.6,238920,0.65,232560,12880,1834520
FINNIFTY02JAN2421950CE.NFO,02/01/2024,09:58:38,0.6,0.6,232080,0.65,234520,6800,1834520
FINNIFTY02JAN2421950CE.NFO,02/01/2024,09:58:40,0.6,0.6,244320,0.65,267520,22160,1834520
FINNIFTY02JAN2421950CE.NFO,02/01/2024,09:58:42,0.6,0.6,241240,0.65,274720,8440,1834520
FINNIFTY02JAN2421950CE.NFO,02/01/2024,09:58:43,0.6,0.6,228240,0.65,288560,8280,1834520
FINNIFTY02JAN2421950CE.NFO,02/01/2024,09:58:45,0.6,0.6,218960,0.65,291200,7400,1834520
FINNIFTY02JAN2421950CE.NFO,02/01/2024,09:58:47,0.6,0.6,205400,0.65,294560,17720,1834520
FINNIFTY02JAN2421950CE.NFO,02/01/2024,09:58:48,0.6,0.6,185200,0.65,293880,16720,1834520
FINNIFTY02JAN2421950CE.NFO,02/01/2024,09:58:50,0.6,0.6,164640,0.65,335920,25040,1834520
FINNIFTY02JAN2421950CE.NFO,02/01/2024,09:58:52,0.6,0.6,179800,0.65,346440,16080,1834520
FINNIFTY02JAN2421950CE.NFO,02/01/2024,09:58:53,0.6,0.6,90600,0.65,362760,9280,1834520
FINNIFTY02JAN2421950CE.NFO,02/01/2024,09:58:55,0.6,0.6,166520,0.65,129720,13760,1834520
FINNIFTY02JAN2421950CE.NFO,02/01/2024,09:58:57,0.65,0.6,143160,0.65,128200,3400,1834520
FINNIFTY02JAN2421950CE.NFO,02/01/2024,09:58:58,0.65,0.6,183040,0.65,117480,360,1834520
FINNIFTY02JAN2421950CE.NFO,02/01/2024,09:59:00,0.6,0.6,218240,0.65,117320,7320,1834520
FINNIFTY02JAN2421950CE.NFO,02/01/2024,09:59:02,0.65,0.6,221800,0.65,119640,760,1834520
FINNIFTY02JAN2421950CE.NFO,02/01/2024,09:59:03,0.65,0.6,221800,0.65,119240,400,1834520
FINNIFTY02JAN2421950CE.NFO,02/01/2024,09:59:05,0.6,0.6,218240,0.65,119240,3000,1834520
FINNIFTY02JAN2421950CE.NFO,02/01/2024,09:59:07,0.6,0.6,218240,0.65,119240,0,1834520
FINNIFTY02JAN2421950CE.NFO,02/01/2024,09:59:08,0.6,0.6,248240,0.65,119800,0,1834520
FINNIFTY02JAN2421950CE.NFO,02/01/2024,09:59:10,0.6,0.6,248360,0.65,119800,0,1834520
FINNIFTY02JAN2421950CE.NFO,02/01/2024,09:59:12,0.6,0.6,237280,0.65,139480,40,1834520
FINNIFTY02JAN2421950CE.NFO,02/01/2024,09:59:13,0.6,0.6,244640,0.65,138920,320,1834520
FINNIFTY02JAN2421950CE.NFO,02/01/2024,09:59:15,0.65,0.6,248200,0.65,138880,40,1834520
FINNIFTY02JAN2421950CE.NFO,02/01/2024,09:59:17,0.65,0.6,248200,0.65,111880,120,1834520
FINNIFTY02JAN2421950CE.NFO,02/01/2024,09:59:18,0.65,0.6,247880,0.65,119080,0,1834520
FINNIFTY02JAN2421950CE.NFO,02/01/2024,09:59:20,0.65,0.6,249040,0.65,126640,3480,1834520
FINNIFTY02JAN2421950CE.NFO,02/01/2024,09:59:22,0.6,0.6,247640,0.65,128080,1440,1834520
FINNIFTY02JAN2421950CE.NFO,02/01/2024,09:59:23,0.6,0.6,246840,0.65,128080,800,1834520
FINNIFTY02JAN2421950CE.NFO,02/01/2024,09:59:25,0.6,0.6,243480,0.65,146560,4160,1834520
FINNIFTY02JAN2421950CE.NFO,02/01/2024,09:59:27,0.6,0.6,238840,0.65,147560,15320,1834520
FINNIFTY02JAN2421950CE.NFO,02/01/2024,09:59:28,0.6,0.6,238960,0.65,149400,11000,1951200
FINNIFTY02JAN2421950CE.NFO,02/01/2024,09:59:30,0.6,0.6,230840,0.65,149560,12320,1951200
FINNIFTY02JAN2421950CE.NFO,02/01/2024,09:59:32,0.6,0.6,230400,0.65,151880,12120,1951200
FINNIFTY02JAN2421950CE.NFO,02/01/2024,09:59:33,0.6,0.6,233920,0.65,154120,12800,1951200
FINNIFTY02JAN2421950CE.NFO,02/01/2024,09:59:35,0.6,0.6,238640,0.65,156000,8840,1951200
FINNIFTY02JAN2421950CE.NFO,02/01/2024,09:59:37,0.6,0.6,250760,0.65,142240,4480,1951200
FINNIFTY02JAN2421950CE.NFO,02/01/2024,09:59:38,0.6,0.6,247360,0.65,142240,5760,1951200
FINNIFTY02JAN2421950CE.NFO,02/01/2024,09:59:40,0.6,0.6,248880,0.65,135000,160,1951200
FINNIFTY02JAN2421950CE.NFO,02/01/2024,09:59:42,0.65,0.6,248240,0.65,140400,3400,1951200
FINNIFTY02JAN2421950CE.NFO,02/01/2024,09:59:43,0.6,0.6,250400,0.65,134520,1800,1951200
FINNIFTY02JAN2421950CE.NFO,02/01/2024,09:59:45,0.6,0.6,248960,0.65,134520,1520,1951200
FINNIFTY02JAN2421950CE.NFO,02/01/2024,09:59:47,0.65,0.6,248520,0.65,142400,3440,1951200
FINNIFTY02JAN2421950CE.NFO,02/01/2024,09:59:48,0.65,0.6,247920,0.65,138320,4520,1951200
FINNIFTY02JAN2421950CE.NFO,02/01/2024,09:59:50,0.6,0.6,246720,0.65,145840,2960,1951200
FINNIFTY02JAN2421950CE.NFO,02/01/2024,09:59:52,0.6,0.6,247480,0.65,145840,160,1951200
FINNIFTY02JAN2421950CE.NFO,02/01/2024,09:59:53,0.65,0.6,245680,0.65,206200,1880,1951200
FINNIFTY02JAN2421950CE.NFO,02/01/2024,09:59:55,0.65,0.6,245680,0.65,206240,0,1951200
FINNIFTY02JAN2421950CE.NFO,02/01/2024,09:59:57,0.6,0.6,244880,0.65,207800,240,1951200
FINNIFTY02JAN2421950CE.NFO,02/01/2024,09:59:58,0.6,0.6,244400,0.65,207800,440,1951200
FINNIFTY02JAN2421950CE.NFO,02/01/2024,10:00:00,0.6,0.6,244160,0.65,207800,0,1951200
FINNIFTY02JAN2421950CE.NFO,02/01/2024,10:00:01,0.65,0.6,240560,0.65,192680,1080,1951200
FINNIFTY02JAN2421950CE.NFO,02/01/2024,10:00:03,0.65,0.6,244200,0.65,195400,320,1951200
FINNIFTY02JAN2421950CE.NFO,02/01/2024,10:00:05,0.65,0.6,244200,0.65,190600,80,1951200
FINNIFTY02JAN2421950CE.NFO,02/01/2024,10:00:06,0.65,0.6,242400,0.65,212400,160,1951200
FINNIFTY02JAN2421950CE.NFO,02/01/2024,10:00:08,0.6,0.6,243240,0.65,213160,1080,1951200
FINNIFTY02JAN2421950CE.NFO,02/01/2024,10:00:10,0.65,0.6,243840,0.65,213320,720,1951200
FINNIFTY02JAN2421950CE.NFO,02/01/2024,10:00:11,0.65,0.6,244760,0.65,213440,1320,1951200
FINNIFTY02JAN2421950CE.NFO,02/01/2024,10:00:13,0.65,0.6,244080,0.65,213080,1880,1951200
FINNIFTY02JAN2421950CE.NFO,02/01/2024,10:00:15,0.65,0.6,244160,0.65,211480,1040,1951200
FINNIFTY02JAN2421950CE.NFO,02/01/2024,10:00:16,0.65,0.6,244120,0.65,213320,120,1951200
FINNIFTY02JAN2421950CE.NFO,02/01/2024,10:00:18,0.65,0.6,247120,0.65,158640,3240,1951200
FINNIFTY02JAN2421950CE.NFO,02/01/2024,10:00:19,0.65,0.6,246240,0.65,158560,80,1951200
FINNIFTY02JAN2421950CE.NFO,02/01/2024,10:00:21,0.65,0.6,247360,0.65,159440,120,1951200
FINNIFTY02JAN2421950CE.NFO,02/01/2024,10:00:23,0.65,0.6,247080,0.65,165680,120,1951200
FINNIFTY02JAN2421950CE.NFO,02/01/2024,10:00:24,0.65,0.6,247400,0.65,166000,120,1951200
FINNIFTY02JAN2421950CE.NFO,02/01/2024,10:00:26,0.65,0.6,247400,0.65,165920,80,1951200
FINNIFTY02JAN2421950CE.NFO,02/01/2024,10:00:28,0.65,0.6,248520,0.65,167720,160,1951200
FINNIFTY02JAN2421950CE.NFO,02/01/2024,10:00:29,0.65,0.6,233400,0.65,167560,120,1951200
FINNIFTY02JAN2421950CE.NFO,02/01/2024,10:00:41,0.6,0.55,1563240,0.6,379600,196600,1951200
FINNIFTY02JAN2421950CE.NFO,02/01/2024,10:00:53,0.55,0.55,1560160,0.6,388920,10640,1951200
FINNIFTY02JAN2421950CE.NFO,02/01/2024,10:01:04,0.6,0.55,1559840,0.6,379440,15600,1951200
FINNIFTY02JAN2421950CE.NFO,02/01/2024,10:01:15,0.55,0.55,1549400,0.6,375760,32640,1951200
FINNIFTY02JAN2421950CE.NFO,02/01/2024,10:01:26,0.55,0.55,1546400,0.6,353240,7240,1951200
FINNIFTY02JAN2421950CE.NFO,02/01/2024,10:01:37,0.6,0.55,1570560,0.6,382720,23280,1951200
FINNIFTY02JAN2421950CE.NFO,02/01/2024,10:01:48,0.55,0.55,1573720,0.6,404360,16960,1951200
FINNIFTY02JAN2421950CE.NFO,02/01/2024,10:01:59,0.55,0.55,1574600,0.6,399560,11320,1951200
FINNIFTY02JAN2421950CE.NFO,02/01/2024,10:02:11,0.6,0.55,1584240,0.6,344720,78240,1951200
FINNIFTY02JAN2421950CE.NFO,02/01/2024,10:02:22,0.6,0.55,1590560,0.6,282760,56720,1951200
FINNIFTY02JAN2421950CE.NFO,02/01/2024,10:02:30,0.6,0.55,1590720,0.6,286760,5920,1983200
FINNIFTY02JAN2421950CE.NFO,02/01/2024,10:02:32,0.6,0.55,1590720,0.6,268120,6000,1983200
FINNIFTY02JAN2421950CE.NFO,02/01/2024,10:02:35,0.55,0.55,1585840,0.6,318280,4000,1983200
FINNIFTY02JAN2421950CE.NFO,02/01/2024,10:02:37,0.6,0.55,1584840,0.6,316040,3240,1983200
FINNIFTY02JAN2421950CE.NFO,02/01/2024,10:02:38,0.6,0.55,1584840,0.6,278760,1120,1983200
FINNIFTY02JAN2421950CE.NFO,02/01/2024,10:02:40,0.6,0.55,1584840,0.6,273040,960,1983200
FINNIFTY02JAN2421950CE.NFO,02/01/2024,10:02:42,0.6,0.55,1582720,0.6,283240,4200,1983200
FINNIFTY02JAN2421950CE.NFO,02/01/2024,10:02:43,0.6,0.55,1580680,0.6,288920,3480,1983200
FINNIFTY02JAN2421950CE.NFO,02/01/2024,10:02:45,0.6,0.55,1580400,0.6,283960,840,1983200
FINNIFTY02JAN2421950CE.NFO,02/01/2024,10:02:47,0.6,0.55,1580360,0.6,294560,1800,1983200
FINNIFTY02JAN2421950CE.NFO,02/01/2024,10:02:48,0.6,0.55,1578440,0.6,295040,2880,1983200
FINNIFTY02JAN2421950CE.NFO,02/01/2024,10:02:50,0.6,0.55,1576680,0.6,292960,3840,1983200
FINNIFTY02JAN2421950CE.NFO,02/01/2024,10:02:52,0.6,0.55,1576920,0.6,275160,1600,1983200
FINNIFTY02JAN2421950CE.NFO,02/01/2024,10:02:53,0.6,0.55,1558760,0.6,316000,21560,1983200
FINNIFTY02JAN2421950CE.NFO,02/01/2024,10:02:55,0.6,0.55,1555160,0.6,290880,6800,1983200
FINNIFTY02JAN2421950CE.NFO,02/01/2024,10:02:57,0.6,0.55,1555160,0.6,314760,4040,1983200
FINNIFTY02JAN2421950CE.NFO,02/01/2024,10:02:58,0.6,0.55,1551280,0.6,294520,7880,1983200
FINNIFTY02JAN2421950CE.NFO,02/01/2024,10:03:00,0.6,0.55,1549560,0.6,291800,4520,1983200
FINNIFTY02JAN2421950CE.NFO,02/01/2024,10:03:02,0.6,0.55,1547000,0.6,276640,8280,1983200
FINNIFTY02JAN2421950CE.NFO,02/01/2024,10:03:03,0.6,0.55,1529760,0.6,305360,21560,1983200
FINNIFTY02JAN2421950CE.NFO,02/01/2024,10:03:05,0.55,0.55,1527920,0.6,310160,1800,1983200
FINNIFTY02JAN2421950CE.NFO,02/01/2024,10:03:07,0.55,0.55,1526960,0.6,322640,720,1983200
FINNIFTY02JAN2421950CE.NFO,02/01/2024,10:03:08,0.55,0.55,1525120,0.6,321600,3440,1983200
FINNIFTY02JAN2421950CE.NFO,02/01/2024,10:03:10,0.6,0.55,1523280,0.6,309600,11480,1983200
FINNIFTY02JAN2421950CE.NFO,02/01/2024,10:03:12,0.55,0.55,1523240,0.6,292240,80,1983200
FINNIFTY02JAN2421950CE.NFO,02/01/2024,10:03:13,0.6,0.55,1524320,0.6,270200,5040,1983200
FINNIFTY02JAN2421950CE.NFO,02/01/2024,10:03:15,0.6,0.55,1523520,0.6,287840,6840,1983200
FINNIFTY02JAN2421950CE.NFO,02/01/2024,10:03:17,0.6,0.55,1521280,0.6,255680,10720,1983200
FINNIFTY02JAN2421950CE.NFO,02/01/2024,10:03:18,0.55,0.55,1520960,0.6,256880,3920,1983200
FINNIFTY02JAN2421950CE.NFO,02/01/2024,10:03:20,0.6,0.55,1519360,0.6,249480,5400,1983200
FINNIFTY02JAN2421950CE.NFO,02/01/2024,10:03:22,0.6,0.55,1519360,0.6,264720,1800,1983200
FINNIFTY02JAN2421950CE.NFO,02/01/2024,10:03:23,0.6,0.55,1519320,0.6,290920,3200,1983200
FINNIFTY02JAN2421950CE.NFO,02/01/2024,10:03:25,0.55,0.55,1516200,0.6,303760,2000,1983200
FINNIFTY02JAN2421950CE.NFO,02/01/2024,10:03:27,0.55,0.55,1514520,0.6,315680,1920,1983200
FINNIFTY02JAN2421950CE.NFO,02/01/2024,10:03:28,0.6,0.55,1514240,0.6,315520,200,1983200
FINNIFTY02JAN2421950CE.NFO,02/01/2024,10:03:30,0.55,0.55,1514000,0.6,316080,240,1983200
FINNIFTY02JAN2421950CE.NFO,02/01/2024,10:03:41,0.55,0.55,1511640,0.6,301480,24760,1983200
FINNIFTY02JAN2421950CE.NFO,02/01/2024,10:03:52,0.55,0.55,1506440,0.6,341240,8840,1983200
FINNIFTY02JAN2421950CE.NFO,02/01/2024,10:04:03,0.6,0.55,1508120,0.6,340800,600,1983200
FINNIFTY02JAN2421950CE.NFO,02/01/2024,10:04:15,0.55,0.55,1507680,0.6,319000,12360,1983200
FINNIFTY02JAN2421950CE.NFO,02/01/2024,10:04:27,0.55,0.55,1498120,0.6,336560,9680,1983200
FINNIFTY02JAN2421950CE.NFO,02/01/2024,10:04:38,0.55,0.55,1493320,0.6,352720,3280,1983200
FINNIFTY02JAN2421950CE.NFO,02/01/2024,10:04:50,0.55,0.55,1490240,0.6,331720,32520,1983200
FINNIFTY02JAN2421950CE.NFO,02/01/2024,10:05:01,0.55,0.55,1484520,0.6,331640,6000,1983200
FINNIFTY02JAN2421950CE.NFO,02/01/2024,10:05:12,0.55,0.55,1483520,0.6,329640,3200,1983200
FINNIFTY02JAN2421950CE.NFO,02/01/2024,10:05:22,0.55,0.55,1482720,0.6,347080,1920,1983200
FINNIFTY02JAN2421950CE.NFO,02/01/2024,10:05:33,0.6,0.55,1483040,0.6,345320,1800,1983200
FINNIFTY02JAN2421950CE.NFO,02/01/2024,10:05:44,0.55,0.55,1482440,0.6,344720,600,1946920
FINNIFTY02JAN2421950CE.NFO,02/01/2024,10:05:55,0.6,0.55,1479000,0.6,351120,3160,1946920
FINNIFTY02JAN2421950CE.NFO,02/01/2024,10:06:07,0.55,0.55,1479560,0.6,348800,3960,1946920
FINNIFTY02JAN2421950CE.NFO,02/01/2024,10:06:18,0.6,0.55,1478400,0.6,346400,6360,1946920
FINNIFTY02JAN2421950CE.NFO,02/01/2024,10:06:31,0.55,0.55,1468680,0.6,274440,89560,1946920
FINNIFTY02JAN2421950CE.NFO,02/01/2024,10:06:42,0.55,0.55,1463440,0.6,278480,12160,1946920
FINNIFTY02JAN2421950CE.NFO,02/01/2024,10:06:54,0.55,0.55,1460600,0.6,310840,3120,1946920
FINNIFTY02JAN2421950CE.NFO,02/01/2024,10:07:05,0.6,0.55,1460160,0.6,288080,18680,1946920
FINNIFTY02JAN2421950CE.NFO,02/01/2024,10:07:17,0.55,0.55,1456320,0.6,248800,22640,1946920
FINNIFTY02JAN2421950CE.NFO,02/01/2024,10:07:28,0.55,0.55,1445640,0.6,282640,12440,1946920
FINNIFTY02JAN2421950CE.NFO,02/01/2024,10:07:39,0.55,0.55,1437120,0.6,299040,11760,1946920
FINNIFTY02JAN2421950CE.NFO,02/01/2024,10:07:50,0.6,0.55,1435840,0.6,244760,20520,1946920
FINNIFTY02JAN2421950CE.NFO,02/01/2024,10:08:01,0.55,0.55,1428240,0.6,290600,10200,1946920
FINNIFTY02JAN2421950CE.NFO,02/01/2024,10:08:12,0.6,0.55,1422440,0.6,302800,7600,1946920
FINNIFTY02JAN2421950CE.NFO,02/01/2024,10:08:23,0.6,0.55,1361800,0.6,201360,115520,1946920
FINNIFTY02JAN2421950CE.NFO,02/01/2024,10:08:34,0.55,0.55,1358360,0.6,229680,4000,1964040
FINNIFTY02JAN2421950CE.NFO,02/01/2024,10:08:45,0.55,0.55,1358200,0.6,242120,200,1964040
FINNIFTY02JAN2421950CE.NFO,02/01/2024,10:08:57,0.6,0.55,1358200,0.6,193880,4000,1964040
FINNIFTY02JAN2421950CE.NFO,02/01/2024,10:09:08,0.55,0.55,1286480,0.6,296280,74640,1964040
FINNIFTY02JAN2421950CE.NFO,02/01/2024,10:09:20,0.55,0.55,1225120,0.6,347920,60400,1964040
FINNIFTY02JAN2421950CE.NFO,02/01/2024,10:09:31,0.55,0.55,1232240,0.6,342920,19120,1964040
FINNIFTY02JAN2421950CE.NFO,02/01/2024,10:09:32,0.55,0.55,1231560,0.6,345880,80,1964040
FINNIFTY02JAN2421950CE.NFO,02/01/2024,10:09:34,0.55,0.55,1233920,0.6,367400,40,1964040
FINNIFTY02JAN2421950CE.NFO,02/01/2024,10:09:37,0.55,0.55,1233920,0.6,336320,0,1964040
FINNIFTY02JAN2421950CE.NFO,02/01/2024,10:09:39,0.6,0.55,1233920,0.6,352680,1800,1964040
FINNIFTY02JAN2421950CE.NFO,02/01/2024,10:09:41,0.55,0.55,1231000,0.6,331440,3600,1964040
FINNIFTY02JAN2421950CE.NFO,02/01/2024,10:09:42,0.55,0.55,1230880,0.6,365600,120,1964040
FINNIFTY02JAN2421950CE.NFO,02/01/2024,10:09:44,0.55,0.55,1230840,0.6,365600,40,1964040
FINNIFTY02JAN2421950CE.NFO,02/01/2024,10:09:47,0.6,0.55,1229560,0.6,351040,400,1964040
FINNIFTY02JAN2421950CE.NFO,02/01/2024,10:09:50,0.6,0.55,1229560,0.6,366880,120,1964040
FINNIFTY02JAN2421950CE.NFO,02/01/2024,10:09:52,0.55,0.55,1229320,0.6,366880,240,1964040
FINNIFTY02JAN2421950CE.NFO,02/01/2024,10:09:55,0.55,0.55,992200,0.6,149200,0,1964040
FINNIFTY02JAN2421950CE.NFO,02/01/2024,10:09:57,0.55,0.5,559120,0.55,231880,150400,1964040
FINNIFTY02JAN2421950CE.NFO,02/01/2024,10:09:59,0.55,0.5,559200,0.55,257200,0,1964040
FINNIFTY02JAN2421950CE.NFO,02/01/2024,10:10:02,0.5,0.5,552320,0.55,266240,5760,1964040
FINNIFTY02JAN2421950CE.NFO,02/01/2024,10:10:04,0.5,0.5,551720,0.55,264440,1800,1964040
FINNIFTY02JAN2421950CE.NFO,02/01/2024,10:10:05,0.5,0.5,548720,0.55,277640,3000,1964040
FINNIFTY02JAN2421950CE.NFO,02/01/2024,10:10:07,0.5,0.5,548720,0.55,287240,0,1964040
FINNIFTY02JAN2421950CE.NFO,02/01/2024,10:10:09,0.5,0.5,548480,0.55,287600,280,1964040
FINNIFTY02JAN2421950CE.NFO,02/01/2024,10:10:10,0.5,0.5,548480,0.55,288680,0,1964040
FINNIFTY02JAN2421950CE.NFO,02/01/2024,10:10:12,0.55,0.5,1357600,0.55,263000,25320,1964040
FINNIFTY02JAN2421950CE.NFO,02/01/2024,10:10:14,0.55,0.5,1364440,0.55,150520,51480,1964040
FINNIFTY02JAN2421950CE.NFO,02/01/2024,10:10:15,0.55,0.5,1364360,0.55,245360,1520,1964040
FINNIFTY02JAN2421950CE.NFO,02/01/2024,10:10:17,0.55,0.5,1364360,0.55,302280,0,1964040
FINNIFTY02JAN2421950CE.NFO,02/01/2024,10:10:19,0.55,0.5,1365360,0.55,302280,0,1964040
FINNIFTY02JAN2421950CE.NFO,02/01/2024,10:10:20,0.55,0.5,1377160,0.55,302200,0,1964040
FINNIFTY02JAN2421950CE.NFO,02/01/2024,10:10:22,0.55,0.5,1377160,0.55,302120,0,1964040
FINNIFTY02JAN2421950CE.NFO,02/01/2024,10:10:24,0.55,0.5,1377040,0.55,252560,160,1964040
FINNIFTY02JAN2421950CE.NFO,02/01/2024,10:10:25,0.55,0.5,1377920,0.55,293840,0,1964040
FINNIFTY02JAN2421950CE.NFO,02/01/2024,10:10:27,0.55,0.5,1368040,0.55,314360,10000,1964040
FINNIFTY02JAN2421950CE.NFO,02/01/2024,10:10:29,0.5,0.5,2166240,0.55,299880,1800,1964040
FINNIFTY02JAN2421950CE.NFO,02/01/2024,10:10:33,0.5,0.5,2167120,0.55,303480,0,1964040
FINNIFTY02JAN2421950CE.NFO,02/01/2024,10:10:37,0.55,0.5,2163520,0.55,289240,7800,1964040
FINNIFTY02JAN2421950CE.NFO,02/01/2024,10:10:38,0.55,0.5,2163520,0.55,318920,40,1964040
FINNIFTY02JAN2421950CE.NFO,02/01/2024,10:10:40,0.55,0.5,2163520,0.55,318880,40,1964040
FINNIFTY02JAN2421950CE.NFO,02/01/2024,10:10:43,0.55,0.5,2160920,0.55,320760,2640,1964040
FINNIFTY02JAN2421950CE.NFO,02/01/2024,10:10:46,0.55,0.5,2161000,0.55,335520,0,1964040
FINNIFTY02JAN2421950CE.NFO,02/01/2024,10:10:48,0.55,0.5,2160120,0.55,335920,0,1964040
FINNIFTY02JAN2421950CE.NFO,02/01/2024,10:10:52,0.55,0.5,2160120,0.55,337520,0,1964040
FINNIFTY02JAN2421950CE.NFO,02/01/2024,10:10:55,0.55,0.5,2161000,0.55,337520,0,1964040
FINNIFTY02JAN2421950CE.NFO,02/01/2024,10:11:02,0.5,0.5,2155160,0.55,322080,8160,1964040
FINNIFTY02JAN2421950CE.NFO,02/01/2024,10:11:03,0.5,0.5,2153520,0.55,236160,30840,1964040
FINNIFTY02JAN2421950CE.NFO,02/01/2024,10:11:05,0.5,0.5,2149800,0.55,246880,33680,1964040
FINNIFTY02JAN2421950CE.NFO,02/01/2024,10:11:07,0.5,0.5,2149640,0.55,246560,440,1964040
FINNIFTY02JAN2421950CE.NFO,02/01/2024,10:11:08,0.5,0.5,2149640,0.55,255960,0,1964040
FINNIFTY02JAN2421950CE.NFO,02/01/2024,10:11:10,0.5,0.5,2150480,0.55,255960,40,1964040
FINNIFTY02JAN2421950CE.NFO,02/01/2024,10:11:12,0.5,0.5,2150440,0.55,256520,40,1964040
FINNIFTY02JAN2421950CE.NFO,02/01/2024,10:11:15,0.5,0.5,2150400,0.55,255960,0,1964040
FINNIFTY02JAN2421950CE.NFO,02/01/2024,10:11:18,0.55,0.5,2150400,0.55,240120,800,1964040
FINNIFTY02JAN2421950CE.NFO,02/01/2024,10:11:21,0.55,0.5,2150400,0.55,255280,0,1964040
FINNIFTY02JAN2421950CE.NFO,02/01/2024,10:11:23,0.55,0.5,2143200,0.55,255840,0,1964040
FINNIFTY02JAN2421950CE.NFO,02/01/2024,10:11:25,0.55,0.5,2139120,0.55,255280,0,1964040
FINNIFTY02JAN2421950CE.NFO,02/01/2024,10:11:31,0.55,0.5,2142120,0.55,255280,0,1964040
FINNIFTY02JAN2421950CE.NFO,02/01/2024,10:11:32,0.55,0.5,2142120,0.55,256960,0,1964040
FINNIFTY02JAN2421950CE.NFO,02/01/2024,10:11:34,0.55,0.5,2142120,0.55,263280,0,1964040
FINNIFTY02JAN2421950CE.NFO,02/01/2024,10:11:36,0.55,0.5,2142120,0.55,262200,120,1933320
FINNIFTY02JAN2421950CE.NFO,02/01/2024,10:11:44,0.55,0.5,2139120,0.55,275640,0,1933320
FINNIFTY02JAN2421950CE.NFO,02/01/2024,10:11:47,0.55,0.5,2139120,0.55,275400,0,1933320
FINNIFTY02JAN2421950CE.NFO,02/01/2024,10:11:50,0.55,0.5,2138680,0.55,275000,400,1933320
FINNIFTY02JAN2421950CE.NFO,02/01/2024,10:11:52,0.55,0.5,2138720,0.55,274000,1000,1933320
FINNIFTY02JAN2421950CE.NFO,02/01/2024,10:11:54,0.55,0.5,2138680,0.55,274000,0,1933320
FINNIFTY02JAN2421950CE.NFO,02/01/2024,10:11:55,0.55,0.5,2138000,0.55,273440,0,1933320
FINNIFTY02JAN2421950CE.NFO,02/01/2024,10:11:57,0.55,0.5,2138600,0.55,273720,280,1933320
FINNIFTY02JAN2421950CE.NFO,02/01/2024,10:11:59,0.5,0.5,2129600,0.55,273720,9000,1933320
FINNIFTY02JAN2421950CE.NFO,02/01/2024,10:12:00,0.5,0.5,2118800,0.55,272680,9480,1933320
FINNIFTY02JAN2421950CE.NFO,02/01/2024,10:12:02,0.5,0.5,2116040,0.55,294280,7200,1933320
FINNIFTY02JAN2421950CE.NFO,02/01/2024,10:12:04,0.55,0.5,2115520,0.55,297080,800,1933320
FINNIFTY02JAN2421950CE.NFO,02/01/2024,10:12:07,0.55,0.5,2115480,0.55,297200,0,1933320
FINNIFTY02JAN2421950CE.NFO,02/01/2024,10:12:09,0.5,0.5,2115360,0.55,297080,120,1933320
FINNIFTY02JAN2421950CE.NFO,02/01/2024,10:12:17,0.5,0.5,2115720,0.55,297080,200,1933320
FINNIFTY02JAN2421950CE.NFO,02/01/2024,10:12:20,0.5,0.5,2115920,0.55,297280,0,1933320
FINNIFTY02JAN2421950CE.NFO,02/01/2024,10:12:27,0.5,0.5,2114560,0.55,299080,0,1933320
FINNIFTY02JAN2421950CE.NFO,02/01/2024,10:12:28,0.55,0.5,2114560,0.55,289240,10000,1933320
FINNIFTY02JAN2421950CE.NFO,02/01/2024,10:12:37,0.55,0.5,2117440,0.55,294480,1000,1933320
FINNIFTY02JAN2421950CE.NFO,02/01/2024,10:12:49,0.55,0.5,1927840,0.55,283600,5400,1933320
FINNIFTY02JAN2421950CE.NFO,02/01/2024,10:13:01,0.5,0.5,1923280,0.55,292320,6440,1933320
FINNIFTY02JAN2421950CE.NFO,02/01/2024,10:13:12,0.5,0.5,1916240,0.55,300760,8120,1933320
FINNIFTY02JAN2421950CE.NFO,02/01/2024,10:13:22,0.5,0.5,1902840,0.55,304520,13400,1933320
FINNIFTY02JAN2421950CE.NFO,02/01/2024,10:13:33,0.5,0.5,1902840,0.55,316640,280,1933320
FINNIFTY02JAN2421950CE.NFO,02/01/2024,10:13:44,0.5,0.5,1904720,0.55,317040,1480,1933320
FINNIFTY02JAN2421950CE.NFO,02/01/2024,10:13:54,0.5,0.5,1903080,0.55,314000,600,1933320
FINNIFTY02JAN2421950CE.NFO,02/01/2024,10:14:04,0.5,0.5,1895600,0.55,321000,10320,1933320
FINNIFTY02JAN2421950CE.NFO,02/01/2024,10:14:15,0.5,0.5,1894720,0.55,328760,0,1933320
FINNIFTY02JAN2421950CE.NFO,02/01/2024,10:14:25,0.5,0.5,1895120,0.55,328400,520,1933320
FINNIFTY02JAN2421950CE.NFO,02/01/2024,10:14:35,0.5,0.5,1891120,0.55,333000,5240,1926600
FINNIFTY02JAN2421950CE.NFO,02/01/2024,10:14:46,0.55,0.5,1890480,0.55,332320,680,1926600
FINNIFTY02JAN2421950CE.NFO,02/01/2024,10:14:57,0.5,0.5,1889640,0.55,330440,2680,1926600
FINNIFTY02JAN2421950CE.NFO,02/01/2024,10:15:07,0.55,0.5,1882400,0.55,336600,7480,1926600
FINNIFTY02JAN2421950CE.NFO,02/01/2024,10:15:17,0.5,0.5,1888880,0.55,334600,2320,1926600
FINNIFTY02JAN2421950CE.NFO,02/01/2024,10:15:28,0.5,0.5,2688400,0.55,323120,80,1926600
FINNIFTY02JAN2421950CE.NFO,02/01/2024,10:15:38,0.55,0.5,1885680,0.55,339720,7280,1926600
FINNIFTY02JAN2421950CE.NFO,02/01/2024,10:15:48,0.5,0.5,1885440,0.55,339880,240,1926600
FINNIFTY02JAN2421950CE.NFO,02/01/2024,10:15:58,0.55,0.5,1886320,0.55,338320,1800,1926600
FINNIFTY02JAN2421950CE.NFO,02/01/2024,10:16:09,0.55,0.5,1878680,0.55,343920,9880,1926600
FINNIFTY02JAN2421950CE.NFO,02/01/2024,10:16:19,0.5,0.5,1866040,0.55,353560,12920,1926600
FINNIFTY02JAN2421950CE.NFO,02/01/2024,10:16:29,0.5,0.5,1866040,0.55,353760,0,1926600
FINNIFTY02JAN2421950CE.NFO,02/01/2024,10:16:39,0.5,0.5,1867160,0.55,349960,11680,1926600
FINNIFTY02JAN2421950CE.NFO,02/01/2024,10:16:50,0.55,0.5,1868040,0.55,352560,200,1926600
FINNIFTY02JAN2421950CE.NFO,02/01/2024,10:17:00,0.55,0.5,1863960,0.55,350200,7120,1926600
FINNIFTY02JAN2421950CE.NFO,02/01/2024,10:17:12,0.55,0.5,1865080,0.55,336120,6800,1926600
FINNIFTY02JAN2421950CE.NFO,02/01/2024,10:17:22,0.55,0.5,1865960,0.55,342040,1040,1926600
FINNIFTY02JAN2421950CE.NFO,02/01/2024,10:17:33,0.5,0.5,1857280,0.55,344640,8800,1927440
FINNIFTY02JAN2421950CE.NFO,02/01/2024,10:17:44,0.5,0.5,1860880,0.55,351240,1400,1927440
FINNIFTY02JAN2421950CE.NFO,02/01/2024,10:17:54,0.5,0.5,1851440,0.55,369880,14360,1927440
FINNIFTY02JAN2421950CE.NFO,02/01/2024,10:18:04,0.55,0.5,1850200,0.55,369760,1800,1927440
FINNIFTY02JAN2421950CE.NFO,02/01/2024,10:18:13,0.55,0.5,1848760,0.55,370440,1760,1927440
FINNIFTY02JAN2421950CE.NFO,02/01/2024,10:18:22,0.5,0.5,1847960,0.55,370680,800,1927440
FINNIFTY02JAN2421950CE.NFO,02/01/2024,10:18:32,0.55,0.5,1842680,0.55,371960,8800,1927440
FINNIFTY02JAN2421950CE.NFO,02/01/2024,10:18:41,0.5,0.5,1842240,0.55,371200,1280,1927440
FINNIFTY02JAN2421950CE.NFO,02/01/2024,10:18:51,0.55,0.5,1842240,0.55,355600,1000,1927440
FINNIFTY02JAN2421950CE.NFO,02/01/2024,10:19:00,0.55,0.5,1842760,0.55,354640,1240,1927440
FINNIFTY02JAN2421950CE.NFO,02/01/2024,10:19:10,0.5,0.5,1834960,0.55,356560,7680,1927440
FINNIFTY02JAN2421950CE.NFO,02/01/2024,10:19:21,0.5,0.5,1834480,0.55,361160,480,1927440
FINNIFTY02JAN2421950CE.NFO,02/01/2024,10:19:31,0.5,0.5,1835920,0.55,360720,360,1927440
FINNIFTY02JAN2421950CE.NFO,02/01/2024,10:19:41,0.55,0.5,1839840,0.55,337880,11640,1927440
FINNIFTY02JAN2421950CE.NFO,02/01/2024,10:19:50,0.55,0.5,1841280,0.55,349360,0,1927440
FINNIFTY02JAN2421950CE.NFO,02/01/2024,10:20:00,0.5,0.5,1841200,0.55,362080,40,1927440
FINNIFTY02JAN2421950CE.NFO,02/01/2024,10:20:10,0.5,0.5,1832520,0.55,362240,8000,1927440
FINNIFTY02JAN2421950CE.NFO,02/01/2024,10:20:19,0.55,0.5,1831880,0.55,362200,120,1927440
FINNIFTY02JAN2421950CE.NFO,02/01/2024,10:20:30,0.55,0.5,1831080,0.55,352040,1000,1927440
FINNIFTY02JAN2421950CE.NFO,02/01/2024,10:20:39,0.55,0.5,1832040,0.55,370600,680,1955760
FINNIFTY02JAN2421950CE.NFO,02/01/2024,10:20:48,0.55,0.5,1831080,0.55,376280,2400,1955760
FINNIFTY02JAN2421950CE.NFO,02/01/2024,10:20:57,0.55,0.5,1830960,0.55,374840,3360,1955760
FINNIFTY02JAN2421950CE.NFO,02/01/2024,10:21:07,0.5,0.5,1825440,0.55,376600,10040,1955760
FINNIFTY02JAN2421950CE.NFO,02/01/2024,10:21:17,0.55,0.5,1825240,0.55,364800,11280,1955760
FINNIFTY02JAN2421950CE.NFO,02/01/2024,10:21:28,0.55,0.5,1827680,0.55,321280,24240,1955760
FINNIFTY02JAN2421950CE.NFO,02/01/2024,10:21:39,0.55,0.5,1825480,0.55,322640,0,1955760
FINNIFTY02JAN2421950CE.NFO,02/01/2024,10:21:49,0.5,0.5,1825240,0.55,322960,240,1955760
FINNIFTY02JAN2421950CE.NFO,02/01/2024,10:21:58,0.5,0.5,1825240,0.55,322600,0,1955760
FINNIFTY02JAN2421950CE.NFO,02/01/2024,10:22:08,0.55,0.5,208680,0.55,323440,22040,1955760
FINNIFTY02JAN2421950CE.NFO,02/01/2024,10:22:18,0.55,0.5,233720,0.55,338360,19560,1955760
FINNIFTY02JAN2421950CE.NFO,02/01/2024,10:22:28,0.55,0.5,235480,0.55,351320,1040,1955760
FINNIFTY02JAN2421950CE.NFO,02/01/2024,10:22:38,0.5,0.5,231080,0.55,351320,200,1955760
FINNIFTY02JAN2421950CE.NFO,02/01/2024,10:22:48,0.5,0.5,219920,0.55,349160,1640,1955760
FINNIFTY02JAN2421950CE.NFO,02/01/2024,10:22:59,0.5,0.5,220920,0.55,348520,2520,1955760
FINNIFTY02JAN2421950CE.NFO,02/01/2024,10:23:08,0.5,0.5,370320,0.55,355360,7280,1955760
FINNIFTY02JAN2421950CE.NFO,02/01/2024,10:23:18,0.5,0.5,370320,0.55,355360,0,1955760
FINNIFTY02JAN2421950CE.NFO,02/01/2024,10:23:29,0.5,0.5,367520,0.55,355360,2800,1955760
FINNIFTY02JAN2421950CE.NFO,02/01/2024,10:23:39,0.5,0.5,366520,0.55,358160,1000,1943800
FINNIFTY02JAN2421950CE.NFO,02/01/2024,10:23:50,0.5,0.5,364600,0.55,359160,0,1943800
FINNIFTY02JAN2421950CE.NFO,02/01/2024,10:24:01,0.5,0.5,357520,0.55,364400,10760,1943800
FINNIFTY02JAN2421950CE.NFO,02/01/2024,10:24:11,0.55,0.5,380680,0.55,345000,5800,1943800
FINNIFTY02JAN2421950CE.NFO,02/01/2024,10:24:21,0.55,0.5,382560,0.55,344240,8200,1943800
FINNIFTY02JAN2421950CE.NFO,02/01/2024,10:24:31,0.55,0.5,381880,0.55,345640,320,1943800
FINNIFTY02JAN2421950CE.NFO,02/01/2024,10:24:41,0.5,0.5,455440,0.55,350160,12040,1943800
FINNIFTY02JAN2421950CE.NFO,02/01/2024,10:24:51,0.55,0.5,413840,0.55,361440,9840,1943800
FINNIFTY02JAN2421950CE.NFO,02/01/2024,10:25:01,0.5,0.5,395640,0.55,368320,21240,1943800
FINNIFTY02JAN2421950CE.NFO,02/01/2024,10:25:11,0.5,0.5,399520,0.55,367280,9880,1943800
FINNIFTY02JAN2421950CE.NFO,02/01/2024,10:25:22,0.5,0.5,399800,0.55,366280,1280,1943800
FINNIFTY02JAN2421950CE.NFO,02/01/2024,10:25:32,0.5,0.5,399240,0.55,366280,0,1943800
FINNIFTY02JAN2421950CE.NFO,02/01/2024,10:25:43,0.55,0.5,399280,0.55,366520,240,1943800
FINNIFTY02JAN2421950CE.NFO,02/01/2024,10:25:53,0.55,0.5,399840,0.55,366520,0,1943800
FINNIFTY02JAN2421950CE.NFO,02/01/2024,10:26:03,0.55,0.5,399640,0.55,366440,280,1943800
FINNIFTY02JAN2421950CE.NFO,02/01/2024,10:26:13,0.55,0.5,399640,0.55,366440,0,1943800
FINNIFTY02JAN2421950CE.NFO,02/01/2024,10:26:23,0.5,0.5,402000,0.55,366040,4960,1943800
FINNIFTY02JAN2421950CE.NFO,02/01/2024,10:26:33,0.55,0.5,401760,0.55,367320,3880,1943800
FINNIFTY02JAN2421950CE.NFO,02/01/2024,10:26:44,0.55,0.5,402000,0.55,367320,600,1923000
FINNIFTY02JAN2421950CE.NFO,02/01/2024,10:26:55,0.55,0.5,403320,0.55,366920,1560,1923000
FINNIFTY02JAN2421950CE.NFO,02/01/2024,10:27:06,0.5,0.5,396920,0.55,367160,440,1923000
FINNIFTY02JAN2421950CE.NFO,02/01/2024,10:27:17,0.5,0.5,395720,0.55,368200,2920,1923000
FINNIFTY02JAN2421950CE.NFO,02/01/2024,10:27:28,0.55,0.5,399400,0.55,368000,600,1923000
FINNIFTY02JAN2421950CE.NFO,02/01/2024,10:27:38,0.5,0.5,403240,0.55,369040,2840,1923000
FINNIFTY02JAN2421950CE.NFO,02/01/2024,10:27:48,0.5,0.5,404320,0.55,368160,80,1923000
FINNIFTY02JAN2421950CE.NFO,02/01/2024,10:27:58,0.55,0.5,409760,0.55,367480,3080,1923000
FINNIFTY02JAN2421950CE.NFO,02/01/2024,10:28:08,0.55,0.5,406880,0.55,365840,200,1923000
FINNIFTY02JAN2421950CE.NFO,02/01/2024,10:28:18,0.55,0.5,409440,0.55,363920,2320,1923000
FINNIFTY02JAN2421950CE.NFO,02/01/2024,10:28:28,0.55,0.5,414000,0.55,362800,7000,1923000
FINNIFTY02JAN2421950CE.NFO,02/01/2024,10:28:37,0.55,0.5,414880,0.55,357920,9120,1923000
FINNIFTY02JAN2421950CE.NFO,02/01/2024,10:28:46,0.5,0.5,414760,0.55,358400,120,1923000
FINNIFTY02JAN2421950CE.NFO,02/01/2024,10:28:54,0.55,0.5,414200,0.55,357600,1000,1923000
FINNIFTY02JAN2421950CE.NFO,02/01/2024,10:29:03,0.55,0.5,416800,0.55,351520,5800,1923000
FINNIFTY02JAN2421950CE.NFO,02/01/2024,10:29:12,0.55,0.5,415680,0.55,350280,1720,1923000
FINNIFTY02JAN2421950CE.NFO,02/01/2024,10:29:21,0.55,0.5,415680,0.55,349400,400,1923000
FINNIFTY02JAN2421950CE.NFO,02/01/2024,10:29:30,0.5,0.5,413960,0.55,353840,5440,1923000
FINNIFTY02JAN2421950CE.NFO,02/01/2024,10:29:39,0.55,0.5,415000,0.55,352160,1200,1919360
FINNIFTY02JAN2421950CE.NFO,02/01/2024,10:29:47,0.55,0.5,415560,0.55,352240,400,1919360
FINNIFTY02JAN2421950CE.NFO,02/01/2024,10:29:55,0.55,0.5,413840,0.55,350360,1400,1919360
FINNIFTY02JAN2421950CE.NFO,02/01/2024,10:30:04,0.55,0.5,413280,0.55,351040,800,1919360
FINNIFTY02JAN2421950CE.NFO,02/01/2024,10:30:13,0.55,0.5,415000,0.55,351000,1920,1919360
FINNIFTY02JAN2421950CE.NFO,02/01/2024,10:30:23,0.5,0.5,415320,0.55,349520,840,1919360
FINNIFTY02JAN2421950CE.NFO,02/01/2024,10:30:33,0.5,0.5,414760,0.55,350080,0,1919360
FINNIFTY02JAN2421950CE.NFO,02/01/2024,10:30:42,0.5,0.5,414560,0.55,349520,0,1919360
FINNIFTY02JAN2421950CE.NFO,02/01/2024,10:30:51,0.55,0.5,412760,0.55,346800,3600,1919360
FINNIFTY02JAN2421950CE.NFO,02/01/2024,10:31:01,0.55,0.5,412640,0.55,341440,4720,1919360
FINNIFTY02JAN2421950CE.NFO,02/01/2024,10:31:11,0.55,0.5,445000,0.55,323560,9200,1919360
FINNIFTY02JAN2421950CE.NFO,02/01/2024,10:31:20,0.5,0.5,445840,0.55,330160,6080,1919360
FINNIFTY02JAN2421950CE.NFO,02/01/2024,10:31:28,0.55,0.5,445840,0.55,328720,1440,1919360
FINNIFTY02JAN2421950CE.NFO,02/01/2024,10:31:38,0.55,0.5,428200,0.55,326880,400,1919360
