Ticker,Date,Time,LTP,BuyPrice,BuyQty,SellPrice,SellQty,LTQ,OpenInterest
FINNIFTY02JAN2421700CE.NFO,02/01/2024,09:15:00,1.85,1.75,160,1.85,640,11640,3146960
FINNIFTY02JAN2421700CE.NFO,02/01/2024,09:15:00,1.85,1.75,160,1.85,640,0,3146960
FINNIFTY02JAN2421700CE.NFO,02/01/2024,09:15:00,2.25,1.75,160,1.85,640,0,3146960
FINNIFTY02JAN2421700CE.NFO,02/01/2024,09:15:00,1.55,1.75,160,1.85,640,0,3146960
FINNIFTY02JAN2421700CE.NFO,02/01/2024,09:15:01,1.7,1.65,240,1.7,1880,52480,3146960
FINNIFTY02JAN2421700CE.NFO,02/01/2024,09:15:01,1.35,1.65,240,1.7,1880,0,3146960
FINNIFTY02JAN2421700CE.NFO,02/01/2024,09:15:03,1.45,1.45,480,1.5,640,83920,3146960
FINNIFTY02JAN2421700CE.NFO,02/01/2024,09:15:05,1.5,1.45,1040,1.55,520,76320,3146960
FINNIFTY02JAN2421700CE.NFO,02/01/2024,09:15:06,1.45,1.45,1800,1.55,4920,68800,3146960
FINNIFTY02JAN2421700CE.NFO,02/01/2024,09:15:08,1.55,1.55,5880,1.6,7320,76320,3146960
FINNIFTY02JAN2421700CE.NFO,02/01/2024,09:15:10,1.6,1.55,20800,1.6,7720,84720,3146960
FINNIFTY02JAN2421700CE.NFO,02/01/2024,09:15:11,1.4,1.4,19760,1.45,16760,153200,3146960
FINNIFTY02JAN2421700CE.NFO,02/01/2024,09:15:13,1.45,1.4,13600,1.45,13280,92400,3146960
FINNIFTY02JAN2421700CE.NFO,02/01/2024,09:15:14,1.4,1.35,45680,1.4,49240,132120,3146960
FINNIFTY02JAN2421700CE.NFO,02/01/2024,09:15:16,1.35,1.35,27760,1.4,11040,236000,3146960
FINNIFTY02JAN2421700CE.NFO,02/01/2024,09:15:16,1.3,1.35,27760,1.4,11040,0,3146960
FINNIFTY02JAN2421700CE.NFO,02/01/2024,09:15:18,1.4,1.4,12640,1.45,25160,175440,3146960
FINNIFTY02JAN2421700CE.NFO,02/01/2024,09:15:19,1.4,1.35,19240,1.4,20200,49200,3146960
FINNIFTY02JAN2421700CE.NFO,02/01/2024,09:15:21,1.3,1.3,41320,1.35,22880,80840,3146960
FINNIFTY02JAN2421700CE.NFO,02/01/2024,09:15:23,1.3,1.3,46160,1.35,41920,73960,3146960
FINNIFTY02JAN2421700CE.NFO,02/01/2024,09:15:24,1.25,1.25,35760,1.3,21520,90720,3146960
FINNIFTY02JAN2421700CE.NFO,02/01/2024,09:15:24,1.25,1.25,35760,1.3,21520,0,3146960
FINNIFTY02JAN2421700CE.NFO,02/01/2024,09:15:26,1.3,1.3,13160,1.35,29400,82880,3146960
FINNIFTY02JAN2421700CE.NFO,02/01/2024,09:15:28,1.3,1.25,20360,1.3,24200,123200,3146960
FINNIFTY02JAN2421700CE.NFO,02/01/2024,09:15:29,1.3,1.25,14840,1.3,61440,38640,3146960
FINNIFTY02JAN2421700CE.NFO,02/01/2024,09:15:31,1.25,1.2,149360,1.25,22960,57360,3146960
FINNIFTY02JAN2421700CE.NFO,02/01/2024,09:15:31,1.2,1.2,149360,1.25,22960,0,3146960
FINNIFTY02JAN2421700CE.NFO,02/01/2024,09:15:32,1.25,1.2,136560,1.25,48000,64280,3146960
FINNIFTY02JAN2421700CE.NFO,02/01/2024,09:15:34,1.25,1.2,107960,1.25,28240,66320,3146960
FINNIFTY02JAN2421700CE.NFO,02/01/2024,09:15:36,1.3,1.25,19400,1.3,89480,92440,3146960
FINNIFTY02JAN2421700CE.NFO,02/01/2024,09:15:37,1.25,1.25,12800,1.3,94600,108560,3146960
FINNIFTY02JAN2421700CE.NFO,02/01/2024,09:15:39,1.3,1.25,39600,1.3,74200,102560,3146960
FINNIFTY02JAN2421700CE.NFO,02/01/2024,09:15:41,1.3,1.25,33400,1.3,23040,161320,3146960
FINNIFTY02JAN2421700CE.NFO,02/01/2024,09:15:42,1.25,1.2,76800,1.25,9080,158760,3146960
FINNIFTY02JAN2421700CE.NFO,02/01/2024,09:15:44,1.3,1.25,37400,1.3,60800,102720,3146960
FINNIFTY02JAN2421700CE.NFO,02/01/2024,09:15:45,1.3,1.25,26400,1.3,60920,60720,3146960
FINNIFTY02JAN2421700CE.NFO,02/01/2024,09:15:47,1.35,1.3,34240,1.35,15160,214800,3146960
FINNIFTY02JAN2421700CE.NFO,02/01/2024,09:15:49,1.35,1.3,44600,1.35,29760,83960,3146960
FINNIFTY02JAN2421700CE.NFO,02/01/2024,09:15:50,1.35,1.3,5280,1.35,68280,54600,3146960
FINNIFTY02JAN2421700CE.NFO,02/01/2024,09:15:52,1.3,1.25,137200,1.3,4560,91640,3146960
FINNIFTY02JAN2421700CE.NFO,02/01/2024,09:15:54,1.3,1.25,135120,1.3,44640,67120,3146960
FINNIFTY02JAN2421700CE.NFO,02/01/2024,09:15:55,1.3,1.25,125320,1.3,30920,84040,3146960
FINNIFTY02JAN2421700CE.NFO,02/01/2024,09:15:57,1.3,1.25,143640,1.3,100800,52120,3146960
FINNIFTY02JAN2421700CE.NFO,02/01/2024,09:15:58,1.3,1.25,109760,1.3,202160,73160,3146960
FINNIFTY02JAN2421700CE.NFO,02/01/2024,09:16:00,1.2,1.2,155160,1.25,40920,127040,3146960
FINNIFTY02JAN2421700CE.NFO,02/01/2024,09:16:02,1.15,1.15,198480,1.2,5120,240840,3146960
FINNIFTY02JAN2421700CE.NFO,02/01/2024,09:16:02,1.15,1.15,198480,1.2,5120,0,3146960
FINNIFTY02JAN2421700CE.NFO,02/01/2024,09:16:03,1.2,1.15,187920,1.2,68720,80760,3146960
FINNIFTY02JAN2421700CE.NFO,02/01/2024,09:16:05,1.2,1.15,167400,1.2,133280,54640,3146960
FINNIFTY02JAN2421700CE.NFO,02/01/2024,09:16:06,1.2,1.15,192280,1.2,123000,48240,3146960
FINNIFTY02JAN2421700CE.NFO,02/01/2024,09:16:08,1.2,1.15,191200,1.2,23280,157920,3146960
FINNIFTY02JAN2421700CE.NFO,02/01/2024,09:16:10,1.2,1.15,167400,1.2,29360,141320,3146960
FINNIFTY02JAN2421700CE.NFO,02/01/2024,09:16:11,1.2,1.2,133920,1.25,215000,86640,3146960
FINNIFTY02JAN2421700CE.NFO,02/01/2024,09:16:13,1.25,1.2,220000,1.25,215760,204600,3146960
FINNIFTY02JAN2421700CE.NFO,02/01/2024,09:16:14,1.25,1.2,192160,1.25,267960,22680,3146960
FINNIFTY02JAN2421700CE.NFO,02/01/2024,09:16:16,1.25,1.2,251720,1.25,245760,19600,3146960
FINNIFTY02JAN2421700CE.NFO,02/01/2024,09:16:18,1.25,1.2,221560,1.25,243640,25320,3146960
FINNIFTY02JAN2421700CE.NFO,02/01/2024,09:16:19,1.25,1.2,209880,1.25,250600,17760,3146960
FINNIFTY02JAN2421700CE.NFO,02/01/2024,09:16:21,1.2,1.15,263000,1.2,17160,150560,3146960
FINNIFTY02JAN2421700CE.NFO,02/01/2024,09:16:23,1.2,1.15,252320,1.2,31840,158160,3146960
FINNIFTY02JAN2421700CE.NFO,02/01/2024,09:16:24,1.2,1.15,233680,1.2,151200,47520,3146960
FINNIFTY02JAN2421700CE.NFO,02/01/2024,09:16:26,1.15,1.15,220280,1.2,209920,46920,3146960
FINNIFTY02JAN2421700CE.NFO,02/01/2024,09:16:27,1.2,1.15,229320,1.2,213000,14080,3146960
FINNIFTY02JAN2421700CE.NFO,02/01/2024,09:16:29,1.2,1.15,152040,1.2,212880,105480,3146960
FINNIFTY02JAN2421700CE.NFO,02/01/2024,09:16:31,1.2,1.15,148120,1.2,197960,49360,3146960
FINNIFTY02JAN2421700CE.NFO,02/01/2024,09:16:32,1.2,1.15,128040,1.2,96600,150040,3146960
FINNIFTY02JAN2421700CE.NFO,02/01/2024,09:16:34,1.2,1.15,125800,1.2,86440,34320,3146960
FINNIFTY02JAN2421700CE.NFO,02/01/2024,09:16:36,1.15,1.15,167200,1.2,162280,18760,3146960
FINNIFTY02JAN2421700CE.NFO,02/01/2024,09:16:37,1.2,1.15,285280,1.2,203320,14160,3146960
FINNIFTY02JAN2421700CE.NFO,02/01/2024,09:16:39,1.15,1.15,293560,1.2,198360,34880,3146960
FINNIFTY02JAN2421700CE.NFO,02/01/2024,09:16:40,1.2,1.15,329640,1.2,201200,44600,3146960
FINNIFTY02JAN2421700CE.NFO,02/01/2024,09:16:42,1.2,1.15,314880,1.2,217240,35320,3146960
FINNIFTY02JAN2421700CE.NFO,02/01/2024,09:16:43,1.2,1.15,300080,1.2,230440,33400,3146960
FINNIFTY02JAN2421700CE.NFO,02/01/2024,09:16:45,1.2,1.15,323560,1.2,228520,47560,3146960
FINNIFTY02JAN2421700CE.NFO,02/01/2024,09:16:47,1.2,1.2,147200,1.25,254840,287080,3146960
FINNIFTY02JAN2421700CE.NFO,02/01/2024,09:16:48,1.2,1.2,251280,1.25,212240,46120,3146960
FINNIFTY02JAN2421700CE.NFO,02/01/2024,09:16:50,1.25,1.2,223120,1.25,211400,53200,3146960
FINNIFTY02JAN2421700CE.NFO,02/01/2024,09:16:51,1.25,1.2,298440,1.25,229520,19000,3146960
FINNIFTY02JAN2421700CE.NFO,02/01/2024,09:16:53,1.2,1.2,27480,1.25,217040,126880,3146960
FINNIFTY02JAN2421700CE.NFO,02/01/2024,09:16:55,1.15,1.15,308800,1.2,279560,104120,3146960
FINNIFTY02JAN2421700CE.NFO,02/01/2024,09:16:56,1.15,1.15,295200,1.2,393640,31880,3146960
FINNIFTY02JAN2421700CE.NFO,02/01/2024,09:16:58,1.2,1.15,328720,1.2,363880,24720,3146960
FINNIFTY02JAN2421700CE.NFO,02/01/2024,09:17:00,1.15,1.15,562800,1.2,413000,30160,3146960
FINNIFTY02JAN2421700CE.NFO,02/01/2024,09:17:01,1.2,1.15,529280,1.2,368800,61960,3146960
FINNIFTY02JAN2421700CE.NFO,02/01/2024,09:17:03,1.2,1.15,503320,1.2,373680,32480,3146960
FINNIFTY02JAN2421700CE.NFO,02/01/2024,09:17:04,1.15,1.15,440800,1.2,385640,41240,3146960
FINNIFTY02JAN2421700CE.NFO,02/01/2024,09:17:06,1.2,1.15,459760,1.2,396880,22480,3146960
FINNIFTY02JAN2421700CE.NFO,02/01/2024,09:17:08,1.15,1.15,437960,1.2,423080,21000,3146960
FINNIFTY02JAN2421700CE.NFO,02/01/2024,09:17:09,1.15,1.15,417440,1.2,447920,11360,3146960
FINNIFTY02JAN2421700CE.NFO,02/01/2024,09:17:11,1.2,1.15,407320,1.2,431880,20160,3146960
FINNIFTY02JAN2421700CE.NFO,02/01/2024,09:17:12,1.2,1.15,405920,1.2,444600,12840,3146960
FINNIFTY02JAN2421700CE.NFO,02/01/2024,09:17:14,1.15,1.15,399360,1.2,435720,22480,3146960
FINNIFTY02JAN2421700CE.NFO,02/01/2024,09:17:16,1.15,1.15,387840,1.2,423480,34200,3146960
FINNIFTY02JAN2421700CE.NFO,02/01/2024,09:17:17,1.15,1.15,565440,1.2,368200,44440,3146960
FINNIFTY02JAN2421700CE.NFO,02/01/2024,09:17:19,1.15,1.15,589960,1.2,321440,49600,3146960
FINNIFTY02JAN2421700CE.NFO,02/01/2024,09:17:20,1.2,1.15,569280,1.2,114760,162560,3146960
FINNIFTY02JAN2421700CE.NFO,02/01/2024,09:17:22,1.2,1.15,602200,1.2,178440,21720,4196520
FINNIFTY02JAN2421700CE.NFO,02/01/2024,09:17:24,1.15,1.15,629760,1.2,163920,18960,4196520
FINNIFTY02JAN2421700CE.NFO,02/01/2024,09:17:25,1.15,1.15,612200,1.2,209880,18840,4196520
FINNIFTY02JAN2421700CE.NFO,02/01/2024,09:17:27,1.15,1.15,617240,1.2,224920,41400,4196520
FINNIFTY02JAN2421700CE.NFO,02/01/2024,09:17:28,1.15,1.15,644240,1.2,174920,18360,4196520
FINNIFTY02JAN2421700CE.NFO,02/01/2024,09:17:30,1.2,1.15,626640,1.2,257240,13800,4196520
FINNIFTY02JAN2421700CE.NFO,02/01/2024,09:17:32,1.2,1.15,10280,1.2,264800,409360,4196520
FINNIFTY02JAN2421700CE.NFO,02/01/2024,09:17:33,1.2,1.15,24360,1.2,281960,129280,4196520
FINNIFTY02JAN2421700CE.NFO,02/01/2024,09:17:33,1.1,1.15,24360,1.2,281960,0,4196520
FINNIFTY02JAN2421700CE.NFO,02/01/2024,09:17:35,1.15,1.15,129840,1.2,258440,123280,4196520
FINNIFTY02JAN2421700CE.NFO,02/01/2024,09:17:36,1.2,1.15,254160,1.2,274400,17560,4196520
FINNIFTY02JAN2421700CE.NFO,02/01/2024,09:17:38,1.15,1.15,310200,1.2,320840,33960,4196520
FINNIFTY02JAN2421700CE.NFO,02/01/2024,09:17:39,1.2,1.15,328320,1.2,349760,30160,4196520
FINNIFTY02JAN2421700CE.NFO,02/01/2024,09:17:41,1.15,1.15,372560,1.2,367880,24120,4196520
FINNIFTY02JAN2421700CE.NFO,02/01/2024,09:17:43,1.15,1.15,311800,1.2,411880,16560,4196520
FINNIFTY02JAN2421700CE.NFO,02/01/2024,09:17:44,1.2,1.15,333320,1.2,421800,14840,4196520
FINNIFTY02JAN2421700CE.NFO,02/01/2024,09:17:46,1.15,1.15,381320,1.2,399800,18440,4196520
FINNIFTY02JAN2421700CE.NFO,02/01/2024,09:17:47,1.2,1.15,389440,1.2,397920,19560,4196520
FINNIFTY02JAN2421700CE.NFO,02/01/2024,09:17:49,1.15,1.15,379400,1.2,392440,33520,4196520
FINNIFTY02JAN2421700CE.NFO,02/01/2024,09:17:51,1.2,1.15,362440,1.2,412640,22120,4196520
FINNIFTY02JAN2421700CE.NFO,02/01/2024,09:17:52,1.15,1.15,378840,1.2,341000,26600,4196520
FINNIFTY02JAN2421700CE.NFO,02/01/2024,09:17:54,1.15,1.15,314560,1.2,432640,28160,4196520
FINNIFTY02JAN2421700CE.NFO,02/01/2024,09:17:55,1.2,1.15,346360,1.2,408640,12200,4196520
FINNIFTY02JAN2421700CE.NFO,02/01/2024,09:17:57,1.2,1.15,421040,1.2,405840,16200,4196520
FINNIFTY02JAN2421700CE.NFO,02/01/2024,09:17:59,1.15,1.15,366760,1.2,498520,22360,4196520
FINNIFTY02JAN2421700CE.NFO,02/01/2024,09:18:00,1.15,1.15,381800,1.2,463440,29040,4196520
FINNIFTY02JAN2421700CE.NFO,02/01/2024,09:18:02,1.2,1.15,381640,1.2,439520,51000,4196520
FINNIFTY02JAN2421700CE.NFO,02/01/2024,09:18:03,1.15,1.15,401040,1.2,431120,21920,4196520
FINNIFTY02JAN2421700CE.NFO,02/01/2024,09:18:05,1.15,1.15,329000,1.2,525800,13760,4196520
FINNIFTY02JAN2421700CE.NFO,02/01/2024,09:18:07,1.2,1.15,395280,1.2,488360,23920,4196520
FINNIFTY02JAN2421700CE.NFO,02/01/2024,09:18:08,1.15,1.15,357600,1.2,493880,11320,4196520
FINNIFTY02JAN2421700CE.NFO,02/01/2024,09:18:10,1.2,1.15,326960,1.2,542080,32680,4196520
FINNIFTY02JAN2421700CE.NFO,02/01/2024,09:18:12,1.2,1.15,263440,1.2,508320,62280,4196520
FINNIFTY02JAN2421700CE.NFO,02/01/2024,09:18:13,1.15,1.15,156200,1.2,468440,138160,4196520
FINNIFTY02JAN2421700CE.NFO,02/01/2024,09:18:15,1.15,1.1,773760,1.15,9080,285720,4196520
FINNIFTY02JAN2421700CE.NFO,02/01/2024,09:18:17,1.1,1.1,730040,1.15,129680,19360,4196520
FINNIFTY02JAN2421700CE.NFO,02/01/2024,09:18:18,1.15,1.1,763880,1.15,76040,27120,4196520
FINNIFTY02JAN2421700CE.NFO,02/01/2024,09:18:20,1.15,1.15,23960,1.2,501720,126120,4196520
FINNIFTY02JAN2421700CE.NFO,02/01/2024,09:18:22,1.15,1.15,13320,1.2,500960,243680,4196520
FINNIFTY02JAN2421700CE.NFO,02/01/2024,09:18:23,1.15,1.15,389120,1.2,523120,59920,4196520
FINNIFTY02JAN2421700CE.NFO,02/01/2024,09:18:25,1.2,1.15,409040,1.2,496000,38880,4196520
FINNIFTY02JAN2421700CE.NFO,02/01/2024,09:18:26,1.2,1.15,311280,1.2,543560,38400,4196520
FINNIFTY02JAN2421700CE.NFO,02/01/2024,09:18:28,1.15,1.15,83800,1.2,499360,216760,4196520
FINNIFTY02JAN2421700CE.NFO,02/01/2024,09:18:30,1.15,1.15,62080,1.2,499320,196760,4196520
FINNIFTY02JAN2421700CE.NFO,02/01/2024,09:18:31,1.15,1.1,771720,1.15,77240,233720,4196520
FINNIFTY02JAN2421700CE.NFO,02/01/2024,09:18:33,1.1,1.1,764480,1.15,57040,257880,4196520
FINNIFTY02JAN2421700CE.NFO,02/01/2024,09:18:34,1.15,1.1,765200,1.15,150480,115960,4196520
FINNIFTY02JAN2421700CE.NFO,02/01/2024,09:18:36,1.15,1.1,724880,1.15,147840,114600,4196520
FINNIFTY02JAN2421700CE.NFO,02/01/2024,09:18:38,1.15,1.1,762040,1.15,175560,52280,4196520
FINNIFTY02JAN2421700CE.NFO,02/01/2024,09:18:39,1.15,1.1,713520,1.15,256360,42360,4196520
FINNIFTY02JAN2421700CE.NFO,02/01/2024,09:18:41,1.1,1.1,725360,1.15,272080,13680,4196520
FINNIFTY02JAN2421700CE.NFO,02/01/2024,09:18:42,1.1,1.1,698720,1.15,286200,16560,4196520
FINNIFTY02JAN2421700CE.NFO,02/01/2024,09:18:44,1.15,1.1,715640,1.15,331400,44280,4196520
FINNIFTY02JAN2421700CE.NFO,02/01/2024,09:18:46,1.1,1.1,678360,1.15,352480,57320,4196520
FINNIFTY02JAN2421700CE.NFO,02/01/2024,09:18:47,1.15,1.1,684200,1.15,310960,30120,4196520
FINNIFTY02JAN2421700CE.NFO,02/01/2024,09:18:49,1.1,1.1,667880,1.15,356440,19360,4196520
FINNIFTY02JAN2421700CE.NFO,02/01/2024,09:18:50,1.1,1.1,653880,1.15,369280,8000,4196520
FINNIFTY02JAN2421700CE.NFO,02/01/2024,09:18:52,1.1,1.1,683520,1.15,352880,10640,4196520
FINNIFTY02JAN2421700CE.NFO,02/01/2024,09:18:54,1.15,1.1,623560,1.15,349560,53720,4196520
FINNIFTY02JAN2421700CE.NFO,02/01/2024,09:18:55,1.15,1.1,610280,1.15,340520,18880,4196520
FINNIFTY02JAN2421700CE.NFO,02/01/2024,09:18:57,1.1,1.1,580800,1.15,422400,14600,4196520
FINNIFTY02JAN2421700CE.NFO,02/01/2024,09:18:59,1.1,1.1,628120,1.15,455200,10560,4196520
FINNIFTY02JAN2421700CE.NFO,02/01/2024,09:19:00,1.1,1.1,626960,1.15,460120,16880,4196520
FINNIFTY02JAN2421700CE.NFO,02/01/2024,09:19:02,1.1,1.1,611960,1.15,437960,39040,4196520
FINNIFTY02JAN2421700CE.NFO,02/01/2024,09:19:03,1.1,1.1,558640,1.15,495000,19840,4196520
FINNIFTY02JAN2421700CE.NFO,02/01/2024,09:19:05,1.1,1.1,518800,1.15,510800,24240,4196520
FINNIFTY02JAN2421700CE.NFO,02/01/2024,09:19:07,1.15,1.1,556160,1.15,477080,10240,4196520
FINNIFTY02JAN2421700CE.NFO,02/01/2024,09:19:08,1.1,1.1,514880,1.15,504960,17440,4196520
FINNIFTY02JAN2421700CE.NFO,02/01/2024,09:19:10,1.1,1.1,519160,1.15,580200,22800,4196520
FINNIFTY02JAN2421700CE.NFO,02/01/2024,09:19:11,1.1,1.1,482520,1.15,574200,14360,4196520
FINNIFTY02JAN2421700CE.NFO,02/01/2024,09:19:13,1.1,1.1,462400,1.15,599120,9440,4196520
FINNIFTY02JAN2421700CE.NFO,02/01/2024,09:19:15,1.1,1.1,509400,1.15,567880,18240,4196520
FINNIFTY02JAN2421700CE.NFO,02/01/2024,09:19:16,1.1,1.1,711600,1.15,592720,22800,4196520
FINNIFTY02JAN2421700CE.NFO,02/01/2024,09:19:18,1.1,1.1,794560,1.15,525600,46680,4196520
FINNIFTY02JAN2421700CE.NFO,02/01/2024,09:19:20,1.15,1.1,792960,1.15,505000,20440,4196520
FINNIFTY02JAN2421700CE.NFO,02/01/2024,09:19:21,1.1,1.1,799840,1.15,494040,21400,4196520
FINNIFTY02JAN2421700CE.NFO,02/01/2024,09:19:23,1.15,1.1,776160,1.15,519560,21240,4196520
FINNIFTY02JAN2421700CE.NFO,02/01/2024,09:19:24,1.1,1.1,769720,1.15,507080,19240,4196520
FINNIFTY02JAN2421700CE.NFO,02/01/2024,09:19:26,1.1,1.1,782160,1.15,483720,10280,4196520
FINNIFTY02JAN2421700CE.NFO,02/01/2024,09:19:28,1.15,1.1,742840,1.15,534200,14640,4196520
FINNIFTY02JAN2421700CE.NFO,02/01/2024,09:19:29,1.1,1.1,757640,1.15,504760,20120,4196520
FINNIFTY02JAN2421700CE.NFO,02/01/2024,09:19:31,1.1,1.1,747240,1.15,496880,17120,4196520
FINNIFTY02JAN2421700CE.NFO,02/01/2024,09:19:32,1.1,1.1,680760,1.15,522560,36960,4196520
FINNIFTY02JAN2421700CE.NFO,02/01/2024,09:19:34,1.1,1.1,688400,1.15,500000,13840,4196520
FINNIFTY02JAN2421700CE.NFO,02/01/2024,09:19:36,1.15,1.1,684960,1.15,496200,13600,4196520
FINNIFTY02JAN2421700CE.NFO,02/01/2024,09:19:37,1.15,1.1,659200,1.15,527080,20000,4196520
FINNIFTY02JAN2421700CE.NFO,02/01/2024,09:19:39,1.1,1.1,686320,1.15,506800,7360,4196520
FINNIFTY02JAN2421700CE.NFO,02/01/2024,09:19:41,1.15,1.1,680560,1.15,547360,16240,4196520
FINNIFTY02JAN2421700CE.NFO,02/01/2024,09:19:42,1.15,1.1,675400,1.15,547160,19320,4196520
FINNIFTY02JAN2421700CE.NFO,02/01/2024,09:19:44,1.1,1.1,676560,1.15,556760,6080,4196520
FINNIFTY02JAN2421700CE.NFO,02/01/2024,09:19:46,1.1,1.1,663320,1.15,551840,34400,4196520
FINNIFTY02JAN2421700CE.NFO,02/01/2024,09:19:47,1.15,1.1,706440,1.15,556360,27040,4196520
FINNIFTY02JAN2421700CE.NFO,02/01/2024,09:19:49,1.1,1.1,663760,1.15,592320,11160,4196520
FINNIFTY02JAN2421700CE.NFO,02/01/2024,09:19:51,1.1,1.1,707520,1.15,542160,25560,4196520
FINNIFTY02JAN2421700CE.NFO,02/01/2024,09:19:52,1.1,1.1,679960,1.15,590400,5640,4196520
FINNIFTY02JAN2421700CE.NFO,02/01/2024,09:19:54,1.1,1.1,699160,1.15,577600,6400,4196520
FINNIFTY02JAN2421700CE.NFO,02/01/2024,09:19:56,1.15,1.1,673400,1.15,618360,7440,4196520
FINNIFTY02JAN2421700CE.NFO,02/01/2024,09:19:57,1.1,1.1,563400,1.15,622200,58480,4196520
FINNIFTY02JAN2421700CE.NFO,02/01/2024,09:19:59,1.1,1.1,40800,1.15,624120,166400,4196520
FINNIFTY02JAN2421700CE.NFO,02/01/2024,09:20:01,1.1,1.05,803720,1.1,445760,176880,4196520
FINNIFTY02JAN2421700CE.NFO,02/01/2024,09:20:01,1.05,1.05,803720,1.1,445760,0,4196520
FINNIFTY02JAN2421700CE.NFO,02/01/2024,09:20:02,1.1,1.05,776200,1.1,502840,24200,4196520
FINNIFTY02JAN2421700CE.NFO,02/01/2024,09:20:04,1.1,1.05,831720,1.1,551080,11240,4196520
FINNIFTY02JAN2421700CE.NFO,02/01/2024,09:20:06,1.05,1.05,813840,1.1,588800,18440,4196520
FINNIFTY02JAN2421700CE.NFO,02/01/2024,09:20:07,1.05,1.05,744040,1.1,621760,23480,4196520
FINNIFTY02JAN2421700CE.NFO,02/01/2024,09:20:09,1.1,1.05,755920,1.1,615040,20400,4196520
FINNIFTY02JAN2421700CE.NFO,02/01/2024,09:20:11,1.1,1.05,761960,1.1,596520,11360,4196520
FINNIFTY02JAN2421700CE.NFO,02/01/2024,09:20:12,1.05,1.05,758440,1.1,662280,8000,4196520
FINNIFTY02JAN2421700CE.NFO,02/01/2024,09:20:14,1.05,1.05,785280,1.1,671920,11200,4196520
FINNIFTY02JAN2421700CE.NFO,02/01/2024,09:20:16,1.1,1.05,753160,1.1,699560,29560,4196520
FINNIFTY02JAN2421700CE.NFO,02/01/2024,09:20:17,1.1,1.05,783120,1.1,652960,22760,4196520
FINNIFTY02JAN2421700CE.NFO,02/01/2024,09:20:19,1.05,1.05,774360,1.1,666280,7680,4196520
FINNIFTY02JAN2421700CE.NFO,02/01/2024,09:20:21,1.1,1.05,748160,1.1,706360,5480,4196520
FINNIFTY02JAN2421700CE.NFO,02/01/2024,09:20:22,1.05,1.05,764880,1.1,678120,10880,4196520
FINNIFTY02JAN2421700CE.NFO,02/01/2024,09:20:24,1.05,1.05,727120,1.1,724920,13000,4905880
FINNIFTY02JAN2421700CE.NFO,02/01/2024,09:20:26,1.05,1.05,728360,1.1,748040,10680,4905880
FINNIFTY02JAN2421700CE.NFO,02/01/2024,09:20:27,1.05,1.05,668920,1.1,749240,18840,4905880
FINNIFTY02JAN2421700CE.NFO,02/01/2024,09:20:29,1.05,1.05,610000,1.1,708840,36440,4905880
FINNIFTY02JAN2421700CE.NFO,02/01/2024,09:20:30,1.1,1.05,478040,1.1,744240,15680,4905880
FINNIFTY02JAN2421700CE.NFO,02/01/2024,09:20:31,1.05,1.05,180560,1.1,701720,103160,4905880
FINNIFTY02JAN2421700CE.NFO,02/01/2024,09:20:33,1.05,1,1560960,1.05,282280,233200,4905880
FINNIFTY02JAN2421700CE.NFO,02/01/2024,09:20:33,1,1,1560960,1.05,282280,0,4905880
FINNIFTY02JAN2421700CE.NFO,02/01/2024,09:20:35,1,1,1532880,1.05,483960,24880,4905880
FINNIFTY02JAN2421700CE.NFO,02/01/2024,09:20:36,1.05,1,1526320,1.05,491280,11400,4905880
FINNIFTY02JAN2421700CE.NFO,02/01/2024,09:20:38,1.05,1,1555560,1.05,484840,7800,4905880
FINNIFTY02JAN2421700CE.NFO,02/01/2024,09:20:40,1.05,1,1524360,1.05,548440,10960,4905880
FINNIFTY02JAN2421700CE.NFO,02/01/2024,09:20:41,1.05,1,1547560,1.05,475920,33680,4905880
FINNIFTY02JAN2421700CE.NFO,02/01/2024,09:20:43,1.05,1,1501840,1.05,537440,12760,4905880
FINNIFTY02JAN2421700CE.NFO,02/01/2024,09:20:45,1.05,1,1529960,1.05,543280,21240,4905880
FINNIFTY02JAN2421700CE.NFO,02/01/2024,09:20:46,1.05,1,1524880,1.05,517120,24560,4905880
FINNIFTY02JAN2421700CE.NFO,02/01/2024,09:20:48,1.05,1,1514280,1.05,463120,12880,4905880
FINNIFTY02JAN2421700CE.NFO,02/01/2024,09:20:50,1.05,1,1499120,1.05,333960,109640,4905880
FINNIFTY02JAN2421700CE.NFO,02/01/2024,09:20:51,1.05,1.05,462360,1.1,389640,370360,4905880
FINNIFTY02JAN2421700CE.NFO,02/01/2024,09:20:53,1.05,1.05,804080,1.1,450240,27680,4905880
FINNIFTY02JAN2421700CE.NFO,02/01/2024,09:20:55,1.05,1.05,1416280,1.1,448520,74720,4905880
FINNIFTY02JAN2421700CE.NFO,02/01/2024,09:20:56,1.05,1.05,1568040,1.1,505720,7640,4905880
FINNIFTY02JAN2421700CE.NFO,02/01/2024,09:20:58,1.05,1.05,1898680,1.1,513360,6800,4905880
FINNIFTY02JAN2421700CE.NFO,02/01/2024,09:21:00,1.1,1.05,1891920,1.1,560440,28320,4905880
FINNIFTY02JAN2421700CE.NFO,02/01/2024,09:21:01,1.1,1.05,1923840,1.1,548080,12840,4905880
FINNIFTY02JAN2421700CE.NFO,02/01/2024,09:21:03,1.1,1.05,1852920,1.1,561720,13360,4905880
FINNIFTY02JAN2421700CE.NFO,02/01/2024,09:21:05,1.05,1.05,1857520,1.1,557080,9800,4905880
FINNIFTY02JAN2421700CE.NFO,02/01/2024,09:21:06,1.1,1.05,1845720,1.1,417320,83760,4905880
FINNIFTY02JAN2421700CE.NFO,02/01/2024,09:21:08,1.1,1.05,1826640,1.1,72520,329280,4905880
FINNIFTY02JAN2421700CE.NFO,02/01/2024,09:21:10,1.1,1.05,1833800,1.1,27680,150960,4905880
FINNIFTY02JAN2421700CE.NFO,02/01/2024,09:21:11,1.1,1.05,1818920,1.1,207120,150080,4905880
FINNIFTY02JAN2421700CE.NFO,02/01/2024,09:21:13,1.1,1.05,1773600,1.1,48000,147600,4905880
FINNIFTY02JAN2421700CE.NFO,02/01/2024,09:21:15,1.1,1.1,183880,1.15,339640,110680,4905880
FINNIFTY02JAN2421700CE.NFO,02/01/2024,09:21:16,1.1,1.1,273640,1.15,386320,80640,4905880
FINNIFTY02JAN2421700CE.NFO,02/01/2024,09:21:18,1.1,1.1,351000,1.15,378200,24720,4905880
FINNIFTY02JAN2421700CE.NFO,02/01/2024,09:21:20,1.1,1.1,297760,1.15,448120,54480,4905880
FINNIFTY02JAN2421700CE.NFO,02/01/2024,09:21:21,1.1,1.05,1782280,1.1,237560,174400,4905880
FINNIFTY02JAN2421700CE.NFO,02/01/2024,09:21:23,1.1,1.05,1801120,1.1,403600,8400,4905880
FINNIFTY02JAN2421700CE.NFO,02/01/2024,09:21:25,1.1,1.05,1810600,1.1,512640,11880,4905880
FINNIFTY02JAN2421700CE.NFO,02/01/2024,09:21:26,1.05,1.05,1808080,1.1,503080,10440,4905880
FINNIFTY02JAN2421700CE.NFO,02/01/2024,09:21:28,1.1,1.05,1838320,1.1,164560,279400,4905880
FINNIFTY02JAN2421700CE.NFO,02/01/2024,09:21:31,1.1,1.1,507720,1.15,447280,238120,4905880
FINNIFTY02JAN2421700CE.NFO,02/01/2024,09:21:33,1.1,1.1,511640,1.15,507120,5400,4905880
FINNIFTY02JAN2421700CE.NFO,02/01/2024,09:21:34,1.1,1.1,572000,1.15,511120,9880,4905880
FINNIFTY02JAN2421700CE.NFO,02/01/2024,09:21:36,1.1,1.1,554560,1.15,519680,16880,4905880
FINNIFTY02JAN2421700CE.NFO,02/01/2024,09:21:38,1.1,1.1,461720,1.15,545720,56480,4905880
FINNIFTY02JAN2421700CE.NFO,02/01/2024,09:21:39,1.1,1.1,344760,1.15,550640,109480,4905880
FINNIFTY02JAN2421700CE.NFO,02/01/2024,09:21:41,1.1,1.05,1807640,1.1,59840,327800,4905880
FINNIFTY02JAN2421700CE.NFO,02/01/2024,09:21:43,1.1,1.05,1787040,1.1,218080,54000,4905880
FINNIFTY02JAN2421700CE.NFO,02/01/2024,09:21:44,1.05,1.05,1786280,1.1,325440,25280,4905880
FINNIFTY02JAN2421700CE.NFO,02/01/2024,09:21:46,1.1,1.05,1781320,1.1,397840,9200,4905880
FINNIFTY02JAN2421700CE.NFO,02/01/2024,09:21:48,1.05,1.05,1790560,1.1,377200,12480,4905880
FINNIFTY02JAN2421700CE.NFO,02/01/2024,09:21:49,1.05,1.05,1770440,1.1,542720,14720,4905880
FINNIFTY02JAN2421700CE.NFO,02/01/2024,09:21:51,1.05,1.05,1763160,1.1,539400,13920,4905880
FINNIFTY02JAN2421700CE.NFO,02/01/2024,09:21:53,1.1,1.05,1757280,1.1,533840,13480,4905880
FINNIFTY02JAN2421700CE.NFO,02/01/2024,09:21:54,1.05,1.05,1754920,1.1,534640,4000,4905880
FINNIFTY02JAN2421700CE.NFO,02/01/2024,09:21:56,1.1,1.05,1754400,1.1,359600,5800,4905880
FINNIFTY02JAN2421700CE.NFO,02/01/2024,09:21:58,1.1,1.05,1791400,1.1,301120,17880,4905880
FINNIFTY02JAN2421700CE.NFO,02/01/2024,09:21:59,1.1,1.05,1792040,1.1,343760,5320,4905880
FINNIFTY02JAN2421700CE.NFO,02/01/2024,09:22:01,1.1,1.05,1780080,1.1,310160,35320,4905880
FINNIFTY02JAN2421700CE.NFO,02/01/2024,09:22:03,1.05,1.05,1737400,1.1,501800,23040,4905880
FINNIFTY02JAN2421700CE.NFO,02/01/2024,09:22:04,1.1,1.05,1736320,1.1,487440,20240,4905880
FINNIFTY02JAN2421700CE.NFO,02/01/2024,09:22:06,1.1,1.05,1728560,1.1,543480,4440,4905880
FINNIFTY02JAN2421700CE.NFO,02/01/2024,09:22:08,1.1,1.05,1693840,1.1,540720,38760,4905880
FINNIFTY02JAN2421700CE.NFO,02/01/2024,09:22:09,1.1,1.05,1597880,1.1,542760,5200,4905880
FINNIFTY02JAN2421700CE.NFO,02/01/2024,09:22:11,1.1,1.05,1521360,1.1,567360,13200,4905880
FINNIFTY02JAN2421700CE.NFO,02/01/2024,09:22:13,1.1,1.05,1408720,1.1,595200,8360,4905880
FINNIFTY02JAN2421700CE.NFO,02/01/2024,09:22:14,1.1,1.05,1311160,1.1,614560,10680,4905880
FINNIFTY02JAN2421700CE.NFO,02/01/2024,09:22:16,1.1,1.05,1341200,1.1,593960,11360,4905880
FINNIFTY02JAN2421700CE.NFO,02/01/2024,09:22:18,1.05,1.05,1305560,1.1,620480,8320,4905880
FINNIFTY02JAN2421700CE.NFO,02/01/2024,09:22:19,1.1,1.05,1200000,1.1,639320,6960,4905880
FINNIFTY02JAN2421700CE.NFO,02/01/2024,09:22:21,1.05,1.05,1170080,1.1,635840,8840,4905880
FINNIFTY02JAN2421700CE.NFO,02/01/2024,09:22:23,1.05,1.05,1162040,1.1,635440,8320,4905880
FINNIFTY02JAN2421700CE.NFO,02/01/2024,09:22:24,1.1,1.05,1161280,1.1,663160,41480,4905880
FINNIFTY02JAN2421700CE.NFO,02/01/2024,09:22:26,1.05,1.05,1126800,1.1,655440,28040,4905880
FINNIFTY02JAN2421700CE.NFO,02/01/2024,09:22:28,1.05,1.05,1049280,1.1,729680,37240,4905880
FINNIFTY02JAN2421700CE.NFO,02/01/2024,09:22:29,1.05,1.05,1067400,1.1,724160,16600,4905880
FINNIFTY02JAN2421700CE.NFO,02/01/2024,09:22:30,1.05,1.05,1057800,1.1,698040,20000,4905880
FINNIFTY02JAN2421700CE.NFO,02/01/2024,09:22:31,1.1,1.05,1051840,1.1,708160,7480,4905880
FINNIFTY02JAN2421700CE.NFO,02/01/2024,09:22:33,1.1,1.05,1050680,1.1,707840,4280,4905880
FINNIFTY02JAN2421700CE.NFO,02/01/2024,09:22:35,1.1,1.05,1006560,1.1,694440,12080,4905880
FINNIFTY02JAN2421700CE.NFO,02/01/2024,09:22:36,1.05,1.05,718440,1.1,674920,56800,4905880
FINNIFTY02JAN2421700CE.NFO,02/01/2024,09:22:38,1.05,1,1507640,1.05,37640,308360,4905880
FINNIFTY02JAN2421700CE.NFO,02/01/2024,09:22:40,1.05,1,1509920,1.05,367000,39000,4905880
FINNIFTY02JAN2421700CE.NFO,02/01/2024,09:22:41,1.05,1,1509120,1.05,400160,5600,4905880
FINNIFTY02JAN2421700CE.NFO,02/01/2024,09:22:43,1,1,1494600,1.05,454000,17400,4905880
FINNIFTY02JAN2421700CE.NFO,02/01/2024,09:22:45,1,1,1472960,1.05,507120,22640,4905880
FINNIFTY02JAN2421700CE.NFO,02/01/2024,09:22:46,1,1,1461240,1.05,511840,22840,4905880
FINNIFTY02JAN2421700CE.NFO,02/01/2024,09:22:48,1,1,1451120,1.05,439440,23440,4905880
FINNIFTY02JAN2421700CE.NFO,02/01/2024,09:22:50,1.05,1,1448640,1.05,470960,10400,4905880
FINNIFTY02JAN2421700CE.NFO,02/01/2024,09:22:51,1.05,1,1444880,1.05,472720,18200,4905880
FINNIFTY02JAN2421700CE.NFO,02/01/2024,09:22:53,1.05,1,1436800,1.05,471680,11080,4905880
FINNIFTY02JAN2421700CE.NFO,02/01/2024,09:22:55,1.05,1,1429840,1.05,485000,6240,4905880
FINNIFTY02JAN2421700CE.NFO,02/01/2024,09:22:57,1.05,1,1413920,1.05,586840,21640,4905880
FINNIFTY02JAN2421700CE.NFO,02/01/2024,09:22:58,1,1,1389640,1.05,574720,34240,4905880
FINNIFTY02JAN2421700CE.NFO,02/01/2024,09:23:00,1.05,1,1380000,1.05,573080,12800,4905880
FINNIFTY02JAN2421700CE.NFO,02/01/2024,09:23:02,1.05,1,1373880,1.05,548760,19720,4905880
FINNIFTY02JAN2421700CE.NFO,02/01/2024,09:23:03,1.05,1,1369720,1.05,562880,14760,4905880
FINNIFTY02JAN2421700CE.NFO,02/01/2024,09:23:05,1.05,1,1368720,1.05,587160,13920,4905880
FINNIFTY02JAN2421700CE.NFO,02/01/2024,09:23:07,1.05,1,1364120,1.05,553720,44120,4905880
FINNIFTY02JAN2421700CE.NFO,02/01/2024,09:23:08,1.05,1,1360480,1.05,555320,13240,4905880
FINNIFTY02JAN2421700CE.NFO,02/01/2024,09:23:10,1.05,1,1359480,1.05,557960,6520,4905880
FINNIFTY02JAN2421700CE.NFO,02/01/2024,09:23:12,1.05,1,1383360,1.05,547880,7760,4905880
FINNIFTY02JAN2421700CE.NFO,02/01/2024,09:23:13,1.05,1,1379880,1.05,536400,18640,4905880
FINNIFTY02JAN2421700CE.NFO,02/01/2024,09:23:15,1.05,1,1372600,1.05,526920,26160,4905880
FINNIFTY02JAN2421700CE.NFO,02/01/2024,09:23:17,1.05,1,1372160,1.05,532880,6960,4905880
FINNIFTY02JAN2421700CE.NFO,02/01/2024,09:23:18,1.05,1,1366960,1.05,544040,7240,4905880
FINNIFTY02JAN2421700CE.NFO,02/01/2024,09:23:20,1.05,1,1361720,1.05,527760,13400,4905880
FINNIFTY02JAN2421700CE.NFO,02/01/2024,09:23:22,1,1,1361160,1.05,526800,7320,4905880
FINNIFTY02JAN2421700CE.NFO,02/01/2024,09:23:23,1.05,1,1350200,1.05,522400,11600,5399520
FINNIFTY02JAN2421700CE.NFO,02/01/2024,09:23:25,1.05,1,1343240,1.05,547080,9600,5399520
FINNIFTY02JAN2421700CE.NFO,02/01/2024,09:23:27,1.05,1,1325600,1.05,549440,17520,5399520
FINNIFTY02JAN2421700CE.NFO,02/01/2024,09:23:28,1,1,1330320,1.05,552720,2400,5399520
FINNIFTY02JAN2421700CE.NFO,02/01/2024,09:23:30,1.05,1,1325480,1.05,560520,5880,5399520
FINNIFTY02JAN2421700CE.NFO,02/01/2024,09:23:32,1.05,1,1318920,1.05,571680,16120,5399520
FINNIFTY02JAN2421700CE.NFO,02/01/2024,09:23:33,1.05,1,1321520,1.05,548120,7600,5399520
FINNIFTY02JAN2421700CE.NFO,02/01/2024,09:23:35,1.05,1,1318880,1.05,548840,8760,5399520
FINNIFTY02JAN2421700CE.NFO,02/01/2024,09:23:37,1.05,1,1321360,1.05,548440,8480,5399520
FINNIFTY02JAN2421700CE.NFO,02/01/2024,09:23:38,1,1,1311880,1.05,545800,11480,5399520
FINNIFTY02JAN2421700CE.NFO,02/01/2024,09:23:40,1.05,1,1306440,1.05,543560,6240,5399520
FINNIFTY02JAN2421700CE.NFO,02/01/2024,09:23:42,1.05,1,1299360,1.05,527520,21520,5399520
FINNIFTY02JAN2421700CE.NFO,02/01/2024,09:23:43,1.05,1,1297320,1.05,521680,10080,5399520
FINNIFTY02JAN2421700CE.NFO,02/01/2024,09:23:45,1.05,1,1291720,1.05,514640,17040,5399520
FINNIFTY02JAN2421700CE.NFO,02/01/2024,09:23:47,1.05,1,1288200,1.05,551680,5800,5399520
FINNIFTY02JAN2421700CE.NFO,02/01/2024,09:23:48,1.05,1,1280080,1.05,545120,14000,5399520
FINNIFTY02JAN2421700CE.NFO,02/01/2024,09:23:50,1.05,1,1274600,1.05,548800,11560,5399520
FINNIFTY02JAN2421700CE.NFO,02/01/2024,09:23:52,1.05,1,1135840,1.05,550080,5080,5399520
FINNIFTY02JAN2421700CE.NFO,02/01/2024,09:23:53,1.05,1,1136480,1.05,541280,2720,5399520
FINNIFTY02JAN2421700CE.NFO,02/01/2024,09:23:55,1.05,1,1134560,1.05,561120,8080,5399520
FINNIFTY02JAN2421700CE.NFO,02/01/2024,09:23:57,1,1,1031600,1.05,562880,8560,5399520
FINNIFTY02JAN2421700CE.NFO,02/01/2024,09:23:58,1.05,1,715080,1.05,598240,20160,5399520
FINNIFTY02JAN2421700CE.NFO,02/01/2024,09:24:00,1.05,1,349280,1.05,500920,194480,5399520
FINNIFTY02JAN2421700CE.NFO,02/01/2024,09:24:02,1.05,1,149800,1.05,412400,168080,5399520
FINNIFTY02JAN2421700CE.NFO,02/01/2024,09:24:03,1,1,92240,1.05,444800,82960,5399520
FINNIFTY02JAN2421700CE.NFO,02/01/2024,09:24:05,1,1,142080,1.05,528800,42640,5399520
FINNIFTY02JAN2421700CE.NFO,02/01/2024,09:24:07,1.05,1,1092280,1.05,566040,40800,5399520
FINNIFTY02JAN2421700CE.NFO,02/01/2024,09:24:08,1,1,1185400,1.05,576720,10800,5399520
FINNIFTY02JAN2421700CE.NFO,02/01/2024,09:24:10,1,1,1187000,1.05,585600,7880,5399520
FINNIFTY02JAN2421700CE.NFO,02/01/2024,09:24:12,1.05,1,1191840,1.05,620760,7480,5399520
FINNIFTY02JAN2421700CE.NFO,02/01/2024,09:24:13,1,1,1182640,1.05,616040,13200,5399520
FINNIFTY02JAN2421700CE.NFO,02/01/2024,09:24:15,1,1,1179320,1.05,618680,5720,5399520
FINNIFTY02JAN2421700CE.NFO,02/01/2024,09:24:17,1,1,1177640,1.05,617080,3120,5399520
FINNIFTY02JAN2421700CE.NFO,02/01/2024,09:24:18,1,1,1102520,1.05,619280,8200,5399520
FINNIFTY02JAN2421700CE.NFO,02/01/2024,09:24:20,1.05,1,751200,1.05,613640,8280,5399520
FINNIFTY02JAN2421700CE.NFO,02/01/2024,09:24:22,1.05,1,462760,1.05,579920,43880,5399520
FINNIFTY02JAN2421700CE.NFO,02/01/2024,09:24:23,1.05,1,499320,1.05,574320,13800,5399520
FINNIFTY02JAN2421700CE.NFO,02/01/2024,09:24:25,1,1,498240,1.05,576880,7960,5399520
FINNIFTY02JAN2421700CE.NFO,02/01/2024,09:24:27,1,1,499640,1.05,567600,9880,5399520
FINNIFTY02JAN2421700CE.NFO,02/01/2024,09:24:28,1,1,493360,1.05,562840,8000,5399520
FINNIFTY02JAN2421700CE.NFO,02/01/2024,09:24:30,1.05,1,482480,1.05,570360,7720,5399520
FINNIFTY02JAN2421700CE.NFO,02/01/2024,09:24:32,1,1,482600,1.05,568720,3120,5399520
FINNIFTY02JAN2421700CE.NFO,02/01/2024,09:24:34,1,1,466040,1.05,566960,17080,5399520
FINNIFTY02JAN2421700CE.NFO,02/01/2024,09:24:35,1.05,1,461680,1.05,573280,11560,5399520
FINNIFTY02JAN2421700CE.NFO,02/01/2024,09:24:37,1,1,461480,1.05,564880,6680,5399520
FINNIFTY02JAN2421700CE.NFO,02/01/2024,09:24:39,1,1,464280,1.05,560080,6640,5399520
FINNIFTY02JAN2421700CE.NFO,02/01/2024,09:24:40,1.05,1,330760,1.05,562240,30160,5399520
FINNIFTY02JAN2421700CE.NFO,02/01/2024,09:24:42,1,1,130680,1.05,555400,48520,5399520
FINNIFTY02JAN2421700CE.NFO,02/01/2024,09:24:44,1,0.95,1125480,1,131640,185520,5399520
FINNIFTY02JAN2421700CE.NFO,02/01/2024,09:24:45,0.95,0.95,1121720,1,186280,9840,5399520
FINNIFTY02JAN2421700CE.NFO,02/01/2024,09:24:45,0.95,0.95,1121720,1,186280,0,5399520
FINNIFTY02JAN2421700CE.NFO,02/01/2024,09:24:47,1,0.95,1122360,1,186080,6760,5399520
FINNIFTY02JAN2421700CE.NFO,02/01/2024,09:24:49,1,0.95,1112240,1,41880,101960,5399520
FINNIFTY02JAN2421700CE.NFO,02/01/2024,09:24:50,1.05,1,787600,1.05,437760,56560,5399520
FINNIFTY02JAN2421700CE.NFO,02/01/2024,09:24:52,1,1,898320,1.05,509760,9320,5399520
FINNIFTY02JAN2421700CE.NFO,02/01/2024,09:24:54,1,1,900800,1.05,529880,12920,5399520
FINNIFTY02JAN2421700CE.NFO,02/01/2024,09:24:55,1,1,923920,1.05,528560,40280,5399520
FINNIFTY02JAN2421700CE.NFO,02/01/2024,09:24:57,1,1,928200,1.05,530400,25800,5399520
FINNIFTY02JAN2421700CE.NFO,02/01/2024,09:24:59,1,1,801920,1.05,536880,50560,5399520
FINNIFTY02JAN2421700CE.NFO,02/01/2024,09:25:00,1,1,383640,1.05,533880,85720,5399520
FINNIFTY02JAN2421700CE.NFO,02/01/2024,09:25:02,1,0.95,1124280,1,302880,80520,5399520
FINNIFTY02JAN2421700CE.NFO,02/01/2024,09:25:04,0.95,0.95,1119320,1,307200,24480,5399520
FINNIFTY02JAN2421700CE.NFO,02/01/2024,09:25:05,0.95,0.95,1098520,1,355800,9000,5399520
FINNIFTY02JAN2421700CE.NFO,02/01/2024,09:25:07,1,0.95,1098960,1,394320,9000,5399520
FINNIFTY02JAN2421700CE.NFO,02/01/2024,09:25:09,0.95,0.95,1092440,1,388360,6560,5399520
FINNIFTY02JAN2421700CE.NFO,02/01/2024,09:25:11,0.95,0.95,1079520,1,389120,19160,5399520
FINNIFTY02JAN2421700CE.NFO,02/01/2024,09:25:12,0.95,0.95,1081240,1,411920,3360,5399520
FINNIFTY02JAN2421700CE.NFO,02/01/2024,09:25:14,1,0.95,1080680,1,414800,2120,5399520
FINNIFTY02JAN2421700CE.NFO,02/01/2024,09:25:16,0.95,0.95,1083400,1,429120,9560,5399520
FINNIFTY02JAN2421700CE.NFO,02/01/2024,09:25:17,0.95,0.95,1083240,1,444360,10760,5399520
FINNIFTY02JAN2421700CE.NFO,02/01/2024,09:25:19,0.95,0.95,1084720,1,432360,11240,5399520
FINNIFTY02JAN2421700CE.NFO,02/01/2024,09:25:21,0.95,0.95,1076600,1,439560,10960,5399520
FINNIFTY02JAN2421700CE.NFO,02/01/2024,09:25:22,0.95,0.95,1069200,1,444120,8240,5399520
FINNIFTY02JAN2421700CE.NFO,02/01/2024,09:25:24,0.95,0.95,1066280,1,448280,4840,5399520
FINNIFTY02JAN2421700CE.NFO,02/01/2024,09:25:26,0.95,0.95,1059440,1,518480,5400,5399520
FINNIFTY02JAN2421700CE.NFO,02/01/2024,09:25:27,0.95,0.95,1047640,1,515880,18240,5399520
FINNIFTY02JAN2421700CE.NFO,02/01/2024,09:25:29,1,0.95,1041760,1,514600,8480,5399520
FINNIFTY02JAN2421700CE.NFO,02/01/2024,09:25:30,0.95,0.95,1044240,1,517680,640,5399520
FINNIFTY02JAN2421700CE.NFO,02/01/2024,09:25:32,0.95,0.95,1035720,1,513800,9440,5399520
FINNIFTY02JAN2421700CE.NFO,02/01/2024,09:25:34,1,0.95,1031560,1,582080,9960,5399520
FINNIFTY02JAN2421700CE.NFO,02/01/2024,09:25:35,1,0.95,1034240,1,533560,52360,5399520
FINNIFTY02JAN2421700CE.NFO,02/01/2024,09:25:37,1,0.95,1027720,1,527920,15920,5399520
FINNIFTY02JAN2421700CE.NFO,02/01/2024,09:25:39,1,0.95,1023440,1,502760,12960,5399520
FINNIFTY02JAN2421700CE.NFO,02/01/2024,09:25:40,1,0.95,1019240,1,496360,17760,5399520
FINNIFTY02JAN2421700CE.NFO,02/01/2024,09:25:42,1,0.95,1015000,1,509320,3960,5399520
FINNIFTY02JAN2421700CE.NFO,02/01/2024,09:25:44,1,0.95,1016320,1,506080,5840,5399520
FINNIFTY02JAN2421700CE.NFO,02/01/2024,09:25:45,1,0.95,1016040,1,497240,3400,5399520
FINNIFTY02JAN2421700CE.NFO,02/01/2024,09:25:47,1,0.95,1017040,1,490160,6720,5399520
FINNIFTY02JAN2421700CE.NFO,02/01/2024,09:25:49,1,0.95,1013000,1,493920,4200,5399520
FINNIFTY02JAN2421700CE.NFO,02/01/2024,09:25:50,0.95,0.95,1012920,1,488600,5200,5399520
FINNIFTY02JAN2421700CE.NFO,02/01/2024,09:25:52,0.95,0.95,1010240,1,495200,11560,5399520
FINNIFTY02JAN2421700CE.NFO,02/01/2024,09:25:54,0.95,0.95,1008880,1,494240,5480,5399520
FINNIFTY02JAN2421700CE.NFO,02/01/2024,09:25:55,1,0.95,1002800,1,368880,94200,5399520
FINNIFTY02JAN2421700CE.NFO,02/01/2024,09:25:57,1.05,1,226040,1.05,256240,326000,5399520
FINNIFTY02JAN2421700CE.NFO,02/01/2024,09:25:59,1,1,228840,1.05,259760,27240,5399520
FINNIFTY02JAN2421700CE.NFO,02/01/2024,09:26:00,1,1,397840,1.05,254880,5520,5399520
FINNIFTY02JAN2421700CE.NFO,02/01/2024,09:26:02,1,1,706520,1.05,313360,7880,5399520
FINNIFTY02JAN2421700CE.NFO,02/01/2024,09:26:04,1.05,1,712800,1.05,401040,3920,5399520
FINNIFTY02JAN2421700CE.NFO,02/01/2024,09:26:05,1,1,739160,1.05,400120,2960,5399520
FINNIFTY02JAN2421700CE.NFO,02/01/2024,09:26:07,1,1,724800,1.05,414080,17880,5399520
FINNIFTY02JAN2421700CE.NFO,02/01/2024,09:26:09,1.05,1,725720,1.05,412800,3520,5399520
FINNIFTY02JAN2421700CE.NFO,02/01/2024,09:26:10,1.05,1,723520,1.05,407480,4840,5399520
FINNIFTY02JAN2421700CE.NFO,02/01/2024,09:26:12,1.05,1,723440,1.05,412400,7600,5399520
FINNIFTY02JAN2421700CE.NFO,02/01/2024,09:26:14,1.05,1,748000,1.05,393680,10160,5399520
FINNIFTY02JAN2421700CE.NFO,02/01/2024,09:26:15,1.05,1,748240,1.05,251520,94720,5399520
FINNIFTY02JAN2421700CE.NFO,02/01/2024,09:26:17,1.1,1.05,77320,1.1,105240,588680,5399520
FINNIFTY02JAN2421700CE.NFO,02/01/2024,09:26:19,1.05,1.05,88440,1.1,155800,49680,5399520
FINNIFTY02JAN2421700CE.NFO,02/01/2024,09:26:20,1.05,1.05,149560,1.1,155760,6560,5399520
FINNIFTY02JAN2421700CE.NFO,02/01/2024,09:26:22,1.05,1.05,122480,1.1,239640,61560,5399520
FINNIFTY02JAN2421700CE.NFO,02/01/2024,09:26:24,1.1,1.05,164160,1.1,248240,17200,5500920
FINNIFTY02JAN2421700CE.NFO,02/01/2024,09:26:25,1.05,1.05,181520,1.1,248480,19160,5500920
FINNIFTY02JAN2421700CE.NFO,02/01/2024,09:26:27,1.05,1.05,218240,1.1,272520,9440,5500920
FINNIFTY02JAN2421700CE.NFO,02/01/2024,09:26:29,1.05,1.05,323000,1.1,257280,10360,5500920
FINNIFTY02JAN2421700CE.NFO,02/01/2024,09:26:30,1.1,1.05,399080,1.1,184200,45800,5500920
FINNIFTY02JAN2421700CE.NFO,02/01/2024,09:26:32,1.15,1.1,192200,1.15,274760,124640,5500920
FINNIFTY02JAN2421700CE.NFO,02/01/2024,09:26:33,1.1,1.1,172400,1.15,276920,20400,5500920
FINNIFTY02JAN2421700CE.NFO,02/01/2024,09:26:35,1.1,1.1,83280,1.15,281720,75720,5500920
FINNIFTY02JAN2421700CE.NFO,02/01/2024,09:26:37,1.1,1.05,434440,1.1,91560,74520,5500920
FINNIFTY02JAN2421700CE.NFO,02/01/2024,09:26:38,1.1,1.05,470800,1.1,109040,45040,5500920
FINNIFTY02JAN2421700CE.NFO,02/01/2024,09:26:40,1.1,1.1,30000,1.15,238360,149400,5500920
FINNIFTY02JAN2421700CE.NFO,02/01/2024,09:26:42,1.1,1.1,79440,1.15,290760,53320,5500920
FINNIFTY02JAN2421700CE.NFO,02/01/2024,09:26:43,1.1,1.1,38760,1.15,273360,33160,5500920
FINNIFTY02JAN2421700CE.NFO,02/01/2024,09:26:45,1.15,1.1,161000,1.15,252680,151120,5500920
FINNIFTY02JAN2421700CE.NFO,02/01/2024,09:26:47,1.15,1.1,150120,1.15,263560,21360,5500920
FINNIFTY02JAN2421700CE.NFO,02/01/2024,09:26:48,1.1,1.1,111600,1.15,281800,39200,5500920
FINNIFTY02JAN2421700CE.NFO,02/01/2024,09:26:50,1.05,1.05,507280,1.1,91760,183600,5500920
FINNIFTY02JAN2421700CE.NFO,02/01/2024,09:26:52,1.05,1.05,499040,1.1,147120,36440,5500920
FINNIFTY02JAN2421700CE.NFO,02/01/2024,09:26:53,1.1,1.05,501040,1.1,152880,11120,5500920
FINNIFTY02JAN2421700CE.NFO,02/01/2024,09:26:55,1.05,1.05,479880,1.1,215720,32560,5500920
FINNIFTY02JAN2421700CE.NFO,02/01/2024,09:26:57,1.05,1.05,407480,1.1,245240,20520,5500920
FINNIFTY02JAN2421700CE.NFO,02/01/2024,09:26:58,1.05,1.05,363120,1.1,279480,26760,5500920
FINNIFTY02JAN2421700CE.NFO,02/01/2024,09:27:00,1.05,1.05,350960,1.1,285040,22640,5500920
FINNIFTY02JAN2421700CE.NFO,02/01/2024,09:27:02,1.1,1.05,349200,1.1,283600,5560,5500920
FINNIFTY02JAN2421700CE.NFO,02/01/2024,09:27:03,1.05,1.05,386440,1.1,288160,10920,5500920
FINNIFTY02JAN2421700CE.NFO,02/01/2024,09:27:05,1.05,1.05,319440,1.1,317680,23160,5500920
FINNIFTY02JAN2421700CE.NFO,02/01/2024,09:27:07,1.05,1.05,267960,1.1,302760,30640,5500920
FINNIFTY02JAN2421700CE.NFO,02/01/2024,09:27:08,1.05,1.05,333160,1.1,128480,168600,5500920
FINNIFTY02JAN2421700CE.NFO,02/01/2024,09:27:10,1.15,1.1,265480,1.15,174600,114200,5500920
FINNIFTY02JAN2421700CE.NFO,02/01/2024,09:27:12,1.1,1.1,207000,1.15,176160,5960,5500920
FINNIFTY02JAN2421700CE.NFO,02/01/2024,09:27:13,1.1,1.1,238400,1.15,165080,19640,5500920
FINNIFTY02JAN2421700CE.NFO,02/01/2024,09:27:15,1.15,1.1,275240,1.15,175840,6440,5500920
FINNIFTY02JAN2421700CE.NFO,02/01/2024,09:27:17,1.15,1.1,276760,1.15,162600,28000,5500920
FINNIFTY02JAN2421700CE.NFO,02/01/2024,09:27:18,1.15,1.1,278520,1.15,157080,10840,5500920
FINNIFTY02JAN2421700CE.NFO,02/01/2024,09:27:20,1.1,1.1,268160,1.15,175920,19760,5500920
FINNIFTY02JAN2421700CE.NFO,02/01/2024,09:27:22,1.15,1.1,265320,1.15,208920,6800,5500920
FINNIFTY02JAN2421700CE.NFO,02/01/2024,09:27:23,1.15,1.1,255960,1.15,161920,57680,5500920
FINNIFTY02JAN2421700CE.NFO,02/01/2024,09:27:25,1.15,1.1,251480,1.15,140520,40280,5500920
FINNIFTY02JAN2421700CE.NFO,02/01/2024,09:27:27,1.1,1.1,254440,1.15,127840,25040,5500920
FINNIFTY02JAN2421700CE.NFO,02/01/2024,09:27:28,1.1,1.1,220800,1.15,155240,32800,5500920
FINNIFTY02JAN2421700CE.NFO,02/01/2024,09:27:30,1.1,1.1,195320,1.15,156960,29120,5500920
FINNIFTY02JAN2421700CE.NFO,02/01/2024,09:27:31,1.1,1.1,237840,1.15,149560,46760,5500920
FINNIFTY02JAN2421700CE.NFO,02/01/2024,09:27:33,1.1,1.05,464760,1.1,162560,201960,5500920
FINNIFTY02JAN2421700CE.NFO,02/01/2024,09:27:35,1.05,1.05,447480,1.1,181640,33320,5500920
FINNIFTY02JAN2421700CE.NFO,02/01/2024,09:27:36,1.1,1.05,458200,1.1,39000,80640,5500920
FINNIFTY02JAN2421700CE.NFO,02/01/2024,09:27:38,1.15,1.1,275440,1.15,229880,52720,5500920
FINNIFTY02JAN2421700CE.NFO,02/01/2024,09:27:40,1.1,1.1,282080,1.15,243600,4400,5500920
FINNIFTY02JAN2421700CE.NFO,02/01/2024,09:27:41,1.15,1.1,277920,1.15,272800,12800,5500920
FINNIFTY02JAN2421700CE.NFO,02/01/2024,09:27:43,1.1,1.1,276360,1.15,251280,25600,5500920
FINNIFTY02JAN2421700CE.NFO,02/01/2024,09:27:45,1.15,1.1,284240,1.15,266280,39640,5500920
FINNIFTY02JAN2421700CE.NFO,02/01/2024,09:27:46,1.1,1.1,284200,1.15,268680,17040,5500920
FINNIFTY02JAN2421700CE.NFO,02/01/2024,09:27:48,1.1,1.1,93680,1.15,281560,172120,5500920
FINNIFTY02JAN2421700CE.NFO,02/01/2024,09:27:50,1.05,1.05,299520,1.1,75800,338400,5500920
FINNIFTY02JAN2421700CE.NFO,02/01/2024,09:27:51,1.1,1.05,345600,1.1,115880,34840,5500920
FINNIFTY02JAN2421700CE.NFO,02/01/2024,09:27:53,1.15,1.1,139840,1.15,231480,118640,5500920
FINNIFTY02JAN2421700CE.NFO,02/01/2024,09:27:55,1.15,1.1,195400,1.15,255680,38120,5500920
FINNIFTY02JAN2421700CE.NFO,02/01/2024,09:27:56,1.15,1.1,201440,1.15,233400,19000,5500920
FINNIFTY02JAN2421700CE.NFO,02/01/2024,09:27:58,1.25,1.2,26920,1.25,51160,430320,5500920
FINNIFTY02JAN2421700CE.NFO,02/01/2024,09:28:00,1.2,1.15,158280,1.2,100880,43280,5500920
FINNIFTY02JAN2421700CE.NFO,02/01/2024,09:28:01,1.2,1.15,173120,1.2,130200,56240,5500920
FINNIFTY02JAN2421700CE.NFO,02/01/2024,09:28:03,1.2,1.15,195400,1.2,122600,32400,5500920
FINNIFTY02JAN2421700CE.NFO,02/01/2024,09:28:05,1.2,1.15,218320,1.2,131800,69760,5500920
FINNIFTY02JAN2421700CE.NFO,02/01/2024,09:28:06,1.15,1.15,223200,1.2,72000,65920,5500920
FINNIFTY02JAN2421700CE.NFO,02/01/2024,09:28:08,1.15,1.15,210800,1.2,101480,43280,5500920
FINNIFTY02JAN2421700CE.NFO,02/01/2024,09:28:10,1.15,1.15,217480,1.2,139440,14880,5500920
FINNIFTY02JAN2421700CE.NFO,02/01/2024,09:28:11,1.15,1.15,212680,1.2,138920,10840,5500920
FINNIFTY02JAN2421700CE.NFO,02/01/2024,09:28:13,1.2,1.15,206160,1.2,132040,79600,5500920
FINNIFTY02JAN2421700CE.NFO,02/01/2024,09:28:15,1.15,1.15,208120,1.2,160600,33200,5500920
FINNIFTY02JAN2421700CE.NFO,02/01/2024,09:28:16,1.15,1.15,236000,1.2,195560,15160,5500920
FINNIFTY02JAN2421700CE.NFO,02/01/2024,09:28:18,1.15,1.15,243680,1.2,131440,75600,5500920
FINNIFTY02JAN2421700CE.NFO,02/01/2024,09:28:20,1.15,1.15,234920,1.2,116600,30840,5500920
FINNIFTY02JAN2421700CE.NFO,02/01/2024,09:28:21,1.25,1.2,117000,1.25,120800,95280,5500920
FINNIFTY02JAN2421700CE.NFO,02/01/2024,09:28:23,1.2,1.2,109560,1.25,130040,122240,5500920
FINNIFTY02JAN2421700CE.NFO,02/01/2024,09:28:25,1.25,1.2,145840,1.25,129760,39400,5500920
FINNIFTY02JAN2421700CE.NFO,02/01/2024,09:28:26,1.25,1.2,164200,1.25,84000,39280,5500920
FINNIFTY02JAN2421700CE.NFO,02/01/2024,09:28:28,1.25,1.2,166800,1.25,82320,32920,5500920
FINNIFTY02JAN2421700CE.NFO,02/01/2024,09:28:30,1.25,1.2,167640,1.25,84360,4720,5500920
FINNIFTY02JAN2421700CE.NFO,02/01/2024,09:28:31,1.25,1.2,150520,1.25,123840,20200,5500920
FINNIFTY02JAN2421700CE.NFO,02/01/2024,09:28:33,1.2,1.2,48400,1.25,125080,92240,5500920
FINNIFTY02JAN2421700CE.NFO,02/01/2024,09:28:35,1.2,1.15,278720,1.2,136760,62120,5500920
FINNIFTY02JAN2421700CE.NFO,02/01/2024,09:28:36,1.2,1.15,254120,1.2,95080,162040,5500920
FINNIFTY02JAN2421700CE.NFO,02/01/2024,09:28:38,1.2,1.15,252240,1.2,125120,20440,5500920
FINNIFTY02JAN2421700CE.NFO,02/01/2024,09:28:40,1.2,1.15,229800,1.2,120160,6760,5500920
FINNIFTY02JAN2421700CE.NFO,02/01/2024,09:28:41,1.2,1.15,226320,1.2,192720,5360,5500920
FINNIFTY02JAN2421700CE.NFO,02/01/2024,09:28:43,1.2,1.15,222960,1.2,182040,17480,5500920
FINNIFTY02JAN2421700CE.NFO,02/01/2024,09:28:45,1.15,1.15,241680,1.2,159080,10920,5500920
FINNIFTY02JAN2421700CE.NFO,02/01/2024,09:28:46,1.2,1.15,245480,1.2,159880,12440,5500920
FINNIFTY02JAN2421700CE.NFO,02/01/2024,09:28:48,1.2,1.15,258600,1.2,137000,29200,5500920
FINNIFTY02JAN2421700CE.NFO,02/01/2024,09:28:50,1.2,1.15,270120,1.2,120640,43400,5500920
FINNIFTY02JAN2421700CE.NFO,02/01/2024,09:28:51,1.2,1.2,141560,1.25,138240,83240,5500920
FINNIFTY02JAN2421700CE.NFO,02/01/2024,09:28:53,1.2,1.2,174480,1.25,144720,10160,5500920
FINNIFTY02JAN2421700CE.NFO,02/01/2024,09:28:55,1.2,1.2,205160,1.25,173160,15160,5500920
FINNIFTY02JAN2421700CE.NFO,02/01/2024,09:28:56,1.25,1.2,226160,1.25,216520,4640,5500920
FINNIFTY02JAN2421700CE.NFO,02/01/2024,09:28:58,1.2,1.15,289360,1.2,69040,168440,5500920
FINNIFTY02JAN2421700CE.NFO,02/01/2024,09:29:00,1.2,1.15,287640,1.2,39840,195800,5500920
FINNIFTY02JAN2421700CE.NFO,02/01/2024,09:29:01,1.2,1.15,289840,1.2,47800,97520,5500920
FINNIFTY02JAN2421700CE.NFO,02/01/2024,09:29:03,1.2,1.15,291440,1.2,108480,16040,5500920
FINNIFTY02JAN2421700CE.NFO,02/01/2024,09:29:05,1.2,1.15,293360,1.2,116200,15440,5500920
FINNIFTY02JAN2421700CE.NFO,02/01/2024,09:29:06,1.2,1.15,293320,1.2,116120,10240,5500920
FINNIFTY02JAN2421700CE.NFO,02/01/2024,09:29:08,1.2,1.15,285680,1.2,190360,16240,5500920
FINNIFTY02JAN2421700CE.NFO,02/01/2024,09:29:10,1.15,1.15,221760,1.2,191000,22240,5500920
FINNIFTY02JAN2421700CE.NFO,02/01/2024,09:29:11,1.2,1.15,210880,1.2,178840,22320,5500920
FINNIFTY02JAN2421700CE.NFO,02/01/2024,09:29:13,1.2,1.15,223760,1.2,98960,51760,5500920
FINNIFTY02JAN2421700CE.NFO,02/01/2024,09:29:15,1.15,1.15,211960,1.2,127200,118720,5500920
FINNIFTY02JAN2421700CE.NFO,02/01/2024,09:29:16,1.2,1.15,265760,1.2,151560,23120,5500920
FINNIFTY02JAN2421700CE.NFO,02/01/2024,09:29:18,1.15,1.15,267560,1.2,161400,10160,5500920
FINNIFTY02JAN2421700CE.NFO,02/01/2024,09:29:20,1.15,1.15,303640,1.2,144240,32760,5500920
FINNIFTY02JAN2421700CE.NFO,02/01/2024,09:29:21,1.15,1.15,301440,1.2,149120,30920,5500920
FINNIFTY02JAN2421700CE.NFO,02/01/2024,09:29:23,1.2,1.15,305640,1.2,146800,23960,5500920
FINNIFTY02JAN2421700CE.NFO,02/01/2024,09:29:25,1.15,1.15,317320,1.2,139160,7880,5957360
FINNIFTY02JAN2421700CE.NFO,02/01/2024,09:29:26,1.2,1.15,310520,1.2,188880,13720,5957360
FINNIFTY02JAN2421700CE.NFO,02/01/2024,09:29:28,1.2,1.15,267320,1.2,192120,11600,5957360
FINNIFTY02JAN2421700CE.NFO,02/01/2024,09:29:30,1.2,1.15,225880,1.2,183680,11080,5957360
FINNIFTY02JAN2421700CE.NFO,02/01/2024,09:29:32,1.2,1.15,219480,1.2,184200,10960,5957360
FINNIFTY02JAN2421700CE.NFO,02/01/2024,09:29:33,1.15,1.15,216480,1.2,184280,5360,5957360
FINNIFTY02JAN2421700CE.NFO,02/01/2024,09:29:35,1.15,1.15,244000,1.2,196880,15960,5957360
FINNIFTY02JAN2421700CE.NFO,02/01/2024,09:29:37,1.2,1.15,247240,1.2,211640,4400,5957360
FINNIFTY02JAN2421700CE.NFO,02/01/2024,09:29:38,1.2,1.15,266720,1.2,44240,85240,5957360
FINNIFTY02JAN2421700CE.NFO,02/01/2024,09:29:40,1.2,1.2,248520,1.25,200640,34160,5957360
FINNIFTY02JAN2421700CE.NFO,02/01/2024,09:29:42,1.2,1.2,255160,1.25,205600,4080,5957360
FINNIFTY02JAN2421700CE.NFO,02/01/2024,09:29:43,1.25,1.2,142080,1.25,218120,49000,5957360
FINNIFTY02JAN2421700CE.NFO,02/01/2024,09:29:45,1.2,1.15,330120,1.2,55960,94280,5957360
FINNIFTY02JAN2421700CE.NFO,02/01/2024,09:29:47,1.25,1.2,85280,1.25,212360,52720,5957360
FINNIFTY02JAN2421700CE.NFO,02/01/2024,09:29:48,1.2,1.15,325000,1.2,52760,40280,5957360
FINNIFTY02JAN2421700CE.NFO,02/01/2024,09:29:50,1.2,1.2,81000,1.25,215080,34040,5957360
FINNIFTY02JAN2421700CE.NFO,02/01/2024,09:29:52,1.25,1.2,87520,1.25,219080,8800,5957360
FINNIFTY02JAN2421700CE.NFO,02/01/2024,09:29:53,1.2,1.2,134600,1.25,212760,14680,5957360
FINNIFTY02JAN2421700CE.NFO,02/01/2024,09:29:55,1.25,1.2,136880,1.25,209120,8720,5957360
FINNIFTY02JAN2421700CE.NFO,02/01/2024,09:29:57,1.2,1.2,137600,1.25,216840,6720,5957360
FINNIFTY02JAN2421700CE.NFO,02/01/2024,09:29:58,1.2,1.2,121840,1.25,215160,16840,5957360
FINNIFTY02JAN2421700CE.NFO,02/01/2024,09:30:00,1.25,1.2,73600,1.25,213960,8920,5957360
FINNIFTY02JAN2421700CE.NFO,02/01/2024,09:30:02,1.2,1.2,23600,1.25,199400,114320,5957360
FINNIFTY02JAN2421700CE.NFO,02/01/2024,09:30:03,1.15,1.15,444720,1.2,31800,111440,5957360
FINNIFTY02JAN2421700CE.NFO,02/01/2024,09:30:05,1.15,1.15,440320,1.2,95040,8680,5957360
FINNIFTY02JAN2421700CE.NFO,02/01/2024,09:30:07,1.15,1.15,426160,1.2,180120,12160,5957360
FINNIFTY02JAN2421700CE.NFO,02/01/2024,09:30:08,1.15,1.15,330520,1.2,190000,7200,5957360
FINNIFTY02JAN2421700CE.NFO,02/01/2024,09:30:10,1.15,1.15,273760,1.2,201160,15440,5957360
FINNIFTY02JAN2421700CE.NFO,02/01/2024,09:30:12,1.15,1.15,213080,1.2,201000,6560,5957360
FINNIFTY02JAN2421700CE.NFO,02/01/2024,09:30:13,1.2,1.15,225720,1.2,163200,26800,5957360
FINNIFTY02JAN2421700CE.NFO,02/01/2024,09:30:15,1.2,1.2,140280,1.25,150080,115480,5957360
FINNIFTY02JAN2421700CE.NFO,02/01/2024,09:30:17,1.2,1.2,154440,1.25,166800,5840,5957360
FINNIFTY02JAN2421700CE.NFO,02/01/2024,09:30:18,1.2,1.2,159120,1.25,152360,13880,5957360
FINNIFTY02JAN2421700CE.NFO,02/01/2024,09:30:20,1.25,1.25,140160,1.3,125520,108160,5957360
FINNIFTY02JAN2421700CE.NFO,02/01/2024,09:30:22,1.25,1.25,124400,1.3,161720,19320,5957360
FINNIFTY02JAN2421700CE.NFO,02/01/2024,09:30:23,1.3,1.25,165240,1.3,149080,9560,5957360
FINNIFTY02JAN2421700CE.NFO,02/01/2024,09:30:25,1.3,1.25,130960,1.3,171480,10880,5957360
FINNIFTY02JAN2421700CE.NFO,02/01/2024,09:30:27,1.2,1.2,245240,1.25,173400,54000,5957360
FINNIFTY02JAN2421700CE.NFO,02/01/2024,09:30:28,1.2,1.2,243920,1.25,187120,3400,5957360
FINNIFTY02JAN2421700CE.NFO,02/01/2024,09:30:30,1.2,1.2,242680,1.25,194000,5000,5957360
FINNIFTY02JAN2421700CE.NFO,02/01/2024,09:30:32,1.2,1.2,160920,1.25,204120,21000,5957360
FINNIFTY02JAN2421700CE.NFO,02/01/2024,09:30:33,1.2,1.2,213120,1.25,198920,6520,5957360
FINNIFTY02JAN2421700CE.NFO,02/01/2024,09:30:35,1.25,1.2,213600,1.25,184520,11440,5957360
FINNIFTY02JAN2421700CE.NFO,02/01/2024,09:30:37,1.2,1.2,213240,1.25,190120,1560,5957360
FINNIFTY02JAN2421700CE.NFO,02/01/2024,09:30:38,1.25,1.2,214160,1.25,176280,5320,5957360
FINNIFTY02JAN2421700CE.NFO,02/01/2024,09:30:40,1.25,1.2,216800,1.25,165920,2960,5957360
FINNIFTY02JAN2421700CE.NFO,02/01/2024,09:30:42,1.2,1.2,227360,1.25,158680,1440,5957360
FINNIFTY02JAN2421700CE.NFO,02/01/2024,09:30:43,1.2,1.2,223720,1.25,156040,9080,5957360
FINNIFTY02JAN2421700CE.NFO,02/01/2024,09:30:45,1.2,1.2,116240,1.25,173520,69600,5957360
FINNIFTY02JAN2421700CE.NFO,02/01/2024,09:30:46,1.2,1.2,158400,1.25,184920,3200,5957360
FINNIFTY02JAN2421700CE.NFO,02/01/2024,09:30:48,1.2,1.2,160480,1.25,214520,3680,5957360
FINNIFTY02JAN2421700CE.NFO,02/01/2024,09:30:50,1.25,1.2,41720,1.25,217600,115320,5957360
FINNIFTY02JAN2421700CE.NFO,02/01/2024,09:30:51,1.25,1.2,85800,1.25,202440,94040,5957360
FINNIFTY02JAN2421700CE.NFO,02/01/2024,09:30:53,1.25,1.2,106800,1.25,221000,14440,5957360
FINNIFTY02JAN2421700CE.NFO,02/01/2024,09:30:55,1.25,1.2,114760,1.25,258000,15440,5957360
FINNIFTY02JAN2421700CE.NFO,02/01/2024,09:30:56,1.2,1.15,524960,1.2,18880,71720,5957360
FINNIFTY02JAN2421700CE.NFO,02/01/2024,09:30:58,1.2,1.15,518520,1.2,55360,51040,5957360
FINNIFTY02JAN2421700CE.NFO,02/01/2024,09:31:00,1.25,1.2,169640,1.25,259560,56600,5957360
FINNIFTY02JAN2421700CE.NFO,02/01/2024,09:31:01,1.2,1.15,499440,1.2,38120,136840,5957360
FINNIFTY02JAN2421700CE.NFO,02/01/2024,09:31:03,1.2,1.15,498360,1.2,123680,7680,5957360
FINNIFTY02JAN2421700CE.NFO,02/01/2024,09:31:05,1.2,1.15,487440,1.2,167640,13800,5957360
FINNIFTY02JAN2421700CE.NFO,02/01/2024,09:31:06,1.2,1.15,485040,1.2,134560,4880,5957360
FINNIFTY02JAN2421700CE.NFO,02/01/2024,09:31:08,1.2,1.15,480960,1.2,161600,6160,5957360
FINNIFTY02JAN2421700CE.NFO,02/01/2024,09:31:10,1.15,1.15,484800,1.2,177280,1840,5957360
FINNIFTY02JAN2421700CE.NFO,02/01/2024,09:31:11,1.2,1.15,484720,1.2,169440,3400,5957360
FINNIFTY02JAN2421700CE.NFO,02/01/2024,09:31:13,1.15,1.15,473600,1.2,173760,7000,5957360
FINNIFTY02JAN2421700CE.NFO,02/01/2024,09:31:15,1.2,1.15,464520,1.2,171920,15760,5957360
FINNIFTY02JAN2421700CE.NFO,02/01/2024,09:31:16,1.15,1.15,456200,1.2,187880,12280,5957360
FINNIFTY02JAN2421700CE.NFO,02/01/2024,09:31:18,1.2,1.15,454080,1.2,190600,8280,5957360
FINNIFTY02JAN2421700CE.NFO,02/01/2024,09:31:20,1.15,1.15,454080,1.2,192080,7760,5957360
FINNIFTY02JAN2421700CE.NFO,02/01/2024,09:31:21,1.2,1.15,446440,1.2,197680,12160,5957360
FINNIFTY02JAN2421700CE.NFO,02/01/2024,09:31:23,1.2,1.15,457640,1.2,174080,17040,5957360
FINNIFTY02JAN2421700CE.NFO,02/01/2024,09:31:24,1.2,1.15,443720,1.2,169320,18680,5957360
FINNIFTY02JAN2421700CE.NFO,02/01/2024,09:31:26,1.2,1.15,446800,1.2,180440,4840,5957360
FINNIFTY02JAN2421700CE.NFO,02/01/2024,09:31:28,1.2,1.15,444520,1.2,179800,4280,5957360
FINNIFTY02JAN2421700CE.NFO,02/01/2024,09:31:29,1.15,1.15,429560,1.2,191200,11480,5957360
FINNIFTY02JAN2421700CE.NFO,02/01/2024,09:31:31,1.2,1.15,428640,1.2,182080,6280,5957360
FINNIFTY02JAN2421700CE.NFO,02/01/2024,09:31:33,1.2,1.15,437680,1.2,192600,14000,5957360
FINNIFTY02JAN2421700CE.NFO,02/01/2024,09:31:34,1.2,1.15,420760,1.2,206760,21680,5957360
FINNIFTY02JAN2421700CE.NFO,02/01/2024,09:31:36,1.2,1.15,416840,1.2,206800,14440,5957360
FINNIFTY02JAN2421700CE.NFO,02/01/2024,09:31:38,1.2,1.15,415720,1.2,207640,1160,5957360
FINNIFTY02JAN2421700CE.NFO,02/01/2024,09:31:39,1.2,1.15,412680,1.2,182320,23160,5957360
FINNIFTY02JAN2421700CE.NFO,02/01/2024,09:31:41,1.15,1.15,406800,1.2,187000,2640,5957360
FINNIFTY02JAN2421700CE.NFO,02/01/2024,09:31:43,1.2,1.15,407920,1.2,185280,4640,5957360
FINNIFTY02JAN2421700CE.NFO,02/01/2024,09:31:44,1.15,1.15,408680,1.2,180760,4320,5957360
FINNIFTY02JAN2421700CE.NFO,02/01/2024,09:31:46,1.2,1.15,406160,1.2,178640,6080,5957360
FINNIFTY02JAN2421700CE.NFO,02/01/2024,09:31:48,1.15,1.15,396720,1.2,175800,6640,5957360
FINNIFTY02JAN2421700CE.NFO,02/01/2024,09:31:50,1.2,1.15,399120,1.2,163640,8800,5957360
FINNIFTY02JAN2421700CE.NFO,02/01/2024,09:31:51,1.15,1.15,391760,1.2,149920,17560,5957360
FINNIFTY02JAN2421700CE.NFO,02/01/2024,09:31:53,1.2,1.15,389680,1.2,153200,9960,5957360
FINNIFTY02JAN2421700CE.NFO,02/01/2024,09:31:55,1.15,1.15,254200,1.2,182120,59880,5957360
FINNIFTY02JAN2421700CE.NFO,02/01/2024,09:31:56,1.15,1.15,72440,1.2,194560,73520,5957360
FINNIFTY02JAN2421700CE.NFO,02/01/2024,09:31:58,1.15,1.1,516320,1.15,73080,140480,5957360
FINNIFTY02JAN2421700CE.NFO,02/01/2024,09:32:00,1.15,1.1,513160,1.15,106360,35440,5957360
FINNIFTY02JAN2421700CE.NFO,02/01/2024,09:32:01,1.15,1.15,85120,1.2,190440,105320,5957360
FINNIFTY02JAN2421700CE.NFO,02/01/2024,09:32:03,1.1,1.1,504360,1.15,45880,156840,5957360
FINNIFTY02JAN2421700CE.NFO,02/01/2024,09:32:05,1.1,1.1,505000,1.15,99920,6640,5957360
FINNIFTY02JAN2421700CE.NFO,02/01/2024,09:32:06,1.1,1.1,499120,1.15,110880,19320,5957360
FINNIFTY02JAN2421700CE.NFO,02/01/2024,09:32:08,1.1,1.1,481400,1.15,110280,4840,5957360
FINNIFTY02JAN2421700CE.NFO,02/01/2024,09:32:10,1.15,1.1,462600,1.15,113680,6600,5957360
FINNIFTY02JAN2421700CE.NFO,02/01/2024,09:32:11,1.1,1.1,458360,1.15,133400,7560,5957360
FINNIFTY02JAN2421700CE.NFO,02/01/2024,09:32:13,1.1,1.1,458960,1.15,132560,6160,5957360
FINNIFTY02JAN2421700CE.NFO,02/01/2024,09:32:15,1.1,1.1,455320,1.15,136920,6800,5957360
FINNIFTY02JAN2421700CE.NFO,02/01/2024,09:32:16,1.15,1.1,457400,1.15,135880,3800,5957360
FINNIFTY02JAN2421700CE.NFO,02/01/2024,09:32:18,1.1,1.1,452200,1.15,141880,3440,5957360
FINNIFTY02JAN2421700CE.NFO,02/01/2024,09:32:20,1.1,1.1,417720,1.15,164920,32240,5957360
FINNIFTY02JAN2421700CE.NFO,02/01/2024,09:32:21,1.1,1.1,412560,1.15,175520,5640,5957360
FINNIFTY02JAN2421700CE.NFO,02/01/2024,09:32:23,1.15,1.1,405840,1.15,200240,11080,5957360
FINNIFTY02JAN2421700CE.NFO,02/01/2024,09:32:24,1.1,1.1,358160,1.15,189240,33440,5957360
FINNIFTY02JAN2421700CE.NFO,02/01/2024,09:32:26,1.15,1.1,366280,1.15,56160,102360,6190520
FINNIFTY02JAN2421700CE.NFO,02/01/2024,09:32:28,1.2,1.15,70880,1.2,192040,292400,6190520
FINNIFTY02JAN2421700CE.NFO,02/01/2024,09:32:29,1.15,1.15,84040,1.2,136160,243720,6190520
FINNIFTY02JAN2421700CE.NFO,02/01/2024,09:32:31,1.2,1.15,108960,1.2,141840,14240,6190520
FINNIFTY02JAN2421700CE.NFO,02/01/2024,09:32:32,1.2,1.15,114800,1.2,131840,21040,6190520
FINNIFTY02JAN2421700CE.NFO,02/01/2024,09:32:34,1.2,1.15,134560,1.2,109040,19360,6190520
FINNIFTY02JAN2421700CE.NFO,02/01/2024,09:32:36,1.15,1.15,141880,1.2,124360,23400,6190520
FINNIFTY02JAN2421700CE.NFO,02/01/2024,09:32:37,1.15,1.15,110920,1.2,155240,17720,6190520
FINNIFTY02JAN2421700CE.NFO,02/01/2024,09:32:39,1.15,1.1,408680,1.15,71240,105760,6190520
FINNIFTY02JAN2421700CE.NFO,02/01/2024,09:32:41,1.2,1.15,65280,1.2,137240,47600,6190520
FINNIFTY02JAN2421700CE.NFO,02/01/2024,09:32:42,1.1,1.1,391120,1.15,59200,52560,6190520
FINNIFTY02JAN2421700CE.NFO,02/01/2024,09:32:44,1.15,1.1,397040,1.15,53080,15520,6190520
FINNIFTY02JAN2421700CE.NFO,02/01/2024,09:32:46,1.1,1.1,394920,1.15,43040,15280,6190520
FINNIFTY02JAN2421700CE.NFO,02/01/2024,09:32:47,1.15,1.1,394920,1.15,50160,65320,6190520
FINNIFTY02JAN2421700CE.NFO,02/01/2024,09:32:49,1.15,1.15,111640,1.2,148840,38480,6190520
FINNIFTY02JAN2421700CE.NFO,02/01/2024,09:32:51,1.15,1.1,400440,1.15,44840,53040,6190520
FINNIFTY02JAN2421700CE.NFO,02/01/2024,09:32:52,1.15,1.1,394800,1.15,20520,63000,6190520
FINNIFTY02JAN2421700CE.NFO,02/01/2024,09:32:54,1.1,1.1,392840,1.15,83840,44400,6190520
FINNIFTY02JAN2421700CE.NFO,02/01/2024,09:32:56,1.1,1.1,395000,1.15,63520,62240,6190520
FINNIFTY02JAN2421700CE.NFO,02/01/2024,09:32:57,1.15,1.1,385600,1.15,67760,3600,6190520
FINNIFTY02JAN2421700CE.NFO,02/01/2024,09:32:59,1.15,1.1,386360,1.15,48320,37440,6190520
FINNIFTY02JAN2421700CE.NFO,02/01/2024,09:33:01,1.15,1.1,381360,1.15,53960,2440,6190520
FINNIFTY02JAN2421700CE.NFO,02/01/2024,09:33:02,1.2,1.15,95200,1.2,167480,37360,6190520
FINNIFTY02JAN2421700CE.NFO,02/01/2024,09:33:04,1.15,1.15,51400,1.2,184000,16800,6190520
FINNIFTY02JAN2421700CE.NFO,02/01/2024,09:33:06,1.15,1.1,372800,1.15,60720,56120,6190520
FINNIFTY02JAN2421700CE.NFO,02/01/2024,09:33:07,1.1,1.1,373840,1.15,26640,6000,6190520
FINNIFTY02JAN2421700CE.NFO,02/01/2024,09:33:09,1.15,1.15,131240,1.2,187040,46320,6190520
FINNIFTY02JAN2421700CE.NFO,02/01/2024,09:33:11,1.15,1.15,129440,1.2,190760,5480,6190520
FINNIFTY02JAN2421700CE.NFO,02/01/2024,09:33:12,1.1,1.1,405880,1.15,65320,90240,6190520
FINNIFTY02JAN2421700CE.NFO,02/01/2024,09:33:14,1.15,1.1,392000,1.15,81600,161480,6190520
FINNIFTY02JAN2421700CE.NFO,02/01/2024,09:33:16,1.15,1.1,378600,1.15,100760,15960,6190520
FINNIFTY02JAN2421700CE.NFO,02/01/2024,09:33:17,1.15,1.1,380880,1.15,103600,24440,6190520
FINNIFTY02JAN2421700CE.NFO,02/01/2024,09:33:19,1.2,1.15,153360,1.2,141800,200440,6190520
FINNIFTY02JAN2421700CE.NFO,02/01/2024,09:33:21,1.15,1.15,180520,1.2,75440,138120,6190520
FINNIFTY02JAN2421700CE.NFO,02/01/2024,09:33:22,1.2,1.15,152440,1.2,95480,136560,6190520
FINNIFTY02JAN2421700CE.NFO,02/01/2024,09:33:24,1.2,1.15,154440,1.2,111360,5320,6190520
FINNIFTY02JAN2421700CE.NFO,02/01/2024,09:33:26,1.15,1.15,136080,1.2,134160,43160,6190520
FINNIFTY02JAN2421700CE.NFO,02/01/2024,09:33:27,1.2,1.15,134240,1.2,143840,11360,6190520
FINNIFTY02JAN2421700CE.NFO,02/01/2024,09:33:29,1.15,1.15,131800,1.2,144360,20400,6190520
FINNIFTY02JAN2421700CE.NFO,02/01/2024,09:33:31,1.15,1.15,143680,1.2,154920,30240,6190520
FINNIFTY02JAN2421700CE.NFO,02/01/2024,09:33:32,1.15,1.15,199840,1.2,167680,8320,6190520
FINNIFTY02JAN2421700CE.NFO,02/01/2024,09:33:34,1.15,1.15,127440,1.2,171200,15960,6190520
FINNIFTY02JAN2421700CE.NFO,02/01/2024,09:33:36,1.15,1.15,130600,1.2,172880,12640,6190520
FINNIFTY02JAN2421700CE.NFO,02/01/2024,09:33:37,1.2,1.15,168360,1.2,175560,21120,6190520
FINNIFTY02JAN2421700CE.NFO,02/01/2024,09:33:39,1.2,1.15,133120,1.2,179040,20880,6190520
FINNIFTY02JAN2421700CE.NFO,02/01/2024,09:33:41,1.2,1.15,116880,1.2,181240,22160,6190520
FINNIFTY02JAN2421700CE.NFO,02/01/2024,09:33:42,1.2,1.15,142120,1.2,183920,56240,6190520
FINNIFTY02JAN2421700CE.NFO,02/01/2024,09:33:44,1.15,1.15,159120,1.2,197240,3440,6190520
FINNIFTY02JAN2421700CE.NFO,02/01/2024,09:33:46,1.15,1.15,193440,1.2,233520,18600,6190520
FINNIFTY02JAN2421700CE.NFO,02/01/2024,09:33:47,1.15,1.15,177720,1.2,232840,6200,6190520
FINNIFTY02JAN2421700CE.NFO,02/01/2024,09:33:49,1.15,1.15,157520,1.2,234200,7880,6190520
FINNIFTY02JAN2421700CE.NFO,02/01/2024,09:33:51,1.2,1.15,225960,1.2,251800,8840,6190520
FINNIFTY02JAN2421700CE.NFO,02/01/2024,09:33:52,1.15,1.15,311160,1.2,232640,32080,6190520
FINNIFTY02JAN2421700CE.NFO,02/01/2024,09:33:54,1.2,1.15,297040,1.2,240920,21360,6190520
FINNIFTY02JAN2421700CE.NFO,02/01/2024,09:33:56,1.2,1.15,324720,1.2,234600,1040,6190520
FINNIFTY02JAN2421700CE.NFO,02/01/2024,09:33:57,1.15,1.15,285560,1.2,240760,6320,6190520
FINNIFTY02JAN2421700CE.NFO,02/01/2024,09:33:59,1.15,1.15,309920,1.2,243520,3760,6190520
FINNIFTY02JAN2421700CE.NFO,02/01/2024,09:34:01,1.2,1.15,319680,1.2,241680,15280,6190520
FINNIFTY02JAN2421700CE.NFO,02/01/2024,09:34:03,1.15,1.15,268680,1.2,260080,8520,6190520
FINNIFTY02JAN2421700CE.NFO,02/01/2024,09:34:04,1.15,1.15,256720,1.2,262520,4040,6190520
FINNIFTY02JAN2421700CE.NFO,02/01/2024,09:34:06,1.2,1.15,264320,1.2,259320,1000,6190520
FINNIFTY02JAN2421700CE.NFO,02/01/2024,09:34:08,1.15,1.15,271480,1.2,267360,3200,6190520
FINNIFTY02JAN2421700CE.NFO,02/01/2024,09:34:09,1.2,1.15,263600,1.2,265800,7960,6190520
FINNIFTY02JAN2421700CE.NFO,02/01/2024,09:34:11,1.2,1.15,300960,1.2,258080,5640,6190520
FINNIFTY02JAN2421700CE.NFO,02/01/2024,09:34:13,1.2,1.15,327960,1.2,250720,4000,6190520
FINNIFTY02JAN2421700CE.NFO,02/01/2024,09:34:14,1.2,1.15,288560,1.2,258440,2040,6190520
FINNIFTY02JAN2421700CE.NFO,02/01/2024,09:34:16,1.2,1.15,295080,1.2,239160,13200,6190520
FINNIFTY02JAN2421700CE.NFO,02/01/2024,09:34:18,1.2,1.15,330720,1.2,245320,7160,6190520
FINNIFTY02JAN2421700CE.NFO,02/01/2024,09:34:19,1.15,1.15,282880,1.2,260760,12680,6190520
FINNIFTY02JAN2421700CE.NFO,02/01/2024,09:34:21,1.15,1.15,297160,1.2,251560,16080,6190520
FINNIFTY02JAN2421700CE.NFO,02/01/2024,09:34:23,1.2,1.15,278440,1.2,261200,18880,6190520
FINNIFTY02JAN2421700CE.NFO,02/01/2024,09:34:24,1.2,1.15,329200,1.2,265120,2040,6190520
FINNIFTY02JAN2421700CE.NFO,02/01/2024,09:34:26,1.2,1.15,330120,1.2,272720,5600,6190520
FINNIFTY02JAN2421700CE.NFO,02/01/2024,09:34:28,1.15,1.15,292080,1.2,271960,3000,6190520
FINNIFTY02JAN2421700CE.NFO,02/01/2024,09:34:29,1.2,1.15,333200,1.2,285800,2520,6190520
FINNIFTY02JAN2421700CE.NFO,02/01/2024,09:34:31,1.2,1.15,331400,1.2,283640,4760,6190520
FINNIFTY02JAN2421700CE.NFO,02/01/2024,09:34:33,1.15,1.15,301040,1.2,270240,5200,6190520
FINNIFTY02JAN2421700CE.NFO,02/01/2024,09:34:35,1.2,1.15,252360,1.2,268640,32640,6190520
FINNIFTY02JAN2421700CE.NFO,02/01/2024,09:34:36,1.2,1.15,282360,1.2,265360,7720,6190520
FINNIFTY02JAN2421700CE.NFO,02/01/2024,09:34:38,1.2,1.15,268480,1.2,285800,1040,6190520
FINNIFTY02JAN2421700CE.NFO,02/01/2024,09:34:40,1.15,1.15,192960,1.2,287920,17400,6190520
FINNIFTY02JAN2421700CE.NFO,02/01/2024,09:34:41,1.15,1.15,120840,1.2,240760,191440,6190520
FINNIFTY02JAN2421700CE.NFO,02/01/2024,09:34:43,1.2,1.15,143840,1.2,241600,43960,6190520
FINNIFTY02JAN2421700CE.NFO,02/01/2024,09:34:45,1.2,1.15,218920,1.2,222280,4040,6190520
FINNIFTY02JAN2421700CE.NFO,02/01/2024,09:34:46,1.15,1.15,255480,1.2,206680,12960,6190520
FINNIFTY02JAN2421700CE.NFO,02/01/2024,09:34:48,1.15,1.15,258600,1.2,255880,400,6190520
FINNIFTY02JAN2421700CE.NFO,02/01/2024,09:34:50,1.2,1.15,217120,1.2,258080,3640,6190520
FINNIFTY02JAN2421700CE.NFO,02/01/2024,09:34:51,1.15,1.15,232760,1.2,252880,5840,6190520
FINNIFTY02JAN2421700CE.NFO,02/01/2024,09:34:53,1.15,1.15,172680,1.2,263760,5920,6190520
FINNIFTY02JAN2421700CE.NFO,02/01/2024,09:34:55,1.2,1.15,201080,1.2,269960,6680,6190520
FINNIFTY02JAN2421700CE.NFO,02/01/2024,09:34:56,1.2,1.15,192280,1.2,256520,14360,6190520
FINNIFTY02JAN2421700CE.NFO,02/01/2024,09:34:58,1.2,1.15,211000,1.2,253240,2400,6190520
FINNIFTY02JAN2421700CE.NFO,02/01/2024,09:35:00,1.2,1.15,216240,1.2,257960,6760,6190520
FINNIFTY02JAN2421700CE.NFO,02/01/2024,09:35:01,1.2,1.15,224800,1.2,254000,7040,6190520
FINNIFTY02JAN2421700CE.NFO,02/01/2024,09:35:03,1.15,1.15,256600,1.2,244040,4080,6190520
FINNIFTY02JAN2421700CE.NFO,02/01/2024,09:35:05,1.2,1.15,242920,1.2,239360,9160,6190520
FINNIFTY02JAN2421700CE.NFO,02/01/2024,09:35:06,1.2,1.15,205480,1.2,255880,9080,6190520
FINNIFTY02JAN2421700CE.NFO,02/01/2024,09:35:08,1.15,1.15,229480,1.2,252440,21640,6190520
FINNIFTY02JAN2421700CE.NFO,02/01/2024,09:35:10,1.2,1.15,261240,1.2,247920,1400,6190520
FINNIFTY02JAN2421700CE.NFO,02/01/2024,09:35:11,1.15,1.15,219040,1.2,279240,2920,6190520
FINNIFTY02JAN2421700CE.NFO,02/01/2024,09:35:15,1.2,1.15,204360,1.2,279680,14680,6190520
FINNIFTY02JAN2421700CE.NFO,02/01/2024,09:35:16,1.15,1.15,223000,1.2,281600,1520,6190520
FINNIFTY02JAN2421700CE.NFO,02/01/2024,09:35:18,1.2,1.15,269440,1.2,281720,520,6190520
FINNIFTY02JAN2421700CE.NFO,02/01/2024,09:35:20,1.15,1.15,272440,1.2,250400,4920,6190520
FINNIFTY02JAN2421700CE.NFO,02/01/2024,09:35:21,1.15,1.15,236440,1.2,246280,7560,6190520
FINNIFTY02JAN2421700CE.NFO,02/01/2024,09:35:23,1.15,1.15,239680,1.2,249720,9880,6190520
FINNIFTY02JAN2421700CE.NFO,02/01/2024,09:35:25,1.2,1.15,249240,1.2,249240,5000,6785080
FINNIFTY02JAN2421700CE.NFO,02/01/2024,09:35:26,1.2,1.15,240120,1.2,247800,1000,6785080
FINNIFTY02JAN2421700CE.NFO,02/01/2024,09:35:28,1.15,1.15,255880,1.2,250240,6760,6785080
FINNIFTY02JAN2421700CE.NFO,02/01/2024,09:35:30,1.15,1.15,275080,1.2,250360,2800,6785080
FINNIFTY02JAN2421700CE.NFO,02/01/2024,09:35:31,1.2,1.15,307960,1.2,249880,3320,6785080
FINNIFTY02JAN2421700CE.NFO,02/01/2024,09:35:33,1.2,1.15,277680,1.2,251720,9160,6785080
FINNIFTY02JAN2421700CE.NFO,02/01/2024,09:35:35,1.2,1.15,318240,1.2,246880,3880,6785080
FINNIFTY02JAN2421700CE.NFO,02/01/2024,09:35:36,1.15,1.15,298520,1.2,261040,6440,6785080
FINNIFTY02JAN2421700CE.NFO,02/01/2024,09:35:38,1.2,1.15,247640,1.2,262920,13880,6785080
FINNIFTY02JAN2421700CE.NFO,02/01/2024,09:35:40,1.2,1.15,251120,1.2,260960,840,6785080
FINNIFTY02JAN2421700CE.NFO,02/01/2024,09:35:41,1.2,1.15,325520,1.2,245440,7680,6785080
FINNIFTY02JAN2421700CE.NFO,02/01/2024,09:35:43,1.15,1.15,315240,1.2,246400,4400,6785080
FINNIFTY02JAN2421700CE.NFO,02/01/2024,09:35:45,1.15,1.15,330840,1.2,256080,13080,6785080
FINNIFTY02JAN2421700CE.NFO,02/01/2024,09:35:46,1.15,1.15,194880,1.2,271160,34320,6785080
FINNIFTY02JAN2421700CE.NFO,02/01/2024,09:35:48,1.2,1.15,193000,1.2,268000,27120,6785080
FINNIFTY02JAN2421700CE.NFO,02/01/2024,09:35:50,1.15,1.15,124800,1.2,301920,45640,6785080
FINNIFTY02JAN2421700CE.NFO,02/01/2024,09:35:51,1.15,1.15,170800,1.2,314080,200,6785080
FINNIFTY02JAN2421700CE.NFO,02/01/2024,09:35:53,1.2,1.15,151680,1.2,314720,13160,6785080
FINNIFTY02JAN2421700CE.NFO,02/01/2024,09:35:55,1.15,1.15,140200,1.2,313960,13920,6785080
FINNIFTY02JAN2421700CE.NFO,02/01/2024,09:35:56,1.1,1.1,539560,1.15,175560,89840,6785080
FINNIFTY02JAN2421700CE.NFO,02/01/2024,09:35:58,1.15,1.1,547680,1.15,261880,4200,6785080
FINNIFTY02JAN2421700CE.NFO,02/01/2024,09:36:00,1.1,1.1,582600,1.15,261520,3920,6785080
FINNIFTY02JAN2421700CE.NFO,02/01/2024,09:36:01,1.15,1.1,545400,1.15,269880,1360,6785080
FINNIFTY02JAN2421700CE.NFO,02/01/2024,09:36:03,1.15,1.1,580800,1.15,268400,4680,6785080
FINNIFTY02JAN2421700CE.NFO,02/01/2024,09:36:05,1.15,1.1,556640,1.15,267760,520,6785080
FINNIFTY02JAN2421700CE.NFO,02/01/2024,09:36:06,1.1,1.1,484680,1.15,274920,18000,6785080
FINNIFTY02JAN2421700CE.NFO,02/01/2024,09:36:08,1.15,1.1,470920,1.15,283080,4000,6785080
FINNIFTY02JAN2421700CE.NFO,02/01/2024,09:36:10,1.1,1.1,407200,1.15,283320,10600,6785080
FINNIFTY02JAN2421700CE.NFO,02/01/2024,09:36:11,1.1,1.1,410640,1.15,302080,3920,6785080
FINNIFTY02JAN2421700CE.NFO,02/01/2024,09:36:13,1.1,1.1,272520,1.15,307720,1920,6785080
FINNIFTY02JAN2421700CE.NFO,02/01/2024,09:36:15,1.1,1.1,191800,1.15,312080,22280,6785080
FINNIFTY02JAN2421700CE.NFO,02/01/2024,09:36:16,1.15,1.1,246840,1.15,305800,23680,6785080
FINNIFTY02JAN2421700CE.NFO,02/01/2024,09:36:18,1.1,1.1,116120,1.15,313240,29280,6785080
FINNIFTY02JAN2421700CE.NFO,02/01/2024,09:36:20,1.1,1.05,581480,1.1,193480,152120,6785080
FINNIFTY02JAN2421700CE.NFO,02/01/2024,09:36:21,1.05,1.05,577640,1.1,216600,10400,6785080
FINNIFTY02JAN2421700CE.NFO,02/01/2024,09:36:23,1.05,1.05,569960,1.1,234800,5720,6785080
FINNIFTY02JAN2421700CE.NFO,02/01/2024,09:36:25,1.05,1.05,569920,1.1,252320,800,6785080
FINNIFTY02JAN2421700CE.NFO,02/01/2024,09:36:26,1.05,1.05,561640,1.1,259080,11760,6785080
FINNIFTY02JAN2421700CE.NFO,02/01/2024,09:36:28,1.05,1.05,592320,1.1,263800,7160,6785080
FINNIFTY02JAN2421700CE.NFO,02/01/2024,09:36:31,1.1,1.05,582240,1.1,261200,26520,6785080
FINNIFTY02JAN2421700CE.NFO,02/01/2024,09:36:33,1.05,1.05,578040,1.1,265720,6160,6785080
FINNIFTY02JAN2421700CE.NFO,02/01/2024,09:36:35,1.1,1.05,578400,1.1,252280,2360,6785080
FINNIFTY02JAN2421700CE.NFO,02/01/2024,09:36:36,1.05,1.05,568640,1.1,263360,5760,6785080
FINNIFTY02JAN2421700CE.NFO,02/01/2024,09:36:38,1.1,1.05,559520,1.1,291840,5720,6785080
FINNIFTY02JAN2421700CE.NFO,02/01/2024,09:36:40,1.05,1.05,547160,1.1,291720,2920,6785080
FINNIFTY02JAN2421700CE.NFO,02/01/2024,09:36:41,1.1,1.05,533640,1.1,283400,2440,6785080
FINNIFTY02JAN2421700CE.NFO,02/01/2024,09:36:43,1.1,1.05,516800,1.1,289240,5480,6785080
FINNIFTY02JAN2421700CE.NFO,02/01/2024,09:36:45,1.1,1.05,556280,1.1,275560,5800,6785080
FINNIFTY02JAN2421700CE.NFO,02/01/2024,09:36:46,1.1,1.05,514040,1.1,280520,3080,6785080
FINNIFTY02JAN2421700CE.NFO,02/01/2024,09:36:48,1.05,1.05,545840,1.1,233000,37720,6785080
FINNIFTY02JAN2421700CE.NFO,02/01/2024,09:36:50,1.1,1.05,537200,1.1,232760,5000,6785080
FINNIFTY02JAN2421700CE.NFO,02/01/2024,09:36:51,1.1,1.05,541600,1.1,242440,4000,6785080
FINNIFTY02JAN2421700CE.NFO,02/01/2024,09:36:53,1.05,1.05,514280,1.1,258920,3920,6785080
FINNIFTY02JAN2421700CE.NFO,02/01/2024,09:36:55,1.1,1.05,513880,1.1,18520,191280,6785080
FINNIFTY02JAN2421700CE.NFO,02/01/2024,09:36:56,1.15,1.1,260120,1.15,196240,30080,6785080
FINNIFTY02JAN2421700CE.NFO,02/01/2024,09:36:58,1.1,1.1,561400,1.15,177280,6920,6785080
FINNIFTY02JAN2421700CE.NFO,02/01/2024,09:37:00,1.1,1.1,574560,1.15,165440,1680,6785080
FINNIFTY02JAN2421700CE.NFO,02/01/2024,09:37:01,1.15,1.1,578600,1.15,171880,1200,6785080
FINNIFTY02JAN2421700CE.NFO,02/01/2024,09:37:03,1.15,1.1,551040,1.15,292920,8120,6785080
FINNIFTY02JAN2421700CE.NFO,02/01/2024,09:37:05,1.1,1.1,551800,1.15,300760,7800,6785080
FINNIFTY02JAN2421700CE.NFO,02/01/2024,09:37:06,1.1,1.1,574840,1.15,286280,2880,6785080
FINNIFTY02JAN2421700CE.NFO,02/01/2024,09:37:08,1.1,1.1,558080,1.15,305000,1600,6785080
FINNIFTY02JAN2421700CE.NFO,02/01/2024,09:37:10,1.15,1.1,604440,1.15,295880,12640,6785080
FINNIFTY02JAN2421700CE.NFO,02/01/2024,09:37:11,1.1,1.1,571160,1.15,294280,4160,6785080
FINNIFTY02JAN2421700CE.NFO,02/01/2024,09:37:13,1.15,1.1,583920,1.15,273480,480,6785080
FINNIFTY02JAN2421700CE.NFO,02/01/2024,09:37:15,1.1,1.1,609080,1.15,278400,2160,6785080
FINNIFTY02JAN2421700CE.NFO,02/01/2024,09:37:16,1.1,1.1,574800,1.15,272320,6600,6785080
FINNIFTY02JAN2421700CE.NFO,02/01/2024,09:37:18,1.15,1.1,617960,1.15,257120,17840,6785080
FINNIFTY02JAN2421700CE.NFO,02/01/2024,09:37:20,1.1,1.1,596520,1.15,249920,11560,6785080
FINNIFTY02JAN2421700CE.NFO,02/01/2024,09:37:21,1.15,1.1,596400,1.15,229880,3800,6785080
FINNIFTY02JAN2421700CE.NFO,02/01/2024,09:37:23,1.1,1.1,589560,1.15,240080,3200,6785080
FINNIFTY02JAN2421700CE.NFO,02/01/2024,09:37:25,1.1,1.1,622840,1.15,225960,14920,6785080
FINNIFTY02JAN2421700CE.NFO,02/01/2024,09:37:26,1.15,1.1,627880,1.15,192880,10680,6785080
FINNIFTY02JAN2421700CE.NFO,02/01/2024,09:37:28,1.15,1.1,636920,1.15,180480,48640,6785080
FINNIFTY02JAN2421700CE.NFO,02/01/2024,09:37:30,1.2,1.15,102680,1.2,204640,55440,6785080
FINNIFTY02JAN2421700CE.NFO,02/01/2024,09:37:32,1.2,1.15,271480,1.2,182800,13880,6785080
FINNIFTY02JAN2421700CE.NFO,02/01/2024,09:37:33,1.2,1.15,273520,1.2,181680,2880,6785080
FINNIFTY02JAN2421700CE.NFO,02/01/2024,09:37:35,1.2,1.15,279600,1.2,191640,14920,6785080
FINNIFTY02JAN2421700CE.NFO,02/01/2024,09:37:37,1.15,1.15,241680,1.2,184680,6000,6785080
FINNIFTY02JAN2421700CE.NFO,02/01/2024,09:37:38,1.2,1.15,279080,1.2,195560,3000,6785080
FINNIFTY02JAN2421700CE.NFO,02/01/2024,09:37:40,1.15,1.15,281240,1.2,194720,920,6785080
FINNIFTY02JAN2421700CE.NFO,02/01/2024,09:37:42,1.15,1.15,245320,1.2,217320,7240,6785080
FINNIFTY02JAN2421700CE.NFO,02/01/2024,09:37:43,1.2,1.15,291360,1.2,216120,2200,6785080
FINNIFTY02JAN2421700CE.NFO,02/01/2024,09:37:45,1.15,1.15,249160,1.2,217760,2200,6785080
FINNIFTY02JAN2421700CE.NFO,02/01/2024,09:37:47,1.2,1.15,243240,1.2,213160,12920,6785080
FINNIFTY02JAN2421700CE.NFO,02/01/2024,09:37:48,1.15,1.15,275000,1.2,210040,8760,6785080
FINNIFTY02JAN2421700CE.NFO,02/01/2024,09:37:50,1.15,1.15,274040,1.2,206400,4720,6785080
FINNIFTY02JAN2421700CE.NFO,02/01/2024,09:37:52,1.2,1.15,263000,1.2,208400,600,6785080
FINNIFTY02JAN2421700CE.NFO,02/01/2024,09:37:53,1.15,1.15,236360,1.2,213000,7640,6785080
FINNIFTY02JAN2421700CE.NFO,02/01/2024,09:37:55,1.15,1.15,237840,1.2,210640,3040,6785080
FINNIFTY02JAN2421700CE.NFO,02/01/2024,09:37:57,1.15,1.15,262520,1.2,207440,680,6785080
FINNIFTY02JAN2421700CE.NFO,02/01/2024,09:37:58,1.2,1.15,242880,1.2,206200,1280,6785080
FINNIFTY02JAN2421700CE.NFO,02/01/2024,09:38:00,1.15,1.15,237200,1.2,207120,2480,6785080
FINNIFTY02JAN2421700CE.NFO,02/01/2024,09:38:02,1.15,1.15,250000,1.2,206480,4440,6785080
FINNIFTY02JAN2421700CE.NFO,02/01/2024,09:38:03,1.15,1.15,279960,1.2,184440,3120,6785080
FINNIFTY02JAN2421700CE.NFO,02/01/2024,09:38:05,1.2,1.15,280840,1.2,189840,680,6785080
FINNIFTY02JAN2421700CE.NFO,02/01/2024,09:38:07,1.2,1.15,271000,1.2,265960,3160,6785080
FINNIFTY02JAN2421700CE.NFO,02/01/2024,09:38:08,1.2,1.15,247200,1.2,266200,840,6785080
FINNIFTY02JAN2421700CE.NFO,02/01/2024,09:38:10,1.15,1.15,273760,1.2,275000,21160,6785080
FINNIFTY02JAN2421700CE.NFO,02/01/2024,09:38:12,1.2,1.15,298440,1.2,238640,51600,6785080
FINNIFTY02JAN2421700CE.NFO,02/01/2024,09:38:13,1.15,1.15,229640,1.2,258640,42680,6785080
FINNIFTY02JAN2421700CE.NFO,02/01/2024,09:38:15,1.15,1.15,176080,1.2,254880,4200,6785080
FINNIFTY02JAN2421700CE.NFO,02/01/2024,09:38:17,1.2,1.15,243120,1.2,247760,4080,6785080
FINNIFTY02JAN2421700CE.NFO,02/01/2024,09:38:18,1.15,1.15,245240,1.2,252360,3120,6785080
FINNIFTY02JAN2421700CE.NFO,02/01/2024,09:38:20,1.15,1.15,259520,1.2,251240,8320,6785080
FINNIFTY02JAN2421700CE.NFO,02/01/2024,09:38:22,1.15,1.15,259920,1.2,253320,8880,6785080
FINNIFTY02JAN2421700CE.NFO,02/01/2024,09:38:23,1.15,1.15,265440,1.2,250640,2920,6785080
FINNIFTY02JAN2421700CE.NFO,02/01/2024,09:38:25,1.15,1.15,277240,1.2,245720,0,6785080
FINNIFTY02JAN2421700CE.NFO,02/01/2024,09:38:27,1.2,1.2,99000,1.25,99800,213800,6987640
FINNIFTY02JAN2421700CE.NFO,02/01/2024,09:38:28,1.2,1.2,191560,1.25,179400,2880,6987640
FINNIFTY02JAN2421700CE.NFO,02/01/2024,09:38:30,1.2,1.2,213400,1.25,189000,1600,6987640
FINNIFTY02JAN2421700CE.NFO,02/01/2024,09:38:32,1.25,1.2,217480,1.25,188560,80,6987640
FINNIFTY02JAN2421700CE.NFO,02/01/2024,09:38:33,1.25,1.2,218640,1.25,179680,1600,6987640
FINNIFTY02JAN2421700CE.NFO,02/01/2024,09:38:35,1.25,1.2,188080,1.25,184600,8840,6987640
FINNIFTY02JAN2421700CE.NFO,02/01/2024,09:38:37,1.2,1.2,102480,1.25,191280,36840,6987640
FINNIFTY02JAN2421700CE.NFO,02/01/2024,09:38:38,1.25,1.2,144480,1.25,185920,6320,6987640
FINNIFTY02JAN2421700CE.NFO,02/01/2024,09:38:40,1.2,1.2,187280,1.25,181000,12840,6987640
FINNIFTY02JAN2421700CE.NFO,02/01/2024,09:38:42,1.25,1.2,182800,1.25,173040,15160,6987640
FINNIFTY02JAN2421700CE.NFO,02/01/2024,09:38:43,1.25,1.2,190360,1.25,169200,29400,6987640
FINNIFTY02JAN2421700CE.NFO,02/01/2024,09:38:45,1.25,1.2,196440,1.25,154920,30600,6987640
FINNIFTY02JAN2421700CE.NFO,02/01/2024,09:38:47,1.2,1.2,196200,1.25,164960,8240,6987640
FINNIFTY02JAN2421700CE.NFO,02/01/2024,09:38:48,1.2,1.2,89000,1.25,182880,14640,6987640
FINNIFTY02JAN2421700CE.NFO,02/01/2024,09:38:50,1.2,1.2,62840,1.25,185320,19160,6987640
FINNIFTY02JAN2421700CE.NFO,02/01/2024,09:38:52,1.25,1.2,96480,1.25,196080,10360,6987640
FINNIFTY02JAN2421700CE.NFO,02/01/2024,09:38:53,1.2,1.2,150240,1.25,196560,13280,6987640
FINNIFTY02JAN2421700CE.NFO,02/01/2024,09:38:55,1.25,1.2,310400,1.25,148240,4880,6987640
FINNIFTY02JAN2421700CE.NFO,02/01/2024,09:38:57,1.25,1.2,345480,1.25,132520,18960,6987640
FINNIFTY02JAN2421700CE.NFO,02/01/2024,09:38:58,1.3,1.25,137480,1.3,150160,67760,6987640
FINNIFTY02JAN2421700CE.NFO,02/01/2024,09:39:00,1.25,1.25,138840,1.3,178640,4160,6987640
FINNIFTY02JAN2421700CE.NFO,02/01/2024,09:39:02,1.25,1.25,147720,1.3,163480,13800,6987640
FINNIFTY02JAN2421700CE.NFO,02/01/2024,09:39:03,1.3,1.3,106960,1.35,123200,174880,6987640
FINNIFTY02JAN2421700CE.NFO,02/01/2024,09:39:05,1.3,1.25,216840,1.3,55880,67960,6987640
FINNIFTY02JAN2421700CE.NFO,02/01/2024,09:39:07,1.3,1.3,89240,1.35,146240,61320,6987640
FINNIFTY02JAN2421700CE.NFO,02/01/2024,09:39:08,1.3,1.25,228680,1.3,104440,43960,6987640
FINNIFTY02JAN2421700CE.NFO,02/01/2024,09:39:10,1.35,1.3,134920,1.35,123520,98600,6987640
FINNIFTY02JAN2421700CE.NFO,02/01/2024,09:39:12,1.3,1.3,143520,1.35,122920,18720,6987640
FINNIFTY02JAN2421700CE.NFO,02/01/2024,09:39:13,1.3,1.3,76920,1.35,150360,38120,6987640
FINNIFTY02JAN2421700CE.NFO,02/01/2024,09:39:15,1.35,1.3,94720,1.35,128480,104800,6987640
FINNIFTY02JAN2421700CE.NFO,02/01/2024,09:39:17,1.3,1.25,216080,1.3,116000,40640,6987640
FINNIFTY02JAN2421700CE.NFO,02/01/2024,09:39:18,1.3,1.25,229200,1.3,117480,20040,6987640
FINNIFTY02JAN2421700CE.NFO,02/01/2024,09:39:20,1.3,1.25,228920,1.3,122840,2600,6987640
FINNIFTY02JAN2421700CE.NFO,02/01/2024,09:39:22,1.3,1.25,228720,1.3,118680,4000,6987640
FINNIFTY02JAN2421700CE.NFO,02/01/2024,09:39:23,1.3,1.25,230600,1.3,112760,6520,6987640
FINNIFTY02JAN2421700CE.NFO,02/01/2024,09:39:25,1.3,1.25,232080,1.3,106760,7960,6987640
FINNIFTY02JAN2421700CE.NFO,02/01/2024,09:39:27,1.3,1.25,232440,1.3,105720,4360,6987640
FINNIFTY02JAN2421700CE.NFO,02/01/2024,09:39:28,1.3,1.3,136320,1.35,126240,46200,6987640
FINNIFTY02JAN2421700CE.NFO,02/01/2024,09:39:31,1.25,1.25,221120,1.3,104320,44880,6987640
FINNIFTY02JAN2421700CE.NFO,02/01/2024,09:39:33,1.3,1.25,233280,1.3,81400,9360,6987640
FINNIFTY02JAN2421700CE.NFO,02/01/2024,09:39:34,1.25,1.25,234040,1.3,92400,6800,6987640
FINNIFTY02JAN2421700CE.NFO,02/01/2024,09:39:36,1.3,1.25,221720,1.3,208520,13320,6987640
FINNIFTY02JAN2421700CE.NFO,02/01/2024,09:39:38,1.3,1.25,199000,1.3,211840,14760,6987640
FINNIFTY02JAN2421700CE.NFO,02/01/2024,09:39:39,1.3,1.25,201560,1.3,210720,27960,6987640
FINNIFTY02JAN2421700CE.NFO,02/01/2024,09:39:41,1.3,1.25,213240,1.3,211600,13520,6987640
FINNIFTY02JAN2421700CE.NFO,02/01/2024,09:39:43,1.3,1.25,217120,1.3,206400,4760,6987640
FINNIFTY02JAN2421700CE.NFO,02/01/2024,09:39:44,1.3,1.3,98480,1.35,101920,128720,6987640
FINNIFTY02JAN2421700CE.NFO,02/01/2024,09:39:46,1.4,1.4,128840,1.45,69680,80920,6987640
FINNIFTY02JAN2421700CE.NFO,02/01/2024,09:39:48,1.35,1.3,152120,1.35,123880,83440,6987640
FINNIFTY02JAN2421700CE.NFO,02/01/2024,09:39:49,1.4,1.35,175920,1.4,88080,65840,6987640
FINNIFTY02JAN2421700CE.NFO,02/01/2024,09:39:51,1.35,1.35,181280,1.4,101280,4160,6987640
FINNIFTY02JAN2421700CE.NFO,02/01/2024,09:39:53,1.35,1.35,129920,1.4,124560,4120,6987640
FINNIFTY02JAN2421700CE.NFO,02/01/2024,09:39:54,1.35,1.35,177240,1.4,125680,9920,6987640
FINNIFTY02JAN2421700CE.NFO,02/01/2024,09:39:56,1.4,1.35,173360,1.4,123680,3960,6987640
FINNIFTY02JAN2421700CE.NFO,02/01/2024,09:39:58,1.35,1.35,176480,1.4,112960,7200,6987640
FINNIFTY02JAN2421700CE.NFO,02/01/2024,09:39:59,1.35,1.35,115160,1.4,133280,27880,6987640
FINNIFTY02JAN2421700CE.NFO,02/01/2024,09:40:01,1.35,1.3,207520,1.35,103560,63760,6987640
FINNIFTY02JAN2421700CE.NFO,02/01/2024,09:40:03,1.4,1.35,161280,1.4,124520,38520,6987640
FINNIFTY02JAN2421700CE.NFO,02/01/2024,09:40:04,1.4,1.35,159480,1.4,143600,5440,6987640
FINNIFTY02JAN2421700CE.NFO,02/01/2024,09:40:06,1.3,1.3,224240,1.35,93720,43080,6987640
FINNIFTY02JAN2421700CE.NFO,02/01/2024,09:40:08,1.35,1.3,224680,1.35,96840,17120,6987640
FINNIFTY02JAN2421700CE.NFO,02/01/2024,09:40:09,1.35,1.3,224480,1.35,126000,1760,6987640
FINNIFTY02JAN2421700CE.NFO,02/01/2024,09:40:11,1.3,1.3,225360,1.35,148760,1840,6987640
FINNIFTY02JAN2421700CE.NFO,02/01/2024,09:40:13,1.3,1.3,230480,1.35,141560,9240,6987640
FINNIFTY02JAN2421700CE.NFO,02/01/2024,09:40:14,1.35,1.3,231920,1.35,115600,3880,6987640
FINNIFTY02JAN2421700CE.NFO,02/01/2024,09:40:16,1.4,1.35,139600,1.4,133200,43160,6987640
FINNIFTY02JAN2421700CE.NFO,02/01/2024,09:40:18,1.35,1.35,149440,1.4,151360,520,6987640
FINNIFTY02JAN2421700CE.NFO,02/01/2024,09:40:19,1.4,1.35,168320,1.4,136320,12960,6987640
FINNIFTY02JAN2421700CE.NFO,02/01/2024,09:40:21,1.35,1.35,170320,1.4,139320,360,6987640
FINNIFTY02JAN2421700CE.NFO,02/01/2024,09:40:23,1.35,1.35,169640,1.4,137360,1640,6987640
FINNIFTY02JAN2421700CE.NFO,02/01/2024,09:40:24,1.35,1.35,175120,1.4,130440,5920,6987640
FINNIFTY02JAN2421700CE.NFO,02/01/2024,09:40:26,1.35,1.35,165840,1.4,140840,9760,6987640
FINNIFTY02JAN2421700CE.NFO,02/01/2024,09:40:28,1.35,1.35,155600,1.4,155720,8080,6987640
FINNIFTY02JAN2421700CE.NFO,02/01/2024,09:40:29,1.35,1.3,255480,1.35,114920,65640,6987640
FINNIFTY02JAN2421700CE.NFO,02/01/2024,09:40:31,1.3,1.3,256160,1.35,100600,13760,6987640
FINNIFTY02JAN2421700CE.NFO,02/01/2024,09:40:33,1.3,1.3,245040,1.35,116080,10600,6987640
FINNIFTY02JAN2421700CE.NFO,02/01/2024,09:40:34,1.3,1.3,241280,1.35,104480,6960,6987640
FINNIFTY02JAN2421700CE.NFO,02/01/2024,09:40:36,1.35,1.3,240360,1.35,113120,8280,6987640
FINNIFTY02JAN2421700CE.NFO,02/01/2024,09:40:38,1.35,1.3,240200,1.35,105440,3320,6987640
FINNIFTY02JAN2421700CE.NFO,02/01/2024,09:40:39,1.3,1.3,237760,1.35,114400,6200,6987640
FINNIFTY02JAN2421700CE.NFO,02/01/2024,09:40:41,1.35,1.3,236880,1.35,104280,2320,6987640
FINNIFTY02JAN2421700CE.NFO,02/01/2024,09:40:43,1.3,1.3,229640,1.35,149440,4880,6987640
FINNIFTY02JAN2421700CE.NFO,02/01/2024,09:40:44,1.35,1.3,182280,1.35,157320,21880,6987640
FINNIFTY02JAN2421700CE.NFO,02/01/2024,09:40:46,1.3,1.3,117240,1.35,160200,23880,6987640
FINNIFTY02JAN2421700CE.NFO,02/01/2024,09:40:48,1.3,1.3,83160,1.35,165480,30240,6987640
FINNIFTY02JAN2421700CE.NFO,02/01/2024,09:40:50,1.3,1.3,31320,1.35,134080,208560,6987640
FINNIFTY02JAN2421700CE.NFO,02/01/2024,09:40:51,1.35,1.3,151840,1.35,138520,4120,6987640
FINNIFTY02JAN2421700CE.NFO,02/01/2024,09:40:53,1.3,1.3,149720,1.35,147880,10760,6987640
FINNIFTY02JAN2421700CE.NFO,02/01/2024,09:40:55,1.35,1.3,179240,1.35,93400,33280,6987640
FINNIFTY02JAN2421700CE.NFO,02/01/2024,09:40:56,1.3,1.3,189720,1.35,88400,55240,6987640
FINNIFTY02JAN2421700CE.NFO,02/01/2024,09:40:58,1.35,1.3,187920,1.35,87160,5360,6987640
FINNIFTY02JAN2421700CE.NFO,02/01/2024,09:41:00,1.35,1.3,192760,1.35,61160,12520,6987640
FINNIFTY02JAN2421700CE.NFO,02/01/2024,09:41:01,1.35,1.3,194320,1.35,84280,9040,6987640
FINNIFTY02JAN2421700CE.NFO,02/01/2024,09:41:03,1.35,1.3,254200,1.35,109600,4800,6987640
FINNIFTY02JAN2421700CE.NFO,02/01/2024,09:41:05,1.35,1.3,255360,1.35,131480,4400,6987640
FINNIFTY02JAN2421700CE.NFO,02/01/2024,09:41:06,1.3,1.3,257640,1.35,131360,2240,6987640
FINNIFTY02JAN2421700CE.NFO,02/01/2024,09:41:08,1.3,1.3,260800,1.35,125560,5680,6987640
FINNIFTY02JAN2421700CE.NFO,02/01/2024,09:41:10,1.35,1.3,258640,1.35,133640,11080,6987640
FINNIFTY02JAN2421700CE.NFO,02/01/2024,09:41:11,1.3,1.3,259440,1.35,128200,3800,6987640
FINNIFTY02JAN2421700CE.NFO,02/01/2024,09:41:13,1.3,1.3,255280,1.35,123880,16440,6987640
FINNIFTY02JAN2421700CE.NFO,02/01/2024,09:41:15,1.3,1.3,255520,1.35,130280,9080,6987640
FINNIFTY02JAN2421700CE.NFO,02/01/2024,09:41:16,1.3,1.3,259080,1.35,126280,7440,6987640
FINNIFTY02JAN2421700CE.NFO,02/01/2024,09:41:18,1.3,1.3,255640,1.35,116360,6640,6987640
FINNIFTY02JAN2421700CE.NFO,02/01/2024,09:41:20,1.3,1.3,255960,1.35,126640,6120,6987640
FINNIFTY02JAN2421700CE.NFO,02/01/2024,09:41:21,1.35,1.3,257560,1.35,120320,2000,6987640
FINNIFTY02JAN2421700CE.NFO,02/01/2024,09:41:23,1.35,1.3,258640,1.35,111040,1720,6987640
FINNIFTY02JAN2421700CE.NFO,02/01/2024,09:41:25,1.3,1.3,257160,1.35,127120,6520,6987640
FINNIFTY02JAN2421700CE.NFO,02/01/2024,09:41:26,1.35,1.3,257320,1.35,112400,5320,6925320
FINNIFTY02JAN2421700CE.NFO,02/01/2024,09:41:28,1.35,1.3,262960,1.35,120920,5840,6925320
FINNIFTY02JAN2421700CE.NFO,02/01/2024,09:41:30,1.35,1.3,262200,1.35,129880,1480,6925320
FINNIFTY02JAN2421700CE.NFO,02/01/2024,09:41:31,1.3,1.3,246640,1.35,135160,1480,6925320
FINNIFTY02JAN2421700CE.NFO,02/01/2024,09:41:33,1.35,1.3,251720,1.35,125400,20080,6925320
FINNIFTY02JAN2421700CE.NFO,02/01/2024,09:41:35,1.35,1.3,251960,1.35,126240,1720,6925320
FINNIFTY02JAN2421700CE.NFO,02/01/2024,09:41:36,1.3,1.3,254320,1.35,125360,5360,6925320
FINNIFTY02JAN2421700CE.NFO,02/01/2024,09:41:38,1.35,1.3,243920,1.35,144760,12360,6925320
FINNIFTY02JAN2421700CE.NFO,02/01/2024,09:41:40,1.35,1.3,265240,1.35,124000,2720,6925320
FINNIFTY02JAN2421700CE.NFO,02/01/2024,09:41:41,1.3,1.3,266000,1.35,123800,9760,6925320
FINNIFTY02JAN2421700CE.NFO,02/01/2024,09:41:43,1.35,1.3,268160,1.35,120840,7280,6925320
FINNIFTY02JAN2421700CE.NFO,02/01/2024,09:41:45,1.3,1.3,266400,1.35,92560,37400,6925320
FINNIFTY02JAN2421700CE.NFO,02/01/2024,09:41:46,1.35,1.3,268160,1.35,85600,7760,6925320
FINNIFTY02JAN2421700CE.NFO,02/01/2024,09:41:48,1.35,1.3,266640,1.35,94160,5680,6925320
FINNIFTY02JAN2421700CE.NFO,02/01/2024,09:41:50,1.3,1.3,268960,1.35,93800,1720,6925320
FINNIFTY02JAN2421700CE.NFO,02/01/2024,09:41:51,1.35,1.3,267240,1.35,105560,3320,6925320
FINNIFTY02JAN2421700CE.NFO,02/01/2024,09:41:53,1.35,1.3,266040,1.35,111120,1480,6925320
FINNIFTY02JAN2421700CE.NFO,02/01/2024,09:41:55,1.3,1.3,267280,1.35,133040,7480,6925320
FINNIFTY02JAN2421700CE.NFO,02/01/2024,09:41:56,1.35,1.3,269640,1.35,113440,3120,6925320
FINNIFTY02JAN2421700CE.NFO,02/01/2024,09:41:58,1.3,1.3,274360,1.35,133040,8440,6925320
FINNIFTY02JAN2421700CE.NFO,02/01/2024,09:42:00,1.3,1.3,276360,1.35,149320,6960,6925320
FINNIFTY02JAN2421700CE.NFO,02/01/2024,09:42:01,1.3,1.3,105480,1.35,143480,59480,6925320
FINNIFTY02JAN2421700CE.NFO,02/01/2024,09:42:03,1.35,1.3,47640,1.35,141280,134040,6925320
FINNIFTY02JAN2421700CE.NFO,02/01/2024,09:42:05,1.3,1.3,72640,1.35,155480,52560,6925320
FINNIFTY02JAN2421700CE.NFO,02/01/2024,09:42:06,1.3,1.25,251280,1.3,26880,84520,6925320
FINNIFTY02JAN2421700CE.NFO,02/01/2024,09:42:08,1.35,1.3,138240,1.35,136160,156560,6925320
FINNIFTY02JAN2421700CE.NFO,02/01/2024,09:42:10,1.35,1.3,147400,1.35,132080,19360,6925320
FINNIFTY02JAN2421700CE.NFO,02/01/2024,09:42:11,1.3,1.3,158320,1.35,113640,31600,6925320
FINNIFTY02JAN2421700CE.NFO,02/01/2024,09:42:13,1.35,1.3,184560,1.35,69520,36040,6925320
FINNIFTY02JAN2421700CE.NFO,02/01/2024,09:42:15,1.35,1.3,177080,1.35,128840,144040,6925320
FINNIFTY02JAN2421700CE.NFO,02/01/2024,09:42:16,1.35,1.3,201880,1.35,130160,13080,6925320
FINNIFTY02JAN2421700CE.NFO,02/01/2024,09:42:18,1.35,1.3,205520,1.35,98000,14520,6925320
FINNIFTY02JAN2421700CE.NFO,02/01/2024,09:42:20,1.35,1.35,153840,1.4,174600,112840,6925320
FINNIFTY02JAN2421700CE.NFO,02/01/2024,09:42:21,1.4,1.35,159640,1.4,169680,30520,6925320
FINNIFTY02JAN2421700CE.NFO,02/01/2024,09:42:23,1.35,1.35,166160,1.4,121080,39480,6925320
FINNIFTY02JAN2421700CE.NFO,02/01/2024,09:42:25,1.4,1.35,167320,1.4,55920,65040,6925320
FINNIFTY02JAN2421700CE.NFO,02/01/2024,09:42:26,1.4,1.35,170880,1.4,22840,49680,6925320
FINNIFTY02JAN2421700CE.NFO,02/01/2024,09:42:28,1.4,1.35,176440,1.4,69920,162560,6925320
FINNIFTY02JAN2421700CE.NFO,02/01/2024,09:42:31,1.4,1.35,185040,1.4,35400,141000,6925320
FINNIFTY02JAN2421700CE.NFO,02/01/2024,09:42:33,1.45,1.4,120600,1.45,121400,91160,6925320
FINNIFTY02JAN2421700CE.NFO,02/01/2024,09:42:34,1.4,1.4,128160,1.45,102400,91040,6925320
FINNIFTY02JAN2421700CE.NFO,02/01/2024,09:42:36,1.4,1.4,138920,1.45,119080,16480,6925320
FINNIFTY02JAN2421700CE.NFO,02/01/2024,09:42:38,1.4,1.4,160640,1.45,105880,17720,6925320
FINNIFTY02JAN2421700CE.NFO,02/01/2024,09:42:39,1.4,1.4,164960,1.45,96680,23080,6925320
FINNIFTY02JAN2421700CE.NFO,02/01/2024,09:42:41,1.4,1.4,170120,1.45,83400,20520,6925320
FINNIFTY02JAN2421700CE.NFO,02/01/2024,09:42:43,1.4,1.4,178400,1.45,74080,6120,6925320
FINNIFTY02JAN2421700CE.NFO,02/01/2024,09:42:44,1.45,1.4,176960,1.45,19480,36200,6925320
FINNIFTY02JAN2421700CE.NFO,02/01/2024,09:42:46,1.45,1.4,184240,1.45,87880,88800,6925320
FINNIFTY02JAN2421700CE.NFO,02/01/2024,09:42:48,1.45,1.4,187480,1.45,97920,12120,6925320
FINNIFTY02JAN2421700CE.NFO,02/01/2024,09:42:49,1.4,1.4,183440,1.45,102160,18040,6925320
FINNIFTY02JAN2421700CE.NFO,02/01/2024,09:42:51,1.45,1.4,193560,1.45,87560,19040,6925320
FINNIFTY02JAN2421700CE.NFO,02/01/2024,09:42:53,1.45,1.45,144200,1.5,111680,63560,6925320
FINNIFTY02JAN2421700CE.NFO,02/01/2024,09:42:55,1.5,1.45,166640,1.5,113600,20760,6925320
FINNIFTY02JAN2421700CE.NFO,02/01/2024,09:42:56,1.5,1.45,170080,1.5,86880,18000,6925320
FINNIFTY02JAN2421700CE.NFO,02/01/2024,09:42:58,1.45,1.45,136480,1.5,55280,271440,6925320
FINNIFTY02JAN2421700CE.NFO,02/01/2024,09:43:00,1.5,1.45,156800,1.5,94360,7600,6925320
FINNIFTY02JAN2421700CE.NFO,02/01/2024,09:43:01,1.45,1.4,138200,1.45,102760,88600,6925320
FINNIFTY02JAN2421700CE.NFO,02/01/2024,09:43:03,1.45,1.4,189880,1.45,121840,2400,6925320
FINNIFTY02JAN2421700CE.NFO,02/01/2024,09:43:05,1.45,1.4,192080,1.45,125480,2760,6925320
FINNIFTY02JAN2421700CE.NFO,02/01/2024,09:43:06,1.45,1.4,190320,1.45,127440,1680,6925320
FINNIFTY02JAN2421700CE.NFO,02/01/2024,09:43:08,1.45,1.4,195560,1.45,134960,13240,6925320
FINNIFTY02JAN2421700CE.NFO,02/01/2024,09:43:10,1.4,1.4,199160,1.45,125200,1200,6925320
FINNIFTY02JAN2421700CE.NFO,02/01/2024,09:43:11,1.45,1.4,202000,1.45,125720,11400,6925320
FINNIFTY02JAN2421700CE.NFO,02/01/2024,09:43:13,1.4,1.4,98800,1.45,165360,18360,6925320
FINNIFTY02JAN2421700CE.NFO,02/01/2024,09:43:15,1.35,1.35,183400,1.4,94080,70360,6925320
FINNIFTY02JAN2421700CE.NFO,02/01/2024,09:43:16,1.4,1.35,200320,1.4,114400,4240,6925320
FINNIFTY02JAN2421700CE.NFO,02/01/2024,09:43:18,1.4,1.35,194200,1.4,121760,3960,6925320
FINNIFTY02JAN2421700CE.NFO,02/01/2024,09:43:20,1.35,1.35,192040,1.4,140720,5760,6925320
FINNIFTY02JAN2421700CE.NFO,02/01/2024,09:43:21,1.4,1.35,169800,1.4,141840,5840,6925320
FINNIFTY02JAN2421700CE.NFO,02/01/2024,09:43:23,1.4,1.35,169600,1.4,143200,4200,6925320
FINNIFTY02JAN2421700CE.NFO,02/01/2024,09:43:25,1.35,1.35,166440,1.4,142320,17880,6925320
FINNIFTY02JAN2421700CE.NFO,02/01/2024,09:43:26,1.35,1.35,168480,1.4,132320,19440,6925320
FINNIFTY02JAN2421700CE.NFO,02/01/2024,09:43:28,1.35,1.35,167240,1.4,128600,6920,6925320
FINNIFTY02JAN2421700CE.NFO,02/01/2024,09:43:30,1.4,1.35,170640,1.4,126400,3080,6925320
FINNIFTY02JAN2421700CE.NFO,02/01/2024,09:43:31,1.4,1.35,171280,1.4,129680,1640,6925320
FINNIFTY02JAN2421700CE.NFO,02/01/2024,09:43:33,1.35,1.35,160560,1.4,134680,3720,6925320
FINNIFTY02JAN2421700CE.NFO,02/01/2024,09:43:35,1.35,1.35,43800,1.4,146560,113240,6925320
FINNIFTY02JAN2421700CE.NFO,02/01/2024,09:43:36,1.35,1.3,201400,1.35,82520,65560,6925320
FINNIFTY02JAN2421700CE.NFO,02/01/2024,09:43:38,1.35,1.3,198200,1.35,61640,45080,6925320
FINNIFTY02JAN2421700CE.NFO,02/01/2024,09:43:40,1.3,1.3,196960,1.35,132720,2400,6925320
FINNIFTY02JAN2421700CE.NFO,02/01/2024,09:43:41,1.3,1.3,195760,1.35,137840,6040,6925320
FINNIFTY02JAN2421700CE.NFO,02/01/2024,09:43:43,1.3,1.3,192120,1.35,145960,6440,6925320
FINNIFTY02JAN2421700CE.NFO,02/01/2024,09:43:45,1.35,1.3,93280,1.35,148720,31840,6925320
FINNIFTY02JAN2421700CE.NFO,02/01/2024,09:43:46,1.35,1.3,161480,1.35,153120,9240,6925320
FINNIFTY02JAN2421700CE.NFO,02/01/2024,09:43:48,1.3,1.3,150440,1.35,151560,18680,6925320
FINNIFTY02JAN2421700CE.NFO,02/01/2024,09:43:50,1.35,1.3,159120,1.35,139200,1080,6925320
FINNIFTY02JAN2421700CE.NFO,02/01/2024,09:43:51,1.35,1.3,154920,1.35,141520,2640,6925320
FINNIFTY02JAN2421700CE.NFO,02/01/2024,09:43:53,1.3,1.3,66440,1.35,144160,8120,6925320
FINNIFTY02JAN2421700CE.NFO,02/01/2024,09:43:55,1.3,1.3,59480,1.35,148320,24600,6925320
FINNIFTY02JAN2421700CE.NFO,02/01/2024,09:43:56,1.35,1.3,199560,1.35,123800,2360,6925320
FINNIFTY02JAN2421700CE.NFO,02/01/2024,09:43:58,1.35,1.3,202080,1.35,151080,7520,6925320
FINNIFTY02JAN2421700CE.NFO,02/01/2024,09:44:00,1.35,1.3,216160,1.35,129400,5720,6925320
FINNIFTY02JAN2421700CE.NFO,02/01/2024,09:44:01,1.3,1.3,196960,1.35,161320,6960,6925320
FINNIFTY02JAN2421700CE.NFO,02/01/2024,09:44:03,1.3,1.3,53000,1.35,150560,169480,6925320
FINNIFTY02JAN2421700CE.NFO,02/01/2024,09:44:05,1.35,1.3,105240,1.35,160040,65920,6925320
FINNIFTY02JAN2421700CE.NFO,02/01/2024,09:44:06,1.3,1.3,115160,1.35,160640,10160,6925320
FINNIFTY02JAN2421700CE.NFO,02/01/2024,09:44:08,1.3,1.3,116680,1.35,160360,4400,6925320
FINNIFTY02JAN2421700CE.NFO,02/01/2024,09:44:10,1.3,1.3,35600,1.35,183000,105840,6925320
FINNIFTY02JAN2421700CE.NFO,02/01/2024,09:44:11,1.3,1.3,98240,1.35,156480,103160,6925320
FINNIFTY02JAN2421700CE.NFO,02/01/2024,09:44:13,1.3,1.3,100920,1.35,167000,71720,6925320
FINNIFTY02JAN2421700CE.NFO,02/01/2024,09:44:15,1.3,1.3,106400,1.35,165280,10200,6925320
FINNIFTY02JAN2421700CE.NFO,02/01/2024,09:44:16,1.3,1.3,184320,1.35,157560,46600,6925320
FINNIFTY02JAN2421700CE.NFO,02/01/2024,09:44:18,1.3,1.3,60360,1.35,127920,228720,6925320
FINNIFTY02JAN2421700CE.NFO,02/01/2024,09:44:20,1.25,1.25,244920,1.3,188960,115080,6925320
FINNIFTY02JAN2421700CE.NFO,02/01/2024,09:44:21,1.3,1.25,245760,1.3,195440,4640,6925320
FINNIFTY02JAN2421700CE.NFO,02/01/2024,09:44:23,1.3,1.25,244760,1.3,198960,560,6925320
FINNIFTY02JAN2421700CE.NFO,02/01/2024,09:44:25,1.3,1.25,244360,1.3,217560,2760,6925320
FINNIFTY02JAN2421700CE.NFO,02/01/2024,09:44:26,1.25,1.25,243800,1.3,216600,6720,7628080
FINNIFTY02JAN2421700CE.NFO,02/01/2024,09:44:28,1.25,1.25,226480,1.3,222480,12480,7628080
FINNIFTY02JAN2421700CE.NFO,02/01/2024,09:44:30,1.3,1.25,221320,1.3,224120,2840,7628080
FINNIFTY02JAN2421700CE.NFO,02/01/2024,09:44:31,1.3,1.25,219600,1.3,225800,7320,7628080
FINNIFTY02JAN2421700CE.NFO,02/01/2024,09:44:33,1.3,1.25,218080,1.3,224520,3440,7628080
FINNIFTY02JAN2421700CE.NFO,02/01/2024,09:44:35,1.3,1.25,213440,1.3,227040,1200,7628080
FINNIFTY02JAN2421700CE.NFO,02/01/2024,09:44:36,1.3,1.25,207800,1.3,233560,5560,7628080
FINNIFTY02JAN2421700CE.NFO,02/01/2024,09:44:38,1.3,1.25,196320,1.3,240000,6280,7628080
FINNIFTY02JAN2421700CE.NFO,02/01/2024,09:44:40,1.25,1.25,196120,1.3,238720,2200,7628080
FINNIFTY02JAN2421700CE.NFO,02/01/2024,09:44:41,1.3,1.25,241760,1.3,235520,6320,7628080
FINNIFTY02JAN2421700CE.NFO,02/01/2024,09:44:43,1.25,1.25,238720,1.3,242280,3160,7628080
FINNIFTY02JAN2421700CE.NFO,02/01/2024,09:44:45,1.3,1.25,246400,1.3,233360,2240,7628080
FINNIFTY02JAN2421700CE.NFO,02/01/2024,09:44:46,1.3,1.25,244760,1.3,273320,3760,7628080
FINNIFTY02JAN2421700CE.NFO,02/01/2024,09:44:48,1.3,1.25,245080,1.3,275440,280,7628080
FINNIFTY02JAN2421700CE.NFO,02/01/2024,09:44:50,1.3,1.25,244640,1.3,274120,2640,7628080
FINNIFTY02JAN2421700CE.NFO,02/01/2024,09:44:51,1.3,1.25,225920,1.3,273640,44840,7628080
FINNIFTY02JAN2421700CE.NFO,02/01/2024,09:44:53,1.25,1.25,230960,1.3,277600,1560,7628080
FINNIFTY02JAN2421700CE.NFO,02/01/2024,09:44:55,1.3,1.25,236680,1.3,287800,1840,7628080
FINNIFTY02JAN2421700CE.NFO,02/01/2024,09:44:56,1.25,1.25,174880,1.3,289760,440,7628080
FINNIFTY02JAN2421700CE.NFO,02/01/2024,09:44:58,1.25,1.25,162000,1.3,293560,80,7628080
FINNIFTY02JAN2421700CE.NFO,02/01/2024,09:45:00,1.25,1.2,394360,1.25,20480,180040,7628080
FINNIFTY02JAN2421700CE.NFO,02/01/2024,09:45:01,1.25,1.2,393800,1.25,180720,63840,7628080
FINNIFTY02JAN2421700CE.NFO,02/01/2024,09:45:03,1.25,1.2,393360,1.25,176280,11760,7628080
FINNIFTY02JAN2421700CE.NFO,02/01/2024,09:45:05,1.25,1.25,92080,1.3,251320,111880,7628080
FINNIFTY02JAN2421700CE.NFO,02/01/2024,09:45:06,1.3,1.25,134640,1.3,259760,21040,7628080
FINNIFTY02JAN2421700CE.NFO,02/01/2024,09:45:08,1.25,1.25,140320,1.3,257640,17720,7628080
FINNIFTY02JAN2421700CE.NFO,02/01/2024,09:45:10,1.25,1.25,138920,1.3,271120,22400,7628080
FINNIFTY02JAN2421700CE.NFO,02/01/2024,09:45:11,1.3,1.25,54680,1.3,252400,119920,7628080
FINNIFTY02JAN2421700CE.NFO,02/01/2024,09:45:13,1.25,1.25,105560,1.3,252360,9040,7628080
FINNIFTY02JAN2421700CE.NFO,02/01/2024,09:45:15,1.25,1.2,382800,1.25,101080,47480,7628080
FINNIFTY02JAN2421700CE.NFO,02/01/2024,09:45:16,1.25,1.2,375680,1.25,52120,106640,7628080
FINNIFTY02JAN2421700CE.NFO,02/01/2024,09:45:18,1.25,1.2,369960,1.25,100480,48840,7628080
FINNIFTY02JAN2421700CE.NFO,02/01/2024,09:45:20,1.25,1.2,376440,1.25,10560,30280,7628080
FINNIFTY02JAN2421700CE.NFO,02/01/2024,09:45:21,1.25,1.25,137400,1.3,260200,29200,7628080
FINNIFTY02JAN2421700CE.NFO,02/01/2024,09:45:23,1.25,1.2,387920,1.25,90880,151360,7628080
FINNIFTY02JAN2421700CE.NFO,02/01/2024,09:45:25,1.25,1.2,387560,1.25,177320,3520,7628080
FINNIFTY02JAN2421700CE.NFO,02/01/2024,09:45:26,1.25,1.2,383440,1.25,198680,1960,7628080
FINNIFTY02JAN2421700CE.NFO,02/01/2024,09:45:28,1.2,1.2,387680,1.25,238200,7240,7628080
FINNIFTY02JAN2421700CE.NFO,02/01/2024,09:45:30,1.25,1.2,372240,1.25,246200,10680,7628080
FINNIFTY02JAN2421700CE.NFO,02/01/2024,09:45:31,1.25,1.2,375440,1.25,250240,17800,7628080
FINNIFTY02JAN2421700CE.NFO,02/01/2024,09:45:33,1.25,1.2,406560,1.25,256680,6480,7628080
FINNIFTY02JAN2421700CE.NFO,02/01/2024,09:45:35,1.2,1.2,406600,1.25,257640,2480,7628080
FINNIFTY02JAN2421700CE.NFO,02/01/2024,09:45:36,1.2,1.2,407640,1.25,259600,200,7628080
FINNIFTY02JAN2421700CE.NFO,02/01/2024,09:45:38,1.25,1.2,403880,1.25,257040,3240,7628080
FINNIFTY02JAN2421700CE.NFO,02/01/2024,09:45:40,1.2,1.2,403120,1.25,250400,2880,7628080
FINNIFTY02JAN2421700CE.NFO,02/01/2024,09:45:41,1.25,1.2,402120,1.25,260880,1360,7628080
FINNIFTY02JAN2421700CE.NFO,02/01/2024,09:45:43,1.25,1.2,403720,1.25,234000,520,7628080
FINNIFTY02JAN2421700CE.NFO,02/01/2024,09:45:45,1.25,1.2,400120,1.25,251680,2400,7628080
FINNIFTY02JAN2421700CE.NFO,02/01/2024,09:45:46,1.2,1.2,389200,1.25,266720,8360,7628080
FINNIFTY02JAN2421700CE.NFO,02/01/2024,09:45:48,1.25,1.2,349960,1.25,267000,26720,7628080
FINNIFTY02JAN2421700CE.NFO,02/01/2024,09:45:50,1.2,1.15,560960,1.2,201640,256800,7628080
FINNIFTY02JAN2421700CE.NFO,02/01/2024,09:45:51,1.25,1.2,75720,1.25,161320,291760,7628080
FINNIFTY02JAN2421700CE.NFO,02/01/2024,09:45:53,1.25,1.2,86680,1.25,171360,41920,7628080
FINNIFTY02JAN2421700CE.NFO,02/01/2024,09:45:55,1.2,1.15,576200,1.2,59080,56400,7628080
FINNIFTY02JAN2421700CE.NFO,02/01/2024,09:45:56,1.2,1.15,577440,1.2,121280,53720,7628080
FINNIFTY02JAN2421700CE.NFO,02/01/2024,09:45:58,1.15,1.15,535360,1.2,66720,62880,7628080
FINNIFTY02JAN2421700CE.NFO,02/01/2024,09:46:00,1.15,1.15,492520,1.2,149120,25160,7628080
FINNIFTY02JAN2421700CE.NFO,02/01/2024,09:46:01,1.2,1.15,326360,1.2,183640,139880,7628080
FINNIFTY02JAN2421700CE.NFO,02/01/2024,09:46:03,1.2,1.15,320440,1.2,191680,12400,7628080
FINNIFTY02JAN2421700CE.NFO,02/01/2024,09:46:05,1.15,1.15,312120,1.2,212240,12440,7628080
FINNIFTY02JAN2421700CE.NFO,02/01/2024,09:46:06,1.15,1.15,286560,1.2,231200,22880,7628080
FINNIFTY02JAN2421700CE.NFO,02/01/2024,09:46:08,1.15,1.15,287840,1.2,225560,5560,7628080
FINNIFTY02JAN2421700CE.NFO,02/01/2024,09:46:10,1.2,1.15,274440,1.2,253160,12400,7628080
FINNIFTY02JAN2421700CE.NFO,02/01/2024,09:46:11,1.15,1.15,191960,1.2,288720,35760,7628080
FINNIFTY02JAN2421700CE.NFO,02/01/2024,09:46:13,1.15,1.15,93080,1.2,285360,72320,7628080
