Ticker,Date,Time,LTP,BuyPrice,BuyQty,SellPrice,SellQty,LTQ,OpenInterest
FINNIFTY02JAN2418000PE.NFO,02/01/2024,09:15:15,0.25,0.15,19200,0.2,6080,120,63840
FINNIFTY02JAN2418000PE.NFO,02/01/2024,09:15:15,0.25,0.15,19200,0.2,6080,0,63840
FINNIFTY02JAN2418000PE.NFO,02/01/2024,09:15:15,0.25,0.15,19200,0.2,6080,0,63840
FINNIFTY02JAN2418000PE.NFO,02/01/2024,09:15:15,0.25,0.15,19200,0.2,6080,0,63840
FINNIFTY02JAN2418000PE.NFO,02/01/2024,09:15:27,0.2,0.15,20640,0.2,13480,3000,63840
FINNIFTY02JAN2418000PE.NFO,02/01/2024,09:15:27,0.2,0.15,20640,0.2,13480,0,63840
FINNIFTY02JAN2418000PE.NFO,02/01/2024,09:15:38,0.2,0.15,21200,0.2,6800,7200,63840
FINNIFTY02JAN2418000PE.NFO,02/01/2024,09:15:49,0.2,0.15,21120,0.2,2840,5400,63840
FINNIFTY02JAN2418000PE.NFO,02/01/2024,09:16:00,0.2,0.15,21120,0.2,2840,0,63840
FINNIFTY02JAN2418000PE.NFO,02/01/2024,09:16:11,0.15,0.15,19920,0.2,2840,1200,63840
FINNIFTY02JAN2418000PE.NFO,02/01/2024,09:16:11,0.15,0.15,19920,0.2,2840,0,63840
FINNIFTY02JAN2418000PE.NFO,02/01/2024,09:16:50,0.15,0.15,22040,0.2,3640,160,63840
FINNIFTY02JAN2418000PE.NFO,02/01/2024,09:16:59,0.15,0.15,22040,0.2,3640,0,63840
FINNIFTY02JAN2418000PE.NFO,02/01/2024,09:17:38,0.15,0.15,21440,0.2,3640,0,63840
FINNIFTY02JAN2418000PE.NFO,02/01/2024,09:18:07,0.15,0.15,21440,0.2,5280,0,63840
FINNIFTY02JAN2418000PE.NFO,02/01/2024,09:18:55,0.15,0.15,23240,0.2,5280,0,63840
FINNIFTY02JAN2418000PE.NFO,02/01/2024,09:21:04,0.15,0.15,23240,0.2,6640,0,63840
FINNIFTY02JAN2418000PE.NFO,02/01/2024,09:21:14,0.2,0.15,23240,0.2,6240,400,50960
FINNIFTY02JAN2418000PE.NFO,02/01/2024,09:21:24,0.2,0.15,22240,0.2,4280,0,50960
FINNIFTY02JAN2418000PE.NFO,02/01/2024,09:21:35,0.2,0.15,22720,0.2,6240,0,50960
FINNIFTY02JAN2418000PE.NFO,02/01/2024,09:21:45,0.2,0.15,22720,0.2,9120,0,50960
FINNIFTY02JAN2418000PE.NFO,02/01/2024,09:22:59,0.2,0.15,22720,0.2,10560,0,50960
FINNIFTY02JAN2418000PE.NFO,02/01/2024,09:23:09,0.2,0.15,22720,0.2,13240,0,50960
FINNIFTY02JAN2418000PE.NFO,02/01/2024,09:24:24,0.2,0.15,22720,0.2,13200,40,50960
FINNIFTY02JAN2418000PE.NFO,02/01/2024,09:24:54,0.2,0.15,22720,0.2,13200,0,50960
FINNIFTY02JAN2418000PE.NFO,02/01/2024,09:25:04,0.2,0.2,9320,0.25,4280,15080,50960
FINNIFTY02JAN2418000PE.NFO,02/01/2024,09:25:15,0.2,0.2,2800,0.25,6120,0,50960
FINNIFTY02JAN2418000PE.NFO,02/01/2024,09:25:26,0.25,0.2,2800,0.25,5720,400,50960
FINNIFTY02JAN2418000PE.NFO,02/01/2024,09:25:36,0.25,0.2,2800,0.25,5880,400,50960
FINNIFTY02JAN2418000PE.NFO,02/01/2024,09:25:45,0.25,0.2,2840,0.25,6280,0,50960
FINNIFTY02JAN2418000PE.NFO,02/01/2024,09:25:55,0.2,0.15,22600,0.25,6280,1800,50960
FINNIFTY02JAN2418000PE.NFO,02/01/2024,09:26:05,1.9,0.2,5120,1.8,1280,36000,50960
FINNIFTY02JAN2418000PE.NFO,02/01/2024,09:26:05,1.9,0.2,5120,1.8,1280,0,50960
FINNIFTY02JAN2418000PE.NFO,02/01/2024,09:26:15,2.9,0.2,3600,1.6,1800,22880,50960
FINNIFTY02JAN2418000PE.NFO,02/01/2024,09:26:15,2.9,0.2,3600,1.6,1800,0,50960
FINNIFTY02JAN2418000PE.NFO,02/01/2024,09:26:25,0.25,0.2,2520,0.4,40,5680,50960
FINNIFTY02JAN2418000PE.NFO,02/01/2024,09:26:35,0.25,0.2,3080,0.3,40,4960,94600
FINNIFTY02JAN2418000PE.NFO,02/01/2024,09:26:46,0.25,0.2,3000,0.3,560,2840,94600
FINNIFTY02JAN2418000PE.NFO,02/01/2024,09:26:57,0.25,0.2,3040,0.25,240,0,94600
FINNIFTY02JAN2418000PE.NFO,02/01/2024,09:27:07,0.25,0.2,3000,0.25,240,0,94600
FINNIFTY02JAN2418000PE.NFO,02/01/2024,09:27:27,0.35,0.2,3040,0.3,200,1800,94600
FINNIFTY02JAN2418000PE.NFO,02/01/2024,09:27:37,0.25,0.2,3160,0.3,2000,1960,94600
FINNIFTY02JAN2418000PE.NFO,02/01/2024,09:27:47,0.3,0.2,2480,0.25,400,600,94600
FINNIFTY02JAN2418000PE.NFO,02/01/2024,09:27:57,0.3,0.2,2480,0.25,480,0,94600
FINNIFTY02JAN2418000PE.NFO,02/01/2024,09:28:07,0.3,0.2,2520,0.25,480,0,94600
FINNIFTY02JAN2418000PE.NFO,02/01/2024,09:28:17,0.25,0.2,2560,0.3,2080,400,94600
FINNIFTY02JAN2418000PE.NFO,02/01/2024,09:28:28,0.25,0.2,2520,0.3,2080,0,94600
FINNIFTY02JAN2418000PE.NFO,02/01/2024,09:28:41,0.25,0.2,4280,0.25,2160,1960,94600
FINNIFTY02JAN2418000PE.NFO,02/01/2024,09:28:54,0.25,0.2,4320,0.25,200,1800,94600
FINNIFTY02JAN2418000PE.NFO,02/01/2024,09:29:05,0.25,0.2,4360,0.25,200,0,94600
FINNIFTY02JAN2418000PE.NFO,02/01/2024,09:29:28,0.25,0.2,4360,0.25,160,240,94600
FINNIFTY02JAN2418000PE.NFO,02/01/2024,09:29:38,0.25,0.2,4320,0.25,160,0,94600
FINNIFTY02JAN2418000PE.NFO,02/01/2024,09:30:08,0.2,0.2,3880,0.25,200,400,101480
FINNIFTY02JAN2418000PE.NFO,02/01/2024,09:30:18,0.2,0.2,2280,0.25,1200,1600,101480
FINNIFTY02JAN2418000PE.NFO,02/01/2024,09:30:28,0.25,0.2,2280,0.25,2920,360,101480
FINNIFTY02JAN2418000PE.NFO,02/01/2024,09:30:38,0.25,0.2,2280,0.25,3920,0,101480
FINNIFTY02JAN2418000PE.NFO,02/01/2024,09:30:48,0.25,0.2,2280,0.25,4920,0,101480
FINNIFTY02JAN2418000PE.NFO,02/01/2024,09:31:30,0.25,0.2,2280,0.25,4800,120,101480
FINNIFTY02JAN2418000PE.NFO,02/01/2024,09:31:39,0.2,0.2,2240,0.25,4800,40,101480
FINNIFTY02JAN2418000PE.NFO,02/01/2024,09:31:49,0.2,0.2,4720,0.25,4800,0,101480
FINNIFTY02JAN2418000PE.NFO,02/01/2024,09:32:37,0.2,0.2,2920,0.25,4800,1800,102920
FINNIFTY02JAN2418000PE.NFO,02/01/2024,09:32:48,0.2,0.2,4120,0.25,6440,3600,102920
FINNIFTY02JAN2418000PE.NFO,02/01/2024,09:32:57,0.2,0.2,4120,0.25,6440,0,102920
FINNIFTY02JAN2418000PE.NFO,02/01/2024,09:33:17,0.2,0.2,5120,0.25,6800,0,102920
FINNIFTY02JAN2418000PE.NFO,02/01/2024,09:34:41,0.2,0.2,3800,0.25,7280,1800,102920
FINNIFTY02JAN2418000PE.NFO,02/01/2024,09:34:59,0.2,0.2,3800,0.25,7280,1800,102920
FINNIFTY02JAN2418000PE.NFO,02/01/2024,09:35:37,0.2,0.2,5200,0.25,7320,0,102920
FINNIFTY02JAN2418000PE.NFO,02/01/2024,09:35:46,0.25,0.2,5200,0.25,7240,120,103200
FINNIFTY02JAN2418000PE.NFO,02/01/2024,09:35:55,0.25,0.2,5200,0.25,7000,240,103200
FINNIFTY02JAN2418000PE.NFO,02/01/2024,09:36:05,0.2,0.2,4360,0.25,7000,1800,103200
FINNIFTY02JAN2418000PE.NFO,02/01/2024,09:37:18,0.2,0.2,4280,0.25,6920,80,103200
FINNIFTY02JAN2418000PE.NFO,02/01/2024,09:37:53,0.2,0.2,400,0.25,6920,3880,103200
FINNIFTY02JAN2418000PE.NFO,02/01/2024,09:38:10,0.15,0.15,54800,0.25,6920,1800,103200
FINNIFTY02JAN2418000PE.NFO,02/01/2024,09:38:19,0.15,0.2,6480,0.25,6920,0,103200
FINNIFTY02JAN2418000PE.NFO,02/01/2024,09:38:28,0.15,0.2,2400,0.25,6920,0,103200
FINNIFTY02JAN2418000PE.NFO,02/01/2024,09:38:38,0.2,0.2,1200,0.25,10920,1200,104880
FINNIFTY02JAN2418000PE.NFO,02/01/2024,09:38:48,0.2,0.2,1200,0.25,11120,0,104880
FINNIFTY02JAN2418000PE.NFO,02/01/2024,09:39:25,0.2,0.15,82480,0.2,2160,1200,104880
FINNIFTY02JAN2418000PE.NFO,02/01/2024,09:39:35,0.2,0.15,82640,0.2,4840,0,104880
FINNIFTY02JAN2418000PE.NFO,02/01/2024,09:39:44,0.2,0.15,82640,0.2,2800,0,104880
FINNIFTY02JAN2418000PE.NFO,02/01/2024,09:40:05,0.2,0.15,83200,0.2,2800,0,104880
FINNIFTY02JAN2418000PE.NFO,02/01/2024,09:40:36,0.2,0.15,83160,0.2,2800,0,104880
FINNIFTY02JAN2418000PE.NFO,02/01/2024,09:40:57,0.2,0.15,83880,0.2,2800,0,104880
FINNIFTY02JAN2418000PE.NFO,02/01/2024,09:41:07,0.2,0.15,84640,0.2,2800,0,104880
FINNIFTY02JAN2418000PE.NFO,02/01/2024,09:41:28,0.2,0.15,84600,0.2,2800,0,104880
FINNIFTY02JAN2418000PE.NFO,02/01/2024,09:41:37,0.15,0.15,84080,0.2,2800,520,104560
FINNIFTY02JAN2418000PE.NFO,02/01/2024,09:42:06,0.15,0.15,84080,0.2,5480,0,104560
FINNIFTY02JAN2418000PE.NFO,02/01/2024,09:42:26,0.15,0.15,85680,0.2,5480,0,104560
FINNIFTY02JAN2418000PE.NFO,02/01/2024,09:42:44,0.2,0.15,85680,0.2,6400,1840,104560
FINNIFTY02JAN2418000PE.NFO,02/01/2024,09:42:53,0.2,0.15,85680,0.2,6360,40,104560
FINNIFTY02JAN2418000PE.NFO,02/01/2024,09:43:03,0.2,0.15,85680,0.2,6360,0,104560
FINNIFTY02JAN2418000PE.NFO,02/01/2024,09:43:24,0.2,0.15,85680,0.2,7040,40,104560
FINNIFTY02JAN2418000PE.NFO,02/01/2024,09:43:34,0.2,0.15,85680,0.2,6520,520,104560
FINNIFTY02JAN2418000PE.NFO,02/01/2024,09:43:43,0.2,0.15,85680,0.2,6880,1560,104560
FINNIFTY02JAN2418000PE.NFO,02/01/2024,09:44:48,0.2,0.15,85680,0.2,6880,0,104560
FINNIFTY02JAN2418000PE.NFO,02/01/2024,09:45:45,0.2,0.15,85680,0.2,6840,40,105160
FINNIFTY02JAN2418000PE.NFO,02/01/2024,09:45:54,0.2,0.15,85680,0.2,6800,40,105160
FINNIFTY02JAN2418000PE.NFO,02/01/2024,09:46:14,0.2,0.15,85560,0.2,6800,0,105160
FINNIFTY02JAN2418000PE.NFO,02/01/2024,09:46:43,0.2,0.15,86080,0.2,5360,1440,105160
FINNIFTY02JAN2418000PE.NFO,02/01/2024,09:46:52,0.2,0.15,86640,0.2,6000,4600,105160
FINNIFTY02JAN2418000PE.NFO,02/01/2024,09:47:01,0.2,0.15,86600,0.2,6000,0,105160
FINNIFTY02JAN2418000PE.NFO,02/01/2024,09:47:20,0.2,0.15,86640,0.2,3720,2280,105160
FINNIFTY02JAN2418000PE.NFO,02/01/2024,09:47:29,0.2,0.15,86600,0.2,4760,0,105160
FINNIFTY02JAN2418000PE.NFO,02/01/2024,09:47:38,0.2,0.15,86600,0.2,5200,2400,113560
FINNIFTY02JAN2418000PE.NFO,02/01/2024,09:47:56,0.2,0.15,86640,0.2,2920,2280,113560
FINNIFTY02JAN2418000PE.NFO,02/01/2024,09:48:05,0.2,0.15,86600,0.2,2920,0,113560
FINNIFTY02JAN2418000PE.NFO,02/01/2024,09:48:32,0.2,0.15,86640,0.2,2080,840,113560
FINNIFTY02JAN2418000PE.NFO,02/01/2024,09:48:41,0.2,0.2,960,0.25,17120,2120,113560
FINNIFTY02JAN2418000PE.NFO,02/01/2024,09:49:00,0.2,0.2,4560,0.25,17120,0,113560
FINNIFTY02JAN2418000PE.NFO,02/01/2024,09:49:09,0.2,0.2,4480,0.25,17120,80,113560
FINNIFTY02JAN2418000PE.NFO,02/01/2024,09:49:19,0.2,0.2,3440,0.25,16120,1800,113560
FINNIFTY02JAN2418000PE.NFO,02/01/2024,09:49:28,0.2,0.2,3440,0.25,16120,0,113560
FINNIFTY02JAN2418000PE.NFO,02/01/2024,09:49:56,0.2,0.2,3200,0.25,16120,240,113560
FINNIFTY02JAN2418000PE.NFO,02/01/2024,09:50:04,0.2,0.2,4400,0.25,15520,2520,113560
FINNIFTY02JAN2418000PE.NFO,02/01/2024,09:50:14,0.2,0.15,87200,0.2,7480,3920,113560
FINNIFTY02JAN2418000PE.NFO,02/01/2024,09:50:22,0.2,0.15,88440,0.2,7480,0,113560
FINNIFTY02JAN2418000PE.NFO,02/01/2024,09:50:31,0.2,0.15,88400,0.2,7800,0,113560
FINNIFTY02JAN2418000PE.NFO,02/01/2024,09:51:08,0.2,0.15,88400,0.2,12000,0,113560
FINNIFTY02JAN2418000PE.NFO,02/01/2024,09:51:18,0.2,0.15,89080,0.2,8240,0,113560
FINNIFTY02JAN2418000PE.NFO,02/01/2024,09:55:42,0.15,0.15,87960,0.2,9080,2160,120520
FINNIFTY02JAN2418000PE.NFO,02/01/2024,09:55:52,0.15,0.15,87960,0.2,9080,0,120520
FINNIFTY02JAN2418000PE.NFO,02/01/2024,09:56:03,0.15,0.15,87840,0.2,10680,680,120520
FINNIFTY02JAN2418000PE.NFO,02/01/2024,09:56:16,0.15,0.15,84960,0.2,10560,3000,120520
FINNIFTY02JAN2418000PE.NFO,02/01/2024,09:56:29,0.15,0.15,83200,0.2,10560,3360,120520
FINNIFTY02JAN2418000PE.NFO,02/01/2024,09:56:41,0.15,0.15,80920,0.2,10560,2280,120640
FINNIFTY02JAN2418000PE.NFO,02/01/2024,09:56:53,0.15,0.15,72520,0.2,4440,0,120640
FINNIFTY02JAN2418000PE.NFO,02/01/2024,09:57:04,0.2,0.15,81560,0.2,12840,720,120640
FINNIFTY02JAN2418000PE.NFO,02/01/2024,09:57:17,0.2,0.15,81440,0.2,16280,240,120640
FINNIFTY02JAN2418000PE.NFO,02/01/2024,09:57:30,0.2,0.15,81440,0.2,12680,0,120640
FINNIFTY02JAN2418000PE.NFO,02/01/2024,09:57:53,0.2,0.15,81440,0.2,16480,0,120640
FINNIFTY02JAN2418000PE.NFO,02/01/2024,09:58:28,0.15,0.15,81240,0.2,19800,200,120640
FINNIFTY02JAN2418000PE.NFO,02/01/2024,09:58:40,0.15,0.15,75720,0.2,12880,0,120640
FINNIFTY02JAN2418000PE.NFO,02/01/2024,09:58:51,0.15,0.15,72120,0.2,12880,0,120640
FINNIFTY02JAN2418000PE.NFO,02/01/2024,09:59:01,0.15,0.15,81240,0.2,19800,0,120640
FINNIFTY02JAN2418000PE.NFO,02/01/2024,09:59:12,0.2,0.15,81280,0.2,8960,7520,120640
FINNIFTY02JAN2418000PE.NFO,02/01/2024,09:59:25,0.2,0.15,72160,0.2,5360,0,120640
FINNIFTY02JAN2418000PE.NFO,02/01/2024,09:59:37,0.15,0.15,78960,0.2,12320,400,123440
FINNIFTY02JAN2418000PE.NFO,02/01/2024,09:59:48,0.15,0.15,78920,0.2,12320,0,123440
FINNIFTY02JAN2418000PE.NFO,02/01/2024,09:59:58,0.15,0.15,78720,0.2,12320,200,123440
FINNIFTY02JAN2418000PE.NFO,02/01/2024,10:00:09,0.15,0.15,80440,0.2,12200,200,123440
FINNIFTY02JAN2418000PE.NFO,02/01/2024,10:00:22,0.15,0.15,80200,0.2,12200,240,123440
FINNIFTY02JAN2418000PE.NFO,02/01/2024,10:01:18,0.15,0.15,80200,0.2,13000,0,123440
FINNIFTY02JAN2418000PE.NFO,02/01/2024,10:01:41,0.2,0.15,80200,0.2,11520,1480,123440
FINNIFTY02JAN2418000PE.NFO,02/01/2024,10:01:51,0.2,0.15,80200,0.2,10040,1480,123440
FINNIFTY02JAN2418000PE.NFO,02/01/2024,10:02:02,0.2,0.15,80200,0.2,8800,1480,123440
FINNIFTY02JAN2418000PE.NFO,02/01/2024,10:02:12,0.2,0.15,80200,0.2,8440,360,123440
FINNIFTY02JAN2418000PE.NFO,02/01/2024,10:02:22,0.15,0.15,80160,0.2,8440,40,123440
FINNIFTY02JAN2418000PE.NFO,02/01/2024,10:02:42,0.15,0.15,80160,0.2,8440,0,123440
FINNIFTY02JAN2418000PE.NFO,02/01/2024,10:02:53,0.15,0.15,79640,0.2,8440,520,119680
FINNIFTY02JAN2418000PE.NFO,02/01/2024,10:03:03,0.15,0.15,79120,0.2,8440,520,119680
FINNIFTY02JAN2418000PE.NFO,02/01/2024,10:03:14,0.15,0.15,78720,0.2,8440,400,119680
FINNIFTY02JAN2418000PE.NFO,02/01/2024,10:03:27,0.15,0.15,78720,0.2,8440,0,119680
FINNIFTY02JAN2418000PE.NFO,02/01/2024,10:03:39,0.15,0.15,76920,0.2,8440,1800,119680
FINNIFTY02JAN2418000PE.NFO,02/01/2024,10:04:10,0.15,0.15,75120,0.2,8440,1800,119680
FINNIFTY02JAN2418000PE.NFO,02/01/2024,10:04:20,0.15,0.15,75120,0.2,15640,0,119680
FINNIFTY02JAN2418000PE.NFO,02/01/2024,10:04:30,0.15,0.15,74920,0.2,18640,200,119680
FINNIFTY02JAN2418000PE.NFO,02/01/2024,10:04:40,0.15,0.15,73120,0.2,18640,1800,119680
FINNIFTY02JAN2418000PE.NFO,02/01/2024,10:04:51,0.15,0.15,75720,0.2,24040,0,119680
FINNIFTY02JAN2418000PE.NFO,02/01/2024,10:05:02,0.15,0.15,77320,0.2,26520,200,119680
FINNIFTY02JAN2418000PE.NFO,02/01/2024,10:05:12,0.15,0.15,77320,0.2,28320,0,119680
FINNIFTY02JAN2418000PE.NFO,02/01/2024,10:05:22,0.15,0.15,77320,0.2,26520,0,119680
FINNIFTY02JAN2418000PE.NFO,02/01/2024,10:06:23,0.15,0.15,77320,0.2,28320,0,119680
FINNIFTY02JAN2418000PE.NFO,02/01/2024,10:07:05,0.15,0.15,76520,0.2,28320,0,119680
FINNIFTY02JAN2418000PE.NFO,02/01/2024,10:08:28,0.2,0.15,76520,0.2,28280,40,123760
FINNIFTY02JAN2418000PE.NFO,02/01/2024,10:08:48,0.15,0.15,76480,0.2,28240,80,123720
FINNIFTY02JAN2418000PE.NFO,02/01/2024,10:08:57,0.15,0.15,76480,0.2,28240,0,123720
FINNIFTY02JAN2418000PE.NFO,02/01/2024,10:09:47,0.2,0.15,67480,0.2,28000,880,123720
FINNIFTY02JAN2418000PE.NFO,02/01/2024,10:09:57,0.2,0.15,67480,0.2,28000,0,123720
FINNIFTY02JAN2418000PE.NFO,02/01/2024,10:11:06,0.2,0.15,67480,0.2,27960,40,123720
FINNIFTY02JAN2418000PE.NFO,02/01/2024,10:11:26,0.2,0.15,67560,0.2,27960,0,123720
FINNIFTY02JAN2418000PE.NFO,02/01/2024,10:18:39,0.2,0.15,67560,0.2,27080,880,123080
FINNIFTY02JAN2418000PE.NFO,02/01/2024,10:18:58,0.2,0.15,68680,0.2,27000,80,123080
FINNIFTY02JAN2418000PE.NFO,02/01/2024,10:19:27,0.2,0.15,68680,0.2,28120,0,123080
FINNIFTY02JAN2418000PE.NFO,02/01/2024,10:19:55,0.15,0.15,68600,0.2,28120,80,123080
FINNIFTY02JAN2418000PE.NFO,02/01/2024,10:20:04,0.2,0.15,68600,0.2,25720,2400,123080
FINNIFTY02JAN2418000PE.NFO,02/01/2024,10:20:14,0.2,0.15,68600,0.2,28200,0,123080
FINNIFTY02JAN2418000PE.NFO,02/01/2024,10:20:23,0.15,0.15,68560,0.2,28200,40,123080
FINNIFTY02JAN2418000PE.NFO,02/01/2024,10:20:43,0.15,0.15,68560,0.2,28200,0,123080
FINNIFTY02JAN2418000PE.NFO,02/01/2024,10:21:32,0.15,0.15,68560,0.2,28600,0,123080
FINNIFTY02JAN2418000PE.NFO,02/01/2024,10:22:11,0.15,0.15,54160,0.2,28600,0,123080
FINNIFTY02JAN2418000PE.NFO,02/01/2024,10:23:01,0.2,0.15,54160,0.2,28560,40,125600
FINNIFTY02JAN2418000PE.NFO,02/01/2024,10:23:41,0.2,0.15,54160,0.2,24960,3600,125600
FINNIFTY02JAN2418000PE.NFO,02/01/2024,10:25:36,0.2,0.15,54160,0.2,22560,2400,128640
FINNIFTY02JAN2418000PE.NFO,02/01/2024,10:26:07,0.2,0.15,54160,0.2,19560,3000,128640
FINNIFTY02JAN2418000PE.NFO,02/01/2024,10:26:53,0.2,0.15,55960,0.2,19560,0,128640
FINNIFTY02JAN2418000PE.NFO,02/01/2024,10:27:47,0.15,0.15,54120,0.2,19560,40,130440
FINNIFTY02JAN2418000PE.NFO,02/01/2024,10:27:57,0.15,0.15,54120,0.2,19560,0,130440
FINNIFTY02JAN2418000PE.NFO,02/01/2024,10:31:33,0.2,0.15,54120,0.2,18960,600,130440
FINNIFTY02JAN2418000PE.NFO,02/01/2024,10:31:44,0.2,0.15,54120,0.2,18960,0,130440
FINNIFTY02JAN2418000PE.NFO,02/01/2024,10:35:13,0.2,0.15,36120,0.2,18960,0,130440
FINNIFTY02JAN2418000PE.NFO,02/01/2024,10:35:23,0.2,0.15,36040,0.2,18880,80,130600
FINNIFTY02JAN2418000PE.NFO,02/01/2024,10:36:37,0.15,0.15,35840,0.2,18880,200,130680
FINNIFTY02JAN2418000PE.NFO,02/01/2024,10:36:49,0.15,0.15,35480,0.2,18880,360,130680
FINNIFTY02JAN2418000PE.NFO,02/01/2024,10:37:01,0.15,0.15,34280,0.2,18880,1200,130680
FINNIFTY02JAN2418000PE.NFO,02/01/2024,10:37:13,0.15,0.15,6800,0.2,19240,33600,130680
FINNIFTY02JAN2418000PE.NFO,02/01/2024,10:37:25,0.15,0.15,6800,0.2,19240,0,130680
FINNIFTY02JAN2418000PE.NFO,02/01/2024,10:38:27,0.15,0.15,3200,0.2,17240,3600,130680
FINNIFTY02JAN2418000PE.NFO,02/01/2024,10:38:37,0.15,0.15,5800,0.2,17240,0,130680
FINNIFTY02JAN2418000PE.NFO,02/01/2024,10:38:58,0.15,0.15,5840,0.2,17240,0,130680
FINNIFTY02JAN2418000PE.NFO,02/01/2024,10:39:22,0.15,0.15,5840,0.2,18040,0,130680
FINNIFTY02JAN2418000PE.NFO,02/01/2024,10:39:33,0.15,0.15,5840,0.2,18200,0,130680
FINNIFTY02JAN2418000PE.NFO,02/01/2024,10:40:06,0.15,0.15,5120,0.2,18200,320,151600
FINNIFTY02JAN2418000PE.NFO,02/01/2024,10:40:28,0.15,0.15,5120,0.2,18200,0,151600
FINNIFTY02JAN2418000PE.NFO,02/01/2024,10:41:41,0.15,0.15,6920,0.2,18200,0,151600
FINNIFTY02JAN2418000PE.NFO,02/01/2024,10:42:45,0.15,0.15,6960,0.2,18200,0,151600
FINNIFTY02JAN2418000PE.NFO,02/01/2024,10:43:06,0.15,0.15,2960,0.2,18200,7200,151600
FINNIFTY02JAN2418000PE.NFO,02/01/2024,10:43:17,0.15,0.1,139040,0.2,16400,4880,151600
FINNIFTY02JAN2418000PE.NFO,02/01/2024,10:43:28,0.15,0.1,139000,0.2,16400,0,151600
FINNIFTY02JAN2418000PE.NFO,02/01/2024,10:43:38,0.15,0.1,142200,0.2,16400,160,151600
FINNIFTY02JAN2418000PE.NFO,02/01/2024,10:43:49,0.15,0.1,141400,0.15,2360,2480,151600
FINNIFTY02JAN2418000PE.NFO,02/01/2024,10:43:49,0.1,0.1,141400,0.15,2360,0,151600
FINNIFTY02JAN2418000PE.NFO,02/01/2024,10:43:59,0.15,0.1,141360,0.15,8240,0,151600
FINNIFTY02JAN2418000PE.NFO,02/01/2024,10:44:09,0.15,0.1,141360,0.15,9520,0,151600
FINNIFTY02JAN2418000PE.NFO,02/01/2024,10:44:20,0.1,0.1,139560,0.15,12920,1800,151600
FINNIFTY02JAN2418000PE.NFO,02/01/2024,10:44:29,0.1,0.1,139560,0.15,14120,0,151600
FINNIFTY02JAN2418000PE.NFO,02/01/2024,10:44:40,0.15,0.1,141920,0.15,12280,1840,142640
FINNIFTY02JAN2418000PE.NFO,02/01/2024,10:44:51,0.15,0.1,140760,0.15,16120,6520,142640
FINNIFTY02JAN2418000PE.NFO,02/01/2024,10:45:01,0.1,0.1,138960,0.15,16680,1800,142640
FINNIFTY02JAN2418000PE.NFO,02/01/2024,10:45:32,0.1,0.1,138960,0.15,19680,0,142640
FINNIFTY02JAN2418000PE.NFO,02/01/2024,10:45:42,0.15,0.1,140320,0.15,15040,15200,142640
FINNIFTY02JAN2418000PE.NFO,02/01/2024,10:45:52,0.15,0.1,140320,0.15,9280,5760,142640
FINNIFTY02JAN2418000PE.NFO,02/01/2024,10:46:02,0.15,0.1,140280,0.15,10760,0,142640
FINNIFTY02JAN2418000PE.NFO,02/01/2024,10:47:12,0.15,0.1,140280,0.15,10560,200,142640
FINNIFTY02JAN2418000PE.NFO,02/01/2024,10:47:42,0.15,0.1,140280,0.15,10520,40,142640
FINNIFTY02JAN2418000PE.NFO,02/01/2024,10:48:03,0.15,0.1,140280,0.15,9560,960,162680
FINNIFTY02JAN2418000PE.NFO,02/01/2024,10:49:45,0.15,0.1,140280,0.15,9360,200,162680
FINNIFTY02JAN2418000PE.NFO,02/01/2024,10:51:47,0.15,0.1,140280,0.15,9360,0,162680
FINNIFTY02JAN2418000PE.NFO,02/01/2024,10:54:03,0.15,0.15,11080,0.2,43560,8800,162880
FINNIFTY02JAN2418000PE.NFO,02/01/2024,10:54:12,0.2,0.15,12880,0.2,36360,7200,162880
FINNIFTY02JAN2418000PE.NFO,02/01/2024,10:54:22,0.2,0.15,11000,0.2,36360,0,162880
FINNIFTY02JAN2418000PE.NFO,02/01/2024,10:55:55,0.15,0.15,10800,0.2,36360,200,162880
FINNIFTY02JAN2418000PE.NFO,02/01/2024,10:56:52,0.15,0.15,10600,0.2,36360,200,161400
FINNIFTY02JAN2418000PE.NFO,02/01/2024,11:01:33,0.15,0.15,10600,0.2,36520,0,161400
FINNIFTY02JAN2418000PE.NFO,02/01/2024,11:02:11,0.15,0.15,10360,0.2,36520,240,161400
FINNIFTY02JAN2418000PE.NFO,02/01/2024,11:04:12,0.15,0.1,140560,0.15,21440,8880,161400
FINNIFTY02JAN2418000PE.NFO,02/01/2024,11:04:22,0.15,0.1,142400,0.15,21400,40,161400
FINNIFTY02JAN2418000PE.NFO,02/01/2024,11:04:41,0.15,0.1,144200,0.15,21400,0,161400
FINNIFTY02JAN2418000PE.NFO,02/01/2024,11:04:50,0.15,0.1,144200,0.15,21360,40,161400
FINNIFTY02JAN2418000PE.NFO,02/01/2024,11:05:08,0.15,0.1,140600,0.15,21320,40,161400
FINNIFTY02JAN2418000PE.NFO,02/01/2024,11:06:33,0.15,0.1,140600,0.15,21920,0,161400
FINNIFTY02JAN2418000PE.NFO,02/01/2024,11:06:52,0.15,0.1,140600,0.15,25520,0,161400
FINNIFTY02JAN2418000PE.NFO,02/01/2024,11:07:02,0.15,0.1,140600,0.15,30920,0,161400
FINNIFTY02JAN2418000PE.NFO,02/01/2024,11:08:07,0.15,0.1,140600,0.15,29120,1800,152440
FINNIFTY02JAN2418000PE.NFO,02/01/2024,11:08:53,0.15,0.1,140600,0.15,29560,40,151320
FINNIFTY02JAN2418000PE.NFO,02/01/2024,11:09:02,0.15,0.1,140600,0.15,29560,0,151320
FINNIFTY02JAN2418000PE.NFO,02/01/2024,11:09:30,0.15,0.1,140600,0.15,28360,1200,151320
FINNIFTY02JAN2418000PE.NFO,02/01/2024,11:09:39,0.15,0.1,140640,0.15,23560,4800,151320
FINNIFTY02JAN2418000PE.NFO,02/01/2024,11:09:49,0.15,0.1,140640,0.15,19960,3600,151320
FINNIFTY02JAN2418000PE.NFO,02/01/2024,11:09:58,0.15,0.1,140560,0.15,16800,0,151320
FINNIFTY02JAN2418000PE.NFO,02/01/2024,11:10:07,0.15,0.1,144160,0.15,19520,720,151320
FINNIFTY02JAN2418000PE.NFO,02/01/2024,11:10:16,0.15,0.1,140560,0.15,16080,0,151320
FINNIFTY02JAN2418000PE.NFO,02/01/2024,11:10:26,0.15,0.1,136960,0.15,16080,0,151320
FINNIFTY02JAN2418000PE.NFO,02/01/2024,11:10:53,0.15,0.1,129760,0.15,16080,0,151320
FINNIFTY02JAN2418000PE.NFO,02/01/2024,11:12:16,0.15,0.1,129760,0.15,15880,200,144360
FINNIFTY02JAN2418000PE.NFO,02/01/2024,11:13:40,0.15,0.1,140560,0.15,15880,0,144360
FINNIFTY02JAN2418000PE.NFO,02/01/2024,11:14:00,0.15,0.1,144160,0.15,15880,0,144360
FINNIFTY02JAN2418000PE.NFO,02/01/2024,11:15:07,0.15,0.1,129760,0.15,15840,40,144160
FINNIFTY02JAN2418000PE.NFO,02/01/2024,11:15:27,0.15,0.1,133360,0.15,15640,200,144160
FINNIFTY02JAN2418000PE.NFO,02/01/2024,11:15:47,0.15,0.1,135680,0.15,17560,1520,144160
FINNIFTY02JAN2418000PE.NFO,02/01/2024,11:15:58,0.15,0.1,142840,0.15,17560,0,144160
FINNIFTY02JAN2418000PE.NFO,02/01/2024,11:16:08,0.15,0.1,141240,0.15,14320,3240,144160
FINNIFTY02JAN2418000PE.NFO,02/01/2024,11:16:17,0.15,0.1,141240,0.15,14120,200,144160
FINNIFTY02JAN2418000PE.NFO,02/01/2024,11:16:27,0.15,0.1,141240,0.15,12280,1840,144160
FINNIFTY02JAN2418000PE.NFO,02/01/2024,11:16:37,0.15,0.1,141240,0.15,12240,40,144160
FINNIFTY02JAN2418000PE.NFO,02/01/2024,11:16:46,0.15,0.1,141200,0.15,12240,0,144160
FINNIFTY02JAN2418000PE.NFO,02/01/2024,11:16:56,0.15,0.1,141240,0.15,10440,1800,144160
FINNIFTY02JAN2418000PE.NFO,02/01/2024,11:17:05,0.15,0.1,139440,0.15,10440,0,144160
FINNIFTY02JAN2418000PE.NFO,02/01/2024,11:17:15,0.15,0.1,139400,0.15,10440,0,144160
FINNIFTY02JAN2418000PE.NFO,02/01/2024,11:18:49,0.15,0.1,139400,0.15,11240,0,144160
FINNIFTY02JAN2418000PE.NFO,02/01/2024,11:18:58,0.15,0.1,139400,0.15,10440,800,135280
FINNIFTY02JAN2418000PE.NFO,02/01/2024,11:19:24,0.15,0.1,139400,0.15,10240,200,135280
FINNIFTY02JAN2418000PE.NFO,02/01/2024,11:21:05,0.1,0.1,138480,0.15,10240,1000,134280
FINNIFTY02JAN2418000PE.NFO,02/01/2024,11:24:03,0.1,0.1,170480,0.15,10240,0,134280
FINNIFTY02JAN2418000PE.NFO,02/01/2024,11:24:22,0.1,0.1,138480,0.15,10240,0,134280
FINNIFTY02JAN2418000PE.NFO,02/01/2024,11:26:03,0.15,0.1,138480,0.15,10200,40,135280
FINNIFTY02JAN2418000PE.NFO,02/01/2024,11:26:41,0.15,0.1,138480,0.15,10080,120,135280
FINNIFTY02JAN2418000PE.NFO,02/01/2024,11:27:55,0.15,0.1,138520,0.15,8280,1800,135120
FINNIFTY02JAN2418000PE.NFO,02/01/2024,11:28:04,0.15,0.1,138480,0.15,8280,0,135120
FINNIFTY02JAN2418000PE.NFO,02/01/2024,11:28:13,0.15,0.1,138520,0.15,6480,1800,135120
FINNIFTY02JAN2418000PE.NFO,02/01/2024,11:28:22,0.15,0.1,138480,0.15,6480,0,135120
FINNIFTY02JAN2418000PE.NFO,02/01/2024,11:28:58,0.15,0.1,138480,0.15,6400,80,135120
FINNIFTY02JAN2418000PE.NFO,02/01/2024,11:29:07,0.15,0.1,138520,0.15,6080,320,135120
FINNIFTY02JAN2418000PE.NFO,02/01/2024,11:29:16,0.15,0.1,138480,0.15,6080,0,135120
FINNIFTY02JAN2418000PE.NFO,02/01/2024,11:31:05,0.15,0.1,138400,0.15,6080,0,135120
FINNIFTY02JAN2418000PE.NFO,02/01/2024,11:31:50,0.15,0.1,138400,0.15,4280,1800,131480
FINNIFTY02JAN2418000PE.NFO,02/01/2024,11:31:59,0.15,0.1,138400,0.15,4280,0,131480
FINNIFTY02JAN2418000PE.NFO,02/01/2024,11:34:50,0.15,0.1,138440,0.15,2680,1600,130120
FINNIFTY02JAN2418000PE.NFO,02/01/2024,11:34:59,0.15,0.15,8800,0.2,3040,3640,130120
FINNIFTY02JAN2418000PE.NFO,02/01/2024,11:35:08,0.15,0.15,8560,0.2,3040,240,130120
FINNIFTY02JAN2418000PE.NFO,02/01/2024,11:36:21,0.15,0.15,8360,0.2,3040,200,129320
FINNIFTY02JAN2418000PE.NFO,02/01/2024,11:36:30,0.15,0.15,8360,0.2,4840,0,129320
FINNIFTY02JAN2418000PE.NFO,02/01/2024,11:36:49,0.2,0.15,15120,0.2,3280,1480,129320
FINNIFTY02JAN2418000PE.NFO,02/01/2024,11:36:58,0.2,0.15,15120,0.2,160,1480,129320
FINNIFTY02JAN2418000PE.NFO,02/01/2024,11:37:08,0.15,0.15,15080,0.2,160,40,129320
FINNIFTY02JAN2418000PE.NFO,02/01/2024,11:37:17,0.15,0.15,14520,0.2,160,560,129320
FINNIFTY02JAN2418000PE.NFO,02/01/2024,11:38:33,0.15,0.15,13520,0.2,480,1000,129320
FINNIFTY02JAN2418000PE.NFO,02/01/2024,11:41:19,0.15,0.15,13520,0.2,2280,0,129320
FINNIFTY02JAN2418000PE.NFO,02/01/2024,11:41:39,0.15,0.15,13440,0.2,2320,80,128320
FINNIFTY02JAN2418000PE.NFO,02/01/2024,11:41:59,0.15,0.15,13440,0.2,2320,0,128320
FINNIFTY02JAN2418000PE.NFO,02/01/2024,11:42:09,0.15,0.15,13800,0.2,2280,120,128320
FINNIFTY02JAN2418000PE.NFO,02/01/2024,11:44:40,0.15,0.15,13800,0.2,2280,0,128320
FINNIFTY02JAN2418000PE.NFO,02/01/2024,11:45:35,0.15,0.15,13800,0.2,2320,0,128320
FINNIFTY02JAN2418000PE.NFO,02/01/2024,11:46:03,0.15,0.15,13360,0.2,2320,440,128320
FINNIFTY02JAN2418000PE.NFO,02/01/2024,11:46:13,0.15,0.15,13160,0.2,2320,200,128320
FINNIFTY02JAN2418000PE.NFO,02/01/2024,11:46:22,0.15,0.15,13160,0.2,2320,0,128320
FINNIFTY02JAN2418000PE.NFO,02/01/2024,11:46:40,0.15,0.15,12960,0.2,2320,200,128320
FINNIFTY02JAN2418000PE.NFO,02/01/2024,11:46:50,0.15,0.15,12920,0.2,2280,40,128320
FINNIFTY02JAN2418000PE.NFO,02/01/2024,11:46:59,0.15,0.15,10360,0.2,2520,3600,128320
FINNIFTY02JAN2418000PE.NFO,02/01/2024,11:47:08,0.15,0.15,6920,0.2,5800,2400,128320
FINNIFTY02JAN2418000PE.NFO,02/01/2024,11:51:14,0.15,0.15,7280,0.2,5800,600,130120
FINNIFTY02JAN2418000PE.NFO,02/01/2024,11:52:08,0.15,0.15,6960,0.2,5800,320,130120
FINNIFTY02JAN2418000PE.NFO,02/01/2024,11:53:12,0.15,0.15,6760,0.2,5800,200,130120
FINNIFTY02JAN2418000PE.NFO,02/01/2024,11:53:21,0.15,0.15,6560,0.2,5800,200,130120
FINNIFTY02JAN2418000PE.NFO,02/01/2024,11:53:30,0.15,0.15,5920,0.2,5800,640,130120
FINNIFTY02JAN2418000PE.NFO,02/01/2024,11:53:38,0.15,0.15,5440,0.2,5800,480,130120
FINNIFTY02JAN2418000PE.NFO,02/01/2024,11:53:47,0.15,0.15,5320,0.2,5800,120,130120
FINNIFTY02JAN2418000PE.NFO,02/01/2024,11:54:41,0.15,0.15,5200,0.2,5800,120,130120
FINNIFTY02JAN2418000PE.NFO,02/01/2024,11:54:50,0.15,0.15,5160,0.2,5800,40,130120
FINNIFTY02JAN2418000PE.NFO,02/01/2024,11:54:58,0.15,0.15,5360,0.2,5800,0,130120
FINNIFTY02JAN2418000PE.NFO,02/01/2024,11:55:16,0.15,0.15,5120,0.2,5800,240,130120
FINNIFTY02JAN2418000PE.NFO,02/01/2024,11:55:34,0.15,0.15,5040,0.2,5800,80,130120
FINNIFTY02JAN2418000PE.NFO,02/01/2024,11:56:51,0.15,0.15,5040,0.2,5800,0,130120
FINNIFTY02JAN2418000PE.NFO,02/01/2024,11:57:08,0.15,0.15,5040,0.2,5840,0,130120
FINNIFTY02JAN2418000PE.NFO,02/01/2024,11:57:44,0.15,0.15,5000,0.2,5840,40,130120
FINNIFTY02JAN2418000PE.NFO,02/01/2024,11:57:52,0.15,0.15,4920,0.2,5840,80,130120
FINNIFTY02JAN2418000PE.NFO,02/01/2024,11:58:19,0.15,0.15,4920,0.2,8840,0,130120
FINNIFTY02JAN2418000PE.NFO,02/01/2024,11:58:36,0.15,0.15,3320,0.2,8840,1120,130120
FINNIFTY02JAN2418000PE.NFO,02/01/2024,11:58:45,0.15,0.15,3720,0.2,8840,0,130120
FINNIFTY02JAN2418000PE.NFO,02/01/2024,11:59:20,0.15,0.15,3480,0.2,8840,240,130120
FINNIFTY02JAN2418000PE.NFO,02/01/2024,11:59:29,0.15,0.15,3080,0.2,8840,400,130120
FINNIFTY02JAN2418000PE.NFO,02/01/2024,12:00:21,0.15,0.15,3080,0.2,8840,0,130120
FINNIFTY02JAN2418000PE.NFO,02/01/2024,12:00:39,0.15,0.15,1280,0.2,8840,1800,129880
FINNIFTY02JAN2418000PE.NFO,02/01/2024,12:00:47,0.15,0.1,129320,0.15,7240,1280,129880
FINNIFTY02JAN2418000PE.NFO,02/01/2024,12:01:59,0.15,0.1,129960,0.15,10840,0,129880
FINNIFTY02JAN2418000PE.NFO,02/01/2024,12:02:09,0.15,0.1,129960,0.15,11640,0,129880
FINNIFTY02JAN2418000PE.NFO,02/01/2024,12:02:17,0.15,0.1,129960,0.15,12000,0,129880
FINNIFTY02JAN2418000PE.NFO,02/01/2024,12:02:26,0.15,0.1,129960,0.15,12040,0,129880
FINNIFTY02JAN2418000PE.NFO,02/01/2024,12:02:44,0.15,0.1,131880,0.15,12280,1600,129880
FINNIFTY02JAN2418000PE.NFO,02/01/2024,12:02:52,0.15,0.1,131880,0.15,9080,3200,129880
FINNIFTY02JAN2418000PE.NFO,02/01/2024,12:03:01,0.15,0.1,131920,0.15,2600,2400,128080
FINNIFTY02JAN2418000PE.NFO,02/01/2024,12:03:10,0.15,0.1,131880,0.15,9560,0,128080
FINNIFTY02JAN2418000PE.NFO,02/01/2024,12:03:19,0.15,0.1,131920,0.15,8320,1200,128080
FINNIFTY02JAN2418000PE.NFO,02/01/2024,12:03:28,0.15,0.1,131880,0.15,9040,0,128080
FINNIFTY02JAN2418000PE.NFO,02/01/2024,12:03:37,0.15,0.1,131880,0.15,13080,0,128080
FINNIFTY02JAN2418000PE.NFO,02/01/2024,12:03:46,0.15,0.1,131880,0.15,13160,0,128080
FINNIFTY02JAN2418000PE.NFO,02/01/2024,12:04:21,0.15,0.1,131800,0.15,13160,0,128080
FINNIFTY02JAN2418000PE.NFO,02/01/2024,12:04:31,0.15,0.1,131880,0.15,13160,0,128080
FINNIFTY02JAN2418000PE.NFO,02/01/2024,12:08:45,0.15,0.1,94680,0.15,13160,0,128080
FINNIFTY02JAN2418000PE.NFO,02/01/2024,12:08:54,0.15,0.1,83880,0.15,13160,0,128080
FINNIFTY02JAN2418000PE.NFO,02/01/2024,12:10:20,0.15,0.1,83840,0.15,13160,0,128080
FINNIFTY02JAN2418000PE.NFO,02/01/2024,12:11:33,0.15,0.1,83840,0.15,11960,1200,128080
FINNIFTY02JAN2418000PE.NFO,02/01/2024,12:12:09,0.15,0.1,83880,0.15,8720,1440,128080
FINNIFTY02JAN2418000PE.NFO,02/01/2024,12:12:18,0.1,0.1,83800,0.15,8720,40,128080
FINNIFTY02JAN2418000PE.NFO,02/01/2024,12:16:19,0.1,0.1,83800,0.15,8720,0,128080
FINNIFTY02JAN2418000PE.NFO,02/01/2024,12:17:10,0.15,0.1,83760,0.15,8040,680,128080
FINNIFTY02JAN2418000PE.NFO,02/01/2024,12:17:41,0.15,0.1,83760,0.15,7840,200,128080
FINNIFTY02JAN2418000PE.NFO,02/01/2024,12:20:52,0.15,0.1,81840,0.15,7840,0,128080
FINNIFTY02JAN2418000PE.NFO,02/01/2024,12:21:11,0.15,0.1,81840,0.15,7640,200,128080
FINNIFTY02JAN2418000PE.NFO,02/01/2024,12:22:46,0.15,0.1,81840,0.15,9440,0,128080
FINNIFTY02JAN2418000PE.NFO,02/01/2024,12:30:12,0.15,0.1,80040,0.15,9440,0,128080
FINNIFTY02JAN2418000PE.NFO,02/01/2024,12:30:21,0.15,0.1,74640,0.15,9440,0,128080
FINNIFTY02JAN2418000PE.NFO,02/01/2024,12:30:48,0.15,0.1,67440,0.15,9440,0,128080
FINNIFTY02JAN2418000PE.NFO,02/01/2024,12:31:42,0.15,0.1,67440,0.15,9400,40,128080
FINNIFTY02JAN2418000PE.NFO,02/01/2024,12:31:51,0.15,0.1,67440,0.15,9400,0,128080
FINNIFTY02JAN2418000PE.NFO,02/01/2024,12:33:48,0.15,0.1,67440,0.15,9280,120,128120
FINNIFTY02JAN2418000PE.NFO,02/01/2024,12:33:57,0.15,0.1,67440,0.15,9040,240,128120
FINNIFTY02JAN2418000PE.NFO,02/01/2024,12:34:06,0.15,0.1,67440,0.15,8800,240,128120
FINNIFTY02JAN2418000PE.NFO,02/01/2024,12:34:14,0.15,0.1,67440,0.15,8640,160,128120
FINNIFTY02JAN2418000PE.NFO,02/01/2024,12:35:18,0.1,0.1,67360,0.15,8640,80,128120
FINNIFTY02JAN2418000PE.NFO,02/01/2024,12:35:38,0.15,0.1,67360,0.15,8440,200,128120
FINNIFTY02JAN2418000PE.NFO,02/01/2024,12:36:05,0.15,0.1,67360,0.15,8480,0,128120
FINNIFTY02JAN2418000PE.NFO,02/01/2024,12:36:44,0.15,0.1,67360,0.15,8360,200,128880
FINNIFTY02JAN2418000PE.NFO,02/01/2024,12:36:53,0.15,0.1,67360,0.15,8040,320,128880
FINNIFTY02JAN2418000PE.NFO,02/01/2024,12:39:14,0.15,0.1,67360,0.15,7920,120,129400
FINNIFTY02JAN2418000PE.NFO,02/01/2024,12:39:23,0.15,0.1,67360,0.15,7720,200,129400
FINNIFTY02JAN2418000PE.NFO,02/01/2024,12:40:13,0.1,0.1,67320,0.15,7720,40,129400
FINNIFTY02JAN2418000PE.NFO,02/01/2024,12:44:37,0.15,0.1,67320,0.15,7600,160,129720
FINNIFTY02JAN2418000PE.NFO,02/01/2024,12:45:30,0.15,0.1,67320,0.15,8480,0,129720
FINNIFTY02JAN2418000PE.NFO,02/01/2024,12:45:47,0.15,0.1,67320,0.15,8440,40,129720
FINNIFTY02JAN2418000PE.NFO,02/01/2024,12:45:55,0.15,0.1,67320,0.15,7560,0,129720
FINNIFTY02JAN2418000PE.NFO,02/01/2024,12:47:14,0.1,0.1,66800,0.15,7560,520,129720
FINNIFTY02JAN2418000PE.NFO,02/01/2024,12:47:23,0.1,0.1,66640,0.15,45360,160,129720
FINNIFTY02JAN2418000PE.NFO,02/01/2024,12:47:50,0.1,0.1,66680,0.15,45360,0,129720
FINNIFTY02JAN2418000PE.NFO,02/01/2024,12:48:53,0.1,0.1,66080,0.15,45360,600,130400
FINNIFTY02JAN2418000PE.NFO,02/01/2024,12:49:20,0.1,0.1,64280,0.15,45360,0,130400
FINNIFTY02JAN2418000PE.NFO,02/01/2024,12:49:29,0.1,0.1,54680,0.15,45360,600,130400
FINNIFTY02JAN2418000PE.NFO,02/01/2024,12:49:38,0.1,0.1,49360,0.15,45280,0,130400
FINNIFTY02JAN2418000PE.NFO,02/01/2024,12:50:30,0.15,0.1,49360,0.15,45200,80,130400
FINNIFTY02JAN2418000PE.NFO,02/01/2024,12:50:39,0.15,0.1,49360,0.15,45040,160,130400
FINNIFTY02JAN2418000PE.NFO,02/01/2024,12:50:48,0.15,0.1,49360,0.15,44800,240,130400
FINNIFTY02JAN2418000PE.NFO,02/01/2024,12:50:57,0.15,0.1,45760,0.15,44560,240,130400
FINNIFTY02JAN2418000PE.NFO,02/01/2024,12:51:05,0.15,0.1,45760,0.15,44360,200,131120
FINNIFTY02JAN2418000PE.NFO,02/01/2024,12:51:15,0.15,0.1,45760,0.15,44120,240,131120
FINNIFTY02JAN2418000PE.NFO,02/01/2024,12:51:24,0.15,0.1,45760,0.15,44080,40,131120
FINNIFTY02JAN2418000PE.NFO,02/01/2024,12:51:33,0.15,0.1,45720,0.15,44040,0,131120
FINNIFTY02JAN2418000PE.NFO,02/01/2024,12:51:52,0.15,0.1,45720,0.15,44000,0,131120
FINNIFTY02JAN2418000PE.NFO,02/01/2024,12:53:27,0.1,0.1,44840,0.15,44000,880,131120
FINNIFTY02JAN2418000PE.NFO,02/01/2024,12:54:36,0.1,0.1,27840,0.15,44000,3040,131600
FINNIFTY02JAN2418000PE.NFO,02/01/2024,12:54:44,0.1,0.1,27840,0.15,45800,0,131600
FINNIFTY02JAN2418000PE.NFO,02/01/2024,12:55:01,0.1,0.1,27840,0.15,44000,0,131600
FINNIFTY02JAN2418000PE.NFO,02/01/2024,12:56:27,0.1,0.1,26040,0.15,44000,0,131600
FINNIFTY02JAN2418000PE.NFO,02/01/2024,12:57:36,0.1,0.1,24240,0.15,44000,1680,131560
FINNIFTY02JAN2418000PE.NFO,02/01/2024,12:57:45,0.1,0.1,24120,0.15,44000,120,131560
FINNIFTY02JAN2418000PE.NFO,02/01/2024,12:59:14,0.1,0.1,24120,0.15,45200,0,131560
FINNIFTY02JAN2418000PE.NFO,02/01/2024,12:59:41,0.1,0.1,22920,0.15,44000,1200,131560
FINNIFTY02JAN2418000PE.NFO,02/01/2024,13:02:57,0.1,0.1,22920,0.15,44000,0,131560
FINNIFTY02JAN2418000PE.NFO,02/01/2024,13:04:15,0.1,0.1,22920,0.15,42200,0,131560
FINNIFTY02JAN2418000PE.NFO,02/01/2024,13:04:25,0.1,0.1,22720,0.15,6200,200,128560
FINNIFTY02JAN2418000PE.NFO,02/01/2024,13:04:35,0.1,0.1,22680,0.15,6200,40,128560
FINNIFTY02JAN2418000PE.NFO,02/01/2024,13:06:34,0.1,0.1,22480,0.15,6200,200,128320
FINNIFTY02JAN2418000PE.NFO,02/01/2024,13:07:44,0.1,0.1,22440,0.15,6200,0,128320
FINNIFTY02JAN2418000PE.NFO,02/01/2024,13:07:53,0.15,0.1,22440,0.15,6120,80,128320
FINNIFTY02JAN2418000PE.NFO,02/01/2024,13:08:02,0.15,0.1,22440,0.15,15720,0,128320
FINNIFTY02JAN2418000PE.NFO,02/01/2024,13:08:31,0.1,0.1,20040,0.15,15720,2400,128320
FINNIFTY02JAN2418000PE.NFO,02/01/2024,13:09:17,0.1,0.1,17640,0.15,15720,2400,125720
FINNIFTY02JAN2418000PE.NFO,02/01/2024,13:09:34,0.1,0.1,17640,0.15,15720,0,125720
FINNIFTY02JAN2418000PE.NFO,02/01/2024,13:10:54,0.15,0.1,17640,0.15,15680,40,125720
FINNIFTY02JAN2418000PE.NFO,02/01/2024,13:11:03,0.1,0.1,17280,0.15,15680,360,125720
FINNIFTY02JAN2418000PE.NFO,02/01/2024,13:12:40,0.15,0.1,17280,0.15,17440,40,122960
FINNIFTY02JAN2418000PE.NFO,02/01/2024,13:15:33,0.15,0.1,17280,0.15,17400,40,122960
FINNIFTY02JAN2418000PE.NFO,02/01/2024,13:15:41,0.15,0.1,17280,0.15,17400,0,122960
FINNIFTY02JAN2418000PE.NFO,02/01/2024,13:18:32,0.1,0.1,13160,0.15,14880,4120,122960
FINNIFTY02JAN2418000PE.NFO,02/01/2024,13:18:40,0.1,0.1,11320,0.15,13040,1840,122960
FINNIFTY02JAN2418000PE.NFO,02/01/2024,13:19:57,0.15,0.1,12120,0.15,12960,80,122960
FINNIFTY02JAN2418000PE.NFO,02/01/2024,13:21:56,0.15,0.1,12120,0.15,12880,80,126400
FINNIFTY02JAN2418000PE.NFO,02/01/2024,13:22:04,0.1,0.1,12040,0.15,12880,80,126400
FINNIFTY02JAN2418000PE.NFO,02/01/2024,13:23:57,0.15,0.1,12040,0.15,12640,240,126400
FINNIFTY02JAN2418000PE.NFO,02/01/2024,13:25:25,0.15,0.1,12080,0.15,12640,0,126400
FINNIFTY02JAN2418000PE.NFO,02/01/2024,13:28:34,0.15,0.1,12640,0.15,12640,0,126400
FINNIFTY02JAN2418000PE.NFO,02/01/2024,13:28:51,0.15,0.1,12640,0.15,16160,0,126400
FINNIFTY02JAN2418000PE.NFO,02/01/2024,13:29:16,0.1,0.1,9600,0.15,16160,3040,126480
FINNIFTY02JAN2418000PE.NFO,02/01/2024,13:29:25,0.1,0.1,7200,0.15,16160,2400,126480
FINNIFTY02JAN2418000PE.NFO,02/01/2024,13:29:33,0.1,0.1,7200,0.15,16160,0,126480
FINNIFTY02JAN2418000PE.NFO,02/01/2024,13:30:33,0.1,0.1,7200,0.15,18160,0,126480
FINNIFTY02JAN2418000PE.NFO,02/01/2024,13:30:50,0.1,0.1,7160,0.15,18160,0,126480
FINNIFTY02JAN2418000PE.NFO,02/01/2024,13:32:12,0.1,0.1,7160,0.15,21680,0,126480
FINNIFTY02JAN2418000PE.NFO,02/01/2024,13:33:06,0.1,0.1,7160,0.15,21720,0,126480
FINNIFTY02JAN2418000PE.NFO,02/01/2024,13:33:23,0.1,0.1,7160,0.15,21520,0,126480
FINNIFTY02JAN2418000PE.NFO,02/01/2024,13:33:32,0.1,0.1,7160,0.15,19720,0,126480
FINNIFTY02JAN2418000PE.NFO,02/01/2024,13:33:50,0.1,0.1,7160,0.15,19680,0,126480
FINNIFTY02JAN2418000PE.NFO,02/01/2024,13:35:49,0.1,0.1,6920,0.15,19680,240,131880
FINNIFTY02JAN2418000PE.NFO,02/01/2024,13:37:01,0.1,0.1,6920,0.15,19680,0,131880
FINNIFTY02JAN2418000PE.NFO,02/01/2024,13:37:19,0.1,0.1,6920,0.15,19720,0,131880
FINNIFTY02JAN2418000PE.NFO,02/01/2024,13:37:29,0.1,0.1,6840,0.15,19720,80,131880
FINNIFTY02JAN2418000PE.NFO,02/01/2024,13:37:56,0.1,0.1,6840,0.15,19720,0,131880
FINNIFTY02JAN2418000PE.NFO,02/01/2024,13:38:40,0.1,0.1,6800,0.15,19720,40,131880
FINNIFTY02JAN2418000PE.NFO,02/01/2024,13:38:49,0.1,0.1,6480,0.15,19720,320,131880
FINNIFTY02JAN2418000PE.NFO,02/01/2024,13:39:06,0.1,0.1,7040,0.15,19720,1200,131880
FINNIFTY02JAN2418000PE.NFO,02/01/2024,13:39:41,0.1,0.05,83360,0.1,6080,8760,130600
FINNIFTY02JAN2418000PE.NFO,02/01/2024,13:39:49,0.1,0.05,83800,0.1,6080,0,130600
FINNIFTY02JAN2418000PE.NFO,02/01/2024,13:39:57,0.1,0.05,84080,0.1,6360,0,130600
FINNIFTY02JAN2418000PE.NFO,02/01/2024,13:40:06,0.1,0.05,84360,0.1,5960,400,130600
FINNIFTY02JAN2418000PE.NFO,02/01/2024,13:40:14,0.1,0.05,84600,0.1,6320,0,130600
FINNIFTY02JAN2418000PE.NFO,02/01/2024,13:40:48,0.1,0.05,82800,0.1,6320,0,130600
FINNIFTY02JAN2418000PE.NFO,02/01/2024,13:41:30,0.1,0.05,72000,0.1,6600,0,130600
FINNIFTY02JAN2418000PE.NFO,02/01/2024,13:42:56,0.1,0.05,72000,0.1,6400,200,122080
FINNIFTY02JAN2418000PE.NFO,02/01/2024,13:43:47,0.1,0.05,72000,0.1,6760,1800,122080
FINNIFTY02JAN2418000PE.NFO,02/01/2024,13:46:01,0.1,0.05,72000,0.1,6760,0,122080
FINNIFTY02JAN2418000PE.NFO,02/01/2024,13:46:27,0.1,0.05,72000,0.1,6560,200,121600
FINNIFTY02JAN2418000PE.NFO,02/01/2024,13:46:35,0.1,0.05,70080,0.1,5920,1920,121600
FINNIFTY02JAN2418000PE.NFO,02/01/2024,13:48:00,0.1,0.05,71400,0.1,1640,0,121600
FINNIFTY02JAN2418000PE.NFO,02/01/2024,13:48:09,0.1,0.05,64600,0.1,1360,280,121600
FINNIFTY02JAN2418000PE.NFO,02/01/2024,13:48:26,0.1,0.05,71680,0.1,5640,200,120600
FINNIFTY02JAN2418000PE.NFO,02/01/2024,13:49:33,0.1,0.05,68280,0.1,1160,0,120600
FINNIFTY02JAN2418000PE.NFO,02/01/2024,13:49:50,0.1,0.05,64680,0.1,1160,0,120600
FINNIFTY02JAN2418000PE.NFO,02/01/2024,13:50:06,0.1,0.05,70240,0.1,5640,0,120600
FINNIFTY02JAN2418000PE.NFO,02/01/2024,13:50:15,0.1,0.05,70280,0.1,480,0,120600
FINNIFTY02JAN2418000PE.NFO,02/01/2024,13:50:33,0.1,0.05,63080,0.1,480,0,120600
FINNIFTY02JAN2418000PE.NFO,02/01/2024,13:51:45,0.1,0.05,63120,0.1,480,0,120600
FINNIFTY02JAN2418000PE.NFO,02/01/2024,13:52:03,0.1,0.05,63080,0.1,5600,0,120600
FINNIFTY02JAN2418000PE.NFO,02/01/2024,13:52:22,0.1,0.05,66680,0.1,5400,200,120600
FINNIFTY02JAN2418000PE.NFO,02/01/2024,13:52:31,0.1,0.05,70320,0.1,4400,600,120600
FINNIFTY02JAN2418000PE.NFO,02/01/2024,13:52:41,0.1,0.05,66720,0.1,800,0,120600
FINNIFTY02JAN2418000PE.NFO,02/01/2024,13:52:50,0.1,0.05,72320,0.1,800,0,120600
FINNIFTY02JAN2418000PE.NFO,02/01/2024,13:53:08,0.1,0.1,1200,0.15,14240,800,120600
FINNIFTY02JAN2418000PE.NFO,02/01/2024,13:53:18,0.1,0.05,64960,0.15,14240,1200,120600
FINNIFTY02JAN2418000PE.NFO,02/01/2024,13:53:28,0.1,0.05,69800,0.1,3600,920,120600
FINNIFTY02JAN2418000PE.NFO,02/01/2024,13:54:06,0.1,0.05,69760,0.1,3600,0,120600
FINNIFTY02JAN2418000PE.NFO,02/01/2024,13:54:16,0.1,0.05,69800,0.1,3600,0,120600
FINNIFTY02JAN2418000PE.NFO,02/01/2024,13:54:53,0.1,0.05,69760,0.1,3600,0,120600
FINNIFTY02JAN2418000PE.NFO,02/01/2024,13:55:02,0.1,0.05,69800,0.1,3600,0,120600
FINNIFTY02JAN2418000PE.NFO,02/01/2024,13:55:12,0.1,0.05,69760,0.1,3600,0,120600
FINNIFTY02JAN2418000PE.NFO,02/01/2024,14:03:16,0.1,0.05,69760,0.1,5000,40,120600
FINNIFTY02JAN2418000PE.NFO,02/01/2024,14:03:25,0.1,0.05,69680,0.1,5000,0,120600
FINNIFTY02JAN2418000PE.NFO,02/01/2024,14:03:52,0.1,0.05,70040,0.1,5000,520,120600
FINNIFTY02JAN2418000PE.NFO,02/01/2024,14:04:20,0.1,0.05,70040,0.1,4680,320,120600
FINNIFTY02JAN2418000PE.NFO,02/01/2024,14:05:07,0.1,0.05,70040,0.1,4640,40,120600
FINNIFTY02JAN2418000PE.NFO,02/01/2024,14:05:25,0.1,0.05,68240,0.1,5000,0,120600
FINNIFTY02JAN2418000PE.NFO,02/01/2024,14:05:34,0.1,0.05,61040,0.1,5000,0,120600
FINNIFTY02JAN2418000PE.NFO,02/01/2024,14:05:51,0.1,0.05,61040,0.1,6840,0,120600
FINNIFTY02JAN2418000PE.NFO,02/01/2024,14:09:12,0.1,0.05,61040,0.1,6640,200,120600
FINNIFTY02JAN2418000PE.NFO,02/01/2024,14:09:22,0.1,0.05,61040,0.1,6280,360,120600
FINNIFTY02JAN2418000PE.NFO,02/01/2024,14:09:41,0.1,0.05,64640,0.1,6280,0,120600
FINNIFTY02JAN2418000PE.NFO,02/01/2024,14:09:59,0.1,0.05,65640,0.1,5520,240,120600
FINNIFTY02JAN2418000PE.NFO,02/01/2024,14:10:12,0.1,0.05,65680,0.1,5080,440,120600
FINNIFTY02JAN2418000PE.NFO,02/01/2024,14:10:24,0.1,0.05,65640,0.1,5080,0,120600
FINNIFTY02JAN2418000PE.NFO,02/01/2024,14:12:18,0.1,0.05,65600,0.1,5080,0,120600
FINNIFTY02JAN2418000PE.NFO,02/01/2024,14:14:40,0.1,0.05,60200,0.1,5080,0,120600
FINNIFTY02JAN2418000PE.NFO,02/01/2024,14:14:50,0.1,0.05,56600,0.1,5080,0,120600
FINNIFTY02JAN2418000PE.NFO,02/01/2024,14:16:15,0.05,0.05,56640,0.1,5080,40,120600
FINNIFTY02JAN2418000PE.NFO,02/01/2024,14:16:15,0.05,0.05,56640,0.1,5080,0,120600
FINNIFTY02JAN2418000PE.NFO,02/01/2024,14:16:43,0.05,0.05,60240,0.1,5080,0,120600
FINNIFTY02JAN2418000PE.NFO,02/01/2024,14:16:52,0.05,0.05,63840,0.1,5080,0,120600
FINNIFTY02JAN2418000PE.NFO,02/01/2024,14:17:01,0.05,0.05,65640,0.1,5080,0,120600
FINNIFTY02JAN2418000PE.NFO,02/01/2024,14:23:13,0.1,0.05,65640,0.1,5000,80,120560
FINNIFTY02JAN2418000PE.NFO,02/01/2024,14:23:23,0.1,0.05,65640,0.1,5000,0,120560
FINNIFTY02JAN2418000PE.NFO,02/01/2024,14:23:49,0.1,0.05,67480,0.1,4880,120,120560
FINNIFTY02JAN2418000PE.NFO,02/01/2024,14:23:58,0.1,0.05,67840,0.1,4640,240,120560
FINNIFTY02JAN2418000PE.NFO,02/01/2024,14:24:08,0.1,0.05,67800,0.1,4640,0,120560
FINNIFTY02JAN2418000PE.NFO,02/01/2024,14:26:22,0.1,0.05,67680,0.1,4640,0,120560
FINNIFTY02JAN2418000PE.NFO,02/01/2024,14:27:52,0.1,0.05,67680,0.1,5560,0,120560
FINNIFTY02JAN2418000PE.NFO,02/01/2024,14:30:15,0.1,0.05,65880,0.1,7280,80,120920
FINNIFTY02JAN2418000PE.NFO,02/01/2024,14:30:25,0.1,0.05,65880,0.1,7280,0,120920
FINNIFTY02JAN2418000PE.NFO,02/01/2024,14:30:35,0.1,0.05,65880,0.1,7160,120,120920
FINNIFTY02JAN2418000PE.NFO,02/01/2024,14:30:54,0.1,0.05,65880,0.1,7160,0,120920
FINNIFTY02JAN2418000PE.NFO,02/01/2024,14:31:31,0.1,0.05,65920,0.1,5040,320,120920
FINNIFTY02JAN2418000PE.NFO,02/01/2024,14:31:40,0.1,0.05,65880,0.1,5040,0,120920
FINNIFTY02JAN2418000PE.NFO,02/01/2024,14:32:16,0.1,0.05,65840,0.1,5040,0,120920
FINNIFTY02JAN2418000PE.NFO,02/01/2024,14:33:58,0.1,0.05,58200,0.1,5040,0,120920
FINNIFTY02JAN2418000PE.NFO,02/01/2024,14:34:16,0.1,0.05,58200,0.1,5080,0,120920
FINNIFTY02JAN2418000PE.NFO,02/01/2024,14:34:34,0.1,0.05,58200,0.1,4880,280,120920
FINNIFTY02JAN2418000PE.NFO,02/01/2024,14:36:41,0.05,0.05,58160,0.1,4880,40,120920
FINNIFTY02JAN2418000PE.NFO,02/01/2024,14:36:59,0.05,0.05,58160,0.1,4880,0,120920
FINNIFTY02JAN2418000PE.NFO,02/01/2024,14:37:26,0.05,0.05,57720,0.1,4880,440,120920
FINNIFTY02JAN2418000PE.NFO,02/01/2024,14:37:36,0.1,0.05,57720,0.1,4640,240,120920
FINNIFTY02JAN2418000PE.NFO,02/01/2024,14:37:46,0.1,0.05,57720,0.1,5800,840,120920
FINNIFTY02JAN2418000PE.NFO,02/01/2024,14:37:56,0.1,0.05,57760,0.1,4280,1560,120920
FINNIFTY02JAN2418000PE.NFO,02/01/2024,14:38:08,0.1,0.05,57760,0.1,3040,1240,120920
FINNIFTY02JAN2418000PE.NFO,02/01/2024,14:38:20,0.1,0.05,57760,0.1,2640,400,120920
FINNIFTY02JAN2418000PE.NFO,02/01/2024,14:38:55,0.1,0.05,57720,0.1,2640,0,120920
FINNIFTY02JAN2418000PE.NFO,02/01/2024,14:39:05,0.1,0.05,57760,0.1,2200,600,120920
FINNIFTY02JAN2418000PE.NFO,02/01/2024,14:39:15,0.1,0.05,57720,0.1,2200,0,120920
FINNIFTY02JAN2418000PE.NFO,02/01/2024,14:39:24,0.1,0.05,57760,0.1,1000,1200,122440
FINNIFTY02JAN2418000PE.NFO,02/01/2024,14:39:55,0.1,0.05,57760,0.1,1000,0,122440
FINNIFTY02JAN2418000PE.NFO,02/01/2024,14:40:05,0.1,0.05,57720,0.1,1000,0,122440
FINNIFTY02JAN2418000PE.NFO,02/01/2024,14:40:25,0.05,0.05,55320,0.1,1000,2400,122440
FINNIFTY02JAN2418000PE.NFO,02/01/2024,14:40:36,0.05,0.05,55360,0.1,1000,0,122440
FINNIFTY02JAN2418000PE.NFO,02/01/2024,14:40:47,0.05,0.05,53040,0.1,1000,2400,122440
FINNIFTY02JAN2418000PE.NFO,02/01/2024,14:40:58,0.05,0.05,48960,0.1,1000,0,122440
FINNIFTY02JAN2418000PE.NFO,02/01/2024,14:41:09,0.05,0.05,45360,0.1,960,0,122440
FINNIFTY02JAN2418000PE.NFO,02/01/2024,14:41:19,0.05,0.05,48960,0.1,960,0,122440
FINNIFTY02JAN2418000PE.NFO,02/01/2024,14:41:29,0.1,0.05,51960,0.1,120,880,122440
FINNIFTY02JAN2418000PE.NFO,02/01/2024,14:41:38,0.1,0.05,48240,0.1,120,0,122440
FINNIFTY02JAN2418000PE.NFO,02/01/2024,14:41:49,0.1,0.1,2400,0.15,8280,1840,122440
FINNIFTY02JAN2418000PE.NFO,02/01/2024,14:41:58,0.15,0.1,2400,0.15,7480,800,122440
FINNIFTY02JAN2418000PE.NFO,02/01/2024,14:42:08,0.1,0.05,49080,0.1,8720,480,122440
FINNIFTY02JAN2418000PE.NFO,02/01/2024,14:42:17,0.1,0.05,50520,0.1,8720,0,122440
FINNIFTY02JAN2418000PE.NFO,02/01/2024,14:42:45,0.05,0.05,45480,0.15,7480,40,114400
FINNIFTY02JAN2418000PE.NFO,02/01/2024,14:42:54,0.05,0.1,7480,0.15,7480,0,114400
FINNIFTY02JAN2418000PE.NFO,02/01/2024,14:44:19,0.05,0.1,2280,0.15,6280,0,114400
FINNIFTY02JAN2418000PE.NFO,02/01/2024,14:44:29,0.05,0.1,2280,0.15,7480,0,114400
FINNIFTY02JAN2418000PE.NFO,02/01/2024,14:44:40,0.05,0.1,5880,0.15,6280,0,114400
FINNIFTY02JAN2418000PE.NFO,02/01/2024,14:44:50,0.05,0.1,5880,0.15,6480,0,114400
FINNIFTY02JAN2418000PE.NFO,02/01/2024,14:44:59,0.05,0.1,2280,0.15,6280,0,114400
FINNIFTY02JAN2418000PE.NFO,02/01/2024,14:45:09,0.1,0.1,5960,0.15,6280,40,114400
FINNIFTY02JAN2418000PE.NFO,02/01/2024,14:45:19,0.05,0.05,44760,0.1,640,6960,114400
FINNIFTY02JAN2418000PE.NFO,02/01/2024,14:47:03,0.05,0.05,48240,0.1,3200,0,114400
FINNIFTY02JAN2418000PE.NFO,02/01/2024,14:47:41,0.05,0.05,48760,0.1,3200,0,114400
FINNIFTY02JAN2418000PE.NFO,02/01/2024,14:48:55,0.05,0.05,48760,0.1,5000,0,114400
FINNIFTY02JAN2418000PE.NFO,02/01/2024,14:49:04,0.05,0.05,48760,0.1,6040,0,114400
FINNIFTY02JAN2418000PE.NFO,02/01/2024,14:49:13,0.05,0.05,48760,0.1,6840,0,114400
FINNIFTY02JAN2418000PE.NFO,02/01/2024,14:49:22,0.05,0.05,49040,0.1,6880,0,114400
FINNIFTY02JAN2418000PE.NFO,02/01/2024,14:49:32,0.05,0.05,48920,0.1,6880,0,114400
FINNIFTY02JAN2418000PE.NFO,02/01/2024,14:50:00,0.05,0.05,50520,0.1,8680,0,114400
FINNIFTY02JAN2418000PE.NFO,02/01/2024,14:50:09,0.05,0.05,50520,0.1,9160,0,114400
FINNIFTY02JAN2418000PE.NFO,02/01/2024,14:50:19,0.05,0.05,50520,0.1,10080,0,114400
FINNIFTY02JAN2418000PE.NFO,02/01/2024,14:50:29,0.05,0.05,50520,0.1,10400,0,114400
FINNIFTY02JAN2418000PE.NFO,02/01/2024,14:50:38,0.05,0.05,50520,0.1,10520,0,114400
FINNIFTY02JAN2418000PE.NFO,02/01/2024,14:51:05,0.05,0.05,49800,0.1,7480,0,114400
FINNIFTY02JAN2418000PE.NFO,02/01/2024,14:52:23,0.05,0.05,49760,0.1,10720,40,107360
FINNIFTY02JAN2418000PE.NFO,02/01/2024,14:52:32,0.05,0.05,49680,0.1,10720,80,107360
FINNIFTY02JAN2418000PE.NFO,02/01/2024,14:52:42,0.05,0.05,49520,0.1,10720,160,107360
FINNIFTY02JAN2418000PE.NFO,02/01/2024,14:52:52,0.05,0.05,49400,0.1,11000,120,107360
FINNIFTY02JAN2418000PE.NFO,02/01/2024,14:53:10,0.05,0.05,49360,0.1,11000,40,107360
FINNIFTY02JAN2418000PE.NFO,02/01/2024,14:53:20,0.05,0.05,49080,0.1,11000,280,107360
FINNIFTY02JAN2418000PE.NFO,02/01/2024,14:53:29,0.05,0.05,50960,0.1,11000,200,107360
FINNIFTY02JAN2418000PE.NFO,02/01/2024,14:53:38,0.05,0.05,38360,0.1,11280,40,107360
FINNIFTY02JAN2418000PE.NFO,02/01/2024,14:53:48,0.05,0.05,36560,0.1,7880,1800,107360
FINNIFTY02JAN2418000PE.NFO,02/01/2024,14:53:57,0.05,0.05,35760,0.1,9080,800,107360
FINNIFTY02JAN2418000PE.NFO,02/01/2024,14:54:26,0.05,0.05,32160,0.1,9080,0,107360
FINNIFTY02JAN2418000PE.NFO,02/01/2024,14:54:37,0.05,0.05,30360,0.1,9080,0,107360
FINNIFTY02JAN2418000PE.NFO,02/01/2024,14:54:57,0.05,0.05,30360,0.1,10520,0,107360
FINNIFTY02JAN2418000PE.NFO,02/01/2024,14:55:17,0.05,0.05,30360,0.1,10440,0,107360
FINNIFTY02JAN2418000PE.NFO,02/01/2024,14:55:55,0.05,0.05,28760,0.1,10440,0,107360
FINNIFTY02JAN2418000PE.NFO,02/01/2024,14:56:14,0.05,0.05,30360,0.1,10440,0,107360
FINNIFTY02JAN2418000PE.NFO,02/01/2024,14:56:24,0.05,0.05,32160,0.1,10440,0,107360
FINNIFTY02JAN2418000PE.NFO,02/01/2024,14:57:02,0.05,0.05,32120,0.1,10440,40,106480
FINNIFTY02JAN2418000PE.NFO,02/01/2024,14:57:12,0.05,0.05,29960,0.1,10440,320,106480
FINNIFTY02JAN2418000PE.NFO,02/01/2024,14:57:22,0.05,0.05,29920,0.1,10440,40,106480
FINNIFTY02JAN2418000PE.NFO,02/01/2024,14:57:32,0.05,0.05,27880,0.1,10440,320,106400
FINNIFTY02JAN2418000PE.NFO,02/01/2024,14:57:41,0.05,0.05,27440,0.1,10440,440,106400
FINNIFTY02JAN2418000PE.NFO,02/01/2024,14:57:51,0.05,0.05,27000,0.1,10440,440,106400
FINNIFTY02JAN2418000PE.NFO,02/01/2024,14:58:01,0.05,0.05,26960,0.1,10440,40,106400
FINNIFTY02JAN2418000PE.NFO,02/01/2024,14:58:19,0.05,0.05,28760,0.1,11680,0,106400
FINNIFTY02JAN2418000PE.NFO,02/01/2024,14:59:25,0.05,0.05,28760,0.1,8240,0,106400
FINNIFTY02JAN2418000PE.NFO,02/01/2024,14:59:35,0.05,0.05,28240,0.1,8240,520,106400
FINNIFTY02JAN2418000PE.NFO,02/01/2024,14:59:46,0.05,0.05,26960,0.1,8240,1280,106400
FINNIFTY02JAN2418000PE.NFO,02/01/2024,14:59:56,0.05,0.05,28040,0.1,10040,720,106400
FINNIFTY02JAN2418000PE.NFO,02/01/2024,15:00:05,0.05,0.05,28000,0.1,10040,40,106400
FINNIFTY02JAN2418000PE.NFO,02/01/2024,15:00:16,0.05,0.05,27080,0.1,10600,120,106400
FINNIFTY02JAN2418000PE.NFO,02/01/2024,15:00:37,0.05,0.05,26960,0.1,10600,120,104400
FINNIFTY02JAN2418000PE.NFO,02/01/2024,15:01:16,0.05,0.05,25640,0.1,10600,1320,104400
FINNIFTY02JAN2418000PE.NFO,02/01/2024,15:01:26,0.05,0.05,24880,0.1,10600,760,104400
FINNIFTY02JAN2418000PE.NFO,02/01/2024,15:02:05,0.05,0.05,23440,0.1,9160,1440,104400
FINNIFTY02JAN2418000PE.NFO,02/01/2024,15:02:15,0.05,0.05,25240,0.1,9160,0,104400
FINNIFTY02JAN2418000PE.NFO,02/01/2024,15:02:25,0.05,0.05,25240,0.1,12760,0,104400
FINNIFTY02JAN2418000PE.NFO,02/01/2024,15:02:34,0.05,0.05,25240,0.1,13960,0,104400
FINNIFTY02JAN2418000PE.NFO,02/01/2024,15:02:54,0.05,0.05,25240,0.1,9160,0,104400
FINNIFTY02JAN2418000PE.NFO,02/01/2024,15:03:50,0.05,0.05,24960,0.1,9160,0,104400
FINNIFTY02JAN2418000PE.NFO,02/01/2024,15:04:30,0.05,0.05,24560,0.1,13160,400,102920
FINNIFTY02JAN2418000PE.NFO,02/01/2024,15:04:50,0.05,0.05,22760,0.1,13160,1800,102920
FINNIFTY02JAN2418000PE.NFO,02/01/2024,15:05:00,0.05,0.05,21440,0.1,14360,1320,102920
FINNIFTY02JAN2418000PE.NFO,02/01/2024,15:05:10,0.05,0.05,20840,0.1,15360,600,102920
FINNIFTY02JAN2418000PE.NFO,02/01/2024,15:05:20,0.05,0.05,20720,0.1,13360,1920,102920
FINNIFTY02JAN2418000PE.NFO,02/01/2024,15:05:30,0.05,0.05,19840,0.1,13360,880,102920
FINNIFTY02JAN2418000PE.NFO,02/01/2024,15:05:49,0.05,0.05,19840,0.1,10960,0,102920
FINNIFTY02JAN2418000PE.NFO,02/01/2024,15:05:59,0.05,0.05,19440,0.1,10960,0,102920
FINNIFTY02JAN2418000PE.NFO,02/01/2024,15:06:10,0.05,0.05,19320,0.1,10960,120,102920
FINNIFTY02JAN2418000PE.NFO,02/01/2024,15:06:43,0.05,0.05,19320,0.1,11880,0,102920
FINNIFTY02JAN2418000PE.NFO,02/01/2024,15:09:08,0.05,0.05,19280,0.1,11880,40,102520
FINNIFTY02JAN2418000PE.NFO,02/01/2024,15:09:18,0.05,0.05,19280,0.1,9160,0,102520
FINNIFTY02JAN2418000PE.NFO,02/01/2024,15:09:38,0.05,0.05,18680,0.1,9160,600,102520
FINNIFTY02JAN2418000PE.NFO,02/01/2024,15:09:48,0.05,0.05,18280,0.1,10960,400,102520
FINNIFTY02JAN2418000PE.NFO,02/01/2024,15:10:12,0.1,0.05,18280,0.1,10800,200,102520
FINNIFTY02JAN2418000PE.NFO,02/01/2024,15:10:23,0.1,0.05,18280,0.1,10560,240,102520
FINNIFTY02JAN2418000PE.NFO,02/01/2024,15:10:46,0.1,0.05,18280,0.1,10520,40,102520
FINNIFTY02JAN2418000PE.NFO,02/01/2024,15:10:57,0.1,0.05,16520,0.1,9040,1960,102520
FINNIFTY02JAN2418000PE.NFO,02/01/2024,15:11:08,0.1,0.05,16480,0.1,9000,40,102520
FINNIFTY02JAN2418000PE.NFO,02/01/2024,15:12:09,0.1,0.05,16480,0.1,10800,0,102520
FINNIFTY02JAN2418000PE.NFO,02/01/2024,15:12:18,0.1,0.05,16480,0.1,10720,80,102520
FINNIFTY02JAN2418000PE.NFO,02/01/2024,15:12:28,0.1,0.05,15000,0.1,10640,1560,102640
FINNIFTY02JAN2418000PE.NFO,02/01/2024,15:12:39,0.1,0.05,13520,0.1,10440,1680,102640
FINNIFTY02JAN2418000PE.NFO,02/01/2024,15:12:49,0.1,0.05,13520,0.1,10280,160,102640
FINNIFTY02JAN2418000PE.NFO,02/01/2024,15:13:00,0.1,0.05,10760,0.1,10200,3040,102640
FINNIFTY02JAN2418000PE.NFO,02/01/2024,15:13:21,0.1,0.05,10800,0.1,10200,0,102640
FINNIFTY02JAN2418000PE.NFO,02/01/2024,15:13:42,0.1,0.05,10800,0.1,11200,0,102640
FINNIFTY02JAN2418000PE.NFO,02/01/2024,15:14:13,0.1,0.05,10800,0.1,12920,0,102640
FINNIFTY02JAN2418000PE.NFO,02/01/2024,15:14:23,0.1,0.05,10800,0.1,14720,0,102640
FINNIFTY02JAN2418000PE.NFO,02/01/2024,15:14:33,0.05,0.05,10560,0.1,16640,2960,102640
FINNIFTY02JAN2418000PE.NFO,02/01/2024,15:14:43,0.05,0.05,10360,0.1,16640,240,102640
FINNIFTY02JAN2418000PE.NFO,02/01/2024,15:14:53,0.05,0.05,10320,0.1,16640,0,102640
FINNIFTY02JAN2418000PE.NFO,02/01/2024,15:15:14,0.05,0.05,8920,0.1,16640,1400,102640
FINNIFTY02JAN2418000PE.NFO,02/01/2024,15:15:26,0.05,0,0,0.05,1840,8520,101720
FINNIFTY02JAN2418000PE.NFO,02/01/2024,15:15:36,0.05,0,0,0.05,2240,0,101720
FINNIFTY02JAN2418000PE.NFO,02/01/2024,15:17:15,0.05,0,0,0.05,1800,0,101720
FINNIFTY02JAN2418000PE.NFO,02/01/2024,15:17:25,0.05,0,0,0.05,2280,0,101720
FINNIFTY02JAN2418000PE.NFO,02/01/2024,15:17:45,0.05,0,0,0.05,2000,400,101720
FINNIFTY02JAN2418000PE.NFO,02/01/2024,15:18:14,0.05,0,0,0.05,3400,400,101720
FINNIFTY02JAN2418000PE.NFO,02/01/2024,15:18:24,0.05,0,0,0.05,3920,0,101720
FINNIFTY02JAN2418000PE.NFO,02/01/2024,15:18:44,0.05,0,0,0.05,3120,800,101720
FINNIFTY02JAN2418000PE.NFO,02/01/2024,15:19:02,0.05,0,0,0.05,4320,0,101720
FINNIFTY02JAN2418000PE.NFO,02/01/2024,15:19:21,0.05,0,0,0.05,4400,0,101720
FINNIFTY02JAN2418000PE.NFO,02/01/2024,15:20:45,0.05,0,0,0.05,4320,80,101720
FINNIFTY02JAN2418000PE.NFO,02/01/2024,15:21:04,0.05,0,0,0.05,4360,0,101720
FINNIFTY02JAN2418000PE.NFO,02/01/2024,15:22:29,0.05,0,0,0.05,4400,0,101720
FINNIFTY02JAN2418000PE.NFO,02/01/2024,15:22:48,0.05,0,0,0.05,7360,0,101720
FINNIFTY02JAN2418000PE.NFO,02/01/2024,15:22:58,0.05,0,0,0.05,10320,0,101720
FINNIFTY02JAN2418000PE.NFO,02/01/2024,15:23:08,0.05,0,0,0.05,11800,0,101720
FINNIFTY02JAN2418000PE.NFO,02/01/2024,15:23:17,0.05,0,0,0.05,14760,0,101720
FINNIFTY02JAN2418000PE.NFO,02/01/2024,15:23:27,0.05,0,0,0.05,16240,0,101720
FINNIFTY02JAN2418000PE.NFO,02/01/2024,15:23:37,0.05,0,0,0.05,17760,0,101720
FINNIFTY02JAN2418000PE.NFO,02/01/2024,15:24:16,0.05,0,0,0.05,18560,0,101720
FINNIFTY02JAN2418000PE.NFO,02/01/2024,15:24:25,0.05,0,0,0.05,18600,0,101720
FINNIFTY02JAN2418000PE.NFO,02/01/2024,15:24:35,0.05,0,0,0.05,26760,0,101720
FINNIFTY02JAN2418000PE.NFO,02/01/2024,15:24:44,0.05,0,0,0.05,27040,0,101720
FINNIFTY02JAN2418000PE.NFO,02/01/2024,15:25:33,0.05,0,0,0.05,90040,0,101720
FINNIFTY02JAN2418000PE.NFO,02/01/2024,15:26:04,0.05,0,0,0.05,90040,40,102240
FINNIFTY02JAN2418000PE.NFO,02/01/2024,15:26:14,0.05,0,0,0.05,90000,40,102240
FINNIFTY02JAN2418000PE.NFO,02/01/2024,15:28:51,0.05,0,0,0.05,90000,0,102240
FINNIFTY02JAN2418000PE.NFO,02/01/2024,15:29:33,0.05,0,0,0.05,89880,0,102240
FINNIFTY02JAN2418000PE.NFO,02/01/2024,15:29:59,0.05,0,0,0.05,89800,0,102240
