Ticker,Date,Time,LTP,BuyPrice,BuyQty,SellPrice,SellQty,LTQ,OpenInterest
FINNIFTY02JAN2421150CE.NFO,02/01/2024,09:15:15,292.85,256.35,120,257.8,40,40,12960
FINNIFTY02JAN2421150CE.NFO,02/01/2024,09:15:15,292.85,256.35,120,257.8,40,0,12960
FINNIFTY02JAN2421150CE.NFO,02/01/2024,09:15:15,292.85,256.35,120,257.8,40,0,12960
FINNIFTY02JAN2421150CE.NFO,02/01/2024,09:15:15,292.85,256.35,120,257.8,40,0,12960
FINNIFTY02JAN2421150CE.NFO,02/01/2024,09:15:16,292.85,254.9,40,256.3,40,0,12960
FINNIFTY02JAN2421150CE.NFO,02/01/2024,09:15:18,292.85,259.75,80,261.3,40,0,12960
FINNIFTY02JAN2421150CE.NFO,02/01/2024,09:15:20,292.85,260.65,80,261.85,80,0,12960
FINNIFTY02JAN2421150CE.NFO,02/01/2024,09:15:21,292.85,259.25,80,260.7,40,0,12960
FINNIFTY02JAN2421150CE.NFO,02/01/2024,09:15:23,292.85,258.1,80,259.3,360,0,12960
FINNIFTY02JAN2421150CE.NFO,02/01/2024,09:15:24,292.85,256.75,80,258.1,40,0,12960
FINNIFTY02JAN2421150CE.NFO,02/01/2024,09:15:26,292.85,257,80,258.35,40,0,12960
FINNIFTY02JAN2421150CE.NFO,02/01/2024,09:15:28,292.85,258.1,80,259.25,40,0,12960
FINNIFTY02JAN2421150CE.NFO,02/01/2024,09:15:29,292.85,259.75,80,261.25,40,0,12960
FINNIFTY02JAN2421150CE.NFO,02/01/2024,09:15:31,262.35,260.1,80,261.4,40,40,12960
FINNIFTY02JAN2421150CE.NFO,02/01/2024,09:15:31,262.35,260.1,80,261.4,40,0,12960
FINNIFTY02JAN2421150CE.NFO,02/01/2024,09:15:33,262.35,260,80,260.85,40,0,12960
FINNIFTY02JAN2421150CE.NFO,02/01/2024,09:15:34,262.35,259.1,80,260.1,40,0,12960
FINNIFTY02JAN2421150CE.NFO,02/01/2024,09:15:36,262.35,258.5,40,259.35,40,0,12960
FINNIFTY02JAN2421150CE.NFO,02/01/2024,09:15:37,262.35,258.85,120,260.15,120,0,12960
FINNIFTY02JAN2421150CE.NFO,02/01/2024,09:15:39,262.35,261.75,80,262.85,40,0,12960
FINNIFTY02JAN2421150CE.NFO,02/01/2024,09:15:41,262.95,261.45,80,262.45,600,80,12960
FINNIFTY02JAN2421150CE.NFO,02/01/2024,09:15:42,262.95,261.65,120,262.65,40,0,12960
FINNIFTY02JAN2421150CE.NFO,02/01/2024,09:15:44,262.95,262.8,80,264.1,80,0,12960
FINNIFTY02JAN2421150CE.NFO,02/01/2024,09:15:45,262.95,263.15,120,264.35,120,0,12960
FINNIFTY02JAN2421150CE.NFO,02/01/2024,09:15:47,262.95,262.05,80,262.85,80,0,12960
FINNIFTY02JAN2421150CE.NFO,02/01/2024,09:15:49,262.95,260.15,160,261.15,200,0,12960
FINNIFTY02JAN2421150CE.NFO,02/01/2024,09:15:50,260,258.7,40,259.9,360,40,12960
FINNIFTY02JAN2421150CE.NFO,02/01/2024,09:15:50,260,258.7,40,259.9,360,0,12960
FINNIFTY02JAN2421150CE.NFO,02/01/2024,09:15:52,260,260.15,80,261.35,120,0,12960
FINNIFTY02JAN2421150CE.NFO,02/01/2024,09:15:54,260,259.35,80,260.15,360,0,12960
FINNIFTY02JAN2421150CE.NFO,02/01/2024,09:15:55,259.25,258.25,80,259.3,240,120,12960
FINNIFTY02JAN2421150CE.NFO,02/01/2024,09:15:55,259.25,258.25,80,259.3,240,0,12960
FINNIFTY02JAN2421150CE.NFO,02/01/2024,09:15:57,259.25,258.5,80,259.7,40,0,12960
FINNIFTY02JAN2421150CE.NFO,02/01/2024,09:15:59,259.25,258.05,80,258.95,120,0,12960
FINNIFTY02JAN2421150CE.NFO,02/01/2024,09:16:00,260.35,258.8,40,259.95,120,1440,12960
FINNIFTY02JAN2421150CE.NFO,02/01/2024,09:16:00,258.65,258.8,40,259.95,120,0,12960
FINNIFTY02JAN2421150CE.NFO,02/01/2024,09:16:02,260.35,259.35,200,260.25,80,0,12960
FINNIFTY02JAN2421150CE.NFO,02/01/2024,09:16:03,259.25,259.6,240,260.5,120,40,12960
FINNIFTY02JAN2421150CE.NFO,02/01/2024,09:16:05,261,261,40,262.25,80,40,12960
FINNIFTY02JAN2421150CE.NFO,02/01/2024,09:16:07,261,263.65,40,264.8,80,0,12960
FINNIFTY02JAN2421150CE.NFO,02/01/2024,09:16:08,261,264.9,40,266.05,120,0,12960
FINNIFTY02JAN2421150CE.NFO,02/01/2024,09:16:10,261,263.2,160,264.15,80,0,12960
FINNIFTY02JAN2421150CE.NFO,02/01/2024,09:16:11,261,263.1,80,264.15,120,0,12960
FINNIFTY02JAN2421150CE.NFO,02/01/2024,09:16:13,261,263.5,200,264.65,160,0,12960
FINNIFTY02JAN2421150CE.NFO,02/01/2024,09:16:15,261,262,80,263,360,0,12960
FINNIFTY02JAN2421150CE.NFO,02/01/2024,09:16:16,261,260.75,80,261.75,80,0,12960
FINNIFTY02JAN2421150CE.NFO,02/01/2024,09:16:18,261,260.9,40,261.75,80,0,12960
FINNIFTY02JAN2421150CE.NFO,02/01/2024,09:16:19,261,260.65,40,261.15,160,0,12960
FINNIFTY02JAN2421150CE.NFO,02/01/2024,09:16:21,261,259.5,40,260.35,40,0,12960
FINNIFTY02JAN2421150CE.NFO,02/01/2024,09:16:23,261,256.75,40,257.75,80,0,12960
FINNIFTY02JAN2421150CE.NFO,02/01/2024,09:16:24,261,257.55,40,258.7,120,0,12960
FINNIFTY02JAN2421150CE.NFO,02/01/2024,09:16:26,261,256.3,40,257.1,160,0,12960
FINNIFTY02JAN2421150CE.NFO,02/01/2024,09:16:28,261,255.3,80,256.1,200,0,12960
FINNIFTY02JAN2421150CE.NFO,02/01/2024,09:16:29,261,256.15,160,257.1,360,0,12960
FINNIFTY02JAN2421150CE.NFO,02/01/2024,09:16:31,261,257.95,360,258.95,80,0,12960
FINNIFTY02JAN2421150CE.NFO,02/01/2024,09:16:32,261,256.9,40,257.65,160,0,12960
FINNIFTY02JAN2421150CE.NFO,02/01/2024,09:16:34,261,256.4,40,257,40,0,12960
FINNIFTY02JAN2421150CE.NFO,02/01/2024,09:16:36,256.4,257.95,40,258.95,80,40,12960
FINNIFTY02JAN2421150CE.NFO,02/01/2024,09:16:36,256.4,257.95,40,258.95,80,0,12960
FINNIFTY02JAN2421150CE.NFO,02/01/2024,09:16:37,256.4,256.9,40,257.5,40,0,12960
FINNIFTY02JAN2421150CE.NFO,02/01/2024,09:16:39,256.4,256,80,257.2,80,0,12960
FINNIFTY02JAN2421150CE.NFO,02/01/2024,09:16:40,256.4,256.9,120,257.7,360,0,12960
FINNIFTY02JAN2421150CE.NFO,02/01/2024,09:16:42,257.75,257.7,80,258.5,40,40,12960
FINNIFTY02JAN2421150CE.NFO,02/01/2024,09:16:44,257.75,258.15,40,258.8,40,0,12960
FINNIFTY02JAN2421150CE.NFO,02/01/2024,09:16:45,260.85,261.25,120,262,360,40,12960
FINNIFTY02JAN2421150CE.NFO,02/01/2024,09:16:47,260.85,260.65,40,261.55,320,0,12960
FINNIFTY02JAN2421150CE.NFO,02/01/2024,09:16:48,260.85,262.1,80,263,80,0,12960
FINNIFTY02JAN2421150CE.NFO,02/01/2024,09:16:50,260.85,263.4,40,264.1,120,0,12960
FINNIFTY02JAN2421150CE.NFO,02/01/2024,09:16:52,260.85,261.9,40,262.55,80,0,12960
FINNIFTY02JAN2421150CE.NFO,02/01/2024,09:16:53,260.85,260.9,40,261.7,80,0,12960
FINNIFTY02JAN2421150CE.NFO,02/01/2024,09:16:55,260.85,259.65,40,260.35,40,0,12960
FINNIFTY02JAN2421150CE.NFO,02/01/2024,09:16:56,260.85,259.9,40,260.8,80,0,12960
FINNIFTY02JAN2421150CE.NFO,02/01/2024,09:16:58,260.85,261.6,40,262.35,80,0,12960
FINNIFTY02JAN2421150CE.NFO,02/01/2024,09:17:00,260.85,260.9,240,261.75,80,0,12960
FINNIFTY02JAN2421150CE.NFO,02/01/2024,09:17:01,260.85,260.7,40,261.9,160,0,12960
FINNIFTY02JAN2421150CE.NFO,02/01/2024,09:17:03,260.5,260.2,40,261.2,80,600,12960
FINNIFTY02JAN2421150CE.NFO,02/01/2024,09:17:05,260.5,260,80,261,240,0,12960
FINNIFTY02JAN2421150CE.NFO,02/01/2024,09:17:06,260.5,260.45,40,261.35,200,0,12960
FINNIFTY02JAN2421150CE.NFO,02/01/2024,09:17:08,260.5,261.5,40,262.15,240,0,12960
FINNIFTY02JAN2421150CE.NFO,02/01/2024,09:17:09,260.5,260.8,40,261.4,80,0,12960
FINNIFTY02JAN2421150CE.NFO,02/01/2024,09:17:11,260.5,259.8,80,260.75,40,0,12960
FINNIFTY02JAN2421150CE.NFO,02/01/2024,09:17:13,260.5,260.2,40,261.05,80,0,12960
FINNIFTY02JAN2421150CE.NFO,02/01/2024,09:17:14,260.5,260.5,40,261.05,80,0,12960
FINNIFTY02JAN2421150CE.NFO,02/01/2024,09:17:16,260.5,260.6,40,261.35,40,0,12960
FINNIFTY02JAN2421150CE.NFO,02/01/2024,09:17:17,261.6,262.4,40,263.1,40,80,12960
FINNIFTY02JAN2421150CE.NFO,02/01/2024,09:17:19,261.6,263.55,40,264.45,320,0,12960
FINNIFTY02JAN2421150CE.NFO,02/01/2024,09:17:21,261.6,263.6,40,264.35,200,0,12960
FINNIFTY02JAN2421150CE.NFO,02/01/2024,09:17:22,261.6,263.4,40,264.45,320,0,12960
FINNIFTY02JAN2421150CE.NFO,02/01/2024,09:17:24,261.6,263.8,80,264.8,440,0,12960
FINNIFTY02JAN2421150CE.NFO,02/01/2024,09:17:25,261.6,262.6,160,263.7,160,0,12960
FINNIFTY02JAN2421150CE.NFO,02/01/2024,09:17:27,261.6,262.25,40,262.9,80,0,12960
FINNIFTY02JAN2421150CE.NFO,02/01/2024,09:17:28,261.6,260.65,40,261.45,360,0,12960
FINNIFTY02JAN2421150CE.NFO,02/01/2024,09:17:30,261.6,260.15,40,260.9,120,0,12960
FINNIFTY02JAN2421150CE.NFO,02/01/2024,09:17:32,260,259.9,80,260.7,80,200,14040
FINNIFTY02JAN2421150CE.NFO,02/01/2024,09:17:33,260,261.2,80,262,80,0,14040
FINNIFTY02JAN2421150CE.NFO,02/01/2024,09:17:35,260,260.7,40,261.4,80,0,14040
FINNIFTY02JAN2421150CE.NFO,02/01/2024,09:17:36,260,260.35,200,261.25,40,0,14040
FINNIFTY02JAN2421150CE.NFO,02/01/2024,09:17:38,260,261.5,720,262.65,200,0,14040
FINNIFTY02JAN2421150CE.NFO,02/01/2024,09:17:40,260,259.95,80,260.6,80,0,14040
FINNIFTY02JAN2421150CE.NFO,02/01/2024,09:17:41,260,258.45,40,259.1,80,0,14040
FINNIFTY02JAN2421150CE.NFO,02/01/2024,09:17:43,260,259.05,80,259.65,80,0,14040
FINNIFTY02JAN2421150CE.NFO,02/01/2024,09:17:44,260,258.35,40,259.25,80,0,14040
FINNIFTY02JAN2421150CE.NFO,02/01/2024,09:17:46,260,258,40,258.7,80,0,14040
FINNIFTY02JAN2421150CE.NFO,02/01/2024,09:17:48,260,258.55,80,259.55,120,0,14040
FINNIFTY02JAN2421150CE.NFO,02/01/2024,09:17:49,260,259.75,40,260.5,40,80,14040
FINNIFTY02JAN2421150CE.NFO,02/01/2024,09:17:51,260,259.6,40,260.3,40,0,14040
FINNIFTY02JAN2421150CE.NFO,02/01/2024,09:17:52,260,259.45,160,260.15,80,0,14040
FINNIFTY02JAN2421150CE.NFO,02/01/2024,09:17:54,260,258.85,40,259.25,80,0,14040
FINNIFTY02JAN2421150CE.NFO,02/01/2024,09:17:56,260,258.75,160,259.5,120,0,14040
FINNIFTY02JAN2421150CE.NFO,02/01/2024,09:17:57,260,259.35,80,260.1,120,0,14040
FINNIFTY02JAN2421150CE.NFO,02/01/2024,09:17:59,260,258.95,160,259.5,360,0,14040
FINNIFTY02JAN2421150CE.NFO,02/01/2024,09:18:00,260,258.6,80,259.4,40,0,14040
FINNIFTY02JAN2421150CE.NFO,02/01/2024,09:18:02,260,260.75,40,261.35,40,0,14040
FINNIFTY02JAN2421150CE.NFO,02/01/2024,09:18:04,260,261.55,40,262.3,40,0,14040
FINNIFTY02JAN2421150CE.NFO,02/01/2024,09:18:05,261.45,261.2,120,261.85,120,40,14040
FINNIFTY02JAN2421150CE.NFO,02/01/2024,09:18:07,261.45,262.6,120,263.3,680,0,14040
FINNIFTY02JAN2421150CE.NFO,02/01/2024,09:18:08,261.45,262.2,120,262.75,40,0,14040
FINNIFTY02JAN2421150CE.NFO,02/01/2024,09:18:10,261.45,261.45,120,261.95,120,0,14040
FINNIFTY02JAN2421150CE.NFO,02/01/2024,09:18:12,261,260.55,160,261.3,160,160,14040
FINNIFTY02JAN2421150CE.NFO,02/01/2024,09:18:14,261,261.2,120,262.1,440,0,14040
FINNIFTY02JAN2421150CE.NFO,02/01/2024,09:18:15,261,260.45,120,261.15,160,0,14040
FINNIFTY02JAN2421150CE.NFO,02/01/2024,09:18:17,261,259.2,120,259.95,240,0,14040
FINNIFTY02JAN2421150CE.NFO,02/01/2024,09:18:18,261,258.05,120,259,240,0,14040
FINNIFTY02JAN2421150CE.NFO,02/01/2024,09:18:20,261,255.5,160,256.6,80,0,14040
FINNIFTY02JAN2421150CE.NFO,02/01/2024,09:18:22,261,256.7,40,257.55,160,0,14040
FINNIFTY02JAN2421150CE.NFO,02/01/2024,09:18:23,261,257.7,120,258.35,160,0,14040
FINNIFTY02JAN2421150CE.NFO,02/01/2024,09:18:25,257.75,256.9,160,257.65,120,80,14040
FINNIFTY02JAN2421150CE.NFO,02/01/2024,09:18:27,257.75,257,360,257.95,160,0,14040
FINNIFTY02JAN2421150CE.NFO,02/01/2024,09:18:28,257.75,258.35,200,259.2,80,0,14040
FINNIFTY02JAN2421150CE.NFO,02/01/2024,09:18:30,257.75,258.35,160,258.9,120,0,14040
FINNIFTY02JAN2421150CE.NFO,02/01/2024,09:18:31,257.75,257.65,120,258.35,80,0,14040
FINNIFTY02JAN2421150CE.NFO,02/01/2024,09:18:33,257.75,257.25,120,258,120,0,14040
FINNIFTY02JAN2421150CE.NFO,02/01/2024,09:18:35,257.75,258.45,120,259.15,640,0,14040
FINNIFTY02JAN2421150CE.NFO,02/01/2024,09:18:36,257.75,258.35,120,259.1,80,0,14040
FINNIFTY02JAN2421150CE.NFO,02/01/2024,09:18:38,257.75,258.9,160,259.75,40,0,14040
FINNIFTY02JAN2421150CE.NFO,02/01/2024,09:18:39,257.75,259.25,160,260.2,160,0,14040
FINNIFTY02JAN2421150CE.NFO,02/01/2024,09:18:41,257.75,259,160,259.75,120,0,14040
FINNIFTY02JAN2421150CE.NFO,02/01/2024,09:18:42,257.75,259.8,120,260.55,120,0,14040
FINNIFTY02JAN2421150CE.NFO,02/01/2024,09:18:44,260.6,261.6,120,262.45,120,40,14040
FINNIFTY02JAN2421150CE.NFO,02/01/2024,09:18:46,260.6,261,40,261.7,280,0,14040
FINNIFTY02JAN2421150CE.NFO,02/01/2024,09:18:47,261.85,261.45,120,262.45,120,240,14040
FINNIFTY02JAN2421150CE.NFO,02/01/2024,09:18:49,261.85,261.7,120,262.85,120,80,14040
FINNIFTY02JAN2421150CE.NFO,02/01/2024,09:18:51,261.85,261.85,280,262.9,200,0,14040
FINNIFTY02JAN2421150CE.NFO,02/01/2024,09:18:52,261.85,263.05,160,263.85,120,0,14040
FINNIFTY02JAN2421150CE.NFO,02/01/2024,09:18:54,261.85,262.55,160,263.45,480,0,14040
FINNIFTY02JAN2421150CE.NFO,02/01/2024,09:18:55,261.85,263.05,120,263.8,120,0,14040
FINNIFTY02JAN2421150CE.NFO,02/01/2024,09:18:57,261.85,262.3,160,263.1,80,0,14040
FINNIFTY02JAN2421150CE.NFO,02/01/2024,09:18:59,261.85,262.75,80,263.75,160,0,14040
FINNIFTY02JAN2421150CE.NFO,02/01/2024,09:19:00,261.85,262.9,120,264.1,120,0,14040
FINNIFTY02JAN2421150CE.NFO,02/01/2024,09:19:02,261.85,262.85,160,263.65,80,0,14040
FINNIFTY02JAN2421150CE.NFO,02/01/2024,09:19:04,261.85,261.9,240,262.85,280,0,14040
FINNIFTY02JAN2421150CE.NFO,02/01/2024,09:19:05,261.85,262.2,120,263.1,480,0,14040
FINNIFTY02JAN2421150CE.NFO,02/01/2024,09:19:07,262.8,263.05,120,264.2,640,3560,14040
FINNIFTY02JAN2421150CE.NFO,02/01/2024,09:19:08,262.45,262.7,40,263.6,160,4560,14040
FINNIFTY02JAN2421150CE.NFO,02/01/2024,09:19:10,262.05,262.85,400,263.75,120,160,14040
FINNIFTY02JAN2421150CE.NFO,02/01/2024,09:19:12,262.05,264.6,40,265.4,200,0,14040
FINNIFTY02JAN2421150CE.NFO,02/01/2024,09:19:13,267.6,265.55,80,266.4,120,40,14040
FINNIFTY02JAN2421150CE.NFO,02/01/2024,09:19:15,267.6,266.55,40,267.65,120,0,14040
FINNIFTY02JAN2421150CE.NFO,02/01/2024,09:19:17,267.6,266.1,40,267.15,120,0,14040
FINNIFTY02JAN2421150CE.NFO,02/01/2024,09:19:18,267.6,266.95,40,268,120,0,14040
FINNIFTY02JAN2421150CE.NFO,02/01/2024,09:19:20,267.1,266.75,40,267.9,40,160,14040
FINNIFTY02JAN2421150CE.NFO,02/01/2024,09:19:21,267.1,265.45,120,266.45,160,0,14040
FINNIFTY02JAN2421150CE.NFO,02/01/2024,09:19:23,267.1,264.05,80,265.1,80,0,14040
FINNIFTY02JAN2421150CE.NFO,02/01/2024,09:19:25,267.1,264.05,40,264.85,80,0,14040
FINNIFTY02JAN2421150CE.NFO,02/01/2024,09:19:26,267.1,264.35,80,265.3,40,0,14040
FINNIFTY02JAN2421150CE.NFO,02/01/2024,09:19:28,267.1,263.5,40,264.5,120,0,14040
FINNIFTY02JAN2421150CE.NFO,02/01/2024,09:19:29,267.1,264.55,80,265.5,200,0,14040
FINNIFTY02JAN2421150CE.NFO,02/01/2024,09:19:31,264.15,264.65,120,265.7,120,600,14040
FINNIFTY02JAN2421150CE.NFO,02/01/2024,09:19:32,264.65,264.3,40,265.5,160,80,14040
FINNIFTY02JAN2421150CE.NFO,02/01/2024,09:19:34,264.65,265.9,240,267,200,0,14040
FINNIFTY02JAN2421150CE.NFO,02/01/2024,09:19:36,264.65,266.4,160,267.5,360,0,14040
FINNIFTY02JAN2421150CE.NFO,02/01/2024,09:19:37,264.65,265.9,80,266.9,80,0,14040
FINNIFTY02JAN2421150CE.NFO,02/01/2024,09:19:39,264.65,265.15,40,265.95,80,0,14040
FINNIFTY02JAN2421150CE.NFO,02/01/2024,09:19:41,264.65,265.75,80,266.65,120,0,14040
FINNIFTY02JAN2421150CE.NFO,02/01/2024,09:19:42,264.65,265.2,40,266.15,160,0,14040
FINNIFTY02JAN2421150CE.NFO,02/01/2024,09:19:44,264.65,264.75,80,265.65,160,0,14040
FINNIFTY02JAN2421150CE.NFO,02/01/2024,09:19:46,264.65,265.3,40,266.25,120,0,14040
FINNIFTY02JAN2421150CE.NFO,02/01/2024,09:19:47,265.65,266.3,120,267.35,400,40,14040
FINNIFTY02JAN2421150CE.NFO,02/01/2024,09:19:49,265.65,265.95,40,266.85,160,0,14040
FINNIFTY02JAN2421150CE.NFO,02/01/2024,09:19:52,265.65,264.1,40,265.05,720,0,14040
FINNIFTY02JAN2421150CE.NFO,02/01/2024,09:19:54,265.65,263.55,80,264.35,40,0,14040
FINNIFTY02JAN2421150CE.NFO,02/01/2024,09:19:56,264.6,263.5,40,264.3,160,120,14040
FINNIFTY02JAN2421150CE.NFO,02/01/2024,09:19:57,264.6,262.6,80,263.4,160,0,14040
FINNIFTY02JAN2421150CE.NFO,02/01/2024,09:19:59,264.6,262.3,80,263.35,240,0,14040
FINNIFTY02JAN2421150CE.NFO,02/01/2024,09:20:01,264.6,261.95,40,262.95,160,0,14040
FINNIFTY02JAN2421150CE.NFO,02/01/2024,09:20:02,264.6,262.55,320,263.6,80,0,14040
FINNIFTY02JAN2421150CE.NFO,02/01/2024,09:20:04,264.6,263.8,40,264.7,40,0,14040
FINNIFTY02JAN2421150CE.NFO,02/01/2024,09:20:06,264.6,265.2,80,266.1,40,0,14040
FINNIFTY02JAN2421150CE.NFO,02/01/2024,09:20:07,264.6,264.8,40,265.7,160,0,14040
FINNIFTY02JAN2421150CE.NFO,02/01/2024,09:20:09,264.6,264.95,200,266,640,0,14040
FINNIFTY02JAN2421150CE.NFO,02/01/2024,09:20:11,264.6,265.65,120,266.7,120,0,14040
FINNIFTY02JAN2421150CE.NFO,02/01/2024,09:20:12,264.6,265.65,80,266.6,160,0,14040
FINNIFTY02JAN2421150CE.NFO,02/01/2024,09:20:14,264.6,265.45,40,266.3,160,0,14040
FINNIFTY02JAN2421150CE.NFO,02/01/2024,09:20:16,264.6,265.25,40,266.05,120,0,14040
FINNIFTY02JAN2421150CE.NFO,02/01/2024,09:20:17,264.6,264.15,40,265.15,40,0,14040
FINNIFTY02JAN2421150CE.NFO,02/01/2024,09:20:19,264.15,264.45,160,265.4,40,40,14040
FINNIFTY02JAN2421150CE.NFO,02/01/2024,09:20:21,264.15,264.8,120,265.65,120,0,14040
FINNIFTY02JAN2421150CE.NFO,02/01/2024,09:20:22,264.15,264.65,120,265.7,280,0,14040
FINNIFTY02JAN2421150CE.NFO,02/01/2024,09:20:24,264.15,263.65,40,264.65,640,0,14040
FINNIFTY02JAN2421150CE.NFO,02/01/2024,09:20:26,264.15,263.55,40,264.5,640,0,14040
FINNIFTY02JAN2421150CE.NFO,02/01/2024,09:20:27,264.15,263.05,40,263.75,120,0,14040
FINNIFTY02JAN2421150CE.NFO,02/01/2024,09:20:29,264.15,263.6,40,264.55,80,0,14040
FINNIFTY02JAN2421150CE.NFO,02/01/2024,09:20:31,264.15,263.35,400,264.3,120,0,14040
FINNIFTY02JAN2421150CE.NFO,02/01/2024,09:20:32,264.15,262.65,560,263.75,760,0,14040
FINNIFTY02JAN2421150CE.NFO,02/01/2024,09:20:34,264.15,262.25,40,263.2,560,0,14040
FINNIFTY02JAN2421150CE.NFO,02/01/2024,09:20:36,264.15,262.5,40,263.4,80,0,14040
FINNIFTY02JAN2421150CE.NFO,02/01/2024,09:20:37,264.15,261.8,80,262.8,160,0,14040
FINNIFTY02JAN2421150CE.NFO,02/01/2024,09:20:39,264.15,262.1,40,263,120,0,14040
FINNIFTY02JAN2421150CE.NFO,02/01/2024,09:20:41,264.15,263.25,200,264.15,80,0,14040
FINNIFTY02JAN2421150CE.NFO,02/01/2024,09:20:42,264.15,263.35,240,264.5,120,0,14040
FINNIFTY02JAN2421150CE.NFO,02/01/2024,09:20:44,264.15,263.9,200,264.95,160,0,14040
FINNIFTY02JAN2421150CE.NFO,02/01/2024,09:20:46,264.15,264.7,120,265.8,40,0,14040
FINNIFTY02JAN2421150CE.NFO,02/01/2024,09:20:47,264.15,265.5,40,266.45,160,0,14040
FINNIFTY02JAN2421150CE.NFO,02/01/2024,09:20:49,264.15,265.35,320,266.4,160,0,14040
FINNIFTY02JAN2421150CE.NFO,02/01/2024,09:20:51,264.15,266.35,40,267.35,120,0,14040
FINNIFTY02JAN2421150CE.NFO,02/01/2024,09:20:52,264.15,266.2,40,267.3,760,0,14040
FINNIFTY02JAN2421150CE.NFO,02/01/2024,09:20:54,264.15,266.25,40,267.1,960,0,14040
FINNIFTY02JAN2421150CE.NFO,02/01/2024,09:20:56,264.15,265.7,40,266.65,720,0,14040
FINNIFTY02JAN2421150CE.NFO,02/01/2024,09:20:57,264.15,265.65,40,266.65,240,0,14040
FINNIFTY02JAN2421150CE.NFO,02/01/2024,09:20:59,264.15,264.8,80,265.55,120,0,14040
FINNIFTY02JAN2421150CE.NFO,02/01/2024,09:21:01,264.15,265.2,40,266.25,120,0,14040
FINNIFTY02JAN2421150CE.NFO,02/01/2024,09:21:02,264.15,264.45,80,265.45,40,0,14040
FINNIFTY02JAN2421150CE.NFO,02/01/2024,09:21:04,264.15,266.95,320,267.95,40,0,14040
FINNIFTY02JAN2421150CE.NFO,02/01/2024,09:21:06,268,270,40,271.3,560,40,17360
FINNIFTY02JAN2421150CE.NFO,02/01/2024,09:21:07,271.65,271.85,240,273.25,240,2520,17360
FINNIFTY02JAN2421150CE.NFO,02/01/2024,09:21:09,273.15,271.8,560,272.65,40,40,17360
FINNIFTY02JAN2421150CE.NFO,02/01/2024,09:21:11,273.15,274.7,560,275.45,40,0,17360
FINNIFTY02JAN2421150CE.NFO,02/01/2024,09:21:12,275.6,273.6,560,274.8,120,40,17360
FINNIFTY02JAN2421150CE.NFO,02/01/2024,09:21:14,275.6,272.9,560,273.6,40,0,17360
FINNIFTY02JAN2421150CE.NFO,02/01/2024,09:21:16,275.6,271.4,560,272.15,640,0,17360
FINNIFTY02JAN2421150CE.NFO,02/01/2024,09:21:17,275.6,271.55,40,272.65,80,0,17360
FINNIFTY02JAN2421150CE.NFO,02/01/2024,09:21:19,275.6,272.15,560,272.9,320,0,17360
FINNIFTY02JAN2421150CE.NFO,02/01/2024,09:21:21,275.6,271.75,560,272.45,160,0,17360
FINNIFTY02JAN2421150CE.NFO,02/01/2024,09:21:22,275.6,273.15,560,273.7,40,0,17360
FINNIFTY02JAN2421150CE.NFO,02/01/2024,09:21:24,275.6,273.55,560,274.3,560,0,17360
FINNIFTY02JAN2421150CE.NFO,02/01/2024,09:21:26,275.6,275.8,560,276.45,80,0,17360
FINNIFTY02JAN2421150CE.NFO,02/01/2024,09:21:27,277.9,278.1,560,278.9,160,40,17360
FINNIFTY02JAN2421150CE.NFO,02/01/2024,09:21:29,285.5,278.45,360,279.3,120,3320,17360
FINNIFTY02JAN2421150CE.NFO,02/01/2024,09:21:31,285.5,278.6,120,279.75,120,0,17360
FINNIFTY02JAN2421150CE.NFO,02/01/2024,09:21:32,285.5,278.9,360,279.65,640,0,17360
FINNIFTY02JAN2421150CE.NFO,02/01/2024,09:21:34,285.5,280,280,280.8,560,0,17360
FINNIFTY02JAN2421150CE.NFO,02/01/2024,09:21:36,285.5,277.7,280,278.45,120,0,17360
FINNIFTY02JAN2421150CE.NFO,02/01/2024,09:21:37,285.5,277.15,120,278.1,120,0,17360
FINNIFTY02JAN2421150CE.NFO,02/01/2024,09:21:39,285.5,277.15,120,277.85,640,0,17360
FINNIFTY02JAN2421150CE.NFO,02/01/2024,09:21:41,285.5,276.55,360,277.35,640,0,17360
FINNIFTY02JAN2421150CE.NFO,02/01/2024,09:21:42,285.5,276,280,276.8,640,0,17360
FINNIFTY02JAN2421150CE.NFO,02/01/2024,09:21:44,285.5,275.75,360,276.55,680,0,17360
FINNIFTY02JAN2421150CE.NFO,02/01/2024,09:21:46,285.5,276.1,360,276.85,120,0,17360
FINNIFTY02JAN2421150CE.NFO,02/01/2024,09:21:47,285.5,275.3,360,276.1,720,0,17360
FINNIFTY02JAN2421150CE.NFO,02/01/2024,09:21:49,285.5,275.7,360,276.45,120,0,17360
FINNIFTY02JAN2421150CE.NFO,02/01/2024,09:21:51,285.5,275.5,360,276.25,120,0,17360
FINNIFTY02JAN2421150CE.NFO,02/01/2024,09:21:52,285.5,275.75,360,276.45,120,0,17360
FINNIFTY02JAN2421150CE.NFO,02/01/2024,09:21:54,285.5,275.65,280,276.35,200,0,17360
FINNIFTY02JAN2421150CE.NFO,02/01/2024,09:21:56,285.5,276.9,360,277.65,120,0,17360
FINNIFTY02JAN2421150CE.NFO,02/01/2024,09:21:57,285.5,277.45,360,278.25,600,0,17360
FINNIFTY02JAN2421150CE.NFO,02/01/2024,09:21:59,285.5,278.5,360,279.35,640,0,17360
FINNIFTY02JAN2421150CE.NFO,02/01/2024,09:22:01,285.5,277.05,200,278.1,160,0,17360
FINNIFTY02JAN2421150CE.NFO,02/01/2024,09:22:02,285.5,277,120,277.95,120,0,17360
FINNIFTY02JAN2421150CE.NFO,02/01/2024,09:22:04,285.5,276.35,120,277.55,240,0,17360
FINNIFTY02JAN2421150CE.NFO,02/01/2024,09:22:06,285.5,276.4,120,277.3,240,0,17360
FINNIFTY02JAN2421150CE.NFO,02/01/2024,09:22:07,285.5,275.7,120,276.6,40,0,17360
FINNIFTY02JAN2421150CE.NFO,02/01/2024,09:22:09,285.5,275.7,360,276.55,640,0,17360
FINNIFTY02JAN2421150CE.NFO,02/01/2024,09:22:11,285.5,275.85,120,276.6,160,0,17360
FINNIFTY02JAN2421150CE.NFO,02/01/2024,09:22:12,285.5,275.95,360,276.7,160,0,17360
FINNIFTY02JAN2421150CE.NFO,02/01/2024,09:22:14,285.5,276.1,400,276.95,720,0,17360
FINNIFTY02JAN2421150CE.NFO,02/01/2024,09:22:16,285.5,274.8,360,275.6,640,0,17360
FINNIFTY02JAN2421150CE.NFO,02/01/2024,09:22:17,285.5,273.75,360,274.45,120,0,17360
FINNIFTY02JAN2421150CE.NFO,02/01/2024,09:22:19,285.5,274.8,360,275.65,720,0,17360
FINNIFTY02JAN2421150CE.NFO,02/01/2024,09:22:21,285.5,273.8,360,274.6,200,0,17360
FINNIFTY02JAN2421150CE.NFO,02/01/2024,09:22:22,285.5,273.7,280,274.4,120,0,17360
FINNIFTY02JAN2421150CE.NFO,02/01/2024,09:22:24,285.5,272.8,360,273.55,120,0,17360
FINNIFTY02JAN2421150CE.NFO,02/01/2024,09:22:26,285.5,272.3,280,273.05,40,0,17360
FINNIFTY02JAN2421150CE.NFO,02/01/2024,09:22:27,285.5,270.95,320,271.75,680,0,17360
FINNIFTY02JAN2421150CE.NFO,02/01/2024,09:22:29,285.5,270.05,360,270.8,120,0,17360
FINNIFTY02JAN2421150CE.NFO,02/01/2024,09:22:31,285.5,270.9,280,271.7,560,0,17360
FINNIFTY02JAN2421150CE.NFO,02/01/2024,09:22:32,285.5,270.95,360,271.7,680,0,17360
FINNIFTY02JAN2421150CE.NFO,02/01/2024,09:22:34,285.5,269.55,280,270.2,280,0,17360
FINNIFTY02JAN2421150CE.NFO,02/01/2024,09:22:36,285.5,268.35,360,268.9,40,0,17360
FINNIFTY02JAN2421150CE.NFO,02/01/2024,09:22:37,285.5,268.95,280,269.8,560,0,17360
FINNIFTY02JAN2421150CE.NFO,02/01/2024,09:22:39,285.5,269.1,360,269.9,640,0,17360
FINNIFTY02JAN2421150CE.NFO,02/01/2024,09:22:41,285.5,269.05,280,269.8,120,0,17360
FINNIFTY02JAN2421150CE.NFO,02/01/2024,09:22:42,285.5,269.3,280,270.1,640,0,17360
FINNIFTY02JAN2421150CE.NFO,02/01/2024,09:22:44,285.5,269.25,280,269.95,120,0,17360
FINNIFTY02JAN2421150CE.NFO,02/01/2024,09:22:46,285.5,270.05,360,270.85,560,0,17360
FINNIFTY02JAN2421150CE.NFO,02/01/2024,09:22:47,285.5,270.05,360,270.75,40,0,17360
FINNIFTY02JAN2421150CE.NFO,02/01/2024,09:22:49,285.5,268.95,360,269.75,640,0,17360
FINNIFTY02JAN2421150CE.NFO,02/01/2024,09:22:51,285.5,270.35,360,271.15,120,0,17360
FINNIFTY02JAN2421150CE.NFO,02/01/2024,09:22:52,285.5,271.45,280,272.15,120,0,17360
FINNIFTY02JAN2421150CE.NFO,02/01/2024,09:22:54,285.5,270.5,280,271.3,640,0,17360
FINNIFTY02JAN2421150CE.NFO,02/01/2024,09:22:56,285.5,270.65,360,271.45,640,0,17360
FINNIFTY02JAN2421150CE.NFO,02/01/2024,09:22:58,285.5,272,360,272.8,640,0,17360
FINNIFTY02JAN2421150CE.NFO,02/01/2024,09:22:59,285.5,271.5,280,272.3,640,0,17360
FINNIFTY02JAN2421150CE.NFO,02/01/2024,09:23:01,285.5,271.5,360,272.25,120,0,17360
FINNIFTY02JAN2421150CE.NFO,02/01/2024,09:23:03,285.5,270.85,280,271.6,120,0,17360
FINNIFTY02JAN2421150CE.NFO,02/01/2024,09:23:04,285.5,272,360,272.75,680,0,17360
FINNIFTY02JAN2421150CE.NFO,02/01/2024,09:23:06,285.5,273.05,360,273.7,120,0,17360
FINNIFTY02JAN2421150CE.NFO,02/01/2024,09:23:08,285.5,275.55,360,276.1,40,0,17360
FINNIFTY02JAN2421150CE.NFO,02/01/2024,09:23:09,285.5,275,360,275.8,640,0,17360
FINNIFTY02JAN2421150CE.NFO,02/01/2024,09:23:11,285.5,274.3,280,275.05,640,0,17360
FINNIFTY02JAN2421150CE.NFO,02/01/2024,09:23:13,285.5,274,360,274.85,120,0,17360
FINNIFTY02JAN2421150CE.NFO,02/01/2024,09:23:14,285.5,274.9,280,275.65,120,0,17360
FINNIFTY02JAN2421150CE.NFO,02/01/2024,09:23:16,275.7,275.05,360,275.85,680,40,17360
FINNIFTY02JAN2421150CE.NFO,02/01/2024,09:23:18,275.7,276.65,360,277.35,200,0,17360
FINNIFTY02JAN2421150CE.NFO,02/01/2024,09:23:19,275.5,275.2,360,276,640,40,17360
FINNIFTY02JAN2421150CE.NFO,02/01/2024,09:23:21,275.5,274.85,360,275.6,640,0,17360
FINNIFTY02JAN2421150CE.NFO,02/01/2024,09:23:23,275.5,275.25,120,275.95,160,0,17360
FINNIFTY02JAN2421150CE.NFO,02/01/2024,09:23:24,275.5,275.25,240,275.9,160,0,17360
FINNIFTY02JAN2421150CE.NFO,02/01/2024,09:23:26,275.5,274.65,320,275.4,640,0,17360
FINNIFTY02JAN2421150CE.NFO,02/01/2024,09:23:28,275.5,274.25,320,274.95,160,0,17360
FINNIFTY02JAN2421150CE.NFO,02/01/2024,09:23:29,275.5,272.65,240,273.3,120,0,17360
FINNIFTY02JAN2421150CE.NFO,02/01/2024,09:23:31,275.5,272.95,320,273.6,120,0,17360
FINNIFTY02JAN2421150CE.NFO,02/01/2024,09:23:33,275.35,274.75,320,275.55,320,3600,19080
FINNIFTY02JAN2421150CE.NFO,02/01/2024,09:23:34,275.15,274.4,640,275.15,600,4800,19080
FINNIFTY02JAN2421150CE.NFO,02/01/2024,09:23:36,275.15,274.8,640,275.6,680,0,19080
FINNIFTY02JAN2421150CE.NFO,02/01/2024,09:23:38,275.15,275.4,160,276.25,40,0,19080
FINNIFTY02JAN2421150CE.NFO,02/01/2024,09:23:39,275.15,275.55,560,276.25,120,0,19080
FINNIFTY02JAN2421150CE.NFO,02/01/2024,09:23:41,275.15,274.85,560,275.65,560,0,19080
FINNIFTY02JAN2421150CE.NFO,02/01/2024,09:23:43,275.15,274.3,640,275,720,0,19080
FINNIFTY02JAN2421150CE.NFO,02/01/2024,09:23:44,275.15,274.85,680,275.6,80,0,19080
FINNIFTY02JAN2421150CE.NFO,02/01/2024,09:23:46,275.15,274.55,640,275.25,120,0,19080
FINNIFTY02JAN2421150CE.NFO,02/01/2024,09:23:48,275.15,272.85,640,273.6,80,0,19080
FINNIFTY02JAN2421150CE.NFO,02/01/2024,09:23:49,275.15,272.8,640,273.5,120,0,19080
FINNIFTY02JAN2421150CE.NFO,02/01/2024,09:23:51,275.15,272.7,640,273.5,640,0,19080
FINNIFTY02JAN2421150CE.NFO,02/01/2024,09:23:53,275.15,273.9,640,274.6,160,0,19080
FINNIFTY02JAN2421150CE.NFO,02/01/2024,09:23:54,275.15,272.65,40,273.4,640,0,19080
FINNIFTY02JAN2421150CE.NFO,02/01/2024,09:23:56,275.15,272.35,640,273.1,120,0,19080
FINNIFTY02JAN2421150CE.NFO,02/01/2024,09:23:58,275.15,271.5,640,272.25,640,0,19080
FINNIFTY02JAN2421150CE.NFO,02/01/2024,09:23:59,275.15,270.95,560,271.75,560,0,19080
FINNIFTY02JAN2421150CE.NFO,02/01/2024,09:24:01,275.15,270.1,680,270.9,720,0,19080
FINNIFTY02JAN2421150CE.NFO,02/01/2024,09:24:03,275.15,269.6,680,270.45,680,0,19080
FINNIFTY02JAN2421150CE.NFO,02/01/2024,09:24:04,275.15,270.85,640,271.55,80,0,19080
FINNIFTY02JAN2421150CE.NFO,02/01/2024,09:24:06,275.15,272.05,640,272.8,120,0,19080
FINNIFTY02JAN2421150CE.NFO,02/01/2024,09:24:08,275.15,271.45,640,272.25,640,0,19080
FINNIFTY02JAN2421150CE.NFO,02/01/2024,09:24:09,275.15,271.7,640,272.45,640,0,19080
FINNIFTY02JAN2421150CE.NFO,02/01/2024,09:24:11,275.15,272.9,640,273.7,160,0,19080
FINNIFTY02JAN2421150CE.NFO,02/01/2024,09:24:13,275.15,273.2,640,273.95,640,0,19080
FINNIFTY02JAN2421150CE.NFO,02/01/2024,09:24:14,275.15,273.25,640,274.05,680,0,19080
FINNIFTY02JAN2421150CE.NFO,02/01/2024,09:24:16,275.15,271.55,680,272.3,560,0,19080
FINNIFTY02JAN2421150CE.NFO,02/01/2024,09:24:18,275.15,271.45,560,272.25,40,0,19080
FINNIFTY02JAN2421150CE.NFO,02/01/2024,09:24:19,275.15,270.85,640,271.65,640,0,19080
FINNIFTY02JAN2421150CE.NFO,02/01/2024,09:24:21,275.15,269.95,640,270.75,640,0,19080
FINNIFTY02JAN2421150CE.NFO,02/01/2024,09:24:23,275.15,269.55,640,270.25,720,0,19080
FINNIFTY02JAN2421150CE.NFO,02/01/2024,09:24:24,275.15,268.7,640,269.5,360,0,19080
FINNIFTY02JAN2421150CE.NFO,02/01/2024,09:24:26,275.15,269.15,560,269.85,120,0,19080
FINNIFTY02JAN2421150CE.NFO,02/01/2024,09:24:28,275.15,269.35,640,270.05,40,0,19080
FINNIFTY02JAN2421150CE.NFO,02/01/2024,09:24:29,275.15,269.1,640,269.8,120,0,19080
FINNIFTY02JAN2421150CE.NFO,02/01/2024,09:24:31,275.15,269.15,640,269.9,200,0,19080
FINNIFTY02JAN2421150CE.NFO,02/01/2024,09:24:33,269.4,269.25,560,270,80,40,19080
FINNIFTY02JAN2421150CE.NFO,02/01/2024,09:24:34,268.7,268.75,640,269.4,40,40,19080
FINNIFTY02JAN2421150CE.NFO,02/01/2024,09:24:36,268.7,269.2,640,269.8,40,0,19080
FINNIFTY02JAN2421150CE.NFO,02/01/2024,09:24:38,268.7,271.15,640,271.85,80,0,19080
FINNIFTY02JAN2421150CE.NFO,02/01/2024,09:24:39,268.7,270.55,640,271.3,640,0,19080
FINNIFTY02JAN2421150CE.NFO,02/01/2024,09:24:41,268.7,270.8,640,271.6,680,0,19080
FINNIFTY02JAN2421150CE.NFO,02/01/2024,09:24:43,268.7,271.45,640,272.2,80,0,19080
FINNIFTY02JAN2421150CE.NFO,02/01/2024,09:24:44,268.7,271.05,720,271.8,640,0,19080
FINNIFTY02JAN2421150CE.NFO,02/01/2024,09:24:46,268.7,271.65,640,272.35,120,0,19080
FINNIFTY02JAN2421150CE.NFO,02/01/2024,09:24:48,268.7,271.7,680,272.45,40,0,19080
FINNIFTY02JAN2421150CE.NFO,02/01/2024,09:24:49,268.7,273,640,273.65,40,0,19080
FINNIFTY02JAN2421150CE.NFO,02/01/2024,09:24:51,268.7,272.45,600,273.2,120,0,19080
FINNIFTY02JAN2421150CE.NFO,02/01/2024,09:24:53,268.7,271.8,640,272.5,40,0,19080
FINNIFTY02JAN2421150CE.NFO,02/01/2024,09:24:54,268.7,270.9,40,271.5,40,0,19080
FINNIFTY02JAN2421150CE.NFO,02/01/2024,09:24:56,268.7,269.65,640,270.25,80,0,19080
FINNIFTY02JAN2421150CE.NFO,02/01/2024,09:24:58,268.7,269.6,560,270.3,80,0,19080
FINNIFTY02JAN2421150CE.NFO,02/01/2024,09:24:59,268.7,269.2,640,269.9,120,0,19080
FINNIFTY02JAN2421150CE.NFO,02/01/2024,09:25:01,268.7,268.5,680,269.3,120,0,19080
FINNIFTY02JAN2421150CE.NFO,02/01/2024,09:25:03,268.7,270.15,560,270.9,640,0,19080
FINNIFTY02JAN2421150CE.NFO,02/01/2024,09:25:04,268.7,269.35,560,270.15,640,0,19080
FINNIFTY02JAN2421150CE.NFO,02/01/2024,09:25:06,268.7,269.25,560,270,40,0,19080
FINNIFTY02JAN2421150CE.NFO,02/01/2024,09:25:08,268.7,270.75,640,271.55,640,0,19080
FINNIFTY02JAN2421150CE.NFO,02/01/2024,09:25:10,268.7,269.7,680,270.45,120,0,19080
FINNIFTY02JAN2421150CE.NFO,02/01/2024,09:25:11,268.7,268.95,640,269.65,160,0,19080
FINNIFTY02JAN2421150CE.NFO,02/01/2024,09:25:13,268.7,269.25,640,269.85,80,0,19080
FINNIFTY02JAN2421150CE.NFO,02/01/2024,09:25:15,268.7,269,120,269.8,640,0,19080
FINNIFTY02JAN2421150CE.NFO,02/01/2024,09:25:16,268.7,268.8,640,269.4,40,0,19080
FINNIFTY02JAN2421150CE.NFO,02/01/2024,09:25:18,268.7,269.2,640,269.8,40,0,19080
FINNIFTY02JAN2421150CE.NFO,02/01/2024,09:25:20,268.7,269.4,40,270.05,680,0,19080
FINNIFTY02JAN2421150CE.NFO,02/01/2024,09:25:21,268.7,270.55,640,271.25,120,0,19080
FINNIFTY02JAN2421150CE.NFO,02/01/2024,09:25:23,271,270.35,120,271.1,640,40,19080
FINNIFTY02JAN2421150CE.NFO,02/01/2024,09:25:25,271,270.25,120,270.85,120,0,19080
FINNIFTY02JAN2421150CE.NFO,02/01/2024,09:25:26,271,270.85,40,271.45,120,0,19080
FINNIFTY02JAN2421150CE.NFO,02/01/2024,09:25:28,271,271.7,640,272.4,120,0,19080
FINNIFTY02JAN2421150CE.NFO,02/01/2024,09:25:30,271,271.95,640,272.65,40,0,19080
FINNIFTY02JAN2421150CE.NFO,02/01/2024,09:25:31,271,272.45,640,273.1,40,0,19080
FINNIFTY02JAN2421150CE.NFO,02/01/2024,09:25:33,271,273.6,120,274.35,640,0,19080
FINNIFTY02JAN2421150CE.NFO,02/01/2024,09:25:35,271,274.2,80,274.9,120,0,19080
FINNIFTY02JAN2421150CE.NFO,02/01/2024,09:25:36,271,274.55,640,275.3,120,0,19080
FINNIFTY02JAN2421150CE.NFO,02/01/2024,09:25:38,271,273.8,720,274.7,40,0,19080
FINNIFTY02JAN2421150CE.NFO,02/01/2024,09:25:40,271,272.6,640,273.35,120,0,19080
FINNIFTY02JAN2421150CE.NFO,02/01/2024,09:25:41,271,273.15,640,273.9,80,0,19080
FINNIFTY02JAN2421150CE.NFO,02/01/2024,09:25:43,271,273.95,640,274.7,40,0,19080
FINNIFTY02JAN2421150CE.NFO,02/01/2024,09:25:45,271,273.35,640,274.1,680,0,19080
FINNIFTY02JAN2421150CE.NFO,02/01/2024,09:25:46,271,273.15,640,273.75,120,0,19080
FINNIFTY02JAN2421150CE.NFO,02/01/2024,09:25:48,271,273.2,640,273.95,640,0,19080
FINNIFTY02JAN2421150CE.NFO,02/01/2024,09:25:50,271,271.9,120,272.5,120,0,19080
FINNIFTY02JAN2421150CE.NFO,02/01/2024,09:25:51,271,272.45,640,273,40,0,19080
FINNIFTY02JAN2421150CE.NFO,02/01/2024,09:25:53,271,272.55,640,273.2,40,0,19080
FINNIFTY02JAN2421150CE.NFO,02/01/2024,09:25:55,271,274.75,640,275.45,680,0,19080
FINNIFTY02JAN2421150CE.NFO,02/01/2024,09:25:56,271,275.25,640,275.95,680,0,19080
FINNIFTY02JAN2421150CE.NFO,02/01/2024,09:25:58,271,275.75,640,276.55,120,0,19080
FINNIFTY02JAN2421150CE.NFO,02/01/2024,09:26:00,271,276.05,560,276.65,120,0,19080
FINNIFTY02JAN2421150CE.NFO,02/01/2024,09:26:01,271,277.4,640,278.1,120,0,19080
FINNIFTY02JAN2421150CE.NFO,02/01/2024,09:26:03,271,276.5,640,276.9,80,0,19080
FINNIFTY02JAN2421150CE.NFO,02/01/2024,09:26:05,276.9,276.3,640,277.05,120,80,19080
FINNIFTY02JAN2421150CE.NFO,02/01/2024,09:26:06,276.9,277.15,640,277.9,120,0,19080
FINNIFTY02JAN2421150CE.NFO,02/01/2024,09:26:08,276.9,276.2,640,276.9,120,0,19080
FINNIFTY02JAN2421150CE.NFO,02/01/2024,09:26:10,276.9,276.4,680,277.15,640,0,19080
FINNIFTY02JAN2421150CE.NFO,02/01/2024,09:26:11,276.9,276.35,640,277.05,40,0,19080
FINNIFTY02JAN2421150CE.NFO,02/01/2024,09:26:13,276.9,276.8,640,277.5,120,0,19080
FINNIFTY02JAN2421150CE.NFO,02/01/2024,09:26:15,280.3,279.95,200,280.85,120,120,19080
FINNIFTY02JAN2421150CE.NFO,02/01/2024,09:26:16,302.65,301.5,40,303,40,9920,19080
FINNIFTY02JAN2421150CE.NFO,02/01/2024,09:26:16,335.7,301.5,40,303,40,0,19080
FINNIFTY02JAN2421150CE.NFO,02/01/2024,09:26:18,291.6,292.1,80,294.35,160,2160,19080
FINNIFTY02JAN2421150CE.NFO,02/01/2024,09:26:20,295.8,293.25,320,295.4,200,160,19080
FINNIFTY02JAN2421150CE.NFO,02/01/2024,09:26:21,296.9,294.55,240,295.35,40,80,19080
FINNIFTY02JAN2421150CE.NFO,02/01/2024,09:26:23,296.9,293.95,40,295.15,120,0,19080
FINNIFTY02JAN2421150CE.NFO,02/01/2024,09:26:25,296.9,292.85,360,293.75,80,0,19080
FINNIFTY02JAN2421150CE.NFO,02/01/2024,09:26:26,296.9,291.75,40,292.45,80,0,19080
FINNIFTY02JAN2421150CE.NFO,02/01/2024,09:26:28,296.9,293,360,293.75,120,0,19080
FINNIFTY02JAN2421150CE.NFO,02/01/2024,09:26:30,300,299.75,80,300.8,80,120,16320
FINNIFTY02JAN2421150CE.NFO,02/01/2024,09:26:31,300.2,300.95,120,301.9,40,120,16320
FINNIFTY02JAN2421150CE.NFO,02/01/2024,09:26:33,299.5,298.35,320,299.15,160,40,16320
FINNIFTY02JAN2421150CE.NFO,02/01/2024,09:26:34,299.5,298.3,120,299.45,720,0,16320
FINNIFTY02JAN2421150CE.NFO,02/01/2024,09:26:36,299.5,299.05,120,299.8,160,0,16320
FINNIFTY02JAN2421150CE.NFO,02/01/2024,09:26:38,305,304.15,40,305.7,480,80,16320
FINNIFTY02JAN2421150CE.NFO,02/01/2024,09:26:39,311.45,309.9,280,311.5,40,240,16320
FINNIFTY02JAN2421150CE.NFO,02/01/2024,09:26:41,311.45,309.8,120,311.3,120,0,16320
FINNIFTY02JAN2421150CE.NFO,02/01/2024,09:26:43,310.45,310.35,40,311.2,40,40,16320
FINNIFTY02JAN2421150CE.NFO,02/01/2024,09:26:44,310.45,315.65,120,316.9,160,0,16320
FINNIFTY02JAN2421150CE.NFO,02/01/2024,09:26:46,315.55,316.85,80,318.15,80,40,16320
FINNIFTY02JAN2421150CE.NFO,02/01/2024,09:26:48,315.55,316.1,80,317.45,560,0,16320
FINNIFTY02JAN2421150CE.NFO,02/01/2024,09:26:49,315.55,313.95,280,314.95,80,0,16320
FINNIFTY02JAN2421150CE.NFO,02/01/2024,09:26:51,316.3,316.65,120,317.9,120,120,16320
FINNIFTY02JAN2421150CE.NFO,02/01/2024,09:26:53,316.3,313.85,160,315.05,40,0,16320
FINNIFTY02JAN2421150CE.NFO,02/01/2024,09:26:54,316.3,310.9,400,312.4,40,0,16320
FINNIFTY02JAN2421150CE.NFO,02/01/2024,09:26:56,316.3,310.7,120,311.6,640,0,16320
FINNIFTY02JAN2421150CE.NFO,02/01/2024,09:26:58,316.3,307.95,120,308.95,640,0,16320
FINNIFTY02JAN2421150CE.NFO,02/01/2024,09:26:59,316.3,307.4,120,308.4,120,0,16320
FINNIFTY02JAN2421150CE.NFO,02/01/2024,09:27:01,316.3,311.65,200,313.05,120,0,16320
FINNIFTY02JAN2421150CE.NFO,02/01/2024,09:27:03,316.3,312.25,120,313.1,80,0,16320
FINNIFTY02JAN2421150CE.NFO,02/01/2024,09:27:04,311.55,311.25,120,312.3,560,40,16320
FINNIFTY02JAN2421150CE.NFO,02/01/2024,09:27:06,311.55,310.35,160,311.6,640,0,16320
FINNIFTY02JAN2421150CE.NFO,02/01/2024,09:27:08,311.55,314.4,200,316,40,0,16320
FINNIFTY02JAN2421150CE.NFO,02/01/2024,09:27:09,311.55,313.35,120,314.55,80,0,16320
FINNIFTY02JAN2421150CE.NFO,02/01/2024,09:27:11,311.55,310.55,40,311.4,640,0,16320
FINNIFTY02JAN2421150CE.NFO,02/01/2024,09:27:13,311.55,312.55,120,313.4,640,0,16320
FINNIFTY02JAN2421150CE.NFO,02/01/2024,09:27:14,311.55,310.55,40,311.4,640,0,16320
FINNIFTY02JAN2421150CE.NFO,02/01/2024,09:27:16,311.55,309.1,40,310,640,0,16320
FINNIFTY02JAN2421150CE.NFO,02/01/2024,09:27:18,311.55,310.1,80,310.85,560,0,16320
FINNIFTY02JAN2421150CE.NFO,02/01/2024,09:27:20,311.55,309,40,310.1,640,0,16320
FINNIFTY02JAN2421150CE.NFO,02/01/2024,09:27:21,311.55,309.75,480,310.8,160,0,16320
FINNIFTY02JAN2421150CE.NFO,02/01/2024,09:27:23,311.55,310.6,120,311.5,640,0,16320
FINNIFTY02JAN2421150CE.NFO,02/01/2024,09:27:25,311.55,310.05,40,310.8,640,0,16320
FINNIFTY02JAN2421150CE.NFO,02/01/2024,09:27:26,311.55,306.6,80,307.55,640,0,16320
FINNIFTY02JAN2421150CE.NFO,02/01/2024,09:27:28,311.55,306.15,120,307,640,0,16320
FINNIFTY02JAN2421150CE.NFO,02/01/2024,09:27:30,311.55,306.25,120,307.1,680,0,16320
FINNIFTY02JAN2421150CE.NFO,02/01/2024,09:27:31,311.55,305.35,200,306.2,640,0,16320
FINNIFTY02JAN2421150CE.NFO,02/01/2024,09:27:33,311.55,305,120,305.95,640,0,16320
FINNIFTY02JAN2421150CE.NFO,02/01/2024,09:27:35,311.55,305.45,160,306.8,120,0,16320
FINNIFTY02JAN2421150CE.NFO,02/01/2024,09:27:36,311.55,308.6,120,309.4,40,0,16320
FINNIFTY02JAN2421150CE.NFO,02/01/2024,09:27:38,311.55,307.85,40,308.75,640,0,16320
FINNIFTY02JAN2421150CE.NFO,02/01/2024,09:27:40,311.55,307.4,40,308.2,120,0,16320
FINNIFTY02JAN2421150CE.NFO,02/01/2024,09:27:41,311.55,307.6,120,308.65,320,0,16320
FINNIFTY02JAN2421150CE.NFO,02/01/2024,09:27:43,311.55,308.8,120,309.65,640,0,16320
FINNIFTY02JAN2421150CE.NFO,02/01/2024,09:27:45,311.55,307.4,400,308.2,560,0,16320
FINNIFTY02JAN2421150CE.NFO,02/01/2024,09:27:46,311.55,306.65,120,307.5,640,0,16320
FINNIFTY02JAN2421150CE.NFO,02/01/2024,09:27:48,311.55,307.35,40,308.2,640,0,16320
FINNIFTY02JAN2421150CE.NFO,02/01/2024,09:27:50,311.55,309.25,120,310.05,680,0,16320
FINNIFTY02JAN2421150CE.NFO,02/01/2024,09:27:51,311.55,310.5,40,311.3,640,0,16320
FINNIFTY02JAN2421150CE.NFO,02/01/2024,09:27:53,316,315.25,360,316.4,80,120,16320
FINNIFTY02JAN2421150CE.NFO,02/01/2024,09:27:55,315.3,315.2,120,316.55,360,40,16320
FINNIFTY02JAN2421150CE.NFO,02/01/2024,09:27:56,315.3,316.2,200,317.25,120,0,16320
FINNIFTY02JAN2421150CE.NFO,02/01/2024,09:27:58,322.1,321.65,120,323.15,80,1400,16320
FINNIFTY02JAN2421150CE.NFO,02/01/2024,09:28:00,323,321.75,200,323.05,40,1640,16320
FINNIFTY02JAN2421150CE.NFO,02/01/2024,09:28:01,323,321,200,322.4,40,0,16320
FINNIFTY02JAN2421150CE.NFO,02/01/2024,09:28:03,324.9,324.55,480,325.9,200,40,16320
FINNIFTY02JAN2421150CE.NFO,02/01/2024,09:28:05,324.75,324.05,400,325.4,440,80,16320
FINNIFTY02JAN2421150CE.NFO,02/01/2024,09:28:06,324.75,321,40,322.1,40,0,16320
FINNIFTY02JAN2421150CE.NFO,02/01/2024,09:28:08,324.75,320.85,280,321.95,560,0,16320
FINNIFTY02JAN2421150CE.NFO,02/01/2024,09:28:10,320.25,319.6,360,320.6,240,40,16320
FINNIFTY02JAN2421150CE.NFO,02/01/2024,09:28:11,320.25,320.45,360,321.3,560,0,16320
FINNIFTY02JAN2421150CE.NFO,02/01/2024,09:28:13,320.25,319.1,80,319.95,40,0,16320
FINNIFTY02JAN2421150CE.NFO,02/01/2024,09:28:15,320.25,318.45,440,319.6,40,0,16320
FINNIFTY02JAN2421150CE.NFO,02/01/2024,09:28:16,320.25,318.8,200,319.85,40,0,16320
FINNIFTY02JAN2421150CE.NFO,02/01/2024,09:28:18,320.25,317.55,480,318.8,40,0,16320
FINNIFTY02JAN2421150CE.NFO,02/01/2024,09:28:20,320.25,316.55,160,317.55,40,0,16320
FINNIFTY02JAN2421150CE.NFO,02/01/2024,09:28:21,320.25,318.8,280,320,560,0,16320
FINNIFTY02JAN2421150CE.NFO,02/01/2024,09:28:23,318.75,319.2,480,320.1,560,40,16320
FINNIFTY02JAN2421150CE.NFO,02/01/2024,09:28:25,322.85,322.25,40,323.5,40,80,16320
FINNIFTY02JAN2421150CE.NFO,02/01/2024,09:28:26,322.85,321.25,80,322.05,560,0,16320
FINNIFTY02JAN2421150CE.NFO,02/01/2024,09:28:28,322.85,319.95,520,320.8,560,0,16320
FINNIFTY02JAN2421150CE.NFO,02/01/2024,09:28:30,322.85,321.55,480,322.6,80,0,16320
FINNIFTY02JAN2421150CE.NFO,02/01/2024,09:28:31,322.85,319.75,520,320.6,560,0,16320
FINNIFTY02JAN2421150CE.NFO,02/01/2024,09:28:33,322.85,317.8,440,318.65,640,0,16320
FINNIFTY02JAN2421150CE.NFO,02/01/2024,09:28:35,322.85,316.7,520,317.6,560,0,16320
FINNIFTY02JAN2421150CE.NFO,02/01/2024,09:28:36,322.85,315.6,200,316.8,560,0,16320
FINNIFTY02JAN2421150CE.NFO,02/01/2024,09:28:38,322.85,314.9,480,316.2,40,0,16320
FINNIFTY02JAN2421150CE.NFO,02/01/2024,09:28:40,322.85,315.6,520,316.45,560,0,16320
FINNIFTY02JAN2421150CE.NFO,02/01/2024,09:28:41,322.85,316.05,560,316.95,560,0,16320
FINNIFTY02JAN2421150CE.NFO,02/01/2024,09:28:43,322.85,315.5,440,316.35,560,0,16320
FINNIFTY02JAN2421150CE.NFO,02/01/2024,09:28:45,322.85,315.85,520,316.7,560,0,16320
FINNIFTY02JAN2421150CE.NFO,02/01/2024,09:28:46,322.85,317.55,200,318.65,40,0,16320
FINNIFTY02JAN2421150CE.NFO,02/01/2024,09:28:48,317.1,316.85,520,317.7,40,80,16320
FINNIFTY02JAN2421150CE.NFO,02/01/2024,09:28:50,317.1,316.5,520,317.35,600,0,16320
FINNIFTY02JAN2421150CE.NFO,02/01/2024,09:28:51,317.1,316.85,520,317.7,560,0,16320
FINNIFTY02JAN2421150CE.NFO,02/01/2024,09:28:53,317.1,316.2,520,317.05,640,0,16320
FINNIFTY02JAN2421150CE.NFO,02/01/2024,09:28:55,317.1,315.05,440,315.85,960,0,16320
FINNIFTY02JAN2421150CE.NFO,02/01/2024,09:28:56,317.1,314.9,520,315.7,560,0,16320
FINNIFTY02JAN2421150CE.NFO,02/01/2024,09:28:58,317.1,314.45,520,315.3,600,0,16320
FINNIFTY02JAN2421150CE.NFO,02/01/2024,09:29:00,314.05,312.8,40,314.1,1120,40,16320
FINNIFTY02JAN2421150CE.NFO,02/01/2024,09:29:01,314.05,313.25,520,314.2,40,0,16320
FINNIFTY02JAN2421150CE.NFO,02/01/2024,09:29:03,314.05,311.55,1240,312.45,560,0,16320
FINNIFTY02JAN2421150CE.NFO,02/01/2024,09:29:05,310.75,311.75,560,312.75,120,840,16320
FINNIFTY02JAN2421150CE.NFO,02/01/2024,09:29:06,310.75,311.7,80,312.95,40,0,16320
FINNIFTY02JAN2421150CE.NFO,02/01/2024,09:29:08,310.75,311,560,311.85,560,0,16320
FINNIFTY02JAN2421150CE.NFO,02/01/2024,09:29:10,310.75,311.3,120,312.35,120,0,16320
FINNIFTY02JAN2421150CE.NFO,02/01/2024,09:29:11,310.75,313.3,40,314.3,40,0,16320
FINNIFTY02JAN2421150CE.NFO,02/01/2024,09:29:13,310.75,313.8,80,314.95,80,0,16320
FINNIFTY02JAN2421150CE.NFO,02/01/2024,09:29:15,310.75,312.95,640,313.75,240,0,16320
FINNIFTY02JAN2421150CE.NFO,02/01/2024,09:29:16,310.75,312.15,640,312.95,560,0,16320
FINNIFTY02JAN2421150CE.NFO,02/01/2024,09:29:18,310.75,311.6,640,312.35,40,0,16320
FINNIFTY02JAN2421150CE.NFO,02/01/2024,09:29:20,311.5,310.65,640,311.5,520,40,16320
FINNIFTY02JAN2421150CE.NFO,02/01/2024,09:29:21,311.5,310.7,640,311.55,560,0,16320
FINNIFTY02JAN2421150CE.NFO,02/01/2024,09:29:23,311.5,310.45,640,311.2,560,0,16320
FINNIFTY02JAN2421150CE.NFO,02/01/2024,09:29:25,311.5,311.6,640,312.45,560,0,16320
FINNIFTY02JAN2421150CE.NFO,02/01/2024,09:29:26,311.5,309.6,560,310.45,600,0,16320
FINNIFTY02JAN2421150CE.NFO,02/01/2024,09:29:28,311.5,309.05,560,309.9,560,0,16320
FINNIFTY02JAN2421150CE.NFO,02/01/2024,09:29:30,311.5,310.6,400,311.4,560,0,16320
FINNIFTY02JAN2421150CE.NFO,02/01/2024,09:29:31,311.5,310.95,560,311.7,560,0,16320
FINNIFTY02JAN2421150CE.NFO,02/01/2024,09:29:33,311.5,310.2,560,311.05,560,0,16320
FINNIFTY02JAN2421150CE.NFO,02/01/2024,09:29:35,311.5,311.4,280,312.5,40,0,16320
FINNIFTY02JAN2421150CE.NFO,02/01/2024,09:29:36,311.5,312.85,560,313.65,560,0,16320
FINNIFTY02JAN2421150CE.NFO,02/01/2024,09:29:38,311.5,313.65,640,314.5,560,0,16320
FINNIFTY02JAN2421150CE.NFO,02/01/2024,09:29:40,311.5,313.55,560,314.35,40,0,16320
FINNIFTY02JAN2421150CE.NFO,02/01/2024,09:29:41,311.5,313.35,400,314.1,560,0,16320
FINNIFTY02JAN2421150CE.NFO,02/01/2024,09:29:43,311.5,311.9,640,312.85,560,0,16320
FINNIFTY02JAN2421150CE.NFO,02/01/2024,09:29:45,311.5,312,640,312.8,560,0,16320
FINNIFTY02JAN2421150CE.NFO,02/01/2024,09:29:46,311.5,311.25,640,312.05,560,0,16320
FINNIFTY02JAN2421150CE.NFO,02/01/2024,09:29:48,311.5,310.9,640,311.75,560,0,16320
FINNIFTY02JAN2421150CE.NFO,02/01/2024,09:29:50,311.5,311.95,560,312.8,560,0,16320
FINNIFTY02JAN2421150CE.NFO,02/01/2024,09:29:51,311.5,312.4,640,313.2,560,0,16320
FINNIFTY02JAN2421150CE.NFO,02/01/2024,09:29:53,312.4,312.85,120,313.6,560,40,16120
FINNIFTY02JAN2421150CE.NFO,02/01/2024,09:29:55,312.4,312.3,560,313.15,560,0,16120
FINNIFTY02JAN2421150CE.NFO,02/01/2024,09:29:56,312.4,311.85,640,312.7,560,0,16120
FINNIFTY02JAN2421150CE.NFO,02/01/2024,09:29:58,312.4,311.25,560,312.1,560,0,16120
FINNIFTY02JAN2421150CE.NFO,02/01/2024,09:30:00,312.4,312,560,312.8,560,0,16120
FINNIFTY02JAN2421150CE.NFO,02/01/2024,09:30:01,312.4,313.95,200,315.05,80,0,16120
FINNIFTY02JAN2421150CE.NFO,02/01/2024,09:30:03,312.4,310.6,640,311.45,560,0,16120
FINNIFTY02JAN2421150CE.NFO,02/01/2024,09:30:05,312.4,309.2,80,310.15,40,0,16120
FINNIFTY02JAN2421150CE.NFO,02/01/2024,09:30:06,312.4,307.65,560,308.5,560,0,16120
FINNIFTY02JAN2421150CE.NFO,02/01/2024,09:30:08,312.4,308.75,560,309.6,560,0,16120
FINNIFTY02JAN2421150CE.NFO,02/01/2024,09:30:10,312.4,310,640,310.85,640,0,16120
FINNIFTY02JAN2421150CE.NFO,02/01/2024,09:30:11,312.4,309.7,560,310.6,40,0,16120
FINNIFTY02JAN2421150CE.NFO,02/01/2024,09:30:13,312.4,311.2,600,312.05,560,0,16120
FINNIFTY02JAN2421150CE.NFO,02/01/2024,09:30:15,312.4,313.7,560,314.5,560,0,16120
FINNIFTY02JAN2421150CE.NFO,02/01/2024,09:30:16,312.4,313.85,80,314.6,40,0,16120
FINNIFTY02JAN2421150CE.NFO,02/01/2024,09:30:18,312.4,315.35,80,316.15,40,0,16120
FINNIFTY02JAN2421150CE.NFO,02/01/2024,09:30:20,312.4,317.35,160,318.05,40,0,16120
FINNIFTY02JAN2421150CE.NFO,02/01/2024,09:30:21,312.4,315.05,160,315.85,560,0,16120
FINNIFTY02JAN2421150CE.NFO,02/01/2024,09:30:23,312.4,314.7,80,315.45,560,0,16120
FINNIFTY02JAN2421150CE.NFO,02/01/2024,09:30:25,312.4,313.6,560,314.45,560,0,16120
FINNIFTY02JAN2421150CE.NFO,02/01/2024,09:30:26,312.4,313,160,313.8,560,0,16120
FINNIFTY02JAN2421150CE.NFO,02/01/2024,09:30:28,312.4,312.6,160,313.5,80,0,16120
FINNIFTY02JAN2421150CE.NFO,02/01/2024,09:30:30,312.4,311.35,560,312.3,560,0,16120
FINNIFTY02JAN2421150CE.NFO,02/01/2024,09:30:31,312.4,310.5,120,311.3,560,0,16120
FINNIFTY02JAN2421150CE.NFO,02/01/2024,09:30:33,312.4,311.15,160,311.95,600,0,16120
FINNIFTY02JAN2421150CE.NFO,02/01/2024,09:30:35,312.4,311.55,160,312.45,40,0,16120
FINNIFTY02JAN2421150CE.NFO,02/01/2024,09:30:36,312.4,311.6,240,312.45,560,0,16120
FINNIFTY02JAN2421150CE.NFO,02/01/2024,09:30:38,312.4,311.05,240,311.85,560,0,16120
FINNIFTY02JAN2421150CE.NFO,02/01/2024,09:30:40,312.4,311.9,160,312.7,560,0,16120
FINNIFTY02JAN2421150CE.NFO,02/01/2024,09:30:41,312.4,313.6,640,314.45,560,0,16120
FINNIFTY02JAN2421150CE.NFO,02/01/2024,09:30:43,312.4,312.3,640,313.15,560,0,16120
FINNIFTY02JAN2421150CE.NFO,02/01/2024,09:30:45,312.4,312.7,640,313.55,560,0,16120
FINNIFTY02JAN2421150CE.NFO,02/01/2024,09:30:46,312.4,312.65,640,313.5,560,0,16120
FINNIFTY02JAN2421150CE.NFO,02/01/2024,09:30:48,312.4,312.3,640,313.15,560,0,16120
FINNIFTY02JAN2421150CE.NFO,02/01/2024,09:30:50,312.4,312.2,240,312.95,560,0,16120
FINNIFTY02JAN2421150CE.NFO,02/01/2024,09:30:51,312.4,311.95,80,312.8,560,0,16120
FINNIFTY02JAN2421150CE.NFO,02/01/2024,09:30:53,312.4,312.5,280,313.65,80,0,16120
FINNIFTY02JAN2421150CE.NFO,02/01/2024,09:30:55,312.4,311.95,800,312.8,560,0,16120
FINNIFTY02JAN2421150CE.NFO,02/01/2024,09:30:56,312.4,311.4,240,312.2,40,0,16120
FINNIFTY02JAN2421150CE.NFO,02/01/2024,09:30:58,312.4,310.8,800,311.6,40,0,16120
FINNIFTY02JAN2421150CE.NFO,02/01/2024,09:31:00,312.4,309.85,160,310.7,560,0,16120
FINNIFTY02JAN2421150CE.NFO,02/01/2024,09:31:01,312.4,310.05,640,310.95,600,0,16120
FINNIFTY02JAN2421150CE.NFO,02/01/2024,09:31:03,312.4,309.3,80,310.05,560,0,16120
FINNIFTY02JAN2421150CE.NFO,02/01/2024,09:31:04,312.4,308.05,640,308.95,560,0,16120
FINNIFTY02JAN2421150CE.NFO,02/01/2024,09:31:06,312.4,308.4,160,309.15,560,0,16120
FINNIFTY02JAN2421150CE.NFO,02/01/2024,09:31:08,312.4,308.6,160,309.4,560,0,16120
FINNIFTY02JAN2421150CE.NFO,02/01/2024,09:31:09,312.4,309.5,640,310.35,600,0,16120
FINNIFTY02JAN2421150CE.NFO,02/01/2024,09:31:11,312.4,309.55,720,310.4,560,0,16120
FINNIFTY02JAN2421150CE.NFO,02/01/2024,09:31:13,312.4,306.95,80,307.85,40,0,16120
FINNIFTY02JAN2421150CE.NFO,02/01/2024,09:31:14,312.4,305.2,200,306.05,80,0,16120
FINNIFTY02JAN2421150CE.NFO,02/01/2024,09:31:16,312.4,305.25,160,306.3,40,0,16120
FINNIFTY02JAN2421150CE.NFO,02/01/2024,09:31:18,312.4,307.1,640,307.95,560,0,16120
FINNIFTY02JAN2421150CE.NFO,02/01/2024,09:31:19,306.7,307.15,640,308.05,600,200,16120
FINNIFTY02JAN2421150CE.NFO,02/01/2024,09:31:21,306.7,306.1,240,306.95,560,0,16120
FINNIFTY02JAN2421150CE.NFO,02/01/2024,09:31:23,306.7,308,160,308.9,560,0,16120
FINNIFTY02JAN2421150CE.NFO,02/01/2024,09:31:24,306.7,307.2,160,308.05,560,0,16120
FINNIFTY02JAN2421150CE.NFO,02/01/2024,09:31:26,306.7,309.75,600,310.65,560,0,16120
FINNIFTY02JAN2421150CE.NFO,02/01/2024,09:31:28,306.7,310.05,800,310.95,560,0,16120
FINNIFTY02JAN2421150CE.NFO,02/01/2024,09:31:29,306.7,309.2,680,310.05,600,0,16120
FINNIFTY02JAN2421150CE.NFO,02/01/2024,09:31:31,306.7,308.95,560,309.85,600,0,16120
FINNIFTY02JAN2421150CE.NFO,02/01/2024,09:31:33,306.7,308.4,640,309.3,560,0,16120
FINNIFTY02JAN2421150CE.NFO,02/01/2024,09:31:34,306.7,306.95,80,307.75,40,0,16120
FINNIFTY02JAN2421150CE.NFO,02/01/2024,09:31:36,306.7,306.65,160,307.5,560,0,16120
FINNIFTY02JAN2421150CE.NFO,02/01/2024,09:31:38,307.5,306.3,160,307.05,560,40,16120
FINNIFTY02JAN2421150CE.NFO,02/01/2024,09:31:39,307.5,306.55,720,307.35,240,0,16120
FINNIFTY02JAN2421150CE.NFO,02/01/2024,09:31:41,306.55,305.9,160,306.65,560,40,16120
FINNIFTY02JAN2421150CE.NFO,02/01/2024,09:31:43,306.55,305.4,160,306.1,560,0,16120
FINNIFTY02JAN2421150CE.NFO,02/01/2024,09:31:44,306.55,306,160,306.7,560,0,16120
FINNIFTY02JAN2421150CE.NFO,02/01/2024,09:31:46,306.55,306.4,40,307.25,40,0,16120
FINNIFTY02JAN2421150CE.NFO,02/01/2024,09:31:48,306.55,306.5,160,307.25,200,0,16120
FINNIFTY02JAN2421150CE.NFO,02/01/2024,09:31:49,306.55,307.1,160,307.85,560,0,16120
FINNIFTY02JAN2421150CE.NFO,02/01/2024,09:31:51,306.55,306.5,160,307.2,560,0,16120
FINNIFTY02JAN2421150CE.NFO,02/01/2024,09:31:53,306.55,305.5,40,306.3,560,0,16120
FINNIFTY02JAN2421150CE.NFO,02/01/2024,09:31:54,304.35,303.7,560,304.6,560,80,16120
FINNIFTY02JAN2421150CE.NFO,02/01/2024,09:31:58,304.35,304.45,800,305.4,560,0,16120
FINNIFTY02JAN2421150CE.NFO,02/01/2024,09:31:59,304.35,305.35,160,306.2,560,0,16120
FINNIFTY02JAN2421150CE.NFO,02/01/2024,09:32:01,304.35,304.35,720,305.25,560,0,16120
FINNIFTY02JAN2421150CE.NFO,02/01/2024,09:32:03,304.35,304.25,640,305.15,560,0,16120
FINNIFTY02JAN2421150CE.NFO,02/01/2024,09:32:04,304.35,302.35,680,303.2,560,0,16120
FINNIFTY02JAN2421150CE.NFO,02/01/2024,09:32:06,304.35,302.65,640,303.55,560,0,16120
FINNIFTY02JAN2421150CE.NFO,02/01/2024,09:32:08,304.35,302.25,720,303.15,560,0,16120
FINNIFTY02JAN2421150CE.NFO,02/01/2024,09:32:09,304.35,302.35,120,303.15,560,0,16120
FINNIFTY02JAN2421150CE.NFO,02/01/2024,09:32:11,304.35,303.6,640,304.5,560,0,16120
FINNIFTY02JAN2421150CE.NFO,02/01/2024,09:32:13,304.35,305.55,160,306.4,760,0,16120
FINNIFTY02JAN2421150CE.NFO,02/01/2024,09:32:14,304.35,303.6,40,304.45,560,0,16120
FINNIFTY02JAN2421150CE.NFO,02/01/2024,09:32:16,304.35,303.05,680,303.9,560,0,16120
FINNIFTY02JAN2421150CE.NFO,02/01/2024,09:32:18,304.35,302.25,560,303.05,600,0,16120
FINNIFTY02JAN2421150CE.NFO,02/01/2024,09:32:19,300.25,299.9,640,300.7,560,40,16120
FINNIFTY02JAN2421150CE.NFO,02/01/2024,09:32:21,300.25,300.5,640,301.25,40,0,16120
FINNIFTY02JAN2421150CE.NFO,02/01/2024,09:32:23,300.25,300.7,160,301.7,80,0,16120
FINNIFTY02JAN2421150CE.NFO,02/01/2024,09:32:24,300.25,300.25,600,301.15,600,0,16120
FINNIFTY02JAN2421150CE.NFO,02/01/2024,09:32:26,300.25,299.3,640,300.1,560,0,16120
FINNIFTY02JAN2421150CE.NFO,02/01/2024,09:32:27,300.25,300.85,720,301.75,40,0,16120
FINNIFTY02JAN2421150CE.NFO,02/01/2024,09:32:29,301.35,301.75,80,302.55,640,320,16160
FINNIFTY02JAN2421150CE.NFO,02/01/2024,09:32:31,301.35,302.4,160,303.25,640,0,16160
FINNIFTY02JAN2421150CE.NFO,02/01/2024,09:32:32,301.35,301.65,640,302.55,640,0,16160
FINNIFTY02JAN2421150CE.NFO,02/01/2024,09:32:34,301.35,301.75,80,302.45,80,0,16160
FINNIFTY02JAN2421150CE.NFO,02/01/2024,09:32:36,301.35,301.25,640,302.15,640,0,16160
FINNIFTY02JAN2421150CE.NFO,02/01/2024,09:32:37,301.35,299.5,200,300.5,160,0,16160
FINNIFTY02JAN2421150CE.NFO,02/01/2024,09:32:39,301.35,299.25,640,300.15,640,0,16160
FINNIFTY02JAN2421150CE.NFO,02/01/2024,09:32:41,301.35,300.15,160,301.15,160,0,16160
FINNIFTY02JAN2421150CE.NFO,02/01/2024,09:32:42,301.15,299.05,40,299.85,640,40,16160
FINNIFTY02JAN2421150CE.NFO,02/01/2024,09:32:44,301.15,299.7,680,300.55,640,0,16160
FINNIFTY02JAN2421150CE.NFO,02/01/2024,09:32:46,301.15,298.95,40,299.9,120,0,16160
FINNIFTY02JAN2421150CE.NFO,02/01/2024,09:32:47,301.15,299.5,40,300.4,200,0,16160
FINNIFTY02JAN2421150CE.NFO,02/01/2024,09:32:49,301.15,301.05,560,301.85,80,0,16160
FINNIFTY02JAN2421150CE.NFO,02/01/2024,09:32:51,301.15,300.45,80,301.5,120,0,16160
FINNIFTY02JAN2421150CE.NFO,02/01/2024,09:32:52,301.15,300.4,560,301.25,640,0,16160
FINNIFTY02JAN2421150CE.NFO,02/01/2024,09:32:54,301.15,300.9,640,301.7,560,0,16160
FINNIFTY02JAN2421150CE.NFO,02/01/2024,09:32:56,301.15,300.55,640,301.45,640,0,16160
FINNIFTY02JAN2421150CE.NFO,02/01/2024,09:32:57,301.15,300.8,720,301.7,640,0,16160
FINNIFTY02JAN2421150CE.NFO,02/01/2024,09:32:59,301.15,302.1,560,302.95,560,0,16160
FINNIFTY02JAN2421150CE.NFO,02/01/2024,09:33:01,301.15,301.95,40,303.05,160,0,16160
FINNIFTY02JAN2421150CE.NFO,02/01/2024,09:33:02,301.15,302.8,720,303.65,640,0,16160
FINNIFTY02JAN2421150CE.NFO,02/01/2024,09:33:04,301.15,302.4,80,303.2,640,0,16160
FINNIFTY02JAN2421150CE.NFO,02/01/2024,09:33:06,301.15,302.4,720,303.3,640,0,16160
FINNIFTY02JAN2421150CE.NFO,02/01/2024,09:33:07,301.15,301.45,680,302.35,640,0,16160
FINNIFTY02JAN2421150CE.NFO,02/01/2024,09:33:09,301.15,302.1,640,302.95,640,0,16160
FINNIFTY02JAN2421150CE.NFO,02/01/2024,09:33:11,301.15,301.9,80,302.65,640,0,16160
FINNIFTY02JAN2421150CE.NFO,02/01/2024,09:33:12,301.15,301.45,640,302.25,320,0,16160
FINNIFTY02JAN2421150CE.NFO,02/01/2024,09:33:14,301.15,299.85,640,300.65,640,0,16160
FINNIFTY02JAN2421150CE.NFO,02/01/2024,09:33:16,301.15,298.45,120,299.25,640,0,16160
FINNIFTY02JAN2421150CE.NFO,02/01/2024,09:33:17,301.15,298.2,640,299.1,120,0,16160
FINNIFTY02JAN2421150CE.NFO,02/01/2024,09:33:19,301.15,299.8,640,300.7,680,0,16160
FINNIFTY02JAN2421150CE.NFO,02/01/2024,09:33:21,301.15,299.25,640,300.1,640,0,16160
FINNIFTY02JAN2421150CE.NFO,02/01/2024,09:33:22,301.15,298.75,720,299.65,640,0,16160
FINNIFTY02JAN2421150CE.NFO,02/01/2024,09:33:24,301.15,298.45,640,299.3,640,0,16160
FINNIFTY02JAN2421150CE.NFO,02/01/2024,09:33:26,301.15,296.9,640,298.05,40,0,16160
FINNIFTY02JAN2421150CE.NFO,02/01/2024,09:33:27,301.15,297.15,120,298.2,80,0,16160
FINNIFTY02JAN2421150CE.NFO,02/01/2024,09:33:29,301.15,297.4,640,298.2,120,0,16160
FINNIFTY02JAN2421150CE.NFO,02/01/2024,09:33:31,301.15,298.85,560,299.7,560,0,16160
FINNIFTY02JAN2421150CE.NFO,02/01/2024,09:33:32,301.15,299.3,640,300.1,400,0,16160
FINNIFTY02JAN2421150CE.NFO,02/01/2024,09:33:34,301.15,299.35,640,300.15,560,0,16160
FINNIFTY02JAN2421150CE.NFO,02/01/2024,09:33:36,301.15,299.05,640,299.9,40,0,16160
FINNIFTY02JAN2421150CE.NFO,02/01/2024,09:33:37,301.15,300.75,160,301.6,640,0,16160
FINNIFTY02JAN2421150CE.NFO,02/01/2024,09:33:39,301.15,299.7,120,300.45,640,0,16160
FINNIFTY02JAN2421150CE.NFO,02/01/2024,09:33:41,301.15,299.6,40,300.3,160,0,16160
FINNIFTY02JAN2421150CE.NFO,02/01/2024,09:33:42,301.15,300.45,640,301.35,680,0,16160
FINNIFTY02JAN2421150CE.NFO,02/01/2024,09:33:44,301.15,301.45,560,302.3,640,0,16160
FINNIFTY02JAN2421150CE.NFO,02/01/2024,09:33:46,301.15,301.45,640,302.3,640,0,16160
FINNIFTY02JAN2421150CE.NFO,02/01/2024,09:33:47,301.15,301.45,720,302.35,640,0,16160
FINNIFTY02JAN2421150CE.NFO,02/01/2024,09:33:49,301.15,301.65,640,302.5,640,0,16160
FINNIFTY02JAN2421150CE.NFO,02/01/2024,09:33:51,301.15,304.4,640,305.25,760,0,16160
FINNIFTY02JAN2421150CE.NFO,02/01/2024,09:33:52,301.15,305.7,80,306.75,40,0,16160
FINNIFTY02JAN2421150CE.NFO,02/01/2024,09:33:54,301.15,305.9,640,306.8,640,0,16160
FINNIFTY02JAN2421150CE.NFO,02/01/2024,09:33:56,301.15,305.9,640,306.7,640,0,16160
FINNIFTY02JAN2421150CE.NFO,02/01/2024,09:33:57,301.15,305.1,640,305.85,120,0,16160
FINNIFTY02JAN2421150CE.NFO,02/01/2024,09:33:59,301.15,304.85,720,305.7,640,0,16160
FINNIFTY02JAN2421150CE.NFO,02/01/2024,09:34:01,301.15,304.85,160,305.85,120,0,16160
FINNIFTY02JAN2421150CE.NFO,02/01/2024,09:34:02,301.15,303.45,720,304.3,640,0,16160
FINNIFTY02JAN2421150CE.NFO,02/01/2024,09:34:04,303.95,303.45,640,304.3,640,160,16160
FINNIFTY02JAN2421150CE.NFO,02/01/2024,09:34:06,303.95,302.85,80,303.6,560,0,16160
FINNIFTY02JAN2421150CE.NFO,02/01/2024,09:34:07,303.95,302.85,640,303.65,120,0,16160
FINNIFTY02JAN2421150CE.NFO,02/01/2024,09:34:09,303.95,302.9,640,303.65,200,0,16160
FINNIFTY02JAN2421150CE.NFO,02/01/2024,09:34:11,303.95,301.45,640,302.25,640,0,16160
FINNIFTY02JAN2421150CE.NFO,02/01/2024,09:34:12,303.95,302,720,302.85,640,0,16160
FINNIFTY02JAN2421150CE.NFO,02/01/2024,09:34:14,303.95,302.5,160,303.25,640,0,16160
FINNIFTY02JAN2421150CE.NFO,02/01/2024,09:34:16,303.95,302.15,720,302.95,680,0,16160
FINNIFTY02JAN2421150CE.NFO,02/01/2024,09:34:17,303.95,302.4,640,303.25,560,0,16160
FINNIFTY02JAN2421150CE.NFO,02/01/2024,09:34:19,303.95,300.75,680,301.55,640,0,16160
FINNIFTY02JAN2421150CE.NFO,02/01/2024,09:34:21,303.95,300.45,560,301.2,320,0,16160
FINNIFTY02JAN2421150CE.NFO,02/01/2024,09:34:22,303.95,299.8,160,300.65,40,0,16160
FINNIFTY02JAN2421150CE.NFO,02/01/2024,09:34:24,303.95,298.15,160,299,680,0,16160
FINNIFTY02JAN2421150CE.NFO,02/01/2024,09:34:26,303.95,297.55,640,298.4,680,0,16160
FINNIFTY02JAN2421150CE.NFO,02/01/2024,09:34:27,303.95,298.25,640,299.1,640,0,16160
FINNIFTY02JAN2421150CE.NFO,02/01/2024,09:34:29,303.95,298.45,640,299.3,640,0,16160
FINNIFTY02JAN2421150CE.NFO,02/01/2024,09:34:31,303.95,297.9,640,298.75,120,0,16160
FINNIFTY02JAN2421150CE.NFO,02/01/2024,09:34:32,303.95,298.75,640,299.6,640,0,16160
FINNIFTY02JAN2421150CE.NFO,02/01/2024,09:34:34,303.95,299.1,80,299.85,640,0,16160
FINNIFTY02JAN2421150CE.NFO,02/01/2024,09:34:36,303.95,299.3,640,300.1,640,0,16160
FINNIFTY02JAN2421150CE.NFO,02/01/2024,09:34:37,303.95,298.95,200,299.8,720,0,16160
FINNIFTY02JAN2421150CE.NFO,02/01/2024,09:34:39,303.95,298.3,640,299.1,680,0,16160
FINNIFTY02JAN2421150CE.NFO,02/01/2024,09:34:41,303.95,299.2,760,300.05,640,0,16160
FINNIFTY02JAN2421150CE.NFO,02/01/2024,09:34:42,303.95,300.9,640,301.75,640,0,16160
FINNIFTY02JAN2421150CE.NFO,02/01/2024,09:34:44,303.95,300.3,640,301.15,640,0,16160
FINNIFTY02JAN2421150CE.NFO,02/01/2024,09:34:46,303.95,300.25,680,301.05,640,0,16160
FINNIFTY02JAN2421150CE.NFO,02/01/2024,09:34:47,303.95,300.4,120,301.2,640,0,16160
FINNIFTY02JAN2421150CE.NFO,02/01/2024,09:34:49,303.95,300.35,640,301.15,640,0,16160
FINNIFTY02JAN2421150CE.NFO,02/01/2024,09:34:51,303.95,299.85,160,300.8,40,0,16160
FINNIFTY02JAN2421150CE.NFO,02/01/2024,09:34:52,303.95,298.85,680,299.7,560,0,16160
FINNIFTY02JAN2421150CE.NFO,02/01/2024,09:34:54,303.95,298.45,640,299.25,640,0,16160
FINNIFTY02JAN2421150CE.NFO,02/01/2024,09:34:56,303.95,298.7,640,299.55,120,0,16160
FINNIFTY02JAN2421150CE.NFO,02/01/2024,09:34:57,303.95,300.1,640,300.8,40,0,16160
FINNIFTY02JAN2421150CE.NFO,02/01/2024,09:34:59,303.95,301.5,560,302.3,160,0,16160
FINNIFTY02JAN2421150CE.NFO,02/01/2024,09:35:01,303.95,302.2,640,303.05,640,0,16160
FINNIFTY02JAN2421150CE.NFO,02/01/2024,09:35:02,303.95,302.1,640,302.95,680,0,16160
FINNIFTY02JAN2421150CE.NFO,02/01/2024,09:35:04,303.95,303.8,120,304.85,360,0,16160
FINNIFTY02JAN2421150CE.NFO,02/01/2024,09:35:06,303.95,303.1,640,303.95,760,0,16160
FINNIFTY02JAN2421150CE.NFO,02/01/2024,09:35:07,303.95,303.2,560,304.05,560,0,16160
FINNIFTY02JAN2421150CE.NFO,02/01/2024,09:35:09,303.95,302.8,160,303.65,680,0,16160
FINNIFTY02JAN2421150CE.NFO,02/01/2024,09:35:11,303.95,301.4,560,302.1,80,0,16160
FINNIFTY02JAN2421150CE.NFO,02/01/2024,09:35:12,303.95,300.9,640,301.65,40,0,16160
FINNIFTY02JAN2421150CE.NFO,02/01/2024,09:35:14,303.95,301.25,640,302.05,680,0,16160
FINNIFTY02JAN2421150CE.NFO,02/01/2024,09:35:16,303.95,301.25,760,302.1,640,0,16160
FINNIFTY02JAN2421150CE.NFO,02/01/2024,09:35:17,301.8,301.8,40,302.65,560,40,16160
FINNIFTY02JAN2421150CE.NFO,02/01/2024,09:35:19,301.8,302,160,302.75,120,0,16160
FINNIFTY02JAN2421150CE.NFO,02/01/2024,09:35:21,301.8,304.15,40,304.95,40,0,16160
FINNIFTY02JAN2421150CE.NFO,02/01/2024,09:35:22,301.8,302.75,680,303.55,120,0,16160
FINNIFTY02JAN2421150CE.NFO,02/01/2024,09:35:24,301.8,302.55,120,303.35,560,0,16160
FINNIFTY02JAN2421150CE.NFO,02/01/2024,09:35:26,301.8,302.85,120,303.6,640,0,16160
FINNIFTY02JAN2421150CE.NFO,02/01/2024,09:35:27,301.8,302.3,640,303.1,640,0,16160
FINNIFTY02JAN2421150CE.NFO,02/01/2024,09:35:29,301.8,302.2,120,303.05,640,0,16160
FINNIFTY02JAN2421150CE.NFO,02/01/2024,09:35:31,301.8,301.05,160,301.95,600,0,16160
FINNIFTY02JAN2421150CE.NFO,02/01/2024,09:35:32,301.8,301.25,720,302.05,640,0,16160
FINNIFTY02JAN2421150CE.NFO,02/01/2024,09:35:34,301.8,302,680,302.9,800,0,16160
FINNIFTY02JAN2421150CE.NFO,02/01/2024,09:35:36,301.8,301.15,560,301.8,120,0,16160
FINNIFTY02JAN2421150CE.NFO,02/01/2024,09:35:37,301.8,299.95,560,300.8,120,0,16160
FINNIFTY02JAN2421150CE.NFO,02/01/2024,09:35:39,301.8,299.5,160,300.3,640,0,16160
FINNIFTY02JAN2421150CE.NFO,02/01/2024,09:35:41,301.8,299.6,560,300.35,40,0,16160
FINNIFTY02JAN2421150CE.NFO,02/01/2024,09:35:42,301.8,299.5,640,300.35,720,0,16160
FINNIFTY02JAN2421150CE.NFO,02/01/2024,09:35:44,301.8,299.55,720,300.4,120,0,16160
FINNIFTY02JAN2421150CE.NFO,02/01/2024,09:35:46,301.8,297.8,640,298.6,160,0,16160
FINNIFTY02JAN2421150CE.NFO,02/01/2024,09:35:47,301.8,297.1,640,297.95,640,0,16160
FINNIFTY02JAN2421150CE.NFO,02/01/2024,09:35:49,301.8,297.5,640,298.35,640,0,16160
FINNIFTY02JAN2421150CE.NFO,02/01/2024,09:35:51,301.8,297.65,640,298.5,640,0,16160
FINNIFTY02JAN2421150CE.NFO,02/01/2024,09:35:52,301.8,297.8,640,298.65,640,0,16160
FINNIFTY02JAN2421150CE.NFO,02/01/2024,09:35:54,301.8,296.9,720,297.75,160,0,16160
FINNIFTY02JAN2421150CE.NFO,02/01/2024,09:35:56,301.8,296.15,120,297.15,200,0,16160
FINNIFTY02JAN2421150CE.NFO,02/01/2024,09:35:57,301.8,296,640,296.85,640,0,16160
FINNIFTY02JAN2421150CE.NFO,02/01/2024,09:35:59,301.8,296.35,560,297.2,560,0,16160
FINNIFTY02JAN2421150CE.NFO,02/01/2024,09:36:01,301.8,295.65,80,296.5,640,0,16160
FINNIFTY02JAN2421150CE.NFO,02/01/2024,09:36:02,301.8,295.55,640,296.4,640,0,16160
FINNIFTY02JAN2421150CE.NFO,02/01/2024,09:36:04,301.8,296.4,640,297.25,560,0,16160
FINNIFTY02JAN2421150CE.NFO,02/01/2024,09:36:06,301.8,296.45,640,297.3,640,0,16160
FINNIFTY02JAN2421150CE.NFO,02/01/2024,09:36:07,301.8,297.2,640,298.1,680,0,16160
FINNIFTY02JAN2421150CE.NFO,02/01/2024,09:36:09,301.8,297.55,640,298.35,640,0,16160
FINNIFTY02JAN2421150CE.NFO,02/01/2024,09:36:11,301.8,297.45,640,298.25,560,0,16160
FINNIFTY02JAN2421150CE.NFO,02/01/2024,09:36:13,301.8,297.05,560,297.85,640,0,16160
FINNIFTY02JAN2421150CE.NFO,02/01/2024,09:36:14,301.8,295.3,720,296.1,640,0,16160
FINNIFTY02JAN2421150CE.NFO,02/01/2024,09:36:16,301.8,293.7,640,294.5,640,0,16160
FINNIFTY02JAN2421150CE.NFO,02/01/2024,09:36:18,292.1,291.9,160,292.8,680,360,15960
FINNIFTY02JAN2421150CE.NFO,02/01/2024,09:36:19,292.1,292.75,640,293.6,640,0,15960
FINNIFTY02JAN2421150CE.NFO,02/01/2024,09:36:21,292.1,292.6,640,293.45,720,0,15960
FINNIFTY02JAN2421150CE.NFO,02/01/2024,09:36:23,292.1,292.55,680,293.4,640,0,15960
FINNIFTY02JAN2421150CE.NFO,02/01/2024,09:36:24,292.1,294,680,294.8,560,0,15960
FINNIFTY02JAN2421150CE.NFO,02/01/2024,09:36:26,292.1,295.7,40,296.45,120,0,15960
FINNIFTY02JAN2421150CE.NFO,02/01/2024,09:36:28,292.1,295.9,560,296.75,560,0,15960
FINNIFTY02JAN2421150CE.NFO,02/01/2024,09:36:29,292.1,296.5,560,297.35,680,0,15960
FINNIFTY02JAN2421150CE.NFO,02/01/2024,09:36:31,292.1,296.95,680,297.8,640,0,15960
FINNIFTY02JAN2421150CE.NFO,02/01/2024,09:36:33,292.1,296.1,560,296.95,640,0,15960
FINNIFTY02JAN2421150CE.NFO,02/01/2024,09:36:34,296.6,295.6,640,296.4,80,80,15960
FINNIFTY02JAN2421150CE.NFO,02/01/2024,09:36:36,296.6,295.7,640,296.45,80,0,15960
FINNIFTY02JAN2421150CE.NFO,02/01/2024,09:36:38,296.6,294.95,640,295.7,120,0,15960
FINNIFTY02JAN2421150CE.NFO,02/01/2024,09:36:39,296.6,296.4,640,297.25,80,0,15960
FINNIFTY02JAN2421150CE.NFO,02/01/2024,09:36:41,296.6,297.15,560,297.95,120,0,15960
FINNIFTY02JAN2421150CE.NFO,02/01/2024,09:36:43,296.6,296.5,560,297.3,160,0,15960
FINNIFTY02JAN2421150CE.NFO,02/01/2024,09:36:44,296.6,297.25,640,298,120,0,15960
FINNIFTY02JAN2421150CE.NFO,02/01/2024,09:36:46,296.6,297.65,640,298.35,160,0,15960
FINNIFTY02JAN2421150CE.NFO,02/01/2024,09:36:48,296.6,297.6,560,298.4,640,0,15960
FINNIFTY02JAN2421150CE.NFO,02/01/2024,09:36:49,296.6,296.85,560,297.7,960,0,15960
FINNIFTY02JAN2421150CE.NFO,02/01/2024,09:36:51,296.6,297.6,480,298.5,120,0,15960
FINNIFTY02JAN2421150CE.NFO,02/01/2024,09:36:53,296.6,298,720,298.8,200,0,15960
FINNIFTY02JAN2421150CE.NFO,02/01/2024,09:36:54,296.6,299,640,299.8,120,0,15960
FINNIFTY02JAN2421150CE.NFO,02/01/2024,09:36:56,296.6,298.35,640,299.15,120,0,15960
FINNIFTY02JAN2421150CE.NFO,02/01/2024,09:36:58,296.6,298.5,640,299.25,280,0,15960
FINNIFTY02JAN2421150CE.NFO,02/01/2024,09:36:59,296.6,298.75,720,299.55,160,0,15960
FINNIFTY02JAN2421150CE.NFO,02/01/2024,09:37:01,296.6,300.75,640,301.45,40,0,15960
FINNIFTY02JAN2421150CE.NFO,02/01/2024,09:37:03,296.6,300.2,640,301,640,0,15960
FINNIFTY02JAN2421150CE.NFO,02/01/2024,09:37:04,296.6,300.6,640,301.4,560,0,15960
FINNIFTY02JAN2421150CE.NFO,02/01/2024,09:37:06,296.6,300.95,640,301.7,40,0,15960
FINNIFTY02JAN2421150CE.NFO,02/01/2024,09:37:08,296.6,300.5,640,301.3,720,0,15960
FINNIFTY02JAN2421150CE.NFO,02/01/2024,09:37:09,296.6,300.2,640,301,200,0,15960
FINNIFTY02JAN2421150CE.NFO,02/01/2024,09:37:11,296.6,300,120,300.8,640,0,15960
FINNIFTY02JAN2421150CE.NFO,02/01/2024,09:37:13,296.6,299.15,40,299.9,720,0,15960
FINNIFTY02JAN2421150CE.NFO,02/01/2024,09:37:14,296.6,299.25,640,300.05,600,0,15960
FINNIFTY02JAN2421150CE.NFO,02/01/2024,09:37:16,296.6,299.2,640,300,560,0,15960
FINNIFTY02JAN2421150CE.NFO,02/01/2024,09:37:18,296.6,299.4,640,300.2,200,0,15960
FINNIFTY02JAN2421150CE.NFO,02/01/2024,09:37:19,296.6,299.65,640,300.4,160,0,15960
FINNIFTY02JAN2421150CE.NFO,02/01/2024,09:37:21,296.6,300.1,640,300.85,40,0,15960
FINNIFTY02JAN2421150CE.NFO,02/01/2024,09:37:23,296.6,300.15,640,300.9,320,0,15960
FINNIFTY02JAN2421150CE.NFO,02/01/2024,09:37:24,296.6,300.6,640,301.35,120,0,15960
FINNIFTY02JAN2421150CE.NFO,02/01/2024,09:37:26,296.6,301.85,640,302.65,680,0,15960
FINNIFTY02JAN2421150CE.NFO,02/01/2024,09:37:28,296.6,301.9,680,302.8,640,0,15960
FINNIFTY02JAN2421150CE.NFO,02/01/2024,09:37:29,296.6,302.75,640,303.55,80,0,15960
FINNIFTY02JAN2421150CE.NFO,02/01/2024,09:37:31,305,304.4,680,305,160,40,15960
FINNIFTY02JAN2421150CE.NFO,02/01/2024,09:37:33,305,304.7,680,305.45,40,160,15960
FINNIFTY02JAN2421150CE.NFO,02/01/2024,09:37:34,305,304.55,80,305.35,120,0,15960
FINNIFTY02JAN2421150CE.NFO,02/01/2024,09:37:36,305,304.2,640,305,40,0,15960
FINNIFTY02JAN2421150CE.NFO,02/01/2024,09:37:38,305,302.4,640,303.2,640,0,15960
FINNIFTY02JAN2421150CE.NFO,02/01/2024,09:37:39,305,303.3,640,304.1,560,0,15960
FINNIFTY02JAN2421150CE.NFO,02/01/2024,09:37:41,305,304.4,640,305.2,640,0,15960
FINNIFTY02JAN2421150CE.NFO,02/01/2024,09:37:43,305,304.25,640,305.15,640,0,15960
FINNIFTY02JAN2421150CE.NFO,02/01/2024,09:37:44,305,303.2,120,304,640,0,15960
FINNIFTY02JAN2421150CE.NFO,02/01/2024,09:37:46,305,301.95,120,303.05,120,0,15960
FINNIFTY02JAN2421150CE.NFO,02/01/2024,09:37:48,305,302.15,640,302.95,680,0,15960
FINNIFTY02JAN2421150CE.NFO,02/01/2024,09:37:49,305,302.75,640,303.6,680,0,15960
FINNIFTY02JAN2421150CE.NFO,02/01/2024,09:37:51,303.6,302.75,480,303.75,160,40,15960
FINNIFTY02JAN2421150CE.NFO,02/01/2024,09:37:53,303.6,302.35,640,303.2,720,0,15960
FINNIFTY02JAN2421150CE.NFO,02/01/2024,09:37:54,303.6,303.35,640,304.2,600,0,15960
FINNIFTY02JAN2421150CE.NFO,02/01/2024,09:37:56,303.6,303.05,560,303.85,40,0,15960
FINNIFTY02JAN2421150CE.NFO,02/01/2024,09:37:58,303.6,303.3,640,304.15,640,0,15960
FINNIFTY02JAN2421150CE.NFO,02/01/2024,09:37:59,303.6,302.75,240,303.65,240,0,15960
FINNIFTY02JAN2421150CE.NFO,02/01/2024,09:38:01,303.6,302.85,120,303.7,120,0,15960
FINNIFTY02JAN2421150CE.NFO,02/01/2024,09:38:03,303.6,303.65,200,304.6,240,0,15960
FINNIFTY02JAN2421150CE.NFO,02/01/2024,09:38:04,303.6,302.85,200,303.85,200,0,15960
FINNIFTY02JAN2421150CE.NFO,02/01/2024,09:38:06,303.6,302.3,160,303.3,120,0,15960
FINNIFTY02JAN2421150CE.NFO,02/01/2024,09:38:08,303.6,302.25,120,303.1,200,0,15960
FINNIFTY02JAN2421150CE.NFO,02/01/2024,09:38:09,303.6,302.15,160,303,120,0,15960
FINNIFTY02JAN2421150CE.NFO,02/01/2024,09:38:11,303.6,301.65,240,302.6,760,0,15960
FINNIFTY02JAN2421150CE.NFO,02/01/2024,09:38:13,303.6,301.65,120,302.65,160,0,15960
FINNIFTY02JAN2421150CE.NFO,02/01/2024,09:38:14,303.6,302.3,200,303.45,200,0,15960
FINNIFTY02JAN2421150CE.NFO,02/01/2024,09:38:16,303.6,303.05,240,304,200,0,15960
FINNIFTY02JAN2421150CE.NFO,02/01/2024,09:38:18,303.6,302.55,120,303.4,520,0,15960
FINNIFTY02JAN2421150CE.NFO,02/01/2024,09:38:19,303.6,303,200,303.95,160,0,15960
FINNIFTY02JAN2421150CE.NFO,02/01/2024,09:38:21,303.6,304.25,120,305.15,200,0,15960
FINNIFTY02JAN2421150CE.NFO,02/01/2024,09:38:23,303.6,304.85,320,305.85,120,0,15960
FINNIFTY02JAN2421150CE.NFO,02/01/2024,09:38:24,303.6,304.45,320,305.45,160,0,15960
FINNIFTY02JAN2421150CE.NFO,02/01/2024,09:38:26,303.6,304.4,160,305.3,160,0,15960
FINNIFTY02JAN2421150CE.NFO,02/01/2024,09:38:28,307.55,305.6,160,306.7,80,120,16080
FINNIFTY02JAN2421150CE.NFO,02/01/2024,09:38:29,307.55,305.7,200,306.8,120,0,16080
FINNIFTY02JAN2421150CE.NFO,02/01/2024,09:38:31,307.55,305.6,40,306.55,120,0,16080
FINNIFTY02JAN2421150CE.NFO,02/01/2024,09:38:33,307.55,305.6,120,306.55,120,0,16080
FINNIFTY02JAN2421150CE.NFO,02/01/2024,09:38:34,307.55,304.35,200,305.3,160,0,16080
FINNIFTY02JAN2421150CE.NFO,02/01/2024,09:38:36,307.55,303.95,40,305.05,200,0,16080
FINNIFTY02JAN2421150CE.NFO,02/01/2024,09:38:38,307.55,306.3,120,307.3,120,0,16080
FINNIFTY02JAN2421150CE.NFO,02/01/2024,09:38:39,307.55,306.65,280,307.5,120,0,16080
FINNIFTY02JAN2421150CE.NFO,02/01/2024,09:38:41,307.55,306.8,640,307.75,120,0,16080
FINNIFTY02JAN2421150CE.NFO,02/01/2024,09:38:43,307.15,305.25,160,306.2,120,40,16080
FINNIFTY02JAN2421150CE.NFO,02/01/2024,09:38:44,307.15,306.3,400,307.25,40,0,16080
FINNIFTY02JAN2421150CE.NFO,02/01/2024,09:38:46,307.15,304.95,440,305.75,40,0,16080
FINNIFTY02JAN2421150CE.NFO,02/01/2024,09:38:48,307.15,304.8,480,305.75,40,0,16080
FINNIFTY02JAN2421150CE.NFO,02/01/2024,09:38:49,307.15,305.05,120,305.9,120,0,16080
FINNIFTY02JAN2421150CE.NFO,02/01/2024,09:38:51,307.15,304.5,120,305.45,360,0,16080
FINNIFTY02JAN2421150CE.NFO,02/01/2024,09:38:53,305.9,305.65,240,306.45,40,40,16080
FINNIFTY02JAN2421150CE.NFO,02/01/2024,09:38:54,305.9,306,120,306.95,160,0,16080
FINNIFTY02JAN2421150CE.NFO,02/01/2024,09:38:56,305.9,307.45,480,308.3,120,0,16080
FINNIFTY02JAN2421150CE.NFO,02/01/2024,09:38:58,312.5,311.45,40,312.6,200,560,16080
FINNIFTY02JAN2421150CE.NFO,02/01/2024,09:38:59,312.5,310.65,240,311.7,120,0,16080
FINNIFTY02JAN2421150CE.NFO,02/01/2024,09:39:01,312.5,310.95,160,311.9,80,0,16080
FINNIFTY02JAN2421150CE.NFO,02/01/2024,09:39:03,318.15,314.35,880,316.15,400,160,16080
FINNIFTY02JAN2421150CE.NFO,02/01/2024,09:39:04,318.15,313.7,200,314.8,40,0,16080
FINNIFTY02JAN2421150CE.NFO,02/01/2024,09:39:06,318.15,313.85,120,315.2,40,0,16080
FINNIFTY02JAN2421150CE.NFO,02/01/2024,09:39:08,318.15,313.75,120,314.9,200,0,16080
FINNIFTY02JAN2421150CE.NFO,02/01/2024,09:39:09,318.15,312.5,200,313.75,120,0,16080
FINNIFTY02JAN2421150CE.NFO,02/01/2024,09:39:11,318.15,311.8,560,312.85,40,0,16080
FINNIFTY02JAN2421150CE.NFO,02/01/2024,09:39:13,318.15,312.3,160,313.25,80,0,16080
FINNIFTY02JAN2421150CE.NFO,02/01/2024,09:39:14,318.15,312.4,120,313.4,120,0,16080
FINNIFTY02JAN2421150CE.NFO,02/01/2024,09:39:16,318.15,311.8,160,312.8,40,0,16080
FINNIFTY02JAN2421150CE.NFO,02/01/2024,09:39:18,318.15,309.5,160,310.5,80,0,16080
FINNIFTY02JAN2421150CE.NFO,02/01/2024,09:39:19,318.15,311,120,311.75,40,0,16080
FINNIFTY02JAN2421150CE.NFO,02/01/2024,09:39:21,318.15,311.75,480,312.7,40,0,16080
FINNIFTY02JAN2421150CE.NFO,02/01/2024,09:39:23,318.15,312.25,80,313.4,120,0,16080
FINNIFTY02JAN2421150CE.NFO,02/01/2024,09:39:24,318.15,311.35,120,312.4,320,0,16080
FINNIFTY02JAN2421150CE.NFO,02/01/2024,09:39:26,318.15,312.45,320,313.65,80,0,16080
FINNIFTY02JAN2421150CE.NFO,02/01/2024,09:39:28,318.15,313.45,120,314.55,40,0,16080
FINNIFTY02JAN2421150CE.NFO,02/01/2024,09:39:29,318.15,312.55,40,313.7,80,0,16080
FINNIFTY02JAN2421150CE.NFO,02/01/2024,09:39:31,318.15,311.7,400,312.75,40,0,16080
FINNIFTY02JAN2421150CE.NFO,02/01/2024,09:39:33,318.15,311.45,160,312.6,40,0,16080
FINNIFTY02JAN2421150CE.NFO,02/01/2024,09:39:34,318.15,311.45,240,312.6,40,0,16080
FINNIFTY02JAN2421150CE.NFO,02/01/2024,09:39:36,311.55,310.5,160,311.55,40,80,16080
FINNIFTY02JAN2421150CE.NFO,02/01/2024,09:39:38,311.55,310.55,160,311.55,80,0,16080
FINNIFTY02JAN2421150CE.NFO,02/01/2024,09:39:39,311.55,311.3,520,312.2,400,0,16080
FINNIFTY02JAN2421150CE.NFO,02/01/2024,09:39:41,311.55,311.75,120,312.65,40,0,16080
FINNIFTY02JAN2421150CE.NFO,02/01/2024,09:39:43,311.55,312.5,120,313.4,560,0,16080
FINNIFTY02JAN2421150CE.NFO,02/01/2024,09:39:44,314.45,314.75,80,316.3,4440,40,16080
FINNIFTY02JAN2421150CE.NFO,02/01/2024,09:39:46,318.15,317.05,160,318.3,160,800,16080
FINNIFTY02JAN2421150CE.NFO,02/01/2024,09:39:48,318.15,314.35,120,315.5,40,0,16080
FINNIFTY02JAN2421150CE.NFO,02/01/2024,09:39:49,315.15,315.9,120,316.85,40,40,16080
FINNIFTY02JAN2421150CE.NFO,02/01/2024,09:39:51,315.15,316.85,120,318,40,0,16080
FINNIFTY02JAN2421150CE.NFO,02/01/2024,09:39:53,315.15,315.1,40,316.05,40,0,16080
FINNIFTY02JAN2421150CE.NFO,02/01/2024,09:39:54,315.15,315.5,40,316.55,40,0,16080
FINNIFTY02JAN2421150CE.NFO,02/01/2024,09:39:56,315.15,314.65,40,315.65,40,0,16080
FINNIFTY02JAN2421150CE.NFO,02/01/2024,09:39:58,315.4,314.65,80,315.6,40,200,16080
FINNIFTY02JAN2421150CE.NFO,02/01/2024,09:39:59,315.9,314.35,200,315.4,160,200,16080
FINNIFTY02JAN2421150CE.NFO,02/01/2024,09:40:01,313.8,312.9,80,313.95,40,1000,16080
FINNIFTY02JAN2421150CE.NFO,02/01/2024,09:40:03,313.8,315.8,160,316.85,40,0,16080
FINNIFTY02JAN2421150CE.NFO,02/01/2024,09:40:04,313.8,315.8,560,316.95,40,0,16080
FINNIFTY02JAN2421150CE.NFO,02/01/2024,09:40:06,313.8,313.9,200,315,680,0,16080
FINNIFTY02JAN2421150CE.NFO,02/01/2024,09:40:08,313.8,313.45,240,314.35,40,0,16080
FINNIFTY02JAN2421150CE.NFO,02/01/2024,09:40:09,313.8,313.8,120,314.9,80,0,16080
FINNIFTY02JAN2421150CE.NFO,02/01/2024,09:40:11,313.8,313,120,314.05,40,0,16080
FINNIFTY02JAN2421150CE.NFO,02/01/2024,09:40:13,313.8,313,160,314.1,40,0,16080
FINNIFTY02JAN2421150CE.NFO,02/01/2024,09:40:14,313.8,313.05,640,314.15,40,0,16080
FINNIFTY02JAN2421150CE.NFO,02/01/2024,09:40:16,313.8,313.3,120,314.3,40,0,16080
FINNIFTY02JAN2421150CE.NFO,02/01/2024,09:40:18,313.8,314.9,160,315.85,40,0,16080
FINNIFTY02JAN2421150CE.NFO,02/01/2024,09:40:19,313.8,315.9,160,316.95,40,0,16080
FINNIFTY02JAN2421150CE.NFO,02/01/2024,09:40:21,313.8,315.9,120,317.05,120,0,16080
FINNIFTY02JAN2421150CE.NFO,02/01/2024,09:40:23,313.8,315.1,480,316.15,320,0,16080
FINNIFTY02JAN2421150CE.NFO,02/01/2024,09:40:24,313.8,314.9,480,315.8,40,0,16080
FINNIFTY02JAN2421150CE.NFO,02/01/2024,09:40:26,313.8,313.7,160,314.75,40,0,16080
FINNIFTY02JAN2421150CE.NFO,02/01/2024,09:40:28,313.8,312.3,160,313.3,40,0,16080
FINNIFTY02JAN2421150CE.NFO,02/01/2024,09:40:29,313.8,312.1,80,313.2,40,0,16080
FINNIFTY02JAN2421150CE.NFO,02/01/2024,09:40:31,313.8,311.85,320,312.9,40,0,16080
FINNIFTY02JAN2421150CE.NFO,02/01/2024,09:40:33,313.8,311.4,160,312.55,80,0,16080
FINNIFTY02JAN2421150CE.NFO,02/01/2024,09:40:34,313.8,311.65,160,312.65,120,0,16080
FINNIFTY02JAN2421150CE.NFO,02/01/2024,09:40:36,313.8,312.6,120,313.7,40,0,16080
FINNIFTY02JAN2421150CE.NFO,02/01/2024,09:40:38,313.8,312.4,120,313.4,40,0,16080
FINNIFTY02JAN2421150CE.NFO,02/01/2024,09:40:39,313.8,312.25,280,313.35,240,0,16080
FINNIFTY02JAN2421150CE.NFO,02/01/2024,09:40:41,313.8,312.65,440,313.75,320,0,16080
FINNIFTY02JAN2421150CE.NFO,02/01/2024,09:40:43,313.8,311.05,520,312.05,40,0,16080
FINNIFTY02JAN2421150CE.NFO,02/01/2024,09:40:44,310.1,309.95,120,311,160,1000,16080
FINNIFTY02JAN2421150CE.NFO,02/01/2024,09:40:46,310.1,308.45,320,309.45,160,0,16080
FINNIFTY02JAN2421150CE.NFO,02/01/2024,09:40:48,310.1,308.8,320,309.7,720,0,16080
FINNIFTY02JAN2421150CE.NFO,02/01/2024,09:40:50,310.1,309.65,360,310.6,680,0,16080
FINNIFTY02JAN2421150CE.NFO,02/01/2024,09:40:51,310.1,310.1,320,310.95,120,0,16080
FINNIFTY02JAN2421150CE.NFO,02/01/2024,09:40:53,310.1,310.35,240,311.25,640,0,16080
FINNIFTY02JAN2421150CE.NFO,02/01/2024,09:40:55,310.1,311.95,240,312.85,720,0,16080
FINNIFTY02JAN2421150CE.NFO,02/01/2024,09:40:56,310.1,311.15,320,311.95,640,0,16080
FINNIFTY02JAN2421150CE.NFO,02/01/2024,09:40:58,310.1,310.55,320,311.35,640,0,16080
FINNIFTY02JAN2421150CE.NFO,02/01/2024,09:41:00,310.1,313.1,320,313.95,680,0,16080
FINNIFTY02JAN2421150CE.NFO,02/01/2024,09:41:01,310.1,310.65,240,311.5,120,0,16080
FINNIFTY02JAN2421150CE.NFO,02/01/2024,09:41:03,310.1,310.45,320,311.35,640,0,16080
FINNIFTY02JAN2421150CE.NFO,02/01/2024,09:41:05,310.1,310.6,320,311.5,640,0,16080
FINNIFTY02JAN2421150CE.NFO,02/01/2024,09:41:06,310.1,311.2,240,312.05,160,0,16080
FINNIFTY02JAN2421150CE.NFO,02/01/2024,09:41:08,310.1,311.5,480,312.3,120,0,16080
FINNIFTY02JAN2421150CE.NFO,02/01/2024,09:41:10,310.1,310.5,320,311.35,720,0,16080
FINNIFTY02JAN2421150CE.NFO,02/01/2024,09:41:11,310.1,310,240,310.7,160,0,16080
FINNIFTY02JAN2421150CE.NFO,02/01/2024,09:41:13,310.1,309.65,320,310.5,640,0,16080
FINNIFTY02JAN2421150CE.NFO,02/01/2024,09:41:15,310.1,310.25,240,311.05,640,0,16080
FINNIFTY02JAN2421150CE.NFO,02/01/2024,09:41:16,310.1,310.55,320,311.45,680,0,16080
FINNIFTY02JAN2421150CE.NFO,02/01/2024,09:41:18,310.1,310.15,320,311,640,0,16080
FINNIFTY02JAN2421150CE.NFO,02/01/2024,09:41:20,310.1,309.85,320,310.75,560,0,16080
FINNIFTY02JAN2421150CE.NFO,02/01/2024,09:41:21,310.1,311.05,320,311.9,760,0,16080
FINNIFTY02JAN2421150CE.NFO,02/01/2024,09:41:23,310.1,311.4,320,312.25,640,0,16080
FINNIFTY02JAN2421150CE.NFO,02/01/2024,09:41:25,310.1,311.2,240,312.15,560,0,16080
FINNIFTY02JAN2421150CE.NFO,02/01/2024,09:41:26,310.1,311.2,320,312,40,0,16080
FINNIFTY02JAN2421150CE.NFO,02/01/2024,09:41:28,310.1,311.25,320,312.05,640,0,16080
FINNIFTY02JAN2421150CE.NFO,02/01/2024,09:41:30,310.1,310.75,320,311.55,120,0,16080
FINNIFTY02JAN2421150CE.NFO,02/01/2024,09:41:31,310.1,310.75,240,311.55,40,0,16080
FINNIFTY02JAN2421150CE.NFO,02/01/2024,09:41:33,310.1,311.25,320,312.1,200,0,16080
FINNIFTY02JAN2421150CE.NFO,02/01/2024,09:41:34,310.1,311.15,320,312.05,640,0,16080
FINNIFTY02JAN2421150CE.NFO,02/01/2024,09:41:36,310.1,310.6,120,311.65,120,0,16080
FINNIFTY02JAN2421150CE.NFO,02/01/2024,09:41:38,310.1,310,240,310.6,160,0,16080
FINNIFTY02JAN2421150CE.NFO,02/01/2024,09:41:39,310.1,309.9,320,310.8,560,0,16080
FINNIFTY02JAN2421150CE.NFO,02/01/2024,09:41:41,310.1,311.2,480,312.05,640,0,16080
FINNIFTY02JAN2421150CE.NFO,02/01/2024,09:41:43,310.1,311.2,320,312.15,800,0,16080
FINNIFTY02JAN2421150CE.NFO,02/01/2024,09:41:44,310.1,311.6,320,312.45,560,0,16080
FINNIFTY02JAN2421150CE.NFO,02/01/2024,09:41:46,310.1,311.9,320,312.75,120,0,16080
FINNIFTY02JAN2421150CE.NFO,02/01/2024,09:41:48,310.1,311.1,320,312,560,0,16080
FINNIFTY02JAN2421150CE.NFO,02/01/2024,09:41:49,310.1,311.05,320,311.85,160,0,16080
FINNIFTY02JAN2421150CE.NFO,02/01/2024,09:41:51,310.1,310.2,320,311.05,120,0,16080
FINNIFTY02JAN2421150CE.NFO,02/01/2024,09:41:53,310.1,309.95,320,310.8,200,0,16080
FINNIFTY02JAN2421150CE.NFO,02/01/2024,09:41:54,310.1,310.45,320,311.35,840,0,16080
FINNIFTY02JAN2421150CE.NFO,02/01/2024,09:41:56,310.1,310.35,280,311.2,640,0,16080
FINNIFTY02JAN2421150CE.NFO,02/01/2024,09:41:58,310.1,310.35,320,311.25,160,0,16080
FINNIFTY02JAN2421150CE.NFO,02/01/2024,09:41:59,310.1,310.15,240,311,160,0,16080
FINNIFTY02JAN2421150CE.NFO,02/01/2024,09:42:01,307.35,307,120,308.05,120,280,15280
FINNIFTY02JAN2421150CE.NFO,02/01/2024,09:42:03,307.35,306.65,160,308,560,0,15280
FINNIFTY02JAN2421150CE.NFO,02/01/2024,09:42:04,307.35,306.9,200,308.05,640,0,15280
FINNIFTY02JAN2421150CE.NFO,02/01/2024,09:42:06,308,305,120,305.6,560,160,15280
FINNIFTY02JAN2421150CE.NFO,02/01/2024,09:42:08,305,304.75,240,305.65,640,120,15280
FINNIFTY02JAN2421150CE.NFO,02/01/2024,09:42:09,305,306,240,306.85,160,0,15280
FINNIFTY02JAN2421150CE.NFO,02/01/2024,09:42:11,305,306.4,120,307.15,80,0,15280
FINNIFTY02JAN2421150CE.NFO,02/01/2024,09:42:13,305,305.75,120,306.7,200,0,15280
FINNIFTY02JAN2421150CE.NFO,02/01/2024,09:42:14,305,305.8,240,306.7,640,0,15280
FINNIFTY02JAN2421150CE.NFO,02/01/2024,09:42:16,305,305.8,160,306.55,160,0,15280
FINNIFTY02JAN2421150CE.NFO,02/01/2024,09:42:18,305,306.5,240,307.25,40,0,15280
FINNIFTY02JAN2421150CE.NFO,02/01/2024,09:42:19,308.4,307.95,200,309.1,280,40,15280
FINNIFTY02JAN2421150CE.NFO,02/01/2024,09:42:21,308.4,306.75,200,307.6,680,0,15280
FINNIFTY02JAN2421150CE.NFO,02/01/2024,09:42:23,308.4,306.65,120,307.5,680,0,15280
FINNIFTY02JAN2421150CE.NFO,02/01/2024,09:42:24,308.4,306.15,280,307.2,120,0,15280
FINNIFTY02JAN2421150CE.NFO,02/01/2024,09:42:26,308.4,305.85,200,306.6,120,0,15280
FINNIFTY02JAN2421150CE.NFO,02/01/2024,09:42:28,308.4,305.85,200,306.65,40,0,15280
FINNIFTY02JAN2421150CE.NFO,02/01/2024,09:42:29,308.4,306.75,200,307.6,560,0,15280
FINNIFTY02JAN2421150CE.NFO,02/01/2024,09:42:31,308.4,307.5,240,308.4,640,0,15280
FINNIFTY02JAN2421150CE.NFO,02/01/2024,09:42:33,308.4,307.55,200,308.35,80,0,15280
FINNIFTY02JAN2421150CE.NFO,02/01/2024,09:42:34,308.4,307,200,307.85,600,0,15280
FINNIFTY02JAN2421150CE.NFO,02/01/2024,09:42:36,308.4,307.05,200,307.85,40,0,15280
FINNIFTY02JAN2421150CE.NFO,02/01/2024,09:42:38,308.4,307.2,160,308.1,160,0,15280
FINNIFTY02JAN2421150CE.NFO,02/01/2024,09:42:39,308.4,308.45,200,309.35,640,0,15280
FINNIFTY02JAN2421150CE.NFO,02/01/2024,09:42:41,308.4,307.6,200,308.45,640,0,15280
FINNIFTY02JAN2421150CE.NFO,02/01/2024,09:42:43,308.4,308.05,200,308.95,640,0,15280
FINNIFTY02JAN2421150CE.NFO,02/01/2024,09:42:44,308.4,308.75,200,309.55,640,0,15280
FINNIFTY02JAN2421150CE.NFO,02/01/2024,09:42:46,308.4,307.95,1560,309,120,0,15280
FINNIFTY02JAN2421150CE.NFO,02/01/2024,09:42:48,308.4,308.7,200,309.6,600,0,15280
FINNIFTY02JAN2421150CE.NFO,02/01/2024,09:42:49,308.4,308.45,120,309.2,40,0,15280
FINNIFTY02JAN2421150CE.NFO,02/01/2024,09:42:51,308.4,308.95,200,309.7,120,0,15280
FINNIFTY02JAN2421150CE.NFO,02/01/2024,09:42:53,308.4,311,200,311.85,80,0,15280
FINNIFTY02JAN2421150CE.NFO,02/01/2024,09:42:55,308.4,310.25,200,311.15,640,0,15280
FINNIFTY02JAN2421150CE.NFO,02/01/2024,09:42:56,308.4,310.75,200,311.8,120,0,15280
FINNIFTY02JAN2421150CE.NFO,02/01/2024,09:42:58,308.4,311.35,200,312.2,640,0,15280
FINNIFTY02JAN2421150CE.NFO,02/01/2024,09:43:00,308.4,311.7,200,312.5,120,0,15280
FINNIFTY02JAN2421150CE.NFO,02/01/2024,09:43:01,308.4,309.65,200,310.5,640,0,15280
FINNIFTY02JAN2421150CE.NFO,02/01/2024,09:43:03,308.4,310.4,200,311.2,40,0,15280
FINNIFTY02JAN2421150CE.NFO,02/01/2024,09:43:05,308.4,311.35,40,312.15,560,0,15280
FINNIFTY02JAN2421150CE.NFO,02/01/2024,09:43:06,308.4,310.45,160,311.3,680,0,15280
FINNIFTY02JAN2421150CE.NFO,02/01/2024,09:43:08,308.4,310.35,120,311.2,640,0,15280
FINNIFTY02JAN2421150CE.NFO,02/01/2024,09:43:10,308.4,309.45,200,310.4,600,0,15280
FINNIFTY02JAN2421150CE.NFO,02/01/2024,09:43:11,308.4,309.15,200,310,640,0,15280
FINNIFTY02JAN2421150CE.NFO,02/01/2024,09:43:13,308.4,306.95,200,307.9,640,0,15280
FINNIFTY02JAN2421150CE.NFO,02/01/2024,09:43:15,308.4,307.25,200,308.15,640,0,15280
FINNIFTY02JAN2421150CE.NFO,02/01/2024,09:43:16,308.4,307.5,200,308.4,640,0,15280
FINNIFTY02JAN2421150CE.NFO,02/01/2024,09:43:18,308.4,306.75,120,307.55,640,0,15280
FINNIFTY02JAN2421150CE.NFO,02/01/2024,09:43:20,308.4,306.25,200,307.1,120,0,15280
FINNIFTY02JAN2421150CE.NFO,02/01/2024,09:43:21,308.4,306.3,200,307.15,120,0,15280
FINNIFTY02JAN2421150CE.NFO,02/01/2024,09:43:23,308.4,306.15,200,306.95,120,0,15280
FINNIFTY02JAN2421150CE.NFO,02/01/2024,09:43:25,304.15,305.85,640,306.7,640,1680,15280
FINNIFTY02JAN2421150CE.NFO,02/01/2024,09:43:26,304.15,304,120,304.85,640,0,15280
FINNIFTY02JAN2421150CE.NFO,02/01/2024,09:43:28,304.15,304.15,640,305,640,0,15280
FINNIFTY02JAN2421150CE.NFO,02/01/2024,09:43:30,304.15,305.35,560,306.15,560,0,15280
FINNIFTY02JAN2421150CE.NFO,02/01/2024,09:43:31,304.15,305.3,640,306.1,120,0,15280
FINNIFTY02JAN2421150CE.NFO,02/01/2024,09:43:33,304.15,303.15,560,304,640,0,15280
FINNIFTY02JAN2421150CE.NFO,02/01/2024,09:43:35,304.15,303.4,640,304.25,680,0,15280
FINNIFTY02JAN2421150CE.NFO,02/01/2024,09:43:36,304.15,302.25,560,303.15,120,0,15280
FINNIFTY02JAN2421150CE.NFO,02/01/2024,09:43:38,304.15,301.05,40,302,560,0,15280
FINNIFTY02JAN2421150CE.NFO,02/01/2024,09:43:40,304.15,301.65,640,302.5,640,0,15280
FINNIFTY02JAN2421150CE.NFO,02/01/2024,09:43:41,304.15,301.7,560,302.6,560,0,15280
FINNIFTY02JAN2421150CE.NFO,02/01/2024,09:43:43,304.15,301.55,640,302.4,640,0,15280
FINNIFTY02JAN2421150CE.NFO,02/01/2024,09:43:45,304.15,300.85,640,301.7,40,0,15280
FINNIFTY02JAN2421150CE.NFO,02/01/2024,09:43:46,304.15,301.7,640,302.5,640,0,15280
FINNIFTY02JAN2421150CE.NFO,02/01/2024,09:43:48,304.15,304,560,304.9,560,0,15280
FINNIFTY02JAN2421150CE.NFO,02/01/2024,09:43:50,304.15,304.15,640,304.9,120,0,15280
FINNIFTY02JAN2421150CE.NFO,02/01/2024,09:43:51,304.15,303,560,303.85,560,0,15280
FINNIFTY02JAN2421150CE.NFO,02/01/2024,09:43:53,304.15,302.55,560,303.4,40,0,15280
FINNIFTY02JAN2421150CE.NFO,02/01/2024,09:43:55,304.15,302.15,640,303,120,0,15280
FINNIFTY02JAN2421150CE.NFO,02/01/2024,09:43:56,304.15,302.2,640,303.1,560,0,15280
FINNIFTY02JAN2421150CE.NFO,02/01/2024,09:43:58,304.15,302.85,640,303.75,600,0,15280
FINNIFTY02JAN2421150CE.NFO,02/01/2024,09:44:00,304.15,304.6,560,305.35,120,0,15280
FINNIFTY02JAN2421150CE.NFO,02/01/2024,09:44:01,304.15,301.75,360,302.55,640,0,15280
FINNIFTY02JAN2421150CE.NFO,02/01/2024,09:44:03,304.15,300.6,640,301.45,680,0,15280
FINNIFTY02JAN2421150CE.NFO,02/01/2024,09:44:05,298.4,299,640,299.85,680,80,15280
FINNIFTY02JAN2421150CE.NFO,02/01/2024,09:44:06,298.4,299,640,299.85,640,0,15280
FINNIFTY02JAN2421150CE.NFO,02/01/2024,09:44:08,298.4,299.2,560,300.05,640,0,15280
FINNIFTY02JAN2421150CE.NFO,02/01/2024,09:44:10,298.4,298.3,640,299.15,640,0,15280
FINNIFTY02JAN2421150CE.NFO,02/01/2024,09:44:11,298.4,299.15,640,300,640,0,15280
FINNIFTY02JAN2421150CE.NFO,02/01/2024,09:44:13,298.4,299.75,640,300.65,640,0,15280
FINNIFTY02JAN2421150CE.NFO,02/01/2024,09:44:15,298.4,300,640,300.9,640,0,15280
FINNIFTY02JAN2421150CE.NFO,02/01/2024,09:44:16,298.4,299.8,640,300.65,640,0,15280
FINNIFTY02JAN2421150CE.NFO,02/01/2024,09:44:18,298.4,296.7,80,297.75,40,0,15280
FINNIFTY02JAN2421150CE.NFO,02/01/2024,09:44:20,298.4,296.8,640,297.65,640,0,15280
FINNIFTY02JAN2421150CE.NFO,02/01/2024,09:44:21,298.4,298.95,640,299.85,640,0,15280
FINNIFTY02JAN2421150CE.NFO,02/01/2024,09:44:23,298.4,299.15,640,300,640,0,15280
FINNIFTY02JAN2421150CE.NFO,02/01/2024,09:44:25,298.4,299.1,640,299.95,680,0,15280
FINNIFTY02JAN2421150CE.NFO,02/01/2024,09:44:26,298.4,299.7,640,300.5,40,0,15280
FINNIFTY02JAN2421150CE.NFO,02/01/2024,09:44:28,298.4,300.1,560,301,560,0,15280
FINNIFTY02JAN2421150CE.NFO,02/01/2024,09:44:30,299.35,299.35,600,300.1,120,40,15280
FINNIFTY02JAN2421150CE.NFO,02/01/2024,09:44:31,299.35,299.95,640,300.75,40,0,15680
FINNIFTY02JAN2421150CE.NFO,02/01/2024,09:44:33,299.35,299.75,640,300.6,200,0,15680
FINNIFTY02JAN2421150CE.NFO,02/01/2024,09:44:35,299.35,298.1,680,299,640,0,15680
FINNIFTY02JAN2421150CE.NFO,02/01/2024,09:44:36,299.35,298.15,560,298.85,40,0,15680
FINNIFTY02JAN2421150CE.NFO,02/01/2024,09:44:38,299.35,299.15,560,299.95,40,0,15680
FINNIFTY02JAN2421150CE.NFO,02/01/2024,09:44:40,299.35,299.1,640,299.9,160,0,15680
FINNIFTY02JAN2421150CE.NFO,02/01/2024,09:44:41,299.35,300.2,120,301,120,0,15680
FINNIFTY02JAN2421150CE.NFO,02/01/2024,09:44:43,299.35,300.1,160,300.85,40,0,15680
FINNIFTY02JAN2421150CE.NFO,02/01/2024,09:44:45,299.35,300.5,640,301.35,720,0,15680
FINNIFTY02JAN2421150CE.NFO,02/01/2024,09:44:46,299.35,299.7,640,300.5,160,0,15680
FINNIFTY02JAN2421150CE.NFO,02/01/2024,09:44:48,299.35,299.25,680,300.05,120,0,15680
FINNIFTY02JAN2421150CE.NFO,02/01/2024,09:44:50,299.35,299.15,640,299.95,160,0,15680
FINNIFTY02JAN2421150CE.NFO,02/01/2024,09:44:51,299.35,299.6,640,300.4,120,0,15680
FINNIFTY02JAN2421150CE.NFO,02/01/2024,09:44:53,299.35,299.4,640,300.2,160,0,15680
FINNIFTY02JAN2421150CE.NFO,02/01/2024,09:44:55,299.35,299.75,640,300.6,200,0,15680
FINNIFTY02JAN2421150CE.NFO,02/01/2024,09:44:56,299.35,299,640,299.75,160,0,15680
FINNIFTY02JAN2421150CE.NFO,02/01/2024,09:44:58,299.35,298.4,680,299.25,640,0,15680
FINNIFTY02JAN2421150CE.NFO,02/01/2024,09:45:00,299.35,298.35,680,299.25,80,0,15680
FINNIFTY02JAN2421150CE.NFO,02/01/2024,09:45:01,299.35,297,640,297.9,640,0,15680
FINNIFTY02JAN2421150CE.NFO,02/01/2024,09:45:03,299.35,297.5,640,298.35,120,0,15680
FINNIFTY02JAN2421150CE.NFO,02/01/2024,09:45:05,299.35,299.35,360,300.3,80,0,15680
FINNIFTY02JAN2421150CE.NFO,02/01/2024,09:45:06,299.35,298,280,298.9,640,0,15680
FINNIFTY02JAN2421150CE.NFO,02/01/2024,09:45:08,299.35,297.5,640,298.25,120,0,15680
FINNIFTY02JAN2421150CE.NFO,02/01/2024,09:45:10,299.35,297.95,640,298.95,680,0,15680
FINNIFTY02JAN2421150CE.NFO,02/01/2024,09:45:11,299.35,298.6,720,299.35,120,0,15680
FINNIFTY02JAN2421150CE.NFO,02/01/2024,09:45:13,299.35,299.1,640,299.95,120,0,15680
FINNIFTY02JAN2421150CE.NFO,02/01/2024,09:45:15,299.35,297.85,80,299.35,120,0,15680
FINNIFTY02JAN2421150CE.NFO,02/01/2024,09:45:16,299.35,298.9,640,299.6,160,0,15680
FINNIFTY02JAN2421150CE.NFO,02/01/2024,09:45:18,299.35,297.75,600,298.6,680,0,15680
FINNIFTY02JAN2421150CE.NFO,02/01/2024,09:45:20,299.35,297.7,120,298.45,160,0,15680
FINNIFTY02JAN2421150CE.NFO,02/01/2024,09:45:21,299.35,297.15,560,297.9,40,0,15680
FINNIFTY02JAN2421150CE.NFO,02/01/2024,09:45:23,299.35,296.3,640,297.1,120,0,15680
FINNIFTY02JAN2421150CE.NFO,02/01/2024,09:45:25,299.35,295.85,680,296.75,640,0,15680
FINNIFTY02JAN2421150CE.NFO,02/01/2024,09:45:26,299.35,293.5,560,294.35,80,0,15680
FINNIFTY02JAN2421150CE.NFO,02/01/2024,09:45:28,299.35,294.05,560,294.8,40,0,15680
FINNIFTY02JAN2421150CE.NFO,02/01/2024,09:45:30,299.35,294.1,560,295,640,0,15680
FINNIFTY02JAN2421150CE.NFO,02/01/2024,09:45:31,299.35,295.6,640,296.6,120,0,15680
FINNIFTY02JAN2421150CE.NFO,02/01/2024,09:45:33,299.35,294.95,320,295.9,640,0,15680
FINNIFTY02JAN2421150CE.NFO,02/01/2024,09:45:35,299.35,295.45,640,296.25,640,0,15680
FINNIFTY02JAN2421150CE.NFO,02/01/2024,09:45:36,299.35,295.75,640,296.5,200,0,15680
FINNIFTY02JAN2421150CE.NFO,02/01/2024,09:45:38,299.35,295.25,640,296,120,0,15680
FINNIFTY02JAN2421150CE.NFO,02/01/2024,09:45:40,299.35,295.3,640,296.15,120,0,15680
FINNIFTY02JAN2421150CE.NFO,02/01/2024,09:45:41,299.35,295.35,640,296.2,680,0,15680
FINNIFTY02JAN2421150CE.NFO,02/01/2024,09:45:43,299.35,295.05,640,295.9,680,0,15680
FINNIFTY02JAN2421150CE.NFO,02/01/2024,09:45:45,299.35,294.9,640,295.6,80,0,15680
FINNIFTY02JAN2421150CE.NFO,02/01/2024,09:45:46,299.35,293.75,600,294.7,640,0,15680
FINNIFTY02JAN2421150CE.NFO,02/01/2024,09:45:48,299.35,292.55,160,293.7,120,0,15680
FINNIFTY02JAN2421150CE.NFO,02/01/2024,09:45:50,299.35,292.35,640,293.2,640,0,15680
FINNIFTY02JAN2421150CE.NFO,02/01/2024,09:45:51,299.35,291.4,160,292.4,120,0,15680
FINNIFTY02JAN2421150CE.NFO,02/01/2024,09:45:53,299.35,291.4,640,292.25,640,0,15680
FINNIFTY02JAN2421150CE.NFO,02/01/2024,09:45:55,287.9,287.9,80,289.05,80,520,15680
FINNIFTY02JAN2421150CE.NFO,02/01/2024,09:45:56,289,290.55,680,291.45,120,120,15680
FINNIFTY02JAN2421150CE.NFO,02/01/2024,09:45:58,289,289.9,640,290.9,40,0,15680
FINNIFTY02JAN2421150CE.NFO,02/01/2024,09:46:00,289,288.75,200,289.8,120,0,15680
FINNIFTY02JAN2421150CE.NFO,02/01/2024,09:46:01,289,289.8,80,290.9,80,0,15680
FINNIFTY02JAN2421150CE.NFO,02/01/2024,09:46:03,289,289.05,40,290.15,40,0,15680
FINNIFTY02JAN2421150CE.NFO,02/01/2024,09:46:05,289,287.1,640,287.9,160,0,15680
FINNIFTY02JAN2421150CE.NFO,02/01/2024,09:46:06,289,286.35,640,287.3,640,0,15680
FINNIFTY02JAN2421150CE.NFO,02/01/2024,09:46:08,289,288.6,560,289.4,40,0,15680
FINNIFTY02JAN2421150CE.NFO,02/01/2024,09:46:10,289,287.9,640,288.7,40,0,15680
FINNIFTY02JAN2421150CE.NFO,02/01/2024,09:46:11,289,287.15,640,288,560,0,15680
FINNIFTY02JAN2421150CE.NFO,02/01/2024,09:46:13,289,287.4,80,288.2,640,0,15680
FINNIFTY02JAN2421150CE.NFO,02/01/2024,09:46:15,289,287.65,680,288.6,720,0,15680
FINNIFTY02JAN2421150CE.NFO,02/01/2024,09:46:16,289,288.95,640,289.7,40,0,15680
FINNIFTY02JAN2421150CE.NFO,02/01/2024,09:46:18,289,289.8,640,290.5,120,0,15680
FINNIFTY02JAN2421150CE.NFO,02/01/2024,09:46:20,289,288.95,40,289.8,560,0,15680
FINNIFTY02JAN2421150CE.NFO,02/01/2024,09:46:21,289,289.3,640,290.05,80,0,15680
FINNIFTY02JAN2421150CE.NFO,02/01/2024,09:46:23,289,289.95,40,290.5,40,0,15680
FINNIFTY02JAN2421150CE.NFO,02/01/2024,09:46:25,290.55,290.1,640,290.95,680,40,15680
FINNIFTY02JAN2421150CE.NFO,02/01/2024,09:46:26,290.55,289.7,640,290.55,640,0,15680
FINNIFTY02JAN2421150CE.NFO,02/01/2024,09:46:28,290.55,290.1,640,290.95,120,0,15680
FINNIFTY02JAN2421150CE.NFO,02/01/2024,09:46:30,291,291.3,800,292.2,80,160,15680
FINNIFTY02JAN2421150CE.NFO,02/01/2024,09:46:31,291,291.9,560,292.7,160,0,15680
FINNIFTY02JAN2421150CE.NFO,02/01/2024,09:46:33,291,292.55,680,293.35,120,0,15680
FINNIFTY02JAN2421150CE.NFO,02/01/2024,09:46:35,291,293.1,560,293.95,160,0,15680
FINNIFTY02JAN2421150CE.NFO,02/01/2024,09:46:36,291,292.45,80,293.25,560,0,15680
FINNIFTY02JAN2421150CE.NFO,02/01/2024,09:46:38,291,291.65,640,292.45,120,0,15680
FINNIFTY02JAN2421150CE.NFO,02/01/2024,09:46:40,291,291.85,640,292.75,640,0,15680
FINNIFTY02JAN2421150CE.NFO,02/01/2024,09:46:41,291,292.65,640,293.5,680,0,15680
FINNIFTY02JAN2421150CE.NFO,02/01/2024,09:46:43,291,293.05,120,293.85,120,0,15680
FINNIFTY02JAN2421150CE.NFO,02/01/2024,09:46:45,291,293.2,160,293.95,160,0,15680
FINNIFTY02JAN2421150CE.NFO,02/01/2024,09:46:46,291,293.05,720,293.9,720,0,15680
FINNIFTY02JAN2421150CE.NFO,02/01/2024,09:46:48,291,294.05,120,294.9,680,0,15680
FINNIFTY02JAN2421150CE.NFO,02/01/2024,09:46:50,291,293.55,640,294.45,640,0,15680
FINNIFTY02JAN2421150CE.NFO,02/01/2024,09:46:51,291,294.95,640,295.85,880,0,15680
FINNIFTY02JAN2421150CE.NFO,02/01/2024,09:46:53,291,294.75,640,295.55,120,0,15680
FINNIFTY02JAN2421150CE.NFO,02/01/2024,09:46:55,291,294.9,640,295.6,120,0,15680
FINNIFTY02JAN2421150CE.NFO,02/01/2024,09:46:56,291,294.6,640,295.4,720,0,15680
FINNIFTY02JAN2421150CE.NFO,02/01/2024,09:46:58,291,295.05,640,295.8,120,0,15680
FINNIFTY02JAN2421150CE.NFO,02/01/2024,09:47:00,291,294.5,640,295.3,240,0,15680
FINNIFTY02JAN2421150CE.NFO,02/01/2024,09:47:01,291,296.4,1120,297.7,80,0,15680
FINNIFTY02JAN2421150CE.NFO,02/01/2024,09:47:03,291,298.5,640,299.25,40,0,15680
FINNIFTY02JAN2421150CE.NFO,02/01/2024,09:47:05,291,298.05,640,298.8,40,0,15680
FINNIFTY02JAN2421150CE.NFO,02/01/2024,09:47:07,291,296.1,640,296.9,120,0,15680
FINNIFTY02JAN2421150CE.NFO,02/01/2024,09:47:08,291,296.05,640,296.9,560,0,15680
FINNIFTY02JAN2421150CE.NFO,02/01/2024,09:47:10,291,297.2,640,297.95,120,0,15680
FINNIFTY02JAN2421150CE.NFO,02/01/2024,09:47:11,291,297.2,640,298.05,640,0,15680
FINNIFTY02JAN2421150CE.NFO,02/01/2024,09:47:13,291,297.5,80,298.5,120,0,15680
FINNIFTY02JAN2421150CE.NFO,02/01/2024,09:47:15,291,296.95,640,297.75,40,0,15680
FINNIFTY02JAN2421150CE.NFO,02/01/2024,09:47:16,291,296.8,640,297.6,160,0,15680
FINNIFTY02JAN2421150CE.NFO,02/01/2024,09:47:18,291,298.6,560,299.35,40,0,15680
FINNIFTY02JAN2421150CE.NFO,02/01/2024,09:47:20,291,297.8,560,298.65,680,0,15680
FINNIFTY02JAN2421150CE.NFO,02/01/2024,09:47:21,291,297.95,640,298.8,120,0,15680
FINNIFTY02JAN2421150CE.NFO,02/01/2024,09:47:23,291,298.5,640,299.25,120,0,15680
FINNIFTY02JAN2421150CE.NFO,02/01/2024,09:47:25,291,297.95,640,298.7,120,0,15680
FINNIFTY02JAN2421150CE.NFO,02/01/2024,09:47:26,291,297.9,640,298.75,760,0,15680
FINNIFTY02JAN2421150CE.NFO,02/01/2024,09:47:28,291,299.4,640,300.25,640,0,15680
FINNIFTY02JAN2421150CE.NFO,02/01/2024,09:47:30,291,300,640,300.85,120,0,15680
FINNIFTY02JAN2421150CE.NFO,02/01/2024,09:47:31,291,301.45,640,302.25,120,0,15680
FINNIFTY02JAN2421150CE.NFO,02/01/2024,09:47:33,291,300.65,120,301.6,640,0,15680
FINNIFTY02JAN2421150CE.NFO,02/01/2024,09:47:35,291,301.15,640,301.95,160,0,15680
FINNIFTY02JAN2421150CE.NFO,02/01/2024,09:47:36,291,300.85,560,301.75,640,0,15680
FINNIFTY02JAN2421150CE.NFO,02/01/2024,09:47:38,291,301.7,680,302.6,640,0,15680
FINNIFTY02JAN2421150CE.NFO,02/01/2024,09:47:40,291,301.1,120,301.9,160,0,15680
FINNIFTY02JAN2421150CE.NFO,02/01/2024,09:47:41,291,300.5,120,301.4,640,0,15680
FINNIFTY02JAN2421150CE.NFO,02/01/2024,09:47:43,291,301.25,640,302.1,680,0,15680
FINNIFTY02JAN2421150CE.NFO,02/01/2024,09:47:45,302.2,300.95,640,301.75,120,40,16040
FINNIFTY02JAN2421150CE.NFO,02/01/2024,09:47:46,302.2,299.9,640,300.75,640,0,16040
FINNIFTY02JAN2421150CE.NFO,02/01/2024,09:47:48,302.2,301.4,640,302.25,680,0,16040
FINNIFTY02JAN2421150CE.NFO,02/01/2024,09:47:50,302.2,301.6,640,302.45,680,0,16040
FINNIFTY02JAN2421150CE.NFO,02/01/2024,09:47:51,302.2,301.6,80,302.35,560,0,16040
FINNIFTY02JAN2421150CE.NFO,02/01/2024,09:47:53,302.2,299.1,120,300.1,240,0,16040
FINNIFTY02JAN2421150CE.NFO,02/01/2024,09:47:55,302.2,297.2,160,298.4,120,0,16040
FINNIFTY02JAN2421150CE.NFO,02/01/2024,09:47:56,302.2,298.9,640,299.65,40,0,16040
FINNIFTY02JAN2421150CE.NFO,02/01/2024,09:47:58,302.2,299.3,640,300.1,680,0,16040
FINNIFTY02JAN2421150CE.NFO,02/01/2024,09:48:00,302.2,299.6,640,300.5,640,0,16040
FINNIFTY02JAN2421150CE.NFO,02/01/2024,09:48:01,302.2,298.75,640,299.55,680,0,16040
FINNIFTY02JAN2421150CE.NFO,02/01/2024,09:48:03,302.2,298.65,560,299.5,560,0,16040
FINNIFTY02JAN2421150CE.NFO,02/01/2024,09:48:05,302.2,297.6,640,298.45,640,0,16040
FINNIFTY02JAN2421150CE.NFO,02/01/2024,09:48:06,302.2,296.6,640,297.4,40,0,16040
FINNIFTY02JAN2421150CE.NFO,02/01/2024,09:48:08,302.2,296.6,640,297.45,40,0,16040
FINNIFTY02JAN2421150CE.NFO,02/01/2024,09:48:10,302.2,296.7,640,297.45,120,0,16040
FINNIFTY02JAN2421150CE.NFO,02/01/2024,09:48:11,302.2,296.35,40,297.05,560,0,16040
FINNIFTY02JAN2421150CE.NFO,02/01/2024,09:48:13,302.2,297.2,640,297.95,120,0,16040
FINNIFTY02JAN2421150CE.NFO,02/01/2024,09:48:15,302.2,297.4,640,298.2,120,0,16040
FINNIFTY02JAN2421150CE.NFO,02/01/2024,09:48:16,302.2,297.25,640,298.05,120,0,16040
FINNIFTY02JAN2421150CE.NFO,02/01/2024,09:48:18,302.2,295.55,560,296.25,200,0,16040
FINNIFTY02JAN2421150CE.NFO,02/01/2024,09:48:20,302.2,294.9,640,295.75,640,0,16040
FINNIFTY02JAN2421150CE.NFO,02/01/2024,09:48:21,302.2,295.3,640,296.1,640,0,16040
FINNIFTY02JAN2421150CE.NFO,02/01/2024,09:48:23,302.2,294.95,640,295.75,640,0,16040
FINNIFTY02JAN2421150CE.NFO,02/01/2024,09:48:25,302.2,294.05,640,294.9,640,0,16040
FINNIFTY02JAN2421150CE.NFO,02/01/2024,09:48:26,302.2,294,640,294.85,640,0,16040
FINNIFTY02JAN2421150CE.NFO,02/01/2024,09:48:28,302.2,294.2,200,295,560,0,16040
FINNIFTY02JAN2421150CE.NFO,02/01/2024,09:48:30,302.2,294.3,640,295.15,640,0,16040
FINNIFTY02JAN2421150CE.NFO,02/01/2024,09:48:31,302.2,294.5,640,295.35,640,0,16040
FINNIFTY02JAN2421150CE.NFO,02/01/2024,09:48:33,302.2,294.3,640,295.15,680,0,16040
FINNIFTY02JAN2421150CE.NFO,02/01/2024,09:48:35,302.2,293.4,560,294.25,560,0,16040
FINNIFTY02JAN2421150CE.NFO,02/01/2024,09:48:36,302.2,293.25,640,294.1,640,0,16040
FINNIFTY02JAN2421150CE.NFO,02/01/2024,09:48:38,302.2,293.45,640,294.25,120,0,16040
FINNIFTY02JAN2421150CE.NFO,02/01/2024,09:48:40,302.2,293.8,560,294.5,40,0,16040
FINNIFTY02JAN2421150CE.NFO,02/01/2024,09:48:41,302.2,295.5,640,296.3,120,0,16040
FINNIFTY02JAN2421150CE.NFO,02/01/2024,09:48:43,302.2,296.1,640,296.95,680,0,16040
FINNIFTY02JAN2421150CE.NFO,02/01/2024,09:48:45,302.2,296.3,560,297.1,240,0,16040
FINNIFTY02JAN2421150CE.NFO,02/01/2024,09:48:46,302.2,297.35,640,298.15,680,0,16040
FINNIFTY02JAN2421150CE.NFO,02/01/2024,09:48:48,302.2,297.55,640,298.25,40,0,16040
FINNIFTY02JAN2421150CE.NFO,02/01/2024,09:48:50,302.2,297.65,560,298.35,120,0,16040
FINNIFTY02JAN2421150CE.NFO,02/01/2024,09:48:51,302.2,297,680,297.85,640,0,16040
