Ticker,Date,Time,LTP,BuyPrice,BuyQty,SellPrice,SellQty,LTQ,OpenInterest
FINNIFTY02JAN2420750PE.NFO,02/01/2024,09:15:02,0.8,0.5,6040,0.55,15920,18040,449000
FINNIFTY02JAN2420750PE.NFO,02/01/2024,09:15:02,0.8,0.5,6040,0.55,15920,0,449000
FINNIFTY02JAN2420750PE.NFO,02/01/2024,09:15:02,0.9,0.5,6040,0.55,15920,0,449000
FINNIFTY02JAN2420750PE.NFO,02/01/2024,09:15:02,0.5,0.5,6040,0.55,15920,0,449000
FINNIFTY02JAN2420750PE.NFO,02/01/2024,09:15:16,0.5,0.5,26680,0.55,67960,36720,449000
FINNIFTY02JAN2420750PE.NFO,02/01/2024,09:15:28,0.45,0.45,84120,0.5,75840,20120,449000
FINNIFTY02JAN2420750PE.NFO,02/01/2024,09:15:28,0.45,0.45,84120,0.5,75840,0,449000
FINNIFTY02JAN2420750PE.NFO,02/01/2024,09:15:39,0.45,0.45,81360,0.5,83480,5080,449000
FINNIFTY02JAN2420750PE.NFO,02/01/2024,09:15:50,0.45,0.45,75160,0.5,84440,7480,449000
FINNIFTY02JAN2420750PE.NFO,02/01/2024,09:16:00,0.45,0.45,61560,0.5,90920,20400,449000
FINNIFTY02JAN2420750PE.NFO,02/01/2024,09:16:12,0.45,0.45,69200,0.5,98400,48040,449000
FINNIFTY02JAN2420750PE.NFO,02/01/2024,09:16:22,0.5,0.45,80440,0.5,96120,44120,449000
FINNIFTY02JAN2420750PE.NFO,02/01/2024,09:16:31,0.45,0.45,58200,0.5,142800,43560,449000
FINNIFTY02JAN2420750PE.NFO,02/01/2024,09:16:41,0.45,0.45,51240,0.5,142360,17480,449000
FINNIFTY02JAN2420750PE.NFO,02/01/2024,09:16:50,0.45,0.45,37000,0.5,168480,14600,449000
FINNIFTY02JAN2420750PE.NFO,02/01/2024,09:17:00,0.45,0.4,143280,0.45,133960,17640,449000
FINNIFTY02JAN2420750PE.NFO,02/01/2024,09:17:00,0.4,0.4,143280,0.45,133960,0,449000
FINNIFTY02JAN2420750PE.NFO,02/01/2024,09:17:10,0.45,0.4,146440,0.45,128640,2240,449000
FINNIFTY02JAN2420750PE.NFO,02/01/2024,09:17:19,0.45,0.4,145920,0.45,125400,2400,449000
FINNIFTY02JAN2420750PE.NFO,02/01/2024,09:17:29,0.45,0.4,156880,0.45,128120,45600,586920
FINNIFTY02JAN2420750PE.NFO,02/01/2024,09:17:39,0.45,0.4,161120,0.45,126640,12640,586920
FINNIFTY02JAN2420750PE.NFO,02/01/2024,09:17:48,0.4,0.4,156440,0.45,126760,10000,586920
FINNIFTY02JAN2420750PE.NFO,02/01/2024,09:17:58,0.4,0.4,134600,0.45,128520,22560,586920
FINNIFTY02JAN2420750PE.NFO,02/01/2024,09:18:07,0.45,0.4,109560,0.45,136760,29080,586920
FINNIFTY02JAN2420750PE.NFO,02/01/2024,09:18:17,0.45,0.4,117680,0.45,141240,2720,586920
FINNIFTY02JAN2420750PE.NFO,02/01/2024,09:18:27,0.45,0.4,116080,0.45,146520,1920,586920
FINNIFTY02JAN2420750PE.NFO,02/01/2024,09:18:36,0.4,0.4,116080,0.45,132120,200,586920
FINNIFTY02JAN2420750PE.NFO,02/01/2024,09:18:46,0.45,0.4,116680,0.45,144720,3600,586920
FINNIFTY02JAN2420750PE.NFO,02/01/2024,09:18:55,0.4,0.4,121880,0.45,137040,19280,586920
FINNIFTY02JAN2420750PE.NFO,02/01/2024,09:19:06,0.4,0.4,114080,0.45,131280,5240,586920
FINNIFTY02JAN2420750PE.NFO,02/01/2024,09:19:16,0.45,0.4,119600,0.45,132200,200,586920
FINNIFTY02JAN2420750PE.NFO,02/01/2024,09:19:26,0.45,0.4,113360,0.45,119400,21000,586920
FINNIFTY02JAN2420750PE.NFO,02/01/2024,09:19:36,0.45,0.4,111520,0.45,89000,23400,586920
FINNIFTY02JAN2420750PE.NFO,02/01/2024,09:19:45,0.45,0.4,112040,0.45,66320,23600,586920
FINNIFTY02JAN2420750PE.NFO,02/01/2024,09:19:56,0.45,0.4,113320,0.45,75680,240,586920
FINNIFTY02JAN2420750PE.NFO,02/01/2024,09:20:06,0.4,0.4,111320,0.45,81160,4600,586920
FINNIFTY02JAN2420750PE.NFO,02/01/2024,09:20:16,0.4,0.4,89400,0.45,71960,24000,586920
FINNIFTY02JAN2420750PE.NFO,02/01/2024,09:20:26,0.45,0.4,86200,0.45,53440,27120,586920
FINNIFTY02JAN2420750PE.NFO,02/01/2024,09:20:36,0.4,0.4,81720,0.45,55200,11720,684680
FINNIFTY02JAN2420750PE.NFO,02/01/2024,09:20:45,0.45,0.4,72680,0.45,102280,11040,684680
FINNIFTY02JAN2420750PE.NFO,02/01/2024,09:20:55,0.45,0.4,72560,0.45,105280,10200,684680
FINNIFTY02JAN2420750PE.NFO,02/01/2024,09:21:04,0.4,0.4,76840,0.45,89440,23720,684680
FINNIFTY02JAN2420750PE.NFO,02/01/2024,09:21:15,0.45,0.4,143320,0.45,72040,68040,684680
FINNIFTY02JAN2420750PE.NFO,02/01/2024,09:21:25,0.5,0.45,180520,0.5,82880,60800,684680
FINNIFTY02JAN2420750PE.NFO,02/01/2024,09:21:35,0.5,0.45,133600,0.5,61280,27800,684680
FINNIFTY02JAN2420750PE.NFO,02/01/2024,09:21:45,0.5,0.45,131520,0.5,70040,39880,684680
FINNIFTY02JAN2420750PE.NFO,02/01/2024,09:21:55,0.45,0.45,119560,0.5,54440,56360,684680
FINNIFTY02JAN2420750PE.NFO,02/01/2024,09:22:07,0.45,0.45,30480,0.5,112480,81200,684680
FINNIFTY02JAN2420750PE.NFO,02/01/2024,09:22:19,0.45,0.4,139920,0.45,117640,33840,684680
FINNIFTY02JAN2420750PE.NFO,02/01/2024,09:22:30,0.45,0.4,143120,0.45,117720,920,684680
FINNIFTY02JAN2420750PE.NFO,02/01/2024,09:22:40,0.45,0.4,140920,0.45,94040,7160,684680
FINNIFTY02JAN2420750PE.NFO,02/01/2024,09:22:50,0.45,0.4,142720,0.45,102320,40,684680
FINNIFTY02JAN2420750PE.NFO,02/01/2024,09:23:00,0.45,0.4,143720,0.45,101160,1360,684680
FINNIFTY02JAN2420750PE.NFO,02/01/2024,09:23:09,0.4,0.4,129720,0.45,109960,3000,684680
FINNIFTY02JAN2420750PE.NFO,02/01/2024,09:23:19,0.4,0.4,126400,0.45,111080,2600,684680
FINNIFTY02JAN2420750PE.NFO,02/01/2024,09:23:28,0.4,0.4,125280,0.45,107840,6560,782920
FINNIFTY02JAN2420750PE.NFO,02/01/2024,09:23:37,0.4,0.4,128040,0.45,107720,840,782920
FINNIFTY02JAN2420750PE.NFO,02/01/2024,09:23:47,0.45,0.4,123200,0.45,115000,4960,782920
FINNIFTY02JAN2420750PE.NFO,02/01/2024,09:23:56,0.4,0.4,107680,0.45,115000,1720,782920
FINNIFTY02JAN2420750PE.NFO,02/01/2024,09:24:05,0.4,0.4,105800,0.45,113480,13600,782920
FINNIFTY02JAN2420750PE.NFO,02/01/2024,09:24:15,0.45,0.4,107240,0.45,112040,9440,782920
FINNIFTY02JAN2420750PE.NFO,02/01/2024,09:24:24,0.45,0.4,109040,0.45,92240,18000,782920
FINNIFTY02JAN2420750PE.NFO,02/01/2024,09:24:35,0.45,0.4,112760,0.45,96920,0,782920
FINNIFTY02JAN2420750PE.NFO,02/01/2024,09:24:45,0.4,0.4,114320,0.45,93800,1440,782920
FINNIFTY02JAN2420750PE.NFO,02/01/2024,09:24:55,0.4,0.4,125880,0.45,95200,1760,782920
FINNIFTY02JAN2420750PE.NFO,02/01/2024,09:25:05,0.4,0.4,123800,0.45,93400,8200,782920
FINNIFTY02JAN2420750PE.NFO,02/01/2024,09:25:16,0.4,0.4,119880,0.45,89560,2120,782920
FINNIFTY02JAN2420750PE.NFO,02/01/2024,09:25:26,0.4,0.4,121600,0.45,87760,80,782920
FINNIFTY02JAN2420750PE.NFO,02/01/2024,09:25:36,0.4,0.4,124720,0.45,87960,480,782920
FINNIFTY02JAN2420750PE.NFO,02/01/2024,09:25:46,0.4,0.4,124480,0.45,108960,1640,782920
FINNIFTY02JAN2420750PE.NFO,02/01/2024,09:25:56,0.4,0.4,121680,0.45,110760,2760,782920
FINNIFTY02JAN2420750PE.NFO,02/01/2024,09:26:06,0.45,0.4,108000,0.45,113040,12520,782920
FINNIFTY02JAN2420750PE.NFO,02/01/2024,09:26:15,0.45,0.4,107880,0.45,108360,3200,782920
FINNIFTY02JAN2420750PE.NFO,02/01/2024,09:26:26,0.4,0.4,97080,0.45,69760,55640,782920
FINNIFTY02JAN2420750PE.NFO,02/01/2024,09:26:36,0.4,0.4,89880,0.45,81800,6800,852640
FINNIFTY02JAN2420750PE.NFO,02/01/2024,09:26:46,0.4,0.4,88000,0.45,78240,12600,852640
FINNIFTY02JAN2420750PE.NFO,02/01/2024,09:26:58,0.45,0.4,88000,0.45,87200,280,852640
FINNIFTY02JAN2420750PE.NFO,02/01/2024,09:27:08,0.45,0.4,139440,0.45,81280,18640,852640
FINNIFTY02JAN2420750PE.NFO,02/01/2024,09:27:18,0.45,0.4,141840,0.45,83680,3840,852640
FINNIFTY02JAN2420750PE.NFO,02/01/2024,09:27:28,0.4,0.4,141960,0.45,108560,30760,852640
FINNIFTY02JAN2420750PE.NFO,02/01/2024,09:27:38,0.4,0.4,143040,0.45,108240,2560,852640
FINNIFTY02JAN2420750PE.NFO,02/01/2024,09:27:48,0.45,0.4,137680,0.45,115400,24080,852640
FINNIFTY02JAN2420750PE.NFO,02/01/2024,09:27:57,0.45,0.4,136280,0.45,110920,12440,852640
FINNIFTY02JAN2420750PE.NFO,02/01/2024,09:28:07,0.45,0.4,135280,0.45,111840,5720,852640
FINNIFTY02JAN2420750PE.NFO,02/01/2024,09:28:18,0.4,0.4,141400,0.45,125400,7040,852640
FINNIFTY02JAN2420750PE.NFO,02/01/2024,09:28:28,0.4,0.4,141640,0.45,126680,2440,852640
FINNIFTY02JAN2420750PE.NFO,02/01/2024,09:28:41,0.4,0.4,136960,0.45,125400,5240,852640
FINNIFTY02JAN2420750PE.NFO,02/01/2024,09:28:55,0.4,0.4,136560,0.45,129720,1480,852640
FINNIFTY02JAN2420750PE.NFO,02/01/2024,09:29:05,0.45,0.4,136400,0.45,129440,120,852640
FINNIFTY02JAN2420750PE.NFO,02/01/2024,09:29:16,0.4,0.4,134000,0.45,132320,2400,852640
FINNIFTY02JAN2420750PE.NFO,02/01/2024,09:29:28,0.4,0.4,68960,0.45,141600,3000,852640
FINNIFTY02JAN2420750PE.NFO,02/01/2024,09:29:38,0.4,0.4,32680,0.45,111040,47760,885560
FINNIFTY02JAN2420750PE.NFO,02/01/2024,09:29:48,0.45,0.4,36600,0.45,110360,6400,885560
FINNIFTY02JAN2420750PE.NFO,02/01/2024,09:29:58,0.4,0.4,37800,0.45,117320,6600,885560
FINNIFTY02JAN2420750PE.NFO,02/01/2024,09:30:08,0.4,0.4,45760,0.45,115840,8480,885560
FINNIFTY02JAN2420750PE.NFO,02/01/2024,09:30:18,0.4,0.4,42960,0.45,115840,2800,885560
FINNIFTY02JAN2420750PE.NFO,02/01/2024,09:30:28,0.4,0.4,38960,0.45,115840,3600,885560
FINNIFTY02JAN2420750PE.NFO,02/01/2024,09:30:39,0.4,0.4,40080,0.45,114640,5000,885560
FINNIFTY02JAN2420750PE.NFO,02/01/2024,09:30:48,0.4,0.4,40640,0.45,114640,1800,885560
FINNIFTY02JAN2420750PE.NFO,02/01/2024,09:30:59,0.4,0.4,50640,0.45,128800,7040,885560
FINNIFTY02JAN2420750PE.NFO,02/01/2024,09:31:10,0.4,0.4,26880,0.45,129920,11120,885560
FINNIFTY02JAN2420750PE.NFO,02/01/2024,09:31:21,0.45,0.4,44120,0.45,126240,5400,885560
FINNIFTY02JAN2420750PE.NFO,02/01/2024,09:31:30,0.4,0.4,44600,0.45,130200,2400,885560
FINNIFTY02JAN2420750PE.NFO,02/01/2024,09:31:40,0.4,0.4,34160,0.45,130800,7120,885560
FINNIFTY02JAN2420750PE.NFO,02/01/2024,09:31:49,0.4,0.4,53680,0.45,130800,0,885560
FINNIFTY02JAN2420750PE.NFO,02/01/2024,09:31:59,0.4,0.4,54920,0.45,130800,800,885560
FINNIFTY02JAN2420750PE.NFO,02/01/2024,09:32:08,0.4,0.4,113600,0.45,133640,6920,885560
FINNIFTY02JAN2420750PE.NFO,02/01/2024,09:32:18,0.4,0.4,114400,0.45,133640,0,885560
FINNIFTY02JAN2420750PE.NFO,02/01/2024,09:32:28,0.4,0.4,113600,0.45,133640,0,885560
FINNIFTY02JAN2420750PE.NFO,02/01/2024,09:32:38,0.4,0.4,112800,0.45,133640,800,931960
FINNIFTY02JAN2420750PE.NFO,02/01/2024,09:32:58,0.45,0.4,115480,0.45,134320,720,931960
FINNIFTY02JAN2420750PE.NFO,02/01/2024,09:33:08,0.4,0.4,113640,0.45,134440,40,931960
FINNIFTY02JAN2420750PE.NFO,02/01/2024,09:33:17,0.4,0.4,113640,0.45,134440,0,931960
FINNIFTY02JAN2420750PE.NFO,02/01/2024,09:33:36,0.4,0.4,113560,0.45,134440,80,931960
FINNIFTY02JAN2420750PE.NFO,02/01/2024,09:33:46,0.45,0.4,116800,0.45,154160,40800,931960
FINNIFTY02JAN2420750PE.NFO,02/01/2024,09:33:55,0.4,0.4,119120,0.45,125440,26960,931960
FINNIFTY02JAN2420750PE.NFO,02/01/2024,09:34:05,0.45,0.4,119080,0.45,122800,720,931960
FINNIFTY02JAN2420750PE.NFO,02/01/2024,09:34:14,0.45,0.4,115600,0.45,82640,60200,931960
FINNIFTY02JAN2420750PE.NFO,02/01/2024,09:34:23,0.4,0.4,126320,0.45,105600,800,931960
FINNIFTY02JAN2420750PE.NFO,02/01/2024,09:34:32,0.4,0.4,130640,0.45,112280,36400,931960
FINNIFTY02JAN2420750PE.NFO,02/01/2024,09:34:41,0.4,0.4,125400,0.45,113800,25240,931960
FINNIFTY02JAN2420750PE.NFO,02/01/2024,09:34:50,0.45,0.4,114800,0.45,123960,25880,931960
FINNIFTY02JAN2420750PE.NFO,02/01/2024,09:35:00,0.4,0.4,101040,0.45,127960,12280,931960
FINNIFTY02JAN2420750PE.NFO,02/01/2024,09:35:09,0.4,0.4,147360,0.45,141760,3160,931960
FINNIFTY02JAN2420750PE.NFO,02/01/2024,09:35:18,0.4,0.4,134600,0.45,146120,24120,931960
FINNIFTY02JAN2420750PE.NFO,02/01/2024,09:35:28,0.4,0.4,138120,0.45,165520,1120,931960
FINNIFTY02JAN2420750PE.NFO,02/01/2024,09:35:37,0.4,0.4,174960,0.45,182360,18880,998880
FINNIFTY02JAN2420750PE.NFO,02/01/2024,09:35:46,0.4,0.4,169440,0.45,182840,7720,998880
FINNIFTY02JAN2420750PE.NFO,02/01/2024,09:35:56,0.4,0.4,168400,0.45,192240,1040,998880
FINNIFTY02JAN2420750PE.NFO,02/01/2024,09:36:06,0.45,0.4,192600,0.45,199600,8000,998880
FINNIFTY02JAN2420750PE.NFO,02/01/2024,09:36:15,0.4,0.4,180240,0.45,209080,20000,998880
FINNIFTY02JAN2420750PE.NFO,02/01/2024,09:36:24,0.4,0.4,154320,0.45,209840,22440,998880
FINNIFTY02JAN2420750PE.NFO,02/01/2024,09:36:34,0.4,0.4,125400,0.45,197840,10320,998880
FINNIFTY02JAN2420750PE.NFO,02/01/2024,09:36:43,0.4,0.4,124560,0.45,197880,2520,998880
FINNIFTY02JAN2420750PE.NFO,02/01/2024,09:36:52,0.4,0.4,123040,0.45,197880,2080,998880
FINNIFTY02JAN2420750PE.NFO,02/01/2024,09:37:00,0.4,0.4,132040,0.45,197880,0,998880
FINNIFTY02JAN2420750PE.NFO,02/01/2024,09:37:09,0.4,0.4,131320,0.45,197880,720,998880
FINNIFTY02JAN2420750PE.NFO,02/01/2024,09:37:19,0.4,0.4,116520,0.45,183480,80,998880
FINNIFTY02JAN2420750PE.NFO,02/01/2024,09:37:27,0.4,0.4,116840,0.45,183480,0,998880
FINNIFTY02JAN2420750PE.NFO,02/01/2024,09:37:36,0.4,0.4,118760,0.45,185400,0,998880
FINNIFTY02JAN2420750PE.NFO,02/01/2024,09:37:45,0.4,0.4,111600,0.45,185400,7200,998880
FINNIFTY02JAN2420750PE.NFO,02/01/2024,09:37:53,0.4,0.4,109760,0.45,185400,1800,998880
FINNIFTY02JAN2420750PE.NFO,02/01/2024,09:38:10,0.4,0.4,97560,0.45,185400,7200,998880
FINNIFTY02JAN2420750PE.NFO,02/01/2024,09:38:19,0.4,0.4,68040,0.45,186240,34000,998880
FINNIFTY02JAN2420750PE.NFO,02/01/2024,09:38:29,0.4,0.4,64520,0.45,187280,13040,998880
FINNIFTY02JAN2420750PE.NFO,02/01/2024,09:38:39,0.4,0.4,56480,0.45,184840,2880,1018080
FINNIFTY02JAN2420750PE.NFO,02/01/2024,09:38:48,0.4,0.4,61640,0.45,184840,0,1018080
FINNIFTY02JAN2420750PE.NFO,02/01/2024,09:38:58,0.4,0.4,57040,0.45,184840,1000,1018080
FINNIFTY02JAN2420750PE.NFO,02/01/2024,09:39:07,0.4,0.4,55960,0.45,184840,1480,1018080
FINNIFTY02JAN2420750PE.NFO,02/01/2024,09:39:17,0.4,0.4,55080,0.45,185960,1480,1018080
FINNIFTY02JAN2420750PE.NFO,02/01/2024,09:39:26,0.4,0.4,83320,0.45,187560,800,1018080
FINNIFTY02JAN2420750PE.NFO,02/01/2024,09:39:35,0.4,0.4,80880,0.45,187640,1800,1018080
FINNIFTY02JAN2420750PE.NFO,02/01/2024,09:39:44,0.45,0.4,82280,0.45,197440,5440,1018080
FINNIFTY02JAN2420750PE.NFO,02/01/2024,09:39:55,0.4,0.35,253040,0.4,240840,90560,1018080
FINNIFTY02JAN2420750PE.NFO,02/01/2024,09:40:06,0.4,0.35,254560,0.4,244120,320,1018080
FINNIFTY02JAN2420750PE.NFO,02/01/2024,09:40:16,0.4,0.35,252760,0.4,244120,3600,1018080
FINNIFTY02JAN2420750PE.NFO,02/01/2024,09:40:16,0.35,0.35,252760,0.4,244120,0,1018080
FINNIFTY02JAN2420750PE.NFO,02/01/2024,09:40:26,0.4,0.35,262240,0.4,245800,9120,1018080
FINNIFTY02JAN2420750PE.NFO,02/01/2024,09:40:37,0.35,0.35,260960,0.4,245800,1280,1018080
FINNIFTY02JAN2420750PE.NFO,02/01/2024,09:40:47,0.35,0.35,260960,0.4,246200,0,1018080
FINNIFTY02JAN2420750PE.NFO,02/01/2024,09:41:08,0.4,0.35,261560,0.4,244960,1080,1018080
FINNIFTY02JAN2420750PE.NFO,02/01/2024,09:41:18,0.4,0.35,271240,0.4,240880,15760,1018080
FINNIFTY02JAN2420750PE.NFO,02/01/2024,09:41:28,0.4,0.35,272840,0.4,240080,2000,1018080
FINNIFTY02JAN2420750PE.NFO,02/01/2024,09:41:38,0.4,0.35,273520,0.4,240960,1520,1018080
FINNIFTY02JAN2420750PE.NFO,02/01/2024,09:41:47,0.35,0.35,272920,0.4,241000,600,997440
FINNIFTY02JAN2420750PE.NFO,02/01/2024,09:41:57,0.35,0.35,272920,0.4,240960,0,997440
FINNIFTY02JAN2420750PE.NFO,02/01/2024,09:42:07,0.4,0.35,272920,0.4,240400,1800,997440
FINNIFTY02JAN2420750PE.NFO,02/01/2024,09:42:27,0.4,0.35,272920,0.4,240400,0,997440
FINNIFTY02JAN2420750PE.NFO,02/01/2024,09:42:35,0.35,0.35,272480,0.4,240400,440,997440
FINNIFTY02JAN2420750PE.NFO,02/01/2024,09:42:44,0.35,0.35,272440,0.4,240400,40,997440
FINNIFTY02JAN2420750PE.NFO,02/01/2024,09:43:04,0.4,0.35,273280,0.4,241000,4000,997440
FINNIFTY02JAN2420750PE.NFO,02/01/2024,09:43:14,0.35,0.35,274280,0.4,240680,2880,997440
FINNIFTY02JAN2420750PE.NFO,02/01/2024,09:43:24,0.35,0.35,274280,0.4,240680,0,997440
FINNIFTY02JAN2420750PE.NFO,02/01/2024,09:43:53,0.4,0.35,274280,0.4,240640,40,997440
FINNIFTY02JAN2420750PE.NFO,02/01/2024,09:44:03,0.4,0.35,274440,0.4,241480,800,997440
FINNIFTY02JAN2420750PE.NFO,02/01/2024,09:44:12,0.4,0.35,274440,0.4,240640,840,997440
FINNIFTY02JAN2420750PE.NFO,02/01/2024,09:44:21,0.4,0.35,275480,0.4,239120,4000,997440
FINNIFTY02JAN2420750PE.NFO,02/01/2024,09:44:31,0.4,0.35,275520,0.4,239480,800,997440
FINNIFTY02JAN2420750PE.NFO,02/01/2024,09:44:40,0.4,0.35,276960,0.4,239840,1880,986480
FINNIFTY02JAN2420750PE.NFO,02/01/2024,09:44:49,0.4,0.35,276240,0.4,238240,4600,986480
FINNIFTY02JAN2420750PE.NFO,02/01/2024,09:45:07,0.4,0.35,279960,0.4,235320,11840,986480
FINNIFTY02JAN2420750PE.NFO,02/01/2024,09:45:26,0.4,0.35,267360,0.4,236120,0,986480
FINNIFTY02JAN2420750PE.NFO,02/01/2024,09:45:45,0.4,0.35,267360,0.4,237000,0,986480
FINNIFTY02JAN2420750PE.NFO,02/01/2024,09:45:54,0.4,0.35,276840,0.4,235960,18000,986480
FINNIFTY02JAN2420750PE.NFO,02/01/2024,09:46:04,0.4,0.35,274000,0.4,238280,480,986480
FINNIFTY02JAN2420750PE.NFO,02/01/2024,09:46:14,0.35,0.35,274000,0.4,239400,720,986480
FINNIFTY02JAN2420750PE.NFO,02/01/2024,09:46:24,0.4,0.35,274480,0.4,239040,3440,986480
FINNIFTY02JAN2420750PE.NFO,02/01/2024,09:46:34,0.4,0.35,275080,0.4,238160,1080,986480
FINNIFTY02JAN2420750PE.NFO,02/01/2024,09:46:43,0.35,0.35,275920,0.4,237200,120,986480
FINNIFTY02JAN2420750PE.NFO,02/01/2024,09:47:01,0.4,0.35,277200,0.4,238280,200,986480
FINNIFTY02JAN2420750PE.NFO,02/01/2024,09:47:11,0.4,0.35,276840,0.4,236680,680,986480
FINNIFTY02JAN2420750PE.NFO,02/01/2024,09:47:20,0.35,0.35,275840,0.4,236720,120,986480
FINNIFTY02JAN2420750PE.NFO,02/01/2024,09:47:29,0.35,0.35,275840,0.4,238520,0,986480
FINNIFTY02JAN2420750PE.NFO,02/01/2024,09:47:47,0.4,0.35,275840,0.4,238480,40,976120
FINNIFTY02JAN2420750PE.NFO,02/01/2024,09:47:57,0.35,0.35,275520,0.4,238480,320,976120
FINNIFTY02JAN2420750PE.NFO,02/01/2024,09:48:06,0.35,0.35,275520,0.4,238480,0,976120
FINNIFTY02JAN2420750PE.NFO,02/01/2024,09:48:15,0.4,0.35,275000,0.4,239400,6800,976120
FINNIFTY02JAN2420750PE.NFO,02/01/2024,09:48:23,0.4,0.35,271200,0.4,238160,3000,976120
FINNIFTY02JAN2420750PE.NFO,02/01/2024,09:48:32,0.4,0.35,266000,0.4,238160,0,976120
FINNIFTY02JAN2420750PE.NFO,02/01/2024,09:48:42,0.4,0.35,265400,0.4,238160,0,976120
FINNIFTY02JAN2420750PE.NFO,02/01/2024,09:48:51,0.4,0.35,265800,0.4,238000,160,976120
FINNIFTY02JAN2420750PE.NFO,02/01/2024,09:49:00,0.4,0.35,265800,0.4,238000,0,976120
FINNIFTY02JAN2420750PE.NFO,02/01/2024,09:49:10,0.4,0.35,267000,0.4,237280,1680,976120
FINNIFTY02JAN2420750PE.NFO,02/01/2024,09:49:19,0.4,0.35,264520,0.4,239480,2040,976120
FINNIFTY02JAN2420750PE.NFO,02/01/2024,09:49:29,0.35,0.35,225680,0.4,247200,120,976120
FINNIFTY02JAN2420750PE.NFO,02/01/2024,09:49:38,0.35,0.35,217880,0.4,186600,0,976120
FINNIFTY02JAN2420750PE.NFO,02/01/2024,09:49:47,0.35,0.35,219040,0.4,188720,4800,976120
FINNIFTY02JAN2420750PE.NFO,02/01/2024,09:49:56,0.35,0.35,106800,0.4,205440,62400,976120
FINNIFTY02JAN2420750PE.NFO,02/01/2024,09:50:05,0.4,0.35,109480,0.4,211520,7200,976120
FINNIFTY02JAN2420750PE.NFO,02/01/2024,09:50:14,0.35,0.35,109440,0.4,189880,40,976120
FINNIFTY02JAN2420750PE.NFO,02/01/2024,09:50:23,0.35,0.35,110760,0.4,208000,3000,976120
FINNIFTY02JAN2420750PE.NFO,02/01/2024,09:50:32,0.35,0.35,111480,0.4,208080,1080,976120
FINNIFTY02JAN2420750PE.NFO,02/01/2024,09:50:41,0.35,0.35,110920,0.4,207640,560,944800
FINNIFTY02JAN2420750PE.NFO,02/01/2024,09:50:50,0.35,0.35,111440,0.4,207880,1800,944800
FINNIFTY02JAN2420750PE.NFO,02/01/2024,09:51:18,0.35,0.35,112440,0.4,209680,1800,944800
FINNIFTY02JAN2420750PE.NFO,02/01/2024,09:51:28,0.35,0.35,114800,0.4,221240,2040,944800
FINNIFTY02JAN2420750PE.NFO,02/01/2024,09:51:56,0.35,0.35,115800,0.4,221640,1600,944800
FINNIFTY02JAN2420750PE.NFO,02/01/2024,09:52:05,0.4,0.35,115800,0.4,221040,200,944800
FINNIFTY02JAN2420750PE.NFO,02/01/2024,09:52:14,0.35,0.35,115400,0.4,221040,400,944800
FINNIFTY02JAN2420750PE.NFO,02/01/2024,09:52:59,0.35,0.35,115400,0.4,224040,0,944800
FINNIFTY02JAN2420750PE.NFO,02/01/2024,09:53:18,0.35,0.35,114680,0.4,224040,1600,944800
FINNIFTY02JAN2420750PE.NFO,02/01/2024,09:53:27,0.4,0.35,115480,0.4,224000,40,944800
FINNIFTY02JAN2420750PE.NFO,02/01/2024,09:53:36,0.4,0.35,115640,0.4,223600,800,952120
FINNIFTY02JAN2420750PE.NFO,02/01/2024,09:53:46,0.4,0.35,115640,0.4,223800,0,952120
FINNIFTY02JAN2420750PE.NFO,02/01/2024,09:54:04,0.4,0.35,115640,0.4,224200,0,952120
FINNIFTY02JAN2420750PE.NFO,02/01/2024,09:54:13,0.4,0.35,115640,0.4,214960,0,952120
FINNIFTY02JAN2420750PE.NFO,02/01/2024,09:54:21,0.4,0.35,115640,0.4,214560,0,952120
FINNIFTY02JAN2420750PE.NFO,02/01/2024,09:54:31,0.35,0.35,115280,0.4,214760,2080,952120
FINNIFTY02JAN2420750PE.NFO,02/01/2024,09:54:41,0.35,0.35,114800,0.4,215240,600,952120
FINNIFTY02JAN2420750PE.NFO,02/01/2024,09:54:50,0.35,0.35,114840,0.4,215760,10520,952120
FINNIFTY02JAN2420750PE.NFO,02/01/2024,09:55:01,0.35,0.35,126040,0.4,205120,31640,952120
FINNIFTY02JAN2420750PE.NFO,02/01/2024,09:55:12,0.35,0.35,88960,0.4,202680,32440,952120
FINNIFTY02JAN2420750PE.NFO,02/01/2024,09:55:22,0.35,0.35,100040,0.4,199680,3880,952120
FINNIFTY02JAN2420750PE.NFO,02/01/2024,09:55:32,0.35,0.35,228320,0.4,199200,2720,952120
FINNIFTY02JAN2420750PE.NFO,02/01/2024,09:55:43,0.4,0.35,233400,0.4,199960,2280,952120
FINNIFTY02JAN2420750PE.NFO,02/01/2024,09:55:52,0.35,0.35,252040,0.4,199640,200,952120
FINNIFTY02JAN2420750PE.NFO,02/01/2024,09:56:04,0.35,0.35,244560,0.4,199000,14280,952120
FINNIFTY02JAN2420750PE.NFO,02/01/2024,09:56:16,0.4,0.35,273720,0.4,191720,5040,952120
FINNIFTY02JAN2420750PE.NFO,02/01/2024,09:56:29,0.35,0.35,271600,0.4,193360,3600,952120
FINNIFTY02JAN2420750PE.NFO,02/01/2024,09:56:41,0.35,0.35,274040,0.4,192280,2200,956320
FINNIFTY02JAN2420750PE.NFO,02/01/2024,09:56:53,0.35,0.35,265120,0.4,185080,23840,956320
FINNIFTY02JAN2420750PE.NFO,02/01/2024,09:57:05,0.35,0.35,277160,0.4,175360,22400,956320
FINNIFTY02JAN2420750PE.NFO,02/01/2024,09:57:18,0.4,0.35,240360,0.4,146640,258840,956320
FINNIFTY02JAN2420750PE.NFO,02/01/2024,09:57:31,0.4,0.4,449600,0.45,191600,282680,956320
FINNIFTY02JAN2420750PE.NFO,02/01/2024,09:57:43,0.45,0.4,338760,0.45,190000,25040,956320
FINNIFTY02JAN2420750PE.NFO,02/01/2024,09:57:54,0.4,0.4,322680,0.45,184720,6960,956320
FINNIFTY02JAN2420750PE.NFO,02/01/2024,09:58:05,0.4,0.4,320840,0.45,177680,7720,956320
FINNIFTY02JAN2420750PE.NFO,02/01/2024,09:58:17,0.4,0.4,322240,0.45,194880,8520,956320
FINNIFTY02JAN2420750PE.NFO,02/01/2024,09:58:28,0.45,0.4,311160,0.45,218200,34440,956320
FINNIFTY02JAN2420750PE.NFO,02/01/2024,09:58:41,0.4,0.4,308800,0.45,223680,5880,956320
FINNIFTY02JAN2420750PE.NFO,02/01/2024,09:58:52,0.4,0.4,353080,0.45,202560,18840,956320
FINNIFTY02JAN2420750PE.NFO,02/01/2024,09:59:02,0.45,0.4,425600,0.45,247000,4040,956320
FINNIFTY02JAN2420750PE.NFO,02/01/2024,09:59:13,0.4,0.4,432160,0.45,249360,1840,956320
FINNIFTY02JAN2420750PE.NFO,02/01/2024,09:59:26,0.4,0.4,433120,0.45,249600,5680,956320
FINNIFTY02JAN2420750PE.NFO,02/01/2024,09:59:37,0.4,0.4,462840,0.45,240240,15280,1109520
FINNIFTY02JAN2420750PE.NFO,02/01/2024,09:59:48,0.4,0.4,461400,0.45,404160,16960,1109520
FINNIFTY02JAN2420750PE.NFO,02/01/2024,09:59:59,0.45,0.4,456040,0.45,422600,35840,1109520
FINNIFTY02JAN2420750PE.NFO,02/01/2024,10:00:10,0.45,0.4,455920,0.45,426920,5160,1109520
FINNIFTY02JAN2420750PE.NFO,02/01/2024,10:00:22,0.45,0.4,458160,0.45,431480,18920,1109520
FINNIFTY02JAN2420750PE.NFO,02/01/2024,10:00:35,0.4,0.4,452960,0.45,433760,6720,1109520
FINNIFTY02JAN2420750PE.NFO,02/01/2024,10:00:47,0.4,0.4,442240,0.45,438440,19760,1109520
FINNIFTY02JAN2420750PE.NFO,02/01/2024,10:00:58,0.45,0.4,440320,0.45,439400,1880,1109520
FINNIFTY02JAN2420750PE.NFO,02/01/2024,10:01:08,0.4,0.4,383480,0.45,438200,34360,1109520
FINNIFTY02JAN2420750PE.NFO,02/01/2024,10:01:19,0.4,0.4,377280,0.45,447240,20840,1109520
FINNIFTY02JAN2420750PE.NFO,02/01/2024,10:01:31,0.4,0.4,374320,0.45,302640,17440,1109520
FINNIFTY02JAN2420750PE.NFO,02/01/2024,10:01:41,0.4,0.4,356520,0.45,302160,19080,1109520
FINNIFTY02JAN2420750PE.NFO,02/01/2024,10:01:52,0.4,0.4,339920,0.45,301880,28880,1109520
FINNIFTY02JAN2420750PE.NFO,02/01/2024,10:02:02,0.45,0.4,335840,0.45,294480,4360,1109520
FINNIFTY02JAN2420750PE.NFO,02/01/2024,10:02:12,0.4,0.4,332440,0.45,312960,2760,1109520
FINNIFTY02JAN2420750PE.NFO,02/01/2024,10:02:23,0.45,0.4,336480,0.45,281800,23920,1109520
FINNIFTY02JAN2420750PE.NFO,02/01/2024,10:02:33,0.45,0.4,335560,0.45,257840,10840,1109520
FINNIFTY02JAN2420750PE.NFO,02/01/2024,10:02:43,0.45,0.4,335640,0.45,241040,21600,1167640
FINNIFTY02JAN2420750PE.NFO,02/01/2024,10:02:53,0.45,0.4,334600,0.45,259160,26440,1167640
FINNIFTY02JAN2420750PE.NFO,02/01/2024,10:03:03,0.4,0.4,330760,0.45,252480,13760,1167640
FINNIFTY02JAN2420750PE.NFO,02/01/2024,10:03:14,0.4,0.4,321120,0.45,233360,37920,1167640
FINNIFTY02JAN2420750PE.NFO,02/01/2024,10:03:27,0.4,0.4,318800,0.45,241280,28800,1167640
FINNIFTY02JAN2420750PE.NFO,02/01/2024,10:03:39,0.45,0.4,315960,0.45,263800,17240,1167640
FINNIFTY02JAN2420750PE.NFO,02/01/2024,10:03:50,0.45,0.4,315440,0.45,259960,10520,1167640
FINNIFTY02JAN2420750PE.NFO,02/01/2024,10:04:00,0.4,0.4,309720,0.45,251120,25240,1167640
FINNIFTY02JAN2420750PE.NFO,02/01/2024,10:04:11,0.4,0.4,306920,0.45,249120,15800,1167640
FINNIFTY02JAN2420750PE.NFO,02/01/2024,10:04:21,0.45,0.4,300040,0.45,264800,11280,1167640
FINNIFTY02JAN2420750PE.NFO,02/01/2024,10:04:31,0.4,0.4,296680,0.45,273560,13440,1167640
FINNIFTY02JAN2420750PE.NFO,02/01/2024,10:04:41,0.4,0.4,290960,0.45,280040,14560,1167640
FINNIFTY02JAN2420750PE.NFO,02/01/2024,10:04:52,0.45,0.4,290960,0.45,286920,8880,1167640
FINNIFTY02JAN2420750PE.NFO,02/01/2024,10:05:02,0.4,0.4,278880,0.45,286440,11800,1167640
FINNIFTY02JAN2420750PE.NFO,02/01/2024,10:05:13,0.45,0.4,281320,0.45,293200,11880,1167640
FINNIFTY02JAN2420750PE.NFO,02/01/2024,10:05:23,0.45,0.4,277520,0.45,267040,27400,1167640
FINNIFTY02JAN2420750PE.NFO,02/01/2024,10:05:33,0.4,0.4,291560,0.45,267360,11280,1167640
FINNIFTY02JAN2420750PE.NFO,02/01/2024,10:05:43,0.4,0.4,293320,0.45,254800,11080,1332800
FINNIFTY02JAN2420750PE.NFO,02/01/2024,10:05:53,0.45,0.4,294520,0.45,239920,24080,1332800
FINNIFTY02JAN2420750PE.NFO,02/01/2024,10:06:03,0.45,0.4,280880,0.45,220720,9240,1332800
FINNIFTY02JAN2420750PE.NFO,02/01/2024,10:06:14,0.4,0.4,286560,0.45,210160,12680,1332800
FINNIFTY02JAN2420750PE.NFO,02/01/2024,10:06:24,0.4,0.4,298920,0.45,217080,9360,1332800
FINNIFTY02JAN2420750PE.NFO,02/01/2024,10:06:34,0.4,0.4,296640,0.45,203440,19360,1332800
FINNIFTY02JAN2420750PE.NFO,02/01/2024,10:06:45,0.4,0.4,298600,0.45,221800,16000,1332800
FINNIFTY02JAN2420750PE.NFO,02/01/2024,10:06:55,0.4,0.4,300520,0.45,423120,720,1332800
FINNIFTY02JAN2420750PE.NFO,02/01/2024,10:07:05,0.4,0.4,298720,0.45,423360,400,1332800
FINNIFTY02JAN2420750PE.NFO,02/01/2024,10:07:16,0.4,0.4,295280,0.45,405960,11160,1332800
FINNIFTY02JAN2420750PE.NFO,02/01/2024,10:07:26,0.4,0.4,293400,0.45,398040,18080,1332800
FINNIFTY02JAN2420750PE.NFO,02/01/2024,10:07:37,0.4,0.4,279520,0.45,396680,2880,1332800
FINNIFTY02JAN2420750PE.NFO,02/01/2024,10:07:48,0.45,0.4,279840,0.45,395360,4360,1332800
FINNIFTY02JAN2420750PE.NFO,02/01/2024,10:07:58,0.45,0.4,281640,0.45,399840,5400,1332800
FINNIFTY02JAN2420750PE.NFO,02/01/2024,10:08:08,0.45,0.4,279840,0.45,391440,9480,1332800
FINNIFTY02JAN2420750PE.NFO,02/01/2024,10:08:18,0.4,0.4,279680,0.45,368520,28960,1332800
FINNIFTY02JAN2420750PE.NFO,02/01/2024,10:08:28,0.45,0.4,278840,0.45,367960,8320,1332800
FINNIFTY02JAN2420750PE.NFO,02/01/2024,10:08:38,0.45,0.4,280600,0.45,342320,24360,1441920
FINNIFTY02JAN2420750PE.NFO,02/01/2024,10:08:48,0.45,0.4,274080,0.45,296920,24120,1441920
FINNIFTY02JAN2420750PE.NFO,02/01/2024,10:08:58,0.4,0.4,263880,0.45,305400,18440,1441920
FINNIFTY02JAN2420750PE.NFO,02/01/2024,10:09:08,0.45,0.4,342480,0.45,310440,17200,1441920
FINNIFTY02JAN2420750PE.NFO,02/01/2024,10:09:18,0.45,0.4,365720,0.45,317240,4160,1441920
FINNIFTY02JAN2420750PE.NFO,02/01/2024,10:09:28,0.4,0.4,361560,0.45,307880,13520,1441920
FINNIFTY02JAN2420750PE.NFO,02/01/2024,10:09:38,0.45,0.4,361560,0.45,303280,9200,1441920
FINNIFTY02JAN2420750PE.NFO,02/01/2024,10:09:47,0.4,0.4,375760,0.45,294440,13080,1441920
FINNIFTY02JAN2420750PE.NFO,02/01/2024,10:09:57,0.4,0.4,366120,0.45,306000,9640,1441920
FINNIFTY02JAN2420750PE.NFO,02/01/2024,10:10:07,0.4,0.4,359480,0.45,280520,32280,1441920
FINNIFTY02JAN2420750PE.NFO,02/01/2024,10:10:17,0.4,0.4,411680,0.45,272200,25800,1441920
FINNIFTY02JAN2420750PE.NFO,02/01/2024,10:10:27,0.45,0.4,408160,0.45,266360,22760,1441920
FINNIFTY02JAN2420750PE.NFO,02/01/2024,10:10:37,0.45,0.4,405480,0.45,245880,21600,1441920
FINNIFTY02JAN2420750PE.NFO,02/01/2024,10:10:47,0.45,0.4,405480,0.45,239080,7200,1441920
FINNIFTY02JAN2420750PE.NFO,02/01/2024,10:10:57,0.4,0.4,405400,0.45,229400,9080,1441920
FINNIFTY02JAN2420750PE.NFO,02/01/2024,10:11:06,0.45,0.4,403120,0.45,212040,18720,1441920
FINNIFTY02JAN2420750PE.NFO,02/01/2024,10:11:16,0.45,0.4,384200,0.45,191520,17800,1441920
FINNIFTY02JAN2420750PE.NFO,02/01/2024,10:11:26,0.45,0.4,387800,0.45,174440,15960,1441920
FINNIFTY02JAN2420750PE.NFO,02/01/2024,10:11:36,0.45,0.4,387680,0.45,175840,1720,1532520
FINNIFTY02JAN2420750PE.NFO,02/01/2024,10:11:45,0.45,0.4,386800,0.45,167760,8400,1532520
FINNIFTY02JAN2420750PE.NFO,02/01/2024,10:11:54,0.4,0.4,386080,0.45,170600,2000,1532520
FINNIFTY02JAN2420750PE.NFO,02/01/2024,10:12:03,0.4,0.4,386080,0.45,179080,0,1532520
FINNIFTY02JAN2420750PE.NFO,02/01/2024,10:12:13,0.45,0.4,388960,0.45,168640,7200,1532520
FINNIFTY02JAN2420750PE.NFO,02/01/2024,10:12:23,0.4,0.4,387680,0.45,164360,12200,1532520
FINNIFTY02JAN2420750PE.NFO,02/01/2024,10:12:32,0.4,0.4,387680,0.45,162440,0,1532520
FINNIFTY02JAN2420750PE.NFO,02/01/2024,10:12:43,0.45,0.4,388040,0.45,155920,7280,1532520
FINNIFTY02JAN2420750PE.NFO,02/01/2024,10:12:54,0.45,0.45,380520,0.5,86240,160200,1532520
FINNIFTY02JAN2420750PE.NFO,02/01/2024,10:13:04,0.45,0.45,341360,0.5,159480,23080,1532520
FINNIFTY02JAN2420750PE.NFO,02/01/2024,10:13:15,0.45,0.45,243480,0.5,164000,6680,1532520
FINNIFTY02JAN2420750PE.NFO,02/01/2024,10:13:24,0.5,0.45,240560,0.5,124440,5800,1532520
FINNIFTY02JAN2420750PE.NFO,02/01/2024,10:13:34,0.5,0.45,249160,0.5,127720,1200,1532520
FINNIFTY02JAN2420750PE.NFO,02/01/2024,10:13:44,0.5,0.45,247920,0.5,128360,4640,1532520
FINNIFTY02JAN2420750PE.NFO,02/01/2024,10:13:54,0.45,0.45,250280,0.5,128360,1240,1532520
FINNIFTY02JAN2420750PE.NFO,02/01/2024,10:14:04,0.45,0.45,251640,0.5,128320,1320,1532520
FINNIFTY02JAN2420750PE.NFO,02/01/2024,10:14:15,0.45,0.45,251480,0.5,119480,8080,1532520
FINNIFTY02JAN2420750PE.NFO,02/01/2024,10:14:24,0.45,0.45,243200,0.5,130880,18360,1532520
FINNIFTY02JAN2420750PE.NFO,02/01/2024,10:14:34,0.45,0.45,244720,0.5,166880,280,1532520
FINNIFTY02JAN2420750PE.NFO,02/01/2024,10:14:45,0.45,0.45,243960,0.5,168040,3360,1541080
FINNIFTY02JAN2420750PE.NFO,02/01/2024,10:14:55,0.45,0.45,243920,0.5,168160,40,1541080
FINNIFTY02JAN2420750PE.NFO,02/01/2024,10:15:04,0.5,0.45,245160,0.5,175960,2240,1541080
FINNIFTY02JAN2420750PE.NFO,02/01/2024,10:15:14,0.45,0.45,243120,0.5,180560,2040,1541080
FINNIFTY02JAN2420750PE.NFO,02/01/2024,10:15:25,0.45,0.45,240360,0.5,184720,9960,1541080
FINNIFTY02JAN2420750PE.NFO,02/01/2024,10:15:34,0.45,0.45,236320,0.5,189080,12840,1541080
FINNIFTY02JAN2420750PE.NFO,02/01/2024,10:15:44,0.45,0.45,229920,0.5,195120,14440,1541080
FINNIFTY02JAN2420750PE.NFO,02/01/2024,10:15:53,0.45,0.45,232440,0.5,194280,6360,1541080
FINNIFTY02JAN2420750PE.NFO,02/01/2024,10:16:03,0.45,0.45,231360,0.5,200240,7520,1541080
FINNIFTY02JAN2420750PE.NFO,02/01/2024,10:16:13,0.45,0.45,227480,0.5,202400,3560,1541080
FINNIFTY02JAN2420750PE.NFO,02/01/2024,10:16:24,0.45,0.45,225080,0.5,204400,5760,1541080
FINNIFTY02JAN2420750PE.NFO,02/01/2024,10:16:33,0.45,0.45,221120,0.5,208160,10520,1541080
FINNIFTY02JAN2420750PE.NFO,02/01/2024,10:16:43,0.45,0.45,220840,0.5,207640,280,1541080
FINNIFTY02JAN2420750PE.NFO,02/01/2024,10:16:53,0.45,0.45,225160,0.5,208360,1200,1541080
FINNIFTY02JAN2420750PE.NFO,02/01/2024,10:17:02,0.45,0.45,224120,0.5,208080,4760,1541080
FINNIFTY02JAN2420750PE.NFO,02/01/2024,10:17:12,0.45,0.45,219080,0.5,172400,7160,1541080
FINNIFTY02JAN2420750PE.NFO,02/01/2024,10:17:22,0.45,0.45,214840,0.5,167880,12960,1541080
FINNIFTY02JAN2420750PE.NFO,02/01/2024,10:17:32,0.5,0.45,218520,0.5,167720,2680,1541080
FINNIFTY02JAN2420750PE.NFO,02/01/2024,10:17:42,0.45,0.45,227040,0.5,162720,1080,1548680
FINNIFTY02JAN2420750PE.NFO,02/01/2024,10:17:52,0.45,0.45,226560,0.5,163160,520,1548680
FINNIFTY02JAN2420750PE.NFO,02/01/2024,10:18:01,0.5,0.45,224760,0.5,165320,40,1548680
FINNIFTY02JAN2420750PE.NFO,02/01/2024,10:18:10,0.45,0.45,223640,0.5,166400,4800,1548680
FINNIFTY02JAN2420750PE.NFO,02/01/2024,10:18:20,0.45,0.45,224360,0.5,167560,3760,1548680
FINNIFTY02JAN2420750PE.NFO,02/01/2024,10:18:30,0.5,0.45,225000,0.5,203240,360,1548680
FINNIFTY02JAN2420750PE.NFO,02/01/2024,10:18:39,0.45,0.45,224440,0.5,204160,2520,1548680
FINNIFTY02JAN2420750PE.NFO,02/01/2024,10:18:49,0.45,0.45,224440,0.5,204160,0,1548680
FINNIFTY02JAN2420750PE.NFO,02/01/2024,10:18:58,0.45,0.45,205440,0.5,212520,32000,1548680
FINNIFTY02JAN2420750PE.NFO,02/01/2024,10:19:08,0.45,0.45,206600,0.5,212520,320,1548680
FINNIFTY02JAN2420750PE.NFO,02/01/2024,10:19:18,0.5,0.45,198080,0.5,212360,160,1548680
FINNIFTY02JAN2420750PE.NFO,02/01/2024,10:19:27,0.5,0.45,197600,0.5,212800,40,1548680
FINNIFTY02JAN2420750PE.NFO,02/01/2024,10:19:36,0.5,0.45,196920,0.5,215040,1080,1548680
FINNIFTY02JAN2420750PE.NFO,02/01/2024,10:19:46,0.5,0.45,195120,0.5,218040,0,1548680
FINNIFTY02JAN2420750PE.NFO,02/01/2024,10:19:55,0.5,0.45,196920,0.5,218040,0,1548680
FINNIFTY02JAN2420750PE.NFO,02/01/2024,10:20:04,0.5,0.45,199400,0.5,218800,4360,1548680
FINNIFTY02JAN2420750PE.NFO,02/01/2024,10:20:14,0.45,0.45,199200,0.5,219200,3160,1548680
FINNIFTY02JAN2420750PE.NFO,02/01/2024,10:20:24,0.45,0.45,200560,0.5,221640,3200,1548680
FINNIFTY02JAN2420750PE.NFO,02/01/2024,10:20:33,0.45,0.45,201280,0.5,225600,3840,1548680
FINNIFTY02JAN2420750PE.NFO,02/01/2024,10:20:43,0.5,0.45,198080,0.5,221320,1480,1549480
FINNIFTY02JAN2420750PE.NFO,02/01/2024,10:20:53,0.45,0.45,198920,0.5,221280,120,1549480
FINNIFTY02JAN2420750PE.NFO,02/01/2024,10:21:03,0.45,0.45,198440,0.5,220800,0,1549480
FINNIFTY02JAN2420750PE.NFO,02/01/2024,10:21:12,0.5,0.45,197360,0.5,221640,1240,1549480
FINNIFTY02JAN2420750PE.NFO,02/01/2024,10:21:22,0.45,0.45,197160,0.5,220040,200,1549480
FINNIFTY02JAN2420750PE.NFO,02/01/2024,10:21:32,0.45,0.45,144240,0.5,178880,56360,1549480
FINNIFTY02JAN2420750PE.NFO,02/01/2024,10:21:42,0.45,0.45,146600,0.5,175640,3800,1549480
FINNIFTY02JAN2420750PE.NFO,02/01/2024,10:21:52,0.45,0.45,142680,0.5,174920,4320,1549480
FINNIFTY02JAN2420750PE.NFO,02/01/2024,10:22:02,0.45,0.45,141080,0.5,179520,3400,1549480
FINNIFTY02JAN2420750PE.NFO,02/01/2024,10:22:11,0.45,0.45,130960,0.5,185320,6520,1549480
FINNIFTY02JAN2420750PE.NFO,02/01/2024,10:22:21,0.45,0.45,95480,0.5,148320,50920,1549480
FINNIFTY02JAN2420750PE.NFO,02/01/2024,10:22:31,0.5,0.45,95480,0.5,150600,200,1549480
FINNIFTY02JAN2420750PE.NFO,02/01/2024,10:22:41,0.45,0.45,84120,0.5,152960,8280,1549480
FINNIFTY02JAN2420750PE.NFO,02/01/2024,10:22:51,0.45,0.45,83920,0.5,152560,200,1549480
FINNIFTY02JAN2420750PE.NFO,02/01/2024,10:23:01,0.45,0.45,82640,0.5,151360,1800,1549480
FINNIFTY02JAN2420750PE.NFO,02/01/2024,10:23:21,0.45,0.45,84880,0.5,151360,4800,1549480
FINNIFTY02JAN2420750PE.NFO,02/01/2024,10:23:31,0.45,0.45,84480,0.5,151160,400,1549480
FINNIFTY02JAN2420750PE.NFO,02/01/2024,10:23:42,0.45,0.45,72360,0.5,155520,6000,1546960
FINNIFTY02JAN2420750PE.NFO,02/01/2024,10:23:52,0.45,0.45,84000,0.5,155520,1760,1546960
FINNIFTY02JAN2420750PE.NFO,02/01/2024,10:24:02,0.45,0.45,86120,0.5,155520,1480,1546960
FINNIFTY02JAN2420750PE.NFO,02/01/2024,10:24:12,0.45,0.45,74640,0.5,141120,6200,1546960
FINNIFTY02JAN2420750PE.NFO,02/01/2024,10:24:22,0.45,0.45,61560,0.5,147600,4560,1546960
FINNIFTY02JAN2420750PE.NFO,02/01/2024,10:24:32,0.45,0.45,60760,0.5,148000,800,1546960
FINNIFTY02JAN2420750PE.NFO,02/01/2024,10:24:42,0.45,0.45,59720,0.5,147760,2720,1546960
FINNIFTY02JAN2420750PE.NFO,02/01/2024,10:24:52,0.45,0.45,59400,0.5,145360,1680,1546960
FINNIFTY02JAN2420750PE.NFO,02/01/2024,10:25:04,0.45,0.45,61000,0.5,145360,9400,1546960
FINNIFTY02JAN2420750PE.NFO,02/01/2024,10:25:16,0.45,0.45,78840,0.5,146520,3520,1546960
FINNIFTY02JAN2420750PE.NFO,02/01/2024,10:25:26,0.45,0.45,78400,0.5,146120,2240,1546960
FINNIFTY02JAN2420750PE.NFO,02/01/2024,10:25:37,0.45,0.45,77280,0.5,146720,2080,1546960
FINNIFTY02JAN2420750PE.NFO,02/01/2024,10:25:47,0.45,0.45,81920,0.5,146360,640,1546960
FINNIFTY02JAN2420750PE.NFO,02/01/2024,10:25:57,0.45,0.45,80120,0.5,145880,0,1546960
FINNIFTY02JAN2420750PE.NFO,02/01/2024,10:26:08,0.45,0.45,76280,0.5,145480,360,1546960
FINNIFTY02JAN2420750PE.NFO,02/01/2024,10:26:19,0.5,0.45,81600,0.5,146320,40,1546960
FINNIFTY02JAN2420750PE.NFO,02/01/2024,10:26:31,0.5,0.45,81200,0.5,146760,840,1546960
FINNIFTY02JAN2420750PE.NFO,02/01/2024,10:26:42,0.45,0.45,80640,0.5,146840,1400,1546960
FINNIFTY02JAN2420750PE.NFO,02/01/2024,10:26:54,0.45,0.45,76680,0.5,144120,4400,1578040
FINNIFTY02JAN2420750PE.NFO,02/01/2024,10:27:05,0.45,0.45,76680,0.5,133520,0,1578040
FINNIFTY02JAN2420750PE.NFO,02/01/2024,10:27:16,0.45,0.45,78520,0.5,138400,800,1578040
FINNIFTY02JAN2420750PE.NFO,02/01/2024,10:27:27,0.45,0.45,71600,0.5,139800,1680,1578040
FINNIFTY02JAN2420750PE.NFO,02/01/2024,10:27:37,0.5,0.45,76680,0.5,139720,280,1578040
FINNIFTY02JAN2420750PE.NFO,02/01/2024,10:27:47,0.45,0.45,75800,0.5,136560,8880,1578040
FINNIFTY02JAN2420750PE.NFO,02/01/2024,10:27:58,0.45,0.45,80360,0.5,136040,40,1578040
FINNIFTY02JAN2420750PE.NFO,02/01/2024,10:28:08,0.45,0.45,80360,0.5,139760,0,1578040
FINNIFTY02JAN2420750PE.NFO,02/01/2024,10:28:19,0.5,0.45,80360,0.5,144200,4600,1578040
FINNIFTY02JAN2420750PE.NFO,02/01/2024,10:28:29,0.5,0.45,75520,0.5,141960,7720,1578040
FINNIFTY02JAN2420750PE.NFO,02/01/2024,10:28:39,0.5,0.45,76560,0.5,146600,7520,1578040
FINNIFTY02JAN2420750PE.NFO,02/01/2024,10:28:48,0.5,0.45,74760,0.5,147560,40,1578040
FINNIFTY02JAN2420750PE.NFO,02/01/2024,10:28:58,0.5,0.45,74760,0.5,149360,0,1578040
FINNIFTY02JAN2420750PE.NFO,02/01/2024,10:29:09,0.5,0.45,77040,0.5,162600,6640,1578040
FINNIFTY02JAN2420750PE.NFO,02/01/2024,10:29:18,0.45,0.45,70640,0.5,181040,6400,1578040
FINNIFTY02JAN2420750PE.NFO,02/01/2024,10:29:28,0.45,0.45,55200,0.5,181200,440,1578040
FINNIFTY02JAN2420750PE.NFO,02/01/2024,10:29:38,0.45,0.45,57480,0.5,181120,1480,1578040
FINNIFTY02JAN2420750PE.NFO,02/01/2024,10:29:49,0.45,0.45,56200,0.5,181120,1800,1584000
FINNIFTY02JAN2420750PE.NFO,02/01/2024,10:29:59,0.5,0.45,55480,0.5,194760,1760,1584000
FINNIFTY02JAN2420750PE.NFO,02/01/2024,10:30:11,0.5,0.45,50320,0.5,195840,3840,1584000
FINNIFTY02JAN2420750PE.NFO,02/01/2024,10:30:22,0.45,0.4,238520,0.45,158560,21760,1584000
FINNIFTY02JAN2420750PE.NFO,02/01/2024,10:30:34,0.4,0.4,242120,0.45,158680,2600,1584000
FINNIFTY02JAN2420750PE.NFO,02/01/2024,10:30:44,0.4,0.4,232040,0.45,158680,9600,1584000
FINNIFTY02JAN2420750PE.NFO,02/01/2024,10:30:54,0.4,0.4,207120,0.45,159520,12680,1584000
FINNIFTY02JAN2420750PE.NFO,02/01/2024,10:31:04,0.4,0.4,196480,0.45,159800,11280,1584000
FINNIFTY02JAN2420750PE.NFO,02/01/2024,10:31:14,0.4,0.4,112240,0.45,172880,11400,1584000
FINNIFTY02JAN2420750PE.NFO,02/01/2024,10:31:24,0.4,0.35,224280,0.4,146200,39760,1584000
FINNIFTY02JAN2420750PE.NFO,02/01/2024,10:31:34,0.4,0.35,227000,0.4,167280,360,1584000
FINNIFTY02JAN2420750PE.NFO,02/01/2024,10:31:44,0.4,0.35,232240,0.4,164400,3280,1584000
FINNIFTY02JAN2420750PE.NFO,02/01/2024,10:31:55,0.4,0.35,239640,0.4,163360,16520,1584000
FINNIFTY02JAN2420750PE.NFO,02/01/2024,10:32:06,0.35,0.35,238760,0.4,156440,2000,1584000
FINNIFTY02JAN2420750PE.NFO,02/01/2024,10:32:16,0.35,0.35,230560,0.4,156920,800,1584000
FINNIFTY02JAN2420750PE.NFO,02/01/2024,10:32:26,0.4,0.35,213600,0.4,158240,1440,1584000
FINNIFTY02JAN2420750PE.NFO,02/01/2024,10:32:36,0.4,0.35,222000,0.4,158480,7200,1584000
FINNIFTY02JAN2420750PE.NFO,02/01/2024,10:32:46,0.4,0.35,225800,0.4,157520,3440,1584000
FINNIFTY02JAN2420750PE.NFO,02/01/2024,10:32:56,0.4,0.35,223360,0.4,155280,0,1584000
FINNIFTY02JAN2420750PE.NFO,02/01/2024,10:33:06,0.35,0.35,222560,0.4,156480,800,1603680
FINNIFTY02JAN2420750PE.NFO,02/01/2024,10:33:15,0.35,0.35,222560,0.4,156480,0,1603680
FINNIFTY02JAN2420750PE.NFO,02/01/2024,10:33:25,0.35,0.35,218160,0.4,156480,4400,1603680
FINNIFTY02JAN2420750PE.NFO,02/01/2024,10:33:34,0.4,0.35,218320,0.4,170760,800,1603680
FINNIFTY02JAN2420750PE.NFO,02/01/2024,10:33:44,0.4,0.35,219280,0.4,170440,4000,1603680
FINNIFTY02JAN2420750PE.NFO,02/01/2024,10:33:55,0.4,0.35,219480,0.4,170280,4000,1603680
FINNIFTY02JAN2420750PE.NFO,02/01/2024,10:34:05,0.4,0.35,219960,0.4,171160,0,1603680
FINNIFTY02JAN2420750PE.NFO,02/01/2024,10:34:14,0.4,0.35,229520,0.4,178360,15600,1603680
FINNIFTY02JAN2420750PE.NFO,02/01/2024,10:34:24,0.35,0.35,230080,0.4,179760,1320,1603680
FINNIFTY02JAN2420750PE.NFO,02/01/2024,10:34:34,0.4,0.35,230440,0.4,178840,3720,1603680
FINNIFTY02JAN2420750PE.NFO,02/01/2024,10:34:43,0.4,0.35,230760,0.4,181120,0,1603680
FINNIFTY02JAN2420750PE.NFO,02/01/2024,10:34:53,0.35,0.35,230680,0.4,181120,80,1603680
FINNIFTY02JAN2420750PE.NFO,02/01/2024,10:35:03,0.4,0.35,276480,0.4,181160,9400,1603680
FINNIFTY02JAN2420750PE.NFO,02/01/2024,10:35:13,0.4,0.35,304320,0.4,184120,36000,1603680
FINNIFTY02JAN2420750PE.NFO,02/01/2024,10:35:23,0.4,0.35,314200,0.4,186680,14400,1603680
FINNIFTY02JAN2420750PE.NFO,02/01/2024,10:35:33,0.35,0.35,310000,0.4,179760,2200,1603680
FINNIFTY02JAN2420750PE.NFO,02/01/2024,10:35:43,0.4,0.35,305280,0.4,169960,1000,1603680
FINNIFTY02JAN2420750PE.NFO,02/01/2024,10:35:53,0.4,0.35,305280,0.4,169960,0,1603680
FINNIFTY02JAN2420750PE.NFO,02/01/2024,10:36:03,0.4,0.35,299800,0.4,150320,800,1576480
FINNIFTY02JAN2420750PE.NFO,02/01/2024,10:36:13,0.35,0.35,284560,0.4,129640,120,1576480
FINNIFTY02JAN2420750PE.NFO,02/01/2024,10:36:25,0.4,0.35,284560,0.4,126040,7200,1576480
FINNIFTY02JAN2420750PE.NFO,02/01/2024,10:36:38,0.4,0.35,287160,0.4,120440,20920,1576480
FINNIFTY02JAN2420750PE.NFO,02/01/2024,10:36:50,0.45,0.4,206120,0.45,181120,115680,1576480
FINNIFTY02JAN2420750PE.NFO,02/01/2024,10:37:02,0.45,0.4,207080,0.45,171240,16200,1576480
FINNIFTY02JAN2420750PE.NFO,02/01/2024,10:37:14,0.45,0.4,204360,0.45,158280,9600,1576480
FINNIFTY02JAN2420750PE.NFO,02/01/2024,10:37:25,0.45,0.4,204800,0.45,159200,40,1576480
FINNIFTY02JAN2420750PE.NFO,02/01/2024,10:37:36,0.45,0.4,204960,0.45,143680,18920,1576480
FINNIFTY02JAN2420750PE.NFO,02/01/2024,10:37:47,0.45,0.4,206080,0.45,140520,4000,1576480
FINNIFTY02JAN2420750PE.NFO,02/01/2024,10:37:57,0.45,0.4,206160,0.45,139880,1440,1576480
FINNIFTY02JAN2420750PE.NFO,02/01/2024,10:38:07,0.4,0.4,203000,0.45,139760,5560,1576480
FINNIFTY02JAN2420750PE.NFO,02/01/2024,10:38:17,0.4,0.4,108440,0.45,146120,22040,1576480
FINNIFTY02JAN2420750PE.NFO,02/01/2024,10:38:27,0.4,0.4,77320,0.45,114520,53040,1576480
FINNIFTY02JAN2420750PE.NFO,02/01/2024,10:38:37,0.45,0.4,74560,0.45,111760,17120,1576480
FINNIFTY02JAN2420750PE.NFO,02/01/2024,10:38:48,0.45,0.4,75240,0.45,115760,800,1595520
FINNIFTY02JAN2420750PE.NFO,02/01/2024,10:38:58,0.4,0.4,71840,0.45,117760,1640,1595520
FINNIFTY02JAN2420750PE.NFO,02/01/2024,10:39:10,0.4,0.4,81920,0.45,126280,10000,1595520
FINNIFTY02JAN2420750PE.NFO,02/01/2024,10:39:23,0.4,0.4,71920,0.45,126520,10000,1595520
FINNIFTY02JAN2420750PE.NFO,02/01/2024,10:39:33,0.45,0.4,98840,0.45,130520,4840,1595520
FINNIFTY02JAN2420750PE.NFO,02/01/2024,10:39:44,0.4,0.4,119760,0.45,129960,320,1595520
FINNIFTY02JAN2420750PE.NFO,02/01/2024,10:39:55,0.4,0.4,119520,0.45,130000,240,1595520
FINNIFTY02JAN2420750PE.NFO,02/01/2024,10:40:06,0.4,0.4,54120,0.45,117880,87200,1595520
FINNIFTY02JAN2420750PE.NFO,02/01/2024,10:40:17,0.4,0.35,244000,0.4,89840,181480,1595520
FINNIFTY02JAN2420750PE.NFO,02/01/2024,10:40:28,0.4,0.4,103920,0.45,236400,95320,1595520
FINNIFTY02JAN2420750PE.NFO,02/01/2024,10:40:38,0.4,0.4,78080,0.45,235400,36400,1595520
FINNIFTY02JAN2420750PE.NFO,02/01/2024,10:40:48,0.4,0.4,105440,0.45,232080,12880,1595520
FINNIFTY02JAN2420750PE.NFO,02/01/2024,10:40:59,0.4,0.35,326600,0.4,61000,90400,1595520
FINNIFTY02JAN2420750PE.NFO,02/01/2024,10:41:10,0.4,0.35,333840,0.4,86320,13600,1595520
FINNIFTY02JAN2420750PE.NFO,02/01/2024,10:41:21,0.4,0.35,362200,0.4,87720,18240,1595520
FINNIFTY02JAN2420750PE.NFO,02/01/2024,10:41:31,0.4,0.4,147760,0.45,231160,77960,1595520
FINNIFTY02JAN2420750PE.NFO,02/01/2024,10:41:41,0.4,0.4,110200,0.45,222600,20800,1612960
FINNIFTY02JAN2420750PE.NFO,02/01/2024,10:41:53,0.4,0.35,323760,0.4,172480,88280,1612960
FINNIFTY02JAN2420750PE.NFO,02/01/2024,10:42:03,0.35,0.35,316960,0.4,173160,7640,1612960
FINNIFTY02JAN2420750PE.NFO,02/01/2024,10:42:14,0.35,0.35,307400,0.4,175040,10120,1612960
FINNIFTY02JAN2420750PE.NFO,02/01/2024,10:42:24,0.35,0.35,276360,0.4,198840,6000,1612960
FINNIFTY02JAN2420750PE.NFO,02/01/2024,10:42:35,0.35,0.35,276400,0.4,200640,0,1612960
FINNIFTY02JAN2420750PE.NFO,02/01/2024,10:42:45,0.4,0.35,276360,0.4,202600,160,1612960
FINNIFTY02JAN2420750PE.NFO,02/01/2024,10:42:56,0.4,0.35,267400,0.4,202600,0,1612960
FINNIFTY02JAN2420750PE.NFO,02/01/2024,10:43:07,0.4,0.35,267080,0.4,203000,320,1612960
FINNIFTY02JAN2420750PE.NFO,02/01/2024,10:43:17,0.4,0.35,279520,0.4,195440,35400,1612960
FINNIFTY02JAN2420750PE.NFO,02/01/2024,10:43:28,0.4,0.35,279520,0.4,183840,6200,1612960
FINNIFTY02JAN2420750PE.NFO,02/01/2024,10:43:39,0.35,0.35,282800,0.4,195760,520,1612960
FINNIFTY02JAN2420750PE.NFO,02/01/2024,10:43:49,0.35,0.35,279000,0.4,196160,0,1612960
FINNIFTY02JAN2420750PE.NFO,02/01/2024,10:43:59,0.4,0.35,278640,0.4,204760,1520,1612960
FINNIFTY02JAN2420750PE.NFO,02/01/2024,10:44:10,0.4,0.35,276800,0.4,209920,0,1612960
FINNIFTY02JAN2420750PE.NFO,02/01/2024,10:44:20,0.4,0.35,276800,0.4,220800,0,1612960
FINNIFTY02JAN2420750PE.NFO,02/01/2024,10:44:30,0.4,0.35,278520,0.4,220960,800,1612960
FINNIFTY02JAN2420750PE.NFO,02/01/2024,10:44:41,0.35,0.35,278360,0.4,220960,120,1615320
FINNIFTY02JAN2420750PE.NFO,02/01/2024,10:44:51,0.4,0.35,278360,0.4,219600,1600,1615320
FINNIFTY02JAN2420750PE.NFO,02/01/2024,10:45:01,0.4,0.35,278360,0.4,218880,1200,1615320
FINNIFTY02JAN2420750PE.NFO,02/01/2024,10:45:22,0.4,0.35,278360,0.4,220800,0,1615320
FINNIFTY02JAN2420750PE.NFO,02/01/2024,10:45:32,0.35,0.35,278320,0.4,220800,40,1615320
FINNIFTY02JAN2420750PE.NFO,02/01/2024,10:45:42,0.4,0.35,277840,0.4,219720,80,1615320
FINNIFTY02JAN2420750PE.NFO,02/01/2024,10:46:02,0.4,0.35,277840,0.4,219160,80,1615320
FINNIFTY02JAN2420750PE.NFO,02/01/2024,10:46:12,0.4,0.35,276640,0.4,219680,1240,1615320
FINNIFTY02JAN2420750PE.NFO,02/01/2024,10:46:22,0.4,0.35,276640,0.4,221480,0,1615320
FINNIFTY02JAN2420750PE.NFO,02/01/2024,10:46:31,0.4,0.35,276640,0.4,223200,40,1615320
FINNIFTY02JAN2420750PE.NFO,02/01/2024,10:46:41,0.4,0.35,276640,0.4,221400,1360,1615320
FINNIFTY02JAN2420750PE.NFO,02/01/2024,10:46:51,0.4,0.35,276640,0.4,224000,2400,1615320
FINNIFTY02JAN2420750PE.NFO,02/01/2024,10:47:02,0.4,0.35,276640,0.4,219000,1040,1615320
FINNIFTY02JAN2420750PE.NFO,02/01/2024,10:47:12,0.35,0.35,276600,0.4,217760,1320,1615320
FINNIFTY02JAN2420750PE.NFO,02/01/2024,10:47:22,0.4,0.35,263640,0.4,217400,1120,1615320
FINNIFTY02JAN2420750PE.NFO,02/01/2024,10:47:33,0.4,0.35,244560,0.4,218880,5400,1615320
FINNIFTY02JAN2420750PE.NFO,02/01/2024,10:47:43,0.4,0.35,244560,0.4,220800,80,1615320
FINNIFTY02JAN2420750PE.NFO,02/01/2024,10:47:53,0.35,0.35,244520,0.4,220840,520,1622480
FINNIFTY02JAN2420750PE.NFO,02/01/2024,10:48:03,0.4,0.35,244520,0.4,217160,3440,1622480
FINNIFTY02JAN2420750PE.NFO,02/01/2024,10:48:14,0.4,0.35,235520,0.4,216680,960,1622480
FINNIFTY02JAN2420750PE.NFO,02/01/2024,10:48:34,0.4,0.35,235520,0.4,215600,600,1622480
FINNIFTY02JAN2420750PE.NFO,02/01/2024,10:48:43,0.4,0.35,235320,0.4,216080,0,1622480
FINNIFTY02JAN2420750PE.NFO,02/01/2024,10:49:03,0.4,0.35,233520,0.4,219480,1200,1622480
FINNIFTY02JAN2420750PE.NFO,02/01/2024,10:49:14,0.35,0.35,233480,0.4,215360,4840,1622480
FINNIFTY02JAN2420750PE.NFO,02/01/2024,10:49:25,0.4,0.35,322680,0.4,190240,4480,1622480
FINNIFTY02JAN2420750PE.NFO,02/01/2024,10:49:35,0.4,0.35,232680,0.4,190720,0,1622480
FINNIFTY02JAN2420750PE.NFO,02/01/2024,10:49:45,0.4,0.35,232680,0.4,209080,200,1622480
FINNIFTY02JAN2420750PE.NFO,02/01/2024,10:49:55,0.4,0.35,231800,0.4,209480,480,1622480
FINNIFTY02JAN2420750PE.NFO,02/01/2024,10:50:05,0.4,0.35,231760,0.4,209480,0,1622480
FINNIFTY02JAN2420750PE.NFO,02/01/2024,10:50:17,0.4,0.35,231760,0.4,211160,120,1622480
FINNIFTY02JAN2420750PE.NFO,02/01/2024,10:50:27,0.4,0.35,231760,0.4,206760,10240,1622480
FINNIFTY02JAN2420750PE.NFO,02/01/2024,10:50:38,0.4,0.35,231760,0.4,206520,240,1622480
FINNIFTY02JAN2420750PE.NFO,02/01/2024,10:50:48,0.35,0.35,231000,0.4,206400,920,1622480
FINNIFTY02JAN2420750PE.NFO,02/01/2024,10:50:58,0.35,0.35,231000,0.4,205920,0,1622480
FINNIFTY02JAN2420750PE.NFO,02/01/2024,10:51:08,0.4,0.35,230960,0.4,205640,760,1621360
FINNIFTY02JAN2420750PE.NFO,02/01/2024,10:51:18,0.4,0.35,231000,0.4,205640,0,1621360
FINNIFTY02JAN2420750PE.NFO,02/01/2024,10:51:27,0.4,0.35,230960,0.4,205640,0,1621360
FINNIFTY02JAN2420750PE.NFO,02/01/2024,10:51:47,0.4,0.35,231000,0.4,206440,1000,1621360
FINNIFTY02JAN2420750PE.NFO,02/01/2024,10:51:57,0.4,0.35,231480,0.4,188960,1800,1621360
FINNIFTY02JAN2420750PE.NFO,02/01/2024,10:52:07,0.4,0.35,231880,0.4,188240,320,1621360
FINNIFTY02JAN2420750PE.NFO,02/01/2024,10:52:36,0.4,0.35,231600,0.4,188960,160,1621360
FINNIFTY02JAN2420750PE.NFO,02/01/2024,10:52:46,0.35,0.35,231800,0.4,190760,400,1621360
FINNIFTY02JAN2420750PE.NFO,02/01/2024,10:52:55,0.35,0.35,152680,0.4,189880,0,1621360
FINNIFTY02JAN2420750PE.NFO,02/01/2024,10:53:05,0.35,0.35,151480,0.4,189880,0,1621360
FINNIFTY02JAN2420750PE.NFO,02/01/2024,10:53:15,0.35,0.35,151480,0.4,215960,0,1621360
FINNIFTY02JAN2420750PE.NFO,02/01/2024,10:53:24,0.35,0.35,151440,0.4,196960,40,1621360
FINNIFTY02JAN2420750PE.NFO,02/01/2024,10:53:34,0.35,0.35,149040,0.4,197360,2400,1621360
FINNIFTY02JAN2420750PE.NFO,02/01/2024,10:53:44,0.35,0.35,149040,0.4,199160,0,1621360
FINNIFTY02JAN2420750PE.NFO,02/01/2024,10:53:53,0.35,0.35,147240,0.4,198760,3600,1621120
FINNIFTY02JAN2420750PE.NFO,02/01/2024,10:54:03,0.35,0.35,154440,0.4,200080,0,1621120
FINNIFTY02JAN2420750PE.NFO,02/01/2024,10:54:12,0.4,0.35,154120,0.4,189280,11120,1621120
FINNIFTY02JAN2420750PE.NFO,02/01/2024,10:54:40,0.4,0.35,154120,0.4,189280,0,1621120
FINNIFTY02JAN2420750PE.NFO,02/01/2024,10:54:50,0.4,0.35,155920,0.4,189760,0,1621120
FINNIFTY02JAN2420750PE.NFO,02/01/2024,10:54:59,0.4,0.35,155920,0.4,189520,240,1621120
FINNIFTY02JAN2420750PE.NFO,02/01/2024,10:55:08,0.4,0.35,155920,0.4,192120,0,1621120
FINNIFTY02JAN2420750PE.NFO,02/01/2024,10:55:18,0.4,0.35,155920,0.4,187760,4360,1621120
FINNIFTY02JAN2420750PE.NFO,02/01/2024,10:55:26,0.4,0.35,155920,0.4,187640,120,1621120
FINNIFTY02JAN2420750PE.NFO,02/01/2024,10:55:46,0.4,0.35,155920,0.4,187400,240,1621120
FINNIFTY02JAN2420750PE.NFO,02/01/2024,10:55:55,0.4,0.35,155240,0.4,185400,2680,1621120
FINNIFTY02JAN2420750PE.NFO,02/01/2024,10:56:05,0.35,0.35,155160,0.4,181400,4080,1621120
FINNIFTY02JAN2420750PE.NFO,02/01/2024,10:56:14,0.35,0.35,155080,0.4,183200,80,1621120
FINNIFTY02JAN2420750PE.NFO,02/01/2024,10:56:24,0.35,0.35,154640,0.4,182600,1040,1621120
FINNIFTY02JAN2420750PE.NFO,02/01/2024,10:56:33,0.35,0.35,154520,0.4,184200,120,1621120
FINNIFTY02JAN2420750PE.NFO,02/01/2024,10:56:42,0.35,0.35,151640,0.4,184960,560,1622720
FINNIFTY02JAN2420750PE.NFO,02/01/2024,10:56:52,0.35,0.35,154600,0.4,182360,520,1622720
FINNIFTY02JAN2420750PE.NFO,02/01/2024,10:57:03,0.4,0.35,156000,0.4,181440,80,1622720
FINNIFTY02JAN2420750PE.NFO,02/01/2024,10:57:12,0.4,0.35,174240,0.4,181440,0,1622720
FINNIFTY02JAN2420750PE.NFO,02/01/2024,10:57:22,0.4,0.35,174040,0.4,181400,40,1622720
FINNIFTY02JAN2420750PE.NFO,02/01/2024,10:57:32,0.4,0.35,173560,0.4,181880,0,1622720
FINNIFTY02JAN2420750PE.NFO,02/01/2024,10:57:51,0.4,0.35,173560,0.4,181800,0,1622720
FINNIFTY02JAN2420750PE.NFO,02/01/2024,10:58:01,0.35,0.35,172080,0.4,184200,1720,1622720
FINNIFTY02JAN2420750PE.NFO,02/01/2024,10:58:11,0.35,0.35,160840,0.4,183280,1400,1622720
FINNIFTY02JAN2420750PE.NFO,02/01/2024,10:58:20,0.35,0.35,160400,0.4,183280,400,1622720
FINNIFTY02JAN2420750PE.NFO,02/01/2024,10:58:29,0.4,0.35,160200,0.4,182360,1120,1622720
FINNIFTY02JAN2420750PE.NFO,02/01/2024,10:58:39,0.35,0.35,159160,0.4,185080,1000,1622720
FINNIFTY02JAN2420750PE.NFO,02/01/2024,10:58:48,0.35,0.35,158960,0.4,185080,200,1622720
FINNIFTY02JAN2420750PE.NFO,02/01/2024,10:58:57,0.4,0.35,159000,0.4,184480,600,1622720
FINNIFTY02JAN2420750PE.NFO,02/01/2024,10:59:07,0.4,0.35,158960,0.4,183640,3000,1622720
FINNIFTY02JAN2420750PE.NFO,02/01/2024,10:59:17,0.4,0.35,158080,0.4,183560,960,1622720
FINNIFTY02JAN2420750PE.NFO,02/01/2024,10:59:27,0.4,0.35,158080,0.4,183560,0,1622720
FINNIFTY02JAN2420750PE.NFO,02/01/2024,10:59:47,0.4,0.35,158960,0.4,193000,0,1622720
FINNIFTY02JAN2420750PE.NFO,02/01/2024,10:59:57,0.4,0.35,158960,0.4,192760,240,1622720
FINNIFTY02JAN2420750PE.NFO,02/01/2024,11:00:07,0.4,0.35,158840,0.4,193000,0,1622720
FINNIFTY02JAN2420750PE.NFO,02/01/2024,11:00:16,0.4,0.35,158880,0.4,193000,0,1622720
FINNIFTY02JAN2420750PE.NFO,02/01/2024,11:00:26,0.35,0.35,229680,0.4,193000,1200,1622720
FINNIFTY02JAN2420750PE.NFO,02/01/2024,11:00:36,0.35,0.35,229680,0.4,194800,0,1622720
FINNIFTY02JAN2420750PE.NFO,02/01/2024,11:00:55,0.4,0.35,157680,0.4,194720,80,1622720
FINNIFTY02JAN2420750PE.NFO,02/01/2024,11:01:04,0.4,0.35,157680,0.4,193760,960,1622720
FINNIFTY02JAN2420750PE.NFO,02/01/2024,11:01:14,0.4,0.35,157680,0.4,193960,200,1622720
FINNIFTY02JAN2420750PE.NFO,02/01/2024,11:01:23,0.35,0.35,155680,0.4,193960,2000,1622720
FINNIFTY02JAN2420750PE.NFO,02/01/2024,11:01:33,0.4,0.35,155680,0.4,164040,840,1622720
FINNIFTY02JAN2420750PE.NFO,02/01/2024,11:01:43,0.4,0.35,160360,0.4,171240,0,1622720
FINNIFTY02JAN2420750PE.NFO,02/01/2024,11:01:52,0.4,0.35,160360,0.4,171040,200,1622720
FINNIFTY02JAN2420750PE.NFO,02/01/2024,11:02:02,0.4,0.35,160360,0.4,168440,0,1622720
FINNIFTY02JAN2420750PE.NFO,02/01/2024,11:02:11,0.4,0.35,158560,0.4,170520,0,1622720
FINNIFTY02JAN2420750PE.NFO,02/01/2024,11:02:21,0.35,0.35,160240,0.4,152600,440,1622720
FINNIFTY02JAN2420750PE.NFO,02/01/2024,11:02:31,0.35,0.35,160240,0.4,178880,0,1622720
FINNIFTY02JAN2420750PE.NFO,02/01/2024,11:02:40,0.4,0.35,159360,0.4,178440,40,1622720
FINNIFTY02JAN2420750PE.NFO,02/01/2024,11:02:49,0.4,0.35,159360,0.4,175720,2760,1622720
FINNIFTY02JAN2420750PE.NFO,02/01/2024,11:02:59,0.4,0.35,160240,0.4,172840,2000,1622720
FINNIFTY02JAN2420750PE.NFO,02/01/2024,11:03:08,0.4,0.35,160240,0.4,157080,15760,1622720
FINNIFTY02JAN2420750PE.NFO,02/01/2024,11:03:18,0.4,0.35,160200,0.4,143480,15040,1622720
FINNIFTY02JAN2420750PE.NFO,02/01/2024,11:03:45,0.4,0.35,160200,0.4,138400,5280,1622720
FINNIFTY02JAN2420750PE.NFO,02/01/2024,11:04:03,0.4,0.35,161400,0.4,138400,0,1622720
FINNIFTY02JAN2420750PE.NFO,02/01/2024,11:04:13,0.4,0.35,161400,0.4,132400,6000,1622720
FINNIFTY02JAN2420750PE.NFO,02/01/2024,11:04:22,0.4,0.35,161120,0.4,134080,400,1622720
FINNIFTY02JAN2420750PE.NFO,02/01/2024,11:04:32,0.4,0.35,161120,0.4,134880,0,1622720
FINNIFTY02JAN2420750PE.NFO,02/01/2024,11:04:41,0.4,0.35,161120,0.4,131160,4120,1622720
FINNIFTY02JAN2420750PE.NFO,02/01/2024,11:04:50,0.4,0.35,161120,0.4,132560,1800,1622720
FINNIFTY02JAN2420750PE.NFO,02/01/2024,11:04:59,0.4,0.35,161120,0.4,133280,0,1622720
FINNIFTY02JAN2420750PE.NFO,02/01/2024,11:05:08,0.4,0.35,161120,0.4,133080,200,1622720
FINNIFTY02JAN2420750PE.NFO,02/01/2024,11:05:18,0.4,0.35,161120,0.4,133280,200,1622720
FINNIFTY02JAN2420750PE.NFO,02/01/2024,11:05:27,0.4,0.35,161120,0.4,130280,0,1622720
FINNIFTY02JAN2420750PE.NFO,02/01/2024,11:05:36,0.35,0.35,161040,0.4,130280,80,1622720
FINNIFTY02JAN2420750PE.NFO,02/01/2024,11:05:46,0.35,0.35,161040,0.4,126360,0,1622720
FINNIFTY02JAN2420750PE.NFO,02/01/2024,11:05:55,0.4,0.35,161040,0.4,126240,120,1595400
FINNIFTY02JAN2420750PE.NFO,02/01/2024,11:06:05,0.4,0.35,161360,0.4,122840,0,1595400
FINNIFTY02JAN2420750PE.NFO,02/01/2024,11:06:14,0.4,0.35,160480,0.4,122840,0,1595400
FINNIFTY02JAN2420750PE.NFO,02/01/2024,11:06:52,0.4,0.35,161360,0.4,121560,880,1595400
FINNIFTY02JAN2420750PE.NFO,02/01/2024,11:07:02,0.4,0.35,160400,0.4,97080,5880,1595400
FINNIFTY02JAN2420750PE.NFO,02/01/2024,11:07:11,0.45,0.4,129280,0.45,48680,109800,1595400
FINNIFTY02JAN2420750PE.NFO,02/01/2024,11:07:21,0.45,0.4,68080,0.45,107920,180600,1595400
FINNIFTY02JAN2420750PE.NFO,02/01/2024,11:07:30,0.45,0.4,66600,0.45,126320,17160,1595400
FINNIFTY02JAN2420750PE.NFO,02/01/2024,11:07:39,0.45,0.4,76840,0.45,131720,24160,1595400
FINNIFTY02JAN2420750PE.NFO,02/01/2024,11:07:48,0.45,0.4,81160,0.45,144440,17000,1595400
FINNIFTY02JAN2420750PE.NFO,02/01/2024,11:07:58,0.45,0.4,82000,0.45,145920,7400,1595400
FINNIFTY02JAN2420750PE.NFO,02/01/2024,11:08:07,0.45,0.4,76440,0.45,128040,34080,1595400
FINNIFTY02JAN2420750PE.NFO,02/01/2024,11:08:16,0.45,0.4,75960,0.45,115960,14600,1595400
FINNIFTY02JAN2420750PE.NFO,02/01/2024,11:08:25,0.45,0.4,76000,0.45,94760,15000,1595400
FINNIFTY02JAN2420750PE.NFO,02/01/2024,11:08:34,0.45,0.4,76000,0.45,88880,13800,1595400
FINNIFTY02JAN2420750PE.NFO,02/01/2024,11:08:44,0.45,0.4,74200,0.45,99800,0,1595400
FINNIFTY02JAN2420750PE.NFO,02/01/2024,11:08:53,0.45,0.4,75720,0.45,113760,600,1732160
FINNIFTY02JAN2420750PE.NFO,02/01/2024,11:09:03,0.45,0.4,74200,0.45,110520,4800,1732160
FINNIFTY02JAN2420750PE.NFO,02/01/2024,11:09:12,0.45,0.4,74000,0.45,108720,400,1732160
FINNIFTY02JAN2420750PE.NFO,02/01/2024,11:09:21,0.45,0.4,65000,0.45,104880,17800,1732160
FINNIFTY02JAN2420750PE.NFO,02/01/2024,11:09:30,0.45,0.4,81960,0.45,108440,0,1732160
FINNIFTY02JAN2420750PE.NFO,02/01/2024,11:09:40,0.45,0.4,87480,0.45,102800,320,1732160
FINNIFTY02JAN2420750PE.NFO,02/01/2024,11:09:49,0.45,0.4,91080,0.45,102160,0,1732160
FINNIFTY02JAN2420750PE.NFO,02/01/2024,11:09:59,0.45,0.4,82360,0.45,102560,0,1732160
FINNIFTY02JAN2420750PE.NFO,02/01/2024,11:10:08,0.45,0.4,93160,0.45,102160,600,1732160
FINNIFTY02JAN2420750PE.NFO,02/01/2024,11:10:17,0.45,0.4,82360,0.45,102160,0,1732160
FINNIFTY02JAN2420750PE.NFO,02/01/2024,11:10:26,0.45,0.4,84960,0.45,101160,2000,1732160
FINNIFTY02JAN2420750PE.NFO,02/01/2024,11:10:36,0.45,0.4,91160,0.45,97440,4840,1732160
FINNIFTY02JAN2420750PE.NFO,02/01/2024,11:10:44,0.45,0.4,92000,0.45,97240,0,1732160
FINNIFTY02JAN2420750PE.NFO,02/01/2024,11:10:54,0.45,0.4,84800,0.45,97840,400,1732160
FINNIFTY02JAN2420750PE.NFO,02/01/2024,11:11:03,0.45,0.4,92160,0.45,96400,5240,1732160
FINNIFTY02JAN2420750PE.NFO,02/01/2024,11:11:12,0.45,0.4,84840,0.45,94680,15200,1732160
FINNIFTY02JAN2420750PE.NFO,02/01/2024,11:11:21,0.45,0.4,81320,0.45,89560,6400,1732160
FINNIFTY02JAN2420750PE.NFO,02/01/2024,11:11:31,0.45,0.4,84560,0.45,87160,800,1732160
FINNIFTY02JAN2420750PE.NFO,02/01/2024,11:11:48,0.5,0.45,112760,0.5,90560,87960,1778120
FINNIFTY02JAN2420750PE.NFO,02/01/2024,11:11:57,0.5,0.45,108480,0.5,96440,32360,1778120
FINNIFTY02JAN2420750PE.NFO,02/01/2024,11:12:07,0.5,0.45,110840,0.5,81600,29120,1778120
FINNIFTY02JAN2420750PE.NFO,02/01/2024,11:12:16,0.5,0.45,112520,0.5,57200,27920,1778120
FINNIFTY02JAN2420750PE.NFO,02/01/2024,11:12:25,0.55,0.5,43120,0.55,73760,184320,1778120
FINNIFTY02JAN2420750PE.NFO,02/01/2024,11:12:31,0.5,0.45,55520,0.5,96520,60960,1778120
FINNIFTY02JAN2420750PE.NFO,02/01/2024,11:12:32,0.5,0.45,56080,0.5,95600,3800,1778120
FINNIFTY02JAN2420750PE.NFO,02/01/2024,11:12:33,0.5,0.45,108040,0.5,93760,4200,1778120
FINNIFTY02JAN2420750PE.NFO,02/01/2024,11:12:34,0.5,0.45,108480,0.5,92520,2200,1778120
FINNIFTY02JAN2420750PE.NFO,02/01/2024,11:12:35,0.5,0.45,110200,0.5,95720,3400,1778120
FINNIFTY02JAN2420750PE.NFO,02/01/2024,11:12:36,0.5,0.45,115000,0.5,94560,3600,1778120
FINNIFTY02JAN2420750PE.NFO,02/01/2024,11:12:38,0.5,0.45,114840,0.5,96080,400,1778120
FINNIFTY02JAN2420750PE.NFO,02/01/2024,11:12:40,0.5,0.45,114840,0.5,97880,0,1778120
FINNIFTY02JAN2420750PE.NFO,02/01/2024,11:12:43,0.5,0.45,114840,0.5,97960,0,1778120
FINNIFTY02JAN2420750PE.NFO,02/01/2024,11:12:45,0.5,0.45,115040,0.5,97840,200,1778120
FINNIFTY02JAN2420750PE.NFO,02/01/2024,11:12:46,0.5,0.45,115040,0.5,97880,0,1778120
FINNIFTY02JAN2420750PE.NFO,02/01/2024,11:12:51,0.5,0.45,122360,0.5,86800,21920,1778120
FINNIFTY02JAN2420750PE.NFO,02/01/2024,11:12:52,0.5,0.45,122360,0.5,66480,18400,1778120
FINNIFTY02JAN2420750PE.NFO,02/01/2024,11:12:52,0.5,0.45,122400,0.5,67880,200,1778120
FINNIFTY02JAN2420750PE.NFO,02/01/2024,11:12:53,0.5,0.45,122440,0.5,54120,11800,1778120
FINNIFTY02JAN2420750PE.NFO,02/01/2024,11:12:54,0.55,0.5,99040,0.55,63120,23000,1778120
FINNIFTY02JAN2420750PE.NFO,02/01/2024,11:12:55,0.55,0.5,108640,0.55,60040,400,1778120
FINNIFTY02JAN2420750PE.NFO,02/01/2024,11:12:56,0.55,0.5,111440,0.55,60040,0,1778120
FINNIFTY02JAN2420750PE.NFO,02/01/2024,11:12:57,0.5,0.5,111320,0.55,60040,160,1778120
FINNIFTY02JAN2420750PE.NFO,02/01/2024,11:12:58,0.5,0.5,111080,0.55,60160,520,1778120
FINNIFTY02JAN2420750PE.NFO,02/01/2024,11:12:59,0.5,0.5,110880,0.55,59960,360,1778120
FINNIFTY02JAN2420750PE.NFO,02/01/2024,11:13:00,0.5,0.5,110600,0.55,60080,720,1778120
FINNIFTY02JAN2420750PE.NFO,02/01/2024,11:13:01,0.5,0.5,106160,0.55,62240,13120,1778120
FINNIFTY02JAN2420750PE.NFO,02/01/2024,11:13:02,0.55,0.5,105400,0.55,62840,3320,1778120
FINNIFTY02JAN2420750PE.NFO,02/01/2024,11:13:03,0.55,0.5,105400,0.55,62840,0,1778120
FINNIFTY02JAN2420750PE.NFO,02/01/2024,11:13:08,0.55,0.5,108080,0.55,59560,2400,1778120
FINNIFTY02JAN2420750PE.NFO,02/01/2024,11:13:09,0.5,0.5,107760,0.55,54400,1160,1778120
FINNIFTY02JAN2420750PE.NFO,02/01/2024,11:13:10,0.55,0.5,107760,0.55,54040,400,1778120
FINNIFTY02JAN2420750PE.NFO,02/01/2024,11:13:11,0.55,0.5,108640,0.55,50560,7160,1778120
FINNIFTY02JAN2420750PE.NFO,02/01/2024,11:13:12,0.55,0.5,108640,0.55,44440,4000,1778120
FINNIFTY02JAN2420750PE.NFO,02/01/2024,11:13:13,0.6,0.55,71360,0.6,71240,44280,1778120
FINNIFTY02JAN2420750PE.NFO,02/01/2024,11:13:14,0.6,0.55,100000,0.6,69240,2120,1778120
FINNIFTY02JAN2420750PE.NFO,02/01/2024,11:13:15,0.6,0.55,100000,0.6,68400,1000,1778120
FINNIFTY02JAN2420750PE.NFO,02/01/2024,11:13:16,0.6,0.55,90120,0.6,86040,10400,1778120
FINNIFTY02JAN2420750PE.NFO,02/01/2024,11:13:16,0.6,0.55,84720,0.6,85440,600,1778120
FINNIFTY02JAN2420750PE.NFO,02/01/2024,11:13:17,0.55,0.55,78400,0.6,84280,8400,1778120
FINNIFTY02JAN2420750PE.NFO,02/01/2024,11:13:18,0.6,0.55,78720,0.6,84200,2360,1778120
FINNIFTY02JAN2420750PE.NFO,02/01/2024,11:13:19,0.6,0.55,77960,0.6,85400,1200,1778120
FINNIFTY02JAN2420750PE.NFO,02/01/2024,11:13:20,0.6,0.55,56960,0.6,83920,24520,1778120
FINNIFTY02JAN2420750PE.NFO,02/01/2024,11:13:21,0.6,0.55,75080,0.6,101200,720,1778120
FINNIFTY02JAN2420750PE.NFO,02/01/2024,11:13:22,0.6,0.55,75080,0.6,108560,200,1778120
FINNIFTY02JAN2420750PE.NFO,02/01/2024,11:13:23,0.6,0.55,75080,0.6,110360,400,1778120
FINNIFTY02JAN2420750PE.NFO,02/01/2024,11:13:24,0.6,0.55,74080,0.6,109600,800,1778120
FINNIFTY02JAN2420750PE.NFO,02/01/2024,11:13:25,0.55,0.55,73640,0.6,108800,840,1778120
FINNIFTY02JAN2420750PE.NFO,02/01/2024,11:13:26,0.6,0.55,56080,0.6,96800,11200,1778120
FINNIFTY02JAN2420750PE.NFO,02/01/2024,11:13:27,0.6,0.55,56080,0.6,96800,0,1778120
FINNIFTY02JAN2420750PE.NFO,02/01/2024,11:13:28,0.55,0.55,43520,0.6,103800,3800,1778120
FINNIFTY02JAN2420750PE.NFO,02/01/2024,11:13:29,0.55,0.55,46200,0.6,99640,15120,1778120
FINNIFTY02JAN2420750PE.NFO,02/01/2024,11:13:30,0.6,0.55,45680,0.6,89080,400,1778120
FINNIFTY02JAN2420750PE.NFO,02/01/2024,11:13:41,0.55,0.5,69960,0.55,90560,43680,1778120
FINNIFTY02JAN2420750PE.NFO,02/01/2024,11:13:51,0.55,0.5,70480,0.55,106600,7600,1778120
FINNIFTY02JAN2420750PE.NFO,02/01/2024,11:14:01,0.5,0.5,75560,0.55,88120,10560,1778120
FINNIFTY02JAN2420750PE.NFO,02/01/2024,11:14:10,0.5,0.5,76080,0.55,98680,3360,1778120
FINNIFTY02JAN2420750PE.NFO,02/01/2024,11:14:20,0.55,0.5,73920,0.55,95960,7240,1778120
FINNIFTY02JAN2420750PE.NFO,02/01/2024,11:14:29,0.55,0.5,75560,0.55,98040,18720,1778120
FINNIFTY02JAN2420750PE.NFO,02/01/2024,11:14:38,0.55,0.5,71200,0.55,100880,11040,1778120
FINNIFTY02JAN2420750PE.NFO,02/01/2024,11:14:47,0.55,0.5,70400,0.55,78480,5280,1935800
FINNIFTY02JAN2420750PE.NFO,02/01/2024,11:14:57,0.55,0.5,68520,0.55,113440,7840,1935800
FINNIFTY02JAN2420750PE.NFO,02/01/2024,11:15:07,0.5,0.5,68960,0.55,98120,10560,1935800
FINNIFTY02JAN2420750PE.NFO,02/01/2024,11:15:18,0.55,0.55,77240,0.6,48000,77600,1935800
FINNIFTY02JAN2420750PE.NFO,02/01/2024,11:15:27,0.6,0.55,85760,0.6,25840,32880,1935800
FINNIFTY02JAN2420750PE.NFO,02/01/2024,11:15:37,0.65,0.6,83280,0.65,46240,64680,1935800
FINNIFTY02JAN2420750PE.NFO,02/01/2024,11:15:48,0.7,0.65,87920,0.7,53240,55080,1935800
FINNIFTY02JAN2420750PE.NFO,02/01/2024,11:15:58,0.7,0.65,90040,0.7,52880,16080,1935800
FINNIFTY02JAN2420750PE.NFO,02/01/2024,11:16:08,0.65,0.65,82680,0.7,71760,51200,1935800
FINNIFTY02JAN2420750PE.NFO,02/01/2024,11:16:18,0.7,0.65,83120,0.7,74720,7080,1935800
FINNIFTY02JAN2420750PE.NFO,02/01/2024,11:16:28,0.65,0.6,70520,0.65,84000,52000,1935800
FINNIFTY02JAN2420750PE.NFO,02/01/2024,11:16:37,0.65,0.6,66440,0.65,108320,14920,1935800
FINNIFTY02JAN2420750PE.NFO,02/01/2024,11:16:46,0.65,0.6,66760,0.65,101720,8400,1935800
FINNIFTY02JAN2420750PE.NFO,02/01/2024,11:16:56,0.65,0.6,62040,0.65,62720,50040,1935800
FINNIFTY02JAN2420750PE.NFO,02/01/2024,11:17:05,0.65,0.6,65120,0.65,66800,4400,1935800
FINNIFTY02JAN2420750PE.NFO,02/01/2024,11:17:15,0.65,0.6,65880,0.65,40480,22200,1935800
FINNIFTY02JAN2420750PE.NFO,02/01/2024,11:17:24,0.6,0.6,68800,0.65,27520,22000,1935800
FINNIFTY02JAN2420750PE.NFO,02/01/2024,11:17:34,0.65,0.6,87160,0.65,61320,53600,1935800
FINNIFTY02JAN2420750PE.NFO,02/01/2024,11:17:43,0.6,0.6,78600,0.65,60600,24320,1935800
FINNIFTY02JAN2420750PE.NFO,02/01/2024,11:17:53,0.65,0.6,53400,0.65,57080,57000,2092280
FINNIFTY02JAN2420750PE.NFO,02/01/2024,11:18:02,0.65,0.6,62480,0.65,73320,11080,2092280
FINNIFTY02JAN2420750PE.NFO,02/01/2024,11:18:11,0.65,0.6,61600,0.65,92080,13880,2092280
FINNIFTY02JAN2420750PE.NFO,02/01/2024,11:18:21,0.65,0.6,59360,0.65,91600,15240,2092280
FINNIFTY02JAN2420750PE.NFO,02/01/2024,11:18:30,0.6,0.55,84680,0.6,62920,58000,2092280
FINNIFTY02JAN2420750PE.NFO,02/01/2024,11:18:40,0.6,0.55,82800,0.6,60200,15360,2092280
FINNIFTY02JAN2420750PE.NFO,02/01/2024,11:18:49,0.55,0.55,71720,0.6,60040,16040,2092280
FINNIFTY02JAN2420750PE.NFO,02/01/2024,11:18:58,0.6,0.55,69880,0.6,61760,6840,2092280
FINNIFTY02JAN2420750PE.NFO,02/01/2024,11:19:07,0.6,0.55,67160,0.6,59320,7880,2092280
FINNIFTY02JAN2420750PE.NFO,02/01/2024,11:19:16,0.6,0.55,68120,0.6,56880,18520,2092280
FINNIFTY02JAN2420750PE.NFO,02/01/2024,11:19:25,0.6,0.55,68120,0.6,61800,4600,2092280
FINNIFTY02JAN2420750PE.NFO,02/01/2024,11:19:34,0.6,0.55,68080,0.6,63280,10600,2092280
FINNIFTY02JAN2420750PE.NFO,02/01/2024,11:19:43,0.6,0.55,68000,0.6,28560,14280,2092280
FINNIFTY02JAN2420750PE.NFO,02/01/2024,11:19:52,0.65,0.6,96000,0.65,83000,78840,2092280
FINNIFTY02JAN2420750PE.NFO,02/01/2024,11:20:01,0.65,0.6,94800,0.65,74200,12760,2092280
FINNIFTY02JAN2420750PE.NFO,02/01/2024,11:20:10,0.65,0.6,93600,0.65,87440,40400,2092280
FINNIFTY02JAN2420750PE.NFO,02/01/2024,11:20:19,0.65,0.6,74080,0.65,87600,42640,2092280
FINNIFTY02JAN2420750PE.NFO,02/01/2024,11:20:28,0.6,0.6,80040,0.65,107960,20480,2092280
FINNIFTY02JAN2420750PE.NFO,02/01/2024,11:20:38,0.65,0.6,76840,0.65,105800,18320,2092280
FINNIFTY02JAN2420750PE.NFO,02/01/2024,11:20:47,0.6,0.6,68160,0.65,100960,27400,2279480
FINNIFTY02JAN2420750PE.NFO,02/01/2024,11:20:56,0.6,0.6,71440,0.65,95240,44480,2279480
FINNIFTY02JAN2420750PE.NFO,02/01/2024,11:21:05,0.6,0.6,71680,0.65,91920,39960,2279480
FINNIFTY02JAN2420750PE.NFO,02/01/2024,11:21:15,0.6,0.55,94400,0.6,92840,54400,2279480
FINNIFTY02JAN2420750PE.NFO,02/01/2024,11:21:24,0.65,0.6,59200,0.65,74000,73400,2279480
FINNIFTY02JAN2420750PE.NFO,02/01/2024,11:21:34,0.65,0.6,77520,0.65,78480,27640,2279480
FINNIFTY02JAN2420750PE.NFO,02/01/2024,11:21:43,0.6,0.6,75240,0.65,93640,30880,2279480
FINNIFTY02JAN2420750PE.NFO,02/01/2024,11:21:52,0.6,0.6,74000,0.65,98200,39320,2279480
FINNIFTY02JAN2420750PE.NFO,02/01/2024,11:22:02,0.6,0.6,63000,0.65,106360,43280,2279480
FINNIFTY02JAN2420750PE.NFO,02/01/2024,11:22:11,0.65,0.6,77800,0.65,97880,72440,2279480
FINNIFTY02JAN2420750PE.NFO,02/01/2024,11:22:21,0.65,0.6,64840,0.65,101320,38280,2279480
FINNIFTY02JAN2420750PE.NFO,02/01/2024,11:22:31,0.6,0.55,119280,0.6,107400,62880,2279480
FINNIFTY02JAN2420750PE.NFO,02/01/2024,11:22:40,0.6,0.55,118840,0.6,98560,18120,2279480
FINNIFTY02JAN2420750PE.NFO,02/01/2024,11:22:50,0.6,0.55,97800,0.6,98480,24600,2279480
FINNIFTY02JAN2420750PE.NFO,02/01/2024,11:23:00,0.6,0.55,80600,0.6,95520,19760,2279480
FINNIFTY02JAN2420750PE.NFO,02/01/2024,11:23:09,0.6,0.55,82200,0.6,85440,11000,2279480
FINNIFTY02JAN2420750PE.NFO,02/01/2024,11:23:18,0.6,0.55,79400,0.6,86320,7280,2279480
FINNIFTY02JAN2420750PE.NFO,02/01/2024,11:23:27,0.6,0.55,81400,0.6,87560,6800,2279480
FINNIFTY02JAN2420750PE.NFO,02/01/2024,11:23:36,0.55,0.55,80320,0.6,85520,3920,2279480
FINNIFTY02JAN2420750PE.NFO,02/01/2024,11:23:46,0.6,0.55,79160,0.6,74880,32600,2496920
FINNIFTY02JAN2420750PE.NFO,02/01/2024,11:23:55,0.55,0.55,70120,0.6,73880,10520,2496920
FINNIFTY02JAN2420750PE.NFO,02/01/2024,11:24:04,0.55,0.55,72760,0.6,70680,12240,2496920
FINNIFTY02JAN2420750PE.NFO,02/01/2024,11:24:13,0.55,0.55,89200,0.6,70560,52320,2496920
FINNIFTY02JAN2420750PE.NFO,02/01/2024,11:24:22,0.6,0.55,88920,0.6,83920,13640,2496920
FINNIFTY02JAN2420750PE.NFO,02/01/2024,11:24:31,0.6,0.55,87920,0.6,83400,7800,2496920
FINNIFTY02JAN2420750PE.NFO,02/01/2024,11:24:41,0.6,0.55,92840,0.6,72240,6680,2496920
FINNIFTY02JAN2420750PE.NFO,02/01/2024,11:24:49,0.55,0.5,83200,0.55,44480,119560,2496920
FINNIFTY02JAN2420750PE.NFO,02/01/2024,11:24:59,0.55,0.5,116520,0.55,73320,8200,2496920
FINNIFTY02JAN2420750PE.NFO,02/01/2024,11:25:08,0.6,0.55,86520,0.6,99760,52520,2496920
FINNIFTY02JAN2420750PE.NFO,02/01/2024,11:25:17,0.6,0.55,69080,0.6,115280,62960,2496920
FINNIFTY02JAN2420750PE.NFO,02/01/2024,11:25:26,0.55,0.5,87240,0.55,116320,74440,2496920
FINNIFTY02JAN2420750PE.NFO,02/01/2024,11:25:36,0.55,0.5,83920,0.55,118840,7800,2496920
FINNIFTY02JAN2420750PE.NFO,02/01/2024,11:25:45,0.55,0.5,83920,0.55,117720,800,2496920
FINNIFTY02JAN2420750PE.NFO,02/01/2024,11:25:54,0.55,0.5,83040,0.55,118040,0,2496920
FINNIFTY02JAN2420750PE.NFO,02/01/2024,11:26:04,0.55,0.5,73080,0.55,118920,0,2496920
FINNIFTY02JAN2420750PE.NFO,02/01/2024,11:26:13,0.5,0.5,71200,0.55,118920,14040,2496920
FINNIFTY02JAN2420750PE.NFO,02/01/2024,11:26:22,0.5,0.5,52200,0.55,118920,1360,2496920
FINNIFTY02JAN2420750PE.NFO,02/01/2024,11:26:31,0.5,0.5,72560,0.55,119240,0,2496920
FINNIFTY02JAN2420750PE.NFO,02/01/2024,11:26:41,0.5,0.5,68920,0.55,119680,1840,2496920
FINNIFTY02JAN2420750PE.NFO,02/01/2024,11:26:51,0.5,0.5,68920,0.55,118160,0,2496920
FINNIFTY02JAN2420750PE.NFO,02/01/2024,11:26:59,0.5,0.5,50920,0.55,119600,640,2591240
FINNIFTY02JAN2420750PE.NFO,02/01/2024,11:27:09,0.5,0.5,41720,0.55,119640,6280,2591240
FINNIFTY02JAN2420750PE.NFO,02/01/2024,11:27:18,0.5,0.5,41520,0.55,119640,200,2591240
FINNIFTY02JAN2420750PE.NFO,02/01/2024,11:27:27,0.5,0.5,67080,0.55,119640,0,2591240
FINNIFTY02JAN2420750PE.NFO,02/01/2024,11:27:36,0.5,0.5,64000,0.55,120000,8400,2591240
FINNIFTY02JAN2420750PE.NFO,02/01/2024,11:27:46,0.5,0.5,42360,0.55,120000,1560,2591240
FINNIFTY02JAN2420750PE.NFO,02/01/2024,11:27:55,0.45,0.45,140040,0.5,105400,21600,2591240
FINNIFTY02JAN2420750PE.NFO,02/01/2024,11:28:04,0.5,0.45,133000,0.5,98640,8160,2591240
FINNIFTY02JAN2420750PE.NFO,02/01/2024,11:28:13,0.45,0.45,130680,0.5,101840,800,2591240
FINNIFTY02JAN2420750PE.NFO,02/01/2024,11:28:22,0.45,0.45,130680,0.5,101840,0,2591240
FINNIFTY02JAN2420750PE.NFO,02/01/2024,11:28:31,0.5,0.45,127840,0.5,101440,6440,2591240
FINNIFTY02JAN2420750PE.NFO,02/01/2024,11:28:41,0.45,0.45,127800,0.5,101440,40,2591240
FINNIFTY02JAN2420750PE.NFO,02/01/2024,11:28:50,0.45,0.45,126040,0.5,106320,0,2591240
FINNIFTY02JAN2420750PE.NFO,02/01/2024,11:29:07,0.45,0.45,124240,0.5,105920,1880,2591240
FINNIFTY02JAN2420750PE.NFO,02/01/2024,11:29:17,0.45,0.45,106240,0.5,105880,1960,2591240
FINNIFTY02JAN2420750PE.NFO,02/01/2024,11:29:26,0.45,0.45,105560,0.5,105880,640,2591240
FINNIFTY02JAN2420750PE.NFO,02/01/2024,11:29:35,0.45,0.45,103600,0.5,105760,1440,2591240
FINNIFTY02JAN2420750PE.NFO,02/01/2024,11:29:44,0.45,0.45,103440,0.5,105760,0,2591240
FINNIFTY02JAN2420750PE.NFO,02/01/2024,11:29:53,0.5,0.45,81040,0.5,105040,13400,2598040
FINNIFTY02JAN2420750PE.NFO,02/01/2024,11:30:02,0.45,0.45,70400,0.5,104920,10120,2598040
FINNIFTY02JAN2420750PE.NFO,02/01/2024,11:30:12,0.5,0.45,61560,0.5,104880,10040,2598040
FINNIFTY02JAN2420750PE.NFO,02/01/2024,11:30:20,0.45,0.45,60760,0.5,104280,11120,2598040
FINNIFTY02JAN2420750PE.NFO,02/01/2024,11:30:29,0.45,0.45,60760,0.5,104280,0,2598040
FINNIFTY02JAN2420750PE.NFO,02/01/2024,11:30:38,0.5,0.45,62400,0.5,103080,8000,2598040
FINNIFTY02JAN2420750PE.NFO,02/01/2024,11:30:47,0.45,0.45,62120,0.5,104040,10000,2598040
FINNIFTY02JAN2420750PE.NFO,02/01/2024,11:30:56,0.45,0.45,63320,0.5,105240,600,2598040
FINNIFTY02JAN2420750PE.NFO,02/01/2024,11:31:05,0.45,0.45,61200,0.5,105160,240,2598040
FINNIFTY02JAN2420750PE.NFO,02/01/2024,11:31:14,0.45,0.45,82240,0.5,107160,3880,2598040
FINNIFTY02JAN2420750PE.NFO,02/01/2024,11:31:23,0.45,0.45,78400,0.5,107160,3800,2598040
FINNIFTY02JAN2420750PE.NFO,02/01/2024,11:31:32,0.45,0.45,88280,0.5,113960,21680,2598040
FINNIFTY02JAN2420750PE.NFO,02/01/2024,11:31:41,0.45,0.45,88920,0.5,111640,6240,2598040
FINNIFTY02JAN2420750PE.NFO,02/01/2024,11:31:50,0.45,0.45,89440,0.5,111640,4880,2598040
FINNIFTY02JAN2420750PE.NFO,02/01/2024,11:31:59,0.45,0.45,89840,0.5,111640,3680,2598040
FINNIFTY02JAN2420750PE.NFO,02/01/2024,11:32:09,0.45,0.45,89680,0.5,111640,11440,2598040
FINNIFTY02JAN2420750PE.NFO,02/01/2024,11:32:18,0.45,0.45,96000,0.5,112640,12720,2598040
FINNIFTY02JAN2420750PE.NFO,02/01/2024,11:32:27,0.45,0.45,102280,0.5,112640,2600,2598040
FINNIFTY02JAN2420750PE.NFO,02/01/2024,11:32:36,0.45,0.45,100280,0.5,112680,5640,2598040
FINNIFTY02JAN2420750PE.NFO,02/01/2024,11:32:45,0.45,0.45,94480,0.5,112680,3760,2598040
FINNIFTY02JAN2420750PE.NFO,02/01/2024,11:32:54,0.45,0.45,90000,0.5,112760,4200,2648160
FINNIFTY02JAN2420750PE.NFO,02/01/2024,11:33:03,0.45,0.45,87080,0.5,114480,3040,2648160
FINNIFTY02JAN2420750PE.NFO,02/01/2024,11:33:12,0.45,0.45,84080,0.5,114440,5080,2648160
FINNIFTY02JAN2420750PE.NFO,02/01/2024,11:33:21,0.45,0.45,76760,0.5,121720,7480,2648160
FINNIFTY02JAN2420750PE.NFO,02/01/2024,11:33:30,0.45,0.45,71640,0.5,120800,7000,2648160
FINNIFTY02JAN2420750PE.NFO,02/01/2024,11:33:39,0.45,0.4,157360,0.45,150600,41360,2648160
FINNIFTY02JAN2420750PE.NFO,02/01/2024,11:33:47,0.45,0.4,158800,0.45,164120,0,2648160
FINNIFTY02JAN2420750PE.NFO,02/01/2024,11:34:05,0.45,0.4,159200,0.45,163760,40,2648160
FINNIFTY02JAN2420750PE.NFO,02/01/2024,11:34:23,0.45,0.4,159200,0.45,164080,0,2648160
FINNIFTY02JAN2420750PE.NFO,02/01/2024,11:34:32,0.45,0.4,159200,0.45,165160,1200,2648160
FINNIFTY02JAN2420750PE.NFO,02/01/2024,11:34:42,0.4,0.4,158640,0.45,164280,40,2648160
FINNIFTY02JAN2420750PE.NFO,02/01/2024,11:35:00,0.4,0.4,158600,0.45,165120,80,2648160
FINNIFTY02JAN2420750PE.NFO,02/01/2024,11:35:08,0.4,0.4,163160,0.45,165120,0,2648160
FINNIFTY02JAN2420750PE.NFO,02/01/2024,11:35:18,0.45,0.4,165000,0.45,165080,40,2648160
FINNIFTY02JAN2420750PE.NFO,02/01/2024,11:35:27,0.45,0.4,164920,0.45,164880,200,2648160
FINNIFTY02JAN2420750PE.NFO,02/01/2024,11:35:36,0.45,0.4,164000,0.45,163960,40,2648160
FINNIFTY02JAN2420750PE.NFO,02/01/2024,11:35:45,0.4,0.4,163000,0.45,164840,120,2648160
FINNIFTY02JAN2420750PE.NFO,02/01/2024,11:35:54,0.4,0.4,164560,0.45,163960,40,2679480
FINNIFTY02JAN2420750PE.NFO,02/01/2024,11:36:02,0.45,0.4,170280,0.45,163160,18080,2679480
FINNIFTY02JAN2420750PE.NFO,02/01/2024,11:36:12,0.45,0.4,172840,0.45,162680,600,2679480
FINNIFTY02JAN2420750PE.NFO,02/01/2024,11:36:21,0.45,0.4,176480,0.45,162840,160,2679480
FINNIFTY02JAN2420750PE.NFO,02/01/2024,11:36:30,0.45,0.4,176560,0.45,163640,80,2679480
FINNIFTY02JAN2420750PE.NFO,02/01/2024,11:36:39,0.45,0.4,177440,0.45,162680,80,2679480
FINNIFTY02JAN2420750PE.NFO,02/01/2024,11:36:49,0.45,0.4,171080,0.45,162680,0,2679480
FINNIFTY02JAN2420750PE.NFO,02/01/2024,11:36:59,0.45,0.4,171000,0.45,162160,280,2679480
FINNIFTY02JAN2420750PE.NFO,02/01/2024,11:37:08,0.45,0.4,171000,0.45,162480,0,2679480
FINNIFTY02JAN2420750PE.NFO,02/01/2024,11:37:36,0.4,0.4,148360,0.45,162480,12600,2679480
FINNIFTY02JAN2420750PE.NFO,02/01/2024,11:37:46,0.4,0.4,148440,0.45,162480,120,2679480
FINNIFTY02JAN2420750PE.NFO,02/01/2024,11:37:55,0.45,0.4,148440,0.45,162280,200,2679480
FINNIFTY02JAN2420750PE.NFO,02/01/2024,11:38:04,0.45,0.4,148400,0.45,162600,80,2679480
FINNIFTY02JAN2420750PE.NFO,02/01/2024,11:38:14,0.4,0.4,147960,0.45,162200,440,2679480
FINNIFTY02JAN2420750PE.NFO,02/01/2024,11:38:33,0.4,0.4,147960,0.45,162200,0,2679480
FINNIFTY02JAN2420750PE.NFO,02/01/2024,11:38:53,0.45,0.4,147920,0.45,162120,80,2660680
FINNIFTY02JAN2420750PE.NFO,02/01/2024,11:39:02,0.45,0.4,147920,0.45,160680,1440,2660680
FINNIFTY02JAN2420750PE.NFO,02/01/2024,11:39:12,0.4,0.4,138280,0.45,161040,9440,2660680
FINNIFTY02JAN2420750PE.NFO,02/01/2024,11:39:21,0.4,0.4,118320,0.45,161040,19800,2660680
FINNIFTY02JAN2420750PE.NFO,02/01/2024,11:39:30,0.4,0.4,116800,0.45,161240,1800,2660680
FINNIFTY02JAN2420750PE.NFO,02/01/2024,11:39:39,0.4,0.4,116840,0.45,181240,0,2660680
FINNIFTY02JAN2420750PE.NFO,02/01/2024,11:39:49,0.4,0.4,100320,0.45,181240,14400,2660680
FINNIFTY02JAN2420750PE.NFO,02/01/2024,11:39:58,0.4,0.4,92680,0.45,181200,7240,2660680
FINNIFTY02JAN2420750PE.NFO,02/01/2024,11:40:07,0.4,0.4,76360,0.45,181080,14680,2660680
FINNIFTY02JAN2420750PE.NFO,02/01/2024,11:40:16,0.4,0.4,56360,0.45,160080,58760,2660680
FINNIFTY02JAN2420750PE.NFO,02/01/2024,11:40:25,0.4,0.4,58640,0.45,160000,3680,2660680
FINNIFTY02JAN2420750PE.NFO,02/01/2024,11:40:33,0.4,0.4,58640,0.45,162600,0,2660680
FINNIFTY02JAN2420750PE.NFO,02/01/2024,11:40:42,0.45,0.4,51640,0.45,164720,9080,2660680
FINNIFTY02JAN2420750PE.NFO,02/01/2024,11:40:51,0.4,0.4,42480,0.45,165120,10800,2660680
FINNIFTY02JAN2420750PE.NFO,02/01/2024,11:41:00,0.4,0.35,213160,0.4,173000,88320,2660680
FINNIFTY02JAN2420750PE.NFO,02/01/2024,11:41:10,0.35,0.35,173720,0.4,172360,24400,2660680
FINNIFTY02JAN2420750PE.NFO,02/01/2024,11:41:19,0.4,0.35,170200,0.4,172320,5360,2660680
FINNIFTY02JAN2420750PE.NFO,02/01/2024,11:41:29,0.4,0.35,211600,0.4,131760,129080,2660680
FINNIFTY02JAN2420750PE.NFO,02/01/2024,11:41:39,0.4,0.4,137760,0.45,131080,78200,2660680
FINNIFTY02JAN2420750PE.NFO,02/01/2024,11:41:49,0.4,0.4,138480,0.45,127560,280,2441560
FINNIFTY02JAN2420750PE.NFO,02/01/2024,11:41:59,0.4,0.4,140880,0.45,131600,19400,2441560
FINNIFTY02JAN2420750PE.NFO,02/01/2024,11:42:09,0.4,0.4,142640,0.45,141680,7320,2441560
FINNIFTY02JAN2420750PE.NFO,02/01/2024,11:42:19,0.4,0.4,138760,0.45,146160,10920,2441560
FINNIFTY02JAN2420750PE.NFO,02/01/2024,11:42:29,0.45,0.4,135240,0.45,135800,3240,2441560
FINNIFTY02JAN2420750PE.NFO,02/01/2024,11:42:38,0.45,0.4,137080,0.45,136360,0,2441560
FINNIFTY02JAN2420750PE.NFO,02/01/2024,11:42:47,0.45,0.4,169480,0.45,138000,1600,2441560
FINNIFTY02JAN2420750PE.NFO,02/01/2024,11:42:57,0.45,0.4,171840,0.45,137480,240,2441560
FINNIFTY02JAN2420750PE.NFO,02/01/2024,11:43:06,0.4,0.4,169240,0.45,136680,10200,2441560
FINNIFTY02JAN2420750PE.NFO,02/01/2024,11:43:15,0.45,0.4,166320,0.45,136720,4560,2441560
FINNIFTY02JAN2420750PE.NFO,02/01/2024,11:43:25,0.4,0.4,169400,0.45,136760,120,2441560
FINNIFTY02JAN2420750PE.NFO,02/01/2024,11:43:34,0.4,0.4,174760,0.45,136120,80,2441560
FINNIFTY02JAN2420750PE.NFO,02/01/2024,11:43:43,0.45,0.4,173720,0.45,138240,1480,2441560
FINNIFTY02JAN2420750PE.NFO,02/01/2024,11:43:53,0.45,0.4,164760,0.45,134200,7160,2441560
FINNIFTY02JAN2420750PE.NFO,02/01/2024,11:44:03,0.4,0.4,167360,0.45,139600,4120,2441560
FINNIFTY02JAN2420750PE.NFO,02/01/2024,11:44:12,0.45,0.4,167920,0.45,126560,2680,2441560
FINNIFTY02JAN2420750PE.NFO,02/01/2024,11:44:22,0.4,0.4,166120,0.45,127240,9200,2441560
FINNIFTY02JAN2420750PE.NFO,02/01/2024,11:44:31,0.45,0.4,166120,0.45,178280,40,2441560
FINNIFTY02JAN2420750PE.NFO,02/01/2024,11:44:40,0.45,0.4,165200,0.45,178600,80,2441560
FINNIFTY02JAN2420750PE.NFO,02/01/2024,11:44:49,0.45,0.4,167680,0.45,178600,0,2441560
FINNIFTY02JAN2420750PE.NFO,02/01/2024,11:44:58,0.45,0.4,164400,0.45,176440,0,2441560
FINNIFTY02JAN2420750PE.NFO,02/01/2024,11:45:07,0.45,0.4,164360,0.45,178240,0,2441560
FINNIFTY02JAN2420750PE.NFO,02/01/2024,11:45:17,0.45,0.4,133720,0.45,177160,0,2441560
FINNIFTY02JAN2420750PE.NFO,02/01/2024,11:45:26,0.4,0.4,114280,0.45,159000,40,2408920
FINNIFTY02JAN2420750PE.NFO,02/01/2024,11:45:36,0.4,0.4,91880,0.45,125440,37960,2408920
FINNIFTY02JAN2420750PE.NFO,02/01/2024,11:45:45,0.4,0.4,90840,0.45,140840,40,2408920
FINNIFTY02JAN2420750PE.NFO,02/01/2024,11:45:54,0.4,0.4,89240,0.45,142080,5240,2408920
FINNIFTY02JAN2420750PE.NFO,02/01/2024,11:46:04,0.45,0.4,90200,0.45,139800,2720,2408920
FINNIFTY02JAN2420750PE.NFO,02/01/2024,11:46:13,0.4,0.4,84160,0.45,140200,5080,2408920
FINNIFTY02JAN2420750PE.NFO,02/01/2024,11:46:23,0.4,0.4,83520,0.45,140200,640,2408920
FINNIFTY02JAN2420750PE.NFO,02/01/2024,11:46:32,0.4,0.4,81600,0.45,139800,1920,2408920
FINNIFTY02JAN2420750PE.NFO,02/01/2024,11:46:41,0.4,0.4,82560,0.45,139800,0,2408920
FINNIFTY02JAN2420750PE.NFO,02/01/2024,11:46:50,0.4,0.4,84760,0.45,139800,320,2408920
FINNIFTY02JAN2420750PE.NFO,02/01/2024,11:47:00,0.4,0.4,82960,0.45,139800,0,2408920
FINNIFTY02JAN2420750PE.NFO,02/01/2024,11:47:25,0.4,0.4,82160,0.45,139800,200,2408920
FINNIFTY02JAN2420750PE.NFO,02/01/2024,11:47:33,0.4,0.4,83120,0.45,139800,0,2408920
FINNIFTY02JAN2420750PE.NFO,02/01/2024,11:47:50,0.4,0.4,80280,0.45,141240,2560,2424680
FINNIFTY02JAN2420750PE.NFO,02/01/2024,11:47:59,0.4,0.4,75920,0.45,141240,4600,2424680
FINNIFTY02JAN2420750PE.NFO,02/01/2024,11:48:08,0.4,0.4,73240,0.45,141240,0,2424680
FINNIFTY02JAN2420750PE.NFO,02/01/2024,11:48:17,0.4,0.4,72080,0.45,141240,200,2424680
FINNIFTY02JAN2420750PE.NFO,02/01/2024,11:48:26,0.4,0.4,73000,0.45,142480,40,2424680
FINNIFTY02JAN2420750PE.NFO,02/01/2024,11:48:35,0.4,0.4,71960,0.45,142880,80,2424680
FINNIFTY02JAN2420750PE.NFO,02/01/2024,11:48:44,0.4,0.4,71400,0.45,142880,5360,2424680
FINNIFTY02JAN2420750PE.NFO,02/01/2024,11:48:52,0.45,0.4,70160,0.45,139280,6000,2424680
FINNIFTY02JAN2420750PE.NFO,02/01/2024,11:49:01,0.4,0.4,72880,0.45,144280,840,2424680
FINNIFTY02JAN2420750PE.NFO,02/01/2024,11:49:09,0.4,0.4,72280,0.45,144280,600,2424680
FINNIFTY02JAN2420750PE.NFO,02/01/2024,11:49:18,0.4,0.4,71320,0.45,144280,960,2424680
FINNIFTY02JAN2420750PE.NFO,02/01/2024,11:49:27,0.4,0.4,67720,0.45,144280,3600,2424680
FINNIFTY02JAN2420750PE.NFO,02/01/2024,11:49:36,0.4,0.4,67960,0.45,143280,2800,2424680
FINNIFTY02JAN2420750PE.NFO,02/01/2024,11:49:45,0.4,0.4,67360,0.45,143640,1240,2424680
FINNIFTY02JAN2420750PE.NFO,02/01/2024,11:49:53,0.4,0.4,67160,0.45,143640,200,2424680
FINNIFTY02JAN2420750PE.NFO,02/01/2024,11:50:02,0.4,0.4,65080,0.45,143640,1120,2424680
FINNIFTY02JAN2420750PE.NFO,02/01/2024,11:50:11,0.4,0.4,66400,0.45,143640,0,2424680
FINNIFTY02JAN2420750PE.NFO,02/01/2024,11:50:30,0.4,0.4,66400,0.45,144440,0,2424680
FINNIFTY02JAN2420750PE.NFO,02/01/2024,11:50:56,0.4,0.4,63600,0.45,144440,1840,2447040
FINNIFTY02JAN2420750PE.NFO,02/01/2024,11:51:05,0.4,0.4,65120,0.45,142800,0,2447040
FINNIFTY02JAN2420750PE.NFO,02/01/2024,11:51:14,0.4,0.4,63520,0.45,142560,880,2447040
FINNIFTY02JAN2420750PE.NFO,02/01/2024,11:51:32,0.4,0.4,63280,0.45,142560,240,2447040
FINNIFTY02JAN2420750PE.NFO,02/01/2024,11:51:41,0.4,0.4,62880,0.45,142560,400,2447040
FINNIFTY02JAN2420750PE.NFO,02/01/2024,11:51:50,0.4,0.4,63840,0.45,142760,0,2447040
FINNIFTY02JAN2420750PE.NFO,02/01/2024,11:52:09,0.4,0.4,65120,0.45,142760,720,2447040
FINNIFTY02JAN2420750PE.NFO,02/01/2024,11:52:18,0.4,0.4,64920,0.45,142760,200,2447040
FINNIFTY02JAN2420750PE.NFO,02/01/2024,11:52:36,0.4,0.4,72000,0.45,142960,1120,2447040
FINNIFTY02JAN2420750PE.NFO,02/01/2024,11:52:54,0.45,0.4,64600,0.45,146120,9080,2447040
FINNIFTY02JAN2420750PE.NFO,02/01/2024,11:53:03,0.4,0.4,61120,0.45,151880,9000,2447040
FINNIFTY02JAN2420750PE.NFO,02/01/2024,11:53:12,0.4,0.35,191600,0.4,119520,35480,2447040
FINNIFTY02JAN2420750PE.NFO,02/01/2024,11:53:21,0.4,0.35,191600,0.4,131080,0,2447040
FINNIFTY02JAN2420750PE.NFO,02/01/2024,11:53:30,0.4,0.35,201640,0.4,133680,0,2447040
FINNIFTY02JAN2420750PE.NFO,02/01/2024,11:53:39,0.4,0.35,201640,0.4,134160,0,2447040
FINNIFTY02JAN2420750PE.NFO,02/01/2024,11:54:05,0.4,0.35,192640,0.4,134160,0,2447040
FINNIFTY02JAN2420750PE.NFO,02/01/2024,11:54:41,0.4,0.35,194640,0.4,134160,0,2447040
FINNIFTY02JAN2420750PE.NFO,02/01/2024,11:54:50,0.4,0.35,194480,0.4,135280,0,2447040
FINNIFTY02JAN2420750PE.NFO,02/01/2024,11:54:58,0.4,0.35,192280,0.4,134720,2000,2451200
FINNIFTY02JAN2420750PE.NFO,02/01/2024,11:55:07,0.35,0.35,192160,0.4,134720,240,2451200
FINNIFTY02JAN2420750PE.NFO,02/01/2024,11:55:16,0.35,0.35,192160,0.4,134720,0,2451200
FINNIFTY02JAN2420750PE.NFO,02/01/2024,11:55:25,0.35,0.35,192160,0.4,135920,0,2451200
FINNIFTY02JAN2420750PE.NFO,02/01/2024,11:55:34,0.35,0.35,181240,0.4,135920,0,2451200
FINNIFTY02JAN2420750PE.NFO,02/01/2024,11:55:43,0.4,0.35,181240,0.4,135880,40,2451200
FINNIFTY02JAN2420750PE.NFO,02/01/2024,11:55:52,0.35,0.35,171560,0.4,135880,520,2451200
FINNIFTY02JAN2420750PE.NFO,02/01/2024,11:56:01,0.35,0.35,171560,0.4,135880,0,2451200
FINNIFTY02JAN2420750PE.NFO,02/01/2024,11:56:18,0.35,0.35,170840,0.4,135880,600,2451200
FINNIFTY02JAN2420750PE.NFO,02/01/2024,11:56:34,0.35,0.35,170720,0.4,135880,120,2451200
FINNIFTY02JAN2420750PE.NFO,02/01/2024,11:56:43,0.35,0.35,170720,0.4,135880,0,2451200
FINNIFTY02JAN2420750PE.NFO,02/01/2024,11:56:51,0.35,0.35,169440,0.4,135880,0,2451200
FINNIFTY02JAN2420750PE.NFO,02/01/2024,11:57:00,0.35,0.35,165640,0.4,135880,0,2451200
FINNIFTY02JAN2420750PE.NFO,02/01/2024,11:57:09,0.35,0.35,160960,0.4,135880,0,2451200
FINNIFTY02JAN2420750PE.NFO,02/01/2024,11:57:18,0.35,0.35,160640,0.4,135880,320,2448720
FINNIFTY02JAN2420750PE.NFO,02/01/2024,11:57:26,0.35,0.35,142640,0.4,137480,0,2448720
FINNIFTY02JAN2420750PE.NFO,02/01/2024,11:58:01,0.4,0.35,143040,0.4,139160,1360,2448720
FINNIFTY02JAN2420750PE.NFO,02/01/2024,11:58:10,0.4,0.35,143200,0.4,140200,0,2448720
FINNIFTY02JAN2420750PE.NFO,02/01/2024,11:58:19,0.4,0.35,143200,0.4,139320,0,2448720
FINNIFTY02JAN2420750PE.NFO,02/01/2024,11:58:28,0.4,0.35,143200,0.4,138200,0,2448720
FINNIFTY02JAN2420750PE.NFO,02/01/2024,11:58:37,0.35,0.35,142000,0.4,138680,1200,2448720
FINNIFTY02JAN2420750PE.NFO,02/01/2024,11:58:45,0.35,0.35,142000,0.4,138680,0,2448720
FINNIFTY02JAN2420750PE.NFO,02/01/2024,11:58:54,0.35,0.35,102000,0.4,139800,0,2448720
FINNIFTY02JAN2420750PE.NFO,02/01/2024,11:59:03,0.35,0.35,101120,0.4,139120,0,2448720
FINNIFTY02JAN2420750PE.NFO,02/01/2024,11:59:12,0.35,0.35,101480,0.4,137120,0,2448720
FINNIFTY02JAN2420750PE.NFO,02/01/2024,11:59:20,0.4,0.35,101400,0.4,137000,120,2448720
FINNIFTY02JAN2420750PE.NFO,02/01/2024,11:59:38,0.4,0.35,100520,0.4,139000,0,2448720
FINNIFTY02JAN2420750PE.NFO,02/01/2024,11:59:46,0.4,0.35,98320,0.4,140000,0,2448720
FINNIFTY02JAN2420750PE.NFO,02/01/2024,11:59:54,0.4,0.35,98320,0.4,147800,1200,2451440
FINNIFTY02JAN2420750PE.NFO,02/01/2024,12:00:03,0.4,0.35,98320,0.4,147800,0,2451440
FINNIFTY02JAN2420750PE.NFO,02/01/2024,12:00:12,0.35,0.35,94360,0.4,147800,3000,2451440
FINNIFTY02JAN2420750PE.NFO,02/01/2024,12:00:21,0.35,0.35,92360,0.4,147800,2000,2451440
FINNIFTY02JAN2420750PE.NFO,02/01/2024,12:00:30,0.35,0.35,88640,0.4,147800,3600,2451440
FINNIFTY02JAN2420750PE.NFO,02/01/2024,12:00:39,0.35,0.35,73240,0.4,146880,10960,2451440
FINNIFTY02JAN2420750PE.NFO,02/01/2024,12:00:48,0.4,0.35,74080,0.4,149640,3680,2451440
FINNIFTY02JAN2420750PE.NFO,02/01/2024,12:00:57,0.4,0.35,73920,0.4,169440,0,2451440
FINNIFTY02JAN2420750PE.NFO,02/01/2024,12:01:06,0.35,0.35,61760,0.4,155760,16600,2451440
FINNIFTY02JAN2420750PE.NFO,02/01/2024,12:01:16,0.35,0.35,60320,0.4,156200,1440,2451440
FINNIFTY02JAN2420750PE.NFO,02/01/2024,12:01:24,0.35,0.35,59120,0.4,155520,1600,2451440
FINNIFTY02JAN2420750PE.NFO,02/01/2024,12:01:33,0.35,0.35,58160,0.4,156640,1800,2451440
FINNIFTY02JAN2420750PE.NFO,02/01/2024,12:01:42,0.35,0.35,50920,0.4,156640,3400,2451440
FINNIFTY02JAN2420750PE.NFO,02/01/2024,12:01:51,0.35,0.35,45520,0.4,155520,5400,2451440
FINNIFTY02JAN2420750PE.NFO,02/01/2024,12:02:09,0.4,0.35,66880,0.4,160480,800,2451440
FINNIFTY02JAN2420750PE.NFO,02/01/2024,12:02:18,0.35,0.35,60760,0.4,161680,7400,2451440
FINNIFTY02JAN2420750PE.NFO,02/01/2024,12:02:26,0.35,0.35,48680,0.4,161680,4400,2451440
FINNIFTY02JAN2420750PE.NFO,02/01/2024,12:02:35,0.35,0.35,46680,0.4,160480,2000,2451440
FINNIFTY02JAN2420750PE.NFO,02/01/2024,12:02:44,0.35,0.35,50800,0.4,161120,2280,2451440
FINNIFTY02JAN2420750PE.NFO,02/01/2024,12:02:53,0.4,0.35,54080,0.4,162680,1280,2451440
FINNIFTY02JAN2420750PE.NFO,02/01/2024,12:03:02,0.35,0.3,372520,0.35,117960,42480,2487640
FINNIFTY02JAN2420750PE.NFO,02/01/2024,12:03:10,0.35,0.3,372520,0.35,132560,280,2487640
FINNIFTY02JAN2420750PE.NFO,02/01/2024,12:03:19,0.35,0.3,372520,0.35,134600,80,2487640
FINNIFTY02JAN2420750PE.NFO,02/01/2024,12:03:29,0.35,0.3,372520,0.35,134120,160,2487640
FINNIFTY02JAN2420750PE.NFO,02/01/2024,12:03:37,0.35,0.3,372520,0.35,134440,0,2487640
FINNIFTY02JAN2420750PE.NFO,02/01/2024,12:03:46,0.35,0.3,372520,0.35,134040,80,2487640
FINNIFTY02JAN2420750PE.NFO,02/01/2024,12:03:55,0.35,0.3,372520,0.35,134000,360,2487640
FINNIFTY02JAN2420750PE.NFO,02/01/2024,12:04:12,0.35,0.3,376280,0.35,147400,10000,2487640
FINNIFTY02JAN2420750PE.NFO,02/01/2024,12:04:22,0.35,0.3,376360,0.35,139800,4800,2487640
FINNIFTY02JAN2420750PE.NFO,02/01/2024,12:04:31,0.35,0.3,379160,0.35,144680,5080,2487640
FINNIFTY02JAN2420750PE.NFO,02/01/2024,12:04:40,0.35,0.3,382280,0.35,136160,3720,2487640
FINNIFTY02JAN2420750PE.NFO,02/01/2024,12:04:49,0.35,0.3,381600,0.35,137240,0,2487640
FINNIFTY02JAN2420750PE.NFO,02/01/2024,12:04:58,0.35,0.3,386520,0.35,137200,1000,2487640
FINNIFTY02JAN2420750PE.NFO,02/01/2024,12:05:07,0.35,0.3,387400,0.35,136320,0,2487640
FINNIFTY02JAN2420750PE.NFO,02/01/2024,12:05:16,0.35,0.3,387400,0.35,130320,600,2487640
FINNIFTY02JAN2420750PE.NFO,02/01/2024,12:05:25,0.35,0.3,395600,0.35,136400,10800,2487640
FINNIFTY02JAN2420750PE.NFO,02/01/2024,12:05:25,0.3,0.3,395600,0.35,136400,0,2487640
FINNIFTY02JAN2420750PE.NFO,02/01/2024,12:05:34,0.35,0.3,397560,0.35,136040,360,2487640
FINNIFTY02JAN2420750PE.NFO,02/01/2024,12:05:43,0.35,0.3,400320,0.35,136040,0,2487640
FINNIFTY02JAN2420750PE.NFO,02/01/2024,12:05:51,0.35,0.3,400320,0.35,135680,360,2487640
FINNIFTY02JAN2420750PE.NFO,02/01/2024,12:06:00,0.35,0.3,400320,0.35,135680,0,2487640
FINNIFTY02JAN2420750PE.NFO,02/01/2024,12:06:10,0.35,0.3,400320,0.35,142880,0,2487640
FINNIFTY02JAN2420750PE.NFO,02/01/2024,12:06:27,0.35,0.3,403280,0.35,142920,5000,2433320
FINNIFTY02JAN2420750PE.NFO,02/01/2024,12:06:36,0.35,0.3,403280,0.35,142760,160,2433320
FINNIFTY02JAN2420750PE.NFO,02/01/2024,12:06:44,0.35,0.3,403280,0.35,142600,160,2433320
FINNIFTY02JAN2420750PE.NFO,02/01/2024,12:06:52,0.35,0.3,403320,0.35,142440,160,2433320
FINNIFTY02JAN2420750PE.NFO,02/01/2024,12:07:09,0.35,0.3,399000,0.35,143040,1440,2433320
FINNIFTY02JAN2420750PE.NFO,02/01/2024,12:07:18,0.35,0.3,399080,0.35,146320,320,2433320
FINNIFTY02JAN2420750PE.NFO,02/01/2024,12:07:26,0.35,0.3,402720,0.35,143560,5920,2433320
FINNIFTY02JAN2420750PE.NFO,02/01/2024,12:07:35,0.35,0.3,404760,0.35,154120,2800,2433320
FINNIFTY02JAN2420750PE.NFO,02/01/2024,12:07:44,0.35,0.3,404760,0.35,150840,1680,2433320
FINNIFTY02JAN2420750PE.NFO,02/01/2024,12:07:53,0.35,0.3,404880,0.35,152120,160,2433320
FINNIFTY02JAN2420750PE.NFO,02/01/2024,12:08:02,0.35,0.3,404920,0.35,151640,480,2433320
FINNIFTY02JAN2420750PE.NFO,02/01/2024,12:08:19,0.35,0.3,405360,0.35,152600,480,2433320
FINNIFTY02JAN2420750PE.NFO,02/01/2024,12:08:27,0.35,0.3,405920,0.35,145280,1440,2433320
FINNIFTY02JAN2420750PE.NFO,02/01/2024,12:08:54,0.35,0.3,405920,0.35,152600,320,2433320
FINNIFTY02JAN2420750PE.NFO,02/01/2024,12:09:02,0.35,0.3,405960,0.35,152040,160,2422200
FINNIFTY02JAN2420750PE.NFO,02/01/2024,12:09:10,0.35,0.3,405920,0.35,152440,0,2422200
FINNIFTY02JAN2420750PE.NFO,02/01/2024,12:09:19,0.3,0.3,401880,0.35,152160,2040,2422200
FINNIFTY02JAN2420750PE.NFO,02/01/2024,12:09:36,0.35,0.3,415720,0.35,151440,8000,2422200
FINNIFTY02JAN2420750PE.NFO,02/01/2024,12:09:45,0.35,0.3,415720,0.35,151440,0,2422200
FINNIFTY02JAN2420750PE.NFO,02/01/2024,12:09:53,0.35,0.3,414520,0.35,152720,0,2422200
FINNIFTY02JAN2420750PE.NFO,02/01/2024,12:10:02,0.35,0.3,389520,0.35,152680,40,2422200
FINNIFTY02JAN2420750PE.NFO,02/01/2024,12:10:11,0.35,0.3,387720,0.35,152200,2320,2422200
FINNIFTY02JAN2420750PE.NFO,02/01/2024,12:10:20,0.35,0.3,387720,0.35,152160,40,2422200
FINNIFTY02JAN2420750PE.NFO,02/01/2024,12:10:30,0.35,0.3,386840,0.35,153040,0,2422200
FINNIFTY02JAN2420750PE.NFO,02/01/2024,12:10:39,0.35,0.3,387280,0.35,153040,0,2422200
FINNIFTY02JAN2420750PE.NFO,02/01/2024,12:10:48,0.3,0.3,374240,0.35,153040,40,2422200
FINNIFTY02JAN2420750PE.NFO,02/01/2024,12:11:06,0.3,0.3,374240,0.35,153040,40,2422200
FINNIFTY02JAN2420750PE.NFO,02/01/2024,12:11:24,0.3,0.3,367880,0.35,153040,0,2422200
FINNIFTY02JAN2420750PE.NFO,02/01/2024,12:12:36,0.3,0.3,319880,0.35,153040,0,2422200
FINNIFTY02JAN2420750PE.NFO,02/01/2024,12:12:45,0.3,0.3,324680,0.35,153040,0,2422200
FINNIFTY02JAN2420750PE.NFO,02/01/2024,12:12:53,0.3,0.3,138680,0.35,153040,0,2422200
FINNIFTY02JAN2420750PE.NFO,02/01/2024,12:13:02,0.3,0.3,138680,0.35,154840,0,2422200
FINNIFTY02JAN2420750PE.NFO,02/01/2024,12:13:11,0.3,0.3,137680,0.35,154840,1000,2420320
FINNIFTY02JAN2420750PE.NFO,02/01/2024,12:13:20,0.35,0.3,138000,0.35,158680,4440,2420320
FINNIFTY02JAN2420750PE.NFO,02/01/2024,12:13:28,0.35,0.3,148960,0.35,157720,2200,2420320
FINNIFTY02JAN2420750PE.NFO,02/01/2024,12:13:37,0.35,0.3,156360,0.35,159160,0,2420320
FINNIFTY02JAN2420750PE.NFO,02/01/2024,12:13:45,0.35,0.3,158160,0.35,159160,0,2420320
FINNIFTY02JAN2420750PE.NFO,02/01/2024,12:13:53,0.35,0.3,156360,0.35,159160,0,2420320
FINNIFTY02JAN2420750PE.NFO,02/01/2024,12:14:19,0.35,0.3,146160,0.35,149080,0,2420320
FINNIFTY02JAN2420750PE.NFO,02/01/2024,12:14:28,0.35,0.3,141560,0.35,149080,0,2420320
FINNIFTY02JAN2420750PE.NFO,02/01/2024,12:14:37,0.3,0.3,129640,0.35,151280,5000,2420320
FINNIFTY02JAN2420750PE.NFO,02/01/2024,12:15:03,0.3,0.3,122240,0.35,151280,7400,2416040
FINNIFTY02JAN2420750PE.NFO,02/01/2024,12:15:12,0.3,0.3,122240,0.35,150960,0,2416040
FINNIFTY02JAN2420750PE.NFO,02/01/2024,12:15:29,0.3,0.3,113800,0.35,141360,0,2416040
FINNIFTY02JAN2420750PE.NFO,02/01/2024,12:15:49,0.3,0.3,100000,0.35,140480,0,2416040
FINNIFTY02JAN2420750PE.NFO,02/01/2024,12:15:59,0.3,0.3,86240,0.35,141360,1000,2416040
FINNIFTY02JAN2420750PE.NFO,02/01/2024,12:16:09,0.3,0.3,84160,0.35,141360,0,2416040
FINNIFTY02JAN2420750PE.NFO,02/01/2024,12:16:19,0.3,0.3,85160,0.35,141360,0,2416040
FINNIFTY02JAN2420750PE.NFO,02/01/2024,12:16:40,0.35,0.3,85160,0.35,141320,40,2416040
FINNIFTY02JAN2420750PE.NFO,02/01/2024,12:17:00,0.3,0.3,84720,0.35,141320,200,2416040
FINNIFTY02JAN2420750PE.NFO,02/01/2024,12:17:11,0.35,0.3,82640,0.35,141120,5240,2416040
FINNIFTY02JAN2420750PE.NFO,02/01/2024,12:17:22,0.35,0.3,81560,0.35,140360,1880,2416040
FINNIFTY02JAN2420750PE.NFO,02/01/2024,12:17:32,0.35,0.3,82080,0.35,139280,200,2416040
FINNIFTY02JAN2420750PE.NFO,02/01/2024,12:17:42,0.35,0.3,81960,0.35,140200,480,2416040
FINNIFTY02JAN2420750PE.NFO,02/01/2024,12:17:51,0.35,0.3,81080,0.35,139360,1240,2416040
FINNIFTY02JAN2420750PE.NFO,02/01/2024,12:18:00,0.35,0.3,81080,0.35,139040,280,2422000
FINNIFTY02JAN2420750PE.NFO,02/01/2024,12:18:10,0.35,0.3,81960,0.35,137800,280,2422000
FINNIFTY02JAN2420750PE.NFO,02/01/2024,12:18:19,0.35,0.3,81280,0.35,137120,680,2422000
FINNIFTY02JAN2420750PE.NFO,02/01/2024,12:18:28,0.35,0.3,81280,0.35,137520,0,2422000
FINNIFTY02JAN2420750PE.NFO,02/01/2024,12:18:38,0.35,0.3,81280,0.35,136880,1240,2422000
FINNIFTY02JAN2420750PE.NFO,02/01/2024,12:18:47,0.35,0.3,81280,0.35,137200,0,2422000
FINNIFTY02JAN2420750PE.NFO,02/01/2024,12:18:57,0.3,0.3,80960,0.35,137200,200,2422000
FINNIFTY02JAN2420750PE.NFO,02/01/2024,12:19:06,0.35,0.3,80080,0.35,138200,320,2422000
FINNIFTY02JAN2420750PE.NFO,02/01/2024,12:19:17,0.3,0.3,79560,0.35,138200,40,2422000
FINNIFTY02JAN2420750PE.NFO,02/01/2024,12:19:27,0.35,0.3,80280,0.35,137800,400,2422000
FINNIFTY02JAN2420750PE.NFO,02/01/2024,12:19:37,0.35,0.3,80160,0.35,137160,1040,2422000
FINNIFTY02JAN2420750PE.NFO,02/01/2024,12:19:48,0.3,0.3,80360,0.35,137160,200,2422000
FINNIFTY02JAN2420750PE.NFO,02/01/2024,12:19:57,0.3,0.3,80320,0.35,137160,40,2422000
FINNIFTY02JAN2420750PE.NFO,02/01/2024,12:20:06,0.3,0.3,80200,0.35,137160,120,2422000
FINNIFTY02JAN2420750PE.NFO,02/01/2024,12:20:15,0.3,0.3,79600,0.35,135560,1320,2422000
FINNIFTY02JAN2420750PE.NFO,02/01/2024,12:20:24,0.35,0.3,80360,0.35,135240,440,2422000
FINNIFTY02JAN2420750PE.NFO,02/01/2024,12:20:34,0.3,0.3,80240,0.35,135680,280,2422000
FINNIFTY02JAN2420750PE.NFO,02/01/2024,12:20:43,0.3,0.3,80120,0.35,135680,120,2422000
FINNIFTY02JAN2420750PE.NFO,02/01/2024,12:20:52,0.3,0.3,80040,0.35,135680,80,2422000
FINNIFTY02JAN2420750PE.NFO,02/01/2024,12:21:02,0.35,0.3,80000,0.35,135360,360,2421640
FINNIFTY02JAN2420750PE.NFO,02/01/2024,12:21:11,0.3,0.3,79600,0.35,134560,1240,2421640
FINNIFTY02JAN2420750PE.NFO,02/01/2024,12:21:21,0.3,0.3,79000,0.35,135520,1440,2421640
FINNIFTY02JAN2420750PE.NFO,02/01/2024,12:21:31,0.3,0.3,78720,0.35,135200,320,2421640
FINNIFTY02JAN2420750PE.NFO,02/01/2024,12:21:41,0.35,0.3,78720,0.35,134920,280,2421640
FINNIFTY02JAN2420750PE.NFO,02/01/2024,12:21:50,0.35,0.3,78720,0.35,134920,0,2421640
FINNIFTY02JAN2420750PE.NFO,02/01/2024,12:22:00,0.3,0.3,77960,0.35,134640,760,2421640
FINNIFTY02JAN2420750PE.NFO,02/01/2024,12:22:10,0.3,0.3,65840,0.35,134720,1760,2421640
FINNIFTY02JAN2420750PE.NFO,02/01/2024,12:22:19,0.3,0.3,68880,0.35,134320,2840,2421640
FINNIFTY02JAN2420750PE.NFO,02/01/2024,12:22:28,0.3,0.3,69480,0.35,112720,1960,2421640
FINNIFTY02JAN2420750PE.NFO,02/01/2024,12:22:37,0.3,0.3,69480,0.35,112720,0,2421640
FINNIFTY02JAN2420750PE.NFO,02/01/2024,12:22:46,0.3,0.3,69440,0.35,120920,40,2421640
FINNIFTY02JAN2420750PE.NFO,02/01/2024,12:23:03,0.3,0.3,70960,0.35,120920,280,2421640
FINNIFTY02JAN2420750PE.NFO,02/01/2024,12:23:12,0.35,0.3,70960,0.35,121240,480,2421640
FINNIFTY02JAN2420750PE.NFO,02/01/2024,12:23:22,0.3,0.3,71640,0.35,126040,40,2421640
FINNIFTY02JAN2420750PE.NFO,02/01/2024,12:23:31,0.3,0.3,71640,0.35,126040,0,2421640
FINNIFTY02JAN2420750PE.NFO,02/01/2024,12:23:40,0.3,0.3,74400,0.35,126040,0,2421640
FINNIFTY02JAN2420750PE.NFO,02/01/2024,12:23:48,0.3,0.3,78320,0.35,126040,1480,2421640
FINNIFTY02JAN2420750PE.NFO,02/01/2024,12:23:57,0.3,0.3,77960,0.35,126440,360,2420600
FINNIFTY02JAN2420750PE.NFO,02/01/2024,12:24:07,0.3,0.3,79040,0.35,126440,520,2420600
FINNIFTY02JAN2420750PE.NFO,02/01/2024,12:24:16,0.3,0.3,79640,0.35,127840,2400,2420600
FINNIFTY02JAN2420750PE.NFO,02/01/2024,12:24:25,0.3,0.3,79600,0.35,128240,40,2420600
FINNIFTY02JAN2420750PE.NFO,02/01/2024,12:24:35,0.3,0.3,79000,0.35,128240,3440,2420600
FINNIFTY02JAN2420750PE.NFO,02/01/2024,12:24:53,0.3,0.3,77960,0.35,128240,40,2420600
FINNIFTY02JAN2420750PE.NFO,02/01/2024,12:25:02,0.3,0.3,77960,0.35,128240,0,2420600
FINNIFTY02JAN2420750PE.NFO,02/01/2024,12:25:20,0.3,0.3,77960,0.35,128280,0,2420600
FINNIFTY02JAN2420750PE.NFO,02/01/2024,12:25:30,0.3,0.3,77120,0.35,127280,40,2420600
FINNIFTY02JAN2420750PE.NFO,02/01/2024,12:25:56,0.3,0.3,77440,0.35,126920,1480,2420600
FINNIFTY02JAN2420750PE.NFO,02/01/2024,12:26:05,0.35,0.3,77440,0.35,126920,400,2420600
FINNIFTY02JAN2420750PE.NFO,02/01/2024,12:26:14,0.3,0.3,82600,0.35,130720,80,2420600
FINNIFTY02JAN2420750PE.NFO,02/01/2024,12:26:23,0.3,0.3,84800,0.35,130840,5000,2420600
FINNIFTY02JAN2420750PE.NFO,02/01/2024,12:26:31,0.3,0.3,91280,0.35,130840,5000,2420600
FINNIFTY02JAN2420750PE.NFO,02/01/2024,12:26:48,0.3,0.3,91360,0.35,130800,0,2420600
FINNIFTY02JAN2420750PE.NFO,02/01/2024,12:26:57,0.3,0.3,91280,0.35,130800,80,2420600
FINNIFTY02JAN2420750PE.NFO,02/01/2024,12:27:06,0.35,0.3,91240,0.35,130520,320,2434240
FINNIFTY02JAN2420750PE.NFO,02/01/2024,12:27:15,0.3,0.3,95600,0.35,130120,5000,2434240
FINNIFTY02JAN2420750PE.NFO,02/01/2024,12:27:24,0.3,0.3,95560,0.35,130120,40,2434240
FINNIFTY02JAN2420750PE.NFO,02/01/2024,12:27:32,0.3,0.3,96640,0.35,130520,80,2434240
FINNIFTY02JAN2420750PE.NFO,02/01/2024,12:27:41,0.3,0.3,96960,0.35,130520,5000,2434240
FINNIFTY02JAN2420750PE.NFO,02/01/2024,12:27:50,0.3,0.3,97800,0.35,130560,0,2434240
FINNIFTY02JAN2420750PE.NFO,02/01/2024,12:27:59,0.35,0.3,99000,0.35,129680,1000,2434240
FINNIFTY02JAN2420750PE.NFO,02/01/2024,12:28:08,0.3,0.3,98800,0.35,129680,240,2434240
FINNIFTY02JAN2420750PE.NFO,02/01/2024,12:28:17,0.3,0.3,98160,0.35,129280,640,2434240
FINNIFTY02JAN2420750PE.NFO,02/01/2024,12:28:26,0.3,0.3,98120,0.35,129280,40,2434240
FINNIFTY02JAN2420750PE.NFO,02/01/2024,12:28:35,0.3,0.3,97200,0.35,130160,40,2434240
FINNIFTY02JAN2420750PE.NFO,02/01/2024,12:28:44,0.3,0.3,96200,0.35,129640,1880,2434240
FINNIFTY02JAN2420750PE.NFO,02/01/2024,12:28:54,0.3,0.3,95320,0.35,130520,0,2434240
FINNIFTY02JAN2420750PE.NFO,02/01/2024,12:29:11,0.35,0.3,96200,0.35,127840,1800,2434240
FINNIFTY02JAN2420750PE.NFO,02/01/2024,12:29:21,0.35,0.3,96200,0.35,139840,0,2434240
FINNIFTY02JAN2420750PE.NFO,02/01/2024,12:29:29,0.35,0.3,96200,0.35,140720,0,2434240
