Ticker,Date,Time,LTP,BuyPrice,BuyQty,SellPrice,SellQty,LTQ,OpenInterest
FINNIFTY02JAN2422450CE.NFO,02/01/2024,09:15:10,0.45,0.4,12720,0.45,14520,4080,158440
FINNIFTY02JAN2422450CE.NFO,02/01/2024,09:15:10,0.45,0.4,12720,0.45,14520,0,158440
FINNIFTY02JAN2422450CE.NFO,02/01/2024,09:15:10,0.45,0.4,12720,0.45,14520,0,158440
FINNIFTY02JAN2422450CE.NFO,02/01/2024,09:15:10,0.4,0.4,12720,0.45,14520,0,158440
FINNIFTY02JAN2422450CE.NFO,02/01/2024,09:15:22,0.4,0.4,12040,0.45,17960,2240,158440
FINNIFTY02JAN2422450CE.NFO,02/01/2024,09:15:32,0.4,0.4,10360,0.45,18560,2000,158440
FINNIFTY02JAN2422450CE.NFO,02/01/2024,09:15:41,0.35,0.35,20920,0.4,15200,21520,158440
FINNIFTY02JAN2422450CE.NFO,02/01/2024,09:15:41,0.35,0.35,20920,0.4,15200,0,158440
FINNIFTY02JAN2422450CE.NFO,02/01/2024,09:15:50,0.35,0.35,14160,0.4,28560,8280,158440
FINNIFTY02JAN2422450CE.NFO,02/01/2024,09:16:00,0.35,0.35,13960,0.4,30000,400,158440
FINNIFTY02JAN2422450CE.NFO,02/01/2024,09:16:08,0.4,0.35,33040,0.4,34560,1800,158440
FINNIFTY02JAN2422450CE.NFO,02/01/2024,09:16:17,0.35,0.35,32600,0.4,46680,2240,158440
FINNIFTY02JAN2422450CE.NFO,02/01/2024,09:16:25,0.4,0.35,32960,0.4,46760,80,158440
FINNIFTY02JAN2422450CE.NFO,02/01/2024,09:16:33,0.4,0.35,33720,0.4,50200,1000,158440
FINNIFTY02JAN2422450CE.NFO,02/01/2024,09:16:42,0.35,0.35,33320,0.4,50720,400,158440
FINNIFTY02JAN2422450CE.NFO,02/01/2024,09:16:49,0.35,0.35,32320,0.4,51440,1000,158440
FINNIFTY02JAN2422450CE.NFO,02/01/2024,09:16:57,0.35,0.35,30920,0.4,51800,2000,158440
FINNIFTY02JAN2422450CE.NFO,02/01/2024,09:17:06,0.35,0.35,32760,0.4,58560,560,158440
FINNIFTY02JAN2422450CE.NFO,02/01/2024,09:17:14,0.35,0.35,33000,0.4,58560,0,158440
FINNIFTY02JAN2422450CE.NFO,02/01/2024,09:17:22,0.35,0.35,29000,0.4,57000,2000,158440
FINNIFTY02JAN2422450CE.NFO,02/01/2024,09:17:31,0.35,0.35,33560,0.4,60240,3200,178440
FINNIFTY02JAN2422450CE.NFO,02/01/2024,09:17:39,0.35,0.35,31760,0.4,62040,0,178440
FINNIFTY02JAN2422450CE.NFO,02/01/2024,09:17:54,0.35,0.35,33560,0.4,62080,0,178440
FINNIFTY02JAN2422450CE.NFO,02/01/2024,09:18:02,0.4,0.35,33560,0.4,61920,160,178440
FINNIFTY02JAN2422450CE.NFO,02/01/2024,09:18:09,0.4,0.35,29920,0.4,59880,6440,178440
FINNIFTY02JAN2422450CE.NFO,02/01/2024,09:18:16,0.4,0.35,32800,0.4,62040,2640,178440
FINNIFTY02JAN2422450CE.NFO,02/01/2024,09:18:24,0.4,0.35,32960,0.4,61640,400,178440
FINNIFTY02JAN2422450CE.NFO,02/01/2024,09:18:32,0.4,0.35,33040,0.4,63960,0,178440
FINNIFTY02JAN2422450CE.NFO,02/01/2024,09:18:39,0.4,0.35,34800,0.4,65160,3800,178440
FINNIFTY02JAN2422450CE.NFO,02/01/2024,09:18:46,0.4,0.35,34720,0.4,64800,0,178440
FINNIFTY02JAN2422450CE.NFO,02/01/2024,09:18:55,0.4,0.35,34800,0.4,66560,40,178440
FINNIFTY02JAN2422450CE.NFO,02/01/2024,09:19:04,0.35,0.35,28640,0.4,66600,6160,178440
FINNIFTY02JAN2422450CE.NFO,02/01/2024,09:19:13,0.35,0.35,27120,0.4,68360,1560,178440
FINNIFTY02JAN2422450CE.NFO,02/01/2024,09:19:21,0.35,0.35,28920,0.4,68360,0,178440
FINNIFTY02JAN2422450CE.NFO,02/01/2024,09:19:30,0.4,0.35,28920,0.4,68320,40,178440
FINNIFTY02JAN2422450CE.NFO,02/01/2024,09:19:39,0.35,0.35,28400,0.4,68320,520,178440
FINNIFTY02JAN2422450CE.NFO,02/01/2024,09:19:47,0.35,0.35,24560,0.4,70120,3840,178440
FINNIFTY02JAN2422450CE.NFO,02/01/2024,09:19:55,0.35,0.35,24160,0.4,70160,0,178440
FINNIFTY02JAN2422450CE.NFO,02/01/2024,09:20:03,0.35,0.35,23840,0.4,74720,440,178440
FINNIFTY02JAN2422450CE.NFO,02/01/2024,09:20:11,0.35,0.35,23840,0.4,72920,0,178440
FINNIFTY02JAN2422450CE.NFO,02/01/2024,09:20:52,0.35,0.35,22640,0.4,72800,2000,185760
FINNIFTY02JAN2422450CE.NFO,02/01/2024,09:21:02,0.35,0.35,20640,0.4,78920,2000,185760
FINNIFTY02JAN2422450CE.NFO,02/01/2024,09:21:14,0.35,0.35,22440,0.4,79400,0,185760
FINNIFTY02JAN2422450CE.NFO,02/01/2024,09:21:26,0.35,0.35,25960,0.4,82240,1920,185760
FINNIFTY02JAN2422450CE.NFO,02/01/2024,09:21:38,0.35,0.35,25960,0.4,84040,0,185760
FINNIFTY02JAN2422450CE.NFO,02/01/2024,09:21:49,0.4,0.35,25160,0.4,83920,120,185760
FINNIFTY02JAN2422450CE.NFO,02/01/2024,09:22:00,0.4,0.35,24760,0.4,79600,3040,185760
FINNIFTY02JAN2422450CE.NFO,02/01/2024,09:22:11,0.4,0.35,24760,0.4,69040,1200,185760
FINNIFTY02JAN2422450CE.NFO,02/01/2024,09:22:23,0.35,0.35,23960,0.4,70840,2000,185760
FINNIFTY02JAN2422450CE.NFO,02/01/2024,09:22:34,0.35,0.35,23960,0.4,69040,0,185760
FINNIFTY02JAN2422450CE.NFO,02/01/2024,09:22:46,0.4,0.35,24360,0.4,71440,1200,185760
FINNIFTY02JAN2422450CE.NFO,02/01/2024,09:22:57,0.4,0.35,24360,0.4,67840,0,185760
FINNIFTY02JAN2422450CE.NFO,02/01/2024,09:23:29,0.4,0.35,24360,0.4,69720,400,188000
FINNIFTY02JAN2422450CE.NFO,02/01/2024,09:23:40,0.35,0.35,28000,0.4,67920,4680,188000
FINNIFTY02JAN2422450CE.NFO,02/01/2024,09:23:50,0.4,0.35,28000,0.4,71120,400,188000
FINNIFTY02JAN2422450CE.NFO,02/01/2024,09:24:01,0.4,0.35,28000,0.4,71160,0,188000
FINNIFTY02JAN2422450CE.NFO,02/01/2024,09:24:12,0.4,0.35,28840,0.4,68760,0,188000
FINNIFTY02JAN2422450CE.NFO,02/01/2024,09:24:22,0.35,0.35,30160,0.4,70760,280,188000
FINNIFTY02JAN2422450CE.NFO,02/01/2024,09:24:55,0.35,0.35,30160,0.4,67240,0,188000
FINNIFTY02JAN2422450CE.NFO,02/01/2024,09:25:06,0.4,0.35,30160,0.4,67720,400,188000
FINNIFTY02JAN2422450CE.NFO,02/01/2024,09:25:17,0.4,0.35,27680,0.4,68920,2600,188000
FINNIFTY02JAN2422450CE.NFO,02/01/2024,09:25:28,0.4,0.35,27680,0.4,67120,0,188000
FINNIFTY02JAN2422450CE.NFO,02/01/2024,09:25:50,0.4,0.35,27680,0.4,60520,6000,188000
FINNIFTY02JAN2422450CE.NFO,02/01/2024,09:26:01,0.4,0.35,32000,0.4,62320,0,188000
FINNIFTY02JAN2422450CE.NFO,02/01/2024,09:26:11,0.4,0.35,31960,0.4,62320,0,188000
FINNIFTY02JAN2422450CE.NFO,02/01/2024,09:26:24,0.4,0.35,29240,0.4,42320,4440,187360
FINNIFTY02JAN2422450CE.NFO,02/01/2024,09:26:36,0.4,0.35,33560,0.4,40640,2400,187360
FINNIFTY02JAN2422450CE.NFO,02/01/2024,09:26:49,0.35,0.35,33480,0.4,51480,1160,187360
FINNIFTY02JAN2422450CE.NFO,02/01/2024,09:27:02,0.4,0.35,32480,0.4,48240,1280,187360
FINNIFTY02JAN2422450CE.NFO,02/01/2024,09:27:13,0.4,0.35,32480,0.4,48240,0,187360
FINNIFTY02JAN2422450CE.NFO,02/01/2024,09:27:24,0.35,0.35,32400,0.4,48400,80,187360
FINNIFTY02JAN2422450CE.NFO,02/01/2024,09:27:35,0.4,0.35,33640,0.4,51520,6040,187360
FINNIFTY02JAN2422450CE.NFO,02/01/2024,09:27:46,0.4,0.35,33640,0.4,53840,0,187360
FINNIFTY02JAN2422450CE.NFO,02/01/2024,09:27:58,0.35,0.35,33200,0.4,44280,800,187360
FINNIFTY02JAN2422450CE.NFO,02/01/2024,09:28:10,0.35,0.35,32440,0.4,50800,1880,187360
FINNIFTY02JAN2422450CE.NFO,02/01/2024,09:28:34,0.4,0.35,32640,0.4,50200,600,187360
FINNIFTY02JAN2422450CE.NFO,02/01/2024,09:28:46,0.35,0.35,29640,0.4,55720,5400,187360
FINNIFTY02JAN2422450CE.NFO,02/01/2024,09:28:58,0.4,0.35,31440,0.4,54760,1320,187360
FINNIFTY02JAN2422450CE.NFO,02/01/2024,09:29:09,0.4,0.35,31480,0.4,54720,1640,187360
FINNIFTY02JAN2422450CE.NFO,02/01/2024,09:29:20,0.4,0.35,31480,0.4,54720,0,187360
FINNIFTY02JAN2422450CE.NFO,02/01/2024,09:29:44,0.4,0.35,30640,0.4,53120,840,184160
FINNIFTY02JAN2422450CE.NFO,02/01/2024,09:29:56,0.4,0.35,30640,0.4,52080,1400,184160
FINNIFTY02JAN2422450CE.NFO,02/01/2024,09:30:07,0.4,0.35,30640,0.4,51920,120,184160
FINNIFTY02JAN2422450CE.NFO,02/01/2024,09:30:19,0.4,0.35,30640,0.4,52240,680,184160
FINNIFTY02JAN2422450CE.NFO,02/01/2024,09:30:31,0.35,0.35,29640,0.4,51880,1000,184160
FINNIFTY02JAN2422450CE.NFO,02/01/2024,09:30:42,0.35,0.35,30600,0.4,51880,0,184160
FINNIFTY02JAN2422450CE.NFO,02/01/2024,09:31:04,0.4,0.35,30600,0.4,50880,1000,184160
FINNIFTY02JAN2422450CE.NFO,02/01/2024,09:31:15,0.4,0.35,30600,0.4,50880,0,184160
FINNIFTY02JAN2422450CE.NFO,02/01/2024,09:31:38,0.4,0.35,30600,0.4,50760,120,184160
FINNIFTY02JAN2422450CE.NFO,02/01/2024,09:31:49,0.4,0.35,30560,0.4,49560,1240,184160
FINNIFTY02JAN2422450CE.NFO,02/01/2024,09:32:00,0.35,0.35,25760,0.4,53040,6040,184160
FINNIFTY02JAN2422450CE.NFO,02/01/2024,09:32:11,0.35,0.35,25760,0.4,55840,0,184160
FINNIFTY02JAN2422450CE.NFO,02/01/2024,09:32:22,0.35,0.35,27840,0.4,55840,0,184160
FINNIFTY02JAN2422450CE.NFO,02/01/2024,09:32:45,0.4,0.35,27840,0.4,55000,1200,184760
FINNIFTY02JAN2422450CE.NFO,02/01/2024,09:32:57,0.4,0.35,19840,0.4,55640,0,184760
FINNIFTY02JAN2422450CE.NFO,02/01/2024,09:33:08,0.4,0.35,20120,0.4,54440,6800,184760
FINNIFTY02JAN2422450CE.NFO,02/01/2024,09:33:19,0.35,0.35,19920,0.4,54440,800,184760
FINNIFTY02JAN2422450CE.NFO,02/01/2024,09:33:30,0.4,0.35,19920,0.4,51640,2800,184760
FINNIFTY02JAN2422450CE.NFO,02/01/2024,09:33:41,0.4,0.35,28280,0.4,49480,2840,184760
FINNIFTY02JAN2422450CE.NFO,02/01/2024,09:33:52,0.35,0.35,27960,0.4,67720,760,184760
FINNIFTY02JAN2422450CE.NFO,02/01/2024,09:34:03,0.35,0.35,27400,0.4,67720,4000,184760
FINNIFTY02JAN2422450CE.NFO,02/01/2024,09:34:14,0.35,0.35,27800,0.4,68080,200,184760
FINNIFTY02JAN2422450CE.NFO,02/01/2024,09:34:24,0.4,0.35,31800,0.4,66680,1400,184760
FINNIFTY02JAN2422450CE.NFO,02/01/2024,09:34:45,0.4,0.35,31800,0.4,66360,320,184760
FINNIFTY02JAN2422450CE.NFO,02/01/2024,09:34:56,0.4,0.35,31800,0.4,54560,0,184760
FINNIFTY02JAN2422450CE.NFO,02/01/2024,09:35:06,0.4,0.35,27280,0.4,52480,800,184760
FINNIFTY02JAN2422450CE.NFO,02/01/2024,09:35:16,0.4,0.35,27040,0.4,53000,0,184760
FINNIFTY02JAN2422450CE.NFO,02/01/2024,09:35:26,0.4,0.35,27280,0.4,52880,120,186200
FINNIFTY02JAN2422450CE.NFO,02/01/2024,09:35:37,0.35,0.35,28280,0.4,52960,2000,186200
FINNIFTY02JAN2422450CE.NFO,02/01/2024,09:35:48,0.35,0.35,39800,0.4,52960,0,186200
FINNIFTY02JAN2422450CE.NFO,02/01/2024,09:35:58,0.35,0.35,39560,0.4,52960,0,186200
FINNIFTY02JAN2422450CE.NFO,02/01/2024,09:36:09,0.4,0.35,40440,0.4,49560,2520,186200
FINNIFTY02JAN2422450CE.NFO,02/01/2024,09:36:21,0.4,0.35,42480,0.4,63120,40,186200
FINNIFTY02JAN2422450CE.NFO,02/01/2024,09:36:32,0.4,0.35,42480,0.4,62840,0,186200
FINNIFTY02JAN2422450CE.NFO,02/01/2024,09:36:53,0.4,0.35,42280,0.4,68880,360,186200
FINNIFTY02JAN2422450CE.NFO,02/01/2024,09:37:04,0.4,0.35,42240,0.4,58720,0,186200
FINNIFTY02JAN2422450CE.NFO,02/01/2024,09:37:15,0.4,0.35,42280,0.4,57320,0,186200
FINNIFTY02JAN2422450CE.NFO,02/01/2024,09:37:25,0.35,0.35,42200,0.4,40360,80,186200
FINNIFTY02JAN2422450CE.NFO,02/01/2024,09:37:35,0.35,0.35,42160,0.4,47520,0,186200
FINNIFTY02JAN2422450CE.NFO,02/01/2024,09:37:45,0.35,0.35,34920,0.4,47520,680,186200
FINNIFTY02JAN2422450CE.NFO,02/01/2024,09:37:56,0.35,0.35,34920,0.4,47520,0,186200
FINNIFTY02JAN2422450CE.NFO,02/01/2024,09:38:06,0.35,0.35,35400,0.4,48840,6520,186200
FINNIFTY02JAN2422450CE.NFO,02/01/2024,09:38:16,0.35,0.35,35320,0.4,48840,80,186200
FINNIFTY02JAN2422450CE.NFO,02/01/2024,09:38:27,0.35,0.35,35320,0.4,48840,0,186200
FINNIFTY02JAN2422450CE.NFO,02/01/2024,09:38:38,0.35,0.35,35360,0.4,48840,0,186200
FINNIFTY02JAN2422450CE.NFO,02/01/2024,09:38:49,0.35,0.35,35360,0.4,50640,0,186200
FINNIFTY02JAN2422450CE.NFO,02/01/2024,09:38:59,0.35,0.35,35200,0.4,50640,160,188040
FINNIFTY02JAN2422450CE.NFO,02/01/2024,09:39:11,0.35,0.35,36800,0.4,49640,1760,188040
FINNIFTY02JAN2422450CE.NFO,02/01/2024,09:39:21,0.35,0.35,36760,0.4,49640,0,188040
FINNIFTY02JAN2422450CE.NFO,02/01/2024,09:39:32,0.35,0.35,36240,0.4,49640,280,188040
FINNIFTY02JAN2422450CE.NFO,02/01/2024,09:39:43,0.4,0.35,36520,0.4,44480,5520,188040
FINNIFTY02JAN2422450CE.NFO,02/01/2024,09:39:54,0.4,0.35,36280,0.4,44120,0,188040
FINNIFTY02JAN2422450CE.NFO,02/01/2024,09:40:05,0.4,0.35,36280,0.4,44080,40,188040
FINNIFTY02JAN2422450CE.NFO,02/01/2024,09:40:19,0.4,0.35,36480,0.4,50720,0,188040
FINNIFTY02JAN2422450CE.NFO,02/01/2024,09:40:31,0.35,0.35,39000,0.4,50320,1520,188040
FINNIFTY02JAN2422450CE.NFO,02/01/2024,09:40:43,0.35,0.35,38120,0.4,48400,0,188040
FINNIFTY02JAN2422450CE.NFO,02/01/2024,09:40:57,0.35,0.35,39000,0.4,43480,0,188040
FINNIFTY02JAN2422450CE.NFO,02/01/2024,09:41:08,0.35,0.35,39240,0.4,45080,0,188040
FINNIFTY02JAN2422450CE.NFO,02/01/2024,09:41:19,0.35,0.35,37720,0.4,45080,1520,188040
FINNIFTY02JAN2422450CE.NFO,02/01/2024,09:41:30,0.35,0.35,39080,0.4,45080,0,188040
FINNIFTY02JAN2422450CE.NFO,02/01/2024,09:41:41,0.35,0.35,35480,0.4,50600,3600,188720
FINNIFTY02JAN2422450CE.NFO,02/01/2024,09:41:52,0.35,0.35,39080,0.4,53320,0,188720
FINNIFTY02JAN2422450CE.NFO,02/01/2024,09:42:03,0.35,0.35,40880,0.4,53840,0,188720
FINNIFTY02JAN2422450CE.NFO,02/01/2024,09:42:14,0.4,0.35,46280,0.4,53800,40,188720
FINNIFTY02JAN2422450CE.NFO,02/01/2024,09:42:25,0.35,0.35,45840,0.4,54000,1520,188720
FINNIFTY02JAN2422450CE.NFO,02/01/2024,09:42:36,0.4,0.35,45840,0.4,53520,120,188720
FINNIFTY02JAN2422450CE.NFO,02/01/2024,09:42:47,0.4,0.35,45840,0.4,60720,0,188720
FINNIFTY02JAN2422450CE.NFO,02/01/2024,09:42:58,0.4,0.35,45840,0.4,47320,4640,188720
FINNIFTY02JAN2422450CE.NFO,02/01/2024,09:43:20,0.35,0.35,45560,0.4,58800,400,188720
FINNIFTY02JAN2422450CE.NFO,02/01/2024,09:43:31,0.35,0.35,45480,0.4,64800,200,188720
FINNIFTY02JAN2422450CE.NFO,02/01/2024,09:43:43,0.35,0.35,45720,0.4,64640,360,188720
FINNIFTY02JAN2422450CE.NFO,02/01/2024,09:43:54,0.35,0.35,45080,0.4,65400,640,188720
FINNIFTY02JAN2422450CE.NFO,02/01/2024,09:44:05,0.4,0.35,44840,0.4,65160,240,188720
FINNIFTY02JAN2422450CE.NFO,02/01/2024,09:44:16,0.4,0.35,45080,0.4,64400,760,188720
FINNIFTY02JAN2422450CE.NFO,02/01/2024,09:44:28,0.35,0.35,45040,0.4,64040,40,194560
FINNIFTY02JAN2422450CE.NFO,02/01/2024,09:44:48,0.4,0.35,45360,0.4,63760,280,194560
FINNIFTY02JAN2422450CE.NFO,02/01/2024,09:44:58,0.4,0.35,45040,0.4,64240,320,194560
FINNIFTY02JAN2422450CE.NFO,02/01/2024,09:45:09,0.4,0.35,45040,0.4,65200,240,194560
FINNIFTY02JAN2422450CE.NFO,02/01/2024,09:45:20,0.4,0.35,45040,0.4,68800,0,194560
FINNIFTY02JAN2422450CE.NFO,02/01/2024,09:45:31,0.4,0.35,44160,0.4,69760,0,194560
FINNIFTY02JAN2422450CE.NFO,02/01/2024,09:45:53,0.4,0.35,44720,0.4,70760,0,194560
FINNIFTY02JAN2422450CE.NFO,02/01/2024,09:46:04,0.4,0.35,44720,0.4,70400,0,194560
FINNIFTY02JAN2422450CE.NFO,02/01/2024,09:46:15,0.4,0.35,44720,0.4,69560,1200,194560
FINNIFTY02JAN2422450CE.NFO,02/01/2024,09:46:26,0.4,0.35,44560,0.4,70400,0,194560
FINNIFTY02JAN2422450CE.NFO,02/01/2024,09:46:37,0.35,0.35,42920,0.4,74600,1520,194560
FINNIFTY02JAN2422450CE.NFO,02/01/2024,09:46:47,0.35,0.35,42920,0.4,71120,0,194560
FINNIFTY02JAN2422450CE.NFO,02/01/2024,09:46:57,0.35,0.35,41400,0.4,72200,1520,194560
FINNIFTY02JAN2422450CE.NFO,02/01/2024,09:47:08,0.35,0.35,41880,0.4,71320,1000,194560
FINNIFTY02JAN2422450CE.NFO,02/01/2024,09:47:19,0.35,0.35,41880,0.4,71320,0,194560
FINNIFTY02JAN2422450CE.NFO,02/01/2024,09:47:40,0.35,0.35,41120,0.4,71320,520,197520
FINNIFTY02JAN2422450CE.NFO,02/01/2024,09:47:51,0.35,0.35,41240,0.4,71440,0,197520
FINNIFTY02JAN2422450CE.NFO,02/01/2024,09:48:02,0.4,0.35,41480,0.4,71000,440,197520
FINNIFTY02JAN2422450CE.NFO,02/01/2024,09:48:12,0.4,0.35,41480,0.4,72000,0,197520
FINNIFTY02JAN2422450CE.NFO,02/01/2024,09:48:33,0.35,0.35,41320,0.4,75160,160,197520
FINNIFTY02JAN2422450CE.NFO,02/01/2024,09:48:43,0.35,0.35,41320,0.4,75160,0,197520
FINNIFTY02JAN2422450CE.NFO,02/01/2024,09:48:53,0.35,0.35,40400,0.4,76240,920,197520
FINNIFTY02JAN2422450CE.NFO,02/01/2024,09:49:13,0.35,0.35,40320,0.4,76240,80,197520
FINNIFTY02JAN2422450CE.NFO,02/01/2024,09:49:24,0.35,0.35,40200,0.4,76240,80,197520
FINNIFTY02JAN2422450CE.NFO,02/01/2024,09:49:34,0.35,0.35,40200,0.4,75640,0,197520
FINNIFTY02JAN2422450CE.NFO,02/01/2024,09:49:44,0.35,0.35,27880,0.4,75640,2000,197520
FINNIFTY02JAN2422450CE.NFO,02/01/2024,09:49:54,0.35,0.3,83280,0.35,52480,26960,197520
FINNIFTY02JAN2422450CE.NFO,02/01/2024,09:50:04,0.35,0.3,81480,0.35,53880,280,197520
FINNIFTY02JAN2422450CE.NFO,02/01/2024,09:50:14,0.35,0.3,80160,0.35,55440,240,197520
FINNIFTY02JAN2422450CE.NFO,02/01/2024,09:50:24,0.35,0.3,80160,0.35,55280,160,197520
FINNIFTY02JAN2422450CE.NFO,02/01/2024,09:50:34,0.35,0.3,80080,0.35,55120,160,223400
FINNIFTY02JAN2422450CE.NFO,02/01/2024,09:50:44,0.35,0.3,91600,0.35,70160,80,223400
FINNIFTY02JAN2422450CE.NFO,02/01/2024,09:50:55,0.35,0.3,91600,0.35,70000,160,223400
FINNIFTY02JAN2422450CE.NFO,02/01/2024,09:51:05,0.35,0.3,91600,0.35,70000,0,223400
FINNIFTY02JAN2422450CE.NFO,02/01/2024,09:52:30,0.35,0.3,90520,0.35,69920,1160,223400
FINNIFTY02JAN2422450CE.NFO,02/01/2024,09:52:30,0.3,0.3,90520,0.35,69920,0,223400
FINNIFTY02JAN2422450CE.NFO,02/01/2024,09:52:40,0.35,0.3,90720,0.35,70920,0,223400
FINNIFTY02JAN2422450CE.NFO,02/01/2024,09:52:50,0.3,0.3,88920,0.35,72720,1800,223400
FINNIFTY02JAN2422450CE.NFO,02/01/2024,09:53:00,0.3,0.3,88920,0.35,72720,0,223400
FINNIFTY02JAN2422450CE.NFO,02/01/2024,09:53:31,0.3,0.3,88840,0.35,72720,80,223400
FINNIFTY02JAN2422450CE.NFO,02/01/2024,09:53:42,0.35,0.3,88800,0.35,73200,280,220400
FINNIFTY02JAN2422450CE.NFO,02/01/2024,09:53:53,0.35,0.3,88800,0.35,74360,40,220400
FINNIFTY02JAN2422450CE.NFO,02/01/2024,09:54:03,0.35,0.3,88800,0.35,74280,80,220400
FINNIFTY02JAN2422450CE.NFO,02/01/2024,09:54:13,0.35,0.3,88720,0.35,74120,160,220400
FINNIFTY02JAN2422450CE.NFO,02/01/2024,09:54:34,0.35,0.3,88720,0.35,74000,480,220400
FINNIFTY02JAN2422450CE.NFO,02/01/2024,09:54:57,0.35,0.3,87840,0.35,77200,9600,220400
FINNIFTY02JAN2422450CE.NFO,02/01/2024,09:55:09,0.3,0.3,87960,0.35,77160,400,220400
FINNIFTY02JAN2422450CE.NFO,02/01/2024,09:55:20,0.3,0.3,87960,0.35,77960,0,220400
FINNIFTY02JAN2422450CE.NFO,02/01/2024,09:55:32,0.3,0.3,88080,0.35,77960,0,220400
FINNIFTY02JAN2422450CE.NFO,02/01/2024,09:55:45,0.3,0.3,87600,0.35,77960,480,220400
FINNIFTY02JAN2422450CE.NFO,02/01/2024,09:55:56,0.35,0.3,87600,0.35,78040,760,220400
FINNIFTY02JAN2422450CE.NFO,02/01/2024,09:56:10,0.35,0.3,86640,0.35,59360,11520,220400
FINNIFTY02JAN2422450CE.NFO,02/01/2024,09:56:23,0.35,0.3,95960,0.35,61080,12880,220400
FINNIFTY02JAN2422450CE.NFO,02/01/2024,09:56:36,0.4,0.35,44560,0.4,57240,105800,198280
FINNIFTY02JAN2422450CE.NFO,02/01/2024,09:56:50,0.35,0.35,59600,0.4,61400,4840,198280
FINNIFTY02JAN2422450CE.NFO,02/01/2024,09:57:03,0.4,0.35,60080,0.4,50720,4760,198280
FINNIFTY02JAN2422450CE.NFO,02/01/2024,09:57:16,0.4,0.35,61880,0.4,57080,1720,198280
FINNIFTY02JAN2422450CE.NFO,02/01/2024,09:57:29,0.4,0.35,66720,0.4,58120,240,198280
FINNIFTY02JAN2422450CE.NFO,02/01/2024,09:57:42,0.4,0.35,66720,0.4,58040,80,198280
FINNIFTY02JAN2422450CE.NFO,02/01/2024,09:57:54,0.4,0.35,64040,0.4,54400,1720,198280
FINNIFTY02JAN2422450CE.NFO,02/01/2024,09:58:05,0.4,0.4,16680,0.45,58920,44000,198280
FINNIFTY02JAN2422450CE.NFO,02/01/2024,09:58:17,0.45,0.4,38880,0.45,89080,960,198280
FINNIFTY02JAN2422450CE.NFO,02/01/2024,09:58:28,0.4,0.4,45200,0.45,90640,4640,198280
FINNIFTY02JAN2422450CE.NFO,02/01/2024,09:58:40,0.45,0.4,47520,0.45,74800,3520,198280
FINNIFTY02JAN2422450CE.NFO,02/01/2024,09:58:51,0.4,0.4,39240,0.45,74440,80,198280
FINNIFTY02JAN2422450CE.NFO,02/01/2024,09:59:02,0.4,0.4,46200,0.45,79840,640,198280
FINNIFTY02JAN2422450CE.NFO,02/01/2024,09:59:13,0.45,0.4,44960,0.45,78560,3520,198280
FINNIFTY02JAN2422450CE.NFO,02/01/2024,09:59:24,0.45,0.4,52880,0.45,46960,30920,198280
FINNIFTY02JAN2422450CE.NFO,02/01/2024,09:59:36,0.45,0.45,29480,0.5,66680,34600,217600
FINNIFTY02JAN2422450CE.NFO,02/01/2024,09:59:46,0.45,0.45,32880,0.5,66920,560,217600
FINNIFTY02JAN2422450CE.NFO,02/01/2024,09:59:58,0.45,0.45,32800,0.5,68720,240,217600
FINNIFTY02JAN2422450CE.NFO,02/01/2024,10:00:09,0.45,0.45,49240,0.5,70800,2160,217600
FINNIFTY02JAN2422450CE.NFO,02/01/2024,10:00:20,0.45,0.45,51440,0.5,86480,5040,217600
FINNIFTY02JAN2422450CE.NFO,02/01/2024,10:00:32,0.45,0.45,50200,0.5,89760,10120,217600
FINNIFTY02JAN2422450CE.NFO,02/01/2024,10:00:44,0.45,0.45,48840,0.5,94600,400,217600
FINNIFTY02JAN2422450CE.NFO,02/01/2024,10:00:55,0.45,0.45,38960,0.5,93360,0,217600
FINNIFTY02JAN2422450CE.NFO,02/01/2024,10:01:06,0.45,0.45,33880,0.5,94600,5080,217600
FINNIFTY02JAN2422450CE.NFO,02/01/2024,10:01:17,0.45,0.4,44360,0.45,59560,28560,217600
FINNIFTY02JAN2422450CE.NFO,02/01/2024,10:01:29,0.45,0.4,44360,0.45,76160,0,217600
FINNIFTY02JAN2422450CE.NFO,02/01/2024,10:01:40,0.45,0.4,46160,0.45,76880,0,217600
FINNIFTY02JAN2422450CE.NFO,02/01/2024,10:01:50,0.45,0.4,45360,0.45,75280,400,217600
FINNIFTY02JAN2422450CE.NFO,02/01/2024,10:02:02,0.45,0.4,45360,0.45,75280,0,217600
FINNIFTY02JAN2422450CE.NFO,02/01/2024,10:02:34,0.45,0.4,47240,0.45,74000,1280,212520
FINNIFTY02JAN2422450CE.NFO,02/01/2024,10:02:45,0.4,0.4,47160,0.45,73960,400,212520
FINNIFTY02JAN2422450CE.NFO,02/01/2024,10:02:56,0.4,0.4,47160,0.45,73960,0,212520
FINNIFTY02JAN2422450CE.NFO,02/01/2024,10:03:08,0.4,0.4,46760,0.45,73960,0,212520
FINNIFTY02JAN2422450CE.NFO,02/01/2024,10:03:20,0.4,0.4,46920,0.45,74040,0,212520
FINNIFTY02JAN2422450CE.NFO,02/01/2024,10:03:44,0.4,0.4,46520,0.45,74040,0,212520
FINNIFTY02JAN2422450CE.NFO,02/01/2024,10:03:55,0.45,0.4,46520,0.45,74320,840,212520
FINNIFTY02JAN2422450CE.NFO,02/01/2024,10:04:06,0.4,0.4,46040,0.45,74320,480,212520
FINNIFTY02JAN2422450CE.NFO,02/01/2024,10:04:18,0.4,0.4,46000,0.45,74320,0,212520
FINNIFTY02JAN2422450CE.NFO,02/01/2024,10:04:29,0.4,0.4,45800,0.45,74720,200,212520
FINNIFTY02JAN2422450CE.NFO,02/01/2024,10:04:41,0.4,0.4,47040,0.45,75840,440,212520
FINNIFTY02JAN2422450CE.NFO,02/01/2024,10:04:52,0.4,0.4,30760,0.45,74800,440,212520
FINNIFTY02JAN2422450CE.NFO,02/01/2024,10:05:03,0.4,0.4,30160,0.45,74160,600,212520
FINNIFTY02JAN2422450CE.NFO,02/01/2024,10:05:14,0.4,0.4,30200,0.45,74400,0,212520
FINNIFTY02JAN2422450CE.NFO,02/01/2024,10:05:36,0.4,0.35,56440,0.4,23960,36200,211800
FINNIFTY02JAN2422450CE.NFO,02/01/2024,10:05:46,0.4,0.35,40080,0.4,45040,3880,211800
FINNIFTY02JAN2422450CE.NFO,02/01/2024,10:05:58,0.4,0.35,40320,0.4,45040,0,211800
FINNIFTY02JAN2422450CE.NFO,02/01/2024,10:06:09,0.4,0.35,41920,0.4,44840,200,211800
FINNIFTY02JAN2422450CE.NFO,02/01/2024,10:06:21,0.4,0.35,41480,0.4,52240,0,211800
FINNIFTY02JAN2422450CE.NFO,02/01/2024,10:06:33,0.4,0.35,41960,0.4,53560,520,211800
FINNIFTY02JAN2422450CE.NFO,02/01/2024,10:06:45,0.4,0.35,42320,0.4,52480,640,211800
FINNIFTY02JAN2422450CE.NFO,02/01/2024,10:06:56,0.4,0.35,46400,0.4,52480,0,211800
FINNIFTY02JAN2422450CE.NFO,02/01/2024,10:07:07,0.4,0.35,47280,0.4,55000,3200,211800
FINNIFTY02JAN2422450CE.NFO,02/01/2024,10:07:19,0.4,0.35,46840,0.4,42200,200,211800
FINNIFTY02JAN2422450CE.NFO,02/01/2024,10:07:30,0.4,0.35,46840,0.4,50600,40,211800
FINNIFTY02JAN2422450CE.NFO,02/01/2024,10:07:42,0.35,0.35,45600,0.4,52040,1240,211800
FINNIFTY02JAN2422450CE.NFO,02/01/2024,10:08:04,0.35,0.35,45520,0.4,52040,80,211800
FINNIFTY02JAN2422450CE.NFO,02/01/2024,10:08:15,0.35,0.35,46040,0.4,51160,0,211800
FINNIFTY02JAN2422450CE.NFO,02/01/2024,10:08:26,0.35,0.35,46920,0.4,49360,0,211800
FINNIFTY02JAN2422450CE.NFO,02/01/2024,10:08:37,0.4,0.35,46920,0.4,49320,40,201600
FINNIFTY02JAN2422450CE.NFO,02/01/2024,10:08:48,0.4,0.35,46360,0.4,49040,280,201600
FINNIFTY02JAN2422450CE.NFO,02/01/2024,10:08:59,0.4,0.35,46360,0.4,48960,80,201600
FINNIFTY02JAN2422450CE.NFO,02/01/2024,10:09:11,0.4,0.35,46360,0.4,48960,0,201600
FINNIFTY02JAN2422450CE.NFO,02/01/2024,10:09:34,0.4,0.35,44560,0.4,48200,760,201600
FINNIFTY02JAN2422450CE.NFO,02/01/2024,10:09:57,0.4,0.35,41360,0.4,40360,2080,201600
FINNIFTY02JAN2422450CE.NFO,02/01/2024,10:10:08,0.35,0.35,14480,0.4,36400,18200,201600
FINNIFTY02JAN2422450CE.NFO,02/01/2024,10:10:19,0.35,0.35,13160,0.4,36440,1080,201600
FINNIFTY02JAN2422450CE.NFO,02/01/2024,10:10:30,0.35,0.35,13160,0.4,31040,0,201600
FINNIFTY02JAN2422450CE.NFO,02/01/2024,10:10:42,0.35,0.35,14000,0.4,31040,0,201600
FINNIFTY02JAN2422450CE.NFO,02/01/2024,10:10:53,0.35,0.35,13080,0.4,31040,0,201600
FINNIFTY02JAN2422450CE.NFO,02/01/2024,10:11:04,0.4,0.35,14760,0.4,30800,240,201600
FINNIFTY02JAN2422450CE.NFO,02/01/2024,10:11:15,0.4,0.35,21080,0.4,32920,0,201600
FINNIFTY02JAN2422450CE.NFO,02/01/2024,10:11:26,0.4,0.35,21040,0.4,32920,0,201600
FINNIFTY02JAN2422450CE.NFO,02/01/2024,10:11:37,0.4,0.35,21080,0.4,32920,0,201600
FINNIFTY02JAN2422450CE.NFO,02/01/2024,10:11:48,0.4,0.35,21120,0.4,32920,0,201600
FINNIFTY02JAN2422450CE.NFO,02/01/2024,10:11:58,0.35,0.3,62520,0.35,17960,39640,198640
FINNIFTY02JAN2422450CE.NFO,02/01/2024,10:12:09,0.35,0.3,63400,0.35,18000,0,198640
FINNIFTY02JAN2422450CE.NFO,02/01/2024,10:12:19,0.35,0.3,62520,0.35,18040,0,198640
FINNIFTY02JAN2422450CE.NFO,02/01/2024,10:12:29,0.35,0.3,61360,0.35,16360,0,198640
FINNIFTY02JAN2422450CE.NFO,02/01/2024,10:12:40,0.35,0.3,62520,0.35,15040,1400,198640
FINNIFTY02JAN2422450CE.NFO,02/01/2024,10:12:52,0.3,0.3,62320,0.35,15400,200,198640
FINNIFTY02JAN2422450CE.NFO,02/01/2024,10:13:03,0.3,0.3,62240,0.35,15600,80,198640
FINNIFTY02JAN2422450CE.NFO,02/01/2024,10:13:24,0.35,0.3,62960,0.35,19840,1000,198640
FINNIFTY02JAN2422450CE.NFO,02/01/2024,10:13:46,0.35,0.3,62160,0.35,18960,520,198640
FINNIFTY02JAN2422450CE.NFO,02/01/2024,10:13:57,0.35,0.3,62640,0.35,18240,720,198640
FINNIFTY02JAN2422450CE.NFO,02/01/2024,10:14:07,0.35,0.3,64200,0.35,18240,0,198640
FINNIFTY02JAN2422450CE.NFO,02/01/2024,10:14:17,0.35,0.3,64720,0.35,21600,5400,198640
FINNIFTY02JAN2422450CE.NFO,02/01/2024,10:14:28,0.35,0.35,13520,0.4,50840,24160,198640
FINNIFTY02JAN2422450CE.NFO,02/01/2024,10:14:38,0.35,0.35,21160,0.4,53360,80,205560
FINNIFTY02JAN2422450CE.NFO,02/01/2024,10:14:49,0.35,0.3,78440,0.35,12800,19680,205560
FINNIFTY02JAN2422450CE.NFO,02/01/2024,10:14:59,0.35,0.3,88360,0.35,14280,480,205560
FINNIFTY02JAN2422450CE.NFO,02/01/2024,10:15:09,0.35,0.3,88400,0.35,14280,0,205560
FINNIFTY02JAN2422450CE.NFO,02/01/2024,10:15:19,0.35,0.3,88840,0.35,14280,0,205560
FINNIFTY02JAN2422450CE.NFO,02/01/2024,10:16:11,0.35,0.3,88840,0.35,14040,240,205560
FINNIFTY02JAN2422450CE.NFO,02/01/2024,10:16:21,0.35,0.3,88840,0.35,13800,240,205560
FINNIFTY02JAN2422450CE.NFO,02/01/2024,10:16:32,0.35,0.3,88840,0.35,13800,0,205560
FINNIFTY02JAN2422450CE.NFO,02/01/2024,10:17:14,0.35,0.3,88840,0.35,12000,1800,205560
FINNIFTY02JAN2422450CE.NFO,02/01/2024,10:17:25,0.35,0.3,88840,0.35,12000,0,205560
FINNIFTY02JAN2422450CE.NFO,02/01/2024,10:17:36,0.3,0.3,88440,0.35,12000,400,194960
FINNIFTY02JAN2422450CE.NFO,02/01/2024,10:17:47,0.35,0.3,88920,0.35,11120,1640,194960
FINNIFTY02JAN2422450CE.NFO,02/01/2024,10:17:56,0.3,0.3,88800,0.35,11120,120,194960
FINNIFTY02JAN2422450CE.NFO,02/01/2024,10:18:06,0.3,0.3,88800,0.35,11520,0,194960
FINNIFTY02JAN2422450CE.NFO,02/01/2024,10:19:33,0.3,0.3,89280,0.35,11520,0,194960
FINNIFTY02JAN2422450CE.NFO,02/01/2024,10:19:43,0.35,0.3,88800,0.35,7520,4000,194960
FINNIFTY02JAN2422450CE.NFO,02/01/2024,10:19:52,0.35,0.3,88800,0.35,11120,0,194960
FINNIFTY02JAN2422450CE.NFO,02/01/2024,10:20:02,0.35,0.3,88800,0.35,17880,80,194960
FINNIFTY02JAN2422450CE.NFO,02/01/2024,10:20:21,0.35,0.3,88800,0.35,17640,240,194960
FINNIFTY02JAN2422450CE.NFO,02/01/2024,10:20:41,0.35,0.3,93120,0.35,17560,80,190560
FINNIFTY02JAN2422450CE.NFO,02/01/2024,10:20:50,0.35,0.3,93120,0.35,17560,0,190560
FINNIFTY02JAN2422450CE.NFO,02/01/2024,10:21:30,0.35,0.3,93120,0.35,17640,0,190560
FINNIFTY02JAN2422450CE.NFO,02/01/2024,10:22:30,0.35,0.3,93080,0.35,17640,0,190560
FINNIFTY02JAN2422450CE.NFO,02/01/2024,10:22:40,0.3,0.3,93000,0.35,18080,160,190560
FINNIFTY02JAN2422450CE.NFO,02/01/2024,10:23:00,0.3,0.3,93000,0.35,18160,0,190560
FINNIFTY02JAN2422450CE.NFO,02/01/2024,10:23:20,0.3,0.3,96600,0.35,18160,0,190560
FINNIFTY02JAN2422450CE.NFO,02/01/2024,10:23:31,0.35,0.3,96600,0.35,18080,80,190560
FINNIFTY02JAN2422450CE.NFO,02/01/2024,10:24:03,0.35,0.3,96600,0.35,17960,120,190640
FINNIFTY02JAN2422450CE.NFO,02/01/2024,10:24:13,0.35,0.3,96600,0.35,16160,0,190640
FINNIFTY02JAN2422450CE.NFO,02/01/2024,10:24:23,0.35,0.3,96600,0.35,16640,1320,190640
FINNIFTY02JAN2422450CE.NFO,02/01/2024,10:24:43,0.35,0.3,96600,0.35,16640,0,190640
FINNIFTY02JAN2422450CE.NFO,02/01/2024,10:25:24,0.35,0.3,96600,0.35,17200,0,190640
FINNIFTY02JAN2422450CE.NFO,02/01/2024,10:26:57,0.3,0.3,96080,0.35,18200,1320,192080
FINNIFTY02JAN2422450CE.NFO,02/01/2024,10:27:19,0.3,0.3,95880,0.35,18720,200,192080
FINNIFTY02JAN2422450CE.NFO,02/01/2024,10:27:30,0.3,0.3,95760,0.35,19280,160,192080
FINNIFTY02JAN2422450CE.NFO,02/01/2024,10:27:40,0.3,0.3,95760,0.35,19400,0,192080
FINNIFTY02JAN2422450CE.NFO,02/01/2024,10:30:06,0.3,0.3,95680,0.35,19400,80,191160
FINNIFTY02JAN2422450CE.NFO,02/01/2024,10:30:15,0.3,0.3,95680,0.35,19400,0,191160
FINNIFTY02JAN2422450CE.NFO,02/01/2024,10:30:25,0.3,0.3,95680,0.35,19480,0,191160
FINNIFTY02JAN2422450CE.NFO,02/01/2024,10:30:54,0.3,0.3,95000,0.35,19480,680,191160
FINNIFTY02JAN2422450CE.NFO,02/01/2024,10:31:04,0.3,0.3,95000,0.35,21120,0,191160
FINNIFTY02JAN2422450CE.NFO,02/01/2024,10:31:21,0.3,0.3,95000,0.35,21200,0,191160
FINNIFTY02JAN2422450CE.NFO,02/01/2024,10:31:40,0.3,0.3,95000,0.35,18160,0,191160
FINNIFTY02JAN2422450CE.NFO,02/01/2024,10:31:50,0.3,0.3,94960,0.35,18160,0,191160
FINNIFTY02JAN2422450CE.NFO,02/01/2024,10:32:01,0.3,0.3,95000,0.35,23920,0,191160
FINNIFTY02JAN2422450CE.NFO,02/01/2024,10:32:10,0.3,0.3,95000,0.35,28040,0,191160
FINNIFTY02JAN2422450CE.NFO,02/01/2024,10:32:20,0.3,0.3,95000,0.35,28400,0,191160
FINNIFTY02JAN2422450CE.NFO,02/01/2024,10:32:30,0.3,0.3,95000,0.35,28440,0,191160
FINNIFTY02JAN2422450CE.NFO,02/01/2024,10:32:39,0.3,0.3,94960,0.35,29040,0,191160
FINNIFTY02JAN2422450CE.NFO,02/01/2024,10:33:08,0.3,0.3,94960,0.35,27800,0,191160
FINNIFTY02JAN2422450CE.NFO,02/01/2024,10:33:25,0.3,0.3,94960,0.35,29040,0,191160
FINNIFTY02JAN2422450CE.NFO,02/01/2024,10:33:44,0.3,0.3,130960,0.35,29040,0,191160
FINNIFTY02JAN2422450CE.NFO,02/01/2024,10:34:03,0.3,0.3,130960,0.35,27800,0,191160
FINNIFTY02JAN2422450CE.NFO,02/01/2024,10:34:41,0.3,0.3,130960,0.35,28000,0,191160
FINNIFTY02JAN2422450CE.NFO,02/01/2024,10:35:08,0.3,0.3,130960,0.35,28600,0,191160
FINNIFTY02JAN2422450CE.NFO,02/01/2024,10:35:17,0.3,0.3,130960,0.35,28640,0,191160
FINNIFTY02JAN2422450CE.NFO,02/01/2024,10:35:35,0.3,0.3,130520,0.35,29880,440,191080
FINNIFTY02JAN2422450CE.NFO,02/01/2024,10:36:11,0.35,0.3,130520,0.35,29720,600,191080
FINNIFTY02JAN2422450CE.NFO,02/01/2024,10:36:20,0.35,0.3,130520,0.35,28080,4200,191080
FINNIFTY02JAN2422450CE.NFO,02/01/2024,10:36:43,0.3,0.3,129760,0.35,28080,760,191080
FINNIFTY02JAN2422450CE.NFO,02/01/2024,10:36:55,0.3,0.3,129400,0.35,27840,360,191080
FINNIFTY02JAN2422450CE.NFO,02/01/2024,10:37:06,0.35,0.3,130240,0.35,30200,800,191080
FINNIFTY02JAN2422450CE.NFO,02/01/2024,10:37:17,0.35,0.3,130240,0.35,30200,0,191080
FINNIFTY02JAN2422450CE.NFO,02/01/2024,10:37:28,0.35,0.3,130240,0.35,28960,0,191080
FINNIFTY02JAN2422450CE.NFO,02/01/2024,10:37:39,0.35,0.3,130200,0.35,30200,0,191080
FINNIFTY02JAN2422450CE.NFO,02/01/2024,10:37:49,0.35,0.3,130240,0.35,30200,0,191080
FINNIFTY02JAN2422450CE.NFO,02/01/2024,10:38:27,0.35,0.3,130240,0.35,30920,0,191080
FINNIFTY02JAN2422450CE.NFO,02/01/2024,10:38:36,0.35,0.3,128440,0.35,30600,0,191080
FINNIFTY02JAN2422450CE.NFO,02/01/2024,10:38:46,0.35,0.3,92440,0.35,30600,0,191080
FINNIFTY02JAN2422450CE.NFO,02/01/2024,10:39:07,0.3,0.3,91440,0.35,28960,1000,189520
FINNIFTY02JAN2422450CE.NFO,02/01/2024,10:39:28,0.3,0.3,91400,0.35,31200,0,189520
FINNIFTY02JAN2422450CE.NFO,02/01/2024,10:39:39,0.3,0.3,93200,0.35,31200,40,189520
FINNIFTY02JAN2422450CE.NFO,02/01/2024,10:39:50,0.3,0.3,93080,0.35,31200,120,189520
FINNIFTY02JAN2422450CE.NFO,02/01/2024,10:40:01,0.3,0.3,88720,0.35,31320,40,189520
FINNIFTY02JAN2422450CE.NFO,02/01/2024,10:40:12,0.35,0.3,88720,0.35,31200,160,189520
FINNIFTY02JAN2422450CE.NFO,02/01/2024,10:40:34,0.35,0.3,88720,0.35,30000,0,189520
FINNIFTY02JAN2422450CE.NFO,02/01/2024,10:41:03,0.35,0.3,86920,0.35,31680,0,189520
FINNIFTY02JAN2422450CE.NFO,02/01/2024,10:41:23,0.3,0.3,86880,0.35,31640,40,189520
FINNIFTY02JAN2422450CE.NFO,02/01/2024,10:41:43,0.3,0.3,86880,0.35,31640,0,189520
FINNIFTY02JAN2422450CE.NFO,02/01/2024,10:42:03,0.3,0.3,86880,0.35,31280,0,189520
FINNIFTY02JAN2422450CE.NFO,02/01/2024,10:42:13,0.35,0.3,86880,0.35,30480,800,189560
FINNIFTY02JAN2422450CE.NFO,02/01/2024,10:42:24,0.35,0.3,86880,0.35,37120,0,189560
FINNIFTY02JAN2422450CE.NFO,02/01/2024,10:42:33,0.35,0.3,86880,0.35,38520,0,189560
FINNIFTY02JAN2422450CE.NFO,02/01/2024,10:42:43,0.35,0.3,86040,0.35,38720,0,189560
FINNIFTY02JAN2422450CE.NFO,02/01/2024,10:43:04,0.3,0.3,85800,0.35,38720,240,189560
FINNIFTY02JAN2422450CE.NFO,02/01/2024,10:43:13,0.3,0.3,85680,0.35,38720,120,189560
FINNIFTY02JAN2422450CE.NFO,02/01/2024,10:43:43,0.3,0.3,86680,0.35,39120,0,189560
FINNIFTY02JAN2422450CE.NFO,02/01/2024,10:43:53,0.3,0.3,86720,0.35,39120,0,189560
FINNIFTY02JAN2422450CE.NFO,02/01/2024,10:44:03,0.3,0.3,84280,0.35,37880,2440,189560
FINNIFTY02JAN2422450CE.NFO,02/01/2024,10:44:13,0.3,0.3,83760,0.35,40920,280,189560
FINNIFTY02JAN2422450CE.NFO,02/01/2024,10:44:22,0.3,0.3,83760,0.35,41920,0,189560
FINNIFTY02JAN2422450CE.NFO,02/01/2024,10:44:33,0.3,0.3,80160,0.35,41920,0,189560
FINNIFTY02JAN2422450CE.NFO,02/01/2024,10:45:12,0.3,0.3,80120,0.35,41920,40,189560
FINNIFTY02JAN2422450CE.NFO,02/01/2024,10:45:31,0.3,0.3,80120,0.35,41920,0,189560
FINNIFTY02JAN2422450CE.NFO,02/01/2024,10:45:41,0.3,0.3,80360,0.35,41920,0,189560
FINNIFTY02JAN2422450CE.NFO,02/01/2024,10:45:51,0.3,0.3,80120,0.35,41920,0,189560
FINNIFTY02JAN2422450CE.NFO,02/01/2024,10:46:10,0.3,0.3,80360,0.35,41920,0,189560
FINNIFTY02JAN2422450CE.NFO,02/01/2024,10:46:29,0.3,0.3,80120,0.35,41920,0,189560
FINNIFTY02JAN2422450CE.NFO,02/01/2024,10:46:49,0.3,0.3,79920,0.35,40680,200,189560
FINNIFTY02JAN2422450CE.NFO,02/01/2024,10:46:59,0.35,0.3,79920,0.35,41640,280,189560
FINNIFTY02JAN2422450CE.NFO,02/01/2024,10:47:09,0.35,0.3,79920,0.35,41760,0,189560
FINNIFTY02JAN2422450CE.NFO,02/01/2024,10:47:27,0.35,0.3,80400,0.35,41760,0,189560
FINNIFTY02JAN2422450CE.NFO,02/01/2024,10:47:37,0.35,0.3,79920,0.35,40880,880,189360
FINNIFTY02JAN2422450CE.NFO,02/01/2024,10:47:56,0.35,0.3,79920,0.35,40880,0,189360
FINNIFTY02JAN2422450CE.NFO,02/01/2024,10:48:05,0.35,0.3,79920,0.35,40480,400,189360
FINNIFTY02JAN2422450CE.NFO,02/01/2024,10:48:33,0.35,0.3,79920,0.35,40400,80,189360
FINNIFTY02JAN2422450CE.NFO,02/01/2024,10:49:12,0.35,0.3,79920,0.35,40200,200,189360
FINNIFTY02JAN2422450CE.NFO,02/01/2024,10:49:22,0.35,0.3,79920,0.35,40160,40,189360
FINNIFTY02JAN2422450CE.NFO,02/01/2024,10:51:00,0.35,0.3,84240,0.35,40160,0,189360
FINNIFTY02JAN2422450CE.NFO,02/01/2024,10:51:20,0.35,0.3,83040,0.35,40160,0,189360
FINNIFTY02JAN2422450CE.NFO,02/01/2024,10:51:50,0.35,0.3,85080,0.35,31160,0,189360
FINNIFTY02JAN2422450CE.NFO,02/01/2024,10:52:09,0.3,0.3,85040,0.35,38400,40,189800
FINNIFTY02JAN2422450CE.NFO,02/01/2024,10:52:18,0.3,0.3,85000,0.35,38360,40,189800
FINNIFTY02JAN2422450CE.NFO,02/01/2024,10:52:28,0.3,0.3,84760,0.35,38360,0,189800
FINNIFTY02JAN2422450CE.NFO,02/01/2024,10:53:06,0.3,0.3,85600,0.35,38360,0,189800
FINNIFTY02JAN2422450CE.NFO,02/01/2024,10:53:15,0.3,0.3,85960,0.35,38360,0,189800
FINNIFTY02JAN2422450CE.NFO,02/01/2024,10:53:25,0.3,0.3,86200,0.35,37120,0,189800
FINNIFTY02JAN2422450CE.NFO,02/01/2024,10:53:34,0.3,0.3,85960,0.35,37120,0,189800
FINNIFTY02JAN2422450CE.NFO,02/01/2024,10:54:02,0.3,0.3,86200,0.35,38360,0,189800
FINNIFTY02JAN2422450CE.NFO,02/01/2024,10:54:11,0.3,0.3,85960,0.35,38360,0,189800
FINNIFTY02JAN2422450CE.NFO,02/01/2024,10:55:25,0.3,0.3,84160,0.35,38360,1800,189800
FINNIFTY02JAN2422450CE.NFO,02/01/2024,10:55:35,0.3,0.3,84160,0.35,39160,0,189800
FINNIFTY02JAN2422450CE.NFO,02/01/2024,10:56:02,0.3,0.3,84200,0.35,40160,0,189800
FINNIFTY02JAN2422450CE.NFO,02/01/2024,10:56:20,0.35,0.3,84200,0.35,39880,280,189800
FINNIFTY02JAN2422450CE.NFO,02/01/2024,10:56:38,0.35,0.3,84200,0.35,39760,120,189800
FINNIFTY02JAN2422450CE.NFO,02/01/2024,10:56:49,0.35,0.3,82360,0.35,40120,440,190080
FINNIFTY02JAN2422450CE.NFO,02/01/2024,10:57:00,0.35,0.3,82640,0.35,40080,40,190080
FINNIFTY02JAN2422450CE.NFO,02/01/2024,10:57:10,0.3,0.3,82000,0.35,40480,400,190080
FINNIFTY02JAN2422450CE.NFO,02/01/2024,10:57:20,0.3,0.3,82240,0.35,42280,0,190080
FINNIFTY02JAN2422450CE.NFO,02/01/2024,10:57:30,0.3,0.3,82000,0.35,43640,0,190080
FINNIFTY02JAN2422450CE.NFO,02/01/2024,10:58:01,0.35,0.3,82000,0.35,42120,160,190080
FINNIFTY02JAN2422450CE.NFO,02/01/2024,10:58:11,0.35,0.3,82000,0.35,41880,240,190080
FINNIFTY02JAN2422450CE.NFO,02/01/2024,10:58:21,0.35,0.3,82000,0.35,42200,80,190080
FINNIFTY02JAN2422450CE.NFO,02/01/2024,10:58:30,0.35,0.3,82000,0.35,43120,40,190080
FINNIFTY02JAN2422450CE.NFO,02/01/2024,10:58:40,0.35,0.3,82000,0.35,41200,1920,190080
FINNIFTY02JAN2422450CE.NFO,02/01/2024,10:58:48,0.35,0.3,82000,0.35,41160,40,190080
FINNIFTY02JAN2422450CE.NFO,02/01/2024,11:00:22,0.35,0.3,82000,0.35,41160,0,190080
FINNIFTY02JAN2422450CE.NFO,02/01/2024,11:01:10,0.35,0.3,81000,0.35,43800,0,190080
FINNIFTY02JAN2422450CE.NFO,02/01/2024,11:01:39,0.35,0.3,82000,0.35,43800,0,190080
FINNIFTY02JAN2422450CE.NFO,02/01/2024,11:01:48,0.35,0.3,80800,0.35,43800,0,190080
FINNIFTY02JAN2422450CE.NFO,02/01/2024,11:01:58,0.35,0.3,80800,0.35,43400,0,190080
FINNIFTY02JAN2422450CE.NFO,02/01/2024,11:02:08,0.35,0.3,81040,0.35,43400,0,190080
FINNIFTY02JAN2422450CE.NFO,02/01/2024,11:02:18,0.35,0.3,82240,0.35,42000,0,190080
FINNIFTY02JAN2422450CE.NFO,02/01/2024,11:02:28,0.35,0.3,82000,0.35,42000,0,190080
FINNIFTY02JAN2422450CE.NFO,02/01/2024,11:02:56,0.3,0.3,26880,0.35,53720,46800,192480
FINNIFTY02JAN2422450CE.NFO,02/01/2024,11:03:05,0.3,0.3,26880,0.35,90000,0,192480
FINNIFTY02JAN2422450CE.NFO,02/01/2024,11:03:15,0.3,0.3,21880,0.35,87200,2800,192480
FINNIFTY02JAN2422450CE.NFO,02/01/2024,11:03:24,0.35,0.3,23040,0.35,86920,880,192480
FINNIFTY02JAN2422450CE.NFO,02/01/2024,11:03:34,0.35,0.3,12480,0.35,89240,16040,192480
FINNIFTY02JAN2422450CE.NFO,02/01/2024,11:03:43,0.3,0.3,7040,0.35,91000,5440,192480
FINNIFTY02JAN2422450CE.NFO,02/01/2024,11:03:53,0.3,0.3,7040,0.35,91000,0,192480
FINNIFTY02JAN2422450CE.NFO,02/01/2024,11:04:02,0.3,0.3,5240,0.35,91000,1800,192480
FINNIFTY02JAN2422450CE.NFO,02/01/2024,11:04:11,0.3,0.25,70320,0.3,66360,6240,192480
FINNIFTY02JAN2422450CE.NFO,02/01/2024,11:04:21,0.3,0.25,64120,0.3,69920,200,192480
FINNIFTY02JAN2422450CE.NFO,02/01/2024,11:04:30,0.3,0.25,62320,0.3,69920,0,192480
FINNIFTY02JAN2422450CE.NFO,02/01/2024,11:05:17,0.25,0.25,52480,0.3,69720,7080,192480
FINNIFTY02JAN2422450CE.NFO,02/01/2024,11:05:17,0.25,0.25,52480,0.3,69720,0,192480
FINNIFTY02JAN2422450CE.NFO,02/01/2024,11:05:26,0.25,0.25,52360,0.3,71480,200,192480
FINNIFTY02JAN2422450CE.NFO,02/01/2024,11:05:35,0.25,0.25,61200,0.3,71480,160,192480
FINNIFTY02JAN2422450CE.NFO,02/01/2024,11:05:45,0.25,0.25,63000,0.3,71480,0,192480
FINNIFTY02JAN2422450CE.NFO,02/01/2024,11:06:13,0.3,0.25,63240,0.3,70920,200,180080
FINNIFTY02JAN2422450CE.NFO,02/01/2024,11:06:22,0.3,0.25,63240,0.3,64920,6360,180080
FINNIFTY02JAN2422450CE.NFO,02/01/2024,11:06:31,0.3,0.25,63240,0.3,64720,200,180080
FINNIFTY02JAN2422450CE.NFO,02/01/2024,11:06:40,0.3,0.25,62400,0.3,64520,200,180080
FINNIFTY02JAN2422450CE.NFO,02/01/2024,11:06:50,0.3,0.25,60600,0.3,64320,200,180080
FINNIFTY02JAN2422450CE.NFO,02/01/2024,11:07:00,0.3,0.25,60600,0.3,61520,2800,180080
FINNIFTY02JAN2422450CE.NFO,02/01/2024,11:07:10,0.3,0.25,60600,0.3,64480,2600,180080
FINNIFTY02JAN2422450CE.NFO,02/01/2024,11:07:19,0.3,0.25,60600,0.3,65200,0,180080
FINNIFTY02JAN2422450CE.NFO,02/01/2024,11:07:38,0.3,0.3,9240,0.35,48720,52960,180080
FINNIFTY02JAN2422450CE.NFO,02/01/2024,11:07:47,0.3,0.3,25720,0.35,99240,200,180080
FINNIFTY02JAN2422450CE.NFO,02/01/2024,11:07:56,0.3,0.3,25760,0.35,99240,0,180080
FINNIFTY02JAN2422450CE.NFO,02/01/2024,11:08:15,0.3,0.3,16760,0.35,99240,0,180080
FINNIFTY02JAN2422450CE.NFO,02/01/2024,11:08:33,0.3,0.3,16640,0.35,99240,120,180080
FINNIFTY02JAN2422450CE.NFO,02/01/2024,11:08:42,0.3,0.3,16520,0.35,98800,160,199120
FINNIFTY02JAN2422450CE.NFO,02/01/2024,11:08:51,0.3,0.3,18840,0.35,98800,280,199120
FINNIFTY02JAN2422450CE.NFO,02/01/2024,11:09:01,0.35,0.3,26480,0.35,98480,1000,199120
FINNIFTY02JAN2422450CE.NFO,02/01/2024,11:09:11,0.35,0.3,26520,0.35,97880,2400,199120
FINNIFTY02JAN2422450CE.NFO,02/01/2024,11:09:21,0.35,0.3,36680,0.35,97800,800,199120
FINNIFTY02JAN2422450CE.NFO,02/01/2024,11:09:30,0.35,0.3,41000,0.35,97400,400,199120
FINNIFTY02JAN2422450CE.NFO,02/01/2024,11:09:39,0.35,0.3,41080,0.35,97400,0,199120
FINNIFTY02JAN2422450CE.NFO,02/01/2024,11:09:48,0.35,0.3,40560,0.35,69720,13320,199120
FINNIFTY02JAN2422450CE.NFO,02/01/2024,11:09:57,0.35,0.3,53200,0.35,40720,27600,199120
FINNIFTY02JAN2422450CE.NFO,02/01/2024,11:10:06,0.4,0.35,12800,0.4,15400,43320,199120
FINNIFTY02JAN2422450CE.NFO,02/01/2024,11:10:15,0.45,0.35,26480,0.45,37400,53320,199120
FINNIFTY02JAN2422450CE.NFO,02/01/2024,11:10:23,0.45,0.35,19760,0.45,46680,46120,199120
FINNIFTY02JAN2422450CE.NFO,02/01/2024,11:10:31,0.4,0.35,28000,0.4,3680,48840,199120
FINNIFTY02JAN2422450CE.NFO,02/01/2024,11:10:33,0.45,0.35,28040,0.45,55680,18480,199120
FINNIFTY02JAN2422450CE.NFO,02/01/2024,11:10:35,0.45,0.35,28040,0.45,55800,7000,199120
FINNIFTY02JAN2422450CE.NFO,02/01/2024,11:10:36,0.45,0.35,29480,0.45,55000,2600,199120
FINNIFTY02JAN2422450CE.NFO,02/01/2024,11:10:38,0.45,0.35,40280,0.45,52280,8800,199120
FINNIFTY02JAN2422450CE.NFO,02/01/2024,11:10:40,0.4,0.35,41440,0.4,8080,15640,199120
FINNIFTY02JAN2422450CE.NFO,02/01/2024,11:10:41,0.45,0.35,37080,0.45,54120,13680,199120
FINNIFTY02JAN2422450CE.NFO,02/01/2024,11:10:43,0.45,0.35,38880,0.45,51120,5800,199120
FINNIFTY02JAN2422450CE.NFO,02/01/2024,11:10:44,0.4,0.35,47840,0.4,1600,3640,199120
FINNIFTY02JAN2422450CE.NFO,02/01/2024,11:10:46,0.45,0.35,37080,0.45,50880,23440,199120
FINNIFTY02JAN2422450CE.NFO,02/01/2024,11:10:48,0.45,0.35,44040,0.45,55320,12680,199120
FINNIFTY02JAN2422450CE.NFO,02/01/2024,11:10:49,0.45,0.35,47520,0.45,48280,6120,199120
FINNIFTY02JAN2422450CE.NFO,02/01/2024,11:10:51,0.4,0.35,41080,0.45,47080,18080,199120
FINNIFTY02JAN2422450CE.NFO,02/01/2024,11:10:52,0.45,0.4,14760,0.45,50160,7560,199120
FINNIFTY02JAN2422450CE.NFO,02/01/2024,11:10:54,0.45,0.4,39680,0.45,28880,4600,199120
FINNIFTY02JAN2422450CE.NFO,02/01/2024,11:10:56,0.45,0.4,57280,0.45,30760,5760,199120
FINNIFTY02JAN2422450CE.NFO,02/01/2024,11:10:57,0.45,0.4,54720,0.45,29360,7600,199120
FINNIFTY02JAN2422450CE.NFO,02/01/2024,11:10:59,0.45,0.4,31760,0.45,27880,28480,199120
FINNIFTY02JAN2422450CE.NFO,02/01/2024,11:11:01,0.45,0.4,32120,0.45,26560,6880,199120
FINNIFTY02JAN2422450CE.NFO,02/01/2024,11:11:02,0.45,0.4,36520,0.45,38800,6800,199120
FINNIFTY02JAN2422450CE.NFO,02/01/2024,11:11:04,0.45,0.4,33120,0.45,30440,3800,199120
FINNIFTY02JAN2422450CE.NFO,02/01/2024,11:11:05,0.45,0.4,38720,0.45,20680,5960,199120
FINNIFTY02JAN2422450CE.NFO,02/01/2024,11:11:07,0.45,0.4,40480,0.45,18280,5240,199120
FINNIFTY02JAN2422450CE.NFO,02/01/2024,11:11:09,0.45,0.4,17240,0.45,18400,28160,199120
FINNIFTY02JAN2422450CE.NFO,02/01/2024,11:11:10,0.45,0.4,17160,0.45,13800,3880,199120
FINNIFTY02JAN2422450CE.NFO,02/01/2024,11:11:12,0.45,0.4,17200,0.45,12320,9360,199120
FINNIFTY02JAN2422450CE.NFO,02/01/2024,11:11:14,0.45,0.4,23480,0.45,13880,4840,199120
FINNIFTY02JAN2422450CE.NFO,02/01/2024,11:11:15,0.45,0.4,21240,0.45,16920,15400,199120
FINNIFTY02JAN2422450CE.NFO,02/01/2024,11:11:17,0.45,0.4,28160,0.45,21040,4400,199120
FINNIFTY02JAN2422450CE.NFO,02/01/2024,11:11:19,0.45,0.4,32000,0.45,15520,5000,199120
FINNIFTY02JAN2422450CE.NFO,02/01/2024,11:11:20,0.45,0.4,34880,0.45,11840,7280,199120
FINNIFTY02JAN2422450CE.NFO,02/01/2024,11:11:22,0.45,0.4,38200,0.45,5320,7560,199120
FINNIFTY02JAN2422450CE.NFO,02/01/2024,11:11:24,0.5,0.4,36120,0.5,43040,18680,199120
FINNIFTY02JAN2422450CE.NFO,02/01/2024,11:11:24,0.5,0.4,36120,0.5,43040,0,199120
FINNIFTY02JAN2422450CE.NFO,02/01/2024,11:11:25,0.5,0.4,40520,0.5,46480,9320,199120
FINNIFTY02JAN2422450CE.NFO,02/01/2024,11:11:27,0.5,0.4,46040,0.5,52800,13080,199120
FINNIFTY02JAN2422450CE.NFO,02/01/2024,11:11:28,0.45,0.4,49160,0.45,8240,4000,199120
FINNIFTY02JAN2422450CE.NFO,02/01/2024,11:11:31,0.5,0.4,48560,0.5,59800,10320,199120
FINNIFTY02JAN2422450CE.NFO,02/01/2024,11:11:33,0.5,0.4,48600,0.5,58000,14720,199120
FINNIFTY02JAN2422450CE.NFO,02/01/2024,11:11:34,0.5,0.4,44720,0.5,62480,19480,199120
FINNIFTY02JAN2422450CE.NFO,02/01/2024,11:11:36,0.5,0.4,47400,0.5,70640,6160,199120
FINNIFTY02JAN2422450CE.NFO,02/01/2024,11:11:38,0.45,0.4,49960,0.45,1000,5800,199120
FINNIFTY02JAN2422450CE.NFO,02/01/2024,11:11:39,0.5,0.4,51800,0.5,75520,4840,449000
FINNIFTY02JAN2422450CE.NFO,02/01/2024,11:11:41,0.45,0.4,56520,0.45,27760,6440,449000
FINNIFTY02JAN2422450CE.NFO,02/01/2024,11:11:43,0.45,0.4,59680,0.45,31480,3600,449000
FINNIFTY02JAN2422450CE.NFO,02/01/2024,11:11:44,0.45,0.4,61480,0.45,30000,4800,449000
FINNIFTY02JAN2422450CE.NFO,02/01/2024,11:11:46,0.45,0.4,61520,0.45,30600,3600,449000
FINNIFTY02JAN2422450CE.NFO,02/01/2024,11:11:47,0.45,0.4,61480,0.45,28480,6800,449000
FINNIFTY02JAN2422450CE.NFO,02/01/2024,11:11:49,0.45,0.4,61520,0.45,24760,4800,449000
FINNIFTY02JAN2422450CE.NFO,02/01/2024,11:11:51,0.45,0.4,61560,0.45,20960,5600,449000
FINNIFTY02JAN2422450CE.NFO,02/01/2024,11:11:52,0.45,0.4,61600,0.45,14760,6200,449000
FINNIFTY02JAN2422450CE.NFO,02/01/2024,11:11:54,0.45,0.4,57920,0.45,15960,9400,449000
FINNIFTY02JAN2422450CE.NFO,02/01/2024,11:11:56,0.45,0.4,57920,0.45,15600,5200,449000
FINNIFTY02JAN2422450CE.NFO,02/01/2024,11:11:57,0.45,0.4,58000,0.45,7520,4600,449000
FINNIFTY02JAN2422450CE.NFO,02/01/2024,11:11:59,0.45,0.4,57800,0.45,23800,6520,449000
FINNIFTY02JAN2422450CE.NFO,02/01/2024,11:12:00,0.45,0.4,57640,0.45,18600,5400,449000
FINNIFTY02JAN2422450CE.NFO,02/01/2024,11:12:02,0.45,0.4,55600,0.45,17080,7600,449000
FINNIFTY02JAN2422450CE.NFO,02/01/2024,11:12:04,0.45,0.4,56080,0.45,16760,6000,449000
FINNIFTY02JAN2422450CE.NFO,02/01/2024,11:12:05,0.45,0.4,60360,0.45,10200,6000,449000
FINNIFTY02JAN2422450CE.NFO,02/01/2024,11:12:07,0.45,0.4,63240,0.45,5240,7200,449000
FINNIFTY02JAN2422450CE.NFO,02/01/2024,11:12:09,0.45,0.4,64680,0.45,1480,3800,449000
FINNIFTY02JAN2422450CE.NFO,02/01/2024,11:12:10,0.5,0.4,56440,0.5,71920,29680,449000
FINNIFTY02JAN2422450CE.NFO,02/01/2024,11:12:12,0.5,0.4,63440,0.5,63080,6440,449000
FINNIFTY02JAN2422450CE.NFO,02/01/2024,11:12:13,0.45,0.4,69640,0.45,10360,22560,449000
FINNIFTY02JAN2422450CE.NFO,02/01/2024,11:12:15,0.5,0.4,62840,0.5,71240,22840,449000
FINNIFTY02JAN2422450CE.NFO,02/01/2024,11:12:17,0.5,0.4,64320,0.5,66880,9160,449000
FINNIFTY02JAN2422450CE.NFO,02/01/2024,11:12:18,0.5,0.4,85920,0.5,62680,11760,449000
FINNIFTY02JAN2422450CE.NFO,02/01/2024,11:12:20,0.5,0.4,95480,0.5,64480,6840,449000
FINNIFTY02JAN2422450CE.NFO,02/01/2024,11:12:21,0.45,0.4,102240,0.45,1680,6760,449000
FINNIFTY02JAN2422450CE.NFO,02/01/2024,11:12:23,0.45,0.4,103920,0.5,91600,4600,449000
FINNIFTY02JAN2422450CE.NFO,02/01/2024,11:12:25,0.5,0.45,10840,0.5,104040,5080,449000
FINNIFTY02JAN2422450CE.NFO,02/01/2024,11:12:26,0.5,0.45,16000,0.5,102680,3840,449000
FINNIFTY02JAN2422450CE.NFO,02/01/2024,11:12:28,0.5,0.45,23480,0.5,101880,840,449000
FINNIFTY02JAN2422450CE.NFO,02/01/2024,11:12:30,0.45,0.45,22880,0.5,102480,1000,449000
FINNIFTY02JAN2422450CE.NFO,02/01/2024,11:12:31,0.5,0.45,24880,0.5,100800,2240,449000
FINNIFTY02JAN2422450CE.NFO,02/01/2024,11:12:33,0.5,0.45,24560,0.5,99560,1120,449000
FINNIFTY02JAN2422450CE.NFO,02/01/2024,11:12:34,0.5,0.45,25760,0.5,99160,2200,449000
FINNIFTY02JAN2422450CE.NFO,02/01/2024,11:12:36,0.5,0.45,21000,0.5,88520,1280,449000
FINNIFTY02JAN2422450CE.NFO,02/01/2024,11:12:38,0.5,0.45,21000,0.5,88520,0,449000
FINNIFTY02JAN2422450CE.NFO,02/01/2024,11:12:39,0.5,0.45,24080,0.5,95880,920,449000
FINNIFTY02JAN2422450CE.NFO,02/01/2024,11:12:41,0.5,0.45,30320,0.5,95520,200,449000
FINNIFTY02JAN2422450CE.NFO,02/01/2024,11:12:43,0.5,0.45,30280,0.5,93680,1040,449000
FINNIFTY02JAN2422450CE.NFO,02/01/2024,11:12:44,0.5,0.45,30160,0.5,89080,2320,449000
FINNIFTY02JAN2422450CE.NFO,02/01/2024,11:12:46,0.5,0.45,28480,0.5,88160,2680,449000
FINNIFTY02JAN2422450CE.NFO,02/01/2024,11:12:47,0.5,0.45,28520,0.5,89320,600,449000
FINNIFTY02JAN2422450CE.NFO,02/01/2024,11:12:49,0.5,0.45,27440,0.5,88320,2080,449000
FINNIFTY02JAN2422450CE.NFO,02/01/2024,11:12:50,0.5,0.45,28880,0.5,87560,4520,449000
FINNIFTY02JAN2422450CE.NFO,02/01/2024,11:12:52,0.45,0.45,26440,0.5,88800,5520,449000
FINNIFTY02JAN2422450CE.NFO,02/01/2024,11:12:54,0.5,0.45,25760,0.5,89240,2080,449000
FINNIFTY02JAN2422450CE.NFO,02/01/2024,11:12:55,0.5,0.45,16880,0.5,88240,1040,449000
FINNIFTY02JAN2422450CE.NFO,02/01/2024,11:12:57,0.5,0.45,13760,0.5,91600,3520,449000
FINNIFTY02JAN2422450CE.NFO,02/01/2024,11:12:58,0.5,0.45,12120,0.5,91200,2040,449000
FINNIFTY02JAN2422450CE.NFO,02/01/2024,11:13:00,0.5,0.45,12200,0.5,87240,4120,449000
FINNIFTY02JAN2422450CE.NFO,02/01/2024,11:13:02,0.5,0.45,9840,0.5,87280,4360,449000
FINNIFTY02JAN2422450CE.NFO,02/01/2024,11:13:03,0.5,0.45,11160,0.5,85600,2120,449000
FINNIFTY02JAN2422450CE.NFO,02/01/2024,11:13:05,0.5,0.45,14760,0.5,83800,2920,449000
FINNIFTY02JAN2422450CE.NFO,02/01/2024,11:13:07,0.45,0.45,4400,0.5,85240,11920,449000
FINNIFTY02JAN2422450CE.NFO,02/01/2024,11:13:08,0.45,0.4,99080,0.45,15160,7800,449000
FINNIFTY02JAN2422450CE.NFO,02/01/2024,11:13:10,0.45,0.4,93160,0.45,13080,1600,449000
FINNIFTY02JAN2422450CE.NFO,02/01/2024,11:13:11,0.45,0.4,101120,0.45,20840,200,449000
FINNIFTY02JAN2422450CE.NFO,02/01/2024,11:13:13,0.45,0.4,95720,0.45,24080,600,449000
FINNIFTY02JAN2422450CE.NFO,02/01/2024,11:13:15,0.45,0.4,97480,0.45,26040,800,449000
FINNIFTY02JAN2422450CE.NFO,02/01/2024,11:13:17,0.45,0.4,99280,0.45,26040,0,449000
FINNIFTY02JAN2422450CE.NFO,02/01/2024,11:13:19,0.45,0.4,100480,0.45,27640,200,449000
FINNIFTY02JAN2422450CE.NFO,02/01/2024,11:13:21,0.45,0.4,100480,0.45,30040,1200,449000
FINNIFTY02JAN2422450CE.NFO,02/01/2024,11:13:22,0.45,0.4,101080,0.45,27040,3000,449000
FINNIFTY02JAN2422450CE.NFO,02/01/2024,11:13:24,0.45,0.4,101040,0.45,23040,4040,449000
FINNIFTY02JAN2422450CE.NFO,02/01/2024,11:13:26,0.45,0.4,101040,0.45,21320,3400,449000
FINNIFTY02JAN2422450CE.NFO,02/01/2024,11:13:27,0.45,0.4,101040,0.45,22800,7640,449000
FINNIFTY02JAN2422450CE.NFO,02/01/2024,11:13:29,0.5,0.45,3600,0.5,77960,17640,449000
FINNIFTY02JAN2422450CE.NFO,02/01/2024,11:13:34,0.5,0.45,43640,0.5,69320,9000,449000
FINNIFTY02JAN2422450CE.NFO,02/01/2024,11:13:44,0.5,0.45,63320,0.5,51320,11960,449000
FINNIFTY02JAN2422450CE.NFO,02/01/2024,11:13:54,0.5,0.45,60080,0.5,26320,21320,449000
FINNIFTY02JAN2422450CE.NFO,02/01/2024,11:14:03,0.55,0.5,23440,0.55,10680,35200,449000
FINNIFTY02JAN2422450CE.NFO,02/01/2024,11:14:03,0.55,0.5,23440,0.55,10680,0,449000
FINNIFTY02JAN2422450CE.NFO,02/01/2024,11:14:13,0.6,0.55,24000,0.6,17720,19880,449000
FINNIFTY02JAN2422450CE.NFO,02/01/2024,11:14:13,0.6,0.55,24000,0.6,17720,0,449000
FINNIFTY02JAN2422450CE.NFO,02/01/2024,11:14:22,0.6,0.55,22040,0.6,50600,21200,449000
FINNIFTY02JAN2422450CE.NFO,02/01/2024,11:14:31,0.6,0.55,22160,0.6,58840,6560,449000
FINNIFTY02JAN2422450CE.NFO,02/01/2024,11:14:39,0.6,0.55,25360,0.6,64320,4640,686720
FINNIFTY02JAN2422450CE.NFO,02/01/2024,11:14:49,0.6,0.55,18000,0.6,47600,18320,686720
FINNIFTY02JAN2422450CE.NFO,02/01/2024,11:14:58,0.6,0.55,10080,0.6,47360,30760,686720
FINNIFTY02JAN2422450CE.NFO,02/01/2024,11:15:08,0.6,0.55,20400,0.6,25280,24480,686720
FINNIFTY02JAN2422450CE.NFO,02/01/2024,11:15:18,0.6,0.55,16680,0.6,20880,19840,686720
FINNIFTY02JAN2422450CE.NFO,02/01/2024,11:15:28,0.6,0.55,8320,0.6,14680,35080,686720
FINNIFTY02JAN2422450CE.NFO,02/01/2024,11:15:38,0.55,0.55,3120,0.6,22200,14400,686720
FINNIFTY02JAN2422450CE.NFO,02/01/2024,11:15:48,0.55,0.55,1680,0.6,19120,11040,686720
FINNIFTY02JAN2422450CE.NFO,02/01/2024,11:15:59,0.5,0.5,19000,0.55,13360,1720,686720
FINNIFTY02JAN2422450CE.NFO,02/01/2024,11:16:09,0.5,0.45,51520,0.55,17640,18760,686720
FINNIFTY02JAN2422450CE.NFO,02/01/2024,11:16:19,0.5,0.45,55240,0.55,24680,0,686720
FINNIFTY02JAN2422450CE.NFO,02/01/2024,11:16:28,0.45,0.45,64440,0.55,26800,160,686720
FINNIFTY02JAN2422450CE.NFO,02/01/2024,11:16:37,0.45,0.45,57040,0.55,23480,0,686720
FINNIFTY02JAN2422450CE.NFO,02/01/2024,11:16:47,0.45,0.45,58280,0.55,25560,0,686720
FINNIFTY02JAN2422450CE.NFO,02/01/2024,11:16:56,0.45,0.45,58120,0.55,25240,0,686720
FINNIFTY02JAN2422450CE.NFO,02/01/2024,11:17:05,0.5,0.45,57960,0.5,6200,13440,686720
FINNIFTY02JAN2422450CE.NFO,02/01/2024,11:17:14,0.5,0.45,57960,0.5,9600,0,686720
FINNIFTY02JAN2422450CE.NFO,02/01/2024,11:17:23,0.5,0.45,55280,0.5,9600,0,686720
FINNIFTY02JAN2422450CE.NFO,02/01/2024,11:17:32,0.45,0.45,50480,0.5,11800,2320,686720
FINNIFTY02JAN2422450CE.NFO,02/01/2024,11:17:41,0.45,0.45,50360,0.5,11840,200,764600
FINNIFTY02JAN2422450CE.NFO,02/01/2024,11:17:51,0.45,0.45,42800,0.5,16240,3480,764600
FINNIFTY02JAN2422450CE.NFO,02/01/2024,11:18:00,0.45,0.45,40880,0.5,20640,6160,764600
FINNIFTY02JAN2422450CE.NFO,02/01/2024,11:18:09,0.45,0.45,18120,0.5,26160,2360,764600
FINNIFTY02JAN2422450CE.NFO,02/01/2024,11:18:19,0.45,0.45,6440,0.5,23240,5080,764600
FINNIFTY02JAN2422450CE.NFO,02/01/2024,11:18:27,0.45,0.45,31200,0.5,20560,3080,764600
FINNIFTY02JAN2422450CE.NFO,02/01/2024,11:18:36,0.45,0.45,9040,0.5,20760,720,764600
FINNIFTY02JAN2422450CE.NFO,02/01/2024,11:18:44,0.45,0.45,8200,0.5,18960,2560,764600
FINNIFTY02JAN2422450CE.NFO,02/01/2024,11:18:53,0.45,0.4,66200,0.45,6720,10080,764600
FINNIFTY02JAN2422450CE.NFO,02/01/2024,11:19:02,0.45,0.4,66560,0.45,13320,1440,764600
FINNIFTY02JAN2422450CE.NFO,02/01/2024,11:19:10,0.45,0.4,63280,0.45,18160,0,764600
FINNIFTY02JAN2422450CE.NFO,02/01/2024,11:19:19,0.45,0.4,51920,0.45,19760,0,764600
FINNIFTY02JAN2422450CE.NFO,02/01/2024,11:19:27,0.4,0.4,51800,0.45,19360,480,764600
FINNIFTY02JAN2422450CE.NFO,02/01/2024,11:19:36,0.45,0.4,49760,0.45,17880,2880,764600
FINNIFTY02JAN2422450CE.NFO,02/01/2024,11:19:44,0.4,0.4,47880,0.45,20600,80,764600
FINNIFTY02JAN2422450CE.NFO,02/01/2024,11:19:52,0.4,0.4,57000,0.45,20600,120,764600
FINNIFTY02JAN2422450CE.NFO,02/01/2024,11:20:00,0.4,0.4,57320,0.45,20920,80,764600
FINNIFTY02JAN2422450CE.NFO,02/01/2024,11:20:07,0.4,0.4,56800,0.45,20320,800,764600
FINNIFTY02JAN2422450CE.NFO,02/01/2024,11:20:16,0.4,0.4,56120,0.45,20320,280,764600
FINNIFTY02JAN2422450CE.NFO,02/01/2024,11:20:24,0.45,0.4,54600,0.45,21480,640,764600
FINNIFTY02JAN2422450CE.NFO,02/01/2024,11:20:33,0.4,0.4,56280,0.45,21480,520,764600
FINNIFTY02JAN2422450CE.NFO,02/01/2024,11:20:41,0.4,0.4,52680,0.45,19240,4040,770560
FINNIFTY02JAN2422450CE.NFO,02/01/2024,11:20:50,0.45,0.4,52680,0.45,25720,440,770560
FINNIFTY02JAN2422450CE.NFO,02/01/2024,11:20:59,0.4,0.4,50400,0.45,32920,520,770560
FINNIFTY02JAN2422450CE.NFO,02/01/2024,11:21:08,0.4,0.4,64000,0.45,45960,0,770560
FINNIFTY02JAN2422450CE.NFO,02/01/2024,11:21:16,0.4,0.4,63960,0.45,41760,40,770560
FINNIFTY02JAN2422450CE.NFO,02/01/2024,11:21:25,0.4,0.4,63480,0.45,44920,680,770560
FINNIFTY02JAN2422450CE.NFO,02/01/2024,11:21:43,0.4,0.4,63480,0.45,44920,0,770560
FINNIFTY02JAN2422450CE.NFO,02/01/2024,11:21:51,0.45,0.4,61800,0.45,47640,40,770560
FINNIFTY02JAN2422450CE.NFO,02/01/2024,11:22:00,0.45,0.4,63600,0.45,47360,280,770560
FINNIFTY02JAN2422450CE.NFO,02/01/2024,11:22:09,0.45,0.4,63200,0.45,47360,0,770560
FINNIFTY02JAN2422450CE.NFO,02/01/2024,11:22:27,0.45,0.4,63880,0.45,45440,320,770560
FINNIFTY02JAN2422450CE.NFO,02/01/2024,11:22:35,0.4,0.4,63360,0.45,40040,520,770560
FINNIFTY02JAN2422450CE.NFO,02/01/2024,11:22:44,0.4,0.4,68360,0.45,43640,0,770560
FINNIFTY02JAN2422450CE.NFO,02/01/2024,11:23:10,0.4,0.4,64000,0.45,42160,80,770560
FINNIFTY02JAN2422450CE.NFO,02/01/2024,11:23:18,0.4,0.4,64080,0.45,41840,0,770560
FINNIFTY02JAN2422450CE.NFO,02/01/2024,11:23:26,0.4,0.4,64080,0.45,43280,0,770560
FINNIFTY02JAN2422450CE.NFO,02/01/2024,11:23:34,0.45,0.4,64080,0.45,42960,400,770560
FINNIFTY02JAN2422450CE.NFO,02/01/2024,11:23:43,0.45,0.4,65800,0.45,41160,0,770560
FINNIFTY02JAN2422450CE.NFO,02/01/2024,11:23:51,0.45,0.4,66080,0.45,40960,200,764320
FINNIFTY02JAN2422450CE.NFO,02/01/2024,11:24:15,0.45,0.4,62200,0.45,40960,0,764320
FINNIFTY02JAN2422450CE.NFO,02/01/2024,11:24:32,0.45,0.4,62200,0.45,42520,240,764320
FINNIFTY02JAN2422450CE.NFO,02/01/2024,11:24:40,0.45,0.4,62200,0.45,42520,0,764320
FINNIFTY02JAN2422450CE.NFO,02/01/2024,11:24:48,0.45,0.4,62000,0.45,42520,0,764320
FINNIFTY02JAN2422450CE.NFO,02/01/2024,11:25:20,0.45,0.4,69400,0.45,42520,0,764320
FINNIFTY02JAN2422450CE.NFO,02/01/2024,11:25:29,0.45,0.4,62000,0.45,42840,0,764320
FINNIFTY02JAN2422450CE.NFO,02/01/2024,11:25:46,0.45,0.4,62400,0.45,42840,0,764320
FINNIFTY02JAN2422450CE.NFO,02/01/2024,11:26:01,0.45,0.4,67400,0.45,42840,0,764320
FINNIFTY02JAN2422450CE.NFO,02/01/2024,11:26:10,0.45,0.4,60200,0.45,41320,0,764320
FINNIFTY02JAN2422450CE.NFO,02/01/2024,11:26:42,0.45,0.4,60960,0.45,41320,0,764320
FINNIFTY02JAN2422450CE.NFO,02/01/2024,11:26:58,0.45,0.4,62440,0.45,41000,0,764320
FINNIFTY02JAN2422450CE.NFO,02/01/2024,11:27:06,0.45,0.4,62160,0.45,40960,40,763880
FINNIFTY02JAN2422450CE.NFO,02/01/2024,11:27:21,0.45,0.4,52440,0.45,40960,0,763880
FINNIFTY02JAN2422450CE.NFO,02/01/2024,11:27:37,0.45,0.4,50360,0.45,42560,0,763880
FINNIFTY02JAN2422450CE.NFO,02/01/2024,11:27:46,0.4,0.4,50720,0.45,44840,40,763880
FINNIFTY02JAN2422450CE.NFO,02/01/2024,11:27:55,0.4,0.4,48800,0.45,44520,0,763880
FINNIFTY02JAN2422450CE.NFO,02/01/2024,11:28:11,0.45,0.4,47200,0.45,44480,40,763880
FINNIFTY02JAN2422450CE.NFO,02/01/2024,11:28:19,0.45,0.4,46800,0.45,46400,480,763880
FINNIFTY02JAN2422450CE.NFO,02/01/2024,11:28:28,0.4,0.4,48000,0.45,50040,800,763880
FINNIFTY02JAN2422450CE.NFO,02/01/2024,11:28:36,0.45,0.4,48000,0.45,51360,480,763880
FINNIFTY02JAN2422450CE.NFO,02/01/2024,11:28:44,0.45,0.4,47800,0.45,52640,240,763880
FINNIFTY02JAN2422450CE.NFO,02/01/2024,11:28:52,0.45,0.4,29800,0.45,52640,0,763880
FINNIFTY02JAN2422450CE.NFO,02/01/2024,11:29:00,0.45,0.4,29680,0.45,52600,160,763880
FINNIFTY02JAN2422450CE.NFO,02/01/2024,11:29:09,0.45,0.4,27880,0.45,52560,40,763880
FINNIFTY02JAN2422450CE.NFO,02/01/2024,11:29:17,0.4,0.4,29360,0.45,54320,320,763880
FINNIFTY02JAN2422450CE.NFO,02/01/2024,11:29:25,0.4,0.4,27560,0.45,53520,0,763880
FINNIFTY02JAN2422450CE.NFO,02/01/2024,11:29:33,0.4,0.4,29000,0.45,51720,80,763880
FINNIFTY02JAN2422450CE.NFO,02/01/2024,11:29:41,0.4,0.4,28920,0.45,52120,80,763880
FINNIFTY02JAN2422450CE.NFO,02/01/2024,11:29:49,0.4,0.4,28800,0.45,53400,120,764200
FINNIFTY02JAN2422450CE.NFO,02/01/2024,11:29:57,0.4,0.4,28720,0.45,53400,80,764200
FINNIFTY02JAN2422450CE.NFO,02/01/2024,11:30:05,0.4,0.4,27080,0.45,53400,120,764200
FINNIFTY02JAN2422450CE.NFO,02/01/2024,11:30:28,0.4,0.4,26760,0.45,53400,40,764200
FINNIFTY02JAN2422450CE.NFO,02/01/2024,11:30:43,0.4,0.4,26960,0.45,53400,80,764200
FINNIFTY02JAN2422450CE.NFO,02/01/2024,11:30:50,0.4,0.4,26960,0.45,53400,0,764200
FINNIFTY02JAN2422450CE.NFO,02/01/2024,11:31:05,0.45,0.4,25160,0.45,53360,40,764200
FINNIFTY02JAN2422450CE.NFO,02/01/2024,11:31:13,0.45,0.4,25160,0.45,53440,320,764200
FINNIFTY02JAN2422450CE.NFO,02/01/2024,11:31:21,0.45,0.4,25160,0.45,53840,0,764200
FINNIFTY02JAN2422450CE.NFO,02/01/2024,11:31:29,0.4,0.4,26520,0.45,53720,440,764200
FINNIFTY02JAN2422450CE.NFO,02/01/2024,11:31:36,0.4,0.4,28360,0.45,53800,80,764200
FINNIFTY02JAN2422450CE.NFO,02/01/2024,11:31:51,0.4,0.4,27280,0.45,54200,320,764200
FINNIFTY02JAN2422450CE.NFO,02/01/2024,11:31:59,0.45,0.4,22280,0.45,54160,40,764200
FINNIFTY02JAN2422450CE.NFO,02/01/2024,11:32:07,0.45,0.4,22280,0.45,54080,0,764200
FINNIFTY02JAN2422450CE.NFO,02/01/2024,11:32:16,0.45,0.4,22280,0.45,57600,0,764200
FINNIFTY02JAN2422450CE.NFO,02/01/2024,11:32:31,0.45,0.4,19280,0.45,57280,0,764200
FINNIFTY02JAN2422450CE.NFO,02/01/2024,11:32:38,0.4,0.35,94240,0.4,21080,7920,764200
FINNIFTY02JAN2422450CE.NFO,02/01/2024,11:32:44,0.4,0.35,95600,0.4,27240,5400,770200
FINNIFTY02JAN2422450CE.NFO,02/01/2024,11:32:52,0.4,0.35,94920,0.4,23440,16480,770200
FINNIFTY02JAN2422450CE.NFO,02/01/2024,11:32:59,0.4,0.35,94920,0.4,35720,120,770200
FINNIFTY02JAN2422450CE.NFO,02/01/2024,11:33:06,0.4,0.35,94920,0.4,35520,200,770200
FINNIFTY02JAN2422450CE.NFO,02/01/2024,11:33:13,0.4,0.35,94920,0.4,35520,0,770200
FINNIFTY02JAN2422450CE.NFO,02/01/2024,11:33:21,0.4,0.35,94920,0.4,35000,1200,770200
FINNIFTY02JAN2422450CE.NFO,02/01/2024,11:33:35,0.4,0.35,83480,0.4,19520,4880,770200
FINNIFTY02JAN2422450CE.NFO,02/01/2024,11:33:42,0.4,0.35,83400,0.4,19520,0,770200
FINNIFTY02JAN2422450CE.NFO,02/01/2024,11:33:50,0.4,0.35,83400,0.4,19080,440,770200
FINNIFTY02JAN2422450CE.NFO,02/01/2024,11:33:57,0.4,0.35,83400,0.4,19080,0,770200
FINNIFTY02JAN2422450CE.NFO,02/01/2024,11:34:17,0.4,0.35,83400,0.4,19040,40,770200
FINNIFTY02JAN2422450CE.NFO,02/01/2024,11:34:23,0.4,0.35,83400,0.4,19040,0,770200
FINNIFTY02JAN2422450CE.NFO,02/01/2024,11:34:32,0.4,0.35,83400,0.4,15120,2120,770200
FINNIFTY02JAN2422450CE.NFO,02/01/2024,11:34:40,0.4,0.35,83400,0.4,18120,0,770200
FINNIFTY02JAN2422450CE.NFO,02/01/2024,11:34:48,0.4,0.35,83400,0.4,18040,80,770200
FINNIFTY02JAN2422450CE.NFO,02/01/2024,11:34:55,0.4,0.35,83400,0.4,15840,480,770200
FINNIFTY02JAN2422450CE.NFO,02/01/2024,11:35:02,0.4,0.35,83400,0.4,15840,0,770200
FINNIFTY02JAN2422450CE.NFO,02/01/2024,11:35:10,0.4,0.35,92400,0.4,15680,160,770200
FINNIFTY02JAN2422450CE.NFO,02/01/2024,11:35:17,0.4,0.35,94200,0.4,15640,0,770200
FINNIFTY02JAN2422450CE.NFO,02/01/2024,11:35:24,0.4,0.35,96000,0.4,14360,12000,770200
FINNIFTY02JAN2422450CE.NFO,02/01/2024,11:35:32,0.4,0.4,20080,0.45,23600,51320,770200
FINNIFTY02JAN2422450CE.NFO,02/01/2024,11:35:40,0.4,0.4,16840,0.45,29880,9120,770200
FINNIFTY02JAN2422450CE.NFO,02/01/2024,11:35:48,0.45,0.4,12080,0.45,36840,6840,763720
FINNIFTY02JAN2422450CE.NFO,02/01/2024,11:35:55,0.45,0.4,12080,0.45,39040,0,763720
FINNIFTY02JAN2422450CE.NFO,02/01/2024,11:36:02,0.4,0.4,12120,0.45,39040,400,763720
FINNIFTY02JAN2422450CE.NFO,02/01/2024,11:36:09,0.4,0.35,91160,0.4,1520,9400,763720
FINNIFTY02JAN2422450CE.NFO,02/01/2024,11:36:17,0.4,0.35,74280,0.4,13280,0,763720
FINNIFTY02JAN2422450CE.NFO,02/01/2024,11:36:25,0.4,0.35,74240,0.4,13640,0,763720
FINNIFTY02JAN2422450CE.NFO,02/01/2024,11:36:40,0.4,0.35,74440,0.4,13640,0,763720
FINNIFTY02JAN2422450CE.NFO,02/01/2024,11:36:47,0.4,0.35,74240,0.4,13640,0,763720
FINNIFTY02JAN2422450CE.NFO,02/01/2024,11:36:55,0.4,0.35,72440,0.4,13640,0,763720
FINNIFTY02JAN2422450CE.NFO,02/01/2024,11:37:03,0.4,0.35,57840,0.4,30920,0,763720
FINNIFTY02JAN2422450CE.NFO,02/01/2024,11:37:10,0.4,0.35,58880,0.4,30920,0,763720
FINNIFTY02JAN2422450CE.NFO,02/01/2024,11:37:18,0.4,0.35,58880,0.4,29800,0,763720
FINNIFTY02JAN2422450CE.NFO,02/01/2024,11:37:34,0.4,0.35,57080,0.4,29800,0,763720
FINNIFTY02JAN2422450CE.NFO,02/01/2024,11:37:42,0.4,0.35,59080,0.4,28640,1800,763720
FINNIFTY02JAN2422450CE.NFO,02/01/2024,11:37:50,0.4,0.35,64880,0.4,28640,0,763720
FINNIFTY02JAN2422450CE.NFO,02/01/2024,11:37:57,0.4,0.35,64240,0.4,28480,160,763720
FINNIFTY02JAN2422450CE.NFO,02/01/2024,11:38:13,0.35,0.35,64200,0.4,28480,40,763720
FINNIFTY02JAN2422450CE.NFO,02/01/2024,11:38:22,0.4,0.35,64200,0.4,28160,320,763720
FINNIFTY02JAN2422450CE.NFO,02/01/2024,11:38:37,0.4,0.35,65600,0.4,27800,0,763720
FINNIFTY02JAN2422450CE.NFO,02/01/2024,11:38:52,0.35,0.35,65320,0.4,27800,280,770080
FINNIFTY02JAN2422450CE.NFO,02/01/2024,11:39:00,0.4,0.35,67120,0.4,28280,5000,770080
FINNIFTY02JAN2422450CE.NFO,02/01/2024,11:39:07,0.4,0.35,63760,0.4,24320,4000,770080
FINNIFTY02JAN2422450CE.NFO,02/01/2024,11:39:13,0.4,0.35,62560,0.4,24320,0,770080
FINNIFTY02JAN2422450CE.NFO,02/01/2024,11:39:45,0.4,0.35,62360,0.4,24320,0,770080
FINNIFTY02JAN2422450CE.NFO,02/01/2024,11:40:36,0.35,0.35,60360,0.4,24320,3800,770080
FINNIFTY02JAN2422450CE.NFO,02/01/2024,11:40:42,0.35,0.35,13760,0.4,27520,39760,770080
FINNIFTY02JAN2422450CE.NFO,02/01/2024,11:40:48,0.3,0.3,50880,0.4,24520,73400,770080
FINNIFTY02JAN2422450CE.NFO,02/01/2024,11:40:54,0.35,0.35,480,0.4,23600,34040,770080
FINNIFTY02JAN2422450CE.NFO,02/01/2024,11:41:01,0.35,0.35,15080,0.4,31280,8520,770080
FINNIFTY02JAN2422450CE.NFO,02/01/2024,11:41:08,0.35,0.35,4480,0.4,38040,10960,770080
FINNIFTY02JAN2422450CE.NFO,02/01/2024,11:41:15,0.3,0.3,42480,0.35,2600,27640,770080
FINNIFTY02JAN2422450CE.NFO,02/01/2024,11:41:22,0.3,0.3,35440,0.35,28760,16400,770080
FINNIFTY02JAN2422450CE.NFO,02/01/2024,11:41:31,0.3,0.3,20640,0.35,23320,37320,770080
FINNIFTY02JAN2422450CE.NFO,02/01/2024,11:41:32,0.3,0.3,19360,0.35,24040,1280,770080
FINNIFTY02JAN2422450CE.NFO,02/01/2024,11:41:34,0.35,0.3,19360,0.35,23720,320,770080
FINNIFTY02JAN2422450CE.NFO,02/01/2024,11:41:36,0.35,0.3,21680,0.35,21880,5040,770080
FINNIFTY02JAN2422450CE.NFO,02/01/2024,11:41:37,0.35,0.3,21680,0.35,21480,360,770080
FINNIFTY02JAN2422450CE.NFO,02/01/2024,11:41:39,0.35,0.3,21880,0.35,21480,0,770080
FINNIFTY02JAN2422450CE.NFO,02/01/2024,11:41:41,0.35,0.3,23640,0.35,18360,3440,770080
FINNIFTY02JAN2422450CE.NFO,02/01/2024,11:41:42,0.35,0.3,23680,0.35,18360,0,770080
FINNIFTY02JAN2422450CE.NFO,02/01/2024,11:41:44,0.35,0.3,35440,0.35,13680,7120,755400
FINNIFTY02JAN2422450CE.NFO,02/01/2024,11:41:46,0.3,0.3,34240,0.35,12120,6680,755400
FINNIFTY02JAN2422450CE.NFO,02/01/2024,11:41:47,0.3,0.3,38160,0.35,10680,4960,755400
FINNIFTY02JAN2422450CE.NFO,02/01/2024,11:41:49,0.3,0.3,38840,0.35,7280,5080,755400
FINNIFTY02JAN2422450CE.NFO,02/01/2024,11:41:51,0.3,0.3,41280,0.35,6760,7200,755400
FINNIFTY02JAN2422450CE.NFO,02/01/2024,11:41:52,0.3,0.3,40280,0.35,10040,6720,755400
FINNIFTY02JAN2422450CE.NFO,02/01/2024,11:41:54,0.35,0.3,35400,0.35,10240,6840,755400
FINNIFTY02JAN2422450CE.NFO,02/01/2024,11:41:56,0.35,0.3,37200,0.35,12960,80,755400
FINNIFTY02JAN2422450CE.NFO,02/01/2024,11:41:57,0.35,0.3,37200,0.35,18360,360,755400
FINNIFTY02JAN2422450CE.NFO,02/01/2024,11:41:59,0.35,0.3,37200,0.35,21280,40,755400
FINNIFTY02JAN2422450CE.NFO,02/01/2024,11:42:01,0.35,0.3,39960,0.35,23040,40,755400
FINNIFTY02JAN2422450CE.NFO,02/01/2024,11:42:02,0.35,0.3,44600,0.35,23000,40,755400
FINNIFTY02JAN2422450CE.NFO,02/01/2024,11:42:04,0.35,0.3,44600,0.35,23320,1800,755400
FINNIFTY02JAN2422450CE.NFO,02/01/2024,11:42:06,0.35,0.3,47840,0.35,24840,0,755400
FINNIFTY02JAN2422450CE.NFO,02/01/2024,11:42:07,0.35,0.3,49280,0.35,21840,1800,755400
FINNIFTY02JAN2422450CE.NFO,02/01/2024,11:42:09,0.35,0.3,49280,0.35,23320,40,755400
FINNIFTY02JAN2422450CE.NFO,02/01/2024,11:42:11,0.35,0.3,47480,0.35,23280,40,755400
FINNIFTY02JAN2422450CE.NFO,02/01/2024,11:42:12,0.35,0.3,49280,0.35,23040,240,755400
FINNIFTY02JAN2422450CE.NFO,02/01/2024,11:42:14,0.35,0.3,49280,0.35,23000,40,755400
FINNIFTY02JAN2422450CE.NFO,02/01/2024,11:42:16,0.35,0.3,47480,0.35,23400,40,755400
FINNIFTY02JAN2422450CE.NFO,02/01/2024,11:42:17,0.35,0.3,41720,0.35,23320,40,755400
FINNIFTY02JAN2422450CE.NFO,02/01/2024,11:42:19,0.35,0.3,41720,0.35,23240,80,755400
FINNIFTY02JAN2422450CE.NFO,02/01/2024,11:42:21,0.35,0.3,41720,0.35,25040,0,755400
FINNIFTY02JAN2422450CE.NFO,02/01/2024,11:42:22,0.35,0.3,39920,0.35,25040,0,755400
FINNIFTY02JAN2422450CE.NFO,02/01/2024,11:42:26,0.35,0.3,40320,0.35,25040,0,755400
FINNIFTY02JAN2422450CE.NFO,02/01/2024,11:42:35,0.35,0.3,47520,0.35,23760,1800,755400
FINNIFTY02JAN2422450CE.NFO,02/01/2024,11:42:42,0.35,0.3,47520,0.35,22120,1600,755400
FINNIFTY02JAN2422450CE.NFO,02/01/2024,11:42:49,0.35,0.3,56920,0.35,18720,3400,755400
FINNIFTY02JAN2422450CE.NFO,02/01/2024,11:42:57,0.35,0.35,15320,0.4,47480,22800,755400
FINNIFTY02JAN2422450CE.NFO,02/01/2024,11:43:04,0.35,0.35,8440,0.4,48680,9480,755400
FINNIFTY02JAN2422450CE.NFO,02/01/2024,11:43:11,0.4,0.35,8680,0.4,53160,2760,755400
FINNIFTY02JAN2422450CE.NFO,02/01/2024,11:43:18,0.4,0.35,9280,0.4,52960,200,755400
FINNIFTY02JAN2422450CE.NFO,02/01/2024,11:43:24,0.4,0.35,11080,0.4,52720,200,755400
FINNIFTY02JAN2422450CE.NFO,02/01/2024,11:43:32,0.4,0.35,15040,0.4,53000,200,755400
FINNIFTY02JAN2422450CE.NFO,02/01/2024,11:43:39,0.4,0.35,22040,0.4,54120,80,755400
FINNIFTY02JAN2422450CE.NFO,02/01/2024,11:43:46,0.4,0.35,22040,0.4,50440,3680,755400
FINNIFTY02JAN2422450CE.NFO,02/01/2024,11:43:54,0.4,0.35,22040,0.4,48520,160,755400
FINNIFTY02JAN2422450CE.NFO,02/01/2024,11:44:02,0.35,0.35,22000,0.4,48400,120,755400
FINNIFTY02JAN2422450CE.NFO,02/01/2024,11:44:16,0.35,0.35,20200,0.4,48400,0,755400
FINNIFTY02JAN2422450CE.NFO,02/01/2024,11:44:30,0.35,0.35,28960,0.4,48440,0,755400
FINNIFTY02JAN2422450CE.NFO,02/01/2024,11:44:38,0.35,0.35,28520,0.4,48400,0,755400
FINNIFTY02JAN2422450CE.NFO,02/01/2024,11:44:57,0.35,0.35,28240,0.4,48400,280,775600
FINNIFTY02JAN2422450CE.NFO,02/01/2024,11:45:04,0.35,0.35,28240,0.4,48400,0,775600
FINNIFTY02JAN2422450CE.NFO,02/01/2024,11:45:32,0.35,0.35,28760,0.4,48400,0,775600
FINNIFTY02JAN2422450CE.NFO,02/01/2024,11:45:39,0.35,0.35,26960,0.4,48400,0,775600
FINNIFTY02JAN2422450CE.NFO,02/01/2024,11:45:45,0.35,0.35,31560,0.4,48400,1880,775600
FINNIFTY02JAN2422450CE.NFO,02/01/2024,11:45:52,0.35,0.35,30760,0.4,54080,1760,775600
FINNIFTY02JAN2422450CE.NFO,02/01/2024,11:45:59,0.35,0.35,31480,0.4,54480,880,775600
FINNIFTY02JAN2422450CE.NFO,02/01/2024,11:46:06,0.35,0.35,31000,0.4,54480,480,775600
FINNIFTY02JAN2422450CE.NFO,02/01/2024,11:46:19,0.35,0.35,31000,0.4,50520,0,775600
FINNIFTY02JAN2422450CE.NFO,02/01/2024,11:46:38,0.35,0.35,30720,0.4,50520,280,775600
FINNIFTY02JAN2422450CE.NFO,02/01/2024,11:46:44,0.35,0.35,30480,0.4,50520,240,775600
FINNIFTY02JAN2422450CE.NFO,02/01/2024,11:46:51,0.35,0.35,29960,0.4,50520,520,775600
FINNIFTY02JAN2422450CE.NFO,02/01/2024,11:46:58,0.35,0.35,29760,0.4,48240,800,775600
FINNIFTY02JAN2422450CE.NFO,02/01/2024,11:47:05,0.35,0.35,29160,0.4,48240,0,775600
FINNIFTY02JAN2422450CE.NFO,02/01/2024,11:47:13,0.35,0.35,29120,0.4,48240,40,775600
FINNIFTY02JAN2422450CE.NFO,02/01/2024,11:47:45,0.35,0.35,29120,0.4,48240,0,775600
FINNIFTY02JAN2422450CE.NFO,02/01/2024,11:48:23,0.35,0.35,29120,0.4,53680,0,775600
FINNIFTY02JAN2422450CE.NFO,02/01/2024,11:48:31,0.4,0.35,29120,0.4,43960,9360,776240
FINNIFTY02JAN2422450CE.NFO,02/01/2024,11:48:37,0.35,0.35,27320,0.4,45760,1800,776240
FINNIFTY02JAN2422450CE.NFO,02/01/2024,11:48:43,0.35,0.35,29640,0.4,48200,1280,776240
FINNIFTY02JAN2422450CE.NFO,02/01/2024,11:48:50,0.4,0.35,29560,0.4,43920,3680,776240
FINNIFTY02JAN2422450CE.NFO,02/01/2024,11:48:56,0.4,0.35,29600,0.4,42960,3640,776240
FINNIFTY02JAN2422450CE.NFO,02/01/2024,11:49:01,0.35,0.35,29360,0.4,42960,240,776240
FINNIFTY02JAN2422450CE.NFO,02/01/2024,11:49:07,0.4,0.35,29320,0.4,47800,40,776240
FINNIFTY02JAN2422450CE.NFO,02/01/2024,11:49:13,0.35,0.35,29200,0.4,47800,160,776240
FINNIFTY02JAN2422450CE.NFO,02/01/2024,11:49:20,0.35,0.35,29200,0.4,49800,0,776240
FINNIFTY02JAN2422450CE.NFO,02/01/2024,11:49:27,0.35,0.35,29200,0.4,50400,0,776240
FINNIFTY02JAN2422450CE.NFO,02/01/2024,11:49:52,0.35,0.35,26600,0.4,46800,2600,776240
FINNIFTY02JAN2422450CE.NFO,02/01/2024,11:49:58,0.35,0.35,26640,0.4,44560,0,776240
FINNIFTY02JAN2422450CE.NFO,02/01/2024,11:50:04,0.35,0.35,24840,0.4,44560,0,776240
FINNIFTY02JAN2422450CE.NFO,02/01/2024,11:50:11,0.35,0.35,24560,0.4,47640,280,776240
FINNIFTY02JAN2422450CE.NFO,02/01/2024,11:50:42,0.35,0.35,24560,0.4,47640,0,776240
FINNIFTY02JAN2422450CE.NFO,02/01/2024,11:50:48,0.35,0.35,24560,0.4,48640,0,776240
FINNIFTY02JAN2422450CE.NFO,02/01/2024,11:51:01,0.35,0.35,24560,0.4,48680,0,776240
FINNIFTY02JAN2422450CE.NFO,02/01/2024,11:51:21,0.35,0.35,26160,0.4,48680,200,772520
FINNIFTY02JAN2422450CE.NFO,02/01/2024,11:51:28,0.4,0.35,26160,0.4,49960,520,772520
FINNIFTY02JAN2422450CE.NFO,02/01/2024,11:51:34,0.4,0.35,26160,0.4,51160,0,772520
FINNIFTY02JAN2422450CE.NFO,02/01/2024,11:51:41,0.4,0.35,28840,0.4,51160,0,772520
FINNIFTY02JAN2422450CE.NFO,02/01/2024,11:51:47,0.4,0.35,28800,0.4,51160,0,772520
FINNIFTY02JAN2422450CE.NFO,02/01/2024,11:52:23,0.4,0.35,27800,0.4,51160,0,772520
FINNIFTY02JAN2422450CE.NFO,02/01/2024,11:52:36,0.35,0.35,27400,0.4,51160,400,772520
FINNIFTY02JAN2422450CE.NFO,02/01/2024,11:52:42,0.35,0.35,26880,0.4,51160,0,772520
FINNIFTY02JAN2422450CE.NFO,02/01/2024,11:52:49,0.4,0.35,26880,0.4,50640,520,772520
FINNIFTY02JAN2422450CE.NFO,02/01/2024,11:53:07,0.4,0.35,26840,0.4,50640,0,772520
FINNIFTY02JAN2422450CE.NFO,02/01/2024,11:53:15,0.35,0.35,26160,0.4,50640,680,772520
FINNIFTY02JAN2422450CE.NFO,02/01/2024,11:53:22,0.35,0.35,26160,0.4,52080,0,772520
FINNIFTY02JAN2422450CE.NFO,02/01/2024,11:54:06,0.35,0.35,26760,0.4,52080,0,772520
FINNIFTY02JAN2422450CE.NFO,02/01/2024,11:54:11,0.35,0.35,26160,0.4,52080,0,772520
FINNIFTY02JAN2422450CE.NFO,02/01/2024,11:55:11,0.35,0.35,26160,0.4,52440,0,772520
FINNIFTY02JAN2422450CE.NFO,02/01/2024,11:55:28,0.35,0.35,26160,0.4,52080,0,772520
FINNIFTY02JAN2422450CE.NFO,02/01/2024,11:56:39,0.35,0.35,26040,0.4,52080,120,771480
FINNIFTY02JAN2422450CE.NFO,02/01/2024,11:56:45,0.35,0.35,26040,0.4,52120,0,771480
FINNIFTY02JAN2422450CE.NFO,02/01/2024,11:56:50,0.35,0.35,26000,0.4,52120,40,771360
FINNIFTY02JAN2422450CE.NFO,02/01/2024,11:56:55,0.35,0.35,26000,0.4,52480,0,771360
FINNIFTY02JAN2422450CE.NFO,02/01/2024,11:57:00,0.35,0.35,26000,0.4,52120,0,771360
FINNIFTY02JAN2422450CE.NFO,02/01/2024,11:57:17,0.35,0.35,26000,0.4,52080,0,771360
FINNIFTY02JAN2422450CE.NFO,02/01/2024,11:57:24,0.35,0.35,26000,0.4,52120,0,771360
FINNIFTY02JAN2422450CE.NFO,02/01/2024,11:57:30,0.4,0.35,26000,0.4,52400,80,771360
FINNIFTY02JAN2422450CE.NFO,02/01/2024,11:57:44,0.4,0.35,26000,0.4,51960,80,771360
FINNIFTY02JAN2422450CE.NFO,02/01/2024,11:57:57,0.4,0.35,26000,0.4,51920,40,771360
FINNIFTY02JAN2422450CE.NFO,02/01/2024,11:58:10,0.4,0.35,26000,0.4,51880,40,771360
FINNIFTY02JAN2422450CE.NFO,02/01/2024,11:58:24,0.35,0.35,25880,0.4,50440,120,771360
FINNIFTY02JAN2422450CE.NFO,02/01/2024,11:58:30,0.35,0.35,25600,0.4,50680,280,771360
FINNIFTY02JAN2422450CE.NFO,02/01/2024,11:58:37,0.35,0.35,25440,0.4,51040,160,771360
FINNIFTY02JAN2422450CE.NFO,02/01/2024,11:58:42,0.35,0.35,25320,0.4,50640,120,771360
FINNIFTY02JAN2422450CE.NFO,02/01/2024,11:58:48,0.35,0.35,25240,0.4,50640,80,771360
FINNIFTY02JAN2422450CE.NFO,02/01/2024,11:58:54,0.35,0.35,25080,0.4,47680,160,771360
FINNIFTY02JAN2422450CE.NFO,02/01/2024,11:58:59,0.35,0.35,25000,0.4,47640,80,771360
FINNIFTY02JAN2422450CE.NFO,02/01/2024,11:59:05,0.35,0.35,24880,0.4,47640,120,771360
FINNIFTY02JAN2422450CE.NFO,02/01/2024,11:59:11,0.35,0.35,24800,0.4,47680,80,771360
FINNIFTY02JAN2422450CE.NFO,02/01/2024,11:59:17,0.35,0.35,24720,0.4,48040,80,771360
FINNIFTY02JAN2422450CE.NFO,02/01/2024,11:59:23,0.35,0.35,24640,0.4,47640,80,771360
FINNIFTY02JAN2422450CE.NFO,02/01/2024,11:59:28,0.35,0.35,24560,0.4,47680,80,771360
FINNIFTY02JAN2422450CE.NFO,02/01/2024,11:59:33,0.35,0.35,24480,0.4,47680,80,771360
FINNIFTY02JAN2422450CE.NFO,02/01/2024,11:59:39,0.35,0.35,24320,0.4,47680,160,771360
FINNIFTY02JAN2422450CE.NFO,02/01/2024,11:59:45,0.35,0.35,24280,0.4,47640,40,771360
FINNIFTY02JAN2422450CE.NFO,02/01/2024,11:59:51,0.35,0.35,24200,0.4,47640,80,769440
FINNIFTY02JAN2422450CE.NFO,02/01/2024,11:59:56,0.35,0.35,24200,0.4,47640,0,769440
FINNIFTY02JAN2422450CE.NFO,02/01/2024,12:00:08,0.35,0.35,24160,0.4,47640,40,769440
FINNIFTY02JAN2422450CE.NFO,02/01/2024,12:00:19,0.35,0.35,20320,0.4,47680,3840,769440
FINNIFTY02JAN2422450CE.NFO,02/01/2024,12:00:24,0.35,0.35,13640,0.4,43800,4960,769440
FINNIFTY02JAN2422450CE.NFO,02/01/2024,12:00:31,0.4,0.35,13640,0.4,43600,760,769440
FINNIFTY02JAN2422450CE.NFO,02/01/2024,12:00:37,0.35,0.35,10840,0.4,40560,7080,769440
FINNIFTY02JAN2422450CE.NFO,02/01/2024,12:00:43,0.4,0.35,7440,0.4,39520,3440,769440
FINNIFTY02JAN2422450CE.NFO,02/01/2024,12:00:51,0.35,0.35,3520,0.4,39920,3920,769440
FINNIFTY02JAN2422450CE.NFO,02/01/2024,12:00:58,0.3,0.3,49680,0.35,5520,1880,769440
FINNIFTY02JAN2422450CE.NFO,02/01/2024,12:01:05,0.3,0.3,49560,0.35,5520,80,769440
FINNIFTY02JAN2422450CE.NFO,02/01/2024,12:01:12,0.3,0.3,50120,0.35,5520,80,769440
FINNIFTY02JAN2422450CE.NFO,02/01/2024,12:01:19,0.3,0.3,49360,0.35,5520,160,769440
FINNIFTY02JAN2422450CE.NFO,02/01/2024,12:01:25,0.3,0.3,49200,0.35,6960,200,769440
FINNIFTY02JAN2422450CE.NFO,02/01/2024,12:01:31,0.3,0.3,49080,0.35,6960,120,769440
FINNIFTY02JAN2422450CE.NFO,02/01/2024,12:01:38,0.3,0.3,46800,0.35,7680,160,769440
FINNIFTY02JAN2422450CE.NFO,02/01/2024,12:01:44,0.3,0.3,48520,0.35,7680,40,769440
FINNIFTY02JAN2422450CE.NFO,02/01/2024,12:01:50,0.3,0.3,46720,0.35,7680,40,769440
FINNIFTY02JAN2422450CE.NFO,02/01/2024,12:01:56,0.3,0.3,48440,0.35,7680,40,769440
FINNIFTY02JAN2422450CE.NFO,02/01/2024,12:02:02,0.3,0.3,46560,0.35,11240,1880,769440
FINNIFTY02JAN2422450CE.NFO,02/01/2024,12:02:14,0.3,0.3,46560,0.35,11960,0,769440
FINNIFTY02JAN2422450CE.NFO,02/01/2024,12:02:37,0.3,0.3,46560,0.35,13760,0,769440
FINNIFTY02JAN2422450CE.NFO,02/01/2024,12:02:49,0.3,0.3,44720,0.35,13760,80,783960
FINNIFTY02JAN2422450CE.NFO,02/01/2024,12:03:00,0.3,0.3,44680,0.35,13760,40,783960
FINNIFTY02JAN2422450CE.NFO,02/01/2024,12:03:07,0.3,0.3,44640,0.35,13840,40,783960
FINNIFTY02JAN2422450CE.NFO,02/01/2024,12:03:19,0.3,0.3,44600,0.35,13840,40,783960
FINNIFTY02JAN2422450CE.NFO,02/01/2024,12:03:25,0.3,0.3,47760,0.35,13840,40,783960
FINNIFTY02JAN2422450CE.NFO,02/01/2024,12:03:32,0.3,0.3,47720,0.35,13840,40,783960
FINNIFTY02JAN2422450CE.NFO,02/01/2024,12:03:37,0.3,0.3,48520,0.35,14200,0,783960
FINNIFTY02JAN2422450CE.NFO,02/01/2024,12:03:59,0.3,0.3,48520,0.35,10240,0,783960
FINNIFTY02JAN2422450CE.NFO,02/01/2024,12:04:24,0.3,0.3,48440,0.35,10520,120,783960
FINNIFTY02JAN2422450CE.NFO,02/01/2024,12:04:32,0.3,0.3,48280,0.35,10520,200,783960
FINNIFTY02JAN2422450CE.NFO,02/01/2024,12:04:38,0.3,0.3,48120,0.35,10520,160,783960
FINNIFTY02JAN2422450CE.NFO,02/01/2024,12:04:45,0.3,0.3,47960,0.35,11200,200,783960
FINNIFTY02JAN2422450CE.NFO,02/01/2024,12:04:51,0.35,0.3,47880,0.35,10800,120,783960
FINNIFTY02JAN2422450CE.NFO,02/01/2024,12:04:57,0.3,0.3,47800,0.35,11120,120,783960
FINNIFTY02JAN2422450CE.NFO,02/01/2024,12:05:03,0.3,0.3,47720,0.35,11080,120,783960
FINNIFTY02JAN2422450CE.NFO,02/01/2024,12:05:10,0.35,0.3,47720,0.35,11040,40,783960
FINNIFTY02JAN2422450CE.NFO,02/01/2024,12:05:16,0.35,0.3,47720,0.35,11000,40,783960
FINNIFTY02JAN2422450CE.NFO,02/01/2024,12:05:24,0.35,0.3,53080,0.35,10960,40,783960
FINNIFTY02JAN2422450CE.NFO,02/01/2024,12:05:43,0.3,0.3,53040,0.35,10960,40,783960
FINNIFTY02JAN2422450CE.NFO,02/01/2024,12:05:49,0.35,0.3,53040,0.35,10920,40,783000
FINNIFTY02JAN2422450CE.NFO,02/01/2024,12:05:54,0.35,0.3,53040,0.35,10880,40,783000
FINNIFTY02JAN2422450CE.NFO,02/01/2024,12:06:00,0.35,0.3,53040,0.35,10840,40,783000
FINNIFTY02JAN2422450CE.NFO,02/01/2024,12:06:06,0.35,0.3,53040,0.35,10440,40,783000
FINNIFTY02JAN2422450CE.NFO,02/01/2024,12:06:11,0.35,0.3,53040,0.35,10760,40,783000
FINNIFTY02JAN2422450CE.NFO,02/01/2024,12:06:22,0.3,0.3,48880,0.35,11000,4200,783000
FINNIFTY02JAN2422450CE.NFO,02/01/2024,12:06:27,0.3,0.3,42880,0.35,17480,6000,783000
FINNIFTY02JAN2422450CE.NFO,02/01/2024,12:06:33,0.3,0.3,40400,0.35,17080,2480,783000
FINNIFTY02JAN2422450CE.NFO,02/01/2024,12:06:39,0.3,0.3,41120,0.35,18440,2520,783000
FINNIFTY02JAN2422450CE.NFO,02/01/2024,12:06:44,0.3,0.3,39680,0.35,18400,1480,783000
FINNIFTY02JAN2422450CE.NFO,02/01/2024,12:06:49,0.35,0.3,36480,0.35,20200,3240,783000
FINNIFTY02JAN2422450CE.NFO,02/01/2024,12:06:55,0.3,0.3,25680,0.35,23760,4920,783000
FINNIFTY02JAN2422450CE.NFO,02/01/2024,12:07:00,0.3,0.3,22880,0.35,24120,1800,783000
FINNIFTY02JAN2422450CE.NFO,02/01/2024,12:07:06,0.3,0.3,20080,0.35,24960,3760,783000
FINNIFTY02JAN2422450CE.NFO,02/01/2024,12:07:12,0.35,0.3,20080,0.35,24880,40,783000
FINNIFTY02JAN2422450CE.NFO,02/01/2024,12:07:18,0.35,0.3,20080,0.35,24840,40,783000
FINNIFTY02JAN2422450CE.NFO,02/01/2024,12:07:24,0.35,0.3,20080,0.35,24800,40,783000
FINNIFTY02JAN2422450CE.NFO,02/01/2024,12:07:30,0.35,0.3,23680,0.35,24760,40,783000
FINNIFTY02JAN2422450CE.NFO,02/01/2024,12:07:36,0.35,0.3,23680,0.35,24720,40,783000
FINNIFTY02JAN2422450CE.NFO,02/01/2024,12:07:43,0.35,0.3,23680,0.35,24680,40,783000
FINNIFTY02JAN2422450CE.NFO,02/01/2024,12:07:50,0.35,0.3,23680,0.35,26400,80,783000
FINNIFTY02JAN2422450CE.NFO,02/01/2024,12:07:57,0.35,0.3,27280,0.35,26360,40,783000
FINNIFTY02JAN2422450CE.NFO,02/01/2024,12:08:03,0.35,0.3,27280,0.35,26320,40,783000
FINNIFTY02JAN2422450CE.NFO,02/01/2024,12:08:09,0.35,0.3,27280,0.35,26280,40,783000
FINNIFTY02JAN2422450CE.NFO,02/01/2024,12:08:16,0.35,0.3,27280,0.35,26240,40,783000
FINNIFTY02JAN2422450CE.NFO,02/01/2024,12:08:22,0.35,0.3,27280,0.35,26200,40,783000
FINNIFTY02JAN2422450CE.NFO,02/01/2024,12:08:29,0.35,0.3,27280,0.35,26160,40,783000
FINNIFTY02JAN2422450CE.NFO,02/01/2024,12:08:35,0.35,0.3,27240,0.35,26160,0,783000
FINNIFTY02JAN2422450CE.NFO,02/01/2024,12:08:42,0.35,0.3,18640,0.35,26200,0,783000
FINNIFTY02JAN2422450CE.NFO,02/01/2024,12:08:50,0.3,0.3,10280,0.35,16160,4800,794360
FINNIFTY02JAN2422450CE.NFO,02/01/2024,12:08:57,0.3,0.3,10280,0.35,16120,0,794360
FINNIFTY02JAN2422450CE.NFO,02/01/2024,12:09:09,0.3,0.3,12080,0.35,16080,0,794360
FINNIFTY02JAN2422450CE.NFO,02/01/2024,12:09:15,0.3,0.3,13520,0.35,14320,0,794360
FINNIFTY02JAN2422450CE.NFO,02/01/2024,12:09:28,0.3,0.3,13520,0.35,21120,0,794360
FINNIFTY02JAN2422450CE.NFO,02/01/2024,12:09:35,0.3,0.3,14600,0.35,21120,0,794360
FINNIFTY02JAN2422450CE.NFO,02/01/2024,12:09:41,0.3,0.3,12320,0.35,21720,0,794360
FINNIFTY02JAN2422450CE.NFO,02/01/2024,12:09:54,0.3,0.3,11960,0.35,21720,360,794360
FINNIFTY02JAN2422450CE.NFO,02/01/2024,12:10:02,0.3,0.3,11880,0.35,22120,80,794360
FINNIFTY02JAN2422450CE.NFO,02/01/2024,12:10:10,0.3,0.3,11880,0.35,22080,0,794360
FINNIFTY02JAN2422450CE.NFO,02/01/2024,12:10:18,0.3,0.3,11840,0.35,24840,40,794360
FINNIFTY02JAN2422450CE.NFO,02/01/2024,12:10:26,0.3,0.3,11760,0.35,26840,80,794360
FINNIFTY02JAN2422450CE.NFO,02/01/2024,12:10:41,0.3,0.3,11760,0.35,28840,0,794360
FINNIFTY02JAN2422450CE.NFO,02/01/2024,12:10:48,0.3,0.3,11760,0.35,21480,0,794360
FINNIFTY02JAN2422450CE.NFO,02/01/2024,12:10:56,0.3,0.3,11760,0.35,21320,0,794360
FINNIFTY02JAN2422450CE.NFO,02/01/2024,12:11:10,0.3,0.3,7720,0.35,24360,4040,794360
FINNIFTY02JAN2422450CE.NFO,02/01/2024,12:11:17,0.3,0.3,5080,0.35,24400,5120,794360
FINNIFTY02JAN2422450CE.NFO,02/01/2024,12:11:24,0.3,0.3,3520,0.35,20640,1560,794360
FINNIFTY02JAN2422450CE.NFO,02/01/2024,12:11:31,0.3,0.3,2480,0.35,20600,0,794360
FINNIFTY02JAN2422450CE.NFO,02/01/2024,12:11:39,0.3,0.25,77720,0.3,8280,1800,794360
FINNIFTY02JAN2422450CE.NFO,02/01/2024,12:11:46,0.3,0.25,83520,0.3,9400,120,794360
FINNIFTY02JAN2422450CE.NFO,02/01/2024,12:11:53,0.3,0.25,83800,0.3,9000,720,799760
FINNIFTY02JAN2422450CE.NFO,02/01/2024,12:11:59,0.3,0.25,78400,0.3,11040,0,799760
FINNIFTY02JAN2422450CE.NFO,02/01/2024,12:12:06,0.3,0.25,78400,0.3,11120,0,799760
FINNIFTY02JAN2422450CE.NFO,02/01/2024,12:12:13,0.3,0.25,82360,0.3,11280,0,799760
FINNIFTY02JAN2422450CE.NFO,02/01/2024,12:12:19,0.3,0.25,82360,0.3,9360,120,799760
FINNIFTY02JAN2422450CE.NFO,02/01/2024,12:12:26,0.3,0.25,82360,0.3,9320,40,799760
FINNIFTY02JAN2422450CE.NFO,02/01/2024,12:12:32,0.3,0.25,82360,0.3,12040,80,799760
FINNIFTY02JAN2422450CE.NFO,02/01/2024,12:12:39,0.3,0.25,82360,0.3,12040,0,799760
FINNIFTY02JAN2422450CE.NFO,02/01/2024,12:12:45,0.3,0.25,78760,0.3,12040,0,799760
FINNIFTY02JAN2422450CE.NFO,02/01/2024,12:13:26,0.3,0.25,79160,0.3,15640,0,799760
FINNIFTY02JAN2422450CE.NFO,02/01/2024,12:14:05,0.3,0.25,80960,0.3,15640,0,799760
FINNIFTY02JAN2422450CE.NFO,02/01/2024,12:14:12,0.3,0.25,84560,0.3,17440,0,799760
FINNIFTY02JAN2422450CE.NFO,02/01/2024,12:14:19,0.3,0.25,84560,0.3,15640,1800,799760
FINNIFTY02JAN2422450CE.NFO,02/01/2024,12:14:25,0.3,0.25,84960,0.3,14880,2000,799760
FINNIFTY02JAN2422450CE.NFO,02/01/2024,12:14:56,0.3,0.25,89280,0.3,16680,0,799760
FINNIFTY02JAN2422450CE.NFO,02/01/2024,12:15:14,0.3,0.25,87480,0.3,17200,0,799760
FINNIFTY02JAN2422450CE.NFO,02/01/2024,12:15:20,0.3,0.25,73800,0.3,17160,40,795920
FINNIFTY02JAN2422450CE.NFO,02/01/2024,12:15:26,0.3,0.25,73800,0.3,17160,0,795920
FINNIFTY02JAN2422450CE.NFO,02/01/2024,12:15:33,0.3,0.25,73800,0.3,17120,40,795920
FINNIFTY02JAN2422450CE.NFO,02/01/2024,12:15:48,0.3,0.25,73800,0.3,16480,640,795920
FINNIFTY02JAN2422450CE.NFO,02/01/2024,12:15:55,0.3,0.25,73800,0.3,16280,200,795920
FINNIFTY02JAN2422450CE.NFO,02/01/2024,12:16:01,0.25,0.25,73520,0.3,17880,280,795920
FINNIFTY02JAN2422450CE.NFO,02/01/2024,12:16:09,0.3,0.25,69200,0.3,16880,1000,795920
FINNIFTY02JAN2422450CE.NFO,02/01/2024,12:16:16,0.3,0.25,69200,0.3,17080,0,795920
FINNIFTY02JAN2422450CE.NFO,02/01/2024,12:16:23,0.3,0.25,67400,0.3,17080,0,795920
FINNIFTY02JAN2422450CE.NFO,02/01/2024,12:16:30,0.3,0.25,67400,0.3,21600,1800,795920
FINNIFTY02JAN2422450CE.NFO,02/01/2024,12:17:06,0.25,0.25,66920,0.3,19800,440,795920
FINNIFTY02JAN2422450CE.NFO,02/01/2024,12:17:15,0.25,0.25,66920,0.3,22320,0,795920
FINNIFTY02JAN2422450CE.NFO,02/01/2024,12:17:41,0.25,0.25,66880,0.3,24120,40,795920
FINNIFTY02JAN2422450CE.NFO,02/01/2024,12:17:49,0.3,0.25,66880,0.3,25800,760,795920
FINNIFTY02JAN2422450CE.NFO,02/01/2024,12:18:04,0.3,0.25,66880,0.3,25240,560,794200
FINNIFTY02JAN2422450CE.NFO,02/01/2024,12:18:12,0.3,0.25,71200,0.3,24360,880,794200
FINNIFTY02JAN2422450CE.NFO,02/01/2024,12:18:26,0.3,0.25,71200,0.3,20240,0,794200
FINNIFTY02JAN2422450CE.NFO,02/01/2024,12:18:49,0.3,0.25,70200,0.3,21040,0,794200
FINNIFTY02JAN2422450CE.NFO,02/01/2024,12:19:27,0.25,0.25,70720,0.3,21040,80,794200
FINNIFTY02JAN2422450CE.NFO,02/01/2024,12:20:07,0.25,0.25,70680,0.3,21040,40,794200
FINNIFTY02JAN2422450CE.NFO,02/01/2024,12:20:47,0.3,0.25,70680,0.3,37400,40,794200
FINNIFTY02JAN2422450CE.NFO,02/01/2024,12:20:53,0.3,0.25,70680,0.3,39000,0,794200
FINNIFTY02JAN2422450CE.NFO,02/01/2024,12:21:00,0.3,0.25,61680,0.3,39000,0,794200
FINNIFTY02JAN2422450CE.NFO,02/01/2024,12:21:07,0.3,0.25,52680,0.3,39000,0,794200
FINNIFTY02JAN2422450CE.NFO,02/01/2024,12:21:28,0.3,0.25,52680,0.3,35600,0,794200
FINNIFTY02JAN2422450CE.NFO,02/01/2024,12:21:35,0.25,0.25,52480,0.3,37400,200,792640
FINNIFTY02JAN2422450CE.NFO,02/01/2024,12:21:43,0.25,0.25,52480,0.3,37200,0,792640
FINNIFTY02JAN2422450CE.NFO,02/01/2024,12:22:11,0.3,0.25,52480,0.3,38920,80,792640
FINNIFTY02JAN2422450CE.NFO,02/01/2024,12:22:19,0.3,0.25,52440,0.3,34560,800,792640
FINNIFTY02JAN2422450CE.NFO,02/01/2024,12:22:52,0.3,0.25,52440,0.3,38160,0,792640
FINNIFTY02JAN2422450CE.NFO,02/01/2024,12:23:06,0.3,0.25,52440,0.3,34760,200,792640
FINNIFTY02JAN2422450CE.NFO,02/01/2024,12:23:13,0.3,0.25,59440,0.3,32960,0,792640
FINNIFTY02JAN2422450CE.NFO,02/01/2024,12:23:20,0.3,0.25,66440,0.3,32960,0,792640
FINNIFTY02JAN2422450CE.NFO,02/01/2024,12:23:27,0.3,0.25,70440,0.3,32960,0,792640
FINNIFTY02JAN2422450CE.NFO,02/01/2024,12:23:33,0.3,0.25,70440,0.3,33480,0,792640
FINNIFTY02JAN2422450CE.NFO,02/01/2024,12:25:00,0.3,0.25,68640,0.3,31640,3640,792680
FINNIFTY02JAN2422450CE.NFO,02/01/2024,12:25:06,0.3,0.25,68640,0.3,31400,240,792680
FINNIFTY02JAN2422450CE.NFO,02/01/2024,12:25:12,0.3,0.25,58840,0.3,31400,0,792680
FINNIFTY02JAN2422450CE.NFO,02/01/2024,12:25:19,0.3,0.25,59040,0.3,31400,0,792680
FINNIFTY02JAN2422450CE.NFO,02/01/2024,12:25:33,0.3,0.25,58840,0.3,30400,1000,792680
FINNIFTY02JAN2422450CE.NFO,02/01/2024,12:25:40,0.3,0.25,58840,0.3,31080,1120,792680
FINNIFTY02JAN2422450CE.NFO,02/01/2024,12:25:53,0.3,0.25,58840,0.3,31080,0,792680
FINNIFTY02JAN2422450CE.NFO,02/01/2024,12:27:31,0.3,0.25,58840,0.3,32840,40,790920
FINNIFTY02JAN2422450CE.NFO,02/01/2024,12:27:42,0.3,0.25,58840,0.3,34600,40,790920
FINNIFTY02JAN2422450CE.NFO,02/01/2024,12:27:49,0.3,0.25,58840,0.3,34240,360,790920
FINNIFTY02JAN2422450CE.NFO,02/01/2024,12:27:56,0.25,0.25,58720,0.3,34240,120,790920
FINNIFTY02JAN2422450CE.NFO,02/01/2024,12:28:47,0.25,0.25,58720,0.3,34240,0,790920
FINNIFTY02JAN2422450CE.NFO,02/01/2024,12:29:25,0.25,0.25,58520,0.3,32440,0,790920
FINNIFTY02JAN2422450CE.NFO,02/01/2024,12:29:43,0.25,0.25,50520,0.3,32440,0,790920
FINNIFTY02JAN2422450CE.NFO,02/01/2024,12:30:25,0.25,0.25,48720,0.3,33680,0,790920
FINNIFTY02JAN2422450CE.NFO,02/01/2024,12:30:37,0.25,0.25,49920,0.3,33680,0,790920
FINNIFTY02JAN2422450CE.NFO,02/01/2024,12:30:42,0.25,0.25,52320,0.3,33680,0,790920
FINNIFTY02JAN2422450CE.NFO,02/01/2024,12:30:48,0.25,0.25,53520,0.3,32440,0,790920
FINNIFTY02JAN2422450CE.NFO,02/01/2024,12:31:00,0.25,0.25,51280,0.3,33680,0,790920
FINNIFTY02JAN2422450CE.NFO,02/01/2024,12:32:41,0.3,0.25,51280,0.3,32400,40,790720
FINNIFTY02JAN2422450CE.NFO,02/01/2024,12:32:47,0.3,0.25,51240,0.3,33440,240,790720
FINNIFTY02JAN2422450CE.NFO,02/01/2024,12:34:20,0.3,0.25,51280,0.3,32200,0,790720
FINNIFTY02JAN2422450CE.NFO,02/01/2024,12:34:51,0.25,0.25,51200,0.3,32200,80,790680
FINNIFTY02JAN2422450CE.NFO,02/01/2024,12:34:57,0.25,0.25,51120,0.3,32200,0,790680
FINNIFTY02JAN2422450CE.NFO,02/01/2024,12:35:11,0.25,0.25,46800,0.3,32200,0,790680
FINNIFTY02JAN2422450CE.NFO,02/01/2024,12:35:44,0.25,0.25,46800,0.3,33800,0,790680
FINNIFTY02JAN2422450CE.NFO,02/01/2024,12:36:10,0.25,0.25,46760,0.3,33800,40,790600
FINNIFTY02JAN2422450CE.NFO,02/01/2024,12:36:50,0.3,0.25,41360,0.3,34840,2000,790600
FINNIFTY02JAN2422450CE.NFO,02/01/2024,12:36:56,0.3,0.25,42200,0.3,35720,1360,790600
FINNIFTY02JAN2422450CE.NFO,02/01/2024,12:37:02,0.3,0.25,39920,0.3,37120,2680,790600
FINNIFTY02JAN2422450CE.NFO,02/01/2024,12:37:09,0.25,0.25,38080,0.3,37120,40,790600
FINNIFTY02JAN2422450CE.NFO,02/01/2024,12:37:15,0.25,0.25,35600,0.3,37120,2480,790600
FINNIFTY02JAN2422450CE.NFO,02/01/2024,12:37:22,0.25,0.25,34720,0.3,37120,880,790600
FINNIFTY02JAN2422450CE.NFO,02/01/2024,12:37:28,0.25,0.25,29560,0.3,34640,8000,790600
FINNIFTY02JAN2422450CE.NFO,02/01/2024,12:37:34,0.3,0.25,25960,0.3,43520,4600,790600
FINNIFTY02JAN2422450CE.NFO,02/01/2024,12:37:40,0.3,0.25,25960,0.3,42880,600,790600
FINNIFTY02JAN2422450CE.NFO,02/01/2024,12:37:51,0.3,0.25,19240,0.3,45960,5400,790600
FINNIFTY02JAN2422450CE.NFO,02/01/2024,12:37:57,0.25,0.25,19160,0.3,44720,80,790600
FINNIFTY02JAN2422450CE.NFO,02/01/2024,12:38:03,0.3,0.25,17000,0.3,35760,6800,790600
FINNIFTY02JAN2422450CE.NFO,02/01/2024,12:38:09,0.3,0.25,15200,0.3,34120,2200,790600
FINNIFTY02JAN2422450CE.NFO,02/01/2024,12:38:15,0.25,0.25,9720,0.3,21680,16560,790600
FINNIFTY02JAN2422450CE.NFO,02/01/2024,12:38:21,0.25,0.25,11080,0.3,38280,20920,790600
FINNIFTY02JAN2422450CE.NFO,02/01/2024,12:38:28,0.3,0.25,8080,0.3,47720,4680,790600
FINNIFTY02JAN2422450CE.NFO,02/01/2024,12:38:33,0.3,0.25,5280,0.3,52720,3200,790600
FINNIFTY02JAN2422450CE.NFO,02/01/2024,12:38:39,0.25,0.2,139520,0.3,45320,19920,790600
FINNIFTY02JAN2422450CE.NFO,02/01/2024,12:38:44,0.25,0.2,140360,0.3,46560,5080,790600
FINNIFTY02JAN2422450CE.NFO,02/01/2024,12:38:50,0.25,0.2,137440,0.25,20600,19080,790600
FINNIFTY02JAN2422450CE.NFO,02/01/2024,12:38:50,0.2,0.2,137440,0.25,20600,0,790600
FINNIFTY02JAN2422450CE.NFO,02/01/2024,12:38:54,0.25,0.2,141760,0.25,24600,2800,759960
FINNIFTY02JAN2422450CE.NFO,02/01/2024,12:38:59,0.25,0.2,154360,0.25,30840,5800,759960
FINNIFTY02JAN2422450CE.NFO,02/01/2024,12:39:05,0.25,0.2,154360,0.25,30440,400,759960
FINNIFTY02JAN2422450CE.NFO,02/01/2024,12:39:10,0.25,0.2,149080,0.25,30440,0,759960
FINNIFTY02JAN2422450CE.NFO,02/01/2024,12:39:20,0.25,0.2,156000,0.25,23320,12520,759960
FINNIFTY02JAN2422450CE.NFO,02/01/2024,12:39:30,0.25,0.2,135760,0.25,22120,4800,759960
FINNIFTY02JAN2422450CE.NFO,02/01/2024,12:39:36,0.25,0.2,135760,0.25,23720,200,759960
FINNIFTY02JAN2422450CE.NFO,02/01/2024,12:39:41,0.25,0.2,133960,0.25,29120,2000,759960
FINNIFTY02JAN2422450CE.NFO,02/01/2024,12:39:50,0.25,0.2,132160,0.25,30720,2200,759960
FINNIFTY02JAN2422450CE.NFO,02/01/2024,12:39:54,0.2,0.2,132160,0.25,30840,2000,759960
FINNIFTY02JAN2422450CE.NFO,02/01/2024,12:39:59,0.2,0.2,130360,0.25,31040,10480,759960
FINNIFTY02JAN2422450CE.NFO,02/01/2024,12:40:04,0.25,0.2,128720,0.25,33560,4680,759960
FINNIFTY02JAN2422450CE.NFO,02/01/2024,12:40:19,0.25,0.2,128760,0.25,36160,200,759960
FINNIFTY02JAN2422450CE.NFO,02/01/2024,12:40:25,0.25,0.2,128360,0.25,36160,0,759960
FINNIFTY02JAN2422450CE.NFO,02/01/2024,12:40:43,0.25,0.2,121560,0.25,41480,6000,759960
FINNIFTY02JAN2422450CE.NFO,02/01/2024,12:40:54,0.2,0.2,116520,0.25,41280,3800,759960
FINNIFTY02JAN2422450CE.NFO,02/01/2024,12:41:00,0.25,0.2,116520,0.25,44480,400,759960
FINNIFTY02JAN2422450CE.NFO,02/01/2024,12:41:11,0.25,0.2,114720,0.25,49600,6000,759960
FINNIFTY02JAN2422450CE.NFO,02/01/2024,12:41:23,0.25,0.2,111120,0.25,47600,3800,759960
FINNIFTY02JAN2422450CE.NFO,02/01/2024,12:41:28,0.25,0.2,126240,0.25,46480,4400,759960
FINNIFTY02JAN2422450CE.NFO,02/01/2024,12:41:41,0.25,0.2,124440,0.25,42480,7600,759960
FINNIFTY02JAN2422450CE.NFO,02/01/2024,12:41:48,0.25,0.2,139040,0.25,40480,7400,759960
FINNIFTY02JAN2422450CE.NFO,02/01/2024,12:41:54,0.25,0.2,139040,0.25,41960,0,759960
FINNIFTY02JAN2422450CE.NFO,02/01/2024,12:41:59,0.25,0.2,139040,0.25,42120,200,711920
FINNIFTY02JAN2422450CE.NFO,02/01/2024,12:42:16,0.25,0.2,141840,0.25,42240,200,711920
FINNIFTY02JAN2422450CE.NFO,02/01/2024,12:42:22,0.25,0.2,141840,0.25,41920,0,711920
FINNIFTY02JAN2422450CE.NFO,02/01/2024,12:42:39,0.25,0.2,141840,0.25,39520,2400,711920
FINNIFTY02JAN2422450CE.NFO,02/01/2024,12:42:46,0.25,0.2,138240,0.25,32840,10280,711920
FINNIFTY02JAN2422450CE.NFO,02/01/2024,12:42:51,0.2,0.2,130880,0.25,28600,8280,711920
FINNIFTY02JAN2422450CE.NFO,02/01/2024,12:42:57,0.25,0.2,129080,0.25,24000,6400,711920
FINNIFTY02JAN2422450CE.NFO,02/01/2024,12:43:03,0.2,0.2,124640,0.25,20800,8600,711920
FINNIFTY02JAN2422450CE.NFO,02/01/2024,12:43:08,0.25,0.2,121880,0.25,20160,2440,711920
FINNIFTY02JAN2422450CE.NFO,02/01/2024,12:43:14,0.25,0.2,121880,0.25,17960,2200,711920
FINNIFTY02JAN2422450CE.NFO,02/01/2024,12:43:20,0.25,0.2,121880,0.25,16760,1200,711920
FINNIFTY02JAN2422450CE.NFO,02/01/2024,12:43:31,0.25,0.2,122840,0.25,16560,200,711920
FINNIFTY02JAN2422450CE.NFO,02/01/2024,12:43:38,0.25,0.2,122840,0.25,16560,0,711920
FINNIFTY02JAN2422450CE.NFO,02/01/2024,12:43:44,0.25,0.2,120080,0.25,14560,2000,711920
FINNIFTY02JAN2422450CE.NFO,02/01/2024,12:43:50,0.25,0.2,122840,0.25,6480,6600,711920
FINNIFTY02JAN2422450CE.NFO,02/01/2024,12:43:56,0.3,0.2,118280,0.3,33920,9280,711920
FINNIFTY02JAN2422450CE.NFO,02/01/2024,12:44:01,0.3,0.25,21280,0.3,35120,20160,711920
FINNIFTY02JAN2422450CE.NFO,02/01/2024,12:44:07,0.3,0.25,37880,0.3,46560,12000,711920
FINNIFTY02JAN2422450CE.NFO,02/01/2024,12:44:13,0.3,0.25,45840,0.3,47560,9840,711920
FINNIFTY02JAN2422450CE.NFO,02/01/2024,12:44:19,0.3,0.25,23680,0.3,51760,23720,711920
FINNIFTY02JAN2422450CE.NFO,02/01/2024,12:44:25,0.25,0.2,133480,0.25,8200,23920,711920
FINNIFTY02JAN2422450CE.NFO,02/01/2024,12:44:30,0.2,0.2,126680,0.25,37240,9200,711920
FINNIFTY02JAN2422450CE.NFO,02/01/2024,12:44:35,0.25,0.2,126680,0.25,55680,11400,711920
FINNIFTY02JAN2422450CE.NFO,02/01/2024,12:44:40,0.25,0.2,133880,0.25,59680,3200,711920
FINNIFTY02JAN2422450CE.NFO,02/01/2024,12:44:45,0.25,0.2,133520,0.25,65680,6600,711920
FINNIFTY02JAN2422450CE.NFO,02/01/2024,12:44:51,0.25,0.2,129920,0.25,67040,800,711920
FINNIFTY02JAN2422450CE.NFO,02/01/2024,12:44:56,0.2,0.2,129000,0.25,71880,4640,762280
FINNIFTY02JAN2422450CE.NFO,02/01/2024,12:45:01,0.25,0.2,121800,0.25,72320,6400,762280
FINNIFTY02JAN2422450CE.NFO,02/01/2024,12:45:06,0.25,0.2,120000,0.25,71720,4200,762280
FINNIFTY02JAN2422450CE.NFO,02/01/2024,12:45:12,0.2,0.2,123760,0.25,69520,9400,762280
FINNIFTY02JAN2422450CE.NFO,02/01/2024,12:45:18,0.2,0.2,120280,0.25,73000,12800,762280
FINNIFTY02JAN2422450CE.NFO,02/01/2024,12:45:24,0.25,0.2,109960,0.25,81160,13600,762280
FINNIFTY02JAN2422450CE.NFO,02/01/2024,12:45:30,0.25,0.2,109960,0.25,133960,600,762280
FINNIFTY02JAN2422450CE.NFO,02/01/2024,12:45:34,0.25,0.2,106520,0.25,136040,8800,762280
FINNIFTY02JAN2422450CE.NFO,02/01/2024,12:45:39,0.25,0.2,101000,0.25,131440,15200,762280
FINNIFTY02JAN2422450CE.NFO,02/01/2024,12:45:45,0.25,0.2,81440,0.25,133360,13600,762280
FINNIFTY02JAN2422450CE.NFO,02/01/2024,12:45:50,0.25,0.2,50840,0.25,132520,9880,762280
FINNIFTY02JAN2422450CE.NFO,02/01/2024,12:45:55,0.25,0.2,32400,0.25,129200,19760,762280
FINNIFTY02JAN2422450CE.NFO,02/01/2024,12:46:01,0.2,0.2,30480,0.25,140640,2720,762280
FINNIFTY02JAN2422450CE.NFO,02/01/2024,12:46:08,0.2,0.2,25720,0.25,144040,3800,762280
FINNIFTY02JAN2422450CE.NFO,02/01/2024,12:46:14,0.25,0.2,25720,0.25,144200,200,762280
FINNIFTY02JAN2422450CE.NFO,02/01/2024,12:46:20,0.25,0.2,22160,0.25,143560,4200,762280
FINNIFTY02JAN2422450CE.NFO,02/01/2024,12:46:24,0.25,0.2,20360,0.25,142640,2400,762280
FINNIFTY02JAN2422450CE.NFO,02/01/2024,12:46:29,0.25,0.2,20360,0.25,140240,6000,762280
FINNIFTY02JAN2422450CE.NFO,02/01/2024,12:46:33,0.2,0.2,18560,0.25,139960,2400,762280
FINNIFTY02JAN2422450CE.NFO,02/01/2024,12:46:38,0.25,0.2,18560,0.25,136840,4600,762280
FINNIFTY02JAN2422450CE.NFO,02/01/2024,12:46:43,0.2,0.2,16760,0.25,136640,2000,762280
FINNIFTY02JAN2422450CE.NFO,02/01/2024,12:46:47,0.25,0.2,1800,0.25,74120,57160,762280
FINNIFTY02JAN2422450CE.NFO,02/01/2024,12:46:54,0.2,0.2,21880,0.25,78000,7000,762280
FINNIFTY02JAN2422450CE.NFO,02/01/2024,12:46:59,0.2,0.2,18800,0.25,96720,11800,762280
FINNIFTY02JAN2422450CE.NFO,02/01/2024,12:47:04,0.25,0.2,32600,0.25,96120,6000,762280
FINNIFTY02JAN2422450CE.NFO,02/01/2024,12:47:09,0.2,0.2,43200,0.25,98840,4200,762280
FINNIFTY02JAN2422450CE.NFO,02/01/2024,12:47:14,0.25,0.2,39480,0.25,106800,6400,762280
FINNIFTY02JAN2422450CE.NFO,02/01/2024,12:47:26,0.25,0.2,75640,0.25,103960,13840,762280
FINNIFTY02JAN2422450CE.NFO,02/01/2024,12:47:31,0.25,0.2,118600,0.25,125640,15800,762280
FINNIFTY02JAN2422450CE.NFO,02/01/2024,12:47:36,0.25,0.2,118520,0.25,127360,2200,762280
FINNIFTY02JAN2422450CE.NFO,02/01/2024,12:47:41,0.25,0.2,72720,0.25,131600,10200,762280
FINNIFTY02JAN2422450CE.NFO,02/01/2024,12:47:47,0.2,0.2,7640,0.25,121600,19000,762280
FINNIFTY02JAN2422450CE.NFO,02/01/2024,12:47:53,0.15,0.15,309560,0.2,9160,65160,680480
FINNIFTY02JAN2422450CE.NFO,02/01/2024,12:47:53,0.15,0.15,309560,0.2,9160,0,680480
FINNIFTY02JAN2422450CE.NFO,02/01/2024,12:47:59,0.2,0.15,301000,0.2,50120,36080,680480
FINNIFTY02JAN2422450CE.NFO,02/01/2024,12:48:05,0.25,0.2,44800,0.25,65840,69200,680480
FINNIFTY02JAN2422450CE.NFO,02/01/2024,12:48:11,0.25,0.2,134480,0.25,58200,10800,680480
FINNIFTY02JAN2422450CE.NFO,02/01/2024,12:48:16,0.25,0.2,160560,0.25,55360,3400,680480
FINNIFTY02JAN2422450CE.NFO,02/01/2024,12:48:21,0.25,0.2,168440,0.25,54040,4600,680480
FINNIFTY02JAN2422450CE.NFO,02/01/2024,12:48:26,0.25,0.2,161160,0.25,87160,5800,680480
FINNIFTY02JAN2422450CE.NFO,02/01/2024,12:48:30,0.25,0.2,163120,0.25,86960,200,680480
FINNIFTY02JAN2422450CE.NFO,02/01/2024,12:48:32,0.25,0.2,163120,0.25,90560,0,680480
FINNIFTY02JAN2422450CE.NFO,02/01/2024,12:48:34,0.25,0.2,164920,0.25,90360,200,680480
FINNIFTY02JAN2422450CE.NFO,02/01/2024,12:48:35,0.25,0.2,170320,0.25,89760,2400,680480
FINNIFTY02JAN2422450CE.NFO,02/01/2024,12:48:37,0.25,0.2,174120,0.25,89160,600,680480
FINNIFTY02JAN2422450CE.NFO,02/01/2024,12:48:39,0.25,0.2,174120,0.25,89160,0,680480
FINNIFTY02JAN2422450CE.NFO,02/01/2024,12:48:44,0.25,0.2,174120,0.25,90760,200,680480
FINNIFTY02JAN2422450CE.NFO,02/01/2024,12:48:45,0.25,0.2,174120,0.25,90760,0,680480
FINNIFTY02JAN2422450CE.NFO,02/01/2024,12:48:52,0.25,0.2,175520,0.25,90560,200,680480
FINNIFTY02JAN2422450CE.NFO,02/01/2024,12:48:53,0.2,0.2,173800,0.25,90360,2000,680480
FINNIFTY02JAN2422450CE.NFO,02/01/2024,12:48:55,0.25,0.2,174280,0.25,90160,200,680480
FINNIFTY02JAN2422450CE.NFO,02/01/2024,12:48:58,0.25,0.2,174280,0.25,90160,0,680480
FINNIFTY02JAN2422450CE.NFO,02/01/2024,12:49:00,0.25,0.2,173880,0.25,89960,2000,680480
FINNIFTY02JAN2422450CE.NFO,02/01/2024,12:49:01,0.25,0.2,173880,0.25,91240,200,680480
FINNIFTY02JAN2422450CE.NFO,02/01/2024,12:49:03,0.25,0.2,172440,0.25,93040,0,680480
FINNIFTY02JAN2422450CE.NFO,02/01/2024,12:49:05,0.25,0.2,170080,0.25,97640,2600,680480
FINNIFTY02JAN2422450CE.NFO,02/01/2024,12:49:06,0.25,0.2,169760,0.25,97240,400,680480
FINNIFTY02JAN2422450CE.NFO,02/01/2024,12:49:13,0.25,0.2,167960,0.25,100640,2000,680480
FINNIFTY02JAN2422450CE.NFO,02/01/2024,12:49:14,0.25,0.2,167960,0.25,102240,200,680480
FINNIFTY02JAN2422450CE.NFO,02/01/2024,12:49:16,0.25,0.2,164360,0.25,103960,2200,680480
FINNIFTY02JAN2422450CE.NFO,02/01/2024,12:49:24,0.25,0.2,160040,0.25,103760,200,680480
FINNIFTY02JAN2422450CE.NFO,02/01/2024,12:49:26,0.25,0.2,160040,0.25,103760,0,680480
FINNIFTY02JAN2422450CE.NFO,02/01/2024,12:49:27,0.25,0.2,161480,0.25,103560,200,680480
FINNIFTY02JAN2422450CE.NFO,02/01/2024,12:49:29,0.25,0.2,161760,0.25,103360,200,680480
FINNIFTY02JAN2422450CE.NFO,02/01/2024,12:49:31,0.25,0.2,161760,0.25,106760,200,680480
FINNIFTY02JAN2422450CE.NFO,02/01/2024,12:49:37,0.25,0.2,163560,0.25,106440,0,680480
FINNIFTY02JAN2422450CE.NFO,02/01/2024,12:49:42,0.25,0.2,161120,0.25,106040,400,680480
FINNIFTY02JAN2422450CE.NFO,02/01/2024,12:49:47,0.25,0.2,161120,0.25,106040,0,680480
FINNIFTY02JAN2422450CE.NFO,02/01/2024,12:49:58,0.25,0.2,155720,0.25,105760,600,680480
FINNIFTY02JAN2422450CE.NFO,02/01/2024,12:50:09,0.25,0.2,153920,0.25,105560,200,680480
FINNIFTY02JAN2422450CE.NFO,02/01/2024,12:50:14,0.25,0.2,153920,0.25,103760,0,680480
FINNIFTY02JAN2422450CE.NFO,02/01/2024,12:50:20,0.2,0.2,150320,0.25,100160,3600,680480
FINNIFTY02JAN2422450CE.NFO,02/01/2024,12:50:26,0.25,0.2,151080,0.25,103560,1240,680480
FINNIFTY02JAN2422450CE.NFO,02/01/2024,12:50:38,0.2,0.2,140680,0.25,106520,17800,680480
FINNIFTY02JAN2422450CE.NFO,02/01/2024,12:50:45,0.25,0.2,144040,0.25,114720,2840,680480
FINNIFTY02JAN2422450CE.NFO,02/01/2024,12:50:55,0.25,0.2,141600,0.25,115120,400,601680
FINNIFTY02JAN2422450CE.NFO,02/01/2024,12:51:01,0.2,0.2,141360,0.25,115920,2440,601680
FINNIFTY02JAN2422450CE.NFO,02/01/2024,12:51:07,0.25,0.2,150360,0.25,116040,200,601680
