Ticker,Date,Time,LTP,BuyPrice,BuyQty,SellPrice,SellQty,LTQ,OpenInterest
FINNIFTY02JAN2420000CE.NFO,02/01/2024,09:50:41,1444,1440.7,520,1477.15,120,160,9080
FINNIFTY02JAN2420000CE.NFO,02/01/2024,09:50:41,1444,1440.7,520,1477.15,120,0,9080
FINNIFTY02JAN2420000CE.NFO,02/01/2024,09:50:41,1444,1440.7,520,1477.15,120,0,9080
FINNIFTY02JAN2420000CE.NFO,02/01/2024,09:50:41,1444,1440.7,520,1477.15,120,0,9080
FINNIFTY02JAN2420000CE.NFO,02/01/2024,09:50:51,1444,1441.85,40,1472.5,960,0,9080
FINNIFTY02JAN2420000CE.NFO,02/01/2024,09:51:02,1444,1442.25,40,1468.45,120,0,9080
FINNIFTY02JAN2420000CE.NFO,02/01/2024,09:51:13,1444,1438.45,120,1463.05,120,0,9080
FINNIFTY02JAN2420000CE.NFO,02/01/2024,09:51:24,1444,1441.45,240,1458.4,120,0,9080
FINNIFTY02JAN2420000CE.NFO,02/01/2024,09:51:31,1444,1441.55,520,1455.1,40,0,9080
FINNIFTY02JAN2420000CE.NFO,02/01/2024,09:51:33,1444,1441.55,440,1454.3,40,0,9080
FINNIFTY02JAN2420000CE.NFO,02/01/2024,09:51:34,1444,1441.9,160,1453.3,120,0,9080
FINNIFTY02JAN2420000CE.NFO,02/01/2024,09:51:36,1444,1442.5,80,1452.9,120,0,9080
FINNIFTY02JAN2420000CE.NFO,02/01/2024,09:51:38,1444,1442.7,160,1452.5,40,0,9080
FINNIFTY02JAN2420000CE.NFO,02/01/2024,09:51:39,1444,1442.75,40,1451.9,120,0,9080
FINNIFTY02JAN2420000CE.NFO,02/01/2024,09:51:41,1444,1443.45,40,1451.5,40,0,9080
FINNIFTY02JAN2420000CE.NFO,02/01/2024,09:51:43,1444,1444.05,120,1450.8,40,0,9080
FINNIFTY02JAN2420000CE.NFO,02/01/2024,09:51:44,1444,1444.1,40,1450.35,520,0,9080
FINNIFTY02JAN2420000CE.NFO,02/01/2024,09:51:46,1444,1443.9,360,1450.2,40,0,9080
FINNIFTY02JAN2420000CE.NFO,02/01/2024,09:51:48,1444,1443.8,40,1449.6,120,0,9080
FINNIFTY02JAN2420000CE.NFO,02/01/2024,09:51:49,1444,1443.8,40,1448.8,120,0,9080
FINNIFTY02JAN2420000CE.NFO,02/01/2024,09:51:51,1444,1443.8,40,1449.4,1520,0,9080
FINNIFTY02JAN2420000CE.NFO,02/01/2024,09:51:53,1444,1443.9,120,1449.35,120,0,9080
FINNIFTY02JAN2420000CE.NFO,02/01/2024,09:51:54,1444,1443.85,320,1463.35,2080,0,9080
FINNIFTY02JAN2420000CE.NFO,02/01/2024,09:51:56,1444,1444,160,1463.25,120,0,9080
FINNIFTY02JAN2420000CE.NFO,02/01/2024,09:51:57,1444,1443.8,40,1462.95,40,0,9080
FINNIFTY02JAN2420000CE.NFO,02/01/2024,09:51:59,1444,1443.9,360,1462.2,40,0,9080
FINNIFTY02JAN2420000CE.NFO,02/01/2024,09:52:01,1444,1443.8,40,1461.7,40,0,9080
FINNIFTY02JAN2420000CE.NFO,02/01/2024,09:52:02,1444,1443.8,40,1460.9,120,0,9080
FINNIFTY02JAN2420000CE.NFO,02/01/2024,09:52:04,1444,1443.8,40,1460.3,40,0,9080
FINNIFTY02JAN2420000CE.NFO,02/01/2024,09:52:06,1444,1443.8,40,1459.7,40,0,9080
FINNIFTY02JAN2420000CE.NFO,02/01/2024,09:52:07,1444,1443.8,40,1459.4,40,0,9080
FINNIFTY02JAN2420000CE.NFO,02/01/2024,09:52:09,1444,1438.35,200,1458.45,40,0,9080
FINNIFTY02JAN2420000CE.NFO,02/01/2024,09:52:11,1444,1438.45,120,1457.95,40,0,9080
FINNIFTY02JAN2420000CE.NFO,02/01/2024,09:52:12,1444,1438.45,120,1457.45,120,0,9080
FINNIFTY02JAN2420000CE.NFO,02/01/2024,09:52:14,1444,1438.8,80,1456.85,40,0,9080
FINNIFTY02JAN2420000CE.NFO,02/01/2024,09:52:16,1444,1439.55,160,1456.25,40,0,9080
FINNIFTY02JAN2420000CE.NFO,02/01/2024,09:52:17,1444,1439.9,40,1455.85,120,0,9080
FINNIFTY02JAN2420000CE.NFO,02/01/2024,09:52:19,1444,1440.45,200,1455.25,40,0,9080
FINNIFTY02JAN2420000CE.NFO,02/01/2024,09:52:21,1444,1440.95,360,1454.45,40,0,9080
FINNIFTY02JAN2420000CE.NFO,02/01/2024,09:52:22,1444,1440.85,160,1453.95,160,0,9080
FINNIFTY02JAN2420000CE.NFO,02/01/2024,09:52:24,1444,1440.7,40,1452.95,120,0,9080
FINNIFTY02JAN2420000CE.NFO,02/01/2024,09:52:26,1444,1440.7,40,1452.55,40,0,9080
FINNIFTY02JAN2420000CE.NFO,02/01/2024,09:52:27,1444,1440.8,760,1451.55,200,0,9080
FINNIFTY02JAN2420000CE.NFO,02/01/2024,09:52:29,1444,1440.95,400,1450.6,120,0,9080
FINNIFTY02JAN2420000CE.NFO,02/01/2024,09:52:31,1444,1441.5,40,1449.95,40,0,9080
FINNIFTY02JAN2420000CE.NFO,02/01/2024,09:52:32,1444,1442.1,40,1449.25,40,0,9080
FINNIFTY02JAN2420000CE.NFO,02/01/2024,09:52:34,1444,1442.25,40,1448.05,120,0,9080
FINNIFTY02JAN2420000CE.NFO,02/01/2024,09:52:35,1444,1442.3,640,1448.05,40,0,9080
FINNIFTY02JAN2420000CE.NFO,02/01/2024,09:52:37,1444,1442.35,280,1448.5,40,0,9080
FINNIFTY02JAN2420000CE.NFO,02/01/2024,09:52:39,1444,1442.25,40,1448.2,280,0,9080
FINNIFTY02JAN2420000CE.NFO,02/01/2024,09:52:40,1444,1442.25,40,1447.5,120,0,9080
FINNIFTY02JAN2420000CE.NFO,02/01/2024,09:52:42,1444,1442.25,40,1446.9,160,0,9080
FINNIFTY02JAN2420000CE.NFO,02/01/2024,09:52:44,1444,1442.25,40,1446.95,120,0,9080
FINNIFTY02JAN2420000CE.NFO,02/01/2024,09:52:45,1444,1442.25,40,1446.8,40,0,9080
FINNIFTY02JAN2420000CE.NFO,02/01/2024,09:52:47,1444,1442.25,40,1447.2,120,0,9080
FINNIFTY02JAN2420000CE.NFO,02/01/2024,09:52:49,1444,1442.25,40,1448.4,2400,0,9080
FINNIFTY02JAN2420000CE.NFO,02/01/2024,09:52:50,1444,1442.3,240,1448.3,40,0,9080
FINNIFTY02JAN2420000CE.NFO,02/01/2024,09:52:52,1444,1442.25,40,1447.6,40,0,9080
FINNIFTY02JAN2420000CE.NFO,02/01/2024,09:52:53,1444,1442.25,40,1447.4,120,0,9080
FINNIFTY02JAN2420000CE.NFO,02/01/2024,09:52:55,1444,1442.25,40,1446.85,40,0,9080
FINNIFTY02JAN2420000CE.NFO,02/01/2024,09:52:57,1444,1442.25,40,1447.35,200,0,9080
FINNIFTY02JAN2420000CE.NFO,02/01/2024,09:52:58,1444,1442.25,40,1447.2,40,0,9080
FINNIFTY02JAN2420000CE.NFO,02/01/2024,09:53:00,1444,1438.3,2200,1446.5,40,0,9080
FINNIFTY02JAN2420000CE.NFO,02/01/2024,09:53:02,1444,1438.4,200,1446.1,40,0,9080
FINNIFTY02JAN2420000CE.NFO,02/01/2024,09:53:03,1444,1438.4,200,1445.55,200,0,9080
FINNIFTY02JAN2420000CE.NFO,02/01/2024,09:53:05,1444,1438.7,120,1446.3,1960,0,9080
FINNIFTY02JAN2420000CE.NFO,02/01/2024,09:53:07,1444,1439.3,40,1446.2,400,0,9080
FINNIFTY02JAN2420000CE.NFO,02/01/2024,09:53:08,1444,1439.4,40,1446.25,200,0,9080
FINNIFTY02JAN2420000CE.NFO,02/01/2024,09:53:10,1444,1439.4,40,1446.15,200,0,9080
FINNIFTY02JAN2420000CE.NFO,02/01/2024,09:53:12,1444,1439.15,40,1445.6,80,0,9080
FINNIFTY02JAN2420000CE.NFO,02/01/2024,09:53:13,1444,1439.25,480,1444.7,40,0,9080
FINNIFTY02JAN2420000CE.NFO,02/01/2024,09:53:15,1444,1439.15,40,1444.4,40,0,9080
FINNIFTY02JAN2420000CE.NFO,02/01/2024,09:53:17,1444,1439.15,40,1445.5,1840,0,9080
FINNIFTY02JAN2420000CE.NFO,02/01/2024,09:53:18,1444,1439.35,360,1445.4,40,0,9080
FINNIFTY02JAN2420000CE.NFO,02/01/2024,09:53:20,1444,1439.45,80,1445.4,120,0,9080
FINNIFTY02JAN2420000CE.NFO,02/01/2024,09:53:22,1444,1439.6,160,1451.5,2760,0,9080
FINNIFTY02JAN2420000CE.NFO,02/01/2024,09:53:23,1444,1439.6,80,1451.5,2760,0,9080
FINNIFTY02JAN2420000CE.NFO,02/01/2024,09:53:25,1444,1439.75,40,1451.5,2760,0,9080
FINNIFTY02JAN2420000CE.NFO,02/01/2024,09:53:27,1444,1439.15,40,1451.5,2760,0,9080
FINNIFTY02JAN2420000CE.NFO,02/01/2024,09:53:31,1444,1439.2,160,1451.5,2760,0,9080
FINNIFTY02JAN2420000CE.NFO,02/01/2024,09:53:33,1444,1439.4,120,1451.5,2760,0,9080
FINNIFTY02JAN2420000CE.NFO,02/01/2024,09:53:35,1444,1439.6,200,1451.5,2760,0,9080
FINNIFTY02JAN2420000CE.NFO,02/01/2024,09:53:36,1444,1440.5,160,1451.5,2760,0,9080
FINNIFTY02JAN2420000CE.NFO,02/01/2024,09:53:38,1444,1440.9,160,1451.5,2760,0,9080
FINNIFTY02JAN2420000CE.NFO,02/01/2024,09:53:40,1444,1440.95,40,1451.5,2760,0,9080
FINNIFTY02JAN2420000CE.NFO,02/01/2024,09:53:41,1444,1441.15,120,1451.5,2760,0,9080
FINNIFTY02JAN2420000CE.NFO,02/01/2024,09:53:43,1444,1441.55,40,1451.5,2760,0,9080
FINNIFTY02JAN2420000CE.NFO,02/01/2024,09:53:45,1444,1442.1,80,1451.5,2760,0,9080
FINNIFTY02JAN2420000CE.NFO,02/01/2024,09:53:47,1444,1442.05,320,1451.5,2760,0,9080
FINNIFTY02JAN2420000CE.NFO,02/01/2024,09:53:48,1444,1442.1,480,1451.5,2760,0,9080
FINNIFTY02JAN2420000CE.NFO,02/01/2024,09:53:50,1444,1442.15,280,1451.5,2760,0,9080
FINNIFTY02JAN2420000CE.NFO,02/01/2024,09:53:51,1444,1442.1,40,1451.5,2760,0,9080
FINNIFTY02JAN2420000CE.NFO,02/01/2024,09:53:53,1444,1442.2,440,1451.5,2760,0,9080
FINNIFTY02JAN2420000CE.NFO,02/01/2024,09:53:55,1444,1441.95,40,1451.5,2760,0,9080
FINNIFTY02JAN2420000CE.NFO,02/01/2024,09:53:56,1444,1442.2,120,1451.5,2760,0,9080
FINNIFTY02JAN2420000CE.NFO,02/01/2024,09:53:58,1444,1442.8,40,1451.5,2600,0,9080
FINNIFTY02JAN2420000CE.NFO,02/01/2024,09:53:59,1444,1443.35,120,1451.5,2600,0,9080
FINNIFTY02JAN2420000CE.NFO,02/01/2024,09:54:01,1444,1443.8,760,1451.4,160,0,9080
FINNIFTY02JAN2420000CE.NFO,02/01/2024,09:54:03,1444,1443.85,480,1451.35,160,0,9080
FINNIFTY02JAN2420000CE.NFO,02/01/2024,09:54:04,1444,1444.75,40,1451.45,120,0,9080
FINNIFTY02JAN2420000CE.NFO,02/01/2024,09:54:06,1444,1444.65,360,1451.1,40,0,9080
FINNIFTY02JAN2420000CE.NFO,02/01/2024,09:54:07,1444,1444.8,120,1450.6,120,0,9080
FINNIFTY02JAN2420000CE.NFO,02/01/2024,09:54:09,1444,1444.8,320,1450.35,80,0,9080
FINNIFTY02JAN2420000CE.NFO,02/01/2024,09:54:11,1444,1444.6,40,1450.1,120,0,9080
FINNIFTY02JAN2420000CE.NFO,02/01/2024,09:54:12,1444,1444.6,40,1449.7,120,0,9080
FINNIFTY02JAN2420000CE.NFO,02/01/2024,09:54:14,1444,1444.6,40,1449.7,40,0,9080
FINNIFTY02JAN2420000CE.NFO,02/01/2024,09:54:15,1444,1444.6,40,1449.1,160,0,9080
FINNIFTY02JAN2420000CE.NFO,02/01/2024,09:54:17,1444,1444.6,40,1448.9,120,0,9080
FINNIFTY02JAN2420000CE.NFO,02/01/2024,09:54:19,1444,1444.6,40,1449.6,40,0,9080
FINNIFTY02JAN2420000CE.NFO,02/01/2024,09:54:20,1444,1444.6,40,1449.2,120,0,9080
FINNIFTY02JAN2420000CE.NFO,02/01/2024,09:54:22,1444,1438.85,2520,1448.8,120,0,9080
FINNIFTY02JAN2420000CE.NFO,02/01/2024,09:54:23,1444,1439.1,40,1448.3,120,0,9080
FINNIFTY02JAN2420000CE.NFO,02/01/2024,09:54:25,1444,1439.4,120,1447.55,120,0,9080
FINNIFTY02JAN2420000CE.NFO,02/01/2024,09:54:27,1444,1440.05,400,1446.7,120,0,9080
FINNIFTY02JAN2420000CE.NFO,02/01/2024,09:54:28,1444,1439.8,360,1445.8,120,0,9080
FINNIFTY02JAN2420000CE.NFO,02/01/2024,09:54:30,1444,1439.75,40,1445.15,120,0,9080
FINNIFTY02JAN2420000CE.NFO,02/01/2024,09:54:32,1444,1439.75,40,1445.05,160,0,9080
FINNIFTY02JAN2420000CE.NFO,02/01/2024,09:54:33,1444,1439.75,40,1444.25,120,0,9080
FINNIFTY02JAN2420000CE.NFO,02/01/2024,09:54:35,1444,1439.75,40,1444.1,40,0,9080
FINNIFTY02JAN2420000CE.NFO,02/01/2024,09:54:37,1444,1436.75,120,1443.2,120,0,9080
FINNIFTY02JAN2420000CE.NFO,02/01/2024,09:54:38,1444,1437.05,80,1444,1440,0,9080
FINNIFTY02JAN2420000CE.NFO,02/01/2024,09:54:40,1444,1437,720,1443.75,80,0,9080
FINNIFTY02JAN2420000CE.NFO,02/01/2024,09:54:42,1444,1437,720,1443.5,40,0,9080
FINNIFTY02JAN2420000CE.NFO,02/01/2024,09:54:43,1444,1437,720,1443.2,360,0,9080
FINNIFTY02JAN2420000CE.NFO,02/01/2024,09:54:45,1444,1437,720,1442.95,200,0,9080
FINNIFTY02JAN2420000CE.NFO,02/01/2024,09:54:47,1444,1432.35,160,1442.8,200,0,9080
FINNIFTY02JAN2420000CE.NFO,02/01/2024,09:54:48,1444,1432.4,360,1442.55,360,0,9080
FINNIFTY02JAN2420000CE.NFO,02/01/2024,09:54:50,1444,1432.25,40,1442.15,1000,0,9080
FINNIFTY02JAN2420000CE.NFO,02/01/2024,09:54:52,1444,1389,40,1441.7,160,0,9080
FINNIFTY02JAN2420000CE.NFO,02/01/2024,09:54:53,1444,1389.35,160,1441.5,120,0,9080
FINNIFTY02JAN2420000CE.NFO,02/01/2024,09:54:55,1444,1389.4,440,1441.45,40,0,9080
FINNIFTY02JAN2420000CE.NFO,02/01/2024,09:54:57,1444,1389.5,360,1441.2,160,0,9080
FINNIFTY02JAN2420000CE.NFO,02/01/2024,09:54:58,1444,1389.7,160,1440.95,80,0,9080
FINNIFTY02JAN2420000CE.NFO,02/01/2024,09:55:00,1444,1389.95,40,1440.7,120,0,9080
FINNIFTY02JAN2420000CE.NFO,02/01/2024,09:55:02,1444,1390.35,520,1440.2,40,0,9080
FINNIFTY02JAN2420000CE.NFO,02/01/2024,09:55:03,1444,1390.45,80,1440,640,0,9080
FINNIFTY02JAN2420000CE.NFO,02/01/2024,09:55:05,1444,1390.5,1000,1440,640,0,9080
FINNIFTY02JAN2420000CE.NFO,02/01/2024,09:55:23,1444,1390.8,120,1439.85,240,0,9080
FINNIFTY02JAN2420000CE.NFO,02/01/2024,09:55:24,1444,1390.6,480,1429.15,160,0,9080
FINNIFTY02JAN2420000CE.NFO,02/01/2024,09:55:26,1444,1390.85,360,1429,40,0,9080
FINNIFTY02JAN2420000CE.NFO,02/01/2024,09:55:28,1444,1391.1,40,1428.7,520,0,9080
FINNIFTY02JAN2420000CE.NFO,02/01/2024,09:55:29,1444,1391.3,520,1428.15,360,0,9080
FINNIFTY02JAN2420000CE.NFO,02/01/2024,09:55:31,1444,1391.7,680,1427.8,160,0,9080
FINNIFTY02JAN2420000CE.NFO,02/01/2024,09:55:33,1444,1392,400,1427.45,1040,0,9080
FINNIFTY02JAN2420000CE.NFO,02/01/2024,09:55:35,1444,1392.35,40,1427.1,160,0,9080
FINNIFTY02JAN2420000CE.NFO,02/01/2024,09:55:36,1444,1392.8,40,1426.6,40,0,9080
FINNIFTY02JAN2420000CE.NFO,02/01/2024,09:55:38,1444,1393.2,40,1425.7,200,0,9080
FINNIFTY02JAN2420000CE.NFO,02/01/2024,09:55:40,1444,1393.45,240,1425.35,280,0,9080
FINNIFTY02JAN2420000CE.NFO,02/01/2024,09:55:41,1444,1393.8,160,1424.9,240,0,9080
FINNIFTY02JAN2420000CE.NFO,02/01/2024,09:55:43,1444,1394.15,360,1424.5,40,0,9080
FINNIFTY02JAN2420000CE.NFO,02/01/2024,09:55:45,1444,1394.75,160,1423.7,40,0,9080
FINNIFTY02JAN2420000CE.NFO,02/01/2024,09:55:46,1444,1395.15,360,1421.3,360,0,9080
FINNIFTY02JAN2420000CE.NFO,02/01/2024,09:55:48,1444,1396.05,40,1420.5,360,0,9080
FINNIFTY02JAN2420000CE.NFO,02/01/2024,09:55:51,1444,1376.7,240,1419.6,40,0,9080
FINNIFTY02JAN2420000CE.NFO,02/01/2024,09:55:53,1444,1376.7,720,1418.7,240,0,9080
FINNIFTY02JAN2420000CE.NFO,02/01/2024,09:55:55,1444,1376.7,720,1417.75,240,0,9080
FINNIFTY02JAN2420000CE.NFO,02/01/2024,09:55:56,1444,1376.7,720,1416.9,40,0,9080
FINNIFTY02JAN2420000CE.NFO,02/01/2024,09:55:58,1444,1376.8,160,1416.55,40,0,9080
FINNIFTY02JAN2420000CE.NFO,02/01/2024,09:56:00,1444,1376.65,40,1416.15,160,0,9080
FINNIFTY02JAN2420000CE.NFO,02/01/2024,09:56:01,1444,1357.95,200,1411.7,40,0,9080
FINNIFTY02JAN2420000CE.NFO,02/01/2024,09:56:03,1444,1358.05,160,1411.1,1280,0,9080
FINNIFTY02JAN2420000CE.NFO,02/01/2024,09:56:05,1444,1358.2,1160,1410.85,40,0,9080
FINNIFTY02JAN2420000CE.NFO,02/01/2024,09:56:06,1444,1357.9,40,1410.45,360,0,9080
FINNIFTY02JAN2420000CE.NFO,02/01/2024,09:56:08,1444,1358,160,1410.05,40,0,9080
FINNIFTY02JAN2420000CE.NFO,02/01/2024,09:56:10,1444,1334.9,800,1409.45,40,0,9080
FINNIFTY02JAN2420000CE.NFO,02/01/2024,09:56:11,1444,1335.3,40,1394.1,280,0,9080
FINNIFTY02JAN2420000CE.NFO,02/01/2024,09:56:13,1444,1335.55,160,1393.95,1160,0,9080
FINNIFTY02JAN2420000CE.NFO,02/01/2024,09:56:15,1444,1335.75,280,1393.8,40,0,9080
FINNIFTY02JAN2420000CE.NFO,02/01/2024,09:56:16,1444,1335.95,200,1393.6,40,0,9080
FINNIFTY02JAN2420000CE.NFO,02/01/2024,09:56:18,1444,1336.25,440,1376.15,280,0,9080
FINNIFTY02JAN2420000CE.NFO,02/01/2024,09:56:20,1444,1336.55,40,1376,240,0,9080
FINNIFTY02JAN2420000CE.NFO,02/01/2024,09:56:21,1444,1336.9,160,1375.9,160,0,9080
FINNIFTY02JAN2420000CE.NFO,02/01/2024,09:56:23,1444,1337.2,160,1375.7,240,0,9080
FINNIFTY02JAN2420000CE.NFO,02/01/2024,09:56:25,1444,1337.35,920,1375.65,360,0,9080
FINNIFTY02JAN2420000CE.NFO,02/01/2024,09:56:26,1444,1337.55,160,1375.5,800,0,9080
FINNIFTY02JAN2420000CE.NFO,02/01/2024,09:56:28,1375.3,1352.9,1480,1362.35,120,40,8920
FINNIFTY02JAN2420000CE.NFO,02/01/2024,09:56:28,1375.3,1352.9,1480,1362.35,120,0,8920
FINNIFTY02JAN2420000CE.NFO,02/01/2024,09:56:31,1375.3,1337.9,360,1362,120,0,8920
FINNIFTY02JAN2420000CE.NFO,02/01/2024,09:56:33,1375.3,1338.2,80,1361.4,1080,0,8920
FINNIFTY02JAN2420000CE.NFO,02/01/2024,09:56:34,1375.3,1338.5,40,1361.15,760,0,8920
FINNIFTY02JAN2420000CE.NFO,02/01/2024,09:56:36,1375.3,1338.85,120,1360.8,1480,0,8920
FINNIFTY02JAN2420000CE.NFO,02/01/2024,09:56:38,1375.3,1338.5,40,1360.15,160,0,8920
FINNIFTY02JAN2420000CE.NFO,02/01/2024,09:56:39,1375.3,1322.7,120,1359.9,160,0,8920
FINNIFTY02JAN2420000CE.NFO,02/01/2024,09:56:41,1375.3,1322.85,360,1357.45,360,0,8920
FINNIFTY02JAN2420000CE.NFO,02/01/2024,09:56:43,1375.3,1323.05,1040,1356.4,1800,0,8920
FINNIFTY02JAN2420000CE.NFO,02/01/2024,09:56:44,1375.3,1323.15,40,1338.4,1240,0,8920
FINNIFTY02JAN2420000CE.NFO,02/01/2024,09:56:46,1375.3,1301.35,1520,1338.15,360,0,8920
FINNIFTY02JAN2420000CE.NFO,02/01/2024,09:56:48,1375.3,1301.45,120,1338.05,120,0,8920
FINNIFTY02JAN2420000CE.NFO,02/01/2024,09:56:49,1375.3,1301.5,160,1338,40,0,8920
FINNIFTY02JAN2420000CE.NFO,02/01/2024,09:56:51,1375.3,1301.5,160,1337.85,40,0,8920
FINNIFTY02JAN2420000CE.NFO,02/01/2024,09:56:53,1375.3,1301.5,160,1337.8,960,0,8920
FINNIFTY02JAN2420000CE.NFO,02/01/2024,09:56:54,1375.3,1301.5,160,1337.75,320,0,8920
FINNIFTY02JAN2420000CE.NFO,02/01/2024,09:56:56,1375.3,1301.75,160,1337.5,160,0,8920
FINNIFTY02JAN2420000CE.NFO,02/01/2024,09:56:58,1301.9,1323.9,160,1333.55,40,40,8920
FINNIFTY02JAN2420000CE.NFO,02/01/2024,09:56:58,1301.9,1323.9,160,1333.55,40,0,8920
FINNIFTY02JAN2420000CE.NFO,02/01/2024,09:56:59,1301.9,1323.85,960,1333.3,40,0,8920
FINNIFTY02JAN2420000CE.NFO,02/01/2024,09:57:01,1301.9,1322,40,1332.5,40,0,8920
FINNIFTY02JAN2420000CE.NFO,02/01/2024,09:57:03,1301.9,1304.65,1200,1330.15,80,0,8920
FINNIFTY02JAN2420000CE.NFO,02/01/2024,09:57:04,1301.9,1304.9,760,1330,40,0,8920
FINNIFTY02JAN2420000CE.NFO,02/01/2024,09:57:06,1301.9,1305.45,40,1328.9,40,0,8920
FINNIFTY02JAN2420000CE.NFO,02/01/2024,09:57:08,1301.9,1288.45,2000,1327.8,40,0,8920
FINNIFTY02JAN2420000CE.NFO,02/01/2024,09:57:09,1301.9,1302,40,1325.5,40,0,8920
FINNIFTY02JAN2420000CE.NFO,02/01/2024,09:57:11,1301.9,1300.65,200,1322.6,40,0,8920
FINNIFTY02JAN2420000CE.NFO,02/01/2024,09:57:13,1301.9,1292.65,40,1316.95,40,0,8920
FINNIFTY02JAN2420000CE.NFO,02/01/2024,09:57:14,1301.9,1288.6,40,1314.85,40,0,8920
FINNIFTY02JAN2420000CE.NFO,02/01/2024,09:57:16,1301.9,1272.65,280,1309.25,40,0,8920
FINNIFTY02JAN2420000CE.NFO,02/01/2024,09:57:18,1301.9,1280.3,160,1303.8,40,0,8920
FINNIFTY02JAN2420000CE.NFO,02/01/2024,09:57:19,1301.9,1285.45,40,1302.6,40,0,8920
FINNIFTY02JAN2420000CE.NFO,02/01/2024,09:57:21,1301.9,1287.65,160,1324.4,40,0,8920
FINNIFTY02JAN2420000CE.NFO,02/01/2024,09:57:23,1301.9,1288,160,1321.2,40,0,8920
FINNIFTY02JAN2420000CE.NFO,02/01/2024,09:57:24,1301.9,1288.15,40,1312.15,40,0,8920
FINNIFTY02JAN2420000CE.NFO,02/01/2024,09:57:26,1301.9,1288.65,40,1308.85,40,0,8920
FINNIFTY02JAN2420000CE.NFO,02/01/2024,09:57:28,1301.9,1284.4,160,1307.35,40,0,8920
FINNIFTY02JAN2420000CE.NFO,02/01/2024,09:57:29,1301.9,1285.5,160,1306.05,40,0,8920
FINNIFTY02JAN2420000CE.NFO,02/01/2024,09:57:31,1301.9,1290.95,160,1304.35,40,0,8920
FINNIFTY02JAN2420000CE.NFO,02/01/2024,09:57:32,1301.9,1301.95,40,1324,40,0,8920
FINNIFTY02JAN2420000CE.NFO,02/01/2024,09:57:34,1301.9,1302.15,160,1323.4,40,0,8920
FINNIFTY02JAN2420000CE.NFO,02/01/2024,09:57:36,1301.9,1302.45,160,1322.8,40,0,8920
FINNIFTY02JAN2420000CE.NFO,02/01/2024,09:57:37,1301.9,1302.85,560,1322.3,40,0,8920
FINNIFTY02JAN2420000CE.NFO,02/01/2024,09:57:39,1301.9,1303.05,160,1321.7,40,0,8920
FINNIFTY02JAN2420000CE.NFO,02/01/2024,09:57:40,1301.9,1303.4,720,1320.6,400,0,8920
FINNIFTY02JAN2420000CE.NFO,02/01/2024,09:57:42,1301.9,1303.9,40,1319.4,40,0,8920
FINNIFTY02JAN2420000CE.NFO,02/01/2024,09:57:44,1301.9,1304.45,880,1321.3,40,0,8920
FINNIFTY02JAN2420000CE.NFO,02/01/2024,09:57:45,1301.9,1304.9,120,1320.6,40,0,8920
FINNIFTY02JAN2420000CE.NFO,02/01/2024,09:57:47,1301.9,1305.15,40,1319.7,40,0,8920
FINNIFTY02JAN2420000CE.NFO,02/01/2024,09:57:49,1301.9,1305.45,80,1319,40,0,8920
FINNIFTY02JAN2420000CE.NFO,02/01/2024,09:57:50,1301.9,1305.65,1920,1318.8,40,0,8920
FINNIFTY02JAN2420000CE.NFO,02/01/2024,09:57:52,1301.9,1305.8,160,1327.95,120,0,8920
FINNIFTY02JAN2420000CE.NFO,02/01/2024,09:57:54,1301.9,1306.15,240,1327.95,80,0,8920
FINNIFTY02JAN2420000CE.NFO,02/01/2024,09:57:55,1301.9,1307.05,1360,1327.8,120,0,8920
FINNIFTY02JAN2420000CE.NFO,02/01/2024,09:57:57,1301.9,1307.35,840,1327.55,40,0,8920
FINNIFTY02JAN2420000CE.NFO,02/01/2024,09:57:59,1301.9,1308.25,80,1327.1,480,0,8920
FINNIFTY02JAN2420000CE.NFO,02/01/2024,09:58:00,1301.9,1309.15,120,1326.5,120,0,8920
FINNIFTY02JAN2420000CE.NFO,02/01/2024,09:58:02,1301.9,1309.3,280,1326.2,240,0,8920
FINNIFTY02JAN2420000CE.NFO,02/01/2024,09:58:03,1301.9,1309.05,80,1325.85,160,0,8920
FINNIFTY02JAN2420000CE.NFO,02/01/2024,09:58:05,1301.9,1309,560,1325.55,680,0,8920
FINNIFTY02JAN2420000CE.NFO,02/01/2024,09:58:07,1301.9,1309.25,80,1324.85,120,0,8920
FINNIFTY02JAN2420000CE.NFO,02/01/2024,09:58:08,1301.9,1309.15,80,1324.55,120,0,8920
FINNIFTY02JAN2420000CE.NFO,02/01/2024,09:58:10,1301.9,1308.95,40,1324.3,520,0,8920
FINNIFTY02JAN2420000CE.NFO,02/01/2024,09:58:12,1301.9,1302.15,40,1323.85,840,0,8920
FINNIFTY02JAN2420000CE.NFO,02/01/2024,09:58:14,1301.9,1300.45,160,1323.35,1560,0,8920
FINNIFTY02JAN2420000CE.NFO,02/01/2024,09:58:15,1301.9,1289.1,40,1322.5,240,0,8920
FINNIFTY02JAN2420000CE.NFO,02/01/2024,09:58:17,1301.9,1289.1,1280,1322,1520,0,8920
FINNIFTY02JAN2420000CE.NFO,02/01/2024,09:58:19,1301.9,1299.55,80,1321.3,1240,0,8920
FINNIFTY02JAN2420000CE.NFO,02/01/2024,09:58:20,1301.9,1299.6,40,1320.5,1400,0,8920
FINNIFTY02JAN2420000CE.NFO,02/01/2024,09:58:22,1301.9,1295.55,40,1319.75,1600,0,8920
FINNIFTY02JAN2420000CE.NFO,02/01/2024,09:58:23,1301.9,1292.35,80,1315.25,1480,0,8920
FINNIFTY02JAN2420000CE.NFO,02/01/2024,09:58:25,1301.9,1287.2,40,1314.05,1800,0,8920
FINNIFTY02JAN2420000CE.NFO,02/01/2024,09:58:27,1301.9,1284.85,160,1307.9,40,0,8920
FINNIFTY02JAN2420000CE.NFO,02/01/2024,09:58:28,1301.9,1283.1,40,1307.8,3440,0,8920
FINNIFTY02JAN2420000CE.NFO,02/01/2024,09:58:30,1301.9,1281.65,160,1307.8,3440,0,8920
FINNIFTY02JAN2420000CE.NFO,02/01/2024,09:58:32,1301.9,1282.6,360,1304.25,1400,0,8920
FINNIFTY02JAN2420000CE.NFO,02/01/2024,09:58:33,1301.9,1290.35,80,1303.8,560,0,8920
FINNIFTY02JAN2420000CE.NFO,02/01/2024,09:58:35,1301.9,1293.45,80,1303.35,80,0,8920
FINNIFTY02JAN2420000CE.NFO,02/01/2024,09:58:37,1301.9,1294.8,280,1302.95,80,0,8920
FINNIFTY02JAN2420000CE.NFO,02/01/2024,09:58:38,1301.9,1293.55,320,1302.65,80,0,8920
FINNIFTY02JAN2420000CE.NFO,02/01/2024,09:58:40,1301.9,1295.2,160,1302.45,80,0,8920
FINNIFTY02JAN2420000CE.NFO,02/01/2024,09:58:42,1301.9,1302,80,1320.85,840,0,8920
FINNIFTY02JAN2420000CE.NFO,02/01/2024,09:58:43,1301.9,1302.75,40,1319.2,160,0,8920
FINNIFTY02JAN2420000CE.NFO,02/01/2024,09:58:45,1301.9,1295.05,80,1317.05,40,0,8920
FINNIFTY02JAN2420000CE.NFO,02/01/2024,09:58:47,1301.9,1295.85,880,1315.1,40,0,8920
FINNIFTY02JAN2420000CE.NFO,02/01/2024,09:58:48,1301.9,1299.1,80,1311.2,320,0,8920
FINNIFTY02JAN2420000CE.NFO,02/01/2024,09:58:50,1301.9,1299.2,40,1308.4,120,0,8920
FINNIFTY02JAN2420000CE.NFO,02/01/2024,09:58:52,1301.9,1302,40,1318.95,40,0,8920
FINNIFTY02JAN2420000CE.NFO,02/01/2024,09:58:53,1301.9,1302.25,160,1313.7,120,0,8920
FINNIFTY02JAN2420000CE.NFO,02/01/2024,09:58:55,1301.9,1302.55,160,1315.9,40,0,8920
FINNIFTY02JAN2420000CE.NFO,02/01/2024,09:58:57,1301.9,1302.6,960,1315.8,160,0,8920
FINNIFTY02JAN2420000CE.NFO,02/01/2024,09:58:58,1301.9,1302.6,960,1315.7,40,0,8920
FINNIFTY02JAN2420000CE.NFO,02/01/2024,09:59:00,1301.9,1302.65,40,1315.1,120,0,8920
FINNIFTY02JAN2420000CE.NFO,02/01/2024,09:59:02,1301.9,1302.95,1520,1314.55,40,0,8920
FINNIFTY02JAN2420000CE.NFO,02/01/2024,09:59:03,1301.9,1303,1080,1318.1,40,0,8920
FINNIFTY02JAN2420000CE.NFO,02/01/2024,09:59:05,1301.9,1302.8,40,1318.1,40,0,8920
FINNIFTY02JAN2420000CE.NFO,02/01/2024,09:59:07,1301.9,1302.85,200,1318,40,0,8920
FINNIFTY02JAN2420000CE.NFO,02/01/2024,09:59:08,1301.9,1292.6,3480,1317.65,360,0,8920
FINNIFTY02JAN2420000CE.NFO,02/01/2024,09:59:10,1301.9,1292.65,360,1317.1,40,0,8920
FINNIFTY02JAN2420000CE.NFO,02/01/2024,09:59:12,1301.9,1297.75,40,1315.5,40,0,8920
FINNIFTY02JAN2420000CE.NFO,02/01/2024,09:59:13,1301.9,1293.6,80,1312.7,1080,0,8920
FINNIFTY02JAN2420000CE.NFO,02/01/2024,09:59:15,1301.9,1293.65,40,1309.3,840,0,8920
FINNIFTY02JAN2420000CE.NFO,02/01/2024,09:59:17,1301.9,1296.25,40,1305.7,80,0,8920
FINNIFTY02JAN2420000CE.NFO,02/01/2024,09:59:18,1301.9,1296.5,80,1304.6,240,0,8920
FINNIFTY02JAN2420000CE.NFO,02/01/2024,09:59:20,1301.9,1293.75,40,1303.5,120,0,8920
FINNIFTY02JAN2420000CE.NFO,02/01/2024,09:59:22,1301.9,1295.95,40,1302.35,40,0,8920
FINNIFTY02JAN2420000CE.NFO,02/01/2024,09:59:23,1301.9,1293.9,640,1301.4,80,0,8920
FINNIFTY02JAN2420000CE.NFO,02/01/2024,09:59:25,1301.9,1283.25,3080,1300.4,360,0,8920
FINNIFTY02JAN2420000CE.NFO,02/01/2024,09:59:27,1301.9,1284.05,40,1299.85,600,0,8920
FINNIFTY02JAN2420000CE.NFO,02/01/2024,09:59:28,1301.9,1294.05,160,1299.35,80,0,8920
FINNIFTY02JAN2420000CE.NFO,02/01/2024,09:59:30,1301.9,1284.15,1200,1299.05,200,0,8920
FINNIFTY02JAN2420000CE.NFO,02/01/2024,09:59:31,1301.9,1290.5,80,1298.35,80,0,8920
FINNIFTY02JAN2420000CE.NFO,02/01/2024,09:59:33,1301.9,1292.65,120,1299.25,80,0,8920
FINNIFTY02JAN2420000CE.NFO,02/01/2024,09:59:34,1301.9,1296.25,40,1314.95,960,0,8920
FINNIFTY02JAN2420000CE.NFO,02/01/2024,09:59:36,1301.9,1296.45,1720,1314.55,2520,0,8920
FINNIFTY02JAN2420000CE.NFO,02/01/2024,09:59:38,1301.9,1298.8,360,1312.4,480,0,8920
FINNIFTY02JAN2420000CE.NFO,02/01/2024,09:59:39,1301.9,1301.9,80,1312,80,0,8920
FINNIFTY02JAN2420000CE.NFO,02/01/2024,09:59:41,1301.9,1302.95,440,1311.4,80,0,8920
FINNIFTY02JAN2420000CE.NFO,02/01/2024,09:59:43,1301.9,1303.95,240,1311.95,80,0,8920
FINNIFTY02JAN2420000CE.NFO,02/01/2024,09:59:44,1301.9,1304.6,160,1317.8,160,0,8920
FINNIFTY02JAN2420000CE.NFO,02/01/2024,09:59:46,1301.9,1305.3,120,1317.55,40,0,8920
FINNIFTY02JAN2420000CE.NFO,02/01/2024,09:59:48,1301.9,1306.15,80,1317.2,80,0,8920
FINNIFTY02JAN2420000CE.NFO,02/01/2024,09:59:49,1301.9,1307.05,200,1320.3,640,0,8920
FINNIFTY02JAN2420000CE.NFO,02/01/2024,09:59:51,1301.9,1308.35,80,1319.35,240,0,8920
FINNIFTY02JAN2420000CE.NFO,02/01/2024,09:59:53,1301.9,1309.15,80,1318.3,80,0,8920
FINNIFTY02JAN2420000CE.NFO,02/01/2024,09:59:54,1301.9,1310.15,720,1317.4,120,0,8920
FINNIFTY02JAN2420000CE.NFO,02/01/2024,09:59:56,1301.9,1301.9,80,1316.9,320,0,8920
FINNIFTY02JAN2420000CE.NFO,02/01/2024,09:59:58,1301.9,1302.5,80,1316.2,120,0,8920
FINNIFTY02JAN2420000CE.NFO,02/01/2024,09:59:59,1301.9,1303.4,360,1315.7,240,0,8920
FINNIFTY02JAN2420000CE.NFO,02/01/2024,10:00:01,1301.9,1273,1840,1315.45,160,0,8920
FINNIFTY02JAN2420000CE.NFO,02/01/2024,10:00:02,1301.9,1302.15,680,1314.7,40,0,8920
FINNIFTY02JAN2420000CE.NFO,02/01/2024,10:00:04,1301.9,1304.25,80,1313.55,120,0,8920
FINNIFTY02JAN2420000CE.NFO,02/01/2024,10:00:06,1301.9,1304.6,40,1312.35,80,0,8920
FINNIFTY02JAN2420000CE.NFO,02/01/2024,10:00:07,1301.9,1304.6,40,1311.65,80,0,8920
FINNIFTY02JAN2420000CE.NFO,02/01/2024,10:00:09,1301.9,1304.65,480,1311.25,80,0,8920
FINNIFTY02JAN2420000CE.NFO,02/01/2024,10:00:11,1301.9,1304.6,40,1310.45,80,0,8920
FINNIFTY02JAN2420000CE.NFO,02/01/2024,10:00:12,1301.9,1301.9,80,1309.15,80,0,8920
FINNIFTY02JAN2420000CE.NFO,02/01/2024,10:00:14,1301.9,1302.25,520,1307.05,80,0,8920
FINNIFTY02JAN2420000CE.NFO,02/01/2024,10:00:16,1301.9,1303.95,80,1308.3,80,0,8920
FINNIFTY02JAN2420000CE.NFO,02/01/2024,10:00:17,1301.9,1304.05,40,1308.1,80,0,8920
FINNIFTY02JAN2420000CE.NFO,02/01/2024,10:00:19,1301.9,1304.3,80,1310.5,80,0,8920
FINNIFTY02JAN2420000CE.NFO,02/01/2024,10:00:20,1301.9,1304.9,280,1322.5,2720,0,8920
FINNIFTY02JAN2420000CE.NFO,02/01/2024,10:00:22,1301.9,1305.55,480,1321.95,80,0,8920
FINNIFTY02JAN2420000CE.NFO,02/01/2024,10:00:24,1301.9,1306.65,40,1321.7,40,0,8920
FINNIFTY02JAN2420000CE.NFO,02/01/2024,10:00:26,1301.9,1307.4,40,1321.55,80,0,8920
FINNIFTY02JAN2420000CE.NFO,02/01/2024,10:00:27,1301.9,1309.3,680,1326.95,80,0,8920
FINNIFTY02JAN2420000CE.NFO,02/01/2024,10:00:29,1301.9,1310.1,760,1327.1,80,0,8920
FINNIFTY02JAN2420000CE.NFO,02/01/2024,10:00:30,1301.9,1310.9,400,1326.5,120,0,8920
FINNIFTY02JAN2420000CE.NFO,02/01/2024,10:00:32,1301.9,1311.9,160,1325.9,80,0,8920
FINNIFTY02JAN2420000CE.NFO,02/01/2024,10:00:34,1301.9,1313.7,80,1325.7,160,0,8920
FINNIFTY02JAN2420000CE.NFO,02/01/2024,10:00:35,1301.9,1314.3,80,1324.1,120,0,8920
FINNIFTY02JAN2420000CE.NFO,02/01/2024,10:00:37,1301.9,1315.35,80,1322.9,80,0,8920
FINNIFTY02JAN2420000CE.NFO,02/01/2024,10:00:39,1301.9,1314.75,40,1320.9,120,0,8920
FINNIFTY02JAN2420000CE.NFO,02/01/2024,10:00:40,1301.9,1312.3,200,1318.7,80,0,8920
FINNIFTY02JAN2420000CE.NFO,02/01/2024,10:00:42,1301.9,1303.5,440,1317.1,80,0,8920
FINNIFTY02JAN2420000CE.NFO,02/01/2024,10:00:43,1301.9,1304.5,480,1317.95,80,0,8920
FINNIFTY02JAN2420000CE.NFO,02/01/2024,10:00:45,1301.9,1304.25,40,1317.1,480,0,8920
FINNIFTY02JAN2420000CE.NFO,02/01/2024,10:00:47,1301.9,1304.55,80,1316.6,400,0,8920
FINNIFTY02JAN2420000CE.NFO,02/01/2024,10:00:48,1301.9,1304.35,200,1315.95,40,0,8920
FINNIFTY02JAN2420000CE.NFO,02/01/2024,10:00:50,1301.9,1304.9,80,1314.9,440,0,8920
FINNIFTY02JAN2420000CE.NFO,02/01/2024,10:00:52,1301.9,1304.25,40,1313.7,200,0,8920
FINNIFTY02JAN2420000CE.NFO,02/01/2024,10:00:53,1301.9,1302.55,80,1313.6,80,0,8920
FINNIFTY02JAN2420000CE.NFO,02/01/2024,10:00:55,1301.9,1303.45,120,1312.25,80,0,8920
FINNIFTY02JAN2420000CE.NFO,02/01/2024,10:00:57,1301.9,1304.05,80,1312.1,80,0,8920
FINNIFTY02JAN2420000CE.NFO,02/01/2024,10:00:58,1301.9,1305.15,160,1309.8,80,0,8920
FINNIFTY02JAN2420000CE.NFO,02/01/2024,10:01:00,1301.9,1304.5,40,1309.4,80,0,8920
FINNIFTY02JAN2420000CE.NFO,02/01/2024,10:01:01,1301.9,1304.6,240,1328.75,1560,0,8920
FINNIFTY02JAN2420000CE.NFO,02/01/2024,10:01:03,1301.9,1304.6,560,1326.75,1440,0,8920
FINNIFTY02JAN2420000CE.NFO,02/01/2024,10:01:05,1301.9,1304.8,80,1324.05,360,0,8920
FINNIFTY02JAN2420000CE.NFO,02/01/2024,10:01:06,1301.9,1305.05,80,1323.75,840,0,8920
FINNIFTY02JAN2420000CE.NFO,02/01/2024,10:01:08,1301.9,1305.65,240,1323.15,240,0,8920
FINNIFTY02JAN2420000CE.NFO,02/01/2024,10:01:10,1301.9,1306.45,440,1322.65,320,0,8920
FINNIFTY02JAN2420000CE.NFO,02/01/2024,10:01:11,1301.9,1307.85,80,1321.45,400,0,8920
FINNIFTY02JAN2420000CE.NFO,02/01/2024,10:01:13,1301.9,1308.55,80,1320.55,80,0,8920
FINNIFTY02JAN2420000CE.NFO,02/01/2024,10:01:15,1301.9,1309.15,80,1318.15,200,0,8920
FINNIFTY02JAN2420000CE.NFO,02/01/2024,10:01:16,1301.9,1310.85,1600,1315.25,80,0,8920
FINNIFTY02JAN2420000CE.NFO,02/01/2024,10:01:18,1301.9,1311.3,80,1318.95,80,0,8920
FINNIFTY02JAN2420000CE.NFO,02/01/2024,10:01:20,1301.9,1312.2,440,1329.8,400,0,8920
FINNIFTY02JAN2420000CE.NFO,02/01/2024,10:01:21,1301.9,1312.85,40,1329.8,280,0,8920
FINNIFTY02JAN2420000CE.NFO,02/01/2024,10:01:23,1301.9,1314,80,1329.8,280,0,8920
FINNIFTY02JAN2420000CE.NFO,02/01/2024,10:01:24,1301.9,1314.95,520,1329.8,120,0,8920
FINNIFTY02JAN2420000CE.NFO,02/01/2024,10:01:26,1301.9,1315.8,320,1329.55,80,0,8920
FINNIFTY02JAN2420000CE.NFO,02/01/2024,10:01:28,1301.9,1316.25,120,1329.3,80,0,8920
FINNIFTY02JAN2420000CE.NFO,02/01/2024,10:01:29,1301.9,1317.35,120,1331.2,120,0,8920
FINNIFTY02JAN2420000CE.NFO,02/01/2024,10:01:31,1301.9,1318.55,360,1329.9,360,0,8920
FINNIFTY02JAN2420000CE.NFO,02/01/2024,10:01:33,1301.9,1320.5,200,1328.55,120,0,8920
FINNIFTY02JAN2420000CE.NFO,02/01/2024,10:01:34,1301.9,1308.85,680,1326.75,120,0,8920
FINNIFTY02JAN2420000CE.NFO,02/01/2024,10:01:36,1301.9,1309.85,520,1326.65,120,0,8920
FINNIFTY02JAN2420000CE.NFO,02/01/2024,10:01:38,1301.9,1310.6,600,1326.45,80,0,8920
FINNIFTY02JAN2420000CE.NFO,02/01/2024,10:01:39,1301.9,1312.7,400,1326.85,80,0,8920
FINNIFTY02JAN2420000CE.NFO,02/01/2024,10:01:41,1301.9,1313.3,280,1326.55,80,0,8920
FINNIFTY02JAN2420000CE.NFO,02/01/2024,10:01:43,1301.9,1314.6,360,1333.05,120,0,8920
FINNIFTY02JAN2420000CE.NFO,02/01/2024,10:01:44,1301.9,1315.7,80,1332.35,240,0,8920
FINNIFTY02JAN2420000CE.NFO,02/01/2024,10:01:46,1301.9,1318.1,120,1330.95,120,0,8920
FINNIFTY02JAN2420000CE.NFO,02/01/2024,10:01:48,1301.9,1320.4,120,1331.4,80,0,8920
FINNIFTY02JAN2420000CE.NFO,02/01/2024,10:01:49,1301.9,1321.95,80,1332.4,80,0,8920
FINNIFTY02JAN2420000CE.NFO,02/01/2024,10:01:51,1301.9,1322.45,80,1331.65,320,0,8920
FINNIFTY02JAN2420000CE.NFO,02/01/2024,10:01:53,1301.9,1324.15,200,1331.15,80,0,8920
FINNIFTY02JAN2420000CE.NFO,02/01/2024,10:01:54,1301.9,1324.75,1520,1330.75,80,0,8920
FINNIFTY02JAN2420000CE.NFO,02/01/2024,10:01:56,1301.9,1322.35,80,1330.25,120,0,8920
FINNIFTY02JAN2420000CE.NFO,02/01/2024,10:01:58,1301.9,1322.3,960,1329.45,120,0,8920
FINNIFTY02JAN2420000CE.NFO,02/01/2024,10:01:59,1301.9,1319.95,240,1325.85,80,0,8920
FINNIFTY02JAN2420000CE.NFO,02/01/2024,10:02:01,1301.9,1320.05,80,1325.65,80,0,8920
FINNIFTY02JAN2420000CE.NFO,02/01/2024,10:02:03,1301.9,1321.1,80,1329.1,80,0,8920
FINNIFTY02JAN2420000CE.NFO,02/01/2024,10:02:04,1301.9,1322,120,1329,80,0,8920
FINNIFTY02JAN2420000CE.NFO,02/01/2024,10:02:06,1301.9,1322.7,80,1328.8,80,0,8920
FINNIFTY02JAN2420000CE.NFO,02/01/2024,10:02:08,1301.9,1325.2,80,1331.5,80,0,8920
FINNIFTY02JAN2420000CE.NFO,02/01/2024,10:02:09,1301.9,1326.15,120,1336.05,80,0,8920
FINNIFTY02JAN2420000CE.NFO,02/01/2024,10:02:11,1301.9,1326.95,80,1340.35,120,0,8920
FINNIFTY02JAN2420000CE.NFO,02/01/2024,10:02:13,1301.9,1327.95,120,1338.25,80,0,8920
FINNIFTY02JAN2420000CE.NFO,02/01/2024,10:02:14,1301.9,1328.25,240,1337.45,80,0,8920
FINNIFTY02JAN2420000CE.NFO,02/01/2024,10:02:16,1301.9,1330.5,160,1337.4,80,0,8920
FINNIFTY02JAN2420000CE.NFO,02/01/2024,10:02:18,1301.9,1327.65,1040,1335.95,120,0,8920
FINNIFTY02JAN2420000CE.NFO,02/01/2024,10:02:19,1301.9,1327.75,40,1332.85,80,0,8920
FINNIFTY02JAN2420000CE.NFO,02/01/2024,10:02:21,1301.9,1325.15,40,1331.55,120,0,8920
FINNIFTY02JAN2420000CE.NFO,02/01/2024,10:02:22,1301.9,1325.3,480,1330.75,80,0,8920
FINNIFTY02JAN2420000CE.NFO,02/01/2024,10:02:24,1301.9,1325.75,320,1331.1,80,0,8920
FINNIFTY02JAN2420000CE.NFO,02/01/2024,10:02:26,1301.9,1325.15,40,1330.5,120,0,8920
FINNIFTY02JAN2420000CE.NFO,02/01/2024,10:02:27,1301.9,1325.15,40,1329.7,80,0,8920
FINNIFTY02JAN2420000CE.NFO,02/01/2024,10:02:29,1301.9,1325.2,160,1329.4,80,0,8920
FINNIFTY02JAN2420000CE.NFO,02/01/2024,10:02:31,1301.9,1325.35,2000,1329.65,80,0,8920
FINNIFTY02JAN2420000CE.NFO,02/01/2024,10:02:33,1301.9,1325.5,160,1330.2,80,0,8920
FINNIFTY02JAN2420000CE.NFO,02/01/2024,10:02:34,1301.9,1326,80,1331.55,80,0,8920
FINNIFTY02JAN2420000CE.NFO,02/01/2024,10:02:36,1301.9,1326.7,80,1340.45,200,0,8920
FINNIFTY02JAN2420000CE.NFO,02/01/2024,10:02:38,1301.9,1328.6,80,1340.45,280,0,8920
FINNIFTY02JAN2420000CE.NFO,02/01/2024,10:02:39,1301.9,1329.5,80,1340.45,120,0,8920
FINNIFTY02JAN2420000CE.NFO,02/01/2024,10:02:41,1301.9,1330.05,280,1340.45,40,0,8920
FINNIFTY02JAN2420000CE.NFO,02/01/2024,10:02:43,1301.9,1323.5,40,1340.45,40,0,8920
FINNIFTY02JAN2420000CE.NFO,02/01/2024,10:02:44,1301.9,1323.5,200,1340.45,40,0,8920
FINNIFTY02JAN2420000CE.NFO,02/01/2024,10:02:46,1301.9,1323.95,40,1340.45,40,0,8920
FINNIFTY02JAN2420000CE.NFO,02/01/2024,10:02:48,1301.9,1325.25,40,1340.45,40,0,8920
FINNIFTY02JAN2420000CE.NFO,02/01/2024,10:02:49,1301.9,1325.8,160,1340.45,40,0,8920
FINNIFTY02JAN2420000CE.NFO,02/01/2024,10:02:51,1301.9,1326.35,160,1340.45,40,0,8920
FINNIFTY02JAN2420000CE.NFO,02/01/2024,10:02:53,1301.9,1327,120,1340.45,40,0,8920
FINNIFTY02JAN2420000CE.NFO,02/01/2024,10:02:54,1301.9,1327.6,120,1340.45,40,0,8920
FINNIFTY02JAN2420000CE.NFO,02/01/2024,10:02:56,1301.9,1327.9,160,1344.85,1160,0,8920
FINNIFTY02JAN2420000CE.NFO,02/01/2024,10:02:58,1301.9,1329.45,440,1344.3,80,0,8920
FINNIFTY02JAN2420000CE.NFO,02/01/2024,10:02:59,1301.9,1331.55,80,1341.9,80,0,8920
FINNIFTY02JAN2420000CE.NFO,02/01/2024,10:03:01,1301.9,1332,80,1341.4,80,0,8920
FINNIFTY02JAN2420000CE.NFO,02/01/2024,10:03:03,1301.9,1333.7,80,1343.1,80,0,8920
FINNIFTY02JAN2420000CE.NFO,02/01/2024,10:03:04,1301.9,1335,80,1341.6,80,0,8920
FINNIFTY02JAN2420000CE.NFO,02/01/2024,10:03:06,1301.9,1334.55,40,1340.1,80,0,8920
FINNIFTY02JAN2420000CE.NFO,02/01/2024,10:03:08,1301.9,1332.15,80,1339.6,120,0,8920
FINNIFTY02JAN2420000CE.NFO,02/01/2024,10:03:09,1301.9,1332.55,200,1339.2,80,0,8920
FINNIFTY02JAN2420000CE.NFO,02/01/2024,10:03:11,1301.9,1333.25,200,1346.55,40,0,8920
FINNIFTY02JAN2420000CE.NFO,02/01/2024,10:03:13,1301.9,1333.9,40,1352.05,200,0,8920
FINNIFTY02JAN2420000CE.NFO,02/01/2024,10:03:14,1301.9,1334.1,360,1351.75,80,0,8920
FINNIFTY02JAN2420000CE.NFO,02/01/2024,10:03:16,1301.9,1334.8,120,1350.9,160,0,8920
FINNIFTY02JAN2420000CE.NFO,02/01/2024,10:03:18,1301.9,1335.45,40,1350.7,80,0,8920
FINNIFTY02JAN2420000CE.NFO,02/01/2024,10:03:19,1301.9,1336.05,200,1370.2,40,0,8920
FINNIFTY02JAN2420000CE.NFO,02/01/2024,10:03:21,1301.9,1337.05,120,1368.2,40,0,8920
FINNIFTY02JAN2420000CE.NFO,02/01/2024,10:03:23,1301.9,1337.65,120,1363.4,1680,0,8920
FINNIFTY02JAN2420000CE.NFO,02/01/2024,10:03:24,1301.9,1337.95,240,1362.7,40,0,8920
FINNIFTY02JAN2420000CE.NFO,02/01/2024,10:03:26,1301.9,1338.75,40,1362.05,40,0,8920
FINNIFTY02JAN2420000CE.NFO,02/01/2024,10:03:28,1301.9,1339.8,120,1360.75,40,0,8920
FINNIFTY02JAN2420000CE.NFO,02/01/2024,10:03:29,1301.9,1341.4,80,1358.3,760,0,8920
FINNIFTY02JAN2420000CE.NFO,02/01/2024,10:03:31,1301.9,1341.75,480,1356.85,40,0,8920
FINNIFTY02JAN2420000CE.NFO,02/01/2024,10:03:33,1301.9,1341.35,40,1356.25,840,0,8920
FINNIFTY02JAN2420000CE.NFO,02/01/2024,10:03:34,1301.9,1338.95,40,1352.65,40,0,8920
FINNIFTY02JAN2420000CE.NFO,02/01/2024,10:03:36,1301.9,1336.9,40,1351.4,40,0,8920
FINNIFTY02JAN2420000CE.NFO,02/01/2024,10:03:38,1301.9,1337.35,40,1350.15,40,0,8920
FINNIFTY02JAN2420000CE.NFO,02/01/2024,10:03:39,1301.9,1334.9,200,1350.05,720,0,8920
FINNIFTY02JAN2420000CE.NFO,02/01/2024,10:03:41,1301.9,1334.85,40,1350.05,720,0,8920
FINNIFTY02JAN2420000CE.NFO,02/01/2024,10:03:43,1301.9,1335.1,80,1350.05,480,0,8920
FINNIFTY02JAN2420000CE.NFO,02/01/2024,10:03:44,1301.9,1335.65,40,1350.05,600,0,8920
FINNIFTY02JAN2420000CE.NFO,02/01/2024,10:03:46,1301.9,1335.65,160,1350.05,600,0,8920
FINNIFTY02JAN2420000CE.NFO,02/01/2024,10:03:48,1301.9,1335.6,40,1350.05,880,0,8920
FINNIFTY02JAN2420000CE.NFO,02/01/2024,10:03:49,1301.9,1333.45,80,1350.05,880,0,8920
FINNIFTY02JAN2420000CE.NFO,02/01/2024,10:03:51,1301.9,1334.45,40,1350.05,880,0,8920
FINNIFTY02JAN2420000CE.NFO,02/01/2024,10:03:53,1301.9,1335.45,120,1350.05,600,0,8920
FINNIFTY02JAN2420000CE.NFO,02/01/2024,10:03:54,1301.9,1336.65,1800,1350.05,440,0,8920
FINNIFTY02JAN2420000CE.NFO,02/01/2024,10:03:56,1301.9,1337.05,360,1350.05,440,0,8920
FINNIFTY02JAN2420000CE.NFO,02/01/2024,10:03:58,1301.9,1337.4,2000,1350.05,440,0,8920
FINNIFTY02JAN2420000CE.NFO,02/01/2024,10:03:59,1301.9,1337.8,80,1350.05,400,0,8920
FINNIFTY02JAN2420000CE.NFO,02/01/2024,10:04:01,1301.9,1338.15,200,1349.9,40,0,8920
FINNIFTY02JAN2420000CE.NFO,02/01/2024,10:04:03,1301.9,1338.85,80,1349.7,80,0,8920
FINNIFTY02JAN2420000CE.NFO,02/01/2024,10:04:04,1301.9,1340.05,160,1360,600,0,8920
FINNIFTY02JAN2420000CE.NFO,02/01/2024,10:04:06,1301.9,1340.65,80,1359.55,480,0,8920
FINNIFTY02JAN2420000CE.NFO,02/01/2024,10:04:08,1301.9,1341.65,80,1359.05,520,0,8920
FINNIFTY02JAN2420000CE.NFO,02/01/2024,10:04:09,1301.9,1342.3,120,1358.5,1080,0,8920
FINNIFTY02JAN2420000CE.NFO,02/01/2024,10:04:11,1301.9,1343.5,240,1358.4,40,0,8920
FINNIFTY02JAN2420000CE.NFO,02/01/2024,10:04:13,1301.9,1344.15,1920,1358.25,760,0,8920
FINNIFTY02JAN2420000CE.NFO,02/01/2024,10:04:14,1301.9,1344.4,480,1358.35,80,0,8920
FINNIFTY02JAN2420000CE.NFO,02/01/2024,10:04:16,1301.9,1345.25,240,1358.35,80,0,8920
FINNIFTY02JAN2420000CE.NFO,02/01/2024,10:04:18,1301.9,1345.75,80,1357.95,1320,0,8920
FINNIFTY02JAN2420000CE.NFO,02/01/2024,10:04:19,1301.9,1346.25,200,1357.8,40,0,8920
FINNIFTY02JAN2420000CE.NFO,02/01/2024,10:04:21,1301.9,1346.9,80,1357.4,80,0,8920
FINNIFTY02JAN2420000CE.NFO,02/01/2024,10:04:23,1301.9,1347.4,200,1357.4,80,0,8920
FINNIFTY02JAN2420000CE.NFO,02/01/2024,10:04:24,1301.9,1349,200,1357.35,40,0,8920
FINNIFTY02JAN2420000CE.NFO,02/01/2024,10:04:26,1301.9,1350.2,120,1357.05,80,0,8920
FINNIFTY02JAN2420000CE.NFO,02/01/2024,10:04:27,1301.9,1350.95,80,1356.75,80,0,8920
FINNIFTY02JAN2420000CE.NFO,02/01/2024,10:04:29,1301.9,1351.7,80,1356.75,80,0,8920
FINNIFTY02JAN2420000CE.NFO,02/01/2024,10:04:31,1301.9,1352,280,1356.75,80,0,8920
FINNIFTY02JAN2420000CE.NFO,02/01/2024,10:04:32,1301.9,1352.7,40,1367.55,40,0,8920
FINNIFTY02JAN2420000CE.NFO,02/01/2024,10:04:34,1301.9,1353.05,80,1367.1,240,0,8920
FINNIFTY02JAN2420000CE.NFO,02/01/2024,10:04:36,1301.9,1353.8,840,1366.95,120,0,8920
FINNIFTY02JAN2420000CE.NFO,02/01/2024,10:04:37,1301.9,1354.45,200,1366.75,120,0,8920
FINNIFTY02JAN2420000CE.NFO,02/01/2024,10:04:39,1301.9,1355.3,200,1366.75,120,0,8920
FINNIFTY02JAN2420000CE.NFO,02/01/2024,10:04:41,1301.9,1355.6,120,1366.35,560,0,8920
FINNIFTY02JAN2420000CE.NFO,02/01/2024,10:04:42,1301.9,1355.8,40,1365.8,360,0,8920
FINNIFTY02JAN2420000CE.NFO,02/01/2024,10:04:44,1301.9,1355.8,40,1364.8,40,0,8920
FINNIFTY02JAN2420000CE.NFO,02/01/2024,10:04:46,1301.9,1353.6,120,1364.25,40,0,8920
FINNIFTY02JAN2420000CE.NFO,02/01/2024,10:04:47,1301.9,1353.4,40,1363.05,40,0,8920
FINNIFTY02JAN2420000CE.NFO,02/01/2024,10:04:49,1301.9,1339.55,40,1362.35,840,0,8920
FINNIFTY02JAN2420000CE.NFO,02/01/2024,10:04:51,1301.9,1340.35,40,1362.05,40,0,8920
FINNIFTY02JAN2420000CE.NFO,02/01/2024,10:04:52,1301.9,1341.1,160,1361.5,40,0,8920
FINNIFTY02JAN2420000CE.NFO,02/01/2024,10:04:54,1301.9,1342.8,400,1361.1,40,0,8920
FINNIFTY02JAN2420000CE.NFO,02/01/2024,10:04:56,1301.9,1343.2,360,1360.7,360,0,8920
FINNIFTY02JAN2420000CE.NFO,02/01/2024,10:04:57,1301.9,1344.6,120,1359.75,720,0,8920
FINNIFTY02JAN2420000CE.NFO,02/01/2024,10:04:59,1301.9,1345.2,40,1358.8,160,0,8920
FINNIFTY02JAN2420000CE.NFO,02/01/2024,10:05:01,1301.9,1345.8,1240,1378.75,2040,0,8920
FINNIFTY02JAN2420000CE.NFO,02/01/2024,10:05:02,1301.9,1346.75,40,1374.75,40,0,8920
FINNIFTY02JAN2420000CE.NFO,02/01/2024,10:05:04,1301.9,1347.65,120,1373.65,360,0,8920
FINNIFTY02JAN2420000CE.NFO,02/01/2024,10:05:06,1301.9,1348.4,280,1373.05,40,0,8920
FINNIFTY02JAN2420000CE.NFO,02/01/2024,10:05:07,1301.9,1349,200,1372.65,40,0,8920
FINNIFTY02JAN2420000CE.NFO,02/01/2024,10:05:09,1301.9,1350,40,1371.45,40,0,8920
FINNIFTY02JAN2420000CE.NFO,02/01/2024,10:05:11,1301.9,1350.75,40,1370.5,40,0,8920
FINNIFTY02JAN2420000CE.NFO,02/01/2024,10:05:12,1301.9,1352,120,1369.95,40,0,8920
FINNIFTY02JAN2420000CE.NFO,02/01/2024,10:05:14,1301.9,1352.55,40,1368.1,920,0,8920
FINNIFTY02JAN2420000CE.NFO,02/01/2024,10:05:16,1301.9,1352.55,40,1367.4,1480,0,8920
FINNIFTY02JAN2420000CE.NFO,02/01/2024,10:05:17,1301.9,1350.25,120,1366.6,1200,0,8920
FINNIFTY02JAN2420000CE.NFO,02/01/2024,10:05:19,1301.9,1350.15,320,1365.45,520,0,8920
FINNIFTY02JAN2420000CE.NFO,02/01/2024,10:05:21,1301.9,1350.15,1120,1364.85,360,0,8920
FINNIFTY02JAN2420000CE.NFO,02/01/2024,10:05:22,1301.9,1351,120,1364.5,40,0,8920
FINNIFTY02JAN2420000CE.NFO,02/01/2024,10:05:24,1301.9,1350.85,40,1362.75,40,0,8920
FINNIFTY02JAN2420000CE.NFO,02/01/2024,10:05:26,1301.9,1350.9,40,1362,40,0,8920
FINNIFTY02JAN2420000CE.NFO,02/01/2024,10:05:27,1301.9,1351.05,120,1360.8,40,0,8920
FINNIFTY02JAN2420000CE.NFO,02/01/2024,10:05:29,1301.9,1351.35,120,1360.45,320,0,8920
FINNIFTY02JAN2420000CE.NFO,02/01/2024,10:05:31,1301.9,1352.8,240,1359.7,120,0,8920
FINNIFTY02JAN2420000CE.NFO,02/01/2024,10:05:32,1301.9,1353.05,200,1359.5,600,0,8920
FINNIFTY02JAN2420000CE.NFO,02/01/2024,10:05:34,1301.9,1353.55,200,1359.3,120,0,8920
FINNIFTY02JAN2420000CE.NFO,02/01/2024,10:05:36,1301.9,1353.75,200,1359.2,120,0,8920
FINNIFTY02JAN2420000CE.NFO,02/01/2024,10:05:37,1301.9,1353.55,160,1359.05,80,0,8920
FINNIFTY02JAN2420000CE.NFO,02/01/2024,10:05:39,1301.9,1353.65,200,1358.8,120,0,8920
FINNIFTY02JAN2420000CE.NFO,02/01/2024,10:05:41,1301.9,1353.5,160,1358.6,120,0,8920
FINNIFTY02JAN2420000CE.NFO,02/01/2024,10:05:42,1301.9,1353.4,40,1358.25,120,0,8920
FINNIFTY02JAN2420000CE.NFO,02/01/2024,10:05:44,1301.9,1347.9,120,1357.8,40,0,8920
FINNIFTY02JAN2420000CE.NFO,02/01/2024,10:05:46,1301.9,1348.65,120,1357.55,120,0,8920
FINNIFTY02JAN2420000CE.NFO,02/01/2024,10:05:47,1301.9,1350.05,40,1357.15,120,0,8920
FINNIFTY02JAN2420000CE.NFO,02/01/2024,10:05:49,1301.9,1350.25,160,1356.85,120,0,8920
FINNIFTY02JAN2420000CE.NFO,02/01/2024,10:05:51,1301.9,1347.55,40,1356.15,160,0,8920
FINNIFTY02JAN2420000CE.NFO,02/01/2024,10:05:52,1301.9,1347.6,40,1355.95,200,0,8920
FINNIFTY02JAN2420000CE.NFO,02/01/2024,10:05:54,1301.9,1347.8,160,1355.95,200,0,8920
FINNIFTY02JAN2420000CE.NFO,02/01/2024,10:05:56,1301.9,1348.15,160,1355.95,200,0,8920
FINNIFTY02JAN2420000CE.NFO,02/01/2024,10:05:57,1301.9,1348.95,120,1355.95,160,0,8920
FINNIFTY02JAN2420000CE.NFO,02/01/2024,10:05:59,1301.9,1349.85,40,1355.95,120,0,8920
FINNIFTY02JAN2420000CE.NFO,02/01/2024,10:06:01,1301.9,1350.65,200,1355.85,120,0,8920
FINNIFTY02JAN2420000CE.NFO,02/01/2024,10:06:02,1301.9,1350.95,360,1375.85,2680,0,8920
FINNIFTY02JAN2420000CE.NFO,02/01/2024,10:06:04,1301.9,1352,120,1374.6,1800,0,8920
FINNIFTY02JAN2420000CE.NFO,02/01/2024,10:06:06,1301.9,1354.15,120,1373.45,40,0,8920
FINNIFTY02JAN2420000CE.NFO,02/01/2024,10:06:07,1301.9,1355.4,80,1372.5,40,0,8920
FINNIFTY02JAN2420000CE.NFO,02/01/2024,10:06:09,1301.9,1356.05,200,1371.75,1120,0,8920
FINNIFTY02JAN2420000CE.NFO,02/01/2024,10:06:11,1301.9,1356.45,120,1371.45,360,0,8920
FINNIFTY02JAN2420000CE.NFO,02/01/2024,10:06:12,1301.9,1357.7,120,1370.75,520,0,8920
FINNIFTY02JAN2420000CE.NFO,02/01/2024,10:06:14,1301.9,1358.6,200,1370.35,800,0,8920
FINNIFTY02JAN2420000CE.NFO,02/01/2024,10:06:16,1301.9,1359.4,120,1370.2,360,0,8920
FINNIFTY02JAN2420000CE.NFO,02/01/2024,10:06:17,1301.9,1359.95,160,1370.15,280,0,8920
FINNIFTY02JAN2420000CE.NFO,02/01/2024,10:06:19,1301.9,1360.85,40,1370.1,120,0,8920
FINNIFTY02JAN2420000CE.NFO,02/01/2024,10:06:21,1301.9,1361.15,480,1375.3,120,0,8920
FINNIFTY02JAN2420000CE.NFO,02/01/2024,10:06:22,1301.9,1361.55,520,1375.3,120,0,8920
FINNIFTY02JAN2420000CE.NFO,02/01/2024,10:06:24,1301.9,1362.6,200,1375.1,120,0,8920
FINNIFTY02JAN2420000CE.NFO,02/01/2024,10:06:26,1301.9,1363.4,240,1393.6,560,0,8920
FINNIFTY02JAN2420000CE.NFO,02/01/2024,10:06:27,1301.9,1364.25,400,1393.45,1160,0,8920
FINNIFTY02JAN2420000CE.NFO,02/01/2024,10:06:29,1301.9,1364.7,80,1393.2,40,0,8920
FINNIFTY02JAN2420000CE.NFO,02/01/2024,10:06:31,1301.9,1366.1,120,1392.2,40,0,8920
FINNIFTY02JAN2420000CE.NFO,02/01/2024,10:06:32,1301.9,1366,40,1391.2,40,0,8920
FINNIFTY02JAN2420000CE.NFO,02/01/2024,10:06:34,1301.9,1355.2,440,1390.1,40,0,8920
FINNIFTY02JAN2420000CE.NFO,02/01/2024,10:06:36,1301.9,1355.95,120,1389.7,40,0,8920
FINNIFTY02JAN2420000CE.NFO,02/01/2024,10:06:37,1301.9,1356.2,600,1388.9,40,0,8920
FINNIFTY02JAN2420000CE.NFO,02/01/2024,10:06:39,1301.9,1357.2,120,1387.8,160,0,8920
FINNIFTY02JAN2420000CE.NFO,02/01/2024,10:06:41,1301.9,1358.1,120,1386.65,40,0,8920
FINNIFTY02JAN2420000CE.NFO,02/01/2024,10:06:42,1301.9,1358.65,40,1385.3,40,0,8920
FINNIFTY02JAN2420000CE.NFO,02/01/2024,10:06:44,1301.9,1359.7,120,1383.5,40,0,8920
FINNIFTY02JAN2420000CE.NFO,02/01/2024,10:06:46,1301.9,1362.7,640,1382,640,0,8920
FINNIFTY02JAN2420000CE.NFO,02/01/2024,10:06:48,1301.9,1363.55,40,1381.45,40,0,8920
FINNIFTY02JAN2420000CE.NFO,02/01/2024,10:06:49,1301.9,1363.75,120,1380.85,40,0,8920
FINNIFTY02JAN2420000CE.NFO,02/01/2024,10:06:51,1301.9,1363.8,320,1380.45,120,0,8920
FINNIFTY02JAN2420000CE.NFO,02/01/2024,10:06:53,1301.9,1363.5,40,1380.05,520,0,8920
FINNIFTY02JAN2420000CE.NFO,02/01/2024,10:06:54,1301.9,1363.5,40,1379.5,40,0,8920
FINNIFTY02JAN2420000CE.NFO,02/01/2024,10:06:56,1301.9,1363.65,720,1379,40,0,8920
FINNIFTY02JAN2420000CE.NFO,02/01/2024,10:06:58,1301.9,1363.85,1360,1378.75,40,0,8920
FINNIFTY02JAN2420000CE.NFO,02/01/2024,10:06:59,1301.9,1363.7,440,1378.1,40,0,8920
FINNIFTY02JAN2420000CE.NFO,02/01/2024,10:07:01,1301.9,1363.95,1920,1377.75,40,0,8920
FINNIFTY02JAN2420000CE.NFO,02/01/2024,10:07:03,1301.9,1364.05,200,1377.5,800,0,8920
FINNIFTY02JAN2420000CE.NFO,02/01/2024,10:07:04,1301.9,1364.05,200,1377.3,120,0,8920
FINNIFTY02JAN2420000CE.NFO,02/01/2024,10:07:06,1301.9,1364.15,240,1388.1,80,0,8920
FINNIFTY02JAN2420000CE.NFO,02/01/2024,10:07:08,1301.9,1364.35,1560,1388.05,400,0,8920
FINNIFTY02JAN2420000CE.NFO,02/01/2024,10:07:09,1301.9,1364.8,200,1387.4,40,0,8920
FINNIFTY02JAN2420000CE.NFO,02/01/2024,10:07:11,1301.9,1365.25,240,1387,40,0,8920
FINNIFTY02JAN2420000CE.NFO,02/01/2024,10:07:13,1301.9,1365.6,360,1386.8,80,0,8920
FINNIFTY02JAN2420000CE.NFO,02/01/2024,10:07:14,1301.9,1365.9,160,1386.8,80,0,8920
FINNIFTY02JAN2420000CE.NFO,02/01/2024,10:07:16,1301.9,1366.25,40,1386.45,40,0,8920
FINNIFTY02JAN2420000CE.NFO,02/01/2024,10:07:18,1301.9,1366.55,40,1386.2,40,0,8920
FINNIFTY02JAN2420000CE.NFO,02/01/2024,10:07:19,1301.9,1366.95,200,1385.75,240,0,8920
FINNIFTY02JAN2420000CE.NFO,02/01/2024,10:07:21,1301.9,1367.35,160,1385.4,480,0,8920
FINNIFTY02JAN2420000CE.NFO,02/01/2024,10:07:23,1301.9,1367.75,200,1385.05,40,0,8920
FINNIFTY02JAN2420000CE.NFO,02/01/2024,10:07:24,1301.9,1368.2,40,1384.75,120,0,8920
FINNIFTY02JAN2420000CE.NFO,02/01/2024,10:07:26,1301.9,1368.65,80,1384.5,120,0,8920
FINNIFTY02JAN2420000CE.NFO,02/01/2024,10:07:28,1301.9,1368.45,40,1383.9,40,0,8920
FINNIFTY02JAN2420000CE.NFO,02/01/2024,10:07:29,1301.9,1368.3,40,1383.3,280,0,8920
FINNIFTY02JAN2420000CE.NFO,02/01/2024,10:07:31,1301.9,1368.3,40,1382.95,40,0,8920
FINNIFTY02JAN2420000CE.NFO,02/01/2024,10:07:33,1301.9,1358.2,240,1382.25,40,0,8920
FINNIFTY02JAN2420000CE.NFO,02/01/2024,10:07:34,1301.9,1359,40,1381.9,40,0,8920
FINNIFTY02JAN2420000CE.NFO,02/01/2024,10:07:36,1301.9,1359.7,120,1381.45,40,0,8920
FINNIFTY02JAN2420000CE.NFO,02/01/2024,10:07:38,1301.9,1360.1,160,1381.2,160,0,8920
FINNIFTY02JAN2420000CE.NFO,02/01/2024,10:07:39,1301.9,1360.6,400,1380.8,1280,0,8920
FINNIFTY02JAN2420000CE.NFO,02/01/2024,10:07:41,1301.9,1361.45,80,1380,40,0,8920
FINNIFTY02JAN2420000CE.NFO,02/01/2024,10:07:43,1301.9,1361.8,160,1379.65,160,0,8920
FINNIFTY02JAN2420000CE.NFO,02/01/2024,10:07:44,1301.9,1361.95,1920,1379.5,1160,0,8920
FINNIFTY02JAN2420000CE.NFO,02/01/2024,10:07:46,1301.9,1362.2,160,1379.35,40,0,8920
FINNIFTY02JAN2420000CE.NFO,02/01/2024,10:07:48,1301.9,1362.8,200,1378.95,40,0,8920
FINNIFTY02JAN2420000CE.NFO,02/01/2024,10:07:49,1301.9,1363.55,40,1378.4,40,0,8920
FINNIFTY02JAN2420000CE.NFO,02/01/2024,10:07:51,1301.9,1366.1,120,1378,40,0,8920
FINNIFTY02JAN2420000CE.NFO,02/01/2024,10:07:53,1301.9,1366.4,40,1377.5,360,0,8920
FINNIFTY02JAN2420000CE.NFO,02/01/2024,10:07:54,1301.9,1363.8,40,1377.15,40,0,8920
FINNIFTY02JAN2420000CE.NFO,02/01/2024,10:07:56,1301.9,1363.8,40,1376.9,40,0,8920
FINNIFTY02JAN2420000CE.NFO,02/01/2024,10:07:58,1301.9,1364.15,40,1376.3,120,0,8920
FINNIFTY02JAN2420000CE.NFO,02/01/2024,10:07:59,1301.9,1364.8,520,1375.65,120,0,8920
FINNIFTY02JAN2420000CE.NFO,02/01/2024,10:08:01,1301.9,1364.9,160,1375.3,40,0,8920
FINNIFTY02JAN2420000CE.NFO,02/01/2024,10:08:03,1301.9,1365.4,40,1374.65,40,0,8920
FINNIFTY02JAN2420000CE.NFO,02/01/2024,10:08:04,1301.9,1366.2,120,1374.3,200,0,8920
FINNIFTY02JAN2420000CE.NFO,02/01/2024,10:08:06,1301.9,1366.45,600,1373.9,40,0,8920
FINNIFTY02JAN2420000CE.NFO,02/01/2024,10:08:08,1301.9,1366.35,40,1373.55,880,0,8920
FINNIFTY02JAN2420000CE.NFO,02/01/2024,10:08:09,1301.9,1361.7,120,1373.05,40,0,8920
FINNIFTY02JAN2420000CE.NFO,02/01/2024,10:08:11,1301.9,1361.7,120,1372.3,40,0,8920
FINNIFTY02JAN2420000CE.NFO,02/01/2024,10:08:13,1301.9,1361.7,120,1371.85,40,0,8920
FINNIFTY02JAN2420000CE.NFO,02/01/2024,10:08:14,1301.9,1361.7,120,1371.3,40,0,8920
FINNIFTY02JAN2420000CE.NFO,02/01/2024,10:08:16,1301.9,1361.7,120,1380.5,400,0,8920
FINNIFTY02JAN2420000CE.NFO,02/01/2024,10:08:24,1301.9,1361.9,40,1380.5,400,0,8920
FINNIFTY02JAN2420000CE.NFO,02/01/2024,10:08:26,1301.9,1361.85,400,1379.5,40,0,8920
FINNIFTY02JAN2420000CE.NFO,02/01/2024,10:08:28,1301.9,1361.9,160,1378.45,40,0,8920
FINNIFTY02JAN2420000CE.NFO,02/01/2024,10:08:29,1301.9,1361.95,640,1378,1320,0,8920
FINNIFTY02JAN2420000CE.NFO,02/01/2024,10:08:31,1301.9,1362.4,40,1377.9,40,0,8920
FINNIFTY02JAN2420000CE.NFO,02/01/2024,10:08:33,1301.9,1362.75,40,1377.9,40,0,8920
FINNIFTY02JAN2420000CE.NFO,02/01/2024,10:08:34,1301.9,1363.05,160,1377.9,40,0,8920
FINNIFTY02JAN2420000CE.NFO,02/01/2024,10:08:36,1301.9,1363.45,200,1377.9,40,0,8920
FINNIFTY02JAN2420000CE.NFO,02/01/2024,10:08:38,1301.9,1359.45,40,1377.4,240,0,8920
FINNIFTY02JAN2420000CE.NFO,02/01/2024,10:08:39,1301.9,1359.45,40,1375.35,40,0,8920
FINNIFTY02JAN2420000CE.NFO,02/01/2024,10:08:41,1301.9,1359.45,40,1374.95,80,0,8920
FINNIFTY02JAN2420000CE.NFO,02/01/2024,10:08:43,1301.9,1355.1,320,1373.5,40,0,8920
FINNIFTY02JAN2420000CE.NFO,02/01/2024,10:08:44,1301.9,1353.35,200,1372.85,40,0,8920
FINNIFTY02JAN2420000CE.NFO,02/01/2024,10:08:46,1301.9,1354.2,120,1372.1,1080,0,8920
FINNIFTY02JAN2420000CE.NFO,02/01/2024,10:08:48,1301.9,1354.65,200,1371.7,40,0,8920
FINNIFTY02JAN2420000CE.NFO,02/01/2024,10:08:49,1301.9,1355.2,120,1371.3,40,0,8920
FINNIFTY02JAN2420000CE.NFO,02/01/2024,10:08:51,1301.9,1355.4,120,1371,40,0,8920
FINNIFTY02JAN2420000CE.NFO,02/01/2024,10:08:53,1301.9,1355.4,120,1370.45,40,0,8920
FINNIFTY02JAN2420000CE.NFO,02/01/2024,10:08:54,1301.9,1355.4,120,1369.9,360,0,8920
FINNIFTY02JAN2420000CE.NFO,02/01/2024,10:08:56,1301.9,1355.4,120,1369.15,40,0,8920
FINNIFTY02JAN2420000CE.NFO,02/01/2024,10:08:58,1301.9,1355.4,120,1368.85,160,0,8920
FINNIFTY02JAN2420000CE.NFO,02/01/2024,10:08:59,1301.9,1355.4,120,1368.75,40,0,8920
FINNIFTY02JAN2420000CE.NFO,02/01/2024,10:09:03,1301.9,1355.55,160,1368.5,160,0,8920
FINNIFTY02JAN2420000CE.NFO,02/01/2024,10:09:04,1301.9,1356.2,1880,1378.05,40,0,8920
FINNIFTY02JAN2420000CE.NFO,02/01/2024,10:09:06,1301.9,1356.85,520,1378,360,0,8920
FINNIFTY02JAN2420000CE.NFO,02/01/2024,10:09:08,1301.9,1357.3,40,1377.85,200,0,8920
FINNIFTY02JAN2420000CE.NFO,02/01/2024,10:09:09,1301.9,1358.1,40,1395,2240,0,8920
FINNIFTY02JAN2420000CE.NFO,02/01/2024,10:09:11,1301.9,1359.05,360,1394.4,360,0,8920
FINNIFTY02JAN2420000CE.NFO,02/01/2024,10:09:13,1301.9,1359.6,40,1394,40,0,8920
FINNIFTY02JAN2420000CE.NFO,02/01/2024,10:09:14,1301.9,1360.2,40,1393.55,800,0,8920
FINNIFTY02JAN2420000CE.NFO,02/01/2024,10:09:16,1301.9,1361,200,1393.05,400,0,8920
FINNIFTY02JAN2420000CE.NFO,02/01/2024,10:09:18,1301.9,1361.95,360,1391.9,40,0,8920
FINNIFTY02JAN2420000CE.NFO,02/01/2024,10:09:19,1301.9,1362.55,40,1391.2,520,0,8920
FINNIFTY02JAN2420000CE.NFO,02/01/2024,10:09:21,1301.9,1363.15,120,1390.3,40,0,8920
FINNIFTY02JAN2420000CE.NFO,02/01/2024,10:09:23,1301.9,1363.4,120,1389.9,40,0,8920
FINNIFTY02JAN2420000CE.NFO,02/01/2024,10:09:24,1301.9,1363.95,80,1389.55,40,0,8920
FINNIFTY02JAN2420000CE.NFO,02/01/2024,10:09:26,1301.9,1364.2,80,1389.15,40,0,8920
FINNIFTY02JAN2420000CE.NFO,02/01/2024,10:09:27,1301.9,1364.7,40,1388.7,40,0,8920
FINNIFTY02JAN2420000CE.NFO,02/01/2024,10:09:29,1301.9,1365.1,360,1388.35,160,0,8920
FINNIFTY02JAN2420000CE.NFO,02/01/2024,10:09:31,1301.9,1365.45,200,1387.95,440,0,8920
FINNIFTY02JAN2420000CE.NFO,02/01/2024,10:09:32,1301.9,1366.15,40,1387.35,40,0,8920
FINNIFTY02JAN2420000CE.NFO,02/01/2024,10:09:34,1301.9,1366.8,360,1386.7,360,0,8920
FINNIFTY02JAN2420000CE.NFO,02/01/2024,10:09:36,1301.9,1367.4,40,1386.2,40,0,8920
FINNIFTY02JAN2420000CE.NFO,02/01/2024,10:09:37,1301.9,1368.1,40,1385.9,40,0,8920
FINNIFTY02JAN2420000CE.NFO,02/01/2024,10:09:39,1301.9,1368.95,200,1384.9,40,0,8920
FINNIFTY02JAN2420000CE.NFO,02/01/2024,10:09:41,1301.9,1368.8,40,1384.2,40,0,8920
FINNIFTY02JAN2420000CE.NFO,02/01/2024,10:09:42,1301.9,1368.8,40,1383.4,40,0,8920
FINNIFTY02JAN2420000CE.NFO,02/01/2024,10:09:44,1301.9,1363.9,3320,1383,40,0,8920
FINNIFTY02JAN2420000CE.NFO,02/01/2024,10:09:46,1301.9,1364.05,120,1382.65,400,0,8920
FINNIFTY02JAN2420000CE.NFO,02/01/2024,10:09:47,1301.9,1364.05,120,1382.1,40,0,8920
FINNIFTY02JAN2420000CE.NFO,02/01/2024,10:09:49,1301.9,1364.05,120,1381.4,40,0,8920
FINNIFTY02JAN2420000CE.NFO,02/01/2024,10:09:51,1301.9,1364.05,120,1380.8,40,0,8920
FINNIFTY02JAN2420000CE.NFO,02/01/2024,10:09:52,1301.9,1364.05,120,1380.4,40,0,8920
FINNIFTY02JAN2420000CE.NFO,02/01/2024,10:09:54,1301.9,1364.05,120,1379.25,40,0,8920
FINNIFTY02JAN2420000CE.NFO,02/01/2024,10:09:56,1301.9,1364.05,120,1378.6,160,0,8920
FINNIFTY02JAN2420000CE.NFO,02/01/2024,10:09:57,1301.9,1364.05,120,1377.55,240,0,8920
FINNIFTY02JAN2420000CE.NFO,02/01/2024,10:09:59,1301.9,1364.05,120,1377.15,40,0,8920
FINNIFTY02JAN2420000CE.NFO,02/01/2024,10:10:01,1301.9,1364.05,120,1376.65,40,0,8920
FINNIFTY02JAN2420000CE.NFO,02/01/2024,10:10:02,1301.9,1364.05,120,1376.2,40,0,8920
FINNIFTY02JAN2420000CE.NFO,02/01/2024,10:10:04,1301.9,1364.05,120,1375.25,160,0,8920
FINNIFTY02JAN2420000CE.NFO,02/01/2024,10:10:06,1301.9,1364.05,120,1374.8,360,0,8920
FINNIFTY02JAN2420000CE.NFO,02/01/2024,10:10:07,1301.9,1364.05,120,1375.05,240,0,8920
FINNIFTY02JAN2420000CE.NFO,02/01/2024,10:10:09,1301.9,1364.05,120,1374.9,920,0,8920
FINNIFTY02JAN2420000CE.NFO,02/01/2024,10:10:11,1301.9,1364.05,120,1374.45,40,0,8920
FINNIFTY02JAN2420000CE.NFO,02/01/2024,10:10:12,1301.9,1364.05,120,1409.55,320,0,8920
FINNIFTY02JAN2420000CE.NFO,02/01/2024,10:10:14,1301.9,1364.05,120,1409.25,40,0,8920
FINNIFTY02JAN2420000CE.NFO,02/01/2024,10:10:16,1301.9,1364.05,120,1408.75,40,0,8920
FINNIFTY02JAN2420000CE.NFO,02/01/2024,10:10:17,1301.9,1364,240,1408.35,40,0,8920
FINNIFTY02JAN2420000CE.NFO,02/01/2024,10:10:19,1301.9,1363.9,40,1407.6,240,0,8920
FINNIFTY02JAN2420000CE.NFO,02/01/2024,10:10:21,1301.9,1364,320,1406.45,40,0,8920
FINNIFTY02JAN2420000CE.NFO,02/01/2024,10:10:22,1301.9,1363.9,40,1405.5,240,0,8920
FINNIFTY02JAN2420000CE.NFO,02/01/2024,10:10:24,1301.9,1361.75,200,1403.95,40,0,8920
FINNIFTY02JAN2420000CE.NFO,02/01/2024,10:10:26,1301.9,1361.75,40,1402.55,520,0,8920
FINNIFTY02JAN2420000CE.NFO,02/01/2024,10:10:27,1301.9,1362.05,200,1401.05,40,0,8920
FINNIFTY02JAN2420000CE.NFO,02/01/2024,10:10:29,1301.9,1362.45,400,1400.1,40,0,8920
FINNIFTY02JAN2420000CE.NFO,02/01/2024,10:10:30,1301.9,1363.05,480,1399.25,40,0,8920
FINNIFTY02JAN2420000CE.NFO,02/01/2024,10:10:32,1301.9,1363.55,120,1398.2,80,0,8920
FINNIFTY02JAN2420000CE.NFO,02/01/2024,10:10:34,1301.9,1363.9,280,1397.6,160,0,8920
FINNIFTY02JAN2420000CE.NFO,02/01/2024,10:10:35,1301.9,1364.75,80,1396.15,40,0,8920
FINNIFTY02JAN2420000CE.NFO,02/01/2024,10:10:37,1301.9,1365.05,280,1395.1,40,0,8920
FINNIFTY02JAN2420000CE.NFO,02/01/2024,10:10:39,1301.9,1365,40,1393.85,40,0,8920
FINNIFTY02JAN2420000CE.NFO,02/01/2024,10:10:40,1301.9,1365,40,1393.15,40,0,8920
FINNIFTY02JAN2420000CE.NFO,02/01/2024,10:10:42,1301.9,1365,40,1392.25,360,0,8920
FINNIFTY02JAN2420000CE.NFO,02/01/2024,10:10:44,1301.9,1359.6,3920,1391.15,40,0,8920
FINNIFTY02JAN2420000CE.NFO,02/01/2024,10:10:45,1301.9,1359.7,40,1389.8,40,0,8920
FINNIFTY02JAN2420000CE.NFO,02/01/2024,10:10:47,1301.9,1359.7,40,1388.8,40,0,8920
FINNIFTY02JAN2420000CE.NFO,02/01/2024,10:10:49,1301.9,1359.7,40,1387.9,40,0,8920
FINNIFTY02JAN2420000CE.NFO,02/01/2024,10:10:50,1301.9,1359.7,40,1387.05,160,0,8920
FINNIFTY02JAN2420000CE.NFO,02/01/2024,10:10:52,1301.9,1359.7,480,1386.35,120,0,8920
FINNIFTY02JAN2420000CE.NFO,02/01/2024,10:10:54,1301.9,1360.05,80,1385.65,40,0,8920
FINNIFTY02JAN2420000CE.NFO,02/01/2024,10:10:56,1301.9,1360.85,40,1385.25,40,0,8920
FINNIFTY02JAN2420000CE.NFO,02/01/2024,10:10:57,1301.9,1361.55,40,1384.65,40,0,8920
FINNIFTY02JAN2420000CE.NFO,02/01/2024,10:10:59,1301.9,1362.3,40,1383.85,40,0,8920
FINNIFTY02JAN2420000CE.NFO,02/01/2024,10:11:01,1301.9,1362.75,120,1383.55,40,0,8920
FINNIFTY02JAN2420000CE.NFO,02/01/2024,10:11:02,1301.9,1363.45,560,1382.85,440,0,8920
FINNIFTY02JAN2420000CE.NFO,02/01/2024,10:11:04,1301.9,1364.15,200,1382.4,40,0,8920
FINNIFTY02JAN2420000CE.NFO,02/01/2024,10:11:06,1301.9,1364.25,80,1382,40,0,8920
FINNIFTY02JAN2420000CE.NFO,02/01/2024,10:11:07,1301.9,1364.85,80,1381.6,40,0,8920
FINNIFTY02JAN2420000CE.NFO,02/01/2024,10:11:09,1301.9,1365.3,120,1380.9,360,0,8920
FINNIFTY02JAN2420000CE.NFO,02/01/2024,10:11:11,1301.9,1365.95,40,1380.35,40,0,8920
FINNIFTY02JAN2420000CE.NFO,02/01/2024,10:11:12,1301.9,1366.85,40,1379.6,40,0,8920
FINNIFTY02JAN2420000CE.NFO,02/01/2024,10:11:14,1301.9,1367.05,40,1379,40,0,8920
FINNIFTY02JAN2420000CE.NFO,02/01/2024,10:11:16,1301.9,1367.35,120,1378.15,360,0,8920
FINNIFTY02JAN2420000CE.NFO,02/01/2024,10:11:17,1301.9,1367.1,320,1377.55,40,0,8920
FINNIFTY02JAN2420000CE.NFO,02/01/2024,10:11:19,1301.9,1367.05,40,1377.15,680,0,8920
FINNIFTY02JAN2420000CE.NFO,02/01/2024,10:11:21,1301.9,1367.05,40,1376.65,40,0,8920
FINNIFTY02JAN2420000CE.NFO,02/01/2024,10:11:22,1301.9,1367.05,40,1376.05,40,0,8920
FINNIFTY02JAN2420000CE.NFO,02/01/2024,10:11:24,1301.9,1360.2,360,1375.15,360,0,8920
FINNIFTY02JAN2420000CE.NFO,02/01/2024,10:11:26,1301.9,1362.7,40,1374.35,400,0,8920
FINNIFTY02JAN2420000CE.NFO,02/01/2024,10:11:27,1301.9,1362.9,200,1373.7,40,0,8920
FINNIFTY02JAN2420000CE.NFO,02/01/2024,10:11:29,1301.9,1363.15,360,1373.15,40,0,8920
FINNIFTY02JAN2420000CE.NFO,02/01/2024,10:11:30,1301.9,1363.45,80,1372.75,40,0,8920
FINNIFTY02JAN2420000CE.NFO,02/01/2024,10:11:32,1301.9,1360.25,200,1372.25,360,0,8920
FINNIFTY02JAN2420000CE.NFO,02/01/2024,10:11:33,1301.9,1360.2,40,1371.8,40,0,8920
FINNIFTY02JAN2420000CE.NFO,02/01/2024,10:11:35,1301.9,1358,40,1371.55,200,0,8920
FINNIFTY02JAN2420000CE.NFO,02/01/2024,10:11:37,1301.9,1358.05,240,1370.95,40,0,8920
FINNIFTY02JAN2420000CE.NFO,02/01/2024,10:11:38,1301.9,1358.05,160,1370.55,360,0,8920
FINNIFTY02JAN2420000CE.NFO,02/01/2024,10:11:40,1301.9,1358.25,440,1370.1,40,0,8920
FINNIFTY02JAN2420000CE.NFO,02/01/2024,10:11:42,1301.9,1358.65,40,1369.8,40,0,8920
FINNIFTY02JAN2420000CE.NFO,02/01/2024,10:11:43,1301.9,1358.75,40,1369.05,40,0,8920
FINNIFTY02JAN2420000CE.NFO,02/01/2024,10:11:45,1301.9,1355.8,120,1368.5,40,0,8920
FINNIFTY02JAN2420000CE.NFO,02/01/2024,10:11:48,1301.9,1356.5,40,1367.75,40,0,8920
FINNIFTY02JAN2420000CE.NFO,02/01/2024,10:11:50,1301.9,1357,40,1367.15,40,0,8920
FINNIFTY02JAN2420000CE.NFO,02/01/2024,10:11:52,1301.9,1357.45,520,1367,1280,0,8920
FINNIFTY02JAN2420000CE.NFO,02/01/2024,10:11:53,1301.9,1357.85,160,1378.3,40,0,8920
FINNIFTY02JAN2420000CE.NFO,02/01/2024,10:11:55,1301.9,1358.7,40,1378,40,0,8920
FINNIFTY02JAN2420000CE.NFO,02/01/2024,10:11:57,1301.9,1359.2,80,1377.1,40,0,8920
FINNIFTY02JAN2420000CE.NFO,02/01/2024,10:11:58,1301.9,1359.35,40,1376.35,40,0,8920
FINNIFTY02JAN2420000CE.NFO,02/01/2024,10:12:00,1301.9,1359.4,40,1375.45,40,0,8920
FINNIFTY02JAN2420000CE.NFO,02/01/2024,10:12:02,1301.9,1359.75,40,1374.9,200,0,8920
FINNIFTY02JAN2420000CE.NFO,02/01/2024,10:12:03,1301.9,1360.5,240,1374.25,360,0,8920
FINNIFTY02JAN2420000CE.NFO,02/01/2024,10:12:05,1301.9,1361.25,160,1373.85,40,0,8920
FINNIFTY02JAN2420000CE.NFO,02/01/2024,10:12:07,1301.9,1361.75,80,1373.2,360,0,8920
FINNIFTY02JAN2420000CE.NFO,02/01/2024,10:12:08,1301.9,1362.75,120,1372.25,40,0,8920
FINNIFTY02JAN2420000CE.NFO,02/01/2024,10:12:10,1301.9,1362.55,320,1371.5,40,0,8920
FINNIFTY02JAN2420000CE.NFO,02/01/2024,10:12:11,1301.9,1362.5,40,1370.95,160,0,8920
FINNIFTY02JAN2420000CE.NFO,02/01/2024,10:12:13,1301.9,1362.5,40,1370.3,40,0,8920
FINNIFTY02JAN2420000CE.NFO,02/01/2024,10:12:15,1301.9,1362.6,440,1369.7,40,0,8920
FINNIFTY02JAN2420000CE.NFO,02/01/2024,10:12:16,1301.9,1362.5,40,1369,40,0,8920
FINNIFTY02JAN2420000CE.NFO,02/01/2024,10:12:18,1301.9,1356.15,200,1368.6,480,0,8920
FINNIFTY02JAN2420000CE.NFO,02/01/2024,10:12:20,1301.9,1356.65,40,1368.45,40,0,8920
FINNIFTY02JAN2420000CE.NFO,02/01/2024,10:12:21,1301.9,1357.75,120,1379.3,40,0,8920
FINNIFTY02JAN2420000CE.NFO,02/01/2024,10:12:23,1301.9,1358.3,40,1378.1,40,0,8920
FINNIFTY02JAN2420000CE.NFO,02/01/2024,10:12:25,1301.9,1359.4,40,1377.2,400,0,8920
FINNIFTY02JAN2420000CE.NFO,02/01/2024,10:12:26,1301.9,1360.4,160,1376.1,40,0,8920
FINNIFTY02JAN2420000CE.NFO,02/01/2024,10:12:28,1301.9,1360.2,40,1375.3,360,0,8920
FINNIFTY02JAN2420000CE.NFO,02/01/2024,10:12:29,1301.9,1360.15,40,1374.7,40,0,8920
FINNIFTY02JAN2420000CE.NFO,02/01/2024,10:12:31,1301.9,1360.3,200,1373.95,40,0,8920
FINNIFTY02JAN2420000CE.NFO,02/01/2024,10:12:33,1301.9,1360.15,40,1373.35,40,0,8920
FINNIFTY02JAN2420000CE.NFO,02/01/2024,10:12:34,1301.9,1360.15,40,1373.25,40,0,8920
FINNIFTY02JAN2420000CE.NFO,02/01/2024,10:12:38,1301.9,1357.5,40,1373.05,240,0,8920
FINNIFTY02JAN2420000CE.NFO,02/01/2024,10:12:39,1301.9,1353.3,200,1372.25,40,0,8920
FINNIFTY02JAN2420000CE.NFO,02/01/2024,10:12:41,1301.9,1353.25,40,1371.4,360,0,8920
FINNIFTY02JAN2420000CE.NFO,02/01/2024,10:12:43,1301.9,1351.15,160,1370.7,360,0,8920
FINNIFTY02JAN2420000CE.NFO,02/01/2024,10:12:44,1301.9,1346.75,200,1370.1,400,0,8920
FINNIFTY02JAN2420000CE.NFO,02/01/2024,10:12:46,1301.9,1347.05,200,1369.55,1400,0,8920
FINNIFTY02JAN2420000CE.NFO,02/01/2024,10:12:48,1301.9,1347.2,120,1368.9,40,0,8920
FINNIFTY02JAN2420000CE.NFO,02/01/2024,10:12:49,1301.9,1347.35,400,1368.4,40,0,8920
FINNIFTY02JAN2420000CE.NFO,02/01/2024,10:12:51,1301.9,1347.7,1320,1367.8,1120,0,8920
FINNIFTY02JAN2420000CE.NFO,02/01/2024,10:12:53,1301.9,1348.1,360,1367.4,480,0,8920
FINNIFTY02JAN2420000CE.NFO,02/01/2024,10:12:54,1301.9,1348.55,200,1367.1,40,0,8920
FINNIFTY02JAN2420000CE.NFO,02/01/2024,10:12:56,1301.9,1348.85,200,1366.65,40,0,8920
FINNIFTY02JAN2420000CE.NFO,02/01/2024,10:12:57,1301.9,1349.45,40,1366.25,40,0,8920
FINNIFTY02JAN2420000CE.NFO,02/01/2024,10:12:59,1301.9,1349.95,160,1365.8,360,0,8920
FINNIFTY02JAN2420000CE.NFO,02/01/2024,10:13:01,1301.9,1350.45,200,1365.45,40,0,8920
FINNIFTY02JAN2420000CE.NFO,02/01/2024,10:13:02,1301.9,1351,120,1364.85,40,0,8920
FINNIFTY02JAN2420000CE.NFO,02/01/2024,10:13:04,1301.9,1351.7,80,1364.4,40,0,8920
FINNIFTY02JAN2420000CE.NFO,02/01/2024,10:13:06,1301.9,1351.8,40,1364,40,0,8920
FINNIFTY02JAN2420000CE.NFO,02/01/2024,10:13:07,1301.9,1351.8,40,1363.3,40,0,8920
FINNIFTY02JAN2420000CE.NFO,02/01/2024,10:13:09,1301.9,1351.8,40,1362.6,360,0,8920
FINNIFTY02JAN2420000CE.NFO,02/01/2024,10:13:11,1301.9,1351.5,40,1362.15,40,0,8920
FINNIFTY02JAN2420000CE.NFO,02/01/2024,10:13:13,1301.9,1351.5,40,1361.55,120,0,8920
FINNIFTY02JAN2420000CE.NFO,02/01/2024,10:13:14,1301.9,1351.55,120,1361,40,0,8920
FINNIFTY02JAN2420000CE.NFO,02/01/2024,10:13:16,1301.9,1351.5,40,1360.3,40,0,8920
FINNIFTY02JAN2420000CE.NFO,02/01/2024,10:13:18,1301.9,1346.9,200,1359.8,40,0,8920
FINNIFTY02JAN2420000CE.NFO,02/01/2024,10:13:19,1301.9,1347.3,160,1359.5,40,0,8920
FINNIFTY02JAN2420000CE.NFO,02/01/2024,10:13:21,1301.9,1347.75,80,1358.9,40,0,8920
FINNIFTY02JAN2420000CE.NFO,02/01/2024,10:13:23,1301.9,1347.95,720,1358.5,40,0,8920
FINNIFTY02JAN2420000CE.NFO,02/01/2024,10:13:24,1301.9,1348.4,40,1357.95,40,0,8920
FINNIFTY02JAN2420000CE.NFO,02/01/2024,10:13:26,1301.9,1348.8,40,1357.5,40,0,8920
FINNIFTY02JAN2420000CE.NFO,02/01/2024,10:13:28,1301.9,1349.45,200,1357.25,520,0,8920
FINNIFTY02JAN2420000CE.NFO,02/01/2024,10:13:29,1301.9,1349.65,120,1357.75,1200,0,8920
FINNIFTY02JAN2420000CE.NFO,02/01/2024,10:13:31,1301.9,1350.45,40,1357.65,40,0,8920
FINNIFTY02JAN2420000CE.NFO,02/01/2024,10:13:33,1301.9,1351.25,40,1365.3,40,0,8920
FINNIFTY02JAN2420000CE.NFO,02/01/2024,10:13:34,1301.9,1351,40,1364.8,40,0,8920
FINNIFTY02JAN2420000CE.NFO,02/01/2024,10:13:36,1301.9,1351.1,840,1364.35,360,0,8920
FINNIFTY02JAN2420000CE.NFO,02/01/2024,10:13:38,1301.9,1351.55,160,1364,240,0,8920
FINNIFTY02JAN2420000CE.NFO,02/01/2024,10:13:39,1301.9,1351.9,200,1363.75,40,0,8920
FINNIFTY02JAN2420000CE.NFO,02/01/2024,10:13:41,1301.9,1352.75,40,1362.95,40,0,8920
FINNIFTY02JAN2420000CE.NFO,02/01/2024,10:13:43,1301.9,1353.55,200,1362.35,40,0,8920
FINNIFTY02JAN2420000CE.NFO,02/01/2024,10:13:44,1301.9,1353.55,200,1361.65,40,0,8920
FINNIFTY02JAN2420000CE.NFO,02/01/2024,10:13:46,1301.9,1353.4,40,1361.15,40,0,8920
FINNIFTY02JAN2420000CE.NFO,02/01/2024,10:13:48,1301.9,1353.4,40,1360.65,40,0,8920
FINNIFTY02JAN2420000CE.NFO,02/01/2024,10:13:49,1301.9,1353.5,1640,1360.4,160,0,8920
FINNIFTY02JAN2420000CE.NFO,02/01/2024,10:13:51,1301.9,1353.9,40,1360.25,120,0,8920
FINNIFTY02JAN2420000CE.NFO,02/01/2024,10:13:52,1301.9,1353.8,160,1360.05,80,0,8920
FINNIFTY02JAN2420000CE.NFO,02/01/2024,10:13:54,1301.9,1353.45,160,1359.7,40,0,8920
FINNIFTY02JAN2420000CE.NFO,02/01/2024,10:13:56,1301.9,1353.5,160,1359.5,40,0,8920
FINNIFTY02JAN2420000CE.NFO,02/01/2024,10:13:57,1301.9,1353.85,40,1359.8,160,0,8920
FINNIFTY02JAN2420000CE.NFO,02/01/2024,10:13:59,1301.9,1353.55,480,1366.9,2680,0,8920
FINNIFTY02JAN2420000CE.NFO,02/01/2024,10:14:01,1301.9,1353.95,200,1366.9,2680,0,8920
FINNIFTY02JAN2420000CE.NFO,02/01/2024,10:14:02,1301.9,1354.3,40,1366.9,2680,0,8920
FINNIFTY02JAN2420000CE.NFO,02/01/2024,10:14:04,1301.9,1354.7,360,1366.85,160,0,8920
FINNIFTY02JAN2420000CE.NFO,02/01/2024,10:14:06,1301.9,1355.35,520,1366.8,400,0,8920
FINNIFTY02JAN2420000CE.NFO,02/01/2024,10:14:07,1301.9,1356.15,120,1366.6,840,0,8920
FINNIFTY02JAN2420000CE.NFO,02/01/2024,10:14:09,1301.9,1356.95,920,1366.7,200,0,8920
FINNIFTY02JAN2420000CE.NFO,02/01/2024,10:14:11,1301.9,1357.7,120,1371.05,40,0,8920
FINNIFTY02JAN2420000CE.NFO,02/01/2024,10:14:12,1301.9,1358.65,80,1371.05,40,0,8920
FINNIFTY02JAN2420000CE.NFO,02/01/2024,10:14:14,1301.9,1358.75,480,1371.05,40,0,8920
FINNIFTY02JAN2420000CE.NFO,02/01/2024,10:14:16,1301.9,1359.15,480,1371.05,40,0,8920
FINNIFTY02JAN2420000CE.NFO,02/01/2024,10:14:17,1301.9,1359.3,200,1371.05,40,0,8920
FINNIFTY02JAN2420000CE.NFO,02/01/2024,10:14:19,1301.9,1359.3,160,1370.2,40,0,8920
FINNIFTY02JAN2420000CE.NFO,02/01/2024,10:14:21,1301.9,1359.3,160,1369.55,400,0,8920
FINNIFTY02JAN2420000CE.NFO,02/01/2024,10:14:22,1301.9,1359.05,40,1368.75,40,0,8920
FINNIFTY02JAN2420000CE.NFO,02/01/2024,10:14:24,1301.9,1359.05,40,1367.95,400,0,8920
FINNIFTY02JAN2420000CE.NFO,02/01/2024,10:14:26,1301.9,1359.1,160,1367.4,360,0,8920
FINNIFTY02JAN2420000CE.NFO,02/01/2024,10:14:27,1301.9,1359.2,360,1366.9,120,0,8920
FINNIFTY02JAN2420000CE.NFO,02/01/2024,10:14:29,1301.9,1359.5,80,1366.4,360,0,8920
FINNIFTY02JAN2420000CE.NFO,02/01/2024,10:14:30,1301.9,1360.05,40,1366.3,120,0,8920
FINNIFTY02JAN2420000CE.NFO,02/01/2024,10:14:32,1301.9,1360.75,80,1366.75,120,0,8920
FINNIFTY02JAN2420000CE.NFO,02/01/2024,10:14:34,1301.9,1361.15,120,1366.7,40,0,8920
FINNIFTY02JAN2420000CE.NFO,02/01/2024,10:14:35,1301.9,1361.45,40,1371.2,2680,0,8920
FINNIFTY02JAN2420000CE.NFO,02/01/2024,10:14:37,1301.9,1362.15,40,1371.15,200,0,8920
FINNIFTY02JAN2420000CE.NFO,02/01/2024,10:14:39,1301.9,1362.55,40,1371.15,200,0,8920
FINNIFTY02JAN2420000CE.NFO,02/01/2024,10:14:40,1301.9,1362.95,40,1371.15,200,0,8920
FINNIFTY02JAN2420000CE.NFO,02/01/2024,10:14:42,1301.9,1362.9,40,1371.05,40,0,8920
FINNIFTY02JAN2420000CE.NFO,02/01/2024,10:14:44,1301.9,1357.65,120,1371.05,40,0,8920
FINNIFTY02JAN2420000CE.NFO,02/01/2024,10:14:45,1301.9,1358.05,40,1371.05,40,0,8920
FINNIFTY02JAN2420000CE.NFO,02/01/2024,10:14:47,1301.9,1358.75,200,1371.05,40,0,8920
FINNIFTY02JAN2420000CE.NFO,02/01/2024,10:14:49,1301.9,1359.15,40,1371.05,40,0,8920
FINNIFTY02JAN2420000CE.NFO,02/01/2024,10:14:50,1301.9,1359.15,200,1370,360,0,8920
FINNIFTY02JAN2420000CE.NFO,02/01/2024,10:14:52,1301.9,1359.35,200,1369.6,40,0,8920
FINNIFTY02JAN2420000CE.NFO,02/01/2024,10:14:54,1301.9,1359.1,40,1369.1,40,0,8920
FINNIFTY02JAN2420000CE.NFO,02/01/2024,10:14:55,1301.9,1359.2,200,1368.9,40,0,8920
FINNIFTY02JAN2420000CE.NFO,02/01/2024,10:14:57,1301.9,1359.1,40,1368.8,40,0,8920
FINNIFTY02JAN2420000CE.NFO,02/01/2024,10:14:59,1301.9,1359.1,40,1368.2,40,0,8920
FINNIFTY02JAN2420000CE.NFO,02/01/2024,10:15:00,1301.9,1359.35,80,1367.8,40,0,8920
FINNIFTY02JAN2420000CE.NFO,02/01/2024,10:15:02,1301.9,1359.8,40,1367.5,280,0,8920
FINNIFTY02JAN2420000CE.NFO,02/01/2024,10:15:03,1301.9,1360,160,1367.2,40,0,8920
FINNIFTY02JAN2420000CE.NFO,02/01/2024,10:15:05,1301.9,1359.95,40,1366.7,40,0,8920
FINNIFTY02JAN2420000CE.NFO,02/01/2024,10:15:07,1301.9,1359.95,40,1366.4,40,0,8920
FINNIFTY02JAN2420000CE.NFO,02/01/2024,10:15:08,1301.9,1356.15,40,1365.6,40,0,8920
FINNIFTY02JAN2420000CE.NFO,02/01/2024,10:15:10,1301.9,1357.4,160,1364.9,40,0,8920
FINNIFTY02JAN2420000CE.NFO,02/01/2024,10:15:12,1301.9,1357.8,200,1364.25,360,0,8920
FINNIFTY02JAN2420000CE.NFO,02/01/2024,10:15:13,1301.9,1357.65,160,1363.85,40,0,8920
FINNIFTY02JAN2420000CE.NFO,02/01/2024,10:15:15,1301.9,1358.1,80,1369.75,40,0,8920
FINNIFTY02JAN2420000CE.NFO,02/01/2024,10:15:17,1301.9,1358.8,40,1369.35,40,0,8920
FINNIFTY02JAN2420000CE.NFO,02/01/2024,10:15:18,1301.9,1359.1,80,1368.45,40,0,8920
FINNIFTY02JAN2420000CE.NFO,02/01/2024,10:15:20,1301.9,1359.4,120,1367.95,40,0,8920
FINNIFTY02JAN2420000CE.NFO,02/01/2024,10:15:22,1301.9,1359.6,200,1367.65,40,0,8920
FINNIFTY02JAN2420000CE.NFO,02/01/2024,10:15:23,1301.9,1359.25,40,1366.85,40,0,8920
FINNIFTY02JAN2420000CE.NFO,02/01/2024,10:15:25,1301.9,1359.25,40,1366.05,40,0,8920
FINNIFTY02JAN2420000CE.NFO,02/01/2024,10:15:27,1301.9,1359.25,40,1365.2,40,0,8920
FINNIFTY02JAN2420000CE.NFO,02/01/2024,10:15:29,1301.9,1359.25,40,1365.1,1160,0,8920
FINNIFTY02JAN2420000CE.NFO,02/01/2024,10:15:30,1301.9,1356.05,3520,1364.95,40,0,8920
FINNIFTY02JAN2420000CE.NFO,02/01/2024,10:15:32,1301.9,1356.1,200,1364.45,40,0,8920
FINNIFTY02JAN2420000CE.NFO,02/01/2024,10:15:33,1301.9,1356.4,80,1364.05,40,0,8920
FINNIFTY02JAN2420000CE.NFO,02/01/2024,10:15:35,1301.9,1356.4,200,1363.55,40,0,8920
FINNIFTY02JAN2420000CE.NFO,02/01/2024,10:15:37,1301.9,1356.6,80,1363.15,360,0,8920
FINNIFTY02JAN2420000CE.NFO,02/01/2024,10:15:38,1301.9,1357.1,160,1362.95,120,0,8920
FINNIFTY02JAN2420000CE.NFO,02/01/2024,10:15:40,1301.9,1357.5,80,1363.4,360,0,8920
FINNIFTY02JAN2420000CE.NFO,02/01/2024,10:15:42,1301.9,1357.9,200,1372.6,40,0,8920
FINNIFTY02JAN2420000CE.NFO,02/01/2024,10:15:43,1301.9,1358.1,160,1372,40,0,8920
FINNIFTY02JAN2420000CE.NFO,02/01/2024,10:15:45,1301.9,1358.7,40,1370.7,40,0,8920
FINNIFTY02JAN2420000CE.NFO,02/01/2024,10:15:47,1301.9,1359,40,1370,40,0,8920
FINNIFTY02JAN2420000CE.NFO,02/01/2024,10:15:48,1301.9,1360,160,1369.4,40,0,8920
FINNIFTY02JAN2420000CE.NFO,02/01/2024,10:15:50,1301.9,1360.7,160,1369,40,0,8920
FINNIFTY02JAN2420000CE.NFO,02/01/2024,10:15:52,1301.9,1360.95,160,1368.7,40,0,8920
FINNIFTY02JAN2420000CE.NFO,02/01/2024,10:15:53,1301.9,1360.5,720,1368,40,0,8920
FINNIFTY02JAN2420000CE.NFO,02/01/2024,10:15:55,1301.9,1360.45,40,1367.6,40,0,8920
FINNIFTY02JAN2420000CE.NFO,02/01/2024,10:15:57,1301.9,1360.45,40,1367.2,40,0,8920
FINNIFTY02JAN2420000CE.NFO,02/01/2024,10:15:58,1301.9,1360.45,40,1366.5,40,0,8920
FINNIFTY02JAN2420000CE.NFO,02/01/2024,10:16:00,1301.9,1360.55,160,1366.25,80,0,8920
FINNIFTY02JAN2420000CE.NFO,02/01/2024,10:16:02,1301.9,1360.45,40,1366.7,40,0,8920
FINNIFTY02JAN2420000CE.NFO,02/01/2024,10:16:03,1301.9,1356.55,3560,1366,40,0,8920
FINNIFTY02JAN2420000CE.NFO,02/01/2024,10:16:05,1301.9,1356.55,3560,1365.45,680,0,8920
FINNIFTY02JAN2420000CE.NFO,02/01/2024,10:16:07,1301.9,1356.75,200,1365.9,1040,0,8920
FINNIFTY02JAN2420000CE.NFO,02/01/2024,10:16:08,1301.9,1357.6,120,1372.7,2680,0,8920
FINNIFTY02JAN2420000CE.NFO,02/01/2024,10:16:10,1301.9,1358.8,120,1372.6,40,0,8920
FINNIFTY02JAN2420000CE.NFO,02/01/2024,10:16:12,1301.9,1359.7,120,1372.6,40,0,8920
FINNIFTY02JAN2420000CE.NFO,02/01/2024,10:16:13,1301.9,1360,40,1372.3,160,0,8920
FINNIFTY02JAN2420000CE.NFO,02/01/2024,10:16:15,1301.9,1360.2,160,1371.7,40,0,8920
FINNIFTY02JAN2420000CE.NFO,02/01/2024,10:16:17,1301.9,1360.1,320,1371.25,360,0,8920
FINNIFTY02JAN2420000CE.NFO,02/01/2024,10:16:18,1301.9,1360.1,160,1370.4,40,0,8920
FINNIFTY02JAN2420000CE.NFO,02/01/2024,10:16:20,1301.9,1360.05,200,1369.8,40,0,8920
FINNIFTY02JAN2420000CE.NFO,02/01/2024,10:16:22,1301.9,1360.05,1680,1368.9,40,0,8920
FINNIFTY02JAN2420000CE.NFO,02/01/2024,10:16:23,1301.9,1360.35,120,1368.5,40,0,8920
FINNIFTY02JAN2420000CE.NFO,02/01/2024,10:16:25,1301.9,1360.85,120,1367.85,360,0,8920
FINNIFTY02JAN2420000CE.NFO,02/01/2024,10:16:26,1301.9,1360.75,480,1367.15,40,0,8920
FINNIFTY02JAN2420000CE.NFO,02/01/2024,10:16:28,1301.9,1360.8,200,1366.65,800,0,8920
FINNIFTY02JAN2420000CE.NFO,02/01/2024,10:16:31,1301.9,1361.1,320,1366.55,40,0,8920
FINNIFTY02JAN2420000CE.NFO,02/01/2024,10:16:33,1301.9,1360.7,40,1366.4,40,0,8920
FINNIFTY02JAN2420000CE.NFO,02/01/2024,10:16:35,1301.9,1360.7,40,1366.05,40,0,8920
FINNIFTY02JAN2420000CE.NFO,02/01/2024,10:16:36,1301.9,1360.75,40,1366.55,320,0,8920
FINNIFTY02JAN2420000CE.NFO,02/01/2024,10:16:38,1301.9,1360.7,40,1366.45,480,0,8920
FINNIFTY02JAN2420000CE.NFO,02/01/2024,10:16:39,1301.9,1360.7,40,1366.4,200,0,8920
FINNIFTY02JAN2420000CE.NFO,02/01/2024,10:16:41,1301.9,1360.7,40,1366.45,480,0,8920
FINNIFTY02JAN2420000CE.NFO,02/01/2024,10:16:43,1301.9,1360.7,40,1366.1,120,0,8920
FINNIFTY02JAN2420000CE.NFO,02/01/2024,10:16:44,1301.9,1360.7,40,1365.9,680,0,8920
FINNIFTY02JAN2420000CE.NFO,02/01/2024,10:16:46,1301.9,1356.7,120,1365.35,40,0,8920
FINNIFTY02JAN2420000CE.NFO,02/01/2024,10:16:48,1301.9,1356.55,40,1364.45,400,0,8920
FINNIFTY02JAN2420000CE.NFO,02/01/2024,10:16:49,1301.9,1354.4,40,1363.9,40,0,8920
FINNIFTY02JAN2420000CE.NFO,02/01/2024,10:16:51,1301.9,1354.4,40,1363.35,480,0,8920
FINNIFTY02JAN2420000CE.NFO,02/01/2024,10:16:53,1301.9,1352.25,200,1362.55,40,0,8920
FINNIFTY02JAN2420000CE.NFO,02/01/2024,10:16:54,1301.9,1352.3,320,1362.05,40,0,8920
FINNIFTY02JAN2420000CE.NFO,02/01/2024,10:16:56,1301.9,1352.2,40,1361.25,40,0,8920
FINNIFTY02JAN2420000CE.NFO,02/01/2024,10:16:58,1301.9,1352.2,40,1360.7,120,0,8920
FINNIFTY02JAN2420000CE.NFO,02/01/2024,10:16:59,1301.9,1352.2,40,1360.25,40,0,8920
FINNIFTY02JAN2420000CE.NFO,02/01/2024,10:17:01,1301.9,1350.2,160,1359.7,360,0,8920
FINNIFTY02JAN2420000CE.NFO,02/01/2024,10:17:03,1301.9,1350.7,120,1359.4,200,0,8920
FINNIFTY02JAN2420000CE.NFO,02/01/2024,10:17:04,1301.9,1350.85,40,1359,40,0,8920
FINNIFTY02JAN2420000CE.NFO,02/01/2024,10:17:06,1301.9,1347.9,40,1358.45,40,0,8920
FINNIFTY02JAN2420000CE.NFO,02/01/2024,10:17:08,1301.9,1345.95,280,1357.75,40,0,8920
FINNIFTY02JAN2420000CE.NFO,02/01/2024,10:17:09,1301.9,1346.15,120,1357.45,120,0,8920
FINNIFTY02JAN2420000CE.NFO,02/01/2024,10:17:11,1301.9,1346.5,120,1356.6,40,0,8920
FINNIFTY02JAN2420000CE.NFO,02/01/2024,10:17:13,1301.9,1347.4,40,1355.95,40,0,8920
FINNIFTY02JAN2420000CE.NFO,02/01/2024,10:17:14,1301.9,1347.75,200,1355.05,40,0,8920
FINNIFTY02JAN2420000CE.NFO,02/01/2024,10:17:16,1301.9,1343.65,560,1354.3,120,0,8920
FINNIFTY02JAN2420000CE.NFO,02/01/2024,10:17:18,1301.9,1343.75,120,1353.9,40,0,8920
FINNIFTY02JAN2420000CE.NFO,02/01/2024,10:17:19,1301.9,1344.1,200,1353.6,160,0,8920
FINNIFTY02JAN2420000CE.NFO,02/01/2024,10:17:21,1301.9,1344.75,200,1353,40,0,8920
FINNIFTY02JAN2420000CE.NFO,02/01/2024,10:17:23,1301.9,1344.5,40,1352.15,40,0,8920
FINNIFTY02JAN2420000CE.NFO,02/01/2024,10:17:24,1301.9,1337.1,480,1351.55,40,0,8920
FINNIFTY02JAN2420000CE.NFO,02/01/2024,10:17:26,1301.9,1337.35,240,1351.45,80,0,8920
FINNIFTY02JAN2420000CE.NFO,02/01/2024,10:17:28,1301.9,1337.85,40,1351.05,760,0,8920
FINNIFTY02JAN2420000CE.NFO,02/01/2024,10:17:29,1301.9,1338.3,40,1350.75,40,0,8920
FINNIFTY02JAN2420000CE.NFO,02/01/2024,10:17:31,1301.9,1338.95,120,1350.25,40,0,8920
FINNIFTY02JAN2420000CE.NFO,02/01/2024,10:17:33,1301.9,1339.95,200,1355.6,40,0,8920
FINNIFTY02JAN2420000CE.NFO,02/01/2024,10:17:34,1301.9,1340.8,200,1355.2,40,0,8920
FINNIFTY02JAN2420000CE.NFO,02/01/2024,10:17:36,1301.9,1342.15,200,1354.7,40,0,8920
FINNIFTY02JAN2420000CE.NFO,02/01/2024,10:17:38,1301.9,1342.95,200,1354,160,0,8920
FINNIFTY02JAN2420000CE.NFO,02/01/2024,10:17:39,1301.9,1343.75,120,1353.35,120,0,8920
FINNIFTY02JAN2420000CE.NFO,02/01/2024,10:17:41,1301.9,1344,320,1353.2,40,0,8920
FINNIFTY02JAN2420000CE.NFO,02/01/2024,10:17:43,1301.9,1344.65,40,1353.2,40,0,8920
FINNIFTY02JAN2420000CE.NFO,02/01/2024,10:17:44,1301.9,1345.1,40,1353,1040,0,8920
FINNIFTY02JAN2420000CE.NFO,02/01/2024,10:17:46,1301.9,1345.7,40,1372,400,0,8920
FINNIFTY02JAN2420000CE.NFO,02/01/2024,10:17:48,1301.9,1346.15,120,1371.4,40,0,8920
FINNIFTY02JAN2420000CE.NFO,02/01/2024,10:17:49,1301.9,1346.75,40,1370.25,360,0,8920
FINNIFTY02JAN2420000CE.NFO,02/01/2024,10:17:51,1301.9,1347.15,40,1368.9,40,0,8920
FINNIFTY02JAN2420000CE.NFO,02/01/2024,10:17:53,1301.9,1347.45,200,1367.65,40,0,8920
FINNIFTY02JAN2420000CE.NFO,02/01/2024,10:17:54,1301.9,1347.95,200,1361.2,40,0,8920
FINNIFTY02JAN2420000CE.NFO,02/01/2024,10:17:56,1301.9,1347.85,40,1360.1,40,0,8920
FINNIFTY02JAN2420000CE.NFO,02/01/2024,10:17:58,1301.9,1347.85,40,1359.8,40,0,8920
FINNIFTY02JAN2420000CE.NFO,02/01/2024,10:17:59,1301.9,1348.05,560,1359.35,520,0,8920
FINNIFTY02JAN2420000CE.NFO,02/01/2024,10:18:01,1301.9,1348.35,40,1358.95,40,0,8920
FINNIFTY02JAN2420000CE.NFO,02/01/2024,10:18:03,1301.9,1348.95,80,1358.4,480,0,8920
FINNIFTY02JAN2420000CE.NFO,02/01/2024,10:18:04,1301.9,1348.65,440,1357.9,40,0,8920
FINNIFTY02JAN2420000CE.NFO,02/01/2024,10:18:06,1301.9,1349,40,1357.4,360,0,8920
FINNIFTY02JAN2420000CE.NFO,02/01/2024,10:18:08,1301.9,1349.1,80,1357,40,0,8920
FINNIFTY02JAN2420000CE.NFO,02/01/2024,10:18:09,1301.9,1349.6,120,1356.6,40,0,8920
FINNIFTY02JAN2420000CE.NFO,02/01/2024,10:18:11,1301.9,1350.25,40,1356.4,160,0,8920
FINNIFTY02JAN2420000CE.NFO,02/01/2024,10:18:13,1301.9,1350.65,160,1356.5,120,0,8920
FINNIFTY02JAN2420000CE.NFO,02/01/2024,10:18:14,1301.9,1350.1,40,1361.95,40,0,8920
FINNIFTY02JAN2420000CE.NFO,02/01/2024,10:18:16,1301.9,1350.1,40,1361.35,40,0,8920
FINNIFTY02JAN2420000CE.NFO,02/01/2024,10:18:18,1301.9,1350.1,40,1360.05,40,0,8920
FINNIFTY02JAN2420000CE.NFO,02/01/2024,10:18:19,1301.9,1343.85,120,1359.05,40,0,8920
FINNIFTY02JAN2420000CE.NFO,02/01/2024,10:18:21,1301.9,1343.85,120,1358.15,40,0,8920
FINNIFTY02JAN2420000CE.NFO,02/01/2024,10:18:23,1301.9,1343.85,120,1357.15,40,0,8920
FINNIFTY02JAN2420000CE.NFO,02/01/2024,10:18:26,1301.9,1345.15,80,1355.85,40,0,8920
FINNIFTY02JAN2420000CE.NFO,02/01/2024,10:18:28,1301.9,1345.35,80,1355.05,40,0,8920
FINNIFTY02JAN2420000CE.NFO,02/01/2024,10:18:29,1301.9,1345.1,800,1354.25,40,0,8920
FINNIFTY02JAN2420000CE.NFO,02/01/2024,10:18:31,1301.9,1344.9,40,1353.75,40,0,8920
FINNIFTY02JAN2420000CE.NFO,02/01/2024,10:18:32,1301.9,1344.9,40,1353.15,40,0,8920
FINNIFTY02JAN2420000CE.NFO,02/01/2024,10:18:34,1301.9,1345,1160,1352.6,40,0,8920
FINNIFTY02JAN2420000CE.NFO,02/01/2024,10:18:36,1301.9,1345.35,160,1352.2,120,0,8920
FINNIFTY02JAN2420000CE.NFO,02/01/2024,10:18:37,1301.9,1345,320,1351.9,40,0,8920
FINNIFTY02JAN2420000CE.NFO,02/01/2024,10:18:39,1301.9,1345,200,1351.35,1280,0,8920
FINNIFTY02JAN2420000CE.NFO,02/01/2024,10:18:41,1301.9,1345.35,200,1357.95,40,0,8920
FINNIFTY02JAN2420000CE.NFO,02/01/2024,10:18:42,1301.9,1346.05,1640,1357.55,40,0,8920
FINNIFTY02JAN2420000CE.NFO,02/01/2024,10:18:44,1301.9,1345.8,40,1356.75,40,0,8920
FINNIFTY02JAN2420000CE.NFO,02/01/2024,10:18:46,1301.9,1345.8,40,1355.95,40,0,8920
FINNIFTY02JAN2420000CE.NFO,02/01/2024,10:18:47,1301.9,1345.95,200,1354.85,40,0,8920
FINNIFTY02JAN2420000CE.NFO,02/01/2024,10:18:49,1301.9,1346.35,120,1353.95,40,0,8920
FINNIFTY02JAN2420000CE.NFO,02/01/2024,10:18:51,1301.9,1347.05,40,1354.75,280,0,8920
FINNIFTY02JAN2420000CE.NFO,02/01/2024,10:18:52,1301.9,1347.95,560,1354.45,40,0,8920
FINNIFTY02JAN2420000CE.NFO,02/01/2024,10:18:54,1301.9,1348.25,200,1354.5,960,0,8920
FINNIFTY02JAN2420000CE.NFO,02/01/2024,10:18:56,1301.9,1347.7,560,1354.15,360,0,8920
FINNIFTY02JAN2420000CE.NFO,02/01/2024,10:18:57,1301.9,1347.65,320,1353.85,40,0,8920
FINNIFTY02JAN2420000CE.NFO,02/01/2024,10:18:59,1301.9,1347.75,200,1353.5,1160,0,8920
FINNIFTY02JAN2420000CE.NFO,02/01/2024,10:19:01,1301.9,1347.6,40,1353,40,0,8920
FINNIFTY02JAN2420000CE.NFO,02/01/2024,10:19:02,1301.9,1347.6,40,1352.6,40,0,8920
FINNIFTY02JAN2420000CE.NFO,02/01/2024,10:19:04,1301.9,1347.65,40,1352.9,40,0,8920
FINNIFTY02JAN2420000CE.NFO,02/01/2024,10:19:06,1301.9,1347.6,40,1352.6,640,0,8920
FINNIFTY02JAN2420000CE.NFO,02/01/2024,10:19:07,1301.9,1347.6,40,1352.6,1040,0,8920
FINNIFTY02JAN2420000CE.NFO,02/01/2024,10:19:09,1301.9,1347.6,40,1352.4,40,0,8920
FINNIFTY02JAN2420000CE.NFO,02/01/2024,10:19:11,1301.9,1342.35,200,1351.95,120,0,8920
FINNIFTY02JAN2420000CE.NFO,02/01/2024,10:19:12,1301.9,1342.35,200,1351.65,160,0,8920
FINNIFTY02JAN2420000CE.NFO,02/01/2024,10:19:14,1301.9,1342.55,40,1350.85,40,0,8920
FINNIFTY02JAN2420000CE.NFO,02/01/2024,10:19:16,1301.9,1342.25,40,1350.4,240,0,8920
FINNIFTY02JAN2420000CE.NFO,02/01/2024,10:19:17,1301.9,1342.5,1240,1349.95,80,0,8920
FINNIFTY02JAN2420000CE.NFO,02/01/2024,10:19:19,1301.9,1342.55,480,1349.45,40,0,8920
FINNIFTY02JAN2420000CE.NFO,02/01/2024,10:19:21,1301.9,1342.45,200,1348.7,160,0,8920
FINNIFTY02JAN2420000CE.NFO,02/01/2024,10:19:22,1301.9,1342.65,160,1353.9,40,0,8920
FINNIFTY02JAN2420000CE.NFO,02/01/2024,10:19:24,1301.9,1342.4,480,1353.35,40,0,8920
FINNIFTY02JAN2420000CE.NFO,02/01/2024,10:19:26,1301.9,1342.65,120,1352.7,40,0,8920
FINNIFTY02JAN2420000CE.NFO,02/01/2024,10:19:27,1301.9,1343.3,120,1351.9,40,0,8920
FINNIFTY02JAN2420000CE.NFO,02/01/2024,10:19:29,1301.9,1343.45,120,1351.1,40,0,8920
FINNIFTY02JAN2420000CE.NFO,02/01/2024,10:19:30,1301.9,1343.65,120,1355.65,1360,0,8920
FINNIFTY02JAN2420000CE.NFO,02/01/2024,10:19:32,1301.9,1344.45,400,1355.15,400,0,8920
FINNIFTY02JAN2420000CE.NFO,02/01/2024,10:19:34,1301.9,1345.25,40,1354.35,40,0,8920
FINNIFTY02JAN2420000CE.NFO,02/01/2024,10:19:35,1301.9,1345.65,280,1354.05,40,0,8920
FINNIFTY02JAN2420000CE.NFO,02/01/2024,10:19:37,1301.9,1345.7,200,1353.35,40,0,8920
FINNIFTY02JAN2420000CE.NFO,02/01/2024,10:19:39,1301.9,1346,80,1352.9,120,0,8920
FINNIFTY02JAN2420000CE.NFO,02/01/2024,10:19:40,1301.9,1346.5,200,1358.15,40,0,8920
FINNIFTY02JAN2420000CE.NFO,02/01/2024,10:19:42,1301.9,1346.8,40,1358.05,40,0,8920
FINNIFTY02JAN2420000CE.NFO,02/01/2024,10:19:44,1301.9,1347.4,120,1358.05,40,0,8920
FINNIFTY02JAN2420000CE.NFO,02/01/2024,10:19:45,1301.9,1347.9,40,1358.05,40,0,8920
FINNIFTY02JAN2420000CE.NFO,02/01/2024,10:19:47,1301.9,1347.25,40,1357.95,40,0,8920
FINNIFTY02JAN2420000CE.NFO,02/01/2024,10:19:49,1301.9,1347.45,280,1357.25,40,0,8920
FINNIFTY02JAN2420000CE.NFO,02/01/2024,10:19:50,1301.9,1347.55,120,1356.95,40,0,8920
FINNIFTY02JAN2420000CE.NFO,02/01/2024,10:19:52,1301.9,1347.6,80,1356.5,40,0,8920
FINNIFTY02JAN2420000CE.NFO,02/01/2024,10:19:54,1301.9,1347.9,80,1355.8,40,0,8920
FINNIFTY02JAN2420000CE.NFO,02/01/2024,10:19:55,1301.9,1348.35,40,1355.4,160,0,8920
FINNIFTY02JAN2420000CE.NFO,02/01/2024,10:19:57,1301.9,1348.55,40,1360.7,2680,0,8920
FINNIFTY02JAN2420000CE.NFO,02/01/2024,10:19:59,1301.9,1349.3,120,1360.6,40,0,8920
FINNIFTY02JAN2420000CE.NFO,02/01/2024,10:20:00,1301.9,1349.65,40,1360.6,40,0,8920
FINNIFTY02JAN2420000CE.NFO,02/01/2024,10:20:02,1301.9,1349.9,680,1360.6,40,0,8920
FINNIFTY02JAN2420000CE.NFO,02/01/2024,10:20:04,1301.9,1350.4,40,1360.6,40,0,8920
FINNIFTY02JAN2420000CE.NFO,02/01/2024,10:20:05,1301.9,1350.6,40,1360.6,40,0,8920
FINNIFTY02JAN2420000CE.NFO,02/01/2024,10:20:10,1301.9,1340.05,120,1360.6,40,0,8920
FINNIFTY02JAN2420000CE.NFO,02/01/2024,10:20:26,1301.9,1344.65,80,1360.6,40,0,8920
FINNIFTY02JAN2420000CE.NFO,02/01/2024,10:20:28,1301.9,1345.25,40,1360.6,40,0,8920
FINNIFTY02JAN2420000CE.NFO,02/01/2024,10:20:30,1301.9,1346.2,120,1360.6,40,0,8920
FINNIFTY02JAN2420000CE.NFO,02/01/2024,10:20:32,1301.9,1346.9,80,1360.3,40,0,8920
FINNIFTY02JAN2420000CE.NFO,02/01/2024,10:20:34,1301.9,1347.7,40,1359.6,40,0,8920
FINNIFTY02JAN2420000CE.NFO,02/01/2024,10:20:35,1301.9,1347.95,80,1359.3,40,0,8920
FINNIFTY02JAN2420000CE.NFO,02/01/2024,10:20:37,1301.9,1348.25,120,1358.5,40,0,8920
FINNIFTY02JAN2420000CE.NFO,02/01/2024,10:20:39,1301.9,1348.85,40,1358.35,40,0,8920
FINNIFTY02JAN2420000CE.NFO,02/01/2024,10:20:40,1301.9,1349.25,120,1358.35,40,0,8920
FINNIFTY02JAN2420000CE.NFO,02/01/2024,10:20:42,1301.9,1349.4,640,1358.35,40,0,8920
FINNIFTY02JAN2420000CE.NFO,02/01/2024,10:20:44,1301.9,1349.55,80,1358.35,40,0,8920
FINNIFTY02JAN2420000CE.NFO,02/01/2024,10:20:45,1301.9,1349.3,40,1358.35,40,0,8920
FINNIFTY02JAN2420000CE.NFO,02/01/2024,10:20:47,1301.9,1349.35,280,1358.35,40,0,8920
FINNIFTY02JAN2420000CE.NFO,02/01/2024,10:20:49,1301.9,1349.3,40,1358.35,40,0,8920
FINNIFTY02JAN2420000CE.NFO,02/01/2024,10:21:00,1301.9,1344,4160,1358.35,40,0,8920
FINNIFTY02JAN2420000CE.NFO,02/01/2024,10:21:02,1301.9,1344.05,200,1358.35,40,0,8920
FINNIFTY02JAN2420000CE.NFO,02/01/2024,10:21:03,1301.9,1344.15,200,1358.35,40,0,8920
FINNIFTY02JAN2420000CE.NFO,02/01/2024,10:21:05,1301.9,1344.05,200,1358.35,40,0,8920
FINNIFTY02JAN2420000CE.NFO,02/01/2024,10:21:07,1301.9,1344.1,200,1358.35,40,0,8920
FINNIFTY02JAN2420000CE.NFO,02/01/2024,10:21:08,1301.9,1344.2,560,1358.35,40,0,8920
FINNIFTY02JAN2420000CE.NFO,02/01/2024,10:21:10,1301.9,1344,40,1358.35,40,0,8920
FINNIFTY02JAN2420000CE.NFO,02/01/2024,10:21:12,1301.9,1344.25,80,1358.35,40,0,8920
FINNIFTY02JAN2420000CE.NFO,02/01/2024,10:21:13,1301.9,1344.6,80,1358.35,40,0,8920
FINNIFTY02JAN2420000CE.NFO,02/01/2024,10:21:15,1301.9,1345.4,120,1358.35,40,0,8920
FINNIFTY02JAN2420000CE.NFO,02/01/2024,10:21:17,1301.9,1346.1,200,1358.35,40,0,8920
FINNIFTY02JAN2420000CE.NFO,02/01/2024,10:21:18,1301.9,1346.95,160,1358.35,40,0,8920
FINNIFTY02JAN2420000CE.NFO,02/01/2024,10:21:20,1301.9,1347.8,40,1358.35,40,0,8920
FINNIFTY02JAN2420000CE.NFO,02/01/2024,10:21:22,1301.9,1348.45,40,1358.35,40,0,8920
FINNIFTY02JAN2420000CE.NFO,02/01/2024,10:21:23,1301.9,1349,40,1358.4,1240,0,8920
FINNIFTY02JAN2420000CE.NFO,02/01/2024,10:21:25,1301.9,1349.8,40,1361.4,3280,0,8920
FINNIFTY02JAN2420000CE.NFO,02/01/2024,10:21:27,1301.9,1350.05,120,1365.55,40,0,8920
FINNIFTY02JAN2420000CE.NFO,02/01/2024,10:21:28,1301.9,1350.65,80,1365.05,40,0,8920
FINNIFTY02JAN2420000CE.NFO,02/01/2024,10:21:38,1301.9,1350.75,200,1361.75,40,0,8920
FINNIFTY02JAN2420000CE.NFO,02/01/2024,10:21:48,1301.9,1353.55,200,1361.6,360,0,8920
FINNIFTY02JAN2420000CE.NFO,02/01/2024,10:21:57,1301.9,1342,120,1361.2,40,0,8920
FINNIFTY02JAN2420000CE.NFO,02/01/2024,10:22:07,1301.9,1342,120,1358.75,40,0,8920
FINNIFTY02JAN2420000CE.NFO,02/01/2024,10:22:17,1301.9,1347.85,40,1354.5,40,0,8920
FINNIFTY02JAN2420000CE.NFO,02/01/2024,10:22:27,1301.9,1347.85,40,1354.35,2320,0,8920
FINNIFTY02JAN2420000CE.NFO,02/01/2024,10:22:38,1301.9,1345.85,320,1354.35,2320,0,8920
FINNIFTY02JAN2420000CE.NFO,02/01/2024,10:22:39,1301.9,1345.7,40,1354.35,2320,0,8920
FINNIFTY02JAN2420000CE.NFO,02/01/2024,10:22:43,1301.9,1345.75,320,1354.35,2320,0,8920
FINNIFTY02JAN2420000CE.NFO,02/01/2024,10:22:44,1301.9,1345.7,40,1354.35,2320,0,8920
FINNIFTY02JAN2420000CE.NFO,02/01/2024,10:22:46,1301.9,1345.85,80,1354.35,2320,0,8920
FINNIFTY02JAN2420000CE.NFO,02/01/2024,10:22:48,1301.9,1346.35,80,1354.35,2320,0,8920
FINNIFTY02JAN2420000CE.NFO,02/01/2024,10:22:49,1301.9,1346.8,200,1354.2,40,0,8920
FINNIFTY02JAN2420000CE.NFO,02/01/2024,10:22:51,1301.9,1346.5,40,1353.95,40,0,8920
FINNIFTY02JAN2420000CE.NFO,02/01/2024,10:22:53,1301.9,1346.5,40,1353.65,40,0,8920
FINNIFTY02JAN2420000CE.NFO,02/01/2024,10:22:54,1301.9,1341.9,3680,1352.95,40,0,8920
FINNIFTY02JAN2420000CE.NFO,02/01/2024,10:22:56,1301.9,1342,120,1352.45,40,0,8920
FINNIFTY02JAN2420000CE.NFO,02/01/2024,10:22:57,1301.9,1342,120,1351.85,40,0,8920
FINNIFTY02JAN2420000CE.NFO,02/01/2024,10:22:59,1301.9,1342,120,1351.25,40,0,8920
FINNIFTY02JAN2420000CE.NFO,02/01/2024,10:23:01,1301.9,1342,120,1350.75,40,0,8920
FINNIFTY02JAN2420000CE.NFO,02/01/2024,10:23:02,1301.9,1342,120,1351.05,40,0,8920
FINNIFTY02JAN2420000CE.NFO,02/01/2024,10:23:04,1301.9,1342,120,1363.7,3280,0,8920
FINNIFTY02JAN2420000CE.NFO,02/01/2024,10:23:23,1301.9,1342.15,880,1363.7,3280,0,8920
FINNIFTY02JAN2420000CE.NFO,02/01/2024,10:23:25,1301.9,1342.3,80,1363.7,3280,0,8920
FINNIFTY02JAN2420000CE.NFO,02/01/2024,10:23:26,1301.9,1342.85,40,1363.7,3280,0,8920
FINNIFTY02JAN2420000CE.NFO,02/01/2024,10:23:28,1301.9,1343.45,80,1363.7,3280,0,8920
FINNIFTY02JAN2420000CE.NFO,02/01/2024,10:23:30,1301.9,1344.4,40,1363.7,3280,0,8920
FINNIFTY02JAN2420000CE.NFO,02/01/2024,10:23:38,1301.9,1345.95,40,1359.3,520,0,8920
FINNIFTY02JAN2420000CE.NFO,02/01/2024,10:23:49,1301.9,1345.9,40,1353.75,40,0,8920
FINNIFTY02JAN2420000CE.NFO,02/01/2024,10:23:59,1301.9,1327.3,40,1348.65,40,0,8920
FINNIFTY02JAN2420000CE.NFO,02/01/2024,10:24:10,1301.9,1332.65,120,1359.2,40,0,8920
FINNIFTY02JAN2420000CE.NFO,02/01/2024,10:24:20,1301.9,1339.2,120,1359.2,40,0,8920
FINNIFTY02JAN2420000CE.NFO,02/01/2024,10:24:31,1301.9,1345.85,160,1359.2,40,0,8920
FINNIFTY02JAN2420000CE.NFO,02/01/2024,10:24:32,1301.9,1346.55,80,1359.2,40,0,8920
FINNIFTY02JAN2420000CE.NFO,02/01/2024,10:24:34,1301.9,1347.2,80,1359.2,40,0,8920
FINNIFTY02JAN2420000CE.NFO,02/01/2024,10:24:36,1301.9,1347.35,40,1359.2,40,0,8920
FINNIFTY02JAN2420000CE.NFO,02/01/2024,10:24:39,1301.9,1347.45,160,1359.2,40,0,8920
FINNIFTY02JAN2420000CE.NFO,02/01/2024,10:24:41,1301.9,1347.35,40,1359.2,40,0,8920
FINNIFTY02JAN2420000CE.NFO,02/01/2024,10:24:45,1301.9,1339.35,200,1359.2,40,0,8920
FINNIFTY02JAN2420000CE.NFO,02/01/2024,10:24:47,1301.9,1339.45,120,1359.2,40,0,8920
FINNIFTY02JAN2420000CE.NFO,02/01/2024,10:24:49,1301.9,1340.4,40,1359.2,40,0,8920
FINNIFTY02JAN2420000CE.NFO,02/01/2024,10:24:50,1301.9,1341.3,80,1359.2,40,0,8920
FINNIFTY02JAN2420000CE.NFO,02/01/2024,10:24:52,1301.9,1342.05,40,1359.2,40,0,8920
FINNIFTY02JAN2420000CE.NFO,02/01/2024,10:24:54,1301.9,1342.95,120,1359.2,40,0,8920
FINNIFTY02JAN2420000CE.NFO,02/01/2024,10:24:55,1301.9,1343.5,40,1359.2,40,0,8920
FINNIFTY02JAN2420000CE.NFO,02/01/2024,10:24:57,1301.9,1344,80,1359.2,40,0,8920
FINNIFTY02JAN2420000CE.NFO,02/01/2024,10:24:59,1301.9,1344.9,200,1359.2,40,0,8920
FINNIFTY02JAN2420000CE.NFO,02/01/2024,10:25:00,1301.9,1345.85,200,1359.2,40,0,8920
FINNIFTY02JAN2420000CE.NFO,02/01/2024,10:25:02,1301.9,1346,40,1359.2,40,0,8920
FINNIFTY02JAN2420000CE.NFO,02/01/2024,10:25:10,1301.9,1346.5,80,1359.2,40,0,8920
FINNIFTY02JAN2420000CE.NFO,02/01/2024,10:25:12,1301.9,1347.25,240,1359.2,40,0,8920
FINNIFTY02JAN2420000CE.NFO,02/01/2024,10:25:14,1301.9,1348.15,120,1359.2,40,0,8920
FINNIFTY02JAN2420000CE.NFO,02/01/2024,10:25:15,1301.9,1349.55,80,1359.2,40,0,8920
FINNIFTY02JAN2420000CE.NFO,02/01/2024,10:25:17,1301.9,1349.4,40,1359.2,40,0,8920
FINNIFTY02JAN2420000CE.NFO,02/01/2024,10:25:20,1301.9,1324.1,40,1359.2,40,0,8920
FINNIFTY02JAN2420000CE.NFO,02/01/2024,10:25:22,1301.9,1325.25,80,1359.2,40,0,8920
FINNIFTY02JAN2420000CE.NFO,02/01/2024,10:25:24,1301.9,1326.4,120,1359.2,40,0,8920
FINNIFTY02JAN2420000CE.NFO,02/01/2024,10:25:25,1301.9,1327.55,40,1359.2,40,0,8920
FINNIFTY02JAN2420000CE.NFO,02/01/2024,10:25:27,1301.9,1328.55,40,1359.2,40,0,8920
FINNIFTY02JAN2420000CE.NFO,02/01/2024,10:25:28,1301.9,1329.15,120,1359.2,40,0,8920
FINNIFTY02JAN2420000CE.NFO,02/01/2024,10:25:31,1301.9,1330.85,120,1359.2,40,0,8920
FINNIFTY02JAN2420000CE.NFO,02/01/2024,10:25:42,1301.9,1337.1,40,1359.2,40,0,8920
FINNIFTY02JAN2420000CE.NFO,02/01/2024,10:25:51,1301.9,1341.9,80,1359.2,40,0,8920
FINNIFTY02JAN2420000CE.NFO,02/01/2024,10:26:02,1301.9,1347.4,80,1359.2,40,0,8920
FINNIFTY02JAN2420000CE.NFO,02/01/2024,10:26:12,1301.9,1349.4,160,1359.2,40,0,8920
FINNIFTY02JAN2420000CE.NFO,02/01/2024,10:26:22,1301.9,1349.3,40,1359.2,40,0,8920
FINNIFTY02JAN2420000CE.NFO,02/01/2024,10:26:32,1301.9,1323.65,400,1359.2,40,0,8920
FINNIFTY02JAN2420000CE.NFO,02/01/2024,10:26:43,1301.9,1325.15,1240,1359.2,40,0,8920
FINNIFTY02JAN2420000CE.NFO,02/01/2024,10:26:54,1301.9,1328,400,1359.2,40,0,8920
FINNIFTY02JAN2420000CE.NFO,02/01/2024,10:27:05,1301.9,1333.3,120,1359.2,40,0,8920
FINNIFTY02JAN2420000CE.NFO,02/01/2024,10:27:16,1301.9,1339.65,120,1359.2,40,0,8920
FINNIFTY02JAN2420000CE.NFO,02/01/2024,10:27:27,1301.9,1346.75,80,1358.45,40,0,8920
FINNIFTY02JAN2420000CE.NFO,02/01/2024,10:27:37,1301.9,1349.45,200,1358.25,40,0,8920
FINNIFTY02JAN2420000CE.NFO,02/01/2024,10:27:47,1301.9,1352.4,40,1358.15,40,0,8920
FINNIFTY02JAN2420000CE.NFO,02/01/2024,10:27:58,1301.9,1349.55,40,1357,40,0,8920
FINNIFTY02JAN2420000CE.NFO,02/01/2024,10:28:07,1301.9,1350.4,40,1355.5,40,0,8920
FINNIFTY02JAN2420000CE.NFO,02/01/2024,10:28:17,1301.9,1351.7,240,1363.65,40,0,8920
FINNIFTY02JAN2420000CE.NFO,02/01/2024,10:28:27,1301.9,1351.15,40,1356,40,0,8920
FINNIFTY02JAN2420000CE.NFO,02/01/2024,10:28:30,1301.9,1323.3,120,1354.35,80,0,8920
FINNIFTY02JAN2420000CE.NFO,02/01/2024,10:28:32,1301.9,1323.3,120,1354,120,0,8920
FINNIFTY02JAN2420000CE.NFO,02/01/2024,10:28:34,1301.9,1323.3,120,1354.55,120,0,8920
FINNIFTY02JAN2420000CE.NFO,02/01/2024,10:28:35,1301.9,1323.3,120,1355.55,1240,0,8920
FINNIFTY02JAN2420000CE.NFO,02/01/2024,10:28:37,1301.9,1323.3,120,1355.5,200,0,8920
FINNIFTY02JAN2420000CE.NFO,02/01/2024,10:28:39,1301.9,1323.3,120,1365.35,40,0,8920
FINNIFTY02JAN2420000CE.NFO,02/01/2024,10:28:40,1301.9,1323.3,120,1365.25,40,0,8920
FINNIFTY02JAN2420000CE.NFO,02/01/2024,10:29:00,1301.9,1324.1,120,1362.15,40,0,8920
FINNIFTY02JAN2420000CE.NFO,02/01/2024,10:29:03,1301.9,1326.85,120,1359.5,120,0,8920
FINNIFTY02JAN2420000CE.NFO,02/01/2024,10:29:05,1301.9,1328.2,120,1358.35,120,0,8920
FINNIFTY02JAN2420000CE.NFO,02/01/2024,10:29:06,1301.9,1330,120,1357.1,40,0,8920
FINNIFTY02JAN2420000CE.NFO,02/01/2024,10:29:08,1301.9,1331,120,1356.65,120,0,8920
FINNIFTY02JAN2420000CE.NFO,02/01/2024,10:29:10,1301.9,1332.65,120,1355.95,40,0,8920
FINNIFTY02JAN2420000CE.NFO,02/01/2024,10:29:12,1301.9,1334.55,120,1362.8,40,0,8920
FINNIFTY02JAN2420000CE.NFO,02/01/2024,10:29:13,1301.9,1336.3,40,1362.2,40,0,8920
FINNIFTY02JAN2420000CE.NFO,02/01/2024,10:29:15,1301.9,1338.3,80,1360.4,40,0,8920
FINNIFTY02JAN2420000CE.NFO,02/01/2024,10:29:17,1301.9,1340.15,120,1358.95,40,0,8920
FINNIFTY02JAN2420000CE.NFO,02/01/2024,10:29:18,1301.9,1341.5,120,1357.75,40,0,8920
FINNIFTY02JAN2420000CE.NFO,02/01/2024,10:29:20,1301.9,1343.35,120,1362.85,40,0,8920
FINNIFTY02JAN2420000CE.NFO,02/01/2024,10:29:22,1301.9,1345.05,80,1362.85,40,0,8920
FINNIFTY02JAN2420000CE.NFO,02/01/2024,10:29:23,1301.9,1346.15,200,1362.85,40,0,8920
FINNIFTY02JAN2420000CE.NFO,02/01/2024,10:29:25,1301.9,1347.55,120,1362.85,40,0,8920
FINNIFTY02JAN2420000CE.NFO,02/01/2024,10:29:27,1301.9,1349.35,120,1362.85,40,0,8920
FINNIFTY02JAN2420000CE.NFO,02/01/2024,10:29:28,1301.9,1350.55,80,1362.85,40,0,8920
FINNIFTY02JAN2420000CE.NFO,02/01/2024,10:29:31,1301.9,1351.55,40,1362.85,40,0,8920
FINNIFTY02JAN2420000CE.NFO,02/01/2024,10:29:33,1301.9,1351.6,440,1362.85,40,0,8920
FINNIFTY02JAN2420000CE.NFO,02/01/2024,10:29:35,1301.9,1351.55,40,1362.85,40,0,8920
FINNIFTY02JAN2420000CE.NFO,02/01/2024,10:29:40,1301.9,1351.95,80,1362.85,40,0,8920
FINNIFTY02JAN2420000CE.NFO,02/01/2024,10:29:41,1301.9,1351.55,40,1362.85,40,0,8920
FINNIFTY02JAN2420000CE.NFO,02/01/2024,10:29:45,1301.9,1351.75,800,1362.85,40,0,8920
FINNIFTY02JAN2420000CE.NFO,02/01/2024,10:29:46,1301.9,1352.15,80,1362.85,40,0,8920
FINNIFTY02JAN2420000CE.NFO,02/01/2024,10:29:48,1301.9,1352.3,40,1362.85,40,0,8920
FINNIFTY02JAN2420000CE.NFO,02/01/2024,10:29:56,1301.9,1323.2,4000,1362.85,40,0,8920
FINNIFTY02JAN2420000CE.NFO,02/01/2024,10:29:58,1301.9,1323.3,120,1362.85,40,0,8920
FINNIFTY02JAN2420000CE.NFO,02/01/2024,10:30:19,1301.9,1323.3,120,1367.25,1960,0,8920
FINNIFTY02JAN2420000CE.NFO,02/01/2024,10:30:21,1301.9,1323.3,120,1366.65,40,0,8920
FINNIFTY02JAN2420000CE.NFO,02/01/2024,10:30:22,1301.9,1323.3,120,1365.95,120,0,8920
FINNIFTY02JAN2420000CE.NFO,02/01/2024,10:30:24,1301.9,1323.3,120,1365.45,120,0,8920
FINNIFTY02JAN2420000CE.NFO,02/01/2024,10:30:26,1301.9,1323.3,120,1364.3,120,0,8920
FINNIFTY02JAN2420000CE.NFO,02/01/2024,10:30:27,1301.9,1323.3,120,1364.35,120,0,8920
FINNIFTY02JAN2420000CE.NFO,02/01/2024,10:30:29,1301.9,1323.3,120,1363.35,40,0,8920
FINNIFTY02JAN2420000CE.NFO,02/01/2024,10:30:31,1301.9,1323.3,120,1371.45,40,0,8920
FINNIFTY02JAN2420000CE.NFO,02/01/2024,10:30:41,1301.9,1323.3,120,1368,360,0,8920
FINNIFTY02JAN2420000CE.NFO,02/01/2024,10:30:50,1301.9,1323.3,120,1369.1,40,0,8920
FINNIFTY02JAN2420000CE.NFO,02/01/2024,10:31:00,1301.9,1323.3,120,1370.85,400,0,8920
FINNIFTY02JAN2420000CE.NFO,02/01/2024,10:31:10,1301.9,1324.7,200,1367.35,680,0,8920
FINNIFTY02JAN2420000CE.NFO,02/01/2024,10:31:18,1301.9,1333.25,120,1370.65,40,0,8920
FINNIFTY02JAN2420000CE.NFO,02/01/2024,10:31:27,1301.9,1340.85,120,1370.65,40,0,8920
FINNIFTY02JAN2420000CE.NFO,02/01/2024,10:31:31,1301.9,1343.7,80,1370.65,40,0,8920
FINNIFTY02JAN2420000CE.NFO,02/01/2024,10:31:32,1301.9,1345.4,80,1370.65,40,0,8920
FINNIFTY02JAN2420000CE.NFO,02/01/2024,10:31:34,1301.9,1347.2,160,1375.85,40,0,8920
FINNIFTY02JAN2420000CE.NFO,02/01/2024,10:31:36,1301.9,1348,200,1375.45,40,0,8920
FINNIFTY02JAN2420000CE.NFO,02/01/2024,10:31:37,1301.9,1348.65,360,1374.85,360,0,8920
FINNIFTY02JAN2420000CE.NFO,02/01/2024,10:31:39,1301.9,1349.55,360,1380.1,40,0,8920
FINNIFTY02JAN2420000CE.NFO,02/01/2024,10:31:41,1301.9,1350.5,400,1380.05,360,0,8920
FINNIFTY02JAN2420000CE.NFO,02/01/2024,10:31:42,1301.9,1351.25,120,1379.55,120,0,8920
FINNIFTY02JAN2420000CE.NFO,02/01/2024,10:31:44,1301.9,1352.15,120,1378.7,40,0,8920
FINNIFTY02JAN2420000CE.NFO,02/01/2024,10:31:46,1301.9,1353.2,800,1377.85,360,0,8920
FINNIFTY02JAN2420000CE.NFO,02/01/2024,10:31:47,1301.9,1353.25,80,1384.85,1720,0,8920
FINNIFTY02JAN2420000CE.NFO,02/01/2024,10:31:49,1301.9,1353.25,80,1384.7,40,0,8920
FINNIFTY02JAN2420000CE.NFO,02/01/2024,10:31:51,1301.9,1353.25,80,1384.55,520,0,8920
FINNIFTY02JAN2420000CE.NFO,02/01/2024,10:31:52,1301.9,1353.25,80,1383.95,120,0,8920
FINNIFTY02JAN2420000CE.NFO,02/01/2024,10:31:54,1301.9,1353.25,80,1383.35,120,0,8920
FINNIFTY02JAN2420000CE.NFO,02/01/2024,10:31:56,1301.9,1353.25,80,1382.55,40,0,8920
FINNIFTY02JAN2420000CE.NFO,02/01/2024,10:31:57,1301.9,1353.25,80,1381.75,120,0,8920
FINNIFTY02JAN2420000CE.NFO,02/01/2024,10:31:59,1301.9,1353.25,80,1380.75,40,0,8920
FINNIFTY02JAN2420000CE.NFO,02/01/2024,10:32:01,1301.9,1353.25,80,1380.05,80,0,8920
FINNIFTY02JAN2420000CE.NFO,02/01/2024,10:32:02,1301.9,1353.25,80,1411.3,40,0,8920
FINNIFTY02JAN2420000CE.NFO,02/01/2024,10:32:06,1301.9,1353.25,80,1410.9,40,0,8920
FINNIFTY02JAN2420000CE.NFO,02/01/2024,10:32:07,1301.9,1353.25,80,1409.7,40,0,8920
FINNIFTY02JAN2420000CE.NFO,02/01/2024,10:32:09,1301.9,1353.25,80,1408.85,40,0,8920
FINNIFTY02JAN2420000CE.NFO,02/01/2024,10:32:11,1301.9,1353.25,80,1407.75,40,0,8920
FINNIFTY02JAN2420000CE.NFO,02/01/2024,10:32:12,1301.9,1353.25,80,1406.7,40,0,8920
FINNIFTY02JAN2420000CE.NFO,02/01/2024,10:32:14,1301.9,1353.25,80,1405.35,40,0,8920
FINNIFTY02JAN2420000CE.NFO,02/01/2024,10:32:16,1301.9,1353.25,80,1404.15,40,0,8920
