Ticker,Date,Time,LTP,BuyPrice,BuyQty,SellPrice,SellQty,LTQ,OpenInterest
FINNIFTY02JAN2421750CE.NFO,02/01/2024,09:15:00,2.4,1.05,1280,1.1,21600,21880,2422440
FINNIFTY02JAN2421750CE.NFO,02/01/2024,09:15:00,2.4,1.05,1280,1.1,21600,0,2422440
FINNIFTY02JAN2421750CE.NFO,02/01/2024,09:15:00,2.4,1.05,1280,1.1,21600,0,2422440
FINNIFTY02JAN2421750CE.NFO,02/01/2024,09:15:00,0.75,1.05,1280,1.1,21600,0,2422440
FINNIFTY02JAN2421750CE.NFO,02/01/2024,09:15:02,1.05,1.05,2280,1.1,5440,93400,2422440
FINNIFTY02JAN2421750CE.NFO,02/01/2024,09:15:03,1.05,1,5640,1.05,1440,66320,2422440
FINNIFTY02JAN2421750CE.NFO,02/01/2024,09:15:05,1.1,1.05,3720,1.1,11480,71840,2422440
FINNIFTY02JAN2421750CE.NFO,02/01/2024,09:15:07,1.2,1.2,80,1.25,1320,101360,2422440
FINNIFTY02JAN2421750CE.NFO,02/01/2024,09:15:08,1.15,1.15,16120,1.2,7760,167160,2422440
FINNIFTY02JAN2421750CE.NFO,02/01/2024,09:15:10,1.1,1.1,25840,1.15,11840,96800,2422440
FINNIFTY02JAN2421750CE.NFO,02/01/2024,09:15:12,1.05,1.05,31120,1.1,25920,151360,2422440
FINNIFTY02JAN2421750CE.NFO,02/01/2024,09:15:13,1,1,39640,1.05,29960,51800,2422440
FINNIFTY02JAN2421750CE.NFO,02/01/2024,09:15:15,0.95,0.95,28880,1,27160,137320,2422440
FINNIFTY02JAN2421750CE.NFO,02/01/2024,09:15:16,1.05,1.05,25760,1.1,29560,174800,2422440
FINNIFTY02JAN2421750CE.NFO,02/01/2024,09:15:18,1.05,1.05,27040,1.1,23320,132160,2422440
FINNIFTY02JAN2421750CE.NFO,02/01/2024,09:15:20,1,1,13240,1.05,30000,125840,2422440
FINNIFTY02JAN2421750CE.NFO,02/01/2024,09:15:21,0.9,0.9,68960,0.95,16920,116680,2422440
FINNIFTY02JAN2421750CE.NFO,02/01/2024,09:15:23,0.95,0.95,30520,1,40480,59400,2422440
FINNIFTY02JAN2421750CE.NFO,02/01/2024,09:15:25,0.9,0.9,72440,0.95,116880,56200,2422440
FINNIFTY02JAN2421750CE.NFO,02/01/2024,09:15:26,0.9,0.9,29080,0.95,159920,53920,2422440
FINNIFTY02JAN2421750CE.NFO,02/01/2024,09:15:28,0.9,0.9,47520,0.95,74880,112960,2422440
FINNIFTY02JAN2421750CE.NFO,02/01/2024,09:15:29,0.95,0.9,23920,0.95,88840,40240,2422440
FINNIFTY02JAN2421750CE.NFO,02/01/2024,09:15:31,0.9,0.9,21800,0.95,88400,64800,2422440
FINNIFTY02JAN2421750CE.NFO,02/01/2024,09:15:33,0.9,0.9,10560,0.95,116760,24160,2422440
FINNIFTY02JAN2421750CE.NFO,02/01/2024,09:15:34,0.9,0.9,29880,0.95,124680,79840,2422440
FINNIFTY02JAN2421750CE.NFO,02/01/2024,09:15:36,0.9,0.9,38560,0.95,94800,125240,2422440
FINNIFTY02JAN2421750CE.NFO,02/01/2024,09:15:37,0.9,0.9,58520,0.95,79160,47280,2422440
FINNIFTY02JAN2421750CE.NFO,02/01/2024,09:15:39,0.9,0.9,147040,0.95,66240,55240,2422440
FINNIFTY02JAN2421750CE.NFO,02/01/2024,09:15:41,0.9,0.9,188080,0.95,31160,55120,2422440
FINNIFTY02JAN2421750CE.NFO,02/01/2024,09:15:42,0.9,0.9,204040,0.95,33920,32280,2422440
FINNIFTY02JAN2421750CE.NFO,02/01/2024,09:15:44,0.9,0.9,214080,0.95,65000,40760,2422440
FINNIFTY02JAN2421750CE.NFO,02/01/2024,09:15:46,0.95,0.9,221800,0.95,103840,16640,2422440
FINNIFTY02JAN2421750CE.NFO,02/01/2024,09:15:47,1,0.95,44120,1,69960,144480,2422440
FINNIFTY02JAN2421750CE.NFO,02/01/2024,09:15:49,1,0.95,30080,1,66440,116360,2422440
FINNIFTY02JAN2421750CE.NFO,02/01/2024,09:15:51,0.95,0.95,66320,1,25320,119800,2422440
FINNIFTY02JAN2421750CE.NFO,02/01/2024,09:15:52,0.95,0.95,63160,1,56600,32360,2422440
FINNIFTY02JAN2421750CE.NFO,02/01/2024,09:15:54,0.95,0.95,64440,1,60360,29400,2422440
FINNIFTY02JAN2421750CE.NFO,02/01/2024,09:15:55,0.95,0.95,69640,1,73560,37200,2422440
FINNIFTY02JAN2421750CE.NFO,02/01/2024,09:15:57,0.95,0.95,63600,1,59160,57280,2422440
FINNIFTY02JAN2421750CE.NFO,02/01/2024,09:15:59,0.9,0.9,208360,0.95,66840,80480,2422440
FINNIFTY02JAN2421750CE.NFO,02/01/2024,09:16:00,0.9,0.9,188360,0.95,84120,57400,2422440
FINNIFTY02JAN2421750CE.NFO,02/01/2024,09:16:02,0.85,0.85,287440,0.9,45560,224040,2422440
FINNIFTY02JAN2421750CE.NFO,02/01/2024,09:16:03,0.9,0.85,311040,0.9,70360,23640,2422440
FINNIFTY02JAN2421750CE.NFO,02/01/2024,09:16:05,0.85,0.85,296280,0.9,99680,35880,2422440
FINNIFTY02JAN2421750CE.NFO,02/01/2024,09:16:07,0.85,0.85,295760,0.9,113720,59640,2422440
FINNIFTY02JAN2421750CE.NFO,02/01/2024,09:16:08,0.95,0.9,97600,0.95,171080,158160,2422440
FINNIFTY02JAN2421750CE.NFO,02/01/2024,09:16:10,0.9,0.9,136360,0.95,219160,124400,2422440
FINNIFTY02JAN2421750CE.NFO,02/01/2024,09:16:12,0.9,0.85,276520,0.9,45960,42560,2422440
FINNIFTY02JAN2421750CE.NFO,02/01/2024,09:16:13,0.9,0.9,117800,0.95,233600,134000,2422440
FINNIFTY02JAN2421750CE.NFO,02/01/2024,09:16:15,0.95,0.9,138880,0.95,279840,119680,2422440
FINNIFTY02JAN2421750CE.NFO,02/01/2024,09:16:16,0.9,0.9,188080,0.95,225640,63520,2422440
FINNIFTY02JAN2421750CE.NFO,02/01/2024,09:16:18,0.95,0.9,225400,0.95,189960,63960,2422440
FINNIFTY02JAN2421750CE.NFO,02/01/2024,09:16:20,0.9,0.9,192480,0.95,237360,37040,2422440
FINNIFTY02JAN2421750CE.NFO,02/01/2024,09:16:21,0.9,0.9,161200,0.95,235600,40480,2422440
FINNIFTY02JAN2421750CE.NFO,02/01/2024,09:16:23,0.9,0.9,270920,0.95,211160,46760,2422440
FINNIFTY02JAN2421750CE.NFO,02/01/2024,09:16:24,0.9,0.9,76440,0.95,240120,66760,2422440
FINNIFTY02JAN2421750CE.NFO,02/01/2024,09:16:26,0.85,0.85,324600,0.9,51240,97000,2422440
FINNIFTY02JAN2421750CE.NFO,02/01/2024,09:16:28,0.85,0.85,288360,0.9,126360,26280,2422440
FINNIFTY02JAN2421750CE.NFO,02/01/2024,09:16:29,0.85,0.85,308760,0.9,151560,32520,2422440
FINNIFTY02JAN2421750CE.NFO,02/01/2024,09:16:31,0.9,0.85,308520,0.9,206840,21880,2422440
FINNIFTY02JAN2421750CE.NFO,02/01/2024,09:16:33,0.9,0.85,304000,0.9,192520,28160,2422440
FINNIFTY02JAN2421750CE.NFO,02/01/2024,09:16:34,0.85,0.85,252560,0.9,243120,25800,2422440
FINNIFTY02JAN2421750CE.NFO,02/01/2024,09:16:36,0.85,0.85,218680,0.9,240520,45680,2422440
FINNIFTY02JAN2421750CE.NFO,02/01/2024,09:16:37,0.85,0.85,225640,0.9,201280,61960,2422440
FINNIFTY02JAN2421750CE.NFO,02/01/2024,09:16:39,0.85,0.85,110680,0.9,219440,54400,2422440
FINNIFTY02JAN2421750CE.NFO,02/01/2024,09:16:41,0.85,0.8,428600,0.85,14240,196520,2422440
FINNIFTY02JAN2421750CE.NFO,02/01/2024,09:16:42,0.85,0.85,130320,0.9,186320,38160,2422440
FINNIFTY02JAN2421750CE.NFO,02/01/2024,09:16:44,0.85,0.85,140520,0.9,199680,6040,2422440
FINNIFTY02JAN2421750CE.NFO,02/01/2024,09:16:45,0.9,0.85,141960,0.9,222800,35720,2422440
FINNIFTY02JAN2421750CE.NFO,02/01/2024,09:16:47,0.9,0.85,208560,0.9,188440,27120,2422440
FINNIFTY02JAN2421750CE.NFO,02/01/2024,09:16:48,0.85,0.85,208640,0.9,186600,17520,2422440
FINNIFTY02JAN2421750CE.NFO,02/01/2024,09:16:50,0.85,0.85,220200,0.9,170640,42040,2422440
FINNIFTY02JAN2421750CE.NFO,02/01/2024,09:16:52,0.85,0.85,217320,0.9,208960,15600,2422440
FINNIFTY02JAN2421750CE.NFO,02/01/2024,09:16:53,0.9,0.85,226320,0.9,207800,12520,2422440
FINNIFTY02JAN2421750CE.NFO,02/01/2024,09:16:55,0.85,0.85,238080,0.9,209720,6640,2422440
FINNIFTY02JAN2421750CE.NFO,02/01/2024,09:16:56,0.9,0.85,226160,0.9,210320,13120,2422440
FINNIFTY02JAN2421750CE.NFO,02/01/2024,09:16:58,0.85,0.85,256120,0.9,180920,21760,2422440
FINNIFTY02JAN2421750CE.NFO,02/01/2024,09:17:00,0.9,0.85,224520,0.9,219400,52840,2422440
FINNIFTY02JAN2421750CE.NFO,02/01/2024,09:17:01,0.85,0.85,217200,0.9,216800,29360,2422440
FINNIFTY02JAN2421750CE.NFO,02/01/2024,09:17:03,0.85,0.85,226640,0.9,208600,27480,2422440
FINNIFTY02JAN2421750CE.NFO,02/01/2024,09:17:05,0.9,0.85,190960,0.9,248080,9240,2422440
FINNIFTY02JAN2421750CE.NFO,02/01/2024,09:17:06,0.9,0.85,215360,0.9,214080,11600,2422440
FINNIFTY02JAN2421750CE.NFO,02/01/2024,09:17:08,0.9,0.85,212800,0.9,218400,26240,2422440
FINNIFTY02JAN2421750CE.NFO,02/01/2024,09:17:09,0.9,0.85,201160,0.9,203160,13720,2422440
FINNIFTY02JAN2421750CE.NFO,02/01/2024,09:17:11,0.85,0.85,199080,0.9,225800,6200,2422440
FINNIFTY02JAN2421750CE.NFO,02/01/2024,09:17:13,0.85,0.85,177480,0.9,254520,19320,2422440
FINNIFTY02JAN2421750CE.NFO,02/01/2024,09:17:14,0.9,0.85,169040,0.9,267800,19640,2422440
FINNIFTY02JAN2421750CE.NFO,02/01/2024,09:17:16,0.9,0.85,161000,0.9,272000,17960,2422440
FINNIFTY02JAN2421750CE.NFO,02/01/2024,09:17:17,0.9,0.85,155840,0.9,276520,10160,2422440
FINNIFTY02JAN2421750CE.NFO,02/01/2024,09:17:19,0.85,0.85,199120,0.9,234720,15600,2422440
FINNIFTY02JAN2421750CE.NFO,02/01/2024,09:17:21,0.85,0.85,179680,0.9,263800,12040,2422440
FINNIFTY02JAN2421750CE.NFO,02/01/2024,09:17:22,0.9,0.85,248920,0.9,230520,13920,3130120
FINNIFTY02JAN2421750CE.NFO,02/01/2024,09:17:24,0.9,0.85,257000,0.9,245240,11960,3130120
FINNIFTY02JAN2421750CE.NFO,02/01/2024,09:17:25,0.9,0.85,237480,0.9,264720,10920,3130120
FINNIFTY02JAN2421750CE.NFO,02/01/2024,09:17:27,0.85,0.85,247640,0.9,267000,26880,3130120
FINNIFTY02JAN2421750CE.NFO,02/01/2024,09:17:29,0.85,0.85,267920,0.9,239560,14880,3130120
FINNIFTY02JAN2421750CE.NFO,02/01/2024,09:17:30,0.85,0.85,255080,0.9,248840,15360,3130120
FINNIFTY02JAN2421750CE.NFO,02/01/2024,09:17:32,0.9,0.85,274160,0.9,219520,11280,3130120
FINNIFTY02JAN2421750CE.NFO,02/01/2024,09:17:33,0.9,0.85,252320,0.9,255960,8600,3130120
FINNIFTY02JAN2421750CE.NFO,02/01/2024,09:17:35,0.9,0.85,277800,0.9,235320,8080,3130120
FINNIFTY02JAN2421750CE.NFO,02/01/2024,09:17:37,0.85,0.85,309360,0.9,252320,44800,3130120
FINNIFTY02JAN2421750CE.NFO,02/01/2024,09:17:38,0.85,0.85,325920,0.9,253600,30640,3130120
FINNIFTY02JAN2421750CE.NFO,02/01/2024,09:17:40,0.85,0.85,361000,0.9,223800,26960,3130120
FINNIFTY02JAN2421750CE.NFO,02/01/2024,09:17:41,0.9,0.85,356760,0.9,235160,7760,3130120
FINNIFTY02JAN2421750CE.NFO,02/01/2024,09:17:43,0.9,0.85,344640,0.9,270600,24520,3130120
FINNIFTY02JAN2421750CE.NFO,02/01/2024,09:17:45,0.85,0.85,333560,0.9,269280,7240,3130120
FINNIFTY02JAN2421750CE.NFO,02/01/2024,09:17:46,0.85,0.85,377400,0.9,229200,8200,3130120
FINNIFTY02JAN2421750CE.NFO,02/01/2024,09:17:48,0.9,0.85,432840,0.9,231360,11240,3130120
FINNIFTY02JAN2421750CE.NFO,02/01/2024,09:17:49,0.9,0.85,429160,0.9,220120,35120,3130120
FINNIFTY02JAN2421750CE.NFO,02/01/2024,09:17:51,0.9,0.85,397640,0.9,274280,24920,3130120
FINNIFTY02JAN2421750CE.NFO,02/01/2024,09:17:53,0.9,0.85,384840,0.9,279080,20000,3130120
FINNIFTY02JAN2421750CE.NFO,02/01/2024,09:17:54,0.85,0.85,392160,0.9,284520,17440,3130120
FINNIFTY02JAN2421750CE.NFO,02/01/2024,09:17:56,0.85,0.85,417240,0.9,248600,10040,3130120
FINNIFTY02JAN2421750CE.NFO,02/01/2024,09:17:57,0.9,0.85,418080,0.9,259760,1600,3130120
FINNIFTY02JAN2421750CE.NFO,02/01/2024,09:17:59,0.9,0.85,379040,0.9,281200,9720,3130120
FINNIFTY02JAN2421750CE.NFO,02/01/2024,09:18:00,0.9,0.85,415000,0.9,226200,24160,3130120
FINNIFTY02JAN2421750CE.NFO,02/01/2024,09:18:02,0.9,0.85,375400,0.9,232360,32840,3130120
FINNIFTY02JAN2421750CE.NFO,02/01/2024,09:18:04,0.9,0.85,413520,0.9,207640,7440,3130120
FINNIFTY02JAN2421750CE.NFO,02/01/2024,09:18:05,0.85,0.85,377640,0.9,242760,10200,3130120
FINNIFTY02JAN2421750CE.NFO,02/01/2024,09:18:07,0.85,0.85,379320,0.9,201880,40520,3130120
FINNIFTY02JAN2421750CE.NFO,02/01/2024,09:18:09,0.85,0.85,377160,0.9,209760,7400,3130120
FINNIFTY02JAN2421750CE.NFO,02/01/2024,09:18:10,0.85,0.85,379200,0.9,210120,11480,3130120
FINNIFTY02JAN2421750CE.NFO,02/01/2024,09:18:12,0.9,0.85,468520,0.9,205480,4320,3130120
FINNIFTY02JAN2421750CE.NFO,02/01/2024,09:18:14,0.9,0.85,483440,0.9,139880,157520,3130120
FINNIFTY02JAN2421750CE.NFO,02/01/2024,09:18:15,0.9,0.85,455360,0.9,172520,2760,3130120
FINNIFTY02JAN2421750CE.NFO,02/01/2024,09:18:17,0.9,0.85,469920,0.9,176560,9680,3130120
FINNIFTY02JAN2421750CE.NFO,02/01/2024,09:18:19,0.9,0.85,524120,0.9,119440,15960,3130120
FINNIFTY02JAN2421750CE.NFO,02/01/2024,09:18:20,0.9,0.85,541440,0.9,142040,12080,3130120
FINNIFTY02JAN2421750CE.NFO,02/01/2024,09:18:22,0.85,0.85,552600,0.9,116320,45200,3130120
FINNIFTY02JAN2421750CE.NFO,02/01/2024,09:18:23,0.9,0.85,555280,0.9,93880,20000,3130120
FINNIFTY02JAN2421750CE.NFO,02/01/2024,09:18:25,0.85,0.85,580840,0.9,125120,17680,3130120
FINNIFTY02JAN2421750CE.NFO,02/01/2024,09:18:27,0.85,0.85,540840,0.9,169280,9560,3130120
FINNIFTY02JAN2421750CE.NFO,02/01/2024,09:18:28,0.85,0.85,530840,0.9,159400,8520,3130120
FINNIFTY02JAN2421750CE.NFO,02/01/2024,09:18:30,0.9,0.85,516280,0.9,175320,10560,3130120
FINNIFTY02JAN2421750CE.NFO,02/01/2024,09:18:31,0.9,0.85,547800,0.9,138960,4720,3130120
FINNIFTY02JAN2421750CE.NFO,02/01/2024,09:18:33,0.9,0.85,552360,0.9,21440,55800,3130120
FINNIFTY02JAN2421750CE.NFO,02/01/2024,09:18:35,0.9,0.85,521960,0.9,149720,77480,3130120
FINNIFTY02JAN2421750CE.NFO,02/01/2024,09:18:36,0.85,0.85,528280,0.9,152960,6840,3130120
FINNIFTY02JAN2421750CE.NFO,02/01/2024,09:18:38,0.85,0.85,587360,0.9,113960,6440,3130120
FINNIFTY02JAN2421750CE.NFO,02/01/2024,09:18:39,0.9,0.85,553400,0.9,94680,14000,3130120
FINNIFTY02JAN2421750CE.NFO,02/01/2024,09:18:41,0.9,0.85,542760,0.9,138240,75960,3130120
FINNIFTY02JAN2421750CE.NFO,02/01/2024,09:18:43,0.85,0.85,561120,0.9,123520,10680,3130120
FINNIFTY02JAN2421750CE.NFO,02/01/2024,09:18:44,0.85,0.85,545760,0.9,165280,10280,3130120
FINNIFTY02JAN2421750CE.NFO,02/01/2024,09:18:46,0.9,0.85,537400,0.9,151680,4520,3130120
FINNIFTY02JAN2421750CE.NFO,02/01/2024,09:18:47,0.85,0.85,542480,0.9,172160,3280,3130120
FINNIFTY02JAN2421750CE.NFO,02/01/2024,09:18:49,0.9,0.85,476600,0.9,183440,16560,3130120
FINNIFTY02JAN2421750CE.NFO,02/01/2024,09:18:51,0.9,0.85,446160,0.9,201720,3400,3130120
FINNIFTY02JAN2421750CE.NFO,02/01/2024,09:18:52,0.85,0.85,448360,0.9,205360,15200,3130120
FINNIFTY02JAN2421750CE.NFO,02/01/2024,09:18:54,0.9,0.85,469000,0.9,190960,7720,3130120
FINNIFTY02JAN2421750CE.NFO,02/01/2024,09:18:56,0.9,0.85,429840,0.9,232720,1440,3130120
FINNIFTY02JAN2421750CE.NFO,02/01/2024,09:18:57,0.85,0.85,462080,0.9,217600,6440,3130120
FINNIFTY02JAN2421750CE.NFO,02/01/2024,09:18:59,0.85,0.85,485840,0.9,224760,4880,3130120
FINNIFTY02JAN2421750CE.NFO,02/01/2024,09:19:00,0.9,0.85,493720,0.9,220360,16440,3130120
FINNIFTY02JAN2421750CE.NFO,02/01/2024,09:19:02,0.85,0.85,506680,0.9,242560,9480,3130120
FINNIFTY02JAN2421750CE.NFO,02/01/2024,09:19:04,0.9,0.85,455960,0.9,276960,3840,3130120
FINNIFTY02JAN2421750CE.NFO,02/01/2024,09:19:05,0.9,0.85,464120,0.9,288760,16280,3130120
FINNIFTY02JAN2421750CE.NFO,02/01/2024,09:19:07,0.9,0.85,503480,0.9,259800,5880,3130120
FINNIFTY02JAN2421750CE.NFO,02/01/2024,09:19:08,0.9,0.85,459720,0.9,292280,11640,3130120
FINNIFTY02JAN2421750CE.NFO,02/01/2024,09:19:10,0.9,0.85,496960,0.9,268920,2000,3130120
FINNIFTY02JAN2421750CE.NFO,02/01/2024,09:19:12,0.85,0.85,495680,0.9,238600,280,3130120
FINNIFTY02JAN2421750CE.NFO,02/01/2024,09:19:13,0.9,0.85,470200,0.9,252680,3320,3130120
FINNIFTY02JAN2421750CE.NFO,02/01/2024,09:19:15,0.85,0.85,476560,0.9,245240,12440,3130120
FINNIFTY02JAN2421750CE.NFO,02/01/2024,09:19:17,0.9,0.85,439040,0.9,292120,5240,3130120
FINNIFTY02JAN2421750CE.NFO,02/01/2024,09:19:18,0.85,0.85,476520,0.9,266400,2520,3130120
FINNIFTY02JAN2421750CE.NFO,02/01/2024,09:19:20,0.9,0.85,474520,0.9,266080,3640,3130120
FINNIFTY02JAN2421750CE.NFO,02/01/2024,09:19:21,0.85,0.85,453360,0.9,289080,10560,3130120
FINNIFTY02JAN2421750CE.NFO,02/01/2024,09:19:23,0.85,0.85,443320,0.9,296880,8600,3130120
FINNIFTY02JAN2421750CE.NFO,02/01/2024,09:19:25,0.85,0.85,419400,0.9,308360,3800,3130120
FINNIFTY02JAN2421750CE.NFO,02/01/2024,09:19:26,0.85,0.85,367800,0.9,319640,5200,3130120
FINNIFTY02JAN2421750CE.NFO,02/01/2024,09:19:28,0.9,0.85,329720,0.9,320760,12640,3130120
FINNIFTY02JAN2421750CE.NFO,02/01/2024,09:19:31,0.85,0.85,371800,0.9,278440,2360,3130120
FINNIFTY02JAN2421750CE.NFO,02/01/2024,09:19:33,0.9,0.85,375840,0.9,266280,2160,3130120
FINNIFTY02JAN2421750CE.NFO,02/01/2024,09:19:34,0.85,0.85,536120,0.9,257280,11920,3130120
FINNIFTY02JAN2421750CE.NFO,02/01/2024,09:19:36,0.9,0.85,567440,0.9,278480,17800,3130120
FINNIFTY02JAN2421750CE.NFO,02/01/2024,09:19:38,0.9,0.85,566800,0.9,275800,3880,3130120
FINNIFTY02JAN2421750CE.NFO,02/01/2024,09:19:39,0.9,0.85,557720,0.9,284040,3040,3130120
FINNIFTY02JAN2421750CE.NFO,02/01/2024,09:19:41,0.85,0.85,556160,0.9,296080,4120,3130120
FINNIFTY02JAN2421750CE.NFO,02/01/2024,09:19:43,0.9,0.85,533880,0.9,319080,19680,3130120
FINNIFTY02JAN2421750CE.NFO,02/01/2024,09:19:44,0.9,0.85,551120,0.9,279320,6480,3130120
FINNIFTY02JAN2421750CE.NFO,02/01/2024,09:19:46,0.85,0.85,543080,0.9,289320,10480,3130120
FINNIFTY02JAN2421750CE.NFO,02/01/2024,09:19:48,0.9,0.85,511120,0.9,329880,3080,3130120
FINNIFTY02JAN2421750CE.NFO,02/01/2024,09:19:49,0.85,0.85,484280,0.9,334760,17560,3130120
FINNIFTY02JAN2421750CE.NFO,02/01/2024,09:19:51,0.9,0.85,516840,0.9,294480,17320,3130120
FINNIFTY02JAN2421750CE.NFO,02/01/2024,09:19:53,0.85,0.85,514440,0.9,323800,6080,3130120
FINNIFTY02JAN2421750CE.NFO,02/01/2024,09:19:54,0.9,0.85,518520,0.9,300720,3800,3130120
FINNIFTY02JAN2421750CE.NFO,02/01/2024,09:19:56,0.85,0.85,491440,0.9,305560,18520,3130120
FINNIFTY02JAN2421750CE.NFO,02/01/2024,09:19:58,0.85,0.85,457760,0.9,342760,6520,3130120
FINNIFTY02JAN2421750CE.NFO,02/01/2024,09:19:59,0.9,0.85,475080,0.9,377640,7320,3130120
FINNIFTY02JAN2421750CE.NFO,02/01/2024,09:20:01,0.85,0.85,226960,0.9,376520,141920,3130120
FINNIFTY02JAN2421750CE.NFO,02/01/2024,09:20:03,0.85,0.85,58120,0.9,371440,57240,3130120
FINNIFTY02JAN2421750CE.NFO,02/01/2024,09:20:04,0.85,0.85,171440,0.9,354880,26480,3130120
FINNIFTY02JAN2421750CE.NFO,02/01/2024,09:20:06,0.85,0.85,175280,0.9,343960,9120,3130120
FINNIFTY02JAN2421750CE.NFO,02/01/2024,09:20:08,0.85,0.85,87640,0.9,346400,23520,3130120
FINNIFTY02JAN2421750CE.NFO,02/01/2024,09:20:09,0.9,0.85,115000,0.9,371240,59480,3130120
FINNIFTY02JAN2421750CE.NFO,02/01/2024,09:20:11,0.9,0.85,206480,0.9,340320,3360,3130120
FINNIFTY02JAN2421750CE.NFO,02/01/2024,09:20:13,0.85,0.85,196840,0.9,342640,11480,3130120
FINNIFTY02JAN2421750CE.NFO,02/01/2024,09:20:14,0.85,0.85,216760,0.9,366400,25480,3130120
FINNIFTY02JAN2421750CE.NFO,02/01/2024,09:20:16,0.85,0.85,209840,0.9,379840,2760,3130120
FINNIFTY02JAN2421750CE.NFO,02/01/2024,09:20:18,0.9,0.85,235680,0.9,350760,6720,3130120
FINNIFTY02JAN2421750CE.NFO,02/01/2024,09:20:19,0.85,0.85,236720,0.9,355720,5520,3130120
FINNIFTY02JAN2421750CE.NFO,02/01/2024,09:20:21,0.9,0.85,389560,0.9,342400,5520,3130120
FINNIFTY02JAN2421750CE.NFO,02/01/2024,09:20:23,0.9,0.85,390160,0.9,345680,1920,3420360
FINNIFTY02JAN2421750CE.NFO,02/01/2024,09:20:24,0.85,0.85,210520,0.9,405600,99360,3420360
FINNIFTY02JAN2421750CE.NFO,02/01/2024,09:20:26,0.85,0.85,46720,0.9,437160,129480,3420360
FINNIFTY02JAN2421750CE.NFO,02/01/2024,09:20:28,0.8,0.8,494680,0.85,239080,41200,3420360
FINNIFTY02JAN2421750CE.NFO,02/01/2024,09:20:29,0.85,0.8,531760,0.85,203520,17040,3420360
FINNIFTY02JAN2421750CE.NFO,02/01/2024,09:20:31,0.8,0.8,515320,0.85,274040,24160,3420360
FINNIFTY02JAN2421750CE.NFO,02/01/2024,09:20:33,0.85,0.8,482880,0.85,334320,6560,3420360
FINNIFTY02JAN2421750CE.NFO,02/01/2024,09:20:35,0.8,0.8,516520,0.85,353080,25080,3420360
FINNIFTY02JAN2421750CE.NFO,02/01/2024,09:20:37,0.8,0.8,515880,0.85,353120,1720,3420360
FINNIFTY02JAN2421750CE.NFO,02/01/2024,09:20:38,0.85,0.8,557240,0.85,308720,2800,3420360
FINNIFTY02JAN2421750CE.NFO,02/01/2024,09:20:40,0.85,0.8,537080,0.85,341000,840,3420360
FINNIFTY02JAN2421750CE.NFO,02/01/2024,09:20:42,0.85,0.8,557720,0.85,282320,15080,3420360
FINNIFTY02JAN2421750CE.NFO,02/01/2024,09:20:43,0.8,0.8,513080,0.85,350760,3400,3420360
FINNIFTY02JAN2421750CE.NFO,02/01/2024,09:20:45,0.8,0.8,547440,0.85,322480,2280,3420360
FINNIFTY02JAN2421750CE.NFO,02/01/2024,09:20:47,0.8,0.8,549320,0.85,316040,3280,3420360
FINNIFTY02JAN2421750CE.NFO,02/01/2024,09:20:48,0.8,0.8,541760,0.85,307000,8840,3420360
FINNIFTY02JAN2421750CE.NFO,02/01/2024,09:20:50,0.85,0.8,516720,0.85,371800,18400,3420360
FINNIFTY02JAN2421750CE.NFO,02/01/2024,09:20:52,0.85,0.8,542080,0.85,305520,10880,3420360
FINNIFTY02JAN2421750CE.NFO,02/01/2024,09:20:53,0.85,0.8,520880,0.85,369000,3080,3420360
FINNIFTY02JAN2421750CE.NFO,02/01/2024,09:20:55,0.85,0.8,669720,0.85,362600,5360,3420360
FINNIFTY02JAN2421750CE.NFO,02/01/2024,09:20:57,0.85,0.8,679120,0.85,323120,24880,3420360
FINNIFTY02JAN2421750CE.NFO,02/01/2024,09:20:58,0.85,0.8,691400,0.85,270680,64440,3420360
FINNIFTY02JAN2421750CE.NFO,02/01/2024,09:21:00,0.8,0.8,664200,0.85,315000,1800,3420360
FINNIFTY02JAN2421750CE.NFO,02/01/2024,09:21:02,0.8,0.8,721560,0.85,278240,14600,3420360
FINNIFTY02JAN2421750CE.NFO,02/01/2024,09:21:03,0.8,0.8,717560,0.85,286560,7160,3420360
FINNIFTY02JAN2421750CE.NFO,02/01/2024,09:21:05,0.8,0.8,702720,0.85,298240,6800,3420360
FINNIFTY02JAN2421750CE.NFO,02/01/2024,09:21:07,0.85,0.8,732800,0.85,154360,58480,3420360
FINNIFTY02JAN2421750CE.NFO,02/01/2024,09:21:08,0.85,0.85,1923920,0.9,158560,223920,3420360
FINNIFTY02JAN2421750CE.NFO,02/01/2024,09:21:10,0.9,0.85,3057600,0.9,117480,8080,3420360
FINNIFTY02JAN2421750CE.NFO,02/01/2024,09:21:12,0.9,0.85,3033080,0.9,292240,39640,3420360
FINNIFTY02JAN2421750CE.NFO,02/01/2024,09:21:13,0.85,0.85,3024040,0.9,385760,7960,3420360
FINNIFTY02JAN2421750CE.NFO,02/01/2024,09:21:15,0.9,0.85,3024320,0.9,391520,7280,3420360
FINNIFTY02JAN2421750CE.NFO,02/01/2024,09:21:17,0.85,0.85,3035320,0.9,397760,6320,3420360
FINNIFTY02JAN2421750CE.NFO,02/01/2024,09:21:18,0.85,0.85,3064000,0.9,369640,6600,3420360
FINNIFTY02JAN2421750CE.NFO,02/01/2024,09:21:20,0.85,0.85,3025440,0.9,405280,3440,3420360
FINNIFTY02JAN2421750CE.NFO,02/01/2024,09:21:22,0.9,0.85,3028160,0.9,404240,8920,3420360
FINNIFTY02JAN2421750CE.NFO,02/01/2024,09:21:23,0.9,0.85,3030000,0.9,338200,22640,3420360
FINNIFTY02JAN2421750CE.NFO,02/01/2024,09:21:25,0.85,0.85,3028840,0.9,370160,7200,3420360
FINNIFTY02JAN2421750CE.NFO,02/01/2024,09:21:27,0.9,0.85,3068000,0.9,322320,20880,3420360
FINNIFTY02JAN2421750CE.NFO,02/01/2024,09:21:28,0.85,0.85,3028200,0.9,345320,3080,3420360
FINNIFTY02JAN2421750CE.NFO,02/01/2024,09:21:30,0.85,0.85,3071400,0.9,331920,4520,3420360
FINNIFTY02JAN2421750CE.NFO,02/01/2024,09:21:32,0.85,0.85,3054120,0.9,353120,2160,3420360
FINNIFTY02JAN2421750CE.NFO,02/01/2024,09:21:33,0.9,0.85,3040400,0.9,374040,3520,3420360
FINNIFTY02JAN2421750CE.NFO,02/01/2024,09:21:35,0.85,0.85,3078880,0.9,337440,4640,3420360
FINNIFTY02JAN2421750CE.NFO,02/01/2024,09:21:37,0.9,0.85,3077040,0.9,330400,5880,3420360
FINNIFTY02JAN2421750CE.NFO,02/01/2024,09:21:38,0.85,0.85,3067120,0.9,337640,12360,3420360
FINNIFTY02JAN2421750CE.NFO,02/01/2024,09:21:40,0.9,0.85,3039440,0.9,376120,5720,3420360
FINNIFTY02JAN2421750CE.NFO,02/01/2024,09:21:42,0.85,0.85,3043440,0.9,352400,1160,3420360
FINNIFTY02JAN2421750CE.NFO,02/01/2024,09:21:43,0.85,0.85,3050800,0.9,338360,9240,3420360
FINNIFTY02JAN2421750CE.NFO,02/01/2024,09:21:45,0.85,0.85,3014360,0.9,392320,1560,3420360
FINNIFTY02JAN2421750CE.NFO,02/01/2024,09:21:47,0.9,0.85,3010880,0.9,381400,5360,3420360
FINNIFTY02JAN2421750CE.NFO,02/01/2024,09:21:48,0.9,0.85,3007800,0.9,406920,3360,3420360
FINNIFTY02JAN2421750CE.NFO,02/01/2024,09:21:50,0.85,0.85,3000200,0.9,404360,12200,3420360
FINNIFTY02JAN2421750CE.NFO,02/01/2024,09:21:52,0.9,0.85,3009040,0.9,388080,9760,3420360
FINNIFTY02JAN2421750CE.NFO,02/01/2024,09:21:53,0.85,0.85,3008840,0.9,400920,5880,3420360
FINNIFTY02JAN2421750CE.NFO,02/01/2024,09:21:55,0.9,0.85,3007360,0.9,407320,3640,3420360
FINNIFTY02JAN2421750CE.NFO,02/01/2024,09:21:57,0.85,0.85,3007000,0.9,409920,1720,3420360
FINNIFTY02JAN2421750CE.NFO,02/01/2024,09:21:58,0.85,0.85,2994640,0.9,398040,8320,3420360
FINNIFTY02JAN2421750CE.NFO,02/01/2024,09:22:00,0.85,0.85,3017920,0.9,401960,2240,3420360
FINNIFTY02JAN2421750CE.NFO,02/01/2024,09:22:02,0.85,0.85,3002480,0.9,418320,9800,3420360
FINNIFTY02JAN2421750CE.NFO,02/01/2024,09:22:03,0.9,0.85,2979240,0.9,363080,41760,3420360
FINNIFTY02JAN2421750CE.NFO,02/01/2024,09:22:05,0.85,0.85,2976600,0.9,382800,12240,3420360
FINNIFTY02JAN2421750CE.NFO,02/01/2024,09:22:07,0.9,0.85,2977120,0.9,379200,5800,3420360
FINNIFTY02JAN2421750CE.NFO,02/01/2024,09:22:08,0.85,0.85,2968800,0.9,364680,19480,3420360
FINNIFTY02JAN2421750CE.NFO,02/01/2024,09:22:10,0.85,0.85,2967600,0.9,374720,5160,3420360
FINNIFTY02JAN2421750CE.NFO,02/01/2024,09:22:12,0.85,0.85,2960600,0.9,382440,7560,3420360
FINNIFTY02JAN2421750CE.NFO,02/01/2024,09:22:13,0.85,0.85,2950040,0.9,336240,94200,3420360
FINNIFTY02JAN2421750CE.NFO,02/01/2024,09:22:15,0.9,0.85,2904920,0.9,375880,13400,3420360
FINNIFTY02JAN2421750CE.NFO,02/01/2024,09:22:17,0.85,0.85,2882480,0.9,402680,19440,3420360
FINNIFTY02JAN2421750CE.NFO,02/01/2024,09:22:18,0.85,0.85,2865800,0.9,482240,21920,3420360
FINNIFTY02JAN2421750CE.NFO,02/01/2024,09:22:20,0.9,0.85,2849280,0.9,480440,18280,3420360
FINNIFTY02JAN2421750CE.NFO,02/01/2024,09:22:22,0.9,0.85,2808120,0.9,309160,106680,3420360
FINNIFTY02JAN2421750CE.NFO,02/01/2024,09:22:23,0.85,0.85,2795480,0.9,433400,10680,3420360
FINNIFTY02JAN2421750CE.NFO,02/01/2024,09:22:25,0.85,0.85,2770160,0.9,445400,33000,3420360
FINNIFTY02JAN2421750CE.NFO,02/01/2024,09:22:27,0.9,0.85,2777240,0.9,444480,11640,3420360
FINNIFTY02JAN2421750CE.NFO,02/01/2024,09:22:28,0.9,0.85,2708120,0.9,457320,47520,3420360
FINNIFTY02JAN2421750CE.NFO,02/01/2024,09:22:30,0.85,0.85,2700760,0.9,469520,17880,3420360
FINNIFTY02JAN2421750CE.NFO,02/01/2024,09:22:32,0.9,0.85,2701000,0.9,420680,9560,3420360
FINNIFTY02JAN2421750CE.NFO,02/01/2024,09:22:34,0.85,0.85,2668040,0.9,462360,44000,3420360
FINNIFTY02JAN2421750CE.NFO,02/01/2024,09:22:35,0.85,0.85,2702840,0.9,447640,13040,3420360
FINNIFTY02JAN2421750CE.NFO,02/01/2024,09:22:37,0.9,0.85,2708480,0.9,460800,14840,3420360
FINNIFTY02JAN2421750CE.NFO,02/01/2024,09:22:39,0.9,0.85,2667880,0.9,467120,61160,3420360
FINNIFTY02JAN2421750CE.NFO,02/01/2024,09:22:40,0.85,0.85,1674560,0.9,460080,80160,3420360
FINNIFTY02JAN2421750CE.NFO,02/01/2024,09:22:42,0.9,0.85,509440,0.9,451000,40560,3420360
FINNIFTY02JAN2421750CE.NFO,02/01/2024,09:22:44,0.85,0.85,569760,0.9,446840,11000,3420360
FINNIFTY02JAN2421750CE.NFO,02/01/2024,09:22:45,0.85,0.85,553920,0.9,443200,12440,3420360
FINNIFTY02JAN2421750CE.NFO,02/01/2024,09:22:47,0.85,0.85,570960,0.9,407640,28880,3420360
FINNIFTY02JAN2421750CE.NFO,02/01/2024,09:22:49,0.9,0.85,531280,0.9,347280,82240,3420360
FINNIFTY02JAN2421750CE.NFO,02/01/2024,09:22:50,0.85,0.85,525520,0.9,347000,15520,3420360
FINNIFTY02JAN2421750CE.NFO,02/01/2024,09:22:52,0.9,0.85,525800,0.9,393440,3160,3420360
FINNIFTY02JAN2421750CE.NFO,02/01/2024,09:22:54,0.9,0.85,514160,0.9,427600,14400,3420360
FINNIFTY02JAN2421750CE.NFO,02/01/2024,09:22:55,0.85,0.85,513160,0.9,407560,920,3420360
FINNIFTY02JAN2421750CE.NFO,02/01/2024,09:22:57,0.85,0.85,510560,0.9,425920,7680,3420360
FINNIFTY02JAN2421750CE.NFO,02/01/2024,09:22:59,0.85,0.85,404320,0.9,448920,73000,3420360
FINNIFTY02JAN2421750CE.NFO,02/01/2024,09:23:00,0.9,0.85,439920,0.9,488520,7960,3420360
FINNIFTY02JAN2421750CE.NFO,02/01/2024,09:23:02,0.9,0.85,476120,0.9,457920,3680,3420360
FINNIFTY02JAN2421750CE.NFO,02/01/2024,09:23:04,0.9,0.85,1181760,0.9,485640,62320,3420360
FINNIFTY02JAN2421750CE.NFO,02/01/2024,09:23:05,0.85,0.85,1221760,0.9,435720,24200,3420360
FINNIFTY02JAN2421750CE.NFO,02/01/2024,09:23:07,0.85,0.85,1188160,0.9,429880,18880,3420360
FINNIFTY02JAN2421750CE.NFO,02/01/2024,09:23:09,0.9,0.85,1146800,0.9,514760,12960,3420360
FINNIFTY02JAN2421750CE.NFO,02/01/2024,09:23:10,0.85,0.85,1144880,0.9,516400,7560,3420360
FINNIFTY02JAN2421750CE.NFO,02/01/2024,09:23:12,0.9,0.85,1134080,0.9,468200,27560,3420360
FINNIFTY02JAN2421750CE.NFO,02/01/2024,09:23:14,0.85,0.85,1168000,0.9,468440,10200,3420360
FINNIFTY02JAN2421750CE.NFO,02/01/2024,09:23:15,0.85,0.85,299680,0.9,143680,30040,3420360
FINNIFTY02JAN2421750CE.NFO,02/01/2024,09:23:17,0.85,0.8,690480,0.85,336240,324840,3420360
FINNIFTY02JAN2421750CE.NFO,02/01/2024,09:23:19,0.85,0.8,691160,0.85,380680,64440,3420360
FINNIFTY02JAN2421750CE.NFO,02/01/2024,09:23:20,0.85,0.8,647960,0.85,414840,14440,3420360
FINNIFTY02JAN2421750CE.NFO,02/01/2024,09:23:22,0.85,0.8,651280,0.85,411440,6080,3806800
FINNIFTY02JAN2421750CE.NFO,02/01/2024,09:23:24,0.85,0.8,661040,0.85,459160,120,3806800
FINNIFTY02JAN2421750CE.NFO,02/01/2024,09:23:25,0.8,0.8,650440,0.85,458480,5960,3806800
FINNIFTY02JAN2421750CE.NFO,02/01/2024,09:23:27,0.85,0.8,588000,0.85,456920,8520,3806800
FINNIFTY02JAN2421750CE.NFO,02/01/2024,09:23:29,0.85,0.8,574560,0.85,455920,1080,3806800
FINNIFTY02JAN2421750CE.NFO,02/01/2024,09:23:30,0.8,0.8,572400,0.85,456000,320,3806800
FINNIFTY02JAN2421750CE.NFO,02/01/2024,09:23:32,0.8,0.8,617320,0.85,415840,360,3806800
FINNIFTY02JAN2421750CE.NFO,02/01/2024,09:23:33,0.85,0.8,617400,0.85,437240,960,3806800
FINNIFTY02JAN2421750CE.NFO,02/01/2024,09:23:35,0.8,0.8,615640,0.85,448080,2200,3806800
FINNIFTY02JAN2421750CE.NFO,02/01/2024,09:23:37,0.8,0.8,604440,0.85,457760,3280,3806800
FINNIFTY02JAN2421750CE.NFO,02/01/2024,09:23:38,0.8,0.8,617360,0.85,435400,840,3806800
FINNIFTY02JAN2421750CE.NFO,02/01/2024,09:23:40,0.8,0.8,606240,0.85,439880,11240,3806800
FINNIFTY02JAN2421750CE.NFO,02/01/2024,09:23:42,0.85,0.8,570200,0.85,466600,2200,3806800
FINNIFTY02JAN2421750CE.NFO,02/01/2024,09:23:43,0.85,0.8,1358000,0.85,428800,24280,3806800
FINNIFTY02JAN2421750CE.NFO,02/01/2024,09:23:45,0.8,0.8,1351960,0.85,449120,8240,3806800
FINNIFTY02JAN2421750CE.NFO,02/01/2024,09:23:47,0.8,0.8,1350000,0.85,447600,2520,3806800
FINNIFTY02JAN2421750CE.NFO,02/01/2024,09:23:48,0.8,0.8,1349240,0.85,447320,1120,3806800
FINNIFTY02JAN2421750CE.NFO,02/01/2024,09:23:50,0.8,0.8,493920,0.85,453800,17640,3806800
FINNIFTY02JAN2421750CE.NFO,02/01/2024,09:23:52,0.85,0.8,543240,0.85,434520,12040,3806800
FINNIFTY02JAN2421750CE.NFO,02/01/2024,09:23:53,0.8,0.8,524040,0.85,444840,13920,3806800
FINNIFTY02JAN2421750CE.NFO,02/01/2024,09:23:55,0.85,0.8,547320,0.85,420200,12680,3806800
FINNIFTY02JAN2421750CE.NFO,02/01/2024,09:23:57,0.85,0.8,555360,0.85,405760,8440,3806800
FINNIFTY02JAN2421750CE.NFO,02/01/2024,09:23:58,0.8,0.8,561120,0.85,469760,3400,3806800
FINNIFTY02JAN2421750CE.NFO,02/01/2024,09:24:00,0.85,0.8,558680,0.85,457800,4160,3806800
FINNIFTY02JAN2421750CE.NFO,02/01/2024,09:24:02,0.8,0.8,511040,0.85,499200,5320,3806800
FINNIFTY02JAN2421750CE.NFO,02/01/2024,09:24:03,0.8,0.8,162360,0.85,538360,213080,3806800
FINNIFTY02JAN2421750CE.NFO,02/01/2024,09:24:05,0.8,0.8,70720,0.85,431360,268320,3806800
FINNIFTY02JAN2421750CE.NFO,02/01/2024,09:24:07,0.85,0.8,103400,0.85,473200,191680,3806800
FINNIFTY02JAN2421750CE.NFO,02/01/2024,09:24:08,0.8,0.8,187320,0.85,487480,2640,3806800
FINNIFTY02JAN2421750CE.NFO,02/01/2024,09:24:10,0.8,0.8,979840,0.85,423960,39520,3806800
FINNIFTY02JAN2421750CE.NFO,02/01/2024,09:24:12,0.85,0.8,988680,0.85,473240,3000,3806800
FINNIFTY02JAN2421750CE.NFO,02/01/2024,09:24:13,0.85,0.8,978480,0.85,530960,1800,3806800
FINNIFTY02JAN2421750CE.NFO,02/01/2024,09:24:15,0.8,0.8,978440,0.85,536320,4640,3806800
FINNIFTY02JAN2421750CE.NFO,02/01/2024,09:24:17,0.85,0.8,977240,0.85,535960,960,3806800
FINNIFTY02JAN2421750CE.NFO,02/01/2024,09:24:18,0.85,0.8,975800,0.85,519440,13160,3806800
FINNIFTY02JAN2421750CE.NFO,02/01/2024,09:24:20,0.8,0.8,975080,0.85,527320,560,3806800
FINNIFTY02JAN2421750CE.NFO,02/01/2024,09:24:22,0.8,0.8,985760,0.85,528440,8000,3806800
FINNIFTY02JAN2421750CE.NFO,02/01/2024,09:24:23,0.8,0.8,998840,0.85,515160,6760,3806800
FINNIFTY02JAN2421750CE.NFO,02/01/2024,09:24:25,0.85,0.8,1005720,0.85,510480,520,3806800
FINNIFTY02JAN2421750CE.NFO,02/01/2024,09:24:27,0.8,0.8,976000,0.85,528000,5040,3806800
FINNIFTY02JAN2421750CE.NFO,02/01/2024,09:24:28,0.8,0.8,976880,0.85,534480,1120,3806800
FINNIFTY02JAN2421750CE.NFO,02/01/2024,09:24:30,0.8,0.8,1851440,0.85,485520,8760,3806800
FINNIFTY02JAN2421750CE.NFO,02/01/2024,09:24:32,0.8,0.8,1864960,0.85,542360,60040,3806800
FINNIFTY02JAN2421750CE.NFO,02/01/2024,09:24:33,0.85,0.8,2309840,0.85,543680,36720,3806800
FINNIFTY02JAN2421750CE.NFO,02/01/2024,09:24:35,0.8,0.8,2301160,0.85,551360,10240,3806800
FINNIFTY02JAN2421750CE.NFO,02/01/2024,09:24:37,0.8,0.8,2340360,0.85,501640,15360,3806800
FINNIFTY02JAN2421750CE.NFO,02/01/2024,09:24:38,0.8,0.8,2339320,0.85,507600,7440,3806800
FINNIFTY02JAN2421750CE.NFO,02/01/2024,09:24:40,0.8,0.8,2278200,0.85,534640,5520,3806800
FINNIFTY02JAN2421750CE.NFO,02/01/2024,09:24:42,0.85,0.8,2281640,0.85,532320,6240,3806800
FINNIFTY02JAN2421750CE.NFO,02/01/2024,09:24:43,0.8,0.8,2304720,0.85,520200,5920,3806800
FINNIFTY02JAN2421750CE.NFO,02/01/2024,09:24:45,0.85,0.8,2274320,0.85,548880,13520,3806800
FINNIFTY02JAN2421750CE.NFO,02/01/2024,09:24:47,0.85,0.8,2259720,0.85,568320,4560,3806800
FINNIFTY02JAN2421750CE.NFO,02/01/2024,09:24:48,0.8,0.8,1466560,0.85,541960,15040,3806800
FINNIFTY02JAN2421750CE.NFO,02/01/2024,09:24:50,0.8,0.8,1441920,0.85,563800,8680,3806800
FINNIFTY02JAN2421750CE.NFO,02/01/2024,09:24:52,0.8,0.8,1424480,0.85,561720,17160,3806800
FINNIFTY02JAN2421750CE.NFO,02/01/2024,09:24:53,0.8,0.8,1413560,0.85,573440,28680,3806800
FINNIFTY02JAN2421750CE.NFO,02/01/2024,09:24:55,0.75,0.75,774760,0.8,120960,47240,3806800
FINNIFTY02JAN2421750CE.NFO,02/01/2024,09:24:57,0.8,0.75,775400,0.8,353480,1720,3806800
FINNIFTY02JAN2421750CE.NFO,02/01/2024,09:24:58,0.8,0.75,733160,0.8,441960,13280,3806800
FINNIFTY02JAN2421750CE.NFO,02/01/2024,09:25:00,0.75,0.75,732400,0.8,474160,80,3806800
FINNIFTY02JAN2421750CE.NFO,02/01/2024,09:25:02,0.75,0.75,745160,0.8,461000,8200,3806800
FINNIFTY02JAN2421750CE.NFO,02/01/2024,09:25:03,0.8,0.75,727600,0.8,475680,8200,3806800
FINNIFTY02JAN2421750CE.NFO,02/01/2024,09:25:05,0.75,0.75,681280,0.8,494680,3560,3806800
FINNIFTY02JAN2421750CE.NFO,02/01/2024,09:25:07,0.75,0.75,711040,0.8,481520,7760,3806800
FINNIFTY02JAN2421750CE.NFO,02/01/2024,09:25:09,0.75,0.75,689120,0.8,495640,3920,3806800
FINNIFTY02JAN2421750CE.NFO,02/01/2024,09:25:10,0.8,0.75,700760,0.8,505560,2800,3806800
FINNIFTY02JAN2421750CE.NFO,02/01/2024,09:25:12,0.75,0.75,689400,0.8,512440,1800,3806800
FINNIFTY02JAN2421750CE.NFO,02/01/2024,09:25:14,0.8,0.75,699000,0.8,512480,2480,3806800
FINNIFTY02JAN2421750CE.NFO,02/01/2024,09:25:15,0.8,0.75,716800,0.8,495000,280,3806800
FINNIFTY02JAN2421750CE.NFO,02/01/2024,09:25:17,0.75,0.75,727400,0.8,469560,7800,3806800
FINNIFTY02JAN2421750CE.NFO,02/01/2024,09:25:19,0.75,0.75,724080,0.8,481240,3440,3806800
FINNIFTY02JAN2421750CE.NFO,02/01/2024,09:25:20,0.8,0.75,707200,0.8,491640,6320,3806800
FINNIFTY02JAN2421750CE.NFO,02/01/2024,09:25:22,0.75,0.75,1581960,0.8,491280,3400,3806800
FINNIFTY02JAN2421750CE.NFO,02/01/2024,09:25:24,0.8,0.75,1588680,0.8,512240,6640,3806800
FINNIFTY02JAN2421750CE.NFO,02/01/2024,09:25:25,0.8,0.75,1603280,0.8,513040,4640,3806800
FINNIFTY02JAN2421750CE.NFO,02/01/2024,09:25:27,0.75,0.75,1648560,0.8,469880,5080,3806800
FINNIFTY02JAN2421750CE.NFO,02/01/2024,09:25:29,0.8,0.75,1621320,0.8,524720,12560,3806800
FINNIFTY02JAN2421750CE.NFO,02/01/2024,09:25:31,0.75,0.75,1627040,0.8,519240,5800,3806800
FINNIFTY02JAN2421750CE.NFO,02/01/2024,09:25:32,0.75,0.75,1651080,0.8,497720,4960,3806800
FINNIFTY02JAN2421750CE.NFO,02/01/2024,09:25:34,0.75,0.75,1656960,0.8,498160,8600,3806800
FINNIFTY02JAN2421750CE.NFO,02/01/2024,09:25:36,0.8,0.75,1652120,0.8,507200,2400,3806800
FINNIFTY02JAN2421750CE.NFO,02/01/2024,09:25:37,0.75,0.75,1653280,0.8,479320,4160,3806800
FINNIFTY02JAN2421750CE.NFO,02/01/2024,09:25:39,0.8,0.75,1643760,0.8,519520,680,3806800
FINNIFTY02JAN2421750CE.NFO,02/01/2024,09:25:41,0.8,0.75,1683240,0.8,483600,2080,3806800
FINNIFTY02JAN2421750CE.NFO,02/01/2024,09:25:42,0.75,0.75,1682880,0.8,486960,680,3806800
FINNIFTY02JAN2421750CE.NFO,02/01/2024,09:25:44,0.8,0.75,1636560,0.8,523480,18120,3806800
FINNIFTY02JAN2421750CE.NFO,02/01/2024,09:25:46,0.75,0.75,1629120,0.8,547080,600,3806800
FINNIFTY02JAN2421750CE.NFO,02/01/2024,09:25:47,0.75,0.75,1614120,0.8,548560,3840,3806800
FINNIFTY02JAN2421750CE.NFO,02/01/2024,09:25:49,0.8,0.75,1612480,0.8,548040,7160,3806800
FINNIFTY02JAN2421750CE.NFO,02/01/2024,09:25:51,0.8,0.75,1651720,0.8,513200,9320,3806800
FINNIFTY02JAN2421750CE.NFO,02/01/2024,09:25:52,0.8,0.75,1620680,0.8,522960,19640,3806800
FINNIFTY02JAN2421750CE.NFO,02/01/2024,09:25:54,0.75,0.75,1664920,0.8,485760,5040,3806800
FINNIFTY02JAN2421750CE.NFO,02/01/2024,09:25:56,0.8,0.75,1627520,0.8,539080,3840,3806800
FINNIFTY02JAN2421750CE.NFO,02/01/2024,09:25:57,0.75,0.75,1655320,0.8,482640,17120,3806800
FINNIFTY02JAN2421750CE.NFO,02/01/2024,09:25:59,0.8,0.75,1645720,0.8,501800,760,3806800
FINNIFTY02JAN2421750CE.NFO,02/01/2024,09:26:01,0.75,0.75,1511040,0.8,530520,64000,3806800
FINNIFTY02JAN2421750CE.NFO,02/01/2024,09:26:02,0.75,0.75,1565120,0.8,532280,7360,3806800
FINNIFTY02JAN2421750CE.NFO,02/01/2024,09:26:04,0.75,0.75,1564480,0.8,530600,2440,3806800
FINNIFTY02JAN2421750CE.NFO,02/01/2024,09:26:06,0.75,0.75,1567120,0.8,571800,5040,3806800
FINNIFTY02JAN2421750CE.NFO,02/01/2024,09:26:07,0.75,0.75,1570960,0.8,559560,12520,3806800
FINNIFTY02JAN2421750CE.NFO,02/01/2024,09:26:09,0.8,0.75,1591080,0.8,545200,2720,3806800
FINNIFTY02JAN2421750CE.NFO,02/01/2024,09:26:11,0.75,0.75,1574600,0.8,555600,2280,3806800
FINNIFTY02JAN2421750CE.NFO,02/01/2024,09:26:12,0.8,0.75,1563600,0.8,549760,4800,3806800
FINNIFTY02JAN2421750CE.NFO,02/01/2024,09:26:14,0.8,0.75,1563160,0.8,548360,4640,3806800
FINNIFTY02JAN2421750CE.NFO,02/01/2024,09:26:16,0.8,0.75,1632320,0.8,368400,67120,3806800
FINNIFTY02JAN2421750CE.NFO,02/01/2024,09:26:17,0.8,0.8,235600,0.85,200360,405320,3806800
FINNIFTY02JAN2421750CE.NFO,02/01/2024,09:26:19,0.8,0.8,258560,0.85,256040,12960,3806800
FINNIFTY02JAN2421750CE.NFO,02/01/2024,09:26:21,0.8,0.8,330120,0.85,351960,22280,3806800
FINNIFTY02JAN2421750CE.NFO,02/01/2024,09:26:22,0.8,0.8,406360,0.85,304000,9080,3806800
FINNIFTY02JAN2421750CE.NFO,02/01/2024,09:26:24,0.85,0.8,393280,0.85,313880,2320,3733560
FINNIFTY02JAN2421750CE.NFO,02/01/2024,09:26:26,0.8,0.8,452160,0.85,344920,4640,3733560
FINNIFTY02JAN2421750CE.NFO,02/01/2024,09:26:27,0.8,0.8,490920,0.85,313880,3680,3733560
FINNIFTY02JAN2421750CE.NFO,02/01/2024,09:26:29,0.8,0.8,488760,0.85,312880,3240,3733560
FINNIFTY02JAN2421750CE.NFO,02/01/2024,09:26:31,0.85,0.8,448600,0.85,303640,9480,3733560
FINNIFTY02JAN2421750CE.NFO,02/01/2024,09:26:32,0.8,0.8,460720,0.85,216120,109440,3733560
FINNIFTY02JAN2421750CE.NFO,02/01/2024,09:26:34,0.8,0.8,470680,0.85,158520,9360,3733560
FINNIFTY02JAN2421750CE.NFO,02/01/2024,09:26:36,0.8,0.8,500920,0.85,216280,7360,3733560
FINNIFTY02JAN2421750CE.NFO,02/01/2024,09:26:37,0.85,0.8,552240,0.85,243920,5440,3733560
FINNIFTY02JAN2421750CE.NFO,02/01/2024,09:26:39,0.85,0.8,542040,0.85,257840,16760,3733560
FINNIFTY02JAN2421750CE.NFO,02/01/2024,09:26:41,0.85,0.8,500760,0.85,243440,6600,3733560
FINNIFTY02JAN2421750CE.NFO,02/01/2024,09:26:42,0.85,0.8,496760,0.85,242040,20600,3733560
FINNIFTY02JAN2421750CE.NFO,02/01/2024,09:26:44,0.8,0.8,519360,0.85,240440,5320,3733560
FINNIFTY02JAN2421750CE.NFO,02/01/2024,09:26:46,0.85,0.8,501840,0.85,312600,3840,3733560
FINNIFTY02JAN2421750CE.NFO,02/01/2024,09:26:47,0.8,0.8,451120,0.85,297480,46760,3733560
FINNIFTY02JAN2421750CE.NFO,02/01/2024,09:26:49,0.85,0.8,409800,0.85,334560,11640,3733560
FINNIFTY02JAN2421750CE.NFO,02/01/2024,09:26:51,0.85,0.8,435200,0.85,374920,4800,3733560
FINNIFTY02JAN2421750CE.NFO,02/01/2024,09:26:52,0.8,0.8,358160,0.85,367360,75480,3733560
FINNIFTY02JAN2421750CE.NFO,02/01/2024,09:26:54,0.85,0.8,383880,0.85,381800,22440,3733560
FINNIFTY02JAN2421750CE.NFO,02/01/2024,09:26:56,0.85,0.8,379160,0.85,344440,35160,3733560
FINNIFTY02JAN2421750CE.NFO,02/01/2024,09:26:57,0.8,0.8,382000,0.85,376440,7880,3733560
FINNIFTY02JAN2421750CE.NFO,02/01/2024,09:26:59,0.8,0.8,390400,0.85,395480,12640,3733560
FINNIFTY02JAN2421750CE.NFO,02/01/2024,09:27:01,0.8,0.8,355960,0.85,447600,24120,3733560
FINNIFTY02JAN2421750CE.NFO,02/01/2024,09:27:02,0.8,0.8,257360,0.85,452160,98320,3733560
FINNIFTY02JAN2421750CE.NFO,02/01/2024,09:27:04,0.8,0.8,315440,0.85,435960,22320,3733560
FINNIFTY02JAN2421750CE.NFO,02/01/2024,09:27:06,0.8,0.8,215080,0.85,572120,23080,3733560
FINNIFTY02JAN2421750CE.NFO,02/01/2024,09:27:07,0.8,0.8,295480,0.85,552400,6280,3733560
FINNIFTY02JAN2421750CE.NFO,02/01/2024,09:27:09,0.85,0.8,302200,0.85,515320,36520,3733560
FINNIFTY02JAN2421750CE.NFO,02/01/2024,09:27:11,0.8,0.8,171680,0.85,560880,92880,3733560
FINNIFTY02JAN2421750CE.NFO,02/01/2024,09:27:12,0.8,0.8,250040,0.85,519560,22920,3733560
FINNIFTY02JAN2421750CE.NFO,02/01/2024,09:27:14,0.85,0.8,232200,0.85,563240,5920,3733560
FINNIFTY02JAN2421750CE.NFO,02/01/2024,09:27:16,0.8,0.8,242480,0.85,560200,7040,3733560
FINNIFTY02JAN2421750CE.NFO,02/01/2024,09:27:17,0.85,0.8,232120,0.85,589320,3400,3733560
FINNIFTY02JAN2421750CE.NFO,02/01/2024,09:27:19,0.85,0.8,277720,0.85,573240,3800,3733560
FINNIFTY02JAN2421750CE.NFO,02/01/2024,09:27:21,0.8,0.8,266360,0.85,589040,11800,3733560
FINNIFTY02JAN2421750CE.NFO,02/01/2024,09:27:22,0.85,0.8,362920,0.85,618160,1200,3733560
FINNIFTY02JAN2421750CE.NFO,02/01/2024,09:27:24,0.85,0.8,524480,0.85,559200,11520,3733560
FINNIFTY02JAN2421750CE.NFO,02/01/2024,09:27:26,0.85,0.8,655240,0.85,555800,6280,3733560
FINNIFTY02JAN2421750CE.NFO,02/01/2024,09:27:27,0.85,0.8,648720,0.85,574280,16120,3733560
FINNIFTY02JAN2421750CE.NFO,02/01/2024,09:27:29,0.8,0.8,606560,0.85,566720,41960,3733560
FINNIFTY02JAN2421750CE.NFO,02/01/2024,09:27:30,0.85,0.8,606440,0.85,571320,2680,3733560
FINNIFTY02JAN2421750CE.NFO,02/01/2024,09:27:32,0.85,0.8,613520,0.85,557920,14320,3733560
FINNIFTY02JAN2421750CE.NFO,02/01/2024,09:27:33,0.8,0.8,557920,0.85,597880,8840,3733560
FINNIFTY02JAN2421750CE.NFO,02/01/2024,09:27:35,0.8,0.8,582200,0.85,560840,10680,3733560
FINNIFTY02JAN2421750CE.NFO,02/01/2024,09:27:37,0.8,0.8,572880,0.85,610440,17040,3733560
FINNIFTY02JAN2421750CE.NFO,02/01/2024,09:27:38,0.85,0.8,574360,0.85,602880,5600,3733560
FINNIFTY02JAN2421750CE.NFO,02/01/2024,09:27:40,0.8,0.8,573120,0.85,605920,5720,3733560
FINNIFTY02JAN2421750CE.NFO,02/01/2024,09:27:42,0.85,0.8,572480,0.85,584360,16240,3733560
FINNIFTY02JAN2421750CE.NFO,02/01/2024,09:27:43,0.8,0.8,572160,0.85,575280,4600,3733560
FINNIFTY02JAN2421750CE.NFO,02/01/2024,09:27:45,0.85,0.8,525720,0.85,613840,7560,3733560
FINNIFTY02JAN2421750CE.NFO,02/01/2024,09:27:47,0.85,0.8,564600,0.85,579560,6640,3733560
FINNIFTY02JAN2421750CE.NFO,02/01/2024,09:27:48,0.85,0.8,562800,0.85,578400,3000,3733560
FINNIFTY02JAN2421750CE.NFO,02/01/2024,09:27:50,0.85,0.8,563200,0.85,565440,2960,3733560
FINNIFTY02JAN2421750CE.NFO,02/01/2024,09:27:52,0.85,0.8,536040,0.85,591040,15280,3733560
FINNIFTY02JAN2421750CE.NFO,02/01/2024,09:27:53,0.85,0.8,551920,0.85,575920,8080,3733560
FINNIFTY02JAN2421750CE.NFO,02/01/2024,09:27:55,0.8,0.8,561960,0.85,591680,3960,3733560
FINNIFTY02JAN2421750CE.NFO,02/01/2024,09:27:57,0.85,0.8,601000,0.85,518640,5320,3733560
FINNIFTY02JAN2421750CE.NFO,02/01/2024,09:27:58,0.85,0.8,543080,0.85,210360,301960,3733560
FINNIFTY02JAN2421750CE.NFO,02/01/2024,09:28:00,0.9,0.85,130120,0.9,283840,165440,3733560
FINNIFTY02JAN2421750CE.NFO,02/01/2024,09:28:02,0.8,0.8,614680,0.85,177040,137040,3733560
FINNIFTY02JAN2421750CE.NFO,02/01/2024,09:28:03,0.85,0.8,610080,0.85,99680,91920,3733560
FINNIFTY02JAN2421750CE.NFO,02/01/2024,09:28:05,0.85,0.85,67120,0.9,388120,107680,3733560
FINNIFTY02JAN2421750CE.NFO,02/01/2024,09:28:07,0.85,0.8,630760,0.85,286560,43720,3733560
FINNIFTY02JAN2421750CE.NFO,02/01/2024,09:28:08,0.8,0.8,636120,0.85,378760,10760,3733560
FINNIFTY02JAN2421750CE.NFO,02/01/2024,09:28:10,0.85,0.8,669520,0.85,407160,280,3733560
FINNIFTY02JAN2421750CE.NFO,02/01/2024,09:28:12,0.85,0.8,708680,0.85,406800,520,3733560
FINNIFTY02JAN2421750CE.NFO,02/01/2024,09:28:13,0.8,0.8,779440,0.85,370480,8080,3733560
FINNIFTY02JAN2421750CE.NFO,02/01/2024,09:28:15,0.85,0.8,780080,0.85,447800,25480,3733560
FINNIFTY02JAN2421750CE.NFO,02/01/2024,09:28:17,0.8,0.8,745320,0.85,498280,13360,3733560
FINNIFTY02JAN2421750CE.NFO,02/01/2024,09:28:18,0.8,0.8,770000,0.85,445200,11960,3733560
FINNIFTY02JAN2421750CE.NFO,02/01/2024,09:28:20,0.85,0.8,762280,0.85,464120,6600,3733560
FINNIFTY02JAN2421750CE.NFO,02/01/2024,09:28:22,0.8,0.8,750400,0.85,476200,7840,3733560
FINNIFTY02JAN2421750CE.NFO,02/01/2024,09:28:23,0.8,0.8,765480,0.85,459640,21200,3733560
FINNIFTY02JAN2421750CE.NFO,02/01/2024,09:28:25,0.85,0.8,759920,0.85,395800,29240,3733560
FINNIFTY02JAN2421750CE.NFO,02/01/2024,09:28:27,0.85,0.8,748080,0.85,48240,169240,3733560
FINNIFTY02JAN2421750CE.NFO,02/01/2024,09:28:28,0.85,0.85,271360,0.9,490040,52720,3733560
FINNIFTY02JAN2421750CE.NFO,02/01/2024,09:28:30,0.9,0.85,212720,0.9,600520,60280,3733560
FINNIFTY02JAN2421750CE.NFO,02/01/2024,09:28:32,0.85,0.85,235560,0.9,589480,6720,3733560
FINNIFTY02JAN2421750CE.NFO,02/01/2024,09:28:34,0.85,0.8,739800,0.85,79000,179640,3733560
FINNIFTY02JAN2421750CE.NFO,02/01/2024,09:28:35,0.85,0.8,727320,0.85,161160,19080,3733560
FINNIFTY02JAN2421750CE.NFO,02/01/2024,09:28:37,0.85,0.8,752960,0.85,223880,28280,3733560
FINNIFTY02JAN2421750CE.NFO,02/01/2024,09:28:39,0.85,0.8,735000,0.85,314360,8200,3733560
FINNIFTY02JAN2421750CE.NFO,02/01/2024,09:28:40,0.8,0.8,837280,0.85,386480,12120,3733560
FINNIFTY02JAN2421750CE.NFO,02/01/2024,09:28:42,0.85,0.8,973120,0.85,416280,2720,3733560
FINNIFTY02JAN2421750CE.NFO,02/01/2024,09:28:44,0.85,0.8,1010360,0.85,419320,9920,3733560
FINNIFTY02JAN2421750CE.NFO,02/01/2024,09:28:45,0.8,0.8,1009080,0.85,414120,12960,3733560
FINNIFTY02JAN2421750CE.NFO,02/01/2024,09:28:47,0.8,0.8,976480,0.85,416680,15800,3733560
FINNIFTY02JAN2421750CE.NFO,02/01/2024,09:28:49,0.85,0.8,988000,0.85,399280,6080,3733560
FINNIFTY02JAN2421750CE.NFO,02/01/2024,09:28:50,0.8,0.8,966120,0.85,422880,8480,3733560
FINNIFTY02JAN2421750CE.NFO,02/01/2024,09:28:52,0.85,0.8,963720,0.85,500360,1120,3733560
FINNIFTY02JAN2421750CE.NFO,02/01/2024,09:28:54,0.85,0.8,962600,0.85,499560,3080,3733560
FINNIFTY02JAN2421750CE.NFO,02/01/2024,09:28:55,0.8,0.8,999640,0.85,446080,6320,3733560
FINNIFTY02JAN2421750CE.NFO,02/01/2024,09:28:57,0.85,0.8,965880,0.85,481040,5080,3733560
FINNIFTY02JAN2421750CE.NFO,02/01/2024,09:28:59,0.85,0.8,1106200,0.85,551360,4280,3733560
FINNIFTY02JAN2421750CE.NFO,02/01/2024,09:29:00,0.8,0.8,1161960,0.85,585160,11000,3733560
FINNIFTY02JAN2421750CE.NFO,02/01/2024,09:29:02,0.8,0.8,1175600,0.85,557440,34320,3733560
FINNIFTY02JAN2421750CE.NFO,02/01/2024,09:29:04,0.85,0.8,1187040,0.85,542920,4080,3733560
FINNIFTY02JAN2421750CE.NFO,02/01/2024,09:29:05,0.8,0.8,1141200,0.85,580720,2160,3733560
FINNIFTY02JAN2421750CE.NFO,02/01/2024,09:29:07,0.85,0.8,1133080,0.85,580360,720,3733560
FINNIFTY02JAN2421750CE.NFO,02/01/2024,09:29:09,0.8,0.8,1133480,0.85,583000,3880,3733560
FINNIFTY02JAN2421750CE.NFO,02/01/2024,09:29:10,0.8,0.8,1104800,0.85,585720,9040,3733560
FINNIFTY02JAN2421750CE.NFO,02/01/2024,09:29:12,0.85,0.8,1146160,0.85,545320,8440,3733560
FINNIFTY02JAN2421750CE.NFO,02/01/2024,09:29:14,0.8,0.8,1104680,0.85,580120,3040,3733560
FINNIFTY02JAN2421750CE.NFO,02/01/2024,09:29:15,0.8,0.8,1132160,0.85,531600,2600,3733560
FINNIFTY02JAN2421750CE.NFO,02/01/2024,09:29:17,0.8,0.8,1131560,0.85,573360,5080,3733560
FINNIFTY02JAN2421750CE.NFO,02/01/2024,09:29:19,0.8,0.8,1119200,0.85,597760,13560,3733560
FINNIFTY02JAN2421750CE.NFO,02/01/2024,09:29:20,0.85,0.8,1115080,0.85,600160,3840,3733560
FINNIFTY02JAN2421750CE.NFO,02/01/2024,09:29:22,0.8,0.8,1136920,0.85,634600,200,3733560
FINNIFTY02JAN2421750CE.NFO,02/01/2024,09:29:24,0.8,0.8,1290080,0.85,622400,4920,4151520
FINNIFTY02JAN2421750CE.NFO,02/01/2024,09:29:25,0.8,0.8,1280880,0.85,621320,1240,4151520
FINNIFTY02JAN2421750CE.NFO,02/01/2024,09:29:27,0.8,0.8,1313880,0.85,609120,11560,4151520
FINNIFTY02JAN2421750CE.NFO,02/01/2024,09:29:29,0.85,0.8,1311240,0.85,605680,6800,4151520
FINNIFTY02JAN2421750CE.NFO,02/01/2024,09:29:31,0.8,0.8,1262320,0.85,648120,15520,4151520
FINNIFTY02JAN2421750CE.NFO,02/01/2024,09:29:32,0.85,0.8,1268000,0.85,647800,5840,4151520
FINNIFTY02JAN2421750CE.NFO,02/01/2024,09:29:34,0.8,0.8,1272280,0.85,644880,4200,4151520
FINNIFTY02JAN2421750CE.NFO,02/01/2024,09:29:36,0.85,0.8,1284400,0.85,614400,14480,4151520
FINNIFTY02JAN2421750CE.NFO,02/01/2024,09:29:37,0.85,0.8,1279680,0.85,611040,8320,4151520
FINNIFTY02JAN2421750CE.NFO,02/01/2024,09:29:39,0.85,0.8,1333440,0.85,588920,14320,4151520
FINNIFTY02JAN2421750CE.NFO,02/01/2024,09:29:41,0.85,0.8,1447120,0.85,608880,7480,4151520
FINNIFTY02JAN2421750CE.NFO,02/01/2024,09:29:42,0.8,0.8,1446840,0.85,601880,960,4151520
FINNIFTY02JAN2421750CE.NFO,02/01/2024,09:29:44,0.85,0.8,1443720,0.85,616760,5520,4151520
FINNIFTY02JAN2421750CE.NFO,02/01/2024,09:29:46,0.85,0.8,1429480,0.85,617360,6400,4151520
FINNIFTY02JAN2421750CE.NFO,02/01/2024,09:29:47,0.85,0.8,1413840,0.85,605000,25200,4151520
FINNIFTY02JAN2421750CE.NFO,02/01/2024,09:29:49,0.85,0.8,1444560,0.85,572920,16040,4151520
FINNIFTY02JAN2421750CE.NFO,02/01/2024,09:29:51,0.85,0.8,1419480,0.85,587160,21960,4151520
FINNIFTY02JAN2421750CE.NFO,02/01/2024,09:29:52,0.85,0.8,1391280,0.85,598440,6160,4151520
FINNIFTY02JAN2421750CE.NFO,02/01/2024,09:29:54,0.85,0.8,1404320,0.85,582400,5560,4151520
FINNIFTY02JAN2421750CE.NFO,02/01/2024,09:29:56,0.85,0.8,1392120,0.85,584440,3040,4151520
FINNIFTY02JAN2421750CE.NFO,02/01/2024,09:29:57,0.85,0.8,1408120,0.85,568480,3840,4151520
FINNIFTY02JAN2421750CE.NFO,02/01/2024,09:29:59,0.8,0.8,1396040,0.85,580280,1760,4151520
FINNIFTY02JAN2421750CE.NFO,02/01/2024,09:30:01,0.85,0.8,1404400,0.85,546040,13400,4151520
FINNIFTY02JAN2421750CE.NFO,02/01/2024,09:30:02,0.8,0.8,1380000,0.85,579360,5560,4151520
FINNIFTY02JAN2421750CE.NFO,02/01/2024,09:30:04,0.8,0.8,1370840,0.85,577520,6480,4151520
FINNIFTY02JAN2421750CE.NFO,02/01/2024,09:30:06,0.85,0.8,1364080,0.85,542400,11520,4151520
FINNIFTY02JAN2421750CE.NFO,02/01/2024,09:30:07,0.8,0.8,1350880,0.85,454560,4560,4151520
FINNIFTY02JAN2421750CE.NFO,02/01/2024,09:30:09,0.8,0.8,1433520,0.85,564880,12600,4151520
FINNIFTY02JAN2421750CE.NFO,02/01/2024,09:30:11,0.85,0.8,1559440,0.85,505160,9440,4151520
FINNIFTY02JAN2421750CE.NFO,02/01/2024,09:30:12,0.85,0.8,1557040,0.85,525280,3600,4151520
FINNIFTY02JAN2421750CE.NFO,02/01/2024,09:30:14,0.85,0.8,1545520,0.85,529200,960,4151520
FINNIFTY02JAN2421750CE.NFO,02/01/2024,09:30:16,0.85,0.8,1557960,0.85,514240,3960,4151520
FINNIFTY02JAN2421750CE.NFO,02/01/2024,09:30:17,0.8,0.8,1557600,0.85,500680,6760,4151520
FINNIFTY02JAN2421750CE.NFO,02/01/2024,09:30:19,0.85,0.8,1541120,0.85,520640,9400,4151520
FINNIFTY02JAN2421750CE.NFO,02/01/2024,09:30:21,0.8,0.8,1503000,0.85,302320,88400,4151520
FINNIFTY02JAN2421750CE.NFO,02/01/2024,09:30:22,0.85,0.85,586640,0.9,291360,259720,4151520
FINNIFTY02JAN2421750CE.NFO,02/01/2024,09:30:24,0.85,0.85,630720,0.9,300640,200,4151520
FINNIFTY02JAN2421750CE.NFO,02/01/2024,09:30:26,0.85,0.85,371320,0.9,352160,276560,4151520
FINNIFTY02JAN2421750CE.NFO,02/01/2024,09:30:27,0.85,0.85,73600,0.9,334480,227080,4151520
FINNIFTY02JAN2421750CE.NFO,02/01/2024,09:30:29,0.8,0.8,1540000,0.85,66640,87920,4151520
FINNIFTY02JAN2421750CE.NFO,02/01/2024,09:30:30,0.85,0.8,1500480,0.85,102240,29800,4151520
FINNIFTY02JAN2421750CE.NFO,02/01/2024,09:30:32,0.8,0.8,1498440,0.85,201120,4520,4151520
FINNIFTY02JAN2421750CE.NFO,02/01/2024,09:30:33,0.85,0.8,1549360,0.85,570400,3680,4151520
FINNIFTY02JAN2421750CE.NFO,02/01/2024,09:30:35,0.85,0.8,1519400,0.85,528760,83400,4151520
FINNIFTY02JAN2421750CE.NFO,02/01/2024,09:30:37,0.85,0.8,1565760,0.85,416560,61800,4151520
FINNIFTY02JAN2421750CE.NFO,02/01/2024,09:30:38,0.8,0.8,1544320,0.85,365520,90760,4151520
FINNIFTY02JAN2421750CE.NFO,02/01/2024,09:30:40,0.8,0.8,1569200,0.85,197960,145440,4151520
FINNIFTY02JAN2421750CE.NFO,02/01/2024,09:30:42,0.9,0.85,105640,0.9,292760,174440,4151520
FINNIFTY02JAN2421750CE.NFO,02/01/2024,09:30:43,0.85,0.85,200480,0.9,331240,3240,4151520
FINNIFTY02JAN2421750CE.NFO,02/01/2024,09:30:45,0.85,0.85,151480,0.9,353320,23520,4151520
FINNIFTY02JAN2421750CE.NFO,02/01/2024,09:30:47,0.85,0.85,116280,0.9,297680,148280,4151520
FINNIFTY02JAN2421750CE.NFO,02/01/2024,09:30:48,0.85,0.85,206880,0.9,310280,26280,4151520
FINNIFTY02JAN2421750CE.NFO,02/01/2024,09:30:50,0.85,0.85,258320,0.9,313040,11840,4151520
FINNIFTY02JAN2421750CE.NFO,02/01/2024,09:30:52,0.9,0.85,264240,0.9,338520,7480,4151520
FINNIFTY02JAN2421750CE.NFO,02/01/2024,09:30:53,0.9,0.85,267600,0.9,336640,5720,4151520
FINNIFTY02JAN2421750CE.NFO,02/01/2024,09:30:55,0.9,0.85,253320,0.9,297080,12360,4151520
FINNIFTY02JAN2421750CE.NFO,02/01/2024,09:30:57,0.85,0.85,572720,0.9,287000,3560,4151520
FINNIFTY02JAN2421750CE.NFO,02/01/2024,09:30:58,0.85,0.85,569760,0.9,277600,3640,4151520
FINNIFTY02JAN2421750CE.NFO,02/01/2024,09:31:00,0.85,0.85,522920,0.9,288760,47120,4151520
FINNIFTY02JAN2421750CE.NFO,02/01/2024,09:31:02,0.85,0.85,525480,0.9,282600,14080,4151520
FINNIFTY02JAN2421750CE.NFO,02/01/2024,09:31:03,0.9,0.85,554600,0.9,242600,4240,4151520
FINNIFTY02JAN2421750CE.NFO,02/01/2024,09:31:05,0.85,0.85,537120,0.9,274680,2680,4151520
FINNIFTY02JAN2421750CE.NFO,02/01/2024,09:31:07,0.9,0.85,547920,0.9,267080,4200,4151520
FINNIFTY02JAN2421750CE.NFO,02/01/2024,09:31:08,0.85,0.85,529240,0.9,279280,4360,4151520
FINNIFTY02JAN2421750CE.NFO,02/01/2024,09:31:10,0.9,0.85,547360,0.9,251880,2920,4151520
FINNIFTY02JAN2421750CE.NFO,02/01/2024,09:31:12,0.9,0.85,513800,0.9,286800,7920,4151520
FINNIFTY02JAN2421750CE.NFO,02/01/2024,09:31:13,0.85,0.85,494280,0.9,291720,12760,4151520
FINNIFTY02JAN2421750CE.NFO,02/01/2024,09:31:15,0.85,0.85,524040,0.9,260880,11800,4151520
FINNIFTY02JAN2421750CE.NFO,02/01/2024,09:31:16,0.9,0.85,521760,0.9,264560,4000,4151520
FINNIFTY02JAN2421750CE.NFO,02/01/2024,09:31:18,0.9,0.85,517600,0.9,254520,4480,4151520
FINNIFTY02JAN2421750CE.NFO,02/01/2024,09:31:20,0.85,0.85,515520,0.9,262840,3680,4151520
FINNIFTY02JAN2421750CE.NFO,02/01/2024,09:31:21,0.85,0.85,511200,0.9,267680,720,4151520
FINNIFTY02JAN2421750CE.NFO,02/01/2024,09:31:23,0.85,0.85,371320,0.9,268120,107760,4151520
FINNIFTY02JAN2421750CE.NFO,02/01/2024,09:31:25,0.85,0.85,390680,0.9,289360,8440,4151520
FINNIFTY02JAN2421750CE.NFO,02/01/2024,09:31:26,0.9,0.85,389560,0.9,325840,8560,4151520
FINNIFTY02JAN2421750CE.NFO,02/01/2024,09:31:28,0.85,0.85,415560,0.9,306360,3560,4151520
FINNIFTY02JAN2421750CE.NFO,02/01/2024,09:31:30,0.85,0.85,375040,0.9,335480,800,4151520
FINNIFTY02JAN2421750CE.NFO,02/01/2024,09:31:31,0.85,0.85,367400,0.9,338800,6280,4151520
FINNIFTY02JAN2421750CE.NFO,02/01/2024,09:31:33,0.9,0.85,388520,0.9,309000,1400,4151520
FINNIFTY02JAN2421750CE.NFO,02/01/2024,09:31:35,0.9,0.85,375600,0.9,337360,2800,4151520
FINNIFTY02JAN2421750CE.NFO,02/01/2024,09:31:36,0.9,0.85,404040,0.9,299760,1880,4151520
FINNIFTY02JAN2421750CE.NFO,02/01/2024,09:31:38,0.9,0.85,394120,0.9,295520,10440,4151520
FINNIFTY02JAN2421750CE.NFO,02/01/2024,09:31:40,0.9,0.85,395120,0.9,304560,2320,4151520
FINNIFTY02JAN2421750CE.NFO,02/01/2024,09:31:41,0.85,0.85,389960,0.9,308360,6960,4151520
FINNIFTY02JAN2421750CE.NFO,02/01/2024,09:31:43,0.85,0.85,433680,0.9,335280,7120,4151520
FINNIFTY02JAN2421750CE.NFO,02/01/2024,09:31:45,0.85,0.85,418160,0.9,335680,3480,4151520
FINNIFTY02JAN2421750CE.NFO,02/01/2024,09:31:46,0.9,0.85,424920,0.9,327800,6440,4151520
FINNIFTY02JAN2421750CE.NFO,02/01/2024,09:31:48,0.85,0.85,419040,0.9,326480,1760,4151520
FINNIFTY02JAN2421750CE.NFO,02/01/2024,09:31:50,0.85,0.85,429240,0.9,324960,1520,4151520
FINNIFTY02JAN2421750CE.NFO,02/01/2024,09:31:52,0.85,0.85,392640,0.9,316640,33680,4151520
FINNIFTY02JAN2421750CE.NFO,02/01/2024,09:31:53,0.85,0.85,314080,0.9,320200,64920,4151520
FINNIFTY02JAN2421750CE.NFO,02/01/2024,09:31:55,0.85,0.85,311480,0.9,286520,62640,4151520
FINNIFTY02JAN2421750CE.NFO,02/01/2024,09:31:57,0.9,0.85,270840,0.9,301360,17240,4151520
FINNIFTY02JAN2421750CE.NFO,02/01/2024,09:31:58,0.85,0.85,168680,0.9,237480,110800,4151520
FINNIFTY02JAN2421750CE.NFO,02/01/2024,09:32:00,0.9,0.85,103920,0.9,227480,50680,4151520
FINNIFTY02JAN2421750CE.NFO,02/01/2024,09:32:02,0.85,0.8,1456160,0.85,345480,108280,4151520
FINNIFTY02JAN2421750CE.NFO,02/01/2024,09:32:03,0.85,0.8,1456840,0.85,389880,15680,4151520
FINNIFTY02JAN2421750CE.NFO,02/01/2024,09:32:05,0.85,0.8,1455800,0.85,381440,5480,4151520
FINNIFTY02JAN2421750CE.NFO,02/01/2024,09:32:07,0.85,0.8,1382840,0.85,385320,640,4151520
FINNIFTY02JAN2421750CE.NFO,02/01/2024,09:32:08,0.85,0.8,1383160,0.85,384880,2520,4151520
FINNIFTY02JAN2421750CE.NFO,02/01/2024,09:32:10,0.8,0.8,1380440,0.85,457240,12000,4151520
FINNIFTY02JAN2421750CE.NFO,02/01/2024,09:32:12,0.85,0.8,1381040,0.85,448040,1480,4151520
FINNIFTY02JAN2421750CE.NFO,02/01/2024,09:32:13,0.85,0.8,1395280,0.85,441600,4880,4151520
FINNIFTY02JAN2421750CE.NFO,02/01/2024,09:32:15,0.85,0.8,1384440,0.85,455200,240,4151520
FINNIFTY02JAN2421750CE.NFO,02/01/2024,09:32:17,0.8,0.8,1540680,0.85,453360,4440,4151520
FINNIFTY02JAN2421750CE.NFO,02/01/2024,09:32:18,0.8,0.8,1537760,0.85,455200,2000,4151520
FINNIFTY02JAN2421750CE.NFO,02/01/2024,09:32:20,0.8,0.8,1575760,0.85,434760,2200,4151520
FINNIFTY02JAN2421750CE.NFO,02/01/2024,09:32:21,0.8,0.8,1546240,0.85,472400,2080,4151520
FINNIFTY02JAN2421750CE.NFO,02/01/2024,09:32:23,0.8,0.8,1565480,0.85,445120,9640,4151520
FINNIFTY02JAN2421750CE.NFO,02/01/2024,09:32:25,0.85,0.8,1567680,0.85,428680,5120,4585560
FINNIFTY02JAN2421750CE.NFO,02/01/2024,09:32:26,0.8,0.8,1567800,0.85,428920,1600,4585560
FINNIFTY02JAN2421750CE.NFO,02/01/2024,09:32:28,0.8,0.8,1529560,0.85,492000,720,4585560
FINNIFTY02JAN2421750CE.NFO,02/01/2024,09:32:30,0.8,0.8,1502960,0.85,493640,27200,4585560
FINNIFTY02JAN2421750CE.NFO,02/01/2024,09:32:32,0.8,0.8,1485720,0.85,494440,23040,4585560
FINNIFTY02JAN2421750CE.NFO,02/01/2024,09:32:33,0.8,0.8,1494280,0.85,494440,4280,4585560
FINNIFTY02JAN2421750CE.NFO,02/01/2024,09:32:35,0.85,0.8,1491280,0.85,493400,4360,4585560
FINNIFTY02JAN2421750CE.NFO,02/01/2024,09:32:37,0.85,0.8,1488640,0.85,516600,15480,4585560
FINNIFTY02JAN2421750CE.NFO,02/01/2024,09:32:38,0.85,0.8,1496440,0.85,499520,21320,4585560
FINNIFTY02JAN2421750CE.NFO,02/01/2024,09:32:40,0.85,0.8,1510120,0.85,502360,1720,4585560
FINNIFTY02JAN2421750CE.NFO,02/01/2024,09:32:42,0.85,0.8,1473480,0.85,593640,4800,4585560
FINNIFTY02JAN2421750CE.NFO,02/01/2024,09:32:43,0.8,0.8,1499640,0.85,562040,3640,4585560
FINNIFTY02JAN2421750CE.NFO,02/01/2024,09:32:45,0.8,0.8,1474240,0.85,585880,720,4585560
FINNIFTY02JAN2421750CE.NFO,02/01/2024,09:32:47,0.85,0.8,1500000,0.85,541040,4800,4585560
FINNIFTY02JAN2421750CE.NFO,02/01/2024,09:32:48,0.85,0.8,1501080,0.85,498240,17320,4585560
FINNIFTY02JAN2421750CE.NFO,02/01/2024,09:32:50,0.85,0.8,1482520,0.85,523760,13480,4585560
FINNIFTY02JAN2421750CE.NFO,02/01/2024,09:32:52,0.8,0.8,1496280,0.85,524400,5280,4585560
FINNIFTY02JAN2421750CE.NFO,02/01/2024,09:32:53,0.85,0.8,1454800,0.85,559080,5400,4585560
FINNIFTY02JAN2421750CE.NFO,02/01/2024,09:32:55,0.85,0.8,1465320,0.85,553720,8240,4585560
FINNIFTY02JAN2421750CE.NFO,02/01/2024,09:32:57,0.8,0.8,1487000,0.85,540560,5320,4585560
FINNIFTY02JAN2421750CE.NFO,02/01/2024,09:32:58,0.8,0.8,1443080,0.85,579040,11160,4585560
FINNIFTY02JAN2421750CE.NFO,02/01/2024,09:33:00,0.85,0.8,1452080,0.85,555280,16760,4585560
FINNIFTY02JAN2421750CE.NFO,02/01/2024,09:33:02,0.85,0.8,1481400,0.85,605160,4360,4585560
FINNIFTY02JAN2421750CE.NFO,02/01/2024,09:33:03,0.8,0.8,1455160,0.85,655200,3120,4585560
FINNIFTY02JAN2421750CE.NFO,02/01/2024,09:33:05,0.85,0.8,1437840,0.85,651400,4280,4585560
FINNIFTY02JAN2421750CE.NFO,02/01/2024,09:33:07,0.8,0.8,1480640,0.85,599920,5000,4585560
FINNIFTY02JAN2421750CE.NFO,02/01/2024,09:33:08,0.85,0.8,1448440,0.85,625960,12320,4585560
FINNIFTY02JAN2421750CE.NFO,02/01/2024,09:33:10,0.85,0.8,1442040,0.85,620560,6440,4585560
FINNIFTY02JAN2421750CE.NFO,02/01/2024,09:33:12,0.85,0.8,1437760,0.85,613440,8000,4585560
FINNIFTY02JAN2421750CE.NFO,02/01/2024,09:33:13,0.8,0.8,1441120,0.85,612720,1960,4585560
FINNIFTY02JAN2421750CE.NFO,02/01/2024,09:33:15,0.8,0.8,1397640,0.85,614200,54080,4585560
FINNIFTY02JAN2421750CE.NFO,02/01/2024,09:33:17,0.8,0.8,1353560,0.85,614320,8840,4585560
FINNIFTY02JAN2421750CE.NFO,02/01/2024,09:33:18,0.85,0.8,1352000,0.85,636200,8640,4585560
FINNIFTY02JAN2421750CE.NFO,02/01/2024,09:33:20,0.85,0.8,1385440,0.85,609600,2720,4585560
FINNIFTY02JAN2421750CE.NFO,02/01/2024,09:33:22,0.85,0.8,1393880,0.85,510080,47240,4585560
FINNIFTY02JAN2421750CE.NFO,02/01/2024,09:33:23,0.85,0.8,1345600,0.85,555880,4240,4585560
FINNIFTY02JAN2421750CE.NFO,02/01/2024,09:33:25,0.8,0.8,1341800,0.85,563080,3640,4585560
FINNIFTY02JAN2421750CE.NFO,02/01/2024,09:33:27,0.8,0.8,1340400,0.85,573360,3280,4585560
FINNIFTY02JAN2421750CE.NFO,02/01/2024,09:33:28,0.8,0.8,1339720,0.85,565600,5280,4585560
FINNIFTY02JAN2421750CE.NFO,02/01/2024,09:33:30,0.8,0.8,1338120,0.85,573800,680,4585560
FINNIFTY02JAN2421750CE.NFO,02/01/2024,09:33:31,0.85,0.8,1348000,0.85,542400,14600,4585560
FINNIFTY02JAN2421750CE.NFO,02/01/2024,09:33:33,0.85,0.8,1340800,0.85,534480,7160,4585560
FINNIFTY02JAN2421750CE.NFO,02/01/2024,09:33:35,0.8,0.8,1337000,0.85,539120,3560,4585560
FINNIFTY02JAN2421750CE.NFO,02/01/2024,09:33:36,0.8,0.8,1334560,0.85,537040,17000,4585560
FINNIFTY02JAN2421750CE.NFO,02/01/2024,09:33:38,0.85,0.8,1321240,0.85,532080,1600,4585560
FINNIFTY02JAN2421750CE.NFO,02/01/2024,09:33:40,0.85,0.8,1320840,0.85,516360,16480,4585560
FINNIFTY02JAN2421750CE.NFO,02/01/2024,09:33:41,0.85,0.8,1334080,0.85,528920,2800,4585560
FINNIFTY02JAN2421750CE.NFO,02/01/2024,09:33:43,0.85,0.8,1338960,0.85,511680,1040,4585560
FINNIFTY02JAN2421750CE.NFO,02/01/2024,09:33:45,0.8,0.8,1364560,0.85,528000,600,4585560
FINNIFTY02JAN2421750CE.NFO,02/01/2024,09:33:46,0.85,0.8,1364560,0.85,528320,40,4585560
FINNIFTY02JAN2421750CE.NFO,02/01/2024,09:33:48,0.8,0.8,1358600,0.85,511280,4760,4585560
FINNIFTY02JAN2421750CE.NFO,02/01/2024,09:33:50,0.85,0.8,1373040,0.85,505080,5160,4585560
FINNIFTY02JAN2421750CE.NFO,02/01/2024,09:33:51,0.85,0.8,1356040,0.85,526600,8720,4585560
FINNIFTY02JAN2421750CE.NFO,02/01/2024,09:33:53,0.8,0.8,1367360,0.85,528120,480,4585560
FINNIFTY02JAN2421750CE.NFO,02/01/2024,09:33:55,0.85,0.8,1351960,0.85,515640,9040,4585560
FINNIFTY02JAN2421750CE.NFO,02/01/2024,09:33:56,0.85,0.8,1350000,0.85,479240,33840,4585560
FINNIFTY02JAN2421750CE.NFO,02/01/2024,09:33:58,0.85,0.8,1365600,0.85,419800,15040,4585560
FINNIFTY02JAN2421750CE.NFO,02/01/2024,09:34:00,0.85,0.8,1365240,0.85,415800,5360,4585560
FINNIFTY02JAN2421750CE.NFO,02/01/2024,09:34:02,0.85,0.8,1349360,0.85,412000,5400,4585560
FINNIFTY02JAN2421750CE.NFO,02/01/2024,09:34:03,0.85,0.8,1348760,0.85,415400,1480,4585560
FINNIFTY02JAN2421750CE.NFO,02/01/2024,09:34:05,0.85,0.8,1348680,0.85,417440,200,4585560
FINNIFTY02JAN2421750CE.NFO,02/01/2024,09:34:07,0.85,0.8,1358040,0.85,425840,8840,4585560
FINNIFTY02JAN2421750CE.NFO,02/01/2024,09:34:08,0.85,0.8,1341280,0.85,418000,4680,4585560
FINNIFTY02JAN2421750CE.NFO,02/01/2024,09:34:10,0.85,0.8,1341440,0.85,432360,160,4585560
FINNIFTY02JAN2421750CE.NFO,02/01/2024,09:34:12,0.85,0.8,1355040,0.85,425680,3680,4585560
FINNIFTY02JAN2421750CE.NFO,02/01/2024,09:34:13,0.8,0.8,1340000,0.85,420280,13560,4585560
FINNIFTY02JAN2421750CE.NFO,02/01/2024,09:34:15,0.8,0.8,1342720,0.85,396040,18120,4585560
FINNIFTY02JAN2421750CE.NFO,02/01/2024,09:34:17,0.8,0.8,1331880,0.85,407360,7120,4585560
FINNIFTY02JAN2421750CE.NFO,02/01/2024,09:34:18,0.85,0.8,1346520,0.85,416960,1080,4585560
FINNIFTY02JAN2421750CE.NFO,02/01/2024,09:34:20,0.8,0.8,1329360,0.85,419840,1760,4585560
FINNIFTY02JAN2421750CE.NFO,02/01/2024,09:34:22,0.85,0.8,1343880,0.85,395960,8640,4585560
FINNIFTY02JAN2421750CE.NFO,02/01/2024,09:34:23,0.8,0.8,1342040,0.85,410880,4960,4585560
FINNIFTY02JAN2421750CE.NFO,02/01/2024,09:34:25,0.8,0.8,1338240,0.85,410720,2000,4585560
FINNIFTY02JAN2421750CE.NFO,02/01/2024,09:34:27,0.8,0.8,1339480,0.85,420360,2880,4585560
FINNIFTY02JAN2421750CE.NFO,02/01/2024,09:34:28,0.8,0.8,1323920,0.85,419600,680,4585560
FINNIFTY02JAN2421750CE.NFO,02/01/2024,09:34:30,0.8,0.8,1339080,0.85,419720,80,4585560
FINNIFTY02JAN2421750CE.NFO,02/01/2024,09:34:32,0.8,0.8,1337840,0.85,418720,2440,4585560
FINNIFTY02JAN2421750CE.NFO,02/01/2024,09:34:33,0.8,0.8,1339400,0.85,419960,640,4585560
FINNIFTY02JAN2421750CE.NFO,02/01/2024,09:34:35,0.8,0.8,1338480,0.85,420120,120,4585560
FINNIFTY02JAN2421750CE.NFO,02/01/2024,09:34:37,0.85,0.8,1341120,0.85,373040,21720,4585560
FINNIFTY02JAN2421750CE.NFO,02/01/2024,09:34:38,0.8,0.8,1319840,0.85,346320,36000,4585560
FINNIFTY02JAN2421750CE.NFO,02/01/2024,09:34:40,0.8,0.8,1311640,0.85,375800,9080,4585560
FINNIFTY02JAN2421750CE.NFO,02/01/2024,09:34:42,0.8,0.8,1322120,0.85,377400,7080,4585560
FINNIFTY02JAN2421750CE.NFO,02/01/2024,09:34:43,0.85,0.8,1326120,0.85,381840,1720,4585560
FINNIFTY02JAN2421750CE.NFO,02/01/2024,09:34:45,0.85,0.8,1329720,0.85,369400,4040,4585560
FINNIFTY02JAN2421750CE.NFO,02/01/2024,09:34:47,0.8,0.8,1324000,0.85,387640,1320,4585560
FINNIFTY02JAN2421750CE.NFO,02/01/2024,09:34:48,0.8,0.8,1337520,0.85,389440,0,4585560
FINNIFTY02JAN2421750CE.NFO,02/01/2024,09:34:50,0.85,0.8,1322000,0.85,387560,2160,4585560
FINNIFTY02JAN2421750CE.NFO,02/01/2024,09:34:52,0.8,0.8,1323920,0.85,394840,2160,4585560
FINNIFTY02JAN2421750CE.NFO,02/01/2024,09:34:53,0.85,0.8,1335600,0.85,370440,1320,4585560
FINNIFTY02JAN2421750CE.NFO,02/01/2024,09:34:55,0.85,0.8,1317800,0.85,436400,2560,4585560
FINNIFTY02JAN2421750CE.NFO,02/01/2024,09:34:57,0.8,0.8,1332440,0.85,435600,1040,4585560
FINNIFTY02JAN2421750CE.NFO,02/01/2024,09:34:58,0.85,0.8,1330480,0.85,434080,4520,4585560
FINNIFTY02JAN2421750CE.NFO,02/01/2024,09:35:00,0.85,0.8,1314960,0.85,433560,520,4585560
FINNIFTY02JAN2421750CE.NFO,02/01/2024,09:35:02,0.8,0.8,1329840,0.85,418720,2560,4585560
FINNIFTY02JAN2421750CE.NFO,02/01/2024,09:35:03,0.8,0.8,1324120,0.85,430920,6240,4585560
FINNIFTY02JAN2421750CE.NFO,02/01/2024,09:35:05,0.85,0.8,1308480,0.85,417560,1600,4585560
FINNIFTY02JAN2421750CE.NFO,02/01/2024,09:35:07,0.85,0.8,1307880,0.85,424280,4160,4585560
FINNIFTY02JAN2421750CE.NFO,02/01/2024,09:35:08,0.8,0.8,1314320,0.85,421000,1400,4585560
FINNIFTY02JAN2421750CE.NFO,02/01/2024,09:35:10,0.85,0.8,1305880,0.85,440760,280,4585560
FINNIFTY02JAN2421750CE.NFO,02/01/2024,09:35:12,0.8,0.8,1305360,0.85,429280,720,4585560
FINNIFTY02JAN2421750CE.NFO,02/01/2024,09:35:13,0.8,0.8,1339920,0.85,440120,1960,4585560
FINNIFTY02JAN2421750CE.NFO,02/01/2024,09:35:15,0.8,0.8,1342080,0.85,440000,560,4585560
FINNIFTY02JAN2421750CE.NFO,02/01/2024,09:35:17,0.8,0.8,1342400,0.85,440000,80,4585560
FINNIFTY02JAN2421750CE.NFO,02/01/2024,09:35:18,0.85,0.8,1347680,0.85,429040,80,4585560
FINNIFTY02JAN2421750CE.NFO,02/01/2024,09:35:20,0.85,0.8,1360080,0.85,424600,9040,4585560
FINNIFTY02JAN2421750CE.NFO,02/01/2024,09:35:22,0.85,0.8,1343240,0.85,397720,4560,4585560
FINNIFTY02JAN2421750CE.NFO,02/01/2024,09:35:23,0.8,0.8,1342920,0.85,402600,1880,4585560
FINNIFTY02JAN2421750CE.NFO,02/01/2024,09:35:25,0.85,0.8,1356280,0.85,402120,4800,4666200
FINNIFTY02JAN2421750CE.NFO,02/01/2024,09:35:27,0.85,0.8,1341880,0.85,388800,2000,4666200
FINNIFTY02JAN2421750CE.NFO,02/01/2024,09:35:28,0.85,0.8,1345480,0.85,385560,3000,4666200
FINNIFTY02JAN2421750CE.NFO,02/01/2024,09:35:30,0.85,0.8,1363120,0.85,391160,3720,4666200
FINNIFTY02JAN2421750CE.NFO,02/01/2024,09:35:32,0.85,0.8,1350640,0.85,409760,2480,4666200
FINNIFTY02JAN2421750CE.NFO,02/01/2024,09:35:33,0.85,0.8,1356960,0.85,405560,4960,4666200
FINNIFTY02JAN2421750CE.NFO,02/01/2024,09:35:35,0.85,0.8,1360920,0.85,400280,6600,4666200
FINNIFTY02JAN2421750CE.NFO,02/01/2024,09:35:37,0.8,0.8,1347240,0.85,387560,3000,4666200
FINNIFTY02JAN2421750CE.NFO,02/01/2024,09:35:38,0.8,0.8,1340920,0.85,399880,200,4666200
FINNIFTY02JAN2421750CE.NFO,02/01/2024,09:35:40,0.85,0.8,1343800,0.85,385520,120,4666200
FINNIFTY02JAN2421750CE.NFO,02/01/2024,09:35:42,0.8,0.8,1355600,0.85,382320,3720,4666200
FINNIFTY02JAN2421750CE.NFO,02/01/2024,09:35:43,0.8,0.8,1339840,0.85,407000,1520,4666200
FINNIFTY02JAN2421750CE.NFO,02/01/2024,09:35:45,0.85,0.8,1335000,0.85,403560,3080,4666200
FINNIFTY02JAN2421750CE.NFO,02/01/2024,09:35:47,0.8,0.8,1310160,0.85,420200,27920,4666200
FINNIFTY02JAN2421750CE.NFO,02/01/2024,09:35:48,0.8,0.8,1323560,0.85,446920,4240,4666200
FINNIFTY02JAN2421750CE.NFO,02/01/2024,09:35:50,0.8,0.8,1308800,0.85,447520,2320,4666200
FINNIFTY02JAN2421750CE.NFO,02/01/2024,09:35:52,0.8,0.8,1308600,0.85,449880,3400,4666200
FINNIFTY02JAN2421750CE.NFO,02/01/2024,09:35:53,0.8,0.8,1300600,0.85,457200,17320,4666200
FINNIFTY02JAN2421750CE.NFO,02/01/2024,09:35:55,0.8,0.8,1285760,0.85,457080,13160,4666200
FINNIFTY02JAN2421750CE.NFO,02/01/2024,09:35:57,0.8,0.8,1211680,0.85,458480,3160,4666200
FINNIFTY02JAN2421750CE.NFO,02/01/2024,09:35:58,0.8,0.8,1099000,0.85,458520,33120,4666200
FINNIFTY02JAN2421750CE.NFO,02/01/2024,09:36:00,0.8,0.8,1081880,0.85,461960,3760,4666200
FINNIFTY02JAN2421750CE.NFO,02/01/2024,09:36:02,0.85,0.8,1096560,0.85,461840,920,4666200
FINNIFTY02JAN2421750CE.NFO,02/01/2024,09:36:03,0.85,0.8,1093280,0.85,458320,3880,4666200
FINNIFTY02JAN2421750CE.NFO,02/01/2024,09:36:05,0.85,0.8,1076840,0.85,452320,8040,4666200
FINNIFTY02JAN2421750CE.NFO,02/01/2024,09:36:07,0.85,0.8,1092720,0.85,450400,1960,4666200
FINNIFTY02JAN2421750CE.NFO,02/01/2024,09:36:08,0.85,0.8,1091880,0.85,449600,800,4666200
FINNIFTY02JAN2421750CE.NFO,02/01/2024,09:36:10,0.8,0.8,1089680,0.85,444760,7680,4666200
FINNIFTY02JAN2421750CE.NFO,02/01/2024,09:36:12,0.85,0.8,1085160,0.85,443880,920,4666200
FINNIFTY02JAN2421750CE.NFO,02/01/2024,09:36:14,0.8,0.8,1052480,0.85,441680,9600,4666200
FINNIFTY02JAN2421750CE.NFO,02/01/2024,09:36:15,0.8,0.8,1054680,0.85,443160,15720,4666200
FINNIFTY02JAN2421750CE.NFO,02/01/2024,09:36:17,0.8,0.8,1017040,0.85,443040,21840,4666200
FINNIFTY02JAN2421750CE.NFO,02/01/2024,09:36:19,0.8,0.75,1521600,0.8,76040,212600,4666200
FINNIFTY02JAN2421750CE.NFO,02/01/2024,09:36:20,0.75,0.75,1515320,0.8,203040,3520,4666200
FINNIFTY02JAN2421750CE.NFO,02/01/2024,09:36:22,0.8,0.75,1527400,0.8,190120,16400,4666200
FINNIFTY02JAN2421750CE.NFO,02/01/2024,09:36:23,0.8,0.75,1523800,0.8,219400,4760,4666200
FINNIFTY02JAN2421750CE.NFO,02/01/2024,09:36:25,0.75,0.75,1493120,0.8,235200,11240,4666200
FINNIFTY02JAN2421750CE.NFO,02/01/2024,09:36:27,0.75,0.75,1487320,0.8,217560,28480,4666200
FINNIFTY02JAN2421750CE.NFO,02/01/2024,09:36:28,0.8,0.75,1495520,0.8,217760,3800,4666200
FINNIFTY02JAN2421750CE.NFO,02/01/2024,09:36:30,0.75,0.75,1472200,0.8,240440,20800,4666200
FINNIFTY02JAN2421750CE.NFO,02/01/2024,09:36:32,0.8,0.75,1484800,0.8,238000,5240,4666200
FINNIFTY02JAN2421750CE.NFO,02/01/2024,09:36:34,0.8,0.75,1484840,0.8,231800,360,4666200
FINNIFTY02JAN2421750CE.NFO,02/01/2024,09:36:35,0.75,0.75,1474440,0.8,225480,4800,4666200
FINNIFTY02JAN2421750CE.NFO,02/01/2024,09:36:37,0.8,0.75,1465960,0.8,245760,4080,4666200
FINNIFTY02JAN2421750CE.NFO,02/01/2024,09:36:39,0.8,0.75,1466360,0.8,236440,3320,4666200
FINNIFTY02JAN2421750CE.NFO,02/01/2024,09:36:40,0.8,0.75,1464640,0.8,233360,3560,4666200
FINNIFTY02JAN2421750CE.NFO,02/01/2024,09:36:42,0.8,0.75,1464640,0.8,221720,6720,4666200
FINNIFTY02JAN2421750CE.NFO,02/01/2024,09:36:44,0.8,0.75,1478600,0.8,238560,2600,4666200
FINNIFTY02JAN2421750CE.NFO,02/01/2024,09:36:45,0.8,0.75,1467320,0.8,238920,960,4666200
FINNIFTY02JAN2421750CE.NFO,02/01/2024,09:36:47,0.8,0.75,1471440,0.8,233760,1200,4666200
FINNIFTY02JAN2421750CE.NFO,02/01/2024,09:36:49,0.8,0.75,1476720,0.8,232040,7560,4666200
FINNIFTY02JAN2421750CE.NFO,02/01/2024,09:36:50,0.8,0.75,1477920,0.8,224120,2040,4666200
FINNIFTY02JAN2421750CE.NFO,02/01/2024,09:36:52,0.8,0.75,1477880,0.8,223560,80,4666200
FINNIFTY02JAN2421750CE.NFO,02/01/2024,09:36:54,0.8,0.75,1478600,0.8,207320,13080,4666200
FINNIFTY02JAN2421750CE.NFO,02/01/2024,09:36:55,0.75,0.75,1486840,0.8,222280,3120,4666200
FINNIFTY02JAN2421750CE.NFO,02/01/2024,09:36:57,0.8,0.8,137800,0.85,327040,103360,4666200
FINNIFTY02JAN2421750CE.NFO,02/01/2024,09:36:59,0.8,0.8,177520,0.85,298160,36960,4666200
FINNIFTY02JAN2421750CE.NFO,02/01/2024,09:37:00,0.85,0.8,242920,0.85,297400,480,4666200
FINNIFTY02JAN2421750CE.NFO,02/01/2024,09:37:02,0.85,0.8,246160,0.85,298760,640,4666200
FINNIFTY02JAN2421750CE.NFO,02/01/2024,09:37:04,0.8,0.8,434960,0.85,350800,1520,4666200
FINNIFTY02JAN2421750CE.NFO,02/01/2024,09:37:05,0.8,0.8,547440,0.85,351880,560,4666200
FINNIFTY02JAN2421750CE.NFO,02/01/2024,09:37:07,0.85,0.8,547880,0.85,348080,5200,4666200
FINNIFTY02JAN2421750CE.NFO,02/01/2024,09:37:09,0.8,0.8,551000,0.85,348440,5800,4666200
FINNIFTY02JAN2421750CE.NFO,02/01/2024,09:37:10,0.85,0.8,548720,0.85,332920,17320,4666200
FINNIFTY02JAN2421750CE.NFO,02/01/2024,09:37:12,0.8,0.8,550360,0.85,335000,1520,4666200
FINNIFTY02JAN2421750CE.NFO,02/01/2024,09:37:14,0.85,0.8,534840,0.85,322320,4280,4666200
FINNIFTY02JAN2421750CE.NFO,02/01/2024,09:37:15,0.85,0.8,553080,0.85,330240,2760,4666200
FINNIFTY02JAN2421750CE.NFO,02/01/2024,09:37:17,0.8,0.8,537600,0.85,329560,960,4666200
FINNIFTY02JAN2421750CE.NFO,02/01/2024,09:37:19,0.85,0.8,537520,0.85,332000,360,4666200
FINNIFTY02JAN2421750CE.NFO,02/01/2024,09:37:20,0.8,0.8,552840,0.85,332000,80,4666200
FINNIFTY02JAN2421750CE.NFO,02/01/2024,09:37:22,0.85,0.8,542840,0.85,331960,40,4666200
FINNIFTY02JAN2421750CE.NFO,02/01/2024,09:37:24,0.8,0.8,552480,0.85,330440,1720,4666200
FINNIFTY02JAN2421750CE.NFO,02/01/2024,09:37:25,0.85,0.8,552200,0.85,327160,2440,4666200
FINNIFTY02JAN2421750CE.NFO,02/01/2024,09:37:27,0.85,0.8,552800,0.85,328560,680,4666200
FINNIFTY02JAN2421750CE.NFO,02/01/2024,09:37:29,0.85,0.8,555000,0.85,328560,0,4666200
FINNIFTY02JAN2421750CE.NFO,02/01/2024,09:37:30,0.85,0.8,557200,0.85,318400,1320,4666200
FINNIFTY02JAN2421750CE.NFO,02/01/2024,09:37:32,0.8,0.8,552920,0.85,326480,1400,4666200
FINNIFTY02JAN2421750CE.NFO,02/01/2024,09:37:33,0.85,0.8,552520,0.85,326800,760,4666200
FINNIFTY02JAN2421750CE.NFO,02/01/2024,09:37:35,0.85,0.8,553480,0.85,310720,200,4666200
FINNIFTY02JAN2421750CE.NFO,02/01/2024,09:37:37,0.85,0.8,537680,0.85,325760,4880,4666200
FINNIFTY02JAN2421750CE.NFO,02/01/2024,09:37:38,0.8,0.8,556880,0.85,325360,6560,4666200
FINNIFTY02JAN2421750CE.NFO,02/01/2024,09:37:40,0.85,0.8,564880,0.85,322480,2360,4666200
FINNIFTY02JAN2421750CE.NFO,02/01/2024,09:37:42,0.8,0.8,552960,0.85,323240,2000,4666200
FINNIFTY02JAN2421750CE.NFO,02/01/2024,09:37:43,0.8,0.8,564760,0.85,323240,0,4666200
FINNIFTY02JAN2421750CE.NFO,02/01/2024,09:37:45,0.85,0.8,547800,0.85,321720,2240,4666200
FINNIFTY02JAN2421750CE.NFO,02/01/2024,09:37:47,0.85,0.8,555040,0.85,321640,720,4666200
FINNIFTY02JAN2421750CE.NFO,02/01/2024,09:37:48,0.8,0.8,578440,0.85,321720,200,4666200
FINNIFTY02JAN2421750CE.NFO,02/01/2024,09:37:50,0.8,0.8,579280,0.85,321720,160,4666200
FINNIFTY02JAN2421750CE.NFO,02/01/2024,09:37:51,0.8,0.8,580360,0.85,317920,5640,4666200
FINNIFTY02JAN2421750CE.NFO,02/01/2024,09:37:53,0.85,0.8,569360,0.85,317360,840,4666200
FINNIFTY02JAN2421750CE.NFO,02/01/2024,09:37:55,0.85,0.8,569440,0.85,302400,7880,4666200
FINNIFTY02JAN2421750CE.NFO,02/01/2024,09:37:56,0.85,0.8,572960,0.85,319960,53600,4666200
FINNIFTY02JAN2421750CE.NFO,02/01/2024,09:37:58,0.8,0.8,556760,0.85,309280,12280,4666200
FINNIFTY02JAN2421750CE.NFO,02/01/2024,09:38:00,0.85,0.8,563280,0.85,296080,19560,4666200
FINNIFTY02JAN2421750CE.NFO,02/01/2024,09:38:01,0.85,0.8,574040,0.85,286560,8840,4666200
FINNIFTY02JAN2421750CE.NFO,02/01/2024,09:38:03,0.85,0.8,582320,0.85,287560,6320,4666200
FINNIFTY02JAN2421750CE.NFO,02/01/2024,09:38:05,0.8,0.8,576120,0.85,286200,3680,4666200
FINNIFTY02JAN2421750CE.NFO,02/01/2024,09:38:06,0.85,0.8,594840,0.85,287960,1120,4666200
FINNIFTY02JAN2421750CE.NFO,02/01/2024,09:38:08,0.8,0.8,736600,0.85,287320,760,4666200
FINNIFTY02JAN2421750CE.NFO,02/01/2024,09:38:09,0.85,0.8,751440,0.85,288160,40,4666200
FINNIFTY02JAN2421750CE.NFO,02/01/2024,09:38:11,0.8,0.8,732000,0.85,289040,2320,4666200
FINNIFTY02JAN2421750CE.NFO,02/01/2024,09:38:13,0.85,0.8,747760,0.85,289520,2240,4666200
FINNIFTY02JAN2421750CE.NFO,02/01/2024,09:38:14,0.8,0.8,741840,0.85,290840,6120,4666200
FINNIFTY02JAN2421750CE.NFO,02/01/2024,09:38:16,0.8,0.8,742760,0.85,286120,3880,4666200
FINNIFTY02JAN2421750CE.NFO,02/01/2024,09:38:18,0.85,0.8,742560,0.85,282040,2840,4666200
FINNIFTY02JAN2421750CE.NFO,02/01/2024,09:38:19,0.8,0.8,742400,0.85,293600,360,4666200
FINNIFTY02JAN2421750CE.NFO,02/01/2024,09:38:21,0.85,0.8,726760,0.85,293480,2240,4666200
FINNIFTY02JAN2421750CE.NFO,02/01/2024,09:38:22,0.8,0.8,741080,0.85,290080,5320,4666200
FINNIFTY02JAN2421750CE.NFO,02/01/2024,09:38:24,0.8,0.8,740760,0.85,277240,3920,4666200
FINNIFTY02JAN2421750CE.NFO,02/01/2024,09:38:26,0.8,0.8,735920,0.85,288280,200,4861480
FINNIFTY02JAN2421750CE.NFO,02/01/2024,09:38:27,0.8,0.8,728760,0.85,256200,34680,4861480
FINNIFTY02JAN2421750CE.NFO,02/01/2024,09:38:29,0.8,0.8,728560,0.85,261080,5400,4861480
FINNIFTY02JAN2421750CE.NFO,02/01/2024,09:38:31,0.85,0.8,729800,0.85,257000,3920,4861480
FINNIFTY02JAN2421750CE.NFO,02/01/2024,09:38:32,0.85,0.8,775200,0.85,242680,11560,4861480
FINNIFTY02JAN2421750CE.NFO,02/01/2024,09:38:34,0.85,0.8,784200,0.85,245440,0,4861480
FINNIFTY02JAN2421750CE.NFO,02/01/2024,09:38:36,0.85,0.8,793200,0.85,245440,0,4861480
FINNIFTY02JAN2421750CE.NFO,02/01/2024,09:38:37,0.85,0.8,812160,0.85,243880,5480,4861480
FINNIFTY02JAN2421750CE.NFO,02/01/2024,09:38:39,0.85,0.8,824120,0.85,96040,118600,4861480
FINNIFTY02JAN2421750CE.NFO,02/01/2024,09:38:41,0.9,0.85,288520,0.9,151120,82040,4861480
FINNIFTY02JAN2421750CE.NFO,02/01/2024,09:38:42,0.85,0.85,367440,0.9,144800,10720,4861480
FINNIFTY02JAN2421750CE.NFO,02/01/2024,09:38:44,0.85,0.85,386000,0.9,166920,2400,4861480
FINNIFTY02JAN2421750CE.NFO,02/01/2024,09:38:46,0.85,0.85,405800,0.9,169560,280,4861480
FINNIFTY02JAN2421750CE.NFO,02/01/2024,09:38:47,0.85,0.85,390720,0.9,169760,1320,4861480
FINNIFTY02JAN2421750CE.NFO,02/01/2024,09:38:49,0.9,0.85,399200,0.9,165840,5320,4861480
FINNIFTY02JAN2421750CE.NFO,02/01/2024,09:38:51,0.85,0.85,398400,0.9,162520,800,4861480
FINNIFTY02JAN2421750CE.NFO,02/01/2024,09:38:52,0.9,0.85,398440,0.9,156760,3000,4861480
FINNIFTY02JAN2421750CE.NFO,02/01/2024,09:38:54,0.85,0.85,400240,0.9,163320,2000,4861480
FINNIFTY02JAN2421750CE.NFO,02/01/2024,09:38:56,0.85,0.85,397680,0.9,159920,6320,4861480
FINNIFTY02JAN2421750CE.NFO,02/01/2024,09:38:57,0.9,0.85,389640,0.9,320280,16160,4861480
FINNIFTY02JAN2421750CE.NFO,02/01/2024,09:38:59,0.9,0.85,388040,0.9,323240,400,4861480
FINNIFTY02JAN2421750CE.NFO,02/01/2024,09:39:00,0.85,0.85,361560,0.9,312000,38200,4861480
FINNIFTY02JAN2421750CE.NFO,02/01/2024,09:39:02,0.9,0.85,372240,0.9,264560,36920,4861480
FINNIFTY02JAN2421750CE.NFO,02/01/2024,09:39:04,0.85,0.85,380360,0.9,283440,8280,4861480
FINNIFTY02JAN2421750CE.NFO,02/01/2024,09:39:05,0.85,0.85,385120,0.9,302520,16000,4861480
FINNIFTY02JAN2421750CE.NFO,02/01/2024,09:39:07,0.85,0.85,406280,0.9,311080,920,4861480
FINNIFTY02JAN2421750CE.NFO,02/01/2024,09:39:09,0.85,0.85,407440,0.9,303960,520,4861480
FINNIFTY02JAN2421750CE.NFO,02/01/2024,09:39:10,0.9,0.85,409880,0.9,303080,4440,4861480
FINNIFTY02JAN2421750CE.NFO,02/01/2024,09:39:12,0.85,0.85,414320,0.9,307640,9320,4861480
FINNIFTY02JAN2421750CE.NFO,02/01/2024,09:39:14,0.85,0.85,411560,0.9,306640,17640,4861480
FINNIFTY02JAN2421750CE.NFO,02/01/2024,09:39:15,0.9,0.85,404320,0.9,308720,12280,4861480
FINNIFTY02JAN2421750CE.NFO,02/01/2024,09:39:17,0.9,0.85,408880,0.9,316200,6040,4861480
FINNIFTY02JAN2421750CE.NFO,02/01/2024,09:39:19,0.85,0.85,407000,0.9,316000,2320,4861480
FINNIFTY02JAN2421750CE.NFO,02/01/2024,09:39:20,0.85,0.85,408280,0.9,315920,1880,4861480
FINNIFTY02JAN2421750CE.NFO,02/01/2024,09:39:22,0.85,0.85,413720,0.9,316200,6640,4861480
FINNIFTY02JAN2421750CE.NFO,02/01/2024,09:39:23,0.9,0.85,414240,0.9,322120,2040,4861480
FINNIFTY02JAN2421750CE.NFO,02/01/2024,09:39:25,0.9,0.85,414600,0.9,322640,3320,4861480
FINNIFTY02JAN2421750CE.NFO,02/01/2024,09:39:27,0.9,0.85,418920,0.9,356720,3880,4861480
FINNIFTY02JAN2421750CE.NFO,02/01/2024,09:39:28,0.85,0.85,418560,0.9,366960,1880,4861480
FINNIFTY02JAN2421750CE.NFO,02/01/2024,09:39:30,0.85,0.85,419560,0.9,377120,2960,4861480
FINNIFTY02JAN2421750CE.NFO,02/01/2024,09:39:31,0.85,0.85,413160,0.9,377840,3800,4861480
FINNIFTY02JAN2421750CE.NFO,02/01/2024,09:39:33,0.9,0.85,438160,0.9,376840,25040,4861480
FINNIFTY02JAN2421750CE.NFO,02/01/2024,09:39:35,0.85,0.85,433960,0.9,376880,3960,4861480
FINNIFTY02JAN2421750CE.NFO,02/01/2024,09:39:36,0.9,0.85,434760,0.9,387280,2200,4861480
FINNIFTY02JAN2421750CE.NFO,02/01/2024,09:39:38,0.85,0.85,414280,0.9,387360,2200,4861480
FINNIFTY02JAN2421750CE.NFO,02/01/2024,09:39:40,0.9,0.85,406080,0.9,386760,8800,4861480
FINNIFTY02JAN2421750CE.NFO,02/01/2024,09:39:41,0.85,0.85,402640,0.9,385160,6360,4861480
FINNIFTY02JAN2421750CE.NFO,02/01/2024,09:39:43,0.9,0.85,402600,0.9,384080,1960,4861480
FINNIFTY02JAN2421750CE.NFO,02/01/2024,09:39:45,0.9,0.85,401840,0.9,372000,13800,4861480
FINNIFTY02JAN2421750CE.NFO,02/01/2024,09:39:46,0.9,0.9,98040,0.95,196800,261000,4861480
FINNIFTY02JAN2421750CE.NFO,02/01/2024,09:39:48,0.9,0.9,442560,0.95,145200,66000,4861480
FINNIFTY02JAN2421750CE.NFO,02/01/2024,09:39:50,0.9,0.9,459680,0.95,146400,3880,4861480
FINNIFTY02JAN2421750CE.NFO,02/01/2024,09:39:51,0.9,0.9,414160,0.95,205680,20520,4861480
FINNIFTY02JAN2421750CE.NFO,02/01/2024,09:39:53,0.9,0.9,439560,0.95,204040,1840,4861480
FINNIFTY02JAN2421750CE.NFO,02/01/2024,09:39:55,0.9,0.9,449960,0.95,212040,1000,4861480
FINNIFTY02JAN2421750CE.NFO,02/01/2024,09:39:56,0.95,0.9,453560,0.95,210440,5400,4861480
FINNIFTY02JAN2421750CE.NFO,02/01/2024,09:39:58,0.95,0.9,453560,0.95,216960,2200,4861480
FINNIFTY02JAN2421750CE.NFO,02/01/2024,09:40:00,0.9,0.9,418400,0.95,271600,5920,4861480
FINNIFTY02JAN2421750CE.NFO,02/01/2024,09:40:01,0.9,0.9,436600,0.95,269560,13600,4861480
FINNIFTY02JAN2421750CE.NFO,02/01/2024,09:40:03,0.95,0.9,435160,0.95,266640,1200,4861480
FINNIFTY02JAN2421750CE.NFO,02/01/2024,09:40:05,0.95,0.9,424960,0.95,268600,1200,4861480
FINNIFTY02JAN2421750CE.NFO,02/01/2024,09:40:06,0.95,0.9,424160,0.95,265800,3520,4861480
FINNIFTY02JAN2421750CE.NFO,02/01/2024,09:40:08,0.9,0.9,421440,0.95,264760,9840,4861480
FINNIFTY02JAN2421750CE.NFO,02/01/2024,09:40:10,0.95,0.9,428120,0.95,263680,4560,4861480
FINNIFTY02JAN2421750CE.NFO,02/01/2024,09:40:11,0.95,0.9,427760,0.95,262600,4040,4861480
FINNIFTY02JAN2421750CE.NFO,02/01/2024,09:40:13,0.9,0.9,424680,0.95,264080,1440,4861480
FINNIFTY02JAN2421750CE.NFO,02/01/2024,09:40:15,0.9,0.9,432360,0.95,264720,1080,4861480
FINNIFTY02JAN2421750CE.NFO,02/01/2024,09:40:16,0.95,0.9,434320,0.95,264520,600,4861480
FINNIFTY02JAN2421750CE.NFO,02/01/2024,09:40:18,0.9,0.9,434120,0.95,264680,1840,4861480
FINNIFTY02JAN2421750CE.NFO,02/01/2024,09:40:20,0.95,0.9,438520,0.95,266040,3640,4861480
FINNIFTY02JAN2421750CE.NFO,02/01/2024,09:40:21,0.95,0.9,440640,0.95,251680,9080,4861480
FINNIFTY02JAN2421750CE.NFO,02/01/2024,09:40:23,0.95,0.9,443600,0.95,247040,7040,4861480
FINNIFTY02JAN2421750CE.NFO,02/01/2024,09:40:25,0.9,0.9,444360,0.95,251920,2320,4861480
FINNIFTY02JAN2421750CE.NFO,02/01/2024,09:40:26,0.95,0.9,448360,0.95,255480,40,4861480
FINNIFTY02JAN2421750CE.NFO,02/01/2024,09:40:28,0.95,0.9,444760,0.95,257160,440,4861480
FINNIFTY02JAN2421750CE.NFO,02/01/2024,09:40:30,0.95,0.9,445640,0.95,257120,840,4861480
FINNIFTY02JAN2421750CE.NFO,02/01/2024,09:40:31,0.95,0.9,448560,0.95,265960,840,4861480
FINNIFTY02JAN2421750CE.NFO,02/01/2024,09:40:33,0.9,0.9,446840,0.95,265560,1200,4861480
FINNIFTY02JAN2421750CE.NFO,02/01/2024,09:40:35,0.95,0.9,448760,0.95,261600,920,4861480
FINNIFTY02JAN2421750CE.NFO,02/01/2024,09:40:36,0.95,0.9,452040,0.95,258360,3040,4861480
FINNIFTY02JAN2421750CE.NFO,02/01/2024,09:40:38,0.95,0.9,538400,0.95,250640,1040,4861480
FINNIFTY02JAN2421750CE.NFO,02/01/2024,09:40:40,0.95,0.9,552240,0.95,249320,2600,4861480
FINNIFTY02JAN2421750CE.NFO,02/01/2024,09:40:41,0.9,0.9,548480,0.95,249280,680,4861480
FINNIFTY02JAN2421750CE.NFO,02/01/2024,09:40:43,0.9,0.9,549880,0.95,284200,2080,4861480
FINNIFTY02JAN2421750CE.NFO,02/01/2024,09:40:45,0.9,0.9,547280,0.95,283280,1680,4861480
FINNIFTY02JAN2421750CE.NFO,02/01/2024,09:40:46,0.9,0.9,527080,0.95,294360,20760,4861480
FINNIFTY02JAN2421750CE.NFO,02/01/2024,09:40:48,0.9,0.9,527840,0.95,294000,3240,4861480
FINNIFTY02JAN2421750CE.NFO,02/01/2024,09:40:50,0.9,0.9,526520,0.95,309360,4520,4861480
FINNIFTY02JAN2421750CE.NFO,02/01/2024,09:40:52,0.9,0.9,524400,0.95,313240,2160,4861480
FINNIFTY02JAN2421750CE.NFO,02/01/2024,09:40:53,0.95,0.9,529480,0.95,313800,1120,4861480
FINNIFTY02JAN2421750CE.NFO,02/01/2024,09:40:55,0.9,0.9,536840,0.95,300800,2680,4861480
FINNIFTY02JAN2421750CE.NFO,02/01/2024,09:40:57,0.95,0.9,534040,0.95,414280,280,4861480
FINNIFTY02JAN2421750CE.NFO,02/01/2024,09:40:58,0.9,0.9,534160,0.95,415120,480,4861480
FINNIFTY02JAN2421750CE.NFO,02/01/2024,09:41:00,0.9,0.9,534680,0.95,413800,3880,4861480
FINNIFTY02JAN2421750CE.NFO,02/01/2024,09:41:02,0.95,0.9,539080,0.95,415600,4800,4861480
FINNIFTY02JAN2421750CE.NFO,02/01/2024,09:41:03,0.95,0.9,539680,0.95,415200,600,4861480
FINNIFTY02JAN2421750CE.NFO,02/01/2024,09:41:05,0.9,0.9,538120,0.95,417960,1520,4861480
FINNIFTY02JAN2421750CE.NFO,02/01/2024,09:41:07,0.9,0.9,540640,0.95,417200,3320,4861480
FINNIFTY02JAN2421750CE.NFO,02/01/2024,09:41:08,0.9,0.9,539440,0.95,418000,1440,4861480
FINNIFTY02JAN2421750CE.NFO,02/01/2024,09:41:10,0.9,0.9,538840,0.95,418040,1960,4861480
FINNIFTY02JAN2421750CE.NFO,02/01/2024,09:41:12,0.95,0.9,540680,0.95,416920,2080,4861480
FINNIFTY02JAN2421750CE.NFO,02/01/2024,09:41:13,0.95,0.9,540520,0.95,414840,2400,4861480
FINNIFTY02JAN2421750CE.NFO,02/01/2024,09:41:15,0.95,0.9,537040,0.95,412280,9080,4861480
FINNIFTY02JAN2421750CE.NFO,02/01/2024,09:41:17,0.9,0.9,541720,0.95,413280,400,4861480
FINNIFTY02JAN2421750CE.NFO,02/01/2024,09:41:18,0.95,0.9,543120,0.95,414520,240,4861480
FINNIFTY02JAN2421750CE.NFO,02/01/2024,09:41:20,0.9,0.9,541720,0.95,413600,680,4861480
FINNIFTY02JAN2421750CE.NFO,02/01/2024,09:41:22,0.95,0.9,542480,0.95,414840,280,4861480
FINNIFTY02JAN2421750CE.NFO,02/01/2024,09:41:23,0.9,0.9,541200,0.95,415240,40,4861480
FINNIFTY02JAN2421750CE.NFO,02/01/2024,09:41:25,0.95,0.9,541360,0.95,415200,200,4861480
FINNIFTY02JAN2421750CE.NFO,02/01/2024,09:41:27,0.9,0.9,541960,0.95,415200,1000,5023160
FINNIFTY02JAN2421750CE.NFO,02/01/2024,09:41:28,0.9,0.9,536520,0.95,414840,3520,5023160
FINNIFTY02JAN2421750CE.NFO,02/01/2024,09:41:31,0.95,0.9,537600,0.95,413920,1360,5023160
FINNIFTY02JAN2421750CE.NFO,02/01/2024,09:41:32,0.95,0.9,536920,0.95,412520,6000,5023160
FINNIFTY02JAN2421750CE.NFO,02/01/2024,09:41:34,0.9,0.9,536720,0.95,412520,80,5023160
FINNIFTY02JAN2421750CE.NFO,02/01/2024,09:41:35,0.9,0.9,538880,0.95,411840,1120,5023160
FINNIFTY02JAN2421750CE.NFO,02/01/2024,09:41:37,0.9,0.9,535320,0.95,411760,400,5023160
FINNIFTY02JAN2421750CE.NFO,02/01/2024,09:41:39,0.9,0.9,456640,0.95,412280,51960,5023160
FINNIFTY02JAN2421750CE.NFO,02/01/2024,09:41:40,0.95,0.9,488920,0.95,411000,2240,5023160
FINNIFTY02JAN2421750CE.NFO,02/01/2024,09:41:42,0.9,0.9,487880,0.95,410400,1800,5023160
FINNIFTY02JAN2421750CE.NFO,02/01/2024,09:41:44,0.9,0.9,485240,0.95,410840,800,5023160
FINNIFTY02JAN2421750CE.NFO,02/01/2024,09:41:45,0.95,0.9,487360,0.95,409040,720,5023160
FINNIFTY02JAN2421750CE.NFO,02/01/2024,09:41:47,0.9,0.9,485480,0.95,408400,680,5023160
FINNIFTY02JAN2421750CE.NFO,02/01/2024,09:41:49,0.95,0.9,484360,0.95,409720,1160,5023160
FINNIFTY02JAN2421750CE.NFO,02/01/2024,09:41:50,0.95,0.9,482040,0.95,409720,2600,5023160
FINNIFTY02JAN2421750CE.NFO,02/01/2024,09:41:52,0.9,0.9,481480,0.95,409640,240,5023160
FINNIFTY02JAN2421750CE.NFO,02/01/2024,09:41:53,0.9,0.9,480680,0.95,409200,640,5023160
FINNIFTY02JAN2421750CE.NFO,02/01/2024,09:41:55,0.9,0.9,475320,0.95,408920,5440,5023160
FINNIFTY02JAN2421750CE.NFO,02/01/2024,09:41:57,0.9,0.9,474680,0.95,408720,840,5023160
FINNIFTY02JAN2421750CE.NFO,02/01/2024,09:41:58,0.9,0.9,472120,0.95,408800,4280,5023160
FINNIFTY02JAN2421750CE.NFO,02/01/2024,09:42:00,0.95,0.9,475840,0.95,407480,2920,5023160
FINNIFTY02JAN2421750CE.NFO,02/01/2024,09:42:02,0.9,0.9,452320,0.95,407200,4880,5023160
FINNIFTY02JAN2421750CE.NFO,02/01/2024,09:42:03,0.9,0.9,280320,0.95,265640,123560,5023160
FINNIFTY02JAN2421750CE.NFO,02/01/2024,09:42:05,0.9,0.9,322560,0.95,248240,22200,5023160
FINNIFTY02JAN2421750CE.NFO,02/01/2024,09:42:07,0.95,0.9,328480,0.95,248360,600,5023160
FINNIFTY02JAN2421750CE.NFO,02/01/2024,09:42:08,0.9,0.9,325560,0.95,229480,8000,5023160
FINNIFTY02JAN2421750CE.NFO,02/01/2024,09:42:10,0.9,0.9,327400,0.95,238880,3160,5023160
FINNIFTY02JAN2421750CE.NFO,02/01/2024,09:42:12,0.9,0.9,317880,0.95,238840,9640,5023160
FINNIFTY02JAN2421750CE.NFO,02/01/2024,09:42:13,0.95,0.9,316240,0.95,229160,4160,5023160
FINNIFTY02JAN2421750CE.NFO,02/01/2024,09:42:15,0.95,0.9,313560,0.95,215200,14320,5023160
FINNIFTY02JAN2421750CE.NFO,02/01/2024,09:42:16,0.95,0.9,313600,0.95,208360,4360,5023160
FINNIFTY02JAN2421750CE.NFO,02/01/2024,09:42:18,0.95,0.9,313080,0.95,204000,440,5023160
FINNIFTY02JAN2421750CE.NFO,02/01/2024,09:42:20,0.95,0.9,481880,0.95,193120,2200,5023160
FINNIFTY02JAN2421750CE.NFO,02/01/2024,09:42:21,0.95,0.9,481920,0.95,294920,7040,5023160
FINNIFTY02JAN2421750CE.NFO,02/01/2024,09:42:23,0.95,0.9,497160,0.95,301320,2240,5023160
FINNIFTY02JAN2421750CE.NFO,02/01/2024,09:42:25,0.95,0.9,497080,0.95,303800,5800,5023160
FINNIFTY02JAN2421750CE.NFO,02/01/2024,09:42:26,0.95,0.9,493120,0.95,301800,5600,5023160
FINNIFTY02JAN2421750CE.NFO,02/01/2024,09:42:28,0.95,0.9,482320,0.95,262960,48600,5023160
FINNIFTY02JAN2421750CE.NFO,02/01/2024,09:42:29,0.95,0.9,490440,0.95,263280,1360,5023160
FINNIFTY02JAN2421750CE.NFO,02/01/2024,09:42:30,0.95,0.9,491640,0.95,257480,2000,5023160
FINNIFTY02JAN2421750CE.NFO,02/01/2024,09:42:32,0.95,0.9,489920,0.95,246480,15240,5023160
FINNIFTY02JAN2421750CE.NFO,02/01/2024,09:42:33,0.95,0.9,489920,0.95,240520,3600,5023160
FINNIFTY02JAN2421750CE.NFO,02/01/2024,09:42:35,0.9,0.9,489440,0.95,243600,1640,5023160
FINNIFTY02JAN2421750CE.NFO,02/01/2024,09:42:37,0.9,0.9,484120,0.95,234320,15480,5023160
FINNIFTY02JAN2421750CE.NFO,02/01/2024,09:42:38,0.95,0.9,482720,0.95,234600,2640,5023160
FINNIFTY02JAN2421750CE.NFO,02/01/2024,09:42:40,0.9,0.9,484160,0.95,121200,99960,5023160
FINNIFTY02JAN2421750CE.NFO,02/01/2024,09:42:42,0.95,0.9,487280,0.95,251480,253160,5023160
FINNIFTY02JAN2421750CE.NFO,02/01/2024,09:42:43,0.95,0.9,492080,0.95,258800,52680,5023160
FINNIFTY02JAN2421750CE.NFO,02/01/2024,09:42:45,0.95,0.9,480280,0.95,192560,40640,5023160
FINNIFTY02JAN2421750CE.NFO,02/01/2024,09:42:46,0.95,0.9,486720,0.95,201520,2320,5023160
FINNIFTY02JAN2421750CE.NFO,02/01/2024,09:42:48,0.95,0.9,486320,0.95,267680,3360,5023160
FINNIFTY02JAN2421750CE.NFO,02/01/2024,09:42:50,0.95,0.9,486040,0.95,276280,320,5023160
FINNIFTY02JAN2421750CE.NFO,02/01/2024,09:42:51,0.9,0.9,483520,0.95,276480,520,5023160
FINNIFTY02JAN2421750CE.NFO,02/01/2024,09:42:53,0.95,0.9,486640,0.95,257080,6960,5023160
FINNIFTY02JAN2421750CE.NFO,02/01/2024,09:42:55,1,0.95,248280,1,155480,218480,5023160
FINNIFTY02JAN2421750CE.NFO,02/01/2024,09:42:56,0.95,0.95,281880,1,144000,20600,5023160
FINNIFTY02JAN2421750CE.NFO,02/01/2024,09:42:58,0.95,0.95,275120,1,148000,4000,5023160
FINNIFTY02JAN2421750CE.NFO,02/01/2024,09:43:00,1,0.95,241480,1,159720,1760,5023160
FINNIFTY02JAN2421750CE.NFO,02/01/2024,09:43:01,0.95,0.9,451160,0.95,80760,194840,5023160
FINNIFTY02JAN2421750CE.NFO,02/01/2024,09:43:03,0.95,0.9,508600,0.95,182480,1080,5023160
FINNIFTY02JAN2421750CE.NFO,02/01/2024,09:43:05,0.9,0.9,528320,0.95,185160,4080,5023160
FINNIFTY02JAN2421750CE.NFO,02/01/2024,09:43:06,0.9,0.9,525400,0.95,206000,6640,5023160
FINNIFTY02JAN2421750CE.NFO,02/01/2024,09:43:08,0.9,0.9,523360,0.95,199360,440,5023160
FINNIFTY02JAN2421750CE.NFO,02/01/2024,09:43:09,0.9,0.9,521560,0.95,206280,640,5023160
FINNIFTY02JAN2421750CE.NFO,02/01/2024,09:43:11,0.9,0.9,548000,0.95,211240,1800,5023160
FINNIFTY02JAN2421750CE.NFO,02/01/2024,09:43:13,0.95,0.9,544720,0.95,213880,440,5023160
FINNIFTY02JAN2421750CE.NFO,02/01/2024,09:43:14,0.95,0.9,546400,0.95,191080,7360,5023160
FINNIFTY02JAN2421750CE.NFO,02/01/2024,09:43:16,0.95,0.9,543600,0.95,208360,30240,5023160
FINNIFTY02JAN2421750CE.NFO,02/01/2024,09:43:18,0.95,0.9,543720,0.95,217080,7920,5023160
FINNIFTY02JAN2421750CE.NFO,02/01/2024,09:43:19,0.9,0.9,549120,0.95,230720,14520,5023160
FINNIFTY02JAN2421750CE.NFO,02/01/2024,09:43:21,0.95,0.9,544040,0.95,233960,8520,5023160
FINNIFTY02JAN2421750CE.NFO,02/01/2024,09:43:23,0.95,0.9,516080,0.95,261480,9960,5023160
FINNIFTY02JAN2421750CE.NFO,02/01/2024,09:43:24,0.95,0.9,510640,0.95,263280,6560,5023160
FINNIFTY02JAN2421750CE.NFO,02/01/2024,09:43:26,0.95,0.9,503880,0.95,259120,6080,5023160
FINNIFTY02JAN2421750CE.NFO,02/01/2024,09:43:28,0.9,0.9,499920,0.95,283680,3840,5023160
FINNIFTY02JAN2421750CE.NFO,02/01/2024,09:43:29,0.95,0.9,481600,0.95,277720,7560,5023160
FINNIFTY02JAN2421750CE.NFO,02/01/2024,09:43:31,0.95,0.9,473000,0.95,276640,3280,5023160
FINNIFTY02JAN2421750CE.NFO,02/01/2024,09:43:32,0.95,0.9,472880,0.95,326240,6240,5023160
FINNIFTY02JAN2421750CE.NFO,02/01/2024,09:43:34,0.9,0.9,471560,0.95,326840,7000,5023160
FINNIFTY02JAN2421750CE.NFO,02/01/2024,09:43:36,0.95,0.9,285440,0.95,333640,400,5023160
FINNIFTY02JAN2421750CE.NFO,02/01/2024,09:43:37,0.9,0.9,205520,0.95,325960,38640,5023160
FINNIFTY02JAN2421750CE.NFO,02/01/2024,09:43:39,0.9,0.9,163680,0.95,322040,19960,5023160
FINNIFTY02JAN2421750CE.NFO,02/01/2024,09:43:41,0.95,0.9,179280,0.95,280920,45600,5023160
FINNIFTY02JAN2421750CE.NFO,02/01/2024,09:43:42,0.9,0.9,181320,0.95,284640,480,5023160
FINNIFTY02JAN2421750CE.NFO,02/01/2024,09:43:44,0.95,0.9,185280,0.95,273680,18480,5023160
FINNIFTY02JAN2421750CE.NFO,02/01/2024,09:43:46,0.95,0.9,177920,0.95,273120,8920,5023160
FINNIFTY02JAN2421750CE.NFO,02/01/2024,09:43:47,0.95,0.9,176680,0.95,263000,11880,5023160
FINNIFTY02JAN2421750CE.NFO,02/01/2024,09:43:49,0.95,0.9,356400,0.95,160480,55560,5023160
FINNIFTY02JAN2421750CE.NFO,02/01/2024,09:43:51,0.95,0.9,356720,0.95,121080,33600,5023160
FINNIFTY02JAN2421750CE.NFO,02/01/2024,09:43:52,0.9,0.9,349880,0.95,87880,55840,5023160
FINNIFTY02JAN2421750CE.NFO,02/01/2024,09:43:54,0.95,0.9,352720,0.95,127320,31040,5023160
FINNIFTY02JAN2421750CE.NFO,02/01/2024,09:43:56,0.95,0.9,347000,0.95,128880,15480,5023160
FINNIFTY02JAN2421750CE.NFO,02/01/2024,09:43:57,0.95,0.9,160720,0.95,143840,14440,5023160
FINNIFTY02JAN2421750CE.NFO,02/01/2024,09:43:59,0.95,0.9,160840,0.95,152600,3120,5023160
FINNIFTY02JAN2421750CE.NFO,02/01/2024,09:44:01,0.95,0.9,375760,0.95,105880,24360,5023160
FINNIFTY02JAN2421750CE.NFO,02/01/2024,09:44:02,0.95,0.9,410160,0.95,112920,9160,5023160
FINNIFTY02JAN2421750CE.NFO,02/01/2024,09:44:04,0.95,0.9,414080,0.95,111680,6400,5023160
FINNIFTY02JAN2421750CE.NFO,02/01/2024,09:44:06,0.95,0.9,412440,0.95,109960,9680,5023160
FINNIFTY02JAN2421750CE.NFO,02/01/2024,09:44:07,0.95,0.9,411960,0.95,84160,12040,5023160
FINNIFTY02JAN2421750CE.NFO,02/01/2024,09:44:09,0.95,0.9,431680,0.95,74280,13760,5023160
FINNIFTY02JAN2421750CE.NFO,02/01/2024,09:44:11,0.95,0.9,442160,0.95,98480,4440,5023160
FINNIFTY02JAN2421750CE.NFO,02/01/2024,09:44:12,0.9,0.9,400600,0.95,122440,6080,5023160
FINNIFTY02JAN2421750CE.NFO,02/01/2024,09:44:14,0.9,0.9,404920,0.95,124880,0,5023160
FINNIFTY02JAN2421750CE.NFO,02/01/2024,09:44:16,0.9,0.9,407200,0.95,123360,360,5023160
FINNIFTY02JAN2421750CE.NFO,02/01/2024,09:44:17,0.9,0.9,402960,0.95,144520,5360,5023160
FINNIFTY02JAN2421750CE.NFO,02/01/2024,09:44:19,0.95,0.9,397400,0.95,107640,31200,5023160
FINNIFTY02JAN2421750CE.NFO,02/01/2024,09:44:21,0.9,0.9,393000,0.95,131120,5680,5023160
FINNIFTY02JAN2421750CE.NFO,02/01/2024,09:44:22,0.95,0.9,391280,0.95,119600,3000,5023160
FINNIFTY02JAN2421750CE.NFO,02/01/2024,09:44:24,0.95,0.9,378760,0.95,122520,15600,5023160
FINNIFTY02JAN2421750CE.NFO,02/01/2024,09:44:26,0.95,0.9,341800,0.95,132000,4400,5105720
FINNIFTY02JAN2421750CE.NFO,02/01/2024,09:44:27,0.9,0.9,339880,0.95,131480,4600,5105720
FINNIFTY02JAN2421750CE.NFO,02/01/2024,09:44:29,0.9,0.9,342360,0.95,132320,1440,5105720
FINNIFTY02JAN2421750CE.NFO,02/01/2024,09:44:31,0.95,0.9,343160,0.95,123200,40,5105720
FINNIFTY02JAN2421750CE.NFO,02/01/2024,09:44:32,0.95,0.9,343040,0.95,118200,3600,5105720
FINNIFTY02JAN2421750CE.NFO,02/01/2024,09:44:34,0.95,0.9,337920,0.95,98080,31120,5105720
FINNIFTY02JAN2421750CE.NFO,02/01/2024,09:44:36,0.95,0.9,170080,0.95,120040,8800,5105720
FINNIFTY02JAN2421750CE.NFO,02/01/2024,09:44:37,0.95,0.9,170240,0.95,122160,4520,5105720
FINNIFTY02JAN2421750CE.NFO,02/01/2024,09:44:39,0.95,0.9,158120,0.95,121520,2280,5105720
FINNIFTY02JAN2421750CE.NFO,02/01/2024,09:44:41,0.9,0.9,165600,0.95,120840,560,5105720
FINNIFTY02JAN2421750CE.NFO,02/01/2024,09:44:42,0.9,0.9,169000,0.95,120360,320,5105720
FINNIFTY02JAN2421750CE.NFO,02/01/2024,09:44:44,0.95,0.9,167960,0.95,121880,1040,5105720
FINNIFTY02JAN2421750CE.NFO,02/01/2024,09:44:46,0.9,0.9,166240,0.95,122200,1760,5105720
FINNIFTY02JAN2421750CE.NFO,02/01/2024,09:44:47,0.95,0.9,165520,0.95,122320,840,5105720
FINNIFTY02JAN2421750CE.NFO,02/01/2024,09:44:49,0.9,0.9,164120,0.95,121320,1720,5105720
FINNIFTY02JAN2421750CE.NFO,02/01/2024,09:44:51,0.95,0.9,217640,0.95,112040,5880,5105720
FINNIFTY02JAN2421750CE.NFO,02/01/2024,09:44:52,0.95,0.9,217400,0.95,116360,3080,5105720
FINNIFTY02JAN2421750CE.NFO,02/01/2024,09:44:54,0.9,0.9,224720,0.95,115760,2480,5105720
FINNIFTY02JAN2421750CE.NFO,02/01/2024,09:44:56,0.95,0.9,224480,0.95,109920,5600,5105720
FINNIFTY02JAN2421750CE.NFO,02/01/2024,09:44:57,0.9,0.9,223800,0.95,113800,720,5105720
FINNIFTY02JAN2421750CE.NFO,02/01/2024,09:44:59,0.9,0.9,213680,0.95,128800,19440,5105720
FINNIFTY02JAN2421750CE.NFO,02/01/2024,09:45:01,0.95,0.9,182960,0.95,129360,33440,5105720
FINNIFTY02JAN2421750CE.NFO,02/01/2024,09:45:02,0.9,0.9,33840,0.95,157720,25000,5105720
FINNIFTY02JAN2421750CE.NFO,02/01/2024,09:45:04,0.9,0.9,76480,0.95,136600,8840,5105720
FINNIFTY02JAN2421750CE.NFO,02/01/2024,09:45:06,0.95,0.9,134560,0.95,143280,6160,5105720
FINNIFTY02JAN2421750CE.NFO,02/01/2024,09:45:07,0.95,0.9,146200,0.95,143320,2440,5105720
FINNIFTY02JAN2421750CE.NFO,02/01/2024,09:45:09,0.9,0.9,140040,0.95,144040,13680,5105720
FINNIFTY02JAN2421750CE.NFO,02/01/2024,09:45:11,0.95,0.9,136120,0.95,141640,9840,5105720
FINNIFTY02JAN2421750CE.NFO,02/01/2024,09:45:12,0.9,0.9,135960,0.95,141400,920,5105720
FINNIFTY02JAN2421750CE.NFO,02/01/2024,09:45:14,0.9,0.9,133680,0.95,143320,2040,5105720
FINNIFTY02JAN2421750CE.NFO,02/01/2024,09:45:16,0.95,0.9,78040,0.95,141160,2040,5105720
FINNIFTY02JAN2421750CE.NFO,02/01/2024,09:45:17,0.9,0.9,71440,0.95,137120,3600,5105720
FINNIFTY02JAN2421750CE.NFO,02/01/2024,09:45:19,0.95,0.9,61200,0.95,138200,8480,5105720
FINNIFTY02JAN2421750CE.NFO,02/01/2024,09:45:21,0.95,0.9,63960,0.95,137760,200,5105720
FINNIFTY02JAN2421750CE.NFO,02/01/2024,09:45:22,0.9,0.9,64480,0.95,138600,3000,5105720
FINNIFTY02JAN2421750CE.NFO,02/01/2024,09:45:24,0.9,0.9,63880,0.95,139560,10240,5105720
FINNIFTY02JAN2421750CE.NFO,02/01/2024,09:45:26,0.9,0.85,690640,0.9,49920,43760,5105720
FINNIFTY02JAN2421750CE.NFO,02/01/2024,09:45:27,0.9,0.85,655240,0.9,67200,3800,5105720
FINNIFTY02JAN2421750CE.NFO,02/01/2024,09:45:29,0.9,0.85,592320,0.9,72520,4600,5105720
FINNIFTY02JAN2421750CE.NFO,02/01/2024,09:45:30,0.9,0.85,590920,0.9,72000,80,5105720
FINNIFTY02JAN2421750CE.NFO,02/01/2024,09:45:32,0.85,0.85,586360,0.9,77800,4040,5105720
FINNIFTY02JAN2421750CE.NFO,02/01/2024,09:45:33,0.9,0.85,579120,0.9,82600,8920,5105720
FINNIFTY02JAN2421750CE.NFO,02/01/2024,09:45:35,0.85,0.85,577520,0.9,84560,1880,5105720
FINNIFTY02JAN2421750CE.NFO,02/01/2024,09:45:37,0.85,0.85,577480,0.9,84520,0,5105720
FINNIFTY02JAN2421750CE.NFO,02/01/2024,09:45:38,0.9,0.85,575320,0.9,97040,8200,5105720
FINNIFTY02JAN2421750CE.NFO,02/01/2024,09:45:40,0.9,0.85,573960,0.9,100040,1920,5105720
FINNIFTY02JAN2421750CE.NFO,02/01/2024,09:45:42,0.85,0.85,572520,0.9,101520,2720,5105720
FINNIFTY02JAN2421750CE.NFO,02/01/2024,09:45:43,0.85,0.85,570720,0.9,82000,2240,5105720
FINNIFTY02JAN2421750CE.NFO,02/01/2024,09:45:45,0.9,0.85,568960,0.9,92960,2440,5105720
FINNIFTY02JAN2421750CE.NFO,02/01/2024,09:45:47,0.85,0.85,567240,0.9,106920,680,5105720
FINNIFTY02JAN2421750CE.NFO,02/01/2024,09:45:48,0.85,0.85,568000,0.9,97400,3160,5105720
FINNIFTY02JAN2421750CE.NFO,02/01/2024,09:45:50,0.85,0.85,562960,0.9,117960,4000,5105720
FINNIFTY02JAN2421750CE.NFO,02/01/2024,09:45:52,0.9,0.85,562400,0.9,113120,2560,5105720
FINNIFTY02JAN2421750CE.NFO,02/01/2024,09:45:53,0.9,0.85,560800,0.9,144640,920,5105720
FINNIFTY02JAN2421750CE.NFO,02/01/2024,09:45:55,0.85,0.85,535760,0.9,143280,10360,5105720
FINNIFTY02JAN2421750CE.NFO,02/01/2024,09:45:57,0.9,0.85,532440,0.9,150280,9440,5105720
FINNIFTY02JAN2421750CE.NFO,02/01/2024,09:45:58,0.85,0.85,509000,0.9,151960,6000,5105720
FINNIFTY02JAN2421750CE.NFO,02/01/2024,09:46:00,0.9,0.85,509720,0.9,140200,840,5105720
FINNIFTY02JAN2421750CE.NFO,02/01/2024,09:46:02,0.9,0.85,502240,0.9,166160,10480,5105720
FINNIFTY02JAN2421750CE.NFO,02/01/2024,09:46:03,0.9,0.85,498640,0.9,165440,4760,5105720
FINNIFTY02JAN2421750CE.NFO,02/01/2024,09:46:05,0.85,0.85,497240,0.9,162720,2320,5105720
FINNIFTY02JAN2421750CE.NFO,02/01/2024,09:46:07,0.9,0.85,497440,0.9,164280,600,5105720
FINNIFTY02JAN2421750CE.NFO,02/01/2024,09:46:08,0.85,0.85,499720,0.9,175840,3680,5105720
FINNIFTY02JAN2421750CE.NFO,02/01/2024,09:46:10,0.9,0.85,497120,0.9,174440,4000,5105720
FINNIFTY02JAN2421750CE.NFO,02/01/2024,09:46:12,0.85,0.85,494520,0.9,174160,3360,5105720
FINNIFTY02JAN2421750CE.NFO,02/01/2024,09:46:13,0.9,0.85,494080,0.9,174120,880,5105720
FINNIFTY02JAN2421750CE.NFO,02/01/2024,09:46:15,0.9,0.85,492320,0.9,175400,2440,5105720
