Ticker,Date,Time,LTP,BuyPrice,BuyQty,SellPrice,SellQty,LTQ,OpenInterest
FINNIFTY02JAN2422350CE.NFO,02/01/2024,09:15:10,0.45,0.45,34000,0.5,38080,17200,201160
FINNIFTY02JAN2422350CE.NFO,02/01/2024,09:15:10,0.45,0.45,34000,0.5,38080,0,201160
FINNIFTY02JAN2422350CE.NFO,02/01/2024,09:15:10,0.55,0.45,34000,0.5,38080,0,201160
FINNIFTY02JAN2422350CE.NFO,02/01/2024,09:15:10,0.4,0.45,34000,0.5,38080,0,201160
FINNIFTY02JAN2422350CE.NFO,02/01/2024,09:15:22,0.4,0.4,22480,0.45,39640,22920,201160
FINNIFTY02JAN2422350CE.NFO,02/01/2024,09:15:32,0.4,0.4,22800,0.45,41600,2000,201160
FINNIFTY02JAN2422350CE.NFO,02/01/2024,09:15:41,0.4,0.4,20800,0.45,40400,2320,201160
FINNIFTY02JAN2422350CE.NFO,02/01/2024,09:15:50,0.45,0.4,20600,0.45,39760,840,201160
FINNIFTY02JAN2422350CE.NFO,02/01/2024,09:16:00,0.4,0.4,20400,0.45,39760,400,201160
FINNIFTY02JAN2422350CE.NFO,02/01/2024,09:16:08,0.45,0.4,26040,0.45,42760,2360,201160
FINNIFTY02JAN2422350CE.NFO,02/01/2024,09:16:17,0.45,0.4,26760,0.45,46080,0,201160
FINNIFTY02JAN2422350CE.NFO,02/01/2024,09:16:25,0.4,0.4,24480,0.45,46440,1800,201160
FINNIFTY02JAN2422350CE.NFO,02/01/2024,09:16:33,0.4,0.35,36640,0.4,47080,16320,201160
FINNIFTY02JAN2422350CE.NFO,02/01/2024,09:16:42,0.35,0.35,36600,0.4,47080,40,201160
FINNIFTY02JAN2422350CE.NFO,02/01/2024,09:16:42,0.35,0.35,36600,0.4,47080,0,201160
FINNIFTY02JAN2422350CE.NFO,02/01/2024,09:16:49,0.4,0.35,40400,0.4,49760,1640,201160
FINNIFTY02JAN2422350CE.NFO,02/01/2024,09:16:57,0.4,0.35,57200,0.4,50560,5160,201160
FINNIFTY02JAN2422350CE.NFO,02/01/2024,09:17:06,0.4,0.35,64040,0.4,52720,14560,201160
FINNIFTY02JAN2422350CE.NFO,02/01/2024,09:17:14,0.4,0.35,66280,0.4,52720,5920,201160
FINNIFTY02JAN2422350CE.NFO,02/01/2024,09:17:22,0.4,0.35,66240,0.4,51280,240,201160
FINNIFTY02JAN2422350CE.NFO,02/01/2024,09:17:31,0.4,0.35,66840,0.4,51840,0,201160
FINNIFTY02JAN2422350CE.NFO,02/01/2024,09:17:39,0.4,0.35,66800,0.4,53640,0,201160
FINNIFTY02JAN2422350CE.NFO,02/01/2024,09:17:47,0.4,0.35,66840,0.4,51480,0,201160
FINNIFTY02JAN2422350CE.NFO,02/01/2024,09:18:02,0.35,0.35,65800,0.4,52280,1040,208240
FINNIFTY02JAN2422350CE.NFO,02/01/2024,09:18:09,0.35,0.35,68840,0.4,52280,480,208240
FINNIFTY02JAN2422350CE.NFO,02/01/2024,09:18:16,0.35,0.35,68160,0.4,53080,600,208240
FINNIFTY02JAN2422350CE.NFO,02/01/2024,09:18:24,0.4,0.35,71640,0.4,48400,12560,208240
FINNIFTY02JAN2422350CE.NFO,02/01/2024,09:18:32,0.4,0.35,70960,0.4,49760,80,208240
FINNIFTY02JAN2422350CE.NFO,02/01/2024,09:18:38,0.4,0.35,70440,0.4,49480,280,208240
FINNIFTY02JAN2422350CE.NFO,02/01/2024,09:18:46,0.4,0.35,70440,0.4,51080,0,208240
FINNIFTY02JAN2422350CE.NFO,02/01/2024,09:18:55,0.4,0.35,70440,0.4,50680,400,208240
FINNIFTY02JAN2422350CE.NFO,02/01/2024,09:19:04,0.4,0.35,71400,0.4,50600,80,208240
FINNIFTY02JAN2422350CE.NFO,02/01/2024,09:19:13,0.4,0.35,70840,0.4,50600,0,208240
FINNIFTY02JAN2422350CE.NFO,02/01/2024,09:19:21,0.4,0.35,70840,0.4,49600,1000,208240
FINNIFTY02JAN2422350CE.NFO,02/01/2024,09:19:30,0.4,0.35,70840,0.4,49360,600,208240
FINNIFTY02JAN2422350CE.NFO,02/01/2024,09:19:39,0.4,0.35,70840,0.4,48560,800,208240
FINNIFTY02JAN2422350CE.NFO,02/01/2024,09:19:47,0.4,0.35,67120,0.4,50520,1600,208240
FINNIFTY02JAN2422350CE.NFO,02/01/2024,09:19:55,0.4,0.35,67120,0.4,49720,800,208240
FINNIFTY02JAN2422350CE.NFO,02/01/2024,09:20:03,0.4,0.35,67120,0.4,49080,120,208240
FINNIFTY02JAN2422350CE.NFO,02/01/2024,09:20:11,0.4,0.35,67120,0.4,49000,80,208240
FINNIFTY02JAN2422350CE.NFO,02/01/2024,09:20:27,0.4,0.35,67120,0.4,48600,400,200080
FINNIFTY02JAN2422350CE.NFO,02/01/2024,09:20:35,0.4,0.35,67120,0.4,48600,0,200080
FINNIFTY02JAN2422350CE.NFO,02/01/2024,09:20:43,0.35,0.35,69240,0.4,51160,1520,200080
FINNIFTY02JAN2422350CE.NFO,02/01/2024,09:20:52,0.4,0.35,65760,0.4,42280,120,200080
FINNIFTY02JAN2422350CE.NFO,02/01/2024,09:21:02,0.4,0.35,64160,0.4,42280,0,200080
FINNIFTY02JAN2422350CE.NFO,02/01/2024,09:21:14,0.4,0.35,64160,0.4,44120,0,200080
FINNIFTY02JAN2422350CE.NFO,02/01/2024,09:21:25,0.4,0.35,65880,0.4,41480,120,200080
FINNIFTY02JAN2422350CE.NFO,02/01/2024,09:21:38,0.35,0.35,64920,0.4,41480,40,200080
FINNIFTY02JAN2422350CE.NFO,02/01/2024,09:21:49,0.35,0.35,86040,0.4,42680,1120,200080
FINNIFTY02JAN2422350CE.NFO,02/01/2024,09:22:00,0.35,0.35,101080,0.4,40880,0,200080
FINNIFTY02JAN2422350CE.NFO,02/01/2024,09:22:11,0.35,0.35,100480,0.4,41040,2800,200080
FINNIFTY02JAN2422350CE.NFO,02/01/2024,09:22:23,0.35,0.35,100400,0.4,41040,0,200080
FINNIFTY02JAN2422350CE.NFO,02/01/2024,09:22:34,0.35,0.35,93400,0.4,22120,320,200080
FINNIFTY02JAN2422350CE.NFO,02/01/2024,09:22:45,0.4,0.35,98440,0.4,23760,3600,200080
FINNIFTY02JAN2422350CE.NFO,02/01/2024,09:22:57,0.4,0.35,97560,0.4,21800,1680,200080
FINNIFTY02JAN2422350CE.NFO,02/01/2024,09:23:08,0.4,0.35,97600,0.4,21800,0,200080
FINNIFTY02JAN2422350CE.NFO,02/01/2024,09:23:18,0.4,0.35,97600,0.4,22600,2240,200080
FINNIFTY02JAN2422350CE.NFO,02/01/2024,09:23:29,0.4,0.35,100760,0.4,24000,400,201440
FINNIFTY02JAN2422350CE.NFO,02/01/2024,09:23:40,0.4,0.35,100040,0.4,21880,2360,201440
FINNIFTY02JAN2422350CE.NFO,02/01/2024,09:23:50,0.35,0.35,98760,0.4,23520,80,201440
FINNIFTY02JAN2422350CE.NFO,02/01/2024,09:24:01,0.35,0.35,98760,0.4,23280,0,201440
FINNIFTY02JAN2422350CE.NFO,02/01/2024,09:24:12,0.4,0.35,85240,0.4,22880,400,201440
FINNIFTY02JAN2422350CE.NFO,02/01/2024,09:24:22,0.4,0.35,85960,0.4,21880,1280,201440
FINNIFTY02JAN2422350CE.NFO,02/01/2024,09:24:34,0.4,0.35,85960,0.4,22960,0,201440
FINNIFTY02JAN2422350CE.NFO,02/01/2024,09:24:44,0.4,0.35,85960,0.4,17040,0,201440
FINNIFTY02JAN2422350CE.NFO,02/01/2024,09:24:55,0.4,0.35,84640,0.4,22960,0,201440
FINNIFTY02JAN2422350CE.NFO,02/01/2024,09:25:06,0.35,0.35,84600,0.4,20680,440,201440
FINNIFTY02JAN2422350CE.NFO,02/01/2024,09:25:17,0.35,0.35,84480,0.4,22560,1000,201440
FINNIFTY02JAN2422350CE.NFO,02/01/2024,09:25:28,0.35,0.35,83560,0.4,20680,40,201440
FINNIFTY02JAN2422350CE.NFO,02/01/2024,09:25:50,0.35,0.35,83560,0.4,22560,0,201440
FINNIFTY02JAN2422350CE.NFO,02/01/2024,09:26:01,0.35,0.35,83560,0.4,24360,0,201440
FINNIFTY02JAN2422350CE.NFO,02/01/2024,09:26:11,0.35,0.35,83560,0.4,25240,0,201440
FINNIFTY02JAN2422350CE.NFO,02/01/2024,09:26:24,0.4,0.35,82520,0.4,24480,1600,199320
FINNIFTY02JAN2422350CE.NFO,02/01/2024,09:26:36,0.4,0.35,81920,0.4,20360,10480,199320
FINNIFTY02JAN2422350CE.NFO,02/01/2024,09:26:49,0.35,0.35,81600,0.4,19280,440,199320
FINNIFTY02JAN2422350CE.NFO,02/01/2024,09:27:02,0.35,0.35,80720,0.4,19000,1120,199320
FINNIFTY02JAN2422350CE.NFO,02/01/2024,09:27:13,0.35,0.35,81800,0.4,19520,280,199320
FINNIFTY02JAN2422350CE.NFO,02/01/2024,09:27:24,0.35,0.35,81600,0.4,19000,200,199320
FINNIFTY02JAN2422350CE.NFO,02/01/2024,09:27:35,0.35,0.35,81600,0.4,28440,0,199320
FINNIFTY02JAN2422350CE.NFO,02/01/2024,09:27:46,0.4,0.35,81600,0.4,28040,40,199320
FINNIFTY02JAN2422350CE.NFO,02/01/2024,09:27:58,0.4,0.35,81600,0.4,28920,0,199320
FINNIFTY02JAN2422350CE.NFO,02/01/2024,09:28:10,0.4,0.35,81600,0.4,28040,0,199320
FINNIFTY02JAN2422350CE.NFO,02/01/2024,09:28:22,0.4,0.35,81600,0.4,28920,0,199320
FINNIFTY02JAN2422350CE.NFO,02/01/2024,09:28:46,0.4,0.35,82800,0.4,28040,0,199320
FINNIFTY02JAN2422350CE.NFO,02/01/2024,09:29:20,0.35,0.35,82000,0.4,28040,800,199320
FINNIFTY02JAN2422350CE.NFO,02/01/2024,09:29:32,0.35,0.35,81960,0.4,26360,1680,200280
FINNIFTY02JAN2422350CE.NFO,02/01/2024,09:29:44,0.35,0.35,81960,0.4,26360,0,200280
FINNIFTY02JAN2422350CE.NFO,02/01/2024,09:29:56,0.35,0.35,81960,0.4,28320,0,200280
FINNIFTY02JAN2422350CE.NFO,02/01/2024,09:30:07,0.4,0.35,79560,0.4,28680,520,200280
FINNIFTY02JAN2422350CE.NFO,02/01/2024,09:30:19,0.4,0.35,79560,0.4,28320,0,200280
FINNIFTY02JAN2422350CE.NFO,02/01/2024,09:30:31,0.4,0.35,79560,0.4,26800,4720,200280
FINNIFTY02JAN2422350CE.NFO,02/01/2024,09:30:42,0.4,0.35,79560,0.4,29120,0,200280
FINNIFTY02JAN2422350CE.NFO,02/01/2024,09:30:53,0.4,0.35,79560,0.4,30000,0,200280
FINNIFTY02JAN2422350CE.NFO,02/01/2024,09:31:04,0.4,0.35,84520,0.4,30000,0,200280
FINNIFTY02JAN2422350CE.NFO,02/01/2024,09:31:15,0.4,0.35,86320,0.4,26840,1200,200280
FINNIFTY02JAN2422350CE.NFO,02/01/2024,09:31:27,0.4,0.35,86320,0.4,29240,0,200280
FINNIFTY02JAN2422350CE.NFO,02/01/2024,09:32:00,0.4,0.35,86320,0.4,30120,0,200280
FINNIFTY02JAN2422350CE.NFO,02/01/2024,09:32:11,0.4,0.35,82720,0.4,25880,3600,200280
FINNIFTY02JAN2422350CE.NFO,02/01/2024,09:32:22,0.35,0.35,82120,0.4,31120,600,200280
FINNIFTY02JAN2422350CE.NFO,02/01/2024,09:32:34,0.35,0.35,81320,0.4,29880,800,206640
FINNIFTY02JAN2422350CE.NFO,02/01/2024,09:32:45,0.4,0.35,81920,0.4,26520,2800,206640
FINNIFTY02JAN2422350CE.NFO,02/01/2024,09:32:57,0.4,0.35,92720,0.4,25680,840,206640
FINNIFTY02JAN2422350CE.NFO,02/01/2024,09:33:08,0.4,0.35,85520,0.4,26000,2160,206640
FINNIFTY02JAN2422350CE.NFO,02/01/2024,09:33:19,0.4,0.35,85520,0.4,26800,200,206640
FINNIFTY02JAN2422350CE.NFO,02/01/2024,09:33:30,0.4,0.35,85520,0.4,26800,0,206640
FINNIFTY02JAN2422350CE.NFO,02/01/2024,09:34:03,0.35,0.35,85480,0.4,26800,1840,206640
FINNIFTY02JAN2422350CE.NFO,02/01/2024,09:34:14,0.35,0.35,85480,0.4,26800,0,206640
FINNIFTY02JAN2422350CE.NFO,02/01/2024,09:34:24,0.35,0.35,85000,0.4,27440,480,206640
FINNIFTY02JAN2422350CE.NFO,02/01/2024,09:34:35,0.35,0.35,85000,0.4,31040,0,206640
FINNIFTY02JAN2422350CE.NFO,02/01/2024,09:34:45,0.4,0.35,85000,0.4,25280,3360,206640
FINNIFTY02JAN2422350CE.NFO,02/01/2024,09:34:56,0.4,0.35,85000,0.4,22640,1840,206640
FINNIFTY02JAN2422350CE.NFO,02/01/2024,09:35:06,0.4,0.35,85000,0.4,18040,6280,206640
FINNIFTY02JAN2422350CE.NFO,02/01/2024,09:35:16,0.4,0.35,73760,0.4,11720,67760,206640
FINNIFTY02JAN2422350CE.NFO,02/01/2024,09:35:26,0.4,0.35,84120,0.4,10000,14360,232200
FINNIFTY02JAN2422350CE.NFO,02/01/2024,09:35:31,0.45,0.4,22200,0.45,27160,14120,232200
FINNIFTY02JAN2422350CE.NFO,02/01/2024,09:35:33,0.45,0.4,30400,0.45,27600,1360,232200
FINNIFTY02JAN2422350CE.NFO,02/01/2024,09:35:34,0.45,0.4,30400,0.45,26160,1440,232200
FINNIFTY02JAN2422350CE.NFO,02/01/2024,09:35:36,0.45,0.4,30400,0.45,26160,0,232200
FINNIFTY02JAN2422350CE.NFO,02/01/2024,09:35:38,0.45,0.4,30400,0.45,27000,0,232200
FINNIFTY02JAN2422350CE.NFO,02/01/2024,09:35:39,0.45,0.4,30400,0.45,27840,0,232200
FINNIFTY02JAN2422350CE.NFO,02/01/2024,09:35:41,0.4,0.4,26720,0.45,28680,3680,232200
FINNIFTY02JAN2422350CE.NFO,02/01/2024,09:35:43,0.4,0.4,25480,0.45,28720,3600,232200
FINNIFTY02JAN2422350CE.NFO,02/01/2024,09:35:44,0.4,0.4,24480,0.45,28920,1000,232200
FINNIFTY02JAN2422350CE.NFO,02/01/2024,09:35:46,0.4,0.4,25880,0.45,30760,0,232200
FINNIFTY02JAN2422350CE.NFO,02/01/2024,09:35:48,0.4,0.4,23040,0.45,31080,5200,232200
FINNIFTY02JAN2422350CE.NFO,02/01/2024,09:35:49,0.4,0.4,26640,0.45,33680,0,232200
FINNIFTY02JAN2422350CE.NFO,02/01/2024,09:35:51,0.4,0.4,17040,0.45,38480,11440,232200
FINNIFTY02JAN2422350CE.NFO,02/01/2024,09:35:53,0.4,0.4,17080,0.45,40320,0,232200
FINNIFTY02JAN2422350CE.NFO,02/01/2024,09:35:54,0.4,0.4,17080,0.45,53520,0,232200
FINNIFTY02JAN2422350CE.NFO,02/01/2024,09:35:56,0.4,0.4,12600,0.45,52840,4800,232200
FINNIFTY02JAN2422350CE.NFO,02/01/2024,09:35:58,0.4,0.4,6600,0.45,59320,4640,232200
FINNIFTY02JAN2422350CE.NFO,02/01/2024,09:35:59,0.4,0.4,11080,0.45,55040,3160,232200
FINNIFTY02JAN2422350CE.NFO,02/01/2024,09:36:01,0.4,0.35,73000,0.4,17640,10440,232200
FINNIFTY02JAN2422350CE.NFO,02/01/2024,09:36:03,0.35,0.35,75760,0.4,49160,40,232200
FINNIFTY02JAN2422350CE.NFO,02/01/2024,09:36:04,0.35,0.35,77560,0.4,50160,0,232200
FINNIFTY02JAN2422350CE.NFO,02/01/2024,09:36:06,0.35,0.35,79360,0.4,50160,0,232200
FINNIFTY02JAN2422350CE.NFO,02/01/2024,09:36:08,0.35,0.35,79360,0.4,52160,0,232200
FINNIFTY02JAN2422350CE.NFO,02/01/2024,09:36:09,0.35,0.35,79360,0.4,55640,0,232200
FINNIFTY02JAN2422350CE.NFO,02/01/2024,09:36:13,0.35,0.35,79360,0.4,56240,0,232200
FINNIFTY02JAN2422350CE.NFO,02/01/2024,09:36:15,0.35,0.35,81480,0.4,58120,0,232200
FINNIFTY02JAN2422350CE.NFO,02/01/2024,09:36:23,0.35,0.35,81480,0.4,58160,0,232200
FINNIFTY02JAN2422350CE.NFO,02/01/2024,09:36:43,0.35,0.35,81440,0.4,57840,1440,232200
FINNIFTY02JAN2422350CE.NFO,02/01/2024,09:36:53,0.35,0.35,81440,0.4,57800,0,232200
FINNIFTY02JAN2422350CE.NFO,02/01/2024,09:37:04,0.35,0.35,80560,0.4,57800,0,232200
FINNIFTY02JAN2422350CE.NFO,02/01/2024,09:37:15,0.4,0.35,73840,0.4,57720,880,232200
FINNIFTY02JAN2422350CE.NFO,02/01/2024,09:37:25,0.4,0.35,70240,0.4,57720,0,232200
FINNIFTY02JAN2422350CE.NFO,02/01/2024,09:37:35,0.4,0.35,66640,0.4,57720,0,232200
FINNIFTY02JAN2422350CE.NFO,02/01/2024,09:37:45,0.4,0.35,64840,0.4,61160,40,232200
FINNIFTY02JAN2422350CE.NFO,02/01/2024,09:37:56,0.4,0.35,64880,0.4,61280,120,232200
FINNIFTY02JAN2422350CE.NFO,02/01/2024,09:38:06,0.4,0.35,64880,0.4,62120,80,232200
FINNIFTY02JAN2422350CE.NFO,02/01/2024,09:38:16,0.4,0.35,64880,0.4,62080,40,232200
FINNIFTY02JAN2422350CE.NFO,02/01/2024,09:38:38,0.4,0.35,64880,0.4,62080,0,232200
FINNIFTY02JAN2422350CE.NFO,02/01/2024,09:38:49,0.4,0.35,64880,0.4,61200,0,232200
FINNIFTY02JAN2422350CE.NFO,02/01/2024,09:38:59,0.4,0.35,66680,0.4,62080,0,232200
FINNIFTY02JAN2422350CE.NFO,02/01/2024,09:39:11,0.35,0.35,68560,0.4,62080,1200,257280
FINNIFTY02JAN2422350CE.NFO,02/01/2024,09:39:21,0.35,0.35,72160,0.4,60520,0,257280
FINNIFTY02JAN2422350CE.NFO,02/01/2024,09:39:32,0.4,0.35,70040,0.4,61000,2080,257280
FINNIFTY02JAN2422350CE.NFO,02/01/2024,09:39:43,0.4,0.35,74880,0.4,62960,5400,257280
FINNIFTY02JAN2422350CE.NFO,02/01/2024,09:39:53,0.4,0.35,75360,0.4,63840,1080,257280
FINNIFTY02JAN2422350CE.NFO,02/01/2024,09:40:05,0.4,0.35,75360,0.4,62000,960,257280
FINNIFTY02JAN2422350CE.NFO,02/01/2024,09:40:19,0.4,0.35,74840,0.4,63520,0,257280
FINNIFTY02JAN2422350CE.NFO,02/01/2024,09:40:31,0.35,0.35,61040,0.4,63520,1520,257280
FINNIFTY02JAN2422350CE.NFO,02/01/2024,09:40:43,0.35,0.35,62040,0.4,63200,0,257280
FINNIFTY02JAN2422350CE.NFO,02/01/2024,09:40:57,0.4,0.35,62040,0.4,51880,120,257280
FINNIFTY02JAN2422350CE.NFO,02/01/2024,09:41:08,0.4,0.35,63840,0.4,51840,40,257280
FINNIFTY02JAN2422350CE.NFO,02/01/2024,09:41:19,0.4,0.35,65640,0.4,58520,120,257280
FINNIFTY02JAN2422350CE.NFO,02/01/2024,09:41:30,0.4,0.35,69240,0.4,61080,3240,248480
FINNIFTY02JAN2422350CE.NFO,02/01/2024,09:41:41,0.4,0.35,71040,0.4,61000,80,248480
FINNIFTY02JAN2422350CE.NFO,02/01/2024,09:41:52,0.4,0.35,71040,0.4,60880,120,248480
FINNIFTY02JAN2422350CE.NFO,02/01/2024,09:42:03,0.4,0.35,67560,0.4,60840,40,248480
FINNIFTY02JAN2422350CE.NFO,02/01/2024,09:42:14,0.4,0.35,67560,0.4,57080,5360,248480
FINNIFTY02JAN2422350CE.NFO,02/01/2024,09:42:25,0.4,0.35,67560,0.4,56360,720,248480
FINNIFTY02JAN2422350CE.NFO,02/01/2024,09:42:36,0.4,0.35,65440,0.4,54560,1800,248480
FINNIFTY02JAN2422350CE.NFO,02/01/2024,09:42:47,0.4,0.35,68680,0.4,54360,560,248480
FINNIFTY02JAN2422350CE.NFO,02/01/2024,09:42:58,0.4,0.35,67840,0.4,56080,280,248480
FINNIFTY02JAN2422350CE.NFO,02/01/2024,09:43:09,0.4,0.35,69960,0.4,58120,80,248480
FINNIFTY02JAN2422350CE.NFO,02/01/2024,09:43:20,0.35,0.35,65400,0.4,61680,4600,248480
FINNIFTY02JAN2422350CE.NFO,02/01/2024,09:43:31,0.4,0.35,65280,0.4,64240,200,248480
FINNIFTY02JAN2422350CE.NFO,02/01/2024,09:43:43,0.35,0.35,64760,0.4,64200,520,248480
FINNIFTY02JAN2422350CE.NFO,02/01/2024,09:43:54,0.4,0.35,64680,0.4,63840,120,248480
FINNIFTY02JAN2422350CE.NFO,02/01/2024,09:44:05,0.4,0.35,64080,0.4,64480,1160,248480
FINNIFTY02JAN2422350CE.NFO,02/01/2024,09:44:16,0.4,0.35,65680,0.4,60960,3520,248480
FINNIFTY02JAN2422350CE.NFO,02/01/2024,09:44:28,0.4,0.35,65640,0.4,60360,640,242040
FINNIFTY02JAN2422350CE.NFO,02/01/2024,09:44:38,0.4,0.35,66240,0.4,60200,160,242040
FINNIFTY02JAN2422350CE.NFO,02/01/2024,09:44:48,0.4,0.35,75240,0.4,59280,80,242040
FINNIFTY02JAN2422350CE.NFO,02/01/2024,09:44:58,0.4,0.35,74360,0.4,59200,40,242040
FINNIFTY02JAN2422350CE.NFO,02/01/2024,09:45:09,0.35,0.35,75080,0.4,59120,240,242040
FINNIFTY02JAN2422350CE.NFO,02/01/2024,09:45:20,0.35,0.35,74840,0.4,59040,320,242040
FINNIFTY02JAN2422350CE.NFO,02/01/2024,09:45:31,0.35,0.35,73640,0.4,59040,320,242040
FINNIFTY02JAN2422350CE.NFO,02/01/2024,09:45:42,0.4,0.35,74640,0.4,58960,80,242040
FINNIFTY02JAN2422350CE.NFO,02/01/2024,09:45:53,0.4,0.35,74640,0.4,59920,0,242040
FINNIFTY02JAN2422350CE.NFO,02/01/2024,09:46:04,0.4,0.35,74640,0.4,58880,160,242040
FINNIFTY02JAN2422350CE.NFO,02/01/2024,09:46:15,0.4,0.35,74520,0.4,59200,0,242040
FINNIFTY02JAN2422350CE.NFO,02/01/2024,09:46:26,0.35,0.35,72120,0.4,60520,1680,242040
FINNIFTY02JAN2422350CE.NFO,02/01/2024,09:46:37,0.35,0.35,73000,0.4,60520,0,242040
FINNIFTY02JAN2422350CE.NFO,02/01/2024,09:46:47,0.35,0.35,72240,0.4,60520,760,242040
FINNIFTY02JAN2422350CE.NFO,02/01/2024,09:46:57,0.35,0.35,71360,0.4,60520,0,242040
FINNIFTY02JAN2422350CE.NFO,02/01/2024,09:47:08,0.35,0.35,71840,0.4,60280,640,242040
FINNIFTY02JAN2422350CE.NFO,02/01/2024,09:47:19,0.35,0.35,71840,0.4,60280,0,242040
FINNIFTY02JAN2422350CE.NFO,02/01/2024,09:47:40,0.4,0.35,71840,0.4,59880,400,244040
FINNIFTY02JAN2422350CE.NFO,02/01/2024,09:47:51,0.4,0.35,71960,0.4,57640,2240,244040
FINNIFTY02JAN2422350CE.NFO,02/01/2024,09:48:02,0.4,0.35,71960,0.4,58400,400,244040
FINNIFTY02JAN2422350CE.NFO,02/01/2024,09:48:12,0.4,0.35,70160,0.4,60000,0,244040
FINNIFTY02JAN2422350CE.NFO,02/01/2024,09:48:43,0.4,0.35,70160,0.4,61800,0,244040
FINNIFTY02JAN2422350CE.NFO,02/01/2024,09:48:53,0.35,0.35,60760,0.4,61800,400,244040
FINNIFTY02JAN2422350CE.NFO,02/01/2024,09:49:03,0.35,0.35,69760,0.4,61800,0,244040
FINNIFTY02JAN2422350CE.NFO,02/01/2024,09:49:13,0.35,0.35,69760,0.4,60800,0,244040
FINNIFTY02JAN2422350CE.NFO,02/01/2024,09:49:24,0.35,0.35,70320,0.4,60800,80,244040
FINNIFTY02JAN2422350CE.NFO,02/01/2024,09:49:44,0.35,0.35,66880,0.4,60800,1640,244040
FINNIFTY02JAN2422350CE.NFO,02/01/2024,09:49:54,0.35,0.35,69240,0.4,60800,0,244040
FINNIFTY02JAN2422350CE.NFO,02/01/2024,09:50:04,0.35,0.35,69880,0.4,61200,0,244040
FINNIFTY02JAN2422350CE.NFO,02/01/2024,09:50:14,0.35,0.35,70760,0.4,61200,0,244040
FINNIFTY02JAN2422350CE.NFO,02/01/2024,09:50:24,0.35,0.35,69760,0.4,59600,120,244040
FINNIFTY02JAN2422350CE.NFO,02/01/2024,09:50:34,0.35,0.35,69760,0.4,59960,0,244040
FINNIFTY02JAN2422350CE.NFO,02/01/2024,09:50:44,0.35,0.35,82400,0.4,72560,0,244040
FINNIFTY02JAN2422350CE.NFO,02/01/2024,09:50:55,0.35,0.35,83440,0.4,72560,0,244040
FINNIFTY02JAN2422350CE.NFO,02/01/2024,09:51:38,0.35,0.35,84440,0.4,72560,0,244040
FINNIFTY02JAN2422350CE.NFO,02/01/2024,09:51:48,0.35,0.35,84440,0.4,73400,0,244040
FINNIFTY02JAN2422350CE.NFO,02/01/2024,09:52:20,0.35,0.35,85840,0.4,73880,0,244040
FINNIFTY02JAN2422350CE.NFO,02/01/2024,09:52:40,0.35,0.35,64280,0.4,73040,20000,241000
FINNIFTY02JAN2422350CE.NFO,02/01/2024,09:52:50,0.35,0.35,65200,0.4,73040,0,241000
FINNIFTY02JAN2422350CE.NFO,02/01/2024,09:53:00,0.35,0.35,65160,0.4,72560,40,241000
FINNIFTY02JAN2422350CE.NFO,02/01/2024,09:53:21,0.35,0.35,40000,0.4,76440,21080,241000
FINNIFTY02JAN2422350CE.NFO,02/01/2024,09:53:31,0.35,0.35,40040,0.4,77320,80,241000
FINNIFTY02JAN2422350CE.NFO,02/01/2024,09:53:42,0.35,0.35,40840,0.4,57760,80,251760
FINNIFTY02JAN2422350CE.NFO,02/01/2024,09:53:53,0.35,0.35,41000,0.4,64160,0,251760
FINNIFTY02JAN2422350CE.NFO,02/01/2024,09:54:03,0.35,0.35,40080,0.4,64960,80,251760
FINNIFTY02JAN2422350CE.NFO,02/01/2024,09:54:13,0.35,0.35,40080,0.4,64960,0,251760
FINNIFTY02JAN2422350CE.NFO,02/01/2024,09:54:34,0.4,0.35,49080,0.4,64560,400,251760
FINNIFTY02JAN2422350CE.NFO,02/01/2024,09:54:57,0.4,0.35,48840,0.4,72040,40,251760
FINNIFTY02JAN2422350CE.NFO,02/01/2024,09:55:09,0.35,0.35,48640,0.4,71920,400,251760
FINNIFTY02JAN2422350CE.NFO,02/01/2024,09:55:20,0.35,0.35,46840,0.4,76920,0,251760
FINNIFTY02JAN2422350CE.NFO,02/01/2024,09:55:32,0.35,0.35,50440,0.4,77360,0,251760
FINNIFTY02JAN2422350CE.NFO,02/01/2024,09:55:45,0.35,0.35,48640,0.4,75560,1800,251760
FINNIFTY02JAN2422350CE.NFO,02/01/2024,09:55:56,0.35,0.35,53120,0.4,74680,0,251760
FINNIFTY02JAN2422350CE.NFO,02/01/2024,09:56:10,0.4,0.35,48040,0.4,51760,13840,251760
FINNIFTY02JAN2422350CE.NFO,02/01/2024,09:56:23,0.4,0.35,51760,0.4,52440,3560,251760
FINNIFTY02JAN2422350CE.NFO,02/01/2024,09:56:36,0.4,0.35,54680,0.4,41760,27440,246240
FINNIFTY02JAN2422350CE.NFO,02/01/2024,09:56:50,0.35,0.35,55360,0.4,30160,7520,246240
FINNIFTY02JAN2422350CE.NFO,02/01/2024,09:57:03,0.45,0.4,19840,0.45,50800,83240,246240
FINNIFTY02JAN2422350CE.NFO,02/01/2024,09:57:16,0.45,0.4,47960,0.45,72440,920,246240
FINNIFTY02JAN2422350CE.NFO,02/01/2024,09:57:29,0.45,0.4,55160,0.45,78880,200,246240
FINNIFTY02JAN2422350CE.NFO,02/01/2024,09:57:42,0.45,0.4,54560,0.45,83120,5080,246240
FINNIFTY02JAN2422350CE.NFO,02/01/2024,09:57:54,0.45,0.4,55400,0.45,79960,440,246240
FINNIFTY02JAN2422350CE.NFO,02/01/2024,09:58:05,0.45,0.4,57800,0.45,80160,1120,246240
FINNIFTY02JAN2422350CE.NFO,02/01/2024,09:58:17,0.45,0.4,58800,0.45,79640,160,246240
FINNIFTY02JAN2422350CE.NFO,02/01/2024,09:58:28,0.4,0.4,58560,0.45,79520,360,246240
FINNIFTY02JAN2422350CE.NFO,02/01/2024,09:58:40,0.4,0.4,55240,0.45,76760,880,246240
FINNIFTY02JAN2422350CE.NFO,02/01/2024,09:58:51,0.4,0.4,32760,0.45,66080,400,246240
FINNIFTY02JAN2422350CE.NFO,02/01/2024,09:59:02,0.4,0.4,34120,0.45,69720,0,246240
FINNIFTY02JAN2422350CE.NFO,02/01/2024,09:59:13,0.45,0.4,44680,0.45,66360,12200,246240
FINNIFTY02JAN2422350CE.NFO,02/01/2024,09:59:24,0.45,0.45,31440,0.5,15520,60680,246240
FINNIFTY02JAN2422350CE.NFO,02/01/2024,09:59:36,0.45,0.45,31400,0.5,16400,0,246240
FINNIFTY02JAN2422350CE.NFO,02/01/2024,09:59:46,0.5,0.45,44480,0.5,22760,840,253680
FINNIFTY02JAN2422350CE.NFO,02/01/2024,09:59:58,0.5,0.45,43600,0.5,14760,0,253680
FINNIFTY02JAN2422350CE.NFO,02/01/2024,10:00:09,0.45,0.45,41520,0.5,14640,200,253680
FINNIFTY02JAN2422350CE.NFO,02/01/2024,10:00:20,0.45,0.45,41400,0.5,15520,0,253680
FINNIFTY02JAN2422350CE.NFO,02/01/2024,10:00:32,0.45,0.45,44040,0.5,14640,0,253680
FINNIFTY02JAN2422350CE.NFO,02/01/2024,10:00:44,0.45,0.45,38760,0.5,15640,1000,253680
FINNIFTY02JAN2422350CE.NFO,02/01/2024,10:00:55,0.45,0.45,38640,0.5,16920,0,253680
FINNIFTY02JAN2422350CE.NFO,02/01/2024,10:01:06,0.45,0.45,39680,0.5,16920,0,253680
FINNIFTY02JAN2422350CE.NFO,02/01/2024,10:01:17,0.5,0.45,43240,0.5,14760,1600,253680
FINNIFTY02JAN2422350CE.NFO,02/01/2024,10:01:29,0.5,0.45,42240,0.5,12720,1160,253680
FINNIFTY02JAN2422350CE.NFO,02/01/2024,10:01:40,0.5,0.45,39680,0.5,22640,0,253680
FINNIFTY02JAN2422350CE.NFO,02/01/2024,10:01:50,0.5,0.45,36960,0.5,23240,320,253680
FINNIFTY02JAN2422350CE.NFO,02/01/2024,10:02:02,0.5,0.45,33360,0.5,22320,0,253680
FINNIFTY02JAN2422350CE.NFO,02/01/2024,10:02:13,0.5,0.45,33360,0.5,22200,0,253680
FINNIFTY02JAN2422350CE.NFO,02/01/2024,10:02:24,0.5,0.45,30280,0.5,24920,3800,253680
FINNIFTY02JAN2422350CE.NFO,02/01/2024,10:02:34,0.45,0.45,28160,0.5,24800,2120,251840
FINNIFTY02JAN2422350CE.NFO,02/01/2024,10:02:45,0.45,0.45,28080,0.5,24800,80,251840
FINNIFTY02JAN2422350CE.NFO,02/01/2024,10:02:56,0.45,0.45,28080,0.5,24800,0,251840
FINNIFTY02JAN2422350CE.NFO,02/01/2024,10:03:08,0.45,0.45,29760,0.5,25920,1480,251840
FINNIFTY02JAN2422350CE.NFO,02/01/2024,10:03:20,0.45,0.45,28720,0.5,27080,1800,251840
FINNIFTY02JAN2422350CE.NFO,02/01/2024,10:03:33,0.45,0.45,29640,0.5,27280,200,251840
FINNIFTY02JAN2422350CE.NFO,02/01/2024,10:03:44,0.45,0.45,29640,0.5,27280,0,251840
FINNIFTY02JAN2422350CE.NFO,02/01/2024,10:03:55,0.45,0.45,30120,0.5,28200,280,251840
FINNIFTY02JAN2422350CE.NFO,02/01/2024,10:04:06,0.45,0.45,26560,0.5,25680,800,251840
FINNIFTY02JAN2422350CE.NFO,02/01/2024,10:04:18,0.45,0.45,25440,0.5,31360,1800,251840
FINNIFTY02JAN2422350CE.NFO,02/01/2024,10:04:29,0.45,0.45,26200,0.5,32120,2400,251840
FINNIFTY02JAN2422350CE.NFO,02/01/2024,10:04:40,0.5,0.45,26040,0.5,33600,1880,251840
FINNIFTY02JAN2422350CE.NFO,02/01/2024,10:04:52,0.45,0.45,63240,0.5,79520,10680,251840
FINNIFTY02JAN2422350CE.NFO,02/01/2024,10:05:03,0.45,0.45,61200,0.5,83480,2800,251840
FINNIFTY02JAN2422350CE.NFO,02/01/2024,10:05:14,0.45,0.45,60800,0.5,83440,440,251840
FINNIFTY02JAN2422350CE.NFO,02/01/2024,10:05:25,0.5,0.45,60960,0.5,83680,280,251840
FINNIFTY02JAN2422350CE.NFO,02/01/2024,10:05:36,0.45,0.45,52840,0.5,82680,9680,247880
FINNIFTY02JAN2422350CE.NFO,02/01/2024,10:05:46,0.45,0.4,46680,0.45,58400,43480,247880
FINNIFTY02JAN2422350CE.NFO,02/01/2024,10:05:58,0.4,0.4,43800,0.45,72640,2000,247880
FINNIFTY02JAN2422350CE.NFO,02/01/2024,10:06:09,0.4,0.4,43800,0.45,74560,0,247880
FINNIFTY02JAN2422350CE.NFO,02/01/2024,10:06:21,0.4,0.4,45400,0.45,75080,0,247880
FINNIFTY02JAN2422350CE.NFO,02/01/2024,10:06:33,0.4,0.4,53000,0.45,77440,400,247880
FINNIFTY02JAN2422350CE.NFO,02/01/2024,10:06:45,0.45,0.4,53320,0.45,77680,720,247880
FINNIFTY02JAN2422350CE.NFO,02/01/2024,10:06:56,0.45,0.4,53080,0.45,77440,240,247880
FINNIFTY02JAN2422350CE.NFO,02/01/2024,10:07:07,0.45,0.4,53080,0.45,77440,0,247880
FINNIFTY02JAN2422350CE.NFO,02/01/2024,10:07:19,0.4,0.4,42520,0.45,61240,840,247880
FINNIFTY02JAN2422350CE.NFO,02/01/2024,10:07:30,0.4,0.4,36280,0.45,69320,1800,247880
FINNIFTY02JAN2422350CE.NFO,02/01/2024,10:07:42,0.4,0.4,36320,0.45,69320,0,247880
FINNIFTY02JAN2422350CE.NFO,02/01/2024,10:07:53,0.4,0.4,36080,0.45,69320,120,247880
FINNIFTY02JAN2422350CE.NFO,02/01/2024,10:08:04,0.4,0.4,36000,0.45,69080,320,247880
FINNIFTY02JAN2422350CE.NFO,02/01/2024,10:08:15,0.4,0.4,36000,0.45,68200,0,247880
FINNIFTY02JAN2422350CE.NFO,02/01/2024,10:08:26,0.4,0.4,36880,0.45,68200,0,247880
FINNIFTY02JAN2422350CE.NFO,02/01/2024,10:08:48,0.45,0.4,36880,0.45,68400,160,271120
FINNIFTY02JAN2422350CE.NFO,02/01/2024,10:09:11,0.45,0.4,36000,0.45,68480,0,271120
FINNIFTY02JAN2422350CE.NFO,02/01/2024,10:09:23,0.45,0.4,37800,0.45,70280,0,271120
FINNIFTY02JAN2422350CE.NFO,02/01/2024,10:09:34,0.45,0.4,35240,0.45,70280,0,271120
FINNIFTY02JAN2422350CE.NFO,02/01/2024,10:09:45,0.45,0.4,36000,0.45,68480,0,271120
FINNIFTY02JAN2422350CE.NFO,02/01/2024,10:10:08,0.4,0.4,39040,0.45,68480,200,271120
FINNIFTY02JAN2422350CE.NFO,02/01/2024,10:10:19,0.4,0.4,32680,0.45,68480,1800,271120
FINNIFTY02JAN2422350CE.NFO,02/01/2024,10:10:30,0.45,0.4,36560,0.45,68880,1200,271120
FINNIFTY02JAN2422350CE.NFO,02/01/2024,10:10:42,0.4,0.4,26240,0.45,67960,23480,271120
FINNIFTY02JAN2422350CE.NFO,02/01/2024,10:10:53,0.4,0.35,71240,0.4,61000,31080,271120
FINNIFTY02JAN2422350CE.NFO,02/01/2024,10:11:04,0.4,0.35,72520,0.4,61240,3600,271120
FINNIFTY02JAN2422350CE.NFO,02/01/2024,10:11:15,0.4,0.35,69520,0.4,61240,0,271120
FINNIFTY02JAN2422350CE.NFO,02/01/2024,10:11:26,0.4,0.35,65880,0.4,61240,0,271120
FINNIFTY02JAN2422350CE.NFO,02/01/2024,10:11:37,0.4,0.35,65880,0.4,61640,0,271120
FINNIFTY02JAN2422350CE.NFO,02/01/2024,10:11:48,0.35,0.35,65640,0.4,68040,280,244240
FINNIFTY02JAN2422350CE.NFO,02/01/2024,10:11:58,0.4,0.35,53360,0.4,79280,12400,244240
FINNIFTY02JAN2422350CE.NFO,02/01/2024,10:12:09,0.4,0.35,49840,0.4,80720,1000,244240
FINNIFTY02JAN2422350CE.NFO,02/01/2024,10:12:19,0.4,0.35,49840,0.4,80720,0,244240
FINNIFTY02JAN2422350CE.NFO,02/01/2024,10:12:40,0.4,0.35,48040,0.4,79960,0,244240
FINNIFTY02JAN2422350CE.NFO,02/01/2024,10:12:52,0.4,0.35,48920,0.4,79960,0,244240
FINNIFTY02JAN2422350CE.NFO,02/01/2024,10:13:03,0.4,0.35,51360,0.4,82560,7000,244240
FINNIFTY02JAN2422350CE.NFO,02/01/2024,10:13:14,0.4,0.35,51360,0.4,82600,0,244240
FINNIFTY02JAN2422350CE.NFO,02/01/2024,10:13:35,0.4,0.35,52160,0.4,81120,0,244240
FINNIFTY02JAN2422350CE.NFO,02/01/2024,10:13:46,0.4,0.35,54200,0.4,80200,3000,244240
FINNIFTY02JAN2422350CE.NFO,02/01/2024,10:13:57,0.4,0.35,56360,0.4,81080,2760,244240
FINNIFTY02JAN2422350CE.NFO,02/01/2024,10:14:07,0.4,0.35,56360,0.4,81080,0,244240
FINNIFTY02JAN2422350CE.NFO,02/01/2024,10:14:38,0.4,0.35,57760,0.4,80520,1840,244600
FINNIFTY02JAN2422350CE.NFO,02/01/2024,10:14:49,0.4,0.35,57760,0.4,79800,1080,244600
FINNIFTY02JAN2422350CE.NFO,02/01/2024,10:14:59,0.4,0.35,57760,0.4,79640,160,244600
FINNIFTY02JAN2422350CE.NFO,02/01/2024,10:15:09,0.4,0.35,57760,0.4,78960,360,244600
FINNIFTY02JAN2422350CE.NFO,02/01/2024,10:15:19,0.4,0.35,55760,0.4,78960,0,244600
FINNIFTY02JAN2422350CE.NFO,02/01/2024,10:15:50,0.4,0.35,54160,0.4,79280,0,244600
FINNIFTY02JAN2422350CE.NFO,02/01/2024,10:16:00,0.4,0.35,54160,0.4,79240,0,244600
FINNIFTY02JAN2422350CE.NFO,02/01/2024,10:16:11,0.4,0.35,63160,0.4,79240,0,244600
FINNIFTY02JAN2422350CE.NFO,02/01/2024,10:16:21,0.4,0.35,62280,0.4,78920,0,244600
FINNIFTY02JAN2422350CE.NFO,02/01/2024,10:16:32,0.4,0.35,62640,0.4,79880,2080,244600
FINNIFTY02JAN2422350CE.NFO,02/01/2024,10:16:41,0.4,0.35,60080,0.4,75280,0,244600
FINNIFTY02JAN2422350CE.NFO,02/01/2024,10:16:52,0.4,0.35,60960,0.4,75280,0,244600
FINNIFTY02JAN2422350CE.NFO,02/01/2024,10:17:03,0.4,0.35,60080,0.4,75880,600,244600
FINNIFTY02JAN2422350CE.NFO,02/01/2024,10:17:14,0.4,0.35,60080,0.4,75000,0,244600
FINNIFTY02JAN2422350CE.NFO,02/01/2024,10:17:25,0.4,0.35,60080,0.4,55000,0,244600
FINNIFTY02JAN2422350CE.NFO,02/01/2024,10:17:36,0.35,0.35,59640,0.4,62240,400,245800
FINNIFTY02JAN2422350CE.NFO,02/01/2024,10:17:46,0.35,0.35,59640,0.4,63120,0,245800
FINNIFTY02JAN2422350CE.NFO,02/01/2024,10:17:56,0.4,0.35,59240,0.4,62760,40,245800
FINNIFTY02JAN2422350CE.NFO,02/01/2024,10:18:06,0.4,0.35,59240,0.4,62760,0,245800
FINNIFTY02JAN2422350CE.NFO,02/01/2024,10:18:15,0.4,0.35,59240,0.4,62720,0,245800
FINNIFTY02JAN2422350CE.NFO,02/01/2024,10:18:24,0.4,0.35,59640,0.4,63320,10800,245800
FINNIFTY02JAN2422350CE.NFO,02/01/2024,10:18:43,0.4,0.35,63240,0.4,62440,0,245800
FINNIFTY02JAN2422350CE.NFO,02/01/2024,10:18:53,0.4,0.35,63240,0.4,61560,880,245800
FINNIFTY02JAN2422350CE.NFO,02/01/2024,10:19:13,0.4,0.35,63440,0.4,61560,0,245800
FINNIFTY02JAN2422350CE.NFO,02/01/2024,10:19:23,0.4,0.35,63440,0.4,61880,0,245800
FINNIFTY02JAN2422350CE.NFO,02/01/2024,10:19:33,0.35,0.35,63400,0.4,60760,840,245800
FINNIFTY02JAN2422350CE.NFO,02/01/2024,10:19:43,0.4,0.35,63760,0.4,54240,4400,245800
FINNIFTY02JAN2422350CE.NFO,02/01/2024,10:19:52,0.4,0.35,66360,0.4,58320,2120,245800
FINNIFTY02JAN2422350CE.NFO,02/01/2024,10:20:12,0.4,0.35,66360,0.4,60320,0,245800
FINNIFTY02JAN2422350CE.NFO,02/01/2024,10:20:21,0.4,0.35,66360,0.4,59920,2200,245800
FINNIFTY02JAN2422350CE.NFO,02/01/2024,10:20:31,0.35,0.35,50760,0.4,59920,8920,245800
FINNIFTY02JAN2422350CE.NFO,02/01/2024,10:20:41,0.35,0.35,52560,0.4,68920,0,245800
FINNIFTY02JAN2422350CE.NFO,02/01/2024,10:21:09,0.35,0.35,52560,0.4,69800,0,245800
FINNIFTY02JAN2422350CE.NFO,02/01/2024,10:21:30,0.35,0.35,53160,0.4,69800,0,245800
FINNIFTY02JAN2422350CE.NFO,02/01/2024,10:21:41,0.4,0.35,55000,0.4,66920,3200,236840
FINNIFTY02JAN2422350CE.NFO,02/01/2024,10:22:10,0.4,0.35,55000,0.4,66920,0,236840
FINNIFTY02JAN2422350CE.NFO,02/01/2024,10:22:40,0.35,0.35,54960,0.4,66600,40,236840
FINNIFTY02JAN2422350CE.NFO,02/01/2024,10:22:50,0.4,0.35,56760,0.4,65720,880,236840
FINNIFTY02JAN2422350CE.NFO,02/01/2024,10:23:31,0.4,0.35,56760,0.4,65640,80,236840
FINNIFTY02JAN2422350CE.NFO,02/01/2024,10:23:52,0.35,0.35,56720,0.4,65640,40,237800
FINNIFTY02JAN2422350CE.NFO,02/01/2024,10:24:03,0.4,0.35,56200,0.4,65520,640,237800
FINNIFTY02JAN2422350CE.NFO,02/01/2024,10:24:23,0.4,0.35,56200,0.4,65440,80,237800
FINNIFTY02JAN2422350CE.NFO,02/01/2024,10:24:33,0.4,0.35,59800,0.4,65440,0,237800
FINNIFTY02JAN2422350CE.NFO,02/01/2024,10:24:52,0.35,0.35,59720,0.4,65440,80,237800
FINNIFTY02JAN2422350CE.NFO,02/01/2024,10:25:03,0.4,0.35,59720,0.4,55840,9600,237800
FINNIFTY02JAN2422350CE.NFO,02/01/2024,10:25:13,0.4,0.35,61160,0.4,55840,0,237800
FINNIFTY02JAN2422350CE.NFO,02/01/2024,10:25:24,0.4,0.35,65480,0.4,55840,0,237800
FINNIFTY02JAN2422350CE.NFO,02/01/2024,10:25:55,0.4,0.35,63000,0.4,55840,0,237800
FINNIFTY02JAN2422350CE.NFO,02/01/2024,10:26:05,0.35,0.35,63400,0.4,55840,320,237800
FINNIFTY02JAN2422350CE.NFO,02/01/2024,10:26:15,0.35,0.35,63040,0.4,55840,360,237800
FINNIFTY02JAN2422350CE.NFO,02/01/2024,10:26:35,0.35,0.35,63040,0.4,55840,0,237800
FINNIFTY02JAN2422350CE.NFO,02/01/2024,10:26:57,0.35,0.35,62840,0.4,55800,240,240520
FINNIFTY02JAN2422350CE.NFO,02/01/2024,10:27:19,0.35,0.35,61880,0.4,57920,960,240520
FINNIFTY02JAN2422350CE.NFO,02/01/2024,10:27:40,0.35,0.35,61880,0.4,57920,0,240520
FINNIFTY02JAN2422350CE.NFO,02/01/2024,10:28:00,0.4,0.35,61880,0.4,49400,6400,240520
FINNIFTY02JAN2422350CE.NFO,02/01/2024,10:28:20,0.4,0.35,60280,0.4,48520,0,240520
FINNIFTY02JAN2422350CE.NFO,02/01/2024,10:28:30,0.35,0.35,59280,0.4,48520,1000,240520
FINNIFTY02JAN2422350CE.NFO,02/01/2024,10:28:48,0.35,0.35,61080,0.4,48520,0,240520
FINNIFTY02JAN2422350CE.NFO,02/01/2024,10:28:56,0.4,0.35,61080,0.4,48480,40,240520
FINNIFTY02JAN2422350CE.NFO,02/01/2024,10:29:23,0.4,0.35,61080,0.4,45800,0,240520
FINNIFTY02JAN2422350CE.NFO,02/01/2024,10:29:48,0.4,0.35,63080,0.4,47000,600,244320
FINNIFTY02JAN2422350CE.NFO,02/01/2024,10:29:57,0.4,0.35,63080,0.4,47000,0,244320
FINNIFTY02JAN2422350CE.NFO,02/01/2024,10:30:06,0.4,0.35,67560,0.4,38480,8440,244320
FINNIFTY02JAN2422350CE.NFO,02/01/2024,10:30:15,0.4,0.35,66680,0.4,39360,0,244320
FINNIFTY02JAN2422350CE.NFO,02/01/2024,10:30:25,0.4,0.35,66680,0.4,37680,800,244320
FINNIFTY02JAN2422350CE.NFO,02/01/2024,10:30:34,0.35,0.35,66520,0.4,38000,160,244320
FINNIFTY02JAN2422350CE.NFO,02/01/2024,10:30:44,0.35,0.35,66520,0.4,38000,0,244320
FINNIFTY02JAN2422350CE.NFO,02/01/2024,10:30:54,0.35,0.35,65240,0.4,38560,1280,244320
FINNIFTY02JAN2422350CE.NFO,02/01/2024,10:31:04,0.35,0.35,65240,0.4,38560,0,244320
FINNIFTY02JAN2422350CE.NFO,02/01/2024,10:31:13,0.35,0.35,65240,0.4,40360,0,244320
FINNIFTY02JAN2422350CE.NFO,02/01/2024,10:31:21,0.4,0.35,65240,0.4,40560,120,244320
FINNIFTY02JAN2422350CE.NFO,02/01/2024,10:31:40,0.4,0.35,64840,0.4,39680,0,244320
FINNIFTY02JAN2422350CE.NFO,02/01/2024,10:31:50,0.4,0.35,64840,0.4,40240,0,244320
FINNIFTY02JAN2422350CE.NFO,02/01/2024,10:32:01,0.4,0.35,63040,0.4,41160,0,244320
FINNIFTY02JAN2422350CE.NFO,02/01/2024,10:32:10,0.4,0.35,63040,0.4,40560,0,244320
FINNIFTY02JAN2422350CE.NFO,02/01/2024,10:32:20,0.4,0.35,63000,0.4,40960,0,244320
FINNIFTY02JAN2422350CE.NFO,02/01/2024,10:32:30,0.4,0.35,63000,0.4,41120,0,244320
FINNIFTY02JAN2422350CE.NFO,02/01/2024,10:32:49,0.4,0.35,59400,0.4,41120,0,244320
FINNIFTY02JAN2422350CE.NFO,02/01/2024,10:33:08,0.4,0.35,60280,0.4,41120,0,244320
FINNIFTY02JAN2422350CE.NFO,02/01/2024,10:33:44,0.4,0.35,59400,0.4,41120,0,244320
FINNIFTY02JAN2422350CE.NFO,02/01/2024,10:33:54,0.4,0.35,59400,0.4,42000,0,244320
FINNIFTY02JAN2422350CE.NFO,02/01/2024,10:34:03,0.4,0.35,59400,0.4,41120,0,244320
FINNIFTY02JAN2422350CE.NFO,02/01/2024,10:34:14,0.4,0.35,59400,0.4,41800,200,244440
FINNIFTY02JAN2422350CE.NFO,02/01/2024,10:34:23,0.35,0.35,58920,0.4,41800,480,244440
FINNIFTY02JAN2422350CE.NFO,02/01/2024,10:34:41,0.35,0.35,56680,0.4,41800,440,244440
FINNIFTY02JAN2422350CE.NFO,02/01/2024,10:34:50,0.35,0.35,56680,0.4,43000,0,244440
FINNIFTY02JAN2422350CE.NFO,02/01/2024,10:35:17,0.35,0.35,56680,0.4,46280,0,244440
FINNIFTY02JAN2422350CE.NFO,02/01/2024,10:35:26,0.35,0.35,56680,0.4,48400,0,244440
FINNIFTY02JAN2422350CE.NFO,02/01/2024,10:35:44,0.4,0.35,56680,0.4,47480,600,244440
FINNIFTY02JAN2422350CE.NFO,02/01/2024,10:35:52,0.4,0.35,56680,0.4,47480,0,244440
FINNIFTY02JAN2422350CE.NFO,02/01/2024,10:36:01,0.35,0.35,56280,0.4,47520,400,244440
FINNIFTY02JAN2422350CE.NFO,02/01/2024,10:36:10,0.35,0.35,56280,0.4,47520,0,244440
FINNIFTY02JAN2422350CE.NFO,02/01/2024,10:36:20,0.35,0.35,55880,0.4,44680,400,244440
FINNIFTY02JAN2422350CE.NFO,02/01/2024,10:36:32,0.35,0.35,55880,0.4,44280,0,244440
FINNIFTY02JAN2422350CE.NFO,02/01/2024,10:36:43,0.35,0.35,55200,0.4,34200,680,244440
FINNIFTY02JAN2422350CE.NFO,02/01/2024,10:36:55,0.35,0.35,55840,0.4,41560,320,244440
FINNIFTY02JAN2422350CE.NFO,02/01/2024,10:37:06,0.35,0.35,55840,0.4,40680,0,244440
FINNIFTY02JAN2422350CE.NFO,02/01/2024,10:37:17,0.35,0.35,55840,0.4,42920,0,244440
FINNIFTY02JAN2422350CE.NFO,02/01/2024,10:37:28,0.35,0.35,55440,0.4,41120,400,244440
FINNIFTY02JAN2422350CE.NFO,02/01/2024,10:37:39,0.35,0.35,64600,0.4,49840,8600,244440
FINNIFTY02JAN2422350CE.NFO,02/01/2024,10:37:49,0.35,0.35,69080,0.4,49520,0,244440
FINNIFTY02JAN2422350CE.NFO,02/01/2024,10:37:58,0.35,0.35,68200,0.4,49840,0,244440
FINNIFTY02JAN2422350CE.NFO,02/01/2024,10:38:27,0.4,0.35,67080,0.4,48840,1120,244440
FINNIFTY02JAN2422350CE.NFO,02/01/2024,10:38:56,0.4,0.35,68880,0.4,47920,0,244440
FINNIFTY02JAN2422350CE.NFO,02/01/2024,10:39:18,0.35,0.35,69000,0.4,47640,160,243680
FINNIFTY02JAN2422350CE.NFO,02/01/2024,10:40:12,0.4,0.35,69000,0.4,47920,40,243680
FINNIFTY02JAN2422350CE.NFO,02/01/2024,10:40:23,0.4,0.35,69000,0.4,47720,800,243680
FINNIFTY02JAN2422350CE.NFO,02/01/2024,10:40:43,0.35,0.35,68800,0.4,47720,200,243680
FINNIFTY02JAN2422350CE.NFO,02/01/2024,10:40:53,0.35,0.35,68800,0.4,48600,0,243680
FINNIFTY02JAN2422350CE.NFO,02/01/2024,10:41:03,0.35,0.35,69920,0.4,48720,240,243680
FINNIFTY02JAN2422350CE.NFO,02/01/2024,10:41:33,0.35,0.35,70800,0.4,47840,0,243680
FINNIFTY02JAN2422350CE.NFO,02/01/2024,10:42:03,0.4,0.35,70800,0.4,49600,40,242680
FINNIFTY02JAN2422350CE.NFO,02/01/2024,10:42:13,0.4,0.35,70800,0.4,53200,0,242680
FINNIFTY02JAN2422350CE.NFO,02/01/2024,10:42:23,0.4,0.35,70800,0.4,51400,0,242680
FINNIFTY02JAN2422350CE.NFO,02/01/2024,10:42:33,0.35,0.35,70600,0.4,51720,200,242680
FINNIFTY02JAN2422350CE.NFO,02/01/2024,10:42:43,0.4,0.35,70200,0.4,51360,400,242680
FINNIFTY02JAN2422350CE.NFO,02/01/2024,10:43:04,0.4,0.35,70200,0.4,50960,400,242680
FINNIFTY02JAN2422350CE.NFO,02/01/2024,10:43:53,0.4,0.35,74480,0.4,50920,0,242680
FINNIFTY02JAN2422350CE.NFO,02/01/2024,10:44:03,0.4,0.35,73600,0.4,50920,0,242680
FINNIFTY02JAN2422350CE.NFO,02/01/2024,10:44:13,0.4,0.35,74480,0.4,50920,0,242680
FINNIFTY02JAN2422350CE.NFO,02/01/2024,10:46:10,0.4,0.35,74480,0.4,50840,80,242480
FINNIFTY02JAN2422350CE.NFO,02/01/2024,10:46:19,0.4,0.35,74480,0.4,52640,0,242480
FINNIFTY02JAN2422350CE.NFO,02/01/2024,10:46:49,0.35,0.35,74280,0.4,52320,200,242480
FINNIFTY02JAN2422350CE.NFO,02/01/2024,10:46:59,0.4,0.35,74080,0.4,52080,760,242480
FINNIFTY02JAN2422350CE.NFO,02/01/2024,10:47:18,0.4,0.35,74080,0.4,52080,0,242480
FINNIFTY02JAN2422350CE.NFO,02/01/2024,10:47:55,0.4,0.35,74080,0.4,58720,160,241440
FINNIFTY02JAN2422350CE.NFO,02/01/2024,10:48:05,0.4,0.35,74080,0.4,58720,0,241440
FINNIFTY02JAN2422350CE.NFO,02/01/2024,10:48:43,0.35,0.35,74040,0.4,59080,40,241440
FINNIFTY02JAN2422350CE.NFO,02/01/2024,10:48:52,0.35,0.35,74040,0.4,59080,0,241440
FINNIFTY02JAN2422350CE.NFO,02/01/2024,10:49:01,0.4,0.35,74040,0.4,59120,280,241440
FINNIFTY02JAN2422350CE.NFO,02/01/2024,10:49:12,0.4,0.35,74040,0.4,58840,280,241440
FINNIFTY02JAN2422350CE.NFO,02/01/2024,10:49:22,0.4,0.35,74040,0.4,58840,0,241440
FINNIFTY02JAN2422350CE.NFO,02/01/2024,10:49:33,0.4,0.35,74040,0.4,57040,0,241440
FINNIFTY02JAN2422350CE.NFO,02/01/2024,10:50:00,0.4,0.35,73160,0.4,57040,0,241440
FINNIFTY02JAN2422350CE.NFO,02/01/2024,10:50:10,0.4,0.35,74040,0.4,57040,0,241440
FINNIFTY02JAN2422350CE.NFO,02/01/2024,10:51:20,0.35,0.35,72920,0.4,57920,240,240840
FINNIFTY02JAN2422350CE.NFO,02/01/2024,10:52:09,0.35,0.35,73880,0.4,59760,0,240840
FINNIFTY02JAN2422350CE.NFO,02/01/2024,10:52:38,0.35,0.35,74760,0.4,59760,0,240840
FINNIFTY02JAN2422350CE.NFO,02/01/2024,10:52:48,0.35,0.35,74760,0.4,58880,0,240840
FINNIFTY02JAN2422350CE.NFO,02/01/2024,10:53:34,0.35,0.35,74560,0.4,58880,0,240840
FINNIFTY02JAN2422350CE.NFO,02/01/2024,10:54:49,0.35,0.35,74560,0.4,59760,0,240840
FINNIFTY02JAN2422350CE.NFO,02/01/2024,10:54:58,0.35,0.35,74560,0.4,58880,0,240840
FINNIFTY02JAN2422350CE.NFO,02/01/2024,10:56:20,0.4,0.35,73720,0.4,59640,120,240600
FINNIFTY02JAN2422350CE.NFO,02/01/2024,10:56:29,0.35,0.35,74280,0.4,61120,400,240600
FINNIFTY02JAN2422350CE.NFO,02/01/2024,10:56:49,0.4,0.35,74280,0.4,60320,400,240600
FINNIFTY02JAN2422350CE.NFO,02/01/2024,10:57:00,0.4,0.35,74280,0.4,44120,0,240600
FINNIFTY02JAN2422350CE.NFO,02/01/2024,10:57:10,0.35,0.35,74640,0.4,53520,600,240600
FINNIFTY02JAN2422350CE.NFO,02/01/2024,10:57:20,0.35,0.35,74640,0.4,53560,0,240600
FINNIFTY02JAN2422350CE.NFO,02/01/2024,10:57:40,0.4,0.35,75400,0.4,55520,240,240600
FINNIFTY02JAN2422350CE.NFO,02/01/2024,10:57:51,0.4,0.35,76080,0.4,53720,0,240600
FINNIFTY02JAN2422350CE.NFO,02/01/2024,10:58:01,0.4,0.35,76080,0.4,50640,40,240600
FINNIFTY02JAN2422350CE.NFO,02/01/2024,10:58:11,0.4,0.35,76080,0.4,52520,240,240600
FINNIFTY02JAN2422350CE.NFO,02/01/2024,10:58:21,0.4,0.35,76080,0.4,53320,120,240600
FINNIFTY02JAN2422350CE.NFO,02/01/2024,10:58:30,0.4,0.35,75200,0.4,53280,40,240600
FINNIFTY02JAN2422350CE.NFO,02/01/2024,10:58:40,0.4,0.35,75200,0.4,53240,40,240600
FINNIFTY02JAN2422350CE.NFO,02/01/2024,10:58:48,0.4,0.35,75200,0.4,53200,40,240600
FINNIFTY02JAN2422350CE.NFO,02/01/2024,10:58:58,0.4,0.35,75200,0.4,53200,0,240600
FINNIFTY02JAN2422350CE.NFO,02/01/2024,10:59:17,0.35,0.35,78040,0.4,53320,3200,240600
FINNIFTY02JAN2422350CE.NFO,02/01/2024,10:59:26,0.35,0.35,78040,0.4,53320,0,240600
FINNIFTY02JAN2422350CE.NFO,02/01/2024,10:59:45,0.35,0.35,71640,0.4,53320,6400,240200
FINNIFTY02JAN2422350CE.NFO,02/01/2024,10:59:54,0.35,0.35,78680,0.4,51760,0,240200
FINNIFTY02JAN2422350CE.NFO,02/01/2024,11:00:03,0.4,0.35,79560,0.4,53520,40,240200
FINNIFTY02JAN2422350CE.NFO,02/01/2024,11:00:12,0.4,0.35,79240,0.4,51720,0,240200
FINNIFTY02JAN2422350CE.NFO,02/01/2024,11:00:22,0.4,0.35,79280,0.4,51720,0,240200
FINNIFTY02JAN2422350CE.NFO,02/01/2024,11:00:41,0.4,0.35,80160,0.4,51720,0,240200
FINNIFTY02JAN2422350CE.NFO,02/01/2024,11:00:51,0.35,0.35,73800,0.4,54120,8800,240200
FINNIFTY02JAN2422350CE.NFO,02/01/2024,11:01:00,0.35,0.35,73800,0.4,63120,0,240200
FINNIFTY02JAN2422350CE.NFO,02/01/2024,11:01:10,0.35,0.35,73320,0.4,61320,0,240200
FINNIFTY02JAN2422350CE.NFO,02/01/2024,11:01:20,0.35,0.35,72440,0.4,61000,0,240200
FINNIFTY02JAN2422350CE.NFO,02/01/2024,11:01:30,0.35,0.35,72400,0.4,66520,0,240200
FINNIFTY02JAN2422350CE.NFO,02/01/2024,11:01:58,0.35,0.35,72400,0.4,64280,0,240200
FINNIFTY02JAN2422350CE.NFO,02/01/2024,11:02:08,0.35,0.35,72400,0.4,53280,0,240200
FINNIFTY02JAN2422350CE.NFO,02/01/2024,11:02:18,0.35,0.35,72400,0.4,63920,0,240200
FINNIFTY02JAN2422350CE.NFO,02/01/2024,11:02:56,0.4,0.35,67800,0.4,68720,10200,253200
FINNIFTY02JAN2422350CE.NFO,02/01/2024,11:03:05,0.35,0.35,59000,0.4,76320,8800,253200
FINNIFTY02JAN2422350CE.NFO,02/01/2024,11:03:15,0.35,0.35,59320,0.4,82680,2080,253200
FINNIFTY02JAN2422350CE.NFO,02/01/2024,11:03:24,0.35,0.35,59320,0.4,82080,0,253200
FINNIFTY02JAN2422350CE.NFO,02/01/2024,11:03:34,0.3,0.3,102400,0.35,79280,48120,253200
FINNIFTY02JAN2422350CE.NFO,02/01/2024,11:03:34,0.3,0.3,102400,0.35,79280,0,253200
FINNIFTY02JAN2422350CE.NFO,02/01/2024,11:03:43,0.3,0.3,98840,0.35,79480,0,253200
FINNIFTY02JAN2422350CE.NFO,02/01/2024,11:03:53,0.3,0.3,76840,0.35,79480,0,253200
FINNIFTY02JAN2422350CE.NFO,02/01/2024,11:04:02,0.3,0.3,45840,0.35,79480,0,253200
FINNIFTY02JAN2422350CE.NFO,02/01/2024,11:04:11,0.35,0.3,44000,0.35,84680,200,253200
FINNIFTY02JAN2422350CE.NFO,02/01/2024,11:04:21,0.35,0.3,33960,0.35,82360,200,253200
FINNIFTY02JAN2422350CE.NFO,02/01/2024,11:04:30,0.35,0.3,30360,0.35,82120,240,253200
FINNIFTY02JAN2422350CE.NFO,02/01/2024,11:04:49,0.35,0.3,30360,0.35,82120,0,253200
FINNIFTY02JAN2422350CE.NFO,02/01/2024,11:05:17,0.3,0.25,102320,0.3,132440,78400,253200
FINNIFTY02JAN2422350CE.NFO,02/01/2024,11:05:25,0.3,0.25,107720,0.3,80200,26760,253200
FINNIFTY02JAN2422350CE.NFO,02/01/2024,11:05:35,0.3,0.25,119920,0.3,61080,45040,253200
FINNIFTY02JAN2422350CE.NFO,02/01/2024,11:05:45,0.35,0.3,68280,0.35,36960,58440,273520
FINNIFTY02JAN2422350CE.NFO,02/01/2024,11:05:54,0.35,0.3,70040,0.35,37600,3000,273520
FINNIFTY02JAN2422350CE.NFO,02/01/2024,11:06:03,0.35,0.3,72280,0.35,38080,0,273520
FINNIFTY02JAN2422350CE.NFO,02/01/2024,11:06:13,0.35,0.3,74080,0.35,37400,0,273520
FINNIFTY02JAN2422350CE.NFO,02/01/2024,11:06:22,0.35,0.3,57320,0.35,34280,11400,273520
FINNIFTY02JAN2422350CE.NFO,02/01/2024,11:06:31,0.35,0.3,57360,0.35,36560,1200,273520
FINNIFTY02JAN2422350CE.NFO,02/01/2024,11:06:40,0.35,0.3,57360,0.35,36560,0,273520
FINNIFTY02JAN2422350CE.NFO,02/01/2024,11:07:00,0.35,0.3,57360,0.35,35560,0,273520
FINNIFTY02JAN2422350CE.NFO,02/01/2024,11:07:38,0.35,0.3,42080,0.35,31480,89080,273520
FINNIFTY02JAN2422350CE.NFO,02/01/2024,11:07:47,0.35,0.3,53560,0.35,6640,40800,273520
FINNIFTY02JAN2422350CE.NFO,02/01/2024,11:07:56,0.35,0.3,49200,0.35,10160,98120,273520
FINNIFTY02JAN2422350CE.NFO,02/01/2024,11:08:06,0.4,0.35,14600,0.4,73280,133760,273520
FINNIFTY02JAN2422350CE.NFO,02/01/2024,11:08:15,0.35,0.3,47200,0.35,101800,68760,273520
FINNIFTY02JAN2422350CE.NFO,02/01/2024,11:08:24,0.35,0.3,60280,0.35,64360,36800,273520
FINNIFTY02JAN2422350CE.NFO,02/01/2024,11:08:31,0.35,0.3,78160,0.35,43720,100200,273520
FINNIFTY02JAN2422350CE.NFO,02/01/2024,11:08:32,0.35,0.3,79280,0.35,38440,7200,273520
FINNIFTY02JAN2422350CE.NFO,02/01/2024,11:08:34,0.35,0.3,80760,0.35,16480,6400,273520
FINNIFTY02JAN2422350CE.NFO,02/01/2024,11:08:36,0.35,0.3,80760,0.35,12000,6400,273520
FINNIFTY02JAN2422350CE.NFO,02/01/2024,11:08:37,0.4,0.35,35120,0.4,93960,43480,583160
FINNIFTY02JAN2422350CE.NFO,02/01/2024,11:08:39,0.4,0.35,35080,0.4,89160,6800,583160
FINNIFTY02JAN2422350CE.NFO,02/01/2024,11:08:41,0.4,0.35,20600,0.4,85760,30760,583160
FINNIFTY02JAN2422350CE.NFO,02/01/2024,11:08:42,0.4,0.3,56560,0.4,81960,27160,583160
FINNIFTY02JAN2422350CE.NFO,02/01/2024,11:08:44,0.4,0.3,56560,0.4,77560,7200,583160
FINNIFTY02JAN2422350CE.NFO,02/01/2024,11:08:46,0.4,0.35,40,0.4,71800,14080,583160
FINNIFTY02JAN2422350CE.NFO,02/01/2024,11:08:47,0.4,0.3,62160,0.4,67680,10160,583160
FINNIFTY02JAN2422350CE.NFO,02/01/2024,11:08:49,0.35,0.35,40,0.4,64440,22520,583160
FINNIFTY02JAN2422350CE.NFO,02/01/2024,11:08:51,0.4,0.3,66560,0.4,70960,17960,583160
FINNIFTY02JAN2422350CE.NFO,02/01/2024,11:08:52,0.4,0.3,72040,0.4,75720,12200,583160
FINNIFTY02JAN2422350CE.NFO,02/01/2024,11:08:54,0.4,0.3,83440,0.4,74120,6400,583160
FINNIFTY02JAN2422350CE.NFO,02/01/2024,11:08:55,0.35,0.3,91760,0.35,54640,33240,583160
FINNIFTY02JAN2422350CE.NFO,02/01/2024,11:08:57,0.35,0.3,102280,0.35,57400,11400,583160
FINNIFTY02JAN2422350CE.NFO,02/01/2024,11:08:59,0.35,0.3,104840,0.35,54600,2800,583160
FINNIFTY02JAN2422350CE.NFO,02/01/2024,11:09:00,0.35,0.3,116120,0.35,52200,2400,583160
FINNIFTY02JAN2422350CE.NFO,02/01/2024,11:09:02,0.35,0.3,116240,0.35,52600,1400,583160
FINNIFTY02JAN2422350CE.NFO,02/01/2024,11:09:04,0.35,0.3,116360,0.35,61560,1400,583160
FINNIFTY02JAN2422350CE.NFO,02/01/2024,11:09:05,0.35,0.3,115320,0.35,60560,960,583160
FINNIFTY02JAN2422350CE.NFO,02/01/2024,11:09:07,0.35,0.3,115600,0.35,66760,2800,583160
FINNIFTY02JAN2422350CE.NFO,02/01/2024,11:09:09,0.35,0.3,116000,0.35,65360,1400,583160
FINNIFTY02JAN2422350CE.NFO,02/01/2024,11:09:10,0.35,0.3,118280,0.35,57160,8200,583160
FINNIFTY02JAN2422350CE.NFO,02/01/2024,11:09:12,0.35,0.3,118600,0.35,65560,1600,583160
FINNIFTY02JAN2422350CE.NFO,02/01/2024,11:09:14,0.35,0.3,118600,0.35,80480,200,583160
FINNIFTY02JAN2422350CE.NFO,02/01/2024,11:09:15,0.35,0.3,118600,0.35,80280,200,583160
FINNIFTY02JAN2422350CE.NFO,02/01/2024,11:09:17,0.35,0.3,118720,0.35,80920,560,583160
FINNIFTY02JAN2422350CE.NFO,02/01/2024,11:09:18,0.35,0.3,119080,0.35,79680,3400,583160
FINNIFTY02JAN2422350CE.NFO,02/01/2024,11:09:20,0.35,0.3,120480,0.35,73880,5800,583160
FINNIFTY02JAN2422350CE.NFO,02/01/2024,11:09:22,0.35,0.3,120480,0.35,76040,4800,583160
FINNIFTY02JAN2422350CE.NFO,02/01/2024,11:09:23,0.35,0.3,120480,0.35,75240,4400,583160
FINNIFTY02JAN2422350CE.NFO,02/01/2024,11:09:25,0.35,0.3,120480,0.35,72320,6400,583160
FINNIFTY02JAN2422350CE.NFO,02/01/2024,11:09:26,0.35,0.3,120480,0.35,74920,200,583160
FINNIFTY02JAN2422350CE.NFO,02/01/2024,11:09:28,0.35,0.3,120480,0.35,74440,480,583160
FINNIFTY02JAN2422350CE.NFO,02/01/2024,11:09:30,0.35,0.3,120480,0.35,70440,4000,583160
FINNIFTY02JAN2422350CE.NFO,02/01/2024,11:09:31,0.35,0.3,121240,0.35,68640,1800,583160
FINNIFTY02JAN2422350CE.NFO,02/01/2024,11:09:33,0.35,0.3,121240,0.35,67240,2360,583160
FINNIFTY02JAN2422350CE.NFO,02/01/2024,11:09:34,0.35,0.3,121240,0.35,67240,0,583160
FINNIFTY02JAN2422350CE.NFO,02/01/2024,11:09:36,0.35,0.3,121240,0.35,65240,2000,583160
FINNIFTY02JAN2422350CE.NFO,02/01/2024,11:09:38,0.35,0.3,121240,0.35,62440,2800,583160
FINNIFTY02JAN2422350CE.NFO,02/01/2024,11:09:39,0.35,0.3,121240,0.35,36640,10000,583160
FINNIFTY02JAN2422350CE.NFO,02/01/2024,11:09:41,0.4,0.35,51000,0.4,67720,38640,583160
FINNIFTY02JAN2422350CE.NFO,02/01/2024,11:09:43,0.4,0.35,59520,0.4,61720,6000,583160
FINNIFTY02JAN2422350CE.NFO,02/01/2024,11:09:44,0.4,0.35,66120,0.4,38960,6200,583160
FINNIFTY02JAN2422350CE.NFO,02/01/2024,11:09:46,0.4,0.35,66120,0.4,33640,6000,583160
FINNIFTY02JAN2422350CE.NFO,02/01/2024,11:09:48,0.4,0.35,66160,0.4,8760,7000,583160
FINNIFTY02JAN2422350CE.NFO,02/01/2024,11:09:49,0.4,0.35,33960,0.4,41200,52160,583160
FINNIFTY02JAN2422350CE.NFO,02/01/2024,11:09:51,0.4,0.35,34480,0.4,39600,4000,583160
FINNIFTY02JAN2422350CE.NFO,02/01/2024,11:09:52,0.4,0.35,36840,0.4,42920,3200,583160
FINNIFTY02JAN2422350CE.NFO,02/01/2024,11:09:54,0.4,0.35,40040,0.4,41520,3200,583160
FINNIFTY02JAN2422350CE.NFO,02/01/2024,11:09:56,0.4,0.35,45840,0.4,45280,8560,583160
FINNIFTY02JAN2422350CE.NFO,02/01/2024,11:09:57,0.4,0.35,46080,0.4,43520,2800,583160
FINNIFTY02JAN2422350CE.NFO,02/01/2024,11:09:59,0.4,0.35,46280,0.4,41320,2200,583160
FINNIFTY02JAN2422350CE.NFO,02/01/2024,11:10:01,0.4,0.35,48880,0.4,41080,1200,583160
FINNIFTY02JAN2422350CE.NFO,02/01/2024,11:10:02,0.4,0.35,48880,0.4,40160,1840,583160
FINNIFTY02JAN2422350CE.NFO,02/01/2024,11:10:04,0.4,0.35,48960,0.4,40120,2800,583160
FINNIFTY02JAN2422350CE.NFO,02/01/2024,11:10:06,0.4,0.35,48960,0.4,37880,3200,583160
FINNIFTY02JAN2422350CE.NFO,02/01/2024,11:10:07,0.4,0.35,49000,0.4,41600,2040,583160
FINNIFTY02JAN2422350CE.NFO,02/01/2024,11:10:09,0.4,0.35,53040,0.4,41560,1000,583160
FINNIFTY02JAN2422350CE.NFO,02/01/2024,11:10:11,0.4,0.35,53040,0.4,40160,1400,583160
FINNIFTY02JAN2422350CE.NFO,02/01/2024,11:10:12,0.4,0.35,53040,0.4,39760,400,583160
FINNIFTY02JAN2422350CE.NFO,02/01/2024,11:10:14,0.4,0.35,53040,0.4,34680,5080,583160
FINNIFTY02JAN2422350CE.NFO,02/01/2024,11:10:15,0.4,0.35,40600,0.45,62120,62040,583160
FINNIFTY02JAN2422350CE.NFO,02/01/2024,11:10:17,0.4,0.35,45000,0.4,53200,5200,583160
FINNIFTY02JAN2422350CE.NFO,02/01/2024,11:10:19,0.4,0.35,44200,0.4,51800,2600,583160
FINNIFTY02JAN2422350CE.NFO,02/01/2024,11:10:20,0.4,0.35,47880,0.4,49840,2000,583160
FINNIFTY02JAN2422350CE.NFO,02/01/2024,11:10:22,0.4,0.35,48280,0.4,49280,3000,583160
FINNIFTY02JAN2422350CE.NFO,02/01/2024,11:10:24,0.4,0.35,48840,0.4,45440,3840,583160
FINNIFTY02JAN2422350CE.NFO,02/01/2024,11:10:25,0.4,0.35,36080,0.4,31360,2240,583160
FINNIFTY02JAN2422350CE.NFO,02/01/2024,11:10:27,0.4,0.35,50080,0.4,51080,6480,583160
FINNIFTY02JAN2422350CE.NFO,02/01/2024,11:10:29,0.4,0.35,52400,0.4,47720,3360,583160
FINNIFTY02JAN2422350CE.NFO,02/01/2024,11:10:31,0.4,0.35,54520,0.4,42040,5680,583160
FINNIFTY02JAN2422350CE.NFO,02/01/2024,11:10:33,0.4,0.35,55720,0.4,40520,4920,583160
FINNIFTY02JAN2422350CE.NFO,02/01/2024,11:10:34,0.4,0.35,55720,0.4,37760,2800,583160
FINNIFTY02JAN2422350CE.NFO,02/01/2024,11:10:36,0.4,0.35,53920,0.4,37880,4000,583160
FINNIFTY02JAN2422350CE.NFO,02/01/2024,11:10:38,0.4,0.35,53840,0.4,52880,1400,583160
FINNIFTY02JAN2422350CE.NFO,02/01/2024,11:10:39,0.4,0.35,55960,0.4,52160,720,583160
FINNIFTY02JAN2422350CE.NFO,02/01/2024,11:10:41,0.4,0.35,55960,0.4,52160,0,583160
FINNIFTY02JAN2422350CE.NFO,02/01/2024,11:10:42,0.4,0.35,55880,0.4,51080,1080,583160
FINNIFTY02JAN2422350CE.NFO,02/01/2024,11:10:44,0.4,0.35,55880,0.4,51120,0,583160
FINNIFTY02JAN2422350CE.NFO,02/01/2024,11:10:47,0.4,0.35,55960,0.4,49680,1680,583160
FINNIFTY02JAN2422350CE.NFO,02/01/2024,11:10:49,0.4,0.35,55960,0.4,49680,0,583160
FINNIFTY02JAN2422350CE.NFO,02/01/2024,11:10:51,0.4,0.35,55960,0.4,7200,16760,583160
FINNIFTY02JAN2422350CE.NFO,02/01/2024,11:10:52,0.4,0.4,28320,0.45,52480,39720,583160
FINNIFTY02JAN2422350CE.NFO,02/01/2024,11:10:54,0.4,0.4,24240,0.45,43840,22880,583160
FINNIFTY02JAN2422350CE.NFO,02/01/2024,11:10:55,0.4,0.4,30480,0.45,49760,0,583160
FINNIFTY02JAN2422350CE.NFO,02/01/2024,11:10:57,0.4,0.4,30160,0.45,49520,800,583160
FINNIFTY02JAN2422350CE.NFO,02/01/2024,11:10:59,0.4,0.4,29360,0.45,49520,800,583160
FINNIFTY02JAN2422350CE.NFO,02/01/2024,11:11:00,0.4,0.4,28560,0.45,61200,800,583160
FINNIFTY02JAN2422350CE.NFO,02/01/2024,11:11:02,0.4,0.4,30240,0.45,61200,0,583160
FINNIFTY02JAN2422350CE.NFO,02/01/2024,11:11:03,0.4,0.4,27600,0.45,59400,0,583160
FINNIFTY02JAN2422350CE.NFO,02/01/2024,11:11:05,0.4,0.4,33160,0.45,59400,800,583160
FINNIFTY02JAN2422350CE.NFO,02/01/2024,11:11:07,0.4,0.4,42120,0.45,59440,0,583160
FINNIFTY02JAN2422350CE.NFO,02/01/2024,11:11:10,0.4,0.4,19880,0.45,59440,23880,583160
FINNIFTY02JAN2422350CE.NFO,02/01/2024,11:11:12,0.4,0.35,55760,0.4,69760,43040,583160
FINNIFTY02JAN2422350CE.NFO,02/01/2024,11:11:13,0.4,0.35,56840,0.4,58240,0,583160
FINNIFTY02JAN2422350CE.NFO,02/01/2024,11:11:17,0.4,0.35,58640,0.4,65440,0,583160
FINNIFTY02JAN2422350CE.NFO,02/01/2024,11:11:18,0.4,0.35,52840,0.4,59080,0,583160
FINNIFTY02JAN2422350CE.NFO,02/01/2024,11:11:20,0.4,0.35,76760,0.4,37760,28640,583160
FINNIFTY02JAN2422350CE.NFO,02/01/2024,11:11:22,0.4,0.35,76760,0.4,34280,4160,583160
FINNIFTY02JAN2422350CE.NFO,02/01/2024,11:11:23,0.4,0.35,76760,0.4,32600,1680,583160
FINNIFTY02JAN2422350CE.NFO,02/01/2024,11:11:25,0.45,0.4,55040,0.45,56400,20520,583160
FINNIFTY02JAN2422350CE.NFO,02/01/2024,11:11:27,0.45,0.4,63880,0.45,49960,5160,583160
FINNIFTY02JAN2422350CE.NFO,02/01/2024,11:11:28,0.45,0.4,61880,0.45,54360,1000,583160
FINNIFTY02JAN2422350CE.NFO,02/01/2024,11:11:35,0.45,0.4,61560,0.45,52240,4280,583160
FINNIFTY02JAN2422350CE.NFO,02/01/2024,11:11:44,0.45,0.4,61800,0.45,42360,0,583160
FINNIFTY02JAN2422350CE.NFO,02/01/2024,11:11:53,0.45,0.4,63160,0.45,43280,0,583160
FINNIFTY02JAN2422350CE.NFO,02/01/2024,11:12:03,0.45,0.4,63160,0.45,42400,0,583160
FINNIFTY02JAN2422350CE.NFO,02/01/2024,11:12:12,0.45,0.4,64320,0.45,44640,6320,826640
FINNIFTY02JAN2422350CE.NFO,02/01/2024,11:12:21,0.45,0.4,63880,0.45,35760,1680,826640
FINNIFTY02JAN2422350CE.NFO,02/01/2024,11:12:30,0.45,0.4,63960,0.45,38360,1760,826640
FINNIFTY02JAN2422350CE.NFO,02/01/2024,11:12:40,0.45,0.4,63200,0.45,31520,6080,826640
FINNIFTY02JAN2422350CE.NFO,02/01/2024,11:12:49,0.45,0.4,63200,0.45,28040,1680,826640
FINNIFTY02JAN2422350CE.NFO,02/01/2024,11:12:57,0.45,0.4,58000,0.45,20040,6840,826640
FINNIFTY02JAN2422350CE.NFO,02/01/2024,11:13:06,0.45,0.45,53960,0.5,35880,20840,826640
FINNIFTY02JAN2422350CE.NFO,02/01/2024,11:13:15,0.45,0.45,56600,0.5,31680,3720,826640
FINNIFTY02JAN2422350CE.NFO,02/01/2024,11:13:24,0.45,0.45,56960,0.5,35800,800,826640
FINNIFTY02JAN2422350CE.NFO,02/01/2024,11:13:34,0.5,0.45,52400,0.5,29160,2480,826640
FINNIFTY02JAN2422350CE.NFO,02/01/2024,11:13:44,0.5,0.45,58120,0.5,33480,0,826640
FINNIFTY02JAN2422350CE.NFO,02/01/2024,11:13:54,0.45,0.45,57640,0.5,34120,8960,826640
FINNIFTY02JAN2422350CE.NFO,02/01/2024,11:14:03,0.55,0.5,66120,0.55,31280,18480,826640
FINNIFTY02JAN2422350CE.NFO,02/01/2024,11:14:13,0.55,0.5,68920,0.55,31080,600,826640
FINNIFTY02JAN2422350CE.NFO,02/01/2024,11:14:22,0.55,0.5,70640,0.55,30200,1400,826640
FINNIFTY02JAN2422350CE.NFO,02/01/2024,11:14:31,0.55,0.5,70320,0.55,41840,2000,826640
FINNIFTY02JAN2422350CE.NFO,02/01/2024,11:14:39,0.55,0.5,70320,0.55,41480,360,826640
FINNIFTY02JAN2422350CE.NFO,02/01/2024,11:14:49,0.55,0.5,70320,0.55,41480,0,826640
FINNIFTY02JAN2422350CE.NFO,02/01/2024,11:14:58,0.55,0.5,70560,0.55,41400,0,826640
FINNIFTY02JAN2422350CE.NFO,02/01/2024,11:15:08,0.55,0.5,72520,0.55,39240,600,835760
FINNIFTY02JAN2422350CE.NFO,02/01/2024,11:15:18,0.55,0.5,73080,0.55,37640,1600,835760
FINNIFTY02JAN2422350CE.NFO,02/01/2024,11:15:28,0.55,0.5,73080,0.55,33840,3800,835760
FINNIFTY02JAN2422350CE.NFO,02/01/2024,11:15:37,0.55,0.5,73080,0.55,34280,1160,835760
FINNIFTY02JAN2422350CE.NFO,02/01/2024,11:15:48,0.5,0.5,76360,0.55,39680,11720,835760
FINNIFTY02JAN2422350CE.NFO,02/01/2024,11:15:59,0.5,0.5,73680,0.55,44640,3040,835760
FINNIFTY02JAN2422350CE.NFO,02/01/2024,11:16:09,0.55,0.5,74680,0.55,51080,12440,835760
FINNIFTY02JAN2422350CE.NFO,02/01/2024,11:16:19,0.5,0.5,68960,0.55,51120,11560,835760
FINNIFTY02JAN2422350CE.NFO,02/01/2024,11:16:28,0.5,0.5,70560,0.55,49760,3960,835760
FINNIFTY02JAN2422350CE.NFO,02/01/2024,11:16:37,0.5,0.5,59960,0.55,58920,14360,835760
FINNIFTY02JAN2422350CE.NFO,02/01/2024,11:16:47,0.5,0.45,50640,0.5,33920,23520,835760
FINNIFTY02JAN2422350CE.NFO,02/01/2024,11:16:56,0.5,0.45,46320,0.5,33600,2560,835760
FINNIFTY02JAN2422350CE.NFO,02/01/2024,11:17:05,0.5,0.45,45480,0.5,34600,760,835760
FINNIFTY02JAN2422350CE.NFO,02/01/2024,11:17:14,0.5,0.45,45480,0.5,35000,0,835760
FINNIFTY02JAN2422350CE.NFO,02/01/2024,11:17:23,0.5,0.45,45440,0.5,34800,200,835760
FINNIFTY02JAN2422350CE.NFO,02/01/2024,11:17:32,0.5,0.45,43640,0.5,36040,2600,835760
FINNIFTY02JAN2422350CE.NFO,02/01/2024,11:17:41,0.5,0.45,44520,0.5,35520,400,835760
FINNIFTY02JAN2422350CE.NFO,02/01/2024,11:17:51,0.45,0.45,41880,0.5,37120,8720,831920
FINNIFTY02JAN2422350CE.NFO,02/01/2024,11:17:59,0.5,0.45,42040,0.5,34120,1640,831920
FINNIFTY02JAN2422350CE.NFO,02/01/2024,11:18:09,0.45,0.45,41200,0.5,33280,1920,831920
FINNIFTY02JAN2422350CE.NFO,02/01/2024,11:18:19,0.5,0.45,41000,0.5,34960,840,831920
FINNIFTY02JAN2422350CE.NFO,02/01/2024,11:18:27,0.5,0.45,41000,0.5,34960,400,831920
FINNIFTY02JAN2422350CE.NFO,02/01/2024,11:18:36,0.5,0.45,41000,0.5,34400,200,831920
FINNIFTY02JAN2422350CE.NFO,02/01/2024,11:18:44,0.45,0.45,40920,0.5,35600,80,831920
FINNIFTY02JAN2422350CE.NFO,02/01/2024,11:18:53,0.45,0.45,38680,0.5,35200,2440,831920
FINNIFTY02JAN2422350CE.NFO,02/01/2024,11:19:02,0.45,0.45,38280,0.5,42720,1240,831920
FINNIFTY02JAN2422350CE.NFO,02/01/2024,11:19:10,0.5,0.45,34680,0.5,47360,13840,831920
FINNIFTY02JAN2422350CE.NFO,02/01/2024,11:19:19,0.45,0.4,42520,0.45,50560,32960,831920
FINNIFTY02JAN2422350CE.NFO,02/01/2024,11:19:27,0.45,0.4,41840,0.45,54000,200,831920
FINNIFTY02JAN2422350CE.NFO,02/01/2024,11:19:35,0.45,0.4,41840,0.45,54040,0,831920
FINNIFTY02JAN2422350CE.NFO,02/01/2024,11:19:52,0.45,0.4,41800,0.45,53760,400,831920
FINNIFTY02JAN2422350CE.NFO,02/01/2024,11:20:07,0.45,0.4,42280,0.45,63320,400,831920
FINNIFTY02JAN2422350CE.NFO,02/01/2024,11:20:16,0.45,0.4,42240,0.45,62840,520,831920
FINNIFTY02JAN2422350CE.NFO,02/01/2024,11:20:24,0.45,0.4,42240,0.45,63520,1160,831920
FINNIFTY02JAN2422350CE.NFO,02/01/2024,11:20:41,0.45,0.4,42240,0.45,63000,520,854000
FINNIFTY02JAN2422350CE.NFO,02/01/2024,11:20:50,0.45,0.4,42720,0.45,60960,6680,854000
FINNIFTY02JAN2422350CE.NFO,02/01/2024,11:20:59,0.45,0.4,43000,0.45,54120,19880,854000
FINNIFTY02JAN2422350CE.NFO,02/01/2024,11:21:08,0.45,0.4,44040,0.45,44240,9400,854000
FINNIFTY02JAN2422350CE.NFO,02/01/2024,11:21:16,0.45,0.4,44040,0.45,44240,0,854000
FINNIFTY02JAN2422350CE.NFO,02/01/2024,11:21:25,0.4,0.4,43960,0.45,44240,80,854000
FINNIFTY02JAN2422350CE.NFO,02/01/2024,11:21:34,0.45,0.4,43960,0.45,43760,480,854000
FINNIFTY02JAN2422350CE.NFO,02/01/2024,11:21:43,0.45,0.4,43960,0.45,43760,0,854000
FINNIFTY02JAN2422350CE.NFO,02/01/2024,11:21:51,0.45,0.4,42160,0.45,43280,480,854000
FINNIFTY02JAN2422350CE.NFO,02/01/2024,11:22:00,0.45,0.4,42160,0.45,43280,0,854000
FINNIFTY02JAN2422350CE.NFO,02/01/2024,11:22:27,0.45,0.4,43960,0.45,43040,240,854000
FINNIFTY02JAN2422350CE.NFO,02/01/2024,11:22:35,0.45,0.4,43960,0.45,41040,400,854000
FINNIFTY02JAN2422350CE.NFO,02/01/2024,11:22:44,0.45,0.4,43960,0.45,44240,200,854000
FINNIFTY02JAN2422350CE.NFO,02/01/2024,11:22:53,0.45,0.4,43960,0.45,44240,0,854000
FINNIFTY02JAN2422350CE.NFO,02/01/2024,11:23:34,0.45,0.4,42160,0.45,43920,320,854000
FINNIFTY02JAN2422350CE.NFO,02/01/2024,11:23:59,0.45,0.4,42160,0.45,50200,440,840200
FINNIFTY02JAN2422350CE.NFO,02/01/2024,11:24:07,0.45,0.4,42160,0.45,53120,200,840200
FINNIFTY02JAN2422350CE.NFO,02/01/2024,11:24:24,0.45,0.4,42160,0.45,53120,0,840200
FINNIFTY02JAN2422350CE.NFO,02/01/2024,11:24:32,0.45,0.4,40280,0.45,52720,2280,840200
FINNIFTY02JAN2422350CE.NFO,02/01/2024,11:24:48,0.45,0.4,42080,0.45,52720,0,840200
FINNIFTY02JAN2422350CE.NFO,02/01/2024,11:24:56,0.45,0.4,42760,0.45,51120,2200,840200
FINNIFTY02JAN2422350CE.NFO,02/01/2024,11:25:05,0.45,0.4,41880,0.45,51120,0,840200
FINNIFTY02JAN2422350CE.NFO,02/01/2024,11:25:29,0.45,0.4,42760,0.45,51120,0,840200
FINNIFTY02JAN2422350CE.NFO,02/01/2024,11:25:53,0.45,0.4,42760,0.45,52000,0,840200
FINNIFTY02JAN2422350CE.NFO,02/01/2024,11:26:10,0.45,0.4,44560,0.45,52480,0,840200
FINNIFTY02JAN2422350CE.NFO,02/01/2024,11:26:18,0.45,0.4,50800,0.45,51600,0,840200
FINNIFTY02JAN2422350CE.NFO,02/01/2024,11:27:13,0.4,0.4,50760,0.45,51520,40,841120
FINNIFTY02JAN2422350CE.NFO,02/01/2024,11:27:29,0.4,0.4,50760,0.45,52400,0,841120
FINNIFTY02JAN2422350CE.NFO,02/01/2024,11:27:37,0.4,0.4,50760,0.45,52440,0,841120
FINNIFTY02JAN2422350CE.NFO,02/01/2024,11:27:46,0.4,0.4,50760,0.45,51600,0,841120
FINNIFTY02JAN2422350CE.NFO,02/01/2024,11:27:55,0.4,0.4,48760,0.45,51600,200,841120
FINNIFTY02JAN2422350CE.NFO,02/01/2024,11:28:03,0.45,0.4,48760,0.45,47360,6400,841120
FINNIFTY02JAN2422350CE.NFO,02/01/2024,11:28:11,0.45,0.4,46960,0.45,47320,40,841120
FINNIFTY02JAN2422350CE.NFO,02/01/2024,11:28:19,0.45,0.4,48760,0.45,47200,80,841120
FINNIFTY02JAN2422350CE.NFO,02/01/2024,11:28:28,0.45,0.4,46960,0.45,47000,200,841120
FINNIFTY02JAN2422350CE.NFO,02/01/2024,11:28:36,0.45,0.4,51880,0.45,46520,480,841120
FINNIFTY02JAN2422350CE.NFO,02/01/2024,11:28:44,0.45,0.4,51880,0.45,46480,40,841120
FINNIFTY02JAN2422350CE.NFO,02/01/2024,11:29:00,0.45,0.4,51840,0.45,46400,80,841120
FINNIFTY02JAN2422350CE.NFO,02/01/2024,11:29:09,0.45,0.4,50040,0.45,46360,40,841120
FINNIFTY02JAN2422350CE.NFO,02/01/2024,11:29:17,0.4,0.4,51560,0.45,48800,280,841120
FINNIFTY02JAN2422350CE.NFO,02/01/2024,11:29:33,0.4,0.4,50640,0.45,48800,40,841120
FINNIFTY02JAN2422350CE.NFO,02/01/2024,11:29:49,0.45,0.4,53000,0.45,48680,720,847840
FINNIFTY02JAN2422350CE.NFO,02/01/2024,11:29:57,0.45,0.4,53000,0.45,49080,0,847840
FINNIFTY02JAN2422350CE.NFO,02/01/2024,11:30:04,0.45,0.4,53000,0.45,49800,0,847840
FINNIFTY02JAN2422350CE.NFO,02/01/2024,11:30:12,0.4,0.4,51160,0.45,49800,640,847840
FINNIFTY02JAN2422350CE.NFO,02/01/2024,11:31:05,0.45,0.4,52960,0.45,49760,40,847840
FINNIFTY02JAN2422350CE.NFO,02/01/2024,11:31:13,0.45,0.4,52960,0.45,49440,320,847840
FINNIFTY02JAN2422350CE.NFO,02/01/2024,11:31:51,0.4,0.4,50840,0.45,49440,320,847840
FINNIFTY02JAN2422350CE.NFO,02/01/2024,11:31:59,0.4,0.4,50840,0.45,56760,0,847840
FINNIFTY02JAN2422350CE.NFO,02/01/2024,11:32:07,0.4,0.4,50840,0.45,56800,0,847840
FINNIFTY02JAN2422350CE.NFO,02/01/2024,11:32:38,0.4,0.4,50840,0.45,56080,0,847840
FINNIFTY02JAN2422350CE.NFO,02/01/2024,11:32:59,0.4,0.4,50800,0.45,56080,40,848160
FINNIFTY02JAN2422350CE.NFO,02/01/2024,11:33:06,0.4,0.4,49400,0.45,56080,400,848160
FINNIFTY02JAN2422350CE.NFO,02/01/2024,11:33:13,0.4,0.4,49400,0.45,55680,0,848160
FINNIFTY02JAN2422350CE.NFO,02/01/2024,11:33:21,0.4,0.4,48600,0.45,57240,800,848160
FINNIFTY02JAN2422350CE.NFO,02/01/2024,11:33:28,0.4,0.4,50280,0.45,65400,120,848160
FINNIFTY02JAN2422350CE.NFO,02/01/2024,11:33:35,0.4,0.4,50280,0.45,66360,0,848160
FINNIFTY02JAN2422350CE.NFO,02/01/2024,11:33:50,0.4,0.4,50160,0.45,65680,200,848160
FINNIFTY02JAN2422350CE.NFO,02/01/2024,11:33:57,0.4,0.4,50360,0.45,65680,440,848160
FINNIFTY02JAN2422350CE.NFO,02/01/2024,11:34:10,0.45,0.4,50360,0.45,64680,1000,848160
FINNIFTY02JAN2422350CE.NFO,02/01/2024,11:34:17,0.4,0.4,49720,0.45,73440,640,848160
FINNIFTY02JAN2422350CE.NFO,02/01/2024,11:34:23,0.4,0.4,49720,0.45,74640,0,848160
FINNIFTY02JAN2422350CE.NFO,02/01/2024,11:34:40,0.4,0.4,49080,0.45,75680,0,848160
FINNIFTY02JAN2422350CE.NFO,02/01/2024,11:34:48,0.4,0.4,49280,0.45,79080,520,848160
FINNIFTY02JAN2422350CE.NFO,02/01/2024,11:34:55,0.4,0.4,49160,0.45,78880,120,848160
FINNIFTY02JAN2422350CE.NFO,02/01/2024,11:35:02,0.4,0.4,49160,0.45,79640,0,848160
FINNIFTY02JAN2422350CE.NFO,02/01/2024,11:35:32,0.45,0.4,49160,0.45,81160,80,848160
FINNIFTY02JAN2422350CE.NFO,02/01/2024,11:35:40,0.45,0.4,48520,0.45,75760,320,848160
FINNIFTY02JAN2422350CE.NFO,02/01/2024,11:35:48,0.45,0.4,48520,0.45,75640,0,848160
FINNIFTY02JAN2422350CE.NFO,02/01/2024,11:36:32,0.45,0.4,48520,0.45,77360,0,848160
FINNIFTY02JAN2422350CE.NFO,02/01/2024,11:36:40,0.4,0.4,48040,0.45,77360,480,847120
FINNIFTY02JAN2422350CE.NFO,02/01/2024,11:36:47,0.4,0.4,54760,0.45,77680,2040,847120
FINNIFTY02JAN2422350CE.NFO,02/01/2024,11:36:55,0.4,0.35,76040,0.4,45800,47040,847120
FINNIFTY02JAN2422350CE.NFO,02/01/2024,11:37:03,0.4,0.35,76000,0.4,45800,0,847120
FINNIFTY02JAN2422350CE.NFO,02/01/2024,11:37:10,0.4,0.35,76000,0.4,44920,0,847120
FINNIFTY02JAN2422350CE.NFO,02/01/2024,11:37:18,0.4,0.35,74720,0.4,45800,0,847120
FINNIFTY02JAN2422350CE.NFO,02/01/2024,11:37:25,0.4,0.35,73840,0.4,45800,0,847120
FINNIFTY02JAN2422350CE.NFO,02/01/2024,11:37:42,0.4,0.35,73880,0.4,45800,0,847120
FINNIFTY02JAN2422350CE.NFO,02/01/2024,11:38:05,0.4,0.35,75400,0.4,37720,0,847120
FINNIFTY02JAN2422350CE.NFO,02/01/2024,11:38:13,0.4,0.35,75320,0.4,44920,0,847120
FINNIFTY02JAN2422350CE.NFO,02/01/2024,11:38:36,0.4,0.35,75320,0.4,45800,0,847120
FINNIFTY02JAN2422350CE.NFO,02/01/2024,11:38:44,0.4,0.35,75320,0.4,46000,0,847120
FINNIFTY02JAN2422350CE.NFO,02/01/2024,11:38:52,0.35,0.35,74160,0.4,46000,280,869440
FINNIFTY02JAN2422350CE.NFO,02/01/2024,11:39:13,0.4,0.35,74160,0.4,45880,120,869440
FINNIFTY02JAN2422350CE.NFO,02/01/2024,11:39:20,0.4,0.35,74160,0.4,45000,0,869440
FINNIFTY02JAN2422350CE.NFO,02/01/2024,11:39:39,0.4,0.35,74160,0.4,45880,0,869440
FINNIFTY02JAN2422350CE.NFO,02/01/2024,11:40:05,0.4,0.35,74160,0.4,45840,40,869440
FINNIFTY02JAN2422350CE.NFO,02/01/2024,11:40:23,0.35,0.35,74120,0.4,45840,40,869440
FINNIFTY02JAN2422350CE.NFO,02/01/2024,11:40:36,0.4,0.35,74120,0.4,45640,200,869440
FINNIFTY02JAN2422350CE.NFO,02/01/2024,11:40:42,0.4,0.35,74120,0.4,45120,520,869440
FINNIFTY02JAN2422350CE.NFO,02/01/2024,11:40:48,0.35,0.35,65320,0.4,45120,7800,869440
FINNIFTY02JAN2422350CE.NFO,02/01/2024,11:40:54,0.35,0.35,58640,0.4,54360,3320,869440
FINNIFTY02JAN2422350CE.NFO,02/01/2024,11:41:01,0.35,0.35,58640,0.4,54360,0,869440
FINNIFTY02JAN2422350CE.NFO,02/01/2024,11:41:08,0.35,0.35,58600,0.4,54360,0,869440
FINNIFTY02JAN2422350CE.NFO,02/01/2024,11:41:15,0.4,0.35,54000,0.4,56120,6120,869440
FINNIFTY02JAN2422350CE.NFO,02/01/2024,11:41:22,0.35,0.35,52240,0.4,57920,1800,869440
FINNIFTY02JAN2422350CE.NFO,02/01/2024,11:41:30,0.35,0.35,48080,0.4,57120,8920,869440
FINNIFTY02JAN2422350CE.NFO,02/01/2024,11:41:39,0.35,0.35,46640,0.4,57120,2520,869440
FINNIFTY02JAN2422350CE.NFO,02/01/2024,11:41:48,0.35,0.35,46640,0.4,57120,3440,886080
FINNIFTY02JAN2422350CE.NFO,02/01/2024,11:41:57,0.4,0.35,47400,0.4,59920,760,886080
FINNIFTY02JAN2422350CE.NFO,02/01/2024,11:42:05,0.4,0.35,47400,0.4,59680,160,886080
FINNIFTY02JAN2422350CE.NFO,02/01/2024,11:42:13,0.35,0.35,45040,0.4,60200,3720,886080
FINNIFTY02JAN2422350CE.NFO,02/01/2024,11:42:21,0.35,0.35,47360,0.4,62200,1480,886080
FINNIFTY02JAN2422350CE.NFO,02/01/2024,11:42:28,0.35,0.35,47200,0.4,62200,160,886080
FINNIFTY02JAN2422350CE.NFO,02/01/2024,11:42:35,0.35,0.35,47160,0.4,62200,40,886080
FINNIFTY02JAN2422350CE.NFO,02/01/2024,11:42:42,0.35,0.35,46800,0.4,62160,400,886080
FINNIFTY02JAN2422350CE.NFO,02/01/2024,11:42:49,0.35,0.35,47600,0.4,61960,1200,886080
FINNIFTY02JAN2422350CE.NFO,02/01/2024,11:42:57,0.35,0.35,47320,0.4,61760,1320,886080
FINNIFTY02JAN2422350CE.NFO,02/01/2024,11:43:04,0.4,0.35,46600,0.4,56200,880,886080
FINNIFTY02JAN2422350CE.NFO,02/01/2024,11:43:11,0.4,0.35,46600,0.4,58160,200,886080
FINNIFTY02JAN2422350CE.NFO,02/01/2024,11:43:18,0.4,0.35,46480,0.4,58360,320,886080
FINNIFTY02JAN2422350CE.NFO,02/01/2024,11:43:24,0.4,0.35,46480,0.4,58360,160,886080
FINNIFTY02JAN2422350CE.NFO,02/01/2024,11:43:31,0.4,0.35,47080,0.4,60680,160,886080
FINNIFTY02JAN2422350CE.NFO,02/01/2024,11:43:39,0.4,0.35,47680,0.4,69000,120,886080
FINNIFTY02JAN2422350CE.NFO,02/01/2024,11:43:46,0.4,0.35,47680,0.4,73400,3680,886080
FINNIFTY02JAN2422350CE.NFO,02/01/2024,11:43:54,0.4,0.35,47680,0.4,82160,920,886080
FINNIFTY02JAN2422350CE.NFO,02/01/2024,11:44:02,0.35,0.35,47520,0.4,83480,240,886080
FINNIFTY02JAN2422350CE.NFO,02/01/2024,11:44:10,0.35,0.35,50800,0.4,69600,3440,886080
FINNIFTY02JAN2422350CE.NFO,02/01/2024,11:44:16,0.35,0.35,51080,0.4,65360,4240,886080
FINNIFTY02JAN2422350CE.NFO,02/01/2024,11:44:23,0.35,0.35,51200,0.4,62000,3360,886080
FINNIFTY02JAN2422350CE.NFO,02/01/2024,11:44:30,0.35,0.35,51800,0.4,59200,2880,886080
FINNIFTY02JAN2422350CE.NFO,02/01/2024,11:44:38,0.35,0.35,52080,0.4,57280,1920,886080
FINNIFTY02JAN2422350CE.NFO,02/01/2024,11:44:51,0.35,0.35,52080,0.4,57280,0,886080
FINNIFTY02JAN2422350CE.NFO,02/01/2024,11:45:04,0.35,0.35,51480,0.4,58800,0,886080
FINNIFTY02JAN2422350CE.NFO,02/01/2024,11:45:52,0.35,0.35,50600,0.4,60080,0,886080
FINNIFTY02JAN2422350CE.NFO,02/01/2024,11:46:51,0.35,0.35,47520,0.4,56000,1280,879600
FINNIFTY02JAN2422350CE.NFO,02/01/2024,11:46:58,0.35,0.35,47000,0.4,56000,520,879600
FINNIFTY02JAN2422350CE.NFO,02/01/2024,11:47:12,0.35,0.35,47000,0.4,63200,0,879600
FINNIFTY02JAN2422350CE.NFO,02/01/2024,11:47:19,0.35,0.35,46640,0.4,61400,1800,879600
FINNIFTY02JAN2422350CE.NFO,02/01/2024,11:48:17,0.35,0.35,46640,0.4,61400,0,879600
FINNIFTY02JAN2422350CE.NFO,02/01/2024,11:48:23,0.35,0.35,46800,0.4,61480,1000,881400
FINNIFTY02JAN2422350CE.NFO,02/01/2024,11:48:50,0.35,0.35,46800,0.4,61480,0,881400
FINNIFTY02JAN2422350CE.NFO,02/01/2024,11:48:56,0.4,0.35,46800,0.4,62440,400,881400
FINNIFTY02JAN2422350CE.NFO,02/01/2024,11:49:07,0.35,0.35,46560,0.4,62440,240,881400
FINNIFTY02JAN2422350CE.NFO,02/01/2024,11:49:13,0.35,0.35,46160,0.4,62440,400,881400
FINNIFTY02JAN2422350CE.NFO,02/01/2024,11:49:46,0.35,0.35,46120,0.4,62440,40,881400
FINNIFTY02JAN2422350CE.NFO,02/01/2024,11:50:36,0.4,0.35,46120,0.4,62400,40,881400
FINNIFTY02JAN2422350CE.NFO,02/01/2024,11:52:17,0.4,0.35,46160,0.4,62440,0,881400
FINNIFTY02JAN2422350CE.NFO,02/01/2024,11:53:07,0.35,0.35,46480,0.4,62440,240,882040
FINNIFTY02JAN2422350CE.NFO,02/01/2024,11:53:15,0.35,0.35,45040,0.4,64560,1440,882040
FINNIFTY02JAN2422350CE.NFO,02/01/2024,11:54:48,0.35,0.35,45040,0.4,64560,0,882040
FINNIFTY02JAN2422350CE.NFO,02/01/2024,11:56:17,0.35,0.35,44960,0.4,64560,80,883160
FINNIFTY02JAN2422350CE.NFO,02/01/2024,11:57:06,0.35,0.35,44760,0.4,64560,200,883240
FINNIFTY02JAN2422350CE.NFO,02/01/2024,11:57:12,0.35,0.35,44760,0.4,64560,0,883240
FINNIFTY02JAN2422350CE.NFO,02/01/2024,11:57:44,0.4,0.35,44760,0.4,64480,80,883240
FINNIFTY02JAN2422350CE.NFO,02/01/2024,11:57:50,0.4,0.35,44720,0.4,64480,0,883240
FINNIFTY02JAN2422350CE.NFO,02/01/2024,11:57:57,0.4,0.35,44680,0.4,64480,0,883240
FINNIFTY02JAN2422350CE.NFO,02/01/2024,11:58:23,0.35,0.35,44600,0.4,64560,80,883240
FINNIFTY02JAN2422350CE.NFO,02/01/2024,11:58:30,0.35,0.35,44280,0.4,64560,320,883240
FINNIFTY02JAN2422350CE.NFO,02/01/2024,11:58:37,0.35,0.35,44120,0.4,67800,160,883240
FINNIFTY02JAN2422350CE.NFO,02/01/2024,11:58:42,0.35,0.35,44000,0.4,67720,120,883240
FINNIFTY02JAN2422350CE.NFO,02/01/2024,11:58:48,0.35,0.35,44800,0.4,67720,80,883240
FINNIFTY02JAN2422350CE.NFO,02/01/2024,11:58:54,0.35,0.35,44640,0.4,67720,160,883240
FINNIFTY02JAN2422350CE.NFO,02/01/2024,11:58:59,0.35,0.35,44560,0.4,67720,80,883240
FINNIFTY02JAN2422350CE.NFO,02/01/2024,11:59:05,0.35,0.35,43560,0.4,67720,120,883240
FINNIFTY02JAN2422350CE.NFO,02/01/2024,11:59:11,0.35,0.35,39480,0.4,67760,4080,883240
FINNIFTY02JAN2422350CE.NFO,02/01/2024,11:59:17,0.35,0.35,39400,0.4,67880,80,883240
FINNIFTY02JAN2422350CE.NFO,02/01/2024,11:59:22,0.35,0.35,39320,0.4,67760,80,883240
FINNIFTY02JAN2422350CE.NFO,02/01/2024,11:59:28,0.35,0.35,39080,0.4,67800,240,883240
FINNIFTY02JAN2422350CE.NFO,02/01/2024,11:59:33,0.35,0.35,39000,0.4,67760,80,883240
FINNIFTY02JAN2422350CE.NFO,02/01/2024,11:59:39,0.35,0.35,35560,0.4,67760,4160,883240
FINNIFTY02JAN2422350CE.NFO,02/01/2024,11:59:45,0.35,0.35,35520,0.4,67760,40,883240
FINNIFTY02JAN2422350CE.NFO,02/01/2024,11:59:51,0.35,0.35,35440,0.4,67840,80,882800
FINNIFTY02JAN2422350CE.NFO,02/01/2024,11:59:56,0.35,0.35,36320,0.4,66880,0,882800
FINNIFTY02JAN2422350CE.NFO,02/01/2024,12:00:02,0.4,0.35,35440,0.4,67800,40,882800
FINNIFTY02JAN2422350CE.NFO,02/01/2024,12:00:24,0.4,0.35,36320,0.4,67800,0,882800
FINNIFTY02JAN2422350CE.NFO,02/01/2024,12:00:31,0.35,0.35,33440,0.4,66360,4000,882800
FINNIFTY02JAN2422350CE.NFO,02/01/2024,12:00:37,0.35,0.35,32560,0.4,66360,0,882800
FINNIFTY02JAN2422350CE.NFO,02/01/2024,12:00:43,0.35,0.35,32480,0.4,66280,80,882800
FINNIFTY02JAN2422350CE.NFO,02/01/2024,12:00:50,0.35,0.35,32160,0.4,66280,320,882800
FINNIFTY02JAN2422350CE.NFO,02/01/2024,12:00:58,0.35,0.35,31240,0.4,65360,1080,882800
FINNIFTY02JAN2422350CE.NFO,02/01/2024,12:01:05,0.35,0.35,31160,0.4,65360,80,882800
FINNIFTY02JAN2422350CE.NFO,02/01/2024,12:01:12,0.35,0.35,31080,0.4,65280,80,882800
FINNIFTY02JAN2422350CE.NFO,02/01/2024,12:01:18,0.3,0.3,58520,0.35,68840,34080,882800
FINNIFTY02JAN2422350CE.NFO,02/01/2024,12:01:25,0.3,0.3,58360,0.35,68840,160,882800
FINNIFTY02JAN2422350CE.NFO,02/01/2024,12:01:31,0.3,0.3,58520,0.35,68840,120,882800
FINNIFTY02JAN2422350CE.NFO,02/01/2024,12:01:38,0.3,0.3,58360,0.35,68840,160,882800
FINNIFTY02JAN2422350CE.NFO,02/01/2024,12:01:44,0.3,0.3,58320,0.35,68840,40,882800
FINNIFTY02JAN2422350CE.NFO,02/01/2024,12:01:50,0.3,0.3,58280,0.35,68840,40,882800
FINNIFTY02JAN2422350CE.NFO,02/01/2024,12:01:56,0.3,0.3,58240,0.35,68840,40,882800
FINNIFTY02JAN2422350CE.NFO,02/01/2024,12:02:02,0.3,0.3,58160,0.35,68840,80,882800
FINNIFTY02JAN2422350CE.NFO,02/01/2024,12:02:14,0.3,0.3,59400,0.35,68840,0,882800
FINNIFTY02JAN2422350CE.NFO,02/01/2024,12:02:49,0.3,0.3,56920,0.35,68840,80,869600
FINNIFTY02JAN2422350CE.NFO,02/01/2024,12:03:00,0.3,0.3,56880,0.35,69760,560,869600
FINNIFTY02JAN2422350CE.NFO,02/01/2024,12:03:07,0.3,0.3,58040,0.35,69760,40,869600
FINNIFTY02JAN2422350CE.NFO,02/01/2024,12:03:19,0.3,0.3,58000,0.35,69760,40,869600
FINNIFTY02JAN2422350CE.NFO,02/01/2024,12:03:25,0.3,0.3,57960,0.35,69760,40,869600
FINNIFTY02JAN2422350CE.NFO,02/01/2024,12:03:32,0.3,0.3,57920,0.35,69760,40,869600
FINNIFTY02JAN2422350CE.NFO,02/01/2024,12:03:37,0.3,0.3,57920,0.35,72440,0,869600
FINNIFTY02JAN2422350CE.NFO,02/01/2024,12:03:58,0.3,0.3,57920,0.35,71560,0,869600
FINNIFTY02JAN2422350CE.NFO,02/01/2024,12:04:04,0.3,0.3,57920,0.35,71960,0,869600
FINNIFTY02JAN2422350CE.NFO,02/01/2024,12:04:10,0.35,0.3,57920,0.35,71640,320,869600
FINNIFTY02JAN2422350CE.NFO,02/01/2024,12:04:16,0.35,0.3,57040,0.35,72520,0,869600
FINNIFTY02JAN2422350CE.NFO,02/01/2024,12:04:24,0.3,0.3,57880,0.35,71760,40,869600
FINNIFTY02JAN2422350CE.NFO,02/01/2024,12:04:32,0.3,0.3,57680,0.35,71760,200,869600
FINNIFTY02JAN2422350CE.NFO,02/01/2024,12:04:38,0.3,0.3,61560,0.35,71640,120,869600
FINNIFTY02JAN2422350CE.NFO,02/01/2024,12:04:45,0.35,0.3,60680,0.35,73160,800,869600
FINNIFTY02JAN2422350CE.NFO,02/01/2024,12:04:51,0.3,0.3,59040,0.35,72360,3040,869600
FINNIFTY02JAN2422350CE.NFO,02/01/2024,12:04:57,0.3,0.3,57160,0.35,72360,1840,869600
FINNIFTY02JAN2422350CE.NFO,02/01/2024,12:05:03,0.3,0.3,55880,0.35,72360,1280,869600
FINNIFTY02JAN2422350CE.NFO,02/01/2024,12:05:10,0.3,0.3,65800,0.35,72360,80,869600
FINNIFTY02JAN2422350CE.NFO,02/01/2024,12:05:16,0.3,0.3,63480,0.35,72360,2320,869600
FINNIFTY02JAN2422350CE.NFO,02/01/2024,12:05:24,0.35,0.3,58360,0.35,69840,14680,869600
FINNIFTY02JAN2422350CE.NFO,02/01/2024,12:05:30,0.35,0.3,58360,0.35,79960,0,869600
FINNIFTY02JAN2422350CE.NFO,02/01/2024,12:05:37,0.35,0.3,58800,0.35,82320,7200,869600
FINNIFTY02JAN2422350CE.NFO,02/01/2024,12:05:54,0.35,0.3,63400,0.35,86960,7200,868960
FINNIFTY02JAN2422350CE.NFO,02/01/2024,12:06:00,0.35,0.3,63400,0.35,86960,0,868960
FINNIFTY02JAN2422350CE.NFO,02/01/2024,12:06:06,0.3,0.3,62520,0.35,85880,2680,868960
FINNIFTY02JAN2422350CE.NFO,02/01/2024,12:06:11,0.35,0.3,62280,0.35,83320,7440,868960
FINNIFTY02JAN2422350CE.NFO,02/01/2024,12:06:27,0.35,0.3,63160,0.35,83480,0,868960
FINNIFTY02JAN2422350CE.NFO,02/01/2024,12:06:33,0.3,0.3,62960,0.35,83320,200,868960
FINNIFTY02JAN2422350CE.NFO,02/01/2024,12:06:38,0.3,0.3,62960,0.35,83400,0,868960
FINNIFTY02JAN2422350CE.NFO,02/01/2024,12:06:44,0.3,0.3,62960,0.35,83320,0,868960
FINNIFTY02JAN2422350CE.NFO,02/01/2024,12:06:49,0.3,0.3,61920,0.35,82360,1040,868960
FINNIFTY02JAN2422350CE.NFO,02/01/2024,12:06:55,0.3,0.3,61920,0.35,85960,0,868960
FINNIFTY02JAN2422350CE.NFO,02/01/2024,12:07:06,0.35,0.3,57440,0.35,85920,40,868960
FINNIFTY02JAN2422350CE.NFO,02/01/2024,12:07:12,0.3,0.3,53240,0.35,83520,4200,868960
FINNIFTY02JAN2422350CE.NFO,02/01/2024,12:07:18,0.3,0.3,51720,0.35,82000,1520,868960
FINNIFTY02JAN2422350CE.NFO,02/01/2024,12:07:24,0.3,0.3,50120,0.35,81600,1600,868960
FINNIFTY02JAN2422350CE.NFO,02/01/2024,12:07:30,0.3,0.3,50120,0.35,81800,0,868960
FINNIFTY02JAN2422350CE.NFO,02/01/2024,12:07:36,0.3,0.3,51120,0.35,81800,0,868960
FINNIFTY02JAN2422350CE.NFO,02/01/2024,12:07:49,0.3,0.3,51120,0.35,78200,0,868960
FINNIFTY02JAN2422350CE.NFO,02/01/2024,12:07:57,0.3,0.3,50720,0.35,82200,400,868960
FINNIFTY02JAN2422350CE.NFO,02/01/2024,12:08:09,0.3,0.3,50760,0.35,82200,0,868960
FINNIFTY02JAN2422350CE.NFO,02/01/2024,12:08:50,0.3,0.3,48960,0.35,82200,0,868960
FINNIFTY02JAN2422350CE.NFO,02/01/2024,12:09:09,0.3,0.3,50760,0.35,82200,0,868960
FINNIFTY02JAN2422350CE.NFO,02/01/2024,12:09:28,0.3,0.3,50240,0.35,82200,0,868960
FINNIFTY02JAN2422350CE.NFO,02/01/2024,12:09:35,0.3,0.3,49920,0.35,82200,0,868960
FINNIFTY02JAN2422350CE.NFO,02/01/2024,12:09:47,0.3,0.3,48120,0.35,78600,0,868960
FINNIFTY02JAN2422350CE.NFO,02/01/2024,12:09:54,0.3,0.3,48280,0.35,82200,0,868960
FINNIFTY02JAN2422350CE.NFO,02/01/2024,12:10:01,0.3,0.3,48200,0.35,82120,160,873760
FINNIFTY02JAN2422350CE.NFO,02/01/2024,12:10:10,0.3,0.3,48200,0.35,80560,0,873760
FINNIFTY02JAN2422350CE.NFO,02/01/2024,12:10:26,0.3,0.3,48120,0.35,82160,80,873760
FINNIFTY02JAN2422350CE.NFO,02/01/2024,12:10:34,0.3,0.3,48120,0.35,82120,0,873760
FINNIFTY02JAN2422350CE.NFO,02/01/2024,12:10:48,0.3,0.3,46320,0.35,82520,0,873760
FINNIFTY02JAN2422350CE.NFO,02/01/2024,12:10:55,0.3,0.3,46320,0.35,82120,0,873760
FINNIFTY02JAN2422350CE.NFO,02/01/2024,12:11:10,0.3,0.3,47640,0.35,82120,480,873760
FINNIFTY02JAN2422350CE.NFO,02/01/2024,12:11:17,0.35,0.3,46760,0.35,77280,7200,873760
FINNIFTY02JAN2422350CE.NFO,02/01/2024,12:11:24,0.35,0.3,46760,0.35,77520,0,873760
FINNIFTY02JAN2422350CE.NFO,02/01/2024,12:11:31,0.35,0.3,48560,0.35,77360,0,873760
FINNIFTY02JAN2422350CE.NFO,02/01/2024,12:11:38,0.35,0.3,46800,0.35,77360,0,873760
FINNIFTY02JAN2422350CE.NFO,02/01/2024,12:11:53,0.35,0.3,46800,0.35,77520,0,873760
FINNIFTY02JAN2422350CE.NFO,02/01/2024,12:12:06,0.35,0.3,46760,0.35,77520,0,873760
FINNIFTY02JAN2422350CE.NFO,02/01/2024,12:12:13,0.35,0.3,46800,0.35,77520,0,873760
FINNIFTY02JAN2422350CE.NFO,02/01/2024,12:13:05,0.35,0.3,49400,0.35,76120,6800,879440
FINNIFTY02JAN2422350CE.NFO,02/01/2024,12:14:12,0.35,0.3,48400,0.35,76240,0,879440
FINNIFTY02JAN2422350CE.NFO,02/01/2024,12:14:19,0.35,0.3,34360,0.35,76240,0,879440
FINNIFTY02JAN2422350CE.NFO,02/01/2024,12:14:31,0.35,0.3,34400,0.35,76120,0,879440
FINNIFTY02JAN2422350CE.NFO,02/01/2024,12:14:38,0.35,0.3,34400,0.35,72520,0,879440
FINNIFTY02JAN2422350CE.NFO,02/01/2024,12:14:44,0.35,0.3,32600,0.35,72480,0,879440
FINNIFTY02JAN2422350CE.NFO,02/01/2024,12:14:50,0.3,0.3,36880,0.35,73080,3600,877640
FINNIFTY02JAN2422350CE.NFO,02/01/2024,12:14:56,0.3,0.3,36880,0.35,73240,0,877640
FINNIFTY02JAN2422350CE.NFO,02/01/2024,12:15:02,0.3,0.3,36920,0.35,73240,0,877640
FINNIFTY02JAN2422350CE.NFO,02/01/2024,12:15:14,0.3,0.3,36880,0.35,73240,0,877640
FINNIFTY02JAN2422350CE.NFO,02/01/2024,12:15:20,0.3,0.3,46000,0.35,74640,12320,877640
FINNIFTY02JAN2422350CE.NFO,02/01/2024,12:15:26,0.3,0.3,19200,0.35,53720,6440,877640
FINNIFTY02JAN2422350CE.NFO,02/01/2024,12:15:33,0.3,0.3,17960,0.35,53840,1200,877640
FINNIFTY02JAN2422350CE.NFO,02/01/2024,12:15:40,0.3,0.3,16320,0.35,53720,1640,877640
FINNIFTY02JAN2422350CE.NFO,02/01/2024,12:15:48,0.3,0.25,128600,0.3,42400,15800,877640
FINNIFTY02JAN2422350CE.NFO,02/01/2024,12:15:55,0.3,0.25,129080,0.3,42520,40,877640
FINNIFTY02JAN2422350CE.NFO,02/01/2024,12:16:01,0.3,0.25,129080,0.3,42520,0,877640
FINNIFTY02JAN2422350CE.NFO,02/01/2024,12:16:09,0.3,0.25,129080,0.3,41960,560,877640
FINNIFTY02JAN2422350CE.NFO,02/01/2024,12:16:16,0.3,0.25,129080,0.3,41960,0,877640
FINNIFTY02JAN2422350CE.NFO,02/01/2024,12:16:30,0.3,0.25,129360,0.3,36560,5400,877640
FINNIFTY02JAN2422350CE.NFO,02/01/2024,12:16:37,0.3,0.25,129280,0.3,41040,0,877640
FINNIFTY02JAN2422350CE.NFO,02/01/2024,12:16:51,0.3,0.25,129280,0.3,40160,0,877640
FINNIFTY02JAN2422350CE.NFO,02/01/2024,12:17:06,0.25,0.25,126240,0.3,39240,360,877640
FINNIFTY02JAN2422350CE.NFO,02/01/2024,12:17:06,0.25,0.25,126240,0.3,39240,0,877640
FINNIFTY02JAN2422350CE.NFO,02/01/2024,12:17:15,0.25,0.25,126240,0.3,39600,880,877640
FINNIFTY02JAN2422350CE.NFO,02/01/2024,12:17:24,0.25,0.25,126240,0.3,40200,0,877640
FINNIFTY02JAN2422350CE.NFO,02/01/2024,12:17:32,0.3,0.25,126240,0.3,40480,1520,877640
FINNIFTY02JAN2422350CE.NFO,02/01/2024,12:17:41,0.25,0.25,126200,0.3,40480,40,877640
FINNIFTY02JAN2422350CE.NFO,02/01/2024,12:17:49,0.3,0.25,125240,0.3,33960,13200,877640
FINNIFTY02JAN2422350CE.NFO,02/01/2024,12:17:56,0.3,0.25,125640,0.3,35760,0,877640
FINNIFTY02JAN2422350CE.NFO,02/01/2024,12:18:04,0.3,0.25,130400,0.3,32200,7200,877960
FINNIFTY02JAN2422350CE.NFO,02/01/2024,12:18:12,0.3,0.25,130480,0.3,25360,5560,877960
FINNIFTY02JAN2422350CE.NFO,02/01/2024,12:18:19,0.3,0.25,131240,0.3,29920,0,877960
FINNIFTY02JAN2422350CE.NFO,02/01/2024,12:18:26,0.25,0.25,133000,0.3,29920,40,877960
FINNIFTY02JAN2422350CE.NFO,02/01/2024,12:18:42,0.25,0.25,131000,0.3,29800,200,877960
FINNIFTY02JAN2422350CE.NFO,02/01/2024,12:18:49,0.25,0.25,131000,0.3,29840,0,877960
FINNIFTY02JAN2422350CE.NFO,02/01/2024,12:18:57,0.25,0.25,131000,0.3,30000,0,877960
FINNIFTY02JAN2422350CE.NFO,02/01/2024,12:19:04,0.25,0.25,130120,0.3,30000,0,877960
FINNIFTY02JAN2422350CE.NFO,02/01/2024,12:19:12,0.25,0.25,131000,0.3,30000,0,877960
FINNIFTY02JAN2422350CE.NFO,02/01/2024,12:19:19,0.25,0.25,130120,0.3,30000,0,877960
FINNIFTY02JAN2422350CE.NFO,02/01/2024,12:19:44,0.25,0.25,130080,0.3,30880,0,877960
FINNIFTY02JAN2422350CE.NFO,02/01/2024,12:19:51,0.3,0.25,130080,0.3,27080,200,877960
FINNIFTY02JAN2422350CE.NFO,02/01/2024,12:19:59,0.25,0.25,130000,0.3,30680,80,877960
FINNIFTY02JAN2422350CE.NFO,02/01/2024,12:20:34,0.25,0.25,130000,0.3,29880,0,877960
FINNIFTY02JAN2422350CE.NFO,02/01/2024,12:20:40,0.3,0.25,130960,0.3,25400,1480,877960
FINNIFTY02JAN2422350CE.NFO,02/01/2024,12:20:47,0.3,0.25,130960,0.3,28840,0,877960
FINNIFTY02JAN2422350CE.NFO,02/01/2024,12:20:53,0.3,0.25,131840,0.3,28840,0,877960
FINNIFTY02JAN2422350CE.NFO,02/01/2024,12:21:28,0.25,0.25,131800,0.3,28840,40,874920
FINNIFTY02JAN2422350CE.NFO,02/01/2024,12:21:35,0.25,0.25,83800,0.3,28840,0,874920
FINNIFTY02JAN2422350CE.NFO,02/01/2024,12:21:50,0.25,0.25,83800,0.3,28880,0,874920
FINNIFTY02JAN2422350CE.NFO,02/01/2024,12:22:11,0.3,0.25,83800,0.3,28800,80,874920
FINNIFTY02JAN2422350CE.NFO,02/01/2024,12:23:06,0.3,0.25,84200,0.3,28800,0,874920
FINNIFTY02JAN2422350CE.NFO,02/01/2024,12:23:13,0.3,0.25,84200,0.3,28200,0,874920
FINNIFTY02JAN2422350CE.NFO,02/01/2024,12:23:57,0.3,0.25,98600,0.3,44400,0,874920
FINNIFTY02JAN2422350CE.NFO,02/01/2024,12:24:03,0.35,0.3,29880,0.35,39920,37120,874920
FINNIFTY02JAN2422350CE.NFO,02/01/2024,12:24:10,0.35,0.3,29880,0.35,36120,3840,874920
FINNIFTY02JAN2422350CE.NFO,02/01/2024,12:24:16,0.35,0.3,42600,0.35,44880,0,874920
FINNIFTY02JAN2422350CE.NFO,02/01/2024,12:24:23,0.35,0.3,42600,0.35,44720,40,874920
FINNIFTY02JAN2422350CE.NFO,02/01/2024,12:24:35,0.35,0.3,42800,0.35,44720,0,874920
FINNIFTY02JAN2422350CE.NFO,02/01/2024,12:25:00,0.35,0.3,42800,0.35,44520,200,874920
FINNIFTY02JAN2422350CE.NFO,02/01/2024,12:25:19,0.35,0.3,42800,0.35,44520,0,874920
FINNIFTY02JAN2422350CE.NFO,02/01/2024,12:25:33,0.35,0.3,42400,0.35,43600,1320,874920
FINNIFTY02JAN2422350CE.NFO,02/01/2024,12:26:37,0.35,0.3,41400,0.35,43760,1800,874920
FINNIFTY02JAN2422350CE.NFO,02/01/2024,12:26:48,0.35,0.3,41400,0.35,43760,0,874920
FINNIFTY02JAN2422350CE.NFO,02/01/2024,12:27:00,0.35,0.3,41400,0.35,44680,0,874920
FINNIFTY02JAN2422350CE.NFO,02/01/2024,12:27:18,0.35,0.3,39600,0.35,43280,3200,882560
FINNIFTY02JAN2422350CE.NFO,02/01/2024,12:27:24,0.35,0.3,39240,0.35,43840,3120,882560
FINNIFTY02JAN2422350CE.NFO,02/01/2024,12:27:31,0.35,0.3,39120,0.35,47240,320,882560
FINNIFTY02JAN2422350CE.NFO,02/01/2024,12:27:49,0.35,0.3,38920,0.35,47080,160,882560
FINNIFTY02JAN2422350CE.NFO,02/01/2024,12:27:56,0.3,0.3,38800,0.35,47480,320,882560
FINNIFTY02JAN2422350CE.NFO,02/01/2024,12:28:03,0.35,0.3,40280,0.35,43960,8000,882560
FINNIFTY02JAN2422350CE.NFO,02/01/2024,12:28:08,0.35,0.3,36200,0.35,48960,5320,882560
FINNIFTY02JAN2422350CE.NFO,02/01/2024,12:28:29,0.35,0.3,36200,0.35,48920,200,882560
FINNIFTY02JAN2422350CE.NFO,02/01/2024,12:28:35,0.35,0.3,38000,0.35,49520,800,882560
FINNIFTY02JAN2422350CE.NFO,02/01/2024,12:28:41,0.35,0.3,38080,0.35,54240,400,882560
FINNIFTY02JAN2422350CE.NFO,02/01/2024,12:28:59,0.35,0.3,38080,0.35,52840,400,882560
FINNIFTY02JAN2422350CE.NFO,02/01/2024,12:29:05,0.35,0.3,38080,0.35,52840,0,882560
FINNIFTY02JAN2422350CE.NFO,02/01/2024,12:29:12,0.3,0.3,12320,0.35,52840,27200,882560
FINNIFTY02JAN2422350CE.NFO,02/01/2024,12:29:19,0.35,0.3,12200,0.35,52440,520,882560
FINNIFTY02JAN2422350CE.NFO,02/01/2024,12:29:25,0.3,0.3,12160,0.35,52440,40,882560
FINNIFTY02JAN2422350CE.NFO,02/01/2024,12:29:37,0.35,0.3,1080,0.35,53280,15600,882560
FINNIFTY02JAN2422350CE.NFO,02/01/2024,12:29:43,0.3,0.25,85360,0.3,26480,3680,882560
FINNIFTY02JAN2422350CE.NFO,02/01/2024,12:29:49,0.3,0.25,85320,0.3,30560,1200,927080
FINNIFTY02JAN2422350CE.NFO,02/01/2024,12:29:55,0.3,0.25,85840,0.3,30360,200,927080
FINNIFTY02JAN2422350CE.NFO,02/01/2024,12:30:01,0.3,0.25,87320,0.3,29520,840,927080
FINNIFTY02JAN2422350CE.NFO,02/01/2024,12:30:07,0.3,0.25,87400,0.3,29920,1400,927080
FINNIFTY02JAN2422350CE.NFO,02/01/2024,12:30:13,0.3,0.25,88040,0.3,30320,1400,927080
FINNIFTY02JAN2422350CE.NFO,02/01/2024,12:30:18,0.3,0.25,88040,0.3,28920,1400,927080
FINNIFTY02JAN2422350CE.NFO,02/01/2024,12:30:25,0.3,0.25,88120,0.3,29720,1000,927080
FINNIFTY02JAN2422350CE.NFO,02/01/2024,12:30:31,0.3,0.25,88040,0.3,29720,0,927080
FINNIFTY02JAN2422350CE.NFO,02/01/2024,12:30:48,0.3,0.25,88040,0.3,37880,0,927080
FINNIFTY02JAN2422350CE.NFO,02/01/2024,12:31:32,0.3,0.25,86240,0.3,37640,240,927080
FINNIFTY02JAN2422350CE.NFO,02/01/2024,12:31:49,0.3,0.25,86240,0.3,37640,0,927080
FINNIFTY02JAN2422350CE.NFO,02/01/2024,12:32:30,0.3,0.25,86760,0.3,37440,200,927080
FINNIFTY02JAN2422350CE.NFO,02/01/2024,12:32:52,0.3,0.25,86280,0.3,37080,720,927080
FINNIFTY02JAN2422350CE.NFO,02/01/2024,12:33:09,0.3,0.25,86280,0.3,38320,200,926520
FINNIFTY02JAN2422350CE.NFO,02/01/2024,12:33:15,0.3,0.25,86280,0.3,38280,40,926520
FINNIFTY02JAN2422350CE.NFO,02/01/2024,12:33:21,0.3,0.25,86280,0.3,38960,200,926520
FINNIFTY02JAN2422350CE.NFO,02/01/2024,12:33:26,0.3,0.25,86280,0.3,37880,200,926520
FINNIFTY02JAN2422350CE.NFO,02/01/2024,12:33:56,0.3,0.25,86280,0.3,37480,400,926520
FINNIFTY02JAN2422350CE.NFO,02/01/2024,12:34:02,0.3,0.25,86280,0.3,37080,400,926520
FINNIFTY02JAN2422350CE.NFO,02/01/2024,12:34:14,0.3,0.25,86360,0.3,36680,400,926520
FINNIFTY02JAN2422350CE.NFO,02/01/2024,12:34:20,0.3,0.25,86360,0.3,36080,600,926520
FINNIFTY02JAN2422350CE.NFO,02/01/2024,12:34:26,0.25,0.25,78760,0.3,37680,7800,926520
FINNIFTY02JAN2422350CE.NFO,02/01/2024,12:34:32,0.3,0.25,78760,0.3,46080,600,926520
FINNIFTY02JAN2422350CE.NFO,02/01/2024,12:34:43,0.3,0.25,78760,0.3,46040,200,926520
FINNIFTY02JAN2422350CE.NFO,02/01/2024,12:34:51,0.25,0.25,78760,0.3,47840,80,926520
FINNIFTY02JAN2422350CE.NFO,02/01/2024,12:35:04,0.3,0.25,62680,0.3,44440,3400,926520
FINNIFTY02JAN2422350CE.NFO,02/01/2024,12:35:11,0.3,0.25,62600,0.3,47360,1400,926520
FINNIFTY02JAN2422350CE.NFO,02/01/2024,12:35:31,0.3,0.25,98720,0.3,47360,0,926520
FINNIFTY02JAN2422350CE.NFO,02/01/2024,12:35:37,0.3,0.25,100520,0.3,47360,0,926520
FINNIFTY02JAN2422350CE.NFO,02/01/2024,12:35:51,0.3,0.25,101000,0.3,47360,0,926520
FINNIFTY02JAN2422350CE.NFO,02/01/2024,12:35:58,0.3,0.25,102440,0.3,47360,0,926520
FINNIFTY02JAN2422350CE.NFO,02/01/2024,12:36:17,0.3,0.25,102560,0.3,47360,0,926520
FINNIFTY02JAN2422350CE.NFO,02/01/2024,12:36:23,0.3,0.25,97040,0.3,48360,4400,924200
FINNIFTY02JAN2422350CE.NFO,02/01/2024,12:36:29,0.3,0.25,84440,0.3,67240,14600,924200
FINNIFTY02JAN2422350CE.NFO,02/01/2024,12:36:36,0.3,0.25,70960,0.3,82840,15000,924200
FINNIFTY02JAN2422350CE.NFO,02/01/2024,12:36:43,0.3,0.25,16360,0.3,101040,20200,924200
FINNIFTY02JAN2422350CE.NFO,02/01/2024,12:36:50,0.25,0.25,18320,0.3,48600,44920,924200
FINNIFTY02JAN2422350CE.NFO,02/01/2024,12:36:56,0.25,0.25,19400,0.3,58880,24040,924200
FINNIFTY02JAN2422350CE.NFO,02/01/2024,12:37:02,0.25,0.25,49440,0.3,67440,13400,924200
FINNIFTY02JAN2422350CE.NFO,02/01/2024,12:37:09,0.3,0.25,17680,0.3,86920,15200,924200
FINNIFTY02JAN2422350CE.NFO,02/01/2024,12:37:15,0.2,0.2,130160,0.3,63440,50840,924200
FINNIFTY02JAN2422350CE.NFO,02/01/2024,12:37:15,0.2,0.2,130160,0.3,63440,0,924200
FINNIFTY02JAN2422350CE.NFO,02/01/2024,12:37:22,0.3,0.2,122960,0.3,66320,39480,924200
FINNIFTY02JAN2422350CE.NFO,02/01/2024,12:37:28,0.25,0.25,12200,0.3,64320,33200,924200
FINNIFTY02JAN2422350CE.NFO,02/01/2024,12:37:31,0.3,0.25,38960,0.3,62520,9000,924200
FINNIFTY02JAN2422350CE.NFO,02/01/2024,12:37:33,0.25,0.25,47800,0.3,61720,4400,924200
FINNIFTY02JAN2422350CE.NFO,02/01/2024,12:37:34,0.3,0.25,47400,0.3,59200,3960,924200
FINNIFTY02JAN2422350CE.NFO,02/01/2024,12:37:36,0.3,0.25,46080,0.3,60560,2200,924200
FINNIFTY02JAN2422350CE.NFO,02/01/2024,12:37:37,0.3,0.25,40080,0.3,61560,4400,924200
FINNIFTY02JAN2422350CE.NFO,02/01/2024,12:37:39,0.3,0.25,32640,0.3,70280,4800,924200
FINNIFTY02JAN2422350CE.NFO,02/01/2024,12:37:41,0.3,0.25,25800,0.3,73280,4200,924200
FINNIFTY02JAN2422350CE.NFO,02/01/2024,12:37:42,0.25,0.25,21720,0.3,77800,4000,924200
FINNIFTY02JAN2422350CE.NFO,02/01/2024,12:37:44,0.3,0.25,18960,0.3,77400,2200,924200
FINNIFTY02JAN2422350CE.NFO,02/01/2024,12:37:46,0.3,0.25,15360,0.3,77000,4000,924200
FINNIFTY02JAN2422350CE.NFO,02/01/2024,12:37:47,0.3,0.25,13560,0.3,76800,2000,924200
FINNIFTY02JAN2422350CE.NFO,02/01/2024,12:37:49,0.3,0.25,13000,0.3,76040,4000,924200
FINNIFTY02JAN2422350CE.NFO,02/01/2024,12:37:51,0.3,0.25,11200,0.3,75840,2000,924200
FINNIFTY02JAN2422350CE.NFO,02/01/2024,12:37:52,0.3,0.25,9400,0.3,75640,2000,924200
FINNIFTY02JAN2422350CE.NFO,02/01/2024,12:37:54,0.3,0.25,7520,0.3,75800,2000,924200
FINNIFTY02JAN2422350CE.NFO,02/01/2024,12:37:55,0.3,0.25,3920,0.3,75040,4000,924200
FINNIFTY02JAN2422350CE.NFO,02/01/2024,12:37:57,0.25,0.2,191600,0.3,74840,5520,924200
FINNIFTY02JAN2422350CE.NFO,02/01/2024,12:37:59,0.3,0.2,189800,0.3,74640,2000,924200
FINNIFTY02JAN2422350CE.NFO,02/01/2024,12:38:00,0.3,0.25,14760,0.3,74440,200,924200
FINNIFTY02JAN2422350CE.NFO,02/01/2024,12:38:02,0.3,0.25,12960,0.3,74240,2000,924200
FINNIFTY02JAN2422350CE.NFO,02/01/2024,12:38:04,0.3,0.25,12560,0.3,81040,4000,924200
FINNIFTY02JAN2422350CE.NFO,02/01/2024,12:38:05,0.3,0.25,9960,0.3,84240,4000,924200
FINNIFTY02JAN2422350CE.NFO,02/01/2024,12:38:07,0.3,0.25,9920,0.3,84040,2040,924200
FINNIFTY02JAN2422350CE.NFO,02/01/2024,12:38:09,0.3,0.25,8120,0.3,80240,2000,924200
FINNIFTY02JAN2422350CE.NFO,02/01/2024,12:38:10,0.3,0.25,6000,0.3,79840,2200,924200
FINNIFTY02JAN2422350CE.NFO,02/01/2024,12:38:12,0.25,0.2,224200,0.3,79440,6400,924200
FINNIFTY02JAN2422350CE.NFO,02/01/2024,12:38:13,0.3,0.2,224200,0.3,79400,200,924200
FINNIFTY02JAN2422350CE.NFO,02/01/2024,12:38:15,0.2,0.25,600,0.3,77400,9800,924200
FINNIFTY02JAN2422350CE.NFO,02/01/2024,12:38:17,0.3,0.25,1800,0.3,82600,7400,924200
FINNIFTY02JAN2422350CE.NFO,02/01/2024,12:38:18,0.3,0.25,6000,0.3,82400,2000,924200
FINNIFTY02JAN2422350CE.NFO,02/01/2024,12:38:20,0.3,0.25,9600,0.3,82240,200,924200
FINNIFTY02JAN2422350CE.NFO,02/01/2024,12:38:22,0.25,0.25,7000,0.3,83600,6200,924200
FINNIFTY02JAN2422350CE.NFO,02/01/2024,12:38:23,0.3,0.25,11320,0.3,84800,600,924200
FINNIFTY02JAN2422350CE.NFO,02/01/2024,12:38:25,0.3,0.25,14760,0.3,83840,4200,924200
FINNIFTY02JAN2422350CE.NFO,02/01/2024,12:38:26,0.3,0.25,21680,0.3,93640,4600,924200
FINNIFTY02JAN2422350CE.NFO,02/01/2024,12:38:28,0.25,0.25,19520,0.3,95480,3800,924200
FINNIFTY02JAN2422350CE.NFO,02/01/2024,12:38:30,0.3,0.25,17720,0.3,95320,2000,924200
FINNIFTY02JAN2422350CE.NFO,02/01/2024,12:38:33,0.25,0.25,5200,0.3,96120,8200,924200
FINNIFTY02JAN2422350CE.NFO,02/01/2024,12:38:39,0.2,0.2,235200,0.3,110720,48600,924200
FINNIFTY02JAN2422350CE.NFO,02/01/2024,12:38:44,0.2,0.2,229840,0.3,109440,27480,924200
FINNIFTY02JAN2422350CE.NFO,02/01/2024,12:38:50,0.3,0.25,21520,0.3,104520,22880,924200
FINNIFTY02JAN2422350CE.NFO,02/01/2024,12:38:54,0.3,0.25,22000,0.3,114080,10600,760600
FINNIFTY02JAN2422350CE.NFO,02/01/2024,12:38:59,0.25,0.25,14800,0.3,122040,8400,760600
FINNIFTY02JAN2422350CE.NFO,02/01/2024,12:39:05,0.25,0.2,251440,0.3,122880,17000,760600
FINNIFTY02JAN2422350CE.NFO,02/01/2024,12:39:10,0.3,0.25,9600,0.3,120480,13200,760600
FINNIFTY02JAN2422350CE.NFO,02/01/2024,12:39:16,0.3,0.2,259920,0.3,117240,15760,760600
FINNIFTY02JAN2422350CE.NFO,02/01/2024,12:39:20,0.3,0.2,260920,0.3,116760,32080,760600
FINNIFTY02JAN2422350CE.NFO,02/01/2024,12:39:25,0.3,0.2,259360,0.3,117800,24280,760600
FINNIFTY02JAN2422350CE.NFO,02/01/2024,12:39:30,0.25,0.2,256000,0.3,116200,20400,760600
FINNIFTY02JAN2422350CE.NFO,02/01/2024,12:39:32,0.3,0.25,5200,0.3,115600,4200,760600
FINNIFTY02JAN2422350CE.NFO,02/01/2024,12:39:34,0.3,0.25,2800,0.3,115360,2000,760600
FINNIFTY02JAN2422350CE.NFO,02/01/2024,12:39:35,0.3,0.25,10200,0.3,114760,4200,760600
FINNIFTY02JAN2422350CE.NFO,02/01/2024,12:39:37,0.3,0.25,4800,0.3,115960,6000,760600
FINNIFTY02JAN2422350CE.NFO,02/01/2024,12:39:38,0.3,0.25,17440,0.3,114720,4800,760600
FINNIFTY02JAN2422350CE.NFO,02/01/2024,12:39:40,0.3,0.25,27480,0.3,113520,4840,760600
FINNIFTY02JAN2422350CE.NFO,02/01/2024,12:39:42,0.3,0.25,29320,0.3,121320,4800,760600
FINNIFTY02JAN2422350CE.NFO,02/01/2024,12:39:43,0.3,0.25,38200,0.3,125120,4600,760600
FINNIFTY02JAN2422350CE.NFO,02/01/2024,12:39:45,0.3,0.25,40200,0.3,124120,4600,760600
FINNIFTY02JAN2422350CE.NFO,02/01/2024,12:39:47,0.3,0.25,44520,0.3,124560,5000,760600
FINNIFTY02JAN2422350CE.NFO,02/01/2024,12:39:48,0.3,0.25,54600,0.3,123880,1000,760600
FINNIFTY02JAN2422350CE.NFO,02/01/2024,12:39:50,0.3,0.25,52800,0.3,123480,4000,760600
FINNIFTY02JAN2422350CE.NFO,02/01/2024,12:39:51,0.3,0.25,51000,0.3,123640,2000,760600
FINNIFTY02JAN2422350CE.NFO,02/01/2024,12:39:53,0.3,0.25,50400,0.3,120840,4600,760600
FINNIFTY02JAN2422350CE.NFO,02/01/2024,12:39:54,0.3,0.25,48600,0.3,120280,2000,760600
FINNIFTY02JAN2422350CE.NFO,02/01/2024,12:39:56,0.3,0.25,45840,0.3,120080,2000,760600
FINNIFTY02JAN2422350CE.NFO,02/01/2024,12:39:58,0.3,0.25,42240,0.3,129680,4800,760600
FINNIFTY02JAN2422350CE.NFO,02/01/2024,12:39:59,0.3,0.25,38640,0.3,129840,4400,760600
FINNIFTY02JAN2422350CE.NFO,02/01/2024,12:40:01,0.25,0.25,33240,0.3,131640,3840,760600
FINNIFTY02JAN2422350CE.NFO,02/01/2024,12:40:03,0.25,0.25,26040,0.3,131640,1800,760600
FINNIFTY02JAN2422350CE.NFO,02/01/2024,12:40:04,0.25,0.25,6120,0.3,132720,3600,760600
FINNIFTY02JAN2422350CE.NFO,02/01/2024,12:40:06,0.25,0.25,920,0.3,131600,4000,760600
FINNIFTY02JAN2422350CE.NFO,02/01/2024,12:40:08,0.25,0.2,331320,0.3,131560,11680,760600
FINNIFTY02JAN2422350CE.NFO,02/01/2024,12:40:09,0.2,0.2,335000,0.3,131440,21040,760600
FINNIFTY02JAN2422350CE.NFO,02/01/2024,12:40:11,0.25,0.2,333200,0.3,126640,19720,760600
FINNIFTY02JAN2422350CE.NFO,02/01/2024,12:40:12,0.25,0.2,336800,0.3,102840,33600,760600
FINNIFTY02JAN2422350CE.NFO,02/01/2024,12:40:14,0.25,0.2,335080,0.25,800,17800,760600
FINNIFTY02JAN2422350CE.NFO,02/01/2024,12:40:16,0.3,0.25,14640,0.3,96160,4680,760600
FINNIFTY02JAN2422350CE.NFO,02/01/2024,12:40:17,0.25,0.25,19320,0.3,97160,2000,760600
FINNIFTY02JAN2422350CE.NFO,02/01/2024,12:40:19,0.3,0.25,23640,0.3,94120,6240,760600
FINNIFTY02JAN2422350CE.NFO,02/01/2024,12:40:21,0.3,0.25,30840,0.3,93320,6200,760600
FINNIFTY02JAN2422350CE.NFO,02/01/2024,12:40:22,0.3,0.25,50720,0.3,97320,5000,760600
FINNIFTY02JAN2422350CE.NFO,02/01/2024,12:40:24,0.3,0.25,75040,0.3,97920,4800,760600
FINNIFTY02JAN2422350CE.NFO,02/01/2024,12:40:25,0.25,0.25,114440,0.3,100720,7600,760600
FINNIFTY02JAN2422350CE.NFO,02/01/2024,12:40:27,0.3,0.25,120920,0.3,107080,5400,760600
FINNIFTY02JAN2422350CE.NFO,02/01/2024,12:40:29,0.3,0.25,115760,0.3,108280,6000,760600
FINNIFTY02JAN2422350CE.NFO,02/01/2024,12:40:30,0.3,0.25,114440,0.3,111840,4400,760600
FINNIFTY02JAN2422350CE.NFO,02/01/2024,12:40:32,0.3,0.25,113600,0.3,113560,2600,760600
FINNIFTY02JAN2422350CE.NFO,02/01/2024,12:40:33,0.3,0.25,110000,0.3,118800,4400,760600
FINNIFTY02JAN2422350CE.NFO,02/01/2024,12:40:35,0.3,0.25,117200,0.3,119200,4600,760600
FINNIFTY02JAN2422350CE.NFO,02/01/2024,12:40:37,0.3,0.25,114120,0.3,121480,5480,760600
FINNIFTY02JAN2422350CE.NFO,02/01/2024,12:40:38,0.3,0.25,130080,0.3,128840,3800,760600
FINNIFTY02JAN2422350CE.NFO,02/01/2024,12:40:40,0.3,0.25,128280,0.3,131320,2200,760600
FINNIFTY02JAN2422350CE.NFO,02/01/2024,12:40:42,0.3,0.25,124680,0.3,132160,4200,760600
FINNIFTY02JAN2422350CE.NFO,02/01/2024,12:40:43,0.3,0.25,123400,0.3,134440,2400,760600
FINNIFTY02JAN2422350CE.NFO,02/01/2024,12:40:45,0.3,0.25,137800,0.3,137160,5200,760600
FINNIFTY02JAN2422350CE.NFO,02/01/2024,12:40:46,0.3,0.25,134200,0.3,138200,4000,760600
FINNIFTY02JAN2422350CE.NFO,02/01/2024,12:40:48,0.3,0.25,132400,0.3,141920,2400,760600
FINNIFTY02JAN2422350CE.NFO,02/01/2024,12:40:50,0.3,0.25,125200,0.3,143160,2600,760600
FINNIFTY02JAN2422350CE.NFO,02/01/2024,12:40:51,0.25,0.25,121600,0.3,146200,3800,760600
FINNIFTY02JAN2422350CE.NFO,02/01/2024,12:40:53,0.3,0.25,109000,0.3,148920,3400,760600
FINNIFTY02JAN2422350CE.NFO,02/01/2024,12:40:55,0.3,0.25,105040,0.3,147920,4600,760600
FINNIFTY02JAN2422350CE.NFO,02/01/2024,12:40:56,0.3,0.25,97840,0.3,152640,4200,760600
FINNIFTY02JAN2422350CE.NFO,02/01/2024,12:40:58,0.25,0.25,94240,0.3,153480,4200,760600
FINNIFTY02JAN2422350CE.NFO,02/01/2024,12:41:00,0.3,0.25,90240,0.3,155640,4400,760600
FINNIFTY02JAN2422350CE.NFO,02/01/2024,12:41:01,0.3,0.25,86640,0.3,156680,2200,760600
FINNIFTY02JAN2422350CE.NFO,02/01/2024,12:41:03,0.25,0.25,78680,0.3,159680,4200,760600
FINNIFTY02JAN2422350CE.NFO,02/01/2024,12:41:05,0.3,0.25,74800,0.3,161120,4880,760600
FINNIFTY02JAN2422350CE.NFO,02/01/2024,12:41:06,0.3,0.25,64360,0.3,165000,6200,760600
FINNIFTY02JAN2422350CE.NFO,02/01/2024,12:41:08,0.3,0.25,57160,0.3,164400,4200,760600
FINNIFTY02JAN2422350CE.NFO,02/01/2024,12:41:10,0.3,0.25,55360,0.3,165800,2200,760600
FINNIFTY02JAN2422350CE.NFO,02/01/2024,12:41:13,0.3,0.25,53560,0.3,165240,2000,760600
FINNIFTY02JAN2422350CE.NFO,02/01/2024,12:41:15,0.3,0.25,49960,0.3,164840,4000,760600
FINNIFTY02JAN2422350CE.NFO,02/01/2024,12:41:16,0.3,0.25,46360,0.3,163360,2000,760600
FINNIFTY02JAN2422350CE.NFO,02/01/2024,12:41:18,0.25,0.25,40960,0.3,163960,4000,760600
FINNIFTY02JAN2422350CE.NFO,02/01/2024,12:41:20,0.3,0.25,39160,0.3,172160,4400,760600
FINNIFTY02JAN2422350CE.NFO,02/01/2024,12:41:21,0.3,0.25,35480,0.3,177760,5280,760600
FINNIFTY02JAN2422350CE.NFO,02/01/2024,12:41:23,0.3,0.25,35480,0.3,176720,1400,760600
FINNIFTY02JAN2422350CE.NFO,02/01/2024,12:41:25,0.3,0.25,33720,0.3,175520,3000,760600
FINNIFTY02JAN2422350CE.NFO,02/01/2024,12:41:26,0.3,0.25,33240,0.3,183120,3200,760600
FINNIFTY02JAN2422350CE.NFO,02/01/2024,12:41:28,0.3,0.25,30760,0.3,181360,5080,760600
FINNIFTY02JAN2422350CE.NFO,02/01/2024,12:41:30,0.3,0.25,28320,0.3,180640,5600,760600
FINNIFTY02JAN2422350CE.NFO,02/01/2024,12:41:34,0.3,0.25,33720,0.3,177440,10400,760600
FINNIFTY02JAN2422350CE.NFO,02/01/2024,12:41:41,0.3,0.25,19320,0.3,172240,19600,760600
FINNIFTY02JAN2422350CE.NFO,02/01/2024,12:41:48,0.3,0.25,3040,0.3,170240,12880,760600
FINNIFTY02JAN2422350CE.NFO,02/01/2024,12:41:54,0.25,0.25,1800,0.3,174200,34240,624160
FINNIFTY02JAN2422350CE.NFO,02/01/2024,12:41:59,0.3,0.25,72400,0.3,172880,19400,624160
FINNIFTY02JAN2422350CE.NFO,02/01/2024,12:42:04,0.25,0.25,94000,0.3,174320,19800,624160
FINNIFTY02JAN2422350CE.NFO,02/01/2024,12:42:10,0.3,0.25,149840,0.3,200200,18000,624160
FINNIFTY02JAN2422350CE.NFO,02/01/2024,12:42:16,0.25,0.25,133680,0.3,215240,17400,624160
FINNIFTY02JAN2422350CE.NFO,02/01/2024,12:42:22,0.25,0.25,102280,0.3,216360,17400,624160
FINNIFTY02JAN2422350CE.NFO,02/01/2024,12:42:27,0.3,0.25,26080,0.3,223560,20800,624160
FINNIFTY02JAN2422350CE.NFO,02/01/2024,12:42:33,0.25,0.25,12480,0.3,226640,14640,624160
FINNIFTY02JAN2422350CE.NFO,02/01/2024,12:42:39,0.25,0.2,369520,0.3,236160,14520,624160
FINNIFTY02JAN2422350CE.NFO,02/01/2024,12:42:45,0.25,0.25,60200,0.3,243920,19720,624160
FINNIFTY02JAN2422350CE.NFO,02/01/2024,12:42:51,0.25,0.25,54800,0.3,247040,7200,624160
FINNIFTY02JAN2422350CE.NFO,02/01/2024,12:42:57,0.25,0.25,15280,0.3,244840,10800,624160
