Ticker,Date,Time,LTP,BuyPrice,BuyQty,SellPrice,SellQty,LTQ,OpenInterest
FINNIFTY02JAN2422250CE.NFO,02/01/2024,09:15:10,0.6,0.4,36720,0.45,40400,4880,246080
FINNIFTY02JAN2422250CE.NFO,02/01/2024,09:15:10,0.4,0.4,36720,0.45,40400,0,246080
FINNIFTY02JAN2422250CE.NFO,02/01/2024,09:15:10,0.7,0.4,36720,0.45,40400,0,246080
FINNIFTY02JAN2422250CE.NFO,02/01/2024,09:15:10,0.4,0.4,36720,0.45,40400,0,246080
FINNIFTY02JAN2422250CE.NFO,02/01/2024,09:15:22,0.4,0.4,44720,0.45,45320,6800,246080
FINNIFTY02JAN2422250CE.NFO,02/01/2024,09:15:32,0.4,0.4,44680,0.45,45800,40,246080
FINNIFTY02JAN2422250CE.NFO,02/01/2024,09:15:41,0.45,0.4,44680,0.45,33560,7840,246080
FINNIFTY02JAN2422250CE.NFO,02/01/2024,09:15:50,0.45,0.45,13960,0.5,32880,43760,246080
FINNIFTY02JAN2422250CE.NFO,02/01/2024,09:16:00,0.45,0.4,34920,0.45,41480,15320,246080
FINNIFTY02JAN2422250CE.NFO,02/01/2024,09:16:08,0.45,0.4,60040,0.45,48520,14760,246080
FINNIFTY02JAN2422250CE.NFO,02/01/2024,09:16:17,0.45,0.4,61840,0.45,56560,0,246080
FINNIFTY02JAN2422250CE.NFO,02/01/2024,09:16:25,0.45,0.4,61400,0.45,56280,2080,246080
FINNIFTY02JAN2422250CE.NFO,02/01/2024,09:16:33,0.4,0.4,46840,0.45,67240,3240,246080
FINNIFTY02JAN2422250CE.NFO,02/01/2024,09:16:42,0.4,0.4,45480,0.45,71760,8080,246080
FINNIFTY02JAN2422250CE.NFO,02/01/2024,09:16:49,0.4,0.4,47480,0.45,72360,40,246080
FINNIFTY02JAN2422250CE.NFO,02/01/2024,09:16:57,0.4,0.4,41720,0.45,72360,1720,246080
FINNIFTY02JAN2422250CE.NFO,02/01/2024,09:17:06,0.4,0.4,50960,0.45,75480,1280,246080
FINNIFTY02JAN2422250CE.NFO,02/01/2024,09:17:14,0.4,0.4,49560,0.45,79120,0,246080
FINNIFTY02JAN2422250CE.NFO,02/01/2024,09:17:22,0.4,0.4,51120,0.45,75600,520,246080
FINNIFTY02JAN2422250CE.NFO,02/01/2024,09:17:31,0.45,0.4,50480,0.45,75480,2680,236520
FINNIFTY02JAN2422250CE.NFO,02/01/2024,09:17:39,0.4,0.4,40240,0.45,77280,4000,236520
FINNIFTY02JAN2422250CE.NFO,02/01/2024,09:17:47,0.4,0.4,47600,0.45,78840,2080,236520
FINNIFTY02JAN2422250CE.NFO,02/01/2024,09:17:54,0.45,0.4,47560,0.45,89040,200,236520
FINNIFTY02JAN2422250CE.NFO,02/01/2024,09:18:02,0.45,0.4,47560,0.45,89040,0,236520
FINNIFTY02JAN2422250CE.NFO,02/01/2024,09:18:09,0.45,0.4,47560,0.45,96240,0,236520
FINNIFTY02JAN2422250CE.NFO,02/01/2024,09:18:16,0.4,0.4,47600,0.45,96360,1600,236520
FINNIFTY02JAN2422250CE.NFO,02/01/2024,09:18:24,0.4,0.4,46440,0.45,94760,3520,236520
FINNIFTY02JAN2422250CE.NFO,02/01/2024,09:18:32,0.4,0.4,40160,0.45,96560,3800,236520
FINNIFTY02JAN2422250CE.NFO,02/01/2024,09:18:38,0.4,0.4,38360,0.45,94440,1800,236520
FINNIFTY02JAN2422250CE.NFO,02/01/2024,09:18:46,0.4,0.4,41440,0.45,80160,0,236520
FINNIFTY02JAN2422250CE.NFO,02/01/2024,09:18:55,0.45,0.4,40120,0.45,81360,1960,236520
FINNIFTY02JAN2422250CE.NFO,02/01/2024,09:19:04,0.45,0.4,38120,0.45,86360,5800,236520
FINNIFTY02JAN2422250CE.NFO,02/01/2024,09:19:13,0.4,0.4,34920,0.45,88840,4160,236520
FINNIFTY02JAN2422250CE.NFO,02/01/2024,09:19:21,0.45,0.4,34200,0.45,94400,1360,236520
FINNIFTY02JAN2422250CE.NFO,02/01/2024,09:19:30,0.4,0.4,32440,0.45,92520,1400,236520
FINNIFTY02JAN2422250CE.NFO,02/01/2024,09:19:39,0.4,0.4,33200,0.45,78440,1480,236520
FINNIFTY02JAN2422250CE.NFO,02/01/2024,09:19:47,0.4,0.4,32800,0.45,85520,3320,236520
FINNIFTY02JAN2422250CE.NFO,02/01/2024,09:19:55,0.45,0.4,33400,0.45,94480,21560,236520
FINNIFTY02JAN2422250CE.NFO,02/01/2024,09:20:03,0.45,0.4,32240,0.45,92440,10520,236520
FINNIFTY02JAN2422250CE.NFO,02/01/2024,09:20:11,0.4,0.4,32960,0.45,91440,3880,236520
FINNIFTY02JAN2422250CE.NFO,02/01/2024,09:20:19,0.4,0.4,34280,0.45,91440,360,236520
FINNIFTY02JAN2422250CE.NFO,02/01/2024,09:20:27,0.4,0.4,39880,0.45,90160,560,263200
FINNIFTY02JAN2422250CE.NFO,02/01/2024,09:20:35,0.4,0.4,38000,0.45,92000,1880,263200
FINNIFTY02JAN2422250CE.NFO,02/01/2024,09:20:43,0.4,0.4,29000,0.45,93360,80,263200
FINNIFTY02JAN2422250CE.NFO,02/01/2024,09:20:51,0.4,0.4,29280,0.45,93600,1800,263200
FINNIFTY02JAN2422250CE.NFO,02/01/2024,09:21:02,0.4,0.4,27080,0.45,96280,400,263200
FINNIFTY02JAN2422250CE.NFO,02/01/2024,09:21:14,0.4,0.4,29880,0.45,94920,3000,263200
FINNIFTY02JAN2422250CE.NFO,02/01/2024,09:21:25,0.45,0.4,35760,0.45,95320,15800,263200
FINNIFTY02JAN2422250CE.NFO,02/01/2024,09:21:38,0.4,0.4,34200,0.45,98520,17000,263200
FINNIFTY02JAN2422250CE.NFO,02/01/2024,09:21:49,0.4,0.4,13280,0.45,98640,17200,263200
FINNIFTY02JAN2422250CE.NFO,02/01/2024,09:22:00,0.35,0.35,148360,0.4,69680,18880,263200
FINNIFTY02JAN2422250CE.NFO,02/01/2024,09:22:00,0.35,0.35,148360,0.4,69680,0,263200
FINNIFTY02JAN2422250CE.NFO,02/01/2024,09:22:11,0.4,0.35,145920,0.4,74680,15920,263200
FINNIFTY02JAN2422250CE.NFO,02/01/2024,09:22:23,0.4,0.35,146440,0.4,84600,1040,263200
FINNIFTY02JAN2422250CE.NFO,02/01/2024,09:22:34,0.4,0.35,147600,0.4,84040,3840,263200
FINNIFTY02JAN2422250CE.NFO,02/01/2024,09:22:45,0.4,0.35,149120,0.4,82480,6000,263200
FINNIFTY02JAN2422250CE.NFO,02/01/2024,09:22:57,0.4,0.35,150400,0.4,75680,2120,263200
FINNIFTY02JAN2422250CE.NFO,02/01/2024,09:23:08,0.4,0.35,167480,0.4,97480,37720,263200
FINNIFTY02JAN2422250CE.NFO,02/01/2024,09:23:18,0.4,0.35,167440,0.4,83360,7880,263200
FINNIFTY02JAN2422250CE.NFO,02/01/2024,09:23:29,0.4,0.35,167440,0.4,74160,11040,321120
FINNIFTY02JAN2422250CE.NFO,02/01/2024,09:23:40,0.4,0.35,157440,0.4,78360,2040,321120
FINNIFTY02JAN2422250CE.NFO,02/01/2024,09:23:50,0.4,0.35,159440,0.4,73160,7400,321120
FINNIFTY02JAN2422250CE.NFO,02/01/2024,09:24:01,0.4,0.4,97160,0.45,77600,57880,321120
FINNIFTY02JAN2422250CE.NFO,02/01/2024,09:24:12,0.4,0.4,102440,0.45,108480,0,321120
FINNIFTY02JAN2422250CE.NFO,02/01/2024,09:24:22,0.4,0.4,100440,0.45,108200,1160,321120
FINNIFTY02JAN2422250CE.NFO,02/01/2024,09:24:31,0.4,0.4,103040,0.45,113720,3640,321120
FINNIFTY02JAN2422250CE.NFO,02/01/2024,09:24:34,0.4,0.4,101200,0.45,113720,1840,321120
FINNIFTY02JAN2422250CE.NFO,02/01/2024,09:24:39,0.4,0.4,103560,0.45,115000,1840,321120
FINNIFTY02JAN2422250CE.NFO,02/01/2024,09:24:40,0.4,0.4,103640,0.45,115320,0,321120
FINNIFTY02JAN2422250CE.NFO,02/01/2024,09:24:42,0.4,0.4,100040,0.45,115320,1800,321120
FINNIFTY02JAN2422250CE.NFO,02/01/2024,09:24:44,0.4,0.4,100520,0.45,115760,1800,321120
FINNIFTY02JAN2422250CE.NFO,02/01/2024,09:24:45,0.4,0.4,98960,0.45,115760,1800,321120
FINNIFTY02JAN2422250CE.NFO,02/01/2024,09:24:49,0.4,0.4,98960,0.45,113960,0,321120
FINNIFTY02JAN2422250CE.NFO,02/01/2024,09:24:52,0.4,0.4,97160,0.45,113960,1800,321120
FINNIFTY02JAN2422250CE.NFO,02/01/2024,09:24:54,0.45,0.4,96520,0.45,114560,1200,321120
FINNIFTY02JAN2422250CE.NFO,02/01/2024,09:24:55,0.45,0.4,94720,0.45,114560,0,321120
FINNIFTY02JAN2422250CE.NFO,02/01/2024,09:24:59,0.45,0.4,94720,0.45,113520,320,321120
FINNIFTY02JAN2422250CE.NFO,02/01/2024,09:25:02,0.45,0.4,94720,0.45,112760,2200,321120
FINNIFTY02JAN2422250CE.NFO,02/01/2024,09:25:04,0.45,0.4,94720,0.45,112800,0,321120
FINNIFTY02JAN2422250CE.NFO,02/01/2024,09:25:07,0.4,0.4,94680,0.45,114600,40,321120
FINNIFTY02JAN2422250CE.NFO,02/01/2024,09:25:09,0.4,0.4,94680,0.45,116440,0,321120
FINNIFTY02JAN2422250CE.NFO,02/01/2024,09:25:10,0.4,0.4,94680,0.45,116400,0,321120
FINNIFTY02JAN2422250CE.NFO,02/01/2024,09:25:12,0.4,0.4,94680,0.45,116440,0,321120
FINNIFTY02JAN2422250CE.NFO,02/01/2024,09:25:14,0.4,0.4,92880,0.45,116400,0,321120
FINNIFTY02JAN2422250CE.NFO,02/01/2024,09:25:15,0.4,0.4,92880,0.45,120040,0,321120
FINNIFTY02JAN2422250CE.NFO,02/01/2024,09:25:19,0.4,0.4,94680,0.45,116440,0,321120
FINNIFTY02JAN2422250CE.NFO,02/01/2024,09:25:20,0.4,0.4,94680,0.45,114600,0,321120
FINNIFTY02JAN2422250CE.NFO,02/01/2024,09:25:22,0.4,0.4,94680,0.45,114640,0,321120
FINNIFTY02JAN2422250CE.NFO,02/01/2024,09:25:24,0.4,0.4,94680,0.45,117440,0,321120
FINNIFTY02JAN2422250CE.NFO,02/01/2024,09:25:25,0.4,0.4,93440,0.45,117400,1520,321120
FINNIFTY02JAN2422250CE.NFO,02/01/2024,09:25:27,0.45,0.4,93440,0.45,116400,80,321120
FINNIFTY02JAN2422250CE.NFO,02/01/2024,09:25:29,0.45,0.4,93440,0.45,116440,0,321120
FINNIFTY02JAN2422250CE.NFO,02/01/2024,09:25:39,0.4,0.4,87760,0.45,116360,6240,321120
FINNIFTY02JAN2422250CE.NFO,02/01/2024,09:25:50,0.45,0.4,87760,0.45,124320,80,321120
FINNIFTY02JAN2422250CE.NFO,02/01/2024,09:26:01,0.4,0.4,87480,0.45,124320,280,321120
FINNIFTY02JAN2422250CE.NFO,02/01/2024,09:26:11,0.4,0.4,87400,0.45,124520,80,321120
FINNIFTY02JAN2422250CE.NFO,02/01/2024,09:26:24,0.45,0.4,71080,0.45,98400,39720,363760
FINNIFTY02JAN2422250CE.NFO,02/01/2024,09:26:36,0.4,0.4,67880,0.45,106880,4080,363760
FINNIFTY02JAN2422250CE.NFO,02/01/2024,09:26:48,0.4,0.4,67400,0.45,104800,480,363760
FINNIFTY02JAN2422250CE.NFO,02/01/2024,09:27:02,0.4,0.4,57080,0.45,118920,7640,363760
FINNIFTY02JAN2422250CE.NFO,02/01/2024,09:27:13,0.45,0.4,56160,0.45,120560,920,363760
FINNIFTY02JAN2422250CE.NFO,02/01/2024,09:27:24,0.4,0.4,57080,0.45,122760,200,363760
FINNIFTY02JAN2422250CE.NFO,02/01/2024,09:27:35,0.45,0.4,100800,0.45,173040,7720,363760
FINNIFTY02JAN2422250CE.NFO,02/01/2024,09:27:46,0.4,0.4,92760,0.45,173960,1800,363760
FINNIFTY02JAN2422250CE.NFO,02/01/2024,09:27:58,0.4,0.4,100760,0.45,184480,7120,363760
FINNIFTY02JAN2422250CE.NFO,02/01/2024,09:28:10,0.4,0.4,91760,0.45,173520,3240,363760
FINNIFTY02JAN2422250CE.NFO,02/01/2024,09:28:22,0.4,0.4,91000,0.45,173840,1640,363760
FINNIFTY02JAN2422250CE.NFO,02/01/2024,09:28:34,0.4,0.4,79160,0.45,182840,5120,363760
FINNIFTY02JAN2422250CE.NFO,02/01/2024,09:28:46,0.4,0.4,73000,0.45,183240,800,363760
FINNIFTY02JAN2422250CE.NFO,02/01/2024,09:28:57,0.4,0.4,85960,0.45,185240,0,363760
FINNIFTY02JAN2422250CE.NFO,02/01/2024,09:29:09,0.4,0.4,72800,0.45,185240,200,363760
FINNIFTY02JAN2422250CE.NFO,02/01/2024,09:29:20,0.4,0.4,80840,0.45,183240,1800,363760
FINNIFTY02JAN2422250CE.NFO,02/01/2024,09:29:32,0.4,0.4,88120,0.45,184880,3280,355640
FINNIFTY02JAN2422250CE.NFO,02/01/2024,09:29:44,0.4,0.4,88120,0.45,184880,0,355640
FINNIFTY02JAN2422250CE.NFO,02/01/2024,09:29:56,0.4,0.4,77680,0.45,206480,7360,355640
FINNIFTY02JAN2422250CE.NFO,02/01/2024,09:30:07,0.4,0.35,195400,0.4,92680,64800,355640
FINNIFTY02JAN2422250CE.NFO,02/01/2024,09:30:19,0.4,0.35,195560,0.4,91920,760,355640
FINNIFTY02JAN2422250CE.NFO,02/01/2024,09:30:31,0.4,0.35,195160,0.4,92440,520,355640
FINNIFTY02JAN2422250CE.NFO,02/01/2024,09:30:42,0.35,0.35,194360,0.4,96040,800,355640
FINNIFTY02JAN2422250CE.NFO,02/01/2024,09:30:53,0.35,0.35,193520,0.4,97840,840,355640
FINNIFTY02JAN2422250CE.NFO,02/01/2024,09:31:04,0.35,0.35,192960,0.4,98320,1280,355640
FINNIFTY02JAN2422250CE.NFO,02/01/2024,09:31:15,0.35,0.35,192960,0.4,107400,0,355640
FINNIFTY02JAN2422250CE.NFO,02/01/2024,09:31:27,0.4,0.35,192560,0.4,107080,680,355640
FINNIFTY02JAN2422250CE.NFO,02/01/2024,09:31:38,0.35,0.35,192520,0.4,108080,40,355640
FINNIFTY02JAN2422250CE.NFO,02/01/2024,09:31:49,0.35,0.35,192120,0.4,108080,400,355640
FINNIFTY02JAN2422250CE.NFO,02/01/2024,09:31:59,0.35,0.35,192120,0.4,113480,0,355640
FINNIFTY02JAN2422250CE.NFO,02/01/2024,09:32:22,0.35,0.35,192720,0.4,114280,0,355640
FINNIFTY02JAN2422250CE.NFO,02/01/2024,09:32:34,0.35,0.35,192720,0.4,116080,0,355640
FINNIFTY02JAN2422250CE.NFO,02/01/2024,09:32:45,0.4,0.35,192720,0.4,117000,80,375680
FINNIFTY02JAN2422250CE.NFO,02/01/2024,09:32:57,0.35,0.35,192560,0.4,117000,160,375680
FINNIFTY02JAN2422250CE.NFO,02/01/2024,09:33:08,0.35,0.35,191680,0.4,117040,0,375680
FINNIFTY02JAN2422250CE.NFO,02/01/2024,09:33:18,0.35,0.35,192040,0.4,118360,520,375680
FINNIFTY02JAN2422250CE.NFO,02/01/2024,09:33:30,0.4,0.35,192040,0.4,118280,80,375680
FINNIFTY02JAN2422250CE.NFO,02/01/2024,09:33:41,0.4,0.35,192040,0.4,120080,0,375680
FINNIFTY02JAN2422250CE.NFO,02/01/2024,09:33:52,0.4,0.35,191840,0.4,128920,800,375680
FINNIFTY02JAN2422250CE.NFO,02/01/2024,09:34:03,0.35,0.35,191760,0.4,128920,80,375680
FINNIFTY02JAN2422250CE.NFO,02/01/2024,09:34:14,0.4,0.35,191760,0.4,130000,240,375680
FINNIFTY02JAN2422250CE.NFO,02/01/2024,09:34:24,0.4,0.35,191280,0.4,131080,520,375680
FINNIFTY02JAN2422250CE.NFO,02/01/2024,09:34:35,0.4,0.35,194400,0.4,125160,3240,375680
FINNIFTY02JAN2422250CE.NFO,02/01/2024,09:34:45,0.4,0.35,194400,0.4,117920,0,375680
FINNIFTY02JAN2422250CE.NFO,02/01/2024,09:34:56,0.4,0.35,194400,0.4,119720,0,375680
FINNIFTY02JAN2422250CE.NFO,02/01/2024,09:35:06,0.4,0.35,194400,0.4,120440,160,375680
FINNIFTY02JAN2422250CE.NFO,02/01/2024,09:35:16,0.4,0.35,194400,0.4,119560,0,375680
FINNIFTY02JAN2422250CE.NFO,02/01/2024,09:35:26,0.4,0.35,196960,0.4,119520,40,376000
FINNIFTY02JAN2422250CE.NFO,02/01/2024,09:35:37,0.35,0.35,195120,0.4,117560,1960,376000
FINNIFTY02JAN2422250CE.NFO,02/01/2024,09:35:47,0.4,0.35,183760,0.4,118000,1480,376000
FINNIFTY02JAN2422250CE.NFO,02/01/2024,09:35:58,0.35,0.35,169720,0.4,118000,5400,376000
FINNIFTY02JAN2422250CE.NFO,02/01/2024,09:36:09,0.35,0.35,158920,0.4,117000,800,376000
FINNIFTY02JAN2422250CE.NFO,02/01/2024,09:36:21,0.4,0.35,158320,0.4,131120,880,376000
FINNIFTY02JAN2422250CE.NFO,02/01/2024,09:36:32,0.4,0.35,158320,0.4,130560,160,376000
FINNIFTY02JAN2422250CE.NFO,02/01/2024,09:36:43,0.35,0.35,158160,0.4,130560,160,376000
FINNIFTY02JAN2422250CE.NFO,02/01/2024,09:36:53,0.35,0.35,148160,0.4,130560,0,376000
FINNIFTY02JAN2422250CE.NFO,02/01/2024,09:37:25,0.4,0.35,143360,0.4,125680,80,376000
FINNIFTY02JAN2422250CE.NFO,02/01/2024,09:37:35,0.4,0.35,142880,0.4,126360,0,376000
FINNIFTY02JAN2422250CE.NFO,02/01/2024,09:37:45,0.35,0.35,135680,0.4,126240,200,376000
FINNIFTY02JAN2422250CE.NFO,02/01/2024,09:37:56,0.4,0.35,135720,0.4,127960,120,376000
FINNIFTY02JAN2422250CE.NFO,02/01/2024,09:38:06,0.4,0.35,135720,0.4,127880,80,376000
FINNIFTY02JAN2422250CE.NFO,02/01/2024,09:38:27,0.35,0.35,133280,0.4,128800,2440,376000
FINNIFTY02JAN2422250CE.NFO,02/01/2024,09:38:38,0.35,0.35,133280,0.4,129680,0,376000
FINNIFTY02JAN2422250CE.NFO,02/01/2024,09:38:49,0.35,0.35,133280,0.4,128800,0,376000
FINNIFTY02JAN2422250CE.NFO,02/01/2024,09:38:59,0.35,0.35,133280,0.4,129160,0,376000
FINNIFTY02JAN2422250CE.NFO,02/01/2024,09:39:11,0.35,0.35,133280,0.4,130960,0,376000
FINNIFTY02JAN2422250CE.NFO,02/01/2024,09:39:21,0.4,0.35,133800,0.4,130560,1360,377680
FINNIFTY02JAN2422250CE.NFO,02/01/2024,09:39:32,0.35,0.35,133520,0.4,130560,280,377680
FINNIFTY02JAN2422250CE.NFO,02/01/2024,09:39:42,0.4,0.35,133240,0.4,133880,8320,377680
FINNIFTY02JAN2422250CE.NFO,02/01/2024,09:39:53,0.4,0.35,133240,0.4,132440,160,377680
FINNIFTY02JAN2422250CE.NFO,02/01/2024,09:40:05,0.4,0.35,134120,0.4,132840,0,377680
FINNIFTY02JAN2422250CE.NFO,02/01/2024,09:40:31,0.4,0.35,134120,0.4,133800,40,377680
FINNIFTY02JAN2422250CE.NFO,02/01/2024,09:40:43,0.4,0.35,134120,0.4,133800,0,377680
FINNIFTY02JAN2422250CE.NFO,02/01/2024,09:41:08,0.4,0.35,134120,0.4,133720,80,377680
FINNIFTY02JAN2422250CE.NFO,02/01/2024,09:41:19,0.4,0.35,134120,0.4,133720,0,377680
FINNIFTY02JAN2422250CE.NFO,02/01/2024,09:41:30,0.4,0.35,137960,0.4,133080,240,377680
FINNIFTY02JAN2422250CE.NFO,02/01/2024,09:41:41,0.35,0.35,136920,0.4,133080,1040,383160
FINNIFTY02JAN2422250CE.NFO,02/01/2024,09:41:52,0.4,0.35,148160,0.4,149840,22680,383160
FINNIFTY02JAN2422250CE.NFO,02/01/2024,09:42:03,0.4,0.35,151680,0.4,149000,1400,383160
FINNIFTY02JAN2422250CE.NFO,02/01/2024,09:42:14,0.4,0.35,152400,0.4,147280,2760,383160
FINNIFTY02JAN2422250CE.NFO,02/01/2024,09:42:25,0.4,0.35,152640,0.4,146440,840,383160
FINNIFTY02JAN2422250CE.NFO,02/01/2024,09:42:36,0.4,0.35,152640,0.4,144200,1840,383160
FINNIFTY02JAN2422250CE.NFO,02/01/2024,09:42:47,0.4,0.35,152760,0.4,150720,200,383160
FINNIFTY02JAN2422250CE.NFO,02/01/2024,09:42:57,0.4,0.35,152800,0.4,130600,1240,383160
FINNIFTY02JAN2422250CE.NFO,02/01/2024,09:43:09,0.4,0.35,152800,0.4,137760,40,383160
FINNIFTY02JAN2422250CE.NFO,02/01/2024,09:43:20,0.35,0.35,152680,0.4,137800,120,383160
FINNIFTY02JAN2422250CE.NFO,02/01/2024,09:43:31,0.35,0.35,152680,0.4,137800,0,383160
FINNIFTY02JAN2422250CE.NFO,02/01/2024,09:43:43,0.4,0.35,152680,0.4,137880,800,383160
FINNIFTY02JAN2422250CE.NFO,02/01/2024,09:43:54,0.35,0.35,145400,0.4,146960,8080,383160
FINNIFTY02JAN2422250CE.NFO,02/01/2024,09:44:05,0.4,0.35,147000,0.4,142600,6000,383160
FINNIFTY02JAN2422250CE.NFO,02/01/2024,09:44:16,0.4,0.35,147240,0.4,141160,1440,383160
FINNIFTY02JAN2422250CE.NFO,02/01/2024,09:44:28,0.4,0.35,147000,0.4,141080,1040,383160
FINNIFTY02JAN2422250CE.NFO,02/01/2024,09:44:38,0.4,0.35,147000,0.4,132680,12840,409440
FINNIFTY02JAN2422250CE.NFO,02/01/2024,09:44:48,0.4,0.35,147000,0.4,143280,2080,409440
FINNIFTY02JAN2422250CE.NFO,02/01/2024,09:44:58,0.4,0.35,146120,0.4,145760,1600,409440
FINNIFTY02JAN2422250CE.NFO,02/01/2024,09:45:09,0.35,0.35,146960,0.4,144920,880,409440
FINNIFTY02JAN2422250CE.NFO,02/01/2024,09:45:20,0.35,0.35,146960,0.4,144920,0,409440
FINNIFTY02JAN2422250CE.NFO,02/01/2024,09:45:31,0.4,0.35,146080,0.4,145760,40,409440
FINNIFTY02JAN2422250CE.NFO,02/01/2024,09:45:42,0.4,0.35,146080,0.4,144720,40,409440
FINNIFTY02JAN2422250CE.NFO,02/01/2024,09:45:53,0.4,0.35,145120,0.4,143600,2080,409440
FINNIFTY02JAN2422250CE.NFO,02/01/2024,09:46:04,0.4,0.35,145120,0.4,146880,1240,409440
FINNIFTY02JAN2422250CE.NFO,02/01/2024,09:46:15,0.4,0.35,149200,0.4,130000,880,409440
FINNIFTY02JAN2422250CE.NFO,02/01/2024,09:46:26,0.4,0.35,148800,0.4,127000,3400,409440
FINNIFTY02JAN2422250CE.NFO,02/01/2024,09:46:37,0.4,0.35,149960,0.4,149800,0,409440
FINNIFTY02JAN2422250CE.NFO,02/01/2024,09:46:47,0.4,0.35,151320,0.4,149800,0,409440
FINNIFTY02JAN2422250CE.NFO,02/01/2024,09:47:08,0.35,0.35,150840,0.4,148120,5760,409440
FINNIFTY02JAN2422250CE.NFO,02/01/2024,09:47:19,0.4,0.35,150840,0.4,148040,1080,409440
FINNIFTY02JAN2422250CE.NFO,02/01/2024,09:47:29,0.4,0.35,148120,0.4,146240,1800,409440
FINNIFTY02JAN2422250CE.NFO,02/01/2024,09:47:40,0.35,0.35,147920,0.4,146240,200,415400
FINNIFTY02JAN2422250CE.NFO,02/01/2024,09:47:51,0.35,0.35,147840,0.4,146360,200,415400
FINNIFTY02JAN2422250CE.NFO,02/01/2024,09:48:02,0.4,0.35,149400,0.4,144040,2320,415400
FINNIFTY02JAN2422250CE.NFO,02/01/2024,09:48:12,0.4,0.35,150760,0.4,144040,0,415400
FINNIFTY02JAN2422250CE.NFO,02/01/2024,09:48:33,0.35,0.35,150720,0.4,144040,40,415400
FINNIFTY02JAN2422250CE.NFO,02/01/2024,09:48:43,0.35,0.35,150720,0.4,145440,0,415400
FINNIFTY02JAN2422250CE.NFO,02/01/2024,09:48:53,0.35,0.35,150320,0.4,144440,400,415400
FINNIFTY02JAN2422250CE.NFO,02/01/2024,09:49:03,0.35,0.35,150320,0.4,145800,0,415400
FINNIFTY02JAN2422250CE.NFO,02/01/2024,09:49:13,0.4,0.35,150320,0.4,144520,1200,415400
FINNIFTY02JAN2422250CE.NFO,02/01/2024,09:49:23,0.35,0.35,152080,0.4,142800,80,415400
FINNIFTY02JAN2422250CE.NFO,02/01/2024,09:49:34,0.4,0.35,152080,0.4,143480,160,415400
FINNIFTY02JAN2422250CE.NFO,02/01/2024,09:49:44,0.4,0.35,152040,0.4,142640,840,415400
FINNIFTY02JAN2422250CE.NFO,02/01/2024,09:49:54,0.4,0.35,151920,0.4,144440,0,415400
FINNIFTY02JAN2422250CE.NFO,02/01/2024,09:50:04,0.35,0.35,147880,0.4,143200,1240,415400
FINNIFTY02JAN2422250CE.NFO,02/01/2024,09:50:14,0.35,0.35,147880,0.4,143200,0,415400
FINNIFTY02JAN2422250CE.NFO,02/01/2024,09:50:24,0.4,0.35,147880,0.4,143080,120,415400
FINNIFTY02JAN2422250CE.NFO,02/01/2024,09:50:34,0.4,0.35,147080,0.4,143080,0,415400
FINNIFTY02JAN2422250CE.NFO,02/01/2024,09:50:44,0.4,0.35,147080,0.4,143680,0,415400
FINNIFTY02JAN2422250CE.NFO,02/01/2024,09:51:05,0.4,0.35,158600,0.4,154800,400,420920
FINNIFTY02JAN2422250CE.NFO,02/01/2024,09:51:16,0.4,0.35,158600,0.4,154800,0,420920
FINNIFTY02JAN2422250CE.NFO,02/01/2024,09:52:09,0.4,0.35,158600,0.4,155200,0,420920
FINNIFTY02JAN2422250CE.NFO,02/01/2024,09:52:20,0.4,0.35,158600,0.4,153400,0,420920
FINNIFTY02JAN2422250CE.NFO,02/01/2024,09:53:21,0.4,0.35,158600,0.4,152800,600,420920
FINNIFTY02JAN2422250CE.NFO,02/01/2024,09:53:31,0.35,0.35,158040,0.4,153200,680,421360
FINNIFTY02JAN2422250CE.NFO,02/01/2024,09:53:53,0.35,0.35,156240,0.4,155000,1800,421360
FINNIFTY02JAN2422250CE.NFO,02/01/2024,09:54:03,0.35,0.35,156240,0.4,155000,0,421360
FINNIFTY02JAN2422250CE.NFO,02/01/2024,09:54:23,0.35,0.35,156240,0.4,155400,0,421360
FINNIFTY02JAN2422250CE.NFO,02/01/2024,09:54:34,0.4,0.35,156120,0.4,155400,400,421360
FINNIFTY02JAN2422250CE.NFO,02/01/2024,09:54:45,0.4,0.35,156240,0.4,155400,0,421360
FINNIFTY02JAN2422250CE.NFO,02/01/2024,09:54:57,0.35,0.35,154120,0.4,134800,1040,421360
FINNIFTY02JAN2422250CE.NFO,02/01/2024,09:55:09,0.4,0.35,154200,0.4,143280,440,421360
FINNIFTY02JAN2422250CE.NFO,02/01/2024,09:55:20,0.4,0.35,154200,0.4,143440,840,421360
FINNIFTY02JAN2422250CE.NFO,02/01/2024,09:55:32,0.35,0.35,153120,0.4,144320,200,421360
FINNIFTY02JAN2422250CE.NFO,02/01/2024,09:55:45,0.35,0.35,151520,0.4,145640,1600,421360
FINNIFTY02JAN2422250CE.NFO,02/01/2024,09:55:56,0.35,0.35,152400,0.4,144760,0,421360
FINNIFTY02JAN2422250CE.NFO,02/01/2024,09:56:10,0.35,0.35,149360,0.4,121480,7200,421360
FINNIFTY02JAN2422250CE.NFO,02/01/2024,09:56:23,0.4,0.35,149800,0.4,53480,81120,421360
FINNIFTY02JAN2422250CE.NFO,02/01/2024,09:56:36,0.4,0.35,201040,0.4,66160,7800,457560
FINNIFTY02JAN2422250CE.NFO,02/01/2024,09:56:50,0.4,0.4,221000,0.45,159240,67720,457560
FINNIFTY02JAN2422250CE.NFO,02/01/2024,09:57:03,0.45,0.4,198960,0.45,188040,21480,457560
FINNIFTY02JAN2422250CE.NFO,02/01/2024,09:57:16,0.45,0.4,202760,0.45,80640,2480,457560
FINNIFTY02JAN2422250CE.NFO,02/01/2024,09:57:29,0.45,0.4,202200,0.45,34720,33760,457560
FINNIFTY02JAN2422250CE.NFO,02/01/2024,09:57:42,0.5,0.45,127920,0.5,223520,33080,457560
FINNIFTY02JAN2422250CE.NFO,02/01/2024,09:57:53,0.5,0.45,115000,0.5,195000,3080,457560
FINNIFTY02JAN2422250CE.NFO,02/01/2024,09:58:05,0.45,0.45,115960,0.5,166160,7600,457560
FINNIFTY02JAN2422250CE.NFO,02/01/2024,09:58:17,0.45,0.45,110840,0.5,208320,73520,457560
FINNIFTY02JAN2422250CE.NFO,02/01/2024,09:58:28,0.5,0.45,113480,0.5,193360,9240,457560
FINNIFTY02JAN2422250CE.NFO,02/01/2024,09:58:40,0.45,0.4,117280,0.45,30880,44400,457560
FINNIFTY02JAN2422250CE.NFO,02/01/2024,09:58:51,0.45,0.4,116920,0.45,46680,2240,457560
FINNIFTY02JAN2422250CE.NFO,02/01/2024,09:59:02,0.45,0.4,133320,0.45,45560,16240,457560
FINNIFTY02JAN2422250CE.NFO,02/01/2024,09:59:13,0.45,0.4,143680,0.45,50640,6480,457560
FINNIFTY02JAN2422250CE.NFO,02/01/2024,09:59:24,0.5,0.45,109280,0.5,177360,46760,457560
FINNIFTY02JAN2422250CE.NFO,02/01/2024,09:59:35,0.5,0.45,104760,0.5,97960,40,484120
FINNIFTY02JAN2422250CE.NFO,02/01/2024,09:59:46,0.45,0.45,111320,0.5,65920,40,484120
FINNIFTY02JAN2422250CE.NFO,02/01/2024,09:59:58,0.45,0.45,105960,0.5,176000,3880,484120
FINNIFTY02JAN2422250CE.NFO,02/01/2024,10:00:09,0.45,0.45,93160,0.5,176280,240,484120
FINNIFTY02JAN2422250CE.NFO,02/01/2024,10:00:20,0.45,0.45,94880,0.5,176360,880,484120
FINNIFTY02JAN2422250CE.NFO,02/01/2024,10:00:32,0.45,0.45,92320,0.5,174680,160,484120
FINNIFTY02JAN2422250CE.NFO,02/01/2024,10:00:43,0.45,0.45,96080,0.5,175080,0,484120
FINNIFTY02JAN2422250CE.NFO,02/01/2024,10:00:55,0.45,0.45,96080,0.5,175560,0,484120
FINNIFTY02JAN2422250CE.NFO,02/01/2024,10:01:06,0.45,0.45,97080,0.5,175600,160,484120
FINNIFTY02JAN2422250CE.NFO,02/01/2024,10:01:17,0.45,0.45,96600,0.5,175600,520,484120
FINNIFTY02JAN2422250CE.NFO,02/01/2024,10:01:29,0.45,0.45,97560,0.5,184880,12000,484120
FINNIFTY02JAN2422250CE.NFO,02/01/2024,10:01:40,0.45,0.45,97520,0.5,184880,0,484120
FINNIFTY02JAN2422250CE.NFO,02/01/2024,10:01:50,0.45,0.45,98760,0.5,185440,2240,484120
FINNIFTY02JAN2422250CE.NFO,02/01/2024,10:02:02,0.45,0.45,98800,0.5,185400,0,484120
FINNIFTY02JAN2422250CE.NFO,02/01/2024,10:02:13,0.45,0.45,102640,0.5,171000,0,484120
FINNIFTY02JAN2422250CE.NFO,02/01/2024,10:02:24,0.45,0.45,102240,0.5,172760,2280,484120
FINNIFTY02JAN2422250CE.NFO,02/01/2024,10:02:34,0.45,0.45,96440,0.5,172760,40,484120
FINNIFTY02JAN2422250CE.NFO,02/01/2024,10:02:45,0.5,0.45,102200,0.5,169760,3000,466840
FINNIFTY02JAN2422250CE.NFO,02/01/2024,10:02:56,0.5,0.45,102200,0.5,169760,0,466840
FINNIFTY02JAN2422250CE.NFO,02/01/2024,10:03:08,0.45,0.45,102160,0.5,169800,40,466840
FINNIFTY02JAN2422250CE.NFO,02/01/2024,10:03:33,0.45,0.45,101920,0.5,169400,0,466840
FINNIFTY02JAN2422250CE.NFO,02/01/2024,10:03:44,0.45,0.45,103720,0.5,169800,0,466840
FINNIFTY02JAN2422250CE.NFO,02/01/2024,10:03:55,0.45,0.45,103280,0.5,169320,5560,466840
FINNIFTY02JAN2422250CE.NFO,02/01/2024,10:04:06,0.45,0.45,43520,0.5,165760,28920,466840
FINNIFTY02JAN2422250CE.NFO,02/01/2024,10:04:18,0.45,0.45,78880,0.5,166960,40,466840
FINNIFTY02JAN2422250CE.NFO,02/01/2024,10:04:29,0.45,0.4,114800,0.45,74600,42880,466840
FINNIFTY02JAN2422250CE.NFO,02/01/2024,10:04:40,0.45,0.4,120480,0.45,104560,520,466840
FINNIFTY02JAN2422250CE.NFO,02/01/2024,10:04:52,0.45,0.4,124400,0.45,111880,280,466840
FINNIFTY02JAN2422250CE.NFO,02/01/2024,10:05:03,0.45,0.4,118320,0.45,111200,0,466840
FINNIFTY02JAN2422250CE.NFO,02/01/2024,10:05:14,0.45,0.4,120160,0.45,115880,5400,466840
FINNIFTY02JAN2422250CE.NFO,02/01/2024,10:05:25,0.45,0.4,121480,0.45,115880,0,466840
FINNIFTY02JAN2422250CE.NFO,02/01/2024,10:05:36,0.4,0.4,123560,0.45,86840,42960,404520
FINNIFTY02JAN2422250CE.NFO,02/01/2024,10:05:46,0.45,0.4,119560,0.45,101760,5640,404520
FINNIFTY02JAN2422250CE.NFO,02/01/2024,10:05:58,0.4,0.4,111560,0.45,101760,1800,404520
FINNIFTY02JAN2422250CE.NFO,02/01/2024,10:06:09,0.4,0.4,113280,0.45,89400,12360,404520
FINNIFTY02JAN2422250CE.NFO,02/01/2024,10:06:21,0.4,0.4,111840,0.45,89360,280,404520
FINNIFTY02JAN2422250CE.NFO,02/01/2024,10:06:33,0.4,0.4,109480,0.45,87880,4600,404520
FINNIFTY02JAN2422250CE.NFO,02/01/2024,10:06:45,0.45,0.4,108840,0.45,86680,3000,404520
FINNIFTY02JAN2422250CE.NFO,02/01/2024,10:06:56,0.45,0.4,108840,0.45,87080,0,404520
FINNIFTY02JAN2422250CE.NFO,02/01/2024,10:07:07,0.45,0.4,108840,0.45,100640,4160,404520
FINNIFTY02JAN2422250CE.NFO,02/01/2024,10:07:19,0.45,0.4,108160,0.45,76600,5120,404520
FINNIFTY02JAN2422250CE.NFO,02/01/2024,10:07:30,0.4,0.4,102880,0.45,84160,2400,404520
FINNIFTY02JAN2422250CE.NFO,02/01/2024,10:07:42,0.4,0.4,92120,0.45,83760,1840,404520
FINNIFTY02JAN2422250CE.NFO,02/01/2024,10:07:53,0.4,0.4,90840,0.45,116840,200,404520
FINNIFTY02JAN2422250CE.NFO,02/01/2024,10:08:04,0.4,0.4,90760,0.45,116840,80,404520
FINNIFTY02JAN2422250CE.NFO,02/01/2024,10:08:15,0.4,0.4,90120,0.45,116840,640,404520
FINNIFTY02JAN2422250CE.NFO,02/01/2024,10:08:26,0.4,0.4,91920,0.45,118640,0,404520
FINNIFTY02JAN2422250CE.NFO,02/01/2024,10:08:37,0.45,0.4,91840,0.45,117640,120,411480
FINNIFTY02JAN2422250CE.NFO,02/01/2024,10:08:48,0.45,0.4,91840,0.45,117280,360,411480
FINNIFTY02JAN2422250CE.NFO,02/01/2024,10:08:59,0.45,0.4,90040,0.45,117280,0,411480
FINNIFTY02JAN2422250CE.NFO,02/01/2024,10:09:11,0.4,0.4,88160,0.45,117760,1840,411480
FINNIFTY02JAN2422250CE.NFO,02/01/2024,10:09:23,0.45,0.4,88080,0.45,119920,120,411480
FINNIFTY02JAN2422250CE.NFO,02/01/2024,10:09:45,0.4,0.4,87960,0.45,119880,160,411480
FINNIFTY02JAN2422250CE.NFO,02/01/2024,10:09:57,0.4,0.4,98880,0.45,119880,0,411480
FINNIFTY02JAN2422250CE.NFO,02/01/2024,10:10:08,0.45,0.4,82000,0.45,104560,28120,411480
FINNIFTY02JAN2422250CE.NFO,02/01/2024,10:10:19,0.45,0.4,94160,0.45,94240,12480,411480
FINNIFTY02JAN2422250CE.NFO,02/01/2024,10:10:30,0.45,0.4,94160,0.45,65560,13040,411480
FINNIFTY02JAN2422250CE.NFO,02/01/2024,10:10:42,0.45,0.4,105120,0.45,64200,1840,411480
FINNIFTY02JAN2422250CE.NFO,02/01/2024,10:10:53,0.45,0.4,104360,0.45,63680,520,411480
FINNIFTY02JAN2422250CE.NFO,02/01/2024,10:11:04,0.4,0.4,104280,0.45,62320,1040,411480
FINNIFTY02JAN2422250CE.NFO,02/01/2024,10:11:15,0.4,0.4,104280,0.45,62320,0,411480
FINNIFTY02JAN2422250CE.NFO,02/01/2024,10:11:26,0.4,0.4,100760,0.45,89640,5600,411480
FINNIFTY02JAN2422250CE.NFO,02/01/2024,10:11:37,0.45,0.4,100520,0.45,91920,240,435960
FINNIFTY02JAN2422250CE.NFO,02/01/2024,10:11:48,0.4,0.4,84680,0.45,91920,1840,435960
FINNIFTY02JAN2422250CE.NFO,02/01/2024,10:11:58,0.4,0.4,55480,0.45,74960,47200,435960
FINNIFTY02JAN2422250CE.NFO,02/01/2024,10:12:08,0.4,0.4,62040,0.45,73880,440,435960
FINNIFTY02JAN2422250CE.NFO,02/01/2024,10:12:18,0.4,0.4,64160,0.45,69880,360,435960
FINNIFTY02JAN2422250CE.NFO,02/01/2024,10:12:39,0.4,0.4,61280,0.45,68800,0,435960
FINNIFTY02JAN2422250CE.NFO,02/01/2024,10:12:51,0.4,0.4,62280,0.45,67400,0,435960
FINNIFTY02JAN2422250CE.NFO,02/01/2024,10:13:03,0.4,0.4,61240,0.45,67400,1040,435960
FINNIFTY02JAN2422250CE.NFO,02/01/2024,10:13:14,0.4,0.4,61040,0.45,70600,200,435960
FINNIFTY02JAN2422250CE.NFO,02/01/2024,10:13:24,0.4,0.4,60800,0.45,72200,240,435960
FINNIFTY02JAN2422250CE.NFO,02/01/2024,10:13:35,0.4,0.4,60800,0.45,71000,0,435960
FINNIFTY02JAN2422250CE.NFO,02/01/2024,10:13:46,0.4,0.4,59720,0.45,68400,2440,435960
FINNIFTY02JAN2422250CE.NFO,02/01/2024,10:13:56,0.4,0.4,60640,0.45,68400,0,435960
FINNIFTY02JAN2422250CE.NFO,02/01/2024,10:14:07,0.4,0.4,59680,0.45,68800,40,435960
FINNIFTY02JAN2422250CE.NFO,02/01/2024,10:14:17,0.45,0.4,60600,0.45,64000,1200,435960
FINNIFTY02JAN2422250CE.NFO,02/01/2024,10:14:28,0.4,0.4,59480,0.45,64000,2000,435960
FINNIFTY02JAN2422250CE.NFO,02/01/2024,10:14:38,0.45,0.4,59400,0.45,58240,8680,406960
FINNIFTY02JAN2422250CE.NFO,02/01/2024,10:14:49,0.45,0.4,59400,0.45,58240,0,406960
FINNIFTY02JAN2422250CE.NFO,02/01/2024,10:14:59,0.4,0.4,60680,0.45,58240,40,406960
FINNIFTY02JAN2422250CE.NFO,02/01/2024,10:15:09,0.4,0.4,60640,0.45,58240,40,406960
FINNIFTY02JAN2422250CE.NFO,02/01/2024,10:15:19,0.4,0.4,60640,0.45,58240,0,406960
FINNIFTY02JAN2422250CE.NFO,02/01/2024,10:15:30,0.4,0.4,59360,0.45,58240,1280,406960
FINNIFTY02JAN2422250CE.NFO,02/01/2024,10:15:40,0.4,0.4,59240,0.45,60040,120,406960
FINNIFTY02JAN2422250CE.NFO,02/01/2024,10:15:50,0.4,0.4,59200,0.45,60040,40,406960
FINNIFTY02JAN2422250CE.NFO,02/01/2024,10:16:00,0.45,0.4,59160,0.45,59400,1120,406960
FINNIFTY02JAN2422250CE.NFO,02/01/2024,10:16:11,0.4,0.4,65320,0.45,58080,40,406960
FINNIFTY02JAN2422250CE.NFO,02/01/2024,10:16:21,0.4,0.4,64440,0.45,58560,0,406960
FINNIFTY02JAN2422250CE.NFO,02/01/2024,10:16:32,0.4,0.4,58360,0.45,58560,0,406960
FINNIFTY02JAN2422250CE.NFO,02/01/2024,10:16:41,0.4,0.4,57200,0.45,57280,440,406960
FINNIFTY02JAN2422250CE.NFO,02/01/2024,10:16:52,0.4,0.4,58080,0.45,57680,0,406960
FINNIFTY02JAN2422250CE.NFO,02/01/2024,10:17:14,0.4,0.4,57200,0.45,57440,0,406960
FINNIFTY02JAN2422250CE.NFO,02/01/2024,10:17:25,0.4,0.4,57200,0.45,41320,0,406960
FINNIFTY02JAN2422250CE.NFO,02/01/2024,10:17:36,0.4,0.4,56800,0.45,49120,400,400840
FINNIFTY02JAN2422250CE.NFO,02/01/2024,10:17:46,0.4,0.4,57800,0.45,49320,0,400840
FINNIFTY02JAN2422250CE.NFO,02/01/2024,10:17:56,0.45,0.4,57800,0.45,49200,120,400840
FINNIFTY02JAN2422250CE.NFO,02/01/2024,10:18:06,0.45,0.4,72960,0.45,49200,0,400840
FINNIFTY02JAN2422250CE.NFO,02/01/2024,10:18:43,0.4,0.4,58880,0.45,48320,80,400840
FINNIFTY02JAN2422250CE.NFO,02/01/2024,10:18:53,0.4,0.4,58840,0.45,48320,40,400840
FINNIFTY02JAN2422250CE.NFO,02/01/2024,10:19:02,0.4,0.4,58120,0.45,48720,40,400840
FINNIFTY02JAN2422250CE.NFO,02/01/2024,10:19:12,0.4,0.4,67120,0.45,49600,0,400840
FINNIFTY02JAN2422250CE.NFO,02/01/2024,10:19:23,0.4,0.4,67120,0.45,48720,0,400840
FINNIFTY02JAN2422250CE.NFO,02/01/2024,10:19:33,0.45,0.4,67120,0.45,47880,1800,400840
FINNIFTY02JAN2422250CE.NFO,02/01/2024,10:19:43,0.45,0.4,81640,0.45,68680,0,400840
FINNIFTY02JAN2422250CE.NFO,02/01/2024,10:19:52,0.45,0.4,100720,0.45,72840,0,400840
FINNIFTY02JAN2422250CE.NFO,02/01/2024,10:20:02,0.45,0.4,100480,0.45,71640,1200,400840
FINNIFTY02JAN2422250CE.NFO,02/01/2024,10:20:12,0.4,0.4,100120,0.45,71640,120,400840
FINNIFTY02JAN2422250CE.NFO,02/01/2024,10:20:21,0.4,0.4,91160,0.45,72200,0,400840
FINNIFTY02JAN2422250CE.NFO,02/01/2024,10:20:31,0.45,0.4,88480,0.45,72480,40,400840
FINNIFTY02JAN2422250CE.NFO,02/01/2024,10:20:50,0.45,0.4,86160,0.45,72480,0,400840
FINNIFTY02JAN2422250CE.NFO,02/01/2024,10:20:59,0.45,0.4,80600,0.45,71080,8680,401160
FINNIFTY02JAN2422250CE.NFO,02/01/2024,10:21:09,0.45,0.4,80600,0.45,80080,0,401160
FINNIFTY02JAN2422250CE.NFO,02/01/2024,10:21:19,0.45,0.4,80600,0.45,79000,200,401160
FINNIFTY02JAN2422250CE.NFO,02/01/2024,10:21:30,0.4,0.4,80520,0.45,79520,80,401160
FINNIFTY02JAN2422250CE.NFO,02/01/2024,10:21:41,0.4,0.4,66520,0.45,79920,0,401160
FINNIFTY02JAN2422250CE.NFO,02/01/2024,10:21:51,0.4,0.4,66320,0.45,79920,200,401160
FINNIFTY02JAN2422250CE.NFO,02/01/2024,10:22:00,0.4,0.4,66320,0.45,80160,0,401160
FINNIFTY02JAN2422250CE.NFO,02/01/2024,10:22:20,0.4,0.4,66280,0.45,80120,40,401160
FINNIFTY02JAN2422250CE.NFO,02/01/2024,10:22:40,0.4,0.4,65680,0.45,79720,120,401160
FINNIFTY02JAN2422250CE.NFO,02/01/2024,10:23:00,0.4,0.4,66120,0.45,80120,0,401160
FINNIFTY02JAN2422250CE.NFO,02/01/2024,10:23:10,0.4,0.4,66400,0.45,79480,840,401160
FINNIFTY02JAN2422250CE.NFO,02/01/2024,10:23:31,0.45,0.4,65280,0.45,80240,80,401160
FINNIFTY02JAN2422250CE.NFO,02/01/2024,10:23:41,0.45,0.4,65280,0.45,80240,0,401160
FINNIFTY02JAN2422250CE.NFO,02/01/2024,10:23:52,0.45,0.4,77760,0.45,80480,0,401160
FINNIFTY02JAN2422250CE.NFO,02/01/2024,10:24:03,0.45,0.4,78240,0.45,79640,1720,394840
FINNIFTY02JAN2422250CE.NFO,02/01/2024,10:24:13,0.45,0.4,77120,0.45,80120,0,394840
FINNIFTY02JAN2422250CE.NFO,02/01/2024,10:24:33,0.45,0.4,77200,0.45,80120,0,394840
FINNIFTY02JAN2422250CE.NFO,02/01/2024,10:25:24,0.4,0.4,76840,0.45,80520,360,394840
FINNIFTY02JAN2422250CE.NFO,02/01/2024,10:25:34,0.4,0.4,76760,0.45,80360,0,394840
FINNIFTY02JAN2422250CE.NFO,02/01/2024,10:25:54,0.45,0.4,77880,0.45,80200,1600,394840
FINNIFTY02JAN2422250CE.NFO,02/01/2024,10:26:05,0.4,0.4,77760,0.45,82280,920,394840
FINNIFTY02JAN2422250CE.NFO,02/01/2024,10:26:35,0.4,0.4,77760,0.45,82280,0,394840
FINNIFTY02JAN2422250CE.NFO,02/01/2024,10:26:46,0.45,0.4,76640,0.45,82600,120,395480
FINNIFTY02JAN2422250CE.NFO,02/01/2024,10:26:57,0.45,0.4,76640,0.45,66000,0,395480
FINNIFTY02JAN2422250CE.NFO,02/01/2024,10:27:08,0.4,0.4,76320,0.45,73200,320,395480
FINNIFTY02JAN2422250CE.NFO,02/01/2024,10:27:19,0.4,0.4,76640,0.45,73600,640,395480
FINNIFTY02JAN2422250CE.NFO,02/01/2024,10:27:30,0.4,0.4,76640,0.45,73600,0,395480
FINNIFTY02JAN2422250CE.NFO,02/01/2024,10:27:40,0.4,0.4,77760,0.45,73200,0,395480
FINNIFTY02JAN2422250CE.NFO,02/01/2024,10:27:50,0.45,0.4,76640,0.45,70920,1800,395480
FINNIFTY02JAN2422250CE.NFO,02/01/2024,10:28:10,0.4,0.4,77240,0.45,71400,520,395480
FINNIFTY02JAN2422250CE.NFO,02/01/2024,10:28:30,0.4,0.4,74360,0.45,71400,400,395480
FINNIFTY02JAN2422250CE.NFO,02/01/2024,10:28:39,0.45,0.4,75720,0.45,70560,600,395480
FINNIFTY02JAN2422250CE.NFO,02/01/2024,10:29:23,0.45,0.4,75720,0.45,70160,0,395480
FINNIFTY02JAN2422250CE.NFO,02/01/2024,10:29:48,0.4,0.4,74440,0.45,70160,160,395520
FINNIFTY02JAN2422250CE.NFO,02/01/2024,10:29:57,0.4,0.4,74440,0.45,71040,0,395520
FINNIFTY02JAN2422250CE.NFO,02/01/2024,10:30:05,0.4,0.4,76320,0.45,69920,2400,395520
FINNIFTY02JAN2422250CE.NFO,02/01/2024,10:30:15,0.4,0.4,75520,0.45,71240,80,395520
FINNIFTY02JAN2422250CE.NFO,02/01/2024,10:30:25,0.4,0.4,76640,0.45,69920,0,395520
FINNIFTY02JAN2422250CE.NFO,02/01/2024,10:30:34,0.4,0.4,75520,0.45,70320,0,395520
FINNIFTY02JAN2422250CE.NFO,02/01/2024,10:30:44,0.45,0.4,75520,0.45,69240,600,395520
FINNIFTY02JAN2422250CE.NFO,02/01/2024,10:30:54,0.4,0.4,75480,0.45,70440,200,395520
FINNIFTY02JAN2422250CE.NFO,02/01/2024,10:31:03,0.4,0.4,75480,0.45,70840,0,395520
FINNIFTY02JAN2422250CE.NFO,02/01/2024,10:31:21,0.4,0.4,75480,0.45,70600,0,395520
FINNIFTY02JAN2422250CE.NFO,02/01/2024,10:31:30,0.45,0.4,75600,0.45,85080,19240,395520
FINNIFTY02JAN2422250CE.NFO,02/01/2024,10:31:40,0.4,0.4,76680,0.45,84000,40,395520
FINNIFTY02JAN2422250CE.NFO,02/01/2024,10:31:50,0.4,0.4,76680,0.45,84920,0,395520
FINNIFTY02JAN2422250CE.NFO,02/01/2024,10:32:01,0.4,0.4,76280,0.45,84040,2480,395520
FINNIFTY02JAN2422250CE.NFO,02/01/2024,10:32:10,0.4,0.4,74000,0.45,85320,1720,395520
FINNIFTY02JAN2422250CE.NFO,02/01/2024,10:32:20,0.4,0.4,70600,0.45,87120,600,395520
FINNIFTY02JAN2422250CE.NFO,02/01/2024,10:32:30,0.4,0.4,68360,0.45,86240,3000,395520
FINNIFTY02JAN2422250CE.NFO,02/01/2024,10:32:39,0.4,0.4,67840,0.45,86240,40,396200
FINNIFTY02JAN2422250CE.NFO,02/01/2024,10:32:49,0.4,0.4,68720,0.45,84440,40,396200
FINNIFTY02JAN2422250CE.NFO,02/01/2024,10:32:59,0.4,0.4,65680,0.45,86240,4360,396200
FINNIFTY02JAN2422250CE.NFO,02/01/2024,10:33:08,0.4,0.4,66480,0.45,87240,0,396200
FINNIFTY02JAN2422250CE.NFO,02/01/2024,10:33:16,0.4,0.4,67360,0.45,87240,0,396200
FINNIFTY02JAN2422250CE.NFO,02/01/2024,10:33:35,0.4,0.4,63440,0.45,87480,3440,396200
FINNIFTY02JAN2422250CE.NFO,02/01/2024,10:33:44,0.4,0.4,63040,0.45,87480,0,396200
FINNIFTY02JAN2422250CE.NFO,02/01/2024,10:33:54,0.4,0.4,62200,0.45,88360,360,396200
FINNIFTY02JAN2422250CE.NFO,02/01/2024,10:34:03,0.4,0.4,62440,0.45,87240,240,396200
FINNIFTY02JAN2422250CE.NFO,02/01/2024,10:34:13,0.4,0.4,62440,0.45,88120,0,396200
FINNIFTY02JAN2422250CE.NFO,02/01/2024,10:34:23,0.4,0.4,60640,0.45,88120,1800,396200
FINNIFTY02JAN2422250CE.NFO,02/01/2024,10:34:32,0.4,0.4,55160,0.45,87720,5000,396200
FINNIFTY02JAN2422250CE.NFO,02/01/2024,10:34:41,0.4,0.35,145600,0.4,76680,30040,396200
FINNIFTY02JAN2422250CE.NFO,02/01/2024,10:34:50,0.35,0.35,151160,0.4,76280,1160,396200
FINNIFTY02JAN2422250CE.NFO,02/01/2024,10:34:59,0.35,0.35,150720,0.4,76280,440,396200
FINNIFTY02JAN2422250CE.NFO,02/01/2024,10:35:08,0.35,0.35,152400,0.4,76280,0,396200
FINNIFTY02JAN2422250CE.NFO,02/01/2024,10:35:17,0.4,0.35,152400,0.4,74600,1200,396200
FINNIFTY02JAN2422250CE.NFO,02/01/2024,10:35:26,0.4,0.35,152400,0.4,84120,0,396200
FINNIFTY02JAN2422250CE.NFO,02/01/2024,10:35:35,0.35,0.35,151600,0.4,84120,800,396200
FINNIFTY02JAN2422250CE.NFO,02/01/2024,10:35:44,0.35,0.35,151600,0.4,83240,0,396200
FINNIFTY02JAN2422250CE.NFO,02/01/2024,10:35:52,0.35,0.35,142160,0.4,83240,8960,397560
FINNIFTY02JAN2422250CE.NFO,02/01/2024,10:36:01,0.35,0.35,142560,0.4,108880,80,397560
FINNIFTY02JAN2422250CE.NFO,02/01/2024,10:36:10,0.35,0.35,142560,0.4,108880,0,397560
FINNIFTY02JAN2422250CE.NFO,02/01/2024,10:36:20,0.35,0.35,142520,0.4,108880,40,397560
FINNIFTY02JAN2422250CE.NFO,02/01/2024,10:36:32,0.35,0.35,142520,0.4,108400,0,397560
FINNIFTY02JAN2422250CE.NFO,02/01/2024,10:36:43,0.35,0.35,134200,0.4,86880,1120,397560
FINNIFTY02JAN2422250CE.NFO,02/01/2024,10:36:55,0.35,0.35,134200,0.4,93600,0,397560
FINNIFTY02JAN2422250CE.NFO,02/01/2024,10:37:06,0.4,0.35,134280,0.4,94480,6840,397560
FINNIFTY02JAN2422250CE.NFO,02/01/2024,10:37:17,0.35,0.35,130680,0.4,104920,3960,397560
FINNIFTY02JAN2422250CE.NFO,02/01/2024,10:37:28,0.35,0.35,130680,0.4,108520,0,397560
FINNIFTY02JAN2422250CE.NFO,02/01/2024,10:37:48,0.4,0.35,130200,0.4,107080,560,397560
FINNIFTY02JAN2422250CE.NFO,02/01/2024,10:38:08,0.4,0.35,130200,0.4,107960,0,397560
FINNIFTY02JAN2422250CE.NFO,02/01/2024,10:38:27,0.4,0.35,132000,0.4,107560,0,397560
FINNIFTY02JAN2422250CE.NFO,02/01/2024,10:38:36,0.4,0.35,130200,0.4,107560,0,397560
FINNIFTY02JAN2422250CE.NFO,02/01/2024,10:39:07,0.4,0.35,129320,0.4,106880,200,396400
FINNIFTY02JAN2422250CE.NFO,02/01/2024,10:39:17,0.35,0.35,129280,0.4,115520,40,396400
FINNIFTY02JAN2422250CE.NFO,02/01/2024,10:39:28,0.35,0.35,129280,0.4,116800,0,396400
FINNIFTY02JAN2422250CE.NFO,02/01/2024,10:40:53,0.4,0.35,130360,0.4,115240,200,396400
FINNIFTY02JAN2422250CE.NFO,02/01/2024,10:41:03,0.35,0.35,128440,0.4,115680,1560,396400
FINNIFTY02JAN2422250CE.NFO,02/01/2024,10:41:13,0.35,0.35,128440,0.4,115680,0,396400
FINNIFTY02JAN2422250CE.NFO,02/01/2024,10:41:23,0.35,0.35,132040,0.4,115280,0,396400
FINNIFTY02JAN2422250CE.NFO,02/01/2024,10:41:43,0.4,0.35,137440,0.4,114400,400,396360
FINNIFTY02JAN2422250CE.NFO,02/01/2024,10:41:53,0.4,0.35,137440,0.4,114880,0,396360
FINNIFTY02JAN2422250CE.NFO,02/01/2024,10:43:03,0.35,0.35,134040,0.4,115280,3400,396360
FINNIFTY02JAN2422250CE.NFO,02/01/2024,10:43:13,0.35,0.35,134040,0.4,118880,0,396360
FINNIFTY02JAN2422250CE.NFO,02/01/2024,10:43:33,0.35,0.35,135040,0.4,118880,0,396360
FINNIFTY02JAN2422250CE.NFO,02/01/2024,10:43:43,0.4,0.35,137880,0.4,118240,3600,396360
FINNIFTY02JAN2422250CE.NFO,02/01/2024,10:43:53,0.4,0.35,137880,0.4,118720,0,396360
FINNIFTY02JAN2422250CE.NFO,02/01/2024,10:44:03,0.4,0.35,138400,0.4,116840,6200,396360
FINNIFTY02JAN2422250CE.NFO,02/01/2024,10:44:13,0.4,0.35,138400,0.4,120200,0,396360
FINNIFTY02JAN2422250CE.NFO,02/01/2024,10:44:22,0.4,0.35,138400,0.4,120680,0,396360
FINNIFTY02JAN2422250CE.NFO,02/01/2024,10:44:33,0.4,0.35,138920,0.4,117600,1680,396360
FINNIFTY02JAN2422250CE.NFO,02/01/2024,10:44:43,0.35,0.35,88120,0.4,100960,28760,389960
FINNIFTY02JAN2422250CE.NFO,02/01/2024,10:44:53,0.35,0.35,74120,0.4,129560,0,389960
FINNIFTY02JAN2422250CE.NFO,02/01/2024,10:45:02,0.35,0.35,79040,0.4,128960,0,389960
FINNIFTY02JAN2422250CE.NFO,02/01/2024,10:45:12,0.4,0.35,69640,0.4,132760,200,389960
FINNIFTY02JAN2422250CE.NFO,02/01/2024,10:45:22,0.4,0.35,104320,0.4,132440,320,389960
FINNIFTY02JAN2422250CE.NFO,02/01/2024,10:45:41,0.4,0.35,103800,0.4,132440,0,389960
FINNIFTY02JAN2422250CE.NFO,02/01/2024,10:45:51,0.4,0.35,104360,0.4,131520,4680,389960
FINNIFTY02JAN2422250CE.NFO,02/01/2024,10:46:19,0.4,0.35,104200,0.4,132320,1000,389960
FINNIFTY02JAN2422250CE.NFO,02/01/2024,10:46:29,0.4,0.35,104200,0.4,133520,1000,389960
FINNIFTY02JAN2422250CE.NFO,02/01/2024,10:46:39,0.4,0.35,104200,0.4,134600,720,389960
FINNIFTY02JAN2422250CE.NFO,02/01/2024,10:46:49,0.4,0.35,104000,0.4,133960,440,389960
FINNIFTY02JAN2422250CE.NFO,02/01/2024,10:46:59,0.4,0.35,104000,0.4,134400,1280,389960
FINNIFTY02JAN2422250CE.NFO,02/01/2024,10:47:18,0.4,0.35,104000,0.4,136680,0,389960
FINNIFTY02JAN2422250CE.NFO,02/01/2024,10:47:27,0.4,0.35,104000,0.4,137000,1000,389960
FINNIFTY02JAN2422250CE.NFO,02/01/2024,10:47:55,0.35,0.35,102760,0.4,135800,80,397640
FINNIFTY02JAN2422250CE.NFO,02/01/2024,10:48:05,0.35,0.35,107240,0.4,135800,0,397640
FINNIFTY02JAN2422250CE.NFO,02/01/2024,10:48:14,0.35,0.35,104240,0.4,132400,0,397640
FINNIFTY02JAN2422250CE.NFO,02/01/2024,10:48:33,0.35,0.35,100240,0.4,132400,0,397640
FINNIFTY02JAN2422250CE.NFO,02/01/2024,10:48:52,0.4,0.35,100240,0.4,132120,200,397640
FINNIFTY02JAN2422250CE.NFO,02/01/2024,10:49:01,0.4,0.35,100240,0.4,131920,200,397640
FINNIFTY02JAN2422250CE.NFO,02/01/2024,10:49:12,0.35,0.35,99200,0.4,133880,1760,397640
FINNIFTY02JAN2422250CE.NFO,02/01/2024,10:49:22,0.35,0.35,99200,0.4,134280,0,397640
FINNIFTY02JAN2422250CE.NFO,02/01/2024,10:50:10,0.4,0.35,99200,0.4,135400,2000,397640
FINNIFTY02JAN2422250CE.NFO,02/01/2024,10:50:39,0.4,0.35,98320,0.4,137760,800,399720
FINNIFTY02JAN2422250CE.NFO,02/01/2024,10:50:49,0.4,0.35,98320,0.4,137120,160,399720
FINNIFTY02JAN2422250CE.NFO,02/01/2024,10:51:00,0.35,0.35,97920,0.4,138440,1360,399720
FINNIFTY02JAN2422250CE.NFO,02/01/2024,10:51:10,0.4,0.35,99800,0.4,137520,18280,399720
FINNIFTY02JAN2422250CE.NFO,02/01/2024,10:51:50,0.4,0.35,99800,0.4,136920,600,399720
FINNIFTY02JAN2422250CE.NFO,02/01/2024,10:51:59,0.4,0.35,99800,0.4,137400,0,399720
FINNIFTY02JAN2422250CE.NFO,02/01/2024,10:53:15,0.4,0.35,100680,0.4,134240,1800,399720
FINNIFTY02JAN2422250CE.NFO,02/01/2024,10:53:25,0.4,0.35,100680,0.4,132440,1800,399720
FINNIFTY02JAN2422250CE.NFO,02/01/2024,10:53:34,0.4,0.35,101680,0.4,136120,0,399720
FINNIFTY02JAN2422250CE.NFO,02/01/2024,10:53:43,0.4,0.35,101680,0.4,134320,1800,407480
FINNIFTY02JAN2422250CE.NFO,02/01/2024,10:53:52,0.4,0.35,101680,0.4,134320,0,407480
FINNIFTY02JAN2422250CE.NFO,02/01/2024,10:54:02,0.4,0.35,101680,0.4,134960,0,407480
FINNIFTY02JAN2422250CE.NFO,02/01/2024,10:54:21,0.35,0.35,101480,0.4,134720,200,407480
FINNIFTY02JAN2422250CE.NFO,02/01/2024,10:54:31,0.35,0.35,101480,0.4,134720,0,407480
FINNIFTY02JAN2422250CE.NFO,02/01/2024,10:54:49,0.35,0.35,101480,0.4,135840,0,407480
FINNIFTY02JAN2422250CE.NFO,02/01/2024,10:54:58,0.35,0.35,100960,0.4,134960,40,407480
FINNIFTY02JAN2422250CE.NFO,02/01/2024,10:55:35,0.35,0.35,101440,0.4,134960,0,407480
FINNIFTY02JAN2422250CE.NFO,02/01/2024,10:55:53,0.35,0.35,101440,0.4,134720,0,407480
FINNIFTY02JAN2422250CE.NFO,02/01/2024,10:56:20,0.4,0.35,100560,0.4,135000,120,407480
FINNIFTY02JAN2422250CE.NFO,02/01/2024,10:56:38,0.4,0.35,100560,0.4,135480,0,407480
FINNIFTY02JAN2422250CE.NFO,02/01/2024,10:56:49,0.35,0.35,100320,0.4,135320,600,407680
FINNIFTY02JAN2422250CE.NFO,02/01/2024,10:57:10,0.35,0.35,98680,0.4,135320,1160,407680
FINNIFTY02JAN2422250CE.NFO,02/01/2024,10:57:20,0.35,0.35,72480,0.4,136840,2800,407680
FINNIFTY02JAN2422250CE.NFO,02/01/2024,10:57:30,0.35,0.35,73920,0.4,137320,0,407680
FINNIFTY02JAN2422250CE.NFO,02/01/2024,10:57:40,0.35,0.35,73160,0.4,137320,280,407680
FINNIFTY02JAN2422250CE.NFO,02/01/2024,10:57:50,0.35,0.35,74520,0.4,136840,0,407680
FINNIFTY02JAN2422250CE.NFO,02/01/2024,10:58:01,0.4,0.35,74520,0.4,135520,40,407680
FINNIFTY02JAN2422250CE.NFO,02/01/2024,10:58:11,0.4,0.35,74520,0.4,135440,80,407680
FINNIFTY02JAN2422250CE.NFO,02/01/2024,10:58:21,0.4,0.35,74520,0.4,136720,0,407680
FINNIFTY02JAN2422250CE.NFO,02/01/2024,10:58:30,0.4,0.35,73640,0.4,137000,200,407680
FINNIFTY02JAN2422250CE.NFO,02/01/2024,10:59:16,0.4,0.35,73640,0.4,146520,0,407680
FINNIFTY02JAN2422250CE.NFO,02/01/2024,11:00:03,0.4,0.35,74520,0.4,146520,0,407680
FINNIFTY02JAN2422250CE.NFO,02/01/2024,11:00:12,0.4,0.35,73640,0.4,146520,0,407680
FINNIFTY02JAN2422250CE.NFO,02/01/2024,11:00:32,0.4,0.35,74520,0.4,124040,0,407680
FINNIFTY02JAN2422250CE.NFO,02/01/2024,11:00:41,0.4,0.35,74520,0.4,132120,0,407680
FINNIFTY02JAN2422250CE.NFO,02/01/2024,11:00:51,0.4,0.35,73640,0.4,132120,0,407680
FINNIFTY02JAN2422250CE.NFO,02/01/2024,11:01:20,0.4,0.35,73640,0.4,131720,0,407680
FINNIFTY02JAN2422250CE.NFO,02/01/2024,11:01:48,0.4,0.35,73640,0.4,132120,0,407680
FINNIFTY02JAN2422250CE.NFO,02/01/2024,11:02:18,0.4,0.35,73640,0.4,132160,440,407280
FINNIFTY02JAN2422250CE.NFO,02/01/2024,11:02:28,0.4,0.35,73640,0.4,130680,1000,407280
FINNIFTY02JAN2422250CE.NFO,02/01/2024,11:03:15,0.4,0.35,74520,0.4,130280,0,407280
FINNIFTY02JAN2422250CE.NFO,02/01/2024,11:03:34,0.35,0.35,82560,0.4,127280,23240,406840
FINNIFTY02JAN2422250CE.NFO,02/01/2024,11:03:43,0.35,0.35,84000,0.4,127280,0,406840
FINNIFTY02JAN2422250CE.NFO,02/01/2024,11:04:01,0.35,0.35,84880,0.4,116400,0,406840
FINNIFTY02JAN2422250CE.NFO,02/01/2024,11:04:11,0.35,0.35,95800,0.4,116600,0,406840
FINNIFTY02JAN2422250CE.NFO,02/01/2024,11:04:21,0.35,0.35,96680,0.4,116600,80,406840
FINNIFTY02JAN2422250CE.NFO,02/01/2024,11:04:30,0.35,0.35,82000,0.4,113880,5400,406840
FINNIFTY02JAN2422250CE.NFO,02/01/2024,11:04:39,0.35,0.35,80520,0.4,113880,120,406840
FINNIFTY02JAN2422250CE.NFO,02/01/2024,11:04:49,0.35,0.35,80880,0.4,113880,120,406840
FINNIFTY02JAN2422250CE.NFO,02/01/2024,11:04:58,0.35,0.35,80320,0.4,113880,80,406840
FINNIFTY02JAN2422250CE.NFO,02/01/2024,11:05:17,0.35,0.35,70800,0.4,80880,9880,406840
FINNIFTY02JAN2422250CE.NFO,02/01/2024,11:05:25,0.35,0.35,70680,0.4,125280,120,406840
FINNIFTY02JAN2422250CE.NFO,02/01/2024,11:05:35,0.35,0.35,70520,0.4,125560,160,406840
FINNIFTY02JAN2422250CE.NFO,02/01/2024,11:05:44,0.35,0.35,70520,0.4,125680,0,406840
FINNIFTY02JAN2422250CE.NFO,02/01/2024,11:05:54,0.35,0.35,70520,0.4,124680,0,406840
FINNIFTY02JAN2422250CE.NFO,02/01/2024,11:06:03,0.35,0.35,70040,0.4,124720,0,406840
FINNIFTY02JAN2422250CE.NFO,02/01/2024,11:06:22,0.35,0.3,188920,0.35,101200,29280,392480
FINNIFTY02JAN2422250CE.NFO,02/01/2024,11:06:31,0.35,0.3,188920,0.35,104040,0,392480
FINNIFTY02JAN2422250CE.NFO,02/01/2024,11:06:40,0.35,0.3,176320,0.35,104040,0,392480
FINNIFTY02JAN2422250CE.NFO,02/01/2024,11:07:00,0.35,0.3,176320,0.35,103920,0,392480
FINNIFTY02JAN2422250CE.NFO,02/01/2024,11:07:09,0.35,0.3,176880,0.35,113840,7600,392480
FINNIFTY02JAN2422250CE.NFO,02/01/2024,11:07:19,0.35,0.3,176880,0.35,123840,0,392480
FINNIFTY02JAN2422250CE.NFO,02/01/2024,11:07:29,0.35,0.3,176880,0.35,123880,0,392480
FINNIFTY02JAN2422250CE.NFO,02/01/2024,11:07:38,0.35,0.3,179120,0.35,121560,6120,392480
FINNIFTY02JAN2422250CE.NFO,02/01/2024,11:07:56,0.35,0.3,178880,0.35,120880,1440,392480
FINNIFTY02JAN2422250CE.NFO,02/01/2024,11:07:56,0.3,0.3,178880,0.35,120880,0,392480
FINNIFTY02JAN2422250CE.NFO,02/01/2024,11:08:05,0.3,0.3,173800,0.35,120840,1000,392480
FINNIFTY02JAN2422250CE.NFO,02/01/2024,11:08:15,0.3,0.3,172000,0.35,121080,0,392480
FINNIFTY02JAN2422250CE.NFO,02/01/2024,11:08:24,0.3,0.3,164800,0.35,121040,0,392480
FINNIFTY02JAN2422250CE.NFO,02/01/2024,11:08:42,0.3,0.3,165280,0.35,119280,0,392480
FINNIFTY02JAN2422250CE.NFO,02/01/2024,11:08:51,0.3,0.3,165280,0.35,119240,0,392480
FINNIFTY02JAN2422250CE.NFO,02/01/2024,11:09:01,0.3,0.3,164960,0.35,119200,400,392400
FINNIFTY02JAN2422250CE.NFO,02/01/2024,11:09:11,0.35,0.35,90080,0.4,49800,138840,392400
FINNIFTY02JAN2422250CE.NFO,02/01/2024,11:09:21,0.35,0.35,111080,0.4,68800,200,392400
FINNIFTY02JAN2422250CE.NFO,02/01/2024,11:09:30,0.35,0.35,112960,0.4,54600,0,392400
FINNIFTY02JAN2422250CE.NFO,02/01/2024,11:09:39,0.35,0.35,112960,0.4,52960,0,392400
FINNIFTY02JAN2422250CE.NFO,02/01/2024,11:09:48,0.35,0.35,112960,0.4,67960,0,392400
FINNIFTY02JAN2422250CE.NFO,02/01/2024,11:09:57,0.4,0.35,120960,0.4,53360,12160,392400
FINNIFTY02JAN2422250CE.NFO,02/01/2024,11:10:06,0.35,0.35,125720,0.4,70480,12320,392400
FINNIFTY02JAN2422250CE.NFO,02/01/2024,11:10:14,0.35,0.35,126200,0.4,59480,0,392400
FINNIFTY02JAN2422250CE.NFO,02/01/2024,11:10:23,0.35,0.35,126200,0.4,58600,0,392400
FINNIFTY02JAN2422250CE.NFO,02/01/2024,11:10:32,0.35,0.35,119000,0.4,58600,0,392400
FINNIFTY02JAN2422250CE.NFO,02/01/2024,11:10:58,0.4,0.4,106960,0.45,43640,47560,392400
FINNIFTY02JAN2422250CE.NFO,02/01/2024,11:11:07,0.4,0.4,109240,0.45,51320,0,392400
FINNIFTY02JAN2422250CE.NFO,02/01/2024,11:11:16,0.4,0.4,122960,0.45,55240,5400,392400
FINNIFTY02JAN2422250CE.NFO,02/01/2024,11:11:26,0.45,0.45,82680,0.5,65800,94840,392400
FINNIFTY02JAN2422250CE.NFO,02/01/2024,11:11:35,0.45,0.4,66520,0.45,74440,59160,392400
FINNIFTY02JAN2422250CE.NFO,02/01/2024,11:11:44,0.45,0.4,61840,0.45,73320,4880,469320
FINNIFTY02JAN2422250CE.NFO,02/01/2024,11:11:53,0.45,0.4,69560,0.45,73880,0,469320
FINNIFTY02JAN2422250CE.NFO,02/01/2024,11:12:03,0.45,0.4,68600,0.45,51920,0,469320
FINNIFTY02JAN2422250CE.NFO,02/01/2024,11:12:12,0.45,0.4,66040,0.45,43120,0,469320
FINNIFTY02JAN2422250CE.NFO,02/01/2024,11:12:21,0.45,0.4,70400,0.45,48080,0,469320
FINNIFTY02JAN2422250CE.NFO,02/01/2024,11:12:40,0.45,0.4,71440,0.45,48080,0,469320
FINNIFTY02JAN2422250CE.NFO,02/01/2024,11:12:48,0.45,0.4,72200,0.45,60320,360,469320
FINNIFTY02JAN2422250CE.NFO,02/01/2024,11:12:57,0.45,0.4,65920,0.45,53120,3840,469320
FINNIFTY02JAN2422250CE.NFO,02/01/2024,11:13:06,0.45,0.4,72160,0.45,51320,0,469320
FINNIFTY02JAN2422250CE.NFO,02/01/2024,11:13:15,0.45,0.4,72160,0.45,53920,200,469320
FINNIFTY02JAN2422250CE.NFO,02/01/2024,11:13:24,0.45,0.4,83680,0.45,57960,16120,469320
FINNIFTY02JAN2422250CE.NFO,02/01/2024,11:13:34,0.5,0.45,113840,0.5,32800,46720,469320
FINNIFTY02JAN2422250CE.NFO,02/01/2024,11:13:44,0.5,0.45,108680,0.5,46800,11520,469320
FINNIFTY02JAN2422250CE.NFO,02/01/2024,11:13:54,0.45,0.45,112000,0.5,48000,400,469320
FINNIFTY02JAN2422250CE.NFO,02/01/2024,11:14:03,0.55,0.5,73440,0.55,36960,56280,469320
FINNIFTY02JAN2422250CE.NFO,02/01/2024,11:14:13,0.55,0.5,75160,0.55,35440,160,469320
FINNIFTY02JAN2422250CE.NFO,02/01/2024,11:14:22,0.55,0.5,69640,0.55,30600,320,469320
FINNIFTY02JAN2422250CE.NFO,02/01/2024,11:14:30,0.55,0.5,67720,0.55,26920,1800,469320
FINNIFTY02JAN2422250CE.NFO,02/01/2024,11:14:39,0.55,0.55,61920,0.6,36080,26400,469320
FINNIFTY02JAN2422250CE.NFO,02/01/2024,11:14:49,0.55,0.55,59800,0.6,32440,5320,466760
FINNIFTY02JAN2422250CE.NFO,02/01/2024,11:14:58,0.55,0.55,44760,0.6,36200,20880,466760
FINNIFTY02JAN2422250CE.NFO,02/01/2024,11:15:08,0.55,0.5,47160,0.55,35560,41720,466760
FINNIFTY02JAN2422250CE.NFO,02/01/2024,11:15:18,0.5,0.5,44440,0.55,39840,7600,466760
FINNIFTY02JAN2422250CE.NFO,02/01/2024,11:15:28,0.55,0.55,36240,0.6,36200,44400,466760
FINNIFTY02JAN2422250CE.NFO,02/01/2024,11:15:30,0.55,0.55,26840,0.6,41000,12800,466760
FINNIFTY02JAN2422250CE.NFO,02/01/2024,11:15:32,0.55,0.5,33840,0.55,30360,17000,466760
FINNIFTY02JAN2422250CE.NFO,02/01/2024,11:15:33,0.55,0.5,34240,0.55,33600,800,466760
FINNIFTY02JAN2422250CE.NFO,02/01/2024,11:15:35,0.55,0.5,34560,0.55,32400,360,466760
FINNIFTY02JAN2422250CE.NFO,02/01/2024,11:15:37,0.55,0.5,34520,0.55,32400,0,466760
FINNIFTY02JAN2422250CE.NFO,02/01/2024,11:15:38,0.55,0.5,34840,0.55,33000,600,466760
FINNIFTY02JAN2422250CE.NFO,02/01/2024,11:15:40,0.55,0.5,35160,0.55,31640,5800,466760
FINNIFTY02JAN2422250CE.NFO,02/01/2024,11:15:42,0.55,0.5,38120,0.55,22120,7360,466760
FINNIFTY02JAN2422250CE.NFO,02/01/2024,11:15:48,0.55,0.5,38120,0.55,26200,0,466760
FINNIFTY02JAN2422250CE.NFO,02/01/2024,11:15:57,0.5,0.5,37160,0.55,27480,80,466760
FINNIFTY02JAN2422250CE.NFO,02/01/2024,11:15:58,0.5,0.5,37920,0.55,27280,320,466760
FINNIFTY02JAN2422250CE.NFO,02/01/2024,11:16:00,0.5,0.5,33080,0.55,27280,2560,466760
FINNIFTY02JAN2422250CE.NFO,02/01/2024,11:16:02,0.5,0.5,32800,0.55,27280,0,466760
FINNIFTY02JAN2422250CE.NFO,02/01/2024,11:16:06,0.55,0.5,33680,0.55,27080,200,466760
FINNIFTY02JAN2422250CE.NFO,02/01/2024,11:16:11,0.55,0.5,32800,0.55,27560,0,466760
FINNIFTY02JAN2422250CE.NFO,02/01/2024,11:16:18,0.55,0.5,32800,0.55,28680,0,466760
FINNIFTY02JAN2422250CE.NFO,02/01/2024,11:16:37,0.5,0.5,32360,0.55,28680,160,466760
FINNIFTY02JAN2422250CE.NFO,02/01/2024,11:16:47,0.5,0.5,30760,0.55,28400,4280,466760
FINNIFTY02JAN2422250CE.NFO,02/01/2024,11:16:56,0.45,0.45,45520,0.5,21200,33520,466760
FINNIFTY02JAN2422250CE.NFO,02/01/2024,11:17:05,0.5,0.5,29160,0.55,34480,33480,466760
FINNIFTY02JAN2422250CE.NFO,02/01/2024,11:17:14,0.5,0.5,29080,0.55,35960,2120,466760
FINNIFTY02JAN2422250CE.NFO,02/01/2024,11:17:23,0.5,0.45,34920,0.5,37320,15160,466760
FINNIFTY02JAN2422250CE.NFO,02/01/2024,11:17:32,0.5,0.45,34920,0.5,38920,200,466760
FINNIFTY02JAN2422250CE.NFO,02/01/2024,11:17:41,0.5,0.45,34880,0.5,38920,0,466760
FINNIFTY02JAN2422250CE.NFO,02/01/2024,11:17:51,0.5,0.45,30040,0.5,39080,4800,428320
FINNIFTY02JAN2422250CE.NFO,02/01/2024,11:17:59,0.5,0.45,39200,0.5,38040,6480,428320
FINNIFTY02JAN2422250CE.NFO,02/01/2024,11:18:09,0.45,0.45,37280,0.5,38080,480,428320
FINNIFTY02JAN2422250CE.NFO,02/01/2024,11:18:19,0.45,0.45,35480,0.5,38520,3000,428320
FINNIFTY02JAN2422250CE.NFO,02/01/2024,11:18:27,0.5,0.45,40400,0.5,39000,400,428320
FINNIFTY02JAN2422250CE.NFO,02/01/2024,11:18:35,0.5,0.45,44400,0.5,38320,3000,428320
FINNIFTY02JAN2422250CE.NFO,02/01/2024,11:18:44,0.5,0.45,39320,0.5,37520,880,428320
FINNIFTY02JAN2422250CE.NFO,02/01/2024,11:18:53,0.5,0.45,33480,0.5,39600,11680,428320
FINNIFTY02JAN2422250CE.NFO,02/01/2024,11:19:02,0.45,0.45,34640,0.5,38640,800,428320
FINNIFTY02JAN2422250CE.NFO,02/01/2024,11:19:10,0.45,0.45,34640,0.5,39640,0,428320
FINNIFTY02JAN2422250CE.NFO,02/01/2024,11:19:19,0.45,0.45,56560,0.5,39640,80,428320
FINNIFTY02JAN2422250CE.NFO,02/01/2024,11:19:27,0.5,0.45,58440,0.5,40040,2280,428320
FINNIFTY02JAN2422250CE.NFO,02/01/2024,11:19:35,0.5,0.45,60200,0.5,46000,2320,428320
FINNIFTY02JAN2422250CE.NFO,02/01/2024,11:19:44,0.5,0.45,60480,0.5,52200,2000,428320
FINNIFTY02JAN2422250CE.NFO,02/01/2024,11:19:52,0.45,0.4,80800,0.45,29960,27840,428320
FINNIFTY02JAN2422250CE.NFO,02/01/2024,11:20:00,0.45,0.4,85960,0.45,44600,1000,428320
FINNIFTY02JAN2422250CE.NFO,02/01/2024,11:20:07,0.45,0.4,84600,0.45,43160,1840,428320
FINNIFTY02JAN2422250CE.NFO,02/01/2024,11:20:16,0.45,0.4,85960,0.45,42960,200,428320
FINNIFTY02JAN2422250CE.NFO,02/01/2024,11:20:24,0.45,0.4,85920,0.45,42120,920,428320
FINNIFTY02JAN2422250CE.NFO,02/01/2024,11:20:33,0.45,0.4,85720,0.45,42280,0,428320
FINNIFTY02JAN2422250CE.NFO,02/01/2024,11:20:41,0.45,0.4,85720,0.45,44800,5400,456200
FINNIFTY02JAN2422250CE.NFO,02/01/2024,11:20:50,0.45,0.4,80320,0.45,43720,6480,456200
FINNIFTY02JAN2422250CE.NFO,02/01/2024,11:20:59,0.45,0.4,80320,0.45,43920,0,456200
FINNIFTY02JAN2422250CE.NFO,02/01/2024,11:21:16,0.45,0.4,80320,0.45,45280,0,456200
FINNIFTY02JAN2422250CE.NFO,02/01/2024,11:21:25,0.45,0.4,80520,0.45,45080,920,456200
FINNIFTY02JAN2422250CE.NFO,02/01/2024,11:21:34,0.45,0.4,80520,0.45,45080,0,456200
FINNIFTY02JAN2422250CE.NFO,02/01/2024,11:21:51,0.45,0.4,81480,0.45,45080,0,456200
FINNIFTY02JAN2422250CE.NFO,02/01/2024,11:22:09,0.45,0.4,81480,0.45,43280,1800,456200
FINNIFTY02JAN2422250CE.NFO,02/01/2024,11:22:27,0.45,0.4,81480,0.45,44000,200,456200
FINNIFTY02JAN2422250CE.NFO,02/01/2024,11:22:35,0.45,0.4,81480,0.45,43400,200,456200
FINNIFTY02JAN2422250CE.NFO,02/01/2024,11:22:44,0.45,0.4,81480,0.45,43680,200,456200
FINNIFTY02JAN2422250CE.NFO,02/01/2024,11:23:01,0.45,0.4,81480,0.45,43680,0,456200
FINNIFTY02JAN2422250CE.NFO,02/01/2024,11:23:18,0.45,0.4,81480,0.45,43400,280,456200
FINNIFTY02JAN2422250CE.NFO,02/01/2024,11:23:26,0.45,0.4,81480,0.45,43400,0,456200
FINNIFTY02JAN2422250CE.NFO,02/01/2024,11:23:43,0.45,0.4,81480,0.45,43000,400,456200
FINNIFTY02JAN2422250CE.NFO,02/01/2024,11:23:51,0.45,0.4,81480,0.45,42760,240,460080
FINNIFTY02JAN2422250CE.NFO,02/01/2024,11:24:15,0.45,0.4,81480,0.45,51840,0,460080
FINNIFTY02JAN2422250CE.NFO,02/01/2024,11:24:24,0.45,0.4,82360,0.45,51640,200,460080
FINNIFTY02JAN2422250CE.NFO,02/01/2024,11:24:56,0.45,0.4,82360,0.45,49240,2400,460080
FINNIFTY02JAN2422250CE.NFO,02/01/2024,11:25:29,0.45,0.4,82360,0.45,51800,400,460080
FINNIFTY02JAN2422250CE.NFO,02/01/2024,11:25:38,0.45,0.4,82360,0.45,51800,0,460080
FINNIFTY02JAN2422250CE.NFO,02/01/2024,11:25:53,0.45,0.4,81480,0.45,51400,0,460080
FINNIFTY02JAN2422250CE.NFO,02/01/2024,11:26:09,0.45,0.4,81320,0.45,51200,600,460080
FINNIFTY02JAN2422250CE.NFO,02/01/2024,11:26:18,0.45,0.4,82360,0.45,52000,0,460080
FINNIFTY02JAN2422250CE.NFO,02/01/2024,11:26:33,0.45,0.4,81480,0.45,51600,400,460080
FINNIFTY02JAN2422250CE.NFO,02/01/2024,11:27:06,0.45,0.4,82440,0.45,51560,600,460120
FINNIFTY02JAN2422250CE.NFO,02/01/2024,11:27:29,0.45,0.4,82440,0.45,52440,0,460120
FINNIFTY02JAN2422250CE.NFO,02/01/2024,11:27:37,0.45,0.4,81760,0.45,52840,0,460120
FINNIFTY02JAN2422250CE.NFO,02/01/2024,11:27:46,0.45,0.4,96640,0.45,51560,0,460120
FINNIFTY02JAN2422250CE.NFO,02/01/2024,11:27:55,0.45,0.4,82640,0.45,51560,0,460120
FINNIFTY02JAN2422250CE.NFO,02/01/2024,11:28:11,0.45,0.4,81280,0.45,51560,0,460120
FINNIFTY02JAN2422250CE.NFO,02/01/2024,11:28:28,0.45,0.4,81280,0.45,53960,0,460120
FINNIFTY02JAN2422250CE.NFO,02/01/2024,11:28:36,0.45,0.4,81280,0.45,55000,440,460120
FINNIFTY02JAN2422250CE.NFO,02/01/2024,11:28:44,0.45,0.4,81280,0.45,54200,0,460120
FINNIFTY02JAN2422250CE.NFO,02/01/2024,11:28:52,0.45,0.4,80320,0.45,54200,0,460120
FINNIFTY02JAN2422250CE.NFO,02/01/2024,11:29:17,0.4,0.4,68240,0.45,54600,280,460120
FINNIFTY02JAN2422250CE.NFO,02/01/2024,11:29:25,0.4,0.4,65560,0.45,55520,0,460120
FINNIFTY02JAN2422250CE.NFO,02/01/2024,11:29:57,0.4,0.4,67360,0.45,48800,0,460120
FINNIFTY02JAN2422250CE.NFO,02/01/2024,11:31:05,0.4,0.4,66960,0.45,48800,400,461160
FINNIFTY02JAN2422250CE.NFO,02/01/2024,11:31:13,0.45,0.4,66960,0.45,48480,320,461160
FINNIFTY02JAN2422250CE.NFO,02/01/2024,11:31:21,0.45,0.4,67240,0.45,48480,0,461160
FINNIFTY02JAN2422250CE.NFO,02/01/2024,11:31:43,0.45,0.4,67240,0.45,54280,0,461160
FINNIFTY02JAN2422250CE.NFO,02/01/2024,11:32:07,0.45,0.4,68600,0.45,54280,0,461160
FINNIFTY02JAN2422250CE.NFO,02/01/2024,11:32:59,0.4,0.4,62760,0.45,55440,6400,461360
FINNIFTY02JAN2422250CE.NFO,02/01/2024,11:33:06,0.4,0.4,64560,0.45,55440,0,461360
FINNIFTY02JAN2422250CE.NFO,02/01/2024,11:33:13,0.4,0.4,62760,0.45,55440,0,461360
FINNIFTY02JAN2422250CE.NFO,02/01/2024,11:33:28,0.4,0.4,61680,0.45,55440,1080,461360
FINNIFTY02JAN2422250CE.NFO,02/01/2024,11:33:35,0.4,0.4,61680,0.45,57040,0,461360
FINNIFTY02JAN2422250CE.NFO,02/01/2024,11:33:50,0.45,0.4,59880,0.45,56960,80,461360
FINNIFTY02JAN2422250CE.NFO,02/01/2024,11:33:57,0.4,0.4,60880,0.45,57200,800,461360
FINNIFTY02JAN2422250CE.NFO,02/01/2024,11:34:10,0.4,0.4,59080,0.45,59000,0,461360
FINNIFTY02JAN2422250CE.NFO,02/01/2024,11:34:17,0.4,0.4,58320,0.45,59000,0,461360
FINNIFTY02JAN2422250CE.NFO,02/01/2024,11:34:23,0.4,0.4,57720,0.45,59600,600,461360
FINNIFTY02JAN2422250CE.NFO,02/01/2024,11:34:32,0.4,0.4,57720,0.45,59640,0,461360
FINNIFTY02JAN2422250CE.NFO,02/01/2024,11:34:48,0.45,0.4,57720,0.45,59560,80,461360
FINNIFTY02JAN2422250CE.NFO,02/01/2024,11:35:09,0.45,0.4,57720,0.45,59560,0,461360
FINNIFTY02JAN2422250CE.NFO,02/01/2024,11:35:17,0.4,0.4,55920,0.45,61360,1800,461360
FINNIFTY02JAN2422250CE.NFO,02/01/2024,11:35:32,0.45,0.4,57720,0.45,76520,80,461360
FINNIFTY02JAN2422250CE.NFO,02/01/2024,11:35:40,0.45,0.4,56160,0.45,78000,1760,461360
FINNIFTY02JAN2422250CE.NFO,02/01/2024,11:35:48,0.45,0.4,56160,0.45,76200,0,461360
FINNIFTY02JAN2422250CE.NFO,02/01/2024,11:36:17,0.45,0.4,56160,0.45,74400,0,461360
FINNIFTY02JAN2422250CE.NFO,02/01/2024,11:36:25,0.4,0.4,55360,0.45,73880,800,465080
FINNIFTY02JAN2422250CE.NFO,02/01/2024,11:36:32,0.4,0.4,57320,0.45,73880,800,465080
FINNIFTY02JAN2422250CE.NFO,02/01/2024,11:36:40,0.4,0.4,57320,0.45,73880,0,465080
FINNIFTY02JAN2422250CE.NFO,02/01/2024,11:36:47,0.4,0.4,56880,0.45,75040,440,465080
FINNIFTY02JAN2422250CE.NFO,02/01/2024,11:36:55,0.4,0.4,55000,0.45,78440,17600,465080
FINNIFTY02JAN2422250CE.NFO,02/01/2024,11:37:03,0.4,0.4,68360,0.45,79200,2520,465080
FINNIFTY02JAN2422250CE.NFO,02/01/2024,11:37:10,0.4,0.4,69160,0.45,79600,200,465080
FINNIFTY02JAN2422250CE.NFO,02/01/2024,11:37:25,0.4,0.4,83360,0.45,75200,200,465080
FINNIFTY02JAN2422250CE.NFO,02/01/2024,11:37:34,0.4,0.4,83040,0.45,75200,320,465080
FINNIFTY02JAN2422250CE.NFO,02/01/2024,11:37:42,0.4,0.4,69600,0.45,75200,0,465080
FINNIFTY02JAN2422250CE.NFO,02/01/2024,11:37:57,0.4,0.4,69600,0.45,75600,0,465080
FINNIFTY02JAN2422250CE.NFO,02/01/2024,11:38:05,0.4,0.4,69240,0.45,74960,360,465080
FINNIFTY02JAN2422250CE.NFO,02/01/2024,11:38:22,0.4,0.4,69240,0.45,75440,0,465080
FINNIFTY02JAN2422250CE.NFO,02/01/2024,11:38:29,0.4,0.4,69240,0.45,75840,0,465080
FINNIFTY02JAN2422250CE.NFO,02/01/2024,11:38:36,0.4,0.4,69240,0.45,61640,0,465080
FINNIFTY02JAN2422250CE.NFO,02/01/2024,11:38:44,0.4,0.4,69240,0.45,67880,0,465080
FINNIFTY02JAN2422250CE.NFO,02/01/2024,11:38:52,0.4,0.4,68960,0.45,67880,280,463000
FINNIFTY02JAN2422250CE.NFO,02/01/2024,11:39:00,0.4,0.4,70200,0.45,67880,1800,463000
FINNIFTY02JAN2422250CE.NFO,02/01/2024,11:39:07,0.4,0.4,67040,0.45,67880,1800,463000
FINNIFTY02JAN2422250CE.NFO,02/01/2024,11:39:26,0.4,0.4,69720,0.45,67880,200,463000
FINNIFTY02JAN2422250CE.NFO,02/01/2024,11:39:45,0.4,0.4,69440,0.45,67880,280,463000
FINNIFTY02JAN2422250CE.NFO,02/01/2024,11:39:52,0.4,0.4,69440,0.45,67880,0,463000
FINNIFTY02JAN2422250CE.NFO,02/01/2024,11:39:58,0.4,0.4,70080,0.45,68280,360,463000
FINNIFTY02JAN2422250CE.NFO,02/01/2024,11:40:11,0.4,0.4,70080,0.45,68280,0,463000
FINNIFTY02JAN2422250CE.NFO,02/01/2024,11:40:29,0.4,0.4,71000,0.45,68280,0,463000
FINNIFTY02JAN2422250CE.NFO,02/01/2024,11:40:36,0.4,0.4,71520,0.45,68280,240,463000
FINNIFTY02JAN2422250CE.NFO,02/01/2024,11:40:48,0.4,0.4,63400,0.45,68240,24080,463000
FINNIFTY02JAN2422250CE.NFO,02/01/2024,11:40:54,0.4,0.4,51440,0.45,68280,12520,463000
FINNIFTY02JAN2422250CE.NFO,02/01/2024,11:41:01,0.4,0.4,64440,0.45,69280,1680,463000
FINNIFTY02JAN2422250CE.NFO,02/01/2024,11:41:08,0.4,0.4,46800,0.45,68280,3840,463000
FINNIFTY02JAN2422250CE.NFO,02/01/2024,11:41:15,0.4,0.4,33240,0.45,67800,13760,463000
FINNIFTY02JAN2422250CE.NFO,02/01/2024,11:41:22,0.4,0.35,79360,0.4,95560,11000,463000
FINNIFTY02JAN2422250CE.NFO,02/01/2024,11:41:30,0.4,0.35,64400,0.4,97760,1880,463000
FINNIFTY02JAN2422250CE.NFO,02/01/2024,11:41:38,0.4,0.35,64360,0.4,96960,800,463000
FINNIFTY02JAN2422250CE.NFO,02/01/2024,11:41:48,0.4,0.35,64400,0.4,96120,2400,481200
FINNIFTY02JAN2422250CE.NFO,02/01/2024,11:41:57,0.4,0.35,64400,0.4,97200,720,481200
FINNIFTY02JAN2422250CE.NFO,02/01/2024,11:42:05,0.4,0.35,64400,0.4,97080,120,481200
FINNIFTY02JAN2422250CE.NFO,02/01/2024,11:42:13,0.4,0.35,64400,0.4,98320,120,481200
FINNIFTY02JAN2422250CE.NFO,02/01/2024,11:42:21,0.4,0.35,61720,0.4,98120,200,481200
FINNIFTY02JAN2422250CE.NFO,02/01/2024,11:42:28,0.4,0.35,62600,0.4,98120,0,481200
FINNIFTY02JAN2422250CE.NFO,02/01/2024,11:42:42,0.4,0.35,61240,0.4,98120,40,481200
FINNIFTY02JAN2422250CE.NFO,02/01/2024,11:42:49,0.4,0.35,61240,0.4,98680,200,481200
FINNIFTY02JAN2422250CE.NFO,02/01/2024,11:42:57,0.4,0.35,61240,0.4,100280,200,481200
FINNIFTY02JAN2422250CE.NFO,02/01/2024,11:43:04,0.4,0.35,66640,0.4,100120,160,481200
FINNIFTY02JAN2422250CE.NFO,02/01/2024,11:43:11,0.4,0.35,67520,0.4,99920,200,481200
FINNIFTY02JAN2422250CE.NFO,02/01/2024,11:43:18,0.4,0.35,67520,0.4,99720,200,481200
FINNIFTY02JAN2422250CE.NFO,02/01/2024,11:43:24,0.4,0.35,66640,0.4,98760,160,481200
FINNIFTY02JAN2422250CE.NFO,02/01/2024,11:43:31,0.4,0.35,69320,0.4,98600,160,481200
FINNIFTY02JAN2422250CE.NFO,02/01/2024,11:43:39,0.4,0.35,69320,0.4,99320,120,481200
FINNIFTY02JAN2422250CE.NFO,02/01/2024,11:43:46,0.4,0.35,75920,0.4,93840,8480,481200
FINNIFTY02JAN2422250CE.NFO,02/01/2024,11:43:54,0.4,0.35,76440,0.4,94920,160,481200
FINNIFTY02JAN2422250CE.NFO,02/01/2024,11:44:02,0.4,0.35,76440,0.4,94920,480,481200
FINNIFTY02JAN2422250CE.NFO,02/01/2024,11:44:16,0.35,0.35,76160,0.4,94920,280,481200
FINNIFTY02JAN2422250CE.NFO,02/01/2024,11:44:30,0.35,0.35,76160,0.4,94920,0,481200
FINNIFTY02JAN2422250CE.NFO,02/01/2024,11:44:51,0.35,0.35,76200,0.4,94920,0,481200
FINNIFTY02JAN2422250CE.NFO,02/01/2024,11:45:11,0.4,0.35,74360,0.4,94840,80,473600
FINNIFTY02JAN2422250CE.NFO,02/01/2024,11:45:17,0.4,0.35,74360,0.4,94840,0,473600
FINNIFTY02JAN2422250CE.NFO,02/01/2024,11:45:24,0.4,0.35,76160,0.4,94800,40,473600
FINNIFTY02JAN2422250CE.NFO,02/01/2024,11:45:39,0.4,0.35,75280,0.4,94800,0,473600
FINNIFTY02JAN2422250CE.NFO,02/01/2024,11:45:45,0.4,0.35,75280,0.4,95680,0,473600
FINNIFTY02JAN2422250CE.NFO,02/01/2024,11:45:59,0.35,0.35,73560,0.4,95760,1800,473600
FINNIFTY02JAN2422250CE.NFO,02/01/2024,11:46:12,0.35,0.35,74440,0.4,95760,0,473600
FINNIFTY02JAN2422250CE.NFO,02/01/2024,11:46:25,0.35,0.35,72720,0.4,92760,640,473600
FINNIFTY02JAN2422250CE.NFO,02/01/2024,11:46:38,0.35,0.35,72480,0.4,92760,240,473600
FINNIFTY02JAN2422250CE.NFO,02/01/2024,11:46:44,0.35,0.35,58480,0.4,92760,0,473600
FINNIFTY02JAN2422250CE.NFO,02/01/2024,11:46:51,0.35,0.35,56840,0.4,92800,2240,473600
FINNIFTY02JAN2422250CE.NFO,02/01/2024,11:47:05,0.35,0.35,56560,0.4,92800,280,473600
FINNIFTY02JAN2422250CE.NFO,02/01/2024,11:47:12,0.35,0.35,62320,0.4,93280,0,473600
FINNIFTY02JAN2422250CE.NFO,02/01/2024,11:47:45,0.35,0.35,61680,0.4,93280,0,473600
FINNIFTY02JAN2422250CE.NFO,02/01/2024,11:47:51,0.35,0.35,58680,0.4,93880,0,473600
FINNIFTY02JAN2422250CE.NFO,02/01/2024,11:47:58,0.35,0.35,58680,0.4,93680,0,473600
FINNIFTY02JAN2422250CE.NFO,02/01/2024,11:48:17,0.35,0.35,58560,0.4,93920,360,477280
FINNIFTY02JAN2422250CE.NFO,02/01/2024,11:48:23,0.35,0.35,58040,0.4,93920,520,477280
FINNIFTY02JAN2422250CE.NFO,02/01/2024,11:48:31,0.35,0.35,58040,0.4,93680,0,477280
FINNIFTY02JAN2422250CE.NFO,02/01/2024,11:48:37,0.4,0.35,57960,0.4,94000,4240,477280
FINNIFTY02JAN2422250CE.NFO,02/01/2024,11:48:50,0.4,0.35,57960,0.4,94000,0,477280
FINNIFTY02JAN2422250CE.NFO,02/01/2024,11:49:01,0.35,0.35,57760,0.4,94000,200,477280
FINNIFTY02JAN2422250CE.NFO,02/01/2024,11:49:33,0.35,0.35,61680,0.4,94000,0,477280
FINNIFTY02JAN2422250CE.NFO,02/01/2024,11:49:39,0.35,0.35,61440,0.4,94000,0,477280
FINNIFTY02JAN2422250CE.NFO,02/01/2024,11:49:46,0.35,0.35,61680,0.4,94000,0,477280
FINNIFTY02JAN2422250CE.NFO,02/01/2024,11:49:58,0.35,0.35,61440,0.4,94000,0,477280
FINNIFTY02JAN2422250CE.NFO,02/01/2024,11:50:17,0.35,0.35,61680,0.4,94000,0,477280
FINNIFTY02JAN2422250CE.NFO,02/01/2024,11:50:23,0.35,0.35,62600,0.4,94000,1480,477280
FINNIFTY02JAN2422250CE.NFO,02/01/2024,11:50:29,0.35,0.35,62560,0.4,94000,0,477280
FINNIFTY02JAN2422250CE.NFO,02/01/2024,11:50:42,0.35,0.35,62600,0.4,94000,0,477280
FINNIFTY02JAN2422250CE.NFO,02/01/2024,11:50:54,0.35,0.35,62360,0.4,94200,0,477280
FINNIFTY02JAN2422250CE.NFO,02/01/2024,11:51:01,0.35,0.35,62560,0.4,94200,0,477280
FINNIFTY02JAN2422250CE.NFO,02/01/2024,11:51:09,0.35,0.35,62360,0.4,94200,0,477280
FINNIFTY02JAN2422250CE.NFO,02/01/2024,11:51:34,0.35,0.35,64160,0.4,94200,0,477280
FINNIFTY02JAN2422250CE.NFO,02/01/2024,11:51:41,0.35,0.35,64520,0.4,94200,320,479840
FINNIFTY02JAN2422250CE.NFO,02/01/2024,11:52:36,0.35,0.35,64480,0.4,94200,0,479840
FINNIFTY02JAN2422250CE.NFO,02/01/2024,11:52:42,0.35,0.35,60840,0.4,94200,0,479840
FINNIFTY02JAN2422250CE.NFO,02/01/2024,11:53:00,0.35,0.35,60880,0.4,94200,0,479840
FINNIFTY02JAN2422250CE.NFO,02/01/2024,11:53:07,0.35,0.35,60840,0.4,94200,0,479840
FINNIFTY02JAN2422250CE.NFO,02/01/2024,11:53:15,0.35,0.35,60400,0.4,94200,440,479840
FINNIFTY02JAN2422250CE.NFO,02/01/2024,11:53:22,0.35,0.35,61400,0.4,94200,0,479840
FINNIFTY02JAN2422250CE.NFO,02/01/2024,11:53:29,0.35,0.35,61320,0.4,94200,40,479840
FINNIFTY02JAN2422250CE.NFO,02/01/2024,11:53:36,0.35,0.35,60960,0.4,94200,360,479840
FINNIFTY02JAN2422250CE.NFO,02/01/2024,11:54:29,0.35,0.35,60960,0.4,94200,0,479840
FINNIFTY02JAN2422250CE.NFO,02/01/2024,11:55:11,0.35,0.35,58760,0.4,94200,18000,480640
FINNIFTY02JAN2422250CE.NFO,02/01/2024,11:55:22,0.35,0.35,63000,0.4,94200,0,480640
FINNIFTY02JAN2422250CE.NFO,02/01/2024,11:55:28,0.35,0.35,63000,0.4,93800,0,480640
FINNIFTY02JAN2422250CE.NFO,02/01/2024,11:56:17,0.35,0.35,62920,0.4,93800,80,480640
FINNIFTY02JAN2422250CE.NFO,02/01/2024,11:56:27,0.35,0.35,66920,0.4,93800,0,480640
FINNIFTY02JAN2422250CE.NFO,02/01/2024,11:57:05,0.35,0.35,61520,0.4,93800,0,480640
FINNIFTY02JAN2422250CE.NFO,02/01/2024,11:57:44,0.4,0.35,61520,0.4,93720,80,480720
FINNIFTY02JAN2422250CE.NFO,02/01/2024,11:57:50,0.4,0.35,59040,0.4,94120,0,480720
FINNIFTY02JAN2422250CE.NFO,02/01/2024,11:58:23,0.35,0.35,58960,0.4,93720,80,480720
FINNIFTY02JAN2422250CE.NFO,02/01/2024,11:58:30,0.35,0.35,58760,0.4,93720,200,480720
FINNIFTY02JAN2422250CE.NFO,02/01/2024,11:58:36,0.35,0.35,58640,0.4,93720,120,480720
FINNIFTY02JAN2422250CE.NFO,02/01/2024,11:58:42,0.35,0.35,58480,0.4,93720,160,480720
FINNIFTY02JAN2422250CE.NFO,02/01/2024,11:58:48,0.35,0.35,58400,0.4,93720,80,480720
FINNIFTY02JAN2422250CE.NFO,02/01/2024,11:58:54,0.35,0.35,58240,0.4,93720,160,480720
FINNIFTY02JAN2422250CE.NFO,02/01/2024,11:58:59,0.35,0.35,58160,0.4,93720,80,480720
FINNIFTY02JAN2422250CE.NFO,02/01/2024,11:59:05,0.35,0.35,47840,0.4,93720,10920,480720
FINNIFTY02JAN2422250CE.NFO,02/01/2024,11:59:11,0.35,0.35,47760,0.4,93720,80,480720
FINNIFTY02JAN2422250CE.NFO,02/01/2024,11:59:17,0.35,0.35,47680,0.4,93720,80,480720
FINNIFTY02JAN2422250CE.NFO,02/01/2024,11:59:22,0.35,0.35,47600,0.4,93720,80,480720
FINNIFTY02JAN2422250CE.NFO,02/01/2024,11:59:28,0.35,0.35,47880,0.4,91920,1160,480720
FINNIFTY02JAN2422250CE.NFO,02/01/2024,11:59:33,0.35,0.35,47800,0.4,91920,80,480720
FINNIFTY02JAN2422250CE.NFO,02/01/2024,11:59:39,0.35,0.35,47640,0.4,91920,160,480720
FINNIFTY02JAN2422250CE.NFO,02/01/2024,11:59:45,0.35,0.35,55160,0.4,95800,3360,480720
FINNIFTY02JAN2422250CE.NFO,02/01/2024,11:59:51,0.35,0.35,55080,0.4,95800,80,481440
FINNIFTY02JAN2422250CE.NFO,02/01/2024,11:59:56,0.35,0.35,56040,0.4,95800,0,481440
FINNIFTY02JAN2422250CE.NFO,02/01/2024,12:00:02,0.35,0.35,55160,0.4,95800,0,481440
FINNIFTY02JAN2422250CE.NFO,02/01/2024,12:00:19,0.35,0.35,55160,0.4,96520,0,481440
FINNIFTY02JAN2422250CE.NFO,02/01/2024,12:00:43,0.35,0.35,55080,0.4,96520,80,481440
FINNIFTY02JAN2422250CE.NFO,02/01/2024,12:00:50,0.35,0.35,54760,0.4,96520,320,481440
FINNIFTY02JAN2422250CE.NFO,02/01/2024,12:00:58,0.35,0.35,54680,0.4,96520,80,481440
FINNIFTY02JAN2422250CE.NFO,02/01/2024,12:01:05,0.35,0.35,54600,0.4,96520,80,481440
FINNIFTY02JAN2422250CE.NFO,02/01/2024,12:01:12,0.35,0.35,54520,0.4,96520,80,481440
FINNIFTY02JAN2422250CE.NFO,02/01/2024,12:01:18,0.35,0.35,54360,0.4,96520,160,481440
FINNIFTY02JAN2422250CE.NFO,02/01/2024,12:01:25,0.35,0.35,54200,0.4,96520,160,481440
FINNIFTY02JAN2422250CE.NFO,02/01/2024,12:01:31,0.35,0.35,54080,0.4,96520,120,481440
FINNIFTY02JAN2422250CE.NFO,02/01/2024,12:01:38,0.35,0.35,53920,0.4,96520,160,481440
FINNIFTY02JAN2422250CE.NFO,02/01/2024,12:01:44,0.35,0.35,53840,0.4,96520,0,481440
FINNIFTY02JAN2422250CE.NFO,02/01/2024,12:02:42,0.35,0.35,59240,0.4,96520,0,481440
FINNIFTY02JAN2422250CE.NFO,02/01/2024,12:02:49,0.35,0.35,59160,0.4,96520,80,481320
FINNIFTY02JAN2422250CE.NFO,02/01/2024,12:03:00,0.35,0.35,58560,0.4,96520,600,481320
FINNIFTY02JAN2422250CE.NFO,02/01/2024,12:03:07,0.35,0.35,58440,0.4,96520,120,481320
FINNIFTY02JAN2422250CE.NFO,02/01/2024,12:03:19,0.4,0.35,58440,0.4,95920,600,481320
FINNIFTY02JAN2422250CE.NFO,02/01/2024,12:03:37,0.35,0.35,57720,0.4,97360,720,481320
FINNIFTY02JAN2422250CE.NFO,02/01/2024,12:04:16,0.35,0.35,57720,0.4,97360,0,481320
FINNIFTY02JAN2422250CE.NFO,02/01/2024,12:04:24,0.35,0.35,57600,0.4,97360,120,481320
FINNIFTY02JAN2422250CE.NFO,02/01/2024,12:04:32,0.35,0.35,57600,0.4,97360,0,481320
FINNIFTY02JAN2422250CE.NFO,02/01/2024,12:04:45,0.35,0.35,57200,0.4,97760,400,481320
FINNIFTY02JAN2422250CE.NFO,02/01/2024,12:05:10,0.35,0.35,56400,0.4,97760,800,481320
FINNIFTY02JAN2422250CE.NFO,02/01/2024,12:05:16,0.35,0.35,57080,0.4,97760,200,481320
FINNIFTY02JAN2422250CE.NFO,02/01/2024,12:05:43,0.35,0.35,57080,0.4,97760,0,481320
FINNIFTY02JAN2422250CE.NFO,02/01/2024,12:05:49,0.35,0.35,58880,0.4,97760,0,481320
FINNIFTY02JAN2422250CE.NFO,02/01/2024,12:06:00,0.35,0.35,59560,0.4,97760,0,481320
FINNIFTY02JAN2422250CE.NFO,02/01/2024,12:06:22,0.35,0.35,59040,0.4,97360,520,482640
FINNIFTY02JAN2422250CE.NFO,02/01/2024,12:06:44,0.35,0.35,58520,0.4,97360,520,482640
FINNIFTY02JAN2422250CE.NFO,02/01/2024,12:06:49,0.35,0.35,56200,0.4,97360,2320,482640
FINNIFTY02JAN2422250CE.NFO,02/01/2024,12:06:55,0.35,0.35,56200,0.4,97360,0,482640
FINNIFTY02JAN2422250CE.NFO,02/01/2024,12:07:18,0.35,0.35,56000,0.4,97360,200,482640
FINNIFTY02JAN2422250CE.NFO,02/01/2024,12:07:24,0.35,0.35,55440,0.4,97360,1000,482640
FINNIFTY02JAN2422250CE.NFO,02/01/2024,12:07:30,0.35,0.35,53920,0.4,96000,2000,482640
FINNIFTY02JAN2422250CE.NFO,02/01/2024,12:07:36,0.35,0.35,48280,0.4,96000,240,482640
FINNIFTY02JAN2422250CE.NFO,02/01/2024,12:07:43,0.35,0.35,48280,0.4,96000,0,482640
FINNIFTY02JAN2422250CE.NFO,02/01/2024,12:07:49,0.35,0.35,47760,0.4,96000,520,482640
FINNIFTY02JAN2422250CE.NFO,02/01/2024,12:07:57,0.35,0.35,47760,0.4,96000,0,482640
FINNIFTY02JAN2422250CE.NFO,02/01/2024,12:08:50,0.35,0.35,47320,0.4,96280,0,482640
FINNIFTY02JAN2422250CE.NFO,02/01/2024,12:08:57,0.35,0.35,46600,0.4,95560,720,486600
FINNIFTY02JAN2422250CE.NFO,02/01/2024,12:09:09,0.35,0.35,46600,0.4,95560,0,486600
FINNIFTY02JAN2422250CE.NFO,02/01/2024,12:09:15,0.35,0.35,47000,0.4,95560,0,486600
FINNIFTY02JAN2422250CE.NFO,02/01/2024,12:10:01,0.35,0.35,48360,0.4,97000,80,486600
FINNIFTY02JAN2422250CE.NFO,02/01/2024,12:10:10,0.35,0.35,43520,0.4,97000,840,486600
FINNIFTY02JAN2422250CE.NFO,02/01/2024,12:10:18,0.35,0.35,43320,0.4,97000,200,486600
FINNIFTY02JAN2422250CE.NFO,02/01/2024,12:10:26,0.35,0.35,46680,0.4,97000,640,486600
FINNIFTY02JAN2422250CE.NFO,02/01/2024,12:10:34,0.35,0.35,46440,0.4,97000,240,486600
FINNIFTY02JAN2422250CE.NFO,02/01/2024,12:10:48,0.35,0.3,150720,0.35,96120,29720,486600
FINNIFTY02JAN2422250CE.NFO,02/01/2024,12:10:55,0.35,0.3,150720,0.35,96120,0,486600
FINNIFTY02JAN2422250CE.NFO,02/01/2024,12:11:10,0.35,0.3,149720,0.35,96120,0,486600
FINNIFTY02JAN2422250CE.NFO,02/01/2024,12:11:16,0.35,0.3,150680,0.35,96120,0,486600
FINNIFTY02JAN2422250CE.NFO,02/01/2024,12:12:26,0.35,0.3,150680,0.35,96320,0,486600
FINNIFTY02JAN2422250CE.NFO,02/01/2024,12:13:43,0.35,0.3,149800,0.35,96320,0,486600
FINNIFTY02JAN2422250CE.NFO,02/01/2024,12:14:25,0.35,0.3,149320,0.35,97600,240,479120
FINNIFTY02JAN2422250CE.NFO,02/01/2024,12:14:31,0.35,0.3,150200,0.35,96080,0,479120
FINNIFTY02JAN2422250CE.NFO,02/01/2024,12:15:02,0.35,0.3,151360,0.35,95440,1600,478880
FINNIFTY02JAN2422250CE.NFO,02/01/2024,12:15:08,0.35,0.3,151360,0.35,95440,0,478880
FINNIFTY02JAN2422250CE.NFO,02/01/2024,12:15:20,0.35,0.3,150160,0.35,95440,0,478880
FINNIFTY02JAN2422250CE.NFO,02/01/2024,12:16:37,0.35,0.3,113280,0.35,96320,0,478880
FINNIFTY02JAN2422250CE.NFO,02/01/2024,12:16:51,0.35,0.3,112720,0.35,95440,0,478880
FINNIFTY02JAN2422250CE.NFO,02/01/2024,12:16:58,0.35,0.3,112520,0.35,95440,0,478880
FINNIFTY02JAN2422250CE.NFO,02/01/2024,12:17:06,0.3,0.3,108800,0.35,96320,600,478880
FINNIFTY02JAN2422250CE.NFO,02/01/2024,12:17:15,0.3,0.3,107520,0.35,95440,2200,478880
FINNIFTY02JAN2422250CE.NFO,02/01/2024,12:17:24,0.3,0.3,107520,0.35,95440,0,478880
FINNIFTY02JAN2422250CE.NFO,02/01/2024,12:17:32,0.35,0.3,107520,0.35,95240,1640,478880
FINNIFTY02JAN2422250CE.NFO,02/01/2024,12:17:49,0.35,0.3,107520,0.35,94320,1640,474480
FINNIFTY02JAN2422250CE.NFO,02/01/2024,12:18:12,0.35,0.3,107880,0.35,93000,960,474480
FINNIFTY02JAN2422250CE.NFO,02/01/2024,12:18:34,0.35,0.3,107880,0.35,92840,1240,474480
FINNIFTY02JAN2422250CE.NFO,02/01/2024,12:18:42,0.35,0.3,107880,0.35,92360,480,474480
FINNIFTY02JAN2422250CE.NFO,02/01/2024,12:19:04,0.35,0.3,107000,0.35,99520,400,474480
FINNIFTY02JAN2422250CE.NFO,02/01/2024,12:19:19,0.35,0.3,105840,0.35,99120,400,474480
FINNIFTY02JAN2422250CE.NFO,02/01/2024,12:19:27,0.35,0.3,103440,0.35,98560,1040,474480
FINNIFTY02JAN2422250CE.NFO,02/01/2024,12:19:36,0.35,0.3,103440,0.35,97680,0,474480
FINNIFTY02JAN2422250CE.NFO,02/01/2024,12:19:44,0.35,0.3,100320,0.35,98560,0,474480
FINNIFTY02JAN2422250CE.NFO,02/01/2024,12:19:51,0.35,0.3,100320,0.35,97840,1200,474480
FINNIFTY02JAN2422250CE.NFO,02/01/2024,12:19:59,0.35,0.3,101360,0.35,98920,1800,474480
FINNIFTY02JAN2422250CE.NFO,02/01/2024,12:20:07,0.35,0.3,101360,0.35,98920,0,474480
FINNIFTY02JAN2422250CE.NFO,02/01/2024,12:20:14,0.35,0.3,102080,0.35,99800,2000,474480
FINNIFTY02JAN2422250CE.NFO,02/01/2024,12:20:21,0.35,0.3,102080,0.35,101040,2000,474480
FINNIFTY02JAN2422250CE.NFO,02/01/2024,12:20:27,0.35,0.3,102120,0.35,101840,0,474480
FINNIFTY02JAN2422250CE.NFO,02/01/2024,12:20:40,0.35,0.3,102120,0.35,102720,0,474480
FINNIFTY02JAN2422250CE.NFO,02/01/2024,12:20:53,0.35,0.3,102120,0.35,101840,0,474480
FINNIFTY02JAN2422250CE.NFO,02/01/2024,12:21:07,0.35,0.3,103000,0.35,101840,0,474480
FINNIFTY02JAN2422250CE.NFO,02/01/2024,12:21:50,0.35,0.3,101200,0.35,101640,2000,464800
FINNIFTY02JAN2422250CE.NFO,02/01/2024,12:21:57,0.35,0.3,102360,0.35,106640,0,464800
FINNIFTY02JAN2422250CE.NFO,02/01/2024,12:22:11,0.35,0.3,102360,0.35,106600,40,464800
FINNIFTY02JAN2422250CE.NFO,02/01/2024,12:22:39,0.35,0.3,102360,0.35,106600,0,464800
FINNIFTY02JAN2422250CE.NFO,02/01/2024,12:22:59,0.35,0.3,102360,0.35,106360,240,464800
FINNIFTY02JAN2422250CE.NFO,02/01/2024,12:23:06,0.35,0.3,102360,0.35,105960,400,464800
FINNIFTY02JAN2422250CE.NFO,02/01/2024,12:23:13,0.35,0.3,102360,0.35,105960,0,464800
FINNIFTY02JAN2422250CE.NFO,02/01/2024,12:23:27,0.3,0.3,102040,0.35,105960,320,464800
FINNIFTY02JAN2422250CE.NFO,02/01/2024,12:23:57,0.3,0.3,103800,0.35,108120,40,464160
FINNIFTY02JAN2422250CE.NFO,02/01/2024,12:24:03,0.3,0.3,103400,0.35,108120,400,464160
FINNIFTY02JAN2422250CE.NFO,02/01/2024,12:24:10,0.3,0.3,101960,0.35,108120,1440,464160
FINNIFTY02JAN2422250CE.NFO,02/01/2024,12:24:16,0.3,0.3,103760,0.35,108120,0,464160
FINNIFTY02JAN2422250CE.NFO,02/01/2024,12:24:47,0.3,0.3,99080,0.35,109920,0,464160
FINNIFTY02JAN2422250CE.NFO,02/01/2024,12:25:00,0.35,0.3,99080,0.35,111160,200,464160
FINNIFTY02JAN2422250CE.NFO,02/01/2024,12:27:49,0.35,0.3,97920,0.35,111000,160,463720
FINNIFTY02JAN2422250CE.NFO,02/01/2024,12:28:03,0.3,0.3,82400,0.35,114960,36440,463720
FINNIFTY02JAN2422250CE.NFO,02/01/2024,12:28:08,0.35,0.3,78280,0.35,114960,7160,463720
FINNIFTY02JAN2422250CE.NFO,02/01/2024,12:28:15,0.3,0.3,77000,0.35,116400,1280,463720
FINNIFTY02JAN2422250CE.NFO,02/01/2024,12:28:22,0.35,0.3,62680,0.35,115400,1320,463720
FINNIFTY02JAN2422250CE.NFO,02/01/2024,12:28:29,0.3,0.3,57400,0.35,125200,1800,463720
FINNIFTY02JAN2422250CE.NFO,02/01/2024,12:28:35,0.3,0.3,55080,0.35,144440,2800,463720
FINNIFTY02JAN2422250CE.NFO,02/01/2024,12:28:41,0.35,0.3,53760,0.35,144920,400,463720
FINNIFTY02JAN2422250CE.NFO,02/01/2024,12:28:47,0.35,0.3,53760,0.35,145360,1000,463720
FINNIFTY02JAN2422250CE.NFO,02/01/2024,12:28:53,0.35,0.3,47400,0.35,137960,200,463720
FINNIFTY02JAN2422250CE.NFO,02/01/2024,12:29:12,0.3,0.3,38400,0.35,140240,9440,463720
FINNIFTY02JAN2422250CE.NFO,02/01/2024,12:29:19,0.3,0.3,38400,0.35,134800,6800,463720
FINNIFTY02JAN2422250CE.NFO,02/01/2024,12:29:25,0.3,0.3,35360,0.35,134680,4960,463720
FINNIFTY02JAN2422250CE.NFO,02/01/2024,12:29:31,0.35,0.3,38000,0.35,133680,5800,463720
FINNIFTY02JAN2422250CE.NFO,02/01/2024,12:29:37,0.35,0.3,38160,0.35,135840,400,463720
FINNIFTY02JAN2422250CE.NFO,02/01/2024,12:29:43,0.35,0.3,38160,0.35,135840,0,463720
FINNIFTY02JAN2422250CE.NFO,02/01/2024,12:29:55,0.35,0.3,37280,0.35,135840,0,463720
FINNIFTY02JAN2422250CE.NFO,02/01/2024,12:30:07,0.35,0.3,37280,0.35,137280,0,463720
FINNIFTY02JAN2422250CE.NFO,02/01/2024,12:30:13,0.35,0.3,38160,0.35,136000,400,463200
FINNIFTY02JAN2422250CE.NFO,02/01/2024,12:31:07,0.3,0.3,33120,0.35,136000,40,463200
FINNIFTY02JAN2422250CE.NFO,02/01/2024,12:31:12,0.3,0.3,38080,0.35,136000,0,463200
FINNIFTY02JAN2422250CE.NFO,02/01/2024,12:31:19,0.3,0.3,39080,0.35,136960,0,463200
FINNIFTY02JAN2422250CE.NFO,02/01/2024,12:31:26,0.35,0.3,38200,0.35,140600,200,463200
FINNIFTY02JAN2422250CE.NFO,02/01/2024,12:31:43,0.35,0.3,38200,0.35,139520,200,463200
FINNIFTY02JAN2422250CE.NFO,02/01/2024,12:32:30,0.35,0.3,38400,0.35,137800,200,463200
FINNIFTY02JAN2422250CE.NFO,02/01/2024,12:32:47,0.35,0.3,38800,0.35,137600,200,463200
FINNIFTY02JAN2422250CE.NFO,02/01/2024,12:32:58,0.35,0.3,39680,0.35,137600,0,463200
FINNIFTY02JAN2422250CE.NFO,02/01/2024,12:33:15,0.35,0.3,39680,0.35,138480,0,463200
FINNIFTY02JAN2422250CE.NFO,02/01/2024,12:33:21,0.35,0.3,38800,0.35,139800,200,463200
FINNIFTY02JAN2422250CE.NFO,02/01/2024,12:33:32,0.35,0.3,38800,0.35,138720,200,463200
FINNIFTY02JAN2422250CE.NFO,02/01/2024,12:33:38,0.35,0.3,39680,0.35,140160,0,463200
FINNIFTY02JAN2422250CE.NFO,02/01/2024,12:33:50,0.35,0.3,39680,0.35,139240,200,463200
FINNIFTY02JAN2422250CE.NFO,02/01/2024,12:34:37,0.35,0.3,39680,0.35,138840,400,463200
FINNIFTY02JAN2422250CE.NFO,02/01/2024,12:34:51,0.35,0.3,40400,0.35,141000,2680,463200
FINNIFTY02JAN2422250CE.NFO,02/01/2024,12:35:04,0.35,0.3,40400,0.35,141000,0,463200
FINNIFTY02JAN2422250CE.NFO,02/01/2024,12:35:44,0.35,0.3,33760,0.35,142720,680,463200
FINNIFTY02JAN2422250CE.NFO,02/01/2024,12:35:51,0.35,0.3,33920,0.35,142520,240,463200
FINNIFTY02JAN2422250CE.NFO,02/01/2024,12:35:58,0.3,0.3,33800,0.35,142520,120,464080
FINNIFTY02JAN2422250CE.NFO,02/01/2024,12:36:10,0.3,0.3,42080,0.35,144040,0,464080
FINNIFTY02JAN2422250CE.NFO,02/01/2024,12:36:29,0.3,0.3,41200,0.35,143400,0,464080
FINNIFTY02JAN2422250CE.NFO,02/01/2024,12:36:56,0.35,0.3,42520,0.35,143200,680,464080
FINNIFTY02JAN2422250CE.NFO,02/01/2024,12:37:02,0.35,0.3,43400,0.35,142120,200,464080
FINNIFTY02JAN2422250CE.NFO,02/01/2024,12:37:15,0.35,0.3,43400,0.35,142120,0,464080
FINNIFTY02JAN2422250CE.NFO,02/01/2024,12:37:46,0.35,0.3,43400,0.35,140320,1800,464080
FINNIFTY02JAN2422250CE.NFO,02/01/2024,12:37:51,0.35,0.3,44920,0.35,143440,1200,464080
FINNIFTY02JAN2422250CE.NFO,02/01/2024,12:38:08,0.35,0.3,44040,0.35,144320,0,464080
FINNIFTY02JAN2422250CE.NFO,02/01/2024,12:38:15,0.35,0.3,44920,0.35,144320,0,464080
FINNIFTY02JAN2422250CE.NFO,02/01/2024,12:38:21,0.35,0.3,44920,0.35,143440,0,464080
FINNIFTY02JAN2422250CE.NFO,02/01/2024,12:38:39,0.35,0.3,44480,0.35,141800,640,464080
FINNIFTY02JAN2422250CE.NFO,02/01/2024,12:38:44,0.35,0.3,44480,0.35,141800,0,464080
FINNIFTY02JAN2422250CE.NFO,02/01/2024,12:38:49,0.35,0.3,44480,0.35,144200,0,464080
FINNIFTY02JAN2422250CE.NFO,02/01/2024,12:39:05,0.35,0.3,43600,0.35,142680,0,464080
FINNIFTY02JAN2422250CE.NFO,02/01/2024,12:39:10,0.35,0.3,44480,0.35,142560,200,461080
FINNIFTY02JAN2422250CE.NFO,02/01/2024,12:39:41,0.35,0.3,44480,0.35,142560,0,461080
FINNIFTY02JAN2422250CE.NFO,02/01/2024,12:40:04,0.35,0.3,43600,0.35,142560,0,461080
FINNIFTY02JAN2422250CE.NFO,02/01/2024,12:40:19,0.35,0.3,43840,0.35,107360,4520,461080
FINNIFTY02JAN2422250CE.NFO,02/01/2024,12:40:25,0.35,0.3,44720,0.35,107160,0,461080
FINNIFTY02JAN2422250CE.NFO,02/01/2024,12:40:31,0.35,0.3,44720,0.35,107360,0,461080
FINNIFTY02JAN2422250CE.NFO,02/01/2024,12:40:37,0.35,0.3,44720,0.35,136080,400,461080
FINNIFTY02JAN2422250CE.NFO,02/01/2024,12:40:43,0.35,0.3,44320,0.35,135880,200,461080
FINNIFTY02JAN2422250CE.NFO,02/01/2024,12:40:54,0.35,0.3,44320,0.35,137680,200,461080
FINNIFTY02JAN2422250CE.NFO,02/01/2024,12:41:00,0.35,0.3,45320,0.35,139280,200,461080
FINNIFTY02JAN2422250CE.NFO,02/01/2024,12:41:06,0.35,0.3,45320,0.35,138880,400,461080
FINNIFTY02JAN2422250CE.NFO,02/01/2024,12:41:11,0.35,0.3,46320,0.35,140080,1200,461080
FINNIFTY02JAN2422250CE.NFO,02/01/2024,12:41:17,0.35,0.3,45440,0.35,141960,200,461080
FINNIFTY02JAN2422250CE.NFO,02/01/2024,12:41:22,0.35,0.3,45440,0.35,143480,0,461080
FINNIFTY02JAN2422250CE.NFO,02/01/2024,12:41:34,0.35,0.3,45440,0.35,141960,0,461080
FINNIFTY02JAN2422250CE.NFO,02/01/2024,12:41:54,0.35,0.3,45400,0.35,141760,240,461080
FINNIFTY02JAN2422250CE.NFO,02/01/2024,12:42:04,0.35,0.3,45400,0.35,141760,0,461080
FINNIFTY02JAN2422250CE.NFO,02/01/2024,12:42:10,0.3,0.3,44880,0.35,141760,520,461080
FINNIFTY02JAN2422250CE.NFO,02/01/2024,12:42:16,0.35,0.3,44880,0.35,141360,400,461080
FINNIFTY02JAN2422250CE.NFO,02/01/2024,12:42:33,0.35,0.3,45800,0.35,140560,1680,461080
FINNIFTY02JAN2422250CE.NFO,02/01/2024,12:42:39,0.35,0.3,45800,0.35,140560,0,461080
FINNIFTY02JAN2422250CE.NFO,02/01/2024,12:43:14,0.35,0.3,46480,0.35,139280,2200,461080
FINNIFTY02JAN2422250CE.NFO,02/01/2024,12:43:20,0.35,0.3,46480,0.35,140040,1400,461080
FINNIFTY02JAN2422250CE.NFO,02/01/2024,12:43:56,0.35,0.3,46480,0.35,140920,0,461080
FINNIFTY02JAN2422250CE.NFO,02/01/2024,12:44:07,0.35,0.3,45560,0.35,140920,0,461080
FINNIFTY02JAN2422250CE.NFO,02/01/2024,12:44:13,0.35,0.3,45600,0.35,140920,0,461080
FINNIFTY02JAN2422250CE.NFO,02/01/2024,12:45:11,0.35,0.3,44080,0.35,140720,1720,463080
FINNIFTY02JAN2422250CE.NFO,02/01/2024,12:45:18,0.35,0.3,43080,0.35,140360,2280,463080
FINNIFTY02JAN2422250CE.NFO,02/01/2024,12:45:24,0.3,0.3,44040,0.35,141360,440,463080
FINNIFTY02JAN2422250CE.NFO,02/01/2024,12:45:29,0.3,0.3,44040,0.35,141360,0,463080
FINNIFTY02JAN2422250CE.NFO,02/01/2024,12:45:34,0.35,0.3,44040,0.35,140760,800,463080
FINNIFTY02JAN2422250CE.NFO,02/01/2024,12:45:39,0.35,0.3,44040,0.35,139760,1000,463080
FINNIFTY02JAN2422250CE.NFO,02/01/2024,12:45:45,0.35,0.3,44920,0.35,140400,0,463080
FINNIFTY02JAN2422250CE.NFO,02/01/2024,12:45:50,0.35,0.3,44800,0.35,140200,320,463080
FINNIFTY02JAN2422250CE.NFO,02/01/2024,12:45:55,0.3,0.3,42640,0.35,136560,440,463080
FINNIFTY02JAN2422250CE.NFO,02/01/2024,12:46:01,0.3,0.3,39480,0.35,137960,4560,463080
FINNIFTY02JAN2422250CE.NFO,02/01/2024,12:46:08,0.35,0.3,39360,0.35,137560,520,463080
FINNIFTY02JAN2422250CE.NFO,02/01/2024,12:46:14,0.35,0.3,39560,0.35,140880,1200,463080
FINNIFTY02JAN2422250CE.NFO,02/01/2024,12:46:47,0.35,0.3,36240,0.35,137960,1440,463080
FINNIFTY02JAN2422250CE.NFO,02/01/2024,12:46:54,0.3,0.25,177920,0.3,121200,32240,463080
FINNIFTY02JAN2422250CE.NFO,02/01/2024,12:46:59,0.3,0.25,177680,0.3,128400,400,463080
FINNIFTY02JAN2422250CE.NFO,02/01/2024,12:47:09,0.3,0.25,168680,0.3,127600,200,463080
FINNIFTY02JAN2422250CE.NFO,02/01/2024,12:47:14,0.3,0.25,157880,0.3,127000,800,463080
FINNIFTY02JAN2422250CE.NFO,02/01/2024,12:47:19,0.3,0.25,157880,0.3,128600,200,463080
FINNIFTY02JAN2422250CE.NFO,02/01/2024,12:47:26,0.3,0.25,157880,0.3,128600,0,463080
FINNIFTY02JAN2422250CE.NFO,02/01/2024,12:47:31,0.3,0.25,157880,0.3,128240,360,463080
FINNIFTY02JAN2422250CE.NFO,02/01/2024,12:47:36,0.3,0.25,157880,0.3,126040,200,463080
FINNIFTY02JAN2422250CE.NFO,02/01/2024,12:47:59,0.3,0.25,180840,0.3,129840,40200,480920
FINNIFTY02JAN2422250CE.NFO,02/01/2024,12:48:05,0.3,0.25,149640,0.3,129040,2000,480920
FINNIFTY02JAN2422250CE.NFO,02/01/2024,12:48:16,0.3,0.25,149640,0.3,127240,0,480920
FINNIFTY02JAN2422250CE.NFO,02/01/2024,12:48:32,0.3,0.25,149080,0.3,128280,2040,480920
FINNIFTY02JAN2422250CE.NFO,02/01/2024,12:48:32,0.25,0.25,149080,0.3,128280,0,480920
FINNIFTY02JAN2422250CE.NFO,02/01/2024,12:48:38,0.3,0.25,126880,0.3,116640,6600,480920
FINNIFTY02JAN2422250CE.NFO,02/01/2024,12:48:44,0.3,0.25,110080,0.3,126840,10800,480920
FINNIFTY02JAN2422250CE.NFO,02/01/2024,12:48:50,0.25,0.25,92200,0.3,139240,14600,480920
FINNIFTY02JAN2422250CE.NFO,02/01/2024,12:48:57,0.3,0.25,39600,0.3,139080,13440,480920
FINNIFTY02JAN2422250CE.NFO,02/01/2024,12:49:02,0.3,0.25,39160,0.3,147200,14000,480920
FINNIFTY02JAN2422250CE.NFO,02/01/2024,12:49:08,0.25,0.25,38320,0.3,150760,1800,480920
FINNIFTY02JAN2422250CE.NFO,02/01/2024,12:49:13,0.3,0.25,41840,0.3,151600,5720,480920
FINNIFTY02JAN2422250CE.NFO,02/01/2024,12:49:18,0.3,0.25,44960,0.3,152680,2920,480920
FINNIFTY02JAN2422250CE.NFO,02/01/2024,12:49:24,0.3,0.25,45880,0.3,153880,4680,480920
FINNIFTY02JAN2422250CE.NFO,02/01/2024,12:49:31,0.3,0.25,45280,0.3,154880,2000,480920
FINNIFTY02JAN2422250CE.NFO,02/01/2024,12:49:37,0.25,0.25,38360,0.3,154720,8800,480920
FINNIFTY02JAN2422250CE.NFO,02/01/2024,12:49:42,0.3,0.25,41280,0.3,154520,3200,480920
FINNIFTY02JAN2422250CE.NFO,02/01/2024,12:49:47,0.3,0.25,39160,0.3,156000,8240,480920
FINNIFTY02JAN2422250CE.NFO,02/01/2024,12:49:52,0.3,0.25,37040,0.3,154920,9720,480920
FINNIFTY02JAN2422250CE.NFO,02/01/2024,12:49:58,0.3,0.25,35280,0.3,156920,4200,480920
FINNIFTY02JAN2422250CE.NFO,02/01/2024,12:50:04,0.25,0.25,12560,0.3,129240,41000,480920
FINNIFTY02JAN2422250CE.NFO,02/01/2024,12:50:09,0.3,0.25,8080,0.3,129080,4600,480920
FINNIFTY02JAN2422250CE.NFO,02/01/2024,12:50:14,0.3,0.25,3600,0.3,126840,7200,480920
FINNIFTY02JAN2422250CE.NFO,02/01/2024,12:50:20,0.3,0.25,13400,0.3,109640,6400,480920
FINNIFTY02JAN2422250CE.NFO,02/01/2024,12:50:26,0.3,0.25,15440,0.3,109360,13800,480920
FINNIFTY02JAN2422250CE.NFO,02/01/2024,12:50:32,0.3,0.25,12080,0.3,125160,5000,480920
FINNIFTY02JAN2422250CE.NFO,02/01/2024,12:50:38,0.25,0.2,228600,0.25,7440,85520,480920
FINNIFTY02JAN2422250CE.NFO,02/01/2024,12:50:45,0.25,0.2,221040,0.25,18240,15320,480920
FINNIFTY02JAN2422250CE.NFO,02/01/2024,12:50:45,0.2,0.2,221040,0.25,18240,0,480920
FINNIFTY02JAN2422250CE.NFO,02/01/2024,12:50:50,0.25,0.2,268240,0.25,26680,16000,480920
FINNIFTY02JAN2422250CE.NFO,02/01/2024,12:50:55,0.25,0.2,442240,0.25,43640,10240,368520
FINNIFTY02JAN2422250CE.NFO,02/01/2024,12:51:01,0.2,0.2,438880,0.25,52840,4400,368520
FINNIFTY02JAN2422250CE.NFO,02/01/2024,12:51:07,0.2,0.2,437480,0.25,63760,6080,368520
FINNIFTY02JAN2422250CE.NFO,02/01/2024,12:51:13,0.25,0.2,435760,0.25,63560,9200,368520
FINNIFTY02JAN2422250CE.NFO,02/01/2024,12:51:19,0.25,0.2,457400,0.25,50560,26400,368520
FINNIFTY02JAN2422250CE.NFO,02/01/2024,12:51:26,0.25,0.2,453800,0.25,44480,9680,368520
FINNIFTY02JAN2422250CE.NFO,02/01/2024,12:51:31,0.3,0.25,53320,0.3,61240,44880,368520
FINNIFTY02JAN2422250CE.NFO,02/01/2024,12:51:38,0.25,0.25,34600,0.3,80800,14000,368520
FINNIFTY02JAN2422250CE.NFO,02/01/2024,12:51:43,0.25,0.25,44600,0.3,84760,8600,368520
FINNIFTY02JAN2422250CE.NFO,02/01/2024,12:51:48,0.3,0.25,60920,0.3,79560,8800,368520
FINNIFTY02JAN2422250CE.NFO,02/01/2024,12:51:53,0.3,0.25,66920,0.3,76720,10000,368520
FINNIFTY02JAN2422250CE.NFO,02/01/2024,12:51:58,0.3,0.25,66920,0.3,66480,9200,368520
FINNIFTY02JAN2422250CE.NFO,02/01/2024,12:52:02,0.3,0.25,63120,0.3,63600,9000,368520
FINNIFTY02JAN2422250CE.NFO,02/01/2024,12:52:07,0.3,0.25,59520,0.3,61800,6800,368520
FINNIFTY02JAN2422250CE.NFO,02/01/2024,12:52:12,0.3,0.25,52320,0.3,84320,16400,368520
FINNIFTY02JAN2422250CE.NFO,02/01/2024,12:52:17,0.3,0.25,47040,0.3,83600,8200,368520
FINNIFTY02JAN2422250CE.NFO,02/01/2024,12:52:22,0.3,0.25,42400,0.3,84800,11400,368520
FINNIFTY02JAN2422250CE.NFO,02/01/2024,12:52:27,0.3,0.25,37000,0.3,81280,9800,368520
FINNIFTY02JAN2422250CE.NFO,02/01/2024,12:52:32,0.25,0.25,32200,0.3,80240,20400,368520
FINNIFTY02JAN2422250CE.NFO,02/01/2024,12:52:36,0.3,0.25,35880,0.3,99640,13200,368520
FINNIFTY02JAN2422250CE.NFO,02/01/2024,12:52:41,0.3,0.25,45600,0.3,98920,14000,368520
FINNIFTY02JAN2422250CE.NFO,02/01/2024,12:52:46,0.3,0.25,56760,0.3,112520,13400,368520
FINNIFTY02JAN2422250CE.NFO,02/01/2024,12:52:52,0.3,0.25,70880,0.3,106480,16840,368520
FINNIFTY02JAN2422250CE.NFO,02/01/2024,12:52:57,0.3,0.25,81600,0.3,106400,14800,368520
FINNIFTY02JAN2422250CE.NFO,02/01/2024,12:53:02,0.3,0.25,72240,0.3,115600,12400,368520
FINNIFTY02JAN2422250CE.NFO,02/01/2024,12:53:06,0.25,0.25,73200,0.3,121400,10440,368520
FINNIFTY02JAN2422250CE.NFO,02/01/2024,12:53:11,0.3,0.25,66640,0.3,140400,11200,368520
FINNIFTY02JAN2422250CE.NFO,02/01/2024,12:53:16,0.25,0.25,140280,0.3,142400,8800,368520
FINNIFTY02JAN2422250CE.NFO,02/01/2024,12:53:22,0.3,0.25,154760,0.3,149200,11200,368520
FINNIFTY02JAN2422250CE.NFO,02/01/2024,12:53:27,0.3,0.25,152080,0.3,150320,200,368520
FINNIFTY02JAN2422250CE.NFO,02/01/2024,12:53:48,0.3,0.25,150280,0.3,146720,5400,368520
FINNIFTY02JAN2422250CE.NFO,02/01/2024,12:53:53,0.3,0.25,137280,0.3,147120,6800,349080
FINNIFTY02JAN2422250CE.NFO,02/01/2024,12:53:58,0.3,0.25,135080,0.3,143520,5400,349080
FINNIFTY02JAN2422250CE.NFO,02/01/2024,12:54:03,0.25,0.25,129680,0.3,152520,7200,349080
FINNIFTY02JAN2422250CE.NFO,02/01/2024,12:54:12,0.25,0.25,129680,0.3,152520,0,349080
FINNIFTY02JAN2422250CE.NFO,02/01/2024,12:54:16,0.25,0.25,129640,0.3,152520,40,349080
FINNIFTY02JAN2422250CE.NFO,02/01/2024,12:54:44,0.25,0.25,129160,0.3,152520,0,349080
FINNIFTY02JAN2422250CE.NFO,02/01/2024,12:54:48,0.25,0.25,129000,0.3,152520,0,349080
FINNIFTY02JAN2422250CE.NFO,02/01/2024,12:54:52,0.25,0.25,128960,0.3,152520,40,349080
FINNIFTY02JAN2422250CE.NFO,02/01/2024,12:54:59,0.25,0.25,127520,0.3,153840,0,349080
FINNIFTY02JAN2422250CE.NFO,02/01/2024,12:55:04,0.25,0.25,126920,0.3,153840,600,349080
FINNIFTY02JAN2422250CE.NFO,02/01/2024,12:55:09,0.25,0.25,125120,0.3,152520,0,349080
FINNIFTY02JAN2422250CE.NFO,02/01/2024,12:55:40,0.25,0.25,126800,0.3,152520,120,349080
FINNIFTY02JAN2422250CE.NFO,02/01/2024,12:55:46,0.25,0.25,124400,0.3,152520,600,349080
FINNIFTY02JAN2422250CE.NFO,02/01/2024,12:55:51,0.25,0.25,123800,0.3,152520,600,349080
FINNIFTY02JAN2422250CE.NFO,02/01/2024,12:56:00,0.25,0.25,105800,0.3,152920,0,349080
FINNIFTY02JAN2422250CE.NFO,02/01/2024,12:56:04,0.25,0.25,105480,0.3,152200,320,349080
FINNIFTY02JAN2422250CE.NFO,02/01/2024,12:56:21,0.3,0.25,109080,0.3,151720,1800,349080
FINNIFTY02JAN2422250CE.NFO,02/01/2024,12:56:26,0.3,0.25,110480,0.3,151720,0,349080
FINNIFTY02JAN2422250CE.NFO,02/01/2024,12:56:36,0.25,0.25,107360,0.3,150400,1320,349080
FINNIFTY02JAN2422250CE.NFO,02/01/2024,12:56:41,0.25,0.25,107360,0.3,150400,0,349080
FINNIFTY02JAN2422250CE.NFO,02/01/2024,12:57:07,0.25,0.25,107320,0.3,150400,40,347280
FINNIFTY02JAN2422250CE.NFO,02/01/2024,12:57:33,0.25,0.25,107320,0.3,150400,0,347280
FINNIFTY02JAN2422250CE.NFO,02/01/2024,12:57:43,0.3,0.25,107320,0.3,150000,400,347280
FINNIFTY02JAN2422250CE.NFO,02/01/2024,12:57:48,0.3,0.25,107320,0.3,150280,0,347280
FINNIFTY02JAN2422250CE.NFO,02/01/2024,12:57:52,0.25,0.25,107040,0.3,150000,280,347280
FINNIFTY02JAN2422250CE.NFO,02/01/2024,12:58:27,0.25,0.25,108840,0.3,150000,0,347280
FINNIFTY02JAN2422250CE.NFO,02/01/2024,12:58:45,0.3,0.25,92640,0.3,148160,1840,347280
FINNIFTY02JAN2422250CE.NFO,02/01/2024,12:58:50,0.3,0.25,37640,0.3,148160,0,347280
FINNIFTY02JAN2422250CE.NFO,02/01/2024,12:58:56,0.25,0.25,8120,0.3,139280,4720,347280
FINNIFTY02JAN2422250CE.NFO,02/01/2024,12:59:02,0.25,0.25,8480,0.3,139280,1440,347280
FINNIFTY02JAN2422250CE.NFO,02/01/2024,12:59:08,0.25,0.25,7080,0.3,139280,1400,347280
FINNIFTY02JAN2422250CE.NFO,02/01/2024,12:59:14,0.25,0.2,260280,0.25,61520,8760,347280
FINNIFTY02JAN2422250CE.NFO,02/01/2024,12:59:19,0.2,0.2,215880,0.25,95720,13720,347280
FINNIFTY02JAN2422250CE.NFO,02/01/2024,12:59:25,0.2,0.2,206960,0.25,115480,0,347280
FINNIFTY02JAN2422250CE.NFO,02/01/2024,12:59:29,0.2,0.2,206920,0.25,115480,40,347280
FINNIFTY02JAN2422250CE.NFO,02/01/2024,12:59:34,0.2,0.2,199720,0.25,123680,0,347280
FINNIFTY02JAN2422250CE.NFO,02/01/2024,12:59:39,0.2,0.2,199720,0.25,125560,0,347280
FINNIFTY02JAN2422250CE.NFO,02/01/2024,12:59:44,0.2,0.2,194320,0.25,123760,0,347280
FINNIFTY02JAN2422250CE.NFO,02/01/2024,12:59:54,0.25,0.2,195160,0.25,123680,80,343280
FINNIFTY02JAN2422250CE.NFO,02/01/2024,12:59:59,0.25,0.2,198040,0.25,125480,0,343280
FINNIFTY02JAN2422250CE.NFO,02/01/2024,13:00:04,0.25,0.2,202360,0.25,123680,0,343280
FINNIFTY02JAN2422250CE.NFO,02/01/2024,13:00:09,0.25,0.2,201520,0.25,122720,840,343280
FINNIFTY02JAN2422250CE.NFO,02/01/2024,13:00:14,0.25,0.2,202320,0.25,122280,0,343280
FINNIFTY02JAN2422250CE.NFO,02/01/2024,13:00:19,0.25,0.2,202320,0.25,125880,0,343280
FINNIFTY02JAN2422250CE.NFO,02/01/2024,13:00:24,0.25,0.2,202320,0.25,125920,0,343280
FINNIFTY02JAN2422250CE.NFO,02/01/2024,13:01:39,0.2,0.2,194640,0.25,125920,480,343280
FINNIFTY02JAN2422250CE.NFO,02/01/2024,13:01:47,0.2,0.2,193760,0.25,127720,0,343280
FINNIFTY02JAN2422250CE.NFO,02/01/2024,13:01:53,0.2,0.2,184760,0.25,127720,0,343280
FINNIFTY02JAN2422250CE.NFO,02/01/2024,13:02:00,0.2,0.2,110760,0.25,127720,560,343280
FINNIFTY02JAN2422250CE.NFO,02/01/2024,13:02:08,0.2,0.15,340120,0.2,16280,9080,343280
FINNIFTY02JAN2422250CE.NFO,02/01/2024,13:02:16,0.2,0.15,347440,0.2,64200,1040,343280
FINNIFTY02JAN2422250CE.NFO,02/01/2024,13:02:23,0.2,0.15,356440,0.2,62400,3600,343280
FINNIFTY02JAN2422250CE.NFO,02/01/2024,13:02:31,0.2,0.15,372640,0.2,39400,26600,343280
FINNIFTY02JAN2422250CE.NFO,02/01/2024,13:02:38,0.2,0.15,381640,0.2,36520,2880,343280
FINNIFTY02JAN2422250CE.NFO,02/01/2024,13:02:47,0.2,0.15,379840,0.2,65040,200,343280
FINNIFTY02JAN2422250CE.NFO,02/01/2024,13:02:54,0.2,0.15,365440,0.2,54040,200,343280
FINNIFTY02JAN2422250CE.NFO,02/01/2024,13:03:01,0.2,0.15,365440,0.2,54040,0,343280
FINNIFTY02JAN2422250CE.NFO,02/01/2024,13:03:33,0.2,0.15,377080,0.2,49240,12000,339960
FINNIFTY02JAN2422250CE.NFO,02/01/2024,13:03:41,0.2,0.15,378880,0.2,28080,0,339960
FINNIFTY02JAN2422250CE.NFO,02/01/2024,13:03:49,0.2,0.15,378880,0.2,27600,880,339960
FINNIFTY02JAN2422250CE.NFO,02/01/2024,13:03:56,0.15,0.15,377080,0.2,27600,1800,339960
FINNIFTY02JAN2422250CE.NFO,02/01/2024,13:03:56,0.15,0.15,377080,0.2,27600,0,339960
FINNIFTY02JAN2422250CE.NFO,02/01/2024,13:04:05,0.2,0.2,55040,0.25,128080,21840,339960
FINNIFTY02JAN2422250CE.NFO,02/01/2024,13:04:15,0.2,0.2,65640,0.25,128160,1120,339960
FINNIFTY02JAN2422250CE.NFO,02/01/2024,13:04:34,0.25,0.2,67120,0.25,125560,800,339960
FINNIFTY02JAN2422250CE.NFO,02/01/2024,13:04:42,0.25,0.2,72880,0.25,124760,800,339960
FINNIFTY02JAN2422250CE.NFO,02/01/2024,13:04:50,0.2,0.2,100880,0.25,124840,2600,339960
FINNIFTY02JAN2422250CE.NFO,02/01/2024,13:04:58,0.2,0.2,115840,0.25,124840,3040,339960
FINNIFTY02JAN2422250CE.NFO,02/01/2024,13:05:05,0.2,0.2,115840,0.25,124880,0,339960
FINNIFTY02JAN2422250CE.NFO,02/01/2024,13:05:12,0.2,0.2,115840,0.25,133880,0,339960
FINNIFTY02JAN2422250CE.NFO,02/01/2024,13:05:18,0.25,0.2,115840,0.25,133560,320,339960
FINNIFTY02JAN2422250CE.NFO,02/01/2024,13:05:23,0.2,0.2,114480,0.25,133560,1360,339960
FINNIFTY02JAN2422250CE.NFO,02/01/2024,13:05:29,0.2,0.2,96480,0.25,133560,0,339960
FINNIFTY02JAN2422250CE.NFO,02/01/2024,13:05:34,0.2,0.2,82080,0.25,133560,0,339960
FINNIFTY02JAN2422250CE.NFO,02/01/2024,13:05:40,0.2,0.2,73080,0.25,133560,0,339960
FINNIFTY02JAN2422250CE.NFO,02/01/2024,13:05:46,0.2,0.2,73040,0.25,133560,0,339960
FINNIFTY02JAN2422250CE.NFO,02/01/2024,13:05:52,0.2,0.2,72320,0.25,124560,720,339960
FINNIFTY02JAN2422250CE.NFO,02/01/2024,13:05:58,0.2,0.2,57440,0.25,124560,9480,346720
FINNIFTY02JAN2422250CE.NFO,02/01/2024,13:06:04,0.25,0.2,47440,0.25,118880,3600,346720
FINNIFTY02JAN2422250CE.NFO,02/01/2024,13:06:11,0.25,0.2,80040,0.25,118880,0,346720
FINNIFTY02JAN2422250CE.NFO,02/01/2024,13:06:22,0.2,0.2,69880,0.25,125480,760,346720
FINNIFTY02JAN2422250CE.NFO,02/01/2024,13:06:28,0.2,0.2,73480,0.25,125480,0,346720
FINNIFTY02JAN2422250CE.NFO,02/01/2024,13:07:26,0.2,0.2,71840,0.25,125000,0,346720
FINNIFTY02JAN2422250CE.NFO,02/01/2024,13:07:32,0.2,0.2,66440,0.25,125000,0,346720
FINNIFTY02JAN2422250CE.NFO,02/01/2024,13:07:48,0.2,0.2,76520,0.25,125000,0,346720
FINNIFTY02JAN2422250CE.NFO,02/01/2024,13:07:54,0.2,0.2,82640,0.25,125000,0,346720
FINNIFTY02JAN2422250CE.NFO,02/01/2024,13:07:59,0.2,0.2,75440,0.25,125000,0,346720
FINNIFTY02JAN2422250CE.NFO,02/01/2024,13:08:06,0.2,0.2,59400,0.25,126800,1640,346720
FINNIFTY02JAN2422250CE.NFO,02/01/2024,13:08:13,0.2,0.2,59400,0.25,128600,0,346720
FINNIFTY02JAN2422250CE.NFO,02/01/2024,13:08:19,0.2,0.2,59360,0.25,128600,40,346720
FINNIFTY02JAN2422250CE.NFO,02/01/2024,13:08:32,0.2,0.2,59080,0.25,128600,280,346720
FINNIFTY02JAN2422250CE.NFO,02/01/2024,13:08:39,0.2,0.2,57240,0.25,130400,1840,346720
FINNIFTY02JAN2422250CE.NFO,02/01/2024,13:08:45,0.25,0.2,62480,0.25,129840,1040,346720
FINNIFTY02JAN2422250CE.NFO,02/01/2024,13:08:51,0.25,0.2,75240,0.25,129360,0,346720
FINNIFTY02JAN2422250CE.NFO,02/01/2024,13:08:57,0.2,0.2,80600,0.25,129360,40,348560
FINNIFTY02JAN2422250CE.NFO,02/01/2024,13:09:07,0.25,0.2,80600,0.25,129200,160,348560
FINNIFTY02JAN2422250CE.NFO,02/01/2024,13:09:30,0.2,0.2,85560,0.25,129280,80,348560
FINNIFTY02JAN2422250CE.NFO,02/01/2024,13:09:35,0.2,0.2,88560,0.25,129280,0,348560
FINNIFTY02JAN2422250CE.NFO,02/01/2024,13:10:24,0.2,0.2,84920,0.25,129760,40,348560
