Ticker,Date,Time,LTP,BuyPrice,BuyQty,SellPrice,SellQty,LTQ,OpenInterest
FINNIFTY02JAN2422500CE.NFO,02/01/2024,09:15:06,0.4,0.35,20040,0.45,20080,19680,1365760
FINNIFTY02JAN2422500CE.NFO,02/01/2024,09:15:06,0.4,0.35,20040,0.45,20080,0,1365760
FINNIFTY02JAN2422500CE.NFO,02/01/2024,09:15:06,0.45,0.35,20040,0.45,20080,0,1365760
FINNIFTY02JAN2422500CE.NFO,02/01/2024,09:15:06,0.4,0.35,20040,0.45,20080,0,1365760
FINNIFTY02JAN2422500CE.NFO,02/01/2024,09:15:19,0.4,0.4,13680,0.45,40440,21400,1365760
FINNIFTY02JAN2422500CE.NFO,02/01/2024,09:15:19,0.35,0.4,13680,0.45,40440,0,1365760
FINNIFTY02JAN2422500CE.NFO,02/01/2024,09:15:31,0.35,0.35,43520,0.4,27880,23600,1365760
FINNIFTY02JAN2422500CE.NFO,02/01/2024,09:15:40,0.4,0.35,40640,0.4,35360,9920,1365760
FINNIFTY02JAN2422500CE.NFO,02/01/2024,09:15:49,0.35,0.35,12080,0.4,47840,36160,1365760
FINNIFTY02JAN2422500CE.NFO,02/01/2024,09:15:57,0.35,0.35,21840,0.4,56160,19680,1365760
FINNIFTY02JAN2422500CE.NFO,02/01/2024,09:16:07,0.4,0.35,26760,0.4,74600,15640,1365760
FINNIFTY02JAN2422500CE.NFO,02/01/2024,09:16:16,0.35,0.3,393680,0.35,50240,52640,1365760
FINNIFTY02JAN2422500CE.NFO,02/01/2024,09:16:16,0.3,0.3,393680,0.35,50240,0,1365760
FINNIFTY02JAN2422500CE.NFO,02/01/2024,09:16:24,0.3,0.3,456720,0.35,81200,35120,1365760
FINNIFTY02JAN2422500CE.NFO,02/01/2024,09:16:32,0.35,0.3,420760,0.35,110400,39160,1365760
FINNIFTY02JAN2422500CE.NFO,02/01/2024,09:16:39,0.35,0.3,418880,0.35,111560,640,1365760
FINNIFTY02JAN2422500CE.NFO,02/01/2024,09:16:48,0.35,0.3,419000,0.35,128360,6560,1365760
FINNIFTY02JAN2422500CE.NFO,02/01/2024,09:16:56,0.35,0.35,258640,0.4,51040,147680,1365760
FINNIFTY02JAN2422500CE.NFO,02/01/2024,09:17:03,0.35,0.35,265400,0.4,70800,31880,1365760
FINNIFTY02JAN2422500CE.NFO,02/01/2024,09:17:13,0.35,0.35,262760,0.4,70280,4120,1365760
FINNIFTY02JAN2422500CE.NFO,02/01/2024,09:17:21,0.35,0.35,255440,0.4,73840,8080,1365760
FINNIFTY02JAN2422500CE.NFO,02/01/2024,09:17:28,0.4,0.35,553000,0.4,79640,61120,1560880
FINNIFTY02JAN2422500CE.NFO,02/01/2024,09:17:38,0.35,0.35,509320,0.4,81480,45000,1560880
FINNIFTY02JAN2422500CE.NFO,02/01/2024,09:17:46,0.35,0.35,509880,0.4,79640,2800,1560880
FINNIFTY02JAN2422500CE.NFO,02/01/2024,09:17:54,0.4,0.35,518560,0.4,80320,2200,1560880
FINNIFTY02JAN2422500CE.NFO,02/01/2024,09:18:01,0.35,0.35,505640,0.4,86480,16840,1560880
FINNIFTY02JAN2422500CE.NFO,02/01/2024,09:18:08,0.35,0.35,500920,0.4,82880,6440,1560880
FINNIFTY02JAN2422500CE.NFO,02/01/2024,09:18:15,0.35,0.35,497640,0.4,88120,4040,1560880
FINNIFTY02JAN2422500CE.NFO,02/01/2024,09:18:23,0.4,0.35,493240,0.4,84520,6360,1560880
FINNIFTY02JAN2422500CE.NFO,02/01/2024,09:18:31,0.35,0.35,487680,0.4,79320,7160,1560880
FINNIFTY02JAN2422500CE.NFO,02/01/2024,09:18:38,0.4,0.35,479480,0.4,104520,12600,1560880
FINNIFTY02JAN2422500CE.NFO,02/01/2024,09:18:45,0.35,0.35,769680,0.4,118240,41000,1560880
FINNIFTY02JAN2422500CE.NFO,02/01/2024,09:18:54,0.35,0.35,724280,0.4,139280,55000,1560880
FINNIFTY02JAN2422500CE.NFO,02/01/2024,09:19:04,0.35,0.3,818120,0.35,373120,76920,1560880
FINNIFTY02JAN2422500CE.NFO,02/01/2024,09:19:12,0.35,0.3,951160,0.35,371920,15080,1560880
FINNIFTY02JAN2422500CE.NFO,02/01/2024,09:19:20,0.35,0.3,951160,0.35,379560,0,1560880
FINNIFTY02JAN2422500CE.NFO,02/01/2024,09:19:29,0.35,0.3,931240,0.35,381560,52200,1560880
FINNIFTY02JAN2422500CE.NFO,02/01/2024,09:19:30,0.35,0.3,931240,0.35,372920,9240,1560880
FINNIFTY02JAN2422500CE.NFO,02/01/2024,09:19:32,0.35,0.3,932160,0.35,370000,1000,1560880
FINNIFTY02JAN2422500CE.NFO,02/01/2024,09:19:34,0.3,0.3,931760,0.35,355720,400,1560880
FINNIFTY02JAN2422500CE.NFO,02/01/2024,09:19:35,0.3,0.3,931720,0.35,365520,0,1560880
FINNIFTY02JAN2422500CE.NFO,02/01/2024,09:19:37,0.3,0.3,931720,0.35,365560,0,1560880
FINNIFTY02JAN2422500CE.NFO,02/01/2024,09:19:39,0.3,0.3,931680,0.35,368240,0,1560880
FINNIFTY02JAN2422500CE.NFO,02/01/2024,09:19:42,0.35,0.3,931680,0.35,365440,5000,1560880
FINNIFTY02JAN2422500CE.NFO,02/01/2024,09:19:44,0.35,0.3,931680,0.35,363360,2080,1560880
FINNIFTY02JAN2422500CE.NFO,02/01/2024,09:19:45,0.35,0.3,931280,0.35,362080,1680,1560880
FINNIFTY02JAN2422500CE.NFO,02/01/2024,09:19:47,0.35,0.3,931280,0.35,360800,1280,1560880
FINNIFTY02JAN2422500CE.NFO,02/01/2024,09:19:48,0.35,0.3,927880,0.35,375400,5320,1560880
FINNIFTY02JAN2422500CE.NFO,02/01/2024,09:19:50,0.35,0.3,927400,0.35,377680,2400,1560880
FINNIFTY02JAN2422500CE.NFO,02/01/2024,09:19:52,0.35,0.3,927000,0.35,376200,1480,1560880
FINNIFTY02JAN2422500CE.NFO,02/01/2024,09:19:53,0.35,0.3,926400,0.35,372480,2520,1560880
FINNIFTY02JAN2422500CE.NFO,02/01/2024,09:19:55,0.35,0.3,926400,0.35,370720,1920,1560880
FINNIFTY02JAN2422500CE.NFO,02/01/2024,09:19:57,0.35,0.3,926400,0.35,368520,2080,1560880
FINNIFTY02JAN2422500CE.NFO,02/01/2024,09:19:58,0.35,0.3,924600,0.35,368360,3880,1560880
FINNIFTY02JAN2422500CE.NFO,02/01/2024,09:20:00,0.35,0.3,924600,0.35,365240,3120,1560880
FINNIFTY02JAN2422500CE.NFO,02/01/2024,09:20:02,0.35,0.3,924600,0.35,364240,1360,1560880
FINNIFTY02JAN2422500CE.NFO,02/01/2024,09:20:03,0.35,0.3,924680,0.35,326280,37920,1560880
FINNIFTY02JAN2422500CE.NFO,02/01/2024,09:20:05,0.35,0.3,924800,0.35,119000,19920,1560880
FINNIFTY02JAN2422500CE.NFO,02/01/2024,09:20:07,0.35,0.35,43560,0.4,143040,106280,1560880
FINNIFTY02JAN2422500CE.NFO,02/01/2024,09:20:08,0.35,0.35,50080,0.4,147080,680,1560880
FINNIFTY02JAN2422500CE.NFO,02/01/2024,09:20:10,0.35,0.35,56360,0.4,244120,800,1560880
FINNIFTY02JAN2422500CE.NFO,02/01/2024,09:20:12,0.35,0.35,61240,0.4,247760,8400,1560880
FINNIFTY02JAN2422500CE.NFO,02/01/2024,09:20:13,0.35,0.35,61760,0.4,266800,2960,1560880
FINNIFTY02JAN2422500CE.NFO,02/01/2024,09:20:15,0.4,0.35,62840,0.4,264800,1040,1560880
FINNIFTY02JAN2422500CE.NFO,02/01/2024,09:20:17,0.4,0.35,64640,0.4,264560,0,1560880
FINNIFTY02JAN2422500CE.NFO,02/01/2024,09:20:18,0.4,0.35,83120,0.4,264560,0,1560880
FINNIFTY02JAN2422500CE.NFO,02/01/2024,09:20:20,0.35,0.35,106040,0.4,268280,4080,1560880
FINNIFTY02JAN2422500CE.NFO,02/01/2024,09:20:22,0.35,0.35,106040,0.4,268320,0,1560880
FINNIFTY02JAN2422500CE.NFO,02/01/2024,09:20:25,0.35,0.35,106040,0.4,268280,0,1560880
FINNIFTY02JAN2422500CE.NFO,02/01/2024,09:20:27,0.35,0.35,106320,0.4,268320,1520,1702560
FINNIFTY02JAN2422500CE.NFO,02/01/2024,09:20:28,0.35,0.35,104880,0.4,270760,1520,1702560
FINNIFTY02JAN2422500CE.NFO,02/01/2024,09:20:32,0.4,0.35,104880,0.4,268360,600,1702560
FINNIFTY02JAN2422500CE.NFO,02/01/2024,09:20:33,0.35,0.35,103360,0.4,268360,5000,1702560
FINNIFTY02JAN2422500CE.NFO,02/01/2024,09:20:35,0.4,0.35,104720,0.4,266360,2560,1702560
FINNIFTY02JAN2422500CE.NFO,02/01/2024,09:20:40,0.4,0.35,104720,0.4,269160,0,1702560
FINNIFTY02JAN2422500CE.NFO,02/01/2024,09:20:42,0.4,0.35,104720,0.4,267400,0,1702560
FINNIFTY02JAN2422500CE.NFO,02/01/2024,09:20:43,0.35,0.35,101920,0.4,268200,2800,1702560
FINNIFTY02JAN2422500CE.NFO,02/01/2024,09:20:45,0.35,0.35,98200,0.4,268200,1800,1702560
FINNIFTY02JAN2422500CE.NFO,02/01/2024,09:20:47,0.35,0.3,896360,0.35,213400,85320,1702560
FINNIFTY02JAN2422500CE.NFO,02/01/2024,09:20:48,0.35,0.3,896560,0.35,213440,960,1702560
FINNIFTY02JAN2422500CE.NFO,02/01/2024,09:20:50,0.35,0.3,896560,0.35,212080,1360,1702560
FINNIFTY02JAN2422500CE.NFO,02/01/2024,09:20:52,0.3,0.3,894640,0.35,209080,3000,1702560
FINNIFTY02JAN2422500CE.NFO,02/01/2024,09:20:53,0.3,0.3,894640,0.35,206080,0,1702560
FINNIFTY02JAN2422500CE.NFO,02/01/2024,09:20:57,0.3,0.3,895120,0.35,206680,0,1702560
FINNIFTY02JAN2422500CE.NFO,02/01/2024,09:21:00,0.3,0.3,893400,0.35,54040,1800,1702560
FINNIFTY02JAN2422500CE.NFO,02/01/2024,09:21:02,0.35,0.3,907480,0.35,48920,31920,1702560
FINNIFTY02JAN2422500CE.NFO,02/01/2024,09:21:03,0.35,0.3,909640,0.35,48560,8560,1702560
FINNIFTY02JAN2422500CE.NFO,02/01/2024,09:21:05,0.35,0.3,913120,0.35,47640,4520,1702560
FINNIFTY02JAN2422500CE.NFO,02/01/2024,09:21:07,0.35,0.3,916440,0.35,43640,7600,1702560
FINNIFTY02JAN2422500CE.NFO,02/01/2024,09:21:08,0.35,0.3,916440,0.35,41600,5760,1702560
FINNIFTY02JAN2422500CE.NFO,02/01/2024,09:21:10,0.35,0.3,915600,0.35,39880,23120,1702560
FINNIFTY02JAN2422500CE.NFO,02/01/2024,09:21:12,0.35,0.3,915280,0.35,7080,22640,1702560
FINNIFTY02JAN2422500CE.NFO,02/01/2024,09:21:13,0.35,0.3,915280,0.35,4200,3880,1702560
FINNIFTY02JAN2422500CE.NFO,02/01/2024,09:21:15,0.4,0.35,62560,0.4,414880,10880,1702560
FINNIFTY02JAN2422500CE.NFO,02/01/2024,09:21:17,0.35,0.35,51440,0.4,417920,1520,1702560
FINNIFTY02JAN2422500CE.NFO,02/01/2024,09:21:18,0.35,0.35,63200,0.4,420800,6000,1702560
FINNIFTY02JAN2422500CE.NFO,02/01/2024,09:21:20,0.35,0.35,61800,0.4,421840,2480,1702560
FINNIFTY02JAN2422500CE.NFO,02/01/2024,09:21:22,0.35,0.35,61680,0.4,421760,3000,1702560
FINNIFTY02JAN2422500CE.NFO,02/01/2024,09:21:23,0.35,0.35,63960,0.4,429680,3600,1702560
FINNIFTY02JAN2422500CE.NFO,02/01/2024,09:21:25,0.4,0.35,63960,0.4,434560,2200,1702560
FINNIFTY02JAN2422500CE.NFO,02/01/2024,09:21:27,0.4,0.35,65200,0.4,438280,5560,1702560
FINNIFTY02JAN2422500CE.NFO,02/01/2024,09:21:28,0.35,0.35,66240,0.4,445200,2200,1702560
FINNIFTY02JAN2422500CE.NFO,02/01/2024,09:21:30,0.35,0.35,65400,0.4,455760,11600,1702560
FINNIFTY02JAN2422500CE.NFO,02/01/2024,09:21:31,0.35,0.35,46360,0.4,460280,23600,1702560
FINNIFTY02JAN2422500CE.NFO,02/01/2024,09:21:33,0.35,0.35,45200,0.4,460160,7640,1702560
FINNIFTY02JAN2422500CE.NFO,02/01/2024,09:21:35,0.35,0.35,48800,0.4,460160,0,1702560
FINNIFTY02JAN2422500CE.NFO,02/01/2024,09:21:36,0.35,0.35,47000,0.4,460760,1800,1702560
FINNIFTY02JAN2422500CE.NFO,02/01/2024,09:21:38,0.4,0.35,47080,0.4,462480,80,1702560
FINNIFTY02JAN2422500CE.NFO,02/01/2024,09:21:40,0.35,0.35,41040,0.4,462840,4200,1702560
FINNIFTY02JAN2422500CE.NFO,02/01/2024,09:21:41,0.4,0.35,42960,0.4,462000,880,1702560
FINNIFTY02JAN2422500CE.NFO,02/01/2024,09:21:45,0.4,0.35,42960,0.4,462000,0,1702560
FINNIFTY02JAN2422500CE.NFO,02/01/2024,09:21:46,0.4,0.35,42960,0.4,459800,400,1702560
FINNIFTY02JAN2422500CE.NFO,02/01/2024,09:21:48,0.4,0.35,42960,0.4,459400,400,1702560
FINNIFTY02JAN2422500CE.NFO,02/01/2024,09:21:51,0.4,0.35,42960,0.4,459000,400,1702560
FINNIFTY02JAN2422500CE.NFO,02/01/2024,09:21:53,0.4,0.35,42960,0.4,458200,800,1702560
FINNIFTY02JAN2422500CE.NFO,02/01/2024,09:21:55,0.4,0.35,42960,0.4,459200,800,1702560
FINNIFTY02JAN2422500CE.NFO,02/01/2024,09:21:56,0.35,0.35,29560,0.4,456960,15280,1702560
FINNIFTY02JAN2422500CE.NFO,02/01/2024,09:21:58,0.4,0.35,30240,0.4,454320,2640,1702560
FINNIFTY02JAN2422500CE.NFO,02/01/2024,09:22:00,0.4,0.35,30240,0.4,453920,400,1702560
FINNIFTY02JAN2422500CE.NFO,02/01/2024,09:22:01,0.35,0.35,29840,0.4,453920,400,1702560
FINNIFTY02JAN2422500CE.NFO,02/01/2024,09:22:03,0.4,0.35,29880,0.4,474120,600,1702560
FINNIFTY02JAN2422500CE.NFO,02/01/2024,09:22:05,0.4,0.35,29880,0.4,488520,3600,1702560
FINNIFTY02JAN2422500CE.NFO,02/01/2024,09:22:06,0.4,0.35,29000,0.4,505760,1080,1702560
FINNIFTY02JAN2422500CE.NFO,02/01/2024,09:22:08,0.35,0.35,28680,0.4,505400,1560,1702560
FINNIFTY02JAN2422500CE.NFO,02/01/2024,09:22:10,0.35,0.35,24520,0.4,523440,560,1702560
FINNIFTY02JAN2422500CE.NFO,02/01/2024,09:22:11,0.35,0.35,28120,0.4,523440,0,1702560
FINNIFTY02JAN2422500CE.NFO,02/01/2024,09:22:13,0.35,0.35,27920,0.4,521600,240,1702560
FINNIFTY02JAN2422500CE.NFO,02/01/2024,09:22:16,0.4,0.35,28040,0.4,523520,2920,1702560
FINNIFTY02JAN2422500CE.NFO,02/01/2024,09:22:18,0.35,0.35,27520,0.4,521640,2400,1702560
FINNIFTY02JAN2422500CE.NFO,02/01/2024,09:22:20,0.4,0.35,27520,0.4,523040,400,1702560
FINNIFTY02JAN2422500CE.NFO,02/01/2024,09:22:21,0.35,0.35,27320,0.4,521240,200,1702560
FINNIFTY02JAN2422500CE.NFO,02/01/2024,09:22:23,0.35,0.35,27000,0.4,520840,720,1702560
FINNIFTY02JAN2422500CE.NFO,02/01/2024,09:22:28,0.4,0.35,28960,0.4,524280,2120,1702560
FINNIFTY02JAN2422500CE.NFO,02/01/2024,09:22:31,0.35,0.35,28960,0.4,522000,2280,1702560
FINNIFTY02JAN2422500CE.NFO,02/01/2024,09:22:42,0.35,0.35,22560,0.4,523720,6960,1702560
FINNIFTY02JAN2422500CE.NFO,02/01/2024,09:22:54,0.35,0.35,27080,0.4,543440,6920,1702560
FINNIFTY02JAN2422500CE.NFO,02/01/2024,09:23:05,0.35,0.35,19400,0.4,546240,13280,1702560
FINNIFTY02JAN2422500CE.NFO,02/01/2024,09:23:15,0.4,0.35,25240,0.4,542120,4520,1702560
FINNIFTY02JAN2422500CE.NFO,02/01/2024,09:23:26,0.4,0.35,26640,0.4,545280,2640,1797560
FINNIFTY02JAN2422500CE.NFO,02/01/2024,09:23:37,0.3,0.3,906200,0.35,216680,23400,1797560
FINNIFTY02JAN2422500CE.NFO,02/01/2024,09:23:47,0.35,0.3,904920,0.35,301520,2800,1797560
FINNIFTY02JAN2422500CE.NFO,02/01/2024,09:23:58,0.35,0.3,902320,0.35,311760,4680,1797560
FINNIFTY02JAN2422500CE.NFO,02/01/2024,09:24:09,0.3,0.3,899000,0.35,313160,5520,1797560
FINNIFTY02JAN2422500CE.NFO,02/01/2024,09:24:19,0.35,0.3,895720,0.35,320400,5880,1797560
FINNIFTY02JAN2422500CE.NFO,02/01/2024,09:24:30,0.3,0.3,893520,0.35,324960,4600,1797560
FINNIFTY02JAN2422500CE.NFO,02/01/2024,09:24:41,0.3,0.3,891840,0.35,330160,3440,1797560
FINNIFTY02JAN2422500CE.NFO,02/01/2024,09:24:52,0.35,0.3,891520,0.35,331120,4160,1797560
FINNIFTY02JAN2422500CE.NFO,02/01/2024,09:25:03,0.3,0.3,890680,0.35,465000,2080,1797560
FINNIFTY02JAN2422500CE.NFO,02/01/2024,09:25:14,0.3,0.3,766600,0.35,466000,134800,1797560
FINNIFTY02JAN2422500CE.NFO,02/01/2024,09:25:25,0.3,0.3,766600,0.35,508480,3040,1797560
FINNIFTY02JAN2422500CE.NFO,02/01/2024,09:25:30,0.3,0.3,768800,0.35,508000,2040,1797560
FINNIFTY02JAN2422500CE.NFO,02/01/2024,09:25:32,0.3,0.3,772360,0.35,508280,720,1797560
FINNIFTY02JAN2422500CE.NFO,02/01/2024,09:25:34,0.3,0.3,772040,0.35,509760,720,1797560
FINNIFTY02JAN2422500CE.NFO,02/01/2024,09:25:35,0.35,0.3,774080,0.35,510040,320,1797560
FINNIFTY02JAN2422500CE.NFO,02/01/2024,09:25:37,0.35,0.3,774480,0.35,510200,2040,1797560
FINNIFTY02JAN2422500CE.NFO,02/01/2024,09:25:39,0.35,0.3,774200,0.35,507440,1240,1797560
FINNIFTY02JAN2422500CE.NFO,02/01/2024,09:25:40,0.35,0.3,776560,0.35,508760,640,1797560
FINNIFTY02JAN2422500CE.NFO,02/01/2024,09:25:42,0.35,0.3,777280,0.35,508720,640,1797560
FINNIFTY02JAN2422500CE.NFO,02/01/2024,09:25:44,0.35,0.3,777600,0.35,508680,640,1797560
FINNIFTY02JAN2422500CE.NFO,02/01/2024,09:25:45,0.35,0.3,761520,0.35,509520,760,1797560
FINNIFTY02JAN2422500CE.NFO,02/01/2024,09:25:47,0.35,0.3,761480,0.35,508880,640,1797560
FINNIFTY02JAN2422500CE.NFO,02/01/2024,09:25:49,0.3,0.3,763480,0.35,510680,40,1797560
FINNIFTY02JAN2422500CE.NFO,02/01/2024,09:25:50,0.3,0.3,763680,0.35,510680,0,1797560
FINNIFTY02JAN2422500CE.NFO,02/01/2024,09:25:52,0.3,0.3,763320,0.35,512480,400,1797560
FINNIFTY02JAN2422500CE.NFO,02/01/2024,09:25:54,0.3,0.3,764360,0.35,512480,0,1797560
FINNIFTY02JAN2422500CE.NFO,02/01/2024,09:25:55,0.3,0.3,763160,0.35,511960,4600,1797560
FINNIFTY02JAN2422500CE.NFO,02/01/2024,09:25:57,0.35,0.3,764760,0.35,511560,1000,1797560
FINNIFTY02JAN2422500CE.NFO,02/01/2024,09:25:58,0.3,0.3,764600,0.35,511560,160,1797560
FINNIFTY02JAN2422500CE.NFO,02/01/2024,09:26:00,0.35,0.3,767560,0.35,511720,8000,1797560
FINNIFTY02JAN2422500CE.NFO,02/01/2024,09:26:02,0.3,0.3,767000,0.35,511720,600,1797560
FINNIFTY02JAN2422500CE.NFO,02/01/2024,09:26:03,0.3,0.3,766640,0.35,512600,360,1797560
FINNIFTY02JAN2422500CE.NFO,02/01/2024,09:26:05,0.35,0.3,772280,0.35,512000,600,1797560
FINNIFTY02JAN2422500CE.NFO,02/01/2024,09:26:07,0.3,0.3,771880,0.35,512000,400,1797560
FINNIFTY02JAN2422500CE.NFO,02/01/2024,09:26:08,0.3,0.3,771360,0.35,511960,320,1797560
FINNIFTY02JAN2422500CE.NFO,02/01/2024,09:26:10,0.3,0.3,772320,0.35,511960,0,1797560
FINNIFTY02JAN2422500CE.NFO,02/01/2024,09:26:12,0.3,0.3,772360,0.35,511960,0,1797560
FINNIFTY02JAN2422500CE.NFO,02/01/2024,09:26:13,0.3,0.3,774360,0.35,511960,0,1797560
FINNIFTY02JAN2422500CE.NFO,02/01/2024,09:26:15,0.3,0.3,774360,0.35,509280,0,1797560
FINNIFTY02JAN2422500CE.NFO,02/01/2024,09:26:17,0.35,0.3,775200,0.35,503920,6240,1797560
FINNIFTY02JAN2422500CE.NFO,02/01/2024,09:26:18,0.35,0.3,778280,0.35,504040,720,1797560
FINNIFTY02JAN2422500CE.NFO,02/01/2024,09:26:20,0.3,0.3,779080,0.35,503120,1040,1797560
FINNIFTY02JAN2422500CE.NFO,02/01/2024,09:26:22,0.35,0.3,777680,0.35,503360,2360,1797560
FINNIFTY02JAN2422500CE.NFO,02/01/2024,09:26:23,0.35,0.3,777720,0.35,495520,640,1892280
FINNIFTY02JAN2422500CE.NFO,02/01/2024,09:26:25,0.35,0.3,777720,0.35,493600,1040,1892280
FINNIFTY02JAN2422500CE.NFO,02/01/2024,09:26:27,0.35,0.3,777080,0.35,491360,2480,1892280
FINNIFTY02JAN2422500CE.NFO,02/01/2024,09:26:28,0.35,0.3,777080,0.35,489040,2320,1892280
FINNIFTY02JAN2422500CE.NFO,02/01/2024,09:26:33,0.3,0.3,775080,0.35,481000,9400,1892280
FINNIFTY02JAN2422500CE.NFO,02/01/2024,09:26:45,0.35,0.3,773720,0.35,475760,7640,1892280
FINNIFTY02JAN2422500CE.NFO,02/01/2024,09:26:58,0.3,0.3,768120,0.35,487520,10600,1892280
FINNIFTY02JAN2422500CE.NFO,02/01/2024,09:27:10,0.35,0.3,759160,0.35,495040,12480,1892280
FINNIFTY02JAN2422500CE.NFO,02/01/2024,09:27:21,0.3,0.3,796120,0.35,541040,7160,1892280
FINNIFTY02JAN2422500CE.NFO,02/01/2024,09:27:32,0.3,0.3,793040,0.35,542720,3360,1892280
FINNIFTY02JAN2422500CE.NFO,02/01/2024,09:27:43,0.35,0.3,812320,0.35,550880,2840,1892280
FINNIFTY02JAN2422500CE.NFO,02/01/2024,09:27:54,0.3,0.3,812080,0.35,551880,1040,1892280
FINNIFTY02JAN2422500CE.NFO,02/01/2024,09:28:07,0.3,0.3,804800,0.35,556000,7680,1892280
FINNIFTY02JAN2422500CE.NFO,02/01/2024,09:28:19,0.35,0.3,804120,0.35,557680,1080,1892280
FINNIFTY02JAN2422500CE.NFO,02/01/2024,09:28:31,0.35,0.3,807640,0.35,505840,1200,1892280
FINNIFTY02JAN2422500CE.NFO,02/01/2024,09:28:42,0.35,0.3,801840,0.35,506640,6840,1892280
FINNIFTY02JAN2422500CE.NFO,02/01/2024,09:28:54,0.35,0.3,800400,0.35,510880,3320,1892280
FINNIFTY02JAN2422500CE.NFO,02/01/2024,09:29:06,0.35,0.3,792880,0.35,496000,28440,1892280
FINNIFTY02JAN2422500CE.NFO,02/01/2024,09:29:17,0.3,0.3,791040,0.35,501120,2440,1892280
FINNIFTY02JAN2422500CE.NFO,02/01/2024,09:29:29,0.35,0.3,750480,0.35,501040,40680,1908200
FINNIFTY02JAN2422500CE.NFO,02/01/2024,09:29:41,0.3,0.3,748680,0.35,539040,1800,1908200
FINNIFTY02JAN2422500CE.NFO,02/01/2024,09:29:52,0.35,0.3,748720,0.35,538440,1480,1908200
FINNIFTY02JAN2422500CE.NFO,02/01/2024,09:30:04,0.35,0.3,748480,0.35,535760,4640,1908200
FINNIFTY02JAN2422500CE.NFO,02/01/2024,09:30:15,0.35,0.3,748440,0.35,532320,3480,1908200
FINNIFTY02JAN2422500CE.NFO,02/01/2024,09:30:28,0.3,0.3,751520,0.35,534240,1920,1908200
FINNIFTY02JAN2422500CE.NFO,02/01/2024,09:30:39,0.35,0.3,752520,0.35,532560,3080,1908200
FINNIFTY02JAN2422500CE.NFO,02/01/2024,09:30:50,0.3,0.3,750720,0.35,530320,4040,1908200
FINNIFTY02JAN2422500CE.NFO,02/01/2024,09:31:01,0.35,0.3,748920,0.35,530160,3960,1908200
FINNIFTY02JAN2422500CE.NFO,02/01/2024,09:31:12,0.3,0.3,746360,0.35,532080,3600,1908200
FINNIFTY02JAN2422500CE.NFO,02/01/2024,09:31:24,0.3,0.3,738560,0.35,535280,7800,1908200
FINNIFTY02JAN2422500CE.NFO,02/01/2024,09:31:35,0.3,0.3,739760,0.35,537480,3720,1908200
FINNIFTY02JAN2422500CE.NFO,02/01/2024,09:31:45,0.35,0.3,737720,0.35,535640,4120,1908200
FINNIFTY02JAN2422500CE.NFO,02/01/2024,09:31:56,0.3,0.3,714040,0.35,532600,21200,1908200
FINNIFTY02JAN2422500CE.NFO,02/01/2024,09:32:07,0.35,0.3,715920,0.35,543400,3600,1908200
FINNIFTY02JAN2422500CE.NFO,02/01/2024,09:32:18,0.3,0.3,714120,0.35,539880,4440,1908200
FINNIFTY02JAN2422500CE.NFO,02/01/2024,09:32:30,0.3,0.3,712800,0.35,539840,2320,1926880
FINNIFTY02JAN2422500CE.NFO,02/01/2024,09:32:42,0.35,0.3,712040,0.35,539000,2520,1926880
FINNIFTY02JAN2422500CE.NFO,02/01/2024,09:32:54,0.35,0.3,712040,0.35,536560,1400,1926880
FINNIFTY02JAN2422500CE.NFO,02/01/2024,09:33:05,0.35,0.3,712040,0.35,537320,1240,1926880
FINNIFTY02JAN2422500CE.NFO,02/01/2024,09:33:15,0.3,0.3,710960,0.35,535440,1960,1926880
FINNIFTY02JAN2422500CE.NFO,02/01/2024,09:33:27,0.35,0.3,710960,0.35,533280,2160,1926880
FINNIFTY02JAN2422500CE.NFO,02/01/2024,09:33:38,0.35,0.3,710960,0.35,533280,40,1926880
FINNIFTY02JAN2422500CE.NFO,02/01/2024,09:33:48,0.35,0.3,710960,0.35,530840,2440,1926880
FINNIFTY02JAN2422500CE.NFO,02/01/2024,09:34:00,0.35,0.3,708520,0.35,525800,9560,1926880
FINNIFTY02JAN2422500CE.NFO,02/01/2024,09:34:11,0.35,0.3,713920,0.35,529040,1240,1926880
FINNIFTY02JAN2422500CE.NFO,02/01/2024,09:34:21,0.35,0.3,713920,0.35,526840,400,1926880
FINNIFTY02JAN2422500CE.NFO,02/01/2024,09:34:31,0.35,0.3,704920,0.35,525800,1200,1926880
FINNIFTY02JAN2422500CE.NFO,02/01/2024,09:34:42,0.3,0.3,704120,0.35,525680,560,1926880
FINNIFTY02JAN2422500CE.NFO,02/01/2024,09:34:52,0.3,0.3,704120,0.35,525680,0,1926880
FINNIFTY02JAN2422500CE.NFO,02/01/2024,09:35:03,0.35,0.3,702520,0.35,487160,25440,1926880
FINNIFTY02JAN2422500CE.NFO,02/01/2024,09:35:23,0.3,0.3,696560,0.35,509400,12200,1926880
FINNIFTY02JAN2422500CE.NFO,02/01/2024,09:35:34,0.3,0.3,694720,0.35,516480,4760,1917480
FINNIFTY02JAN2422500CE.NFO,02/01/2024,09:35:44,0.35,0.3,694720,0.35,510960,5520,1917480
FINNIFTY02JAN2422500CE.NFO,02/01/2024,09:35:55,0.3,0.3,692920,0.35,507320,5600,1917480
FINNIFTY02JAN2422500CE.NFO,02/01/2024,09:36:06,0.35,0.3,691120,0.35,499480,8760,1917480
FINNIFTY02JAN2422500CE.NFO,02/01/2024,09:36:18,0.3,0.3,676680,0.35,497760,16160,1917480
FINNIFTY02JAN2422500CE.NFO,02/01/2024,09:36:29,0.35,0.3,672600,0.35,497880,7120,1917480
FINNIFTY02JAN2422500CE.NFO,02/01/2024,09:36:39,0.35,0.3,672600,0.35,496920,960,1917480
FINNIFTY02JAN2422500CE.NFO,02/01/2024,09:36:50,0.3,0.3,351640,0.35,506920,960,1917480
FINNIFTY02JAN2422500CE.NFO,02/01/2024,09:37:01,0.35,0.3,136400,0.35,457480,202800,1917480
FINNIFTY02JAN2422500CE.NFO,02/01/2024,09:37:12,0.35,0.3,219960,0.35,454160,3240,1917480
FINNIFTY02JAN2422500CE.NFO,02/01/2024,09:37:22,0.35,0.3,238120,0.35,618920,2640,1917480
FINNIFTY02JAN2422500CE.NFO,02/01/2024,09:37:32,0.35,0.3,233080,0.35,611040,6080,1917480
FINNIFTY02JAN2422500CE.NFO,02/01/2024,09:37:42,0.3,0.3,219920,0.35,610320,9400,1917480
FINNIFTY02JAN2422500CE.NFO,02/01/2024,09:37:52,0.3,0.3,170120,0.35,616120,3200,1917480
FINNIFTY02JAN2422500CE.NFO,02/01/2024,09:38:03,0.3,0.3,153200,0.35,633040,3240,1917480
FINNIFTY02JAN2422500CE.NFO,02/01/2024,09:38:13,0.35,0.3,153200,0.35,633120,3520,1917480
FINNIFTY02JAN2422500CE.NFO,02/01/2024,09:38:24,0.3,0.3,148280,0.35,641600,5440,1917480
FINNIFTY02JAN2422500CE.NFO,02/01/2024,09:38:35,0.3,0.25,1321040,0.3,223640,144400,1905080
FINNIFTY02JAN2422500CE.NFO,02/01/2024,09:38:46,0.3,0.25,1331040,0.3,274160,18480,1905080
FINNIFTY02JAN2422500CE.NFO,02/01/2024,09:38:56,0.3,0.25,1332440,0.3,273240,2480,1905080
FINNIFTY02JAN2422500CE.NFO,02/01/2024,09:39:07,0.3,0.25,1332160,0.3,275000,1280,1905080
FINNIFTY02JAN2422500CE.NFO,02/01/2024,09:39:18,0.3,0.25,1332200,0.3,273400,1320,1905080
FINNIFTY02JAN2422500CE.NFO,02/01/2024,09:39:29,0.25,0.25,1362040,0.3,272560,2840,1905080
FINNIFTY02JAN2422500CE.NFO,02/01/2024,09:39:29,0.25,0.25,1362040,0.3,272560,0,1905080
FINNIFTY02JAN2422500CE.NFO,02/01/2024,09:39:39,0.3,0.25,1373480,0.3,272680,11520,1905080
FINNIFTY02JAN2422500CE.NFO,02/01/2024,09:39:50,0.3,0.25,1372160,0.3,271680,3200,1905080
FINNIFTY02JAN2422500CE.NFO,02/01/2024,09:40:01,0.3,0.25,1377880,0.3,259920,17440,1905080
FINNIFTY02JAN2422500CE.NFO,02/01/2024,09:40:14,0.3,0.25,1367880,0.3,269200,26000,1905080
FINNIFTY02JAN2422500CE.NFO,02/01/2024,09:40:27,0.3,0.25,1375600,0.3,235440,44480,1905080
FINNIFTY02JAN2422500CE.NFO,02/01/2024,09:40:39,0.35,0.3,273960,0.35,367400,205240,1905080
FINNIFTY02JAN2422500CE.NFO,02/01/2024,09:40:52,0.35,0.3,326840,0.35,410840,188960,1905080
FINNIFTY02JAN2422500CE.NFO,02/01/2024,09:41:05,0.3,0.3,344720,0.35,495240,960,1905080
FINNIFTY02JAN2422500CE.NFO,02/01/2024,09:41:16,0.35,0.3,343560,0.35,491800,5280,1905080
FINNIFTY02JAN2422500CE.NFO,02/01/2024,09:41:27,0.3,0.3,356760,0.35,492600,1840,1826360
FINNIFTY02JAN2422500CE.NFO,02/01/2024,09:41:33,0.3,0.3,356760,0.35,492600,0,1826360
FINNIFTY02JAN2422500CE.NFO,02/01/2024,09:41:36,0.3,0.3,356040,0.35,492800,1800,1826360
FINNIFTY02JAN2422500CE.NFO,02/01/2024,09:41:44,0.3,0.3,356040,0.35,491920,0,1826360
FINNIFTY02JAN2422500CE.NFO,02/01/2024,09:41:51,0.35,0.3,356040,0.35,491120,800,1826360
FINNIFTY02JAN2422500CE.NFO,02/01/2024,09:41:59,0.35,0.3,356640,0.35,482880,10200,1826360
FINNIFTY02JAN2422500CE.NFO,02/01/2024,09:42:01,0.35,0.3,354840,0.35,479560,840,1826360
FINNIFTY02JAN2422500CE.NFO,02/01/2024,09:42:02,0.35,0.3,354840,0.35,479000,400,1826360
FINNIFTY02JAN2422500CE.NFO,02/01/2024,09:42:11,0.35,0.3,357520,0.35,482480,360,1826360
FINNIFTY02JAN2422500CE.NFO,02/01/2024,09:42:14,0.35,0.3,357520,0.35,479560,40,1826360
FINNIFTY02JAN2422500CE.NFO,02/01/2024,09:42:17,0.35,0.3,355720,0.35,482440,0,1826360
FINNIFTY02JAN2422500CE.NFO,02/01/2024,09:42:19,0.35,0.3,357520,0.35,468040,0,1826360
FINNIFTY02JAN2422500CE.NFO,02/01/2024,09:42:24,0.35,0.3,357520,0.35,471760,600,1826360
FINNIFTY02JAN2422500CE.NFO,02/01/2024,09:42:27,0.35,0.3,357520,0.35,471560,200,1826360
FINNIFTY02JAN2422500CE.NFO,02/01/2024,09:42:28,0.3,0.3,348280,0.35,477640,11400,1826360
FINNIFTY02JAN2422500CE.NFO,02/01/2024,09:42:43,0.3,0.3,348080,0.35,479880,5400,1826360
FINNIFTY02JAN2422500CE.NFO,02/01/2024,09:42:54,0.35,0.3,344960,0.35,477760,10800,1826360
FINNIFTY02JAN2422500CE.NFO,02/01/2024,09:43:05,0.35,0.3,343120,0.35,477000,2640,1826360
FINNIFTY02JAN2422500CE.NFO,02/01/2024,09:43:17,0.35,0.3,343120,0.35,478400,400,1826360
FINNIFTY02JAN2422500CE.NFO,02/01/2024,09:43:28,0.35,0.3,340800,0.35,476760,2320,1826360
FINNIFTY02JAN2422500CE.NFO,02/01/2024,09:43:39,0.35,0.3,340800,0.35,477640,0,1826360
FINNIFTY02JAN2422500CE.NFO,02/01/2024,09:43:51,0.3,0.3,342960,0.35,481040,240,1826360
FINNIFTY02JAN2422500CE.NFO,02/01/2024,09:44:02,0.3,0.3,340760,0.35,481800,2360,1826360
FINNIFTY02JAN2422500CE.NFO,02/01/2024,09:44:13,0.35,0.3,338960,0.35,479480,2320,1826360
FINNIFTY02JAN2422500CE.NFO,02/01/2024,09:44:25,0.35,0.3,380360,0.35,479120,800,1826360
FINNIFTY02JAN2422500CE.NFO,02/01/2024,09:44:35,0.3,0.3,378160,0.35,478720,400,1843520
FINNIFTY02JAN2422500CE.NFO,02/01/2024,09:44:45,0.35,0.3,379960,0.35,477480,1240,1843520
FINNIFTY02JAN2422500CE.NFO,02/01/2024,09:44:55,0.35,0.3,379080,0.35,475880,2480,1843520
FINNIFTY02JAN2422500CE.NFO,02/01/2024,09:45:06,0.35,0.3,379960,0.35,472960,2040,1843520
FINNIFTY02JAN2422500CE.NFO,02/01/2024,09:45:17,0.35,0.3,379960,0.35,471160,1800,1843520
FINNIFTY02JAN2422500CE.NFO,02/01/2024,09:45:28,0.35,0.3,379080,0.35,471920,80,1843520
FINNIFTY02JAN2422500CE.NFO,02/01/2024,09:45:39,0.35,0.3,379080,0.35,468840,6520,1843520
FINNIFTY02JAN2422500CE.NFO,02/01/2024,09:45:50,0.3,0.3,382240,0.35,466000,5520,1843520
FINNIFTY02JAN2422500CE.NFO,02/01/2024,09:46:01,0.35,0.3,382240,0.35,465440,1600,1843520
FINNIFTY02JAN2422500CE.NFO,02/01/2024,09:46:12,0.35,0.3,370200,0.35,329560,14720,1843520
FINNIFTY02JAN2422500CE.NFO,02/01/2024,09:46:23,0.3,0.3,358400,0.35,401840,10000,1843520
FINNIFTY02JAN2422500CE.NFO,02/01/2024,09:46:33,0.35,0.3,362600,0.35,479760,5200,1843520
FINNIFTY02JAN2422500CE.NFO,02/01/2024,09:46:44,0.3,0.3,357120,0.35,497680,3520,1843520
FINNIFTY02JAN2422500CE.NFO,02/01/2024,09:46:54,0.3,0.3,356760,0.35,498320,560,1843520
FINNIFTY02JAN2422500CE.NFO,02/01/2024,09:47:05,0.35,0.3,357640,0.35,498680,240,1843520
FINNIFTY02JAN2422500CE.NFO,02/01/2024,09:47:15,0.3,0.3,357400,0.35,498680,240,1843520
FINNIFTY02JAN2422500CE.NFO,02/01/2024,09:47:26,0.35,0.3,357400,0.35,498680,400,1843520
FINNIFTY02JAN2422500CE.NFO,02/01/2024,09:47:37,0.3,0.3,356280,0.35,497320,1600,1852360
FINNIFTY02JAN2422500CE.NFO,02/01/2024,09:47:48,0.3,0.3,356040,0.35,497440,1240,1852360
FINNIFTY02JAN2422500CE.NFO,02/01/2024,09:47:58,0.35,0.3,355880,0.35,495000,2600,1852360
FINNIFTY02JAN2422500CE.NFO,02/01/2024,09:48:09,0.35,0.3,355880,0.35,494200,800,1852360
FINNIFTY02JAN2422500CE.NFO,02/01/2024,09:48:20,0.35,0.3,355880,0.35,493080,1120,1852360
FINNIFTY02JAN2422500CE.NFO,02/01/2024,09:48:30,0.35,0.3,355880,0.35,492760,320,1852360
FINNIFTY02JAN2422500CE.NFO,02/01/2024,09:48:49,0.3,0.3,355720,0.35,492760,400,1852360
FINNIFTY02JAN2422500CE.NFO,02/01/2024,09:49:00,0.35,0.3,354520,0.35,491960,3200,1852360
FINNIFTY02JAN2422500CE.NFO,02/01/2024,09:49:10,0.35,0.3,355720,0.35,489560,2400,1852360
FINNIFTY02JAN2422500CE.NFO,02/01/2024,09:49:20,0.3,0.3,346680,0.35,491560,12040,1852360
FINNIFTY02JAN2422500CE.NFO,02/01/2024,09:49:31,0.35,0.3,342680,0.35,490360,11200,1852360
FINNIFTY02JAN2422500CE.NFO,02/01/2024,09:49:41,0.3,0.3,318880,0.35,489640,23640,1852360
FINNIFTY02JAN2422500CE.NFO,02/01/2024,09:49:51,0.3,0.25,1349000,0.3,172520,148920,1852360
FINNIFTY02JAN2422500CE.NFO,02/01/2024,09:50:01,0.3,0.25,1365080,0.3,271160,960,1852360
FINNIFTY02JAN2422500CE.NFO,02/01/2024,09:50:11,0.25,0.25,1373600,0.3,275360,520,1852360
FINNIFTY02JAN2422500CE.NFO,02/01/2024,09:50:21,0.3,0.25,1371600,0.3,271280,5120,1852360
FINNIFTY02JAN2422500CE.NFO,02/01/2024,09:50:31,0.3,0.25,1371200,0.3,273400,200,1888840
FINNIFTY02JAN2422500CE.NFO,02/01/2024,09:50:41,0.3,0.25,1382920,0.3,285240,6880,1888840
FINNIFTY02JAN2422500CE.NFO,02/01/2024,09:50:52,0.3,0.25,1382240,0.3,282280,7600,1888840
FINNIFTY02JAN2422500CE.NFO,02/01/2024,09:51:02,0.3,0.25,1382240,0.3,279680,2600,1888840
FINNIFTY02JAN2422500CE.NFO,02/01/2024,09:51:13,0.3,0.25,1382280,0.3,276320,5520,1888840
FINNIFTY02JAN2422500CE.NFO,02/01/2024,09:51:24,0.3,0.25,1381880,0.3,274960,1360,1888840
FINNIFTY02JAN2422500CE.NFO,02/01/2024,09:51:35,0.3,0.25,1381880,0.3,286800,120,1888840
FINNIFTY02JAN2422500CE.NFO,02/01/2024,09:51:46,0.3,0.25,1383320,0.3,287640,1960,1888840
FINNIFTY02JAN2422500CE.NFO,02/01/2024,09:51:56,0.3,0.25,1383400,0.3,286760,1240,1888840
FINNIFTY02JAN2422500CE.NFO,02/01/2024,09:52:06,0.3,0.25,1383760,0.3,284920,2640,1888840
FINNIFTY02JAN2422500CE.NFO,02/01/2024,09:52:17,0.3,0.25,1383040,0.3,281800,7800,1888840
FINNIFTY02JAN2422500CE.NFO,02/01/2024,09:52:27,0.3,0.25,1383040,0.3,281600,200,1888840
FINNIFTY02JAN2422500CE.NFO,02/01/2024,09:52:37,0.3,0.25,1381840,0.3,282560,3040,1888840
FINNIFTY02JAN2422500CE.NFO,02/01/2024,09:52:47,0.3,0.25,1388640,0.3,284600,760,1888840
FINNIFTY02JAN2422500CE.NFO,02/01/2024,09:52:57,0.3,0.25,1352360,0.3,244240,40000,1888840
FINNIFTY02JAN2422500CE.NFO,02/01/2024,09:53:08,0.3,0.25,1351760,0.3,248120,920,1888840
FINNIFTY02JAN2422500CE.NFO,02/01/2024,09:53:18,0.3,0.25,1351760,0.3,248520,600,1888840
FINNIFTY02JAN2422500CE.NFO,02/01/2024,09:53:28,0.3,0.25,1351760,0.3,245120,1000,1888840
FINNIFTY02JAN2422500CE.NFO,02/01/2024,09:53:39,0.3,0.25,1351760,0.3,243680,1440,1904080
FINNIFTY02JAN2422500CE.NFO,02/01/2024,09:53:50,0.3,0.25,1351760,0.3,243520,160,1904080
FINNIFTY02JAN2422500CE.NFO,02/01/2024,09:54:00,0.25,0.25,1197040,0.3,244720,152320,1904080
FINNIFTY02JAN2422500CE.NFO,02/01/2024,09:54:10,0.25,0.25,1141840,0.3,418240,62360,1904080
FINNIFTY02JAN2422500CE.NFO,02/01/2024,09:54:20,0.3,0.25,1141840,0.3,416120,2440,1904080
FINNIFTY02JAN2422500CE.NFO,02/01/2024,09:54:31,0.3,0.25,1131040,0.3,424200,920,1904080
FINNIFTY02JAN2422500CE.NFO,02/01/2024,09:54:41,0.3,0.25,1131040,0.3,416680,7520,1904080
FINNIFTY02JAN2422500CE.NFO,02/01/2024,09:54:53,0.3,0.25,1130240,0.3,370560,33680,1904080
FINNIFTY02JAN2422500CE.NFO,02/01/2024,09:55:06,0.3,0.25,1130160,0.3,365840,3880,1904080
FINNIFTY02JAN2422500CE.NFO,02/01/2024,09:55:17,0.3,0.25,1130160,0.3,369000,40,1904080
FINNIFTY02JAN2422500CE.NFO,02/01/2024,09:55:29,0.3,0.25,1128400,0.3,366960,3800,1904080
FINNIFTY02JAN2422500CE.NFO,02/01/2024,09:55:41,0.3,0.25,1140000,0.3,369600,4360,1904080
FINNIFTY02JAN2422500CE.NFO,02/01/2024,09:55:53,0.3,0.25,1141000,0.3,363760,6280,1904080
FINNIFTY02JAN2422500CE.NFO,02/01/2024,09:56:06,0.3,0.25,1130120,0.3,333160,52440,1904080
FINNIFTY02JAN2422500CE.NFO,02/01/2024,09:56:20,0.35,0.3,146160,0.35,398720,330840,1904080
FINNIFTY02JAN2422500CE.NFO,02/01/2024,09:56:33,0.3,0.3,250480,0.35,423560,4120,2111880
FINNIFTY02JAN2422500CE.NFO,02/01/2024,09:56:46,0.35,0.3,233440,0.35,421200,25000,2111880
FINNIFTY02JAN2422500CE.NFO,02/01/2024,09:57:00,0.3,0.3,381680,0.35,435560,6760,2111880
FINNIFTY02JAN2422500CE.NFO,02/01/2024,09:57:13,0.4,0.35,202480,0.4,153280,465840,2111880
FINNIFTY02JAN2422500CE.NFO,02/01/2024,09:57:26,0.35,0.35,235040,0.4,154000,18440,2111880
FINNIFTY02JAN2422500CE.NFO,02/01/2024,09:57:39,0.35,0.35,233680,0.4,152920,2200,2111880
FINNIFTY02JAN2422500CE.NFO,02/01/2024,09:57:50,0.4,0.35,238920,0.4,142280,8320,2111880
FINNIFTY02JAN2422500CE.NFO,02/01/2024,09:58:02,0.4,0.35,247520,0.4,107800,19320,2111880
FINNIFTY02JAN2422500CE.NFO,02/01/2024,09:58:14,0.35,0.35,246720,0.4,107760,840,2111880
FINNIFTY02JAN2422500CE.NFO,02/01/2024,09:58:25,0.35,0.35,245760,0.4,110560,7360,2111880
FINNIFTY02JAN2422500CE.NFO,02/01/2024,09:58:37,0.35,0.35,234520,0.4,112600,8120,2111880
FINNIFTY02JAN2422500CE.NFO,02/01/2024,09:58:48,0.4,0.35,234520,0.4,113120,440,2111880
FINNIFTY02JAN2422500CE.NFO,02/01/2024,09:58:59,0.4,0.35,230600,0.4,110640,2520,2111880
FINNIFTY02JAN2422500CE.NFO,02/01/2024,09:59:10,0.35,0.35,215640,0.4,105680,6400,2111880
FINNIFTY02JAN2422500CE.NFO,02/01/2024,09:59:22,0.4,0.4,90600,0.45,137640,102040,2111880
FINNIFTY02JAN2422500CE.NFO,02/01/2024,09:59:33,0.4,0.4,121080,0.45,228680,11880,2210520
FINNIFTY02JAN2422500CE.NFO,02/01/2024,09:59:44,0.45,0.4,94360,0.45,213520,12520,2210520
FINNIFTY02JAN2422500CE.NFO,02/01/2024,09:59:55,0.4,0.4,88560,0.45,209720,21160,2210520
FINNIFTY02JAN2422500CE.NFO,02/01/2024,10:00:06,0.4,0.4,85800,0.45,211640,12120,2210520
FINNIFTY02JAN2422500CE.NFO,02/01/2024,10:00:17,0.45,0.4,81160,0.45,208280,6400,2210520
FINNIFTY02JAN2422500CE.NFO,02/01/2024,10:00:29,0.4,0.4,69280,0.45,208280,12040,2210520
FINNIFTY02JAN2422500CE.NFO,02/01/2024,10:00:40,0.45,0.4,72160,0.45,208200,3800,2210520
FINNIFTY02JAN2422500CE.NFO,02/01/2024,10:00:52,0.45,0.4,73560,0.45,208200,0,2210520
FINNIFTY02JAN2422500CE.NFO,02/01/2024,10:01:03,0.45,0.4,73440,0.45,207240,3440,2210520
FINNIFTY02JAN2422500CE.NFO,02/01/2024,10:01:14,0.45,0.4,70240,0.45,208960,3360,2210520
FINNIFTY02JAN2422500CE.NFO,02/01/2024,10:01:25,0.4,0.4,33800,0.45,194080,18640,2210520
FINNIFTY02JAN2422500CE.NFO,02/01/2024,10:01:37,0.4,0.4,58400,0.45,194000,680,2210520
FINNIFTY02JAN2422500CE.NFO,02/01/2024,10:01:47,0.4,0.4,39160,0.45,196120,4560,2210520
FINNIFTY02JAN2422500CE.NFO,02/01/2024,10:01:59,0.45,0.4,58080,0.45,194600,3240,2210520
FINNIFTY02JAN2422500CE.NFO,02/01/2024,10:02:10,0.45,0.4,58240,0.45,189240,3240,2210520
FINNIFTY02JAN2422500CE.NFO,02/01/2024,10:02:21,0.45,0.4,56280,0.45,144000,47200,2210520
FINNIFTY02JAN2422500CE.NFO,02/01/2024,10:02:31,0.4,0.35,191640,0.4,502960,53400,2184120
FINNIFTY02JAN2422500CE.NFO,02/01/2024,10:02:42,0.4,0.35,213600,0.4,502600,5120,2184120
FINNIFTY02JAN2422500CE.NFO,02/01/2024,10:02:53,0.35,0.35,200160,0.4,510560,15840,2184120
FINNIFTY02JAN2422500CE.NFO,02/01/2024,10:03:05,0.4,0.35,180560,0.4,510960,24000,2184120
FINNIFTY02JAN2422500CE.NFO,02/01/2024,10:03:17,0.4,0.35,178680,0.4,509520,13560,2184120
FINNIFTY02JAN2422500CE.NFO,02/01/2024,10:03:29,0.4,0.35,201480,0.4,527920,29400,2184120
FINNIFTY02JAN2422500CE.NFO,02/01/2024,10:03:41,0.4,0.35,201320,0.4,527600,4520,2184120
FINNIFTY02JAN2422500CE.NFO,02/01/2024,10:03:52,0.4,0.35,204120,0.4,535040,4800,2184120
FINNIFTY02JAN2422500CE.NFO,02/01/2024,10:04:03,0.4,0.35,203080,0.4,532080,9040,2184120
FINNIFTY02JAN2422500CE.NFO,02/01/2024,10:04:15,0.4,0.35,204120,0.4,532520,2080,2184120
FINNIFTY02JAN2422500CE.NFO,02/01/2024,10:04:26,0.4,0.35,211760,0.4,540440,2200,2184120
FINNIFTY02JAN2422500CE.NFO,02/01/2024,10:04:37,0.35,0.35,208600,0.4,543640,1880,2184120
FINNIFTY02JAN2422500CE.NFO,02/01/2024,10:04:49,0.4,0.35,214000,0.4,546240,520,2184120
FINNIFTY02JAN2422500CE.NFO,02/01/2024,10:05:00,0.35,0.35,206880,0.4,547240,1040,2184120
FINNIFTY02JAN2422500CE.NFO,02/01/2024,10:05:11,0.4,0.35,208280,0.4,549560,3200,2184120
FINNIFTY02JAN2422500CE.NFO,02/01/2024,10:05:22,0.4,0.35,216280,0.4,550960,1120,2184120
FINNIFTY02JAN2422500CE.NFO,02/01/2024,10:05:33,0.4,0.35,218080,0.4,552680,840,2224120
FINNIFTY02JAN2422500CE.NFO,02/01/2024,10:05:43,0.4,0.35,214760,0.4,552400,4040,2224120
FINNIFTY02JAN2422500CE.NFO,02/01/2024,10:05:55,0.4,0.35,191480,0.4,552760,2560,2224120
FINNIFTY02JAN2422500CE.NFO,02/01/2024,10:06:06,0.4,0.35,191480,0.4,554560,0,2224120
FINNIFTY02JAN2422500CE.NFO,02/01/2024,10:06:17,0.35,0.35,156880,0.4,554920,240,2224120
FINNIFTY02JAN2422500CE.NFO,02/01/2024,10:06:30,0.35,0.35,88400,0.4,548360,76840,2224120
FINNIFTY02JAN2422500CE.NFO,02/01/2024,10:06:42,0.4,0.35,80880,0.4,540160,120,2224120
FINNIFTY02JAN2422500CE.NFO,02/01/2024,10:06:53,0.4,0.35,80520,0.4,538760,1800,2224120
FINNIFTY02JAN2422500CE.NFO,02/01/2024,10:07:04,0.35,0.35,81880,0.4,547760,440,2224120
FINNIFTY02JAN2422500CE.NFO,02/01/2024,10:07:16,0.4,0.35,68840,0.4,556600,6880,2224120
FINNIFTY02JAN2422500CE.NFO,02/01/2024,10:07:27,0.35,0.35,76880,0.4,469320,1720,2224120
FINNIFTY02JAN2422500CE.NFO,02/01/2024,10:07:38,0.35,0.35,148880,0.4,321560,4920,2224120
FINNIFTY02JAN2422500CE.NFO,02/01/2024,10:07:49,0.4,0.35,178760,0.4,189440,1680,2224120
FINNIFTY02JAN2422500CE.NFO,02/01/2024,10:08:01,0.4,0.35,1375680,0.4,502560,270720,2224120
FINNIFTY02JAN2422500CE.NFO,02/01/2024,10:08:11,0.35,0.35,1383800,0.4,511120,4600,2224120
FINNIFTY02JAN2422500CE.NFO,02/01/2024,10:08:22,0.35,0.35,1372720,0.4,511120,12880,2224120
FINNIFTY02JAN2422500CE.NFO,02/01/2024,10:08:30,0.35,0.35,1322200,0.4,511480,41920,2306560
FINNIFTY02JAN2422500CE.NFO,02/01/2024,10:08:31,0.35,0.35,1313880,0.4,529120,8320,2306560
FINNIFTY02JAN2422500CE.NFO,02/01/2024,10:08:33,0.35,0.35,1300840,0.4,547120,13040,2306560
FINNIFTY02JAN2422500CE.NFO,02/01/2024,10:08:35,0.35,0.35,1289320,0.4,565160,11520,2306560
FINNIFTY02JAN2422500CE.NFO,02/01/2024,10:08:36,0.35,0.35,1279720,0.4,583480,9600,2306560
FINNIFTY02JAN2422500CE.NFO,02/01/2024,10:08:38,0.35,0.35,1268200,0.4,583480,11520,2306560
FINNIFTY02JAN2422500CE.NFO,02/01/2024,10:08:40,0.35,0.35,1253160,0.4,603920,16200,2306560
FINNIFTY02JAN2422500CE.NFO,02/01/2024,10:08:41,0.35,0.35,1240240,0.4,609360,14720,2306560
FINNIFTY02JAN2422500CE.NFO,02/01/2024,10:08:43,0.35,0.35,1233000,0.4,609320,9000,2306560
FINNIFTY02JAN2422500CE.NFO,02/01/2024,10:08:45,0.35,0.35,1222080,0.4,616560,10920,2306560
FINNIFTY02JAN2422500CE.NFO,02/01/2024,10:08:46,0.35,0.35,1216960,0.4,609400,5120,2306560
FINNIFTY02JAN2422500CE.NFO,02/01/2024,10:08:48,0.35,0.35,1214400,0.4,612960,2560,2306560
FINNIFTY02JAN2422500CE.NFO,02/01/2024,10:08:51,0.35,0.35,1220840,0.4,612160,3360,2306560
FINNIFTY02JAN2422500CE.NFO,02/01/2024,10:08:53,0.35,0.35,1203800,0.4,612160,8040,2306560
FINNIFTY02JAN2422500CE.NFO,02/01/2024,10:08:55,0.35,0.35,1191040,0.4,612200,12920,2306560
FINNIFTY02JAN2422500CE.NFO,02/01/2024,10:08:56,0.35,0.35,1180800,0.4,612160,10240,2306560
FINNIFTY02JAN2422500CE.NFO,02/01/2024,10:08:58,0.35,0.35,1166080,0.4,612200,14720,2306560
FINNIFTY02JAN2422500CE.NFO,02/01/2024,10:09:00,0.35,0.35,984720,0.4,605080,181360,2306560
FINNIFTY02JAN2422500CE.NFO,02/01/2024,10:09:01,0.35,0.35,173360,0.4,599640,18400,2306560
FINNIFTY02JAN2422500CE.NFO,02/01/2024,10:09:03,0.35,0.35,61720,0.4,225320,40960,2306560
FINNIFTY02JAN2422500CE.NFO,02/01/2024,10:09:05,0.35,0.35,54600,0.4,204200,9960,2306560
FINNIFTY02JAN2422500CE.NFO,02/01/2024,10:09:06,0.35,0.35,33520,0.4,209600,12320,2306560
FINNIFTY02JAN2422500CE.NFO,02/01/2024,10:09:08,0.35,0.35,38200,0.4,206320,19440,2306560
FINNIFTY02JAN2422500CE.NFO,02/01/2024,10:09:10,0.3,0.3,460520,0.35,76760,65720,2306560
FINNIFTY02JAN2422500CE.NFO,02/01/2024,10:09:11,0.3,0.3,458320,0.35,114480,11280,2306560
FINNIFTY02JAN2422500CE.NFO,02/01/2024,10:09:13,0.3,0.3,438280,0.35,127960,16080,2306560
FINNIFTY02JAN2422500CE.NFO,02/01/2024,10:09:14,0.3,0.3,426040,0.35,131560,12120,2306560
FINNIFTY02JAN2422500CE.NFO,02/01/2024,10:09:16,0.3,0.3,408560,0.35,137520,18000,2306560
FINNIFTY02JAN2422500CE.NFO,02/01/2024,10:09:18,0.3,0.3,401640,0.35,260120,6920,2306560
FINNIFTY02JAN2422500CE.NFO,02/01/2024,10:09:19,0.3,0.3,387560,0.35,261920,14080,2306560
FINNIFTY02JAN2422500CE.NFO,02/01/2024,10:09:21,0.3,0.3,371560,0.35,297920,16000,2306560
FINNIFTY02JAN2422500CE.NFO,02/01/2024,10:09:23,0.3,0.3,355840,0.35,323120,15680,2306560
FINNIFTY02JAN2422500CE.NFO,02/01/2024,10:09:24,0.3,0.3,340600,0.35,330480,15680,2306560
FINNIFTY02JAN2422500CE.NFO,02/01/2024,10:09:26,0.3,0.3,342240,0.35,336560,14000,2306560
FINNIFTY02JAN2422500CE.NFO,02/01/2024,10:09:28,0.3,0.3,336440,0.35,336240,5880,2306560
FINNIFTY02JAN2422500CE.NFO,02/01/2024,10:09:29,0.3,0.3,319800,0.35,336440,7680,2306560
FINNIFTY02JAN2422500CE.NFO,02/01/2024,10:09:31,0.3,0.3,308240,0.35,336400,11560,2306560
FINNIFTY02JAN2422500CE.NFO,02/01/2024,10:09:32,0.3,0.3,301520,0.35,335960,7160,2306560
FINNIFTY02JAN2422500CE.NFO,02/01/2024,10:09:34,0.3,0.3,300760,0.35,335120,4360,2306560
FINNIFTY02JAN2422500CE.NFO,02/01/2024,10:09:36,0.3,0.3,308160,0.35,335640,1640,2306560
FINNIFTY02JAN2422500CE.NFO,02/01/2024,10:09:37,0.3,0.3,293480,0.35,335680,5760,2306560
FINNIFTY02JAN2422500CE.NFO,02/01/2024,10:09:39,0.3,0.3,291560,0.35,335680,1920,2306560
FINNIFTY02JAN2422500CE.NFO,02/01/2024,10:09:41,0.3,0.3,299640,0.35,335640,1920,2306560
FINNIFTY02JAN2422500CE.NFO,02/01/2024,10:09:42,0.3,0.3,307400,0.35,335560,1360,2306560
FINNIFTY02JAN2422500CE.NFO,02/01/2024,10:09:44,0.3,0.3,295920,0.35,360760,6080,2306560
FINNIFTY02JAN2422500CE.NFO,02/01/2024,10:09:46,0.3,0.3,293640,0.35,389560,7680,2306560
FINNIFTY02JAN2422500CE.NFO,02/01/2024,10:09:47,0.3,0.3,280400,0.35,395560,16200,2306560
FINNIFTY02JAN2422500CE.NFO,02/01/2024,10:09:49,0.3,0.3,269040,0.35,395560,5760,2306560
FINNIFTY02JAN2422500CE.NFO,02/01/2024,10:09:51,0.3,0.3,254080,0.35,396760,8640,2306560
FINNIFTY02JAN2422500CE.NFO,02/01/2024,10:09:52,0.3,0.3,233560,0.35,411160,11520,2306560
FINNIFTY02JAN2422500CE.NFO,02/01/2024,10:09:54,0.3,0.3,225480,0.35,414760,8000,2306560
FINNIFTY02JAN2422500CE.NFO,02/01/2024,10:09:56,0.3,0.3,220680,0.35,414760,4800,2306560
FINNIFTY02JAN2422500CE.NFO,02/01/2024,10:09:57,0.3,0.25,973000,0.3,526120,267920,2306560
FINNIFTY02JAN2422500CE.NFO,02/01/2024,10:09:59,0.3,0.25,973120,0.3,526040,80,2306560
FINNIFTY02JAN2422500CE.NFO,02/01/2024,10:10:00,0.3,0.25,974920,0.3,543960,80,2306560
FINNIFTY02JAN2422500CE.NFO,02/01/2024,10:10:02,0.3,0.25,978520,0.3,564560,6400,2306560
FINNIFTY02JAN2422500CE.NFO,02/01/2024,10:10:04,0.3,0.25,980320,0.3,594520,4240,2306560
FINNIFTY02JAN2422500CE.NFO,02/01/2024,10:10:05,0.3,0.25,980320,0.3,588000,11920,2306560
FINNIFTY02JAN2422500CE.NFO,02/01/2024,10:10:07,0.3,0.25,980120,0.3,587920,80,2306560
FINNIFTY02JAN2422500CE.NFO,02/01/2024,10:10:09,0.3,0.25,977840,0.3,585680,3560,2306560
FINNIFTY02JAN2422500CE.NFO,02/01/2024,10:10:10,0.3,0.25,977840,0.3,591040,2440,2306560
FINNIFTY02JAN2422500CE.NFO,02/01/2024,10:10:12,0.3,0.25,977840,0.3,590320,720,2306560
FINNIFTY02JAN2422500CE.NFO,02/01/2024,10:10:14,0.3,0.25,977840,0.3,592680,1240,2306560
FINNIFTY02JAN2422500CE.NFO,02/01/2024,10:10:15,0.3,0.25,977840,0.3,613240,1040,2306560
FINNIFTY02JAN2422500CE.NFO,02/01/2024,10:10:17,0.3,0.25,977840,0.3,612520,720,2306560
FINNIFTY02JAN2422500CE.NFO,02/01/2024,10:10:19,0.3,0.25,976040,0.3,611240,1440,2306560
FINNIFTY02JAN2422500CE.NFO,02/01/2024,10:10:20,0.3,0.25,976040,0.3,614960,1680,2306560
FINNIFTY02JAN2422500CE.NFO,02/01/2024,10:10:22,0.3,0.25,977840,0.3,633720,4640,2306560
FINNIFTY02JAN2422500CE.NFO,02/01/2024,10:10:24,0.3,0.25,979640,0.3,652800,720,2306560
FINNIFTY02JAN2422500CE.NFO,02/01/2024,10:10:25,0.3,0.25,979640,0.3,641760,13080,2306560
FINNIFTY02JAN2422500CE.NFO,02/01/2024,10:10:27,0.3,0.25,980120,0.3,640000,3080,2306560
FINNIFTY02JAN2422500CE.NFO,02/01/2024,10:10:29,0.3,0.25,981920,0.3,639760,240,2306560
FINNIFTY02JAN2422500CE.NFO,02/01/2024,10:10:31,0.3,0.25,985520,0.3,636240,3520,2306560
FINNIFTY02JAN2422500CE.NFO,02/01/2024,10:10:33,0.3,0.25,985520,0.3,620960,6280,2306560
FINNIFTY02JAN2422500CE.NFO,02/01/2024,10:10:34,0.3,0.25,985520,0.3,620880,80,2306560
FINNIFTY02JAN2422500CE.NFO,02/01/2024,10:10:36,0.3,0.25,985520,0.3,619800,1080,2306560
FINNIFTY02JAN2422500CE.NFO,02/01/2024,10:10:38,0.3,0.25,985520,0.3,619640,160,2306560
FINNIFTY02JAN2422500CE.NFO,02/01/2024,10:10:39,0.3,0.25,985520,0.3,618960,680,2306560
FINNIFTY02JAN2422500CE.NFO,02/01/2024,10:10:41,0.25,0.25,987160,0.3,626280,1840,2306560
FINNIFTY02JAN2422500CE.NFO,02/01/2024,10:10:43,0.3,0.25,988960,0.3,625320,960,2306560
FINNIFTY02JAN2422500CE.NFO,02/01/2024,10:10:44,0.3,0.25,990760,0.3,613800,2520,2306560
FINNIFTY02JAN2422500CE.NFO,02/01/2024,10:10:46,0.3,0.25,992560,0.3,612720,1080,2306560
FINNIFTY02JAN2422500CE.NFO,02/01/2024,10:10:48,0.3,0.25,994360,0.3,612520,200,2306560
FINNIFTY02JAN2422500CE.NFO,02/01/2024,10:10:49,0.3,0.25,996160,0.3,608640,3880,2306560
FINNIFTY02JAN2422500CE.NFO,02/01/2024,10:10:51,0.3,0.25,987960,0.3,606040,2600,2306560
FINNIFTY02JAN2422500CE.NFO,02/01/2024,10:10:53,0.3,0.25,989760,0.3,603440,2600,2306560
FINNIFTY02JAN2422500CE.NFO,02/01/2024,10:10:54,0.3,0.25,991560,0.3,611920,520,2306560
FINNIFTY02JAN2422500CE.NFO,02/01/2024,10:10:56,0.3,0.25,993360,0.3,602120,800,2306560
FINNIFTY02JAN2422500CE.NFO,02/01/2024,10:10:58,0.3,0.25,973480,0.3,610840,1960,2306560
FINNIFTY02JAN2422500CE.NFO,02/01/2024,10:10:59,0.3,0.25,975280,0.3,610840,0,2306560
FINNIFTY02JAN2422500CE.NFO,02/01/2024,10:11:01,0.3,0.25,977080,0.3,610520,320,2306560
FINNIFTY02JAN2422500CE.NFO,02/01/2024,10:11:03,0.3,0.25,978880,0.3,610080,440,2306560
FINNIFTY02JAN2422500CE.NFO,02/01/2024,10:11:04,0.3,0.25,982480,0.3,610040,40,2306560
FINNIFTY02JAN2422500CE.NFO,02/01/2024,10:11:06,0.3,0.25,974200,0.3,609360,760,2306560
FINNIFTY02JAN2422500CE.NFO,02/01/2024,10:11:08,0.3,0.25,976000,0.3,609320,40,2306560
FINNIFTY02JAN2422500CE.NFO,02/01/2024,10:11:09,0.3,0.25,977800,0.3,606360,2960,2306560
FINNIFTY02JAN2422500CE.NFO,02/01/2024,10:11:11,0.3,0.25,979600,0.3,605840,520,2306560
FINNIFTY02JAN2422500CE.NFO,02/01/2024,10:11:13,0.3,0.25,983200,0.3,604840,1000,2306560
FINNIFTY02JAN2422500CE.NFO,02/01/2024,10:11:14,0.3,0.25,985000,0.3,603720,1120,2306560
FINNIFTY02JAN2422500CE.NFO,02/01/2024,10:11:16,0.3,0.25,986800,0.3,603200,520,2306560
FINNIFTY02JAN2422500CE.NFO,02/01/2024,10:11:18,0.3,0.25,988400,0.3,602200,1200,2306560
FINNIFTY02JAN2422500CE.NFO,02/01/2024,10:11:19,0.3,0.25,990200,0.3,602200,0,2306560
FINNIFTY02JAN2422500CE.NFO,02/01/2024,10:11:21,0.3,0.25,992000,0.3,602200,0,2306560
FINNIFTY02JAN2422500CE.NFO,02/01/2024,10:11:23,0.3,0.25,992000,0.3,601560,640,2306560
FINNIFTY02JAN2422500CE.NFO,02/01/2024,10:11:24,0.3,0.25,993800,0.3,601560,0,2306560
FINNIFTY02JAN2422500CE.NFO,02/01/2024,10:11:26,0.3,0.25,993800,0.3,599760,1800,2306560
FINNIFTY02JAN2422500CE.NFO,02/01/2024,10:11:28,0.3,0.25,993800,0.3,597840,1920,2306560
FINNIFTY02JAN2422500CE.NFO,02/01/2024,10:11:34,0.3,0.25,993800,0.3,583520,5360,2793640
FINNIFTY02JAN2422500CE.NFO,02/01/2024,10:11:45,0.3,0.25,993800,0.3,573160,10360,2793640
FINNIFTY02JAN2422500CE.NFO,02/01/2024,10:11:55,0.3,0.25,992000,0.3,565920,7320,2793640
FINNIFTY02JAN2422500CE.NFO,02/01/2024,10:12:06,0.3,0.25,992000,0.3,613440,1080,2793640
FINNIFTY02JAN2422500CE.NFO,02/01/2024,10:12:16,0.3,0.25,992000,0.3,613400,40,2793640
FINNIFTY02JAN2422500CE.NFO,02/01/2024,10:12:26,0.3,0.25,999680,0.3,610360,4160,2793640
FINNIFTY02JAN2422500CE.NFO,02/01/2024,10:12:36,0.3,0.25,999680,0.3,583560,17800,2793640
FINNIFTY02JAN2422500CE.NFO,02/01/2024,10:12:48,0.3,0.25,979680,0.3,570840,5440,2793640
FINNIFTY02JAN2422500CE.NFO,02/01/2024,10:13:00,0.3,0.25,977840,0.3,582240,4920,2793640
FINNIFTY02JAN2422500CE.NFO,02/01/2024,10:13:11,0.3,0.25,911240,0.3,576640,5600,2793640
FINNIFTY02JAN2422500CE.NFO,02/01/2024,10:13:21,0.3,0.25,913040,0.3,569840,6800,2793640
FINNIFTY02JAN2422500CE.NFO,02/01/2024,10:13:32,0.3,0.25,913040,0.3,567560,2280,2793640
FINNIFTY02JAN2422500CE.NFO,02/01/2024,10:13:43,0.3,0.25,913040,0.3,564760,2800,2793640
FINNIFTY02JAN2422500CE.NFO,02/01/2024,10:13:54,0.3,0.25,914320,0.3,558120,13520,2793640
FINNIFTY02JAN2422500CE.NFO,02/01/2024,10:14:04,0.3,0.25,916280,0.3,541440,17280,2793640
FINNIFTY02JAN2422500CE.NFO,02/01/2024,10:14:14,0.3,0.25,937120,0.3,194240,358160,2793640
FINNIFTY02JAN2422500CE.NFO,02/01/2024,10:14:24,0.35,0.3,120400,0.35,574720,211320,2793640
FINNIFTY02JAN2422500CE.NFO,02/01/2024,10:14:31,0.35,0.3,121160,0.35,582120,21160,2793640
FINNIFTY02JAN2422500CE.NFO,02/01/2024,10:14:33,0.35,0.3,121160,0.35,582120,0,2793640
FINNIFTY02JAN2422500CE.NFO,02/01/2024,10:14:34,0.35,0.3,115040,0.35,593200,0,2793640
FINNIFTY02JAN2422500CE.NFO,02/01/2024,10:14:36,0.35,0.3,118280,0.35,619840,0,2793640
FINNIFTY02JAN2422500CE.NFO,02/01/2024,10:14:38,0.35,0.3,118280,0.35,623440,0,2793640
FINNIFTY02JAN2422500CE.NFO,02/01/2024,10:14:39,0.35,0.3,118280,0.35,623280,0,2793640
FINNIFTY02JAN2422500CE.NFO,02/01/2024,10:14:41,0.35,0.3,118280,0.35,626720,2000,2787160
FINNIFTY02JAN2422500CE.NFO,02/01/2024,10:14:43,0.35,0.3,118280,0.35,628480,40,2787160
FINNIFTY02JAN2422500CE.NFO,02/01/2024,10:14:46,0.35,0.3,118280,0.35,628600,40,2787160
FINNIFTY02JAN2422500CE.NFO,02/01/2024,10:14:48,0.3,0.3,117720,0.35,628600,560,2787160
FINNIFTY02JAN2422500CE.NFO,02/01/2024,10:14:51,0.3,0.3,117960,0.35,627360,0,2787160
FINNIFTY02JAN2422500CE.NFO,02/01/2024,10:14:57,0.3,0.3,112160,0.35,627920,2000,2787160
FINNIFTY02JAN2422500CE.NFO,02/01/2024,10:15:01,0.35,0.3,92800,0.35,612280,1600,2787160
FINNIFTY02JAN2422500CE.NFO,02/01/2024,10:15:02,0.3,0.25,1231000,0.3,390200,98040,2787160
FINNIFTY02JAN2422500CE.NFO,02/01/2024,10:15:04,0.3,0.25,1230200,0.3,498800,920,2787160
FINNIFTY02JAN2422500CE.NFO,02/01/2024,10:15:06,0.3,0.25,1230200,0.3,572240,960,2787160
FINNIFTY02JAN2422500CE.NFO,02/01/2024,10:15:07,0.3,0.25,1229960,0.3,618640,2200,2787160
FINNIFTY02JAN2422500CE.NFO,02/01/2024,10:15:09,0.3,0.25,1228160,0.3,687440,2000,2787160
FINNIFTY02JAN2422500CE.NFO,02/01/2024,10:15:11,0.3,0.25,1228080,0.3,722120,120,2787160
FINNIFTY02JAN2422500CE.NFO,02/01/2024,10:15:12,0.3,0.25,1232440,0.3,707320,25960,2787160
FINNIFTY02JAN2422500CE.NFO,02/01/2024,10:15:14,0.3,0.25,1232880,0.3,705240,3360,2787160
FINNIFTY02JAN2422500CE.NFO,02/01/2024,10:15:16,0.3,0.25,1232880,0.3,705120,1920,2787160
FINNIFTY02JAN2422500CE.NFO,02/01/2024,10:15:17,0.3,0.25,1232880,0.3,705000,120,2787160
FINNIFTY02JAN2422500CE.NFO,02/01/2024,10:15:19,0.3,0.25,1232880,0.3,704880,120,2787160
FINNIFTY02JAN2422500CE.NFO,02/01/2024,10:15:21,0.3,0.25,1232880,0.3,704800,80,2787160
FINNIFTY02JAN2422500CE.NFO,02/01/2024,10:15:22,0.3,0.25,1232760,0.3,701640,3280,2787160
FINNIFTY02JAN2422500CE.NFO,02/01/2024,10:15:24,0.3,0.25,1232760,0.3,701600,40,2787160
FINNIFTY02JAN2422500CE.NFO,02/01/2024,10:15:26,0.3,0.25,1232760,0.3,701480,120,2787160
FINNIFTY02JAN2422500CE.NFO,02/01/2024,10:15:27,0.3,0.25,1232760,0.3,697600,1960,2787160
FINNIFTY02JAN2422500CE.NFO,02/01/2024,10:15:29,0.3,0.25,1232760,0.3,699080,1640,2787160
FINNIFTY02JAN2422500CE.NFO,02/01/2024,10:15:37,0.3,0.25,1232760,0.3,698360,720,2787160
FINNIFTY02JAN2422500CE.NFO,02/01/2024,10:15:47,0.3,0.25,1232760,0.3,691880,6480,2787160
FINNIFTY02JAN2422500CE.NFO,02/01/2024,10:15:57,0.3,0.25,1232760,0.3,690960,2200,2787160
FINNIFTY02JAN2422500CE.NFO,02/01/2024,10:16:08,0.3,0.25,1234560,0.3,681800,6760,2787160
FINNIFTY02JAN2422500CE.NFO,02/01/2024,10:16:18,0.3,0.25,1235280,0.3,679320,4280,2787160
FINNIFTY02JAN2422500CE.NFO,02/01/2024,10:16:29,0.3,0.25,1238160,0.3,681400,4000,2787160
FINNIFTY02JAN2422500CE.NFO,02/01/2024,10:16:39,0.3,0.25,1238160,0.3,678720,2720,2787160
FINNIFTY02JAN2422500CE.NFO,02/01/2024,10:16:49,0.3,0.25,1238160,0.3,670080,6240,2787160
FINNIFTY02JAN2422500CE.NFO,02/01/2024,10:17:00,0.3,0.25,1238160,0.3,664200,4080,2787160
FINNIFTY02JAN2422500CE.NFO,02/01/2024,10:17:11,0.3,0.25,1238160,0.3,663640,560,2787160
FINNIFTY02JAN2422500CE.NFO,02/01/2024,10:17:22,0.3,0.25,1241760,0.3,644000,7640,2787160
FINNIFTY02JAN2422500CE.NFO,02/01/2024,10:17:33,0.25,0.25,1241360,0.3,604760,2440,2756280
FINNIFTY02JAN2422500CE.NFO,02/01/2024,10:17:44,0.3,0.25,1241400,0.3,606120,480,2756280
FINNIFTY02JAN2422500CE.NFO,02/01/2024,10:17:54,0.3,0.25,1241320,0.3,605520,600,2756280
FINNIFTY02JAN2422500CE.NFO,02/01/2024,10:18:03,0.3,0.25,1221320,0.3,603120,22400,2756280
FINNIFTY02JAN2422500CE.NFO,02/01/2024,10:18:13,0.3,0.25,1221320,0.3,584800,18720,2756280
FINNIFTY02JAN2422500CE.NFO,02/01/2024,10:18:22,0.3,0.25,1221320,0.3,582280,2520,2756280
FINNIFTY02JAN2422500CE.NFO,02/01/2024,10:18:32,0.3,0.25,1221320,0.3,575640,4240,2756280
FINNIFTY02JAN2422500CE.NFO,02/01/2024,10:18:41,0.3,0.25,1221320,0.3,574280,1360,2756280
FINNIFTY02JAN2422500CE.NFO,02/01/2024,10:18:50,0.3,0.3,83400,0.35,249880,558760,2756280
FINNIFTY02JAN2422500CE.NFO,02/01/2024,10:19:00,0.35,0.3,270720,0.35,248720,200,2756280
FINNIFTY02JAN2422500CE.NFO,02/01/2024,10:19:10,0.35,0.3,270720,0.35,240360,3000,2756280
FINNIFTY02JAN2422500CE.NFO,02/01/2024,10:19:20,0.35,0.3,273240,0.35,235760,10440,2756280
FINNIFTY02JAN2422500CE.NFO,02/01/2024,10:19:30,0.3,0.3,274120,0.35,235160,1520,2756280
FINNIFTY02JAN2422500CE.NFO,02/01/2024,10:19:31,0.3,0.3,274120,0.35,263800,0,2756280
FINNIFTY02JAN2422500CE.NFO,02/01/2024,10:19:35,0.3,0.3,275560,0.35,263800,0,2756280
FINNIFTY02JAN2422500CE.NFO,02/01/2024,10:19:43,0.3,0.3,285560,0.35,263800,0,2756280
FINNIFTY02JAN2422500CE.NFO,02/01/2024,10:19:44,0.35,0.3,285560,0.35,262200,1600,2756280
FINNIFTY02JAN2422500CE.NFO,02/01/2024,10:19:46,0.35,0.3,285560,0.35,258240,1600,2756280
FINNIFTY02JAN2422500CE.NFO,02/01/2024,10:19:48,0.35,0.3,285560,0.35,256640,1600,2756280
FINNIFTY02JAN2422500CE.NFO,02/01/2024,10:19:50,0.35,0.3,285560,0.35,258040,0,2756280
FINNIFTY02JAN2422500CE.NFO,02/01/2024,10:19:51,0.35,0.3,285560,0.35,254840,800,2756280
FINNIFTY02JAN2422500CE.NFO,02/01/2024,10:19:53,0.35,0.3,285560,0.35,255840,0,2756280
FINNIFTY02JAN2422500CE.NFO,02/01/2024,10:19:55,0.35,0.3,286560,0.35,257840,400,2756280
FINNIFTY02JAN2422500CE.NFO,02/01/2024,10:19:56,0.35,0.3,286560,0.35,259040,0,2756280
FINNIFTY02JAN2422500CE.NFO,02/01/2024,10:19:58,0.35,0.3,286560,0.35,294920,120,2756280
FINNIFTY02JAN2422500CE.NFO,02/01/2024,10:20:00,0.35,0.3,286560,0.35,303480,1040,2756280
FINNIFTY02JAN2422500CE.NFO,02/01/2024,10:20:11,0.35,0.3,226200,0.35,303480,0,2756280
FINNIFTY02JAN2422500CE.NFO,02/01/2024,10:20:13,0.35,0.3,162600,0.35,303480,0,2756280
FINNIFTY02JAN2422500CE.NFO,02/01/2024,10:20:14,0.35,0.3,157200,0.35,303480,0,2756280
FINNIFTY02JAN2422500CE.NFO,02/01/2024,10:20:16,0.3,0.25,1201560,0.3,528360,68000,2756280
FINNIFTY02JAN2422500CE.NFO,02/01/2024,10:20:18,0.3,0.25,1202640,0.3,528600,1200,2756280
FINNIFTY02JAN2422500CE.NFO,02/01/2024,10:20:19,0.3,0.25,1203440,0.3,558600,120,2756280
FINNIFTY02JAN2422500CE.NFO,02/01/2024,10:20:21,0.3,0.25,1205320,0.3,558280,1880,2756280
FINNIFTY02JAN2422500CE.NFO,02/01/2024,10:20:22,0.3,0.25,1206240,0.3,558360,1120,2756280
FINNIFTY02JAN2422500CE.NFO,02/01/2024,10:20:24,0.3,0.25,1207480,0.3,556640,3040,2756280
FINNIFTY02JAN2422500CE.NFO,02/01/2024,10:20:26,0.3,0.25,1207680,0.3,555200,2160,2756280
FINNIFTY02JAN2422500CE.NFO,02/01/2024,10:20:27,0.3,0.25,1208360,0.3,554840,1440,2756280
FINNIFTY02JAN2422500CE.NFO,02/01/2024,10:20:29,0.3,0.25,1208360,0.3,554800,1840,2756280
FINNIFTY02JAN2422500CE.NFO,02/01/2024,10:20:39,0.25,0.25,1209000,0.3,545880,15480,2734760
FINNIFTY02JAN2422500CE.NFO,02/01/2024,10:20:48,0.25,0.25,1205680,0.3,546360,3840,2734760
FINNIFTY02JAN2422500CE.NFO,02/01/2024,10:20:57,0.3,0.25,1205680,0.3,545600,760,2734760
FINNIFTY02JAN2422500CE.NFO,02/01/2024,10:21:06,0.25,0.25,1203880,0.3,545240,2160,2734760
FINNIFTY02JAN2422500CE.NFO,02/01/2024,10:21:17,0.3,0.25,1201080,0.3,543600,4440,2734760
FINNIFTY02JAN2422500CE.NFO,02/01/2024,10:21:27,0.3,0.25,1201080,0.3,542880,720,2734760
FINNIFTY02JAN2422500CE.NFO,02/01/2024,10:21:38,0.3,0.25,1179200,0.3,540720,2240,2734760
FINNIFTY02JAN2422500CE.NFO,02/01/2024,10:21:48,0.3,0.25,1177400,0.3,537520,5000,2734760
FINNIFTY02JAN2422500CE.NFO,02/01/2024,10:21:58,0.3,0.25,1177440,0.3,503280,29440,2734760
FINNIFTY02JAN2422500CE.NFO,02/01/2024,10:22:08,0.3,0.25,1176320,0.3,493080,16080,2734760
FINNIFTY02JAN2422500CE.NFO,02/01/2024,10:22:17,0.3,0.25,1178120,0.3,518240,40,2734760
FINNIFTY02JAN2422500CE.NFO,02/01/2024,10:22:28,0.3,0.25,1178120,0.3,514680,1160,2734760
FINNIFTY02JAN2422500CE.NFO,02/01/2024,10:22:37,0.3,0.25,1178080,0.3,512080,2640,2734760
FINNIFTY02JAN2422500CE.NFO,02/01/2024,10:22:48,0.3,0.25,1178080,0.3,511440,640,2734760
FINNIFTY02JAN2422500CE.NFO,02/01/2024,10:22:58,0.3,0.25,1178040,0.3,509080,2360,2734760
FINNIFTY02JAN2422500CE.NFO,02/01/2024,10:23:08,0.3,0.25,1177680,0.3,511160,720,2734760
FINNIFTY02JAN2422500CE.NFO,02/01/2024,10:23:18,0.3,0.25,1177600,0.3,507360,1480,2734760
FINNIFTY02JAN2422500CE.NFO,02/01/2024,10:23:28,0.3,0.25,1177600,0.3,509080,1320,2734760
FINNIFTY02JAN2422500CE.NFO,02/01/2024,10:23:39,0.25,0.25,1176800,0.3,507480,2400,2691520
FINNIFTY02JAN2422500CE.NFO,02/01/2024,10:23:49,0.25,0.25,1176200,0.3,496880,10600,2691520
FINNIFTY02JAN2422500CE.NFO,02/01/2024,10:24:00,0.25,0.25,1176200,0.3,496880,0,2691520
FINNIFTY02JAN2422500CE.NFO,02/01/2024,10:24:11,0.3,0.25,1176200,0.3,492840,1640,2691520
FINNIFTY02JAN2422500CE.NFO,02/01/2024,10:24:21,0.3,0.25,1175400,0.3,480040,1600,2691520
FINNIFTY02JAN2422500CE.NFO,02/01/2024,10:24:31,0.3,0.25,1175600,0.3,508440,400,2691520
FINNIFTY02JAN2422500CE.NFO,02/01/2024,10:24:40,0.3,0.25,1175600,0.3,484960,21080,2691520
FINNIFTY02JAN2422500CE.NFO,02/01/2024,10:24:50,0.3,0.25,1175600,0.3,464400,18160,2691520
FINNIFTY02JAN2422500CE.NFO,02/01/2024,10:25:01,0.3,0.25,1175600,0.3,463600,800,2691520
FINNIFTY02JAN2422500CE.NFO,02/01/2024,10:25:11,0.3,0.25,1175600,0.3,445040,18560,2691520
FINNIFTY02JAN2422500CE.NFO,02/01/2024,10:25:21,0.3,0.3,63160,0.35,258760,428040,2691520
FINNIFTY02JAN2422500CE.NFO,02/01/2024,10:25:32,0.35,0.3,88760,0.35,268160,1320,2691520
FINNIFTY02JAN2422500CE.NFO,02/01/2024,10:25:42,0.35,0.3,94920,0.35,281080,40,2691520
FINNIFTY02JAN2422500CE.NFO,02/01/2024,10:25:52,0.3,0.3,94040,0.35,270840,21120,2691520
FINNIFTY02JAN2422500CE.NFO,02/01/2024,10:26:02,0.3,0.3,94840,0.35,272640,2800,2691520
FINNIFTY02JAN2422500CE.NFO,02/01/2024,10:26:22,0.3,0.3,102480,0.35,272640,360,2691520
FINNIFTY02JAN2422500CE.NFO,02/01/2024,10:26:33,0.35,0.3,102480,0.35,272240,400,2691520
FINNIFTY02JAN2422500CE.NFO,02/01/2024,10:26:43,0.35,0.3,111480,0.35,272080,0,2691520
FINNIFTY02JAN2422500CE.NFO,02/01/2024,10:27:05,0.35,0.3,111480,0.35,263880,0,2691520
FINNIFTY02JAN2422500CE.NFO,02/01/2024,10:27:17,0.35,0.3,108480,0.35,269040,3440,2699400
FINNIFTY02JAN2422500CE.NFO,02/01/2024,10:27:28,0.35,0.3,211480,0.35,268960,0,2699400
FINNIFTY02JAN2422500CE.NFO,02/01/2024,10:27:38,0.35,0.3,211480,0.35,266760,1800,2699400
FINNIFTY02JAN2422500CE.NFO,02/01/2024,10:27:48,0.35,0.3,212840,0.35,267000,0,2699400
FINNIFTY02JAN2422500CE.NFO,02/01/2024,10:27:58,0.3,0.3,212280,0.35,267000,560,2699400
FINNIFTY02JAN2422500CE.NFO,02/01/2024,10:28:08,0.3,0.3,213400,0.35,267560,0,2699400
FINNIFTY02JAN2422500CE.NFO,02/01/2024,10:28:17,0.3,0.3,190240,0.35,268600,23560,2699400
FINNIFTY02JAN2422500CE.NFO,02/01/2024,10:28:28,0.35,0.3,194440,0.35,292520,5160,2699400
FINNIFTY02JAN2422500CE.NFO,02/01/2024,10:28:37,0.35,0.3,194440,0.35,310520,0,2699400
FINNIFTY02JAN2422500CE.NFO,02/01/2024,10:28:45,0.35,0.3,193320,0.35,314160,1120,2699400
FINNIFTY02JAN2422500CE.NFO,02/01/2024,10:29:03,0.3,0.3,190960,0.35,314160,1440,2699400
FINNIFTY02JAN2422500CE.NFO,02/01/2024,10:29:12,0.35,0.3,191360,0.35,313800,360,2699400
FINNIFTY02JAN2422500CE.NFO,02/01/2024,10:29:20,0.35,0.3,191360,0.35,312960,840,2699400
FINNIFTY02JAN2422500CE.NFO,02/01/2024,10:29:46,0.35,0.3,190000,0.35,311600,1360,2700880
FINNIFTY02JAN2422500CE.NFO,02/01/2024,10:29:55,0.35,0.3,190000,0.35,311600,0,2700880
FINNIFTY02JAN2422500CE.NFO,02/01/2024,10:30:03,0.3,0.3,185200,0.35,311600,4480,2700880
FINNIFTY02JAN2422500CE.NFO,02/01/2024,10:30:13,0.3,0.3,185520,0.35,311600,0,2700880
FINNIFTY02JAN2422500CE.NFO,02/01/2024,10:30:22,0.35,0.3,186320,0.35,309600,1800,2700880
FINNIFTY02JAN2422500CE.NFO,02/01/2024,10:30:32,0.35,0.3,185320,0.35,306600,4000,2700880
FINNIFTY02JAN2422500CE.NFO,02/01/2024,10:30:41,0.35,0.3,185240,0.35,305440,1440,2700880
FINNIFTY02JAN2422500CE.NFO,02/01/2024,10:30:51,0.3,0.3,184760,0.35,306240,480,2700880
FINNIFTY02JAN2422500CE.NFO,02/01/2024,10:31:01,0.3,0.3,184760,0.35,306240,0,2700880
FINNIFTY02JAN2422500CE.NFO,02/01/2024,10:31:19,0.35,0.3,184760,0.35,305040,1200,2700880
FINNIFTY02JAN2422500CE.NFO,02/01/2024,10:31:28,0.3,0.25,1164000,0.3,167560,182440,2700880
FINNIFTY02JAN2422500CE.NFO,02/01/2024,10:31:37,0.3,0.25,1162960,0.3,373920,16480,2700880
FINNIFTY02JAN2422500CE.NFO,02/01/2024,10:31:47,0.3,0.25,1162960,0.3,377760,40,2700880
FINNIFTY02JAN2422500CE.NFO,02/01/2024,10:31:58,0.3,0.25,1162960,0.3,378040,1200,2700880
FINNIFTY02JAN2422500CE.NFO,02/01/2024,10:32:08,0.3,0.25,1162040,0.3,378120,2040,2700880
FINNIFTY02JAN2422500CE.NFO,02/01/2024,10:32:18,0.3,0.25,1160200,0.3,377400,2800,2700880
FINNIFTY02JAN2422500CE.NFO,02/01/2024,10:32:27,0.3,0.25,1160200,0.3,377400,0,2700880
FINNIFTY02JAN2422500CE.NFO,02/01/2024,10:32:37,0.3,0.25,1163800,0.3,376320,1680,2706760
FINNIFTY02JAN2422500CE.NFO,02/01/2024,10:32:46,0.3,0.25,1163800,0.3,386400,720,2706760
FINNIFTY02JAN2422500CE.NFO,02/01/2024,10:32:56,0.3,0.25,1171040,0.3,299080,94400,2706760
FINNIFTY02JAN2422500CE.NFO,02/01/2024,10:33:05,0.3,0.25,1170640,0.3,305320,1320,2706760
FINNIFTY02JAN2422500CE.NFO,02/01/2024,10:33:14,0.3,0.25,1170640,0.3,305200,920,2706760
FINNIFTY02JAN2422500CE.NFO,02/01/2024,10:33:23,0.3,0.25,1170640,0.3,303880,720,2706760
FINNIFTY02JAN2422500CE.NFO,02/01/2024,10:33:33,0.3,0.25,1170640,0.3,292680,9120,2706760
FINNIFTY02JAN2422500CE.NFO,02/01/2024,10:33:42,0.3,0.25,1170640,0.3,287360,7400,2706760
FINNIFTY02JAN2422500CE.NFO,02/01/2024,10:33:51,0.3,0.25,1170640,0.3,287160,200,2706760
FINNIFTY02JAN2422500CE.NFO,02/01/2024,10:34:01,0.3,0.25,1170640,0.3,274360,0,2706760
FINNIFTY02JAN2422500CE.NFO,02/01/2024,10:34:11,0.3,0.25,1170400,0.3,281160,680,2706760
FINNIFTY02JAN2422500CE.NFO,02/01/2024,10:34:21,0.3,0.25,1170400,0.3,280760,400,2706760
FINNIFTY02JAN2422500CE.NFO,02/01/2024,10:34:30,0.3,0.25,1168600,0.3,275760,6800,2706760
FINNIFTY02JAN2422500CE.NFO,02/01/2024,10:34:39,0.3,0.25,1168600,0.3,264680,9000,2706760
FINNIFTY02JAN2422500CE.NFO,02/01/2024,10:34:48,0.25,0.25,1167000,0.3,261840,6520,2706760
FINNIFTY02JAN2422500CE.NFO,02/01/2024,10:34:57,0.25,0.25,1166600,0.3,261840,400,2706760
FINNIFTY02JAN2422500CE.NFO,02/01/2024,10:35:06,0.3,0.25,1166600,0.3,259560,200,2706760
FINNIFTY02JAN2422500CE.NFO,02/01/2024,10:35:15,0.3,0.25,1166600,0.3,258240,1320,2706760
FINNIFTY02JAN2422500CE.NFO,02/01/2024,10:35:24,0.3,0.25,1162560,0.3,259800,4560,2706760
FINNIFTY02JAN2422500CE.NFO,02/01/2024,10:35:33,0.3,0.25,1162600,0.3,249720,8360,2706760
FINNIFTY02JAN2422500CE.NFO,02/01/2024,10:35:42,0.3,0.25,1162600,0.3,249200,520,2686400
FINNIFTY02JAN2422500CE.NFO,02/01/2024,10:35:50,0.3,0.25,1160520,0.3,252280,4480,2686400
FINNIFTY02JAN2422500CE.NFO,02/01/2024,10:35:59,0.3,0.25,1157120,0.3,244760,9320,2686400
FINNIFTY02JAN2422500CE.NFO,02/01/2024,10:36:08,0.25,0.25,1054160,0.3,256760,3160,2686400
FINNIFTY02JAN2422500CE.NFO,02/01/2024,10:36:18,0.3,0.25,1025360,0.3,255480,1280,2686400
FINNIFTY02JAN2422500CE.NFO,02/01/2024,10:36:29,0.3,0.25,910360,0.3,254520,920,2686400
FINNIFTY02JAN2422500CE.NFO,02/01/2024,10:36:41,0.3,0.25,820400,0.3,181120,73400,2686400
FINNIFTY02JAN2422500CE.NFO,02/01/2024,10:36:52,0.3,0.3,73640,0.35,268480,180560,2686400
FINNIFTY02JAN2422500CE.NFO,02/01/2024,10:37:03,0.3,0.3,97160,0.35,269080,4280,2686400
FINNIFTY02JAN2422500CE.NFO,02/01/2024,10:37:14,0.3,0.3,92800,0.35,267520,4760,2686400
FINNIFTY02JAN2422500CE.NFO,02/01/2024,10:37:25,0.3,0.3,90200,0.35,267520,1280,2686400
FINNIFTY02JAN2422500CE.NFO,02/01/2024,10:37:36,0.3,0.3,83560,0.35,267520,760,2686400
FINNIFTY02JAN2422500CE.NFO,02/01/2024,10:37:46,0.3,0.25,1033040,0.3,89320,84560,2686400
FINNIFTY02JAN2422500CE.NFO,02/01/2024,10:37:56,0.3,0.25,1036480,0.3,83880,10200,2686400
FINNIFTY02JAN2422500CE.NFO,02/01/2024,10:38:06,0.3,0.25,1036600,0.3,83880,0,2686400
FINNIFTY02JAN2422500CE.NFO,02/01/2024,10:38:15,0.3,0.25,1032040,0.3,83760,840,2686400
FINNIFTY02JAN2422500CE.NFO,02/01/2024,10:38:25,0.25,0.25,1031400,0.3,83800,5080,2686400
FINNIFTY02JAN2422500CE.NFO,02/01/2024,10:38:35,0.25,0.25,1031360,0.3,82640,1880,2686400
FINNIFTY02JAN2422500CE.NFO,02/01/2024,10:38:44,0.3,0.25,1031360,0.3,80040,2600,2667680
FINNIFTY02JAN2422500CE.NFO,02/01/2024,10:38:54,0.3,0.25,1030200,0.3,205280,1240,2667680
FINNIFTY02JAN2422500CE.NFO,02/01/2024,10:39:04,0.3,0.25,1030200,0.3,198880,6400,2667680
FINNIFTY02JAN2422500CE.NFO,02/01/2024,10:39:15,0.3,0.25,1030200,0.3,118520,4080,2667680
FINNIFTY02JAN2422500CE.NFO,02/01/2024,10:39:26,0.3,0.25,1030720,0.3,81000,1800,2667680
FINNIFTY02JAN2422500CE.NFO,02/01/2024,10:39:37,0.3,0.3,14320,0.35,317160,59560,2667680
FINNIFTY02JAN2422500CE.NFO,02/01/2024,10:39:48,0.3,0.3,19440,0.35,315320,2680,2667680
FINNIFTY02JAN2422500CE.NFO,02/01/2024,10:39:58,0.3,0.3,9480,0.35,317680,16600,2667680
FINNIFTY02JAN2422500CE.NFO,02/01/2024,10:40:09,0.3,0.3,2080,0.35,317080,11000,2667680
FINNIFTY02JAN2422500CE.NFO,02/01/2024,10:40:20,0.3,0.3,7840,0.35,316920,12640,2667680
FINNIFTY02JAN2422500CE.NFO,02/01/2024,10:40:31,0.25,0.25,1054520,0.3,24360,7640,2667680
FINNIFTY02JAN2422500CE.NFO,02/01/2024,10:40:41,0.25,0.25,1018880,0.3,182680,38240,2667680
FINNIFTY02JAN2422500CE.NFO,02/01/2024,10:40:51,0.25,0.25,974840,0.3,182240,46800,2667680
FINNIFTY02JAN2422500CE.NFO,02/01/2024,10:41:01,0.25,0.25,937680,0.3,286280,35360,2667680
FINNIFTY02JAN2422500CE.NFO,02/01/2024,10:41:11,0.25,0.25,910200,0.3,369920,24840,2667680
FINNIFTY02JAN2422500CE.NFO,02/01/2024,10:41:21,0.25,0.25,897600,0.3,384440,15800,2667680
FINNIFTY02JAN2422500CE.NFO,02/01/2024,10:41:30,0.25,0.25,891240,0.3,414640,14800,2667680
FINNIFTY02JAN2422500CE.NFO,02/01/2024,10:41:40,0.25,0.25,871720,0.3,414680,17200,2864560
FINNIFTY02JAN2422500CE.NFO,02/01/2024,10:41:51,0.25,0.25,845680,0.3,454240,29080,2864560
FINNIFTY02JAN2422500CE.NFO,02/01/2024,10:42:01,0.25,0.25,821440,0.3,453880,23360,2864560
FINNIFTY02JAN2422500CE.NFO,02/01/2024,10:42:11,0.3,0.25,795600,0.3,455040,29480,2864560
FINNIFTY02JAN2422500CE.NFO,02/01/2024,10:42:21,0.3,0.25,801280,0.3,450560,10360,2864560
FINNIFTY02JAN2422500CE.NFO,02/01/2024,10:42:31,0.3,0.25,801280,0.3,492360,0,2864560
FINNIFTY02JAN2422500CE.NFO,02/01/2024,10:42:41,0.3,0.25,804880,0.3,487960,8040,2864560
FINNIFTY02JAN2422500CE.NFO,02/01/2024,10:42:51,0.3,0.25,804880,0.3,487360,600,2864560
FINNIFTY02JAN2422500CE.NFO,02/01/2024,10:43:01,0.3,0.25,804880,0.3,492360,0,2864560
FINNIFTY02JAN2422500CE.NFO,02/01/2024,10:43:21,0.3,0.25,804880,0.3,470360,22000,2864560
FINNIFTY02JAN2422500CE.NFO,02/01/2024,10:43:31,0.3,0.25,804880,0.3,462800,7560,2864560
FINNIFTY02JAN2422500CE.NFO,02/01/2024,10:43:41,0.25,0.25,803080,0.3,464640,1800,2864560
FINNIFTY02JAN2422500CE.NFO,02/01/2024,10:43:51,0.3,0.25,803080,0.3,463040,960,2864560
FINNIFTY02JAN2422500CE.NFO,02/01/2024,10:44:01,0.3,0.25,803080,0.3,463600,80,2864560
FINNIFTY02JAN2422500CE.NFO,02/01/2024,10:44:10,0.3,0.25,801080,0.3,504360,2040,2864560
FINNIFTY02JAN2422500CE.NFO,02/01/2024,10:44:20,0.3,0.25,481080,0.3,504360,0,2864560
FINNIFTY02JAN2422500CE.NFO,02/01/2024,10:44:30,0.25,0.25,460000,0.3,507960,1280,2864560
FINNIFTY02JAN2422500CE.NFO,02/01/2024,10:44:41,0.3,0.25,413120,0.3,506520,1600,2918320
FINNIFTY02JAN2422500CE.NFO,02/01/2024,10:44:51,0.3,0.25,395120,0.3,506520,0,2918320
FINNIFTY02JAN2422500CE.NFO,02/01/2024,10:45:00,0.3,0.25,395120,0.3,506000,520,2918320
FINNIFTY02JAN2422500CE.NFO,02/01/2024,10:45:10,0.3,0.25,395120,0.3,471000,400,2918320
FINNIFTY02JAN2422500CE.NFO,02/01/2024,10:45:20,0.3,0.25,395120,0.3,471000,0,2918320
FINNIFTY02JAN2422500CE.NFO,02/01/2024,10:45:29,0.3,0.25,373120,0.3,471000,0,2918320
FINNIFTY02JAN2422500CE.NFO,02/01/2024,10:45:39,0.3,0.25,380400,0.3,468840,2160,2918320
FINNIFTY02JAN2422500CE.NFO,02/01/2024,10:45:49,0.3,0.25,380400,0.3,467880,960,2918320
FINNIFTY02JAN2422500CE.NFO,02/01/2024,10:45:58,0.3,0.25,380000,0.3,445640,21600,2918320
FINNIFTY02JAN2422500CE.NFO,02/01/2024,10:46:08,0.3,0.25,380000,0.3,426200,18000,2918320
FINNIFTY02JAN2422500CE.NFO,02/01/2024,10:46:17,0.3,0.25,379640,0.3,427600,400,2918320
FINNIFTY02JAN2422500CE.NFO,02/01/2024,10:46:27,0.3,0.25,379640,0.3,426760,360,2918320
FINNIFTY02JAN2422500CE.NFO,02/01/2024,10:46:37,0.3,0.25,395840,0.3,427040,840,2918320
FINNIFTY02JAN2422500CE.NFO,02/01/2024,10:46:47,0.25,0.25,395640,0.3,426240,1000,2918320
FINNIFTY02JAN2422500CE.NFO,02/01/2024,10:46:56,0.3,0.25,375360,0.3,422920,680,2918320
FINNIFTY02JAN2422500CE.NFO,02/01/2024,10:47:16,0.3,0.25,375000,0.3,423920,760,2918320
FINNIFTY02JAN2422500CE.NFO,02/01/2024,10:47:25,0.3,0.25,372200,0.3,422040,3280,2918320
FINNIFTY02JAN2422500CE.NFO,02/01/2024,10:47:35,0.3,0.25,372200,0.3,421400,0,2918320
FINNIFTY02JAN2422500CE.NFO,02/01/2024,10:47:44,0.3,0.25,371720,0.3,420840,1680,2914280
FINNIFTY02JAN2422500CE.NFO,02/01/2024,10:47:53,0.3,0.25,365520,0.3,420240,600,2914280
FINNIFTY02JAN2422500CE.NFO,02/01/2024,10:48:12,0.3,0.25,365120,0.3,420040,800,2914280
FINNIFTY02JAN2422500CE.NFO,02/01/2024,10:48:21,0.3,0.25,455120,0.3,420040,0,2914280
FINNIFTY02JAN2422500CE.NFO,02/01/2024,10:48:31,0.3,0.25,455040,0.3,423880,240,2914280
FINNIFTY02JAN2422500CE.NFO,02/01/2024,10:48:40,0.3,0.25,454240,0.3,423040,1440,2914280
FINNIFTY02JAN2422500CE.NFO,02/01/2024,10:48:50,0.3,0.25,454240,0.3,422800,240,2914280
FINNIFTY02JAN2422500CE.NFO,02/01/2024,10:48:59,0.3,0.25,454240,0.3,423800,720,2914280
FINNIFTY02JAN2422500CE.NFO,02/01/2024,10:49:10,0.3,0.25,453880,0.3,421440,2080,2914280
FINNIFTY02JAN2422500CE.NFO,02/01/2024,10:49:20,0.3,0.25,489880,0.3,421320,760,2914280
FINNIFTY02JAN2422500CE.NFO,02/01/2024,10:49:31,0.3,0.25,525880,0.3,417280,3400,2914280
FINNIFTY02JAN2422500CE.NFO,02/01/2024,10:49:40,0.3,0.25,529480,0.3,415960,840,2914280
FINNIFTY02JAN2422500CE.NFO,02/01/2024,10:49:49,0.3,0.25,529480,0.3,413600,640,2914280
FINNIFTY02JAN2422500CE.NFO,02/01/2024,10:49:58,0.3,0.25,529480,0.3,414960,440,2914280
FINNIFTY02JAN2422500CE.NFO,02/01/2024,10:50:08,0.3,0.25,529480,0.3,411040,400,2914280
FINNIFTY02JAN2422500CE.NFO,02/01/2024,10:50:17,0.3,0.25,529480,0.3,411360,40,2914280
FINNIFTY02JAN2422500CE.NFO,02/01/2024,10:50:27,0.25,0.25,515360,0.3,424600,14120,2914280
FINNIFTY02JAN2422500CE.NFO,02/01/2024,10:50:37,0.25,0.25,505760,0.3,434320,10840,2934600
FINNIFTY02JAN2422500CE.NFO,02/01/2024,10:50:47,0.3,0.25,500120,0.3,439240,5760,2934600
FINNIFTY02JAN2422500CE.NFO,02/01/2024,10:50:57,0.3,0.25,501920,0.3,424200,640,2934600
FINNIFTY02JAN2422500CE.NFO,02/01/2024,10:51:07,0.3,0.25,499760,0.3,423920,1000,2934600
FINNIFTY02JAN2422500CE.NFO,02/01/2024,10:51:18,0.3,0.25,499760,0.3,423240,680,2934600
FINNIFTY02JAN2422500CE.NFO,02/01/2024,10:51:28,0.3,0.25,499760,0.3,381040,41400,2934600
FINNIFTY02JAN2422500CE.NFO,02/01/2024,10:51:37,0.3,0.25,499760,0.3,380440,600,2934600
FINNIFTY02JAN2422500CE.NFO,02/01/2024,10:51:47,0.3,0.25,499520,0.3,380480,840,2934600
FINNIFTY02JAN2422500CE.NFO,02/01/2024,10:51:57,0.3,0.25,499520,0.3,379200,640,2934600
FINNIFTY02JAN2422500CE.NFO,02/01/2024,10:52:07,0.3,0.25,499160,0.3,379120,1080,2934600
FINNIFTY02JAN2422500CE.NFO,02/01/2024,10:52:16,0.3,0.25,499120,0.3,379240,1080,2934600
FINNIFTY02JAN2422500CE.NFO,02/01/2024,10:52:26,0.3,0.25,535320,0.3,379280,640,2934600
FINNIFTY02JAN2422500CE.NFO,02/01/2024,10:52:35,0.3,0.25,537520,0.3,376960,1760,2934600
FINNIFTY02JAN2422500CE.NFO,02/01/2024,10:52:45,0.3,0.25,537520,0.3,376800,160,2934600
FINNIFTY02JAN2422500CE.NFO,02/01/2024,10:52:55,0.3,0.25,537520,0.3,375680,1120,2934600
FINNIFTY02JAN2422500CE.NFO,02/01/2024,10:53:04,0.3,0.25,537520,0.3,374000,1360,2934600
FINNIFTY02JAN2422500CE.NFO,02/01/2024,10:53:13,0.3,0.25,537160,0.3,373400,3240,2934600
FINNIFTY02JAN2422500CE.NFO,02/01/2024,10:53:23,0.3,0.25,537160,0.3,372760,640,2934600
FINNIFTY02JAN2422500CE.NFO,02/01/2024,10:53:32,0.3,0.25,537160,0.3,366600,5680,2934600
FINNIFTY02JAN2422500CE.NFO,02/01/2024,10:53:41,0.3,0.25,537160,0.3,365560,1040,2940720
FINNIFTY02JAN2422500CE.NFO,02/01/2024,10:53:50,0.3,0.25,537160,0.3,361040,4520,2940720
FINNIFTY02JAN2422500CE.NFO,02/01/2024,10:54:00,0.3,0.25,537160,0.3,360600,440,2940720
FINNIFTY02JAN2422500CE.NFO,02/01/2024,10:54:09,0.3,0.25,537160,0.3,356120,5600,2940720
FINNIFTY02JAN2422500CE.NFO,02/01/2024,10:54:19,0.3,0.25,536800,0.3,355720,760,2940720
FINNIFTY02JAN2422500CE.NFO,02/01/2024,10:54:38,0.3,0.25,536800,0.3,471800,0,2940720
FINNIFTY02JAN2422500CE.NFO,02/01/2024,10:54:47,0.25,0.25,536640,0.3,471800,160,2940720
FINNIFTY02JAN2422500CE.NFO,02/01/2024,10:54:56,0.25,0.25,536640,0.3,471800,0,2940720
FINNIFTY02JAN2422500CE.NFO,02/01/2024,10:55:05,0.25,0.25,536600,0.3,471800,40,2940720
FINNIFTY02JAN2422500CE.NFO,02/01/2024,10:55:14,0.3,0.25,536600,0.3,471760,400,2940720
FINNIFTY02JAN2422500CE.NFO,02/01/2024,10:55:23,0.3,0.25,536600,0.3,473960,0,2940720
FINNIFTY02JAN2422500CE.NFO,02/01/2024,10:55:51,0.25,0.25,535840,0.3,471960,2000,2940720
FINNIFTY02JAN2422500CE.NFO,02/01/2024,10:56:00,0.25,0.25,541280,0.3,473760,0,2940720
FINNIFTY02JAN2422500CE.NFO,02/01/2024,10:56:09,0.3,0.25,517720,0.3,472000,720,2940720
FINNIFTY02JAN2422500CE.NFO,02/01/2024,10:56:18,0.3,0.25,407920,0.3,471360,640,2940720
FINNIFTY02JAN2422500CE.NFO,02/01/2024,10:56:27,0.3,0.25,407920,0.3,452520,18840,2940720
FINNIFTY02JAN2422500CE.NFO,02/01/2024,10:56:36,0.3,0.25,407920,0.3,428040,24480,2940720
FINNIFTY02JAN2422500CE.NFO,02/01/2024,10:56:47,0.3,0.25,415120,0.3,412040,14200,2897520
FINNIFTY02JAN2422500CE.NFO,02/01/2024,10:56:58,0.3,0.25,429720,0.3,409120,3600,2897520
FINNIFTY02JAN2422500CE.NFO,02/01/2024,10:57:08,0.3,0.25,428960,0.3,404480,6520,2897520
FINNIFTY02JAN2422500CE.NFO,02/01/2024,10:57:18,0.25,0.25,426040,0.3,405760,1640,2897520
FINNIFTY02JAN2422500CE.NFO,02/01/2024,10:57:28,0.3,0.25,426040,0.3,405040,80,2897520
FINNIFTY02JAN2422500CE.NFO,02/01/2024,10:57:37,0.3,0.25,426000,0.3,405640,0,2897520
FINNIFTY02JAN2422500CE.NFO,02/01/2024,10:57:48,0.25,0.25,425920,0.3,405640,80,2897520
FINNIFTY02JAN2422500CE.NFO,02/01/2024,10:57:59,0.3,0.25,427720,0.3,404120,880,2897520
FINNIFTY02JAN2422500CE.NFO,02/01/2024,10:58:09,0.3,0.25,425560,0.3,404160,960,2897520
FINNIFTY02JAN2422500CE.NFO,02/01/2024,10:58:19,0.3,0.25,425400,0.3,451200,320,2897520
FINNIFTY02JAN2422500CE.NFO,02/01/2024,10:58:28,0.3,0.25,401000,0.3,452600,4400,2897520
FINNIFTY02JAN2422500CE.NFO,02/01/2024,10:58:37,0.25,0.25,398360,0.3,455920,2920,2897520
FINNIFTY02JAN2422500CE.NFO,02/01/2024,10:58:46,0.3,0.25,396560,0.3,459480,1840,2897520
FINNIFTY02JAN2422500CE.NFO,02/01/2024,10:58:55,0.25,0.25,395360,0.3,459280,1400,2897520
FINNIFTY02JAN2422500CE.NFO,02/01/2024,10:59:05,0.3,0.25,284960,0.3,459080,200,2897520
FINNIFTY02JAN2422500CE.NFO,02/01/2024,10:59:14,0.25,0.25,60600,0.3,401160,58040,2897520
FINNIFTY02JAN2422500CE.NFO,02/01/2024,10:59:24,0.25,0.2,1301000,0.25,209600,49520,2897520
FINNIFTY02JAN2422500CE.NFO,02/01/2024,10:59:33,0.25,0.2,1301920,0.25,226440,24760,2897520
FINNIFTY02JAN2422500CE.NFO,02/01/2024,10:59:42,0.25,0.2,1305520,0.25,236880,6280,2890280
FINNIFTY02JAN2422500CE.NFO,02/01/2024,10:59:52,0.25,0.2,1312360,0.25,193080,29520,2890280
FINNIFTY02JAN2422500CE.NFO,02/01/2024,11:00:01,0.25,0.2,1312800,0.25,32960,87440,2890280
FINNIFTY02JAN2422500CE.NFO,02/01/2024,11:00:10,0.3,0.25,169280,0.3,383840,42400,2890280
FINNIFTY02JAN2422500CE.NFO,02/01/2024,11:00:20,0.3,0.25,240880,0.3,421000,0,2890280
FINNIFTY02JAN2422500CE.NFO,02/01/2024,11:00:30,0.3,0.25,289480,0.3,423320,1760,2890280
FINNIFTY02JAN2422500CE.NFO,02/01/2024,11:00:39,0.3,0.25,203080,0.3,424640,480,2890280
FINNIFTY02JAN2422500CE.NFO,02/01/2024,11:00:49,0.25,0.2,1316640,0.25,63600,87680,2890280
FINNIFTY02JAN2422500CE.NFO,02/01/2024,11:00:58,0.25,0.2,1316600,0.25,178360,4040,2890280
FINNIFTY02JAN2422500CE.NFO,02/01/2024,11:01:08,0.25,0.2,1316600,0.25,179120,2960,2890280
FINNIFTY02JAN2422500CE.NFO,02/01/2024,11:01:17,0.25,0.2,1316600,0.25,157880,680,2890280
FINNIFTY02JAN2422500CE.NFO,02/01/2024,11:01:27,0.25,0.25,53040,0.3,361760,63920,2890280
FINNIFTY02JAN2422500CE.NFO,02/01/2024,11:01:37,0.3,0.25,120360,0.3,385440,2000,2890280
FINNIFTY02JAN2422500CE.NFO,02/01/2024,11:01:46,0.3,0.25,129480,0.3,444320,3000,2890280
FINNIFTY02JAN2422500CE.NFO,02/01/2024,11:01:56,0.3,0.25,138480,0.3,465320,600,2890280
FINNIFTY02JAN2422500CE.NFO,02/01/2024,11:02:06,0.25,0.25,147280,0.3,464960,400,2890280
FINNIFTY02JAN2422500CE.NFO,02/01/2024,11:02:16,0.3,0.25,147080,0.3,470040,2800,2890280
FINNIFTY02JAN2422500CE.NFO,02/01/2024,11:02:26,0.25,0.25,144040,0.3,469240,2400,2890280
FINNIFTY02JAN2422500CE.NFO,02/01/2024,11:02:35,0.25,0.25,127000,0.3,469720,0,2890280
FINNIFTY02JAN2422500CE.NFO,02/01/2024,11:02:45,0.25,0.25,59120,0.3,441520,47680,2881080
FINNIFTY02JAN2422500CE.NFO,02/01/2024,11:02:54,0.25,0.2,1345000,0.25,36560,59560,2881080
FINNIFTY02JAN2422500CE.NFO,02/01/2024,11:03:03,0.25,0.2,1348520,0.25,39480,2360,2881080
FINNIFTY02JAN2422500CE.NFO,02/01/2024,11:03:03,0.2,0.2,1348520,0.25,39480,0,2881080
FINNIFTY02JAN2422500CE.NFO,02/01/2024,11:03:13,0.25,0.25,3880,0.3,434560,96840,2881080
FINNIFTY02JAN2422500CE.NFO,02/01/2024,11:03:22,0.25,0.25,18800,0.3,441400,2040,2881080
FINNIFTY02JAN2422500CE.NFO,02/01/2024,11:03:31,0.25,0.2,1310120,0.25,26680,28760,2881080
FINNIFTY02JAN2422500CE.NFO,02/01/2024,11:03:41,0.25,0.2,1311920,0.25,93440,1240,2881080
FINNIFTY02JAN2422500CE.NFO,02/01/2024,11:03:50,0.25,0.2,1311920,0.25,87880,6000,2881080
FINNIFTY02JAN2422500CE.NFO,02/01/2024,11:03:59,0.25,0.2,1310040,0.25,86000,2040,2881080
FINNIFTY02JAN2422500CE.NFO,02/01/2024,11:04:09,0.25,0.2,1310040,0.25,88400,1600,2881080
FINNIFTY02JAN2422500CE.NFO,02/01/2024,11:04:18,0.25,0.2,1310000,0.25,82440,6960,2881080
FINNIFTY02JAN2422500CE.NFO,02/01/2024,11:04:28,0.25,0.2,1311440,0.25,87600,3000,2881080
FINNIFTY02JAN2422500CE.NFO,02/01/2024,11:04:37,0.25,0.2,1312880,0.25,95000,600,2881080
FINNIFTY02JAN2422500CE.NFO,02/01/2024,11:04:47,0.25,0.2,1314320,0.25,94040,960,2881080
FINNIFTY02JAN2422500CE.NFO,02/01/2024,11:04:56,0.25,0.2,1314320,0.25,89040,8040,2881080
FINNIFTY02JAN2422500CE.NFO,02/01/2024,11:05:05,0.25,0.2,1314320,0.25,89240,360,2881080
FINNIFTY02JAN2422500CE.NFO,02/01/2024,11:05:14,0.2,0.2,1314240,0.25,65000,920,2881080
FINNIFTY02JAN2422500CE.NFO,02/01/2024,11:05:23,0.25,0.2,1314240,0.25,46800,18200,2881080
FINNIFTY02JAN2422500CE.NFO,02/01/2024,11:05:33,0.25,0.2,1313040,0.25,45200,1240,2881080
FINNIFTY02JAN2422500CE.NFO,02/01/2024,11:05:42,0.25,0.2,1313040,0.25,60880,4680,2879000
FINNIFTY02JAN2422500CE.NFO,02/01/2024,11:05:52,0.25,0.2,1320280,0.25,47160,39040,2879000
FINNIFTY02JAN2422500CE.NFO,02/01/2024,11:06:01,0.25,0.2,1321160,0.25,40440,6800,2879000
FINNIFTY02JAN2422500CE.NFO,02/01/2024,11:06:11,0.25,0.2,1320160,0.25,6680,24680,2879000
FINNIFTY02JAN2422500CE.NFO,02/01/2024,11:06:20,0.3,0.25,50440,0.3,450720,8680,2879000
FINNIFTY02JAN2422500CE.NFO,02/01/2024,11:06:29,0.3,0.25,50440,0.3,450800,1080,2879000
FINNIFTY02JAN2422500CE.NFO,02/01/2024,11:06:38,0.3,0.25,55160,0.3,451600,3800,2879000
FINNIFTY02JAN2422500CE.NFO,02/01/2024,11:06:48,0.3,0.25,55760,0.3,449640,1800,2879000
FINNIFTY02JAN2422500CE.NFO,02/01/2024,11:06:58,0.25,0.25,61440,0.3,447240,840,2879000
FINNIFTY02JAN2422500CE.NFO,02/01/2024,11:07:07,0.25,0.25,61960,0.3,447240,280,2879000
FINNIFTY02JAN2422500CE.NFO,02/01/2024,11:07:17,0.3,0.25,64320,0.3,450360,560,2879000
FINNIFTY02JAN2422500CE.NFO,02/01/2024,11:07:27,0.25,0.25,70920,0.3,438120,24000,2879000
FINNIFTY02JAN2422500CE.NFO,02/01/2024,11:07:36,0.25,0.25,65240,0.3,437920,7680,2879000
FINNIFTY02JAN2422500CE.NFO,02/01/2024,11:07:45,0.3,0.25,65320,0.3,439320,10480,2879000
FINNIFTY02JAN2422500CE.NFO,02/01/2024,11:07:54,0.25,0.25,61000,0.3,449440,15720,2879000
FINNIFTY02JAN2422500CE.NFO,02/01/2024,11:08:04,0.25,0.25,56280,0.3,439080,21040,2879000
FINNIFTY02JAN2422500CE.NFO,02/01/2024,11:08:13,0.3,0.25,55880,0.3,422760,16280,2879000
FINNIFTY02JAN2422500CE.NFO,02/01/2024,11:08:22,0.25,0.25,41360,0.3,410800,18920,2879000
FINNIFTY02JAN2422500CE.NFO,02/01/2024,11:08:31,0.3,0.25,40560,0.3,401680,11600,2879000
FINNIFTY02JAN2422500CE.NFO,02/01/2024,11:08:40,0.3,0.25,87760,0.3,393760,7920,2879000
FINNIFTY02JAN2422500CE.NFO,02/01/2024,11:08:49,0.3,0.25,187360,0.3,346840,17240,2842640
FINNIFTY02JAN2422500CE.NFO,02/01/2024,11:08:59,0.3,0.25,273960,0.3,185560,17040,2842640
FINNIFTY02JAN2422500CE.NFO,02/01/2024,11:09:09,0.3,0.25,288160,0.3,53000,86560,2842640
FINNIFTY02JAN2422500CE.NFO,02/01/2024,11:09:19,0.3,0.25,482920,0.3,2720,42000,2842640
FINNIFTY02JAN2422500CE.NFO,02/01/2024,11:09:28,0.35,0.3,127200,0.35,368560,26800,2842640
FINNIFTY02JAN2422500CE.NFO,02/01/2024,11:09:30,0.35,0.3,98640,0.35,385560,4960,2842640
FINNIFTY02JAN2422500CE.NFO,02/01/2024,11:09:32,0.3,0.3,98200,0.35,384880,4280,2842640
FINNIFTY02JAN2422500CE.NFO,02/01/2024,11:09:34,0.35,0.3,96480,0.35,383880,3200,2842640
FINNIFTY02JAN2422500CE.NFO,02/01/2024,11:09:37,0.35,0.3,96240,0.35,383680,440,2842640
FINNIFTY02JAN2422500CE.NFO,02/01/2024,11:09:38,0.35,0.3,96240,0.35,373360,10320,2842640
FINNIFTY02JAN2422500CE.NFO,02/01/2024,11:09:40,0.35,0.3,96240,0.35,363960,9400,2842640
FINNIFTY02JAN2422500CE.NFO,02/01/2024,11:09:42,0.35,0.3,96240,0.35,358920,5040,2842640
FINNIFTY02JAN2422500CE.NFO,02/01/2024,11:09:43,0.35,0.3,94480,0.35,358120,2600,2842640
FINNIFTY02JAN2422500CE.NFO,02/01/2024,11:09:45,0.35,0.3,94360,0.35,357760,320,2842640
FINNIFTY02JAN2422500CE.NFO,02/01/2024,11:09:47,0.35,0.3,94360,0.35,359360,200,2842640
FINNIFTY02JAN2422500CE.NFO,02/01/2024,11:09:48,0.35,0.3,94360,0.35,357440,120,2842640
FINNIFTY02JAN2422500CE.NFO,02/01/2024,11:09:50,0.35,0.3,93960,0.35,359040,600,2842640
FINNIFTY02JAN2422500CE.NFO,02/01/2024,11:09:52,0.35,0.3,94000,0.35,358640,400,2842640
FINNIFTY02JAN2422500CE.NFO,02/01/2024,11:09:53,0.35,0.3,94000,0.35,358240,400,2842640
FINNIFTY02JAN2422500CE.NFO,02/01/2024,11:09:55,0.35,0.3,93400,0.35,357840,1920,2842640
FINNIFTY02JAN2422500CE.NFO,02/01/2024,11:09:57,0.35,0.3,90000,0.35,356120,10560,2842640
FINNIFTY02JAN2422500CE.NFO,02/01/2024,11:09:58,0.35,0.3,89560,0.35,356120,1280,2842640
FINNIFTY02JAN2422500CE.NFO,02/01/2024,11:10:00,0.35,0.3,89280,0.35,356000,1480,2842640
FINNIFTY02JAN2422500CE.NFO,02/01/2024,11:10:01,0.3,0.3,89120,0.35,355080,1120,2842640
FINNIFTY02JAN2422500CE.NFO,02/01/2024,11:10:03,0.35,0.3,89120,0.35,353480,1680,2842640
FINNIFTY02JAN2422500CE.NFO,02/01/2024,11:10:05,0.35,0.3,89120,0.35,353480,0,2842640
FINNIFTY02JAN2422500CE.NFO,02/01/2024,11:10:10,0.35,0.3,81760,0.35,351200,1360,2842640
FINNIFTY02JAN2422500CE.NFO,02/01/2024,11:10:11,0.35,0.3,85320,0.35,350800,440,2842640
FINNIFTY02JAN2422500CE.NFO,02/01/2024,11:10:13,0.35,0.3,88920,0.35,350360,400,2842640
FINNIFTY02JAN2422500CE.NFO,02/01/2024,11:10:15,0.35,0.3,88920,0.35,349800,560,2842640
FINNIFTY02JAN2422500CE.NFO,02/01/2024,11:10:16,0.35,0.3,90720,0.35,348640,2240,2842640
FINNIFTY02JAN2422500CE.NFO,02/01/2024,11:10:18,0.35,0.3,90680,0.35,347760,920,2842640
FINNIFTY02JAN2422500CE.NFO,02/01/2024,11:10:20,0.35,0.3,89640,0.35,346600,2240,2842640
FINNIFTY02JAN2422500CE.NFO,02/01/2024,11:10:21,0.35,0.3,89640,0.35,346160,400,2842640
FINNIFTY02JAN2422500CE.NFO,02/01/2024,11:10:23,0.35,0.3,90400,0.35,344120,2120,2842640
FINNIFTY02JAN2422500CE.NFO,02/01/2024,11:10:25,0.35,0.3,83200,0.35,320600,1920,2842640
FINNIFTY02JAN2422500CE.NFO,02/01/2024,11:10:26,0.3,0.3,101600,0.35,323320,4600,2842640
FINNIFTY02JAN2422500CE.NFO,02/01/2024,11:10:28,0.35,0.3,101600,0.35,322120,1200,2842640
FINNIFTY02JAN2422500CE.NFO,02/01/2024,11:10:29,0.35,0.3,101600,0.35,321760,400,2842640
FINNIFTY02JAN2422500CE.NFO,02/01/2024,11:10:39,0.35,0.3,101600,0.35,321960,840,2842640
FINNIFTY02JAN2422500CE.NFO,02/01/2024,11:10:47,0.3,0.3,126440,0.35,313560,8760,2842640
FINNIFTY02JAN2422500CE.NFO,02/01/2024,11:10:56,0.35,0.3,118480,0.35,120680,133640,2842640
FINNIFTY02JAN2422500CE.NFO,02/01/2024,11:11:05,0.35,0.3,111160,0.35,119600,1200,2842640
FINNIFTY02JAN2422500CE.NFO,02/01/2024,11:11:14,0.35,0.3,140320,0.35,127640,35000,2842640
FINNIFTY02JAN2422500CE.NFO,02/01/2024,11:11:23,0.4,0.35,97040,0.4,118840,156240,2842640
FINNIFTY02JAN2422500CE.NFO,02/01/2024,11:11:33,0.4,0.35,48000,0.4,105000,14320,2842640
FINNIFTY02JAN2422500CE.NFO,02/01/2024,11:11:42,0.4,0.35,49440,0.4,96720,8720,2866440
FINNIFTY02JAN2422500CE.NFO,02/01/2024,11:11:51,0.4,0.35,57440,0.4,93520,3720,2866440
FINNIFTY02JAN2422500CE.NFO,02/01/2024,11:12:01,0.4,0.35,56040,0.4,105520,7400,2866440
FINNIFTY02JAN2422500CE.NFO,02/01/2024,11:12:10,0.4,0.35,54440,0.4,86000,11560,2866440
FINNIFTY02JAN2422500CE.NFO,02/01/2024,11:12:19,0.4,0.35,54800,0.4,33360,37960,2866440
FINNIFTY02JAN2422500CE.NFO,02/01/2024,11:12:28,0.45,0.4,20040,0.45,39400,77560,2866440
FINNIFTY02JAN2422500CE.NFO,02/01/2024,11:12:37,0.45,0.4,102800,0.45,63080,29040,2866440
FINNIFTY02JAN2422500CE.NFO,02/01/2024,11:12:46,0.45,0.4,105840,0.45,39280,29920,2866440
FINNIFTY02JAN2422500CE.NFO,02/01/2024,11:12:55,0.45,0.4,97040,0.45,66720,104960,2866440
FINNIFTY02JAN2422500CE.NFO,02/01/2024,11:12:55,0.5,0.4,97040,0.45,66720,0,2866440
FINNIFTY02JAN2422500CE.NFO,02/01/2024,11:13:04,0.45,0.4,48880,0.45,97760,32560,2866440
FINNIFTY02JAN2422500CE.NFO,02/01/2024,11:13:12,0.45,0.4,33200,0.45,56960,31200,2866440
FINNIFTY02JAN2422500CE.NFO,02/01/2024,11:13:21,0.45,0.4,39680,0.45,64040,39800,2866440
FINNIFTY02JAN2422500CE.NFO,02/01/2024,11:13:30,0.45,0.4,49960,0.45,26960,46680,2866440
FINNIFTY02JAN2422500CE.NFO,02/01/2024,11:13:32,0.45,0.4,63880,0.45,20760,6480,2866440
FINNIFTY02JAN2422500CE.NFO,02/01/2024,11:13:33,0.45,0.4,75560,0.45,19520,6680,2866440
FINNIFTY02JAN2422500CE.NFO,02/01/2024,11:13:35,0.5,0.4,90440,0.5,45800,26320,2866440
FINNIFTY02JAN2422500CE.NFO,02/01/2024,11:13:37,0.45,0.4,98440,0.45,5560,7800,2866440
FINNIFTY02JAN2422500CE.NFO,02/01/2024,11:13:38,0.45,0.4,98920,0.45,6240,5280,2866440
FINNIFTY02JAN2422500CE.NFO,02/01/2024,11:13:40,0.5,0.4,98800,0.5,38560,8080,2866440
FINNIFTY02JAN2422500CE.NFO,02/01/2024,11:13:42,0.45,0.4,98720,0.5,36480,560,2866440
FINNIFTY02JAN2422500CE.NFO,02/01/2024,11:13:43,0.5,0.45,28400,0.5,38760,6000,2866440
FINNIFTY02JAN2422500CE.NFO,02/01/2024,11:13:45,0.45,0.45,50960,0.5,31760,5320,2866440
FINNIFTY02JAN2422500CE.NFO,02/01/2024,11:13:47,0.5,0.45,50920,0.5,29760,3400,2866440
FINNIFTY02JAN2422500CE.NFO,02/01/2024,11:13:48,0.5,0.45,51240,0.5,31360,2400,2866440
FINNIFTY02JAN2422500CE.NFO,02/01/2024,11:13:50,0.5,0.45,51440,0.5,51600,2160,2866440
FINNIFTY02JAN2422500CE.NFO,02/01/2024,11:13:52,0.45,0.45,49640,0.5,51240,6720,2866440
FINNIFTY02JAN2422500CE.NFO,02/01/2024,11:13:53,0.45,0.45,49320,0.5,50320,4200,2866440
FINNIFTY02JAN2422500CE.NFO,02/01/2024,11:13:55,0.45,0.45,43720,0.5,48920,5800,2866440
FINNIFTY02JAN2422500CE.NFO,02/01/2024,11:13:57,0.5,0.45,43600,0.5,50880,720,2866440
FINNIFTY02JAN2422500CE.NFO,02/01/2024,11:13:58,0.45,0.45,47840,0.5,56080,8960,2866440
FINNIFTY02JAN2422500CE.NFO,02/01/2024,11:14:00,0.45,0.45,47760,0.5,56920,2840,2866440
FINNIFTY02JAN2422500CE.NFO,02/01/2024,11:14:02,0.5,0.45,47640,0.5,53960,2200,2866440
FINNIFTY02JAN2422500CE.NFO,02/01/2024,11:14:03,0.5,0.45,47600,0.5,51960,2040,2866440
FINNIFTY02JAN2422500CE.NFO,02/01/2024,11:14:05,0.5,0.45,47480,0.5,48240,5920,2866440
FINNIFTY02JAN2422500CE.NFO,02/01/2024,11:14:07,0.5,0.5,28760,0.55,11160,54640,2866440
FINNIFTY02JAN2422500CE.NFO,02/01/2024,11:14:07,0.55,0.5,28760,0.55,11160,0,2866440
FINNIFTY02JAN2422500CE.NFO,02/01/2024,11:14:08,0.55,0.5,28680,0.55,9800,1480,2866440
FINNIFTY02JAN2422500CE.NFO,02/01/2024,11:14:10,0.55,0.5,18280,0.55,23520,3160,2866440
FINNIFTY02JAN2422500CE.NFO,02/01/2024,11:14:12,0.55,0.5,18920,0.55,26120,4760,2866440
FINNIFTY02JAN2422500CE.NFO,02/01/2024,11:14:13,0.55,0.5,22320,0.55,25960,2440,2866440
FINNIFTY02JAN2422500CE.NFO,02/01/2024,11:14:15,0.55,0.5,26720,0.55,30000,6600,2866440
FINNIFTY02JAN2422500CE.NFO,02/01/2024,11:14:16,0.55,0.5,27280,0.55,29560,1520,2866440
FINNIFTY02JAN2422500CE.NFO,02/01/2024,11:14:18,0.55,0.5,24480,0.55,34800,14120,2866440
FINNIFTY02JAN2422500CE.NFO,02/01/2024,11:14:20,0.55,0.5,24640,0.55,33120,1840,2866440
FINNIFTY02JAN2422500CE.NFO,02/01/2024,11:14:21,0.55,0.5,24920,0.55,31080,3840,2866440
FINNIFTY02JAN2422500CE.NFO,02/01/2024,11:14:23,0.55,0.5,23760,0.55,28680,3240,2866440
FINNIFTY02JAN2422500CE.NFO,02/01/2024,11:14:25,0.5,0.5,23560,0.55,28560,400,2866440
FINNIFTY02JAN2422500CE.NFO,02/01/2024,11:14:26,0.55,0.5,28000,0.55,26880,1800,2866440
FINNIFTY02JAN2422500CE.NFO,02/01/2024,11:14:28,0.5,0.5,27960,0.55,26880,40,2866440
FINNIFTY02JAN2422500CE.NFO,02/01/2024,11:14:30,0.5,0.5,27840,0.55,27680,320,2866440
FINNIFTY02JAN2422500CE.NFO,02/01/2024,11:14:37,0.5,0.5,21360,0.55,12680,51240,2866440
FINNIFTY02JAN2422500CE.NFO,02/01/2024,11:14:37,0.6,0.5,21360,0.55,12680,0,2866440
FINNIFTY02JAN2422500CE.NFO,02/01/2024,11:14:46,0.5,0.5,16600,0.55,21200,9640,2906640
FINNIFTY02JAN2422500CE.NFO,02/01/2024,11:14:56,0.55,0.5,15280,0.55,45880,35720,2906640
FINNIFTY02JAN2422500CE.NFO,02/01/2024,11:15:06,0.5,0.45,24680,0.5,103200,28880,2906640
FINNIFTY02JAN2422500CE.NFO,02/01/2024,11:15:16,0.5,0.45,49000,0.5,104080,6600,2906640
FINNIFTY02JAN2422500CE.NFO,02/01/2024,11:15:26,0.5,0.45,44000,0.5,99040,21920,2906640
FINNIFTY02JAN2422500CE.NFO,02/01/2024,11:15:35,0.5,0.45,64840,0.5,70680,31680,2906640
FINNIFTY02JAN2422500CE.NFO,02/01/2024,11:15:46,0.55,0.5,54040,0.55,57520,61160,2906640
FINNIFTY02JAN2422500CE.NFO,02/01/2024,11:15:57,0.55,0.5,65760,0.55,123280,30240,2906640
FINNIFTY02JAN2422500CE.NFO,02/01/2024,11:16:07,0.5,0.45,76560,0.5,84080,58160,2906640
FINNIFTY02JAN2422500CE.NFO,02/01/2024,11:16:17,0.5,0.4,112160,0.5,87920,72520,2906640
FINNIFTY02JAN2422500CE.NFO,02/01/2024,11:16:26,0.5,0.45,39760,0.5,80520,34080,2906640
FINNIFTY02JAN2422500CE.NFO,02/01/2024,11:16:31,0.5,0.45,36120,0.5,97160,16520,2906640
FINNIFTY02JAN2422500CE.NFO,02/01/2024,11:16:33,0.5,0.45,35200,0.5,98560,4200,2906640
FINNIFTY02JAN2422500CE.NFO,02/01/2024,11:16:35,0.5,0.45,39520,0.5,88480,5800,2906640
FINNIFTY02JAN2422500CE.NFO,02/01/2024,11:16:36,0.5,0.45,39520,0.5,100120,3600,2906640
FINNIFTY02JAN2422500CE.NFO,02/01/2024,11:16:38,0.5,0.45,39520,0.5,100360,3800,2906640
FINNIFTY02JAN2422500CE.NFO,02/01/2024,11:16:39,0.5,0.45,39520,0.5,101880,3400,2906640
FINNIFTY02JAN2422500CE.NFO,02/01/2024,11:16:41,0.5,0.45,38720,0.5,104120,7360,2906640
FINNIFTY02JAN2422500CE.NFO,02/01/2024,11:16:43,0.5,0.45,38400,0.5,100160,1600,2906640
FINNIFTY02JAN2422500CE.NFO,02/01/2024,11:16:44,0.5,0.45,40200,0.5,95760,4400,2906640
FINNIFTY02JAN2422500CE.NFO,02/01/2024,11:16:48,0.5,0.45,39160,0.5,100240,1160,2906640
FINNIFTY02JAN2422500CE.NFO,02/01/2024,11:16:49,0.45,0.45,39080,0.5,79000,80,2906640
FINNIFTY02JAN2422500CE.NFO,02/01/2024,11:16:51,0.45,0.45,38920,0.5,86240,160,2906640
FINNIFTY02JAN2422500CE.NFO,02/01/2024,11:16:53,0.45,0.45,38840,0.5,87240,80,2906640
FINNIFTY02JAN2422500CE.NFO,02/01/2024,11:16:54,0.45,0.45,37840,0.5,87240,1000,2906640
FINNIFTY02JAN2422500CE.NFO,02/01/2024,11:16:58,0.45,0.45,34120,0.5,87240,0,2906640
FINNIFTY02JAN2422500CE.NFO,02/01/2024,11:16:59,0.45,0.45,39640,0.5,89040,0,2906640
FINNIFTY02JAN2422500CE.NFO,02/01/2024,11:17:01,0.45,0.45,51960,0.5,88880,0,2906640
FINNIFTY02JAN2422500CE.NFO,02/01/2024,11:17:03,0.45,0.45,51960,0.5,90200,0,2906640
FINNIFTY02JAN2422500CE.NFO,02/01/2024,11:17:04,0.5,0.45,51640,0.5,90280,80,2906640
FINNIFTY02JAN2422500CE.NFO,02/01/2024,11:17:06,0.45,0.45,42320,0.5,90280,4400,2906640
FINNIFTY02JAN2422500CE.NFO,02/01/2024,11:17:11,0.45,0.45,40880,0.5,90280,1440,2906640
FINNIFTY02JAN2422500CE.NFO,02/01/2024,11:17:13,0.45,0.45,43200,0.5,90280,0,2906640
FINNIFTY02JAN2422500CE.NFO,02/01/2024,11:17:14,0.45,0.45,40080,0.5,88920,3160,2906640
FINNIFTY02JAN2422500CE.NFO,02/01/2024,11:17:16,0.45,0.45,40080,0.5,88920,0,2906640
FINNIFTY02JAN2422500CE.NFO,02/01/2024,11:17:17,0.45,0.45,39680,0.5,88920,400,2906640
FINNIFTY02JAN2422500CE.NFO,02/01/2024,11:17:19,0.45,0.45,39680,0.5,88920,0,2906640
FINNIFTY02JAN2422500CE.NFO,02/01/2024,11:17:21,0.45,0.45,34440,0.5,88920,4640,2906640
FINNIFTY02JAN2422500CE.NFO,02/01/2024,11:17:22,0.45,0.45,29560,0.5,88920,7400,2906640
FINNIFTY02JAN2422500CE.NFO,02/01/2024,11:17:24,0.45,0.45,31600,0.5,89720,1800,2906640
FINNIFTY02JAN2422500CE.NFO,02/01/2024,11:17:26,0.4,0.4,113520,0.45,11880,16960,2906640
FINNIFTY02JAN2422500CE.NFO,02/01/2024,11:17:27,0.4,0.4,118040,0.45,55680,0,2906640
FINNIFTY02JAN2422500CE.NFO,02/01/2024,11:17:29,0.4,0.4,118040,0.45,57200,0,2906640
FINNIFTY02JAN2422500CE.NFO,02/01/2024,11:17:39,0.4,0.4,110280,0.45,65240,2760,2906640
FINNIFTY02JAN2422500CE.NFO,02/01/2024,11:17:48,0.4,0.4,105040,0.45,65520,15760,2905640
FINNIFTY02JAN2422500CE.NFO,02/01/2024,11:17:58,0.4,0.4,99320,0.45,71120,3120,2905640
FINNIFTY02JAN2422500CE.NFO,02/01/2024,11:18:07,0.4,0.4,15400,0.45,42440,7680,2905640
FINNIFTY02JAN2422500CE.NFO,02/01/2024,11:18:17,0.4,0.4,56560,0.45,54080,1480,2905640
FINNIFTY02JAN2422500CE.NFO,02/01/2024,11:18:25,0.4,0.4,63760,0.45,54080,0,2905640
FINNIFTY02JAN2422500CE.NFO,02/01/2024,11:18:34,0.4,0.4,60320,0.45,55480,2880,2905640
FINNIFTY02JAN2422500CE.NFO,02/01/2024,11:18:42,0.45,0.4,64160,0.45,53720,11440,2905640
FINNIFTY02JAN2422500CE.NFO,02/01/2024,11:18:51,0.4,0.4,47160,0.45,59160,14680,2905640
FINNIFTY02JAN2422500CE.NFO,02/01/2024,11:19:00,0.45,0.4,21880,0.45,57640,14880,2905640
FINNIFTY02JAN2422500CE.NFO,02/01/2024,11:19:08,0.35,0.35,104320,0.4,58360,42000,2905640
FINNIFTY02JAN2422500CE.NFO,02/01/2024,11:19:17,0.4,0.35,102560,0.4,54200,11520,2905640
FINNIFTY02JAN2422500CE.NFO,02/01/2024,11:19:25,0.4,0.35,102560,0.4,59560,7200,2905640
FINNIFTY02JAN2422500CE.NFO,02/01/2024,11:19:33,0.4,0.35,112560,0.4,55360,5000,2905640
FINNIFTY02JAN2422500CE.NFO,02/01/2024,11:19:42,0.4,0.35,112560,0.4,53160,2200,2905640
FINNIFTY02JAN2422500CE.NFO,02/01/2024,11:19:50,0.4,0.35,112560,0.4,53160,0,2905640
FINNIFTY02JAN2422500CE.NFO,02/01/2024,11:19:58,0.35,0.35,112360,0.4,53160,200,2905640
FINNIFTY02JAN2422500CE.NFO,02/01/2024,11:20:05,0.4,0.35,112360,0.4,52160,1000,2905640
FINNIFTY02JAN2422500CE.NFO,02/01/2024,11:20:14,0.4,0.35,112360,0.4,51360,800,2905640
FINNIFTY02JAN2422500CE.NFO,02/01/2024,11:20:22,0.4,0.35,112360,0.4,51120,2040,2905640
FINNIFTY02JAN2422500CE.NFO,02/01/2024,11:20:31,0.4,0.35,110560,0.4,54320,2280,2905640
FINNIFTY02JAN2422500CE.NFO,02/01/2024,11:20:39,0.4,0.35,110560,0.4,34800,18320,2905640
FINNIFTY02JAN2422500CE.NFO,02/01/2024,11:20:48,0.35,0.35,105080,0.4,31360,7040,2881240
FINNIFTY02JAN2422500CE.NFO,02/01/2024,11:20:57,0.4,0.35,101560,0.4,31960,5840,2881240
FINNIFTY02JAN2422500CE.NFO,02/01/2024,11:21:06,0.4,0.35,164600,0.4,50560,200,2881240
FINNIFTY02JAN2422500CE.NFO,02/01/2024,11:21:15,0.4,0.35,209480,0.4,37280,720,2881240
FINNIFTY02JAN2422500CE.NFO,02/01/2024,11:21:23,0.4,0.35,194040,0.4,34720,33600,2881240
FINNIFTY02JAN2422500CE.NFO,02/01/2024,11:21:33,0.35,0.35,194440,0.4,33800,1520,2881240
FINNIFTY02JAN2422500CE.NFO,02/01/2024,11:21:41,0.35,0.35,90800,0.4,60000,11800,2881240
FINNIFTY02JAN2422500CE.NFO,02/01/2024,11:21:49,0.4,0.35,93120,0.4,55320,23920,2881240
FINNIFTY02JAN2422500CE.NFO,02/01/2024,11:21:58,0.4,0.35,96680,0.4,84240,18000,2881240
FINNIFTY02JAN2422500CE.NFO,02/01/2024,11:22:08,0.35,0.35,95920,0.4,83880,240,2881240
FINNIFTY02JAN2422500CE.NFO,02/01/2024,11:22:16,0.4,0.35,94720,0.4,83840,1240,2881240
FINNIFTY02JAN2422500CE.NFO,02/01/2024,11:22:25,0.4,0.35,94720,0.4,83520,320,2881240
FINNIFTY02JAN2422500CE.NFO,02/01/2024,11:22:42,0.4,0.35,94720,0.4,92520,0,2881240
FINNIFTY02JAN2422500CE.NFO,02/01/2024,11:22:51,0.4,0.35,94720,0.4,91520,1000,2881240
FINNIFTY02JAN2422500CE.NFO,02/01/2024,11:23:00,0.35,0.35,92320,0.4,91880,600,2881240
FINNIFTY02JAN2422500CE.NFO,02/01/2024,11:23:08,0.35,0.35,95640,0.4,91520,200,2881240
FINNIFTY02JAN2422500CE.NFO,02/01/2024,11:23:16,0.4,0.35,95640,0.4,86040,280,2881240
FINNIFTY02JAN2422500CE.NFO,02/01/2024,11:23:25,0.4,0.35,94760,0.4,89120,1400,2881240
FINNIFTY02JAN2422500CE.NFO,02/01/2024,11:23:33,0.35,0.35,94600,0.4,94320,160,2881240
FINNIFTY02JAN2422500CE.NFO,02/01/2024,11:23:41,0.35,0.35,96080,0.4,94320,120,2881240
FINNIFTY02JAN2422500CE.NFO,02/01/2024,11:23:49,0.35,0.35,97680,0.4,93280,1240,2885120
FINNIFTY02JAN2422500CE.NFO,02/01/2024,11:23:57,0.35,0.35,97200,0.4,93400,480,2885120
FINNIFTY02JAN2422500CE.NFO,02/01/2024,11:24:05,0.4,0.35,97120,0.4,92880,600,2885120
FINNIFTY02JAN2422500CE.NFO,02/01/2024,11:24:14,0.4,0.35,96760,0.4,93200,400,2885120
FINNIFTY02JAN2422500CE.NFO,02/01/2024,11:24:22,0.35,0.35,96640,0.4,93200,120,2885120
FINNIFTY02JAN2422500CE.NFO,02/01/2024,11:24:30,0.35,0.35,96480,0.4,92840,160,2885120
FINNIFTY02JAN2422500CE.NFO,02/01/2024,11:24:38,0.35,0.35,97280,0.4,92840,200,2885120
FINNIFTY02JAN2422500CE.NFO,02/01/2024,11:24:46,0.35,0.35,97280,0.4,92840,0,2885120
FINNIFTY02JAN2422500CE.NFO,02/01/2024,11:24:55,0.35,0.35,96280,0.4,92840,1000,2885120
FINNIFTY02JAN2422500CE.NFO,02/01/2024,11:25:03,0.35,0.35,96680,0.4,92840,0,2885120
FINNIFTY02JAN2422500CE.NFO,02/01/2024,11:25:11,0.35,0.35,97240,0.4,92840,240,2885120
FINNIFTY02JAN2422500CE.NFO,02/01/2024,11:25:19,0.35,0.35,96920,0.4,92840,320,2885120
FINNIFTY02JAN2422500CE.NFO,02/01/2024,11:25:28,0.4,0.35,88440,0.4,92400,9280,2885120
FINNIFTY02JAN2422500CE.NFO,02/01/2024,11:25:36,0.4,0.35,88480,0.4,91960,440,2885120
FINNIFTY02JAN2422500CE.NFO,02/01/2024,11:25:44,0.35,0.35,86480,0.4,91960,2000,2885120
FINNIFTY02JAN2422500CE.NFO,02/01/2024,11:25:52,0.35,0.35,82520,0.4,91960,3960,2885120
FINNIFTY02JAN2422500CE.NFO,02/01/2024,11:26:00,0.35,0.35,73800,0.4,97360,6320,2885120
FINNIFTY02JAN2422500CE.NFO,02/01/2024,11:26:08,0.4,0.35,77200,0.4,107920,2720,2885120
FINNIFTY02JAN2422500CE.NFO,02/01/2024,11:26:16,0.4,0.35,103200,0.4,111120,240,2885120
FINNIFTY02JAN2422500CE.NFO,02/01/2024,11:26:24,0.35,0.35,105400,0.4,123960,1600,2885120
FINNIFTY02JAN2422500CE.NFO,02/01/2024,11:26:49,0.4,0.35,105240,0.4,121800,1960,2894880
FINNIFTY02JAN2422500CE.NFO,02/01/2024,11:26:57,0.4,0.35,106200,0.4,118200,3640,2894880
FINNIFTY02JAN2422500CE.NFO,02/01/2024,11:27:04,0.4,0.35,104120,0.4,116360,2120,2894880
FINNIFTY02JAN2422500CE.NFO,02/01/2024,11:27:12,0.4,0.35,93880,0.4,114520,3240,2894880
FINNIFTY02JAN2422500CE.NFO,02/01/2024,11:27:19,0.4,0.35,73640,0.4,112160,2680,2894880
FINNIFTY02JAN2422500CE.NFO,02/01/2024,11:27:27,0.35,0.35,72040,0.4,110560,11880,2894880
FINNIFTY02JAN2422500CE.NFO,02/01/2024,11:27:36,0.4,0.35,75600,0.4,130000,360,2894880
FINNIFTY02JAN2422500CE.NFO,02/01/2024,11:27:44,0.4,0.35,78440,0.4,129880,120,2894880
FINNIFTY02JAN2422500CE.NFO,02/01/2024,11:27:53,0.35,0.35,76040,0.4,131320,600,2894880
FINNIFTY02JAN2422500CE.NFO,02/01/2024,11:28:02,0.35,0.35,75040,0.4,131320,0,2894880
FINNIFTY02JAN2422500CE.NFO,02/01/2024,11:28:10,0.4,0.35,73680,0.4,132200,1400,2894880
FINNIFTY02JAN2422500CE.NFO,02/01/2024,11:28:18,0.4,0.35,74080,0.4,132080,80,2894880
FINNIFTY02JAN2422500CE.NFO,02/01/2024,11:28:26,0.4,0.35,74080,0.4,130600,1480,2894880
FINNIFTY02JAN2422500CE.NFO,02/01/2024,11:28:34,0.4,0.35,60000,0.4,130680,440,2894880
FINNIFTY02JAN2422500CE.NFO,02/01/2024,11:28:43,0.4,0.35,61800,0.4,130040,280,2894880
FINNIFTY02JAN2422500CE.NFO,02/01/2024,11:28:51,0.4,0.35,61800,0.4,130640,0,2894880
FINNIFTY02JAN2422500CE.NFO,02/01/2024,11:28:59,0.4,0.35,60080,0.4,128920,1720,2894880
FINNIFTY02JAN2422500CE.NFO,02/01/2024,11:29:07,0.35,0.35,59120,0.4,130040,1040,2894880
FINNIFTY02JAN2422500CE.NFO,02/01/2024,11:29:15,0.35,0.35,57000,0.4,130360,360,2894880
FINNIFTY02JAN2422500CE.NFO,02/01/2024,11:29:23,0.35,0.35,58400,0.4,129000,1400,2894880
FINNIFTY02JAN2422500CE.NFO,02/01/2024,11:29:32,0.35,0.35,58400,0.4,129000,0,2894880
FINNIFTY02JAN2422500CE.NFO,02/01/2024,11:29:48,0.35,0.35,57800,0.4,129000,600,2900080
FINNIFTY02JAN2422500CE.NFO,02/01/2024,11:30:34,0.4,0.35,56040,0.4,130560,1880,2900080
FINNIFTY02JAN2422500CE.NFO,02/01/2024,11:30:42,0.4,0.35,56040,0.4,130000,200,2900080
FINNIFTY02JAN2422500CE.NFO,02/01/2024,11:30:56,0.4,0.35,56040,0.4,129600,400,2900080
FINNIFTY02JAN2422500CE.NFO,02/01/2024,11:31:04,0.4,0.35,56040,0.4,129560,40,2900080
FINNIFTY02JAN2422500CE.NFO,02/01/2024,11:31:12,0.4,0.35,54920,0.4,128400,1520,2900080
FINNIFTY02JAN2422500CE.NFO,02/01/2024,11:31:27,0.35,0.35,52920,0.4,130280,2000,2900080
FINNIFTY02JAN2422500CE.NFO,02/01/2024,11:31:42,0.4,0.35,52920,0.4,128400,1880,2900080
FINNIFTY02JAN2422500CE.NFO,02/01/2024,11:31:49,0.35,0.35,50960,0.4,128400,160,2900080
FINNIFTY02JAN2422500CE.NFO,02/01/2024,11:31:58,0.35,0.35,50800,0.4,128400,160,2900080
FINNIFTY02JAN2422500CE.NFO,02/01/2024,11:32:06,0.35,0.35,52560,0.4,128800,40,2900080
FINNIFTY02JAN2422500CE.NFO,02/01/2024,11:32:36,0.4,0.35,50240,0.4,128480,1840,2900080
FINNIFTY02JAN2422500CE.NFO,02/01/2024,11:32:50,0.35,0.35,50080,0.4,128480,160,2901120
FINNIFTY02JAN2422500CE.NFO,02/01/2024,11:32:58,0.35,0.35,37440,0.4,115720,18000,2901120
FINNIFTY02JAN2422500CE.NFO,02/01/2024,11:33:05,0.35,0.35,47240,0.4,116480,7720,2901120
