Ticker,Date,Time,LTP,BuyPrice,BuyQty,SellPrice,SellQty,LTQ,OpenInterest
FINNIFTY02JAN2420350CE.NFO,02/01/2024,10:00:16,956.95,956.95,400,960.05,360,80,0
FINNIFTY02JAN2420350CE.NFO,02/01/2024,10:00:16,956.95,956.95,400,960.05,360,0,0
FINNIFTY02JAN2420350CE.NFO,02/01/2024,10:00:16,956.95,956.95,400,960.05,360,0,0
FINNIFTY02JAN2420350CE.NFO,02/01/2024,10:00:16,956.95,956.95,400,960.05,360,0,0
FINNIFTY02JAN2420350CE.NFO,02/01/2024,10:00:28,956.95,967.35,240,977.6,600,0,0
FINNIFTY02JAN2420350CE.NFO,02/01/2024,10:00:40,956.95,960.4,200,971.7,120,0,0
FINNIFTY02JAN2420350CE.NFO,02/01/2024,10:00:51,956.95,953.6,200,961.2,160,0,0
FINNIFTY02JAN2420350CE.NFO,02/01/2024,10:01:02,956.95,955.3,120,962.35,240,0,0
FINNIFTY02JAN2420350CE.NFO,02/01/2024,10:01:13,956.95,960.9,200,969.4,120,0,0
FINNIFTY02JAN2420350CE.NFO,02/01/2024,10:01:25,956.95,968.75,120,982.05,640,0,0
FINNIFTY02JAN2420350CE.NFO,02/01/2024,10:01:31,956.95,971.3,80,978.4,200,0,0
FINNIFTY02JAN2420350CE.NFO,02/01/2024,10:01:33,956.95,971.9,320,978.3,120,0,0
FINNIFTY02JAN2420350CE.NFO,02/01/2024,10:01:34,956.95,963.1,120,977,120,0,0
FINNIFTY02JAN2420350CE.NFO,02/01/2024,10:01:36,956.95,965.1,560,975.35,240,0,0
FINNIFTY02JAN2420350CE.NFO,02/01/2024,10:01:38,956.95,966.8,120,982.6,560,0,0
FINNIFTY02JAN2420350CE.NFO,02/01/2024,10:01:39,956.95,969.05,120,979.6,120,0,0
FINNIFTY02JAN2420350CE.NFO,02/01/2024,10:01:41,956.95,971.75,120,977.6,120,0,0
FINNIFTY02JAN2420350CE.NFO,02/01/2024,10:01:43,956.95,972.65,440,979.05,160,0,0
FINNIFTY02JAN2420350CE.NFO,02/01/2024,10:01:44,956.95,972.1,320,977.45,1080,0,0
FINNIFTY02JAN2420350CE.NFO,02/01/2024,10:01:46,956.95,973.1,160,980.2,1680,0,0
FINNIFTY02JAN2420350CE.NFO,02/01/2024,10:01:48,956.95,975,120,982.7,40,0,0
FINNIFTY02JAN2420350CE.NFO,02/01/2024,10:01:49,956.95,977.1,160,983.45,280,0,0
FINNIFTY02JAN2420350CE.NFO,02/01/2024,10:01:51,956.95,954.4,120,982,120,0,0
FINNIFTY02JAN2420350CE.NFO,02/01/2024,10:01:53,956.95,957.55,120,981.45,120,0,0
FINNIFTY02JAN2420350CE.NFO,02/01/2024,10:01:54,956.95,960.15,120,981.3,160,0,0
FINNIFTY02JAN2420350CE.NFO,02/01/2024,10:01:56,956.95,963.2,120,979.35,120,0,0
FINNIFTY02JAN2420350CE.NFO,02/01/2024,10:01:58,956.95,969.15,160,978.15,160,0,0
FINNIFTY02JAN2420350CE.NFO,02/01/2024,10:01:59,956.95,971.2,120,976.3,120,0,0
FINNIFTY02JAN2420350CE.NFO,02/01/2024,10:02:01,956.95,971.3,120,976.8,680,0,0
FINNIFTY02JAN2420350CE.NFO,02/01/2024,10:02:03,956.95,972.95,120,979.45,120,0,0
FINNIFTY02JAN2420350CE.NFO,02/01/2024,10:02:04,956.95,974.55,160,979.7,280,0,0
FINNIFTY02JAN2420350CE.NFO,02/01/2024,10:02:06,956.95,973.95,120,984.75,1440,0,0
FINNIFTY02JAN2420350CE.NFO,02/01/2024,10:02:08,956.95,976,200,983.45,200,0,0
FINNIFTY02JAN2420350CE.NFO,02/01/2024,10:02:09,956.95,978.3,240,988.05,120,0,0
FINNIFTY02JAN2420350CE.NFO,02/01/2024,10:02:11,956.95,979.9,120,988.75,400,0,0
FINNIFTY02JAN2420350CE.NFO,02/01/2024,10:02:13,956.95,981.65,160,987.25,160,0,0
FINNIFTY02JAN2420350CE.NFO,02/01/2024,10:02:14,956.95,981.45,120,989.55,160,0,0
FINNIFTY02JAN2420350CE.NFO,02/01/2024,10:02:16,956.95,982.85,160,988.3,160,0,0
FINNIFTY02JAN2420350CE.NFO,02/01/2024,10:02:18,956.95,976.05,120,986.85,120,0,0
FINNIFTY02JAN2420350CE.NFO,02/01/2024,10:02:19,956.95,977.5,360,983.85,200,0,0
FINNIFTY02JAN2420350CE.NFO,02/01/2024,10:02:21,956.95,971.25,160,981.3,160,0,0
FINNIFTY02JAN2420350CE.NFO,02/01/2024,10:02:23,956.95,975.85,280,988.1,160,0,0
FINNIFTY02JAN2420350CE.NFO,02/01/2024,10:02:24,956.95,976.4,80,985.95,120,0,0
FINNIFTY02JAN2420350CE.NFO,02/01/2024,10:02:26,956.95,973.25,40,984.25,40,0,0
FINNIFTY02JAN2420350CE.NFO,02/01/2024,10:02:28,956.95,974.9,320,979.95,120,0,0
FINNIFTY02JAN2420350CE.NFO,02/01/2024,10:02:29,956.95,975.15,480,981,200,0,0
FINNIFTY02JAN2420350CE.NFO,02/01/2024,10:02:31,956.95,976.2,200,981.55,80,0,0
FINNIFTY02JAN2420350CE.NFO,02/01/2024,10:02:32,956.95,976.2,120,981.55,120,0,0
FINNIFTY02JAN2420350CE.NFO,02/01/2024,10:02:34,956.95,977.25,120,983.45,320,0,0
FINNIFTY02JAN2420350CE.NFO,02/01/2024,10:02:36,956.95,979.05,680,990.3,200,0,0
FINNIFTY02JAN2420350CE.NFO,02/01/2024,10:02:37,956.95,980.3,480,987.1,120,0,0
FINNIFTY02JAN2420350CE.NFO,02/01/2024,10:02:39,956.95,981.2,120,986.2,240,0,0
FINNIFTY02JAN2420350CE.NFO,02/01/2024,10:02:41,956.95,982.95,120,987.95,120,0,0
FINNIFTY02JAN2420350CE.NFO,02/01/2024,10:02:42,956.95,977.05,120,989.65,120,0,0
FINNIFTY02JAN2420350CE.NFO,02/01/2024,10:02:44,956.95,980.45,120,986.8,120,0,0
FINNIFTY02JAN2420350CE.NFO,02/01/2024,10:02:46,956.95,981.9,80,987.2,200,0,0
FINNIFTY02JAN2420350CE.NFO,02/01/2024,10:02:47,956.95,980.65,120,985.8,120,0,0
FINNIFTY02JAN2420350CE.NFO,02/01/2024,10:02:49,956.95,977.2,200,984.3,120,0,0
FINNIFTY02JAN2420350CE.NFO,02/01/2024,10:02:51,956.95,979.05,200,984.35,120,0,0
FINNIFTY02JAN2420350CE.NFO,02/01/2024,10:02:52,956.95,979.8,200,991.35,1640,0,0
FINNIFTY02JAN2420350CE.NFO,02/01/2024,10:02:54,956.95,982.4,120,989.4,120,0,0
FINNIFTY02JAN2420350CE.NFO,02/01/2024,10:02:56,956.95,984.75,960,992.85,280,0,0
FINNIFTY02JAN2420350CE.NFO,02/01/2024,10:02:57,956.95,986.8,80,992.25,120,0,0
FINNIFTY02JAN2420350CE.NFO,02/01/2024,10:02:59,956.95,982.15,160,994.4,120,0,0
FINNIFTY02JAN2420350CE.NFO,02/01/2024,10:03:01,956.95,982.9,120,991.75,120,0,0
FINNIFTY02JAN2420350CE.NFO,02/01/2024,10:03:02,956.95,985.1,160,995.1,280,0,0
FINNIFTY02JAN2420350CE.NFO,02/01/2024,10:03:04,956.95,986.4,240,992.95,120,0,0
FINNIFTY02JAN2420350CE.NFO,02/01/2024,10:03:06,956.95,980.1,2240,991.1,200,0,0
FINNIFTY02JAN2420350CE.NFO,02/01/2024,10:03:07,956.95,983.1,120,989.35,120,0,0
FINNIFTY02JAN2420350CE.NFO,02/01/2024,10:03:09,956.95,984.75,120,995.35,120,0,0
FINNIFTY02JAN2420350CE.NFO,02/01/2024,10:03:11,956.95,985.9,120,992.95,240,0,0
FINNIFTY02JAN2420350CE.NFO,02/01/2024,10:03:12,956.95,987.2,240,1002.75,360,0,0
FINNIFTY02JAN2420350CE.NFO,02/01/2024,10:03:14,956.95,988.4,200,1001.85,200,0,0
FINNIFTY02JAN2420350CE.NFO,02/01/2024,10:03:16,956.95,989.9,80,1000.6,80,0,0
FINNIFTY02JAN2420350CE.NFO,02/01/2024,10:03:17,956.95,991.05,120,1018.7,200,0,0
FINNIFTY02JAN2420350CE.NFO,02/01/2024,10:03:19,956.95,992.6,200,1017.25,40,0,0
FINNIFTY02JAN2420350CE.NFO,02/01/2024,10:03:21,956.95,994.25,160,1014.5,120,0,0
FINNIFTY02JAN2420350CE.NFO,02/01/2024,10:03:22,956.95,987.05,80,1011.9,120,0,0
FINNIFTY02JAN2420350CE.NFO,02/01/2024,10:03:24,956.95,989.6,120,1009.2,40,0,0
FINNIFTY02JAN2420350CE.NFO,02/01/2024,10:03:26,956.95,992.75,120,1006.6,120,0,0
FINNIFTY02JAN2420350CE.NFO,02/01/2024,10:03:27,956.95,990.15,120,999.5,120,0,0
FINNIFTY02JAN2420350CE.NFO,02/01/2024,10:03:29,956.95,991.8,160,998.25,120,0,0
FINNIFTY02JAN2420350CE.NFO,02/01/2024,10:03:31,956.95,992.75,200,999.45,1520,0,0
FINNIFTY02JAN2420350CE.NFO,02/01/2024,10:03:32,956.95,990.75,120,996.6,120,0,0
FINNIFTY02JAN2420350CE.NFO,02/01/2024,10:03:34,956.95,986.2,2520,995.45,200,0,0
FINNIFTY02JAN2420350CE.NFO,02/01/2024,10:03:36,956.95,986.95,200,993.4,120,0,0
FINNIFTY02JAN2420350CE.NFO,02/01/2024,10:03:37,956.95,988.55,120,994.7,160,0,0
FINNIFTY02JAN2420350CE.NFO,02/01/2024,10:03:39,956.95,983.95,160,992.55,120,0,0
FINNIFTY02JAN2420350CE.NFO,02/01/2024,10:03:41,956.95,985.1,440,990.75,160,0,0
FINNIFTY02JAN2420350CE.NFO,02/01/2024,10:03:42,956.95,985.25,160,1001.15,1400,0,0
FINNIFTY02JAN2420350CE.NFO,02/01/2024,10:03:44,956.95,986.65,120,1000.5,120,0,0
FINNIFTY02JAN2420350CE.NFO,02/01/2024,10:03:46,956.95,985.05,200,991.65,200,0,0
FINNIFTY02JAN2420350CE.NFO,02/01/2024,10:03:47,956.95,983.3,800,991.05,120,0,0
FINNIFTY02JAN2420350CE.NFO,02/01/2024,10:03:49,956.95,984.85,80,990.5,80,0,0
FINNIFTY02JAN2420350CE.NFO,02/01/2024,10:03:51,956.95,986.05,200,991.6,200,0,0
FINNIFTY02JAN2420350CE.NFO,02/01/2024,10:03:52,956.95,987.4,80,991.85,120,0,0
FINNIFTY02JAN2420350CE.NFO,02/01/2024,10:03:54,956.95,988.75,240,994.05,120,0,0
FINNIFTY02JAN2420350CE.NFO,02/01/2024,10:03:56,956.95,989.8,200,996.1,200,0,0
FINNIFTY02JAN2420350CE.NFO,02/01/2024,10:03:57,956.95,989.45,120,995.95,200,0,0
FINNIFTY02JAN2420350CE.NFO,02/01/2024,10:03:59,956.95,988.45,80,993.75,80,0,0
FINNIFTY02JAN2420350CE.NFO,02/01/2024,10:04:00,956.95,989.5,120,1001.95,80,0,0
FINNIFTY02JAN2420350CE.NFO,02/01/2024,10:04:02,956.95,991.95,120,999.8,120,0,0
FINNIFTY02JAN2420350CE.NFO,02/01/2024,10:04:04,956.95,994.5,240,1005.7,240,0,0
FINNIFTY02JAN2420350CE.NFO,02/01/2024,10:04:05,956.95,996,120,1003.95,120,0,0
FINNIFTY02JAN2420350CE.NFO,02/01/2024,10:04:07,956.95,996.3,680,1001.95,120,0,0
FINNIFTY02JAN2420350CE.NFO,02/01/2024,10:04:09,956.95,996.95,520,1006.1,600,0,0
FINNIFTY02JAN2420350CE.NFO,02/01/2024,10:04:10,956.95,998.65,520,1011.3,240,0,0
FINNIFTY02JAN2420350CE.NFO,02/01/2024,10:04:12,956.95,1000.8,240,1007,80,0,0
FINNIFTY02JAN2420350CE.NFO,02/01/2024,10:04:14,956.95,1001.9,200,1010.65,200,0,0
FINNIFTY02JAN2420350CE.NFO,02/01/2024,10:04:15,956.95,1003.15,80,1009.05,200,0,0
FINNIFTY02JAN2420350CE.NFO,02/01/2024,10:04:17,956.95,998.55,160,1007.95,120,0,0
FINNIFTY02JAN2420350CE.NFO,02/01/2024,10:04:19,956.95,999.85,200,1006.15,200,0,0
FINNIFTY02JAN2420350CE.NFO,02/01/2024,10:04:20,956.95,1000.4,120,1005.2,240,0,0
FINNIFTY02JAN2420350CE.NFO,02/01/2024,10:04:22,956.95,1001.9,120,1024.85,200,0,0
FINNIFTY02JAN2420350CE.NFO,02/01/2024,10:04:24,956.95,1002.05,200,1018.9,120,0,0
FINNIFTY02JAN2420350CE.NFO,02/01/2024,10:04:25,956.95,996.85,200,1015.8,40,0,0
FINNIFTY02JAN2420350CE.NFO,02/01/2024,10:04:27,956.95,999.5,120,1012.65,120,0,0
FINNIFTY02JAN2420350CE.NFO,02/01/2024,10:04:29,956.95,1002.55,200,1009.75,160,0,0
FINNIFTY02JAN2420350CE.NFO,02/01/2024,10:04:30,956.95,1002.75,80,1007.25,160,0,0
FINNIFTY02JAN2420350CE.NFO,02/01/2024,10:04:32,956.95,1004.05,120,1009.55,200,0,0
FINNIFTY02JAN2420350CE.NFO,02/01/2024,10:04:34,956.95,1004.85,480,1034.95,1280,0,0
FINNIFTY02JAN2420350CE.NFO,02/01/2024,10:04:35,956.95,1005.95,160,1033.9,320,0,0
FINNIFTY02JAN2420350CE.NFO,02/01/2024,10:04:37,956.95,1007.1,120,1032.8,240,0,0
FINNIFTY02JAN2420350CE.NFO,02/01/2024,10:04:39,956.95,1010.05,120,1031.1,120,0,0
FINNIFTY02JAN2420350CE.NFO,02/01/2024,10:04:40,956.95,1008.75,200,1029.25,200,0,0
FINNIFTY02JAN2420350CE.NFO,02/01/2024,10:04:42,956.95,1003.5,40,1026.7,40,0,0
FINNIFTY02JAN2420350CE.NFO,02/01/2024,10:04:44,956.95,1005.85,120,1023.4,80,0,0
FINNIFTY02JAN2420350CE.NFO,02/01/2024,10:04:45,956.95,1004.65,120,1019.5,200,0,0
FINNIFTY02JAN2420350CE.NFO,02/01/2024,10:04:47,956.95,998.7,40,1015.15,200,0,0
FINNIFTY02JAN2420350CE.NFO,02/01/2024,10:04:49,956.95,999.7,240,1012.8,80,0,0
FINNIFTY02JAN2420350CE.NFO,02/01/2024,10:04:50,956.95,1001.15,80,1009.7,80,0,0
FINNIFTY02JAN2420350CE.NFO,02/01/2024,10:04:52,956.95,1003.1,120,1008.35,80,0,0
FINNIFTY02JAN2420350CE.NFO,02/01/2024,10:04:54,956.95,1001,200,1007,120,0,0
FINNIFTY02JAN2420350CE.NFO,02/01/2024,10:04:55,956.95,995.8,120,1005.15,360,0,0
FINNIFTY02JAN2420350CE.NFO,02/01/2024,10:04:57,956.95,998.1,200,1006.6,200,0,0
FINNIFTY02JAN2420350CE.NFO,02/01/2024,10:04:59,956.95,998.45,280,1006.5,320,0,0
FINNIFTY02JAN2420350CE.NFO,02/01/2024,10:05:00,956.95,1000.15,80,1025.6,80,0,0
FINNIFTY02JAN2420350CE.NFO,02/01/2024,10:05:02,956.95,1001.8,40,1023.2,40,0,0
FINNIFTY02JAN2420350CE.NFO,02/01/2024,10:05:04,956.95,1005.65,80,1018.3,120,0,0
FINNIFTY02JAN2420350CE.NFO,02/01/2024,10:05:05,956.95,1005.75,200,1015.35,80,0,0
FINNIFTY02JAN2420350CE.NFO,02/01/2024,10:05:07,956.95,1005.4,200,1011.4,120,0,0
FINNIFTY02JAN2420350CE.NFO,02/01/2024,10:05:09,956.95,1003.25,200,1009.3,40,0,0
FINNIFTY02JAN2420350CE.NFO,02/01/2024,10:05:10,956.95,1004.05,120,1009,200,0,0
FINNIFTY02JAN2420350CE.NFO,02/01/2024,10:05:12,956.95,1004.35,120,1010.05,1760,0,0
FINNIFTY02JAN2420350CE.NFO,02/01/2024,10:05:14,956.95,1005.05,80,1016.4,160,0,0
FINNIFTY02JAN2420350CE.NFO,02/01/2024,10:05:15,956.95,1002.65,160,1013.45,160,0,0
FINNIFTY02JAN2420350CE.NFO,02/01/2024,10:05:17,956.95,998.45,120,1010.05,120,0,0
FINNIFTY02JAN2420350CE.NFO,02/01/2024,10:05:19,956.95,1000.85,40,1005.9,120,0,0
FINNIFTY02JAN2420350CE.NFO,02/01/2024,10:05:20,956.95,999.15,160,1005.75,80,0,0
FINNIFTY02JAN2420350CE.NFO,02/01/2024,10:05:22,956.95,1001.55,120,1006.75,120,0,0
FINNIFTY02JAN2420350CE.NFO,02/01/2024,10:05:24,956.95,1000.5,40,1005.65,200,0,0
FINNIFTY02JAN2420350CE.NFO,02/01/2024,10:05:25,956.95,997.15,2440,1005.55,400,0,0
FINNIFTY02JAN2420350CE.NFO,02/01/2024,10:05:27,956.95,1001.3,40,1007.1,120,0,0
FINNIFTY02JAN2420350CE.NFO,02/01/2024,10:05:29,956.95,1002.85,120,1033.25,200,0,0
FINNIFTY02JAN2420350CE.NFO,02/01/2024,10:05:30,956.95,1004.1,280,1029.9,440,0,0
FINNIFTY02JAN2420350CE.NFO,02/01/2024,10:05:32,956.95,1004.65,200,1025.85,40,0,0
FINNIFTY02JAN2420350CE.NFO,02/01/2024,10:05:34,956.95,1004.7,80,1022.45,200,0,0
FINNIFTY02JAN2420350CE.NFO,02/01/2024,10:05:35,956.95,1005.25,80,1016.75,120,0,0
FINNIFTY02JAN2420350CE.NFO,02/01/2024,10:05:37,956.95,1003.85,80,1012.2,240,0,0
FINNIFTY02JAN2420350CE.NFO,02/01/2024,10:05:39,956.95,1004.25,160,1009.2,160,0,0
FINNIFTY02JAN2420350CE.NFO,02/01/2024,10:05:40,956.95,1004.4,120,1009.5,320,0,0
FINNIFTY02JAN2420350CE.NFO,02/01/2024,10:05:42,956.95,1002.8,200,1007.75,240,0,0
FINNIFTY02JAN2420350CE.NFO,02/01/2024,10:05:44,956.95,999.2,120,1006.45,320,0,0
FINNIFTY02JAN2420350CE.NFO,02/01/2024,10:05:45,956.95,1002.9,80,1014.2,80,0,0
FINNIFTY02JAN2420350CE.NFO,02/01/2024,10:05:47,956.95,999.55,2480,1009.5,80,0,0
FINNIFTY02JAN2420350CE.NFO,02/01/2024,10:05:49,956.95,1000.95,240,1006.75,320,0,0
FINNIFTY02JAN2420350CE.NFO,02/01/2024,10:05:50,956.95,997.6,200,1004.35,200,0,0
FINNIFTY02JAN2420350CE.NFO,02/01/2024,10:05:52,956.95,998,160,1002.85,120,0,0
FINNIFTY02JAN2420350CE.NFO,02/01/2024,10:05:54,956.95,999.25,200,1004.05,80,0,0
FINNIFTY02JAN2420350CE.NFO,02/01/2024,10:05:55,956.95,998.7,120,1003.6,120,0,0
FINNIFTY02JAN2420350CE.NFO,02/01/2024,10:05:57,956.95,999.8,120,1010.3,40,0,0
FINNIFTY02JAN2420350CE.NFO,02/01/2024,10:05:59,956.95,1002.1,120,1008,120,0,0
FINNIFTY02JAN2420350CE.NFO,02/01/2024,10:06:00,956.95,998.25,80,1007.9,560,0,0
FINNIFTY02JAN2420350CE.NFO,02/01/2024,10:06:02,956.95,1002.55,160,1013.95,840,0,0
FINNIFTY02JAN2420350CE.NFO,02/01/2024,10:06:04,956.95,1004.55,120,1012.65,120,0,0
FINNIFTY02JAN2420350CE.NFO,02/01/2024,10:06:05,956.95,1006.05,80,1015.1,720,0,0
FINNIFTY02JAN2420350CE.NFO,02/01/2024,10:06:07,956.95,1007.55,120,1013.45,120,0,0
FINNIFTY02JAN2420350CE.NFO,02/01/2024,10:06:09,956.95,1008.55,160,1034.95,1960,0,0
FINNIFTY02JAN2420350CE.NFO,02/01/2024,10:06:10,956.95,1010.55,120,1021.35,120,0,0
FINNIFTY02JAN2420350CE.NFO,02/01/2024,10:06:12,956.95,1011.05,120,1019.65,80,0,0
FINNIFTY02JAN2420350CE.NFO,02/01/2024,10:06:14,956.95,1013.05,120,1018.7,120,0,0
FINNIFTY02JAN2420350CE.NFO,02/01/2024,10:06:15,956.95,1013.85,480,1025.1,40,0,0
FINNIFTY02JAN2420350CE.NFO,02/01/2024,10:06:17,956.95,1014,240,1022.7,80,0,0
FINNIFTY02JAN2420350CE.NFO,02/01/2024,10:06:19,956.95,1011.9,120,1020.8,200,0,0
FINNIFTY02JAN2420350CE.NFO,02/01/2024,10:06:20,956.95,1013.75,80,1040.05,80,0,0
FINNIFTY02JAN2420350CE.NFO,02/01/2024,10:06:22,956.95,1015.9,120,1037.75,120,0,0
FINNIFTY02JAN2420350CE.NFO,02/01/2024,10:06:24,956.95,1017.9,120,1035,240,0,0
FINNIFTY02JAN2420350CE.NFO,02/01/2024,10:06:25,956.95,1021.1,200,1032.65,280,0,0
FINNIFTY02JAN2420350CE.NFO,02/01/2024,10:06:27,956.95,1022.45,120,1029.55,120,0,0
FINNIFTY02JAN2420350CE.NFO,02/01/2024,10:06:29,956.95,1016.15,120,1027.6,120,0,0
FINNIFTY02JAN2420350CE.NFO,02/01/2024,10:06:30,956.95,1017.4,200,1025,120,0,0
FINNIFTY02JAN2420350CE.NFO,02/01/2024,10:06:32,956.95,1014.85,200,1022.25,200,0,0
FINNIFTY02JAN2420350CE.NFO,02/01/2024,10:06:34,956.95,1014.6,80,1019.85,120,0,0
FINNIFTY02JAN2420350CE.NFO,02/01/2024,10:06:35,956.95,1010.2,160,1018.85,280,0,0
FINNIFTY02JAN2420350CE.NFO,02/01/2024,10:06:37,956.95,1013.3,120,1027.65,120,0,0
FINNIFTY02JAN2420350CE.NFO,02/01/2024,10:06:39,956.95,1014.4,200,1023.9,200,0,0
FINNIFTY02JAN2420350CE.NFO,02/01/2024,10:06:40,956.95,1015.5,120,1020.95,120,0,0
FINNIFTY02JAN2420350CE.NFO,02/01/2024,10:06:42,956.95,1012.3,80,1023.2,120,0,0
FINNIFTY02JAN2420350CE.NFO,02/01/2024,10:06:44,956.95,1014.2,120,1019.35,120,0,0
FINNIFTY02JAN2420350CE.NFO,02/01/2024,10:06:45,956.95,1014.95,120,1019.8,360,0,0
FINNIFTY02JAN2420350CE.NFO,02/01/2024,10:06:47,956.95,1016.15,40,1024.45,440,0,0
FINNIFTY02JAN2420350CE.NFO,02/01/2024,10:06:49,956.95,1012.85,240,1021.5,240,0,0
FINNIFTY02JAN2420350CE.NFO,02/01/2024,10:06:50,956.95,1014.75,80,1019.8,120,0,0
FINNIFTY02JAN2420350CE.NFO,02/01/2024,10:06:52,956.95,1015.15,400,1021.9,200,0,0
FINNIFTY02JAN2420350CE.NFO,02/01/2024,10:06:54,956.95,1013.2,160,1017.9,200,0,0
FINNIFTY02JAN2420350CE.NFO,02/01/2024,10:06:55,956.95,1011.8,120,1019.45,80,0,0
FINNIFTY02JAN2420350CE.NFO,02/01/2024,10:06:57,956.95,1014.45,120,1023.6,200,0,0
FINNIFTY02JAN2420350CE.NFO,02/01/2024,10:06:59,956.95,1013.1,200,1020.5,600,0,0
FINNIFTY02JAN2420350CE.NFO,02/01/2024,10:07:00,956.95,1016.35,120,1022.7,80,0,0
FINNIFTY02JAN2420350CE.NFO,02/01/2024,10:07:02,956.95,1017.65,160,1025.5,160,0,0
FINNIFTY02JAN2420350CE.NFO,02/01/2024,10:07:04,956.95,1015.15,240,1023.35,720,0,0
FINNIFTY02JAN2420350CE.NFO,02/01/2024,10:07:05,956.95,1017.3,80,1031.1,120,0,0
FINNIFTY02JAN2420350CE.NFO,02/01/2024,10:07:07,956.95,1019.6,200,1029.6,200,0,0
FINNIFTY02JAN2420350CE.NFO,02/01/2024,10:07:09,956.95,1020.4,760,1027.45,440,0,0
FINNIFTY02JAN2420350CE.NFO,02/01/2024,10:07:10,956.95,1021.15,120,1026.8,120,0,0
FINNIFTY02JAN2420350CE.NFO,02/01/2024,10:07:12,956.95,1022.35,200,1036.9,120,0,0
FINNIFTY02JAN2420350CE.NFO,02/01/2024,10:07:14,956.95,1024.65,120,1034.8,120,0,0
FINNIFTY02JAN2420350CE.NFO,02/01/2024,10:07:15,956.95,1023.25,200,1032.25,120,0,0
FINNIFTY02JAN2420350CE.NFO,02/01/2024,10:07:17,956.95,1026,160,1040.15,160,0,0
FINNIFTY02JAN2420350CE.NFO,02/01/2024,10:07:19,956.95,1026.8,160,1037.8,120,0,0
FINNIFTY02JAN2420350CE.NFO,02/01/2024,10:07:20,956.95,1022.55,80,1036.05,120,0,0
FINNIFTY02JAN2420350CE.NFO,02/01/2024,10:07:22,956.95,1019.2,200,1033.45,240,0,0
FINNIFTY02JAN2420350CE.NFO,02/01/2024,10:07:24,956.95,1022.6,80,1029.45,80,0,0
FINNIFTY02JAN2420350CE.NFO,02/01/2024,10:07:25,956.95,1021.25,120,1026.5,120,0,0
FINNIFTY02JAN2420350CE.NFO,02/01/2024,10:07:27,956.95,1016.2,120,1023.75,240,0,0
FINNIFTY02JAN2420350CE.NFO,02/01/2024,10:07:29,956.95,1016.6,200,1023.25,200,0,0
FINNIFTY02JAN2420350CE.NFO,02/01/2024,10:07:30,956.95,1018,200,1023.25,160,0,0
FINNIFTY02JAN2420350CE.NFO,02/01/2024,10:07:32,956.95,1017,240,1022.1,120,0,0
FINNIFTY02JAN2420350CE.NFO,02/01/2024,10:07:34,956.95,1018.35,160,1023.15,80,0,0
FINNIFTY02JAN2420350CE.NFO,02/01/2024,10:07:35,956.95,1020.15,760,1028,400,0,0
FINNIFTY02JAN2420350CE.NFO,02/01/2024,10:07:37,956.95,1022.15,120,1027.55,160,0,0
FINNIFTY02JAN2420350CE.NFO,02/01/2024,10:07:39,956.95,1017.95,200,1027.65,200,0,0
FINNIFTY02JAN2420350CE.NFO,02/01/2024,10:07:40,956.95,1019.9,80,1024.6,80,0,0
FINNIFTY02JAN2420350CE.NFO,02/01/2024,10:07:42,956.95,1021.3,120,1027,120,0,0
FINNIFTY02JAN2420350CE.NFO,02/01/2024,10:07:44,956.95,1022.5,240,1034.3,200,0,0
FINNIFTY02JAN2420350CE.NFO,02/01/2024,10:07:45,956.95,1017.15,200,1027.3,120,0,0
FINNIFTY02JAN2420350CE.NFO,02/01/2024,10:07:47,956.95,1017.6,200,1024.9,200,0,0
FINNIFTY02JAN2420350CE.NFO,02/01/2024,10:07:49,956.95,1019.15,80,1024,200,0,0
FINNIFTY02JAN2420350CE.NFO,02/01/2024,10:07:50,956.95,1018.2,160,1022.6,120,0,0
FINNIFTY02JAN2420350CE.NFO,02/01/2024,10:07:52,956.95,1017.15,120,1023.3,200,0,0
FINNIFTY02JAN2420350CE.NFO,02/01/2024,10:07:54,956.95,1016,200,1021.7,200,0,0
FINNIFTY02JAN2420350CE.NFO,02/01/2024,10:07:55,956.95,1012.35,120,1020,200,0,0
FINNIFTY02JAN2420350CE.NFO,02/01/2024,10:07:57,956.95,1014.55,80,1058.2,80,0,0
FINNIFTY02JAN2420350CE.NFO,02/01/2024,10:07:59,956.95,1017.1,120,1055.8,200,0,0
FINNIFTY02JAN2420350CE.NFO,02/01/2024,10:08:00,956.95,1015.4,480,1051.7,120,0,0
FINNIFTY02JAN2420350CE.NFO,02/01/2024,10:08:02,956.95,1016.4,200,1039.5,200,0,0
FINNIFTY02JAN2420350CE.NFO,02/01/2024,10:08:04,956.95,1018.45,80,1035.75,400,0,0
FINNIFTY02JAN2420350CE.NFO,02/01/2024,10:08:05,956.95,1016.9,160,1031.8,80,0,0
FINNIFTY02JAN2420350CE.NFO,02/01/2024,10:08:07,956.95,1016.85,80,1023.1,320,0,0
FINNIFTY02JAN2420350CE.NFO,02/01/2024,10:08:09,956.95,1013.6,80,1020.6,80,0,0
FINNIFTY02JAN2420350CE.NFO,02/01/2024,10:08:10,956.95,1016.65,120,1021.95,2160,0,0
FINNIFTY02JAN2420350CE.NFO,02/01/2024,10:08:12,956.95,1015.35,120,1020.15,120,0,0
FINNIFTY02JAN2420350CE.NFO,02/01/2024,10:08:14,956.95,1015.1,120,1019.6,200,0,0
FINNIFTY02JAN2420350CE.NFO,02/01/2024,10:08:15,956.95,1016.6,80,1024.1,560,0,0
FINNIFTY02JAN2420350CE.NFO,02/01/2024,10:08:17,956.95,1018.35,200,1023.95,40,0,0
FINNIFTY02JAN2420350CE.NFO,02/01/2024,10:08:19,956.95,1012.2,120,1022.3,200,0,0
FINNIFTY02JAN2420350CE.NFO,02/01/2024,10:08:20,956.95,1015.65,120,1020.1,80,0,0
FINNIFTY02JAN2420350CE.NFO,02/01/2024,10:08:22,956.95,1017.1,80,1021.6,120,0,0
FINNIFTY02JAN2420350CE.NFO,02/01/2024,10:08:24,956.95,1012,1200,1019.55,200,0,0
FINNIFTY02JAN2420350CE.NFO,02/01/2024,10:08:25,956.95,1012,560,1018.15,120,0,0
FINNIFTY02JAN2420350CE.NFO,02/01/2024,10:08:27,956.95,1013.65,120,1040.55,240,0,0
FINNIFTY02JAN2420350CE.NFO,02/01/2024,10:08:29,956.95,1012.7,400,1037.5,120,0,0
FINNIFTY02JAN2420350CE.NFO,02/01/2024,10:08:30,956.95,1013.55,120,1034.95,120,0,0
FINNIFTY02JAN2420350CE.NFO,02/01/2024,10:08:32,956.95,1013.8,200,1025.15,120,0,0
FINNIFTY02JAN2420350CE.NFO,02/01/2024,10:08:34,956.95,1014.2,120,1020.7,200,0,0
FINNIFTY02JAN2420350CE.NFO,02/01/2024,10:08:35,956.95,1014.15,520,1018.6,240,0,0
FINNIFTY02JAN2420350CE.NFO,02/01/2024,10:08:37,956.95,1011.95,200,1017.55,120,0,0
FINNIFTY02JAN2420350CE.NFO,02/01/2024,10:08:39,956.95,1009.5,320,1014.7,200,0,0
FINNIFTY02JAN2420350CE.NFO,02/01/2024,10:08:40,956.95,1007.6,1040,1014.5,80,0,0
FINNIFTY02JAN2420350CE.NFO,02/01/2024,10:08:42,956.95,1006.7,760,1012.55,200,0,0
FINNIFTY02JAN2420350CE.NFO,02/01/2024,10:08:44,956.95,1005.2,200,1020.5,200,0,0
FINNIFTY02JAN2420350CE.NFO,02/01/2024,10:08:45,956.95,1007.2,80,1018.75,80,0,0
FINNIFTY02JAN2420350CE.NFO,02/01/2024,10:08:47,956.95,1007.95,920,1016.2,200,0,0
FINNIFTY02JAN2420350CE.NFO,02/01/2024,10:08:49,956.95,1007.8,200,1013.65,160,0,0
FINNIFTY02JAN2420350CE.NFO,02/01/2024,10:08:50,956.95,1009.15,200,1014.6,120,0,0
FINNIFTY02JAN2420350CE.NFO,02/01/2024,10:08:52,956.95,1009.55,120,1017.3,80,0,0
FINNIFTY02JAN2420350CE.NFO,02/01/2024,10:08:54,956.95,1010.95,200,1016.1,680,0,0
FINNIFTY02JAN2420350CE.NFO,02/01/2024,10:08:55,956.95,1010.55,160,1015.75,120,0,0
FINNIFTY02JAN2420350CE.NFO,02/01/2024,10:08:57,956.95,1011.1,160,1020.5,200,0,0
FINNIFTY02JAN2420350CE.NFO,02/01/2024,10:08:59,956.95,1011.2,200,1018.35,120,0,0
FINNIFTY02JAN2420350CE.NFO,02/01/2024,10:09:00,956.95,1007.5,280,1016.55,120,0,0
FINNIFTY02JAN2420350CE.NFO,02/01/2024,10:09:02,956.95,1009.95,200,1016.25,1160,0,0
FINNIFTY02JAN2420350CE.NFO,02/01/2024,10:09:04,956.95,1011.7,400,1019.25,400,0,0
FINNIFTY02JAN2420350CE.NFO,02/01/2024,10:09:05,956.95,1013.95,80,1026.05,2720,0,0
FINNIFTY02JAN2420350CE.NFO,02/01/2024,10:09:07,956.95,1016.25,560,1027.4,200,0,0
FINNIFTY02JAN2420350CE.NFO,02/01/2024,10:09:09,956.95,1019.5,200,1026.35,200,0,0
FINNIFTY02JAN2420350CE.NFO,02/01/2024,10:09:10,956.95,1022.1,360,1044.2,200,0,0
FINNIFTY02JAN2420350CE.NFO,02/01/2024,10:09:12,956.95,1023.35,1120,1043,1120,0,0
FINNIFTY02JAN2420350CE.NFO,02/01/2024,10:09:14,956.95,1023.95,840,1039.85,400,0,0
FINNIFTY02JAN2420350CE.NFO,02/01/2024,10:09:15,956.95,1024.45,120,1037.75,240,0,0
FINNIFTY02JAN2420350CE.NFO,02/01/2024,10:09:17,956.95,1020.6,120,1035.6,400,0,0
FINNIFTY02JAN2420350CE.NFO,02/01/2024,10:09:18,956.95,1020.2,200,1033.05,80,0,0
FINNIFTY02JAN2420350CE.NFO,02/01/2024,10:09:20,956.95,1021.8,200,1027.45,120,0,0
FINNIFTY02JAN2420350CE.NFO,02/01/2024,10:09:22,956.95,1021.3,120,1059.7,1080,0,0
FINNIFTY02JAN2420350CE.NFO,02/01/2024,10:09:23,956.95,1022.4,120,1033.95,200,0,0
FINNIFTY02JAN2420350CE.NFO,02/01/2024,10:09:25,956.95,1022.6,120,1029.95,200,0,0
FINNIFTY02JAN2420350CE.NFO,02/01/2024,10:09:27,956.95,1023.35,80,1028.65,1000,0,0
FINNIFTY02JAN2420350CE.NFO,02/01/2024,10:09:28,956.95,1003.25,80,1027.55,640,0,0
FINNIFTY02JAN2420350CE.NFO,02/01/2024,10:09:30,956.95,1022.55,120,1028.2,120,0,0
FINNIFTY02JAN2420350CE.NFO,02/01/2024,10:09:32,956.95,1023.6,200,1032.95,120,0,0
FINNIFTY02JAN2420350CE.NFO,02/01/2024,10:09:33,956.95,1022,200,1028.4,120,0,0
FINNIFTY02JAN2420350CE.NFO,02/01/2024,10:09:35,956.95,1021.8,80,1025.95,120,0,0
FINNIFTY02JAN2420350CE.NFO,02/01/2024,10:09:37,956.95,1021.55,200,1025.8,120,0,0
FINNIFTY02JAN2420350CE.NFO,02/01/2024,10:09:38,956.95,1020.15,200,1028.25,200,0,0
FINNIFTY02JAN2420350CE.NFO,02/01/2024,10:09:40,956.95,1016.1,200,1025.4,440,0,0
FINNIFTY02JAN2420350CE.NFO,02/01/2024,10:09:42,956.95,1019.05,120,1023.35,240,0,0
FINNIFTY02JAN2420350CE.NFO,02/01/2024,10:09:43,956.95,1019.3,120,1023.35,120,0,0
FINNIFTY02JAN2420350CE.NFO,02/01/2024,10:09:45,956.95,1017.45,200,1022.45,160,0,0
FINNIFTY02JAN2420350CE.NFO,02/01/2024,10:09:47,956.95,1019,120,1030.25,1680,0,0
FINNIFTY02JAN2420350CE.NFO,02/01/2024,10:09:48,956.95,1019.85,80,1026.8,160,0,0
FINNIFTY02JAN2420350CE.NFO,02/01/2024,10:09:50,956.95,1017.6,80,1023.75,80,0,0
FINNIFTY02JAN2420350CE.NFO,02/01/2024,10:09:52,956.95,1020.65,80,1025.7,840,0,0
FINNIFTY02JAN2420350CE.NFO,02/01/2024,10:09:53,956.95,1021.95,160,1029.85,120,0,0
FINNIFTY02JAN2420350CE.NFO,02/01/2024,10:09:55,956.95,1019.85,200,1025.4,120,0,0
FINNIFTY02JAN2420350CE.NFO,02/01/2024,10:09:57,956.95,1019.8,400,1024.35,200,0,0
FINNIFTY02JAN2420350CE.NFO,02/01/2024,10:09:58,956.95,1015.15,120,1022.15,120,0,0
FINNIFTY02JAN2420350CE.NFO,02/01/2024,10:10:00,956.95,1015.2,120,1021.55,200,0,0
FINNIFTY02JAN2420350CE.NFO,02/01/2024,10:10:02,956.95,1016.9,200,1024.1,200,0,0
FINNIFTY02JAN2420350CE.NFO,02/01/2024,10:10:03,956.95,1017.6,120,1022.75,80,0,0
FINNIFTY02JAN2420350CE.NFO,02/01/2024,10:10:05,956.95,1018.95,320,1030.1,200,0,0
FINNIFTY02JAN2420350CE.NFO,02/01/2024,10:10:07,956.95,1019.6,200,1025.4,200,0,0
FINNIFTY02JAN2420350CE.NFO,02/01/2024,10:10:08,956.95,1015.85,120,1023.9,120,0,0
FINNIFTY02JAN2420350CE.NFO,02/01/2024,10:10:10,956.95,1018.4,160,1023.05,480,0,0
FINNIFTY02JAN2420350CE.NFO,02/01/2024,10:10:12,956.95,1019.1,120,1034.85,160,0,0
FINNIFTY02JAN2420350CE.NFO,02/01/2024,10:10:13,956.95,1019.1,200,1028.15,240,0,0
FINNIFTY02JAN2420350CE.NFO,02/01/2024,10:10:15,956.95,1020.4,200,1025,160,0,0
FINNIFTY02JAN2420350CE.NFO,02/01/2024,10:10:17,956.95,1014,200,1023.15,240,0,0
FINNIFTY02JAN2420350CE.NFO,02/01/2024,10:10:18,956.95,1013.05,200,1019.95,200,0,0
FINNIFTY02JAN2420350CE.NFO,02/01/2024,10:10:20,956.95,1014.05,120,1019.85,1280,0,0
FINNIFTY02JAN2420350CE.NFO,02/01/2024,10:10:22,956.95,1011.7,2280,1018.75,200,0,0
FINNIFTY02JAN2420350CE.NFO,02/01/2024,10:10:23,956.95,1012.8,160,1017.6,120,0,0
FINNIFTY02JAN2420350CE.NFO,02/01/2024,10:10:25,956.95,1010.65,120,1016.1,280,0,0
FINNIFTY02JAN2420350CE.NFO,02/01/2024,10:10:27,956.95,1012.05,160,1023.55,80,0,0
FINNIFTY02JAN2420350CE.NFO,02/01/2024,10:10:28,956.95,1014.1,200,1021.2,160,0,0
FINNIFTY02JAN2420350CE.NFO,02/01/2024,10:10:30,956.95,1013,240,1018.45,120,0,0
FINNIFTY02JAN2420350CE.NFO,02/01/2024,10:10:31,956.95,1015.55,80,1020.95,200,0,0
FINNIFTY02JAN2420350CE.NFO,02/01/2024,10:10:33,956.95,1017.1,200,1057.9,80,0,0
FINNIFTY02JAN2420350CE.NFO,02/01/2024,10:10:35,956.95,1015.85,200,1053.25,200,0,0
FINNIFTY02JAN2420350CE.NFO,02/01/2024,10:10:36,956.95,1015.95,80,1045.2,160,0,0
FINNIFTY02JAN2420350CE.NFO,02/01/2024,10:10:38,956.95,1012.15,120,1038.85,120,0,0
FINNIFTY02JAN2420350CE.NFO,02/01/2024,10:10:40,956.95,1014.5,120,1034.25,200,0,0
FINNIFTY02JAN2420350CE.NFO,02/01/2024,10:10:41,956.95,1015,200,1027.75,120,0,0
FINNIFTY02JAN2420350CE.NFO,02/01/2024,10:10:43,956.95,1013.65,120,1020.45,120,0,0
FINNIFTY02JAN2420350CE.NFO,02/01/2024,10:10:45,956.95,1012.45,120,1018,160,0,0
FINNIFTY02JAN2420350CE.NFO,02/01/2024,10:10:46,956.95,1012.3,120,1017,200,0,0
FINNIFTY02JAN2420350CE.NFO,02/01/2024,10:10:48,956.95,1013.65,80,1018.9,2880,0,0
FINNIFTY02JAN2420350CE.NFO,02/01/2024,10:10:50,956.95,1011.05,2320,1017.4,280,0,0
FINNIFTY02JAN2420350CE.NFO,02/01/2024,10:10:51,956.95,1011.8,320,1016.7,200,0,0
FINNIFTY02JAN2420350CE.NFO,02/01/2024,10:10:53,956.95,1012.75,80,1018.5,1680,0,0
FINNIFTY02JAN2420350CE.NFO,02/01/2024,10:10:55,956.95,1014.65,200,1022.9,200,0,0
FINNIFTY02JAN2420350CE.NFO,02/01/2024,10:10:57,956.95,1014.5,120,1019.65,400,0,0
FINNIFTY02JAN2420350CE.NFO,02/01/2024,10:10:58,956.95,1013.95,120,1018.4,120,0,0
FINNIFTY02JAN2420350CE.NFO,02/01/2024,10:11:00,956.95,1013.65,120,1019.1,120,0,0
FINNIFTY02JAN2420350CE.NFO,02/01/2024,10:11:02,956.95,1014.9,120,1019.3,400,0,0
FINNIFTY02JAN2420350CE.NFO,02/01/2024,10:11:03,956.95,1016.5,80,1020.65,160,0,0
FINNIFTY02JAN2420350CE.NFO,02/01/2024,10:11:05,956.95,1015.35,160,1020.45,200,0,0
FINNIFTY02JAN2420350CE.NFO,02/01/2024,10:11:07,956.95,1016.55,120,1022.05,680,0,0
FINNIFTY02JAN2420350CE.NFO,02/01/2024,10:11:08,956.95,1017.4,80,1059.65,560,0,0
FINNIFTY02JAN2420350CE.NFO,02/01/2024,10:11:10,956.95,1019.1,200,1057.75,200,0,0
FINNIFTY02JAN2420350CE.NFO,02/01/2024,10:11:12,956.95,1019.75,160,1052.75,200,0,0
FINNIFTY02JAN2420350CE.NFO,02/01/2024,10:11:13,956.95,1017.25,200,1048.45,120,0,0
FINNIFTY02JAN2420350CE.NFO,02/01/2024,10:11:15,956.95,1017.65,120,1039.55,200,0,0
FINNIFTY02JAN2420350CE.NFO,02/01/2024,10:11:16,956.95,1018.4,200,1033.95,80,0,0
FINNIFTY02JAN2420350CE.NFO,02/01/2024,10:11:18,956.95,1013.2,320,1026.95,80,0,0
FINNIFTY02JAN2420350CE.NFO,02/01/2024,10:11:20,956.95,1016.6,200,1023.2,80,0,0
FINNIFTY02JAN2420350CE.NFO,02/01/2024,10:11:21,956.95,1016.45,160,1020.6,200,0,0
FINNIFTY02JAN2420350CE.NFO,02/01/2024,10:11:23,956.95,1014.7,80,1020.2,80,0,0
FINNIFTY02JAN2420350CE.NFO,02/01/2024,10:11:25,956.95,1015.25,120,1020.6,120,0,0
FINNIFTY02JAN2420350CE.NFO,02/01/2024,10:11:26,956.95,1012.5,200,1018.6,160,0,0
FINNIFTY02JAN2420350CE.NFO,02/01/2024,10:11:28,956.95,1014.45,80,1018.45,200,0,0
FINNIFTY02JAN2420350CE.NFO,02/01/2024,10:11:31,956.95,1010.2,840,1018.55,80,0,0
FINNIFTY02JAN2420350CE.NFO,02/01/2024,10:11:33,956.95,1010.45,80,1015.25,240,0,0
FINNIFTY02JAN2420350CE.NFO,02/01/2024,10:11:35,956.95,1007.3,120,1013.65,200,0,0
FINNIFTY02JAN2420350CE.NFO,02/01/2024,10:11:36,956.95,1008.7,280,1014.65,1320,0,0
FINNIFTY02JAN2420350CE.NFO,02/01/2024,10:11:38,956.95,1006.35,120,1013.65,120,0,0
FINNIFTY02JAN2420350CE.NFO,02/01/2024,10:11:40,956.95,1008.1,480,1026.7,400,0,0
FINNIFTY02JAN2420350CE.NFO,02/01/2024,10:11:41,956.95,1010.8,80,1019.4,120,0,0
FINNIFTY02JAN2420350CE.NFO,02/01/2024,10:11:43,956.95,1009.3,160,1014.4,80,0,0
FINNIFTY02JAN2420350CE.NFO,02/01/2024,10:11:44,956.95,1008,80,1013.2,80,0,0
FINNIFTY02JAN2420350CE.NFO,02/01/2024,10:11:46,956.95,1007,120,1012.3,120,0,0
FINNIFTY02JAN2420350CE.NFO,02/01/2024,10:11:48,956.95,1008.1,80,1013.2,200,0,0
FINNIFTY02JAN2420350CE.NFO,02/01/2024,10:11:49,956.95,1007.25,120,1013.4,120,0,0
FINNIFTY02JAN2420350CE.NFO,02/01/2024,10:11:51,956.95,1009.55,120,1017.9,40,0,0
FINNIFTY02JAN2420350CE.NFO,02/01/2024,10:11:53,956.95,1011.75,320,1016.95,120,0,0
FINNIFTY02JAN2420350CE.NFO,02/01/2024,10:11:54,956.95,1012.2,200,1016.3,120,0,0
FINNIFTY02JAN2420350CE.NFO,02/01/2024,10:11:56,956.95,1010.65,160,1015.65,200,0,0
FINNIFTY02JAN2420350CE.NFO,02/01/2024,10:11:58,956.95,1008,200,1014.5,200,0,0
FINNIFTY02JAN2420350CE.NFO,02/01/2024,10:11:59,956.95,1010.25,200,1014.3,400,0,0
FINNIFTY02JAN2420350CE.NFO,02/01/2024,10:12:01,956.95,1010.65,200,1030.05,1520,0,0
FINNIFTY02JAN2420350CE.NFO,02/01/2024,10:12:03,956.95,1012.55,120,1021.05,120,0,0
FINNIFTY02JAN2420350CE.NFO,02/01/2024,10:12:04,956.95,1012.85,120,1018.05,200,0,0
FINNIFTY02JAN2420350CE.NFO,02/01/2024,10:12:06,956.95,1013.05,80,1017.15,320,0,0
FINNIFTY02JAN2420350CE.NFO,02/01/2024,10:12:08,956.95,1014.8,120,1023.9,200,0,0
FINNIFTY02JAN2420350CE.NFO,02/01/2024,10:12:09,956.95,1013.7,200,1019.4,120,0,0
FINNIFTY02JAN2420350CE.NFO,02/01/2024,10:12:11,956.95,1013.1,80,1017.2,200,0,0
FINNIFTY02JAN2420350CE.NFO,02/01/2024,10:12:13,956.95,1010.8,200,1016.75,200,0,0
FINNIFTY02JAN2420350CE.NFO,02/01/2024,10:12:14,956.95,1013.2,120,1017.35,200,0,0
FINNIFTY02JAN2420350CE.NFO,02/01/2024,10:12:16,956.95,1013.05,80,1017.5,200,0,0
FINNIFTY02JAN2420350CE.NFO,02/01/2024,10:12:18,956.95,1011.15,200,1018.9,200,0,0
FINNIFTY02JAN2420350CE.NFO,02/01/2024,10:12:19,956.95,1013.95,80,1017.9,120,0,0
FINNIFTY02JAN2420350CE.NFO,02/01/2024,10:12:21,956.95,1013.15,200,1022.5,200,0,0
FINNIFTY02JAN2420350CE.NFO,02/01/2024,10:12:22,956.95,1012.4,80,1017.3,120,0,0
FINNIFTY02JAN2420350CE.NFO,02/01/2024,10:12:24,956.95,1012.4,80,1016.3,200,0,0
FINNIFTY02JAN2420350CE.NFO,02/01/2024,10:12:26,956.95,1011.35,120,1016.2,120,0,0
FINNIFTY02JAN2420350CE.NFO,02/01/2024,10:12:27,956.95,1011.55,200,1016.1,440,0,0
FINNIFTY02JAN2420350CE.NFO,02/01/2024,10:12:29,956.95,1010.35,80,1015.2,240,0,0
FINNIFTY02JAN2420350CE.NFO,02/01/2024,10:12:30,956.95,1010.25,200,1021.2,1160,0,0
FINNIFTY02JAN2420350CE.NFO,02/01/2024,10:12:32,956.95,1008.15,120,1015.55,120,0,0
FINNIFTY02JAN2420350CE.NFO,02/01/2024,10:12:34,956.95,1009.65,80,1014,160,0,0
FINNIFTY02JAN2420350CE.NFO,02/01/2024,10:12:35,956.95,1009.75,200,1014.25,360,0,0
FINNIFTY02JAN2420350CE.NFO,02/01/2024,10:12:37,956.95,1010.05,200,1015.75,120,0,0
FINNIFTY02JAN2420350CE.NFO,02/01/2024,10:12:39,956.95,1007.55,120,1012.95,200,0,0
FINNIFTY02JAN2420350CE.NFO,02/01/2024,10:12:40,956.95,1003.25,120,1011.2,240,0,0
FINNIFTY02JAN2420350CE.NFO,02/01/2024,10:12:42,956.95,1002,240,1009.5,320,0,0
FINNIFTY02JAN2420350CE.NFO,02/01/2024,10:12:44,956.95,999.6,240,1007.75,600,0,0
FINNIFTY02JAN2420350CE.NFO,02/01/2024,10:12:45,956.95,997.15,160,1006.3,120,0,0
FINNIFTY02JAN2420350CE.NFO,02/01/2024,10:12:47,956.95,998.35,120,1020.05,200,0,0
FINNIFTY02JAN2420350CE.NFO,02/01/2024,10:12:49,956.95,999.25,240,1019.5,560,0,0
FINNIFTY02JAN2420350CE.NFO,02/01/2024,10:12:50,956.95,1000.15,840,1018.3,120,0,0
FINNIFTY02JAN2420350CE.NFO,02/01/2024,10:12:52,956.95,1002.25,160,1016.6,160,0,0
FINNIFTY02JAN2420350CE.NFO,02/01/2024,10:12:54,956.95,1003.95,200,1014.85,200,0,0
FINNIFTY02JAN2420350CE.NFO,02/01/2024,10:12:55,956.95,1002.8,200,1011.75,80,0,0
FINNIFTY02JAN2420350CE.NFO,02/01/2024,10:12:57,956.95,1003.75,120,1009.45,120,0,0
FINNIFTY02JAN2420350CE.NFO,02/01/2024,10:12:59,956.95,997.2,400,1009.55,400,0,0
FINNIFTY02JAN2420350CE.NFO,02/01/2024,10:13:00,956.95,999.5,80,1008.85,360,0,0
FINNIFTY02JAN2420350CE.NFO,02/01/2024,10:13:02,956.95,1002.3,160,1013.9,240,0,0
FINNIFTY02JAN2420350CE.NFO,02/01/2024,10:13:04,956.95,1005.3,80,1012.05,80,0,0
FINNIFTY02JAN2420350CE.NFO,02/01/2024,10:13:05,956.95,1005.4,200,1010.6,280,0,0
FINNIFTY02JAN2420350CE.NFO,02/01/2024,10:13:07,956.95,1006.35,240,1011.95,2000,0,0
FINNIFTY02JAN2420350CE.NFO,02/01/2024,10:13:09,956.95,1002.45,200,1010.25,200,0,0
FINNIFTY02JAN2420350CE.NFO,02/01/2024,10:13:10,956.95,1002.45,1040,1009.1,120,0,0
FINNIFTY02JAN2420350CE.NFO,02/01/2024,10:13:12,956.95,998.2,80,1007.05,80,0,0
FINNIFTY02JAN2420350CE.NFO,02/01/2024,10:13:14,956.95,1001.1,200,1005.85,240,0,0
FINNIFTY02JAN2420350CE.NFO,02/01/2024,10:13:15,956.95,1001.3,200,1024.35,80,0,0
FINNIFTY02JAN2420350CE.NFO,02/01/2024,10:13:17,956.95,996.85,200,1020.15,120,0,0
FINNIFTY02JAN2420350CE.NFO,02/01/2024,10:13:19,956.95,998.1,80,1018.35,200,0,0
FINNIFTY02JAN2420350CE.NFO,02/01/2024,10:13:20,956.95,998.65,80,1016,160,0,0
FINNIFTY02JAN2420350CE.NFO,02/01/2024,10:13:22,956.95,999.1,120,1012.95,40,0,0
FINNIFTY02JAN2420350CE.NFO,02/01/2024,10:13:24,956.95,997.65,760,1010.7,520,0,0
FINNIFTY02JAN2420350CE.NFO,02/01/2024,10:13:25,956.95,1000.25,160,1008.7,160,0,0
FINNIFTY02JAN2420350CE.NFO,02/01/2024,10:13:27,956.95,1001,80,1007.15,400,0,0
FINNIFTY02JAN2420350CE.NFO,02/01/2024,10:13:29,956.95,1002.1,240,1025.6,80,0,0
FINNIFTY02JAN2420350CE.NFO,02/01/2024,10:13:30,956.95,1002.8,200,1011.25,120,0,0
FINNIFTY02JAN2420350CE.NFO,02/01/2024,10:13:32,956.95,1002.6,120,1008.65,1280,0,0
FINNIFTY02JAN2420350CE.NFO,02/01/2024,10:13:34,956.95,1001.9,80,1007.1,200,0,0
FINNIFTY02JAN2420350CE.NFO,02/01/2024,10:13:35,956.95,1001.1,80,1005.5,200,0,0
FINNIFTY02JAN2420350CE.NFO,02/01/2024,10:13:37,956.95,1003,120,1012.5,200,0,0
FINNIFTY02JAN2420350CE.NFO,02/01/2024,10:13:39,956.95,1005,200,1010.15,200,0,0
FINNIFTY02JAN2420350CE.NFO,02/01/2024,10:13:40,956.95,1005.3,120,1010.2,160,0,0
FINNIFTY02JAN2420350CE.NFO,02/01/2024,10:13:42,956.95,1005.3,200,1010.15,200,0,0
FINNIFTY02JAN2420350CE.NFO,02/01/2024,10:13:44,956.95,1004.6,120,1009.35,200,0,0
FINNIFTY02JAN2420350CE.NFO,02/01/2024,10:13:45,956.95,1003.25,480,1010.35,240,0,0
FINNIFTY02JAN2420350CE.NFO,02/01/2024,10:13:47,956.95,1002.8,160,1008.25,200,0,0
FINNIFTY02JAN2420350CE.NFO,02/01/2024,10:13:49,956.95,1003.7,120,1010.95,80,0,0
FINNIFTY02JAN2420350CE.NFO,02/01/2024,10:13:50,956.95,1005.25,80,1009.75,240,0,0
FINNIFTY02JAN2420350CE.NFO,02/01/2024,10:13:52,956.95,1005.2,120,1009.15,200,0,0
FINNIFTY02JAN2420350CE.NFO,02/01/2024,10:13:54,956.95,1003.9,120,1008.6,200,0,0
FINNIFTY02JAN2420350CE.NFO,02/01/2024,10:13:55,956.95,1003.2,120,1008.6,480,0,0
FINNIFTY02JAN2420350CE.NFO,02/01/2024,10:13:57,956.95,1004.75,720,1009.95,560,0,0
FINNIFTY02JAN2420350CE.NFO,02/01/2024,10:13:59,956.95,1004.15,120,1009,80,0,0
FINNIFTY02JAN2420350CE.NFO,02/01/2024,10:14:00,956.95,1005.15,120,1011.65,200,0,0
FINNIFTY02JAN2420350CE.NFO,02/01/2024,10:14:02,956.95,1007.1,160,1016.2,120,0,0
FINNIFTY02JAN2420350CE.NFO,02/01/2024,10:14:04,956.95,1009.85,80,1015.6,80,0,0
FINNIFTY02JAN2420350CE.NFO,02/01/2024,10:14:05,956.95,1008,120,1013.85,120,0,0
FINNIFTY02JAN2420350CE.NFO,02/01/2024,10:14:07,956.95,1010,120,1017.05,120,0,0
FINNIFTY02JAN2420350CE.NFO,02/01/2024,10:14:09,956.95,1010.7,80,1015.9,200,0,0
FINNIFTY02JAN2420350CE.NFO,02/01/2024,10:14:10,956.95,1011.2,120,1015.8,120,0,0
FINNIFTY02JAN2420350CE.NFO,02/01/2024,10:14:12,956.95,1001.05,120,1014.25,240,0,0
FINNIFTY02JAN2420350CE.NFO,02/01/2024,10:14:14,956.95,1006.1,120,1015.6,520,0,0
FINNIFTY02JAN2420350CE.NFO,02/01/2024,10:14:15,956.95,1008.75,200,1014.75,120,0,0
FINNIFTY02JAN2420350CE.NFO,02/01/2024,10:14:17,956.95,1010.15,200,1014.35,160,0,0
FINNIFTY02JAN2420350CE.NFO,02/01/2024,10:14:19,956.95,1000.55,120,1014.45,280,0,0
FINNIFTY02JAN2420350CE.NFO,02/01/2024,10:14:20,956.95,1005.4,160,1014.7,160,0,0
FINNIFTY02JAN2420350CE.NFO,02/01/2024,10:14:22,956.95,1009,80,1013.25,120,0,0
FINNIFTY02JAN2420350CE.NFO,02/01/2024,10:14:24,956.95,1009,80,1012.9,200,0,0
FINNIFTY02JAN2420350CE.NFO,02/01/2024,10:14:25,956.95,1008.35,80,1013.25,480,0,0
FINNIFTY02JAN2420350CE.NFO,02/01/2024,10:14:27,956.95,1010.05,200,1017.7,200,0,0
FINNIFTY02JAN2420350CE.NFO,02/01/2024,10:14:28,956.95,1010.55,200,1014.9,160,0,0
FINNIFTY02JAN2420350CE.NFO,02/01/2024,10:14:30,956.95,1011.25,80,1017.55,200,0,0
FINNIFTY02JAN2420350CE.NFO,02/01/2024,10:14:32,956.95,1012.25,80,1016.3,200,0,0
FINNIFTY02JAN2420350CE.NFO,02/01/2024,10:14:33,956.95,1010.9,200,1016.15,440,0,0
FINNIFTY02JAN2420350CE.NFO,02/01/2024,10:14:35,956.95,1012.75,80,1019.45,160,0,0
FINNIFTY02JAN2420350CE.NFO,02/01/2024,10:14:37,956.95,1014.15,200,1020.05,680,0,0
FINNIFTY02JAN2420350CE.NFO,02/01/2024,10:14:38,956.95,1007.15,120,1019.15,120,0,0
FINNIFTY02JAN2420350CE.NFO,02/01/2024,10:14:40,956.95,1011.1,160,1018.55,160,0,0
FINNIFTY02JAN2420350CE.NFO,02/01/2024,10:14:42,956.95,1013,240,1017.3,120,0,0
FINNIFTY02JAN2420350CE.NFO,02/01/2024,10:14:43,956.95,1011.35,120,1016.25,200,0,0
FINNIFTY02JAN2420350CE.NFO,02/01/2024,10:14:45,956.95,1007.9,120,1015.1,240,0,0
FINNIFTY02JAN2420350CE.NFO,02/01/2024,10:14:47,956.95,1011.5,120,1016.1,520,0,0
FINNIFTY02JAN2420350CE.NFO,02/01/2024,10:14:48,956.95,1010.15,80,1015.7,200,0,0
FINNIFTY02JAN2420350CE.NFO,02/01/2024,10:14:50,956.95,1007.35,120,1013.8,360,0,0
FINNIFTY02JAN2420350CE.NFO,02/01/2024,10:14:51,956.95,1010.9,120,1015.45,120,0,0
FINNIFTY02JAN2420350CE.NFO,02/01/2024,10:14:53,956.95,1009.75,1560,1014.5,120,0,0
FINNIFTY02JAN2420350CE.NFO,02/01/2024,10:14:55,956.95,1009.75,200,1014.05,200,0,0
FINNIFTY02JAN2420350CE.NFO,02/01/2024,10:14:56,956.95,1009.1,120,1013.35,440,0,0
FINNIFTY02JAN2420350CE.NFO,02/01/2024,10:14:58,956.95,1008.2,2120,1013.1,200,0,0
FINNIFTY02JAN2420350CE.NFO,02/01/2024,10:15:00,956.95,1008.8,200,1016.75,1080,0,0
FINNIFTY02JAN2420350CE.NFO,02/01/2024,10:15:01,956.95,1011.2,120,1017.1,80,0,0
FINNIFTY02JAN2420350CE.NFO,02/01/2024,10:15:03,956.95,1009.9,120,1015.8,440,0,0
FINNIFTY02JAN2420350CE.NFO,02/01/2024,10:15:05,956.95,1010.4,80,1018,200,0,0
FINNIFTY02JAN2420350CE.NFO,02/01/2024,10:15:06,956.95,1008.05,200,1014.5,400,0,0
FINNIFTY02JAN2420350CE.NFO,02/01/2024,10:15:08,956.95,1008.1,120,1012.7,160,0,0
FINNIFTY02JAN2420350CE.NFO,02/01/2024,10:15:10,956.95,1009.55,120,1014.3,80,0,0
FINNIFTY02JAN2420350CE.NFO,02/01/2024,10:15:11,956.95,1008.3,200,1012.4,200,0,0
FINNIFTY02JAN2420350CE.NFO,02/01/2024,10:15:13,956.95,1008.3,240,1012.9,200,0,0
FINNIFTY02JAN2420350CE.NFO,02/01/2024,10:15:15,956.95,1009,80,1014.2,720,0,0
FINNIFTY02JAN2420350CE.NFO,02/01/2024,10:15:16,956.95,1009.85,80,1018,720,0,0
FINNIFTY02JAN2420350CE.NFO,02/01/2024,10:15:18,956.95,1009.95,1760,1015.05,120,0,0
FINNIFTY02JAN2420350CE.NFO,02/01/2024,10:15:20,956.95,1010.45,120,1014.9,440,0,0
FINNIFTY02JAN2420350CE.NFO,02/01/2024,10:15:21,956.95,1011.25,200,1015.65,200,0,0
FINNIFTY02JAN2420350CE.NFO,02/01/2024,10:15:23,956.95,1010,80,1013.6,240,0,0
FINNIFTY02JAN2420350CE.NFO,02/01/2024,10:15:25,956.95,1009.55,120,1014.35,200,0,0
FINNIFTY02JAN2420350CE.NFO,02/01/2024,10:15:26,956.95,1009.4,200,1013.4,120,0,0
FINNIFTY02JAN2420350CE.NFO,02/01/2024,10:15:28,956.95,1007.25,200,1012.65,80,0,0
FINNIFTY02JAN2420350CE.NFO,02/01/2024,10:15:30,956.95,1008.3,320,1012.8,120,0,0
FINNIFTY02JAN2420350CE.NFO,02/01/2024,10:15:31,956.95,1007.35,80,1012,200,0,0
FINNIFTY02JAN2420350CE.NFO,02/01/2024,10:15:33,956.95,1007.35,120,1011.5,200,0,0
FINNIFTY02JAN2420350CE.NFO,02/01/2024,10:15:35,956.95,1007.55,120,1011.35,200,0,0
FINNIFTY02JAN2420350CE.NFO,02/01/2024,10:15:36,956.95,1007.6,120,1011.8,520,0,0
FINNIFTY02JAN2420350CE.NFO,02/01/2024,10:15:38,956.95,1007.95,200,1011.95,200,0,0
FINNIFTY02JAN2420350CE.NFO,02/01/2024,10:15:40,956.95,1008.55,360,1013.45,440,0,0
FINNIFTY02JAN2420350CE.NFO,02/01/2024,10:15:41,956.95,1008.8,120,1012.55,200,0,0
FINNIFTY02JAN2420350CE.NFO,02/01/2024,10:15:43,956.95,1009.05,120,1013.2,440,0,0
FINNIFTY02JAN2420350CE.NFO,02/01/2024,10:15:45,956.95,1009.85,200,1015.4,200,0,0
FINNIFTY02JAN2420350CE.NFO,02/01/2024,10:15:46,956.95,1010.4,120,1015.5,1600,0,0
FINNIFTY02JAN2420350CE.NFO,02/01/2024,10:15:48,956.95,1011.8,80,1017.2,80,0,0
FINNIFTY02JAN2420350CE.NFO,02/01/2024,10:15:50,956.95,1012.2,200,1022.65,120,0,0
FINNIFTY02JAN2420350CE.NFO,02/01/2024,10:15:51,956.95,1012.35,520,1017.25,200,0,0
FINNIFTY02JAN2420350CE.NFO,02/01/2024,10:15:53,956.95,1010.75,200,1015.15,200,0,0
FINNIFTY02JAN2420350CE.NFO,02/01/2024,10:15:55,956.95,1007.45,1960,1014.1,200,0,0
FINNIFTY02JAN2420350CE.NFO,02/01/2024,10:15:56,956.95,1009.75,80,1014.35,920,0,0
FINNIFTY02JAN2420350CE.NFO,02/01/2024,10:15:58,956.95,1009.75,720,1013.95,200,0,0
FINNIFTY02JAN2420350CE.NFO,02/01/2024,10:16:00,956.95,1010.25,200,1014.95,200,0,0
FINNIFTY02JAN2420350CE.NFO,02/01/2024,10:16:01,956.95,1009.85,200,1015.35,1120,0,0
FINNIFTY02JAN2420350CE.NFO,02/01/2024,10:16:03,956.95,1009.05,120,1013.65,200,0,0
FINNIFTY02JAN2420350CE.NFO,02/01/2024,10:16:05,956.95,1009.7,80,1014.3,400,0,0
FINNIFTY02JAN2420350CE.NFO,02/01/2024,10:16:06,956.95,1010.45,120,1017.6,2800,0,0
FINNIFTY02JAN2420350CE.NFO,02/01/2024,10:16:08,956.95,1011.45,120,1015.8,200,0,0
FINNIFTY02JAN2420350CE.NFO,02/01/2024,10:16:10,956.95,1011.95,160,1017.45,400,0,0
FINNIFTY02JAN2420350CE.NFO,02/01/2024,10:16:11,956.95,1012.6,80,1016.55,80,0,0
FINNIFTY02JAN2420350CE.NFO,02/01/2024,10:16:13,956.95,1010.65,200,1014.95,240,0,0
FINNIFTY02JAN2420350CE.NFO,02/01/2024,10:16:14,956.95,1011.25,200,1015.3,200,0,0
FINNIFTY02JAN2420350CE.NFO,02/01/2024,10:16:18,956.95,1010.6,160,1015.55,200,0,0
FINNIFTY02JAN2420350CE.NFO,02/01/2024,10:16:19,956.95,1010.5,80,1014.6,120,0,0
FINNIFTY02JAN2420350CE.NFO,02/01/2024,10:16:21,956.95,1010.4,80,1014.4,200,0,0
FINNIFTY02JAN2420350CE.NFO,02/01/2024,10:16:23,956.95,1012.25,120,1018.7,200,0,0
FINNIFTY02JAN2420350CE.NFO,02/01/2024,10:16:24,956.95,1011.6,120,1016.25,120,0,0
FINNIFTY02JAN2420350CE.NFO,02/01/2024,10:16:26,956.95,1011.55,200,1015.7,240,0,0
FINNIFTY02JAN2420350CE.NFO,02/01/2024,10:16:28,956.95,1011.5,120,1015.35,120,0,0
FINNIFTY02JAN2420350CE.NFO,02/01/2024,10:16:29,956.95,1011.6,120,1015.45,200,0,0
FINNIFTY02JAN2420350CE.NFO,02/01/2024,10:16:31,956.95,1011.8,120,1015.85,120,0,0
FINNIFTY02JAN2420350CE.NFO,02/01/2024,10:16:33,956.95,1011.3,240,1016.5,240,0,0
FINNIFTY02JAN2420350CE.NFO,02/01/2024,10:16:34,956.95,1010.3,200,1015.1,400,0,0
FINNIFTY02JAN2420350CE.NFO,02/01/2024,10:16:36,956.95,1011.05,200,1016.7,1560,0,0
FINNIFTY02JAN2420350CE.NFO,02/01/2024,10:16:37,956.95,1011.3,120,1015.4,80,0,0
FINNIFTY02JAN2420350CE.NFO,02/01/2024,10:16:39,956.95,1010.35,200,1014.45,120,0,0
FINNIFTY02JAN2420350CE.NFO,02/01/2024,10:16:41,956.95,1010.55,200,1015.1,80,0,0
FINNIFTY02JAN2420350CE.NFO,02/01/2024,10:16:42,956.95,1010.4,200,1014.7,80,0,0
FINNIFTY02JAN2420350CE.NFO,02/01/2024,10:16:44,956.95,1010.5,360,1014.55,480,0,0
FINNIFTY02JAN2420350CE.NFO,02/01/2024,10:16:46,956.95,1007.85,120,1012.35,80,0,0
FINNIFTY02JAN2420350CE.NFO,02/01/2024,10:16:47,956.95,1006.9,80,1011.05,120,0,0
FINNIFTY02JAN2420350CE.NFO,02/01/2024,10:16:49,956.95,1005.65,1160,1010.05,200,0,0
FINNIFTY02JAN2420350CE.NFO,02/01/2024,10:16:51,956.95,1003.55,80,1008.45,200,0,0
FINNIFTY02JAN2420350CE.NFO,02/01/2024,10:16:52,956.95,1002.75,160,1006.95,200,0,0
FINNIFTY02JAN2420350CE.NFO,02/01/2024,10:16:54,956.95,1003.15,120,1007.8,200,0,0
FINNIFTY02JAN2420350CE.NFO,02/01/2024,10:16:56,956.95,1002.35,160,1007.25,320,0,0
FINNIFTY02JAN2420350CE.NFO,02/01/2024,10:16:57,956.95,1001.6,80,1006.15,160,0,0
FINNIFTY02JAN2420350CE.NFO,02/01/2024,10:16:59,956.95,1001.95,80,1007.1,1320,0,0
FINNIFTY02JAN2420350CE.NFO,02/01/2024,10:17:01,956.95,1001.15,120,1025.65,2640,0,0
FINNIFTY02JAN2420350CE.NFO,02/01/2024,10:17:02,956.95,1001.35,200,1007.85,80,0,0
FINNIFTY02JAN2420350CE.NFO,02/01/2024,10:17:04,956.95,1000.45,1480,1005.65,200,0,0
FINNIFTY02JAN2420350CE.NFO,02/01/2024,10:17:06,956.95,995.5,80,1003.65,80,0,0
FINNIFTY02JAN2420350CE.NFO,02/01/2024,10:17:07,956.95,995.4,200,1002,120,0,0
FINNIFTY02JAN2420350CE.NFO,02/01/2024,10:17:09,956.95,997,120,1004.15,120,0,0
FINNIFTY02JAN2420350CE.NFO,02/01/2024,10:17:11,956.95,999,120,1003.55,200,0,0
FINNIFTY02JAN2420350CE.NFO,02/01/2024,10:17:12,956.95,999.2,160,1004.35,160,0,0
FINNIFTY02JAN2420350CE.NFO,02/01/2024,10:17:14,956.95,998.3,120,1002.95,80,0,0
FINNIFTY02JAN2420350CE.NFO,02/01/2024,10:17:16,956.95,995.85,80,1001.15,200,0,0
FINNIFTY02JAN2420350CE.NFO,02/01/2024,10:17:17,956.95,995.65,240,1023.1,200,0,0
FINNIFTY02JAN2420350CE.NFO,02/01/2024,10:17:19,956.95,996.45,120,1002.1,80,0,0
FINNIFTY02JAN2420350CE.NFO,02/01/2024,10:17:21,956.95,995.6,80,1000.15,200,0,0
FINNIFTY02JAN2420350CE.NFO,02/01/2024,10:17:22,956.95,994.15,120,1002,200,0,0
FINNIFTY02JAN2420350CE.NFO,02/01/2024,10:17:24,956.95,988.8,840,1001.4,160,0,0
FINNIFTY02JAN2420350CE.NFO,02/01/2024,10:17:26,956.95,990.2,80,999.35,80,0,0
FINNIFTY02JAN2420350CE.NFO,02/01/2024,10:17:27,956.95,988.95,200,997.65,200,0,0
FINNIFTY02JAN2420350CE.NFO,02/01/2024,10:17:29,956.95,990.65,240,999.95,40,0,0
FINNIFTY02JAN2420350CE.NFO,02/01/2024,10:17:31,956.95,992.75,200,999.3,120,0,0
FINNIFTY02JAN2420350CE.NFO,02/01/2024,10:17:32,956.95,995.1,120,1001.1,200,0,0
FINNIFTY02JAN2420350CE.NFO,02/01/2024,10:17:34,956.95,995.8,120,1000.55,120,0,0
FINNIFTY02JAN2420350CE.NFO,02/01/2024,10:17:35,956.95,995.95,120,1013.6,200,0,0
FINNIFTY02JAN2420350CE.NFO,02/01/2024,10:17:37,956.95,997.15,120,1009.15,200,0,0
FINNIFTY02JAN2420350CE.NFO,02/01/2024,10:17:39,956.95,995.7,120,1004.4,120,0,0
FINNIFTY02JAN2420350CE.NFO,02/01/2024,10:17:41,956.95,996.3,200,1001.85,320,0,0
FINNIFTY02JAN2420350CE.NFO,02/01/2024,10:17:42,956.95,997.4,200,1013.5,200,0,0
FINNIFTY02JAN2420350CE.NFO,02/01/2024,10:17:44,956.95,997,120,1009.8,80,0,0
FINNIFTY02JAN2420350CE.NFO,02/01/2024,10:17:46,956.95,998.25,160,1003.85,200,0,0
FINNIFTY02JAN2420350CE.NFO,02/01/2024,10:17:47,956.95,1000.2,200,1005.25,80,0,0
FINNIFTY02JAN2420350CE.NFO,02/01/2024,10:17:49,956.95,998.55,160,1003.95,200,0,0
FINNIFTY02JAN2420350CE.NFO,02/01/2024,10:17:51,956.95,990.25,120,1002.65,560,0,0
FINNIFTY02JAN2420350CE.NFO,02/01/2024,10:17:52,956.95,997.45,160,1004.55,760,0,0
FINNIFTY02JAN2420350CE.NFO,02/01/2024,10:17:54,956.95,998.9,120,1003.1,200,0,0
FINNIFTY02JAN2420350CE.NFO,02/01/2024,10:17:56,956.95,998.45,120,1002.35,200,0,0
FINNIFTY02JAN2420350CE.NFO,02/01/2024,10:17:57,956.95,998.05,80,1002.4,120,0,0
FINNIFTY02JAN2420350CE.NFO,02/01/2024,10:17:59,956.95,999.45,80,1007.2,80,0,0
FINNIFTY02JAN2420350CE.NFO,02/01/2024,10:18:01,956.95,1001.2,80,1005.9,1040,0,0
FINNIFTY02JAN2420350CE.NFO,02/01/2024,10:18:02,956.95,999.15,200,1006.7,200,0,0
FINNIFTY02JAN2420350CE.NFO,02/01/2024,10:18:04,956.95,999.35,200,1004.4,200,0,0
FINNIFTY02JAN2420350CE.NFO,02/01/2024,10:18:06,956.95,999.6,120,1004,640,0,0
FINNIFTY02JAN2420350CE.NFO,02/01/2024,10:18:07,956.95,1000.7,80,1006.95,200,0,0
FINNIFTY02JAN2420350CE.NFO,02/01/2024,10:18:09,956.95,1000.85,160,1004.95,120,0,0
FINNIFTY02JAN2420350CE.NFO,02/01/2024,10:18:11,956.95,1001,80,1005.9,200,0,0
FINNIFTY02JAN2420350CE.NFO,02/01/2024,10:18:12,956.95,1001.8,120,1010.2,2680,0,0
FINNIFTY02JAN2420350CE.NFO,02/01/2024,10:18:14,956.95,1001.3,120,1006.45,200,0,0
FINNIFTY02JAN2420350CE.NFO,02/01/2024,10:18:16,956.95,1000.25,120,1005.3,1960,0,0
FINNIFTY02JAN2420350CE.NFO,02/01/2024,10:18:17,956.95,999.15,200,1003.4,120,0,0
FINNIFTY02JAN2420350CE.NFO,02/01/2024,10:18:19,956.95,997.95,200,1002.65,360,0,0
FINNIFTY02JAN2420350CE.NFO,02/01/2024,10:18:21,956.95,998.05,1320,1002.7,240,0,0
FINNIFTY02JAN2420350CE.NFO,02/01/2024,10:18:22,956.95,997.85,160,1002.15,240,0,0
FINNIFTY02JAN2420350CE.NFO,02/01/2024,10:18:24,956.95,997.4,200,1001.95,160,0,0
FINNIFTY02JAN2420350CE.NFO,02/01/2024,10:18:26,956.95,996.9,200,1001.6,880,0,0
FINNIFTY02JAN2420350CE.NFO,02/01/2024,10:18:27,956.95,996.4,200,1000.8,120,0,0
FINNIFTY02JAN2420350CE.NFO,02/01/2024,10:18:29,956.95,996.7,240,1000.8,120,0,0
FINNIFTY02JAN2420350CE.NFO,02/01/2024,10:18:30,956.95,996.35,80,1000.4,120,0,0
FINNIFTY02JAN2420350CE.NFO,02/01/2024,10:18:32,956.95,992.7,200,999.05,200,0,0
FINNIFTY02JAN2420350CE.NFO,02/01/2024,10:18:33,956.95,994.7,200,999.4,160,0,0
FINNIFTY02JAN2420350CE.NFO,02/01/2024,10:18:35,956.95,996.55,80,1001.3,160,0,0
FINNIFTY02JAN2420350CE.NFO,02/01/2024,10:18:37,956.95,994.05,3520,1001.4,200,0,0
FINNIFTY02JAN2420350CE.NFO,02/01/2024,10:18:38,956.95,995.25,120,999.35,120,0,0
FINNIFTY02JAN2420350CE.NFO,02/01/2024,10:18:40,956.95,996.5,120,1000.5,120,0,0
FINNIFTY02JAN2420350CE.NFO,02/01/2024,10:18:42,956.95,997.45,80,1001.35,520,0,0
FINNIFTY02JAN2420350CE.NFO,02/01/2024,10:18:43,956.95,996.6,240,1000.7,120,0,0
FINNIFTY02JAN2420350CE.NFO,02/01/2024,10:18:45,956.95,996,160,1000.35,200,0,0
FINNIFTY02JAN2420350CE.NFO,02/01/2024,10:18:47,956.95,996.6,80,1000.6,80,0,0
FINNIFTY02JAN2420350CE.NFO,02/01/2024,10:18:48,956.95,997.7,120,1002.8,3080,0,0
FINNIFTY02JAN2420350CE.NFO,02/01/2024,10:18:50,956.95,998.85,200,1011.4,80,0,0
FINNIFTY02JAN2420350CE.NFO,02/01/2024,10:18:52,956.95,999.7,120,1005.8,200,0,0
FINNIFTY02JAN2420350CE.NFO,02/01/2024,10:18:53,956.95,999.3,200,1003.55,80,0,0
FINNIFTY02JAN2420350CE.NFO,02/01/2024,10:18:55,956.95,998.2,120,1003.5,120,0,0
FINNIFTY02JAN2420350CE.NFO,02/01/2024,10:18:57,956.95,998.9,200,1003.2,720,0,0
FINNIFTY02JAN2420350CE.NFO,02/01/2024,10:18:58,956.95,998.8,120,1003.1,160,0,0
FINNIFTY02JAN2420350CE.NFO,02/01/2024,10:19:00,956.95,998.65,160,1003,360,0,0
FINNIFTY02JAN2420350CE.NFO,02/01/2024,10:19:02,956.95,996.85,160,1000.95,240,0,0
FINNIFTY02JAN2420350CE.NFO,02/01/2024,10:19:03,956.95,997.8,120,1003.15,240,0,0
FINNIFTY02JAN2420350CE.NFO,02/01/2024,10:19:05,956.95,997.9,320,1001.9,80,0,0
FINNIFTY02JAN2420350CE.NFO,02/01/2024,10:19:07,956.95,997.85,120,1002.9,880,0,0
FINNIFTY02JAN2420350CE.NFO,02/01/2024,10:19:08,956.95,997.45,120,1001.6,120,0,0
FINNIFTY02JAN2420350CE.NFO,02/01/2024,10:19:10,956.95,990.35,2760,1000.2,160,0,0
FINNIFTY02JAN2420350CE.NFO,02/01/2024,10:19:12,956.95,995.8,80,1000.15,80,0,0
FINNIFTY02JAN2420350CE.NFO,02/01/2024,10:19:13,956.95,991.8,160,999.3,120,0,0
FINNIFTY02JAN2420350CE.NFO,02/01/2024,10:19:15,956.95,991.9,560,998.35,160,0,0
FINNIFTY02JAN2420350CE.NFO,02/01/2024,10:19:17,956.95,992.5,120,998.25,1040,0,0
FINNIFTY02JAN2420350CE.NFO,02/01/2024,10:19:18,956.95,993.35,120,998.9,360,0,0
FINNIFTY02JAN2420350CE.NFO,02/01/2024,10:19:20,956.95,992.35,120,997.75,200,0,0
FINNIFTY02JAN2420350CE.NFO,02/01/2024,10:19:22,956.95,993.95,160,1013.4,160,0,0
FINNIFTY02JAN2420350CE.NFO,02/01/2024,10:19:23,956.95,994.05,680,999.25,120,0,0
FINNIFTY02JAN2420350CE.NFO,02/01/2024,10:19:25,956.95,993,120,998.25,240,0,0
FINNIFTY02JAN2420350CE.NFO,02/01/2024,10:19:27,956.95,994.45,280,998.65,760,0,0
FINNIFTY02JAN2420350CE.NFO,02/01/2024,10:19:28,956.95,994.3,120,998.6,120,0,0
FINNIFTY02JAN2420350CE.NFO,02/01/2024,10:19:30,956.95,995.1,120,1001.55,120,0,0
FINNIFTY02JAN2420350CE.NFO,02/01/2024,10:19:31,956.95,996.45,120,1000.8,120,0,0
FINNIFTY02JAN2420350CE.NFO,02/01/2024,10:19:33,956.95,997.35,120,1010.3,120,0,0
FINNIFTY02JAN2420350CE.NFO,02/01/2024,10:19:35,956.95,995.75,200,1001.4,160,0,0
FINNIFTY02JAN2420350CE.NFO,02/01/2024,10:19:36,956.95,996.05,80,1000.5,160,0,0
FINNIFTY02JAN2420350CE.NFO,02/01/2024,10:19:38,956.95,997.35,80,1002.4,240,0,0
FINNIFTY02JAN2420350CE.NFO,02/01/2024,10:19:40,956.95,998.35,80,1002.5,440,0,0
FINNIFTY02JAN2420350CE.NFO,02/01/2024,10:19:41,956.95,998.75,200,1003.6,200,0,0
FINNIFTY02JAN2420350CE.NFO,02/01/2024,10:19:43,956.95,999.15,80,1004.35,3560,0,0
FINNIFTY02JAN2420350CE.NFO,02/01/2024,10:19:45,956.95,998.55,240,1004.25,200,0,0
FINNIFTY02JAN2420350CE.NFO,02/01/2024,10:19:46,956.95,990.55,200,1003.05,120,0,0
FINNIFTY02JAN2420350CE.NFO,02/01/2024,10:19:48,956.95,997.6,160,1002.9,360,0,0
FINNIFTY02JAN2420350CE.NFO,02/01/2024,10:19:50,956.95,998.35,200,1002.8,200,0,0
FINNIFTY02JAN2420350CE.NFO,02/01/2024,10:19:51,956.95,998.4,200,1002.85,560,0,0
FINNIFTY02JAN2420350CE.NFO,02/01/2024,10:19:53,956.95,998.75,80,1003,200,0,0
FINNIFTY02JAN2420350CE.NFO,02/01/2024,10:19:55,956.95,999.7,120,1013.1,200,0,0
FINNIFTY02JAN2420350CE.NFO,02/01/2024,10:19:56,956.95,1000.9,120,1007.05,240,0,0
FINNIFTY02JAN2420350CE.NFO,02/01/2024,10:19:58,956.95,1001.2,120,1006,120,0,0
FINNIFTY02JAN2420350CE.NFO,02/01/2024,10:20:00,956.95,1000.5,80,1005.2,200,0,0
FINNIFTY02JAN2420350CE.NFO,02/01/2024,10:20:01,956.95,1000.45,120,1004.9,240,0,0
FINNIFTY02JAN2420350CE.NFO,02/01/2024,10:20:03,956.95,1001.9,120,1006.4,360,0,0
FINNIFTY02JAN2420350CE.NFO,02/01/2024,10:20:05,956.95,999.8,640,1008.15,120,0,0
FINNIFTY02JAN2420350CE.NFO,02/01/2024,10:20:06,956.95,1001,80,1005.1,120,0,0
FINNIFTY02JAN2420350CE.NFO,02/01/2024,10:20:08,956.95,990.85,200,1004.25,200,0,0
FINNIFTY02JAN2420350CE.NFO,02/01/2024,10:20:10,956.95,999.4,80,1003.5,200,0,0
FINNIFTY02JAN2420350CE.NFO,02/01/2024,10:20:11,956.95,999.4,200,1004.05,560,0,0
FINNIFTY02JAN2420350CE.NFO,02/01/2024,10:20:13,956.95,998.1,120,1002.9,240,0,0
FINNIFTY02JAN2420350CE.NFO,02/01/2024,10:20:14,956.95,999.5,120,1004.4,120,0,0
FINNIFTY02JAN2420350CE.NFO,02/01/2024,10:20:16,956.95,1000.55,200,1004.85,1720,0,0
FINNIFTY02JAN2420350CE.NFO,02/01/2024,10:20:18,956.95,998.75,120,1003.5,120,0,0
FINNIFTY02JAN2420350CE.NFO,02/01/2024,10:20:19,956.95,999.35,120,1003.55,240,0,0
FINNIFTY02JAN2420350CE.NFO,02/01/2024,10:20:21,956.95,998.45,200,1002.9,120,0,0
FINNIFTY02JAN2420350CE.NFO,02/01/2024,10:20:23,956.95,996.8,200,1001.95,160,0,0
FINNIFTY02JAN2420350CE.NFO,02/01/2024,10:20:24,956.95,995.9,200,1001.2,80,0,0
FINNIFTY02JAN2420350CE.NFO,02/01/2024,10:20:26,956.95,998.35,120,1003.45,320,0,0
FINNIFTY02JAN2420350CE.NFO,02/01/2024,10:20:28,956.95,999.2,200,1004.7,200,0,0
FINNIFTY02JAN2420350CE.NFO,02/01/2024,10:20:29,956.95,999.9,120,1003.95,80,0,0
FINNIFTY02JAN2420350CE.NFO,02/01/2024,10:20:31,956.95,999.65,120,1003.75,120,0,0
FINNIFTY02JAN2420350CE.NFO,02/01/2024,10:20:33,956.95,998.75,120,1002.95,200,0,0
FINNIFTY02JAN2420350CE.NFO,02/01/2024,10:20:34,956.95,998.7,200,1002.75,120,0,0
FINNIFTY02JAN2420350CE.NFO,02/01/2024,10:20:36,956.95,999.3,120,1004.15,1440,0,0
FINNIFTY02JAN2420350CE.NFO,02/01/2024,10:20:37,956.95,1000.7,120,1005.35,120,0,0
FINNIFTY02JAN2420350CE.NFO,02/01/2024,10:20:39,956.95,1001.2,200,1005.55,1920,0,0
FINNIFTY02JAN2420350CE.NFO,02/01/2024,10:20:41,956.95,1000.45,160,1004.8,440,0,0
FINNIFTY02JAN2420350CE.NFO,02/01/2024,10:20:42,956.95,1000.35,80,1004.25,320,0,0
FINNIFTY02JAN2420350CE.NFO,02/01/2024,10:20:44,956.95,1000.3,200,1004.5,160,0,0
FINNIFTY02JAN2420350CE.NFO,02/01/2024,10:20:46,956.95,998.55,120,1004.4,440,0,0
FINNIFTY02JAN2420350CE.NFO,02/01/2024,10:20:47,956.95,998.85,2360,1004,160,0,0
FINNIFTY02JAN2420350CE.NFO,02/01/2024,10:20:49,956.95,998.65,1400,1003.05,400,0,0
FINNIFTY02JAN2420350CE.NFO,02/01/2024,10:20:51,956.95,998.65,160,1002.6,240,0,0
FINNIFTY02JAN2420350CE.NFO,02/01/2024,10:20:52,956.95,998.75,120,1003.5,120,0,0
FINNIFTY02JAN2420350CE.NFO,02/01/2024,10:20:54,956.95,998.75,120,1002.75,480,0,0
FINNIFTY02JAN2420350CE.NFO,02/01/2024,10:20:56,956.95,998.6,120,1002.65,560,0,0
FINNIFTY02JAN2420350CE.NFO,02/01/2024,10:20:57,956.95,998.2,1400,1002.5,200,0,0
FINNIFTY02JAN2420350CE.NFO,02/01/2024,10:20:59,956.95,998.8,80,1002.85,240,0,0
FINNIFTY02JAN2420350CE.NFO,02/01/2024,10:21:00,956.95,995.1,200,1001.55,80,0,0
FINNIFTY02JAN2420350CE.NFO,02/01/2024,10:21:02,956.95,995.5,120,1000.05,120,0,0
FINNIFTY02JAN2420350CE.NFO,02/01/2024,10:21:04,956.95,996,80,1000.25,120,0,0
FINNIFTY02JAN2420350CE.NFO,02/01/2024,10:21:05,956.95,994.9,560,999.25,160,0,0
FINNIFTY02JAN2420350CE.NFO,02/01/2024,10:21:07,956.95,994.15,200,998.95,160,0,0
FINNIFTY02JAN2420350CE.NFO,02/01/2024,10:21:09,956.95,995.25,160,999.3,960,0,0
FINNIFTY02JAN2420350CE.NFO,02/01/2024,10:21:10,956.95,994.3,120,998.95,280,0,0
FINNIFTY02JAN2420350CE.NFO,02/01/2024,10:21:12,956.95,995.65,120,1001,440,0,0
FINNIFTY02JAN2420350CE.NFO,02/01/2024,10:21:14,956.95,997.15,240,1001.9,120,0,0
FINNIFTY02JAN2420350CE.NFO,02/01/2024,10:21:15,956.95,997.4,120,1001.85,200,0,0
FINNIFTY02JAN2420350CE.NFO,02/01/2024,10:21:17,956.95,998.3,160,1002.65,200,0,0
FINNIFTY02JAN2420350CE.NFO,02/01/2024,10:21:19,956.95,999.65,240,1011.35,2920,0,0
FINNIFTY02JAN2420350CE.NFO,02/01/2024,10:21:20,956.95,1000.55,120,1006.45,400,0,0
FINNIFTY02JAN2420350CE.NFO,02/01/2024,10:21:22,956.95,1000.75,200,1005.5,120,0,0
FINNIFTY02JAN2420350CE.NFO,02/01/2024,10:21:24,956.95,1002.45,200,1011.15,200,0,0
FINNIFTY02JAN2420350CE.NFO,02/01/2024,10:21:25,956.95,1004.45,160,1012.9,280,0,0
FINNIFTY02JAN2420350CE.NFO,02/01/2024,10:21:27,956.95,1005,80,1010.6,80,0,0
FINNIFTY02JAN2420350CE.NFO,02/01/2024,10:21:29,956.95,1005.5,200,1012.4,200,0,0
FINNIFTY02JAN2420350CE.NFO,02/01/2024,10:21:31,956.95,1006.65,200,1016,80,0,0
FINNIFTY02JAN2420350CE.NFO,02/01/2024,10:21:32,956.95,1007.35,200,1013.25,120,0,0
FINNIFTY02JAN2420350CE.NFO,02/01/2024,10:21:34,956.95,998,320,1011.1,240,0,0
FINNIFTY02JAN2420350CE.NFO,02/01/2024,10:21:36,956.95,1004.95,80,1009.4,200,0,0
FINNIFTY02JAN2420350CE.NFO,02/01/2024,10:21:37,956.95,1004.8,80,1009.25,80,0,0
FINNIFTY02JAN2420350CE.NFO,02/01/2024,10:21:39,956.95,1005.3,80,1010.25,2440,0,0
FINNIFTY02JAN2420350CE.NFO,02/01/2024,10:21:41,956.95,1003.95,80,1009,200,0,0
FINNIFTY02JAN2420350CE.NFO,02/01/2024,10:21:42,956.95,1002.7,160,1007,120,0,0
FINNIFTY02JAN2420350CE.NFO,02/01/2024,10:21:44,956.95,1003.55,80,1010.55,200,0,0
FINNIFTY02JAN2420350CE.NFO,02/01/2024,10:21:46,956.95,1004.45,200,1008.4,320,0,0
FINNIFTY02JAN2420350CE.NFO,02/01/2024,10:21:47,956.95,1005.4,120,1010.15,200,0,0
FINNIFTY02JAN2420350CE.NFO,02/01/2024,10:21:49,956.95,1006,120,1011.25,120,0,0
FINNIFTY02JAN2420350CE.NFO,02/01/2024,10:21:51,956.95,1004.95,120,1009.75,80,0,0
FINNIFTY02JAN2420350CE.NFO,02/01/2024,10:21:52,956.95,1005.15,120,1009.35,120,0,0
FINNIFTY02JAN2420350CE.NFO,02/01/2024,10:21:54,956.95,1005.6,200,1009.5,200,0,0
FINNIFTY02JAN2420350CE.NFO,02/01/2024,10:21:55,956.95,1004.85,1640,1009.3,120,0,0
FINNIFTY02JAN2420350CE.NFO,02/01/2024,10:21:57,956.95,1003.5,120,1008.2,120,0,0
FINNIFTY02JAN2420350CE.NFO,02/01/2024,10:21:59,956.95,1001.7,200,1006.3,200,0,0
FINNIFTY02JAN2420350CE.NFO,02/01/2024,10:22:00,956.95,1001.05,200,1006.1,560,0,0
FINNIFTY02JAN2420350CE.NFO,02/01/2024,10:22:02,956.95,1001.5,240,1005.75,200,0,0
FINNIFTY02JAN2420350CE.NFO,02/01/2024,10:22:04,956.95,1001.25,200,1006.1,200,0,0
FINNIFTY02JAN2420350CE.NFO,02/01/2024,10:22:05,956.95,1000.25,120,1004.45,120,0,0
FINNIFTY02JAN2420350CE.NFO,02/01/2024,10:22:07,956.95,999.8,120,1004.7,80,0,0
FINNIFTY02JAN2420350CE.NFO,02/01/2024,10:22:09,956.95,1000.8,240,1005.1,320,0,0
FINNIFTY02JAN2420350CE.NFO,02/01/2024,10:22:10,956.95,999.5,120,1004.8,120,0,0
FINNIFTY02JAN2420350CE.NFO,02/01/2024,10:22:12,956.95,999.6,1680,1004.1,80,0,0
FINNIFTY02JAN2420350CE.NFO,02/01/2024,10:22:14,956.95,999.45,80,1004.1,120,0,0
FINNIFTY02JAN2420350CE.NFO,02/01/2024,10:22:15,956.95,991.85,2280,1002.8,160,0,0
FINNIFTY02JAN2420350CE.NFO,02/01/2024,10:22:17,956.95,997,200,1001.2,120,0,0
FINNIFTY02JAN2420350CE.NFO,02/01/2024,10:22:19,956.95,998.4,200,1004.65,200,0,0
FINNIFTY02JAN2420350CE.NFO,02/01/2024,10:22:20,956.95,998.2,120,1002.2,160,0,0
FINNIFTY02JAN2420350CE.NFO,02/01/2024,10:22:22,956.95,997.2,200,1001.4,200,0,0
FINNIFTY02JAN2420350CE.NFO,02/01/2024,10:22:24,956.95,997.9,120,1003,640,0,0
FINNIFTY02JAN2420350CE.NFO,02/01/2024,10:22:25,956.95,996.4,120,1001.1,160,0,0
FINNIFTY02JAN2420350CE.NFO,02/01/2024,10:22:27,956.95,997.3,120,1002.95,560,0,0
FINNIFTY02JAN2420350CE.NFO,02/01/2024,10:22:29,956.95,997.25,120,1001.25,120,0,0
FINNIFTY02JAN2420350CE.NFO,02/01/2024,10:22:30,956.95,997.6,80,1002.95,1360,0,0
FINNIFTY02JAN2420350CE.NFO,02/01/2024,10:22:32,956.95,998.1,120,1002.95,1360,0,0
FINNIFTY02JAN2420350CE.NFO,02/01/2024,10:22:33,956.95,998.05,120,1002.95,1360,0,0
FINNIFTY02JAN2420350CE.NFO,02/01/2024,10:22:35,956.95,997.9,160,1002.95,1360,0,0
FINNIFTY02JAN2420350CE.NFO,02/01/2024,10:22:37,956.95,996.35,120,1000.9,80,0,0
FINNIFTY02JAN2420350CE.NFO,02/01/2024,10:22:38,956.95,996.85,80,1001,120,0,0
FINNIFTY02JAN2420350CE.NFO,02/01/2024,10:22:40,956.95,996.25,80,1000.3,120,0,0
FINNIFTY02JAN2420350CE.NFO,02/01/2024,10:22:42,956.95,995.1,120,999.8,200,0,0
FINNIFTY02JAN2420350CE.NFO,02/01/2024,10:22:43,956.95,996.35,160,1002.2,1520,0,0
FINNIFTY02JAN2420350CE.NFO,02/01/2024,10:22:45,956.95,995.55,120,1000.5,80,0,0
FINNIFTY02JAN2420350CE.NFO,02/01/2024,10:22:47,956.95,996.95,120,1001.35,640,0,0
FINNIFTY02JAN2420350CE.NFO,02/01/2024,10:22:48,956.95,998.5,120,1003.25,120,0,0
FINNIFTY02JAN2420350CE.NFO,02/01/2024,10:22:50,956.95,997.2,200,1002.05,200,0,0
FINNIFTY02JAN2420350CE.NFO,02/01/2024,10:22:51,956.95,995.5,120,1000.85,120,0,0
FINNIFTY02JAN2420350CE.NFO,02/01/2024,10:22:53,956.95,995.9,160,999.95,160,0,0
FINNIFTY02JAN2420350CE.NFO,02/01/2024,10:22:55,956.95,994.55,1760,998.9,200,0,0
FINNIFTY02JAN2420350CE.NFO,02/01/2024,10:22:56,956.95,994.95,120,999.05,120,0,0
FINNIFTY02JAN2420350CE.NFO,02/01/2024,10:23:00,956.95,995.1,200,999.4,800,0,0
FINNIFTY02JAN2420350CE.NFO,02/01/2024,10:23:01,956.95,995.9,200,1000.15,200,0,0
FINNIFTY02JAN2420350CE.NFO,02/01/2024,10:23:03,956.95,996.8,200,1001.5,3320,0,0
FINNIFTY02JAN2420350CE.NFO,02/01/2024,10:23:04,956.95,997.55,200,1002.8,160,0,0
FINNIFTY02JAN2420350CE.NFO,02/01/2024,10:23:06,956.95,995.5,80,1000.95,120,0,0
FINNIFTY02JAN2420350CE.NFO,02/01/2024,10:23:08,956.95,996.35,120,1001.05,120,0,0
FINNIFTY02JAN2420350CE.NFO,02/01/2024,10:23:09,956.95,996.9,160,1000.95,360,0,0
FINNIFTY02JAN2420350CE.NFO,02/01/2024,10:23:11,956.95,996.85,200,1000.95,120,0,0
FINNIFTY02JAN2420350CE.NFO,02/01/2024,10:23:12,956.95,996.8,120,1002.9,2560,0,0
FINNIFTY02JAN2420350CE.NFO,02/01/2024,10:23:14,956.95,996.55,80,1000.75,200,0,0
FINNIFTY02JAN2420350CE.NFO,02/01/2024,10:23:16,956.95,996.1,80,1000.35,360,0,0
FINNIFTY02JAN2420350CE.NFO,02/01/2024,10:23:17,956.95,996.1,80,1000,520,0,0
FINNIFTY02JAN2420350CE.NFO,02/01/2024,10:23:19,956.95,994.95,1240,998.95,120,0,0
FINNIFTY02JAN2420350CE.NFO,02/01/2024,10:23:20,956.95,995.15,80,998.95,120,0,0
FINNIFTY02JAN2420350CE.NFO,02/01/2024,10:23:22,956.95,994.2,120,998.6,160,0,0
FINNIFTY02JAN2420350CE.NFO,02/01/2024,10:23:24,956.95,993.7,120,999.4,640,0,0
FINNIFTY02JAN2420350CE.NFO,02/01/2024,10:23:25,956.95,996.6,200,1001.25,280,0,0
FINNIFTY02JAN2420350CE.NFO,02/01/2024,10:23:27,956.95,997.1,120,1002.45,120,0,0
FINNIFTY02JAN2420350CE.NFO,02/01/2024,10:23:28,956.95,997.2,200,1001.6,240,0,0
FINNIFTY02JAN2420350CE.NFO,02/01/2024,10:23:30,956.95,997.8,80,1002.5,200,0,0
FINNIFTY02JAN2420350CE.NFO,02/01/2024,10:23:32,956.95,992.9,80,1001.1,360,0,0
FINNIFTY02JAN2420350CE.NFO,02/01/2024,10:23:34,956.95,996.3,120,1000.6,640,0,0
FINNIFTY02JAN2420350CE.NFO,02/01/2024,10:23:35,956.95,996.7,120,1001,80,0,0
FINNIFTY02JAN2420350CE.NFO,02/01/2024,10:23:37,956.95,995.05,120,1001.15,1000,0,0
FINNIFTY02JAN2420350CE.NFO,02/01/2024,10:23:39,956.95,996.6,120,1000.85,240,0,0
FINNIFTY02JAN2420350CE.NFO,02/01/2024,10:23:40,956.95,996.35,120,1001.2,1200,0,0
FINNIFTY02JAN2420350CE.NFO,02/01/2024,10:23:42,956.95,994.55,120,1006.75,200,0,0
FINNIFTY02JAN2420350CE.NFO,02/01/2024,10:23:44,956.95,995.35,160,1000.6,240,0,0
FINNIFTY02JAN2420350CE.NFO,02/01/2024,10:23:45,956.95,995.75,200,999.75,120,0,0
FINNIFTY02JAN2420350CE.NFO,02/01/2024,10:23:47,956.95,994.95,120,999.4,200,0,0
FINNIFTY02JAN2420350CE.NFO,02/01/2024,10:23:48,956.95,995.75,80,999.7,240,0,0
FINNIFTY02JAN2420350CE.NFO,02/01/2024,10:23:50,956.95,994.7,200,999.15,1280,0,0
FINNIFTY02JAN2420350CE.NFO,02/01/2024,10:23:52,956.95,991.85,80,998.35,240,0,0
FINNIFTY02JAN2420350CE.NFO,02/01/2024,10:23:53,956.95,990.8,120,996.65,80,0,0
FINNIFTY02JAN2420350CE.NFO,02/01/2024,10:23:55,956.95,993.65,240,1000.6,200,0,0
FINNIFTY02JAN2420350CE.NFO,02/01/2024,10:23:57,956.95,993.8,200,998.8,200,0,0
FINNIFTY02JAN2420350CE.NFO,02/01/2024,10:23:58,956.95,993.35,120,997.65,80,0,0
FINNIFTY02JAN2420350CE.NFO,02/01/2024,10:24:00,956.95,993.2,80,997.5,120,0,0
FINNIFTY02JAN2420350CE.NFO,02/01/2024,10:24:02,956.95,995.35,200,1000.7,160,0,0
FINNIFTY02JAN2420350CE.NFO,02/01/2024,10:24:03,956.95,996.15,120,1000.45,160,0,0
FINNIFTY02JAN2420350CE.NFO,02/01/2024,10:24:05,956.95,997.05,80,1007.1,120,0,0
FINNIFTY02JAN2420350CE.NFO,02/01/2024,10:24:07,956.95,998.25,200,1003.3,120,0,0
FINNIFTY02JAN2420350CE.NFO,02/01/2024,10:24:08,956.95,999.25,120,1003.2,360,0,0
FINNIFTY02JAN2420350CE.NFO,02/01/2024,10:24:10,956.95,997.65,120,1002.25,240,0,0
FINNIFTY02JAN2420350CE.NFO,02/01/2024,10:24:12,956.95,996.75,120,1001.1,240,0,0
FINNIFTY02JAN2420350CE.NFO,02/01/2024,10:24:13,956.95,995.5,80,1000,240,0,0
FINNIFTY02JAN2420350CE.NFO,02/01/2024,10:24:15,956.95,994.8,120,999.4,360,0,0
FINNIFTY02JAN2420350CE.NFO,02/01/2024,10:24:17,956.95,996.35,200,1000.95,200,0,0
FINNIFTY02JAN2420350CE.NFO,02/01/2024,10:24:18,956.95,996.65,80,1000.45,80,0,0
FINNIFTY02JAN2420350CE.NFO,02/01/2024,10:24:20,956.95,996.95,160,1001.05,360,0,0
FINNIFTY02JAN2420350CE.NFO,02/01/2024,10:24:22,956.95,995.55,120,999.9,120,0,0
FINNIFTY02JAN2420350CE.NFO,02/01/2024,10:24:23,956.95,995.5,200,999.45,240,0,0
FINNIFTY02JAN2420350CE.NFO,02/01/2024,10:24:25,956.95,996.9,80,1001.2,240,0,0
FINNIFTY02JAN2420350CE.NFO,02/01/2024,10:24:27,956.95,997.15,120,1001.15,200,0,0
FINNIFTY02JAN2420350CE.NFO,02/01/2024,10:24:28,956.95,996.3,200,1000.9,240,0,0
FINNIFTY02JAN2420350CE.NFO,02/01/2024,10:24:30,956.95,996.7,200,1000.85,80,0,0
FINNIFTY02JAN2420350CE.NFO,02/01/2024,10:24:32,956.95,997.5,200,1002.05,200,0,0
FINNIFTY02JAN2420350CE.NFO,02/01/2024,10:24:33,956.95,998.5,120,1007.85,200,0,0
FINNIFTY02JAN2420350CE.NFO,02/01/2024,10:24:35,956.95,998.65,160,1003.15,200,0,0
FINNIFTY02JAN2420350CE.NFO,02/01/2024,10:24:37,956.95,997.55,160,1002.25,920,0,0
FINNIFTY02JAN2420350CE.NFO,02/01/2024,10:24:38,956.95,997.5,200,1002.15,240,0,0
FINNIFTY02JAN2420350CE.NFO,02/01/2024,10:24:40,956.95,998,200,1002.65,200,0,0
FINNIFTY02JAN2420350CE.NFO,02/01/2024,10:24:42,956.95,997.9,120,1002.15,1400,0,0
FINNIFTY02JAN2420350CE.NFO,02/01/2024,10:24:43,956.95,996.6,80,1001.9,520,0,0
FINNIFTY02JAN2420350CE.NFO,02/01/2024,10:24:45,956.95,995.4,200,1000.45,200,0,0
FINNIFTY02JAN2420350CE.NFO,02/01/2024,10:24:46,956.95,995.7,160,1000.05,360,0,0
FINNIFTY02JAN2420350CE.NFO,02/01/2024,10:24:48,956.95,996.55,80,1000.95,2640,0,0
FINNIFTY02JAN2420350CE.NFO,02/01/2024,10:24:50,956.95,996.4,200,1008.95,200,0,0
FINNIFTY02JAN2420350CE.NFO,02/01/2024,10:24:51,956.95,994.65,200,1004.25,120,0,0
FINNIFTY02JAN2420350CE.NFO,02/01/2024,10:24:53,956.95,995.8,120,1000.1,80,0,0
FINNIFTY02JAN2420350CE.NFO,02/01/2024,10:24:55,956.95,995.65,200,999.75,200,0,0
FINNIFTY02JAN2420350CE.NFO,02/01/2024,10:24:56,956.95,994.85,200,999.8,240,0,0
FINNIFTY02JAN2420350CE.NFO,02/01/2024,10:24:58,956.95,995.9,200,1009.5,2440,0,0
FINNIFTY02JAN2420350CE.NFO,02/01/2024,10:25:00,956.95,997.5,200,1001.9,240,0,0
FINNIFTY02JAN2420350CE.NFO,02/01/2024,10:25:01,956.95,995,160,1000.95,120,0,0
FINNIFTY02JAN2420350CE.NFO,02/01/2024,10:25:03,956.95,995.15,200,1000.35,240,0,0
FINNIFTY02JAN2420350CE.NFO,02/01/2024,10:25:05,956.95,995.5,200,1000.05,200,0,0
FINNIFTY02JAN2420350CE.NFO,02/01/2024,10:25:06,956.95,995.8,120,1002.8,1680,0,0
FINNIFTY02JAN2420350CE.NFO,02/01/2024,10:25:08,956.95,994.9,80,1000.45,200,0,0
FINNIFTY02JAN2420350CE.NFO,02/01/2024,10:25:10,956.95,996.8,240,1002.9,1200,0,0
FINNIFTY02JAN2420350CE.NFO,02/01/2024,10:25:11,956.95,998.2,120,1002.15,280,0,0
FINNIFTY02JAN2420350CE.NFO,02/01/2024,10:25:13,956.95,999.55,120,1003.6,120,0,0
FINNIFTY02JAN2420350CE.NFO,02/01/2024,10:25:15,956.95,1000.2,120,1005.7,200,0,0
FINNIFTY02JAN2420350CE.NFO,02/01/2024,10:25:16,956.95,1000.4,400,1005.05,120,0,0
FINNIFTY02JAN2420350CE.NFO,02/01/2024,10:25:18,956.95,998.65,120,1003.85,120,0,0
FINNIFTY02JAN2420350CE.NFO,02/01/2024,10:25:20,956.95,998.1,200,1002.2,120,0,0
FINNIFTY02JAN2420350CE.NFO,02/01/2024,10:25:21,956.95,998.65,120,1003.65,120,0,0
FINNIFTY02JAN2420350CE.NFO,02/01/2024,10:25:23,956.95,999.3,120,1003.35,200,0,0
FINNIFTY02JAN2420350CE.NFO,02/01/2024,10:25:24,956.95,999.2,200,1004.3,160,0,0
FINNIFTY02JAN2420350CE.NFO,02/01/2024,10:25:26,956.95,999.3,200,1003.3,120,0,0
FINNIFTY02JAN2420350CE.NFO,02/01/2024,10:25:28,956.95,998.85,200,1002.85,280,0,0
FINNIFTY02JAN2420350CE.NFO,02/01/2024,10:25:29,956.95,999.35,200,1003.45,200,0,0
FINNIFTY02JAN2420350CE.NFO,02/01/2024,10:25:31,956.95,996.9,200,1002.45,80,0,0
FINNIFTY02JAN2420350CE.NFO,02/01/2024,10:25:33,956.95,998.8,120,1005.25,200,0,0
FINNIFTY02JAN2420350CE.NFO,02/01/2024,10:25:34,956.95,999.75,120,1005.2,960,0,0
FINNIFTY02JAN2420350CE.NFO,02/01/2024,10:25:36,956.95,1000.65,80,1004.7,440,0,0
FINNIFTY02JAN2420350CE.NFO,02/01/2024,10:25:38,956.95,996.85,3040,1004.55,120,0,0
FINNIFTY02JAN2420350CE.NFO,02/01/2024,10:25:39,956.95,999.3,200,1003.35,80,0,0
FINNIFTY02JAN2420350CE.NFO,02/01/2024,10:25:41,956.95,1000.1,120,1004.25,240,0,0
FINNIFTY02JAN2420350CE.NFO,02/01/2024,10:25:43,956.95,1000.15,80,1004.1,200,0,0
FINNIFTY02JAN2420350CE.NFO,02/01/2024,10:25:44,956.95,998.05,2880,1003.25,200,0,0
FINNIFTY02JAN2420350CE.NFO,02/01/2024,10:25:46,956.95,999.95,120,1005.15,1720,0,0
FINNIFTY02JAN2420350CE.NFO,02/01/2024,10:25:47,956.95,1000.7,120,1004.95,120,0,0
FINNIFTY02JAN2420350CE.NFO,02/01/2024,10:25:49,956.95,1001.15,80,1005.55,160,0,0
FINNIFTY02JAN2420350CE.NFO,02/01/2024,10:25:51,956.95,1001.4,120,1006,120,0,0
FINNIFTY02JAN2420350CE.NFO,02/01/2024,10:25:52,956.95,1001.95,120,1009.55,120,0,0
FINNIFTY02JAN2420350CE.NFO,02/01/2024,10:25:54,956.95,1001.95,120,1006.2,120,0,0
FINNIFTY02JAN2420350CE.NFO,02/01/2024,10:25:56,956.95,1000.95,200,1005.8,400,0,0
FINNIFTY02JAN2420350CE.NFO,02/01/2024,10:25:57,956.95,999.5,120,1004.3,120,0,0
FINNIFTY02JAN2420350CE.NFO,02/01/2024,10:25:59,956.95,1001.9,120,1006.7,1960,0,0
FINNIFTY02JAN2420350CE.NFO,02/01/2024,10:26:01,956.95,1001.85,80,1005.6,120,0,0
FINNIFTY02JAN2420350CE.NFO,02/01/2024,10:26:02,956.95,1001.05,200,1005.1,200,0,0
FINNIFTY02JAN2420350CE.NFO,02/01/2024,10:26:04,956.95,1000.6,120,1004.8,200,0,0
FINNIFTY02JAN2420350CE.NFO,02/01/2024,10:26:05,956.95,1000.05,80,1004.1,400,0,0
FINNIFTY02JAN2420350CE.NFO,02/01/2024,10:26:07,956.95,999.25,200,1003.05,80,0,0
FINNIFTY02JAN2420350CE.NFO,02/01/2024,10:26:09,956.95,999.85,200,1006.3,2840,0,0
FINNIFTY02JAN2420350CE.NFO,02/01/2024,10:26:10,956.95,1000.4,560,1005.05,160,0,0
FINNIFTY02JAN2420350CE.NFO,02/01/2024,10:26:12,956.95,1000.1,200,1003.9,240,0,0
FINNIFTY02JAN2420350CE.NFO,02/01/2024,10:26:14,956.95,998.8,200,1003.65,120,0,0
FINNIFTY02JAN2420350CE.NFO,02/01/2024,10:26:15,956.95,1000.2,120,1006.1,1800,0,0
FINNIFTY02JAN2420350CE.NFO,02/01/2024,10:26:17,956.95,1000.35,120,1004.55,120,0,0
FINNIFTY02JAN2420350CE.NFO,02/01/2024,10:26:18,956.95,1000.45,120,1004.55,160,0,0
FINNIFTY02JAN2420350CE.NFO,02/01/2024,10:26:20,956.95,999.5,1880,1004.1,200,0,0
FINNIFTY02JAN2420350CE.NFO,02/01/2024,10:26:22,956.95,998.95,80,1002.95,200,0,0
FINNIFTY02JAN2420350CE.NFO,02/01/2024,10:26:23,956.95,999.2,200,1004.55,80,0,0
FINNIFTY02JAN2420350CE.NFO,02/01/2024,10:26:25,956.95,998.3,80,1003.35,120,0,0
FINNIFTY02JAN2420350CE.NFO,02/01/2024,10:26:27,956.95,998.65,160,1003.05,200,0,0
FINNIFTY02JAN2420350CE.NFO,02/01/2024,10:26:28,956.95,998.95,160,1003.3,360,0,0
FINNIFTY02JAN2420350CE.NFO,02/01/2024,10:26:30,956.95,998.65,200,1003.1,120,0,0
FINNIFTY02JAN2420350CE.NFO,02/01/2024,10:26:32,956.95,997.35,200,1001.6,200,0,0
FINNIFTY02JAN2420350CE.NFO,02/01/2024,10:26:33,956.95,995.5,200,999.9,80,0,0
FINNIFTY02JAN2420350CE.NFO,02/01/2024,10:26:35,956.95,991,160,998.95,160,0,0
FINNIFTY02JAN2420350CE.NFO,02/01/2024,10:26:36,956.95,991.45,880,997.25,720,0,0
FINNIFTY02JAN2420350CE.NFO,02/01/2024,10:26:38,956.95,992.15,40,1013.8,120,0,0
FINNIFTY02JAN2420350CE.NFO,02/01/2024,10:26:40,956.95,993.4,120,1006,80,0,0
FINNIFTY02JAN2420350CE.NFO,02/01/2024,10:26:41,956.95,994.35,80,1003.45,120,0,0
FINNIFTY02JAN2420350CE.NFO,02/01/2024,10:26:43,956.95,990.75,120,999.55,320,0,0
FINNIFTY02JAN2420350CE.NFO,02/01/2024,10:26:45,956.95,993.15,120,998.25,320,0,0
FINNIFTY02JAN2420350CE.NFO,02/01/2024,10:26:46,956.95,991.45,160,997.1,160,0,0
FINNIFTY02JAN2420350CE.NFO,02/01/2024,10:26:48,956.95,993.4,120,1011.35,120,0,0
FINNIFTY02JAN2420350CE.NFO,02/01/2024,10:26:50,956.95,995.55,160,1008.6,160,0,0
FINNIFTY02JAN2420350CE.NFO,02/01/2024,10:26:52,956.95,990.35,800,1005.4,1080,0,0
FINNIFTY02JAN2420350CE.NFO,02/01/2024,10:26:53,956.95,993.05,160,1003.2,160,0,0
FINNIFTY02JAN2420350CE.NFO,02/01/2024,10:26:55,956.95,995.75,120,1000.85,240,0,0
FINNIFTY02JAN2420350CE.NFO,02/01/2024,10:26:57,956.95,994.3,120,999.25,960,0,0
FINNIFTY02JAN2420350CE.NFO,02/01/2024,10:26:58,956.95,995.7,120,1000.3,240,0,0
FINNIFTY02JAN2420350CE.NFO,02/01/2024,10:27:00,956.95,995,120,999.7,120,0,0
FINNIFTY02JAN2420350CE.NFO,02/01/2024,10:27:02,956.95,991.75,600,1000.1,720,0,0
FINNIFTY02JAN2420350CE.NFO,02/01/2024,10:27:03,956.95,993.6,200,998.7,200,0,0
FINNIFTY02JAN2420350CE.NFO,02/01/2024,10:27:05,956.95,994.45,200,999.9,960,0,0
FINNIFTY02JAN2420350CE.NFO,02/01/2024,10:27:07,956.95,993.6,160,997.95,80,0,0
FINNIFTY02JAN2420350CE.NFO,02/01/2024,10:27:08,956.95,993.65,120,1005.3,160,0,0
FINNIFTY02JAN2420350CE.NFO,02/01/2024,10:27:10,956.95,994.85,200,1002,80,0,0
FINNIFTY02JAN2420350CE.NFO,02/01/2024,10:27:12,956.95,995.05,120,999.6,840,0,0
FINNIFTY02JAN2420350CE.NFO,02/01/2024,10:27:13,956.95,992.35,80,999.15,120,0,0
FINNIFTY02JAN2420350CE.NFO,02/01/2024,10:27:15,956.95,995.8,80,1002.65,200,0,0
FINNIFTY02JAN2420350CE.NFO,02/01/2024,10:27:17,956.95,996.2,200,1001,240,0,0
FINNIFTY02JAN2420350CE.NFO,02/01/2024,10:27:18,956.95,996.25,120,1000.95,120,0,0
FINNIFTY02JAN2420350CE.NFO,02/01/2024,10:27:20,956.95,997.4,120,1004.6,120,0,0
FINNIFTY02JAN2420350CE.NFO,02/01/2024,10:27:22,956.95,998.15,200,1004.05,200,0,0
FINNIFTY02JAN2420350CE.NFO,02/01/2024,10:27:23,956.95,994.75,160,1003.4,120,0,0
FINNIFTY02JAN2420350CE.NFO,02/01/2024,10:27:25,956.95,998.05,200,1002.75,120,0,0
FINNIFTY02JAN2420350CE.NFO,02/01/2024,10:27:27,956.95,998.35,80,1003.3,80,0,0
FINNIFTY02JAN2420350CE.NFO,02/01/2024,10:27:28,956.95,998.55,80,1002.55,120,0,0
FINNIFTY02JAN2420350CE.NFO,02/01/2024,10:27:30,956.95,997.7,200,1003.3,80,0,0
FINNIFTY02JAN2420350CE.NFO,02/01/2024,10:27:31,956.95,999.5,120,1003.55,120,0,0
FINNIFTY02JAN2420350CE.NFO,02/01/2024,10:27:33,956.95,999.85,80,1005.05,200,0,0
FINNIFTY02JAN2420350CE.NFO,02/01/2024,10:27:35,956.95,999.5,360,1003.7,320,0,0
FINNIFTY02JAN2420350CE.NFO,02/01/2024,10:27:36,956.95,998.2,200,1005.1,360,0,0
FINNIFTY02JAN2420350CE.NFO,02/01/2024,10:27:38,956.95,1000.95,200,1005.8,120,0,0
FINNIFTY02JAN2420350CE.NFO,02/01/2024,10:27:40,956.95,1002,120,1006.4,600,0,0
FINNIFTY02JAN2420350CE.NFO,02/01/2024,10:27:41,956.95,1002.7,120,1007.25,160,0,0
FINNIFTY02JAN2420350CE.NFO,02/01/2024,10:27:43,956.95,1003.55,120,1009.5,200,0,0
FINNIFTY02JAN2420350CE.NFO,02/01/2024,10:27:45,956.95,1003.85,200,1008.65,120,0,0
FINNIFTY02JAN2420350CE.NFO,02/01/2024,10:27:46,956.95,1002.05,160,1007.8,360,0,0
FINNIFTY02JAN2420350CE.NFO,02/01/2024,10:27:48,956.95,993.7,120,1005.15,120,0,0
FINNIFTY02JAN2420350CE.NFO,02/01/2024,10:27:50,956.95,996.35,120,1006.55,200,0,0
FINNIFTY02JAN2420350CE.NFO,02/01/2024,10:27:51,956.95,1000.65,120,1005.05,240,0,0
FINNIFTY02JAN2420350CE.NFO,02/01/2024,10:27:53,956.95,1000.3,200,1004.2,160,0,0
FINNIFTY02JAN2420350CE.NFO,02/01/2024,10:27:55,956.95,999.55,200,1013,200,0,0
FINNIFTY02JAN2420350CE.NFO,02/01/2024,10:27:56,956.95,1000.7,120,1007.2,160,0,0
FINNIFTY02JAN2420350CE.NFO,02/01/2024,10:27:58,956.95,999.95,120,1003.9,200,0,0
FINNIFTY02JAN2420350CE.NFO,02/01/2024,10:28:00,956.95,1000.25,120,1014.3,120,0,0
FINNIFTY02JAN2420350CE.NFO,02/01/2024,10:28:01,956.95,1001.35,120,1006,440,0,0
FINNIFTY02JAN2420350CE.NFO,02/01/2024,10:28:03,956.95,1001.85,80,1014.2,200,0,0
FINNIFTY02JAN2420350CE.NFO,02/01/2024,10:28:05,956.95,993.3,200,1005.15,120,0,0
FINNIFTY02JAN2420350CE.NFO,02/01/2024,10:28:06,956.95,1001.25,80,1005.5,120,0,0
FINNIFTY02JAN2420350CE.NFO,02/01/2024,10:28:08,956.95,1000.05,120,1004.4,400,0,0
FINNIFTY02JAN2420350CE.NFO,02/01/2024,10:28:10,956.95,1001,200,1014,200,0,0
FINNIFTY02JAN2420350CE.NFO,02/01/2024,10:28:11,956.95,1000.9,200,1008.1,160,0,0
FINNIFTY02JAN2420350CE.NFO,02/01/2024,10:28:13,956.95,1001.3,120,1006,80,0,0
FINNIFTY02JAN2420350CE.NFO,02/01/2024,10:28:15,956.95,1002.45,120,1007.5,1560,0,0
FINNIFTY02JAN2420350CE.NFO,02/01/2024,10:28:16,956.95,1002.55,200,1007,120,0,0
FINNIFTY02JAN2420350CE.NFO,02/01/2024,10:28:18,956.95,1002.3,200,1006.4,160,0,0
FINNIFTY02JAN2420350CE.NFO,02/01/2024,10:28:20,956.95,1002.5,80,1007.4,200,0,0
FINNIFTY02JAN2420350CE.NFO,02/01/2024,10:28:21,956.95,1001.95,160,1006.5,960,0,0
FINNIFTY02JAN2420350CE.NFO,02/01/2024,10:28:23,956.95,1002,120,1006,240,0,0
FINNIFTY02JAN2420350CE.NFO,02/01/2024,10:28:25,956.95,1000.55,120,1004.75,200,0,0
FINNIFTY02JAN2420350CE.NFO,02/01/2024,10:28:26,956.95,1000.7,200,1004.9,120,0,0
FINNIFTY02JAN2420350CE.NFO,02/01/2024,10:28:28,956.95,999.4,120,1004.1,200,0,0
FINNIFTY02JAN2420350CE.NFO,02/01/2024,10:28:30,956.95,1000.1,120,1004,120,0,0
FINNIFTY02JAN2420350CE.NFO,02/01/2024,10:28:31,956.95,999.25,120,1003.9,600,0,0
FINNIFTY02JAN2420350CE.NFO,02/01/2024,10:28:33,956.95,999.65,120,1003.7,200,0,0
FINNIFTY02JAN2420350CE.NFO,02/01/2024,10:28:35,956.95,1000.65,80,1004.65,320,0,0
FINNIFTY02JAN2420350CE.NFO,02/01/2024,10:28:36,956.95,1000.65,120,1014.25,2680,0,0
FINNIFTY02JAN2420350CE.NFO,02/01/2024,10:28:38,956.95,1001,80,1005.1,80,0,0
FINNIFTY02JAN2420350CE.NFO,02/01/2024,10:28:40,956.95,1001.8,120,1005.75,160,0,0
FINNIFTY02JAN2420350CE.NFO,02/01/2024,10:28:41,956.95,1000.9,120,1007.7,120,0,0
FINNIFTY02JAN2420350CE.NFO,02/01/2024,10:28:43,956.95,1002,120,1005.9,360,0,0
FINNIFTY02JAN2420350CE.NFO,02/01/2024,10:28:45,956.95,1002,200,1005.9,120,0,0
FINNIFTY02JAN2420350CE.NFO,02/01/2024,10:28:46,956.95,1002.2,80,1005.95,120,0,0
FINNIFTY02JAN2420350CE.NFO,02/01/2024,10:28:48,956.95,1001.6,200,1005.85,120,0,0
FINNIFTY02JAN2420350CE.NFO,02/01/2024,10:28:49,956.95,1000.45,120,1004.9,120,0,0
FINNIFTY02JAN2420350CE.NFO,02/01/2024,10:28:51,956.95,1000.5,200,1004.35,120,0,0
FINNIFTY02JAN2420350CE.NFO,02/01/2024,10:28:53,956.95,999.85,120,1004.1,120,0,0
FINNIFTY02JAN2420350CE.NFO,02/01/2024,10:28:54,956.95,1000.65,120,1004.65,120,0,0
FINNIFTY02JAN2420350CE.NFO,02/01/2024,10:28:56,956.95,999.6,120,1004.35,80,0,0
FINNIFTY02JAN2420350CE.NFO,02/01/2024,10:28:58,956.95,1000.1,120,1004.45,200,0,0
FINNIFTY02JAN2420350CE.NFO,02/01/2024,10:28:59,956.95,1000.3,120,1004.3,640,0,0
FINNIFTY02JAN2420350CE.NFO,02/01/2024,10:29:01,956.95,998.95,1480,1003.05,200,0,0
FINNIFTY02JAN2420350CE.NFO,02/01/2024,10:29:02,956.95,999.85,80,1004.7,160,0,0
FINNIFTY02JAN2420350CE.NFO,02/01/2024,10:29:04,956.95,1001,240,1007.25,400,0,0
FINNIFTY02JAN2420350CE.NFO,02/01/2024,10:29:06,956.95,1002.05,200,1007.1,2760,0,0
FINNIFTY02JAN2420350CE.NFO,02/01/2024,10:29:08,956.95,1002.25,160,1006.45,120,0,0
FINNIFTY02JAN2420350CE.NFO,02/01/2024,10:29:09,956.95,1001.15,120,1005.45,160,0,0
FINNIFTY02JAN2420350CE.NFO,02/01/2024,10:29:11,956.95,1001.25,200,1005.25,200,0,0
FINNIFTY02JAN2420350CE.NFO,02/01/2024,10:29:13,956.95,1002.15,200,1006.25,120,0,0
FINNIFTY02JAN2420350CE.NFO,02/01/2024,10:29:14,956.95,1002.75,240,1006.85,80,0,0
FINNIFTY02JAN2420350CE.NFO,02/01/2024,10:29:16,956.95,1001.7,80,1005.9,80,0,0
FINNIFTY02JAN2420350CE.NFO,02/01/2024,10:29:18,956.95,1002.55,200,1007,1560,0,0
FINNIFTY02JAN2420350CE.NFO,02/01/2024,10:29:19,956.95,1003.15,80,1007.4,80,0,0
FINNIFTY02JAN2420350CE.NFO,02/01/2024,10:29:21,956.95,1004.25,160,1012.95,160,0,0
FINNIFTY02JAN2420350CE.NFO,02/01/2024,10:29:23,956.95,1006.15,240,1010.7,600,0,0
FINNIFTY02JAN2420350CE.NFO,02/01/2024,10:29:24,956.95,1004.4,320,1009.6,160,0,0
FINNIFTY02JAN2420350CE.NFO,02/01/2024,10:29:26,956.95,1004.4,160,1008.35,200,0,0
FINNIFTY02JAN2420350CE.NFO,02/01/2024,10:29:28,956.95,1003.75,160,1007.7,280,0,0
FINNIFTY02JAN2420350CE.NFO,02/01/2024,10:29:29,956.95,1002.25,80,1006.55,160,0,0
FINNIFTY02JAN2420350CE.NFO,02/01/2024,10:29:31,956.95,1002.4,80,1007.35,680,0,0
FINNIFTY02JAN2420350CE.NFO,02/01/2024,10:29:32,956.95,1001.25,160,1007.25,680,0,0
FINNIFTY02JAN2420350CE.NFO,02/01/2024,10:29:34,956.95,1002.4,80,1006.5,360,0,0
FINNIFTY02JAN2420350CE.NFO,02/01/2024,10:29:36,956.95,1001.7,160,1005.85,320,0,0
FINNIFTY02JAN2420350CE.NFO,02/01/2024,10:29:37,956.95,1001.45,120,1005.4,80,0,0
FINNIFTY02JAN2420350CE.NFO,02/01/2024,10:29:39,956.95,1002.65,120,1008.3,360,0,0
FINNIFTY02JAN2420350CE.NFO,02/01/2024,10:29:41,956.95,1002.5,1000,1006.6,720,0,0
FINNIFTY02JAN2420350CE.NFO,02/01/2024,10:29:42,956.95,1000.85,160,1006,160,0,0
FINNIFTY02JAN2420350CE.NFO,02/01/2024,10:29:44,956.95,1001.95,200,1006.55,2000,0,0
FINNIFTY02JAN2420350CE.NFO,02/01/2024,10:29:46,956.95,1002.95,80,1012.3,200,0,0
FINNIFTY02JAN2420350CE.NFO,02/01/2024,10:29:47,956.95,1003.1,120,1007.05,440,0,0
FINNIFTY02JAN2420350CE.NFO,02/01/2024,10:29:49,956.95,1001.35,200,1006,600,0,0
FINNIFTY02JAN2420350CE.NFO,02/01/2024,10:29:51,956.95,1001.45,120,1005.4,200,0,0
FINNIFTY02JAN2420350CE.NFO,02/01/2024,10:29:52,956.95,1002.15,120,1006.15,200,0,0
FINNIFTY02JAN2420350CE.NFO,02/01/2024,10:29:54,956.95,1001.4,200,1005.35,360,0,0
FINNIFTY02JAN2420350CE.NFO,02/01/2024,10:29:55,956.95,1001.4,200,1005.9,120,0,0
FINNIFTY02JAN2420350CE.NFO,02/01/2024,10:29:57,956.95,1000.35,400,1004.75,160,0,0
FINNIFTY02JAN2420350CE.NFO,02/01/2024,10:29:59,956.95,1001.1,80,1005.7,280,0,0
FINNIFTY02JAN2420350CE.NFO,02/01/2024,10:30:00,956.95,1001.5,120,1007.85,160,0,0
FINNIFTY02JAN2420350CE.NFO,02/01/2024,10:30:02,956.95,1002.5,120,1006.95,200,0,0
FINNIFTY02JAN2420350CE.NFO,02/01/2024,10:30:04,956.95,1003.8,160,1013.35,3040,0,0
FINNIFTY02JAN2420350CE.NFO,02/01/2024,10:30:05,956.95,1003.9,720,1010.9,120,0,0
FINNIFTY02JAN2420350CE.NFO,02/01/2024,10:30:07,956.95,1000.75,120,1008.7,120,0,0
FINNIFTY02JAN2420350CE.NFO,02/01/2024,10:30:09,956.95,1004.3,200,1009.15,1800,0,0
FINNIFTY02JAN2420350CE.NFO,02/01/2024,10:30:10,956.95,1002.9,160,1007.45,200,0,0
FINNIFTY02JAN2420350CE.NFO,02/01/2024,10:30:12,956.95,1003.25,80,1008.95,200,0,0
FINNIFTY02JAN2420350CE.NFO,02/01/2024,10:30:14,956.95,1005.6,120,1011.2,200,0,0
FINNIFTY02JAN2420350CE.NFO,02/01/2024,10:30:15,956.95,1005.45,120,1010.35,200,0,0
FINNIFTY02JAN2420350CE.NFO,02/01/2024,10:30:17,956.95,1005.75,120,1011.9,120,0,0
FINNIFTY02JAN2420350CE.NFO,02/01/2024,10:30:18,956.95,1007.25,120,1011.9,120,0,0
FINNIFTY02JAN2420350CE.NFO,02/01/2024,10:30:20,956.95,1008.55,120,1016.6,120,0,0
FINNIFTY02JAN2420350CE.NFO,02/01/2024,10:30:22,956.95,1011.2,160,1015.6,120,0,0
FINNIFTY02JAN2420350CE.NFO,02/01/2024,10:30:23,956.95,1004,200,1014.15,200,0,0
FINNIFTY02JAN2420350CE.NFO,02/01/2024,10:30:25,956.95,1008.05,160,1013.3,80,0,0
FINNIFTY02JAN2420350CE.NFO,02/01/2024,10:30:27,956.95,1009.1,200,1017.85,200,0,0
FINNIFTY02JAN2420350CE.NFO,02/01/2024,10:30:28,956.95,1008.15,200,1013.2,120,0,0
FINNIFTY02JAN2420350CE.NFO,02/01/2024,10:30:30,956.95,1008.25,120,1013.05,120,0,0
FINNIFTY02JAN2420350CE.NFO,02/01/2024,10:30:32,956.95,1009.4,120,1014.85,200,0,0
FINNIFTY02JAN2420350CE.NFO,02/01/2024,10:30:33,956.95,1009.65,120,1015.1,120,0,0
FINNIFTY02JAN2420350CE.NFO,02/01/2024,10:30:35,956.95,1010.75,120,1014.85,160,0,0
FINNIFTY02JAN2420350CE.NFO,02/01/2024,10:30:37,956.95,1008.9,800,1013.35,120,0,0
FINNIFTY02JAN2420350CE.NFO,02/01/2024,10:30:38,956.95,1010.05,200,1014.45,640,0,0
FINNIFTY02JAN2420350CE.NFO,02/01/2024,10:30:40,956.95,1011.65,80,1018.2,440,0,0
FINNIFTY02JAN2420350CE.NFO,02/01/2024,10:30:42,956.95,1010.75,80,1015.35,120,0,0
FINNIFTY02JAN2420350CE.NFO,02/01/2024,10:30:43,956.95,1011.6,80,1015.95,160,0,0
FINNIFTY02JAN2420350CE.NFO,02/01/2024,10:30:45,956.95,1010.6,120,1016.55,560,0,0
FINNIFTY02JAN2420350CE.NFO,02/01/2024,10:30:47,956.95,1012.45,200,1018.5,120,0,0
FINNIFTY02JAN2420350CE.NFO,02/01/2024,10:30:48,956.95,1013.15,120,1018.15,80,0,0
FINNIFTY02JAN2420350CE.NFO,02/01/2024,10:30:50,956.95,1010.1,120,1015.6,120,0,0
FINNIFTY02JAN2420350CE.NFO,02/01/2024,10:30:52,956.95,1011.05,120,1015.45,440,0,0
FINNIFTY02JAN2420350CE.NFO,02/01/2024,10:30:53,956.95,1012.15,200,1016.65,160,0,0
FINNIFTY02JAN2420350CE.NFO,02/01/2024,10:30:55,956.95,1010.65,80,1016.55,1400,0,0
FINNIFTY02JAN2420350CE.NFO,02/01/2024,10:30:57,956.95,1013.8,80,1022.05,200,0,0
FINNIFTY02JAN2420350CE.NFO,02/01/2024,10:30:58,956.95,1013.3,200,1019.55,160,0,0
FINNIFTY02JAN2420350CE.NFO,02/01/2024,10:31:00,956.95,1013.05,80,1017.6,200,0,0
FINNIFTY02JAN2420350CE.NFO,02/01/2024,10:31:02,956.95,1012.6,160,1016.6,240,0,0
FINNIFTY02JAN2420350CE.NFO,02/01/2024,10:31:03,956.95,1012.45,80,1017.1,120,0,0
FINNIFTY02JAN2420350CE.NFO,02/01/2024,10:31:05,956.95,1013.15,120,1017.8,2520,0,0
FINNIFTY02JAN2420350CE.NFO,02/01/2024,10:31:07,956.95,1013.35,240,1018.45,200,0,0
FINNIFTY02JAN2420350CE.NFO,02/01/2024,10:31:08,956.95,1011.8,200,1016.75,120,0,0
FINNIFTY02JAN2420350CE.NFO,02/01/2024,10:31:10,956.95,1012.4,200,1016.95,120,0,0
FINNIFTY02JAN2420350CE.NFO,02/01/2024,10:31:12,956.95,1013.3,200,1018.35,3240,0,0
FINNIFTY02JAN2420350CE.NFO,02/01/2024,10:31:13,956.95,1010.05,120,1015.85,120,0,0
FINNIFTY02JAN2420350CE.NFO,02/01/2024,10:31:15,956.95,1011.7,80,1015.7,200,0,0
FINNIFTY02JAN2420350CE.NFO,02/01/2024,10:31:17,956.95,1012.2,120,1016.4,200,0,0
FINNIFTY02JAN2420350CE.NFO,02/01/2024,10:31:19,956.95,1011.8,200,1015.75,360,0,0
FINNIFTY02JAN2420350CE.NFO,02/01/2024,10:31:20,956.95,1011.6,120,1015.7,120,0,0
FINNIFTY02JAN2420350CE.NFO,02/01/2024,10:31:22,956.95,1011.7,160,1015.65,120,0,0
FINNIFTY02JAN2420350CE.NFO,02/01/2024,10:31:23,956.95,1011.55,200,1015.6,80,0,0
FINNIFTY02JAN2420350CE.NFO,02/01/2024,10:31:25,956.95,1012.4,200,1018.5,200,0,0
FINNIFTY02JAN2420350CE.NFO,02/01/2024,10:31:27,956.95,1011.7,200,1015.9,400,0,0
FINNIFTY02JAN2420350CE.NFO,02/01/2024,10:31:28,956.95,1011.6,200,1015.45,120,0,0
FINNIFTY02JAN2420350CE.NFO,02/01/2024,10:31:30,956.95,1012.45,160,1017.75,200,0,0
FINNIFTY02JAN2420350CE.NFO,02/01/2024,10:31:32,956.95,1013.55,120,1017.45,280,0,0
FINNIFTY02JAN2420350CE.NFO,02/01/2024,10:31:33,956.95,1015.15,200,1020.05,160,0,0
FINNIFTY02JAN2420350CE.NFO,02/01/2024,10:31:35,956.95,1016.7,200,1030.55,760,0,0
FINNIFTY02JAN2420350CE.NFO,02/01/2024,10:31:37,956.95,1018,200,1026.9,200,0,0
FINNIFTY02JAN2420350CE.NFO,02/01/2024,10:31:38,956.95,1019.35,120,1026.8,800,0,0
FINNIFTY02JAN2420350CE.NFO,02/01/2024,10:31:40,956.95,1020.7,120,1026.65,120,0,0
FINNIFTY02JAN2420350CE.NFO,02/01/2024,10:31:42,956.95,1022,200,1027.75,200,0,0
FINNIFTY02JAN2420350CE.NFO,02/01/2024,10:31:43,956.95,1013.05,160,1025.65,520,0,0
FINNIFTY02JAN2420350CE.NFO,02/01/2024,10:31:45,956.95,1016.65,160,1025.4,160,0,0
FINNIFTY02JAN2420350CE.NFO,02/01/2024,10:31:47,956.95,1020.65,200,1029,520,0,0
FINNIFTY02JAN2420350CE.NFO,02/01/2024,10:31:48,956.95,1022.2,160,1037.2,160,0,0
FINNIFTY02JAN2420350CE.NFO,02/01/2024,10:31:50,956.95,1024.75,240,1035.3,120,0,0
FINNIFTY02JAN2420350CE.NFO,02/01/2024,10:31:52,956.95,1024.15,160,1032,160,0,0
FINNIFTY02JAN2420350CE.NFO,02/01/2024,10:31:53,956.95,1024.65,160,1029.55,160,0,0
FINNIFTY02JAN2420350CE.NFO,02/01/2024,10:31:55,956.95,1024.95,160,1030.95,2320,0,0
FINNIFTY02JAN2420350CE.NFO,02/01/2024,10:31:57,956.95,1025.7,200,1030.25,440,0,0
FINNIFTY02JAN2420350CE.NFO,02/01/2024,10:31:58,956.95,1025.35,400,1030.65,160,0,0
FINNIFTY02JAN2420350CE.NFO,02/01/2024,10:32:00,956.95,1020.55,240,1030.5,1320,0,0
FINNIFTY02JAN2420350CE.NFO,02/01/2024,10:32:02,956.95,1025.05,120,1032.75,1480,0,0
FINNIFTY02JAN2420350CE.NFO,02/01/2024,10:32:03,956.95,1026.5,240,1032.75,1280,0,0
FINNIFTY02JAN2420350CE.NFO,02/01/2024,10:32:05,956.95,1024,80,1028.7,200,0,0
FINNIFTY02JAN2420350CE.NFO,02/01/2024,10:32:07,956.95,1022.3,640,1028.25,960,0,0
FINNIFTY02JAN2420350CE.NFO,02/01/2024,10:32:08,956.95,1021.05,200,1026.35,160,0,0
FINNIFTY02JAN2420350CE.NFO,02/01/2024,10:32:10,956.95,1021.15,80,1025.55,200,0,0
FINNIFTY02JAN2420350CE.NFO,02/01/2024,10:32:12,956.95,1021.2,200,1026.1,760,0,0
FINNIFTY02JAN2420350CE.NFO,02/01/2024,10:32:13,956.95,1021.3,80,1025.2,80,0,0
FINNIFTY02JAN2420350CE.NFO,02/01/2024,10:32:15,956.95,1020.55,200,1024.75,200,0,0
FINNIFTY02JAN2420350CE.NFO,02/01/2024,10:32:16,956.95,1020.8,200,1028.9,120,0,0
FINNIFTY02JAN2420350CE.NFO,02/01/2024,10:32:18,956.95,1021.9,400,1028.7,200,0,0
FINNIFTY02JAN2420350CE.NFO,02/01/2024,10:32:20,956.95,1008.5,560,1025.25,440,0,0
FINNIFTY02JAN2420350CE.NFO,02/01/2024,10:32:21,956.95,1017.95,200,1023.25,120,0,0
FINNIFTY02JAN2420350CE.NFO,02/01/2024,10:32:23,956.95,1019.15,120,1024.35,3480,0,0
FINNIFTY02JAN2420350CE.NFO,02/01/2024,10:32:25,956.95,1018.5,200,1023.35,200,0,0
FINNIFTY02JAN2420350CE.NFO,02/01/2024,10:32:26,956.95,1016.6,80,1021.1,120,0,0
FINNIFTY02JAN2420350CE.NFO,02/01/2024,10:32:28,956.95,1017.35,200,1022.7,160,0,0
FINNIFTY02JAN2420350CE.NFO,02/01/2024,10:32:30,956.95,1016.8,80,1020.8,120,0,0
FINNIFTY02JAN2420350CE.NFO,02/01/2024,10:32:30,956.95,1016.8,200,1021.1,160,0,0
FINNIFTY02JAN2420350CE.NFO,02/01/2024,10:32:32,956.95,1015.85,200,1019.85,120,0,0
FINNIFTY02JAN2420350CE.NFO,02/01/2024,10:32:33,956.95,1015.65,200,1019.75,120,0,0
FINNIFTY02JAN2420350CE.NFO,02/01/2024,10:32:35,956.95,1015,120,1019.2,120,0,0
FINNIFTY02JAN2420350CE.NFO,02/01/2024,10:32:37,956.95,1015.3,120,1019.6,760,0,0
FINNIFTY02JAN2420350CE.NFO,02/01/2024,10:32:38,956.95,1015,120,1019.2,80,0,0
FINNIFTY02JAN2420350CE.NFO,02/01/2024,10:32:40,956.95,1013.65,120,1018.35,120,0,0
FINNIFTY02JAN2420350CE.NFO,02/01/2024,10:32:42,956.95,1014.1,560,1018.9,160,0,0
FINNIFTY02JAN2420350CE.NFO,02/01/2024,10:32:43,956.95,1013.2,160,1017.25,120,0,0
FINNIFTY02JAN2420350CE.NFO,02/01/2024,10:32:45,956.95,1014.3,120,1019.5,240,0,0
FINNIFTY02JAN2420350CE.NFO,02/01/2024,10:32:47,956.95,1013.15,200,1017.85,200,0,0
FINNIFTY02JAN2420350CE.NFO,02/01/2024,10:32:48,956.95,1012.55,120,1016.95,360,0,0
FINNIFTY02JAN2420350CE.NFO,02/01/2024,10:32:50,956.95,1012.85,200,1016.65,120,0,0
FINNIFTY02JAN2420350CE.NFO,02/01/2024,10:32:51,956.95,1012.95,80,1017.9,160,0,0
FINNIFTY02JAN2420350CE.NFO,02/01/2024,10:32:53,956.95,1013.05,120,1017.15,240,0,0
FINNIFTY02JAN2420350CE.NFO,02/01/2024,10:32:55,956.95,1014,160,1018.95,80,0,0
FINNIFTY02JAN2420350CE.NFO,02/01/2024,10:32:56,956.95,1014.25,120,1018.75,120,0,0
FINNIFTY02JAN2420350CE.NFO,02/01/2024,10:32:58,956.95,1015,80,1020.05,1760,0,0
FINNIFTY02JAN2420350CE.NFO,02/01/2024,10:33:00,956.95,1015.55,200,1021.95,40,0,0
FINNIFTY02JAN2420350CE.NFO,02/01/2024,10:33:01,956.95,1014.6,200,1019.15,160,0,0
FINNIFTY02JAN2420350CE.NFO,02/01/2024,10:33:03,956.95,1014.75,80,1019,200,0,0
FINNIFTY02JAN2420350CE.NFO,02/01/2024,10:33:05,956.95,1014.6,720,1019.05,160,0,0
FINNIFTY02JAN2420350CE.NFO,02/01/2024,10:33:06,956.95,1015.45,200,1020.3,760,0,0
FINNIFTY02JAN2420350CE.NFO,02/01/2024,10:33:08,956.95,1016.05,120,1020.35,1320,0,0
FINNIFTY02JAN2420350CE.NFO,02/01/2024,10:33:10,956.95,1016.55,80,1026.6,80,0,0
FINNIFTY02JAN2420350CE.NFO,02/01/2024,10:33:11,956.95,1016.95,160,1022,240,0,0
FINNIFTY02JAN2420350CE.NFO,02/01/2024,10:33:13,956.95,1016.9,240,1021,120,0,0
FINNIFTY02JAN2420350CE.NFO,02/01/2024,10:33:15,956.95,1016.15,160,1020.65,120,0,0
FINNIFTY02JAN2420350CE.NFO,02/01/2024,10:33:16,956.95,1016.4,200,1020.9,160,0,0
FINNIFTY02JAN2420350CE.NFO,02/01/2024,10:33:18,956.95,1016.6,200,1030.9,120,0,0
FINNIFTY02JAN2420350CE.NFO,02/01/2024,10:33:20,956.95,1017.15,120,1023.6,120,0,0
FINNIFTY02JAN2420350CE.NFO,02/01/2024,10:33:21,956.95,1017.55,240,1023.5,1720,0,0
FINNIFTY02JAN2420350CE.NFO,02/01/2024,10:33:23,956.95,1018.6,160,1023.5,120,0,0
FINNIFTY02JAN2420350CE.NFO,02/01/2024,10:33:25,956.95,1017.95,200,1021.9,200,0,0
FINNIFTY02JAN2420350CE.NFO,02/01/2024,10:33:26,956.95,1010.65,2320,1021.15,120,0,0
FINNIFTY02JAN2420350CE.NFO,02/01/2024,10:33:28,956.95,1017.1,120,1021.25,80,0,0
FINNIFTY02JAN2420350CE.NFO,02/01/2024,10:33:31,956.95,1015.15,120,1019.6,480,0,0
FINNIFTY02JAN2420350CE.NFO,02/01/2024,10:33:32,956.95,1014.05,80,1018.9,80,0,0
FINNIFTY02JAN2420350CE.NFO,02/01/2024,10:33:34,956.95,1014.15,200,1018.05,120,0,0
FINNIFTY02JAN2420350CE.NFO,02/01/2024,10:33:36,956.95,1012.85,200,1017.95,200,0,0
FINNIFTY02JAN2420350CE.NFO,02/01/2024,10:33:37,956.95,1012.85,120,1017.45,280,0,0
FINNIFTY02JAN2420350CE.NFO,02/01/2024,10:33:39,956.95,1013.45,160,1017.7,160,0,0
FINNIFTY02JAN2420350CE.NFO,02/01/2024,10:33:41,956.95,1014.05,80,1018.45,1440,0,0
FINNIFTY02JAN2420350CE.NFO,02/01/2024,10:33:42,956.95,1013.25,120,1017.25,120,0,0
FINNIFTY02JAN2420350CE.NFO,02/01/2024,10:33:44,956.95,1013.65,120,1018.15,240,0,0
FINNIFTY02JAN2420350CE.NFO,02/01/2024,10:33:46,956.95,1013.65,120,1017.7,360,0,0
FINNIFTY02JAN2420350CE.NFO,02/01/2024,10:33:47,956.95,1010.75,40,1016.95,720,0,0
FINNIFTY02JAN2420350CE.NFO,02/01/2024,10:33:49,956.95,1013.1,200,1017.85,160,0,0
FINNIFTY02JAN2420350CE.NFO,02/01/2024,10:33:51,956.95,1013.7,120,1018.3,600,0,0
FINNIFTY02JAN2420350CE.NFO,02/01/2024,10:33:52,956.95,1013.3,200,1017.7,120,0,0
FINNIFTY02JAN2420350CE.NFO,02/01/2024,10:33:54,956.95,1011.95,3080,1017,360,0,0
FINNIFTY02JAN2420350CE.NFO,02/01/2024,10:33:55,956.95,1012.45,120,1017.15,80,0,0
FINNIFTY02JAN2420350CE.NFO,02/01/2024,10:33:57,956.95,1012.55,280,1016.8,560,0,0
FINNIFTY02JAN2420350CE.NFO,02/01/2024,10:33:59,956.95,1012.65,120,1016.7,160,0,0
FINNIFTY02JAN2420350CE.NFO,02/01/2024,10:34:00,956.95,1012.6,160,1055.2,80,0,0
FINNIFTY02JAN2420350CE.NFO,02/01/2024,10:34:02,956.95,1014.15,120,1051.3,160,0,0
FINNIFTY02JAN2420350CE.NFO,02/01/2024,10:34:04,956.95,1012.2,200,1047.05,120,0,0
FINNIFTY02JAN2420350CE.NFO,02/01/2024,10:34:05,956.95,1012.8,200,1041.45,200,0,0
FINNIFTY02JAN2420350CE.NFO,02/01/2024,10:34:07,956.95,1012.25,120,1035.15,320,0,0
FINNIFTY02JAN2420350CE.NFO,02/01/2024,10:34:08,956.95,1012.25,120,1029.9,120,0,0
FINNIFTY02JAN2420350CE.NFO,02/01/2024,10:34:10,956.95,1012.05,120,1016.55,240,0,0
FINNIFTY02JAN2420350CE.NFO,02/01/2024,10:34:12,956.95,1012.15,200,1016.05,200,0,0
FINNIFTY02JAN2420350CE.NFO,02/01/2024,10:34:13,956.95,1012.9,280,1017.15,160,0,0
FINNIFTY02JAN2420350CE.NFO,02/01/2024,10:34:15,956.95,1013.6,200,1018.65,2880,0,0
FINNIFTY02JAN2420350CE.NFO,02/01/2024,10:34:17,956.95,1014.65,120,1019.35,200,0,0
FINNIFTY02JAN2420350CE.NFO,02/01/2024,10:34:18,956.95,1014.8,200,1019.1,200,0,0
FINNIFTY02JAN2420350CE.NFO,02/01/2024,10:34:20,956.95,1014.95,120,1019.25,120,0,0
FINNIFTY02JAN2420350CE.NFO,02/01/2024,10:34:22,956.95,1015.35,160,1019.35,520,0,0
FINNIFTY02JAN2420350CE.NFO,02/01/2024,10:34:23,956.95,1015.55,120,1020.8,3320,0,0
FINNIFTY02JAN2420350CE.NFO,02/01/2024,10:34:25,956.95,1015.6,200,1019.6,120,0,0
FINNIFTY02JAN2420350CE.NFO,02/01/2024,10:34:26,956.95,1016.25,160,1020.2,200,0,0
FINNIFTY02JAN2420350CE.NFO,02/01/2024,10:34:28,956.95,1016.05,160,1020.75,280,0,0
FINNIFTY02JAN2420350CE.NFO,02/01/2024,10:34:30,956.95,1015.95,200,1020.25,400,0,0
FINNIFTY02JAN2420350CE.NFO,02/01/2024,10:34:31,956.95,1016.1,120,1020.45,1480,0,0
FINNIFTY02JAN2420350CE.NFO,02/01/2024,10:34:33,956.95,1016.6,120,1020.4,120,0,0
FINNIFTY02JAN2420350CE.NFO,02/01/2024,10:34:34,956.95,1016.7,280,1024.3,80,0,0
FINNIFTY02JAN2420350CE.NFO,02/01/2024,10:34:36,956.95,1016.3,160,1021.45,520,0,0
FINNIFTY02JAN2420350CE.NFO,02/01/2024,10:34:38,956.95,1016.3,120,1020.6,200,0,0
FINNIFTY02JAN2420350CE.NFO,02/01/2024,10:34:39,956.95,1016.1,200,1020.2,200,0,0
FINNIFTY02JAN2420350CE.NFO,02/01/2024,10:34:41,956.95,1012.55,160,1018.35,160,0,0
FINNIFTY02JAN2420350CE.NFO,02/01/2024,10:34:43,956.95,1013.6,120,1018.25,2320,0,0
FINNIFTY02JAN2420350CE.NFO,02/01/2024,10:34:44,956.95,1013.9,200,1018,200,0,0
FINNIFTY02JAN2420350CE.NFO,02/01/2024,10:34:46,956.95,1013.5,200,1017.45,360,0,0
FINNIFTY02JAN2420350CE.NFO,02/01/2024,10:34:48,956.95,1012.7,200,1016.7,200,0,0
FINNIFTY02JAN2420350CE.NFO,02/01/2024,10:34:49,956.95,1011.95,200,1016.35,80,0,0
FINNIFTY02JAN2420350CE.NFO,02/01/2024,10:34:51,956.95,1013.1,80,1018.85,2320,0,0
FINNIFTY02JAN2420350CE.NFO,02/01/2024,10:34:53,956.95,1013.25,200,1017.3,160,0,0
FINNIFTY02JAN2420350CE.NFO,02/01/2024,10:34:54,956.95,1012.15,120,1016.9,360,0,0
FINNIFTY02JAN2420350CE.NFO,02/01/2024,10:34:56,956.95,1012.85,120,1016.9,360,0,0
FINNIFTY02JAN2420350CE.NFO,02/01/2024,10:34:57,956.95,1012.85,200,1016.8,200,0,0
FINNIFTY02JAN2420350CE.NFO,02/01/2024,10:34:59,956.95,1013.55,120,1018.05,120,0,0
FINNIFTY02JAN2420350CE.NFO,02/01/2024,10:35:01,956.95,1013.7,120,1018.05,360,0,0
FINNIFTY02JAN2420350CE.NFO,02/01/2024,10:35:02,956.95,1014.1,120,1018.45,360,0,0
FINNIFTY02JAN2420350CE.NFO,02/01/2024,10:35:04,956.95,1014.8,160,1018.75,200,0,0
FINNIFTY02JAN2420350CE.NFO,02/01/2024,10:35:06,956.95,1013.85,200,1017.85,120,0,0
FINNIFTY02JAN2420350CE.NFO,02/01/2024,10:35:07,956.95,1013.8,200,1017.8,120,0,0
FINNIFTY02JAN2420350CE.NFO,02/01/2024,10:35:09,956.95,1011.6,120,1016.4,200,0,0
FINNIFTY02JAN2420350CE.NFO,02/01/2024,10:35:10,956.95,990.05,80,1015.15,160,0,0
FINNIFTY02JAN2420350CE.NFO,02/01/2024,10:35:12,956.95,1011.15,160,1057.2,1440,0,0
FINNIFTY02JAN2420350CE.NFO,02/01/2024,10:35:14,956.95,1012.85,160,1017.85,640,0,0
FINNIFTY02JAN2420350CE.NFO,02/01/2024,10:35:15,956.95,1013.35,120,1019.3,160,0,0
FINNIFTY02JAN2420350CE.NFO,02/01/2024,10:35:17,956.95,1013.45,200,1017.6,240,0,0
FINNIFTY02JAN2420350CE.NFO,02/01/2024,10:35:19,956.95,1013.95,200,1018,200,0,0
FINNIFTY02JAN2420350CE.NFO,02/01/2024,10:35:20,956.95,1013.15,120,1017.15,120,0,0
FINNIFTY02JAN2420350CE.NFO,02/01/2024,10:35:22,956.95,1012.1,80,1016.2,200,0,0
FINNIFTY02JAN2420350CE.NFO,02/01/2024,10:35:24,956.95,1011.95,120,1016.05,120,0,0
FINNIFTY02JAN2420350CE.NFO,02/01/2024,10:35:25,956.95,1012.75,120,1017.95,2240,0,0
FINNIFTY02JAN2420350CE.NFO,02/01/2024,10:35:27,956.95,1012.8,120,1017,240,0,0
FINNIFTY02JAN2420350CE.NFO,02/01/2024,10:35:29,956.95,1012.6,120,1016.35,120,0,0
FINNIFTY02JAN2420350CE.NFO,02/01/2024,10:35:31,956.95,1013.45,120,1017.5,120,0,0
FINNIFTY02JAN2420350CE.NFO,02/01/2024,10:35:32,956.95,1013.15,120,1017,120,0,0
FINNIFTY02JAN2420350CE.NFO,02/01/2024,10:35:34,956.95,1012.85,120,1017.35,1840,0,0
FINNIFTY02JAN2420350CE.NFO,02/01/2024,10:35:36,956.95,1012.75,160,1016.85,200,0,0
FINNIFTY02JAN2420350CE.NFO,02/01/2024,10:35:37,956.95,1012.6,120,1017.7,1600,0,0
FINNIFTY02JAN2420350CE.NFO,02/01/2024,10:35:39,956.95,1011.7,120,1017.1,200,0,0
FINNIFTY02JAN2420350CE.NFO,02/01/2024,10:35:41,956.95,1012.3,80,1016.6,440,0,0
