Ticker,Date,Time,LTP,BuyPrice,BuyQty,SellPrice,SellQty,LTQ,OpenInterest
FINNIFTY02JAN2421900PE.NFO,02/01/2024,09:15:53,492.45,490.75,120,492.7,40,200,4320
FINNIFTY02JAN2421900PE.NFO,02/01/2024,09:15:53,492.5,490.75,120,492.7,40,0,4320
FINNIFTY02JAN2421900PE.NFO,02/01/2024,09:15:53,492.5,490.75,120,492.7,40,0,4320
FINNIFTY02JAN2421900PE.NFO,02/01/2024,09:15:53,492.45,490.75,120,492.7,40,0,4320
FINNIFTY02JAN2421900PE.NFO,02/01/2024,09:15:54,492.5,491.25,80,492.9,120,0,4320
FINNIFTY02JAN2421900PE.NFO,02/01/2024,09:15:55,492.5,490.8,80,492.5,600,0,4320
FINNIFTY02JAN2421900PE.NFO,02/01/2024,09:15:56,492.5,492.15,40,494.45,40,0,4320
FINNIFTY02JAN2421900PE.NFO,02/01/2024,09:15:57,492.5,491.55,40,493.9,40,0,4320
FINNIFTY02JAN2421900PE.NFO,02/01/2024,09:15:57,492.5,491.8,280,493.95,160,0,4320
FINNIFTY02JAN2421900PE.NFO,02/01/2024,09:15:58,493.8,492.25,80,494.3,40,40,4320
FINNIFTY02JAN2421900PE.NFO,02/01/2024,09:15:58,493.8,492.25,80,494.3,40,0,4320
FINNIFTY02JAN2421900PE.NFO,02/01/2024,09:16:00,493.8,490.65,80,492.85,200,0,4320
FINNIFTY02JAN2421900PE.NFO,02/01/2024,09:16:01,493.8,491.5,160,493.45,600,0,4320
FINNIFTY02JAN2421900PE.NFO,02/01/2024,09:16:02,493.8,491.05,40,492.9,40,0,4320
FINNIFTY02JAN2421900PE.NFO,02/01/2024,09:16:03,493.8,490.5,120,492.35,80,0,4320
FINNIFTY02JAN2421900PE.NFO,02/01/2024,09:16:04,493.8,489.75,40,491.5,600,0,4320
FINNIFTY02JAN2421900PE.NFO,02/01/2024,09:16:04,493.8,489.7,200,491.7,200,0,4320
FINNIFTY02JAN2421900PE.NFO,02/01/2024,09:16:06,493.8,488.55,80,490.3,40,0,4320
FINNIFTY02JAN2421900PE.NFO,02/01/2024,09:16:07,493.8,485.4,120,487.7,240,0,4320
FINNIFTY02JAN2421900PE.NFO,02/01/2024,09:16:08,493.8,485.3,80,487.35,80,0,4320
FINNIFTY02JAN2421900PE.NFO,02/01/2024,09:16:09,493.8,486.15,40,489.5,600,0,4320
FINNIFTY02JAN2421900PE.NFO,02/01/2024,09:16:10,493.8,486.75,40,488.7,120,0,4320
FINNIFTY02JAN2421900PE.NFO,02/01/2024,09:16:10,493.8,486.65,40,488.5,600,0,4320
FINNIFTY02JAN2421900PE.NFO,02/01/2024,09:16:11,493.8,487.05,200,489.2,120,0,4320
FINNIFTY02JAN2421900PE.NFO,02/01/2024,09:16:13,493.8,486.2,40,488.1,200,0,4320
FINNIFTY02JAN2421900PE.NFO,02/01/2024,09:16:14,493.8,486.75,80,488.65,200,0,4320
FINNIFTY02JAN2421900PE.NFO,02/01/2024,09:16:15,493.8,488.5,120,490.4,80,0,4320
FINNIFTY02JAN2421900PE.NFO,02/01/2024,09:16:16,493.8,489.15,40,491.15,80,0,4320
FINNIFTY02JAN2421900PE.NFO,02/01/2024,09:16:17,493.8,489.15,80,490.8,160,0,4320
FINNIFTY02JAN2421900PE.NFO,02/01/2024,09:16:17,493.8,489.5,80,491.45,120,0,4320
FINNIFTY02JAN2421900PE.NFO,02/01/2024,09:16:18,493.8,489.6,40,491.35,40,0,4320
FINNIFTY02JAN2421900PE.NFO,02/01/2024,09:16:20,493.8,490.45,40,492.2,120,0,4320
FINNIFTY02JAN2421900PE.NFO,02/01/2024,09:16:21,493.8,491,160,492.75,400,0,4320
FINNIFTY02JAN2421900PE.NFO,02/01/2024,09:16:22,493.8,492.7,160,494.8,40,0,4320
FINNIFTY02JAN2421900PE.NFO,02/01/2024,09:16:23,493.8,492.8,40,494.5,600,0,4320
FINNIFTY02JAN2421900PE.NFO,02/01/2024,09:16:24,493.8,492.95,80,494.7,120,0,4320
FINNIFTY02JAN2421900PE.NFO,02/01/2024,09:16:25,493.8,493.85,80,495.7,200,0,4320
FINNIFTY02JAN2421900PE.NFO,02/01/2024,09:16:25,493.8,494.1,40,495.8,80,0,4320
FINNIFTY02JAN2421900PE.NFO,02/01/2024,09:16:27,493.8,494.8,40,496.65,120,0,4320
FINNIFTY02JAN2421900PE.NFO,02/01/2024,09:16:28,493.8,495.05,80,496.7,120,0,4320
FINNIFTY02JAN2421900PE.NFO,02/01/2024,09:16:29,493.8,494.6,40,496.25,120,0,4320
FINNIFTY02JAN2421900PE.NFO,02/01/2024,09:16:30,493.8,492.1,80,493.95,40,0,4320
FINNIFTY02JAN2421900PE.NFO,02/01/2024,09:16:31,493.8,492.2,80,493.95,200,0,4320
FINNIFTY02JAN2421900PE.NFO,02/01/2024,09:16:32,493.8,493.25,200,495.25,40,0,4320
FINNIFTY02JAN2421900PE.NFO,02/01/2024,09:16:32,493.8,493.55,40,495.65,80,0,4320
FINNIFTY02JAN2421900PE.NFO,02/01/2024,09:16:33,493.8,494.35,40,496.1,40,0,4320
FINNIFTY02JAN2421900PE.NFO,02/01/2024,09:16:35,493.8,494.25,40,495.95,680,0,4320
FINNIFTY02JAN2421900PE.NFO,02/01/2024,09:16:36,493.8,492.65,40,494.45,80,0,4320
FINNIFTY02JAN2421900PE.NFO,02/01/2024,09:16:37,493.8,493.55,160,495.45,320,0,4320
FINNIFTY02JAN2421900PE.NFO,02/01/2024,09:16:38,493.8,494.35,80,496.1,120,0,4320
FINNIFTY02JAN2421900PE.NFO,02/01/2024,09:16:39,493.8,494.2,40,496.05,40,0,4320
FINNIFTY02JAN2421900PE.NFO,02/01/2024,09:16:40,493.8,493.95,160,495.65,40,0,4320
FINNIFTY02JAN2421900PE.NFO,02/01/2024,09:16:40,493.8,493.7,40,495.35,160,0,4320
FINNIFTY02JAN2421900PE.NFO,02/01/2024,09:16:42,493.8,493.25,40,494.9,120,0,4320
FINNIFTY02JAN2421900PE.NFO,02/01/2024,09:16:43,493.8,492.75,240,494.35,120,0,4320
FINNIFTY02JAN2421900PE.NFO,02/01/2024,09:16:44,493.8,490.4,40,492.45,120,0,4320
FINNIFTY02JAN2421900PE.NFO,02/01/2024,09:16:45,493.8,489.25,160,491,40,0,4320
FINNIFTY02JAN2421900PE.NFO,02/01/2024,09:16:46,493.8,489.5,120,491,200,0,4320
FINNIFTY02JAN2421900PE.NFO,02/01/2024,09:16:47,493.8,489.15,40,490.8,80,0,4320
FINNIFTY02JAN2421900PE.NFO,02/01/2024,09:16:47,493.8,488.8,40,490.6,40,0,4320
FINNIFTY02JAN2421900PE.NFO,02/01/2024,09:16:48,493.8,488.35,80,490.1,40,0,4320
FINNIFTY02JAN2421900PE.NFO,02/01/2024,09:16:50,493.8,487.4,200,489.15,240,0,4320
FINNIFTY02JAN2421900PE.NFO,02/01/2024,09:16:51,493.8,488.8,40,490.35,400,0,4320
FINNIFTY02JAN2421900PE.NFO,02/01/2024,09:16:52,493.8,488.2,40,490.15,400,0,4320
FINNIFTY02JAN2421900PE.NFO,02/01/2024,09:16:53,493.8,489.2,80,490.95,80,0,4320
FINNIFTY02JAN2421900PE.NFO,02/01/2024,09:16:54,493.8,490.8,80,492.65,40,0,4320
FINNIFTY02JAN2421900PE.NFO,02/01/2024,09:16:54,493.8,491,40,492.75,120,0,4320
FINNIFTY02JAN2421900PE.NFO,02/01/2024,09:16:56,493.8,490.6,480,492.75,120,0,4320
FINNIFTY02JAN2421900PE.NFO,02/01/2024,09:16:57,493.8,490.4,80,492.3,40,0,4320
FINNIFTY02JAN2421900PE.NFO,02/01/2024,09:16:58,493.8,489.1,80,490.9,120,0,4320
FINNIFTY02JAN2421900PE.NFO,02/01/2024,09:16:59,493.8,488.95,40,490.4,120,0,4320
FINNIFTY02JAN2421900PE.NFO,02/01/2024,09:17:00,493.8,489.3,40,491.25,120,0,4320
FINNIFTY02JAN2421900PE.NFO,02/01/2024,09:17:01,493.8,489.3,40,491.25,80,0,4320
FINNIFTY02JAN2421900PE.NFO,02/01/2024,09:17:01,493.8,489.45,40,491.2,120,0,4320
FINNIFTY02JAN2421900PE.NFO,02/01/2024,09:17:03,490.65,489.65,40,491.75,80,400,4320
FINNIFTY02JAN2421900PE.NFO,02/01/2024,09:17:03,490.65,489.65,40,491.75,80,0,4320
FINNIFTY02JAN2421900PE.NFO,02/01/2024,09:17:04,490.65,490.2,40,492.1,40,0,4320
FINNIFTY02JAN2421900PE.NFO,02/01/2024,09:17:05,490.65,489.85,40,491.5,120,0,4320
FINNIFTY02JAN2421900PE.NFO,02/01/2024,09:17:06,490.65,490.1,40,491.6,80,0,4320
FINNIFTY02JAN2421900PE.NFO,02/01/2024,09:17:07,490.65,489.15,80,490.75,40,0,4320
FINNIFTY02JAN2421900PE.NFO,02/01/2024,09:17:07,490.65,489.25,40,490.75,120,0,4320
FINNIFTY02JAN2421900PE.NFO,02/01/2024,09:17:08,490.65,489.8,80,491.45,40,0,4320
FINNIFTY02JAN2421900PE.NFO,02/01/2024,09:17:10,490.65,490,80,491.5,280,0,4320
FINNIFTY02JAN2421900PE.NFO,02/01/2024,09:17:11,490.65,490.8,40,492.35,280,0,4320
FINNIFTY02JAN2421900PE.NFO,02/01/2024,09:17:12,490.65,490.7,120,492.25,80,0,4320
FINNIFTY02JAN2421900PE.NFO,02/01/2024,09:17:13,490.65,490.35,40,491.65,40,0,4320
FINNIFTY02JAN2421900PE.NFO,02/01/2024,09:17:14,490.65,490.35,120,491.7,40,0,4320
FINNIFTY02JAN2421900PE.NFO,02/01/2024,09:17:14,490.65,490.6,40,492.3,80,0,4320
FINNIFTY02JAN2421900PE.NFO,02/01/2024,09:17:16,490.65,489.75,40,491.35,40,0,4320
FINNIFTY02JAN2421900PE.NFO,02/01/2024,09:17:17,490.65,488.95,120,490.4,120,0,4320
FINNIFTY02JAN2421900PE.NFO,02/01/2024,09:17:18,490.65,487.5,160,488.95,40,0,4320
FINNIFTY02JAN2421900PE.NFO,02/01/2024,09:17:19,490.65,486.75,120,488.35,40,0,4320
FINNIFTY02JAN2421900PE.NFO,02/01/2024,09:17:20,490.65,487.1,40,488.55,200,0,4320
FINNIFTY02JAN2421900PE.NFO,02/01/2024,09:17:20,490.65,486.85,40,488.4,40,0,4320
FINNIFTY02JAN2421900PE.NFO,02/01/2024,09:17:22,490.65,487.1,40,488.6,40,0,4320
FINNIFTY02JAN2421900PE.NFO,02/01/2024,09:17:23,490.65,486.8,120,488.65,40,0,4320
FINNIFTY02JAN2421900PE.NFO,02/01/2024,09:17:24,490.65,486.85,120,488.35,40,0,4320
FINNIFTY02JAN2421900PE.NFO,02/01/2024,09:17:25,490.65,488.05,80,490,40,0,4320
FINNIFTY02JAN2421900PE.NFO,02/01/2024,09:17:26,490.65,487.45,40,489.2,80,0,4320
FINNIFTY02JAN2421900PE.NFO,02/01/2024,09:17:27,490.65,488.55,40,490.35,40,0,4320
FINNIFTY02JAN2421900PE.NFO,02/01/2024,09:17:27,490.65,488.8,160,490.7,40,0,4320
FINNIFTY02JAN2421900PE.NFO,02/01/2024,09:17:29,490.65,490.45,40,492.4,80,0,4320
FINNIFTY02JAN2421900PE.NFO,02/01/2024,09:17:30,490.65,490.7,160,492.25,40,0,4320
FINNIFTY02JAN2421900PE.NFO,02/01/2024,09:17:31,490.65,490.55,40,492.25,40,0,4320
FINNIFTY02JAN2421900PE.NFO,02/01/2024,09:17:32,490.65,488.6,80,490.45,400,0,4320
FINNIFTY02JAN2421900PE.NFO,02/01/2024,09:17:33,490.65,489.5,40,491.25,200,0,4320
FINNIFTY02JAN2421900PE.NFO,02/01/2024,09:17:34,490.65,489.85,120,491.45,120,0,4320
FINNIFTY02JAN2421900PE.NFO,02/01/2024,09:17:35,490.65,490.2,40,491.75,40,0,4320
FINNIFTY02JAN2421900PE.NFO,02/01/2024,09:17:36,490.65,490.2,40,492.15,240,0,4320
FINNIFTY02JAN2421900PE.NFO,02/01/2024,09:17:37,490.65,490.4,40,491.9,200,0,4320
FINNIFTY02JAN2421900PE.NFO,02/01/2024,09:17:38,490.65,488.9,80,490.6,240,0,4320
FINNIFTY02JAN2421900PE.NFO,02/01/2024,09:17:39,490.65,490.6,120,492.35,40,0,4320
FINNIFTY02JAN2421900PE.NFO,02/01/2024,09:17:40,490.65,490.75,80,492.25,200,0,4320
FINNIFTY02JAN2421900PE.NFO,02/01/2024,09:17:41,490.65,492.15,40,493.8,40,0,4320
FINNIFTY02JAN2421900PE.NFO,02/01/2024,09:17:42,490.65,491.95,80,493.6,200,0,4320
FINNIFTY02JAN2421900PE.NFO,02/01/2024,09:17:43,490.65,492.05,40,493.45,40,0,4320
FINNIFTY02JAN2421900PE.NFO,02/01/2024,09:17:44,490.65,492.1,80,493.7,40,0,4320
FINNIFTY02JAN2421900PE.NFO,02/01/2024,09:17:45,490.65,492.45,40,494,440,0,4320
FINNIFTY02JAN2421900PE.NFO,02/01/2024,09:17:46,490.65,492.45,80,494.05,200,0,4320
FINNIFTY02JAN2421900PE.NFO,02/01/2024,09:17:47,490.65,493.25,80,494.95,40,0,4320
FINNIFTY02JAN2421900PE.NFO,02/01/2024,09:17:48,490.65,492.1,80,493.7,120,0,4320
FINNIFTY02JAN2421900PE.NFO,02/01/2024,09:17:49,490.65,492.35,40,493.8,40,0,4320
FINNIFTY02JAN2421900PE.NFO,02/01/2024,09:17:50,490.65,491.45,80,493.15,40,0,4320
FINNIFTY02JAN2421900PE.NFO,02/01/2024,09:17:51,490.65,491.5,80,493.15,40,0,4320
FINNIFTY02JAN2421900PE.NFO,02/01/2024,09:17:52,490.65,491.5,40,493.05,40,0,4320
FINNIFTY02JAN2421900PE.NFO,02/01/2024,09:17:53,490.65,491.5,40,493.05,80,0,4320
FINNIFTY02JAN2421900PE.NFO,02/01/2024,09:17:54,490.65,491.3,200,492.9,120,0,4320
FINNIFTY02JAN2421900PE.NFO,02/01/2024,09:17:55,490.65,492.45,80,493.7,280,0,4320
FINNIFTY02JAN2421900PE.NFO,02/01/2024,09:17:56,490.65,491.7,80,493.35,200,0,4320
FINNIFTY02JAN2421900PE.NFO,02/01/2024,09:17:57,490.65,491.8,80,493.15,280,0,4320
FINNIFTY02JAN2421900PE.NFO,02/01/2024,09:17:58,490.65,491.35,40,492.85,120,0,4320
FINNIFTY02JAN2421900PE.NFO,02/01/2024,09:17:59,490.65,491.55,40,492.85,40,0,4320
FINNIFTY02JAN2421900PE.NFO,02/01/2024,09:18:00,490.65,491.75,40,493.25,40,0,4320
FINNIFTY02JAN2421900PE.NFO,02/01/2024,09:18:01,490.65,491.9,80,493.5,200,0,4320
FINNIFTY02JAN2421900PE.NFO,02/01/2024,09:18:02,490.65,490.2,80,491.7,40,0,4320
FINNIFTY02JAN2421900PE.NFO,02/01/2024,09:18:03,490.65,488.9,40,490.5,200,0,4320
FINNIFTY02JAN2421900PE.NFO,02/01/2024,09:18:04,490.65,489.35,80,490.8,40,0,4320
FINNIFTY02JAN2421900PE.NFO,02/01/2024,09:18:05,490.65,489.7,80,491.2,80,0,4320
FINNIFTY02JAN2421900PE.NFO,02/01/2024,09:18:06,490.65,489.45,40,490.9,40,0,4320
FINNIFTY02JAN2421900PE.NFO,02/01/2024,09:18:07,490.65,488.5,40,490,40,0,4320
FINNIFTY02JAN2421900PE.NFO,02/01/2024,09:18:08,490.65,488.1,80,489.55,200,0,4320
FINNIFTY02JAN2421900PE.NFO,02/01/2024,09:18:09,490.65,488.35,40,489.85,200,0,4320
FINNIFTY02JAN2421900PE.NFO,02/01/2024,09:18:10,490.65,489.55,80,490.95,280,0,4320
FINNIFTY02JAN2421900PE.NFO,02/01/2024,09:18:11,490.65,490.5,40,492.2,80,0,4320
FINNIFTY02JAN2421900PE.NFO,02/01/2024,09:18:12,490.65,490.2,80,491.7,40,0,4320
FINNIFTY02JAN2421900PE.NFO,02/01/2024,09:18:13,490.65,490.35,160,491.9,120,0,4320
FINNIFTY02JAN2421900PE.NFO,02/01/2024,09:18:14,490.65,489.55,120,491.1,120,0,4320
FINNIFTY02JAN2421900PE.NFO,02/01/2024,09:18:15,490.65,489.85,120,491.5,40,0,4320
FINNIFTY02JAN2421900PE.NFO,02/01/2024,09:18:16,490.65,491.35,40,492.95,120,0,4320
FINNIFTY02JAN2421900PE.NFO,02/01/2024,09:18:17,490.65,492.15,40,493.7,40,0,4320
FINNIFTY02JAN2421900PE.NFO,02/01/2024,09:18:18,490.65,493.1,200,494.65,200,0,4320
FINNIFTY02JAN2421900PE.NFO,02/01/2024,09:18:19,490.65,493.4,80,495.2,40,0,4320
FINNIFTY02JAN2421900PE.NFO,02/01/2024,09:18:20,490.65,494.05,80,495.85,400,0,4320
FINNIFTY02JAN2421900PE.NFO,02/01/2024,09:18:21,490.65,494.7,40,496.5,200,0,4320
FINNIFTY02JAN2421900PE.NFO,02/01/2024,09:18:22,490.65,492.75,40,495.2,120,0,4320
FINNIFTY02JAN2421900PE.NFO,02/01/2024,09:18:23,490.65,493.05,80,494.45,40,0,4320
FINNIFTY02JAN2421900PE.NFO,02/01/2024,09:18:24,490.65,494.05,120,495.95,440,0,4320
FINNIFTY02JAN2421900PE.NFO,02/01/2024,09:18:25,490.65,493.95,80,495.3,40,0,4320
FINNIFTY02JAN2421900PE.NFO,02/01/2024,09:18:26,490.65,494.45,80,496.1,40,0,4320
FINNIFTY02JAN2421900PE.NFO,02/01/2024,09:18:27,490.65,493.3,80,495.15,120,0,4320
FINNIFTY02JAN2421900PE.NFO,02/01/2024,09:18:28,490.65,492.75,40,494.15,40,0,4320
FINNIFTY02JAN2421900PE.NFO,02/01/2024,09:18:29,490.65,492.55,80,493.9,200,0,4320
FINNIFTY02JAN2421900PE.NFO,02/01/2024,09:18:30,490.65,492.95,80,494.65,40,0,4320
FINNIFTY02JAN2421900PE.NFO,02/01/2024,09:18:31,490.65,493.15,80,494.45,80,0,4320
FINNIFTY02JAN2421900PE.NFO,02/01/2024,09:18:32,490.65,493.6,120,495.5,40,0,4320
FINNIFTY02JAN2421900PE.NFO,02/01/2024,09:18:33,490.65,493.8,80,495.35,120,0,4320
FINNIFTY02JAN2421900PE.NFO,02/01/2024,09:18:34,490.65,492.85,80,494.3,80,0,4320
FINNIFTY02JAN2421900PE.NFO,02/01/2024,09:18:35,490.65,493.1,80,494.45,240,0,4320
FINNIFTY02JAN2421900PE.NFO,02/01/2024,09:18:36,490.65,492.9,80,494.2,200,0,4320
FINNIFTY02JAN2421900PE.NFO,02/01/2024,09:18:37,490.65,492.05,80,493.6,40,0,4320
FINNIFTY02JAN2421900PE.NFO,02/01/2024,09:18:38,490.65,491.35,80,492.8,40,0,4320
FINNIFTY02JAN2421900PE.NFO,02/01/2024,09:18:39,490.65,490.9,40,492.5,40,0,4320
FINNIFTY02JAN2421900PE.NFO,02/01/2024,09:18:40,490.65,490.95,40,492.5,360,0,4320
FINNIFTY02JAN2421900PE.NFO,02/01/2024,09:18:41,490.65,491.65,120,493.2,80,0,4320
FINNIFTY02JAN2421900PE.NFO,02/01/2024,09:18:42,490.65,491.35,80,492.7,120,0,4320
FINNIFTY02JAN2421900PE.NFO,02/01/2024,09:18:43,490.65,491.2,80,492.65,240,0,4320
FINNIFTY02JAN2421900PE.NFO,02/01/2024,09:18:44,490.65,489.1,80,490.7,120,0,4320
FINNIFTY02JAN2421900PE.NFO,02/01/2024,09:18:45,490.65,489.75,120,491.35,80,0,4320
FINNIFTY02JAN2421900PE.NFO,02/01/2024,09:18:46,490.65,489.8,80,491.5,40,0,4320
FINNIFTY02JAN2421900PE.NFO,02/01/2024,09:18:47,490.65,489.85,80,491.4,40,0,4320
FINNIFTY02JAN2421900PE.NFO,02/01/2024,09:18:48,490.65,489.45,80,491,80,0,4320
FINNIFTY02JAN2421900PE.NFO,02/01/2024,09:18:49,490.65,488.7,120,490.5,40,0,4320
FINNIFTY02JAN2421900PE.NFO,02/01/2024,09:18:50,490.65,488.65,40,490.25,40,0,4320
FINNIFTY02JAN2421900PE.NFO,02/01/2024,09:18:51,490.65,488,200,489.6,40,0,4320
FINNIFTY02JAN2421900PE.NFO,02/01/2024,09:18:52,490.65,488,160,489.65,40,0,4320
FINNIFTY02JAN2421900PE.NFO,02/01/2024,09:18:53,490.65,487.85,160,489.4,40,0,4320
FINNIFTY02JAN2421900PE.NFO,02/01/2024,09:18:54,490.65,488.2,40,489.6,40,0,4320
FINNIFTY02JAN2421900PE.NFO,02/01/2024,09:18:56,490.65,488.2,120,490.15,40,0,4320
FINNIFTY02JAN2421900PE.NFO,02/01/2024,09:18:57,490.65,488.7,200,490.6,40,0,4320
FINNIFTY02JAN2421900PE.NFO,02/01/2024,09:18:58,490.65,488.25,40,490,40,0,4320
FINNIFTY02JAN2421900PE.NFO,02/01/2024,09:18:59,490.65,488.1,160,489.95,240,0,4320
FINNIFTY02JAN2421900PE.NFO,02/01/2024,09:19:00,490.65,487.9,80,489.5,40,0,4320
FINNIFTY02JAN2421900PE.NFO,02/01/2024,09:19:01,490.65,487.45,80,489.2,80,0,4320
FINNIFTY02JAN2421900PE.NFO,02/01/2024,09:19:02,490.65,487.5,80,489.2,80,0,4320
FINNIFTY02JAN2421900PE.NFO,02/01/2024,09:19:03,490.65,488.95,40,490.85,80,0,4320
FINNIFTY02JAN2421900PE.NFO,02/01/2024,09:19:04,490.65,487.75,320,489.65,80,0,4320
FINNIFTY02JAN2421900PE.NFO,02/01/2024,09:19:05,490.65,488,40,489.65,320,0,4320
FINNIFTY02JAN2421900PE.NFO,02/01/2024,09:19:06,490.65,487.35,40,489.15,200,0,4320
FINNIFTY02JAN2421900PE.NFO,02/01/2024,09:19:07,490.65,487.6,40,489.3,40,0,4320
FINNIFTY02JAN2421900PE.NFO,02/01/2024,09:19:08,490.65,488.05,120,489.85,40,0,4320
FINNIFTY02JAN2421900PE.NFO,02/01/2024,09:19:09,490.65,488.7,40,490.45,80,0,4320
FINNIFTY02JAN2421900PE.NFO,02/01/2024,09:19:10,490.65,487.4,40,489.15,240,0,4320
FINNIFTY02JAN2421900PE.NFO,02/01/2024,09:19:11,490.65,486.55,80,488.2,40,0,4320
FINNIFTY02JAN2421900PE.NFO,02/01/2024,09:19:12,490.65,484,200,486.3,80,0,4320
FINNIFTY02JAN2421900PE.NFO,02/01/2024,09:19:13,490.65,484.6,40,486.35,40,0,4320
FINNIFTY02JAN2421900PE.NFO,02/01/2024,09:19:14,490.65,484.4,40,486.25,40,0,4320
FINNIFTY02JAN2421900PE.NFO,02/01/2024,09:19:15,490.65,483.65,40,485.35,40,0,4320
FINNIFTY02JAN2421900PE.NFO,02/01/2024,09:19:16,490.65,483.65,40,485.35,120,0,4320
FINNIFTY02JAN2421900PE.NFO,02/01/2024,09:19:17,490.65,484.35,120,486,40,0,4320
FINNIFTY02JAN2421900PE.NFO,02/01/2024,09:19:18,490.65,483.65,80,485.45,160,0,4320
FINNIFTY02JAN2421900PE.NFO,02/01/2024,09:19:19,490.65,483.95,40,485.85,40,0,4320
FINNIFTY02JAN2421900PE.NFO,02/01/2024,09:19:20,490.65,484,40,485.85,80,0,4320
FINNIFTY02JAN2421900PE.NFO,02/01/2024,09:19:21,490.65,484.15,40,485.95,80,0,4320
FINNIFTY02JAN2421900PE.NFO,02/01/2024,09:19:22,490.65,485.2,40,486.9,40,0,4320
FINNIFTY02JAN2421900PE.NFO,02/01/2024,09:19:23,490.65,486.35,40,487.9,40,0,4320
FINNIFTY02JAN2421900PE.NFO,02/01/2024,09:19:24,490.65,487.1,40,488.6,120,0,4320
FINNIFTY02JAN2421900PE.NFO,02/01/2024,09:19:25,490.65,486.75,40,488.2,80,0,4320
FINNIFTY02JAN2421900PE.NFO,02/01/2024,09:19:26,490.65,486.55,120,487.95,40,0,4320
FINNIFTY02JAN2421900PE.NFO,02/01/2024,09:19:27,490.65,486.9,40,488.9,200,0,4320
FINNIFTY02JAN2421900PE.NFO,02/01/2024,09:19:28,490.65,487,40,488.55,240,0,4320
FINNIFTY02JAN2421900PE.NFO,02/01/2024,09:19:29,490.65,486.35,40,487.9,40,0,4320
FINNIFTY02JAN2421900PE.NFO,02/01/2024,09:19:30,490.65,486,80,487.55,40,0,4320
FINNIFTY02JAN2421900PE.NFO,02/01/2024,09:19:31,490.65,485.9,40,487.45,80,0,4320
FINNIFTY02JAN2421900PE.NFO,02/01/2024,09:19:32,490.65,485.4,120,487.3,40,0,4320
FINNIFTY02JAN2421900PE.NFO,02/01/2024,09:19:33,490.65,485.7,80,487.2,40,0,4320
FINNIFTY02JAN2421900PE.NFO,02/01/2024,09:19:34,490.65,484.5,40,486.1,120,0,4320
FINNIFTY02JAN2421900PE.NFO,02/01/2024,09:19:35,490.65,484,40,485.75,80,0,4320
FINNIFTY02JAN2421900PE.NFO,02/01/2024,09:19:36,490.65,484,40,485.4,40,0,4320
FINNIFTY02JAN2421900PE.NFO,02/01/2024,09:19:37,490.65,484.5,40,486.1,40,0,4320
FINNIFTY02JAN2421900PE.NFO,02/01/2024,09:19:38,490.65,484.4,120,486.1,80,0,4320
FINNIFTY02JAN2421900PE.NFO,02/01/2024,09:19:39,490.65,485.45,40,487,40,0,4320
FINNIFTY02JAN2421900PE.NFO,02/01/2024,09:19:40,490.65,485.35,40,487.05,40,0,4320
FINNIFTY02JAN2421900PE.NFO,02/01/2024,09:19:41,490.65,484.65,80,486.3,80,0,4320
FINNIFTY02JAN2421900PE.NFO,02/01/2024,09:19:42,490.65,485.3,80,487.1,40,0,4320
FINNIFTY02JAN2421900PE.NFO,02/01/2024,09:19:43,490.65,485.5,80,487.15,160,0,4320
FINNIFTY02JAN2421900PE.NFO,02/01/2024,09:19:44,490.65,485.5,80,487.2,40,0,4320
FINNIFTY02JAN2421900PE.NFO,02/01/2024,09:19:45,490.65,485.75,40,487.2,40,0,4320
FINNIFTY02JAN2421900PE.NFO,02/01/2024,09:19:46,490.65,485.15,40,486.6,40,0,4320
FINNIFTY02JAN2421900PE.NFO,02/01/2024,09:19:47,490.65,484.5,120,485.85,240,0,4320
FINNIFTY02JAN2421900PE.NFO,02/01/2024,09:19:48,490.65,484.6,40,486.1,200,0,4320
FINNIFTY02JAN2421900PE.NFO,02/01/2024,09:19:49,490.65,484.55,40,486.15,40,0,4320
FINNIFTY02JAN2421900PE.NFO,02/01/2024,09:19:50,490.65,484.15,240,485.9,80,0,4320
FINNIFTY02JAN2421900PE.NFO,02/01/2024,09:19:51,490.65,484.9,80,486.4,280,0,4320
FINNIFTY02JAN2421900PE.NFO,02/01/2024,09:19:52,490.65,485.6,40,487.35,40,0,4320
FINNIFTY02JAN2421900PE.NFO,02/01/2024,09:19:53,490.65,486.8,40,488.45,40,0,4320
FINNIFTY02JAN2421900PE.NFO,02/01/2024,09:19:54,490.65,487,40,488.5,80,0,4320
FINNIFTY02JAN2421900PE.NFO,02/01/2024,09:19:55,490.65,486.3,40,487.85,40,0,4320
FINNIFTY02JAN2421900PE.NFO,02/01/2024,09:19:56,490.65,486.9,80,488.4,40,0,4320
FINNIFTY02JAN2421900PE.NFO,02/01/2024,09:19:57,490.65,487.85,80,489.15,280,0,4320
FINNIFTY02JAN2421900PE.NFO,02/01/2024,09:19:58,490.65,488.4,40,490,40,0,4320
FINNIFTY02JAN2421900PE.NFO,02/01/2024,09:19:59,490.65,488.05,40,489.6,240,0,4320
FINNIFTY02JAN2421900PE.NFO,02/01/2024,09:20:00,490.65,487.9,40,489.7,40,0,4320
FINNIFTY02JAN2421900PE.NFO,02/01/2024,09:20:01,490.65,488.35,120,490.15,80,0,4320
FINNIFTY02JAN2421900PE.NFO,02/01/2024,09:20:02,490.65,488.5,40,490.2,40,0,4320
FINNIFTY02JAN2421900PE.NFO,02/01/2024,09:20:03,490.65,487.6,40,489.2,40,0,4320
FINNIFTY02JAN2421900PE.NFO,02/01/2024,09:20:04,490.65,486.55,80,488.05,80,0,4320
FINNIFTY02JAN2421900PE.NFO,02/01/2024,09:20:05,490.65,485.9,80,487.6,40,0,4320
FINNIFTY02JAN2421900PE.NFO,02/01/2024,09:20:06,490.65,485.35,80,486.75,40,0,4320
FINNIFTY02JAN2421900PE.NFO,02/01/2024,09:20:07,490.65,485.8,80,487.3,40,0,4320
FINNIFTY02JAN2421900PE.NFO,02/01/2024,09:20:08,490.65,485.6,240,487.2,40,0,4320
FINNIFTY02JAN2421900PE.NFO,02/01/2024,09:20:09,490.65,485.5,80,486.85,40,0,4320
FINNIFTY02JAN2421900PE.NFO,02/01/2024,09:20:10,490.65,485,80,486.35,80,0,4320
FINNIFTY02JAN2421900PE.NFO,02/01/2024,09:20:11,490.65,484.7,40,486.05,40,0,4320
FINNIFTY02JAN2421900PE.NFO,02/01/2024,09:20:12,490.65,484.45,40,485.95,120,0,4320
FINNIFTY02JAN2421900PE.NFO,02/01/2024,09:20:13,490.65,484.2,40,485.8,80,0,4320
FINNIFTY02JAN2421900PE.NFO,02/01/2024,09:20:14,490.65,484.9,320,486.65,80,0,4320
FINNIFTY02JAN2421900PE.NFO,02/01/2024,09:20:15,490.65,484.25,120,485.7,40,0,4320
FINNIFTY02JAN2421900PE.NFO,02/01/2024,09:20:16,490.65,485.65,200,487.7,40,0,4320
FINNIFTY02JAN2421900PE.NFO,02/01/2024,09:20:17,490.65,485.9,40,487.65,120,0,4320
FINNIFTY02JAN2421900PE.NFO,02/01/2024,09:20:18,490.65,486.15,160,487.7,200,0,4320
FINNIFTY02JAN2421900PE.NFO,02/01/2024,09:20:19,490.65,486,40,487.35,80,0,4320
FINNIFTY02JAN2421900PE.NFO,02/01/2024,09:20:20,490.65,485.3,40,486.8,40,0,4320
FINNIFTY02JAN2421900PE.NFO,02/01/2024,09:20:21,490.65,485.7,40,487.05,80,0,4320
FINNIFTY02JAN2421900PE.NFO,02/01/2024,09:20:22,490.65,485.85,40,487.3,160,0,4320
FINNIFTY02JAN2421900PE.NFO,02/01/2024,09:20:23,490.65,486.05,40,487.5,80,0,4320
FINNIFTY02JAN2421900PE.NFO,02/01/2024,09:20:24,490.65,486.6,40,488.15,280,0,4320
FINNIFTY02JAN2421900PE.NFO,02/01/2024,09:20:25,490.65,486.45,80,488.1,40,0,4320
FINNIFTY02JAN2421900PE.NFO,02/01/2024,09:20:26,490.65,487.05,40,488.5,40,0,4320
FINNIFTY02JAN2421900PE.NFO,02/01/2024,09:20:27,490.65,487.45,80,488.8,40,0,4320
FINNIFTY02JAN2421900PE.NFO,02/01/2024,09:20:28,490.65,487.85,80,489.5,160,0,4320
FINNIFTY02JAN2421900PE.NFO,02/01/2024,09:20:29,490.65,486.85,120,488.55,40,0,4320
FINNIFTY02JAN2421900PE.NFO,02/01/2024,09:20:30,490.65,486.85,40,488.45,200,0,4320
FINNIFTY02JAN2421900PE.NFO,02/01/2024,09:20:32,490.65,487.75,40,489.4,40,0,4320
FINNIFTY02JAN2421900PE.NFO,02/01/2024,09:20:32,490.65,487.45,40,488.95,40,0,4320
FINNIFTY02JAN2421900PE.NFO,02/01/2024,09:20:33,490.65,488.25,40,489.7,40,0,4320
FINNIFTY02JAN2421900PE.NFO,02/01/2024,09:20:34,490.65,488.1,80,489.75,120,0,4320
FINNIFTY02JAN2421900PE.NFO,02/01/2024,09:20:35,490.65,488.5,40,489.85,80,0,4320
FINNIFTY02JAN2421900PE.NFO,02/01/2024,09:20:36,490.65,488.2,160,490.15,40,0,4320
FINNIFTY02JAN2421900PE.NFO,02/01/2024,09:20:37,490.65,488.75,80,490.25,40,0,4320
FINNIFTY02JAN2421900PE.NFO,02/01/2024,09:20:39,490.65,488.35,80,489.65,80,0,4320
FINNIFTY02JAN2421900PE.NFO,02/01/2024,09:20:39,490.65,488.45,80,489.9,40,0,4320
FINNIFTY02JAN2421900PE.NFO,02/01/2024,09:20:40,490.65,488.25,40,489.7,40,0,4320
FINNIFTY02JAN2421900PE.NFO,02/01/2024,09:20:41,490.65,487.05,40,488.55,40,0,4320
FINNIFTY02JAN2421900PE.NFO,02/01/2024,09:20:42,490.65,486.95,80,488.35,40,0,4320
FINNIFTY02JAN2421900PE.NFO,02/01/2024,09:20:43,490.65,486.9,40,488.55,360,0,4320
FINNIFTY02JAN2421900PE.NFO,02/01/2024,09:20:45,490.65,486.25,40,487.6,40,0,4320
FINNIFTY02JAN2421900PE.NFO,02/01/2024,09:20:45,490.65,485.9,40,487.5,40,0,4320
FINNIFTY02JAN2421900PE.NFO,02/01/2024,09:20:46,490.65,485.4,40,486.85,40,0,4320
FINNIFTY02JAN2421900PE.NFO,02/01/2024,09:20:47,490.65,485.45,40,486.85,40,0,4320
FINNIFTY02JAN2421900PE.NFO,02/01/2024,09:20:48,490.65,484.9,80,486.4,40,0,4320
FINNIFTY02JAN2421900PE.NFO,02/01/2024,09:20:49,490.65,485.05,160,486.5,40,0,4320
FINNIFTY02JAN2421900PE.NFO,02/01/2024,09:20:50,490.65,484.5,40,485.75,40,0,4320
FINNIFTY02JAN2421900PE.NFO,02/01/2024,09:20:51,490.65,483.95,80,485.7,360,0,4320
FINNIFTY02JAN2421900PE.NFO,02/01/2024,09:20:52,490.65,484,80,485.5,40,0,4320
FINNIFTY02JAN2421900PE.NFO,02/01/2024,09:20:53,490.65,483.95,40,485.5,40,0,4320
FINNIFTY02JAN2421900PE.NFO,02/01/2024,09:20:54,490.65,484.9,40,486.7,40,0,4320
FINNIFTY02JAN2421900PE.NFO,02/01/2024,09:20:56,490.65,484.55,120,486.2,40,0,4320
FINNIFTY02JAN2421900PE.NFO,02/01/2024,09:20:57,490.65,484.5,80,486.05,40,0,4320
FINNIFTY02JAN2421900PE.NFO,02/01/2024,09:20:57,490.65,484.75,40,486.6,40,0,4320
FINNIFTY02JAN2421900PE.NFO,02/01/2024,09:20:58,490.65,485.5,40,486.85,40,0,4320
FINNIFTY02JAN2421900PE.NFO,02/01/2024,09:20:59,490.65,485.65,40,487.05,280,0,4320
FINNIFTY02JAN2421900PE.NFO,02/01/2024,09:21:00,490.65,485.55,40,487.35,120,0,4320
FINNIFTY02JAN2421900PE.NFO,02/01/2024,09:21:01,490.65,485.45,240,487.25,40,0,4320
FINNIFTY02JAN2421900PE.NFO,02/01/2024,09:21:02,490.65,485.75,80,487.45,160,0,4320
FINNIFTY02JAN2421900PE.NFO,02/01/2024,09:21:03,490.65,484.65,40,486.1,40,0,4320
FINNIFTY02JAN2421900PE.NFO,02/01/2024,09:21:04,490.65,483.1,400,485,40,0,4320
FINNIFTY02JAN2421900PE.NFO,02/01/2024,09:21:05,490.65,481.3,40,482.95,40,0,4320
FINNIFTY02JAN2421900PE.NFO,02/01/2024,09:21:06,476.65,473.7,560,480.75,1280,680,4040
FINNIFTY02JAN2421900PE.NFO,02/01/2024,09:21:06,476.65,473.7,560,480.75,1280,0,4040
FINNIFTY02JAN2421900PE.NFO,02/01/2024,09:21:07,473.75,478.35,40,480,40,120,4040
FINNIFTY02JAN2421900PE.NFO,02/01/2024,09:21:07,473.75,478.35,40,480,40,0,4040
FINNIFTY02JAN2421900PE.NFO,02/01/2024,09:21:08,473.75,477.55,40,479.8,40,0,4040
FINNIFTY02JAN2421900PE.NFO,02/01/2024,09:21:09,473.75,478.7,80,480.15,40,0,4040
FINNIFTY02JAN2421900PE.NFO,02/01/2024,09:21:10,473.75,476.65,40,478.45,40,0,4040
FINNIFTY02JAN2421900PE.NFO,02/01/2024,09:21:11,473.75,475.25,40,477.15,40,0,4040
FINNIFTY02JAN2421900PE.NFO,02/01/2024,09:21:12,473.75,476.05,120,477.85,40,0,4040
FINNIFTY02JAN2421900PE.NFO,02/01/2024,09:21:13,473.75,476.85,40,478.7,80,0,4040
FINNIFTY02JAN2421900PE.NFO,02/01/2024,09:21:14,473.75,477.75,40,479.45,40,0,4040
FINNIFTY02JAN2421900PE.NFO,02/01/2024,09:21:15,473.75,478.7,80,480.3,40,0,4040
FINNIFTY02JAN2421900PE.NFO,02/01/2024,09:21:16,473.75,479.75,40,481.5,40,0,4040
FINNIFTY02JAN2421900PE.NFO,02/01/2024,09:21:17,473.75,479.35,40,480.95,40,0,4040
FINNIFTY02JAN2421900PE.NFO,02/01/2024,09:21:18,473.75,478.65,40,480.15,40,0,4040
FINNIFTY02JAN2421900PE.NFO,02/01/2024,09:21:19,473.75,478.2,40,480.05,40,0,4040
FINNIFTY02JAN2421900PE.NFO,02/01/2024,09:21:20,479,478.85,40,480.4,80,40,4040
FINNIFTY02JAN2421900PE.NFO,02/01/2024,09:21:21,479,478.15,40,479.9,400,0,4040
FINNIFTY02JAN2421900PE.NFO,02/01/2024,09:21:22,479,477.9,200,479.4,40,0,4040
FINNIFTY02JAN2421900PE.NFO,02/01/2024,09:21:23,479,478,80,479.75,40,0,4040
FINNIFTY02JAN2421900PE.NFO,02/01/2024,09:21:24,479,477.2,120,478.7,40,0,4040
FINNIFTY02JAN2421900PE.NFO,02/01/2024,09:21:25,479,475,80,476.9,40,0,4040
FINNIFTY02JAN2421900PE.NFO,02/01/2024,09:21:26,479,475.3,80,476.9,80,0,4040
FINNIFTY02JAN2421900PE.NFO,02/01/2024,09:21:27,473.75,472.7,120,474.45,600,80,4040
FINNIFTY02JAN2421900PE.NFO,02/01/2024,09:21:28,470.4,471.5,600,473.75,40,240,4040
FINNIFTY02JAN2421900PE.NFO,02/01/2024,09:21:28,470.4,471.5,600,473.75,40,0,4040
FINNIFTY02JAN2421900PE.NFO,02/01/2024,09:21:29,470.4,472.5,200,474.45,40,0,4040
FINNIFTY02JAN2421900PE.NFO,02/01/2024,09:21:30,470.4,472.45,40,474.4,480,0,4040
FINNIFTY02JAN2421900PE.NFO,02/01/2024,09:21:31,470.4,472.45,40,474.45,80,0,4040
FINNIFTY02JAN2421900PE.NFO,02/01/2024,09:21:32,470.4,471.65,40,473.3,360,0,4040
FINNIFTY02JAN2421900PE.NFO,02/01/2024,09:21:33,470.4,470.55,40,472.35,80,0,4040
FINNIFTY02JAN2421900PE.NFO,02/01/2024,09:21:34,470.4,470.95,40,472.45,40,0,4040
FINNIFTY02JAN2421900PE.NFO,02/01/2024,09:21:35,470.4,472.3,40,473.8,40,0,4040
FINNIFTY02JAN2421900PE.NFO,02/01/2024,09:21:36,470.4,474.1,40,475.55,40,0,4040
FINNIFTY02JAN2421900PE.NFO,02/01/2024,09:21:37,470.4,473.9,200,475.3,40,0,4040
FINNIFTY02JAN2421900PE.NFO,02/01/2024,09:21:38,470.4,473.1,40,474.65,40,0,4040
FINNIFTY02JAN2421900PE.NFO,02/01/2024,09:21:39,470.4,474.4,120,475.85,40,0,4040
FINNIFTY02JAN2421900PE.NFO,02/01/2024,09:21:40,470.4,473.85,40,475.25,120,0,4040
FINNIFTY02JAN2421900PE.NFO,02/01/2024,09:21:41,470.4,474.15,40,475.55,40,0,4040
FINNIFTY02JAN2421900PE.NFO,02/01/2024,09:21:42,470.4,475.1,80,476.45,560,0,4040
FINNIFTY02JAN2421900PE.NFO,02/01/2024,09:21:43,470.4,475.1,40,476.5,40,0,4040
FINNIFTY02JAN2421900PE.NFO,02/01/2024,09:21:44,470.4,475.1,40,476.4,80,0,4040
FINNIFTY02JAN2421900PE.NFO,02/01/2024,09:21:45,470.4,475.25,120,476.35,120,0,4040
FINNIFTY02JAN2421900PE.NFO,02/01/2024,09:21:46,470.4,475.2,160,476.55,120,0,4040
FINNIFTY02JAN2421900PE.NFO,02/01/2024,09:21:47,470.4,475.5,200,476.9,40,0,4040
FINNIFTY02JAN2421900PE.NFO,02/01/2024,09:21:48,470.4,475.55,120,476.75,40,0,4040
FINNIFTY02JAN2421900PE.NFO,02/01/2024,09:21:49,470.4,475.05,40,476.1,40,0,4040
FINNIFTY02JAN2421900PE.NFO,02/01/2024,09:21:50,470.4,475.45,40,476.75,40,0,4040
FINNIFTY02JAN2421900PE.NFO,02/01/2024,09:21:51,475,475,120,476.3,80,40,4040
FINNIFTY02JAN2421900PE.NFO,02/01/2024,09:21:53,475,475.3,120,476.5,80,0,4040
FINNIFTY02JAN2421900PE.NFO,02/01/2024,09:21:53,475,475.3,80,476.45,40,0,4040
FINNIFTY02JAN2421900PE.NFO,02/01/2024,09:21:54,475,475.4,40,476.5,40,0,4040
FINNIFTY02JAN2421900PE.NFO,02/01/2024,09:21:55,475,474.85,80,476,40,0,4040
FINNIFTY02JAN2421900PE.NFO,02/01/2024,09:21:56,475,474.6,80,475.55,40,0,4040
FINNIFTY02JAN2421900PE.NFO,02/01/2024,09:21:57,475,473.35,40,474.8,40,0,4040
FINNIFTY02JAN2421900PE.NFO,02/01/2024,09:21:58,475,473.6,80,474.7,40,0,4040
FINNIFTY02JAN2421900PE.NFO,02/01/2024,09:21:59,475,472.4,80,473.8,40,0,4040
FINNIFTY02JAN2421900PE.NFO,02/01/2024,09:22:00,475,471.9,40,473.65,400,0,4040
FINNIFTY02JAN2421900PE.NFO,02/01/2024,09:22:01,475,474.05,80,475.1,40,0,4040
FINNIFTY02JAN2421900PE.NFO,02/01/2024,09:22:02,475,473.95,80,475,40,0,4040
FINNIFTY02JAN2421900PE.NFO,02/01/2024,09:22:03,475,473.05,40,474.9,120,0,4040
FINNIFTY02JAN2421900PE.NFO,02/01/2024,09:22:04,475,473.9,80,475.2,40,0,4040
FINNIFTY02JAN2421900PE.NFO,02/01/2024,09:22:05,475,474.35,80,475.55,80,0,4040
FINNIFTY02JAN2421900PE.NFO,02/01/2024,09:22:06,475,474.3,80,475.7,80,0,4040
FINNIFTY02JAN2421900PE.NFO,02/01/2024,09:22:07,475,474.75,40,476.15,40,0,4040
FINNIFTY02JAN2421900PE.NFO,02/01/2024,09:22:08,475,475.1,80,476.4,80,0,4040
FINNIFTY02JAN2421900PE.NFO,02/01/2024,09:22:10,475,475.05,80,476.2,120,0,4040
FINNIFTY02JAN2421900PE.NFO,02/01/2024,09:22:11,475,474.85,280,476.1,40,0,4040
FINNIFTY02JAN2421900PE.NFO,02/01/2024,09:22:11,475,474.5,200,476,40,0,4040
FINNIFTY02JAN2421900PE.NFO,02/01/2024,09:22:12,475,475,200,476.35,80,0,4040
FINNIFTY02JAN2421900PE.NFO,02/01/2024,09:22:13,475,474.25,40,475.65,40,0,4040
FINNIFTY02JAN2421900PE.NFO,02/01/2024,09:22:15,475,474.85,80,476.55,80,0,4040
FINNIFTY02JAN2421900PE.NFO,02/01/2024,09:22:16,475,476,200,478.35,40,0,4040
FINNIFTY02JAN2421900PE.NFO,02/01/2024,09:22:17,475,476.85,40,478.6,40,0,4040
FINNIFTY02JAN2421900PE.NFO,02/01/2024,09:22:17,475,476.95,160,478.45,40,0,4040
FINNIFTY02JAN2421900PE.NFO,02/01/2024,09:22:18,475,477,80,478.2,40,0,4040
FINNIFTY02JAN2421900PE.NFO,02/01/2024,09:22:19,475,476.65,80,477.65,40,0,4040
FINNIFTY02JAN2421900PE.NFO,02/01/2024,09:22:20,475,476.5,160,478.05,80,0,4040
FINNIFTY02JAN2421900PE.NFO,02/01/2024,09:22:21,475,476.9,160,478.25,160,0,4040
FINNIFTY02JAN2421900PE.NFO,02/01/2024,09:22:22,475,476.8,120,478.4,40,0,4040
FINNIFTY02JAN2421900PE.NFO,02/01/2024,09:22:24,475,477.95,80,479.3,40,0,4040
FINNIFTY02JAN2421900PE.NFO,02/01/2024,09:22:25,475,477.85,40,479.25,120,0,4040
FINNIFTY02JAN2421900PE.NFO,02/01/2024,09:22:25,475,477.95,80,479.5,40,0,4040
FINNIFTY02JAN2421900PE.NFO,02/01/2024,09:22:26,475,478.55,40,480.05,40,0,4040
FINNIFTY02JAN2421900PE.NFO,02/01/2024,09:22:27,475,479.45,80,481.1,40,0,4040
FINNIFTY02JAN2421900PE.NFO,02/01/2024,09:22:28,475,480.7,160,482.3,40,0,4040
FINNIFTY02JAN2421900PE.NFO,02/01/2024,09:22:29,480.35,480.35,80,481.65,40,80,4040
FINNIFTY02JAN2421900PE.NFO,02/01/2024,09:22:31,480.35,479.55,80,481.05,40,0,4040
FINNIFTY02JAN2421900PE.NFO,02/01/2024,09:22:32,480.35,479.8,80,481.25,80,0,4040
FINNIFTY02JAN2421900PE.NFO,02/01/2024,09:22:33,480.35,479.95,40,481.25,40,0,4040
FINNIFTY02JAN2421900PE.NFO,02/01/2024,09:22:34,480.35,481.05,80,482.3,40,0,4040
FINNIFTY02JAN2421900PE.NFO,02/01/2024,09:22:35,480.35,482.2,200,483.85,80,0,4040
FINNIFTY02JAN2421900PE.NFO,02/01/2024,09:22:36,480.35,482.45,80,483.75,40,0,4040
FINNIFTY02JAN2421900PE.NFO,02/01/2024,09:22:37,480.35,481.8,160,483.35,40,0,4040
FINNIFTY02JAN2421900PE.NFO,02/01/2024,09:22:38,480.35,481.6,80,483.4,40,0,4040
FINNIFTY02JAN2421900PE.NFO,02/01/2024,09:22:39,480.35,481.85,80,482.95,40,0,4040
FINNIFTY02JAN2421900PE.NFO,02/01/2024,09:22:40,480.35,480.8,40,482.45,80,0,4040
FINNIFTY02JAN2421900PE.NFO,02/01/2024,09:22:40,480.35,480.95,80,482.35,40,0,4040
FINNIFTY02JAN2421900PE.NFO,02/01/2024,09:22:41,480.35,481.55,80,483.25,40,0,4040
FINNIFTY02JAN2421900PE.NFO,02/01/2024,09:22:42,480.35,481.9,200,483.35,40,0,4040
FINNIFTY02JAN2421900PE.NFO,02/01/2024,09:22:43,480.35,482.15,40,483.7,80,0,4040
FINNIFTY02JAN2421900PE.NFO,02/01/2024,09:22:44,480.35,481.65,80,482.9,40,0,4040
FINNIFTY02JAN2421900PE.NFO,02/01/2024,09:22:45,480.35,481.8,40,483.3,40,0,4040
FINNIFTY02JAN2421900PE.NFO,02/01/2024,09:22:46,480.35,480.4,120,482.1,40,0,4040
FINNIFTY02JAN2421900PE.NFO,02/01/2024,09:22:47,480.35,480.4,80,481.7,40,0,4040
FINNIFTY02JAN2421900PE.NFO,02/01/2024,09:22:48,480.35,480.75,40,482.25,40,0,4040
FINNIFTY02JAN2421900PE.NFO,02/01/2024,09:22:49,480.35,482,80,483.4,40,0,4040
FINNIFTY02JAN2421900PE.NFO,02/01/2024,09:22:50,480.35,481.75,80,483.25,80,0,4040
FINNIFTY02JAN2421900PE.NFO,02/01/2024,09:22:51,480.35,480.4,120,481.75,40,0,4040
FINNIFTY02JAN2421900PE.NFO,02/01/2024,09:22:52,480.35,479.8,80,481.1,80,0,4040
FINNIFTY02JAN2421900PE.NFO,02/01/2024,09:22:53,480.35,479.65,80,481,80,0,4040
FINNIFTY02JAN2421900PE.NFO,02/01/2024,09:22:54,480.35,479.55,40,481.25,80,0,4040
FINNIFTY02JAN2421900PE.NFO,02/01/2024,09:22:55,480.35,480.15,160,481.5,40,0,4040
FINNIFTY02JAN2421900PE.NFO,02/01/2024,09:22:56,480.35,480.1,80,481.45,80,0,4040
FINNIFTY02JAN2421900PE.NFO,02/01/2024,09:22:57,480.35,479.8,80,481,40,0,4040
FINNIFTY02JAN2421900PE.NFO,02/01/2024,09:22:58,480.35,478.65,40,480.2,40,0,4040
FINNIFTY02JAN2421900PE.NFO,02/01/2024,09:22:59,480.35,478.6,80,480,120,0,4040
FINNIFTY02JAN2421900PE.NFO,02/01/2024,09:23:00,480.35,479.6,40,481.25,40,0,4040
FINNIFTY02JAN2421900PE.NFO,02/01/2024,09:23:01,480.35,479.4,280,481.4,80,0,4040
FINNIFTY02JAN2421900PE.NFO,02/01/2024,09:23:02,480.35,479.55,80,481.05,80,0,4040
FINNIFTY02JAN2421900PE.NFO,02/01/2024,09:23:03,480.35,479.2,80,480.6,40,0,4040
FINNIFTY02JAN2421900PE.NFO,02/01/2024,09:23:04,480.35,479.8,80,480.95,40,0,4040
FINNIFTY02JAN2421900PE.NFO,02/01/2024,09:23:05,480.35,478.8,80,479.85,40,0,4040
FINNIFTY02JAN2421900PE.NFO,02/01/2024,09:23:06,480.35,477.95,80,479.05,40,0,4040
FINNIFTY02JAN2421900PE.NFO,02/01/2024,09:23:07,480.35,475.1,120,477.25,40,0,4040
FINNIFTY02JAN2421900PE.NFO,02/01/2024,09:23:08,480.35,475.4,80,476.65,40,0,4040
FINNIFTY02JAN2421900PE.NFO,02/01/2024,09:23:09,480.35,475.5,40,477,40,0,4040
FINNIFTY02JAN2421900PE.NFO,02/01/2024,09:23:10,480.35,475.75,80,477.05,40,0,4040
FINNIFTY02JAN2421900PE.NFO,02/01/2024,09:23:11,480.35,476.7,80,478.1,80,0,4040
FINNIFTY02JAN2421900PE.NFO,02/01/2024,09:23:12,480.35,477.15,80,478.85,40,0,4040
FINNIFTY02JAN2421900PE.NFO,02/01/2024,09:23:13,480.35,476.3,280,477.65,40,0,4040
FINNIFTY02JAN2421900PE.NFO,02/01/2024,09:23:14,480.35,475.95,80,477.2,40,0,4040
FINNIFTY02JAN2421900PE.NFO,02/01/2024,09:23:15,480.35,475.95,120,477.2,40,0,4040
FINNIFTY02JAN2421900PE.NFO,02/01/2024,09:23:16,480.35,475.7,80,476.7,40,0,4040
FINNIFTY02JAN2421900PE.NFO,02/01/2024,09:23:17,480.35,473.9,80,475.3,40,0,4040
FINNIFTY02JAN2421900PE.NFO,02/01/2024,09:23:18,480.35,475.15,80,476.95,40,0,4040
FINNIFTY02JAN2421900PE.NFO,02/01/2024,09:23:19,480.35,475.35,40,476.95,40,0,4040
FINNIFTY02JAN2421900PE.NFO,02/01/2024,09:23:20,480.35,475.35,80,476.5,40,0,4040
FINNIFTY02JAN2421900PE.NFO,02/01/2024,09:23:21,480.35,475.8,80,477.2,40,0,4040
FINNIFTY02JAN2421900PE.NFO,02/01/2024,09:23:22,480.35,475.5,40,477.05,40,0,4040
FINNIFTY02JAN2421900PE.NFO,02/01/2024,09:23:23,480.35,475.55,80,477,80,0,4040
FINNIFTY02JAN2421900PE.NFO,02/01/2024,09:23:24,480.35,475.45,40,476.75,40,0,4040
FINNIFTY02JAN2421900PE.NFO,02/01/2024,09:23:25,480.35,475.5,40,476.9,40,0,4040
FINNIFTY02JAN2421900PE.NFO,02/01/2024,09:23:26,480.35,476.5,80,478.05,40,0,4040
FINNIFTY02JAN2421900PE.NFO,02/01/2024,09:23:27,480.35,476.15,80,477.4,80,0,4040
FINNIFTY02JAN2421900PE.NFO,02/01/2024,09:23:28,480.35,476.75,40,478.05,40,0,4040
FINNIFTY02JAN2421900PE.NFO,02/01/2024,09:23:29,480.35,478.05,40,479.35,40,0,4040
FINNIFTY02JAN2421900PE.NFO,02/01/2024,09:23:31,480.35,477.75,80,479.05,40,0,4040
FINNIFTY02JAN2421900PE.NFO,02/01/2024,09:23:32,480.35,476.8,40,478.15,40,0,4040
FINNIFTY02JAN2421900PE.NFO,02/01/2024,09:23:33,480.35,476.05,80,477.4,40,0,4040
FINNIFTY02JAN2421900PE.NFO,02/01/2024,09:23:34,480.35,476.1,80,477.15,160,0,4040
FINNIFTY02JAN2421900PE.NFO,02/01/2024,09:23:35,480.35,476.3,80,477.35,80,0,4040
FINNIFTY02JAN2421900PE.NFO,02/01/2024,09:23:36,480.35,476.4,80,477.45,40,0,4040
FINNIFTY02JAN2421900PE.NFO,02/01/2024,09:23:37,480.35,475.4,120,476.95,40,0,4040
FINNIFTY02JAN2421900PE.NFO,02/01/2024,09:23:37,480.35,475.35,200,476.65,40,0,4040
FINNIFTY02JAN2421900PE.NFO,02/01/2024,09:23:38,480.35,475.1,40,476.7,40,0,4040
FINNIFTY02JAN2421900PE.NFO,02/01/2024,09:23:39,480.35,475.15,40,476.5,40,0,4040
FINNIFTY02JAN2421900PE.NFO,02/01/2024,09:23:40,480.35,475.3,40,476.55,40,0,4040
FINNIFTY02JAN2421900PE.NFO,02/01/2024,09:23:41,480.35,476,40,477.2,560,0,4040
FINNIFTY02JAN2421900PE.NFO,02/01/2024,09:23:42,480.35,476.75,80,477.85,40,0,4040
FINNIFTY02JAN2421900PE.NFO,02/01/2024,09:23:43,480.35,476.65,80,477.5,40,0,4040
FINNIFTY02JAN2421900PE.NFO,02/01/2024,09:23:44,480.35,476.2,200,477.3,80,0,4040
FINNIFTY02JAN2421900PE.NFO,02/01/2024,09:23:45,480.35,476.3,40,477.45,40,0,4040
FINNIFTY02JAN2421900PE.NFO,02/01/2024,09:23:47,480.35,476.7,80,478.15,80,0,4040
FINNIFTY02JAN2421900PE.NFO,02/01/2024,09:23:48,480.35,477.75,80,479.1,40,0,4040
FINNIFTY02JAN2421900PE.NFO,02/01/2024,09:23:48,480.35,477.85,40,479.2,120,0,4040
FINNIFTY02JAN2421900PE.NFO,02/01/2024,09:23:49,480.35,477.9,80,479.25,80,0,4040
FINNIFTY02JAN2421900PE.NFO,02/01/2024,09:23:50,480.35,478.1,40,479.3,80,0,4040
FINNIFTY02JAN2421900PE.NFO,02/01/2024,09:23:52,480.35,478.05,80,479.1,40,0,4040
FINNIFTY02JAN2421900PE.NFO,02/01/2024,09:23:53,480.35,477,40,478.4,40,0,4040
FINNIFTY02JAN2421900PE.NFO,02/01/2024,09:23:53,480.35,477.1,40,478.5,40,0,4040
FINNIFTY02JAN2421900PE.NFO,02/01/2024,09:23:54,480.35,478.05,40,479.55,40,0,4040
FINNIFTY02JAN2421900PE.NFO,02/01/2024,09:23:55,480.35,478.15,80,479.55,80,0,4040
FINNIFTY02JAN2421900PE.NFO,02/01/2024,09:23:56,480.35,478.5,80,479.6,40,0,4040
FINNIFTY02JAN2421900PE.NFO,02/01/2024,09:23:57,480.35,478.6,40,479.85,40,0,4040
FINNIFTY02JAN2421900PE.NFO,02/01/2024,09:23:59,480.35,479.5,40,480.9,120,0,4040
FINNIFTY02JAN2421900PE.NFO,02/01/2024,09:24:00,480.35,479.85,80,481.8,40,0,4040
FINNIFTY02JAN2421900PE.NFO,02/01/2024,09:24:01,480.35,479.95,40,481.4,40,0,4040
FINNIFTY02JAN2421900PE.NFO,02/01/2024,09:24:02,480.35,480.75,80,482.15,40,0,4040
FINNIFTY02JAN2421900PE.NFO,02/01/2024,09:24:03,480.35,481.1,80,482.45,40,0,4040
FINNIFTY02JAN2421900PE.NFO,02/01/2024,09:24:04,480.35,480.4,80,481.85,40,0,4040
FINNIFTY02JAN2421900PE.NFO,02/01/2024,09:24:05,480.35,480.05,80,481.05,80,0,4040
FINNIFTY02JAN2421900PE.NFO,02/01/2024,09:24:05,480.35,479.45,40,480.75,40,0,4040
FINNIFTY02JAN2421900PE.NFO,02/01/2024,09:24:06,480.35,478.9,80,480.1,40,0,4040
FINNIFTY02JAN2421900PE.NFO,02/01/2024,09:24:08,480.35,479.35,80,480.65,40,0,4040
FINNIFTY02JAN2421900PE.NFO,02/01/2024,09:24:09,480.35,479.4,40,480.5,40,0,4040
FINNIFTY02JAN2421900PE.NFO,02/01/2024,09:24:10,480.35,479.3,80,480.3,40,0,4040
FINNIFTY02JAN2421900PE.NFO,02/01/2024,09:24:11,480.35,478.5,200,479.8,40,0,4040
FINNIFTY02JAN2421900PE.NFO,02/01/2024,09:24:12,480.35,478,40,479.2,40,0,4040
FINNIFTY02JAN2421900PE.NFO,02/01/2024,09:24:12,480.35,477.95,160,479.15,80,0,4040
FINNIFTY02JAN2421900PE.NFO,02/01/2024,09:24:13,480.35,477.7,80,479.05,40,0,4040
FINNIFTY02JAN2421900PE.NFO,02/01/2024,09:24:14,480.35,477.85,80,478.7,80,0,4040
FINNIFTY02JAN2421900PE.NFO,02/01/2024,09:24:16,480.35,478.6,80,479.9,80,0,4040
FINNIFTY02JAN2421900PE.NFO,02/01/2024,09:24:17,480.35,479.25,40,480.5,40,0,4040
FINNIFTY02JAN2421900PE.NFO,02/01/2024,09:24:18,480.35,479.4,80,480.85,40,0,4040
FINNIFTY02JAN2421900PE.NFO,02/01/2024,09:24:19,480.35,479.55,40,481,80,0,4040
FINNIFTY02JAN2421900PE.NFO,02/01/2024,09:24:20,480.35,480.25,40,481.9,40,0,4040
FINNIFTY02JAN2421900PE.NFO,02/01/2024,09:24:21,480.35,480.9,80,482.5,40,0,4040
FINNIFTY02JAN2421900PE.NFO,02/01/2024,09:24:22,480.35,481.15,120,482.4,40,0,4040
FINNIFTY02JAN2421900PE.NFO,02/01/2024,09:24:23,480.35,481.8,40,483.3,40,0,4040
FINNIFTY02JAN2421900PE.NFO,02/01/2024,09:24:24,480.35,482,40,483.3,80,0,4040
FINNIFTY02JAN2421900PE.NFO,02/01/2024,09:24:25,480.35,481.7,40,483,80,0,4040
FINNIFTY02JAN2421900PE.NFO,02/01/2024,09:24:26,480.35,481.6,40,483.2,160,0,4040
FINNIFTY02JAN2421900PE.NFO,02/01/2024,09:24:27,480.35,481.95,120,483.5,40,0,4040
FINNIFTY02JAN2421900PE.NFO,02/01/2024,09:24:27,480.35,482,40,483.45,40,0,4040
FINNIFTY02JAN2421900PE.NFO,02/01/2024,09:24:28,480.35,481.7,120,483.05,40,0,4040
FINNIFTY02JAN2421900PE.NFO,02/01/2024,09:24:29,480.35,481.6,80,483.1,40,0,4040
FINNIFTY02JAN2421900PE.NFO,02/01/2024,09:24:31,480.35,482.1,80,483.35,40,0,4040
FINNIFTY02JAN2421900PE.NFO,02/01/2024,09:24:32,480.35,481.95,80,482.9,40,0,4040
FINNIFTY02JAN2421900PE.NFO,02/01/2024,09:24:33,480.35,482,80,483.35,40,0,4040
FINNIFTY02JAN2421900PE.NFO,02/01/2024,09:24:34,480.35,482.15,80,483.45,40,0,4040
FINNIFTY02JAN2421900PE.NFO,02/01/2024,09:24:35,480.35,482.15,40,483.45,120,0,4040
FINNIFTY02JAN2421900PE.NFO,02/01/2024,09:24:35,480.35,482.2,80,483.45,40,0,4040
FINNIFTY02JAN2421900PE.NFO,02/01/2024,09:24:36,480.35,480.35,120,481.85,40,0,4040
FINNIFTY02JAN2421900PE.NFO,02/01/2024,09:24:38,480.35,480,80,481.1,160,0,4040
FINNIFTY02JAN2421900PE.NFO,02/01/2024,09:24:39,480.35,479.9,40,481.2,40,0,4040
FINNIFTY02JAN2421900PE.NFO,02/01/2024,09:24:40,480.35,480.6,80,481.9,80,0,4040
FINNIFTY02JAN2421900PE.NFO,02/01/2024,09:24:40,480.35,480.6,40,481.8,40,0,4040
FINNIFTY02JAN2421900PE.NFO,02/01/2024,09:24:41,480.35,479.45,280,480.75,40,0,4040
FINNIFTY02JAN2421900PE.NFO,02/01/2024,09:24:43,480.35,479.7,80,480.9,40,0,4040
FINNIFTY02JAN2421900PE.NFO,02/01/2024,09:24:44,480.35,479.55,40,480.8,40,0,4040
FINNIFTY02JAN2421900PE.NFO,02/01/2024,09:24:45,480.35,479.5,160,480.7,40,0,4040
FINNIFTY02JAN2421900PE.NFO,02/01/2024,09:24:45,480.35,479.5,160,480.5,80,0,4040
FINNIFTY02JAN2421900PE.NFO,02/01/2024,09:24:46,480.35,479.15,40,480.4,40,0,4040
FINNIFTY02JAN2421900PE.NFO,02/01/2024,09:24:48,480.35,479.35,80,480.55,80,0,4040
FINNIFTY02JAN2421900PE.NFO,02/01/2024,09:24:49,480.35,478,80,479.4,40,0,4040
FINNIFTY02JAN2421900PE.NFO,02/01/2024,09:24:50,480.35,477.85,80,479.05,40,0,4040
FINNIFTY02JAN2421900PE.NFO,02/01/2024,09:24:50,480.35,477.85,80,478.9,40,0,4040
FINNIFTY02JAN2421900PE.NFO,02/01/2024,09:24:51,480.35,478.3,80,479.45,80,0,4040
FINNIFTY02JAN2421900PE.NFO,02/01/2024,09:24:53,480.35,479.2,80,480.55,200,0,4040
FINNIFTY02JAN2421900PE.NFO,02/01/2024,09:24:54,480.35,478.85,40,480,40,0,4040
FINNIFTY02JAN2421900PE.NFO,02/01/2024,09:24:55,480.35,480.45,40,481.95,40,0,4040
FINNIFTY02JAN2421900PE.NFO,02/01/2024,09:24:55,480.35,480.65,40,482.2,80,0,4040
FINNIFTY02JAN2421900PE.NFO,02/01/2024,09:24:56,480.35,481.5,40,482.9,120,0,4040
FINNIFTY02JAN2421900PE.NFO,02/01/2024,09:24:58,480.35,480.9,40,482.05,40,0,4040
FINNIFTY02JAN2421900PE.NFO,02/01/2024,09:24:59,480.35,481.7,40,482.95,40,0,4040
FINNIFTY02JAN2421900PE.NFO,02/01/2024,09:25:00,480.35,482.3,40,484,40,0,4040
FINNIFTY02JAN2421900PE.NFO,02/01/2024,09:25:00,480.35,482.3,40,483.8,40,0,4040
FINNIFTY02JAN2421900PE.NFO,02/01/2024,09:25:01,480.35,482.3,80,483.4,80,0,4040
FINNIFTY02JAN2421900PE.NFO,02/01/2024,09:25:03,480.35,481.1,80,482.25,40,0,4040
FINNIFTY02JAN2421900PE.NFO,02/01/2024,09:25:04,480.35,480.85,40,482.15,40,0,4040
FINNIFTY02JAN2421900PE.NFO,02/01/2024,09:25:05,480.35,481.35,40,482.75,80,0,4040
FINNIFTY02JAN2421900PE.NFO,02/01/2024,09:25:06,480.35,481.55,40,482.85,40,0,4040
FINNIFTY02JAN2421900PE.NFO,02/01/2024,09:25:07,482.65,481.6,80,482.55,40,40,4320
FINNIFTY02JAN2421900PE.NFO,02/01/2024,09:25:08,482.65,479.95,80,481.15,80,0,4320
FINNIFTY02JAN2421900PE.NFO,02/01/2024,09:25:09,482.65,480.65,40,482.1,80,0,4320
FINNIFTY02JAN2421900PE.NFO,02/01/2024,09:25:10,482.65,480.95,40,482.35,80,0,4320
FINNIFTY02JAN2421900PE.NFO,02/01/2024,09:25:11,482.65,481.8,40,483.4,200,0,4320
FINNIFTY02JAN2421900PE.NFO,02/01/2024,09:25:12,482.65,481.8,80,483.1,40,0,4320
FINNIFTY02JAN2421900PE.NFO,02/01/2024,09:25:13,482.65,481.5,40,482.9,40,0,4320
FINNIFTY02JAN2421900PE.NFO,02/01/2024,09:25:14,483.4,481.8,80,483,40,40,4320
FINNIFTY02JAN2421900PE.NFO,02/01/2024,09:25:14,483.4,481.8,80,482.95,40,0,4320
FINNIFTY02JAN2421900PE.NFO,02/01/2024,09:25:15,483.4,482.15,40,483.55,80,0,4320
FINNIFTY02JAN2421900PE.NFO,02/01/2024,09:25:17,483.4,481.85,200,483,40,0,4320
FINNIFTY02JAN2421900PE.NFO,02/01/2024,09:25:18,483.4,481.75,80,482.95,40,0,4320
FINNIFTY02JAN2421900PE.NFO,02/01/2024,09:25:19,483.4,481.35,80,482.9,80,0,4320
FINNIFTY02JAN2421900PE.NFO,02/01/2024,09:25:20,483.4,481.15,160,482.65,40,0,4320
FINNIFTY02JAN2421900PE.NFO,02/01/2024,09:25:21,483.4,480.2,40,481.55,80,0,4320
FINNIFTY02JAN2421900PE.NFO,02/01/2024,09:25:22,483.4,480.25,40,481.55,40,0,4320
FINNIFTY02JAN2421900PE.NFO,02/01/2024,09:25:23,483.4,480.5,80,482,40,0,4320
FINNIFTY02JAN2421900PE.NFO,02/01/2024,09:25:23,483.4,480.55,40,481.9,40,0,4320
FINNIFTY02JAN2421900PE.NFO,02/01/2024,09:25:24,483.4,480.5,80,481.6,80,0,4320
FINNIFTY02JAN2421900PE.NFO,02/01/2024,09:25:25,483.4,480.65,80,482.05,80,0,4320
FINNIFTY02JAN2421900PE.NFO,02/01/2024,09:25:26,483.4,479.8,80,481.05,40,0,4320
FINNIFTY02JAN2421900PE.NFO,02/01/2024,09:25:27,483.4,479.15,80,480.45,40,0,4320
FINNIFTY02JAN2421900PE.NFO,02/01/2024,09:25:28,483.4,479.6,80,481,40,0,4320
FINNIFTY02JAN2421900PE.NFO,02/01/2024,09:25:29,483.4,478.9,160,480.3,40,0,4320
FINNIFTY02JAN2421900PE.NFO,02/01/2024,09:25:30,483.4,478.6,160,480.05,40,0,4320
FINNIFTY02JAN2421900PE.NFO,02/01/2024,09:25:31,483.4,478.25,80,479.4,40,0,4320
FINNIFTY02JAN2421900PE.NFO,02/01/2024,09:25:33,483.4,477.45,160,478.6,40,0,4320
FINNIFTY02JAN2421900PE.NFO,02/01/2024,09:25:34,483.4,477.05,160,478.4,40,0,4320
FINNIFTY02JAN2421900PE.NFO,02/01/2024,09:25:35,483.4,476.45,80,477.85,40,0,4320
FINNIFTY02JAN2421900PE.NFO,02/01/2024,09:25:36,483.4,476.3,40,477.65,40,0,4320
FINNIFTY02JAN2421900PE.NFO,02/01/2024,09:25:37,483.4,476.85,240,478.65,40,0,4320
FINNIFTY02JAN2421900PE.NFO,02/01/2024,09:25:37,483.4,477.25,40,478.9,40,0,4320
FINNIFTY02JAN2421900PE.NFO,02/01/2024,09:25:38,483.4,476.95,40,478.4,40,0,4320
FINNIFTY02JAN2421900PE.NFO,02/01/2024,09:25:39,483.4,477.85,80,479.15,80,0,4320
FINNIFTY02JAN2421900PE.NFO,02/01/2024,09:25:40,483.4,478.4,80,479.45,80,0,4320
FINNIFTY02JAN2421900PE.NFO,02/01/2024,09:25:41,483.4,477.5,200,479.1,40,0,4320
FINNIFTY02JAN2421900PE.NFO,02/01/2024,09:25:42,483.4,476.9,200,478.15,120,0,4320
FINNIFTY02JAN2421900PE.NFO,02/01/2024,09:25:43,483.4,477,40,478.35,40,0,4320
FINNIFTY02JAN2421900PE.NFO,02/01/2024,09:25:44,483.4,477.4,120,478.9,40,0,4320
FINNIFTY02JAN2421900PE.NFO,02/01/2024,09:25:45,483.4,477.3,80,478.4,80,0,4320
FINNIFTY02JAN2421900PE.NFO,02/01/2024,09:25:46,483.4,477.65,200,479.1,80,0,4320
FINNIFTY02JAN2421900PE.NFO,02/01/2024,09:25:47,483.4,477.3,120,478.8,40,0,4320
FINNIFTY02JAN2421900PE.NFO,02/01/2024,09:25:48,483.4,478,80,479.4,40,0,4320
FINNIFTY02JAN2421900PE.NFO,02/01/2024,09:25:49,483.4,478.75,40,480.15,80,0,4320
FINNIFTY02JAN2421900PE.NFO,02/01/2024,09:25:50,483.4,478.6,160,479.95,40,0,4320
FINNIFTY02JAN2421900PE.NFO,02/01/2024,09:25:51,483.4,478.7,40,479.9,40,0,4320
FINNIFTY02JAN2421900PE.NFO,02/01/2024,09:25:52,483.4,478.35,80,479.7,40,0,4320
FINNIFTY02JAN2421900PE.NFO,02/01/2024,09:25:53,483.4,478,160,479.1,80,0,4320
FINNIFTY02JAN2421900PE.NFO,02/01/2024,09:25:54,483.4,476.35,80,477.8,120,0,4320
FINNIFTY02JAN2421900PE.NFO,02/01/2024,09:25:55,483.4,475.6,80,477.2,40,0,4320
FINNIFTY02JAN2421900PE.NFO,02/01/2024,09:25:56,483.4,475.65,80,477.1,40,0,4320
FINNIFTY02JAN2421900PE.NFO,02/01/2024,09:25:57,483.4,474.75,40,476.1,40,0,4320
FINNIFTY02JAN2421900PE.NFO,02/01/2024,09:25:58,483.4,475.05,40,476.85,40,0,4320
FINNIFTY02JAN2421900PE.NFO,02/01/2024,09:25:59,483.4,474.8,80,476.15,40,0,4320
FINNIFTY02JAN2421900PE.NFO,02/01/2024,09:26:00,483.4,473.95,40,475.55,40,0,4320
FINNIFTY02JAN2421900PE.NFO,02/01/2024,09:26:01,483.4,473.75,40,475.1,40,0,4320
FINNIFTY02JAN2421900PE.NFO,02/01/2024,09:26:02,483.4,474.2,80,475.6,80,0,4320
FINNIFTY02JAN2421900PE.NFO,02/01/2024,09:26:03,483.4,474.25,40,475.65,40,0,4320
FINNIFTY02JAN2421900PE.NFO,02/01/2024,09:26:04,483.4,474.45,40,475.65,120,0,4320
FINNIFTY02JAN2421900PE.NFO,02/01/2024,09:26:05,483.4,474.15,120,475.75,80,0,4320
FINNIFTY02JAN2421900PE.NFO,02/01/2024,09:26:06,483.4,474,120,475.25,80,0,4320
FINNIFTY02JAN2421900PE.NFO,02/01/2024,09:26:07,483.4,474.15,120,475.65,40,0,4320
FINNIFTY02JAN2421900PE.NFO,02/01/2024,09:26:08,483.4,474.1,80,475.5,40,0,4320
FINNIFTY02JAN2421900PE.NFO,02/01/2024,09:26:09,483.4,474.35,80,476,40,0,4320
FINNIFTY02JAN2421900PE.NFO,02/01/2024,09:26:10,483.4,474.4,80,475.55,40,0,4320
FINNIFTY02JAN2421900PE.NFO,02/01/2024,09:26:11,483.4,474.5,40,475.9,40,0,4320
FINNIFTY02JAN2421900PE.NFO,02/01/2024,09:26:12,483.4,474.4,80,475.6,40,0,4320
FINNIFTY02JAN2421900PE.NFO,02/01/2024,09:26:13,483.4,472.7,80,474.25,40,0,4320
FINNIFTY02JAN2421900PE.NFO,02/01/2024,09:26:14,483.4,470.5,40,472.35,160,0,4320
FINNIFTY02JAN2421900PE.NFO,02/01/2024,09:26:15,464.65,458.05,400,470.6,560,80,4320
FINNIFTY02JAN2421900PE.NFO,02/01/2024,09:26:15,464.2,458.05,400,470.6,560,0,4320
FINNIFTY02JAN2421900PE.NFO,02/01/2024,09:26:17,464.65,449.15,80,469.05,600,0,4320
FINNIFTY02JAN2421900PE.NFO,02/01/2024,09:26:18,464.65,451.5,80,468.6,40,0,4320
FINNIFTY02JAN2421900PE.NFO,02/01/2024,09:26:19,460.5,456.55,40,458.45,360,40,4320
FINNIFTY02JAN2421900PE.NFO,02/01/2024,09:26:19,460.5,456.55,40,458.45,360,0,4320
FINNIFTY02JAN2421900PE.NFO,02/01/2024,09:26:20,456.55,456.05,240,458.5,40,40,4320
FINNIFTY02JAN2421900PE.NFO,02/01/2024,09:26:20,456.55,456.05,240,458.5,40,0,4320
FINNIFTY02JAN2421900PE.NFO,02/01/2024,09:26:21,456.55,454.55,200,457.7,40,0,4320
FINNIFTY02JAN2421900PE.NFO,02/01/2024,09:26:22,456.55,456,40,458.25,280,0,4320
FINNIFTY02JAN2421900PE.NFO,02/01/2024,09:26:23,456.55,456.4,40,458.5,80,0,4320
FINNIFTY02JAN2421900PE.NFO,02/01/2024,09:26:24,456.55,457.25,40,459.15,40,0,4320
FINNIFTY02JAN2421900PE.NFO,02/01/2024,09:26:25,456.55,457.3,40,459.35,120,0,4320
FINNIFTY02JAN2421900PE.NFO,02/01/2024,09:26:26,456.55,459.1,40,460.5,40,0,4320
FINNIFTY02JAN2421900PE.NFO,02/01/2024,09:26:27,456.55,458.7,40,460.65,160,0,4320
FINNIFTY02JAN2421900PE.NFO,02/01/2024,09:26:28,456.55,458.1,120,460.45,160,0,4320
FINNIFTY02JAN2421900PE.NFO,02/01/2024,09:26:29,456.55,454.4,40,457.05,360,0,4320
FINNIFTY02JAN2421900PE.NFO,02/01/2024,09:26:30,456.55,451.55,40,453.65,240,0,4320
FINNIFTY02JAN2421900PE.NFO,02/01/2024,09:26:31,456.55,450.3,40,452.65,40,0,4320
FINNIFTY02JAN2421900PE.NFO,02/01/2024,09:26:32,456.55,450.4,40,452.6,120,0,4320
FINNIFTY02JAN2421900PE.NFO,02/01/2024,09:26:33,456.55,451.6,80,453.6,40,0,4320
FINNIFTY02JAN2421900PE.NFO,02/01/2024,09:26:34,456.55,451.15,40,452.95,40,0,4320
FINNIFTY02JAN2421900PE.NFO,02/01/2024,09:26:35,456.55,452.6,40,454.9,40,0,4320
FINNIFTY02JAN2421900PE.NFO,02/01/2024,09:26:36,456.55,452,40,453.55,40,0,4320
FINNIFTY02JAN2421900PE.NFO,02/01/2024,09:26:37,456.55,451.4,40,453.05,160,0,4320
FINNIFTY02JAN2421900PE.NFO,02/01/2024,09:26:38,456.55,445.1,40,447.9,160,0,4320
FINNIFTY02JAN2421900PE.NFO,02/01/2024,09:26:39,443.95,441.75,80,444.45,40,40,4280
FINNIFTY02JAN2421900PE.NFO,02/01/2024,09:26:39,443.95,441.75,80,444.45,40,0,4280
FINNIFTY02JAN2421900PE.NFO,02/01/2024,09:26:40,444.5,438.9,40,441.45,120,80,4280
FINNIFTY02JAN2421900PE.NFO,02/01/2024,09:26:41,444.5,441.3,360,443.75,80,0,4280
FINNIFTY02JAN2421900PE.NFO,02/01/2024,09:26:42,444.5,440.75,40,443,40,0,4280
FINNIFTY02JAN2421900PE.NFO,02/01/2024,09:26:43,444.5,440.15,80,442.55,120,0,4280
FINNIFTY02JAN2421900PE.NFO,02/01/2024,09:26:44,444.5,438.9,120,440.8,160,0,4280
FINNIFTY02JAN2421900PE.NFO,02/01/2024,09:26:45,444.5,434.65,40,436.95,40,0,4280
FINNIFTY02JAN2421900PE.NFO,02/01/2024,09:26:46,444.5,433.6,40,435.75,40,0,4280
FINNIFTY02JAN2421900PE.NFO,02/01/2024,09:26:47,444.5,430.75,40,432.85,120,0,4280
FINNIFTY02JAN2421900PE.NFO,02/01/2024,09:26:48,444.5,433.2,40,435.2,40,0,4280
FINNIFTY02JAN2421900PE.NFO,02/01/2024,09:26:49,444.5,434.5,240,436.1,40,0,4280
FINNIFTY02JAN2421900PE.NFO,02/01/2024,09:26:50,444.5,435.8,200,437.5,40,0,4280
FINNIFTY02JAN2421900PE.NFO,02/01/2024,09:26:51,444.5,434.25,40,436.3,40,0,4280
FINNIFTY02JAN2421900PE.NFO,02/01/2024,09:26:52,444.5,434.65,40,436.75,40,0,4280
FINNIFTY02JAN2421900PE.NFO,02/01/2024,09:26:53,444.5,436,40,438.35,40,0,4280
FINNIFTY02JAN2421900PE.NFO,02/01/2024,09:26:54,444.5,437,640,439.35,80,0,4280
FINNIFTY02JAN2421900PE.NFO,02/01/2024,09:26:55,444.5,439.6,120,441.95,40,0,4280
FINNIFTY02JAN2421900PE.NFO,02/01/2024,09:26:56,444.5,440.05,40,442,40,0,4280
FINNIFTY02JAN2421900PE.NFO,02/01/2024,09:26:57,444.5,440.55,40,442.8,40,0,4280
FINNIFTY02JAN2421900PE.NFO,02/01/2024,09:26:58,444.5,442.25,40,444,80,0,4280
FINNIFTY02JAN2421900PE.NFO,02/01/2024,09:26:59,444.5,442.8,40,444.85,40,0,4280
FINNIFTY02JAN2421900PE.NFO,02/01/2024,09:27:00,444.5,441.8,80,444.1,40,0,4280
FINNIFTY02JAN2421900PE.NFO,02/01/2024,09:27:01,444.5,439.8,40,441.6,40,0,4280
FINNIFTY02JAN2421900PE.NFO,02/01/2024,09:27:02,444.5,438.15,200,439.95,40,0,4280
FINNIFTY02JAN2421900PE.NFO,02/01/2024,09:27:03,444.5,437.65,80,439.7,40,0,4280
FINNIFTY02JAN2421900PE.NFO,02/01/2024,09:27:04,444.5,437.45,40,439.45,40,0,4280
FINNIFTY02JAN2421900PE.NFO,02/01/2024,09:27:05,444.5,438.55,80,440.35,400,0,4280
FINNIFTY02JAN2421900PE.NFO,02/01/2024,09:27:06,444.5,439.95,40,441.5,40,0,4280
FINNIFTY02JAN2421900PE.NFO,02/01/2024,09:27:07,444.5,439.65,80,441.15,40,0,4280
FINNIFTY02JAN2421900PE.NFO,02/01/2024,09:27:08,444.5,437.25,200,438.9,360,0,4280
FINNIFTY02JAN2421900PE.NFO,02/01/2024,09:27:09,437.1,436.9,40,438.55,40,400,4280
FINNIFTY02JAN2421900PE.NFO,02/01/2024,09:27:09,437.1,436.9,40,438.55,40,0,4280
FINNIFTY02JAN2421900PE.NFO,02/01/2024,09:27:10,437.1,438.1,40,440.2,80,0,4280
FINNIFTY02JAN2421900PE.NFO,02/01/2024,09:27:11,437.1,439.85,40,441.2,40,0,4280
FINNIFTY02JAN2421900PE.NFO,02/01/2024,09:27:12,437.1,440.8,80,442.5,640,0,4280
FINNIFTY02JAN2421900PE.NFO,02/01/2024,09:27:13,437.1,438.5,40,440.15,40,0,4280
FINNIFTY02JAN2421900PE.NFO,02/01/2024,09:27:14,437.1,438.4,40,440.15,80,0,4280
FINNIFTY02JAN2421900PE.NFO,02/01/2024,09:27:15,437.1,440.75,40,442.15,40,0,4280
FINNIFTY02JAN2421900PE.NFO,02/01/2024,09:27:16,437.1,441.25,80,442.95,40,0,4280
FINNIFTY02JAN2421900PE.NFO,02/01/2024,09:27:17,437.1,439.65,40,442.25,160,0,4280
FINNIFTY02JAN2421900PE.NFO,02/01/2024,09:27:18,437.1,440.8,80,442.15,80,0,4280
FINNIFTY02JAN2421900PE.NFO,02/01/2024,09:27:19,437.1,440.8,40,442.2,40,0,4280
FINNIFTY02JAN2421900PE.NFO,02/01/2024,09:27:20,437.1,441.4,80,442.7,40,0,4280
FINNIFTY02JAN2421900PE.NFO,02/01/2024,09:27:21,437.1,440.85,80,442,40,0,4280
FINNIFTY02JAN2421900PE.NFO,02/01/2024,09:27:22,437.1,440.5,80,441.8,40,0,4280
FINNIFTY02JAN2421900PE.NFO,02/01/2024,09:27:23,437.1,439.85,160,441.35,40,0,4280
FINNIFTY02JAN2421900PE.NFO,02/01/2024,09:27:24,437.1,439.65,40,440.95,40,0,4280
FINNIFTY02JAN2421900PE.NFO,02/01/2024,09:27:25,437.1,441.1,80,442.75,40,0,4280
FINNIFTY02JAN2421900PE.NFO,02/01/2024,09:27:26,437.1,442.6,80,444.5,80,0,4280
FINNIFTY02JAN2421900PE.NFO,02/01/2024,09:27:27,437.1,444.4,80,445.95,80,0,4280
FINNIFTY02JAN2421900PE.NFO,02/01/2024,09:27:28,437.1,444.4,40,445.9,40,0,4280
FINNIFTY02JAN2421900PE.NFO,02/01/2024,09:27:29,437.1,444.65,40,446,40,0,4280
FINNIFTY02JAN2421900PE.NFO,02/01/2024,09:27:30,437.1,444.5,40,446,80,0,4280
FINNIFTY02JAN2421900PE.NFO,02/01/2024,09:27:31,437.1,444.7,80,445.95,40,0,4280
FINNIFTY02JAN2421900PE.NFO,02/01/2024,09:27:32,437.1,446.85,80,449.35,240,0,4280
FINNIFTY02JAN2421900PE.NFO,02/01/2024,09:27:33,437.1,445.75,40,447.2,40,0,4280
FINNIFTY02JAN2421900PE.NFO,02/01/2024,09:27:34,437.1,446.35,40,447.7,40,0,4280
FINNIFTY02JAN2421900PE.NFO,02/01/2024,09:27:35,437.1,444.7,80,446.4,80,0,4280
FINNIFTY02JAN2421900PE.NFO,02/01/2024,09:27:36,437.1,443,80,444.9,200,0,4280
FINNIFTY02JAN2421900PE.NFO,02/01/2024,09:27:37,437.1,442.35,40,443.8,40,0,4280
FINNIFTY02JAN2421900PE.NFO,02/01/2024,09:27:38,437.1,442.65,160,444,40,0,4280
FINNIFTY02JAN2421900PE.NFO,02/01/2024,09:27:39,437.1,442.75,40,444.25,40,0,4280
FINNIFTY02JAN2421900PE.NFO,02/01/2024,09:27:40,437.1,443.4,120,445,160,0,4280
FINNIFTY02JAN2421900PE.NFO,02/01/2024,09:27:41,437.1,443,640,444.8,40,0,4280
FINNIFTY02JAN2421900PE.NFO,02/01/2024,09:27:42,437.1,443,80,444.5,40,0,4280
FINNIFTY02JAN2421900PE.NFO,02/01/2024,09:27:43,437.1,441.9,120,443.4,40,0,4280
FINNIFTY02JAN2421900PE.NFO,02/01/2024,09:27:44,437.1,441.75,80,443.3,40,0,4280
FINNIFTY02JAN2421900PE.NFO,02/01/2024,09:27:45,437.1,443.3,40,444.7,40,0,4280
FINNIFTY02JAN2421900PE.NFO,02/01/2024,09:27:46,437.1,443.65,40,444.7,40,0,4280
FINNIFTY02JAN2421900PE.NFO,02/01/2024,09:27:47,437.1,443.75,80,444.95,40,0,4280
FINNIFTY02JAN2421900PE.NFO,02/01/2024,09:27:48,437.1,443.7,40,445.35,40,0,4280
FINNIFTY02JAN2421900PE.NFO,02/01/2024,09:27:49,437.1,442.2,80,443.25,40,0,4280
FINNIFTY02JAN2421900PE.NFO,02/01/2024,09:27:50,437.1,441.6,40,442.7,40,0,4280
FINNIFTY02JAN2421900PE.NFO,02/01/2024,09:27:51,437.1,441.15,120,442.2,40,0,4280
FINNIFTY02JAN2421900PE.NFO,02/01/2024,09:27:52,437.1,437.6,40,440.45,80,0,4280
FINNIFTY02JAN2421900PE.NFO,02/01/2024,09:27:53,437.1,435.3,40,437.25,120,0,4280
FINNIFTY02JAN2421900PE.NFO,02/01/2024,09:27:54,437.1,436.3,120,438,40,0,4280
FINNIFTY02JAN2421900PE.NFO,02/01/2024,09:27:55,437.1,434.9,40,436.85,40,0,4280
FINNIFTY02JAN2421900PE.NFO,02/01/2024,09:27:56,437.1,435.25,40,436.8,40,0,4280
FINNIFTY02JAN2421900PE.NFO,02/01/2024,09:27:57,437.1,432.45,40,434.4,40,0,4280
FINNIFTY02JAN2421900PE.NFO,02/01/2024,09:27:58,428.8,429.15,400,433.85,80,80,4280
FINNIFTY02JAN2421900PE.NFO,02/01/2024,09:27:58,428.8,429.15,400,433.85,80,0,4280
FINNIFTY02JAN2421900PE.NFO,02/01/2024,09:27:59,428.8,426.5,400,429.3,120,0,4280
FINNIFTY02JAN2421900PE.NFO,02/01/2024,09:28:00,428.8,428.55,40,430.6,40,0,4280
FINNIFTY02JAN2421900PE.NFO,02/01/2024,09:28:01,428.8,428.5,840,431,40,0,4280
FINNIFTY02JAN2421900PE.NFO,02/01/2024,09:28:02,428.8,430.05,200,432.35,80,0,4280
FINNIFTY02JAN2421900PE.NFO,02/01/2024,09:28:03,428.8,425.55,40,429.25,200,0,4280
FINNIFTY02JAN2421900PE.NFO,02/01/2024,09:28:04,428.8,426.05,40,427.7,40,0,4280
FINNIFTY02JAN2421900PE.NFO,02/01/2024,09:28:05,428.8,426,80,427.6,40,0,4280
FINNIFTY02JAN2421900PE.NFO,02/01/2024,09:28:06,428.8,428.2,40,429.65,40,0,4280
FINNIFTY02JAN2421900PE.NFO,02/01/2024,09:28:07,428.8,429.7,80,431.25,40,0,4280
FINNIFTY02JAN2421900PE.NFO,02/01/2024,09:28:08,428.8,429.8,40,431.7,480,0,4280
FINNIFTY02JAN2421900PE.NFO,02/01/2024,09:28:09,428.8,430.05,40,431.7,40,0,4280
FINNIFTY02JAN2421900PE.NFO,02/01/2024,09:28:10,428.8,430.6,80,432.15,40,0,4280
FINNIFTY02JAN2421900PE.NFO,02/01/2024,09:28:11,428.8,430.8,40,432.65,40,0,4280
FINNIFTY02JAN2421900PE.NFO,02/01/2024,09:28:12,428.8,430.55,80,432.3,40,0,4280
FINNIFTY02JAN2421900PE.NFO,02/01/2024,09:28:13,428.8,431.55,160,433.25,40,0,4280
FINNIFTY02JAN2421900PE.NFO,02/01/2024,09:28:14,428.8,431.6,80,433.45,80,0,4280
FINNIFTY02JAN2421900PE.NFO,02/01/2024,09:28:15,428.8,432.2,40,433.8,40,0,4280
FINNIFTY02JAN2421900PE.NFO,02/01/2024,09:28:16,428.8,431.6,120,433.45,40,0,4280
FINNIFTY02JAN2421900PE.NFO,02/01/2024,09:28:17,428.8,431.55,80,433.25,40,0,4280
FINNIFTY02JAN2421900PE.NFO,02/01/2024,09:28:18,428.8,432.1,80,434.1,200,0,4280
FINNIFTY02JAN2421900PE.NFO,02/01/2024,09:28:19,428.8,432.1,80,433.65,40,0,4280
FINNIFTY02JAN2421900PE.NFO,02/01/2024,09:28:20,428.8,433.55,40,435.4,80,0,4280
FINNIFTY02JAN2421900PE.NFO,02/01/2024,09:28:21,428.8,431.4,40,433.25,480,0,4280
FINNIFTY02JAN2421900PE.NFO,02/01/2024,09:28:22,428.8,431.8,40,433.45,40,0,4280
FINNIFTY02JAN2421900PE.NFO,02/01/2024,09:28:23,428.8,431.1,40,432.55,40,0,4280
FINNIFTY02JAN2421900PE.NFO,02/01/2024,09:28:24,428.8,430.2,80,431.8,240,0,4280
FINNIFTY02JAN2421900PE.NFO,02/01/2024,09:28:25,428.8,427.6,40,429.4,240,0,4280
FINNIFTY02JAN2421900PE.NFO,02/01/2024,09:28:26,428.8,428.55,80,430.2,80,0,4280
FINNIFTY02JAN2421900PE.NFO,02/01/2024,09:28:27,428.8,429.4,40,431,120,0,4280
FINNIFTY02JAN2421900PE.NFO,02/01/2024,09:28:28,428.8,430.35,40,431.85,40,0,4280
FINNIFTY02JAN2421900PE.NFO,02/01/2024,09:28:29,428.8,430.25,80,431.45,40,0,4280
FINNIFTY02JAN2421900PE.NFO,02/01/2024,09:28:30,428.8,429.1,40,430.6,40,0,4280
FINNIFTY02JAN2421900PE.NFO,02/01/2024,09:28:31,428.8,430.65,40,432.15,40,0,4280
FINNIFTY02JAN2421900PE.NFO,02/01/2024,09:28:32,428.8,431.15,40,432.5,40,0,4280
FINNIFTY02JAN2421900PE.NFO,02/01/2024,09:28:33,428.8,432.85,40,434.55,40,0,4280
FINNIFTY02JAN2421900PE.NFO,02/01/2024,09:28:34,428.8,433.65,40,435,40,0,4280
FINNIFTY02JAN2421900PE.NFO,02/01/2024,09:28:35,428.8,434.15,80,435.8,40,0,4280
FINNIFTY02JAN2421900PE.NFO,02/01/2024,09:28:36,428.8,433.75,80,435,120,0,4280
FINNIFTY02JAN2421900PE.NFO,02/01/2024,09:28:37,428.8,434.1,80,436,80,0,4280
FINNIFTY02JAN2421900PE.NFO,02/01/2024,09:28:38,428.8,435.35,280,436.95,40,0,4280
FINNIFTY02JAN2421900PE.NFO,02/01/2024,09:28:39,428.8,435.8,80,437.3,80,0,4280
FINNIFTY02JAN2421900PE.NFO,02/01/2024,09:28:40,428.8,434.7,40,436,40,0,4280
FINNIFTY02JAN2421900PE.NFO,02/01/2024,09:28:41,428.8,434.3,80,436.2,40,0,4280
FINNIFTY02JAN2421900PE.NFO,02/01/2024,09:28:42,428.8,434.75,80,436,40,0,4280
FINNIFTY02JAN2421900PE.NFO,02/01/2024,09:28:43,428.8,434.85,40,436.35,40,0,4280
FINNIFTY02JAN2421900PE.NFO,02/01/2024,09:28:44,428.8,434.9,40,436.6,40,0,4280
FINNIFTY02JAN2421900PE.NFO,02/01/2024,09:28:45,428.8,434.5,40,435.8,80,0,4280
FINNIFTY02JAN2421900PE.NFO,02/01/2024,09:28:46,428.8,434.45,80,435.4,40,0,4280
FINNIFTY02JAN2421900PE.NFO,02/01/2024,09:28:47,428.8,433,80,434.55,40,0,4280
FINNIFTY02JAN2421900PE.NFO,02/01/2024,09:28:48,428.8,433.2,200,434.85,80,0,4280
FINNIFTY02JAN2421900PE.NFO,02/01/2024,09:28:49,428.8,434.4,80,435.75,80,0,4280
FINNIFTY02JAN2421900PE.NFO,02/01/2024,09:28:50,428.8,434.2,40,435.6,40,0,4280
FINNIFTY02JAN2421900PE.NFO,02/01/2024,09:28:51,428.8,433.7,40,435.05,80,0,4280
FINNIFTY02JAN2421900PE.NFO,02/01/2024,09:28:52,428.8,433.85,40,435.55,40,0,4280
FINNIFTY02JAN2421900PE.NFO,02/01/2024,09:28:53,428.8,434.45,80,435.65,40,0,4280
FINNIFTY02JAN2421900PE.NFO,02/01/2024,09:28:54,428.8,434.3,40,435.4,120,0,4280
FINNIFTY02JAN2421900PE.NFO,02/01/2024,09:28:55,428.8,435.4,80,436.85,40,0,4280
FINNIFTY02JAN2421900PE.NFO,02/01/2024,09:28:56,428.8,436.05,120,437.8,40,0,4280
FINNIFTY02JAN2421900PE.NFO,02/01/2024,09:28:57,428.8,436.25,40,437.75,40,0,4280
FINNIFTY02JAN2421900PE.NFO,02/01/2024,09:28:58,428.8,436.2,40,437.55,120,0,4280
FINNIFTY02JAN2421900PE.NFO,02/01/2024,09:28:59,428.8,436.9,40,438.5,40,0,4280
FINNIFTY02JAN2421900PE.NFO,02/01/2024,09:29:00,428.8,437.85,40,439.8,40,0,4280
FINNIFTY02JAN2421900PE.NFO,02/01/2024,09:29:01,428.8,436.65,40,437.9,40,0,4280
FINNIFTY02JAN2421900PE.NFO,02/01/2024,09:29:02,428.8,438.05,80,439.6,40,0,4280
FINNIFTY02JAN2421900PE.NFO,02/01/2024,09:29:03,428.8,438.75,40,440.35,40,0,4280
FINNIFTY02JAN2421900PE.NFO,02/01/2024,09:29:04,428.8,438.25,40,439.9,240,0,4280
FINNIFTY02JAN2421900PE.NFO,02/01/2024,09:29:05,428.8,438.6,40,440.65,80,0,4280
FINNIFTY02JAN2421900PE.NFO,02/01/2024,09:29:06,428.8,439.65,80,441.05,80,0,4280
FINNIFTY02JAN2421900PE.NFO,02/01/2024,09:29:07,428.8,439.05,80,440.35,40,0,4280
FINNIFTY02JAN2421900PE.NFO,02/01/2024,09:29:08,428.8,439.15,80,440.55,80,0,4280
FINNIFTY02JAN2421900PE.NFO,02/01/2024,09:29:09,428.8,439.55,40,441,40,0,4280
FINNIFTY02JAN2421900PE.NFO,02/01/2024,09:29:10,428.8,438.35,40,439.95,120,0,4280
FINNIFTY02JAN2421900PE.NFO,02/01/2024,09:29:11,428.8,438.1,120,439.35,40,0,4280
FINNIFTY02JAN2421900PE.NFO,02/01/2024,09:29:12,428.8,436.3,80,437.75,40,0,4280
FINNIFTY02JAN2421900PE.NFO,02/01/2024,09:29:13,428.8,436.65,80,438.1,40,0,4280
FINNIFTY02JAN2421900PE.NFO,02/01/2024,09:29:14,428.8,436.7,40,438.1,80,0,4280
FINNIFTY02JAN2421900PE.NFO,02/01/2024,09:29:15,428.8,437.55,80,439.3,40,0,4280
FINNIFTY02JAN2421900PE.NFO,02/01/2024,09:29:16,428.8,438.3,80,439.7,120,0,4280
FINNIFTY02JAN2421900PE.NFO,02/01/2024,09:29:17,428.8,438.05,40,439.3,40,0,4280
FINNIFTY02JAN2421900PE.NFO,02/01/2024,09:29:18,428.8,439,80,440.15,40,0,4280
FINNIFTY02JAN2421900PE.NFO,02/01/2024,09:29:19,428.8,439.15,40,440.35,40,0,4280
FINNIFTY02JAN2421900PE.NFO,02/01/2024,09:29:20,428.8,439.8,80,441.25,80,0,4280
FINNIFTY02JAN2421900PE.NFO,02/01/2024,09:29:21,428.8,439.95,120,441.4,40,0,4280
FINNIFTY02JAN2421900PE.NFO,02/01/2024,09:29:22,428.8,440.05,40,441.45,40,0,4280
FINNIFTY02JAN2421900PE.NFO,02/01/2024,09:29:23,428.8,439.95,120,441.45,40,0,4280
FINNIFTY02JAN2421900PE.NFO,02/01/2024,09:29:24,428.8,439.7,40,441.05,80,0,4280
FINNIFTY02JAN2421900PE.NFO,02/01/2024,09:29:25,428.8,439.1,40,440.25,80,0,4280
FINNIFTY02JAN2421900PE.NFO,02/01/2024,09:29:26,428.8,440.6,160,442.15,40,0,4280
FINNIFTY02JAN2421900PE.NFO,02/01/2024,09:29:27,428.8,441.25,40,442.5,80,0,4280
FINNIFTY02JAN2421900PE.NFO,02/01/2024,09:29:28,428.8,441.25,40,442.5,40,0,4280
FINNIFTY02JAN2421900PE.NFO,02/01/2024,09:29:29,428.8,441.05,40,442.4,40,0,4280
FINNIFTY02JAN2421900PE.NFO,02/01/2024,09:29:30,428.8,439.9,80,441.35,40,0,4280
FINNIFTY02JAN2421900PE.NFO,02/01/2024,09:29:31,428.8,440.05,200,441,80,0,4280
FINNIFTY02JAN2421900PE.NFO,02/01/2024,09:29:32,428.8,439.9,40,441.05,40,0,4280
FINNIFTY02JAN2421900PE.NFO,02/01/2024,09:29:33,428.8,440.35,120,441.65,40,0,4280
FINNIFTY02JAN2421900PE.NFO,02/01/2024,09:29:34,428.8,440.2,160,441.6,40,0,4280
FINNIFTY02JAN2421900PE.NFO,02/01/2024,09:29:35,428.8,438.95,80,440,40,0,4280
FINNIFTY02JAN2421900PE.NFO,02/01/2024,09:29:36,428.8,438,40,439.25,40,0,4280
FINNIFTY02JAN2421900PE.NFO,02/01/2024,09:29:37,428.8,438.1,120,439.7,40,0,4280
FINNIFTY02JAN2421900PE.NFO,02/01/2024,09:29:38,428.8,438.4,40,439.75,40,0,4280
FINNIFTY02JAN2421900PE.NFO,02/01/2024,09:29:39,428.8,437.1,40,438.5,40,0,4280
FINNIFTY02JAN2421900PE.NFO,02/01/2024,09:29:40,428.8,437,40,438.45,120,0,4280
FINNIFTY02JAN2421900PE.NFO,02/01/2024,09:29:41,428.8,437.25,40,438.6,40,0,4280
FINNIFTY02JAN2421900PE.NFO,02/01/2024,09:29:42,428.8,437.25,80,438.4,40,0,4280
FINNIFTY02JAN2421900PE.NFO,02/01/2024,09:29:43,428.8,438.55,40,439.6,40,0,4280
FINNIFTY02JAN2421900PE.NFO,02/01/2024,09:29:44,428.8,438.45,40,440,80,0,4280
FINNIFTY02JAN2421900PE.NFO,02/01/2024,09:29:45,428.8,438.85,40,440.1,40,0,4280
FINNIFTY02JAN2421900PE.NFO,02/01/2024,09:29:46,428.8,439.3,80,440.5,80,0,4280
FINNIFTY02JAN2421900PE.NFO,02/01/2024,09:29:47,428.8,439.6,40,440.95,40,0,4280
FINNIFTY02JAN2421900PE.NFO,02/01/2024,09:29:48,428.8,439.3,40,440.9,40,0,4280
FINNIFTY02JAN2421900PE.NFO,02/01/2024,09:29:49,428.8,438.45,40,439.8,40,0,4280
FINNIFTY02JAN2421900PE.NFO,02/01/2024,09:29:50,428.8,438.7,40,440.05,200,0,4280
FINNIFTY02JAN2421900PE.NFO,02/01/2024,09:29:51,428.8,438.8,120,440.25,40,0,4280
FINNIFTY02JAN2421900PE.NFO,02/01/2024,09:29:52,428.8,438.3,80,439.35,160,0,4280
FINNIFTY02JAN2421900PE.NFO,02/01/2024,09:29:53,428.8,437.9,80,438.85,40,0,4280
FINNIFTY02JAN2421900PE.NFO,02/01/2024,09:29:54,428.8,438.2,40,439.5,40,0,4280
FINNIFTY02JAN2421900PE.NFO,02/01/2024,09:29:55,428.8,438.1,40,439.65,40,0,4280
FINNIFTY02JAN2421900PE.NFO,02/01/2024,09:29:56,428.8,438.55,200,439.95,120,0,4280
FINNIFTY02JAN2421900PE.NFO,02/01/2024,09:29:57,428.8,439.05,40,440.4,40,0,4280
FINNIFTY02JAN2421900PE.NFO,02/01/2024,09:29:58,428.8,439.2,80,440.6,120,0,4280
FINNIFTY02JAN2421900PE.NFO,02/01/2024,09:29:59,428.8,438.3,80,439.8,200,0,4280
FINNIFTY02JAN2421900PE.NFO,02/01/2024,09:30:00,428.8,438.15,40,439.9,80,0,4280
FINNIFTY02JAN2421900PE.NFO,02/01/2024,09:30:01,428.8,436.3,40,438.35,40,0,4280
FINNIFTY02JAN2421900PE.NFO,02/01/2024,09:30:02,428.8,437.35,80,438.85,80,0,4280
FINNIFTY02JAN2421900PE.NFO,02/01/2024,09:30:03,428.8,439.85,40,441.3,40,0,4280
FINNIFTY02JAN2421900PE.NFO,02/01/2024,09:30:04,428.8,440.5,80,441.9,120,0,4280
FINNIFTY02JAN2421900PE.NFO,02/01/2024,09:30:05,428.8,441.25,120,442.55,40,0,4280
FINNIFTY02JAN2421900PE.NFO,02/01/2024,09:30:06,428.8,441.4,40,442.7,40,0,4280
FINNIFTY02JAN2421900PE.NFO,02/01/2024,09:30:07,428.8,442.2,40,443.45,40,0,4280
FINNIFTY02JAN2421900PE.NFO,02/01/2024,09:30:08,428.8,441.6,40,443,80,0,4280
FINNIFTY02JAN2421900PE.NFO,02/01/2024,09:30:09,428.8,441.1,80,442.2,40,0,4280
FINNIFTY02JAN2421900PE.NFO,02/01/2024,09:30:10,428.8,440.4,80,441.8,40,0,4280
FINNIFTY02JAN2421900PE.NFO,02/01/2024,09:30:11,428.8,440.7,80,442.25,40,0,4280
FINNIFTY02JAN2421900PE.NFO,02/01/2024,09:30:12,428.8,439.9,80,441.2,40,0,4280
FINNIFTY02JAN2421900PE.NFO,02/01/2024,09:30:13,428.8,438.9,40,440.45,40,0,4280
FINNIFTY02JAN2421900PE.NFO,02/01/2024,09:30:14,428.8,436.65,80,438.35,120,0,4280
FINNIFTY02JAN2421900PE.NFO,02/01/2024,09:30:15,428.8,436.7,160,438,40,0,4280
FINNIFTY02JAN2421900PE.NFO,02/01/2024,09:30:16,428.8,437.2,120,438.75,200,0,4280
FINNIFTY02JAN2421900PE.NFO,02/01/2024,09:30:17,428.8,437,40,438.35,80,0,4280
FINNIFTY02JAN2421900PE.NFO,02/01/2024,09:30:18,428.8,435.4,80,437.05,200,0,4280
FINNIFTY02JAN2421900PE.NFO,02/01/2024,09:30:19,428.8,433.5,40,435,40,0,4280
FINNIFTY02JAN2421900PE.NFO,02/01/2024,09:30:20,428.8,434.15,120,436.2,120,0,4280
FINNIFTY02JAN2421900PE.NFO,02/01/2024,09:30:21,428.8,435.3,40,436.65,80,0,4280
FINNIFTY02JAN2421900PE.NFO,02/01/2024,09:30:22,428.8,435.45,40,437.15,40,0,4280
FINNIFTY02JAN2421900PE.NFO,02/01/2024,09:30:23,428.8,435.85,40,437.4,160,0,4280
FINNIFTY02JAN2421900PE.NFO,02/01/2024,09:30:24,428.8,436.15,80,437.6,40,0,4280
FINNIFTY02JAN2421900PE.NFO,02/01/2024,09:30:25,428.8,436.85,80,438,200,0,4280
FINNIFTY02JAN2421900PE.NFO,02/01/2024,09:30:26,428.8,436.95,40,438.15,40,0,4280
FINNIFTY02JAN2421900PE.NFO,02/01/2024,09:30:27,428.8,437.85,40,439.2,40,0,4280
FINNIFTY02JAN2421900PE.NFO,02/01/2024,09:30:28,428.8,437.95,80,439.25,80,0,4280
FINNIFTY02JAN2421900PE.NFO,02/01/2024,09:30:29,428.8,438.9,80,440.7,40,0,4280
FINNIFTY02JAN2421900PE.NFO,02/01/2024,09:30:30,428.8,439.3,40,441.7,40,0,4280
FINNIFTY02JAN2421900PE.NFO,02/01/2024,09:30:31,428.8,439.75,40,441.65,120,0,4280
FINNIFTY02JAN2421900PE.NFO,02/01/2024,09:30:32,428.8,440,40,441.25,40,0,4280
FINNIFTY02JAN2421900PE.NFO,02/01/2024,09:30:33,428.8,439.25,200,440.55,40,0,4280
FINNIFTY02JAN2421900PE.NFO,02/01/2024,09:30:34,428.8,438.75,80,440.15,40,0,4280
FINNIFTY02JAN2421900PE.NFO,02/01/2024,09:30:35,428.8,438.95,40,440.25,80,0,4280
FINNIFTY02JAN2421900PE.NFO,02/01/2024,09:30:36,428.8,438.95,40,440.1,80,0,4280
FINNIFTY02JAN2421900PE.NFO,02/01/2024,09:30:37,428.8,438.6,40,439.9,80,0,4280
FINNIFTY02JAN2421900PE.NFO,02/01/2024,09:30:38,428.8,439.5,40,440.6,40,0,4280
FINNIFTY02JAN2421900PE.NFO,02/01/2024,09:30:39,428.8,439.1,120,440.3,40,0,4280
FINNIFTY02JAN2421900PE.NFO,02/01/2024,09:30:40,428.8,436.75,40,438.2,120,0,4280
FINNIFTY02JAN2421900PE.NFO,02/01/2024,09:30:41,428.8,436.2,40,437.95,40,0,4280
FINNIFTY02JAN2421900PE.NFO,02/01/2024,09:30:42,428.8,437,120,438.6,80,0,4280
FINNIFTY02JAN2421900PE.NFO,02/01/2024,09:30:43,428.8,438.2,40,439.55,40,0,4280
FINNIFTY02JAN2421900PE.NFO,02/01/2024,09:30:44,428.8,438.2,80,439.2,40,0,4280
FINNIFTY02JAN2421900PE.NFO,02/01/2024,09:30:45,428.8,437.6,40,438.8,80,0,4280
FINNIFTY02JAN2421900PE.NFO,02/01/2024,09:30:46,428.8,437.9,80,439.25,80,0,4280
FINNIFTY02JAN2421900PE.NFO,02/01/2024,09:30:47,428.8,437.7,40,439.1,40,0,4280
FINNIFTY02JAN2421900PE.NFO,02/01/2024,09:30:48,428.8,437.65,80,438.95,40,0,4280
FINNIFTY02JAN2421900PE.NFO,02/01/2024,09:30:49,428.8,437.95,80,439.35,40,0,4280
FINNIFTY02JAN2421900PE.NFO,02/01/2024,09:30:50,428.8,437.95,80,439.25,40,0,4280
FINNIFTY02JAN2421900PE.NFO,02/01/2024,09:30:52,428.8,438.4,40,439.55,40,0,4280
FINNIFTY02JAN2421900PE.NFO,02/01/2024,09:30:52,428.8,438.3,40,439.45,120,0,4280
FINNIFTY02JAN2421900PE.NFO,02/01/2024,09:30:53,428.8,438,40,439.1,80,0,4280
FINNIFTY02JAN2421900PE.NFO,02/01/2024,09:30:54,428.8,438.6,40,439.85,80,0,4280
FINNIFTY02JAN2421900PE.NFO,02/01/2024,09:30:55,428.8,438.65,160,439.9,80,0,4280
FINNIFTY02JAN2421900PE.NFO,02/01/2024,09:30:57,428.8,439.1,120,440.45,40,0,4280
FINNIFTY02JAN2421900PE.NFO,02/01/2024,09:30:57,428.8,439.4,40,440.9,40,0,4280
FINNIFTY02JAN2421900PE.NFO,02/01/2024,09:30:58,428.8,439.45,40,440.6,120,0,4280
FINNIFTY02JAN2421900PE.NFO,02/01/2024,09:30:59,428.8,439.85,80,441.2,160,0,4280
FINNIFTY02JAN2421900PE.NFO,02/01/2024,09:31:00,428.8,440.7,80,441.9,40,0,4280
FINNIFTY02JAN2421900PE.NFO,02/01/2024,09:31:02,428.8,440.5,40,441.9,40,0,4280
FINNIFTY02JAN2421900PE.NFO,02/01/2024,09:31:02,428.8,440.85,120,442.3,560,0,4280
FINNIFTY02JAN2421900PE.NFO,02/01/2024,09:31:03,428.8,441.2,120,442.5,160,0,4280
FINNIFTY02JAN2421900PE.NFO,02/01/2024,09:31:04,428.8,441.9,80,443.1,40,0,4280
FINNIFTY02JAN2421900PE.NFO,02/01/2024,09:31:05,428.8,442.3,80,443.3,40,0,4280
FINNIFTY02JAN2421900PE.NFO,02/01/2024,09:31:06,428.8,442.15,40,443.45,40,0,4280
FINNIFTY02JAN2421900PE.NFO,02/01/2024,09:31:08,428.8,441.85,80,443.05,80,0,4280
FINNIFTY02JAN2421900PE.NFO,02/01/2024,09:31:09,428.8,441.5,80,442.7,80,0,4280
FINNIFTY02JAN2421900PE.NFO,02/01/2024,09:31:09,428.8,441.5,200,442.7,80,0,4280
FINNIFTY02JAN2421900PE.NFO,02/01/2024,09:31:10,428.8,441.15,80,442.55,40,0,4280
FINNIFTY02JAN2421900PE.NFO,02/01/2024,09:31:11,428.8,440.45,80,442.15,40,0,4280
FINNIFTY02JAN2421900PE.NFO,02/01/2024,09:31:12,428.8,442.35,80,443.6,200,0,4280
FINNIFTY02JAN2421900PE.NFO,02/01/2024,09:31:14,428.8,443.5,40,444.85,40,0,4280
FINNIFTY02JAN2421900PE.NFO,02/01/2024,09:31:14,428.8,444.25,40,445.85,40,0,4280
FINNIFTY02JAN2421900PE.NFO,02/01/2024,09:31:15,428.8,445.05,40,446.5,40,0,4280
FINNIFTY02JAN2421900PE.NFO,02/01/2024,09:31:16,428.8,445.5,40,446.8,200,0,4280
FINNIFTY02JAN2421900PE.NFO,02/01/2024,09:31:17,428.8,444.15,80,445.35,40,0,4280
FINNIFTY02JAN2421900PE.NFO,02/01/2024,09:31:18,428.8,443.8,40,445.4,40,0,4280
FINNIFTY02JAN2421900PE.NFO,02/01/2024,09:31:20,428.8,443.1,40,444.5,40,0,4280
FINNIFTY02JAN2421900PE.NFO,02/01/2024,09:31:20,428.8,443.3,200,445.05,40,0,4280
FINNIFTY02JAN2421900PE.NFO,02/01/2024,09:31:21,428.8,444.35,40,445.65,40,0,4280
FINNIFTY02JAN2421900PE.NFO,02/01/2024,09:31:22,428.8,443.45,40,444.8,40,0,4280
FINNIFTY02JAN2421900PE.NFO,02/01/2024,09:31:23,428.8,442.4,40,444.1,40,0,4280
FINNIFTY02JAN2421900PE.NFO,02/01/2024,09:31:25,428.8,443.2,80,444.3,80,0,4280
FINNIFTY02JAN2421900PE.NFO,02/01/2024,09:31:25,428.8,443.3,80,444.75,240,0,4280
FINNIFTY02JAN2421900PE.NFO,02/01/2024,09:31:26,428.8,440.4,40,441.9,40,0,4280
FINNIFTY02JAN2421900PE.NFO,02/01/2024,09:31:27,428.8,440.4,40,441.7,40,0,4280
FINNIFTY02JAN2421900PE.NFO,02/01/2024,09:31:28,428.8,440.95,80,442.3,120,0,4280
FINNIFTY02JAN2421900PE.NFO,02/01/2024,09:31:29,428.8,441.35,120,442.45,80,0,4280
FINNIFTY02JAN2421900PE.NFO,02/01/2024,09:31:31,428.8,441.25,40,442.7,40,0,4280
FINNIFTY02JAN2421900PE.NFO,02/01/2024,09:31:32,428.8,442.05,80,443.4,40,0,4280
FINNIFTY02JAN2421900PE.NFO,02/01/2024,09:31:32,428.8,442.2,40,443.55,40,0,4280
FINNIFTY02JAN2421900PE.NFO,02/01/2024,09:31:33,428.8,441.95,40,443.35,40,0,4280
FINNIFTY02JAN2421900PE.NFO,02/01/2024,09:31:34,428.8,443.1,40,444.65,40,0,4280
FINNIFTY02JAN2421900PE.NFO,02/01/2024,09:31:35,428.8,444.1,40,445.7,40,0,4280
FINNIFTY02JAN2421900PE.NFO,02/01/2024,09:31:36,428.8,443.65,320,445.1,80,0,4280
FINNIFTY02JAN2421900PE.NFO,02/01/2024,09:31:37,428.8,443.95,40,445.25,80,0,4280
FINNIFTY02JAN2421900PE.NFO,02/01/2024,09:31:38,428.8,444.15,80,445.35,120,0,4280
FINNIFTY02JAN2421900PE.NFO,02/01/2024,09:31:39,428.8,444,80,445.2,40,0,4280
FINNIFTY02JAN2421900PE.NFO,02/01/2024,09:31:40,428.8,444.6,80,445.6,40,0,4280
FINNIFTY02JAN2421900PE.NFO,02/01/2024,09:31:41,428.8,445.05,80,446.3,80,0,4280
FINNIFTY02JAN2421900PE.NFO,02/01/2024,09:31:43,428.8,445.1,40,446.35,40,0,4280
FINNIFTY02JAN2421900PE.NFO,02/01/2024,09:31:44,428.8,444.85,120,446.4,40,0,4280
FINNIFTY02JAN2421900PE.NFO,02/01/2024,09:31:44,428.8,444.55,120,445.95,40,0,4280
FINNIFTY02JAN2421900PE.NFO,02/01/2024,09:31:45,428.8,444.45,120,445.8,40,0,4280
FINNIFTY02JAN2421900PE.NFO,02/01/2024,09:31:46,428.8,443.65,80,445.35,40,0,4280
FINNIFTY02JAN2421900PE.NFO,02/01/2024,09:31:47,428.8,443.85,80,445.4,40,0,4280
FINNIFTY02JAN2421900PE.NFO,02/01/2024,09:31:48,428.8,443.5,40,444.8,40,0,4280
FINNIFTY02JAN2421900PE.NFO,02/01/2024,09:31:50,428.8,443.45,80,444.55,40,0,4280
FINNIFTY02JAN2421900PE.NFO,02/01/2024,09:31:50,428.8,443.45,80,444.6,80,0,4280
FINNIFTY02JAN2421900PE.NFO,02/01/2024,09:31:51,428.8,443.9,80,445.25,40,0,4280
FINNIFTY02JAN2421900PE.NFO,02/01/2024,09:31:52,428.8,444.65,40,445.85,40,0,4280
FINNIFTY02JAN2421900PE.NFO,02/01/2024,09:31:53,428.8,445.1,80,446.4,40,0,4280
FINNIFTY02JAN2421900PE.NFO,02/01/2024,09:31:54,428.8,446.4,80,448.05,280,0,4280
FINNIFTY02JAN2421900PE.NFO,02/01/2024,09:31:56,428.8,446.45,40,447.95,40,0,4280
FINNIFTY02JAN2421900PE.NFO,02/01/2024,09:31:56,428.8,446.65,120,448.1,80,0,4280
FINNIFTY02JAN2421900PE.NFO,02/01/2024,09:31:57,428.8,446.65,80,447.8,40,0,4280
FINNIFTY02JAN2421900PE.NFO,02/01/2024,09:31:58,428.8,445.4,40,446.65,40,0,4280
FINNIFTY02JAN2421900PE.NFO,02/01/2024,09:31:59,428.8,445.25,80,446.55,80,0,4280
FINNIFTY02JAN2421900PE.NFO,02/01/2024,09:32:01,428.8,445.75,80,447.2,80,0,4280
FINNIFTY02JAN2421900PE.NFO,02/01/2024,09:32:01,428.8,445.95,40,447.35,40,0,4280
FINNIFTY02JAN2421900PE.NFO,02/01/2024,09:32:02,428.8,446.1,80,447.55,80,0,4280
FINNIFTY02JAN2421900PE.NFO,02/01/2024,09:32:03,428.8,446.45,40,448.05,40,0,4280
FINNIFTY02JAN2421900PE.NFO,02/01/2024,09:32:04,428.8,447.75,40,449.15,40,0,4280
FINNIFTY02JAN2421900PE.NFO,02/01/2024,09:32:05,428.8,447.4,40,448.7,40,0,4280
FINNIFTY02JAN2421900PE.NFO,02/01/2024,09:32:07,428.8,448.05,80,449.35,40,0,4280
FINNIFTY02JAN2421900PE.NFO,02/01/2024,09:32:07,428.8,447.15,80,448.9,40,0,4280
FINNIFTY02JAN2421900PE.NFO,02/01/2024,09:32:08,428.8,448.15,40,449.6,80,0,4280
FINNIFTY02JAN2421900PE.NFO,02/01/2024,09:32:09,428.8,448.15,40,449.45,40,0,4280
FINNIFTY02JAN2421900PE.NFO,02/01/2024,09:32:10,428.8,447.6,80,449.1,40,0,4280
FINNIFTY02JAN2421900PE.NFO,02/01/2024,09:32:12,428.8,446.85,40,448.15,40,0,4280
FINNIFTY02JAN2421900PE.NFO,02/01/2024,09:32:12,428.8,446.55,80,447.8,40,0,4280
FINNIFTY02JAN2421900PE.NFO,02/01/2024,09:32:13,428.8,445.4,40,447,40,0,4280
FINNIFTY02JAN2421900PE.NFO,02/01/2024,09:32:14,428.8,446.6,80,447.9,40,0,4280
FINNIFTY02JAN2421900PE.NFO,02/01/2024,09:32:15,428.8,447.65,80,449.25,40,0,4280
FINNIFTY02JAN2421900PE.NFO,02/01/2024,09:32:17,428.8,447.85,120,449.1,80,0,4280
FINNIFTY02JAN2421900PE.NFO,02/01/2024,09:32:17,428.8,447.9,80,449.1,80,0,4280
FINNIFTY02JAN2421900PE.NFO,02/01/2024,09:32:18,428.8,448.95,80,450.8,80,0,4280
FINNIFTY02JAN2421900PE.NFO,02/01/2024,09:32:19,428.8,450.7,40,452.1,80,0,4280
FINNIFTY02JAN2421900PE.NFO,02/01/2024,09:32:20,428.8,450.35,40,451.7,40,0,4280
FINNIFTY02JAN2421900PE.NFO,02/01/2024,09:32:21,428.8,450.05,240,451.55,40,0,4280
FINNIFTY02JAN2421900PE.NFO,02/01/2024,09:32:22,428.8,450,80,451.3,40,0,4280
FINNIFTY02JAN2421900PE.NFO,02/01/2024,09:32:24,428.8,450.65,40,451.9,40,0,4280
FINNIFTY02JAN2421900PE.NFO,02/01/2024,09:32:25,428.8,450.75,40,452.25,120,0,4280
FINNIFTY02JAN2421900PE.NFO,02/01/2024,09:32:25,428.8,450.9,40,452.2,40,0,4280
FINNIFTY02JAN2421900PE.NFO,02/01/2024,09:32:26,428.8,450.7,80,451.9,40,0,4280
FINNIFTY02JAN2421900PE.NFO,02/01/2024,09:32:27,428.8,449.65,40,451.05,120,0,4280
FINNIFTY02JAN2421900PE.NFO,02/01/2024,09:32:28,428.8,449.25,160,450.35,80,0,4280
FINNIFTY02JAN2421900PE.NFO,02/01/2024,09:32:29,428.8,448.1,40,449.5,80,0,4280
FINNIFTY02JAN2421900PE.NFO,02/01/2024,09:32:30,428.8,448.25,40,449.85,40,0,4280
FINNIFTY02JAN2421900PE.NFO,02/01/2024,09:32:31,428.8,448.15,40,449.65,40,0,4280
FINNIFTY02JAN2421900PE.NFO,02/01/2024,09:32:32,428.8,448.65,40,450.25,40,0,4280
FINNIFTY02JAN2421900PE.NFO,02/01/2024,09:32:34,428.8,448.85,80,450,40,0,4280
FINNIFTY02JAN2421900PE.NFO,02/01/2024,09:32:34,428.8,448.45,80,449.75,40,0,4280
FINNIFTY02JAN2421900PE.NFO,02/01/2024,09:32:35,428.8,449.25,80,450.35,40,0,4280
FINNIFTY02JAN2421900PE.NFO,02/01/2024,09:32:36,428.8,449.45,80,450.8,40,0,4280
FINNIFTY02JAN2421900PE.NFO,02/01/2024,09:32:37,428.8,450.55,80,451.9,80,0,4280
FINNIFTY02JAN2421900PE.NFO,02/01/2024,09:32:38,428.8,451,80,452.4,40,0,4280
FINNIFTY02JAN2421900PE.NFO,02/01/2024,09:32:39,428.8,451.1,40,452.45,40,0,4280
FINNIFTY02JAN2421900PE.NFO,02/01/2024,09:32:40,428.8,451.25,160,453,400,0,4280
FINNIFTY02JAN2421900PE.NFO,02/01/2024,09:32:41,428.8,450.35,40,452.05,40,0,4280
FINNIFTY02JAN2421900PE.NFO,02/01/2024,09:32:42,428.8,450.9,80,452.1,40,0,4280
FINNIFTY02JAN2421900PE.NFO,02/01/2024,09:32:43,428.8,451.6,80,453.15,40,0,4280
FINNIFTY02JAN2421900PE.NFO,02/01/2024,09:32:44,428.8,450.85,40,452.1,40,0,4280
FINNIFTY02JAN2421900PE.NFO,02/01/2024,09:32:45,428.8,451.2,40,452.75,40,0,4280
FINNIFTY02JAN2421900PE.NFO,02/01/2024,09:32:46,428.8,451.4,80,452.55,80,0,4280
FINNIFTY02JAN2421900PE.NFO,02/01/2024,09:32:47,428.8,450.45,40,452.1,40,0,4280
FINNIFTY02JAN2421900PE.NFO,02/01/2024,09:32:48,428.8,449.45,80,450.9,40,0,4280
FINNIFTY02JAN2421900PE.NFO,02/01/2024,09:32:49,428.8,449.4,80,450.8,80,0,4280
FINNIFTY02JAN2421900PE.NFO,02/01/2024,09:32:50,428.8,448.05,40,449.7,40,0,4280
FINNIFTY02JAN2421900PE.NFO,02/01/2024,09:32:51,428.8,449.75,40,451.25,40,0,4280
FINNIFTY02JAN2421900PE.NFO,02/01/2024,09:32:52,428.8,449.8,40,451.1,40,0,4280
FINNIFTY02JAN2421900PE.NFO,02/01/2024,09:32:53,428.8,450.2,80,451.95,200,0,4280
FINNIFTY02JAN2421900PE.NFO,02/01/2024,09:32:54,428.8,449.4,80,450.65,40,0,4280
FINNIFTY02JAN2421900PE.NFO,02/01/2024,09:32:55,428.8,449.7,120,450.85,80,0,4280
FINNIFTY02JAN2421900PE.NFO,02/01/2024,09:32:56,428.8,449.9,40,451.15,80,0,4280
FINNIFTY02JAN2421900PE.NFO,02/01/2024,09:32:57,428.8,449.95,80,451.05,40,0,4280
FINNIFTY02JAN2421900PE.NFO,02/01/2024,09:32:58,428.8,449.55,40,450.8,40,0,4280
FINNIFTY02JAN2421900PE.NFO,02/01/2024,09:32:59,428.8,448.3,40,449.6,40,0,4280
FINNIFTY02JAN2421900PE.NFO,02/01/2024,09:33:00,428.8,448,40,449.6,400,0,4280
FINNIFTY02JAN2421900PE.NFO,02/01/2024,09:33:01,428.8,447.7,40,449.75,40,0,4280
FINNIFTY02JAN2421900PE.NFO,02/01/2024,09:33:02,428.8,447.7,80,449,40,0,4280
FINNIFTY02JAN2421900PE.NFO,02/01/2024,09:33:03,428.8,448,80,449.15,40,0,4280
FINNIFTY02JAN2421900PE.NFO,02/01/2024,09:33:04,428.8,448.1,80,449.3,40,0,4280
FINNIFTY02JAN2421900PE.NFO,02/01/2024,09:33:07,428.8,448.3,120,449.35,40,0,4280
FINNIFTY02JAN2421900PE.NFO,02/01/2024,09:33:08,428.8,449,80,450.2,160,0,4280
FINNIFTY02JAN2421900PE.NFO,02/01/2024,09:33:08,428.8,448.65,80,449.9,40,0,4280
FINNIFTY02JAN2421900PE.NFO,02/01/2024,09:33:09,428.8,448.45,80,449.55,80,0,4280
FINNIFTY02JAN2421900PE.NFO,02/01/2024,09:33:10,428.8,448.75,40,449.85,40,0,4280
FINNIFTY02JAN2421900PE.NFO,02/01/2024,09:33:12,428.8,449.1,80,450.25,120,0,4280
FINNIFTY02JAN2421900PE.NFO,02/01/2024,09:33:13,428.8,449.45,120,451.05,40,0,4280
FINNIFTY02JAN2421900PE.NFO,02/01/2024,09:33:13,428.8,449.5,80,450.65,120,0,4280
FINNIFTY02JAN2421900PE.NFO,02/01/2024,09:33:14,428.8,450.5,40,451.85,40,0,4280
FINNIFTY02JAN2421900PE.NFO,02/01/2024,09:33:15,428.8,451.6,40,453.25,40,0,4280
FINNIFTY02JAN2421900PE.NFO,02/01/2024,09:33:17,428.8,452.2,80,453.65,40,0,4280
FINNIFTY02JAN2421900PE.NFO,02/01/2024,09:33:18,428.8,451.85,80,452.95,40,0,4280
FINNIFTY02JAN2421900PE.NFO,02/01/2024,09:33:18,428.8,451.4,80,452.5,40,0,4280
FINNIFTY02JAN2421900PE.NFO,02/01/2024,09:33:19,428.8,450.4,80,451.9,80,0,4280
FINNIFTY02JAN2421900PE.NFO,02/01/2024,09:33:20,428.8,450.85,40,452.4,40,0,4280
FINNIFTY02JAN2421900PE.NFO,02/01/2024,09:33:22,428.8,451.15,80,452.3,80,0,4280
FINNIFTY02JAN2421900PE.NFO,02/01/2024,09:33:23,428.8,451.6,80,452.85,40,0,4280
FINNIFTY02JAN2421900PE.NFO,02/01/2024,09:33:24,428.8,452,80,453.45,120,0,4280
FINNIFTY02JAN2421900PE.NFO,02/01/2024,09:33:24,428.8,452.15,40,453.6,40,0,4280
FINNIFTY02JAN2421900PE.NFO,02/01/2024,09:33:25,428.8,452.95,40,454.55,40,0,4280
FINNIFTY02JAN2421900PE.NFO,02/01/2024,09:33:26,428.8,452.95,80,454.25,40,0,4280
FINNIFTY02JAN2421900PE.NFO,02/01/2024,09:33:28,428.8,453.05,160,454.8,40,0,4280
FINNIFTY02JAN2421900PE.NFO,02/01/2024,09:33:29,428.8,453.2,80,454.3,40,0,4280
FINNIFTY02JAN2421900PE.NFO,02/01/2024,09:33:29,428.8,453.2,80,454.2,40,0,4280
FINNIFTY02JAN2421900PE.NFO,02/01/2024,09:33:30,428.8,452.3,80,453.35,40,0,4280
FINNIFTY02JAN2421900PE.NFO,02/01/2024,09:33:31,428.8,451.85,120,453.05,80,0,4280
FINNIFTY02JAN2421900PE.NFO,02/01/2024,09:33:33,428.8,450.55,120,451.85,80,0,4280
FINNIFTY02JAN2421900PE.NFO,02/01/2024,09:33:34,428.8,450.9,120,452.45,40,0,4280
FINNIFTY02JAN2421900PE.NFO,02/01/2024,09:33:34,428.8,451.1,160,452.5,120,0,4280
FINNIFTY02JAN2421900PE.NFO,02/01/2024,09:33:35,428.8,451.75,40,452.95,40,0,4280
FINNIFTY02JAN2421900PE.NFO,02/01/2024,09:33:36,428.8,451.65,80,452.85,40,0,4280
FINNIFTY02JAN2421900PE.NFO,02/01/2024,09:33:38,428.8,449.8,80,450.85,40,0,4280
FINNIFTY02JAN2421900PE.NFO,02/01/2024,09:33:39,428.8,450.75,40,452.05,40,0,4280
FINNIFTY02JAN2421900PE.NFO,02/01/2024,09:33:39,428.8,450.5,40,451.95,40,0,4280
FINNIFTY02JAN2421900PE.NFO,02/01/2024,09:33:40,428.8,450.9,40,452.25,40,0,4280
FINNIFTY02JAN2421900PE.NFO,02/01/2024,09:33:41,428.8,450.55,440,452.2,40,0,4280
FINNIFTY02JAN2421900PE.NFO,02/01/2024,09:33:43,428.8,449.35,80,450.8,40,0,4280
FINNIFTY02JAN2421900PE.NFO,02/01/2024,09:33:44,428.8,449,40,450.5,40,0,4280
FINNIFTY02JAN2421900PE.NFO,02/01/2024,09:33:44,428.8,449,80,450.15,40,0,4280
FINNIFTY02JAN2421900PE.NFO,02/01/2024,09:33:45,428.8,448.25,40,449.7,40,0,4280
FINNIFTY02JAN2421900PE.NFO,02/01/2024,09:33:46,450.15,449.35,40,450.75,40,40,4520
FINNIFTY02JAN2421900PE.NFO,02/01/2024,09:33:47,450.15,449.05,80,450.5,80,0,4520
FINNIFTY02JAN2421900PE.NFO,02/01/2024,09:33:48,450.15,449,80,449.95,120,0,4520
FINNIFTY02JAN2421900PE.NFO,02/01/2024,09:33:50,450.15,447.5,200,448.95,40,0,4520
FINNIFTY02JAN2421900PE.NFO,02/01/2024,09:33:51,450.15,446.1,80,447.4,40,0,4520
FINNIFTY02JAN2421900PE.NFO,02/01/2024,09:33:53,450.15,444.5,80,446.1,440,0,4520
FINNIFTY02JAN2421900PE.NFO,02/01/2024,09:33:54,450.15,444.65,40,446.05,80,0,4520
FINNIFTY02JAN2421900PE.NFO,02/01/2024,09:33:55,450.15,444.95,80,446.3,40,0,4520
FINNIFTY02JAN2421900PE.NFO,02/01/2024,09:33:56,450.15,445,160,446.25,40,0,4520
FINNIFTY02JAN2421900PE.NFO,02/01/2024,09:33:57,450.15,445.1,40,446.45,80,0,4520
FINNIFTY02JAN2421900PE.NFO,02/01/2024,09:33:58,450.15,445.45,80,446.6,40,0,4520
FINNIFTY02JAN2421900PE.NFO,02/01/2024,09:33:59,450.15,445.2,40,446.5,40,0,4520
FINNIFTY02JAN2421900PE.NFO,02/01/2024,09:34:00,450.15,446.15,40,447.75,40,0,4520
FINNIFTY02JAN2421900PE.NFO,02/01/2024,09:34:01,450.15,445.6,160,446.85,120,0,4520
FINNIFTY02JAN2421900PE.NFO,02/01/2024,09:34:01,450.15,445.6,80,446.75,40,0,4520
FINNIFTY02JAN2421900PE.NFO,02/01/2024,09:34:02,450.15,446.9,80,448.15,40,0,4520
FINNIFTY02JAN2421900PE.NFO,02/01/2024,09:34:03,450.15,447.25,80,448.5,40,0,4520
FINNIFTY02JAN2421900PE.NFO,02/01/2024,09:34:05,450.15,447.3,80,448.5,120,0,4520
FINNIFTY02JAN2421900PE.NFO,02/01/2024,09:34:06,450.15,447.6,40,448.9,40,0,4520
FINNIFTY02JAN2421900PE.NFO,02/01/2024,09:34:07,450.15,447.7,40,449.05,40,0,4520
FINNIFTY02JAN2421900PE.NFO,02/01/2024,09:34:07,450.15,447.85,40,449.4,40,0,4520
FINNIFTY02JAN2421900PE.NFO,02/01/2024,09:34:08,450.15,448.3,80,449.9,40,0,4520
FINNIFTY02JAN2421900PE.NFO,02/01/2024,09:34:09,450.15,447.95,40,449.3,40,0,4520
FINNIFTY02JAN2421900PE.NFO,02/01/2024,09:34:10,450.15,448.4,80,449.65,40,0,4520
FINNIFTY02JAN2421900PE.NFO,02/01/2024,09:34:12,450.15,448.6,160,449.65,80,0,4520
FINNIFTY02JAN2421900PE.NFO,02/01/2024,09:34:13,450.15,448.65,80,449.6,40,0,4520
FINNIFTY02JAN2421900PE.NFO,02/01/2024,09:34:13,450.15,448.65,80,449.6,80,0,4520
FINNIFTY02JAN2421900PE.NFO,02/01/2024,09:34:14,450.15,448.1,160,449.15,40,0,4520
FINNIFTY02JAN2421900PE.NFO,02/01/2024,09:34:15,450.15,448.2,40,449.45,40,0,4520
FINNIFTY02JAN2421900PE.NFO,02/01/2024,09:34:16,450.15,448.55,80,449.7,40,0,4520
FINNIFTY02JAN2421900PE.NFO,02/01/2024,09:34:18,450.15,448.25,160,449.75,40,0,4520
FINNIFTY02JAN2421900PE.NFO,02/01/2024,09:34:19,450.15,449.8,80,451.1,80,0,4520
FINNIFTY02JAN2421900PE.NFO,02/01/2024,09:34:19,450.15,449.7,40,450.9,40,0,4520
FINNIFTY02JAN2421900PE.NFO,02/01/2024,09:34:20,450.15,449.3,80,450.5,120,0,4520
FINNIFTY02JAN2421900PE.NFO,02/01/2024,09:34:21,450.15,450.25,40,451.9,40,0,4520
FINNIFTY02JAN2421900PE.NFO,02/01/2024,09:34:23,450.15,450.65,80,452,40,0,4520
FINNIFTY02JAN2421900PE.NFO,02/01/2024,09:34:24,450.15,452.1,40,453.5,40,0,4520
FINNIFTY02JAN2421900PE.NFO,02/01/2024,09:34:24,450.15,452.2,40,453.65,40,0,4520
FINNIFTY02JAN2421900PE.NFO,02/01/2024,09:34:25,450.15,452.8,80,454.2,40,0,4520
FINNIFTY02JAN2421900PE.NFO,02/01/2024,09:34:26,450.15,453.15,80,454.2,40,0,4520
FINNIFTY02JAN2421900PE.NFO,02/01/2024,09:34:27,450.15,452.4,80,453.5,40,0,4520
FINNIFTY02JAN2421900PE.NFO,02/01/2024,09:34:28,450.15,451.95,80,453.2,40,0,4520
FINNIFTY02JAN2421900PE.NFO,02/01/2024,09:34:30,450.15,452.9,40,454.5,40,0,4520
FINNIFTY02JAN2421900PE.NFO,02/01/2024,09:34:30,450.15,453.05,80,454.3,80,0,4520
FINNIFTY02JAN2421900PE.NFO,02/01/2024,09:34:31,450.15,452.65,80,453.95,40,0,4520
FINNIFTY02JAN2421900PE.NFO,02/01/2024,09:34:32,450.15,451.95,80,453.05,40,0,4520
FINNIFTY02JAN2421900PE.NFO,02/01/2024,09:34:34,450.15,451.45,80,452.65,80,0,4520
FINNIFTY02JAN2421900PE.NFO,02/01/2024,09:34:34,450.15,451.45,80,452.7,40,0,4520
FINNIFTY02JAN2421900PE.NFO,02/01/2024,09:34:35,450.15,451.6,40,452.7,40,0,4520
FINNIFTY02JAN2421900PE.NFO,02/01/2024,09:34:36,450.15,451.5,80,452.65,40,0,4520
FINNIFTY02JAN2421900PE.NFO,02/01/2024,09:34:37,450.15,451.3,120,452.75,80,0,4520
FINNIFTY02JAN2421900PE.NFO,02/01/2024,09:34:38,450.15,451.9,40,453.2,40,0,4520
FINNIFTY02JAN2421900PE.NFO,02/01/2024,09:34:39,450.15,452.2,80,453.35,40,0,4520
FINNIFTY02JAN2421900PE.NFO,02/01/2024,09:34:40,450.15,451.3,120,452.85,40,0,4520
FINNIFTY02JAN2421900PE.NFO,02/01/2024,09:34:41,450.15,450.65,80,451.7,40,0,4520
FINNIFTY02JAN2421900PE.NFO,02/01/2024,09:34:42,450.15,449.6,80,450.9,40,0,4520
FINNIFTY02JAN2421900PE.NFO,02/01/2024,09:34:43,450.15,449.7,120,451.2,40,0,4520
FINNIFTY02JAN2421900PE.NFO,02/01/2024,09:34:44,450.15,450.25,80,451.3,40,0,4520
FINNIFTY02JAN2421900PE.NFO,02/01/2024,09:34:45,450.15,450.25,80,451.45,40,0,4520
FINNIFTY02JAN2421900PE.NFO,02/01/2024,09:34:46,450.15,450.25,80,451.3,40,0,4520
FINNIFTY02JAN2421900PE.NFO,02/01/2024,09:34:48,450.15,450.3,80,451.25,80,0,4520
FINNIFTY02JAN2421900PE.NFO,02/01/2024,09:34:49,450.15,450.35,40,451.75,40,0,4520
FINNIFTY02JAN2421900PE.NFO,02/01/2024,09:34:50,450.15,450.55,80,451.65,40,0,4520
FINNIFTY02JAN2421900PE.NFO,02/01/2024,09:34:51,450.15,450.45,40,452.05,40,0,4520
FINNIFTY02JAN2421900PE.NFO,02/01/2024,09:34:52,450.15,451,40,452.85,40,0,4520
FINNIFTY02JAN2421900PE.NFO,02/01/2024,09:34:53,450.15,451.6,80,452.85,40,0,4520
FINNIFTY02JAN2421900PE.NFO,02/01/2024,09:34:54,450.15,451.9,200,453.35,40,0,4520
FINNIFTY02JAN2421900PE.NFO,02/01/2024,09:34:55,450.15,451.75,40,452.95,40,0,4520
FINNIFTY02JAN2421900PE.NFO,02/01/2024,09:34:55,450.15,451.7,80,452.95,160,0,4520
FINNIFTY02JAN2421900PE.NFO,02/01/2024,09:34:56,450.15,451.8,80,453.2,160,0,4520
FINNIFTY02JAN2421900PE.NFO,02/01/2024,09:34:57,450.15,450.85,80,452.1,80,0,4520
FINNIFTY02JAN2421900PE.NFO,02/01/2024,09:34:58,450.15,449.85,80,451.15,40,0,4520
FINNIFTY02JAN2421900PE.NFO,02/01/2024,09:34:59,450.15,448.65,120,450.3,40,0,4520
FINNIFTY02JAN2421900PE.NFO,02/01/2024,09:35:00,450.15,448,80,449.5,40,0,4520
FINNIFTY02JAN2421900PE.NFO,02/01/2024,09:35:01,450.15,447.9,80,449.4,40,0,4520
FINNIFTY02JAN2421900PE.NFO,02/01/2024,09:35:02,450.15,448.25,80,449.8,80,0,4520
FINNIFTY02JAN2421900PE.NFO,02/01/2024,09:35:03,450.15,447.65,40,449.2,40,0,4520
FINNIFTY02JAN2421900PE.NFO,02/01/2024,09:35:04,450.15,446.2,80,448,40,0,4520
FINNIFTY02JAN2421900PE.NFO,02/01/2024,09:35:05,450.15,447.65,40,449.15,120,0,4520
FINNIFTY02JAN2421900PE.NFO,02/01/2024,09:35:06,450.15,447.65,40,448.95,40,0,4520
FINNIFTY02JAN2421900PE.NFO,02/01/2024,09:35:07,450.15,447.2,80,448.75,40,0,4520
FINNIFTY02JAN2421900PE.NFO,02/01/2024,09:35:09,450.15,447.85,40,449.4,40,0,4520
FINNIFTY02JAN2421900PE.NFO,02/01/2024,09:35:10,450.15,448.1,40,449.45,80,0,4520
FINNIFTY02JAN2421900PE.NFO,02/01/2024,09:35:10,450.15,448.6,120,450.2,40,0,4520
FINNIFTY02JAN2421900PE.NFO,02/01/2024,09:35:11,450.15,449.55,120,451.05,40,0,4520
FINNIFTY02JAN2421900PE.NFO,02/01/2024,09:35:12,450.15,449.95,80,451.4,40,0,4520
FINNIFTY02JAN2421900PE.NFO,02/01/2024,09:35:13,450.15,449.55,160,450.7,40,0,4520
FINNIFTY02JAN2421900PE.NFO,02/01/2024,09:35:14,450.15,449.1,160,450.35,40,0,4520
FINNIFTY02JAN2421900PE.NFO,02/01/2024,09:35:15,450.15,449.55,40,450.85,40,0,4520
FINNIFTY02JAN2421900PE.NFO,02/01/2024,09:35:16,450.15,449.25,40,450.85,40,0,4520
FINNIFTY02JAN2421900PE.NFO,02/01/2024,09:35:18,450.15,448.6,80,450.3,120,0,4520
FINNIFTY02JAN2421900PE.NFO,02/01/2024,09:35:18,450.15,448.6,80,449.8,40,0,4520
FINNIFTY02JAN2421900PE.NFO,02/01/2024,09:35:19,450.15,448.25,80,449.35,40,0,4520
FINNIFTY02JAN2421900PE.NFO,02/01/2024,09:35:20,450.15,446.75,80,448.3,40,0,4520
FINNIFTY02JAN2421900PE.NFO,02/01/2024,09:35:21,450.15,446.65,40,448,40,0,4520
FINNIFTY02JAN2421900PE.NFO,02/01/2024,09:35:22,450.15,447.6,120,448.9,40,0,4520
FINNIFTY02JAN2421900PE.NFO,02/01/2024,09:35:24,450.15,448.1,40,449.25,40,0,4520
FINNIFTY02JAN2421900PE.NFO,02/01/2024,09:35:25,450.15,447.6,160,448.65,40,0,4520
FINNIFTY02JAN2421900PE.NFO,02/01/2024,09:35:26,450.15,447.65,80,448.75,40,0,4520
FINNIFTY02JAN2421900PE.NFO,02/01/2024,09:35:27,450.15,447.6,160,448.9,40,0,4520
FINNIFTY02JAN2421900PE.NFO,02/01/2024,09:35:28,450.15,448.1,80,449.45,40,0,4520
FINNIFTY02JAN2421900PE.NFO,02/01/2024,09:35:30,450.15,448.65,80,449.8,40,0,4520
FINNIFTY02JAN2421900PE.NFO,02/01/2024,09:35:30,450.15,449,80,450.45,40,0,4520
FINNIFTY02JAN2421900PE.NFO,02/01/2024,09:35:32,450.15,448.95,120,450.4,40,0,4520
FINNIFTY02JAN2421900PE.NFO,02/01/2024,09:35:33,450.15,449.25,80,450.35,40,0,4520
FINNIFTY02JAN2421900PE.NFO,02/01/2024,09:35:34,450.15,448.5,80,449.7,80,0,4520
FINNIFTY02JAN2421900PE.NFO,02/01/2024,09:35:35,450.15,448.95,160,450.4,40,0,4520
FINNIFTY02JAN2421900PE.NFO,02/01/2024,09:35:37,450.15,449.85,80,451,40,0,4520
FINNIFTY02JAN2421900PE.NFO,02/01/2024,09:35:38,450.15,450.5,80,451.75,40,0,4520
FINNIFTY02JAN2421900PE.NFO,02/01/2024,09:35:39,450.15,450.8,80,451.85,40,0,4520
FINNIFTY02JAN2421900PE.NFO,02/01/2024,09:35:39,450.15,450.95,40,452.3,80,0,4520
FINNIFTY02JAN2421900PE.NFO,02/01/2024,09:35:40,450.15,451.2,80,452.25,40,0,4520
FINNIFTY02JAN2421900PE.NFO,02/01/2024,09:35:42,450.15,450.95,160,452.05,80,0,4520
FINNIFTY02JAN2421900PE.NFO,02/01/2024,09:35:43,450.15,450.9,80,451.9,40,0,4520
FINNIFTY02JAN2421900PE.NFO,02/01/2024,09:35:44,450.15,450.75,80,451.8,80,0,4520
FINNIFTY02JAN2421900PE.NFO,02/01/2024,09:35:44,450.15,450.8,160,452.15,40,0,4520
FINNIFTY02JAN2421900PE.NFO,02/01/2024,09:35:45,450.15,452.2,40,453.55,40,0,4520
FINNIFTY02JAN2421900PE.NFO,02/01/2024,09:35:47,450.15,453.05,80,454.6,80,0,4520
FINNIFTY02JAN2421900PE.NFO,02/01/2024,09:35:48,450.15,453.5,80,454.75,80,0,4520
FINNIFTY02JAN2421900PE.NFO,02/01/2024,09:35:49,450.15,453.4,80,454.45,80,0,4520
FINNIFTY02JAN2421900PE.NFO,02/01/2024,09:35:50,450.15,452.65,80,453.9,40,0,4520
FINNIFTY02JAN2421900PE.NFO,02/01/2024,09:35:51,450.15,452.7,80,454.05,40,0,4520
FINNIFTY02JAN2421900PE.NFO,02/01/2024,09:35:52,450.15,452.75,120,454.2,40,0,4520
FINNIFTY02JAN2421900PE.NFO,02/01/2024,09:35:52,450.15,452.7,80,453.85,40,0,4520
FINNIFTY02JAN2421900PE.NFO,02/01/2024,09:35:53,450.15,453.05,80,454.5,40,0,4520
FINNIFTY02JAN2421900PE.NFO,02/01/2024,09:35:55,450.15,453.7,160,454.95,40,0,4520
FINNIFTY02JAN2421900PE.NFO,02/01/2024,09:35:56,450.15,454.5,80,456.1,240,0,4520
FINNIFTY02JAN2421900PE.NFO,02/01/2024,09:35:57,450.15,454.75,80,456,40,0,4520
FINNIFTY02JAN2421900PE.NFO,02/01/2024,09:35:58,450.15,454.35,80,455.8,40,0,4520
FINNIFTY02JAN2421900PE.NFO,02/01/2024,09:35:59,450.15,453.9,120,455.7,40,0,4520
FINNIFTY02JAN2421900PE.NFO,02/01/2024,09:36:00,450.15,453.75,80,455.2,40,0,4520
FINNIFTY02JAN2421900PE.NFO,02/01/2024,09:36:01,450.15,455.05,40,456.9,240,0,4520
FINNIFTY02JAN2421900PE.NFO,02/01/2024,09:36:01,450.15,455.1,80,456.7,80,0,4520
FINNIFTY02JAN2421900PE.NFO,02/01/2024,09:36:02,450.15,454.75,80,456.2,40,0,4520
FINNIFTY02JAN2421900PE.NFO,02/01/2024,09:36:03,450.15,454.6,80,456,160,0,4520
FINNIFTY02JAN2421900PE.NFO,02/01/2024,09:36:05,450.15,454.05,40,455.3,40,0,4520
FINNIFTY02JAN2421900PE.NFO,02/01/2024,09:36:06,450.15,454,80,455.3,40,0,4520
FINNIFTY02JAN2421900PE.NFO,02/01/2024,09:36:07,450.15,454.1,80,455.25,40,0,4520
FINNIFTY02JAN2421900PE.NFO,02/01/2024,09:36:07,450.15,454.1,80,455.2,40,0,4520
FINNIFTY02JAN2421900PE.NFO,02/01/2024,09:36:08,450.15,453.05,160,454.35,40,0,4520
FINNIFTY02JAN2421900PE.NFO,02/01/2024,09:36:10,450.15,453.25,40,454.6,80,0,4520
FINNIFTY02JAN2421900PE.NFO,02/01/2024,09:36:11,450.15,453.3,80,454.2,120,0,4520
FINNIFTY02JAN2421900PE.NFO,02/01/2024,09:36:12,450.15,453.35,80,454.6,80,0,4520
FINNIFTY02JAN2421900PE.NFO,02/01/2024,09:36:12,450.15,453.4,80,454.55,40,0,4520
FINNIFTY02JAN2421900PE.NFO,02/01/2024,09:36:13,450.15,453.95,280,455.7,80,0,4520
FINNIFTY02JAN2421900PE.NFO,02/01/2024,09:36:14,450.15,455.1,80,456.25,40,0,4520
FINNIFTY02JAN2421900PE.NFO,02/01/2024,09:36:15,450.15,455.75,40,457,40,0,4520
FINNIFTY02JAN2421900PE.NFO,02/01/2024,09:36:16,457.85,457.4,160,459.4,40,40,4480
FINNIFTY02JAN2421900PE.NFO,02/01/2024,09:36:18,457.85,458.3,80,459.8,120,0,4480
FINNIFTY02JAN2421900PE.NFO,02/01/2024,09:36:19,457.85,457.6,120,459.45,40,0,4480
FINNIFTY02JAN2421900PE.NFO,02/01/2024,09:36:20,457.85,457.4,40,458.85,40,0,4480
FINNIFTY02JAN2421900PE.NFO,02/01/2024,09:36:20,457.85,457.25,40,458.85,80,0,4480
FINNIFTY02JAN2421900PE.NFO,02/01/2024,09:36:21,457.85,458.15,80,459.1,40,0,4480
FINNIFTY02JAN2421900PE.NFO,02/01/2024,09:36:23,457.85,458.05,80,459.4,40,0,4480
FINNIFTY02JAN2421900PE.NFO,02/01/2024,09:36:24,457.85,456.7,80,457.9,40,0,4480
FINNIFTY02JAN2421900PE.NFO,02/01/2024,09:36:25,457.85,456.25,80,457.35,40,0,4480
FINNIFTY02JAN2421900PE.NFO,02/01/2024,09:36:25,457.85,455.45,80,456.85,40,0,4480
FINNIFTY02JAN2421900PE.NFO,02/01/2024,09:36:26,457.85,455.35,240,456.85,40,0,4480
FINNIFTY02JAN2421900PE.NFO,02/01/2024,09:36:27,457.85,455.3,40,457.05,200,0,4480
FINNIFTY02JAN2421900PE.NFO,02/01/2024,09:36:28,457.85,455,80,456.3,40,0,4480
FINNIFTY02JAN2421900PE.NFO,02/01/2024,09:36:29,457.85,453.65,80,455.05,40,0,4480
FINNIFTY02JAN2421900PE.NFO,02/01/2024,09:36:30,457.85,454.1,80,455.5,40,0,4480
FINNIFTY02JAN2421900PE.NFO,02/01/2024,09:36:32,457.85,454.15,160,455.45,40,0,4480
FINNIFTY02JAN2421900PE.NFO,02/01/2024,09:36:33,457.85,454.55,80,455.8,40,0,4480
FINNIFTY02JAN2421900PE.NFO,02/01/2024,09:36:34,457.85,454.7,280,456.15,120,0,4480
FINNIFTY02JAN2421900PE.NFO,02/01/2024,09:36:35,457.85,454.85,80,456,40,0,4480
FINNIFTY02JAN2421900PE.NFO,02/01/2024,09:36:36,457.85,454.65,80,455.7,40,0,4480
FINNIFTY02JAN2421900PE.NFO,02/01/2024,09:36:37,457.85,454.8,80,456,80,0,4480
FINNIFTY02JAN2421900PE.NFO,02/01/2024,09:36:38,457.85,455.65,80,456.85,120,0,4480
FINNIFTY02JAN2421900PE.NFO,02/01/2024,09:36:39,457.85,454.3,160,455.6,40,0,4480
FINNIFTY02JAN2421900PE.NFO,02/01/2024,09:36:40,457.85,453.75,80,455.05,40,0,4480
