Ticker,Date,Time,LTP,BuyPrice,BuyQty,SellPrice,SellQty,LTQ,OpenInterest
FINNIFTY02JAN2422200PE.NFO,02/01/2024,15:06:33,840.75,842.2,200,846.3,200,400,1200
FINNIFTY02JAN2422200PE.NFO,02/01/2024,15:06:33,841.7,842.2,200,846.3,200,0,1200
FINNIFTY02JAN2422200PE.NFO,02/01/2024,15:06:33,841.85,842.2,200,846.3,200,0,1200
FINNIFTY02JAN2422200PE.NFO,02/01/2024,15:06:33,840.75,842.2,200,846.3,200,0,1200
FINNIFTY02JAN2422200PE.NFO,02/01/2024,15:06:43,841.7,840.85,80,844.1,120,0,1200
FINNIFTY02JAN2422200PE.NFO,02/01/2024,15:06:53,841.7,840.25,80,843.45,200,0,1200
FINNIFTY02JAN2422200PE.NFO,02/01/2024,15:07:02,841.7,840.5,120,842.5,120,0,1200
FINNIFTY02JAN2422200PE.NFO,02/01/2024,15:07:12,841.7,842.75,400,845.8,120,0,1200
FINNIFTY02JAN2422200PE.NFO,02/01/2024,15:07:22,841.7,843.45,360,847.7,80,0,1200
FINNIFTY02JAN2422200PE.NFO,02/01/2024,15:07:35,841.7,847.05,80,851.05,80,0,1200
FINNIFTY02JAN2422200PE.NFO,02/01/2024,15:07:47,841.7,850.35,360,854.6,80,0,1200
FINNIFTY02JAN2422200PE.NFO,02/01/2024,15:07:58,841.7,851.85,160,860.5,80,0,1200
FINNIFTY02JAN2422200PE.NFO,02/01/2024,15:08:11,841.7,850.7,80,857.45,80,0,1200
FINNIFTY02JAN2422200PE.NFO,02/01/2024,15:08:24,841.7,848.15,1000,856.8,80,0,1200
FINNIFTY02JAN2422200PE.NFO,02/01/2024,15:08:35,841.7,849.6,120,855.6,80,0,1200
FINNIFTY02JAN2422200PE.NFO,02/01/2024,15:08:48,841.7,851.5,80,857.8,80,0,1200
FINNIFTY02JAN2422200PE.NFO,02/01/2024,15:08:58,841.7,853.6,120,857.55,160,0,1200
FINNIFTY02JAN2422200PE.NFO,02/01/2024,15:09:09,841.7,852.65,80,856.95,80,0,1200
FINNIFTY02JAN2422200PE.NFO,02/01/2024,15:09:19,841.7,851.8,200,856.7,80,0,1200
FINNIFTY02JAN2422200PE.NFO,02/01/2024,15:09:28,841.7,852.5,120,857,80,0,1200
FINNIFTY02JAN2422200PE.NFO,02/01/2024,15:09:38,841.7,853.3,360,856.7,80,0,1200
FINNIFTY02JAN2422200PE.NFO,02/01/2024,15:09:49,841.7,854.4,120,857.45,80,0,1200
FINNIFTY02JAN2422200PE.NFO,02/01/2024,15:10:00,841.7,853.45,360,856.9,80,0,1200
FINNIFTY02JAN2422200PE.NFO,02/01/2024,15:10:12,841.7,854.85,80,859.5,80,0,1200
FINNIFTY02JAN2422200PE.NFO,02/01/2024,15:10:23,841.7,855.2,400,859.35,80,0,1200
FINNIFTY02JAN2422200PE.NFO,02/01/2024,15:10:35,841.7,857.55,280,866.05,80,0,1200
FINNIFTY02JAN2422200PE.NFO,02/01/2024,15:10:47,841.7,857.3,40,862.6,200,0,1200
FINNIFTY02JAN2422200PE.NFO,02/01/2024,15:10:58,857.3,855.1,120,862.6,240,40,1200
FINNIFTY02JAN2422200PE.NFO,02/01/2024,15:10:58,857.3,855.1,120,862.6,240,0,1200
FINNIFTY02JAN2422200PE.NFO,02/01/2024,15:11:09,857.3,855.75,80,861.4,80,0,1200
FINNIFTY02JAN2422200PE.NFO,02/01/2024,15:11:19,857.3,852.35,160,858.7,80,0,1200
FINNIFTY02JAN2422200PE.NFO,02/01/2024,15:11:30,857.3,851.2,80,857.6,120,0,1200
FINNIFTY02JAN2422200PE.NFO,02/01/2024,15:11:40,857.3,852.1,360,855.6,80,0,1200
FINNIFTY02JAN2422200PE.NFO,02/01/2024,15:11:49,857.3,852,80,855.7,80,0,1200
FINNIFTY02JAN2422200PE.NFO,02/01/2024,15:11:59,857.3,853.1,200,856.8,80,0,1200
FINNIFTY02JAN2422200PE.NFO,02/01/2024,15:12:09,857.3,853.1,840,856.65,80,0,1200
FINNIFTY02JAN2422200PE.NFO,02/01/2024,15:12:19,857.3,847.6,160,856.9,80,0,1200
FINNIFTY02JAN2422200PE.NFO,02/01/2024,15:12:29,857.3,854.1,120,858.65,80,0,1200
FINNIFTY02JAN2422200PE.NFO,02/01/2024,15:12:40,857.3,855.25,80,858.7,80,0,1200
FINNIFTY02JAN2422200PE.NFO,02/01/2024,15:12:50,857.3,856,40,858.3,80,0,1200
FINNIFTY02JAN2422200PE.NFO,02/01/2024,15:13:00,857.3,855.35,680,858.65,80,0,1200
FINNIFTY02JAN2422200PE.NFO,02/01/2024,15:13:11,857.3,855.75,80,858.15,80,0,1200
FINNIFTY02JAN2422200PE.NFO,02/01/2024,15:13:21,855.85,853.75,80,857.85,120,40,1160
FINNIFTY02JAN2422200PE.NFO,02/01/2024,15:13:32,855.85,854.35,120,858.05,80,0,1160
FINNIFTY02JAN2422200PE.NFO,02/01/2024,15:13:42,855.85,855.4,320,857.9,80,0,1160
FINNIFTY02JAN2422200PE.NFO,02/01/2024,15:13:53,855.85,854.35,240,857.55,120,0,1160
FINNIFTY02JAN2422200PE.NFO,02/01/2024,15:14:03,855.85,853.55,80,855.1,40,0,1160
FINNIFTY02JAN2422200PE.NFO,02/01/2024,15:14:13,855.85,853.25,80,856.1,120,0,1160
FINNIFTY02JAN2422200PE.NFO,02/01/2024,15:14:23,855.85,849.1,80,855.25,160,0,1160
FINNIFTY02JAN2422200PE.NFO,02/01/2024,15:14:33,855.85,852.45,80,853.95,160,0,1160
FINNIFTY02JAN2422200PE.NFO,02/01/2024,15:14:44,855.85,851,80,853.05,160,0,1160
FINNIFTY02JAN2422200PE.NFO,02/01/2024,15:14:54,855.85,849.75,80,852.95,80,0,1160
FINNIFTY02JAN2422200PE.NFO,02/01/2024,15:15:04,855.85,850.45,360,853.5,120,0,1160
FINNIFTY02JAN2422200PE.NFO,02/01/2024,15:15:15,855.85,850.35,80,852.1,160,0,1160
FINNIFTY02JAN2422200PE.NFO,02/01/2024,15:15:26,855.85,849.65,80,853.1,80,0,1160
FINNIFTY02JAN2422200PE.NFO,02/01/2024,15:15:37,855.85,851.55,80,854.25,120,0,1160
FINNIFTY02JAN2422200PE.NFO,02/01/2024,15:15:47,855.85,852.3,120,856.9,120,0,1160
FINNIFTY02JAN2422200PE.NFO,02/01/2024,15:15:57,855.85,852.75,80,856.2,120,0,1160
FINNIFTY02JAN2422200PE.NFO,02/01/2024,15:16:07,855.85,851.2,80,855.1,40,0,1160
FINNIFTY02JAN2422200PE.NFO,02/01/2024,15:16:17,855.85,851.15,80,853.6,200,0,1160
FINNIFTY02JAN2422200PE.NFO,02/01/2024,15:16:27,855.85,852.25,80,855.95,120,0,1160
FINNIFTY02JAN2422200PE.NFO,02/01/2024,15:16:37,855.85,852.7,80,855.15,40,0,1160
FINNIFTY02JAN2422200PE.NFO,02/01/2024,15:16:46,855.85,851.75,80,854.5,120,0,1160
FINNIFTY02JAN2422200PE.NFO,02/01/2024,15:16:56,855.85,852.25,80,854.5,80,0,1160
FINNIFTY02JAN2422200PE.NFO,02/01/2024,15:17:06,855.85,851.15,120,854.05,120,0,1160
FINNIFTY02JAN2422200PE.NFO,02/01/2024,15:17:16,855.85,851.6,80,855.75,80,0,1160
FINNIFTY02JAN2422200PE.NFO,02/01/2024,15:17:26,855.85,851.9,80,854.65,120,0,1160
FINNIFTY02JAN2422200PE.NFO,02/01/2024,15:17:35,855.85,851.95,80,854.7,120,0,1160
FINNIFTY02JAN2422200PE.NFO,02/01/2024,15:17:45,855.85,850.8,80,852.85,160,0,1160
FINNIFTY02JAN2422200PE.NFO,02/01/2024,15:17:55,855.85,850.8,80,853.05,160,0,1160
FINNIFTY02JAN2422200PE.NFO,02/01/2024,15:18:05,855.85,850.9,80,853,240,0,1160
FINNIFTY02JAN2422200PE.NFO,02/01/2024,15:18:15,855.85,849.15,120,850.1,160,0,1160
FINNIFTY02JAN2422200PE.NFO,02/01/2024,15:18:25,855.85,849.75,360,853.05,80,0,1160
FINNIFTY02JAN2422200PE.NFO,02/01/2024,15:18:34,849.35,848.75,240,848.9,120,280,1120
FINNIFTY02JAN2422200PE.NFO,02/01/2024,15:18:44,849.35,848.9,80,850.5,120,0,1120
FINNIFTY02JAN2422200PE.NFO,02/01/2024,15:18:53,847.7,847.9,80,850.45,120,160,1120
FINNIFTY02JAN2422200PE.NFO,02/01/2024,15:19:03,847.7,848.2,40,852.5,160,0,1120
FINNIFTY02JAN2422200PE.NFO,02/01/2024,15:19:12,847.7,849.9,120,852.85,80,0,1120
FINNIFTY02JAN2422200PE.NFO,02/01/2024,15:19:22,847.7,851.85,120,852.8,80,0,1120
FINNIFTY02JAN2422200PE.NFO,02/01/2024,15:19:31,847.7,849.8,200,852.8,160,0,1120
FINNIFTY02JAN2422200PE.NFO,02/01/2024,15:19:41,847.7,850.3,120,854.65,80,0,1120
FINNIFTY02JAN2422200PE.NFO,02/01/2024,15:19:51,847.7,849.65,160,854.65,80,0,1120
FINNIFTY02JAN2422200PE.NFO,02/01/2024,15:20:01,847.7,851.85,80,854.45,80,0,1120
FINNIFTY02JAN2422200PE.NFO,02/01/2024,15:20:13,847.7,851.8,120,854.35,80,0,1120
FINNIFTY02JAN2422200PE.NFO,02/01/2024,15:20:25,847.7,850.9,80,854.05,80,0,1120
FINNIFTY02JAN2422200PE.NFO,02/01/2024,15:20:36,847.7,851,80,853.9,80,0,1120
FINNIFTY02JAN2422200PE.NFO,02/01/2024,15:20:45,847.7,850.8,80,853.85,120,0,1120
FINNIFTY02JAN2422200PE.NFO,02/01/2024,15:20:55,847.7,850.85,80,853.85,40,0,1120
FINNIFTY02JAN2422200PE.NFO,02/01/2024,15:21:05,847.7,850.8,80,853.5,80,0,1120
FINNIFTY02JAN2422200PE.NFO,02/01/2024,15:21:35,847.7,851,80,853.35,120,0,1120
FINNIFTY02JAN2422200PE.NFO,02/01/2024,15:21:44,847.7,851,160,853.2,80,0,1120
FINNIFTY02JAN2422200PE.NFO,02/01/2024,15:21:53,847.7,849.85,320,853.05,280,0,1120
FINNIFTY02JAN2422200PE.NFO,02/01/2024,15:22:01,847.7,850.1,120,852.95,80,0,1120
FINNIFTY02JAN2422200PE.NFO,02/01/2024,15:22:11,847.7,850.3,80,853,80,0,1120
FINNIFTY02JAN2422200PE.NFO,02/01/2024,15:22:20,847.7,850.8,80,853.05,40,0,1120
FINNIFTY02JAN2422200PE.NFO,02/01/2024,15:22:30,847.7,850.95,80,853.05,40,0,1120
FINNIFTY02JAN2422200PE.NFO,02/01/2024,15:22:39,847.7,851.35,80,853.05,40,0,1120
FINNIFTY02JAN2422200PE.NFO,02/01/2024,15:22:58,847.7,851.5,160,853.05,40,0,1120
FINNIFTY02JAN2422200PE.NFO,02/01/2024,15:23:08,847.7,851.55,80,853.05,40,0,1120
FINNIFTY02JAN2422200PE.NFO,02/01/2024,15:23:18,847.7,851.65,80,853.05,40,0,1120
FINNIFTY02JAN2422200PE.NFO,02/01/2024,15:23:28,847.7,851.7,80,853.05,40,0,1120
FINNIFTY02JAN2422200PE.NFO,02/01/2024,15:23:37,847.7,850.95,120,853.05,40,0,1120
FINNIFTY02JAN2422200PE.NFO,02/01/2024,15:23:47,847.7,851.45,80,853.05,40,0,1120
FINNIFTY02JAN2422200PE.NFO,02/01/2024,15:23:57,847.7,851.7,80,853.05,40,0,1120
FINNIFTY02JAN2422200PE.NFO,02/01/2024,15:24:06,847.7,851.75,80,853.05,40,0,1120
FINNIFTY02JAN2422200PE.NFO,02/01/2024,15:24:16,847.7,851.9,80,853.05,40,0,1120
FINNIFTY02JAN2422200PE.NFO,02/01/2024,15:24:25,847.7,852,80,853.05,40,0,1120
FINNIFTY02JAN2422200PE.NFO,02/01/2024,15:24:35,847.7,852.3,80,853.05,40,0,1120
FINNIFTY02JAN2422200PE.NFO,02/01/2024,15:24:45,847.7,850.95,160,853.05,40,0,1120
FINNIFTY02JAN2422200PE.NFO,02/01/2024,15:24:55,847.7,851.25,80,853.05,40,0,1120
FINNIFTY02JAN2422200PE.NFO,02/01/2024,15:25:05,847.7,851.4,80,853.05,40,0,1120
FINNIFTY02JAN2422200PE.NFO,02/01/2024,15:25:15,847.7,852.05,80,853.05,40,0,1120
FINNIFTY02JAN2422200PE.NFO,02/01/2024,15:25:24,847.7,852.15,80,853.05,40,0,1120
FINNIFTY02JAN2422200PE.NFO,02/01/2024,15:25:34,847.7,852.4,80,853.05,40,0,1120
FINNIFTY02JAN2422200PE.NFO,02/01/2024,15:25:44,847.7,852.5,160,853.05,40,0,1120
FINNIFTY02JAN2422200PE.NFO,02/01/2024,15:25:55,847.7,851.45,80,853.05,40,0,1120
FINNIFTY02JAN2422200PE.NFO,02/01/2024,15:26:05,847.7,852,240,853.05,40,0,1120
FINNIFTY02JAN2422200PE.NFO,02/01/2024,15:26:15,847.7,852.75,80,853.05,40,0,1120
FINNIFTY02JAN2422200PE.NFO,02/01/2024,15:26:25,853.05,851.5,120,854,120,40,1160
FINNIFTY02JAN2422200PE.NFO,02/01/2024,15:26:34,853.05,851.6,200,854,120,0,1160
FINNIFTY02JAN2422200PE.NFO,02/01/2024,15:26:44,853.05,852.05,120,854,120,0,1160
FINNIFTY02JAN2422200PE.NFO,02/01/2024,15:26:53,853.05,852.55,80,854,120,0,1160
FINNIFTY02JAN2422200PE.NFO,02/01/2024,15:27:03,853.05,852.15,80,854,120,0,1160
FINNIFTY02JAN2422200PE.NFO,02/01/2024,15:27:13,853.05,852.15,120,854,120,0,1160
FINNIFTY02JAN2422200PE.NFO,02/01/2024,15:27:22,853.05,852.2,120,854,120,0,1160
FINNIFTY02JAN2422200PE.NFO,02/01/2024,15:27:32,853.05,853.2,120,854,120,0,1160
FINNIFTY02JAN2422200PE.NFO,02/01/2024,15:27:41,853.05,850.75,80,854,120,0,1160
FINNIFTY02JAN2422200PE.NFO,02/01/2024,15:27:51,853.05,850.75,80,854.85,80,0,1160
FINNIFTY02JAN2422200PE.NFO,02/01/2024,15:28:01,853.05,850.75,40,854.9,120,0,1160
FINNIFTY02JAN2422200PE.NFO,02/01/2024,15:28:11,854.9,853.3,40,854.9,80,40,1200
FINNIFTY02JAN2422200PE.NFO,02/01/2024,15:28:21,854.9,853.3,40,854.9,160,0,1200
FINNIFTY02JAN2422200PE.NFO,02/01/2024,15:28:32,854.9,853.3,40,854.9,80,0,1200
FINNIFTY02JAN2422200PE.NFO,02/01/2024,15:28:42,854.9,853.3,40,854.85,80,0,1200
FINNIFTY02JAN2422200PE.NFO,02/01/2024,15:28:52,854.9,853.65,40,854.85,80,0,1200
FINNIFTY02JAN2422200PE.NFO,02/01/2024,15:29:03,854.9,853.65,40,854.9,80,0,1200
FINNIFTY02JAN2422200PE.NFO,02/01/2024,15:29:13,854.9,853.65,40,856.2,80,0,1200
FINNIFTY02JAN2422200PE.NFO,02/01/2024,15:29:23,854.9,853.65,40,855.15,80,0,1200
FINNIFTY02JAN2422200PE.NFO,02/01/2024,15:29:34,853.65,850.8,320,855.15,80,40,1200
FINNIFTY02JAN2422200PE.NFO,02/01/2024,15:29:45,853.65,850.8,320,855.15,80,0,1200
FINNIFTY02JAN2422200PE.NFO,02/01/2024,15:30:00,853.65,830.35,1800,855.3,120,0,1200
