Ticker,Date,Time,LTP,BuyPrice,BuyQty,SellPrice,SellQty,LTQ,OpenInterest
FINNIFTY02JAN2420200PE.NFO,02/01/2024,09:15:02,0.2,0.2,18640,0.3,7000,1400,137040
FINNIFTY02JAN2420200PE.NFO,02/01/2024,09:15:02,0.2,0.2,18640,0.3,7000,0,137040
FINNIFTY02JAN2420200PE.NFO,02/01/2024,09:15:02,0.3,0.2,18640,0.3,7000,0,137040
FINNIFTY02JAN2420200PE.NFO,02/01/2024,09:15:02,0.2,0.2,18640,0.3,7000,0,137040
FINNIFTY02JAN2420200PE.NFO,02/01/2024,09:15:16,0.3,0.25,7000,0.3,12040,2680,137040
FINNIFTY02JAN2420200PE.NFO,02/01/2024,09:15:28,0.25,0.2,82880,0.25,3080,22360,137040
FINNIFTY02JAN2420200PE.NFO,02/01/2024,09:15:39,0.25,0.2,82880,0.25,9680,0,137040
FINNIFTY02JAN2420200PE.NFO,02/01/2024,09:15:50,0.25,0.2,82880,0.25,9760,0,137040
FINNIFTY02JAN2420200PE.NFO,02/01/2024,09:16:00,0.25,0.2,83320,0.25,6600,3240,137040
FINNIFTY02JAN2420200PE.NFO,02/01/2024,09:16:12,0.25,0.25,41360,0.3,10680,11080,137040
FINNIFTY02JAN2420200PE.NFO,02/01/2024,09:16:22,0.25,0.25,45640,0.3,19680,1200,137040
FINNIFTY02JAN2420200PE.NFO,02/01/2024,09:16:31,0.25,0.25,48160,0.3,25080,3280,137040
FINNIFTY02JAN2420200PE.NFO,02/01/2024,09:16:41,0.25,0.25,47680,0.3,25080,840,137040
FINNIFTY02JAN2420200PE.NFO,02/01/2024,09:16:50,0.25,0.25,23080,0.3,25080,400,137040
FINNIFTY02JAN2420200PE.NFO,02/01/2024,09:17:00,0.25,0.25,7520,0.3,25080,1440,137040
FINNIFTY02JAN2420200PE.NFO,02/01/2024,09:17:10,0.3,0.25,9880,0.3,27280,5600,137040
FINNIFTY02JAN2420200PE.NFO,02/01/2024,09:17:19,0.3,0.25,18880,0.3,27280,0,137040
FINNIFTY02JAN2420200PE.NFO,02/01/2024,09:17:29,0.25,0.25,27960,0.3,29080,160,137040
FINNIFTY02JAN2420200PE.NFO,02/01/2024,09:17:39,0.3,0.25,33640,0.3,29160,320,144280
FINNIFTY02JAN2420200PE.NFO,02/01/2024,09:17:48,0.3,0.25,35080,0.3,25440,5000,144280
FINNIFTY02JAN2420200PE.NFO,02/01/2024,09:17:58,0.3,0.25,35080,0.3,32640,0,144280
FINNIFTY02JAN2420200PE.NFO,02/01/2024,09:18:07,0.25,0.25,35800,0.3,34760,2880,144280
FINNIFTY02JAN2420200PE.NFO,02/01/2024,09:18:17,0.3,0.25,41200,0.3,32960,80,144280
FINNIFTY02JAN2420200PE.NFO,02/01/2024,09:18:26,0.25,0.25,40200,0.3,33320,1000,144280
FINNIFTY02JAN2420200PE.NFO,02/01/2024,09:18:36,0.25,0.25,40200,0.3,33320,0,144280
FINNIFTY02JAN2420200PE.NFO,02/01/2024,09:18:46,0.3,0.25,41240,0.3,35520,1000,144280
FINNIFTY02JAN2420200PE.NFO,02/01/2024,09:18:55,0.3,0.25,43080,0.3,37280,40,144280
FINNIFTY02JAN2420200PE.NFO,02/01/2024,09:19:06,0.3,0.25,45600,0.3,39320,4800,144280
FINNIFTY02JAN2420200PE.NFO,02/01/2024,09:19:15,0.3,0.25,45600,0.3,25880,5080,144280
FINNIFTY02JAN2420200PE.NFO,02/01/2024,09:19:25,0.25,0.25,45720,0.3,26120,1800,144280
FINNIFTY02JAN2420200PE.NFO,02/01/2024,09:19:45,0.25,0.25,45720,0.3,26120,0,144280
FINNIFTY02JAN2420200PE.NFO,02/01/2024,09:19:55,0.25,0.25,42600,0.3,26120,3120,144280
FINNIFTY02JAN2420200PE.NFO,02/01/2024,09:20:06,0.3,0.25,47280,0.3,24320,1800,144280
FINNIFTY02JAN2420200PE.NFO,02/01/2024,09:20:16,0.3,0.25,47040,0.3,23280,1040,144280
FINNIFTY02JAN2420200PE.NFO,02/01/2024,09:20:26,0.3,0.25,47040,0.3,24880,0,144280
FINNIFTY02JAN2420200PE.NFO,02/01/2024,09:20:36,0.3,0.25,46800,0.3,24520,360,147560
FINNIFTY02JAN2420200PE.NFO,02/01/2024,09:20:45,0.3,0.25,46800,0.3,18400,7480,147560
FINNIFTY02JAN2420200PE.NFO,02/01/2024,09:20:55,0.3,0.25,46800,0.3,14560,2040,147560
FINNIFTY02JAN2420200PE.NFO,02/01/2024,09:21:04,0.3,0.25,46800,0.3,17200,960,147560
FINNIFTY02JAN2420200PE.NFO,02/01/2024,09:21:14,0.3,0.25,46800,0.3,18360,640,147560
FINNIFTY02JAN2420200PE.NFO,02/01/2024,09:21:25,0.25,0.25,46280,0.3,14880,8320,147560
FINNIFTY02JAN2420200PE.NFO,02/01/2024,09:21:35,0.35,0.3,12480,0.35,17040,13280,147560
FINNIFTY02JAN2420200PE.NFO,02/01/2024,09:21:35,0.35,0.3,12480,0.35,17040,0,147560
FINNIFTY02JAN2420200PE.NFO,02/01/2024,09:21:45,0.35,0.3,15400,0.35,34360,2760,147560
FINNIFTY02JAN2420200PE.NFO,02/01/2024,09:21:55,0.35,0.3,14120,0.35,34720,840,147560
FINNIFTY02JAN2420200PE.NFO,02/01/2024,09:22:06,0.35,0.3,13720,0.35,37200,680,147560
FINNIFTY02JAN2420200PE.NFO,02/01/2024,09:22:18,0.3,0.3,13280,0.35,35000,3160,147560
FINNIFTY02JAN2420200PE.NFO,02/01/2024,09:22:30,0.35,0.3,13120,0.35,34600,5000,147560
FINNIFTY02JAN2420200PE.NFO,02/01/2024,09:22:40,0.3,0.3,10560,0.35,35840,2800,147560
FINNIFTY02JAN2420200PE.NFO,02/01/2024,09:22:50,0.3,0.25,50840,0.3,17040,10440,147560
FINNIFTY02JAN2420200PE.NFO,02/01/2024,09:23:09,0.3,0.25,50440,0.3,16640,400,147560
FINNIFTY02JAN2420200PE.NFO,02/01/2024,09:23:28,0.3,0.25,75640,0.3,16200,440,148240
FINNIFTY02JAN2420200PE.NFO,02/01/2024,09:23:37,0.3,0.25,75640,0.3,15960,240,148240
FINNIFTY02JAN2420200PE.NFO,02/01/2024,09:23:47,0.3,0.25,77440,0.3,17240,520,148240
FINNIFTY02JAN2420200PE.NFO,02/01/2024,09:23:56,0.3,0.25,76440,0.3,20520,2080,148240
FINNIFTY02JAN2420200PE.NFO,02/01/2024,09:24:05,0.3,0.25,75560,0.3,17360,3600,148240
FINNIFTY02JAN2420200PE.NFO,02/01/2024,09:24:14,0.3,0.25,77080,0.3,16840,160,148240
FINNIFTY02JAN2420200PE.NFO,02/01/2024,09:24:24,0.3,0.25,75680,0.3,16800,40,148240
FINNIFTY02JAN2420200PE.NFO,02/01/2024,09:24:34,0.25,0.25,76640,0.3,18000,440,148240
FINNIFTY02JAN2420200PE.NFO,02/01/2024,09:24:45,0.25,0.25,76280,0.3,18080,360,148240
FINNIFTY02JAN2420200PE.NFO,02/01/2024,09:24:54,0.25,0.25,73120,0.3,19920,480,148240
FINNIFTY02JAN2420200PE.NFO,02/01/2024,09:25:05,0.25,0.25,76240,0.3,31840,920,148240
FINNIFTY02JAN2420200PE.NFO,02/01/2024,09:25:16,0.25,0.25,76360,0.3,34320,1360,148240
FINNIFTY02JAN2420200PE.NFO,02/01/2024,09:25:26,0.3,0.25,75120,0.3,32520,1640,148240
FINNIFTY02JAN2420200PE.NFO,02/01/2024,09:25:36,0.3,0.25,75000,0.3,33160,1680,148240
FINNIFTY02JAN2420200PE.NFO,02/01/2024,09:25:46,0.3,0.25,72600,0.3,44760,4200,148240
FINNIFTY02JAN2420200PE.NFO,02/01/2024,09:25:56,0.3,0.25,72280,0.3,44960,1920,148240
FINNIFTY02JAN2420200PE.NFO,02/01/2024,09:26:06,0.3,0.25,71480,0.3,44400,3160,148240
FINNIFTY02JAN2420200PE.NFO,02/01/2024,09:26:15,0.25,0.25,71120,0.3,40600,2600,148240
FINNIFTY02JAN2420200PE.NFO,02/01/2024,09:26:26,0.3,0.25,76240,0.3,20760,23560,148240
FINNIFTY02JAN2420200PE.NFO,02/01/2024,09:26:36,0.3,0.25,76240,0.3,20520,240,158440
FINNIFTY02JAN2420200PE.NFO,02/01/2024,09:26:46,0.25,0.25,75360,0.3,24120,880,158440
FINNIFTY02JAN2420200PE.NFO,02/01/2024,09:26:57,0.25,0.25,72800,0.3,19400,7520,158440
FINNIFTY02JAN2420200PE.NFO,02/01/2024,09:27:07,0.3,0.25,72680,0.3,25360,1120,158440
FINNIFTY02JAN2420200PE.NFO,02/01/2024,09:27:18,0.3,0.25,72600,0.3,24640,1040,158440
FINNIFTY02JAN2420200PE.NFO,02/01/2024,09:27:28,0.3,0.25,72600,0.3,23760,680,158440
FINNIFTY02JAN2420200PE.NFO,02/01/2024,09:27:37,0.3,0.25,72600,0.3,23040,720,158440
FINNIFTY02JAN2420200PE.NFO,02/01/2024,09:27:47,0.3,0.25,72600,0.3,23000,280,158440
FINNIFTY02JAN2420200PE.NFO,02/01/2024,09:27:57,0.3,0.25,72560,0.3,23000,80,158440
FINNIFTY02JAN2420200PE.NFO,02/01/2024,09:28:17,0.3,0.25,72560,0.3,20400,800,158440
FINNIFTY02JAN2420200PE.NFO,02/01/2024,09:28:28,0.3,0.25,72560,0.3,21680,1080,158440
FINNIFTY02JAN2420200PE.NFO,02/01/2024,09:28:41,0.25,0.25,72360,0.3,21440,200,158440
FINNIFTY02JAN2420200PE.NFO,02/01/2024,09:28:55,0.3,0.25,72360,0.3,13360,880,158440
FINNIFTY02JAN2420200PE.NFO,02/01/2024,09:29:05,0.3,0.25,72360,0.3,12840,1600,158440
FINNIFTY02JAN2420200PE.NFO,02/01/2024,09:29:48,0.3,0.25,72360,0.3,12680,160,155320
FINNIFTY02JAN2420200PE.NFO,02/01/2024,09:29:58,0.3,0.25,72360,0.3,11680,1000,155320
FINNIFTY02JAN2420200PE.NFO,02/01/2024,09:30:08,0.3,0.25,73760,0.3,76920,1160,155320
FINNIFTY02JAN2420200PE.NFO,02/01/2024,09:30:18,0.3,0.25,73760,0.3,75920,1000,155320
FINNIFTY02JAN2420200PE.NFO,02/01/2024,09:30:58,0.3,0.25,73760,0.3,75000,920,155320
FINNIFTY02JAN2420200PE.NFO,02/01/2024,09:31:10,0.3,0.25,73760,0.3,73760,1240,155320
FINNIFTY02JAN2420200PE.NFO,02/01/2024,09:31:20,0.3,0.25,73760,0.3,73480,280,155320
FINNIFTY02JAN2420200PE.NFO,02/01/2024,09:31:59,0.3,0.25,73760,0.3,73480,0,155320
FINNIFTY02JAN2420200PE.NFO,02/01/2024,09:32:08,0.3,0.25,74320,0.3,73640,400,155320
FINNIFTY02JAN2420200PE.NFO,02/01/2024,09:32:18,0.3,0.25,74320,0.3,73520,120,155320
FINNIFTY02JAN2420200PE.NFO,02/01/2024,09:32:28,0.3,0.25,74320,0.3,73520,0,155320
FINNIFTY02JAN2420200PE.NFO,02/01/2024,09:32:48,0.3,0.25,74320,0.3,72920,600,159680
FINNIFTY02JAN2420200PE.NFO,02/01/2024,09:32:58,0.3,0.25,68920,0.3,72880,40,159680
FINNIFTY02JAN2420200PE.NFO,02/01/2024,09:33:08,0.3,0.25,68920,0.3,72880,0,159680
FINNIFTY02JAN2420200PE.NFO,02/01/2024,09:33:17,0.3,0.25,68880,0.3,73080,120,159680
FINNIFTY02JAN2420200PE.NFO,02/01/2024,09:33:27,0.3,0.25,68880,0.3,72920,160,159680
FINNIFTY02JAN2420200PE.NFO,02/01/2024,09:33:36,0.3,0.25,68880,0.3,72840,80,159680
FINNIFTY02JAN2420200PE.NFO,02/01/2024,09:33:46,0.3,0.25,68880,0.3,72760,80,159680
FINNIFTY02JAN2420200PE.NFO,02/01/2024,09:33:55,0.3,0.25,68880,0.3,72760,0,159680
FINNIFTY02JAN2420200PE.NFO,02/01/2024,09:34:05,0.3,0.25,68880,0.3,72680,80,159680
FINNIFTY02JAN2420200PE.NFO,02/01/2024,09:34:14,0.3,0.25,68880,0.3,72680,0,159680
FINNIFTY02JAN2420200PE.NFO,02/01/2024,09:34:32,0.25,0.25,68760,0.3,72680,120,159680
FINNIFTY02JAN2420200PE.NFO,02/01/2024,09:34:41,0.3,0.25,68720,0.3,72560,160,159680
FINNIFTY02JAN2420200PE.NFO,02/01/2024,09:34:59,0.25,0.25,68600,0.3,72480,200,159680
FINNIFTY02JAN2420200PE.NFO,02/01/2024,09:35:09,0.3,0.25,68600,0.3,72400,80,159680
FINNIFTY02JAN2420200PE.NFO,02/01/2024,09:35:18,0.25,0.25,67920,0.3,72400,680,159680
FINNIFTY02JAN2420200PE.NFO,02/01/2024,09:35:28,0.3,0.25,51720,0.3,72320,80,159680
FINNIFTY02JAN2420200PE.NFO,02/01/2024,09:35:37,0.3,0.25,49920,0.3,72320,0,159680
FINNIFTY02JAN2420200PE.NFO,02/01/2024,09:35:46,0.3,0.25,49840,0.3,72040,360,159680
FINNIFTY02JAN2420200PE.NFO,02/01/2024,09:35:56,0.3,0.25,49800,0.3,71920,160,159680
FINNIFTY02JAN2420200PE.NFO,02/01/2024,09:36:05,0.3,0.25,49800,0.3,71720,200,159680
FINNIFTY02JAN2420200PE.NFO,02/01/2024,09:36:24,0.3,0.25,49800,0.3,71320,400,159680
FINNIFTY02JAN2420200PE.NFO,02/01/2024,09:36:33,0.3,0.25,49800,0.3,71040,280,159680
FINNIFTY02JAN2420200PE.NFO,02/01/2024,09:36:43,0.3,0.25,49800,0.3,70880,160,159680
FINNIFTY02JAN2420200PE.NFO,02/01/2024,09:36:51,0.3,0.25,49800,0.3,70800,80,159680
FINNIFTY02JAN2420200PE.NFO,02/01/2024,09:37:00,0.3,0.25,49800,0.3,70800,0,159680
FINNIFTY02JAN2420200PE.NFO,02/01/2024,09:37:36,0.3,0.25,49800,0.3,74400,0,159680
FINNIFTY02JAN2420200PE.NFO,02/01/2024,09:38:19,0.3,0.25,49800,0.3,73600,800,159680
FINNIFTY02JAN2420200PE.NFO,02/01/2024,09:38:29,0.25,0.25,49560,0.3,73600,240,159680
FINNIFTY02JAN2420200PE.NFO,02/01/2024,09:38:38,0.25,0.25,49280,0.3,73600,280,160440
FINNIFTY02JAN2420200PE.NFO,02/01/2024,09:38:48,0.25,0.25,42040,0.3,71800,1960,160440
FINNIFTY02JAN2420200PE.NFO,02/01/2024,09:38:57,0.25,0.25,31600,0.3,71800,360,160440
FINNIFTY02JAN2420200PE.NFO,02/01/2024,09:39:07,0.25,0.25,30120,0.3,71800,520,160440
FINNIFTY02JAN2420200PE.NFO,02/01/2024,09:39:16,0.25,0.25,29960,0.3,71800,80,160440
FINNIFTY02JAN2420200PE.NFO,02/01/2024,09:39:26,0.25,0.25,27640,0.3,71800,600,160440
FINNIFTY02JAN2420200PE.NFO,02/01/2024,09:39:35,0.25,0.25,27880,0.3,71680,720,160440
FINNIFTY02JAN2420200PE.NFO,02/01/2024,09:39:54,0.25,0.25,27640,0.3,71680,240,160440
FINNIFTY02JAN2420200PE.NFO,02/01/2024,09:40:05,0.25,0.25,27400,0.3,71680,240,160440
FINNIFTY02JAN2420200PE.NFO,02/01/2024,09:40:16,0.25,0.25,27200,0.3,71680,200,160440
FINNIFTY02JAN2420200PE.NFO,02/01/2024,09:40:26,0.25,0.25,26240,0.3,71680,960,160440
FINNIFTY02JAN2420200PE.NFO,02/01/2024,09:40:36,0.25,0.25,25520,0.3,73480,720,160440
FINNIFTY02JAN2420200PE.NFO,02/01/2024,09:40:47,0.25,0.25,23720,0.3,73480,1800,160440
FINNIFTY02JAN2420200PE.NFO,02/01/2024,09:40:57,0.3,0.25,26480,0.3,73280,200,160440
FINNIFTY02JAN2420200PE.NFO,02/01/2024,09:41:08,0.25,0.25,25360,0.3,73280,160,160440
FINNIFTY02JAN2420200PE.NFO,02/01/2024,09:41:18,0.25,0.25,25360,0.3,73280,0,160440
FINNIFTY02JAN2420200PE.NFO,02/01/2024,09:41:37,0.3,0.25,24800,0.3,73160,1640,154000
FINNIFTY02JAN2420200PE.NFO,02/01/2024,09:41:57,0.25,0.25,23440,0.3,73920,400,154000
FINNIFTY02JAN2420200PE.NFO,02/01/2024,09:42:17,0.25,0.25,24400,0.3,73920,0,154000
FINNIFTY02JAN2420200PE.NFO,02/01/2024,09:42:35,0.3,0.25,24400,0.3,73880,40,154000
FINNIFTY02JAN2420200PE.NFO,02/01/2024,09:42:44,0.25,0.25,23360,0.3,75200,1520,154000
FINNIFTY02JAN2420200PE.NFO,02/01/2024,09:42:53,0.25,0.25,25120,0.3,75800,0,154000
FINNIFTY02JAN2420200PE.NFO,02/01/2024,09:43:03,0.25,0.25,21840,0.3,76680,1520,154000
FINNIFTY02JAN2420200PE.NFO,02/01/2024,09:43:34,0.25,0.25,22760,0.3,76680,2120,154000
FINNIFTY02JAN2420200PE.NFO,02/01/2024,09:43:53,0.3,0.25,22360,0.3,76440,440,154000
FINNIFTY02JAN2420200PE.NFO,02/01/2024,09:44:02,0.25,0.25,19680,0.3,76440,600,154000
FINNIFTY02JAN2420200PE.NFO,02/01/2024,09:44:12,0.25,0.25,21160,0.3,76440,600,154000
FINNIFTY02JAN2420200PE.NFO,02/01/2024,09:44:21,0.3,0.25,21160,0.3,76400,40,154000
FINNIFTY02JAN2420200PE.NFO,02/01/2024,09:44:48,0.3,0.25,21160,0.3,76320,120,145440
FINNIFTY02JAN2420200PE.NFO,02/01/2024,09:44:58,0.25,0.25,18960,0.3,76320,120,145440
FINNIFTY02JAN2420200PE.NFO,02/01/2024,09:45:07,0.25,0.25,18280,0.3,76320,680,145440
FINNIFTY02JAN2420200PE.NFO,02/01/2024,09:45:16,0.25,0.25,18200,0.3,76320,80,145440
FINNIFTY02JAN2420200PE.NFO,02/01/2024,09:45:26,0.25,0.25,18200,0.3,77280,2440,145440
FINNIFTY02JAN2420200PE.NFO,02/01/2024,09:45:36,0.25,0.25,19320,0.3,77960,680,145440
FINNIFTY02JAN2420200PE.NFO,02/01/2024,09:45:45,0.25,0.25,16600,0.3,77960,640,145440
FINNIFTY02JAN2420200PE.NFO,02/01/2024,09:46:04,0.3,0.25,17960,0.3,77520,1160,145440
FINNIFTY02JAN2420200PE.NFO,02/01/2024,09:46:14,0.3,0.25,17960,0.3,78640,1040,145440
FINNIFTY02JAN2420200PE.NFO,02/01/2024,09:46:24,0.3,0.25,35960,0.3,77680,720,145440
FINNIFTY02JAN2420200PE.NFO,02/01/2024,09:46:34,0.3,0.25,35960,0.3,84120,320,145440
FINNIFTY02JAN2420200PE.NFO,02/01/2024,09:46:43,0.3,0.25,40720,0.3,84080,1720,145440
FINNIFTY02JAN2420200PE.NFO,02/01/2024,09:46:52,0.3,0.25,40720,0.3,83920,160,145440
FINNIFTY02JAN2420200PE.NFO,02/01/2024,09:47:11,0.3,0.25,40320,0.3,83720,600,145440
FINNIFTY02JAN2420200PE.NFO,02/01/2024,09:47:47,0.25,0.25,40280,0.3,84680,40,141280
FINNIFTY02JAN2420200PE.NFO,02/01/2024,09:47:56,0.25,0.25,38600,0.3,84680,280,141280
FINNIFTY02JAN2420200PE.NFO,02/01/2024,09:48:06,0.25,0.25,38320,0.3,84680,280,141280
FINNIFTY02JAN2420200PE.NFO,02/01/2024,09:48:15,0.3,0.25,38320,0.3,84120,560,141280
FINNIFTY02JAN2420200PE.NFO,02/01/2024,09:48:23,0.3,0.25,38320,0.3,86120,1000,141280
FINNIFTY02JAN2420200PE.NFO,02/01/2024,09:48:42,0.25,0.25,38200,0.3,86720,120,141280
FINNIFTY02JAN2420200PE.NFO,02/01/2024,09:48:51,0.25,0.25,20360,0.3,86560,200,141280
FINNIFTY02JAN2420200PE.NFO,02/01/2024,09:49:00,0.25,0.25,20280,0.3,86560,80,141280
FINNIFTY02JAN2420200PE.NFO,02/01/2024,09:49:19,0.3,0.25,20080,0.3,86320,240,141280
FINNIFTY02JAN2420200PE.NFO,02/01/2024,09:49:29,0.25,0.25,19960,0.3,86560,120,141280
FINNIFTY02JAN2420200PE.NFO,02/01/2024,09:49:47,0.25,0.25,19960,0.3,86560,0,141280
FINNIFTY02JAN2420200PE.NFO,02/01/2024,09:49:56,0.25,0.25,19800,0.3,86560,160,141280
FINNIFTY02JAN2420200PE.NFO,02/01/2024,09:50:05,0.25,0.25,19720,0.3,86560,80,141280
FINNIFTY02JAN2420200PE.NFO,02/01/2024,09:50:14,0.25,0.25,20600,0.3,68560,200,141280
FINNIFTY02JAN2420200PE.NFO,02/01/2024,09:50:23,0.25,0.25,20600,0.3,76520,0,141280
FINNIFTY02JAN2420200PE.NFO,02/01/2024,09:50:31,0.25,0.25,20600,0.3,76560,0,141280
FINNIFTY02JAN2420200PE.NFO,02/01/2024,09:50:41,0.25,0.25,20480,0.3,76640,120,140840
FINNIFTY02JAN2420200PE.NFO,02/01/2024,09:50:50,0.25,0.25,20480,0.3,76640,0,140840
FINNIFTY02JAN2420200PE.NFO,02/01/2024,09:51:28,0.3,0.25,21360,0.3,76600,640,140840
FINNIFTY02JAN2420200PE.NFO,02/01/2024,09:51:37,0.3,0.25,21120,0.3,76760,320,140840
FINNIFTY02JAN2420200PE.NFO,02/01/2024,09:51:47,0.3,0.25,21120,0.3,76720,40,140840
FINNIFTY02JAN2420200PE.NFO,02/01/2024,09:52:05,0.3,0.25,21120,0.3,76720,0,140840
FINNIFTY02JAN2420200PE.NFO,02/01/2024,09:52:41,0.3,0.25,21120,0.3,81520,0,140840
FINNIFTY02JAN2420200PE.NFO,02/01/2024,09:53:08,0.3,0.25,19920,0.3,75440,360,140840
FINNIFTY02JAN2420200PE.NFO,02/01/2024,09:53:18,0.3,0.25,20800,0.3,78880,160,140840
FINNIFTY02JAN2420200PE.NFO,02/01/2024,09:53:27,0.3,0.25,20800,0.3,89400,280,140840
FINNIFTY02JAN2420200PE.NFO,02/01/2024,09:53:36,0.3,0.25,20680,0.3,74080,840,141040
FINNIFTY02JAN2420200PE.NFO,02/01/2024,09:53:46,0.3,0.25,47680,0.3,73960,120,141040
FINNIFTY02JAN2420200PE.NFO,02/01/2024,09:53:55,0.25,0.25,47520,0.3,81680,200,141040
FINNIFTY02JAN2420200PE.NFO,02/01/2024,09:54:04,0.25,0.25,47520,0.3,81680,0,141040
FINNIFTY02JAN2420200PE.NFO,02/01/2024,09:54:31,0.25,0.25,47000,0.3,81680,520,141040
FINNIFTY02JAN2420200PE.NFO,02/01/2024,09:54:40,0.25,0.25,46880,0.3,80480,1320,141040
FINNIFTY02JAN2420200PE.NFO,02/01/2024,09:55:01,0.25,0.25,46120,0.3,82280,760,141040
FINNIFTY02JAN2420200PE.NFO,02/01/2024,09:55:12,0.25,0.25,45280,0.3,80880,840,141040
FINNIFTY02JAN2420200PE.NFO,02/01/2024,09:55:22,0.25,0.25,44800,0.3,76880,4480,141040
FINNIFTY02JAN2420200PE.NFO,02/01/2024,09:55:43,0.3,0.25,48920,0.3,76280,1920,141040
FINNIFTY02JAN2420200PE.NFO,02/01/2024,09:55:52,0.25,0.25,48400,0.3,76280,520,141040
FINNIFTY02JAN2420200PE.NFO,02/01/2024,09:56:04,0.3,0.25,45480,0.3,76200,1600,141040
FINNIFTY02JAN2420200PE.NFO,02/01/2024,09:56:16,0.3,0.25,46920,0.3,70760,440,141040
FINNIFTY02JAN2420200PE.NFO,02/01/2024,09:56:29,0.3,0.25,45120,0.3,70680,440,141040
FINNIFTY02JAN2420200PE.NFO,02/01/2024,09:56:41,0.25,0.25,44560,0.3,70320,920,146760
FINNIFTY02JAN2420200PE.NFO,02/01/2024,09:56:53,0.25,0.25,40880,0.3,59160,8360,146760
FINNIFTY02JAN2420200PE.NFO,02/01/2024,09:57:05,0.25,0.25,26240,0.3,59160,1160,146760
FINNIFTY02JAN2420200PE.NFO,02/01/2024,09:57:18,0.3,0.25,17160,0.3,64560,1840,146760
FINNIFTY02JAN2420200PE.NFO,02/01/2024,09:57:31,0.25,0.25,28840,0.3,68000,7120,146760
FINNIFTY02JAN2420200PE.NFO,02/01/2024,09:57:43,0.25,0.25,27320,0.3,66400,3320,146760
FINNIFTY02JAN2420200PE.NFO,02/01/2024,09:57:54,0.25,0.25,22200,0.3,65240,2880,146760
FINNIFTY02JAN2420200PE.NFO,02/01/2024,09:58:05,0.25,0.25,29000,0.3,65160,1120,146760
FINNIFTY02JAN2420200PE.NFO,02/01/2024,09:58:17,0.25,0.25,14680,0.3,64920,9440,146760
FINNIFTY02JAN2420200PE.NFO,02/01/2024,09:58:28,0.3,0.25,20840,0.3,64680,1160,146760
FINNIFTY02JAN2420200PE.NFO,02/01/2024,09:58:41,0.3,0.25,19480,0.3,57840,1480,146760
FINNIFTY02JAN2420200PE.NFO,02/01/2024,09:58:52,0.3,0.25,16720,0.3,58040,40,146760
FINNIFTY02JAN2420200PE.NFO,02/01/2024,09:59:02,0.3,0.25,18720,0.3,58440,920,146760
FINNIFTY02JAN2420200PE.NFO,02/01/2024,09:59:13,0.3,0.25,12520,0.3,55640,40,146760
FINNIFTY02JAN2420200PE.NFO,02/01/2024,09:59:26,0.3,0.25,12520,0.3,52280,0,146760
FINNIFTY02JAN2420200PE.NFO,02/01/2024,09:59:37,0.3,0.25,19680,0.3,51440,600,159120
FINNIFTY02JAN2420200PE.NFO,02/01/2024,09:59:48,0.25,0.25,8600,0.3,58120,5800,159120
FINNIFTY02JAN2420200PE.NFO,02/01/2024,09:59:59,0.3,0.25,12680,0.3,83040,280,159120
FINNIFTY02JAN2420200PE.NFO,02/01/2024,10:00:10,0.3,0.25,12080,0.3,83760,1280,159120
FINNIFTY02JAN2420200PE.NFO,02/01/2024,10:00:22,0.3,0.25,12560,0.3,87360,400,159120
FINNIFTY02JAN2420200PE.NFO,02/01/2024,10:00:35,0.3,0.25,12560,0.3,88160,0,159120
FINNIFTY02JAN2420200PE.NFO,02/01/2024,10:00:47,0.3,0.25,11760,0.3,87880,0,159120
FINNIFTY02JAN2420200PE.NFO,02/01/2024,10:00:58,0.25,0.25,11160,0.3,87920,600,159120
FINNIFTY02JAN2420200PE.NFO,02/01/2024,10:01:08,0.25,0.25,6440,0.3,88160,1440,159120
FINNIFTY02JAN2420200PE.NFO,02/01/2024,10:01:19,0.25,0.25,8720,0.3,88120,480,159120
FINNIFTY02JAN2420200PE.NFO,02/01/2024,10:01:31,0.3,0.25,11440,0.3,88080,200,159120
FINNIFTY02JAN2420200PE.NFO,02/01/2024,10:01:41,0.3,0.25,10640,0.3,87480,360,159120
FINNIFTY02JAN2420200PE.NFO,02/01/2024,10:01:52,0.25,0.25,10880,0.3,85680,2080,159120
FINNIFTY02JAN2420200PE.NFO,02/01/2024,10:02:02,0.25,0.25,7600,0.3,85680,3280,159120
FINNIFTY02JAN2420200PE.NFO,02/01/2024,10:02:12,0.3,0.25,11160,0.3,85080,600,159120
FINNIFTY02JAN2420200PE.NFO,02/01/2024,10:02:43,0.3,0.25,11160,0.3,85000,0,159120
FINNIFTY02JAN2420200PE.NFO,02/01/2024,10:02:53,0.25,0.25,6440,0.3,85000,640,166600
FINNIFTY02JAN2420200PE.NFO,02/01/2024,10:03:03,0.25,0.25,10520,0.3,85080,0,166600
FINNIFTY02JAN2420200PE.NFO,02/01/2024,10:03:14,0.25,0.25,6080,0.3,85320,360,166600
FINNIFTY02JAN2420200PE.NFO,02/01/2024,10:03:27,0.25,0.25,5600,0.3,85080,480,166600
FINNIFTY02JAN2420200PE.NFO,02/01/2024,10:03:50,0.25,0.2,186320,0.25,16120,4440,166600
FINNIFTY02JAN2420200PE.NFO,02/01/2024,10:04:10,0.25,0.2,180480,0.25,12160,30000,166600
FINNIFTY02JAN2420200PE.NFO,02/01/2024,10:04:21,0.25,0.2,180440,0.25,12160,0,166600
FINNIFTY02JAN2420200PE.NFO,02/01/2024,10:04:31,0.25,0.2,180440,0.25,10040,320,166600
FINNIFTY02JAN2420200PE.NFO,02/01/2024,10:04:41,0.3,0.25,26040,0.3,75040,16280,166600
FINNIFTY02JAN2420200PE.NFO,02/01/2024,10:04:52,0.25,0.25,24720,0.3,84280,3040,166600
FINNIFTY02JAN2420200PE.NFO,02/01/2024,10:05:02,0.25,0.25,3840,0.3,85880,28440,166600
FINNIFTY02JAN2420200PE.NFO,02/01/2024,10:05:13,0.25,0.2,171560,0.25,17480,2520,166600
FINNIFTY02JAN2420200PE.NFO,02/01/2024,10:05:23,0.25,0.2,172000,0.25,19360,440,166600
FINNIFTY02JAN2420200PE.NFO,02/01/2024,10:05:33,0.25,0.2,172080,0.25,19080,360,166600
FINNIFTY02JAN2420200PE.NFO,02/01/2024,10:05:43,0.2,0.2,187600,0.25,45240,320,198000
FINNIFTY02JAN2420200PE.NFO,02/01/2024,10:05:53,0.25,0.2,188680,0.25,45000,240,198000
FINNIFTY02JAN2420200PE.NFO,02/01/2024,10:06:03,0.25,0.2,188680,0.25,45600,400,198000
FINNIFTY02JAN2420200PE.NFO,02/01/2024,10:06:13,0.25,0.2,188680,0.25,45560,40,198000
FINNIFTY02JAN2420200PE.NFO,02/01/2024,10:06:24,0.25,0.2,187280,0.25,46560,3160,198000
FINNIFTY02JAN2420200PE.NFO,02/01/2024,10:06:34,0.25,0.2,187280,0.25,50600,840,198000
FINNIFTY02JAN2420200PE.NFO,02/01/2024,10:06:44,0.25,0.2,188680,0.25,48680,520,198000
FINNIFTY02JAN2420200PE.NFO,02/01/2024,10:06:55,0.25,0.2,187280,0.25,49080,40,198000
FINNIFTY02JAN2420200PE.NFO,02/01/2024,10:07:26,0.2,0.2,187160,0.25,74240,120,198000
FINNIFTY02JAN2420200PE.NFO,02/01/2024,10:07:37,0.2,0.2,186760,0.25,74240,400,198000
FINNIFTY02JAN2420200PE.NFO,02/01/2024,10:07:48,0.2,0.2,186240,0.25,75680,520,198000
FINNIFTY02JAN2420200PE.NFO,02/01/2024,10:07:58,0.2,0.2,186200,0.25,80000,40,198000
FINNIFTY02JAN2420200PE.NFO,02/01/2024,10:08:08,0.25,0.2,186200,0.25,79440,560,198000
FINNIFTY02JAN2420200PE.NFO,02/01/2024,10:08:28,0.25,0.2,187600,0.25,79400,40,198000
FINNIFTY02JAN2420200PE.NFO,02/01/2024,10:08:38,0.25,0.2,186200,0.25,81080,120,198000
FINNIFTY02JAN2420200PE.NFO,02/01/2024,10:08:48,0.25,0.2,199960,0.25,80560,920,194960
FINNIFTY02JAN2420200PE.NFO,02/01/2024,10:08:58,0.25,0.2,199960,0.25,80480,320,194960
FINNIFTY02JAN2420200PE.NFO,02/01/2024,10:09:08,0.25,0.2,199960,0.25,79600,640,194960
FINNIFTY02JAN2420200PE.NFO,02/01/2024,10:09:18,0.25,0.2,199960,0.25,84280,280,194960
FINNIFTY02JAN2420200PE.NFO,02/01/2024,10:09:57,0.25,0.2,199960,0.25,90960,1520,194960
FINNIFTY02JAN2420200PE.NFO,02/01/2024,10:10:07,0.25,0.2,199960,0.25,90800,160,194960
FINNIFTY02JAN2420200PE.NFO,02/01/2024,10:10:17,0.25,0.2,199960,0.25,92520,1880,194960
FINNIFTY02JAN2420200PE.NFO,02/01/2024,10:10:26,0.25,0.2,199960,0.25,75880,440,194960
FINNIFTY02JAN2420200PE.NFO,02/01/2024,10:10:36,0.25,0.2,187200,0.25,75600,3800,194960
FINNIFTY02JAN2420200PE.NFO,02/01/2024,10:10:47,0.25,0.2,187200,0.25,75400,160,194960
FINNIFTY02JAN2420200PE.NFO,02/01/2024,10:10:56,0.25,0.2,187200,0.25,75280,120,194960
FINNIFTY02JAN2420200PE.NFO,02/01/2024,10:11:16,0.25,0.2,187200,0.25,75240,40,194960
FINNIFTY02JAN2420200PE.NFO,02/01/2024,10:11:26,0.25,0.2,187200,0.25,76720,1320,194960
FINNIFTY02JAN2420200PE.NFO,02/01/2024,10:11:36,0.25,0.2,201600,0.25,76880,19000,202040
FINNIFTY02JAN2420200PE.NFO,02/01/2024,10:11:45,0.25,0.2,201600,0.25,79320,9080,202040
FINNIFTY02JAN2420200PE.NFO,02/01/2024,10:12:03,0.25,0.2,200200,0.25,77560,5400,202040
FINNIFTY02JAN2420200PE.NFO,02/01/2024,10:12:13,0.25,0.2,200200,0.25,75760,1800,202040
FINNIFTY02JAN2420200PE.NFO,02/01/2024,10:12:22,0.25,0.2,205200,0.25,74360,0,202040
FINNIFTY02JAN2420200PE.NFO,02/01/2024,10:12:32,0.25,0.2,205200,0.25,74240,120,202040
FINNIFTY02JAN2420200PE.NFO,02/01/2024,10:12:43,0.25,0.2,205200,0.25,73920,320,202040
FINNIFTY02JAN2420200PE.NFO,02/01/2024,10:12:54,0.2,0.2,205160,0.25,72800,1160,202040
FINNIFTY02JAN2420200PE.NFO,02/01/2024,10:13:04,0.2,0.2,205160,0.25,72800,0,202040
FINNIFTY02JAN2420200PE.NFO,02/01/2024,10:13:34,0.2,0.2,204960,0.25,74200,0,202040
FINNIFTY02JAN2420200PE.NFO,02/01/2024,10:13:44,0.25,0.2,204960,0.25,70600,3600,202040
FINNIFTY02JAN2420200PE.NFO,02/01/2024,10:13:54,0.25,0.2,204960,0.25,63120,5400,202040
FINNIFTY02JAN2420200PE.NFO,02/01/2024,10:14:14,0.25,0.2,206000,0.25,63720,680,202040
FINNIFTY02JAN2420200PE.NFO,02/01/2024,10:14:24,0.2,0.2,204280,0.25,61680,2120,202040
FINNIFTY02JAN2420200PE.NFO,02/01/2024,10:14:34,0.2,0.2,205400,0.25,61680,280,202040
FINNIFTY02JAN2420200PE.NFO,02/01/2024,10:14:45,0.2,0.2,205000,0.25,61280,800,219200
FINNIFTY02JAN2420200PE.NFO,02/01/2024,10:14:54,0.2,0.2,204760,0.25,61080,440,219200
FINNIFTY02JAN2420200PE.NFO,02/01/2024,10:15:14,0.25,0.2,203360,0.25,61040,40,219200
FINNIFTY02JAN2420200PE.NFO,02/01/2024,10:15:24,0.2,0.2,203160,0.25,61040,200,219200
FINNIFTY02JAN2420200PE.NFO,02/01/2024,10:15:34,0.2,0.2,203080,0.25,61040,80,219200
FINNIFTY02JAN2420200PE.NFO,02/01/2024,10:16:13,0.25,0.2,204400,0.25,60160,960,219200
FINNIFTY02JAN2420200PE.NFO,02/01/2024,10:16:23,0.2,0.2,203440,0.25,59560,1560,219200
FINNIFTY02JAN2420200PE.NFO,02/01/2024,10:16:33,0.25,0.2,202680,0.25,57440,2880,219200
FINNIFTY02JAN2420200PE.NFO,02/01/2024,10:16:43,0.25,0.2,202680,0.25,57360,80,219200
FINNIFTY02JAN2420200PE.NFO,02/01/2024,10:16:52,0.2,0.2,202640,0.25,57360,40,219200
FINNIFTY02JAN2420200PE.NFO,02/01/2024,10:17:12,0.25,0.2,202640,0.25,40800,360,219200
FINNIFTY02JAN2420200PE.NFO,02/01/2024,10:17:22,0.25,0.2,202640,0.25,47560,440,219200
FINNIFTY02JAN2420200PE.NFO,02/01/2024,10:17:32,0.25,0.2,202360,0.25,47280,560,219200
FINNIFTY02JAN2420200PE.NFO,02/01/2024,10:17:42,0.25,0.2,202360,0.25,38720,9440,218840
FINNIFTY02JAN2420200PE.NFO,02/01/2024,10:17:51,0.2,0.2,200560,0.25,38720,400,218840
FINNIFTY02JAN2420200PE.NFO,02/01/2024,10:18:20,0.25,0.2,200560,0.25,38560,160,218840
FINNIFTY02JAN2420200PE.NFO,02/01/2024,10:18:30,0.25,0.2,200560,0.25,38440,120,218840
FINNIFTY02JAN2420200PE.NFO,02/01/2024,10:18:39,0.25,0.2,201960,0.25,40240,0,218840
FINNIFTY02JAN2420200PE.NFO,02/01/2024,10:18:58,0.25,0.2,200560,0.25,43840,0,218840
FINNIFTY02JAN2420200PE.NFO,02/01/2024,10:19:08,0.25,0.2,200560,0.25,43720,120,218840
FINNIFTY02JAN2420200PE.NFO,02/01/2024,10:19:17,0.25,0.2,200560,0.25,43480,240,218840
FINNIFTY02JAN2420200PE.NFO,02/01/2024,10:19:36,0.2,0.2,201360,0.25,44680,600,218840
FINNIFTY02JAN2420200PE.NFO,02/01/2024,10:19:45,0.2,0.2,200760,0.25,44680,600,218840
FINNIFTY02JAN2420200PE.NFO,02/01/2024,10:20:04,0.25,0.2,200760,0.25,43920,240,218840
FINNIFTY02JAN2420200PE.NFO,02/01/2024,10:20:14,0.25,0.2,199360,0.25,43520,160,218840
FINNIFTY02JAN2420200PE.NFO,02/01/2024,10:20:23,0.25,0.2,200760,0.25,43160,360,218840
FINNIFTY02JAN2420200PE.NFO,02/01/2024,10:20:33,0.25,0.2,200760,0.25,41080,2080,218840
FINNIFTY02JAN2420200PE.NFO,02/01/2024,10:20:43,0.25,0.2,200760,0.25,46400,80,229360
FINNIFTY02JAN2420200PE.NFO,02/01/2024,10:20:53,0.25,0.2,200760,0.25,47080,240,229360
FINNIFTY02JAN2420200PE.NFO,02/01/2024,10:21:03,0.25,0.2,200760,0.25,42400,80,229360
FINNIFTY02JAN2420200PE.NFO,02/01/2024,10:21:12,0.25,0.2,200760,0.25,42360,40,229360
FINNIFTY02JAN2420200PE.NFO,02/01/2024,10:21:32,0.25,0.2,200760,0.25,42280,80,229360
FINNIFTY02JAN2420200PE.NFO,02/01/2024,10:21:42,0.25,0.2,199200,0.25,43280,560,229360
FINNIFTY02JAN2420200PE.NFO,02/01/2024,10:21:52,0.2,0.2,200320,0.25,41880,280,229360
FINNIFTY02JAN2420200PE.NFO,02/01/2024,10:22:01,0.25,0.2,198920,0.25,41280,600,229360
FINNIFTY02JAN2420200PE.NFO,02/01/2024,10:22:11,0.25,0.2,198920,0.25,40880,400,229360
FINNIFTY02JAN2420200PE.NFO,02/01/2024,10:22:21,0.25,0.2,202120,0.25,40880,0,229360
FINNIFTY02JAN2420200PE.NFO,02/01/2024,10:22:41,0.25,0.2,202120,0.25,40480,400,229360
FINNIFTY02JAN2420200PE.NFO,02/01/2024,10:23:11,0.25,0.2,202120,0.25,42280,0,229360
FINNIFTY02JAN2420200PE.NFO,02/01/2024,10:23:21,0.25,0.2,200720,0.25,42240,40,229360
FINNIFTY02JAN2420200PE.NFO,02/01/2024,10:23:31,0.25,0.2,200320,0.25,42040,600,229360
FINNIFTY02JAN2420200PE.NFO,02/01/2024,10:23:41,0.25,0.2,200320,0.25,41920,120,229360
FINNIFTY02JAN2420200PE.NFO,02/01/2024,10:24:02,0.2,0.2,200280,0.25,41920,1440,231560
FINNIFTY02JAN2420200PE.NFO,02/01/2024,10:24:12,0.25,0.2,198880,0.25,51120,40,231560
FINNIFTY02JAN2420200PE.NFO,02/01/2024,10:24:22,0.25,0.2,198880,0.25,56240,40,231560
FINNIFTY02JAN2420200PE.NFO,02/01/2024,10:24:32,0.25,0.2,198880,0.25,65240,0,231560
FINNIFTY02JAN2420200PE.NFO,02/01/2024,10:24:42,0.25,0.2,198880,0.25,67040,0,231560
FINNIFTY02JAN2420200PE.NFO,02/01/2024,10:24:52,0.25,0.2,198880,0.25,68840,0,231560
FINNIFTY02JAN2420200PE.NFO,02/01/2024,10:25:15,0.25,0.2,198880,0.25,67000,1840,231560
FINNIFTY02JAN2420200PE.NFO,02/01/2024,10:25:26,0.25,0.2,198880,0.25,68360,40,231560
FINNIFTY02JAN2420200PE.NFO,02/01/2024,10:25:57,0.25,0.2,200280,0.25,66520,680,231560
FINNIFTY02JAN2420200PE.NFO,02/01/2024,10:26:07,0.25,0.2,198880,0.25,65640,640,231560
FINNIFTY02JAN2420200PE.NFO,02/01/2024,10:26:19,0.25,0.2,198880,0.25,65600,40,231560
FINNIFTY02JAN2420200PE.NFO,02/01/2024,10:26:31,0.25,0.2,198880,0.25,65240,360,231560
FINNIFTY02JAN2420200PE.NFO,02/01/2024,10:26:42,0.25,0.2,200280,0.25,62040,3200,237960
FINNIFTY02JAN2420200PE.NFO,02/01/2024,10:26:54,0.25,0.2,198880,0.25,61800,240,237960
FINNIFTY02JAN2420200PE.NFO,02/01/2024,10:27:05,0.2,0.2,198200,0.25,61400,680,237960
FINNIFTY02JAN2420200PE.NFO,02/01/2024,10:27:16,0.2,0.2,196960,0.25,61400,1240,237960
FINNIFTY02JAN2420200PE.NFO,02/01/2024,10:27:37,0.25,0.2,196960,0.25,58720,2680,237960
FINNIFTY02JAN2420200PE.NFO,02/01/2024,10:28:08,0.25,0.2,196960,0.25,58640,80,237960
FINNIFTY02JAN2420200PE.NFO,02/01/2024,10:28:48,0.25,0.2,196960,0.25,58560,80,237960
FINNIFTY02JAN2420200PE.NFO,02/01/2024,10:29:28,0.25,0.2,198360,0.25,56880,280,237960
FINNIFTY02JAN2420200PE.NFO,02/01/2024,10:29:59,0.2,0.2,196560,0.25,60480,400,241360
FINNIFTY02JAN2420200PE.NFO,02/01/2024,10:30:11,0.25,0.2,196560,0.25,58400,2080,241360
FINNIFTY02JAN2420200PE.NFO,02/01/2024,10:30:22,0.25,0.2,196560,0.25,58280,360,241360
FINNIFTY02JAN2420200PE.NFO,02/01/2024,10:30:34,0.25,0.2,197960,0.25,57880,400,241360
FINNIFTY02JAN2420200PE.NFO,02/01/2024,10:30:44,0.25,0.2,197960,0.25,57600,40,241360
FINNIFTY02JAN2420200PE.NFO,02/01/2024,10:30:54,0.25,0.2,197960,0.25,57400,440,241360
FINNIFTY02JAN2420200PE.NFO,02/01/2024,10:31:04,0.25,0.2,197960,0.25,57400,0,241360
FINNIFTY02JAN2420200PE.NFO,02/01/2024,10:31:14,0.25,0.2,197960,0.25,57120,40,241360
FINNIFTY02JAN2420200PE.NFO,02/01/2024,10:31:33,0.25,0.2,197960,0.25,56720,400,241360
FINNIFTY02JAN2420200PE.NFO,02/01/2024,10:31:44,0.25,0.2,197960,0.25,56680,280,241360
FINNIFTY02JAN2420200PE.NFO,02/01/2024,10:31:55,0.25,0.2,197960,0.25,56000,440,241360
FINNIFTY02JAN2420200PE.NFO,02/01/2024,10:32:05,0.25,0.2,196160,0.25,57800,440,241360
FINNIFTY02JAN2420200PE.NFO,02/01/2024,10:32:16,0.2,0.2,191160,0.25,57800,3600,241360
FINNIFTY02JAN2420200PE.NFO,02/01/2024,10:32:26,0.2,0.2,189360,0.25,59360,1800,241360
FINNIFTY02JAN2420200PE.NFO,02/01/2024,10:32:56,0.2,0.2,190760,0.25,61160,0,241360
FINNIFTY02JAN2420200PE.NFO,02/01/2024,10:33:25,0.2,0.2,190840,0.25,66560,0,241360
FINNIFTY02JAN2420200PE.NFO,02/01/2024,10:33:44,0.2,0.2,192240,0.25,65320,0,241360
FINNIFTY02JAN2420200PE.NFO,02/01/2024,10:33:55,0.25,0.2,190840,0.25,65120,200,240280
FINNIFTY02JAN2420200PE.NFO,02/01/2024,10:34:24,0.25,0.2,182200,0.25,65120,0,240280
FINNIFTY02JAN2420200PE.NFO,02/01/2024,10:35:03,0.25,0.2,182200,0.25,65000,120,240280
FINNIFTY02JAN2420200PE.NFO,02/01/2024,10:35:33,0.2,0.2,182160,0.25,65000,40,240280
FINNIFTY02JAN2420200PE.NFO,02/01/2024,10:35:53,0.25,0.2,182160,0.25,64960,40,240280
FINNIFTY02JAN2420200PE.NFO,02/01/2024,10:36:03,0.25,0.2,176760,0.25,63960,1000,240280
FINNIFTY02JAN2420200PE.NFO,02/01/2024,10:36:13,0.25,0.2,167760,0.25,63960,0,240280
FINNIFTY02JAN2420200PE.NFO,02/01/2024,10:36:38,0.2,0.2,167720,0.25,63560,1840,240280
FINNIFTY02JAN2420200PE.NFO,02/01/2024,10:36:50,0.25,0.2,165720,0.25,61560,2040,240280
FINNIFTY02JAN2420200PE.NFO,02/01/2024,10:37:01,0.2,0.2,165680,0.25,61560,40,240280
FINNIFTY02JAN2420200PE.NFO,02/01/2024,10:37:13,0.2,0.2,164280,0.25,61600,0,240280
FINNIFTY02JAN2420200PE.NFO,02/01/2024,10:37:25,0.2,0.2,163000,0.25,61600,1280,240280
FINNIFTY02JAN2420200PE.NFO,02/01/2024,10:37:36,0.25,0.2,162960,0.25,61320,1520,240280
FINNIFTY02JAN2420200PE.NFO,02/01/2024,10:37:47,0.25,0.2,162960,0.25,60800,600,240280
FINNIFTY02JAN2420200PE.NFO,02/01/2024,10:37:57,0.25,0.2,162960,0.25,60880,0,240280
FINNIFTY02JAN2420200PE.NFO,02/01/2024,10:38:27,0.2,0.2,162920,0.25,60400,520,240280
FINNIFTY02JAN2420200PE.NFO,02/01/2024,10:38:37,0.2,0.2,162640,0.25,60520,280,240280
FINNIFTY02JAN2420200PE.NFO,02/01/2024,10:38:47,0.2,0.2,162440,0.25,60640,400,243760
FINNIFTY02JAN2420200PE.NFO,02/01/2024,10:38:58,0.2,0.2,163760,0.25,60760,80,243760
FINNIFTY02JAN2420200PE.NFO,02/01/2024,10:39:22,0.25,0.2,162360,0.25,55760,5000,243760
FINNIFTY02JAN2420200PE.NFO,02/01/2024,10:40:38,0.25,0.2,162360,0.25,55840,0,243760
FINNIFTY02JAN2420200PE.NFO,02/01/2024,10:40:59,0.25,0.2,162360,0.25,55760,80,243760
FINNIFTY02JAN2420200PE.NFO,02/01/2024,10:41:21,0.25,0.2,162360,0.25,55720,40,243760
FINNIFTY02JAN2420200PE.NFO,02/01/2024,10:41:41,0.25,0.2,163760,0.25,55680,40,243760
FINNIFTY02JAN2420200PE.NFO,02/01/2024,10:41:52,0.2,0.2,163480,0.25,55760,280,239800
FINNIFTY02JAN2420200PE.NFO,02/01/2024,10:42:03,0.2,0.2,161800,0.25,56040,280,239800
FINNIFTY02JAN2420200PE.NFO,02/01/2024,10:42:14,0.2,0.2,161560,0.25,57840,240,239800
FINNIFTY02JAN2420200PE.NFO,02/01/2024,10:42:24,0.2,0.2,161560,0.25,57880,0,239800
FINNIFTY02JAN2420200PE.NFO,02/01/2024,10:42:35,0.2,0.2,161480,0.25,57880,80,239800
FINNIFTY02JAN2420200PE.NFO,02/01/2024,10:42:45,0.2,0.2,161320,0.25,58000,160,239800
FINNIFTY02JAN2420200PE.NFO,02/01/2024,10:42:56,0.2,0.2,161080,0.25,58000,240,239800
FINNIFTY02JAN2420200PE.NFO,02/01/2024,10:43:07,0.2,0.2,160200,0.25,56720,2480,239800
FINNIFTY02JAN2420200PE.NFO,02/01/2024,10:43:17,0.2,0.2,160000,0.25,59120,200,239800
FINNIFTY02JAN2420200PE.NFO,02/01/2024,10:43:28,0.2,0.2,159840,0.25,59000,440,239800
FINNIFTY02JAN2420200PE.NFO,02/01/2024,10:43:39,0.2,0.2,159800,0.25,59000,40,239800
FINNIFTY02JAN2420200PE.NFO,02/01/2024,10:43:49,0.2,0.2,159640,0.25,59160,160,239800
FINNIFTY02JAN2420200PE.NFO,02/01/2024,10:43:59,0.25,0.2,158120,0.25,58960,680,239800
FINNIFTY02JAN2420200PE.NFO,02/01/2024,10:44:09,0.2,0.2,157880,0.25,59560,1040,239800
FINNIFTY02JAN2420200PE.NFO,02/01/2024,10:44:20,0.2,0.2,157680,0.25,59720,440,239800
FINNIFTY02JAN2420200PE.NFO,02/01/2024,10:44:30,0.2,0.2,158840,0.25,58000,760,239800
FINNIFTY02JAN2420200PE.NFO,02/01/2024,10:44:40,0.2,0.2,156120,0.25,58000,1560,237400
FINNIFTY02JAN2420200PE.NFO,02/01/2024,10:44:51,0.2,0.2,152200,0.25,52000,320,237400
FINNIFTY02JAN2420200PE.NFO,02/01/2024,10:45:01,0.2,0.2,153360,0.25,52000,240,237400
FINNIFTY02JAN2420200PE.NFO,02/01/2024,10:45:12,0.2,0.2,151640,0.25,52000,320,237400
FINNIFTY02JAN2420200PE.NFO,02/01/2024,10:45:22,0.2,0.2,151480,0.25,53000,160,237400
FINNIFTY02JAN2420200PE.NFO,02/01/2024,10:45:32,0.2,0.2,151320,0.25,53000,160,237400
FINNIFTY02JAN2420200PE.NFO,02/01/2024,10:45:42,0.2,0.2,151080,0.25,60480,240,237400
FINNIFTY02JAN2420200PE.NFO,02/01/2024,10:45:52,0.2,0.2,151000,0.25,60440,120,237400
FINNIFTY02JAN2420200PE.NFO,02/01/2024,10:46:02,0.2,0.2,150920,0.25,60640,80,237400
FINNIFTY02JAN2420200PE.NFO,02/01/2024,10:46:12,0.2,0.2,150800,0.25,60840,120,237400
FINNIFTY02JAN2420200PE.NFO,02/01/2024,10:46:22,0.2,0.2,150760,0.25,60840,40,237400
FINNIFTY02JAN2420200PE.NFO,02/01/2024,10:46:31,0.25,0.2,150720,0.25,60760,120,237400
FINNIFTY02JAN2420200PE.NFO,02/01/2024,10:46:41,0.2,0.2,130800,0.25,78120,20600,237400
FINNIFTY02JAN2420200PE.NFO,02/01/2024,10:46:51,0.2,0.2,120160,0.25,84880,10760,237400
FINNIFTY02JAN2420200PE.NFO,02/01/2024,10:47:02,0.2,0.2,121400,0.25,88680,2960,237400
FINNIFTY02JAN2420200PE.NFO,02/01/2024,10:47:12,0.2,0.2,116920,0.25,99080,2680,237400
FINNIFTY02JAN2420200PE.NFO,02/01/2024,10:47:22,0.2,0.2,119520,0.25,99080,600,237400
FINNIFTY02JAN2420200PE.NFO,02/01/2024,10:47:32,0.25,0.2,128520,0.25,98680,400,237400
FINNIFTY02JAN2420200PE.NFO,02/01/2024,10:47:53,0.25,0.2,127120,0.25,99680,0,237400
FINNIFTY02JAN2420200PE.NFO,02/01/2024,10:48:13,0.25,0.2,127120,0.25,110080,0,237400
FINNIFTY02JAN2420200PE.NFO,02/01/2024,10:48:53,0.2,0.2,126880,0.25,110080,240,240480
FINNIFTY02JAN2420200PE.NFO,02/01/2024,10:49:14,0.2,0.2,126480,0.25,107960,1120,240480
FINNIFTY02JAN2420200PE.NFO,02/01/2024,10:49:24,0.2,0.2,125840,0.25,107960,240,240480
FINNIFTY02JAN2420200PE.NFO,02/01/2024,10:49:35,0.2,0.2,125960,0.25,107960,280,240480
FINNIFTY02JAN2420200PE.NFO,02/01/2024,10:49:45,0.2,0.2,124000,0.25,107960,160,240480
FINNIFTY02JAN2420200PE.NFO,02/01/2024,10:50:05,0.2,0.2,125760,0.25,107960,40,240480
FINNIFTY02JAN2420200PE.NFO,02/01/2024,10:50:48,0.25,0.2,127160,0.25,107920,40,239800
FINNIFTY02JAN2420200PE.NFO,02/01/2024,10:51:17,0.2,0.2,123520,0.25,107840,520,239800
FINNIFTY02JAN2420200PE.NFO,02/01/2024,10:51:27,0.2,0.2,112520,0.25,107840,200,239800
FINNIFTY02JAN2420200PE.NFO,02/01/2024,10:51:37,0.25,0.2,109280,0.25,107760,2520,239800
FINNIFTY02JAN2420200PE.NFO,02/01/2024,10:51:47,0.25,0.2,108680,0.25,107720,240,239800
FINNIFTY02JAN2420200PE.NFO,02/01/2024,10:51:57,0.2,0.2,110040,0.25,100520,440,239800
FINNIFTY02JAN2420200PE.NFO,02/01/2024,10:52:36,0.2,0.2,108240,0.25,100520,1800,239800
FINNIFTY02JAN2420200PE.NFO,02/01/2024,10:52:46,0.2,0.2,103320,0.25,96920,1800,239800
FINNIFTY02JAN2420200PE.NFO,02/01/2024,10:52:55,0.25,0.2,105040,0.25,96840,80,239800
FINNIFTY02JAN2420200PE.NFO,02/01/2024,10:53:05,0.25,0.2,105040,0.25,96840,0,239800
FINNIFTY02JAN2420200PE.NFO,02/01/2024,10:53:15,0.25,0.2,104640,0.25,96760,80,239800
FINNIFTY02JAN2420200PE.NFO,02/01/2024,10:53:53,0.25,0.2,106440,0.25,96760,0,239800
FINNIFTY02JAN2420200PE.NFO,02/01/2024,10:54:31,0.25,0.2,104560,0.25,96520,720,241480
FINNIFTY02JAN2420200PE.NFO,02/01/2024,10:54:40,0.25,0.2,104560,0.25,96280,240,241480
FINNIFTY02JAN2420200PE.NFO,02/01/2024,10:55:08,0.25,0.2,104560,0.25,96080,200,241480
FINNIFTY02JAN2420200PE.NFO,02/01/2024,10:55:37,0.2,0.2,104160,0.25,96080,400,241480
FINNIFTY02JAN2420200PE.NFO,02/01/2024,10:55:46,0.2,0.2,103360,0.25,96080,800,241480
FINNIFTY02JAN2420200PE.NFO,02/01/2024,10:55:55,0.25,0.2,103360,0.25,95840,240,241480
FINNIFTY02JAN2420200PE.NFO,02/01/2024,10:56:05,0.25,0.2,103360,0.25,95880,0,241480
FINNIFTY02JAN2420200PE.NFO,02/01/2024,10:56:23,0.25,0.2,103000,0.25,95680,560,241480
FINNIFTY02JAN2420200PE.NFO,02/01/2024,10:56:33,0.25,0.2,103000,0.25,95440,240,241480
FINNIFTY02JAN2420200PE.NFO,02/01/2024,10:56:42,0.25,0.2,104400,0.25,97240,0,241480
FINNIFTY02JAN2420200PE.NFO,02/01/2024,10:56:52,0.2,0.2,103320,0.25,97200,1120,241360
FINNIFTY02JAN2420200PE.NFO,02/01/2024,10:57:02,0.25,0.2,103320,0.25,97160,40,241360
FINNIFTY02JAN2420200PE.NFO,02/01/2024,10:57:22,0.2,0.2,100800,0.25,98560,1120,241360
FINNIFTY02JAN2420200PE.NFO,02/01/2024,10:57:51,0.2,0.2,100680,0.25,98480,600,241360
FINNIFTY02JAN2420200PE.NFO,02/01/2024,10:58:01,0.2,0.2,89040,0.25,97720,2880,241360
FINNIFTY02JAN2420200PE.NFO,02/01/2024,10:58:11,0.2,0.2,87120,0.25,94120,2160,241360
FINNIFTY02JAN2420200PE.NFO,02/01/2024,10:58:20,0.25,0.2,85640,0.25,97920,1680,241360
FINNIFTY02JAN2420200PE.NFO,02/01/2024,10:58:39,0.2,0.2,85560,0.25,97680,80,241360
FINNIFTY02JAN2420200PE.NFO,02/01/2024,10:58:48,0.2,0.2,85520,0.25,97680,40,241360
FINNIFTY02JAN2420200PE.NFO,02/01/2024,11:00:26,0.2,0.2,85520,0.25,97680,0,241360
FINNIFTY02JAN2420200PE.NFO,02/01/2024,11:00:36,0.2,0.2,83520,0.25,97920,0,241360
FINNIFTY02JAN2420200PE.NFO,02/01/2024,11:00:45,0.2,0.2,64480,0.25,52680,6880,242080
FINNIFTY02JAN2420200PE.NFO,02/01/2024,11:00:55,0.2,0.2,78880,0.25,106880,0,242080
FINNIFTY02JAN2420200PE.NFO,02/01/2024,11:01:04,0.2,0.2,78880,0.25,70680,0,242080
FINNIFTY02JAN2420200PE.NFO,02/01/2024,11:01:14,0.2,0.2,78880,0.25,108680,0,242080
FINNIFTY02JAN2420200PE.NFO,02/01/2024,11:01:23,0.2,0.2,64480,0.25,72480,0,242080
FINNIFTY02JAN2420200PE.NFO,02/01/2024,11:01:33,0.2,0.2,62280,0.25,72480,0,242080
FINNIFTY02JAN2420200PE.NFO,02/01/2024,11:01:43,0.2,0.2,64080,0.25,72480,0,242080
FINNIFTY02JAN2420200PE.NFO,02/01/2024,11:01:52,0.2,0.2,78480,0.25,110600,0,242080
FINNIFTY02JAN2420200PE.NFO,02/01/2024,11:02:11,0.2,0.2,62680,0.25,110280,0,242080
FINNIFTY02JAN2420200PE.NFO,02/01/2024,11:02:21,0.2,0.2,64480,0.25,73880,0,242080
FINNIFTY02JAN2420200PE.NFO,02/01/2024,11:02:31,0.2,0.2,59040,0.25,111960,40,242080
FINNIFTY02JAN2420200PE.NFO,02/01/2024,11:02:40,0.2,0.2,78840,0.25,73840,0,242080
FINNIFTY02JAN2420200PE.NFO,02/01/2024,11:02:58,0.2,0.2,64440,0.25,73840,0,242080
FINNIFTY02JAN2420200PE.NFO,02/01/2024,11:03:08,0.2,0.2,64400,0.25,73800,40,242080
FINNIFTY02JAN2420200PE.NFO,02/01/2024,11:03:17,0.2,0.2,62600,0.25,73800,0,242080
FINNIFTY02JAN2420200PE.NFO,02/01/2024,11:03:27,0.25,0.2,76840,0.25,111520,560,242080
FINNIFTY02JAN2420200PE.NFO,02/01/2024,11:03:36,0.25,0.2,76840,0.25,111520,0,242080
FINNIFTY02JAN2420200PE.NFO,02/01/2024,11:03:45,0.25,0.2,59080,0.25,111520,0,242080
FINNIFTY02JAN2420200PE.NFO,02/01/2024,11:03:54,0.2,0.2,52440,0.25,79800,41960,242080
FINNIFTY02JAN2420200PE.NFO,02/01/2024,11:04:03,0.2,0.2,52440,0.25,79760,0,242080
FINNIFTY02JAN2420200PE.NFO,02/01/2024,11:04:12,0.25,0.2,52520,0.25,79720,3640,242080
FINNIFTY02JAN2420200PE.NFO,02/01/2024,11:04:31,0.25,0.2,52520,0.25,79720,0,242080
FINNIFTY02JAN2420200PE.NFO,02/01/2024,11:04:59,0.25,0.2,52680,0.25,78200,120,242080
FINNIFTY02JAN2420200PE.NFO,02/01/2024,11:06:33,0.25,0.2,52680,0.25,78200,0,242080
FINNIFTY02JAN2420200PE.NFO,02/01/2024,11:07:02,0.25,0.2,52520,0.25,78040,160,212680
FINNIFTY02JAN2420200PE.NFO,02/01/2024,11:08:44,0.2,0.2,52480,0.25,79040,40,212680
FINNIFTY02JAN2420200PE.NFO,02/01/2024,11:08:53,0.25,0.2,52400,0.25,76240,2800,212640
FINNIFTY02JAN2420200PE.NFO,02/01/2024,11:09:03,0.25,0.2,52400,0.25,74040,2200,212640
FINNIFTY02JAN2420200PE.NFO,02/01/2024,11:09:12,0.25,0.2,52400,0.25,74040,0,212640
FINNIFTY02JAN2420200PE.NFO,02/01/2024,11:09:21,0.25,0.2,52400,0.25,74080,0,212640
FINNIFTY02JAN2420200PE.NFO,02/01/2024,11:09:30,0.25,0.2,52400,0.25,74480,0,212640
FINNIFTY02JAN2420200PE.NFO,02/01/2024,11:09:39,0.25,0.2,52400,0.25,74040,0,212640
FINNIFTY02JAN2420200PE.NFO,02/01/2024,11:09:49,0.25,0.2,53800,0.25,59640,40,212640
FINNIFTY02JAN2420200PE.NFO,02/01/2024,11:09:58,0.25,0.2,43320,0.25,48640,0,212640
FINNIFTY02JAN2420200PE.NFO,02/01/2024,11:10:26,0.2,0.2,43560,0.25,48640,720,212640
FINNIFTY02JAN2420200PE.NFO,02/01/2024,11:10:35,0.2,0.2,62160,0.25,48640,80,212640
FINNIFTY02JAN2420200PE.NFO,02/01/2024,11:10:53,0.2,0.2,53480,0.25,41400,0,212640
FINNIFTY02JAN2420200PE.NFO,02/01/2024,11:11:03,0.2,0.2,57080,0.25,52240,0,212640
FINNIFTY02JAN2420200PE.NFO,02/01/2024,11:11:12,0.2,0.2,57000,0.25,55840,80,212640
FINNIFTY02JAN2420200PE.NFO,02/01/2024,11:11:21,0.2,0.2,53400,0.25,48600,0,212640
FINNIFTY02JAN2420200PE.NFO,02/01/2024,11:11:31,0.2,0.2,57000,0.25,52240,0,212640
FINNIFTY02JAN2420200PE.NFO,02/01/2024,11:11:57,0.2,0.2,62000,0.25,52240,0,212640
FINNIFTY02JAN2420200PE.NFO,02/01/2024,11:12:07,0.25,0.2,54800,0.25,40680,760,212360
FINNIFTY02JAN2420200PE.NFO,02/01/2024,11:12:16,0.25,0.2,54800,0.25,47480,400,212360
FINNIFTY02JAN2420200PE.NFO,02/01/2024,11:12:25,0.25,0.2,62000,0.25,54680,0,212360
FINNIFTY02JAN2420200PE.NFO,02/01/2024,11:12:43,0.25,0.2,54800,0.25,47480,0,212360
FINNIFTY02JAN2420200PE.NFO,02/01/2024,11:12:52,0.25,0.2,62000,0.25,68520,200,212360
FINNIFTY02JAN2420200PE.NFO,02/01/2024,11:13:01,0.25,0.2,54800,0.25,63920,280,212360
FINNIFTY02JAN2420200PE.NFO,02/01/2024,11:13:11,0.25,0.2,58280,0.25,67320,320,212360
FINNIFTY02JAN2420200PE.NFO,02/01/2024,11:13:20,0.25,0.2,63160,0.25,70720,200,212360
FINNIFTY02JAN2420200PE.NFO,02/01/2024,11:13:30,0.25,0.2,54680,0.25,50920,0,212360
FINNIFTY02JAN2420200PE.NFO,02/01/2024,11:13:41,0.25,0.2,44680,0.25,50920,0,212360
FINNIFTY02JAN2420200PE.NFO,02/01/2024,11:14:00,0.25,0.2,48280,0.25,58120,0,212360
FINNIFTY02JAN2420200PE.NFO,02/01/2024,11:14:19,0.25,0.2,51880,0.25,57840,280,212360
FINNIFTY02JAN2420200PE.NFO,02/01/2024,11:14:29,0.25,0.2,70960,0.25,57840,0,212360
FINNIFTY02JAN2420200PE.NFO,02/01/2024,11:15:07,0.25,0.2,62680,0.25,57760,80,209920
FINNIFTY02JAN2420200PE.NFO,02/01/2024,11:15:17,0.25,0.2,66320,0.25,57320,440,209920
FINNIFTY02JAN2420200PE.NFO,02/01/2024,11:15:27,0.25,0.2,69920,0.25,57120,200,209920
FINNIFTY02JAN2420200PE.NFO,02/01/2024,11:15:37,0.2,0.2,107280,0.25,60400,360,209920
FINNIFTY02JAN2420200PE.NFO,02/01/2024,11:15:48,0.2,0.2,108440,0.25,27640,60440,209920
FINNIFTY02JAN2420200PE.NFO,02/01/2024,11:15:58,0.25,0.2,109400,0.25,14800,13800,209920
FINNIFTY02JAN2420200PE.NFO,02/01/2024,11:16:08,0.25,0.2,122000,0.25,12360,15320,209920
FINNIFTY02JAN2420200PE.NFO,02/01/2024,11:16:18,0.25,0.25,82360,0.3,119160,8640,209920
FINNIFTY02JAN2420200PE.NFO,02/01/2024,11:16:27,0.25,0.25,82760,0.3,119160,400,209920
FINNIFTY02JAN2420200PE.NFO,02/01/2024,11:16:37,0.25,0.25,78360,0.3,122520,0,209920
FINNIFTY02JAN2420200PE.NFO,02/01/2024,11:16:46,0.25,0.25,58560,0.3,122520,0,209920
FINNIFTY02JAN2420200PE.NFO,02/01/2024,11:16:56,0.25,0.25,55880,0.3,118240,8200,209920
FINNIFTY02JAN2420200PE.NFO,02/01/2024,11:17:05,0.25,0.25,59240,0.3,119880,800,209920
FINNIFTY02JAN2420200PE.NFO,02/01/2024,11:17:15,0.25,0.25,16240,0.3,99520,70000,209920
FINNIFTY02JAN2420200PE.NFO,02/01/2024,11:17:24,0.25,0.25,34240,0.3,90480,1800,209920
FINNIFTY02JAN2420200PE.NFO,02/01/2024,11:17:34,0.25,0.25,14440,0.3,90440,1800,209920
FINNIFTY02JAN2420200PE.NFO,02/01/2024,11:17:53,0.25,0.25,10880,0.3,90440,1800,189760
FINNIFTY02JAN2420200PE.NFO,02/01/2024,11:18:02,0.25,0.25,32760,0.3,90440,0,189760
FINNIFTY02JAN2420200PE.NFO,02/01/2024,11:18:11,0.3,0.25,32760,0.3,90360,80,189760
FINNIFTY02JAN2420200PE.NFO,02/01/2024,11:18:21,0.3,0.25,32760,0.3,85400,4960,189760
FINNIFTY02JAN2420200PE.NFO,02/01/2024,11:18:30,0.25,0.25,31560,0.3,85000,1600,189760
FINNIFTY02JAN2420200PE.NFO,02/01/2024,11:18:39,0.25,0.25,31360,0.3,85000,200,189760
FINNIFTY02JAN2420200PE.NFO,02/01/2024,11:18:49,0.25,0.25,31040,0.3,85000,320,189760
FINNIFTY02JAN2420200PE.NFO,02/01/2024,11:19:07,0.25,0.25,31960,0.3,85000,280,189760
FINNIFTY02JAN2420200PE.NFO,02/01/2024,11:19:16,0.25,0.25,31920,0.3,85000,0,189760
FINNIFTY02JAN2420200PE.NFO,02/01/2024,11:19:25,0.25,0.25,31920,0.3,85400,0,189760
FINNIFTY02JAN2420200PE.NFO,02/01/2024,11:19:43,0.25,0.25,34320,0.3,85400,0,189760
FINNIFTY02JAN2420200PE.NFO,02/01/2024,11:19:52,0.25,0.25,35120,0.3,85400,0,189760
FINNIFTY02JAN2420200PE.NFO,02/01/2024,11:20:01,0.25,0.25,33880,0.3,85400,1240,189760
FINNIFTY02JAN2420200PE.NFO,02/01/2024,11:20:10,0.25,0.25,32080,0.3,85400,1800,189760
FINNIFTY02JAN2420200PE.NFO,02/01/2024,11:20:56,0.3,0.25,40280,0.3,83400,2000,200400
FINNIFTY02JAN2420200PE.NFO,02/01/2024,11:21:15,0.3,0.25,40280,0.3,83400,0,200400
FINNIFTY02JAN2420200PE.NFO,02/01/2024,11:21:24,0.3,0.25,40280,0.3,83360,40,200400
FINNIFTY02JAN2420200PE.NFO,02/01/2024,11:22:01,0.3,0.25,40280,0.3,82040,0,200400
FINNIFTY02JAN2420200PE.NFO,02/01/2024,11:22:11,0.25,0.25,40200,0.3,81960,80,200400
FINNIFTY02JAN2420200PE.NFO,02/01/2024,11:22:30,0.25,0.25,38440,0.3,81720,800,200400
FINNIFTY02JAN2420200PE.NFO,02/01/2024,11:22:40,0.25,0.25,37720,0.3,81720,720,200400
FINNIFTY02JAN2420200PE.NFO,02/01/2024,11:22:50,0.25,0.25,37520,0.3,81720,200,200400
FINNIFTY02JAN2420200PE.NFO,02/01/2024,11:22:59,0.25,0.25,37240,0.3,83120,280,200400
FINNIFTY02JAN2420200PE.NFO,02/01/2024,11:23:18,0.25,0.25,39040,0.3,81720,0,200400
FINNIFTY02JAN2420200PE.NFO,02/01/2024,11:24:13,0.25,0.25,38760,0.3,81720,280,204200
FINNIFTY02JAN2420200PE.NFO,02/01/2024,11:24:22,0.25,0.25,41760,0.3,81720,0,204200
FINNIFTY02JAN2420200PE.NFO,02/01/2024,11:24:58,0.25,0.25,41560,0.3,81720,200,204200
FINNIFTY02JAN2420200PE.NFO,02/01/2024,11:25:08,0.25,0.25,41560,0.3,81720,0,204200
FINNIFTY02JAN2420200PE.NFO,02/01/2024,11:25:26,0.25,0.25,41360,0.3,81720,200,204200
FINNIFTY02JAN2420200PE.NFO,02/01/2024,11:25:45,0.25,0.25,41160,0.3,81720,200,204200
FINNIFTY02JAN2420200PE.NFO,02/01/2024,11:26:13,0.25,0.25,40560,0.3,81720,600,204200
FINNIFTY02JAN2420200PE.NFO,02/01/2024,11:26:22,0.3,0.25,44000,0.3,81680,280,204200
FINNIFTY02JAN2420200PE.NFO,02/01/2024,11:26:31,0.3,0.25,44000,0.3,82840,0,204200
FINNIFTY02JAN2420200PE.NFO,02/01/2024,11:26:41,0.25,0.25,43760,0.3,82840,240,204200
FINNIFTY02JAN2420200PE.NFO,02/01/2024,11:27:36,0.25,0.25,43560,0.3,82840,200,206200
FINNIFTY02JAN2420200PE.NFO,02/01/2024,11:27:45,0.25,0.25,43240,0.3,84240,320,206200
FINNIFTY02JAN2420200PE.NFO,02/01/2024,11:28:13,0.25,0.25,43200,0.3,84240,40,206200
FINNIFTY02JAN2420200PE.NFO,02/01/2024,11:28:22,0.25,0.25,42800,0.3,82960,1680,206200
FINNIFTY02JAN2420200PE.NFO,02/01/2024,11:28:31,0.25,0.25,42640,0.3,82960,160,206200
FINNIFTY02JAN2420200PE.NFO,02/01/2024,11:28:40,0.25,0.25,42640,0.3,82960,40,206200
FINNIFTY02JAN2420200PE.NFO,02/01/2024,11:28:49,0.25,0.25,42600,0.3,83200,40,206200
FINNIFTY02JAN2420200PE.NFO,02/01/2024,11:29:07,0.25,0.25,42520,0.3,82960,80,206200
FINNIFTY02JAN2420200PE.NFO,02/01/2024,11:29:16,0.3,0.25,44120,0.3,82880,120,206200
FINNIFTY02JAN2420200PE.NFO,02/01/2024,11:30:02,0.3,0.25,44120,0.3,82880,0,206200
FINNIFTY02JAN2420200PE.NFO,02/01/2024,11:30:11,0.3,0.25,44120,0.3,81920,1000,208320
FINNIFTY02JAN2420200PE.NFO,02/01/2024,11:30:20,0.3,0.25,44120,0.3,81920,0,208320
FINNIFTY02JAN2420200PE.NFO,02/01/2024,11:30:47,0.25,0.25,42320,0.3,81920,1800,208320
FINNIFTY02JAN2420200PE.NFO,02/01/2024,11:31:05,0.25,0.25,42240,0.3,81920,80,208320
FINNIFTY02JAN2420200PE.NFO,02/01/2024,11:31:40,0.25,0.25,32720,0.3,81920,200,208320
FINNIFTY02JAN2420200PE.NFO,02/01/2024,11:31:59,0.25,0.25,32240,0.3,81920,480,208320
FINNIFTY02JAN2420200PE.NFO,02/01/2024,11:32:08,0.25,0.25,32040,0.3,81920,200,208320
FINNIFTY02JAN2420200PE.NFO,02/01/2024,11:32:18,0.25,0.25,31960,0.3,81920,80,208320
FINNIFTY02JAN2420200PE.NFO,02/01/2024,11:32:27,0.25,0.25,40040,0.3,81920,440,208320
FINNIFTY02JAN2420200PE.NFO,02/01/2024,11:32:36,0.25,0.25,31280,0.3,81920,280,208320
FINNIFTY02JAN2420200PE.NFO,02/01/2024,11:33:30,0.25,0.25,30000,0.3,81920,480,211800
FINNIFTY02JAN2420200PE.NFO,02/01/2024,11:33:39,0.25,0.25,29760,0.3,81920,240,211800
FINNIFTY02JAN2420200PE.NFO,02/01/2024,11:34:05,0.25,0.25,29560,0.3,82160,200,211800
FINNIFTY02JAN2420200PE.NFO,02/01/2024,11:34:22,0.25,0.25,29120,0.3,81920,440,211800
FINNIFTY02JAN2420200PE.NFO,02/01/2024,11:34:32,0.25,0.25,28720,0.3,82160,400,211800
FINNIFTY02JAN2420200PE.NFO,02/01/2024,11:34:59,0.25,0.25,37160,0.3,64000,0,211800
FINNIFTY02JAN2420200PE.NFO,02/01/2024,11:35:08,0.25,0.25,36960,0.3,61960,200,211800
FINNIFTY02JAN2420200PE.NFO,02/01/2024,11:35:18,0.25,0.25,36720,0.3,63760,240,211800
FINNIFTY02JAN2420200PE.NFO,02/01/2024,11:35:26,0.25,0.25,36520,0.3,61960,200,211800
FINNIFTY02JAN2420200PE.NFO,02/01/2024,11:35:36,0.25,0.25,36320,0.3,63760,200,211800
FINNIFTY02JAN2420200PE.NFO,02/01/2024,11:35:53,0.3,0.25,36320,0.3,61920,40,211800
FINNIFTY02JAN2420200PE.NFO,02/01/2024,11:36:02,0.3,0.25,36320,0.3,63680,40,214440
FINNIFTY02JAN2420200PE.NFO,02/01/2024,11:36:21,0.25,0.25,35840,0.3,63600,560,214440
FINNIFTY02JAN2420200PE.NFO,02/01/2024,11:36:30,0.25,0.25,35640,0.3,61800,200,214440
FINNIFTY02JAN2420200PE.NFO,02/01/2024,11:36:49,0.25,0.25,32640,0.3,61800,0,214440
FINNIFTY02JAN2420200PE.NFO,02/01/2024,11:37:26,0.3,0.25,32640,0.3,63560,40,214440
FINNIFTY02JAN2420200PE.NFO,02/01/2024,11:37:55,0.3,0.25,31040,0.3,63560,0,214440
FINNIFTY02JAN2420200PE.NFO,02/01/2024,11:38:04,0.3,0.25,31040,0.3,63480,80,214440
FINNIFTY02JAN2420200PE.NFO,02/01/2024,11:38:14,0.3,0.25,31040,0.3,63400,80,214440
FINNIFTY02JAN2420200PE.NFO,02/01/2024,11:38:24,0.3,0.25,31040,0.3,61560,40,214440
FINNIFTY02JAN2420200PE.NFO,02/01/2024,11:38:53,0.3,0.25,31040,0.3,63280,80,215080
FINNIFTY02JAN2420200PE.NFO,02/01/2024,11:39:48,0.3,0.25,31040,0.3,63280,0,215080
FINNIFTY02JAN2420200PE.NFO,02/01/2024,11:41:39,0.25,0.25,29560,0.3,60080,680,215080
FINNIFTY02JAN2420200PE.NFO,02/01/2024,11:41:49,0.25,0.25,18840,0.3,61880,440,215760
FINNIFTY02JAN2420200PE.NFO,02/01/2024,11:41:59,0.3,0.25,28680,0.3,58960,800,215760
FINNIFTY02JAN2420200PE.NFO,02/01/2024,11:42:09,0.3,0.25,28680,0.3,60720,0,215760
FINNIFTY02JAN2420200PE.NFO,02/01/2024,11:42:28,0.3,0.25,28680,0.3,60000,1120,215760
FINNIFTY02JAN2420200PE.NFO,02/01/2024,11:42:38,0.3,0.25,28720,0.3,58240,1760,215760
FINNIFTY02JAN2420200PE.NFO,02/01/2024,11:42:47,0.3,0.25,28680,0.3,56440,0,215760
FINNIFTY02JAN2420200PE.NFO,02/01/2024,11:43:06,0.3,0.25,28720,0.3,58040,200,215760
FINNIFTY02JAN2420200PE.NFO,02/01/2024,11:43:15,0.3,0.25,28680,0.3,57880,160,215760
FINNIFTY02JAN2420200PE.NFO,02/01/2024,11:43:24,0.3,0.25,28680,0.3,57760,120,215760
FINNIFTY02JAN2420200PE.NFO,02/01/2024,11:43:34,0.3,0.25,28720,0.3,57240,120,215760
FINNIFTY02JAN2420200PE.NFO,02/01/2024,11:43:43,0.3,0.25,28680,0.3,56040,1200,215760
FINNIFTY02JAN2420200PE.NFO,02/01/2024,11:43:53,0.3,0.25,28720,0.3,55240,800,215760
FINNIFTY02JAN2420200PE.NFO,02/01/2024,11:44:03,0.3,0.25,28680,0.3,53840,1640,215760
FINNIFTY02JAN2420200PE.NFO,02/01/2024,11:44:12,0.3,0.25,28720,0.3,47120,0,215760
FINNIFTY02JAN2420200PE.NFO,02/01/2024,11:44:21,0.3,0.25,28680,0.3,47120,0,215760
FINNIFTY02JAN2420200PE.NFO,02/01/2024,11:44:31,0.3,0.25,28720,0.3,46880,0,215760
FINNIFTY02JAN2420200PE.NFO,02/01/2024,11:44:40,0.3,0.25,28720,0.3,47120,0,215760
FINNIFTY02JAN2420200PE.NFO,02/01/2024,11:44:49,0.25,0.25,28600,0.3,47120,80,215760
FINNIFTY02JAN2420200PE.NFO,02/01/2024,11:44:58,0.25,0.25,28600,0.3,47120,0,215760
FINNIFTY02JAN2420200PE.NFO,02/01/2024,11:45:07,0.25,0.25,28640,0.3,46880,0,215760
FINNIFTY02JAN2420200PE.NFO,02/01/2024,11:45:16,0.25,0.25,28600,0.3,46880,0,215760
FINNIFTY02JAN2420200PE.NFO,02/01/2024,11:45:35,0.25,0.25,28640,0.3,46920,0,215760
FINNIFTY02JAN2420200PE.NFO,02/01/2024,11:45:45,0.25,0.25,24560,0.3,46920,3280,208400
FINNIFTY02JAN2420200PE.NFO,02/01/2024,11:45:54,0.25,0.25,23400,0.3,46920,3240,208400
FINNIFTY02JAN2420200PE.NFO,02/01/2024,11:46:03,0.25,0.25,21760,0.3,46920,1640,208400
FINNIFTY02JAN2420200PE.NFO,02/01/2024,11:46:13,0.25,0.25,20600,0.3,47160,1200,208400
FINNIFTY02JAN2420200PE.NFO,02/01/2024,11:46:22,0.25,0.25,19840,0.3,46920,720,208400
FINNIFTY02JAN2420200PE.NFO,02/01/2024,11:46:32,0.25,0.25,19640,0.3,46920,240,208400
FINNIFTY02JAN2420200PE.NFO,02/01/2024,11:46:41,0.25,0.25,19160,0.3,46920,440,208400
FINNIFTY02JAN2420200PE.NFO,02/01/2024,11:46:50,0.25,0.25,18920,0.3,46920,240,208400
FINNIFTY02JAN2420200PE.NFO,02/01/2024,11:47:00,0.25,0.25,19000,0.3,46920,0,208400
FINNIFTY02JAN2420200PE.NFO,02/01/2024,11:47:59,0.25,0.25,9800,0.3,46920,240,219120
FINNIFTY02JAN2420200PE.NFO,02/01/2024,11:48:08,0.25,0.25,9120,0.3,46920,680,219120
FINNIFTY02JAN2420200PE.NFO,02/01/2024,11:48:34,0.25,0.25,9040,0.3,46920,80,219120
FINNIFTY02JAN2420200PE.NFO,02/01/2024,11:48:44,0.25,0.25,8880,0.3,46920,160,219120
FINNIFTY02JAN2420200PE.NFO,02/01/2024,11:49:17,0.25,0.25,8400,0.3,46920,480,219120
FINNIFTY02JAN2420200PE.NFO,02/01/2024,11:51:14,0.25,0.25,8160,0.3,46920,240,220400
FINNIFTY02JAN2420200PE.NFO,02/01/2024,11:51:32,0.25,0.25,18640,0.3,46920,0,220400
FINNIFTY02JAN2420200PE.NFO,02/01/2024,11:51:50,0.25,0.25,8200,0.3,46920,160,220400
FINNIFTY02JAN2420200PE.NFO,02/01/2024,11:52:08,0.25,0.25,7960,0.3,46920,240,220400
FINNIFTY02JAN2420200PE.NFO,02/01/2024,11:52:18,0.25,0.25,7760,0.3,46920,200,220400
FINNIFTY02JAN2420200PE.NFO,02/01/2024,11:52:26,0.25,0.25,16720,0.3,48360,0,220400
FINNIFTY02JAN2420200PE.NFO,02/01/2024,11:52:36,0.25,0.25,20200,0.3,52520,4360,220400
FINNIFTY02JAN2420200PE.NFO,02/01/2024,11:52:45,0.25,0.25,19800,0.3,52520,400,220400
FINNIFTY02JAN2420200PE.NFO,02/01/2024,11:53:21,0.25,0.25,19800,0.3,52520,0,220400
FINNIFTY02JAN2420200PE.NFO,02/01/2024,11:54:23,0.25,0.25,12680,0.3,52520,400,221840
FINNIFTY02JAN2420200PE.NFO,02/01/2024,11:55:25,0.25,0.25,21160,0.3,52520,0,221840
FINNIFTY02JAN2420200PE.NFO,02/01/2024,11:55:34,0.25,0.25,13000,0.3,52760,160,221840
FINNIFTY02JAN2420200PE.NFO,02/01/2024,11:56:09,0.25,0.25,11200,0.3,52760,1800,221840
FINNIFTY02JAN2420200PE.NFO,02/01/2024,11:56:18,0.25,0.25,8080,0.3,52760,1800,221840
FINNIFTY02JAN2420200PE.NFO,02/01/2024,11:56:51,0.25,0.25,8040,0.3,52520,40,221840
FINNIFTY02JAN2420200PE.NFO,02/01/2024,11:57:00,0.25,0.25,7880,0.3,52520,160,221800
FINNIFTY02JAN2420200PE.NFO,02/01/2024,11:57:09,0.25,0.25,17920,0.3,52560,320,221800
FINNIFTY02JAN2420200PE.NFO,02/01/2024,11:57:52,0.25,0.25,17920,0.3,54160,0,221800
FINNIFTY02JAN2420200PE.NFO,02/01/2024,11:58:01,0.25,0.25,17920,0.3,54200,0,221800
FINNIFTY02JAN2420200PE.NFO,02/01/2024,11:58:10,0.25,0.25,7760,0.3,52560,3600,221800
FINNIFTY02JAN2420200PE.NFO,02/01/2024,11:58:19,0.25,0.25,7160,0.3,52560,600,221800
FINNIFTY02JAN2420200PE.NFO,02/01/2024,11:58:28,0.25,0.25,7080,0.3,52560,80,221800
FINNIFTY02JAN2420200PE.NFO,02/01/2024,11:58:45,0.25,0.25,5880,0.3,52560,1200,221800
FINNIFTY02JAN2420200PE.NFO,02/01/2024,11:58:54,0.25,0.25,3560,0.3,54360,2120,221800
FINNIFTY02JAN2420200PE.NFO,02/01/2024,11:59:02,0.25,0.25,3240,0.3,54360,320,221800
FINNIFTY02JAN2420200PE.NFO,02/01/2024,11:59:12,0.25,0.25,10920,0.3,54360,40,221800
FINNIFTY02JAN2420200PE.NFO,02/01/2024,11:59:29,0.2,0.2,91200,0.25,53760,11400,221800
FINNIFTY02JAN2420200PE.NFO,02/01/2024,11:59:37,0.2,0.2,89200,0.25,53760,600,221800
FINNIFTY02JAN2420200PE.NFO,02/01/2024,11:59:46,0.2,0.2,86960,0.25,53760,440,221800
FINNIFTY02JAN2420200PE.NFO,02/01/2024,11:59:54,0.2,0.2,71880,0.25,53760,560,238600
FINNIFTY02JAN2420200PE.NFO,02/01/2024,12:00:03,0.2,0.2,70080,0.25,53760,1800,238600
FINNIFTY02JAN2420200PE.NFO,02/01/2024,12:00:12,0.2,0.2,69840,0.25,53760,240,238600
FINNIFTY02JAN2420200PE.NFO,02/01/2024,12:00:21,0.2,0.2,69680,0.25,53760,160,238600
FINNIFTY02JAN2420200PE.NFO,02/01/2024,12:00:48,0.25,0.2,75680,0.25,53680,160,238600
FINNIFTY02JAN2420200PE.NFO,02/01/2024,12:00:57,0.2,0.2,72520,0.25,53680,160,238600
FINNIFTY02JAN2420200PE.NFO,02/01/2024,12:01:24,0.2,0.2,75520,0.25,53680,0,238600
FINNIFTY02JAN2420200PE.NFO,02/01/2024,12:02:18,0.2,0.2,84520,0.25,64480,0,238600
FINNIFTY02JAN2420200PE.NFO,02/01/2024,12:02:26,0.2,0.2,77320,0.25,64400,0,238600
FINNIFTY02JAN2420200PE.NFO,02/01/2024,12:02:53,0.25,0.2,77320,0.25,64360,40,238600
FINNIFTY02JAN2420200PE.NFO,02/01/2024,12:03:01,0.25,0.2,77320,0.25,64440,0,238600
FINNIFTY02JAN2420200PE.NFO,02/01/2024,12:03:28,0.2,0.2,25200,0.25,64440,2840,239360
FINNIFTY02JAN2420200PE.NFO,02/01/2024,12:03:37,0.2,0.2,25120,0.25,64440,80,239360
FINNIFTY02JAN2420200PE.NFO,02/01/2024,12:03:55,0.2,0.2,25040,0.25,64440,80,239360
FINNIFTY02JAN2420200PE.NFO,02/01/2024,12:04:22,0.2,0.2,36440,0.25,64280,0,239360
FINNIFTY02JAN2420200PE.NFO,02/01/2024,12:04:31,0.2,0.2,37840,0.25,64440,0,239360
FINNIFTY02JAN2420200PE.NFO,02/01/2024,12:04:49,0.25,0.2,36440,0.25,65760,80,239360
FINNIFTY02JAN2420200PE.NFO,02/01/2024,12:04:58,0.25,0.2,36440,0.25,65680,80,239360
FINNIFTY02JAN2420200PE.NFO,02/01/2024,12:05:07,0.2,0.2,36400,0.25,65560,160,239360
FINNIFTY02JAN2420200PE.NFO,02/01/2024,12:05:16,0.2,0.2,33360,0.25,65560,40,239360
FINNIFTY02JAN2420200PE.NFO,02/01/2024,12:05:25,0.25,0.2,36360,0.25,65400,160,239360
FINNIFTY02JAN2420200PE.NFO,02/01/2024,12:05:34,0.2,0.2,36200,0.25,65240,320,239360
FINNIFTY02JAN2420200PE.NFO,02/01/2024,12:05:43,0.25,0.2,36160,0.25,73240,240,239360
FINNIFTY02JAN2420200PE.NFO,02/01/2024,12:05:51,0.2,0.2,36080,0.25,73240,80,239360
FINNIFTY02JAN2420200PE.NFO,02/01/2024,12:06:00,0.25,0.2,35920,0.25,73040,360,239440
FINNIFTY02JAN2420200PE.NFO,02/01/2024,12:06:09,0.25,0.2,35840,0.25,72960,160,239440
FINNIFTY02JAN2420200PE.NFO,02/01/2024,12:06:18,0.25,0.2,35840,0.25,72880,80,239440
FINNIFTY02JAN2420200PE.NFO,02/01/2024,12:06:27,0.25,0.2,35840,0.25,72800,80,239440
FINNIFTY02JAN2420200PE.NFO,02/01/2024,12:06:35,0.25,0.2,35840,0.25,72800,0,239440
FINNIFTY02JAN2420200PE.NFO,02/01/2024,12:07:09,0.2,0.2,34200,0.25,72800,1640,239440
FINNIFTY02JAN2420200PE.NFO,02/01/2024,12:07:18,0.25,0.2,34480,0.25,73280,480,239440
FINNIFTY02JAN2420200PE.NFO,02/01/2024,12:07:35,0.25,0.2,34640,0.25,72840,1400,239440
FINNIFTY02JAN2420200PE.NFO,02/01/2024,12:08:02,0.25,0.2,34640,0.25,72840,0,239440
FINNIFTY02JAN2420200PE.NFO,02/01/2024,12:08:54,0.2,0.2,34480,0.25,71440,160,239440
FINNIFTY02JAN2420200PE.NFO,02/01/2024,12:09:10,0.2,0.2,34000,0.25,71440,480,239120
FINNIFTY02JAN2420200PE.NFO,02/01/2024,12:09:19,0.25,0.2,33880,0.25,71040,520,239120
FINNIFTY02JAN2420200PE.NFO,02/01/2024,12:10:02,0.25,0.2,34240,0.25,71960,40,239120
FINNIFTY02JAN2420200PE.NFO,02/01/2024,12:10:11,0.2,0.2,34160,0.25,72200,80,239120
FINNIFTY02JAN2420200PE.NFO,02/01/2024,12:10:20,0.25,0.2,33960,0.25,72160,240,239120
FINNIFTY02JAN2420200PE.NFO,02/01/2024,12:10:39,0.2,0.2,33800,0.25,72160,160,239120
FINNIFTY02JAN2420200PE.NFO,02/01/2024,12:10:57,0.2,0.2,33760,0.25,72160,40,239120
FINNIFTY02JAN2420200PE.NFO,02/01/2024,12:11:43,0.2,0.2,32800,0.25,72160,960,239120
FINNIFTY02JAN2420200PE.NFO,02/01/2024,12:12:36,0.2,0.2,32680,0.25,72160,120,239880
FINNIFTY02JAN2420200PE.NFO,02/01/2024,12:13:45,0.2,0.2,32560,0.25,71920,120,239880
FINNIFTY02JAN2420200PE.NFO,02/01/2024,12:13:53,0.2,0.2,32400,0.25,71920,160,239880
FINNIFTY02JAN2420200PE.NFO,02/01/2024,12:14:02,0.25,0.2,32400,0.25,71840,80,239880
FINNIFTY02JAN2420200PE.NFO,02/01/2024,12:14:11,0.25,0.2,32400,0.25,71680,160,239880
FINNIFTY02JAN2420200PE.NFO,02/01/2024,12:14:19,0.25,0.2,31480,0.25,72760,80,239880
FINNIFTY02JAN2420200PE.NFO,02/01/2024,12:14:28,0.25,0.2,31480,0.25,72680,80,239880
FINNIFTY02JAN2420200PE.NFO,02/01/2024,12:14:36,0.2,0.2,31120,0.25,72720,560,239880
FINNIFTY02JAN2420200PE.NFO,02/01/2024,12:14:45,0.2,0.2,31080,0.25,72440,80,239880
FINNIFTY02JAN2420200PE.NFO,02/01/2024,12:15:03,0.25,0.2,31000,0.25,72280,240,240280
FINNIFTY02JAN2420200PE.NFO,02/01/2024,12:15:12,0.25,0.2,30960,0.25,72000,320,240280
FINNIFTY02JAN2420200PE.NFO,02/01/2024,12:15:20,0.25,0.2,30960,0.25,71920,80,240280
FINNIFTY02JAN2420200PE.NFO,02/01/2024,12:15:29,0.25,0.2,30960,0.25,71760,160,240280
FINNIFTY02JAN2420200PE.NFO,02/01/2024,12:15:39,0.25,0.2,30720,0.25,71600,400,240280
FINNIFTY02JAN2420200PE.NFO,02/01/2024,12:15:49,0.2,0.2,30640,0.25,71520,160,240280
FINNIFTY02JAN2420200PE.NFO,02/01/2024,12:15:59,0.25,0.2,30640,0.25,71360,160,240280
FINNIFTY02JAN2420200PE.NFO,02/01/2024,12:16:09,0.25,0.2,30560,0.25,71240,200,240280
FINNIFTY02JAN2420200PE.NFO,02/01/2024,12:16:19,0.25,0.2,31960,0.25,71240,240,240280
FINNIFTY02JAN2420200PE.NFO,02/01/2024,12:16:29,0.25,0.2,30560,0.25,71000,240,240280
FINNIFTY02JAN2420200PE.NFO,02/01/2024,12:16:40,0.2,0.2,30520,0.25,70760,40,240280
FINNIFTY02JAN2420200PE.NFO,02/01/2024,12:16:50,0.2,0.2,30520,0.25,70760,0,240280
FINNIFTY02JAN2420200PE.NFO,02/01/2024,12:17:10,0.25,0.2,30520,0.25,67280,3320,240280
FINNIFTY02JAN2420200PE.NFO,02/01/2024,12:17:22,0.25,0.2,30520,0.25,64040,3480,240280
FINNIFTY02JAN2420200PE.NFO,02/01/2024,12:17:32,0.25,0.2,30520,0.25,63320,480,240280
FINNIFTY02JAN2420200PE.NFO,02/01/2024,12:17:41,0.25,0.2,30520,0.25,64840,520,240280
FINNIFTY02JAN2420200PE.NFO,02/01/2024,12:17:51,0.25,0.2,30520,0.25,64320,520,240280
FINNIFTY02JAN2420200PE.NFO,02/01/2024,12:18:00,0.25,0.2,26920,0.25,64560,4920,234640
FINNIFTY02JAN2420200PE.NFO,02/01/2024,12:18:09,0.25,0.2,25120,0.25,64080,2280,234640
FINNIFTY02JAN2420200PE.NFO,02/01/2024,12:18:19,0.25,0.2,23080,0.25,63840,2280,234640
FINNIFTY02JAN2420200PE.NFO,02/01/2024,12:18:28,0.25,0.2,22280,0.25,63720,920,234640
FINNIFTY02JAN2420200PE.NFO,02/01/2024,12:18:37,0.25,0.2,22280,0.25,65080,680,234640
FINNIFTY02JAN2420200PE.NFO,02/01/2024,12:18:47,0.25,0.2,22280,0.25,65040,40,234640
FINNIFTY02JAN2420200PE.NFO,02/01/2024,12:18:57,0.25,0.2,22280,0.25,70440,0,234640
FINNIFTY02JAN2420200PE.NFO,02/01/2024,12:19:16,0.2,0.2,22240,0.25,75600,40,234640
FINNIFTY02JAN2420200PE.NFO,02/01/2024,12:19:27,0.2,0.2,22240,0.25,75600,0,234640
FINNIFTY02JAN2420200PE.NFO,02/01/2024,12:20:06,0.2,0.2,22200,0.25,75840,40,234640
FINNIFTY02JAN2420200PE.NFO,02/01/2024,12:20:24,0.2,0.2,22080,0.25,75840,120,234640
FINNIFTY02JAN2420200PE.NFO,02/01/2024,12:20:34,0.2,0.2,21800,0.25,75600,280,234640
FINNIFTY02JAN2420200PE.NFO,02/01/2024,12:20:52,0.2,0.2,21400,0.25,75600,400,234640
FINNIFTY02JAN2420200PE.NFO,02/01/2024,12:21:02,0.2,0.2,21000,0.25,76960,840,233240
FINNIFTY02JAN2420200PE.NFO,02/01/2024,12:21:11,0.2,0.2,20840,0.25,78360,560,233240
FINNIFTY02JAN2420200PE.NFO,02/01/2024,12:21:21,0.2,0.2,20480,0.25,78160,560,233240
FINNIFTY02JAN2420200PE.NFO,02/01/2024,12:21:31,0.2,0.2,20160,0.25,78160,320,233240
FINNIFTY02JAN2420200PE.NFO,02/01/2024,12:21:40,0.2,0.2,19960,0.25,79760,480,233240
FINNIFTY02JAN2420200PE.NFO,02/01/2024,12:22:00,0.2,0.2,19640,0.25,79760,320,233240
FINNIFTY02JAN2420200PE.NFO,02/01/2024,12:22:19,0.25,0.2,19640,0.25,79560,200,233240
FINNIFTY02JAN2420200PE.NFO,02/01/2024,12:23:12,0.25,0.2,19640,0.25,79360,200,233240
FINNIFTY02JAN2420200PE.NFO,02/01/2024,12:24:06,0.25,0.2,19640,0.25,78880,480,231520
FINNIFTY02JAN2420200PE.NFO,02/01/2024,12:24:16,0.2,0.2,11200,0.25,80680,40,231520
FINNIFTY02JAN2420200PE.NFO,02/01/2024,12:24:34,0.2,0.2,24200,0.25,80680,2040,231520
FINNIFTY02JAN2420200PE.NFO,02/01/2024,12:24:44,0.2,0.2,4080,0.25,80680,6880,231520
FINNIFTY02JAN2420200PE.NFO,02/01/2024,12:24:53,0.2,0.2,3000,0.25,82480,1080,231520
FINNIFTY02JAN2420200PE.NFO,02/01/2024,12:25:11,0.2,0.2,2960,0.25,82480,40,231520
FINNIFTY02JAN2420200PE.NFO,02/01/2024,12:25:29,0.2,0.2,2800,0.25,82480,160,231520
FINNIFTY02JAN2420200PE.NFO,02/01/2024,12:25:38,0.2,0.2,19800,0.25,82480,0,231520
FINNIFTY02JAN2420200PE.NFO,02/01/2024,12:25:47,0.2,0.2,5520,0.25,82480,80,231520
FINNIFTY02JAN2420200PE.NFO,02/01/2024,12:25:56,0.2,0.2,5480,0.25,82480,40,231520
FINNIFTY02JAN2420200PE.NFO,02/01/2024,12:26:04,0.2,0.2,5360,0.25,82480,120,231520
FINNIFTY02JAN2420200PE.NFO,02/01/2024,12:26:22,0.2,0.2,18560,0.25,82480,0,231520
FINNIFTY02JAN2420200PE.NFO,02/01/2024,12:26:31,0.2,0.2,1640,0.25,82480,2720,231520
FINNIFTY02JAN2420200PE.NFO,02/01/2024,12:27:50,0.2,0.2,18160,0.25,82520,0,231520
FINNIFTY02JAN2420200PE.NFO,02/01/2024,12:28:17,0.25,0.2,18160,0.25,81520,1000,239920
FINNIFTY02JAN2420200PE.NFO,02/01/2024,12:28:44,0.25,0.2,18400,0.25,83280,40,239920
FINNIFTY02JAN2420200PE.NFO,02/01/2024,12:28:53,0.2,0.2,18360,0.25,83280,40,239920
FINNIFTY02JAN2420200PE.NFO,02/01/2024,12:29:11,0.2,0.2,18320,0.25,83280,40,239920
FINNIFTY02JAN2420200PE.NFO,02/01/2024,12:30:13,0.2,0.2,18240,0.25,83280,80,239920
FINNIFTY02JAN2420200PE.NFO,02/01/2024,12:30:21,0.2,0.2,18120,0.25,83280,120,239920
FINNIFTY02JAN2420200PE.NFO,02/01/2024,12:30:31,0.25,0.2,19880,0.25,84680,4120,239920
FINNIFTY02JAN2420200PE.NFO,02/01/2024,12:30:39,0.25,0.2,20160,0.25,87200,2680,239920
FINNIFTY02JAN2420200PE.NFO,02/01/2024,12:30:48,0.25,0.2,20840,0.25,86720,480,239920
FINNIFTY02JAN2420200PE.NFO,02/01/2024,12:30:57,0.25,0.2,23360,0.25,84720,2000,239920
FINNIFTY02JAN2420200PE.NFO,02/01/2024,12:32:33,0.25,0.2,23360,0.25,84840,0,239920
FINNIFTY02JAN2420200PE.NFO,02/01/2024,12:32:50,0.2,0.2,23240,0.25,84960,120,239920
FINNIFTY02JAN2420200PE.NFO,02/01/2024,12:33:31,0.2,0.2,23240,0.25,85120,0,239920
FINNIFTY02JAN2420200PE.NFO,02/01/2024,12:34:23,0.2,0.2,23360,0.25,85120,0,239920
FINNIFTY02JAN2420200PE.NFO,02/01/2024,12:34:40,0.25,0.2,23360,0.25,85080,40,237920
FINNIFTY02JAN2420200PE.NFO,02/01/2024,12:34:49,0.25,0.2,23360,0.25,85000,80,237920
FINNIFTY02JAN2420200PE.NFO,02/01/2024,12:35:18,0.2,0.2,23320,0.25,85000,40,237920
FINNIFTY02JAN2420200PE.NFO,02/01/2024,12:35:28,0.2,0.2,23200,0.25,85000,120,237920
FINNIFTY02JAN2420200PE.NFO,02/01/2024,12:35:38,0.2,0.2,23160,0.25,85000,40,237920
FINNIFTY02JAN2420200PE.NFO,02/01/2024,12:35:47,0.2,0.2,23080,0.25,85000,80,237920
FINNIFTY02JAN2420200PE.NFO,02/01/2024,12:35:56,0.2,0.2,22920,0.25,85000,160,237920
FINNIFTY02JAN2420200PE.NFO,02/01/2024,12:36:44,0.25,0.2,22920,0.25,84760,240,237920
FINNIFTY02JAN2420200PE.NFO,02/01/2024,12:38:02,0.25,0.2,22920,0.25,86360,200,237920
FINNIFTY02JAN2420200PE.NFO,02/01/2024,12:38:11,0.25,0.2,22920,0.25,86160,200,237920
FINNIFTY02JAN2420200PE.NFO,02/01/2024,12:38:21,0.25,0.2,22920,0.25,85920,240,237920
FINNIFTY02JAN2420200PE.NFO,02/01/2024,12:39:14,0.2,0.2,22880,0.25,85920,40,237040
FINNIFTY02JAN2420200PE.NFO,02/01/2024,12:39:23,0.2,0.2,22880,0.25,85920,0,237040
FINNIFTY02JAN2420200PE.NFO,02/01/2024,12:40:04,0.25,0.2,22880,0.25,85600,320,237040
FINNIFTY02JAN2420200PE.NFO,02/01/2024,12:40:13,0.2,0.2,22840,0.25,86160,40,237040
FINNIFTY02JAN2420200PE.NFO,02/01/2024,12:40:40,0.25,0.2,22840,0.25,86160,40,237040
FINNIFTY02JAN2420200PE.NFO,02/01/2024,12:41:41,0.25,0.2,22640,0.25,86360,240,237040
FINNIFTY02JAN2420200PE.NFO,02/01/2024,12:42:09,0.25,0.2,22640,0.25,86360,0,237040
FINNIFTY02JAN2420200PE.NFO,02/01/2024,12:43:10,0.25,0.2,22640,0.25,86080,40,236920
FINNIFTY02JAN2420200PE.NFO,02/01/2024,12:43:19,0.25,0.2,22640,0.25,86000,80,236920
FINNIFTY02JAN2420200PE.NFO,02/01/2024,12:43:28,0.25,0.2,22640,0.25,85960,40,236920
FINNIFTY02JAN2420200PE.NFO,02/01/2024,12:43:55,0.25,0.2,22640,0.25,85960,0,236920
FINNIFTY02JAN2420200PE.NFO,02/01/2024,12:44:12,0.2,0.2,22600,0.25,85960,40,236920
FINNIFTY02JAN2420200PE.NFO,02/01/2024,12:45:12,0.2,0.2,22560,0.25,85960,40,236920
FINNIFTY02JAN2420200PE.NFO,02/01/2024,12:45:21,0.25,0.2,22560,0.25,85920,40,236920
FINNIFTY02JAN2420200PE.NFO,02/01/2024,12:45:38,0.2,0.2,22480,0.25,85920,80,236920
FINNIFTY02JAN2420200PE.NFO,02/01/2024,12:45:47,0.2,0.2,22400,0.25,85920,80,236920
FINNIFTY02JAN2420200PE.NFO,02/01/2024,12:45:56,0.2,0.2,22320,0.25,85920,80,236920
FINNIFTY02JAN2420200PE.NFO,02/01/2024,12:46:30,0.2,0.2,22240,0.25,85920,80,236920
FINNIFTY02JAN2420200PE.NFO,02/01/2024,12:46:39,0.2,0.2,22240,0.25,85920,0,236920
FINNIFTY02JAN2420200PE.NFO,02/01/2024,12:48:35,0.2,0.2,22200,0.25,85920,40,237000
FINNIFTY02JAN2420200PE.NFO,02/01/2024,12:48:44,0.2,0.2,22160,0.25,85920,40,237000
FINNIFTY02JAN2420200PE.NFO,02/01/2024,12:48:54,0.2,0.2,20360,0.25,85920,0,237000
FINNIFTY02JAN2420200PE.NFO,02/01/2024,12:49:11,0.2,0.2,20320,0.25,85920,40,237000
FINNIFTY02JAN2420200PE.NFO,02/01/2024,12:50:03,0.2,0.2,200,0.25,78720,7200,237000
FINNIFTY02JAN2420200PE.NFO,02/01/2024,12:50:11,0.2,0.15,220080,0.2,55440,880,237000
FINNIFTY02JAN2420200PE.NFO,02/01/2024,12:50:21,0.2,0.15,221880,0.2,59400,200,237000
FINNIFTY02JAN2420200PE.NFO,02/01/2024,12:50:30,0.2,0.15,221880,0.2,58680,720,237000
FINNIFTY02JAN2420200PE.NFO,02/01/2024,12:50:57,0.2,0.15,218840,0.2,59080,0,237000
FINNIFTY02JAN2420200PE.NFO,02/01/2024,12:51:24,0.2,0.15,218840,0.2,57880,1200,234360
FINNIFTY02JAN2420200PE.NFO,02/01/2024,12:51:34,0.2,0.15,218840,0.2,59080,320,234360
FINNIFTY02JAN2420200PE.NFO,02/01/2024,12:51:43,0.2,0.15,218840,0.2,59080,0,234360
FINNIFTY02JAN2420200PE.NFO,02/01/2024,12:54:01,0.2,0.15,218840,0.2,57960,1120,232800
FINNIFTY02JAN2420200PE.NFO,02/01/2024,12:54:10,0.15,0.15,218800,0.2,57920,80,232800
FINNIFTY02JAN2420200PE.NFO,02/01/2024,12:54:10,0.15,0.15,218800,0.2,57920,0,232800
FINNIFTY02JAN2420200PE.NFO,02/01/2024,12:54:19,0.15,0.15,218800,0.2,59720,0,232800
FINNIFTY02JAN2420200PE.NFO,02/01/2024,12:54:27,0.15,0.15,217000,0.2,57920,0,232800
FINNIFTY02JAN2420200PE.NFO,02/01/2024,12:54:36,0.15,0.15,213400,0.2,57920,0,232800
FINNIFTY02JAN2420200PE.NFO,02/01/2024,12:54:44,0.15,0.15,208000,0.2,57920,0,232800
FINNIFTY02JAN2420200PE.NFO,02/01/2024,12:54:53,0.15,0.15,206200,0.2,57920,0,232800
FINNIFTY02JAN2420200PE.NFO,02/01/2024,12:55:09,0.15,0.15,188880,0.2,57920,40,232800
FINNIFTY02JAN2420200PE.NFO,02/01/2024,12:55:18,0.15,0.15,187080,0.2,57920,0,232800
FINNIFTY02JAN2420200PE.NFO,02/01/2024,12:55:36,0.2,0.15,187080,0.2,57880,40,232800
FINNIFTY02JAN2420200PE.NFO,02/01/2024,12:55:53,0.15,0.15,186960,0.2,57880,120,232800
FINNIFTY02JAN2420200PE.NFO,02/01/2024,12:57:19,0.15,0.15,186960,0.2,57880,0,232800
FINNIFTY02JAN2420200PE.NFO,02/01/2024,12:57:36,0.15,0.15,183360,0.2,57880,0,232800
FINNIFTY02JAN2420200PE.NFO,02/01/2024,12:57:45,0.15,0.15,179760,0.2,57880,0,232800
FINNIFTY02JAN2420200PE.NFO,02/01/2024,12:58:11,0.2,0.15,179760,0.2,55600,2280,232760
FINNIFTY02JAN2420200PE.NFO,02/01/2024,12:58:48,0.15,0.15,179680,0.2,55600,80,232760
FINNIFTY02JAN2420200PE.NFO,02/01/2024,12:58:57,0.15,0.15,180640,0.2,55840,0,232760
FINNIFTY02JAN2420200PE.NFO,02/01/2024,12:59:06,0.15,0.15,180640,0.2,56120,0,232760
FINNIFTY02JAN2420200PE.NFO,02/01/2024,12:59:32,0.15,0.15,179680,0.2,56120,0,232760
FINNIFTY02JAN2420200PE.NFO,02/01/2024,13:01:42,0.2,0.15,177880,0.2,53200,1280,232760
FINNIFTY02JAN2420200PE.NFO,02/01/2024,13:02:27,0.15,0.15,174760,0.2,54600,1320,232760
FINNIFTY02JAN2420200PE.NFO,02/01/2024,13:02:37,0.15,0.15,174680,0.2,54600,200,232760
FINNIFTY02JAN2420200PE.NFO,02/01/2024,13:02:47,0.2,0.15,176480,0.2,53600,1000,232760
FINNIFTY02JAN2420200PE.NFO,02/01/2024,13:02:57,0.2,0.15,176480,0.2,53320,0,232760
FINNIFTY02JAN2420200PE.NFO,02/01/2024,13:03:43,0.2,0.15,176480,0.2,53280,40,234000
FINNIFTY02JAN2420200PE.NFO,02/01/2024,13:03:53,0.15,0.15,176440,0.2,53280,40,234000
FINNIFTY02JAN2420200PE.NFO,02/01/2024,13:04:04,0.2,0.15,176440,0.2,44920,1160,234000
FINNIFTY02JAN2420200PE.NFO,02/01/2024,13:04:15,0.15,0.15,176280,0.2,44920,120,234000
FINNIFTY02JAN2420200PE.NFO,02/01/2024,13:04:25,0.15,0.15,174000,0.2,52120,480,234000
FINNIFTY02JAN2420200PE.NFO,02/01/2024,13:04:35,0.15,0.15,175440,0.2,54160,360,234000
FINNIFTY02JAN2420200PE.NFO,02/01/2024,13:04:45,0.15,0.15,173040,0.2,55960,600,234000
FINNIFTY02JAN2420200PE.NFO,02/01/2024,13:04:55,0.15,0.15,172440,0.2,55960,600,234000
FINNIFTY02JAN2420200PE.NFO,02/01/2024,13:05:04,0.15,0.15,172200,0.2,55960,240,234000
FINNIFTY02JAN2420200PE.NFO,02/01/2024,13:05:14,0.15,0.15,173760,0.2,53960,2240,234000
FINNIFTY02JAN2420200PE.NFO,02/01/2024,13:05:23,0.15,0.15,173560,0.2,53520,640,234000
FINNIFTY02JAN2420200PE.NFO,02/01/2024,13:05:32,0.2,0.15,173480,0.2,53280,320,234000
FINNIFTY02JAN2420200PE.NFO,02/01/2024,13:05:40,0.2,0.15,173480,0.2,53080,200,234000
FINNIFTY02JAN2420200PE.NFO,02/01/2024,13:05:49,0.2,0.15,173480,0.2,53120,0,234000
FINNIFTY02JAN2420200PE.NFO,02/01/2024,13:05:58,0.2,0.15,173480,0.2,53080,40,234000
FINNIFTY02JAN2420200PE.NFO,02/01/2024,13:06:51,0.2,0.15,173480,0.2,53040,40,231840
FINNIFTY02JAN2420200PE.NFO,02/01/2024,13:07:09,0.2,0.15,173480,0.2,51480,160,231840
FINNIFTY02JAN2420200PE.NFO,02/01/2024,13:07:18,0.2,0.15,173480,0.2,51280,200,231840
FINNIFTY02JAN2420200PE.NFO,02/01/2024,13:07:27,0.2,0.15,173480,0.2,50960,320,231840
FINNIFTY02JAN2420200PE.NFO,02/01/2024,13:07:35,0.2,0.15,173480,0.2,50640,320,231840
FINNIFTY02JAN2420200PE.NFO,02/01/2024,13:07:44,0.2,0.15,173480,0.2,50520,120,231840
FINNIFTY02JAN2420200PE.NFO,02/01/2024,13:07:53,0.2,0.15,173480,0.2,50320,200,231840
FINNIFTY02JAN2420200PE.NFO,02/01/2024,13:08:02,0.2,0.15,173480,0.2,49960,360,231840
FINNIFTY02JAN2420200PE.NFO,02/01/2024,13:08:13,0.2,0.15,173480,0.2,49440,520,231840
FINNIFTY02JAN2420200PE.NFO,02/01/2024,13:08:22,0.2,0.15,173040,0.2,49480,800,231840
FINNIFTY02JAN2420200PE.NFO,02/01/2024,13:08:31,0.15,0.15,172280,0.2,49440,1080,231840
FINNIFTY02JAN2420200PE.NFO,02/01/2024,13:08:40,0.15,0.15,172000,0.2,49320,400,231840
FINNIFTY02JAN2420200PE.NFO,02/01/2024,13:08:50,0.2,0.15,172000,0.2,49200,120,231840
FINNIFTY02JAN2420200PE.NFO,02/01/2024,13:08:59,0.2,0.15,172000,0.2,49760,120,231840
FINNIFTY02JAN2420200PE.NFO,02/01/2024,13:09:07,0.15,0.15,171880,0.2,49640,240,231880
FINNIFTY02JAN2420200PE.NFO,02/01/2024,13:09:17,0.2,0.15,173040,0.2,49520,120,231880
FINNIFTY02JAN2420200PE.NFO,02/01/2024,13:09:25,0.2,0.15,173040,0.2,50680,120,231880
FINNIFTY02JAN2420200PE.NFO,02/01/2024,13:09:34,0.2,0.15,173040,0.2,50760,160,231880
FINNIFTY02JAN2420200PE.NFO,02/01/2024,13:09:43,0.2,0.15,173040,0.2,50640,120,231880
FINNIFTY02JAN2420200PE.NFO,02/01/2024,13:09:52,0.2,0.15,173040,0.2,50520,120,231880
FINNIFTY02JAN2420200PE.NFO,02/01/2024,13:10:01,0.2,0.15,156840,0.2,50400,120,231880
FINNIFTY02JAN2420200PE.NFO,02/01/2024,13:10:10,0.2,0.15,156840,0.2,50280,120,231880
FINNIFTY02JAN2420200PE.NFO,02/01/2024,13:10:19,0.2,0.15,156840,0.2,50160,120,231880
FINNIFTY02JAN2420200PE.NFO,02/01/2024,13:10:28,0.2,0.15,156840,0.2,50040,120,231880
FINNIFTY02JAN2420200PE.NFO,02/01/2024,13:10:37,0.2,0.15,158000,0.2,49920,120,231880
FINNIFTY02JAN2420200PE.NFO,02/01/2024,13:10:45,0.2,0.15,158000,0.2,49000,920,231880
FINNIFTY02JAN2420200PE.NFO,02/01/2024,13:10:54,0.2,0.15,158000,0.2,48880,120,231880
FINNIFTY02JAN2420200PE.NFO,02/01/2024,13:11:03,0.2,0.15,158000,0.2,46960,1920,231880
FINNIFTY02JAN2420200PE.NFO,02/01/2024,13:11:12,0.2,0.15,158000,0.2,45960,760,231880
FINNIFTY02JAN2420200PE.NFO,02/01/2024,13:11:21,0.2,0.15,158000,0.2,45840,120,231880
FINNIFTY02JAN2420200PE.NFO,02/01/2024,13:11:30,0.2,0.15,157960,0.2,49120,480,231880
FINNIFTY02JAN2420200PE.NFO,02/01/2024,13:11:39,0.2,0.15,157840,0.2,48320,800,231880
FINNIFTY02JAN2420200PE.NFO,02/01/2024,13:11:48,0.2,0.15,157840,0.2,48160,320,231880
FINNIFTY02JAN2420200PE.NFO,02/01/2024,13:11:57,0.2,0.15,152440,0.2,47840,320,231880
FINNIFTY02JAN2420200PE.NFO,02/01/2024,13:12:05,0.2,0.15,147040,0.2,47720,120,231880
FINNIFTY02JAN2420200PE.NFO,02/01/2024,13:12:14,0.2,0.15,136240,0.2,47800,120,225960
FINNIFTY02JAN2420200PE.NFO,02/01/2024,13:12:23,0.2,0.15,134440,0.2,47680,120,225960
FINNIFTY02JAN2420200PE.NFO,02/01/2024,13:12:31,0.2,0.15,123640,0.2,47800,120,225960
FINNIFTY02JAN2420200PE.NFO,02/01/2024,13:12:40,0.2,0.15,118240,0.2,47680,120,225960
FINNIFTY02JAN2420200PE.NFO,02/01/2024,13:12:48,0.2,0.15,114640,0.2,47320,120,225960
FINNIFTY02JAN2420200PE.NFO,02/01/2024,13:12:57,0.2,0.15,114640,0.2,47200,120,225960
FINNIFTY02JAN2420200PE.NFO,02/01/2024,13:13:06,0.2,0.15,114640,0.2,47080,120,225960
FINNIFTY02JAN2420200PE.NFO,02/01/2024,13:13:14,0.2,0.15,114640,0.2,46960,120,225960
FINNIFTY02JAN2420200PE.NFO,02/01/2024,13:13:23,0.2,0.15,114640,0.2,46840,120,225960
FINNIFTY02JAN2420200PE.NFO,02/01/2024,13:13:32,0.2,0.15,114640,0.2,46720,120,225960
FINNIFTY02JAN2420200PE.NFO,02/01/2024,13:13:41,0.2,0.15,115760,0.2,46400,120,225960
FINNIFTY02JAN2420200PE.NFO,02/01/2024,13:13:49,0.2,0.15,115760,0.2,46280,120,225960
FINNIFTY02JAN2420200PE.NFO,02/01/2024,13:13:58,0.2,0.15,115760,0.2,46360,120,225960
FINNIFTY02JAN2420200PE.NFO,02/01/2024,13:14:06,0.2,0.15,115760,0.2,46240,120,225960
FINNIFTY02JAN2420200PE.NFO,02/01/2024,13:14:15,0.2,0.15,115760,0.2,45920,320,225960
FINNIFTY02JAN2420200PE.NFO,02/01/2024,13:15:15,0.2,0.15,115760,0.2,45880,40,223960
FINNIFTY02JAN2420200PE.NFO,02/01/2024,13:15:24,0.2,0.15,115760,0.2,45840,40,223960
FINNIFTY02JAN2420200PE.NFO,02/01/2024,13:18:23,0.15,0.15,115480,0.2,47640,280,223960
FINNIFTY02JAN2420200PE.NFO,02/01/2024,13:18:58,0.15,0.15,115480,0.2,48160,0,223960
FINNIFTY02JAN2420200PE.NFO,02/01/2024,13:21:14,0.2,0.15,115480,0.2,47720,200,224040
FINNIFTY02JAN2420200PE.NFO,02/01/2024,13:21:47,0.2,0.15,115480,0.2,47680,40,224040
FINNIFTY02JAN2420200PE.NFO,02/01/2024,13:22:13,0.15,0.15,114560,0.2,47680,920,224040
FINNIFTY02JAN2420200PE.NFO,02/01/2024,13:22:21,0.15,0.15,114560,0.2,47680,0,224040
FINNIFTY02JAN2420200PE.NFO,02/01/2024,13:22:30,0.15,0.15,114560,0.2,48480,0,224040
FINNIFTY02JAN2420200PE.NFO,02/01/2024,13:22:38,0.15,0.15,114560,0.2,48600,0,224040
FINNIFTY02JAN2420200PE.NFO,02/01/2024,13:23:13,0.15,0.15,115560,0.2,48600,0,224040
FINNIFTY02JAN2420200PE.NFO,02/01/2024,13:23:31,0.15,0.15,116560,0.2,48600,0,224040
FINNIFTY02JAN2420200PE.NFO,02/01/2024,13:23:48,0.15,0.15,84160,0.2,48600,0,224040
FINNIFTY02JAN2420200PE.NFO,02/01/2024,13:24:13,0.15,0.15,73360,0.2,48600,0,224040
FINNIFTY02JAN2420200PE.NFO,02/01/2024,13:24:22,0.15,0.15,66160,0.2,48600,0,224040
FINNIFTY02JAN2420200PE.NFO,02/01/2024,13:24:30,0.15,0.15,53560,0.2,48600,0,224040
FINNIFTY02JAN2420200PE.NFO,02/01/2024,13:24:39,0.15,0.15,41320,0.2,44960,3320,224760
FINNIFTY02JAN2420200PE.NFO,02/01/2024,13:24:48,0.15,0.15,41320,0.2,44960,0,224760
FINNIFTY02JAN2420200PE.NFO,02/01/2024,13:25:25,0.15,0.15,42040,0.2,44920,0,224760
FINNIFTY02JAN2420200PE.NFO,02/01/2024,13:25:34,0.15,0.15,42040,0.2,44960,0,224760
FINNIFTY02JAN2420200PE.NFO,02/01/2024,13:25:52,0.15,0.15,42040,0.2,44920,0,224760
FINNIFTY02JAN2420200PE.NFO,02/01/2024,13:26:18,0.2,0.15,42040,0.2,44760,160,224760
FINNIFTY02JAN2420200PE.NFO,02/01/2024,13:26:26,0.2,0.15,42040,0.2,44720,40,224760
FINNIFTY02JAN2420200PE.NFO,02/01/2024,13:26:44,0.2,0.15,42040,0.2,44640,80,224760
FINNIFTY02JAN2420200PE.NFO,02/01/2024,13:26:52,0.2,0.15,41640,0.2,43600,1440,224760
FINNIFTY02JAN2420200PE.NFO,02/01/2024,13:27:09,0.2,0.15,41640,0.2,43560,40,224760
FINNIFTY02JAN2420200PE.NFO,02/01/2024,13:27:18,0.15,0.15,37640,0.2,49200,4000,224760
FINNIFTY02JAN2420200PE.NFO,02/01/2024,13:27:26,0.15,0.15,36680,0.2,49200,960,224760
FINNIFTY02JAN2420200PE.NFO,02/01/2024,13:27:35,0.2,0.15,37200,0.2,49160,40,224760
FINNIFTY02JAN2420200PE.NFO,02/01/2024,13:27:43,0.2,0.15,37200,0.2,52760,0,224760
FINNIFTY02JAN2420200PE.NFO,02/01/2024,13:28:16,0.15,0.15,31800,0.2,50360,5400,224760
FINNIFTY02JAN2420200PE.NFO,02/01/2024,13:28:25,0.15,0.15,31640,0.2,50360,160,224760
FINNIFTY02JAN2420200PE.NFO,02/01/2024,13:28:34,0.15,0.15,28160,0.2,50360,0,224760
FINNIFTY02JAN2420200PE.NFO,02/01/2024,13:28:43,0.15,0.15,22280,0.2,46760,5880,224760
FINNIFTY02JAN2420200PE.NFO,02/01/2024,13:29:08,0.15,0.15,22280,0.2,44960,0,224760
FINNIFTY02JAN2420200PE.NFO,02/01/2024,13:29:33,0.2,0.15,22280,0.2,44760,200,224760
FINNIFTY02JAN2420200PE.NFO,02/01/2024,13:30:33,0.2,0.15,22280,0.2,44360,400,224760
FINNIFTY02JAN2420200PE.NFO,02/01/2024,13:30:51,0.2,0.15,16880,0.2,44640,0,224760
FINNIFTY02JAN2420200PE.NFO,02/01/2024,13:31:00,0.2,0.15,15560,0.2,51840,0,224760
FINNIFTY02JAN2420200PE.NFO,02/01/2024,13:31:09,0.15,0.15,13760,0.2,51840,1800,224760
FINNIFTY02JAN2420200PE.NFO,02/01/2024,13:31:18,0.15,0.15,14400,0.2,50040,0,224760
FINNIFTY02JAN2420200PE.NFO,02/01/2024,13:31:26,0.15,0.15,8640,0.2,45120,5760,224760
FINNIFTY02JAN2420200PE.NFO,02/01/2024,13:31:36,0.15,0.15,8360,0.2,45120,280,224760
FINNIFTY02JAN2420200PE.NFO,02/01/2024,13:31:45,0.2,0.15,8360,0.2,45040,80,224760
FINNIFTY02JAN2420200PE.NFO,02/01/2024,13:31:54,0.2,0.15,8360,0.2,44880,160,224760
FINNIFTY02JAN2420200PE.NFO,02/01/2024,13:32:03,0.2,0.15,8360,0.2,44720,160,224760
FINNIFTY02JAN2420200PE.NFO,02/01/2024,13:32:12,0.2,0.15,8360,0.2,44640,80,224760
FINNIFTY02JAN2420200PE.NFO,02/01/2024,13:32:21,0.2,0.15,8360,0.2,44600,40,224760
FINNIFTY02JAN2420200PE.NFO,02/01/2024,13:32:39,0.2,0.15,8360,0.2,44600,0,224760
FINNIFTY02JAN2420200PE.NFO,02/01/2024,13:33:06,0.2,0.15,8360,0.2,42800,0,224760
FINNIFTY02JAN2420200PE.NFO,02/01/2024,13:33:24,0.2,0.15,8360,0.2,44080,520,220800
FINNIFTY02JAN2420200PE.NFO,02/01/2024,13:33:50,0.2,0.15,8240,0.2,44080,0,220800
FINNIFTY02JAN2420200PE.NFO,02/01/2024,13:34:00,0.15,0.15,8200,0.2,44080,40,220800
FINNIFTY02JAN2420200PE.NFO,02/01/2024,13:35:31,0.15,0.15,10200,0.2,44080,0,220800
FINNIFTY02JAN2420200PE.NFO,02/01/2024,13:37:20,0.2,0.15,9320,0.2,43080,1000,220280
FINNIFTY02JAN2420200PE.NFO,02/01/2024,13:37:47,0.2,0.15,9320,0.2,43080,0,220280
FINNIFTY02JAN2420200PE.NFO,02/01/2024,13:39:06,0.2,0.15,9320,0.2,42040,800,220280
FINNIFTY02JAN2420200PE.NFO,02/01/2024,13:39:23,0.2,0.15,9320,0.2,42040,0,220280
FINNIFTY02JAN2420200PE.NFO,02/01/2024,13:40:56,0.15,0.15,9160,0.2,42040,160,220280
FINNIFTY02JAN2420200PE.NFO,02/01/2024,13:42:31,0.15,0.15,10160,0.2,42040,0,220280
FINNIFTY02JAN2420200PE.NFO,02/01/2024,13:42:39,0.15,0.15,10160,0.2,41840,0,220280
FINNIFTY02JAN2420200PE.NFO,02/01/2024,13:42:56,0.15,0.15,10080,0.2,41840,80,220280
FINNIFTY02JAN2420200PE.NFO,02/01/2024,13:43:56,0.15,0.15,10040,0.2,41840,40,220280
FINNIFTY02JAN2420200PE.NFO,02/01/2024,13:44:04,0.15,0.15,10000,0.2,41840,40,220280
FINNIFTY02JAN2420200PE.NFO,02/01/2024,13:44:13,0.15,0.15,9960,0.2,41840,40,220280
FINNIFTY02JAN2420200PE.NFO,02/01/2024,13:44:21,0.15,0.15,9920,0.2,41840,40,220280
FINNIFTY02JAN2420200PE.NFO,02/01/2024,13:44:30,0.15,0.15,9760,0.2,41840,160,220280
FINNIFTY02JAN2420200PE.NFO,02/01/2024,13:44:38,0.15,0.15,9760,0.2,41840,0,220280
FINNIFTY02JAN2420200PE.NFO,02/01/2024,13:45:03,0.15,0.15,9720,0.2,41840,40,220280
FINNIFTY02JAN2420200PE.NFO,02/01/2024,13:45:12,0.2,0.15,9720,0.2,40880,960,220280
FINNIFTY02JAN2420200PE.NFO,02/01/2024,13:45:29,0.15,0.15,9680,0.2,40880,40,220280
FINNIFTY02JAN2420200PE.NFO,02/01/2024,13:45:45,0.15,0.15,9640,0.2,40880,40,220280
FINNIFTY02JAN2420200PE.NFO,02/01/2024,13:45:53,0.15,0.15,9600,0.2,40880,40,220280
FINNIFTY02JAN2420200PE.NFO,02/01/2024,13:46:01,0.15,0.15,9560,0.2,40880,40,220280
FINNIFTY02JAN2420200PE.NFO,02/01/2024,13:46:19,0.15,0.15,9560,0.2,40880,0,220280
FINNIFTY02JAN2420200PE.NFO,02/01/2024,13:46:27,0.2,0.15,9560,0.2,40560,320,220280
FINNIFTY02JAN2420200PE.NFO,02/01/2024,13:47:00,0.15,0.15,9360,0.2,40200,560,220280
FINNIFTY02JAN2420200PE.NFO,02/01/2024,13:47:09,0.2,0.15,11120,0.2,39640,840,220280
FINNIFTY02JAN2420200PE.NFO,02/01/2024,13:47:17,0.15,0.15,11080,0.2,39400,40,220280
FINNIFTY02JAN2420200PE.NFO,02/01/2024,13:47:34,0.2,0.15,11080,0.2,39400,240,220280
FINNIFTY02JAN2420200PE.NFO,02/01/2024,13:47:43,0.2,0.15,11080,0.2,38960,200,220280
FINNIFTY02JAN2420200PE.NFO,02/01/2024,13:48:01,0.2,0.15,5920,0.2,29880,280,220280
FINNIFTY02JAN2420200PE.NFO,02/01/2024,13:48:18,0.2,0.15,9520,0.2,29680,200,220280
FINNIFTY02JAN2420200PE.NFO,02/01/2024,13:48:27,0.2,0.15,9520,0.2,29280,400,217360
FINNIFTY02JAN2420200PE.NFO,02/01/2024,13:48:44,0.2,0.15,9520,0.2,33240,200,217360
FINNIFTY02JAN2420200PE.NFO,02/01/2024,13:49:17,0.15,0.15,9120,0.2,34880,400,217360
FINNIFTY02JAN2420200PE.NFO,02/01/2024,13:49:33,0.15,0.15,5560,0.2,29240,0,217360
FINNIFTY02JAN2420200PE.NFO,02/01/2024,13:49:42,0.2,0.15,9160,0.2,28800,440,217360
FINNIFTY02JAN2420200PE.NFO,02/01/2024,13:49:50,0.2,0.15,9040,0.2,26560,440,217360
FINNIFTY02JAN2420200PE.NFO,02/01/2024,13:49:58,0.2,0.15,8960,0.2,26360,200,217360
FINNIFTY02JAN2420200PE.NFO,02/01/2024,13:50:06,0.15,0.15,8920,0.2,29960,40,217360
FINNIFTY02JAN2420200PE.NFO,02/01/2024,13:50:15,0.2,0.15,8800,0.2,25800,600,217360
FINNIFTY02JAN2420200PE.NFO,02/01/2024,13:50:33,0.2,0.15,5480,0.2,20400,0,217360
FINNIFTY02JAN2420200PE.NFO,02/01/2024,13:51:01,0.15,0.15,4200,0.2,24000,1280,217360
FINNIFTY02JAN2420200PE.NFO,02/01/2024,13:51:10,0.2,0.15,7160,0.2,23920,80,216320
FINNIFTY02JAN2420200PE.NFO,02/01/2024,13:51:19,0.15,0.15,7120,0.2,27520,40,216320
FINNIFTY02JAN2420200PE.NFO,02/01/2024,13:51:28,0.15,0.15,7040,0.2,28320,80,216320
FINNIFTY02JAN2420200PE.NFO,02/01/2024,13:51:37,0.15,0.15,5760,0.2,28320,1400,216320
FINNIFTY02JAN2420200PE.NFO,02/01/2024,13:51:46,0.15,0.15,5800,0.2,28320,0,216320
FINNIFTY02JAN2420200PE.NFO,02/01/2024,13:51:55,0.15,0.15,5760,0.2,28320,40,216320
FINNIFTY02JAN2420200PE.NFO,02/01/2024,13:52:04,0.15,0.15,6000,0.2,28320,360,216320
FINNIFTY02JAN2420200PE.NFO,02/01/2024,13:52:13,0.15,0.15,5640,0.2,28320,360,216320
FINNIFTY02JAN2420200PE.NFO,02/01/2024,13:52:22,0.2,0.15,5640,0.2,27600,720,216320
FINNIFTY02JAN2420200PE.NFO,02/01/2024,13:52:32,0.2,0.15,5400,0.2,19920,2480,216320
FINNIFTY02JAN2420200PE.NFO,02/01/2024,13:52:41,0.15,0.15,4440,0.2,22480,760,216320
FINNIFTY02JAN2420200PE.NFO,02/01/2024,13:52:51,0.15,0.15,4400,0.2,23880,440,216320
FINNIFTY02JAN2420200PE.NFO,02/01/2024,13:53:00,0.15,0.15,9960,0.2,23880,200,216320
FINNIFTY02JAN2420200PE.NFO,02/01/2024,13:53:09,0.15,0.15,10840,0.2,23880,560,216320
FINNIFTY02JAN2420200PE.NFO,02/01/2024,13:53:18,0.15,0.15,9120,0.2,23160,2600,216320
FINNIFTY02JAN2420200PE.NFO,02/01/2024,13:53:28,0.15,0.15,5080,0.2,22360,4880,216320
FINNIFTY02JAN2420200PE.NFO,02/01/2024,13:53:38,0.2,0.15,200,0.2,31800,5160,216320
FINNIFTY02JAN2420200PE.NFO,02/01/2024,13:53:47,0.15,0.1,147520,0.15,17320,16800,216320
FINNIFTY02JAN2420200PE.NFO,02/01/2024,13:53:47,0.1,0.1,147520,0.15,17320,0,216320
FINNIFTY02JAN2420200PE.NFO,02/01/2024,13:53:57,0.15,0.1,145480,0.15,26360,2320,216320
FINNIFTY02JAN2420200PE.NFO,02/01/2024,13:54:06,0.15,0.1,145480,0.15,28120,40,216320
FINNIFTY02JAN2420200PE.NFO,02/01/2024,13:54:16,0.15,0.1,145480,0.15,29760,160,204960
FINNIFTY02JAN2420200PE.NFO,02/01/2024,13:54:26,0.15,0.1,146280,0.15,28600,2680,204960
FINNIFTY02JAN2420200PE.NFO,02/01/2024,13:54:35,0.1,0.1,148000,0.15,28280,2400,204960
FINNIFTY02JAN2420200PE.NFO,02/01/2024,13:54:44,0.15,0.1,147920,0.15,26840,1520,204960
FINNIFTY02JAN2420200PE.NFO,02/01/2024,13:54:53,0.1,0.1,147880,0.15,26840,40,204960
FINNIFTY02JAN2420200PE.NFO,02/01/2024,13:55:03,0.1,0.1,148800,0.15,26600,0,204960
FINNIFTY02JAN2420200PE.NFO,02/01/2024,13:55:47,0.15,0.1,148800,0.15,26520,80,204960
FINNIFTY02JAN2420200PE.NFO,02/01/2024,13:56:04,0.15,0.1,148800,0.15,26440,80,204960
FINNIFTY02JAN2420200PE.NFO,02/01/2024,13:56:21,0.15,0.1,147880,0.15,27120,1120,204960
FINNIFTY02JAN2420200PE.NFO,02/01/2024,13:56:30,0.15,0.1,147880,0.15,25240,80,204960
FINNIFTY02JAN2420200PE.NFO,02/01/2024,13:56:47,0.15,0.1,147880,0.15,27040,1800,204960
FINNIFTY02JAN2420200PE.NFO,02/01/2024,13:56:56,0.15,0.1,147880,0.15,29760,880,204960
FINNIFTY02JAN2420200PE.NFO,02/01/2024,13:57:05,0.15,0.1,147880,0.15,26560,5000,204960
FINNIFTY02JAN2420200PE.NFO,02/01/2024,13:57:14,0.15,0.1,147840,0.15,30000,200,204960
FINNIFTY02JAN2420200PE.NFO,02/01/2024,13:57:31,0.15,0.1,147840,0.15,27200,4600,203920
FINNIFTY02JAN2420200PE.NFO,02/01/2024,13:57:48,0.15,0.1,147840,0.15,27080,120,203920
FINNIFTY02JAN2420200PE.NFO,02/01/2024,13:57:57,0.15,0.1,147840,0.15,28480,400,203920
FINNIFTY02JAN2420200PE.NFO,02/01/2024,13:58:05,0.15,0.1,147840,0.15,26680,0,203920
FINNIFTY02JAN2420200PE.NFO,02/01/2024,13:58:56,0.15,0.1,144240,0.15,26680,0,203920
FINNIFTY02JAN2420200PE.NFO,02/01/2024,13:59:04,0.1,0.1,142760,0.15,27480,2480,203920
FINNIFTY02JAN2420200PE.NFO,02/01/2024,13:59:13,0.1,0.1,140760,0.15,25680,2000,203920
FINNIFTY02JAN2420200PE.NFO,02/01/2024,13:59:22,0.1,0.1,141760,0.15,25680,800,203920
FINNIFTY02JAN2420200PE.NFO,02/01/2024,13:59:31,0.1,0.1,140960,0.15,27480,800,203920
FINNIFTY02JAN2420200PE.NFO,02/01/2024,13:59:39,0.1,0.1,140480,0.15,31080,480,203920
FINNIFTY02JAN2420200PE.NFO,02/01/2024,13:59:48,0.1,0.1,140000,0.15,32880,480,203920
FINNIFTY02JAN2420200PE.NFO,02/01/2024,13:59:57,0.1,0.1,139160,0.15,32880,840,203920
FINNIFTY02JAN2420200PE.NFO,02/01/2024,14:00:06,0.1,0.1,130000,0.15,33120,160,203920
FINNIFTY02JAN2420200PE.NFO,02/01/2024,14:00:15,0.1,0.1,130000,0.15,31320,0,203920
FINNIFTY02JAN2420200PE.NFO,02/01/2024,14:00:23,0.15,0.1,130000,0.15,31000,80,203920
FINNIFTY02JAN2420200PE.NFO,02/01/2024,14:00:40,0.15,0.1,124600,0.15,34440,0,203920
FINNIFTY02JAN2420200PE.NFO,02/01/2024,14:00:49,0.15,0.1,124600,0.15,32640,0,203920
FINNIFTY02JAN2420200PE.NFO,02/01/2024,14:00:57,0.15,0.1,115920,0.15,30560,2080,203920
FINNIFTY02JAN2420200PE.NFO,02/01/2024,14:01:06,0.15,0.1,115920,0.15,28920,6320,203920
FINNIFTY02JAN2420200PE.NFO,02/01/2024,14:01:15,0.15,0.1,115920,0.15,28680,240,203920
FINNIFTY02JAN2420200PE.NFO,02/01/2024,14:01:32,0.15,0.1,85320,0.15,26880,0,203920
FINNIFTY02JAN2420200PE.NFO,02/01/2024,14:01:41,0.15,0.1,65520,0.15,28480,200,203920
FINNIFTY02JAN2420200PE.NFO,02/01/2024,14:01:50,0.15,0.1,63720,0.15,26680,0,203920
FINNIFTY02JAN2420200PE.NFO,02/01/2024,14:01:59,0.15,0.1,56520,0.15,26440,0,203920
FINNIFTY02JAN2420200PE.NFO,02/01/2024,14:02:07,0.15,0.1,47520,0.15,28240,0,203920
FINNIFTY02JAN2420200PE.NFO,02/01/2024,14:02:16,0.15,0.1,47520,0.15,26600,80,203920
FINNIFTY02JAN2420200PE.NFO,02/01/2024,14:02:33,0.15,0.1,47520,0.15,26600,0,203920
FINNIFTY02JAN2420200PE.NFO,02/01/2024,14:02:42,0.15,0.1,47520,0.15,26560,40,203920
FINNIFTY02JAN2420200PE.NFO,02/01/2024,14:03:25,0.15,0.1,47520,0.15,26240,80,198560
FINNIFTY02JAN2420200PE.NFO,02/01/2024,14:03:34,0.15,0.1,47520,0.15,27640,400,198560
FINNIFTY02JAN2420200PE.NFO,02/01/2024,14:03:43,0.15,0.1,47520,0.15,27160,80,198560
FINNIFTY02JAN2420200PE.NFO,02/01/2024,14:03:52,0.15,0.1,47520,0.15,24960,800,198560
FINNIFTY02JAN2420200PE.NFO,02/01/2024,14:04:02,0.15,0.1,47520,0.15,20160,3000,198560
FINNIFTY02JAN2420200PE.NFO,02/01/2024,14:04:11,0.1,0.1,46720,0.15,20000,960,198560
FINNIFTY02JAN2420200PE.NFO,02/01/2024,14:04:20,0.1,0.1,45040,0.15,23440,1840,198560
FINNIFTY02JAN2420200PE.NFO,02/01/2024,14:04:30,0.1,0.1,42960,0.15,23360,2160,198560
FINNIFTY02JAN2420200PE.NFO,02/01/2024,14:04:39,0.15,0.1,42560,0.15,21680,520,198560
FINNIFTY02JAN2420200PE.NFO,02/01/2024,14:04:49,0.15,0.1,42560,0.15,21240,440,198560
FINNIFTY02JAN2420200PE.NFO,02/01/2024,14:04:58,0.1,0.1,31760,0.15,24000,2760,198560
FINNIFTY02JAN2420200PE.NFO,02/01/2024,14:05:07,0.15,0.1,27320,0.15,25720,80,198560
FINNIFTY02JAN2420200PE.NFO,02/01/2024,14:05:34,0.15,0.1,27320,0.15,25440,40,198560
FINNIFTY02JAN2420200PE.NFO,02/01/2024,14:05:43,0.15,0.1,27320,0.15,23520,120,198560
FINNIFTY02JAN2420200PE.NFO,02/01/2024,14:05:51,0.15,0.1,27320,0.15,23440,80,198560
FINNIFTY02JAN2420200PE.NFO,02/01/2024,14:06:00,0.15,0.1,27320,0.15,23400,40,198560
FINNIFTY02JAN2420200PE.NFO,02/01/2024,14:06:08,0.15,0.1,27320,0.15,24000,1200,198560
FINNIFTY02JAN2420200PE.NFO,02/01/2024,14:06:16,0.15,0.1,27320,0.15,23960,40,198480
FINNIFTY02JAN2420200PE.NFO,02/01/2024,14:06:25,0.15,0.1,27320,0.15,22160,0,198480
FINNIFTY02JAN2420200PE.NFO,02/01/2024,14:06:49,0.15,0.1,27320,0.15,22360,40,198480
FINNIFTY02JAN2420200PE.NFO,02/01/2024,14:06:58,0.15,0.1,27320,0.15,23480,680,198480
FINNIFTY02JAN2420200PE.NFO,02/01/2024,14:07:07,0.15,0.1,27320,0.15,21560,1920,198480
FINNIFTY02JAN2420200PE.NFO,02/01/2024,14:07:56,0.15,0.1,27320,0.15,19320,2000,198480
FINNIFTY02JAN2420200PE.NFO,02/01/2024,14:08:12,0.15,0.1,27320,0.15,16320,3000,198480
FINNIFTY02JAN2420200PE.NFO,02/01/2024,14:08:20,0.15,0.1,27320,0.15,19520,1000,198480
FINNIFTY02JAN2420200PE.NFO,02/01/2024,14:08:37,0.15,0.1,27320,0.15,18520,2200,198480
FINNIFTY02JAN2420200PE.NFO,02/01/2024,14:08:45,0.15,0.1,27320,0.15,14680,0,198480
FINNIFTY02JAN2420200PE.NFO,02/01/2024,14:09:02,0.15,0.1,27320,0.15,13720,1200,198480
FINNIFTY02JAN2420200PE.NFO,02/01/2024,14:09:12,0.15,0.1,27320,0.15,16120,1200,198480
FINNIFTY02JAN2420200PE.NFO,02/01/2024,14:09:22,0.15,0.1,27320,0.15,15280,840,207280
FINNIFTY02JAN2420200PE.NFO,02/01/2024,14:09:41,0.15,0.1,27320,0.15,13480,0,207280
FINNIFTY02JAN2420200PE.NFO,02/01/2024,14:10:00,0.15,0.1,27320,0.15,13960,1080,207280
FINNIFTY02JAN2420200PE.NFO,02/01/2024,14:10:13,0.15,0.1,27120,0.15,9800,2440,207280
FINNIFTY02JAN2420200PE.NFO,02/01/2024,14:10:24,0.1,0.1,26960,0.15,9800,160,207280
FINNIFTY02JAN2420200PE.NFO,02/01/2024,14:10:34,0.15,0.1,26920,0.15,8880,1320,207280
FINNIFTY02JAN2420200PE.NFO,02/01/2024,14:10:44,0.15,0.1,26920,0.15,9240,1800,207280
FINNIFTY02JAN2420200PE.NFO,02/01/2024,14:10:54,0.1,0.1,26760,0.15,7440,160,207280
FINNIFTY02JAN2420200PE.NFO,02/01/2024,14:11:04,0.1,0.1,26560,0.15,8600,600,207280
FINNIFTY02JAN2420200PE.NFO,02/01/2024,14:11:16,0.15,0.1,49680,0.15,9560,1360,207280
FINNIFTY02JAN2420200PE.NFO,02/01/2024,14:11:28,0.1,0.1,62160,0.15,7480,840,207280
FINNIFTY02JAN2420200PE.NFO,02/01/2024,14:11:38,0.15,0.1,62160,0.15,5680,1800,207280
FINNIFTY02JAN2420200PE.NFO,02/01/2024,14:11:48,0.15,0.15,34360,0.2,23120,10400,207280
FINNIFTY02JAN2420200PE.NFO,02/01/2024,14:12:08,0.15,0.15,33960,0.2,23120,400,207280
FINNIFTY02JAN2420200PE.NFO,02/01/2024,14:12:28,0.15,0.15,33760,0.2,23120,200,213800
FINNIFTY02JAN2420200PE.NFO,02/01/2024,14:12:56,0.15,0.15,33880,0.2,22800,1040,213800
FINNIFTY02JAN2420200PE.NFO,02/01/2024,14:13:06,0.15,0.15,33560,0.2,22000,1440,213800
FINNIFTY02JAN2420200PE.NFO,02/01/2024,14:13:16,0.15,0.15,34320,0.2,21120,1840,213800
FINNIFTY02JAN2420200PE.NFO,02/01/2024,14:13:27,0.2,0.15,33800,0.2,20800,840,213800
FINNIFTY02JAN2420200PE.NFO,02/01/2024,14:13:37,0.15,0.15,33480,0.2,15240,480,213800
FINNIFTY02JAN2420200PE.NFO,02/01/2024,14:13:48,0.2,0.15,33400,0.2,15080,240,213800
FINNIFTY02JAN2420200PE.NFO,02/01/2024,14:13:58,0.2,0.15,33400,0.2,15000,80,213800
FINNIFTY02JAN2420200PE.NFO,02/01/2024,14:14:09,0.2,0.15,33400,0.2,15000,0,213800
FINNIFTY02JAN2420200PE.NFO,02/01/2024,14:14:20,0.2,0.15,33400,0.2,14760,240,213800
FINNIFTY02JAN2420200PE.NFO,02/01/2024,14:14:30,0.2,0.15,33400,0.2,14760,0,213800
FINNIFTY02JAN2420200PE.NFO,02/01/2024,14:14:50,0.15,0.15,34800,0.2,14760,2080,213800
FINNIFTY02JAN2420200PE.NFO,02/01/2024,14:14:59,0.15,0.15,34800,0.2,14760,0,213800
FINNIFTY02JAN2420200PE.NFO,02/01/2024,14:15:18,0.15,0.15,34560,0.2,14680,320,212960
FINNIFTY02JAN2420200PE.NFO,02/01/2024,14:15:28,0.15,0.15,34560,0.2,14680,0,212960
FINNIFTY02JAN2420200PE.NFO,02/01/2024,14:15:38,0.15,0.15,34480,0.2,14680,80,212960
FINNIFTY02JAN2420200PE.NFO,02/01/2024,14:15:47,0.15,0.15,34400,0.2,14680,80,212960
FINNIFTY02JAN2420200PE.NFO,02/01/2024,14:15:57,0.15,0.15,34400,0.2,14680,0,212960
FINNIFTY02JAN2420200PE.NFO,02/01/2024,14:16:16,0.15,0.15,36200,0.2,14680,0,212960
FINNIFTY02JAN2420200PE.NFO,02/01/2024,14:16:43,0.15,0.15,33160,0.2,14680,3040,212960
FINNIFTY02JAN2420200PE.NFO,02/01/2024,14:16:52,0.15,0.15,33000,0.2,14680,160,212960
FINNIFTY02JAN2420200PE.NFO,02/01/2024,14:17:01,0.15,0.15,32880,0.2,14680,120,212960
FINNIFTY02JAN2420200PE.NFO,02/01/2024,14:17:19,0.2,0.15,32240,0.2,12800,1960,212960
FINNIFTY02JAN2420200PE.NFO,02/01/2024,14:17:28,0.15,0.15,32120,0.2,12800,120,212960
FINNIFTY02JAN2420200PE.NFO,02/01/2024,14:17:37,0.15,0.15,32040,0.2,12800,80,212960
FINNIFTY02JAN2420200PE.NFO,02/01/2024,14:17:47,0.2,0.15,31920,0.2,12600,320,212960
FINNIFTY02JAN2420200PE.NFO,02/01/2024,14:17:57,0.2,0.15,31920,0.2,12480,120,212960
FINNIFTY02JAN2420200PE.NFO,02/01/2024,14:18:07,0.2,0.15,30920,0.2,11080,2800,212960
FINNIFTY02JAN2420200PE.NFO,02/01/2024,14:18:25,0.15,0.15,23960,0.2,11080,7280,217000
FINNIFTY02JAN2420200PE.NFO,02/01/2024,14:18:55,0.15,0.15,24440,0.2,10920,1960,217000
FINNIFTY02JAN2420200PE.NFO,02/01/2024,14:19:06,0.15,0.15,14480,0.2,10920,9960,217000
FINNIFTY02JAN2420200PE.NFO,02/01/2024,14:19:17,0.15,0.15,4000,0.2,12720,12120,217000
FINNIFTY02JAN2420200PE.NFO,02/01/2024,14:19:27,0.1,0.1,35360,0.15,2720,5320,217000
FINNIFTY02JAN2420200PE.NFO,02/01/2024,14:19:38,0.1,0.1,29280,0.15,2560,4520,217000
FINNIFTY02JAN2420200PE.NFO,02/01/2024,14:19:48,0.1,0.1,29640,0.15,7920,1440,217000
FINNIFTY02JAN2420200PE.NFO,02/01/2024,14:19:57,0.1,0.1,31880,0.15,7920,240,217000
FINNIFTY02JAN2420200PE.NFO,02/01/2024,14:20:07,0.1,0.1,33360,0.15,14920,720,217000
FINNIFTY02JAN2420200PE.NFO,02/01/2024,14:20:17,0.1,0.1,33240,0.15,13120,120,217000
FINNIFTY02JAN2420200PE.NFO,02/01/2024,14:20:26,0.15,0.1,33240,0.15,14880,40,217000
FINNIFTY02JAN2420200PE.NFO,02/01/2024,14:20:36,0.1,0.1,33360,0.15,13280,160,217000
FINNIFTY02JAN2420200PE.NFO,02/01/2024,14:20:45,0.1,0.1,33160,0.15,10080,160,217000
FINNIFTY02JAN2420200PE.NFO,02/01/2024,14:20:54,0.1,0.1,33280,0.15,19720,520,217000
FINNIFTY02JAN2420200PE.NFO,02/01/2024,14:21:03,0.1,0.1,33240,0.15,19720,40,217000
FINNIFTY02JAN2420200PE.NFO,02/01/2024,14:21:13,0.1,0.1,34920,0.15,19960,120,217000
FINNIFTY02JAN2420200PE.NFO,02/01/2024,14:21:22,0.1,0.1,34840,0.15,19960,80,216520
FINNIFTY02JAN2420200PE.NFO,02/01/2024,14:21:31,0.1,0.1,14320,0.15,19960,80,216520
FINNIFTY02JAN2420200PE.NFO,02/01/2024,14:21:40,0.15,0.1,14960,0.15,12360,720,216520
FINNIFTY02JAN2420200PE.NFO,02/01/2024,14:21:49,0.1,0.1,12320,0.15,12360,5760,216520
FINNIFTY02JAN2420200PE.NFO,02/01/2024,14:21:59,0.1,0.1,12240,0.15,19400,80,216520
FINNIFTY02JAN2420200PE.NFO,02/01/2024,14:22:08,0.1,0.1,12120,0.15,15800,120,216520
FINNIFTY02JAN2420200PE.NFO,02/01/2024,14:22:17,0.1,0.1,12120,0.15,15800,0,216520
FINNIFTY02JAN2420200PE.NFO,02/01/2024,14:22:26,0.1,0.1,11840,0.15,15800,280,216520
FINNIFTY02JAN2420200PE.NFO,02/01/2024,14:22:35,0.1,0.1,11840,0.15,15800,0,216520
FINNIFTY02JAN2420200PE.NFO,02/01/2024,14:22:45,0.1,0.1,11560,0.15,15800,280,216520
FINNIFTY02JAN2420200PE.NFO,02/01/2024,14:23:04,0.1,0.1,11560,0.15,20800,0,216520
FINNIFTY02JAN2420200PE.NFO,02/01/2024,14:23:13,0.15,0.1,9760,0.15,17440,160,216520
FINNIFTY02JAN2420200PE.NFO,02/01/2024,14:23:32,0.15,0.1,15400,0.15,15640,0,216520
FINNIFTY02JAN2420200PE.NFO,02/01/2024,14:23:50,0.15,0.1,15600,0.15,15520,120,216520
FINNIFTY02JAN2420200PE.NFO,02/01/2024,14:23:59,0.15,0.1,15600,0.15,18960,160,216520
FINNIFTY02JAN2420200PE.NFO,02/01/2024,14:24:08,0.15,0.1,15840,0.15,13720,0,216520
FINNIFTY02JAN2420200PE.NFO,02/01/2024,14:24:17,0.15,0.1,15840,0.15,11920,0,216520
FINNIFTY02JAN2420200PE.NFO,02/01/2024,14:24:35,0.15,0.1,15840,0.15,10120,0,216520
FINNIFTY02JAN2420200PE.NFO,02/01/2024,14:24:44,0.15,0.1,15840,0.15,13760,0,216520
FINNIFTY02JAN2420200PE.NFO,02/01/2024,14:24:53,0.15,0.1,14040,0.15,20760,0,216520
