Ticker,Date,Time,LTP,BuyPrice,BuyQty,SellPrice,SellQty,LTQ,OpenInterest
FINNIFTY02JAN2421250CE.NFO,02/01/2024,09:15:03,165,157.15,80,168.7,80,40,41280
FINNIFTY02JAN2421250CE.NFO,02/01/2024,09:15:03,165,157.15,80,168.7,80,0,41280
FINNIFTY02JAN2421250CE.NFO,02/01/2024,09:15:03,165,157.15,80,168.7,80,0,41280
FINNIFTY02JAN2421250CE.NFO,02/01/2024,09:15:03,165,157.15,80,168.7,80,0,41280
FINNIFTY02JAN2421250CE.NFO,02/01/2024,09:15:05,165,168.9,320,171.05,80,0,41280
FINNIFTY02JAN2421250CE.NFO,02/01/2024,09:15:06,175,168.9,80,171.8,80,200,41280
FINNIFTY02JAN2421250CE.NFO,02/01/2024,09:15:06,175,168.9,80,171.8,80,0,41280
FINNIFTY02JAN2421250CE.NFO,02/01/2024,09:15:08,168.6,167.9,40,169.75,400,520,41280
FINNIFTY02JAN2421250CE.NFO,02/01/2024,09:15:10,168.6,162.35,80,165.65,240,0,41280
FINNIFTY02JAN2421250CE.NFO,02/01/2024,09:15:11,168.6,162.35,80,163.95,400,0,41280
FINNIFTY02JAN2421250CE.NFO,02/01/2024,09:15:13,168.6,163.45,80,164.55,880,0,41280
FINNIFTY02JAN2421250CE.NFO,02/01/2024,09:15:14,162.2,160.95,80,162.15,120,400,41280
FINNIFTY02JAN2421250CE.NFO,02/01/2024,09:15:14,162.2,160.95,80,162.15,120,0,41280
FINNIFTY02JAN2421250CE.NFO,02/01/2024,09:15:16,158.95,159.55,40,160.55,80,440,41280
FINNIFTY02JAN2421250CE.NFO,02/01/2024,09:15:16,158.45,159.55,40,160.55,80,0,41280
FINNIFTY02JAN2421250CE.NFO,02/01/2024,09:15:18,158.95,161.75,40,162.65,80,0,41280
FINNIFTY02JAN2421250CE.NFO,02/01/2024,09:15:19,165.25,165.1,360,166.1,80,240,41280
FINNIFTY02JAN2421250CE.NFO,02/01/2024,09:15:21,165.25,164,360,164.65,80,0,41280
FINNIFTY02JAN2421250CE.NFO,02/01/2024,09:15:23,162.45,162.7,360,163.25,80,120,41280
FINNIFTY02JAN2421250CE.NFO,02/01/2024,09:15:24,162.25,161.5,360,162.1,80,40,41280
FINNIFTY02JAN2421250CE.NFO,02/01/2024,09:15:26,162.15,161.3,360,162.05,80,40,41280
FINNIFTY02JAN2421250CE.NFO,02/01/2024,09:15:27,161.7,162.25,160,162.75,40,40,41280
FINNIFTY02JAN2421250CE.NFO,02/01/2024,09:15:29,163.5,163,360,163.5,80,440,41280
FINNIFTY02JAN2421250CE.NFO,02/01/2024,09:15:31,164.7,163.9,400,164.95,80,160,41280
FINNIFTY02JAN2421250CE.NFO,02/01/2024,09:15:32,164.45,163.55,40,164.15,200,40,41280
FINNIFTY02JAN2421250CE.NFO,02/01/2024,09:15:34,164.45,162.3,360,162.95,80,0,41280
FINNIFTY02JAN2421250CE.NFO,02/01/2024,09:15:36,161.7,161.9,40,162.65,80,3640,41280
FINNIFTY02JAN2421250CE.NFO,02/01/2024,09:15:37,162.1,162.25,280,163.3,80,5440,41280
FINNIFTY02JAN2421250CE.NFO,02/01/2024,09:15:39,162.8,164.05,40,165,80,1840,41280
FINNIFTY02JAN2421250CE.NFO,02/01/2024,09:15:40,165.1,165.2,360,165.65,40,440,41280
FINNIFTY02JAN2421250CE.NFO,02/01/2024,09:15:42,165.1,164.95,40,165.35,40,0,41280
FINNIFTY02JAN2421250CE.NFO,02/01/2024,09:15:44,165.6,166.45,80,167.05,80,400,41280
FINNIFTY02JAN2421250CE.NFO,02/01/2024,09:15:45,165.6,166.25,80,166.95,80,0,41280
FINNIFTY02JAN2421250CE.NFO,02/01/2024,09:15:47,165.75,165.35,40,166,80,40,41280
FINNIFTY02JAN2421250CE.NFO,02/01/2024,09:15:49,164,163.75,40,164.25,320,80,41280
FINNIFTY02JAN2421250CE.NFO,02/01/2024,09:15:50,162.95,162.25,80,162.9,80,480,41280
FINNIFTY02JAN2421250CE.NFO,02/01/2024,09:15:52,163.15,163.7,360,164.3,80,80,41280
FINNIFTY02JAN2421250CE.NFO,02/01/2024,09:15:53,164.2,162.55,80,163.35,80,480,41280
FINNIFTY02JAN2421250CE.NFO,02/01/2024,09:15:55,163.45,163.25,80,163.75,40,1920,41280
FINNIFTY02JAN2421250CE.NFO,02/01/2024,09:15:57,161.45,161.45,80,162,40,320,41280
FINNIFTY02JAN2421250CE.NFO,02/01/2024,09:15:58,161.45,161.3,400,161.85,40,0,41280
FINNIFTY02JAN2421250CE.NFO,02/01/2024,09:16:00,162.75,162.7,360,163.35,240,1440,41280
FINNIFTY02JAN2421250CE.NFO,02/01/2024,09:16:01,161.7,161.6,640,162.3,80,560,41280
FINNIFTY02JAN2421250CE.NFO,02/01/2024,09:16:03,163.05,162.75,80,163.15,80,120,41280
FINNIFTY02JAN2421250CE.NFO,02/01/2024,09:16:05,163.7,163.4,80,163.85,80,600,41280
FINNIFTY02JAN2421250CE.NFO,02/01/2024,09:16:06,164.2,166.2,40,166.7,400,520,41280
FINNIFTY02JAN2421250CE.NFO,02/01/2024,09:16:08,168.25,167.65,80,168.25,240,360,41280
FINNIFTY02JAN2421250CE.NFO,02/01/2024,09:16:10,166.3,165.6,360,166.15,600,280,41280
FINNIFTY02JAN2421250CE.NFO,02/01/2024,09:16:11,166.35,166.6,440,167.2,40,480,41280
FINNIFTY02JAN2421250CE.NFO,02/01/2024,09:16:13,167.25,167.05,120,167.7,1360,280,41280
FINNIFTY02JAN2421250CE.NFO,02/01/2024,09:16:14,166,165.3,80,165.85,40,1000,41280
FINNIFTY02JAN2421250CE.NFO,02/01/2024,09:16:16,164.75,164.1,440,164.75,40,240,41280
FINNIFTY02JAN2421250CE.NFO,02/01/2024,09:16:18,164.1,164.1,360,164.65,40,160,41280
FINNIFTY02JAN2421250CE.NFO,02/01/2024,09:16:19,164.75,163.9,360,164.5,120,360,41280
FINNIFTY02JAN2421250CE.NFO,02/01/2024,09:16:21,163.45,163.1,960,163.4,40,10040,41280
FINNIFTY02JAN2421250CE.NFO,02/01/2024,09:16:22,161.1,160.1,360,160.65,80,1080,41280
FINNIFTY02JAN2421250CE.NFO,02/01/2024,09:16:24,160.9,160.7,920,161.25,80,280,41280
FINNIFTY02JAN2421250CE.NFO,02/01/2024,09:16:26,159.8,159.9,360,160.35,40,200,41280
FINNIFTY02JAN2421250CE.NFO,02/01/2024,09:16:27,158.85,159.55,560,160.05,40,120,41280
FINNIFTY02JAN2421250CE.NFO,02/01/2024,09:16:29,159,159.9,360,160.4,40,80,41280
FINNIFTY02JAN2421250CE.NFO,02/01/2024,09:16:31,162.3,161.4,360,161.95,920,80,41280
FINNIFTY02JAN2421250CE.NFO,02/01/2024,09:16:32,161.9,160.65,320,161.2,80,880,41280
FINNIFTY02JAN2421250CE.NFO,02/01/2024,09:16:34,161.9,160,40,160.35,120,0,41280
FINNIFTY02JAN2421250CE.NFO,02/01/2024,09:16:35,161.9,161.65,80,162.2,80,0,41280
FINNIFTY02JAN2421250CE.NFO,02/01/2024,09:16:37,160.85,160.15,680,160.6,40,40,41280
FINNIFTY02JAN2421250CE.NFO,02/01/2024,09:16:39,160.7,160,400,160.5,160,240,41280
FINNIFTY02JAN2421250CE.NFO,02/01/2024,09:16:40,160.75,160.1,360,160.6,880,80,41280
FINNIFTY02JAN2421250CE.NFO,02/01/2024,09:16:42,161.05,161.05,40,161.55,40,80,41280
FINNIFTY02JAN2421250CE.NFO,02/01/2024,09:16:43,161.75,161.3,1000,161.75,240,40,41280
FINNIFTY02JAN2421250CE.NFO,02/01/2024,09:16:45,162.5,164.4,920,165,240,120,41280
FINNIFTY02JAN2421250CE.NFO,02/01/2024,09:16:47,164.7,164,360,164.45,40,480,41280
FINNIFTY02JAN2421250CE.NFO,02/01/2024,09:16:48,164.7,165.2,480,165.7,320,0,41280
FINNIFTY02JAN2421250CE.NFO,02/01/2024,09:16:50,164.7,166.5,360,166.95,40,0,41280
FINNIFTY02JAN2421250CE.NFO,02/01/2024,09:16:51,164.7,164.8,480,165.4,40,0,41280
FINNIFTY02JAN2421250CE.NFO,02/01/2024,09:16:53,164.45,164.05,360,164.55,80,3640,41280
FINNIFTY02JAN2421250CE.NFO,02/01/2024,09:16:55,163.75,162.9,40,163.35,80,40,41280
FINNIFTY02JAN2421250CE.NFO,02/01/2024,09:16:56,163.3,163.4,80,163.8,40,720,41280
FINNIFTY02JAN2421250CE.NFO,02/01/2024,09:16:58,164.95,164.6,160,164.95,520,840,41280
FINNIFTY02JAN2421250CE.NFO,02/01/2024,09:16:59,164.45,164.3,40,164.85,320,1240,41280
FINNIFTY02JAN2421250CE.NFO,02/01/2024,09:17:01,165.2,164.35,40,164.85,80,1920,41280
FINNIFTY02JAN2421250CE.NFO,02/01/2024,09:17:03,163.5,163.05,400,163.75,40,2360,41280
FINNIFTY02JAN2421250CE.NFO,02/01/2024,09:17:04,163.75,162.75,80,163.2,680,1560,41280
FINNIFTY02JAN2421250CE.NFO,02/01/2024,09:17:06,163.85,163.5,560,164.05,640,240,41280
FINNIFTY02JAN2421250CE.NFO,02/01/2024,09:17:08,165,164.55,200,165,80,720,41280
FINNIFTY02JAN2421250CE.NFO,02/01/2024,09:17:09,164.35,163.8,1200,164.3,200,2120,41280
FINNIFTY02JAN2421250CE.NFO,02/01/2024,09:17:11,163,163,200,163.45,80,1280,41280
FINNIFTY02JAN2421250CE.NFO,02/01/2024,09:17:12,163.1,163.2,360,163.7,520,520,41280
FINNIFTY02JAN2421250CE.NFO,02/01/2024,09:17:14,163.45,163.45,240,163.95,120,840,41280
FINNIFTY02JAN2421250CE.NFO,02/01/2024,09:17:16,164.2,163.7,400,164.2,320,680,41280
FINNIFTY02JAN2421250CE.NFO,02/01/2024,09:17:17,165,165.4,360,165.9,1200,960,41280
FINNIFTY02JAN2421250CE.NFO,02/01/2024,09:17:19,167.15,166.6,560,167.2,320,4320,41280
FINNIFTY02JAN2421250CE.NFO,02/01/2024,09:17:20,167.05,166.6,680,167.15,120,520,41280
FINNIFTY02JAN2421250CE.NFO,02/01/2024,09:17:22,166.9,166.65,80,167.1,240,480,60720
FINNIFTY02JAN2421250CE.NFO,02/01/2024,09:17:23,167.05,166.4,1040,166.85,120,840,60720
FINNIFTY02JAN2421250CE.NFO,02/01/2024,09:17:25,166,165.45,200,165.95,560,360,60720
FINNIFTY02JAN2421250CE.NFO,02/01/2024,09:17:27,166.05,166.05,120,166.5,560,560,60720
FINNIFTY02JAN2421250CE.NFO,02/01/2024,09:17:28,163.95,163.85,560,164.4,120,400,60720
FINNIFTY02JAN2421250CE.NFO,02/01/2024,09:17:30,163.35,163.3,80,163.85,640,520,60720
FINNIFTY02JAN2421250CE.NFO,02/01/2024,09:17:31,163.55,163.5,560,164,120,1120,60720
FINNIFTY02JAN2421250CE.NFO,02/01/2024,09:17:33,164.1,164,920,164.55,80,680,60720
FINNIFTY02JAN2421250CE.NFO,02/01/2024,09:17:35,163.8,163.75,520,164.25,360,120,60720
FINNIFTY02JAN2421250CE.NFO,02/01/2024,09:17:36,163.4,163.35,720,163.85,160,440,60720
FINNIFTY02JAN2421250CE.NFO,02/01/2024,09:17:38,164.9,165.7,360,166.2,80,80,60720
FINNIFTY02JAN2421250CE.NFO,02/01/2024,09:17:39,163.1,163.2,360,163.7,320,480,60720
FINNIFTY02JAN2421250CE.NFO,02/01/2024,09:17:41,162.05,161.9,360,162.45,400,240,60720
FINNIFTY02JAN2421250CE.NFO,02/01/2024,09:17:43,162.35,162.4,160,162.9,160,320,60720
FINNIFTY02JAN2421250CE.NFO,02/01/2024,09:17:44,161.9,161.7,80,162.2,200,200,60720
FINNIFTY02JAN2421250CE.NFO,02/01/2024,09:17:46,162.45,161.7,200,162.2,440,200,60720
FINNIFTY02JAN2421250CE.NFO,02/01/2024,09:17:47,162,161.7,80,162.15,80,160,60720
FINNIFTY02JAN2421250CE.NFO,02/01/2024,09:17:49,163,163.25,200,163.7,320,160,60720
FINNIFTY02JAN2421250CE.NFO,02/01/2024,09:17:51,163,162.7,40,163.1,240,0,60720
FINNIFTY02JAN2421250CE.NFO,02/01/2024,09:17:52,163.2,162.55,40,163.05,160,120,60720
FINNIFTY02JAN2421250CE.NFO,02/01/2024,09:17:54,163.2,162.6,840,163.1,200,0,60720
FINNIFTY02JAN2421250CE.NFO,02/01/2024,09:17:55,163.2,162.05,160,162.55,120,0,60720
FINNIFTY02JAN2421250CE.NFO,02/01/2024,09:17:57,163.2,162.5,560,162.95,280,0,60720
FINNIFTY02JAN2421250CE.NFO,02/01/2024,09:17:58,163.2,162.8,40,163.1,960,0,60720
FINNIFTY02JAN2421250CE.NFO,02/01/2024,09:18:00,163.2,162.2,680,162.75,160,0,60720
FINNIFTY02JAN2421250CE.NFO,02/01/2024,09:18:02,163.2,163.7,400,164.25,40,0,60720
FINNIFTY02JAN2421250CE.NFO,02/01/2024,09:18:03,164.7,164.75,40,165.2,1040,80,60720
FINNIFTY02JAN2421250CE.NFO,02/01/2024,09:18:05,164.7,164.6,40,164.95,560,0,60720
FINNIFTY02JAN2421250CE.NFO,02/01/2024,09:18:07,165.35,165.5,240,165.95,200,40,60720
FINNIFTY02JAN2421250CE.NFO,02/01/2024,09:18:08,166.05,165.95,280,166.4,120,400,60720
FINNIFTY02JAN2421250CE.NFO,02/01/2024,09:18:10,166.05,165,400,165.55,200,0,60720
FINNIFTY02JAN2421250CE.NFO,02/01/2024,09:18:12,164.4,163.85,240,164.2,640,120,60720
FINNIFTY02JAN2421250CE.NFO,02/01/2024,09:18:13,164,164.2,200,164.55,560,40,60720
FINNIFTY02JAN2421250CE.NFO,02/01/2024,09:18:15,164.4,164.35,600,164.8,1040,80,60720
FINNIFTY02JAN2421250CE.NFO,02/01/2024,09:18:17,163.8,162.55,120,162.9,160,40,60720
FINNIFTY02JAN2421250CE.NFO,02/01/2024,09:18:18,161.55,161.35,400,161.75,200,200,60720
FINNIFTY02JAN2421250CE.NFO,02/01/2024,09:18:20,160.8,160.2,280,160.65,760,600,60720
FINNIFTY02JAN2421250CE.NFO,02/01/2024,09:18:21,160.2,160.3,280,160.7,640,280,60720
FINNIFTY02JAN2421250CE.NFO,02/01/2024,09:18:23,161.7,161.4,80,161.9,640,40,60720
FINNIFTY02JAN2421250CE.NFO,02/01/2024,09:18:25,161,161.1,720,161.65,640,80,60720
FINNIFTY02JAN2421250CE.NFO,02/01/2024,09:18:26,161,160.5,720,160.9,640,0,60720
FINNIFTY02JAN2421250CE.NFO,02/01/2024,09:18:28,161,161.9,520,162.4,800,0,60720
FINNIFTY02JAN2421250CE.NFO,02/01/2024,09:18:30,161,161.9,760,162.4,280,0,60720
FINNIFTY02JAN2421250CE.NFO,02/01/2024,09:18:31,162,161.4,400,161.85,120,40,60720
FINNIFTY02JAN2421250CE.NFO,02/01/2024,09:18:33,161.8,161.05,520,161.55,360,160,60720
FINNIFTY02JAN2421250CE.NFO,02/01/2024,09:18:34,161.8,161.95,160,162.4,640,0,60720
FINNIFTY02JAN2421250CE.NFO,02/01/2024,09:18:36,161.8,161.8,160,162.3,800,0,60720
FINNIFTY02JAN2421250CE.NFO,02/01/2024,09:18:37,161.8,162.35,560,162.9,720,2680,60720
FINNIFTY02JAN2421250CE.NFO,02/01/2024,09:18:39,163.15,162.75,40,163.2,200,80,60720
FINNIFTY02JAN2421250CE.NFO,02/01/2024,09:18:41,163.15,162.65,600,163.1,280,0,60720
FINNIFTY02JAN2421250CE.NFO,02/01/2024,09:18:42,163.15,163.2,400,163.7,160,0,60720
FINNIFTY02JAN2421250CE.NFO,02/01/2024,09:18:44,163.15,164.35,200,164.85,80,0,60720
FINNIFTY02JAN2421250CE.NFO,02/01/2024,09:18:45,164.7,164.3,40,164.75,640,360,60720
FINNIFTY02JAN2421250CE.NFO,02/01/2024,09:18:47,164.7,164.3,1000,164.85,80,0,60720
FINNIFTY02JAN2421250CE.NFO,02/01/2024,09:18:49,164.7,164.4,360,164.85,80,0,60720
FINNIFTY02JAN2421250CE.NFO,02/01/2024,09:18:50,164.7,165.55,640,166.05,160,0,60720
FINNIFTY02JAN2421250CE.NFO,02/01/2024,09:18:52,164.7,166.1,1000,166.65,600,0,60720
FINNIFTY02JAN2421250CE.NFO,02/01/2024,09:18:54,164.7,165.55,560,166.05,720,0,60720
FINNIFTY02JAN2421250CE.NFO,02/01/2024,09:18:55,164.7,166.2,440,166.65,80,0,60720
FINNIFTY02JAN2421250CE.NFO,02/01/2024,09:18:57,166.35,165.85,40,166.35,80,40,60720
FINNIFTY02JAN2421250CE.NFO,02/01/2024,09:18:58,166.35,165.85,320,166.35,80,0,60720
FINNIFTY02JAN2421250CE.NFO,02/01/2024,09:19:00,166.5,165.45,40,165.9,80,200,60720
FINNIFTY02JAN2421250CE.NFO,02/01/2024,09:19:02,167.3,166.3,200,166.8,280,200,60720
FINNIFTY02JAN2421250CE.NFO,02/01/2024,09:19:03,165.7,165.2,1200,165.75,160,40,60720
FINNIFTY02JAN2421250CE.NFO,02/01/2024,09:19:05,165.9,165.5,80,165.9,480,1120,60720
FINNIFTY02JAN2421250CE.NFO,02/01/2024,09:19:07,166.5,166.15,40,166.6,280,1680,60720
FINNIFTY02JAN2421250CE.NFO,02/01/2024,09:19:08,166,165.85,120,166.35,640,40,60720
FINNIFTY02JAN2421250CE.NFO,02/01/2024,09:19:10,165.65,166.55,80,166.95,200,40,60720
FINNIFTY02JAN2421250CE.NFO,02/01/2024,09:19:11,167,167.75,320,168.25,640,400,60720
FINNIFTY02JAN2421250CE.NFO,02/01/2024,09:19:13,169,168.9,160,169.35,1040,480,60720
FINNIFTY02JAN2421250CE.NFO,02/01/2024,09:19:15,169,169.85,160,170.4,760,0,60720
FINNIFTY02JAN2421250CE.NFO,02/01/2024,09:19:16,169,169.85,160,170.3,80,0,60720
FINNIFTY02JAN2421250CE.NFO,02/01/2024,09:19:18,169,169.8,240,170.2,80,0,60720
FINNIFTY02JAN2421250CE.NFO,02/01/2024,09:19:20,169.55,169.7,760,170.2,520,440,60720
FINNIFTY02JAN2421250CE.NFO,02/01/2024,09:19:21,169.55,169.3,560,169.85,440,0,60720
FINNIFTY02JAN2421250CE.NFO,02/01/2024,09:19:23,168.4,167.9,280,168.4,400,240,60720
FINNIFTY02JAN2421250CE.NFO,02/01/2024,09:19:24,167.05,167.3,200,167.75,80,40,60720
FINNIFTY02JAN2421250CE.NFO,02/01/2024,09:19:26,167.8,167.6,720,168.1,600,80,60720
FINNIFTY02JAN2421250CE.NFO,02/01/2024,09:19:28,166.9,167.05,160,167.55,600,80,60720
FINNIFTY02JAN2421250CE.NFO,02/01/2024,09:19:29,167.4,167.95,640,168.4,200,80,60720
FINNIFTY02JAN2421250CE.NFO,02/01/2024,09:19:31,168.25,168.05,720,168.55,1000,320,60720
FINNIFTY02JAN2421250CE.NFO,02/01/2024,09:19:32,168.6,168,200,168.5,360,1080,60720
FINNIFTY02JAN2421250CE.NFO,02/01/2024,09:19:34,168.4,169.45,280,169.95,760,1040,60720
FINNIFTY02JAN2421250CE.NFO,02/01/2024,09:19:36,170.25,169.75,640,170.2,680,40,60720
FINNIFTY02JAN2421250CE.NFO,02/01/2024,09:19:37,169.85,169.4,960,169.85,520,600,60720
FINNIFTY02JAN2421250CE.NFO,02/01/2024,09:19:39,169.5,168.6,200,169.05,560,80,60720
FINNIFTY02JAN2421250CE.NFO,02/01/2024,09:19:41,169.5,169.1,280,169.55,600,0,60720
FINNIFTY02JAN2421250CE.NFO,02/01/2024,09:19:42,169.65,168.55,840,169.05,560,400,60720
FINNIFTY02JAN2421250CE.NFO,02/01/2024,09:19:44,169.05,168.2,200,168.6,680,120,60720
FINNIFTY02JAN2421250CE.NFO,02/01/2024,09:19:46,169.05,168.7,160,169.1,560,0,60720
FINNIFTY02JAN2421250CE.NFO,02/01/2024,09:19:47,169.55,169.65,240,170.1,840,40,60720
FINNIFTY02JAN2421250CE.NFO,02/01/2024,09:19:49,169.7,169.2,200,169.65,720,400,60720
FINNIFTY02JAN2421250CE.NFO,02/01/2024,09:19:51,169.7,169.15,200,169.55,560,0,60720
FINNIFTY02JAN2421250CE.NFO,02/01/2024,09:19:52,169,167.9,880,168.35,560,400,60720
FINNIFTY02JAN2421250CE.NFO,02/01/2024,09:19:54,169,166.85,720,167.4,1000,0,60720
FINNIFTY02JAN2421250CE.NFO,02/01/2024,09:19:56,169,167.3,600,167.7,560,0,60720
FINNIFTY02JAN2421250CE.NFO,02/01/2024,09:19:57,169,166.2,200,166.6,320,0,60720
FINNIFTY02JAN2421250CE.NFO,02/01/2024,09:19:59,165.8,165.95,320,166.35,560,200,60720
FINNIFTY02JAN2421250CE.NFO,02/01/2024,09:20:01,166.4,165.85,560,166.3,120,240,60720
FINNIFTY02JAN2421250CE.NFO,02/01/2024,09:20:02,165.4,165.4,680,165.9,1280,400,60720
FINNIFTY02JAN2421250CE.NFO,02/01/2024,09:20:04,166.2,167.2,760,167.65,160,600,60720
FINNIFTY02JAN2421250CE.NFO,02/01/2024,09:20:06,167.6,168.45,320,168.95,120,240,60720
FINNIFTY02JAN2421250CE.NFO,02/01/2024,09:20:07,167.6,167.9,280,168.4,680,0,60720
FINNIFTY02JAN2421250CE.NFO,02/01/2024,09:20:09,168.6,168.3,320,168.8,680,80,60720
FINNIFTY02JAN2421250CE.NFO,02/01/2024,09:20:11,168.8,169.15,640,169.7,1320,520,60720
FINNIFTY02JAN2421250CE.NFO,02/01/2024,09:20:12,168.8,169.2,280,169.7,200,0,60720
FINNIFTY02JAN2421250CE.NFO,02/01/2024,09:20:14,168.8,168.55,920,169.05,680,0,60720
FINNIFTY02JAN2421250CE.NFO,02/01/2024,09:20:16,168.8,168.45,560,168.9,120,0,60720
FINNIFTY02JAN2421250CE.NFO,02/01/2024,09:20:17,168.55,167.65,440,168.1,1080,40,60720
FINNIFTY02JAN2421250CE.NFO,02/01/2024,09:20:19,168.55,167.9,160,168.35,560,0,60720
FINNIFTY02JAN2421250CE.NFO,02/01/2024,09:20:21,168.55,167.95,920,168.45,560,0,60720
FINNIFTY02JAN2421250CE.NFO,02/01/2024,09:20:22,168.55,168.1,520,168.55,560,0,60720
FINNIFTY02JAN2421250CE.NFO,02/01/2024,09:20:24,167.3,167,640,167.5,640,200,63120
FINNIFTY02JAN2421250CE.NFO,02/01/2024,09:20:26,167.85,167,200,167.45,560,160,63120
FINNIFTY02JAN2421250CE.NFO,02/01/2024,09:20:27,167.85,166.25,480,166.7,120,0,63120
FINNIFTY02JAN2421250CE.NFO,02/01/2024,09:20:29,166.65,167,440,167.4,120,40,63120
FINNIFTY02JAN2421250CE.NFO,02/01/2024,09:20:30,167.05,166.8,920,167.3,1320,40,63120
FINNIFTY02JAN2421250CE.NFO,02/01/2024,09:20:32,167.05,166.1,640,166.6,560,0,63120
FINNIFTY02JAN2421250CE.NFO,02/01/2024,09:20:34,167.05,166.1,160,166.65,720,0,63120
FINNIFTY02JAN2421250CE.NFO,02/01/2024,09:20:36,167.05,165.9,160,166.4,800,0,63120
FINNIFTY02JAN2421250CE.NFO,02/01/2024,09:20:37,167.05,165.35,560,165.85,560,0,63120
FINNIFTY02JAN2421250CE.NFO,02/01/2024,09:20:39,167.05,165.35,80,165.9,1280,0,63120
FINNIFTY02JAN2421250CE.NFO,02/01/2024,09:20:41,167.05,166.7,240,167.25,80,0,63120
FINNIFTY02JAN2421250CE.NFO,02/01/2024,09:20:42,167.05,166.85,640,167.3,280,0,63120
FINNIFTY02JAN2421250CE.NFO,02/01/2024,09:20:44,167,166.95,720,167.4,360,40,63120
FINNIFTY02JAN2421250CE.NFO,02/01/2024,09:20:46,167,167.8,160,168.25,640,0,63120
FINNIFTY02JAN2421250CE.NFO,02/01/2024,09:20:47,167,168.65,720,169.2,960,0,63120
FINNIFTY02JAN2421250CE.NFO,02/01/2024,09:20:49,169,168.25,80,168.75,120,80,63120
FINNIFTY02JAN2421250CE.NFO,02/01/2024,09:20:51,169.65,169.5,480,170,560,40,63120
FINNIFTY02JAN2421250CE.NFO,02/01/2024,09:20:52,170,169.4,720,169.85,120,80,63120
FINNIFTY02JAN2421250CE.NFO,02/01/2024,09:20:54,169.85,169.45,80,169.85,120,160,63120
FINNIFTY02JAN2421250CE.NFO,02/01/2024,09:20:56,169.85,169.05,280,169.5,560,0,63120
FINNIFTY02JAN2421250CE.NFO,02/01/2024,09:20:57,169.45,168.8,200,169.3,200,400,63120
FINNIFTY02JAN2421250CE.NFO,02/01/2024,09:20:59,169.45,168.05,160,168.55,400,0,63120
FINNIFTY02JAN2421250CE.NFO,02/01/2024,09:21:01,169.45,168.3,640,168.8,680,0,63120
FINNIFTY02JAN2421250CE.NFO,02/01/2024,09:21:02,168.45,167.75,160,168.3,1280,520,63120
FINNIFTY02JAN2421250CE.NFO,02/01/2024,09:21:04,170,170.1,200,170.5,720,560,63120
FINNIFTY02JAN2421250CE.NFO,02/01/2024,09:21:06,172.85,172.35,40,172.8,480,1000,63120
FINNIFTY02JAN2421250CE.NFO,02/01/2024,09:21:07,175,175.25,80,175.85,80,11520,63120
FINNIFTY02JAN2421250CE.NFO,02/01/2024,09:21:07,179.2,175.25,80,175.85,80,0,63120
FINNIFTY02JAN2421250CE.NFO,02/01/2024,09:21:09,176.4,175.1,640,175.6,80,920,63120
FINNIFTY02JAN2421250CE.NFO,02/01/2024,09:21:11,177.15,177.15,320,177.7,160,40,63120
FINNIFTY02JAN2421250CE.NFO,02/01/2024,09:21:12,178.2,176.65,280,177.35,120,240,63120
FINNIFTY02JAN2421250CE.NFO,02/01/2024,09:21:14,177.2,175.15,80,175.55,560,400,63120
FINNIFTY02JAN2421250CE.NFO,02/01/2024,09:21:16,177.2,174.55,720,175.05,560,0,63120
FINNIFTY02JAN2421250CE.NFO,02/01/2024,09:21:17,173.6,174.8,440,175.45,80,520,63120
FINNIFTY02JAN2421250CE.NFO,02/01/2024,09:21:19,176.1,174.7,640,175.25,200,440,63120
FINNIFTY02JAN2421250CE.NFO,02/01/2024,09:21:21,175.15,174.7,120,175.15,560,840,63120
FINNIFTY02JAN2421250CE.NFO,02/01/2024,09:21:22,175.65,175.9,600,176.35,80,80,63120
FINNIFTY02JAN2421250CE.NFO,02/01/2024,09:21:24,176.55,176.5,1040,177,120,400,63120
FINNIFTY02JAN2421250CE.NFO,02/01/2024,09:21:26,178.45,178.3,360,178.45,40,520,63120
FINNIFTY02JAN2421250CE.NFO,02/01/2024,09:21:27,180.8,180.7,760,181.25,480,1000,63120
FINNIFTY02JAN2421250CE.NFO,02/01/2024,09:21:27,180.8,180.7,760,181.25,480,0,63120
FINNIFTY02JAN2421250CE.NFO,02/01/2024,09:21:29,183,181.55,320,182.25,120,7640,63120
FINNIFTY02JAN2421250CE.NFO,02/01/2024,09:21:29,185.1,181.55,320,182.25,120,0,63120
FINNIFTY02JAN2421250CE.NFO,02/01/2024,09:21:31,181.9,180.9,560,181.45,80,80,63120
FINNIFTY02JAN2421250CE.NFO,02/01/2024,09:21:32,182.35,181.7,440,182.15,600,120,63120
FINNIFTY02JAN2421250CE.NFO,02/01/2024,09:21:34,182.35,182.9,40,183.4,160,0,63120
FINNIFTY02JAN2421250CE.NFO,02/01/2024,09:21:36,182.6,181.05,200,181.5,120,40,63120
FINNIFTY02JAN2421250CE.NFO,02/01/2024,09:21:37,180.6,180.15,80,180.6,760,1000,63120
FINNIFTY02JAN2421250CE.NFO,02/01/2024,09:21:39,180.6,180.05,360,180.45,640,0,63120
FINNIFTY02JAN2421250CE.NFO,02/01/2024,09:21:41,180,179.55,80,180.05,640,800,63120
FINNIFTY02JAN2421250CE.NFO,02/01/2024,09:21:42,179.95,178.9,80,179.4,880,120,63120
FINNIFTY02JAN2421250CE.NFO,02/01/2024,09:21:44,178.3,178.65,280,179.1,160,320,63120
FINNIFTY02JAN2421250CE.NFO,02/01/2024,09:21:46,178.6,178.65,200,179.15,360,1040,63120
FINNIFTY02JAN2421250CE.NFO,02/01/2024,09:21:47,178.25,178.15,640,178.6,200,200,63120
FINNIFTY02JAN2421250CE.NFO,02/01/2024,09:21:49,178.25,178.5,1080,179,320,0,63120
FINNIFTY02JAN2421250CE.NFO,02/01/2024,09:21:51,178.6,178.2,560,178.6,80,80,63120
FINNIFTY02JAN2421250CE.NFO,02/01/2024,09:21:52,178.5,178.5,1040,179,200,560,63120
FINNIFTY02JAN2421250CE.NFO,02/01/2024,09:21:54,178.25,178.35,560,178.9,280,200,63120
FINNIFTY02JAN2421250CE.NFO,02/01/2024,09:21:56,178.25,179.5,40,179.85,640,0,63120
FINNIFTY02JAN2421250CE.NFO,02/01/2024,09:21:57,179.65,180.2,280,180.6,880,40,63120
FINNIFTY02JAN2421250CE.NFO,02/01/2024,09:21:59,181.45,181.25,640,181.8,320,920,63120
FINNIFTY02JAN2421250CE.NFO,02/01/2024,09:22:01,181.45,179.75,40,180.5,360,160,63120
FINNIFTY02JAN2421250CE.NFO,02/01/2024,09:22:02,181.45,179.95,200,180.45,120,0,63120
FINNIFTY02JAN2421250CE.NFO,02/01/2024,09:22:04,180.45,179.25,40,179.7,280,80,63120
FINNIFTY02JAN2421250CE.NFO,02/01/2024,09:22:06,180.45,179.55,240,179.95,160,0,63120
FINNIFTY02JAN2421250CE.NFO,02/01/2024,09:22:07,178.55,178.55,240,179.1,680,1000,63120
FINNIFTY02JAN2421250CE.NFO,02/01/2024,09:22:09,178.55,178.45,480,179.05,720,0,63120
FINNIFTY02JAN2421250CE.NFO,02/01/2024,09:22:11,178.55,178.65,560,179.1,200,0,63120
FINNIFTY02JAN2421250CE.NFO,02/01/2024,09:22:12,179.1,178.7,240,179.2,840,120,63120
FINNIFTY02JAN2421250CE.NFO,02/01/2024,09:22:14,179.1,178.85,120,179.4,360,0,63120
FINNIFTY02JAN2421250CE.NFO,02/01/2024,09:22:16,179.1,178.55,120,178.85,400,80,63120
FINNIFTY02JAN2421250CE.NFO,02/01/2024,09:22:17,177.15,176.55,560,177.05,200,320,63120
FINNIFTY02JAN2421250CE.NFO,02/01/2024,09:22:19,177.15,177.6,200,177.9,160,0,63120
FINNIFTY02JAN2421250CE.NFO,02/01/2024,09:22:21,177.35,176.75,160,177.25,640,40,63120
FINNIFTY02JAN2421250CE.NFO,02/01/2024,09:22:22,177.9,176.45,640,177,480,240,63120
FINNIFTY02JAN2421250CE.NFO,02/01/2024,09:22:24,177.9,175.55,560,176,200,0,63120
FINNIFTY02JAN2421250CE.NFO,02/01/2024,09:22:26,177.9,174.7,200,175.2,80,0,63120
FINNIFTY02JAN2421250CE.NFO,02/01/2024,09:22:27,175.8,174,80,174.3,160,400,63120
FINNIFTY02JAN2421250CE.NFO,02/01/2024,09:22:29,174,172.95,280,173.45,80,80,63120
FINNIFTY02JAN2421250CE.NFO,02/01/2024,09:22:31,174.45,174,200,174.5,280,160,63120
FINNIFTY02JAN2421250CE.NFO,02/01/2024,09:22:32,174.45,173.7,1160,174.25,200,0,63120
FINNIFTY02JAN2421250CE.NFO,02/01/2024,09:22:34,174.45,172.55,800,173.1,800,0,63120
FINNIFTY02JAN2421250CE.NFO,02/01/2024,09:22:36,174.45,171.3,80,171.6,560,0,63120
FINNIFTY02JAN2421250CE.NFO,02/01/2024,09:22:37,172.8,172.65,280,173.15,640,160,63120
FINNIFTY02JAN2421250CE.NFO,02/01/2024,09:22:39,172.8,172.2,120,172.7,680,0,63120
FINNIFTY02JAN2421250CE.NFO,02/01/2024,09:22:41,172.8,172.35,960,172.95,720,0,63120
FINNIFTY02JAN2421250CE.NFO,02/01/2024,09:22:42,172,172.55,200,173,120,160,63120
FINNIFTY02JAN2421250CE.NFO,02/01/2024,09:22:44,172,171.95,920,172.5,720,0,63120
FINNIFTY02JAN2421250CE.NFO,02/01/2024,09:22:46,171.8,171.7,40,172.15,160,80,63120
FINNIFTY02JAN2421250CE.NFO,02/01/2024,09:22:47,173,172.95,200,173.35,640,1000,63120
FINNIFTY02JAN2421250CE.NFO,02/01/2024,09:22:49,172,171.9,1920,172.5,720,320,63120
FINNIFTY02JAN2421250CE.NFO,02/01/2024,09:22:51,173.2,173.2,200,173.65,560,40,63120
FINNIFTY02JAN2421250CE.NFO,02/01/2024,09:22:52,174.2,174.15,760,174.6,160,280,63120
FINNIFTY02JAN2421250CE.NFO,02/01/2024,09:22:54,174.7,173.45,80,173.95,440,200,63120
FINNIFTY02JAN2421250CE.NFO,02/01/2024,09:22:56,174.7,173.45,600,174,720,0,63120
FINNIFTY02JAN2421250CE.NFO,02/01/2024,09:22:57,174.7,174.65,240,175.1,640,0,63120
FINNIFTY02JAN2421250CE.NFO,02/01/2024,09:22:59,174.7,174.8,760,175.3,400,0,63120
FINNIFTY02JAN2421250CE.NFO,02/01/2024,09:23:01,174.7,174.35,320,174.8,200,0,63120
FINNIFTY02JAN2421250CE.NFO,02/01/2024,09:23:02,174.7,174,40,174.5,720,0,63120
FINNIFTY02JAN2421250CE.NFO,02/01/2024,09:23:04,175.2,174.25,680,174.8,520,40,63120
FINNIFTY02JAN2421250CE.NFO,02/01/2024,09:23:06,175.2,175.65,560,176.15,280,0,63120
FINNIFTY02JAN2421250CE.NFO,02/01/2024,09:23:07,178,178.15,560,178.75,440,1840,63120
FINNIFTY02JAN2421250CE.NFO,02/01/2024,09:23:09,178.35,177.8,560,178.35,480,80,63120
FINNIFTY02JAN2421250CE.NFO,02/01/2024,09:23:11,178.35,177.05,160,177.55,160,0,63120
FINNIFTY02JAN2421250CE.NFO,02/01/2024,09:23:12,178.35,176.4,1000,176.95,720,0,63120
FINNIFTY02JAN2421250CE.NFO,02/01/2024,09:23:14,178,177.85,200,178.35,640,520,63120
FINNIFTY02JAN2421250CE.NFO,02/01/2024,09:23:16,177.75,177.85,680,178.35,80,120,63120
FINNIFTY02JAN2421250CE.NFO,02/01/2024,09:23:17,179.6,179.7,680,180.2,80,120,63120
FINNIFTY02JAN2421250CE.NFO,02/01/2024,09:23:19,178.6,178.3,680,178.85,520,280,63120
FINNIFTY02JAN2421250CE.NFO,02/01/2024,09:23:21,178.6,178.15,40,178.55,200,0,63120
FINNIFTY02JAN2421250CE.NFO,02/01/2024,09:23:22,178.6,177.8,520,178.3,280,0,63120
FINNIFTY02JAN2421250CE.NFO,02/01/2024,09:23:24,178.6,178.1,280,178.6,160,0,63120
FINNIFTY02JAN2421250CE.NFO,02/01/2024,09:23:26,178.6,177.45,560,177.9,880,0,63120
FINNIFTY02JAN2421250CE.NFO,02/01/2024,09:23:27,177.95,177.3,240,177.8,320,240,67000
FINNIFTY02JAN2421250CE.NFO,02/01/2024,09:23:29,176.85,175.6,280,176.05,80,40,67000
FINNIFTY02JAN2421250CE.NFO,02/01/2024,09:23:31,176.85,175.8,240,176.35,640,0,67000
FINNIFTY02JAN2421250CE.NFO,02/01/2024,09:23:32,176.85,177.45,240,177.9,1240,0,67000
FINNIFTY02JAN2421250CE.NFO,02/01/2024,09:23:34,177.75,177.25,120,177.75,680,680,67000
FINNIFTY02JAN2421250CE.NFO,02/01/2024,09:23:36,177.75,177.7,320,178.2,560,0,67000
FINNIFTY02JAN2421250CE.NFO,02/01/2024,09:23:37,177.75,178.2,1120,178.8,120,0,67000
FINNIFTY02JAN2421250CE.NFO,02/01/2024,09:23:39,178.65,178.45,240,179,480,320,67000
FINNIFTY02JAN2421250CE.NFO,02/01/2024,09:23:41,178.4,177.9,1480,178.4,120,80,67000
FINNIFTY02JAN2421250CE.NFO,02/01/2024,09:23:42,178.4,177.25,80,177.75,920,0,67000
FINNIFTY02JAN2421250CE.NFO,02/01/2024,09:23:44,178.4,177.65,80,178.05,560,0,67000
FINNIFTY02JAN2421250CE.NFO,02/01/2024,09:23:46,178.4,177.35,80,177.85,760,0,67000
FINNIFTY02JAN2421250CE.NFO,02/01/2024,09:23:47,177,176.6,80,177.1,1280,200,67000
FINNIFTY02JAN2421250CE.NFO,02/01/2024,09:23:49,177,176,240,176.45,520,0,67000
FINNIFTY02JAN2421250CE.NFO,02/01/2024,09:23:51,175.85,176,80,176.4,240,40,67000
FINNIFTY02JAN2421250CE.NFO,02/01/2024,09:23:52,175.85,176.25,80,176.8,840,0,67000
FINNIFTY02JAN2421250CE.NFO,02/01/2024,09:23:54,176.8,175.65,720,176.1,200,80,67000
FINNIFTY02JAN2421250CE.NFO,02/01/2024,09:23:56,176.8,175.25,240,175.7,520,0,67000
FINNIFTY02JAN2421250CE.NFO,02/01/2024,09:23:57,176.8,175.05,40,175.45,240,0,67000
FINNIFTY02JAN2421250CE.NFO,02/01/2024,09:23:59,174.35,174.35,240,174.8,560,80,67000
FINNIFTY02JAN2421250CE.NFO,02/01/2024,09:24:01,173.6,173.25,320,173.75,680,40,67000
FINNIFTY02JAN2421250CE.NFO,02/01/2024,09:24:02,173.6,172.65,120,173.2,1160,0,67000
FINNIFTY02JAN2421250CE.NFO,02/01/2024,09:24:04,173.6,173.75,720,174.3,680,0,67000
FINNIFTY02JAN2421250CE.NFO,02/01/2024,09:24:06,174.5,174.95,80,175.5,960,680,67000
FINNIFTY02JAN2421250CE.NFO,02/01/2024,09:24:07,174.5,174.3,920,174.85,760,0,67000
FINNIFTY02JAN2421250CE.NFO,02/01/2024,09:24:09,174.4,174.6,640,175,520,200,67000
FINNIFTY02JAN2421250CE.NFO,02/01/2024,09:24:11,175.2,175.75,160,176.3,680,80,67000
FINNIFTY02JAN2421250CE.NFO,02/01/2024,09:24:12,175.2,176.1,240,176.5,200,0,67000
FINNIFTY02JAN2421250CE.NFO,02/01/2024,09:24:14,175.8,176.1,760,176.6,920,40,67000
FINNIFTY02JAN2421250CE.NFO,02/01/2024,09:24:16,175.8,174.3,1000,174.75,160,0,67000
FINNIFTY02JAN2421250CE.NFO,02/01/2024,09:24:17,175.8,174.55,40,175,400,0,67000
FINNIFTY02JAN2421250CE.NFO,02/01/2024,09:24:19,174.85,174.1,680,174.55,40,120,67000
FINNIFTY02JAN2421250CE.NFO,02/01/2024,09:24:21,174.85,172.95,680,173.35,200,0,67000
FINNIFTY02JAN2421250CE.NFO,02/01/2024,09:24:22,172.7,172.45,40,172.65,200,40,67000
FINNIFTY02JAN2421250CE.NFO,02/01/2024,09:24:24,172.2,171.75,160,172.2,400,720,67000
FINNIFTY02JAN2421250CE.NFO,02/01/2024,09:24:26,172.2,172,1000,172.35,1120,0,67000
FINNIFTY02JAN2421250CE.NFO,02/01/2024,09:24:27,171.6,171.9,200,172.1,40,1120,67000
FINNIFTY02JAN2421250CE.NFO,02/01/2024,09:24:29,171.6,172.25,80,172.75,480,0,67000
FINNIFTY02JAN2421250CE.NFO,02/01/2024,09:24:31,172.2,172.05,280,172.55,320,40,67000
FINNIFTY02JAN2421250CE.NFO,02/01/2024,09:24:32,172.05,172,40,172.4,120,200,67000
FINNIFTY02JAN2421250CE.NFO,02/01/2024,09:24:34,172,171.6,600,172.1,800,40,67000
FINNIFTY02JAN2421250CE.NFO,02/01/2024,09:24:36,172,171.95,240,172.45,120,0,67000
FINNIFTY02JAN2421250CE.NFO,02/01/2024,09:24:37,173.8,173.85,280,174.35,1160,80,67000
FINNIFTY02JAN2421250CE.NFO,02/01/2024,09:24:39,173.8,173.25,560,173.75,640,0,67000
FINNIFTY02JAN2421250CE.NFO,02/01/2024,09:24:41,173.6,173.55,80,173.95,640,120,67000
FINNIFTY02JAN2421250CE.NFO,02/01/2024,09:24:42,173.75,173.85,600,174.4,560,40,67000
FINNIFTY02JAN2421250CE.NFO,02/01/2024,09:24:44,173.75,174.15,120,174.6,1000,0,67000
FINNIFTY02JAN2421250CE.NFO,02/01/2024,09:24:46,173.75,174.4,440,174.85,120,0,67000
FINNIFTY02JAN2421250CE.NFO,02/01/2024,09:24:47,173.75,174.55,240,174.85,120,0,67000
FINNIFTY02JAN2421250CE.NFO,02/01/2024,09:24:49,175.8,175.6,920,176.1,560,160,67000
FINNIFTY02JAN2421250CE.NFO,02/01/2024,09:24:51,175.8,175.65,160,176.1,120,0,67000
FINNIFTY02JAN2421250CE.NFO,02/01/2024,09:24:52,175.2,174.2,440,174.65,200,240,67000
FINNIFTY02JAN2421250CE.NFO,02/01/2024,09:24:54,175.2,174.25,480,174.7,200,0,67000
FINNIFTY02JAN2421250CE.NFO,02/01/2024,09:24:56,175.2,172.35,40,172.7,80,0,67000
FINNIFTY02JAN2421250CE.NFO,02/01/2024,09:24:57,175.2,172.85,520,173.25,880,0,67000
FINNIFTY02JAN2421250CE.NFO,02/01/2024,09:24:59,172.25,172.15,80,172.65,280,400,67000
FINNIFTY02JAN2421250CE.NFO,02/01/2024,09:25:01,170.85,170.85,440,171.25,40,200,67000
FINNIFTY02JAN2421250CE.NFO,02/01/2024,09:25:02,171.05,172.6,680,173.25,560,960,67000
FINNIFTY02JAN2421250CE.NFO,02/01/2024,09:25:04,171.05,172.25,120,172.7,80,0,67000
FINNIFTY02JAN2421250CE.NFO,02/01/2024,09:25:06,171.85,172.1,760,172.6,760,240,67000
FINNIFTY02JAN2421250CE.NFO,02/01/2024,09:25:08,171.85,173.6,1040,174.15,480,0,67000
FINNIFTY02JAN2421250CE.NFO,02/01/2024,09:25:09,173.35,172.8,280,173.25,160,40,67000
FINNIFTY02JAN2421250CE.NFO,02/01/2024,09:25:11,172,171.85,40,172.35,800,160,67000
FINNIFTY02JAN2421250CE.NFO,02/01/2024,09:25:13,172,172.05,560,172.5,400,0,67000
FINNIFTY02JAN2421250CE.NFO,02/01/2024,09:25:14,172.8,172.35,280,172.9,840,200,67000
FINNIFTY02JAN2421250CE.NFO,02/01/2024,09:25:16,172,171.35,440,171.8,200,40,67000
FINNIFTY02JAN2421250CE.NFO,02/01/2024,09:25:18,172,171.85,200,172.3,160,0,67000
FINNIFTY02JAN2421250CE.NFO,02/01/2024,09:25:19,172.35,172.25,80,172.65,80,40,67000
FINNIFTY02JAN2421250CE.NFO,02/01/2024,09:25:21,172.35,173.15,80,173.7,920,0,67000
FINNIFTY02JAN2421250CE.NFO,02/01/2024,09:25:23,173.85,173.4,400,173.9,80,40,67000
FINNIFTY02JAN2421250CE.NFO,02/01/2024,09:25:24,173.85,172.9,920,173.4,680,0,67000
FINNIFTY02JAN2421250CE.NFO,02/01/2024,09:25:26,173.85,173,600,173.55,640,0,67000
FINNIFTY02JAN2421250CE.NFO,02/01/2024,09:25:28,174.35,174.25,80,174.7,80,120,67000
FINNIFTY02JAN2421250CE.NFO,02/01/2024,09:25:29,174.35,174.6,520,174.9,40,0,67000
FINNIFTY02JAN2421250CE.NFO,02/01/2024,09:25:31,174.9,175,80,175.45,280,40,67000
FINNIFTY02JAN2421250CE.NFO,02/01/2024,09:25:33,176.05,176.05,80,176.6,840,200,67000
FINNIFTY02JAN2421250CE.NFO,02/01/2024,09:25:34,176.05,177.15,80,177.6,320,0,67000
FINNIFTY02JAN2421250CE.NFO,02/01/2024,09:25:36,176.05,177.25,80,177.7,80,0,67000
FINNIFTY02JAN2421250CE.NFO,02/01/2024,09:25:38,177.5,176.45,640,176.95,400,40,67000
FINNIFTY02JAN2421250CE.NFO,02/01/2024,09:25:39,177.5,175.25,80,175.7,40,0,67000
FINNIFTY02JAN2421250CE.NFO,02/01/2024,09:25:41,175.7,175.65,160,176.2,1200,40,67000
FINNIFTY02JAN2421250CE.NFO,02/01/2024,09:25:43,175.7,176.65,520,177.2,640,0,67000
FINNIFTY02JAN2421250CE.NFO,02/01/2024,09:25:44,175.7,176.05,640,176.6,1200,0,67000
FINNIFTY02JAN2421250CE.NFO,02/01/2024,09:25:46,175.7,175.95,200,176.4,1200,0,67000
FINNIFTY02JAN2421250CE.NFO,02/01/2024,09:25:48,175.7,176.05,360,176.55,120,0,67000
FINNIFTY02JAN2421250CE.NFO,02/01/2024,09:25:49,175.7,174.7,200,175.3,920,0,67000
FINNIFTY02JAN2421250CE.NFO,02/01/2024,09:25:51,175.7,175.1,80,175.45,120,0,67000
FINNIFTY02JAN2421250CE.NFO,02/01/2024,09:25:53,175.7,175.2,440,175.6,120,0,67000
FINNIFTY02JAN2421250CE.NFO,02/01/2024,09:25:54,177.25,177.2,160,177.5,760,280,67000
FINNIFTY02JAN2421250CE.NFO,02/01/2024,09:25:56,178,177.9,400,178.35,200,120,67000
FINNIFTY02JAN2421250CE.NFO,02/01/2024,09:25:58,178,178.65,80,179,160,0,67000
FINNIFTY02JAN2421250CE.NFO,02/01/2024,09:25:59,178.75,178.8,80,179,40,40,67000
FINNIFTY02JAN2421250CE.NFO,02/01/2024,09:26:01,179.75,179.95,200,180.35,120,2920,67000
FINNIFTY02JAN2421250CE.NFO,02/01/2024,09:26:03,179.95,179.15,600,179.55,120,40,67000
FINNIFTY02JAN2421250CE.NFO,02/01/2024,09:26:04,179.95,178.9,640,179.4,360,0,67000
FINNIFTY02JAN2421250CE.NFO,02/01/2024,09:26:06,179.4,179.4,720,179.95,280,280,67000
FINNIFTY02JAN2421250CE.NFO,02/01/2024,09:26:08,179.55,178.85,560,179.3,80,560,67000
FINNIFTY02JAN2421250CE.NFO,02/01/2024,09:26:09,179.1,179.1,40,179.45,1160,80,67000
FINNIFTY02JAN2421250CE.NFO,02/01/2024,09:26:11,179.1,178.85,40,179.3,160,0,67000
FINNIFTY02JAN2421250CE.NFO,02/01/2024,09:26:13,179.1,179.15,40,179.55,280,0,67000
FINNIFTY02JAN2421250CE.NFO,02/01/2024,09:26:14,183,182.4,360,182.95,40,3040,67000
FINNIFTY02JAN2421250CE.NFO,02/01/2024,09:26:16,207.35,207.35,120,207.75,80,36160,67000
FINNIFTY02JAN2421250CE.NFO,02/01/2024,09:26:16,211,207.35,120,207.75,80,0,67000
FINNIFTY02JAN2421250CE.NFO,02/01/2024,09:26:18,194.55,195,480,195.8,360,27200,67000
FINNIFTY02JAN2421250CE.NFO,02/01/2024,09:26:19,197.2,197.5,560,197.9,160,6000,67000
FINNIFTY02JAN2421250CE.NFO,02/01/2024,09:26:21,198.6,198.25,400,198.8,120,2520,67000
FINNIFTY02JAN2421250CE.NFO,02/01/2024,09:26:23,196.85,196.1,40,196.95,280,960,67000
FINNIFTY02JAN2421250CE.NFO,02/01/2024,09:26:24,195,195.15,120,195.7,40,400,74600
FINNIFTY02JAN2421250CE.NFO,02/01/2024,09:26:26,194.15,194.3,120,194.8,440,2000,74600
FINNIFTY02JAN2421250CE.NFO,02/01/2024,09:26:28,194.9,194.95,40,195.6,40,280,74600
FINNIFTY02JAN2421250CE.NFO,02/01/2024,09:26:29,201.75,201.65,320,202.1,40,2920,74600
FINNIFTY02JAN2421250CE.NFO,02/01/2024,09:26:31,203.3,203.3,240,204,40,1800,74600
FINNIFTY02JAN2421250CE.NFO,02/01/2024,09:26:33,201.75,201.7,600,202.3,480,1920,74600
FINNIFTY02JAN2421250CE.NFO,02/01/2024,09:26:34,201.55,201.25,240,201.8,120,160,74600
FINNIFTY02JAN2421250CE.NFO,02/01/2024,09:26:36,202.1,201.85,880,202.4,360,880,74600
FINNIFTY02JAN2421250CE.NFO,02/01/2024,09:26:38,206,207,320,207.7,320,1040,74600
FINNIFTY02JAN2421250CE.NFO,02/01/2024,09:26:39,213.85,213.05,40,213.7,200,880,74600
FINNIFTY02JAN2421250CE.NFO,02/01/2024,09:26:39,213.85,213.05,40,213.7,200,0,74600
FINNIFTY02JAN2421250CE.NFO,02/01/2024,09:26:41,211.6,211.85,160,212.5,520,1040,74600
FINNIFTY02JAN2421250CE.NFO,02/01/2024,09:26:41,214.1,211.85,160,212.5,520,0,74600
FINNIFTY02JAN2421250CE.NFO,02/01/2024,09:26:43,211.6,212.05,480,212.7,160,1680,74600
FINNIFTY02JAN2421250CE.NFO,02/01/2024,09:26:44,218.5,218,40,218.5,160,3080,74600
FINNIFTY02JAN2421250CE.NFO,02/01/2024,09:26:44,218.9,218,40,218.5,160,0,74600
FINNIFTY02JAN2421250CE.NFO,02/01/2024,09:26:46,220.5,219.35,120,220,120,1560,74600
FINNIFTY02JAN2421250CE.NFO,02/01/2024,09:26:46,220.5,219.35,120,220,120,0,74600
FINNIFTY02JAN2421250CE.NFO,02/01/2024,09:26:48,219.15,219.3,40,219.85,120,1040,74600
FINNIFTY02JAN2421250CE.NFO,02/01/2024,09:26:48,222.45,219.3,40,219.85,120,0,74600
FINNIFTY02JAN2421250CE.NFO,02/01/2024,09:26:49,216.85,216.45,120,216.8,40,240,74600
FINNIFTY02JAN2421250CE.NFO,02/01/2024,09:26:51,218.9,218.9,40,219.45,160,240,74600
FINNIFTY02JAN2421250CE.NFO,02/01/2024,09:26:53,217.8,216.8,1240,217.55,160,440,74600
FINNIFTY02JAN2421250CE.NFO,02/01/2024,09:26:54,215.15,213.35,200,214,160,480,74600
FINNIFTY02JAN2421250CE.NFO,02/01/2024,09:26:56,212.85,212.35,80,213,480,1400,74600
FINNIFTY02JAN2421250CE.NFO,02/01/2024,09:26:58,210.75,210.75,200,211.15,120,680,74600
FINNIFTY02JAN2421250CE.NFO,02/01/2024,09:26:59,209,209.45,240,210.15,200,1240,74600
FINNIFTY02JAN2421250CE.NFO,02/01/2024,09:27:01,210.75,213.9,80,214.35,40,800,74600
FINNIFTY02JAN2421250CE.NFO,02/01/2024,09:27:03,214.35,214.55,200,215.2,160,240,74600
FINNIFTY02JAN2421250CE.NFO,02/01/2024,09:27:04,215.8,213.45,680,214.1,680,320,74600
FINNIFTY02JAN2421250CE.NFO,02/01/2024,09:27:06,213.45,212.6,160,213.2,560,360,74600
FINNIFTY02JAN2421250CE.NFO,02/01/2024,09:27:08,213.6,215.35,120,215.8,40,160,74600
FINNIFTY02JAN2421250CE.NFO,02/01/2024,09:27:09,215.85,215.85,160,216.4,40,680,74600
FINNIFTY02JAN2421250CE.NFO,02/01/2024,09:27:11,212.95,213.05,240,213.75,920,1880,74600
FINNIFTY02JAN2421250CE.NFO,02/01/2024,09:27:13,213.05,214.05,280,214.75,800,40,74600
FINNIFTY02JAN2421250CE.NFO,02/01/2024,09:27:14,213.45,212.7,40,213.35,120,1040,74600
FINNIFTY02JAN2421250CE.NFO,02/01/2024,09:27:16,211.6,211.75,40,212.35,120,600,74600
FINNIFTY02JAN2421250CE.NFO,02/01/2024,09:27:18,212.25,211.8,120,212.35,560,760,74600
FINNIFTY02JAN2421250CE.NFO,02/01/2024,09:27:20,211.75,211.15,640,211.8,360,240,74600
FINNIFTY02JAN2421250CE.NFO,02/01/2024,09:27:21,211.75,212.25,600,212.85,160,0,74600
FINNIFTY02JAN2421250CE.NFO,02/01/2024,09:27:23,211.75,212.85,600,213.45,520,0,74600
FINNIFTY02JAN2421250CE.NFO,02/01/2024,09:27:25,212.45,212.1,160,212.7,160,1080,74600
FINNIFTY02JAN2421250CE.NFO,02/01/2024,09:27:26,210.45,209.3,40,209.9,400,160,74600
FINNIFTY02JAN2421250CE.NFO,02/01/2024,09:27:28,207.95,208.75,280,209.3,40,160,74600
FINNIFTY02JAN2421250CE.NFO,02/01/2024,09:27:30,209,208.45,120,208.9,520,400,74600
FINNIFTY02JAN2421250CE.NFO,02/01/2024,09:27:31,208,207.45,800,208.05,120,40,74600
FINNIFTY02JAN2421250CE.NFO,02/01/2024,09:27:33,207.2,207.25,320,207.75,240,80,74600
FINNIFTY02JAN2421250CE.NFO,02/01/2024,09:27:34,208.5,208.1,120,208.65,600,200,74600
FINNIFTY02JAN2421250CE.NFO,02/01/2024,09:27:36,210.15,210.65,120,211.2,600,40,74600
FINNIFTY02JAN2421250CE.NFO,02/01/2024,09:27:38,210.1,210.15,360,210.7,560,80,74600
FINNIFTY02JAN2421250CE.NFO,02/01/2024,09:27:39,210.1,209.4,600,210,80,0,74600
FINNIFTY02JAN2421250CE.NFO,02/01/2024,09:27:41,210.1,209.8,40,210.4,1000,0,74600
FINNIFTY02JAN2421250CE.NFO,02/01/2024,09:27:43,210.3,211.25,40,211.8,760,40,74600
FINNIFTY02JAN2421250CE.NFO,02/01/2024,09:27:44,211.5,209.8,600,210.4,1160,40,74600
FINNIFTY02JAN2421250CE.NFO,02/01/2024,09:27:46,209.85,208.9,80,209.4,920,280,74600
FINNIFTY02JAN2421250CE.NFO,02/01/2024,09:27:48,210.15,208.8,120,209.35,520,160,74600
FINNIFTY02JAN2421250CE.NFO,02/01/2024,09:27:49,210.95,211.15,40,211.7,560,200,74600
FINNIFTY02JAN2421250CE.NFO,02/01/2024,09:27:51,212.6,212.65,120,213.15,760,520,74600
FINNIFTY02JAN2421250CE.NFO,02/01/2024,09:27:53,217.45,217.55,240,217.95,40,320,74600
FINNIFTY02JAN2421250CE.NFO,02/01/2024,09:27:54,217.1,216.65,560,217.3,240,240,74600
FINNIFTY02JAN2421250CE.NFO,02/01/2024,09:27:56,218.6,218.25,40,218.85,320,320,74600
FINNIFTY02JAN2421250CE.NFO,02/01/2024,09:27:58,225.75,225.85,160,226.35,480,11720,74600
FINNIFTY02JAN2421250CE.NFO,02/01/2024,09:27:58,230.8,225.85,160,226.35,480,0,74600
FINNIFTY02JAN2421250CE.NFO,02/01/2024,09:27:59,224.5,223.35,80,224.15,440,1880,74600
FINNIFTY02JAN2421250CE.NFO,02/01/2024,09:28:01,223.2,223.05,600,223.8,40,1040,74600
FINNIFTY02JAN2421250CE.NFO,02/01/2024,09:28:03,224.9,225.9,360,226.3,160,80,74600
FINNIFTY02JAN2421250CE.NFO,02/01/2024,09:28:04,226.4,226.35,160,227.05,160,1600,74600
FINNIFTY02JAN2421250CE.NFO,02/01/2024,09:28:06,223.8,222.8,320,223.5,160,160,74600
FINNIFTY02JAN2421250CE.NFO,02/01/2024,09:28:08,222.35,222.6,80,223.2,560,520,74600
FINNIFTY02JAN2421250CE.NFO,02/01/2024,09:28:09,223.35,222.05,40,222.65,1160,200,74600
FINNIFTY02JAN2421250CE.NFO,02/01/2024,09:28:11,222.1,222.15,560,222.75,120,40,74600
FINNIFTY02JAN2421250CE.NFO,02/01/2024,09:28:13,220.8,220.5,320,221.1,720,880,74600
FINNIFTY02JAN2421250CE.NFO,02/01/2024,09:28:14,220.4,220.05,920,220.75,160,400,74600
FINNIFTY02JAN2421250CE.NFO,02/01/2024,09:28:16,220.6,220.65,360,221.35,160,200,74600
FINNIFTY02JAN2421250CE.NFO,02/01/2024,09:28:18,220.55,219.9,240,220.55,360,2120,74600
FINNIFTY02JAN2421250CE.NFO,02/01/2024,09:28:19,220.45,219.2,200,219.85,200,120,74600
FINNIFTY02JAN2421250CE.NFO,02/01/2024,09:28:21,220.45,220.65,400,221.35,200,0,74600
FINNIFTY02JAN2421250CE.NFO,02/01/2024,09:28:23,220.7,221.15,160,221.7,440,120,74600
FINNIFTY02JAN2421250CE.NFO,02/01/2024,09:28:24,222.75,223.25,160,224.1,320,80,74600
FINNIFTY02JAN2421250CE.NFO,02/01/2024,09:28:26,222.75,222.65,960,223.35,240,0,74600
FINNIFTY02JAN2421250CE.NFO,02/01/2024,09:28:28,223.6,221.6,520,222.25,80,40,74600
FINNIFTY02JAN2421250CE.NFO,02/01/2024,09:28:29,223.6,222.75,160,223.25,560,0,74600
FINNIFTY02JAN2421250CE.NFO,02/01/2024,09:28:31,223.8,221.3,720,222,600,40,74600
FINNIFTY02JAN2421250CE.NFO,02/01/2024,09:28:33,223.8,219.4,160,220,560,0,74600
FINNIFTY02JAN2421250CE.NFO,02/01/2024,09:28:34,218.25,218.5,160,219.05,560,160,74600
FINNIFTY02JAN2421250CE.NFO,02/01/2024,09:28:36,217.1,217.4,360,217.95,200,520,74600
FINNIFTY02JAN2421250CE.NFO,02/01/2024,09:28:38,218,216.8,200,217.45,200,40,74600
FINNIFTY02JAN2421250CE.NFO,02/01/2024,09:28:39,216.15,217.1,280,217.7,320,160,74600
FINNIFTY02JAN2421250CE.NFO,02/01/2024,09:28:41,218.7,217.65,1040,218.35,1160,720,74600
FINNIFTY02JAN2421250CE.NFO,02/01/2024,09:28:43,216.85,217.05,200,217.6,480,200,74600
FINNIFTY02JAN2421250CE.NFO,02/01/2024,09:28:44,216.85,217.8,640,218.35,600,0,74600
FINNIFTY02JAN2421250CE.NFO,02/01/2024,09:28:46,216.85,219.3,360,219.9,560,0,74600
FINNIFTY02JAN2421250CE.NFO,02/01/2024,09:28:48,216.85,218.45,800,219.05,360,0,74600
FINNIFTY02JAN2421250CE.NFO,02/01/2024,09:28:49,218.2,218.05,200,218.65,760,200,74600
FINNIFTY02JAN2421250CE.NFO,02/01/2024,09:28:51,218.2,218.5,440,219.1,400,0,74600
FINNIFTY02JAN2421250CE.NFO,02/01/2024,09:28:53,218.2,217.9,560,218.45,280,0,74600
FINNIFTY02JAN2421250CE.NFO,02/01/2024,09:28:54,218.2,217.3,280,217.9,280,0,74600
FINNIFTY02JAN2421250CE.NFO,02/01/2024,09:28:56,216.85,216.6,560,217.15,120,40,74600
FINNIFTY02JAN2421250CE.NFO,02/01/2024,09:28:58,216.55,216.15,840,216.7,120,40,74600
FINNIFTY02JAN2421250CE.NFO,02/01/2024,09:28:59,216,215.55,840,216.15,280,40,74600
FINNIFTY02JAN2421250CE.NFO,02/01/2024,09:29:01,216.3,215.05,400,215.65,40,280,74600
FINNIFTY02JAN2421250CE.NFO,02/01/2024,09:29:03,216.3,213.4,280,213.95,200,0,74600
FINNIFTY02JAN2421250CE.NFO,02/01/2024,09:29:04,216.3,213.95,200,214.55,600,0,74600
FINNIFTY02JAN2421250CE.NFO,02/01/2024,09:29:06,213.15,213.6,720,214.25,280,80,74600
FINNIFTY02JAN2421250CE.NFO,02/01/2024,09:29:08,213.15,212.7,800,213.4,1200,0,74600
FINNIFTY02JAN2421250CE.NFO,02/01/2024,09:29:09,213.15,212.55,240,213.05,40,0,74600
FINNIFTY02JAN2421250CE.NFO,02/01/2024,09:29:11,214.25,215.2,200,215.9,920,80,74600
FINNIFTY02JAN2421250CE.NFO,02/01/2024,09:29:13,216.3,215.6,680,216.25,1080,400,74600
FINNIFTY02JAN2421250CE.NFO,02/01/2024,09:29:14,216.3,213.95,800,214.7,120,0,74600
FINNIFTY02JAN2421250CE.NFO,02/01/2024,09:29:16,216.3,213.85,800,214.4,40,0,74600
FINNIFTY02JAN2421250CE.NFO,02/01/2024,09:29:18,213.95,213.35,560,213.85,120,40,74600
FINNIFTY02JAN2421250CE.NFO,02/01/2024,09:29:19,212.9,212.85,840,213.45,560,160,74600
FINNIFTY02JAN2421250CE.NFO,02/01/2024,09:29:21,212.9,212.55,240,213.2,1160,0,74600
FINNIFTY02JAN2421250CE.NFO,02/01/2024,09:29:23,212.9,212.3,280,212.85,280,0,74600
FINNIFTY02JAN2421250CE.NFO,02/01/2024,09:29:24,212.9,213.5,840,214.05,120,0,74600
FINNIFTY02JAN2421250CE.NFO,02/01/2024,09:29:26,212.9,211.45,1200,212,160,0,74600
FINNIFTY02JAN2421250CE.NFO,02/01/2024,09:29:28,211.35,211,320,211.55,560,80,72640
FINNIFTY02JAN2421250CE.NFO,02/01/2024,09:29:30,211.1,212,1200,212.6,480,80,72640
FINNIFTY02JAN2421250CE.NFO,02/01/2024,09:29:31,212.5,212.7,560,213.25,600,160,72640
FINNIFTY02JAN2421250CE.NFO,02/01/2024,09:29:33,212.5,212.05,640,212.7,760,0,72640
FINNIFTY02JAN2421250CE.NFO,02/01/2024,09:29:35,212.5,212.95,680,213.55,40,0,72640
FINNIFTY02JAN2421250CE.NFO,02/01/2024,09:29:36,212.5,214.55,200,215.15,560,0,72640
FINNIFTY02JAN2421250CE.NFO,02/01/2024,09:29:38,214.05,215.4,560,215.9,200,400,72640
FINNIFTY02JAN2421250CE.NFO,02/01/2024,09:29:40,216,215.15,400,215.65,40,520,72640
FINNIFTY02JAN2421250CE.NFO,02/01/2024,09:29:41,216,215.05,1040,215.65,320,0,72640
FINNIFTY02JAN2421250CE.NFO,02/01/2024,09:29:43,216,213.75,400,214.35,560,0,72640
FINNIFTY02JAN2421250CE.NFO,02/01/2024,09:29:45,214.25,213.6,1200,214.25,920,40,72640
FINNIFTY02JAN2421250CE.NFO,02/01/2024,09:29:46,214.25,213,1120,213.6,440,0,72640
FINNIFTY02JAN2421250CE.NFO,02/01/2024,09:29:48,213.7,212.7,360,213.35,760,40,72640
FINNIFTY02JAN2421250CE.NFO,02/01/2024,09:29:50,213.7,213.95,200,214.5,800,0,72640
FINNIFTY02JAN2421250CE.NFO,02/01/2024,09:29:51,214.25,214.15,640,214.7,480,40,72640
FINNIFTY02JAN2421250CE.NFO,02/01/2024,09:29:53,214.25,214.65,240,215,40,0,72640
FINNIFTY02JAN2421250CE.NFO,02/01/2024,09:29:55,213.7,213.7,640,214.3,680,160,72640
FINNIFTY02JAN2421250CE.NFO,02/01/2024,09:29:56,213.7,213.6,280,214.2,1200,0,72640
FINNIFTY02JAN2421250CE.NFO,02/01/2024,09:29:58,213.7,213,560,213.55,160,0,72640
FINNIFTY02JAN2421250CE.NFO,02/01/2024,09:30:00,213.7,213.45,560,213.95,160,0,72640
FINNIFTY02JAN2421250CE.NFO,02/01/2024,09:30:01,214.65,215.8,40,216.2,240,160,72640
FINNIFTY02JAN2421250CE.NFO,02/01/2024,09:30:03,214.1,212.25,640,212.75,120,120,72640
FINNIFTY02JAN2421250CE.NFO,02/01/2024,09:30:05,212,211.25,640,211.8,160,40,72640
FINNIFTY02JAN2421250CE.NFO,02/01/2024,09:30:06,210,209.45,200,210,120,200,72640
FINNIFTY02JAN2421250CE.NFO,02/01/2024,09:30:08,210.7,210.45,560,211,600,800,72640
FINNIFTY02JAN2421250CE.NFO,02/01/2024,09:30:10,210.7,211.8,840,212.35,120,160,72640
FINNIFTY02JAN2421250CE.NFO,02/01/2024,09:30:11,210.7,211.35,720,212,240,0,72640
FINNIFTY02JAN2421250CE.NFO,02/01/2024,09:30:13,213.05,212.95,120,213.55,800,40,72640
FINNIFTY02JAN2421250CE.NFO,02/01/2024,09:30:15,214.9,215.2,560,215.6,120,240,72640
FINNIFTY02JAN2421250CE.NFO,02/01/2024,09:30:16,214.9,215.4,680,215.95,400,0,72640
FINNIFTY02JAN2421250CE.NFO,02/01/2024,09:30:18,216.65,217,560,217.5,480,40,72640
FINNIFTY02JAN2421250CE.NFO,02/01/2024,09:30:20,219,218.85,160,219.25,480,440,72640
FINNIFTY02JAN2421250CE.NFO,02/01/2024,09:30:21,217.35,216.65,760,217.2,40,320,72640
FINNIFTY02JAN2421250CE.NFO,02/01/2024,09:30:23,217.05,216.2,800,216.8,80,120,72640
FINNIFTY02JAN2421250CE.NFO,02/01/2024,09:30:25,217.05,215.25,640,215.8,560,0,72640
FINNIFTY02JAN2421250CE.NFO,02/01/2024,09:30:26,215.15,215,40,215.15,560,80,72640
FINNIFTY02JAN2421250CE.NFO,02/01/2024,09:30:28,214,214.15,440,214.8,520,1720,72640
FINNIFTY02JAN2421250CE.NFO,02/01/2024,09:30:30,214,212.85,960,213.5,160,0,72640
FINNIFTY02JAN2421250CE.NFO,02/01/2024,09:30:31,213.3,212.65,560,213.25,120,80,72640
FINNIFTY02JAN2421250CE.NFO,02/01/2024,09:30:33,213.3,212.75,360,213.4,920,0,72640
FINNIFTY02JAN2421250CE.NFO,02/01/2024,09:30:35,213.3,213.15,240,213.7,600,0,72640
FINNIFTY02JAN2421250CE.NFO,02/01/2024,09:30:36,213.3,213.4,680,214,360,0,72640
FINNIFTY02JAN2421250CE.NFO,02/01/2024,09:30:38,212.65,212.65,560,213.25,160,120,72640
FINNIFTY02JAN2421250CE.NFO,02/01/2024,09:30:40,212.6,213.4,320,213.9,120,800,72640
FINNIFTY02JAN2421250CE.NFO,02/01/2024,09:30:41,212.6,215.1,760,215.8,320,0,72640
FINNIFTY02JAN2421250CE.NFO,02/01/2024,09:30:43,214.7,213.95,400,214.5,560,240,72640
FINNIFTY02JAN2421250CE.NFO,02/01/2024,09:30:45,214.4,214.4,520,215,40,400,72640
FINNIFTY02JAN2421250CE.NFO,02/01/2024,09:30:46,214.4,214.3,240,214.9,1200,0,72640
FINNIFTY02JAN2421250CE.NFO,02/01/2024,09:30:48,214.4,213.95,560,214.5,200,0,72640
FINNIFTY02JAN2421250CE.NFO,02/01/2024,09:30:49,214.4,214.1,640,214.7,440,0,72640
FINNIFTY02JAN2421250CE.NFO,02/01/2024,09:30:51,214.4,213.6,560,214.2,520,0,72640
FINNIFTY02JAN2421250CE.NFO,02/01/2024,09:30:53,214.4,214.15,640,214.75,200,0,72640
FINNIFTY02JAN2421250CE.NFO,02/01/2024,09:30:54,214.4,213.85,40,214.3,760,0,72640
FINNIFTY02JAN2421250CE.NFO,02/01/2024,09:30:56,214.4,213.1,560,213.6,320,0,72640
FINNIFTY02JAN2421250CE.NFO,02/01/2024,09:30:58,213.2,212.7,880,213.35,240,200,72640
FINNIFTY02JAN2421250CE.NFO,02/01/2024,09:30:59,213.2,212,640,212.65,240,0,72640
FINNIFTY02JAN2421250CE.NFO,02/01/2024,09:31:01,213.2,212.15,640,212.7,320,0,72640
FINNIFTY02JAN2421250CE.NFO,02/01/2024,09:31:03,213.2,210.95,80,211.5,480,0,72640
FINNIFTY02JAN2421250CE.NFO,02/01/2024,09:31:04,210.85,210,40,210.45,680,40,72640
FINNIFTY02JAN2421250CE.NFO,02/01/2024,09:31:06,210,210.15,80,210.75,760,40,72640
FINNIFTY02JAN2421250CE.NFO,02/01/2024,09:31:08,210,210.3,240,210.9,560,0,72640
FINNIFTY02JAN2421250CE.NFO,02/01/2024,09:31:09,210,211.3,360,211.9,920,0,72640
FINNIFTY02JAN2421250CE.NFO,02/01/2024,09:31:11,210,211.05,80,211.6,560,0,72640
FINNIFTY02JAN2421250CE.NFO,02/01/2024,09:31:13,210,209.2,560,209.65,120,440,72640
FINNIFTY02JAN2421250CE.NFO,02/01/2024,09:31:14,208.55,206.95,320,207.55,160,200,72640
FINNIFTY02JAN2421250CE.NFO,02/01/2024,09:31:16,208.55,207.2,280,207.8,440,0,72640
FINNIFTY02JAN2421250CE.NFO,02/01/2024,09:31:18,207.2,208.6,240,209.15,560,160,72640
FINNIFTY02JAN2421250CE.NFO,02/01/2024,09:31:19,207.2,208.75,280,209.35,240,0,72640
FINNIFTY02JAN2421250CE.NFO,02/01/2024,09:31:21,208.1,207.9,560,208.45,240,240,72640
FINNIFTY02JAN2421250CE.NFO,02/01/2024,09:31:23,209.35,209.7,560,210.3,160,480,72640
FINNIFTY02JAN2421250CE.NFO,02/01/2024,09:31:24,209.95,208.85,560,209.3,480,40,72640
FINNIFTY02JAN2421250CE.NFO,02/01/2024,09:31:26,209.95,211.8,1200,212.35,80,0,72640
FINNIFTY02JAN2421250CE.NFO,02/01/2024,09:31:27,209.95,211.7,640,212.3,600,0,72640
FINNIFTY02JAN2421250CE.NFO,02/01/2024,09:31:29,209.95,210.85,240,211.4,320,0,72640
FINNIFTY02JAN2421250CE.NFO,02/01/2024,09:31:31,209.95,210.65,720,211.2,240,0,72640
FINNIFTY02JAN2421250CE.NFO,02/01/2024,09:31:32,209.95,210.2,840,210.85,760,0,72640
FINNIFTY02JAN2421250CE.NFO,02/01/2024,09:31:34,209.95,208.65,40,209.25,640,0,72640
FINNIFTY02JAN2421250CE.NFO,02/01/2024,09:31:36,209.95,208.45,200,209.05,640,0,72640
FINNIFTY02JAN2421250CE.NFO,02/01/2024,09:31:37,209.95,208.25,640,208.9,1320,0,72640
FINNIFTY02JAN2421250CE.NFO,02/01/2024,09:31:39,209.95,208.1,280,208.7,760,0,72640
FINNIFTY02JAN2421250CE.NFO,02/01/2024,09:31:41,209.95,207.65,640,208.2,960,0,72640
FINNIFTY02JAN2421250CE.NFO,02/01/2024,09:31:42,209.95,207.05,800,207.75,280,0,72640
FINNIFTY02JAN2421250CE.NFO,02/01/2024,09:31:44,209.95,207.4,240,208,360,0,72640
FINNIFTY02JAN2421250CE.NFO,02/01/2024,09:31:46,209.95,208.15,80,208.7,200,0,72640
FINNIFTY02JAN2421250CE.NFO,02/01/2024,09:31:47,209.95,208.5,800,209.05,160,0,72640
FINNIFTY02JAN2421250CE.NFO,02/01/2024,09:31:49,209.95,208.75,200,209.3,200,0,72640
FINNIFTY02JAN2421250CE.NFO,02/01/2024,09:31:51,209.45,208.1,480,208.75,760,40,72640
FINNIFTY02JAN2421250CE.NFO,02/01/2024,09:31:53,209.45,207.45,720,208.1,840,0,72640
FINNIFTY02JAN2421250CE.NFO,02/01/2024,09:31:54,205.3,205.5,200,206.15,280,400,72640
FINNIFTY02JAN2421250CE.NFO,02/01/2024,09:31:56,205.3,205.45,280,206,360,0,72640
FINNIFTY02JAN2421250CE.NFO,02/01/2024,09:31:58,205.65,206.3,640,206.9,360,80,72640
FINNIFTY02JAN2421250CE.NFO,02/01/2024,09:31:59,206.95,207.05,800,207.7,360,200,72640
FINNIFTY02JAN2421250CE.NFO,02/01/2024,09:32:01,206.95,206.05,960,206.7,320,0,72640
FINNIFTY02JAN2421250CE.NFO,02/01/2024,09:32:03,206.95,205.75,680,206.35,640,0,72640
FINNIFTY02JAN2421250CE.NFO,02/01/2024,09:32:04,206.95,204.5,80,205.1,360,0,72640
FINNIFTY02JAN2421250CE.NFO,02/01/2024,09:32:06,204.3,204.3,200,204.85,120,720,72640
FINNIFTY02JAN2421250CE.NFO,02/01/2024,09:32:08,204.3,204.15,520,204.75,200,0,72640
FINNIFTY02JAN2421250CE.NFO,02/01/2024,09:32:09,204.15,204,160,204.55,320,40,72640
FINNIFTY02JAN2421250CE.NFO,02/01/2024,09:32:11,204.15,205.45,160,206,640,0,72640
FINNIFTY02JAN2421250CE.NFO,02/01/2024,09:32:13,206.05,207.15,360,207.8,40,160,72640
FINNIFTY02JAN2421250CE.NFO,02/01/2024,09:32:14,207.2,205.5,1320,206.15,360,40,72640
FINNIFTY02JAN2421250CE.NFO,02/01/2024,09:32:16,207.2,204.6,560,205.15,200,0,72640
FINNIFTY02JAN2421250CE.NFO,02/01/2024,09:32:17,207.2,204,1080,204.55,240,0,72640
FINNIFTY02JAN2421250CE.NFO,02/01/2024,09:32:19,203.5,201.75,520,202.3,920,40,72640
FINNIFTY02JAN2421250CE.NFO,02/01/2024,09:32:21,201.4,201.75,240,202.3,560,80,72640
FINNIFTY02JAN2421250CE.NFO,02/01/2024,09:32:22,201.4,201.95,520,202.6,360,0,72640
FINNIFTY02JAN2421250CE.NFO,02/01/2024,09:32:24,201.4,202.15,240,202.7,400,0,72640
FINNIFTY02JAN2421250CE.NFO,02/01/2024,09:32:26,201.4,201,400,201.6,120,0,72640
FINNIFTY02JAN2421250CE.NFO,02/01/2024,09:32:27,203,202.6,520,203.25,360,40,69880
FINNIFTY02JAN2421250CE.NFO,02/01/2024,09:32:29,203,203.5,200,204.05,520,160,69880
FINNIFTY02JAN2421250CE.NFO,02/01/2024,09:32:30,203,204.25,280,204.9,920,0,69880
FINNIFTY02JAN2421250CE.NFO,02/01/2024,09:32:32,203,203.3,600,203.85,160,0,69880
FINNIFTY02JAN2421250CE.NFO,02/01/2024,09:32:34,203,203.7,560,204.3,120,0,69880
FINNIFTY02JAN2421250CE.NFO,02/01/2024,09:32:35,203,203.15,640,203.7,400,0,69880
FINNIFTY02JAN2421250CE.NFO,02/01/2024,09:32:37,202.5,201.4,240,202,200,160,69880
FINNIFTY02JAN2421250CE.NFO,02/01/2024,09:32:39,202.5,201.2,200,201.8,360,0,69880
FINNIFTY02JAN2421250CE.NFO,02/01/2024,09:32:40,202.5,201.55,280,202.2,600,0,69880
FINNIFTY02JAN2421250CE.NFO,02/01/2024,09:32:42,202.5,201,800,201.6,320,0,69880
FINNIFTY02JAN2421250CE.NFO,02/01/2024,09:32:44,201.25,201.6,280,202.25,800,200,69880
FINNIFTY02JAN2421250CE.NFO,02/01/2024,09:32:45,201.25,201.25,200,201.8,520,0,69880
FINNIFTY02JAN2421250CE.NFO,02/01/2024,09:32:47,201.15,200.8,360,201.4,240,80,69880
FINNIFTY02JAN2421250CE.NFO,02/01/2024,09:32:49,201.15,203.15,280,203.7,160,0,69880
FINNIFTY02JAN2421250CE.NFO,02/01/2024,09:32:50,202.85,202.45,160,203,80,200,69880
FINNIFTY02JAN2421250CE.NFO,02/01/2024,09:32:52,202.85,202.35,1280,203,1520,0,69880
FINNIFTY02JAN2421250CE.NFO,02/01/2024,09:32:54,202.85,202.55,800,203.15,520,0,69880
FINNIFTY02JAN2421250CE.NFO,02/01/2024,09:32:55,202.85,202.5,680,203.15,880,0,69880
FINNIFTY02JAN2421250CE.NFO,02/01/2024,09:32:57,202.85,202.4,120,202.9,240,0,69880
FINNIFTY02JAN2421250CE.NFO,02/01/2024,09:32:59,202.85,203.2,800,203.85,1000,0,69880
FINNIFTY02JAN2421250CE.NFO,02/01/2024,09:33:00,202.85,203.75,640,204.35,280,0,69880
FINNIFTY02JAN2421250CE.NFO,02/01/2024,09:33:02,204.85,204.6,360,205.2,520,200,69880
FINNIFTY02JAN2421250CE.NFO,02/01/2024,09:33:04,204.85,204.05,880,204.75,1040,0,69880
FINNIFTY02JAN2421250CE.NFO,02/01/2024,09:33:05,204.75,204.1,840,204.75,640,200,69880
FINNIFTY02JAN2421250CE.NFO,02/01/2024,09:33:07,204.75,203.4,840,204,960,0,69880
FINNIFTY02JAN2421250CE.NFO,02/01/2024,09:33:09,204.75,203.85,640,204.4,40,0,69880
FINNIFTY02JAN2421250CE.NFO,02/01/2024,09:33:10,204.75,203.55,400,204.15,640,0,69880
FINNIFTY02JAN2421250CE.NFO,02/01/2024,09:33:12,204.75,203.25,240,203.85,760,0,69880
FINNIFTY02JAN2421250CE.NFO,02/01/2024,09:33:14,202.7,202.15,960,202.75,280,160,69880
FINNIFTY02JAN2421250CE.NFO,02/01/2024,09:33:15,202.7,200.25,880,200.8,80,0,69880
FINNIFTY02JAN2421250CE.NFO,02/01/2024,09:33:17,200.75,200.15,160,200.75,800,160,69880
FINNIFTY02JAN2421250CE.NFO,02/01/2024,09:33:19,200.75,201.55,240,202.15,640,0,69880
FINNIFTY02JAN2421250CE.NFO,02/01/2024,09:33:20,201.3,201.5,80,202.1,200,40,69880
FINNIFTY02JAN2421250CE.NFO,02/01/2024,09:33:22,201.85,200.75,160,201.45,1080,400,69880
FINNIFTY02JAN2421250CE.NFO,02/01/2024,09:33:24,201.85,199.95,560,200.6,160,0,69880
FINNIFTY02JAN2421250CE.NFO,02/01/2024,09:33:25,201,199.05,360,199.65,120,120,69880
FINNIFTY02JAN2421250CE.NFO,02/01/2024,09:33:27,199.25,199.55,240,200.2,280,40,69880
FINNIFTY02JAN2421250CE.NFO,02/01/2024,09:33:29,199.35,199.4,240,200,1120,80,69880
FINNIFTY02JAN2421250CE.NFO,02/01/2024,09:33:30,199.35,200.65,280,201.25,120,0,69880
FINNIFTY02JAN2421250CE.NFO,02/01/2024,09:33:32,199.35,201,1840,201.65,640,0,69880
FINNIFTY02JAN2421250CE.NFO,02/01/2024,09:33:34,199.35,201.1,640,201.6,360,0,69880
FINNIFTY02JAN2421250CE.NFO,02/01/2024,09:33:35,199.35,200.75,80,201.3,880,0,69880
FINNIFTY02JAN2421250CE.NFO,02/01/2024,09:33:37,203.2,202.55,800,203.2,120,80,69880
FINNIFTY02JAN2421250CE.NFO,02/01/2024,09:33:39,202.95,201.45,1480,202.05,840,40,69880
FINNIFTY02JAN2421250CE.NFO,02/01/2024,09:33:40,202.95,201.4,640,201.95,600,0,69880
FINNIFTY02JAN2421250CE.NFO,02/01/2024,09:33:42,202.95,202.25,560,202.8,560,0,69880
FINNIFTY02JAN2421250CE.NFO,02/01/2024,09:33:44,202.95,203.2,560,203.7,200,0,69880
FINNIFTY02JAN2421250CE.NFO,02/01/2024,09:33:45,202.95,203.6,560,204.2,1080,0,69880
FINNIFTY02JAN2421250CE.NFO,02/01/2024,09:33:47,202.95,203.05,640,203.6,440,0,69880
FINNIFTY02JAN2421250CE.NFO,02/01/2024,09:33:49,202.95,203.4,760,204,760,0,69880
FINNIFTY02JAN2421250CE.NFO,02/01/2024,09:33:50,206.45,206.15,640,206.8,1720,160,69880
FINNIFTY02JAN2421250CE.NFO,02/01/2024,09:33:52,206.45,206.7,680,207.2,120,0,69880
FINNIFTY02JAN2421250CE.NFO,02/01/2024,09:33:54,206.45,207.6,560,208.2,440,0,69880
FINNIFTY02JAN2421250CE.NFO,02/01/2024,09:33:55,207.6,207.2,640,207.75,600,200,69880
FINNIFTY02JAN2421250CE.NFO,02/01/2024,09:33:57,207.2,207.15,640,207.8,1000,320,69880
FINNIFTY02JAN2421250CE.NFO,02/01/2024,09:33:59,207.2,206.6,800,207.25,1240,0,69880
FINNIFTY02JAN2421250CE.NFO,02/01/2024,09:34:01,207.2,206.6,720,207.3,320,0,69880
FINNIFTY02JAN2421250CE.NFO,02/01/2024,09:34:02,206.8,205.4,800,206.05,560,40,69880
FINNIFTY02JAN2421250CE.NFO,02/01/2024,09:34:04,205,205.35,480,205.85,560,240,69880
FINNIFTY02JAN2421250CE.NFO,02/01/2024,09:34:06,205,205.1,1320,205.7,120,0,69880
FINNIFTY02JAN2421250CE.NFO,02/01/2024,09:34:07,205,204.5,240,205.1,1120,0,69880
FINNIFTY02JAN2421250CE.NFO,02/01/2024,09:34:09,205,204.65,640,205.3,920,0,69880
FINNIFTY02JAN2421250CE.NFO,02/01/2024,09:34:11,204.15,203.65,40,204.2,1240,520,69880
FINNIFTY02JAN2421250CE.NFO,02/01/2024,09:34:12,204.2,203.85,160,204.4,560,40,69880
FINNIFTY02JAN2421250CE.NFO,02/01/2024,09:34:14,204.6,204.25,240,204.85,560,80,69880
FINNIFTY02JAN2421250CE.NFO,02/01/2024,09:34:16,204.6,204,680,204.55,560,0,69880
FINNIFTY02JAN2421250CE.NFO,02/01/2024,09:34:17,204.6,202.95,800,203.5,720,0,69880
FINNIFTY02JAN2421250CE.NFO,02/01/2024,09:34:19,204.6,202.55,1200,203.2,360,0,69880
FINNIFTY02JAN2421250CE.NFO,02/01/2024,09:34:21,204.6,202.6,680,203.25,760,0,69880
FINNIFTY02JAN2421250CE.NFO,02/01/2024,09:34:22,204.6,201.9,680,202.5,200,0,69880
FINNIFTY02JAN2421250CE.NFO,02/01/2024,09:34:24,201.45,200.05,280,200.65,800,80,69880
FINNIFTY02JAN2421250CE.NFO,02/01/2024,09:34:26,201.45,199.2,240,199.8,480,0,69880
FINNIFTY02JAN2421250CE.NFO,02/01/2024,09:34:27,201.45,200.3,360,200.85,120,0,69880
FINNIFTY02JAN2421250CE.NFO,02/01/2024,09:34:29,200.3,200.3,520,200.9,320,40,69880
FINNIFTY02JAN2421250CE.NFO,02/01/2024,09:34:31,200.3,199.25,1000,199.8,360,0,69880
FINNIFTY02JAN2421250CE.NFO,02/01/2024,09:34:32,200.3,200.25,160,200.75,560,0,69880
FINNIFTY02JAN2421250CE.NFO,02/01/2024,09:34:34,200.3,200.9,280,201.4,120,0,69880
FINNIFTY02JAN2421250CE.NFO,02/01/2024,09:34:36,200.3,201.2,360,201.45,40,0,69880
FINNIFTY02JAN2421250CE.NFO,02/01/2024,09:34:37,200.3,201.25,760,201.45,40,0,69880
FINNIFTY02JAN2421250CE.NFO,02/01/2024,09:34:39,200.7,200.45,560,201,120,40,69880
FINNIFTY02JAN2421250CE.NFO,02/01/2024,09:34:41,200.7,200.8,1040,201.4,1320,0,69880
FINNIFTY02JAN2421250CE.NFO,02/01/2024,09:34:42,200.7,202.45,200,203,1160,0,69880
FINNIFTY02JAN2421250CE.NFO,02/01/2024,09:34:44,200.7,202.2,480,202.8,1920,0,69880
FINNIFTY02JAN2421250CE.NFO,02/01/2024,09:34:46,200.7,202.1,600,202.65,640,0,69880
FINNIFTY02JAN2421250CE.NFO,02/01/2024,09:34:47,200.7,202.2,560,202.8,1160,0,69880
FINNIFTY02JAN2421250CE.NFO,02/01/2024,09:34:49,200.7,201.9,480,202.45,600,0,69880
FINNIFTY02JAN2421250CE.NFO,02/01/2024,09:34:51,202.4,201.55,480,202.15,440,40,69880
FINNIFTY02JAN2421250CE.NFO,02/01/2024,09:34:52,202.4,200.75,720,201.35,640,0,69880
FINNIFTY02JAN2421250CE.NFO,02/01/2024,09:34:54,200.7,200.2,880,200.7,280,40,69880
FINNIFTY02JAN2421250CE.NFO,02/01/2024,09:34:56,200.7,201.05,560,201.55,40,0,69880
FINNIFTY02JAN2421250CE.NFO,02/01/2024,09:34:57,200.7,201.55,200,202.05,240,0,69880
FINNIFTY02JAN2421250CE.NFO,02/01/2024,09:34:59,200.7,203.3,840,203.9,440,0,69880
FINNIFTY02JAN2421250CE.NFO,02/01/2024,09:35:01,203.8,204.25,80,204.85,400,80,69880
FINNIFTY02JAN2421250CE.NFO,02/01/2024,09:35:02,203.8,203.85,480,204.35,480,0,69880
FINNIFTY02JAN2421250CE.NFO,02/01/2024,09:35:04,203.7,204.7,680,205.25,720,400,69880
FINNIFTY02JAN2421250CE.NFO,02/01/2024,09:35:06,206.1,204.65,280,205.2,560,40,69880
FINNIFTY02JAN2421250CE.NFO,02/01/2024,09:35:07,206.1,204.3,160,204.85,520,0,69880
FINNIFTY02JAN2421250CE.NFO,02/01/2024,09:35:09,206.1,204.1,120,204.75,1000,0,69880
FINNIFTY02JAN2421250CE.NFO,02/01/2024,09:35:11,206.1,203.1,120,203.65,760,0,69880
FINNIFTY02JAN2421250CE.NFO,02/01/2024,09:35:12,206.1,201.85,400,202.45,560,0,69880
FINNIFTY02JAN2421250CE.NFO,02/01/2024,09:35:14,202.45,202.9,120,203.5,280,400,69880
FINNIFTY02JAN2421250CE.NFO,02/01/2024,09:35:16,202.45,202.85,40,203.35,200,0,69880
FINNIFTY02JAN2421250CE.NFO,02/01/2024,09:35:17,202.5,202.5,560,203.05,200,160,69880
FINNIFTY02JAN2421250CE.NFO,02/01/2024,09:35:19,202.5,203.8,120,204.4,320,0,69880
FINNIFTY02JAN2421250CE.NFO,02/01/2024,09:35:21,202.5,205.7,880,206.35,560,0,69880
FINNIFTY02JAN2421250CE.NFO,02/01/2024,09:35:22,202.5,204.5,40,205,440,0,69880
FINNIFTY02JAN2421250CE.NFO,02/01/2024,09:35:24,204.2,204.05,240,204.6,440,400,69880
FINNIFTY02JAN2421250CE.NFO,02/01/2024,09:35:26,204.2,204.5,680,205.1,960,0,69880
FINNIFTY02JAN2421250CE.NFO,02/01/2024,09:35:27,204.2,203.7,600,204.3,600,0,69880
FINNIFTY02JAN2421250CE.NFO,02/01/2024,09:35:29,203.95,204.1,40,204.7,1240,400,70840
FINNIFTY02JAN2421250CE.NFO,02/01/2024,09:35:31,203.95,202.75,760,203.4,1440,0,70840
FINNIFTY02JAN2421250CE.NFO,02/01/2024,09:35:32,203.7,203,120,203.6,440,120,70840
FINNIFTY02JAN2421250CE.NFO,02/01/2024,09:35:34,203.7,203.75,120,204.3,560,0,70840
FINNIFTY02JAN2421250CE.NFO,02/01/2024,09:35:36,203.7,202.85,40,203.3,1040,0,70840
FINNIFTY02JAN2421250CE.NFO,02/01/2024,09:35:37,203.7,201.9,560,202.4,360,0,70840
FINNIFTY02JAN2421250CE.NFO,02/01/2024,09:35:39,203.7,201.25,120,201.8,920,0,70840
FINNIFTY02JAN2421250CE.NFO,02/01/2024,09:35:41,201.35,201.35,360,201.9,1120,400,70840
FINNIFTY02JAN2421250CE.NFO,02/01/2024,09:35:42,201.3,201.05,640,201.7,1080,400,70840
FINNIFTY02JAN2421250CE.NFO,02/01/2024,09:35:44,201.3,201.3,800,201.9,1280,0,70840
FINNIFTY02JAN2421250CE.NFO,02/01/2024,09:35:46,200,199.55,800,200.05,120,200,70840
FINNIFTY02JAN2421250CE.NFO,02/01/2024,09:35:47,199.75,198.85,80,199.35,280,40,70840
FINNIFTY02JAN2421250CE.NFO,02/01/2024,09:35:49,199.75,199.25,1320,199.9,360,0,70840
FINNIFTY02JAN2421250CE.NFO,02/01/2024,09:35:51,199.75,199.45,720,200.1,1360,0,70840
FINNIFTY02JAN2421250CE.NFO,02/01/2024,09:35:52,200.35,199.75,640,200.35,360,40,70840
FINNIFTY02JAN2421250CE.NFO,02/01/2024,09:35:54,200.35,198.65,640,199.3,120,0,70840
FINNIFTY02JAN2421250CE.NFO,02/01/2024,09:35:56,198,198.2,640,198.8,1160,640,70840
FINNIFTY02JAN2421250CE.NFO,02/01/2024,09:35:57,198,197.7,640,198.3,1240,0,70840
FINNIFTY02JAN2421250CE.NFO,02/01/2024,09:35:59,198.4,198.15,560,198.75,640,200,70840
FINNIFTY02JAN2421250CE.NFO,02/01/2024,09:36:01,198.4,197.45,120,198,240,0,70840
FINNIFTY02JAN2421250CE.NFO,02/01/2024,09:36:02,197.85,197.35,840,197.95,200,120,70840
FINNIFTY02JAN2421250CE.NFO,02/01/2024,09:36:04,198.1,198.3,240,198.85,1280,40,70840
FINNIFTY02JAN2421250CE.NFO,02/01/2024,09:36:06,198.5,198.2,840,198.85,1000,200,70840
FINNIFTY02JAN2421250CE.NFO,02/01/2024,09:36:07,198.5,198.3,960,198.85,520,0,70840
FINNIFTY02JAN2421250CE.NFO,02/01/2024,09:36:09,198.5,199.3,640,199.95,760,0,70840
FINNIFTY02JAN2421250CE.NFO,02/01/2024,09:36:11,198.5,199.2,1240,199.8,120,0,70840
FINNIFTY02JAN2421250CE.NFO,02/01/2024,09:36:12,198.5,198.95,560,199.55,1200,0,70840
FINNIFTY02JAN2421250CE.NFO,02/01/2024,09:36:14,198.5,197.1,640,197.7,360,0,70840
FINNIFTY02JAN2421250CE.NFO,02/01/2024,09:36:16,196,195.5,760,196.1,160,40,70840
FINNIFTY02JAN2421250CE.NFO,02/01/2024,09:36:17,195.15,194.5,200,195,360,760,70840
FINNIFTY02JAN2421250CE.NFO,02/01/2024,09:36:19,194.4,194.8,160,195.3,120,1440,70840
FINNIFTY02JAN2421250CE.NFO,02/01/2024,09:36:21,194.7,194.6,240,195.15,480,120,70840
FINNIFTY02JAN2421250CE.NFO,02/01/2024,09:36:22,194.75,194.7,640,195.3,920,400,70840
FINNIFTY02JAN2421250CE.NFO,02/01/2024,09:36:24,194.75,196,280,196.55,560,0,70840
FINNIFTY02JAN2421250CE.NFO,02/01/2024,09:36:26,197.8,197.5,560,198,840,400,70840
FINNIFTY02JAN2421250CE.NFO,02/01/2024,09:36:27,197.35,196.4,560,196.9,520,280,70840
FINNIFTY02JAN2421250CE.NFO,02/01/2024,09:36:29,197.35,198.35,640,198.9,280,0,70840
FINNIFTY02JAN2421250CE.NFO,02/01/2024,09:36:31,197.35,198.75,1440,199.35,120,0,70840
FINNIFTY02JAN2421250CE.NFO,02/01/2024,09:36:32,197.35,197.65,360,198.3,280,0,70840
FINNIFTY02JAN2421250CE.NFO,02/01/2024,09:36:34,197.35,197.6,560,198.15,80,0,70840
FINNIFTY02JAN2421250CE.NFO,02/01/2024,09:36:36,197.35,197.55,560,198.1,1160,0,70840
FINNIFTY02JAN2421250CE.NFO,02/01/2024,09:36:37,197.35,197,200,197.65,1040,0,70840
FINNIFTY02JAN2421250CE.NFO,02/01/2024,09:36:39,197.35,197.65,1360,198.3,1400,0,70840
FINNIFTY02JAN2421250CE.NFO,02/01/2024,09:36:41,197.8,199.05,600,199.65,80,40,70840
FINNIFTY02JAN2421250CE.NFO,02/01/2024,09:36:42,197.8,198.5,640,198.95,40,0,70840
FINNIFTY02JAN2421250CE.NFO,02/01/2024,09:36:44,197.8,199.05,760,199.65,760,0,70840
FINNIFTY02JAN2421250CE.NFO,02/01/2024,09:36:46,199.45,199.45,1040,200,600,400,70840
FINNIFTY02JAN2421250CE.NFO,02/01/2024,09:36:47,199.45,199.55,640,200,280,0,70840
FINNIFTY02JAN2421250CE.NFO,02/01/2024,09:36:49,199.4,198.8,640,199.4,760,40,70840
FINNIFTY02JAN2421250CE.NFO,02/01/2024,09:36:51,199.85,199.5,760,200,520,80,70840
FINNIFTY02JAN2421250CE.NFO,02/01/2024,09:36:52,199.6,199.55,640,200,320,40,70840
FINNIFTY02JAN2421250CE.NFO,02/01/2024,09:36:54,200.05,200.4,760,200.9,200,320,70840
FINNIFTY02JAN2421250CE.NFO,02/01/2024,09:36:56,200.05,200.05,560,200.6,200,0,70840
FINNIFTY02JAN2421250CE.NFO,02/01/2024,09:36:57,200.05,200,1080,200.55,160,0,70840
FINNIFTY02JAN2421250CE.NFO,02/01/2024,09:36:59,200.4,200.5,640,201,600,400,70840
FINNIFTY02JAN2421250CE.NFO,02/01/2024,09:37:01,200.4,202.4,640,202.9,160,0,70840
FINNIFTY02JAN2421250CE.NFO,02/01/2024,09:37:02,202.35,202.35,560,202.9,40,80,70840
FINNIFTY02JAN2421250CE.NFO,02/01/2024,09:37:04,202.35,202.25,640,202.8,480,0,70840
FINNIFTY02JAN2421250CE.NFO,02/01/2024,09:37:06,202.35,202.6,640,203.2,40,0,70840
FINNIFTY02JAN2421250CE.NFO,02/01/2024,09:37:07,202.35,202.25,200,202.75,200,0,70840
FINNIFTY02JAN2421250CE.NFO,02/01/2024,09:37:09,202.35,202,200,202.5,480,0,70840
FINNIFTY02JAN2421250CE.NFO,02/01/2024,09:37:11,202,201.7,40,202.2,200,120,70840
FINNIFTY02JAN2421250CE.NFO,02/01/2024,09:37:12,202,200.9,680,201.45,40,0,70840
FINNIFTY02JAN2421250CE.NFO,02/01/2024,09:37:14,200.4,201,160,201.5,40,40,70840
FINNIFTY02JAN2421250CE.NFO,02/01/2024,09:37:16,200.4,201,440,201.55,40,0,70840
FINNIFTY02JAN2421250CE.NFO,02/01/2024,09:37:17,201.75,200.75,760,201.25,120,120,70840
FINNIFTY02JAN2421250CE.NFO,02/01/2024,09:37:19,201.75,201.1,560,201.65,200,0,70840
FINNIFTY02JAN2421250CE.NFO,02/01/2024,09:37:21,201.75,201.95,160,202.05,40,0,70840
FINNIFTY02JAN2421250CE.NFO,02/01/2024,09:37:22,201.75,201.85,40,202.05,40,0,70840
FINNIFTY02JAN2421250CE.NFO,02/01/2024,09:37:24,202.05,202.1,240,202.65,600,40,70840
FINNIFTY02JAN2421250CE.NFO,02/01/2024,09:37:26,203,203.5,680,204.05,640,80,70840
FINNIFTY02JAN2421250CE.NFO,02/01/2024,09:37:27,203,203.6,640,204.2,600,0,70840
FINNIFTY02JAN2421250CE.NFO,02/01/2024,09:37:29,203,204.15,760,204.75,560,0,70840
FINNIFTY02JAN2421250CE.NFO,02/01/2024,09:37:31,203,206.05,960,206.65,240,0,70840
FINNIFTY02JAN2421250CE.NFO,02/01/2024,09:37:32,206.15,206.3,400,206.85,760,40,70840
FINNIFTY02JAN2421250CE.NFO,02/01/2024,09:37:34,206.15,206.25,760,206.75,160,0,70840
FINNIFTY02JAN2421250CE.NFO,02/01/2024,09:37:36,206.15,205.85,640,206.45,200,0,70840
FINNIFTY02JAN2421250CE.NFO,02/01/2024,09:37:37,206.15,204.05,200,204.6,1080,0,70840
FINNIFTY02JAN2421250CE.NFO,02/01/2024,09:37:39,206.15,204.85,560,205.35,440,0,70840
FINNIFTY02JAN2421250CE.NFO,02/01/2024,09:37:41,206.15,206,1040,206.6,280,0,70840
FINNIFTY02JAN2421250CE.NFO,02/01/2024,09:37:42,206.15,205.55,240,206.15,720,0,70840
FINNIFTY02JAN2421250CE.NFO,02/01/2024,09:37:44,206.15,205.2,560,205.75,680,0,70840
FINNIFTY02JAN2421250CE.NFO,02/01/2024,09:37:46,204.6,203.9,200,204.45,200,80,70840
FINNIFTY02JAN2421250CE.NFO,02/01/2024,09:37:47,204.6,203.75,840,204.3,160,0,70840
FINNIFTY02JAN2421250CE.NFO,02/01/2024,09:37:49,204.6,204.6,200,205.2,720,0,70840
FINNIFTY02JAN2421250CE.NFO,02/01/2024,09:37:51,204.6,204.55,840,205.1,200,0,70840
FINNIFTY02JAN2421250CE.NFO,02/01/2024,09:37:52,205,203.95,1240,204.5,160,80,70840
FINNIFTY02JAN2421250CE.NFO,02/01/2024,09:37:54,205,204.95,1120,205.6,560,0,70840
FINNIFTY02JAN2421250CE.NFO,02/01/2024,09:37:56,205,204.75,680,205.35,160,0,70840
FINNIFTY02JAN2421250CE.NFO,02/01/2024,09:37:57,205.9,205.05,40,205.65,840,160,70840
FINNIFTY02JAN2421250CE.NFO,02/01/2024,09:37:59,205.9,204.55,840,205.1,200,0,70840
FINNIFTY02JAN2421250CE.NFO,02/01/2024,09:38:01,205.9,204.6,880,205.15,200,0,70840
FINNIFTY02JAN2421250CE.NFO,02/01/2024,09:38:02,205.9,205.15,1080,205.8,1240,0,70840
FINNIFTY02JAN2421250CE.NFO,02/01/2024,09:38:04,205.9,204.7,560,205.3,560,0,70840
FINNIFTY02JAN2421250CE.NFO,02/01/2024,09:38:06,205.9,204.05,1200,204.7,1160,0,70840
FINNIFTY02JAN2421250CE.NFO,02/01/2024,09:38:07,205.9,204.05,440,204.6,920,0,70840
FINNIFTY02JAN2421250CE.NFO,02/01/2024,09:38:09,204.55,204.05,200,204.6,680,40,70840
FINNIFTY02JAN2421250CE.NFO,02/01/2024,09:38:11,204.55,203.5,760,204,480,0,70840
FINNIFTY02JAN2421250CE.NFO,02/01/2024,09:38:12,204.55,203.25,1000,203.85,120,0,70840
FINNIFTY02JAN2421250CE.NFO,02/01/2024,09:38:14,204.55,204.25,640,204.75,120,0,70840
FINNIFTY02JAN2421250CE.NFO,02/01/2024,09:38:16,204.55,204.85,1040,205.45,760,0,70840
FINNIFTY02JAN2421250CE.NFO,02/01/2024,09:38:17,204.55,204.5,840,205.05,120,0,70840
FINNIFTY02JAN2421250CE.NFO,02/01/2024,09:38:19,204.55,204.6,1440,205.1,360,0,70840
FINNIFTY02JAN2421250CE.NFO,02/01/2024,09:38:21,204.55,206,640,206.6,640,0,70840
FINNIFTY02JAN2421250CE.NFO,02/01/2024,09:38:22,204.55,206.5,560,207.05,240,0,70840
FINNIFTY02JAN2421250CE.NFO,02/01/2024,09:38:24,207.4,206.35,560,206.95,240,40,70840
FINNIFTY02JAN2421250CE.NFO,02/01/2024,09:38:26,207.4,206.15,800,206.7,560,0,70840
FINNIFTY02JAN2421250CE.NFO,02/01/2024,09:38:27,209.25,207.65,120,208.1,600,2440,72640
FINNIFTY02JAN2421250CE.NFO,02/01/2024,09:38:29,209.25,207.1,120,207.7,680,0,72640
FINNIFTY02JAN2421250CE.NFO,02/01/2024,09:38:31,209.25,207.7,1120,208.25,280,0,72640
FINNIFTY02JAN2421250CE.NFO,02/01/2024,09:38:33,207.95,207.6,40,207.95,120,40,72640
FINNIFTY02JAN2421250CE.NFO,02/01/2024,09:38:34,207.25,206.25,800,206.75,160,120,72640
FINNIFTY02JAN2421250CE.NFO,02/01/2024,09:38:36,207.25,205.7,520,206.3,560,0,72640
FINNIFTY02JAN2421250CE.NFO,02/01/2024,09:38:38,207.25,207.9,960,208.55,640,0,72640
FINNIFTY02JAN2421250CE.NFO,02/01/2024,09:38:39,207.25,208.4,560,208.95,320,0,72640
FINNIFTY02JAN2421250CE.NFO,02/01/2024,09:38:41,207.25,208.7,200,209.2,560,0,72640
FINNIFTY02JAN2421250CE.NFO,02/01/2024,09:38:43,207.4,206.95,680,207.5,240,440,72640
FINNIFTY02JAN2421250CE.NFO,02/01/2024,09:38:44,208.3,208.15,240,208.75,280,40,72640
FINNIFTY02JAN2421250CE.NFO,02/01/2024,09:38:46,208.3,207.3,280,207.85,760,0,72640
FINNIFTY02JAN2421250CE.NFO,02/01/2024,09:38:48,207.05,206.75,200,207.2,240,480,72640
FINNIFTY02JAN2421250CE.NFO,02/01/2024,09:38:49,207.05,206.75,240,207.35,680,0,72640
FINNIFTY02JAN2421250CE.NFO,02/01/2024,09:38:51,207.05,206.25,1200,206.8,240,0,72640
FINNIFTY02JAN2421250CE.NFO,02/01/2024,09:38:53,207.05,207.45,240,207.95,600,0,72640
FINNIFTY02JAN2421250CE.NFO,02/01/2024,09:38:54,208.3,207.8,640,208.4,600,40,72640
FINNIFTY02JAN2421250CE.NFO,02/01/2024,09:38:56,208.3,209.4,480,209.9,560,0,72640
FINNIFTY02JAN2421250CE.NFO,02/01/2024,09:38:58,213.5,213,360,213.5,240,1840,72640
FINNIFTY02JAN2421250CE.NFO,02/01/2024,09:38:59,213.8,212.3,240,212.95,960,40,72640
FINNIFTY02JAN2421250CE.NFO,02/01/2024,09:39:01,212.45,212.55,120,213.2,840,40,72640
FINNIFTY02JAN2421250CE.NFO,02/01/2024,09:39:03,215.8,216.2,200,216.85,200,5120,72640
FINNIFTY02JAN2421250CE.NFO,02/01/2024,09:39:04,217.3,215.25,280,215.95,240,40,72640
FINNIFTY02JAN2421250CE.NFO,02/01/2024,09:39:06,217.3,215.4,560,216,680,0,72640
FINNIFTY02JAN2421250CE.NFO,02/01/2024,09:39:08,215.1,215.45,200,216,1120,600,72640
FINNIFTY02JAN2421250CE.NFO,02/01/2024,09:39:09,215.35,214.3,240,214.9,520,40,72640
FINNIFTY02JAN2421250CE.NFO,02/01/2024,09:39:11,213.75,213.45,360,214.05,200,160,72640
FINNIFTY02JAN2421250CE.NFO,02/01/2024,09:39:13,214,213.85,640,214.4,440,40,72640
FINNIFTY02JAN2421250CE.NFO,02/01/2024,09:39:14,214,214,120,214.6,1040,0,72640
FINNIFTY02JAN2421250CE.NFO,02/01/2024,09:39:16,214,213.7,840,214.3,440,0,72640
FINNIFTY02JAN2421250CE.NFO,02/01/2024,09:39:18,214,211.2,240,211.7,960,0,72640
FINNIFTY02JAN2421250CE.NFO,02/01/2024,09:39:19,214,212.45,240,213,520,0,72640
FINNIFTY02JAN2421250CE.NFO,02/01/2024,09:39:21,214,213.25,240,213.8,560,0,72640
FINNIFTY02JAN2421250CE.NFO,02/01/2024,09:39:23,214,213.95,560,214.55,480,0,72640
FINNIFTY02JAN2421250CE.NFO,02/01/2024,09:39:24,213.2,212.95,680,213.45,160,160,72640
FINNIFTY02JAN2421250CE.NFO,02/01/2024,09:39:26,213.2,213.7,640,214.3,520,0,72640
FINNIFTY02JAN2421250CE.NFO,02/01/2024,09:39:28,215.2,215.05,280,215.65,200,80,72640
FINNIFTY02JAN2421250CE.NFO,02/01/2024,09:39:29,215.2,214.2,840,214.85,440,0,72640
FINNIFTY02JAN2421250CE.NFO,02/01/2024,09:39:31,213.95,213.8,280,214.4,920,640,72640
FINNIFTY02JAN2421250CE.NFO,02/01/2024,09:39:33,213.8,213.25,280,213.8,920,80,72640
FINNIFTY02JAN2421250CE.NFO,02/01/2024,09:39:34,213.8,213.25,240,213.8,560,0,72640
FINNIFTY02JAN2421250CE.NFO,02/01/2024,09:39:36,213.8,212.3,280,212.85,720,0,72640
FINNIFTY02JAN2421250CE.NFO,02/01/2024,09:39:38,212,212.2,680,212.8,1120,240,72640
FINNIFTY02JAN2421250CE.NFO,02/01/2024,09:39:39,213,212.85,200,213.4,160,40,72640
FINNIFTY02JAN2421250CE.NFO,02/01/2024,09:39:41,213,213.15,640,213.75,40,0,72640
FINNIFTY02JAN2421250CE.NFO,02/01/2024,09:39:43,213,214.1,120,214.65,560,0,72640
FINNIFTY02JAN2421250CE.NFO,02/01/2024,09:39:44,213,216.45,40,217,120,0,72640
FINNIFTY02JAN2421250CE.NFO,02/01/2024,09:39:46,219,219.45,40,219.55,160,1080,72640
FINNIFTY02JAN2421250CE.NFO,02/01/2024,09:39:48,216.7,216.05,120,216.6,640,320,72640
FINNIFTY02JAN2421250CE.NFO,02/01/2024,09:39:49,216.7,217.55,200,218.1,360,0,72640
FINNIFTY02JAN2421250CE.NFO,02/01/2024,09:39:51,217.55,218.65,200,219.25,560,320,72640
FINNIFTY02JAN2421250CE.NFO,02/01/2024,09:39:53,217.35,216.6,560,217.1,320,400,72640
FINNIFTY02JAN2421250CE.NFO,02/01/2024,09:39:54,217.35,217.1,640,217.7,440,0,72640
FINNIFTY02JAN2421250CE.NFO,02/01/2024,09:39:56,216.8,216.15,560,216.7,680,40,72640
FINNIFTY02JAN2421250CE.NFO,02/01/2024,09:39:58,216.75,216.15,840,216.75,280,40,72640
FINNIFTY02JAN2421250CE.NFO,02/01/2024,09:39:59,216.75,215.85,640,216.4,200,0,72640
FINNIFTY02JAN2421250CE.NFO,02/01/2024,09:40:01,214.7,214.2,640,214.9,1240,280,72640
FINNIFTY02JAN2421250CE.NFO,02/01/2024,09:40:03,214.7,217.4,320,217.95,560,0,72640
FINNIFTY02JAN2421250CE.NFO,02/01/2024,09:40:04,217.1,217.4,560,217.95,280,80,72640
FINNIFTY02JAN2421250CE.NFO,02/01/2024,09:40:06,217.1,215.4,640,216.05,800,0,72640
FINNIFTY02JAN2421250CE.NFO,02/01/2024,09:40:08,217.1,214.9,560,215.4,160,0,72640
FINNIFTY02JAN2421250CE.NFO,02/01/2024,09:40:09,217.1,215.25,840,215.95,1080,0,72640
FINNIFTY02JAN2421250CE.NFO,02/01/2024,09:40:11,217.1,214.75,40,215.15,240,0,72640
FINNIFTY02JAN2421250CE.NFO,02/01/2024,09:40:13,215,214.5,1280,215.2,1320,360,72640
FINNIFTY02JAN2421250CE.NFO,02/01/2024,09:40:14,215,214.55,800,215.1,160,0,72640
FINNIFTY02JAN2421250CE.NFO,02/01/2024,09:40:16,215,214.8,80,215.4,360,0,72640
FINNIFTY02JAN2421250CE.NFO,02/01/2024,09:40:18,215,216.35,280,216.9,600,0,72640
FINNIFTY02JAN2421250CE.NFO,02/01/2024,09:40:19,215,217.3,240,217.9,880,0,72640
FINNIFTY02JAN2421250CE.NFO,02/01/2024,09:40:21,215,217.65,360,218.35,160,0,72640
FINNIFTY02JAN2421250CE.NFO,02/01/2024,09:40:23,215,216.4,840,217,680,0,72640
FINNIFTY02JAN2421250CE.NFO,02/01/2024,09:40:24,217.05,216.25,640,216.9,1160,40,72640
FINNIFTY02JAN2421250CE.NFO,02/01/2024,09:40:26,216.15,215.2,240,215.85,760,80,72640
FINNIFTY02JAN2421250CE.NFO,02/01/2024,09:40:28,214.55,213.75,120,214.4,240,40,72640
FINNIFTY02JAN2421250CE.NFO,02/01/2024,09:40:29,214.55,213.6,360,214.25,240,0,72640
FINNIFTY02JAN2421250CE.NFO,02/01/2024,09:40:31,214.55,213.4,200,213.95,120,0,72640
FINNIFTY02JAN2421250CE.NFO,02/01/2024,09:40:33,213.85,212.85,1240,213.55,760,80,72640
FINNIFTY02JAN2421250CE.NFO,02/01/2024,09:40:34,213.85,213,600,213.6,920,0,72640
FINNIFTY02JAN2421250CE.NFO,02/01/2024,09:40:36,212.7,214.2,360,214.85,880,40,72640
FINNIFTY02JAN2421250CE.NFO,02/01/2024,09:40:38,214.5,213.8,280,214.4,960,320,72640
FINNIFTY02JAN2421250CE.NFO,02/01/2024,09:40:39,214.6,213.6,1120,214.25,920,80,72640
FINNIFTY02JAN2421250CE.NFO,02/01/2024,09:40:41,214.6,214.6,560,215.2,160,0,72640
FINNIFTY02JAN2421250CE.NFO,02/01/2024,09:40:43,213.45,212.45,280,213.05,600,40,72640
FINNIFTY02JAN2421250CE.NFO,02/01/2024,09:40:44,212.3,211.65,680,212.35,720,520,72640
FINNIFTY02JAN2421250CE.NFO,02/01/2024,09:40:46,212.3,210.1,760,210.7,160,0,72640
FINNIFTY02JAN2421250CE.NFO,02/01/2024,09:40:48,210.05,210.1,640,210.75,760,720,72640
FINNIFTY02JAN2421250CE.NFO,02/01/2024,09:40:49,210.05,210.7,1280,211.35,320,440,72640
FINNIFTY02JAN2421250CE.NFO,02/01/2024,09:40:51,210.05,211.25,720,211.9,1680,0,72640
FINNIFTY02JAN2421250CE.NFO,02/01/2024,09:40:53,212.3,211.65,560,212.3,360,80,72640
FINNIFTY02JAN2421250CE.NFO,02/01/2024,09:40:54,212.3,213.6,800,214.3,200,0,72640
FINNIFTY02JAN2421250CE.NFO,02/01/2024,09:40:56,212.55,212.25,880,212.9,1000,80,72640
FINNIFTY02JAN2421250CE.NFO,02/01/2024,09:40:58,212.35,211.8,640,212.35,360,40,72640
FINNIFTY02JAN2421250CE.NFO,02/01/2024,09:40:59,212.35,213.75,920,214.4,640,0,72640
FINNIFTY02JAN2421250CE.NFO,02/01/2024,09:41:01,211.9,212,640,212.7,1400,200,72640
FINNIFTY02JAN2421250CE.NFO,02/01/2024,09:41:03,211.9,211.8,400,212.45,560,0,72640
FINNIFTY02JAN2421250CE.NFO,02/01/2024,09:41:04,211.9,212.05,640,212.7,520,0,72640
FINNIFTY02JAN2421250CE.NFO,02/01/2024,09:41:06,211.9,212.6,680,213.15,440,0,72640
FINNIFTY02JAN2421250CE.NFO,02/01/2024,09:41:08,212.7,212.85,1080,213.5,920,120,72640
FINNIFTY02JAN2421250CE.NFO,02/01/2024,09:41:09,212.5,211.95,560,212.6,1640,80,72640
FINNIFTY02JAN2421250CE.NFO,02/01/2024,09:41:11,212.5,211.6,280,212.1,480,0,72640
FINNIFTY02JAN2421250CE.NFO,02/01/2024,09:41:13,212.5,211,1280,211.7,1680,0,72640
FINNIFTY02JAN2421250CE.NFO,02/01/2024,09:41:14,212.5,211.45,640,212.05,400,0,72640
FINNIFTY02JAN2421250CE.NFO,02/01/2024,09:41:16,212.5,211.7,720,212.3,520,0,72640
FINNIFTY02JAN2421250CE.NFO,02/01/2024,09:41:18,212.5,211.5,760,212.2,1000,0,72640
FINNIFTY02JAN2421250CE.NFO,02/01/2024,09:41:19,212.5,210.8,80,211.45,560,0,72640
FINNIFTY02JAN2421250CE.NFO,02/01/2024,09:41:21,212.25,212,360,212.65,1280,280,72640
FINNIFTY02JAN2421250CE.NFO,02/01/2024,09:41:23,212.25,212.75,640,213.45,1280,0,72640
FINNIFTY02JAN2421250CE.NFO,02/01/2024,09:41:24,212.25,213,560,213.6,1200,0,72640
FINNIFTY02JAN2421250CE.NFO,02/01/2024,09:41:26,212.25,212.35,640,213,1200,0,72640
FINNIFTY02JAN2421250CE.NFO,02/01/2024,09:41:28,212.25,212.6,640,213.25,640,0,72640
FINNIFTY02JAN2421250CE.NFO,02/01/2024,09:41:29,212.25,212.1,560,212.8,1000,40,75160
FINNIFTY02JAN2421250CE.NFO,02/01/2024,09:41:31,212.25,211.65,680,212.25,120,0,75160
FINNIFTY02JAN2421250CE.NFO,02/01/2024,09:41:33,212.25,212.35,640,212.9,440,0,75160
FINNIFTY02JAN2421250CE.NFO,02/01/2024,09:41:34,212.25,212.65,640,213.3,1760,0,75160
FINNIFTY02JAN2421250CE.NFO,02/01/2024,09:41:36,213.3,212.15,880,212.8,440,40,75160
FINNIFTY02JAN2421250CE.NFO,02/01/2024,09:41:38,211.8,211.35,560,211.9,400,520,75160
FINNIFTY02JAN2421250CE.NFO,02/01/2024,09:41:39,211.8,211.2,840,211.9,960,0,75160
FINNIFTY02JAN2421250CE.NFO,02/01/2024,09:41:41,211.8,212.6,1360,213.3,1040,0,75160
FINNIFTY02JAN2421250CE.NFO,02/01/2024,09:41:43,212.55,212.55,1400,213.25,600,400,75160
FINNIFTY02JAN2421250CE.NFO,02/01/2024,09:41:44,212.55,212.7,560,213.35,1240,0,75160
FINNIFTY02JAN2421250CE.NFO,02/01/2024,09:41:46,212.55,213.1,200,213.7,920,0,75160
FINNIFTY02JAN2421250CE.NFO,02/01/2024,09:41:48,212.55,212.5,1640,213.15,160,0,75160
FINNIFTY02JAN2421250CE.NFO,02/01/2024,09:41:49,213.05,212.45,640,213.15,720,160,75160
FINNIFTY02JAN2421250CE.NFO,02/01/2024,09:41:51,213.05,211.5,240,212.1,480,0,75160
FINNIFTY02JAN2421250CE.NFO,02/01/2024,09:41:53,213.05,211.25,1280,211.9,560,0,75160
FINNIFTY02JAN2421250CE.NFO,02/01/2024,09:41:54,213.05,212,280,212.65,560,0,75160
FINNIFTY02JAN2421250CE.NFO,02/01/2024,09:41:56,213.05,212,200,212.4,360,0,75160
FINNIFTY02JAN2421250CE.NFO,02/01/2024,09:41:58,213.05,212,840,212.65,1280,0,75160
FINNIFTY02JAN2421250CE.NFO,02/01/2024,09:41:59,211.4,211.75,1000,212.35,560,320,75160
FINNIFTY02JAN2421250CE.NFO,02/01/2024,09:42:01,208.6,209.1,440,209.7,560,560,75160
FINNIFTY02JAN2421250CE.NFO,02/01/2024,09:42:03,207.7,207.85,960,208.55,1280,280,75160
FINNIFTY02JAN2421250CE.NFO,02/01/2024,09:42:04,207.7,208.65,600,209.3,640,0,75160
FINNIFTY02JAN2421250CE.NFO,02/01/2024,09:42:06,207.7,206.15,200,206.8,560,0,75160
FINNIFTY02JAN2421250CE.NFO,02/01/2024,09:42:08,207.7,206.15,640,206.85,800,0,75160
FINNIFTY02JAN2421250CE.NFO,02/01/2024,09:42:09,207.7,207.35,560,207.95,600,40,75160
FINNIFTY02JAN2421250CE.NFO,02/01/2024,09:42:11,207.7,207.7,1320,208.4,1000,0,75160
FINNIFTY02JAN2421250CE.NFO,02/01/2024,09:42:13,207.7,207.45,200,208.1,1080,40,75160
FINNIFTY02JAN2421250CE.NFO,02/01/2024,09:42:14,207.7,207.75,640,208.45,1400,0,75160
FINNIFTY02JAN2421250CE.NFO,02/01/2024,09:42:16,207.7,207.25,1280,207.9,1280,0,75160
FINNIFTY02JAN2421250CE.NFO,02/01/2024,09:42:18,207.7,207.65,600,208.4,1080,0,75160
FINNIFTY02JAN2421250CE.NFO,02/01/2024,09:42:19,210.3,209.7,360,210.4,600,200,75160
FINNIFTY02JAN2421250CE.NFO,02/01/2024,09:42:21,210.3,208.05,560,208.6,440,0,75160
FINNIFTY02JAN2421250CE.NFO,02/01/2024,09:42:23,210.3,207.9,520,208.5,360,0,75160
FINNIFTY02JAN2421250CE.NFO,02/01/2024,09:42:24,210.3,207.85,720,208.5,480,0,75160
FINNIFTY02JAN2421250CE.NFO,02/01/2024,09:42:26,210.3,207.2,560,207.75,360,0,75160
FINNIFTY02JAN2421250CE.NFO,02/01/2024,09:42:28,210.3,207.1,120,207.75,1320,0,75160
FINNIFTY02JAN2421250CE.NFO,02/01/2024,09:42:29,210.3,207.8,240,208.5,760,0,75160
FINNIFTY02JAN2421250CE.NFO,02/01/2024,09:42:31,210.3,209.15,560,209.8,1000,0,75160
FINNIFTY02JAN2421250CE.NFO,02/01/2024,09:42:33,210.3,208.75,640,209.35,640,0,75160
FINNIFTY02JAN2421250CE.NFO,02/01/2024,09:42:34,210.3,208.1,1280,208.75,680,0,75160
FINNIFTY02JAN2421250CE.NFO,02/01/2024,09:42:36,210.3,208.25,1280,208.9,920,0,75160
FINNIFTY02JAN2421250CE.NFO,02/01/2024,09:42:38,210.3,208.45,1320,209.1,560,0,75160
FINNIFTY02JAN2421250CE.NFO,02/01/2024,09:42:39,210.3,210,280,210.6,1120,0,75160
FINNIFTY02JAN2421250CE.NFO,02/01/2024,09:42:41,210.3,209.1,1840,209.75,200,0,75160
FINNIFTY02JAN2421250CE.NFO,02/01/2024,09:42:43,210.55,209.5,640,210.15,1080,40,75160
FINNIFTY02JAN2421250CE.NFO,02/01/2024,09:42:44,210.55,210.05,1280,210.7,560,0,75160
FINNIFTY02JAN2421250CE.NFO,02/01/2024,09:42:46,210.55,209.7,600,210.3,840,0,75160
FINNIFTY02JAN2421250CE.NFO,02/01/2024,09:42:48,210.55,210,560,210.55,640,0,75160
FINNIFTY02JAN2421250CE.NFO,02/01/2024,09:42:49,210.55,209.85,200,210.6,680,0,75160
FINNIFTY02JAN2421250CE.NFO,02/01/2024,09:42:51,211,210.35,640,210.95,720,400,75160
FINNIFTY02JAN2421250CE.NFO,02/01/2024,09:42:53,211,212,360,212.6,640,0,75160
FINNIFTY02JAN2421250CE.NFO,02/01/2024,09:42:54,211,211.75,560,212.3,400,0,75160
FINNIFTY02JAN2421250CE.NFO,02/01/2024,09:42:56,211,212.25,280,212.9,440,0,75160
FINNIFTY02JAN2421250CE.NFO,02/01/2024,09:42:58,211,212.65,640,213.3,1520,0,75160
FINNIFTY02JAN2421250CE.NFO,02/01/2024,09:42:59,211,212.8,640,213.3,400,0,75160
FINNIFTY02JAN2421250CE.NFO,02/01/2024,09:43:01,212.45,211.05,200,211.65,560,40,75160
FINNIFTY02JAN2421250CE.NFO,02/01/2024,09:43:03,212.45,211.55,440,212.2,640,0,75160
FINNIFTY02JAN2421250CE.NFO,02/01/2024,09:43:04,213.1,212.8,1560,213.45,200,40,75160
FINNIFTY02JAN2421250CE.NFO,02/01/2024,09:43:06,213.1,211.8,1400,212.45,560,0,75160
FINNIFTY02JAN2421250CE.NFO,02/01/2024,09:43:08,213.1,211.7,280,212.3,720,0,75160
FINNIFTY02JAN2421250CE.NFO,02/01/2024,09:43:09,213.1,211,640,211.6,1240,0,75160
FINNIFTY02JAN2421250CE.NFO,02/01/2024,09:43:11,210.85,210.7,640,211.3,760,480,75160
FINNIFTY02JAN2421250CE.NFO,02/01/2024,09:43:13,209,208.55,120,209.05,560,1040,75160
FINNIFTY02JAN2421250CE.NFO,02/01/2024,09:43:14,209,208.6,1600,209.25,120,0,75160
FINNIFTY02JAN2421250CE.NFO,02/01/2024,09:43:16,209,208.85,1280,209.5,1280,0,75160
FINNIFTY02JAN2421250CE.NFO,02/01/2024,09:43:18,209,208.4,1240,209.1,560,200,75160
FINNIFTY02JAN2421250CE.NFO,02/01/2024,09:43:19,208,207.85,480,208.5,1240,40,75160
FINNIFTY02JAN2421250CE.NFO,02/01/2024,09:43:21,207.3,207.6,640,208.25,640,280,75160
FINNIFTY02JAN2421250CE.NFO,02/01/2024,09:43:23,207.3,207.6,720,208.2,400,0,75160
FINNIFTY02JAN2421250CE.NFO,02/01/2024,09:43:24,207,207.3,560,207.9,1960,1280,75160
FINNIFTY02JAN2421250CE.NFO,02/01/2024,09:43:26,205.8,205.7,40,206.3,560,120,75160
FINNIFTY02JAN2421250CE.NFO,02/01/2024,09:43:28,205.8,205.9,560,206.5,560,0,75160
FINNIFTY02JAN2421250CE.NFO,02/01/2024,09:43:29,205.8,206.8,640,207.4,360,0,75160
FINNIFTY02JAN2421250CE.NFO,02/01/2024,09:43:31,205.8,206.4,1400,207.05,640,0,75160
FINNIFTY02JAN2421250CE.NFO,02/01/2024,09:43:33,205.8,205.55,760,206.25,1040,0,75160
FINNIFTY02JAN2421250CE.NFO,02/01/2024,09:43:34,205,204.55,560,205.15,640,120,75160
FINNIFTY02JAN2421250CE.NFO,02/01/2024,09:43:36,205.9,204.75,640,205.4,1000,120,75160
FINNIFTY02JAN2421250CE.NFO,02/01/2024,09:43:38,205.9,203.2,560,203.85,1360,0,75160
FINNIFTY02JAN2421250CE.NFO,02/01/2024,09:43:39,205.9,203.05,640,203.7,1520,0,75160
FINNIFTY02JAN2421250CE.NFO,02/01/2024,09:43:41,205.9,203.6,640,204.2,1280,0,75160
FINNIFTY02JAN2421250CE.NFO,02/01/2024,09:43:43,205.9,203.2,400,203.85,560,0,75160
FINNIFTY02JAN2421250CE.NFO,02/01/2024,09:43:44,205.9,202.15,1320,202.85,760,0,75160
FINNIFTY02JAN2421250CE.NFO,02/01/2024,09:43:46,205.9,203.3,1040,204,1720,0,75160
FINNIFTY02JAN2421250CE.NFO,02/01/2024,09:43:48,205.9,205.7,1000,206.35,560,0,75160
FINNIFTY02JAN2421250CE.NFO,02/01/2024,09:43:49,205.9,205.1,640,205.7,1680,0,75160
FINNIFTY02JAN2421250CE.NFO,02/01/2024,09:43:51,205.9,204.6,1240,205.3,360,0,75160
FINNIFTY02JAN2421250CE.NFO,02/01/2024,09:43:53,205.9,204.1,1200,204.75,840,0,75160
FINNIFTY02JAN2421250CE.NFO,02/01/2024,09:43:54,205.9,203.45,1200,204.1,2040,0,75160
FINNIFTY02JAN2421250CE.NFO,02/01/2024,09:43:56,205.9,202.8,760,203.5,400,0,75160
FINNIFTY02JAN2421250CE.NFO,02/01/2024,09:43:58,205.9,203.9,960,204.55,160,0,75160
FINNIFTY02JAN2421250CE.NFO,02/01/2024,09:43:59,205.9,205.85,480,206.55,600,0,75160
FINNIFTY02JAN2421250CE.NFO,02/01/2024,09:44:01,205.8,204.45,640,204.95,360,40,75160
FINNIFTY02JAN2421250CE.NFO,02/01/2024,09:44:03,205.8,202.05,120,202.65,760,0,75160
FINNIFTY02JAN2421250CE.NFO,02/01/2024,09:44:04,201.15,200.55,760,201.2,920,200,75160
FINNIFTY02JAN2421250CE.NFO,02/01/2024,09:44:06,201.1,200.95,440,201.5,360,40,75160
FINNIFTY02JAN2421250CE.NFO,02/01/2024,09:44:08,201.2,201,640,201.65,800,40,75160
FINNIFTY02JAN2421250CE.NFO,02/01/2024,09:44:09,200,200,40,200.55,680,520,75160
FINNIFTY02JAN2421250CE.NFO,02/01/2024,09:44:11,200.15,200.45,440,201.1,920,120,75160
FINNIFTY02JAN2421250CE.NFO,02/01/2024,09:44:13,200.9,201.15,1280,201.85,1600,80,75160
FINNIFTY02JAN2421250CE.NFO,02/01/2024,09:44:14,200.55,201.45,760,202.1,560,1440,75160
FINNIFTY02JAN2421250CE.NFO,02/01/2024,09:44:16,200.55,200.75,1200,201.35,280,0,75160
FINNIFTY02JAN2421250CE.NFO,02/01/2024,09:44:18,200.55,199.9,1040,200.55,440,0,75160
FINNIFTY02JAN2421250CE.NFO,02/01/2024,09:44:19,199,198.8,840,199.4,440,1160,75160
FINNIFTY02JAN2421250CE.NFO,02/01/2024,09:44:21,199,200.75,400,201.35,640,0,75160
FINNIFTY02JAN2421250CE.NFO,02/01/2024,09:44:23,200.55,200.5,640,201.1,560,40,75160
FINNIFTY02JAN2421250CE.NFO,02/01/2024,09:44:24,200.75,200.5,1280,201.1,640,400,75160
FINNIFTY02JAN2421250CE.NFO,02/01/2024,09:44:26,200.75,200.3,720,200.9,640,0,75160
FINNIFTY02JAN2421250CE.NFO,02/01/2024,09:44:28,200.75,201.75,760,202.4,640,0,75160
FINNIFTY02JAN2421250CE.NFO,02/01/2024,09:44:29,200.75,200.65,680,201.25,920,0,75160
FINNIFTY02JAN2421250CE.NFO,02/01/2024,09:44:31,200.75,201.25,160,201.75,520,0,75160
FINNIFTY02JAN2421250CE.NFO,02/01/2024,09:44:33,200.75,200.95,640,201.6,560,0,75160
FINNIFTY02JAN2421250CE.NFO,02/01/2024,09:44:34,200.75,200,480,200.6,400,0,75160
FINNIFTY02JAN2421250CE.NFO,02/01/2024,09:44:36,200.75,199.25,640,199.9,440,0,75160
FINNIFTY02JAN2421250CE.NFO,02/01/2024,09:44:38,200.75,200.1,1120,200.8,800,0,75160
FINNIFTY02JAN2421250CE.NFO,02/01/2024,09:44:39,201.15,200.4,1160,201.1,1120,240,74360
FINNIFTY02JAN2421250CE.NFO,02/01/2024,09:44:41,201.15,201.65,520,202.35,560,0,74360
FINNIFTY02JAN2421250CE.NFO,02/01/2024,09:44:43,201.15,201.3,1120,201.95,1000,0,74360
FINNIFTY02JAN2421250CE.NFO,02/01/2024,09:44:44,201.15,201.8,40,202.45,640,0,74360
FINNIFTY02JAN2421250CE.NFO,02/01/2024,09:44:46,201.15,201.15,40,201.55,440,0,74360
FINNIFTY02JAN2421250CE.NFO,02/01/2024,09:44:48,201.15,201.15,40,201.35,600,0,74360
FINNIFTY02JAN2421250CE.NFO,02/01/2024,09:44:49,200.75,200.65,1280,201.25,240,3040,74360
FINNIFTY02JAN2421250CE.NFO,02/01/2024,09:44:51,200.65,200.45,600,201.1,120,40,74360
FINNIFTY02JAN2421250CE.NFO,02/01/2024,09:44:53,200.65,200.8,640,201.4,440,0,74360
FINNIFTY02JAN2421250CE.NFO,02/01/2024,09:44:54,200.65,201.2,1280,201.75,560,0,74360
FINNIFTY02JAN2421250CE.NFO,02/01/2024,09:44:56,200.65,200.45,640,201,720,0,74360
FINNIFTY02JAN2421250CE.NFO,02/01/2024,09:44:58,200.65,200.1,1440,200.7,240,0,74360
FINNIFTY02JAN2421250CE.NFO,02/01/2024,09:45:00,200.65,199.9,640,200.55,560,0,74360
FINNIFTY02JAN2421250CE.NFO,02/01/2024,09:45:01,199,198.85,680,199.55,440,1320,74360
FINNIFTY02JAN2421250CE.NFO,02/01/2024,09:45:03,199.1,199.25,640,199.85,880,320,74360
FINNIFTY02JAN2421250CE.NFO,02/01/2024,09:45:05,199.1,201.25,200,201.9,920,0,74360
FINNIFTY02JAN2421250CE.NFO,02/01/2024,09:45:06,199.1,199.45,920,200.15,640,0,74360
FINNIFTY02JAN2421250CE.NFO,02/01/2024,09:45:08,199.1,199.2,1080,199.85,1240,0,74360
FINNIFTY02JAN2421250CE.NFO,02/01/2024,09:45:10,199.1,199.55,240,200.15,1000,0,74360
FINNIFTY02JAN2421250CE.NFO,02/01/2024,09:45:11,200.45,200,1040,200.6,640,40,74360
FINNIFTY02JAN2421250CE.NFO,02/01/2024,09:45:13,200.45,200.55,800,201.2,440,0,74360
FINNIFTY02JAN2421250CE.NFO,02/01/2024,09:45:15,200.45,200.05,560,200.7,120,0,74360
FINNIFTY02JAN2421250CE.NFO,02/01/2024,09:45:16,200.45,200.1,640,200.75,800,0,74360
FINNIFTY02JAN2421250CE.NFO,02/01/2024,09:45:18,200.45,199.7,560,200.3,1120,0,74360
FINNIFTY02JAN2421250CE.NFO,02/01/2024,09:45:20,200.45,199.1,760,199.75,880,0,74360
FINNIFTY02JAN2421250CE.NFO,02/01/2024,09:45:21,200.45,198.75,800,199.4,1640,0,74360
FINNIFTY02JAN2421250CE.NFO,02/01/2024,09:45:23,198.3,198,800,198.6,1040,80,74360
FINNIFTY02JAN2421250CE.NFO,02/01/2024,09:45:25,198.3,197.5,280,198.1,1000,0,74360
FINNIFTY02JAN2421250CE.NFO,02/01/2024,09:45:26,195.5,195.5,160,196.15,680,80,74360
FINNIFTY02JAN2421250CE.NFO,02/01/2024,09:45:28,194.85,195.45,440,195.95,40,40,74360
FINNIFTY02JAN2421250CE.NFO,02/01/2024,09:45:30,195.55,196,600,196.55,640,320,74360
FINNIFTY02JAN2421250CE.NFO,02/01/2024,09:45:31,196.25,197.3,440,197.9,80,200,74360
FINNIFTY02JAN2421250CE.NFO,02/01/2024,09:45:33,196.25,196.3,640,197,1560,0,74360
FINNIFTY02JAN2421250CE.NFO,02/01/2024,09:45:35,196.25,197.05,1280,197.7,1760,0,74360
FINNIFTY02JAN2421250CE.NFO,02/01/2024,09:45:36,196.25,197.15,1280,197.75,320,0,74360
FINNIFTY02JAN2421250CE.NFO,02/01/2024,09:45:38,196.25,196.6,640,197.3,440,0,74360
FINNIFTY02JAN2421250CE.NFO,02/01/2024,09:45:40,196.25,196.85,640,197.45,840,0,74360
FINNIFTY02JAN2421250CE.NFO,02/01/2024,09:45:41,196.25,196.75,120,197.4,1400,0,74360
FINNIFTY02JAN2421250CE.NFO,02/01/2024,09:45:43,196.65,196.55,560,197.15,920,40,74360
FINNIFTY02JAN2421250CE.NFO,02/01/2024,09:45:45,196.65,196.7,1280,197.35,1320,0,74360
FINNIFTY02JAN2421250CE.NFO,02/01/2024,09:45:46,196.65,196.3,40,196.95,760,0,74360
FINNIFTY02JAN2421250CE.NFO,02/01/2024,09:45:48,192.9,194.05,640,194.65,200,840,74360
FINNIFTY02JAN2421250CE.NFO,02/01/2024,09:45:50,193.7,193.8,280,194.35,560,40,74360
FINNIFTY02JAN2421250CE.NFO,02/01/2024,09:45:51,193.7,193,280,193.6,1400,0,74360
FINNIFTY02JAN2421250CE.NFO,02/01/2024,09:45:53,193.7,193.2,840,193.8,1400,0,74360
FINNIFTY02JAN2421250CE.NFO,02/01/2024,09:45:55,189.5,189.55,640,189.6,40,8280,74360
FINNIFTY02JAN2421250CE.NFO,02/01/2024,09:45:56,191.25,191.9,1280,192.6,1600,2640,74360
FINNIFTY02JAN2421250CE.NFO,02/01/2024,09:45:58,191.25,191.1,920,191.7,920,0,74360
FINNIFTY02JAN2421250CE.NFO,02/01/2024,09:46:00,191.25,190.5,760,191.1,1440,0,74360
FINNIFTY02JAN2421250CE.NFO,02/01/2024,09:46:01,191.25,190.35,80,190.9,600,0,74360
FINNIFTY02JAN2421250CE.NFO,02/01/2024,09:46:03,191.25,191.1,40,191.65,360,0,74360
FINNIFTY02JAN2421250CE.NFO,02/01/2024,09:46:05,191.25,188.9,1160,189.4,360,0,74360
FINNIFTY02JAN2421250CE.NFO,02/01/2024,09:46:06,188,187.8,160,188.35,240,360,74360
FINNIFTY02JAN2421250CE.NFO,02/01/2024,09:46:08,190.25,190.05,720,190.7,1120,160,74360
FINNIFTY02JAN2421250CE.NFO,02/01/2024,09:46:10,190.7,189.8,640,190.4,1240,80,74360
FINNIFTY02JAN2421250CE.NFO,02/01/2024,09:46:11,188.45,188.75,400,189.3,560,560,74360
FINNIFTY02JAN2421250CE.NFO,02/01/2024,09:46:13,189.1,188.9,880,189.5,560,360,74360
FINNIFTY02JAN2421250CE.NFO,02/01/2024,09:46:15,190.45,189.1,880,189.75,760,80,74360
FINNIFTY02JAN2421250CE.NFO,02/01/2024,09:46:16,190.45,190.45,640,191.05,1200,0,74360
FINNIFTY02JAN2421250CE.NFO,02/01/2024,09:46:18,190.45,190.75,280,191.25,440,0,74360
FINNIFTY02JAN2421250CE.NFO,02/01/2024,09:46:20,191.05,190.85,560,191.45,200,40,74360
FINNIFTY02JAN2421250CE.NFO,02/01/2024,09:46:21,191.05,190.75,800,191.3,520,0,74360
FINNIFTY02JAN2421250CE.NFO,02/01/2024,09:46:23,191.05,191.7,560,192.3,880,0,74360
FINNIFTY02JAN2421250CE.NFO,02/01/2024,09:46:25,192.1,191.8,560,192.35,200,1000,74360
FINNIFTY02JAN2421250CE.NFO,02/01/2024,09:46:26,191.85,191.35,640,191.95,360,320,74360
FINNIFTY02JAN2421250CE.NFO,02/01/2024,09:46:28,192.1,191.2,1280,191.9,920,40,74360
FINNIFTY02JAN2421250CE.NFO,02/01/2024,09:46:30,192.1,192.9,840,193.5,800,0,74360
FINNIFTY02JAN2421250CE.NFO,02/01/2024,09:46:31,193.3,193.05,560,193.7,1200,200,74360
FINNIFTY02JAN2421250CE.NFO,02/01/2024,09:46:33,193.3,194.05,280,194.65,120,0,74360
FINNIFTY02JAN2421250CE.NFO,02/01/2024,09:46:35,195.3,194.6,560,195.1,1080,40,74360
FINNIFTY02JAN2421250CE.NFO,02/01/2024,09:46:36,195.3,194.3,640,194.95,920,0,74360
FINNIFTY02JAN2421250CE.NFO,02/01/2024,09:46:38,193.8,193.8,120,194.4,1480,480,74360
FINNIFTY02JAN2421250CE.NFO,02/01/2024,09:46:40,193.8,193.45,1320,194.05,120,0,74360
FINNIFTY02JAN2421250CE.NFO,02/01/2024,09:46:41,194.6,194.3,640,195,2040,40,74360
FINNIFTY02JAN2421250CE.NFO,02/01/2024,09:46:43,194.6,194.7,1320,195,200,0,74360
FINNIFTY02JAN2421250CE.NFO,02/01/2024,09:46:45,194.6,194.7,1240,195,200,0,74360
FINNIFTY02JAN2421250CE.NFO,02/01/2024,09:46:46,195.3,194.7,560,195.25,680,240,74360
FINNIFTY02JAN2421250CE.NFO,02/01/2024,09:46:48,195.3,195.2,480,195.85,560,0,74360
FINNIFTY02JAN2421250CE.NFO,02/01/2024,09:46:50,196.5,195.15,640,195.8,560,240,74360
FINNIFTY02JAN2421250CE.NFO,02/01/2024,09:46:51,196.5,196.5,680,197.1,400,0,74360
FINNIFTY02JAN2421250CE.NFO,02/01/2024,09:46:53,196.5,196.2,760,196.8,440,0,74360
FINNIFTY02JAN2421250CE.NFO,02/01/2024,09:46:55,196.5,196.45,640,197,120,0,74360
FINNIFTY02JAN2421250CE.NFO,02/01/2024,09:46:56,196.5,196.05,760,196.65,160,0,74360
FINNIFTY02JAN2421250CE.NFO,02/01/2024,09:46:58,196.95,196.3,560,196.85,160,40,74360
FINNIFTY02JAN2421250CE.NFO,02/01/2024,09:47:00,196.95,196.1,640,196.7,320,0,74360
FINNIFTY02JAN2421250CE.NFO,02/01/2024,09:47:01,199,199,160,199.25,40,1200,74360
FINNIFTY02JAN2421250CE.NFO,02/01/2024,09:47:03,199.5,199.95,800,200.5,40,480,74360
FINNIFTY02JAN2421250CE.NFO,02/01/2024,09:47:04,200.2,199.25,1200,199.8,360,1200,74360
FINNIFTY02JAN2421250CE.NFO,02/01/2024,09:47:06,200.2,197.75,960,198.3,160,0,74360
FINNIFTY02JAN2421250CE.NFO,02/01/2024,09:47:08,198.2,197.85,840,198.35,200,360,74360
FINNIFTY02JAN2421250CE.NFO,02/01/2024,09:47:10,198.2,198.6,640,199.15,120,0,74360
FINNIFTY02JAN2421250CE.NFO,02/01/2024,09:47:11,198.65,198.7,880,199.3,360,40,74360
FINNIFTY02JAN2421250CE.NFO,02/01/2024,09:47:13,199.85,199.3,200,199.9,480,40,74360
FINNIFTY02JAN2421250CE.NFO,02/01/2024,09:47:15,198.1,198.05,360,198.6,1160,560,74360
FINNIFTY02JAN2421250CE.NFO,02/01/2024,09:47:16,198.1,198.35,320,198.85,120,0,74360
FINNIFTY02JAN2421250CE.NFO,02/01/2024,09:47:18,198.1,200.1,160,200.55,200,0,74360
FINNIFTY02JAN2421250CE.NFO,02/01/2024,09:47:20,198.1,199.2,1040,199.8,400,0,74360
FINNIFTY02JAN2421250CE.NFO,02/01/2024,09:47:21,198.1,199.5,1080,200.15,200,0,74360
FINNIFTY02JAN2421250CE.NFO,02/01/2024,09:47:23,198.1,199.95,560,200.4,40,0,74360
FINNIFTY02JAN2421250CE.NFO,02/01/2024,09:47:25,198.1,199.25,440,199.75,160,0,74360
FINNIFTY02JAN2421250CE.NFO,02/01/2024,09:47:26,198.1,199.6,40,200.05,80,0,74360
FINNIFTY02JAN2421250CE.NFO,02/01/2024,09:47:28,200.05,200.45,840,201,160,40,76960
FINNIFTY02JAN2421250CE.NFO,02/01/2024,09:47:30,200.05,201.1,640,201.65,160,0,76960
FINNIFTY02JAN2421250CE.NFO,02/01/2024,09:47:31,200.05,202.85,160,203.35,320,0,76960
FINNIFTY02JAN2421250CE.NFO,02/01/2024,09:47:33,200.05,202.3,560,202.9,160,0,76960
FINNIFTY02JAN2421250CE.NFO,02/01/2024,09:47:35,200.05,202.1,840,202.7,520,0,76960
FINNIFTY02JAN2421250CE.NFO,02/01/2024,09:47:36,200.05,202.7,160,203.3,720,0,76960
FINNIFTY02JAN2421250CE.NFO,02/01/2024,09:47:38,200.05,203.4,760,203.95,160,0,76960
FINNIFTY02JAN2421250CE.NFO,02/01/2024,09:47:40,200.05,203.05,640,203.6,120,0,76960
FINNIFTY02JAN2421250CE.NFO,02/01/2024,09:47:41,200.05,201.75,640,202.3,40,0,76960
FINNIFTY02JAN2421250CE.NFO,02/01/2024,09:47:43,200.05,202.4,640,203,360,0,76960
FINNIFTY02JAN2421250CE.NFO,02/01/2024,09:47:45,200.05,202.25,640,202.85,160,0,76960
FINNIFTY02JAN2421250CE.NFO,02/01/2024,09:47:46,200.05,201.2,560,201.75,160,0,76960
FINNIFTY02JAN2421250CE.NFO,02/01/2024,09:47:48,200.05,202.85,160,203.5,1080,0,76960
FINNIFTY02JAN2421250CE.NFO,02/01/2024,09:47:50,200.05,202.85,240,203.4,360,0,76960
FINNIFTY02JAN2421250CE.NFO,02/01/2024,09:47:51,200.05,203.05,800,203.65,360,0,76960
FINNIFTY02JAN2421250CE.NFO,02/01/2024,09:47:53,200.05,200.65,40,201.1,320,0,76960
FINNIFTY02JAN2421250CE.NFO,02/01/2024,09:47:55,200,199.5,560,200.1,320,240,76960
FINNIFTY02JAN2421250CE.NFO,02/01/2024,09:47:56,200,200.4,240,201.05,760,0,76960
FINNIFTY02JAN2421250CE.NFO,02/01/2024,09:47:58,200,200.6,160,201.15,120,0,76960
FINNIFTY02JAN2421250CE.NFO,02/01/2024,09:48:00,200,200.9,240,201.5,920,0,76960
