Ticker,Date,Time,LTP,BuyPrice,BuyQty,SellPrice,SellQty,LTQ,OpenInterest
FINNIFTY02JAN2420400PE.NFO,02/01/2024,09:15:02,0.2,0.35,1400,0.5,960,800,298680
FINNIFTY02JAN2420400PE.NFO,02/01/2024,09:15:02,0.2,0.35,1400,0.5,960,0,298680
FINNIFTY02JAN2420400PE.NFO,02/01/2024,09:15:02,0.35,0.35,1400,0.5,960,0,298680
FINNIFTY02JAN2420400PE.NFO,02/01/2024,09:15:02,0.2,0.35,1400,0.5,960,0,298680
FINNIFTY02JAN2420400PE.NFO,02/01/2024,09:15:16,0.35,0.3,17280,0.35,15360,17240,298680
FINNIFTY02JAN2420400PE.NFO,02/01/2024,09:15:16,0.4,0.3,17280,0.35,15360,0,298680
FINNIFTY02JAN2420400PE.NFO,02/01/2024,09:15:28,0.35,0.3,20480,0.35,15960,19960,298680
FINNIFTY02JAN2420400PE.NFO,02/01/2024,09:15:39,0.35,0.3,24120,0.35,15720,4240,298680
FINNIFTY02JAN2420400PE.NFO,02/01/2024,09:15:50,0.3,0.3,26400,0.35,15360,22600,298680
FINNIFTY02JAN2420400PE.NFO,02/01/2024,09:16:00,0.3,0.3,50200,0.35,81440,5800,298680
FINNIFTY02JAN2420400PE.NFO,02/01/2024,09:16:12,0.35,0.3,56840,0.35,86960,9040,298680
FINNIFTY02JAN2420400PE.NFO,02/01/2024,09:16:22,0.35,0.3,59560,0.35,87240,3800,298680
FINNIFTY02JAN2420400PE.NFO,02/01/2024,09:16:31,0.35,0.3,55640,0.35,88480,13160,298680
FINNIFTY02JAN2420400PE.NFO,02/01/2024,09:16:41,0.35,0.3,65440,0.35,88920,4120,298680
FINNIFTY02JAN2420400PE.NFO,02/01/2024,09:16:50,0.35,0.3,65440,0.35,89000,520,298680
FINNIFTY02JAN2420400PE.NFO,02/01/2024,09:17:00,0.35,0.3,66360,0.35,70240,19080,298680
FINNIFTY02JAN2420400PE.NFO,02/01/2024,09:17:10,0.35,0.3,64560,0.35,68360,4480,298680
FINNIFTY02JAN2420400PE.NFO,02/01/2024,09:17:19,0.35,0.3,65000,0.35,68120,240,298680
FINNIFTY02JAN2420400PE.NFO,02/01/2024,09:17:29,0.3,0.3,64440,0.35,68360,560,298680
FINNIFTY02JAN2420400PE.NFO,02/01/2024,09:17:39,0.3,0.3,63920,0.35,68080,6040,298840
FINNIFTY02JAN2420400PE.NFO,02/01/2024,09:17:48,0.3,0.3,69160,0.35,64320,1960,298840
FINNIFTY02JAN2420400PE.NFO,02/01/2024,09:17:58,0.35,0.3,60280,0.35,50200,23280,298840
FINNIFTY02JAN2420400PE.NFO,02/01/2024,09:18:07,0.35,0.3,63080,0.35,53760,10400,298840
FINNIFTY02JAN2420400PE.NFO,02/01/2024,09:18:17,0.35,0.3,63080,0.35,51960,1800,298840
FINNIFTY02JAN2420400PE.NFO,02/01/2024,09:18:26,0.35,0.3,61520,0.35,51400,2160,298840
FINNIFTY02JAN2420400PE.NFO,02/01/2024,09:18:36,0.3,0.3,53880,0.35,58040,6040,298840
FINNIFTY02JAN2420400PE.NFO,02/01/2024,09:18:46,0.3,0.3,53440,0.35,61880,1600,298840
FINNIFTY02JAN2420400PE.NFO,02/01/2024,09:18:55,0.35,0.3,55960,0.35,44480,16720,298840
FINNIFTY02JAN2420400PE.NFO,02/01/2024,09:19:06,0.35,0.3,55960,0.35,46840,2080,298840
FINNIFTY02JAN2420400PE.NFO,02/01/2024,09:19:15,0.3,0.3,55800,0.35,48280,160,298840
FINNIFTY02JAN2420400PE.NFO,02/01/2024,09:19:25,0.35,0.3,55800,0.35,48880,1200,298840
FINNIFTY02JAN2420400PE.NFO,02/01/2024,09:19:35,0.3,0.3,55760,0.35,44560,40,298840
FINNIFTY02JAN2420400PE.NFO,02/01/2024,09:19:45,0.35,0.3,55360,0.35,42280,5800,298840
FINNIFTY02JAN2420400PE.NFO,02/01/2024,09:19:55,0.35,0.3,56400,0.35,37560,14400,298840
FINNIFTY02JAN2420400PE.NFO,02/01/2024,09:20:06,0.35,0.3,67080,0.35,38440,16680,298840
FINNIFTY02JAN2420400PE.NFO,02/01/2024,09:20:16,0.35,0.3,66680,0.35,33000,9200,298840
FINNIFTY02JAN2420400PE.NFO,02/01/2024,09:20:26,0.35,0.3,66680,0.35,31000,1440,298840
FINNIFTY02JAN2420400PE.NFO,02/01/2024,09:20:36,0.35,0.3,66680,0.35,31000,320,321640
FINNIFTY02JAN2420400PE.NFO,02/01/2024,09:20:45,0.35,0.3,68560,0.35,28920,1640,321640
FINNIFTY02JAN2420400PE.NFO,02/01/2024,09:20:55,0.4,0.35,10680,0.4,24400,35080,321640
FINNIFTY02JAN2420400PE.NFO,02/01/2024,09:21:04,0.4,0.35,12320,0.4,22080,4680,321640
FINNIFTY02JAN2420400PE.NFO,02/01/2024,09:21:15,0.4,0.35,12800,0.4,25600,10400,321640
FINNIFTY02JAN2420400PE.NFO,02/01/2024,09:21:25,0.35,0.35,13760,0.4,24200,1560,321640
FINNIFTY02JAN2420400PE.NFO,02/01/2024,09:21:35,0.35,0.35,9800,0.4,28800,2640,321640
FINNIFTY02JAN2420400PE.NFO,02/01/2024,09:21:45,0.4,0.35,13400,0.4,23040,360,321640
FINNIFTY02JAN2420400PE.NFO,02/01/2024,09:21:55,0.4,0.35,13600,0.4,27520,5560,321640
FINNIFTY02JAN2420400PE.NFO,02/01/2024,09:22:06,0.35,0.35,12360,0.4,30400,2080,321640
FINNIFTY02JAN2420400PE.NFO,02/01/2024,09:22:18,0.35,0.35,9400,0.4,40440,13200,321640
FINNIFTY02JAN2420400PE.NFO,02/01/2024,09:22:30,0.35,0.3,69880,0.35,34040,10960,321640
FINNIFTY02JAN2420400PE.NFO,02/01/2024,09:22:40,0.35,0.3,69880,0.35,37200,440,321640
FINNIFTY02JAN2420400PE.NFO,02/01/2024,09:22:50,0.35,0.3,69880,0.35,39080,0,321640
FINNIFTY02JAN2420400PE.NFO,02/01/2024,09:23:00,0.35,0.3,77320,0.35,45920,11960,321640
FINNIFTY02JAN2420400PE.NFO,02/01/2024,09:23:09,0.35,0.3,83680,0.35,53240,10520,321640
FINNIFTY02JAN2420400PE.NFO,02/01/2024,09:23:19,0.35,0.3,83680,0.35,51040,2200,321640
FINNIFTY02JAN2420400PE.NFO,02/01/2024,09:23:28,0.35,0.3,83680,0.35,50760,40,321640
FINNIFTY02JAN2420400PE.NFO,02/01/2024,09:23:37,0.35,0.3,83680,0.35,49160,1000,336000
FINNIFTY02JAN2420400PE.NFO,02/01/2024,09:23:47,0.35,0.3,83640,0.35,48920,560,336000
FINNIFTY02JAN2420400PE.NFO,02/01/2024,09:23:56,0.35,0.3,84520,0.35,37720,11880,336000
FINNIFTY02JAN2420400PE.NFO,02/01/2024,09:24:05,0.35,0.3,86440,0.35,36720,2520,336000
FINNIFTY02JAN2420400PE.NFO,02/01/2024,09:24:14,0.3,0.3,86120,0.35,38440,1560,336000
FINNIFTY02JAN2420400PE.NFO,02/01/2024,09:24:24,0.35,0.3,86120,0.35,40720,240,336000
FINNIFTY02JAN2420400PE.NFO,02/01/2024,09:24:34,0.35,0.3,86120,0.35,40680,1040,336000
FINNIFTY02JAN2420400PE.NFO,02/01/2024,09:24:45,0.3,0.3,80720,0.35,39840,5640,336000
FINNIFTY02JAN2420400PE.NFO,02/01/2024,09:24:54,0.3,0.3,80400,0.35,35800,13680,336000
FINNIFTY02JAN2420400PE.NFO,02/01/2024,09:25:05,0.3,0.3,81560,0.35,29760,5960,336000
FINNIFTY02JAN2420400PE.NFO,02/01/2024,09:25:16,0.3,0.3,81240,0.35,32840,1640,336000
FINNIFTY02JAN2420400PE.NFO,02/01/2024,09:25:26,0.3,0.3,77240,0.35,34800,4240,336000
FINNIFTY02JAN2420400PE.NFO,02/01/2024,09:25:36,0.35,0.3,76200,0.35,35600,2800,336000
FINNIFTY02JAN2420400PE.NFO,02/01/2024,09:25:46,0.35,0.3,75760,0.35,32200,2160,336000
FINNIFTY02JAN2420400PE.NFO,02/01/2024,09:25:56,0.35,0.3,74200,0.35,26920,12960,336000
FINNIFTY02JAN2420400PE.NFO,02/01/2024,09:26:06,0.35,0.3,73600,0.35,26920,4840,336000
FINNIFTY02JAN2420400PE.NFO,02/01/2024,09:26:15,0.35,0.3,73320,0.35,26560,3480,336000
FINNIFTY02JAN2420400PE.NFO,02/01/2024,09:26:26,0.3,0.3,68600,0.35,20280,49600,336000
FINNIFTY02JAN2420400PE.NFO,02/01/2024,09:26:36,0.3,0.3,68160,0.35,24360,4360,383320
FINNIFTY02JAN2420400PE.NFO,02/01/2024,09:26:46,0.35,0.3,50920,0.35,36360,15960,383320
FINNIFTY02JAN2420400PE.NFO,02/01/2024,09:26:57,0.3,0.3,46960,0.35,42200,2600,383320
FINNIFTY02JAN2420400PE.NFO,02/01/2024,09:27:07,0.35,0.3,48800,0.35,43960,2800,383320
FINNIFTY02JAN2420400PE.NFO,02/01/2024,09:27:18,0.35,0.3,52760,0.35,45320,920,383320
FINNIFTY02JAN2420400PE.NFO,02/01/2024,09:27:28,0.35,0.3,56120,0.35,44760,560,383320
FINNIFTY02JAN2420400PE.NFO,02/01/2024,09:27:37,0.35,0.3,67600,0.35,44160,600,383320
FINNIFTY02JAN2420400PE.NFO,02/01/2024,09:27:48,0.35,0.3,67280,0.35,43840,640,383320
FINNIFTY02JAN2420400PE.NFO,02/01/2024,09:27:57,0.35,0.3,67240,0.35,43760,120,383320
FINNIFTY02JAN2420400PE.NFO,02/01/2024,09:28:07,0.3,0.3,65800,0.35,43040,3960,383320
FINNIFTY02JAN2420400PE.NFO,02/01/2024,09:28:17,0.35,0.3,65760,0.35,42400,800,383320
FINNIFTY02JAN2420400PE.NFO,02/01/2024,09:28:28,0.35,0.3,65760,0.35,41320,1080,383320
FINNIFTY02JAN2420400PE.NFO,02/01/2024,09:28:41,0.35,0.3,61640,0.35,44920,4160,383320
FINNIFTY02JAN2420400PE.NFO,02/01/2024,09:28:55,0.35,0.3,52960,0.35,37120,28600,383320
FINNIFTY02JAN2420400PE.NFO,02/01/2024,09:29:05,0.3,0.3,50440,0.35,44440,8920,383320
FINNIFTY02JAN2420400PE.NFO,02/01/2024,09:29:16,0.3,0.3,69160,0.35,61840,29200,383320
FINNIFTY02JAN2420400PE.NFO,02/01/2024,09:29:28,0.3,0.3,56040,0.35,75400,17400,383320
FINNIFTY02JAN2420400PE.NFO,02/01/2024,09:29:38,0.3,0.3,41280,0.35,91160,13600,403320
FINNIFTY02JAN2420400PE.NFO,02/01/2024,09:29:48,0.3,0.3,43400,0.35,93960,2680,403320
FINNIFTY02JAN2420400PE.NFO,02/01/2024,09:30:08,0.35,0.3,43840,0.35,90960,1200,403320
FINNIFTY02JAN2420400PE.NFO,02/01/2024,09:30:18,0.35,0.3,43840,0.35,89800,1840,403320
FINNIFTY02JAN2420400PE.NFO,02/01/2024,09:30:28,0.35,0.3,59840,0.35,91760,0,403320
FINNIFTY02JAN2420400PE.NFO,02/01/2024,09:30:39,0.3,0.3,53000,0.35,91760,2160,403320
FINNIFTY02JAN2420400PE.NFO,02/01/2024,09:30:48,0.3,0.3,52840,0.35,91760,160,403320
FINNIFTY02JAN2420400PE.NFO,02/01/2024,09:30:58,0.35,0.3,57240,0.35,89520,2280,403320
FINNIFTY02JAN2420400PE.NFO,02/01/2024,09:31:10,0.35,0.3,57240,0.35,89480,40,403320
FINNIFTY02JAN2420400PE.NFO,02/01/2024,09:31:21,0.35,0.3,57240,0.35,89200,280,403320
FINNIFTY02JAN2420400PE.NFO,02/01/2024,09:31:30,0.35,0.3,58040,0.35,90640,400,403320
FINNIFTY02JAN2420400PE.NFO,02/01/2024,09:31:59,0.3,0.3,58320,0.35,90320,80,403320
FINNIFTY02JAN2420400PE.NFO,02/01/2024,09:32:08,0.35,0.3,58800,0.35,89920,400,403320
FINNIFTY02JAN2420400PE.NFO,02/01/2024,09:32:18,0.3,0.3,58240,0.35,89800,200,403320
FINNIFTY02JAN2420400PE.NFO,02/01/2024,09:32:28,0.3,0.3,57800,0.35,91600,440,403320
FINNIFTY02JAN2420400PE.NFO,02/01/2024,09:32:38,0.3,0.3,58280,0.35,91600,0,403320
FINNIFTY02JAN2420400PE.NFO,02/01/2024,09:32:48,0.3,0.3,58240,0.35,91400,240,416880
FINNIFTY02JAN2420400PE.NFO,02/01/2024,09:32:58,0.35,0.3,61080,0.35,91360,800,416880
FINNIFTY02JAN2420400PE.NFO,02/01/2024,09:33:08,0.3,0.3,58920,0.35,91320,1720,416880
FINNIFTY02JAN2420400PE.NFO,02/01/2024,09:33:17,0.35,0.3,61040,0.35,91240,2040,416880
FINNIFTY02JAN2420400PE.NFO,02/01/2024,09:33:27,0.35,0.3,29400,0.35,91320,36400,416880
FINNIFTY02JAN2420400PE.NFO,02/01/2024,09:33:36,0.35,0.3,29400,0.35,91200,80,416880
FINNIFTY02JAN2420400PE.NFO,02/01/2024,09:33:46,0.35,0.3,29320,0.35,91000,280,416880
FINNIFTY02JAN2420400PE.NFO,02/01/2024,09:33:55,0.3,0.3,29280,0.35,90840,200,416880
FINNIFTY02JAN2420400PE.NFO,02/01/2024,09:34:05,0.35,0.3,29280,0.35,90760,80,416880
FINNIFTY02JAN2420400PE.NFO,02/01/2024,09:34:23,0.35,0.3,29280,0.35,86480,1440,416880
FINNIFTY02JAN2420400PE.NFO,02/01/2024,09:34:32,0.3,0.3,21640,0.35,86480,2840,416880
FINNIFTY02JAN2420400PE.NFO,02/01/2024,09:34:41,0.3,0.3,27120,0.35,83800,9680,416880
FINNIFTY02JAN2420400PE.NFO,02/01/2024,09:34:59,0.3,0.3,26840,0.35,83920,200,416880
FINNIFTY02JAN2420400PE.NFO,02/01/2024,09:35:09,0.35,0.3,27320,0.35,84120,80,416880
FINNIFTY02JAN2420400PE.NFO,02/01/2024,09:35:18,0.3,0.3,26560,0.35,84080,320,416880
FINNIFTY02JAN2420400PE.NFO,02/01/2024,09:35:28,0.35,0.3,28840,0.35,84000,80,416880
FINNIFTY02JAN2420400PE.NFO,02/01/2024,09:35:37,0.35,0.3,28960,0.35,84000,0,416880
FINNIFTY02JAN2420400PE.NFO,02/01/2024,09:35:46,0.35,0.3,34360,0.35,64760,52440,454360
FINNIFTY02JAN2420400PE.NFO,02/01/2024,09:35:56,0.35,0.3,50680,0.35,64640,120,454360
FINNIFTY02JAN2420400PE.NFO,02/01/2024,09:36:05,0.35,0.3,58200,0.35,64160,2080,454360
FINNIFTY02JAN2420400PE.NFO,02/01/2024,09:36:15,0.35,0.3,58200,0.35,64120,40,454360
FINNIFTY02JAN2420400PE.NFO,02/01/2024,09:36:24,0.35,0.3,68160,0.35,64440,680,454360
FINNIFTY02JAN2420400PE.NFO,02/01/2024,09:36:34,0.3,0.3,68120,0.35,64000,480,454360
FINNIFTY02JAN2420400PE.NFO,02/01/2024,09:36:52,0.35,0.3,68120,0.35,63760,80,454360
FINNIFTY02JAN2420400PE.NFO,02/01/2024,09:37:00,0.35,0.3,68120,0.35,65120,0,454360
FINNIFTY02JAN2420400PE.NFO,02/01/2024,09:37:36,0.35,0.3,68720,0.35,64960,0,454360
FINNIFTY02JAN2420400PE.NFO,02/01/2024,09:38:29,0.3,0.3,68480,0.35,64960,240,454360
FINNIFTY02JAN2420400PE.NFO,02/01/2024,09:38:38,0.3,0.3,68200,0.35,65000,280,468200
FINNIFTY02JAN2420400PE.NFO,02/01/2024,09:38:48,0.35,0.3,68040,0.35,47320,18240,468200
FINNIFTY02JAN2420400PE.NFO,02/01/2024,09:38:58,0.3,0.3,76640,0.35,43960,4240,468200
FINNIFTY02JAN2420400PE.NFO,02/01/2024,09:39:07,0.3,0.3,76560,0.35,45280,8920,468200
FINNIFTY02JAN2420400PE.NFO,02/01/2024,09:39:17,0.3,0.3,76480,0.35,46200,80,468200
FINNIFTY02JAN2420400PE.NFO,02/01/2024,09:39:26,0.3,0.3,79360,0.35,54680,0,468200
FINNIFTY02JAN2420400PE.NFO,02/01/2024,09:39:35,0.3,0.3,79040,0.35,54600,400,468200
FINNIFTY02JAN2420400PE.NFO,02/01/2024,09:39:44,0.3,0.3,78840,0.35,54600,200,468200
FINNIFTY02JAN2420400PE.NFO,02/01/2024,09:39:54,0.3,0.3,78840,0.35,54640,0,468200
FINNIFTY02JAN2420400PE.NFO,02/01/2024,09:40:06,0.3,0.3,78240,0.35,55040,600,468200
FINNIFTY02JAN2420400PE.NFO,02/01/2024,09:40:16,0.3,0.3,77840,0.35,55400,440,468200
FINNIFTY02JAN2420400PE.NFO,02/01/2024,09:40:26,0.3,0.3,77120,0.35,55400,720,468200
FINNIFTY02JAN2420400PE.NFO,02/01/2024,09:40:36,0.3,0.3,77560,0.35,55400,760,468200
FINNIFTY02JAN2420400PE.NFO,02/01/2024,09:40:47,0.3,0.3,76960,0.35,55400,600,468200
FINNIFTY02JAN2420400PE.NFO,02/01/2024,09:40:57,0.35,0.3,76960,0.35,55360,40,468200
FINNIFTY02JAN2420400PE.NFO,02/01/2024,09:41:08,0.35,0.3,76960,0.35,55600,40,468200
FINNIFTY02JAN2420400PE.NFO,02/01/2024,09:41:18,0.3,0.3,76360,0.35,55600,600,468200
FINNIFTY02JAN2420400PE.NFO,02/01/2024,09:41:28,0.3,0.3,76360,0.35,55600,0,468200
FINNIFTY02JAN2420400PE.NFO,02/01/2024,09:41:37,0.35,0.3,76360,0.35,55200,400,443520
FINNIFTY02JAN2420400PE.NFO,02/01/2024,09:41:47,0.35,0.3,76360,0.35,51400,0,443520
FINNIFTY02JAN2420400PE.NFO,02/01/2024,09:41:57,0.3,0.3,76120,0.35,51400,240,443520
FINNIFTY02JAN2420400PE.NFO,02/01/2024,09:42:07,0.3,0.3,79720,0.35,51400,0,443520
FINNIFTY02JAN2420400PE.NFO,02/01/2024,09:42:17,0.3,0.3,76120,0.35,51400,0,443520
FINNIFTY02JAN2420400PE.NFO,02/01/2024,09:42:35,0.35,0.3,77880,0.35,51360,80,443520
FINNIFTY02JAN2420400PE.NFO,02/01/2024,09:43:03,0.3,0.3,77480,0.35,51360,400,443520
FINNIFTY02JAN2420400PE.NFO,02/01/2024,09:43:14,0.3,0.3,77320,0.35,51360,160,443520
FINNIFTY02JAN2420400PE.NFO,02/01/2024,09:43:24,0.35,0.3,77320,0.35,50600,760,443520
FINNIFTY02JAN2420400PE.NFO,02/01/2024,09:43:44,0.3,0.3,76720,0.35,52040,600,443520
FINNIFTY02JAN2420400PE.NFO,02/01/2024,09:43:53,0.35,0.3,76720,0.35,52000,40,443520
FINNIFTY02JAN2420400PE.NFO,02/01/2024,09:44:03,0.3,0.3,75520,0.35,53800,1200,443520
FINNIFTY02JAN2420400PE.NFO,02/01/2024,09:44:12,0.3,0.3,75240,0.35,53520,280,443520
FINNIFTY02JAN2420400PE.NFO,02/01/2024,09:44:21,0.3,0.3,84880,0.35,53520,1200,443520
FINNIFTY02JAN2420400PE.NFO,02/01/2024,09:44:30,0.3,0.3,84720,0.35,53520,160,443520
FINNIFTY02JAN2420400PE.NFO,02/01/2024,09:44:39,0.3,0.3,84520,0.35,53520,200,442080
FINNIFTY02JAN2420400PE.NFO,02/01/2024,09:44:49,0.3,0.3,81360,0.35,53520,3160,442080
FINNIFTY02JAN2420400PE.NFO,02/01/2024,09:44:58,0.3,0.3,83680,0.35,53520,1920,442080
FINNIFTY02JAN2420400PE.NFO,02/01/2024,09:45:07,0.3,0.3,88720,0.35,53760,1720,442080
FINNIFTY02JAN2420400PE.NFO,02/01/2024,09:45:16,0.3,0.3,88800,0.35,54800,2720,442080
FINNIFTY02JAN2420400PE.NFO,02/01/2024,09:45:26,0.3,0.3,88040,0.35,56240,3320,442080
FINNIFTY02JAN2420400PE.NFO,02/01/2024,09:45:36,0.3,0.3,98920,0.35,56800,3440,442080
FINNIFTY02JAN2420400PE.NFO,02/01/2024,09:45:45,0.3,0.3,100640,0.35,56760,440,442080
FINNIFTY02JAN2420400PE.NFO,02/01/2024,09:45:54,0.3,0.3,107680,0.35,57480,1160,442080
FINNIFTY02JAN2420400PE.NFO,02/01/2024,09:46:04,0.35,0.3,134800,0.35,57360,3240,442080
FINNIFTY02JAN2420400PE.NFO,02/01/2024,09:46:14,0.35,0.3,134600,0.35,57880,1120,442080
FINNIFTY02JAN2420400PE.NFO,02/01/2024,09:46:24,0.35,0.3,132800,0.35,57400,2480,442080
FINNIFTY02JAN2420400PE.NFO,02/01/2024,09:46:34,0.35,0.3,131000,0.35,59880,2480,442080
FINNIFTY02JAN2420400PE.NFO,02/01/2024,09:46:43,0.35,0.3,131000,0.35,59680,2000,442080
FINNIFTY02JAN2420400PE.NFO,02/01/2024,09:46:52,0.35,0.3,131000,0.35,59520,160,442080
FINNIFTY02JAN2420400PE.NFO,02/01/2024,09:47:01,0.3,0.3,129200,0.35,59520,1800,442080
FINNIFTY02JAN2420400PE.NFO,02/01/2024,09:47:11,0.35,0.3,137320,0.35,105800,40560,442080
FINNIFTY02JAN2420400PE.NFO,02/01/2024,09:47:29,0.35,0.3,139120,0.35,106040,0,442080
FINNIFTY02JAN2420400PE.NFO,02/01/2024,09:47:38,0.35,0.3,140320,0.35,107720,0,442080
FINNIFTY02JAN2420400PE.NFO,02/01/2024,09:47:47,0.3,0.3,137240,0.35,107760,680,433920
FINNIFTY02JAN2420400PE.NFO,02/01/2024,09:47:56,0.3,0.3,144200,0.35,107360,600,433920
FINNIFTY02JAN2420400PE.NFO,02/01/2024,09:48:06,0.3,0.3,143400,0.35,107680,560,433920
FINNIFTY02JAN2420400PE.NFO,02/01/2024,09:48:15,0.35,0.3,145240,0.35,104640,3240,433920
FINNIFTY02JAN2420400PE.NFO,02/01/2024,09:48:23,0.3,0.3,141640,0.35,106440,1800,433920
FINNIFTY02JAN2420400PE.NFO,02/01/2024,09:48:32,0.3,0.3,139840,0.35,107240,1800,433920
FINNIFTY02JAN2420400PE.NFO,02/01/2024,09:48:42,0.3,0.3,139160,0.35,107280,1920,433920
FINNIFTY02JAN2420400PE.NFO,02/01/2024,09:48:51,0.3,0.3,138440,0.35,109320,2040,433920
FINNIFTY02JAN2420400PE.NFO,02/01/2024,09:49:00,0.3,0.3,131200,0.35,109320,40,433920
FINNIFTY02JAN2420400PE.NFO,02/01/2024,09:49:10,0.3,0.3,128760,0.35,111520,2440,433920
FINNIFTY02JAN2420400PE.NFO,02/01/2024,09:49:19,0.3,0.3,128280,0.35,110840,640,433920
FINNIFTY02JAN2420400PE.NFO,02/01/2024,09:49:29,0.3,0.3,125320,0.35,111720,2040,433920
FINNIFTY02JAN2420400PE.NFO,02/01/2024,09:49:38,0.3,0.3,124320,0.35,111720,0,433920
FINNIFTY02JAN2420400PE.NFO,02/01/2024,09:49:47,0.3,0.3,114320,0.35,110720,0,433920
FINNIFTY02JAN2420400PE.NFO,02/01/2024,09:49:56,0.3,0.3,104360,0.35,110720,160,433920
FINNIFTY02JAN2420400PE.NFO,02/01/2024,09:50:05,0.3,0.3,88320,0.35,112120,1640,433920
FINNIFTY02JAN2420400PE.NFO,02/01/2024,09:50:14,0.3,0.3,94640,0.35,93240,920,433920
FINNIFTY02JAN2420400PE.NFO,02/01/2024,09:50:23,0.3,0.3,93960,0.35,99480,680,433920
FINNIFTY02JAN2420400PE.NFO,02/01/2024,09:50:32,0.3,0.3,93400,0.35,99480,560,442720
FINNIFTY02JAN2420400PE.NFO,02/01/2024,09:50:41,0.3,0.3,93360,0.35,101280,40,442720
FINNIFTY02JAN2420400PE.NFO,02/01/2024,09:50:50,0.3,0.3,93320,0.35,101280,40,442720
FINNIFTY02JAN2420400PE.NFO,02/01/2024,09:50:59,0.3,0.3,100520,0.35,101280,0,442720
FINNIFTY02JAN2420400PE.NFO,02/01/2024,09:51:08,0.3,0.3,93280,0.35,109320,0,442720
FINNIFTY02JAN2420400PE.NFO,02/01/2024,09:51:18,0.35,0.3,100480,0.35,110400,120,442720
FINNIFTY02JAN2420400PE.NFO,02/01/2024,09:51:28,0.35,0.3,100480,0.35,120080,160,442720
FINNIFTY02JAN2420400PE.NFO,02/01/2024,09:51:38,0.35,0.3,100480,0.35,120400,200,442720
FINNIFTY02JAN2420400PE.NFO,02/01/2024,09:51:47,0.35,0.3,100480,0.35,120680,120,442720
FINNIFTY02JAN2420400PE.NFO,02/01/2024,09:51:56,0.35,0.3,100480,0.35,116200,5400,442720
FINNIFTY02JAN2420400PE.NFO,02/01/2024,09:52:05,0.35,0.3,102280,0.35,116000,0,442720
FINNIFTY02JAN2420400PE.NFO,02/01/2024,09:52:14,0.35,0.3,102280,0.35,122240,3600,442720
FINNIFTY02JAN2420400PE.NFO,02/01/2024,09:52:23,0.3,0.3,101800,0.35,125920,480,442720
FINNIFTY02JAN2420400PE.NFO,02/01/2024,09:52:50,0.3,0.3,101640,0.35,126400,1600,442720
FINNIFTY02JAN2420400PE.NFO,02/01/2024,09:52:59,0.3,0.3,101440,0.35,126480,200,442720
FINNIFTY02JAN2420400PE.NFO,02/01/2024,09:53:08,0.35,0.3,101440,0.35,126400,40,442720
FINNIFTY02JAN2420400PE.NFO,02/01/2024,09:53:18,0.35,0.3,101240,0.35,126200,360,442720
FINNIFTY02JAN2420400PE.NFO,02/01/2024,09:53:27,0.35,0.3,100920,0.35,125920,2040,442720
FINNIFTY02JAN2420400PE.NFO,02/01/2024,09:53:36,0.35,0.3,100920,0.35,107960,600,442520
FINNIFTY02JAN2420400PE.NFO,02/01/2024,09:53:46,0.35,0.3,103800,0.35,118520,3720,442520
FINNIFTY02JAN2420400PE.NFO,02/01/2024,09:53:55,0.3,0.3,103720,0.35,118480,120,442520
FINNIFTY02JAN2420400PE.NFO,02/01/2024,09:54:04,0.3,0.3,101920,0.35,118520,1800,442520
FINNIFTY02JAN2420400PE.NFO,02/01/2024,09:54:13,0.3,0.3,105120,0.35,119000,400,442520
FINNIFTY02JAN2420400PE.NFO,02/01/2024,09:54:31,0.3,0.3,104680,0.35,119040,440,442520
FINNIFTY02JAN2420400PE.NFO,02/01/2024,09:54:40,0.3,0.3,104480,0.35,119200,200,442520
FINNIFTY02JAN2420400PE.NFO,02/01/2024,09:54:50,0.35,0.3,105840,0.35,119120,240,442520
FINNIFTY02JAN2420400PE.NFO,02/01/2024,09:55:01,0.3,0.3,108600,0.35,113360,19440,442520
FINNIFTY02JAN2420400PE.NFO,02/01/2024,09:55:12,0.3,0.3,110960,0.35,113600,1240,442520
FINNIFTY02JAN2420400PE.NFO,02/01/2024,09:55:22,0.3,0.3,114080,0.35,115360,3000,442520
FINNIFTY02JAN2420400PE.NFO,02/01/2024,09:55:32,0.3,0.3,113280,0.35,113600,3200,442520
FINNIFTY02JAN2420400PE.NFO,02/01/2024,09:55:43,0.35,0.3,113960,0.35,112720,1320,442520
FINNIFTY02JAN2420400PE.NFO,02/01/2024,09:55:52,0.3,0.3,113280,0.35,127640,680,442520
FINNIFTY02JAN2420400PE.NFO,02/01/2024,09:56:04,0.35,0.3,110560,0.35,125960,10480,442520
FINNIFTY02JAN2420400PE.NFO,02/01/2024,09:56:16,0.3,0.3,114320,0.35,115160,6400,442520
FINNIFTY02JAN2420400PE.NFO,02/01/2024,09:56:29,0.3,0.3,79920,0.35,117000,27000,442520
FINNIFTY02JAN2420400PE.NFO,02/01/2024,09:56:41,0.3,0.3,66400,0.35,115360,22760,431280
FINNIFTY02JAN2420400PE.NFO,02/01/2024,09:56:53,0.3,0.3,31160,0.35,97160,46200,431280
FINNIFTY02JAN2420400PE.NFO,02/01/2024,09:57:05,0.3,0.3,11680,0.35,118240,29880,431280
FINNIFTY02JAN2420400PE.NFO,02/01/2024,09:57:18,0.35,0.3,16600,0.35,145880,19800,431280
FINNIFTY02JAN2420400PE.NFO,02/01/2024,09:57:31,0.3,0.3,18840,0.35,148000,12920,431280
FINNIFTY02JAN2420400PE.NFO,02/01/2024,09:57:43,0.35,0.3,27160,0.35,153520,8160,431280
FINNIFTY02JAN2420400PE.NFO,02/01/2024,09:57:54,0.3,0.3,24960,0.35,151400,13120,431280
FINNIFTY02JAN2420400PE.NFO,02/01/2024,09:58:05,0.3,0.3,16840,0.35,150120,10440,431280
FINNIFTY02JAN2420400PE.NFO,02/01/2024,09:58:17,0.25,0.25,127400,0.3,93640,35760,431280
FINNIFTY02JAN2420400PE.NFO,02/01/2024,09:58:28,0.3,0.25,127560,0.3,155360,16320,431280
FINNIFTY02JAN2420400PE.NFO,02/01/2024,09:58:41,0.3,0.25,122280,0.3,161120,13280,431280
FINNIFTY02JAN2420400PE.NFO,02/01/2024,09:58:52,0.3,0.25,124080,0.3,156080,640,431280
FINNIFTY02JAN2420400PE.NFO,02/01/2024,09:59:02,0.3,0.25,123360,0.3,163800,2360,431280
FINNIFTY02JAN2420400PE.NFO,02/01/2024,09:59:13,0.3,0.25,123480,0.3,166560,480,431280
FINNIFTY02JAN2420400PE.NFO,02/01/2024,09:59:26,0.3,0.25,123480,0.3,162960,0,431280
FINNIFTY02JAN2420400PE.NFO,02/01/2024,09:59:37,0.3,0.25,169840,0.3,225920,3640,431520
FINNIFTY02JAN2420400PE.NFO,02/01/2024,09:59:48,0.3,0.25,169240,0.3,204040,2680,431520
FINNIFTY02JAN2420400PE.NFO,02/01/2024,09:59:59,0.3,0.25,169240,0.3,211040,200,431520
FINNIFTY02JAN2420400PE.NFO,02/01/2024,10:00:10,0.3,0.25,169240,0.3,195840,800,431520
FINNIFTY02JAN2420400PE.NFO,02/01/2024,10:00:22,0.3,0.25,188360,0.3,213280,1280,431520
FINNIFTY02JAN2420400PE.NFO,02/01/2024,10:00:35,0.25,0.25,188600,0.3,215840,720,431520
FINNIFTY02JAN2420400PE.NFO,02/01/2024,10:00:47,0.25,0.25,188400,0.3,228440,0,431520
FINNIFTY02JAN2420400PE.NFO,02/01/2024,10:01:08,0.3,0.25,190600,0.3,243720,12280,431520
FINNIFTY02JAN2420400PE.NFO,02/01/2024,10:01:19,0.25,0.25,186920,0.3,225160,10320,431520
FINNIFTY02JAN2420400PE.NFO,02/01/2024,10:01:31,0.25,0.25,184960,0.3,218080,3760,431520
FINNIFTY02JAN2420400PE.NFO,02/01/2024,10:01:41,0.25,0.25,184720,0.3,223480,80,431520
FINNIFTY02JAN2420400PE.NFO,02/01/2024,10:01:52,0.25,0.25,184280,0.3,223160,520,431520
FINNIFTY02JAN2420400PE.NFO,02/01/2024,10:02:02,0.25,0.25,187520,0.3,223160,600,431520
FINNIFTY02JAN2420400PE.NFO,02/01/2024,10:02:12,0.3,0.25,173000,0.3,213400,20000,431520
FINNIFTY02JAN2420400PE.NFO,02/01/2024,10:02:23,0.3,0.25,170920,0.3,213720,400,431520
FINNIFTY02JAN2420400PE.NFO,02/01/2024,10:02:33,0.3,0.25,179320,0.3,205520,15320,431520
FINNIFTY02JAN2420400PE.NFO,02/01/2024,10:02:43,0.25,0.25,175720,0.3,205480,1840,405680
FINNIFTY02JAN2420400PE.NFO,02/01/2024,10:02:53,0.25,0.25,172640,0.3,205280,1480,405680
FINNIFTY02JAN2420400PE.NFO,02/01/2024,10:03:03,0.25,0.25,174400,0.3,208720,11840,405680
FINNIFTY02JAN2420400PE.NFO,02/01/2024,10:03:14,0.25,0.25,175960,0.3,211720,840,405680
FINNIFTY02JAN2420400PE.NFO,02/01/2024,10:03:27,0.25,0.25,175640,0.3,220720,320,405680
FINNIFTY02JAN2420400PE.NFO,02/01/2024,10:03:39,0.25,0.25,175600,0.3,220720,40,405680
FINNIFTY02JAN2420400PE.NFO,02/01/2024,10:04:00,0.25,0.25,175200,0.3,220720,440,405680
FINNIFTY02JAN2420400PE.NFO,02/01/2024,10:04:10,0.25,0.25,173240,0.3,216720,360,405680
FINNIFTY02JAN2420400PE.NFO,02/01/2024,10:04:21,0.25,0.25,168440,0.3,216520,5880,405680
FINNIFTY02JAN2420400PE.NFO,02/01/2024,10:04:31,0.25,0.25,171160,0.3,216080,1640,405680
FINNIFTY02JAN2420400PE.NFO,02/01/2024,10:04:41,0.25,0.25,164440,0.3,215440,7200,405680
FINNIFTY02JAN2420400PE.NFO,02/01/2024,10:04:52,0.25,0.25,159440,0.3,214600,1920,405680
FINNIFTY02JAN2420400PE.NFO,02/01/2024,10:05:02,0.3,0.25,161600,0.3,214440,3760,405680
FINNIFTY02JAN2420400PE.NFO,02/01/2024,10:05:13,0.3,0.25,161600,0.3,212560,1880,405680
FINNIFTY02JAN2420400PE.NFO,02/01/2024,10:05:23,0.3,0.25,161040,0.3,211960,1200,405680
FINNIFTY02JAN2420400PE.NFO,02/01/2024,10:05:33,0.3,0.25,159240,0.3,235680,280,405680
FINNIFTY02JAN2420400PE.NFO,02/01/2024,10:05:43,0.25,0.25,147920,0.3,203520,2320,403400
FINNIFTY02JAN2420400PE.NFO,02/01/2024,10:05:53,0.3,0.25,169920,0.3,224960,1320,403400
FINNIFTY02JAN2420400PE.NFO,02/01/2024,10:06:03,0.3,0.25,169720,0.3,212320,12840,403400
FINNIFTY02JAN2420400PE.NFO,02/01/2024,10:06:13,0.25,0.25,169680,0.3,212320,40,403400
FINNIFTY02JAN2420400PE.NFO,02/01/2024,10:06:24,0.3,0.25,169680,0.3,210200,2160,403400
FINNIFTY02JAN2420400PE.NFO,02/01/2024,10:06:34,0.3,0.25,169680,0.3,209760,360,403400
FINNIFTY02JAN2420400PE.NFO,02/01/2024,10:06:44,0.3,0.25,169680,0.3,211520,240,403400
FINNIFTY02JAN2420400PE.NFO,02/01/2024,10:06:55,0.3,0.25,169680,0.3,211480,40,403400
FINNIFTY02JAN2420400PE.NFO,02/01/2024,10:07:05,0.3,0.25,169680,0.3,210880,600,403400
FINNIFTY02JAN2420400PE.NFO,02/01/2024,10:07:16,0.3,0.25,169680,0.3,210760,120,403400
FINNIFTY02JAN2420400PE.NFO,02/01/2024,10:07:26,0.25,0.25,164160,0.3,210720,120,403400
FINNIFTY02JAN2420400PE.NFO,02/01/2024,10:07:37,0.3,0.25,163840,0.3,207120,3920,403400
FINNIFTY02JAN2420400PE.NFO,02/01/2024,10:07:48,0.25,0.25,160280,0.3,205920,4760,403400
FINNIFTY02JAN2420400PE.NFO,02/01/2024,10:07:58,0.3,0.25,161680,0.3,209720,240,403400
FINNIFTY02JAN2420400PE.NFO,02/01/2024,10:08:08,0.3,0.25,162480,0.3,208880,1240,403400
FINNIFTY02JAN2420400PE.NFO,02/01/2024,10:08:28,0.3,0.25,160640,0.3,208800,80,403400
FINNIFTY02JAN2420400PE.NFO,02/01/2024,10:08:38,0.3,0.25,162400,0.3,207920,720,399720
FINNIFTY02JAN2420400PE.NFO,02/01/2024,10:08:48,0.3,0.25,160400,0.3,207800,920,399720
FINNIFTY02JAN2420400PE.NFO,02/01/2024,10:08:58,0.3,0.25,160400,0.3,209880,320,399720
FINNIFTY02JAN2420400PE.NFO,02/01/2024,10:09:08,0.3,0.25,162160,0.3,210480,1440,399720
FINNIFTY02JAN2420400PE.NFO,02/01/2024,10:09:18,0.3,0.25,161680,0.3,207520,3040,399720
FINNIFTY02JAN2420400PE.NFO,02/01/2024,10:09:28,0.3,0.25,161680,0.3,206920,600,399720
FINNIFTY02JAN2420400PE.NFO,02/01/2024,10:09:37,0.3,0.25,160400,0.3,206400,1680,399720
FINNIFTY02JAN2420400PE.NFO,02/01/2024,10:09:47,0.3,0.25,160400,0.3,206520,0,399720
FINNIFTY02JAN2420400PE.NFO,02/01/2024,10:09:57,0.3,0.25,154560,0.3,212320,6000,399720
FINNIFTY02JAN2420400PE.NFO,02/01/2024,10:10:07,0.3,0.25,152720,0.3,210920,1320,399720
FINNIFTY02JAN2420400PE.NFO,02/01/2024,10:10:17,0.3,0.25,154520,0.3,210920,1520,399720
FINNIFTY02JAN2420400PE.NFO,02/01/2024,10:10:26,0.3,0.25,154520,0.3,196200,360,399720
FINNIFTY02JAN2420400PE.NFO,02/01/2024,10:10:37,0.3,0.25,152720,0.3,195920,280,399720
FINNIFTY02JAN2420400PE.NFO,02/01/2024,10:10:47,0.3,0.25,154440,0.3,195640,240,399720
FINNIFTY02JAN2420400PE.NFO,02/01/2024,10:10:56,0.3,0.25,152640,0.3,195480,120,399720
FINNIFTY02JAN2420400PE.NFO,02/01/2024,10:11:06,0.3,0.25,154440,0.3,195120,0,399720
FINNIFTY02JAN2420400PE.NFO,02/01/2024,10:11:16,0.3,0.25,154440,0.3,161320,40000,399720
FINNIFTY02JAN2420400PE.NFO,02/01/2024,10:11:26,0.3,0.25,152640,0.3,149520,480,399720
FINNIFTY02JAN2420400PE.NFO,02/01/2024,10:11:36,0.3,0.25,154440,0.3,144960,4560,399720
FINNIFTY02JAN2420400PE.NFO,02/01/2024,10:11:45,0.3,0.25,161640,0.3,159200,0,399720
FINNIFTY02JAN2420400PE.NFO,02/01/2024,10:12:03,0.3,0.25,161640,0.3,166520,0,399720
FINNIFTY02JAN2420400PE.NFO,02/01/2024,10:12:13,0.3,0.25,161640,0.3,168240,0,399720
FINNIFTY02JAN2420400PE.NFO,02/01/2024,10:12:22,0.3,0.25,161640,0.3,167640,600,380640
FINNIFTY02JAN2420400PE.NFO,02/01/2024,10:12:32,0.3,0.25,161640,0.3,169320,120,380640
FINNIFTY02JAN2420400PE.NFO,02/01/2024,10:12:43,0.3,0.25,159840,0.3,170920,280,380640
FINNIFTY02JAN2420400PE.NFO,02/01/2024,10:12:54,0.3,0.25,159840,0.3,172160,320,380640
FINNIFTY02JAN2420400PE.NFO,02/01/2024,10:13:04,0.3,0.25,159840,0.3,166240,4160,380640
FINNIFTY02JAN2420400PE.NFO,02/01/2024,10:13:14,0.25,0.25,161440,0.3,165880,680,380640
FINNIFTY02JAN2420400PE.NFO,02/01/2024,10:13:24,0.25,0.25,161200,0.3,151400,240,380640
FINNIFTY02JAN2420400PE.NFO,02/01/2024,10:13:34,0.25,0.25,158800,0.3,158160,2400,380640
FINNIFTY02JAN2420400PE.NFO,02/01/2024,10:13:44,0.25,0.25,158720,0.3,161760,80,380640
FINNIFTY02JAN2420400PE.NFO,02/01/2024,10:13:54,0.25,0.25,158720,0.3,161760,1800,380640
FINNIFTY02JAN2420400PE.NFO,02/01/2024,10:14:04,0.3,0.25,157880,0.3,162840,1520,380640
FINNIFTY02JAN2420400PE.NFO,02/01/2024,10:14:15,0.25,0.25,157360,0.3,164200,1000,380640
FINNIFTY02JAN2420400PE.NFO,02/01/2024,10:14:24,0.25,0.25,140400,0.3,175720,11200,380640
FINNIFTY02JAN2420400PE.NFO,02/01/2024,10:14:34,0.25,0.25,139320,0.3,177520,1760,380640
FINNIFTY02JAN2420400PE.NFO,02/01/2024,10:14:45,0.25,0.25,138160,0.3,177720,1560,396640
FINNIFTY02JAN2420400PE.NFO,02/01/2024,10:14:55,0.25,0.25,134000,0.3,179520,240,396640
FINNIFTY02JAN2420400PE.NFO,02/01/2024,10:15:04,0.3,0.25,152080,0.3,177640,1840,396640
FINNIFTY02JAN2420400PE.NFO,02/01/2024,10:15:14,0.3,0.25,152000,0.3,177320,320,396640
FINNIFTY02JAN2420400PE.NFO,02/01/2024,10:15:24,0.25,0.25,146040,0.3,177280,240,396640
FINNIFTY02JAN2420400PE.NFO,02/01/2024,10:15:34,0.25,0.25,145960,0.3,177080,280,396640
FINNIFTY02JAN2420400PE.NFO,02/01/2024,10:15:53,0.3,0.25,153160,0.3,176480,600,396640
FINNIFTY02JAN2420400PE.NFO,02/01/2024,10:16:03,0.3,0.25,153160,0.3,175480,1000,396640
FINNIFTY02JAN2420400PE.NFO,02/01/2024,10:16:13,0.3,0.25,154520,0.3,174040,1880,396640
FINNIFTY02JAN2420400PE.NFO,02/01/2024,10:16:24,0.3,0.25,158760,0.3,174040,8240,396640
FINNIFTY02JAN2420400PE.NFO,02/01/2024,10:16:33,0.25,0.25,149760,0.3,192040,9000,396640
FINNIFTY02JAN2420400PE.NFO,02/01/2024,10:16:43,0.25,0.25,142520,0.3,193800,40,396640
FINNIFTY02JAN2420400PE.NFO,02/01/2024,10:16:52,0.25,0.25,121440,0.3,176080,3600,396640
FINNIFTY02JAN2420400PE.NFO,02/01/2024,10:17:02,0.3,0.25,127840,0.3,176720,1760,396640
FINNIFTY02JAN2420400PE.NFO,02/01/2024,10:17:12,0.3,0.25,127880,0.3,154720,2200,396640
FINNIFTY02JAN2420400PE.NFO,02/01/2024,10:17:22,0.3,0.25,133280,0.3,159800,2120,396640
FINNIFTY02JAN2420400PE.NFO,02/01/2024,10:17:32,0.3,0.25,134840,0.3,157800,3960,396640
FINNIFTY02JAN2420400PE.NFO,02/01/2024,10:17:42,0.3,0.25,134840,0.3,157360,440,396640
FINNIFTY02JAN2420400PE.NFO,02/01/2024,10:17:51,0.25,0.25,131480,0.3,158080,3360,401880
FINNIFTY02JAN2420400PE.NFO,02/01/2024,10:18:10,0.3,0.25,124280,0.3,174280,11520,401880
FINNIFTY02JAN2420400PE.NFO,02/01/2024,10:18:20,0.25,0.25,126440,0.3,174240,1440,401880
FINNIFTY02JAN2420400PE.NFO,02/01/2024,10:18:30,0.3,0.25,126440,0.3,174080,160,401880
FINNIFTY02JAN2420400PE.NFO,02/01/2024,10:18:49,0.3,0.25,126400,0.3,174080,0,401880
FINNIFTY02JAN2420400PE.NFO,02/01/2024,10:18:58,0.25,0.25,126320,0.3,174040,120,401880
FINNIFTY02JAN2420400PE.NFO,02/01/2024,10:19:08,0.3,0.25,126480,0.3,157680,1960,401880
FINNIFTY02JAN2420400PE.NFO,02/01/2024,10:19:17,0.3,0.25,176320,0.3,157520,160,401880
FINNIFTY02JAN2420400PE.NFO,02/01/2024,10:19:27,0.3,0.25,176320,0.3,148520,80,401880
FINNIFTY02JAN2420400PE.NFO,02/01/2024,10:19:46,0.3,0.25,149920,0.3,164640,0,401880
FINNIFTY02JAN2420400PE.NFO,02/01/2024,10:20:04,0.3,0.25,149920,0.3,163520,1120,401880
FINNIFTY02JAN2420400PE.NFO,02/01/2024,10:20:14,0.3,0.25,149920,0.3,163440,80,401880
FINNIFTY02JAN2420400PE.NFO,02/01/2024,10:20:24,0.3,0.25,149920,0.3,163240,200,401880
FINNIFTY02JAN2420400PE.NFO,02/01/2024,10:21:03,0.3,0.25,134720,0.3,153440,200,388240
FINNIFTY02JAN2420400PE.NFO,02/01/2024,10:21:22,0.3,0.25,134720,0.3,153440,0,388240
FINNIFTY02JAN2420400PE.NFO,02/01/2024,10:21:42,0.25,0.25,134560,0.3,153440,160,388240
FINNIFTY02JAN2420400PE.NFO,02/01/2024,10:21:52,0.25,0.25,134440,0.3,153440,120,388240
FINNIFTY02JAN2420400PE.NFO,02/01/2024,10:22:01,0.25,0.25,139480,0.3,153440,560,388240
FINNIFTY02JAN2420400PE.NFO,02/01/2024,10:22:11,0.3,0.25,139480,0.3,152880,560,388240
FINNIFTY02JAN2420400PE.NFO,02/01/2024,10:22:21,0.3,0.25,139480,0.3,151880,1000,388240
FINNIFTY02JAN2420400PE.NFO,02/01/2024,10:22:31,0.3,0.25,139480,0.3,151680,200,388240
FINNIFTY02JAN2420400PE.NFO,02/01/2024,10:22:41,0.25,0.25,138480,0.3,158480,1400,388240
FINNIFTY02JAN2420400PE.NFO,02/01/2024,10:23:01,0.25,0.25,133480,0.3,163880,5000,388240
FINNIFTY02JAN2420400PE.NFO,02/01/2024,10:23:11,0.3,0.25,133480,0.3,164680,1000,388240
FINNIFTY02JAN2420400PE.NFO,02/01/2024,10:23:21,0.3,0.25,133480,0.3,163520,1160,388240
FINNIFTY02JAN2420400PE.NFO,02/01/2024,10:23:31,0.3,0.25,133080,0.3,163320,600,388240
FINNIFTY02JAN2420400PE.NFO,02/01/2024,10:23:41,0.3,0.25,133080,0.3,163200,120,388240
FINNIFTY02JAN2420400PE.NFO,02/01/2024,10:24:02,0.25,0.25,131960,0.3,165680,3040,393240
FINNIFTY02JAN2420400PE.NFO,02/01/2024,10:24:12,0.3,0.25,131960,0.3,164240,40,393240
FINNIFTY02JAN2420400PE.NFO,02/01/2024,10:24:22,0.3,0.25,131960,0.3,142600,40,393240
FINNIFTY02JAN2420400PE.NFO,02/01/2024,10:24:52,0.3,0.25,131960,0.3,142600,0,393240
FINNIFTY02JAN2420400PE.NFO,02/01/2024,10:25:04,0.3,0.25,131960,0.3,149040,760,393240
FINNIFTY02JAN2420400PE.NFO,02/01/2024,10:25:15,0.3,0.25,131960,0.3,149000,40,393240
FINNIFTY02JAN2420400PE.NFO,02/01/2024,10:25:26,0.3,0.25,131960,0.3,147320,1840,393240
FINNIFTY02JAN2420400PE.NFO,02/01/2024,10:25:47,0.3,0.25,131960,0.3,147320,0,393240
FINNIFTY02JAN2420400PE.NFO,02/01/2024,10:25:57,0.3,0.25,131960,0.3,146640,680,393240
FINNIFTY02JAN2420400PE.NFO,02/01/2024,10:26:08,0.3,0.25,126360,0.3,145280,1360,393240
FINNIFTY02JAN2420400PE.NFO,02/01/2024,10:26:19,0.3,0.25,127560,0.3,143320,1960,393240
FINNIFTY02JAN2420400PE.NFO,02/01/2024,10:26:31,0.3,0.25,127560,0.3,143160,160,393240
FINNIFTY02JAN2420400PE.NFO,02/01/2024,10:26:42,0.3,0.25,127560,0.3,141640,1520,393760
FINNIFTY02JAN2420400PE.NFO,02/01/2024,10:26:54,0.3,0.25,127560,0.3,136800,4840,393760
FINNIFTY02JAN2420400PE.NFO,02/01/2024,10:27:05,0.25,0.25,127360,0.3,137280,2120,393760
FINNIFTY02JAN2420400PE.NFO,02/01/2024,10:27:16,0.25,0.25,129600,0.3,137800,1680,393760
FINNIFTY02JAN2420400PE.NFO,02/01/2024,10:27:27,0.3,0.25,129600,0.3,136400,1400,393760
FINNIFTY02JAN2420400PE.NFO,02/01/2024,10:27:37,0.3,0.25,129720,0.3,137520,1880,393760
FINNIFTY02JAN2420400PE.NFO,02/01/2024,10:27:47,0.25,0.25,129680,0.3,138600,1960,393760
FINNIFTY02JAN2420400PE.NFO,02/01/2024,10:27:58,0.25,0.25,129800,0.3,139720,1800,393760
FINNIFTY02JAN2420400PE.NFO,02/01/2024,10:28:08,0.3,0.25,129680,0.3,139360,3400,393760
FINNIFTY02JAN2420400PE.NFO,02/01/2024,10:28:19,0.3,0.25,131400,0.3,138400,1200,393760
FINNIFTY02JAN2420400PE.NFO,02/01/2024,10:28:29,0.3,0.25,131400,0.3,138320,80,393760
FINNIFTY02JAN2420400PE.NFO,02/01/2024,10:28:39,0.3,0.25,131360,0.3,140080,40,393760
FINNIFTY02JAN2420400PE.NFO,02/01/2024,10:29:18,0.25,0.25,131320,0.3,140080,40,393760
FINNIFTY02JAN2420400PE.NFO,02/01/2024,10:29:28,0.3,0.25,131400,0.3,132600,280,393760
FINNIFTY02JAN2420400PE.NFO,02/01/2024,10:29:38,0.3,0.25,131400,0.3,132400,200,393760
FINNIFTY02JAN2420400PE.NFO,02/01/2024,10:30:11,0.3,0.25,131400,0.3,139160,1000,385440
FINNIFTY02JAN2420400PE.NFO,02/01/2024,10:30:22,0.3,0.25,137960,0.3,144320,600,385440
FINNIFTY02JAN2420400PE.NFO,02/01/2024,10:30:34,0.3,0.25,141160,0.3,143760,400,385440
FINNIFTY02JAN2420400PE.NFO,02/01/2024,10:30:44,0.3,0.25,141160,0.3,143880,40,385440
FINNIFTY02JAN2420400PE.NFO,02/01/2024,10:30:54,0.3,0.25,141160,0.3,143200,680,385440
FINNIFTY02JAN2420400PE.NFO,02/01/2024,10:31:04,0.3,0.25,145000,0.3,152600,1200,385440
FINNIFTY02JAN2420400PE.NFO,02/01/2024,10:31:14,0.3,0.25,143200,0.3,152160,440,385440
FINNIFTY02JAN2420400PE.NFO,02/01/2024,10:31:24,0.25,0.25,143160,0.3,152080,120,385440
FINNIFTY02JAN2420400PE.NFO,02/01/2024,10:31:34,0.3,0.25,143160,0.3,152040,40,385440
FINNIFTY02JAN2420400PE.NFO,02/01/2024,10:31:44,0.3,0.25,143160,0.3,151840,200,385440
FINNIFTY02JAN2420400PE.NFO,02/01/2024,10:31:55,0.3,0.25,143160,0.3,151480,360,385440
FINNIFTY02JAN2420400PE.NFO,02/01/2024,10:32:06,0.3,0.25,143160,0.3,142480,2440,385440
FINNIFTY02JAN2420400PE.NFO,02/01/2024,10:32:16,0.3,0.25,143160,0.3,142520,0,385440
FINNIFTY02JAN2420400PE.NFO,02/01/2024,10:32:26,0.3,0.25,141360,0.3,142480,0,385440
FINNIFTY02JAN2420400PE.NFO,02/01/2024,10:32:36,0.25,0.25,141320,0.3,142560,40,385440
FINNIFTY02JAN2420400PE.NFO,02/01/2024,10:32:46,0.25,0.25,139240,0.3,140480,2080,385640
FINNIFTY02JAN2420400PE.NFO,02/01/2024,10:32:56,0.25,0.25,139760,0.3,139600,3200,385640
FINNIFTY02JAN2420400PE.NFO,02/01/2024,10:33:05,0.25,0.25,137960,0.3,138160,1320,385640
FINNIFTY02JAN2420400PE.NFO,02/01/2024,10:33:15,0.3,0.25,137600,0.3,137640,880,385640
FINNIFTY02JAN2420400PE.NFO,02/01/2024,10:33:25,0.3,0.25,137520,0.3,136680,960,385640
FINNIFTY02JAN2420400PE.NFO,02/01/2024,10:33:34,0.3,0.25,137480,0.3,136640,40,385640
FINNIFTY02JAN2420400PE.NFO,02/01/2024,10:33:44,0.25,0.25,140040,0.3,136640,200,385640
FINNIFTY02JAN2420400PE.NFO,02/01/2024,10:34:04,0.3,0.25,140160,0.3,135400,1240,385640
FINNIFTY02JAN2420400PE.NFO,02/01/2024,10:34:14,0.3,0.25,138280,0.3,132840,2680,385640
FINNIFTY02JAN2420400PE.NFO,02/01/2024,10:34:24,0.3,0.25,128720,0.3,149960,20240,385640
FINNIFTY02JAN2420400PE.NFO,02/01/2024,10:34:34,0.3,0.25,126120,0.3,149400,880,385640
FINNIFTY02JAN2420400PE.NFO,02/01/2024,10:35:03,0.3,0.25,127920,0.3,150080,320,385640
FINNIFTY02JAN2420400PE.NFO,02/01/2024,10:35:13,0.25,0.25,137880,0.3,167040,1080,385640
FINNIFTY02JAN2420400PE.NFO,02/01/2024,10:36:03,0.3,0.25,149440,0.3,178200,360,372960
FINNIFTY02JAN2420400PE.NFO,02/01/2024,10:36:13,0.3,0.25,149400,0.3,177560,640,372960
FINNIFTY02JAN2420400PE.NFO,02/01/2024,10:36:25,0.3,0.25,144600,0.3,172720,40,372960
FINNIFTY02JAN2420400PE.NFO,02/01/2024,10:36:38,0.25,0.25,132280,0.3,169080,1280,372960
FINNIFTY02JAN2420400PE.NFO,02/01/2024,10:36:50,0.25,0.25,140160,0.3,148120,3200,372960
FINNIFTY02JAN2420400PE.NFO,02/01/2024,10:37:01,0.3,0.25,138360,0.3,148080,40,372960
FINNIFTY02JAN2420400PE.NFO,02/01/2024,10:37:13,0.3,0.25,140400,0.3,153680,1600,372960
FINNIFTY02JAN2420400PE.NFO,02/01/2024,10:37:25,0.3,0.25,138280,0.3,153560,240,372960
FINNIFTY02JAN2420400PE.NFO,02/01/2024,10:37:36,0.3,0.25,138280,0.3,153440,120,372960
FINNIFTY02JAN2420400PE.NFO,02/01/2024,10:37:47,0.3,0.25,138280,0.3,150840,2600,372960
FINNIFTY02JAN2420400PE.NFO,02/01/2024,10:38:07,0.3,0.25,140080,0.3,151000,160,372960
FINNIFTY02JAN2420400PE.NFO,02/01/2024,10:38:17,0.3,0.25,140080,0.3,151120,0,372960
FINNIFTY02JAN2420400PE.NFO,02/01/2024,10:38:27,0.25,0.25,140040,0.3,150720,440,372960
FINNIFTY02JAN2420400PE.NFO,02/01/2024,10:38:37,0.25,0.25,139760,0.3,150720,280,372960
FINNIFTY02JAN2420400PE.NFO,02/01/2024,10:38:47,0.25,0.25,137760,0.3,150400,520,370440
FINNIFTY02JAN2420400PE.NFO,02/01/2024,10:38:58,0.25,0.25,137840,0.3,150120,880,370440
FINNIFTY02JAN2420400PE.NFO,02/01/2024,10:39:10,0.3,0.25,135760,0.3,148080,2080,370440
FINNIFTY02JAN2420400PE.NFO,02/01/2024,10:39:22,0.3,0.25,137560,0.3,146080,2000,370440
FINNIFTY02JAN2420400PE.NFO,02/01/2024,10:39:55,0.3,0.25,137560,0.3,143680,2400,370440
FINNIFTY02JAN2420400PE.NFO,02/01/2024,10:40:06,0.3,0.25,144400,0.3,158880,640,370440
FINNIFTY02JAN2420400PE.NFO,02/01/2024,10:40:17,0.3,0.25,144400,0.3,144240,240,370440
FINNIFTY02JAN2420400PE.NFO,02/01/2024,10:41:10,0.3,0.25,146160,0.3,137040,5800,370440
FINNIFTY02JAN2420400PE.NFO,02/01/2024,10:41:21,0.3,0.25,146160,0.3,153320,0,370440
FINNIFTY02JAN2420400PE.NFO,02/01/2024,10:41:31,0.3,0.25,146160,0.3,153280,0,370440
FINNIFTY02JAN2420400PE.NFO,02/01/2024,10:41:41,0.25,0.25,145880,0.3,153320,280,370440
FINNIFTY02JAN2420400PE.NFO,02/01/2024,10:41:53,0.25,0.25,144360,0.3,153040,880,364960
FINNIFTY02JAN2420400PE.NFO,02/01/2024,10:42:03,0.3,0.25,144080,0.3,153840,1200,364960
FINNIFTY02JAN2420400PE.NFO,02/01/2024,10:42:14,0.3,0.25,141960,0.3,157800,12280,364960
FINNIFTY02JAN2420400PE.NFO,02/01/2024,10:42:35,0.25,0.25,131280,0.3,157800,3480,364960
FINNIFTY02JAN2420400PE.NFO,02/01/2024,10:42:45,0.25,0.25,133240,0.3,157600,280,364960
FINNIFTY02JAN2420400PE.NFO,02/01/2024,10:42:56,0.25,0.25,132920,0.3,157600,320,364960
FINNIFTY02JAN2420400PE.NFO,02/01/2024,10:43:07,0.25,0.25,142600,0.3,155560,2800,364960
FINNIFTY02JAN2420400PE.NFO,02/01/2024,10:43:17,0.25,0.25,142720,0.3,156680,960,364960
FINNIFTY02JAN2420400PE.NFO,02/01/2024,10:43:28,0.25,0.25,142560,0.3,156680,160,364960
FINNIFTY02JAN2420400PE.NFO,02/01/2024,10:43:39,0.25,0.25,142520,0.3,156680,40,364960
FINNIFTY02JAN2420400PE.NFO,02/01/2024,10:43:49,0.25,0.25,140560,0.3,156480,2160,364960
FINNIFTY02JAN2420400PE.NFO,02/01/2024,10:43:59,0.25,0.25,140440,0.3,156480,120,364960
FINNIFTY02JAN2420400PE.NFO,02/01/2024,10:44:10,0.25,0.25,139840,0.3,162000,3760,364960
FINNIFTY02JAN2420400PE.NFO,02/01/2024,10:44:20,0.25,0.25,138480,0.3,161760,1600,364960
FINNIFTY02JAN2420400PE.NFO,02/01/2024,10:44:30,0.3,0.25,137040,0.3,160600,2600,364960
FINNIFTY02JAN2420400PE.NFO,02/01/2024,10:44:40,0.25,0.25,136680,0.3,160200,680,353520
FINNIFTY02JAN2420400PE.NFO,02/01/2024,10:44:51,0.25,0.25,136400,0.3,160120,360,353520
FINNIFTY02JAN2420400PE.NFO,02/01/2024,10:45:01,0.25,0.25,136160,0.3,160120,240,353520
FINNIFTY02JAN2420400PE.NFO,02/01/2024,10:45:12,0.25,0.25,125920,0.3,159400,3760,353520
FINNIFTY02JAN2420400PE.NFO,02/01/2024,10:45:22,0.25,0.25,125760,0.3,159400,160,353520
FINNIFTY02JAN2420400PE.NFO,02/01/2024,10:45:32,0.25,0.25,125400,0.3,159400,360,353520
FINNIFTY02JAN2420400PE.NFO,02/01/2024,10:45:42,0.25,0.25,124960,0.3,159400,440,353520
FINNIFTY02JAN2420400PE.NFO,02/01/2024,10:45:52,0.25,0.25,124840,0.3,159400,120,353520
FINNIFTY02JAN2420400PE.NFO,02/01/2024,10:46:02,0.25,0.25,124760,0.3,159400,80,353520
FINNIFTY02JAN2420400PE.NFO,02/01/2024,10:46:12,0.25,0.25,124640,0.3,159400,120,353520
FINNIFTY02JAN2420400PE.NFO,02/01/2024,10:46:22,0.25,0.25,124600,0.3,159400,40,353520
FINNIFTY02JAN2420400PE.NFO,02/01/2024,10:46:31,0.25,0.25,124560,0.3,159400,40,353520
FINNIFTY02JAN2420400PE.NFO,02/01/2024,10:46:41,0.3,0.25,129480,0.3,155280,6680,353520
FINNIFTY02JAN2420400PE.NFO,02/01/2024,10:46:51,0.3,0.25,130960,0.3,153680,1760,353520
FINNIFTY02JAN2420400PE.NFO,02/01/2024,10:47:02,0.3,0.25,132600,0.3,152560,1320,353520
FINNIFTY02JAN2420400PE.NFO,02/01/2024,10:47:12,0.3,0.25,132520,0.3,151960,680,353520
FINNIFTY02JAN2420400PE.NFO,02/01/2024,10:47:22,0.3,0.25,132520,0.3,151760,200,353520
FINNIFTY02JAN2420400PE.NFO,02/01/2024,10:47:32,0.3,0.25,132520,0.3,151560,200,353520
FINNIFTY02JAN2420400PE.NFO,02/01/2024,10:47:43,0.3,0.25,132520,0.3,151400,160,353520
FINNIFTY02JAN2420400PE.NFO,02/01/2024,10:47:53,0.3,0.25,132520,0.3,151400,0,353520
FINNIFTY02JAN2420400PE.NFO,02/01/2024,10:48:03,0.3,0.25,132520,0.3,151960,0,353520
FINNIFTY02JAN2420400PE.NFO,02/01/2024,10:48:14,0.3,0.25,132520,0.3,152000,40,345240
FINNIFTY02JAN2420400PE.NFO,02/01/2024,10:48:24,0.3,0.25,132520,0.3,152000,0,345240
FINNIFTY02JAN2420400PE.NFO,02/01/2024,10:48:34,0.25,0.25,133160,0.3,152000,4000,345240
FINNIFTY02JAN2420400PE.NFO,02/01/2024,10:48:43,0.25,0.25,133120,0.3,152000,40,345240
FINNIFTY02JAN2420400PE.NFO,02/01/2024,10:48:53,0.25,0.25,115800,0.3,152000,8240,345240
FINNIFTY02JAN2420400PE.NFO,02/01/2024,10:49:02,0.3,0.25,121160,0.3,149480,5920,345240
FINNIFTY02JAN2420400PE.NFO,02/01/2024,10:49:14,0.25,0.25,112920,0.3,147920,13360,345240
FINNIFTY02JAN2420400PE.NFO,02/01/2024,10:49:25,0.25,0.25,113040,0.3,155600,400,345240
FINNIFTY02JAN2420400PE.NFO,02/01/2024,10:49:35,0.25,0.25,105400,0.3,155800,240,345240
FINNIFTY02JAN2420400PE.NFO,02/01/2024,10:49:45,0.25,0.25,112560,0.3,156000,160,345240
FINNIFTY02JAN2420400PE.NFO,02/01/2024,10:49:55,0.25,0.25,112560,0.3,156160,40,345240
FINNIFTY02JAN2420400PE.NFO,02/01/2024,10:50:05,0.3,0.25,111240,0.3,154960,2320,345240
FINNIFTY02JAN2420400PE.NFO,02/01/2024,10:50:16,0.3,0.25,110960,0.3,155280,560,345240
FINNIFTY02JAN2420400PE.NFO,02/01/2024,10:51:07,0.3,0.25,110720,0.3,152080,3640,343880
FINNIFTY02JAN2420400PE.NFO,02/01/2024,10:51:18,0.25,0.25,108160,0.3,152480,760,343880
FINNIFTY02JAN2420400PE.NFO,02/01/2024,10:51:27,0.25,0.25,107960,0.3,152880,2000,343880
FINNIFTY02JAN2420400PE.NFO,02/01/2024,10:51:37,0.25,0.25,107320,0.3,155480,640,343880
FINNIFTY02JAN2420400PE.NFO,02/01/2024,10:51:47,0.25,0.25,106920,0.3,155480,400,343880
FINNIFTY02JAN2420400PE.NFO,02/01/2024,10:51:57,0.25,0.25,104680,0.3,156280,440,343880
FINNIFTY02JAN2420400PE.NFO,02/01/2024,10:52:06,0.3,0.25,106160,0.3,156320,480,343880
FINNIFTY02JAN2420400PE.NFO,02/01/2024,10:52:16,0.25,0.25,105360,0.3,156160,960,343880
FINNIFTY02JAN2420400PE.NFO,02/01/2024,10:52:26,0.25,0.25,105360,0.3,157160,0,343880
FINNIFTY02JAN2420400PE.NFO,02/01/2024,10:53:05,0.3,0.25,105440,0.3,154920,2240,343880
FINNIFTY02JAN2420400PE.NFO,02/01/2024,10:53:15,0.3,0.25,105440,0.3,140280,240,343880
FINNIFTY02JAN2420400PE.NFO,02/01/2024,10:53:24,0.3,0.25,105360,0.3,140200,80,343880
FINNIFTY02JAN2420400PE.NFO,02/01/2024,10:53:53,0.3,0.25,105360,0.3,140200,0,343880
FINNIFTY02JAN2420400PE.NFO,02/01/2024,10:54:03,0.3,0.25,105360,0.3,139520,680,346360
FINNIFTY02JAN2420400PE.NFO,02/01/2024,10:54:12,0.3,0.25,106080,0.3,139280,240,346360
FINNIFTY02JAN2420400PE.NFO,02/01/2024,10:54:31,0.3,0.25,106080,0.3,138720,560,346360
FINNIFTY02JAN2420400PE.NFO,02/01/2024,10:54:40,0.3,0.25,106080,0.3,138440,280,346360
FINNIFTY02JAN2420400PE.NFO,02/01/2024,10:55:08,0.3,0.25,106080,0.3,138400,160,346360
FINNIFTY02JAN2420400PE.NFO,02/01/2024,10:55:26,0.3,0.25,106080,0.3,138440,0,346360
FINNIFTY02JAN2420400PE.NFO,02/01/2024,10:55:37,0.3,0.25,106040,0.3,138440,0,346360
FINNIFTY02JAN2420400PE.NFO,02/01/2024,10:55:55,0.3,0.25,106040,0.3,138160,280,346360
FINNIFTY02JAN2420400PE.NFO,02/01/2024,10:56:05,0.3,0.25,106040,0.3,137160,1000,346360
FINNIFTY02JAN2420400PE.NFO,02/01/2024,10:56:14,0.3,0.25,106040,0.3,137080,40,346360
FINNIFTY02JAN2420400PE.NFO,02/01/2024,10:56:23,0.3,0.25,105640,0.3,136680,840,346360
FINNIFTY02JAN2420400PE.NFO,02/01/2024,10:56:33,0.3,0.25,105640,0.3,136880,200,346360
FINNIFTY02JAN2420400PE.NFO,02/01/2024,10:56:42,0.3,0.25,105640,0.3,136880,0,346360
FINNIFTY02JAN2420400PE.NFO,02/01/2024,10:56:52,0.25,0.25,101280,0.3,137480,2560,344640
FINNIFTY02JAN2420400PE.NFO,02/01/2024,10:57:02,0.3,0.25,103080,0.3,139240,40,344640
FINNIFTY02JAN2420400PE.NFO,02/01/2024,10:57:12,0.3,0.25,103080,0.3,138800,440,344640
FINNIFTY02JAN2420400PE.NFO,02/01/2024,10:57:41,0.3,0.25,103080,0.3,140560,0,344640
FINNIFTY02JAN2420400PE.NFO,02/01/2024,10:57:51,0.25,0.25,103040,0.3,138040,800,344640
FINNIFTY02JAN2420400PE.NFO,02/01/2024,10:58:01,0.3,0.25,102760,0.3,137080,1280,344640
FINNIFTY02JAN2420400PE.NFO,02/01/2024,10:58:11,0.3,0.25,102600,0.3,138320,2920,344640
FINNIFTY02JAN2420400PE.NFO,02/01/2024,10:58:20,0.3,0.25,100800,0.3,138840,1880,344640
FINNIFTY02JAN2420400PE.NFO,02/01/2024,10:58:29,0.25,0.25,79800,0.3,149640,21000,344640
FINNIFTY02JAN2420400PE.NFO,02/01/2024,10:58:48,0.25,0.25,80160,0.3,149640,0,344640
FINNIFTY02JAN2420400PE.NFO,02/01/2024,10:59:07,0.3,0.25,80280,0.3,146880,960,344640
FINNIFTY02JAN2420400PE.NFO,02/01/2024,10:59:17,0.25,0.25,78360,0.3,146800,1880,344640
FINNIFTY02JAN2420400PE.NFO,02/01/2024,10:59:27,0.3,0.25,78360,0.3,148320,80,344640
FINNIFTY02JAN2420400PE.NFO,02/01/2024,10:59:57,0.3,0.25,78360,0.3,148320,0,344640
FINNIFTY02JAN2420400PE.NFO,02/01/2024,11:00:07,0.3,0.25,78360,0.3,148960,0,344640
FINNIFTY02JAN2420400PE.NFO,02/01/2024,11:00:16,0.25,0.25,76520,0.3,150640,1840,368520
FINNIFTY02JAN2420400PE.NFO,02/01/2024,11:00:26,0.25,0.25,65600,0.3,147040,3640,368520
FINNIFTY02JAN2420400PE.NFO,02/01/2024,11:00:36,0.25,0.2,260280,0.25,102720,58080,368520
FINNIFTY02JAN2420400PE.NFO,02/01/2024,11:00:45,0.2,0.2,260000,0.25,144680,280,368520
FINNIFTY02JAN2420400PE.NFO,02/01/2024,11:01:04,0.2,0.2,265840,0.25,143880,2440,368520
FINNIFTY02JAN2420400PE.NFO,02/01/2024,11:01:14,0.2,0.2,266720,0.25,143880,320,368520
FINNIFTY02JAN2420400PE.NFO,02/01/2024,11:01:23,0.2,0.2,256240,0.25,143880,10560,368520
FINNIFTY02JAN2420400PE.NFO,02/01/2024,11:01:33,0.25,0.2,256440,0.25,123440,640,368520
FINNIFTY02JAN2420400PE.NFO,02/01/2024,11:01:43,0.25,0.2,256360,0.25,130400,240,368520
FINNIFTY02JAN2420400PE.NFO,02/01/2024,11:01:52,0.25,0.2,255640,0.25,129520,880,368520
FINNIFTY02JAN2420400PE.NFO,02/01/2024,11:02:02,0.25,0.2,255640,0.25,129160,360,368520
FINNIFTY02JAN2420400PE.NFO,02/01/2024,11:02:11,0.25,0.2,255640,0.25,128520,640,368520
FINNIFTY02JAN2420400PE.NFO,02/01/2024,11:02:40,0.25,0.2,253840,0.25,128400,120,368520
FINNIFTY02JAN2420400PE.NFO,02/01/2024,11:02:49,0.25,0.2,255640,0.25,128400,0,368520
FINNIFTY02JAN2420400PE.NFO,02/01/2024,11:02:58,0.25,0.2,248320,0.25,121080,7320,414640
FINNIFTY02JAN2420400PE.NFO,02/01/2024,11:03:08,0.25,0.2,248320,0.25,121720,0,414640
FINNIFTY02JAN2420400PE.NFO,02/01/2024,11:03:17,0.25,0.2,248320,0.25,121680,0,414640
FINNIFTY02JAN2420400PE.NFO,02/01/2024,11:03:27,0.25,0.2,248320,0.25,119640,2000,414640
FINNIFTY02JAN2420400PE.NFO,02/01/2024,11:03:36,0.25,0.2,248320,0.25,119720,0,414640
FINNIFTY02JAN2420400PE.NFO,02/01/2024,11:03:45,0.25,0.2,248320,0.25,119680,40,414640
FINNIFTY02JAN2420400PE.NFO,02/01/2024,11:03:54,0.25,0.2,248320,0.25,119640,0,414640
FINNIFTY02JAN2420400PE.NFO,02/01/2024,11:04:03,0.25,0.2,248320,0.25,116000,3200,414640
FINNIFTY02JAN2420400PE.NFO,02/01/2024,11:04:12,0.25,0.2,248320,0.25,115520,480,414640
FINNIFTY02JAN2420400PE.NFO,02/01/2024,11:04:22,0.25,0.2,246520,0.25,113720,1800,414640
FINNIFTY02JAN2420400PE.NFO,02/01/2024,11:04:41,0.25,0.2,246520,0.25,122720,0,414640
FINNIFTY02JAN2420400PE.NFO,02/01/2024,11:04:50,0.25,0.2,246520,0.25,124520,0,414640
FINNIFTY02JAN2420400PE.NFO,02/01/2024,11:04:59,0.25,0.2,246560,0.25,124480,40,414640
FINNIFTY02JAN2420400PE.NFO,02/01/2024,11:05:08,0.25,0.2,246600,0.25,120320,4720,414640
FINNIFTY02JAN2420400PE.NFO,02/01/2024,11:05:17,0.25,0.2,246600,0.25,120240,0,414640
FINNIFTY02JAN2420400PE.NFO,02/01/2024,11:05:27,0.2,0.2,246520,0.25,120400,80,414640
FINNIFTY02JAN2420400PE.NFO,02/01/2024,11:05:36,0.2,0.2,246520,0.25,120320,0,414640
FINNIFTY02JAN2420400PE.NFO,02/01/2024,11:05:46,0.2,0.2,246440,0.25,120320,80,414640
FINNIFTY02JAN2420400PE.NFO,02/01/2024,11:05:55,0.25,0.2,246440,0.25,117280,4000,412160
FINNIFTY02JAN2420400PE.NFO,02/01/2024,11:06:05,0.25,0.2,246440,0.25,116520,80,412160
FINNIFTY02JAN2420400PE.NFO,02/01/2024,11:06:14,0.25,0.2,246440,0.25,116640,0,412160
FINNIFTY02JAN2420400PE.NFO,02/01/2024,11:06:23,0.25,0.2,245680,0.25,115840,800,412160
FINNIFTY02JAN2420400PE.NFO,02/01/2024,11:06:33,0.25,0.2,245680,0.25,115840,0,412160
FINNIFTY02JAN2420400PE.NFO,02/01/2024,11:06:43,0.25,0.2,246240,0.25,115840,0,412160
FINNIFTY02JAN2420400PE.NFO,02/01/2024,11:06:52,0.25,0.2,245680,0.25,116240,560,412160
FINNIFTY02JAN2420400PE.NFO,02/01/2024,11:07:02,0.25,0.2,245680,0.25,115680,400,412160
FINNIFTY02JAN2420400PE.NFO,02/01/2024,11:07:11,0.25,0.2,245720,0.25,114960,880,412160
FINNIFTY02JAN2420400PE.NFO,02/01/2024,11:07:21,0.25,0.2,245720,0.25,114920,0,412160
FINNIFTY02JAN2420400PE.NFO,02/01/2024,11:07:30,0.25,0.2,245720,0.25,114960,0,412160
FINNIFTY02JAN2420400PE.NFO,02/01/2024,11:07:39,0.2,0.2,240320,0.25,114960,920,412160
FINNIFTY02JAN2420400PE.NFO,02/01/2024,11:08:07,0.2,0.2,197080,0.25,114800,0,412160
FINNIFTY02JAN2420400PE.NFO,02/01/2024,11:08:16,0.2,0.2,197200,0.25,114800,0,412160
FINNIFTY02JAN2420400PE.NFO,02/01/2024,11:08:25,0.2,0.2,197320,0.25,114800,0,412160
FINNIFTY02JAN2420400PE.NFO,02/01/2024,11:08:34,0.2,0.2,197240,0.25,114800,0,412160
FINNIFTY02JAN2420400PE.NFO,02/01/2024,11:08:44,0.2,0.2,197280,0.25,114800,0,412160
FINNIFTY02JAN2420400PE.NFO,02/01/2024,11:08:53,0.2,0.2,195520,0.25,114800,0,412160
FINNIFTY02JAN2420400PE.NFO,02/01/2024,11:09:03,0.2,0.2,194480,0.25,114800,0,412160
FINNIFTY02JAN2420400PE.NFO,02/01/2024,11:09:12,0.2,0.2,196080,0.25,118440,0,412160
FINNIFTY02JAN2420400PE.NFO,02/01/2024,11:09:21,0.2,0.2,196040,0.25,118440,0,412160
FINNIFTY02JAN2420400PE.NFO,02/01/2024,11:09:30,0.2,0.2,195960,0.25,118440,0,412160
FINNIFTY02JAN2420400PE.NFO,02/01/2024,11:09:40,0.25,0.2,197520,0.25,118560,1800,407680
FINNIFTY02JAN2420400PE.NFO,02/01/2024,11:09:49,0.25,0.2,201960,0.25,116080,6320,407680
FINNIFTY02JAN2420400PE.NFO,02/01/2024,11:09:58,0.25,0.2,197320,0.25,105200,40,407680
FINNIFTY02JAN2420400PE.NFO,02/01/2024,11:10:08,0.25,0.2,210400,0.25,73680,78240,407680
FINNIFTY02JAN2420400PE.NFO,02/01/2024,11:10:17,0.25,0.2,202640,0.25,52080,0,407680
FINNIFTY02JAN2420400PE.NFO,02/01/2024,11:10:26,0.25,0.2,201160,0.25,44800,80,407680
FINNIFTY02JAN2420400PE.NFO,02/01/2024,11:10:35,0.25,0.2,207040,0.25,19520,44480,407680
FINNIFTY02JAN2420400PE.NFO,02/01/2024,11:10:44,0.25,0.2,206960,0.25,19520,0,407680
FINNIFTY02JAN2420400PE.NFO,02/01/2024,11:10:54,0.3,0.25,37760,0.3,91120,28000,407680
FINNIFTY02JAN2420400PE.NFO,02/01/2024,11:11:03,0.3,0.25,102240,0.3,109440,8680,407680
FINNIFTY02JAN2420400PE.NFO,02/01/2024,11:11:12,0.3,0.25,104200,0.3,80520,1920,407680
FINNIFTY02JAN2420400PE.NFO,02/01/2024,11:11:21,0.3,0.25,89960,0.3,87720,0,407680
FINNIFTY02JAN2420400PE.NFO,02/01/2024,11:11:48,0.3,0.25,99360,0.3,75200,12520,442760
FINNIFTY02JAN2420400PE.NFO,02/01/2024,11:12:07,0.3,0.25,96160,0.3,75800,0,442760
FINNIFTY02JAN2420400PE.NFO,02/01/2024,11:12:16,0.3,0.25,96160,0.3,75640,0,442760
FINNIFTY02JAN2420400PE.NFO,02/01/2024,11:12:25,0.3,0.25,96160,0.3,86600,0,442760
FINNIFTY02JAN2420400PE.NFO,02/01/2024,11:12:43,0.3,0.25,77760,0.3,89280,0,442760
FINNIFTY02JAN2420400PE.NFO,02/01/2024,11:12:52,0.3,0.25,81360,0.3,89280,0,442760
FINNIFTY02JAN2420400PE.NFO,02/01/2024,11:13:01,0.3,0.25,77760,0.3,70880,4960,442760
FINNIFTY02JAN2420400PE.NFO,02/01/2024,11:13:11,0.3,0.25,77760,0.3,48880,14480,442760
FINNIFTY02JAN2420400PE.NFO,02/01/2024,11:13:20,0.3,0.25,93240,0.3,42320,520,442760
FINNIFTY02JAN2420400PE.NFO,02/01/2024,11:13:30,0.3,0.25,84560,0.3,24680,80,442760
FINNIFTY02JAN2420400PE.NFO,02/01/2024,11:13:41,0.3,0.25,103320,0.3,27880,5720,442760
FINNIFTY02JAN2420400PE.NFO,02/01/2024,11:13:51,0.3,0.3,95480,0.35,69000,28320,442760
FINNIFTY02JAN2420400PE.NFO,02/01/2024,11:14:01,0.3,0.3,101520,0.35,107000,50280,442760
FINNIFTY02JAN2420400PE.NFO,02/01/2024,11:14:10,0.3,0.3,80800,0.35,113520,1320,442760
FINNIFTY02JAN2420400PE.NFO,02/01/2024,11:14:19,0.3,0.3,73280,0.35,113520,0,442760
FINNIFTY02JAN2420400PE.NFO,02/01/2024,11:14:29,0.3,0.3,59280,0.35,114520,7200,442760
FINNIFTY02JAN2420400PE.NFO,02/01/2024,11:14:47,0.3,0.3,59280,0.35,114520,0,442760
FINNIFTY02JAN2420400PE.NFO,02/01/2024,11:14:57,0.3,0.3,59280,0.35,114440,0,442760
FINNIFTY02JAN2420400PE.NFO,02/01/2024,11:15:07,0.3,0.3,37920,0.35,115840,1400,451720
FINNIFTY02JAN2420400PE.NFO,02/01/2024,11:15:17,0.3,0.3,60360,0.35,101440,80,451720
FINNIFTY02JAN2420400PE.NFO,02/01/2024,11:15:27,0.3,0.3,56720,0.35,101440,4160,451720
FINNIFTY02JAN2420400PE.NFO,02/01/2024,11:15:37,0.3,0.3,56680,0.35,100160,1320,451720
FINNIFTY02JAN2420400PE.NFO,02/01/2024,11:15:48,0.35,0.3,60200,0.35,30720,89360,451720
FINNIFTY02JAN2420400PE.NFO,02/01/2024,11:15:58,0.4,0.35,76840,0.4,95440,19600,451720
FINNIFTY02JAN2420400PE.NFO,02/01/2024,11:16:08,0.4,0.35,72640,0.4,84360,6520,451720
FINNIFTY02JAN2420400PE.NFO,02/01/2024,11:16:18,0.4,0.35,87920,0.4,96680,80,451720
FINNIFTY02JAN2420400PE.NFO,02/01/2024,11:16:27,0.35,0.35,87400,0.4,96680,520,451720
FINNIFTY02JAN2420400PE.NFO,02/01/2024,11:16:37,0.35,0.35,87440,0.4,96680,0,451720
FINNIFTY02JAN2420400PE.NFO,02/01/2024,11:16:46,0.35,0.35,51240,0.4,91200,50400,451720
FINNIFTY02JAN2420400PE.NFO,02/01/2024,11:16:56,0.4,0.35,55760,0.4,94360,24960,451720
FINNIFTY02JAN2420400PE.NFO,02/01/2024,11:17:05,0.4,0.35,55760,0.4,95240,920,451720
FINNIFTY02JAN2420400PE.NFO,02/01/2024,11:17:15,0.4,0.35,55760,0.4,99560,0,451720
FINNIFTY02JAN2420400PE.NFO,02/01/2024,11:17:24,0.4,0.35,55760,0.4,100520,0,451720
FINNIFTY02JAN2420400PE.NFO,02/01/2024,11:17:34,0.4,0.35,59760,0.4,100640,0,451720
FINNIFTY02JAN2420400PE.NFO,02/01/2024,11:17:43,0.35,0.35,65000,0.4,100600,200,451720
FINNIFTY02JAN2420400PE.NFO,02/01/2024,11:17:53,0.35,0.35,63920,0.4,102440,1160,479720
FINNIFTY02JAN2420400PE.NFO,02/01/2024,11:18:02,0.4,0.35,66000,0.4,101640,800,479720
FINNIFTY02JAN2420400PE.NFO,02/01/2024,11:18:11,0.4,0.35,55320,0.4,100200,520,479720
FINNIFTY02JAN2420400PE.NFO,02/01/2024,11:18:21,0.4,0.35,55320,0.4,101880,120,479720
FINNIFTY02JAN2420400PE.NFO,02/01/2024,11:18:30,0.35,0.35,44840,0.4,102080,6800,479720
FINNIFTY02JAN2420400PE.NFO,02/01/2024,11:18:40,0.35,0.35,40440,0.4,102080,400,479720
FINNIFTY02JAN2420400PE.NFO,02/01/2024,11:18:49,0.35,0.35,31480,0.4,102560,21640,479720
FINNIFTY02JAN2420400PE.NFO,02/01/2024,11:18:58,0.35,0.3,51600,0.35,100240,23560,479720
FINNIFTY02JAN2420400PE.NFO,02/01/2024,11:19:07,0.35,0.3,44240,0.35,102280,11720,479720
FINNIFTY02JAN2420400PE.NFO,02/01/2024,11:19:16,0.35,0.3,40880,0.35,102200,80,479720
FINNIFTY02JAN2420400PE.NFO,02/01/2024,11:19:25,0.35,0.3,42440,0.35,102160,40,479720
FINNIFTY02JAN2420400PE.NFO,02/01/2024,11:19:34,0.35,0.3,46000,0.35,109320,6200,479720
FINNIFTY02JAN2420400PE.NFO,02/01/2024,11:19:43,0.35,0.3,49400,0.35,110480,4840,479720
FINNIFTY02JAN2420400PE.NFO,02/01/2024,11:19:52,0.35,0.3,59440,0.35,99320,16440,479720
FINNIFTY02JAN2420400PE.NFO,02/01/2024,11:20:01,0.35,0.3,60760,0.35,111840,3040,479720
FINNIFTY02JAN2420400PE.NFO,02/01/2024,11:20:10,0.35,0.3,60760,0.35,112880,800,479720
FINNIFTY02JAN2420400PE.NFO,02/01/2024,11:20:19,0.35,0.3,49160,0.35,111760,2240,479720
FINNIFTY02JAN2420400PE.NFO,02/01/2024,11:20:37,0.35,0.3,49160,0.35,107760,4000,479720
FINNIFTY02JAN2420400PE.NFO,02/01/2024,11:20:46,0.35,0.3,49160,0.35,108800,2560,486160
FINNIFTY02JAN2420400PE.NFO,02/01/2024,11:20:56,0.35,0.3,49160,0.35,108480,320,486160
FINNIFTY02JAN2420400PE.NFO,02/01/2024,11:21:05,0.35,0.3,47960,0.35,115320,1280,486160
FINNIFTY02JAN2420400PE.NFO,02/01/2024,11:21:15,0.35,0.3,47960,0.35,115400,0,486160
FINNIFTY02JAN2420400PE.NFO,02/01/2024,11:21:24,0.35,0.3,47960,0.35,114160,1760,486160
FINNIFTY02JAN2420400PE.NFO,02/01/2024,11:21:34,0.35,0.3,73520,0.35,117160,480,486160
FINNIFTY02JAN2420400PE.NFO,02/01/2024,11:21:43,0.35,0.3,73520,0.35,117080,0,486160
FINNIFTY02JAN2420400PE.NFO,02/01/2024,11:21:52,0.3,0.3,56840,0.35,115280,2280,486160
FINNIFTY02JAN2420400PE.NFO,02/01/2024,11:22:02,0.3,0.3,59040,0.35,114840,40,486160
FINNIFTY02JAN2420400PE.NFO,02/01/2024,11:22:11,0.3,0.3,63040,0.35,114840,640,486160
FINNIFTY02JAN2420400PE.NFO,02/01/2024,11:22:21,0.3,0.3,60040,0.35,114800,360,486160
FINNIFTY02JAN2420400PE.NFO,02/01/2024,11:22:30,0.35,0.3,60960,0.35,113000,1800,486160
FINNIFTY02JAN2420400PE.NFO,02/01/2024,11:22:40,0.35,0.3,60960,0.35,112880,120,486160
FINNIFTY02JAN2420400PE.NFO,02/01/2024,11:22:50,0.35,0.3,64720,0.35,112320,2400,486160
FINNIFTY02JAN2420400PE.NFO,02/01/2024,11:23:00,0.35,0.3,64280,0.35,113120,440,486160
FINNIFTY02JAN2420400PE.NFO,02/01/2024,11:23:09,0.3,0.3,63400,0.35,113520,400,486160
FINNIFTY02JAN2420400PE.NFO,02/01/2024,11:23:18,0.35,0.3,63400,0.35,112280,1240,486160
FINNIFTY02JAN2420400PE.NFO,02/01/2024,11:23:27,0.3,0.3,63320,0.35,112320,80,486160
FINNIFTY02JAN2420400PE.NFO,02/01/2024,11:23:36,0.3,0.3,63240,0.35,112520,80,486160
FINNIFTY02JAN2420400PE.NFO,02/01/2024,11:23:54,0.3,0.3,63200,0.35,112360,240,486840
FINNIFTY02JAN2420400PE.NFO,02/01/2024,11:24:04,0.3,0.3,63680,0.35,112360,0,486840
FINNIFTY02JAN2420400PE.NFO,02/01/2024,11:24:13,0.35,0.3,65480,0.35,111280,1400,486840
FINNIFTY02JAN2420400PE.NFO,02/01/2024,11:24:22,0.35,0.3,63480,0.35,111400,280,486840
FINNIFTY02JAN2420400PE.NFO,02/01/2024,11:24:31,0.35,0.3,63480,0.35,109600,4800,486840
FINNIFTY02JAN2420400PE.NFO,02/01/2024,11:24:40,0.35,0.3,62800,0.35,109520,80,486840
FINNIFTY02JAN2420400PE.NFO,02/01/2024,11:24:49,0.3,0.3,63400,0.35,106760,4160,486840
FINNIFTY02JAN2420400PE.NFO,02/01/2024,11:24:58,0.3,0.3,61080,0.35,108160,320,486840
FINNIFTY02JAN2420400PE.NFO,02/01/2024,11:25:08,0.3,0.3,62600,0.35,108360,40,486840
FINNIFTY02JAN2420400PE.NFO,02/01/2024,11:25:17,0.3,0.3,50200,0.35,109120,3160,486840
FINNIFTY02JAN2420400PE.NFO,02/01/2024,11:25:26,0.3,0.3,57160,0.35,105720,1800,486840
FINNIFTY02JAN2420400PE.NFO,02/01/2024,11:25:45,0.3,0.3,56600,0.35,104520,1800,486840
FINNIFTY02JAN2420400PE.NFO,02/01/2024,11:25:54,0.3,0.3,61720,0.35,105120,240,486840
FINNIFTY02JAN2420400PE.NFO,02/01/2024,11:26:04,0.3,0.3,61960,0.35,105120,200,486840
FINNIFTY02JAN2420400PE.NFO,02/01/2024,11:26:13,0.3,0.3,61080,0.35,105120,1040,486840
FINNIFTY02JAN2420400PE.NFO,02/01/2024,11:26:22,0.3,0.3,61120,0.35,105560,720,486840
FINNIFTY02JAN2420400PE.NFO,02/01/2024,11:26:31,0.3,0.3,61240,0.35,102800,200,486840
FINNIFTY02JAN2420400PE.NFO,02/01/2024,11:26:41,0.3,0.3,67840,0.35,102800,280,486840
FINNIFTY02JAN2420400PE.NFO,02/01/2024,11:26:50,0.3,0.3,66080,0.35,104600,0,486840
FINNIFTY02JAN2420400PE.NFO,02/01/2024,11:26:59,0.3,0.3,65480,0.35,104600,600,490040
FINNIFTY02JAN2420400PE.NFO,02/01/2024,11:27:08,0.3,0.3,66120,0.35,104600,200,490040
FINNIFTY02JAN2420400PE.NFO,02/01/2024,11:27:18,0.3,0.3,66080,0.35,104600,0,490040
FINNIFTY02JAN2420400PE.NFO,02/01/2024,11:27:27,0.3,0.3,65960,0.35,104600,0,490040
FINNIFTY02JAN2420400PE.NFO,02/01/2024,11:27:36,0.3,0.3,65560,0.35,104600,440,490040
FINNIFTY02JAN2420400PE.NFO,02/01/2024,11:27:45,0.3,0.3,54640,0.35,106400,600,490040
FINNIFTY02JAN2420400PE.NFO,02/01/2024,11:27:55,0.3,0.3,65080,0.35,106400,0,490040
FINNIFTY02JAN2420400PE.NFO,02/01/2024,11:28:04,0.3,0.3,66080,0.35,106400,0,490040
FINNIFTY02JAN2420400PE.NFO,02/01/2024,11:28:13,0.3,0.3,66800,0.35,106400,0,490040
FINNIFTY02JAN2420400PE.NFO,02/01/2024,11:28:22,0.3,0.3,66160,0.35,106400,600,490040
FINNIFTY02JAN2420400PE.NFO,02/01/2024,11:28:31,0.3,0.3,66840,0.35,106400,0,490040
FINNIFTY02JAN2420400PE.NFO,02/01/2024,11:28:40,0.3,0.3,66680,0.35,106400,40,490040
FINNIFTY02JAN2420400PE.NFO,02/01/2024,11:28:49,0.3,0.3,66560,0.35,106400,0,490040
FINNIFTY02JAN2420400PE.NFO,02/01/2024,11:28:58,0.3,0.3,66520,0.35,106400,0,490040
FINNIFTY02JAN2420400PE.NFO,02/01/2024,11:29:07,0.3,0.3,67400,0.35,102800,3760,490040
FINNIFTY02JAN2420400PE.NFO,02/01/2024,11:29:16,0.35,0.3,67040,0.35,102720,80,490040
FINNIFTY02JAN2420400PE.NFO,02/01/2024,11:29:26,0.35,0.3,44160,0.35,102040,27160,490040
FINNIFTY02JAN2420400PE.NFO,02/01/2024,11:29:35,0.35,0.3,43840,0.35,101560,480,490040
FINNIFTY02JAN2420400PE.NFO,02/01/2024,11:29:44,0.3,0.3,30080,0.35,101280,400,490040
FINNIFTY02JAN2420400PE.NFO,02/01/2024,11:30:02,0.3,0.3,33040,0.35,92120,9240,492040
FINNIFTY02JAN2420400PE.NFO,02/01/2024,11:30:11,0.3,0.3,33960,0.35,92120,0,492040
FINNIFTY02JAN2420400PE.NFO,02/01/2024,11:30:29,0.3,0.3,34000,0.35,92120,0,492040
FINNIFTY02JAN2420400PE.NFO,02/01/2024,11:30:38,0.35,0.3,34440,0.35,92040,1280,492040
FINNIFTY02JAN2420400PE.NFO,02/01/2024,11:30:47,0.35,0.3,34440,0.35,92080,0,492040
FINNIFTY02JAN2420400PE.NFO,02/01/2024,11:30:55,0.35,0.3,37200,0.35,90760,3600,492040
FINNIFTY02JAN2420400PE.NFO,02/01/2024,11:31:05,0.35,0.3,33880,0.35,88400,2680,492040
FINNIFTY02JAN2420400PE.NFO,02/01/2024,11:31:14,0.35,0.3,33920,0.35,86080,3040,492040
FINNIFTY02JAN2420400PE.NFO,02/01/2024,11:31:23,0.35,0.3,33920,0.35,86080,0,492040
FINNIFTY02JAN2420400PE.NFO,02/01/2024,11:31:32,0.35,0.3,33920,0.35,87800,80,492040
FINNIFTY02JAN2420400PE.NFO,02/01/2024,11:31:41,0.3,0.3,33720,0.35,87800,200,492040
FINNIFTY02JAN2420400PE.NFO,02/01/2024,11:31:50,0.3,0.3,33720,0.35,87800,0,492040
FINNIFTY02JAN2420400PE.NFO,02/01/2024,11:31:59,0.3,0.3,32680,0.35,87800,1040,492040
FINNIFTY02JAN2420400PE.NFO,02/01/2024,11:32:08,0.3,0.3,23160,0.35,87800,2320,492040
FINNIFTY02JAN2420400PE.NFO,02/01/2024,11:32:27,0.3,0.3,30080,0.35,85960,600,492040
FINNIFTY02JAN2420400PE.NFO,02/01/2024,11:32:36,0.3,0.3,22680,0.35,85960,200,492040
FINNIFTY02JAN2420400PE.NFO,02/01/2024,11:32:45,0.35,0.3,32040,0.35,83400,5400,492040
FINNIFTY02JAN2420400PE.NFO,02/01/2024,11:32:54,0.35,0.3,32040,0.35,83280,1800,492040
FINNIFTY02JAN2420400PE.NFO,02/01/2024,11:33:03,0.35,0.3,32000,0.35,82200,1240,495800
FINNIFTY02JAN2420400PE.NFO,02/01/2024,11:33:12,0.35,0.3,32000,0.35,81640,1200,495800
FINNIFTY02JAN2420400PE.NFO,02/01/2024,11:33:20,0.3,0.3,31720,0.35,81640,280,495800
FINNIFTY02JAN2420400PE.NFO,02/01/2024,11:33:30,0.3,0.3,31520,0.35,81640,200,495800
FINNIFTY02JAN2420400PE.NFO,02/01/2024,11:33:39,0.3,0.3,22680,0.35,81640,1880,495800
FINNIFTY02JAN2420400PE.NFO,02/01/2024,11:33:47,0.3,0.3,22480,0.35,81640,200,495800
FINNIFTY02JAN2420400PE.NFO,02/01/2024,11:34:05,0.3,0.3,22200,0.35,81640,280,495800
FINNIFTY02JAN2420400PE.NFO,02/01/2024,11:34:23,0.3,0.3,23440,0.35,81640,680,495800
FINNIFTY02JAN2420400PE.NFO,02/01/2024,11:34:32,0.3,0.3,24160,0.35,81640,720,495800
FINNIFTY02JAN2420400PE.NFO,02/01/2024,11:34:42,0.3,0.3,23880,0.35,81640,280,495800
FINNIFTY02JAN2420400PE.NFO,02/01/2024,11:35:08,0.3,0.3,31840,0.35,81640,80,495800
FINNIFTY02JAN2420400PE.NFO,02/01/2024,11:35:18,0.3,0.3,24360,0.35,81640,160,495800
FINNIFTY02JAN2420400PE.NFO,02/01/2024,11:35:27,0.3,0.3,32280,0.35,81640,720,495800
FINNIFTY02JAN2420400PE.NFO,02/01/2024,11:35:36,0.3,0.3,32080,0.35,81640,280,495800
FINNIFTY02JAN2420400PE.NFO,02/01/2024,11:35:45,0.3,0.3,32120,0.35,81640,0,495800
FINNIFTY02JAN2420400PE.NFO,02/01/2024,11:35:53,0.3,0.3,31920,0.35,81600,200,500000
FINNIFTY02JAN2420400PE.NFO,02/01/2024,11:36:02,0.3,0.3,29360,0.35,81560,11480,500000
FINNIFTY02JAN2420400PE.NFO,02/01/2024,11:36:11,0.3,0.25,59080,0.3,59000,23440,500000
FINNIFTY02JAN2420400PE.NFO,02/01/2024,11:36:21,0.3,0.25,55480,0.3,58920,80,500000
FINNIFTY02JAN2420400PE.NFO,02/01/2024,11:36:30,0.3,0.25,56000,0.3,59520,3000,500000
FINNIFTY02JAN2420400PE.NFO,02/01/2024,11:36:49,0.25,0.25,45480,0.3,66720,160,500000
FINNIFTY02JAN2420400PE.NFO,02/01/2024,11:37:08,0.3,0.25,54640,0.3,77440,4280,500000
FINNIFTY02JAN2420400PE.NFO,02/01/2024,11:37:17,0.3,0.25,54560,0.3,77360,320,500000
FINNIFTY02JAN2420400PE.NFO,02/01/2024,11:37:27,0.3,0.25,54520,0.3,77200,160,500000
FINNIFTY02JAN2420400PE.NFO,02/01/2024,11:37:36,0.25,0.25,40120,0.3,77200,960,500000
FINNIFTY02JAN2420400PE.NFO,02/01/2024,11:37:45,0.25,0.25,37320,0.3,77200,0,500000
FINNIFTY02JAN2420400PE.NFO,02/01/2024,11:38:04,0.25,0.25,35760,0.3,69560,2000,500000
FINNIFTY02JAN2420400PE.NFO,02/01/2024,11:38:14,0.3,0.25,35000,0.3,69560,2560,500000
FINNIFTY02JAN2420400PE.NFO,02/01/2024,11:38:24,0.3,0.25,34880,0.3,69440,120,500000
FINNIFTY02JAN2420400PE.NFO,02/01/2024,11:38:33,0.3,0.25,34920,0.3,75720,80,500000
FINNIFTY02JAN2420400PE.NFO,02/01/2024,11:38:43,0.3,0.25,34920,0.3,72120,0,500000
FINNIFTY02JAN2420400PE.NFO,02/01/2024,11:38:53,0.3,0.25,34920,0.3,79240,80,499000
FINNIFTY02JAN2420400PE.NFO,02/01/2024,11:39:02,0.25,0.25,34880,0.3,79520,40,499000
FINNIFTY02JAN2420400PE.NFO,02/01/2024,11:39:11,0.25,0.25,34440,0.3,79680,440,499000
FINNIFTY02JAN2420400PE.NFO,02/01/2024,11:39:21,0.25,0.25,29160,0.3,86440,440,499000
FINNIFTY02JAN2420400PE.NFO,02/01/2024,11:39:29,0.25,0.25,37720,0.3,88240,0,499000
FINNIFTY02JAN2420400PE.NFO,02/01/2024,11:39:39,0.3,0.25,35360,0.3,93280,3600,499000
FINNIFTY02JAN2420400PE.NFO,02/01/2024,11:39:48,0.3,0.25,37040,0.3,95240,0,499000
FINNIFTY02JAN2420400PE.NFO,02/01/2024,11:40:07,0.3,0.25,37240,0.3,95440,1560,499000
FINNIFTY02JAN2420400PE.NFO,02/01/2024,11:40:16,0.3,0.25,37240,0.3,95320,120,499000
FINNIFTY02JAN2420400PE.NFO,02/01/2024,11:41:10,0.3,0.25,37360,0.3,98000,3160,499000
FINNIFTY02JAN2420400PE.NFO,02/01/2024,11:41:19,0.3,0.25,39160,0.3,95640,0,499000
FINNIFTY02JAN2420400PE.NFO,02/01/2024,11:41:29,0.3,0.25,43800,0.3,96160,0,499000
FINNIFTY02JAN2420400PE.NFO,02/01/2024,11:41:39,0.3,0.25,40960,0.3,96000,0,499000
FINNIFTY02JAN2420400PE.NFO,02/01/2024,11:41:49,0.3,0.25,40400,0.3,104480,3280,499000
FINNIFTY02JAN2420400PE.NFO,02/01/2024,11:41:59,0.3,0.25,21640,0.3,91320,20640,495400
FINNIFTY02JAN2420400PE.NFO,02/01/2024,11:42:09,0.25,0.25,17480,0.3,91240,240,495400
FINNIFTY02JAN2420400PE.NFO,02/01/2024,11:42:19,0.25,0.25,16880,0.3,91360,800,495400
FINNIFTY02JAN2420400PE.NFO,02/01/2024,11:42:29,0.25,0.25,28080,0.3,92040,1520,495400
FINNIFTY02JAN2420400PE.NFO,02/01/2024,11:42:38,0.25,0.25,29240,0.3,91480,6240,495400
FINNIFTY02JAN2420400PE.NFO,02/01/2024,11:43:06,0.3,0.25,29320,0.3,89200,1840,495400
FINNIFTY02JAN2420400PE.NFO,02/01/2024,11:43:15,0.3,0.25,29240,0.3,88880,320,495400
FINNIFTY02JAN2420400PE.NFO,02/01/2024,11:43:24,0.3,0.25,29240,0.3,88360,520,495400
FINNIFTY02JAN2420400PE.NFO,02/01/2024,11:43:34,0.3,0.25,29360,0.3,89040,200,495400
FINNIFTY02JAN2420400PE.NFO,02/01/2024,11:43:43,0.3,0.25,41400,0.3,88960,1880,495400
FINNIFTY02JAN2420400PE.NFO,02/01/2024,11:43:53,0.3,0.25,41400,0.3,87960,1000,495400
FINNIFTY02JAN2420400PE.NFO,02/01/2024,11:44:03,0.3,0.25,50400,0.3,74360,22360,495400
FINNIFTY02JAN2420400PE.NFO,02/01/2024,11:44:12,0.3,0.25,48600,0.3,73960,480,495400
FINNIFTY02JAN2420400PE.NFO,02/01/2024,11:44:31,0.3,0.25,48600,0.3,73960,0,495400
FINNIFTY02JAN2420400PE.NFO,02/01/2024,11:44:40,0.25,0.25,56120,0.3,62440,27360,495400
FINNIFTY02JAN2420400PE.NFO,02/01/2024,11:44:49,0.25,0.25,56880,0.3,54640,11640,495400
FINNIFTY02JAN2420400PE.NFO,02/01/2024,11:44:58,0.25,0.25,56760,0.3,54640,120,494440
FINNIFTY02JAN2420400PE.NFO,02/01/2024,11:45:07,0.3,0.25,60040,0.3,51880,1600,494440
FINNIFTY02JAN2420400PE.NFO,02/01/2024,11:45:16,0.25,0.25,61000,0.3,51880,760,494440
FINNIFTY02JAN2420400PE.NFO,02/01/2024,11:45:25,0.25,0.25,61000,0.3,51840,160,494440
FINNIFTY02JAN2420400PE.NFO,02/01/2024,11:45:36,0.3,0.25,60920,0.3,50880,1280,494440
FINNIFTY02JAN2420400PE.NFO,02/01/2024,11:45:45,0.25,0.25,59560,0.3,59560,5200,494440
FINNIFTY02JAN2420400PE.NFO,02/01/2024,11:45:54,0.25,0.25,59520,0.3,60360,3800,494440
FINNIFTY02JAN2420400PE.NFO,02/01/2024,11:46:04,0.3,0.25,53400,0.3,58960,4840,494440
FINNIFTY02JAN2420400PE.NFO,02/01/2024,11:46:13,0.25,0.25,53960,0.3,65200,1920,494440
FINNIFTY02JAN2420400PE.NFO,02/01/2024,11:46:22,0.25,0.25,53120,0.3,65200,840,494440
FINNIFTY02JAN2420400PE.NFO,02/01/2024,11:46:32,0.25,0.25,52880,0.3,65200,240,494440
FINNIFTY02JAN2420400PE.NFO,02/01/2024,11:46:41,0.25,0.25,52640,0.3,65200,240,494440
FINNIFTY02JAN2420400PE.NFO,02/01/2024,11:46:50,0.25,0.25,54040,0.3,65200,400,494440
FINNIFTY02JAN2420400PE.NFO,02/01/2024,11:47:00,0.3,0.25,54040,0.3,65080,120,494440
FINNIFTY02JAN2420400PE.NFO,02/01/2024,11:47:08,0.3,0.25,54040,0.3,63920,800,494440
FINNIFTY02JAN2420400PE.NFO,02/01/2024,11:47:17,0.3,0.25,54040,0.3,63880,40,494440
FINNIFTY02JAN2420400PE.NFO,02/01/2024,11:47:59,0.25,0.25,46080,0.3,50000,280,506400
FINNIFTY02JAN2420400PE.NFO,02/01/2024,11:48:44,0.25,0.25,45920,0.3,50160,160,506400
FINNIFTY02JAN2420400PE.NFO,02/01/2024,11:49:01,0.3,0.25,45920,0.3,50040,120,506400
FINNIFTY02JAN2420400PE.NFO,02/01/2024,11:49:09,0.3,0.25,45920,0.3,46440,4960,506400
FINNIFTY02JAN2420400PE.NFO,02/01/2024,11:49:18,0.3,0.25,45920,0.3,46880,240,506400
FINNIFTY02JAN2420400PE.NFO,02/01/2024,11:49:27,0.3,0.25,45760,0.3,46520,240,506400
FINNIFTY02JAN2420400PE.NFO,02/01/2024,11:49:44,0.3,0.25,45760,0.3,46800,0,506400
FINNIFTY02JAN2420400PE.NFO,02/01/2024,11:49:53,0.3,0.25,45760,0.3,46760,0,506400
FINNIFTY02JAN2420400PE.NFO,02/01/2024,11:50:02,0.25,0.25,45480,0.3,46320,280,506400
FINNIFTY02JAN2420400PE.NFO,02/01/2024,11:50:11,0.25,0.25,40760,0.3,47200,1320,506400
FINNIFTY02JAN2420400PE.NFO,02/01/2024,11:50:21,0.25,0.25,40520,0.3,46960,240,506400
FINNIFTY02JAN2420400PE.NFO,02/01/2024,11:51:05,0.25,0.25,45880,0.3,46200,2480,509920
FINNIFTY02JAN2420400PE.NFO,02/01/2024,11:51:14,0.25,0.25,37840,0.3,46200,2080,509920
FINNIFTY02JAN2420400PE.NFO,02/01/2024,11:51:23,0.25,0.25,46520,0.3,46200,40,509920
FINNIFTY02JAN2420400PE.NFO,02/01/2024,11:51:32,0.25,0.25,46520,0.3,46200,0,509920
FINNIFTY02JAN2420400PE.NFO,02/01/2024,11:51:41,0.25,0.25,47000,0.3,46200,0,509920
FINNIFTY02JAN2420400PE.NFO,02/01/2024,11:51:59,0.25,0.25,46920,0.3,46200,0,509920
FINNIFTY02JAN2420400PE.NFO,02/01/2024,11:52:09,0.25,0.25,47360,0.3,46200,520,509920
FINNIFTY02JAN2420400PE.NFO,02/01/2024,11:52:18,0.25,0.25,46840,0.3,45440,200,509920
FINNIFTY02JAN2420400PE.NFO,02/01/2024,11:52:26,0.25,0.25,47880,0.3,45360,880,509920
FINNIFTY02JAN2420400PE.NFO,02/01/2024,11:52:36,0.25,0.25,48920,0.3,45360,800,509920
FINNIFTY02JAN2420400PE.NFO,02/01/2024,11:52:45,0.3,0.25,48920,0.3,45840,400,509920
FINNIFTY02JAN2420400PE.NFO,02/01/2024,11:52:54,0.3,0.25,48920,0.3,45760,80,509920
FINNIFTY02JAN2420400PE.NFO,02/01/2024,11:53:03,0.3,0.25,48920,0.3,46160,960,509920
FINNIFTY02JAN2420400PE.NFO,02/01/2024,11:53:12,0.3,0.25,48920,0.3,46600,200,509920
FINNIFTY02JAN2420400PE.NFO,02/01/2024,11:53:21,0.3,0.25,48920,0.3,46560,0,509920
FINNIFTY02JAN2420400PE.NFO,02/01/2024,11:53:30,0.3,0.25,48920,0.3,45720,0,509920
FINNIFTY02JAN2420400PE.NFO,02/01/2024,11:53:39,0.3,0.25,48920,0.3,45280,400,509920
FINNIFTY02JAN2420400PE.NFO,02/01/2024,11:53:48,0.3,0.25,48920,0.3,45320,0,509920
FINNIFTY02JAN2420400PE.NFO,02/01/2024,11:53:56,0.3,0.25,48920,0.3,44240,0,509920
FINNIFTY02JAN2420400PE.NFO,02/01/2024,11:54:05,0.3,0.25,48920,0.3,45800,0,509920
FINNIFTY02JAN2420400PE.NFO,02/01/2024,11:54:14,0.3,0.25,48920,0.3,46000,0,509920
FINNIFTY02JAN2420400PE.NFO,02/01/2024,11:54:32,0.3,0.25,48920,0.3,45280,0,509920
FINNIFTY02JAN2420400PE.NFO,02/01/2024,11:54:41,0.3,0.25,48920,0.3,46040,0,509920
FINNIFTY02JAN2420400PE.NFO,02/01/2024,11:54:50,0.3,0.25,49120,0.3,46040,0,509920
FINNIFTY02JAN2420400PE.NFO,02/01/2024,11:55:07,0.3,0.25,49120,0.3,43360,1360,508760
FINNIFTY02JAN2420400PE.NFO,02/01/2024,11:55:16,0.3,0.25,67120,0.3,45040,40,508760
FINNIFTY02JAN2420400PE.NFO,02/01/2024,11:55:25,0.3,0.25,49120,0.3,44920,0,508760
FINNIFTY02JAN2420400PE.NFO,02/01/2024,11:55:34,0.3,0.25,49120,0.3,45040,0,508760
FINNIFTY02JAN2420400PE.NFO,02/01/2024,11:55:43,0.3,0.25,49120,0.3,45000,0,508760
FINNIFTY02JAN2420400PE.NFO,02/01/2024,11:55:52,0.3,0.25,49120,0.3,45040,0,508760
FINNIFTY02JAN2420400PE.NFO,02/01/2024,11:56:01,0.25,0.25,48920,0.3,44880,200,508760
FINNIFTY02JAN2420400PE.NFO,02/01/2024,11:56:09,0.25,0.25,40320,0.3,45440,760,508760
FINNIFTY02JAN2420400PE.NFO,02/01/2024,11:56:18,0.25,0.25,54120,0.3,45080,960,508760
FINNIFTY02JAN2420400PE.NFO,02/01/2024,11:56:26,0.25,0.25,46120,0.3,44960,160,508760
FINNIFTY02JAN2420400PE.NFO,02/01/2024,11:56:34,0.25,0.25,54920,0.3,44960,0,508760
FINNIFTY02JAN2420400PE.NFO,02/01/2024,11:57:00,0.25,0.25,54920,0.3,44360,0,508760
FINNIFTY02JAN2420400PE.NFO,02/01/2024,11:57:09,0.3,0.25,55000,0.3,38960,2480,508280
FINNIFTY02JAN2420400PE.NFO,02/01/2024,11:57:18,0.3,0.25,54960,0.3,38920,40,508280
FINNIFTY02JAN2420400PE.NFO,02/01/2024,11:57:26,0.3,0.25,54920,0.3,38880,40,508280
FINNIFTY02JAN2420400PE.NFO,02/01/2024,11:57:35,0.25,0.25,54720,0.3,38880,160,508280
FINNIFTY02JAN2420400PE.NFO,02/01/2024,11:57:44,0.25,0.25,54760,0.3,38000,0,508280
FINNIFTY02JAN2420400PE.NFO,02/01/2024,11:58:01,0.3,0.25,54760,0.3,37800,200,508280
FINNIFTY02JAN2420400PE.NFO,02/01/2024,11:58:10,0.3,0.25,54840,0.3,34080,2000,508280
FINNIFTY02JAN2420400PE.NFO,02/01/2024,11:58:19,0.3,0.25,54720,0.3,33640,40,508280
FINNIFTY02JAN2420400PE.NFO,02/01/2024,11:58:28,0.25,0.25,57120,0.3,33520,480,508280
FINNIFTY02JAN2420400PE.NFO,02/01/2024,11:58:54,0.25,0.25,55320,0.3,34520,0,508280
FINNIFTY02JAN2420400PE.NFO,02/01/2024,11:59:03,0.3,0.25,55320,0.3,34160,280,508280
FINNIFTY02JAN2420400PE.NFO,02/01/2024,11:59:12,0.3,0.25,55320,0.3,33560,600,508280
FINNIFTY02JAN2420400PE.NFO,02/01/2024,11:59:20,0.25,0.25,54720,0.3,33520,640,508280
FINNIFTY02JAN2420400PE.NFO,02/01/2024,11:59:29,0.25,0.25,53600,0.3,37680,5680,508280
FINNIFTY02JAN2420400PE.NFO,02/01/2024,11:59:54,0.25,0.25,53920,0.3,37720,1440,510800
FINNIFTY02JAN2420400PE.NFO,02/01/2024,12:00:03,0.25,0.25,44200,0.3,37720,920,510800
FINNIFTY02JAN2420400PE.NFO,02/01/2024,12:00:12,0.25,0.25,53000,0.3,36920,1040,510800
FINNIFTY02JAN2420400PE.NFO,02/01/2024,12:00:21,0.25,0.25,53080,0.3,36920,0,510800
FINNIFTY02JAN2420400PE.NFO,02/01/2024,12:00:30,0.25,0.25,52480,0.3,36480,1040,510800
FINNIFTY02JAN2420400PE.NFO,02/01/2024,12:00:39,0.3,0.25,52960,0.3,34360,3800,510800
FINNIFTY02JAN2420400PE.NFO,02/01/2024,12:00:48,0.3,0.25,52880,0.3,37040,920,510800
FINNIFTY02JAN2420400PE.NFO,02/01/2024,12:00:57,0.3,0.25,52600,0.3,36920,360,510800
FINNIFTY02JAN2420400PE.NFO,02/01/2024,12:01:06,0.3,0.25,52640,0.3,42520,18840,510800
FINNIFTY02JAN2420400PE.NFO,02/01/2024,12:01:16,0.3,0.25,52640,0.3,40360,2200,510800
FINNIFTY02JAN2420400PE.NFO,02/01/2024,12:01:51,0.3,0.25,52640,0.3,40560,0,510800
FINNIFTY02JAN2420400PE.NFO,02/01/2024,12:02:00,0.25,0.25,51880,0.3,40560,760,510800
FINNIFTY02JAN2420400PE.NFO,02/01/2024,12:02:09,0.3,0.25,72080,0.3,54560,1280,510800
FINNIFTY02JAN2420400PE.NFO,02/01/2024,12:02:18,0.3,0.25,73880,0.3,53280,640,510800
FINNIFTY02JAN2420400PE.NFO,02/01/2024,12:02:35,0.3,0.25,73880,0.3,53280,0,510800
FINNIFTY02JAN2420400PE.NFO,02/01/2024,12:02:53,0.3,0.25,73880,0.3,53240,40,510800
FINNIFTY02JAN2420400PE.NFO,02/01/2024,12:03:19,0.25,0.25,73680,0.3,53240,200,522840
FINNIFTY02JAN2420400PE.NFO,02/01/2024,12:03:28,0.3,0.25,73680,0.3,52520,720,522840
FINNIFTY02JAN2420400PE.NFO,02/01/2024,12:04:04,0.3,0.25,71760,0.3,51880,760,522840
FINNIFTY02JAN2420400PE.NFO,02/01/2024,12:04:12,0.3,0.25,71760,0.3,51720,160,522840
FINNIFTY02JAN2420400PE.NFO,02/01/2024,12:04:22,0.3,0.25,71760,0.3,51560,0,522840
FINNIFTY02JAN2420400PE.NFO,02/01/2024,12:04:31,0.3,0.25,71760,0.3,51320,0,522840
FINNIFTY02JAN2420400PE.NFO,02/01/2024,12:04:49,0.25,0.25,72480,0.3,52200,240,522840
FINNIFTY02JAN2420400PE.NFO,02/01/2024,12:05:07,0.3,0.25,72520,0.3,50680,1400,522840
FINNIFTY02JAN2420400PE.NFO,02/01/2024,12:05:16,0.3,0.25,72520,0.3,50680,0,522840
FINNIFTY02JAN2420400PE.NFO,02/01/2024,12:05:25,0.3,0.25,72520,0.3,50640,40,522840
FINNIFTY02JAN2420400PE.NFO,02/01/2024,12:05:34,0.3,0.25,72480,0.3,50640,0,522840
FINNIFTY02JAN2420400PE.NFO,02/01/2024,12:05:43,0.3,0.25,72480,0.3,50600,40,522840
FINNIFTY02JAN2420400PE.NFO,02/01/2024,12:06:00,0.3,0.25,72480,0.3,50560,40,523320
FINNIFTY02JAN2420400PE.NFO,02/01/2024,12:06:09,0.3,0.25,72480,0.3,49480,1080,523320
FINNIFTY02JAN2420400PE.NFO,02/01/2024,12:06:18,0.3,0.25,72480,0.3,49880,80,523320
FINNIFTY02JAN2420400PE.NFO,02/01/2024,12:06:27,0.3,0.25,72480,0.3,49800,80,523320
FINNIFTY02JAN2420400PE.NFO,02/01/2024,12:06:52,0.25,0.25,72320,0.3,49800,160,523320
FINNIFTY02JAN2420400PE.NFO,02/01/2024,12:07:09,0.3,0.25,72480,0.3,51520,1880,523320
FINNIFTY02JAN2420400PE.NFO,02/01/2024,12:07:18,0.3,0.25,72440,0.3,51480,40,523320
FINNIFTY02JAN2420400PE.NFO,02/01/2024,12:07:26,0.3,0.25,72320,0.3,51240,240,523320
FINNIFTY02JAN2420400PE.NFO,02/01/2024,12:08:02,0.3,0.25,72320,0.3,51360,0,523320
FINNIFTY02JAN2420400PE.NFO,02/01/2024,12:08:10,0.3,0.25,72320,0.3,52120,1080,523320
FINNIFTY02JAN2420400PE.NFO,02/01/2024,12:09:10,0.3,0.25,72320,0.3,52160,0,523320
FINNIFTY02JAN2420400PE.NFO,02/01/2024,12:09:27,0.3,0.25,72320,0.3,52360,0,523320
FINNIFTY02JAN2420400PE.NFO,02/01/2024,12:09:36,0.3,0.25,72320,0.3,52160,0,523320
FINNIFTY02JAN2420400PE.NFO,02/01/2024,12:09:53,0.3,0.25,72320,0.3,51920,240,522800
FINNIFTY02JAN2420400PE.NFO,02/01/2024,12:10:02,0.3,0.25,72320,0.3,51880,40,522800
FINNIFTY02JAN2420400PE.NFO,02/01/2024,12:10:20,0.3,0.25,72320,0.3,51400,40,522800
FINNIFTY02JAN2420400PE.NFO,02/01/2024,12:11:06,0.3,0.25,79640,0.3,57560,4800,522800
FINNIFTY02JAN2420400PE.NFO,02/01/2024,12:11:15,0.3,0.25,79640,0.3,57000,840,522800
FINNIFTY02JAN2420400PE.NFO,02/01/2024,12:11:24,0.3,0.25,79640,0.3,56960,0,522800
FINNIFTY02JAN2420400PE.NFO,02/01/2024,12:11:33,0.3,0.25,79640,0.3,57000,0,522800
FINNIFTY02JAN2420400PE.NFO,02/01/2024,12:12:09,0.25,0.25,79320,0.3,57520,320,523800
FINNIFTY02JAN2420400PE.NFO,02/01/2024,12:12:18,0.25,0.25,79280,0.3,57440,40,523800
FINNIFTY02JAN2420400PE.NFO,02/01/2024,12:12:27,0.25,0.25,79200,0.3,57440,80,523800
FINNIFTY02JAN2420400PE.NFO,02/01/2024,12:12:45,0.25,0.25,73760,0.3,57440,440,523800
FINNIFTY02JAN2420400PE.NFO,02/01/2024,12:13:02,0.25,0.25,75480,0.3,58200,720,523800
FINNIFTY02JAN2420400PE.NFO,02/01/2024,12:13:11,0.25,0.25,77200,0.3,56800,3800,523800
FINNIFTY02JAN2420400PE.NFO,02/01/2024,12:13:19,0.25,0.25,77240,0.3,56400,1440,523800
FINNIFTY02JAN2420400PE.NFO,02/01/2024,12:13:28,0.25,0.25,77240,0.3,56840,0,523800
FINNIFTY02JAN2420400PE.NFO,02/01/2024,12:13:37,0.25,0.25,77120,0.3,56840,0,523800
FINNIFTY02JAN2420400PE.NFO,02/01/2024,12:13:45,0.25,0.25,77320,0.3,56840,0,523800
FINNIFTY02JAN2420400PE.NFO,02/01/2024,12:13:53,0.25,0.25,77360,0.3,56840,0,523800
FINNIFTY02JAN2420400PE.NFO,02/01/2024,12:14:02,0.3,0.25,77320,0.3,56240,160,523800
FINNIFTY02JAN2420400PE.NFO,02/01/2024,12:14:11,0.3,0.25,68240,0.3,46120,920,523800
FINNIFTY02JAN2420400PE.NFO,02/01/2024,12:14:19,0.3,0.25,68240,0.3,45840,360,523800
FINNIFTY02JAN2420400PE.NFO,02/01/2024,12:14:28,0.3,0.25,68240,0.3,45720,120,523800
FINNIFTY02JAN2420400PE.NFO,02/01/2024,12:14:37,0.3,0.25,68240,0.3,45680,40,523800
FINNIFTY02JAN2420400PE.NFO,02/01/2024,12:14:45,0.3,0.25,68240,0.3,45640,40,523800
FINNIFTY02JAN2420400PE.NFO,02/01/2024,12:15:03,0.3,0.25,68240,0.3,44120,160,524000
FINNIFTY02JAN2420400PE.NFO,02/01/2024,12:15:12,0.3,0.25,68240,0.3,44760,280,524000
FINNIFTY02JAN2420400PE.NFO,02/01/2024,12:15:21,0.3,0.25,68240,0.3,44880,80,524000
FINNIFTY02JAN2420400PE.NFO,02/01/2024,12:15:29,0.3,0.25,67640,0.3,43120,2280,524000
FINNIFTY02JAN2420400PE.NFO,02/01/2024,12:15:39,0.3,0.25,67840,0.3,43280,320,524000
FINNIFTY02JAN2420400PE.NFO,02/01/2024,12:15:49,0.25,0.25,66640,0.3,42800,1280,524000
FINNIFTY02JAN2420400PE.NFO,02/01/2024,12:15:59,0.25,0.25,66600,0.3,41280,2000,524000
FINNIFTY02JAN2420400PE.NFO,02/01/2024,12:16:09,0.3,0.25,65280,0.3,38880,3440,524000
FINNIFTY02JAN2420400PE.NFO,02/01/2024,12:16:19,0.3,0.25,65280,0.3,39240,240,524000
FINNIFTY02JAN2420400PE.NFO,02/01/2024,12:16:29,0.3,0.25,66480,0.3,39200,840,524000
FINNIFTY02JAN2420400PE.NFO,02/01/2024,12:16:50,0.25,0.25,53880,0.3,39680,1800,524000
FINNIFTY02JAN2420400PE.NFO,02/01/2024,12:17:00,0.25,0.25,55400,0.3,39960,2080,524000
FINNIFTY02JAN2420400PE.NFO,02/01/2024,12:17:10,0.3,0.25,66280,0.3,31320,7880,524000
FINNIFTY02JAN2420400PE.NFO,02/01/2024,12:17:22,0.3,0.25,65720,0.3,30760,2040,524000
FINNIFTY02JAN2420400PE.NFO,02/01/2024,12:17:32,0.3,0.25,65720,0.3,33200,400,524000
FINNIFTY02JAN2420400PE.NFO,02/01/2024,12:17:41,0.25,0.25,65480,0.3,33360,360,524000
FINNIFTY02JAN2420400PE.NFO,02/01/2024,12:17:51,0.3,0.25,65480,0.3,33080,280,524000
FINNIFTY02JAN2420400PE.NFO,02/01/2024,12:18:00,0.3,0.25,64440,0.3,30720,4960,519240
FINNIFTY02JAN2420400PE.NFO,02/01/2024,12:18:09,0.3,0.25,64440,0.3,30920,400,519240
FINNIFTY02JAN2420400PE.NFO,02/01/2024,12:18:19,0.3,0.25,64440,0.3,33480,240,519240
FINNIFTY02JAN2420400PE.NFO,02/01/2024,12:18:28,0.3,0.25,64440,0.3,31080,560,519240
FINNIFTY02JAN2420400PE.NFO,02/01/2024,12:18:37,0.3,0.25,64440,0.3,32760,120,519240
FINNIFTY02JAN2420400PE.NFO,02/01/2024,12:18:47,0.3,0.25,64440,0.3,32760,40,519240
FINNIFTY02JAN2420400PE.NFO,02/01/2024,12:18:57,0.3,0.25,64440,0.3,36360,0,519240
FINNIFTY02JAN2420400PE.NFO,02/01/2024,12:19:06,0.3,0.25,64440,0.3,34920,1280,519240
FINNIFTY02JAN2420400PE.NFO,02/01/2024,12:19:16,0.3,0.25,64440,0.3,34720,200,519240
FINNIFTY02JAN2420400PE.NFO,02/01/2024,12:20:06,0.3,0.25,64440,0.3,35200,0,519240
FINNIFTY02JAN2420400PE.NFO,02/01/2024,12:20:15,0.3,0.25,64440,0.3,33400,0,519240
FINNIFTY02JAN2420400PE.NFO,02/01/2024,12:20:24,0.3,0.25,64440,0.3,33480,0,519240
FINNIFTY02JAN2420400PE.NFO,02/01/2024,12:20:34,0.3,0.25,64440,0.3,35360,0,519240
FINNIFTY02JAN2420400PE.NFO,02/01/2024,12:20:43,0.3,0.25,64440,0.3,33480,0,519240
FINNIFTY02JAN2420400PE.NFO,02/01/2024,12:20:52,0.25,0.25,64160,0.3,35240,320,519240
FINNIFTY02JAN2420400PE.NFO,02/01/2024,12:21:02,0.3,0.25,63960,0.3,32040,1080,523720
FINNIFTY02JAN2420400PE.NFO,02/01/2024,12:21:11,0.25,0.25,62520,0.3,32040,5120,523720
FINNIFTY02JAN2420400PE.NFO,02/01/2024,12:21:21,0.25,0.25,63160,0.3,32320,680,523720
FINNIFTY02JAN2420400PE.NFO,02/01/2024,12:21:31,0.25,0.25,62640,0.3,32720,520,523720
FINNIFTY02JAN2420400PE.NFO,02/01/2024,12:21:41,0.25,0.25,62440,0.3,32000,520,523720
FINNIFTY02JAN2420400PE.NFO,02/01/2024,12:22:00,0.25,0.25,62120,0.3,31960,320,523720
FINNIFTY02JAN2420400PE.NFO,02/01/2024,12:22:10,0.3,0.25,63560,0.3,30120,5640,523720
FINNIFTY02JAN2420400PE.NFO,02/01/2024,12:22:19,0.3,0.25,63560,0.3,31880,400,523720
FINNIFTY02JAN2420400PE.NFO,02/01/2024,12:22:28,0.3,0.25,64760,0.3,32280,560,523720
FINNIFTY02JAN2420400PE.NFO,02/01/2024,12:22:37,0.3,0.25,64680,0.3,31960,360,523720
FINNIFTY02JAN2420400PE.NFO,02/01/2024,12:23:03,0.3,0.25,64560,0.3,28040,880,523720
FINNIFTY02JAN2420400PE.NFO,02/01/2024,12:23:12,0.3,0.25,64480,0.3,27560,480,523720
FINNIFTY02JAN2420400PE.NFO,02/01/2024,12:23:31,0.3,0.25,64480,0.3,28200,0,523720
FINNIFTY02JAN2420400PE.NFO,02/01/2024,12:24:07,0.3,0.25,64480,0.3,27360,840,517880
FINNIFTY02JAN2420400PE.NFO,02/01/2024,12:24:16,0.3,0.25,64480,0.3,27320,40,517880
FINNIFTY02JAN2420400PE.NFO,02/01/2024,12:24:44,0.3,0.25,64480,0.3,27320,0,517880
FINNIFTY02JAN2420400PE.NFO,02/01/2024,12:25:02,0.3,0.25,64480,0.3,28400,0,517880
FINNIFTY02JAN2420400PE.NFO,02/01/2024,12:25:11,0.3,0.25,64480,0.3,29840,0,517880
FINNIFTY02JAN2420400PE.NFO,02/01/2024,12:25:20,0.3,0.25,64480,0.3,29760,0,517880
FINNIFTY02JAN2420400PE.NFO,02/01/2024,12:25:30,0.3,0.25,64480,0.3,29800,0,517880
FINNIFTY02JAN2420400PE.NFO,02/01/2024,12:25:38,0.25,0.25,64320,0.3,30560,160,517880
FINNIFTY02JAN2420400PE.NFO,02/01/2024,12:25:47,0.25,0.25,62400,0.3,30560,120,517880
FINNIFTY02JAN2420400PE.NFO,02/01/2024,12:25:56,0.25,0.25,61520,0.3,27400,2680,517880
FINNIFTY02JAN2420400PE.NFO,02/01/2024,12:26:04,0.3,0.25,64640,0.3,26680,1280,517880
FINNIFTY02JAN2420400PE.NFO,02/01/2024,12:26:14,0.3,0.25,64640,0.3,26520,160,517880
FINNIFTY02JAN2420400PE.NFO,02/01/2024,12:26:22,0.3,0.25,64640,0.3,24360,0,517880
FINNIFTY02JAN2420400PE.NFO,02/01/2024,12:26:31,0.3,0.25,64640,0.3,22560,0,517880
FINNIFTY02JAN2420400PE.NFO,02/01/2024,12:26:48,0.25,0.25,64600,0.3,22560,40,517880
FINNIFTY02JAN2420400PE.NFO,02/01/2024,12:26:57,0.25,0.25,64440,0.3,22560,160,517880
FINNIFTY02JAN2420400PE.NFO,02/01/2024,12:27:06,0.25,0.25,61720,0.3,22520,920,514240
FINNIFTY02JAN2420400PE.NFO,02/01/2024,12:27:15,0.25,0.25,63520,0.3,22560,0,514240
FINNIFTY02JAN2420400PE.NFO,02/01/2024,12:27:50,0.25,0.25,63440,0.3,22600,80,514240
FINNIFTY02JAN2420400PE.NFO,02/01/2024,12:28:08,0.3,0.25,65040,0.3,20720,2120,514240
FINNIFTY02JAN2420400PE.NFO,02/01/2024,12:28:17,0.3,0.25,65000,0.3,20680,40,514240
FINNIFTY02JAN2420400PE.NFO,02/01/2024,12:28:26,0.3,0.25,64200,0.3,20480,1000,514240
FINNIFTY02JAN2420400PE.NFO,02/01/2024,12:28:53,0.25,0.25,64000,0.3,20040,200,514240
FINNIFTY02JAN2420400PE.NFO,02/01/2024,12:29:02,0.3,0.25,63480,0.3,20440,2320,514240
FINNIFTY02JAN2420400PE.NFO,02/01/2024,12:29:11,0.3,0.25,63080,0.3,21920,3080,514240
FINNIFTY02JAN2420400PE.NFO,02/01/2024,12:29:21,0.3,0.25,62880,0.3,21880,200,514240
FINNIFTY02JAN2420400PE.NFO,02/01/2024,12:29:29,0.3,0.25,62840,0.3,21680,280,514240
FINNIFTY02JAN2420400PE.NFO,02/01/2024,12:29:38,0.3,0.25,62840,0.3,21560,40,514240
FINNIFTY02JAN2420400PE.NFO,02/01/2024,12:29:46,0.3,0.25,62840,0.3,21480,160,514240
FINNIFTY02JAN2420400PE.NFO,02/01/2024,12:29:55,0.3,0.25,62840,0.3,21320,160,514240
FINNIFTY02JAN2420400PE.NFO,02/01/2024,12:30:03,0.3,0.25,62840,0.3,30320,4760,512720
FINNIFTY02JAN2420400PE.NFO,02/01/2024,12:30:13,0.3,0.25,65240,0.3,30360,0,512720
FINNIFTY02JAN2420400PE.NFO,02/01/2024,12:30:21,0.3,0.25,65240,0.3,30280,80,512720
FINNIFTY02JAN2420400PE.NFO,02/01/2024,12:30:31,0.3,0.25,65240,0.3,29080,1200,512720
FINNIFTY02JAN2420400PE.NFO,02/01/2024,12:30:39,0.3,0.25,65240,0.3,28760,320,512720
FINNIFTY02JAN2420400PE.NFO,02/01/2024,12:30:48,0.3,0.25,65240,0.3,28760,0,512720
FINNIFTY02JAN2420400PE.NFO,02/01/2024,12:30:57,0.3,0.25,65240,0.3,28880,0,512720
FINNIFTY02JAN2420400PE.NFO,02/01/2024,12:31:06,0.3,0.25,65240,0.3,17000,12320,512720
FINNIFTY02JAN2420400PE.NFO,02/01/2024,12:31:15,0.3,0.25,70040,0.3,29960,1000,512720
FINNIFTY02JAN2420400PE.NFO,02/01/2024,12:31:24,0.25,0.25,69840,0.3,30280,280,512720
FINNIFTY02JAN2420400PE.NFO,02/01/2024,12:31:33,0.25,0.25,69680,0.3,32560,160,512720
FINNIFTY02JAN2420400PE.NFO,02/01/2024,12:31:43,0.25,0.25,69400,0.3,32560,280,512720
FINNIFTY02JAN2420400PE.NFO,02/01/2024,12:31:51,0.25,0.25,69280,0.3,32760,160,512720
FINNIFTY02JAN2420400PE.NFO,02/01/2024,12:32:00,0.25,0.25,69160,0.3,32760,120,512720
FINNIFTY02JAN2420400PE.NFO,02/01/2024,12:32:08,0.25,0.25,64800,0.3,39920,4400,512720
FINNIFTY02JAN2420400PE.NFO,02/01/2024,12:32:17,0.25,0.25,64240,0.3,42240,560,512720
FINNIFTY02JAN2420400PE.NFO,02/01/2024,12:32:25,0.25,0.25,64240,0.3,42240,0,512720
FINNIFTY02JAN2420400PE.NFO,02/01/2024,12:33:06,0.3,0.25,64280,0.3,40120,2120,530160
FINNIFTY02JAN2420400PE.NFO,02/01/2024,12:33:14,0.3,0.25,64280,0.3,43200,240,530160
FINNIFTY02JAN2420400PE.NFO,02/01/2024,12:33:23,0.3,0.25,64240,0.3,43080,120,530160
FINNIFTY02JAN2420400PE.NFO,02/01/2024,12:33:48,0.3,0.25,63040,0.3,43040,1240,530160
FINNIFTY02JAN2420400PE.NFO,02/01/2024,12:34:06,0.3,0.25,63040,0.3,42960,80,530160
FINNIFTY02JAN2420400PE.NFO,02/01/2024,12:34:14,0.25,0.25,62400,0.3,42960,720,530160
FINNIFTY02JAN2420400PE.NFO,02/01/2024,12:34:23,0.25,0.25,56880,0.3,44760,5520,530160
FINNIFTY02JAN2420400PE.NFO,02/01/2024,12:34:31,0.25,0.25,60520,0.3,35760,280,530160
FINNIFTY02JAN2420400PE.NFO,02/01/2024,12:34:40,0.3,0.25,60520,0.3,35520,240,530160
FINNIFTY02JAN2420400PE.NFO,02/01/2024,12:34:49,0.25,0.25,56600,0.3,35680,2200,530160
FINNIFTY02JAN2420400PE.NFO,02/01/2024,12:34:58,0.25,0.25,58000,0.3,35680,400,530160
FINNIFTY02JAN2420400PE.NFO,02/01/2024,12:35:08,0.3,0.25,52600,0.3,43520,1080,530160
FINNIFTY02JAN2420400PE.NFO,02/01/2024,12:35:18,0.3,0.25,52600,0.3,43480,40,530160
FINNIFTY02JAN2420400PE.NFO,02/01/2024,12:35:28,0.3,0.25,52600,0.3,43920,0,530160
FINNIFTY02JAN2420400PE.NFO,02/01/2024,12:35:38,0.3,0.25,52600,0.3,43080,1240,530160
FINNIFTY02JAN2420400PE.NFO,02/01/2024,12:35:47,0.25,0.25,52080,0.3,43320,1480,530160
FINNIFTY02JAN2420400PE.NFO,02/01/2024,12:35:56,0.25,0.25,52080,0.3,43320,80,530160
FINNIFTY02JAN2420400PE.NFO,02/01/2024,12:36:06,0.25,0.25,50400,0.3,42080,2960,538880
FINNIFTY02JAN2420400PE.NFO,02/01/2024,12:36:15,0.3,0.25,50360,0.3,41920,160,538880
FINNIFTY02JAN2420400PE.NFO,02/01/2024,12:36:25,0.3,0.25,50280,0.3,41800,120,538880
FINNIFTY02JAN2420400PE.NFO,02/01/2024,12:36:34,0.3,0.25,50280,0.3,41760,40,538880
FINNIFTY02JAN2420400PE.NFO,02/01/2024,12:36:44,0.3,0.25,50280,0.3,41600,320,538880
FINNIFTY02JAN2420400PE.NFO,02/01/2024,12:36:53,0.3,0.25,50280,0.3,41440,0,538880
FINNIFTY02JAN2420400PE.NFO,02/01/2024,12:37:01,0.3,0.25,50280,0.3,41600,0,538880
FINNIFTY02JAN2420400PE.NFO,02/01/2024,12:37:10,0.3,0.25,50280,0.3,43120,0,538880
FINNIFTY02JAN2420400PE.NFO,02/01/2024,12:37:46,0.25,0.25,48880,0.3,43120,1400,538880
FINNIFTY02JAN2420400PE.NFO,02/01/2024,12:37:54,0.25,0.25,48800,0.3,43080,80,538880
FINNIFTY02JAN2420400PE.NFO,02/01/2024,12:38:02,0.3,0.25,48760,0.3,42840,280,538880
FINNIFTY02JAN2420400PE.NFO,02/01/2024,12:38:11,0.3,0.25,48760,0.3,42160,680,538880
FINNIFTY02JAN2420400PE.NFO,02/01/2024,12:38:21,0.25,0.25,48280,0.3,41960,680,538880
FINNIFTY02JAN2420400PE.NFO,02/01/2024,12:38:30,0.25,0.25,47040,0.3,41960,1240,538880
FINNIFTY02JAN2420400PE.NFO,02/01/2024,12:38:39,0.25,0.25,47040,0.3,41960,0,538880
FINNIFTY02JAN2420400PE.NFO,02/01/2024,12:38:48,0.25,0.25,47040,0.3,40360,0,538880
FINNIFTY02JAN2420400PE.NFO,02/01/2024,12:39:05,0.25,0.25,46280,0.3,40120,1000,539160
FINNIFTY02JAN2420400PE.NFO,02/01/2024,12:39:14,0.25,0.25,46120,0.3,40120,160,539160
FINNIFTY02JAN2420400PE.NFO,02/01/2024,12:39:23,0.25,0.25,42520,0.3,40120,3600,539160
FINNIFTY02JAN2420400PE.NFO,02/01/2024,12:39:31,0.25,0.25,26760,0.3,40800,6760,539160
FINNIFTY02JAN2420400PE.NFO,02/01/2024,12:39:40,0.25,0.25,39520,0.3,39480,3440,539160
FINNIFTY02JAN2420400PE.NFO,02/01/2024,12:39:48,0.25,0.25,37480,0.3,39440,2040,539160
FINNIFTY02JAN2420400PE.NFO,02/01/2024,12:40:04,0.3,0.25,39400,0.3,38160,3080,539160
FINNIFTY02JAN2420400PE.NFO,02/01/2024,12:40:13,0.3,0.25,39360,0.3,37520,680,539160
FINNIFTY02JAN2420400PE.NFO,02/01/2024,12:40:22,0.3,0.25,40840,0.3,37600,240,539160
FINNIFTY02JAN2420400PE.NFO,02/01/2024,12:40:32,0.25,0.25,39880,0.3,37520,1040,539160
FINNIFTY02JAN2420400PE.NFO,02/01/2024,12:40:41,0.25,0.25,38960,0.3,37480,960,539160
FINNIFTY02JAN2420400PE.NFO,02/01/2024,12:40:49,0.25,0.25,40760,0.3,37520,0,539160
FINNIFTY02JAN2420400PE.NFO,02/01/2024,12:40:58,0.3,0.25,40760,0.3,37480,40,539160
FINNIFTY02JAN2420400PE.NFO,02/01/2024,12:41:06,0.3,0.25,43440,0.3,35920,4880,539160
FINNIFTY02JAN2420400PE.NFO,02/01/2024,12:41:14,0.3,0.25,43440,0.3,35800,200,539160
FINNIFTY02JAN2420400PE.NFO,02/01/2024,12:41:23,0.25,0.25,42640,0.3,35760,800,539160
FINNIFTY02JAN2420400PE.NFO,02/01/2024,12:41:31,0.25,0.25,42600,0.3,38600,40,539160
FINNIFTY02JAN2420400PE.NFO,02/01/2024,12:41:41,0.3,0.25,42520,0.3,38560,120,539160
FINNIFTY02JAN2420400PE.NFO,02/01/2024,12:41:51,0.3,0.25,42520,0.3,38520,0,539160
FINNIFTY02JAN2420400PE.NFO,02/01/2024,12:42:00,0.25,0.25,42480,0.3,38120,40,539160
FINNIFTY02JAN2420400PE.NFO,02/01/2024,12:42:09,0.25,0.25,42440,0.3,37960,40,527680
FINNIFTY02JAN2420400PE.NFO,02/01/2024,12:43:01,0.3,0.25,42360,0.3,37440,1360,527680
FINNIFTY02JAN2420400PE.NFO,02/01/2024,12:43:10,0.3,0.25,42280,0.3,37800,3880,527680
FINNIFTY02JAN2420400PE.NFO,02/01/2024,12:43:19,0.3,0.25,42120,0.3,37720,240,527680
FINNIFTY02JAN2420400PE.NFO,02/01/2024,12:43:28,0.3,0.25,42120,0.3,37680,40,527680
FINNIFTY02JAN2420400PE.NFO,02/01/2024,12:43:37,0.3,0.25,42120,0.3,37640,0,527680
FINNIFTY02JAN2420400PE.NFO,02/01/2024,12:43:46,0.25,0.25,41160,0.3,37520,1080,527680
FINNIFTY02JAN2420400PE.NFO,02/01/2024,12:43:55,0.3,0.25,43080,0.3,38160,40,527680
FINNIFTY02JAN2420400PE.NFO,02/01/2024,12:44:03,0.3,0.25,46680,0.3,37440,1520,527680
FINNIFTY02JAN2420400PE.NFO,02/01/2024,12:44:12,0.3,0.25,46680,0.3,37200,240,527680
FINNIFTY02JAN2420400PE.NFO,02/01/2024,12:44:20,0.25,0.25,46080,0.3,37200,600,527680
FINNIFTY02JAN2420400PE.NFO,02/01/2024,12:44:29,0.25,0.25,44400,0.3,37200,1680,527680
FINNIFTY02JAN2420400PE.NFO,02/01/2024,12:44:37,0.25,0.25,44120,0.3,37320,280,527680
FINNIFTY02JAN2420400PE.NFO,02/01/2024,12:44:55,0.25,0.25,43640,0.3,40320,480,527680
FINNIFTY02JAN2420400PE.NFO,02/01/2024,12:45:03,0.3,0.25,44440,0.3,37720,2600,534800
FINNIFTY02JAN2420400PE.NFO,02/01/2024,12:45:12,0.3,0.25,44400,0.3,36920,800,534800
FINNIFTY02JAN2420400PE.NFO,02/01/2024,12:45:21,0.25,0.25,43160,0.3,33400,3080,534800
FINNIFTY02JAN2420400PE.NFO,02/01/2024,12:45:38,0.3,0.25,44960,0.3,32400,1280,534800
FINNIFTY02JAN2420400PE.NFO,02/01/2024,12:45:47,0.3,0.25,44960,0.3,32400,0,534800
FINNIFTY02JAN2420400PE.NFO,02/01/2024,12:45:56,0.25,0.25,43840,0.3,32400,1120,534800
FINNIFTY02JAN2420400PE.NFO,02/01/2024,12:46:04,0.3,0.25,45280,0.3,30600,2200,534800
FINNIFTY02JAN2420400PE.NFO,02/01/2024,12:46:13,0.3,0.25,45160,0.3,30680,1240,534800
FINNIFTY02JAN2420400PE.NFO,02/01/2024,12:46:22,0.3,0.25,45120,0.3,30720,40,534800
FINNIFTY02JAN2420400PE.NFO,02/01/2024,12:46:30,0.25,0.25,44880,0.3,30720,240,534800
FINNIFTY02JAN2420400PE.NFO,02/01/2024,12:46:39,0.25,0.25,42080,0.3,30720,2800,534800
FINNIFTY02JAN2420400PE.NFO,02/01/2024,12:46:56,0.25,0.25,41920,0.3,30720,160,534800
FINNIFTY02JAN2420400PE.NFO,02/01/2024,12:47:05,0.3,0.25,41960,0.3,30000,720,534800
FINNIFTY02JAN2420400PE.NFO,02/01/2024,12:47:14,0.3,0.25,41920,0.3,30680,720,534800
FINNIFTY02JAN2420400PE.NFO,02/01/2024,12:47:23,0.3,0.25,41920,0.3,30520,160,534800
FINNIFTY02JAN2420400PE.NFO,02/01/2024,12:47:32,0.25,0.25,41760,0.3,30520,160,534800
FINNIFTY02JAN2420400PE.NFO,02/01/2024,12:47:41,0.3,0.25,41760,0.3,31440,400,534800
FINNIFTY02JAN2420400PE.NFO,02/01/2024,12:47:51,0.3,0.25,41760,0.3,32040,0,534800
FINNIFTY02JAN2420400PE.NFO,02/01/2024,12:48:09,0.25,0.25,37480,0.3,32560,6720,535120
FINNIFTY02JAN2420400PE.NFO,02/01/2024,12:48:18,0.25,0.25,37680,0.3,33200,5200,535120
FINNIFTY02JAN2420400PE.NFO,02/01/2024,12:48:26,0.25,0.25,32640,0.3,34160,1440,535120
FINNIFTY02JAN2420400PE.NFO,02/01/2024,12:48:35,0.25,0.25,33600,0.3,34200,840,535120
FINNIFTY02JAN2420400PE.NFO,02/01/2024,12:48:44,0.25,0.25,31800,0.3,34200,1800,535120
FINNIFTY02JAN2420400PE.NFO,02/01/2024,12:49:02,0.3,0.25,37160,0.3,32840,2280,535120
FINNIFTY02JAN2420400PE.NFO,02/01/2024,12:49:11,0.3,0.25,37560,0.3,30920,2960,535120
FINNIFTY02JAN2420400PE.NFO,02/01/2024,12:49:20,0.25,0.25,36240,0.3,30880,2480,535120
FINNIFTY02JAN2420400PE.NFO,02/01/2024,12:49:29,0.25,0.25,35000,0.3,32600,1320,535120
FINNIFTY02JAN2420400PE.NFO,02/01/2024,12:49:38,0.25,0.25,36080,0.3,32600,240,535120
FINNIFTY02JAN2420400PE.NFO,02/01/2024,12:49:46,0.25,0.25,37760,0.3,32600,0,535120
FINNIFTY02JAN2420400PE.NFO,02/01/2024,12:49:54,0.25,0.25,35960,0.3,32600,0,535120
FINNIFTY02JAN2420400PE.NFO,02/01/2024,12:50:03,0.3,0.25,34000,0.3,37840,6360,535120
FINNIFTY02JAN2420400PE.NFO,02/01/2024,12:50:11,0.3,0.25,34120,0.3,38560,1240,535120
FINNIFTY02JAN2420400PE.NFO,02/01/2024,12:50:21,0.3,0.25,33960,0.3,38840,160,535120
FINNIFTY02JAN2420400PE.NFO,02/01/2024,12:50:30,0.25,0.25,30120,0.3,40120,3840,535120
FINNIFTY02JAN2420400PE.NFO,02/01/2024,12:50:39,0.25,0.25,30120,0.3,40760,0,535120
FINNIFTY02JAN2420400PE.NFO,02/01/2024,12:50:48,0.25,0.25,32520,0.3,38800,2400,535120
FINNIFTY02JAN2420400PE.NFO,02/01/2024,12:50:57,0.25,0.25,30720,0.3,38840,0,535120
FINNIFTY02JAN2420400PE.NFO,02/01/2024,12:51:05,0.25,0.25,15240,0.3,38840,4080,540160
FINNIFTY02JAN2420400PE.NFO,02/01/2024,12:51:15,0.25,0.25,7720,0.3,38400,320,540160
FINNIFTY02JAN2420400PE.NFO,02/01/2024,12:51:24,0.25,0.25,28640,0.3,37800,3880,540160
FINNIFTY02JAN2420400PE.NFO,02/01/2024,12:51:34,0.25,0.25,27160,0.3,38840,2400,540160
FINNIFTY02JAN2420400PE.NFO,02/01/2024,12:51:43,0.25,0.25,16360,0.3,38840,320,540160
FINNIFTY02JAN2420400PE.NFO,02/01/2024,12:52:01,0.25,0.25,27480,0.3,38360,40,540160
FINNIFTY02JAN2420400PE.NFO,02/01/2024,12:52:09,0.25,0.25,27600,0.3,38440,1760,540160
FINNIFTY02JAN2420400PE.NFO,02/01/2024,12:52:18,0.25,0.25,29400,0.3,38440,0,540160
FINNIFTY02JAN2420400PE.NFO,02/01/2024,12:52:27,0.25,0.25,31080,0.3,38440,0,540160
FINNIFTY02JAN2420400PE.NFO,02/01/2024,12:52:35,0.25,0.25,29280,0.3,38440,0,540160
FINNIFTY02JAN2420400PE.NFO,02/01/2024,12:52:44,0.25,0.25,29400,0.3,38440,0,540160
FINNIFTY02JAN2420400PE.NFO,02/01/2024,12:52:53,0.25,0.25,29240,0.3,38440,0,540160
FINNIFTY02JAN2420400PE.NFO,02/01/2024,12:53:01,0.3,0.25,29680,0.3,37800,400,540160
FINNIFTY02JAN2420400PE.NFO,02/01/2024,12:53:10,0.3,0.25,29720,0.3,43600,2000,540160
FINNIFTY02JAN2420400PE.NFO,02/01/2024,12:53:18,0.3,0.25,29640,0.3,43560,40,540160
FINNIFTY02JAN2420400PE.NFO,02/01/2024,12:53:27,0.3,0.25,29640,0.3,43480,80,540160
FINNIFTY02JAN2420400PE.NFO,02/01/2024,12:53:35,0.3,0.25,29640,0.3,42280,1200,540160
FINNIFTY02JAN2420400PE.NFO,02/01/2024,12:53:44,0.3,0.25,29600,0.3,42360,40,540160
FINNIFTY02JAN2420400PE.NFO,02/01/2024,12:54:01,0.3,0.25,31400,0.3,42280,80,542120
FINNIFTY02JAN2420400PE.NFO,02/01/2024,12:54:10,0.3,0.25,29600,0.3,41800,440,542120
FINNIFTY02JAN2420400PE.NFO,02/01/2024,12:54:53,0.3,0.25,29600,0.3,41800,0,542120
FINNIFTY02JAN2420400PE.NFO,02/01/2024,12:55:01,0.3,0.25,27800,0.3,42000,240,542120
FINNIFTY02JAN2420400PE.NFO,02/01/2024,12:55:09,0.3,0.25,27800,0.3,41720,160,542120
FINNIFTY02JAN2420400PE.NFO,02/01/2024,12:55:18,0.3,0.25,27800,0.3,41640,0,542120
FINNIFTY02JAN2420400PE.NFO,02/01/2024,12:55:27,0.3,0.25,29600,0.3,41720,0,542120
FINNIFTY02JAN2420400PE.NFO,02/01/2024,12:55:36,0.3,0.25,32000,0.3,41680,40,542120
FINNIFTY02JAN2420400PE.NFO,02/01/2024,12:55:45,0.3,0.25,32400,0.3,41680,0,542120
FINNIFTY02JAN2420400PE.NFO,02/01/2024,12:56:01,0.25,0.25,32280,0.3,43440,120,542120
FINNIFTY02JAN2420400PE.NFO,02/01/2024,12:56:10,0.3,0.25,32280,0.3,44520,960,542120
FINNIFTY02JAN2420400PE.NFO,02/01/2024,12:56:19,0.25,0.25,32200,0.3,44200,1880,542120
FINNIFTY02JAN2420400PE.NFO,02/01/2024,12:56:28,0.3,0.25,32200,0.3,44320,3600,542120
FINNIFTY02JAN2420400PE.NFO,02/01/2024,12:56:36,0.25,0.25,32120,0.3,43120,1880,542120
FINNIFTY02JAN2420400PE.NFO,02/01/2024,12:57:01,0.3,0.25,32120,0.3,42760,160,535200
FINNIFTY02JAN2420400PE.NFO,02/01/2024,12:57:10,0.3,0.25,30480,0.3,46200,3960,535200
FINNIFTY02JAN2420400PE.NFO,02/01/2024,12:57:19,0.3,0.25,30440,0.3,47800,0,535200
FINNIFTY02JAN2420400PE.NFO,02/01/2024,12:57:28,0.3,0.25,30440,0.3,47760,40,535200
FINNIFTY02JAN2420400PE.NFO,02/01/2024,12:58:02,0.3,0.25,30440,0.3,50040,320,535200
FINNIFTY02JAN2420400PE.NFO,02/01/2024,12:58:11,0.3,0.25,32240,0.3,50080,1880,535200
FINNIFTY02JAN2420400PE.NFO,02/01/2024,12:58:20,0.3,0.25,32240,0.3,50080,0,535200
FINNIFTY02JAN2420400PE.NFO,02/01/2024,12:58:29,0.3,0.25,32240,0.3,49880,280,535200
FINNIFTY02JAN2420400PE.NFO,02/01/2024,12:58:39,0.25,0.25,32160,0.3,50160,80,535200
