Ticker,Date,Time,LTP,BuyPrice,BuyQty,SellPrice,SellQty,LTQ,OpenInterest
FINNIFTY02JAN2421400PE.NFO,02/01/2024,09:15:00,28.4,27.95,320,29.65,40,2720,2232880
FINNIFTY02JAN2421400PE.NFO,02/01/2024,09:15:00,28.4,27.95,320,29.65,40,0,2232880
FINNIFTY02JAN2421400PE.NFO,02/01/2024,09:15:00,36.7,27.95,320,29.65,40,0,2232880
FINNIFTY02JAN2421400PE.NFO,02/01/2024,09:15:00,27,27.95,320,29.65,40,0,2232880
FINNIFTY02JAN2421400PE.NFO,02/01/2024,09:15:00,25.9,25.55,320,29.45,200,6320,2232880
FINNIFTY02JAN2421400PE.NFO,02/01/2024,09:15:00,25.9,25.55,320,29.45,200,0,2232880
FINNIFTY02JAN2421400PE.NFO,02/01/2024,09:15:01,33.75,32.5,320,33.75,320,21120,2232880
FINNIFTY02JAN2421400PE.NFO,02/01/2024,09:15:01,25.55,32.5,320,33.75,320,0,2232880
FINNIFTY02JAN2421400PE.NFO,02/01/2024,09:15:02,37.2,35.55,320,37.2,200,40320,2232880
FINNIFTY02JAN2421400PE.NFO,02/01/2024,09:15:02,38.6,35.55,320,37.2,200,0,2232880
FINNIFTY02JAN2421400PE.NFO,02/01/2024,09:15:04,42.5,42.45,40,43.2,720,89360,2232880
FINNIFTY02JAN2421400PE.NFO,02/01/2024,09:15:04,48,42.45,40,43.2,720,0,2232880
FINNIFTY02JAN2421400PE.NFO,02/01/2024,09:15:05,38.5,38.05,280,38.5,280,53720,2232880
FINNIFTY02JAN2421400PE.NFO,02/01/2024,09:15:06,39.05,37.55,920,39.05,200,77760,2232880
FINNIFTY02JAN2421400PE.NFO,02/01/2024,09:15:07,37,37,600,37.65,480,71160,2232880
FINNIFTY02JAN2421400PE.NFO,02/01/2024,09:15:08,37.45,37.15,320,37.45,1080,53040,2232880
FINNIFTY02JAN2421400PE.NFO,02/01/2024,09:15:09,38.8,38.8,320,39,8600,61520,2232880
FINNIFTY02JAN2421400PE.NFO,02/01/2024,09:15:10,40.65,40.3,600,40.6,520,142560,2232880
FINNIFTY02JAN2421400PE.NFO,02/01/2024,09:15:10,50,40.3,600,40.6,520,0,2232880
FINNIFTY02JAN2421400PE.NFO,02/01/2024,09:15:10,42.65,42.65,160,42.9,360,13960,2232880
FINNIFTY02JAN2421400PE.NFO,02/01/2024,09:15:11,40.1,40.5,360,40.85,560,96960,2232880
FINNIFTY02JAN2421400PE.NFO,02/01/2024,09:15:12,41.3,41.3,120,41.55,120,107240,2232880
FINNIFTY02JAN2421400PE.NFO,02/01/2024,09:15:14,39.6,39.35,880,39.65,280,77920,2232880
FINNIFTY02JAN2421400PE.NFO,02/01/2024,09:15:15,38.75,38.35,600,38.65,320,79960,2232880
FINNIFTY02JAN2421400PE.NFO,02/01/2024,09:15:16,39.05,38.7,1160,39.05,560,78280,2232880
FINNIFTY02JAN2421400PE.NFO,02/01/2024,09:15:17,39.05,38.95,240,39.1,400,86920,2232880
FINNIFTY02JAN2421400PE.NFO,02/01/2024,09:15:18,38.2,38.2,200,38.4,400,76840,2232880
FINNIFTY02JAN2421400PE.NFO,02/01/2024,09:15:19,36.5,36.35,40,36.5,360,101360,2232880
FINNIFTY02JAN2421400PE.NFO,02/01/2024,09:15:19,36.45,36.3,640,36.45,320,14600,2232880
FINNIFTY02JAN2421400PE.NFO,02/01/2024,09:15:20,36.45,36.2,720,36.5,800,87360,2232880
FINNIFTY02JAN2421400PE.NFO,02/01/2024,09:15:22,37.3,37.25,40,37.3,80,69920,2232880
FINNIFTY02JAN2421400PE.NFO,02/01/2024,09:15:23,36.75,36.55,400,36.75,240,169080,2232880
FINNIFTY02JAN2421400PE.NFO,02/01/2024,09:15:24,38.2,38,1520,38.2,680,64120,2232880
FINNIFTY02JAN2421400PE.NFO,02/01/2024,09:15:25,38.1,37.9,1160,38.1,280,56480,2232880
FINNIFTY02JAN2421400PE.NFO,02/01/2024,09:15:25,37.5,37.5,1240,37.8,440,16120,2232880
FINNIFTY02JAN2421400PE.NFO,02/01/2024,09:15:27,38.05,37.9,680,38.05,600,45320,2232880
FINNIFTY02JAN2421400PE.NFO,02/01/2024,09:15:28,37.2,37.05,240,37.2,1040,45880,2232880
FINNIFTY02JAN2421400PE.NFO,02/01/2024,09:15:29,36.85,36.6,1160,36.85,1960,58840,2232880
FINNIFTY02JAN2421400PE.NFO,02/01/2024,09:15:30,36.25,36.25,1040,36.45,960,69400,2232880
FINNIFTY02JAN2421400PE.NFO,02/01/2024,09:15:31,36.15,35.95,1120,36.15,160,88800,2232880
FINNIFTY02JAN2421400PE.NFO,02/01/2024,09:15:32,35.8,35.65,440,35.8,1040,48360,2232880
FINNIFTY02JAN2421400PE.NFO,02/01/2024,09:15:32,35.75,35.5,1760,35.75,2200,7520,2232880
FINNIFTY02JAN2421400PE.NFO,02/01/2024,09:15:34,36,35.9,1400,36,480,63840,2232880
FINNIFTY02JAN2421400PE.NFO,02/01/2024,09:15:35,36.3,36.1,1760,36.3,4120,77480,2232880
FINNIFTY02JAN2421400PE.NFO,02/01/2024,09:15:36,36.25,36.25,240,36.4,2240,53520,2232880
FINNIFTY02JAN2421400PE.NFO,02/01/2024,09:15:37,36.35,36.35,1240,36.5,320,65240,2232880
FINNIFTY02JAN2421400PE.NFO,02/01/2024,09:15:38,36.35,36.2,1720,36.35,240,63040,2232880
FINNIFTY02JAN2421400PE.NFO,02/01/2024,09:15:39,35.05,35.05,3280,35.3,3600,86880,2232880
FINNIFTY02JAN2421400PE.NFO,02/01/2024,09:15:39,35.05,35.05,320,35.2,2760,15200,2232880
FINNIFTY02JAN2421400PE.NFO,02/01/2024,09:15:41,35.15,35.15,2200,35.25,320,111600,2232880
FINNIFTY02JAN2421400PE.NFO,02/01/2024,09:15:42,35,35.1,80,35.2,1640,80640,2232880
FINNIFTY02JAN2421400PE.NFO,02/01/2024,09:15:43,34.95,34.85,1400,34.95,160,104720,2232880
FINNIFTY02JAN2421400PE.NFO,02/01/2024,09:15:44,34.5,34.5,40,34.55,1840,85800,2232880
FINNIFTY02JAN2421400PE.NFO,02/01/2024,09:15:45,34.25,34.25,1640,34.45,3440,61280,2232880
FINNIFTY02JAN2421400PE.NFO,02/01/2024,09:15:46,34,34,2560,34.15,2560,76120,2232880
FINNIFTY02JAN2421400PE.NFO,02/01/2024,09:15:46,34,34,1720,34.2,2040,12440,2232880
FINNIFTY02JAN2421400PE.NFO,02/01/2024,09:15:48,34.75,34.75,1640,34.9,1520,75440,2232880
FINNIFTY02JAN2421400PE.NFO,02/01/2024,09:15:49,35.7,35.55,3120,35.7,320,60840,2232880
FINNIFTY02JAN2421400PE.NFO,02/01/2024,09:15:50,35.9,35.9,1880,36.05,440,84280,2232880
FINNIFTY02JAN2421400PE.NFO,02/01/2024,09:15:51,36.1,36.05,880,36.3,2640,103800,2232880
FINNIFTY02JAN2421400PE.NFO,02/01/2024,09:15:52,35.65,35.65,1520,35.85,1160,80680,2232880
FINNIFTY02JAN2421400PE.NFO,02/01/2024,09:15:53,36.8,36.65,1280,36.8,200,78040,2232880
FINNIFTY02JAN2421400PE.NFO,02/01/2024,09:15:53,35.85,35.75,520,35.85,1560,44880,2232880
FINNIFTY02JAN2421400PE.NFO,02/01/2024,09:15:55,35.55,35.55,1080,35.7,520,79440,2232880
FINNIFTY02JAN2421400PE.NFO,02/01/2024,09:15:56,35.95,35.85,40,36,1840,94880,2232880
FINNIFTY02JAN2421400PE.NFO,02/01/2024,09:15:57,36.05,35.95,80,36.1,880,93600,2232880
FINNIFTY02JAN2421400PE.NFO,02/01/2024,09:15:58,35.25,35.25,600,35.35,200,69960,2232880
FINNIFTY02JAN2421400PE.NFO,02/01/2024,09:15:59,35.05,35.05,120,35.2,1520,100040,2232880
FINNIFTY02JAN2421400PE.NFO,02/01/2024,09:16:00,34.05,34,4560,34.15,2000,174920,2232880
FINNIFTY02JAN2421400PE.NFO,02/01/2024,09:16:00,33.6,33.3,1600,33.6,600,70520,2232880
FINNIFTY02JAN2421400PE.NFO,02/01/2024,09:16:02,32.2,32.2,640,32.3,320,350800,2232880
FINNIFTY02JAN2421400PE.NFO,02/01/2024,09:16:03,31.75,31.75,120,31.9,3000,144080,2232880
FINNIFTY02JAN2421400PE.NFO,02/01/2024,09:16:04,31.65,31.5,1480,31.65,240,199000,2232880
FINNIFTY02JAN2421400PE.NFO,02/01/2024,09:16:05,30.7,30.55,1200,30.7,840,224000,2232880
FINNIFTY02JAN2421400PE.NFO,02/01/2024,09:16:06,30.75,30.7,600,30.85,1400,172480,2232880
FINNIFTY02JAN2421400PE.NFO,02/01/2024,09:16:06,30.2,30.05,2200,30.2,40,38600,2232880
FINNIFTY02JAN2421400PE.NFO,02/01/2024,09:16:08,30.3,30.3,640,30.35,40,153080,2232880
FINNIFTY02JAN2421400PE.NFO,02/01/2024,09:16:09,30.4,30.35,2280,30.5,2080,119400,2232880
FINNIFTY02JAN2421400PE.NFO,02/01/2024,09:16:10,31.1,31.1,280,31.25,640,145280,2232880
FINNIFTY02JAN2421400PE.NFO,02/01/2024,09:16:11,32.2,32.25,1640,32.4,520,105840,2232880
FINNIFTY02JAN2421400PE.NFO,02/01/2024,09:16:12,31.65,31.65,1520,31.8,720,90200,2232880
FINNIFTY02JAN2421400PE.NFO,02/01/2024,09:16:13,31.2,31.1,360,31.2,720,98960,2232880
FINNIFTY02JAN2421400PE.NFO,02/01/2024,09:16:13,31.2,31.15,1440,31.3,2880,6520,2232880
FINNIFTY02JAN2421400PE.NFO,02/01/2024,09:16:15,31.95,31.9,400,32,8880,87000,2232880
FINNIFTY02JAN2421400PE.NFO,02/01/2024,09:16:16,32.1,32.1,760,32.25,2240,49920,2232880
FINNIFTY02JAN2421400PE.NFO,02/01/2024,09:16:17,32.45,32.45,760,32.55,80,86240,2232880
FINNIFTY02JAN2421400PE.NFO,02/01/2024,09:16:18,33,32.85,360,32.95,200,58760,2232880
FINNIFTY02JAN2421400PE.NFO,02/01/2024,09:16:19,32.95,32.8,160,32.95,3080,62200,2232880
FINNIFTY02JAN2421400PE.NFO,02/01/2024,09:16:20,33.7,33.55,2120,33.7,120,84080,2232880
FINNIFTY02JAN2421400PE.NFO,02/01/2024,09:16:20,33.75,33.75,240,33.9,2640,9480,2232880
FINNIFTY02JAN2421400PE.NFO,02/01/2024,09:16:21,34.05,34.05,1280,34.15,120,67000,2232880
FINNIFTY02JAN2421400PE.NFO,02/01/2024,09:16:23,35.25,35.15,440,35.25,360,110080,2232880
FINNIFTY02JAN2421400PE.NFO,02/01/2024,09:16:24,34,34,2840,34.25,2560,72360,2232880
FINNIFTY02JAN2421400PE.NFO,02/01/2024,09:16:25,35,35,160,35.1,800,109000,2232880
FINNIFTY02JAN2421400PE.NFO,02/01/2024,09:16:26,35.15,35,1160,35.15,1160,69840,2232880
FINNIFTY02JAN2421400PE.NFO,02/01/2024,09:16:27,35.6,35.5,200,35.6,800,78920,2232880
FINNIFTY02JAN2421400PE.NFO,02/01/2024,09:16:28,35.7,35.55,760,35.65,1240,93000,2232880
FINNIFTY02JAN2421400PE.NFO,02/01/2024,09:16:28,35.45,35.4,360,35.5,520,12440,2232880
FINNIFTY02JAN2421400PE.NFO,02/01/2024,09:16:30,34.85,34.7,2080,34.85,640,96880,2232880
FINNIFTY02JAN2421400PE.NFO,02/01/2024,09:16:31,34.4,34.35,160,34.45,720,82640,2232880
FINNIFTY02JAN2421400PE.NFO,02/01/2024,09:16:32,34.8,34.8,680,34.9,560,80720,2232880
FINNIFTY02JAN2421400PE.NFO,02/01/2024,09:16:33,35.15,35.15,3200,35.3,840,71000,2232880
FINNIFTY02JAN2421400PE.NFO,02/01/2024,09:16:34,35.5,35.4,560,35.5,200,50320,2232880
FINNIFTY02JAN2421400PE.NFO,02/01/2024,09:16:35,34.35,34.25,600,34.35,120,67120,2232880
FINNIFTY02JAN2421400PE.NFO,02/01/2024,09:16:35,34.45,34.3,3000,34.5,1320,10000,2232880
FINNIFTY02JAN2421400PE.NFO,02/01/2024,09:16:36,35,34.9,2520,35,200,136720,2232880
FINNIFTY02JAN2421400PE.NFO,02/01/2024,09:16:38,35.4,35.45,960,35.55,1360,65680,2232880
FINNIFTY02JAN2421400PE.NFO,02/01/2024,09:16:39,35.4,35.35,480,35.45,720,52440,2232880
FINNIFTY02JAN2421400PE.NFO,02/01/2024,09:16:40,34.65,34.65,80,34.75,1680,67520,2232880
FINNIFTY02JAN2421400PE.NFO,02/01/2024,09:16:41,34.55,34.6,40,34.75,360,64560,2232880
FINNIFTY02JAN2421400PE.NFO,02/01/2024,09:16:42,34.4,34.25,1040,34.4,2720,43640,2232880
FINNIFTY02JAN2421400PE.NFO,02/01/2024,09:16:43,34.25,34.2,2560,34.35,1000,40480,2232880
FINNIFTY02JAN2421400PE.NFO,02/01/2024,09:16:43,34.4,34.25,1760,34.4,2560,3920,2232880
FINNIFTY02JAN2421400PE.NFO,02/01/2024,09:16:45,32.7,32.55,440,32.65,960,89320,2232880
FINNIFTY02JAN2421400PE.NFO,02/01/2024,09:16:46,32.75,32.7,1200,32.85,1000,39040,2232880
FINNIFTY02JAN2421400PE.NFO,02/01/2024,09:16:47,33.1,33,120,33.1,2560,50800,2232880
FINNIFTY02JAN2421400PE.NFO,02/01/2024,09:16:48,32.5,32.4,960,32.5,480,46600,2232880
FINNIFTY02JAN2421400PE.NFO,02/01/2024,09:16:49,32,32,24320,32.1,600,43640,2232880
FINNIFTY02JAN2421400PE.NFO,02/01/2024,09:16:50,32.05,32.15,40,32.2,1040,49800,2232880
FINNIFTY02JAN2421400PE.NFO,02/01/2024,09:16:50,32.5,32.4,1040,32.5,280,17360,2232880
FINNIFTY02JAN2421400PE.NFO,02/01/2024,09:16:51,32.65,32.6,360,32.7,9800,34600,2232880
FINNIFTY02JAN2421400PE.NFO,02/01/2024,09:16:53,32.2,32.2,640,32.35,2720,61840,2232880
FINNIFTY02JAN2421400PE.NFO,02/01/2024,09:16:54,32.85,32.85,3480,33,160,54520,2232880
FINNIFTY02JAN2421400PE.NFO,02/01/2024,09:16:55,33.15,33.15,120,33.2,40,44360,2232880
FINNIFTY02JAN2421400PE.NFO,02/01/2024,09:16:56,33.1,33.1,320,33.2,200,61200,2232880
FINNIFTY02JAN2421400PE.NFO,02/01/2024,09:16:57,32.95,32.75,200,32.85,2320,34240,2232880
FINNIFTY02JAN2421400PE.NFO,02/01/2024,09:16:57,32.6,32.6,120,32.65,80,6920,2232880
FINNIFTY02JAN2421400PE.NFO,02/01/2024,09:16:59,32.4,32.35,200,32.45,1120,45000,2232880
FINNIFTY02JAN2421400PE.NFO,02/01/2024,09:17:00,31.75,31.7,600,31.75,120,104880,2232880
FINNIFTY02JAN2421400PE.NFO,02/01/2024,09:17:01,31.45,31.35,2040,31.5,1080,271960,2232880
FINNIFTY02JAN2421400PE.NFO,02/01/2024,09:17:02,32.2,32.2,3640,32.35,7320,116480,2232880
FINNIFTY02JAN2421400PE.NFO,02/01/2024,09:17:03,31.85,31.8,600,31.9,2040,77960,2232880
FINNIFTY02JAN2421400PE.NFO,02/01/2024,09:17:03,31.95,31.8,920,31.9,1920,22160,2232880
FINNIFTY02JAN2421400PE.NFO,02/01/2024,09:17:04,32.55,32.55,800,32.65,800,61040,2232880
FINNIFTY02JAN2421400PE.NFO,02/01/2024,09:17:06,32.3,32.3,80,32.4,1720,65720,2232880
FINNIFTY02JAN2421400PE.NFO,02/01/2024,09:17:07,31.85,31.85,200,31.95,120,68720,2232880
FINNIFTY02JAN2421400PE.NFO,02/01/2024,09:17:08,31.85,31.85,320,31.95,1680,38720,2232880
FINNIFTY02JAN2421400PE.NFO,02/01/2024,09:17:09,32.3,32.3,2000,32.45,2720,38280,2232880
FINNIFTY02JAN2421400PE.NFO,02/01/2024,09:17:10,32.7,32.55,2600,32.65,1120,36920,2232880
FINNIFTY02JAN2421400PE.NFO,02/01/2024,09:17:10,33,32.85,2960,33,18720,11520,2232880
FINNIFTY02JAN2421400PE.NFO,02/01/2024,09:17:12,32.9,32.8,960,32.9,2160,31840,2232880
FINNIFTY02JAN2421400PE.NFO,02/01/2024,09:17:13,32.6,32.6,40,32.7,6120,28480,2232880
FINNIFTY02JAN2421400PE.NFO,02/01/2024,09:17:14,32.55,32.45,2680,32.55,40,34200,2232880
FINNIFTY02JAN2421400PE.NFO,02/01/2024,09:17:15,32.4,32.4,3560,32.5,720,47080,2232880
FINNIFTY02JAN2421400PE.NFO,02/01/2024,09:17:16,32.15,32.05,80,32.15,1120,45520,2232880
FINNIFTY02JAN2421400PE.NFO,02/01/2024,09:17:16,32.05,32,8920,32.1,800,6320,2232880
FINNIFTY02JAN2421400PE.NFO,02/01/2024,09:17:18,31.05,31.05,1200,31.2,3040,66760,2232880
FINNIFTY02JAN2421400PE.NFO,02/01/2024,09:17:19,30.8,30.8,160,30.9,1680,71480,2232880
FINNIFTY02JAN2421400PE.NFO,02/01/2024,09:17:20,31.05,31,1920,31.1,920,84720,2232880
FINNIFTY02JAN2421400PE.NFO,02/01/2024,09:17:21,30.9,30.9,3600,31.05,2920,57160,2232880
FINNIFTY02JAN2421400PE.NFO,02/01/2024,09:17:22,31.05,30.9,1880,31,720,55760,2232880
FINNIFTY02JAN2421400PE.NFO,02/01/2024,09:17:23,31.25,31.25,1880,31.35,640,61880,2232880
FINNIFTY02JAN2421400PE.NFO,02/01/2024,09:17:23,31.15,31.05,120,31.15,1880,7960,2232880
FINNIFTY02JAN2421400PE.NFO,02/01/2024,09:17:25,31.7,31.65,240,31.7,360,52320,2232880
FINNIFTY02JAN2421400PE.NFO,02/01/2024,09:17:26,31.55,31.5,240,31.6,2040,40400,2232880
FINNIFTY02JAN2421400PE.NFO,02/01/2024,09:17:27,31.9,31.85,360,31.95,1240,46640,5084240
FINNIFTY02JAN2421400PE.NFO,02/01/2024,09:17:28,32.7,32.55,2600,32.65,80,76280,5084240
FINNIFTY02JAN2421400PE.NFO,02/01/2024,09:17:29,33.15,33.05,40,33.15,2920,63240,5084240
FINNIFTY02JAN2421400PE.NFO,02/01/2024,09:17:29,33.05,33.05,200,33.2,4160,9920,5084240
FINNIFTY02JAN2421400PE.NFO,02/01/2024,09:17:31,33.6,33.6,4720,33.75,800,63840,5084240
FINNIFTY02JAN2421400PE.NFO,02/01/2024,09:17:32,33.35,33.3,1760,33.45,1520,85840,5084240
FINNIFTY02JAN2421400PE.NFO,02/01/2024,09:17:33,32.7,32.7,1680,32.8,880,95080,5084240
FINNIFTY02JAN2421400PE.NFO,02/01/2024,09:17:34,32.9,32.8,480,32.9,1720,56160,5084240
FINNIFTY02JAN2421400PE.NFO,02/01/2024,09:17:35,32.75,32.6,3400,32.75,1160,69880,5084240
FINNIFTY02JAN2421400PE.NFO,02/01/2024,09:17:36,32.7,32.7,2320,32.8,640,4480,5084240
FINNIFTY02JAN2421400PE.NFO,02/01/2024,09:17:37,32.75,32.7,840,32.8,640,60200,5084240
FINNIFTY02JAN2421400PE.NFO,02/01/2024,09:17:38,31.75,31.65,1320,31.8,2960,69520,5084240
FINNIFTY02JAN2421400PE.NFO,02/01/2024,09:17:39,32.9,32.9,280,33,5600,40040,5084240
FINNIFTY02JAN2421400PE.NFO,02/01/2024,09:17:40,33.65,33.5,5960,33.65,80,45160,5084240
FINNIFTY02JAN2421400PE.NFO,02/01/2024,09:17:41,34.1,33.95,4080,34.1,600,58760,5084240
FINNIFTY02JAN2421400PE.NFO,02/01/2024,09:17:42,33.95,33.8,600,33.95,3000,67960,5084240
FINNIFTY02JAN2421400PE.NFO,02/01/2024,09:17:43,33.8,33.7,2320,33.8,520,10760,5084240
FINNIFTY02JAN2421400PE.NFO,02/01/2024,09:17:44,33.75,33.7,2080,33.85,2400,49680,5084240
FINNIFTY02JAN2421400PE.NFO,02/01/2024,09:17:45,34.3,34.2,360,34.3,1040,56520,5084240
FINNIFTY02JAN2421400PE.NFO,02/01/2024,09:17:46,34.5,34.4,1360,34.55,2120,47400,5084240
FINNIFTY02JAN2421400PE.NFO,02/01/2024,09:17:47,34.95,34.85,1320,34.95,40,99880,5084240
FINNIFTY02JAN2421400PE.NFO,02/01/2024,09:17:48,34.35,34.25,1360,34.35,720,79000,5084240
FINNIFTY02JAN2421400PE.NFO,02/01/2024,09:17:49,34.2,34.1,840,34.2,1200,10600,5084240
FINNIFTY02JAN2421400PE.NFO,02/01/2024,09:17:50,33.6,33.6,520,33.7,1040,71480,5084240
FINNIFTY02JAN2421400PE.NFO,02/01/2024,09:17:51,33.4,33.35,3480,33.5,760,78240,5084240
FINNIFTY02JAN2421400PE.NFO,02/01/2024,09:17:52,33.1,33.15,1400,33.25,400,95360,5084240
FINNIFTY02JAN2421400PE.NFO,02/01/2024,09:17:53,33.15,33.05,1840,33.15,120,52040,5084240
FINNIFTY02JAN2421400PE.NFO,02/01/2024,09:17:54,33.85,33.8,920,33.85,240,40920,5084240
FINNIFTY02JAN2421400PE.NFO,02/01/2024,09:17:55,33.8,33.65,2720,33.8,3480,43040,5084240
FINNIFTY02JAN2421400PE.NFO,02/01/2024,09:17:56,33.7,33.6,2640,33.75,440,6040,5084240
FINNIFTY02JAN2421400PE.NFO,02/01/2024,09:17:57,33.5,33.35,1520,33.5,4640,52080,5084240
FINNIFTY02JAN2421400PE.NFO,02/01/2024,09:17:58,33.3,33.25,5720,33.4,2760,25960,5084240
FINNIFTY02JAN2421400PE.NFO,02/01/2024,09:17:59,33.6,33.6,4440,33.75,1720,51960,5084240
FINNIFTY02JAN2421400PE.NFO,02/01/2024,09:18:00,33.45,33.35,2320,33.5,1400,86720,5084240
FINNIFTY02JAN2421400PE.NFO,02/01/2024,09:18:01,33.35,33.25,600,33.35,1080,131240,5084240
FINNIFTY02JAN2421400PE.NFO,02/01/2024,09:18:02,33.05,33,15360,33.1,1200,17360,5084240
FINNIFTY02JAN2421400PE.NFO,02/01/2024,09:18:03,32.8,32.65,2320,32.8,3480,49040,5084240
FINNIFTY02JAN2421400PE.NFO,02/01/2024,09:18:04,32.4,32.3,1520,32.45,1240,55360,5084240
FINNIFTY02JAN2421400PE.NFO,02/01/2024,09:18:05,32.4,32.4,280,32.45,240,40640,5084240
FINNIFTY02JAN2421400PE.NFO,02/01/2024,09:18:06,32.1,32.1,3280,32.25,1360,46920,5084240
FINNIFTY02JAN2421400PE.NFO,02/01/2024,09:18:07,31.85,31.8,240,31.85,520,82000,5084240
FINNIFTY02JAN2421400PE.NFO,02/01/2024,09:18:08,31.75,31.75,240,31.8,1680,72400,5084240
FINNIFTY02JAN2421400PE.NFO,02/01/2024,09:18:09,32.1,32.1,920,32.2,3200,4720,5084240
FINNIFTY02JAN2421400PE.NFO,02/01/2024,09:18:10,31.9,31.9,1960,32,1240,41040,5084240
FINNIFTY02JAN2421400PE.NFO,02/01/2024,09:18:11,32.55,32.55,2320,32.65,960,34480,5084240
FINNIFTY02JAN2421400PE.NFO,02/01/2024,09:18:12,32.9,32.9,280,33,4800,39680,5084240
FINNIFTY02JAN2421400PE.NFO,02/01/2024,09:18:13,32.4,32.4,2920,32.5,1320,49120,5084240
FINNIFTY02JAN2421400PE.NFO,02/01/2024,09:18:14,32.6,32.7,1760,32.75,1640,35640,5084240
FINNIFTY02JAN2421400PE.NFO,02/01/2024,09:18:15,32.6,32.5,320,32.55,760,10480,5084240
FINNIFTY02JAN2421400PE.NFO,02/01/2024,09:18:16,33.2,33.15,160,33.2,1880,43840,5084240
FINNIFTY02JAN2421400PE.NFO,02/01/2024,09:18:17,33.65,33.6,2440,33.7,440,30680,5084240
FINNIFTY02JAN2421400PE.NFO,02/01/2024,09:18:18,34.35,34.3,1320,34.4,3200,75320,5084240
FINNIFTY02JAN2421400PE.NFO,02/01/2024,09:18:19,35,34.9,1080,35,9040,77680,5084240
FINNIFTY02JAN2421400PE.NFO,02/01/2024,09:18:20,36.25,36.2,920,36.3,1760,146320,5084240
FINNIFTY02JAN2421400PE.NFO,02/01/2024,09:18:21,35.25,35.2,2160,35.35,2600,97000,5084240
FINNIFTY02JAN2421400PE.NFO,02/01/2024,09:18:22,35.1,35.1,240,35.2,2240,19480,5084240
FINNIFTY02JAN2421400PE.NFO,02/01/2024,09:18:23,34.6,34.5,120,34.6,2600,81840,5084240
FINNIFTY02JAN2421400PE.NFO,02/01/2024,09:18:24,35.4,35.3,2640,35.4,1280,53040,5084240
FINNIFTY02JAN2421400PE.NFO,02/01/2024,09:18:25,35.75,35.7,2280,35.8,680,40520,5084240
FINNIFTY02JAN2421400PE.NFO,02/01/2024,09:18:26,35.6,35.55,1440,35.65,360,81040,5084240
FINNIFTY02JAN2421400PE.NFO,02/01/2024,09:18:27,34.85,34.85,920,34.9,480,69560,5084240
FINNIFTY02JAN2421400PE.NFO,02/01/2024,09:18:28,34.5,34.35,640,34.45,4440,16080,5084240
FINNIFTY02JAN2421400PE.NFO,02/01/2024,09:18:29,34.55,34.4,3240,34.55,4680,42440,5084240
FINNIFTY02JAN2421400PE.NFO,02/01/2024,09:18:30,34.75,34.65,800,34.75,1560,54200,5084240
FINNIFTY02JAN2421400PE.NFO,02/01/2024,09:18:31,34.8,34.7,520,34.8,3200,33400,5084240
FINNIFTY02JAN2421400PE.NFO,02/01/2024,09:18:32,34.95,34.95,4000,35.1,5640,62320,5084240
FINNIFTY02JAN2421400PE.NFO,02/01/2024,09:18:33,35.35,35.25,2400,35.4,4400,45760,5084240
FINNIFTY02JAN2421400PE.NFO,02/01/2024,09:18:34,35.05,34.95,400,35.05,1160,73480,5084240
FINNIFTY02JAN2421400PE.NFO,02/01/2024,09:18:35,34.9,34.85,720,34.95,3280,60760,5084240
FINNIFTY02JAN2421400PE.NFO,02/01/2024,09:18:36,34.8,34.8,760,34.9,3320,12400,5084240
FINNIFTY02JAN2421400PE.NFO,02/01/2024,09:18:37,34.7,34.7,3560,34.85,320,53440,5084240
FINNIFTY02JAN2421400PE.NFO,02/01/2024,09:18:38,34.15,34.1,3320,34.2,480,46000,5084240
FINNIFTY02JAN2421400PE.NFO,02/01/2024,09:18:39,34.25,34.15,1200,34.25,2360,54240,5084240
FINNIFTY02JAN2421400PE.NFO,02/01/2024,09:18:40,33.8,33.75,2640,33.9,3040,50920,5084240
FINNIFTY02JAN2421400PE.NFO,02/01/2024,09:18:41,34.05,34.05,3440,34.2,4240,57520,5084240
FINNIFTY02JAN2421400PE.NFO,02/01/2024,09:18:42,33.85,33.75,560,33.85,1280,7120,5084240
FINNIFTY02JAN2421400PE.NFO,02/01/2024,09:18:43,33.9,33.8,3560,33.9,1840,37240,5084240
FINNIFTY02JAN2421400PE.NFO,02/01/2024,09:18:44,33.05,33.05,120,33.15,5120,45000,5084240
FINNIFTY02JAN2421400PE.NFO,02/01/2024,09:18:45,32.8,32.85,80,32.95,3240,63080,5084240
FINNIFTY02JAN2421400PE.NFO,02/01/2024,09:18:46,33.1,33,1560,33.1,880,66000,5084240
FINNIFTY02JAN2421400PE.NFO,02/01/2024,09:18:47,33,33.05,520,33.1,1520,34240,5084240
FINNIFTY02JAN2421400PE.NFO,02/01/2024,09:18:48,33.15,33.05,2560,33.15,240,71160,5084240
FINNIFTY02JAN2421400PE.NFO,02/01/2024,09:18:49,32.95,32.85,720,32.95,520,5160,5084240
FINNIFTY02JAN2421400PE.NFO,02/01/2024,09:18:50,32.5,32.4,3240,32.5,920,56920,5084240
FINNIFTY02JAN2421400PE.NFO,02/01/2024,09:18:51,32.25,32.15,2280,32.25,480,58720,5084240
FINNIFTY02JAN2421400PE.NFO,02/01/2024,09:18:52,32.15,32.1,520,32.15,1600,35880,5084240
FINNIFTY02JAN2421400PE.NFO,02/01/2024,09:18:53,32.1,32.1,320,32.15,600,78360,5084240
FINNIFTY02JAN2421400PE.NFO,02/01/2024,09:18:54,32.2,32.1,1720,32.2,2320,35760,5084240
FINNIFTY02JAN2421400PE.NFO,02/01/2024,09:18:55,32.2,32.2,2160,32.25,880,6720,5084240
FINNIFTY02JAN2421400PE.NFO,02/01/2024,09:18:56,32,31.95,680,32.05,3120,57200,5084240
FINNIFTY02JAN2421400PE.NFO,02/01/2024,09:18:57,32.2,32.1,4280,32.2,1160,67880,5084240
FINNIFTY02JAN2421400PE.NFO,02/01/2024,09:18:58,32.45,32.4,160,32.45,200,45160,5084240
FINNIFTY02JAN2421400PE.NFO,02/01/2024,09:18:59,32.3,32.25,520,32.3,120,54000,5084240
FINNIFTY02JAN2421400PE.NFO,02/01/2024,09:19:00,32.05,31.95,1760,32.05,480,103240,5084240
FINNIFTY02JAN2421400PE.NFO,02/01/2024,09:19:01,31.45,31.4,440,31.5,920,155040,5084240
FINNIFTY02JAN2421400PE.NFO,02/01/2024,09:19:02,31.8,31.8,880,31.9,2520,13680,5084240
FINNIFTY02JAN2421400PE.NFO,02/01/2024,09:19:03,32.2,32.2,3000,32.25,560,58120,5084240
FINNIFTY02JAN2421400PE.NFO,02/01/2024,09:19:04,32.1,32.05,2120,32.15,1880,78120,5084240
FINNIFTY02JAN2421400PE.NFO,02/01/2024,09:19:05,32.25,32.2,1080,32.3,3280,66240,5084240
FINNIFTY02JAN2421400PE.NFO,02/01/2024,09:19:06,31.45,31.45,440,31.55,1560,39480,5084240
FINNIFTY02JAN2421400PE.NFO,02/01/2024,09:19:07,31.55,31.45,2840,31.55,640,35960,5084240
FINNIFTY02JAN2421400PE.NFO,02/01/2024,09:19:08,31.8,31.7,3400,31.85,1520,53800,5084240
FINNIFTY02JAN2421400PE.NFO,02/01/2024,09:19:09,32.1,32.1,3000,32.2,800,12720,5084240
FINNIFTY02JAN2421400PE.NFO,02/01/2024,09:19:10,31.65,31.55,1480,31.65,800,65480,5084240
FINNIFTY02JAN2421400PE.NFO,02/01/2024,09:19:11,31.45,31.35,1520,31.45,1040,58200,5084240
FINNIFTY02JAN2421400PE.NFO,02/01/2024,09:19:12,31.1,31.05,520,31.1,1480,60560,5084240
FINNIFTY02JAN2421400PE.NFO,02/01/2024,09:19:13,30.7,30.65,480,30.7,2080,214440,5084240
FINNIFTY02JAN2421400PE.NFO,02/01/2024,09:19:14,30.3,30.3,560,30.4,1400,70840,5084240
FINNIFTY02JAN2421400PE.NFO,02/01/2024,09:19:15,30.15,30.1,200,30.15,720,125240,5084240
FINNIFTY02JAN2421400PE.NFO,02/01/2024,09:19:16,30.45,30.45,1600,30.5,720,16200,5084240
FINNIFTY02JAN2421400PE.NFO,02/01/2024,09:19:17,30.6,30.55,40,30.65,4480,71440,5084240
FINNIFTY02JAN2421400PE.NFO,02/01/2024,09:19:18,30.45,30.35,3520,30.5,2920,52200,5084240
FINNIFTY02JAN2421400PE.NFO,02/01/2024,09:19:19,30.2,30.25,480,30.3,1280,39640,5084240
FINNIFTY02JAN2421400PE.NFO,02/01/2024,09:19:20,30.3,30.3,2080,30.4,600,78400,5084240
FINNIFTY02JAN2421400PE.NFO,02/01/2024,09:19:21,30.95,30.95,1360,31,2440,48160,5084240
FINNIFTY02JAN2421400PE.NFO,02/01/2024,09:19:22,31.05,31,3000,31.1,1440,10920,5084240
FINNIFTY02JAN2421400PE.NFO,02/01/2024,09:19:23,31.55,31.45,2600,31.55,1280,60240,5084240
FINNIFTY02JAN2421400PE.NFO,02/01/2024,09:19:24,31.95,31.9,2520,32,11680,44600,5084240
FINNIFTY02JAN2421400PE.NFO,02/01/2024,09:19:25,31.8,31.7,2880,31.8,560,50040,5084240
FINNIFTY02JAN2421400PE.NFO,02/01/2024,09:19:26,31.45,31.45,1560,31.55,2040,32920,5084240
FINNIFTY02JAN2421400PE.NFO,02/01/2024,09:19:27,31.85,31.8,40,31.85,160,43400,5084240
FINNIFTY02JAN2421400PE.NFO,02/01/2024,09:19:28,31.6,31.5,3360,31.6,1120,44280,5084240
FINNIFTY02JAN2421400PE.NFO,02/01/2024,09:19:29,31.65,31.6,240,31.7,2120,7400,5084240
FINNIFTY02JAN2421400PE.NFO,02/01/2024,09:19:30,31.3,31.2,3920,31.3,840,52160,5084240
FINNIFTY02JAN2421400PE.NFO,02/01/2024,09:19:31,31.25,31.15,2880,31.25,960,20840,5084240
FINNIFTY02JAN2421400PE.NFO,02/01/2024,09:19:32,31.3,31.15,3160,31.25,600,37000,5084240
FINNIFTY02JAN2421400PE.NFO,02/01/2024,09:19:33,31.45,31.35,2680,31.45,360,42400,5084240
FINNIFTY02JAN2421400PE.NFO,02/01/2024,09:19:34,30.85,30.85,200,30.95,3360,26120,5084240
FINNIFTY02JAN2421400PE.NFO,02/01/2024,09:19:35,30.65,30.5,5320,30.65,3240,29840,5084240
FINNIFTY02JAN2421400PE.NFO,02/01/2024,09:19:36,30.55,30.45,2480,30.6,2560,38320,5084240
FINNIFTY02JAN2421400PE.NFO,02/01/2024,09:19:37,30.8,30.75,2280,30.9,4880,45240,5084240
FINNIFTY02JAN2421400PE.NFO,02/01/2024,09:19:38,31,30.9,1680,31,1800,35880,5084240
FINNIFTY02JAN2421400PE.NFO,02/01/2024,09:19:39,31.25,31.15,4400,31.25,320,36440,5084240
FINNIFTY02JAN2421400PE.NFO,02/01/2024,09:19:40,31.15,31.15,840,31.25,2160,30280,5084240
FINNIFTY02JAN2421400PE.NFO,02/01/2024,09:19:41,31,31,6200,31.15,4040,31680,5084240
FINNIFTY02JAN2421400PE.NFO,02/01/2024,09:19:42,30.9,31,1880,31.1,2320,35080,5084240
FINNIFTY02JAN2421400PE.NFO,02/01/2024,09:19:43,31.3,31.3,2280,31.4,2320,33760,5084240
FINNIFTY02JAN2421400PE.NFO,02/01/2024,09:19:44,31.3,31.2,1560,31.3,360,26520,5084240
FINNIFTY02JAN2421400PE.NFO,02/01/2024,09:19:45,31.4,31.3,5280,31.4,560,28840,5084240
FINNIFTY02JAN2421400PE.NFO,02/01/2024,09:19:46,31.1,31,14680,31.1,640,28440,5084240
FINNIFTY02JAN2421400PE.NFO,02/01/2024,09:19:47,30.7,30.6,3480,30.7,1280,37560,5084240
FINNIFTY02JAN2421400PE.NFO,02/01/2024,09:19:48,30.9,30.85,520,30.9,1040,39520,5084240
FINNIFTY02JAN2421400PE.NFO,02/01/2024,09:19:49,30.7,30.6,2320,30.7,960,28240,5084240
FINNIFTY02JAN2421400PE.NFO,02/01/2024,09:19:50,30.5,30.4,1520,30.45,400,36080,5084240
FINNIFTY02JAN2421400PE.NFO,02/01/2024,09:19:51,30.55,30.6,520,30.7,3600,35680,5084240
FINNIFTY02JAN2421400PE.NFO,02/01/2024,09:19:52,31,30.9,3720,31,4320,20560,5084240
FINNIFTY02JAN2421400PE.NFO,02/01/2024,09:19:53,31.8,31.8,720,31.85,320,56200,5084240
FINNIFTY02JAN2421400PE.NFO,02/01/2024,09:19:54,31.65,31.7,280,31.75,2120,33880,5084240
FINNIFTY02JAN2421400PE.NFO,02/01/2024,09:19:55,31.35,31.3,400,31.35,560,29280,5084240
FINNIFTY02JAN2421400PE.NFO,02/01/2024,09:19:56,31.7,31.6,80,31.7,4040,34680,5084240
FINNIFTY02JAN2421400PE.NFO,02/01/2024,09:19:57,32.05,31.9,4880,32,2880,58480,5084240
FINNIFTY02JAN2421400PE.NFO,02/01/2024,09:19:58,31.95,31.95,280,32.05,2360,27760,5084240
FINNIFTY02JAN2421400PE.NFO,02/01/2024,09:19:59,32.3,32.15,4480,32.3,3960,54520,5084240
FINNIFTY02JAN2421400PE.NFO,02/01/2024,09:20:00,32,31.85,1040,31.95,720,71640,5084240
FINNIFTY02JAN2421400PE.NFO,02/01/2024,09:20:01,32.2,32.2,2640,32.3,720,147160,5084240
FINNIFTY02JAN2421400PE.NFO,02/01/2024,09:20:02,32.05,31.9,5040,32.05,3320,112480,5084240
FINNIFTY02JAN2421400PE.NFO,02/01/2024,09:20:03,31.8,31.7,4240,31.8,200,52480,5084240
FINNIFTY02JAN2421400PE.NFO,02/01/2024,09:20:04,31.65,31.6,120,31.65,360,32360,5084240
FINNIFTY02JAN2421400PE.NFO,02/01/2024,09:20:05,30.95,30.95,2280,31.1,3560,80760,5084240
FINNIFTY02JAN2421400PE.NFO,02/01/2024,09:20:06,30.9,30.75,3880,30.9,5000,37440,5084240
FINNIFTY02JAN2421400PE.NFO,02/01/2024,09:20:07,30.9,30.85,560,30.95,1680,33160,5084240
FINNIFTY02JAN2421400PE.NFO,02/01/2024,09:20:08,30.8,30.8,80,30.85,240,30440,5084240
FINNIFTY02JAN2421400PE.NFO,02/01/2024,09:20:09,31,30.95,400,31,880,39040,5084240
FINNIFTY02JAN2421400PE.NFO,02/01/2024,09:20:10,30.6,30.55,6840,30.65,1320,31400,5084240
FINNIFTY02JAN2421400PE.NFO,02/01/2024,09:20:11,30.55,30.55,40,30.6,2680,54680,5084240
FINNIFTY02JAN2421400PE.NFO,02/01/2024,09:20:12,30.45,30.4,1600,30.5,2200,26360,5084240
FINNIFTY02JAN2421400PE.NFO,02/01/2024,09:20:13,30.35,30.3,3720,30.35,40,48600,5084240
FINNIFTY02JAN2421400PE.NFO,02/01/2024,09:20:14,30.3,30.25,3000,30.4,6840,31520,5084240
FINNIFTY02JAN2421400PE.NFO,02/01/2024,09:20:15,30.3,30.25,4160,30.35,2400,35520,5084240
FINNIFTY02JAN2421400PE.NFO,02/01/2024,09:20:16,30.8,30.7,4280,30.8,400,28400,5084240
FINNIFTY02JAN2421400PE.NFO,02/01/2024,09:20:17,31.7,31.6,1240,31.7,3000,33560,5084240
FINNIFTY02JAN2421400PE.NFO,02/01/2024,09:20:18,31.2,31.2,4080,31.35,3880,42680,5084240
FINNIFTY02JAN2421400PE.NFO,02/01/2024,09:20:19,31.2,31.2,240,31.3,1880,28360,5084240
FINNIFTY02JAN2421400PE.NFO,02/01/2024,09:20:20,31.05,30.95,3160,31.05,1040,31600,5084240
FINNIFTY02JAN2421400PE.NFO,02/01/2024,09:20:21,31.05,31,2200,31.1,3280,26120,5084240
FINNIFTY02JAN2421400PE.NFO,02/01/2024,09:20:22,31.1,31.05,2440,31.1,280,18960,5084240
FINNIFTY02JAN2421400PE.NFO,02/01/2024,09:20:23,31.3,31.15,3880,31.3,2680,21080,5084240
FINNIFTY02JAN2421400PE.NFO,02/01/2024,09:20:24,31.25,31.25,880,31.35,1840,32440,5084240
FINNIFTY02JAN2421400PE.NFO,02/01/2024,09:20:25,31.8,31.8,40,31.9,2360,28040,5084240
FINNIFTY02JAN2421400PE.NFO,02/01/2024,09:20:26,31.8,31.65,1640,31.75,4040,22840,5084240
FINNIFTY02JAN2421400PE.NFO,02/01/2024,09:20:27,31.85,31.8,4920,31.9,240,24600,5084240
FINNIFTY02JAN2421400PE.NFO,02/01/2024,09:20:28,32,32,760,32.1,2920,31560,6907200
FINNIFTY02JAN2421400PE.NFO,02/01/2024,09:20:29,31.95,31.95,3880,32.05,120,30920,6907200
FINNIFTY02JAN2421400PE.NFO,02/01/2024,09:20:30,31.95,31.85,520,31.95,3440,45800,6907200
FINNIFTY02JAN2421400PE.NFO,02/01/2024,09:20:31,32.1,31.95,2760,32.1,7080,39160,6907200
FINNIFTY02JAN2421400PE.NFO,02/01/2024,09:20:32,32.1,32.1,280,32.2,4680,48640,6907200
FINNIFTY02JAN2421400PE.NFO,02/01/2024,09:20:34,32.1,32,4000,32.1,4880,40080,6907200
FINNIFTY02JAN2421400PE.NFO,02/01/2024,09:20:34,32,31.9,3440,32.05,4440,11040,6907200
FINNIFTY02JAN2421400PE.NFO,02/01/2024,09:20:35,32.45,32.35,1760,32.45,200,33040,6907200
FINNIFTY02JAN2421400PE.NFO,02/01/2024,09:20:36,32.25,32.15,480,32.25,4840,51440,6907200
FINNIFTY02JAN2421400PE.NFO,02/01/2024,09:20:37,32.7,32.6,3440,32.75,2200,39840,6907200
FINNIFTY02JAN2421400PE.NFO,02/01/2024,09:20:38,32.45,32.35,1800,32.45,2560,45160,6907200
FINNIFTY02JAN2421400PE.NFO,02/01/2024,09:20:39,32.4,32.3,680,32.4,5080,37280,6907200
FINNIFTY02JAN2421400PE.NFO,02/01/2024,09:20:41,31.9,31.9,2160,32,5000,77600,6907200
FINNIFTY02JAN2421400PE.NFO,02/01/2024,09:20:41,31.95,31.9,1640,32,3280,3120,6907200
FINNIFTY02JAN2421400PE.NFO,02/01/2024,09:20:42,31.85,31.85,280,31.9,1200,33040,6907200
FINNIFTY02JAN2421400PE.NFO,02/01/2024,09:20:43,31.85,31.9,880,32,960,48480,6907200
FINNIFTY02JAN2421400PE.NFO,02/01/2024,09:20:44,31.25,31.25,960,31.3,600,32600,6907200
FINNIFTY02JAN2421400PE.NFO,02/01/2024,09:20:45,31.15,31,9280,31.15,3640,46560,6907200
FINNIFTY02JAN2421400PE.NFO,02/01/2024,09:20:47,30.95,30.9,40,30.95,2760,52680,6907200
FINNIFTY02JAN2421400PE.NFO,02/01/2024,09:20:48,30.95,30.9,5800,31.05,3840,33600,6907200
FINNIFTY02JAN2421400PE.NFO,02/01/2024,09:20:48,31.05,31,520,31.1,3040,5800,6907200
FINNIFTY02JAN2421400PE.NFO,02/01/2024,09:20:49,31,30.95,240,31,680,20640,6907200
FINNIFTY02JAN2421400PE.NFO,02/01/2024,09:20:50,30.65,30.65,80,30.75,3320,31080,6907200
FINNIFTY02JAN2421400PE.NFO,02/01/2024,09:20:51,30.6,30.5,3160,30.6,400,33000,6907200
FINNIFTY02JAN2421400PE.NFO,02/01/2024,09:20:52,30.35,30.35,960,30.45,3080,51360,6907200
FINNIFTY02JAN2421400PE.NFO,02/01/2024,09:20:53,30.5,30.35,960,30.45,2960,47040,6907200
FINNIFTY02JAN2421400PE.NFO,02/01/2024,09:20:54,30.5,30.5,1920,30.6,3200,24760,6907200
FINNIFTY02JAN2421400PE.NFO,02/01/2024,09:20:55,30.85,30.85,2480,30.95,720,29200,6907200
FINNIFTY02JAN2421400PE.NFO,02/01/2024,09:20:56,30.45,30.4,1760,30.5,4600,24280,6907200
FINNIFTY02JAN2421400PE.NFO,02/01/2024,09:20:57,31,31.05,80,31.15,3920,26800,6907200
FINNIFTY02JAN2421400PE.NFO,02/01/2024,09:20:59,31.2,31.05,4080,31.2,5160,28840,6907200
FINNIFTY02JAN2421400PE.NFO,02/01/2024,09:21:00,31.1,31.1,3920,31.2,160,27320,6907200
FINNIFTY02JAN2421400PE.NFO,02/01/2024,09:21:00,31.4,31.25,3400,31.4,4160,3840,6907200
FINNIFTY02JAN2421400PE.NFO,02/01/2024,09:21:01,30.8,30.8,720,30.85,400,64040,6907200
FINNIFTY02JAN2421400PE.NFO,02/01/2024,09:21:02,30.85,30.85,760,30.95,1760,36080,6907200
FINNIFTY02JAN2421400PE.NFO,02/01/2024,09:21:03,30.55,30.55,4560,30.65,3960,32560,6907200
FINNIFTY02JAN2421400PE.NFO,02/01/2024,09:21:04,30.2,30.2,1960,30.3,1320,46080,6907200
FINNIFTY02JAN2421400PE.NFO,02/01/2024,09:21:05,29.35,29.35,160,29.4,1040,352960,6907200
FINNIFTY02JAN2421400PE.NFO,02/01/2024,09:21:06,29,29,2400,29.1,520,99560,6907200
FINNIFTY02JAN2421400PE.NFO,02/01/2024,09:21:07,29.45,29.4,2440,29.45,400,321000,6907200
FINNIFTY02JAN2421400PE.NFO,02/01/2024,09:21:08,29.55,29.55,40,29.6,2480,105200,6907200
FINNIFTY02JAN2421400PE.NFO,02/01/2024,09:21:09,29.4,29.3,4200,29.4,920,91640,6907200
FINNIFTY02JAN2421400PE.NFO,02/01/2024,09:21:10,29.05,29.05,40,29.1,2640,72520,6907200
FINNIFTY02JAN2421400PE.NFO,02/01/2024,09:21:11,28.55,28.4,5080,28.55,1360,61160,6907200
FINNIFTY02JAN2421400PE.NFO,02/01/2024,09:21:12,28.3,28.3,480,28.4,3840,63040,6907200
FINNIFTY02JAN2421400PE.NFO,02/01/2024,09:21:13,28.5,28.5,3320,28.6,320,89440,6907200
FINNIFTY02JAN2421400PE.NFO,02/01/2024,09:21:14,28.85,28.85,40,28.9,2240,67520,6907200
FINNIFTY02JAN2421400PE.NFO,02/01/2024,09:21:15,28.95,28.85,2960,29,4120,48160,6907200
FINNIFTY02JAN2421400PE.NFO,02/01/2024,09:21:16,29.6,29.5,4160,29.65,400,38640,6907200
FINNIFTY02JAN2421400PE.NFO,02/01/2024,09:21:17,29.55,29.55,1360,29.65,1600,87800,6907200
FINNIFTY02JAN2421400PE.NFO,02/01/2024,09:21:18,29.4,29.35,120,29.45,2640,46000,6907200
FINNIFTY02JAN2421400PE.NFO,02/01/2024,09:21:19,29.4,29.3,1840,29.4,1800,47960,6907200
FINNIFTY02JAN2421400PE.NFO,02/01/2024,09:21:20,29.45,29.5,160,29.6,760,36080,6907200
FINNIFTY02JAN2421400PE.NFO,02/01/2024,09:21:21,29.5,29.4,280,29.5,2800,27720,6907200
FINNIFTY02JAN2421400PE.NFO,02/01/2024,09:21:22,29.1,29,5760,29.1,4640,41840,6907200
FINNIFTY02JAN2421400PE.NFO,02/01/2024,09:21:23,28.65,28.65,2920,28.8,3720,55240,6907200
FINNIFTY02JAN2421400PE.NFO,02/01/2024,09:21:24,28.6,28.5,3080,28.65,3160,42360,6907200
FINNIFTY02JAN2421400PE.NFO,02/01/2024,09:21:25,28.25,28.25,4440,28.35,1320,62440,6907200
FINNIFTY02JAN2421400PE.NFO,02/01/2024,09:21:26,27.9,27.9,80,27.95,2360,180160,6907200
FINNIFTY02JAN2421400PE.NFO,02/01/2024,09:21:27,27.65,27.55,2600,27.65,1920,118120,6907200
FINNIFTY02JAN2421400PE.NFO,02/01/2024,09:21:28,27.25,27.15,440,27.25,320,286680,6907200
FINNIFTY02JAN2421400PE.NFO,02/01/2024,09:21:29,27.35,27.35,1040,27.45,800,104720,6907200
FINNIFTY02JAN2421400PE.NFO,02/01/2024,09:21:30,28,28,120,28.05,1720,105640,6907200
FINNIFTY02JAN2421400PE.NFO,02/01/2024,09:21:31,27.8,27.7,2520,27.85,3440,63920,6907200
FINNIFTY02JAN2421400PE.NFO,02/01/2024,09:21:32,27.8,27.6,1480,27.7,200,52520,6907200
FINNIFTY02JAN2421400PE.NFO,02/01/2024,09:21:33,27.1,27.2,1320,27.25,1480,56120,6907200
FINNIFTY02JAN2421400PE.NFO,02/01/2024,09:21:34,27.75,27.65,120,27.75,1320,57000,6907200
FINNIFTY02JAN2421400PE.NFO,02/01/2024,09:21:35,28,27.95,3040,28.05,80,72120,6907200
FINNIFTY02JAN2421400PE.NFO,02/01/2024,09:21:36,28.65,28.65,1800,28.8,4440,50960,6907200
FINNIFTY02JAN2421400PE.NFO,02/01/2024,09:21:37,28.4,28.45,40,28.55,4520,70560,6907200
FINNIFTY02JAN2421400PE.NFO,02/01/2024,09:21:38,28.45,28.4,1320,28.5,1600,105440,6907200
FINNIFTY02JAN2421400PE.NFO,02/01/2024,09:21:39,28.55,28.45,3440,28.6,1520,36120,6907200
FINNIFTY02JAN2421400PE.NFO,02/01/2024,09:21:40,28.7,28.55,1880,28.7,3760,35680,6907200
FINNIFTY02JAN2421400PE.NFO,02/01/2024,09:21:41,28.6,28.55,360,28.65,4000,48840,6907200
FINNIFTY02JAN2421400PE.NFO,02/01/2024,09:21:42,28.8,28.8,4440,28.9,640,50320,6907200
FINNIFTY02JAN2421400PE.NFO,02/01/2024,09:21:43,29,29,640,29.1,1080,65080,6907200
FINNIFTY02JAN2421400PE.NFO,02/01/2024,09:21:44,28.85,28.85,3680,28.95,640,31600,6907200
FINNIFTY02JAN2421400PE.NFO,02/01/2024,09:21:45,29.15,29,3920,29.15,3320,38880,6907200
FINNIFTY02JAN2421400PE.NFO,02/01/2024,09:21:46,29,28.95,120,29,720,33280,6907200
FINNIFTY02JAN2421400PE.NFO,02/01/2024,09:21:47,29,29,3680,29.15,4240,55360,6907200
FINNIFTY02JAN2421400PE.NFO,02/01/2024,09:21:48,29.15,29,4000,29.15,4040,36960,6907200
FINNIFTY02JAN2421400PE.NFO,02/01/2024,09:21:49,28.9,28.75,4480,28.9,2920,43800,6907200
FINNIFTY02JAN2421400PE.NFO,02/01/2024,09:21:50,28.9,28.85,3120,28.95,200,52680,6907200
FINNIFTY02JAN2421400PE.NFO,02/01/2024,09:21:51,28.9,28.9,3640,29,1760,44400,6907200
FINNIFTY02JAN2421400PE.NFO,02/01/2024,09:21:52,28.7,28.65,2280,28.75,1120,54440,6907200
FINNIFTY02JAN2421400PE.NFO,02/01/2024,09:21:54,28.9,28.8,4840,28.9,200,41960,6907200
FINNIFTY02JAN2421400PE.NFO,02/01/2024,09:21:55,28.65,28.65,4080,28.75,760,26400,6907200
FINNIFTY02JAN2421400PE.NFO,02/01/2024,09:21:56,28.55,28.55,1920,28.65,1440,29000,6907200
FINNIFTY02JAN2421400PE.NFO,02/01/2024,09:21:57,28.55,28.4,5360,28.55,4000,46400,6907200
FINNIFTY02JAN2421400PE.NFO,02/01/2024,09:21:58,28.15,28.15,3600,28.25,920,47360,6907200
FINNIFTY02JAN2421400PE.NFO,02/01/2024,09:21:59,28.15,28.05,1320,28.15,3080,31440,6907200
FINNIFTY02JAN2421400PE.NFO,02/01/2024,09:22:00,28.1,28.1,5640,28.2,2280,99560,6907200
FINNIFTY02JAN2421400PE.NFO,02/01/2024,09:22:01,28.25,28.25,320,28.35,5040,66640,6907200
FINNIFTY02JAN2421400PE.NFO,02/01/2024,09:22:02,28.45,28.35,2000,28.45,1200,39440,6907200
FINNIFTY02JAN2421400PE.NFO,02/01/2024,09:22:03,28.45,28.4,600,28.5,4880,40920,6907200
FINNIFTY02JAN2421400PE.NFO,02/01/2024,09:22:03,28.1,28,2440,28.1,1200,13160,6907200
FINNIFTY02JAN2421400PE.NFO,02/01/2024,09:22:04,28.25,28.25,4480,28.4,2640,62800,6907200
FINNIFTY02JAN2421400PE.NFO,02/01/2024,09:22:05,28.15,28.1,40,28.15,4000,25320,6907200
FINNIFTY02JAN2421400PE.NFO,02/01/2024,09:22:06,28.4,28.4,2640,28.5,3880,28760,6907200
FINNIFTY02JAN2421400PE.NFO,02/01/2024,09:22:07,28.65,28.6,2400,28.7,1840,32560,6907200
FINNIFTY02JAN2421400PE.NFO,02/01/2024,09:22:08,28.65,28.65,5000,28.7,480,38600,6907200
FINNIFTY02JAN2421400PE.NFO,02/01/2024,09:22:09,28.6,28.6,5520,28.7,920,35640,6907200
FINNIFTY02JAN2421400PE.NFO,02/01/2024,09:22:10,28.7,28.6,1560,28.7,4720,35160,6907200
FINNIFTY02JAN2421400PE.NFO,02/01/2024,09:22:12,28.45,28.35,4480,28.45,3240,27640,6907200
FINNIFTY02JAN2421400PE.NFO,02/01/2024,09:22:13,28.3,28.3,280,28.35,1840,32120,6907200
FINNIFTY02JAN2421400PE.NFO,02/01/2024,09:22:13,28.1,28.1,4200,28.2,2080,11080,6907200
FINNIFTY02JAN2421400PE.NFO,02/01/2024,09:22:14,28.45,28.35,3280,28.45,2520,37560,6907200
FINNIFTY02JAN2421400PE.NFO,02/01/2024,09:22:15,28.6,28.55,9680,28.65,480,49080,6907200
FINNIFTY02JAN2421400PE.NFO,02/01/2024,09:22:16,29.15,29.05,4160,29.15,3280,77040,6907200
FINNIFTY02JAN2421400PE.NFO,02/01/2024,09:22:18,29.4,29.3,4800,29.4,1680,38640,6907200
FINNIFTY02JAN2421400PE.NFO,02/01/2024,09:22:19,29.35,29.3,1920,29.4,7000,46800,6907200
FINNIFTY02JAN2421400PE.NFO,02/01/2024,09:22:20,29.1,29.05,3480,29.15,680,51600,6907200
FINNIFTY02JAN2421400PE.NFO,02/01/2024,09:22:21,29.4,29.3,3360,29.4,1920,54000,6907200
FINNIFTY02JAN2421400PE.NFO,02/01/2024,09:22:22,29.2,29.1,560,29.2,6480,35520,6907200
FINNIFTY02JAN2421400PE.NFO,02/01/2024,09:22:22,29.2,29.15,120,29.2,240,5560,6907200
FINNIFTY02JAN2421400PE.NFO,02/01/2024,09:22:23,29.7,29.55,5800,29.7,4320,44080,6907200
FINNIFTY02JAN2421400PE.NFO,02/01/2024,09:22:24,29.65,29.55,1160,29.65,3160,54560,6907200
FINNIFTY02JAN2421400PE.NFO,02/01/2024,09:22:26,29.85,29.75,3760,29.85,360,70920,6907200
FINNIFTY02JAN2421400PE.NFO,02/01/2024,09:22:27,29.75,29.65,3280,29.75,1120,72920,6907200
FINNIFTY02JAN2421400PE.NFO,02/01/2024,09:22:27,29.9,29.85,2880,29.95,1840,11880,6907200
FINNIFTY02JAN2421400PE.NFO,02/01/2024,09:22:28,30.55,30.45,4680,30.6,2440,69480,6907200
FINNIFTY02JAN2421400PE.NFO,02/01/2024,09:22:29,30.7,30.6,5080,30.7,640,71560,6907200
FINNIFTY02JAN2421400PE.NFO,02/01/2024,09:22:30,30.3,30.1,3400,30.25,3880,69640,6907200
FINNIFTY02JAN2421400PE.NFO,02/01/2024,09:22:31,30.5,30.35,4480,30.5,4400,50600,6907200
FINNIFTY02JAN2421400PE.NFO,02/01/2024,09:22:32,30.35,30.35,5600,30.45,80,38560,6907200
FINNIFTY02JAN2421400PE.NFO,02/01/2024,09:22:33,30.9,30.85,1600,30.95,3440,35960,6907200
FINNIFTY02JAN2421400PE.NFO,02/01/2024,09:22:34,31,30.9,3320,31,51520,57920,6907200
FINNIFTY02JAN2421400PE.NFO,02/01/2024,09:22:35,31.45,31.45,3400,31.55,920,115000,6907200
FINNIFTY02JAN2421400PE.NFO,02/01/2024,09:22:36,31.35,31.35,2320,31.5,7280,82720,6907200
FINNIFTY02JAN2421400PE.NFO,02/01/2024,09:22:37,31.05,30.95,2120,31.1,3640,80040,6907200
FINNIFTY02JAN2421400PE.NFO,02/01/2024,09:22:38,31,30.95,5520,31.1,3160,50120,6907200
FINNIFTY02JAN2421400PE.NFO,02/01/2024,09:22:39,30.95,30.95,2520,31.1,5240,48400,6907200
FINNIFTY02JAN2421400PE.NFO,02/01/2024,09:22:41,31,30.85,3240,31,6840,43720,6907200
FINNIFTY02JAN2421400PE.NFO,02/01/2024,09:22:42,31.2,31.2,2520,31.3,1800,54240,6907200
FINNIFTY02JAN2421400PE.NFO,02/01/2024,09:22:43,31.2,31.1,2200,31.2,2960,48200,6907200
FINNIFTY02JAN2421400PE.NFO,02/01/2024,09:22:44,31.4,31.35,40,31.4,1960,35040,6907200
FINNIFTY02JAN2421400PE.NFO,02/01/2024,09:22:45,31.1,30.95,5440,31.1,3120,38400,6907200
FINNIFTY02JAN2421400PE.NFO,02/01/2024,09:22:46,31.25,31.15,3280,31.25,1480,42240,6907200
FINNIFTY02JAN2421400PE.NFO,02/01/2024,09:22:47,30.7,30.65,1760,30.75,3200,70760,6907200
FINNIFTY02JAN2421400PE.NFO,02/01/2024,09:22:48,30.85,30.75,4600,30.9,6160,32840,6907200
FINNIFTY02JAN2421400PE.NFO,02/01/2024,09:22:49,31.2,31.2,560,31.3,2520,51480,6907200
FINNIFTY02JAN2421400PE.NFO,02/01/2024,09:22:50,31.2,31.2,3240,31.3,2560,35880,6907200
FINNIFTY02JAN2421400PE.NFO,02/01/2024,09:22:51,30.9,30.85,4080,30.95,1520,50600,6907200
FINNIFTY02JAN2421400PE.NFO,02/01/2024,09:22:52,30.45,30.45,2240,30.55,240,90120,6907200
FINNIFTY02JAN2421400PE.NFO,02/01/2024,09:22:53,30.45,30.4,200,30.5,3720,43640,6907200
FINNIFTY02JAN2421400PE.NFO,02/01/2024,09:22:54,30.35,30.35,2800,30.45,3080,33600,6907200
FINNIFTY02JAN2421400PE.NFO,02/01/2024,09:22:55,30.75,30.75,6120,30.9,5080,49520,6907200
FINNIFTY02JAN2421400PE.NFO,02/01/2024,09:22:56,30.75,30.7,1920,30.75,120,30160,6907200
FINNIFTY02JAN2421400PE.NFO,02/01/2024,09:22:57,30.8,30.75,4160,30.85,360,27240,6907200
FINNIFTY02JAN2421400PE.NFO,02/01/2024,09:22:58,30.25,30.2,4880,30.3,1200,29920,6907200
FINNIFTY02JAN2421400PE.NFO,02/01/2024,09:22:59,30.4,30.3,120,30.4,3360,20240,6907200
FINNIFTY02JAN2421400PE.NFO,02/01/2024,09:23:00,30.8,30.7,200,30.8,4320,35520,6907200
FINNIFTY02JAN2421400PE.NFO,02/01/2024,09:23:01,30.55,30.45,2760,30.55,2400,39840,6907200
FINNIFTY02JAN2421400PE.NFO,02/01/2024,09:23:02,30.75,30.65,3240,30.75,1080,43320,6907200
FINNIFTY02JAN2421400PE.NFO,02/01/2024,09:23:03,30.9,30.9,600,31,17920,28480,6907200
FINNIFTY02JAN2421400PE.NFO,02/01/2024,09:23:04,30.8,30.8,1120,30.9,4200,37200,6907200
FINNIFTY02JAN2421400PE.NFO,02/01/2024,09:23:05,30.5,30.4,2440,30.5,3400,31080,6907200
FINNIFTY02JAN2421400PE.NFO,02/01/2024,09:23:06,30.05,30.05,2120,30.15,3360,59800,6907200
FINNIFTY02JAN2421400PE.NFO,02/01/2024,09:23:07,29.65,29.6,2040,29.7,4480,110520,6907200
FINNIFTY02JAN2421400PE.NFO,02/01/2024,09:23:08,29.25,29.15,3080,29.25,3280,89160,6907200
FINNIFTY02JAN2421400PE.NFO,02/01/2024,09:23:09,29.2,29.15,80,29.2,3880,40320,6907200
FINNIFTY02JAN2421400PE.NFO,02/01/2024,09:23:10,29.35,29.35,2720,29.5,6240,46520,6907200
FINNIFTY02JAN2421400PE.NFO,02/01/2024,09:23:11,29.8,29.75,3680,29.85,2840,41400,6907200
FINNIFTY02JAN2421400PE.NFO,02/01/2024,09:23:12,29.95,29.85,4240,29.95,3440,24960,6907200
FINNIFTY02JAN2421400PE.NFO,02/01/2024,09:23:13,29.6,29.55,200,29.6,1120,40840,6907200
FINNIFTY02JAN2421400PE.NFO,02/01/2024,09:23:14,29.55,29.5,1680,29.6,5120,23600,6907200
FINNIFTY02JAN2421400PE.NFO,02/01/2024,09:23:15,29.55,29.4,5080,29.5,840,30160,6907200
FINNIFTY02JAN2421400PE.NFO,02/01/2024,09:23:16,29.35,29.3,920,29.4,2480,31800,6907200
FINNIFTY02JAN2421400PE.NFO,02/01/2024,09:23:17,28.85,28.8,160,28.85,2160,74520,6907200
FINNIFTY02JAN2421400PE.NFO,02/01/2024,09:23:18,29.2,29.1,2760,29.2,3720,26480,6907200
FINNIFTY02JAN2421400PE.NFO,02/01/2024,09:23:19,29.45,29.4,40,29.45,3120,53000,6907200
FINNIFTY02JAN2421400PE.NFO,02/01/2024,09:23:20,29.3,29.25,4360,29.35,680,26600,6907200
FINNIFTY02JAN2421400PE.NFO,02/01/2024,09:23:21,29.6,29.55,2120,29.65,1680,20520,6907200
FINNIFTY02JAN2421400PE.NFO,02/01/2024,09:23:22,29.65,29.55,2720,29.65,1920,21760,6907200
FINNIFTY02JAN2421400PE.NFO,02/01/2024,09:23:23,29.3,29.25,760,29.35,4200,29800,6907200
FINNIFTY02JAN2421400PE.NFO,02/01/2024,09:23:24,29.35,29.3,640,29.4,120,21840,6907200
FINNIFTY02JAN2421400PE.NFO,02/01/2024,09:23:25,29.4,29.35,560,29.45,3760,12520,6907200
FINNIFTY02JAN2421400PE.NFO,02/01/2024,09:23:26,29.9,29.8,1880,29.9,3680,21960,6907200
FINNIFTY02JAN2421400PE.NFO,02/01/2024,09:23:27,29.8,29.7,1120,29.8,4800,38960,6907200
FINNIFTY02JAN2421400PE.NFO,02/01/2024,09:23:28,29.95,29.85,2840,29.95,600,13560,8505400
FINNIFTY02JAN2421400PE.NFO,02/01/2024,09:23:29,30.35,30.25,3960,30.35,160,27760,8505400
FINNIFTY02JAN2421400PE.NFO,02/01/2024,09:23:30,30.75,30.7,1560,30.75,1040,37920,8505400
FINNIFTY02JAN2421400PE.NFO,02/01/2024,09:23:30,30.5,30.4,4480,30.5,840,20960,8505400
FINNIFTY02JAN2421400PE.NFO,02/01/2024,09:23:31,30.15,30.05,160,30.15,3760,44160,8505400
FINNIFTY02JAN2421400PE.NFO,02/01/2024,09:23:32,29.9,29.85,2040,29.95,2840,39160,8505400
FINNIFTY02JAN2421400PE.NFO,02/01/2024,09:23:33,29.85,29.8,2280,29.85,120,31320,8505400
FINNIFTY02JAN2421400PE.NFO,02/01/2024,09:23:34,30.15,30.05,1520,30.15,4240,36360,8505400
FINNIFTY02JAN2421400PE.NFO,02/01/2024,09:23:35,30.2,30.1,2360,30.2,5240,22760,8505400
FINNIFTY02JAN2421400PE.NFO,02/01/2024,09:23:37,29.8,29.8,1160,29.85,1720,53480,8505400
FINNIFTY02JAN2421400PE.NFO,02/01/2024,09:23:38,29.7,29.65,2920,29.75,600,29000,8505400
FINNIFTY02JAN2421400PE.NFO,02/01/2024,09:23:38,29.75,29.7,40,29.75,3480,11720,8505400
FINNIFTY02JAN2421400PE.NFO,02/01/2024,09:23:39,29.75,29.7,4000,29.8,2080,27640,8505400
FINNIFTY02JAN2421400PE.NFO,02/01/2024,09:23:40,29.85,29.75,4800,29.85,2440,30480,8505400
FINNIFTY02JAN2421400PE.NFO,02/01/2024,09:23:41,30.05,30,3680,30.1,320,24640,8505400
FINNIFTY02JAN2421400PE.NFO,02/01/2024,09:23:42,30.4,30.4,600,30.5,5920,29720,8505400
FINNIFTY02JAN2421400PE.NFO,02/01/2024,09:23:43,30.4,30.3,320,30.4,4800,25400,8505400
FINNIFTY02JAN2421400PE.NFO,02/01/2024,09:23:44,30.3,30.15,4440,30.3,3440,18680,8505400
FINNIFTY02JAN2421400PE.NFO,02/01/2024,09:23:45,30.3,30.2,3400,30.3,400,31920,8505400
FINNIFTY02JAN2421400PE.NFO,02/01/2024,09:23:46,30.3,30.2,5240,30.3,1600,17800,8505400
FINNIFTY02JAN2421400PE.NFO,02/01/2024,09:23:48,30.8,30.7,6320,30.85,2200,25560,8505400
FINNIFTY02JAN2421400PE.NFO,02/01/2024,09:23:49,30.5,30.45,3440,30.55,120,27560,8505400
FINNIFTY02JAN2421400PE.NFO,02/01/2024,09:23:49,30.65,30.65,1200,30.75,3720,8720,8505400
FINNIFTY02JAN2421400PE.NFO,02/01/2024,09:23:50,30.5,30.5,1560,30.6,3840,23200,8505400
FINNIFTY02JAN2421400PE.NFO,02/01/2024,09:23:51,30.6,30.55,1880,30.6,720,19440,8505400
FINNIFTY02JAN2421400PE.NFO,02/01/2024,09:23:52,30.5,30.4,2000,30.5,4240,32680,8505400
FINNIFTY02JAN2421400PE.NFO,02/01/2024,09:23:54,30.5,30.4,4240,30.5,160,36000,8505400
FINNIFTY02JAN2421400PE.NFO,02/01/2024,09:23:55,30.6,30.55,3200,30.65,3240,31000,8505400
FINNIFTY02JAN2421400PE.NFO,02/01/2024,09:23:56,30.7,30.6,6280,30.75,3000,22520,8505400
FINNIFTY02JAN2421400PE.NFO,02/01/2024,09:23:57,30.7,30.75,40,30.8,3560,24720,8505400
FINNIFTY02JAN2421400PE.NFO,02/01/2024,09:23:58,31,31,4160,31.1,1800,68520,8505400
FINNIFTY02JAN2421400PE.NFO,02/01/2024,09:23:58,31.05,31.05,3520,31.15,3000,2960,8505400
FINNIFTY02JAN2421400PE.NFO,02/01/2024,09:23:59,31.15,31,4680,31.15,5160,41240,8505400
FINNIFTY02JAN2421400PE.NFO,02/01/2024,09:24:00,31.1,31.15,1400,31.2,120,74040,8505400
FINNIFTY02JAN2421400PE.NFO,02/01/2024,09:24:01,31.4,31.3,4400,31.4,2400,63160,8505400
FINNIFTY02JAN2421400PE.NFO,02/01/2024,09:24:02,31.5,31.45,520,31.55,2600,63640,8505400
FINNIFTY02JAN2421400PE.NFO,02/01/2024,09:24:03,31.35,31.35,200,31.4,280,57360,8505400
FINNIFTY02JAN2421400PE.NFO,02/01/2024,09:24:05,31.1,31.05,2120,31.15,2160,49160,8505400
FINNIFTY02JAN2421400PE.NFO,02/01/2024,09:24:06,30.8,30.75,2880,30.85,1800,76880,8505400
FINNIFTY02JAN2421400PE.NFO,02/01/2024,09:24:07,31,30.9,3480,31,1480,47840,8505400
FINNIFTY02JAN2421400PE.NFO,02/01/2024,09:24:07,31,30.95,1360,31,80,4560,8505400
FINNIFTY02JAN2421400PE.NFO,02/01/2024,09:24:08,30.95,30.85,3720,30.95,1200,20080,8505400
FINNIFTY02JAN2421400PE.NFO,02/01/2024,09:24:09,30.8,30.8,2360,30.9,5840,25360,8505400
FINNIFTY02JAN2421400PE.NFO,02/01/2024,09:24:10,30.65,30.55,2640,30.65,1200,32680,8505400
FINNIFTY02JAN2421400PE.NFO,02/01/2024,09:24:12,30.35,30.35,120,30.4,1840,32360,8505400
FINNIFTY02JAN2421400PE.NFO,02/01/2024,09:24:13,30.25,30.2,280,30.25,2880,46040,8505400
FINNIFTY02JAN2421400PE.NFO,02/01/2024,09:24:14,30.15,30.15,1480,30.25,2600,38600,8505400
FINNIFTY02JAN2421400PE.NFO,02/01/2024,09:24:14,30.25,30.15,120,30.2,760,1640,8505400
FINNIFTY02JAN2421400PE.NFO,02/01/2024,09:24:15,30.55,30.45,2440,30.55,3120,29600,8505400
FINNIFTY02JAN2421400PE.NFO,02/01/2024,09:24:17,30.75,30.75,2080,30.85,2200,27160,8505400
FINNIFTY02JAN2421400PE.NFO,02/01/2024,09:24:18,30.8,30.75,3640,30.9,6080,26320,8505400
FINNIFTY02JAN2421400PE.NFO,02/01/2024,09:24:19,30.95,30.85,2440,30.95,1560,19760,8505400
FINNIFTY02JAN2421400PE.NFO,02/01/2024,09:24:20,31.15,31.1,1320,31.15,840,31400,8505400
FINNIFTY02JAN2421400PE.NFO,02/01/2024,09:24:21,31.45,31.35,240,31.45,2680,17400,8505400
FINNIFTY02JAN2421400PE.NFO,02/01/2024,09:24:22,31.45,31.4,5280,31.55,2760,22040,8505400
FINNIFTY02JAN2421400PE.NFO,02/01/2024,09:24:23,31.65,31.65,1560,31.75,6400,50040,8505400
FINNIFTY02JAN2421400PE.NFO,02/01/2024,09:24:24,31.95,31.8,7720,31.95,4360,59400,8505400
FINNIFTY02JAN2421400PE.NFO,02/01/2024,09:24:25,31.7,31.65,40,31.7,1640,47360,8505400
FINNIFTY02JAN2421400PE.NFO,02/01/2024,09:24:26,31.7,31.65,4680,31.8,6440,27760,8505400
FINNIFTY02JAN2421400PE.NFO,02/01/2024,09:24:27,31.8,31.8,320,31.9,2240,39080,8505400
FINNIFTY02JAN2421400PE.NFO,02/01/2024,09:24:28,31.75,31.6,5600,31.75,4800,77840,8505400
FINNIFTY02JAN2421400PE.NFO,02/01/2024,09:24:28,31.6,31.6,5720,31.75,4800,2960,8505400
FINNIFTY02JAN2421400PE.NFO,02/01/2024,09:24:29,31.7,31.55,120,31.65,4200,23720,8505400
FINNIFTY02JAN2421400PE.NFO,02/01/2024,09:24:30,31.75,31.65,40,31.75,3800,42760,8505400
FINNIFTY02JAN2421400PE.NFO,02/01/2024,09:24:31,31.65,31.5,4480,31.65,5320,34720,8505400
FINNIFTY02JAN2421400PE.NFO,02/01/2024,09:24:32,31.4,31.4,840,31.5,4040,25560,8505400
FINNIFTY02JAN2421400PE.NFO,02/01/2024,09:24:33,31.4,31.45,2840,31.55,3400,51200,8505400
FINNIFTY02JAN2421400PE.NFO,02/01/2024,09:24:35,31.4,31.4,3600,31.5,2360,22160,8505400
FINNIFTY02JAN2421400PE.NFO,02/01/2024,09:24:36,31.3,31.3,4280,31.4,1680,33240,8505400
FINNIFTY02JAN2421400PE.NFO,02/01/2024,09:24:37,30.65,30.6,4600,30.7,1920,52840,8505400
FINNIFTY02JAN2421400PE.NFO,02/01/2024,09:24:37,30.5,30.5,4440,30.55,680,4960,8505400
FINNIFTY02JAN2421400PE.NFO,02/01/2024,09:24:38,30.6,30.5,1000,30.55,1520,32880,8505400
FINNIFTY02JAN2421400PE.NFO,02/01/2024,09:24:40,30.7,30.7,1720,30.8,3000,39920,8505400
FINNIFTY02JAN2421400PE.NFO,02/01/2024,09:24:41,30.65,30.55,2480,30.65,1560,36960,8505400
FINNIFTY02JAN2421400PE.NFO,02/01/2024,09:24:42,30.6,30.6,40,30.7,6320,25120,8505400
FINNIFTY02JAN2421400PE.NFO,02/01/2024,09:24:42,30.55,30.5,3960,30.55,1640,6760,8505400
FINNIFTY02JAN2421400PE.NFO,02/01/2024,09:24:43,30.4,30.25,4120,30.35,840,36800,8505400
FINNIFTY02JAN2421400PE.NFO,02/01/2024,09:24:45,30.4,30.4,5920,30.55,4440,29520,8505400
FINNIFTY02JAN2421400PE.NFO,02/01/2024,09:24:46,30.3,30.15,6680,30.25,1000,19400,8505400
FINNIFTY02JAN2421400PE.NFO,02/01/2024,09:24:47,30.35,30.35,2720,30.45,1800,22560,8505400
FINNIFTY02JAN2421400PE.NFO,02/01/2024,09:24:47,30.4,30.3,4080,30.4,2120,4880,8505400
FINNIFTY02JAN2421400PE.NFO,02/01/2024,09:24:48,30.25,30.15,2800,30.25,2400,142680,8505400
FINNIFTY02JAN2421400PE.NFO,02/01/2024,09:24:50,29.85,29.75,3680,29.85,3240,40640,8505400
FINNIFTY02JAN2421400PE.NFO,02/01/2024,09:24:51,29.9,29.9,920,30,4520,42800,8505400
FINNIFTY02JAN2421400PE.NFO,02/01/2024,09:24:52,30.25,30.25,4360,30.35,1720,29280,8505400
FINNIFTY02JAN2421400PE.NFO,02/01/2024,09:24:52,30.4,30.3,4360,30.4,4720,4600,8505400
FINNIFTY02JAN2421400PE.NFO,02/01/2024,09:24:53,30.1,30.1,160,30.15,1320,38960,8505400
FINNIFTY02JAN2421400PE.NFO,02/01/2024,09:24:55,30.6,30.5,6800,30.65,5720,25120,8505400
FINNIFTY02JAN2421400PE.NFO,02/01/2024,09:24:56,31.2,31.1,4440,31.2,200,37800,8505400
FINNIFTY02JAN2421400PE.NFO,02/01/2024,09:24:57,31.15,31.05,2960,31.15,720,29800,8505400
FINNIFTY02JAN2421400PE.NFO,02/01/2024,09:24:57,31.05,30.95,2400,31.05,960,6320,8505400
FINNIFTY02JAN2421400PE.NFO,02/01/2024,09:24:58,31.15,31.15,1640,31.25,2640,36560,8505400
FINNIFTY02JAN2421400PE.NFO,02/01/2024,09:25:00,31,31,2800,31.15,4200,56600,8505400
FINNIFTY02JAN2421400PE.NFO,02/01/2024,09:25:01,31.05,31.05,560,31.15,3400,199680,8505400
FINNIFTY02JAN2421400PE.NFO,02/01/2024,09:25:02,31.1,31.1,3400,31.2,240,82000,8505400
FINNIFTY02JAN2421400PE.NFO,02/01/2024,09:25:02,31,30.95,2240,31.1,4360,14400,8505400
FINNIFTY02JAN2421400PE.NFO,02/01/2024,09:25:03,30.6,30.6,1800,30.7,3560,25120,8505400
FINNIFTY02JAN2421400PE.NFO,02/01/2024,09:25:04,30.95,30.95,1400,31.1,2520,29720,8505400
FINNIFTY02JAN2421400PE.NFO,02/01/2024,09:25:05,31,31,3200,31.1,2760,21480,8505400
FINNIFTY02JAN2421400PE.NFO,02/01/2024,09:25:06,30.9,30.85,3080,30.9,520,24440,8505400
FINNIFTY02JAN2421400PE.NFO,02/01/2024,09:25:07,30.5,30.45,3640,30.6,5000,30120,8505400
FINNIFTY02JAN2421400PE.NFO,02/01/2024,09:25:08,30.7,30.6,4600,30.7,2240,36520,8505400
FINNIFTY02JAN2421400PE.NFO,02/01/2024,09:25:09,30.85,30.75,240,30.85,5440,31200,8505400
FINNIFTY02JAN2421400PE.NFO,02/01/2024,09:25:10,31.25,31.15,2920,31.25,360,58840,8505400
FINNIFTY02JAN2421400PE.NFO,02/01/2024,09:25:11,31.2,31.1,200,31.15,240,35120,8505400
FINNIFTY02JAN2421400PE.NFO,02/01/2024,09:25:12,31,30.9,3520,31,1720,39080,8505400
FINNIFTY02JAN2421400PE.NFO,02/01/2024,09:25:14,30.85,30.85,120,30.95,5120,38400,8505400
FINNIFTY02JAN2421400PE.NFO,02/01/2024,09:25:15,30.9,30.9,5400,31,2640,13960,8505400
FINNIFTY02JAN2421400PE.NFO,02/01/2024,09:25:16,31,31,240,31.05,3280,27600,8505400
FINNIFTY02JAN2421400PE.NFO,02/01/2024,09:25:16,31,31,4640,31.1,480,3000,8505400
FINNIFTY02JAN2421400PE.NFO,02/01/2024,09:25:17,30.95,30.85,3160,31,11840,25800,8505400
FINNIFTY02JAN2421400PE.NFO,02/01/2024,09:25:18,30.75,30.75,1840,30.85,2360,10200,8505400
FINNIFTY02JAN2421400PE.NFO,02/01/2024,09:25:19,30.95,30.85,3720,30.95,320,27000,8505400
FINNIFTY02JAN2421400PE.NFO,02/01/2024,09:25:20,30.8,30.65,1000,30.75,5240,19640,8505400
FINNIFTY02JAN2421400PE.NFO,02/01/2024,09:25:21,30.4,30.35,920,30.45,4640,41880,8505400
FINNIFTY02JAN2421400PE.NFO,02/01/2024,09:25:23,30.55,30.4,5520,30.55,4840,27080,8505400
FINNIFTY02JAN2421400PE.NFO,02/01/2024,09:25:24,30.5,30.4,3000,30.5,1040,20600,8505400
FINNIFTY02JAN2421400PE.NFO,02/01/2024,09:25:25,30.65,30.55,1040,30.65,4680,13880,8505400
FINNIFTY02JAN2421400PE.NFO,02/01/2024,09:25:26,30.6,30.45,2200,30.55,2880,26040,8505400
FINNIFTY02JAN2421400PE.NFO,02/01/2024,09:25:27,30.05,30.05,2080,30.1,2080,72480,8505400
FINNIFTY02JAN2421400PE.NFO,02/01/2024,09:25:28,30.25,30.15,4200,30.25,120,32840,8505400
FINNIFTY02JAN2421400PE.NFO,02/01/2024,09:25:29,30.05,30,640,30.05,360,28400,8505400
FINNIFTY02JAN2421400PE.NFO,02/01/2024,09:25:30,29.85,29.85,2040,29.95,2360,41360,8505400
FINNIFTY02JAN2421400PE.NFO,02/01/2024,09:25:30,30,29.95,40,30,3840,2000,8505400
FINNIFTY02JAN2421400PE.NFO,02/01/2024,09:25:31,29.75,29.75,1720,29.85,5440,50040,8505400
FINNIFTY02JAN2421400PE.NFO,02/01/2024,09:25:32,29.45,29.35,3320,29.45,680,41480,8505400
FINNIFTY02JAN2421400PE.NFO,02/01/2024,09:25:33,29.35,29.25,6840,29.4,6720,31560,8505400
FINNIFTY02JAN2421400PE.NFO,02/01/2024,09:25:34,29.3,29.15,3560,29.25,3880,80520,8505400
FINNIFTY02JAN2421400PE.NFO,02/01/2024,09:25:36,29,29.05,3000,29.15,4040,46000,8505400
FINNIFTY02JAN2421400PE.NFO,02/01/2024,09:25:37,29.35,29.25,5200,29.35,1160,33560,8505400
FINNIFTY02JAN2421400PE.NFO,02/01/2024,09:25:38,29.6,29.5,3440,29.6,2800,38880,8505400
FINNIFTY02JAN2421400PE.NFO,02/01/2024,09:25:39,29.85,29.75,2200,29.85,5520,30960,8505400
FINNIFTY02JAN2421400PE.NFO,02/01/2024,09:25:40,29.9,29.9,5040,30.05,6440,33960,8505400
FINNIFTY02JAN2421400PE.NFO,02/01/2024,09:25:41,29.95,29.85,2200,29.95,800,33120,8505400
FINNIFTY02JAN2421400PE.NFO,02/01/2024,09:25:42,29.45,29.35,4200,29.45,320,26360,8505400
FINNIFTY02JAN2421400PE.NFO,02/01/2024,09:25:43,29.7,29.6,1120,29.7,4520,22080,8505400
FINNIFTY02JAN2421400PE.NFO,02/01/2024,09:25:44,29.75,29.7,400,29.75,1000,26680,8505400
FINNIFTY02JAN2421400PE.NFO,02/01/2024,09:25:45,29.65,29.65,680,29.75,3000,23720,8505400
FINNIFTY02JAN2421400PE.NFO,02/01/2024,09:25:46,29.85,29.75,2600,29.85,2200,20320,8505400
FINNIFTY02JAN2421400PE.NFO,02/01/2024,09:25:47,29.85,29.65,280,29.75,4560,15520,8505400
FINNIFTY02JAN2421400PE.NFO,02/01/2024,09:25:48,29.9,29.85,4040,30,6400,27280,8505400
FINNIFTY02JAN2421400PE.NFO,02/01/2024,09:25:48,29.9,29.85,5920,29.9,160,1400,8505400
FINNIFTY02JAN2421400PE.NFO,02/01/2024,09:25:49,30.35,30.2,2920,30.3,520,25760,8505400
FINNIFTY02JAN2421400PE.NFO,02/01/2024,09:25:50,30.35,30.25,3640,30.35,3840,19040,8505400
FINNIFTY02JAN2421400PE.NFO,02/01/2024,09:25:51,30.3,30.25,1480,30.3,320,14600,8505400
FINNIFTY02JAN2421400PE.NFO,02/01/2024,09:25:52,30.1,30,8320,30.15,5920,19720,8505400
FINNIFTY02JAN2421400PE.NFO,02/01/2024,09:25:53,29.9,29.85,2640,29.95,2400,23680,8505400
FINNIFTY02JAN2421400PE.NFO,02/01/2024,09:25:54,29.4,29.35,2120,29.4,80,27600,8505400
FINNIFTY02JAN2421400PE.NFO,02/01/2024,09:25:55,29.25,29.15,4640,29.25,2280,40680,8505400
FINNIFTY02JAN2421400PE.NFO,02/01/2024,09:25:56,29.3,29.25,1840,29.35,1560,28600,8505400
FINNIFTY02JAN2421400PE.NFO,02/01/2024,09:25:57,29.05,29,45400,29.1,3120,24080,8505400
FINNIFTY02JAN2421400PE.NFO,02/01/2024,09:25:58,29.05,29.05,4640,29.15,2320,27400,8505400
FINNIFTY02JAN2421400PE.NFO,02/01/2024,09:25:59,29.05,29.05,5640,29.2,4680,35000,8505400
FINNIFTY02JAN2421400PE.NFO,02/01/2024,09:26:00,28.6,28.55,2560,28.65,880,116320,8505400
FINNIFTY02JAN2421400PE.NFO,02/01/2024,09:26:01,28.4,28.35,2000,28.45,3240,55960,8505400
FINNIFTY02JAN2421400PE.NFO,02/01/2024,09:26:02,28.75,28.65,4640,28.75,240,57440,8505400
FINNIFTY02JAN2421400PE.NFO,02/01/2024,09:26:03,28.8,28.75,4480,28.8,80,56040,8505400
FINNIFTY02JAN2421400PE.NFO,02/01/2024,09:26:04,28.65,28.65,400,28.7,2120,21440,8505400
FINNIFTY02JAN2421400PE.NFO,02/01/2024,09:26:05,28.55,28.45,4600,28.6,5280,35720,8505400
FINNIFTY02JAN2421400PE.NFO,02/01/2024,09:26:06,28.3,28.3,1120,28.4,3560,64640,8505400
FINNIFTY02JAN2421400PE.NFO,02/01/2024,09:26:07,28.4,28.4,160,28.5,5160,36880,8505400
FINNIFTY02JAN2421400PE.NFO,02/01/2024,09:26:08,28.5,28.4,1640,28.5,5440,42880,8505400
FINNIFTY02JAN2421400PE.NFO,02/01/2024,09:26:09,28.45,28.45,3080,28.55,4400,28240,8505400
FINNIFTY02JAN2421400PE.NFO,02/01/2024,09:26:10,28.55,28.55,3200,28.65,6280,21160,8505400
FINNIFTY02JAN2421400PE.NFO,02/01/2024,09:26:11,28.7,28.6,5760,28.75,4000,25520,8505400
FINNIFTY02JAN2421400PE.NFO,02/01/2024,09:26:12,28.6,28.5,3360,28.6,3600,29120,8505400
FINNIFTY02JAN2421400PE.NFO,02/01/2024,09:26:13,28.2,28.1,1760,28.2,7680,134000,8505400
FINNIFTY02JAN2421400PE.NFO,02/01/2024,09:26:14,27.55,27.5,2960,27.55,1400,130240,8505400
FINNIFTY02JAN2421400PE.NFO,02/01/2024,09:26:15,26.4,26.4,80,26.7,280,340400,8505400
FINNIFTY02JAN2421400PE.NFO,02/01/2024,09:26:16,25.05,25,1000,25.05,80,795720,8505400
FINNIFTY02JAN2421400PE.NFO,02/01/2024,09:26:16,24,25,1000,25.05,80,0,8505400
FINNIFTY02JAN2421400PE.NFO,02/01/2024,09:26:17,25.15,25,2600,25.15,1040,463520,8505400
FINNIFTY02JAN2421400PE.NFO,02/01/2024,09:26:18,25.7,25.65,560,25.75,320,324160,8505400
FINNIFTY02JAN2421400PE.NFO,02/01/2024,09:26:19,24.7,24.65,2120,24.7,160,218720,8505400
FINNIFTY02JAN2421400PE.NFO,02/01/2024,09:26:20,24.3,24.15,480,24.3,400,131000,8505400
FINNIFTY02JAN2421400PE.NFO,02/01/2024,09:26:21,24.35,24.3,3280,24.45,1520,144840,8505400
FINNIFTY02JAN2421400PE.NFO,02/01/2024,09:26:22,24.5,24.55,120,24.6,1800,171800,8505400
FINNIFTY02JAN2421400PE.NFO,02/01/2024,09:26:22,23.75,24.55,120,24.6,1800,0,8505400
FINNIFTY02JAN2421400PE.NFO,02/01/2024,09:26:23,25.15,25,2200,25.1,360,114000,8505400
FINNIFTY02JAN2421400PE.NFO,02/01/2024,09:26:24,25.3,25.3,2680,25.4,1840,123720,8505400
FINNIFTY02JAN2421400PE.NFO,02/01/2024,09:26:25,25.65,25.6,160,25.65,1440,66720,8505400
FINNIFTY02JAN2421400PE.NFO,02/01/2024,09:26:26,25.65,25.6,2560,25.7,1280,111280,8505400
FINNIFTY02JAN2421400PE.NFO,02/01/2024,09:26:27,25.85,25.85,40,25.9,40,167200,9609520
FINNIFTY02JAN2421400PE.NFO,02/01/2024,09:26:28,25.85,25.85,480,25.95,120,179440,9609520
FINNIFTY02JAN2421400PE.NFO,02/01/2024,09:26:29,25.25,25.15,2360,25.25,480,205600,9609520
FINNIFTY02JAN2421400PE.NFO,02/01/2024,09:26:30,25.4,25.3,2440,25.45,2920,205360,9609520
FINNIFTY02JAN2421400PE.NFO,02/01/2024,09:26:31,25.35,25.35,80,25.45,3200,156360,9609520
FINNIFTY02JAN2421400PE.NFO,02/01/2024,09:26:32,25.6,25.5,40,25.55,1240,159120,9609520
FINNIFTY02JAN2421400PE.NFO,02/01/2024,09:26:33,25.6,25.5,3880,25.6,320,112920,9609520
FINNIFTY02JAN2421400PE.NFO,02/01/2024,09:26:34,25.7,25.6,2080,25.7,600,92760,9609520
FINNIFTY02JAN2421400PE.NFO,02/01/2024,09:26:35,25.45,25.4,1240,25.45,3680,88560,9609520
FINNIFTY02JAN2421400PE.NFO,02/01/2024,09:26:36,25.25,25.25,1480,25.3,1840,79000,9609520
FINNIFTY02JAN2421400PE.NFO,02/01/2024,09:26:37,24.6,24.6,6440,24.65,120,130240,9609520
FINNIFTY02JAN2421400PE.NFO,02/01/2024,09:26:38,23.6,23.6,1360,23.7,3000,195160,9609520
FINNIFTY02JAN2421400PE.NFO,02/01/2024,09:26:38,23.55,23.6,1360,23.7,3000,0,9609520
FINNIFTY02JAN2421400PE.NFO,02/01/2024,09:26:39,22.8,22.7,2400,22.8,2760,202560,9609520
FINNIFTY02JAN2421400PE.NFO,02/01/2024,09:26:39,22.7,22.7,2400,22.8,2760,0,9609520
FINNIFTY02JAN2421400PE.NFO,02/01/2024,09:26:40,22.5,22.5,2520,22.65,200,206200,9609520
FINNIFTY02JAN2421400PE.NFO,02/01/2024,09:26:40,22.3,22.5,2520,22.65,200,0,9609520
FINNIFTY02JAN2421400PE.NFO,02/01/2024,09:26:41,22.5,22.4,1000,22.55,1640,160400,9609520
FINNIFTY02JAN2421400PE.NFO,02/01/2024,09:26:41,22.15,22.4,1000,22.55,1640,0,9609520
FINNIFTY02JAN2421400PE.NFO,02/01/2024,09:26:42,22.2,22.1,1400,22.2,280,124560,9609520
FINNIFTY02JAN2421400PE.NFO,02/01/2024,09:26:42,22.1,22.1,1400,22.2,280,0,9609520
FINNIFTY02JAN2421400PE.NFO,02/01/2024,09:26:43,21.6,21.5,480,21.55,40,189280,9609520
FINNIFTY02JAN2421400PE.NFO,02/01/2024,09:26:43,21.25,21.5,480,21.55,40,0,9609520
FINNIFTY02JAN2421400PE.NFO,02/01/2024,09:26:44,20.8,20.65,800,20.8,1520,165000,9609520
FINNIFTY02JAN2421400PE.NFO,02/01/2024,09:26:44,20.7,20.65,800,20.8,1520,0,9609520
FINNIFTY02JAN2421400PE.NFO,02/01/2024,09:26:45,20.45,20.35,1400,20.45,1120,216480,9609520
FINNIFTY02JAN2421400PE.NFO,02/01/2024,09:26:45,20.2,20.35,1400,20.45,1120,0,9609520
FINNIFTY02JAN2421400PE.NFO,02/01/2024,09:26:46,19.9,19.85,600,19.9,42080,282760,9609520
FINNIFTY02JAN2421400PE.NFO,02/01/2024,09:26:46,19.85,19.85,600,19.9,42080,0,9609520
FINNIFTY02JAN2421400PE.NFO,02/01/2024,09:26:47,19.85,19.75,680,19.85,1320,209960,9609520
FINNIFTY02JAN2421400PE.NFO,02/01/2024,09:26:47,19.15,19.75,680,19.85,1320,0,9609520
FINNIFTY02JAN2421400PE.NFO,02/01/2024,09:26:48,20,20,1120,20.1,1120,174160,9609520
FINNIFTY02JAN2421400PE.NFO,02/01/2024,09:26:49,19.95,19.85,2560,19.95,3320,165160,9609520
FINNIFTY02JAN2421400PE.NFO,02/01/2024,09:26:50,19.95,19.85,600,19.95,3000,156440,9609520
FINNIFTY02JAN2421400PE.NFO,02/01/2024,09:26:51,19.75,19.75,3520,19.8,320,121640,9609520
FINNIFTY02JAN2421400PE.NFO,02/01/2024,09:26:52,19.7,19.7,2920,19.8,2400,110480,9609520
FINNIFTY02JAN2421400PE.NFO,02/01/2024,09:26:53,20.7,20.7,1400,20.75,1800,137080,9609520
FINNIFTY02JAN2421400PE.NFO,02/01/2024,09:26:54,20.7,20.7,1520,20.8,4080,148440,9609520
FINNIFTY02JAN2421400PE.NFO,02/01/2024,09:26:55,21.6,21.6,320,21.65,1520,143800,9609520
FINNIFTY02JAN2421400PE.NFO,02/01/2024,09:26:56,21.05,21.05,2680,21.1,760,129360,9609520
FINNIFTY02JAN2421400PE.NFO,02/01/2024,09:26:57,21.5,21.45,800,21.5,4120,106600,9609520
FINNIFTY02JAN2421400PE.NFO,02/01/2024,09:26:58,21.65,21.7,40,21.75,5040,60960,9609520
FINNIFTY02JAN2421400PE.NFO,02/01/2024,09:26:59,21.6,21.6,1880,21.65,2760,102480,9609520
FINNIFTY02JAN2421400PE.NFO,02/01/2024,09:27:00,21,21,640,21.05,1640,160000,9609520
FINNIFTY02JAN2421400PE.NFO,02/01/2024,09:27:01,20.85,20.8,1080,20.85,2640,130760,9609520
FINNIFTY02JAN2421400PE.NFO,02/01/2024,09:27:02,20.95,20.95,2120,21,1880,172040,9609520
FINNIFTY02JAN2421400PE.NFO,02/01/2024,09:27:03,21.1,21.05,3160,21.1,2560,155160,9609520
FINNIFTY02JAN2421400PE.NFO,02/01/2024,09:27:04,21,20.9,800,21,4520,153360,9609520
FINNIFTY02JAN2421400PE.NFO,02/01/2024,09:27:05,21.3,21.25,1120,21.3,3120,140840,9609520
FINNIFTY02JAN2421400PE.NFO,02/01/2024,09:27:06,21.25,21.25,5600,21.4,3680,86640,9609520
FINNIFTY02JAN2421400PE.NFO,02/01/2024,09:27:07,21.35,21.25,2920,21.3,1680,77960,9609520
FINNIFTY02JAN2421400PE.NFO,02/01/2024,09:27:08,21,21,1280,21.05,2320,182440,9609520
FINNIFTY02JAN2421400PE.NFO,02/01/2024,09:27:09,21,21,4760,21.15,3760,102520,9609520
FINNIFTY02JAN2421400PE.NFO,02/01/2024,09:27:10,21.55,21.45,2760,21.55,2720,113440,9609520
FINNIFTY02JAN2421400PE.NFO,02/01/2024,09:27:11,21.5,21.5,2720,21.6,1680,89000,9609520
FINNIFTY02JAN2421400PE.NFO,02/01/2024,09:27:12,21.25,21.15,1320,21.25,6320,78280,9609520
FINNIFTY02JAN2421400PE.NFO,02/01/2024,09:27:13,20.8,20.65,5400,20.8,6680,96880,9609520
FINNIFTY02JAN2421400PE.NFO,02/01/2024,09:27:14,21.25,21.15,3640,21.25,4080,72920,9609520
FINNIFTY02JAN2421400PE.NFO,02/01/2024,09:27:15,21.5,21.45,4120,21.5,4960,75760,9609520
FINNIFTY02JAN2421400PE.NFO,02/01/2024,09:27:16,21.45,21.35,1160,21.45,3880,61120,9609520
FINNIFTY02JAN2421400PE.NFO,02/01/2024,09:27:17,21.45,21.35,1640,21.45,4480,78200,9609520
FINNIFTY02JAN2421400PE.NFO,02/01/2024,09:27:18,21.05,21.05,1960,21.1,6880,60080,9609520
FINNIFTY02JAN2421400PE.NFO,02/01/2024,09:27:19,21.35,21.35,3760,21.4,80,56960,9609520
FINNIFTY02JAN2421400PE.NFO,02/01/2024,09:27:21,21.15,21.15,2320,21.25,4600,86840,9609520
FINNIFTY02JAN2421400PE.NFO,02/01/2024,09:27:22,21.15,21.05,3600,21.1,1960,66720,9609520
FINNIFTY02JAN2421400PE.NFO,02/01/2024,09:27:23,20.95,20.9,1360,20.95,1440,95320,9609520
FINNIFTY02JAN2421400PE.NFO,02/01/2024,09:27:24,20.65,20.6,1240,20.7,5080,97200,9609520
FINNIFTY02JAN2421400PE.NFO,02/01/2024,09:27:25,21.1,21.05,3840,21.1,160,124160,9609520
FINNIFTY02JAN2421400PE.NFO,02/01/2024,09:27:26,21.25,21.25,6920,21.4,5320,59400,9609520
FINNIFTY02JAN2421400PE.NFO,02/01/2024,09:27:27,21.8,21.7,6400,21.8,2800,86200,9609520
FINNIFTY02JAN2421400PE.NFO,02/01/2024,09:27:28,21.75,21.75,560,21.8,2080,69640,9609520
FINNIFTY02JAN2421400PE.NFO,02/01/2024,09:27:29,21.8,21.8,40,21.85,3320,80960,9609520
FINNIFTY02JAN2421400PE.NFO,02/01/2024,09:27:30,21.75,21.7,1480,21.75,2520,57440,9609520
FINNIFTY02JAN2421400PE.NFO,02/01/2024,09:27:30,21.8,21.75,1720,21.8,120,42560,9609520
FINNIFTY02JAN2421400PE.NFO,02/01/2024,09:27:31,21.95,21.85,4800,21.95,3120,81720,9609520
FINNIFTY02JAN2421400PE.NFO,02/01/2024,09:27:32,22.05,22.05,3840,22.1,440,134200,9609520
FINNIFTY02JAN2421400PE.NFO,02/01/2024,09:27:33,22.15,22.05,880,22.15,5400,73000,9609520
FINNIFTY02JAN2421400PE.NFO,02/01/2024,09:27:34,21.95,21.9,4160,21.95,40,76520,9609520
FINNIFTY02JAN2421400PE.NFO,02/01/2024,09:27:35,21.5,21.5,2360,21.55,2120,50280,9609520
FINNIFTY02JAN2421400PE.NFO,02/01/2024,09:27:36,21.2,21.1,5000,21.2,3880,72720,9609520
FINNIFTY02JAN2421400PE.NFO,02/01/2024,09:27:37,21.45,21.4,3880,21.5,4200,57520,9609520
FINNIFTY02JAN2421400PE.NFO,02/01/2024,09:27:38,21.4,21.4,4400,21.5,5320,49560,9609520
FINNIFTY02JAN2421400PE.NFO,02/01/2024,09:27:39,21.75,21.7,6240,21.75,40,87240,9609520
FINNIFTY02JAN2421400PE.NFO,02/01/2024,09:27:40,21.35,21.3,1960,21.35,4720,46360,9609520
FINNIFTY02JAN2421400PE.NFO,02/01/2024,09:27:41,21.55,21.45,3800,21.55,5880,47160,9609520
FINNIFTY02JAN2421400PE.NFO,02/01/2024,09:27:42,21.25,21.2,2000,21.25,3560,63080,9609520
FINNIFTY02JAN2421400PE.NFO,02/01/2024,09:27:43,21.2,21.1,1000,21.15,4160,46080,9609520
FINNIFTY02JAN2421400PE.NFO,02/01/2024,09:27:44,21.45,21.35,3480,21.4,40,42840,9609520
FINNIFTY02JAN2421400PE.NFO,02/01/2024,09:27:46,21.5,21.5,3160,21.55,120,59280,9609520
FINNIFTY02JAN2421400PE.NFO,02/01/2024,09:27:46,21.75,21.7,4800,21.75,1640,32760,9609520
FINNIFTY02JAN2421400PE.NFO,02/01/2024,09:27:47,21.55,21.45,7880,21.55,3160,25960,9609520
FINNIFTY02JAN2421400PE.NFO,02/01/2024,09:27:48,21.4,21.35,1160,21.4,40,23760,9609520
FINNIFTY02JAN2421400PE.NFO,02/01/2024,09:27:49,21.15,21.05,2160,21.15,8280,46640,9609520
FINNIFTY02JAN2421400PE.NFO,02/01/2024,09:27:51,21,21,60160,21.1,6400,55680,9609520
FINNIFTY02JAN2421400PE.NFO,02/01/2024,09:27:51,20.6,20.55,2840,20.65,9680,130520,9609520
FINNIFTY02JAN2421400PE.NFO,02/01/2024,09:27:52,19.6,19.6,2640,19.65,4760,326120,9609520
FINNIFTY02JAN2421400PE.NFO,02/01/2024,09:27:53,19.65,19.65,3120,19.75,5520,100800,9609520
FINNIFTY02JAN2421400PE.NFO,02/01/2024,09:27:54,19.55,19.5,2720,19.55,4160,97560,9609520
FINNIFTY02JAN2421400PE.NFO,02/01/2024,09:27:55,19.6,19.55,1240,19.6,2080,84120,9609520
FINNIFTY02JAN2421400PE.NFO,02/01/2024,09:27:56,19,18.9,360,19,6800,162800,9609520
FINNIFTY02JAN2421400PE.NFO,02/01/2024,09:27:56,18.75,18.9,360,19,6800,0,9609520
FINNIFTY02JAN2421400PE.NFO,02/01/2024,09:27:57,18.25,18.25,440,18.35,440,375000,9609520
FINNIFTY02JAN2421400PE.NFO,02/01/2024,09:27:57,17.75,18.25,440,18.35,440,0,9609520
FINNIFTY02JAN2421400PE.NFO,02/01/2024,09:27:58,18,18,2920,18.1,2040,326080,9609520
FINNIFTY02JAN2421400PE.NFO,02/01/2024,09:27:59,18.25,18.2,1960,18.25,1080,129200,9609520
FINNIFTY02JAN2421400PE.NFO,02/01/2024,09:28:00,18.4,18.45,2000,18.5,3000,183680,9609520
FINNIFTY02JAN2421400PE.NFO,02/01/2024,09:28:01,18.25,18.25,560,18.3,2040,115560,9609520
FINNIFTY02JAN2421400PE.NFO,02/01/2024,09:28:02,17.85,17.75,2520,17.85,4840,117320,9609520
FINNIFTY02JAN2421400PE.NFO,02/01/2024,09:28:02,17.6,17.75,2520,17.85,4840,0,9609520
FINNIFTY02JAN2421400PE.NFO,02/01/2024,09:28:03,17.75,17.65,1960,17.75,1280,132880,9609520
FINNIFTY02JAN2421400PE.NFO,02/01/2024,09:28:03,17.4,17.65,1960,17.75,1280,0,9609520
FINNIFTY02JAN2421400PE.NFO,02/01/2024,09:28:04,17.45,17.45,1280,17.55,5160,121240,9609520
FINNIFTY02JAN2421400PE.NFO,02/01/2024,09:28:04,17.35,17.45,1280,17.55,5160,0,9609520
FINNIFTY02JAN2421400PE.NFO,02/01/2024,09:28:05,17.85,17.8,520,17.85,2680,110920,9609520
FINNIFTY02JAN2421400PE.NFO,02/01/2024,09:28:06,18.1,18.05,2400,18.15,5920,108480,9609520
FINNIFTY02JAN2421400PE.NFO,02/01/2024,09:28:07,18.3,18.25,4200,18.35,3320,104120,9609520
FINNIFTY02JAN2421400PE.NFO,02/01/2024,09:28:08,18.35,18.3,1720,18.35,1400,104840,9609520
FINNIFTY02JAN2421400PE.NFO,02/01/2024,09:28:09,18.25,18.3,40,18.35,4480,68280,9609520
FINNIFTY02JAN2421400PE.NFO,02/01/2024,09:28:10,18.25,18.25,2440,18.35,8640,84480,9609520
FINNIFTY02JAN2421400PE.NFO,02/01/2024,09:28:11,17.95,17.9,640,17.95,4800,148640,9609520
FINNIFTY02JAN2421400PE.NFO,02/01/2024,09:28:12,18.15,18.1,2640,18.2,9280,212720,9609520
FINNIFTY02JAN2421400PE.NFO,02/01/2024,09:28:13,18.1,18.05,4120,18.15,5440,76840,9609520
FINNIFTY02JAN2421400PE.NFO,02/01/2024,09:28:15,18.05,18,4520,18.05,3640,117440,9609520
FINNIFTY02JAN2421400PE.NFO,02/01/2024,09:28:15,18.15,18.1,3520,18.15,80,60760,9609520
FINNIFTY02JAN2421400PE.NFO,02/01/2024,09:28:16,18.1,18.1,3040,18.15,3840,80400,9609520
FINNIFTY02JAN2421400PE.NFO,02/01/2024,09:28:17,18.5,18.45,1160,18.5,2880,70520,9609520
FINNIFTY02JAN2421400PE.NFO,02/01/2024,09:28:18,18.35,18.3,5600,18.4,3480,46560,9609520
FINNIFTY02JAN2421400PE.NFO,02/01/2024,09:28:19,18.7,18.65,2640,18.7,640,79640,9609520
FINNIFTY02JAN2421400PE.NFO,02/01/2024,09:28:20,18.35,18.25,6240,18.35,1000,86080,9609520
FINNIFTY02JAN2421400PE.NFO,02/01/2024,09:28:21,18.3,18.25,3200,18.3,120,82720,9609520
FINNIFTY02JAN2421400PE.NFO,02/01/2024,09:28:23,18.15,18.05,6000,18.15,7280,70800,9609520
FINNIFTY02JAN2421400PE.NFO,02/01/2024,09:28:24,18.2,18.1,920,18.15,5480,39960,9609520
FINNIFTY02JAN2421400PE.NFO,02/01/2024,09:28:25,17.6,17.5,3120,17.55,440,162640,9609520
FINNIFTY02JAN2421400PE.NFO,02/01/2024,09:28:26,17.6,17.6,3440,17.7,6880,76520,9609520
FINNIFTY02JAN2421400PE.NFO,02/01/2024,09:28:27,18.1,18.1,40,18.15,5680,83760,9609520
FINNIFTY02JAN2421400PE.NFO,02/01/2024,09:28:28,18.15,18.1,1720,18.15,1560,52720,9609520
FINNIFTY02JAN2421400PE.NFO,02/01/2024,09:28:29,18.15,18.1,3200,18.15,2880,56400,9609520
FINNIFTY02JAN2421400PE.NFO,02/01/2024,09:28:30,17.9,17.8,5240,17.9,7200,45560,9609520
FINNIFTY02JAN2421400PE.NFO,02/01/2024,09:28:30,18,17.95,2240,18.05,6960,47240,9609520
FINNIFTY02JAN2421400PE.NFO,02/01/2024,09:28:31,18.05,18,3760,18.05,120,65360,9609520
FINNIFTY02JAN2421400PE.NFO,02/01/2024,09:28:32,18.15,18.15,7000,18.25,4400,61040,9609520
FINNIFTY02JAN2421400PE.NFO,02/01/2024,09:28:33,18.3,18.3,1400,18.4,6840,86360,9609520
FINNIFTY02JAN2421400PE.NFO,02/01/2024,09:28:34,18.5,18.45,6840,18.55,1920,51760,9609520
FINNIFTY02JAN2421400PE.NFO,02/01/2024,09:28:35,18.6,18.5,1880,18.55,480,51400,9609520
FINNIFTY02JAN2421400PE.NFO,02/01/2024,09:28:36,18.6,18.6,3480,18.65,640,115000,9609520
FINNIFTY02JAN2421400PE.NFO,02/01/2024,09:28:38,18.95,18.9,3200,19,29920,81920,9609520
FINNIFTY02JAN2421400PE.NFO,02/01/2024,09:28:39,19.05,19.05,1880,19.1,80,87000,9609520
FINNIFTY02JAN2421400PE.NFO,02/01/2024,09:28:40,18.85,18.85,3000,18.95,2960,57000,9609520
FINNIFTY02JAN2421400PE.NFO,02/01/2024,09:28:41,18.8,18.8,1800,18.9,5640,46640,9609520
FINNIFTY02JAN2421400PE.NFO,02/01/2024,09:28:42,19,18.95,2600,19,51760,72120,9609520
FINNIFTY02JAN2421400PE.NFO,02/01/2024,09:28:43,19,19,5960,19.1,2880,110640,9609520
FINNIFTY02JAN2421400PE.NFO,02/01/2024,09:28:44,19.1,19.05,1760,19.1,560,43920,9609520
FINNIFTY02JAN2421400PE.NFO,02/01/2024,09:28:45,18.9,18.85,5920,18.9,1640,44120,9609520
FINNIFTY02JAN2421400PE.NFO,02/01/2024,09:28:46,18.85,18.8,6760,18.9,3200,64800,9609520
FINNIFTY02JAN2421400PE.NFO,02/01/2024,09:28:47,18.55,18.5,200,18.55,4120,66320,9609520
FINNIFTY02JAN2421400PE.NFO,02/01/2024,09:28:48,18.45,18.4,8120,18.45,280,39960,9609520
FINNIFTY02JAN2421400PE.NFO,02/01/2024,09:28:49,18.75,18.75,4200,18.8,3640,47320,9609520
FINNIFTY02JAN2421400PE.NFO,02/01/2024,09:28:50,18.75,18.75,5840,18.8,80,45120,9609520
FINNIFTY02JAN2421400PE.NFO,02/01/2024,09:28:51,18.7,18.7,5600,18.8,3840,44400,9609520
FINNIFTY02JAN2421400PE.NFO,02/01/2024,09:28:52,18.75,18.7,8840,18.75,40,44200,9609520
FINNIFTY02JAN2421400PE.NFO,02/01/2024,09:28:53,18.85,18.75,8760,18.85,1240,35040,9609520
FINNIFTY02JAN2421400PE.NFO,02/01/2024,09:28:54,18.7,18.7,440,18.8,9440,58440,9609520
FINNIFTY02JAN2421400PE.NFO,02/01/2024,09:28:55,19,19,8480,19.05,320,61880,9609520
FINNIFTY02JAN2421400PE.NFO,02/01/2024,09:28:56,19.2,19.15,3280,19.2,5880,67880,9609520
FINNIFTY02JAN2421400PE.NFO,02/01/2024,09:28:57,19.1,19.05,6800,19.1,440,54960,9609520
FINNIFTY02JAN2421400PE.NFO,02/01/2024,09:28:58,18.95,18.9,7160,19,5000,43680,9609520
FINNIFTY02JAN2421400PE.NFO,02/01/2024,09:28:59,19.15,19.1,8200,19.2,3120,56200,9609520
FINNIFTY02JAN2421400PE.NFO,02/01/2024,09:29:00,19.15,19.15,3400,19.2,3640,73000,9609520
FINNIFTY02JAN2421400PE.NFO,02/01/2024,09:29:01,19,18.95,1680,19,5560,79240,9609520
FINNIFTY02JAN2421400PE.NFO,02/01/2024,09:29:02,19.25,19.25,3800,19.3,1960,76280,9609520
FINNIFTY02JAN2421400PE.NFO,02/01/2024,09:29:03,19.55,19.45,9880,19.55,4480,29040,9609520
FINNIFTY02JAN2421400PE.NFO,02/01/2024,09:29:04,19.4,19.3,440,19.35,4560,78320,9609520
FINNIFTY02JAN2421400PE.NFO,02/01/2024,09:29:05,19.5,19.5,1440,19.6,5960,46800,9609520
FINNIFTY02JAN2421400PE.NFO,02/01/2024,09:29:06,19.75,19.65,4800,19.75,8400,64840,9609520
FINNIFTY02JAN2421400PE.NFO,02/01/2024,09:29:07,19.45,19.45,6520,19.55,2880,54320,9609520
FINNIFTY02JAN2421400PE.NFO,02/01/2024,09:29:08,19.55,19.5,520,19.55,5360,46120,9609520
FINNIFTY02JAN2421400PE.NFO,02/01/2024,09:29:09,19.7,19.6,3880,19.65,600,25880,9609520
FINNIFTY02JAN2421400PE.NFO,02/01/2024,09:29:10,19.45,19.35,8200,19.45,2440,36640,9609520
FINNIFTY02JAN2421400PE.NFO,02/01/2024,09:29:11,19.05,19.05,1320,19.1,1040,60160,9609520
FINNIFTY02JAN2421400PE.NFO,02/01/2024,09:29:12,18.85,18.85,3480,18.9,360,104440,9609520
FINNIFTY02JAN2421400PE.NFO,02/01/2024,09:29:13,18.85,18.85,6840,18.95,1920,38280,9609520
FINNIFTY02JAN2421400PE.NFO,02/01/2024,09:29:14,19,18.95,5920,19,840,45320,9609520
FINNIFTY02JAN2421400PE.NFO,02/01/2024,09:29:15,19.4,19.35,160,19.4,5840,35440,9609520
FINNIFTY02JAN2421400PE.NFO,02/01/2024,09:29:16,19.3,19.25,4920,19.3,1800,27680,9609520
FINNIFTY02JAN2421400PE.NFO,02/01/2024,09:29:17,19.4,19.4,2800,19.45,1040,21880,9609520
FINNIFTY02JAN2421400PE.NFO,02/01/2024,09:29:18,19.7,19.65,3080,19.7,1400,41400,9609520
FINNIFTY02JAN2421400PE.NFO,02/01/2024,09:29:19,19.75,19.65,11360,19.75,760,58040,9609520
FINNIFTY02JAN2421400PE.NFO,02/01/2024,09:29:20,19.75,19.75,3360,19.8,2320,43960,9609520
FINNIFTY02JAN2421400PE.NFO,02/01/2024,09:29:21,19.75,19.75,6240,19.85,6240,42560,9609520
FINNIFTY02JAN2421400PE.NFO,02/01/2024,09:29:22,19.85,19.85,7000,19.95,17080,28040,9609520
FINNIFTY02JAN2421400PE.NFO,02/01/2024,09:29:23,19.9,19.85,920,19.9,4840,53560,9609520
FINNIFTY02JAN2421400PE.NFO,02/01/2024,09:29:24,19.7,19.7,10200,19.8,200,49160,9609520
FINNIFTY02JAN2421400PE.NFO,02/01/2024,09:29:25,19.7,19.65,1520,19.75,7840,45200,9609520
FINNIFTY02JAN2421400PE.NFO,02/01/2024,09:29:26,20,19.95,3800,20,58280,62680,9609520
FINNIFTY02JAN2421400PE.NFO,02/01/2024,09:29:27,20.05,20.05,3760,20.15,6080,105840,9609520
FINNIFTY02JAN2421400PE.NFO,02/01/2024,09:29:28,20.05,20.05,1040,20.1,6160,44680,9609520
FINNIFTY02JAN2421400PE.NFO,02/01/2024,09:29:29,20.15,20.05,5440,20.15,1800,50440,10664200
FINNIFTY02JAN2421400PE.NFO,02/01/2024,09:29:30,19.7,19.7,5200,19.8,9040,44400,10664200
FINNIFTY02JAN2421400PE.NFO,02/01/2024,09:29:31,19.6,19.6,2240,19.7,7840,61800,10664200
FINNIFTY02JAN2421400PE.NFO,02/01/2024,09:29:32,19.6,19.6,1920,19.65,3000,58880,10664200
FINNIFTY02JAN2421400PE.NFO,02/01/2024,09:29:33,19.65,19.65,8760,19.75,2800,30520,10664200
FINNIFTY02JAN2421400PE.NFO,02/01/2024,09:29:34,19.75,19.75,4160,19.8,840,32760,10664200
FINNIFTY02JAN2421400PE.NFO,02/01/2024,09:29:35,19.45,19.45,240,19.5,5520,46800,10664200
FINNIFTY02JAN2421400PE.NFO,02/01/2024,09:29:36,19.15,19.15,6120,19.2,2000,41720,10664200
FINNIFTY02JAN2421400PE.NFO,02/01/2024,09:29:37,19.2,19.1,5720,19.2,5920,24000,10664200
FINNIFTY02JAN2421400PE.NFO,02/01/2024,09:29:38,19.15,19.05,5680,19.15,7920,38800,10664200
FINNIFTY02JAN2421400PE.NFO,02/01/2024,09:29:39,19.05,19.05,6760,19.15,5040,31040,10664200
FINNIFTY02JAN2421400PE.NFO,02/01/2024,09:29:40,19.2,19.1,6680,19.2,5080,28520,10664200
FINNIFTY02JAN2421400PE.NFO,02/01/2024,09:29:41,19.1,19.05,5800,19.1,2320,12360,10664200
FINNIFTY02JAN2421400PE.NFO,02/01/2024,09:29:42,19.1,19.05,360,19.1,5400,25400,10664200
FINNIFTY02JAN2421400PE.NFO,02/01/2024,09:29:43,19.35,19.25,10120,19.35,3920,35760,10664200
FINNIFTY02JAN2421400PE.NFO,02/01/2024,09:29:44,19.2,19.2,240,19.25,2200,26040,10664200
FINNIFTY02JAN2421400PE.NFO,02/01/2024,09:29:45,19.45,19.35,7280,19.45,7000,30720,10664200
FINNIFTY02JAN2421400PE.NFO,02/01/2024,09:29:46,19.55,19.45,5080,19.55,6000,22720,10664200
FINNIFTY02JAN2421400PE.NFO,02/01/2024,09:29:47,19.45,19.45,1240,19.5,6920,46720,10664200
FINNIFTY02JAN2421400PE.NFO,02/01/2024,09:29:48,19.65,19.55,9800,19.65,5040,29560,10664200
FINNIFTY02JAN2421400PE.NFO,02/01/2024,09:29:49,19.3,19.3,2200,19.35,3720,35200,10664200
FINNIFTY02JAN2421400PE.NFO,02/01/2024,09:29:50,19.35,19.3,2280,19.35,1280,29320,10664200
FINNIFTY02JAN2421400PE.NFO,02/01/2024,09:29:51,19.1,19.1,4800,19.2,3200,98800,10664200
FINNIFTY02JAN2421400PE.NFO,02/01/2024,09:29:52,19.05,19.05,4560,19.1,2880,27560,10664200
FINNIFTY02JAN2421400PE.NFO,02/01/2024,09:29:53,19,19,74240,19.1,8400,37520,10664200
FINNIFTY02JAN2421400PE.NFO,02/01/2024,09:29:54,19.2,19.1,12200,19.2,2480,156400,10664200
FINNIFTY02JAN2421400PE.NFO,02/01/2024,09:29:55,19.1,19,9240,19.1,8760,39480,10664200
FINNIFTY02JAN2421400PE.NFO,02/01/2024,09:29:56,19.1,19.05,5440,19.1,1080,34840,10664200
FINNIFTY02JAN2421400PE.NFO,02/01/2024,09:29:57,19.05,19,2880,19.1,6880,43800,10664200
FINNIFTY02JAN2421400PE.NFO,02/01/2024,09:29:58,19.25,19.2,9760,19.3,4160,58320,10664200
FINNIFTY02JAN2421400PE.NFO,02/01/2024,09:29:59,18.9,18.9,3680,19,6520,56560,10664200
FINNIFTY02JAN2421400PE.NFO,02/01/2024,09:30:00,18.7,18.7,19840,18.75,4240,80000,10664200
FINNIFTY02JAN2421400PE.NFO,02/01/2024,09:30:01,17.8,17.8,40,17.85,5240,285240,10664200
FINNIFTY02JAN2421400PE.NFO,02/01/2024,09:30:02,18.3,18.3,5440,18.4,4680,116320,10664200
FINNIFTY02JAN2421400PE.NFO,02/01/2024,09:30:03,19,18.95,4560,19,8280,66680,10664200
FINNIFTY02JAN2421400PE.NFO,02/01/2024,09:30:04,19.15,19.1,1360,19.15,2600,66200,10664200
FINNIFTY02JAN2421400PE.NFO,02/01/2024,09:30:05,19.05,19.05,8840,19.15,2160,45040,10664200
FINNIFTY02JAN2421400PE.NFO,02/01/2024,09:30:06,19.45,19.45,3440,19.5,2080,65040,10664200
FINNIFTY02JAN2421400PE.NFO,02/01/2024,09:30:07,19.35,19.3,640,19.35,4120,11600,10664200
FINNIFTY02JAN2421400PE.NFO,02/01/2024,09:30:08,19.3,19.2,7120,19.3,3160,40160,10664200
FINNIFTY02JAN2421400PE.NFO,02/01/2024,09:30:09,19.15,19.15,960,19.2,3200,46520,10664200
FINNIFTY02JAN2421400PE.NFO,02/01/2024,09:30:10,18.95,18.9,6680,19,2480,30640,10664200
FINNIFTY02JAN2421400PE.NFO,02/01/2024,09:30:11,19,18.9,2200,18.95,40,42520,10664200
FINNIFTY02JAN2421400PE.NFO,02/01/2024,09:30:12,18.85,18.8,2960,18.9,5200,28960,10664200
FINNIFTY02JAN2421400PE.NFO,02/01/2024,09:30:13,18.75,18.75,2880,18.8,840,10960,10664200
FINNIFTY02JAN2421400PE.NFO,02/01/2024,09:30:14,18.2,18.15,4240,18.25,3880,54600,10664200
FINNIFTY02JAN2421400PE.NFO,02/01/2024,09:30:15,18.15,18.15,6880,18.25,4480,36160,10664200
FINNIFTY02JAN2421400PE.NFO,02/01/2024,09:30:16,18.4,18.35,760,18.4,3480,44840,10664200
FINNIFTY02JAN2421400PE.NFO,02/01/2024,09:30:17,18.25,18.25,7880,18.3,1160,51560,10664200
FINNIFTY02JAN2421400PE.NFO,02/01/2024,09:30:18,18,18,54240,18.05,640,27600,10664200
FINNIFTY02JAN2421400PE.NFO,02/01/2024,09:30:19,17.65,17.55,4880,17.65,7840,117480,10664200
FINNIFTY02JAN2421400PE.NFO,02/01/2024,09:30:20,17.75,17.7,1080,17.8,9680,107320,10664200
FINNIFTY02JAN2421400PE.NFO,02/01/2024,09:30:20,17.3,17.7,1080,17.8,9680,0,10664200
FINNIFTY02JAN2421400PE.NFO,02/01/2024,09:30:21,17.9,17.9,2720,17.95,3280,64960,10664200
FINNIFTY02JAN2421400PE.NFO,02/01/2024,09:30:22,18.2,18.2,2200,18.25,3120,38320,10664200
FINNIFTY02JAN2421400PE.NFO,02/01/2024,09:30:23,18.2,18.2,240,18.25,2600,43640,10664200
FINNIFTY02JAN2421400PE.NFO,02/01/2024,09:30:24,18.3,18.2,9520,18.3,760,34520,10664200
FINNIFTY02JAN2421400PE.NFO,02/01/2024,09:30:25,18.45,18.45,5720,18.5,3080,49160,10664200
FINNIFTY02JAN2421400PE.NFO,02/01/2024,09:30:26,18.55,18.5,3040,18.55,160,7000,10664200
FINNIFTY02JAN2421400PE.NFO,02/01/2024,09:30:27,18.55,18.55,8160,18.65,6600,51040,10664200
FINNIFTY02JAN2421400PE.NFO,02/01/2024,09:30:28,18.6,18.6,11440,18.65,3000,37560,10664200
FINNIFTY02JAN2421400PE.NFO,02/01/2024,09:30:29,18.6,18.55,2960,18.65,8480,31200,10664200
FINNIFTY02JAN2421400PE.NFO,02/01/2024,09:30:30,18.6,18.6,360,18.65,4680,35320,10664200
FINNIFTY02JAN2421400PE.NFO,02/01/2024,09:30:31,18.95,18.95,5120,19,25480,59400,10664200
FINNIFTY02JAN2421400PE.NFO,02/01/2024,09:30:32,19,18.9,6520,19,29560,7040,10664200
FINNIFTY02JAN2421400PE.NFO,02/01/2024,09:30:33,18.9,18.9,1200,18.95,4000,32280,10664200
FINNIFTY02JAN2421400PE.NFO,02/01/2024,09:30:34,18.85,18.8,9840,18.9,2440,33360,10664200
FINNIFTY02JAN2421400PE.NFO,02/01/2024,09:30:35,18.8,18.75,3560,18.8,1760,43560,10664200
FINNIFTY02JAN2421400PE.NFO,02/01/2024,09:30:36,18.75,18.75,4000,18.8,3720,40920,10664200
FINNIFTY02JAN2421400PE.NFO,02/01/2024,09:30:37,18.7,18.65,1880,18.7,3440,4920,10664200
FINNIFTY02JAN2421400PE.NFO,02/01/2024,09:30:38,19,18.9,10040,19,29720,28600,10664200
FINNIFTY02JAN2421400PE.NFO,02/01/2024,09:30:39,18.75,18.7,4200,18.75,3920,28200,10664200
FINNIFTY02JAN2421400PE.NFO,02/01/2024,09:30:40,18.55,18.45,4920,18.5,5760,43040,10664200
FINNIFTY02JAN2421400PE.NFO,02/01/2024,09:30:41,18.35,18.25,3960,18.35,3040,53720,10664200
FINNIFTY02JAN2421400PE.NFO,02/01/2024,09:30:42,18.25,18.2,400,18.25,1600,4640,10664200
FINNIFTY02JAN2421400PE.NFO,02/01/2024,09:30:43,18.6,18.55,7040,18.65,9400,57920,10664200
FINNIFTY02JAN2421400PE.NFO,02/01/2024,09:30:44,18.7,18.6,9400,18.7,4360,32920,10664200
FINNIFTY02JAN2421400PE.NFO,02/01/2024,09:30:45,18.45,18.45,7640,18.5,600,34960,10664200
FINNIFTY02JAN2421400PE.NFO,02/01/2024,09:30:46,18.5,18.5,9240,18.6,3800,21280,10664200
FINNIFTY02JAN2421400PE.NFO,02/01/2024,09:30:47,18.55,18.55,1800,18.6,3880,30320,10664200
FINNIFTY02JAN2421400PE.NFO,02/01/2024,09:30:48,18.65,18.55,13600,18.65,640,18800,10664200
FINNIFTY02JAN2421400PE.NFO,02/01/2024,09:30:49,18.65,18.55,9600,18.65,4440,18400,10664200
FINNIFTY02JAN2421400PE.NFO,02/01/2024,09:30:50,18.6,18.6,5720,18.7,2080,16640,10664200
FINNIFTY02JAN2421400PE.NFO,02/01/2024,09:30:51,18.6,18.55,7040,18.65,6840,51240,10664200
FINNIFTY02JAN2421400PE.NFO,02/01/2024,09:30:53,18.35,18.3,5280,18.35,2320,91080,10664200
FINNIFTY02JAN2421400PE.NFO,02/01/2024,09:30:53,18.35,18.3,8200,18.35,600,7080,10664200
FINNIFTY02JAN2421400PE.NFO,02/01/2024,09:30:54,18.45,18.45,2760,18.5,2360,30240,10664200
FINNIFTY02JAN2421400PE.NFO,02/01/2024,09:30:55,18.65,18.6,1760,18.65,4560,28200,10664200
FINNIFTY02JAN2421400PE.NFO,02/01/2024,09:30:56,18.75,18.7,12120,18.75,40,14280,10664200
FINNIFTY02JAN2421400PE.NFO,02/01/2024,09:30:58,18.8,18.75,3760,18.85,5080,32000,10664200
FINNIFTY02JAN2421400PE.NFO,02/01/2024,09:30:58,18.75,18.75,10400,18.85,2800,320,10664200
FINNIFTY02JAN2421400PE.NFO,02/01/2024,09:30:59,18.85,18.8,2520,18.85,3360,36120,10664200
FINNIFTY02JAN2421400PE.NFO,02/01/2024,09:31:00,18.75,18.75,2560,18.8,1800,60720,10664200
FINNIFTY02JAN2421400PE.NFO,02/01/2024,09:31:01,18.65,18.55,7640,18.65,9120,47720,10664200
FINNIFTY02JAN2421400PE.NFO,02/01/2024,09:31:03,18.9,18.85,5680,18.9,160,29840,10664200
FINNIFTY02JAN2421400PE.NFO,02/01/2024,09:31:03,18.85,18.8,6160,18.9,5760,6040,10664200
FINNIFTY02JAN2421400PE.NFO,02/01/2024,09:31:04,18.9,18.85,4960,18.95,8600,27720,10664200
FINNIFTY02JAN2421400PE.NFO,02/01/2024,09:31:05,19,18.9,7840,19,60520,32160,10664200
FINNIFTY02JAN2421400PE.NFO,02/01/2024,09:31:06,18.95,19,3240,19.05,2320,83480,10664200
FINNIFTY02JAN2421400PE.NFO,02/01/2024,09:31:07,19,19,5040,19.05,280,20720,10664200
FINNIFTY02JAN2421400PE.NFO,02/01/2024,09:31:08,18.95,18.95,40,19,5600,21040,10664200
FINNIFTY02JAN2421400PE.NFO,02/01/2024,09:31:10,18.95,18.85,9400,18.95,3600,20960,10664200
FINNIFTY02JAN2421400PE.NFO,02/01/2024,09:31:10,19.05,19,1640,19.05,3200,8920,10664200
FINNIFTY02JAN2421400PE.NFO,02/01/2024,09:31:11,19,18.9,7920,19,4840,14680,10664200
FINNIFTY02JAN2421400PE.NFO,02/01/2024,09:31:12,19.1,19.1,1200,19.15,4600,51960,10664200
FINNIFTY02JAN2421400PE.NFO,02/01/2024,09:31:13,19.3,19.3,80,19.35,7160,31200,10664200
FINNIFTY02JAN2421400PE.NFO,02/01/2024,09:31:15,19.7,19.7,4000,19.75,240,97960,10664200
FINNIFTY02JAN2421400PE.NFO,02/01/2024,09:31:15,19.75,19.75,5280,19.85,7360,10040,10664200
FINNIFTY02JAN2421400PE.NFO,02/01/2024,09:31:16,19.85,19.85,5400,19.95,10760,64480,10664200
FINNIFTY02JAN2421400PE.NFO,02/01/2024,09:31:17,19.5,19.45,2120,19.5,3320,58360,10664200
FINNIFTY02JAN2421400PE.NFO,02/01/2024,09:31:18,19.55,19.55,1360,19.6,9280,53240,10664200
FINNIFTY02JAN2421400PE.NFO,02/01/2024,09:31:19,19.65,19.55,3440,19.65,12320,42760,10664200
FINNIFTY02JAN2421400PE.NFO,02/01/2024,09:31:21,19.75,19.65,5360,19.7,80,56920,10664200
FINNIFTY02JAN2421400PE.NFO,02/01/2024,09:31:21,19.75,19.65,11080,19.75,4000,3000,10664200
FINNIFTY02JAN2421400PE.NFO,02/01/2024,09:31:22,19.5,19.5,5960,19.6,8400,25880,10664200
FINNIFTY02JAN2421400PE.NFO,02/01/2024,09:31:23,19.3,19.3,4840,19.4,3520,46600,10664200
FINNIFTY02JAN2421400PE.NFO,02/01/2024,09:31:24,19.4,19.35,4120,19.4,3800,37040,10664200
FINNIFTY02JAN2421400PE.NFO,02/01/2024,09:31:25,18.8,18.75,10960,18.85,4480,89480,10664200
FINNIFTY02JAN2421400PE.NFO,02/01/2024,09:31:27,18.85,18.8,10000,18.9,4920,41880,10664200
FINNIFTY02JAN2421400PE.NFO,02/01/2024,09:31:27,18.75,18.75,2280,18.85,8760,11000,10664200
FINNIFTY02JAN2421400PE.NFO,02/01/2024,09:31:28,18.75,18.65,3600,18.75,10280,41360,10664200
FINNIFTY02JAN2421400PE.NFO,02/01/2024,09:31:29,18.95,18.9,2200,18.95,2120,36280,10664200
FINNIFTY02JAN2421400PE.NFO,02/01/2024,09:31:30,19,18.95,4040,19,2560,28080,10664200
FINNIFTY02JAN2421400PE.NFO,02/01/2024,09:31:31,19.05,19,5200,19.05,600,22920,10664200
FINNIFTY02JAN2421400PE.NFO,02/01/2024,09:31:33,19.05,19,5240,19.05,2760,50800,10664200
FINNIFTY02JAN2421400PE.NFO,02/01/2024,09:31:34,19.4,19.25,4960,19.35,4040,27760,10664200
FINNIFTY02JAN2421400PE.NFO,02/01/2024,09:31:35,19.5,19.5,10440,19.6,4400,23120,10664200
FINNIFTY02JAN2421400PE.NFO,02/01/2024,09:31:36,19.35,19.35,4040,19.45,6000,20280,10664200
FINNIFTY02JAN2421400PE.NFO,02/01/2024,09:31:37,19.45,19.45,8640,19.5,240,21560,10664200
FINNIFTY02JAN2421400PE.NFO,02/01/2024,09:31:38,19.6,19.6,1200,19.65,920,20360,10664200
FINNIFTY02JAN2421400PE.NFO,02/01/2024,09:31:39,19.75,19.65,6880,19.75,4280,15960,10664200
FINNIFTY02JAN2421400PE.NFO,02/01/2024,09:31:39,19.65,19.6,7160,19.7,3640,19480,10664200
FINNIFTY02JAN2421400PE.NFO,02/01/2024,09:31:40,19.75,19.7,1800,19.75,1320,54560,10664200
FINNIFTY02JAN2421400PE.NFO,02/01/2024,09:31:41,19.85,19.85,1880,19.9,5880,33600,10664200
FINNIFTY02JAN2421400PE.NFO,02/01/2024,09:31:42,19.7,19.7,10320,19.8,2320,37360,10664200
FINNIFTY02JAN2421400PE.NFO,02/01/2024,09:31:43,19.7,19.7,10280,19.8,4880,17960,10664200
FINNIFTY02JAN2421400PE.NFO,02/01/2024,09:31:45,19.55,19.5,720,19.55,4640,42120,10664200
FINNIFTY02JAN2421400PE.NFO,02/01/2024,09:31:46,19.2,19.2,1800,19.25,4680,20200,10664200
FINNIFTY02JAN2421400PE.NFO,02/01/2024,09:31:46,19.3,19.25,3000,19.3,400,4160,10664200
FINNIFTY02JAN2421400PE.NFO,02/01/2024,09:31:47,19.5,19.45,40,19.5,8200,26640,10664200
FINNIFTY02JAN2421400PE.NFO,02/01/2024,09:31:48,19.25,19.2,4960,19.3,4320,29520,10664200
FINNIFTY02JAN2421400PE.NFO,02/01/2024,09:31:49,19.35,19.3,40,19.35,7080,32080,10664200
FINNIFTY02JAN2421400PE.NFO,02/01/2024,09:31:50,19.5,19.45,3120,19.5,1640,25280,10664200
FINNIFTY02JAN2421400PE.NFO,02/01/2024,09:31:52,19.45,19.4,5040,19.45,400,22920,10664200
FINNIFTY02JAN2421400PE.NFO,02/01/2024,09:31:52,19.55,19.45,5360,19.55,10120,4280,10664200
FINNIFTY02JAN2421400PE.NFO,02/01/2024,09:31:53,19.5,19.5,3160,19.55,2440,29360,10664200
FINNIFTY02JAN2421400PE.NFO,02/01/2024,09:31:54,19.85,19.75,5840,19.85,5560,120640,10664200
FINNIFTY02JAN2421400PE.NFO,02/01/2024,09:31:55,19.75,19.75,5240,19.85,6320,29520,10664200
FINNIFTY02JAN2421400PE.NFO,02/01/2024,09:31:57,19.85,19.85,2960,19.9,680,30720,10664200
FINNIFTY02JAN2421400PE.NFO,02/01/2024,09:31:57,19.8,19.7,11160,19.8,2000,3640,10664200
FINNIFTY02JAN2421400PE.NFO,02/01/2024,09:31:58,19.4,19.45,6280,19.55,9520,36920,10664200
FINNIFTY02JAN2421400PE.NFO,02/01/2024,09:31:59,19.55,19.5,4840,19.55,360,43120,10664200
FINNIFTY02JAN2421400PE.NFO,02/01/2024,09:32:00,19.5,19.45,3800,19.5,2000,28680,10664200
FINNIFTY02JAN2421400PE.NFO,02/01/2024,09:32:01,19.5,19.4,7800,19.5,3080,52000,10664200
FINNIFTY02JAN2421400PE.NFO,02/01/2024,09:32:03,19.6,19.5,5840,19.6,4640,27280,10664200
FINNIFTY02JAN2421400PE.NFO,02/01/2024,09:32:03,19.5,19.4,10960,19.5,3440,5680,10664200
FINNIFTY02JAN2421400PE.NFO,02/01/2024,09:32:04,19.85,19.8,8840,19.9,1960,50960,10664200
FINNIFTY02JAN2421400PE.NFO,02/01/2024,09:32:05,19.75,19.7,2560,19.75,2600,111840,10664200
FINNIFTY02JAN2421400PE.NFO,02/01/2024,09:32:06,19.9,19.9,1320,19.95,2120,42880,10664200
FINNIFTY02JAN2421400PE.NFO,02/01/2024,09:32:08,19.95,19.95,3640,20.05,4520,43040,10664200
FINNIFTY02JAN2421400PE.NFO,02/01/2024,09:32:08,19.95,19.85,5960,19.95,5680,8160,10664200
FINNIFTY02JAN2421400PE.NFO,02/01/2024,09:32:09,20.05,19.95,3080,20.05,8720,35920,10664200
FINNIFTY02JAN2421400PE.NFO,02/01/2024,09:32:10,19.9,19.85,7280,19.95,4800,44800,10664200
FINNIFTY02JAN2421400PE.NFO,02/01/2024,09:32:11,19.8,19.7,3120,19.8,5040,42680,10664200
FINNIFTY02JAN2421400PE.NFO,02/01/2024,09:32:13,19.25,19.2,7320,19.25,1920,49320,10664200
FINNIFTY02JAN2421400PE.NFO,02/01/2024,09:32:13,19.3,19.25,440,19.3,4440,8400,10664200
FINNIFTY02JAN2421400PE.NFO,02/01/2024,09:32:14,19.65,19.6,120,19.65,3000,35000,10664200
FINNIFTY02JAN2421400PE.NFO,02/01/2024,09:32:15,19.9,19.8,5200,19.9,1720,51360,10664200
FINNIFTY02JAN2421400PE.NFO,02/01/2024,09:32:16,19.85,19.9,4440,19.95,1080,30840,10664200
FINNIFTY02JAN2421400PE.NFO,02/01/2024,09:32:17,20.15,20.1,2240,20.2,7320,46520,10664200
FINNIFTY02JAN2421400PE.NFO,02/01/2024,09:32:19,20.8,20.75,520,20.8,3720,106360,10664200
FINNIFTY02JAN2421400PE.NFO,02/01/2024,09:32:19,20.8,20.75,320,20.8,2760,8320,10664200
FINNIFTY02JAN2421400PE.NFO,02/01/2024,09:32:20,20.75,20.65,1160,20.75,4520,67840,10664200
FINNIFTY02JAN2421400PE.NFO,02/01/2024,09:32:21,20.5,20.4,2000,20.5,6760,49200,10664200
FINNIFTY02JAN2421400PE.NFO,02/01/2024,09:32:22,20.5,20.4,4040,20.5,4800,72960,10664200
FINNIFTY02JAN2421400PE.NFO,02/01/2024,09:32:23,20.7,20.6,5600,20.7,14800,54000,10664200
FINNIFTY02JAN2421400PE.NFO,02/01/2024,09:32:24,20.65,20.65,3160,20.75,3640,51840,10664200
FINNIFTY02JAN2421400PE.NFO,02/01/2024,09:32:25,20.85,20.85,1920,20.9,1920,44880,10664200
FINNIFTY02JAN2421400PE.NFO,02/01/2024,09:32:27,20.55,20.45,3640,20.55,4720,70320,10664200
FINNIFTY02JAN2421400PE.NFO,02/01/2024,09:32:27,20.45,20.35,6400,20.45,2760,10960,10664200
FINNIFTY02JAN2421400PE.NFO,02/01/2024,09:32:28,20.2,20.2,5640,20.3,3280,39040,10664200
FINNIFTY02JAN2421400PE.NFO,02/01/2024,09:32:29,20.1,20.05,12520,20.1,4200,41960,10664200
FINNIFTY02JAN2421400PE.NFO,02/01/2024,09:32:30,20.05,20.05,3960,20.1,80,35840,11660360
FINNIFTY02JAN2421400PE.NFO,02/01/2024,09:32:31,19.9,19.9,5920,20,7480,57200,11660360
FINNIFTY02JAN2421400PE.NFO,02/01/2024,09:32:32,20.05,20.05,4240,20.15,6440,28720,11660360
FINNIFTY02JAN2421400PE.NFO,02/01/2024,09:32:33,20.05,20.05,3480,20.1,480,22040,11660360
FINNIFTY02JAN2421400PE.NFO,02/01/2024,09:32:35,20.2,20.2,5800,20.3,3040,61440,11660360
FINNIFTY02JAN2421400PE.NFO,02/01/2024,09:32:36,20.25,20.25,3520,20.35,2400,37000,11660360
FINNIFTY02JAN2421400PE.NFO,02/01/2024,09:32:37,20.6,20.6,3600,20.65,560,44920,11660360
FINNIFTY02JAN2421400PE.NFO,02/01/2024,09:32:38,20.8,20.8,1480,20.85,2160,47840,11660360
FINNIFTY02JAN2421400PE.NFO,02/01/2024,09:32:39,20.8,20.8,3520,20.9,2960,58680,11660360
FINNIFTY02JAN2421400PE.NFO,02/01/2024,09:32:40,20.75,20.75,3960,20.85,3840,100680,11660360
FINNIFTY02JAN2421400PE.NFO,02/01/2024,09:32:41,20.55,20.5,4360,20.6,8400,66520,11660360
FINNIFTY02JAN2421400PE.NFO,02/01/2024,09:32:42,20.6,20.6,440,20.65,4840,38480,11660360
FINNIFTY02JAN2421400PE.NFO,02/01/2024,09:32:43,20.75,20.65,4000,20.75,1400,23080,11660360
FINNIFTY02JAN2421400PE.NFO,02/01/2024,09:32:44,20.5,20.5,1280,20.55,2200,42480,11660360
FINNIFTY02JAN2421400PE.NFO,02/01/2024,09:32:45,20.5,20.55,400,20.6,6480,31840,11660360
FINNIFTY02JAN2421400PE.NFO,02/01/2024,09:32:46,20.7,20.65,1920,20.7,3800,43760,11660360
FINNIFTY02JAN2421400PE.NFO,02/01/2024,09:32:47,20.4,20.35,2440,20.4,960,43200,11660360
FINNIFTY02JAN2421400PE.NFO,02/01/2024,09:32:48,20.35,20.35,2200,20.4,1040,32360,11660360
FINNIFTY02JAN2421400PE.NFO,02/01/2024,09:32:49,20.15,20.05,1120,20.15,6480,45240,11660360
FINNIFTY02JAN2421400PE.NFO,02/01/2024,09:32:50,20,20,69000,20.15,9360,45840,11660360
FINNIFTY02JAN2421400PE.NFO,02/01/2024,09:32:51,20.25,20.25,3320,20.35,6120,122720,11660360
FINNIFTY02JAN2421400PE.NFO,02/01/2024,09:32:52,20.25,20.2,3080,20.25,2560,40080,11660360
FINNIFTY02JAN2421400PE.NFO,02/01/2024,09:32:52,20.25,20.2,1200,20.25,3560,6080,11660360
FINNIFTY02JAN2421400PE.NFO,02/01/2024,09:32:53,20.7,20.6,5520,20.7,6280,49000,11660360
FINNIFTY02JAN2421400PE.NFO,02/01/2024,09:32:54,20.2,20.2,2280,20.25,1880,32400,11660360
FINNIFTY02JAN2421400PE.NFO,02/01/2024,09:32:55,20.35,20.35,2000,20.4,2000,33960,11660360
FINNIFTY02JAN2421400PE.NFO,02/01/2024,09:32:56,20.4,20.35,2360,20.45,4280,19400,11660360
FINNIFTY02JAN2421400PE.NFO,02/01/2024,09:32:57,20.45,20.4,1440,20.45,2640,22080,11660360
FINNIFTY02JAN2421400PE.NFO,02/01/2024,09:32:58,20.35,20.3,2000,20.35,2880,20920,11660360
FINNIFTY02JAN2421400PE.NFO,02/01/2024,09:32:59,20.05,20.05,2080,20.1,2360,43200,11660360
FINNIFTY02JAN2421400PE.NFO,02/01/2024,09:33:00,20,20,23800,20.05,1720,45440,11660360
FINNIFTY02JAN2421400PE.NFO,02/01/2024,09:33:01,20,19.85,4080,19.95,9080,109040,11660360
FINNIFTY02JAN2421400PE.NFO,02/01/2024,09:33:02,19.85,19.8,1720,19.85,1280,43080,11660360
FINNIFTY02JAN2421400PE.NFO,02/01/2024,09:33:03,19.75,19.75,3400,19.8,2400,36240,11660360
FINNIFTY02JAN2421400PE.NFO,02/01/2024,09:33:04,19.75,19.7,7480,19.8,6040,36640,11660360
FINNIFTY02JAN2421400PE.NFO,02/01/2024,09:33:05,19.7,19.7,2480,19.75,2400,29520,11660360
FINNIFTY02JAN2421400PE.NFO,02/01/2024,09:33:06,19.65,19.65,4960,19.7,2360,36360,11660360
FINNIFTY02JAN2421400PE.NFO,02/01/2024,09:33:08,19.95,19.95,1680,20,400,81160,11660360
FINNIFTY02JAN2421400PE.NFO,02/01/2024,09:33:09,19.6,19.6,7320,19.7,7320,103160,11660360
FINNIFTY02JAN2421400PE.NFO,02/01/2024,09:33:09,19.7,19.7,4360,19.75,2240,3720,11660360
FINNIFTY02JAN2421400PE.NFO,02/01/2024,09:33:10,19.7,19.7,12320,19.8,1520,33840,11660360
FINNIFTY02JAN2421400PE.NFO,02/01/2024,09:33:11,20,19.95,6680,20.1,11520,43320,11660360
FINNIFTY02JAN2421400PE.NFO,02/01/2024,09:33:13,20.1,20.1,320,20.15,11240,21120,11660360
FINNIFTY02JAN2421400PE.NFO,02/01/2024,09:33:14,20.2,20.2,2880,20.25,2520,27440,11660360
FINNIFTY02JAN2421400PE.NFO,02/01/2024,09:33:14,20.25,20.2,2920,20.25,3120,2880,11660360
FINNIFTY02JAN2421400PE.NFO,02/01/2024,09:33:15,20.55,20.5,2880,20.55,3000,34320,11660360
FINNIFTY02JAN2421400PE.NFO,02/01/2024,09:33:16,20.7,20.75,2520,20.8,1960,85960,11660360
FINNIFTY02JAN2421400PE.NFO,02/01/2024,09:33:17,20.8,20.7,6760,20.8,7000,70520,11660360
FINNIFTY02JAN2421400PE.NFO,02/01/2024,09:33:19,20.5,20.45,4600,20.5,2000,45040,11660360
FINNIFTY02JAN2421400PE.NFO,02/01/2024,09:33:20,20.55,20.55,4520,20.65,4400,45320,11660360
FINNIFTY02JAN2421400PE.NFO,02/01/2024,09:33:20,20.6,20.55,2720,20.65,4200,2800,11660360
FINNIFTY02JAN2421400PE.NFO,02/01/2024,09:33:21,20.6,20.5,3960,20.6,5640,20840,11660360
FINNIFTY02JAN2421400PE.NFO,02/01/2024,09:33:22,20.7,20.7,5760,20.75,1120,29600,11660360
FINNIFTY02JAN2421400PE.NFO,02/01/2024,09:33:24,20.65,20.65,7760,20.75,5560,22640,11660360
FINNIFTY02JAN2421400PE.NFO,02/01/2024,09:33:25,20.8,20.7,960,20.8,9400,30120,11660360
FINNIFTY02JAN2421400PE.NFO,02/01/2024,09:33:25,20.9,20.85,6040,20.9,720,13840,11660360
FINNIFTY02JAN2421400PE.NFO,02/01/2024,09:33:26,21.15,21.05,2160,21.15,7960,103840,11660360
FINNIFTY02JAN2421400PE.NFO,02/01/2024,09:33:27,21,20.95,760,21,5040,71760,11660360
FINNIFTY02JAN2421400PE.NFO,02/01/2024,09:33:29,21,21,4320,21.1,4760,64120,11660360
FINNIFTY02JAN2421400PE.NFO,02/01/2024,09:33:30,20.85,20.8,1320,20.85,2440,41160,11660360
FINNIFTY02JAN2421400PE.NFO,02/01/2024,09:33:30,20.75,20.75,360,20.8,6240,7080,11660360
FINNIFTY02JAN2421400PE.NFO,02/01/2024,09:33:31,20.6,20.6,4480,20.7,7240,45280,11660360
FINNIFTY02JAN2421400PE.NFO,02/01/2024,09:33:32,20.3,20.3,2600,20.35,80,32800,11660360
FINNIFTY02JAN2421400PE.NFO,02/01/2024,09:33:34,20.35,20.3,3240,20.35,1280,52480,11660360
FINNIFTY02JAN2421400PE.NFO,02/01/2024,09:33:35,20.45,20.4,5920,20.45,120,20000,11660360
FINNIFTY02JAN2421400PE.NFO,02/01/2024,09:33:35,20.45,20.35,4040,20.45,1960,4320,11660360
FINNIFTY02JAN2421400PE.NFO,02/01/2024,09:33:36,20.5,20.5,5920,20.55,520,58920,11660360
FINNIFTY02JAN2421400PE.NFO,02/01/2024,09:33:37,20.2,20.15,1160,20.2,600,70200,11660360
FINNIFTY02JAN2421400PE.NFO,02/01/2024,09:33:38,20.35,20.3,1560,20.35,2000,24040,11660360
FINNIFTY02JAN2421400PE.NFO,02/01/2024,09:33:40,20.5,20.4,4880,20.5,4120,53200,11660360
FINNIFTY02JAN2421400PE.NFO,02/01/2024,09:33:41,20.7,20.7,7000,20.75,640,55640,11660360
FINNIFTY02JAN2421400PE.NFO,02/01/2024,09:33:41,20.75,20.65,5400,20.75,1760,5800,11660360
FINNIFTY02JAN2421400PE.NFO,02/01/2024,09:33:42,20.4,20.35,2880,20.4,2800,21920,11660360
FINNIFTY02JAN2421400PE.NFO,02/01/2024,09:33:43,20,19.95,1200,20,1520,106640,11660360
FINNIFTY02JAN2421400PE.NFO,02/01/2024,09:33:45,20,19.95,5520,20.05,5840,44200,11660360
FINNIFTY02JAN2421400PE.NFO,02/01/2024,09:33:46,19.95,20,80,20.05,2800,49320,11660360
