Ticker,Date,Time,LTP,BuyPrice,BuyQty,SellPrice,SellQty,LTQ,OpenInterest
FINNIFTY02JAN2420250CE.NFO,02/01/2024,10:00:51,1065.9,1050.55,160,1063.7,120,1920,0
FINNIFTY02JAN2420250CE.NFO,02/01/2024,10:00:51,1063.8,1050.55,160,1063.7,120,0,0
FINNIFTY02JAN2420250CE.NFO,02/01/2024,10:00:51,1065.9,1050.55,160,1063.7,120,0,0
FINNIFTY02JAN2420250CE.NFO,02/01/2024,10:00:51,1063.6,1050.55,160,1063.7,120,0,0
FINNIFTY02JAN2420250CE.NFO,02/01/2024,10:01:02,1057.1,1057.1,80,1063.45,80,400,0
FINNIFTY02JAN2420250CE.NFO,02/01/2024,10:01:02,1057.1,1057.1,80,1063.45,80,0,0
FINNIFTY02JAN2420250CE.NFO,02/01/2024,10:01:13,1057.1,1050.8,200,1068.45,320,0,0
FINNIFTY02JAN2420250CE.NFO,02/01/2024,10:01:25,1057.1,1054.1,200,1082.1,120,0,0
FINNIFTY02JAN2420250CE.NFO,02/01/2024,10:01:36,1057.1,1058.6,200,1075.25,160,0,0
FINNIFTY02JAN2420250CE.NFO,02/01/2024,10:01:47,1057.1,1062.9,120,1082.05,120,0,0
FINNIFTY02JAN2420250CE.NFO,02/01/2024,10:01:58,1057.1,1069.55,200,1078.55,160,0,0
FINNIFTY02JAN2420250CE.NFO,02/01/2024,10:02:09,1057.1,1076,200,1088.1,120,0,0
FINNIFTY02JAN2420250CE.NFO,02/01/2024,10:02:20,1057.1,1050.85,240,1082.9,200,0,0
FINNIFTY02JAN2420250CE.NFO,02/01/2024,10:02:30,1057.1,1055.1,40,1082.45,200,0,0
FINNIFTY02JAN2420250CE.NFO,02/01/2024,10:02:32,1057.1,1056.35,160,1081.7,120,0,0
FINNIFTY02JAN2420250CE.NFO,02/01/2024,10:02:33,1057.1,1057.95,200,1083.75,200,0,0
FINNIFTY02JAN2420250CE.NFO,02/01/2024,10:02:35,1057.1,1059.7,160,1090.85,720,0,0
FINNIFTY02JAN2420250CE.NFO,02/01/2024,10:02:37,1057.1,1060.55,160,1086.7,160,0,0
FINNIFTY02JAN2420250CE.NFO,02/01/2024,10:02:38,1057.1,1062.3,240,1086.55,200,0,0
FINNIFTY02JAN2420250CE.NFO,02/01/2024,10:02:40,1057.1,1063.7,40,1088.45,160,0,0
FINNIFTY02JAN2420250CE.NFO,02/01/2024,10:02:42,1057.1,1064.7,160,1090.8,160,0,0
FINNIFTY02JAN2420250CE.NFO,02/01/2024,10:02:43,1057.1,1065.7,200,1090.75,200,0,0
FINNIFTY02JAN2420250CE.NFO,02/01/2024,10:02:45,1057.1,1066.55,160,1090.75,200,0,0
FINNIFTY02JAN2420250CE.NFO,02/01/2024,10:02:47,1057.1,1067.85,40,1090.75,200,0,0
FINNIFTY02JAN2420250CE.NFO,02/01/2024,10:02:48,1057.1,1069.45,200,1090.75,200,0,0
FINNIFTY02JAN2420250CE.NFO,02/01/2024,10:02:50,1057.1,1071,160,1090.75,200,0,0
FINNIFTY02JAN2420250CE.NFO,02/01/2024,10:02:52,1057.1,1072.45,200,1090.75,200,0,0
FINNIFTY02JAN2420250CE.NFO,02/01/2024,10:02:53,1057.1,1074.35,160,1090.75,200,0,0
FINNIFTY02JAN2420250CE.NFO,02/01/2024,10:02:55,1057.1,1075.9,200,1093.05,640,0,0
FINNIFTY02JAN2420250CE.NFO,02/01/2024,10:02:57,1057.1,1077.1,40,1092.7,120,0,0
FINNIFTY02JAN2420250CE.NFO,02/01/2024,10:02:58,1057.1,1078,40,1094.6,200,0,0
FINNIFTY02JAN2420250CE.NFO,02/01/2024,10:03:00,1057.1,1079.15,200,1092.3,120,0,0
FINNIFTY02JAN2420250CE.NFO,02/01/2024,10:03:02,1057.1,1079.7,160,1095.1,200,0,0
FINNIFTY02JAN2420250CE.NFO,02/01/2024,10:03:03,1057.1,1080.55,40,1092.9,120,0,0
FINNIFTY02JAN2420250CE.NFO,02/01/2024,10:03:05,1057.1,1081.85,320,1092.15,320,0,0
FINNIFTY02JAN2420250CE.NFO,02/01/2024,10:03:07,1057.1,1082.7,200,1090.7,160,0,0
FINNIFTY02JAN2420250CE.NFO,02/01/2024,10:03:08,1057.1,1083.65,200,1089.9,120,0,0
FINNIFTY02JAN2420250CE.NFO,02/01/2024,10:03:10,1057.1,1084.2,160,1097.35,800,0,0
FINNIFTY02JAN2420250CE.NFO,02/01/2024,10:03:12,1057.1,1084.75,120,1102.35,120,0,0
FINNIFTY02JAN2420250CE.NFO,02/01/2024,10:03:13,1057.1,1085.3,160,1098.65,200,0,0
FINNIFTY02JAN2420250CE.NFO,02/01/2024,10:03:15,1057.1,1085.8,40,1098.15,200,0,0
FINNIFTY02JAN2420250CE.NFO,02/01/2024,10:03:17,1057.1,1086.65,160,1102.15,120,0,0
FINNIFTY02JAN2420250CE.NFO,02/01/2024,10:03:18,1057.1,1087.4,200,1104.25,120,0,0
FINNIFTY02JAN2420250CE.NFO,02/01/2024,10:03:20,1057.1,1088.1,200,1100.6,120,0,0
FINNIFTY02JAN2420250CE.NFO,02/01/2024,10:03:22,1057.1,1089.05,200,1099.3,200,0,0
FINNIFTY02JAN2420250CE.NFO,02/01/2024,10:03:23,1057.1,1089.8,200,1097.05,280,0,0
FINNIFTY02JAN2420250CE.NFO,02/01/2024,10:03:25,1057.1,1090.75,40,1099.95,80,0,0
FINNIFTY02JAN2420250CE.NFO,02/01/2024,10:03:27,1057.1,1091.6,200,1099.1,120,0,0
FINNIFTY02JAN2420250CE.NFO,02/01/2024,10:03:28,1057.1,1092.45,80,1097.85,120,0,0
FINNIFTY02JAN2420250CE.NFO,02/01/2024,10:03:40,1057.1,1083.4,200,1091.8,280,0,0
FINNIFTY02JAN2420250CE.NFO,02/01/2024,10:03:51,1057.1,1083.5,40,1092.7,1000,0,0
FINNIFTY02JAN2420250CE.NFO,02/01/2024,10:04:02,1057.1,1085,200,1100.7,200,0,0
FINNIFTY02JAN2420250CE.NFO,02/01/2024,10:04:14,1057.1,1093.25,160,1110.4,200,0,0
FINNIFTY02JAN2420250CE.NFO,02/01/2024,10:04:25,1057.1,1100.15,160,1108,40,0,0
FINNIFTY02JAN2420250CE.NFO,02/01/2024,10:04:30,1057.1,1103.05,40,1107.8,120,0,0
FINNIFTY02JAN2420250CE.NFO,02/01/2024,10:04:31,1057.1,1104.3,40,1116.3,560,0,0
FINNIFTY02JAN2420250CE.NFO,02/01/2024,10:04:33,1057.1,1105.1,200,1109.7,160,0,0
FINNIFTY02JAN2420250CE.NFO,02/01/2024,10:04:35,1057.1,1105.55,160,1116.5,160,0,0
FINNIFTY02JAN2420250CE.NFO,02/01/2024,10:04:36,1057.1,1106.2,80,1115.75,120,0,0
FINNIFTY02JAN2420250CE.NFO,02/01/2024,10:04:38,1057.1,1106.55,160,1118.3,80,0,0
FINNIFTY02JAN2420250CE.NFO,02/01/2024,10:04:40,1057.1,1107.25,240,1117.75,120,0,0
FINNIFTY02JAN2420250CE.NFO,02/01/2024,10:04:41,1057.1,1107.75,120,1115.65,200,0,0
FINNIFTY02JAN2420250CE.NFO,02/01/2024,10:04:43,1057.1,1098.05,200,1114.2,200,0,0
FINNIFTY02JAN2420250CE.NFO,02/01/2024,10:04:45,1057.1,1098.55,40,1112.25,120,0,0
FINNIFTY02JAN2420250CE.NFO,02/01/2024,10:04:46,1057.1,1100.15,40,1111.05,200,0,0
FINNIFTY02JAN2420250CE.NFO,02/01/2024,10:04:48,1057.1,1101.85,160,1108.95,200,0,0
FINNIFTY02JAN2420250CE.NFO,02/01/2024,10:04:50,1057.1,1092.75,160,1106.9,240,0,0
FINNIFTY02JAN2420250CE.NFO,02/01/2024,10:04:51,1057.1,1093.65,160,1109.05,40,0,0
FINNIFTY02JAN2420250CE.NFO,02/01/2024,10:04:53,1057.1,1094.55,120,1108.05,120,0,0
FINNIFTY02JAN2420250CE.NFO,02/01/2024,10:04:55,1057.1,1095.4,160,1107.9,200,0,0
FINNIFTY02JAN2420250CE.NFO,02/01/2024,10:04:56,1057.1,1096,160,1107.9,800,0,0
FINNIFTY02JAN2420250CE.NFO,02/01/2024,10:04:58,1057.1,1097.15,40,1107.35,240,0,0
FINNIFTY02JAN2420250CE.NFO,02/01/2024,10:05:00,1057.1,1097.9,200,1114.25,680,0,0
FINNIFTY02JAN2420250CE.NFO,02/01/2024,10:05:01,1057.1,1098.75,240,1114,120,0,0
FINNIFTY02JAN2420250CE.NFO,02/01/2024,10:05:03,1057.1,1100.3,160,1113,40,0,0
FINNIFTY02JAN2420250CE.NFO,02/01/2024,10:05:05,1057.1,1101.85,120,1112.55,240,0,0
FINNIFTY02JAN2420250CE.NFO,02/01/2024,10:05:06,1057.1,1103.2,120,1111.4,160,0,0
FINNIFTY02JAN2420250CE.NFO,02/01/2024,10:05:08,1057.1,1104.7,40,1111.15,160,0,0
FINNIFTY02JAN2420250CE.NFO,02/01/2024,10:05:10,1057.1,1098,200,1109.45,120,0,0
FINNIFTY02JAN2420250CE.NFO,02/01/2024,10:05:11,1057.1,1098,200,1109.2,120,0,0
FINNIFTY02JAN2420250CE.NFO,02/01/2024,10:05:13,1057.1,1099.3,120,1111.25,120,0,0
FINNIFTY02JAN2420250CE.NFO,02/01/2024,10:05:15,1057.1,1100.85,40,1109.8,360,0,0
FINNIFTY02JAN2420250CE.NFO,02/01/2024,10:05:16,1057.1,1102.15,120,1108.45,120,0,0
FINNIFTY02JAN2420250CE.NFO,02/01/2024,10:05:18,1057.1,1102.8,120,1107.65,120,0,0
FINNIFTY02JAN2420250CE.NFO,02/01/2024,10:05:20,1057.1,1097.1,40,1106.9,160,0,0
FINNIFTY02JAN2420250CE.NFO,02/01/2024,10:05:21,1057.1,1097.2,200,1106.95,160,0,0
FINNIFTY02JAN2420250CE.NFO,02/01/2024,10:05:23,1057.1,1097.1,200,1106.85,160,0,0
FINNIFTY02JAN2420250CE.NFO,02/01/2024,10:05:25,1057.1,1097.1,200,1105.85,40,0,0
FINNIFTY02JAN2420250CE.NFO,02/01/2024,10:05:26,1057.1,1097.1,200,1106,120,0,0
FINNIFTY02JAN2420250CE.NFO,02/01/2024,10:05:28,1057.1,1097.1,200,1107.7,960,0,0
FINNIFTY02JAN2420250CE.NFO,02/01/2024,10:05:31,1057.1,1097.1,200,1109.35,1080,0,0
FINNIFTY02JAN2420250CE.NFO,02/01/2024,10:05:33,1057.1,1097.1,200,1109.25,40,0,0
FINNIFTY02JAN2420250CE.NFO,02/01/2024,10:05:35,1057.1,1097.1,200,1111.1,200,0,0
FINNIFTY02JAN2420250CE.NFO,02/01/2024,10:05:36,1057.1,1097.1,200,1111.15,1080,0,0
FINNIFTY02JAN2420250CE.NFO,02/01/2024,10:05:38,1057.1,1097.1,200,1111.1,320,0,0
FINNIFTY02JAN2420250CE.NFO,02/01/2024,10:05:40,1057.1,1097.1,200,1111.05,120,0,0
FINNIFTY02JAN2420250CE.NFO,02/01/2024,10:05:41,1057.1,1097.1,200,1109.8,120,0,0
FINNIFTY02JAN2420250CE.NFO,02/01/2024,10:05:43,1057.1,1097.1,200,1108.15,120,0,0
FINNIFTY02JAN2420250CE.NFO,02/01/2024,10:05:45,1057.1,1097.1,200,1109.55,40,0,0
FINNIFTY02JAN2420250CE.NFO,02/01/2024,10:05:46,1057.1,1097.1,200,1108.6,120,0,0
FINNIFTY02JAN2420250CE.NFO,02/01/2024,10:05:48,1057.1,1097.1,200,1107.2,120,0,0
FINNIFTY02JAN2420250CE.NFO,02/01/2024,10:05:50,1057.1,1097.1,200,1106.45,200,0,0
FINNIFTY02JAN2420250CE.NFO,02/01/2024,10:05:51,1057.1,1097.2,80,1104.95,40,0,0
FINNIFTY02JAN2420250CE.NFO,02/01/2024,10:05:53,1057.1,1098.25,120,1103.85,80,0,0
FINNIFTY02JAN2420250CE.NFO,02/01/2024,10:05:55,1057.1,1099.6,40,1104.2,200,0,0
FINNIFTY02JAN2420250CE.NFO,02/01/2024,10:05:56,1057.1,1100.4,40,1112.35,1000,0,0
FINNIFTY02JAN2420250CE.NFO,02/01/2024,10:05:58,1057.1,1101.3,40,1109.2,120,0,0
FINNIFTY02JAN2420250CE.NFO,02/01/2024,10:06:00,1057.1,1102.75,120,1107.6,160,0,0
FINNIFTY02JAN2420250CE.NFO,02/01/2024,10:06:01,1057.1,1098.05,160,1114.3,40,0,0
FINNIFTY02JAN2420250CE.NFO,02/01/2024,10:06:03,1057.1,1099.4,40,1111.05,200,0,0
FINNIFTY02JAN2420250CE.NFO,02/01/2024,10:06:05,1057.1,1101.5,120,1112.15,120,0,0
FINNIFTY02JAN2420250CE.NFO,02/01/2024,10:06:06,1057.1,1103.75,40,1113.4,40,0,0
FINNIFTY02JAN2420250CE.NFO,02/01/2024,10:06:08,1057.1,1104.45,360,1113.5,160,0,0
FINNIFTY02JAN2420250CE.NFO,02/01/2024,10:06:10,1057.1,1105.3,160,1116.8,320,0,0
FINNIFTY02JAN2420250CE.NFO,02/01/2024,10:06:11,1057.1,1106.45,160,1119.7,120,0,0
FINNIFTY02JAN2420250CE.NFO,02/01/2024,10:06:13,1057.1,1107.35,40,1119.2,560,0,0
FINNIFTY02JAN2420250CE.NFO,02/01/2024,10:06:15,1057.1,1108.1,200,1120.65,280,0,0
FINNIFTY02JAN2420250CE.NFO,02/01/2024,10:06:16,1057.1,1109.05,120,1120.35,160,0,0
FINNIFTY02JAN2420250CE.NFO,02/01/2024,10:06:18,1057.1,1110.1,120,1121.8,160,0,0
FINNIFTY02JAN2420250CE.NFO,02/01/2024,10:06:20,1057.1,1111.2,120,1146.3,280,0,0
FINNIFTY02JAN2420250CE.NFO,02/01/2024,10:06:21,1057.1,1111.8,160,1146.3,80,0,0
FINNIFTY02JAN2420250CE.NFO,02/01/2024,10:06:23,1057.1,1112.3,40,1126.4,400,0,0
FINNIFTY02JAN2420250CE.NFO,02/01/2024,10:06:25,1057.1,1113.2,40,1127.9,120,0,0
FINNIFTY02JAN2420250CE.NFO,02/01/2024,10:06:26,1057.1,1114.05,40,1128.85,80,0,0
FINNIFTY02JAN2420250CE.NFO,02/01/2024,10:06:28,1057.1,1115.35,80,1128.7,120,0,0
FINNIFTY02JAN2420250CE.NFO,02/01/2024,10:06:30,1057.1,1116.65,40,1125.1,40,0,0
FINNIFTY02JAN2420250CE.NFO,02/01/2024,10:06:31,1057.1,1097.45,440,1123.1,200,0,0
FINNIFTY02JAN2420250CE.NFO,02/01/2024,10:06:33,1057.1,1097.55,200,1121.55,160,0,0
FINNIFTY02JAN2420250CE.NFO,02/01/2024,10:06:35,1057.1,1097.55,200,1121.3,160,0,0
FINNIFTY02JAN2420250CE.NFO,02/01/2024,10:06:36,1057.1,1097.85,160,1122.7,160,0,0
FINNIFTY02JAN2420250CE.NFO,02/01/2024,10:06:38,1057.1,1098.75,120,1120.55,120,0,0
FINNIFTY02JAN2420250CE.NFO,02/01/2024,10:06:40,1057.1,1099.75,120,1120.7,120,0,0
FINNIFTY02JAN2420250CE.NFO,02/01/2024,10:06:41,1057.1,1101.65,120,1122.4,120,0,0
FINNIFTY02JAN2420250CE.NFO,02/01/2024,10:06:43,1057.1,1103.25,40,1121.55,120,0,0
FINNIFTY02JAN2420250CE.NFO,02/01/2024,10:06:45,1057.1,1105.65,160,1119.9,80,0,0
FINNIFTY02JAN2420250CE.NFO,02/01/2024,10:06:47,1057.1,1107.55,40,1121.7,200,0,0
FINNIFTY02JAN2420250CE.NFO,02/01/2024,10:06:48,1057.1,1109.25,160,1121.6,160,0,0
FINNIFTY02JAN2420250CE.NFO,02/01/2024,10:06:50,1057.1,1110.15,120,1121.6,160,0,0
FINNIFTY02JAN2420250CE.NFO,02/01/2024,10:06:52,1057.1,1111.3,200,1120.25,280,0,0
FINNIFTY02JAN2420250CE.NFO,02/01/2024,10:06:53,1057.1,1111.55,160,1119.9,120,0,0
FINNIFTY02JAN2420250CE.NFO,02/01/2024,10:06:55,1057.1,1113.1,160,1118.6,160,0,0
FINNIFTY02JAN2420250CE.NFO,02/01/2024,10:06:57,1057.1,1114.05,80,1120.95,240,0,0
FINNIFTY02JAN2420250CE.NFO,02/01/2024,10:06:58,1057.1,1115.4,120,1120.35,120,0,0
FINNIFTY02JAN2420250CE.NFO,02/01/2024,10:07:00,1057.1,1116.25,120,1122.4,440,0,0
FINNIFTY02JAN2420250CE.NFO,02/01/2024,10:07:02,1057.1,1117.25,120,1146.25,680,0,0
FINNIFTY02JAN2420250CE.NFO,02/01/2024,10:07:03,1057.1,1118.25,120,1124.2,120,0,0
FINNIFTY02JAN2420250CE.NFO,02/01/2024,10:07:05,1057.1,1119.35,160,1146.25,640,0,0
FINNIFTY02JAN2420250CE.NFO,02/01/2024,10:07:07,1057.1,1119.95,40,1129.65,240,0,0
FINNIFTY02JAN2420250CE.NFO,02/01/2024,10:07:08,1057.1,1120.8,160,1126.95,520,0,0
FINNIFTY02JAN2420250CE.NFO,02/01/2024,10:07:10,1057.1,1121.45,120,1128.25,120,0,0
FINNIFTY02JAN2420250CE.NFO,02/01/2024,10:07:12,1057.1,1121.95,280,1133.8,320,0,0
FINNIFTY02JAN2420250CE.NFO,02/01/2024,10:07:13,1057.1,1122.35,40,1133.65,120,0,0
FINNIFTY02JAN2420250CE.NFO,02/01/2024,10:07:15,1057.1,1123.05,40,1131.4,240,0,0
FINNIFTY02JAN2420250CE.NFO,02/01/2024,10:07:17,1057.1,1123.65,40,1134.2,120,0,0
FINNIFTY02JAN2420250CE.NFO,02/01/2024,10:07:18,1057.1,1124.65,160,1134.65,160,0,0
FINNIFTY02JAN2420250CE.NFO,02/01/2024,10:07:20,1057.1,1125.25,160,1132.9,160,0,0
FINNIFTY02JAN2420250CE.NFO,02/01/2024,10:07:22,1057.1,1111.1,80,1130.15,120,0,0
FINNIFTY02JAN2420250CE.NFO,02/01/2024,10:07:23,1057.1,1111.9,200,1128.65,160,0,0
FINNIFTY02JAN2420250CE.NFO,02/01/2024,10:07:25,1057.1,1112.65,80,1127.95,120,0,0
FINNIFTY02JAN2420250CE.NFO,02/01/2024,10:07:27,1057.1,1114,120,1127,120,0,0
FINNIFTY02JAN2420250CE.NFO,02/01/2024,10:07:28,1057.1,1114.55,120,1124.65,200,0,0
FINNIFTY02JAN2420250CE.NFO,02/01/2024,10:07:30,1057.1,1115.4,320,1124.45,240,0,0
FINNIFTY02JAN2420250CE.NFO,02/01/2024,10:07:32,1057.1,1116.9,120,1123.4,120,0,0
FINNIFTY02JAN2420250CE.NFO,02/01/2024,10:07:33,1057.1,1118.3,40,1123.5,280,0,0
FINNIFTY02JAN2420250CE.NFO,02/01/2024,10:07:35,1057.1,1118.9,120,1127.6,120,0,0
FINNIFTY02JAN2420250CE.NFO,02/01/2024,10:07:37,1057.1,1119.4,120,1129.2,560,0,0
FINNIFTY02JAN2420250CE.NFO,02/01/2024,10:07:38,1057.1,1120.9,40,1129.15,200,0,0
FINNIFTY02JAN2420250CE.NFO,02/01/2024,10:07:40,1057.1,1110.9,200,1126.85,120,0,0
FINNIFTY02JAN2420250CE.NFO,02/01/2024,10:07:42,1057.1,1110.9,200,1126.65,560,0,0
FINNIFTY02JAN2420250CE.NFO,02/01/2024,10:07:43,1057.1,1110.9,200,1128,200,0,0
FINNIFTY02JAN2420250CE.NFO,02/01/2024,10:07:45,1057.1,1110.9,200,1127,200,0,0
FINNIFTY02JAN2420250CE.NFO,02/01/2024,10:07:47,1057.1,1110.9,200,1125.75,120,0,0
FINNIFTY02JAN2420250CE.NFO,02/01/2024,10:07:48,1057.1,1110.9,200,1125.15,120,0,0
FINNIFTY02JAN2420250CE.NFO,02/01/2024,10:07:50,1057.1,1110.9,200,1123.55,160,0,0
FINNIFTY02JAN2420250CE.NFO,02/01/2024,10:07:52,1057.1,1110.9,200,1124.3,160,0,0
FINNIFTY02JAN2420250CE.NFO,02/01/2024,10:07:53,1057.1,1110.9,200,1123.05,120,0,0
FINNIFTY02JAN2420250CE.NFO,02/01/2024,10:07:55,1057.1,1110.9,200,1122.05,160,0,0
FINNIFTY02JAN2420250CE.NFO,02/01/2024,10:07:57,1057.1,1110.95,40,1120.65,160,0,0
FINNIFTY02JAN2420250CE.NFO,02/01/2024,10:07:58,1057.1,1111.85,160,1122.4,120,0,0
FINNIFTY02JAN2420250CE.NFO,02/01/2024,10:08:00,1057.1,1113.55,200,1121.8,200,0,0
FINNIFTY02JAN2420250CE.NFO,02/01/2024,10:08:02,1057.1,1115.65,200,1120.9,200,0,0
FINNIFTY02JAN2420250CE.NFO,02/01/2024,10:08:03,1057.1,1116.65,320,1124.15,200,0,0
FINNIFTY02JAN2420250CE.NFO,02/01/2024,10:08:05,1057.1,1116.85,40,1124.2,1200,0,0
FINNIFTY02JAN2420250CE.NFO,02/01/2024,10:08:07,1057.1,1117.65,160,1122.4,160,0,0
FINNIFTY02JAN2420250CE.NFO,02/01/2024,10:08:08,1057.1,1116.4,200,1121.7,200,0,0
FINNIFTY02JAN2420250CE.NFO,02/01/2024,10:08:10,1057.1,1117.65,40,1121.2,160,0,0
FINNIFTY02JAN2420250CE.NFO,02/01/2024,10:08:12,1057.1,1112,200,1121.55,120,0,0
FINNIFTY02JAN2420250CE.NFO,02/01/2024,10:08:15,1057.1,1112,200,1127.95,920,0,0
FINNIFTY02JAN2420250CE.NFO,02/01/2024,10:08:17,1057.1,1113.25,40,1123.5,920,0,0
FINNIFTY02JAN2420250CE.NFO,02/01/2024,10:08:18,1057.1,1114.4,160,1122.95,160,0,0
FINNIFTY02JAN2420250CE.NFO,02/01/2024,10:08:20,1057.1,1116,200,1121.25,240,0,0
FINNIFTY02JAN2420250CE.NFO,02/01/2024,10:08:22,1057.1,1117.2,40,1121.35,240,0,0
FINNIFTY02JAN2420250CE.NFO,02/01/2024,10:08:23,1057.1,1114.95,240,1121.25,200,0,0
FINNIFTY02JAN2420250CE.NFO,02/01/2024,10:08:25,1057.1,1112.95,80,1120.1,80,0,0
FINNIFTY02JAN2420250CE.NFO,02/01/2024,10:08:26,1057.1,1114.1,160,1119,120,0,0
FINNIFTY02JAN2420250CE.NFO,02/01/2024,10:08:28,1057.1,1112.05,80,1118.3,80,0,0
FINNIFTY02JAN2420250CE.NFO,02/01/2024,10:08:30,1057.1,1112.1,80,1124.45,1200,0,0
FINNIFTY02JAN2420250CE.NFO,02/01/2024,10:08:31,1057.1,1112.6,160,1120.2,160,0,0
FINNIFTY02JAN2420250CE.NFO,02/01/2024,10:08:33,1057.1,1114.2,200,1119.45,120,0,0
FINNIFTY02JAN2420250CE.NFO,02/01/2024,10:08:35,1057.1,1115.15,40,1119,120,0,0
FINNIFTY02JAN2420250CE.NFO,02/01/2024,10:08:36,1057.1,1115.65,40,1119,80,0,0
FINNIFTY02JAN2420250CE.NFO,02/01/2024,10:08:38,1057.1,1109.75,200,1118.35,120,0,0
FINNIFTY02JAN2420250CE.NFO,02/01/2024,10:08:40,1057.1,1109.75,200,1114.85,200,0,0
FINNIFTY02JAN2420250CE.NFO,02/01/2024,10:08:41,1057.1,1109.75,240,1114.8,200,0,0
FINNIFTY02JAN2420250CE.NFO,02/01/2024,10:08:43,1057.1,1105.45,200,1112.4,240,0,0
FINNIFTY02JAN2420250CE.NFO,02/01/2024,10:08:45,1057.1,1105.95,160,1114.7,160,0,0
FINNIFTY02JAN2420250CE.NFO,02/01/2024,10:08:46,1057.1,1107.35,80,1114.6,440,0,0
FINNIFTY02JAN2420250CE.NFO,02/01/2024,10:08:48,1057.1,1108.1,200,1113,200,0,0
FINNIFTY02JAN2420250CE.NFO,02/01/2024,10:08:50,1057.1,1108.9,40,1114.9,440,0,0
FINNIFTY02JAN2420250CE.NFO,02/01/2024,10:08:51,1057.1,1109.8,40,1114.6,80,0,0
FINNIFTY02JAN2420250CE.NFO,02/01/2024,10:08:53,1057.1,1110.9,200,1116.55,200,0,0
FINNIFTY02JAN2420250CE.NFO,02/01/2024,10:08:55,1057.1,1111.85,200,1116.25,200,0,0
FINNIFTY02JAN2420250CE.NFO,02/01/2024,10:08:56,1057.1,1103.35,200,1117.7,760,0,0
FINNIFTY02JAN2420250CE.NFO,02/01/2024,10:08:58,1057.1,1103.35,200,1116.65,80,0,0
FINNIFTY02JAN2420250CE.NFO,02/01/2024,10:09:00,1057.1,1103.35,200,1116.55,120,0,0
FINNIFTY02JAN2420250CE.NFO,02/01/2024,10:09:01,1057.1,1103.35,200,1115.15,160,0,0
FINNIFTY02JAN2420250CE.NFO,02/01/2024,10:09:03,1057.1,1103.35,200,1118,200,0,0
FINNIFTY02JAN2420250CE.NFO,02/01/2024,10:09:05,1057.1,1103.35,200,1122.45,400,0,0
FINNIFTY02JAN2420250CE.NFO,02/01/2024,10:09:06,1057.1,1103.35,200,1126.9,160,0,0
FINNIFTY02JAN2420250CE.NFO,02/01/2024,10:09:08,1057.1,1103.35,200,1126.8,120,0,0
FINNIFTY02JAN2420250CE.NFO,02/01/2024,10:09:10,1057.1,1103.35,200,1145.4,640,0,0
FINNIFTY02JAN2420250CE.NFO,02/01/2024,10:09:11,1057.1,1103.35,200,1130.75,80,0,0
FINNIFTY02JAN2420250CE.NFO,02/01/2024,10:09:13,1057.1,1103.35,200,1130.35,200,0,0
FINNIFTY02JAN2420250CE.NFO,02/01/2024,10:09:15,1057.1,1103.35,200,1131.45,80,0,0
FINNIFTY02JAN2420250CE.NFO,02/01/2024,10:09:16,1057.1,1103.35,200,1130.65,120,0,0
FINNIFTY02JAN2420250CE.NFO,02/01/2024,10:09:18,1057.1,1103.35,200,1127.8,200,0,0
FINNIFTY02JAN2420250CE.NFO,02/01/2024,10:09:19,1057.1,1103.35,200,1126.75,200,0,0
FINNIFTY02JAN2420250CE.NFO,02/01/2024,10:09:21,1057.1,1103.35,200,1126.55,200,0,0
FINNIFTY02JAN2420250CE.NFO,02/01/2024,10:09:23,1057.1,1103.35,200,1129.6,200,0,0
FINNIFTY02JAN2420250CE.NFO,02/01/2024,10:09:24,1057.1,1103.35,200,1127.5,160,0,0
FINNIFTY02JAN2420250CE.NFO,02/01/2024,10:09:26,1057.1,1103.35,200,1129.15,160,0,0
FINNIFTY02JAN2420250CE.NFO,02/01/2024,10:09:28,1057.1,1103.35,200,1128.75,200,0,0
FINNIFTY02JAN2420250CE.NFO,02/01/2024,10:09:29,1057.1,1103.35,200,1127.9,200,0,0
FINNIFTY02JAN2420250CE.NFO,02/01/2024,10:09:31,1057.1,1103.35,200,1130.4,1160,0,0
FINNIFTY02JAN2420250CE.NFO,02/01/2024,10:09:33,1057.1,1103.35,200,1130.3,160,0,0
FINNIFTY02JAN2420250CE.NFO,02/01/2024,10:09:35,1057.1,1103.35,200,1127.4,80,0,0
FINNIFTY02JAN2420250CE.NFO,02/01/2024,10:09:36,1057.1,1103.35,200,1126.65,80,0,0
FINNIFTY02JAN2420250CE.NFO,02/01/2024,10:09:38,1057.1,1103.35,200,1126.3,120,0,0
FINNIFTY02JAN2420250CE.NFO,02/01/2024,10:09:40,1057.1,1103.35,200,1126.75,200,0,0
FINNIFTY02JAN2420250CE.NFO,02/01/2024,10:09:41,1057.1,1103.35,200,1125.2,120,0,0
FINNIFTY02JAN2420250CE.NFO,02/01/2024,10:09:43,1057.1,1113.85,520,1124.2,200,0,0
FINNIFTY02JAN2420250CE.NFO,02/01/2024,10:09:45,1057.1,1115.65,160,1123.45,160,0,0
FINNIFTY02JAN2420250CE.NFO,02/01/2024,10:09:46,1057.1,1117.35,40,1159.4,280,0,0
FINNIFTY02JAN2420250CE.NFO,02/01/2024,10:09:48,1057.1,1118.65,200,1126.55,200,0,0
FINNIFTY02JAN2420250CE.NFO,02/01/2024,10:09:49,1057.1,1120.05,160,1125.5,80,0,0
FINNIFTY02JAN2420250CE.NFO,02/01/2024,10:09:51,1057.1,1121.1,200,1125,80,0,0
FINNIFTY02JAN2420250CE.NFO,02/01/2024,10:09:53,1057.1,1122.6,40,1159.95,1080,0,0
FINNIFTY02JAN2420250CE.NFO,02/01/2024,10:09:54,1057.1,1113.85,1120,1127.25,160,0,0
FINNIFTY02JAN2420250CE.NFO,02/01/2024,10:09:56,1057.1,1113.95,40,1126.3,80,0,0
FINNIFTY02JAN2420250CE.NFO,02/01/2024,10:09:58,1057.1,1113.95,40,1124.85,160,0,0
FINNIFTY02JAN2420250CE.NFO,02/01/2024,10:09:59,1057.1,1113.95,40,1123.1,240,0,0
FINNIFTY02JAN2420250CE.NFO,02/01/2024,10:10:01,1057.1,1113.95,40,1122.8,200,0,0
FINNIFTY02JAN2420250CE.NFO,02/01/2024,10:10:03,1057.1,1113.95,40,1123.05,40,0,0
FINNIFTY02JAN2420250CE.NFO,02/01/2024,10:10:04,1057.1,1113.95,40,1125.8,200,0,0
FINNIFTY02JAN2420250CE.NFO,02/01/2024,10:10:06,1057.1,1113.95,40,1125.35,160,0,0
FINNIFTY02JAN2420250CE.NFO,02/01/2024,10:10:08,1057.1,1113.95,40,1124.85,120,0,0
FINNIFTY02JAN2420250CE.NFO,02/01/2024,10:10:09,1057.1,1113.95,40,1124.6,200,0,0
FINNIFTY02JAN2420250CE.NFO,02/01/2024,10:10:11,1057.1,1113.95,40,1123.6,200,0,0
FINNIFTY02JAN2420250CE.NFO,02/01/2024,10:10:13,1057.1,1113.95,40,1125.3,200,0,0
FINNIFTY02JAN2420250CE.NFO,02/01/2024,10:10:14,1057.1,1113.95,40,1126.65,960,0,0
FINNIFTY02JAN2420250CE.NFO,02/01/2024,10:10:16,1057.1,1113.95,40,1126.55,200,0,0
FINNIFTY02JAN2420250CE.NFO,02/01/2024,10:10:18,1057.1,1113.95,40,1120.9,160,0,0
FINNIFTY02JAN2420250CE.NFO,02/01/2024,10:10:19,1057.1,1114.6,40,1119.8,200,0,0
FINNIFTY02JAN2420250CE.NFO,02/01/2024,10:10:21,1057.1,1115.15,160,1119.65,120,0,0
FINNIFTY02JAN2420250CE.NFO,02/01/2024,10:10:23,1057.1,1111.8,200,1119.5,120,0,0
FINNIFTY02JAN2420250CE.NFO,02/01/2024,10:10:24,1057.1,1112.3,160,1117.95,200,0,0
FINNIFTY02JAN2420250CE.NFO,02/01/2024,10:10:26,1057.1,1112.85,200,1117.35,120,0,0
FINNIFTY02JAN2420250CE.NFO,02/01/2024,10:10:28,1057.1,1113.75,160,1120.85,40,0,0
FINNIFTY02JAN2420250CE.NFO,02/01/2024,10:10:29,1057.1,1115.6,40,1119.75,120,0,0
FINNIFTY02JAN2420250CE.NFO,02/01/2024,10:10:38,1057.1,1109.6,200,1121,200,0,0
FINNIFTY02JAN2420250CE.NFO,02/01/2024,10:10:50,1057.1,1109.6,200,1118.3,200,0,0
FINNIFTY02JAN2420250CE.NFO,02/01/2024,10:11:01,1057.1,1109.7,40,1154.4,200,0,0
FINNIFTY02JAN2420250CE.NFO,02/01/2024,10:11:12,1057.1,1109.7,40,1144.35,80,0,0
FINNIFTY02JAN2420250CE.NFO,02/01/2024,10:11:23,1057.1,1116.45,200,1132.45,200,0,0
FINNIFTY02JAN2420250CE.NFO,02/01/2024,10:11:31,1057.1,1113.7,200,1123.1,200,0,0
FINNIFTY02JAN2420250CE.NFO,02/01/2024,10:11:32,1057.1,1110.1,560,1121.4,200,0,0
FINNIFTY02JAN2420250CE.NFO,02/01/2024,10:11:34,1057.1,1108.05,80,1119.8,200,0,0
FINNIFTY02JAN2420250CE.NFO,02/01/2024,10:11:36,1057.1,1108.4,40,1118.8,200,0,0
FINNIFTY02JAN2420250CE.NFO,02/01/2024,10:11:37,1057.1,1109.45,200,1117.9,120,0,0
FINNIFTY02JAN2420250CE.NFO,02/01/2024,10:11:39,1057.1,1105.85,40,1116.85,80,0,0
FINNIFTY02JAN2420250CE.NFO,02/01/2024,10:11:41,1057.1,1105.9,40,1116.3,120,0,0
FINNIFTY02JAN2420250CE.NFO,02/01/2024,10:11:42,1057.1,1105.9,40,1115.3,80,0,0
FINNIFTY02JAN2420250CE.NFO,02/01/2024,10:11:44,1057.1,1105.9,40,1114.25,200,0,0
FINNIFTY02JAN2420250CE.NFO,02/01/2024,10:11:46,1057.1,1105.85,200,1113.45,160,0,0
FINNIFTY02JAN2420250CE.NFO,02/01/2024,10:11:47,1057.1,1106.1,40,1113.7,160,0,0
FINNIFTY02JAN2420250CE.NFO,02/01/2024,10:11:49,1057.1,1107.8,200,1113.65,160,0,0
FINNIFTY02JAN2420250CE.NFO,02/01/2024,10:11:51,1057.1,1109.15,200,1124.85,680,0,0
FINNIFTY02JAN2420250CE.NFO,02/01/2024,10:11:52,1057.1,1110,80,1124.8,200,0,0
FINNIFTY02JAN2420250CE.NFO,02/01/2024,10:11:54,1057.1,1111.65,200,1124.8,200,0,0
FINNIFTY02JAN2420250CE.NFO,02/01/2024,10:11:56,1057.1,1112.05,440,1124.8,200,0,0
FINNIFTY02JAN2420250CE.NFO,02/01/2024,10:11:57,1057.1,1105.75,1320,1124.5,200,0,0
FINNIFTY02JAN2420250CE.NFO,02/01/2024,10:11:59,1057.1,1105.75,1320,1121.65,80,0,0
FINNIFTY02JAN2420250CE.NFO,02/01/2024,10:12:01,1057.1,1105.75,1320,1118.6,160,0,0
FINNIFTY02JAN2420250CE.NFO,02/01/2024,10:12:02,1057.1,1105.75,1320,1129,40,0,0
FINNIFTY02JAN2420250CE.NFO,02/01/2024,10:12:04,1057.1,1105.75,1320,1128.55,160,0,0
FINNIFTY02JAN2420250CE.NFO,02/01/2024,10:12:06,1057.1,1105.75,1320,1126.3,200,0,0
FINNIFTY02JAN2420250CE.NFO,02/01/2024,10:12:07,1057.1,1105.8,240,1124.05,360,0,0
FINNIFTY02JAN2420250CE.NFO,02/01/2024,10:12:09,1057.1,1105.85,440,1122.1,80,0,0
FINNIFTY02JAN2420250CE.NFO,02/01/2024,10:12:10,1057.1,1105.8,200,1121,40,0,0
FINNIFTY02JAN2420250CE.NFO,02/01/2024,10:12:12,1057.1,1105.8,200,1118.5,200,0,0
FINNIFTY02JAN2420250CE.NFO,02/01/2024,10:12:14,1057.1,1105.8,200,1117.6,200,0,0
FINNIFTY02JAN2420250CE.NFO,02/01/2024,10:12:15,1057.1,1105.8,200,1117.85,160,0,0
FINNIFTY02JAN2420250CE.NFO,02/01/2024,10:12:17,1057.1,1105.8,200,1117.8,120,0,0
FINNIFTY02JAN2420250CE.NFO,02/01/2024,10:12:19,1057.1,1105.8,200,1118.2,640,0,0
FINNIFTY02JAN2420250CE.NFO,02/01/2024,10:12:20,1057.1,1105.8,200,1130.05,1480,0,0
FINNIFTY02JAN2420250CE.NFO,02/01/2024,10:12:32,1057.1,1105.9,160,1129.65,280,0,0
FINNIFTY02JAN2420250CE.NFO,02/01/2024,10:12:33,1057.1,1105.9,160,1127.9,200,0,0
FINNIFTY02JAN2420250CE.NFO,02/01/2024,10:12:35,1057.1,1108.1,40,1125.25,640,0,0
FINNIFTY02JAN2420250CE.NFO,02/01/2024,10:12:37,1057.1,1109.75,80,1123.6,200,0,0
FINNIFTY02JAN2420250CE.NFO,02/01/2024,10:12:38,1057.1,1108.05,200,1122.65,200,0,0
FINNIFTY02JAN2420250CE.NFO,02/01/2024,10:12:40,1057.1,1103.35,200,1121.4,320,0,0
FINNIFTY02JAN2420250CE.NFO,02/01/2024,10:12:42,1057.1,1101.2,160,1120.5,160,0,0
FINNIFTY02JAN2420250CE.NFO,02/01/2024,10:12:43,1057.1,1101.5,160,1119.75,240,0,0
FINNIFTY02JAN2420250CE.NFO,02/01/2024,10:12:45,1057.1,1097.05,40,1118.95,120,0,0
FINNIFTY02JAN2420250CE.NFO,02/01/2024,10:12:46,1057.1,1097.2,200,1118.3,80,0,0
FINNIFTY02JAN2420250CE.NFO,02/01/2024,10:12:48,1057.1,1097.9,200,1117.3,160,0,0
FINNIFTY02JAN2420250CE.NFO,02/01/2024,10:12:50,1057.1,1098.55,40,1116.5,120,0,0
FINNIFTY02JAN2420250CE.NFO,02/01/2024,10:12:51,1057.1,1099.7,160,1115.6,240,0,0
FINNIFTY02JAN2420250CE.NFO,02/01/2024,10:12:53,1057.1,1100.65,40,1114.85,40,0,0
FINNIFTY02JAN2420250CE.NFO,02/01/2024,10:12:55,1057.1,1101.7,200,1113.8,40,0,0
FINNIFTY02JAN2420250CE.NFO,02/01/2024,10:12:56,1057.1,1102.9,80,1112.75,160,0,0
FINNIFTY02JAN2420250CE.NFO,02/01/2024,10:12:58,1057.1,1103.6,160,1111.55,160,0,0
FINNIFTY02JAN2420250CE.NFO,02/01/2024,10:13:00,1057.1,1104.2,40,1110.2,200,0,0
FINNIFTY02JAN2420250CE.NFO,02/01/2024,10:13:01,1057.1,1105.05,160,1109.65,120,0,0
FINNIFTY02JAN2420250CE.NFO,02/01/2024,10:13:03,1057.1,1106.25,200,1124.7,80,0,0
FINNIFTY02JAN2420250CE.NFO,02/01/2024,10:13:05,1057.1,1106.85,40,1123.35,240,0,0
FINNIFTY02JAN2420250CE.NFO,02/01/2024,10:13:06,1057.1,1107.4,160,1121.6,120,0,0
FINNIFTY02JAN2420250CE.NFO,02/01/2024,10:13:08,1057.1,1098.05,920,1119.85,200,0,0
FINNIFTY02JAN2420250CE.NFO,02/01/2024,10:13:10,1057.1,1099.2,200,1118.25,200,0,0
FINNIFTY02JAN2420250CE.NFO,02/01/2024,10:13:12,1057.1,1100.9,200,1117.15,200,0,0
FINNIFTY02JAN2420250CE.NFO,02/01/2024,10:13:13,1057.1,1102.05,160,1115.55,200,0,0
FINNIFTY02JAN2420250CE.NFO,02/01/2024,10:13:15,1057.1,1103.05,200,1114,80,0,0
FINNIFTY02JAN2420250CE.NFO,02/01/2024,10:13:17,1057.1,1100.4,160,1112,160,0,0
FINNIFTY02JAN2420250CE.NFO,02/01/2024,10:13:18,1057.1,1097.25,120,1111.15,120,0,0
FINNIFTY02JAN2420250CE.NFO,02/01/2024,10:13:20,1057.1,1098.1,40,1110.35,120,0,0
FINNIFTY02JAN2420250CE.NFO,02/01/2024,10:13:21,1057.1,1099.25,200,1109.45,200,0,0
FINNIFTY02JAN2420250CE.NFO,02/01/2024,10:13:23,1057.1,1099.95,40,1108.4,200,0,0
FINNIFTY02JAN2420250CE.NFO,02/01/2024,10:13:25,1057.1,1100.45,40,1107.6,200,0,0
FINNIFTY02JAN2420250CE.NFO,02/01/2024,10:13:26,1057.1,1100.65,40,1106.7,120,0,0
FINNIFTY02JAN2420250CE.NFO,02/01/2024,10:13:28,1057.1,1102.15,200,1107,40,0,0
FINNIFTY02JAN2420250CE.NFO,02/01/2024,10:13:31,1057.1,1103.85,40,1112.7,160,0,0
FINNIFTY02JAN2420250CE.NFO,02/01/2024,10:13:33,1057.1,1101.7,160,1111.8,120,0,0
FINNIFTY02JAN2420250CE.NFO,02/01/2024,10:13:34,1057.1,1101.7,160,1110.7,160,0,0
FINNIFTY02JAN2420250CE.NFO,02/01/2024,10:13:36,1057.1,1102.25,200,1109,200,0,0
FINNIFTY02JAN2420250CE.NFO,02/01/2024,10:13:38,1057.1,1103.5,40,1117,200,0,0
FINNIFTY02JAN2420250CE.NFO,02/01/2024,10:13:39,1057.1,1105,120,1117,200,0,0
FINNIFTY02JAN2420250CE.NFO,02/01/2024,10:13:41,1057.1,1106.7,200,1117,200,0,0
FINNIFTY02JAN2420250CE.NFO,02/01/2024,10:13:43,1057.1,1103.65,200,1117,200,0,0
FINNIFTY02JAN2420250CE.NFO,02/01/2024,10:13:46,1057.1,1104.05,160,1117,200,0,0
FINNIFTY02JAN2420250CE.NFO,02/01/2024,10:13:48,1057.1,1098.75,80,1116.9,280,0,0
FINNIFTY02JAN2420250CE.NFO,02/01/2024,10:13:51,1057.1,1099.5,200,1117,200,0,0
FINNIFTY02JAN2420250CE.NFO,02/01/2024,10:13:53,1057.1,1102.1,200,1116.9,40,0,0
FINNIFTY02JAN2420250CE.NFO,02/01/2024,10:13:54,1057.1,1104.1,200,1116.9,40,0,0
FINNIFTY02JAN2420250CE.NFO,02/01/2024,10:13:56,1057.1,1105.45,40,1114.65,320,0,0
FINNIFTY02JAN2420250CE.NFO,02/01/2024,10:13:58,1057.1,1106.15,200,1112.75,200,0,0
FINNIFTY02JAN2420250CE.NFO,02/01/2024,10:13:59,1057.1,1102.85,400,1111.05,160,0,0
FINNIFTY02JAN2420250CE.NFO,02/01/2024,10:14:01,1057.1,1103.25,40,1117,400,0,0
FINNIFTY02JAN2420250CE.NFO,02/01/2024,10:14:03,1057.1,1104.2,200,1117,400,0,0
FINNIFTY02JAN2420250CE.NFO,02/01/2024,10:14:04,1057.1,1105.75,120,1117,400,0,0
FINNIFTY02JAN2420250CE.NFO,02/01/2024,10:14:06,1057.1,1108,80,1117,400,0,0
FINNIFTY02JAN2420250CE.NFO,02/01/2024,10:14:08,1057.1,1109.75,40,1116.95,200,0,0
FINNIFTY02JAN2420250CE.NFO,02/01/2024,10:14:09,1057.1,1111.2,80,1117,200,0,0
FINNIFTY02JAN2420250CE.NFO,02/01/2024,10:14:11,1057.1,1109.85,880,1116.95,200,0,0
FINNIFTY02JAN2420250CE.NFO,02/01/2024,10:14:13,1057.1,1109.95,200,1116.95,200,0,0
FINNIFTY02JAN2420250CE.NFO,02/01/2024,10:14:14,1057.1,1111.3,200,1116.95,200,0,0
FINNIFTY02JAN2420250CE.NFO,02/01/2024,10:14:16,1057.1,1098.65,240,1116.95,200,0,0
FINNIFTY02JAN2420250CE.NFO,02/01/2024,10:14:34,1057.1,1098.65,240,1121.35,1040,0,0
FINNIFTY02JAN2420250CE.NFO,02/01/2024,10:14:45,1057.1,1098.65,240,1121.25,200,0,0
FINNIFTY02JAN2420250CE.NFO,02/01/2024,10:15:37,1057.1,1098.7,40,1121.25,200,0,0
FINNIFTY02JAN2420250CE.NFO,02/01/2024,10:17:11,1057.1,1098.55,40,1117.3,200,0,0
FINNIFTY02JAN2420250CE.NFO,02/01/2024,10:17:21,1057.1,1095,200,1108.15,80,0,0
FINNIFTY02JAN2420250CE.NFO,02/01/2024,10:17:32,1057.1,1089.6,160,1103.7,160,0,0
FINNIFTY02JAN2420250CE.NFO,02/01/2024,10:17:43,1057.1,1097.5,40,1108.7,120,0,0
FINNIFTY02JAN2420250CE.NFO,02/01/2024,10:17:53,1057.1,1087.85,200,1107.65,200,0,0
FINNIFTY02JAN2420250CE.NFO,02/01/2024,10:18:03,1057.1,1087.85,200,1107.45,200,0,0
FINNIFTY02JAN2420250CE.NFO,02/01/2024,10:20:09,1057.1,1087.85,200,1113.6,240,0,0
FINNIFTY02JAN2420250CE.NFO,02/01/2024,10:20:18,1057.1,1087.85,200,1113.55,200,0,0
FINNIFTY02JAN2420250CE.NFO,02/01/2024,10:20:28,1057.1,1099.55,160,1113.55,200,0,0
FINNIFTY02JAN2420250CE.NFO,02/01/2024,10:20:38,1057.1,1094.1,1360,1106.45,200,0,0
FINNIFTY02JAN2420250CE.NFO,02/01/2024,10:20:47,1057.1,1094.1,1360,1104.9,1040,0,0
FINNIFTY02JAN2420250CE.NFO,02/01/2024,10:20:57,1057.1,1094.1,1360,1104.85,240,0,0
FINNIFTY02JAN2420250CE.NFO,02/01/2024,10:21:06,1057.1,1094.15,200,1104.8,200,0,0
FINNIFTY02JAN2420250CE.NFO,02/01/2024,10:21:16,1057.1,1098.75,40,1104.8,200,0,0
FINNIFTY02JAN2420250CE.NFO,02/01/2024,10:21:27,1057.1,1103.65,160,1112.95,1520,0,0
FINNIFTY02JAN2420250CE.NFO,02/01/2024,10:21:38,1057.1,1103.85,200,1117.1,40,0,0
FINNIFTY02JAN2420250CE.NFO,02/01/2024,10:21:48,1057.1,1103.6,160,1117.2,1360,0,0
FINNIFTY02JAN2420250CE.NFO,02/01/2024,10:21:58,1057.1,1103.75,200,1117.2,1360,0,0
FINNIFTY02JAN2420250CE.NFO,02/01/2024,10:22:07,1057.1,1100.8,200,1112,120,0,0
FINNIFTY02JAN2420250CE.NFO,02/01/2024,10:22:17,1057.1,1092.2,200,1102.6,120,0,0
FINNIFTY02JAN2420250CE.NFO,02/01/2024,10:22:27,1057.1,1092.2,200,1108,160,0,0
FINNIFTY02JAN2420250CE.NFO,02/01/2024,10:22:31,1057.1,1092.2,200,1103.45,160,0,0
FINNIFTY02JAN2420250CE.NFO,02/01/2024,10:22:33,1057.1,1092.2,200,1102.55,120,0,0
FINNIFTY02JAN2420250CE.NFO,02/01/2024,10:22:34,1057.1,1092.2,200,1102.25,160,0,0
FINNIFTY02JAN2420250CE.NFO,02/01/2024,10:22:36,1057.1,1092.2,200,1101.9,160,0,0
FINNIFTY02JAN2420250CE.NFO,02/01/2024,10:22:38,1057.1,1092.2,200,1101.2,200,0,0
FINNIFTY02JAN2420250CE.NFO,02/01/2024,10:22:39,1057.1,1092.2,200,1100.9,200,0,0
FINNIFTY02JAN2420250CE.NFO,02/01/2024,10:22:41,1057.1,1092.2,200,1100.85,360,0,0
FINNIFTY02JAN2420250CE.NFO,02/01/2024,10:22:43,1057.1,1092.2,200,1101.15,120,0,0
FINNIFTY02JAN2420250CE.NFO,02/01/2024,10:22:44,1057.1,1092.2,200,1101.1,120,0,0
FINNIFTY02JAN2420250CE.NFO,02/01/2024,10:22:46,1057.1,1092.2,200,1101.15,200,0,0
FINNIFTY02JAN2420250CE.NFO,02/01/2024,10:22:48,1057.1,1092.2,200,1121.55,1520,0,0
FINNIFTY02JAN2420250CE.NFO,02/01/2024,10:23:23,1057.1,1092.45,160,1121.55,1520,0,0
FINNIFTY02JAN2420250CE.NFO,02/01/2024,10:23:25,1057.1,1094,200,1121.55,1520,0,0
FINNIFTY02JAN2420250CE.NFO,02/01/2024,10:23:26,1057.1,1095.75,120,1121.55,1520,0,0
FINNIFTY02JAN2420250CE.NFO,02/01/2024,10:23:28,1057.1,1097.8,160,1121.45,40,0,0
FINNIFTY02JAN2420250CE.NFO,02/01/2024,10:23:30,1057.1,1099.25,40,1120.45,120,0,0
FINNIFTY02JAN2420250CE.NFO,02/01/2024,10:23:38,1057.1,1096.85,200,1107.1,200,0,0
FINNIFTY02JAN2420250CE.NFO,02/01/2024,10:23:49,1057.1,1091.95,1360,1099.85,40,0,0
FINNIFTY02JAN2420250CE.NFO,02/01/2024,10:24:00,1057.1,1092.1,200,1099.65,200,0,0
FINNIFTY02JAN2420250CE.NFO,02/01/2024,10:24:10,1057.1,1097.9,200,1103.25,160,0,0
FINNIFTY02JAN2420250CE.NFO,02/01/2024,10:24:20,1057.1,1094.3,40,1103.05,200,0,0
FINNIFTY02JAN2420250CE.NFO,02/01/2024,10:24:31,1057.1,1098.15,160,1103.1,240,0,0
FINNIFTY02JAN2420250CE.NFO,02/01/2024,10:24:33,1057.1,1099.2,200,1103.15,760,0,0
FINNIFTY02JAN2420250CE.NFO,02/01/2024,10:24:34,1057.1,1100.35,200,1109.2,80,0,0
FINNIFTY02JAN2420250CE.NFO,02/01/2024,10:24:36,1057.1,1096.75,1200,1108.05,120,0,0
FINNIFTY02JAN2420250CE.NFO,02/01/2024,10:24:38,1057.1,1096.85,80,1105.75,240,0,0
FINNIFTY02JAN2420250CE.NFO,02/01/2024,10:24:39,1057.1,1097.6,200,1104,160,0,0
FINNIFTY02JAN2420250CE.NFO,02/01/2024,10:24:41,1057.1,1098.7,40,1102.95,200,0,0
FINNIFTY02JAN2420250CE.NFO,02/01/2024,10:24:43,1057.1,1096.95,40,1102.5,160,0,0
FINNIFTY02JAN2420250CE.NFO,02/01/2024,10:24:44,1057.1,1096.95,40,1101.85,360,0,0
FINNIFTY02JAN2420250CE.NFO,02/01/2024,10:24:46,1057.1,1097,160,1101,120,0,0
FINNIFTY02JAN2420250CE.NFO,02/01/2024,10:24:48,1057.1,1091.65,120,1100.55,120,0,0
FINNIFTY02JAN2420250CE.NFO,02/01/2024,10:24:49,1057.1,1093.05,40,1107.65,40,0,0
FINNIFTY02JAN2420250CE.NFO,02/01/2024,10:24:51,1057.1,1094.65,120,1105.45,200,0,0
FINNIFTY02JAN2420250CE.NFO,02/01/2024,10:24:53,1057.1,1096.2,200,1104,120,0,0
FINNIFTY02JAN2420250CE.NFO,02/01/2024,10:24:54,1057.1,1097.1,200,1101.7,200,0,0
FINNIFTY02JAN2420250CE.NFO,02/01/2024,10:24:56,1057.1,1095.25,200,1100.7,240,0,0
FINNIFTY02JAN2420250CE.NFO,02/01/2024,10:24:58,1057.1,1096.25,200,1100.25,120,0,0
FINNIFTY02JAN2420250CE.NFO,02/01/2024,10:24:59,1057.1,1097.1,200,1105.55,120,0,0
FINNIFTY02JAN2420250CE.NFO,02/01/2024,10:25:01,1057.1,1096.7,560,1105.5,480,0,0
FINNIFTY02JAN2420250CE.NFO,02/01/2024,10:25:03,1057.1,1093.2,200,1104.3,160,0,0
FINNIFTY02JAN2420250CE.NFO,02/01/2024,10:25:04,1057.1,1093.2,200,1102.3,120,0,0
FINNIFTY02JAN2420250CE.NFO,02/01/2024,10:25:06,1057.1,1093.2,200,1101.1,120,0,0
FINNIFTY02JAN2420250CE.NFO,02/01/2024,10:25:07,1057.1,1093.2,200,1100.95,200,0,0
FINNIFTY02JAN2420250CE.NFO,02/01/2024,10:25:09,1057.1,1093.2,200,1101.3,80,0,0
FINNIFTY02JAN2420250CE.NFO,02/01/2024,10:25:11,1057.1,1093.2,200,1107.7,200,0,0
FINNIFTY02JAN2420250CE.NFO,02/01/2024,10:25:12,1057.1,1093.2,200,1105.4,120,0,0
FINNIFTY02JAN2420250CE.NFO,02/01/2024,10:25:14,1057.1,1093.2,200,1105.2,720,0,0
FINNIFTY02JAN2420250CE.NFO,02/01/2024,10:25:16,1057.1,1093.2,200,1109.3,1520,0,0
FINNIFTY02JAN2420250CE.NFO,02/01/2024,10:26:26,1057.1,1098.6,200,1109.3,1520,0,0
FINNIFTY02JAN2420250CE.NFO,02/01/2024,10:26:28,1057.1,1100.15,40,1109.3,1520,0,0
FINNIFTY02JAN2420250CE.NFO,02/01/2024,10:26:29,1057.1,1098.4,960,1109.3,1520,0,0
FINNIFTY02JAN2420250CE.NFO,02/01/2024,10:26:32,1057.1,1096.55,200,1109.25,200,0,0
FINNIFTY02JAN2420250CE.NFO,02/01/2024,10:26:43,1057.1,1094.25,40,1105.85,200,0,0
FINNIFTY02JAN2420250CE.NFO,02/01/2024,10:26:54,1057.1,1090.15,40,1100.95,120,0,0
FINNIFTY02JAN2420250CE.NFO,02/01/2024,10:27:05,1057.1,1090.15,40,1109.7,200,0,0
FINNIFTY02JAN2420250CE.NFO,02/01/2024,10:28:07,1057.1,1100.2,80,1109.7,200,0,0
FINNIFTY02JAN2420250CE.NFO,02/01/2024,10:28:17,1057.1,1095.9,1360,1109.7,200,0,0
FINNIFTY02JAN2420250CE.NFO,02/01/2024,10:28:36,1057.1,1096,40,1109.6,120,0,0
FINNIFTY02JAN2420250CE.NFO,02/01/2024,10:29:29,1057.1,1098.1,1120,1114,200,0,0
FINNIFTY02JAN2420250CE.NFO,02/01/2024,10:29:38,1057.1,1098.2,80,1114,200,0,0
FINNIFTY02JAN2420250CE.NFO,02/01/2024,10:30:22,1057.1,1101.4,120,1117.1,200,0,0
FINNIFTY02JAN2420250CE.NFO,02/01/2024,10:30:31,1057.1,1110,200,1116.85,200,0,0
FINNIFTY02JAN2420250CE.NFO,02/01/2024,10:30:41,1057.1,1108.6,360,1122.5,40,0,0
FINNIFTY02JAN2420250CE.NFO,02/01/2024,10:30:50,1057.1,1108.8,40,1117.75,120,0,0
FINNIFTY02JAN2420250CE.NFO,02/01/2024,10:31:00,1057.1,1108.9,1120,1118.45,160,0,0
FINNIFTY02JAN2420250CE.NFO,02/01/2024,10:31:10,1057.1,1109,80,1118.2,40,0,0
FINNIFTY02JAN2420250CE.NFO,02/01/2024,10:31:19,1057.1,1111.5,200,1116.5,40,0,0
FINNIFTY02JAN2420250CE.NFO,02/01/2024,10:31:27,1057.1,1110.25,1240,1122,200,0,0
FINNIFTY02JAN2420250CE.NFO,02/01/2024,10:31:31,1057.1,1110.35,40,1117.6,80,0,0
FINNIFTY02JAN2420250CE.NFO,02/01/2024,10:31:33,1057.1,1110.4,40,1122.6,200,0,0
FINNIFTY02JAN2420250CE.NFO,02/01/2024,10:31:35,1057.1,1112.7,40,1122.6,200,0,0
FINNIFTY02JAN2420250CE.NFO,02/01/2024,10:31:36,1057.1,1114.25,200,1126.85,200,0,0
FINNIFTY02JAN2420250CE.NFO,02/01/2024,10:31:38,1057.1,1115.25,200,1126.85,200,0,0
FINNIFTY02JAN2420250CE.NFO,02/01/2024,10:31:40,1057.1,1116.65,160,1126.25,160,0,0
FINNIFTY02JAN2420250CE.NFO,02/01/2024,10:31:41,1057.1,1117.5,40,1130.75,200,0,0
FINNIFTY02JAN2420250CE.NFO,02/01/2024,10:31:43,1057.1,1118.6,40,1129.9,200,0,0
FINNIFTY02JAN2420250CE.NFO,02/01/2024,10:31:45,1057.1,1120.45,160,1128.2,200,0,0
FINNIFTY02JAN2420250CE.NFO,02/01/2024,10:31:46,1057.1,1121.65,160,1126.75,160,0,0
FINNIFTY02JAN2420250CE.NFO,02/01/2024,10:31:48,1057.1,1122,40,1135.45,520,0,0
FINNIFTY02JAN2420250CE.NFO,02/01/2024,10:31:50,1057.1,1122.8,80,1135.4,200,0,0
FINNIFTY02JAN2420250CE.NFO,02/01/2024,10:31:51,1057.1,1123.45,200,1135.4,200,0,0
FINNIFTY02JAN2420250CE.NFO,02/01/2024,10:31:53,1057.1,1124.7,160,1135,120,0,0
FINNIFTY02JAN2420250CE.NFO,02/01/2024,10:31:55,1057.1,1125.85,40,1132.8,160,0,0
FINNIFTY02JAN2420250CE.NFO,02/01/2024,10:31:56,1057.1,1126.65,200,1131.2,240,0,0
FINNIFTY02JAN2420250CE.NFO,02/01/2024,10:31:58,1057.1,1123.75,240,1135.95,120,0,0
FINNIFTY02JAN2420250CE.NFO,02/01/2024,10:31:59,1057.1,1123.85,200,1133.65,120,0,0
FINNIFTY02JAN2420250CE.NFO,02/01/2024,10:32:01,1057.1,1124.8,200,1132.55,160,0,0
FINNIFTY02JAN2420250CE.NFO,02/01/2024,10:32:03,1057.1,1126.4,200,1131.5,120,0,0
FINNIFTY02JAN2420250CE.NFO,02/01/2024,10:32:04,1057.1,1120.35,200,1131,200,0,0
FINNIFTY02JAN2420250CE.NFO,02/01/2024,10:32:06,1057.1,1121.75,160,1129.85,120,0,0
FINNIFTY02JAN2420250CE.NFO,02/01/2024,10:32:08,1057.1,1122.85,160,1128.85,200,0,0
FINNIFTY02JAN2420250CE.NFO,02/01/2024,10:32:09,1057.1,1117.35,1320,1127.35,200,0,0
FINNIFTY02JAN2420250CE.NFO,02/01/2024,10:32:11,1057.1,1117.35,1320,1125.9,200,0,0
FINNIFTY02JAN2420250CE.NFO,02/01/2024,10:32:13,1057.1,1117.45,80,1125.9,200,0,0
FINNIFTY02JAN2420250CE.NFO,02/01/2024,10:32:14,1057.1,1117.4,200,1125.35,120,0,0
FINNIFTY02JAN2420250CE.NFO,02/01/2024,10:32:16,1057.1,1117.4,200,1125.15,160,0,0
FINNIFTY02JAN2420250CE.NFO,02/01/2024,10:32:18,1057.1,1117.4,200,1129.1,160,0,0
FINNIFTY02JAN2420250CE.NFO,02/01/2024,10:32:19,1057.1,1117.4,200,1127.3,200,0,0
FINNIFTY02JAN2420250CE.NFO,02/01/2024,10:32:21,1057.1,1117.4,200,1125.95,40,0,0
FINNIFTY02JAN2420250CE.NFO,02/01/2024,10:32:23,1057.1,1117.4,200,1124.2,120,0,0
FINNIFTY02JAN2420250CE.NFO,02/01/2024,10:32:24,1057.1,1117.5,80,1123.8,120,0,0
FINNIFTY02JAN2420250CE.NFO,02/01/2024,10:32:26,1057.1,1117.4,200,1122.5,200,0,0
FINNIFTY02JAN2420250CE.NFO,02/01/2024,10:32:28,1057.1,1117.75,200,1128.2,320,0,0
FINNIFTY02JAN2420250CE.NFO,02/01/2024,10:32:29,1057.1,1118.4,40,1125.8,200,0,0
FINNIFTY02JAN2420250CE.NFO,02/01/2024,10:32:36,1057.1,1114.45,1120,1119.55,160,0,0
FINNIFTY02JAN2420250CE.NFO,02/01/2024,10:32:46,1057.1,1112.45,40,1119.8,480,0,0
FINNIFTY02JAN2420250CE.NFO,02/01/2024,10:32:56,1057.1,1115.3,160,1119.8,480,0,0
FINNIFTY02JAN2420250CE.NFO,02/01/2024,10:33:05,1057.1,1112.7,200,1158.25,1640,0,0
FINNIFTY02JAN2420250CE.NFO,02/01/2024,10:33:14,1057.1,1112.8,40,1158.25,1640,0,0
FINNIFTY02JAN2420250CE.NFO,02/01/2024,10:33:32,1057.1,1112.7,200,1158.25,1640,0,0
FINNIFTY02JAN2420250CE.NFO,02/01/2024,10:33:41,1057.1,1112.8,200,1158.15,40,0,0
FINNIFTY02JAN2420250CE.NFO,02/01/2024,10:33:51,1057.1,1115.25,200,1144.6,200,0,0
FINNIFTY02JAN2420250CE.NFO,02/01/2024,10:34:01,1057.1,1113.3,200,1131.6,160,0,0
FINNIFTY02JAN2420250CE.NFO,02/01/2024,10:34:10,1057.1,1110.25,40,1118.65,160,0,0
FINNIFTY02JAN2420250CE.NFO,02/01/2024,10:34:20,1057.1,1110.25,40,1129.85,120,0,0
FINNIFTY02JAN2420250CE.NFO,02/01/2024,10:34:31,1057.1,1110.25,40,1120.25,120,0,0
FINNIFTY02JAN2420250CE.NFO,02/01/2024,10:34:32,1057.1,1110.25,40,1129.75,1440,0,0
FINNIFTY02JAN2420250CE.NFO,02/01/2024,10:34:49,1057.1,1110.15,200,1129.75,1440,0,0
FINNIFTY02JAN2420250CE.NFO,02/01/2024,10:34:50,1057.1,1110.25,40,1129.75,1440,0,0
FINNIFTY02JAN2420250CE.NFO,02/01/2024,10:35:10,1057.1,1110.15,200,1129.75,1440,0,0
FINNIFTY02JAN2420250CE.NFO,02/01/2024,10:35:13,1057.1,1110.25,160,1129.75,1440,0,0
FINNIFTY02JAN2420250CE.NFO,02/01/2024,10:35:23,1057.1,1110.35,80,1129.75,1440,0,0
FINNIFTY02JAN2420250CE.NFO,02/01/2024,10:35:25,1057.1,1112.75,160,1129.75,1440,0,0
FINNIFTY02JAN2420250CE.NFO,02/01/2024,10:35:27,1057.1,1113.75,240,1129.75,1440,0,0
FINNIFTY02JAN2420250CE.NFO,02/01/2024,10:35:28,1057.1,1113.75,40,1128.75,200,0,0
FINNIFTY02JAN2420250CE.NFO,02/01/2024,10:35:32,1057.1,1113.8,40,1122.15,160,0,0
FINNIFTY02JAN2420250CE.NFO,02/01/2024,10:35:41,1057.1,1110.45,40,1122.05,1400,0,0
FINNIFTY02JAN2420250CE.NFO,02/01/2024,10:35:49,1057.1,1112,200,1122.05,1400,0,0
FINNIFTY02JAN2420250CE.NFO,02/01/2024,10:35:58,1057.1,1110.25,120,1122.05,1400,0,0
FINNIFTY02JAN2420250CE.NFO,02/01/2024,10:36:18,1057.1,1111.95,160,1122.05,1400,0,0
FINNIFTY02JAN2420250CE.NFO,02/01/2024,10:36:29,1057.1,1106.55,160,1120.9,200,0,0
FINNIFTY02JAN2420250CE.NFO,02/01/2024,10:36:40,1057.1,1095.7,40,1112.35,280,0,0
FINNIFTY02JAN2420250CE.NFO,02/01/2024,10:36:51,1057.1,1096.65,40,1106.6,40,0,0
FINNIFTY02JAN2420250CE.NFO,02/01/2024,10:37:03,1057.1,1088.75,200,1101.55,200,0,0
FINNIFTY02JAN2420250CE.NFO,02/01/2024,10:37:14,1057.1,1088.75,200,1106.5,1280,0,0
FINNIFTY02JAN2420250CE.NFO,02/01/2024,10:37:36,1057.1,1088.75,200,1122.5,1560,0,0
FINNIFTY02JAN2420250CE.NFO,02/01/2024,10:39:04,1057.1,1088.75,200,1122.45,200,0,0
FINNIFTY02JAN2420250CE.NFO,02/01/2024,10:39:15,1057.1,1088.75,200,1114.4,120,0,0
FINNIFTY02JAN2420250CE.NFO,02/01/2024,10:39:25,1057.1,1088.75,200,1104.35,200,0,0
FINNIFTY02JAN2420250CE.NFO,02/01/2024,10:39:36,1057.1,1088.75,200,1122.35,120,0,0
FINNIFTY02JAN2420250CE.NFO,02/01/2024,10:39:47,1057.1,1088.75,200,1103.85,120,0,0
FINNIFTY02JAN2420250CE.NFO,02/01/2024,10:39:58,1057.1,1088.75,200,1112.65,200,0,0
FINNIFTY02JAN2420250CE.NFO,02/01/2024,10:44:00,1057.1,1088.75,200,1112.5,80,0,0
FINNIFTY02JAN2420250CE.NFO,02/01/2024,10:44:10,1057.1,1088.75,200,1117.05,720,0,0
FINNIFTY02JAN2420250CE.NFO,02/01/2024,10:44:40,1057.1,1088.75,200,1121.3,200,0,0
FINNIFTY02JAN2420250CE.NFO,02/01/2024,10:44:51,1057.1,1088.85,40,1121.2,120,0,0
FINNIFTY02JAN2420250CE.NFO,02/01/2024,10:49:09,1057.1,1088.85,40,1123.2,120,0,0
FINNIFTY02JAN2420250CE.NFO,02/01/2024,10:49:20,1057.1,1088.85,40,1122.1,40,0,0
FINNIFTY02JAN2420250CE.NFO,02/01/2024,10:49:30,1057.1,1088.85,40,1121.8,120,0,0
FINNIFTY02JAN2420250CE.NFO,02/01/2024,10:49:39,1057.1,1088.85,40,1121.2,40,0,0
FINNIFTY02JAN2420250CE.NFO,02/01/2024,10:49:49,1057.1,1088.85,40,1120.15,40,0,0
FINNIFTY02JAN2420250CE.NFO,02/01/2024,10:49:58,1057.1,1088.85,40,1120.1,240,0,0
FINNIFTY02JAN2420250CE.NFO,02/01/2024,10:50:07,1057.1,1088.85,40,1128.35,200,0,0
FINNIFTY02JAN2420250CE.NFO,02/01/2024,10:50:27,1057.1,1088.85,40,1126.7,40,0,0
FINNIFTY02JAN2420250CE.NFO,02/01/2024,10:50:36,1057.1,1088.8,40,1126.5,160,0,0
FINNIFTY02JAN2420250CE.NFO,02/01/2024,10:51:07,1057.1,1088.85,40,1126.5,160,0,0
FINNIFTY02JAN2420250CE.NFO,02/01/2024,10:51:27,1057.1,1088.85,40,1121.3,120,0,0
FINNIFTY02JAN2420250CE.NFO,02/01/2024,10:51:37,1057.1,1088.85,40,1121,120,0,0
FINNIFTY02JAN2420250CE.NFO,02/01/2024,10:51:47,1057.1,1088.85,40,1118.1,120,0,0
FINNIFTY02JAN2420250CE.NFO,02/01/2024,10:51:57,1057.1,1088.85,40,1114.8,120,0,0
FINNIFTY02JAN2420250CE.NFO,02/01/2024,10:52:06,1057.1,1088.85,40,1114.5,40,0,0
FINNIFTY02JAN2420250CE.NFO,02/01/2024,10:52:16,1057.1,1088.85,40,1113.55,40,0,0
FINNIFTY02JAN2420250CE.NFO,02/01/2024,10:52:25,1057.1,1088.85,40,1113.25,40,0,0
FINNIFTY02JAN2420250CE.NFO,02/01/2024,10:52:35,1057.1,1088.85,40,1112.9,80,0,0
FINNIFTY02JAN2420250CE.NFO,02/01/2024,10:52:45,1057.1,1088.85,40,1120.15,720,0,0
FINNIFTY02JAN2420250CE.NFO,02/01/2024,10:54:09,1057.1,1088.85,40,1120.1,200,0,0
FINNIFTY02JAN2420250CE.NFO,02/01/2024,10:57:07,1057.1,1088.85,40,1113.3,200,0,0
FINNIFTY02JAN2420250CE.NFO,02/01/2024,10:57:17,1057.1,1088.85,40,1113.2,80,0,0
FINNIFTY02JAN2420250CE.NFO,02/01/2024,10:57:47,1057.1,1088.85,40,1115.55,600,0,0
FINNIFTY02JAN2420250CE.NFO,02/01/2024,10:57:58,1057.1,1088.85,40,1117.65,120,0,0
FINNIFTY02JAN2420250CE.NFO,02/01/2024,10:58:08,1057.1,1088.85,40,1122,600,0,0
FINNIFTY02JAN2420250CE.NFO,02/01/2024,10:58:37,1057.1,1088.85,40,1121.95,200,0,0
FINNIFTY02JAN2420250CE.NFO,02/01/2024,11:00:01,1057.1,1088.8,40,1122,600,0,0
FINNIFTY02JAN2420250CE.NFO,02/01/2024,11:01:27,1057.1,1088.85,40,1112.35,40,0,0
FINNIFTY02JAN2420250CE.NFO,02/01/2024,11:01:36,1057.1,1088.85,40,1111.5,40,0,0
FINNIFTY02JAN2420250CE.NFO,02/01/2024,11:01:45,1057.1,1088.85,40,1111.3,40,0,0
FINNIFTY02JAN2420250CE.NFO,02/01/2024,11:02:35,1057.1,1088.85,40,1111.25,40,0,0
FINNIFTY02JAN2420250CE.NFO,02/01/2024,11:02:45,1057.1,1088.85,40,1110.65,40,0,0
FINNIFTY02JAN2420250CE.NFO,02/01/2024,11:02:54,1057.1,1088.85,40,1110.45,80,0,0
FINNIFTY02JAN2420250CE.NFO,02/01/2024,11:03:40,1057.1,1088.85,40,1112.8,200,0,0
FINNIFTY02JAN2420250CE.NFO,02/01/2024,11:04:27,1057.1,1088.85,40,1115,720,0,0
FINNIFTY02JAN2420250CE.NFO,02/01/2024,11:05:32,1057.1,1088.8,40,1112.25,40,0,0
FINNIFTY02JAN2420250CE.NFO,02/01/2024,11:05:42,1057.1,1088.85,40,1111.95,40,0,0
FINNIFTY02JAN2420250CE.NFO,02/01/2024,11:05:51,1057.1,1088.85,40,1110.45,120,0,0
FINNIFTY02JAN2420250CE.NFO,02/01/2024,11:06:01,1057.1,1088.85,40,1110.15,160,0,0
FINNIFTY02JAN2420250CE.NFO,02/01/2024,11:06:10,1057.1,1088.85,40,1110.05,560,0,0
FINNIFTY02JAN2420250CE.NFO,02/01/2024,11:06:29,1057.1,1088.85,40,1109.9,120,0,0
FINNIFTY02JAN2420250CE.NFO,02/01/2024,11:06:38,1057.1,1088.85,40,1109.6,40,0,0
FINNIFTY02JAN2420250CE.NFO,02/01/2024,11:06:47,1057.1,1088.85,40,1109.35,40,0,0
FINNIFTY02JAN2420250CE.NFO,02/01/2024,11:06:57,1057.1,1088.85,40,1108.85,80,0,0
FINNIFTY02JAN2420250CE.NFO,02/01/2024,11:07:07,1057.1,1088.8,40,1108.45,240,0,0
FINNIFTY02JAN2420250CE.NFO,02/01/2024,11:07:16,1057.1,1088.85,40,1108.3,40,0,0
FINNIFTY02JAN2420250CE.NFO,02/01/2024,11:07:26,1057.1,1088.85,40,1108.25,200,0,0
FINNIFTY02JAN2420250CE.NFO,02/01/2024,11:07:45,1057.1,1088.85,40,1108.25,120,0,0
FINNIFTY02JAN2420250CE.NFO,02/01/2024,11:07:53,1057.1,1088.85,40,1110.95,40,0,0
FINNIFTY02JAN2420250CE.NFO,02/01/2024,11:08:40,1057.1,1088.85,40,1113.15,200,0,0
FINNIFTY02JAN2420250CE.NFO,02/01/2024,11:09:28,1057.1,1088.85,40,1110.5,120,0,0
FINNIFTY02JAN2420250CE.NFO,02/01/2024,11:09:37,1057.1,1088.85,40,1110.2,40,0,0
FINNIFTY02JAN2420250CE.NFO,02/01/2024,11:09:46,1057.1,1088.85,40,1108.4,80,0,0
FINNIFTY02JAN2420250CE.NFO,02/01/2024,11:09:54,1057.1,1088.85,40,1107.85,80,0,0
FINNIFTY02JAN2420250CE.NFO,02/01/2024,11:10:03,1057.1,1088.85,40,1110.65,200,0,0
FINNIFTY02JAN2420250CE.NFO,02/01/2024,11:10:38,1057.1,1090.05,40,1110.55,160,0,0
FINNIFTY02JAN2420250CE.NFO,02/01/2024,11:10:47,1057.1,1093.6,160,1110.55,160,0,0
FINNIFTY02JAN2420250CE.NFO,02/01/2024,11:10:56,1057.1,1093.9,40,1110.55,160,0,0
FINNIFTY02JAN2420250CE.NFO,02/01/2024,11:11:04,1057.1,1094.2,40,1110.55,160,0,0
FINNIFTY02JAN2420250CE.NFO,02/01/2024,11:11:14,1057.1,1095.5,40,1110.55,160,0,0
FINNIFTY02JAN2420250CE.NFO,02/01/2024,11:11:23,1057.1,1096.55,120,1110.55,160,0,0
FINNIFTY02JAN2420250CE.NFO,02/01/2024,11:11:32,1057.1,1097.05,160,1110.55,400,0,0
FINNIFTY02JAN2420250CE.NFO,02/01/2024,11:11:42,1057.1,1097.35,40,1110.55,400,0,0
FINNIFTY02JAN2420250CE.NFO,02/01/2024,11:11:51,1057.1,1100.95,40,1110.55,400,0,0
FINNIFTY02JAN2420250CE.NFO,02/01/2024,11:12:00,1057.1,1102.35,40,1112.8,40,0,0
FINNIFTY02JAN2420250CE.NFO,02/01/2024,11:12:10,1057.1,1103.15,80,1112.7,120,0,0
FINNIFTY02JAN2420250CE.NFO,02/01/2024,11:12:19,1057.1,1103.3,40,1112.7,120,0,0
FINNIFTY02JAN2420250CE.NFO,02/01/2024,11:12:28,1057.1,1104,80,1112.7,120,0,0
FINNIFTY02JAN2420250CE.NFO,02/01/2024,11:12:37,1057.1,1104.4,160,1112.7,120,0,0
FINNIFTY02JAN2420250CE.NFO,02/01/2024,11:12:46,1057.1,1104.6,40,1112.7,120,0,0
FINNIFTY02JAN2420250CE.NFO,02/01/2024,11:12:55,1057.1,1105.2,40,1112.7,120,0,0
FINNIFTY02JAN2420250CE.NFO,02/01/2024,11:13:12,1057.1,1071.1,40,1112.7,120,0,0
FINNIFTY02JAN2420250CE.NFO,02/01/2024,11:13:31,1057.1,1071.4,120,1111.75,120,0,0
FINNIFTY02JAN2420250CE.NFO,02/01/2024,11:13:41,1057.1,1072.45,40,1111.4,160,0,0
FINNIFTY02JAN2420250CE.NFO,02/01/2024,11:13:52,1057.1,1074,40,1110.15,40,0,0
FINNIFTY02JAN2420250CE.NFO,02/01/2024,11:14:01,1057.1,1078.55,40,1109.4,160,0,0
FINNIFTY02JAN2420250CE.NFO,02/01/2024,11:14:10,1057.1,1082.85,40,1109.15,120,0,0
FINNIFTY02JAN2420250CE.NFO,02/01/2024,11:14:19,1057.1,1087.15,120,1110.25,1000,0,0
FINNIFTY02JAN2420250CE.NFO,02/01/2024,11:14:28,1057.1,1091.65,40,1110.25,1000,0,0
FINNIFTY02JAN2420250CE.NFO,02/01/2024,11:14:37,1057.1,1096.5,40,1110.25,1000,0,0
FINNIFTY02JAN2420250CE.NFO,02/01/2024,11:14:46,1057.1,1097.6,40,1110.25,1000,0,0
FINNIFTY02JAN2420250CE.NFO,02/01/2024,11:14:56,1057.1,1097.85,40,1110.25,1000,0,0
FINNIFTY02JAN2420250CE.NFO,02/01/2024,11:15:05,1057.1,1101.65,40,1110.25,1000,0,0
FINNIFTY02JAN2420250CE.NFO,02/01/2024,11:15:16,1057.1,1097.95,680,1110.25,1000,0,0
FINNIFTY02JAN2420250CE.NFO,02/01/2024,11:15:35,1057.1,1097.95,680,1110.2,200,0,0
FINNIFTY02JAN2420250CE.NFO,02/01/2024,11:15:45,1057.1,1071.3,40,1109.95,120,0,0
FINNIFTY02JAN2420250CE.NFO,02/01/2024,11:15:56,1057.1,1077,40,1105.2,120,0,0
FINNIFTY02JAN2420250CE.NFO,02/01/2024,11:16:06,1057.1,1083.05,40,1109.7,40,0,0
FINNIFTY02JAN2420250CE.NFO,02/01/2024,11:16:16,1057.1,1083.6,160,1109.4,120,0,0
FINNIFTY02JAN2420250CE.NFO,02/01/2024,11:16:25,1057.1,1092.65,40,1112.35,200,0,0
FINNIFTY02JAN2420250CE.NFO,02/01/2024,11:16:35,1057.1,1097.5,120,1112.35,200,0,0
FINNIFTY02JAN2420250CE.NFO,02/01/2024,11:16:44,1057.1,1105.45,40,1112.35,200,0,0
FINNIFTY02JAN2420250CE.NFO,02/01/2024,11:16:53,1057.1,1104.9,200,1112.35,200,0,0
FINNIFTY02JAN2420250CE.NFO,02/01/2024,11:17:02,1057.1,1097.6,1000,1112.35,200,0,0
FINNIFTY02JAN2420250CE.NFO,02/01/2024,11:17:29,1057.1,1097.6,1000,1111.5,120,0,0
FINNIFTY02JAN2420250CE.NFO,02/01/2024,11:17:39,1057.1,1097.6,1000,1111.4,120,0,0
FINNIFTY02JAN2420250CE.NFO,02/01/2024,11:17:48,1057.1,1097.6,1000,1113.7,200,0,0
FINNIFTY02JAN2420250CE.NFO,02/01/2024,11:18:06,1057.1,1097.6,800,1118.1,840,0,0
FINNIFTY02JAN2420250CE.NFO,02/01/2024,11:18:16,1057.1,1097.6,800,1117.9,160,0,0
FINNIFTY02JAN2420250CE.NFO,02/01/2024,11:18:25,1057.1,1097.65,200,1116.05,120,0,0
FINNIFTY02JAN2420250CE.NFO,02/01/2024,11:18:33,1057.1,1097.65,200,1112.75,760,0,0
FINNIFTY02JAN2420250CE.NFO,02/01/2024,11:18:42,1057.1,1097.65,200,1120.25,1320,0,0
FINNIFTY02JAN2420250CE.NFO,02/01/2024,11:19:16,1057.1,1097.75,200,1120.15,200,0,0
FINNIFTY02JAN2420250CE.NFO,02/01/2024,11:19:25,1057.1,1109.15,40,1120.15,200,0,0
FINNIFTY02JAN2420250CE.NFO,02/01/2024,11:19:33,1057.1,1110.3,40,1120.15,200,0,0
FINNIFTY02JAN2420250CE.NFO,02/01/2024,11:19:42,1057.1,1108.75,200,1120.15,200,0,0
FINNIFTY02JAN2420250CE.NFO,02/01/2024,11:19:50,1057.1,1107.1,40,1120.15,200,0,0
FINNIFTY02JAN2420250CE.NFO,02/01/2024,11:19:58,1057.1,1061.05,200,1120.15,200,0,0
FINNIFTY02JAN2420250CE.NFO,02/01/2024,11:20:05,1057.1,1073.45,40,1120.15,200,0,0
FINNIFTY02JAN2420250CE.NFO,02/01/2024,11:20:14,1057.1,1087.45,200,1120.15,200,0,0
FINNIFTY02JAN2420250CE.NFO,02/01/2024,11:20:22,1057.1,1100.35,40,1120.15,200,0,0
FINNIFTY02JAN2420250CE.NFO,02/01/2024,11:20:30,1057.1,1107.15,960,1120.15,200,0,0
FINNIFTY02JAN2420250CE.NFO,02/01/2024,11:20:35,1057.1,1107.25,120,1120.15,200,0,0
FINNIFTY02JAN2420250CE.NFO,02/01/2024,11:20:36,1057.1,1108.3,200,1120.15,200,0,0
FINNIFTY02JAN2420250CE.NFO,02/01/2024,11:20:38,1057.1,1109.3,200,1120.15,200,0,0
FINNIFTY02JAN2420250CE.NFO,02/01/2024,11:20:40,1057.1,1109.35,200,1120.15,200,0,0
FINNIFTY02JAN2420250CE.NFO,02/01/2024,11:20:43,1057.1,1110.25,200,1120.15,200,0,0
FINNIFTY02JAN2420250CE.NFO,02/01/2024,11:20:45,1057.1,1110.7,200,1120.15,200,0,0
FINNIFTY02JAN2420250CE.NFO,02/01/2024,11:20:46,1057.1,1107.5,1080,1120.15,200,0,0
FINNIFTY02JAN2420250CE.NFO,02/01/2024,11:20:48,1057.1,1107.6,40,1120.15,200,0,0
FINNIFTY02JAN2420250CE.NFO,02/01/2024,11:21:12,1057.1,1107.65,40,1117.35,120,0,0
FINNIFTY02JAN2420250CE.NFO,02/01/2024,11:21:13,1057.1,1107.55,200,1114.75,120,0,0
FINNIFTY02JAN2420250CE.NFO,02/01/2024,11:21:15,1057.1,1107.65,40,1114.35,120,0,0
FINNIFTY02JAN2420250CE.NFO,02/01/2024,11:21:17,1057.1,1109.45,200,1119.05,360,0,0
FINNIFTY02JAN2420250CE.NFO,02/01/2024,11:21:18,1057.1,1111.05,160,1119,200,0,0
FINNIFTY02JAN2420250CE.NFO,02/01/2024,11:21:20,1057.1,1112.7,40,1119,200,0,0
FINNIFTY02JAN2420250CE.NFO,02/01/2024,11:21:22,1057.1,1114.1,40,1119,200,0,0
FINNIFTY02JAN2420250CE.NFO,02/01/2024,11:21:23,1057.1,1112,560,1119,200,0,0
FINNIFTY02JAN2420250CE.NFO,02/01/2024,11:21:26,1057.1,1107.7,200,1119,200,0,0
FINNIFTY02JAN2420250CE.NFO,02/01/2024,11:21:57,1057.1,1107.7,200,1121.25,200,0,0
FINNIFTY02JAN2420250CE.NFO,02/01/2024,11:23:16,1057.1,1107.75,40,1121.25,200,0,0
FINNIFTY02JAN2420250CE.NFO,02/01/2024,11:23:32,1057.1,1107.7,200,1121.25,200,0,0
FINNIFTY02JAN2420250CE.NFO,02/01/2024,11:23:49,1057.1,1107.75,40,1121.25,200,0,0
FINNIFTY02JAN2420250CE.NFO,02/01/2024,11:24:13,1057.1,1107.7,200,1121.25,200,0,0
FINNIFTY02JAN2420250CE.NFO,02/01/2024,11:24:22,1057.1,1109.95,160,1121.25,200,0,0
FINNIFTY02JAN2420250CE.NFO,02/01/2024,11:24:30,1057.1,1110.3,160,1121.25,200,0,0
FINNIFTY02JAN2420250CE.NFO,02/01/2024,11:24:38,1057.1,1080.6,360,1121.25,200,0,0
FINNIFTY02JAN2420250CE.NFO,02/01/2024,11:25:03,1057.1,1080.65,200,1114.5,160,0,0
FINNIFTY02JAN2420250CE.NFO,02/01/2024,11:25:11,1057.1,1092.05,200,1114.8,200,0,0
FINNIFTY02JAN2420250CE.NFO,02/01/2024,11:25:18,1057.1,1103.45,200,1114.8,200,0,0
FINNIFTY02JAN2420250CE.NFO,02/01/2024,11:25:27,1057.1,1108.3,200,1114.8,200,0,0
FINNIFTY02JAN2420250CE.NFO,02/01/2024,11:25:44,1057.1,1103.55,1200,1114.8,200,0,0
FINNIFTY02JAN2420250CE.NFO,02/01/2024,11:26:07,1057.1,1103.55,1160,1114.8,200,0,0
FINNIFTY02JAN2420250CE.NFO,02/01/2024,11:26:16,1057.1,1103.65,40,1114.8,200,0,0
FINNIFTY02JAN2420250CE.NFO,02/01/2024,11:26:23,1057.1,1103.6,200,1114.8,200,0,0
FINNIFTY02JAN2420250CE.NFO,02/01/2024,11:26:31,1057.1,1103.6,200,1114.85,200,0,0
FINNIFTY02JAN2420250CE.NFO,02/01/2024,11:26:40,1057.1,1073.15,200,1114.8,200,0,0
FINNIFTY02JAN2420250CE.NFO,02/01/2024,11:26:48,1057.1,1084.9,200,1114.8,200,0,0
FINNIFTY02JAN2420250CE.NFO,02/01/2024,11:26:56,1057.1,1096.3,200,1114.8,200,0,0
FINNIFTY02JAN2420250CE.NFO,02/01/2024,11:27:04,1057.1,1103.9,200,1114.8,200,0,0
FINNIFTY02JAN2420250CE.NFO,02/01/2024,11:27:12,1057.1,1104.05,240,1114.8,200,0,0
FINNIFTY02JAN2420250CE.NFO,02/01/2024,11:27:19,1057.1,1106.15,40,1114.8,200,0,0
FINNIFTY02JAN2420250CE.NFO,02/01/2024,11:27:27,1057.1,1101.8,1240,1114.8,200,0,0
FINNIFTY02JAN2420250CE.NFO,02/01/2024,11:27:35,1057.1,1101.8,480,1114.8,200,0,0
FINNIFTY02JAN2420250CE.NFO,02/01/2024,11:27:44,1057.1,1076.85,200,1114.8,200,0,0
FINNIFTY02JAN2420250CE.NFO,02/01/2024,11:27:52,1057.1,1089.65,200,1114.8,200,0,0
FINNIFTY02JAN2420250CE.NFO,02/01/2024,11:28:01,1057.1,1101.45,200,1114.8,200,0,0
FINNIFTY02JAN2420250CE.NFO,02/01/2024,11:28:09,1057.1,1105.95,200,1114.8,200,0,0
FINNIFTY02JAN2420250CE.NFO,02/01/2024,11:28:17,1057.1,1102.1,1200,1114.8,200,0,0
FINNIFTY02JAN2420250CE.NFO,02/01/2024,11:28:34,1057.1,1102.15,200,1114.8,200,0,0
FINNIFTY02JAN2420250CE.NFO,02/01/2024,11:28:42,1057.1,1105.35,200,1114.8,200,0,0
FINNIFTY02JAN2420250CE.NFO,02/01/2024,11:28:50,1057.1,1104.75,40,1114.8,200,0,0
FINNIFTY02JAN2420250CE.NFO,02/01/2024,11:28:58,1057.1,1106.1,200,1114.8,200,0,0
FINNIFTY02JAN2420250CE.NFO,02/01/2024,11:29:07,1057.1,1104.8,200,1114.8,200,0,0
FINNIFTY02JAN2420250CE.NFO,02/01/2024,11:29:15,1057.1,1105.1,200,1114.8,200,0,0
FINNIFTY02JAN2420250CE.NFO,02/01/2024,11:29:23,1057.1,1105.25,760,1114.8,200,0,0
FINNIFTY02JAN2420250CE.NFO,02/01/2024,11:29:31,1057.1,1105.3,200,1114.8,200,0,0
FINNIFTY02JAN2420250CE.NFO,02/01/2024,11:29:39,1057.1,1061.15,400,1114.8,200,0,0
FINNIFTY02JAN2420250CE.NFO,02/01/2024,11:29:47,1057.1,1080.9,200,1114.8,200,0,0
FINNIFTY02JAN2420250CE.NFO,02/01/2024,11:29:55,1057.1,1093.75,160,1114.8,200,0,0
FINNIFTY02JAN2420250CE.NFO,02/01/2024,11:30:03,1057.1,1105.45,40,1114.8,200,0,0
FINNIFTY02JAN2420250CE.NFO,02/01/2024,11:30:11,1057.1,1105.4,1200,1114.8,200,0,0
FINNIFTY02JAN2420250CE.NFO,02/01/2024,11:30:18,1057.1,1106.9,400,1114.8,200,0,0
FINNIFTY02JAN2420250CE.NFO,02/01/2024,11:30:26,1057.1,1102.8,200,1114.8,200,0,0
FINNIFTY02JAN2420250CE.NFO,02/01/2024,11:30:31,1057.1,1102.9,160,1114.8,200,0,0
FINNIFTY02JAN2420250CE.NFO,02/01/2024,11:30:33,1057.1,1102.8,200,1114.8,200,0,0
FINNIFTY02JAN2420250CE.NFO,02/01/2024,11:30:34,1057.1,1102.9,80,1114.8,200,0,0
FINNIFTY02JAN2420250CE.NFO,02/01/2024,11:30:39,1057.1,1103.8,40,1114.8,200,0,0
FINNIFTY02JAN2420250CE.NFO,02/01/2024,11:30:41,1057.1,1105.45,200,1114.8,200,0,0
FINNIFTY02JAN2420250CE.NFO,02/01/2024,11:30:42,1057.1,1103.65,400,1114.8,200,0,0
FINNIFTY02JAN2420250CE.NFO,02/01/2024,11:30:44,1057.1,1104.4,40,1114.8,200,0,0
FINNIFTY02JAN2420250CE.NFO,02/01/2024,11:30:45,1057.1,1105.7,200,1114.8,200,0,0
FINNIFTY02JAN2420250CE.NFO,02/01/2024,11:30:48,1057.1,1103.85,440,1114.8,200,0,0
FINNIFTY02JAN2420250CE.NFO,02/01/2024,11:30:52,1057.1,1103.95,80,1114.8,200,0,0
FINNIFTY02JAN2420250CE.NFO,02/01/2024,11:30:53,1057.1,1103.9,200,1114.8,200,0,0
FINNIFTY02JAN2420250CE.NFO,02/01/2024,11:30:58,1057.1,1104.5,200,1114.8,200,0,0
FINNIFTY02JAN2420250CE.NFO,02/01/2024,11:31:00,1057.1,1105.4,200,1114.8,200,0,0
FINNIFTY02JAN2420250CE.NFO,02/01/2024,11:31:01,1057.1,1105.2,440,1114.85,200,0,0
FINNIFTY02JAN2420250CE.NFO,02/01/2024,11:31:03,1057.1,1047.55,200,1114.8,200,0,0
FINNIFTY02JAN2420250CE.NFO,02/01/2024,11:31:04,1057.1,1055.15,200,1114.8,200,0,0
FINNIFTY02JAN2420250CE.NFO,02/01/2024,11:31:06,1057.1,1064.6,200,1114.8,200,0,0
FINNIFTY02JAN2420250CE.NFO,02/01/2024,11:31:07,1057.1,1073.4,320,1114.8,200,0,0
FINNIFTY02JAN2420250CE.NFO,02/01/2024,11:31:09,1057.1,1076.8,200,1114.8,200,0,0
FINNIFTY02JAN2420250CE.NFO,02/01/2024,11:31:11,1057.1,1079.65,200,1114.8,200,0,0
FINNIFTY02JAN2420250CE.NFO,02/01/2024,11:31:12,1057.1,1081.85,200,1114.8,200,0,0
FINNIFTY02JAN2420250CE.NFO,02/01/2024,11:31:14,1057.1,1084.6,40,1114.8,200,0,0
FINNIFTY02JAN2420250CE.NFO,02/01/2024,11:31:16,1057.1,1087.6,200,1114.8,200,0,0
FINNIFTY02JAN2420250CE.NFO,02/01/2024,11:31:17,1057.1,1090.2,40,1114.8,200,0,0
FINNIFTY02JAN2420250CE.NFO,02/01/2024,11:31:19,1057.1,1092.9,200,1114.8,200,0,0
FINNIFTY02JAN2420250CE.NFO,02/01/2024,11:31:20,1057.1,1095.65,160,1114.8,200,0,0
FINNIFTY02JAN2420250CE.NFO,02/01/2024,11:31:22,1057.1,1098.55,200,1114.8,200,0,0
FINNIFTY02JAN2420250CE.NFO,02/01/2024,11:31:23,1057.1,1101.25,40,1114.8,200,0,0
FINNIFTY02JAN2420250CE.NFO,02/01/2024,11:31:25,1057.1,1103.5,40,1114.8,200,0,0
FINNIFTY02JAN2420250CE.NFO,02/01/2024,11:31:27,1057.1,1104.7,160,1114.8,200,0,0
FINNIFTY02JAN2420250CE.NFO,02/01/2024,11:31:28,1057.1,1104.95,200,1114.8,200,0,0
FINNIFTY02JAN2420250CE.NFO,02/01/2024,11:31:30,1057.1,1102.6,760,1114.8,200,0,0
FINNIFTY02JAN2420250CE.NFO,02/01/2024,11:31:31,1057.1,1102.7,80,1114.8,200,0,0
FINNIFTY02JAN2420250CE.NFO,02/01/2024,11:31:36,1057.1,1104.55,120,1114.8,200,0,0
FINNIFTY02JAN2420250CE.NFO,02/01/2024,11:31:38,1057.1,1105.75,40,1114.8,200,0,0
FINNIFTY02JAN2420250CE.NFO,02/01/2024,11:31:39,1057.1,1105.5,40,1114.8,200,0,0
FINNIFTY02JAN2420250CE.NFO,02/01/2024,11:31:43,1057.1,1102.7,1160,1114.8,200,0,0
FINNIFTY02JAN2420250CE.NFO,02/01/2024,11:31:49,1057.1,1102.75,200,1114.8,200,0,0
FINNIFTY02JAN2420250CE.NFO,02/01/2024,11:31:51,1057.1,1103.15,40,1114.8,200,0,0
FINNIFTY02JAN2420250CE.NFO,02/01/2024,11:31:52,1057.1,1104.6,160,1114.8,200,0,0
FINNIFTY02JAN2420250CE.NFO,02/01/2024,11:31:54,1057.1,1102.9,200,1114.8,200,0,0
FINNIFTY02JAN2420250CE.NFO,02/01/2024,11:32:01,1057.1,1038.7,1840,1114.8,200,0,0
FINNIFTY02JAN2420250CE.NFO,02/01/2024,11:33:05,1057.1,1064.6,200,1114.8,200,0,0
FINNIFTY02JAN2420250CE.NFO,02/01/2024,11:33:12,1057.1,1084.7,40,1114.8,200,0,0
FINNIFTY02JAN2420250CE.NFO,02/01/2024,11:33:19,1057.1,1096.2,200,1114.8,200,0,0
FINNIFTY02JAN2420250CE.NFO,02/01/2024,11:33:26,1057.1,1105.4,160,1114.8,200,0,0
FINNIFTY02JAN2420250CE.NFO,02/01/2024,11:33:31,1057.1,1103.1,1000,1114.8,200,0,0
FINNIFTY02JAN2420250CE.NFO,02/01/2024,11:33:33,1057.1,1103.1,840,1114.8,200,0,0
FINNIFTY02JAN2420250CE.NFO,02/01/2024,11:33:35,1057.1,1104.1,200,1114.8,200,0,0
FINNIFTY02JAN2420250CE.NFO,02/01/2024,11:33:36,1057.1,1104.8,240,1114.8,200,0,0
FINNIFTY02JAN2420250CE.NFO,02/01/2024,11:33:38,1057.1,1103.15,200,1114.8,200,0,0
FINNIFTY02JAN2420250CE.NFO,02/01/2024,11:33:54,1057.1,1103.25,120,1114.8,200,0,0
FINNIFTY02JAN2420250CE.NFO,02/01/2024,11:33:56,1057.1,1103.85,200,1114.8,200,0,0
FINNIFTY02JAN2420250CE.NFO,02/01/2024,11:33:58,1057.1,1104.85,360,1114.8,200,0,0
FINNIFTY02JAN2420250CE.NFO,02/01/2024,11:33:59,1057.1,1104.85,200,1114.8,200,0,0
FINNIFTY02JAN2420250CE.NFO,02/01/2024,11:34:01,1057.1,1105.15,40,1114.8,200,0,0
FINNIFTY02JAN2420250CE.NFO,02/01/2024,11:34:03,1057.1,1105.2,200,1114.8,200,0,0
FINNIFTY02JAN2420250CE.NFO,02/01/2024,11:34:04,1057.1,1104.75,200,1114.8,200,0,0
FINNIFTY02JAN2420250CE.NFO,02/01/2024,11:34:06,1057.1,1103.3,440,1114.8,200,0,0
FINNIFTY02JAN2420250CE.NFO,02/01/2024,11:34:08,1057.1,1103.35,200,1114.8,200,0,0
FINNIFTY02JAN2420250CE.NFO,02/01/2024,11:34:19,1057.1,1103.45,120,1114.8,200,0,0
FINNIFTY02JAN2420250CE.NFO,02/01/2024,11:34:21,1057.1,1104,200,1114.8,200,0,0
FINNIFTY02JAN2420250CE.NFO,02/01/2024,11:34:22,1057.1,1100.1,1200,1114.8,200,0,0
FINNIFTY02JAN2420250CE.NFO,02/01/2024,11:34:29,1057.1,1100.15,200,1114.8,200,0,0
FINNIFTY02JAN2420250CE.NFO,02/01/2024,11:34:46,1057.1,1102.85,400,1114.8,200,0,0
FINNIFTY02JAN2420250CE.NFO,02/01/2024,11:34:53,1057.1,1104.4,440,1114.8,200,0,0
FINNIFTY02JAN2420250CE.NFO,02/01/2024,11:35:01,1057.1,1100.25,1200,1114.8,200,0,0
FINNIFTY02JAN2420250CE.NFO,02/01/2024,11:35:38,1057.1,1100.25,1160,1114.8,200,0,0
FINNIFTY02JAN2420250CE.NFO,02/01/2024,11:35:46,1057.1,1100.3,200,1114.8,200,0,0
FINNIFTY02JAN2420250CE.NFO,02/01/2024,11:35:53,1057.1,1100.4,40,1114.8,200,0,0
FINNIFTY02JAN2420250CE.NFO,02/01/2024,11:36:00,1057.1,1102.95,440,1114.8,200,0,0
FINNIFTY02JAN2420250CE.NFO,02/01/2024,11:36:08,1057.1,1103,200,1114.8,200,0,0
FINNIFTY02JAN2420250CE.NFO,02/01/2024,11:36:23,1057.1,1038.8,400,1114.8,200,0,0
FINNIFTY02JAN2420250CE.NFO,02/01/2024,11:36:31,1057.1,1073.65,600,1114.8,200,0,0
FINNIFTY02JAN2420250CE.NFO,02/01/2024,11:36:38,1057.1,1084.1,40,1114.8,200,0,0
FINNIFTY02JAN2420250CE.NFO,02/01/2024,11:36:46,1057.1,1097.65,200,1114.8,200,0,0
FINNIFTY02JAN2420250CE.NFO,02/01/2024,11:36:53,1057.1,1100,960,1114.8,200,0,0
FINNIFTY02JAN2420250CE.NFO,02/01/2024,11:37:01,1057.1,1100.1,80,1114.8,200,0,0
FINNIFTY02JAN2420250CE.NFO,02/01/2024,11:37:09,1057.1,1101.6,200,1114.8,200,0,0
FINNIFTY02JAN2420250CE.NFO,02/01/2024,11:37:16,1057.1,1101.75,160,1114.8,200,0,0
FINNIFTY02JAN2420250CE.NFO,02/01/2024,11:37:24,1057.1,1102.15,160,1114.8,200,0,0
FINNIFTY02JAN2420250CE.NFO,02/01/2024,11:37:32,1057.1,1070.45,200,1114.8,200,0,0
FINNIFTY02JAN2420250CE.NFO,02/01/2024,11:37:40,1057.1,1083.65,200,1114.8,200,0,0
FINNIFTY02JAN2420250CE.NFO,02/01/2024,11:37:48,1057.1,1093.7,160,1114.8,200,0,0
FINNIFTY02JAN2420250CE.NFO,02/01/2024,11:37:55,1057.1,1104.65,40,1114.8,200,0,0
FINNIFTY02JAN2420250CE.NFO,02/01/2024,11:38:03,1057.1,1104.75,1120,1114.8,200,0,0
FINNIFTY02JAN2420250CE.NFO,02/01/2024,11:38:12,1057.1,1080.35,200,1114.8,200,0,0
FINNIFTY02JAN2420250CE.NFO,02/01/2024,11:38:20,1057.1,1090.8,200,1114.8,200,0,0
FINNIFTY02JAN2420250CE.NFO,02/01/2024,11:38:28,1057.1,1102.85,200,1114.8,200,0,0
FINNIFTY02JAN2420250CE.NFO,02/01/2024,11:38:35,1057.1,1105.75,200,1114.8,200,0,0
FINNIFTY02JAN2420250CE.NFO,02/01/2024,11:38:42,1057.1,1109.25,160,1114.8,200,0,0
FINNIFTY02JAN2420250CE.NFO,02/01/2024,11:38:51,1057.1,1105.95,200,1114.85,200,0,0
FINNIFTY02JAN2420250CE.NFO,02/01/2024,11:38:59,1057.1,1105.95,200,1114.45,200,0,0
FINNIFTY02JAN2420250CE.NFO,02/01/2024,11:39:05,1057.1,1105.95,200,1115.1,1240,0,0
FINNIFTY02JAN2420250CE.NFO,02/01/2024,11:39:12,1057.1,1105.95,200,1115,80,0,0
FINNIFTY02JAN2420250CE.NFO,02/01/2024,11:39:18,1057.1,1110.25,40,1115,80,0,0
FINNIFTY02JAN2420250CE.NFO,02/01/2024,11:39:24,1057.1,1107.95,1200,1115,80,0,0
FINNIFTY02JAN2420250CE.NFO,02/01/2024,11:39:31,1057.1,1108.05,40,1143.25,200,0,0
FINNIFTY02JAN2420250CE.NFO,02/01/2024,11:39:44,1057.1,1109.4,40,1143.25,200,0,0
FINNIFTY02JAN2420250CE.NFO,02/01/2024,11:39:50,1057.1,1110.5,40,1143.25,200,0,0
FINNIFTY02JAN2420250CE.NFO,02/01/2024,11:39:57,1057.1,1108.75,200,1143.25,200,0,0
FINNIFTY02JAN2420250CE.NFO,02/01/2024,11:40:09,1057.1,1075.15,1440,1143.25,200,0,0
FINNIFTY02JAN2420250CE.NFO,02/01/2024,11:41:36,1057.1,1075.2,200,1143.25,200,0,0
FINNIFTY02JAN2420250CE.NFO,02/01/2024,11:41:54,1057.1,1075.3,200,1121.75,200,0,0
FINNIFTY02JAN2420250CE.NFO,02/01/2024,11:42:02,1057.1,1075.3,200,1121,360,0,0
FINNIFTY02JAN2420250CE.NFO,02/01/2024,11:42:11,1057.1,1078.4,120,1117.45,200,0,0
FINNIFTY02JAN2420250CE.NFO,02/01/2024,11:42:18,1057.1,1079.6,280,1116.6,240,0,0
FINNIFTY02JAN2420250CE.NFO,02/01/2024,11:42:26,1057.1,1086.65,200,1110.65,200,0,0
FINNIFTY02JAN2420250CE.NFO,02/01/2024,11:42:33,1057.1,1079.75,200,1104.6,120,0,0
FINNIFTY02JAN2420250CE.NFO,02/01/2024,11:42:40,1057.1,1079.75,200,1097.05,200,0,0
FINNIFTY02JAN2420250CE.NFO,02/01/2024,11:42:47,1057.1,1079.75,200,1092.15,200,0,0
FINNIFTY02JAN2420250CE.NFO,02/01/2024,11:42:55,1057.1,1079.75,200,1122.1,120,0,0
FINNIFTY02JAN2420250CE.NFO,02/01/2024,11:44:08,1057.1,1079.7,1000,1122.15,320,0,0
FINNIFTY02JAN2420250CE.NFO,02/01/2024,11:44:43,1057.1,1079.7,880,1122.15,320,0,0
FINNIFTY02JAN2420250CE.NFO,02/01/2024,11:45:30,1057.1,1079.75,200,1122.1,200,0,0
FINNIFTY02JAN2420250CE.NFO,02/01/2024,11:48:03,1057.1,1079.7,880,1122.15,320,0,0
FINNIFTY02JAN2420250CE.NFO,02/01/2024,11:49:26,1057.1,1079.75,200,1122.1,200,0,0
FINNIFTY02JAN2420250CE.NFO,02/01/2024,11:50:35,1057.1,1079.75,200,1122.05,200,0,0
FINNIFTY02JAN2420250CE.NFO,02/01/2024,11:52:04,1057.1,1079.75,200,1122.1,200,0,0
FINNIFTY02JAN2420250CE.NFO,02/01/2024,11:54:10,1057.1,1079.85,120,1117.8,160,0,0
FINNIFTY02JAN2420250CE.NFO,02/01/2024,11:54:16,1057.1,1088,40,1110.25,200,0,0
FINNIFTY02JAN2420250CE.NFO,02/01/2024,11:54:22,1057.1,1097.1,200,1108.55,200,0,0
FINNIFTY02JAN2420250CE.NFO,02/01/2024,11:54:28,1057.1,1105.75,160,1138.9,120,0,0
FINNIFTY02JAN2420250CE.NFO,02/01/2024,11:54:35,1057.1,1104.4,200,1138.9,120,0,0
FINNIFTY02JAN2420250CE.NFO,02/01/2024,11:54:41,1057.1,1097.2,1200,1138.9,120,0,0
FINNIFTY02JAN2420250CE.NFO,02/01/2024,11:55:32,1057.1,1097.2,1200,1138.9,200,0,0
FINNIFTY02JAN2420250CE.NFO,02/01/2024,11:56:05,1057.1,1097.25,200,1138.9,200,0,0
FINNIFTY02JAN2420250CE.NFO,02/01/2024,11:58:21,1057.1,1071,1400,1138.9,200,0,0
FINNIFTY02JAN2420250CE.NFO,02/01/2024,11:58:29,1057.1,1071.05,40,1138.9,200,0,0
FINNIFTY02JAN2420250CE.NFO,02/01/2024,11:58:35,1057.1,1071.05,40,1138.95,280,0,0
FINNIFTY02JAN2420250CE.NFO,02/01/2024,11:59:27,1057.1,1071.1,40,1138.9,200,0,0
FINNIFTY02JAN2420250CE.NFO,02/01/2024,11:59:55,1057.1,1077.65,160,1138.9,200,0,0
FINNIFTY02JAN2420250CE.NFO,02/01/2024,12:00:01,1057.1,1087.1,200,1138.9,200,0,0
FINNIFTY02JAN2420250CE.NFO,02/01/2024,12:00:07,1057.1,1095.8,160,1138.9,200,0,0
FINNIFTY02JAN2420250CE.NFO,02/01/2024,12:00:12,1057.1,1099.9,720,1138.9,200,0,0
FINNIFTY02JAN2420250CE.NFO,02/01/2024,12:00:18,1057.1,1102.55,440,1138.9,200,0,0
FINNIFTY02JAN2420250CE.NFO,02/01/2024,12:00:23,1057.1,1103.25,440,1138.9,200,0,0
FINNIFTY02JAN2420250CE.NFO,02/01/2024,12:00:31,1057.1,1101,200,1138.9,200,0,0
FINNIFTY02JAN2420250CE.NFO,02/01/2024,12:00:34,1057.1,1101.1,80,1138.9,200,0,0
FINNIFTY02JAN2420250CE.NFO,02/01/2024,12:00:38,1057.1,1102.45,40,1138.9,200,0,0
FINNIFTY02JAN2420250CE.NFO,02/01/2024,12:00:39,1057.1,1103.7,160,1138.9,200,0,0
FINNIFTY02JAN2420250CE.NFO,02/01/2024,12:00:41,1057.1,1101.4,400,1138.9,200,0,0
FINNIFTY02JAN2420250CE.NFO,02/01/2024,12:00:46,1057.1,1103.4,200,1138.9,200,0,0
FINNIFTY02JAN2420250CE.NFO,02/01/2024,12:00:47,1057.1,1104.8,200,1138.9,200,0,0
FINNIFTY02JAN2420250CE.NFO,02/01/2024,12:00:49,1057.1,1103.05,480,1138.9,200,0,0
FINNIFTY02JAN2420250CE.NFO,02/01/2024,12:00:52,1057.1,1103.2,40,1138.9,200,0,0
FINNIFTY02JAN2420250CE.NFO,02/01/2024,12:00:54,1057.1,1101.4,520,1138.9,200,0,0
FINNIFTY02JAN2420250CE.NFO,02/01/2024,12:00:56,1057.1,1102.8,160,1138.9,200,0,0
FINNIFTY02JAN2420250CE.NFO,02/01/2024,12:00:57,1057.1,1104,40,1138.9,200,0,0
FINNIFTY02JAN2420250CE.NFO,02/01/2024,12:00:59,1057.1,1071.95,160,1138.9,200,0,0
FINNIFTY02JAN2420250CE.NFO,02/01/2024,12:01:01,1057.1,1074.85,160,1138.9,200,0,0
FINNIFTY02JAN2420250CE.NFO,02/01/2024,12:01:02,1057.1,1077.85,200,1138.9,200,0,0
FINNIFTY02JAN2420250CE.NFO,02/01/2024,12:01:04,1057.1,1080.05,160,1138.9,200,0,0
FINNIFTY02JAN2420250CE.NFO,02/01/2024,12:01:05,1057.1,1081.55,40,1138.9,200,0,0
FINNIFTY02JAN2420250CE.NFO,02/01/2024,12:01:07,1057.1,1084,200,1138.9,200,0,0
FINNIFTY02JAN2420250CE.NFO,02/01/2024,12:01:09,1057.1,1086.9,160,1138.9,200,0,0
FINNIFTY02JAN2420250CE.NFO,02/01/2024,12:01:10,1057.1,1088.85,200,1138.9,200,0,0
FINNIFTY02JAN2420250CE.NFO,02/01/2024,12:01:12,1057.1,1090.4,40,1138.9,200,0,0
FINNIFTY02JAN2420250CE.NFO,02/01/2024,12:01:14,1057.1,1092.7,160,1138.9,200,0,0
FINNIFTY02JAN2420250CE.NFO,02/01/2024,12:01:15,1057.1,1095.25,160,1138.9,200,0,0
FINNIFTY02JAN2420250CE.NFO,02/01/2024,12:01:17,1057.1,1098.95,200,1138.9,200,0,0
FINNIFTY02JAN2420250CE.NFO,02/01/2024,12:01:19,1057.1,1101.15,40,1138.9,200,0,0
FINNIFTY02JAN2420250CE.NFO,02/01/2024,12:01:20,1057.1,1102.15,40,1138.9,200,0,0
FINNIFTY02JAN2420250CE.NFO,02/01/2024,12:01:22,1057.1,1099.75,760,1138.9,200,0,0
FINNIFTY02JAN2420250CE.NFO,02/01/2024,12:01:23,1057.1,1099.9,120,1138.9,200,0,0
FINNIFTY02JAN2420250CE.NFO,02/01/2024,12:01:25,1057.1,1099.8,200,1138.9,200,0,0
FINNIFTY02JAN2420250CE.NFO,02/01/2024,12:01:28,1057.1,1101.6,160,1138.9,200,0,0
FINNIFTY02JAN2420250CE.NFO,02/01/2024,12:01:30,1057.1,1102.1,280,1138.9,200,0,0
FINNIFTY02JAN2420250CE.NFO,02/01/2024,12:01:31,1057.1,1100.05,200,1138.9,200,0,0
FINNIFTY02JAN2420250CE.NFO,02/01/2024,12:01:33,1057.1,1101.15,160,1138.9,200,0,0
FINNIFTY02JAN2420250CE.NFO,02/01/2024,12:01:35,1057.1,1101.35,200,1138.9,200,0,0
FINNIFTY02JAN2420250CE.NFO,02/01/2024,12:01:38,1057.1,1071.4,1360,1138.9,200,0,0
FINNIFTY02JAN2420250CE.NFO,02/01/2024,12:02:03,1057.1,1071.95,160,1138.9,200,0,0
FINNIFTY02JAN2420250CE.NFO,02/01/2024,12:02:04,1057.1,1074.4,200,1138.9,200,0,0
FINNIFTY02JAN2420250CE.NFO,02/01/2024,12:02:06,1057.1,1076.95,200,1138.9,200,0,0
FINNIFTY02JAN2420250CE.NFO,02/01/2024,12:02:08,1057.1,1079.7,160,1138.9,200,0,0
FINNIFTY02JAN2420250CE.NFO,02/01/2024,12:02:09,1057.1,1082.85,200,1138.9,200,0,0
FINNIFTY02JAN2420250CE.NFO,02/01/2024,12:02:11,1057.1,1085.25,160,1138.9,200,0,0
FINNIFTY02JAN2420250CE.NFO,02/01/2024,12:02:13,1057.1,1088.15,120,1138.9,200,0,0
FINNIFTY02JAN2420250CE.NFO,02/01/2024,12:02:15,1057.1,1091.25,200,1138.9,200,0,0
FINNIFTY02JAN2420250CE.NFO,02/01/2024,12:02:16,1057.1,1094.15,200,1138.9,200,0,0
FINNIFTY02JAN2420250CE.NFO,02/01/2024,12:02:18,1057.1,1096.75,200,1138.9,200,0,0
FINNIFTY02JAN2420250CE.NFO,02/01/2024,12:02:20,1057.1,1099.75,200,1138.9,200,0,0
FINNIFTY02JAN2420250CE.NFO,02/01/2024,12:02:21,1057.1,1101.25,160,1138.9,200,0,0
FINNIFTY02JAN2420250CE.NFO,02/01/2024,12:02:23,1057.1,1102.05,200,1138.9,200,0,0
FINNIFTY02JAN2420250CE.NFO,02/01/2024,12:02:25,1057.1,1099.55,480,1138.9,200,0,0
FINNIFTY02JAN2420250CE.NFO,02/01/2024,12:02:26,1057.1,1099.6,200,1138.9,200,0,0
FINNIFTY02JAN2420250CE.NFO,02/01/2024,12:02:41,1057.1,1099.7,80,1138.9,200,0,0
FINNIFTY02JAN2420250CE.NFO,02/01/2024,12:02:47,1057.1,1101.5,40,1138.9,200,0,0
FINNIFTY02JAN2420250CE.NFO,02/01/2024,12:02:53,1057.1,1100.45,200,1138.9,200,0,0
FINNIFTY02JAN2420250CE.NFO,02/01/2024,12:03:05,1057.1,1100.55,40,1138.9,200,0,0
FINNIFTY02JAN2420250CE.NFO,02/01/2024,12:03:12,1057.1,1101,40,1138.9,200,0,0
FINNIFTY02JAN2420250CE.NFO,02/01/2024,12:03:18,1057.1,1097.3,120,1138.9,200,0,0
FINNIFTY02JAN2420250CE.NFO,02/01/2024,12:03:24,1057.1,1099.25,40,1138.9,200,0,0
FINNIFTY02JAN2420250CE.NFO,02/01/2024,12:03:30,1057.1,1100.75,200,1138.9,200,0,0
FINNIFTY02JAN2420250CE.NFO,02/01/2024,12:03:36,1057.1,1098.8,120,1138.9,200,0,0
FINNIFTY02JAN2420250CE.NFO,02/01/2024,12:03:42,1057.1,1100.65,200,1138.9,200,0,0
FINNIFTY02JAN2420250CE.NFO,02/01/2024,12:03:46,1057.1,1101.2,40,1138.9,200,0,0
FINNIFTY02JAN2420250CE.NFO,02/01/2024,12:03:52,1057.1,1099.05,120,1138.9,200,0,0
FINNIFTY02JAN2420250CE.NFO,02/01/2024,12:03:57,1057.1,1100,200,1138.9,200,0,0
FINNIFTY02JAN2420250CE.NFO,02/01/2024,12:04:03,1057.1,1100.05,200,1138.9,200,0,0
FINNIFTY02JAN2420250CE.NFO,02/01/2024,12:04:15,1057.1,1071.1,1360,1138.9,200,0,0
FINNIFTY02JAN2420250CE.NFO,02/01/2024,12:04:29,1057.1,1071.1,1360,1130.4,200,0,0
FINNIFTY02JAN2420250CE.NFO,02/01/2024,12:04:37,1057.1,1071.1,1360,1120.6,200,0,0
FINNIFTY02JAN2420250CE.NFO,02/01/2024,12:04:43,1057.1,1071.1,1360,1112.3,200,0,0
FINNIFTY02JAN2420250CE.NFO,02/01/2024,12:04:50,1057.1,1071.1,1360,1101.6,200,0,0
FINNIFTY02JAN2420250CE.NFO,02/01/2024,12:04:56,1057.1,1071.1,1360,1178.25,400,0,0
FINNIFTY02JAN2420250CE.NFO,02/01/2024,12:05:08,1057.1,1071.1,1360,1154,200,0,0
FINNIFTY02JAN2420250CE.NFO,02/01/2024,12:05:15,1057.1,1071.1,1360,1143.3,120,0,0
FINNIFTY02JAN2420250CE.NFO,02/01/2024,12:05:22,1057.1,1071.1,1360,1135.05,120,0,0
FINNIFTY02JAN2420250CE.NFO,02/01/2024,12:05:29,1057.1,1071.1,1360,1126.2,200,0,0
FINNIFTY02JAN2420250CE.NFO,02/01/2024,12:05:32,1057.1,1071.15,200,1122.5,120,0,0
FINNIFTY02JAN2420250CE.NFO,02/01/2024,12:05:33,1057.1,1071.15,200,1119.6,40,0,0
FINNIFTY02JAN2420250CE.NFO,02/01/2024,12:05:35,1057.1,1071.15,200,1116.6,200,0,0
FINNIFTY02JAN2420250CE.NFO,02/01/2024,12:05:36,1057.1,1071.15,200,1114.05,200,0,0
FINNIFTY02JAN2420250CE.NFO,02/01/2024,12:05:38,1057.1,1071.15,200,1111.5,200,0,0
FINNIFTY02JAN2420250CE.NFO,02/01/2024,12:05:40,1057.1,1071.15,200,1108.3,200,0,0
FINNIFTY02JAN2420250CE.NFO,02/01/2024,12:05:41,1057.1,1071.15,200,1106.4,160,0,0
FINNIFTY02JAN2420250CE.NFO,02/01/2024,12:05:43,1057.1,1071.15,200,1104.35,120,0,0
FINNIFTY02JAN2420250CE.NFO,02/01/2024,12:05:44,1057.1,1071.15,200,1101.15,120,0,0
FINNIFTY02JAN2420250CE.NFO,02/01/2024,12:05:46,1057.1,1071.15,200,1100.95,160,0,0
FINNIFTY02JAN2420250CE.NFO,02/01/2024,12:05:48,1057.1,1071.15,200,1100.5,200,0,0
FINNIFTY02JAN2420250CE.NFO,02/01/2024,12:05:49,1057.1,1071.15,200,1100.85,200,0,0
FINNIFTY02JAN2420250CE.NFO,02/01/2024,12:05:51,1057.1,1071.15,200,1134.55,1520,0,0
FINNIFTY02JAN2420250CE.NFO,02/01/2024,12:06:54,1057.1,1071.75,40,1134.55,1520,0,0
FINNIFTY02JAN2420250CE.NFO,02/01/2024,12:06:59,1057.1,1081.15,200,1134.55,1520,0,0
FINNIFTY02JAN2420250CE.NFO,02/01/2024,12:07:05,1057.1,1089.85,200,1134.5,200,0,0
FINNIFTY02JAN2420250CE.NFO,02/01/2024,12:07:11,1057.1,1099.95,40,1134.5,200,0,0
FINNIFTY02JAN2420250CE.NFO,02/01/2024,12:07:17,1057.1,1101.85,440,1134.5,200,0,0
FINNIFTY02JAN2420250CE.NFO,02/01/2024,12:07:34,1057.1,1103.2,40,1134.5,200,0,0
FINNIFTY02JAN2420250CE.NFO,02/01/2024,12:07:42,1057.1,1102.4,480,1134.5,200,0,0
FINNIFTY02JAN2420250CE.NFO,02/01/2024,12:08:02,1057.1,1102.45,200,1134.5,200,0,0
FINNIFTY02JAN2420250CE.NFO,02/01/2024,12:08:40,1057.1,1100.1,200,1134.5,200,0,0
FINNIFTY02JAN2420250CE.NFO,02/01/2024,12:08:48,1057.1,1102.15,440,1134.5,200,0,0
FINNIFTY02JAN2420250CE.NFO,02/01/2024,12:08:55,1057.1,1097.95,1160,1134.5,200,0,0
FINNIFTY02JAN2420250CE.NFO,02/01/2024,12:09:01,1057.1,1098.05,40,1134.5,200,0,0
FINNIFTY02JAN2420250CE.NFO,02/01/2024,12:10:07,1057.1,1098,40,1134.55,1320,0,0
FINNIFTY02JAN2420250CE.NFO,02/01/2024,12:11:15,1057.1,1098.05,40,1134.5,200,0,0
FINNIFTY02JAN2420250CE.NFO,02/01/2024,12:13:17,1057.1,1098.1,40,1134.5,200,0,0
FINNIFTY02JAN2420250CE.NFO,02/01/2024,12:13:41,1057.1,1098,200,1134.5,200,0,0
FINNIFTY02JAN2420250CE.NFO,02/01/2024,12:13:47,1057.1,1098.1,40,1134.5,200,0,0
FINNIFTY02JAN2420250CE.NFO,02/01/2024,12:13:54,1057.1,1098,200,1134.5,200,0,0
FINNIFTY02JAN2420250CE.NFO,02/01/2024,12:14:02,1057.1,1098.5,160,1134.5,200,0,0
FINNIFTY02JAN2420250CE.NFO,02/01/2024,12:14:10,1057.1,1100.75,40,1134.5,200,0,0
FINNIFTY02JAN2420250CE.NFO,02/01/2024,12:14:16,1057.1,1099,200,1134.5,200,0,0
FINNIFTY02JAN2420250CE.NFO,02/01/2024,12:14:23,1057.1,1101.3,40,1134.5,200,0,0
FINNIFTY02JAN2420250CE.NFO,02/01/2024,12:14:29,1057.1,1100.15,160,1134.5,200,0,0
FINNIFTY02JAN2420250CE.NFO,02/01/2024,12:14:35,1057.1,1099.25,200,1134.5,200,0,0
FINNIFTY02JAN2420250CE.NFO,02/01/2024,12:14:42,1057.1,1099.35,40,1134.5,200,0,0
FINNIFTY02JAN2420250CE.NFO,02/01/2024,12:14:48,1057.1,1099.3,200,1134.5,200,0,0
FINNIFTY02JAN2420250CE.NFO,02/01/2024,12:14:55,1057.1,1070.9,1360,1134.5,200,0,0
FINNIFTY02JAN2420250CE.NFO,02/01/2024,12:15:31,1057.1,1075.35,120,1134.55,1320,0,0
FINNIFTY02JAN2420250CE.NFO,02/01/2024,12:15:38,1057.1,1086,200,1134.5,200,0,0
FINNIFTY02JAN2420250CE.NFO,02/01/2024,12:15:46,1057.1,1098.35,160,1134.5,200,0,0
FINNIFTY02JAN2420250CE.NFO,02/01/2024,12:15:53,1057.1,1102.95,40,1134.5,200,0,0
FINNIFTY02JAN2420250CE.NFO,02/01/2024,12:16:00,1057.1,1103.15,200,1134.5,200,0,0
FINNIFTY02JAN2420250CE.NFO,02/01/2024,12:16:07,1057.1,1105.95,40,1134.5,200,0,0
FINNIFTY02JAN2420250CE.NFO,02/01/2024,12:16:14,1057.1,1072.3,1360,1134.5,200,0,0
FINNIFTY02JAN2420250CE.NFO,02/01/2024,12:17:12,1057.1,1090.1,120,1134.45,200,0,0
FINNIFTY02JAN2420250CE.NFO,02/01/2024,12:17:21,1057.1,1090.9,40,1134.4,200,0,0
FINNIFTY02JAN2420250CE.NFO,02/01/2024,12:17:30,1057.1,1092.45,40,1134.4,200,0,0
FINNIFTY02JAN2420250CE.NFO,02/01/2024,12:17:38,1057.1,1100,200,1129.6,200,0,0
FINNIFTY02JAN2420250CE.NFO,02/01/2024,12:17:47,1057.1,1108.45,160,1122.6,200,0,0
FINNIFTY02JAN2420250CE.NFO,02/01/2024,12:17:54,1057.1,1117.05,40,1122.4,200,0,0
FINNIFTY02JAN2420250CE.NFO,02/01/2024,12:18:02,1057.1,1108.6,40,1122.4,200,0,0
FINNIFTY02JAN2420250CE.NFO,02/01/2024,12:18:10,1057.1,1108.65,40,1122.4,200,0,0
FINNIFTY02JAN2420250CE.NFO,02/01/2024,12:18:25,1057.1,1111.8,40,1119.2,120,0,0
FINNIFTY02JAN2420250CE.NFO,02/01/2024,12:18:32,1057.1,1113.3,200,1117.45,720,0,0
FINNIFTY02JAN2420250CE.NFO,02/01/2024,12:18:40,1057.1,1112,200,1119.1,1320,0,0
FINNIFTY02JAN2420250CE.NFO,02/01/2024,12:18:48,1057.1,1115.4,200,1159.45,1520,0,0
FINNIFTY02JAN2420250CE.NFO,02/01/2024,12:18:55,1057.1,1116.05,40,1159.45,1520,0,0
FINNIFTY02JAN2420250CE.NFO,02/01/2024,12:19:03,1057.1,1115.4,200,1159.45,1520,0,0
FINNIFTY02JAN2420250CE.NFO,02/01/2024,12:19:10,1057.1,1115,40,1159.45,1520,0,0
FINNIFTY02JAN2420250CE.NFO,02/01/2024,12:19:18,1057.1,1117.95,40,1159.45,1520,0,0
FINNIFTY02JAN2420250CE.NFO,02/01/2024,12:19:25,1057.1,1115.75,200,1159.45,1520,0,0
FINNIFTY02JAN2420250CE.NFO,02/01/2024,12:19:34,1057.1,1119.95,40,1159.45,1520,0,0
FINNIFTY02JAN2420250CE.NFO,02/01/2024,12:19:42,1057.1,1089.8,40,1159.45,1520,0,0
FINNIFTY02JAN2420250CE.NFO,02/01/2024,12:20:05,1057.1,1089.8,40,1159.4,200,0,0
FINNIFTY02JAN2420250CE.NFO,02/01/2024,12:22:09,1057.1,1089.8,40,1141.3,120,0,0
FINNIFTY02JAN2420250CE.NFO,02/01/2024,12:22:17,1057.1,1089.8,40,1138.25,80,0,0
FINNIFTY02JAN2420250CE.NFO,02/01/2024,12:22:24,1057.1,1089.8,40,1135.7,120,0,0
FINNIFTY02JAN2420250CE.NFO,02/01/2024,12:22:31,1057.1,1089.8,40,1135.4,120,0,0
FINNIFTY02JAN2420250CE.NFO,02/01/2024,12:22:38,1057.1,1089.8,40,1132.2,80,0,0
FINNIFTY02JAN2420250CE.NFO,02/01/2024,12:22:44,1057.1,1089.8,40,1128.75,120,0,0
FINNIFTY02JAN2420250CE.NFO,02/01/2024,12:22:51,1057.1,1089.8,40,1125.6,120,0,0
FINNIFTY02JAN2420250CE.NFO,02/01/2024,12:22:58,1057.1,1089.8,40,1122.25,120,0,0
FINNIFTY02JAN2420250CE.NFO,02/01/2024,12:23:04,1057.1,1089.8,40,1119.5,200,0,0
FINNIFTY02JAN2420250CE.NFO,02/01/2024,12:23:11,1057.1,1089.8,40,1116.05,120,0,0
FINNIFTY02JAN2420250CE.NFO,02/01/2024,12:23:18,1057.1,1089.8,40,1114.35,120,0,0
FINNIFTY02JAN2420250CE.NFO,02/01/2024,12:23:25,1057.1,1089.8,40,1110.8,120,0,0
FINNIFTY02JAN2420250CE.NFO,02/01/2024,12:23:32,1057.1,1089.8,40,1108.7,80,0,0
FINNIFTY02JAN2420250CE.NFO,02/01/2024,12:23:38,1057.1,1089.8,40,1141.85,960,0,0
FINNIFTY02JAN2420250CE.NFO,02/01/2024,12:25:04,1057.1,1089.8,40,1141.8,200,0,0
FINNIFTY02JAN2420250CE.NFO,02/01/2024,12:28:01,1057.1,1089.8,40,1141.85,760,0,0
FINNIFTY02JAN2420250CE.NFO,02/01/2024,12:28:33,1057.1,1089.8,40,1141.8,200,0,0
FINNIFTY02JAN2420250CE.NFO,02/01/2024,12:31:36,1057.1,1089.75,40,1141.85,760,0,0
FINNIFTY02JAN2420250CE.NFO,02/01/2024,12:31:42,1057.1,1089.8,40,1141.8,200,0,0
FINNIFTY02JAN2420250CE.NFO,02/01/2024,12:37:32,1057.1,1089.8,40,1141.75,200,0,0
FINNIFTY02JAN2420250CE.NFO,02/01/2024,12:39:03,1057.1,1089.8,40,1141.8,200,0,0
FINNIFTY02JAN2420250CE.NFO,02/01/2024,12:39:53,1057.1,1091.35,40,1141.7,200,0,0
FINNIFTY02JAN2420250CE.NFO,02/01/2024,12:39:58,1057.1,1095.4,40,1141.7,200,0,0
FINNIFTY02JAN2420250CE.NFO,02/01/2024,12:40:02,1057.1,1098.7,200,1141.7,200,0,0
FINNIFTY02JAN2420250CE.NFO,02/01/2024,12:40:07,1057.1,1102.45,120,1141.7,200,0,0
FINNIFTY02JAN2420250CE.NFO,02/01/2024,12:40:12,1057.1,1105.35,40,1141.7,200,0,0
FINNIFTY02JAN2420250CE.NFO,02/01/2024,12:40:17,1057.1,1107.05,40,1141.7,200,0,0
FINNIFTY02JAN2420250CE.NFO,02/01/2024,12:40:24,1057.1,1109.05,280,1141.7,200,0,0
FINNIFTY02JAN2420250CE.NFO,02/01/2024,12:40:30,1057.1,1109.05,200,1141.7,200,0,0
FINNIFTY02JAN2420250CE.NFO,02/01/2024,12:40:36,1057.1,1105.35,80,1141.7,200,0,0
FINNIFTY02JAN2420250CE.NFO,02/01/2024,12:40:42,1057.1,1107.85,200,1141.7,200,0,0
FINNIFTY02JAN2420250CE.NFO,02/01/2024,12:40:48,1057.1,1105.4,360,1141.7,200,0,0
FINNIFTY02JAN2420250CE.NFO,02/01/2024,12:41:16,1057.1,1106.7,40,1141.7,200,0,0
FINNIFTY02JAN2420250CE.NFO,02/01/2024,12:41:21,1057.1,1107.2,40,1141.7,200,0,0
FINNIFTY02JAN2420250CE.NFO,02/01/2024,12:41:27,1057.1,1106.45,40,1141.7,200,0,0
FINNIFTY02JAN2420250CE.NFO,02/01/2024,12:41:33,1057.1,1105.85,40,1141.7,200,0,0
FINNIFTY02JAN2420250CE.NFO,02/01/2024,12:41:40,1057.1,1106.75,320,1141.7,200,0,0
FINNIFTY02JAN2420250CE.NFO,02/01/2024,12:41:46,1057.1,1106.85,80,1141.7,200,0,0
FINNIFTY02JAN2420250CE.NFO,02/01/2024,12:41:52,1057.1,1107.45,40,1141.7,200,0,0
FINNIFTY02JAN2420250CE.NFO,02/01/2024,12:41:58,1057.1,1071.65,400,1141.7,200,0,0
FINNIFTY02JAN2420250CE.NFO,02/01/2024,12:42:32,1057.1,1071.65,400,1141.75,200,0,0
FINNIFTY02JAN2420250CE.NFO,02/01/2024,12:43:01,1057.1,1071.65,200,1141.75,200,0,0
FINNIFTY02JAN2420250CE.NFO,02/01/2024,12:48:25,1057.1,1071.65,200,1141.8,200,0,0
FINNIFTY02JAN2420250CE.NFO,02/01/2024,12:55:32,1057.1,1071.75,200,1141.75,200,0,0
FINNIFTY02JAN2420250CE.NFO,02/01/2024,12:55:38,1057.1,1071.75,200,1141.7,200,0,0
FINNIFTY02JAN2420250CE.NFO,02/01/2024,13:01:37,1057.1,1071.6,600,1141.85,760,0,0
FINNIFTY02JAN2420250CE.NFO,02/01/2024,13:01:45,1057.1,1071.65,200,1141.8,200,0,0
FINNIFTY02JAN2420250CE.NFO,02/01/2024,13:01:52,1057.1,1071.6,600,1141.85,760,0,0
FINNIFTY02JAN2420250CE.NFO,02/01/2024,13:02:05,1057.1,1071.65,200,1141.8,200,0,0
FINNIFTY02JAN2420250CE.NFO,02/01/2024,13:03:39,1057.1,1071.7,200,1141.8,400,0,0
FINNIFTY02JAN2420250CE.NFO,02/01/2024,13:03:47,1057.1,1071.7,200,1141.75,200,0,0
FINNIFTY02JAN2420250CE.NFO,02/01/2024,13:04:02,1057.1,1071.7,200,1124.5,120,0,0
FINNIFTY02JAN2420250CE.NFO,02/01/2024,13:04:12,1057.1,1071.75,200,1124.35,240,0,0
FINNIFTY02JAN2420250CE.NFO,02/01/2024,13:04:22,1057.1,1071.75,200,1124,120,0,0
FINNIFTY02JAN2420250CE.NFO,02/01/2024,13:04:31,1057.1,1071.75,200,1123.45,40,0,0
FINNIFTY02JAN2420250CE.NFO,02/01/2024,13:04:40,1057.1,1071.75,200,1118.8,120,0,0
FINNIFTY02JAN2420250CE.NFO,02/01/2024,13:04:48,1057.1,1071.75,200,1116.8,80,0,0
FINNIFTY02JAN2420250CE.NFO,02/01/2024,13:04:56,1057.1,1071.75,200,1113.45,200,0,0
FINNIFTY02JAN2420250CE.NFO,02/01/2024,13:05:04,1057.1,1071.75,200,1109.55,120,0,0
FINNIFTY02JAN2420250CE.NFO,02/01/2024,13:05:11,1057.1,1071.75,200,1107.95,120,0,0
FINNIFTY02JAN2420250CE.NFO,02/01/2024,13:05:16,1057.1,1071.75,200,1105.05,200,0,0
FINNIFTY02JAN2420250CE.NFO,02/01/2024,13:05:22,1057.1,1071.75,200,1101.6,120,0,0
FINNIFTY02JAN2420250CE.NFO,02/01/2024,13:05:28,1057.1,1071.75,200,1099.65,120,0,0
FINNIFTY02JAN2420250CE.NFO,02/01/2024,13:05:33,1057.1,1071.75,200,1098.95,120,0,0
FINNIFTY02JAN2420250CE.NFO,02/01/2024,13:05:39,1057.1,1071.75,200,1098.85,560,0,0
FINNIFTY02JAN2420250CE.NFO,02/01/2024,13:05:45,1057.1,1071.75,200,1124.55,80,0,0
FINNIFTY02JAN2420250CE.NFO,02/01/2024,13:06:36,1057.1,1076.8,40,1120.15,40,0,0
FINNIFTY02JAN2420250CE.NFO,02/01/2024,13:06:42,1057.1,1081.15,200,1115.85,200,0,0
FINNIFTY02JAN2420250CE.NFO,02/01/2024,13:06:47,1057.1,1085,40,1112.4,240,0,0
FINNIFTY02JAN2420250CE.NFO,02/01/2024,13:06:53,1057.1,1088.85,200,1109.1,200,0,0
FINNIFTY02JAN2420250CE.NFO,02/01/2024,13:06:58,1057.1,1093.3,40,1105.2,240,0,0
FINNIFTY02JAN2420250CE.NFO,02/01/2024,13:07:03,1057.1,1096.6,40,1101.55,120,0,0
FINNIFTY02JAN2420250CE.NFO,02/01/2024,13:07:09,1057.1,1095.85,200,1099.9,200,0,0
FINNIFTY02JAN2420250CE.NFO,02/01/2024,13:07:15,1057.1,1096.65,200,1122.9,200,0,0
FINNIFTY02JAN2420250CE.NFO,02/01/2024,13:07:20,1057.1,1095.35,80,1118.45,120,0,0
FINNIFTY02JAN2420250CE.NFO,02/01/2024,13:07:25,1057.1,1098,200,1114.95,200,0,0
FINNIFTY02JAN2420250CE.NFO,02/01/2024,13:07:30,1057.1,1098.85,80,1110.4,120,0,0
FINNIFTY02JAN2420250CE.NFO,02/01/2024,13:07:32,1057.1,1097.05,80,1108.9,40,0,0
FINNIFTY02JAN2420250CE.NFO,02/01/2024,13:07:34,1057.1,1097.85,200,1107.6,200,0,0
FINNIFTY02JAN2420250CE.NFO,02/01/2024,13:07:35,1057.1,1098.45,40,1106.8,120,0,0
FINNIFTY02JAN2420250CE.NFO,02/01/2024,13:07:37,1057.1,1099.1,40,1105.85,240,0,0
FINNIFTY02JAN2420250CE.NFO,02/01/2024,13:07:39,1057.1,1099.75,40,1104.8,120,0,0
FINNIFTY02JAN2420250CE.NFO,02/01/2024,13:07:40,1057.1,1100.3,40,1104.05,40,0,0
FINNIFTY02JAN2420250CE.NFO,02/01/2024,13:07:42,1057.1,1096.45,200,1103.35,120,0,0
FINNIFTY02JAN2420250CE.NFO,02/01/2024,13:07:44,1057.1,1097.2,200,1102.8,200,0,0
FINNIFTY02JAN2420250CE.NFO,02/01/2024,13:07:45,1057.1,1098.15,40,1102.4,120,0,0
FINNIFTY02JAN2420250CE.NFO,02/01/2024,13:07:47,1057.1,1099.2,40,1102.35,120,0,0
FINNIFTY02JAN2420250CE.NFO,02/01/2024,13:07:49,1057.1,1099.2,200,1124.6,200,0,0
FINNIFTY02JAN2420250CE.NFO,02/01/2024,13:07:50,1057.1,1100,40,1124.1,120,0,0
FINNIFTY02JAN2420250CE.NFO,02/01/2024,13:07:52,1057.1,1098.4,40,1122.75,120,0,0
FINNIFTY02JAN2420250CE.NFO,02/01/2024,13:07:54,1057.1,1099.35,40,1121.6,400,0,0
FINNIFTY02JAN2420250CE.NFO,02/01/2024,13:07:55,1057.1,1099.45,40,1120.1,120,0,0
FINNIFTY02JAN2420250CE.NFO,02/01/2024,13:07:57,1057.1,1098.1,40,1118.6,120,0,0
FINNIFTY02JAN2420250CE.NFO,02/01/2024,13:07:59,1057.1,1098.9,200,1117.05,200,0,0
FINNIFTY02JAN2420250CE.NFO,02/01/2024,13:08:00,1057.1,1099.85,40,1115.95,120,0,0
FINNIFTY02JAN2420250CE.NFO,02/01/2024,13:08:02,1057.1,1100.6,200,1114.9,200,0,0
FINNIFTY02JAN2420250CE.NFO,02/01/2024,13:08:04,1057.1,1101,200,1114.3,200,0,0
FINNIFTY02JAN2420250CE.NFO,02/01/2024,13:08:05,1057.1,1101.6,40,1113.7,40,0,0
FINNIFTY02JAN2420250CE.NFO,02/01/2024,13:08:07,1057.1,1102.3,40,1113,120,0,0
FINNIFTY02JAN2420250CE.NFO,02/01/2024,13:08:08,1057.1,1070.4,360,1112.15,120,0,0
FINNIFTY02JAN2420250CE.NFO,02/01/2024,13:08:10,1057.1,1071.65,200,1111,80,0,0
FINNIFTY02JAN2420250CE.NFO,02/01/2024,13:08:12,1057.1,1072.75,80,1110,200,0,0
FINNIFTY02JAN2420250CE.NFO,02/01/2024,13:08:13,1057.1,1073.35,40,1109.35,120,0,0
FINNIFTY02JAN2420250CE.NFO,02/01/2024,13:08:15,1057.1,1074.35,40,1108.4,120,0,0
FINNIFTY02JAN2420250CE.NFO,02/01/2024,13:08:17,1057.1,1075.4,200,1107.65,200,0,0
FINNIFTY02JAN2420250CE.NFO,02/01/2024,13:08:18,1057.1,1076.4,40,1106.95,40,0,0
FINNIFTY02JAN2420250CE.NFO,02/01/2024,13:08:20,1057.1,1077.8,40,1106.15,120,0,0
FINNIFTY02JAN2420250CE.NFO,02/01/2024,13:08:21,1057.1,1078.9,40,1105.7,120,0,0
FINNIFTY02JAN2420250CE.NFO,02/01/2024,13:08:23,1057.1,1080.25,40,1124.65,960,0,0
FINNIFTY02JAN2420250CE.NFO,02/01/2024,13:08:25,1057.1,1081.35,200,1123.9,200,0,0
FINNIFTY02JAN2420250CE.NFO,02/01/2024,13:08:26,1057.1,1082.1,40,1123.05,240,0,0
FINNIFTY02JAN2420250CE.NFO,02/01/2024,13:08:28,1057.1,1083.15,40,1122,120,0,0
FINNIFTY02JAN2420250CE.NFO,02/01/2024,13:08:30,1057.1,1084,200,1121.5,200,0,0
FINNIFTY02JAN2420250CE.NFO,02/01/2024,13:08:30,1057.1,1084.15,40,1121.3,80,0,0
FINNIFTY02JAN2420250CE.NFO,02/01/2024,13:08:32,1057.1,1084.95,200,1120.65,520,0,0
FINNIFTY02JAN2420250CE.NFO,02/01/2024,13:08:33,1057.1,1085.95,80,1119.6,80,0,0
FINNIFTY02JAN2420250CE.NFO,02/01/2024,13:08:35,1057.1,1087.05,160,1118.7,240,0,0
FINNIFTY02JAN2420250CE.NFO,02/01/2024,13:08:37,1057.1,1087.75,200,1118.15,200,0,0
FINNIFTY02JAN2420250CE.NFO,02/01/2024,13:08:38,1057.1,1088.3,40,1117.65,120,0,0
FINNIFTY02JAN2420250CE.NFO,02/01/2024,13:08:40,1057.1,1089.3,40,1116.85,120,0,0
FINNIFTY02JAN2420250CE.NFO,02/01/2024,13:08:42,1057.1,1090.55,200,1115.95,200,0,0
FINNIFTY02JAN2420250CE.NFO,02/01/2024,13:08:43,1057.1,1091.5,40,1115.1,120,0,0
FINNIFTY02JAN2420250CE.NFO,02/01/2024,13:08:45,1057.1,1092.5,40,1114.25,120,0,0
FINNIFTY02JAN2420250CE.NFO,02/01/2024,13:08:47,1057.1,1093.7,200,1113.05,200,0,0
FINNIFTY02JAN2420250CE.NFO,02/01/2024,13:08:48,1057.1,1095.15,40,1111.8,120,0,0
FINNIFTY02JAN2420250CE.NFO,02/01/2024,13:08:50,1057.1,1096.4,200,1110.6,80,0,0
FINNIFTY02JAN2420250CE.NFO,02/01/2024,13:08:52,1057.1,1097.65,40,1109.6,120,0,0
FINNIFTY02JAN2420250CE.NFO,02/01/2024,13:08:53,1057.1,1098.55,40,1109.85,200,0,0
FINNIFTY02JAN2420250CE.NFO,02/01/2024,13:08:55,1057.1,1099.75,40,1140.5,120,0,0
FINNIFTY02JAN2420250CE.NFO,02/01/2024,13:08:57,1057.1,1100.8,200,1139.6,200,0,0
FINNIFTY02JAN2420250CE.NFO,02/01/2024,13:08:58,1057.1,1102.05,40,1138.45,120,0,0
FINNIFTY02JAN2420250CE.NFO,02/01/2024,13:09:00,1057.1,1103.1,40,1137.5,40,0,0
FINNIFTY02JAN2420250CE.NFO,02/01/2024,13:09:02,1057.1,1103.8,200,1136.75,200,0,0
FINNIFTY02JAN2420250CE.NFO,02/01/2024,13:09:03,1057.1,1104.7,40,1135.85,320,0,0
FINNIFTY02JAN2420250CE.NFO,02/01/2024,13:09:05,1057.1,1071.65,200,1134.55,120,0,0
FINNIFTY02JAN2420250CE.NFO,02/01/2024,13:09:07,1057.1,1072.35,200,1133.55,200,0,0
FINNIFTY02JAN2420250CE.NFO,02/01/2024,13:09:08,1057.1,1073.7,40,1132.55,40,0,0
FINNIFTY02JAN2420250CE.NFO,02/01/2024,13:09:10,1057.1,1074.6,200,1131.8,200,0,0
FINNIFTY02JAN2420250CE.NFO,02/01/2024,13:09:12,1057.1,1075.9,200,1130.7,200,0,0
FINNIFTY02JAN2420250CE.NFO,02/01/2024,13:09:13,1057.1,1077.4,40,1129.4,320,0,0
FINNIFTY02JAN2420250CE.NFO,02/01/2024,13:09:15,1057.1,1079.15,40,1127.75,120,0,0
FINNIFTY02JAN2420250CE.NFO,02/01/2024,13:09:17,1057.1,1080.25,440,1126.7,440,0,0
FINNIFTY02JAN2420250CE.NFO,02/01/2024,13:09:18,1057.1,1081.25,40,1125.85,200,0,0
FINNIFTY02JAN2420250CE.NFO,02/01/2024,13:09:20,1057.1,1082.85,80,1124.55,120,0,0
FINNIFTY02JAN2420250CE.NFO,02/01/2024,13:09:22,1057.1,1084.3,240,1123.4,320,0,0
FINNIFTY02JAN2420250CE.NFO,02/01/2024,13:09:23,1057.1,1085.6,40,1122.25,120,0,0
FINNIFTY02JAN2420250CE.NFO,02/01/2024,13:09:25,1057.1,1087.05,40,1120.9,120,0,0
FINNIFTY02JAN2420250CE.NFO,02/01/2024,13:09:27,1057.1,1088.5,200,1119.5,200,0,0
FINNIFTY02JAN2420250CE.NFO,02/01/2024,13:09:28,1057.1,1090.15,40,1118.8,200,0,0
FINNIFTY02JAN2420250CE.NFO,02/01/2024,13:09:31,1057.1,1092.35,40,1117.05,40,0,0
FINNIFTY02JAN2420250CE.NFO,02/01/2024,13:09:33,1057.1,1093.35,40,1115.85,120,0,0
FINNIFTY02JAN2420250CE.NFO,02/01/2024,13:09:35,1057.1,1094.95,40,1114.45,120,0,0
FINNIFTY02JAN2420250CE.NFO,02/01/2024,13:09:36,1057.1,1096.3,80,1113.35,80,0,0
FINNIFTY02JAN2420250CE.NFO,02/01/2024,13:09:38,1057.1,1097.95,80,1111.8,80,0,0
FINNIFTY02JAN2420250CE.NFO,02/01/2024,13:09:40,1057.1,1099.45,40,1110.35,120,0,0
FINNIFTY02JAN2420250CE.NFO,02/01/2024,13:09:41,1057.1,1100.6,120,1109.35,120,0,0
FINNIFTY02JAN2420250CE.NFO,02/01/2024,13:09:43,1057.1,1101.95,200,1108.15,80,0,0
FINNIFTY02JAN2420250CE.NFO,02/01/2024,13:09:45,1057.1,1103.05,200,1107.55,200,0,0
FINNIFTY02JAN2420250CE.NFO,02/01/2024,13:09:46,1057.1,1103.85,40,1107.65,80,0,0
FINNIFTY02JAN2420250CE.NFO,02/01/2024,13:09:48,1057.1,1104.45,40,1107.15,200,0,0
FINNIFTY02JAN2420250CE.NFO,02/01/2024,13:09:50,1057.1,1102.95,200,1106.6,200,0,0
FINNIFTY02JAN2420250CE.NFO,02/01/2024,13:09:51,1057.1,1103.6,40,1106.75,200,0,0
FINNIFTY02JAN2420250CE.NFO,02/01/2024,13:09:53,1057.1,1102.5,40,1106.5,120,0,0
FINNIFTY02JAN2420250CE.NFO,02/01/2024,13:09:54,1057.1,1103.15,40,1106.25,120,0,0
FINNIFTY02JAN2420250CE.NFO,02/01/2024,13:09:56,1057.1,1071.05,800,1141.05,120,0,0
FINNIFTY02JAN2420250CE.NFO,02/01/2024,13:09:58,1057.1,1072.25,200,1139.15,200,0,0
FINNIFTY02JAN2420250CE.NFO,02/01/2024,13:09:59,1057.1,1073.75,40,1137.65,120,0,0
FINNIFTY02JAN2420250CE.NFO,02/01/2024,13:10:03,1057.1,1077.15,200,1134.25,200,0,0
FINNIFTY02JAN2420250CE.NFO,02/01/2024,13:10:04,1057.1,1078.5,40,1132.9,120,0,0
FINNIFTY02JAN2420250CE.NFO,02/01/2024,13:10:06,1057.1,1079.9,200,1131.75,240,0,0
FINNIFTY02JAN2420250CE.NFO,02/01/2024,13:10:08,1057.1,1081.25,200,1130.6,200,0,0
FINNIFTY02JAN2420250CE.NFO,02/01/2024,13:10:09,1057.1,1081.95,200,1129.9,400,0,0
FINNIFTY02JAN2420250CE.NFO,02/01/2024,13:10:11,1057.1,1083.4,40,1128.5,120,0,0
FINNIFTY02JAN2420250CE.NFO,02/01/2024,13:10:12,1057.1,1084.7,40,1127.45,160,0,0
FINNIFTY02JAN2420250CE.NFO,02/01/2024,13:10:14,1057.1,1086.05,240,1126.05,240,0,0
FINNIFTY02JAN2420250CE.NFO,02/01/2024,13:10:16,1057.1,1087.1,200,1125.45,80,0,0
FINNIFTY02JAN2420250CE.NFO,02/01/2024,13:10:17,1057.1,1087.95,80,1124.8,80,0,0
FINNIFTY02JAN2420250CE.NFO,02/01/2024,13:10:19,1057.1,1088.9,40,1123.8,120,0,0
FINNIFTY02JAN2420250CE.NFO,02/01/2024,13:10:21,1057.1,1090.25,200,1122.55,200,0,0
FINNIFTY02JAN2420250CE.NFO,02/01/2024,13:10:22,1057.1,1091.35,40,1121.25,200,0,0
FINNIFTY02JAN2420250CE.NFO,02/01/2024,13:10:24,1057.1,1092.85,200,1119.75,200,0,0
FINNIFTY02JAN2420250CE.NFO,02/01/2024,13:10:25,1057.1,1094.15,40,1118.45,40,0,0
FINNIFTY02JAN2420250CE.NFO,02/01/2024,13:10:27,1057.1,1095.85,80,1117,80,0,0
FINNIFTY02JAN2420250CE.NFO,02/01/2024,13:10:29,1057.1,1097.25,200,1115.6,200,0,0
FINNIFTY02JAN2420250CE.NFO,02/01/2024,13:10:30,1057.1,1098.35,40,1114.65,40,0,0
FINNIFTY02JAN2420250CE.NFO,02/01/2024,13:10:32,1057.1,1099.65,200,1113.6,400,0,0
FINNIFTY02JAN2420250CE.NFO,02/01/2024,13:10:33,1057.1,1100.5,40,1112.75,320,0,0
FINNIFTY02JAN2420250CE.NFO,02/01/2024,13:10:35,1057.1,1101.95,40,1111.15,120,0,0
FINNIFTY02JAN2420250CE.NFO,02/01/2024,13:10:37,1057.1,1103.05,200,1109.6,200,0,0
FINNIFTY02JAN2420250CE.NFO,02/01/2024,13:10:38,1057.1,1103.75,40,1108.4,120,0,0
FINNIFTY02JAN2420250CE.NFO,02/01/2024,13:10:40,1057.1,1104.25,40,1107.7,40,0,0
FINNIFTY02JAN2420250CE.NFO,02/01/2024,13:10:42,1057.1,1104.75,40,1107.3,200,0,0
FINNIFTY02JAN2420250CE.NFO,02/01/2024,13:10:43,1057.1,1104.8,40,1107.5,200,0,0
FINNIFTY02JAN2420250CE.NFO,02/01/2024,13:10:45,1057.1,1103.05,200,1107.2,200,0,0
FINNIFTY02JAN2420250CE.NFO,02/01/2024,13:10:47,1057.1,1104.3,200,1107.25,200,0,0
FINNIFTY02JAN2420250CE.NFO,02/01/2024,13:10:48,1057.1,1104.95,40,1141.05,40,0,0
FINNIFTY02JAN2420250CE.NFO,02/01/2024,13:10:50,1057.1,1103.05,80,1139.95,40,0,0
FINNIFTY02JAN2420250CE.NFO,02/01/2024,13:10:52,1057.1,1103.95,200,1139.25,200,0,0
FINNIFTY02JAN2420250CE.NFO,02/01/2024,13:10:53,1057.1,1071.6,760,1138.45,40,0,0
FINNIFTY02JAN2420250CE.NFO,02/01/2024,13:10:55,1057.1,1072.8,40,1137.3,160,0,0
FINNIFTY02JAN2420250CE.NFO,02/01/2024,13:10:57,1057.1,1074.2,200,1135.85,320,0,0
FINNIFTY02JAN2420250CE.NFO,02/01/2024,13:10:58,1057.1,1075.45,120,1134.95,200,0,0
FINNIFTY02JAN2420250CE.NFO,02/01/2024,13:11:00,1057.1,1077.1,40,1133.65,320,0,0
FINNIFTY02JAN2420250CE.NFO,02/01/2024,13:11:02,1057.1,1078.55,200,1132.2,200,0,0
FINNIFTY02JAN2420250CE.NFO,02/01/2024,13:11:03,1057.1,1079.95,40,1131.15,40,0,0
FINNIFTY02JAN2420250CE.NFO,02/01/2024,13:11:05,1057.1,1081.85,40,1129.35,40,0,0
FINNIFTY02JAN2420250CE.NFO,02/01/2024,13:11:07,1057.1,1083.35,200,1127.75,200,0,0
FINNIFTY02JAN2420250CE.NFO,02/01/2024,13:11:08,1057.1,1084.25,40,1126.85,120,0,0
FINNIFTY02JAN2420250CE.NFO,02/01/2024,13:11:10,1057.1,1085.55,80,1125.7,120,0,0
FINNIFTY02JAN2420250CE.NFO,02/01/2024,13:11:12,1057.1,1086.65,80,1124.7,80,0,0
FINNIFTY02JAN2420250CE.NFO,02/01/2024,13:11:13,1057.1,1087.75,40,1123.65,40,0,0
FINNIFTY02JAN2420250CE.NFO,02/01/2024,13:11:15,1057.1,1089.35,40,1122.1,40,0,0
FINNIFTY02JAN2420250CE.NFO,02/01/2024,13:11:17,1057.1,1090.85,200,1120.65,280,0,0
FINNIFTY02JAN2420250CE.NFO,02/01/2024,13:11:18,1057.1,1092.55,40,1119.15,120,0,0
FINNIFTY02JAN2420250CE.NFO,02/01/2024,13:11:20,1057.1,1094.1,80,1117.9,160,0,0
FINNIFTY02JAN2420250CE.NFO,02/01/2024,13:11:22,1057.1,1095.6,200,1116.55,400,0,0
FINNIFTY02JAN2420250CE.NFO,02/01/2024,13:11:23,1057.1,1096.6,40,1115.5,120,0,0
FINNIFTY02JAN2420250CE.NFO,02/01/2024,13:11:25,1057.1,1098.05,40,1114.2,80,0,0
FINNIFTY02JAN2420250CE.NFO,02/01/2024,13:11:27,1057.1,1099.6,40,1112.85,120,0,0
FINNIFTY02JAN2420250CE.NFO,02/01/2024,13:11:28,1057.1,1100.45,40,1111.6,80,0,0
FINNIFTY02JAN2420250CE.NFO,02/01/2024,13:11:30,1057.1,1101.6,40,1109.9,40,0,0
FINNIFTY02JAN2420250CE.NFO,02/01/2024,13:11:32,1057.1,1099.05,40,1108.05,40,0,0
FINNIFTY02JAN2420250CE.NFO,02/01/2024,13:11:33,1057.1,1099.5,40,1107.3,120,0,0
FINNIFTY02JAN2420250CE.NFO,02/01/2024,13:11:35,1057.1,1100.1,80,1105.9,120,0,0
FINNIFTY02JAN2420250CE.NFO,02/01/2024,13:11:37,1057.1,1098.85,200,1104.9,280,0,0
FINNIFTY02JAN2420250CE.NFO,02/01/2024,13:11:38,1057.1,1099.05,80,1103.85,120,0,0
FINNIFTY02JAN2420250CE.NFO,02/01/2024,13:11:40,1057.1,1071.35,200,1103.2,120,0,0
FINNIFTY02JAN2420250CE.NFO,02/01/2024,13:11:42,1057.1,1072.25,40,1103.05,200,0,0
FINNIFTY02JAN2420250CE.NFO,02/01/2024,13:11:43,1057.1,1073.15,40,1102.85,200,0,0
FINNIFTY02JAN2420250CE.NFO,02/01/2024,13:11:45,1057.1,1074.8,80,1141.05,40,0,0
FINNIFTY02JAN2420250CE.NFO,02/01/2024,13:11:47,1057.1,1076.1,200,1139.65,80,0,0
FINNIFTY02JAN2420250CE.NFO,02/01/2024,13:11:48,1057.1,1077.25,40,1138.7,120,0,0
FINNIFTY02JAN2420250CE.NFO,02/01/2024,13:11:50,1057.1,1078.5,200,1137.6,320,0,0
FINNIFTY02JAN2420250CE.NFO,02/01/2024,13:11:52,1057.1,1080.2,200,1135.8,80,0,0
FINNIFTY02JAN2420250CE.NFO,02/01/2024,13:11:53,1057.1,1081.35,40,1134.55,120,0,0
FINNIFTY02JAN2420250CE.NFO,02/01/2024,13:11:55,1057.1,1082.7,40,1133.3,40,0,0
FINNIFTY02JAN2420250CE.NFO,02/01/2024,13:11:57,1057.1,1083.85,40,1132.3,240,0,0
FINNIFTY02JAN2420250CE.NFO,02/01/2024,13:11:58,1057.1,1084.95,40,1131.55,240,0,0
FINNIFTY02JAN2420250CE.NFO,02/01/2024,13:12:00,1057.1,1086.05,40,1130.5,80,0,0
FINNIFTY02JAN2420250CE.NFO,02/01/2024,13:12:02,1057.1,1087.3,200,1129.3,520,0,0
FINNIFTY02JAN2420250CE.NFO,02/01/2024,13:12:03,1057.1,1088.55,80,1128.35,80,0,0
FINNIFTY02JAN2420250CE.NFO,02/01/2024,13:12:05,1057.1,1089.95,80,1127.35,200,0,0
FINNIFTY02JAN2420250CE.NFO,02/01/2024,13:12:07,1057.1,1091.3,200,1126.25,400,0,0
FINNIFTY02JAN2420250CE.NFO,02/01/2024,13:12:08,1057.1,1092.6,80,1124.9,120,0,0
FINNIFTY02JAN2420250CE.NFO,02/01/2024,13:12:10,1057.1,1093.85,40,1123.95,120,0,0
FINNIFTY02JAN2420250CE.NFO,02/01/2024,13:12:12,1057.1,1095.1,40,1122.8,120,0,0
FINNIFTY02JAN2420250CE.NFO,02/01/2024,13:12:13,1057.1,1096,40,1122.15,120,0,0
FINNIFTY02JAN2420250CE.NFO,02/01/2024,13:12:15,1057.1,1097.25,40,1121.05,400,0,0
FINNIFTY02JAN2420250CE.NFO,02/01/2024,13:12:17,1057.1,1098.9,200,1119.4,200,0,0
FINNIFTY02JAN2420250CE.NFO,02/01/2024,13:12:18,1057.1,1100.05,120,1117.9,120,0,0
FINNIFTY02JAN2420250CE.NFO,02/01/2024,13:12:20,1057.1,1101.2,40,1116.05,40,0,0
FINNIFTY02JAN2420250CE.NFO,02/01/2024,13:12:22,1057.1,1101.3,40,1114.3,120,0,0
FINNIFTY02JAN2420250CE.NFO,02/01/2024,13:12:23,1057.1,1072.4,40,1113,120,0,0
FINNIFTY02JAN2420250CE.NFO,02/01/2024,13:12:25,1057.1,1073.55,200,1111.85,320,0,0
