Ticker,Date,Time,LTP,BuyPrice,BuyQty,SellPrice,SellQty,LTQ,OpenInterest
FINNIFTY02JAN2419100PE.NFO,02/01/2024,09:15:15,0.25,0.15,10800,0.4,400,400,19800
FINNIFTY02JAN2419100PE.NFO,02/01/2024,09:15:15,0.25,0.15,10800,0.4,400,0,19800
FINNIFTY02JAN2419100PE.NFO,02/01/2024,09:15:15,0.25,0.15,10800,0.4,400,0,19800
FINNIFTY02JAN2419100PE.NFO,02/01/2024,09:15:15,0.25,0.15,10800,0.4,400,0,19800
FINNIFTY02JAN2419100PE.NFO,02/01/2024,09:15:27,0.25,0.15,12520,0.25,2720,0,19800
FINNIFTY02JAN2419100PE.NFO,02/01/2024,09:16:11,0.25,0.15,13640,0.25,1160,1800,19800
FINNIFTY02JAN2419100PE.NFO,02/01/2024,09:16:21,0.2,0.2,1800,0.3,2840,1640,19800
FINNIFTY02JAN2419100PE.NFO,02/01/2024,09:16:21,0.2,0.2,1800,0.3,2840,0,19800
FINNIFTY02JAN2419100PE.NFO,02/01/2024,09:16:31,0.2,0.2,2280,0.3,960,0,19800
FINNIFTY02JAN2419100PE.NFO,02/01/2024,09:16:40,0.2,0.2,2080,0.3,960,200,19800
FINNIFTY02JAN2419100PE.NFO,02/01/2024,09:16:50,0.2,0.2,2080,0.3,1040,0,19800
FINNIFTY02JAN2419100PE.NFO,02/01/2024,09:17:00,0.2,0.2,1840,0.3,1080,240,19800
FINNIFTY02JAN2419100PE.NFO,02/01/2024,09:17:10,0.2,0.2,1840,0.3,1080,0,19800
FINNIFTY02JAN2419100PE.NFO,02/01/2024,09:17:48,0.2,0.2,1160,0.3,1080,680,16600
FINNIFTY02JAN2419100PE.NFO,02/01/2024,09:17:57,0.2,0.2,4160,0.3,1080,0,16600
FINNIFTY02JAN2419100PE.NFO,02/01/2024,09:18:07,0.2,0.2,8160,0.3,1080,0,16600
FINNIFTY02JAN2419100PE.NFO,02/01/2024,09:18:55,0.2,0.2,8160,0.3,2880,0,16600
FINNIFTY02JAN2419100PE.NFO,02/01/2024,09:19:25,0.2,0.2,8160,0.3,4080,0,16600
FINNIFTY02JAN2419100PE.NFO,02/01/2024,09:20:05,0.2,0.2,9560,0.3,4080,0,16600
FINNIFTY02JAN2419100PE.NFO,02/01/2024,09:21:14,0.2,0.2,9920,0.3,4080,440,16600
FINNIFTY02JAN2419100PE.NFO,02/01/2024,09:21:24,0.25,0.2,9960,0.3,3280,120,16600
FINNIFTY02JAN2419100PE.NFO,02/01/2024,09:21:35,0.2,0.2,9480,0.3,3840,480,16600
FINNIFTY02JAN2419100PE.NFO,02/01/2024,09:21:45,0.2,0.2,9480,0.3,3760,0,16600
FINNIFTY02JAN2419100PE.NFO,02/01/2024,09:22:18,0.2,0.2,9480,0.25,1160,0,16600
FINNIFTY02JAN2419100PE.NFO,02/01/2024,09:23:09,0.2,0.2,9200,0.25,1160,1000,16600
FINNIFTY02JAN2419100PE.NFO,02/01/2024,09:23:18,0.2,0.2,9200,0.25,2960,0,16600
FINNIFTY02JAN2419100PE.NFO,02/01/2024,09:23:37,0.25,0.2,9160,0.25,2720,280,16000
FINNIFTY02JAN2419100PE.NFO,02/01/2024,09:23:46,0.25,0.2,9160,0.25,2720,0,16000
FINNIFTY02JAN2419100PE.NFO,02/01/2024,09:23:56,0.25,0.2,9160,0.25,2520,200,16000
FINNIFTY02JAN2419100PE.NFO,02/01/2024,09:24:05,0.25,0.2,9160,0.25,2040,480,16000
FINNIFTY02JAN2419100PE.NFO,02/01/2024,09:24:14,0.25,0.2,9160,0.25,1960,80,16000
FINNIFTY02JAN2419100PE.NFO,02/01/2024,09:24:24,0.25,0.2,9160,0.25,1880,80,16000
FINNIFTY02JAN2419100PE.NFO,02/01/2024,09:24:54,0.25,0.2,9160,0.25,2240,120,16000
FINNIFTY02JAN2419100PE.NFO,02/01/2024,09:25:04,0.25,0.2,9160,0.25,1960,280,16000
FINNIFTY02JAN2419100PE.NFO,02/01/2024,09:25:15,0.25,0.2,9160,0.25,1880,80,16000
FINNIFTY02JAN2419100PE.NFO,02/01/2024,09:25:26,0.25,0.2,9160,0.25,1520,360,16000
FINNIFTY02JAN2419100PE.NFO,02/01/2024,09:25:36,0.25,0.2,9160,0.25,960,560,16000
FINNIFTY02JAN2419100PE.NFO,02/01/2024,09:25:46,0.25,0.2,8760,0.3,2520,1760,16000
FINNIFTY02JAN2419100PE.NFO,02/01/2024,09:25:55,0.25,0.2,9160,0.3,2520,1200,16000
FINNIFTY02JAN2419100PE.NFO,02/01/2024,09:26:05,0.25,0.2,8720,0.3,2520,1720,16000
FINNIFTY02JAN2419100PE.NFO,02/01/2024,09:26:15,0.25,0.2,8800,0.3,2520,920,16000
FINNIFTY02JAN2419100PE.NFO,02/01/2024,09:26:25,0.25,0.2,8520,0.3,2440,1920,16000
FINNIFTY02JAN2419100PE.NFO,02/01/2024,09:26:25,0.3,0.2,8520,0.3,2440,0,16000
FINNIFTY02JAN2419100PE.NFO,02/01/2024,09:26:35,0.25,0.2,8440,0.3,2440,0,16000
FINNIFTY02JAN2419100PE.NFO,02/01/2024,09:26:46,0.2,0.2,8040,0.3,2520,400,22480
FINNIFTY02JAN2419100PE.NFO,02/01/2024,09:26:57,0.2,0.2,6840,0.3,2600,1200,22480
FINNIFTY02JAN2419100PE.NFO,02/01/2024,09:27:07,0.2,0.2,6840,0.25,120,0,22480
FINNIFTY02JAN2419100PE.NFO,02/01/2024,09:27:17,0.2,0.2,6600,0.3,2600,240,22480
FINNIFTY02JAN2419100PE.NFO,02/01/2024,09:27:27,0.2,0.2,6600,0.3,2440,0,22480
FINNIFTY02JAN2419100PE.NFO,02/01/2024,09:27:47,0.2,0.2,6600,0.3,2520,0,22480
FINNIFTY02JAN2419100PE.NFO,02/01/2024,09:28:17,0.25,0.2,6600,0.3,2640,800,22480
FINNIFTY02JAN2419100PE.NFO,02/01/2024,09:28:28,0.25,0.2,6600,0.3,2640,1080,22480
FINNIFTY02JAN2419100PE.NFO,02/01/2024,09:28:54,0.25,0.2,6600,0.3,2640,800,22480
FINNIFTY02JAN2419100PE.NFO,02/01/2024,09:29:05,0.25,0.2,7000,0.3,2640,1720,22480
FINNIFTY02JAN2419100PE.NFO,02/01/2024,09:29:15,0.25,0.2,7000,0.3,4440,0,22480
FINNIFTY02JAN2419100PE.NFO,02/01/2024,09:30:58,0.25,0.2,6640,0.3,4440,520,25000
FINNIFTY02JAN2419100PE.NFO,02/01/2024,09:31:10,0.25,0.2,6600,0.3,4440,0,25000
FINNIFTY02JAN2419100PE.NFO,02/01/2024,09:31:20,0.25,0.2,7000,0.3,4440,280,25000
FINNIFTY02JAN2419100PE.NFO,02/01/2024,09:32:08,0.25,0.25,360,0.3,4440,40,25000
FINNIFTY02JAN2419100PE.NFO,02/01/2024,09:32:18,0.3,0.2,7040,0.3,4520,360,25000
FINNIFTY02JAN2419100PE.NFO,02/01/2024,09:32:37,0.3,0.2,7040,0.3,4520,0,25000
FINNIFTY02JAN2419100PE.NFO,02/01/2024,09:32:48,0.25,0.25,1080,0.3,4520,320,25880
FINNIFTY02JAN2419100PE.NFO,02/01/2024,09:32:57,0.25,0.25,600,0.3,5400,480,25880
FINNIFTY02JAN2419100PE.NFO,02/01/2024,09:33:07,0.25,0.2,7080,0.3,5400,600,25880
FINNIFTY02JAN2419100PE.NFO,02/01/2024,09:33:17,0.25,0.2,7080,0.3,5680,0,25880
FINNIFTY02JAN2419100PE.NFO,02/01/2024,09:33:26,0.3,0.2,6760,0.3,5560,120,25880
FINNIFTY02JAN2419100PE.NFO,02/01/2024,09:33:36,0.3,0.2,7160,0.3,5520,120,25880
FINNIFTY02JAN2419100PE.NFO,02/01/2024,09:33:45,0.3,0.25,280,0.3,7480,120,25880
FINNIFTY02JAN2419100PE.NFO,02/01/2024,09:33:55,0.25,0.2,7400,0.25,2080,280,25880
FINNIFTY02JAN2419100PE.NFO,02/01/2024,09:34:05,0.25,0.2,7400,0.25,1960,120,25880
FINNIFTY02JAN2419100PE.NFO,02/01/2024,09:34:14,0.25,0.2,7400,0.25,1960,0,25880
FINNIFTY02JAN2419100PE.NFO,02/01/2024,09:34:23,0.25,0.2,8320,0.25,1960,0,25880
FINNIFTY02JAN2419100PE.NFO,02/01/2024,09:34:41,0.25,0.2,7400,0.25,2520,0,25880
FINNIFTY02JAN2419100PE.NFO,02/01/2024,09:34:59,0.25,0.2,7400,0.25,2400,120,25880
FINNIFTY02JAN2419100PE.NFO,02/01/2024,09:35:08,0.25,0.2,7400,0.25,2280,120,25880
FINNIFTY02JAN2419100PE.NFO,02/01/2024,09:35:27,0.25,0.2,7400,0.25,2160,120,25880
FINNIFTY02JAN2419100PE.NFO,02/01/2024,09:35:46,0.25,0.2,7400,0.25,1880,280,27440
FINNIFTY02JAN2419100PE.NFO,02/01/2024,09:35:56,0.25,0.2,7400,0.25,1880,0,27440
FINNIFTY02JAN2419100PE.NFO,02/01/2024,09:36:24,0.25,0.2,7400,0.25,1640,240,27440
FINNIFTY02JAN2419100PE.NFO,02/01/2024,09:36:33,0.25,0.2,7400,0.25,1520,120,27440
FINNIFTY02JAN2419100PE.NFO,02/01/2024,09:36:51,0.25,0.2,7400,0.25,1400,120,27440
FINNIFTY02JAN2419100PE.NFO,02/01/2024,09:38:38,0.25,0.2,7400,0.25,1400,0,27440
FINNIFTY02JAN2419100PE.NFO,02/01/2024,09:38:48,0.25,0.2,7400,0.25,880,520,28200
FINNIFTY02JAN2419100PE.NFO,02/01/2024,09:39:07,0.25,0.2,7400,0.25,880,0,28200
FINNIFTY02JAN2419100PE.NFO,02/01/2024,09:40:26,0.25,0.2,7400,0.25,760,120,28200
FINNIFTY02JAN2419100PE.NFO,02/01/2024,09:40:47,0.25,0.2,7400,0.25,760,0,28200
FINNIFTY02JAN2419100PE.NFO,02/01/2024,09:42:44,0.25,0.2,7400,0.25,3440,0,28200
FINNIFTY02JAN2419100PE.NFO,02/01/2024,09:46:04,0.25,0.2,7400,0.25,3320,120,28120
FINNIFTY02JAN2419100PE.NFO,02/01/2024,09:46:14,0.25,0.2,7400,0.25,3320,280,28120
FINNIFTY02JAN2419100PE.NFO,02/01/2024,09:46:24,0.25,0.2,7400,0.25,3320,0,28120
FINNIFTY02JAN2419100PE.NFO,02/01/2024,09:46:33,0.25,0.2,7400,0.25,3200,120,28120
FINNIFTY02JAN2419100PE.NFO,02/01/2024,09:51:18,0.25,0.2,7400,0.25,3200,0,28120
FINNIFTY02JAN2419100PE.NFO,02/01/2024,09:53:27,0.25,0.2,7400,0.25,3160,40,28440
FINNIFTY02JAN2419100PE.NFO,02/01/2024,09:53:46,0.25,0.2,7400,0.25,3160,0,28440
FINNIFTY02JAN2419100PE.NFO,02/01/2024,09:56:03,0.2,0.2,7120,0.25,3160,280,28480
FINNIFTY02JAN2419100PE.NFO,02/01/2024,09:56:41,0.2,0.2,7120,0.25,3160,0,28480
FINNIFTY02JAN2419100PE.NFO,02/01/2024,09:56:53,0.2,0.2,6000,0.25,3160,680,28200
FINNIFTY02JAN2419100PE.NFO,02/01/2024,09:57:04,0.2,0.2,6000,0.25,3160,0,28200
FINNIFTY02JAN2419100PE.NFO,02/01/2024,09:58:05,0.2,0.2,5800,0.25,3160,200,28200
FINNIFTY02JAN2419100PE.NFO,02/01/2024,09:58:16,0.2,0.2,5800,0.25,3160,0,28200
FINNIFTY02JAN2419100PE.NFO,02/01/2024,09:58:28,0.2,0.2,5600,0.25,3160,200,28200
FINNIFTY02JAN2419100PE.NFO,02/01/2024,09:58:41,0.2,0.2,5600,0.25,3160,0,28200
FINNIFTY02JAN2419100PE.NFO,02/01/2024,10:00:10,0.2,0.2,5400,0.25,3160,200,27760
FINNIFTY02JAN2419100PE.NFO,02/01/2024,10:00:22,0.2,0.2,5200,0.25,3160,200,27760
FINNIFTY02JAN2419100PE.NFO,02/01/2024,10:00:47,0.2,0.2,5200,0.25,3160,0,27760
FINNIFTY02JAN2419100PE.NFO,02/01/2024,10:01:51,0.2,0.2,4800,0.25,3160,400,27760
FINNIFTY02JAN2419100PE.NFO,02/01/2024,10:02:02,0.2,0.2,4200,0.25,3160,600,27760
FINNIFTY02JAN2419100PE.NFO,02/01/2024,10:02:43,0.2,0.2,4200,0.25,3160,0,27760
FINNIFTY02JAN2419100PE.NFO,02/01/2024,10:03:14,0.2,0.2,4800,0.25,3160,0,27760
FINNIFTY02JAN2419100PE.NFO,02/01/2024,10:03:50,0.2,0.2,4520,0.25,3160,280,27760
FINNIFTY02JAN2419100PE.NFO,02/01/2024,10:04:00,0.2,0.2,4520,0.25,3160,0,27760
FINNIFTY02JAN2419100PE.NFO,02/01/2024,10:04:20,0.2,0.2,4320,0.25,3160,200,27760
FINNIFTY02JAN2419100PE.NFO,02/01/2024,10:04:51,0.2,0.2,4320,0.25,3160,0,27760
FINNIFTY02JAN2419100PE.NFO,02/01/2024,10:05:02,0.2,0.2,4120,0.25,3160,200,27760
FINNIFTY02JAN2419100PE.NFO,02/01/2024,10:05:22,0.2,0.2,3920,0.25,3160,200,27760
FINNIFTY02JAN2419100PE.NFO,02/01/2024,10:05:43,0.2,0.2,2760,0.25,3160,1160,27560
FINNIFTY02JAN2419100PE.NFO,02/01/2024,10:05:53,0.2,0.2,2760,0.25,3160,0,27560
FINNIFTY02JAN2419100PE.NFO,02/01/2024,10:08:08,0.2,0.2,40,0.25,3160,2720,27560
FINNIFTY02JAN2419100PE.NFO,02/01/2024,10:08:18,0.2,0.15,13080,0.25,5040,80,27560
FINNIFTY02JAN2419100PE.NFO,02/01/2024,10:08:28,0.2,0.15,13080,0.2,1480,0,27560
FINNIFTY02JAN2419100PE.NFO,02/01/2024,10:08:38,0.2,0.15,13080,0.2,520,920,27560
FINNIFTY02JAN2419100PE.NFO,02/01/2024,10:08:48,0.2,0.15,13080,0.2,520,0,27560
FINNIFTY02JAN2419100PE.NFO,02/01/2024,10:08:57,0.2,0.15,13080,0.2,560,0,27560
FINNIFTY02JAN2419100PE.NFO,02/01/2024,10:09:08,0.2,0.15,13080,0.2,360,200,28200
FINNIFTY02JAN2419100PE.NFO,02/01/2024,10:09:18,0.2,0.15,13080,0.2,320,0,28200
FINNIFTY02JAN2419100PE.NFO,02/01/2024,10:09:28,0.2,0.15,13080,0.2,360,0,28200
FINNIFTY02JAN2419100PE.NFO,02/01/2024,10:09:37,0.2,0.15,13080,0.2,320,0,28200
FINNIFTY02JAN2419100PE.NFO,02/01/2024,10:13:44,0.2,0.15,13120,0.2,320,0,28200
FINNIFTY02JAN2419100PE.NFO,02/01/2024,10:13:54,0.2,0.15,13680,0.25,3800,1000,28000
FINNIFTY02JAN2419100PE.NFO,02/01/2024,10:14:04,0.2,0.15,13680,0.2,600,0,28000
FINNIFTY02JAN2419100PE.NFO,02/01/2024,10:15:04,0.2,0.15,13680,0.25,3800,0,28000
FINNIFTY02JAN2419100PE.NFO,02/01/2024,10:21:12,0.2,0.15,13120,0.25,3800,80,27200
FINNIFTY02JAN2419100PE.NFO,02/01/2024,10:21:52,0.2,0.15,13120,0.2,400,0,27200
FINNIFTY02JAN2419100PE.NFO,02/01/2024,10:22:01,0.2,0.15,13120,0.2,1520,0,27200
FINNIFTY02JAN2419100PE.NFO,02/01/2024,10:22:11,0.2,0.15,13120,0.25,3800,0,27200
FINNIFTY02JAN2419100PE.NFO,02/01/2024,10:25:57,0.2,0.15,13120,0.25,3000,760,27200
FINNIFTY02JAN2419100PE.NFO,02/01/2024,10:26:07,0.2,0.15,13120,0.25,3240,680,27200
FINNIFTY02JAN2419100PE.NFO,02/01/2024,10:26:19,0.2,0.15,13120,0.25,5040,0,27200
FINNIFTY02JAN2419100PE.NFO,02/01/2024,10:26:31,0.25,0.15,13120,0.25,5000,160,27200
FINNIFTY02JAN2419100PE.NFO,02/01/2024,10:26:42,0.2,0.2,80,0.25,4520,1080,28560
FINNIFTY02JAN2419100PE.NFO,02/01/2024,10:26:54,0.25,0.15,13120,0.25,5960,360,28560
FINNIFTY02JAN2419100PE.NFO,02/01/2024,10:27:05,0.25,0.15,13080,0.25,5960,0,28560
FINNIFTY02JAN2419100PE.NFO,02/01/2024,10:27:15,0.25,0.15,13080,0.25,7760,0,28560
FINNIFTY02JAN2419100PE.NFO,02/01/2024,10:27:36,0.2,0.15,16600,0.25,7760,80,28560
FINNIFTY02JAN2419100PE.NFO,02/01/2024,10:27:47,0.2,0.15,16600,0.2,640,0,28560
FINNIFTY02JAN2419100PE.NFO,02/01/2024,10:27:57,0.2,0.15,16600,0.25,5960,0,28560
FINNIFTY02JAN2419100PE.NFO,02/01/2024,10:28:08,0.2,0.2,80,0.25,5960,0,28560
FINNIFTY02JAN2419100PE.NFO,02/01/2024,10:28:18,0.25,0.15,15960,0.25,5880,80,28560
FINNIFTY02JAN2419100PE.NFO,02/01/2024,10:29:28,0.25,0.15,16640,0.25,5600,280,28560
FINNIFTY02JAN2419100PE.NFO,02/01/2024,10:30:22,0.25,0.15,15960,0.25,5520,80,30000
FINNIFTY02JAN2419100PE.NFO,02/01/2024,10:30:33,0.25,0.15,15960,0.25,5440,80,30000
FINNIFTY02JAN2419100PE.NFO,02/01/2024,10:30:44,0.25,0.15,15960,0.25,5840,0,30000
FINNIFTY02JAN2419100PE.NFO,02/01/2024,10:31:04,0.25,0.15,16000,0.25,5840,0,30000
FINNIFTY02JAN2419100PE.NFO,02/01/2024,10:31:55,0.25,0.15,16000,0.25,5720,120,30000
FINNIFTY02JAN2419100PE.NFO,02/01/2024,10:32:05,0.25,0.2,280,0.25,5600,120,30000
FINNIFTY02JAN2419100PE.NFO,02/01/2024,10:32:16,0.25,0.15,16000,0.25,5320,280,30000
FINNIFTY02JAN2419100PE.NFO,02/01/2024,10:34:33,0.25,0.15,16000,0.2,440,0,30000
FINNIFTY02JAN2419100PE.NFO,02/01/2024,10:34:43,0.25,0.15,16000,0.2,400,0,30000
FINNIFTY02JAN2419100PE.NFO,02/01/2024,10:34:53,0.25,0.15,14200,0.2,440,0,30000
FINNIFTY02JAN2419100PE.NFO,02/01/2024,10:35:13,0.25,0.15,14200,0.2,400,0,30000
FINNIFTY02JAN2419100PE.NFO,02/01/2024,10:35:33,0.25,0.15,14200,0.2,440,0,30000
FINNIFTY02JAN2419100PE.NFO,02/01/2024,10:35:43,0.25,0.15,14200,0.2,400,0,30000
FINNIFTY02JAN2419100PE.NFO,02/01/2024,10:35:53,0.25,0.15,14200,0.2,440,0,30000
FINNIFTY02JAN2419100PE.NFO,02/01/2024,10:36:13,0.25,0.15,14200,0.2,400,0,30000
FINNIFTY02JAN2419100PE.NFO,02/01/2024,10:36:25,0.25,0.15,14200,0.2,440,0,30000
FINNIFTY02JAN2419100PE.NFO,02/01/2024,10:36:49,0.25,0.15,14200,0.2,400,0,30000
FINNIFTY02JAN2419100PE.NFO,02/01/2024,10:38:27,0.25,0.15,14200,0.2,440,0,30000
FINNIFTY02JAN2419100PE.NFO,02/01/2024,10:38:37,0.25,0.15,14200,0.2,400,0,30000
FINNIFTY02JAN2419100PE.NFO,02/01/2024,10:40:17,0.25,0.15,14200,0.25,4920,0,30000
FINNIFTY02JAN2419100PE.NFO,02/01/2024,10:42:03,0.15,0.15,12760,0.25,4920,1440,30680
FINNIFTY02JAN2419100PE.NFO,02/01/2024,10:42:03,0.15,0.15,12760,0.25,4920,0,30680
FINNIFTY02JAN2419100PE.NFO,02/01/2024,10:42:24,0.15,0.15,12760,0.2,1440,0,30680
FINNIFTY02JAN2419100PE.NFO,02/01/2024,10:42:45,0.15,0.15,12760,0.2,1880,0,30680
FINNIFTY02JAN2419100PE.NFO,02/01/2024,10:43:06,0.15,0.15,12720,0.2,1880,0,30680
FINNIFTY02JAN2419100PE.NFO,02/01/2024,10:47:01,0.2,0.15,12720,0.2,1680,200,30680
FINNIFTY02JAN2419100PE.NFO,02/01/2024,10:47:12,0.2,0.15,12720,0.2,1680,0,30680
FINNIFTY02JAN2419100PE.NFO,02/01/2024,10:52:06,0.2,0.15,9840,0.2,1680,0,30680
FINNIFTY02JAN2419100PE.NFO,02/01/2024,11:01:14,0.2,0.15,13440,0.2,1680,0,30680
FINNIFTY02JAN2419100PE.NFO,02/01/2024,11:07:39,0.2,0.15,13080,0.2,1680,0,30680
FINNIFTY02JAN2419100PE.NFO,02/01/2024,11:09:30,0.15,0.15,13000,0.2,1680,80,30480
FINNIFTY02JAN2419100PE.NFO,02/01/2024,11:09:49,0.15,0.15,13000,0.2,1680,0,30480
FINNIFTY02JAN2419100PE.NFO,02/01/2024,11:09:58,0.15,0.15,13000,0.2,1760,0,30480
FINNIFTY02JAN2419100PE.NFO,02/01/2024,11:12:06,0.2,0.15,13000,0.2,1560,200,30560
FINNIFTY02JAN2419100PE.NFO,02/01/2024,11:13:20,0.2,0.15,13000,0.2,1360,200,30560
FINNIFTY02JAN2419100PE.NFO,02/01/2024,11:13:41,0.2,0.15,13000,0.2,1360,0,30560
FINNIFTY02JAN2419100PE.NFO,02/01/2024,11:14:57,0.2,0.15,13040,0.2,1360,0,30560
FINNIFTY02JAN2419100PE.NFO,02/01/2024,11:15:07,0.2,0.15,11880,0.2,80,1160,30160
FINNIFTY02JAN2419100PE.NFO,02/01/2024,11:15:27,0.2,0.15,11880,0.25,4160,80,30160
FINNIFTY02JAN2419100PE.NFO,02/01/2024,11:16:18,0.2,0.15,12560,0.25,4160,600,30160
FINNIFTY02JAN2419100PE.NFO,02/01/2024,11:18:39,0.2,0.15,12520,0.25,4200,0,30160
FINNIFTY02JAN2419100PE.NFO,02/01/2024,11:33:47,0.2,0.15,12520,0.25,2400,0,30160
FINNIFTY02JAN2419100PE.NFO,02/01/2024,11:35:36,0.15,0.15,12320,0.25,2400,200,29200
FINNIFTY02JAN2419100PE.NFO,02/01/2024,11:38:04,0.15,0.15,11720,0.25,2400,600,29400
FINNIFTY02JAN2419100PE.NFO,02/01/2024,11:38:14,0.15,0.15,10800,0.25,2400,920,29400
FINNIFTY02JAN2419100PE.NFO,02/01/2024,11:39:11,0.15,0.15,9920,0.25,2400,880,30600
FINNIFTY02JAN2419100PE.NFO,02/01/2024,11:39:20,0.15,0.15,9920,0.2,1120,0,30600
FINNIFTY02JAN2419100PE.NFO,02/01/2024,11:39:29,0.15,0.15,9040,0.2,3520,880,30600
FINNIFTY02JAN2419100PE.NFO,02/01/2024,11:40:51,0.15,0.15,9040,0.2,3080,0,30600
FINNIFTY02JAN2419100PE.NFO,02/01/2024,11:41:00,0.15,0.15,8600,0.2,3280,440,30600
FINNIFTY02JAN2419100PE.NFO,02/01/2024,11:41:09,0.15,0.15,8600,0.2,3520,0,30600
FINNIFTY02JAN2419100PE.NFO,02/01/2024,11:41:29,0.15,0.15,8600,0.2,3400,0,30600
FINNIFTY02JAN2419100PE.NFO,02/01/2024,11:41:49,0.15,0.15,5000,0.2,3400,0,30600
FINNIFTY02JAN2419100PE.NFO,02/01/2024,11:41:59,0.15,0.15,5000,0.2,3440,0,30600
FINNIFTY02JAN2419100PE.NFO,02/01/2024,11:42:38,0.2,0.15,5000,0.2,3200,240,32800
FINNIFTY02JAN2419100PE.NFO,02/01/2024,11:43:43,0.2,0.15,5000,0.2,3000,200,32800
FINNIFTY02JAN2419100PE.NFO,02/01/2024,11:44:02,0.2,0.15,5000,0.2,2800,200,32800
FINNIFTY02JAN2419100PE.NFO,02/01/2024,11:45:25,0.2,0.15,5000,0.2,2760,0,32800
FINNIFTY02JAN2419100PE.NFO,02/01/2024,11:45:35,0.2,0.15,5000,0.2,2800,0,32800
FINNIFTY02JAN2419100PE.NFO,02/01/2024,11:45:54,0.15,0.15,4800,0.2,2800,200,32160
FINNIFTY02JAN2419100PE.NFO,02/01/2024,11:46:03,0.15,0.15,4600,0.2,2800,200,32160
FINNIFTY02JAN2419100PE.NFO,02/01/2024,11:46:22,0.15,0.15,4400,0.2,2800,200,32160
FINNIFTY02JAN2419100PE.NFO,02/01/2024,11:46:41,0.15,0.15,4400,0.2,2800,0,32160
FINNIFTY02JAN2419100PE.NFO,02/01/2024,11:46:50,0.15,0.15,4200,0.2,2800,200,32160
FINNIFTY02JAN2419100PE.NFO,02/01/2024,11:47:59,0.15,0.15,4200,0.2,3600,0,32160
FINNIFTY02JAN2419100PE.NFO,02/01/2024,11:57:09,0.15,0.15,4200,0.2,3640,0,32160
FINNIFTY02JAN2419100PE.NFO,02/01/2024,11:58:19,0.2,0.15,4200,0.2,3680,40,32960
FINNIFTY02JAN2419100PE.NFO,02/01/2024,11:58:45,0.2,0.15,4200,0.2,3680,40,32960
FINNIFTY02JAN2419100PE.NFO,02/01/2024,11:59:02,0.2,0.15,4200,0.2,3680,0,32960
FINNIFTY02JAN2419100PE.NFO,02/01/2024,12:00:48,0.15,0.15,4000,0.2,3680,200,32960
FINNIFTY02JAN2419100PE.NFO,02/01/2024,12:04:21,0.15,0.15,4000,0.2,3720,0,32960
FINNIFTY02JAN2419100PE.NFO,02/01/2024,12:04:31,0.15,0.15,4000,0.2,3880,0,32960
FINNIFTY02JAN2419100PE.NFO,02/01/2024,12:08:45,0.15,0.15,4000,0.2,3800,0,32960
FINNIFTY02JAN2419100PE.NFO,02/01/2024,12:10:20,0.15,0.15,4000,0.2,3760,0,32960
FINNIFTY02JAN2419100PE.NFO,02/01/2024,12:13:36,0.15,0.15,4000,0.2,4160,0,32960
FINNIFTY02JAN2419100PE.NFO,02/01/2024,12:15:39,0.15,0.15,3600,0.2,4160,400,33160
FINNIFTY02JAN2419100PE.NFO,02/01/2024,12:15:49,0.15,0.15,1240,0.2,4160,0,33160
FINNIFTY02JAN2419100PE.NFO,02/01/2024,12:15:59,0.15,0.1,40920,0.2,1200,4640,33160
FINNIFTY02JAN2419100PE.NFO,02/01/2024,12:21:11,0.2,0.15,200,0.2,1800,200,30080
FINNIFTY02JAN2419100PE.NFO,02/01/2024,12:21:21,0.15,0.1,40080,0.2,1800,200,30080
FINNIFTY02JAN2419100PE.NFO,02/01/2024,12:23:40,0.15,0.15,200,0.2,1800,0,30080
FINNIFTY02JAN2419100PE.NFO,02/01/2024,12:23:48,0.15,0.15,120,0.2,1800,120,30080
FINNIFTY02JAN2419100PE.NFO,02/01/2024,12:23:57,0.15,0.1,40840,0.2,1800,80,30080
FINNIFTY02JAN2419100PE.NFO,02/01/2024,12:27:23,0.15,0.1,40840,0.2,1800,0,30080
FINNIFTY02JAN2419100PE.NFO,02/01/2024,12:27:49,0.15,0.1,40840,0.2,1840,0,30080
FINNIFTY02JAN2419100PE.NFO,02/01/2024,12:30:48,0.15,0.15,3240,0.2,1840,200,30200
FINNIFTY02JAN2419100PE.NFO,02/01/2024,12:30:57,0.15,0.15,3200,0.2,1840,40,30200
FINNIFTY02JAN2419100PE.NFO,02/01/2024,12:31:06,0.15,0.15,3200,0.2,1480,0,30200
FINNIFTY02JAN2419100PE.NFO,02/01/2024,12:31:15,0.15,0.15,1640,0.2,1480,0,30200
FINNIFTY02JAN2419100PE.NFO,02/01/2024,12:31:42,0.15,0.15,1480,0.2,1480,1800,30200
FINNIFTY02JAN2419100PE.NFO,02/01/2024,12:31:51,0.15,0.15,1200,0.2,1480,0,30200
FINNIFTY02JAN2419100PE.NFO,02/01/2024,12:33:57,0.15,0.1,42320,0.2,1480,1200,31840
FINNIFTY02JAN2419100PE.NFO,02/01/2024,12:34:06,0.15,0.15,600,0.2,1480,0,31840
FINNIFTY02JAN2419100PE.NFO,02/01/2024,12:34:14,0.15,0.1,42360,0.2,1480,0,31840
FINNIFTY02JAN2419100PE.NFO,02/01/2024,12:40:22,0.15,0.1,42400,0.2,1800,0,31840
FINNIFTY02JAN2419100PE.NFO,02/01/2024,12:43:01,0.15,0.1,43080,0.2,1800,240,33040
FINNIFTY02JAN2419100PE.NFO,02/01/2024,12:43:10,0.15,0.1,43080,0.15,200,200,33040
FINNIFTY02JAN2419100PE.NFO,02/01/2024,12:43:19,0.15,0.1,43280,0.2,1800,0,33040
FINNIFTY02JAN2419100PE.NFO,02/01/2024,12:43:28,0.15,0.15,1080,0.2,2520,0,33040
FINNIFTY02JAN2419100PE.NFO,02/01/2024,12:43:54,0.15,0.1,43720,0.15,3960,1080,33040
FINNIFTY02JAN2419100PE.NFO,02/01/2024,12:44:03,0.15,0.1,44040,0.15,3120,840,33040
FINNIFTY02JAN2419100PE.NFO,02/01/2024,12:44:29,0.15,0.1,44040,0.15,800,1640,33040
FINNIFTY02JAN2419100PE.NFO,02/01/2024,12:47:32,0.15,0.1,44040,0.15,1800,0,33040
FINNIFTY02JAN2419100PE.NFO,02/01/2024,12:47:59,0.15,0.1,36840,0.15,2760,0,33040
FINNIFTY02JAN2419100PE.NFO,02/01/2024,12:50:30,0.15,0.1,37080,0.15,2040,1000,32000
FINNIFTY02JAN2419100PE.NFO,02/01/2024,12:51:24,0.15,0.1,37080,0.15,2040,0,32000
FINNIFTY02JAN2419100PE.NFO,02/01/2024,12:51:34,0.15,0.1,37040,0.15,2040,0,32000
FINNIFTY02JAN2419100PE.NFO,02/01/2024,12:53:01,0.15,0.1,37040,0.15,2920,0,32000
FINNIFTY02JAN2419100PE.NFO,02/01/2024,12:58:11,0.15,0.1,29840,0.15,2920,0,32000
FINNIFTY02JAN2419100PE.NFO,02/01/2024,13:01:42,0.15,0.1,29840,0.15,2720,200,32000
FINNIFTY02JAN2419100PE.NFO,02/01/2024,13:02:47,0.1,0.1,29880,0.15,2720,40,32000
FINNIFTY02JAN2419100PE.NFO,02/01/2024,13:02:47,0.1,0.1,29880,0.15,2720,0,32000
FINNIFTY02JAN2419100PE.NFO,02/01/2024,13:02:57,0.1,0.1,29280,0.15,2920,0,32000
FINNIFTY02JAN2419100PE.NFO,02/01/2024,13:03:24,0.1,0.1,29200,0.15,2920,80,31840
FINNIFTY02JAN2419100PE.NFO,02/01/2024,13:04:04,0.1,0.1,31000,0.15,2920,0,31840
FINNIFTY02JAN2419100PE.NFO,02/01/2024,13:04:15,0.1,0.1,30960,0.15,2920,0,31840
FINNIFTY02JAN2419100PE.NFO,02/01/2024,13:06:51,0.1,0.1,30680,0.15,2920,280,31840
FINNIFTY02JAN2419100PE.NFO,02/01/2024,13:07:00,0.1,0.1,30680,0.15,2920,0,31840
FINNIFTY02JAN2419100PE.NFO,02/01/2024,13:07:09,0.1,0.1,23840,0.15,2920,0,31840
FINNIFTY02JAN2419100PE.NFO,02/01/2024,13:07:44,0.1,0.1,23520,0.15,2920,320,31840
FINNIFTY02JAN2419100PE.NFO,02/01/2024,13:08:40,0.1,0.1,23480,0.15,3240,40,31840
FINNIFTY02JAN2419100PE.NFO,02/01/2024,13:08:50,0.1,0.1,23160,0.15,3240,320,31840
FINNIFTY02JAN2419100PE.NFO,02/01/2024,13:10:37,0.1,0.1,22640,0.15,3240,520,32400
FINNIFTY02JAN2419100PE.NFO,02/01/2024,13:10:54,0.1,0.1,22640,0.15,4120,0,32400
FINNIFTY02JAN2419100PE.NFO,02/01/2024,13:11:57,0.1,0.1,21600,0.15,4120,1040,32400
FINNIFTY02JAN2419100PE.NFO,02/01/2024,13:12:14,0.1,0.1,21600,0.15,5080,0,32400
FINNIFTY02JAN2419100PE.NFO,02/01/2024,13:16:07,0.1,0.1,21520,0.15,5080,80,33960
FINNIFTY02JAN2419100PE.NFO,02/01/2024,13:16:51,0.1,0.1,12520,0.15,5080,0,33960
FINNIFTY02JAN2419100PE.NFO,02/01/2024,13:17:07,0.1,0.1,10440,0.15,5080,2080,33960
FINNIFTY02JAN2419100PE.NFO,02/01/2024,13:17:41,0.1,0.1,10440,0.15,7200,0,33960
FINNIFTY02JAN2419100PE.NFO,02/01/2024,13:17:50,0.1,0.1,10440,0.15,7280,0,33960
FINNIFTY02JAN2419100PE.NFO,02/01/2024,13:17:58,0.1,0.1,10440,0.15,7320,0,33960
FINNIFTY02JAN2419100PE.NFO,02/01/2024,13:18:14,0.1,0.1,4040,0.15,2920,4400,36040
FINNIFTY02JAN2419100PE.NFO,02/01/2024,13:18:32,0.1,0.1,4040,0.15,4720,0,36040
FINNIFTY02JAN2419100PE.NFO,02/01/2024,13:18:40,0.1,0.1,2080,0.15,4720,3640,36040
FINNIFTY02JAN2419100PE.NFO,02/01/2024,13:18:49,0.1,0.1,2040,0.15,4720,0,36040
FINNIFTY02JAN2419100PE.NFO,02/01/2024,13:18:58,0.1,0.1,2040,0.15,5640,0,36040
FINNIFTY02JAN2419100PE.NFO,02/01/2024,13:22:21,0.1,0.1,2040,0.15,3840,0,36040
FINNIFTY02JAN2419100PE.NFO,02/01/2024,13:22:30,0.1,0.1,480,0.15,3840,0,36040
FINNIFTY02JAN2419100PE.NFO,02/01/2024,13:22:47,0.1,0.1,600,0.15,5640,1400,36360
FINNIFTY02JAN2419100PE.NFO,02/01/2024,13:22:55,0.1,0.1,800,0.15,5640,40,36360
FINNIFTY02JAN2419100PE.NFO,02/01/2024,13:23:04,0.1,0.1,440,0.15,5640,320,36360
FINNIFTY02JAN2419100PE.NFO,02/01/2024,13:23:13,0.1,0.1,400,0.15,3840,240,36360
FINNIFTY02JAN2419100PE.NFO,02/01/2024,13:23:22,0.1,0.1,920,0.15,3840,160,36360
FINNIFTY02JAN2419100PE.NFO,02/01/2024,13:23:31,0.1,0.1,1040,0.15,3840,400,36360
FINNIFTY02JAN2419100PE.NFO,02/01/2024,13:23:40,0.1,0.1,1080,0.15,3840,640,36360
FINNIFTY02JAN2419100PE.NFO,02/01/2024,13:23:48,0.1,0.1,1040,0.15,3840,0,36360
FINNIFTY02JAN2419100PE.NFO,02/01/2024,13:24:39,0.1,0.1,1080,0.15,3840,0,36360
FINNIFTY02JAN2419100PE.NFO,02/01/2024,13:24:48,0.1,0.1,1080,0.15,3880,0,36360
FINNIFTY02JAN2419100PE.NFO,02/01/2024,13:25:06,0.1,0.1,1080,0.15,3840,0,36360
FINNIFTY02JAN2419100PE.NFO,02/01/2024,13:25:15,0.1,0.1,640,0.15,3880,2280,36480
FINNIFTY02JAN2419100PE.NFO,02/01/2024,13:25:25,0.1,0.1,640,0.15,3840,0,36480
FINNIFTY02JAN2419100PE.NFO,02/01/2024,13:25:34,0.1,0.1,640,0.15,3880,0,36480
FINNIFTY02JAN2419100PE.NFO,02/01/2024,13:25:43,0.1,0.1,640,0.15,3840,0,36480
FINNIFTY02JAN2419100PE.NFO,02/01/2024,13:26:35,0.1,0.1,600,0.15,3840,0,36480
FINNIFTY02JAN2419100PE.NFO,02/01/2024,13:29:51,0.1,0.1,200,0.15,3840,3000,38200
FINNIFTY02JAN2419100PE.NFO,02/01/2024,13:29:59,0.1,0.05,21120,0.15,3840,0,38200
FINNIFTY02JAN2419100PE.NFO,02/01/2024,13:30:59,0.05,0.1,40,0.15,3880,80,35880
FINNIFTY02JAN2419100PE.NFO,02/01/2024,13:30:59,0.05,0.1,40,0.15,3880,0,35880
FINNIFTY02JAN2419100PE.NFO,02/01/2024,13:31:08,0.05,0.1,200,0.15,3880,0,35880
FINNIFTY02JAN2419100PE.NFO,02/01/2024,13:31:17,0.05,0.05,21040,0.15,3840,0,35880
FINNIFTY02JAN2419100PE.NFO,02/01/2024,13:31:35,0.05,0.1,40,0.15,3840,0,35880
FINNIFTY02JAN2419100PE.NFO,02/01/2024,13:31:45,0.05,0.1,40,0.15,3880,0,35880
FINNIFTY02JAN2419100PE.NFO,02/01/2024,13:31:54,0.05,0.1,200,0.15,3840,0,35880
FINNIFTY02JAN2419100PE.NFO,02/01/2024,13:32:03,0.05,0.05,21520,0.15,3840,0,35880
FINNIFTY02JAN2419100PE.NFO,02/01/2024,13:32:57,0.05,0.1,200,0.15,3880,0,35880
FINNIFTY02JAN2419100PE.NFO,02/01/2024,13:33:06,0.05,0.1,40,0.15,3880,0,35880
FINNIFTY02JAN2419100PE.NFO,02/01/2024,13:33:15,0.1,0.1,400,0.15,3880,40,35880
FINNIFTY02JAN2419100PE.NFO,02/01/2024,13:33:23,0.1,0.1,400,0.15,3840,0,35880
FINNIFTY02JAN2419100PE.NFO,02/01/2024,13:33:50,0.1,0.1,360,0.15,3840,0,35880
FINNIFTY02JAN2419100PE.NFO,02/01/2024,13:34:17,0.1,0.05,21600,0.15,3840,480,35880
FINNIFTY02JAN2419100PE.NFO,02/01/2024,13:35:22,0.1,0.05,21200,0.15,3880,40,35880
FINNIFTY02JAN2419100PE.NFO,02/01/2024,13:35:31,0.1,0.05,21520,0.15,3840,360,35880
FINNIFTY02JAN2419100PE.NFO,02/01/2024,13:35:40,0.1,0.05,21520,0.15,3840,0,35880
FINNIFTY02JAN2419100PE.NFO,02/01/2024,13:35:58,0.1,0.05,21520,0.15,3880,0,35880
FINNIFTY02JAN2419100PE.NFO,02/01/2024,13:36:42,0.1,0.05,21520,0.15,3840,0,35880
FINNIFTY02JAN2419100PE.NFO,02/01/2024,13:36:51,0.1,0.05,21520,0.15,3880,0,35880
FINNIFTY02JAN2419100PE.NFO,02/01/2024,13:37:01,0.1,0.05,21520,0.15,3840,0,35880
FINNIFTY02JAN2419100PE.NFO,02/01/2024,13:37:10,0.1,0.05,21520,0.15,3880,0,35880
FINNIFTY02JAN2419100PE.NFO,02/01/2024,13:37:20,0.1,0.05,21640,0.15,5680,0,35880
FINNIFTY02JAN2419100PE.NFO,02/01/2024,13:41:04,0.1,0.05,21560,0.15,5680,0,35880
FINNIFTY02JAN2419100PE.NFO,02/01/2024,13:42:05,0.1,0.1,3040,0.15,5680,0,35880
FINNIFTY02JAN2419100PE.NFO,02/01/2024,13:46:01,0.1,0.1,1840,0.15,5680,0,35880
FINNIFTY02JAN2419100PE.NFO,02/01/2024,13:48:00,0.1,0.05,20360,0.15,3440,0,35880
FINNIFTY02JAN2419100PE.NFO,02/01/2024,13:48:26,0.1,0.1,2880,0.15,3440,0,35880
FINNIFTY02JAN2419100PE.NFO,02/01/2024,13:49:33,0.1,0.1,1640,0.15,3440,0,35880
FINNIFTY02JAN2419100PE.NFO,02/01/2024,13:51:00,0.1,0.1,1560,0.15,3440,0,35880
FINNIFTY02JAN2419100PE.NFO,02/01/2024,13:51:46,0.1,0.1,2840,0.15,3440,0,35880
FINNIFTY02JAN2419100PE.NFO,02/01/2024,13:52:22,0.15,0.1,2840,0.15,3200,240,36200
FINNIFTY02JAN2419100PE.NFO,02/01/2024,13:52:31,0.15,0.1,2760,0.15,3360,240,36200
FINNIFTY02JAN2419100PE.NFO,02/01/2024,13:52:41,0.15,0.1,2640,0.15,4520,640,36200
FINNIFTY02JAN2419100PE.NFO,02/01/2024,13:53:08,0.1,0.1,2240,0.15,4520,400,36200
FINNIFTY02JAN2419100PE.NFO,02/01/2024,13:53:18,0.1,0.1,840,0.15,4520,1600,36200
FINNIFTY02JAN2419100PE.NFO,02/01/2024,13:53:28,0.05,0.05,20320,0.1,2080,3480,36200
FINNIFTY02JAN2419100PE.NFO,02/01/2024,13:53:38,0.05,0.05,16480,0.1,2320,4000,36200
FINNIFTY02JAN2419100PE.NFO,02/01/2024,13:53:47,0.05,0.05,13680,0.1,2320,2800,36200
FINNIFTY02JAN2419100PE.NFO,02/01/2024,13:53:56,0.05,0.05,11680,0.1,2320,2000,36200
FINNIFTY02JAN2419100PE.NFO,02/01/2024,13:54:16,0.1,0.05,11680,0.1,2160,160,34400
FINNIFTY02JAN2419100PE.NFO,02/01/2024,13:54:25,0.1,0.1,1280,0.15,4520,2280,34400
FINNIFTY02JAN2419100PE.NFO,02/01/2024,13:54:34,0.15,0.1,1120,0.15,3160,1680,34400
FINNIFTY02JAN2419100PE.NFO,02/01/2024,13:54:44,0.15,0.1,1120,0.15,2400,1200,34400
FINNIFTY02JAN2419100PE.NFO,02/01/2024,13:54:53,0.1,0.05,11400,0.1,9960,1120,34400
FINNIFTY02JAN2419100PE.NFO,02/01/2024,13:55:12,0.1,0.05,11400,0.1,9960,0,34400
FINNIFTY02JAN2419100PE.NFO,02/01/2024,13:59:04,0.05,0.05,10200,0.1,10080,1200,34800
FINNIFTY02JAN2419100PE.NFO,02/01/2024,13:59:13,0.05,0.05,2320,0.1,2200,7400,34800
FINNIFTY02JAN2419100PE.NFO,02/01/2024,13:59:22,0.05,0.05,160,0.1,2200,7080,34800
FINNIFTY02JAN2419100PE.NFO,02/01/2024,13:59:30,0.05,0.05,160,0.1,2200,920,34800
FINNIFTY02JAN2419100PE.NFO,02/01/2024,13:59:39,0.05,0,0,0.1,2200,440,34800
FINNIFTY02JAN2419100PE.NFO,02/01/2024,13:59:47,0.05,0,0,0.1,2200,0,34800
FINNIFTY02JAN2419100PE.NFO,02/01/2024,14:00:14,0.05,0,0,0.1,3520,0,34800
FINNIFTY02JAN2419100PE.NFO,02/01/2024,14:01:58,0.05,0.05,1280,0.1,3520,160,22040
FINNIFTY02JAN2419100PE.NFO,02/01/2024,14:02:15,0.05,0.05,1200,0.1,3520,80,22040
FINNIFTY02JAN2419100PE.NFO,02/01/2024,14:02:50,0.05,0.05,1000,0.1,3520,0,22040
FINNIFTY02JAN2419100PE.NFO,02/01/2024,14:03:07,0.05,0.05,840,0.1,3520,160,22040
FINNIFTY02JAN2419100PE.NFO,02/01/2024,14:03:25,0.1,0.05,840,0.1,3360,160,21880
FINNIFTY02JAN2419100PE.NFO,02/01/2024,14:03:34,0.1,0.05,840,0.1,3120,400,21880
FINNIFTY02JAN2419100PE.NFO,02/01/2024,14:03:52,0.1,0.05,840,0.1,2320,800,21880
FINNIFTY02JAN2419100PE.NFO,02/01/2024,14:04:01,0.1,0.05,1040,0.1,2800,0,21880
FINNIFTY02JAN2419100PE.NFO,02/01/2024,14:04:10,0.05,0.05,600,0.1,2800,440,21880
FINNIFTY02JAN2419100PE.NFO,02/01/2024,14:04:20,0.1,0,0,0.1,2520,1560,21880
FINNIFTY02JAN2419100PE.NFO,02/01/2024,14:04:39,0.1,0,0,0.1,4440,0,21880
FINNIFTY02JAN2419100PE.NFO,02/01/2024,14:05:34,0.1,0.05,240,0.1,4560,0,21880
FINNIFTY02JAN2419100PE.NFO,02/01/2024,14:05:43,0.1,0.05,240,0.1,5000,0,21880
FINNIFTY02JAN2419100PE.NFO,02/01/2024,14:06:41,0.05,0.05,120,0.1,5000,120,21120
FINNIFTY02JAN2419100PE.NFO,02/01/2024,14:06:58,0.1,0.05,120,0.1,4960,480,21120
FINNIFTY02JAN2419100PE.NFO,02/01/2024,14:07:07,0.1,0.05,120,0.1,4560,400,21120
FINNIFTY02JAN2419100PE.NFO,02/01/2024,14:09:02,0.1,0.05,120,0.1,3360,1200,21120
FINNIFTY02JAN2419100PE.NFO,02/01/2024,14:09:12,0.1,0.05,120,0.1,3240,800,21120
FINNIFTY02JAN2419100PE.NFO,02/01/2024,14:09:22,0.1,0.05,120,0.1,2440,800,21280
FINNIFTY02JAN2419100PE.NFO,02/01/2024,14:10:00,0.1,0.05,1920,0.1,1600,800,21280
FINNIFTY02JAN2419100PE.NFO,02/01/2024,14:10:12,0.1,0.05,1920,0.1,680,1520,21280
FINNIFTY02JAN2419100PE.NFO,02/01/2024,14:10:24,0.1,0.05,1920,0.1,680,0,21280
FINNIFTY02JAN2419100PE.NFO,02/01/2024,14:10:34,0.1,0.05,2200,0.1,1000,0,21280
FINNIFTY02JAN2419100PE.NFO,02/01/2024,14:11:03,0.1,0.05,2200,0.1,680,400,21280
FINNIFTY02JAN2419100PE.NFO,02/01/2024,14:11:16,0.1,0.05,2320,0.15,2600,880,21280
FINNIFTY02JAN2419100PE.NFO,02/01/2024,14:11:28,0.1,0.05,2120,0.15,2600,400,21280
FINNIFTY02JAN2419100PE.NFO,02/01/2024,14:12:56,0.1,0.05,2320,0.15,2600,400,21240
FINNIFTY02JAN2419100PE.NFO,02/01/2024,14:13:16,0.1,0.1,120,0.15,2240,880,21240
FINNIFTY02JAN2419100PE.NFO,02/01/2024,14:13:26,0.15,0.05,2560,0.15,3840,240,21240
FINNIFTY02JAN2419100PE.NFO,02/01/2024,14:13:37,0.15,0.05,2560,0.15,3600,240,21240
FINNIFTY02JAN2419100PE.NFO,02/01/2024,14:13:47,0.15,0.05,2560,0.15,3360,240,21240
FINNIFTY02JAN2419100PE.NFO,02/01/2024,14:13:58,0.15,0.1,280,0.15,3240,120,21240
FINNIFTY02JAN2419100PE.NFO,02/01/2024,14:14:19,0.15,0.1,280,0.15,2960,280,21240
FINNIFTY02JAN2419100PE.NFO,02/01/2024,14:15:08,0.1,0.1,80,0.15,2960,240,21240
FINNIFTY02JAN2419100PE.NFO,02/01/2024,14:15:18,0.1,0.05,2480,0.15,2960,200,21680
FINNIFTY02JAN2419100PE.NFO,02/01/2024,14:17:37,0.1,0.05,2360,0.15,2960,0,21680
FINNIFTY02JAN2419100PE.NFO,02/01/2024,14:18:25,0.1,0.05,2360,0.1,1720,0,21680
FINNIFTY02JAN2419100PE.NFO,02/01/2024,14:19:06,0.05,0.05,1480,0.1,1720,1200,21640
FINNIFTY02JAN2419100PE.NFO,02/01/2024,14:19:16,0.05,0,0,0.1,1720,1240,21640
FINNIFTY02JAN2419100PE.NFO,02/01/2024,14:19:27,0.05,0,0,0.1,1720,0,21640
FINNIFTY02JAN2419100PE.NFO,02/01/2024,14:20:06,0.05,0,0,0.1,720,0,21640
FINNIFTY02JAN2419100PE.NFO,02/01/2024,14:20:17,0.05,0.05,40,0.1,800,1080,21640
FINNIFTY02JAN2419100PE.NFO,02/01/2024,14:20:26,0.05,0.05,40,0.1,800,0,21640
FINNIFTY02JAN2419100PE.NFO,02/01/2024,14:20:54,0.05,0.05,40,0.1,2880,80,21640
FINNIFTY02JAN2419100PE.NFO,02/01/2024,14:21:31,0.05,0.05,40,0.1,4680,0,21640
FINNIFTY02JAN2419100PE.NFO,02/01/2024,14:21:40,0.05,0.05,40,0.1,4680,360,21480
FINNIFTY02JAN2419100PE.NFO,02/01/2024,14:22:45,0.05,0.05,40,0.1,4680,880,21480
FINNIFTY02JAN2419100PE.NFO,02/01/2024,14:22:54,0.05,0,0,0.1,4680,440,21480
FINNIFTY02JAN2419100PE.NFO,02/01/2024,14:25:37,0.05,0,0,0.1,4680,0,21480
FINNIFTY02JAN2419100PE.NFO,02/01/2024,14:26:22,0.05,0,0,0.1,4760,0,21480
FINNIFTY02JAN2419100PE.NFO,02/01/2024,14:36:32,0.1,0,0,0.1,4760,80,20400
FINNIFTY02JAN2419100PE.NFO,02/01/2024,14:37:26,0.1,0,0,0.1,4760,0,20400
FINNIFTY02JAN2419100PE.NFO,02/01/2024,14:38:20,0.1,0.05,1240,0.1,4360,400,20400
FINNIFTY02JAN2419100PE.NFO,02/01/2024,14:38:33,0.1,0.05,1280,0.1,3920,520,20400
FINNIFTY02JAN2419100PE.NFO,02/01/2024,14:38:45,0.1,0.05,480,0.1,4120,120,20400
FINNIFTY02JAN2419100PE.NFO,02/01/2024,14:40:36,0.1,0.05,480,0.1,3320,800,20320
FINNIFTY02JAN2419100PE.NFO,02/01/2024,14:40:58,0.1,0,0,0.1,3000,0,20320
FINNIFTY02JAN2419100PE.NFO,02/01/2024,14:41:19,0.1,0.05,1520,0.1,2640,0,20320
FINNIFTY02JAN2419100PE.NFO,02/01/2024,14:45:48,0.1,0,0,0.1,3240,0,20320
FINNIFTY02JAN2419100PE.NFO,02/01/2024,14:46:25,0.1,0.05,400,0.1,3240,0,20320
FINNIFTY02JAN2419100PE.NFO,02/01/2024,14:46:34,0.1,0.05,120,0.1,2920,0,20320
FINNIFTY02JAN2419100PE.NFO,02/01/2024,14:47:41,0.1,0.05,400,0.1,2800,120,20320
FINNIFTY02JAN2419100PE.NFO,02/01/2024,14:51:06,0.1,0.05,120,0.1,2800,0,20320
FINNIFTY02JAN2419100PE.NFO,02/01/2024,14:51:25,0.1,0.05,400,0.1,2680,120,20320
FINNIFTY02JAN2419100PE.NFO,02/01/2024,14:53:38,0.1,0.05,360,0.1,2800,0,20320
FINNIFTY02JAN2419100PE.NFO,02/01/2024,14:54:07,0.05,0,0,0.1,2800,360,20320
FINNIFTY02JAN2419100PE.NFO,02/01/2024,14:56:05,0.1,0,0,0.1,2720,80,20240
FINNIFTY02JAN2419100PE.NFO,02/01/2024,14:57:02,0.1,0,0,0.1,2720,0,20240
FINNIFTY02JAN2419100PE.NFO,02/01/2024,14:57:42,0.1,0,0,0.1,2680,0,20240
FINNIFTY02JAN2419100PE.NFO,02/01/2024,15:00:06,0.1,0,0,0.1,2840,0,20240
FINNIFTY02JAN2419100PE.NFO,02/01/2024,15:06:10,0.1,0,0,0.1,2800,0,20240
FINNIFTY02JAN2419100PE.NFO,02/01/2024,15:12:09,0.05,0,0,0.05,1720,280,20160
FINNIFTY02JAN2419100PE.NFO,02/01/2024,15:14:43,0.05,0,0,0.05,1720,0,20160
FINNIFTY02JAN2419100PE.NFO,02/01/2024,15:15:46,0.05,0,0,0.05,1760,0,20160
FINNIFTY02JAN2419100PE.NFO,02/01/2024,15:17:45,0.05,0,0,0.05,2640,0,20160
FINNIFTY02JAN2419100PE.NFO,02/01/2024,15:22:01,0.05,0,0,0.05,3000,0,20160
FINNIFTY02JAN2419100PE.NFO,02/01/2024,15:23:27,0.05,0,0,0.05,3000,40,19880
FINNIFTY02JAN2419100PE.NFO,02/01/2024,15:23:37,0.05,0,0,0.05,2440,560,19880
FINNIFTY02JAN2419100PE.NFO,02/01/2024,15:23:47,0.05,0,0,0.05,2440,0,19880
FINNIFTY02JAN2419100PE.NFO,02/01/2024,15:28:31,0.05,0,0,0.05,2560,0,19880
FINNIFTY02JAN2419100PE.NFO,02/01/2024,15:28:41,0.05,0,0,0.05,2440,0,19880
FINNIFTY02JAN2419100PE.NFO,02/01/2024,15:29:23,0.05,0,0,0.05,2960,0,19880
FINNIFTY02JAN2419100PE.NFO,02/01/2024,15:29:44,0.05,0,0,0.05,2280,0,19880
FINNIFTY02JAN2419100PE.NFO,02/01/2024,15:29:59,0.05,0,0,0.05,1320,0,19880
