Ticker,Date,Time,LTP,BuyPrice,BuyQty,SellPrice,SellQty,LTQ,OpenInterest
FINNIFTY02JAN2421500CE.NFO,02/01/2024,09:15:00,19.7,19.05,40,20,4640,7720,0
FINNIFTY02JAN2421500CE.NFO,02/01/2024,09:15:00,19.7,19.05,40,20,4640,0,0
FINNIFTY02JAN2421500CE.NFO,02/01/2024,09:15:00,28.8,19.05,40,20,4640,0,0
FINNIFTY02JAN2421500CE.NFO,02/01/2024,09:15:00,19,19.05,40,20,4640,0,0
FINNIFTY02JAN2421500CE.NFO,02/01/2024,09:15:01,18.3,17.8,80,18.3,1160,30320,3676800
FINNIFTY02JAN2421500CE.NFO,02/01/2024,09:15:01,14.55,17.8,80,18.3,1160,0,3676800
FINNIFTY02JAN2421500CE.NFO,02/01/2024,09:15:03,13.9,13.7,1800,13.8,40,100360,3676800
FINNIFTY02JAN2421500CE.NFO,02/01/2024,09:15:03,12,13.7,1800,13.8,40,0,3676800
FINNIFTY02JAN2421500CE.NFO,02/01/2024,09:15:04,14.3,14.25,560,14.35,80,106280,3676800
FINNIFTY02JAN2421500CE.NFO,02/01/2024,09:15:04,11.5,14.25,560,14.35,80,0,3676800
FINNIFTY02JAN2421500CE.NFO,02/01/2024,09:15:06,14.4,14.4,400,14.9,160,132080,3676800
FINNIFTY02JAN2421500CE.NFO,02/01/2024,09:15:08,13.85,14.05,40,14.1,960,137760,3676800
FINNIFTY02JAN2421500CE.NFO,02/01/2024,09:15:09,12.65,12.65,320,12.7,160,94760,3676800
FINNIFTY02JAN2421500CE.NFO,02/01/2024,09:15:11,13.2,13.15,80,13.2,320,398400,3676800
FINNIFTY02JAN2421500CE.NFO,02/01/2024,09:15:13,12.55,12.5,240,12.55,1000,161200,3676800
FINNIFTY02JAN2421500CE.NFO,02/01/2024,09:15:14,11.75,11.65,600,11.75,960,112520,3676800
FINNIFTY02JAN2421500CE.NFO,02/01/2024,09:15:16,10.35,10.35,1000,10.4,760,252000,3676800
FINNIFTY02JAN2421500CE.NFO,02/01/2024,09:15:16,10.2,10.35,1000,10.4,760,0,3676800
FINNIFTY02JAN2421500CE.NFO,02/01/2024,09:15:17,11.15,11.15,840,11.25,1120,117720,3676800
FINNIFTY02JAN2421500CE.NFO,02/01/2024,09:15:19,11.9,11.8,240,11.9,1160,134400,3676800
FINNIFTY02JAN2421500CE.NFO,02/01/2024,09:15:21,11.1,11.1,40,11.15,1120,108080,3676800
FINNIFTY02JAN2421500CE.NFO,02/01/2024,09:15:22,11.1,11,1560,11.1,2880,113240,3676800
FINNIFTY02JAN2421500CE.NFO,02/01/2024,09:15:24,10.75,10.7,3200,10.8,1320,70520,3676800
FINNIFTY02JAN2421500CE.NFO,02/01/2024,09:15:26,11,10.9,1400,11,16800,62920,3676800
FINNIFTY02JAN2421500CE.NFO,02/01/2024,09:15:27,11,10.85,2400,11,14400,77080,3676800
FINNIFTY02JAN2421500CE.NFO,02/01/2024,09:15:29,11.25,11.15,3440,11.2,160,123120,3676800
FINNIFTY02JAN2421500CE.NFO,02/01/2024,09:15:30,11.2,11.2,4800,11.3,280,107880,3676800
FINNIFTY02JAN2421500CE.NFO,02/01/2024,09:15:32,10.65,10.65,3840,10.75,2520,94680,3676800
FINNIFTY02JAN2421500CE.NFO,02/01/2024,09:15:34,10.35,10.3,1440,10.4,4040,107880,3676800
FINNIFTY02JAN2421500CE.NFO,02/01/2024,09:15:35,10.55,10.55,680,10.6,1600,74080,3676800
FINNIFTY02JAN2421500CE.NFO,02/01/2024,09:15:37,10.85,10.85,2120,10.95,1960,141640,3676800
FINNIFTY02JAN2421500CE.NFO,02/01/2024,09:15:39,11.35,11.25,600,11.35,2040,146760,3676800
FINNIFTY02JAN2421500CE.NFO,02/01/2024,09:15:40,12,12,160,12.05,1840,136200,3676800
FINNIFTY02JAN2421500CE.NFO,02/01/2024,09:15:42,11.85,11.75,1880,11.85,720,122280,3676800
FINNIFTY02JAN2421500CE.NFO,02/01/2024,09:15:43,11.95,11.9,2000,11.95,760,94040,3676800
FINNIFTY02JAN2421500CE.NFO,02/01/2024,09:15:45,12.2,12.15,1400,12.25,760,107080,3676800
FINNIFTY02JAN2421500CE.NFO,02/01/2024,09:15:47,12.05,11.95,3880,12.05,480,151760,3676800
FINNIFTY02JAN2421500CE.NFO,02/01/2024,09:15:48,11.7,11.6,840,11.7,2120,149160,3676800
FINNIFTY02JAN2421500CE.NFO,02/01/2024,09:15:50,11.65,11.55,4200,11.65,960,113720,3676800
FINNIFTY02JAN2421500CE.NFO,02/01/2024,09:15:52,11.9,11.8,4320,11.9,480,132720,3676800
FINNIFTY02JAN2421500CE.NFO,02/01/2024,09:15:53,11.8,11.7,1920,11.75,200,99840,3676800
FINNIFTY02JAN2421500CE.NFO,02/01/2024,09:15:55,11.9,11.8,3160,11.9,3480,115960,3676800
FINNIFTY02JAN2421500CE.NFO,02/01/2024,09:15:56,11.45,11.4,4040,11.45,40,106200,3676800
FINNIFTY02JAN2421500CE.NFO,02/01/2024,09:15:58,11.35,11.25,2000,11.3,240,68000,3676800
FINNIFTY02JAN2421500CE.NFO,02/01/2024,09:16:00,11.2,11.2,440,11.25,1160,105480,3676800
FINNIFTY02JAN2421500CE.NFO,02/01/2024,09:16:01,10,10,101720,10.05,10520,225320,3676800
FINNIFTY02JAN2421500CE.NFO,02/01/2024,09:16:01,10,10,101720,10.05,10520,0,3676800
FINNIFTY02JAN2421500CE.NFO,02/01/2024,09:16:03,10.2,10.15,1720,10.2,1320,138280,3676800
FINNIFTY02JAN2421500CE.NFO,02/01/2024,09:16:04,10.25,10.25,4200,10.35,4160,169840,3676800
FINNIFTY02JAN2421500CE.NFO,02/01/2024,09:16:06,10.9,10.85,4440,10.9,2480,208960,3676800
FINNIFTY02JAN2421500CE.NFO,02/01/2024,09:16:08,11.5,11.45,3960,11.5,160,122320,3676800
FINNIFTY02JAN2421500CE.NFO,02/01/2024,09:16:09,10.9,10.85,5880,10.95,2640,116160,3676800
FINNIFTY02JAN2421500CE.NFO,02/01/2024,09:16:11,11.45,11.45,5920,11.5,520,88320,3676800
FINNIFTY02JAN2421500CE.NFO,02/01/2024,09:16:13,11.8,11.75,2120,11.8,840,92160,3676800
FINNIFTY02JAN2421500CE.NFO,02/01/2024,09:16:14,11.7,11.7,2920,11.75,1000,107800,3676800
FINNIFTY02JAN2421500CE.NFO,02/01/2024,09:16:16,11.1,11.05,1560,11.1,3800,124920,3676800
FINNIFTY02JAN2421500CE.NFO,02/01/2024,09:16:17,11.15,11.15,5040,11.25,4000,47800,3676800
FINNIFTY02JAN2421500CE.NFO,02/01/2024,09:16:19,11.15,11.15,4280,11.2,3400,89200,3676800
FINNIFTY02JAN2421500CE.NFO,02/01/2024,09:16:21,10.9,10.95,1280,11,5880,103520,3676800
FINNIFTY02JAN2421500CE.NFO,02/01/2024,09:16:22,10.4,10.4,3240,10.45,80,195720,3676800
FINNIFTY02JAN2421500CE.NFO,02/01/2024,09:16:24,10.25,10.25,1000,10.3,1720,246280,3676800
FINNIFTY02JAN2421500CE.NFO,02/01/2024,09:16:25,10.2,10.15,2440,10.2,80,164160,3676800
FINNIFTY02JAN2421500CE.NFO,02/01/2024,09:16:27,10.15,10.05,2240,10.15,8640,167520,3676800
FINNIFTY02JAN2421500CE.NFO,02/01/2024,09:16:29,10.05,10.05,4120,10.15,9240,186160,3676800
FINNIFTY02JAN2421500CE.NFO,02/01/2024,09:16:30,10.3,10.3,4760,10.35,3080,170280,3676800
FINNIFTY02JAN2421500CE.NFO,02/01/2024,09:16:32,10.25,10.25,1600,10.3,4760,77720,3676800
FINNIFTY02JAN2421500CE.NFO,02/01/2024,09:16:34,10.05,10.05,80,10.1,8520,104000,3676800
FINNIFTY02JAN2421500CE.NFO,02/01/2024,09:16:35,10.45,10.35,6920,10.45,8800,65600,3676800
FINNIFTY02JAN2421500CE.NFO,02/01/2024,09:16:37,10.2,10.15,3320,10.2,2160,60040,3676800
FINNIFTY02JAN2421500CE.NFO,02/01/2024,09:16:38,10.25,10.2,560,10.25,6760,76800,3676800
FINNIFTY02JAN2421500CE.NFO,02/01/2024,09:16:40,10.1,10,83920,10.1,11480,83080,3676800
FINNIFTY02JAN2421500CE.NFO,02/01/2024,09:16:41,10.1,10.05,6320,10.15,6920,96160,3676800
FINNIFTY02JAN2421500CE.NFO,02/01/2024,09:16:43,10.15,10.15,3200,10.2,9280,54840,3676800
FINNIFTY02JAN2421500CE.NFO,02/01/2024,09:16:45,10.7,10.7,1360,10.75,2400,101560,3676800
FINNIFTY02JAN2421500CE.NFO,02/01/2024,09:16:46,10.65,10.6,2480,10.65,4640,64000,3676800
FINNIFTY02JAN2421500CE.NFO,02/01/2024,09:16:48,10.95,10.95,4120,11.05,9160,103040,3676800
FINNIFTY02JAN2421500CE.NFO,02/01/2024,09:16:49,11.2,11.15,560,11.2,8800,103240,3676800
FINNIFTY02JAN2421500CE.NFO,02/01/2024,09:16:51,10.85,10.85,2880,10.9,3200,105520,3676800
FINNIFTY02JAN2421500CE.NFO,02/01/2024,09:16:53,10.35,10.3,7400,10.35,240,157600,3676800
FINNIFTY02JAN2421500CE.NFO,02/01/2024,09:16:54,10,10,36880,10.1,13360,266760,3676800
FINNIFTY02JAN2421500CE.NFO,02/01/2024,09:16:56,10.1,10.1,3040,10.15,7400,214280,3676800
FINNIFTY02JAN2421500CE.NFO,02/01/2024,09:16:56,9.9,10.1,3040,10.15,7400,0,3676800
FINNIFTY02JAN2421500CE.NFO,02/01/2024,09:16:58,10.4,10.4,440,10.45,9400,140720,3676800
FINNIFTY02JAN2421500CE.NFO,02/01/2024,09:16:58,9.85,10.4,440,10.45,9400,0,3676800
FINNIFTY02JAN2421500CE.NFO,02/01/2024,09:16:59,10.3,10.3,80,10.35,8320,94640,3676800
FINNIFTY02JAN2421500CE.NFO,02/01/2024,09:17:01,10,9.95,7680,10,17920,309520,3676800
FINNIFTY02JAN2421500CE.NFO,02/01/2024,09:17:01,9.75,9.95,7680,10,17920,0,3676800
FINNIFTY02JAN2421500CE.NFO,02/01/2024,09:17:02,9.7,9.7,15680,9.8,8200,191400,3676800
FINNIFTY02JAN2421500CE.NFO,02/01/2024,09:17:02,9.7,9.7,15680,9.8,8200,0,3676800
FINNIFTY02JAN2421500CE.NFO,02/01/2024,09:17:04,9.75,9.7,2920,9.75,4920,164520,3676800
FINNIFTY02JAN2421500CE.NFO,02/01/2024,09:17:04,9.65,9.7,2920,9.75,4920,0,3676800
FINNIFTY02JAN2421500CE.NFO,02/01/2024,09:17:06,9.8,9.75,14360,9.85,2840,95120,3676800
FINNIFTY02JAN2421500CE.NFO,02/01/2024,09:17:07,10,10,4360,10.05,4240,161000,3676800
FINNIFTY02JAN2421500CE.NFO,02/01/2024,09:17:09,9.95,9.95,40,10,9400,131280,3676800
FINNIFTY02JAN2421500CE.NFO,02/01/2024,09:17:10,9.85,9.85,2200,9.9,5360,65280,3676800
FINNIFTY02JAN2421500CE.NFO,02/01/2024,09:17:12,9.85,9.8,2440,9.85,10480,56280,3676800
FINNIFTY02JAN2421500CE.NFO,02/01/2024,09:17:14,9.85,9.8,5920,9.85,2160,80760,3676800
FINNIFTY02JAN2421500CE.NFO,02/01/2024,09:17:15,9.8,9.75,12680,9.8,2440,72080,3676800
FINNIFTY02JAN2421500CE.NFO,02/01/2024,09:17:17,9.95,9.9,11640,9.95,160,94400,3676800
FINNIFTY02JAN2421500CE.NFO,02/01/2024,09:17:18,10.3,10.2,11360,10.3,9920,158800,3676800
FINNIFTY02JAN2421500CE.NFO,02/01/2024,09:17:20,10.4,10.35,8120,10.45,8800,85200,3676800
FINNIFTY02JAN2421500CE.NFO,02/01/2024,09:17:22,10.3,10.25,1800,10.3,7400,39880,4874840
FINNIFTY02JAN2421500CE.NFO,02/01/2024,09:17:23,10.3,10.3,7240,10.4,16280,76720,4874840
FINNIFTY02JAN2421500CE.NFO,02/01/2024,09:17:25,10.1,10.1,7440,10.15,2680,67200,4874840
FINNIFTY02JAN2421500CE.NFO,02/01/2024,09:17:26,10.15,10.15,8200,10.25,15080,63320,4874840
FINNIFTY02JAN2421500CE.NFO,02/01/2024,09:17:28,10,10,10720,10.1,7160,112280,4874840
FINNIFTY02JAN2421500CE.NFO,02/01/2024,09:17:30,10.05,9.95,30720,10,120,81200,4874840
FINNIFTY02JAN2421500CE.NFO,02/01/2024,09:17:31,10.2,10.15,8680,10.2,1120,94600,4874840
FINNIFTY02JAN2421500CE.NFO,02/01/2024,09:17:33,10.35,10.3,880,10.35,13680,89080,4874840
FINNIFTY02JAN2421500CE.NFO,02/01/2024,09:17:34,10.15,10.1,5960,10.15,160,43240,4874840
FINNIFTY02JAN2421500CE.NFO,02/01/2024,09:17:36,9.95,9.9,120,9.95,10760,93720,4874840
FINNIFTY02JAN2421500CE.NFO,02/01/2024,09:17:37,10.3,10.3,3560,10.35,6240,55800,4874840
FINNIFTY02JAN2421500CE.NFO,02/01/2024,09:17:39,9.9,9.85,6760,9.9,6840,83960,4874840
FINNIFTY02JAN2421500CE.NFO,02/01/2024,09:17:41,9.75,9.75,10200,9.8,2240,91880,4874840
FINNIFTY02JAN2421500CE.NFO,02/01/2024,09:17:42,9.95,9.9,2000,9.95,13640,46280,4874840
FINNIFTY02JAN2421500CE.NFO,02/01/2024,09:17:44,10,9.9,10840,9.95,80,49800,4874840
FINNIFTY02JAN2421500CE.NFO,02/01/2024,09:17:46,9.85,9.8,7720,9.85,7520,50960,4874840
FINNIFTY02JAN2421500CE.NFO,02/01/2024,09:17:47,9.75,9.7,13120,9.8,12120,30560,4874840
FINNIFTY02JAN2421500CE.NFO,02/01/2024,09:17:49,9.95,9.9,17120,10,10680,63720,4874840
FINNIFTY02JAN2421500CE.NFO,02/01/2024,09:17:50,10,9.95,120,10,12240,56760,4874840
FINNIFTY02JAN2421500CE.NFO,02/01/2024,09:17:52,9.85,9.8,15760,9.85,160,79840,4874840
FINNIFTY02JAN2421500CE.NFO,02/01/2024,09:17:54,9.9,9.85,5600,9.9,12680,34440,4874840
FINNIFTY02JAN2421500CE.NFO,02/01/2024,09:17:55,9.7,9.7,7920,9.75,5640,47080,4874840
FINNIFTY02JAN2421500CE.NFO,02/01/2024,09:17:57,9.85,9.85,17400,9.9,160,44480,4874840
FINNIFTY02JAN2421500CE.NFO,02/01/2024,09:17:58,9.9,9.9,6320,9.95,6080,53280,4874840
FINNIFTY02JAN2421500CE.NFO,02/01/2024,09:18:00,9.85,9.8,1600,9.85,9000,58560,4874840
FINNIFTY02JAN2421500CE.NFO,02/01/2024,09:18:01,10.05,10,9360,10.05,6280,105080,4874840
FINNIFTY02JAN2421500CE.NFO,02/01/2024,09:18:03,10.4,10.4,7800,10.45,3200,78240,4874840
FINNIFTY02JAN2421500CE.NFO,02/01/2024,09:18:05,10.35,10.35,7160,10.4,1120,67320,4874840
FINNIFTY02JAN2421500CE.NFO,02/01/2024,09:18:06,10.35,10.25,13240,10.35,15560,54120,4874840
FINNIFTY02JAN2421500CE.NFO,02/01/2024,09:18:08,10.5,10.45,12680,10.5,13800,114840,4874840
FINNIFTY02JAN2421500CE.NFO,02/01/2024,09:18:10,10.3,10.3,15120,10.4,15360,60080,4874840
FINNIFTY02JAN2421500CE.NFO,02/01/2024,09:18:11,10.1,10.05,160,10.1,10240,48880,4874840
FINNIFTY02JAN2421500CE.NFO,02/01/2024,09:18:13,10.15,10.1,12000,10.15,6960,58560,4874840
FINNIFTY02JAN2421500CE.NFO,02/01/2024,09:18:15,10.2,10.15,7280,10.2,5560,63400,4874840
FINNIFTY02JAN2421500CE.NFO,02/01/2024,09:18:16,10,9.95,280,10,18200,41080,4874840
FINNIFTY02JAN2421500CE.NFO,02/01/2024,09:18:18,9.75,9.75,18440,9.85,17400,57920,4874840
FINNIFTY02JAN2421500CE.NFO,02/01/2024,09:18:20,9.8,9.75,4280,9.8,4400,78120,4874840
FINNIFTY02JAN2421500CE.NFO,02/01/2024,09:18:21,9.95,9.9,1200,9.95,17960,96680,4874840
FINNIFTY02JAN2421500CE.NFO,02/01/2024,09:18:23,10.1,10.1,5800,10.15,7200,77360,4874840
FINNIFTY02JAN2421500CE.NFO,02/01/2024,09:18:24,10.1,10.05,5920,10.1,3040,64600,4874840
FINNIFTY02JAN2421500CE.NFO,02/01/2024,09:18:26,10.05,10,13240,10.05,80,70840,4874840
FINNIFTY02JAN2421500CE.NFO,02/01/2024,09:18:28,10.2,10.15,11040,10.2,5800,67280,4874840
FINNIFTY02JAN2421500CE.NFO,02/01/2024,09:18:29,10.2,10.15,7240,10.2,6600,59840,4874840
FINNIFTY02JAN2421500CE.NFO,02/01/2024,09:18:31,9.95,9.95,2680,10,23040,113200,4874840
FINNIFTY02JAN2421500CE.NFO,02/01/2024,09:18:32,10,9.95,880,10,9680,80880,4874840
FINNIFTY02JAN2421500CE.NFO,02/01/2024,09:18:34,10.2,10.2,5640,10.25,7800,49680,4874840
FINNIFTY02JAN2421500CE.NFO,02/01/2024,09:18:36,10.25,10.2,3240,10.25,10440,60320,4874840
FINNIFTY02JAN2421500CE.NFO,02/01/2024,09:18:37,10.25,10.15,16360,10.25,13720,50720,4874840
FINNIFTY02JAN2421500CE.NFO,02/01/2024,09:18:39,10.4,10.35,9320,10.4,5280,62680,4874840
FINNIFTY02JAN2421500CE.NFO,02/01/2024,09:18:40,10.3,10.25,160,10.3,10920,104600,4874840
FINNIFTY02JAN2421500CE.NFO,02/01/2024,09:18:42,10.25,10.25,15160,10.35,10440,46120,4874840
FINNIFTY02JAN2421500CE.NFO,02/01/2024,09:18:44,10.45,10.4,10640,10.45,8480,32600,4874840
FINNIFTY02JAN2421500CE.NFO,02/01/2024,09:18:45,10.5,10.5,17200,10.6,16160,75320,4874840
FINNIFTY02JAN2421500CE.NFO,02/01/2024,09:18:47,10.55,10.5,13200,10.55,280,47960,4874840
FINNIFTY02JAN2421500CE.NFO,02/01/2024,09:18:48,10.4,10.4,440,10.45,10880,29280,4874840
FINNIFTY02JAN2421500CE.NFO,02/01/2024,09:18:50,10.45,10.45,8160,10.5,5600,38920,4874840
FINNIFTY02JAN2421500CE.NFO,02/01/2024,09:18:52,10.7,10.65,9200,10.7,5000,55480,4874840
FINNIFTY02JAN2421500CE.NFO,02/01/2024,09:18:53,10.6,10.55,3200,10.6,9280,46640,4874840
FINNIFTY02JAN2421500CE.NFO,02/01/2024,09:18:55,10.6,10.6,13480,10.65,560,39960,4874840
FINNIFTY02JAN2421500CE.NFO,02/01/2024,09:18:57,10.6,10.6,4480,10.65,10840,37840,4874840
FINNIFTY02JAN2421500CE.NFO,02/01/2024,09:18:58,10.6,10.6,5080,10.65,12320,61880,4874840
FINNIFTY02JAN2421500CE.NFO,02/01/2024,09:19:00,10.7,10.65,2720,10.7,10160,90160,4874840
FINNIFTY02JAN2421500CE.NFO,02/01/2024,09:19:01,10.75,10.7,14640,10.75,80,110440,4874840
FINNIFTY02JAN2421500CE.NFO,02/01/2024,09:19:03,10.45,10.4,9160,10.45,2400,136240,4874840
FINNIFTY02JAN2421500CE.NFO,02/01/2024,09:19:05,10.45,10.45,16600,10.5,80,103640,4874840
FINNIFTY02JAN2421500CE.NFO,02/01/2024,09:19:06,10.7,10.65,1320,10.7,11280,71760,4874840
FINNIFTY02JAN2421500CE.NFO,02/01/2024,09:19:08,10.5,10.5,7600,10.55,10200,43600,4874840
FINNIFTY02JAN2421500CE.NFO,02/01/2024,09:19:09,10.7,10.65,11280,10.7,200,64920,4874840
FINNIFTY02JAN2421500CE.NFO,02/01/2024,09:19:11,10.75,10.75,8640,10.8,1720,65960,4874840
FINNIFTY02JAN2421500CE.NFO,02/01/2024,09:19:13,11.1,11.1,10680,11.2,9440,223440,4874840
FINNIFTY02JAN2421500CE.NFO,02/01/2024,09:19:14,11.35,11.3,2880,11.35,3840,79120,4874840
FINNIFTY02JAN2421500CE.NFO,02/01/2024,09:19:16,11.4,11.35,7480,11.45,9400,100000,4874840
FINNIFTY02JAN2421500CE.NFO,02/01/2024,09:19:18,11.25,11.25,1600,11.3,6080,39360,4874840
FINNIFTY02JAN2421500CE.NFO,02/01/2024,09:19:19,11.3,11.3,160,11.35,9480,38040,4874840
FINNIFTY02JAN2421500CE.NFO,02/01/2024,09:19:21,11.3,11.3,1720,11.35,9920,39000,4874840
FINNIFTY02JAN2421500CE.NFO,02/01/2024,09:19:22,10.95,10.9,13520,11,14160,86520,4874840
FINNIFTY02JAN2421500CE.NFO,02/01/2024,09:19:24,10.75,10.75,1880,10.8,12000,51440,4874840
FINNIFTY02JAN2421500CE.NFO,02/01/2024,09:19:26,10.9,10.85,8360,10.9,360,59800,4874840
FINNIFTY02JAN2421500CE.NFO,02/01/2024,09:19:27,10.7,10.65,920,10.7,5640,52440,4874840
FINNIFTY02JAN2421500CE.NFO,02/01/2024,09:19:29,10.7,10.7,17800,10.8,11520,58240,4874840
FINNIFTY02JAN2421500CE.NFO,02/01/2024,09:19:30,10.9,10.85,11760,10.9,3360,46280,4874840
FINNIFTY02JAN2421500CE.NFO,02/01/2024,09:19:32,11.1,11.05,1440,11.1,7800,76040,4874840
FINNIFTY02JAN2421500CE.NFO,02/01/2024,09:19:34,11.2,11.15,5360,11.2,1920,54680,4874840
FINNIFTY02JAN2421500CE.NFO,02/01/2024,09:19:35,11.2,11.15,7200,11.2,1280,50960,4874840
FINNIFTY02JAN2421500CE.NFO,02/01/2024,09:19:37,11.2,11.15,1480,11.2,6280,86320,4874840
FINNIFTY02JAN2421500CE.NFO,02/01/2024,09:19:39,11.05,11,20840,11.05,12840,39360,4874840
FINNIFTY02JAN2421500CE.NFO,02/01/2024,09:19:40,11.1,11.1,9720,11.15,5440,36520,4874840
FINNIFTY02JAN2421500CE.NFO,02/01/2024,09:19:42,11.05,11,11680,11.05,12480,43680,4874840
FINNIFTY02JAN2421500CE.NFO,02/01/2024,09:19:44,11.05,11,13040,11.05,720,80000,4874840
FINNIFTY02JAN2421500CE.NFO,02/01/2024,09:19:45,11,10.95,10280,11,3160,29680,4874840
FINNIFTY02JAN2421500CE.NFO,02/01/2024,09:19:47,11.1,11.1,16120,11.2,12680,48000,4874840
FINNIFTY02JAN2421500CE.NFO,02/01/2024,09:19:49,11.2,11.1,14720,11.2,6800,56840,4874840
FINNIFTY02JAN2421500CE.NFO,02/01/2024,09:19:50,11.15,11.1,12840,11.15,40,42360,4874840
FINNIFTY02JAN2421500CE.NFO,02/01/2024,09:19:52,10.85,10.85,5680,10.9,7040,84280,4874840
FINNIFTY02JAN2421500CE.NFO,02/01/2024,09:19:54,10.75,10.7,11880,10.75,800,80720,4874840
FINNIFTY02JAN2421500CE.NFO,02/01/2024,09:19:55,10.75,10.75,2200,10.8,14160,47560,4874840
FINNIFTY02JAN2421500CE.NFO,02/01/2024,09:19:57,10.55,10.5,22760,10.55,920,88280,4874840
FINNIFTY02JAN2421500CE.NFO,02/01/2024,09:19:59,10.55,10.5,2760,10.55,13160,75040,4874840
FINNIFTY02JAN2421500CE.NFO,02/01/2024,09:20:00,10.4,10.35,12440,10.4,840,107200,4874840
FINNIFTY02JAN2421500CE.NFO,02/01/2024,09:20:02,10.4,10.35,880,10.4,12200,72960,4874840
FINNIFTY02JAN2421500CE.NFO,02/01/2024,09:20:04,10.55,10.55,5320,10.6,10600,77400,4874840
FINNIFTY02JAN2421500CE.NFO,02/01/2024,09:20:05,10.85,10.85,4880,10.9,5720,61840,4874840
FINNIFTY02JAN2421500CE.NFO,02/01/2024,09:20:07,10.8,10.7,19680,10.8,8000,45000,4874840
FINNIFTY02JAN2421500CE.NFO,02/01/2024,09:20:09,10.75,10.7,15240,10.8,16320,49680,4874840
FINNIFTY02JAN2421500CE.NFO,02/01/2024,09:20:10,10.95,10.85,9960,10.9,3320,50040,4874840
FINNIFTY02JAN2421500CE.NFO,02/01/2024,09:20:12,10.95,10.9,14760,10.95,1920,44160,4874840
FINNIFTY02JAN2421500CE.NFO,02/01/2024,09:20:14,10.9,10.85,10240,10.95,22080,41960,4874840
FINNIFTY02JAN2421500CE.NFO,02/01/2024,09:20:15,10.9,10.85,19080,10.9,10640,34960,4874840
FINNIFTY02JAN2421500CE.NFO,02/01/2024,09:20:17,10.7,10.65,9480,10.7,1840,86120,4874840
FINNIFTY02JAN2421500CE.NFO,02/01/2024,09:20:19,10.7,10.65,2560,10.7,13760,27360,4874840
FINNIFTY02JAN2421500CE.NFO,02/01/2024,09:20:20,10.75,10.7,680,10.75,6600,51240,4874840
FINNIFTY02JAN2421500CE.NFO,02/01/2024,09:20:22,10.65,10.65,13680,10.75,14440,24800,4874840
FINNIFTY02JAN2421500CE.NFO,02/01/2024,09:20:24,10.65,10.6,20480,10.7,10760,33320,5605440
FINNIFTY02JAN2421500CE.NFO,02/01/2024,09:20:25,10.6,10.6,5840,10.65,9600,32000,5605440
FINNIFTY02JAN2421500CE.NFO,02/01/2024,09:20:27,10.5,10.45,13600,10.5,3360,35560,5605440
FINNIFTY02JAN2421500CE.NFO,02/01/2024,09:20:29,10.5,10.4,18240,10.5,10600,37040,5605440
FINNIFTY02JAN2421500CE.NFO,02/01/2024,09:20:30,10.55,10.5,16560,10.6,20840,29720,5605440
FINNIFTY02JAN2421500CE.NFO,02/01/2024,09:20:32,10.4,10.4,120,10.45,14400,42600,5605440
FINNIFTY02JAN2421500CE.NFO,02/01/2024,09:20:34,10.4,10.35,13440,10.4,2640,35760,5605440
FINNIFTY02JAN2421500CE.NFO,02/01/2024,09:20:36,10.4,10.35,1520,10.4,12160,28080,5605440
FINNIFTY02JAN2421500CE.NFO,02/01/2024,09:20:37,10.35,10.3,12400,10.35,7200,30280,5605440
FINNIFTY02JAN2421500CE.NFO,02/01/2024,09:20:39,10.3,10.25,14400,10.3,6520,50680,5605440
FINNIFTY02JAN2421500CE.NFO,02/01/2024,09:20:41,10.55,10.5,19320,10.6,13360,42560,5605440
FINNIFTY02JAN2421500CE.NFO,02/01/2024,09:20:42,10.55,10.55,6440,10.6,4560,34000,5605440
FINNIFTY02JAN2421500CE.NFO,02/01/2024,09:20:44,10.5,10.45,18080,10.5,1240,40440,5605440
FINNIFTY02JAN2421500CE.NFO,02/01/2024,09:20:46,10.7,10.65,8840,10.7,10280,16520,5605440
FINNIFTY02JAN2421500CE.NFO,02/01/2024,09:20:47,10.9,10.85,80,10.9,17640,46200,5605440
FINNIFTY02JAN2421500CE.NFO,02/01/2024,09:20:49,10.85,10.8,1280,10.85,15960,67280,5605440
FINNIFTY02JAN2421500CE.NFO,02/01/2024,09:20:51,11.05,11.05,14960,11.1,920,59800,5605440
FINNIFTY02JAN2421500CE.NFO,02/01/2024,09:20:52,11.1,11,18800,11.1,12960,80400,5605440
FINNIFTY02JAN2421500CE.NFO,02/01/2024,09:20:54,11.05,11,40,11.05,11160,54480,5605440
FINNIFTY02JAN2421500CE.NFO,02/01/2024,09:20:56,10.95,10.95,2760,11,15920,27920,5605440
FINNIFTY02JAN2421500CE.NFO,02/01/2024,09:20:57,10.9,10.9,6120,10.95,8120,28560,5605440
FINNIFTY02JAN2421500CE.NFO,02/01/2024,09:20:59,10.75,10.75,4800,10.8,11840,39040,5605440
FINNIFTY02JAN2421500CE.NFO,02/01/2024,09:21:01,10.75,10.75,6200,10.8,4720,61400,5605440
FINNIFTY02JAN2421500CE.NFO,02/01/2024,09:21:02,10.65,10.6,3600,10.65,13040,69960,5605440
FINNIFTY02JAN2421500CE.NFO,02/01/2024,09:21:04,11.1,11.1,3000,11.15,120,88960,5605440
FINNIFTY02JAN2421500CE.NFO,02/01/2024,09:21:06,11.6,11.55,9760,11.6,7440,97880,5605440
FINNIFTY02JAN2421500CE.NFO,02/01/2024,09:21:07,12.85,12.8,1560,12.85,4400,694920,5605440
FINNIFTY02JAN2421500CE.NFO,02/01/2024,09:21:09,12.45,12.45,3640,12.55,11440,279080,5605440
FINNIFTY02JAN2421500CE.NFO,02/01/2024,09:21:11,13.15,13.05,3120,13.15,10680,115040,5605440
FINNIFTY02JAN2421500CE.NFO,02/01/2024,09:21:12,12.85,12.8,5720,12.85,2200,136680,5605440
FINNIFTY02JAN2421500CE.NFO,02/01/2024,09:21:14,12.1,12.1,7960,12.15,800,187040,5605440
FINNIFTY02JAN2421500CE.NFO,02/01/2024,09:21:16,12.15,12.15,2080,12.2,5360,81640,5605440
FINNIFTY02JAN2421500CE.NFO,02/01/2024,09:21:17,12.15,12.05,8280,12.15,9880,105520,5605440
FINNIFTY02JAN2421500CE.NFO,02/01/2024,09:21:19,12.25,12.2,5440,12.25,2720,130440,5605440
FINNIFTY02JAN2421500CE.NFO,02/01/2024,09:21:21,12.1,12.05,5960,12.1,880,95280,5605440
FINNIFTY02JAN2421500CE.NFO,02/01/2024,09:21:22,12.3,12.3,8320,12.35,1440,79480,5605440
FINNIFTY02JAN2421500CE.NFO,02/01/2024,09:21:24,12.45,12.4,5440,12.45,1480,127240,5605440
FINNIFTY02JAN2421500CE.NFO,02/01/2024,09:21:26,12.75,12.8,6040,12.85,6480,121280,5605440
FINNIFTY02JAN2421500CE.NFO,02/01/2024,09:21:27,13.6,13.6,200,13.65,3480,171880,5605440
FINNIFTY02JAN2421500CE.NFO,02/01/2024,09:21:29,13.85,13.75,5880,13.85,40,323240,5605440
FINNIFTY02JAN2421500CE.NFO,02/01/2024,09:21:30,13.55,13.5,9920,13.6,4640,177560,5605440
FINNIFTY02JAN2421500CE.NFO,02/01/2024,09:21:32,13.85,13.75,6040,13.85,7080,117720,5605440
FINNIFTY02JAN2421500CE.NFO,02/01/2024,09:21:34,14.1,14.05,520,14.1,3440,107000,5605440
FINNIFTY02JAN2421500CE.NFO,02/01/2024,09:21:35,13.8,13.7,6240,13.8,5200,91080,5605440
FINNIFTY02JAN2421500CE.NFO,02/01/2024,09:21:37,13.5,13.45,240,13.5,3400,108320,5605440
FINNIFTY02JAN2421500CE.NFO,02/01/2024,09:21:39,13.25,13.25,4000,13.35,10080,64640,5605440
FINNIFTY02JAN2421500CE.NFO,02/01/2024,09:21:40,13.1,13.1,4240,13.2,13280,72080,5605440
FINNIFTY02JAN2421500CE.NFO,02/01/2024,09:21:42,12.85,12.85,13120,12.95,360,130560,5605440
FINNIFTY02JAN2421500CE.NFO,02/01/2024,09:21:44,12.8,12.8,400,12.85,3080,75080,5605440
FINNIFTY02JAN2421500CE.NFO,02/01/2024,09:21:45,12.85,12.85,8920,12.95,10600,71880,5605440
FINNIFTY02JAN2421500CE.NFO,02/01/2024,09:21:47,12.7,12.7,3520,12.75,2520,63760,5605440
FINNIFTY02JAN2421500CE.NFO,02/01/2024,09:21:49,12.7,12.65,9640,12.75,5360,62480,5605440
FINNIFTY02JAN2421500CE.NFO,02/01/2024,09:21:50,12.65,12.6,4880,12.65,2680,45960,5605440
FINNIFTY02JAN2421500CE.NFO,02/01/2024,09:21:52,12.8,12.7,8840,12.8,5720,52720,5605440
FINNIFTY02JAN2421500CE.NFO,02/01/2024,09:21:54,12.65,12.65,160,12.7,9360,49240,5605440
FINNIFTY02JAN2421500CE.NFO,02/01/2024,09:21:55,12.85,12.8,7960,12.85,15080,53720,5605440
FINNIFTY02JAN2421500CE.NFO,02/01/2024,09:21:57,13.15,13.05,8960,13.15,6160,82960,5605440
FINNIFTY02JAN2421500CE.NFO,02/01/2024,09:21:59,13.5,13.45,7200,13.55,6400,61360,5605440
FINNIFTY02JAN2421500CE.NFO,02/01/2024,09:22:00,13.3,13.25,2200,13.3,6480,68960,5605440
FINNIFTY02JAN2421500CE.NFO,02/01/2024,09:22:02,13.05,13.05,9160,13.15,8800,57480,5605440
FINNIFTY02JAN2421500CE.NFO,02/01/2024,09:22:04,13.05,13,40,13.05,7280,94760,5605440
FINNIFTY02JAN2421500CE.NFO,02/01/2024,09:22:05,12.85,12.8,7320,12.85,2280,61160,5605440
FINNIFTY02JAN2421500CE.NFO,02/01/2024,09:22:07,12.7,12.6,12400,12.7,11000,63880,5605440
FINNIFTY02JAN2421500CE.NFO,02/01/2024,09:22:09,12.7,12.6,8160,12.7,8480,73560,5605440
FINNIFTY02JAN2421500CE.NFO,02/01/2024,09:22:10,12.65,12.6,10320,12.65,2560,51120,5605440
FINNIFTY02JAN2421500CE.NFO,02/01/2024,09:22:12,12.6,12.6,3360,12.65,8360,34440,5605440
FINNIFTY02JAN2421500CE.NFO,02/01/2024,09:22:14,12.75,12.65,11400,12.75,13280,75040,5605440
FINNIFTY02JAN2421500CE.NFO,02/01/2024,09:22:15,12.6,12.5,27160,12.6,12160,24280,5605440
FINNIFTY02JAN2421500CE.NFO,02/01/2024,09:22:17,12.15,12.1,2240,12.15,5240,132760,5605440
FINNIFTY02JAN2421500CE.NFO,02/01/2024,09:22:19,12.3,12.25,2680,12.3,8240,43360,5605440
FINNIFTY02JAN2421500CE.NFO,02/01/2024,09:22:20,12.2,12.15,3960,12.2,7360,43880,5605440
FINNIFTY02JAN2421500CE.NFO,02/01/2024,09:22:22,12.15,12.15,3520,12.2,8880,29000,5605440
FINNIFTY02JAN2421500CE.NFO,02/01/2024,09:22:24,11.95,11.9,4080,11.95,4720,121960,5605440
FINNIFTY02JAN2421500CE.NFO,02/01/2024,09:22:25,11.75,11.7,4840,11.75,7240,55800,5605440
FINNIFTY02JAN2421500CE.NFO,02/01/2024,09:22:27,11.6,11.55,7640,11.6,6160,119200,5605440
FINNIFTY02JAN2421500CE.NFO,02/01/2024,09:22:29,11.5,11.45,5440,11.5,7080,63320,5605440
FINNIFTY02JAN2421500CE.NFO,02/01/2024,09:22:30,11.65,11.55,16560,11.65,7280,58880,5605440
FINNIFTY02JAN2421500CE.NFO,02/01/2024,09:22:32,11.5,11.5,8640,11.55,2040,37800,5605440
FINNIFTY02JAN2421500CE.NFO,02/01/2024,09:22:34,11.4,11.3,12480,11.4,13000,52280,5605440
FINNIFTY02JAN2421500CE.NFO,02/01/2024,09:22:35,11.15,11.05,8960,11.15,15040,108440,5605440
FINNIFTY02JAN2421500CE.NFO,02/01/2024,09:22:37,11.35,11.35,4680,11.4,9560,39080,5605440
FINNIFTY02JAN2421500CE.NFO,02/01/2024,09:22:39,11.3,11.3,1200,11.35,10200,55160,5605440
FINNIFTY02JAN2421500CE.NFO,02/01/2024,09:22:40,11.3,11.3,8640,11.35,320,46880,5605440
FINNIFTY02JAN2421500CE.NFO,02/01/2024,09:22:42,11.2,11.2,8760,11.25,5960,47280,5605440
FINNIFTY02JAN2421500CE.NFO,02/01/2024,09:22:44,11.2,11.15,12840,11.2,680,109920,5605440
FINNIFTY02JAN2421500CE.NFO,02/01/2024,09:22:45,11.2,11.15,640,11.2,11960,30040,5605440
FINNIFTY02JAN2421500CE.NFO,02/01/2024,09:22:47,11.4,11.4,12480,11.45,5560,84440,5605440
FINNIFTY02JAN2421500CE.NFO,02/01/2024,09:22:49,11.15,11.1,17200,11.15,280,43840,5605440
FINNIFTY02JAN2421500CE.NFO,02/01/2024,09:22:50,11.35,11.3,720,11.35,7360,53480,5605440
FINNIFTY02JAN2421500CE.NFO,02/01/2024,09:22:52,11.65,11.65,6240,11.7,5520,57480,5605440
FINNIFTY02JAN2421500CE.NFO,02/01/2024,09:22:54,11.65,11.65,8040,11.7,1760,75720,5605440
FINNIFTY02JAN2421500CE.NFO,02/01/2024,09:22:56,11.6,11.55,5320,11.6,3320,48760,5605440
FINNIFTY02JAN2421500CE.NFO,02/01/2024,09:22:57,11.9,11.85,9040,11.95,13000,43920,5605440
FINNIFTY02JAN2421500CE.NFO,02/01/2024,09:22:59,12,11.95,4760,12,8520,53080,5605440
FINNIFTY02JAN2421500CE.NFO,02/01/2024,09:23:01,11.8,11.75,2040,11.8,6880,43680,5605440
FINNIFTY02JAN2421500CE.NFO,02/01/2024,09:23:02,11.9,11.8,10680,11.9,14080,50440,5605440
FINNIFTY02JAN2421500CE.NFO,02/01/2024,09:23:04,11.75,11.75,80,11.8,10520,36960,5605440
FINNIFTY02JAN2421500CE.NFO,02/01/2024,09:23:06,12.2,12.15,9240,12.25,11040,41800,5605440
FINNIFTY02JAN2421500CE.NFO,02/01/2024,09:23:07,12.7,12.65,5400,12.75,15360,99240,5605440
FINNIFTY02JAN2421500CE.NFO,02/01/2024,09:23:09,12.7,12.65,5160,12.7,6400,56840,5605440
FINNIFTY02JAN2421500CE.NFO,02/01/2024,09:23:11,12.7,12.65,6760,12.7,3400,81560,5605440
FINNIFTY02JAN2421500CE.NFO,02/01/2024,09:23:12,12.35,12.3,16280,12.35,880,55320,5605440
FINNIFTY02JAN2421500CE.NFO,02/01/2024,09:23:14,12.65,12.6,1360,12.65,15560,66040,5605440
FINNIFTY02JAN2421500CE.NFO,02/01/2024,09:23:16,12.65,12.55,11560,12.65,5600,43960,5605440
FINNIFTY02JAN2421500CE.NFO,02/01/2024,09:23:17,13.1,13.1,4920,13.15,2880,73560,5605440
FINNIFTY02JAN2421500CE.NFO,02/01/2024,09:23:19,12.85,12.8,3920,12.85,4120,91280,5605440
FINNIFTY02JAN2421500CE.NFO,02/01/2024,09:23:21,12.65,12.65,10920,12.7,2600,53560,5605440
FINNIFTY02JAN2421500CE.NFO,02/01/2024,09:23:22,12.75,12.7,2760,12.75,7080,48040,5605440
FINNIFTY02JAN2421500CE.NFO,02/01/2024,09:23:24,12.75,12.7,3680,12.75,2440,48680,5865640
FINNIFTY02JAN2421500CE.NFO,02/01/2024,09:23:26,12.55,12.55,11200,12.6,160,33320,5865640
FINNIFTY02JAN2421500CE.NFO,02/01/2024,09:23:27,12.6,12.55,200,12.6,7880,41320,5865640
FINNIFTY02JAN2421500CE.NFO,02/01/2024,09:23:29,12.3,12.25,14040,12.3,6400,93840,5865640
FINNIFTY02JAN2421500CE.NFO,02/01/2024,09:23:31,12.15,12.15,12120,12.25,10640,75480,5865640
FINNIFTY02JAN2421500CE.NFO,02/01/2024,09:23:32,12.45,12.45,7360,12.5,5360,46280,5865640
FINNIFTY02JAN2421500CE.NFO,02/01/2024,09:23:34,12.55,12.55,4320,12.65,14600,46240,5865640
FINNIFTY02JAN2421500CE.NFO,02/01/2024,09:23:36,12.6,12.6,4240,12.65,7240,39480,5865640
FINNIFTY02JAN2421500CE.NFO,02/01/2024,09:23:37,12.95,12.85,14680,12.95,12120,40880,5865640
FINNIFTY02JAN2421500CE.NFO,02/01/2024,09:23:39,13.1,13,6640,13.1,11000,91280,5865640
FINNIFTY02JAN2421500CE.NFO,02/01/2024,09:23:41,12.7,12.75,1240,12.8,13640,44160,5865640
FINNIFTY02JAN2421500CE.NFO,02/01/2024,09:23:42,12.65,12.6,2800,12.65,11880,48560,5865640
FINNIFTY02JAN2421500CE.NFO,02/01/2024,09:23:44,12.75,12.65,7600,12.75,13280,19240,5865640
FINNIFTY02JAN2421500CE.NFO,02/01/2024,09:23:46,12.65,12.65,6800,12.75,11440,16080,5865640
FINNIFTY02JAN2421500CE.NFO,02/01/2024,09:23:47,12.45,12.4,2080,12.45,11480,34480,5865640
FINNIFTY02JAN2421500CE.NFO,02/01/2024,09:23:49,12.35,12.25,20120,12.35,7960,37560,5865640
FINNIFTY02JAN2421500CE.NFO,02/01/2024,09:23:51,12.15,12.1,12640,12.15,1400,38960,5865640
FINNIFTY02JAN2421500CE.NFO,02/01/2024,09:23:52,12.3,12.25,3040,12.3,8480,36680,5865640
FINNIFTY02JAN2421500CE.NFO,02/01/2024,09:23:54,12.15,12.15,640,12.2,10560,42920,5865640
FINNIFTY02JAN2421500CE.NFO,02/01/2024,09:23:56,11.95,11.9,2320,11.95,3800,77480,5865640
FINNIFTY02JAN2421500CE.NFO,02/01/2024,09:23:57,11.95,11.9,4360,11.95,5960,47440,5865640
FINNIFTY02JAN2421500CE.NFO,02/01/2024,09:23:59,11.7,11.7,5280,11.75,12560,77200,5865640
FINNIFTY02JAN2421500CE.NFO,02/01/2024,09:24:01,11.5,11.45,1120,11.5,7800,48600,5865640
FINNIFTY02JAN2421500CE.NFO,02/01/2024,09:24:02,11.4,11.35,10440,11.4,4560,62160,5865640
FINNIFTY02JAN2421500CE.NFO,02/01/2024,09:24:04,11.65,11.6,1200,11.65,12320,63280,5865640
FINNIFTY02JAN2421500CE.NFO,02/01/2024,09:24:06,11.9,11.8,13120,11.9,10120,43320,5865640
FINNIFTY02JAN2421500CE.NFO,02/01/2024,09:24:07,11.75,11.7,17080,11.8,11920,38480,5865640
FINNIFTY02JAN2421500CE.NFO,02/01/2024,09:24:09,11.85,11.8,14960,11.85,40,57040,5865640
FINNIFTY02JAN2421500CE.NFO,02/01/2024,09:24:11,11.9,11.9,3520,11.95,10560,32440,5865640
FINNIFTY02JAN2421500CE.NFO,02/01/2024,09:24:12,12.1,12,12800,12.1,17080,48440,5865640
FINNIFTY02JAN2421500CE.NFO,02/01/2024,09:24:14,12.05,12.05,5720,12.1,10200,31760,5865640
FINNIFTY02JAN2421500CE.NFO,02/01/2024,09:24:16,11.75,11.7,8280,11.75,2360,53520,5865640
FINNIFTY02JAN2421500CE.NFO,02/01/2024,09:24:17,11.8,11.75,1200,11.8,11440,22720,5865640
FINNIFTY02JAN2421500CE.NFO,02/01/2024,09:24:19,11.6,11.6,17000,11.7,16560,33240,5865640
FINNIFTY02JAN2421500CE.NFO,02/01/2024,09:24:21,11.4,11.4,21160,11.5,18440,51720,5865640
FINNIFTY02JAN2421500CE.NFO,02/01/2024,09:24:22,11.4,11.3,15440,11.4,11200,35400,5865640
FINNIFTY02JAN2421500CE.NFO,02/01/2024,09:24:24,11.2,11.15,19760,11.25,13800,67120,5865640
FINNIFTY02JAN2421500CE.NFO,02/01/2024,09:24:26,11.4,11.35,8480,11.4,680,29280,5865640
FINNIFTY02JAN2421500CE.NFO,02/01/2024,09:24:27,11.2,11.2,4760,11.25,24000,43160,5865640
FINNIFTY02JAN2421500CE.NFO,02/01/2024,09:24:29,11.3,11.25,10280,11.3,2520,91560,5865640
FINNIFTY02JAN2421500CE.NFO,02/01/2024,09:24:31,11.25,11.2,12000,11.25,960,34000,5865640
FINNIFTY02JAN2421500CE.NFO,02/01/2024,09:24:32,11.3,11.2,18520,11.3,12920,73600,5865640
FINNIFTY02JAN2421500CE.NFO,02/01/2024,09:24:34,11,11,100520,11.05,1840,121840,5865640
FINNIFTY02JAN2421500CE.NFO,02/01/2024,09:24:36,11.1,11.1,4240,11.15,4480,60360,5865640
FINNIFTY02JAN2421500CE.NFO,02/01/2024,09:24:37,11.5,11.45,1080,11.5,11160,74560,5865640
FINNIFTY02JAN2421500CE.NFO,02/01/2024,09:24:39,11.35,11.3,14320,11.35,2200,24720,5865640
FINNIFTY02JAN2421500CE.NFO,02/01/2024,09:24:41,11.25,11.25,14720,11.35,23240,25880,5865640
FINNIFTY02JAN2421500CE.NFO,02/01/2024,09:24:42,11.25,11.25,3840,11.3,8280,42960,5865640
FINNIFTY02JAN2421500CE.NFO,02/01/2024,09:24:44,11.35,11.35,4680,11.4,7440,46560,5865640
FINNIFTY02JAN2421500CE.NFO,02/01/2024,09:24:46,11.4,11.35,5040,11.4,5920,29600,5865640
FINNIFTY02JAN2421500CE.NFO,02/01/2024,09:24:47,11.35,11.3,14080,11.4,18240,29080,5865640
FINNIFTY02JAN2421500CE.NFO,02/01/2024,09:24:49,11.65,11.65,3720,11.7,8480,99360,5865640
FINNIFTY02JAN2421500CE.NFO,02/01/2024,09:24:51,11.75,11.7,4080,11.75,10240,28880,5865640
FINNIFTY02JAN2421500CE.NFO,02/01/2024,09:24:52,11.45,11.4,3240,11.45,12800,44400,5865640
FINNIFTY02JAN2421500CE.NFO,02/01/2024,09:24:54,11.45,11.4,8200,11.45,10600,34880,5865640
FINNIFTY02JAN2421500CE.NFO,02/01/2024,09:24:56,11.05,11.05,13280,11.15,17920,67080,5865640
FINNIFTY02JAN2421500CE.NFO,02/01/2024,09:24:57,11.05,11.05,15440,11.15,13720,89920,5865640
FINNIFTY02JAN2421500CE.NFO,02/01/2024,09:24:59,10.85,10.8,1680,10.85,11920,134920,5865640
FINNIFTY02JAN2421500CE.NFO,02/01/2024,09:25:01,10.55,10.55,3720,10.6,3800,205360,5865640
FINNIFTY02JAN2421500CE.NFO,02/01/2024,09:25:02,11.05,10.95,14880,11.05,9240,85640,5865640
FINNIFTY02JAN2421500CE.NFO,02/01/2024,09:25:04,11,10.95,3280,11,480,67520,5865640
FINNIFTY02JAN2421500CE.NFO,02/01/2024,09:25:06,10.95,10.85,8560,10.95,10560,43440,5865640
FINNIFTY02JAN2421500CE.NFO,02/01/2024,09:25:07,11.25,11.25,4280,11.3,7400,53800,5865640
FINNIFTY02JAN2421500CE.NFO,02/01/2024,09:25:09,11,10.9,18240,11,11920,106680,5865640
FINNIFTY02JAN2421500CE.NFO,02/01/2024,09:25:11,10.8,10.75,6040,10.8,13480,53880,5865640
FINNIFTY02JAN2421500CE.NFO,02/01/2024,09:25:12,10.85,10.8,10760,10.9,17040,38760,5865640
FINNIFTY02JAN2421500CE.NFO,02/01/2024,09:25:14,10.8,10.75,16480,10.8,4080,28480,5865640
FINNIFTY02JAN2421500CE.NFO,02/01/2024,09:25:16,10.6,10.6,16720,10.7,12840,31800,5865640
FINNIFTY02JAN2421500CE.NFO,02/01/2024,09:25:17,10.75,10.75,18120,10.85,5960,46360,5865640
FINNIFTY02JAN2421500CE.NFO,02/01/2024,09:25:19,11,10.95,10040,11,2320,26920,5865640
FINNIFTY02JAN2421500CE.NFO,02/01/2024,09:25:21,11.2,11.15,11400,11.2,5640,52000,5865640
FINNIFTY02JAN2421500CE.NFO,02/01/2024,09:25:22,11.2,11.15,12040,11.2,3720,63320,5865640
FINNIFTY02JAN2421500CE.NFO,02/01/2024,09:25:24,11,11,11440,11.1,19320,57960,5865640
FINNIFTY02JAN2421500CE.NFO,02/01/2024,09:25:26,11.05,10.95,15520,11.05,16360,34000,5865640
FINNIFTY02JAN2421500CE.NFO,02/01/2024,09:25:27,11.4,11.3,18520,11.4,9520,61240,5865640
FINNIFTY02JAN2421500CE.NFO,02/01/2024,09:25:29,11.4,11.4,17920,11.5,21440,39160,5865640
FINNIFTY02JAN2421500CE.NFO,02/01/2024,09:25:31,11.55,11.55,3240,11.6,7440,28440,5865640
FINNIFTY02JAN2421500CE.NFO,02/01/2024,09:25:32,11.75,11.7,15560,11.8,18000,32520,5865640
FINNIFTY02JAN2421500CE.NFO,02/01/2024,09:25:34,11.85,11.85,6800,11.9,2280,82200,5865640
FINNIFTY02JAN2421500CE.NFO,02/01/2024,09:25:36,11.95,11.95,6360,12,26760,46360,5865640
FINNIFTY02JAN2421500CE.NFO,02/01/2024,09:25:37,11.9,11.9,5360,11.95,5800,50120,5865640
FINNIFTY02JAN2421500CE.NFO,02/01/2024,09:25:39,11.6,11.6,22160,11.7,12480,57600,5865640
FINNIFTY02JAN2421500CE.NFO,02/01/2024,09:25:41,11.65,11.6,9920,11.65,120,40240,5865640
FINNIFTY02JAN2421500CE.NFO,02/01/2024,09:25:42,11.9,11.85,8040,11.9,10560,25520,5865640
FINNIFTY02JAN2421500CE.NFO,02/01/2024,09:25:44,11.8,11.75,10920,11.8,10000,33520,5865640
FINNIFTY02JAN2421500CE.NFO,02/01/2024,09:25:46,11.75,11.75,17880,11.85,18960,21200,5865640
FINNIFTY02JAN2421500CE.NFO,02/01/2024,09:25:47,11.85,11.75,13360,11.8,640,55160,5865640
FINNIFTY02JAN2421500CE.NFO,02/01/2024,09:25:49,11.6,11.5,12840,11.55,3280,22720,5865640
FINNIFTY02JAN2421500CE.NFO,02/01/2024,09:25:51,11.55,11.55,5520,11.6,5920,48440,5865640
FINNIFTY02JAN2421500CE.NFO,02/01/2024,09:25:52,11.65,11.55,13200,11.65,13960,43480,5865640
FINNIFTY02JAN2421500CE.NFO,02/01/2024,09:25:54,11.95,11.9,14200,11.95,120,50000,5865640
FINNIFTY02JAN2421500CE.NFO,02/01/2024,09:25:56,12.25,12.25,6720,12.3,2760,107080,5865640
FINNIFTY02JAN2421500CE.NFO,02/01/2024,09:25:57,12.45,12.5,10800,12.55,640,55920,5865640
FINNIFTY02JAN2421500CE.NFO,02/01/2024,09:25:59,12.55,12.5,8520,12.6,18840,74360,5865640
FINNIFTY02JAN2421500CE.NFO,02/01/2024,09:26:01,12.7,12.6,12360,12.7,8920,79720,5865640
FINNIFTY02JAN2421500CE.NFO,02/01/2024,09:26:02,12.55,12.5,8400,12.55,7200,61000,5865640
FINNIFTY02JAN2421500CE.NFO,02/01/2024,09:26:04,12.5,12.4,21040,12.5,8800,45200,5865640
FINNIFTY02JAN2421500CE.NFO,02/01/2024,09:26:06,12.45,12.45,5920,12.5,5520,28080,5865640
FINNIFTY02JAN2421500CE.NFO,02/01/2024,09:26:07,12.4,12.35,11360,12.4,1800,42320,5865640
FINNIFTY02JAN2421500CE.NFO,02/01/2024,09:26:09,12.5,12.45,8240,12.55,19080,49440,5865640
FINNIFTY02JAN2421500CE.NFO,02/01/2024,09:26:11,12.45,12.4,12240,12.45,4240,46840,5865640
FINNIFTY02JAN2421500CE.NFO,02/01/2024,09:26:12,12.5,12.45,9480,12.5,3120,36720,5865640
FINNIFTY02JAN2421500CE.NFO,02/01/2024,09:26:14,13.35,13.3,11720,13.35,240,196920,5865640
FINNIFTY02JAN2421500CE.NFO,02/01/2024,09:26:16,21,20.15,160,21,11800,912880,5865640
FINNIFTY02JAN2421500CE.NFO,02/01/2024,09:26:17,16.7,16.65,720,16.75,880,870120,5865640
FINNIFTY02JAN2421500CE.NFO,02/01/2024,09:26:19,17.35,17.4,1200,17.5,240,479040,5865640
FINNIFTY02JAN2421500CE.NFO,02/01/2024,09:26:21,17.1,17.1,160,17.15,1720,209240,5865640
FINNIFTY02JAN2421500CE.NFO,02/01/2024,09:26:22,16.75,16.65,3160,16.75,200,178800,5865640
FINNIFTY02JAN2421500CE.NFO,02/01/2024,09:26:24,16.5,16.45,4200,16.55,2920,174080,6046760
FINNIFTY02JAN2421500CE.NFO,02/01/2024,09:26:26,16.4,16.3,1160,16.45,4840,164640,6046760
FINNIFTY02JAN2421500CE.NFO,02/01/2024,09:26:27,16.75,16.7,2960,16.85,3280,173600,6046760
FINNIFTY02JAN2421500CE.NFO,02/01/2024,09:26:29,18.8,18.65,3880,18.75,1040,227040,6046760
FINNIFTY02JAN2421500CE.NFO,02/01/2024,09:26:31,19.25,19.2,4080,19.25,760,308880,6046760
FINNIFTY02JAN2421500CE.NFO,02/01/2024,09:26:32,18.85,18.8,1960,18.85,280,256080,6046760
FINNIFTY02JAN2421500CE.NFO,02/01/2024,09:26:34,19,18.9,40,18.95,2640,188600,6046760
FINNIFTY02JAN2421500CE.NFO,02/01/2024,09:26:36,19,18.95,2160,19,3200,178920,6046760
FINNIFTY02JAN2421500CE.NFO,02/01/2024,09:26:37,20.6,20.55,1240,20.6,80,198440,6046760
FINNIFTY02JAN2421500CE.NFO,02/01/2024,09:26:39,22.7,22.7,3320,22.8,160,270000,6046760
FINNIFTY02JAN2421500CE.NFO,02/01/2024,09:26:41,21.15,21.25,1440,21.35,400,323640,6046760
FINNIFTY02JAN2421500CE.NFO,02/01/2024,09:26:42,21.4,21.4,1560,21.55,880,237440,6046760
FINNIFTY02JAN2421500CE.NFO,02/01/2024,09:26:44,22.5,22.4,280,22.5,1400,249360,6046760
FINNIFTY02JAN2421500CE.NFO,02/01/2024,09:26:46,24.2,24.1,520,24.25,280,299720,6046760
FINNIFTY02JAN2421500CE.NFO,02/01/2024,09:26:47,23.15,23.1,680,23.15,520,278240,6046760
FINNIFTY02JAN2421500CE.NFO,02/01/2024,09:26:49,21.6,21.6,680,21.7,80,203720,6046760
FINNIFTY02JAN2421500CE.NFO,02/01/2024,09:26:51,22.85,22.9,320,23,12680,235920,6046760
FINNIFTY02JAN2421500CE.NFO,02/01/2024,09:26:52,23.1,22.95,1920,23.1,200,234040,6046760
FINNIFTY02JAN2421500CE.NFO,02/01/2024,09:26:54,21.6,21.6,600,21.7,120,227320,6046760
FINNIFTY02JAN2421500CE.NFO,02/01/2024,09:26:56,21.05,21,40,21.2,880,251800,6046760
FINNIFTY02JAN2421500CE.NFO,02/01/2024,09:26:57,20.55,20.4,2120,20.55,2280,136040,6046760
FINNIFTY02JAN2421500CE.NFO,02/01/2024,09:26:59,20.45,20.3,1840,20.45,2920,236120,6046760
FINNIFTY02JAN2421500CE.NFO,02/01/2024,09:27:01,21.1,21.1,40,21.15,2840,225200,6046760
FINNIFTY02JAN2421500CE.NFO,02/01/2024,09:27:02,21.85,21.7,2160,21.85,1800,213040,6046760
FINNIFTY02JAN2421500CE.NFO,02/01/2024,09:27:04,22.35,22.2,920,22.3,40,155080,6046760
FINNIFTY02JAN2421500CE.NFO,02/01/2024,09:27:06,21.9,21.75,4320,21.9,5360,211600,6046760
FINNIFTY02JAN2421500CE.NFO,02/01/2024,09:27:07,22.4,22.3,240,22.4,1440,112480,6046760
FINNIFTY02JAN2421500CE.NFO,02/01/2024,09:27:09,23.5,23.5,1920,23.6,40,197360,6046760
FINNIFTY02JAN2421500CE.NFO,02/01/2024,09:27:11,22.15,22,5160,22.15,960,188920,6046760
FINNIFTY02JAN2421500CE.NFO,02/01/2024,09:27:12,22.05,21.95,3480,22.1,4520,140360,6046760
FINNIFTY02JAN2421500CE.NFO,02/01/2024,09:27:14,21.8,21.85,2280,21.95,1120,92080,6046760
FINNIFTY02JAN2421500CE.NFO,02/01/2024,09:27:16,21.5,21.5,3280,21.6,360,129480,6046760
FINNIFTY02JAN2421500CE.NFO,02/01/2024,09:27:18,21.45,21.5,200,21.6,2960,136920,6046760
FINNIFTY02JAN2421500CE.NFO,02/01/2024,09:27:19,21.5,21.35,4240,21.5,3200,121080,6046760
FINNIFTY02JAN2421500CE.NFO,02/01/2024,09:27:21,21.8,21.7,840,21.8,3920,69120,6046760
FINNIFTY02JAN2421500CE.NFO,02/01/2024,09:27:23,21.65,21.6,5280,21.7,1400,96120,6046760
FINNIFTY02JAN2421500CE.NFO,02/01/2024,09:27:24,22,21.95,3080,22,80,90320,6046760
FINNIFTY02JAN2421500CE.NFO,02/01/2024,09:27:26,20.9,20.8,1760,20.9,840,150480,6046760
FINNIFTY02JAN2421500CE.NFO,02/01/2024,09:27:28,20.15,20.15,2160,20.25,2680,107880,6046760
FINNIFTY02JAN2421500CE.NFO,02/01/2024,09:27:29,20.2,20.2,1960,20.3,4720,118520,6046760
FINNIFTY02JAN2421500CE.NFO,02/01/2024,09:27:31,20,20,18480,20.05,2520,130280,6046760
FINNIFTY02JAN2421500CE.NFO,02/01/2024,09:27:33,19.65,19.65,1040,19.7,3000,163800,6046760
FINNIFTY02JAN2421500CE.NFO,02/01/2024,09:27:34,20,20,5520,20.1,1880,134760,6046760
FINNIFTY02JAN2421500CE.NFO,02/01/2024,09:27:36,20.85,20.8,6520,20.9,2800,89280,6046760
FINNIFTY02JAN2421500CE.NFO,02/01/2024,09:27:38,20.85,20.85,800,20.9,40,72600,6046760
FINNIFTY02JAN2421500CE.NFO,02/01/2024,09:27:39,20.75,20.75,2160,20.8,440,71920,6046760
FINNIFTY02JAN2421500CE.NFO,02/01/2024,09:27:41,20.85,20.9,2120,21,7400,66400,6046760
FINNIFTY02JAN2421500CE.NFO,02/01/2024,09:27:43,21.3,21.3,2280,21.35,1800,83960,6046760
FINNIFTY02JAN2421500CE.NFO,02/01/2024,09:27:44,20.85,20.75,200,20.8,2560,102360,6046760
FINNIFTY02JAN2421500CE.NFO,02/01/2024,09:27:46,20.7,20.6,1400,20.7,5520,66480,6046760
FINNIFTY02JAN2421500CE.NFO,02/01/2024,09:27:48,20.75,20.65,80,20.7,4320,51560,6046760
FINNIFTY02JAN2421500CE.NFO,02/01/2024,09:27:49,21.3,21.25,4160,21.35,480,63520,6046760
FINNIFTY02JAN2421500CE.NFO,02/01/2024,09:27:51,21.8,21.7,2440,21.8,1000,59080,6046760
FINNIFTY02JAN2421500CE.NFO,02/01/2024,09:27:53,23.65,23.65,40,23.75,4760,286800,6046760
FINNIFTY02JAN2421500CE.NFO,02/01/2024,09:27:54,23.3,23.3,2840,23.4,2640,166000,6046760
FINNIFTY02JAN2421500CE.NFO,02/01/2024,09:27:56,23.75,23.75,760,23.85,2400,152000,6046760
FINNIFTY02JAN2421500CE.NFO,02/01/2024,09:27:58,25.55,25.3,280,25.55,80,590520,6046760
FINNIFTY02JAN2421500CE.NFO,02/01/2024,09:27:58,30,25.3,280,25.55,80,0,6046760
FINNIFTY02JAN2421500CE.NFO,02/01/2024,09:27:59,26.25,26.25,920,26.4,3560,398520,6046760
FINNIFTY02JAN2421500CE.NFO,02/01/2024,09:28:01,26.25,26.1,2400,26.25,2480,296160,6046760
FINNIFTY02JAN2421500CE.NFO,02/01/2024,09:28:03,27.7,27.65,960,27.7,360,204720,6046760
FINNIFTY02JAN2421500CE.NFO,02/01/2024,09:28:04,27.55,27.45,1800,27.55,1200,251840,6046760
FINNIFTY02JAN2421500CE.NFO,02/01/2024,09:28:06,26.35,26.3,160,26.4,6280,200600,6046760
FINNIFTY02JAN2421500CE.NFO,02/01/2024,09:28:08,25.8,25.85,1880,25.95,2040,199840,6046760
FINNIFTY02JAN2421500CE.NFO,02/01/2024,09:28:09,25.85,25.7,3360,25.85,2240,178240,6046760
FINNIFTY02JAN2421500CE.NFO,02/01/2024,09:28:11,25.65,25.55,40,25.65,1880,136800,6046760
FINNIFTY02JAN2421500CE.NFO,02/01/2024,09:28:13,25.25,25.1,600,25.25,2720,172800,6046760
FINNIFTY02JAN2421500CE.NFO,02/01/2024,09:28:14,24.8,24.7,160,24.8,2080,204960,6046760
FINNIFTY02JAN2421500CE.NFO,02/01/2024,09:28:16,25.35,25.2,2280,25.35,2400,127760,6046760
FINNIFTY02JAN2421500CE.NFO,02/01/2024,09:28:18,24.9,24.8,2400,24.95,3600,136320,6046760
FINNIFTY02JAN2421500CE.NFO,02/01/2024,09:28:19,24.8,24.8,120,24.9,5080,148960,6046760
FINNIFTY02JAN2421500CE.NFO,02/01/2024,09:28:21,25.15,25.15,40,25.25,3080,124120,6046760
FINNIFTY02JAN2421500CE.NFO,02/01/2024,09:28:23,25.65,25.55,120,25.65,3040,92000,6046760
FINNIFTY02JAN2421500CE.NFO,02/01/2024,09:28:24,26.65,26.6,440,26.7,1000,114200,6046760
FINNIFTY02JAN2421500CE.NFO,02/01/2024,09:28:26,26.6,26.55,2560,26.65,1080,158440,6046760
FINNIFTY02JAN2421500CE.NFO,02/01/2024,09:28:28,26.05,26,3080,26.05,480,108960,6046760
FINNIFTY02JAN2421500CE.NFO,02/01/2024,09:28:29,26.45,26.35,400,26.45,920,98600,6046760
FINNIFTY02JAN2421500CE.NFO,02/01/2024,09:28:31,25.7,25.7,1280,25.75,2240,94160,6046760
FINNIFTY02JAN2421500CE.NFO,02/01/2024,09:28:33,24.65,24.65,2040,24.75,600,165680,6046760
FINNIFTY02JAN2421500CE.NFO,02/01/2024,09:28:34,24.4,24.25,2080,24.35,2200,123240,6046760
FINNIFTY02JAN2421500CE.NFO,02/01/2024,09:28:36,24.35,24.35,3320,24.5,7120,131840,6046760
FINNIFTY02JAN2421500CE.NFO,02/01/2024,09:28:38,23.65,23.65,280,23.75,5200,182720,6046760
FINNIFTY02JAN2421500CE.NFO,02/01/2024,09:28:39,23.9,23.9,440,24,3200,75760,6046760
FINNIFTY02JAN2421500CE.NFO,02/01/2024,09:28:41,24.35,24.25,3800,24.35,40,80800,6046760
FINNIFTY02JAN2421500CE.NFO,02/01/2024,09:28:43,24.15,24.2,760,24.25,600,96680,6046760
FINNIFTY02JAN2421500CE.NFO,02/01/2024,09:28:44,24.4,24.4,2360,24.5,2640,96360,6046760
FINNIFTY02JAN2421500CE.NFO,02/01/2024,09:28:46,25.05,25,2680,25.1,680,58640,6046760
FINNIFTY02JAN2421500CE.NFO,02/01/2024,09:28:48,24.95,24.85,3680,24.95,160,76880,6046760
FINNIFTY02JAN2421500CE.NFO,02/01/2024,09:28:49,24.4,24.4,1400,24.5,1760,66680,6046760
FINNIFTY02JAN2421500CE.NFO,02/01/2024,09:28:51,24.9,24.75,1040,24.9,6120,64840,6046760
FINNIFTY02JAN2421500CE.NFO,02/01/2024,09:28:53,24.65,24.55,2400,24.6,240,76920,6046760
FINNIFTY02JAN2421500CE.NFO,02/01/2024,09:28:54,24.4,24.25,1840,24.4,6360,41280,6046760
FINNIFTY02JAN2421500CE.NFO,02/01/2024,09:28:56,23.8,23.75,120,23.85,3520,82320,6046760
FINNIFTY02JAN2421500CE.NFO,02/01/2024,09:28:58,23.8,23.75,4280,23.85,560,81600,6046760
FINNIFTY02JAN2421500CE.NFO,02/01/2024,09:28:59,23.6,23.5,120,23.6,1120,77040,6046760
FINNIFTY02JAN2421500CE.NFO,02/01/2024,09:29:01,23.45,23.45,160,23.5,1960,181560,6046760
FINNIFTY02JAN2421500CE.NFO,02/01/2024,09:29:03,22.9,22.9,240,22.95,2280,89480,6046760
FINNIFTY02JAN2421500CE.NFO,02/01/2024,09:29:04,23.2,23.15,3880,23.25,3080,76880,6046760
FINNIFTY02JAN2421500CE.NFO,02/01/2024,09:29:06,22.6,22.55,3640,22.6,80,73240,6046760
FINNIFTY02JAN2421500CE.NFO,02/01/2024,09:29:08,22.4,22.35,120,22.45,5040,108640,6046760
FINNIFTY02JAN2421500CE.NFO,02/01/2024,09:29:09,22.45,22.4,920,22.5,2480,67240,6046760
FINNIFTY02JAN2421500CE.NFO,02/01/2024,09:29:11,22.75,22.75,2000,22.85,4200,67080,6046760
FINNIFTY02JAN2421500CE.NFO,02/01/2024,09:29:13,23.45,23.45,1800,23.55,2640,82800,6046760
FINNIFTY02JAN2421500CE.NFO,02/01/2024,09:29:14,23.35,23.3,6080,23.45,2880,72360,6046760
FINNIFTY02JAN2421500CE.NFO,02/01/2024,09:29:16,22.95,22.85,1760,22.95,840,99200,6046760
FINNIFTY02JAN2421500CE.NFO,02/01/2024,09:29:18,22.8,22.8,4760,22.9,1000,42640,6046760
FINNIFTY02JAN2421500CE.NFO,02/01/2024,09:29:19,22.8,22.8,3680,22.9,1200,36600,6046760
FINNIFTY02JAN2421500CE.NFO,02/01/2024,09:29:21,22.55,22.5,1880,22.6,1400,50480,6046760
FINNIFTY02JAN2421500CE.NFO,02/01/2024,09:29:23,22.6,22.5,920,22.6,1680,57880,6046760
FINNIFTY02JAN2421500CE.NFO,02/01/2024,09:29:24,22.9,22.85,1920,22.95,3040,46440,6564280
FINNIFTY02JAN2421500CE.NFO,02/01/2024,09:29:26,22.5,22.4,5320,22.5,280,66320,6564280
FINNIFTY02JAN2421500CE.NFO,02/01/2024,09:29:28,22.2,22.2,120,22.25,1320,84400,6564280
FINNIFTY02JAN2421500CE.NFO,02/01/2024,09:29:29,22.2,22.2,1360,22.3,280,57520,6564280
FINNIFTY02JAN2421500CE.NFO,02/01/2024,09:29:31,22.65,22.55,360,22.65,3680,42720,6564280
FINNIFTY02JAN2421500CE.NFO,02/01/2024,09:29:33,22.4,22.35,3800,22.45,2400,42640,6564280
FINNIFTY02JAN2421500CE.NFO,02/01/2024,09:29:34,22.65,22.55,6960,22.7,5040,42280,6564280
FINNIFTY02JAN2421500CE.NFO,02/01/2024,09:29:36,23.15,23.15,7320,23.25,440,46480,6564280
FINNIFTY02JAN2421500CE.NFO,02/01/2024,09:29:38,23.3,23.15,4080,23.25,1840,55480,6564280
FINNIFTY02JAN2421500CE.NFO,02/01/2024,09:29:39,23.8,23.65,4160,23.8,3760,80160,6564280
FINNIFTY02JAN2421500CE.NFO,02/01/2024,09:29:41,23.5,23.45,920,23.55,3200,53000,6564280
FINNIFTY02JAN2421500CE.NFO,02/01/2024,09:29:43,23.05,22.95,3880,23,80,89560,6564280
FINNIFTY02JAN2421500CE.NFO,02/01/2024,09:29:44,23.1,22.95,3080,23.05,4000,42840,6564280
FINNIFTY02JAN2421500CE.NFO,02/01/2024,09:29:46,22.85,22.85,3040,22.95,1880,85400,6564280
FINNIFTY02JAN2421500CE.NFO,02/01/2024,09:29:48,22.7,22.6,6080,22.75,4680,61640,6564280
FINNIFTY02JAN2421500CE.NFO,02/01/2024,09:29:49,23.25,23.15,800,23.2,480,59560,6564280
FINNIFTY02JAN2421500CE.NFO,02/01/2024,09:29:51,23,22.95,3080,23.05,3920,48640,6564280
FINNIFTY02JAN2421500CE.NFO,02/01/2024,09:29:53,23.4,23.3,6000,23.4,920,75440,6564280
FINNIFTY02JAN2421500CE.NFO,02/01/2024,09:29:54,23.15,23.15,2960,23.25,2200,105240,6564280
FINNIFTY02JAN2421500CE.NFO,02/01/2024,09:29:56,22.9,22.85,2120,22.95,4560,71600,6564280
FINNIFTY02JAN2421500CE.NFO,02/01/2024,09:29:58,22.8,22.8,4280,22.9,40,61040,6564280
FINNIFTY02JAN2421500CE.NFO,02/01/2024,09:29:59,22.95,22.9,7080,23,2240,60680,6564280
FINNIFTY02JAN2421500CE.NFO,02/01/2024,09:30:01,23.25,23.2,2200,23.3,160,232800,6564280
FINNIFTY02JAN2421500CE.NFO,02/01/2024,09:30:03,22.2,22.15,2680,22.2,40,119680,6564280
FINNIFTY02JAN2421500CE.NFO,02/01/2024,09:30:04,21.8,21.7,5960,21.8,160,188480,6564280
FINNIFTY02JAN2421500CE.NFO,02/01/2024,09:30:06,21.15,21.15,3000,21.2,2960,103680,6564280
FINNIFTY02JAN2421500CE.NFO,02/01/2024,09:30:08,21.4,21.3,4880,21.4,520,189360,6564280
FINNIFTY02JAN2421500CE.NFO,02/01/2024,09:30:09,21.5,21.5,3800,21.6,2880,99080,6564280
FINNIFTY02JAN2421500CE.NFO,02/01/2024,09:30:11,21.95,21.85,2040,21.95,4440,125200,6564280
FINNIFTY02JAN2421500CE.NFO,02/01/2024,09:30:13,22.4,22.4,5680,22.5,2880,74920,6564280
FINNIFTY02JAN2421500CE.NFO,02/01/2024,09:30:14,23.1,23.1,1040,23.2,4560,77200,6564280
FINNIFTY02JAN2421500CE.NFO,02/01/2024,09:30:16,23.2,23.15,280,23.25,3520,55560,6564280
FINNIFTY02JAN2421500CE.NFO,02/01/2024,09:30:18,23.7,23.6,1960,23.7,2600,110000,6564280
FINNIFTY02JAN2421500CE.NFO,02/01/2024,09:30:19,24.7,24.7,2880,24.8,3520,262120,6564280
FINNIFTY02JAN2421500CE.NFO,02/01/2024,09:30:21,23.9,23.9,440,23.95,120,121120,6564280
FINNIFTY02JAN2421500CE.NFO,02/01/2024,09:30:23,24.1,24,3160,24.05,80,125840,6564280
FINNIFTY02JAN2421500CE.NFO,02/01/2024,09:30:24,23.6,23.55,1320,23.6,240,53200,6564280
FINNIFTY02JAN2421500CE.NFO,02/01/2024,09:30:26,23.5,23.5,4960,23.65,2880,97640,6564280
FINNIFTY02JAN2421500CE.NFO,02/01/2024,09:30:28,23.3,23.25,960,23.3,2440,92840,6564280
FINNIFTY02JAN2421500CE.NFO,02/01/2024,09:30:29,23.05,23,1800,23.05,3840,70000,6564280
FINNIFTY02JAN2421500CE.NFO,02/01/2024,09:30:31,22.5,22.5,3880,22.6,480,105520,6564280
FINNIFTY02JAN2421500CE.NFO,02/01/2024,09:30:33,22.65,22.65,4040,22.75,40,113560,6564280
FINNIFTY02JAN2421500CE.NFO,02/01/2024,09:30:34,23,22.95,1880,23,400,45160,6564280
FINNIFTY02JAN2421500CE.NFO,02/01/2024,09:30:36,22.85,22.85,3240,22.95,400,37400,6564280
FINNIFTY02JAN2421500CE.NFO,02/01/2024,09:30:38,22.7,22.6,4440,22.7,3120,47280,6564280
FINNIFTY02JAN2421500CE.NFO,02/01/2024,09:30:39,22.75,22.65,1120,22.75,3800,39880,6564280
FINNIFTY02JAN2421500CE.NFO,02/01/2024,09:30:41,23.75,23.65,80,23.7,640,48320,6564280
FINNIFTY02JAN2421500CE.NFO,02/01/2024,09:30:43,23,22.95,1920,23.05,3160,75600,6564280
FINNIFTY02JAN2421500CE.NFO,02/01/2024,09:30:44,23.3,23.25,1320,23.3,1280,59880,6564280
FINNIFTY02JAN2421500CE.NFO,02/01/2024,09:30:46,23.3,23.3,920,23.4,280,28160,6564280
FINNIFTY02JAN2421500CE.NFO,02/01/2024,09:30:48,23.2,23.15,560,23.25,4040,51440,6564280
FINNIFTY02JAN2421500CE.NFO,02/01/2024,09:30:49,23.15,23.15,2360,23.25,4280,40160,6564280
FINNIFTY02JAN2421500CE.NFO,02/01/2024,09:30:51,23.05,23.05,1640,23.15,3200,36400,6564280
FINNIFTY02JAN2421500CE.NFO,02/01/2024,09:30:53,23.1,23,11640,23.1,2160,31920,6564280
FINNIFTY02JAN2421500CE.NFO,02/01/2024,09:30:54,22.9,22.9,3880,23,1520,68160,6564280
FINNIFTY02JAN2421500CE.NFO,02/01/2024,09:30:56,22.85,22.75,5400,22.85,5320,40560,6564280
FINNIFTY02JAN2421500CE.NFO,02/01/2024,09:30:58,22.65,22.65,4280,22.75,2840,78640,6564280
FINNIFTY02JAN2421500CE.NFO,02/01/2024,09:30:59,22.55,22.5,3280,22.6,4280,27040,6564280
FINNIFTY02JAN2421500CE.NFO,02/01/2024,09:31:01,21.95,21.95,5120,22.05,2080,141120,6564280
FINNIFTY02JAN2421500CE.NFO,02/01/2024,09:31:02,21.65,21.65,6480,21.75,2200,76400,6564280
FINNIFTY02JAN2421500CE.NFO,02/01/2024,09:31:04,21.3,21.25,1680,21.3,640,107840,6564280
FINNIFTY02JAN2421500CE.NFO,02/01/2024,09:31:06,21.25,21.25,5520,21.35,2920,63920,6564280
FINNIFTY02JAN2421500CE.NFO,02/01/2024,09:31:07,21.5,21.45,4600,21.55,1960,59920,6564280
FINNIFTY02JAN2421500CE.NFO,02/01/2024,09:31:09,21.9,21.8,5080,21.9,3520,50520,6564280
FINNIFTY02JAN2421500CE.NFO,02/01/2024,09:31:11,21.7,21.65,3240,21.7,520,60120,6564280
FINNIFTY02JAN2421500CE.NFO,02/01/2024,09:31:12,21.3,21.25,3560,21.3,800,52320,6564280
FINNIFTY02JAN2421500CE.NFO,02/01/2024,09:31:14,20.5,20.5,4440,20.6,2880,143560,6564280
FINNIFTY02JAN2421500CE.NFO,02/01/2024,09:31:16,20.3,20.3,1520,20.35,80,124600,6564280
FINNIFTY02JAN2421500CE.NFO,02/01/2024,09:31:17,20.8,20.8,4480,20.9,4760,90360,6564280
FINNIFTY02JAN2421500CE.NFO,02/01/2024,09:31:19,20.8,20.85,2520,20.9,80,75840,6564280
FINNIFTY02JAN2421500CE.NFO,02/01/2024,09:31:21,20.8,20.7,5920,20.8,1040,56920,6564280
FINNIFTY02JAN2421500CE.NFO,02/01/2024,09:31:22,21.45,21.4,120,21.45,4160,59000,6564280
FINNIFTY02JAN2421500CE.NFO,02/01/2024,09:31:24,20.9,20.8,2640,20.9,4120,105000,6564280
FINNIFTY02JAN2421500CE.NFO,02/01/2024,09:31:26,21.95,21.9,3600,22,880,71360,6564280
FINNIFTY02JAN2421500CE.NFO,02/01/2024,09:31:27,21.9,21.9,3120,22,2560,66560,6564280
FINNIFTY02JAN2421500CE.NFO,02/01/2024,09:31:29,21.65,21.6,2760,21.7,2280,37640,6564280
FINNIFTY02JAN2421500CE.NFO,02/01/2024,09:31:31,21.65,21.6,2720,21.65,720,45320,6564280
FINNIFTY02JAN2421500CE.NFO,02/01/2024,09:31:32,21.45,21.45,80,21.5,2720,23640,6564280
FINNIFTY02JAN2421500CE.NFO,02/01/2024,09:31:34,20.9,20.8,4120,20.9,5640,64760,6564280
FINNIFTY02JAN2421500CE.NFO,02/01/2024,09:31:36,20.75,20.75,4520,20.85,320,60920,6564280
FINNIFTY02JAN2421500CE.NFO,02/01/2024,09:31:37,20.7,20.65,1880,20.7,1600,40880,6564280
FINNIFTY02JAN2421500CE.NFO,02/01/2024,09:31:39,20.8,20.7,1480,20.75,3360,53240,6564280
FINNIFTY02JAN2421500CE.NFO,02/01/2024,09:31:41,20.65,20.55,3320,20.65,4440,34280,6564280
FINNIFTY02JAN2421500CE.NFO,02/01/2024,09:31:42,20.35,20.4,2520,20.45,160,67680,6564280
FINNIFTY02JAN2421500CE.NFO,02/01/2024,09:31:44,20.6,20.6,400,20.65,2800,103400,6564280
FINNIFTY02JAN2421500CE.NFO,02/01/2024,09:31:46,20.9,20.9,1320,21,13160,66200,6564280
FINNIFTY02JAN2421500CE.NFO,02/01/2024,09:31:47,20.65,20.55,480,20.65,5560,45200,6564280
FINNIFTY02JAN2421500CE.NFO,02/01/2024,09:31:49,20.75,20.75,5600,20.8,240,35840,6564280
FINNIFTY02JAN2421500CE.NFO,02/01/2024,09:31:51,20.8,20.75,1920,20.8,880,36840,6564280
FINNIFTY02JAN2421500CE.NFO,02/01/2024,09:31:52,20.4,20.3,4720,20.4,1240,49560,6564280
FINNIFTY02JAN2421500CE.NFO,02/01/2024,09:31:54,19.5,19.4,2320,19.5,1360,260480,6564280
FINNIFTY02JAN2421500CE.NFO,02/01/2024,09:31:56,19.55,19.45,5920,19.55,160,135840,6564280
FINNIFTY02JAN2421500CE.NFO,02/01/2024,09:31:57,19.9,19.85,2720,19.9,3680,168880,6564280
FINNIFTY02JAN2421500CE.NFO,02/01/2024,09:31:59,19.95,20,1200,20.05,1640,78880,6564280
FINNIFTY02JAN2421500CE.NFO,02/01/2024,09:32:01,19.6,19.55,2960,19.6,3000,71440,6564280
FINNIFTY02JAN2421500CE.NFO,02/01/2024,09:32:02,19.75,19.75,1280,19.8,1920,46440,6564280
FINNIFTY02JAN2421500CE.NFO,02/01/2024,09:32:04,19,18.95,3200,19,2400,139240,6564280
FINNIFTY02JAN2421500CE.NFO,02/01/2024,09:32:06,18.75,18.75,6800,18.85,3680,107000,6564280
FINNIFTY02JAN2421500CE.NFO,02/01/2024,09:32:07,19,18.9,5960,19,1480,103640,6564280
FINNIFTY02JAN2421500CE.NFO,02/01/2024,09:32:09,18.95,18.9,2440,18.95,1560,78920,6564280
FINNIFTY02JAN2421500CE.NFO,02/01/2024,09:32:11,19.2,19.2,3360,19.25,2520,59800,6564280
FINNIFTY02JAN2421500CE.NFO,02/01/2024,09:32:12,19.95,19.85,6400,19.95,2600,60280,6564280
FINNIFTY02JAN2421500CE.NFO,02/01/2024,09:32:14,19.55,19.55,3680,19.6,1400,69320,6564280
FINNIFTY02JAN2421500CE.NFO,02/01/2024,09:32:16,19.2,19.1,4840,19.2,4880,96160,6564280
FINNIFTY02JAN2421500CE.NFO,02/01/2024,09:32:17,19,19,31520,19.1,2440,42400,6564280
FINNIFTY02JAN2421500CE.NFO,02/01/2024,09:32:19,18.25,18.15,3760,18.25,9960,177200,6564280
FINNIFTY02JAN2421500CE.NFO,02/01/2024,09:32:21,18.15,18.15,320,18.2,4880,80520,6564280
FINNIFTY02JAN2421500CE.NFO,02/01/2024,09:32:22,18.6,18.5,5520,18.6,7720,72920,6564280
FINNIFTY02JAN2421500CE.NFO,02/01/2024,09:32:24,18.5,18.5,4080,18.55,1120,64760,6564280
FINNIFTY02JAN2421500CE.NFO,02/01/2024,09:32:25,18.1,18.1,1840,18.15,1840,62560,7545040
FINNIFTY02JAN2421500CE.NFO,02/01/2024,09:32:27,18.75,18.65,7080,18.75,3520,104920,7545040
FINNIFTY02JAN2421500CE.NFO,02/01/2024,09:32:29,18.75,18.75,3760,18.85,4840,70560,7545040
FINNIFTY02JAN2421500CE.NFO,02/01/2024,09:32:30,19.25,19.25,640,19.3,3920,84120,7545040
FINNIFTY02JAN2421500CE.NFO,02/01/2024,09:32:32,19.05,18.95,5960,19.05,5600,52480,7545040
FINNIFTY02JAN2421500CE.NFO,02/01/2024,09:32:34,18.85,18.8,3800,18.9,4560,40360,7545040
FINNIFTY02JAN2421500CE.NFO,02/01/2024,09:32:35,18.85,18.8,1920,18.85,3280,41520,7545040
FINNIFTY02JAN2421500CE.NFO,02/01/2024,09:32:37,18.5,18.4,3560,18.5,8040,94520,7545040
FINNIFTY02JAN2421500CE.NFO,02/01/2024,09:32:39,18.2,18.15,4880,18.25,1920,59480,7545040
FINNIFTY02JAN2421500CE.NFO,02/01/2024,09:32:40,18.1,18.1,800,18.2,9400,262880,7545040
FINNIFTY02JAN2421500CE.NFO,02/01/2024,09:32:42,18.15,18.1,6800,18.2,3440,186520,7545040
FINNIFTY02JAN2421500CE.NFO,02/01/2024,09:32:44,18.05,18,1680,18.05,2200,129160,7545040
FINNIFTY02JAN2421500CE.NFO,02/01/2024,09:32:45,18,17.9,9520,18,8800,111120,7545040
FINNIFTY02JAN2421500CE.NFO,02/01/2024,09:32:47,18,18,1960,18.05,3320,116880,7545040
FINNIFTY02JAN2421500CE.NFO,02/01/2024,09:32:49,18.55,18.5,3120,18.6,4520,91400,7545040
FINNIFTY02JAN2421500CE.NFO,02/01/2024,09:32:50,18.3,18.3,2360,18.4,10000,78920,7545040
FINNIFTY02JAN2421500CE.NFO,02/01/2024,09:32:52,18.25,18.25,480,18.3,4960,54680,7545040
FINNIFTY02JAN2421500CE.NFO,02/01/2024,09:32:54,18.25,18.25,3720,18.3,80,59840,7545040
FINNIFTY02JAN2421500CE.NFO,02/01/2024,09:32:55,18.3,18.3,4080,18.4,4360,39240,7545040
FINNIFTY02JAN2421500CE.NFO,02/01/2024,09:32:57,18.3,18.3,4200,18.4,3720,26640,7545040
FINNIFTY02JAN2421500CE.NFO,02/01/2024,09:32:59,18.5,18.45,4520,18.55,6400,36720,7545040
FINNIFTY02JAN2421500CE.NFO,02/01/2024,09:33:00,18.65,18.55,3200,18.65,4080,158200,7545040
FINNIFTY02JAN2421500CE.NFO,02/01/2024,09:33:02,18.9,18.85,5560,18.9,2360,48560,7545040
FINNIFTY02JAN2421500CE.NFO,02/01/2024,09:33:04,18.75,18.65,7160,18.75,2840,53760,7545040
FINNIFTY02JAN2421500CE.NFO,02/01/2024,09:33:05,18.65,18.55,7640,18.65,3880,65960,7545040
FINNIFTY02JAN2421500CE.NFO,02/01/2024,09:33:07,18.5,18.5,480,18.55,2760,57160,7545040
FINNIFTY02JAN2421500CE.NFO,02/01/2024,09:33:09,18.45,18.35,8600,18.45,240,40600,7545040
FINNIFTY02JAN2421500CE.NFO,02/01/2024,09:33:10,18.45,18.4,5280,18.5,7080,41200,7545040
FINNIFTY02JAN2421500CE.NFO,02/01/2024,09:33:12,18.4,18.3,2440,18.35,1760,25200,7545040
FINNIFTY02JAN2421500CE.NFO,02/01/2024,09:33:14,18,18,23400,18.05,40,41400,7545040
FINNIFTY02JAN2421500CE.NFO,02/01/2024,09:33:15,17.4,17.35,1920,17.4,1240,143240,7545040
FINNIFTY02JAN2421500CE.NFO,02/01/2024,09:33:17,17.25,17.15,8840,17.25,4520,128200,7545040
FINNIFTY02JAN2421500CE.NFO,02/01/2024,09:33:19,17.65,17.65,7600,17.75,3200,129600,7545040
FINNIFTY02JAN2421500CE.NFO,02/01/2024,09:33:20,17.75,17.65,7160,17.75,400,85280,7545040
FINNIFTY02JAN2421500CE.NFO,02/01/2024,09:33:22,17.6,17.6,7520,17.7,8520,39200,7545040
FINNIFTY02JAN2421500CE.NFO,02/01/2024,09:33:24,17.3,17.2,6800,17.3,6520,44120,7545040
FINNIFTY02JAN2421500CE.NFO,02/01/2024,09:33:25,16.95,16.85,5280,16.95,4600,201000,7545040
FINNIFTY02JAN2421500CE.NFO,02/01/2024,09:33:27,16.95,16.95,11240,17.05,4400,89280,7545040
FINNIFTY02JAN2421500CE.NFO,02/01/2024,09:33:29,16.95,16.95,2160,17,3080,74360,7545040
FINNIFTY02JAN2421500CE.NFO,02/01/2024,09:33:30,17.35,17.3,8560,17.4,3800,61840,7545040
FINNIFTY02JAN2421500CE.NFO,02/01/2024,09:33:32,17.5,17.5,2040,17.55,1200,47400,7545040
FINNIFTY02JAN2421500CE.NFO,02/01/2024,09:33:34,17.45,17.45,240,17.5,2920,175640,7545040
FINNIFTY02JAN2421500CE.NFO,02/01/2024,09:33:35,17,17,4040,17.05,40,255200,7545040
FINNIFTY02JAN2421500CE.NFO,02/01/2024,09:33:37,17.95,17.85,3680,17.95,6680,129960,7545040
FINNIFTY02JAN2421500CE.NFO,02/01/2024,09:33:39,17.65,17.55,2720,17.65,5680,40320,7545040
FINNIFTY02JAN2421500CE.NFO,02/01/2024,09:33:40,17.65,17.65,1680,17.7,5080,46120,7545040
FINNIFTY02JAN2421500CE.NFO,02/01/2024,09:33:42,18,17.9,8160,18,15640,49680,7545040
FINNIFTY02JAN2421500CE.NFO,02/01/2024,09:33:44,18.2,18.2,4600,18.25,2720,99160,7545040
FINNIFTY02JAN2421500CE.NFO,02/01/2024,09:33:45,18.4,18.45,2680,18.5,1800,87760,7545040
FINNIFTY02JAN2421500CE.NFO,02/01/2024,09:33:47,18.15,18.1,3080,18.15,520,66000,7545040
FINNIFTY02JAN2421500CE.NFO,02/01/2024,09:33:49,18.4,18.35,2040,18.4,1120,49840,7545040
FINNIFTY02JAN2421500CE.NFO,02/01/2024,09:33:50,19.3,19.25,6000,19.35,3080,92320,7545040
FINNIFTY02JAN2421500CE.NFO,02/01/2024,09:33:52,19.55,19.5,2960,19.6,5080,72360,7545040
FINNIFTY02JAN2421500CE.NFO,02/01/2024,09:33:54,19.8,19.7,4920,19.8,1640,158200,7545040
FINNIFTY02JAN2421500CE.NFO,02/01/2024,09:33:55,19.4,19.4,5360,19.5,3400,76640,7545040
FINNIFTY02JAN2421500CE.NFO,02/01/2024,09:33:57,19.55,19.55,2440,19.6,600,88680,7545040
FINNIFTY02JAN2421500CE.NFO,02/01/2024,09:33:59,19.55,19.5,4600,19.6,6760,74880,7545040
FINNIFTY02JAN2421500CE.NFO,02/01/2024,09:34:00,19.1,19.15,4600,19.25,3600,50920,7545040
FINNIFTY02JAN2421500CE.NFO,02/01/2024,09:34:02,18.95,18.95,2080,19,1720,106920,7545040
FINNIFTY02JAN2421500CE.NFO,02/01/2024,09:34:04,18.85,18.75,6000,18.85,7160,73520,7545040
FINNIFTY02JAN2421500CE.NFO,02/01/2024,09:34:05,18.65,18.65,5760,18.75,5760,29960,7545040
FINNIFTY02JAN2421500CE.NFO,02/01/2024,09:34:07,18.6,18.55,280,18.6,1480,39600,7545040
FINNIFTY02JAN2421500CE.NFO,02/01/2024,09:34:09,18.65,18.6,6600,18.7,600,60120,7545040
FINNIFTY02JAN2421500CE.NFO,02/01/2024,09:34:10,18.4,18.3,7760,18.4,3720,37160,7545040
FINNIFTY02JAN2421500CE.NFO,02/01/2024,09:34:12,18.4,18.4,3960,18.45,720,36000,7545040
FINNIFTY02JAN2421500CE.NFO,02/01/2024,09:34:14,18.6,18.65,4720,18.7,1160,30480,7545040
FINNIFTY02JAN2421500CE.NFO,02/01/2024,09:34:15,18.5,18.55,40,18.6,6680,47280,7545040
FINNIFTY02JAN2421500CE.NFO,02/01/2024,09:34:17,18.2,18.2,5040,18.25,600,39680,7545040
FINNIFTY02JAN2421500CE.NFO,02/01/2024,09:34:19,17.95,17.9,3120,18,9720,101120,7545040
FINNIFTY02JAN2421500CE.NFO,02/01/2024,09:34:20,18.2,18.1,8600,18.2,6240,33840,7545040
FINNIFTY02JAN2421500CE.NFO,02/01/2024,09:34:22,17.85,17.75,4960,17.85,5600,45480,7545040
FINNIFTY02JAN2421500CE.NFO,02/01/2024,09:34:24,17.25,17.25,6320,17.35,7480,52760,7545040
FINNIFTY02JAN2421500CE.NFO,02/01/2024,09:34:25,17.1,17.05,4200,17.15,4440,61280,7545040
FINNIFTY02JAN2421500CE.NFO,02/01/2024,09:34:27,17.3,17.3,2800,17.35,2760,88600,7545040
FINNIFTY02JAN2421500CE.NFO,02/01/2024,09:34:29,17.3,17.3,2040,17.35,3040,39520,7545040
FINNIFTY02JAN2421500CE.NFO,02/01/2024,09:34:30,17.25,17.2,6160,17.3,8440,46400,7545040
FINNIFTY02JAN2421500CE.NFO,02/01/2024,09:34:32,17.4,17.35,5120,17.4,2600,42160,7545040
FINNIFTY02JAN2421500CE.NFO,02/01/2024,09:34:34,17.55,17.55,7720,17.65,6160,23480,7545040
FINNIFTY02JAN2421500CE.NFO,02/01/2024,09:34:35,17.6,17.5,5960,17.6,6160,36040,7545040
FINNIFTY02JAN2421500CE.NFO,02/01/2024,09:34:37,17.6,17.55,4040,17.6,2760,30280,7545040
FINNIFTY02JAN2421500CE.NFO,02/01/2024,09:34:39,17.3,17.25,3160,17.3,4640,42720,7545040
FINNIFTY02JAN2421500CE.NFO,02/01/2024,09:34:40,17.3,17.25,4160,17.3,10600,52200,7545040
FINNIFTY02JAN2421500CE.NFO,02/01/2024,09:34:42,17.9,17.85,1840,17.9,1920,56400,7545040
FINNIFTY02JAN2421500CE.NFO,02/01/2024,09:34:44,17.85,17.8,2840,17.85,2440,43000,7545040
FINNIFTY02JAN2421500CE.NFO,02/01/2024,09:34:45,17.75,17.75,5760,17.8,160,27440,7545040
FINNIFTY02JAN2421500CE.NFO,02/01/2024,09:34:47,17.85,17.75,5400,17.85,8520,21360,7545040
FINNIFTY02JAN2421500CE.NFO,02/01/2024,09:34:49,17.8,17.75,1320,17.8,4840,34800,7545040
FINNIFTY02JAN2421500CE.NFO,02/01/2024,09:34:50,17.85,17.85,2520,17.9,5160,19960,7545040
FINNIFTY02JAN2421500CE.NFO,02/01/2024,09:34:52,17.35,17.3,5200,17.4,8640,98240,7545040
FINNIFTY02JAN2421500CE.NFO,02/01/2024,09:34:54,17.25,17.15,8320,17.25,9000,33360,7545040
FINNIFTY02JAN2421500CE.NFO,02/01/2024,09:34:55,17.55,17.5,2360,17.55,1040,34680,7545040
FINNIFTY02JAN2421500CE.NFO,02/01/2024,09:34:57,17.45,17.45,9040,17.55,8040,33000,7545040
FINNIFTY02JAN2421500CE.NFO,02/01/2024,09:34:59,18.1,18,4360,18.1,10200,101320,7545040
FINNIFTY02JAN2421500CE.NFO,02/01/2024,09:35:00,18,18,1040,18.05,1680,98880,7545040
FINNIFTY02JAN2421500CE.NFO,02/01/2024,09:35:02,18.3,18.2,6800,18.3,4360,94960,7545040
FINNIFTY02JAN2421500CE.NFO,02/01/2024,09:35:04,18.4,18.35,6920,18.45,6200,68280,7545040
FINNIFTY02JAN2421500CE.NFO,02/01/2024,09:35:05,18.15,18.05,7200,18.15,3720,79960,7545040
FINNIFTY02JAN2421500CE.NFO,02/01/2024,09:35:07,18,18,3400,18.1,9200,33720,7545040
FINNIFTY02JAN2421500CE.NFO,02/01/2024,09:35:09,18.05,18.05,4720,18.15,8800,31440,7545040
FINNIFTY02JAN2421500CE.NFO,02/01/2024,09:35:10,17.8,17.75,3960,17.8,1800,68720,7545040
FINNIFTY02JAN2421500CE.NFO,02/01/2024,09:35:12,17.55,17.45,7600,17.55,4960,48280,7545040
FINNIFTY02JAN2421500CE.NFO,02/01/2024,09:35:14,17.8,17.75,4360,17.8,1320,39720,7545040
FINNIFTY02JAN2421500CE.NFO,02/01/2024,09:35:15,17.55,17.55,6600,17.65,5480,19600,7545040
FINNIFTY02JAN2421500CE.NFO,02/01/2024,09:35:17,17.55,17.45,3960,17.55,5360,39800,7545040
FINNIFTY02JAN2421500CE.NFO,02/01/2024,09:35:19,17.95,17.9,6560,18,20400,30480,7545040
FINNIFTY02JAN2421500CE.NFO,02/01/2024,09:35:20,18.75,18.7,1680,18.75,4680,61160,7545040
FINNIFTY02JAN2421500CE.NFO,02/01/2024,09:35:22,18.3,18.25,2080,18.3,800,48920,7545040
FINNIFTY02JAN2421500CE.NFO,02/01/2024,09:35:24,18.2,18.15,4680,18.2,800,55000,7545040
FINNIFTY02JAN2421500CE.NFO,02/01/2024,09:35:25,18.35,18.3,2600,18.4,8320,28200,8508040
FINNIFTY02JAN2421500CE.NFO,02/01/2024,09:35:27,18.25,18.2,5960,18.25,320,28640,8508040
FINNIFTY02JAN2421500CE.NFO,02/01/2024,09:35:29,18.2,18.15,40,18.2,7200,35400,8508040
FINNIFTY02JAN2421500CE.NFO,02/01/2024,09:35:30,17.85,17.8,42000,17.85,1000,35880,8508040
FINNIFTY02JAN2421500CE.NFO,02/01/2024,09:35:32,18.05,18,400,18.05,6880,30920,8508040
FINNIFTY02JAN2421500CE.NFO,02/01/2024,09:35:34,18.05,18.05,6480,18.15,5000,47920,8508040
FINNIFTY02JAN2421500CE.NFO,02/01/2024,09:35:35,17.9,17.85,2240,17.9,2880,31440,8508040
FINNIFTY02JAN2421500CE.NFO,02/01/2024,09:35:37,17.7,17.6,5040,17.7,7760,59600,8508040
FINNIFTY02JAN2421500CE.NFO,02/01/2024,09:35:39,17.5,17.45,4040,17.5,1960,40080,8508040
FINNIFTY02JAN2421500CE.NFO,02/01/2024,09:35:40,17.35,17.3,4760,17.35,2200,43080,8508040
FINNIFTY02JAN2421500CE.NFO,02/01/2024,09:35:42,17.25,17.25,2080,17.3,1800,53440,8508040
FINNIFTY02JAN2421500CE.NFO,02/01/2024,09:35:44,17.4,17.3,5160,17.4,10680,31560,8508040
FINNIFTY02JAN2421500CE.NFO,02/01/2024,09:35:45,16.65,16.65,12280,16.7,1040,172880,8508040
FINNIFTY02JAN2421500CE.NFO,02/01/2024,09:35:47,16.45,16.4,5720,16.45,440,137560,8508040
FINNIFTY02JAN2421500CE.NFO,02/01/2024,09:35:49,16.65,16.6,2400,16.65,1040,125640,8508040
FINNIFTY02JAN2421500CE.NFO,02/01/2024,09:35:50,16.6,16.65,6520,16.7,800,58880,8508040
FINNIFTY02JAN2421500CE.NFO,02/01/2024,09:35:52,16.6,16.5,9320,16.6,4520,45800,8508040
FINNIFTY02JAN2421500CE.NFO,02/01/2024,09:35:54,16.35,16.3,4640,16.35,8640,65720,8508040
FINNIFTY02JAN2421500CE.NFO,02/01/2024,09:35:55,15.85,15.8,7560,15.9,3800,259800,8508040
FINNIFTY02JAN2421500CE.NFO,02/01/2024,09:35:57,15.65,15.65,1360,15.7,4880,138720,8508040
FINNIFTY02JAN2421500CE.NFO,02/01/2024,09:35:59,15.8,15.8,2960,15.9,9600,110840,8508040
FINNIFTY02JAN2421500CE.NFO,02/01/2024,09:36:00,15.55,15.55,400,15.6,5440,101760,8508040
FINNIFTY02JAN2421500CE.NFO,02/01/2024,09:36:02,15.6,15.55,360,15.6,2600,80840,8508040
FINNIFTY02JAN2421500CE.NFO,02/01/2024,09:36:04,15.75,15.75,8320,15.85,3240,71320,8508040
FINNIFTY02JAN2421500CE.NFO,02/01/2024,09:36:05,15.9,15.85,8720,15.95,5000,70320,8508040
FINNIFTY02JAN2421500CE.NFO,02/01/2024,09:36:07,15.75,15.75,7360,15.85,2440,43880,8508040
FINNIFTY02JAN2421500CE.NFO,02/01/2024,09:36:09,16,16,3600,16.05,1400,90960,8508040
FINNIFTY02JAN2421500CE.NFO,02/01/2024,09:36:11,16.05,16,6760,16.1,8840,39520,8508040
FINNIFTY02JAN2421500CE.NFO,02/01/2024,09:36:12,16,16,5000,16.05,3800,42600,8508040
FINNIFTY02JAN2421500CE.NFO,02/01/2024,09:36:14,15.5,15.45,1280,15.5,4560,68680,8508040
FINNIFTY02JAN2421500CE.NFO,02/01/2024,09:36:16,15.4,15.3,45560,15.4,5280,59720,8508040
FINNIFTY02JAN2421500CE.NFO,02/01/2024,09:36:17,15,15,4840,15.1,5440,325000,8508040
FINNIFTY02JAN2421500CE.NFO,02/01/2024,09:36:19,15,15,2200,15.05,1760,162200,8508040
FINNIFTY02JAN2421500CE.NFO,02/01/2024,09:36:21,15.1,15.05,560,15.1,2720,78640,8508040
FINNIFTY02JAN2421500CE.NFO,02/01/2024,09:36:22,15.05,15.05,1880,15.1,6280,58240,8508040
FINNIFTY02JAN2421500CE.NFO,02/01/2024,09:36:24,15.55,15.5,10480,15.6,4280,89800,8508040
FINNIFTY02JAN2421500CE.NFO,02/01/2024,09:36:26,15.8,15.75,3040,15.85,9920,49760,8508040
FINNIFTY02JAN2421500CE.NFO,02/01/2024,09:36:27,15.6,15.6,3400,15.65,2080,60160,8508040
FINNIFTY02JAN2421500CE.NFO,02/01/2024,09:36:29,16.3,16.2,7080,16.3,4480,117400,8508040
FINNIFTY02JAN2421500CE.NFO,02/01/2024,09:36:31,16.25,16.2,1400,16.25,1920,66640,8508040
FINNIFTY02JAN2421500CE.NFO,02/01/2024,09:36:32,16.05,15.95,6280,16.05,4200,62120,8508040
FINNIFTY02JAN2421500CE.NFO,02/01/2024,09:36:34,16.1,16.05,120,16.1,8600,28000,8508040
FINNIFTY02JAN2421500CE.NFO,02/01/2024,09:36:36,16,15.95,8080,16,2120,56160,8508040
FINNIFTY02JAN2421500CE.NFO,02/01/2024,09:36:37,15.95,15.9,160,15.95,5920,56920,8508040
FINNIFTY02JAN2421500CE.NFO,02/01/2024,09:36:39,16,15.95,4440,16,3000,43280,8508040
FINNIFTY02JAN2421500CE.NFO,02/01/2024,09:36:41,16.4,16.35,4080,16.45,10960,56560,8508040
FINNIFTY02JAN2421500CE.NFO,02/01/2024,09:36:42,16.25,16.25,6080,16.3,920,56720,8508040
FINNIFTY02JAN2421500CE.NFO,02/01/2024,09:36:44,16.5,16.5,9440,16.55,2280,61080,8508040
FINNIFTY02JAN2421500CE.NFO,02/01/2024,09:36:46,16.45,16.45,4080,16.5,1840,57600,8508040
FINNIFTY02JAN2421500CE.NFO,02/01/2024,09:36:47,16.4,16.4,6480,16.45,360,42200,8508040
FINNIFTY02JAN2421500CE.NFO,02/01/2024,09:36:49,16.25,16.15,2960,16.2,1480,40080,8508040
FINNIFTY02JAN2421500CE.NFO,02/01/2024,09:36:51,16.35,16.4,2880,16.45,3160,31640,8508040
FINNIFTY02JAN2421500CE.NFO,02/01/2024,09:36:52,16.45,16.45,1680,16.5,600,22520,8508040
FINNIFTY02JAN2421500CE.NFO,02/01/2024,09:36:54,16.65,16.65,80,16.7,1920,42640,8508040
FINNIFTY02JAN2421500CE.NFO,02/01/2024,09:36:56,16.6,16.55,5440,16.65,9600,28440,8508040
FINNIFTY02JAN2421500CE.NFO,02/01/2024,09:36:57,16.45,16.45,720,16.5,4160,42080,8508040
FINNIFTY02JAN2421500CE.NFO,02/01/2024,09:36:59,16.65,16.65,7320,16.75,10560,31960,8508040
FINNIFTY02JAN2421500CE.NFO,02/01/2024,09:37:01,17.1,17.1,5400,17.15,4560,85920,8508040
FINNIFTY02JAN2421500CE.NFO,02/01/2024,09:37:02,17.1,17,4360,17.05,7520,36360,8508040
FINNIFTY02JAN2421500CE.NFO,02/01/2024,09:37:04,17.15,17.15,6120,17.2,3040,63520,8508040
FINNIFTY02JAN2421500CE.NFO,02/01/2024,09:37:06,17.25,17.25,4000,17.35,7280,33680,8508040
FINNIFTY02JAN2421500CE.NFO,02/01/2024,09:37:07,17.15,17.1,8840,17.15,960,37040,8508040
FINNIFTY02JAN2421500CE.NFO,02/01/2024,09:37:09,17.2,17.1,5880,17.15,5000,43800,8508040
FINNIFTY02JAN2421500CE.NFO,02/01/2024,09:37:11,17,17,40,17.05,8040,61400,8508040
FINNIFTY02JAN2421500CE.NFO,02/01/2024,09:37:12,17,16.9,7120,16.95,640,27920,8508040
FINNIFTY02JAN2421500CE.NFO,02/01/2024,09:37:14,16.65,16.65,40,16.7,4480,39040,8508040
FINNIFTY02JAN2421500CE.NFO,02/01/2024,09:37:16,16.85,16.85,1320,16.9,8120,36760,8508040
FINNIFTY02JAN2421500CE.NFO,02/01/2024,09:37:17,16.8,16.7,7640,16.8,12400,26680,8508040
FINNIFTY02JAN2421500CE.NFO,02/01/2024,09:37:19,17,16.9,6360,17,7400,31680,8508040
FINNIFTY02JAN2421500CE.NFO,02/01/2024,09:37:21,17.2,17.15,5680,17.2,1840,34960,8508040
FINNIFTY02JAN2421500CE.NFO,02/01/2024,09:37:22,17.2,17.1,6560,17.2,9200,32840,8508040
FINNIFTY02JAN2421500CE.NFO,02/01/2024,09:37:24,17.35,17.3,4000,17.35,1600,30840,8508040
FINNIFTY02JAN2421500CE.NFO,02/01/2024,09:37:26,17.9,17.8,4000,17.9,8480,80880,8508040
FINNIFTY02JAN2421500CE.NFO,02/01/2024,09:37:27,17.95,17.85,8840,17.95,4120,47080,8508040
FINNIFTY02JAN2421500CE.NFO,02/01/2024,09:37:29,17.85,17.85,4920,17.9,2000,109680,8508040
FINNIFTY02JAN2421500CE.NFO,02/01/2024,09:37:30,18.45,18.45,4120,18.5,1320,69480,8508040
FINNIFTY02JAN2421500CE.NFO,02/01/2024,09:37:32,18.7,18.65,4880,18.7,80,116440,8508040
FINNIFTY02JAN2421500CE.NFO,02/01/2024,09:37:34,18.95,18.85,1400,18.95,10360,69680,8508040
FINNIFTY02JAN2421500CE.NFO,02/01/2024,09:37:35,18.8,18.8,5440,18.9,5360,93480,8508040
FINNIFTY02JAN2421500CE.NFO,02/01/2024,09:37:37,18.2,18.15,160,18.2,10240,63920,8508040
FINNIFTY02JAN2421500CE.NFO,02/01/2024,09:37:39,18.5,18.5,760,18.55,2720,79800,8508040
FINNIFTY02JAN2421500CE.NFO,02/01/2024,09:37:40,18.95,18.85,11480,18.95,480,54760,8508040
FINNIFTY02JAN2421500CE.NFO,02/01/2024,09:37:42,19.15,19.1,20920,19.15,2200,91440,8508040
FINNIFTY02JAN2421500CE.NFO,02/01/2024,09:37:44,18.7,18.7,4960,18.8,6760,94200,8508040
FINNIFTY02JAN2421500CE.NFO,02/01/2024,09:37:45,18.2,18.15,2280,18.25,10600,67080,8508040
FINNIFTY02JAN2421500CE.NFO,02/01/2024,09:37:47,18.15,18.1,400,18.15,11240,95280,8508040
FINNIFTY02JAN2421500CE.NFO,02/01/2024,09:37:49,18.2,18.2,6200,18.3,10360,54840,8508040
FINNIFTY02JAN2421500CE.NFO,02/01/2024,09:37:50,18.4,18.35,1520,18.45,8600,51800,8508040
FINNIFTY02JAN2421500CE.NFO,02/01/2024,09:37:52,18.2,18.15,10720,18.2,1240,57600,8508040
FINNIFTY02JAN2421500CE.NFO,02/01/2024,09:37:54,18.4,18.35,10480,18.45,4240,37440,8508040
FINNIFTY02JAN2421500CE.NFO,02/01/2024,09:37:55,18.55,18.5,6480,18.55,3440,28040,8508040
FINNIFTY02JAN2421500CE.NFO,02/01/2024,09:37:57,18.55,18.55,3120,18.6,1960,45560,8508040
FINNIFTY02JAN2421500CE.NFO,02/01/2024,09:37:59,18.4,18.4,1080,18.45,5280,35400,8508040
FINNIFTY02JAN2421500CE.NFO,02/01/2024,09:38:00,18.35,18.25,1400,18.35,7960,45760,8508040
FINNIFTY02JAN2421500CE.NFO,02/01/2024,09:38:02,18.3,18.3,5880,18.4,8320,70560,8508040
FINNIFTY02JAN2421500CE.NFO,02/01/2024,09:38:04,18.35,18.25,7040,18.35,9160,38320,8508040
FINNIFTY02JAN2421500CE.NFO,02/01/2024,09:38:05,18.15,18.05,8040,18.1,1000,27880,8508040
FINNIFTY02JAN2421500CE.NFO,02/01/2024,09:38:07,18.05,18.05,9760,18.15,3480,55520,8508040
FINNIFTY02JAN2421500CE.NFO,02/01/2024,09:38:09,18.05,18.05,4800,18.1,3680,36520,8508040
FINNIFTY02JAN2421500CE.NFO,02/01/2024,09:38:10,17.85,17.85,1360,17.9,3240,55720,8508040
FINNIFTY02JAN2421500CE.NFO,02/01/2024,09:38:12,17.9,17.85,3080,17.9,1680,75200,8508040
FINNIFTY02JAN2421500CE.NFO,02/01/2024,09:38:14,18.2,18.15,9280,18.25,6120,24000,8508040
FINNIFTY02JAN2421500CE.NFO,02/01/2024,09:38:15,18.55,18.45,6080,18.55,10280,23320,8508040
FINNIFTY02JAN2421500CE.NFO,02/01/2024,09:38:17,18.3,18.3,10760,18.4,7520,31360,8508040
FINNIFTY02JAN2421500CE.NFO,02/01/2024,09:38:19,18.45,18.4,10840,18.45,360,27680,8508040
FINNIFTY02JAN2421500CE.NFO,02/01/2024,09:38:20,18.8,18.75,7960,18.85,8560,34600,8508040
FINNIFTY02JAN2421500CE.NFO,02/01/2024,09:38:22,19.1,19.1,4200,19.2,15120,78160,8508040
FINNIFTY02JAN2421500CE.NFO,02/01/2024,09:38:24,19.15,19.05,4600,19.15,5000,76320,8508040
FINNIFTY02JAN2421500CE.NFO,02/01/2024,09:38:25,19.05,18.95,9920,19.05,4600,67280,8921720
FINNIFTY02JAN2421500CE.NFO,02/01/2024,09:38:27,19.95,19.9,5600,20,2240,411520,8921720
FINNIFTY02JAN2421500CE.NFO,02/01/2024,09:38:29,19.5,19.5,7840,19.6,1160,140200,8921720
FINNIFTY02JAN2421500CE.NFO,02/01/2024,09:38:31,19.65,19.6,3280,19.65,680,56200,8921720
FINNIFTY02JAN2421500CE.NFO,02/01/2024,09:38:32,19.5,19.5,720,19.55,3720,59440,8921720
FINNIFTY02JAN2421500CE.NFO,02/01/2024,09:38:34,19.2,19.05,10040,19.2,10000,55800,8921720
FINNIFTY02JAN2421500CE.NFO,02/01/2024,09:38:36,18.75,18.7,6000,18.8,5160,100520,8921720
FINNIFTY02JAN2421500CE.NFO,02/01/2024,09:38:37,19.85,19.75,5680,19.8,3320,86360,8921720
FINNIFTY02JAN2421500CE.NFO,02/01/2024,09:38:39,19.7,19.6,4560,19.7,9800,47920,8921720
FINNIFTY02JAN2421500CE.NFO,02/01/2024,09:38:41,19.9,19.8,3240,19.9,6720,65280,8921720
FINNIFTY02JAN2421500CE.NFO,02/01/2024,09:38:42,19.25,19.25,2400,19.35,4360,88760,8921720
FINNIFTY02JAN2421500CE.NFO,02/01/2024,09:38:44,19.45,19.45,120,19.5,9520,33600,8921720
FINNIFTY02JAN2421500CE.NFO,02/01/2024,09:38:46,19.25,19.2,5720,19.3,7440,63160,8921720
FINNIFTY02JAN2421500CE.NFO,02/01/2024,09:38:47,19.1,19,8440,19.1,4680,80120,8921720
FINNIFTY02JAN2421500CE.NFO,02/01/2024,09:38:49,19.05,19.05,40,19.1,6000,48760,8921720
FINNIFTY02JAN2421500CE.NFO,02/01/2024,09:38:51,18.9,18.9,8360,19,4600,28520,8921720
FINNIFTY02JAN2421500CE.NFO,02/01/2024,09:38:52,19.15,19.15,4800,19.25,7880,57520,8921720
FINNIFTY02JAN2421500CE.NFO,02/01/2024,09:38:54,19.6,19.6,4120,19.7,10000,53080,8921720
FINNIFTY02JAN2421500CE.NFO,02/01/2024,09:38:56,20,19.9,4440,20,9160,77040,8921720
FINNIFTY02JAN2421500CE.NFO,02/01/2024,09:38:57,21.15,21.15,3480,21.25,2520,260280,8921720
FINNIFTY02JAN2421500CE.NFO,02/01/2024,09:38:59,21.45,21.35,2280,21.45,1440,158800,8921720
FINNIFTY02JAN2421500CE.NFO,02/01/2024,09:39:01,20.8,20.8,1080,20.85,4520,156240,8921720
FINNIFTY02JAN2421500CE.NFO,02/01/2024,09:39:02,22.25,22.2,3320,22.3,1720,554120,8921720
FINNIFTY02JAN2421500CE.NFO,02/01/2024,09:39:04,22.1,22.1,3000,22.15,1440,196120,8921720
FINNIFTY02JAN2421500CE.NFO,02/01/2024,09:39:06,22.05,22.05,2360,22.15,3120,140760,8921720
FINNIFTY02JAN2421500CE.NFO,02/01/2024,09:39:07,22.1,22.1,5400,22.2,960,181320,8921720
FINNIFTY02JAN2421500CE.NFO,02/01/2024,09:39:09,21.8,21.75,2440,21.8,1800,135560,8921720
FINNIFTY02JAN2421500CE.NFO,02/01/2024,09:39:11,21.35,21.3,1080,21.35,1440,127200,8921720
FINNIFTY02JAN2421500CE.NFO,02/01/2024,09:39:12,21.6,21.55,1080,21.6,680,109400,8921720
FINNIFTY02JAN2421500CE.NFO,02/01/2024,09:39:14,21.7,21.65,2080,21.75,6240,66320,8921720
FINNIFTY02JAN2421500CE.NFO,02/01/2024,09:39:16,21.65,21.55,1280,21.6,80,41160,8921720
FINNIFTY02JAN2421500CE.NFO,02/01/2024,09:39:17,20.6,20.45,9600,20.6,5040,161480,8921720
FINNIFTY02JAN2421500CE.NFO,02/01/2024,09:39:19,20.95,20.9,3480,21,3280,107480,8921720
FINNIFTY02JAN2421500CE.NFO,02/01/2024,09:39:21,21.45,21.35,2000,21.45,760,53000,8921720
FINNIFTY02JAN2421500CE.NFO,02/01/2024,09:39:22,21.45,21.35,3520,21.45,2880,66800,8921720
FINNIFTY02JAN2421500CE.NFO,02/01/2024,09:39:24,21.4,21.4,3720,21.45,2800,46760,8921720
FINNIFTY02JAN2421500CE.NFO,02/01/2024,09:39:26,21.45,21.45,80,21.55,4600,54560,8921720
FINNIFTY02JAN2421500CE.NFO,02/01/2024,09:39:27,22.2,22.2,2560,22.3,1880,130360,8921720
FINNIFTY02JAN2421500CE.NFO,02/01/2024,09:39:29,22.2,22.15,1920,22.25,3960,76920,8921720
FINNIFTY02JAN2421500CE.NFO,02/01/2024,09:39:31,21.7,21.6,5480,21.7,5760,94080,8921720
FINNIFTY02JAN2421500CE.NFO,02/01/2024,09:39:32,21.65,21.55,3600,21.65,2560,75200,8921720
FINNIFTY02JAN2421500CE.NFO,02/01/2024,09:39:34,21.6,21.55,4160,21.6,80,45560,8921720
FINNIFTY02JAN2421500CE.NFO,02/01/2024,09:39:36,21,20.9,2680,21,320,121240,8921720
FINNIFTY02JAN2421500CE.NFO,02/01/2024,09:39:37,21,21,6000,21.1,6560,115600,8921720
FINNIFTY02JAN2421500CE.NFO,02/01/2024,09:39:39,21.25,21.2,920,21.25,1200,53760,8921720
FINNIFTY02JAN2421500CE.NFO,02/01/2024,09:39:41,21.4,21.35,5520,21.4,40,57560,8921720
FINNIFTY02JAN2421500CE.NFO,02/01/2024,09:39:42,21.8,21.7,7080,21.8,1800,71640,8921720
FINNIFTY02JAN2421500CE.NFO,02/01/2024,09:39:44,22.35,22.35,6320,22.45,480,94200,8921720
FINNIFTY02JAN2421500CE.NFO,02/01/2024,09:39:46,23.8,23.75,1680,23.85,3440,210120,8921720
FINNIFTY02JAN2421500CE.NFO,02/01/2024,09:39:47,22.8,22.75,480,22.8,3120,212560,8921720
FINNIFTY02JAN2421500CE.NFO,02/01/2024,09:39:49,23.6,23.55,880,23.65,2160,134560,8921720
FINNIFTY02JAN2421500CE.NFO,02/01/2024,09:39:51,23.5,23.4,6920,23.55,3480,144280,8921720
FINNIFTY02JAN2421500CE.NFO,02/01/2024,09:39:52,23.1,22.9,960,23,8160,98760,8921720
FINNIFTY02JAN2421500CE.NFO,02/01/2024,09:39:54,22.9,22.9,2800,23,8360,96920,8921720
FINNIFTY02JAN2421500CE.NFO,02/01/2024,09:39:56,22.7,22.65,80,22.7,760,92520,8921720
FINNIFTY02JAN2421500CE.NFO,02/01/2024,09:39:57,22.75,22.6,1760,22.75,5240,119360,8921720
FINNIFTY02JAN2421500CE.NFO,02/01/2024,09:39:59,22.35,22.35,4240,22.45,280,92720,8921720
FINNIFTY02JAN2421500CE.NFO,02/01/2024,09:40:01,21.8,21.7,3040,21.8,8120,128440,8921720
FINNIFTY02JAN2421500CE.NFO,02/01/2024,09:40:02,22.95,22.95,1240,23,6200,102000,8921720
FINNIFTY02JAN2421500CE.NFO,02/01/2024,09:40:04,23.2,23.1,2680,23.2,2440,103120,8921720
FINNIFTY02JAN2421500CE.NFO,02/01/2024,09:40:06,22.1,22,12320,22.15,5440,68920,8921720
FINNIFTY02JAN2421500CE.NFO,02/01/2024,09:40:07,22,22,8680,22.05,1880,67040,8921720
FINNIFTY02JAN2421500CE.NFO,02/01/2024,09:40:09,22.3,22.2,4720,22.25,80,76320,8921720
FINNIFTY02JAN2421500CE.NFO,02/01/2024,09:40:11,22.1,22.05,5160,22.1,360,77600,8921720
FINNIFTY02JAN2421500CE.NFO,02/01/2024,09:40:12,21.75,21.7,3440,21.75,200,130040,8921720
FINNIFTY02JAN2421500CE.NFO,02/01/2024,09:40:14,21.8,21.8,4440,21.95,8480,72040,8921720
FINNIFTY02JAN2421500CE.NFO,02/01/2024,09:40:16,21.95,21.95,4600,22.05,1240,51360,8921720
FINNIFTY02JAN2421500CE.NFO,02/01/2024,09:40:17,22.6,22.55,4600,22.65,1400,52960,8921720
FINNIFTY02JAN2421500CE.NFO,02/01/2024,09:40:19,23.1,23.1,1840,23.2,3600,113160,8921720
FINNIFTY02JAN2421500CE.NFO,02/01/2024,09:40:21,23.25,23.15,1960,23.25,3120,126040,8921720
FINNIFTY02JAN2421500CE.NFO,02/01/2024,09:40:22,22.65,22.65,6880,22.75,1200,91640,8921720
FINNIFTY02JAN2421500CE.NFO,02/01/2024,09:40:24,22.95,22.85,920,22.95,5880,72080,8921720
FINNIFTY02JAN2421500CE.NFO,02/01/2024,09:40:26,22.65,22.55,4240,22.65,1880,90840,8921720
FINNIFTY02JAN2421500CE.NFO,02/01/2024,09:40:27,21.9,21.9,3920,22,2880,161120,8921720
FINNIFTY02JAN2421500CE.NFO,02/01/2024,09:40:29,21.85,21.8,40,21.9,6520,98400,8921720
FINNIFTY02JAN2421500CE.NFO,02/01/2024,09:40:31,21.9,21.75,2880,21.85,4400,70240,8921720
FINNIFTY02JAN2421500CE.NFO,02/01/2024,09:40:32,21.6,21.5,2080,21.6,840,85680,8921720
FINNIFTY02JAN2421500CE.NFO,02/01/2024,09:40:34,21.6,21.55,1600,21.65,2400,75640,8921720
FINNIFTY02JAN2421500CE.NFO,02/01/2024,09:40:36,21.65,21.65,7160,21.75,1000,60760,8921720
FINNIFTY02JAN2421500CE.NFO,02/01/2024,09:40:37,22,21.9,4440,22,1480,62080,8921720
FINNIFTY02JAN2421500CE.NFO,02/01/2024,09:40:39,22.05,22.05,1040,22.15,4960,74520,8921720
FINNIFTY02JAN2421500CE.NFO,02/01/2024,09:40:41,22.25,22.25,160,22.3,40,44800,8921720
FINNIFTY02JAN2421500CE.NFO,02/01/2024,09:40:42,21.5,21.4,1800,21.45,1680,65160,8921720
FINNIFTY02JAN2421500CE.NFO,02/01/2024,09:40:44,21.35,21.35,3360,21.45,4440,167960,8921720
FINNIFTY02JAN2421500CE.NFO,02/01/2024,09:40:46,20.6,20.6,3720,20.75,6200,62640,8921720
FINNIFTY02JAN2421500CE.NFO,02/01/2024,09:40:48,20.4,20.4,6800,20.5,5320,129800,8921720
FINNIFTY02JAN2421500CE.NFO,02/01/2024,09:40:49,20.95,20.95,120,21,4040,68040,8921720
FINNIFTY02JAN2421500CE.NFO,02/01/2024,09:40:51,20.95,20.85,4800,20.95,3400,51440,8921720
FINNIFTY02JAN2421500CE.NFO,02/01/2024,09:40:53,21.1,21.1,6080,21.2,1040,74480,8921720
FINNIFTY02JAN2421500CE.NFO,02/01/2024,09:40:54,21.8,21.8,3120,21.9,4560,53520,8921720
FINNIFTY02JAN2421500CE.NFO,02/01/2024,09:40:56,21.4,21.3,6400,21.4,1840,61200,8921720
FINNIFTY02JAN2421500CE.NFO,02/01/2024,09:40:58,21.25,21.2,160,21.25,1000,39560,8921720
FINNIFTY02JAN2421500CE.NFO,02/01/2024,09:40:59,21.85,21.85,5960,21.95,5160,87680,8921720
FINNIFTY02JAN2421500CE.NFO,02/01/2024,09:41:01,21.2,21.15,3600,21.25,1080,68840,8921720
FINNIFTY02JAN2421500CE.NFO,02/01/2024,09:41:03,21.3,21.2,3640,21.25,320,53160,8921720
FINNIFTY02JAN2421500CE.NFO,02/01/2024,09:41:04,21.5,21.45,1880,21.5,3440,29120,8921720
FINNIFTY02JAN2421500CE.NFO,02/01/2024,09:41:06,21.7,21.55,2320,21.65,280,41600,8921720
FINNIFTY02JAN2421500CE.NFO,02/01/2024,09:41:08,21.75,21.75,40,21.8,2720,33440,8921720
FINNIFTY02JAN2421500CE.NFO,02/01/2024,09:41:09,21.4,21.35,6080,21.45,240,41280,8921720
FINNIFTY02JAN2421500CE.NFO,02/01/2024,09:41:11,21.3,21.3,4680,21.4,3480,35800,8921720
FINNIFTY02JAN2421500CE.NFO,02/01/2024,09:41:13,21.2,21.05,4600,21.2,9960,80640,8921720
FINNIFTY02JAN2421500CE.NFO,02/01/2024,09:41:14,21.15,21.15,5280,21.25,1080,61840,8921720
FINNIFTY02JAN2421500CE.NFO,02/01/2024,09:41:16,21.25,21.25,3800,21.35,3360,31800,8921720
FINNIFTY02JAN2421500CE.NFO,02/01/2024,09:41:18,21.25,21.15,520,21.25,9080,26800,8921720
FINNIFTY02JAN2421500CE.NFO,02/01/2024,09:41:19,20.9,20.85,600,20.9,4600,36160,8921720
FINNIFTY02JAN2421500CE.NFO,02/01/2024,09:41:21,21.35,21.3,120,21.35,4480,91680,8921720
FINNIFTY02JAN2421500CE.NFO,02/01/2024,09:41:23,21.6,21.6,4560,21.65,80,69520,8921720
FINNIFTY02JAN2421500CE.NFO,02/01/2024,09:41:24,21.75,21.65,2200,21.75,6840,46200,8921720
FINNIFTY02JAN2421500CE.NFO,02/01/2024,09:41:26,21.5,21.4,6000,21.5,4600,53480,9203840
FINNIFTY02JAN2421500CE.NFO,02/01/2024,09:41:28,21.55,21.5,10360,21.6,2160,43360,9203840
FINNIFTY02JAN2421500CE.NFO,02/01/2024,09:41:29,21.45,21.45,280,21.5,6800,30920,9203840
FINNIFTY02JAN2421500CE.NFO,02/01/2024,09:41:31,21.1,21.1,7960,21.2,3680,42120,9203840
FINNIFTY02JAN2421500CE.NFO,02/01/2024,09:41:32,21.55,21.5,440,21.55,280,27800,9203840
FINNIFTY02JAN2421500CE.NFO,02/01/2024,09:41:34,21.7,21.6,2720,21.7,7040,36400,9203840
FINNIFTY02JAN2421500CE.NFO,02/01/2024,09:41:36,21.65,21.65,5120,21.75,3920,40640,9203840
FINNIFTY02JAN2421500CE.NFO,02/01/2024,09:41:37,21.3,21.3,6080,21.4,1680,30320,9203840
FINNIFTY02JAN2421500CE.NFO,02/01/2024,09:41:39,21.15,21.15,2760,21.25,5320,39400,9203840
FINNIFTY02JAN2421500CE.NFO,02/01/2024,09:41:41,21.7,21.7,7080,21.8,120,34320,9203840
FINNIFTY02JAN2421500CE.NFO,02/01/2024,09:41:42,21.75,21.75,5360,21.85,3920,39000,9203840
FINNIFTY02JAN2421500CE.NFO,02/01/2024,09:41:44,21.8,21.75,5280,21.85,240,44120,9203840
FINNIFTY02JAN2421500CE.NFO,02/01/2024,09:41:46,22,21.9,3880,21.95,1000,46560,9203840
FINNIFTY02JAN2421500CE.NFO,02/01/2024,09:41:47,21.65,21.65,4760,21.7,920,75520,9203840
FINNIFTY02JAN2421500CE.NFO,02/01/2024,09:41:49,21.75,21.7,920,21.75,920,54000,9203840
FINNIFTY02JAN2421500CE.NFO,02/01/2024,09:41:51,21.3,21.3,1120,21.4,7680,35400,9203840
FINNIFTY02JAN2421500CE.NFO,02/01/2024,09:41:52,21.35,21.2,5560,21.3,3680,33840,9203840
FINNIFTY02JAN2421500CE.NFO,02/01/2024,09:41:54,21.45,21.45,2040,21.55,5880,44280,9203840
FINNIFTY02JAN2421500CE.NFO,02/01/2024,09:41:56,21.45,21.4,5880,21.5,4200,21480,9203840
FINNIFTY02JAN2421500CE.NFO,02/01/2024,09:41:57,21.5,21.45,2240,21.5,1240,17680,9203840
FINNIFTY02JAN2421500CE.NFO,02/01/2024,09:41:59,21.3,21.3,8120,21.35,1720,35000,9203840
FINNIFTY02JAN2421500CE.NFO,02/01/2024,09:42:01,20.15,20.15,2480,20.25,1720,387000,9203840
FINNIFTY02JAN2421500CE.NFO,02/01/2024,09:42:02,19.6,19.65,4840,19.7,520,108880,9203840
FINNIFTY02JAN2421500CE.NFO,02/01/2024,09:42:04,20.1,20.1,5960,20.2,80,100560,9203840
FINNIFTY02JAN2421500CE.NFO,02/01/2024,09:42:06,19.6,19.5,8000,19.6,5200,72240,9203840
FINNIFTY02JAN2421500CE.NFO,02/01/2024,09:42:07,19.45,19.45,3080,19.55,6160,86600,9203840
FINNIFTY02JAN2421500CE.NFO,02/01/2024,09:42:09,19.7,19.7,5680,19.8,6520,116760,9203840
FINNIFTY02JAN2421500CE.NFO,02/01/2024,09:42:11,19.9,19.85,4440,19.9,680,67680,9203840
FINNIFTY02JAN2421500CE.NFO,02/01/2024,09:42:12,19.7,19.7,2160,19.75,840,24400,9203840
FINNIFTY02JAN2421500CE.NFO,02/01/2024,09:42:14,19.85,19.75,6040,19.85,5800,65960,9203840
FINNIFTY02JAN2421500CE.NFO,02/01/2024,09:42:16,19.6,19.6,240,19.65,7480,39880,9203840
FINNIFTY02JAN2421500CE.NFO,02/01/2024,09:42:17,19.95,19.85,4600,19.9,40,36280,9203840
FINNIFTY02JAN2421500CE.NFO,02/01/2024,09:42:19,20.55,20.45,6760,20.5,320,99840,9203840
FINNIFTY02JAN2421500CE.NFO,02/01/2024,09:42:21,20.05,20,2480,20.05,280,40840,9203840
FINNIFTY02JAN2421500CE.NFO,02/01/2024,09:42:22,20.05,19.95,2080,20.05,5160,47600,9203840
FINNIFTY02JAN2421500CE.NFO,02/01/2024,09:42:24,19.95,19.95,4520,20.05,4000,37840,9203840
FINNIFTY02JAN2421500CE.NFO,02/01/2024,09:42:26,19.75,19.7,6520,19.75,1800,49080,9203840
FINNIFTY02JAN2421500CE.NFO,02/01/2024,09:42:27,19.7,19.6,9920,19.7,3000,43640,9203840
FINNIFTY02JAN2421500CE.NFO,02/01/2024,09:42:29,19.95,19.85,5280,19.95,5560,38720,9203840
FINNIFTY02JAN2421500CE.NFO,02/01/2024,09:42:31,20.3,20.2,7480,20.25,1840,23560,9203840
FINNIFTY02JAN2421500CE.NFO,02/01/2024,09:42:32,20.25,20.15,5880,20.25,2080,55360,9203840
FINNIFTY02JAN2421500CE.NFO,02/01/2024,09:42:34,20.1,20.05,4720,20.1,600,27640,9203840
FINNIFTY02JAN2421500CE.NFO,02/01/2024,09:42:36,20.15,20.15,2120,20.25,5520,29440,9203840
FINNIFTY02JAN2421500CE.NFO,02/01/2024,09:42:37,20.1,20.1,1200,20.2,5520,31840,9203840
FINNIFTY02JAN2421500CE.NFO,02/01/2024,09:42:39,20.6,20.55,3120,20.65,18680,42120,9203840
FINNIFTY02JAN2421500CE.NFO,02/01/2024,09:42:41,20.35,20.25,5040,20.35,3480,49560,9203840
FINNIFTY02JAN2421500CE.NFO,02/01/2024,09:42:42,20.7,20.6,1320,20.65,80,24480,9203840
FINNIFTY02JAN2421500CE.NFO,02/01/2024,09:42:44,20.7,20.65,600,20.7,360,14800,9203840
FINNIFTY02JAN2421500CE.NFO,02/01/2024,09:42:46,20.55,20.45,4000,20.55,5320,25680,9203840
FINNIFTY02JAN2421500CE.NFO,02/01/2024,09:42:47,20.5,20.4,7600,20.5,2480,30680,9203840
FINNIFTY02JAN2421500CE.NFO,02/01/2024,09:42:49,20.7,20.6,3600,20.7,5440,30520,9203840
FINNIFTY02JAN2421500CE.NFO,02/01/2024,09:42:51,20.9,20.8,1080,20.9,7560,80600,9203840
FINNIFTY02JAN2421500CE.NFO,02/01/2024,09:42:52,21.25,21.2,1600,21.25,3800,42440,9203840
FINNIFTY02JAN2421500CE.NFO,02/01/2024,09:42:54,21.3,21.25,4240,21.35,5480,63480,9203840
FINNIFTY02JAN2421500CE.NFO,02/01/2024,09:42:56,21.65,21.55,680,21.65,1560,38880,9203840
FINNIFTY02JAN2421500CE.NFO,02/01/2024,09:42:58,21.7,21.6,7320,21.7,5040,66240,9203840
FINNIFTY02JAN2421500CE.NFO,02/01/2024,09:42:59,21.75,21.65,1080,21.75,6600,27800,9203840
FINNIFTY02JAN2421500CE.NFO,02/01/2024,09:43:01,20.8,20.8,800,20.9,4840,70680,9203840
FINNIFTY02JAN2421500CE.NFO,02/01/2024,09:43:03,21.2,21.15,3720,21.2,40,39400,9203840
FINNIFTY02JAN2421500CE.NFO,02/01/2024,09:43:04,21.8,21.75,3760,21.85,2400,42160,9203840
FINNIFTY02JAN2421500CE.NFO,02/01/2024,09:43:06,21.5,21.4,4000,21.5,6800,47800,9203840
FINNIFTY02JAN2421500CE.NFO,02/01/2024,09:43:08,21.45,21.35,3320,21.45,6760,36200,9203840
FINNIFTY02JAN2421500CE.NFO,02/01/2024,09:43:09,21.2,21.1,5200,21.15,80,37680,9203840
FINNIFTY02JAN2421500CE.NFO,02/01/2024,09:43:11,21.15,21.05,3000,21.15,4680,62360,9203840
FINNIFTY02JAN2421500CE.NFO,02/01/2024,09:43:13,20.55,20.45,1240,20.55,8080,54200,9203840
FINNIFTY02JAN2421500CE.NFO,02/01/2024,09:43:14,20.35,20.35,3000,20.4,240,31560,9203840
FINNIFTY02JAN2421500CE.NFO,02/01/2024,09:43:16,20.4,20.4,6880,20.5,1080,43600,9203840
FINNIFTY02JAN2421500CE.NFO,02/01/2024,09:43:18,20.4,20.3,5680,20.4,8360,26560,9203840
FINNIFTY02JAN2421500CE.NFO,02/01/2024,09:43:19,20.1,20.05,4320,20.1,840,41600,9203840
FINNIFTY02JAN2421500CE.NFO,02/01/2024,09:43:21,20.1,20.1,280,20.15,1840,58000,9203840
FINNIFTY02JAN2421500CE.NFO,02/01/2024,09:43:23,20.1,20,40600,20.1,8480,77480,9203840
FINNIFTY02JAN2421500CE.NFO,02/01/2024,09:43:24,19.7,19.65,8000,19.75,3720,195680,9203840
FINNIFTY02JAN2421500CE.NFO,02/01/2024,09:43:26,19.25,19.3,3560,19.35,3320,120680,9203840
FINNIFTY02JAN2421500CE.NFO,02/01/2024,09:43:28,19.4,19.4,6760,19.5,5720,128520,9203840
FINNIFTY02JAN2421500CE.NFO,02/01/2024,09:43:29,19.8,19.75,4320,19.8,2000,143120,9203840
FINNIFTY02JAN2421500CE.NFO,02/01/2024,09:43:31,19.5,19.55,80,19.6,3600,58320,9203840
FINNIFTY02JAN2421500CE.NFO,02/01/2024,09:43:33,19.6,19.55,2560,19.6,6000,150840,9203840
FINNIFTY02JAN2421500CE.NFO,02/01/2024,09:43:34,19.15,19.05,9320,19.15,160,272680,9203840
FINNIFTY02JAN2421500CE.NFO,02/01/2024,09:43:36,18.95,18.95,6960,19.05,9560,93760,9203840
FINNIFTY02JAN2421500CE.NFO,02/01/2024,09:43:38,18.4,18.3,3840,18.4,7480,168200,9203840
FINNIFTY02JAN2421500CE.NFO,02/01/2024,09:43:39,18.25,18.25,8960,18.35,6040,160240,9203840
FINNIFTY02JAN2421500CE.NFO,02/01/2024,09:43:41,18.55,18.5,3200,18.55,1120,128480,9203840
FINNIFTY02JAN2421500CE.NFO,02/01/2024,09:43:43,18.4,18.4,9000,18.5,4480,101480,9203840
FINNIFTY02JAN2421500CE.NFO,02/01/2024,09:43:44,18,18,78080,18.05,8120,92840,9203840
FINNIFTY02JAN2421500CE.NFO,02/01/2024,09:43:46,18.3,18.2,8600,18.3,1640,149840,9203840
FINNIFTY02JAN2421500CE.NFO,02/01/2024,09:43:48,19.15,19.1,5480,19.15,160,104000,9203840
FINNIFTY02JAN2421500CE.NFO,02/01/2024,09:43:49,18.95,18.85,6680,18.95,4880,59040,9203840
FINNIFTY02JAN2421500CE.NFO,02/01/2024,09:43:51,18.55,18.5,7080,18.55,1240,59600,9203840
FINNIFTY02JAN2421500CE.NFO,02/01/2024,09:43:53,18.4,18.3,2960,18.4,8720,70440,9203840
FINNIFTY02JAN2421500CE.NFO,02/01/2024,09:43:54,18.2,18.15,320,18.2,3760,107000,9203840
FINNIFTY02JAN2421500CE.NFO,02/01/2024,09:43:56,18.15,18.05,6000,18.15,10200,81440,9203840
FINNIFTY02JAN2421500CE.NFO,02/01/2024,09:43:58,18.4,18.35,1800,18.4,5720,72920,9203840
FINNIFTY02JAN2421500CE.NFO,02/01/2024,09:43:59,18.8,18.7,5720,18.8,9880,40080,9203840
FINNIFTY02JAN2421500CE.NFO,02/01/2024,09:44:01,18.45,18.35,7000,18.45,4960,103440,9203840
FINNIFTY02JAN2421500CE.NFO,02/01/2024,09:44:03,17.8,17.75,760,17.8,1680,228080,9203840
FINNIFTY02JAN2421500CE.NFO,02/01/2024,09:44:04,17.35,17.25,2080,17.35,4960,253280,9203840
FINNIFTY02JAN2421500CE.NFO,02/01/2024,09:44:06,17.55,17.55,10040,17.65,3320,69480,9203840
FINNIFTY02JAN2421500CE.NFO,02/01/2024,09:44:08,17.4,17.35,2400,17.4,5160,74640,9203840
FINNIFTY02JAN2421500CE.NFO,02/01/2024,09:44:09,17.05,17,22600,17.1,4520,105200,9203840
FINNIFTY02JAN2421500CE.NFO,02/01/2024,09:44:11,17.15,17.15,4560,17.2,1840,121400,9203840
FINNIFTY02JAN2421500CE.NFO,02/01/2024,09:44:13,17.5,17.45,4800,17.55,4560,83920,9203840
FINNIFTY02JAN2421500CE.NFO,02/01/2024,09:44:14,17.5,17.45,80,17.5,4480,72920,9203840
FINNIFTY02JAN2421500CE.NFO,02/01/2024,09:44:16,17.4,17.4,7960,17.5,5880,38920,9203840
FINNIFTY02JAN2421500CE.NFO,02/01/2024,09:44:18,16.85,16.8,2200,16.9,9320,97120,9203840
FINNIFTY02JAN2421500CE.NFO,02/01/2024,09:44:19,16.8,16.7,5320,16.8,11120,178760,9203840
FINNIFTY02JAN2421500CE.NFO,02/01/2024,09:44:21,17.2,17.2,7240,17.3,5720,104600,9203840
FINNIFTY02JAN2421500CE.NFO,02/01/2024,09:44:23,17.15,17.15,3920,17.2,280,85840,9203840
FINNIFTY02JAN2421500CE.NFO,02/01/2024,09:44:24,17.2,17.15,4120,17.25,3640,90240,9203840
FINNIFTY02JAN2421500CE.NFO,02/01/2024,09:44:26,17.15,17.05,9360,17.15,3320,56240,10049560
FINNIFTY02JAN2421500CE.NFO,02/01/2024,09:44:28,17.5,17.45,10040,17.55,1880,54240,10049560
FINNIFTY02JAN2421500CE.NFO,02/01/2024,09:44:29,17.3,17.2,9560,17.3,8760,66920,10049560
FINNIFTY02JAN2421500CE.NFO,02/01/2024,09:44:31,17.45,17.35,10160,17.45,5240,49680,10049560
FINNIFTY02JAN2421500CE.NFO,02/01/2024,09:44:32,17.3,17.3,2880,17.4,10320,39040,10049560
FINNIFTY02JAN2421500CE.NFO,02/01/2024,09:44:34,17,17,19760,17.1,6360,75560,10049560
FINNIFTY02JAN2421500CE.NFO,02/01/2024,09:44:36,16.85,16.75,5040,16.85,6800,81360,10049560
FINNIFTY02JAN2421500CE.NFO,02/01/2024,09:44:37,17.2,17.15,4520,17.2,1520,65160,10049560
FINNIFTY02JAN2421500CE.NFO,02/01/2024,09:44:39,17.2,17.2,1240,17.25,4160,55400,10049560
FINNIFTY02JAN2421500CE.NFO,02/01/2024,09:44:41,17.65,17.6,5080,17.65,240,49560,10049560
FINNIFTY02JAN2421500CE.NFO,02/01/2024,09:44:42,17.65,17.55,8080,17.65,8560,28720,10049560
FINNIFTY02JAN2421500CE.NFO,02/01/2024,09:44:44,17.8,17.7,2200,17.8,11200,48720,10049560
FINNIFTY02JAN2421500CE.NFO,02/01/2024,09:44:46,17.45,17.4,6120,17.5,9680,40760,10049560
FINNIFTY02JAN2421500CE.NFO,02/01/2024,09:44:47,17.5,17.45,2240,17.5,6320,26880,10049560
FINNIFTY02JAN2421500CE.NFO,02/01/2024,09:44:49,17.45,17.4,6240,17.5,13160,35320,10049560
FINNIFTY02JAN2421500CE.NFO,02/01/2024,09:44:51,17.3,17.25,4640,17.3,1760,54480,10049560
FINNIFTY02JAN2421500CE.NFO,02/01/2024,09:44:52,17.35,17.3,400,17.35,8160,77920,10049560
FINNIFTY02JAN2421500CE.NFO,02/01/2024,09:44:54,17.45,17.4,400,17.45,8040,46480,10049560
FINNIFTY02JAN2421500CE.NFO,02/01/2024,09:44:56,17.05,17.05,6760,17.15,10840,41680,10049560
FINNIFTY02JAN2421500CE.NFO,02/01/2024,09:44:57,16.95,16.95,200,17,5160,54720,10049560
FINNIFTY02JAN2421500CE.NFO,02/01/2024,09:44:59,16.8,16.8,10000,16.85,400,58280,10049560
FINNIFTY02JAN2421500CE.NFO,02/01/2024,09:45:01,16.3,16.2,5720,16.3,6440,293680,10049560
FINNIFTY02JAN2421500CE.NFO,02/01/2024,09:45:03,16.4,16.4,7920,16.5,760,117280,10049560
FINNIFTY02JAN2421500CE.NFO,02/01/2024,09:45:04,17,17,8200,17.1,8400,137200,10049560
FINNIFTY02JAN2421500CE.NFO,02/01/2024,09:45:06,16.7,16.65,2280,16.7,2200,61960,10049560
FINNIFTY02JAN2421500CE.NFO,02/01/2024,09:45:08,16.7,16.7,10320,16.8,4720,52480,10049560
FINNIFTY02JAN2421500CE.NFO,02/01/2024,09:45:09,16.7,16.65,2400,16.7,3400,55320,10049560
FINNIFTY02JAN2421500CE.NFO,02/01/2024,09:45:11,16.8,16.8,800,16.85,5800,72240,10049560
FINNIFTY02JAN2421500CE.NFO,02/01/2024,09:45:13,17.1,17.1,1840,17.15,3240,66600,10049560
FINNIFTY02JAN2421500CE.NFO,02/01/2024,09:45:14,16.65,16.65,4400,16.75,5200,55160,10049560
FINNIFTY02JAN2421500CE.NFO,02/01/2024,09:45:16,16.85,16.75,10160,16.85,2440,58560,10049560
FINNIFTY02JAN2421500CE.NFO,02/01/2024,09:45:18,16.65,16.55,640,16.6,7960,39880,10049560
FINNIFTY02JAN2421500CE.NFO,02/01/2024,09:45:19,16.35,16.35,12280,16.45,6120,37600,10049560
FINNIFTY02JAN2421500CE.NFO,02/01/2024,09:45:21,16.45,16.3,10320,16.4,3600,49840,10049560
FINNIFTY02JAN2421500CE.NFO,02/01/2024,09:45:23,16.15,16.15,7480,16.2,440,68560,10049560
FINNIFTY02JAN2421500CE.NFO,02/01/2024,09:45:24,15.8,15.8,4800,15.9,9240,135320,10049560
FINNIFTY02JAN2421500CE.NFO,02/01/2024,09:45:26,15.3,15.2,7560,15.3,4200,137960,10049560
FINNIFTY02JAN2421500CE.NFO,02/01/2024,09:45:28,15.25,15.25,7840,15.35,5640,107080,10049560
FINNIFTY02JAN2421500CE.NFO,02/01/2024,09:45:29,15.4,15.4,10400,15.5,8320,117520,10049560
FINNIFTY02JAN2421500CE.NFO,02/01/2024,09:45:31,15.45,15.4,13240,15.5,7080,96480,10049560
FINNIFTY02JAN2421500CE.NFO,02/01/2024,09:45:33,15.7,15.7,4240,15.75,1680,110720,10049560
FINNIFTY02JAN2421500CE.NFO,02/01/2024,09:45:34,15.8,15.75,4440,15.8,1080,91000,10049560
FINNIFTY02JAN2421500CE.NFO,02/01/2024,09:45:36,15.8,15.8,5520,15.85,360,42680,10049560
FINNIFTY02JAN2421500CE.NFO,02/01/2024,09:45:38,15.6,15.6,10800,15.7,5040,39960,10049560
FINNIFTY02JAN2421500CE.NFO,02/01/2024,09:45:39,15.75,15.7,7760,15.75,80,90400,10049560
FINNIFTY02JAN2421500CE.NFO,02/01/2024,09:45:41,15.65,15.65,4920,15.75,12080,30160,10049560
FINNIFTY02JAN2421500CE.NFO,02/01/2024,09:45:43,15.7,15.6,9640,15.7,8560,35560,10049560
FINNIFTY02JAN2421500CE.NFO,02/01/2024,09:45:44,15.55,15.55,120,15.6,5040,96480,10049560
FINNIFTY02JAN2421500CE.NFO,02/01/2024,09:45:46,15.5,15.45,40,15.5,4200,105480,10049560
FINNIFTY02JAN2421500CE.NFO,02/01/2024,09:45:48,14.75,14.75,6760,14.85,6680,416920,10049560
FINNIFTY02JAN2421500CE.NFO,02/01/2024,09:45:49,14.95,14.85,8320,14.95,5640,206920,10049560
FINNIFTY02JAN2421500CE.NFO,02/01/2024,09:45:51,14.7,14.7,8640,14.8,8160,128280,10049560
FINNIFTY02JAN2421500CE.NFO,02/01/2024,09:45:53,14.45,14.45,4160,14.5,2560,120440,10049560
FINNIFTY02JAN2421500CE.NFO,02/01/2024,09:45:54,14.35,14.3,2440,14.35,2720,113240,10049560
FINNIFTY02JAN2421500CE.NFO,02/01/2024,09:45:56,14.15,14.05,8160,14.15,8240,519320,10049560
FINNIFTY02JAN2421500CE.NFO,02/01/2024,09:45:58,14.2,14.2,320,14.25,6640,148360,10049560
FINNIFTY02JAN2421500CE.NFO,02/01/2024,09:45:59,13.8,13.8,7200,13.9,5480,142840,10049560
FINNIFTY02JAN2421500CE.NFO,02/01/2024,09:46:01,13.45,13.45,1920,13.55,11200,219440,10049560
FINNIFTY02JAN2421500CE.NFO,02/01/2024,09:46:03,13.8,13.75,7480,13.85,5920,195680,10049560
FINNIFTY02JAN2421500CE.NFO,02/01/2024,09:46:04,13.25,13.25,3520,13.3,1000,135320,10049560
FINNIFTY02JAN2421500CE.NFO,02/01/2024,09:46:06,13.15,13.05,6960,13.15,6920,230200,10049560
FINNIFTY02JAN2421500CE.NFO,02/01/2024,09:46:08,13.6,13.6,6800,13.7,4040,143640,10049560
FINNIFTY02JAN2421500CE.NFO,02/01/2024,09:46:09,13.4,13.4,10440,13.5,4840,147440,10049560
FINNIFTY02JAN2421500CE.NFO,02/01/2024,09:46:11,13.3,13.3,4480,13.35,800,110200,10049560
FINNIFTY02JAN2421500CE.NFO,02/01/2024,09:46:13,13.15,13.1,7760,13.2,9480,103600,10049560
FINNIFTY02JAN2421500CE.NFO,02/01/2024,09:46:14,13.45,13.35,8240,13.45,4280,89560,10049560
