Ticker,Date,Time,LTP,BuyPrice,BuyQty,SellPrice,SellQty,LTQ,OpenInterest
FINNIFTY02JAN2423400CE.NFO,02/01/2024,09:15:07,0.2,0.2,2880,0.35,2200,3560,87400
FINNIFTY02JAN2423400CE.NFO,02/01/2024,09:15:07,0.2,0.2,2880,0.35,2200,0,87400
FINNIFTY02JAN2423400CE.NFO,02/01/2024,09:15:07,0.35,0.2,2880,0.35,2200,0,87400
FINNIFTY02JAN2423400CE.NFO,02/01/2024,09:15:07,0.2,0.2,2880,0.35,2200,0,87400
FINNIFTY02JAN2423400CE.NFO,02/01/2024,09:15:20,0.3,0.25,1640,0.35,2200,200,87400
FINNIFTY02JAN2423400CE.NFO,02/01/2024,09:15:31,0.35,0.25,880,0.3,2080,840,87400
FINNIFTY02JAN2423400CE.NFO,02/01/2024,09:15:40,0.25,0.25,680,0.3,2080,200,87400
FINNIFTY02JAN2423400CE.NFO,02/01/2024,09:15:49,0.25,0.2,20480,0.3,2320,680,87400
FINNIFTY02JAN2423400CE.NFO,02/01/2024,09:15:58,0.25,0.2,21200,0.25,1120,3800,87400
FINNIFTY02JAN2423400CE.NFO,02/01/2024,09:16:08,0.25,0.2,21200,0.25,1120,0,87400
FINNIFTY02JAN2423400CE.NFO,02/01/2024,09:16:16,0.25,0.25,1360,0.3,8280,1120,87400
FINNIFTY02JAN2423400CE.NFO,02/01/2024,09:16:24,0.25,0.25,1360,0.3,8280,0,87400
FINNIFTY02JAN2423400CE.NFO,02/01/2024,09:16:32,0.25,0.2,25560,0.3,8960,600,87400
FINNIFTY02JAN2423400CE.NFO,02/01/2024,09:16:40,0.25,0.2,27080,0.25,600,400,87400
FINNIFTY02JAN2423400CE.NFO,02/01/2024,09:16:49,0.25,0.2,51200,0.25,3560,3240,87400
FINNIFTY02JAN2423400CE.NFO,02/01/2024,09:16:56,0.25,0.2,51360,0.25,3560,80,87400
FINNIFTY02JAN2423400CE.NFO,02/01/2024,09:17:04,0.25,0.2,53760,0.25,4280,1960,87400
FINNIFTY02JAN2423400CE.NFO,02/01/2024,09:17:14,0.25,0.2,56960,0.25,5280,120,87400
FINNIFTY02JAN2423400CE.NFO,02/01/2024,09:17:21,0.25,0.2,57200,0.25,6440,240,87400
FINNIFTY02JAN2423400CE.NFO,02/01/2024,09:17:29,0.25,0.2,61520,0.25,6480,40,93000
FINNIFTY02JAN2423400CE.NFO,02/01/2024,09:17:38,0.25,0.2,63440,0.25,11600,0,93000
FINNIFTY02JAN2423400CE.NFO,02/01/2024,09:17:54,0.25,0.2,62040,0.25,11600,0,93000
FINNIFTY02JAN2423400CE.NFO,02/01/2024,09:18:01,0.25,0.2,60240,0.25,11600,0,93000
FINNIFTY02JAN2423400CE.NFO,02/01/2024,09:18:54,0.25,0.2,61560,0.25,11600,0,93000
FINNIFTY02JAN2423400CE.NFO,02/01/2024,09:19:37,0.25,0.2,61560,0.25,11560,40,93000
FINNIFTY02JAN2423400CE.NFO,02/01/2024,09:19:47,0.25,0.2,61560,0.25,10160,0,93000
FINNIFTY02JAN2423400CE.NFO,02/01/2024,09:19:55,0.25,0.2,57560,0.25,9360,800,93000
FINNIFTY02JAN2423400CE.NFO,02/01/2024,09:20:11,0.25,0.2,57560,0.25,8080,1280,93000
FINNIFTY02JAN2423400CE.NFO,02/01/2024,09:20:19,0.25,0.2,57560,0.25,8080,0,93000
FINNIFTY02JAN2423400CE.NFO,02/01/2024,09:20:27,0.25,0.2,57560,0.25,11160,0,93000
FINNIFTY02JAN2423400CE.NFO,02/01/2024,09:20:50,0.25,0.2,52160,0.25,10480,680,90920
FINNIFTY02JAN2423400CE.NFO,02/01/2024,09:20:59,0.2,0.2,51760,0.25,10200,680,90920
FINNIFTY02JAN2423400CE.NFO,02/01/2024,09:21:11,0.2,0.2,50040,0.25,11600,1200,90920
FINNIFTY02JAN2423400CE.NFO,02/01/2024,09:21:23,0.2,0.2,49760,0.25,14120,280,90920
FINNIFTY02JAN2423400CE.NFO,02/01/2024,09:21:35,0.25,0.2,39520,0.25,14960,2400,90920
FINNIFTY02JAN2423400CE.NFO,02/01/2024,09:21:46,0.25,0.2,39640,0.25,14560,400,90920
FINNIFTY02JAN2423400CE.NFO,02/01/2024,09:21:57,0.25,0.2,45360,0.25,16560,2800,90920
FINNIFTY02JAN2423400CE.NFO,02/01/2024,09:22:09,0.25,0.2,45160,0.25,16640,1000,90920
FINNIFTY02JAN2423400CE.NFO,02/01/2024,09:22:20,0.25,0.2,45160,0.25,15000,520,90920
FINNIFTY02JAN2423400CE.NFO,02/01/2024,09:22:31,0.25,0.2,49160,0.25,11440,800,90920
FINNIFTY02JAN2423400CE.NFO,02/01/2024,09:22:43,0.25,0.2,49160,0.25,5720,5400,90920
FINNIFTY02JAN2423400CE.NFO,02/01/2024,09:22:54,0.25,0.2,49760,0.25,5720,0,90920
FINNIFTY02JAN2423400CE.NFO,02/01/2024,09:23:16,0.25,0.2,48760,0.25,5520,200,90920
FINNIFTY02JAN2423400CE.NFO,02/01/2024,09:23:26,0.25,0.2,47760,0.25,5520,0,90920
FINNIFTY02JAN2423400CE.NFO,02/01/2024,09:23:37,0.2,0.2,46960,0.25,5520,800,105200
FINNIFTY02JAN2423400CE.NFO,02/01/2024,09:23:48,0.25,0.2,46960,0.25,5880,2320,105200
FINNIFTY02JAN2423400CE.NFO,02/01/2024,09:23:58,0.2,0.2,46160,0.25,6440,2240,105200
FINNIFTY02JAN2423400CE.NFO,02/01/2024,09:24:09,0.25,0.25,12560,0.3,19920,4480,105200
FINNIFTY02JAN2423400CE.NFO,02/01/2024,09:24:19,0.25,0.25,9600,0.3,19920,280,105200
FINNIFTY02JAN2423400CE.NFO,02/01/2024,09:24:31,0.25,0.25,9600,0.3,19920,0,105200
FINNIFTY02JAN2423400CE.NFO,02/01/2024,09:24:42,0.25,0.2,41400,0.25,1520,1800,105200
FINNIFTY02JAN2423400CE.NFO,02/01/2024,09:24:53,0.2,0.2,42800,0.25,1520,400,105200
FINNIFTY02JAN2423400CE.NFO,02/01/2024,09:25:04,0.2,0.2,42000,0.25,1560,800,105200
FINNIFTY02JAN2423400CE.NFO,02/01/2024,09:25:15,0.25,0.2,46040,0.25,3120,1960,105200
FINNIFTY02JAN2423400CE.NFO,02/01/2024,09:25:25,0.2,0.2,48080,0.25,3120,1200,105200
FINNIFTY02JAN2423400CE.NFO,02/01/2024,09:25:36,0.2,0.2,39040,0.25,10000,2120,105200
FINNIFTY02JAN2423400CE.NFO,02/01/2024,09:25:47,0.2,0.2,38160,0.25,15400,280,105200
FINNIFTY02JAN2423400CE.NFO,02/01/2024,09:25:58,0.25,0.2,38000,0.25,15360,40,105200
FINNIFTY02JAN2423400CE.NFO,02/01/2024,09:26:09,0.25,0.2,38000,0.25,17200,0,105200
FINNIFTY02JAN2423400CE.NFO,02/01/2024,09:26:21,0.25,0.2,38000,0.25,17160,0,105200
FINNIFTY02JAN2423400CE.NFO,02/01/2024,09:26:59,0.25,0.2,38000,0.25,16760,400,104600
FINNIFTY02JAN2423400CE.NFO,02/01/2024,09:27:10,0.25,0.2,38000,0.25,14400,3600,104600
FINNIFTY02JAN2423400CE.NFO,02/01/2024,09:27:21,0.25,0.2,40720,0.25,14400,560,104600
FINNIFTY02JAN2423400CE.NFO,02/01/2024,09:27:55,0.2,0.2,40360,0.25,14400,360,104600
FINNIFTY02JAN2423400CE.NFO,02/01/2024,09:28:07,0.2,0.2,39960,0.25,14400,400,104600
FINNIFTY02JAN2423400CE.NFO,02/01/2024,09:28:19,0.2,0.2,39960,0.25,14600,0,104600
FINNIFTY02JAN2423400CE.NFO,02/01/2024,09:28:43,0.2,0.2,45040,0.25,14600,0,104600
FINNIFTY02JAN2423400CE.NFO,02/01/2024,09:29:17,0.2,0.2,46720,0.25,14600,120,104600
FINNIFTY02JAN2423400CE.NFO,02/01/2024,09:29:29,0.2,0.2,46480,0.25,14600,240,104600
FINNIFTY02JAN2423400CE.NFO,02/01/2024,09:29:41,0.2,0.2,46480,0.25,16400,0,104600
FINNIFTY02JAN2423400CE.NFO,02/01/2024,09:30:04,0.25,0.2,46480,0.25,16280,120,103960
FINNIFTY02JAN2423400CE.NFO,02/01/2024,09:30:16,0.2,0.2,51880,0.25,16600,3600,103960
FINNIFTY02JAN2423400CE.NFO,02/01/2024,09:30:28,0.2,0.2,59840,0.25,16600,0,103960
FINNIFTY02JAN2423400CE.NFO,02/01/2024,09:30:40,0.2,0.2,59440,0.25,16600,400,103960
FINNIFTY02JAN2423400CE.NFO,02/01/2024,09:31:01,0.25,0.2,59760,0.25,15400,1200,103960
FINNIFTY02JAN2423400CE.NFO,02/01/2024,09:31:13,0.2,0.2,57160,0.25,18720,3600,103960
FINNIFTY02JAN2423400CE.NFO,02/01/2024,09:31:24,0.2,0.2,58960,0.25,20520,1800,103960
FINNIFTY02JAN2423400CE.NFO,02/01/2024,09:31:46,0.2,0.2,49960,0.25,24280,7200,103960
FINNIFTY02JAN2423400CE.NFO,02/01/2024,09:31:57,0.25,0.2,53560,0.25,24160,120,103960
FINNIFTY02JAN2423400CE.NFO,02/01/2024,09:32:08,0.25,0.2,40600,0.25,34960,0,103960
FINNIFTY02JAN2423400CE.NFO,02/01/2024,09:34:53,0.25,0.2,38200,0.25,36160,0,103960
FINNIFTY02JAN2423400CE.NFO,02/01/2024,09:35:45,0.25,0.2,40000,0.25,36160,0,103960
FINNIFTY02JAN2423400CE.NFO,02/01/2024,09:36:40,0.25,0.2,41000,0.25,36160,0,103960
FINNIFTY02JAN2423400CE.NFO,02/01/2024,09:37:01,0.25,0.2,41000,0.25,36360,0,103960
FINNIFTY02JAN2423400CE.NFO,02/01/2024,09:37:53,0.25,0.2,41200,0.25,36360,0,103960
FINNIFTY02JAN2423400CE.NFO,02/01/2024,09:38:13,0.2,0.2,41160,0.25,36160,40,97840
FINNIFTY02JAN2423400CE.NFO,02/01/2024,09:38:56,0.25,0.2,41760,0.25,35280,880,97800
FINNIFTY02JAN2423400CE.NFO,02/01/2024,09:39:08,0.2,0.2,31840,0.25,36080,1360,97800
FINNIFTY02JAN2423400CE.NFO,02/01/2024,09:39:40,0.2,0.2,31640,0.25,36080,200,97800
FINNIFTY02JAN2423400CE.NFO,02/01/2024,09:39:51,0.2,0.2,31680,0.25,36280,40,97800
FINNIFTY02JAN2423400CE.NFO,02/01/2024,09:40:02,0.2,0.2,31640,0.25,36320,40,97800
FINNIFTY02JAN2423400CE.NFO,02/01/2024,09:40:15,0.2,0.2,31600,0.25,36320,40,97800
FINNIFTY02JAN2423400CE.NFO,02/01/2024,09:40:28,0.2,0.2,32920,0.25,36400,480,97800
FINNIFTY02JAN2423400CE.NFO,02/01/2024,09:40:40,0.2,0.2,32640,0.25,36400,280,97800
FINNIFTY02JAN2423400CE.NFO,02/01/2024,09:40:53,0.2,0.2,32640,0.25,37160,0,97800
FINNIFTY02JAN2423400CE.NFO,02/01/2024,09:41:05,0.2,0.2,32800,0.25,37160,0,97800
FINNIFTY02JAN2423400CE.NFO,02/01/2024,09:41:38,0.25,0.2,32800,0.25,36680,480,99120
FINNIFTY02JAN2423400CE.NFO,02/01/2024,09:41:49,0.25,0.2,36400,0.25,36680,0,99120
FINNIFTY02JAN2423400CE.NFO,02/01/2024,09:42:33,0.25,0.2,36280,0.25,36680,0,99120
FINNIFTY02JAN2423400CE.NFO,02/01/2024,09:43:17,0.25,0.2,36280,0.25,36640,40,99120
FINNIFTY02JAN2423400CE.NFO,02/01/2024,09:43:40,0.25,0.2,36280,0.25,37560,0,99120
FINNIFTY02JAN2423400CE.NFO,02/01/2024,09:45:50,0.2,0.2,33960,0.25,37560,2320,99120
FINNIFTY02JAN2423400CE.NFO,02/01/2024,09:46:01,0.2,0.2,32520,0.25,37560,0,99120
FINNIFTY02JAN2423400CE.NFO,02/01/2024,09:46:23,0.2,0.2,32520,0.25,41680,0,99120
FINNIFTY02JAN2423400CE.NFO,02/01/2024,09:46:34,0.2,0.2,24400,0.25,41680,0,99120
FINNIFTY02JAN2423400CE.NFO,02/01/2024,09:47:16,0.2,0.2,31600,0.25,41680,0,99120
FINNIFTY02JAN2423400CE.NFO,02/01/2024,09:47:48,0.2,0.2,24360,0.25,41680,40,101440
FINNIFTY02JAN2423400CE.NFO,02/01/2024,09:47:59,0.2,0.2,24360,0.25,41680,0,101440
FINNIFTY02JAN2423400CE.NFO,02/01/2024,09:48:20,0.2,0.2,24800,0.25,41680,0,101440
FINNIFTY02JAN2423400CE.NFO,02/01/2024,09:48:50,0.25,0.2,24520,0.25,41280,400,101440
FINNIFTY02JAN2423400CE.NFO,02/01/2024,09:49:00,0.25,0.2,33400,0.25,41280,0,101440
FINNIFTY02JAN2423400CE.NFO,02/01/2024,09:49:10,0.25,0.2,42400,0.25,41280,0,101440
FINNIFTY02JAN2423400CE.NFO,02/01/2024,09:49:21,0.25,0.2,52480,0.25,41280,0,101440
FINNIFTY02JAN2423400CE.NFO,02/01/2024,09:49:31,0.25,0.2,56800,0.25,41280,0,101440
FINNIFTY02JAN2423400CE.NFO,02/01/2024,09:49:51,0.25,0.2,46720,0.25,41280,0,101440
FINNIFTY02JAN2423400CE.NFO,02/01/2024,09:51:35,0.25,0.2,46600,0.25,41160,120,101440
FINNIFTY02JAN2423400CE.NFO,02/01/2024,09:51:56,0.25,0.2,28600,0.25,41160,0,101440
FINNIFTY02JAN2423400CE.NFO,02/01/2024,09:54:10,0.25,0.2,28600,0.25,40240,0,101440
FINNIFTY02JAN2423400CE.NFO,02/01/2024,09:54:53,0.25,0.2,28320,0.25,32200,0,101440
FINNIFTY02JAN2423400CE.NFO,02/01/2024,09:55:06,0.25,0.2,30120,0.25,32200,0,101440
FINNIFTY02JAN2423400CE.NFO,02/01/2024,09:55:17,0.25,0.2,31920,0.25,39400,0,101440
FINNIFTY02JAN2423400CE.NFO,02/01/2024,09:55:29,0.25,0.2,31920,0.25,35800,3600,101440
FINNIFTY02JAN2423400CE.NFO,02/01/2024,09:55:42,0.25,0.2,33720,0.25,35800,0,101440
FINNIFTY02JAN2423400CE.NFO,02/01/2024,09:56:06,0.25,0.2,33720,0.25,23400,5200,101440
FINNIFTY02JAN2423400CE.NFO,02/01/2024,09:56:20,0.25,0.2,48120,0.25,22320,1080,101440
FINNIFTY02JAN2423400CE.NFO,02/01/2024,09:56:34,0.25,0.2,48120,0.25,22320,0,101440
FINNIFTY02JAN2423400CE.NFO,02/01/2024,09:56:47,0.2,0.2,47800,0.25,22320,400,92200
FINNIFTY02JAN2423400CE.NFO,02/01/2024,09:57:00,0.2,0.2,41080,0.25,28480,1080,92200
FINNIFTY02JAN2423400CE.NFO,02/01/2024,09:57:13,0.2,0.2,47440,0.25,23760,0,92200
FINNIFTY02JAN2423400CE.NFO,02/01/2024,09:57:26,0.25,0.2,47440,0.25,26920,2000,92200
FINNIFTY02JAN2423400CE.NFO,02/01/2024,09:57:39,0.2,0.2,46960,0.25,26920,480,92200
FINNIFTY02JAN2423400CE.NFO,02/01/2024,09:57:51,0.25,0.25,28360,0.3,7520,25120,92200
FINNIFTY02JAN2423400CE.NFO,02/01/2024,09:58:02,0.3,0.25,28360,0.3,7520,1800,92200
FINNIFTY02JAN2423400CE.NFO,02/01/2024,09:58:14,0.3,0.25,28360,0.3,24320,0,92200
FINNIFTY02JAN2423400CE.NFO,02/01/2024,09:58:26,0.3,0.25,28360,0.3,25000,0,92200
FINNIFTY02JAN2423400CE.NFO,02/01/2024,09:58:38,0.3,0.25,28560,0.3,19600,0,92200
FINNIFTY02JAN2423400CE.NFO,02/01/2024,09:58:49,0.25,0.25,23560,0.3,22200,80,92200
FINNIFTY02JAN2423400CE.NFO,02/01/2024,09:59:00,0.25,0.25,27160,0.3,22200,0,92200
FINNIFTY02JAN2423400CE.NFO,02/01/2024,09:59:11,0.25,0.25,30080,0.3,18920,0,92200
FINNIFTY02JAN2423400CE.NFO,02/01/2024,09:59:22,0.3,0.3,6120,0.35,9840,22200,92200
FINNIFTY02JAN2423400CE.NFO,02/01/2024,09:59:33,0.3,0.3,6120,0.35,9840,0,92200
FINNIFTY02JAN2423400CE.NFO,02/01/2024,09:59:55,0.3,0.3,8280,0.35,32680,240,105480
FINNIFTY02JAN2423400CE.NFO,02/01/2024,10:00:06,0.35,0.3,8680,0.35,33360,280,105480
FINNIFTY02JAN2423400CE.NFO,02/01/2024,10:00:17,0.35,0.3,8680,0.35,33360,0,105480
FINNIFTY02JAN2423400CE.NFO,02/01/2024,10:00:29,0.3,0.3,6040,0.35,35360,2320,105480
FINNIFTY02JAN2423400CE.NFO,02/01/2024,10:00:41,0.3,0.25,41720,0.3,30440,6960,105480
FINNIFTY02JAN2423400CE.NFO,02/01/2024,10:00:52,0.3,0.25,41720,0.3,31120,200,105480
FINNIFTY02JAN2423400CE.NFO,02/01/2024,10:01:03,0.3,0.25,38120,0.3,31120,0,105480
FINNIFTY02JAN2423400CE.NFO,02/01/2024,10:01:14,0.3,0.25,60320,0.3,31120,0,105480
FINNIFTY02JAN2423400CE.NFO,02/01/2024,10:01:26,0.3,0.25,60320,0.3,29360,1800,105480
FINNIFTY02JAN2423400CE.NFO,02/01/2024,10:01:37,0.3,0.25,60320,0.3,25760,3600,105480
FINNIFTY02JAN2423400CE.NFO,02/01/2024,10:01:48,0.3,0.25,60320,0.3,25240,520,105480
FINNIFTY02JAN2423400CE.NFO,02/01/2024,10:01:59,0.3,0.25,60320,0.3,13000,11040,105480
FINNIFTY02JAN2423400CE.NFO,02/01/2024,10:02:10,0.3,0.25,78000,0.3,4440,10760,105480
FINNIFTY02JAN2423400CE.NFO,02/01/2024,10:02:22,0.3,0.25,78000,0.3,7200,0,105480
FINNIFTY02JAN2423400CE.NFO,02/01/2024,10:02:31,0.3,0.25,78000,0.3,7360,0,105480
FINNIFTY02JAN2423400CE.NFO,02/01/2024,10:02:42,0.3,0.25,83920,0.3,6320,1040,124880
FINNIFTY02JAN2423400CE.NFO,02/01/2024,10:02:54,0.3,0.25,80520,0.3,6320,0,124880
FINNIFTY02JAN2423400CE.NFO,02/01/2024,10:03:06,0.3,0.25,80920,0.3,6320,0,124880
FINNIFTY02JAN2423400CE.NFO,02/01/2024,10:03:18,0.3,0.3,25520,0.35,44440,12440,124880
FINNIFTY02JAN2423400CE.NFO,02/01/2024,10:03:30,0.3,0.3,25520,0.35,35520,0,124880
FINNIFTY02JAN2423400CE.NFO,02/01/2024,10:03:41,0.3,0.3,18520,0.35,37320,9400,124880
FINNIFTY02JAN2423400CE.NFO,02/01/2024,10:03:52,0.3,0.3,18320,0.35,37320,200,124880
FINNIFTY02JAN2423400CE.NFO,02/01/2024,10:04:03,0.3,0.3,17680,0.35,38760,640,124880
FINNIFTY02JAN2423400CE.NFO,02/01/2024,10:04:15,0.3,0.3,13440,0.35,42400,1360,124880
FINNIFTY02JAN2423400CE.NFO,02/01/2024,10:04:26,0.3,0.3,9520,0.35,42840,200,124880
FINNIFTY02JAN2423400CE.NFO,02/01/2024,10:04:38,0.3,0.3,8840,0.35,42400,680,124880
FINNIFTY02JAN2423400CE.NFO,02/01/2024,10:04:50,0.3,0.3,8640,0.35,42400,200,124880
FINNIFTY02JAN2423400CE.NFO,02/01/2024,10:05:00,0.3,0.3,7400,0.35,42400,1240,124880
FINNIFTY02JAN2423400CE.NFO,02/01/2024,10:05:11,0.3,0.3,10520,0.35,42400,400,124880
FINNIFTY02JAN2423400CE.NFO,02/01/2024,10:05:55,0.3,0.3,10320,0.35,42400,200,119760
FINNIFTY02JAN2423400CE.NFO,02/01/2024,10:06:18,0.3,0.3,10320,0.35,42400,0,119760
FINNIFTY02JAN2423400CE.NFO,02/01/2024,10:06:30,0.35,0.3,10320,0.35,41440,960,119760
FINNIFTY02JAN2423400CE.NFO,02/01/2024,10:06:42,0.35,0.3,10280,0.35,39280,2200,119760
FINNIFTY02JAN2423400CE.NFO,02/01/2024,10:07:04,0.35,0.3,10280,0.35,39280,0,119760
FINNIFTY02JAN2423400CE.NFO,02/01/2024,10:07:27,0.35,0.3,10280,0.35,35000,4280,119760
FINNIFTY02JAN2423400CE.NFO,02/01/2024,10:07:39,0.35,0.3,10280,0.35,35000,0,119760
FINNIFTY02JAN2423400CE.NFO,02/01/2024,10:08:45,0.35,0.3,10280,0.35,34800,200,123720
FINNIFTY02JAN2423400CE.NFO,02/01/2024,10:08:57,0.35,0.3,10360,0.35,34800,0,123720
FINNIFTY02JAN2423400CE.NFO,02/01/2024,10:09:20,0.35,0.3,10280,0.35,34800,0,123720
FINNIFTY02JAN2423400CE.NFO,02/01/2024,10:09:31,0.35,0.3,10360,0.35,34800,0,123720
FINNIFTY02JAN2423400CE.NFO,02/01/2024,10:09:42,0.35,0.3,10280,0.35,34800,0,123720
FINNIFTY02JAN2423400CE.NFO,02/01/2024,10:10:05,0.3,0.3,10240,0.35,34800,40,123720
FINNIFTY02JAN2423400CE.NFO,02/01/2024,10:10:16,0.3,0.3,10240,0.35,34800,0,123720
FINNIFTY02JAN2423400CE.NFO,02/01/2024,10:10:39,0.35,0.3,10240,0.35,33960,2640,123720
FINNIFTY02JAN2423400CE.NFO,02/01/2024,10:11:02,0.35,0.3,10240,0.35,34440,0,123720
FINNIFTY02JAN2423400CE.NFO,02/01/2024,10:11:12,0.35,0.3,10240,0.35,34680,0,123720
FINNIFTY02JAN2423400CE.NFO,02/01/2024,10:11:23,0.3,0.3,9880,0.35,34760,360,123720
FINNIFTY02JAN2423400CE.NFO,02/01/2024,10:11:45,0.3,0.25,53600,0.3,10840,8200,123680
FINNIFTY02JAN2423400CE.NFO,02/01/2024,10:11:56,0.3,0.25,55080,0.3,12640,0,123680
FINNIFTY02JAN2423400CE.NFO,02/01/2024,10:12:37,0.3,0.25,55080,0.3,12840,0,123680
FINNIFTY02JAN2423400CE.NFO,02/01/2024,10:14:25,0.3,0.25,57960,0.3,12840,0,123680
FINNIFTY02JAN2423400CE.NFO,02/01/2024,10:14:35,0.3,0.25,55080,0.3,12840,0,123680
FINNIFTY02JAN2423400CE.NFO,02/01/2024,10:14:46,0.3,0.25,55080,0.3,11080,1760,118040
FINNIFTY02JAN2423400CE.NFO,02/01/2024,10:14:56,0.3,0.25,55080,0.3,12720,0,118040
FINNIFTY02JAN2423400CE.NFO,02/01/2024,10:15:07,0.3,0.25,55080,0.3,12480,240,118040
FINNIFTY02JAN2423400CE.NFO,02/01/2024,10:15:17,0.3,0.25,24840,0.3,12800,0,118040
FINNIFTY02JAN2423400CE.NFO,02/01/2024,10:15:27,0.3,0.25,11160,0.3,12800,0,118040
FINNIFTY02JAN2423400CE.NFO,02/01/2024,10:15:37,0.3,0.25,11160,0.3,14400,200,118040
FINNIFTY02JAN2423400CE.NFO,02/01/2024,10:15:47,0.3,0.25,7560,0.3,14400,0,118040
FINNIFTY02JAN2423400CE.NFO,02/01/2024,10:17:54,0.3,0.25,7560,0.3,12600,0,118040
FINNIFTY02JAN2423400CE.NFO,02/01/2024,10:19:50,0.3,0.25,26960,0.3,12600,0,118040
FINNIFTY02JAN2423400CE.NFO,02/01/2024,10:20:00,0.3,0.25,26960,0.3,13400,0,118040
FINNIFTY02JAN2423400CE.NFO,02/01/2024,10:20:39,0.3,0.25,26960,0.3,25600,0,118040
FINNIFTY02JAN2423400CE.NFO,02/01/2024,10:21:39,0.3,0.25,26960,0.3,26240,0,118040
FINNIFTY02JAN2423400CE.NFO,02/01/2024,10:24:50,0.25,0.25,25160,0.3,26240,1800,117280
FINNIFTY02JAN2423400CE.NFO,02/01/2024,10:25:11,0.25,0.25,25160,0.3,26240,0,117280
FINNIFTY02JAN2423400CE.NFO,02/01/2024,10:29:12,0.25,0.25,51560,0.3,26240,0,117280
FINNIFTY02JAN2423400CE.NFO,02/01/2024,10:29:21,0.25,0.25,51560,0.3,25600,0,117280
FINNIFTY02JAN2423400CE.NFO,02/01/2024,10:30:42,0.3,0.25,51560,0.3,24800,800,119040
FINNIFTY02JAN2423400CE.NFO,02/01/2024,10:30:51,0.25,0.25,50280,0.3,24800,1280,119040
FINNIFTY02JAN2423400CE.NFO,02/01/2024,10:31:01,0.25,0.25,50280,0.3,24800,0,119040
FINNIFTY02JAN2423400CE.NFO,02/01/2024,10:32:47,0.25,0.25,48320,0.3,24800,0,119040
FINNIFTY02JAN2423400CE.NFO,02/01/2024,10:34:01,0.25,0.25,33320,0.3,25120,0,119040
FINNIFTY02JAN2423400CE.NFO,02/01/2024,10:34:48,0.25,0.25,30360,0.3,25120,0,119040
FINNIFTY02JAN2423400CE.NFO,02/01/2024,10:35:06,0.25,0.25,8160,0.3,25120,0,119040
FINNIFTY02JAN2423400CE.NFO,02/01/2024,10:35:24,0.25,0.25,7080,0.3,25120,0,119040
FINNIFTY02JAN2423400CE.NFO,02/01/2024,10:35:50,0.25,0.25,6920,0.3,25120,160,119520
FINNIFTY02JAN2423400CE.NFO,02/01/2024,10:35:59,0.25,0.25,6560,0.3,25120,360,119520
FINNIFTY02JAN2423400CE.NFO,02/01/2024,10:36:52,0.25,0.25,5760,0.3,24320,800,119520
FINNIFTY02JAN2423400CE.NFO,02/01/2024,10:37:04,0.3,0.25,6440,0.3,22520,1800,119520
FINNIFTY02JAN2423400CE.NFO,02/01/2024,10:38:06,0.3,0.25,6440,0.3,25000,0,119520
FINNIFTY02JAN2423400CE.NFO,02/01/2024,10:38:16,0.3,0.25,6440,0.3,28600,0,119520
FINNIFTY02JAN2423400CE.NFO,02/01/2024,10:38:25,0.25,0.25,4640,0.3,28600,1800,119520
FINNIFTY02JAN2423400CE.NFO,02/01/2024,10:38:35,0.25,0.25,2640,0.3,28600,800,119520
FINNIFTY02JAN2423400CE.NFO,02/01/2024,10:39:05,0.25,0.2,94720,0.25,9400,2640,118520
FINNIFTY02JAN2423400CE.NFO,02/01/2024,10:39:15,0.25,0.2,99200,0.25,21600,0,118520
FINNIFTY02JAN2423400CE.NFO,02/01/2024,10:40:21,0.25,0.2,99560,0.25,21320,280,118520
FINNIFTY02JAN2423400CE.NFO,02/01/2024,10:40:31,0.25,0.2,99560,0.25,21120,200,118520
FINNIFTY02JAN2423400CE.NFO,02/01/2024,10:41:01,0.25,0.2,99560,0.25,21120,0,118520
FINNIFTY02JAN2423400CE.NFO,02/01/2024,10:41:11,0.25,0.2,100360,0.25,21120,0,118520
FINNIFTY02JAN2423400CE.NFO,02/01/2024,10:41:21,0.25,0.2,99960,0.25,20320,800,118520
FINNIFTY02JAN2423400CE.NFO,02/01/2024,10:41:31,0.25,0.2,99960,0.25,20120,200,118520
FINNIFTY02JAN2423400CE.NFO,02/01/2024,10:43:01,0.25,0.2,101760,0.25,20120,0,118520
FINNIFTY02JAN2423400CE.NFO,02/01/2024,10:43:21,0.25,0.2,99960,0.25,20120,0,118520
FINNIFTY02JAN2423400CE.NFO,02/01/2024,10:43:41,0.25,0.2,100360,0.25,17880,2240,117040
FINNIFTY02JAN2423400CE.NFO,02/01/2024,10:44:10,0.25,0.2,100360,0.25,20960,0,117040
FINNIFTY02JAN2423400CE.NFO,02/01/2024,10:45:00,0.25,0.2,100360,0.25,34200,0,117040
FINNIFTY02JAN2423400CE.NFO,02/01/2024,10:45:29,0.25,0.2,100880,0.25,29720,0,117040
FINNIFTY02JAN2423400CE.NFO,02/01/2024,10:45:39,0.25,0.2,100880,0.25,34200,0,117040
FINNIFTY02JAN2423400CE.NFO,02/01/2024,10:46:57,0.25,0.2,100880,0.25,33880,320,117040
FINNIFTY02JAN2423400CE.NFO,02/01/2024,10:47:07,0.25,0.2,94720,0.25,28200,240,117040
FINNIFTY02JAN2423400CE.NFO,02/01/2024,10:47:53,0.25,0.2,95320,0.25,28200,0,117040
FINNIFTY02JAN2423400CE.NFO,02/01/2024,10:48:22,0.25,0.2,94840,0.25,28200,0,117040
FINNIFTY02JAN2423400CE.NFO,02/01/2024,10:48:31,0.25,0.2,103080,0.25,21560,18000,116480
FINNIFTY02JAN2423400CE.NFO,02/01/2024,10:48:41,0.25,0.2,83080,0.25,21560,0,116480
FINNIFTY02JAN2423400CE.NFO,02/01/2024,10:49:10,0.25,0.2,83080,0.25,21360,200,116480
FINNIFTY02JAN2423400CE.NFO,02/01/2024,10:53:23,0.25,0.2,86680,0.25,21360,0,116480
FINNIFTY02JAN2423400CE.NFO,02/01/2024,10:53:32,0.25,0.2,90280,0.25,21360,0,116480
FINNIFTY02JAN2423400CE.NFO,02/01/2024,10:54:38,0.25,0.2,88480,0.25,21360,0,116480
FINNIFTY02JAN2423400CE.NFO,02/01/2024,10:54:47,0.25,0.2,83080,0.25,21360,0,116480
FINNIFTY02JAN2423400CE.NFO,02/01/2024,10:57:18,0.25,0.2,83040,0.25,21320,80,119160
FINNIFTY02JAN2423400CE.NFO,02/01/2024,10:58:09,0.25,0.2,83040,0.25,21360,0,119160
FINNIFTY02JAN2423400CE.NFO,02/01/2024,10:59:52,0.25,0.2,83040,0.25,20360,1000,119160
FINNIFTY02JAN2423400CE.NFO,02/01/2024,11:00:01,0.25,0.2,83040,0.25,20360,0,119160
FINNIFTY02JAN2423400CE.NFO,02/01/2024,11:00:39,0.25,0.2,83040,0.25,21000,0,119160
FINNIFTY02JAN2423400CE.NFO,02/01/2024,11:01:46,0.25,0.2,83040,0.25,18560,2440,119160
FINNIFTY02JAN2423400CE.NFO,02/01/2024,11:01:56,0.25,0.2,82440,0.25,18520,40,119160
FINNIFTY02JAN2423400CE.NFO,02/01/2024,11:02:16,0.25,0.2,82440,0.25,18320,200,119160
FINNIFTY02JAN2423400CE.NFO,02/01/2024,11:02:26,0.25,0.2,82440,0.25,17960,360,119160
FINNIFTY02JAN2423400CE.NFO,02/01/2024,11:02:36,0.25,0.2,82440,0.25,13480,0,119160
FINNIFTY02JAN2423400CE.NFO,02/01/2024,11:03:51,0.25,0.2,82440,0.25,6840,5200,121600
FINNIFTY02JAN2423400CE.NFO,02/01/2024,11:04:09,0.2,0.2,82400,0.25,10400,40,121600
FINNIFTY02JAN2423400CE.NFO,02/01/2024,11:04:19,0.25,0.2,82400,0.25,10080,320,121600
FINNIFTY02JAN2423400CE.NFO,02/01/2024,11:06:58,0.25,0.2,82400,0.25,10080,0,121600
FINNIFTY02JAN2423400CE.NFO,02/01/2024,11:07:17,0.2,0.2,81240,0.25,10080,1160,127080
FINNIFTY02JAN2423400CE.NFO,02/01/2024,11:08:50,0.2,0.2,82520,0.25,30440,120,125920
FINNIFTY02JAN2423400CE.NFO,02/01/2024,11:09:09,0.2,0.2,81120,0.25,30440,0,125920
FINNIFTY02JAN2423400CE.NFO,02/01/2024,11:09:37,0.25,0.25,11560,0.3,7520,37320,125920
FINNIFTY02JAN2423400CE.NFO,02/01/2024,11:09:46,0.25,0.25,13680,0.3,7640,240,125920
FINNIFTY02JAN2423400CE.NFO,02/01/2024,11:09:55,0.25,0.25,9960,0.3,1920,120,125920
FINNIFTY02JAN2423400CE.NFO,02/01/2024,11:10:04,0.25,0.25,21960,0.3,1920,0,125920
FINNIFTY02JAN2423400CE.NFO,02/01/2024,11:10:13,0.25,0.25,13960,0.3,1920,0,125920
FINNIFTY02JAN2423400CE.NFO,02/01/2024,11:10:21,0.25,0.25,15640,0.3,5520,120,125920
FINNIFTY02JAN2423400CE.NFO,02/01/2024,11:10:30,0.25,0.25,25040,0.3,1920,0,125920
FINNIFTY02JAN2423400CE.NFO,02/01/2024,11:10:56,0.25,0.25,19960,0.3,1920,0,125920
FINNIFTY02JAN2423400CE.NFO,02/01/2024,11:11:05,0.25,0.25,28280,0.3,1920,0,125920
FINNIFTY02JAN2423400CE.NFO,02/01/2024,11:11:24,0.3,0.3,6160,0.35,7680,2040,125920
FINNIFTY02JAN2423400CE.NFO,02/01/2024,11:11:33,0.3,0.3,12880,0.35,8800,80,125920
FINNIFTY02JAN2423400CE.NFO,02/01/2024,11:11:42,0.3,0.3,19720,0.35,12080,0,125920
FINNIFTY02JAN2423400CE.NFO,02/01/2024,11:12:01,0.3,0.3,19680,0.35,12080,40,131240
FINNIFTY02JAN2423400CE.NFO,02/01/2024,11:12:11,0.3,0.3,9840,0.35,9760,0,131240
FINNIFTY02JAN2423400CE.NFO,02/01/2024,11:12:20,0.3,0.3,6200,0.35,9760,0,131240
FINNIFTY02JAN2423400CE.NFO,02/01/2024,11:12:29,0.3,0.3,8920,0.35,6320,0,131240
FINNIFTY02JAN2423400CE.NFO,02/01/2024,11:12:38,0.3,0.3,9120,0.35,7120,0,131240
FINNIFTY02JAN2423400CE.NFO,02/01/2024,11:12:55,0.3,0.3,8240,0.35,6320,0,131240
FINNIFTY02JAN2423400CE.NFO,02/01/2024,11:13:13,0.3,0.3,5160,0.35,6320,0,131240
FINNIFTY02JAN2423400CE.NFO,02/01/2024,11:14:01,0.3,0.3,8080,0.35,5280,0,131240
FINNIFTY02JAN2423400CE.NFO,02/01/2024,11:14:11,0.3,0.3,8280,0.35,5920,0,131240
FINNIFTY02JAN2423400CE.NFO,02/01/2024,11:14:20,0.35,0.3,24960,0.35,8120,200,131240
FINNIFTY02JAN2423400CE.NFO,02/01/2024,11:14:29,0.35,0.3,25120,0.35,4760,3240,131240
FINNIFTY02JAN2423400CE.NFO,02/01/2024,11:14:38,0.4,0.35,9880,0.4,7920,4680,131240
FINNIFTY02JAN2423400CE.NFO,02/01/2024,11:14:38,0.4,0.35,9880,0.4,7920,0,131240
FINNIFTY02JAN2423400CE.NFO,02/01/2024,11:14:47,0.4,0.35,9920,0.4,8520,240,134280
FINNIFTY02JAN2423400CE.NFO,02/01/2024,11:14:57,0.4,0.35,8080,0.4,8400,0,134280
FINNIFTY02JAN2423400CE.NFO,02/01/2024,11:15:06,0.4,0.35,4080,0.4,6640,0,134280
FINNIFTY02JAN2423400CE.NFO,02/01/2024,11:15:16,0.4,0.35,6240,0.4,3600,1240,134280
FINNIFTY02JAN2423400CE.NFO,02/01/2024,11:15:26,0.4,0.35,6240,0.4,5400,0,134280
FINNIFTY02JAN2423400CE.NFO,02/01/2024,11:15:36,0.4,0.35,6200,0.4,6760,0,134280
FINNIFTY02JAN2423400CE.NFO,02/01/2024,11:15:46,0.4,0.35,7640,0.4,6720,40,134280
FINNIFTY02JAN2423400CE.NFO,02/01/2024,11:16:36,0.4,0.35,8280,0.4,6720,0,134280
FINNIFTY02JAN2423400CE.NFO,02/01/2024,11:16:45,0.4,0.35,8320,0.4,6720,0,134280
FINNIFTY02JAN2423400CE.NFO,02/01/2024,11:16:54,0.4,0.35,6200,0.4,6720,0,134280
FINNIFTY02JAN2423400CE.NFO,02/01/2024,11:17:03,0.4,0.35,6200,0.4,6840,0,134280
FINNIFTY02JAN2423400CE.NFO,02/01/2024,11:17:12,0.4,0.35,6200,0.4,6880,0,134280
FINNIFTY02JAN2423400CE.NFO,02/01/2024,11:17:39,0.35,0.3,12080,0.35,4040,6480,134280
FINNIFTY02JAN2423400CE.NFO,02/01/2024,11:17:49,0.35,0.3,7840,0.35,1760,2280,129640
FINNIFTY02JAN2423400CE.NFO,02/01/2024,11:18:08,0.35,0.3,7840,0.35,2560,0,129640
FINNIFTY02JAN2423400CE.NFO,02/01/2024,11:18:26,0.35,0.3,7840,0.35,2520,40,129640
FINNIFTY02JAN2423400CE.NFO,02/01/2024,11:18:43,0.35,0.3,7840,0.35,2880,0,129640
FINNIFTY02JAN2423400CE.NFO,02/01/2024,11:19:09,0.35,0.3,7840,0.35,3040,0,129640
FINNIFTY02JAN2423400CE.NFO,02/01/2024,11:19:25,0.35,0.3,7840,0.35,3360,0,129640
FINNIFTY02JAN2423400CE.NFO,02/01/2024,11:19:34,0.3,0.3,7800,0.35,3360,40,129640
FINNIFTY02JAN2423400CE.NFO,02/01/2024,11:19:42,0.3,0.3,7760,0.35,3360,0,129640
FINNIFTY02JAN2423400CE.NFO,02/01/2024,11:20:06,0.3,0.3,7760,0.35,2680,0,129640
FINNIFTY02JAN2423400CE.NFO,02/01/2024,11:20:23,0.3,0.3,7760,0.35,3080,0,129640
FINNIFTY02JAN2423400CE.NFO,02/01/2024,11:21:06,0.3,0.3,7800,0.35,3080,0,129640
FINNIFTY02JAN2423400CE.NFO,02/01/2024,11:21:33,0.3,0.3,7480,0.35,3080,320,130480
FINNIFTY02JAN2423400CE.NFO,02/01/2024,11:21:41,0.3,0.3,7440,0.35,3080,0,130480
FINNIFTY02JAN2423400CE.NFO,02/01/2024,11:22:17,0.3,0.3,7440,0.35,3080,40,130480
FINNIFTY02JAN2423400CE.NFO,02/01/2024,11:22:25,0.35,0.3,5560,0.4,6320,5520,130480
FINNIFTY02JAN2423400CE.NFO,02/01/2024,11:22:34,0.35,0.3,5560,0.4,7000,0,130480
FINNIFTY02JAN2423400CE.NFO,02/01/2024,11:22:51,0.35,0.3,5560,0.4,7800,0,130480
FINNIFTY02JAN2423400CE.NFO,02/01/2024,11:23:49,0.35,0.3,5560,0.4,9600,0,130480
FINNIFTY02JAN2423400CE.NFO,02/01/2024,11:23:57,0.35,0.3,5840,0.35,1840,0,130480
FINNIFTY02JAN2423400CE.NFO,02/01/2024,11:24:06,0.35,0.3,6240,0.35,1840,0,130480
FINNIFTY02JAN2423400CE.NFO,02/01/2024,11:24:22,0.35,0.3,4440,0.35,1840,0,130480
FINNIFTY02JAN2423400CE.NFO,02/01/2024,11:24:38,0.35,0.3,4440,0.35,3920,0,130480
FINNIFTY02JAN2423400CE.NFO,02/01/2024,11:25:28,0.35,0.3,4440,0.35,5120,0,130480
FINNIFTY02JAN2423400CE.NFO,02/01/2024,11:25:52,0.35,0.3,4480,0.35,5120,0,130480
FINNIFTY02JAN2423400CE.NFO,02/01/2024,11:26:08,0.35,0.3,4440,0.35,5120,0,130480
FINNIFTY02JAN2423400CE.NFO,02/01/2024,11:27:45,0.35,0.3,4440,0.35,6320,0,130480
FINNIFTY02JAN2423400CE.NFO,02/01/2024,11:27:53,0.35,0.3,4440,0.35,6480,0,130480
FINNIFTY02JAN2423400CE.NFO,02/01/2024,11:28:02,0.3,0.3,3400,0.35,6360,1160,127680
FINNIFTY02JAN2423400CE.NFO,02/01/2024,11:28:10,0.3,0.3,4040,0.35,6080,0,127680
FINNIFTY02JAN2423400CE.NFO,02/01/2024,11:28:35,0.3,0.3,2400,0.35,6080,1840,127680
FINNIFTY02JAN2423400CE.NFO,02/01/2024,11:28:43,0.3,0.3,2920,0.35,6080,160,127680
FINNIFTY02JAN2423400CE.NFO,02/01/2024,11:28:59,0.3,0.3,2680,0.35,6080,680,127680
FINNIFTY02JAN2423400CE.NFO,02/01/2024,11:29:55,0.3,0.3,2680,0.35,8480,0,127680
FINNIFTY02JAN2423400CE.NFO,02/01/2024,11:30:19,0.3,0.3,2680,0.35,8480,640,124800
FINNIFTY02JAN2423400CE.NFO,02/01/2024,11:30:26,0.3,0.3,2680,0.35,8480,0,124800
FINNIFTY02JAN2423400CE.NFO,02/01/2024,11:31:50,0.3,0.3,2480,0.35,8480,200,124800
FINNIFTY02JAN2423400CE.NFO,02/01/2024,11:31:58,0.3,0.3,2480,0.35,8480,0,124800
FINNIFTY02JAN2423400CE.NFO,02/01/2024,11:32:06,0.3,0.3,2320,0.35,8480,160,124800
FINNIFTY02JAN2423400CE.NFO,02/01/2024,11:32:14,0.3,0.25,19200,0.35,9240,2360,124800
FINNIFTY02JAN2423400CE.NFO,02/01/2024,11:32:37,0.3,0.25,19600,0.3,11240,0,124800
FINNIFTY02JAN2423400CE.NFO,02/01/2024,11:32:43,0.3,0.25,19480,0.3,11240,0,124800
FINNIFTY02JAN2423400CE.NFO,02/01/2024,11:40:29,0.3,0.25,19480,0.3,11800,0,124800
FINNIFTY02JAN2423400CE.NFO,02/01/2024,11:41:00,0.3,0.25,3640,0.3,12080,0,124800
FINNIFTY02JAN2423400CE.NFO,02/01/2024,11:41:37,0.3,0.25,3640,0.3,11280,800,122480
FINNIFTY02JAN2423400CE.NFO,02/01/2024,11:42:03,0.3,0.25,3640,0.3,11280,0,122480
FINNIFTY02JAN2423400CE.NFO,02/01/2024,11:45:10,0.3,0.25,5160,0.3,12080,0,122480
FINNIFTY02JAN2423400CE.NFO,02/01/2024,11:45:58,0.25,0.25,2800,0.3,12080,840,123280
FINNIFTY02JAN2423400CE.NFO,02/01/2024,11:46:05,0.25,0.25,2400,0.3,12080,400,123280
FINNIFTY02JAN2423400CE.NFO,02/01/2024,11:46:24,0.25,0.25,3720,0.3,12080,200,123280
FINNIFTY02JAN2423400CE.NFO,02/01/2024,11:46:43,0.25,0.25,1960,0.3,12080,240,123280
FINNIFTY02JAN2423400CE.NFO,02/01/2024,11:46:50,0.25,0.25,1760,0.3,12080,200,123280
FINNIFTY02JAN2423400CE.NFO,02/01/2024,11:47:25,0.25,0.25,3240,0.3,12080,40,123280
FINNIFTY02JAN2423400CE.NFO,02/01/2024,11:48:37,0.25,0.25,3320,0.3,11920,40,123240
FINNIFTY02JAN2423400CE.NFO,02/01/2024,11:49:20,0.25,0.25,5120,0.3,11920,0,123240
FINNIFTY02JAN2423400CE.NFO,02/01/2024,11:50:17,0.25,0.25,3520,0.3,11920,80,123240
FINNIFTY02JAN2423400CE.NFO,02/01/2024,11:51:08,0.25,0.25,5840,0.3,11920,0,123240
FINNIFTY02JAN2423400CE.NFO,02/01/2024,11:52:11,0.25,0.25,5840,0.3,13120,0,123240
FINNIFTY02JAN2423400CE.NFO,02/01/2024,11:53:14,0.25,0.25,5520,0.3,13120,320,123160
FINNIFTY02JAN2423400CE.NFO,02/01/2024,11:55:04,0.25,0.25,5840,0.3,13240,0,123160
FINNIFTY02JAN2423400CE.NFO,02/01/2024,11:58:48,0.25,0.25,5800,0.3,13240,40,123160
FINNIFTY02JAN2423400CE.NFO,02/01/2024,11:59:27,0.25,0.25,5800,0.3,13240,0,123160
FINNIFTY02JAN2423400CE.NFO,02/01/2024,12:01:30,0.25,0.25,5800,0.3,13360,0,123160
FINNIFTY02JAN2423400CE.NFO,02/01/2024,12:03:06,0.25,0.25,5760,0.3,13360,40,123120
FINNIFTY02JAN2423400CE.NFO,02/01/2024,12:03:12,0.3,0.25,8440,0.3,9840,3600,123120
FINNIFTY02JAN2423400CE.NFO,02/01/2024,12:03:42,0.25,0.25,7960,0.3,10720,480,123120
FINNIFTY02JAN2423400CE.NFO,02/01/2024,12:04:23,0.25,0.25,8480,0.3,10560,0,123120
FINNIFTY02JAN2423400CE.NFO,02/01/2024,12:04:31,0.25,0.25,8480,0.3,10720,0,123120
FINNIFTY02JAN2423400CE.NFO,02/01/2024,12:05:16,0.3,0.25,8480,0.3,9840,880,123120
FINNIFTY02JAN2423400CE.NFO,02/01/2024,12:05:30,0.3,0.25,8480,0.3,9840,0,123120
FINNIFTY02JAN2423400CE.NFO,02/01/2024,12:07:05,0.25,0.25,7920,0.3,9840,560,123520
FINNIFTY02JAN2423400CE.NFO,02/01/2024,12:07:29,0.25,0.25,8040,0.3,8640,0,123520
FINNIFTY02JAN2423400CE.NFO,02/01/2024,12:08:34,0.25,0.25,2720,0.3,8640,2600,123520
FINNIFTY02JAN2423400CE.NFO,02/01/2024,12:08:40,0.25,0.25,2720,0.3,8640,0,123520
FINNIFTY02JAN2423400CE.NFO,02/01/2024,12:09:27,0.25,0.2,63240,0.25,2160,4240,120880
FINNIFTY02JAN2423400CE.NFO,02/01/2024,12:09:34,0.2,0.2,61520,0.25,4480,1800,120880
FINNIFTY02JAN2423400CE.NFO,02/01/2024,12:10:08,0.2,0.2,57720,0.25,4720,3800,120880
FINNIFTY02JAN2423400CE.NFO,02/01/2024,12:10:17,0.2,0.2,56680,0.25,7600,1800,120880
FINNIFTY02JAN2423400CE.NFO,02/01/2024,12:10:32,0.2,0.2,92120,0.25,7920,1800,120880
FINNIFTY02JAN2423400CE.NFO,02/01/2024,12:10:40,0.2,0.2,92200,0.25,9400,0,120880
FINNIFTY02JAN2423400CE.NFO,02/01/2024,12:10:47,0.2,0.2,92200,0.25,9360,0,120880
FINNIFTY02JAN2423400CE.NFO,02/01/2024,12:11:01,0.2,0.2,92200,0.25,9480,0,120880
FINNIFTY02JAN2423400CE.NFO,02/01/2024,12:11:09,0.2,0.2,92200,0.25,9760,0,120880
FINNIFTY02JAN2423400CE.NFO,02/01/2024,12:11:15,0.2,0.2,92120,0.25,9760,0,120880
FINNIFTY02JAN2423400CE.NFO,02/01/2024,12:11:37,0.2,0.2,65640,0.25,11400,3600,120880
FINNIFTY02JAN2423400CE.NFO,02/01/2024,12:11:44,0.2,0.2,66240,0.25,14240,1800,120880
FINNIFTY02JAN2423400CE.NFO,02/01/2024,12:11:58,0.2,0.2,25800,0.25,16040,7320,118440
FINNIFTY02JAN2423400CE.NFO,02/01/2024,12:12:05,0.2,0.2,19360,0.25,22320,4640,118440
FINNIFTY02JAN2423400CE.NFO,02/01/2024,12:12:12,0.2,0.2,15760,0.25,27720,1800,118440
FINNIFTY02JAN2423400CE.NFO,02/01/2024,12:12:25,0.2,0.2,15760,0.25,27720,0,118440
FINNIFTY02JAN2423400CE.NFO,02/01/2024,12:12:31,0.2,0.2,9280,0.25,26280,1800,118440
FINNIFTY02JAN2423400CE.NFO,02/01/2024,12:12:38,0.2,0.2,3720,0.25,23400,10080,118440
FINNIFTY02JAN2423400CE.NFO,02/01/2024,12:12:44,0.2,0.15,111800,0.2,12720,4320,118440
FINNIFTY02JAN2423400CE.NFO,02/01/2024,12:12:50,0.2,0.15,112160,0.2,23920,320,118440
FINNIFTY02JAN2423400CE.NFO,02/01/2024,12:12:57,0.2,0.15,112800,0.2,26920,560,118440
FINNIFTY02JAN2423400CE.NFO,02/01/2024,12:13:03,0.2,0.15,111760,0.2,25880,1040,118440
FINNIFTY02JAN2423400CE.NFO,02/01/2024,12:13:25,0.2,0.15,109960,0.2,25880,0,118440
FINNIFTY02JAN2423400CE.NFO,02/01/2024,12:13:48,0.2,0.15,109960,0.2,27320,0,118440
FINNIFTY02JAN2423400CE.NFO,02/01/2024,12:13:55,0.2,0.15,109960,0.2,27200,120,118440
FINNIFTY02JAN2423400CE.NFO,02/01/2024,12:14:03,0.2,0.15,109960,0.2,27200,0,118440
FINNIFTY02JAN2423400CE.NFO,02/01/2024,12:14:48,0.2,0.15,107960,0.2,27200,0,118440
FINNIFTY02JAN2423400CE.NFO,02/01/2024,12:15:07,0.2,0.15,107960,0.2,32600,40,116800
FINNIFTY02JAN2423400CE.NFO,02/01/2024,12:15:13,0.2,0.15,107960,0.2,30000,2600,116800
FINNIFTY02JAN2423400CE.NFO,02/01/2024,12:15:19,0.15,0.15,100560,0.2,30000,7320,116800
FINNIFTY02JAN2423400CE.NFO,02/01/2024,12:15:19,0.15,0.15,100560,0.2,30000,0,116800
FINNIFTY02JAN2423400CE.NFO,02/01/2024,12:15:39,0.2,0.15,100560,0.2,29680,320,116800
FINNIFTY02JAN2423400CE.NFO,02/01/2024,12:15:47,0.2,0.15,100560,0.2,36680,200,116800
FINNIFTY02JAN2423400CE.NFO,02/01/2024,12:16:00,0.2,0.15,100560,0.2,36640,40,116800
FINNIFTY02JAN2423400CE.NFO,02/01/2024,12:17:04,0.2,0.15,100520,0.2,37440,0,116800
FINNIFTY02JAN2423400CE.NFO,02/01/2024,12:17:31,0.2,0.15,100520,0.2,37120,320,116800
FINNIFTY02JAN2423400CE.NFO,02/01/2024,12:17:48,0.2,0.15,100520,0.2,36920,200,116800
FINNIFTY02JAN2423400CE.NFO,02/01/2024,12:18:03,0.2,0.15,100520,0.2,36720,200,116000
FINNIFTY02JAN2423400CE.NFO,02/01/2024,12:18:11,0.2,0.15,100520,0.2,36480,240,116000
FINNIFTY02JAN2423400CE.NFO,02/01/2024,12:20:13,0.2,0.15,100520,0.2,34680,1800,116000
FINNIFTY02JAN2423400CE.NFO,02/01/2024,12:21:27,0.2,0.15,96920,0.2,41680,200,113560
FINNIFTY02JAN2423400CE.NFO,02/01/2024,12:21:34,0.2,0.15,67720,0.2,41680,0,113560
FINNIFTY02JAN2423400CE.NFO,02/01/2024,12:21:42,0.2,0.15,64120,0.2,41680,0,113560
FINNIFTY02JAN2423400CE.NFO,02/01/2024,12:21:56,0.15,0.15,63080,0.2,41680,40,113560
FINNIFTY02JAN2423400CE.NFO,02/01/2024,12:22:18,0.2,0.15,63040,0.2,41240,480,113560
FINNIFTY02JAN2423400CE.NFO,02/01/2024,12:23:05,0.2,0.15,63040,0.2,41000,240,113560
FINNIFTY02JAN2423400CE.NFO,02/01/2024,12:24:28,0.15,0.15,62960,0.2,41000,80,112680
FINNIFTY02JAN2423400CE.NFO,02/01/2024,12:24:59,0.15,0.15,62960,0.2,41000,0,112680
FINNIFTY02JAN2423400CE.NFO,02/01/2024,12:25:32,0.2,0.15,62960,0.2,40600,400,112680
FINNIFTY02JAN2423400CE.NFO,02/01/2024,12:26:53,0.2,0.15,60960,0.2,40600,0,112680
FINNIFTY02JAN2423400CE.NFO,02/01/2024,12:28:07,0.2,0.15,60960,0.2,40640,0,112680
FINNIFTY02JAN2423400CE.NFO,02/01/2024,12:28:39,0.2,0.15,60960,0.2,40600,0,112680
FINNIFTY02JAN2423400CE.NFO,02/01/2024,12:30:30,0.2,0.15,62560,0.2,40600,0,112680
FINNIFTY02JAN2423400CE.NFO,02/01/2024,12:31:18,0.2,0.15,60960,0.2,40600,0,112680
FINNIFTY02JAN2423400CE.NFO,02/01/2024,12:33:14,0.2,0.15,59160,0.2,40600,0,112680
FINNIFTY02JAN2423400CE.NFO,02/01/2024,12:34:07,0.2,0.15,57360,0.2,40600,0,112680
FINNIFTY02JAN2423400CE.NFO,02/01/2024,12:34:13,0.2,0.15,55560,0.2,40600,0,112680
FINNIFTY02JAN2423400CE.NFO,02/01/2024,12:34:19,0.2,0.15,53760,0.2,40600,0,112680
FINNIFTY02JAN2423400CE.NFO,02/01/2024,12:34:25,0.2,0.15,51960,0.2,40600,0,112680
FINNIFTY02JAN2423400CE.NFO,02/01/2024,12:35:57,0.2,0.15,51960,0.2,40640,0,112680
FINNIFTY02JAN2423400CE.NFO,02/01/2024,12:36:22,0.2,0.15,50160,0.2,40640,0,112680
FINNIFTY02JAN2423400CE.NFO,02/01/2024,12:36:28,0.2,0.15,48360,0.2,40640,0,112680
FINNIFTY02JAN2423400CE.NFO,02/01/2024,12:36:35,0.2,0.15,46560,0.2,40640,0,112680
FINNIFTY02JAN2423400CE.NFO,02/01/2024,12:36:42,0.2,0.15,44760,0.2,40640,0,112680
FINNIFTY02JAN2423400CE.NFO,02/01/2024,12:40:18,0.2,0.15,33960,0.2,40640,0,112680
FINNIFTY02JAN2423400CE.NFO,02/01/2024,12:40:42,0.2,0.15,33960,0.2,39840,0,112680
FINNIFTY02JAN2423400CE.NFO,02/01/2024,12:40:54,0.2,0.15,32160,0.2,39840,0,112680
FINNIFTY02JAN2423400CE.NFO,02/01/2024,12:41:00,0.2,0.15,30360,0.2,39840,0,112680
FINNIFTY02JAN2423400CE.NFO,02/01/2024,12:42:27,0.2,0.15,28920,0.2,39840,0,112680
FINNIFTY02JAN2423400CE.NFO,02/01/2024,12:43:49,0.2,0.15,24600,0.2,39840,0,112680
FINNIFTY02JAN2423400CE.NFO,02/01/2024,12:44:50,0.15,0.15,15880,0.2,38040,1800,112680
FINNIFTY02JAN2423400CE.NFO,02/01/2024,12:44:55,0.15,0.15,5920,0.2,38040,0,112280
FINNIFTY02JAN2423400CE.NFO,02/01/2024,12:45:00,0.15,0.15,4120,0.2,36240,1800,111480
FINNIFTY02JAN2423400CE.NFO,02/01/2024,12:45:05,0.15,0.15,4120,0.2,37200,0,111480
FINNIFTY02JAN2423400CE.NFO,02/01/2024,12:45:11,0.15,0.15,2320,0.2,35400,1800,111480
FINNIFTY02JAN2423400CE.NFO,02/01/2024,12:45:17,0.15,0.1,178040,0.15,2840,2760,111480
FINNIFTY02JAN2423400CE.NFO,02/01/2024,12:45:23,0.15,0.1,181680,0.15,31160,200,111480
FINNIFTY02JAN2423400CE.NFO,02/01/2024,12:45:44,0.15,0.1,181680,0.15,30680,480,111480
FINNIFTY02JAN2423400CE.NFO,02/01/2024,12:45:50,0.1,0.1,181480,0.15,30480,480,111480
FINNIFTY02JAN2423400CE.NFO,02/01/2024,12:45:50,0.1,0.1,181480,0.15,30480,0,111480
FINNIFTY02JAN2423400CE.NFO,02/01/2024,12:46:53,0.1,0.1,181480,0.15,30480,0,111480
FINNIFTY02JAN2423400CE.NFO,02/01/2024,12:46:58,0.1,0.1,177000,0.15,14520,4480,111480
FINNIFTY02JAN2423400CE.NFO,02/01/2024,12:47:03,0.1,0.1,171600,0.15,14520,0,111480
FINNIFTY02JAN2423400CE.NFO,02/01/2024,12:47:08,0.1,0.1,182400,0.15,14520,0,111480
FINNIFTY02JAN2423400CE.NFO,02/01/2024,12:47:13,0.1,0.1,180600,0.15,14520,0,111480
FINNIFTY02JAN2423400CE.NFO,02/01/2024,12:47:30,0.15,0.1,180600,0.15,9400,3320,111480
FINNIFTY02JAN2423400CE.NFO,02/01/2024,12:47:40,0.15,0.1,180600,0.15,8720,680,111480
FINNIFTY02JAN2423400CE.NFO,02/01/2024,12:47:46,0.15,0.1,180600,0.15,12560,0,111480
FINNIFTY02JAN2423400CE.NFO,02/01/2024,12:47:58,0.15,0.1,180600,0.15,15000,1200,105880
FINNIFTY02JAN2423400CE.NFO,02/01/2024,12:48:43,0.15,0.1,180600,0.15,13800,1200,105880
FINNIFTY02JAN2423400CE.NFO,02/01/2024,12:48:56,0.15,0.1,180600,0.15,21560,0,105880
FINNIFTY02JAN2423400CE.NFO,02/01/2024,12:49:23,0.15,0.1,180600,0.15,21520,40,105880
FINNIFTY02JAN2423400CE.NFO,02/01/2024,12:49:30,0.15,0.1,182400,0.15,21520,0,105880
FINNIFTY02JAN2423400CE.NFO,02/01/2024,12:49:36,0.15,0.1,180600,0.15,21040,480,105880
FINNIFTY02JAN2423400CE.NFO,02/01/2024,12:49:51,0.15,0.1,178800,0.15,20520,520,105880
FINNIFTY02JAN2423400CE.NFO,02/01/2024,12:49:57,0.15,0.1,177000,0.15,20520,0,105880
FINNIFTY02JAN2423400CE.NFO,02/01/2024,12:50:03,0.15,0.1,173400,0.15,20520,0,105880
FINNIFTY02JAN2423400CE.NFO,02/01/2024,12:50:08,0.15,0.1,169800,0.15,20520,0,105880
FINNIFTY02JAN2423400CE.NFO,02/01/2024,12:50:13,0.15,0.1,164400,0.15,20520,0,105880
FINNIFTY02JAN2423400CE.NFO,02/01/2024,12:50:25,0.1,0.1,164160,0.15,20280,240,105880
FINNIFTY02JAN2423400CE.NFO,02/01/2024,12:50:37,0.1,0.1,164160,0.15,22720,0,105880
FINNIFTY02JAN2423400CE.NFO,02/01/2024,12:51:00,0.1,0.1,164440,0.15,22720,0,105880
FINNIFTY02JAN2423400CE.NFO,02/01/2024,12:51:18,0.15,0.1,165960,0.15,24240,280,105880
FINNIFTY02JAN2423400CE.NFO,02/01/2024,12:51:37,0.15,0.1,165960,0.15,24240,0,105880
FINNIFTY02JAN2423400CE.NFO,02/01/2024,12:52:56,0.1,0.1,165200,0.15,24240,760,105880
FINNIFTY02JAN2423400CE.NFO,02/01/2024,12:53:15,0.1,0.1,165200,0.15,27840,0,105880
FINNIFTY02JAN2423400CE.NFO,02/01/2024,12:53:32,0.15,0.1,165200,0.15,26280,1560,105880
FINNIFTY02JAN2423400CE.NFO,02/01/2024,12:53:42,0.1,0.1,165160,0.15,29880,40,105880
FINNIFTY02JAN2423400CE.NFO,02/01/2024,12:54:35,0.1,0.1,165160,0.15,45000,0,105880
FINNIFTY02JAN2423400CE.NFO,02/01/2024,12:54:39,0.1,0.1,165160,0.15,50040,0,105880
FINNIFTY02JAN2423400CE.NFO,02/01/2024,12:55:13,0.1,0.1,161560,0.15,50040,0,105880
FINNIFTY02JAN2423400CE.NFO,02/01/2024,12:55:27,0.1,0.1,163080,0.15,50040,0,105880
FINNIFTY02JAN2423400CE.NFO,02/01/2024,12:56:15,0.15,0.1,163080,0.15,50000,40,105880
FINNIFTY02JAN2423400CE.NFO,02/01/2024,12:56:20,0.15,0.1,163080,0.15,50280,0,105880
FINNIFTY02JAN2423400CE.NFO,02/01/2024,12:57:22,0.15,0.1,161280,0.15,50280,0,105880
FINNIFTY02JAN2423400CE.NFO,02/01/2024,12:59:24,0.1,0.1,159200,0.15,51800,280,105880
FINNIFTY02JAN2423400CE.NFO,02/01/2024,12:59:49,0.1,0.1,134000,0.15,51800,0,105880
FINNIFTY02JAN2423400CE.NFO,02/01/2024,12:59:54,0.15,0.1,123200,0.15,51600,200,105880
FINNIFTY02JAN2423400CE.NFO,02/01/2024,13:00:34,0.1,0.1,123000,0.15,51600,200,105880
FINNIFTY02JAN2423400CE.NFO,02/01/2024,13:00:39,0.1,0.1,123000,0.15,51600,0,105880
FINNIFTY02JAN2423400CE.NFO,02/01/2024,13:00:45,0.1,0.1,121200,0.15,51600,0,105880
FINNIFTY02JAN2423400CE.NFO,02/01/2024,13:00:56,0.1,0.1,121320,0.15,51600,0,105880
FINNIFTY02JAN2423400CE.NFO,02/01/2024,13:01:13,0.1,0.1,119800,0.15,51600,0,105880
FINNIFTY02JAN2423400CE.NFO,02/01/2024,13:01:19,0.1,0.1,118000,0.15,51600,0,105880
FINNIFTY02JAN2423400CE.NFO,02/01/2024,13:01:25,0.1,0.1,114400,0.15,51600,0,105880
FINNIFTY02JAN2423400CE.NFO,02/01/2024,13:01:31,0.1,0.1,110800,0.15,51600,0,105880
FINNIFTY02JAN2423400CE.NFO,02/01/2024,13:01:38,0.15,0.1,94640,0.15,36840,6760,105880
FINNIFTY02JAN2423400CE.NFO,02/01/2024,13:01:46,0.15,0.1,83840,0.15,36280,560,105880
FINNIFTY02JAN2423400CE.NFO,02/01/2024,13:01:52,0.15,0.1,82040,0.15,36280,0,105880
FINNIFTY02JAN2423400CE.NFO,02/01/2024,13:02:06,0.1,0.1,81040,0.15,36320,1000,105880
FINNIFTY02JAN2423400CE.NFO,02/01/2024,13:02:14,0.1,0.1,86040,0.15,36280,0,105880
FINNIFTY02JAN2423400CE.NFO,02/01/2024,13:02:22,0.1,0.1,86040,0.15,36320,0,105880
FINNIFTY02JAN2423400CE.NFO,02/01/2024,13:02:29,0.1,0.1,85920,0.15,36320,0,105880
FINNIFTY02JAN2423400CE.NFO,02/01/2024,13:02:37,0.1,0.1,85920,0.15,36280,0,105880
FINNIFTY02JAN2423400CE.NFO,02/01/2024,13:02:45,0.1,0.1,85920,0.15,36360,0,105880
FINNIFTY02JAN2423400CE.NFO,02/01/2024,13:03:07,0.15,0.1,82800,0.15,25560,1800,107200
FINNIFTY02JAN2423400CE.NFO,02/01/2024,13:03:26,0.15,0.1,90800,0.15,30960,0,107200
FINNIFTY02JAN2423400CE.NFO,02/01/2024,13:04:23,0.15,0.1,90680,0.15,30960,0,107200
FINNIFTY02JAN2423400CE.NFO,02/01/2024,13:05:23,0.1,0.1,89600,0.15,30960,240,107200
FINNIFTY02JAN2423400CE.NFO,02/01/2024,13:05:28,0.1,0.1,90280,0.15,30960,160,107200
FINNIFTY02JAN2423400CE.NFO,02/01/2024,13:05:52,0.1,0.1,89520,0.15,30960,0,107200
FINNIFTY02JAN2423400CE.NFO,02/01/2024,13:05:58,0.15,0.1,90280,0.15,30880,80,107440
FINNIFTY02JAN2423400CE.NFO,02/01/2024,13:06:04,0.15,0.1,90280,0.15,30880,0,107440
FINNIFTY02JAN2423400CE.NFO,02/01/2024,13:06:16,0.15,0.1,90280,0.15,30960,0,107440
FINNIFTY02JAN2423400CE.NFO,02/01/2024,13:06:21,0.1,0.1,89360,0.15,30960,80,107440
FINNIFTY02JAN2423400CE.NFO,02/01/2024,13:06:27,0.1,0.1,90120,0.15,30960,80,107440
FINNIFTY02JAN2423400CE.NFO,02/01/2024,13:06:37,0.1,0.1,90120,0.15,30880,0,107440
FINNIFTY02JAN2423400CE.NFO,02/01/2024,13:06:48,0.1,0.1,90120,0.15,31880,0,107440
FINNIFTY02JAN2423400CE.NFO,02/01/2024,13:06:59,0.1,0.1,89200,0.15,31880,80,107440
FINNIFTY02JAN2423400CE.NFO,02/01/2024,13:07:09,0.15,0.1,91400,0.15,34080,1400,107440
FINNIFTY02JAN2423400CE.NFO,02/01/2024,13:07:15,0.15,0.1,95000,0.15,43320,0,107440
FINNIFTY02JAN2423400CE.NFO,02/01/2024,13:07:42,0.15,0.1,93200,0.15,43320,0,107440
FINNIFTY02JAN2423400CE.NFO,02/01/2024,13:08:31,0.1,0.1,92880,0.15,43360,320,107440
FINNIFTY02JAN2423400CE.NFO,02/01/2024,13:08:38,0.1,0.1,92680,0.15,43360,200,107440
FINNIFTY02JAN2423400CE.NFO,02/01/2024,13:08:44,0.1,0.1,92680,0.15,44120,0,107440
FINNIFTY02JAN2423400CE.NFO,02/01/2024,13:08:56,0.1,0.1,92680,0.15,45320,0,107440
FINNIFTY02JAN2423400CE.NFO,02/01/2024,13:09:13,0.1,0.1,90880,0.15,45320,0,107440
FINNIFTY02JAN2423400CE.NFO,02/01/2024,13:09:18,0.1,0.1,89080,0.15,48520,0,107440
FINNIFTY02JAN2423400CE.NFO,02/01/2024,13:09:24,0.1,0.1,87280,0.15,48520,0,107440
FINNIFTY02JAN2423400CE.NFO,02/01/2024,13:10:06,0.1,0.1,85480,0.15,48520,0,107440
FINNIFTY02JAN2423400CE.NFO,02/01/2024,13:10:12,0.1,0.1,81880,0.15,48520,0,107440
FINNIFTY02JAN2423400CE.NFO,02/01/2024,13:10:18,0.1,0.1,80080,0.15,48520,0,107440
FINNIFTY02JAN2423400CE.NFO,02/01/2024,13:10:24,0.1,0.1,78280,0.15,48520,0,107440
FINNIFTY02JAN2423400CE.NFO,02/01/2024,13:10:47,0.1,0.1,76480,0.15,48520,0,107440
FINNIFTY02JAN2423400CE.NFO,02/01/2024,13:11:23,0.1,0.1,76480,0.15,48560,0,107440
FINNIFTY02JAN2423400CE.NFO,02/01/2024,13:12:06,0.1,0.1,76480,0.15,46760,0,107440
FINNIFTY02JAN2423400CE.NFO,02/01/2024,13:12:16,0.15,0.1,76480,0.15,46760,40,109160
FINNIFTY02JAN2423400CE.NFO,02/01/2024,13:14:15,0.1,0.1,76440,0.15,46760,40,109160
FINNIFTY02JAN2423400CE.NFO,02/01/2024,13:16:49,0.1,0.1,76400,0.15,46760,40,109200
FINNIFTY02JAN2423400CE.NFO,02/01/2024,13:17:38,0.1,0.1,76360,0.15,46760,40,109200
FINNIFTY02JAN2423400CE.NFO,02/01/2024,13:17:51,0.1,0.1,76360,0.15,46880,0,109200
FINNIFTY02JAN2423400CE.NFO,02/01/2024,13:17:57,0.1,0.1,76280,0.15,46880,80,109200
FINNIFTY02JAN2423400CE.NFO,02/01/2024,13:18:02,0.1,0.1,76280,0.15,48720,0,109200
FINNIFTY02JAN2423400CE.NFO,02/01/2024,13:18:44,0.1,0.1,58280,0.15,48720,0,109200
FINNIFTY02JAN2423400CE.NFO,02/01/2024,13:19:10,0.1,0.1,58240,0.15,48720,40,109200
FINNIFTY02JAN2423400CE.NFO,02/01/2024,13:19:54,0.1,0.1,49240,0.15,43320,0,109200
FINNIFTY02JAN2423400CE.NFO,02/01/2024,13:20:34,0.1,0.1,31240,0.15,43320,0,109200
FINNIFTY02JAN2423400CE.NFO,02/01/2024,13:20:39,0.15,0.1,31240,0.15,42920,400,109200
FINNIFTY02JAN2423400CE.NFO,02/01/2024,13:20:49,0.15,0.1,26920,0.15,42920,0,109200
FINNIFTY02JAN2423400CE.NFO,02/01/2024,13:20:55,0.15,0.1,26960,0.15,42920,0,109200
FINNIFTY02JAN2423400CE.NFO,02/01/2024,13:21:02,0.15,0.1,34160,0.15,42920,0,109200
FINNIFTY02JAN2423400CE.NFO,02/01/2024,13:21:07,0.15,0.1,26960,0.15,42920,0,109200
FINNIFTY02JAN2423400CE.NFO,02/01/2024,13:21:35,0.15,0.1,26960,0.15,44120,0,109200
FINNIFTY02JAN2423400CE.NFO,02/01/2024,13:21:39,0.15,0.1,26960,0.15,46520,0,109200
FINNIFTY02JAN2423400CE.NFO,02/01/2024,13:22:34,0.15,0.1,26920,0.15,46520,0,109200
FINNIFTY02JAN2423400CE.NFO,02/01/2024,13:23:54,0.15,0.1,19400,0.15,46520,0,109200
FINNIFTY02JAN2423400CE.NFO,02/01/2024,13:24:05,0.1,0.1,18000,0.15,44720,1400,109600
FINNIFTY02JAN2423400CE.NFO,02/01/2024,13:24:09,0.1,0.1,16160,0.15,44720,40,109600
FINNIFTY02JAN2423400CE.NFO,02/01/2024,13:24:51,0.1,0.1,15880,0.15,46120,280,109600
FINNIFTY02JAN2423400CE.NFO,02/01/2024,13:25:02,0.1,0.1,15680,0.15,48240,200,109600
FINNIFTY02JAN2423400CE.NFO,02/01/2024,13:25:12,0.1,0.1,15280,0.15,48240,400,109600
FINNIFTY02JAN2423400CE.NFO,02/01/2024,13:25:17,0.1,0.1,15280,0.15,48360,0,109600
FINNIFTY02JAN2423400CE.NFO,02/01/2024,13:25:22,0.1,0.1,13200,0.15,46320,2080,109600
FINNIFTY02JAN2423400CE.NFO,02/01/2024,13:25:27,0.1,0.1,10080,0.15,45360,1320,109600
FINNIFTY02JAN2423400CE.NFO,02/01/2024,13:25:33,0.1,0.1,10080,0.15,45360,0,109600
FINNIFTY02JAN2423400CE.NFO,02/01/2024,13:29:39,0.15,0.1,10880,0.15,8680,37200,109160
FINNIFTY02JAN2423400CE.NFO,02/01/2024,13:29:43,0.15,0.1,16200,0.15,8680,0,109160
FINNIFTY02JAN2423400CE.NFO,02/01/2024,13:29:48,0.15,0.1,45840,0.15,8680,0,109160
FINNIFTY02JAN2423400CE.NFO,02/01/2024,13:29:52,0.15,0.1,75000,0.15,9480,0,109160
FINNIFTY02JAN2423400CE.NFO,02/01/2024,13:29:56,0.15,0.1,81960,0.15,9480,0,109160
FINNIFTY02JAN2423400CE.NFO,02/01/2024,13:30:11,0.1,0.1,49520,0.15,37120,36040,128240
FINNIFTY02JAN2423400CE.NFO,02/01/2024,13:30:16,0.1,0.1,52760,0.15,37080,0,128240
FINNIFTY02JAN2423400CE.NFO,02/01/2024,13:30:20,0.1,0.1,45560,0.15,37480,0,128240
FINNIFTY02JAN2423400CE.NFO,02/01/2024,13:30:25,0.1,0.1,32960,0.15,37480,0,128240
FINNIFTY02JAN2423400CE.NFO,02/01/2024,13:30:31,0.1,0.1,28280,0.15,37480,0,128240
FINNIFTY02JAN2423400CE.NFO,02/01/2024,13:30:37,0.1,0.1,24800,0.15,35680,0,128240
FINNIFTY02JAN2423400CE.NFO,02/01/2024,13:30:43,0.1,0.1,23600,0.15,35680,0,128240
FINNIFTY02JAN2423400CE.NFO,02/01/2024,13:30:58,0.15,0.1,27280,0.15,5880,36000,128240
FINNIFTY02JAN2423400CE.NFO,02/01/2024,13:31:03,0.15,0.1,75040,0.15,5080,1760,128240
FINNIFTY02JAN2423400CE.NFO,02/01/2024,13:31:08,0.1,0.1,104800,0.15,10200,800,128240
FINNIFTY02JAN2423400CE.NFO,02/01/2024,13:31:13,0.1,0.1,112040,0.15,10600,280,128240
FINNIFTY02JAN2423400CE.NFO,02/01/2024,13:31:19,0.1,0.1,137680,0.15,13920,280,128240
FINNIFTY02JAN2423400CE.NFO,02/01/2024,13:31:25,0.15,0.1,157840,0.15,11320,1440,128240
FINNIFTY02JAN2423400CE.NFO,02/01/2024,13:31:29,0.15,0.1,153520,0.15,11320,0,128240
FINNIFTY02JAN2423400CE.NFO,02/01/2024,13:31:36,0.1,0.1,164200,0.15,11320,1200,128240
FINNIFTY02JAN2423400CE.NFO,02/01/2024,13:31:41,0.1,0.1,164200,0.15,13600,0,128240
FINNIFTY02JAN2423400CE.NFO,02/01/2024,13:31:47,0.1,0.1,164200,0.15,15400,0,128240
FINNIFTY02JAN2423400CE.NFO,02/01/2024,13:31:59,0.1,0.1,164200,0.15,16840,0,128240
FINNIFTY02JAN2423400CE.NFO,02/01/2024,13:33:10,0.1,0.1,164200,0.15,16520,0,128240
FINNIFTY02JAN2423400CE.NFO,02/01/2024,13:33:20,0.1,0.1,160600,0.15,17560,3600,132680
FINNIFTY02JAN2423400CE.NFO,02/01/2024,13:33:24,0.1,0.1,162400,0.15,19000,0,132680
FINNIFTY02JAN2423400CE.NFO,02/01/2024,13:33:28,0.1,0.1,162400,0.15,19400,0,132680
FINNIFTY02JAN2423400CE.NFO,02/01/2024,13:33:54,0.1,0.1,162400,0.15,19240,0,132680
FINNIFTY02JAN2423400CE.NFO,02/01/2024,13:34:26,0.1,0.1,139000,0.15,23440,32400,132680
FINNIFTY02JAN2423400CE.NFO,02/01/2024,13:34:32,0.15,0.1,141560,0.15,48360,1480,132680
FINNIFTY02JAN2423400CE.NFO,02/01/2024,13:34:39,0.15,0.1,141560,0.15,55360,0,132680
FINNIFTY02JAN2423400CE.NFO,02/01/2024,13:35:03,0.1,0.1,140920,0.15,55360,640,132680
FINNIFTY02JAN2423400CE.NFO,02/01/2024,13:35:20,0.1,0.1,137320,0.15,53880,0,132680
FINNIFTY02JAN2423400CE.NFO,02/01/2024,13:35:26,0.1,0.1,135520,0.15,53880,0,132680
FINNIFTY02JAN2423400CE.NFO,02/01/2024,13:35:42,0.1,0.1,133720,0.15,53880,0,132680
FINNIFTY02JAN2423400CE.NFO,02/01/2024,13:35:59,0.1,0.1,133720,0.15,55400,0,132680
FINNIFTY02JAN2423400CE.NFO,02/01/2024,13:37:12,0.1,0.1,133720,0.15,55520,0,132680
FINNIFTY02JAN2423400CE.NFO,02/01/2024,13:37:36,0.1,0.1,124720,0.15,54040,0,132680
FINNIFTY02JAN2423400CE.NFO,02/01/2024,13:37:40,0.1,0.1,108520,0.15,54040,0,132680
FINNIFTY02JAN2423400CE.NFO,02/01/2024,13:37:50,0.1,0.1,104200,0.15,54040,0,132680
FINNIFTY02JAN2423400CE.NFO,02/01/2024,13:37:54,0.1,0.1,91240,0.15,54040,0,132680
FINNIFTY02JAN2423400CE.NFO,02/01/2024,13:38:00,0.1,0.1,66400,0.15,54040,0,132680
FINNIFTY02JAN2423400CE.NFO,02/01/2024,13:38:05,0.1,0.1,50200,0.15,55520,0,132680
FINNIFTY02JAN2423400CE.NFO,02/01/2024,13:38:11,0.1,0.1,19600,0.15,54040,0,132680
FINNIFTY02JAN2423400CE.NFO,02/01/2024,13:38:22,0.1,0.1,19560,0.15,54040,40,118720
FINNIFTY02JAN2423400CE.NFO,02/01/2024,13:38:27,0.1,0.1,13000,0.15,48640,5400,118720
FINNIFTY02JAN2423400CE.NFO,02/01/2024,13:38:44,0.1,0.1,13040,0.15,50120,0,118720
FINNIFTY02JAN2423400CE.NFO,02/01/2024,13:39:11,0.1,0.1,13000,0.15,50120,0,118720
FINNIFTY02JAN2423400CE.NFO,02/01/2024,13:39:27,0.1,0.1,13000,0.15,50920,0,118720
FINNIFTY02JAN2423400CE.NFO,02/01/2024,13:39:32,0.1,0.1,13000,0.15,51720,0,118720
FINNIFTY02JAN2423400CE.NFO,02/01/2024,13:39:37,0.1,0.1,13480,0.15,51720,0,118720
FINNIFTY02JAN2423400CE.NFO,02/01/2024,13:39:41,0.1,0.1,13440,0.15,51720,0,118720
FINNIFTY02JAN2423400CE.NFO,02/01/2024,13:39:51,0.1,0.1,13440,0.15,51800,0,118720
FINNIFTY02JAN2423400CE.NFO,02/01/2024,13:39:56,0.1,0.1,13480,0.15,50480,0,118720
FINNIFTY02JAN2423400CE.NFO,02/01/2024,13:40:00,0.1,0.1,13440,0.15,52080,0,118720
FINNIFTY02JAN2423400CE.NFO,02/01/2024,13:40:06,0.1,0.1,13480,0.15,51720,0,118720
FINNIFTY02JAN2423400CE.NFO,02/01/2024,13:40:11,0.1,0.1,13440,0.15,51720,0,118720
FINNIFTY02JAN2423400CE.NFO,02/01/2024,13:40:29,0.1,0.1,13480,0.15,51720,0,118720
FINNIFTY02JAN2423400CE.NFO,02/01/2024,13:40:34,0.1,0.1,13440,0.15,51720,0,118720
FINNIFTY02JAN2423400CE.NFO,02/01/2024,13:41:25,0.1,0.1,13440,0.15,51800,0,118720
FINNIFTY02JAN2423400CE.NFO,02/01/2024,13:41:32,0.1,0.1,13440,0.15,52000,0,118720
FINNIFTY02JAN2423400CE.NFO,02/01/2024,13:41:38,0.1,0.1,13440,0.15,51720,0,118720
FINNIFTY02JAN2423400CE.NFO,02/01/2024,13:41:50,0.1,0.1,11640,0.15,49920,1800,117520
FINNIFTY02JAN2423400CE.NFO,02/01/2024,13:41:56,0.1,0.1,11680,0.15,48120,1800,117520
FINNIFTY02JAN2423400CE.NFO,02/01/2024,13:42:02,0.1,0.1,11640,0.15,48120,0,117520
FINNIFTY02JAN2423400CE.NFO,02/01/2024,13:42:39,0.1,0.1,12440,0.15,48120,0,117520
FINNIFTY02JAN2423400CE.NFO,02/01/2024,13:43:01,0.1,0.1,12480,0.15,48120,0,117520
FINNIFTY02JAN2423400CE.NFO,02/01/2024,13:44:32,0.1,0.1,12520,0.15,48040,0,117520
FINNIFTY02JAN2423400CE.NFO,02/01/2024,13:44:36,0.1,0.1,12480,0.15,48040,0,117520
FINNIFTY02JAN2423400CE.NFO,02/01/2024,13:45:03,0.1,0.1,12440,0.15,48040,0,117520
FINNIFTY02JAN2423400CE.NFO,02/01/2024,13:47:18,0.1,0.1,12480,0.15,48040,0,117520
FINNIFTY02JAN2423400CE.NFO,02/01/2024,13:47:33,0.1,0.1,12440,0.15,48040,0,117520
FINNIFTY02JAN2423400CE.NFO,02/01/2024,13:47:57,0.1,0.1,4200,0.15,41720,0,117520
FINNIFTY02JAN2423400CE.NFO,02/01/2024,13:48:01,0.1,0.1,3360,0.15,41720,0,117520
FINNIFTY02JAN2423400CE.NFO,02/01/2024,13:48:05,0.1,0.1,2240,0.15,41720,0,117520
FINNIFTY02JAN2423400CE.NFO,02/01/2024,13:48:17,0.1,0.1,440,0.15,39920,0,117520
FINNIFTY02JAN2423400CE.NFO,02/01/2024,13:48:20,0.1,0.1,1040,0.15,38480,0,117520
FINNIFTY02JAN2423400CE.NFO,02/01/2024,13:48:25,0.1,0.05,168600,0.1,33120,1200,117520
FINNIFTY02JAN2423400CE.NFO,02/01/2024,13:48:29,0.1,0.05,168600,0.1,33120,0,117520
FINNIFTY02JAN2423400CE.NFO,02/01/2024,13:48:37,0.1,0.05,170680,0.1,34880,0,117520
FINNIFTY02JAN2423400CE.NFO,02/01/2024,13:48:55,0.1,0.05,170600,0.1,34880,0,117520
FINNIFTY02JAN2423400CE.NFO,02/01/2024,13:48:59,0.1,0.05,170440,0.1,34880,0,117520
FINNIFTY02JAN2423400CE.NFO,02/01/2024,13:49:03,0.1,0.05,170360,0.1,34880,0,117520
FINNIFTY02JAN2423400CE.NFO,02/01/2024,13:49:34,0.1,0.05,157160,0.1,32320,0,117520
FINNIFTY02JAN2423400CE.NFO,02/01/2024,13:49:43,0.1,0.05,157160,0.1,22080,0,117520
FINNIFTY02JAN2423400CE.NFO,02/01/2024,13:49:54,0.1,0.05,155080,0.1,23600,0,117520
FINNIFTY02JAN2423400CE.NFO,02/01/2024,13:50:54,0.1,0.05,155080,0.1,22800,800,117520
FINNIFTY02JAN2423400CE.NFO,02/01/2024,13:51:01,0.1,0.05,154280,0.1,22800,0,117520
FINNIFTY02JAN2423400CE.NFO,02/01/2024,13:51:07,0.1,0.05,154280,0.1,28720,0,117520
FINNIFTY02JAN2423400CE.NFO,02/01/2024,13:51:12,0.1,0.05,156360,0.1,6960,0,117520
FINNIFTY02JAN2423400CE.NFO,02/01/2024,13:51:26,0.1,0.05,159960,0.1,6760,200,115960
FINNIFTY02JAN2423400CE.NFO,02/01/2024,13:51:48,0.1,0.05,160000,0.1,22200,0,115960
FINNIFTY02JAN2423400CE.NFO,02/01/2024,13:51:52,0.1,0.05,160000,0.1,22520,0,115960
FINNIFTY02JAN2423400CE.NFO,02/01/2024,13:52:18,0.1,0.05,163600,0.1,22200,320,115960
FINNIFTY02JAN2423400CE.NFO,02/01/2024,13:52:29,0.1,0.05,154320,0.1,6520,240,115960
FINNIFTY02JAN2423400CE.NFO,02/01/2024,13:52:34,0.1,0.05,157920,0.1,6280,240,115960
FINNIFTY02JAN2423400CE.NFO,02/01/2024,13:52:39,0.1,0.05,154320,0.1,6280,0,115960
FINNIFTY02JAN2423400CE.NFO,02/01/2024,13:53:09,0.1,0.05,157920,0.1,5760,520,115960
FINNIFTY02JAN2423400CE.NFO,02/01/2024,13:53:26,0.1,0.05,157920,0.1,9520,80,115960
FINNIFTY02JAN2423400CE.NFO,02/01/2024,13:53:32,0.1,0.05,165120,0.1,10120,160,115960
FINNIFTY02JAN2423400CE.NFO,02/01/2024,13:53:38,0.1,0.05,167200,0.1,25000,240,115960
FINNIFTY02JAN2423400CE.NFO,02/01/2024,13:53:44,0.1,0.05,167200,0.1,24760,240,115960
FINNIFTY02JAN2423400CE.NFO,02/01/2024,13:53:49,0.1,0.05,167200,0.1,24680,80,115960
FINNIFTY02JAN2423400CE.NFO,02/01/2024,13:53:55,0.1,0.05,167200,0.1,24520,160,115960
FINNIFTY02JAN2423400CE.NFO,02/01/2024,13:54:19,0.05,0.05,166320,0.1,24520,960,114440
FINNIFTY02JAN2423400CE.NFO,02/01/2024,13:54:19,0.05,0.05,166320,0.1,24520,0,114440
FINNIFTY02JAN2423400CE.NFO,02/01/2024,13:54:24,0.05,0.05,166320,0.1,24520,0,114440
FINNIFTY02JAN2423400CE.NFO,02/01/2024,13:55:12,0.05,0.05,166320,0.1,39600,0,114440
FINNIFTY02JAN2423400CE.NFO,02/01/2024,13:55:36,0.05,0.05,148320,0.1,39600,0,114440
FINNIFTY02JAN2423400CE.NFO,02/01/2024,13:56:47,0.1,0.05,148320,0.1,38200,1400,114440
FINNIFTY02JAN2423400CE.NFO,02/01/2024,13:56:51,0.1,0.05,148360,0.1,38200,0,114440
FINNIFTY02JAN2423400CE.NFO,02/01/2024,13:57:42,0.1,0.05,148320,0.1,38200,0,114440
FINNIFTY02JAN2423400CE.NFO,02/01/2024,13:58:29,0.1,0.05,148320,0.1,37960,0,114440
FINNIFTY02JAN2423400CE.NFO,02/01/2024,13:59:03,0.1,0.05,146520,0.1,37960,0,114440
FINNIFTY02JAN2423400CE.NFO,02/01/2024,13:59:07,0.1,0.05,141120,0.1,37960,0,114440
FINNIFTY02JAN2423400CE.NFO,02/01/2024,13:59:12,0.1,0.05,137520,0.1,37840,120,115080
FINNIFTY02JAN2423400CE.NFO,02/01/2024,13:59:17,0.1,0.05,133920,0.1,37800,40,115080
FINNIFTY02JAN2423400CE.NFO,02/01/2024,13:59:22,0.1,0.05,130320,0.1,37720,80,115080
FINNIFTY02JAN2423400CE.NFO,02/01/2024,13:59:26,0.1,0.05,130320,0.1,37680,40,115080
FINNIFTY02JAN2423400CE.NFO,02/01/2024,13:59:31,0.1,0.05,130320,0.1,37640,40,115080
FINNIFTY02JAN2423400CE.NFO,02/01/2024,13:59:35,0.1,0.05,130320,0.1,37600,40,115080
FINNIFTY02JAN2423400CE.NFO,02/01/2024,13:59:39,0.1,0.05,127320,0.1,37560,40,115080
FINNIFTY02JAN2423400CE.NFO,02/01/2024,13:59:43,0.1,0.05,127320,0.1,37480,80,115080
FINNIFTY02JAN2423400CE.NFO,02/01/2024,13:59:47,0.1,0.05,127320,0.1,37120,40,115080
FINNIFTY02JAN2423400CE.NFO,02/01/2024,13:59:52,0.05,0.05,126720,0.1,36880,840,115080
FINNIFTY02JAN2423400CE.NFO,02/01/2024,14:00:07,0.1,0.05,126720,0.1,36840,40,116240
FINNIFTY02JAN2423400CE.NFO,02/01/2024,14:01:23,0.1,0.05,126720,0.1,36840,0,116240
FINNIFTY02JAN2423400CE.NFO,02/01/2024,14:01:42,0.1,0.05,128520,0.1,36840,0,116240
FINNIFTY02JAN2423400CE.NFO,02/01/2024,14:02:47,0.1,0.05,128520,0.1,37040,0,116240
FINNIFTY02JAN2423400CE.NFO,02/01/2024,14:03:26,0.05,0.05,127840,0.1,37040,680,116240
FINNIFTY02JAN2423400CE.NFO,02/01/2024,14:03:32,0.05,0.05,127720,0.1,37040,120,116240
FINNIFTY02JAN2423400CE.NFO,02/01/2024,14:03:37,0.05,0.05,127720,0.1,38840,0,116240
FINNIFTY02JAN2423400CE.NFO,02/01/2024,14:03:50,0.05,0.05,127720,0.1,38960,0,116240
FINNIFTY02JAN2423400CE.NFO,02/01/2024,14:03:56,0.05,0.05,127720,0.1,39120,0,116240
FINNIFTY02JAN2423400CE.NFO,02/01/2024,14:04:06,0.05,0.05,127720,0.1,38840,0,116240
FINNIFTY02JAN2423400CE.NFO,02/01/2024,14:04:12,0.1,0.05,127720,0.1,38800,40,116240
FINNIFTY02JAN2423400CE.NFO,02/01/2024,14:04:18,0.1,0.05,127720,0.1,38120,680,116240
FINNIFTY02JAN2423400CE.NFO,02/01/2024,14:04:24,0.1,0.05,127720,0.1,37480,640,116240
FINNIFTY02JAN2423400CE.NFO,02/01/2024,14:04:30,0.05,0.05,127440,0.1,37480,280,116240
FINNIFTY02JAN2423400CE.NFO,02/01/2024,14:04:36,0.05,0.05,126360,0.1,37480,1080,116240
FINNIFTY02JAN2423400CE.NFO,02/01/2024,14:04:54,0.05,0.05,128120,0.1,37480,0,116240
FINNIFTY02JAN2423400CE.NFO,02/01/2024,14:05:34,0.05,0.05,128120,0.1,37840,0,116240
FINNIFTY02JAN2423400CE.NFO,02/01/2024,14:06:30,0.05,0.05,113720,0.1,37840,0,116240
FINNIFTY02JAN2423400CE.NFO,02/01/2024,14:08:56,0.05,0.05,107960,0.1,37840,0,116240
FINNIFTY02JAN2423400CE.NFO,02/01/2024,14:09:02,0.05,0.05,108000,0.1,37840,0,116240
FINNIFTY02JAN2423400CE.NFO,02/01/2024,14:09:08,0.05,0.05,104400,0.1,37840,0,116240
FINNIFTY02JAN2423400CE.NFO,02/01/2024,14:09:15,0.05,0.05,99000,0.1,37840,0,116240
FINNIFTY02JAN2423400CE.NFO,02/01/2024,14:09:21,0.05,0.05,98960,0.1,37840,0,116240
FINNIFTY02JAN2423400CE.NFO,02/01/2024,14:10:13,0.05,0.05,99080,0.1,37840,0,116240
FINNIFTY02JAN2423400CE.NFO,02/01/2024,14:10:38,0.1,0.05,99080,0.1,37800,40,114680
FINNIFTY02JAN2423400CE.NFO,02/01/2024,14:12:25,0.1,0.05,98960,0.1,37800,0,114680
FINNIFTY02JAN2423400CE.NFO,02/01/2024,14:12:30,0.1,0.05,73760,0.1,37800,0,114680
FINNIFTY02JAN2423400CE.NFO,02/01/2024,14:12:57,0.05,0.05,73720,0.1,37800,40,114640
FINNIFTY02JAN2423400CE.NFO,02/01/2024,14:13:03,0.05,0.05,73480,0.1,37800,240,114640
FINNIFTY02JAN2423400CE.NFO,02/01/2024,14:13:11,0.05,0.05,72960,0.1,37800,520,114640
FINNIFTY02JAN2423400CE.NFO,02/01/2024,14:13:37,0.05,0.05,74560,0.1,37800,0,114640
FINNIFTY02JAN2423400CE.NFO,02/01/2024,14:13:44,0.05,0.05,99760,0.1,37800,0,114640
FINNIFTY02JAN2423400CE.NFO,02/01/2024,14:13:50,0.05,0.05,110560,0.1,37800,0,114640
FINNIFTY02JAN2423400CE.NFO,02/01/2024,14:14:53,0.05,0.05,110560,0.1,38600,0,114640
FINNIFTY02JAN2423400CE.NFO,02/01/2024,14:15:00,0.05,0.05,108760,0.1,38600,0,114640
FINNIFTY02JAN2423400CE.NFO,02/01/2024,14:16:10,0.05,0.05,106960,0.1,38600,0,114640
FINNIFTY02JAN2423400CE.NFO,02/01/2024,14:16:29,0.05,0.05,74560,0.1,38600,0,114640
FINNIFTY02JAN2423400CE.NFO,02/01/2024,14:17:13,0.05,0.05,72760,0.1,38600,0,114640
FINNIFTY02JAN2423400CE.NFO,02/01/2024,14:17:19,0.05,0.05,70760,0.1,38600,0,114640
FINNIFTY02JAN2423400CE.NFO,02/01/2024,14:17:38,0.05,0.05,70600,0.1,38600,0,114640
FINNIFTY02JAN2423400CE.NFO,02/01/2024,14:17:58,0.05,0.05,70600,0.1,38800,0,114640
FINNIFTY02JAN2423400CE.NFO,02/01/2024,14:18:05,0.05,0.05,70600,0.1,38600,0,114640
FINNIFTY02JAN2423400CE.NFO,02/01/2024,14:19:18,0.1,0.05,70600,0.1,38480,120,115400
FINNIFTY02JAN2423400CE.NFO,02/01/2024,14:19:26,0.1,0.05,70600,0.1,37240,1240,115400
FINNIFTY02JAN2423400CE.NFO,02/01/2024,14:19:33,0.1,0.05,70600,0.1,36960,1040,115400
FINNIFTY02JAN2423400CE.NFO,02/01/2024,14:19:41,0.1,0.05,70600,0.1,36320,640,115400
FINNIFTY02JAN2423400CE.NFO,02/01/2024,14:19:48,0.1,0.05,70600,0.1,36160,160,115400
FINNIFTY02JAN2423400CE.NFO,02/01/2024,14:20:00,0.1,0.05,70560,0.1,34320,1880,115400
FINNIFTY02JAN2423400CE.NFO,02/01/2024,14:20:07,0.1,0.05,70560,0.1,34200,120,115400
FINNIFTY02JAN2423400CE.NFO,02/01/2024,14:20:26,0.1,0.05,70560,0.1,34400,0,115400
FINNIFTY02JAN2423400CE.NFO,02/01/2024,14:21:40,0.1,0.05,70560,0.1,34360,40,112640
FINNIFTY02JAN2423400CE.NFO,02/01/2024,14:22:05,0.1,0.05,68800,0.1,34360,0,112640
FINNIFTY02JAN2423400CE.NFO,02/01/2024,14:22:44,0.1,0.05,68800,0.1,33880,480,112640
FINNIFTY02JAN2423400CE.NFO,02/01/2024,14:22:52,0.1,0.05,67840,0.1,34200,1760,112640
FINNIFTY02JAN2423400CE.NFO,02/01/2024,14:23:11,0.05,0.05,67440,0.1,34200,400,112640
FINNIFTY02JAN2423400CE.NFO,02/01/2024,14:23:30,0.05,0.05,67440,0.1,34200,0,112640
FINNIFTY02JAN2423400CE.NFO,02/01/2024,14:23:42,0.05,0.05,67440,0.1,35960,0,112640
FINNIFTY02JAN2423400CE.NFO,02/01/2024,14:23:48,0.05,0.05,66760,0.1,36160,680,112640
FINNIFTY02JAN2423400CE.NFO,02/01/2024,14:23:55,0.05,0.05,65960,0.1,36960,800,112640
FINNIFTY02JAN2423400CE.NFO,02/01/2024,14:24:01,0.1,0.05,65960,0.1,36360,600,112640
FINNIFTY02JAN2423400CE.NFO,02/01/2024,14:24:19,0.1,0.05,65960,0.1,36560,0,112640
FINNIFTY02JAN2423400CE.NFO,02/01/2024,14:24:25,0.1,0.05,63960,0.1,36560,0,112640
FINNIFTY02JAN2423400CE.NFO,02/01/2024,14:24:32,0.1,0.05,63960,0.1,36960,0,112640
FINNIFTY02JAN2423400CE.NFO,02/01/2024,14:24:56,0.1,0.05,63960,0.1,39920,0,112640
FINNIFTY02JAN2423400CE.NFO,02/01/2024,14:25:01,0.1,0.05,63960,0.1,39320,600,114480
FINNIFTY02JAN2423400CE.NFO,02/01/2024,14:25:13,0.05,0.05,62800,0.1,39080,1160,114480
FINNIFTY02JAN2423400CE.NFO,02/01/2024,14:25:19,0.05,0.05,60800,0.1,39080,0,114480
FINNIFTY02JAN2423400CE.NFO,02/01/2024,14:26:03,0.05,0.05,60800,0.1,40240,0,114480
FINNIFTY02JAN2423400CE.NFO,02/01/2024,14:26:14,0.05,0.05,60800,0.1,41040,0,114480
FINNIFTY02JAN2423400CE.NFO,02/01/2024,14:29:50,0.05,0.05,60240,0.1,41040,560,115080
FINNIFTY02JAN2423400CE.NFO,02/01/2024,14:29:57,0.05,0.05,59440,0.1,41040,800,115080
FINNIFTY02JAN2423400CE.NFO,02/01/2024,14:30:11,0.05,0.05,58960,0.1,41040,480,115080
FINNIFTY02JAN2423400CE.NFO,02/01/2024,14:30:25,0.05,0.05,60800,0.1,41040,0,115080
FINNIFTY02JAN2423400CE.NFO,02/01/2024,14:30:33,0.05,0.05,62800,0.1,41040,0,115080
FINNIFTY02JAN2423400CE.NFO,02/01/2024,14:30:40,0.05,0.05,62560,0.1,41040,0,115080
FINNIFTY02JAN2423400CE.NFO,02/01/2024,14:30:53,0.1,0.05,62560,0.1,40800,240,115080
FINNIFTY02JAN2423400CE.NFO,02/01/2024,14:31:00,0.1,0.05,62560,0.1,40440,360,115080
FINNIFTY02JAN2423400CE.NFO,02/01/2024,14:31:34,0.1,0.05,62560,0.1,39920,520,115080
FINNIFTY02JAN2423400CE.NFO,02/01/2024,14:31:55,0.1,0.05,62560,0.1,40320,440,115080
FINNIFTY02JAN2423400CE.NFO,02/01/2024,14:32:10,0.1,0.05,62560,0.1,39800,520,115080
FINNIFTY02JAN2423400CE.NFO,02/01/2024,14:32:24,0.1,0.05,62560,0.1,40360,200,115080
FINNIFTY02JAN2423400CE.NFO,02/01/2024,14:32:31,0.1,0.05,62560,0.1,38560,0,115080
FINNIFTY02JAN2423400CE.NFO,02/01/2024,14:32:37,0.05,0.05,60760,0.1,38560,1800,115080
FINNIFTY02JAN2423400CE.NFO,02/01/2024,14:33:10,0.05,0.05,49960,0.1,38560,1600,115080
FINNIFTY02JAN2423400CE.NFO,02/01/2024,14:33:24,0.05,0.05,37360,0.1,38560,1600,115080
FINNIFTY02JAN2423400CE.NFO,02/01/2024,14:34:03,0.05,0.05,37360,0.1,38560,0,115080
FINNIFTY02JAN2423400CE.NFO,02/01/2024,14:34:23,0.05,0.05,37360,0.1,39560,0,115080
FINNIFTY02JAN2423400CE.NFO,02/01/2024,14:34:30,0.05,0.05,33960,0.1,39560,0,115080
FINNIFTY02JAN2423400CE.NFO,02/01/2024,14:34:42,0.05,0.05,33960,0.1,40160,0,115080
FINNIFTY02JAN2423400CE.NFO,02/01/2024,14:36:53,0.05,0.05,33960,0.1,40200,0,115080
FINNIFTY02JAN2423400CE.NFO,02/01/2024,14:36:59,0.05,0.05,33960,0.1,40160,0,115080
FINNIFTY02JAN2423400CE.NFO,02/01/2024,14:37:11,0.05,0.05,33960,0.1,37160,0,115080
FINNIFTY02JAN2423400CE.NFO,02/01/2024,14:37:18,0.05,0.05,33960,0.1,37120,0,115080
FINNIFTY02JAN2423400CE.NFO,02/01/2024,14:37:24,0.1,0.05,33960,0.1,37080,80,115080
FINNIFTY02JAN2423400CE.NFO,02/01/2024,14:37:39,0.05,0.05,33840,0.1,37080,120,115080
FINNIFTY02JAN2423400CE.NFO,02/01/2024,14:37:46,0.05,0.05,33840,0.1,37280,0,115080
FINNIFTY02JAN2423400CE.NFO,02/01/2024,14:38:50,0.05,0.05,33880,0.1,37280,0,115080
FINNIFTY02JAN2423400CE.NFO,02/01/2024,14:38:57,0.05,0.05,34080,0.1,37280,0,115080
FINNIFTY02JAN2423400CE.NFO,02/01/2024,14:39:11,0.05,0.05,33840,0.1,37280,0,115080
FINNIFTY02JAN2423400CE.NFO,02/01/2024,14:39:18,0.05,0.05,34080,0.1,37280,0,115080
FINNIFTY02JAN2423400CE.NFO,02/01/2024,14:39:32,0.05,0.05,33840,0.1,37280,0,115080
FINNIFTY02JAN2423400CE.NFO,02/01/2024,14:39:58,0.05,0.05,33840,0.1,37320,0,115080
FINNIFTY02JAN2423400CE.NFO,02/01/2024,14:40:34,0.1,0.05,33200,0.1,36760,640,115160
FINNIFTY02JAN2423400CE.NFO,02/01/2024,14:40:56,0.1,0.05,27520,0.1,29520,0,115160
FINNIFTY02JAN2423400CE.NFO,02/01/2024,14:41:04,0.1,0.05,20320,0.1,29520,0,115160
FINNIFTY02JAN2423400CE.NFO,02/01/2024,14:41:11,0.1,0.05,20320,0.1,29400,0,115160
FINNIFTY02JAN2423400CE.NFO,02/01/2024,14:42:06,0.1,0.05,23920,0.1,30920,0,115160
FINNIFTY02JAN2423400CE.NFO,02/01/2024,14:42:32,0.1,0.05,27640,0.1,30920,0,115160
FINNIFTY02JAN2423400CE.NFO,02/01/2024,14:42:38,0.1,0.05,28280,0.1,37680,0,115160
FINNIFTY02JAN2423400CE.NFO,02/01/2024,14:42:45,0.1,0.05,26840,0.1,36040,0,115160
FINNIFTY02JAN2423400CE.NFO,02/01/2024,14:42:52,0.1,0.05,19200,0.1,32440,0,115160
FINNIFTY02JAN2423400CE.NFO,02/01/2024,14:43:06,0.1,0.05,22840,0.1,32440,0,115160
FINNIFTY02JAN2423400CE.NFO,02/01/2024,14:43:13,0.1,0.05,26640,0.1,36040,0,115160
FINNIFTY02JAN2423400CE.NFO,02/01/2024,14:43:20,0.1,0.05,26400,0.1,37320,0,115160
FINNIFTY02JAN2423400CE.NFO,02/01/2024,14:43:54,0.1,0.05,26520,0.1,37400,0,115160
FINNIFTY02JAN2423400CE.NFO,02/01/2024,14:44:14,0.1,0.05,19320,0.1,32560,0,115160
FINNIFTY02JAN2423400CE.NFO,02/01/2024,14:44:28,0.1,0.05,18040,0.1,36320,0,115160
FINNIFTY02JAN2423400CE.NFO,02/01/2024,14:44:36,0.1,0.05,17920,0.1,31560,0,115160
FINNIFTY02JAN2423400CE.NFO,02/01/2024,14:44:50,0.05,0.05,16920,0.1,35160,1000,115160
FINNIFTY02JAN2423400CE.NFO,02/01/2024,14:45:03,0.05,0.05,12840,0.1,30760,600,115160
FINNIFTY02JAN2423400CE.NFO,02/01/2024,14:45:11,0.05,0.05,19280,0.1,34360,120,113560
FINNIFTY02JAN2423400CE.NFO,02/01/2024,14:45:18,0.05,0.05,12720,0.1,30760,0,113560
FINNIFTY02JAN2423400CE.NFO,02/01/2024,14:45:32,0.05,0.05,16360,0.1,30760,0,113560
FINNIFTY02JAN2423400CE.NFO,02/01/2024,14:45:39,0.1,0.05,19280,0.1,34080,280,113560
FINNIFTY02JAN2423400CE.NFO,02/01/2024,14:45:47,0.1,0.05,19280,0.1,33880,200,113560
FINNIFTY02JAN2423400CE.NFO,02/01/2024,14:45:54,0.1,0.05,19240,0.1,34400,0,113560
FINNIFTY02JAN2423400CE.NFO,02/01/2024,14:46:00,0.1,0.05,19000,0.1,34400,0,113560
FINNIFTY02JAN2423400CE.NFO,02/01/2024,14:46:21,0.1,0.05,19000,0.1,34080,320,113560
FINNIFTY02JAN2423400CE.NFO,02/01/2024,14:46:35,0.1,0.05,12720,0.1,29760,200,113560
FINNIFTY02JAN2423400CE.NFO,02/01/2024,14:46:41,0.1,0.05,16320,0.1,29560,200,113560
FINNIFTY02JAN2423400CE.NFO,02/01/2024,14:47:36,0.1,0.05,18720,0.1,29560,0,113560
FINNIFTY02JAN2423400CE.NFO,02/01/2024,14:47:44,0.1,0.05,18960,0.1,29560,0,113560
FINNIFTY02JAN2423400CE.NFO,02/01/2024,14:47:57,0.1,0.05,18680,0.1,33520,0,113560
FINNIFTY02JAN2423400CE.NFO,02/01/2024,14:48:50,0.1,0.05,18960,0.1,33520,0,113560
FINNIFTY02JAN2423400CE.NFO,02/01/2024,14:49:09,0.1,0.05,18920,0.1,33520,0,113560
FINNIFTY02JAN2423400CE.NFO,02/01/2024,14:49:23,0.1,0.05,18680,0.1,33520,0,113560
FINNIFTY02JAN2423400CE.NFO,02/01/2024,14:49:30,0.1,0.05,18960,0.1,33520,0,113560
FINNIFTY02JAN2423400CE.NFO,02/01/2024,14:51:02,0.1,0.05,18840,0.1,29560,0,113560
FINNIFTY02JAN2423400CE.NFO,02/01/2024,14:51:42,0.05,0.05,13320,0.1,27640,5520,113440
FINNIFTY02JAN2423400CE.NFO,02/01/2024,14:52:02,0.05,0.05,11640,0.1,27640,1680,113440
FINNIFTY02JAN2423400CE.NFO,02/01/2024,14:52:23,0.05,0.05,11640,0.1,28840,0,113440
FINNIFTY02JAN2423400CE.NFO,02/01/2024,14:52:30,0.05,0.05,11640,0.1,30040,0,113440
FINNIFTY02JAN2423400CE.NFO,02/01/2024,14:53:31,0.05,0.05,10320,0.1,29440,0,113440
FINNIFTY02JAN2423400CE.NFO,02/01/2024,14:55:13,0.1,0.05,10320,0.1,28560,880,106280
FINNIFTY02JAN2423400CE.NFO,02/01/2024,14:57:11,0.05,0.05,10160,0.1,28560,160,105400
FINNIFTY02JAN2423400CE.NFO,02/01/2024,14:57:18,0.05,0.05,11480,0.1,30360,480,105400
FINNIFTY02JAN2423400CE.NFO,02/01/2024,14:57:33,0.05,0.05,9480,0.1,30360,2000,105400
FINNIFTY02JAN2423400CE.NFO,02/01/2024,14:57:40,0.05,0.05,9080,0.1,30320,400,105400
FINNIFTY02JAN2423400CE.NFO,02/01/2024,14:57:47,0.05,0.05,9080,0.1,30320,0,105400
FINNIFTY02JAN2423400CE.NFO,02/01/2024,14:58:22,0.05,0.05,9200,0.1,30320,0,105400
FINNIFTY02JAN2423400CE.NFO,02/01/2024,14:59:43,0.1,0.05,9200,0.1,25600,160,105400
FINNIFTY02JAN2423400CE.NFO,02/01/2024,14:59:58,0.1,0.05,9200,0.1,25320,280,105400
FINNIFTY02JAN2423400CE.NFO,02/01/2024,15:00:06,0.1,0.05,9160,0.1,30000,120,105400
FINNIFTY02JAN2423400CE.NFO,02/01/2024,15:00:14,0.1,0.05,8920,0.1,30000,0,105400
FINNIFTY02JAN2423400CE.NFO,02/01/2024,15:00:29,0.1,0.05,8920,0.1,26160,3840,103000
FINNIFTY02JAN2423400CE.NFO,02/01/2024,15:00:36,0.1,0.05,8920,0.1,26160,0,103000
FINNIFTY02JAN2423400CE.NFO,02/01/2024,15:00:44,0.1,0.05,8920,0.1,26520,1160,103000
FINNIFTY02JAN2423400CE.NFO,02/01/2024,15:00:51,0.1,0.05,8920,0.1,24960,1560,103000
FINNIFTY02JAN2423400CE.NFO,02/01/2024,15:00:59,0.1,0.05,8920,0.1,24560,400,103000
FINNIFTY02JAN2423400CE.NFO,02/01/2024,15:01:07,0.1,0.05,8920,0.1,23640,920,103000
FINNIFTY02JAN2423400CE.NFO,02/01/2024,15:01:14,0.1,0.05,21880,0.1,22960,680,103000
FINNIFTY02JAN2423400CE.NFO,02/01/2024,15:01:22,0.1,0.05,19000,0.1,22960,0,103000
FINNIFTY02JAN2423400CE.NFO,02/01/2024,15:01:37,0.1,0.05,18320,0.1,22800,840,103000
FINNIFTY02JAN2423400CE.NFO,02/01/2024,15:01:45,0.1,0.05,18320,0.1,22360,440,103000
FINNIFTY02JAN2423400CE.NFO,02/01/2024,15:01:52,0.1,0.05,18200,0.1,21920,560,103000
FINNIFTY02JAN2423400CE.NFO,02/01/2024,15:02:01,0.1,0.05,18200,0.1,21040,880,103000
FINNIFTY02JAN2423400CE.NFO,02/01/2024,15:03:09,0.1,0.05,18200,0.1,20640,400,103000
FINNIFTY02JAN2423400CE.NFO,02/01/2024,15:03:16,0.05,0.05,17680,0.1,20640,520,103000
FINNIFTY02JAN2423400CE.NFO,02/01/2024,15:03:30,0.05,0.05,13560,0.1,20640,0,103000
FINNIFTY02JAN2423400CE.NFO,02/01/2024,15:04:14,0.1,0.05,13560,0.1,20280,360,99280
FINNIFTY02JAN2423400CE.NFO,02/01/2024,15:04:22,0.05,0.05,8760,0.1,15480,4800,99280
FINNIFTY02JAN2423400CE.NFO,02/01/2024,15:04:30,0.05,0.05,6760,0.1,15480,2000,99280
FINNIFTY02JAN2423400CE.NFO,02/01/2024,15:04:38,0.05,0.05,8520,0.1,15480,3080,99280
FINNIFTY02JAN2423400CE.NFO,02/01/2024,15:04:45,0.05,0.05,8480,0.1,15720,40,99280
FINNIFTY02JAN2423400CE.NFO,02/01/2024,15:05:09,0.1,0.05,8800,0.1,15200,520,99280
FINNIFTY02JAN2423400CE.NFO,02/01/2024,15:05:26,0.05,0.05,2800,0.1,15200,2360,99280
FINNIFTY02JAN2423400CE.NFO,02/01/2024,15:05:33,0.05,0.05,2760,0.1,15200,40,99280
FINNIFTY02JAN2423400CE.NFO,02/01/2024,15:05:41,0.05,0.05,11440,0.1,15200,0,99280
FINNIFTY02JAN2423400CE.NFO,02/01/2024,15:05:56,0.1,0.05,11440,0.1,15120,80,99280
FINNIFTY02JAN2423400CE.NFO,02/01/2024,15:06:04,0.1,0.05,11440,0.1,14560,560,99280
FINNIFTY02JAN2423400CE.NFO,02/01/2024,15:06:13,0.1,0.05,3440,0.1,14560,0,99280
FINNIFTY02JAN2423400CE.NFO,02/01/2024,15:06:22,0.05,0.05,8520,0.1,14080,520,99160
FINNIFTY02JAN2423400CE.NFO,02/01/2024,15:06:30,0.1,0.05,8520,0.1,13400,680,99160
FINNIFTY02JAN2423400CE.NFO,02/01/2024,15:06:38,0.1,0.05,3400,0.1,13000,400,99160
FINNIFTY02JAN2423400CE.NFO,02/01/2024,15:07:01,0.1,0.05,3400,0.1,13000,400,99160
FINNIFTY02JAN2423400CE.NFO,02/01/2024,15:07:09,0.05,0.05,9360,0.1,10000,4360,99160
FINNIFTY02JAN2423400CE.NFO,02/01/2024,15:07:18,0.1,0.05,12400,0.1,9440,160,99160
FINNIFTY02JAN2423400CE.NFO,02/01/2024,15:07:27,0.1,0.05,12560,0.1,8960,480,99160
FINNIFTY02JAN2423400CE.NFO,02/01/2024,15:07:36,0.1,0.05,12840,0.1,8600,760,99160
FINNIFTY02JAN2423400CE.NFO,02/01/2024,15:07:46,0.05,0.05,12440,0.1,7880,1080,99160
FINNIFTY02JAN2423400CE.NFO,02/01/2024,15:07:56,0.1,0.05,12760,0.1,6480,640,99160
FINNIFTY02JAN2423400CE.NFO,02/01/2024,15:08:06,0.1,0.05,12760,0.1,7080,160,99160
FINNIFTY02JAN2423400CE.NFO,02/01/2024,15:08:16,0.1,0.05,14040,0.1,1960,5120,99160
FINNIFTY02JAN2423400CE.NFO,02/01/2024,15:08:27,0.1,0.05,14040,0.1,2520,0,99160
FINNIFTY02JAN2423400CE.NFO,02/01/2024,15:08:36,0.1,0.05,16440,0.1,2800,400,99160
FINNIFTY02JAN2423400CE.NFO,02/01/2024,15:08:44,0.1,0.05,16440,0.1,3400,160,99160
FINNIFTY02JAN2423400CE.NFO,02/01/2024,15:08:53,0.1,0.05,16440,0.1,3200,560,99160
FINNIFTY02JAN2423400CE.NFO,02/01/2024,15:09:03,0.1,0.05,16440,0.1,2720,480,99160
FINNIFTY02JAN2423400CE.NFO,02/01/2024,15:09:13,0.1,0.05,16440,0.1,2640,80,99160
FINNIFTY02JAN2423400CE.NFO,02/01/2024,15:09:22,0.1,0.05,16440,0.1,1480,400,98440
FINNIFTY02JAN2423400CE.NFO,02/01/2024,15:09:32,0.05,0.05,16240,0.1,3160,200,98440
FINNIFTY02JAN2423400CE.NFO,02/01/2024,15:09:42,0.1,0.05,18040,0.1,2880,280,98440
FINNIFTY02JAN2423400CE.NFO,02/01/2024,15:10:03,0.05,0.05,17440,0.1,3160,680,98440
FINNIFTY02JAN2423400CE.NFO,02/01/2024,15:10:14,0.1,0.05,17960,0.1,6520,240,98440
FINNIFTY02JAN2423400CE.NFO,02/01/2024,15:10:25,0.1,0.05,17960,0.1,24800,80,98440
FINNIFTY02JAN2423400CE.NFO,02/01/2024,15:10:35,0.1,0.05,17960,0.1,24800,0,98440
FINNIFTY02JAN2423400CE.NFO,02/01/2024,15:10:56,0.1,0.05,13640,0.1,24960,0,98440
FINNIFTY02JAN2423400CE.NFO,02/01/2024,15:11:06,0.1,0.05,7880,0.1,24960,0,98440
FINNIFTY02JAN2423400CE.NFO,02/01/2024,15:11:16,0.1,0.05,7880,0.1,26560,0,98440
FINNIFTY02JAN2423400CE.NFO,02/01/2024,15:11:45,0.05,0.05,7360,0.1,26560,520,98440
FINNIFTY02JAN2423400CE.NFO,02/01/2024,15:12:03,0.1,0.05,8400,0.1,26360,200,98440
FINNIFTY02JAN2423400CE.NFO,02/01/2024,15:12:12,0.1,0.05,8400,0.1,15880,0,98440
FINNIFTY02JAN2423400CE.NFO,02/01/2024,15:13:01,0.1,0.05,10200,0.1,17680,0,98440
FINNIFTY02JAN2423400CE.NFO,02/01/2024,15:13:12,0.05,0.05,8880,0.1,17680,1320,98920
FINNIFTY02JAN2423400CE.NFO,02/01/2024,15:13:22,0.05,0.05,7680,0.1,17680,1200,98920
FINNIFTY02JAN2423400CE.NFO,02/01/2024,15:13:32,0.05,0.05,7200,0.1,19800,880,98920
FINNIFTY02JAN2423400CE.NFO,02/01/2024,15:13:41,0.05,0.05,7200,0.1,8920,0,98920
FINNIFTY02JAN2423400CE.NFO,02/01/2024,15:13:50,0.05,0.05,9000,0.1,9120,0,98920
FINNIFTY02JAN2423400CE.NFO,02/01/2024,15:14:09,0.1,0.05,7200,0.1,10120,1800,98920
FINNIFTY02JAN2423400CE.NFO,02/01/2024,15:14:18,0.05,0.05,6680,0.1,10120,1600,98920
FINNIFTY02JAN2423400CE.NFO,02/01/2024,15:14:28,0.05,0.05,5880,0.1,10120,800,98920
FINNIFTY02JAN2423400CE.NFO,02/01/2024,15:14:54,0.05,0.05,5920,0.1,10120,0,98920
FINNIFTY02JAN2423400CE.NFO,02/01/2024,15:15:11,0.05,0.05,4120,0.1,10120,3600,98920
FINNIFTY02JAN2423400CE.NFO,02/01/2024,15:15:19,0.05,0,0,0.1,8640,4200,99760
FINNIFTY02JAN2423400CE.NFO,02/01/2024,15:15:28,0.05,0,0,0.05,80,0,99760
FINNIFTY02JAN2423400CE.NFO,02/01/2024,15:15:52,0.05,0,0,0.05,320,0,99760
FINNIFTY02JAN2423400CE.NFO,02/01/2024,15:16:48,0.05,0,0,0.05,360,0,99760
FINNIFTY02JAN2423400CE.NFO,02/01/2024,15:17:16,0.05,0,0,0.05,2160,0,99760
FINNIFTY02JAN2423400CE.NFO,02/01/2024,15:18:59,0.05,0,0,0.05,3920,0,99760
FINNIFTY02JAN2423400CE.NFO,02/01/2024,15:19:39,0.05,0,0,0.05,4000,0,99760
FINNIFTY02JAN2423400CE.NFO,02/01/2024,15:19:47,0.05,0,0,0.05,2200,0,99760
FINNIFTY02JAN2423400CE.NFO,02/01/2024,15:20:14,0.05,0.05,5040,0.1,19360,3440,99760
FINNIFTY02JAN2423400CE.NFO,02/01/2024,15:20:23,0.05,0.05,2600,0.1,19440,2440,99760
FINNIFTY02JAN2423400CE.NFO,02/01/2024,15:20:31,0.05,0,0,0.05,560,960,99760
FINNIFTY02JAN2423400CE.NFO,02/01/2024,15:20:47,0.05,0,0,0.05,560,0,99760
FINNIFTY02JAN2423400CE.NFO,02/01/2024,15:21:45,0.05,0,0,0.05,640,0,99760
FINNIFTY02JAN2423400CE.NFO,02/01/2024,15:21:52,0.05,0,0,0.05,680,0,99760
FINNIFTY02JAN2423400CE.NFO,02/01/2024,15:22:08,0.05,0,0,0.05,640,0,99760
FINNIFTY02JAN2423400CE.NFO,02/01/2024,15:22:23,0.05,0,0,0.05,1640,0,99760
FINNIFTY02JAN2423400CE.NFO,02/01/2024,15:23:04,0.05,0,0,0.05,880,0,99760
FINNIFTY02JAN2423400CE.NFO,02/01/2024,15:23:23,0.05,0,0,0.05,1760,0,99760
FINNIFTY02JAN2423400CE.NFO,02/01/2024,15:23:33,0.05,0,0,0.05,1560,0,99760
FINNIFTY02JAN2423400CE.NFO,02/01/2024,15:24:39,0.05,0,0,0.05,6760,0,99760
FINNIFTY02JAN2423400CE.NFO,02/01/2024,15:25:08,0.05,0,0,0.05,6880,0,99760
FINNIFTY02JAN2423400CE.NFO,02/01/2024,15:25:18,0.05,0,0,0.05,7880,0,99760
FINNIFTY02JAN2423400CE.NFO,02/01/2024,15:25:38,0.05,0,0,0.05,7000,0,99760
FINNIFTY02JAN2423400CE.NFO,02/01/2024,15:25:49,0.05,0,0,0.05,7600,0,99760
FINNIFTY02JAN2423400CE.NFO,02/01/2024,15:27:33,0.05,0,0,0.05,7640,0,99760
FINNIFTY02JAN2423400CE.NFO,02/01/2024,15:29:12,0.05,0,0,0.05,9440,0,99760
FINNIFTY02JAN2423400CE.NFO,02/01/2024,15:29:21,0.05,0,0,0.05,10520,0,99760
FINNIFTY02JAN2423400CE.NFO,02/01/2024,15:29:41,0.05,0,0,0.05,7600,0,99760
FINNIFTY02JAN2423400CE.NFO,02/01/2024,15:30:01,0.05,0,0,0.05,7520,0,99760
