Ticker,Date,Time,LTP,BuyPrice,BuyQty,SellPrice,SellQty,LTQ,OpenInterest
FINNIFTY02JAN2421250PE.NFO,02/01/2024,09:15:00,5.05,4.25,320,6.2,40,5400,1511680
FINNIFTY02JAN2421250PE.NFO,02/01/2024,09:15:00,5.05,4.25,320,6.2,40,0,1511680
FINNIFTY02JAN2421250PE.NFO,02/01/2024,09:15:00,6.25,4.25,320,6.2,40,0,1511680
FINNIFTY02JAN2421250PE.NFO,02/01/2024,09:15:00,3.6,4.25,320,6.2,40,0,1511680
FINNIFTY02JAN2421250PE.NFO,02/01/2024,09:15:01,4.8,4.85,880,5.25,40,8080,1511680
FINNIFTY02JAN2421250PE.NFO,02/01/2024,09:15:02,6.4,6.35,80,7.25,920,31960,1511680
FINNIFTY02JAN2421250PE.NFO,02/01/2024,09:15:02,8,6.35,80,7.25,920,0,1511680
FINNIFTY02JAN2421250PE.NFO,02/01/2024,09:15:03,6.1,5.15,640,6.1,400,18680,1511680
FINNIFTY02JAN2421250PE.NFO,02/01/2024,09:15:04,6.35,6.25,640,7,40,31960,1511680
FINNIFTY02JAN2421250PE.NFO,02/01/2024,09:15:05,5.8,5.6,360,5.8,40,28960,1511680
FINNIFTY02JAN2421250PE.NFO,02/01/2024,09:15:05,8.9,5.6,360,5.8,40,0,1511680
FINNIFTY02JAN2421250PE.NFO,02/01/2024,09:15:06,5.2,5.05,680,5.6,120,29720,1511680
FINNIFTY02JAN2421250PE.NFO,02/01/2024,09:15:07,5,5,320,5.1,240,23840,1511680
FINNIFTY02JAN2421250PE.NFO,02/01/2024,09:15:07,3,5,320,5.1,240,0,1511680
FINNIFTY02JAN2421250PE.NFO,02/01/2024,09:15:08,4.8,4.75,80,4.8,1240,26240,1511680
FINNIFTY02JAN2421250PE.NFO,02/01/2024,09:15:08,4.75,4.7,200,4.75,800,1200,1511680
FINNIFTY02JAN2421250PE.NFO,02/01/2024,09:15:09,5.05,5.05,40,5.35,1840,38440,1511680
FINNIFTY02JAN2421250PE.NFO,02/01/2024,09:15:10,5.6,5.1,1400,5.7,80,107520,1511680
FINNIFTY02JAN2421250PE.NFO,02/01/2024,09:15:11,5.8,5.8,1320,5.9,480,73720,1511680
FINNIFTY02JAN2421250PE.NFO,02/01/2024,09:15:13,5.95,5.85,1000,5.95,120,73880,1511680
FINNIFTY02JAN2421250PE.NFO,02/01/2024,09:15:14,5.55,5.55,1760,5.6,160,30400,1511680
FINNIFTY02JAN2421250PE.NFO,02/01/2024,09:15:15,5,5,920,5.2,240,58200,1511680
FINNIFTY02JAN2421250PE.NFO,02/01/2024,09:15:16,5.35,5.35,2800,5.4,1160,86000,1511680
FINNIFTY02JAN2421250PE.NFO,02/01/2024,09:15:17,6.05,6,280,6.05,40,99240,1511680
FINNIFTY02JAN2421250PE.NFO,02/01/2024,09:15:17,6,5.9,1880,6,280,18760,1511680
FINNIFTY02JAN2421250PE.NFO,02/01/2024,09:15:18,5.9,5.75,2760,5.95,2680,38400,1511680
FINNIFTY02JAN2421250PE.NFO,02/01/2024,09:15:19,5.5,5.4,1240,5.5,1840,51760,1511680
FINNIFTY02JAN2421250PE.NFO,02/01/2024,09:15:21,5.5,5.4,2600,5.5,1000,56880,1511680
FINNIFTY02JAN2421250PE.NFO,02/01/2024,09:15:22,5.45,5.4,5840,5.5,160,24600,1511680
FINNIFTY02JAN2421250PE.NFO,02/01/2024,09:15:23,5.25,5.15,3400,5.25,2280,44840,1511680
FINNIFTY02JAN2421250PE.NFO,02/01/2024,09:15:24,5.6,5.45,3600,5.6,3960,62720,1511680
FINNIFTY02JAN2421250PE.NFO,02/01/2024,09:15:24,5.5,5.4,2800,5.45,3640,5720,1511680
FINNIFTY02JAN2421250PE.NFO,02/01/2024,09:15:26,5.3,5.25,2720,5.35,2200,47960,1511680
FINNIFTY02JAN2421250PE.NFO,02/01/2024,09:15:27,5.2,5.2,4280,5.3,3800,57200,1511680
FINNIFTY02JAN2421250PE.NFO,02/01/2024,09:15:28,5.1,5.05,2640,5.1,3960,45120,1511680
FINNIFTY02JAN2421250PE.NFO,02/01/2024,09:15:29,5,4.95,720,5,8480,33280,1511680
FINNIFTY02JAN2421250PE.NFO,02/01/2024,09:15:30,5.05,5,1960,5.05,5600,30880,1511680
FINNIFTY02JAN2421250PE.NFO,02/01/2024,09:15:31,4.85,4.85,680,4.9,2520,36080,1511680
FINNIFTY02JAN2421250PE.NFO,02/01/2024,09:15:31,4.7,4.7,2080,4.8,5440,22280,1511680
FINNIFTY02JAN2421250PE.NFO,02/01/2024,09:15:33,4.7,4.6,6600,4.7,880,64640,1511680
FINNIFTY02JAN2421250PE.NFO,02/01/2024,09:15:34,4.75,4.75,680,4.8,4400,34880,1511680
FINNIFTY02JAN2421250PE.NFO,02/01/2024,09:15:35,4.9,4.9,800,4.95,6360,26880,1511680
FINNIFTY02JAN2421250PE.NFO,02/01/2024,09:15:36,4.85,4.85,2000,4.95,8320,26880,1511680
FINNIFTY02JAN2421250PE.NFO,02/01/2024,09:15:37,4.9,4.85,2680,4.9,1480,23680,1511680
FINNIFTY02JAN2421250PE.NFO,02/01/2024,09:15:38,4.75,4.75,6960,4.85,7680,29840,1511680
FINNIFTY02JAN2421250PE.NFO,02/01/2024,09:15:38,4.7,4.7,7840,4.8,5880,3720,1511680
FINNIFTY02JAN2421250PE.NFO,02/01/2024,09:15:40,4.6,4.55,200,4.6,4840,44840,1511680
FINNIFTY02JAN2421250PE.NFO,02/01/2024,09:15:41,4.65,4.6,440,4.65,4920,44520,1511680
FINNIFTY02JAN2421250PE.NFO,02/01/2024,09:15:42,4.7,4.6,4880,4.7,6440,29200,1511680
FINNIFTY02JAN2421250PE.NFO,02/01/2024,09:15:43,4.7,4.6,6960,4.7,1720,54480,1511680
FINNIFTY02JAN2421250PE.NFO,02/01/2024,09:15:44,4.6,4.55,1840,4.6,4800,51480,1511680
FINNIFTY02JAN2421250PE.NFO,02/01/2024,09:15:45,4.4,4.4,2280,4.45,3000,77920,1511680
FINNIFTY02JAN2421250PE.NFO,02/01/2024,09:15:45,4.4,4.4,2880,4.5,12000,6160,1511680
FINNIFTY02JAN2421250PE.NFO,02/01/2024,09:15:47,4.55,4.5,2360,4.55,6360,49840,1511680
FINNIFTY02JAN2421250PE.NFO,02/01/2024,09:15:48,4.5,4.55,120,4.6,5960,76440,1511680
FINNIFTY02JAN2421250PE.NFO,02/01/2024,09:15:49,4.65,4.6,3080,4.65,2880,43720,1511680
FINNIFTY02JAN2421250PE.NFO,02/01/2024,09:15:50,4.7,4.65,3680,4.7,720,49880,1511680
FINNIFTY02JAN2421250PE.NFO,02/01/2024,09:15:51,4.7,4.65,2120,4.7,4680,41440,1511680
FINNIFTY02JAN2421250PE.NFO,02/01/2024,09:15:52,4.65,4.6,4760,4.65,1720,37840,1511680
FINNIFTY02JAN2421250PE.NFO,02/01/2024,09:15:52,4.6,4.6,5440,4.65,2880,2120,1511680
FINNIFTY02JAN2421250PE.NFO,02/01/2024,09:15:54,4.6,4.5,6480,4.6,4440,60600,1511680
FINNIFTY02JAN2421250PE.NFO,02/01/2024,09:15:55,4.5,4.4,9840,4.5,4960,32000,1511680
FINNIFTY02JAN2421250PE.NFO,02/01/2024,09:15:56,4.6,4.6,3960,4.65,5080,48680,1511680
FINNIFTY02JAN2421250PE.NFO,02/01/2024,09:15:57,4.65,4.6,7760,4.65,600,82960,1511680
FINNIFTY02JAN2421250PE.NFO,02/01/2024,09:15:58,4.6,4.55,2920,4.6,3800,72280,1511680
FINNIFTY02JAN2421250PE.NFO,02/01/2024,09:15:59,4.45,4.45,3240,4.5,6600,74000,1511680
FINNIFTY02JAN2421250PE.NFO,02/01/2024,09:15:59,4.45,4.35,4920,4.45,7120,10240,1511680
FINNIFTY02JAN2421250PE.NFO,02/01/2024,09:16:01,3.9,3.9,27160,3.95,1960,148960,1511680
FINNIFTY02JAN2421250PE.NFO,02/01/2024,09:16:02,3.8,3.7,9880,3.8,4440,129080,1511680
FINNIFTY02JAN2421250PE.NFO,02/01/2024,09:16:03,3.75,3.7,2560,3.75,2040,165480,1511680
FINNIFTY02JAN2421250PE.NFO,02/01/2024,09:16:04,3.7,3.7,10600,3.8,5640,177960,1511680
FINNIFTY02JAN2421250PE.NFO,02/01/2024,09:16:05,3.65,3.65,4680,3.7,4880,149960,1511680
FINNIFTY02JAN2421250PE.NFO,02/01/2024,09:16:05,3.65,3.65,10480,3.7,760,14720,1511680
FINNIFTY02JAN2421250PE.NFO,02/01/2024,09:16:07,3.6,3.6,7440,3.65,3160,86760,1511680
FINNIFTY02JAN2421250PE.NFO,02/01/2024,09:16:08,3.75,3.7,5840,3.75,4000,82720,1511680
FINNIFTY02JAN2421250PE.NFO,02/01/2024,09:16:09,3.9,3.85,6040,3.9,6160,81760,1511680
FINNIFTY02JAN2421250PE.NFO,02/01/2024,09:16:10,3.85,3.85,8440,3.9,2080,68480,1511680
FINNIFTY02JAN2421250PE.NFO,02/01/2024,09:16:11,4.25,4.2,7040,4.25,720,30160,1511680
FINNIFTY02JAN2421250PE.NFO,02/01/2024,09:16:12,4,3.95,3440,4,12720,51200,1511680
FINNIFTY02JAN2421250PE.NFO,02/01/2024,09:16:12,3.95,3.9,9680,3.95,9800,2560,1511680
FINNIFTY02JAN2421250PE.NFO,02/01/2024,09:16:14,4.1,4.05,12080,4.1,2200,30880,1511680
FINNIFTY02JAN2421250PE.NFO,02/01/2024,09:16:15,4.1,4.05,240,4.1,12600,49120,1511680
FINNIFTY02JAN2421250PE.NFO,02/01/2024,09:16:16,4.1,4.05,5320,4.1,12280,31960,1511680
FINNIFTY02JAN2421250PE.NFO,02/01/2024,09:16:17,4.25,4.2,8640,4.25,3960,32800,1511680
FINNIFTY02JAN2421250PE.NFO,02/01/2024,09:16:18,4.3,4.3,8200,4.35,3280,30600,1511680
FINNIFTY02JAN2421250PE.NFO,02/01/2024,09:16:19,4.3,4.2,20680,4.3,15840,52880,1511680
FINNIFTY02JAN2421250PE.NFO,02/01/2024,09:16:19,4.25,4.25,10960,4.3,8360,3680,1511680
FINNIFTY02JAN2421250PE.NFO,02/01/2024,09:16:20,4.5,4.45,5200,4.5,13800,41680,1511680
FINNIFTY02JAN2421250PE.NFO,02/01/2024,09:16:22,4.65,4.65,9680,4.7,800,34400,1511680
FINNIFTY02JAN2421250PE.NFO,02/01/2024,09:16:23,4.6,4.55,11240,4.6,2600,58000,1511680
FINNIFTY02JAN2421250PE.NFO,02/01/2024,09:16:24,4.5,4.45,15080,4.5,5120,31840,1511680
FINNIFTY02JAN2421250PE.NFO,02/01/2024,09:16:25,4.6,4.6,10200,4.65,2840,37120,1511680
FINNIFTY02JAN2421250PE.NFO,02/01/2024,09:16:26,4.65,4.65,8480,4.7,12320,53520,1511680
FINNIFTY02JAN2421250PE.NFO,02/01/2024,09:16:27,4.65,4.65,20960,4.7,2600,35920,1511680
FINNIFTY02JAN2421250PE.NFO,02/01/2024,09:16:27,4.7,4.7,16600,4.75,4800,1520,1511680
FINNIFTY02JAN2421250PE.NFO,02/01/2024,09:16:29,4.7,4.7,30800,4.8,20240,39600,1511680
FINNIFTY02JAN2421250PE.NFO,02/01/2024,09:16:30,4.5,4.55,280,4.6,19200,37640,1511680
FINNIFTY02JAN2421250PE.NFO,02/01/2024,09:16:31,4.55,4.5,360,4.55,16960,33440,1511680
FINNIFTY02JAN2421250PE.NFO,02/01/2024,09:16:32,4.6,4.55,21200,4.65,11720,24880,1511680
FINNIFTY02JAN2421250PE.NFO,02/01/2024,09:16:33,4.75,4.7,12880,4.75,7800,24080,1511680
FINNIFTY02JAN2421250PE.NFO,02/01/2024,09:16:34,4.8,4.75,23760,4.8,360,23720,1511680
FINNIFTY02JAN2421250PE.NFO,02/01/2024,09:16:34,4.8,4.75,12640,4.8,8840,6440,1511680
FINNIFTY02JAN2421250PE.NFO,02/01/2024,09:16:35,4.6,4.6,10800,4.65,9640,30560,1511680
FINNIFTY02JAN2421250PE.NFO,02/01/2024,09:16:37,4.75,4.7,160,4.75,17760,41680,1511680
FINNIFTY02JAN2421250PE.NFO,02/01/2024,09:16:38,4.75,4.75,3200,4.8,12280,23360,1511680
FINNIFTY02JAN2421250PE.NFO,02/01/2024,09:16:39,4.7,4.7,15640,4.75,1400,37720,1511680
FINNIFTY02JAN2421250PE.NFO,02/01/2024,09:16:40,4.7,4.6,16240,4.7,21120,36480,1511680
FINNIFTY02JAN2421250PE.NFO,02/01/2024,09:16:41,4.65,4.55,16120,4.65,18480,24880,1511680
FINNIFTY02JAN2421250PE.NFO,02/01/2024,09:16:42,4.55,4.5,23960,4.55,16680,29480,1511680
FINNIFTY02JAN2421250PE.NFO,02/01/2024,09:16:42,4.55,4.5,27840,4.55,11560,200,1511680
FINNIFTY02JAN2421250PE.NFO,02/01/2024,09:16:44,4.5,4.45,26320,4.5,1480,30080,1511680
FINNIFTY02JAN2421250PE.NFO,02/01/2024,09:16:45,4.25,4.2,10280,4.25,14280,40760,1511680
FINNIFTY02JAN2421250PE.NFO,02/01/2024,09:16:46,4.3,4.25,12480,4.3,17040,13320,1511680
FINNIFTY02JAN2421250PE.NFO,02/01/2024,09:16:47,4.4,4.35,3120,4.4,24120,24840,1511680
FINNIFTY02JAN2421250PE.NFO,02/01/2024,09:16:48,4.3,4.3,11680,4.35,23000,16440,1511680
FINNIFTY02JAN2421250PE.NFO,02/01/2024,09:16:49,4.25,4.2,25040,4.25,640,17680,1511680
FINNIFTY02JAN2421250PE.NFO,02/01/2024,09:16:49,4.3,4.25,600,4.3,28680,1920,1511680
FINNIFTY02JAN2421250PE.NFO,02/01/2024,09:16:50,4.25,4.25,19640,4.3,8400,18360,1511680
FINNIFTY02JAN2421250PE.NFO,02/01/2024,09:16:52,4.25,4.25,6440,4.3,16760,18960,1511680
FINNIFTY02JAN2421250PE.NFO,02/01/2024,09:16:53,4.1,4.1,160,4.15,18760,46880,1511680
FINNIFTY02JAN2421250PE.NFO,02/01/2024,09:16:54,4.2,4.15,30520,4.25,17880,43440,1511680
FINNIFTY02JAN2421250PE.NFO,02/01/2024,09:16:55,4.3,4.25,18640,4.3,13800,31480,1511680
FINNIFTY02JAN2421250PE.NFO,02/01/2024,09:16:56,4.2,4.2,23360,4.25,14400,55120,1511680
FINNIFTY02JAN2421250PE.NFO,02/01/2024,09:16:56,4.25,4.25,17680,4.3,21680,6160,1511680
FINNIFTY02JAN2421250PE.NFO,02/01/2024,09:16:58,4.25,4.2,34560,4.3,30320,31760,1511680
FINNIFTY02JAN2421250PE.NFO,02/01/2024,09:16:59,4.25,4.2,6040,4.25,22040,49360,1511680
FINNIFTY02JAN2421250PE.NFO,02/01/2024,09:17:00,3.95,3.9,31960,3.95,3680,56880,1511680
FINNIFTY02JAN2421250PE.NFO,02/01/2024,09:17:01,4,3.95,29560,4.05,32160,85040,1511680
FINNIFTY02JAN2421250PE.NFO,02/01/2024,09:17:02,4.25,4.25,13280,4.3,32800,75520,1511680
FINNIFTY02JAN2421250PE.NFO,02/01/2024,09:17:02,4.25,4.25,18520,4.3,19680,2480,1511680
FINNIFTY02JAN2421250PE.NFO,02/01/2024,09:17:03,4.1,4.05,32920,4.15,31520,94600,1511680
FINNIFTY02JAN2421250PE.NFO,02/01/2024,09:17:05,4.3,4.2,36240,4.3,38360,48880,1511680
FINNIFTY02JAN2421250PE.NFO,02/01/2024,09:17:06,4.3,4.2,37400,4.3,31520,45920,1511680
FINNIFTY02JAN2421250PE.NFO,02/01/2024,09:17:07,4.2,4.15,32880,4.2,11120,40920,1511680
FINNIFTY02JAN2421250PE.NFO,02/01/2024,09:17:08,4.2,4.2,7240,4.25,19840,42840,1511680
FINNIFTY02JAN2421250PE.NFO,02/01/2024,09:17:09,4.3,4.25,37640,4.3,10720,38720,1511680
FINNIFTY02JAN2421250PE.NFO,02/01/2024,09:17:09,4.3,4.25,37240,4.3,15200,2440,1511680
FINNIFTY02JAN2421250PE.NFO,02/01/2024,09:17:11,4.35,4.3,39320,4.35,640,32040,1511680
FINNIFTY02JAN2421250PE.NFO,02/01/2024,09:17:12,4.35,4.35,38120,4.45,40440,10600,1511680
FINNIFTY02JAN2421250PE.NFO,02/01/2024,09:17:13,4.25,4.25,23640,4.3,18080,46360,1511680
FINNIFTY02JAN2421250PE.NFO,02/01/2024,09:17:14,4.25,4.25,16360,4.3,22640,19400,1511680
FINNIFTY02JAN2421250PE.NFO,02/01/2024,09:17:15,4.25,4.2,13000,4.25,15520,22800,1511680
FINNIFTY02JAN2421250PE.NFO,02/01/2024,09:17:15,4.15,4.2,9000,4.25,24840,4600,1511680
FINNIFTY02JAN2421250PE.NFO,02/01/2024,09:17:16,4.25,4.15,37360,4.25,41760,7680,1511680
FINNIFTY02JAN2421250PE.NFO,02/01/2024,09:17:18,4,4,53120,4.1,43320,44760,1511680
FINNIFTY02JAN2421250PE.NFO,02/01/2024,09:17:19,4.1,4,59640,4.1,42040,46480,1511680
FINNIFTY02JAN2421250PE.NFO,02/01/2024,09:17:20,4.1,4.1,41160,4.2,51000,24480,1511680
FINNIFTY02JAN2421250PE.NFO,02/01/2024,09:17:21,4.1,4.05,22000,4.1,16560,25080,1511680
FINNIFTY02JAN2421250PE.NFO,02/01/2024,09:17:22,4.05,4,51280,4.05,1720,49320,1511680
FINNIFTY02JAN2421250PE.NFO,02/01/2024,09:17:22,4.05,4.05,7920,4.1,37360,7520,1511680
FINNIFTY02JAN2421250PE.NFO,02/01/2024,09:17:24,4.1,4.1,20320,4.15,22120,19160,1511680
FINNIFTY02JAN2421250PE.NFO,02/01/2024,09:17:25,4.2,4.2,17560,4.25,15560,29520,1511680
FINNIFTY02JAN2421250PE.NFO,02/01/2024,09:17:26,4.2,4.2,9320,4.25,18000,11680,2338760
FINNIFTY02JAN2421250PE.NFO,02/01/2024,09:17:27,4.3,4.25,13360,4.3,32080,26000,2338760
FINNIFTY02JAN2421250PE.NFO,02/01/2024,09:17:28,4.45,4.45,33200,4.55,40000,83360,2338760
FINNIFTY02JAN2421250PE.NFO,02/01/2024,09:17:28,4.45,4.45,39720,4.55,21880,7920,2338760
FINNIFTY02JAN2421250PE.NFO,02/01/2024,09:17:29,4.55,4.5,43440,4.6,40720,37960,2338760
FINNIFTY02JAN2421250PE.NFO,02/01/2024,09:17:31,4.6,4.55,41600,4.6,2280,30800,2338760
FINNIFTY02JAN2421250PE.NFO,02/01/2024,09:17:32,4.45,4.45,14800,4.5,16440,36440,2338760
FINNIFTY02JAN2421250PE.NFO,02/01/2024,09:17:33,4.5,4.45,30360,4.5,240,27600,2338760
FINNIFTY02JAN2421250PE.NFO,02/01/2024,09:17:34,4.45,4.45,43280,4.55,40280,22120,2338760
FINNIFTY02JAN2421250PE.NFO,02/01/2024,09:17:35,4.45,4.45,280,4.5,35640,20880,2338760
FINNIFTY02JAN2421250PE.NFO,02/01/2024,09:17:36,4.5,4.45,280,4.5,37960,6320,2338760
FINNIFTY02JAN2421250PE.NFO,02/01/2024,09:17:37,4.5,4.4,48320,4.5,45840,30240,2338760
FINNIFTY02JAN2421250PE.NFO,02/01/2024,09:17:38,4.25,4.25,33560,4.3,18760,28600,2338760
FINNIFTY02JAN2421250PE.NFO,02/01/2024,09:17:39,4.45,4.45,50880,4.55,36600,28520,2338760
FINNIFTY02JAN2421250PE.NFO,02/01/2024,09:17:40,4.6,4.6,36040,4.7,39000,25480,2338760
FINNIFTY02JAN2421250PE.NFO,02/01/2024,09:17:41,4.8,4.7,38320,4.8,32760,60800,2338760
FINNIFTY02JAN2421250PE.NFO,02/01/2024,09:17:42,4.8,4.75,32720,4.85,40760,6320,2338760
FINNIFTY02JAN2421250PE.NFO,02/01/2024,09:17:43,4.7,4.65,49600,4.75,45360,33880,2338760
FINNIFTY02JAN2421250PE.NFO,02/01/2024,09:17:44,4.8,4.75,21840,4.8,12760,51040,2338760
FINNIFTY02JAN2421250PE.NFO,02/01/2024,09:17:45,4.8,4.75,14880,4.8,4920,37520,2338760
FINNIFTY02JAN2421250PE.NFO,02/01/2024,09:17:46,4.75,4.8,14920,4.85,10080,33400,2338760
FINNIFTY02JAN2421250PE.NFO,02/01/2024,09:17:47,4.85,4.8,38160,4.85,1760,21480,2338760
FINNIFTY02JAN2421250PE.NFO,02/01/2024,09:17:48,4.75,4.75,5240,4.8,31040,12880,2338760
FINNIFTY02JAN2421250PE.NFO,02/01/2024,09:17:49,4.75,4.7,3880,4.75,31680,15400,2338760
FINNIFTY02JAN2421250PE.NFO,02/01/2024,09:17:50,4.65,4.6,22920,4.65,11800,47160,2338760
FINNIFTY02JAN2421250PE.NFO,02/01/2024,09:17:51,4.55,4.5,29240,4.55,8560,27960,2338760
FINNIFTY02JAN2421250PE.NFO,02/01/2024,09:17:52,4.6,4.55,34280,4.6,24640,26960,2338760
FINNIFTY02JAN2421250PE.NFO,02/01/2024,09:17:53,4.6,4.55,18920,4.6,42920,10560,2338760
FINNIFTY02JAN2421250PE.NFO,02/01/2024,09:17:54,4.8,4.75,8280,4.8,40720,27320,2338760
FINNIFTY02JAN2421250PE.NFO,02/01/2024,09:17:55,4.7,4.7,44880,4.8,50000,4800,2338760
FINNIFTY02JAN2421250PE.NFO,02/01/2024,09:17:56,4.7,4.65,31160,4.7,13480,15160,2338760
FINNIFTY02JAN2421250PE.NFO,02/01/2024,09:17:57,4.6,4.6,45200,4.65,12120,18680,2338760
FINNIFTY02JAN2421250PE.NFO,02/01/2024,09:17:58,4.6,4.55,50040,4.6,3840,14440,2338760
FINNIFTY02JAN2421250PE.NFO,02/01/2024,09:17:59,4.55,4.55,43680,4.6,1160,29840,2338760
FINNIFTY02JAN2421250PE.NFO,02/01/2024,09:18:00,4.6,4.6,22320,4.7,50760,21000,2338760
FINNIFTY02JAN2421250PE.NFO,02/01/2024,09:18:01,4.6,4.6,4360,4.65,41400,1400,2338760
FINNIFTY02JAN2421250PE.NFO,02/01/2024,09:18:02,4.5,4.5,46360,4.55,2440,30880,2338760
FINNIFTY02JAN2421250PE.NFO,02/01/2024,09:18:03,4.45,4.45,27560,4.5,9400,41600,2338760
FINNIFTY02JAN2421250PE.NFO,02/01/2024,09:18:04,4.5,4.4,50960,4.5,44040,21440,2338760
FINNIFTY02JAN2421250PE.NFO,02/01/2024,09:18:05,4.45,4.45,40600,4.5,9960,11000,2338760
FINNIFTY02JAN2421250PE.NFO,02/01/2024,09:18:06,4.5,4.45,2160,4.5,35240,32800,2338760
FINNIFTY02JAN2421250PE.NFO,02/01/2024,09:18:07,4.45,4.4,10400,4.45,19520,25240,2338760
FINNIFTY02JAN2421250PE.NFO,02/01/2024,09:18:08,4.4,4.4,720,4.45,34200,2320,2338760
FINNIFTY02JAN2421250PE.NFO,02/01/2024,09:18:09,4.45,4.45,17400,4.5,28640,19880,2338760
FINNIFTY02JAN2421250PE.NFO,02/01/2024,09:18:10,4.45,4.4,35520,4.45,17120,18120,2338760
FINNIFTY02JAN2421250PE.NFO,02/01/2024,09:18:11,4.6,4.5,45440,4.6,46760,19880,2338760
FINNIFTY02JAN2421250PE.NFO,02/01/2024,09:18:12,4.6,4.55,18920,4.6,22760,22480,2338760
FINNIFTY02JAN2421250PE.NFO,02/01/2024,09:18:13,4.45,4.4,42960,4.45,10040,36560,2338760
FINNIFTY02JAN2421250PE.NFO,02/01/2024,09:18:14,4.45,4.4,45200,4.45,5840,640,2338760
FINNIFTY02JAN2421250PE.NFO,02/01/2024,09:18:15,4.45,4.45,26240,4.5,29280,17600,2338760
FINNIFTY02JAN2421250PE.NFO,02/01/2024,09:18:16,4.6,4.6,36720,4.65,15920,52120,2338760
FINNIFTY02JAN2421250PE.NFO,02/01/2024,09:18:17,4.7,4.65,41600,4.7,1800,44240,2338760
FINNIFTY02JAN2421250PE.NFO,02/01/2024,09:18:18,4.85,4.85,29360,4.9,14120,53600,2338760
FINNIFTY02JAN2421250PE.NFO,02/01/2024,09:18:19,5,5,28600,5.05,17120,47520,2338760
FINNIFTY02JAN2421250PE.NFO,02/01/2024,09:18:20,5.25,5.25,26960,5.35,22560,94640,2338760
FINNIFTY02JAN2421250PE.NFO,02/01/2024,09:18:21,5.25,5.25,1960,5.3,19200,23960,2338760
FINNIFTY02JAN2421250PE.NFO,02/01/2024,09:18:22,5.05,5.05,31600,5.1,5720,72280,2338760
FINNIFTY02JAN2421250PE.NFO,02/01/2024,09:18:23,5,5,19520,5.05,21600,37520,2338760
FINNIFTY02JAN2421250PE.NFO,02/01/2024,09:18:24,5.3,5.25,13720,5.3,21240,84120,2338760
FINNIFTY02JAN2421250PE.NFO,02/01/2024,09:18:25,5.45,5.4,21120,5.45,2000,74080,2338760
FINNIFTY02JAN2421250PE.NFO,02/01/2024,09:18:26,5.3,5.25,13000,5.3,21880,44640,2338760
FINNIFTY02JAN2421250PE.NFO,02/01/2024,09:18:27,5.2,5.15,32680,5.2,6960,8400,2338760
FINNIFTY02JAN2421250PE.NFO,02/01/2024,09:18:28,5,4.95,32880,5.05,24760,63760,2338760
FINNIFTY02JAN2421250PE.NFO,02/01/2024,09:18:29,5,4.95,28680,5,2200,39120,2338760
FINNIFTY02JAN2421250PE.NFO,02/01/2024,09:18:30,5,4.95,39240,5.05,36280,21520,2338760
FINNIFTY02JAN2421250PE.NFO,02/01/2024,09:18:31,5,4.95,18320,5,21280,35520,2338760
FINNIFTY02JAN2421250PE.NFO,02/01/2024,09:18:32,5.15,5.1,29520,5.15,120,69520,2338760
FINNIFTY02JAN2421250PE.NFO,02/01/2024,09:18:33,5.15,5.15,5080,5.2,31160,22360,2338760
FINNIFTY02JAN2421250PE.NFO,02/01/2024,09:18:34,5.1,5.1,13720,5.15,19320,27440,2338760
FINNIFTY02JAN2421250PE.NFO,02/01/2024,09:18:35,5.1,5.05,50680,5.1,2000,8280,2338760
FINNIFTY02JAN2421250PE.NFO,02/01/2024,09:18:36,5.15,5.1,18600,5.15,22680,30000,2338760
FINNIFTY02JAN2421250PE.NFO,02/01/2024,09:18:37,4.95,4.9,12240,4.95,17120,61000,2338760
FINNIFTY02JAN2421250PE.NFO,02/01/2024,09:18:38,4.9,4.85,25160,4.9,13840,36920,2338760
FINNIFTY02JAN2421250PE.NFO,02/01/2024,09:18:39,4.9,4.85,27520,4.9,22040,41360,2338760
FINNIFTY02JAN2421250PE.NFO,02/01/2024,09:18:40,4.85,4.85,8920,4.9,31280,24040,2338760
FINNIFTY02JAN2421250PE.NFO,02/01/2024,09:18:41,4.85,4.85,27880,4.9,13880,640,2338760
FINNIFTY02JAN2421250PE.NFO,02/01/2024,09:18:42,4.85,4.8,36120,4.85,320,27680,2338760
FINNIFTY02JAN2421250PE.NFO,02/01/2024,09:18:43,4.9,4.85,29840,4.9,3200,31120,2338760
FINNIFTY02JAN2421250PE.NFO,02/01/2024,09:18:44,4.7,4.65,21160,4.7,30280,32120,2338760
FINNIFTY02JAN2421250PE.NFO,02/01/2024,09:18:45,4.65,4.65,25600,4.7,18000,61240,2338760
FINNIFTY02JAN2421250PE.NFO,02/01/2024,09:18:46,4.7,4.7,19960,4.75,21120,17120,2338760
FINNIFTY02JAN2421250PE.NFO,02/01/2024,09:18:47,4.7,4.7,13160,4.75,34680,51520,2338760
FINNIFTY02JAN2421250PE.NFO,02/01/2024,09:18:48,4.75,4.65,46400,4.7,320,12720,2338760
FINNIFTY02JAN2421250PE.NFO,02/01/2024,09:18:49,4.65,4.6,48240,4.7,32840,30720,2338760
FINNIFTY02JAN2421250PE.NFO,02/01/2024,09:18:50,4.65,4.6,9720,4.65,29600,21240,2338760
FINNIFTY02JAN2421250PE.NFO,02/01/2024,09:18:51,4.6,4.55,50920,4.6,2720,47600,2338760
FINNIFTY02JAN2421250PE.NFO,02/01/2024,09:18:52,4.55,4.5,36800,4.55,10040,27120,2338760
FINNIFTY02JAN2421250PE.NFO,02/01/2024,09:18:53,4.55,4.5,37400,4.55,14280,105880,2338760
FINNIFTY02JAN2421250PE.NFO,02/01/2024,09:18:54,4.5,4.5,41280,4.55,1720,14280,2338760
FINNIFTY02JAN2421250PE.NFO,02/01/2024,09:18:55,4.6,4.55,27560,4.65,33360,105360,2338760
FINNIFTY02JAN2421250PE.NFO,02/01/2024,09:18:56,4.6,4.55,27640,4.6,8720,47320,2338760
FINNIFTY02JAN2421250PE.NFO,02/01/2024,09:18:57,4.6,4.55,8600,4.6,29360,67280,2338760
FINNIFTY02JAN2421250PE.NFO,02/01/2024,09:18:58,4.6,4.55,32960,4.6,8200,64880,2338760
FINNIFTY02JAN2421250PE.NFO,02/01/2024,09:18:59,4.6,4.55,9000,4.6,38240,82440,2338760
FINNIFTY02JAN2421250PE.NFO,02/01/2024,09:19:00,4.5,4.5,36120,4.55,3000,56800,2338760
FINNIFTY02JAN2421250PE.NFO,02/01/2024,09:19:01,4.45,4.4,31040,4.45,1160,56160,2338760
FINNIFTY02JAN2421250PE.NFO,02/01/2024,09:19:02,4.55,4.5,16680,4.55,17160,17120,2338760
FINNIFTY02JAN2421250PE.NFO,02/01/2024,09:19:03,4.7,4.65,29080,4.7,35920,54320,2338760
FINNIFTY02JAN2421250PE.NFO,02/01/2024,09:19:04,4.6,4.55,46600,4.6,1320,28120,2338760
FINNIFTY02JAN2421250PE.NFO,02/01/2024,09:19:05,4.55,4.55,17280,4.6,22000,68480,2338760
FINNIFTY02JAN2421250PE.NFO,02/01/2024,09:19:06,4.5,4.45,34640,4.5,5320,39120,2338760
FINNIFTY02JAN2421250PE.NFO,02/01/2024,09:19:07,4.5,4.45,42480,4.5,2080,39040,2338760
FINNIFTY02JAN2421250PE.NFO,02/01/2024,09:19:08,4.5,4.5,3320,4.55,33800,4000,2338760
FINNIFTY02JAN2421250PE.NFO,02/01/2024,09:19:09,4.55,4.55,29680,4.6,24280,31920,2338760
FINNIFTY02JAN2421250PE.NFO,02/01/2024,09:19:10,4.5,4.45,38160,4.5,11520,57240,2338760
FINNIFTY02JAN2421250PE.NFO,02/01/2024,09:19:11,4.5,4.45,5720,4.5,32520,49080,2338760
FINNIFTY02JAN2421250PE.NFO,02/01/2024,09:19:12,4.35,4.3,28680,4.35,19040,80560,2338760
FINNIFTY02JAN2421250PE.NFO,02/01/2024,09:19:13,4.4,4.35,40720,4.4,1480,178520,2338760
FINNIFTY02JAN2421250PE.NFO,02/01/2024,09:19:14,4.4,4.35,37880,4.4,6040,31320,2338760
FINNIFTY02JAN2421250PE.NFO,02/01/2024,09:19:15,4.35,4.35,33160,4.4,11680,1640,2338760
FINNIFTY02JAN2421250PE.NFO,02/01/2024,09:19:16,4.45,4.4,30400,4.45,4000,109640,2338760
FINNIFTY02JAN2421250PE.NFO,02/01/2024,09:19:17,4.45,4.4,38440,4.45,2280,14840,2338760
FINNIFTY02JAN2421250PE.NFO,02/01/2024,09:19:18,4.4,4.35,38960,4.45,36920,37960,2338760
FINNIFTY02JAN2421250PE.NFO,02/01/2024,09:19:19,4.5,4.45,27480,4.5,6760,31080,2338760
FINNIFTY02JAN2421250PE.NFO,02/01/2024,09:19:20,4.45,4.45,38000,4.5,200,29440,2338760
FINNIFTY02JAN2421250PE.NFO,02/01/2024,09:19:21,4.5,4.45,31200,4.5,920,9080,2338760
FINNIFTY02JAN2421250PE.NFO,02/01/2024,09:19:22,4.6,4.55,17880,4.6,28280,32000,2338760
FINNIFTY02JAN2421250PE.NFO,02/01/2024,09:19:23,4.6,4.6,2440,4.65,43360,37320,2338760
FINNIFTY02JAN2421250PE.NFO,02/01/2024,09:19:24,4.65,4.6,31760,4.65,11400,26800,2338760
FINNIFTY02JAN2421250PE.NFO,02/01/2024,09:19:25,4.55,4.6,10160,4.65,44520,46520,2338760
FINNIFTY02JAN2421250PE.NFO,02/01/2024,09:19:26,4.55,4.55,680,4.6,41160,37880,2338760
FINNIFTY02JAN2421250PE.NFO,02/01/2024,09:19:27,4.65,4.6,38360,4.65,11680,44040,2338760
FINNIFTY02JAN2421250PE.NFO,02/01/2024,09:19:28,4.55,4.55,36920,4.6,7520,2160,2338760
FINNIFTY02JAN2421250PE.NFO,02/01/2024,09:19:29,4.6,4.55,36080,4.6,21880,22080,2338760
FINNIFTY02JAN2421250PE.NFO,02/01/2024,09:19:30,4.45,4.45,19200,4.5,20880,53440,2338760
FINNIFTY02JAN2421250PE.NFO,02/01/2024,09:19:31,4.5,4.45,40600,4.5,1800,22800,2338760
FINNIFTY02JAN2421250PE.NFO,02/01/2024,09:19:32,4.5,4.45,40120,4.5,5120,51200,2338760
FINNIFTY02JAN2421250PE.NFO,02/01/2024,09:19:33,4.6,4.55,24960,4.6,13760,33680,2338760
FINNIFTY02JAN2421250PE.NFO,02/01/2024,09:19:34,4.5,4.45,38040,4.5,4360,17280,2338760
FINNIFTY02JAN2421250PE.NFO,02/01/2024,09:19:35,4.45,4.4,36200,4.5,35960,25320,2338760
FINNIFTY02JAN2421250PE.NFO,02/01/2024,09:19:36,4.4,4.4,2040,4.45,37720,18960,2338760
FINNIFTY02JAN2421250PE.NFO,02/01/2024,09:19:37,4.45,4.4,47280,4.45,1120,25800,2338760
FINNIFTY02JAN2421250PE.NFO,02/01/2024,09:19:38,4.45,4.45,4080,4.5,42680,22480,2338760
FINNIFTY02JAN2421250PE.NFO,02/01/2024,09:19:39,4.55,4.5,48840,4.55,840,23000,2338760
FINNIFTY02JAN2421250PE.NFO,02/01/2024,09:19:40,4.55,4.5,26400,4.55,22040,13000,2338760
FINNIFTY02JAN2421250PE.NFO,02/01/2024,09:19:41,4.55,4.45,52200,4.55,40320,21840,2338760
FINNIFTY02JAN2421250PE.NFO,02/01/2024,09:19:42,4.5,4.5,1720,4.55,34200,29960,2338760
FINNIFTY02JAN2421250PE.NFO,02/01/2024,09:19:43,4.55,4.5,52440,4.55,2040,38840,2338760
FINNIFTY02JAN2421250PE.NFO,02/01/2024,09:19:44,4.45,4.45,55680,4.55,41640,13880,2338760
FINNIFTY02JAN2421250PE.NFO,02/01/2024,09:19:45,4.55,4.5,4960,4.55,47280,9680,2338760
FINNIFTY02JAN2421250PE.NFO,02/01/2024,09:19:46,4.45,4.4,40640,4.45,13960,13240,2338760
FINNIFTY02JAN2421250PE.NFO,02/01/2024,09:19:47,4.35,4.35,36600,4.4,25600,23920,2338760
FINNIFTY02JAN2421250PE.NFO,02/01/2024,09:19:48,4.4,4.35,18120,4.4,25520,17240,2338760
FINNIFTY02JAN2421250PE.NFO,02/01/2024,09:19:49,4.35,4.3,21960,4.35,21280,10960,2338760
FINNIFTY02JAN2421250PE.NFO,02/01/2024,09:19:50,4.3,4.3,400,4.35,39600,20040,2338760
FINNIFTY02JAN2421250PE.NFO,02/01/2024,09:19:51,4.35,4.3,16160,4.35,24240,15480,2338760
FINNIFTY02JAN2421250PE.NFO,02/01/2024,09:19:52,4.4,4.35,17160,4.4,25600,15080,2338760
FINNIFTY02JAN2421250PE.NFO,02/01/2024,09:19:53,4.45,4.45,36080,4.5,29040,24040,2338760
FINNIFTY02JAN2421250PE.NFO,02/01/2024,09:19:54,4.45,4.45,31600,4.5,31360,37560,2338760
FINNIFTY02JAN2421250PE.NFO,02/01/2024,09:19:55,4.4,4.4,18640,4.45,22080,10440,2338760
FINNIFTY02JAN2421250PE.NFO,02/01/2024,09:19:56,4.45,4.45,80,4.5,50280,19680,2338760
FINNIFTY02JAN2421250PE.NFO,02/01/2024,09:19:57,4.5,4.45,38120,4.5,14320,21840,2338760
FINNIFTY02JAN2421250PE.NFO,02/01/2024,09:19:58,4.5,4.5,26280,4.55,32400,13720,2338760
FINNIFTY02JAN2421250PE.NFO,02/01/2024,09:19:59,4.5,4.5,25440,4.55,20920,25440,2338760
FINNIFTY02JAN2421250PE.NFO,02/01/2024,09:20:00,4.45,4.4,40000,4.45,8320,32960,2338760
FINNIFTY02JAN2421250PE.NFO,02/01/2024,09:20:01,4.5,4.45,39160,4.5,7080,33480,2338760
FINNIFTY02JAN2421250PE.NFO,02/01/2024,09:20:02,4.5,4.45,34040,4.5,3680,29680,2338760
FINNIFTY02JAN2421250PE.NFO,02/01/2024,09:20:03,4.4,4.4,1800,4.45,47840,24960,2338760
FINNIFTY02JAN2421250PE.NFO,02/01/2024,09:20:04,4.3,4.25,49560,4.35,32720,50200,2338760
FINNIFTY02JAN2421250PE.NFO,02/01/2024,09:20:05,4.3,4.25,38560,4.3,17360,26280,2338760
FINNIFTY02JAN2421250PE.NFO,02/01/2024,09:20:06,4.25,4.25,5400,4.3,48960,29640,2338760
FINNIFTY02JAN2421250PE.NFO,02/01/2024,09:20:07,4.25,4.25,26160,4.3,18000,8920,2338760
FINNIFTY02JAN2421250PE.NFO,02/01/2024,09:20:08,4.25,4.25,18840,4.3,39520,12600,2338760
FINNIFTY02JAN2421250PE.NFO,02/01/2024,09:20:09,4.3,4.25,1840,4.3,46360,43480,2338760
FINNIFTY02JAN2421250PE.NFO,02/01/2024,09:20:10,4.15,4.15,38120,4.2,5440,20640,2338760
FINNIFTY02JAN2421250PE.NFO,02/01/2024,09:20:11,4.15,4.15,1320,4.2,39800,26320,2338760
FINNIFTY02JAN2421250PE.NFO,02/01/2024,09:20:12,4.15,4.15,17360,4.2,29040,44240,2338760
FINNIFTY02JAN2421250PE.NFO,02/01/2024,09:20:13,4.15,4.1,41520,4.15,7640,20400,2338760
FINNIFTY02JAN2421250PE.NFO,02/01/2024,09:20:14,4.2,4.2,14280,4.25,41680,19120,2338760
FINNIFTY02JAN2421250PE.NFO,02/01/2024,09:20:15,4.2,4.15,30240,4.2,23960,17000,2338760
FINNIFTY02JAN2421250PE.NFO,02/01/2024,09:20:16,4.25,4.25,3840,4.3,47720,27040,2338760
FINNIFTY02JAN2421250PE.NFO,02/01/2024,09:20:17,4.35,4.35,26240,4.4,25360,31480,2338760
FINNIFTY02JAN2421250PE.NFO,02/01/2024,09:20:18,4.35,4.3,41440,4.35,1880,47400,2338760
FINNIFTY02JAN2421250PE.NFO,02/01/2024,09:20:19,4.4,4.3,41680,4.35,5320,10760,2338760
FINNIFTY02JAN2421250PE.NFO,02/01/2024,09:20:20,4.25,4.25,16920,4.3,25600,22000,2338760
FINNIFTY02JAN2421250PE.NFO,02/01/2024,09:20:21,4.3,4.25,28840,4.3,8160,7600,2338760
FINNIFTY02JAN2421250PE.NFO,02/01/2024,09:20:22,4.3,4.25,20320,4.3,20520,17440,2338760
FINNIFTY02JAN2421250PE.NFO,02/01/2024,09:20:23,4.3,4.3,13560,4.35,38840,21280,2338760
FINNIFTY02JAN2421250PE.NFO,02/01/2024,09:20:24,4.35,4.3,36040,4.4,45680,14720,2338760
FINNIFTY02JAN2421250PE.NFO,02/01/2024,09:20:25,4.35,4.35,26600,4.4,19600,15240,2338760
FINNIFTY02JAN2421250PE.NFO,02/01/2024,09:20:26,4.4,4.35,23520,4.4,22120,11160,2338760
FINNIFTY02JAN2421250PE.NFO,02/01/2024,09:20:27,4.35,4.35,36760,4.4,5120,17240,2614320
FINNIFTY02JAN2421250PE.NFO,02/01/2024,09:20:28,4.45,4.35,40480,4.45,39760,6720,2614320
FINNIFTY02JAN2421250PE.NFO,02/01/2024,09:20:29,4.35,4.3,37600,4.35,2560,22680,2614320
FINNIFTY02JAN2421250PE.NFO,02/01/2024,09:20:30,4.35,4.3,37640,4.35,11680,25080,2614320
FINNIFTY02JAN2421250PE.NFO,02/01/2024,09:20:31,4.4,4.35,41240,4.45,42720,24160,2614320
FINNIFTY02JAN2421250PE.NFO,02/01/2024,09:20:33,4.45,4.45,12360,4.5,37280,26440,2614320
FINNIFTY02JAN2421250PE.NFO,02/01/2024,09:20:33,4.45,4.45,28520,4.55,47800,17320,2614320
FINNIFTY02JAN2421250PE.NFO,02/01/2024,09:20:34,4.45,4.45,30560,4.5,8840,12240,2614320
FINNIFTY02JAN2421250PE.NFO,02/01/2024,09:20:35,4.55,4.5,1800,4.55,42920,11880,2614320
FINNIFTY02JAN2421250PE.NFO,02/01/2024,09:20:36,4.4,4.4,33680,4.45,2080,21200,2614320
FINNIFTY02JAN2421250PE.NFO,02/01/2024,09:20:37,4.55,4.5,19160,4.55,32640,18800,2614320
FINNIFTY02JAN2421250PE.NFO,02/01/2024,09:20:38,4.45,4.45,33640,4.5,6520,36520,2614320
FINNIFTY02JAN2421250PE.NFO,02/01/2024,09:20:40,4.5,4.4,38200,4.5,40760,29520,2614320
FINNIFTY02JAN2421250PE.NFO,02/01/2024,09:20:40,4.45,4.45,33600,4.5,21160,1120,2614320
FINNIFTY02JAN2421250PE.NFO,02/01/2024,09:20:41,4.45,4.35,34200,4.45,46040,21760,2614320
FINNIFTY02JAN2421250PE.NFO,02/01/2024,09:20:42,4.35,4.35,29800,4.4,17520,11640,2614320
FINNIFTY02JAN2421250PE.NFO,02/01/2024,09:20:43,4.3,4.25,35640,4.3,3760,24640,2614320
FINNIFTY02JAN2421250PE.NFO,02/01/2024,09:20:44,4.2,4.2,1800,4.25,48800,39560,2614320
FINNIFTY02JAN2421250PE.NFO,02/01/2024,09:20:46,4.2,4.15,41920,4.2,8400,13400,2614320
FINNIFTY02JAN2421250PE.NFO,02/01/2024,09:20:46,4.15,4.15,21520,4.2,24480,9960,2614320
FINNIFTY02JAN2421250PE.NFO,02/01/2024,09:20:47,4.2,4.15,32200,4.2,5320,8960,2614320
FINNIFTY02JAN2421250PE.NFO,02/01/2024,09:20:48,4.15,4.15,17360,4.2,35000,10040,2614320
FINNIFTY02JAN2421250PE.NFO,02/01/2024,09:20:49,4.25,4.2,9120,4.25,41400,8600,2614320
FINNIFTY02JAN2421250PE.NFO,02/01/2024,09:20:50,4.15,4.15,40840,4.2,9240,26000,2614320
FINNIFTY02JAN2421250PE.NFO,02/01/2024,09:20:51,4.2,4.15,35040,4.25,34600,16840,2614320
FINNIFTY02JAN2421250PE.NFO,02/01/2024,09:20:52,4.15,4.15,7200,4.2,39600,18880,2614320
FINNIFTY02JAN2421250PE.NFO,02/01/2024,09:20:53,4.15,4.1,36040,4.15,12160,13000,2614320
FINNIFTY02JAN2421250PE.NFO,02/01/2024,09:20:54,4.2,4.15,25760,4.2,28520,12960,2614320
FINNIFTY02JAN2421250PE.NFO,02/01/2024,09:20:55,4.2,4.15,37520,4.2,120,10960,2614320
FINNIFTY02JAN2421250PE.NFO,02/01/2024,09:20:56,4.2,4.15,7880,4.2,46960,17600,2614320
FINNIFTY02JAN2421250PE.NFO,02/01/2024,09:20:58,4.25,4.25,20960,4.3,34280,34800,2614320
FINNIFTY02JAN2421250PE.NFO,02/01/2024,09:20:58,4.25,4.25,19360,4.3,34120,80,2614320
FINNIFTY02JAN2421250PE.NFO,02/01/2024,09:20:59,4.2,4.2,6480,4.25,38720,19080,2614320
FINNIFTY02JAN2421250PE.NFO,02/01/2024,09:21:00,4.25,4.2,22720,4.25,26400,10600,2614320
FINNIFTY02JAN2421250PE.NFO,02/01/2024,09:21:01,4.1,4.1,39040,4.15,20440,25520,2614320
FINNIFTY02JAN2421250PE.NFO,02/01/2024,09:21:02,4.2,4.15,23680,4.2,37880,6720,2614320
FINNIFTY02JAN2421250PE.NFO,02/01/2024,09:21:03,4.1,4.1,43480,4.15,17240,38880,2614320
FINNIFTY02JAN2421250PE.NFO,02/01/2024,09:21:04,4.1,4.1,1800,4.15,33240,35680,2614320
FINNIFTY02JAN2421250PE.NFO,02/01/2024,09:21:05,4.1,4.05,16880,4.1,37080,59520,2614320
FINNIFTY02JAN2421250PE.NFO,02/01/2024,09:21:06,4.1,4.05,28280,4.1,4760,53840,2614320
FINNIFTY02JAN2421250PE.NFO,02/01/2024,09:21:07,4.15,4.1,44560,4.2,28240,219040,2614320
FINNIFTY02JAN2421250PE.NFO,02/01/2024,09:21:08,4.2,4.15,36160,4.2,1080,66480,2614320
FINNIFTY02JAN2421250PE.NFO,02/01/2024,09:21:09,4.15,4.15,6040,4.2,29200,34920,2614320
FINNIFTY02JAN2421250PE.NFO,02/01/2024,09:21:10,4.2,4.1,44480,4.15,7920,19040,2614320
FINNIFTY02JAN2421250PE.NFO,02/01/2024,09:21:11,4.1,4.1,1160,4.15,46280,43400,2614320
FINNIFTY02JAN2421250PE.NFO,02/01/2024,09:21:12,4.1,4.05,13080,4.1,35920,57560,2614320
FINNIFTY02JAN2421250PE.NFO,02/01/2024,09:21:13,4.05,4.05,1520,4.1,39080,33160,2614320
FINNIFTY02JAN2421250PE.NFO,02/01/2024,09:21:14,4.05,4.05,3280,4.1,45880,19480,2614320
FINNIFTY02JAN2421250PE.NFO,02/01/2024,09:21:15,4.1,4.1,6440,4.15,38360,35040,2614320
FINNIFTY02JAN2421250PE.NFO,02/01/2024,09:21:16,4.15,4.15,23280,4.2,27120,33320,2614320
FINNIFTY02JAN2421250PE.NFO,02/01/2024,09:21:17,4.15,4.15,35480,4.2,13360,25800,2614320
FINNIFTY02JAN2421250PE.NFO,02/01/2024,09:21:18,4.15,4.15,29480,4.2,26000,24240,2614320
FINNIFTY02JAN2421250PE.NFO,02/01/2024,09:21:19,4.15,4.15,24800,4.2,21760,21600,2614320
FINNIFTY02JAN2421250PE.NFO,02/01/2024,09:21:20,4.25,4.2,11280,4.25,38080,9800,2614320
FINNIFTY02JAN2421250PE.NFO,02/01/2024,09:21:21,4.2,4.15,13920,4.2,31440,12360,2614320
FINNIFTY02JAN2421250PE.NFO,02/01/2024,09:21:22,4.1,4.1,15640,4.15,27920,38280,2614320
FINNIFTY02JAN2421250PE.NFO,02/01/2024,09:21:23,4.1,4.05,57680,4.15,46080,32800,2614320
FINNIFTY02JAN2421250PE.NFO,02/01/2024,09:21:24,4.1,4.05,11120,4.1,50760,8280,2614320
FINNIFTY02JAN2421250PE.NFO,02/01/2024,09:21:25,4.05,4,87720,4.05,16640,15640,2614320
FINNIFTY02JAN2421250PE.NFO,02/01/2024,09:21:26,4.05,4,18160,4.05,44920,90160,2614320
FINNIFTY02JAN2421250PE.NFO,02/01/2024,09:21:27,4,3.95,16440,4,28520,61640,2614320
FINNIFTY02JAN2421250PE.NFO,02/01/2024,09:21:28,4.1,4.05,29000,4.15,39880,86560,2614320
FINNIFTY02JAN2421250PE.NFO,02/01/2024,09:21:29,4.05,4,37200,4.1,41040,41040,2614320
FINNIFTY02JAN2421250PE.NFO,02/01/2024,09:21:30,4.15,4.1,26840,4.15,12640,44680,2614320
FINNIFTY02JAN2421250PE.NFO,02/01/2024,09:21:31,4.15,4.15,2000,4.2,44120,78560,2614320
FINNIFTY02JAN2421250PE.NFO,02/01/2024,09:21:32,4.1,4.1,11000,4.15,42800,29400,2614320
FINNIFTY02JAN2421250PE.NFO,02/01/2024,09:21:33,4.1,4.05,12400,4.1,18280,59200,2614320
FINNIFTY02JAN2421250PE.NFO,02/01/2024,09:21:34,4.1,4.1,42480,4.15,8600,40440,2614320
FINNIFTY02JAN2421250PE.NFO,02/01/2024,09:21:35,4.25,4.2,41200,4.3,48320,29200,2614320
FINNIFTY02JAN2421250PE.NFO,02/01/2024,09:21:36,4.35,4.35,7040,4.4,43880,33640,2614320
FINNIFTY02JAN2421250PE.NFO,02/01/2024,09:21:37,4.15,4.1,49440,4.15,4200,38800,2614320
FINNIFTY02JAN2421250PE.NFO,02/01/2024,09:21:38,4.15,4.15,31840,4.2,11880,21320,2614320
FINNIFTY02JAN2421250PE.NFO,02/01/2024,09:21:39,4.2,4.2,18000,4.25,26240,20000,2614320
FINNIFTY02JAN2421250PE.NFO,02/01/2024,09:21:40,4.2,4.15,34520,4.2,9800,7440,2614320
FINNIFTY02JAN2421250PE.NFO,02/01/2024,09:21:41,4.25,4.2,23720,4.25,24440,11960,2614320
FINNIFTY02JAN2421250PE.NFO,02/01/2024,09:21:42,4.2,4.2,40080,4.25,4640,28840,2614320
FINNIFTY02JAN2421250PE.NFO,02/01/2024,09:21:43,4.25,4.2,35400,4.25,22240,26280,2614320
FINNIFTY02JAN2421250PE.NFO,02/01/2024,09:21:44,4.3,4.25,43240,4.3,2560,17240,2614320
FINNIFTY02JAN2421250PE.NFO,02/01/2024,09:21:45,4.25,4.25,39280,4.3,16880,12120,2614320
FINNIFTY02JAN2421250PE.NFO,02/01/2024,09:21:46,4.3,4.25,28560,4.3,34000,7720,2614320
FINNIFTY02JAN2421250PE.NFO,02/01/2024,09:21:47,4.25,4.2,47800,4.25,3520,27880,2614320
FINNIFTY02JAN2421250PE.NFO,02/01/2024,09:21:48,4.25,4.2,45000,4.25,14960,20040,2614320
FINNIFTY02JAN2421250PE.NFO,02/01/2024,09:21:49,4.15,4.15,40200,4.2,21440,6000,2614320
FINNIFTY02JAN2421250PE.NFO,02/01/2024,09:21:50,4.15,4.15,39720,4.2,27320,18920,2614320
FINNIFTY02JAN2421250PE.NFO,02/01/2024,09:21:51,4.2,4.15,18960,4.2,52200,20360,2614320
FINNIFTY02JAN2421250PE.NFO,02/01/2024,09:21:53,4.1,4.1,49240,4.15,6600,24920,2614320
FINNIFTY02JAN2421250PE.NFO,02/01/2024,09:21:54,4.15,4.1,42800,4.15,3920,28160,2614320
FINNIFTY02JAN2421250PE.NFO,02/01/2024,09:21:55,4.1,4.1,3360,4.15,35600,12600,2614320
FINNIFTY02JAN2421250PE.NFO,02/01/2024,09:21:56,4.1,4.05,46480,4.1,2200,7920,2614320
FINNIFTY02JAN2421250PE.NFO,02/01/2024,09:21:57,4.1,4.05,46240,4.1,11320,17880,2614320
FINNIFTY02JAN2421250PE.NFO,02/01/2024,09:21:57,4.1,4.05,48440,4.1,4840,640,2614320
FINNIFTY02JAN2421250PE.NFO,02/01/2024,09:21:58,4.1,4.05,44840,4.1,8840,9200,2614320
FINNIFTY02JAN2421250PE.NFO,02/01/2024,09:21:59,4.05,4.05,14320,4.1,31440,13520,2614320
FINNIFTY02JAN2421250PE.NFO,02/01/2024,09:22:00,4.1,4.05,47760,4.1,6280,29400,2614320
FINNIFTY02JAN2421250PE.NFO,02/01/2024,09:22:01,4.05,4.05,47120,4.1,8800,19200,2614320
FINNIFTY02JAN2421250PE.NFO,02/01/2024,09:22:02,4.05,4.05,46040,4.1,8600,25600,2614320
FINNIFTY02JAN2421250PE.NFO,02/01/2024,09:22:03,4,3.95,30880,4,26160,19400,2614320
FINNIFTY02JAN2421250PE.NFO,02/01/2024,09:22:04,4.05,4,45640,4.05,8960,25960,2614320
FINNIFTY02JAN2421250PE.NFO,02/01/2024,09:22:05,3.95,4,31080,4.05,31440,15120,2614320
FINNIFTY02JAN2421250PE.NFO,02/01/2024,09:22:06,4.05,4.05,80,4.1,46320,9960,2614320
FINNIFTY02JAN2421250PE.NFO,02/01/2024,09:22:07,4.05,4.05,25560,4.1,30000,11160,2614320
FINNIFTY02JAN2421250PE.NFO,02/01/2024,09:22:08,4.05,4.05,53280,4.1,2240,20400,2614320
FINNIFTY02JAN2421250PE.NFO,02/01/2024,09:22:09,4.05,4.05,36800,4.1,16080,9840,2614320
FINNIFTY02JAN2421250PE.NFO,02/01/2024,09:22:11,4.05,4.05,11560,4.1,39560,9280,2614320
FINNIFTY02JAN2421250PE.NFO,02/01/2024,09:22:12,4.05,4.05,30920,4.1,28960,21920,2614320
FINNIFTY02JAN2421250PE.NFO,02/01/2024,09:22:12,4.1,4.1,1440,4.15,45400,5320,2614320
FINNIFTY02JAN2421250PE.NFO,02/01/2024,09:22:13,4.05,4,31960,4.05,25840,41080,2614320
FINNIFTY02JAN2421250PE.NFO,02/01/2024,09:22:14,4.05,4.05,4080,4.1,47600,9200,2614320
FINNIFTY02JAN2421250PE.NFO,02/01/2024,09:22:16,4,4,59040,4.1,35400,39480,2614320
FINNIFTY02JAN2421250PE.NFO,02/01/2024,09:22:17,4.1,4.1,5720,4.15,38760,61160,2614320
FINNIFTY02JAN2421250PE.NFO,02/01/2024,09:22:18,4.1,4.1,41080,4.15,15800,30360,2614320
FINNIFTY02JAN2421250PE.NFO,02/01/2024,09:22:19,4.15,4.1,23200,4.15,38600,13480,2614320
FINNIFTY02JAN2421250PE.NFO,02/01/2024,09:22:20,4.1,4.05,56320,4.15,44560,18040,2614320
FINNIFTY02JAN2421250PE.NFO,02/01/2024,09:22:21,4.15,4.1,56560,4.15,5040,9560,2614320
FINNIFTY02JAN2421250PE.NFO,02/01/2024,09:22:21,4.15,4.1,48160,4.15,3120,7280,2614320
FINNIFTY02JAN2421250PE.NFO,02/01/2024,09:22:22,4.1,4.05,42400,4.1,1880,54280,2614320
FINNIFTY02JAN2421250PE.NFO,02/01/2024,09:22:23,4.15,4.1,43640,4.15,14880,47480,2614320
FINNIFTY02JAN2421250PE.NFO,02/01/2024,09:22:25,4.05,4.05,50480,4.1,1840,37640,2614320
FINNIFTY02JAN2421250PE.NFO,02/01/2024,09:22:26,4.1,4.1,12200,4.15,36240,47560,2614320
FINNIFTY02JAN2421250PE.NFO,02/01/2024,09:22:26,4.1,4.05,43880,4.15,36040,7240,2614320
FINNIFTY02JAN2421250PE.NFO,02/01/2024,09:22:27,4.1,4.1,15000,4.15,35720,41520,2614320
FINNIFTY02JAN2421250PE.NFO,02/01/2024,09:22:28,4.25,4.2,12240,4.25,42360,75160,2614320
FINNIFTY02JAN2421250PE.NFO,02/01/2024,09:22:29,4.2,4.15,4240,4.2,47600,44040,2614320
FINNIFTY02JAN2421250PE.NFO,02/01/2024,09:22:30,4.1,4.1,1160,4.15,49040,51040,2614320
FINNIFTY02JAN2421250PE.NFO,02/01/2024,09:22:31,4.15,4.1,18840,4.15,33120,33640,2614320
FINNIFTY02JAN2421250PE.NFO,02/01/2024,09:22:32,4.15,4.1,21480,4.15,30200,41200,2614320
FINNIFTY02JAN2421250PE.NFO,02/01/2024,09:22:34,4.25,4.2,15000,4.25,52280,71080,2614320
FINNIFTY02JAN2421250PE.NFO,02/01/2024,09:22:35,4.2,4.2,39240,4.25,23680,19560,2614320
FINNIFTY02JAN2421250PE.NFO,02/01/2024,09:22:36,4.3,4.25,47840,4.3,15240,73680,2614320
FINNIFTY02JAN2421250PE.NFO,02/01/2024,09:22:37,4.2,4.2,40360,4.25,24480,29240,2614320
FINNIFTY02JAN2421250PE.NFO,02/01/2024,09:22:38,4.25,4.2,17120,4.25,43080,63840,2614320
FINNIFTY02JAN2421250PE.NFO,02/01/2024,09:22:39,4.25,4.15,59760,4.25,47040,25000,2614320
FINNIFTY02JAN2421250PE.NFO,02/01/2024,09:22:40,4.15,4.1,50680,4.15,7440,29480,2614320
FINNIFTY02JAN2421250PE.NFO,02/01/2024,09:22:41,4.2,4.2,1280,4.25,44720,14400,2614320
FINNIFTY02JAN2421250PE.NFO,02/01/2024,09:22:42,4.2,4.2,5200,4.25,45680,19240,2614320
FINNIFTY02JAN2421250PE.NFO,02/01/2024,09:22:43,4.2,4.2,800,4.25,40520,31640,2614320
FINNIFTY02JAN2421250PE.NFO,02/01/2024,09:22:44,4.15,4.15,37800,4.2,13040,39160,2614320
FINNIFTY02JAN2421250PE.NFO,02/01/2024,09:22:45,4.15,4.15,11240,4.2,41320,26640,2614320
FINNIFTY02JAN2421250PE.NFO,02/01/2024,09:22:46,4.2,4.15,13840,4.2,39480,3320,2614320
FINNIFTY02JAN2421250PE.NFO,02/01/2024,09:22:47,4.15,4.1,20760,4.15,30400,36400,2614320
FINNIFTY02JAN2421250PE.NFO,02/01/2024,09:22:48,4.15,4.1,55320,4.2,57600,34200,2614320
FINNIFTY02JAN2421250PE.NFO,02/01/2024,09:22:49,4.25,4.25,4840,4.3,55320,40040,2614320
FINNIFTY02JAN2421250PE.NFO,02/01/2024,09:22:50,4.25,4.2,54800,4.25,8800,15080,2614320
FINNIFTY02JAN2421250PE.NFO,02/01/2024,09:22:51,4.15,4.15,51160,4.2,24520,31480,2614320
FINNIFTY02JAN2421250PE.NFO,02/01/2024,09:22:52,4.1,4.1,61320,4.2,46720,33040,2614320
FINNIFTY02JAN2421250PE.NFO,02/01/2024,09:22:53,4.1,4.1,55640,4.15,10920,29640,2614320
FINNIFTY02JAN2421250PE.NFO,02/01/2024,09:22:54,4.1,4.1,45160,4.15,11320,12480,2614320
FINNIFTY02JAN2421250PE.NFO,02/01/2024,09:22:55,4.2,4.15,55840,4.25,47600,42920,2614320
FINNIFTY02JAN2421250PE.NFO,02/01/2024,09:22:56,4.2,4.2,23960,4.25,36640,14120,2614320
FINNIFTY02JAN2421250PE.NFO,02/01/2024,09:22:57,4.15,4.15,51440,4.2,800,17320,2614320
FINNIFTY02JAN2421250PE.NFO,02/01/2024,09:22:58,4.2,4.15,51120,4.2,1400,3440,2614320
FINNIFTY02JAN2421250PE.NFO,02/01/2024,09:22:59,4.2,4.15,60960,4.2,11600,14760,2614320
FINNIFTY02JAN2421250PE.NFO,02/01/2024,09:23:00,4.15,4.15,56760,4.2,13120,13960,2614320
FINNIFTY02JAN2421250PE.NFO,02/01/2024,09:23:01,4.2,4.15,34280,4.2,30440,3280,2614320
FINNIFTY02JAN2421250PE.NFO,02/01/2024,09:23:02,4.2,4.2,60440,4.25,13640,9120,2614320
FINNIFTY02JAN2421250PE.NFO,02/01/2024,09:23:03,4.25,4.25,1320,4.3,61760,23560,2614320
FINNIFTY02JAN2421250PE.NFO,02/01/2024,09:23:04,4.2,4.2,53360,4.25,13360,11400,2614320
FINNIFTY02JAN2421250PE.NFO,02/01/2024,09:23:05,4.2,4.15,13400,4.2,44600,24840,2614320
FINNIFTY02JAN2421250PE.NFO,02/01/2024,09:23:06,4.15,4.15,40,4.2,47880,28760,2614320
FINNIFTY02JAN2421250PE.NFO,02/01/2024,09:23:07,4.15,4.1,23960,4.15,35280,16320,2614320
FINNIFTY02JAN2421250PE.NFO,02/01/2024,09:23:08,4.1,4.1,6600,4.15,50040,67640,2614320
FINNIFTY02JAN2421250PE.NFO,02/01/2024,09:23:09,4.15,4.1,16280,4.15,32600,10800,2614320
FINNIFTY02JAN2421250PE.NFO,02/01/2024,09:23:10,4.15,4.1,21720,4.15,46080,4400,2614320
FINNIFTY02JAN2421250PE.NFO,02/01/2024,09:23:10,4.15,4.1,17960,4.15,44760,2120,2614320
FINNIFTY02JAN2421250PE.NFO,02/01/2024,09:23:11,4.25,4.15,44600,4.25,61440,30040,2614320
FINNIFTY02JAN2421250PE.NFO,02/01/2024,09:23:12,4.25,4.2,47520,4.3,64920,21720,2614320
FINNIFTY02JAN2421250PE.NFO,02/01/2024,09:23:13,4.2,4.15,50160,4.2,14320,25680,2614320
FINNIFTY02JAN2421250PE.NFO,02/01/2024,09:23:14,4.2,4.15,52320,4.2,1880,34240,2614320
FINNIFTY02JAN2421250PE.NFO,02/01/2024,09:23:15,4.15,4.15,22400,4.2,30760,7560,2614320
FINNIFTY02JAN2421250PE.NFO,02/01/2024,09:23:16,4.15,4.1,47400,4.15,8080,48040,2614320
FINNIFTY02JAN2421250PE.NFO,02/01/2024,09:23:17,4.1,4.05,45120,4.1,20480,26760,2614320
FINNIFTY02JAN2421250PE.NFO,02/01/2024,09:23:18,4.15,4.1,42400,4.15,6840,21400,2614320
FINNIFTY02JAN2421250PE.NFO,02/01/2024,09:23:19,4.15,4.15,2480,4.2,60720,26040,2614320
FINNIFTY02JAN2421250PE.NFO,02/01/2024,09:23:20,4.1,4.1,47600,4.15,3720,27320,2614320
FINNIFTY02JAN2421250PE.NFO,02/01/2024,09:23:21,4.2,4.15,9480,4.2,41760,22400,2614320
FINNIFTY02JAN2421250PE.NFO,02/01/2024,09:23:22,4.2,4.1,42640,4.15,8680,11480,2614320
FINNIFTY02JAN2421250PE.NFO,02/01/2024,09:23:23,4.1,4.1,32520,4.15,27040,12000,2614320
FINNIFTY02JAN2421250PE.NFO,02/01/2024,09:23:24,4.1,4.1,40040,4.15,16360,4400,2614320
FINNIFTY02JAN2421250PE.NFO,02/01/2024,09:23:25,4.1,4.1,39720,4.15,17240,6840,2614320
FINNIFTY02JAN2421250PE.NFO,02/01/2024,09:23:26,4.2,4.15,27400,4.2,22880,17800,2614320
FINNIFTY02JAN2421250PE.NFO,02/01/2024,09:23:27,4.1,4.1,45880,4.15,9960,26840,3036160
FINNIFTY02JAN2421250PE.NFO,02/01/2024,09:23:28,4.2,4.15,31520,4.2,49520,15920,3036160
FINNIFTY02JAN2421250PE.NFO,02/01/2024,09:23:29,4.25,4.25,15600,4.3,49400,37360,3036160
FINNIFTY02JAN2421250PE.NFO,02/01/2024,09:23:30,4.2,4.2,48520,4.25,3400,35360,3036160
FINNIFTY02JAN2421250PE.NFO,02/01/2024,09:23:31,4.15,4.15,46920,4.2,13640,16760,3036160
FINNIFTY02JAN2421250PE.NFO,02/01/2024,09:23:32,4.15,4.15,46600,4.2,16240,17760,3036160
FINNIFTY02JAN2421250PE.NFO,02/01/2024,09:23:33,4.2,4.15,42840,4.2,23600,8880,3036160
FINNIFTY02JAN2421250PE.NFO,02/01/2024,09:23:34,4.25,4.2,37680,4.25,25640,8600,3036160
FINNIFTY02JAN2421250PE.NFO,02/01/2024,09:23:35,4.25,4.2,41240,4.25,22400,12480,3036160
FINNIFTY02JAN2421250PE.NFO,02/01/2024,09:23:37,4.2,4.15,40480,4.2,12440,20480,3036160
FINNIFTY02JAN2421250PE.NFO,02/01/2024,09:23:38,4.2,4.15,28280,4.2,43800,5560,3036160
FINNIFTY02JAN2421250PE.NFO,02/01/2024,09:23:38,4.2,4.15,44440,4.2,11080,880,3036160
FINNIFTY02JAN2421250PE.NFO,02/01/2024,09:23:39,4.2,4.2,1920,4.25,34480,41400,3036160
FINNIFTY02JAN2421250PE.NFO,02/01/2024,09:23:40,4.2,4.15,47160,4.2,17840,6000,3036160
FINNIFTY02JAN2421250PE.NFO,02/01/2024,09:23:41,4.25,4.2,39360,4.25,21320,9960,3036160
FINNIFTY02JAN2421250PE.NFO,02/01/2024,09:23:42,4.25,4.25,30400,4.3,40080,17720,3036160
FINNIFTY02JAN2421250PE.NFO,02/01/2024,09:23:43,4.25,4.25,8040,4.3,54200,6040,3036160
FINNIFTY02JAN2421250PE.NFO,02/01/2024,09:23:44,4.25,4.25,13720,4.3,39080,9840,3036160
FINNIFTY02JAN2421250PE.NFO,02/01/2024,09:23:45,4.25,4.2,62040,4.25,760,17680,3036160
FINNIFTY02JAN2421250PE.NFO,02/01/2024,09:23:46,4.2,4.2,52560,4.25,10000,18040,3036160
FINNIFTY02JAN2421250PE.NFO,02/01/2024,09:23:48,4.3,4.3,41240,4.35,16400,35120,3036160
FINNIFTY02JAN2421250PE.NFO,02/01/2024,09:23:49,4.3,4.25,48880,4.3,12080,21800,3036160
FINNIFTY02JAN2421250PE.NFO,02/01/2024,09:23:49,4.35,4.25,54080,4.35,51760,5440,3036160
FINNIFTY02JAN2421250PE.NFO,02/01/2024,09:23:50,4.25,4.25,34600,4.3,30320,12200,3036160
FINNIFTY02JAN2421250PE.NFO,02/01/2024,09:23:51,4.25,4.25,49760,4.3,22000,12120,3036160
FINNIFTY02JAN2421250PE.NFO,02/01/2024,09:23:53,4.25,4.25,30360,4.3,38560,5160,3036160
FINNIFTY02JAN2421250PE.NFO,02/01/2024,09:23:54,4.25,4.25,31560,4.3,32560,43360,3036160
FINNIFTY02JAN2421250PE.NFO,02/01/2024,09:23:55,4.3,4.25,35960,4.3,30120,13000,3036160
FINNIFTY02JAN2421250PE.NFO,02/01/2024,09:23:56,4.3,4.25,28800,4.3,39440,13200,3036160
FINNIFTY02JAN2421250PE.NFO,02/01/2024,09:23:57,4.3,4.25,46720,4.3,14080,21720,3036160
FINNIFTY02JAN2421250PE.NFO,02/01/2024,09:23:57,4.25,4.25,52080,4.3,12320,1080,3036160
FINNIFTY02JAN2421250PE.NFO,02/01/2024,09:23:58,4.3,4.3,23320,4.35,46120,43920,3036160
FINNIFTY02JAN2421250PE.NFO,02/01/2024,09:23:59,4.3,4.3,12360,4.35,57240,19080,3036160
FINNIFTY02JAN2421250PE.NFO,02/01/2024,09:24:00,4.35,4.3,16040,4.35,48760,5000,3036160
FINNIFTY02JAN2421250PE.NFO,02/01/2024,09:24:01,4.35,4.35,8280,4.4,55920,31680,3036160
FINNIFTY02JAN2421250PE.NFO,02/01/2024,09:24:02,4.35,4.35,41120,4.4,16280,11960,3036160
FINNIFTY02JAN2421250PE.NFO,02/01/2024,09:24:04,4.35,4.35,45880,4.4,23760,21000,3036160
FINNIFTY02JAN2421250PE.NFO,02/01/2024,09:24:05,4.4,4.35,41520,4.4,29680,66160,3036160
FINNIFTY02JAN2421250PE.NFO,02/01/2024,09:24:06,4.35,4.3,41000,4.35,15920,31760,3036160
FINNIFTY02JAN2421250PE.NFO,02/01/2024,09:24:06,4.3,4.3,42160,4.35,18920,2840,3036160
FINNIFTY02JAN2421250PE.NFO,02/01/2024,09:24:07,4.35,4.3,46560,4.35,11280,12600,3036160
FINNIFTY02JAN2421250PE.NFO,02/01/2024,09:24:08,4.3,4.3,36320,4.35,26040,15520,3036160
FINNIFTY02JAN2421250PE.NFO,02/01/2024,09:24:09,4.3,4.3,12800,4.35,37520,3160,3036160
FINNIFTY02JAN2421250PE.NFO,02/01/2024,09:24:11,4.25,4.25,21640,4.3,40040,21040,3036160
FINNIFTY02JAN2421250PE.NFO,02/01/2024,09:24:12,4.25,4.2,18880,4.25,48160,11640,3036160
FINNIFTY02JAN2421250PE.NFO,02/01/2024,09:24:13,4.2,4.15,34240,4.2,21520,24840,3036160
FINNIFTY02JAN2421250PE.NFO,02/01/2024,09:24:13,4.2,4.15,36360,4.2,21560,400,3036160
FINNIFTY02JAN2421250PE.NFO,02/01/2024,09:24:14,4.2,4.15,18120,4.2,37880,7320,3036160
FINNIFTY02JAN2421250PE.NFO,02/01/2024,09:24:15,4.25,4.2,12040,4.25,41400,13280,3036160
FINNIFTY02JAN2421250PE.NFO,02/01/2024,09:24:17,4.25,4.25,27760,4.3,30480,13800,3036160
FINNIFTY02JAN2421250PE.NFO,02/01/2024,09:24:18,4.25,4.25,19920,4.3,42960,6040,3036160
FINNIFTY02JAN2421250PE.NFO,02/01/2024,09:24:19,4.25,4.25,36800,4.3,30280,17760,3036160
FINNIFTY02JAN2421250PE.NFO,02/01/2024,09:24:20,4.35,4.3,25680,4.35,32320,35120,3036160
FINNIFTY02JAN2421250PE.NFO,02/01/2024,09:24:21,4.3,4.3,46240,4.35,11880,4240,3036160
FINNIFTY02JAN2421250PE.NFO,02/01/2024,09:24:22,4.35,4.3,28720,4.35,25360,28040,3036160
FINNIFTY02JAN2421250PE.NFO,02/01/2024,09:24:23,4.35,4.3,49000,4.35,10240,82280,3036160
FINNIFTY02JAN2421250PE.NFO,02/01/2024,09:24:24,4.35,4.35,11760,4.4,52600,36760,3036160
FINNIFTY02JAN2421250PE.NFO,02/01/2024,09:24:25,4.3,4.3,33440,4.35,34000,16480,3036160
FINNIFTY02JAN2421250PE.NFO,02/01/2024,09:24:26,4.3,4.3,33040,4.35,27920,20400,3036160
FINNIFTY02JAN2421250PE.NFO,02/01/2024,09:24:27,4.35,4.3,38960,4.35,5280,5640,3036160
FINNIFTY02JAN2421250PE.NFO,02/01/2024,09:24:28,4.35,4.3,18720,4.35,30400,33160,3036160
FINNIFTY02JAN2421250PE.NFO,02/01/2024,09:24:28,4.3,4.3,20720,4.35,26240,1680,3036160
FINNIFTY02JAN2421250PE.NFO,02/01/2024,09:24:29,4.3,4.3,2040,4.35,50840,13160,3036160
FINNIFTY02JAN2421250PE.NFO,02/01/2024,09:24:30,4.35,4.3,18160,4.35,32360,17240,3036160
FINNIFTY02JAN2421250PE.NFO,02/01/2024,09:24:31,4.25,4.25,24360,4.3,40640,15120,3036160
FINNIFTY02JAN2421250PE.NFO,02/01/2024,09:24:32,4.25,4.25,17960,4.3,33920,16680,3036160
FINNIFTY02JAN2421250PE.NFO,02/01/2024,09:24:34,4.3,4.25,34880,4.3,27160,38920,3036160
FINNIFTY02JAN2421250PE.NFO,02/01/2024,09:24:35,4.3,4.2,54320,4.25,1560,13520,3036160
FINNIFTY02JAN2421250PE.NFO,02/01/2024,09:24:36,4.2,4.2,25680,4.25,37080,10720,3036160
FINNIFTY02JAN2421250PE.NFO,02/01/2024,09:24:36,4.2,4.15,23160,4.25,64880,10600,3036160
FINNIFTY02JAN2421250PE.NFO,02/01/2024,09:24:37,4.15,4.1,19000,4.15,47040,57240,3036160
FINNIFTY02JAN2421250PE.NFO,02/01/2024,09:24:39,4.15,4.1,28560,4.15,41560,6360,3036160
FINNIFTY02JAN2421250PE.NFO,02/01/2024,09:24:40,4.1,4.1,36880,4.15,22120,31440,3036160
FINNIFTY02JAN2421250PE.NFO,02/01/2024,09:24:41,4.1,4.05,37880,4.1,21920,36800,3036160
FINNIFTY02JAN2421250PE.NFO,02/01/2024,09:24:41,4.1,4.05,24680,4.1,53320,760,3036160
FINNIFTY02JAN2421250PE.NFO,02/01/2024,09:24:42,4.1,4.1,3880,4.15,48480,35720,3036160
FINNIFTY02JAN2421250PE.NFO,02/01/2024,09:24:44,4.1,4.1,2760,4.15,57600,19680,3036160
FINNIFTY02JAN2421250PE.NFO,02/01/2024,09:24:45,4.15,4.1,37040,4.15,3440,20040,3036160
FINNIFTY02JAN2421250PE.NFO,02/01/2024,09:24:46,4.05,4.05,35320,4.1,11080,15960,3036160
FINNIFTY02JAN2421250PE.NFO,02/01/2024,09:24:46,4.1,4.05,39160,4.1,10880,1280,3036160
FINNIFTY02JAN2421250PE.NFO,02/01/2024,09:24:47,4.15,4.1,1360,4.15,48600,23720,3036160
FINNIFTY02JAN2421250PE.NFO,02/01/2024,09:24:49,4.1,4.05,6400,4.1,50840,39960,3036160
FINNIFTY02JAN2421250PE.NFO,02/01/2024,09:24:50,4.1,4.05,120,4.1,51280,32240,3036160
FINNIFTY02JAN2421250PE.NFO,02/01/2024,09:24:51,4.1,4.05,6640,4.1,35120,12560,3036160
FINNIFTY02JAN2421250PE.NFO,02/01/2024,09:24:51,4.05,4.05,29920,4.1,26160,520,3036160
FINNIFTY02JAN2421250PE.NFO,02/01/2024,09:24:52,4.15,4.1,28760,4.15,26720,7000,3036160
FINNIFTY02JAN2421250PE.NFO,02/01/2024,09:24:54,4.05,4.05,17400,4.1,34160,28760,3036160
FINNIFTY02JAN2421250PE.NFO,02/01/2024,09:24:55,4.15,4.15,760,4.2,46760,25440,3036160
FINNIFTY02JAN2421250PE.NFO,02/01/2024,09:24:56,4.2,4.2,25880,4.25,35640,19080,3036160
FINNIFTY02JAN2421250PE.NFO,02/01/2024,09:24:56,4.2,4.15,31160,4.2,6520,11600,3036160
FINNIFTY02JAN2421250PE.NFO,02/01/2024,09:24:57,4.1,4.1,39360,4.15,1760,36360,3036160
FINNIFTY02JAN2421250PE.NFO,02/01/2024,09:24:59,4.15,4.15,1320,4.2,37680,27480,3036160
FINNIFTY02JAN2421250PE.NFO,02/01/2024,09:25:00,4.15,4.1,25880,4.15,21920,14400,3036160
FINNIFTY02JAN2421250PE.NFO,02/01/2024,09:25:01,4.05,4.05,39200,4.1,1880,78760,3036160
FINNIFTY02JAN2421250PE.NFO,02/01/2024,09:25:01,4.15,4.15,2080,4.2,39720,3680,3036160
FINNIFTY02JAN2421250PE.NFO,02/01/2024,09:25:02,4.15,4.1,24080,4.15,27160,29680,3036160
FINNIFTY02JAN2421250PE.NFO,02/01/2024,09:25:03,4.15,4.1,26920,4.15,23760,17120,3036160
FINNIFTY02JAN2421250PE.NFO,02/01/2024,09:25:04,4.1,4.1,18640,4.15,31320,20440,3036160
FINNIFTY02JAN2421250PE.NFO,02/01/2024,09:25:05,4.1,4.1,26040,4.15,23200,3760,3036160
FINNIFTY02JAN2421250PE.NFO,02/01/2024,09:25:06,4.1,4.05,48920,4.1,5920,16360,3036160
FINNIFTY02JAN2421250PE.NFO,02/01/2024,09:25:07,4,4,69640,4.05,14320,11280,3036160
FINNIFTY02JAN2421250PE.NFO,02/01/2024,09:25:09,4.1,4.05,18440,4.1,35680,16720,3036160
FINNIFTY02JAN2421250PE.NFO,02/01/2024,09:25:10,4.1,4.05,33000,4.1,31160,4480,3036160
FINNIFTY02JAN2421250PE.NFO,02/01/2024,09:25:11,4.15,4.15,30840,4.2,33880,22680,3036160
FINNIFTY02JAN2421250PE.NFO,02/01/2024,09:25:12,4.15,4.1,18840,4.15,27840,19200,3036160
FINNIFTY02JAN2421250PE.NFO,02/01/2024,09:25:13,4.15,4.1,23640,4.15,26800,9800,3036160
FINNIFTY02JAN2421250PE.NFO,02/01/2024,09:25:14,4.1,4.1,14680,4.15,38360,2720,3036160
FINNIFTY02JAN2421250PE.NFO,02/01/2024,09:25:15,4.1,4.05,58120,4.1,2720,15200,3036160
FINNIFTY02JAN2421250PE.NFO,02/01/2024,09:25:15,4.1,4.05,54840,4.1,2680,2560,3036160
FINNIFTY02JAN2421250PE.NFO,02/01/2024,09:25:16,4.1,4.1,2600,4.15,49560,9160,3036160
FINNIFTY02JAN2421250PE.NFO,02/01/2024,09:25:18,4.1,4.05,56200,4.1,120,4800,3036160
FINNIFTY02JAN2421250PE.NFO,02/01/2024,09:25:19,4.05,4.05,33600,4.1,24160,5600,3036160
FINNIFTY02JAN2421250PE.NFO,02/01/2024,09:25:20,4.1,4.05,38320,4.1,8080,24200,3036160
FINNIFTY02JAN2421250PE.NFO,02/01/2024,09:25:21,4.05,4,44280,4.05,32320,9960,3036160
FINNIFTY02JAN2421250PE.NFO,02/01/2024,09:25:22,4.05,4,58600,4.05,13920,880,3036160
FINNIFTY02JAN2421250PE.NFO,02/01/2024,09:25:23,4.05,4.05,4320,4.1,43280,15000,3036160
FINNIFTY02JAN2421250PE.NFO,02/01/2024,09:25:24,4.05,4,30440,4.05,31600,20960,3036160
FINNIFTY02JAN2421250PE.NFO,02/01/2024,09:25:25,4,4,31040,4.05,31200,23440,3036160
FINNIFTY02JAN2421250PE.NFO,02/01/2024,09:25:25,4.05,4,30600,4.05,22920,280,3036160
FINNIFTY02JAN2421250PE.NFO,02/01/2024,09:25:26,4,3.95,22040,4,29400,16520,3036160
FINNIFTY02JAN2421250PE.NFO,02/01/2024,09:25:27,4,3.95,33600,4,26960,15360,3036160
FINNIFTY02JAN2421250PE.NFO,02/01/2024,09:25:28,4,4,14200,4.05,41800,14520,3036160
FINNIFTY02JAN2421250PE.NFO,02/01/2024,09:25:29,4,3.95,36720,4,5320,13200,3036160
FINNIFTY02JAN2421250PE.NFO,02/01/2024,09:25:30,3.95,3.95,31960,4,22640,10480,3036160
FINNIFTY02JAN2421250PE.NFO,02/01/2024,09:25:31,4,3.95,14360,4,37200,30840,3036160
FINNIFTY02JAN2421250PE.NFO,02/01/2024,09:25:32,3.9,3.9,13560,3.95,36720,28960,3036160
FINNIFTY02JAN2421250PE.NFO,02/01/2024,09:25:33,3.95,3.9,20680,3.95,29840,11040,3036160
FINNIFTY02JAN2421250PE.NFO,02/01/2024,09:25:34,3.95,3.9,23920,3.95,22360,5360,3036160
FINNIFTY02JAN2421250PE.NFO,02/01/2024,09:25:36,3.95,3.9,21760,3.95,23320,12280,3036160
FINNIFTY02JAN2421250PE.NFO,02/01/2024,09:25:37,3.95,3.95,34840,4,31760,11400,3036160
FINNIFTY02JAN2421250PE.NFO,02/01/2024,09:25:38,4,3.95,45440,4,21680,3120,3036160
FINNIFTY02JAN2421250PE.NFO,02/01/2024,09:25:39,4,3.95,53920,4,3600,24040,3036160
FINNIFTY02JAN2421250PE.NFO,02/01/2024,09:25:40,4,4,26920,4.05,29840,18760,3036160
FINNIFTY02JAN2421250PE.NFO,02/01/2024,09:25:41,4.05,4,13640,4.05,43480,13160,3036160
FINNIFTY02JAN2421250PE.NFO,02/01/2024,09:25:42,3.95,3.9,40160,3.95,17640,31120,3036160
FINNIFTY02JAN2421250PE.NFO,02/01/2024,09:25:43,3.95,3.95,30760,4,19440,10840,3036160
FINNIFTY02JAN2421250PE.NFO,02/01/2024,09:25:44,4,3.95,50840,4.05,55560,7240,3036160
FINNIFTY02JAN2421250PE.NFO,02/01/2024,09:25:45,4.05,4,120,4.05,55160,15200,3036160
FINNIFTY02JAN2421250PE.NFO,02/01/2024,09:25:46,3.95,3.95,55000,4,9200,6040,3036160
FINNIFTY02JAN2421250PE.NFO,02/01/2024,09:25:47,4,3.95,34640,4,30280,14760,3036160
FINNIFTY02JAN2421250PE.NFO,02/01/2024,09:25:48,4,4,4280,4.05,41280,18960,3036160
FINNIFTY02JAN2421250PE.NFO,02/01/2024,09:25:48,4,3.95,56320,4,9040,600,3036160
FINNIFTY02JAN2421250PE.NFO,02/01/2024,09:25:49,4,4,45280,4.05,11480,13480,3036160
FINNIFTY02JAN2421250PE.NFO,02/01/2024,09:25:50,4,4,53960,4.05,15120,23960,3036160
FINNIFTY02JAN2421250PE.NFO,02/01/2024,09:25:51,4,4,13640,4.05,43440,21880,3036160
FINNIFTY02JAN2421250PE.NFO,02/01/2024,09:25:52,4,3.95,48080,4.05,53000,19320,3036160
FINNIFTY02JAN2421250PE.NFO,02/01/2024,09:25:53,3.95,3.95,21160,4,26080,23240,3036160
FINNIFTY02JAN2421250PE.NFO,02/01/2024,09:25:54,3.9,3.85,44560,3.95,43400,44960,3036160
FINNIFTY02JAN2421250PE.NFO,02/01/2024,09:25:55,3.9,3.9,13800,3.95,37240,8840,3036160
FINNIFTY02JAN2421250PE.NFO,02/01/2024,09:25:56,4,3.95,7840,4,38840,17320,3036160
FINNIFTY02JAN2421250PE.NFO,02/01/2024,09:25:57,3.95,3.95,360,4,43840,7840,3036160
FINNIFTY02JAN2421250PE.NFO,02/01/2024,09:25:58,3.95,3.95,14320,4,37360,7320,3036160
FINNIFTY02JAN2421250PE.NFO,02/01/2024,09:25:59,3.95,3.95,30160,4,32960,2800,3036160
FINNIFTY02JAN2421250PE.NFO,02/01/2024,09:26:00,3.9,3.9,23440,3.95,49880,18920,3036160
FINNIFTY02JAN2421250PE.NFO,02/01/2024,09:26:01,3.95,3.85,51800,3.95,47280,22120,3036160
FINNIFTY02JAN2421250PE.NFO,02/01/2024,09:26:02,3.95,3.9,30200,3.95,38520,3800,3036160
FINNIFTY02JAN2421250PE.NFO,02/01/2024,09:26:03,3.95,3.9,50400,3.95,11360,6920,3036160
FINNIFTY02JAN2421250PE.NFO,02/01/2024,09:26:04,3.9,3.9,30200,3.95,32680,12560,3036160
FINNIFTY02JAN2421250PE.NFO,02/01/2024,09:26:05,3.85,3.85,56160,3.9,17600,15320,3036160
FINNIFTY02JAN2421250PE.NFO,02/01/2024,09:26:06,3.9,3.85,13560,3.9,48280,11840,3036160
FINNIFTY02JAN2421250PE.NFO,02/01/2024,09:26:07,3.85,3.85,20880,3.9,32880,3320,3036160
FINNIFTY02JAN2421250PE.NFO,02/01/2024,09:26:08,3.9,3.85,24560,3.9,41440,24000,3036160
FINNIFTY02JAN2421250PE.NFO,02/01/2024,09:26:09,3.85,3.85,19520,3.9,53320,4080,3036160
FINNIFTY02JAN2421250PE.NFO,02/01/2024,09:26:10,3.85,3.85,24960,3.9,59640,5320,3036160
FINNIFTY02JAN2421250PE.NFO,02/01/2024,09:26:11,3.95,3.85,56840,3.95,52160,33120,3036160
FINNIFTY02JAN2421250PE.NFO,02/01/2024,09:26:12,3.85,3.8,55920,3.85,7280,39640,3036160
FINNIFTY02JAN2421250PE.NFO,02/01/2024,09:26:13,3.8,3.8,31120,3.85,40760,40080,3036160
FINNIFTY02JAN2421250PE.NFO,02/01/2024,09:26:14,3.75,3.7,28640,3.75,34720,33240,3036160
FINNIFTY02JAN2421250PE.NFO,02/01/2024,09:26:15,3.75,3.7,15280,3.75,40560,140080,3036160
FINNIFTY02JAN2421250PE.NFO,02/01/2024,09:26:16,3.95,3.9,5880,3.95,6120,315840,3036160
FINNIFTY02JAN2421250PE.NFO,02/01/2024,09:26:17,3.85,3.85,2000,3.9,3000,260960,3036160
FINNIFTY02JAN2421250PE.NFO,02/01/2024,09:26:18,3.9,3.8,20560,3.9,15520,164120,3036160
FINNIFTY02JAN2421250PE.NFO,02/01/2024,09:26:19,3.75,3.75,13360,3.8,4200,50640,3036160
FINNIFTY02JAN2421250PE.NFO,02/01/2024,09:26:20,3.75,3.75,6360,3.8,8080,30720,3036160
FINNIFTY02JAN2421250PE.NFO,02/01/2024,09:26:21,3.7,3.65,25320,3.7,20560,39960,3036160
FINNIFTY02JAN2421250PE.NFO,02/01/2024,09:26:22,3.75,3.7,23280,3.8,18920,51080,3036160
FINNIFTY02JAN2421250PE.NFO,02/01/2024,09:26:23,3.8,3.8,20480,3.85,4840,39720,3036160
FINNIFTY02JAN2421250PE.NFO,02/01/2024,09:26:24,3.8,3.8,22920,3.9,16960,23400,3036160
FINNIFTY02JAN2421250PE.NFO,02/01/2024,09:26:25,3.85,3.85,23880,3.9,2000,10640,3036160
FINNIFTY02JAN2421250PE.NFO,02/01/2024,09:26:26,3.9,3.85,20680,3.95,22280,75040,3036160
FINNIFTY02JAN2421250PE.NFO,02/01/2024,09:26:27,4,3.95,23640,4.05,20360,44720,3490120
FINNIFTY02JAN2421250PE.NFO,02/01/2024,09:26:28,4.05,3.95,26920,4.05,22640,50440,3490120
FINNIFTY02JAN2421250PE.NFO,02/01/2024,09:26:29,4.05,4,9240,4.05,10760,55160,3490120
FINNIFTY02JAN2421250PE.NFO,02/01/2024,09:26:31,4.15,4.1,12160,4.15,8680,84560,3490120
FINNIFTY02JAN2421250PE.NFO,02/01/2024,09:26:32,4.1,4.1,19800,4.2,21640,40800,3490120
FINNIFTY02JAN2421250PE.NFO,02/01/2024,09:26:33,4.15,4.15,16040,4.2,4920,50080,3490120
FINNIFTY02JAN2421250PE.NFO,02/01/2024,09:26:34,4.15,4.1,12200,4.15,9680,45840,3490120
FINNIFTY02JAN2421250PE.NFO,02/01/2024,09:26:35,4.25,4.2,1920,4.25,17280,29280,3490120
FINNIFTY02JAN2421250PE.NFO,02/01/2024,09:26:36,4.15,4.1,13240,4.15,8880,15320,3490120
FINNIFTY02JAN2421250PE.NFO,02/01/2024,09:26:37,4.15,4.05,19880,4.15,20080,26960,3490120
FINNIFTY02JAN2421250PE.NFO,02/01/2024,09:26:38,4.05,4,14240,4.05,8360,32280,3490120
FINNIFTY02JAN2421250PE.NFO,02/01/2024,09:26:39,4.05,4.05,4720,4.1,14040,61040,3490120
FINNIFTY02JAN2421250PE.NFO,02/01/2024,09:26:40,3.85,3.85,13720,3.9,11240,66920,3490120
FINNIFTY02JAN2421250PE.NFO,02/01/2024,09:26:41,3.75,3.75,5000,3.8,10880,53240,3490120
FINNIFTY02JAN2421250PE.NFO,02/01/2024,09:26:42,3.75,3.7,2160,3.75,23760,22720,3490120
FINNIFTY02JAN2421250PE.NFO,02/01/2024,09:26:43,3.6,3.6,16680,3.65,9080,13080,3490120
FINNIFTY02JAN2421250PE.NFO,02/01/2024,09:26:44,3.55,3.55,19920,3.6,4400,56880,3490120
FINNIFTY02JAN2421250PE.NFO,02/01/2024,09:26:45,3.55,3.45,26880,3.55,16320,78400,3490120
FINNIFTY02JAN2421250PE.NFO,02/01/2024,09:26:46,3.5,3.45,20120,3.5,5840,96000,3490120
FINNIFTY02JAN2421250PE.NFO,02/01/2024,09:26:47,3.35,3.3,6640,3.35,13080,88680,3490120
FINNIFTY02JAN2421250PE.NFO,02/01/2024,09:26:48,3.45,3.4,12960,3.45,14480,49200,3490120
FINNIFTY02JAN2421250PE.NFO,02/01/2024,09:26:49,3.4,3.35,13120,3.4,14240,57760,3490120
FINNIFTY02JAN2421250PE.NFO,02/01/2024,09:26:50,3.3,3.3,10800,3.35,20960,44600,3490120
FINNIFTY02JAN2421250PE.NFO,02/01/2024,09:26:51,3.3,3.3,9760,3.35,15760,56240,3490120
FINNIFTY02JAN2421250PE.NFO,02/01/2024,09:26:52,3.35,3.35,1640,3.4,15080,33720,3490120
FINNIFTY02JAN2421250PE.NFO,02/01/2024,09:26:53,3.3,3.3,22800,3.35,14880,37040,3490120
FINNIFTY02JAN2421250PE.NFO,02/01/2024,09:26:54,3.45,3.4,16240,3.45,14680,48240,3490120
FINNIFTY02JAN2421250PE.NFO,02/01/2024,09:26:55,3.55,3.5,21680,3.55,2840,64360,3490120
FINNIFTY02JAN2421250PE.NFO,02/01/2024,09:26:56,3.5,3.5,15800,3.55,10560,36440,3490120
FINNIFTY02JAN2421250PE.NFO,02/01/2024,09:26:57,3.5,3.45,23160,3.5,11560,71440,3490120
FINNIFTY02JAN2421250PE.NFO,02/01/2024,09:26:58,3.55,3.5,15600,3.55,17600,67520,3490120
FINNIFTY02JAN2421250PE.NFO,02/01/2024,09:26:59,3.55,3.55,13680,3.6,32720,64400,3490120
FINNIFTY02JAN2421250PE.NFO,02/01/2024,09:27:00,3.5,3.5,43520,3.55,32400,37840,3490120
FINNIFTY02JAN2421250PE.NFO,02/01/2024,09:27:01,3.5,3.45,34040,3.5,20360,73600,3490120
FINNIFTY02JAN2421250PE.NFO,02/01/2024,09:27:02,3.45,3.45,9520,3.5,34080,32640,3490120
FINNIFTY02JAN2421250PE.NFO,02/01/2024,09:27:03,3.5,3.5,5640,3.55,33920,91680,3490120
FINNIFTY02JAN2421250PE.NFO,02/01/2024,09:27:04,3.55,3.5,34640,3.55,9600,49320,3490120
FINNIFTY02JAN2421250PE.NFO,02/01/2024,09:27:05,3.6,3.55,26360,3.6,30360,51960,3490120
FINNIFTY02JAN2421250PE.NFO,02/01/2024,09:27:06,3.6,3.55,10000,3.6,41200,54040,3490120
FINNIFTY02JAN2421250PE.NFO,02/01/2024,09:27:07,3.6,3.55,32640,3.6,9040,48040,3490120
FINNIFTY02JAN2421250PE.NFO,02/01/2024,09:27:08,3.65,3.6,10160,3.65,47120,44200,3490120
FINNIFTY02JAN2421250PE.NFO,02/01/2024,09:27:09,3.6,3.55,18200,3.6,41840,99880,3490120
FINNIFTY02JAN2421250PE.NFO,02/01/2024,09:27:10,3.65,3.6,34120,3.65,9400,65560,3490120
FINNIFTY02JAN2421250PE.NFO,02/01/2024,09:27:11,3.65,3.6,39960,3.65,9400,87640,3490120
FINNIFTY02JAN2421250PE.NFO,02/01/2024,09:27:12,3.6,3.55,29440,3.6,7920,78800,3490120
FINNIFTY02JAN2421250PE.NFO,02/01/2024,09:27:13,3.55,3.5,33800,3.55,15680,48320,3490120
FINNIFTY02JAN2421250PE.NFO,02/01/2024,09:27:14,3.55,3.5,80,3.55,41200,36360,3490120
FINNIFTY02JAN2421250PE.NFO,02/01/2024,09:27:15,3.5,3.5,36520,3.55,29880,18680,3490120
FINNIFTY02JAN2421250PE.NFO,02/01/2024,09:27:16,3.55,3.55,5520,3.6,44880,63480,3490120
FINNIFTY02JAN2421250PE.NFO,02/01/2024,09:27:17,3.5,3.5,9960,3.55,45160,47000,3490120
FINNIFTY02JAN2421250PE.NFO,02/01/2024,09:27:18,3.55,3.5,33240,3.55,29560,19040,3490120
FINNIFTY02JAN2421250PE.NFO,02/01/2024,09:27:19,3.45,3.45,49640,3.5,14200,19120,3490120
FINNIFTY02JAN2421250PE.NFO,02/01/2024,09:27:20,3.45,3.45,29040,3.5,35160,30040,3490120
FINNIFTY02JAN2421250PE.NFO,02/01/2024,09:27:21,3.45,3.45,36080,3.5,36160,45960,3490120
FINNIFTY02JAN2421250PE.NFO,02/01/2024,09:27:22,3.45,3.4,42680,3.5,53720,38800,3490120
FINNIFTY02JAN2421250PE.NFO,02/01/2024,09:27:23,3.4,3.4,46040,3.5,42440,52120,3490120
FINNIFTY02JAN2421250PE.NFO,02/01/2024,09:27:24,3.45,3.4,39160,3.45,21400,19840,3490120
FINNIFTY02JAN2421250PE.NFO,02/01/2024,09:27:25,3.45,3.4,56680,3.45,6400,42440,3490120
FINNIFTY02JAN2421250PE.NFO,02/01/2024,09:27:26,3.45,3.4,40680,3.45,280,30480,3490120
FINNIFTY02JAN2421250PE.NFO,02/01/2024,09:27:27,3.5,3.45,17360,3.5,64440,86120,3490120
FINNIFTY02JAN2421250PE.NFO,02/01/2024,09:27:28,3.5,3.45,41520,3.5,34800,29680,3490120
FINNIFTY02JAN2421250PE.NFO,02/01/2024,09:27:29,3.5,3.45,55160,3.5,9240,53160,3490120
FINNIFTY02JAN2421250PE.NFO,02/01/2024,09:27:30,3.45,3.45,31560,3.5,49600,67200,3490120
FINNIFTY02JAN2421250PE.NFO,02/01/2024,09:27:30,3.5,3.45,40600,3.5,35360,17960,3490120
FINNIFTY02JAN2421250PE.NFO,02/01/2024,09:27:31,3.45,3.45,37400,3.5,31840,54360,3490120
FINNIFTY02JAN2421250PE.NFO,02/01/2024,09:27:32,3.45,3.45,57720,3.5,6840,51600,3490120
FINNIFTY02JAN2421250PE.NFO,02/01/2024,09:27:33,3.5,3.45,40280,3.5,31600,36760,3490120
FINNIFTY02JAN2421250PE.NFO,02/01/2024,09:27:34,3.5,3.45,42920,3.5,58720,67320,3490120
FINNIFTY02JAN2421250PE.NFO,02/01/2024,09:27:35,3.5,3.45,49080,3.5,58480,15920,3490120
FINNIFTY02JAN2421250PE.NFO,02/01/2024,09:27:36,3.35,3.35,56000,3.4,47560,19160,3490120
FINNIFTY02JAN2421250PE.NFO,02/01/2024,09:27:37,3.5,3.45,61280,3.5,52880,43240,3490120
FINNIFTY02JAN2421250PE.NFO,02/01/2024,09:27:38,3.5,3.45,55000,3.5,36600,19800,3490120
FINNIFTY02JAN2421250PE.NFO,02/01/2024,09:27:39,3.5,3.5,59800,3.55,44480,45640,3490120
FINNIFTY02JAN2421250PE.NFO,02/01/2024,09:27:40,3.45,3.45,36920,3.5,70560,41120,3490120
FINNIFTY02JAN2421250PE.NFO,02/01/2024,09:27:41,3.4,3.4,54400,3.45,21480,52920,3490120
FINNIFTY02JAN2421250PE.NFO,02/01/2024,09:27:42,3.4,3.4,45560,3.45,59880,16480,3490120
FINNIFTY02JAN2421250PE.NFO,02/01/2024,09:27:43,3.45,3.4,47800,3.45,69600,42120,3490120
FINNIFTY02JAN2421250PE.NFO,02/01/2024,09:27:44,3.5,3.45,55280,3.5,55880,56160,3490120
FINNIFTY02JAN2421250PE.NFO,02/01/2024,09:27:46,3.45,3.45,47360,3.5,58800,45000,3490120
FINNIFTY02JAN2421250PE.NFO,02/01/2024,09:27:46,3.45,3.45,66480,3.5,6880,26440,3490120
FINNIFTY02JAN2421250PE.NFO,02/01/2024,09:27:47,3.45,3.45,59640,3.5,52040,30200,3490120
FINNIFTY02JAN2421250PE.NFO,02/01/2024,09:27:48,3.4,3.4,71440,3.45,6560,49760,3490120
FINNIFTY02JAN2421250PE.NFO,02/01/2024,09:27:49,3.45,3.4,23120,3.45,72080,10800,3490120
FINNIFTY02JAN2421250PE.NFO,02/01/2024,09:27:51,3.4,3.4,8480,3.45,67040,47920,3490120
FINNIFTY02JAN2421250PE.NFO,02/01/2024,09:27:52,3.3,3.25,47200,3.3,41680,56000,3490120
FINNIFTY02JAN2421250PE.NFO,02/01/2024,09:27:53,3.3,3.25,47360,3.3,58800,130040,3490120
FINNIFTY02JAN2421250PE.NFO,02/01/2024,09:27:54,3.25,3.25,34360,3.3,63400,32560,3490120
FINNIFTY02JAN2421250PE.NFO,02/01/2024,09:27:55,3.25,3.2,18200,3.25,65120,41280,3490120
FINNIFTY02JAN2421250PE.NFO,02/01/2024,09:27:56,3.2,3.2,55880,3.25,66760,7960,3490120
FINNIFTY02JAN2421250PE.NFO,02/01/2024,09:27:57,3.15,3.15,42680,3.2,73840,75600,3490120
FINNIFTY02JAN2421250PE.NFO,02/01/2024,09:27:58,3.3,3.25,35760,3.3,18560,240800,3490120
FINNIFTY02JAN2421250PE.NFO,02/01/2024,09:27:59,3.1,3.1,40560,3.15,11800,92160,3490120
FINNIFTY02JAN2421250PE.NFO,02/01/2024,09:28:00,3.1,3.05,58000,3.1,15280,46840,3490120
FINNIFTY02JAN2421250PE.NFO,02/01/2024,09:28:01,3.1,3.1,39840,3.15,35280,85600,3490120
FINNIFTY02JAN2421250PE.NFO,02/01/2024,09:28:02,3.15,3.1,19200,3.15,42040,80040,3490120
FINNIFTY02JAN2421250PE.NFO,02/01/2024,09:28:03,3.05,3,67280,3.05,31120,67000,3490120
FINNIFTY02JAN2421250PE.NFO,02/01/2024,09:28:04,3,3,54240,3.05,48080,48600,3490120
FINNIFTY02JAN2421250PE.NFO,02/01/2024,09:28:05,2.95,2.95,50560,3,52080,46400,3490120
FINNIFTY02JAN2421250PE.NFO,02/01/2024,09:28:05,2.95,2.95,50560,3,52080,0,3490120
FINNIFTY02JAN2421250PE.NFO,02/01/2024,09:28:06,2.95,2.95,44040,3,72000,17440,3490120
FINNIFTY02JAN2421250PE.NFO,02/01/2024,09:28:07,3,2.95,58560,3,67880,40720,3490120
FINNIFTY02JAN2421250PE.NFO,02/01/2024,09:28:08,2.95,2.95,65440,3,52480,9520,3490120
FINNIFTY02JAN2421250PE.NFO,02/01/2024,09:28:09,2.95,2.95,22560,3,83240,22120,3490120
FINNIFTY02JAN2421250PE.NFO,02/01/2024,09:28:10,3,2.95,48040,3,50920,30280,3490120
FINNIFTY02JAN2421250PE.NFO,02/01/2024,09:28:10,2.9,2.95,48040,3,50920,0,3490120
FINNIFTY02JAN2421250PE.NFO,02/01/2024,09:28:11,2.95,2.95,20920,3,64760,48960,3490120
FINNIFTY02JAN2421250PE.NFO,02/01/2024,09:28:12,2.9,2.85,19280,2.9,71040,64120,3490120
FINNIFTY02JAN2421250PE.NFO,02/01/2024,09:28:12,2.85,2.85,19280,2.9,71040,0,3490120
FINNIFTY02JAN2421250PE.NFO,02/01/2024,09:28:13,2.85,2.85,34200,2.9,61920,23320,3490120
FINNIFTY02JAN2421250PE.NFO,02/01/2024,09:28:14,2.85,2.85,16880,2.9,70480,61320,3490120
FINNIFTY02JAN2421250PE.NFO,02/01/2024,09:28:14,2.8,2.85,16880,2.9,70480,0,3490120
FINNIFTY02JAN2421250PE.NFO,02/01/2024,09:28:15,2.85,2.8,29320,2.85,70280,45680,3490120
FINNIFTY02JAN2421250PE.NFO,02/01/2024,09:28:15,2.75,2.8,29320,2.85,70280,0,3490120
FINNIFTY02JAN2421250PE.NFO,02/01/2024,09:28:16,2.85,2.8,49600,2.85,39160,28720,3490120
FINNIFTY02JAN2421250PE.NFO,02/01/2024,09:28:17,2.85,2.8,70040,2.85,33600,41000,3490120
FINNIFTY02JAN2421250PE.NFO,02/01/2024,09:28:18,2.85,2.8,61880,2.85,40600,53320,3490120
FINNIFTY02JAN2421250PE.NFO,02/01/2024,09:28:19,2.8,2.8,61920,2.85,18280,70160,3490120
FINNIFTY02JAN2421250PE.NFO,02/01/2024,09:28:20,2.85,2.85,25240,2.9,70680,116960,3490120
FINNIFTY02JAN2421250PE.NFO,02/01/2024,09:28:21,2.8,2.75,68480,2.8,480,85400,3490120
FINNIFTY02JAN2421250PE.NFO,02/01/2024,09:28:22,2.75,2.75,19240,2.8,59040,46920,3490120
FINNIFTY02JAN2421250PE.NFO,02/01/2024,09:28:23,2.75,2.75,2000,2.8,70600,61240,3490120
FINNIFTY02JAN2421250PE.NFO,02/01/2024,09:28:24,2.7,2.7,33960,2.75,62120,73760,3490120
FINNIFTY02JAN2421250PE.NFO,02/01/2024,09:28:24,2.7,2.7,33960,2.75,62120,0,3490120
FINNIFTY02JAN2421250PE.NFO,02/01/2024,09:28:25,2.65,2.65,55800,2.7,37640,62920,3490120
FINNIFTY02JAN2421250PE.NFO,02/01/2024,09:28:25,2.65,2.65,55800,2.7,37640,0,3490120
FINNIFTY02JAN2421250PE.NFO,02/01/2024,09:28:26,2.7,2.65,54160,2.7,20720,72680,3490120
FINNIFTY02JAN2421250PE.NFO,02/01/2024,09:28:27,2.75,2.7,39480,2.75,63240,66280,3490120
FINNIFTY02JAN2421250PE.NFO,02/01/2024,09:28:28,2.7,2.7,32480,2.75,72600,38880,3490120
FINNIFTY02JAN2421250PE.NFO,02/01/2024,09:28:29,2.75,2.7,69240,2.75,73720,28520,3490120
FINNIFTY02JAN2421250PE.NFO,02/01/2024,09:28:30,2.75,2.7,56560,2.75,60120,14200,3490120
FINNIFTY02JAN2421250PE.NFO,02/01/2024,09:28:31,2.75,2.7,50520,2.75,56000,30720,3490120
FINNIFTY02JAN2421250PE.NFO,02/01/2024,09:28:32,2.75,2.7,50480,2.75,71480,24880,3490120
FINNIFTY02JAN2421250PE.NFO,02/01/2024,09:28:33,2.75,2.7,68240,2.75,55120,36240,3490120
FINNIFTY02JAN2421250PE.NFO,02/01/2024,09:28:34,2.75,2.7,75520,2.75,63840,62920,3490120
FINNIFTY02JAN2421250PE.NFO,02/01/2024,09:28:35,2.75,2.7,82360,2.75,3040,146200,3490120
FINNIFTY02JAN2421250PE.NFO,02/01/2024,09:28:36,2.7,2.7,38440,2.75,56800,128200,3490120
FINNIFTY02JAN2421250PE.NFO,02/01/2024,09:28:37,2.75,2.7,53760,2.75,49560,87480,3490120
FINNIFTY02JAN2421250PE.NFO,02/01/2024,09:28:38,2.75,2.7,45560,2.75,39760,66720,3490120
FINNIFTY02JAN2421250PE.NFO,02/01/2024,09:28:39,2.8,2.8,34880,2.85,51960,122240,3490120
FINNIFTY02JAN2421250PE.NFO,02/01/2024,09:28:40,2.8,2.75,25840,2.8,75760,115720,3490120
FINNIFTY02JAN2421250PE.NFO,02/01/2024,09:28:41,2.8,2.75,56720,2.8,71440,21680,3490120
FINNIFTY02JAN2421250PE.NFO,02/01/2024,09:28:42,2.8,2.75,63160,2.8,51480,23240,3490120
FINNIFTY02JAN2421250PE.NFO,02/01/2024,09:28:43,2.85,2.8,42480,2.85,68800,41000,3490120
FINNIFTY02JAN2421250PE.NFO,02/01/2024,09:28:44,2.85,2.8,61640,2.85,59320,18040,3490120
FINNIFTY02JAN2421250PE.NFO,02/01/2024,09:28:45,2.85,2.8,67800,2.85,51800,22760,3490120
FINNIFTY02JAN2421250PE.NFO,02/01/2024,09:28:46,2.85,2.8,61440,2.85,59040,11280,3490120
FINNIFTY02JAN2421250PE.NFO,02/01/2024,09:28:47,2.8,2.75,61680,2.8,52600,62120,3490120
FINNIFTY02JAN2421250PE.NFO,02/01/2024,09:28:48,2.75,2.75,41280,2.8,94000,16280,3490120
FINNIFTY02JAN2421250PE.NFO,02/01/2024,09:28:49,2.8,2.75,35400,2.8,90600,38560,3490120
FINNIFTY02JAN2421250PE.NFO,02/01/2024,09:28:50,2.8,2.75,62120,2.8,70840,27640,3490120
FINNIFTY02JAN2421250PE.NFO,02/01/2024,09:28:51,2.75,2.75,80040,2.8,55240,25840,3490120
FINNIFTY02JAN2421250PE.NFO,02/01/2024,09:28:52,2.8,2.75,92280,2.8,54520,17920,3490120
FINNIFTY02JAN2421250PE.NFO,02/01/2024,09:28:53,2.8,2.75,98680,2.8,16120,29000,3490120
FINNIFTY02JAN2421250PE.NFO,02/01/2024,09:28:54,2.85,2.8,58120,2.85,81840,53080,3490120
FINNIFTY02JAN2421250PE.NFO,02/01/2024,09:28:55,2.85,2.8,71160,2.85,50400,84960,3490120
FINNIFTY02JAN2421250PE.NFO,02/01/2024,09:28:56,2.85,2.8,71160,2.85,67080,109520,3490120
FINNIFTY02JAN2421250PE.NFO,02/01/2024,09:28:57,2.8,2.8,66000,2.85,49280,50000,3490120
FINNIFTY02JAN2421250PE.NFO,02/01/2024,09:28:58,2.8,2.8,61200,2.85,71320,40960,3490120
FINNIFTY02JAN2421250PE.NFO,02/01/2024,09:28:59,2.85,2.8,48400,2.85,79320,67080,3490120
FINNIFTY02JAN2421250PE.NFO,02/01/2024,09:29:00,2.8,2.8,64720,2.85,65400,39720,3490120
FINNIFTY02JAN2421250PE.NFO,02/01/2024,09:29:01,2.8,2.75,95000,2.8,6400,41920,3490120
FINNIFTY02JAN2421250PE.NFO,02/01/2024,09:29:02,2.85,2.8,67000,2.85,86880,35520,3490120
FINNIFTY02JAN2421250PE.NFO,02/01/2024,09:29:03,2.95,2.9,22080,2.95,86960,58120,3490120
FINNIFTY02JAN2421250PE.NFO,02/01/2024,09:29:04,2.85,2.85,53000,2.9,70800,86440,3490120
FINNIFTY02JAN2421250PE.NFO,02/01/2024,09:29:05,2.9,2.9,9760,2.95,86160,29040,3490120
FINNIFTY02JAN2421250PE.NFO,02/01/2024,09:29:06,2.9,2.9,51720,2.95,65360,10200,3490120
FINNIFTY02JAN2421250PE.NFO,02/01/2024,09:29:07,2.95,2.9,5560,2.95,94880,22280,3490120
FINNIFTY02JAN2421250PE.NFO,02/01/2024,09:29:08,2.9,2.85,59480,2.9,60280,9800,3490120
FINNIFTY02JAN2421250PE.NFO,02/01/2024,09:29:09,2.85,2.85,80680,2.9,40520,1320,3490120
FINNIFTY02JAN2421250PE.NFO,02/01/2024,09:29:10,2.85,2.85,69840,2.9,57600,9360,3490120
FINNIFTY02JAN2421250PE.NFO,02/01/2024,09:29:11,2.8,2.8,76920,2.85,88320,21680,3490120
FINNIFTY02JAN2421250PE.NFO,02/01/2024,09:29:12,2.8,2.75,59200,2.8,76160,37160,3490120
FINNIFTY02JAN2421250PE.NFO,02/01/2024,09:29:13,2.85,2.8,31800,2.85,87000,29000,3490120
FINNIFTY02JAN2421250PE.NFO,02/01/2024,09:29:14,2.8,2.8,70520,2.85,52480,20600,3490120
FINNIFTY02JAN2421250PE.NFO,02/01/2024,09:29:15,2.9,2.85,76080,2.9,52200,35360,3490120
FINNIFTY02JAN2421250PE.NFO,02/01/2024,09:29:16,2.9,2.85,56680,2.9,64680,10200,3490120
FINNIFTY02JAN2421250PE.NFO,02/01/2024,09:29:17,2.9,2.85,72320,2.9,67600,11520,3490120
FINNIFTY02JAN2421250PE.NFO,02/01/2024,09:29:18,2.95,2.9,81760,2.95,60960,31960,3490120
FINNIFTY02JAN2421250PE.NFO,02/01/2024,09:29:19,2.95,2.9,112400,2.95,28240,12400,3490120
FINNIFTY02JAN2421250PE.NFO,02/01/2024,09:29:20,3,2.95,88240,3,48840,19800,3490120
FINNIFTY02JAN2421250PE.NFO,02/01/2024,09:29:21,2.95,2.95,83920,3,57720,19960,3490120
FINNIFTY02JAN2421250PE.NFO,02/01/2024,09:29:22,3,3,57200,3.05,55120,37760,3490120
FINNIFTY02JAN2421250PE.NFO,02/01/2024,09:29:23,3.05,3,59040,3.05,61280,28480,3490120
FINNIFTY02JAN2421250PE.NFO,02/01/2024,09:29:24,3.05,3,71800,3.05,32360,14320,3490120
FINNIFTY02JAN2421250PE.NFO,02/01/2024,09:29:25,3,2.95,106240,3,5080,10040,3490120
FINNIFTY02JAN2421250PE.NFO,02/01/2024,09:29:26,3.05,3,56360,3.05,53480,20560,3490120
FINNIFTY02JAN2421250PE.NFO,02/01/2024,09:29:27,3.05,3,59880,3.05,49440,26400,3490120
FINNIFTY02JAN2421250PE.NFO,02/01/2024,09:29:28,3,3,59640,3.05,52160,15160,3490120
FINNIFTY02JAN2421250PE.NFO,02/01/2024,09:29:29,3.05,3,78280,3.05,55000,12000,4076880
FINNIFTY02JAN2421250PE.NFO,02/01/2024,09:29:30,2.95,2.95,89680,3,7800,38560,4076880
FINNIFTY02JAN2421250PE.NFO,02/01/2024,09:29:31,2.95,2.95,67480,3,69600,6120,4076880
FINNIFTY02JAN2421250PE.NFO,02/01/2024,09:29:32,3,2.95,61640,3,70280,20840,4076880
FINNIFTY02JAN2421250PE.NFO,02/01/2024,09:29:33,2.95,2.95,60560,3,66920,10920,4076880
FINNIFTY02JAN2421250PE.NFO,02/01/2024,09:29:34,2.95,2.95,58080,3,68440,9280,4076880
FINNIFTY02JAN2421250PE.NFO,02/01/2024,09:29:35,2.95,2.95,49040,3,69600,16920,4076880
FINNIFTY02JAN2421250PE.NFO,02/01/2024,09:29:36,2.95,2.9,92360,2.95,57560,29880,4076880
FINNIFTY02JAN2421250PE.NFO,02/01/2024,09:29:37,2.9,2.9,95040,2.95,58280,8840,4076880
FINNIFTY02JAN2421250PE.NFO,02/01/2024,09:29:38,2.9,2.9,42440,2.95,88200,7920,4076880
FINNIFTY02JAN2421250PE.NFO,02/01/2024,09:29:39,2.9,2.9,47680,2.95,85320,4120,4076880
FINNIFTY02JAN2421250PE.NFO,02/01/2024,09:29:40,2.9,2.85,91200,2.9,5520,34280,4076880
FINNIFTY02JAN2421250PE.NFO,02/01/2024,09:29:41,2.95,2.9,1840,2.95,94120,40480,4076880
FINNIFTY02JAN2421250PE.NFO,02/01/2024,09:29:42,2.9,2.85,65960,2.9,60960,17760,4076880
FINNIFTY02JAN2421250PE.NFO,02/01/2024,09:29:43,2.9,2.85,92600,2.9,42400,13920,4076880
FINNIFTY02JAN2421250PE.NFO,02/01/2024,09:29:44,2.85,2.85,67960,2.9,80200,1920,4076880
FINNIFTY02JAN2421250PE.NFO,02/01/2024,09:29:45,2.85,2.85,69760,2.9,76320,3560,4076880
FINNIFTY02JAN2421250PE.NFO,02/01/2024,09:29:46,2.95,2.9,40960,2.95,90880,30800,4076880
FINNIFTY02JAN2421250PE.NFO,02/01/2024,09:29:47,2.9,2.9,46480,2.95,93200,11640,4076880
FINNIFTY02JAN2421250PE.NFO,02/01/2024,09:29:48,2.9,2.9,65800,2.95,81960,8840,4076880
FINNIFTY02JAN2421250PE.NFO,02/01/2024,09:29:49,2.9,2.9,39560,2.95,85280,5000,4076880
FINNIFTY02JAN2421250PE.NFO,02/01/2024,09:29:50,2.95,2.9,42440,2.95,84960,7880,4076880
FINNIFTY02JAN2421250PE.NFO,02/01/2024,09:29:51,2.9,2.9,68280,2.95,77440,15960,4076880
FINNIFTY02JAN2421250PE.NFO,02/01/2024,09:29:52,2.9,2.85,51120,2.9,88640,31720,4076880
FINNIFTY02JAN2421250PE.NFO,02/01/2024,09:29:53,2.85,2.85,57000,2.9,86960,12880,4076880
FINNIFTY02JAN2421250PE.NFO,02/01/2024,09:29:54,2.85,2.85,55880,2.9,84200,66600,4076880
FINNIFTY02JAN2421250PE.NFO,02/01/2024,09:29:55,2.85,2.8,60080,2.85,80400,8440,4076880
FINNIFTY02JAN2421250PE.NFO,02/01/2024,09:29:56,2.85,2.8,84360,2.85,58160,1120,4076880
FINNIFTY02JAN2421250PE.NFO,02/01/2024,09:29:57,2.8,2.8,84800,2.85,26360,3760,4076880
FINNIFTY02JAN2421250PE.NFO,02/01/2024,09:29:58,2.85,2.8,84920,2.85,28680,7960,4076880
FINNIFTY02JAN2421250PE.NFO,02/01/2024,09:29:59,2.8,2.8,31280,2.85,85480,11080,4076880
FINNIFTY02JAN2421250PE.NFO,02/01/2024,09:30:00,2.75,2.75,42360,2.8,75840,46240,4076880
FINNIFTY02JAN2421250PE.NFO,02/01/2024,09:30:01,2.65,2.65,24320,2.7,71720,108720,4076880
FINNIFTY02JAN2421250PE.NFO,02/01/2024,09:30:01,2.6,2.65,24320,2.7,71720,0,4076880
FINNIFTY02JAN2421250PE.NFO,02/01/2024,09:30:02,2.7,2.7,49640,2.75,70880,26440,4076880
FINNIFTY02JAN2421250PE.NFO,02/01/2024,09:30:03,2.8,2.8,32840,2.85,92920,14280,4076880
FINNIFTY02JAN2421250PE.NFO,02/01/2024,09:30:04,2.8,2.8,49160,2.85,99200,4480,4076880
FINNIFTY02JAN2421250PE.NFO,02/01/2024,09:30:05,2.8,2.75,64000,2.8,55800,48040,4076880
FINNIFTY02JAN2421250PE.NFO,02/01/2024,09:30:06,2.8,2.8,4960,2.85,95720,44040,4076880
FINNIFTY02JAN2421250PE.NFO,02/01/2024,09:30:07,2.75,2.75,65320,2.8,49080,9680,4076880
FINNIFTY02JAN2421250PE.NFO,02/01/2024,09:30:08,2.8,2.75,87280,2.8,31360,17360,4076880
FINNIFTY02JAN2421250PE.NFO,02/01/2024,09:30:09,2.75,2.75,69680,2.8,61760,17920,4076880
FINNIFTY02JAN2421250PE.NFO,02/01/2024,09:30:10,2.75,2.75,72760,2.8,52200,27760,4076880
FINNIFTY02JAN2421250PE.NFO,02/01/2024,09:30:11,2.7,2.7,83480,2.75,51160,13400,4076880
FINNIFTY02JAN2421250PE.NFO,02/01/2024,09:30:12,2.75,2.7,66920,2.75,67720,3880,4076880
FINNIFTY02JAN2421250PE.NFO,02/01/2024,09:30:13,2.75,2.7,71040,2.75,51720,11840,4076880
FINNIFTY02JAN2421250PE.NFO,02/01/2024,09:30:14,2.65,2.65,17920,2.7,70120,18120,4076880
FINNIFTY02JAN2421250PE.NFO,02/01/2024,09:30:15,2.7,2.65,46320,2.7,51280,31480,4076880
FINNIFTY02JAN2421250PE.NFO,02/01/2024,09:30:16,2.65,2.65,85760,2.7,42440,4520,4076880
FINNIFTY02JAN2421250PE.NFO,02/01/2024,09:30:17,2.7,2.65,62080,2.7,53960,7640,4076880
FINNIFTY02JAN2421250PE.NFO,02/01/2024,09:30:18,2.7,2.65,47840,2.7,48800,3760,4076880
FINNIFTY02JAN2421250PE.NFO,02/01/2024,09:30:19,2.65,2.6,93440,2.65,34000,13720,4076880
FINNIFTY02JAN2421250PE.NFO,02/01/2024,09:30:20,2.6,2.6,66040,2.65,47480,17560,4076880
FINNIFTY02JAN2421250PE.NFO,02/01/2024,09:30:21,2.65,2.6,62120,2.65,69080,15680,4076880
FINNIFTY02JAN2421250PE.NFO,02/01/2024,09:30:22,2.65,2.65,24760,2.7,76280,19800,4076880
FINNIFTY02JAN2421250PE.NFO,02/01/2024,09:30:23,2.7,2.65,36080,2.7,79040,13120,4076880
FINNIFTY02JAN2421250PE.NFO,02/01/2024,09:30:24,2.7,2.65,78560,2.7,61120,16480,4076880
FINNIFTY02JAN2421250PE.NFO,02/01/2024,09:30:25,2.7,2.65,81880,2.7,35920,2320,4076880
FINNIFTY02JAN2421250PE.NFO,02/01/2024,09:30:26,2.7,2.65,60840,2.7,65440,6360,4076880
FINNIFTY02JAN2421250PE.NFO,02/01/2024,09:30:27,2.7,2.65,89760,2.7,52040,6960,4076880
FINNIFTY02JAN2421250PE.NFO,02/01/2024,09:30:28,2.65,2.65,71640,2.7,39800,33640,4076880
FINNIFTY02JAN2421250PE.NFO,02/01/2024,09:30:29,2.7,2.7,41000,2.75,80080,14880,4076880
FINNIFTY02JAN2421250PE.NFO,02/01/2024,09:30:30,2.7,2.65,82160,2.7,44640,59640,4076880
FINNIFTY02JAN2421250PE.NFO,02/01/2024,09:30:31,2.7,2.65,82800,2.7,45960,40,4076880
FINNIFTY02JAN2421250PE.NFO,02/01/2024,09:30:32,2.7,2.65,86880,2.7,56920,5600,4076880
FINNIFTY02JAN2421250PE.NFO,02/01/2024,09:30:33,2.65,2.65,91040,2.7,56680,23520,4076880
FINNIFTY02JAN2421250PE.NFO,02/01/2024,09:30:34,2.65,2.65,58720,2.7,78720,15160,4076880
FINNIFTY02JAN2421250PE.NFO,02/01/2024,09:30:35,2.65,2.65,54160,2.7,73360,12880,4076880
FINNIFTY02JAN2421250PE.NFO,02/01/2024,09:30:36,2.65,2.65,50040,2.7,62720,9360,4076880
FINNIFTY02JAN2421250PE.NFO,02/01/2024,09:30:37,2.7,2.65,71160,2.7,18600,4560,4076880
FINNIFTY02JAN2421250PE.NFO,02/01/2024,09:30:38,2.65,2.65,85200,2.7,38000,22560,4076880
FINNIFTY02JAN2421250PE.NFO,02/01/2024,09:30:39,2.65,2.65,61040,2.7,89200,17920,4076880
FINNIFTY02JAN2421250PE.NFO,02/01/2024,09:30:40,2.65,2.65,14520,2.7,95320,8000,4076880
FINNIFTY02JAN2421250PE.NFO,02/01/2024,09:30:41,2.7,2.65,66640,2.7,69720,15720,4076880
FINNIFTY02JAN2421250PE.NFO,02/01/2024,09:30:42,2.7,2.65,87680,2.7,33520,1920,4076880
FINNIFTY02JAN2421250PE.NFO,02/01/2024,09:30:43,2.7,2.7,52440,2.75,90360,22120,4076880
FINNIFTY02JAN2421250PE.NFO,02/01/2024,09:30:44,2.7,2.7,55000,2.75,105040,5120,4076880
FINNIFTY02JAN2421250PE.NFO,02/01/2024,09:30:45,2.75,2.7,38560,2.75,97760,10880,4076880
FINNIFTY02JAN2421250PE.NFO,02/01/2024,09:30:46,2.75,2.7,85400,2.75,54920,200,4076880
FINNIFTY02JAN2421250PE.NFO,02/01/2024,09:30:47,2.7,2.7,75600,2.75,60400,7520,4076880
FINNIFTY02JAN2421250PE.NFO,02/01/2024,09:30:48,2.75,2.7,66040,2.75,76600,1920,4076880
FINNIFTY02JAN2421250PE.NFO,02/01/2024,09:30:49,2.75,2.7,71920,2.75,73240,2680,4076880
FINNIFTY02JAN2421250PE.NFO,02/01/2024,09:30:50,2.75,2.7,75200,2.75,60040,15080,4076880
FINNIFTY02JAN2421250PE.NFO,02/01/2024,09:30:52,2.7,2.7,103240,2.75,7200,76800,4076880
FINNIFTY02JAN2421250PE.NFO,02/01/2024,09:30:52,2.7,2.7,92320,2.75,3400,47920,4076880
FINNIFTY02JAN2421250PE.NFO,02/01/2024,09:30:53,2.75,2.7,86280,2.75,8960,30520,4076880
FINNIFTY02JAN2421250PE.NFO,02/01/2024,09:30:54,2.75,2.7,68160,2.75,38360,30240,4076880
FINNIFTY02JAN2421250PE.NFO,02/01/2024,09:30:55,2.7,2.7,93640,2.75,10400,12240,4076880
FINNIFTY02JAN2421250PE.NFO,02/01/2024,09:30:57,2.8,2.75,33800,2.8,71760,27240,4076880
FINNIFTY02JAN2421250PE.NFO,02/01/2024,09:30:57,2.75,2.75,54200,2.8,66200,280,4076880
FINNIFTY02JAN2421250PE.NFO,02/01/2024,09:30:58,2.75,2.75,62680,2.8,69440,6040,4076880
FINNIFTY02JAN2421250PE.NFO,02/01/2024,09:30:59,2.75,2.75,77600,2.8,45680,5240,4076880
FINNIFTY02JAN2421250PE.NFO,02/01/2024,09:31:00,2.75,2.7,76920,2.75,43720,22200,4076880
FINNIFTY02JAN2421250PE.NFO,02/01/2024,09:31:02,2.7,2.7,78680,2.75,61440,14040,4076880
FINNIFTY02JAN2421250PE.NFO,02/01/2024,09:31:02,2.7,2.7,75240,2.75,58680,2760,4076880
FINNIFTY02JAN2421250PE.NFO,02/01/2024,09:31:03,2.75,2.7,91280,2.75,120,14400,4076880
FINNIFTY02JAN2421250PE.NFO,02/01/2024,09:31:04,2.75,2.7,80000,2.75,36000,27600,4076880
FINNIFTY02JAN2421250PE.NFO,02/01/2024,09:31:05,2.7,2.7,70200,2.75,34640,3200,4076880
FINNIFTY02JAN2421250PE.NFO,02/01/2024,09:31:06,2.8,2.75,68640,2.8,52160,45040,4076880
FINNIFTY02JAN2421250PE.NFO,02/01/2024,09:31:08,2.75,2.75,55040,2.8,70280,10560,4076880
FINNIFTY02JAN2421250PE.NFO,02/01/2024,09:31:09,2.8,2.75,44120,2.8,67920,5000,4076880
FINNIFTY02JAN2421250PE.NFO,02/01/2024,09:31:09,2.75,2.75,36400,2.8,84200,440,4076880
FINNIFTY02JAN2421250PE.NFO,02/01/2024,09:31:10,2.75,2.75,78280,2.8,65320,3560,4076880
FINNIFTY02JAN2421250PE.NFO,02/01/2024,09:31:11,2.75,2.7,92440,2.75,51080,40120,4076880
FINNIFTY02JAN2421250PE.NFO,02/01/2024,09:31:12,2.8,2.75,80440,2.8,48960,35880,4076880
FINNIFTY02JAN2421250PE.NFO,02/01/2024,09:31:14,2.75,2.75,82560,2.8,41080,14440,4076880
FINNIFTY02JAN2421250PE.NFO,02/01/2024,09:31:14,2.8,2.75,60520,2.8,58320,7440,4076880
FINNIFTY02JAN2421250PE.NFO,02/01/2024,09:31:15,2.8,2.8,80960,2.85,74640,17560,4076880
FINNIFTY02JAN2421250PE.NFO,02/01/2024,09:31:16,2.85,2.8,66080,2.85,73480,10280,4076880
FINNIFTY02JAN2421250PE.NFO,02/01/2024,09:31:17,2.75,2.75,63520,2.8,64160,37280,4076880
FINNIFTY02JAN2421250PE.NFO,02/01/2024,09:31:18,2.85,2.8,57080,2.85,74760,9400,4076880
FINNIFTY02JAN2421250PE.NFO,02/01/2024,09:31:20,2.8,2.8,6480,2.85,105400,11960,4076880
FINNIFTY02JAN2421250PE.NFO,02/01/2024,09:31:20,2.85,2.8,21960,2.85,104400,3960,4076880
FINNIFTY02JAN2421250PE.NFO,02/01/2024,09:31:21,2.85,2.8,69760,2.85,77200,26400,4076880
FINNIFTY02JAN2421250PE.NFO,02/01/2024,09:31:22,2.8,2.75,88320,2.8,30440,18760,4076880
FINNIFTY02JAN2421250PE.NFO,02/01/2024,09:31:23,2.8,2.75,53240,2.8,73480,18520,4076880
FINNIFTY02JAN2421250PE.NFO,02/01/2024,09:31:24,2.8,2.75,63200,2.8,85320,3880,4076880
FINNIFTY02JAN2421250PE.NFO,02/01/2024,09:31:26,2.7,2.7,17440,2.75,95000,15280,4076880
FINNIFTY02JAN2421250PE.NFO,02/01/2024,09:31:26,2.75,2.7,24400,2.75,92120,5120,4076880
FINNIFTY02JAN2421250PE.NFO,02/01/2024,09:31:27,2.75,2.7,34280,2.75,89760,9560,4076880
FINNIFTY02JAN2421250PE.NFO,02/01/2024,09:31:28,2.75,2.7,85440,2.75,63480,30800,4076880
FINNIFTY02JAN2421250PE.NFO,02/01/2024,09:31:29,2.75,2.7,68080,2.75,83840,9200,4076880
FINNIFTY02JAN2421250PE.NFO,02/01/2024,09:31:31,2.75,2.7,84480,2.75,81640,6880,4076880
FINNIFTY02JAN2421250PE.NFO,02/01/2024,09:31:32,2.7,2.7,59120,2.75,79800,6760,4076880
FINNIFTY02JAN2421250PE.NFO,02/01/2024,09:31:32,2.75,2.7,96680,2.75,41760,1640,4076880
FINNIFTY02JAN2421250PE.NFO,02/01/2024,09:31:33,2.7,2.7,67880,2.75,67440,3800,4076880
FINNIFTY02JAN2421250PE.NFO,02/01/2024,09:31:34,2.8,2.75,89920,2.8,39240,24760,4076880
FINNIFTY02JAN2421250PE.NFO,02/01/2024,09:31:35,2.8,2.75,91200,2.8,37680,12040,4076880
FINNIFTY02JAN2421250PE.NFO,02/01/2024,09:31:36,2.75,2.75,90800,2.8,32600,16920,4076880
FINNIFTY02JAN2421250PE.NFO,02/01/2024,09:31:37,2.8,2.75,92320,2.8,33760,3280,4076880
FINNIFTY02JAN2421250PE.NFO,02/01/2024,09:31:38,2.8,2.75,90520,2.8,5440,25520,4076880
FINNIFTY02JAN2421250PE.NFO,02/01/2024,09:31:39,2.8,2.75,66120,2.8,22960,24600,4076880
FINNIFTY02JAN2421250PE.NFO,02/01/2024,09:31:40,2.8,2.75,79440,2.8,14480,11600,4076880
FINNIFTY02JAN2421250PE.NFO,02/01/2024,09:31:41,2.75,2.75,62960,2.8,43080,57720,4076880
FINNIFTY02JAN2421250PE.NFO,02/01/2024,09:31:43,2.75,2.75,78240,2.8,40680,18320,4076880
FINNIFTY02JAN2421250PE.NFO,02/01/2024,09:31:44,2.8,2.75,76960,2.8,43280,11040,4076880
FINNIFTY02JAN2421250PE.NFO,02/01/2024,09:31:44,2.8,2.75,58680,2.8,58840,4000,4076880
FINNIFTY02JAN2421250PE.NFO,02/01/2024,09:31:45,2.8,2.75,37160,2.8,62480,12600,4076880
FINNIFTY02JAN2421250PE.NFO,02/01/2024,09:31:46,2.75,2.7,83080,2.75,38360,37080,4076880
FINNIFTY02JAN2421250PE.NFO,02/01/2024,09:31:47,2.75,2.7,81880,2.75,37440,10600,4076880
FINNIFTY02JAN2421250PE.NFO,02/01/2024,09:31:48,2.7,2.7,56320,2.75,71320,12280,4076880
FINNIFTY02JAN2421250PE.NFO,02/01/2024,09:31:49,2.7,2.7,53120,2.75,95880,2480,4076880
FINNIFTY02JAN2421250PE.NFO,02/01/2024,09:31:51,2.7,2.7,87400,2.75,73440,11000,4076880
FINNIFTY02JAN2421250PE.NFO,02/01/2024,09:31:51,2.7,2.7,102760,2.75,78800,560,4076880
FINNIFTY02JAN2421250PE.NFO,02/01/2024,09:31:52,2.7,2.7,72080,2.75,98040,4840,4076880
FINNIFTY02JAN2421250PE.NFO,02/01/2024,09:31:53,2.7,2.7,93200,2.75,71920,6120,4076880
FINNIFTY02JAN2421250PE.NFO,02/01/2024,09:31:54,2.7,2.7,98840,2.75,2200,106280,4076880
FINNIFTY02JAN2421250PE.NFO,02/01/2024,09:31:56,2.75,2.75,72240,2.8,90240,13840,4076880
FINNIFTY02JAN2421250PE.NFO,02/01/2024,09:31:56,2.75,2.75,64000,2.8,92920,4600,4076880
FINNIFTY02JAN2421250PE.NFO,02/01/2024,09:31:57,2.75,2.75,71440,2.8,88960,17960,4076880
FINNIFTY02JAN2421250PE.NFO,02/01/2024,09:31:58,2.7,2.7,103560,2.75,2400,23440,4076880
FINNIFTY02JAN2421250PE.NFO,02/01/2024,09:31:59,2.7,2.7,69680,2.75,72320,17080,4076880
FINNIFTY02JAN2421250PE.NFO,02/01/2024,09:32:00,2.7,2.7,37200,2.75,78840,28360,4076880
FINNIFTY02JAN2421250PE.NFO,02/01/2024,09:32:02,2.75,2.7,75560,2.75,54840,22280,4076880
FINNIFTY02JAN2421250PE.NFO,02/01/2024,09:32:02,2.75,2.7,84840,2.75,49440,1800,4076880
FINNIFTY02JAN2421250PE.NFO,02/01/2024,09:32:03,2.7,2.7,54360,2.75,101600,10720,4076880
FINNIFTY02JAN2421250PE.NFO,02/01/2024,09:32:04,2.8,2.75,43640,2.8,81600,27640,4076880
FINNIFTY02JAN2421250PE.NFO,02/01/2024,09:32:05,2.7,2.7,60880,2.75,63440,19560,4076880
FINNIFTY02JAN2421250PE.NFO,02/01/2024,09:32:07,2.7,2.7,66640,2.75,63320,8640,4076880
FINNIFTY02JAN2421250PE.NFO,02/01/2024,09:32:07,2.7,2.7,25200,2.75,102520,1160,4076880
FINNIFTY02JAN2421250PE.NFO,02/01/2024,09:32:08,2.8,2.75,31760,2.8,73920,27040,4076880
FINNIFTY02JAN2421250PE.NFO,02/01/2024,09:32:09,2.8,2.75,77680,2.8,21480,22960,4076880
FINNIFTY02JAN2421250PE.NFO,02/01/2024,09:32:10,2.75,2.75,55480,2.8,73880,10880,4076880
FINNIFTY02JAN2421250PE.NFO,02/01/2024,09:32:12,2.75,2.75,67160,2.8,57880,7200,4076880
FINNIFTY02JAN2421250PE.NFO,02/01/2024,09:32:12,2.8,2.75,31280,2.8,83200,880,4076880
FINNIFTY02JAN2421250PE.NFO,02/01/2024,09:32:13,2.7,2.7,73600,2.75,62320,11880,4076880
FINNIFTY02JAN2421250PE.NFO,02/01/2024,09:32:14,2.75,2.7,75800,2.75,73720,3880,4076880
FINNIFTY02JAN2421250PE.NFO,02/01/2024,09:32:15,2.75,2.75,7200,2.8,93560,28680,4076880
FINNIFTY02JAN2421250PE.NFO,02/01/2024,09:32:16,2.75,2.75,69520,2.8,65720,16560,4076880
FINNIFTY02JAN2421250PE.NFO,02/01/2024,09:32:18,2.8,2.75,82680,2.8,9400,3720,4076880
FINNIFTY02JAN2421250PE.NFO,02/01/2024,09:32:18,2.8,2.75,83200,2.8,32400,1240,4076880
FINNIFTY02JAN2421250PE.NFO,02/01/2024,09:32:19,2.8,2.8,78200,2.85,46320,27240,4076880
FINNIFTY02JAN2421250PE.NFO,02/01/2024,09:32:20,2.8,2.8,48840,2.85,76440,10200,4076880
FINNIFTY02JAN2421250PE.NFO,02/01/2024,09:32:21,2.75,2.75,85800,2.8,10640,18080,4076880
FINNIFTY02JAN2421250PE.NFO,02/01/2024,09:32:22,2.8,2.75,84440,2.8,22960,4880,4076880
FINNIFTY02JAN2421250PE.NFO,02/01/2024,09:32:23,2.85,2.8,74560,2.85,29320,14760,4076880
FINNIFTY02JAN2421250PE.NFO,02/01/2024,09:32:24,2.8,2.8,74320,2.85,39960,7120,4076880
FINNIFTY02JAN2421250PE.NFO,02/01/2024,09:32:26,2.85,2.85,34720,2.9,87320,28360,4076880
FINNIFTY02JAN2421250PE.NFO,02/01/2024,09:32:26,2.85,2.8,78640,2.85,120,8360,4076880
FINNIFTY02JAN2421250PE.NFO,02/01/2024,09:32:27,2.85,2.8,47800,2.85,52760,9680,4076880
FINNIFTY02JAN2421250PE.NFO,02/01/2024,09:32:28,2.8,2.75,78520,2.8,53000,22960,4076880
FINNIFTY02JAN2421250PE.NFO,02/01/2024,09:32:29,2.8,2.75,40200,2.8,68160,13640,4076880
FINNIFTY02JAN2421250PE.NFO,02/01/2024,09:32:30,2.8,2.75,55200,2.8,59320,5560,4235600
FINNIFTY02JAN2421250PE.NFO,02/01/2024,09:32:31,2.75,2.75,62280,2.8,64680,9240,4235600
FINNIFTY02JAN2421250PE.NFO,02/01/2024,09:32:32,2.75,2.75,66840,2.8,69480,2120,4235600
FINNIFTY02JAN2421250PE.NFO,02/01/2024,09:32:34,2.8,2.75,86000,2.8,64360,10200,4235600
FINNIFTY02JAN2421250PE.NFO,02/01/2024,09:32:34,2.8,2.75,31680,2.8,82680,2800,4235600
FINNIFTY02JAN2421250PE.NFO,02/01/2024,09:32:35,2.75,2.75,82840,2.8,35720,7200,4235600
FINNIFTY02JAN2421250PE.NFO,02/01/2024,09:32:36,2.8,2.8,53480,2.85,79480,22600,4235600
FINNIFTY02JAN2421250PE.NFO,02/01/2024,09:32:37,2.85,2.85,43680,2.9,70120,29320,4235600
FINNIFTY02JAN2421250PE.NFO,02/01/2024,09:32:38,2.9,2.85,56960,2.9,34760,8240,4235600
FINNIFTY02JAN2421250PE.NFO,02/01/2024,09:32:39,2.9,2.85,68720,2.9,35520,9840,4235600
FINNIFTY02JAN2421250PE.NFO,02/01/2024,09:32:40,2.9,2.85,49960,2.9,67760,4320,4235600
FINNIFTY02JAN2421250PE.NFO,02/01/2024,09:32:41,2.85,2.85,2000,2.9,85320,45400,4235600
FINNIFTY02JAN2421250PE.NFO,02/01/2024,09:32:42,2.85,2.85,28000,2.9,90840,3640,4235600
FINNIFTY02JAN2421250PE.NFO,02/01/2024,09:32:43,2.85,2.85,41240,2.9,85720,2240,4235600
FINNIFTY02JAN2421250PE.NFO,02/01/2024,09:32:44,2.85,2.8,69160,2.85,63800,23840,4235600
FINNIFTY02JAN2421250PE.NFO,02/01/2024,09:32:45,2.85,2.8,103600,2.85,2400,17760,4235600
FINNIFTY02JAN2421250PE.NFO,02/01/2024,09:32:46,2.85,2.85,21880,2.9,88960,12920,4235600
FINNIFTY02JAN2421250PE.NFO,02/01/2024,09:32:47,2.85,2.8,65720,2.85,45960,37200,4235600
FINNIFTY02JAN2421250PE.NFO,02/01/2024,09:32:48,2.8,2.75,80560,2.8,3240,38560,4235600
FINNIFTY02JAN2421250PE.NFO,02/01/2024,09:32:49,2.85,2.8,26560,2.85,94800,16720,4235600
FINNIFTY02JAN2421250PE.NFO,02/01/2024,09:32:50,2.8,2.75,64600,2.8,67320,9600,4235600
FINNIFTY02JAN2421250PE.NFO,02/01/2024,09:32:51,2.85,2.8,28920,2.85,96120,8080,4235600
FINNIFTY02JAN2421250PE.NFO,02/01/2024,09:32:52,2.8,2.8,64400,2.85,94360,5200,4235600
FINNIFTY02JAN2421250PE.NFO,02/01/2024,09:32:53,2.85,2.85,62760,2.9,51080,81920,4235600
FINNIFTY02JAN2421250PE.NFO,02/01/2024,09:32:54,2.9,2.85,76000,2.9,50520,3600,4235600
FINNIFTY02JAN2421250PE.NFO,02/01/2024,09:32:55,2.85,2.85,60160,2.9,56120,2520,4235600
FINNIFTY02JAN2421250PE.NFO,02/01/2024,09:32:56,2.9,2.85,76440,2.9,52760,2440,4235600
FINNIFTY02JAN2421250PE.NFO,02/01/2024,09:32:57,2.9,2.85,79400,2.9,42480,11280,4235600
FINNIFTY02JAN2421250PE.NFO,02/01/2024,09:32:58,2.85,2.85,77480,2.9,47000,4360,4235600
FINNIFTY02JAN2421250PE.NFO,02/01/2024,09:32:59,2.9,2.85,63840,2.9,56640,28320,4235600
FINNIFTY02JAN2421250PE.NFO,02/01/2024,09:33:00,2.8,2.8,45720,2.85,57400,10280,4235600
FINNIFTY02JAN2421250PE.NFO,02/01/2024,09:33:01,2.85,2.8,26120,2.85,68080,28880,4235600
FINNIFTY02JAN2421250PE.NFO,02/01/2024,09:33:02,2.85,2.8,20920,2.85,72560,10480,4235600
FINNIFTY02JAN2421250PE.NFO,02/01/2024,09:33:03,2.8,2.75,73800,2.8,12840,8840,4235600
FINNIFTY02JAN2421250PE.NFO,02/01/2024,09:33:04,2.75,2.75,93560,2.8,53440,2880,4235600
FINNIFTY02JAN2421250PE.NFO,02/01/2024,09:33:05,2.8,2.75,92040,2.8,53240,3000,4235600
FINNIFTY02JAN2421250PE.NFO,02/01/2024,09:33:07,2.75,2.75,71080,2.8,63640,11080,4235600
FINNIFTY02JAN2421250PE.NFO,02/01/2024,09:33:08,2.8,2.8,77680,2.85,66160,15360,4235600
FINNIFTY02JAN2421250PE.NFO,02/01/2024,09:33:08,2.85,2.8,1840,2.85,92760,6800,4235600
FINNIFTY02JAN2421250PE.NFO,02/01/2024,09:33:09,2.75,2.75,70280,2.8,67560,6720,4235600
FINNIFTY02JAN2421250PE.NFO,02/01/2024,09:33:10,2.85,2.8,28160,2.85,70320,13240,4235600
FINNIFTY02JAN2421250PE.NFO,02/01/2024,09:33:12,2.85,2.8,79640,2.85,68040,4720,4235600
FINNIFTY02JAN2421250PE.NFO,02/01/2024,09:33:13,2.85,2.8,84960,2.85,67880,1480,4235600
FINNIFTY02JAN2421250PE.NFO,02/01/2024,09:33:13,2.85,2.8,84600,2.85,68280,120,4235600
FINNIFTY02JAN2421250PE.NFO,02/01/2024,09:33:14,2.85,2.8,90720,2.85,29600,3440,4235600
FINNIFTY02JAN2421250PE.NFO,02/01/2024,09:33:15,2.85,2.85,40280,2.9,88320,19920,4235600
FINNIFTY02JAN2421250PE.NFO,02/01/2024,09:33:17,2.9,2.85,76880,2.9,56240,13760,4235600
FINNIFTY02JAN2421250PE.NFO,02/01/2024,09:33:18,2.85,2.8,95000,2.85,7360,11040,4235600
FINNIFTY02JAN2421250PE.NFO,02/01/2024,09:33:19,2.8,2.8,88920,2.85,25960,2320,4235600
FINNIFTY02JAN2421250PE.NFO,02/01/2024,09:33:19,2.85,2.8,100880,2.85,23200,1240,4235600
FINNIFTY02JAN2421250PE.NFO,02/01/2024,09:33:20,2.8,2.8,74480,2.85,29280,34440,4235600
FINNIFTY02JAN2421250PE.NFO,02/01/2024,09:33:21,2.8,2.8,78600,2.85,29480,2040,4235600
FINNIFTY02JAN2421250PE.NFO,02/01/2024,09:33:23,2.9,2.85,70960,2.9,66400,22160,4235600
FINNIFTY02JAN2421250PE.NFO,02/01/2024,09:33:24,2.85,2.85,48400,2.9,68720,15640,4235600
FINNIFTY02JAN2421250PE.NFO,02/01/2024,09:33:24,2.9,2.85,67680,2.9,70240,40,4235600
FINNIFTY02JAN2421250PE.NFO,02/01/2024,09:33:25,2.9,2.85,46960,2.9,82160,2880,4235600
FINNIFTY02JAN2421250PE.NFO,02/01/2024,09:33:26,2.95,2.9,77560,2.95,33880,11720,4235600
FINNIFTY02JAN2421250PE.NFO,02/01/2024,09:33:28,2.9,2.85,80320,2.9,5720,17120,4235600
FINNIFTY02JAN2421250PE.NFO,02/01/2024,09:33:29,2.9,2.9,6280,2.95,76640,32960,4235600
FINNIFTY02JAN2421250PE.NFO,02/01/2024,09:33:29,2.9,2.9,4120,2.95,77000,4520,4235600
FINNIFTY02JAN2421250PE.NFO,02/01/2024,09:33:30,2.9,2.85,52200,2.9,38400,3280,4235600
FINNIFTY02JAN2421250PE.NFO,02/01/2024,09:33:31,2.9,2.85,68280,2.9,25080,1480,4235600
FINNIFTY02JAN2421250PE.NFO,02/01/2024,09:33:33,2.85,2.8,90480,2.85,23480,9760,4235600
FINNIFTY02JAN2421250PE.NFO,02/01/2024,09:33:34,2.85,2.8,88360,2.85,27000,16960,4235600
FINNIFTY02JAN2421250PE.NFO,02/01/2024,09:33:34,2.85,2.8,70440,2.85,36160,1400,4235600
FINNIFTY02JAN2421250PE.NFO,02/01/2024,09:33:35,2.85,2.8,89400,2.85,24920,3240,4235600
FINNIFTY02JAN2421250PE.NFO,02/01/2024,09:33:36,2.85,2.85,4200,2.9,85080,14240,4235600
FINNIFTY02JAN2421250PE.NFO,02/01/2024,09:33:37,2.85,2.8,80560,2.85,41560,17680,4235600
FINNIFTY02JAN2421250PE.NFO,02/01/2024,09:33:39,2.8,2.8,80560,2.85,22680,5040,4235600
FINNIFTY02JAN2421250PE.NFO,02/01/2024,09:33:40,2.9,2.85,55000,2.9,78800,18040,4235600
FINNIFTY02JAN2421250PE.NFO,02/01/2024,09:33:40,2.9,2.85,40200,2.9,74400,80,4235600
FINNIFTY02JAN2421250PE.NFO,02/01/2024,09:33:41,2.9,2.85,72200,2.9,29040,27520,4235600
FINNIFTY02JAN2421250PE.NFO,02/01/2024,09:33:42,2.85,2.85,57240,2.9,69600,3680,4235600
FINNIFTY02JAN2421250PE.NFO,02/01/2024,09:33:44,2.8,2.8,41360,2.85,59880,19480,4235600
FINNIFTY02JAN2421250PE.NFO,02/01/2024,09:33:45,2.85,2.8,69280,2.85,35360,4280,4235600
FINNIFTY02JAN2421250PE.NFO,02/01/2024,09:33:45,2.8,2.8,58000,2.85,36640,560,4235600
FINNIFTY02JAN2421250PE.NFO,02/01/2024,09:33:46,2.85,2.8,62600,2.85,42560,12400,4235600
FINNIFTY02JAN2421250PE.NFO,02/01/2024,09:33:47,2.85,2.8,66720,2.85,47080,1200,4235600
FINNIFTY02JAN2421250PE.NFO,02/01/2024,09:33:48,2.85,2.8,67280,2.85,46040,1960,4235600
FINNIFTY02JAN2421250PE.NFO,02/01/2024,09:33:49,2.8,2.8,50400,2.85,63760,1360,4235600
FINNIFTY02JAN2421250PE.NFO,02/01/2024,09:33:50,2.8,2.8,6160,2.85,86680,31560,4235600
FINNIFTY02JAN2421250PE.NFO,02/01/2024,09:33:51,2.8,2.75,58880,2.8,65800,55680,4235600
FINNIFTY02JAN2421250PE.NFO,02/01/2024,09:33:52,2.7,2.7,63960,2.75,44800,49840,4235600
FINNIFTY02JAN2421250PE.NFO,02/01/2024,09:33:53,2.75,2.7,61880,2.75,41200,7400,4235600
FINNIFTY02JAN2421250PE.NFO,02/01/2024,09:33:54,2.8,2.75,6280,2.8,106840,10560,4235600
FINNIFTY02JAN2421250PE.NFO,02/01/2024,09:33:55,2.75,2.75,10560,2.8,100920,10560,4235600
FINNIFTY02JAN2421250PE.NFO,02/01/2024,09:33:56,2.75,2.75,46800,2.8,85800,9200,4235600
FINNIFTY02JAN2421250PE.NFO,02/01/2024,09:33:57,2.8,2.75,58920,2.8,79960,7240,4235600
FINNIFTY02JAN2421250PE.NFO,02/01/2024,09:33:58,2.8,2.75,38960,2.8,85720,6280,4235600
FINNIFTY02JAN2421250PE.NFO,02/01/2024,09:33:59,2.8,2.75,77720,2.8,59560,5240,4235600
FINNIFTY02JAN2421250PE.NFO,02/01/2024,09:34:01,2.75,2.75,36520,2.8,90080,4680,4235600
FINNIFTY02JAN2421250PE.NFO,02/01/2024,09:34:02,2.85,2.8,79880,2.85,37040,26880,4235600
FINNIFTY02JAN2421250PE.NFO,02/01/2024,09:34:02,2.85,2.8,86160,2.85,37360,1520,4235600
FINNIFTY02JAN2421250PE.NFO,02/01/2024,09:34:03,2.8,2.8,85040,2.85,10600,30000,4235600
FINNIFTY02JAN2421250PE.NFO,02/01/2024,09:34:04,2.85,2.8,63400,2.85,67000,8280,4235600
FINNIFTY02JAN2421250PE.NFO,02/01/2024,09:34:06,2.85,2.8,81400,2.85,30720,5800,4235600
FINNIFTY02JAN2421250PE.NFO,02/01/2024,09:34:07,2.8,2.8,76240,2.85,82320,3800,4235600
FINNIFTY02JAN2421250PE.NFO,02/01/2024,09:34:08,2.8,2.8,61880,2.85,35520,15640,4235600
FINNIFTY02JAN2421250PE.NFO,02/01/2024,09:34:08,2.85,2.8,82920,2.85,13600,5360,4235600
FINNIFTY02JAN2421250PE.NFO,02/01/2024,09:34:09,2.8,2.8,71640,2.85,30600,13960,4235600
FINNIFTY02JAN2421250PE.NFO,02/01/2024,09:34:10,2.85,2.8,79280,2.85,23640,5800,4235600
FINNIFTY02JAN2421250PE.NFO,02/01/2024,09:34:12,2.9,2.85,58160,2.9,51520,33440,4235600
FINNIFTY02JAN2421250PE.NFO,02/01/2024,09:34:13,2.85,2.85,40040,2.9,81800,5480,4235600
FINNIFTY02JAN2421250PE.NFO,02/01/2024,09:34:13,2.85,2.85,38240,2.9,91600,360,4235600
FINNIFTY02JAN2421250PE.NFO,02/01/2024,09:34:14,2.85,2.8,84440,2.85,37320,13360,4235600
