Ticker,Date,Time,LTP,BuyPrice,BuyQty,SellPrice,SellQty,LTQ,OpenInterest
FINNIFTY02JAN2423100CE.NFO,02/01/2024,09:15:07,0.4,0.2,4440,0.5,480,2200,54280
FINNIFTY02JAN2423100CE.NFO,02/01/2024,09:15:07,0.4,0.2,4440,0.5,480,0,54280
FINNIFTY02JAN2423100CE.NFO,02/01/2024,09:15:07,0.5,0.2,4440,0.5,480,0,54280
FINNIFTY02JAN2423100CE.NFO,02/01/2024,09:15:07,0.35,0.2,4440,0.5,480,0,54280
FINNIFTY02JAN2423100CE.NFO,02/01/2024,09:15:19,0.2,0.2,1680,0.45,3000,3480,54280
FINNIFTY02JAN2423100CE.NFO,02/01/2024,09:15:19,0.2,0.2,1680,0.45,3000,0,54280
FINNIFTY02JAN2423100CE.NFO,02/01/2024,09:15:31,0.2,0.2,5600,0.35,1880,1440,54280
FINNIFTY02JAN2423100CE.NFO,02/01/2024,09:15:40,0.2,0.2,12840,0.35,480,40,54280
FINNIFTY02JAN2423100CE.NFO,02/01/2024,09:15:49,0.2,0.25,2320,0.35,480,0,54280
FINNIFTY02JAN2423100CE.NFO,02/01/2024,09:15:58,0.25,0.25,1920,0.35,1000,400,54280
FINNIFTY02JAN2423100CE.NFO,02/01/2024,09:16:08,0.25,0.2,54040,0.25,5000,3040,54280
FINNIFTY02JAN2423100CE.NFO,02/01/2024,09:16:16,0.25,0.2,54680,0.25,6240,80,54280
FINNIFTY02JAN2423100CE.NFO,02/01/2024,09:16:24,0.25,0.2,54680,0.25,5760,480,54280
FINNIFTY02JAN2423100CE.NFO,02/01/2024,09:16:40,0.2,0.2,54640,0.25,7000,40,54280
FINNIFTY02JAN2423100CE.NFO,02/01/2024,09:16:49,0.2,0.2,54760,0.25,7000,0,54280
FINNIFTY02JAN2423100CE.NFO,02/01/2024,09:16:56,0.25,0.2,73040,0.25,6960,40,54280
FINNIFTY02JAN2423100CE.NFO,02/01/2024,09:17:04,0.25,0.2,74680,0.25,3080,4680,54280
FINNIFTY02JAN2423100CE.NFO,02/01/2024,09:17:13,0.25,0.25,6360,0.3,11040,2640,54280
FINNIFTY02JAN2423100CE.NFO,02/01/2024,09:17:21,0.25,0.25,3080,0.3,11240,2280,54280
FINNIFTY02JAN2423100CE.NFO,02/01/2024,09:17:29,0.25,0.25,3280,0.3,11240,0,54280
FINNIFTY02JAN2423100CE.NFO,02/01/2024,09:17:46,0.25,0.25,3840,0.3,11240,360,62880
FINNIFTY02JAN2423100CE.NFO,02/01/2024,09:18:01,0.25,0.25,3720,0.3,12440,0,62880
FINNIFTY02JAN2423100CE.NFO,02/01/2024,09:18:09,0.25,0.25,3640,0.3,13240,0,62880
FINNIFTY02JAN2423100CE.NFO,02/01/2024,09:18:16,0.25,0.25,3640,0.3,13440,0,62880
FINNIFTY02JAN2423100CE.NFO,02/01/2024,09:18:31,0.25,0.25,3840,0.3,13440,0,62880
FINNIFTY02JAN2423100CE.NFO,02/01/2024,09:18:38,0.25,0.25,3440,0.3,13440,1800,62880
FINNIFTY02JAN2423100CE.NFO,02/01/2024,09:18:45,0.25,0.2,62120,0.3,14200,3360,62880
FINNIFTY02JAN2423100CE.NFO,02/01/2024,09:18:54,0.25,0.25,1800,0.3,14120,0,62880
FINNIFTY02JAN2423100CE.NFO,02/01/2024,09:19:04,0.25,0.25,13320,0.3,14240,0,62880
FINNIFTY02JAN2423100CE.NFO,02/01/2024,09:19:12,0.3,0.25,13360,0.3,13640,400,62880
FINNIFTY02JAN2423100CE.NFO,02/01/2024,09:19:29,0.25,0.25,13600,0.3,17200,1280,62880
FINNIFTY02JAN2423100CE.NFO,02/01/2024,09:19:37,0.25,0.25,2080,0.3,15320,0,62880
FINNIFTY02JAN2423100CE.NFO,02/01/2024,09:19:47,0.25,0.2,63840,0.25,5680,560,62880
FINNIFTY02JAN2423100CE.NFO,02/01/2024,09:19:55,0.25,0.2,63840,0.25,7520,0,62880
FINNIFTY02JAN2423100CE.NFO,02/01/2024,09:20:03,0.25,0.2,63840,0.25,9000,0,62880
FINNIFTY02JAN2423100CE.NFO,02/01/2024,09:20:11,0.25,0.2,63840,0.25,9120,0,62880
FINNIFTY02JAN2423100CE.NFO,02/01/2024,09:20:19,0.25,0.2,65160,0.25,9120,0,62880
FINNIFTY02JAN2423100CE.NFO,02/01/2024,09:20:50,0.25,0.2,65160,0.25,8480,640,68120
FINNIFTY02JAN2423100CE.NFO,02/01/2024,09:20:59,0.25,0.2,65160,0.25,8200,280,68120
FINNIFTY02JAN2423100CE.NFO,02/01/2024,09:21:11,0.2,0.2,64360,0.25,8280,1200,68120
FINNIFTY02JAN2423100CE.NFO,02/01/2024,09:21:23,0.2,0.2,64080,0.25,9080,280,68120
FINNIFTY02JAN2423100CE.NFO,02/01/2024,09:21:35,0.25,0.25,5040,0.3,9960,7440,68120
FINNIFTY02JAN2423100CE.NFO,02/01/2024,09:21:46,0.3,0.25,42440,0.3,14560,400,68120
FINNIFTY02JAN2423100CE.NFO,02/01/2024,09:21:57,0.3,0.25,45240,0.3,10200,2800,68120
FINNIFTY02JAN2423100CE.NFO,02/01/2024,09:22:09,0.3,0.25,47040,0.3,11200,800,68120
FINNIFTY02JAN2423100CE.NFO,02/01/2024,09:22:20,0.3,0.25,47040,0.3,10720,480,68120
FINNIFTY02JAN2423100CE.NFO,02/01/2024,09:22:31,0.3,0.25,47040,0.3,7880,800,68120
FINNIFTY02JAN2423100CE.NFO,02/01/2024,09:22:43,0.3,0.25,48480,0.3,8600,0,68120
FINNIFTY02JAN2423100CE.NFO,02/01/2024,09:23:16,0.3,0.25,48480,0.3,9800,0,68120
FINNIFTY02JAN2423100CE.NFO,02/01/2024,09:23:26,0.3,0.25,48480,0.3,8360,0,68120
FINNIFTY02JAN2423100CE.NFO,02/01/2024,09:23:37,0.25,0.25,40480,0.3,8600,800,73680
FINNIFTY02JAN2423100CE.NFO,02/01/2024,09:23:48,0.3,0.25,46160,0.3,8840,3400,73680
FINNIFTY02JAN2423100CE.NFO,02/01/2024,09:23:58,0.25,0.25,43600,0.3,9480,1960,73680
FINNIFTY02JAN2423100CE.NFO,02/01/2024,09:24:09,0.3,0.25,42120,0.3,3600,5480,73680
FINNIFTY02JAN2423100CE.NFO,02/01/2024,09:24:19,0.25,0.25,40040,0.3,6120,280,73680
FINNIFTY02JAN2423100CE.NFO,02/01/2024,09:24:31,0.25,0.25,41840,0.3,7920,0,73680
FINNIFTY02JAN2423100CE.NFO,02/01/2024,09:25:03,0.25,0.25,38840,0.3,9400,1200,73680
FINNIFTY02JAN2423100CE.NFO,02/01/2024,09:25:14,0.25,0.25,40360,0.3,11200,280,73680
FINNIFTY02JAN2423100CE.NFO,02/01/2024,09:25:25,0.25,0.25,37400,0.3,10760,1240,73680
FINNIFTY02JAN2423100CE.NFO,02/01/2024,09:25:36,0.25,0.25,35480,0.3,10760,1920,73680
FINNIFTY02JAN2423100CE.NFO,02/01/2024,09:25:47,0.3,0.25,35200,0.3,10720,320,73680
FINNIFTY02JAN2423100CE.NFO,02/01/2024,09:25:58,0.3,0.25,35200,0.3,10720,0,73680
FINNIFTY02JAN2423100CE.NFO,02/01/2024,09:26:08,0.3,0.25,33400,0.3,12160,0,73680
FINNIFTY02JAN2423100CE.NFO,02/01/2024,09:26:33,0.3,0.25,33400,0.3,12120,0,73680
FINNIFTY02JAN2423100CE.NFO,02/01/2024,09:26:58,0.3,0.25,38400,0.3,12240,1800,74280
FINNIFTY02JAN2423100CE.NFO,02/01/2024,09:27:32,0.25,0.25,38000,0.3,12840,2200,74280
FINNIFTY02JAN2423100CE.NFO,02/01/2024,09:27:43,0.25,0.25,37200,0.3,14440,800,74280
FINNIFTY02JAN2423100CE.NFO,02/01/2024,09:27:54,0.25,0.25,35800,0.3,14440,1400,74280
FINNIFTY02JAN2423100CE.NFO,02/01/2024,09:28:07,0.25,0.25,34000,0.3,15520,0,74280
FINNIFTY02JAN2423100CE.NFO,02/01/2024,09:28:31,0.25,0.25,21200,0.3,21800,6400,74280
FINNIFTY02JAN2423100CE.NFO,02/01/2024,09:28:43,0.25,0.25,19400,0.3,23240,0,74280
FINNIFTY02JAN2423100CE.NFO,02/01/2024,09:29:06,0.25,0.25,20360,0.3,23440,0,74280
FINNIFTY02JAN2423100CE.NFO,02/01/2024,09:29:17,0.25,0.25,18560,0.3,23960,0,74280
FINNIFTY02JAN2423100CE.NFO,02/01/2024,09:29:29,0.25,0.25,20320,0.3,24200,40,74280
FINNIFTY02JAN2423100CE.NFO,02/01/2024,09:29:41,0.25,0.25,18520,0.3,24240,0,74280
FINNIFTY02JAN2423100CE.NFO,02/01/2024,09:29:53,0.25,0.25,20320,0.3,24240,0,74280
FINNIFTY02JAN2423100CE.NFO,02/01/2024,09:30:16,0.25,0.25,12280,0.3,24240,0,74280
FINNIFTY02JAN2423100CE.NFO,02/01/2024,09:30:28,0.25,0.25,9480,0.3,24240,0,74280
FINNIFTY02JAN2423100CE.NFO,02/01/2024,09:30:39,0.25,0.25,9480,0.3,23360,0,74280
FINNIFTY02JAN2423100CE.NFO,02/01/2024,09:31:12,0.25,0.25,11280,0.3,23160,0,74280
FINNIFTY02JAN2423100CE.NFO,02/01/2024,09:31:24,0.25,0.25,9480,0.3,23560,0,74280
FINNIFTY02JAN2423100CE.NFO,02/01/2024,09:32:42,0.25,0.25,11280,0.3,23560,0,74280
FINNIFTY02JAN2423100CE.NFO,02/01/2024,09:33:27,0.25,0.25,13480,0.3,24760,0,74280
FINNIFTY02JAN2423100CE.NFO,02/01/2024,09:33:49,0.3,0.25,13480,0.3,24240,80,85040
FINNIFTY02JAN2423100CE.NFO,02/01/2024,09:34:00,0.3,0.25,13480,0.3,24640,0,85040
FINNIFTY02JAN2423100CE.NFO,02/01/2024,09:35:13,0.3,0.25,13480,0.3,25040,0,85040
FINNIFTY02JAN2423100CE.NFO,02/01/2024,09:35:44,0.25,0.25,10480,0.3,28440,1800,85120
FINNIFTY02JAN2423100CE.NFO,02/01/2024,09:36:06,0.25,0.25,10480,0.3,29840,0,85120
FINNIFTY02JAN2423100CE.NFO,02/01/2024,09:36:18,0.25,0.25,10440,0.3,31640,40,85120
FINNIFTY02JAN2423100CE.NFO,02/01/2024,09:36:40,0.25,0.25,10440,0.3,36800,0,85120
FINNIFTY02JAN2423100CE.NFO,02/01/2024,09:36:50,0.25,0.25,10440,0.3,38600,0,85120
FINNIFTY02JAN2423100CE.NFO,02/01/2024,09:38:13,0.3,0.25,10440,0.3,38560,40,85120
FINNIFTY02JAN2423100CE.NFO,02/01/2024,09:38:24,0.3,0.25,10440,0.3,40360,0,85120
FINNIFTY02JAN2423100CE.NFO,02/01/2024,09:39:08,0.25,0.25,4760,0.3,28320,12040,84320
FINNIFTY02JAN2423100CE.NFO,02/01/2024,09:39:18,0.25,0.2,69480,0.25,17920,1440,84320
FINNIFTY02JAN2423100CE.NFO,02/01/2024,09:39:40,0.25,0.2,69480,0.25,17480,160,84320
FINNIFTY02JAN2423100CE.NFO,02/01/2024,09:39:51,0.25,0.2,69840,0.25,19040,160,84320
FINNIFTY02JAN2423100CE.NFO,02/01/2024,09:40:02,0.25,0.2,69840,0.25,18840,0,84320
FINNIFTY02JAN2423100CE.NFO,02/01/2024,09:40:15,0.25,0.2,69720,0.25,20560,80,84320
FINNIFTY02JAN2423100CE.NFO,02/01/2024,09:40:28,0.25,0.2,69720,0.25,21360,0,84320
FINNIFTY02JAN2423100CE.NFO,02/01/2024,09:40:40,0.25,0.2,69720,0.25,23160,0,84320
FINNIFTY02JAN2423100CE.NFO,02/01/2024,09:40:52,0.25,0.2,70080,0.25,23120,40,84320
FINNIFTY02JAN2423100CE.NFO,02/01/2024,09:41:05,0.25,0.2,70080,0.25,22040,1080,84320
FINNIFTY02JAN2423100CE.NFO,02/01/2024,09:41:16,0.25,0.2,70080,0.25,22080,0,84320
FINNIFTY02JAN2423100CE.NFO,02/01/2024,09:41:27,0.25,0.2,70080,0.25,22000,80,84320
FINNIFTY02JAN2423100CE.NFO,02/01/2024,09:41:38,0.25,0.2,70080,0.25,21920,80,80200
FINNIFTY02JAN2423100CE.NFO,02/01/2024,09:41:49,0.25,0.2,70440,0.25,21760,160,80200
FINNIFTY02JAN2423100CE.NFO,02/01/2024,09:42:00,0.25,0.2,70440,0.25,21720,40,80200
FINNIFTY02JAN2423100CE.NFO,02/01/2024,09:42:11,0.25,0.2,70440,0.25,21680,40,80200
FINNIFTY02JAN2423100CE.NFO,02/01/2024,09:42:22,0.25,0.2,72240,0.25,21680,0,80200
FINNIFTY02JAN2423100CE.NFO,02/01/2024,09:42:33,0.25,0.2,72240,0.25,21600,80,80200
FINNIFTY02JAN2423100CE.NFO,02/01/2024,09:42:44,0.25,0.2,72240,0.25,21520,80,80200
FINNIFTY02JAN2423100CE.NFO,02/01/2024,09:42:54,0.25,0.2,72240,0.25,26840,80,80200
FINNIFTY02JAN2423100CE.NFO,02/01/2024,09:43:17,0.25,0.2,72640,0.25,26720,120,80200
FINNIFTY02JAN2423100CE.NFO,02/01/2024,09:43:51,0.25,0.2,72640,0.25,26680,40,80200
FINNIFTY02JAN2423100CE.NFO,02/01/2024,09:44:02,0.25,0.2,72640,0.25,26480,200,80200
FINNIFTY02JAN2423100CE.NFO,02/01/2024,09:44:13,0.25,0.2,67360,0.25,22760,3720,80200
FINNIFTY02JAN2423100CE.NFO,02/01/2024,09:44:25,0.25,0.2,67360,0.25,22520,240,80200
FINNIFTY02JAN2423100CE.NFO,02/01/2024,09:44:45,0.25,0.2,67360,0.25,22400,120,75440
FINNIFTY02JAN2423100CE.NFO,02/01/2024,09:45:06,0.25,0.2,67360,0.25,15320,1680,75440
FINNIFTY02JAN2423100CE.NFO,02/01/2024,09:45:28,0.25,0.2,67360,0.25,18800,120,75440
FINNIFTY02JAN2423100CE.NFO,02/01/2024,09:45:50,0.25,0.2,67360,0.25,18760,40,75440
FINNIFTY02JAN2423100CE.NFO,02/01/2024,09:46:34,0.25,0.2,67360,0.25,18960,0,75440
FINNIFTY02JAN2423100CE.NFO,02/01/2024,09:47:16,0.2,0.2,67320,0.25,18760,40,75440
FINNIFTY02JAN2423100CE.NFO,02/01/2024,09:47:48,0.2,0.2,67320,0.25,18760,0,75440
FINNIFTY02JAN2423100CE.NFO,02/01/2024,09:48:20,0.2,0.2,67360,0.25,18760,0,75440
FINNIFTY02JAN2423100CE.NFO,02/01/2024,09:48:40,0.25,0.2,67360,0.25,18280,480,73800
FINNIFTY02JAN2423100CE.NFO,02/01/2024,09:49:51,0.25,0.2,67360,0.25,18280,0,73800
FINNIFTY02JAN2423100CE.NFO,02/01/2024,09:50:41,0.25,0.2,68160,0.25,18280,0,73800
FINNIFTY02JAN2423100CE.NFO,02/01/2024,09:51:56,0.25,0.2,67160,0.25,18040,1240,73800
FINNIFTY02JAN2423100CE.NFO,02/01/2024,09:52:07,0.25,0.2,66360,0.25,17240,800,73800
FINNIFTY02JAN2423100CE.NFO,02/01/2024,09:52:47,0.25,0.2,66520,0.25,17240,0,73800
FINNIFTY02JAN2423100CE.NFO,02/01/2024,09:52:57,0.25,0.2,66520,0.25,19040,0,73800
FINNIFTY02JAN2423100CE.NFO,02/01/2024,09:54:31,0.2,0.2,59320,0.25,19040,7200,73440
FINNIFTY02JAN2423100CE.NFO,02/01/2024,09:54:42,0.2,0.2,59320,0.25,35960,0,73440
FINNIFTY02JAN2423100CE.NFO,02/01/2024,09:54:53,0.2,0.2,65600,0.25,36080,0,73440
FINNIFTY02JAN2423100CE.NFO,02/01/2024,09:55:06,0.25,0.2,65600,0.25,35600,480,73440
FINNIFTY02JAN2423100CE.NFO,02/01/2024,09:55:17,0.2,0.2,65080,0.25,35600,520,73440
FINNIFTY02JAN2423100CE.NFO,02/01/2024,09:55:29,0.25,0.2,65080,0.25,32520,3080,73440
FINNIFTY02JAN2423100CE.NFO,02/01/2024,09:55:42,0.25,0.2,65120,0.25,32520,0,73440
FINNIFTY02JAN2423100CE.NFO,02/01/2024,09:55:53,0.25,0.2,65120,0.25,31760,760,73440
FINNIFTY02JAN2423100CE.NFO,02/01/2024,09:56:06,0.25,0.2,65120,0.25,23800,2520,73440
FINNIFTY02JAN2423100CE.NFO,02/01/2024,09:56:20,0.25,0.2,65120,0.25,22560,1240,73440
FINNIFTY02JAN2423100CE.NFO,02/01/2024,09:56:34,0.25,0.2,83440,0.25,26360,2120,69240
FINNIFTY02JAN2423100CE.NFO,02/01/2024,09:56:46,0.2,0.2,82520,0.25,26360,920,69240
FINNIFTY02JAN2423100CE.NFO,02/01/2024,09:57:00,0.2,0.2,74480,0.25,32560,1240,69240
FINNIFTY02JAN2423100CE.NFO,02/01/2024,09:57:13,0.25,0.2,81680,0.25,9000,12760,69240
FINNIFTY02JAN2423100CE.NFO,02/01/2024,09:57:26,0.25,0.25,91200,0.3,22280,21000,69240
FINNIFTY02JAN2423100CE.NFO,02/01/2024,09:57:39,0.25,0.25,88720,0.3,25040,680,69240
FINNIFTY02JAN2423100CE.NFO,02/01/2024,09:57:51,0.3,0.25,88680,0.3,16760,3640,69240
FINNIFTY02JAN2423100CE.NFO,02/01/2024,09:58:02,0.3,0.25,100840,0.3,11240,7200,69240
FINNIFTY02JAN2423100CE.NFO,02/01/2024,09:58:14,0.3,0.25,103160,0.3,11160,2080,69240
FINNIFTY02JAN2423100CE.NFO,02/01/2024,09:58:25,0.3,0.25,109280,0.3,12560,200,69240
FINNIFTY02JAN2423100CE.NFO,02/01/2024,09:58:37,0.3,0.3,8320,0.35,39680,14400,69240
FINNIFTY02JAN2423100CE.NFO,02/01/2024,09:58:49,0.3,0.3,6720,0.35,51480,80,69240
FINNIFTY02JAN2423100CE.NFO,02/01/2024,09:59:00,0.3,0.25,103920,0.3,7000,5480,69240
FINNIFTY02JAN2423100CE.NFO,02/01/2024,09:59:11,0.3,0.3,1200,0.35,47280,6240,69240
FINNIFTY02JAN2423100CE.NFO,02/01/2024,09:59:22,0.3,0.3,32920,0.35,63200,0,69240
FINNIFTY02JAN2423100CE.NFO,02/01/2024,09:59:33,0.3,0.3,32920,0.35,62960,0,69240
FINNIFTY02JAN2423100CE.NFO,02/01/2024,09:59:55,0.3,0.3,16000,0.35,48560,0,69240
FINNIFTY02JAN2423100CE.NFO,02/01/2024,10:00:06,0.3,0.25,90200,0.3,200,36840,75840
FINNIFTY02JAN2423100CE.NFO,02/01/2024,10:00:17,0.35,0.3,24320,0.35,27360,1160,75840
FINNIFTY02JAN2423100CE.NFO,02/01/2024,10:00:29,0.35,0.3,11080,0.35,23680,80,75840
FINNIFTY02JAN2423100CE.NFO,02/01/2024,10:00:41,0.35,0.3,11080,0.35,23680,0,75840
FINNIFTY02JAN2423100CE.NFO,02/01/2024,10:00:52,0.3,0.25,91800,0.3,8680,11480,75840
FINNIFTY02JAN2423100CE.NFO,02/01/2024,10:01:03,0.3,0.25,91560,0.3,10480,0,75840
FINNIFTY02JAN2423100CE.NFO,02/01/2024,10:01:14,0.3,0.25,87960,0.3,10480,0,75840
FINNIFTY02JAN2423100CE.NFO,02/01/2024,10:01:26,0.3,0.25,84360,0.3,15880,3000,75840
FINNIFTY02JAN2423100CE.NFO,02/01/2024,10:01:37,0.3,0.25,95760,0.3,10240,26320,75840
FINNIFTY02JAN2423100CE.NFO,02/01/2024,10:01:48,0.3,0.25,95760,0.3,16800,40,75840
FINNIFTY02JAN2423100CE.NFO,02/01/2024,10:01:59,0.3,0.25,96240,0.3,18280,320,75840
FINNIFTY02JAN2423100CE.NFO,02/01/2024,10:02:10,0.3,0.25,96280,0.3,18280,0,75840
FINNIFTY02JAN2423100CE.NFO,02/01/2024,10:02:21,0.3,0.25,96240,0.3,18240,40,75840
FINNIFTY02JAN2423100CE.NFO,02/01/2024,10:02:42,0.25,0.25,92440,0.3,7800,8440,73040
FINNIFTY02JAN2423100CE.NFO,02/01/2024,10:02:54,0.3,0.25,89080,0.3,2880,10680,73040
FINNIFTY02JAN2423100CE.NFO,02/01/2024,10:03:05,0.3,0.25,88840,0.3,11080,0,73040
FINNIFTY02JAN2423100CE.NFO,02/01/2024,10:03:17,0.35,0.3,9680,0.35,31760,14960,73040
FINNIFTY02JAN2423100CE.NFO,02/01/2024,10:03:30,0.3,0.3,22200,0.35,35760,1200,73040
FINNIFTY02JAN2423100CE.NFO,02/01/2024,10:03:41,0.3,0.3,21480,0.35,37800,720,73040
FINNIFTY02JAN2423100CE.NFO,02/01/2024,10:03:52,0.3,0.3,17280,0.35,37800,600,73040
FINNIFTY02JAN2423100CE.NFO,02/01/2024,10:04:03,0.3,0.3,16800,0.35,36600,480,73040
FINNIFTY02JAN2423100CE.NFO,02/01/2024,10:04:15,0.3,0.3,6520,0.35,29960,2840,73040
FINNIFTY02JAN2423100CE.NFO,02/01/2024,10:04:26,0.3,0.3,1200,0.35,32360,3200,73040
FINNIFTY02JAN2423100CE.NFO,02/01/2024,10:04:38,0.3,0.3,6200,0.35,36160,320,73040
FINNIFTY02JAN2423100CE.NFO,02/01/2024,10:04:49,0.3,0.3,7560,0.35,36320,3120,73040
FINNIFTY02JAN2423100CE.NFO,02/01/2024,10:05:00,0.35,0.3,7800,0.35,36640,1000,73040
FINNIFTY02JAN2423100CE.NFO,02/01/2024,10:05:11,0.3,0.3,7600,0.35,36640,240,73040
FINNIFTY02JAN2423100CE.NFO,02/01/2024,10:05:22,0.3,0.3,7600,0.35,38400,0,73040
FINNIFTY02JAN2423100CE.NFO,02/01/2024,10:05:33,0.3,0.3,8600,0.35,32400,0,73040
FINNIFTY02JAN2423100CE.NFO,02/01/2024,10:05:55,0.3,0.3,8400,0.35,32400,200,77120
FINNIFTY02JAN2423100CE.NFO,02/01/2024,10:06:06,0.3,0.3,8240,0.35,33640,160,77120
FINNIFTY02JAN2423100CE.NFO,02/01/2024,10:06:18,0.3,0.3,6840,0.35,34640,400,77120
FINNIFTY02JAN2423100CE.NFO,02/01/2024,10:06:30,0.3,0.3,3840,0.35,34600,1200,77120
FINNIFTY02JAN2423100CE.NFO,02/01/2024,10:06:42,0.35,0.3,5640,0.35,34560,40,77120
FINNIFTY02JAN2423100CE.NFO,02/01/2024,10:06:53,0.35,0.3,5640,0.35,34560,0,77120
FINNIFTY02JAN2423100CE.NFO,02/01/2024,10:07:04,0.35,0.3,5640,0.35,36160,0,77120
FINNIFTY02JAN2423100CE.NFO,02/01/2024,10:07:16,0.3,0.25,85520,0.35,35720,1840,77120
FINNIFTY02JAN2423100CE.NFO,02/01/2024,10:07:27,0.35,0.25,85520,0.35,34000,40,77120
FINNIFTY02JAN2423100CE.NFO,02/01/2024,10:07:39,0.3,0.3,3240,0.35,35440,40,77120
FINNIFTY02JAN2423100CE.NFO,02/01/2024,10:07:50,0.3,0.3,2880,0.35,35440,360,77120
FINNIFTY02JAN2423100CE.NFO,02/01/2024,10:08:01,0.3,0.3,600,0.35,32120,2160,77120
FINNIFTY02JAN2423100CE.NFO,02/01/2024,10:08:12,0.35,0.3,4800,0.35,32040,40,77120
FINNIFTY02JAN2423100CE.NFO,02/01/2024,10:08:23,0.35,0.3,3000,0.35,33840,0,77120
FINNIFTY02JAN2423100CE.NFO,02/01/2024,10:08:34,0.3,0.3,4280,0.35,32560,520,77120
FINNIFTY02JAN2423100CE.NFO,02/01/2024,10:08:45,0.3,0.3,2480,0.35,34360,0,77120
FINNIFTY02JAN2423100CE.NFO,02/01/2024,10:08:56,0.3,0.3,2480,0.35,34120,0,77120
FINNIFTY02JAN2423100CE.NFO,02/01/2024,10:09:20,0.3,0.25,86840,0.3,6520,480,77400
FINNIFTY02JAN2423100CE.NFO,02/01/2024,10:09:31,0.3,0.25,86840,0.3,6520,0,77400
FINNIFTY02JAN2423100CE.NFO,02/01/2024,10:09:42,0.3,0.25,86840,0.3,8600,0,77400
FINNIFTY02JAN2423100CE.NFO,02/01/2024,10:10:05,0.3,0.25,86880,0.35,35520,5200,77400
FINNIFTY02JAN2423100CE.NFO,02/01/2024,10:10:16,0.3,0.25,87120,0.35,35760,0,77400
FINNIFTY02JAN2423100CE.NFO,02/01/2024,10:10:39,0.3,0.25,87120,0.35,34200,0,77400
FINNIFTY02JAN2423100CE.NFO,02/01/2024,10:10:50,0.3,0.25,85320,0.3,80,2600,77400
FINNIFTY02JAN2423100CE.NFO,02/01/2024,10:11:02,0.3,0.25,83480,0.35,33200,0,77400
FINNIFTY02JAN2423100CE.NFO,02/01/2024,10:11:34,0.3,0.25,83240,0.35,33200,40,83040
FINNIFTY02JAN2423100CE.NFO,02/01/2024,10:11:45,0.3,0.25,83320,0.3,20880,240,83040
FINNIFTY02JAN2423100CE.NFO,02/01/2024,10:11:56,0.3,0.25,83080,0.3,14440,6400,83040
FINNIFTY02JAN2423100CE.NFO,02/01/2024,10:12:06,0.3,0.25,81480,0.3,14400,40,83040
FINNIFTY02JAN2423100CE.NFO,02/01/2024,10:12:49,0.3,0.25,58080,0.3,14400,0,83040
FINNIFTY02JAN2423100CE.NFO,02/01/2024,10:13:32,0.25,0.25,58040,0.3,14440,40,83040
FINNIFTY02JAN2423100CE.NFO,02/01/2024,10:14:25,0.25,0.25,58040,0.3,14440,0,83040
FINNIFTY02JAN2423100CE.NFO,02/01/2024,10:14:46,0.3,0.25,66320,0.3,9160,4080,76680
FINNIFTY02JAN2423100CE.NFO,02/01/2024,10:14:56,0.3,0.25,66320,0.3,6160,3000,76680
FINNIFTY02JAN2423100CE.NFO,02/01/2024,10:15:07,0.3,0.25,66320,0.3,7200,5240,76680
FINNIFTY02JAN2423100CE.NFO,02/01/2024,10:15:16,0.3,0.25,66320,0.3,5200,2000,76680
FINNIFTY02JAN2423100CE.NFO,02/01/2024,10:15:37,0.3,0.25,66320,0.3,6240,0,76680
FINNIFTY02JAN2423100CE.NFO,02/01/2024,10:15:47,0.25,0.25,66160,0.3,6240,160,76680
FINNIFTY02JAN2423100CE.NFO,02/01/2024,10:16:08,0.25,0.25,66160,0.3,26320,0,76680
FINNIFTY02JAN2423100CE.NFO,02/01/2024,10:17:33,0.25,0.25,65240,0.3,26320,960,76680
FINNIFTY02JAN2423100CE.NFO,02/01/2024,10:17:44,0.25,0.25,65240,0.3,27920,0,76680
FINNIFTY02JAN2423100CE.NFO,02/01/2024,10:21:06,0.25,0.25,65240,0.3,26920,0,76680
FINNIFTY02JAN2423100CE.NFO,02/01/2024,10:21:27,0.3,0.25,65240,0.3,26520,400,77240
FINNIFTY02JAN2423100CE.NFO,02/01/2024,10:21:58,0.3,0.25,41840,0.3,27320,0,77240
FINNIFTY02JAN2423100CE.NFO,02/01/2024,10:22:08,0.3,0.25,38240,0.3,27320,0,77240
FINNIFTY02JAN2423100CE.NFO,02/01/2024,10:22:18,0.3,0.25,40040,0.3,28320,0,77240
FINNIFTY02JAN2423100CE.NFO,02/01/2024,10:22:28,0.3,0.25,38240,0.3,28360,0,77240
FINNIFTY02JAN2423100CE.NFO,02/01/2024,10:22:58,0.3,0.25,38240,0.3,28320,40,77240
FINNIFTY02JAN2423100CE.NFO,02/01/2024,10:23:28,0.3,0.25,40040,0.3,28320,0,77240
FINNIFTY02JAN2423100CE.NFO,02/01/2024,10:24:11,0.25,0.25,38200,0.3,28320,40,77280
FINNIFTY02JAN2423100CE.NFO,02/01/2024,10:24:50,0.3,0.25,40000,0.3,28200,120,77280
FINNIFTY02JAN2423100CE.NFO,02/01/2024,10:25:52,0.3,0.25,40000,0.3,28200,0,77280
FINNIFTY02JAN2423100CE.NFO,02/01/2024,10:26:13,0.25,0.25,38080,0.3,28200,120,77280
FINNIFTY02JAN2423100CE.NFO,02/01/2024,10:26:22,0.25,0.25,38080,0.3,28200,0,77280
FINNIFTY02JAN2423100CE.NFO,02/01/2024,10:26:33,0.25,0.25,39880,0.3,29400,0,77280
FINNIFTY02JAN2423100CE.NFO,02/01/2024,10:28:45,0.25,0.25,39840,0.3,29400,40,77400
FINNIFTY02JAN2423100CE.NFO,02/01/2024,10:29:12,0.25,0.25,39840,0.3,29400,0,77400
FINNIFTY02JAN2423100CE.NFO,02/01/2024,10:30:23,0.25,0.25,38000,0.3,29400,40,77400
FINNIFTY02JAN2423100CE.NFO,02/01/2024,10:30:32,0.25,0.25,37920,0.3,29400,80,77400
FINNIFTY02JAN2423100CE.NFO,02/01/2024,10:30:42,0.25,0.25,37920,0.3,29600,0,77400
FINNIFTY02JAN2423100CE.NFO,02/01/2024,10:31:58,0.25,0.25,32920,0.3,29600,320,77400
FINNIFTY02JAN2423100CE.NFO,02/01/2024,10:32:27,0.25,0.25,32920,0.3,29600,0,77400
FINNIFTY02JAN2423100CE.NFO,02/01/2024,10:33:14,0.25,0.25,34720,0.3,28400,0,77400
FINNIFTY02JAN2423100CE.NFO,02/01/2024,10:34:21,0.25,0.25,34200,0.3,28400,520,77720
FINNIFTY02JAN2423100CE.NFO,02/01/2024,10:34:48,0.25,0.25,34160,0.3,28360,0,77720
FINNIFTY02JAN2423100CE.NFO,02/01/2024,10:35:06,0.25,0.25,32320,0.3,28360,40,77720
FINNIFTY02JAN2423100CE.NFO,02/01/2024,10:35:33,0.25,0.25,33920,0.3,28360,200,77720
FINNIFTY02JAN2423100CE.NFO,02/01/2024,10:37:04,0.25,0.25,32120,0.3,29560,0,77720
FINNIFTY02JAN2423100CE.NFO,02/01/2024,10:38:16,0.25,0.25,33920,0.3,28360,0,77720
FINNIFTY02JAN2423100CE.NFO,02/01/2024,10:39:26,0.25,0.25,27160,0.3,33760,3160,78240
FINNIFTY02JAN2423100CE.NFO,02/01/2024,10:39:37,0.25,0.25,18600,0.3,35080,8560,78240
FINNIFTY02JAN2423100CE.NFO,02/01/2024,10:39:48,0.25,0.25,11560,0.3,36160,1800,78240
FINNIFTY02JAN2423100CE.NFO,02/01/2024,10:39:59,0.25,0.25,12120,0.3,30760,1240,78240
FINNIFTY02JAN2423100CE.NFO,02/01/2024,10:40:09,0.25,0.25,12120,0.3,43160,0,78240
FINNIFTY02JAN2423100CE.NFO,02/01/2024,10:40:20,0.25,0.25,12120,0.3,17960,0,78240
FINNIFTY02JAN2423100CE.NFO,02/01/2024,10:40:31,0.25,0.25,14040,0.3,19760,80,78240
FINNIFTY02JAN2423100CE.NFO,02/01/2024,10:40:41,0.25,0.25,12120,0.3,19760,0,78240
FINNIFTY02JAN2423100CE.NFO,02/01/2024,10:41:31,0.25,0.25,12040,0.3,17960,1880,78240
FINNIFTY02JAN2423100CE.NFO,02/01/2024,10:42:11,0.25,0.25,11640,0.3,17560,400,71560
FINNIFTY02JAN2423100CE.NFO,02/01/2024,10:42:21,0.25,0.25,9840,0.3,13320,4840,71560
FINNIFTY02JAN2423100CE.NFO,02/01/2024,10:42:32,0.25,0.25,9880,0.3,13320,0,71560
FINNIFTY02JAN2423100CE.NFO,02/01/2024,10:42:41,0.25,0.25,9880,0.3,13360,0,71560
FINNIFTY02JAN2423100CE.NFO,02/01/2024,10:42:51,0.25,0.25,9880,0.3,12040,0,71560
FINNIFTY02JAN2423100CE.NFO,02/01/2024,10:44:31,0.3,0.25,9880,0.3,13640,1800,71560
FINNIFTY02JAN2423100CE.NFO,02/01/2024,10:44:41,0.3,0.25,9880,0.3,13840,0,71560
FINNIFTY02JAN2423100CE.NFO,02/01/2024,10:45:10,0.3,0.25,9880,0.3,13240,600,69400
FINNIFTY02JAN2423100CE.NFO,02/01/2024,10:45:39,0.3,0.25,10560,0.3,7880,80,69400
FINNIFTY02JAN2423100CE.NFO,02/01/2024,10:49:40,0.3,0.25,10560,0.3,9080,0,69400
FINNIFTY02JAN2423100CE.NFO,02/01/2024,10:49:49,0.3,0.25,8840,0.3,9080,0,69400
FINNIFTY02JAN2423100CE.NFO,02/01/2024,10:50:17,0.3,0.25,10560,0.3,8880,0,69400
FINNIFTY02JAN2423100CE.NFO,02/01/2024,10:50:47,0.3,0.25,10560,0.3,10080,0,69400
FINNIFTY02JAN2423100CE.NFO,02/01/2024,10:50:58,0.3,0.25,10520,0.3,14680,0,69400
FINNIFTY02JAN2423100CE.NFO,02/01/2024,10:52:26,0.3,0.25,10440,0.3,14640,40,70080
FINNIFTY02JAN2423100CE.NFO,02/01/2024,10:52:36,0.25,0.25,8320,0.3,14640,2080,70080
FINNIFTY02JAN2423100CE.NFO,02/01/2024,10:52:45,0.25,0.25,8280,0.3,14640,40,70080
FINNIFTY02JAN2423100CE.NFO,02/01/2024,10:52:55,0.25,0.25,8000,0.3,14640,200,70080
FINNIFTY02JAN2423100CE.NFO,02/01/2024,10:53:04,0.25,0.25,7800,0.3,14640,160,70080
FINNIFTY02JAN2423100CE.NFO,02/01/2024,10:53:23,0.25,0.25,7760,0.3,13440,40,70080
FINNIFTY02JAN2423100CE.NFO,02/01/2024,10:53:32,0.25,0.25,6240,0.3,13440,40,70080
FINNIFTY02JAN2423100CE.NFO,02/01/2024,10:53:50,0.25,0.25,7680,0.3,13440,0,70080
FINNIFTY02JAN2423100CE.NFO,02/01/2024,10:54:00,0.25,0.25,7680,0.3,13480,0,70080
FINNIFTY02JAN2423100CE.NFO,02/01/2024,10:54:19,0.25,0.25,7680,0.3,13440,0,70080
FINNIFTY02JAN2423100CE.NFO,02/01/2024,10:54:29,0.25,0.25,7680,0.3,13480,0,70080
FINNIFTY02JAN2423100CE.NFO,02/01/2024,10:54:38,0.25,0.25,7680,0.3,13440,0,70080
FINNIFTY02JAN2423100CE.NFO,02/01/2024,10:54:47,0.25,0.25,7680,0.3,13480,0,70080
FINNIFTY02JAN2423100CE.NFO,02/01/2024,10:54:56,0.25,0.25,7680,0.3,13440,0,70080
FINNIFTY02JAN2423100CE.NFO,02/01/2024,10:55:23,0.25,0.25,7680,0.3,13480,0,70080
FINNIFTY02JAN2423100CE.NFO,02/01/2024,10:55:32,0.25,0.25,7280,0.3,13480,0,70080
FINNIFTY02JAN2423100CE.NFO,02/01/2024,10:55:42,0.25,0.25,7280,0.3,13440,0,70080
FINNIFTY02JAN2423100CE.NFO,02/01/2024,10:55:51,0.25,0.25,7240,0.3,13480,40,67520
FINNIFTY02JAN2423100CE.NFO,02/01/2024,10:56:00,0.25,0.25,7240,0.3,13480,0,67520
FINNIFTY02JAN2423100CE.NFO,02/01/2024,10:56:09,0.25,0.25,7240,0.3,13440,0,67520
FINNIFTY02JAN2423100CE.NFO,02/01/2024,10:56:18,0.25,0.25,6000,0.3,14640,1200,67520
FINNIFTY02JAN2423100CE.NFO,02/01/2024,10:56:27,0.25,0.2,70800,0.3,16680,6000,67520
FINNIFTY02JAN2423100CE.NFO,02/01/2024,10:56:36,0.25,0.2,70800,0.25,5920,0,67520
FINNIFTY02JAN2423100CE.NFO,02/01/2024,10:56:47,0.25,0.2,115800,0.25,7160,280,72120
FINNIFTY02JAN2423100CE.NFO,02/01/2024,10:56:58,0.25,0.2,119400,0.25,9000,0,72120
FINNIFTY02JAN2423100CE.NFO,02/01/2024,10:57:08,0.25,0.2,101400,0.25,9000,0,72120
FINNIFTY02JAN2423100CE.NFO,02/01/2024,10:57:48,0.25,0.2,83400,0.25,9000,0,72120
FINNIFTY02JAN2423100CE.NFO,02/01/2024,10:58:09,0.25,0.2,83400,0.25,8800,200,72120
FINNIFTY02JAN2423100CE.NFO,02/01/2024,10:59:24,0.25,0.2,83400,0.25,8800,0,72120
FINNIFTY02JAN2423100CE.NFO,02/01/2024,11:01:08,0.25,0.2,87000,0.3,12480,8800,71640
FINNIFTY02JAN2423100CE.NFO,02/01/2024,11:01:18,0.25,0.25,6280,0.3,22160,440,71640
FINNIFTY02JAN2423100CE.NFO,02/01/2024,11:01:28,0.25,0.25,6240,0.3,22160,40,71640
FINNIFTY02JAN2423100CE.NFO,02/01/2024,11:01:37,0.25,0.25,7760,0.3,22160,120,71640
FINNIFTY02JAN2423100CE.NFO,02/01/2024,11:01:46,0.3,0.25,7760,0.3,21880,280,71640
FINNIFTY02JAN2423100CE.NFO,02/01/2024,11:02:16,0.3,0.25,9200,0.3,21840,0,71640
FINNIFTY02JAN2423100CE.NFO,02/01/2024,11:02:36,0.3,0.25,9200,0.3,22440,0,71640
FINNIFTY02JAN2423100CE.NFO,02/01/2024,11:02:45,0.3,0.25,13200,0.3,22440,0,71640
FINNIFTY02JAN2423100CE.NFO,02/01/2024,11:03:13,0.3,0.25,13200,0.3,24840,0,71640
FINNIFTY02JAN2423100CE.NFO,02/01/2024,11:03:22,0.25,0.25,13120,0.3,24840,80,72600
FINNIFTY02JAN2423100CE.NFO,02/01/2024,11:03:50,0.25,0.25,3440,0.3,21560,10400,72600
FINNIFTY02JAN2423100CE.NFO,02/01/2024,11:04:00,0.25,0.25,3440,0.3,20000,0,72600
FINNIFTY02JAN2423100CE.NFO,02/01/2024,11:04:19,0.25,0.25,2800,0.3,21000,640,72600
FINNIFTY02JAN2423100CE.NFO,02/01/2024,11:04:37,0.25,0.25,2840,0.3,22800,0,72600
FINNIFTY02JAN2423100CE.NFO,02/01/2024,11:04:47,0.25,0.25,2720,0.3,22800,120,72600
FINNIFTY02JAN2423100CE.NFO,02/01/2024,11:05:05,0.25,0.25,2720,0.3,22800,40,72600
FINNIFTY02JAN2423100CE.NFO,02/01/2024,11:05:15,0.25,0.25,2600,0.3,22800,120,72600
FINNIFTY02JAN2423100CE.NFO,02/01/2024,11:05:42,0.25,0.25,2440,0.3,21000,160,72600
FINNIFTY02JAN2423100CE.NFO,02/01/2024,11:06:20,0.25,0.25,2360,0.3,22800,80,72320
FINNIFTY02JAN2423100CE.NFO,02/01/2024,11:06:58,0.25,0.25,2360,0.3,23240,0,72320
FINNIFTY02JAN2423100CE.NFO,02/01/2024,11:07:27,0.25,0.25,2280,0.3,25040,0,72320
FINNIFTY02JAN2423100CE.NFO,02/01/2024,11:07:45,0.3,0.25,2320,0.3,21200,920,72320
FINNIFTY02JAN2423100CE.NFO,02/01/2024,11:07:54,0.3,0.25,2320,0.3,23000,0,72320
FINNIFTY02JAN2423100CE.NFO,02/01/2024,11:08:13,0.25,0.25,2200,0.3,22840,120,72320
FINNIFTY02JAN2423100CE.NFO,02/01/2024,11:08:22,0.25,0.25,2200,0.3,22840,0,72320
FINNIFTY02JAN2423100CE.NFO,02/01/2024,11:08:31,0.25,0.25,2080,0.3,22800,120,72320
FINNIFTY02JAN2423100CE.NFO,02/01/2024,11:08:40,0.25,0.25,2080,0.3,19920,0,72320
FINNIFTY02JAN2423100CE.NFO,02/01/2024,11:08:49,0.25,0.25,2000,0.3,21560,80,71720
FINNIFTY02JAN2423100CE.NFO,02/01/2024,11:09:00,0.25,0.25,1960,0.3,21560,40,71720
FINNIFTY02JAN2423100CE.NFO,02/01/2024,11:09:09,0.25,0.25,1960,0.3,19320,0,71720
FINNIFTY02JAN2423100CE.NFO,02/01/2024,11:09:19,0.25,0.25,1560,0.3,17520,0,71720
FINNIFTY02JAN2423100CE.NFO,02/01/2024,11:09:28,0.3,0.25,4560,0.3,17280,240,71720
FINNIFTY02JAN2423100CE.NFO,02/01/2024,11:09:37,0.3,0.25,4560,0.3,18240,0,71720
FINNIFTY02JAN2423100CE.NFO,02/01/2024,11:09:55,0.3,0.25,4560,0.3,16440,0,71720
FINNIFTY02JAN2423100CE.NFO,02/01/2024,11:10:04,0.3,0.25,8160,0.3,21080,0,71720
FINNIFTY02JAN2423100CE.NFO,02/01/2024,11:10:13,0.25,0.25,11920,0.3,19240,1600,71720
FINNIFTY02JAN2423100CE.NFO,02/01/2024,11:10:21,0.25,0.25,26080,0.3,22440,0,71720
FINNIFTY02JAN2423100CE.NFO,02/01/2024,11:10:30,0.25,0.25,27520,0.3,15240,0,71720
FINNIFTY02JAN2423100CE.NFO,02/01/2024,11:11:24,0.25,0.25,26320,0.3,15200,1200,71720
FINNIFTY02JAN2423100CE.NFO,02/01/2024,11:11:33,0.3,0.25,26320,0.3,16880,1800,71720
FINNIFTY02JAN2423100CE.NFO,02/01/2024,11:11:42,0.3,0.25,26320,0.3,18560,0,71720
FINNIFTY02JAN2423100CE.NFO,02/01/2024,11:11:51,0.3,0.25,26320,0.3,18120,0,71720
FINNIFTY02JAN2423100CE.NFO,02/01/2024,11:12:10,0.3,0.25,22720,0.3,14640,0,71720
FINNIFTY02JAN2423100CE.NFO,02/01/2024,11:12:20,0.3,0.3,10600,0.35,74640,12000,70480
FINNIFTY02JAN2423100CE.NFO,02/01/2024,11:12:28,0.3,0.3,12520,0.35,78200,0,70480
FINNIFTY02JAN2423100CE.NFO,02/01/2024,11:12:38,0.3,0.3,22880,0.35,74640,0,70480
FINNIFTY02JAN2423100CE.NFO,02/01/2024,11:13:13,0.3,0.3,24680,0.35,74640,0,70480
FINNIFTY02JAN2423100CE.NFO,02/01/2024,11:13:42,0.3,0.3,24680,0.35,78240,0,70480
FINNIFTY02JAN2423100CE.NFO,02/01/2024,11:13:52,0.3,0.3,28280,0.35,78240,0,70480
FINNIFTY02JAN2423100CE.NFO,02/01/2024,11:14:01,0.35,0.3,30640,0.35,75800,1600,70480
FINNIFTY02JAN2423100CE.NFO,02/01/2024,11:14:11,0.35,0.3,29440,0.35,67600,9760,70480
FINNIFTY02JAN2423100CE.NFO,02/01/2024,11:14:20,0.35,0.3,67880,0.35,72760,240,70480
FINNIFTY02JAN2423100CE.NFO,02/01/2024,11:14:29,0.35,0.35,26240,0.4,28080,52960,70480
FINNIFTY02JAN2423100CE.NFO,02/01/2024,11:14:37,0.4,0.35,24800,0.4,31920,4400,70480
FINNIFTY02JAN2423100CE.NFO,02/01/2024,11:14:47,0.4,0.35,24800,0.4,30920,4600,114240
FINNIFTY02JAN2423100CE.NFO,02/01/2024,11:14:56,0.4,0.35,24800,0.4,33760,0,114240
FINNIFTY02JAN2423100CE.NFO,02/01/2024,11:15:06,0.4,0.35,17600,0.4,27960,0,114240
FINNIFTY02JAN2423100CE.NFO,02/01/2024,11:15:16,0.4,0.4,17880,0.45,31520,18080,114240
FINNIFTY02JAN2423100CE.NFO,02/01/2024,11:15:26,0.4,0.4,13040,0.45,48640,11800,114240
FINNIFTY02JAN2423100CE.NFO,02/01/2024,11:15:36,0.4,0.4,15200,0.45,48520,320,114240
FINNIFTY02JAN2423100CE.NFO,02/01/2024,11:15:57,0.4,0.4,15000,0.45,48520,200,114240
FINNIFTY02JAN2423100CE.NFO,02/01/2024,11:16:07,0.4,0.4,15280,0.45,26960,0,114240
FINNIFTY02JAN2423100CE.NFO,02/01/2024,11:16:17,0.4,0.4,15280,0.45,51920,0,114240
FINNIFTY02JAN2423100CE.NFO,02/01/2024,11:16:26,0.4,0.4,14640,0.45,51920,640,114240
FINNIFTY02JAN2423100CE.NFO,02/01/2024,11:16:36,0.4,0.4,14680,0.45,42560,0,114240
FINNIFTY02JAN2423100CE.NFO,02/01/2024,11:16:45,0.45,0.4,14720,0.45,60800,40,114240
FINNIFTY02JAN2423100CE.NFO,02/01/2024,11:16:54,0.4,0.4,14360,0.45,60920,320,114240
FINNIFTY02JAN2423100CE.NFO,02/01/2024,11:17:03,0.4,0.4,14680,0.45,52200,0,114240
FINNIFTY02JAN2423100CE.NFO,02/01/2024,11:17:12,0.4,0.35,24480,0.4,43800,11240,114240
FINNIFTY02JAN2423100CE.NFO,02/01/2024,11:17:21,0.4,0.35,24480,0.4,57840,0,114240
FINNIFTY02JAN2423100CE.NFO,02/01/2024,11:17:30,0.4,0.35,11200,0.4,58120,40,114240
FINNIFTY02JAN2423100CE.NFO,02/01/2024,11:17:49,0.35,0.3,53200,0.35,23920,17040,119120
FINNIFTY02JAN2423100CE.NFO,02/01/2024,11:18:07,0.35,0.3,53200,0.35,23680,240,119120
FINNIFTY02JAN2423100CE.NFO,02/01/2024,11:18:17,0.35,0.3,53200,0.35,23480,200,119120
FINNIFTY02JAN2423100CE.NFO,02/01/2024,11:18:34,0.35,0.3,53200,0.35,24360,0,119120
FINNIFTY02JAN2423100CE.NFO,02/01/2024,11:18:52,0.35,0.3,53560,0.35,41480,1400,119120
FINNIFTY02JAN2423100CE.NFO,02/01/2024,11:19:09,0.35,0.3,53560,0.35,41520,0,119120
FINNIFTY02JAN2423100CE.NFO,02/01/2024,11:19:42,0.35,0.3,53560,0.35,41480,0,119120
FINNIFTY02JAN2423100CE.NFO,02/01/2024,11:19:50,0.35,0.3,53560,0.35,41440,40,119120
FINNIFTY02JAN2423100CE.NFO,02/01/2024,11:20:06,0.3,0.3,51760,0.35,41600,2600,119120
FINNIFTY02JAN2423100CE.NFO,02/01/2024,11:20:14,0.3,0.3,51760,0.35,42600,0,119120
FINNIFTY02JAN2423100CE.NFO,02/01/2024,11:20:23,0.3,0.3,50840,0.35,43600,880,119120
FINNIFTY02JAN2423100CE.NFO,02/01/2024,11:20:48,0.3,0.3,50840,0.35,43600,0,119120
FINNIFTY02JAN2423100CE.NFO,02/01/2024,11:20:58,0.3,0.3,50880,0.35,43600,0,119120
FINNIFTY02JAN2423100CE.NFO,02/01/2024,11:21:24,0.35,0.3,50880,0.35,43360,240,115680
FINNIFTY02JAN2423100CE.NFO,02/01/2024,11:21:33,0.35,0.3,50880,0.35,43160,200,115680
FINNIFTY02JAN2423100CE.NFO,02/01/2024,11:21:41,0.35,0.3,50880,0.35,43160,0,115680
FINNIFTY02JAN2423100CE.NFO,02/01/2024,11:22:08,0.35,0.3,51280,0.35,43160,0,115680
FINNIFTY02JAN2423100CE.NFO,02/01/2024,11:22:17,0.35,0.3,51320,0.35,43160,0,115680
FINNIFTY02JAN2423100CE.NFO,02/01/2024,11:22:42,0.35,0.3,51280,0.35,43160,0,115680
FINNIFTY02JAN2423100CE.NFO,02/01/2024,11:23:41,0.35,0.3,51280,0.35,42960,200,115680
FINNIFTY02JAN2423100CE.NFO,02/01/2024,11:23:49,0.3,0.3,51240,0.35,42960,40,115040
FINNIFTY02JAN2423100CE.NFO,02/01/2024,11:25:28,0.3,0.3,51160,0.35,42960,80,115040
FINNIFTY02JAN2423100CE.NFO,02/01/2024,11:26:40,0.3,0.3,47880,0.35,44480,4480,115040
FINNIFTY02JAN2423100CE.NFO,02/01/2024,11:26:49,0.3,0.3,51240,0.35,46480,0,115040
FINNIFTY02JAN2423100CE.NFO,02/01/2024,11:27:45,0.3,0.3,50880,0.35,46480,360,114960
FINNIFTY02JAN2423100CE.NFO,02/01/2024,11:28:02,0.3,0.3,50680,0.35,47880,200,114960
FINNIFTY02JAN2423100CE.NFO,02/01/2024,11:28:18,0.3,0.3,36080,0.35,47880,0,114960
FINNIFTY02JAN2423100CE.NFO,02/01/2024,11:28:26,0.3,0.3,24080,0.35,35880,12000,114960
FINNIFTY02JAN2423100CE.NFO,02/01/2024,11:28:34,0.3,0.25,25680,0.3,9240,12160,114960
FINNIFTY02JAN2423100CE.NFO,02/01/2024,11:28:43,0.3,0.25,26760,0.3,20680,0,114960
FINNIFTY02JAN2423100CE.NFO,02/01/2024,11:28:51,0.3,0.25,26760,0.3,32600,0,114960
FINNIFTY02JAN2423100CE.NFO,02/01/2024,11:29:16,0.3,0.25,26760,0.3,26960,40,114960
FINNIFTY02JAN2423100CE.NFO,02/01/2024,11:29:24,0.25,0.25,21160,0.3,37000,5600,114960
FINNIFTY02JAN2423100CE.NFO,02/01/2024,11:29:48,0.3,0.25,21160,0.3,36760,240,113960
FINNIFTY02JAN2423100CE.NFO,02/01/2024,11:30:03,0.3,0.25,21160,0.3,35360,0,113960
FINNIFTY02JAN2423100CE.NFO,02/01/2024,11:30:11,0.3,0.25,21160,0.3,35400,0,113960
FINNIFTY02JAN2423100CE.NFO,02/01/2024,11:31:20,0.3,0.25,26160,0.3,35400,0,113960
FINNIFTY02JAN2423100CE.NFO,02/01/2024,11:31:27,0.3,0.25,26160,0.3,35360,0,113960
FINNIFTY02JAN2423100CE.NFO,02/01/2024,11:31:50,0.3,0.25,26160,0.3,35400,0,113960
FINNIFTY02JAN2423100CE.NFO,02/01/2024,11:32:06,0.3,0.25,26120,0.3,35400,0,113960
FINNIFTY02JAN2423100CE.NFO,02/01/2024,11:32:37,0.3,0.25,27920,0.3,35400,0,113960
FINNIFTY02JAN2423100CE.NFO,02/01/2024,11:32:43,0.3,0.25,26120,0.3,35400,0,113960
FINNIFTY02JAN2423100CE.NFO,02/01/2024,11:32:58,0.25,0.25,24320,0.3,35360,1800,113960
FINNIFTY02JAN2423100CE.NFO,02/01/2024,11:33:12,0.25,0.25,3640,0.3,35360,280,113960
FINNIFTY02JAN2423100CE.NFO,02/01/2024,11:33:20,0.25,0.25,5440,0.3,35360,0,113960
FINNIFTY02JAN2423100CE.NFO,02/01/2024,11:34:30,0.25,0.2,59840,0.3,17280,13640,113960
FINNIFTY02JAN2423100CE.NFO,02/01/2024,11:34:38,0.25,0.2,69920,0.3,17280,0,113960
FINNIFTY02JAN2423100CE.NFO,02/01/2024,11:34:46,0.3,0.2,69920,0.3,17160,120,113960
FINNIFTY02JAN2423100CE.NFO,02/01/2024,11:35:08,0.3,0.25,1600,0.3,17160,0,113960
FINNIFTY02JAN2423100CE.NFO,02/01/2024,11:35:16,0.3,0.25,7000,0.3,12720,0,113960
FINNIFTY02JAN2423100CE.NFO,02/01/2024,11:35:23,0.3,0.25,8440,0.3,10920,1800,113960
FINNIFTY02JAN2423100CE.NFO,02/01/2024,11:35:39,0.3,0.25,10600,0.3,12040,0,113960
FINNIFTY02JAN2423100CE.NFO,02/01/2024,11:35:47,0.3,0.25,10600,0.3,12080,0,113960
FINNIFTY02JAN2423100CE.NFO,02/01/2024,11:36:39,0.25,0.25,10560,0.3,12040,40,112160
FINNIFTY02JAN2423100CE.NFO,02/01/2024,11:36:47,0.25,0.25,6960,0.3,12040,0,112160
FINNIFTY02JAN2423100CE.NFO,02/01/2024,11:36:54,0.25,0.25,9960,0.3,12040,0,112160
FINNIFTY02JAN2423100CE.NFO,02/01/2024,11:37:17,0.25,0.25,7960,0.3,12040,200,112160
FINNIFTY02JAN2423100CE.NFO,02/01/2024,11:37:24,0.25,0.25,7960,0.3,12080,0,112160
FINNIFTY02JAN2423100CE.NFO,02/01/2024,11:37:33,0.25,0.25,7760,0.3,12480,200,112160
FINNIFTY02JAN2423100CE.NFO,02/01/2024,11:37:41,0.25,0.25,7760,0.3,12480,0,112160
FINNIFTY02JAN2423100CE.NFO,02/01/2024,11:37:48,0.25,0.25,5960,0.3,12480,0,112160
FINNIFTY02JAN2423100CE.NFO,02/01/2024,11:38:04,0.25,0.25,5760,0.3,12680,200,112160
FINNIFTY02JAN2423100CE.NFO,02/01/2024,11:39:19,0.25,0.25,5760,0.3,12960,0,112160
FINNIFTY02JAN2423100CE.NFO,02/01/2024,11:39:31,0.25,0.25,2720,0.3,12960,40,112720
FINNIFTY02JAN2423100CE.NFO,02/01/2024,11:39:38,0.25,0.25,5160,0.3,13000,0,112720
FINNIFTY02JAN2423100CE.NFO,02/01/2024,11:39:57,0.25,0.25,4960,0.3,13000,200,112720
FINNIFTY02JAN2423100CE.NFO,02/01/2024,11:40:04,0.25,0.25,5000,0.3,13000,0,112720
FINNIFTY02JAN2423100CE.NFO,02/01/2024,11:40:10,0.25,0.25,5000,0.3,13040,0,112720
FINNIFTY02JAN2423100CE.NFO,02/01/2024,11:40:29,0.25,0.25,2120,0.3,10200,2840,112720
FINNIFTY02JAN2423100CE.NFO,02/01/2024,11:40:35,0.25,0.25,2000,0.3,9200,120,112720
FINNIFTY02JAN2423100CE.NFO,02/01/2024,11:40:47,0.25,0.25,2000,0.3,9200,0,112720
FINNIFTY02JAN2423100CE.NFO,02/01/2024,11:41:00,0.25,0.2,59840,0.3,9200,2000,112720
FINNIFTY02JAN2423100CE.NFO,02/01/2024,11:41:07,0.25,0.2,60200,0.25,8960,5200,112720
FINNIFTY02JAN2423100CE.NFO,02/01/2024,11:41:21,0.25,0.2,61040,0.25,8920,40,112720
FINNIFTY02JAN2423100CE.NFO,02/01/2024,11:41:29,0.25,0.2,61040,0.25,7000,1920,112720
FINNIFTY02JAN2423100CE.NFO,02/01/2024,11:41:37,0.25,0.2,61040,0.25,6560,440,112720
FINNIFTY02JAN2423100CE.NFO,02/01/2024,11:41:46,0.25,0.2,61320,0.25,5280,1040,112560
FINNIFTY02JAN2423100CE.NFO,02/01/2024,11:41:55,0.25,0.2,61320,0.25,8720,2880,112560
FINNIFTY02JAN2423100CE.NFO,02/01/2024,11:42:03,0.25,0.2,61560,0.25,12800,0,112560
FINNIFTY02JAN2423100CE.NFO,02/01/2024,11:42:11,0.25,0.2,61560,0.25,12720,0,112560
FINNIFTY02JAN2423100CE.NFO,02/01/2024,11:42:19,0.25,0.2,61560,0.25,12840,320,112560
FINNIFTY02JAN2423100CE.NFO,02/01/2024,11:42:27,0.25,0.2,61560,0.25,13280,0,112560
FINNIFTY02JAN2423100CE.NFO,02/01/2024,11:42:41,0.25,0.2,61840,0.25,13120,160,112560
FINNIFTY02JAN2423100CE.NFO,02/01/2024,11:42:48,0.2,0.2,59360,0.25,13480,2640,112560
FINNIFTY02JAN2423100CE.NFO,02/01/2024,11:42:55,0.2,0.2,66560,0.25,13480,0,112560
FINNIFTY02JAN2423100CE.NFO,02/01/2024,11:43:03,0.25,0.2,68720,0.25,12240,5000,112560
FINNIFTY02JAN2423100CE.NFO,02/01/2024,11:43:30,0.25,0.2,68720,0.25,12240,0,112560
FINNIFTY02JAN2423100CE.NFO,02/01/2024,11:43:53,0.25,0.2,69040,0.25,15760,5400,112560
FINNIFTY02JAN2423100CE.NFO,02/01/2024,11:44:01,0.25,0.2,69040,0.25,15560,200,112560
FINNIFTY02JAN2423100CE.NFO,02/01/2024,11:44:08,0.25,0.25,8480,0.3,12560,12560,112560
FINNIFTY02JAN2423100CE.NFO,02/01/2024,11:44:15,0.25,0.25,12640,0.3,16960,0,112560
FINNIFTY02JAN2423100CE.NFO,02/01/2024,11:44:22,0.25,0.25,14120,0.3,19440,120,112560
FINNIFTY02JAN2423100CE.NFO,02/01/2024,11:44:37,0.25,0.25,14160,0.3,19440,0,112560
FINNIFTY02JAN2423100CE.NFO,02/01/2024,11:44:44,0.25,0.25,14120,0.3,19440,0,112560
FINNIFTY02JAN2423100CE.NFO,02/01/2024,11:44:50,0.25,0.25,5800,0.3,19440,0,112560
FINNIFTY02JAN2423100CE.NFO,02/01/2024,11:44:56,0.25,0.25,5360,0.3,19440,440,110520
FINNIFTY02JAN2423100CE.NFO,02/01/2024,11:45:10,0.25,0.25,5320,0.3,19440,0,110520
FINNIFTY02JAN2423100CE.NFO,02/01/2024,11:45:23,0.25,0.25,5360,0.3,19440,0,110520
FINNIFTY02JAN2423100CE.NFO,02/01/2024,11:45:31,0.25,0.25,3560,0.3,17640,1800,110520
FINNIFTY02JAN2423100CE.NFO,02/01/2024,11:45:44,0.25,0.25,6000,0.3,17640,1440,110520
FINNIFTY02JAN2423100CE.NFO,02/01/2024,11:45:51,0.25,0.25,5880,0.3,17640,1120,110520
FINNIFTY02JAN2423100CE.NFO,02/01/2024,11:45:58,0.25,0.25,5920,0.3,17640,800,110520
FINNIFTY02JAN2423100CE.NFO,02/01/2024,11:46:05,0.25,0.25,5760,0.3,17640,200,110520
FINNIFTY02JAN2423100CE.NFO,02/01/2024,11:46:12,0.25,0.25,5680,0.3,17640,40,110520
FINNIFTY02JAN2423100CE.NFO,02/01/2024,11:46:18,0.25,0.25,5680,0.3,17640,0,110520
FINNIFTY02JAN2423100CE.NFO,02/01/2024,11:46:24,0.25,0.25,5480,0.3,17640,240,110520
FINNIFTY02JAN2423100CE.NFO,02/01/2024,11:46:37,0.25,0.25,5440,0.3,17640,0,110520
FINNIFTY02JAN2423100CE.NFO,02/01/2024,11:46:43,0.25,0.25,5400,0.3,17640,0,110520
FINNIFTY02JAN2423100CE.NFO,02/01/2024,11:46:50,0.25,0.25,3560,0.3,17640,240,110520
FINNIFTY02JAN2423100CE.NFO,02/01/2024,11:46:57,0.25,0.25,3600,0.3,17640,0,110520
FINNIFTY02JAN2423100CE.NFO,02/01/2024,11:47:18,0.25,0.25,5160,0.3,17640,0,110520
FINNIFTY02JAN2423100CE.NFO,02/01/2024,11:47:44,0.25,0.25,3600,0.3,17640,0,110520
FINNIFTY02JAN2423100CE.NFO,02/01/2024,11:48:37,0.25,0.25,4520,0.3,16960,680,114560
FINNIFTY02JAN2423100CE.NFO,02/01/2024,11:49:01,0.25,0.25,4520,0.3,16960,0,114560
FINNIFTY02JAN2423100CE.NFO,02/01/2024,11:49:20,0.25,0.25,2880,0.3,16960,0,114560
FINNIFTY02JAN2423100CE.NFO,02/01/2024,11:50:10,0.3,0.25,5680,0.3,16200,760,114560
FINNIFTY02JAN2423100CE.NFO,02/01/2024,11:51:40,0.3,0.25,5680,0.3,14800,0,114560
FINNIFTY02JAN2423100CE.NFO,02/01/2024,11:51:47,0.3,0.25,5680,0.3,11800,0,114560
FINNIFTY02JAN2423100CE.NFO,02/01/2024,11:51:59,0.3,0.25,5680,0.3,17800,0,114560
FINNIFTY02JAN2423100CE.NFO,02/01/2024,11:52:17,0.3,0.25,5680,0.3,8400,0,114560
FINNIFTY02JAN2423100CE.NFO,02/01/2024,11:52:28,0.3,0.25,5680,0.3,8720,0,114560
FINNIFTY02JAN2423100CE.NFO,02/01/2024,11:52:35,0.25,0.25,5440,0.3,8720,240,114600
FINNIFTY02JAN2423100CE.NFO,02/01/2024,11:52:48,0.25,0.25,5440,0.3,16520,0,114600
FINNIFTY02JAN2423100CE.NFO,02/01/2024,11:53:07,0.25,0.25,2320,0.3,16520,320,114600
FINNIFTY02JAN2423100CE.NFO,02/01/2024,11:54:23,0.25,0.25,3920,0.3,13520,0,114600
FINNIFTY02JAN2423100CE.NFO,02/01/2024,11:54:29,0.25,0.25,4960,0.3,8720,0,114600
FINNIFTY02JAN2423100CE.NFO,02/01/2024,11:57:05,0.25,0.25,4960,0.3,16520,0,114600
FINNIFTY02JAN2423100CE.NFO,02/01/2024,11:59:50,0.25,0.25,3360,0.3,16200,0,114600
FINNIFTY02JAN2423100CE.NFO,02/01/2024,12:01:18,0.25,0.25,2360,0.3,16200,2600,115160
FINNIFTY02JAN2423100CE.NFO,02/01/2024,12:02:30,0.25,0.25,2760,0.3,16200,0,115160
FINNIFTY02JAN2423100CE.NFO,02/01/2024,12:03:31,0.25,0.25,4360,0.3,16320,0,115160
FINNIFTY02JAN2423100CE.NFO,02/01/2024,12:04:22,0.25,0.25,4280,0.3,16240,80,115160
FINNIFTY02JAN2423100CE.NFO,02/01/2024,12:04:30,0.25,0.25,2680,0.3,16320,0,115160
FINNIFTY02JAN2423100CE.NFO,02/01/2024,12:07:29,0.25,0.25,3840,0.3,16320,440,115160
FINNIFTY02JAN2423100CE.NFO,02/01/2024,12:07:55,0.25,0.25,3840,0.3,16320,0,115160
FINNIFTY02JAN2423100CE.NFO,02/01/2024,12:09:20,0.25,0.2,53480,0.3,16320,3840,115600
FINNIFTY02JAN2423100CE.NFO,02/01/2024,12:10:17,0.25,0.2,53440,0.25,10000,0,115600
FINNIFTY02JAN2423100CE.NFO,02/01/2024,12:10:25,0.25,0.2,53440,0.25,10200,0,115600
FINNIFTY02JAN2423100CE.NFO,02/01/2024,12:10:47,0.25,0.2,53440,0.25,10600,0,115600
FINNIFTY02JAN2423100CE.NFO,02/01/2024,12:11:08,0.2,0.2,49840,0.25,6640,4240,115600
FINNIFTY02JAN2423100CE.NFO,02/01/2024,12:11:15,0.2,0.2,49840,0.25,15640,0,115600
FINNIFTY02JAN2423100CE.NFO,02/01/2024,12:11:37,0.2,0.2,49680,0.25,15640,160,115600
FINNIFTY02JAN2423100CE.NFO,02/01/2024,12:12:05,0.2,0.2,47880,0.25,15800,0,115600
FINNIFTY02JAN2423100CE.NFO,02/01/2024,12:13:03,0.2,0.2,44200,0.25,15640,4400,115520
FINNIFTY02JAN2423100CE.NFO,02/01/2024,12:13:10,0.2,0.2,44200,0.25,17080,0,115520
FINNIFTY02JAN2423100CE.NFO,02/01/2024,12:13:36,0.2,0.2,42720,0.25,18520,40,115520
FINNIFTY02JAN2423100CE.NFO,02/01/2024,12:13:48,0.2,0.2,41280,0.25,18520,0,115520
FINNIFTY02JAN2423100CE.NFO,02/01/2024,12:13:55,0.2,0.2,16480,0.25,18520,0,115520
FINNIFTY02JAN2423100CE.NFO,02/01/2024,12:14:03,0.2,0.2,13760,0.25,8680,3280,115520
FINNIFTY02JAN2423100CE.NFO,02/01/2024,12:14:10,0.2,0.2,11960,0.25,8680,1800,115520
FINNIFTY02JAN2423100CE.NFO,02/01/2024,12:14:17,0.2,0.2,11960,0.25,9680,0,115520
FINNIFTY02JAN2423100CE.NFO,02/01/2024,12:14:24,0.2,0.2,11960,0.25,10480,0,115520
FINNIFTY02JAN2423100CE.NFO,02/01/2024,12:14:30,0.2,0.2,11960,0.25,11280,0,115520
FINNIFTY02JAN2423100CE.NFO,02/01/2024,12:14:36,0.2,0.2,11960,0.25,11480,0,115520
FINNIFTY02JAN2423100CE.NFO,02/01/2024,12:14:48,0.2,0.2,11960,0.25,11680,0,115520
FINNIFTY02JAN2423100CE.NFO,02/01/2024,12:15:07,0.2,0.2,10720,0.25,11680,1240,117320
FINNIFTY02JAN2423100CE.NFO,02/01/2024,12:15:13,0.2,0.2,8920,0.25,11880,0,117320
FINNIFTY02JAN2423100CE.NFO,02/01/2024,12:15:19,0.2,0.2,8400,0.25,9880,2000,117320
FINNIFTY02JAN2423100CE.NFO,02/01/2024,12:15:25,0.2,0.2,2400,0.25,12280,4480,117320
FINNIFTY02JAN2423100CE.NFO,02/01/2024,12:15:32,0.2,0.15,115560,0.2,4800,3440,117320
FINNIFTY02JAN2423100CE.NFO,02/01/2024,12:15:32,0.15,0.15,115560,0.2,4800,0,117320
FINNIFTY02JAN2423100CE.NFO,02/01/2024,12:15:39,0.2,0.15,115840,0.2,6400,920,117320
FINNIFTY02JAN2423100CE.NFO,02/01/2024,12:15:47,0.2,0.15,116240,0.2,8840,600,117320
FINNIFTY02JAN2423100CE.NFO,02/01/2024,12:16:22,0.15,0.15,117240,0.2,11120,440,117320
FINNIFTY02JAN2423100CE.NFO,02/01/2024,12:16:50,0.15,0.15,117240,0.2,20360,0,117320
FINNIFTY02JAN2423100CE.NFO,02/01/2024,12:17:04,0.15,0.15,117200,0.2,20360,0,117320
FINNIFTY02JAN2423100CE.NFO,02/01/2024,12:17:47,0.2,0.15,118040,0.2,19760,600,117320
FINNIFTY02JAN2423100CE.NFO,02/01/2024,12:17:55,0.2,0.15,118040,0.2,19760,0,117320
FINNIFTY02JAN2423100CE.NFO,02/01/2024,12:18:03,0.2,0.15,118040,0.2,19480,280,115480
FINNIFTY02JAN2423100CE.NFO,02/01/2024,12:18:11,0.2,0.15,118040,0.2,19280,200,115480
FINNIFTY02JAN2423100CE.NFO,02/01/2024,12:20:06,0.2,0.15,118040,0.2,19320,0,115480
FINNIFTY02JAN2423100CE.NFO,02/01/2024,12:20:13,0.2,0.15,118040,0.2,19720,0,115480
FINNIFTY02JAN2423100CE.NFO,02/01/2024,12:20:20,0.2,0.15,118560,0.2,19680,40,115480
FINNIFTY02JAN2423100CE.NFO,02/01/2024,12:20:33,0.2,0.15,118560,0.2,19360,0,115480
FINNIFTY02JAN2423100CE.NFO,02/01/2024,12:20:59,0.2,0.15,91560,0.2,19360,0,115480
FINNIFTY02JAN2423100CE.NFO,02/01/2024,12:21:06,0.2,0.15,82560,0.2,19360,0,115480
FINNIFTY02JAN2423100CE.NFO,02/01/2024,12:21:27,0.2,0.15,82560,0.2,19160,200,114600
FINNIFTY02JAN2423100CE.NFO,02/01/2024,12:21:55,0.15,0.15,82520,0.2,19080,40,114600
FINNIFTY02JAN2423100CE.NFO,02/01/2024,12:22:02,0.15,0.15,73520,0.2,19080,0,114600
FINNIFTY02JAN2423100CE.NFO,02/01/2024,12:22:18,0.2,0.15,73520,0.2,17400,1680,114600
FINNIFTY02JAN2423100CE.NFO,02/01/2024,12:22:58,0.2,0.15,73520,0.2,17120,280,114600
FINNIFTY02JAN2423100CE.NFO,02/01/2024,12:23:05,0.2,0.15,73520,0.2,15920,1200,114600
FINNIFTY02JAN2423100CE.NFO,02/01/2024,12:24:09,0.2,0.15,73520,0.2,16320,0,114600
FINNIFTY02JAN2423100CE.NFO,02/01/2024,12:24:22,0.2,0.15,74720,0.2,16320,0,114600
FINNIFTY02JAN2423100CE.NFO,02/01/2024,12:24:40,0.2,0.15,74720,0.2,16240,80,111240
FINNIFTY02JAN2423100CE.NFO,02/01/2024,12:24:46,0.2,0.15,75920,0.2,16240,0,111240
FINNIFTY02JAN2423100CE.NFO,02/01/2024,12:24:59,0.2,0.15,73520,0.2,21600,40,111240
FINNIFTY02JAN2423100CE.NFO,02/01/2024,12:25:11,0.2,0.15,73480,0.2,21520,80,111240
FINNIFTY02JAN2423100CE.NFO,02/01/2024,12:25:39,0.2,0.15,73480,0.2,21480,40,111240
FINNIFTY02JAN2423100CE.NFO,02/01/2024,12:25:52,0.2,0.15,73480,0.2,21400,80,111240
FINNIFTY02JAN2423100CE.NFO,02/01/2024,12:26:23,0.2,0.15,73480,0.2,21320,80,111240
FINNIFTY02JAN2423100CE.NFO,02/01/2024,12:26:41,0.2,0.15,74680,0.2,20120,1200,111240
FINNIFTY02JAN2423100CE.NFO,02/01/2024,12:27:05,0.15,0.15,72080,0.2,20080,2640,109720
FINNIFTY02JAN2423100CE.NFO,02/01/2024,12:27:11,0.2,0.15,72080,0.2,20080,40,109720
FINNIFTY02JAN2423100CE.NFO,02/01/2024,12:27:17,0.2,0.15,72080,0.2,22960,0,109720
FINNIFTY02JAN2423100CE.NFO,02/01/2024,12:27:55,0.2,0.15,72160,0.2,22960,0,109720
FINNIFTY02JAN2423100CE.NFO,02/01/2024,12:28:14,0.2,0.15,72160,0.2,22560,400,109720
FINNIFTY02JAN2423100CE.NFO,02/01/2024,12:29:18,0.2,0.15,72160,0.2,22560,0,109720
FINNIFTY02JAN2423100CE.NFO,02/01/2024,12:30:12,0.2,0.15,70960,0.2,22400,1960,109240
FINNIFTY02JAN2423100CE.NFO,02/01/2024,12:30:41,0.2,0.15,70960,0.2,22400,0,109240
FINNIFTY02JAN2423100CE.NFO,02/01/2024,12:30:53,0.2,0.15,70880,0.2,22400,0,109240
FINNIFTY02JAN2423100CE.NFO,02/01/2024,12:32:51,0.15,0.15,67920,0.2,22400,80,109240
FINNIFTY02JAN2423100CE.NFO,02/01/2024,12:32:57,0.15,0.15,62160,0.2,22400,0,109240
FINNIFTY02JAN2423100CE.NFO,02/01/2024,12:34:13,0.2,0.15,62160,0.2,21600,800,107280
FINNIFTY02JAN2423100CE.NFO,02/01/2024,12:35:50,0.2,0.15,62160,0.2,21600,0,107280
FINNIFTY02JAN2423100CE.NFO,02/01/2024,12:36:55,0.2,0.15,62160,0.2,21200,0,107280
FINNIFTY02JAN2423100CE.NFO,02/01/2024,12:39:09,0.2,0.15,53520,0.2,21200,0,107280
FINNIFTY02JAN2423100CE.NFO,02/01/2024,12:40:18,0.2,0.15,53560,0.2,21200,0,107280
FINNIFTY02JAN2423100CE.NFO,02/01/2024,12:40:31,0.2,0.15,53600,0.2,21200,0,107280
FINNIFTY02JAN2423100CE.NFO,02/01/2024,12:43:37,0.2,0.15,50000,0.2,21200,0,107280
FINNIFTY02JAN2423100CE.NFO,02/01/2024,12:43:43,0.2,0.15,32000,0.2,21200,0,107280
FINNIFTY02JAN2423100CE.NFO,02/01/2024,12:43:49,0.2,0.15,30200,0.2,21200,0,107280
FINNIFTY02JAN2423100CE.NFO,02/01/2024,12:44:06,0.2,0.15,21560,0.2,21200,0,107280
FINNIFTY02JAN2423100CE.NFO,02/01/2024,12:44:12,0.2,0.15,20120,0.2,21200,0,107280
FINNIFTY02JAN2423100CE.NFO,02/01/2024,12:44:18,0.2,0.15,14360,0.2,21200,0,107280
FINNIFTY02JAN2423100CE.NFO,02/01/2024,12:45:05,0.2,0.15,9000,0.2,21200,0,107280
FINNIFTY02JAN2423100CE.NFO,02/01/2024,12:45:11,0.2,0.15,8960,0.2,21200,0,107280
FINNIFTY02JAN2423100CE.NFO,02/01/2024,12:45:23,0.15,0.15,8960,0.2,21200,80,107280
FINNIFTY02JAN2423100CE.NFO,02/01/2024,12:46:46,0.15,0.15,7160,0.2,21200,1800,107280
FINNIFTY02JAN2423100CE.NFO,02/01/2024,12:46:53,0.15,0.15,6800,0.2,18360,1800,107280
FINNIFTY02JAN2423100CE.NFO,02/01/2024,12:50:37,0.2,0.15,6800,0.2,17080,1280,107280
FINNIFTY02JAN2423100CE.NFO,02/01/2024,12:50:43,0.2,0.15,8600,0.2,16520,560,107280
FINNIFTY02JAN2423100CE.NFO,02/01/2024,12:50:49,0.2,0.15,12200,0.2,16520,0,107280
FINNIFTY02JAN2423100CE.NFO,02/01/2024,12:51:06,0.2,0.15,15800,0.2,16520,0,107280
FINNIFTY02JAN2423100CE.NFO,02/01/2024,12:52:45,0.2,0.15,18680,0.2,16520,0,107280
FINNIFTY02JAN2423100CE.NFO,02/01/2024,12:55:27,0.2,0.15,18520,0.2,16520,0,107280
FINNIFTY02JAN2423100CE.NFO,02/01/2024,12:55:33,0.2,0.15,18480,0.2,14720,0,107280
FINNIFTY02JAN2423100CE.NFO,02/01/2024,12:57:22,0.15,0.15,15400,0.2,16520,3080,105440
FINNIFTY02JAN2423100CE.NFO,02/01/2024,12:57:27,0.15,0.15,7640,0.2,16520,0,105440
FINNIFTY02JAN2423100CE.NFO,02/01/2024,13:00:19,0.15,0.15,7560,0.2,14720,80,105440
FINNIFTY02JAN2423100CE.NFO,02/01/2024,13:00:56,0.15,0.15,7560,0.2,14720,0,105440
FINNIFTY02JAN2423100CE.NFO,02/01/2024,13:02:06,0.15,0.15,7560,0.2,17720,0,105440
FINNIFTY02JAN2423100CE.NFO,02/01/2024,13:02:14,0.15,0.15,4680,0.2,17720,0,105440
FINNIFTY02JAN2423100CE.NFO,02/01/2024,13:02:29,0.15,0.15,4680,0.2,15960,0,105440
FINNIFTY02JAN2423100CE.NFO,02/01/2024,13:02:37,0.15,0.15,4680,0.2,17160,0,105440
FINNIFTY02JAN2423100CE.NFO,02/01/2024,13:04:03,0.15,0.1,118320,0.15,3120,4640,105440
FINNIFTY02JAN2423100CE.NFO,02/01/2024,13:04:13,0.15,0.1,133800,0.15,15280,0,105440
FINNIFTY02JAN2423100CE.NFO,02/01/2024,13:04:23,0.15,0.1,138160,0.15,16480,0,105440
FINNIFTY02JAN2423100CE.NFO,02/01/2024,13:05:22,0.15,0.1,138160,0.15,22200,0,105440
FINNIFTY02JAN2423100CE.NFO,02/01/2024,13:05:52,0.1,0.1,138080,0.15,22600,80,105440
FINNIFTY02JAN2423100CE.NFO,02/01/2024,13:05:52,0.1,0.1,138080,0.15,22600,0,105440
FINNIFTY02JAN2423100CE.NFO,02/01/2024,13:05:58,0.1,0.1,138080,0.15,23000,0,105440
FINNIFTY02JAN2423100CE.NFO,02/01/2024,13:06:10,0.1,0.1,138080,0.15,23080,0,105440
FINNIFTY02JAN2423100CE.NFO,02/01/2024,13:06:32,0.1,0.1,138840,0.15,18080,0,105440
FINNIFTY02JAN2423100CE.NFO,02/01/2024,13:06:37,0.1,0.1,133440,0.15,18080,0,105440
FINNIFTY02JAN2423100CE.NFO,02/01/2024,13:06:42,0.1,0.1,128440,0.15,18080,5000,105440
FINNIFTY02JAN2423100CE.NFO,02/01/2024,13:06:59,0.1,0.1,129200,0.15,23080,0,105440
FINNIFTY02JAN2423100CE.NFO,02/01/2024,13:07:31,0.15,0.1,129120,0.15,23000,80,105440
FINNIFTY02JAN2423100CE.NFO,02/01/2024,13:07:59,0.15,0.1,127320,0.15,23000,0,105440
FINNIFTY02JAN2423100CE.NFO,02/01/2024,13:08:51,0.15,0.1,127320,0.15,22680,320,105440
FINNIFTY02JAN2423100CE.NFO,02/01/2024,13:09:35,0.15,0.1,127320,0.15,22680,0,105440
FINNIFTY02JAN2423100CE.NFO,02/01/2024,13:11:45,0.15,0.1,127320,0.15,23080,0,105440
FINNIFTY02JAN2423100CE.NFO,02/01/2024,13:11:50,0.15,0.1,127320,0.15,25280,0,105440
FINNIFTY02JAN2423100CE.NFO,02/01/2024,13:11:55,0.15,0.1,127320,0.15,25680,0,105440
FINNIFTY02JAN2423100CE.NFO,02/01/2024,13:12:11,0.15,0.1,127320,0.15,26080,0,105440
FINNIFTY02JAN2423100CE.NFO,02/01/2024,13:12:26,0.15,0.1,127320,0.15,26280,0,105440
FINNIFTY02JAN2423100CE.NFO,02/01/2024,13:12:46,0.15,0.1,127320,0.15,25880,0,105440
FINNIFTY02JAN2423100CE.NFO,02/01/2024,13:15:08,0.15,0.1,127320,0.15,25920,0,105440
FINNIFTY02JAN2423100CE.NFO,02/01/2024,13:18:28,0.15,0.1,127320,0.15,27800,0,105440
FINNIFTY02JAN2423100CE.NFO,02/01/2024,13:18:44,0.1,0.1,127240,0.15,27720,80,105120
FINNIFTY02JAN2423100CE.NFO,02/01/2024,13:19:14,0.1,0.1,128080,0.15,27800,0,105120
FINNIFTY02JAN2423100CE.NFO,02/01/2024,13:19:31,0.15,0.1,128080,0.15,27240,600,105120
FINNIFTY02JAN2423100CE.NFO,02/01/2024,13:22:59,0.15,0.1,124480,0.15,27240,0,105120
FINNIFTY02JAN2423100CE.NFO,02/01/2024,13:24:20,0.15,0.1,117280,0.15,27240,0,105120
FINNIFTY02JAN2423100CE.NFO,02/01/2024,13:25:02,0.15,0.1,110080,0.15,27240,0,105120
FINNIFTY02JAN2423100CE.NFO,02/01/2024,13:25:17,0.15,0.1,110080,0.15,27280,0,105120
FINNIFTY02JAN2423100CE.NFO,02/01/2024,13:25:33,0.1,0.1,109680,0.15,27280,400,105120
FINNIFTY02JAN2423100CE.NFO,02/01/2024,13:26:11,0.15,0.1,109680,0.15,27280,400,105120
FINNIFTY02JAN2423100CE.NFO,02/01/2024,13:27:24,0.15,0.1,109680,0.15,27280,0,105120
FINNIFTY02JAN2423100CE.NFO,02/01/2024,13:27:54,0.15,0.1,107880,0.15,27280,0,105120
FINNIFTY02JAN2423100CE.NFO,02/01/2024,13:28:58,0.15,0.1,100680,0.15,27280,0,105120
FINNIFTY02JAN2423100CE.NFO,02/01/2024,13:31:19,0.15,0.1,75480,0.15,27280,0,105120
FINNIFTY02JAN2423100CE.NFO,02/01/2024,13:31:36,0.1,0.1,73480,0.15,27280,2000,104720
FINNIFTY02JAN2423100CE.NFO,02/01/2024,13:31:47,0.1,0.1,73480,0.15,27280,0,104720
FINNIFTY02JAN2423100CE.NFO,02/01/2024,13:32:05,0.1,0.1,73480,0.15,21720,0,104720
FINNIFTY02JAN2423100CE.NFO,02/01/2024,13:32:10,0.1,0.1,64840,0.15,21720,5400,104720
FINNIFTY02JAN2423100CE.NFO,02/01/2024,13:32:16,0.1,0.1,48280,0.15,21720,2160,104720
FINNIFTY02JAN2423100CE.NFO,02/01/2024,13:32:23,0.1,0.1,17680,0.15,21720,0,104720
FINNIFTY02JAN2423100CE.NFO,02/01/2024,13:32:32,0.1,0.1,15880,0.15,25320,1800,104720
FINNIFTY02JAN2423100CE.NFO,02/01/2024,13:32:38,0.1,0.1,15880,0.15,28920,0,104720
FINNIFTY02JAN2423100CE.NFO,02/01/2024,13:32:50,0.1,0.1,10480,0.15,28920,2120,104720
FINNIFTY02JAN2423100CE.NFO,02/01/2024,13:33:00,0.1,0.1,3640,0.15,21720,6840,104920
FINNIFTY02JAN2423100CE.NFO,02/01/2024,13:33:05,0.1,0.05,128760,0.1,2400,5280,104920
FINNIFTY02JAN2423100CE.NFO,02/01/2024,13:33:14,0.1,0.05,128760,0.1,14840,0,104920
FINNIFTY02JAN2423100CE.NFO,02/01/2024,13:33:20,0.1,0.05,130120,0.1,14880,0,104920
FINNIFTY02JAN2423100CE.NFO,02/01/2024,13:33:38,0.1,0.05,131560,0.1,17920,0,104920
FINNIFTY02JAN2423100CE.NFO,02/01/2024,13:33:43,0.1,0.05,131560,0.1,17880,0,104920
FINNIFTY02JAN2423100CE.NFO,02/01/2024,13:33:53,0.1,0.05,131560,0.1,17720,0,104920
FINNIFTY02JAN2423100CE.NFO,02/01/2024,13:33:59,0.1,0.05,131560,0.1,17760,0,104920
FINNIFTY02JAN2423100CE.NFO,02/01/2024,13:34:05,0.1,0.05,131560,0.1,17720,0,104920
FINNIFTY02JAN2423100CE.NFO,02/01/2024,13:34:10,0.1,0.05,131560,0.1,17760,0,104920
FINNIFTY02JAN2423100CE.NFO,02/01/2024,13:34:15,0.1,0.05,131560,0.1,17720,0,104920
FINNIFTY02JAN2423100CE.NFO,02/01/2024,13:34:20,0.1,0.05,131560,0.1,17760,0,104920
FINNIFTY02JAN2423100CE.NFO,02/01/2024,13:34:26,0.1,0.05,131560,0.1,17720,0,104920
FINNIFTY02JAN2423100CE.NFO,02/01/2024,13:34:57,0.1,0.05,131560,0.1,17760,0,104920
FINNIFTY02JAN2423100CE.NFO,02/01/2024,13:35:03,0.1,0.05,135880,0.1,17760,0,104920
FINNIFTY02JAN2423100CE.NFO,02/01/2024,13:35:09,0.1,0.05,148840,0.1,17760,0,104920
FINNIFTY02JAN2423100CE.NFO,02/01/2024,13:35:15,0.1,0.05,153160,0.1,17720,0,104920
FINNIFTY02JAN2423100CE.NFO,02/01/2024,13:35:20,0.1,0.05,153160,0.1,17760,0,104920
FINNIFTY02JAN2423100CE.NFO,02/01/2024,13:35:26,0.1,0.05,153160,0.1,17720,0,104920
FINNIFTY02JAN2423100CE.NFO,02/01/2024,13:37:12,0.1,0.05,153160,0.1,17760,0,104920
FINNIFTY02JAN2423100CE.NFO,02/01/2024,13:38:05,0.1,0.05,153160,0.1,17800,0,104920
FINNIFTY02JAN2423100CE.NFO,02/01/2024,13:38:11,0.1,0.05,153160,0.1,17760,0,104920
FINNIFTY02JAN2423100CE.NFO,02/01/2024,13:38:22,0.1,0.05,153160,0.1,17760,80,103280
FINNIFTY02JAN2423100CE.NFO,02/01/2024,13:38:50,0.1,0.05,153160,0.1,17760,0,103280
FINNIFTY02JAN2423100CE.NFO,02/01/2024,13:38:55,0.1,0.05,153160,0.1,17800,0,103280
FINNIFTY02JAN2423100CE.NFO,02/01/2024,13:39:01,0.1,0.05,153160,0.1,17760,0,103280
FINNIFTY02JAN2423100CE.NFO,02/01/2024,13:39:11,0.1,0.05,153160,0.1,17800,0,103280
FINNIFTY02JAN2423100CE.NFO,02/01/2024,13:39:16,0.1,0.05,153160,0.1,17760,0,103280
FINNIFTY02JAN2423100CE.NFO,02/01/2024,13:39:32,0.1,0.05,153160,0.1,17800,0,103280
FINNIFTY02JAN2423100CE.NFO,02/01/2024,13:39:51,0.1,0.05,153160,0.1,17760,0,103280
FINNIFTY02JAN2423100CE.NFO,02/01/2024,13:39:56,0.1,0.05,153160,0.1,17800,0,103280
FINNIFTY02JAN2423100CE.NFO,02/01/2024,13:40:29,0.1,0.05,153160,0.1,17760,40,103280
FINNIFTY02JAN2423100CE.NFO,02/01/2024,13:40:34,0.1,0.05,153160,0.1,17760,0,103280
FINNIFTY02JAN2423100CE.NFO,02/01/2024,13:40:42,0.1,0.05,153160,0.1,17720,0,103280
FINNIFTY02JAN2423100CE.NFO,02/01/2024,13:40:54,0.1,0.05,153160,0.1,17760,0,103280
FINNIFTY02JAN2423100CE.NFO,02/01/2024,13:41:16,0.1,0.05,153160,0.1,16840,0,103280
FINNIFTY02JAN2423100CE.NFO,02/01/2024,13:41:25,0.1,0.05,153160,0.1,16880,0,103280
FINNIFTY02JAN2423100CE.NFO,02/01/2024,13:41:50,0.1,0.05,153160,0.1,16840,0,103280
FINNIFTY02JAN2423100CE.NFO,02/01/2024,13:41:56,0.1,0.05,153160,0.1,16880,0,103280
FINNIFTY02JAN2423100CE.NFO,02/01/2024,13:42:13,0.1,0.05,153160,0.1,16840,0,103280
FINNIFTY02JAN2423100CE.NFO,02/01/2024,13:42:23,0.1,0.05,153160,0.1,16880,0,103280
FINNIFTY02JAN2423100CE.NFO,02/01/2024,13:42:29,0.1,0.05,153160,0.1,16840,0,103280
FINNIFTY02JAN2423100CE.NFO,02/01/2024,13:42:34,0.1,0.05,153160,0.1,16880,0,103280
FINNIFTY02JAN2423100CE.NFO,02/01/2024,13:42:38,0.1,0.05,153160,0.1,16840,0,103280
FINNIFTY02JAN2423100CE.NFO,02/01/2024,13:42:44,0.1,0.05,153160,0.1,16880,0,103280
FINNIFTY02JAN2423100CE.NFO,02/01/2024,13:45:39,0.1,0.05,131560,0.1,16880,0,103280
FINNIFTY02JAN2423100CE.NFO,02/01/2024,13:45:58,0.1,0.05,131560,0.1,16840,40,103280
FINNIFTY02JAN2423100CE.NFO,02/01/2024,13:46:28,0.05,0.05,131520,0.1,16840,40,103280
FINNIFTY02JAN2423100CE.NFO,02/01/2024,13:46:28,0.05,0.05,131520,0.1,16840,0,103280
FINNIFTY02JAN2423100CE.NFO,02/01/2024,13:46:33,0.05,0.05,131520,0.1,16840,0,103280
FINNIFTY02JAN2423100CE.NFO,02/01/2024,13:47:57,0.05,0.05,128360,0.1,5600,0,103280
FINNIFTY02JAN2423100CE.NFO,02/01/2024,13:48:20,0.05,0.05,131680,0.1,18360,0,103280
FINNIFTY02JAN2423100CE.NFO,02/01/2024,13:49:34,0.05,0.05,128360,0.1,5480,0,103280
FINNIFTY02JAN2423100CE.NFO,02/01/2024,13:51:48,0.05,0.05,131760,0.1,9520,0,103280
FINNIFTY02JAN2423100CE.NFO,02/01/2024,13:52:12,0.05,0.05,131760,0.1,21960,0,103280
FINNIFTY02JAN2423100CE.NFO,02/01/2024,13:52:29,0.1,0.05,128440,0.1,6920,200,103240
FINNIFTY02JAN2423100CE.NFO,02/01/2024,13:52:34,0.1,0.05,131760,0.1,6160,320,103240
FINNIFTY02JAN2423100CE.NFO,02/01/2024,13:52:39,0.1,0.05,128440,0.1,6160,0,103240
FINNIFTY02JAN2423100CE.NFO,02/01/2024,13:53:26,0.1,0.05,128440,0.1,6120,40,103240
FINNIFTY02JAN2423100CE.NFO,02/01/2024,13:53:32,0.1,0.05,131760,0.1,5960,160,103240
FINNIFTY02JAN2423100CE.NFO,02/01/2024,13:53:38,0.1,0.05,131760,0.1,5720,240,103240
FINNIFTY02JAN2423100CE.NFO,02/01/2024,13:53:44,0.1,0.05,131760,0.1,5480,240,103240
FINNIFTY02JAN2423100CE.NFO,02/01/2024,13:53:49,0.1,0.05,131760,0.1,5400,80,103240
FINNIFTY02JAN2423100CE.NFO,02/01/2024,13:53:55,0.1,0.05,131760,0.1,5240,160,103240
FINNIFTY02JAN2423100CE.NFO,02/01/2024,13:54:18,0.05,0.05,130920,0.1,12880,920,102720
FINNIFTY02JAN2423100CE.NFO,02/01/2024,13:55:12,0.05,0.05,130720,0.1,21200,200,102720
FINNIFTY02JAN2423100CE.NFO,02/01/2024,13:57:47,0.05,0.05,131720,0.1,21400,0,102720
FINNIFTY02JAN2423100CE.NFO,02/01/2024,13:57:56,0.05,0.05,131560,0.1,21400,0,102720
FINNIFTY02JAN2423100CE.NFO,02/01/2024,13:58:01,0.05,0.05,130560,0.1,21400,0,102720
FINNIFTY02JAN2423100CE.NFO,02/01/2024,13:58:39,0.05,0.05,130720,0.1,21400,0,102720
FINNIFTY02JAN2423100CE.NFO,02/01/2024,13:58:58,0.1,0.05,130720,0.1,21000,400,102680
FINNIFTY02JAN2423100CE.NFO,02/01/2024,13:59:12,0.1,0.05,130560,0.1,20880,120,102680
FINNIFTY02JAN2423100CE.NFO,02/01/2024,13:59:17,0.1,0.05,130560,0.1,20840,40,102680
FINNIFTY02JAN2423100CE.NFO,02/01/2024,13:59:21,0.1,0.05,130560,0.1,20800,40,102680
FINNIFTY02JAN2423100CE.NFO,02/01/2024,13:59:26,0.1,0.05,130560,0.1,20720,80,102680
FINNIFTY02JAN2423100CE.NFO,02/01/2024,13:59:30,0.1,0.05,130560,0.1,20560,160,102680
FINNIFTY02JAN2423100CE.NFO,02/01/2024,13:59:35,0.1,0.05,132360,0.1,20520,40,102680
FINNIFTY02JAN2423100CE.NFO,02/01/2024,13:59:39,0.1,0.05,132360,0.1,20480,40,102680
FINNIFTY02JAN2423100CE.NFO,02/01/2024,13:59:43,0.1,0.05,132360,0.1,21400,80,102680
FINNIFTY02JAN2423100CE.NFO,02/01/2024,13:59:47,0.1,0.05,132360,0.1,21360,40,102680
FINNIFTY02JAN2423100CE.NFO,02/01/2024,13:59:52,0.1,0.05,132360,0.1,21120,240,102680
FINNIFTY02JAN2423100CE.NFO,02/01/2024,14:00:07,0.1,0.05,132360,0.1,21080,40,102680
FINNIFTY02JAN2423100CE.NFO,02/01/2024,14:00:32,0.1,0.05,132360,0.1,21200,0,102680
FINNIFTY02JAN2423100CE.NFO,02/01/2024,14:00:40,0.05,0.05,131960,0.1,21200,400,102680
FINNIFTY02JAN2423100CE.NFO,02/01/2024,14:00:44,0.05,0.05,131960,0.1,21080,0,102680
FINNIFTY02JAN2423100CE.NFO,02/01/2024,14:01:08,0.1,0.05,131960,0.1,21040,40,102680
FINNIFTY02JAN2423100CE.NFO,02/01/2024,14:01:23,0.1,0.05,133320,0.1,21040,0,102680
FINNIFTY02JAN2423100CE.NFO,02/01/2024,14:02:14,0.1,0.05,133320,0.1,21440,0,102680
FINNIFTY02JAN2423100CE.NFO,02/01/2024,14:03:26,0.05,0.05,132640,0.1,21440,680,102680
FINNIFTY02JAN2423100CE.NFO,02/01/2024,14:03:32,0.05,0.05,132520,0.1,21440,120,102680
FINNIFTY02JAN2423100CE.NFO,02/01/2024,14:03:50,0.1,0.05,132520,0.1,21400,40,102680
FINNIFTY02JAN2423100CE.NFO,02/01/2024,14:04:01,0.05,0.05,130720,0.1,21400,1800,102680
FINNIFTY02JAN2423100CE.NFO,02/01/2024,14:04:06,0.05,0.05,130800,0.1,21400,0,102680
FINNIFTY02JAN2423100CE.NFO,02/01/2024,14:04:12,0.1,0.05,130800,0.1,21360,40,102680
FINNIFTY02JAN2423100CE.NFO,02/01/2024,14:04:17,0.1,0.05,129000,0.1,21080,2080,102680
FINNIFTY02JAN2423100CE.NFO,02/01/2024,14:04:24,0.1,0.05,129000,0.1,21880,1000,102680
FINNIFTY02JAN2423100CE.NFO,02/01/2024,14:04:30,0.05,0.05,126920,0.1,21840,2120,102680
FINNIFTY02JAN2423100CE.NFO,02/01/2024,14:04:36,0.05,0.05,125880,0.1,21840,1040,102680
FINNIFTY02JAN2423100CE.NFO,02/01/2024,14:04:42,0.05,0.05,124080,0.1,21840,1800,102680
FINNIFTY02JAN2423100CE.NFO,02/01/2024,14:04:54,0.05,0.05,124000,0.1,22760,80,102680
FINNIFTY02JAN2423100CE.NFO,02/01/2024,14:05:05,0.05,0.05,124000,0.1,23760,0,102680
FINNIFTY02JAN2423100CE.NFO,02/01/2024,14:06:22,0.05,0.05,124000,0.1,30040,0,102680
FINNIFTY02JAN2423100CE.NFO,02/01/2024,14:06:34,0.05,0.05,124000,0.1,32240,0,102680
FINNIFTY02JAN2423100CE.NFO,02/01/2024,14:06:42,0.05,0.05,122200,0.1,32240,0,102680
FINNIFTY02JAN2423100CE.NFO,02/01/2024,14:06:46,0.05,0.05,109600,0.1,32240,0,102680
FINNIFTY02JAN2423100CE.NFO,02/01/2024,14:07:25,0.05,0.05,79000,0.1,32240,0,102680
FINNIFTY02JAN2423100CE.NFO,02/01/2024,14:07:29,0.05,0.05,73600,0.1,32240,0,102680
FINNIFTY02JAN2423100CE.NFO,02/01/2024,14:08:52,0.05,0.05,67840,0.1,32240,0,102680
FINNIFTY02JAN2423100CE.NFO,02/01/2024,14:09:26,0.05,0.05,46240,0.1,32240,0,102680
FINNIFTY02JAN2423100CE.NFO,02/01/2024,14:10:48,0.05,0.05,45920,0.1,32240,320,103640
FINNIFTY02JAN2423100CE.NFO,02/01/2024,14:11:06,0.05,0.05,45920,0.1,23360,0,103640
FINNIFTY02JAN2423100CE.NFO,02/01/2024,14:11:14,0.05,0.05,34800,0.1,23360,9520,103640
FINNIFTY02JAN2423100CE.NFO,02/01/2024,14:11:21,0.05,0.05,34560,0.1,25160,240,103640
FINNIFTY02JAN2423100CE.NFO,02/01/2024,14:11:28,0.05,0.05,21960,0.1,30560,720,103640
FINNIFTY02JAN2423100CE.NFO,02/01/2024,14:11:54,0.05,0.05,20160,0.1,30560,1800,103640
FINNIFTY02JAN2423100CE.NFO,02/01/2024,14:12:12,0.1,0.05,20160,0.1,30200,360,102000
FINNIFTY02JAN2423100CE.NFO,02/01/2024,14:13:03,0.05,0.05,19960,0.1,30200,200,102000
FINNIFTY02JAN2423100CE.NFO,02/01/2024,14:13:10,0.05,0.05,19400,0.1,30200,560,102000
FINNIFTY02JAN2423100CE.NFO,02/01/2024,14:13:18,0.05,0.05,17600,0.1,30200,1800,102000
FINNIFTY02JAN2423100CE.NFO,02/01/2024,14:13:37,0.05,0.05,17680,0.1,30200,0,102000
FINNIFTY02JAN2423100CE.NFO,02/01/2024,14:14:09,0.05,0.05,17680,0.1,30200,80,102000
FINNIFTY02JAN2423100CE.NFO,02/01/2024,14:14:40,0.05,0.05,17520,0.1,30200,0,102000
FINNIFTY02JAN2423100CE.NFO,02/01/2024,14:15:06,0.05,0.05,17520,0.1,30280,0,102000
FINNIFTY02JAN2423100CE.NFO,02/01/2024,14:17:07,0.1,0.05,17520,0.1,30160,200,102280
FINNIFTY02JAN2423100CE.NFO,02/01/2024,14:17:38,0.1,0.05,17520,0.1,30040,0,102280
FINNIFTY02JAN2423100CE.NFO,02/01/2024,14:18:24,0.1,0.05,17520,0.1,29520,520,102280
FINNIFTY02JAN2423100CE.NFO,02/01/2024,14:18:31,0.1,0.05,17520,0.1,29240,280,102280
FINNIFTY02JAN2423100CE.NFO,02/01/2024,14:19:18,0.1,0.05,17520,0.1,29120,120,102280
FINNIFTY02JAN2423100CE.NFO,02/01/2024,14:19:25,0.1,0.05,17520,0.1,28840,280,102280
FINNIFTY02JAN2423100CE.NFO,02/01/2024,14:19:33,0.1,0.05,18160,0.1,27800,1040,102280
FINNIFTY02JAN2423100CE.NFO,02/01/2024,14:19:40,0.1,0.05,18640,0.1,27320,480,102280
FINNIFTY02JAN2423100CE.NFO,02/01/2024,14:19:48,0.1,0.05,18640,0.1,27000,320,102280
FINNIFTY02JAN2423100CE.NFO,02/01/2024,14:20:00,0.1,0.05,19080,0.1,26960,40,102280
FINNIFTY02JAN2423100CE.NFO,02/01/2024,14:20:07,0.1,0.05,19080,0.1,26840,120,102280
FINNIFTY02JAN2423100CE.NFO,02/01/2024,14:20:32,0.1,0.05,18080,0.1,26840,0,102280
FINNIFTY02JAN2423100CE.NFO,02/01/2024,14:21:39,0.1,0.05,18080,0.1,26800,40,101720
FINNIFTY02JAN2423100CE.NFO,02/01/2024,14:22:31,0.05,0.05,10880,0.1,19600,7200,101720
FINNIFTY02JAN2423100CE.NFO,02/01/2024,14:22:44,0.1,0.05,10880,0.1,19120,480,101720
FINNIFTY02JAN2423100CE.NFO,02/01/2024,14:22:51,0.1,0.05,8240,0.1,18320,3960,101720
FINNIFTY02JAN2423100CE.NFO,02/01/2024,14:23:11,0.05,0.05,7840,0.1,18320,400,101720
FINNIFTY02JAN2423100CE.NFO,02/01/2024,14:23:42,0.05,0.05,9840,0.1,18320,0,101720
FINNIFTY02JAN2423100CE.NFO,02/01/2024,14:23:48,0.05,0.05,9560,0.1,18320,680,101720
FINNIFTY02JAN2423100CE.NFO,02/01/2024,14:23:55,0.05,0.05,6360,0.1,18320,800,101720
FINNIFTY02JAN2423100CE.NFO,02/01/2024,14:24:19,0.05,0.05,7320,0.1,18360,0,101720
FINNIFTY02JAN2423100CE.NFO,02/01/2024,14:24:25,0.05,0.05,7320,0.1,18320,0,101720
FINNIFTY02JAN2423100CE.NFO,02/01/2024,14:24:56,0.05,0.05,7320,0.1,18360,0,101720
FINNIFTY02JAN2423100CE.NFO,02/01/2024,14:25:01,0.05,0.05,8760,0.1,18320,0,101720
FINNIFTY02JAN2423100CE.NFO,02/01/2024,14:25:07,0.05,0.05,11640,0.1,18320,0,101720
FINNIFTY02JAN2423100CE.NFO,02/01/2024,14:25:18,0.05,0.05,11640,0.1,18360,0,101720
FINNIFTY02JAN2423100CE.NFO,02/01/2024,14:25:24,0.05,0.05,11640,0.1,18320,0,101720
FINNIFTY02JAN2423100CE.NFO,02/01/2024,14:25:30,0.05,0.05,11640,0.1,18360,0,101720
FINNIFTY02JAN2423100CE.NFO,02/01/2024,14:25:35,0.05,0.05,7320,0.1,18320,0,101720
FINNIFTY02JAN2423100CE.NFO,02/01/2024,14:25:40,0.05,0.05,7320,0.1,18360,0,101720
FINNIFTY02JAN2423100CE.NFO,02/01/2024,14:25:46,0.05,0.05,7320,0.1,18320,0,101720
FINNIFTY02JAN2423100CE.NFO,02/01/2024,14:25:58,0.05,0.05,7320,0.1,18360,0,101720
FINNIFTY02JAN2423100CE.NFO,02/01/2024,14:26:03,0.05,0.05,7320,0.1,18320,0,101720
FINNIFTY02JAN2423100CE.NFO,02/01/2024,14:26:19,0.05,0.05,8120,0.1,18360,0,101720
FINNIFTY02JAN2423100CE.NFO,02/01/2024,14:26:24,0.05,0.05,8120,0.1,18320,0,101720
FINNIFTY02JAN2423100CE.NFO,02/01/2024,14:26:30,0.05,0.05,8120,0.1,18360,0,101720
FINNIFTY02JAN2423100CE.NFO,02/01/2024,14:26:54,0.05,0.05,8120,0.1,18320,0,101720
FINNIFTY02JAN2423100CE.NFO,02/01/2024,14:27:12,0.05,0.05,8120,0.1,18360,0,101720
FINNIFTY02JAN2423100CE.NFO,02/01/2024,14:27:18,0.05,0.05,8120,0.1,18320,0,101720
FINNIFTY02JAN2423100CE.NFO,02/01/2024,14:27:35,0.05,0.05,8120,0.1,18360,0,101720
FINNIFTY02JAN2423100CE.NFO,02/01/2024,14:27:41,0.05,0.05,8120,0.1,18320,0,101720
FINNIFTY02JAN2423100CE.NFO,02/01/2024,14:27:47,0.05,0.05,8120,0.1,18360,0,101720
FINNIFTY02JAN2423100CE.NFO,02/01/2024,14:27:58,0.05,0.05,22320,0.1,18320,0,101720
FINNIFTY02JAN2423100CE.NFO,02/01/2024,14:28:29,0.05,0.05,22320,0.1,18360,0,101720
FINNIFTY02JAN2423100CE.NFO,02/01/2024,14:28:34,0.05,0.05,22320,0.1,18320,0,101720
FINNIFTY02JAN2423100CE.NFO,02/01/2024,14:28:40,0.05,0.05,22320,0.1,18360,0,101720
FINNIFTY02JAN2423100CE.NFO,02/01/2024,14:28:51,0.05,0.05,22320,0.1,18320,0,101720
FINNIFTY02JAN2423100CE.NFO,02/01/2024,14:28:57,0.05,0.05,22320,0.1,18360,0,101720
FINNIFTY02JAN2423100CE.NFO,02/01/2024,14:29:03,0.05,0.05,22320,0.1,18320,0,101720
FINNIFTY02JAN2423100CE.NFO,02/01/2024,14:29:50,0.05,0.05,21760,0.1,18320,560,92960
FINNIFTY02JAN2423100CE.NFO,02/01/2024,14:29:57,0.05,0.05,20960,0.1,18320,800,92960
FINNIFTY02JAN2423100CE.NFO,02/01/2024,14:30:11,0.05,0.05,20480,0.1,18320,480,92960
FINNIFTY02JAN2423100CE.NFO,02/01/2024,14:30:24,0.05,0.05,20480,0.1,18320,0,92960
FINNIFTY02JAN2423100CE.NFO,02/01/2024,14:30:52,0.1,0.05,20480,0.1,17720,680,92960
FINNIFTY02JAN2423100CE.NFO,02/01/2024,14:30:59,0.1,0.05,20480,0.1,16880,840,92960
FINNIFTY02JAN2423100CE.NFO,02/01/2024,14:31:07,0.1,0.05,20480,0.1,16680,200,92960
FINNIFTY02JAN2423100CE.NFO,02/01/2024,14:31:14,0.1,0.05,20480,0.1,16480,200,92960
FINNIFTY02JAN2423100CE.NFO,02/01/2024,14:31:27,0.1,0.05,20480,0.1,18280,0,92960
FINNIFTY02JAN2423100CE.NFO,02/01/2024,14:31:34,0.1,0.05,20480,0.1,17720,560,92960
FINNIFTY02JAN2423100CE.NFO,02/01/2024,14:31:55,0.1,0.05,20480,0.1,17400,320,92960
FINNIFTY02JAN2423100CE.NFO,02/01/2024,14:32:02,0.1,0.05,20480,0.1,17200,200,92960
FINNIFTY02JAN2423100CE.NFO,02/01/2024,14:32:10,0.1,0.05,20480,0.1,17000,200,92960
FINNIFTY02JAN2423100CE.NFO,02/01/2024,14:32:17,0.1,0.05,20480,0.1,16760,240,92960
FINNIFTY02JAN2423100CE.NFO,02/01/2024,14:32:44,0.05,0.05,20440,0.1,16760,40,92960
FINNIFTY02JAN2423100CE.NFO,02/01/2024,14:35:33,0.1,0.05,6240,0.1,6200,14200,92960
FINNIFTY02JAN2423100CE.NFO,02/01/2024,14:35:45,0.1,0.05,6240,0.1,9080,0,89520
FINNIFTY02JAN2423100CE.NFO,02/01/2024,14:36:47,0.1,0.05,6240,0.1,9120,0,89520
FINNIFTY02JAN2423100CE.NFO,02/01/2024,14:36:59,0.1,0.05,6240,0.1,9080,0,89520
FINNIFTY02JAN2423100CE.NFO,02/01/2024,14:37:11,0.1,0.05,6240,0.1,8680,0,89520
FINNIFTY02JAN2423100CE.NFO,02/01/2024,14:37:18,0.1,0.05,6240,0.1,8640,0,89520
FINNIFTY02JAN2423100CE.NFO,02/01/2024,14:37:24,0.1,0.05,6240,0.1,8560,80,75320
FINNIFTY02JAN2423100CE.NFO,02/01/2024,14:37:32,0.1,0.05,6240,0.1,8600,0,75320
FINNIFTY02JAN2423100CE.NFO,02/01/2024,14:37:39,0.05,0.05,6160,0.1,8560,80,75320
FINNIFTY02JAN2423100CE.NFO,02/01/2024,14:37:46,0.05,0.05,6160,0.1,8560,0,75320
FINNIFTY02JAN2423100CE.NFO,02/01/2024,14:37:59,0.05,0.05,6160,0.1,8600,0,75320
FINNIFTY02JAN2423100CE.NFO,02/01/2024,14:38:07,0.05,0.05,6160,0.1,8560,0,75320
FINNIFTY02JAN2423100CE.NFO,02/01/2024,14:38:14,0.05,0.05,6160,0.1,8600,0,75320
FINNIFTY02JAN2423100CE.NFO,02/01/2024,14:38:21,0.05,0.05,6160,0.1,8560,0,75320
FINNIFTY02JAN2423100CE.NFO,02/01/2024,14:38:29,0.05,0.05,6160,0.1,8600,0,75320
FINNIFTY02JAN2423100CE.NFO,02/01/2024,14:38:43,0.05,0.05,6160,0.1,8560,0,75320
FINNIFTY02JAN2423100CE.NFO,02/01/2024,14:38:57,0.05,0.05,6160,0.1,8600,0,75320
FINNIFTY02JAN2423100CE.NFO,02/01/2024,14:39:04,0.05,0.05,6160,0.1,8560,0,75320
FINNIFTY02JAN2423100CE.NFO,02/01/2024,14:39:51,0.05,0.05,6160,0.1,8600,0,75320
FINNIFTY02JAN2423100CE.NFO,02/01/2024,14:39:58,0.05,0.05,6160,0.1,8560,0,75320
FINNIFTY02JAN2423100CE.NFO,02/01/2024,14:40:25,0.1,0.05,6160,0.1,8280,400,75400
FINNIFTY02JAN2423100CE.NFO,02/01/2024,14:40:34,0.1,0.05,6160,0.1,7120,720,75400
FINNIFTY02JAN2423100CE.NFO,02/01/2024,14:40:56,0.1,0.05,3120,0.1,4240,0,75400
FINNIFTY02JAN2423100CE.NFO,02/01/2024,14:43:06,0.1,0.05,3120,0.1,5680,0,75400
FINNIFTY02JAN2423100CE.NFO,02/01/2024,14:43:13,0.1,0.05,4200,0.1,5880,0,75400
FINNIFTY02JAN2423100CE.NFO,02/01/2024,14:44:14,0.1,0.05,3120,0.1,4240,0,75400
FINNIFTY02JAN2423100CE.NFO,02/01/2024,14:45:03,0.1,0.05,5320,0.1,5720,0,75400
FINNIFTY02JAN2423100CE.NFO,02/01/2024,14:45:11,0.1,0.05,4320,0.1,4360,0,75400
FINNIFTY02JAN2423100CE.NFO,02/01/2024,14:45:32,0.1,0.05,4320,0.1,5640,0,75400
FINNIFTY02JAN2423100CE.NFO,02/01/2024,14:45:39,0.1,0.05,4320,0.1,5840,0,75400
FINNIFTY02JAN2423100CE.NFO,02/01/2024,14:45:53,0.1,0.05,5120,0.1,5840,0,75400
FINNIFTY02JAN2423100CE.NFO,02/01/2024,14:46:34,0.1,0.05,4320,0.1,3880,480,74320
FINNIFTY02JAN2423100CE.NFO,02/01/2024,14:47:36,0.1,0.05,4320,0.1,5240,0,74320
FINNIFTY02JAN2423100CE.NFO,02/01/2024,14:47:44,0.1,0.05,4320,0.1,6880,0,74320
FINNIFTY02JAN2423100CE.NFO,02/01/2024,14:47:57,0.1,0.05,4520,0.1,6880,0,74320
FINNIFTY02JAN2423100CE.NFO,02/01/2024,14:50:28,0.05,0.05,4400,0.1,6880,120,73840
FINNIFTY02JAN2423100CE.NFO,02/01/2024,14:51:02,0.05,0.05,4200,0.1,5080,0,73840
FINNIFTY02JAN2423100CE.NFO,02/01/2024,14:51:16,0.05,0.05,4200,0.1,6200,0,73840
FINNIFTY02JAN2423100CE.NFO,02/01/2024,14:52:02,0.05,0.05,4200,0.1,6360,0,73840
FINNIFTY02JAN2423100CE.NFO,02/01/2024,14:52:57,0.05,0.05,4400,0.1,6360,0,73840
FINNIFTY02JAN2423100CE.NFO,02/01/2024,14:53:31,0.05,0.05,3640,0.1,5440,0,73840
FINNIFTY02JAN2423100CE.NFO,02/01/2024,14:53:54,0.05,0.05,3640,0.1,5320,0,73840
FINNIFTY02JAN2423100CE.NFO,02/01/2024,14:54:22,0.05,0.05,3600,0.1,5320,40,73840
FINNIFTY02JAN2423100CE.NFO,02/01/2024,14:55:06,0.05,0.05,3560,0.1,5320,40,73840
FINNIFTY02JAN2423100CE.NFO,02/01/2024,14:56:37,0.05,0.05,3560,0.1,5240,0,73840
FINNIFTY02JAN2423100CE.NFO,02/01/2024,14:58:22,0.05,0.05,3120,0.1,5240,440,73840
FINNIFTY02JAN2423100CE.NFO,02/01/2024,14:59:42,0.1,0.05,3120,0.1,5120,160,73840
FINNIFTY02JAN2423100CE.NFO,02/01/2024,14:59:58,0.1,0.05,3120,0.1,5680,280,73840
FINNIFTY02JAN2423100CE.NFO,02/01/2024,15:00:06,0.1,0.05,4480,0.1,2600,3080,73840
FINNIFTY02JAN2423100CE.NFO,02/01/2024,15:00:14,0.1,0.05,5280,0.1,3040,0,73840
FINNIFTY02JAN2423100CE.NFO,02/01/2024,15:00:21,0.1,0.05,6480,0.1,3040,0,73840
FINNIFTY02JAN2423100CE.NFO,02/01/2024,15:00:29,0.1,0.05,7280,0.1,3400,240,76680
FINNIFTY02JAN2423100CE.NFO,02/01/2024,15:00:36,0.1,0.05,7280,0.1,3400,0,76680
FINNIFTY02JAN2423100CE.NFO,02/01/2024,15:00:43,0.1,0.05,7240,0.1,2600,840,76680
FINNIFTY02JAN2423100CE.NFO,02/01/2024,15:00:51,0.1,0.05,7720,0.1,1960,1880,76680
FINNIFTY02JAN2423100CE.NFO,02/01/2024,15:00:58,0.1,0.05,7720,0.1,2120,400,76680
FINNIFTY02JAN2423100CE.NFO,02/01/2024,15:01:06,0.1,0.05,7720,0.1,1600,520,76680
FINNIFTY02JAN2423100CE.NFO,02/01/2024,15:01:14,0.1,0.05,8120,0.1,2080,1080,76680
FINNIFTY02JAN2423100CE.NFO,02/01/2024,15:01:29,0.1,0.05,8120,0.1,2080,0,76680
FINNIFTY02JAN2423100CE.NFO,02/01/2024,15:01:37,0.1,0.05,8120,0.1,1920,160,76680
FINNIFTY02JAN2423100CE.NFO,02/01/2024,15:01:45,0.1,0.05,8120,0.1,1600,440,76680
FINNIFTY02JAN2423100CE.NFO,02/01/2024,15:01:52,0.1,0.05,8120,0.1,1640,440,76680
FINNIFTY02JAN2423100CE.NFO,02/01/2024,15:02:01,0.1,0.05,8120,0.1,1160,880,76680
FINNIFTY02JAN2423100CE.NFO,02/01/2024,15:02:08,0.1,0.05,8120,0.1,2000,0,76680
FINNIFTY02JAN2423100CE.NFO,02/01/2024,15:02:24,0.05,0.05,7840,0.1,2000,280,76680
FINNIFTY02JAN2423100CE.NFO,02/01/2024,15:02:39,0.05,0.05,7760,0.1,2000,80,76680
FINNIFTY02JAN2423100CE.NFO,02/01/2024,15:03:09,0.1,0.05,7760,0.1,1960,400,76680
FINNIFTY02JAN2423100CE.NFO,02/01/2024,15:03:16,0.05,0.05,7720,0.1,1960,40,78280
FINNIFTY02JAN2423100CE.NFO,02/01/2024,15:04:14,0.1,0.05,7720,0.1,1600,360,78280
FINNIFTY02JAN2423100CE.NFO,02/01/2024,15:04:30,0.1,0.05,7720,0.1,2560,0,78280
FINNIFTY02JAN2423100CE.NFO,02/01/2024,15:04:38,0.1,0.05,7720,0.1,3160,0,78280
FINNIFTY02JAN2423100CE.NFO,02/01/2024,15:05:09,0.1,0.05,7720,0.1,2880,280,78280
FINNIFTY02JAN2423100CE.NFO,02/01/2024,15:05:33,0.1,0.05,7720,0.1,2880,0,78280
FINNIFTY02JAN2423100CE.NFO,02/01/2024,15:05:41,0.05,0.05,7680,0.1,2880,40,78280
FINNIFTY02JAN2423100CE.NFO,02/01/2024,15:05:56,0.1,0.05,7680,0.1,2800,80,78280
FINNIFTY02JAN2423100CE.NFO,02/01/2024,15:06:04,0.1,0.05,7680,0.1,2240,560,78280
FINNIFTY02JAN2423100CE.NFO,02/01/2024,15:06:21,0.1,0.05,7680,0.1,2760,480,78280
FINNIFTY02JAN2423100CE.NFO,02/01/2024,15:06:30,0.05,0.05,7640,0.1,2360,720,78280
FINNIFTY02JAN2423100CE.NFO,02/01/2024,15:06:37,0.05,0.05,7640,0.1,840,0,78280
FINNIFTY02JAN2423100CE.NFO,02/01/2024,15:06:45,0.1,0.05,7760,0.1,560,400,78280
FINNIFTY02JAN2423100CE.NFO,02/01/2024,15:07:01,0.1,0.05,7840,0.1,1040,600,78280
FINNIFTY02JAN2423100CE.NFO,02/01/2024,15:07:09,0.1,0.05,8240,0.1,1000,920,78280
FINNIFTY02JAN2423100CE.NFO,02/01/2024,15:07:18,0.1,0.05,8240,0.1,880,160,78280
FINNIFTY02JAN2423100CE.NFO,02/01/2024,15:07:27,0.1,0.05,8240,0.1,240,480,78280
FINNIFTY02JAN2423100CE.NFO,02/01/2024,15:07:36,0.1,0.05,8240,0.1,680,760,78280
FINNIFTY02JAN2423100CE.NFO,02/01/2024,15:07:46,0.1,0.05,8240,0.1,800,680,78280
FINNIFTY02JAN2423100CE.NFO,02/01/2024,15:07:56,0.1,0.05,8200,0.1,1160,680,78280
FINNIFTY02JAN2423100CE.NFO,02/01/2024,15:08:06,0.1,0.05,8200,0.1,1000,160,78280
FINNIFTY02JAN2423100CE.NFO,02/01/2024,15:08:36,0.1,0.05,8200,0.1,680,400,78280
FINNIFTY02JAN2423100CE.NFO,02/01/2024,15:08:44,0.1,0.05,9400,0.1,320,5920,78280
FINNIFTY02JAN2423100CE.NFO,02/01/2024,15:08:53,0.1,0.05,8880,0.1,440,2480,78280
FINNIFTY02JAN2423100CE.NFO,02/01/2024,15:09:03,0.1,0.05,9760,0.1,3800,480,78280
FINNIFTY02JAN2423100CE.NFO,02/01/2024,15:09:13,0.1,0.05,9760,0.1,4160,80,78280
FINNIFTY02JAN2423100CE.NFO,02/01/2024,15:09:22,0.1,0.05,9760,0.1,3760,400,76520
FINNIFTY02JAN2423100CE.NFO,02/01/2024,15:09:32,0.1,0.05,9760,0.1,1360,0,76520
FINNIFTY02JAN2423100CE.NFO,02/01/2024,15:09:42,0.1,0.05,9760,0.1,1400,280,76520
FINNIFTY02JAN2423100CE.NFO,02/01/2024,15:09:53,0.1,0.05,7960,0.1,2000,0,76520
FINNIFTY02JAN2423100CE.NFO,02/01/2024,15:10:03,0.1,0.05,7960,0.1,2120,80,76520
FINNIFTY02JAN2423100CE.NFO,02/01/2024,15:10:14,0.1,0.05,7960,0.1,3920,240,76520
FINNIFTY02JAN2423100CE.NFO,02/01/2024,15:10:24,0.05,0.05,7160,0.1,5760,880,76520
FINNIFTY02JAN2423100CE.NFO,02/01/2024,15:11:26,0.05,0.05,4760,0.1,5760,0,76520
FINNIFTY02JAN2423100CE.NFO,02/01/2024,15:11:36,0.05,0.05,4760,0.1,6960,0,76520
FINNIFTY02JAN2423100CE.NFO,02/01/2024,15:12:51,0.05,0.05,4720,0.1,6960,40,76920
FINNIFTY02JAN2423100CE.NFO,02/01/2024,15:13:01,0.05,0.05,4720,0.1,6960,0,76920
FINNIFTY02JAN2423100CE.NFO,02/01/2024,15:14:18,0.05,0.05,4800,0.1,6160,0,76920
FINNIFTY02JAN2423100CE.NFO,02/01/2024,15:15:10,0.05,0.05,3000,0.1,6160,1800,76920
FINNIFTY02JAN2423100CE.NFO,02/01/2024,15:15:19,0.05,0,0,0.1,5960,3320,76920
FINNIFTY02JAN2423100CE.NFO,02/01/2024,15:16:10,0.05,0,0,0.1,7560,0,76920
FINNIFTY02JAN2423100CE.NFO,02/01/2024,15:16:57,0.05,0,0,0.1,9160,0,76920
FINNIFTY02JAN2423100CE.NFO,02/01/2024,15:17:16,0.05,0,0,0.05,240,0,76920
FINNIFTY02JAN2423100CE.NFO,02/01/2024,15:18:25,0.05,0,0,0.1,7360,0,76920
FINNIFTY02JAN2423100CE.NFO,02/01/2024,15:18:34,0.05,0,0,0.1,8560,0,76920
FINNIFTY02JAN2423100CE.NFO,02/01/2024,15:20:04,0.05,0,0,0.1,8520,0,76920
FINNIFTY02JAN2423100CE.NFO,02/01/2024,15:20:23,0.05,0,0,0.05,40,0,76920
FINNIFTY02JAN2423100CE.NFO,02/01/2024,15:20:31,0.05,0,0,0.05,40,2920,74000
FINNIFTY02JAN2423100CE.NFO,02/01/2024,15:20:47,0.05,0,0,0.05,240,0,74000
FINNIFTY02JAN2423100CE.NFO,02/01/2024,15:21:03,0.05,0,0,0.05,200,0,74000
FINNIFTY02JAN2423100CE.NFO,02/01/2024,15:21:19,0.05,0,0,0.1,7560,5320,69640
FINNIFTY02JAN2423100CE.NFO,02/01/2024,15:21:45,0.05,0,0,0.05,120,0,69640
FINNIFTY02JAN2423100CE.NFO,02/01/2024,15:22:00,0.05,0.05,1800,0.1,7440,800,69640
FINNIFTY02JAN2423100CE.NFO,02/01/2024,15:22:08,0.05,0.05,640,0.1,7520,1320,69640
FINNIFTY02JAN2423100CE.NFO,02/01/2024,15:22:16,0.05,0,0,0.05,120,640,69640
FINNIFTY02JAN2423100CE.NFO,02/01/2024,15:22:31,0.05,0,0,0.05,1960,0,69640
FINNIFTY02JAN2423100CE.NFO,02/01/2024,15:22:46,0.05,0,0,0.05,1160,0,69640
FINNIFTY02JAN2423100CE.NFO,02/01/2024,15:23:23,0.05,0,0,0.05,360,0,69640
FINNIFTY02JAN2423100CE.NFO,02/01/2024,15:23:33,0.05,0,0,0.05,80,520,69640
FINNIFTY02JAN2423100CE.NFO,02/01/2024,15:23:42,0.05,0,0,0.05,200,0,69640
FINNIFTY02JAN2423100CE.NFO,02/01/2024,15:23:52,0.05,0,0,0.05,80,1160,69640
FINNIFTY02JAN2423100CE.NFO,02/01/2024,15:24:20,0.05,0,0,0.05,120,0,69640
FINNIFTY02JAN2423100CE.NFO,02/01/2024,15:24:29,0.05,0,0,0.05,960,0,69640
FINNIFTY02JAN2423100CE.NFO,02/01/2024,15:24:39,0.05,0,0,0.05,1320,0,69640
FINNIFTY02JAN2423100CE.NFO,02/01/2024,15:25:38,0.05,0,0,0.05,2000,200,67760
FINNIFTY02JAN2423100CE.NFO,02/01/2024,15:27:06,0.05,0,0,0.05,2000,0,67760
FINNIFTY02JAN2423100CE.NFO,02/01/2024,15:27:33,0.05,0,0,0.05,2480,0,67760
FINNIFTY02JAN2423100CE.NFO,02/01/2024,15:28:46,0.05,0,0,0.05,2520,0,67760
FINNIFTY02JAN2423100CE.NFO,02/01/2024,15:29:12,0.05,0,0,0.05,2480,0,67760
FINNIFTY02JAN2423100CE.NFO,02/01/2024,15:29:41,0.05,0,0,0.05,2320,160,67640
FINNIFTY02JAN2423100CE.NFO,02/01/2024,15:30:01,0.05,0,0,0.05,2240,0,67640
