Ticker,Date,Time,LTP,BuyPrice,BuyQty,SellPrice,SellQty,LTQ,OpenInterest
FINNIFTY02JAN2419800CE.NFO,02/01/2024,10:22:07,1555.15,1541.85,640,1571.6,200,40,880
FINNIFTY02JAN2419800CE.NFO,02/01/2024,10:22:07,1555.15,1541.85,640,1571.6,200,0,880
FINNIFTY02JAN2419800CE.NFO,02/01/2024,10:22:07,1555.15,1541.85,640,1571.6,200,0,880
FINNIFTY02JAN2419800CE.NFO,02/01/2024,10:22:07,1555.15,1541.85,640,1571.6,200,0,880
FINNIFTY02JAN2419800CE.NFO,02/01/2024,10:22:17,1555.15,1541.85,640,1569,240,0,880
FINNIFTY02JAN2419800CE.NFO,02/01/2024,10:22:27,1555.15,1541.85,640,1567.25,40,0,880
FINNIFTY02JAN2419800CE.NFO,02/01/2024,10:22:37,1555.15,1541.85,640,1565.75,40,0,880
FINNIFTY02JAN2419800CE.NFO,02/01/2024,10:22:47,1555.15,1541.85,640,1564.45,160,0,880
FINNIFTY02JAN2419800CE.NFO,02/01/2024,10:22:57,1555.15,1541.95,40,1562.85,40,0,880
FINNIFTY02JAN2419800CE.NFO,02/01/2024,10:23:07,1555.15,1541.95,40,1561.35,40,0,880
FINNIFTY02JAN2419800CE.NFO,02/01/2024,10:23:17,1555.15,1541.95,40,1559.65,160,0,880
FINNIFTY02JAN2419800CE.NFO,02/01/2024,10:23:27,1555.15,1542.2,160,1558.25,160,0,880
FINNIFTY02JAN2419800CE.NFO,02/01/2024,10:23:38,1555.15,1542.5,40,1556.7,40,0,880
FINNIFTY02JAN2419800CE.NFO,02/01/2024,10:23:48,1555.15,1543.1,40,1555.1,40,0,880
FINNIFTY02JAN2419800CE.NFO,02/01/2024,10:23:59,1555.15,1539.8,40,1554.8,40,0,880
FINNIFTY02JAN2419800CE.NFO,02/01/2024,10:24:10,1555.15,1539.8,40,1554.6,160,0,880
FINNIFTY02JAN2419800CE.NFO,02/01/2024,10:24:20,1555.15,1539.8,40,1554.55,160,0,880
FINNIFTY02JAN2419800CE.NFO,02/01/2024,10:24:30,1555.15,1539.8,40,1554.25,40,0,880
FINNIFTY02JAN2419800CE.NFO,02/01/2024,10:24:40,1555.15,1539.8,40,1554.15,160,0,880
FINNIFTY02JAN2419800CE.NFO,02/01/2024,10:24:49,1555.15,1539.8,40,1554,40,0,880
FINNIFTY02JAN2419800CE.NFO,02/01/2024,10:25:00,1555.15,1539.8,40,1553.8,160,0,880
FINNIFTY02JAN2419800CE.NFO,02/01/2024,10:25:10,1555.15,1544.25,40,1553.8,160,0,880
FINNIFTY02JAN2419800CE.NFO,02/01/2024,10:25:20,1555.15,1545.85,40,1560.05,200,0,880
FINNIFTY02JAN2419800CE.NFO,02/01/2024,10:25:31,1555.15,1547.4,40,1560.05,200,0,880
FINNIFTY02JAN2419800CE.NFO,02/01/2024,10:25:41,1555.15,1542.9,640,1560.05,200,0,880
FINNIFTY02JAN2419800CE.NFO,02/01/2024,10:26:32,1555.15,1546.35,120,1560.05,200,0,880
FINNIFTY02JAN2419800CE.NFO,02/01/2024,10:26:43,1555.15,1540.4,160,1560.05,200,0,880
FINNIFTY02JAN2419800CE.NFO,02/01/2024,10:26:53,1555.15,1540.75,120,1560.05,200,0,880
FINNIFTY02JAN2419800CE.NFO,02/01/2024,10:27:04,1555.15,1542.2,120,1559.4,240,0,880
FINNIFTY02JAN2419800CE.NFO,02/01/2024,10:27:16,1555.15,1540.05,160,1559.3,200,0,880
FINNIFTY02JAN2419800CE.NFO,02/01/2024,10:27:47,1555.15,1544.4,40,1559.35,200,0,880
FINNIFTY02JAN2419800CE.NFO,02/01/2024,10:27:57,1555.15,1544.7,40,1559.3,200,0,880
FINNIFTY02JAN2419800CE.NFO,02/01/2024,10:28:07,1555.15,1545,40,1559.3,200,0,880
FINNIFTY02JAN2419800CE.NFO,02/01/2024,10:28:17,1555.15,1545.25,40,1559.3,200,0,880
FINNIFTY02JAN2419800CE.NFO,02/01/2024,10:28:27,1555.15,1545.55,40,1559.3,200,0,880
FINNIFTY02JAN2419800CE.NFO,02/01/2024,10:28:36,1555.15,1545.85,40,1559.3,200,0,880
FINNIFTY02JAN2419800CE.NFO,02/01/2024,10:28:45,1555.15,1546.15,40,1559.3,200,0,880
FINNIFTY02JAN2419800CE.NFO,02/01/2024,10:28:53,1555.15,1547.6,200,1559.3,200,0,880
FINNIFTY02JAN2419800CE.NFO,02/01/2024,10:29:02,1555.15,1548.2,40,1559.3,200,0,880
FINNIFTY02JAN2419800CE.NFO,02/01/2024,10:29:11,1555.15,1548.95,40,1559.3,200,0,880
FINNIFTY02JAN2419800CE.NFO,02/01/2024,10:29:20,1555.15,1550.05,160,1559.35,200,0,880
FINNIFTY02JAN2419800CE.NFO,02/01/2024,10:29:29,1555.15,1550.95,120,1563.2,200,0,880
FINNIFTY02JAN2419800CE.NFO,02/01/2024,10:29:38,1555.15,1547.6,200,1563.2,200,0,880
FINNIFTY02JAN2419800CE.NFO,02/01/2024,10:29:46,1555.15,1555.2,40,1563.2,200,0,880
FINNIFTY02JAN2419800CE.NFO,02/01/2024,10:29:54,1555.2,1549.35,200,1563.2,200,40,880
FINNIFTY02JAN2419800CE.NFO,02/01/2024,10:29:54,1555.2,1549.35,200,1563.2,200,0,880
FINNIFTY02JAN2419800CE.NFO,02/01/2024,10:30:02,1555.2,1549.95,160,1562.6,40,0,880
FINNIFTY02JAN2419800CE.NFO,02/01/2024,10:30:12,1555.2,1550.6,40,1562.35,160,0,880
FINNIFTY02JAN2419800CE.NFO,02/01/2024,10:30:21,1555.2,1551.35,120,1567.55,520,0,880
FINNIFTY02JAN2419800CE.NFO,02/01/2024,10:30:31,1555.2,1551.7,40,1567.5,200,0,880
FINNIFTY02JAN2419800CE.NFO,02/01/2024,10:30:40,1555.2,1552.6,40,1571.75,160,0,880
FINNIFTY02JAN2419800CE.NFO,02/01/2024,10:30:50,1555.2,1552.9,40,1571.75,160,0,880
FINNIFTY02JAN2419800CE.NFO,02/01/2024,10:31:00,1555.2,1554.85,40,1571.75,160,0,880
FINNIFTY02JAN2419800CE.NFO,02/01/2024,10:31:09,1555.2,1556.2,40,1571.55,160,0,880
FINNIFTY02JAN2419800CE.NFO,02/01/2024,10:31:18,1555.2,1557.7,160,1570.35,160,0,880
FINNIFTY02JAN2419800CE.NFO,02/01/2024,10:31:27,1555.2,1558.9,160,1569.05,40,0,880
FINNIFTY02JAN2419800CE.NFO,02/01/2024,10:31:36,1555.2,1559.75,40,1576.15,520,0,880
FINNIFTY02JAN2419800CE.NFO,02/01/2024,10:31:46,1555.2,1560.1,40,1580.4,160,0,880
FINNIFTY02JAN2419800CE.NFO,02/01/2024,10:31:57,1555.2,1563.4,40,1584.65,160,0,880
FINNIFTY02JAN2419800CE.NFO,02/01/2024,10:32:07,1555.2,1563.7,40,1584.65,160,0,880
FINNIFTY02JAN2419800CE.NFO,02/01/2024,10:32:17,1555.2,1564,40,1584.65,160,0,880
FINNIFTY02JAN2419800CE.NFO,02/01/2024,10:32:26,1555.2,1564.3,40,1584.65,160,0,880
FINNIFTY02JAN2419800CE.NFO,02/01/2024,10:32:36,1555.2,1563.3,160,1583.25,40,0,880
FINNIFTY02JAN2419800CE.NFO,02/01/2024,10:32:45,1555.2,1561.3,160,1580.45,160,0,880
FINNIFTY02JAN2419800CE.NFO,02/01/2024,10:32:55,1555.2,1561.25,40,1578.6,160,0,880
FINNIFTY02JAN2419800CE.NFO,02/01/2024,10:33:05,1555.2,1561.8,160,1578.3,160,0,880
FINNIFTY02JAN2419800CE.NFO,02/01/2024,10:33:14,1555.2,1561.9,360,1578.05,160,0,880
FINNIFTY02JAN2419800CE.NFO,02/01/2024,10:33:23,1555.2,1561.9,360,1577.75,160,0,880
FINNIFTY02JAN2419800CE.NFO,02/01/2024,10:33:32,1555.2,1561.9,360,1577.45,160,0,880
FINNIFTY02JAN2419800CE.NFO,02/01/2024,10:33:41,1555.2,1561.15,40,1577.2,160,0,880
FINNIFTY02JAN2419800CE.NFO,02/01/2024,10:34:00,1555.2,1561.05,40,1576.6,160,0,880
FINNIFTY02JAN2419800CE.NFO,02/01/2024,10:34:10,1555.2,1560.95,120,1575.85,160,0,880
FINNIFTY02JAN2419800CE.NFO,02/01/2024,10:34:20,1555.2,1561.95,40,1575.75,360,0,880
FINNIFTY02JAN2419800CE.NFO,02/01/2024,10:34:29,1555.2,1563.15,160,1575.75,360,0,880
FINNIFTY02JAN2419800CE.NFO,02/01/2024,10:34:38,1555.2,1563.85,160,1575.75,360,0,880
FINNIFTY02JAN2419800CE.NFO,02/01/2024,10:34:47,1555.2,1561.5,160,1575.75,360,0,880
FINNIFTY02JAN2419800CE.NFO,02/01/2024,10:34:57,1555.2,1560.05,160,1573.95,160,0,880
FINNIFTY02JAN2419800CE.NFO,02/01/2024,10:35:05,1555.2,1561.25,160,1572.8,200,0,880
FINNIFTY02JAN2419800CE.NFO,02/01/2024,10:35:14,1555.2,1559.5,40,1571.55,40,0,880
FINNIFTY02JAN2419800CE.NFO,02/01/2024,10:35:23,1555.2,1559.5,40,1570.7,40,0,880
FINNIFTY02JAN2419800CE.NFO,02/01/2024,10:35:32,1555.2,1560.8,40,1569.8,160,0,880
FINNIFTY02JAN2419800CE.NFO,02/01/2024,10:35:41,1555.2,1559.7,200,1569.55,160,0,880
FINNIFTY02JAN2419800CE.NFO,02/01/2024,10:35:49,1555.2,1560.3,160,1569.05,160,0,880
FINNIFTY02JAN2419800CE.NFO,02/01/2024,10:35:58,1555.2,1561,40,1568.8,160,0,880
FINNIFTY02JAN2419800CE.NFO,02/01/2024,10:36:07,1555.2,1561.5,40,1633.9,400,0,880
FINNIFTY02JAN2419800CE.NFO,02/01/2024,10:36:17,1555.2,1559.95,40,1623.05,40,0,880
FINNIFTY02JAN2419800CE.NFO,02/01/2024,10:36:28,1555.2,1555.75,400,1620,400,0,880
FINNIFTY02JAN2419800CE.NFO,02/01/2024,10:36:39,1555.75,1548.35,160,1572.25,160,400,880
FINNIFTY02JAN2419800CE.NFO,02/01/2024,10:36:39,1555.75,1548.35,160,1572.25,160,0,880
FINNIFTY02JAN2419800CE.NFO,02/01/2024,10:36:51,1555.75,1544,80,1572.05,320,0,880
FINNIFTY02JAN2419800CE.NFO,02/01/2024,10:37:02,1555.75,1541.95,40,1572.05,320,0,880
FINNIFTY02JAN2419800CE.NFO,02/01/2024,10:37:14,1555.75,1542.2,40,1572.05,320,0,880
FINNIFTY02JAN2419800CE.NFO,02/01/2024,10:37:24,1555.75,1542.5,40,1572.05,320,0,880
FINNIFTY02JAN2419800CE.NFO,02/01/2024,10:37:36,1555.75,1542.75,40,1572.05,320,0,880
FINNIFTY02JAN2419800CE.NFO,02/01/2024,10:37:46,1555.75,1543.05,40,1572.05,320,0,880
FINNIFTY02JAN2419800CE.NFO,02/01/2024,10:37:56,1555.75,1543.25,160,1566.05,160,0,880
FINNIFTY02JAN2419800CE.NFO,02/01/2024,10:38:05,1555.75,1547.1,40,1565.95,200,0,880
FINNIFTY02JAN2419800CE.NFO,02/01/2024,10:38:15,1555.75,1547.2,160,1565.95,200,0,880
FINNIFTY02JAN2419800CE.NFO,02/01/2024,10:38:25,1555.75,1547.35,40,1565.95,200,0,880
FINNIFTY02JAN2419800CE.NFO,02/01/2024,10:38:34,1555.75,1547.45,160,1565.95,200,0,880
FINNIFTY02JAN2419800CE.NFO,02/01/2024,10:38:53,1555.75,1555.75,40,1565.95,200,0,880
FINNIFTY02JAN2419800CE.NFO,02/01/2024,10:39:03,1555.75,1547,120,1565.95,200,40,840
FINNIFTY02JAN2419800CE.NFO,02/01/2024,10:39:14,1555.75,1547.5,160,1564.7,160,0,840
FINNIFTY02JAN2419800CE.NFO,02/01/2024,10:39:25,1555.75,1547.25,40,1564.45,80,0,840
FINNIFTY02JAN2419800CE.NFO,02/01/2024,10:39:36,1555.75,1547.05,40,1564.15,40,0,840
FINNIFTY02JAN2419800CE.NFO,02/01/2024,10:39:47,1555.75,1546.95,200,1562.85,40,0,840
FINNIFTY02JAN2419800CE.NFO,02/01/2024,10:39:57,1555.75,1544.9,40,1562.55,40,0,840
FINNIFTY02JAN2419800CE.NFO,02/01/2024,10:40:08,1555.75,1544.9,40,1560.5,40,0,840
FINNIFTY02JAN2419800CE.NFO,02/01/2024,10:40:19,1555.75,1544.9,40,1560.4,160,0,840
FINNIFTY02JAN2419800CE.NFO,02/01/2024,10:40:40,1555.75,1544.9,40,1559.45,120,0,840
FINNIFTY02JAN2419800CE.NFO,02/01/2024,10:40:50,1555.75,1544.9,40,1559.4,240,0,840
FINNIFTY02JAN2419800CE.NFO,02/01/2024,10:41:30,1555.75,1548.2,40,1559.4,240,0,840
FINNIFTY02JAN2419800CE.NFO,02/01/2024,10:41:40,1555.75,1548.5,40,1566.1,200,0,840
FINNIFTY02JAN2419800CE.NFO,02/01/2024,10:41:50,1555.75,1548.8,40,1566.1,200,0,840
FINNIFTY02JAN2419800CE.NFO,02/01/2024,10:42:00,1555.75,1549.1,160,1566.1,200,0,840
FINNIFTY02JAN2419800CE.NFO,02/01/2024,10:42:10,1555.75,1549.35,40,1566.1,200,0,840
FINNIFTY02JAN2419800CE.NFO,02/01/2024,10:42:20,1555.75,1549.65,40,1566.1,200,0,840
FINNIFTY02JAN2419800CE.NFO,02/01/2024,10:42:31,1555.75,1551.35,40,1566.1,200,0,840
FINNIFTY02JAN2419800CE.NFO,02/01/2024,10:42:40,1555.75,1552.65,40,1566.1,200,0,840
FINNIFTY02JAN2419800CE.NFO,02/01/2024,10:42:50,1555.75,1553.65,40,1566.1,200,0,840
FINNIFTY02JAN2419800CE.NFO,02/01/2024,10:43:00,1555.75,1554.45,160,1566.1,200,0,840
FINNIFTY02JAN2419800CE.NFO,02/01/2024,10:43:11,1555.75,1489.5,400,1566.1,200,0,840
FINNIFTY02JAN2419800CE.NFO,02/01/2024,10:43:20,1555.75,1501.6,160,1566.1,200,0,840
FINNIFTY02JAN2419800CE.NFO,02/01/2024,10:43:30,1555.75,1502.4,40,1566.1,200,0,840
FINNIFTY02JAN2419800CE.NFO,02/01/2024,10:43:40,1555.75,1555.1,200,1566.1,200,0,840
FINNIFTY02JAN2419800CE.NFO,02/01/2024,10:44:00,1555.75,1555.8,160,1566.1,200,0,840
FINNIFTY02JAN2419800CE.NFO,02/01/2024,10:44:09,1555.75,1556.7,40,1566.15,520,0,840
FINNIFTY02JAN2419800CE.NFO,02/01/2024,10:44:19,1555.75,1555.2,200,1566.1,200,0,840
FINNIFTY02JAN2419800CE.NFO,02/01/2024,10:44:29,1555.75,1555.85,160,1566.1,40,0,840
FINNIFTY02JAN2419800CE.NFO,02/01/2024,10:44:40,1555.75,1556.4,160,1570.4,200,0,840
FINNIFTY02JAN2419800CE.NFO,02/01/2024,10:44:50,1555.75,1556.95,160,1570.4,200,0,840
FINNIFTY02JAN2419800CE.NFO,02/01/2024,10:45:00,1555.75,1557.25,160,1570.4,200,0,840
FINNIFTY02JAN2419800CE.NFO,02/01/2024,10:45:09,1555.75,1557.8,160,1570.4,200,0,840
FINNIFTY02JAN2419800CE.NFO,02/01/2024,10:45:19,1555.75,1555.25,160,1570.4,200,0,840
FINNIFTY02JAN2419800CE.NFO,02/01/2024,10:45:29,1555.75,1555.85,160,1570.4,200,0,840
FINNIFTY02JAN2419800CE.NFO,02/01/2024,10:45:38,1555.75,1557.35,160,1570.4,200,0,840
FINNIFTY02JAN2419800CE.NFO,02/01/2024,10:45:48,1555.75,1558.6,40,1570.4,200,0,840
FINNIFTY02JAN2419800CE.NFO,02/01/2024,10:45:58,1555.75,1558.75,160,1570.4,200,0,840
FINNIFTY02JAN2419800CE.NFO,02/01/2024,10:46:07,1555.75,1555.45,40,1570.4,200,0,840
FINNIFTY02JAN2419800CE.NFO,02/01/2024,10:46:17,1555.75,1557.05,40,1570.4,200,0,840
FINNIFTY02JAN2419800CE.NFO,02/01/2024,10:46:26,1555.75,1557.65,40,1570.4,200,0,840
FINNIFTY02JAN2419800CE.NFO,02/01/2024,10:46:36,1555.75,1555.15,720,1570.4,200,0,840
FINNIFTY02JAN2419800CE.NFO,02/01/2024,10:46:46,1555.75,1556.5,40,1570.45,520,0,840
FINNIFTY02JAN2419800CE.NFO,02/01/2024,10:46:56,1555.75,1558.15,40,1570.45,520,0,840
FINNIFTY02JAN2419800CE.NFO,02/01/2024,10:47:06,1555.75,1558.95,40,1570.4,200,0,840
FINNIFTY02JAN2419800CE.NFO,02/01/2024,10:47:15,1555.75,1552.5,40,1570.4,200,0,840
FINNIFTY02JAN2419800CE.NFO,02/01/2024,10:47:34,1555.75,1552.5,40,1570.45,520,0,840
FINNIFTY02JAN2419800CE.NFO,02/01/2024,10:48:39,1555.75,1552.5,40,1570.4,200,0,840
FINNIFTY02JAN2419800CE.NFO,02/01/2024,10:49:09,1555.75,1552.5,40,1577,160,0,840
FINNIFTY02JAN2419800CE.NFO,02/01/2024,10:49:19,1555.75,1552.5,40,1576.95,160,0,840
FINNIFTY02JAN2419800CE.NFO,02/01/2024,10:50:36,1555.75,1552.5,40,1576.4,40,0,840
FINNIFTY02JAN2419800CE.NFO,02/01/2024,10:50:46,1555.75,1552.5,40,1576.3,200,0,840
FINNIFTY02JAN2419800CE.NFO,02/01/2024,10:51:37,1555.75,1552.5,40,1571,40,0,840
FINNIFTY02JAN2419800CE.NFO,02/01/2024,10:51:47,1555.75,1552.5,40,1570.7,40,0,840
FINNIFTY02JAN2419800CE.NFO,02/01/2024,10:51:57,1555.75,1552.5,40,1570.4,40,0,840
FINNIFTY02JAN2419800CE.NFO,02/01/2024,10:52:06,1555.75,1552.5,40,1568.7,160,0,840
FINNIFTY02JAN2419800CE.NFO,02/01/2024,10:52:15,1555.75,1552.5,40,1568.6,240,0,840
FINNIFTY02JAN2419800CE.NFO,02/01/2024,10:53:04,1555.75,1552.45,40,1568.6,240,0,840
FINNIFTY02JAN2419800CE.NFO,02/01/2024,10:53:31,1555.75,1552.5,40,1568.3,40,0,840
FINNIFTY02JAN2419800CE.NFO,02/01/2024,10:53:41,1555.75,1552.5,40,1568,40,0,840
FINNIFTY02JAN2419800CE.NFO,02/01/2024,10:53:50,1555.75,1552.5,40,1567.7,40,0,840
FINNIFTY02JAN2419800CE.NFO,02/01/2024,10:53:59,1555.75,1552.5,40,1565.9,40,0,840
FINNIFTY02JAN2419800CE.NFO,02/01/2024,10:54:09,1555.75,1552.5,40,1565.05,40,0,840
FINNIFTY02JAN2419800CE.NFO,02/01/2024,10:54:18,1555.75,1552.5,40,1564.95,160,0,840
FINNIFTY02JAN2419800CE.NFO,02/01/2024,10:54:28,1555.75,1552.5,40,1571.2,640,0,840
FINNIFTY02JAN2419800CE.NFO,02/01/2024,10:55:32,1555.75,1552.5,40,1571.15,200,0,840
FINNIFTY02JAN2419800CE.NFO,02/01/2024,10:56:46,1555.75,1490.9,400,1567.2,160,0,840
FINNIFTY02JAN2419800CE.NFO,02/01/2024,10:56:57,1555.75,1490.9,400,1567.15,200,0,840
FINNIFTY02JAN2419800CE.NFO,02/01/2024,10:57:17,1555.75,1494.6,200,1566.8,160,0,840
FINNIFTY02JAN2419800CE.NFO,02/01/2024,10:57:27,1555.75,1499.9,40,1565.25,40,0,840
FINNIFTY02JAN2419800CE.NFO,02/01/2024,10:57:37,1555.75,1500.85,160,1564.85,160,0,840
FINNIFTY02JAN2419800CE.NFO,02/01/2024,10:57:47,1555.75,1503.2,160,1564.55,40,0,840
FINNIFTY02JAN2419800CE.NFO,02/01/2024,10:57:57,1555.75,1505.9,360,1567.45,520,0,840
FINNIFTY02JAN2419800CE.NFO,02/01/2024,10:58:08,1555.75,1509.35,40,1571.65,240,0,840
FINNIFTY02JAN2419800CE.NFO,02/01/2024,10:58:18,1555.75,1509.6,40,1570.25,120,0,840
FINNIFTY02JAN2419800CE.NFO,02/01/2024,10:58:27,1555.75,1509.85,160,1570,120,0,840
FINNIFTY02JAN2419800CE.NFO,02/01/2024,10:58:37,1555.75,1510.4,160,1569.35,120,0,840
FINNIFTY02JAN2419800CE.NFO,02/01/2024,10:58:46,1555.75,1510.7,40,1568.05,120,0,840
FINNIFTY02JAN2419800CE.NFO,02/01/2024,10:58:55,1555.75,1511,40,1574,760,0,840
FINNIFTY02JAN2419800CE.NFO,02/01/2024,10:59:04,1555.75,1511.3,40,1573.95,200,0,840
FINNIFTY02JAN2419800CE.NFO,02/01/2024,10:59:14,1555.75,1512.4,40,1570.85,160,0,840
FINNIFTY02JAN2419800CE.NFO,02/01/2024,10:59:23,1555.75,1512.5,160,1570.75,160,0,840
FINNIFTY02JAN2419800CE.NFO,02/01/2024,11:00:01,1555.75,1512.85,160,1570.5,160,0,840
FINNIFTY02JAN2419800CE.NFO,02/01/2024,11:00:29,1555.75,1512.9,160,1565.45,40,0,840
FINNIFTY02JAN2419800CE.NFO,02/01/2024,11:00:38,1555.75,1514.45,40,1563.85,120,0,840
FINNIFTY02JAN2419800CE.NFO,02/01/2024,11:00:48,1555.75,1514.75,40,1562.2,200,0,840
FINNIFTY02JAN2419800CE.NFO,02/01/2024,11:00:57,1555.75,1515.05,40,1565.55,200,0,840
FINNIFTY02JAN2419800CE.NFO,02/01/2024,11:01:07,1555.75,1515.45,40,1565.55,200,0,840
FINNIFTY02JAN2419800CE.NFO,02/01/2024,11:01:17,1555.75,1515.7,160,1565.55,200,0,840
FINNIFTY02JAN2419800CE.NFO,02/01/2024,11:01:26,1555.75,1516,40,1562.6,160,0,840
FINNIFTY02JAN2419800CE.NFO,02/01/2024,11:01:36,1555.75,1516.3,40,1562.55,360,0,840
FINNIFTY02JAN2419800CE.NFO,02/01/2024,11:01:45,1555.75,1516.6,40,1562.55,360,0,840
FINNIFTY02JAN2419800CE.NFO,02/01/2024,11:01:55,1555.75,1516.9,40,1562.55,360,0,840
FINNIFTY02JAN2419800CE.NFO,02/01/2024,11:02:05,1555.75,1517.4,160,1562.55,360,0,840
FINNIFTY02JAN2419800CE.NFO,02/01/2024,11:02:15,1555.75,1517.45,200,1562.55,360,0,840
FINNIFTY02JAN2419800CE.NFO,02/01/2024,11:02:25,1555.75,1517.7,40,1560.25,40,0,840
FINNIFTY02JAN2419800CE.NFO,02/01/2024,11:02:35,1555.75,1546.65,40,1559.95,160,0,840
FINNIFTY02JAN2419800CE.NFO,02/01/2024,11:02:44,1555.75,1547.05,40,1559.7,80,0,840
FINNIFTY02JAN2419800CE.NFO,02/01/2024,11:02:54,1555.75,1547.35,40,1562.55,360,0,840
FINNIFTY02JAN2419800CE.NFO,02/01/2024,11:03:03,1555.75,1547.6,40,1562.55,360,0,840
FINNIFTY02JAN2419800CE.NFO,02/01/2024,11:03:12,1555.75,1548.05,160,1562.55,360,0,840
FINNIFTY02JAN2419800CE.NFO,02/01/2024,11:03:21,1555.75,1548.15,360,1562.55,360,0,840
FINNIFTY02JAN2419800CE.NFO,02/01/2024,11:03:50,1555.75,1548.15,360,1562.2,160,0,840
FINNIFTY02JAN2419800CE.NFO,02/01/2024,11:03:59,1555.75,1548.15,360,1561,120,0,840
FINNIFTY02JAN2419800CE.NFO,02/01/2024,11:04:08,1555.75,1548.15,360,1562.55,40,0,840
FINNIFTY02JAN2419800CE.NFO,02/01/2024,11:04:17,1555.75,1548.15,360,1564.7,200,0,840
FINNIFTY02JAN2419800CE.NFO,02/01/2024,11:04:27,1555.75,1548.15,360,1564.6,200,0,840
FINNIFTY02JAN2419800CE.NFO,02/01/2024,11:04:36,1555.75,1548.3,160,1564.6,200,0,840
FINNIFTY02JAN2419800CE.NFO,02/01/2024,11:04:46,1555.75,1548.4,160,1564.6,200,0,840
FINNIFTY02JAN2419800CE.NFO,02/01/2024,11:05:23,1555.75,1548.5,160,1562.55,400,0,840
FINNIFTY02JAN2419800CE.NFO,02/01/2024,11:05:32,1555.75,1548.5,160,1562.5,200,0,840
FINNIFTY02JAN2419800CE.NFO,02/01/2024,11:05:42,1555.75,1548.55,240,1562.5,200,0,840
FINNIFTY02JAN2419800CE.NFO,02/01/2024,11:05:51,1555.75,1548.8,160,1562.25,160,0,840
FINNIFTY02JAN2419800CE.NFO,02/01/2024,11:06:10,1555.75,1549.7,160,1560.8,40,0,840
FINNIFTY02JAN2419800CE.NFO,02/01/2024,11:06:19,1555.75,1551.1,40,1559.7,40,0,840
FINNIFTY02JAN2419800CE.NFO,02/01/2024,11:06:28,1555.75,1551.4,40,1561.1,200,0,840
FINNIFTY02JAN2419800CE.NFO,02/01/2024,11:06:38,1555.75,1551.65,40,1561.1,200,0,840
FINNIFTY02JAN2419800CE.NFO,02/01/2024,11:06:47,1555.75,1545.65,200,1561.1,200,0,840
FINNIFTY02JAN2419800CE.NFO,02/01/2024,11:06:57,1555.75,1545.6,280,1561.05,40,0,840
FINNIFTY02JAN2419800CE.NFO,02/01/2024,11:07:07,1555.75,1545.75,240,1560.6,160,0,840
FINNIFTY02JAN2419800CE.NFO,02/01/2024,11:07:16,1555.75,1547.1,40,1560.35,160,0,840
FINNIFTY02JAN2419800CE.NFO,02/01/2024,11:07:26,1555.75,1547.4,40,1559.65,40,0,840
FINNIFTY02JAN2419800CE.NFO,02/01/2024,11:07:35,1555.75,1548.1,40,1559,160,0,840
FINNIFTY02JAN2419800CE.NFO,02/01/2024,11:07:44,1555.75,1548.65,40,1558.9,320,0,840
FINNIFTY02JAN2419800CE.NFO,02/01/2024,11:07:53,1555.75,1549.2,40,1560.55,200,0,840
FINNIFTY02JAN2419800CE.NFO,02/01/2024,11:08:03,1555.75,1549.5,40,1562.65,160,0,840
FINNIFTY02JAN2419800CE.NFO,02/01/2024,11:08:12,1555.75,1550.35,40,1562.65,160,0,840
FINNIFTY02JAN2419800CE.NFO,02/01/2024,11:08:21,1555.75,1550.65,40,1562.65,160,0,840
FINNIFTY02JAN2419800CE.NFO,02/01/2024,11:08:30,1555.75,1550.95,40,1562.65,160,0,840
FINNIFTY02JAN2419800CE.NFO,02/01/2024,11:08:39,1555.75,1551.55,40,1562.35,160,0,840
FINNIFTY02JAN2419800CE.NFO,02/01/2024,11:08:49,1555.75,1545.9,800,1562.05,160,0,840
FINNIFTY02JAN2419800CE.NFO,02/01/2024,11:08:59,1555.75,1545.9,560,1561.25,160,0,840
FINNIFTY02JAN2419800CE.NFO,02/01/2024,11:09:08,1555.75,1546,200,1561,160,0,840
FINNIFTY02JAN2419800CE.NFO,02/01/2024,11:09:18,1555.75,1546,200,1558.6,160,0,840
FINNIFTY02JAN2419800CE.NFO,02/01/2024,11:09:27,1555.75,1546,200,1558.45,200,0,840
FINNIFTY02JAN2419800CE.NFO,02/01/2024,11:09:36,1555.75,1546,200,1562,760,0,840
FINNIFTY02JAN2419800CE.NFO,02/01/2024,11:10:03,1555.75,1546,200,1560.85,40,0,840
FINNIFTY02JAN2419800CE.NFO,02/01/2024,11:10:12,1555.75,1546.7,40,1560.55,40,0,840
FINNIFTY02JAN2419800CE.NFO,02/01/2024,11:10:20,1555.75,1547.3,40,1560.25,40,0,840
FINNIFTY02JAN2419800CE.NFO,02/01/2024,11:10:29,1555.75,1548.8,40,1558.65,40,0,840
FINNIFTY02JAN2419800CE.NFO,02/01/2024,11:10:38,1555.75,1549.55,160,1557.35,160,0,840
FINNIFTY02JAN2419800CE.NFO,02/01/2024,11:10:47,1555.75,1550.2,160,1560.95,880,0,840
FINNIFTY02JAN2419800CE.NFO,02/01/2024,11:10:55,1555.75,1550.4,160,1560.95,880,0,840
FINNIFTY02JAN2419800CE.NFO,02/01/2024,11:11:04,1555.75,1550.75,160,1560.95,880,0,840
FINNIFTY02JAN2419800CE.NFO,02/01/2024,11:11:13,1555.75,1551.95,160,1560.9,200,0,840
FINNIFTY02JAN2419800CE.NFO,02/01/2024,11:11:23,1555.75,1552.15,160,1560.8,200,0,840
FINNIFTY02JAN2419800CE.NFO,02/01/2024,11:11:32,1555.75,1548.75,160,1560.8,200,0,840
FINNIFTY02JAN2419800CE.NFO,02/01/2024,11:11:42,1555.75,1550.05,160,1560.8,200,0,840
FINNIFTY02JAN2419800CE.NFO,02/01/2024,11:11:51,1555.75,1550.15,360,1560.9,200,0,840
FINNIFTY02JAN2419800CE.NFO,02/01/2024,11:12:00,1555.75,1550.15,360,1565.3,760,0,840
FINNIFTY02JAN2419800CE.NFO,02/01/2024,11:12:10,1555.75,1550.45,40,1565.25,200,0,840
FINNIFTY02JAN2419800CE.NFO,02/01/2024,11:12:19,1555.75,1550.95,120,1565.25,200,0,840
FINNIFTY02JAN2419800CE.NFO,02/01/2024,11:12:28,1555.75,1551.9,40,1565.25,200,0,840
FINNIFTY02JAN2419800CE.NFO,02/01/2024,11:12:37,1555.75,1552.7,160,1565.25,200,0,840
FINNIFTY02JAN2419800CE.NFO,02/01/2024,11:12:46,1555.75,1552.95,160,1565.25,200,0,840
FINNIFTY02JAN2419800CE.NFO,02/01/2024,11:13:03,1555.75,1547.3,200,1562.7,40,0,840
FINNIFTY02JAN2419800CE.NFO,02/01/2024,11:13:12,1555.75,1547.3,200,1562.4,40,0,840
FINNIFTY02JAN2419800CE.NFO,02/01/2024,11:13:21,1555.75,1547.3,200,1562.1,40,0,840
FINNIFTY02JAN2419800CE.NFO,02/01/2024,11:13:31,1555.75,1547.3,200,1555.7,40,0,840
FINNIFTY02JAN2419800CE.NFO,02/01/2024,11:13:41,1555.75,1551.35,40,1557.1,40,40,880
FINNIFTY02JAN2419800CE.NFO,02/01/2024,11:13:51,1555.75,1551,40,1556.7,80,0,880
FINNIFTY02JAN2419800CE.NFO,02/01/2024,11:14:00,1555.75,1548.4,360,1561.7,520,0,880
FINNIFTY02JAN2419800CE.NFO,02/01/2024,11:14:10,1555.75,1549.4,40,1560.05,200,0,880
FINNIFTY02JAN2419800CE.NFO,02/01/2024,11:14:19,1555.75,1550.9,40,1562.4,880,0,880
FINNIFTY02JAN2419800CE.NFO,02/01/2024,11:14:28,1555.75,1551.15,40,1562.4,880,0,880
FINNIFTY02JAN2419800CE.NFO,02/01/2024,11:14:37,1555.75,1545.6,800,1562.4,880,0,880
FINNIFTY02JAN2419800CE.NFO,02/01/2024,11:14:46,1555.75,1545.65,240,1562.4,880,0,880
FINNIFTY02JAN2419800CE.NFO,02/01/2024,11:15:15,1555.75,1545.7,240,1562.4,880,0,880
FINNIFTY02JAN2419800CE.NFO,02/01/2024,11:15:25,1555.75,1546.15,160,1559.55,40,0,880
FINNIFTY02JAN2419800CE.NFO,02/01/2024,11:15:34,1555.75,1546.25,40,1559.3,160,0,880
FINNIFTY02JAN2419800CE.NFO,02/01/2024,11:15:45,1555.75,1545.7,160,1559,160,0,880
FINNIFTY02JAN2419800CE.NFO,02/01/2024,11:15:56,1555.75,1546,160,1558.45,40,0,880
FINNIFTY02JAN2419800CE.NFO,02/01/2024,11:16:06,1555.75,1547.2,40,1561.95,600,0,880
FINNIFTY02JAN2419800CE.NFO,02/01/2024,11:16:16,1555.75,1547.5,120,1561.9,200,0,880
FINNIFTY02JAN2419800CE.NFO,02/01/2024,11:16:25,1555.75,1547.8,40,1561.9,200,0,880
FINNIFTY02JAN2419800CE.NFO,02/01/2024,11:16:35,1555.75,1548.1,40,1561.8,200,0,880
FINNIFTY02JAN2419800CE.NFO,02/01/2024,11:16:44,1555.75,1548.35,40,1561.8,200,0,880
FINNIFTY02JAN2419800CE.NFO,02/01/2024,11:16:53,1555.75,1548.65,40,1561.8,200,0,880
FINNIFTY02JAN2419800CE.NFO,02/01/2024,11:17:02,1555.75,1549.4,160,1561.8,200,0,880
FINNIFTY02JAN2419800CE.NFO,02/01/2024,11:17:12,1555.75,1549.7,160,1561.8,200,0,880
FINNIFTY02JAN2419800CE.NFO,02/01/2024,11:17:20,1555.75,1550.6,160,1561.8,200,0,880
FINNIFTY02JAN2419800CE.NFO,02/01/2024,11:17:29,1555.75,1551.45,40,1560.85,40,0,880
FINNIFTY02JAN2419800CE.NFO,02/01/2024,11:17:38,1555.75,1551.55,360,1560.85,360,0,880
FINNIFTY02JAN2419800CE.NFO,02/01/2024,11:17:47,1555.75,1552.95,40,1563.6,200,0,880
FINNIFTY02JAN2419800CE.NFO,02/01/2024,11:17:57,1555.75,1553.25,160,1563.5,200,0,880
FINNIFTY02JAN2419800CE.NFO,02/01/2024,11:18:06,1555.75,1554.25,160,1567.95,360,0,880
FINNIFTY02JAN2419800CE.NFO,02/01/2024,11:18:16,1555.75,1554.35,120,1570.15,760,0,880
FINNIFTY02JAN2419800CE.NFO,02/01/2024,11:18:33,1555.75,1554.65,40,1570.1,200,0,880
FINNIFTY02JAN2419800CE.NFO,02/01/2024,11:18:42,1555.75,1554.9,40,1570.1,200,0,880
FINNIFTY02JAN2419800CE.NFO,02/01/2024,11:18:51,1555.75,1545.65,40,1570.05,40,0,880
FINNIFTY02JAN2419800CE.NFO,02/01/2024,11:18:59,1555.75,1545.75,40,1570.1,200,0,880
FINNIFTY02JAN2419800CE.NFO,02/01/2024,11:19:08,1555.75,1546.3,40,1565.85,160,0,880
FINNIFTY02JAN2419800CE.NFO,02/01/2024,11:19:24,1555.75,1547.2,40,1565.75,40,0,880
FINNIFTY02JAN2419800CE.NFO,02/01/2024,11:19:33,1555.75,1549.25,40,1565.75,40,0,880
FINNIFTY02JAN2419800CE.NFO,02/01/2024,11:19:41,1555.75,1549.55,40,1565.75,40,0,880
FINNIFTY02JAN2419800CE.NFO,02/01/2024,11:19:50,1555.75,1549.85,40,1565.75,40,0,880
FINNIFTY02JAN2419800CE.NFO,02/01/2024,11:19:57,1555.75,1550.15,40,1565.75,40,0,880
FINNIFTY02JAN2419800CE.NFO,02/01/2024,11:20:05,1555.75,1550.45,40,1565.75,40,0,880
FINNIFTY02JAN2419800CE.NFO,02/01/2024,11:20:14,1555.75,1550.75,40,1565.75,40,0,880
FINNIFTY02JAN2419800CE.NFO,02/01/2024,11:20:22,1555.75,1551.15,360,1564.55,160,0,880
FINNIFTY02JAN2419800CE.NFO,02/01/2024,11:20:30,1555.75,1552.05,160,1563.85,160,0,880
FINNIFTY02JAN2419800CE.NFO,02/01/2024,11:20:39,1555.75,1553.55,40,1562.85,80,0,880
FINNIFTY02JAN2419800CE.NFO,02/01/2024,11:20:47,1555.75,1555,40,1564.6,40,0,880
FINNIFTY02JAN2419800CE.NFO,02/01/2024,11:20:57,1555.75,1556.05,40,1643.45,400,0,880
FINNIFTY02JAN2419800CE.NFO,02/01/2024,11:21:05,1555.75,1556.8,280,1634.6,400,0,880
FINNIFTY02JAN2419800CE.NFO,02/01/2024,11:21:14,1555.75,1557.15,160,1633.75,160,0,880
FINNIFTY02JAN2419800CE.NFO,02/01/2024,11:21:23,1555.75,1557.9,160,1632.95,40,0,880
FINNIFTY02JAN2419800CE.NFO,02/01/2024,11:21:32,1555.75,1558.45,160,1632.7,40,0,880
FINNIFTY02JAN2419800CE.NFO,02/01/2024,11:21:40,1555.75,1558.7,160,1629.8,40,0,880
FINNIFTY02JAN2419800CE.NFO,02/01/2024,11:21:49,1555.75,1559.1,40,1627.25,40,0,880
FINNIFTY02JAN2419800CE.NFO,02/01/2024,11:21:57,1555.75,1560.4,160,1624.6,40,0,880
FINNIFTY02JAN2419800CE.NFO,02/01/2024,11:22:06,1555.75,1545.65,200,1622.35,160,0,880
FINNIFTY02JAN2419800CE.NFO,02/01/2024,11:22:15,1555.75,1545.65,200,1619.4,160,0,880
FINNIFTY02JAN2419800CE.NFO,02/01/2024,11:22:24,1555.75,1545.65,200,1616.9,40,0,880
FINNIFTY02JAN2419800CE.NFO,02/01/2024,11:22:33,1555.75,1545.65,200,1616.3,40,0,880
FINNIFTY02JAN2419800CE.NFO,02/01/2024,11:22:41,1555.75,1545.65,200,1615.9,40,0,880
FINNIFTY02JAN2419800CE.NFO,02/01/2024,11:22:50,1555.75,1545.65,200,1615.65,40,0,880
FINNIFTY02JAN2419800CE.NFO,02/01/2024,11:22:59,1555.75,1545.65,200,1615.35,40,0,880
FINNIFTY02JAN2419800CE.NFO,02/01/2024,11:23:08,1555.75,1545.65,200,1614.95,40,0,880
FINNIFTY02JAN2419800CE.NFO,02/01/2024,11:23:16,1555.75,1545.65,200,1614.7,40,0,880
FINNIFTY02JAN2419800CE.NFO,02/01/2024,11:23:24,1555.75,1545.65,200,1613.85,40,0,880
FINNIFTY02JAN2419800CE.NFO,02/01/2024,11:23:32,1555.75,1545.65,200,1613.55,40,0,880
FINNIFTY02JAN2419800CE.NFO,02/01/2024,11:23:40,1555.75,1545.65,200,1613.25,40,0,880
FINNIFTY02JAN2419800CE.NFO,02/01/2024,11:23:48,1555.75,1545.65,200,1612.85,40,0,880
FINNIFTY02JAN2419800CE.NFO,02/01/2024,11:23:57,1555.75,1545.65,200,1612.6,40,0,880
FINNIFTY02JAN2419800CE.NFO,02/01/2024,11:24:05,1555.75,1545.65,200,1612.3,40,0,880
FINNIFTY02JAN2419800CE.NFO,02/01/2024,11:24:13,1555.75,1545.65,200,1609.75,40,0,880
FINNIFTY02JAN2419800CE.NFO,02/01/2024,11:24:21,1555.75,1545.65,200,1608.15,40,0,880
FINNIFTY02JAN2419800CE.NFO,02/01/2024,11:24:30,1555.75,1545.65,200,1607.35,160,0,880
FINNIFTY02JAN2419800CE.NFO,02/01/2024,11:24:38,1555.75,1545.65,200,1606.7,160,0,880
FINNIFTY02JAN2419800CE.NFO,02/01/2024,11:24:46,1555.75,1545.65,200,1606.65,200,0,880
FINNIFTY02JAN2419800CE.NFO,02/01/2024,11:25:02,1555.75,1545.6,760,1606.65,200,0,880
FINNIFTY02JAN2419800CE.NFO,02/01/2024,11:26:07,1555.75,1545.65,200,1606.65,200,0,880
FINNIFTY02JAN2419800CE.NFO,02/01/2024,11:27:35,1555.75,1545.65,200,1606.55,160,0,880
FINNIFTY02JAN2419800CE.NFO,02/01/2024,11:27:43,1555.75,1545.7,240,1606.45,160,0,880
FINNIFTY02JAN2419800CE.NFO,02/01/2024,11:27:52,1555.75,1545.75,200,1606.3,160,0,880
FINNIFTY02JAN2419800CE.NFO,02/01/2024,11:29:07,1555.75,1545.75,200,1606.15,40,0,880
FINNIFTY02JAN2419800CE.NFO,02/01/2024,11:29:15,1555.75,1545.75,200,1605.55,40,0,880
FINNIFTY02JAN2419800CE.NFO,02/01/2024,11:29:23,1555.75,1545.75,200,1605.25,40,0,880
FINNIFTY02JAN2419800CE.NFO,02/01/2024,11:29:31,1555.75,1545.75,200,1605.15,160,0,880
FINNIFTY02JAN2419800CE.NFO,02/01/2024,11:30:34,1555.75,1545.75,200,1605,40,0,880
FINNIFTY02JAN2419800CE.NFO,02/01/2024,11:30:41,1555.75,1545.75,200,1604.7,40,0,880
FINNIFTY02JAN2419800CE.NFO,02/01/2024,11:30:49,1555.75,1545.75,200,1604.6,160,0,880
FINNIFTY02JAN2419800CE.NFO,02/01/2024,11:31:57,1555.75,1545.75,200,1604.45,40,0,880
FINNIFTY02JAN2419800CE.NFO,02/01/2024,11:32:05,1555.75,1545.7,240,1604.15,40,0,880
FINNIFTY02JAN2419800CE.NFO,02/01/2024,11:32:13,1555.75,1545.75,200,1603.8,160,0,880
FINNIFTY02JAN2419800CE.NFO,02/01/2024,11:32:21,1555.75,1545.75,200,1602.9,40,0,880
FINNIFTY02JAN2419800CE.NFO,02/01/2024,11:32:29,1555.75,1545.75,200,1601.65,40,0,880
FINNIFTY02JAN2419800CE.NFO,02/01/2024,11:32:36,1555.75,1545.75,200,1601.35,40,0,880
FINNIFTY02JAN2419800CE.NFO,02/01/2024,11:32:43,1555.75,1545.75,200,1601.25,160,0,880
FINNIFTY02JAN2419800CE.NFO,02/01/2024,11:33:34,1555.75,1545.7,240,1601.25,160,0,880
FINNIFTY02JAN2419800CE.NFO,02/01/2024,11:33:48,1555.75,1545.75,200,1601.1,40,0,880
FINNIFTY02JAN2419800CE.NFO,02/01/2024,11:33:55,1555.75,1545.75,200,1600.4,40,0,880
FINNIFTY02JAN2419800CE.NFO,02/01/2024,11:34:02,1555.75,1545.75,200,1600.1,40,0,880
FINNIFTY02JAN2419800CE.NFO,02/01/2024,11:34:09,1555.75,1545.75,200,1599.8,40,0,880
FINNIFTY02JAN2419800CE.NFO,02/01/2024,11:34:16,1555.75,1545.75,200,1599.5,40,0,880
FINNIFTY02JAN2419800CE.NFO,02/01/2024,11:34:22,1555.75,1545.75,200,1599.25,160,0,880
FINNIFTY02JAN2419800CE.NFO,02/01/2024,11:34:29,1555.75,1545.75,200,1598.4,40,0,880
FINNIFTY02JAN2419800CE.NFO,02/01/2024,11:34:38,1555.75,1545.65,200,1598.1,40,0,880
FINNIFTY02JAN2419800CE.NFO,02/01/2024,11:34:45,1555.75,1545.7,240,1597.85,120,0,880
FINNIFTY02JAN2419800CE.NFO,02/01/2024,11:34:53,1555.75,1545.75,200,1597.55,40,0,880
FINNIFTY02JAN2419800CE.NFO,02/01/2024,11:35:00,1555.75,1545.75,200,1597.25,40,0,880
FINNIFTY02JAN2419800CE.NFO,02/01/2024,11:35:08,1555.75,1545.75,200,1597,160,0,880
FINNIFTY02JAN2419800CE.NFO,02/01/2024,11:35:15,1555.75,1545.75,200,1596.95,200,0,880
FINNIFTY02JAN2419800CE.NFO,02/01/2024,11:35:22,1555.75,1545.75,200,1596.4,40,0,880
FINNIFTY02JAN2419800CE.NFO,02/01/2024,11:35:30,1555.75,1545.75,200,1596.1,40,0,880
FINNIFTY02JAN2419800CE.NFO,02/01/2024,11:35:38,1555.75,1545.75,200,1595.4,40,0,880
FINNIFTY02JAN2419800CE.NFO,02/01/2024,11:35:46,1555.75,1545.75,200,1595.3,160,0,880
FINNIFTY02JAN2419800CE.NFO,02/01/2024,11:36:07,1555.75,1545.75,200,1595.15,40,0,880
FINNIFTY02JAN2419800CE.NFO,02/01/2024,11:36:15,1555.75,1545.75,200,1594.85,40,0,880
FINNIFTY02JAN2419800CE.NFO,02/01/2024,11:36:23,1555.75,1545.7,240,1594.55,40,0,880
FINNIFTY02JAN2419800CE.NFO,02/01/2024,11:36:30,1555.75,1545.7,240,1594.25,40,0,880
FINNIFTY02JAN2419800CE.NFO,02/01/2024,11:36:38,1555.75,1545.65,200,1594,160,0,880
FINNIFTY02JAN2419800CE.NFO,02/01/2024,11:36:46,1555.75,1545.75,200,1593.6,360,0,880
FINNIFTY02JAN2419800CE.NFO,02/01/2024,11:36:53,1555.75,1545.65,200,1592.85,40,0,880
FINNIFTY02JAN2419800CE.NFO,02/01/2024,11:37:01,1555.75,1545.75,200,1592.55,40,0,880
FINNIFTY02JAN2419800CE.NFO,02/01/2024,11:37:09,1555.75,1545.75,200,1592.25,40,0,880
FINNIFTY02JAN2419800CE.NFO,02/01/2024,11:37:16,1555.75,1545.65,200,1592,40,0,880
FINNIFTY02JAN2419800CE.NFO,02/01/2024,11:37:23,1555.75,1545.75,200,1591.4,40,0,880
FINNIFTY02JAN2419800CE.NFO,02/01/2024,11:37:31,1555.75,1545.75,200,1591.1,40,0,880
FINNIFTY02JAN2419800CE.NFO,02/01/2024,11:37:40,1555.75,1545.75,200,1591,160,0,880
FINNIFTY02JAN2419800CE.NFO,02/01/2024,11:38:35,1555.75,1545.75,200,1590.85,40,0,880
FINNIFTY02JAN2419800CE.NFO,02/01/2024,11:38:42,1555.75,1545.75,200,1590.45,40,0,880
FINNIFTY02JAN2419800CE.NFO,02/01/2024,11:38:50,1555.75,1545.75,200,1590.2,160,0,880
FINNIFTY02JAN2419800CE.NFO,02/01/2024,11:38:58,1555.75,1545.75,200,1589.9,40,0,880
FINNIFTY02JAN2419800CE.NFO,02/01/2024,11:39:05,1555.75,1545.75,200,1589.5,160,0,880
FINNIFTY02JAN2419800CE.NFO,02/01/2024,11:39:12,1555.75,1545.75,200,1589.2,160,0,880
FINNIFTY02JAN2419800CE.NFO,02/01/2024,11:39:18,1555.75,1545.75,200,1588.9,160,0,880
FINNIFTY02JAN2419800CE.NFO,02/01/2024,11:39:24,1555.75,1545.75,200,1588.5,160,0,880
FINNIFTY02JAN2419800CE.NFO,02/01/2024,11:39:30,1555.75,1545.75,200,1588.2,160,0,880
FINNIFTY02JAN2419800CE.NFO,02/01/2024,11:39:37,1555.75,1545.75,200,1586.7,200,0,880
FINNIFTY02JAN2419800CE.NFO,02/01/2024,11:39:44,1555.75,1545.75,200,1586.1,160,0,880
FINNIFTY02JAN2419800CE.NFO,02/01/2024,11:39:50,1555.75,1545.75,200,1584.9,160,0,880
FINNIFTY02JAN2419800CE.NFO,02/01/2024,11:39:57,1555.75,1545.75,200,1584.35,40,0,880
FINNIFTY02JAN2419800CE.NFO,02/01/2024,11:40:03,1555.75,1545.75,200,1584.15,160,0,880
FINNIFTY02JAN2419800CE.NFO,02/01/2024,11:40:59,1555.75,1545.75,200,1584.1,160,0,880
FINNIFTY02JAN2419800CE.NFO,02/01/2024,11:41:06,1555.75,1545.75,200,1583.8,40,0,880
FINNIFTY02JAN2419800CE.NFO,02/01/2024,11:41:13,1555.75,1545.75,200,1583.2,40,0,880
FINNIFTY02JAN2419800CE.NFO,02/01/2024,11:41:20,1555.75,1545.65,200,1582.9,40,0,880
FINNIFTY02JAN2419800CE.NFO,02/01/2024,11:41:28,1545.55,1500.35,240,1582.6,160,40,840
FINNIFTY02JAN2419800CE.NFO,02/01/2024,11:41:28,1545.55,1500.35,240,1582.6,160,0,840
FINNIFTY02JAN2419800CE.NFO,02/01/2024,11:41:36,1545.55,1500.55,160,1545.65,240,0,840
FINNIFTY02JAN2419800CE.NFO,02/01/2024,11:41:45,1545.55,1500.5,160,1545.6,240,0,840
FINNIFTY02JAN2419800CE.NFO,02/01/2024,11:42:33,1545.55,1500.55,160,1545.55,200,0,840
FINNIFTY02JAN2419800CE.NFO,02/01/2024,11:43:02,1545.55,1500.55,160,1615.65,1000,0,840
FINNIFTY02JAN2419800CE.NFO,02/01/2024,11:43:37,1545.55,1525.4,160,1615.65,1000,0,840
FINNIFTY02JAN2419800CE.NFO,02/01/2024,11:43:44,1545.55,1525.65,160,1615.65,1000,0,840
FINNIFTY02JAN2419800CE.NFO,02/01/2024,11:43:52,1545.55,1525.9,160,1615.65,1000,0,840
FINNIFTY02JAN2419800CE.NFO,02/01/2024,11:44:00,1545.55,1525.95,200,1615.65,1000,0,840
FINNIFTY02JAN2419800CE.NFO,02/01/2024,11:44:35,1545.55,1525.95,200,1615.65,800,0,840
FINNIFTY02JAN2419800CE.NFO,02/01/2024,11:44:56,1545.55,1526.5,40,1615.6,200,0,840
FINNIFTY02JAN2419800CE.NFO,02/01/2024,11:45:02,1545.55,1526.8,40,1615.6,200,0,840
FINNIFTY02JAN2419800CE.NFO,02/01/2024,11:45:09,1545.55,1527.1,40,1615.6,200,0,840
FINNIFTY02JAN2419800CE.NFO,02/01/2024,11:45:16,1545.55,1527.4,40,1615.6,200,0,840
FINNIFTY02JAN2419800CE.NFO,02/01/2024,11:45:22,1545.55,1528.95,40,1615.6,200,0,840
FINNIFTY02JAN2419800CE.NFO,02/01/2024,11:45:30,1545.55,1529.3,400,1615.55,40,0,840
FINNIFTY02JAN2419800CE.NFO,02/01/2024,11:45:37,1545.55,1530.6,40,1614.35,160,0,840
FINNIFTY02JAN2419800CE.NFO,02/01/2024,11:45:44,1545.55,1530.9,40,1614.25,200,0,840
FINNIFTY02JAN2419800CE.NFO,02/01/2024,11:45:50,1545.55,1531.6,40,1614.25,200,0,840
FINNIFTY02JAN2419800CE.NFO,02/01/2024,11:45:57,1545.55,1531.9,160,1614.25,200,0,840
FINNIFTY02JAN2419800CE.NFO,02/01/2024,11:46:04,1545.55,1533.1,40,1614.25,200,0,840
FINNIFTY02JAN2419800CE.NFO,02/01/2024,11:46:11,1545.55,1534.2,160,1614.25,200,0,840
FINNIFTY02JAN2419800CE.NFO,02/01/2024,11:46:17,1545.55,1535.15,40,1614.25,200,0,840
FINNIFTY02JAN2419800CE.NFO,02/01/2024,11:46:23,1545.55,1536.3,160,1614.25,200,0,840
FINNIFTY02JAN2419800CE.NFO,02/01/2024,11:46:30,1545.55,1536.7,40,1614.25,200,0,840
FINNIFTY02JAN2419800CE.NFO,02/01/2024,11:46:36,1545.55,1537,40,1614.25,200,0,840
FINNIFTY02JAN2419800CE.NFO,02/01/2024,11:46:42,1545.55,1537.3,40,1614.25,200,0,840
FINNIFTY02JAN2419800CE.NFO,02/01/2024,11:46:49,1545.55,1537.6,40,1614.25,200,0,840
FINNIFTY02JAN2419800CE.NFO,02/01/2024,11:46:57,1545.55,1537.9,40,1614.25,200,0,840
FINNIFTY02JAN2419800CE.NFO,02/01/2024,11:47:03,1545.55,1538.2,40,1614.3,400,0,840
FINNIFTY02JAN2419800CE.NFO,02/01/2024,11:47:10,1545.55,1538.75,40,1614.25,200,0,840
FINNIFTY02JAN2419800CE.NFO,02/01/2024,11:47:18,1545.55,1539.05,40,1614.25,200,0,840
FINNIFTY02JAN2419800CE.NFO,02/01/2024,11:47:24,1545.55,1539.35,40,1614.25,200,0,840
FINNIFTY02JAN2419800CE.NFO,02/01/2024,11:47:31,1545.55,1539.65,40,1614.25,200,0,840
FINNIFTY02JAN2419800CE.NFO,02/01/2024,11:47:37,1545.55,1539.95,40,1614.25,200,0,840
FINNIFTY02JAN2419800CE.NFO,02/01/2024,11:47:44,1545.55,1540.25,40,1614.25,200,0,840
FINNIFTY02JAN2419800CE.NFO,02/01/2024,11:47:50,1545.55,1540.85,40,1614.25,200,0,840
FINNIFTY02JAN2419800CE.NFO,02/01/2024,11:47:56,1545.55,1541.15,40,1614.25,200,0,840
FINNIFTY02JAN2419800CE.NFO,02/01/2024,11:48:03,1545.55,1541.45,40,1614.25,200,0,840
FINNIFTY02JAN2419800CE.NFO,02/01/2024,11:48:10,1545.55,1541.75,40,1614.25,200,0,840
FINNIFTY02JAN2419800CE.NFO,02/01/2024,11:48:16,1545.55,1542.05,40,1614.25,200,0,840
FINNIFTY02JAN2419800CE.NFO,02/01/2024,11:48:22,1545.55,1542.35,40,1614.25,200,0,840
FINNIFTY02JAN2419800CE.NFO,02/01/2024,11:48:28,1545.55,1542.95,40,1614.25,200,0,840
FINNIFTY02JAN2419800CE.NFO,02/01/2024,11:48:36,1545.55,1543.25,40,1614.25,200,0,840
FINNIFTY02JAN2419800CE.NFO,02/01/2024,11:48:42,1545.55,1543.55,160,1614.25,200,0,840
FINNIFTY02JAN2419800CE.NFO,02/01/2024,11:48:48,1545.55,1544.9,40,1614.25,200,0,840
FINNIFTY02JAN2419800CE.NFO,02/01/2024,11:48:54,1545.55,1546,160,1614.25,200,0,840
FINNIFTY02JAN2419800CE.NFO,02/01/2024,11:49:00,1545.55,1547,40,1614.25,200,0,840
FINNIFTY02JAN2419800CE.NFO,02/01/2024,11:49:06,1545.55,1547.6,40,1614.25,200,0,840
FINNIFTY02JAN2419800CE.NFO,02/01/2024,11:49:12,1545.55,1547.85,40,1614.25,200,0,840
FINNIFTY02JAN2419800CE.NFO,02/01/2024,11:49:19,1545.55,1548.15,40,1614.25,200,0,840
FINNIFTY02JAN2419800CE.NFO,02/01/2024,11:49:26,1545.55,1548.4,40,1609.4,400,0,840
FINNIFTY02JAN2419800CE.NFO,02/01/2024,11:49:32,1545.55,1548.7,40,1606.9,400,0,840
FINNIFTY02JAN2419800CE.NFO,02/01/2024,11:49:38,1545.55,1548.85,160,1606.65,160,0,840
FINNIFTY02JAN2419800CE.NFO,02/01/2024,11:49:44,1545.55,1548.9,40,1605.95,40,0,840
FINNIFTY02JAN2419800CE.NFO,02/01/2024,11:49:50,1545.55,1548.95,240,1605.65,40,0,840
FINNIFTY02JAN2419800CE.NFO,02/01/2024,11:49:57,1545.55,1548.9,40,1605.35,40,0,840
FINNIFTY02JAN2419800CE.NFO,02/01/2024,11:50:03,1545.55,1548.9,40,1604.95,40,0,840
FINNIFTY02JAN2419800CE.NFO,02/01/2024,11:50:09,1545.55,1548.95,120,1603.95,40,0,840
FINNIFTY02JAN2419800CE.NFO,02/01/2024,11:50:16,1545.55,1548.95,120,1603.65,40,0,840
FINNIFTY02JAN2419800CE.NFO,02/01/2024,11:50:22,1545.55,1549.2,120,1603.35,40,0,840
FINNIFTY02JAN2419800CE.NFO,02/01/2024,11:50:28,1545.55,1549.2,120,1603.05,40,0,840
FINNIFTY02JAN2419800CE.NFO,02/01/2024,11:50:34,1545.55,1549.25,40,1602.75,40,0,840
FINNIFTY02JAN2419800CE.NFO,02/01/2024,11:50:41,1545.55,1549.25,120,1602.45,40,0,840
FINNIFTY02JAN2419800CE.NFO,02/01/2024,11:50:47,1545.55,1549.35,200,1601.85,40,0,840
FINNIFTY02JAN2419800CE.NFO,02/01/2024,11:50:53,1545.55,1549.5,40,1601.55,40,0,840
FINNIFTY02JAN2419800CE.NFO,02/01/2024,11:50:59,1545.55,1549.45,80,1601.25,40,0,840
FINNIFTY02JAN2419800CE.NFO,02/01/2024,11:51:07,1545.55,1549.75,40,1600.9,160,0,840
FINNIFTY02JAN2419800CE.NFO,02/01/2024,11:51:14,1545.55,1550,160,1599.45,40,0,840
FINNIFTY02JAN2419800CE.NFO,02/01/2024,11:51:20,1545.55,1550.15,160,1598.85,40,0,840
FINNIFTY02JAN2419800CE.NFO,02/01/2024,11:51:26,1545.55,1550.25,80,1598.55,40,0,840
FINNIFTY02JAN2419800CE.NFO,02/01/2024,11:51:33,1545.55,1550.3,40,1598.25,40,0,840
FINNIFTY02JAN2419800CE.NFO,02/01/2024,11:51:40,1545.55,1550.55,40,1597.95,40,0,840
FINNIFTY02JAN2419800CE.NFO,02/01/2024,11:51:46,1545.55,1550.55,40,1597.65,40,0,840
FINNIFTY02JAN2419800CE.NFO,02/01/2024,11:51:52,1545.55,1550.55,80,1597.35,40,0,840
FINNIFTY02JAN2419800CE.NFO,02/01/2024,11:51:58,1545.55,1550.4,160,1596.75,40,0,840
FINNIFTY02JAN2419800CE.NFO,02/01/2024,11:52:04,1545.55,1525.3,1000,1596.45,40,0,840
FINNIFTY02JAN2419800CE.NFO,02/01/2024,11:52:10,1545.55,1525.3,1000,1596.15,40,0,840
FINNIFTY02JAN2419800CE.NFO,02/01/2024,11:52:16,1545.55,1525.3,1000,1595.85,40,0,840
FINNIFTY02JAN2419800CE.NFO,02/01/2024,11:52:22,1545.55,1525.3,1000,1595.55,40,0,840
FINNIFTY02JAN2419800CE.NFO,02/01/2024,11:52:28,1545.55,1525.3,1000,1594.75,160,0,840
FINNIFTY02JAN2419800CE.NFO,02/01/2024,11:52:34,1545.55,1525.3,1000,1594.25,160,0,840
FINNIFTY02JAN2419800CE.NFO,02/01/2024,11:52:41,1545.55,1525.3,1000,1594.15,240,0,840
FINNIFTY02JAN2419800CE.NFO,02/01/2024,11:53:05,1545.55,1525.3,800,1594.15,240,0,840
FINNIFTY02JAN2419800CE.NFO,02/01/2024,11:54:05,1545.55,1525.35,200,1593.3,40,0,840
FINNIFTY02JAN2419800CE.NFO,02/01/2024,11:54:10,1545.55,1525.35,200,1592.7,40,0,840
FINNIFTY02JAN2419800CE.NFO,02/01/2024,11:54:16,1545.55,1525.35,200,1592.4,40,0,840
FINNIFTY02JAN2419800CE.NFO,02/01/2024,11:54:22,1545.55,1525.35,200,1592.1,40,0,840
FINNIFTY02JAN2419800CE.NFO,02/01/2024,11:54:28,1545.55,1525.35,200,1591.8,40,0,840
FINNIFTY02JAN2419800CE.NFO,02/01/2024,11:54:34,1545.55,1525.35,200,1591.5,40,0,840
FINNIFTY02JAN2419800CE.NFO,02/01/2024,11:54:41,1545.55,1525.35,200,1589.95,40,0,840
FINNIFTY02JAN2419800CE.NFO,02/01/2024,11:54:47,1545.55,1525.35,200,1589.6,40,0,840
FINNIFTY02JAN2419800CE.NFO,02/01/2024,11:54:53,1545.55,1525.35,200,1589.3,40,0,840
FINNIFTY02JAN2419800CE.NFO,02/01/2024,11:54:58,1545.55,1525.35,200,1589,40,0,840
FINNIFTY02JAN2419800CE.NFO,02/01/2024,11:55:04,1545.55,1525.35,200,1588.7,40,0,840
FINNIFTY02JAN2419800CE.NFO,02/01/2024,11:55:09,1545.55,1525.35,200,1588.4,40,0,840
FINNIFTY02JAN2419800CE.NFO,02/01/2024,11:55:16,1545.55,1525.35,200,1588.1,40,0,840
FINNIFTY02JAN2419800CE.NFO,02/01/2024,11:55:21,1545.55,1525.35,200,1587.5,40,0,840
FINNIFTY02JAN2419800CE.NFO,02/01/2024,11:55:27,1545.55,1525.35,200,1587.2,40,0,840
FINNIFTY02JAN2419800CE.NFO,02/01/2024,11:55:32,1545.55,1525.35,200,1586.9,40,0,840
FINNIFTY02JAN2419800CE.NFO,02/01/2024,11:55:38,1545.55,1525.35,200,1586.5,40,0,840
FINNIFTY02JAN2419800CE.NFO,02/01/2024,11:55:43,1545.55,1525.35,200,1586.2,40,0,840
FINNIFTY02JAN2419800CE.NFO,02/01/2024,11:55:48,1545.55,1525.35,200,1585.9,40,0,840
FINNIFTY02JAN2419800CE.NFO,02/01/2024,11:55:53,1545.55,1525.35,200,1585.6,40,0,840
FINNIFTY02JAN2419800CE.NFO,02/01/2024,11:55:59,1545.55,1525.35,200,1585.3,40,0,840
FINNIFTY02JAN2419800CE.NFO,02/01/2024,11:56:05,1545.55,1525.35,200,1585,40,0,840
FINNIFTY02JAN2419800CE.NFO,02/01/2024,11:56:10,1545.55,1525.35,200,1584.4,40,0,840
FINNIFTY02JAN2419800CE.NFO,02/01/2024,11:56:16,1545.55,1525.35,200,1584.1,40,0,840
FINNIFTY02JAN2419800CE.NFO,02/01/2024,11:56:21,1545.55,1525.35,200,1583.8,40,0,840
FINNIFTY02JAN2419800CE.NFO,02/01/2024,11:56:26,1545.55,1525.35,200,1583.5,40,0,840
FINNIFTY02JAN2419800CE.NFO,02/01/2024,11:56:32,1545.55,1525.35,200,1583.2,40,0,840
FINNIFTY02JAN2419800CE.NFO,02/01/2024,11:56:38,1545.55,1525.35,200,1582.9,40,0,840
FINNIFTY02JAN2419800CE.NFO,02/01/2024,11:56:44,1545.55,1525.35,200,1582.3,40,0,840
FINNIFTY02JAN2419800CE.NFO,02/01/2024,11:56:49,1545.55,1525.35,200,1582,40,0,840
FINNIFTY02JAN2419800CE.NFO,02/01/2024,11:56:54,1545.55,1525.35,200,1581.7,40,0,840
FINNIFTY02JAN2419800CE.NFO,02/01/2024,11:56:59,1545.55,1525.35,200,1581.4,40,0,840
FINNIFTY02JAN2419800CE.NFO,02/01/2024,11:57:04,1545.55,1525.35,200,1581.1,40,0,840
FINNIFTY02JAN2419800CE.NFO,02/01/2024,11:57:10,1545.55,1525.35,200,1580.8,40,0,840
FINNIFTY02JAN2419800CE.NFO,02/01/2024,11:57:16,1545.55,1525.35,200,1580.4,360,0,840
FINNIFTY02JAN2419800CE.NFO,02/01/2024,11:57:22,1545.55,1525.35,200,1580.1,160,0,840
FINNIFTY02JAN2419800CE.NFO,02/01/2024,11:57:28,1545.55,1525.35,200,1579.8,160,0,840
FINNIFTY02JAN2419800CE.NFO,02/01/2024,11:57:35,1545.55,1525.35,200,1578.45,40,0,840
FINNIFTY02JAN2419800CE.NFO,02/01/2024,11:57:42,1545.55,1525.35,200,1578.05,40,0,840
FINNIFTY02JAN2419800CE.NFO,02/01/2024,11:57:49,1545.55,1525.35,200,1577.75,40,0,840
FINNIFTY02JAN2419800CE.NFO,02/01/2024,11:57:55,1545.55,1525.35,200,1577.45,40,0,840
FINNIFTY02JAN2419800CE.NFO,02/01/2024,11:58:02,1545.55,1525.35,200,1577.15,40,0,840
FINNIFTY02JAN2419800CE.NFO,02/01/2024,11:58:09,1545.55,1525.35,200,1576.85,40,0,840
FINNIFTY02JAN2419800CE.NFO,02/01/2024,11:58:15,1545.55,1525.35,200,1576.55,40,0,840
FINNIFTY02JAN2419800CE.NFO,02/01/2024,11:58:21,1545.55,1525.35,200,1576.05,160,0,840
FINNIFTY02JAN2419800CE.NFO,02/01/2024,11:58:28,1545.55,1525.35,200,1575.95,200,0,840
FINNIFTY02JAN2419800CE.NFO,02/01/2024,11:58:35,1545.55,1525.3,800,1575.95,200,0,840
FINNIFTY02JAN2419800CE.NFO,02/01/2024,11:58:53,1545.55,1525.35,200,1575.95,200,0,840
FINNIFTY02JAN2419800CE.NFO,02/01/2024,12:04:03,1545.55,1525.35,200,1576,240,0,840
FINNIFTY02JAN2419800CE.NFO,02/01/2024,12:04:22,1545.55,1525.35,200,1575.95,200,0,840
FINNIFTY02JAN2419800CE.NFO,02/01/2024,12:05:35,1545.55,1525.35,200,1576,240,0,840
FINNIFTY02JAN2419800CE.NFO,02/01/2024,12:06:05,1545.55,1525.35,200,1575.95,200,0,840
FINNIFTY02JAN2419800CE.NFO,02/01/2024,12:08:01,1545.55,1525.45,200,1575.65,160,0,840
FINNIFTY02JAN2419800CE.NFO,02/01/2024,12:08:07,1545.55,1525.45,200,1574.45,40,0,840
FINNIFTY02JAN2419800CE.NFO,02/01/2024,12:08:14,1545.55,1525.45,200,1573.35,160,0,840
FINNIFTY02JAN2419800CE.NFO,02/01/2024,12:08:20,1545.55,1525.45,200,1572.25,40,0,840
FINNIFTY02JAN2419800CE.NFO,02/01/2024,12:08:27,1545.55,1525.45,200,1571.25,40,0,840
FINNIFTY02JAN2419800CE.NFO,02/01/2024,12:08:33,1545.55,1525.45,200,1569.85,160,0,840
FINNIFTY02JAN2419800CE.NFO,02/01/2024,12:08:40,1545.55,1525.45,200,1569.15,40,0,840
FINNIFTY02JAN2419800CE.NFO,02/01/2024,12:08:48,1545.55,1525.45,200,1568.85,40,0,840
FINNIFTY02JAN2419800CE.NFO,02/01/2024,12:08:55,1545.55,1525.45,200,1568.55,40,0,840
FINNIFTY02JAN2419800CE.NFO,02/01/2024,12:09:01,1545.55,1525.4,240,1568.45,400,0,840
FINNIFTY02JAN2419800CE.NFO,02/01/2024,12:10:16,1545.55,1525.45,200,1568.35,160,0,840
FINNIFTY02JAN2419800CE.NFO,02/01/2024,12:11:36,1545.55,1525.4,240,1568.35,160,0,840
FINNIFTY02JAN2419800CE.NFO,02/01/2024,12:14:16,1545.55,1525.45,200,1568.2,200,0,840
FINNIFTY02JAN2419800CE.NFO,02/01/2024,12:14:23,1545.55,1525.45,200,1567.15,160,0,840
FINNIFTY02JAN2419800CE.NFO,02/01/2024,12:14:29,1545.55,1525.45,200,1566.85,40,0,840
FINNIFTY02JAN2419800CE.NFO,02/01/2024,12:14:35,1545.55,1525.45,200,1566.55,40,0,840
FINNIFTY02JAN2419800CE.NFO,02/01/2024,12:14:41,1545.55,1525.45,200,1565.95,40,0,840
FINNIFTY02JAN2419800CE.NFO,02/01/2024,12:14:48,1545.55,1525.45,200,1565.65,40,0,840
FINNIFTY02JAN2419800CE.NFO,02/01/2024,12:14:54,1545.55,1525.45,200,1565.35,40,0,840
FINNIFTY02JAN2419800CE.NFO,02/01/2024,12:15:00,1545.55,1525.45,200,1565.05,40,0,840
FINNIFTY02JAN2419800CE.NFO,02/01/2024,12:15:06,1545.55,1525.45,200,1564.8,40,0,840
FINNIFTY02JAN2419800CE.NFO,02/01/2024,12:15:12,1545.55,1525.45,200,1564.5,40,0,840
FINNIFTY02JAN2419800CE.NFO,02/01/2024,12:15:18,1545.55,1525.45,200,1564,160,0,840
FINNIFTY02JAN2419800CE.NFO,02/01/2024,12:15:24,1545.55,1525.45,200,1563.9,360,0,840
FINNIFTY02JAN2419800CE.NFO,02/01/2024,12:15:38,1545.55,1525.4,240,1563.9,360,0,840
FINNIFTY02JAN2419800CE.NFO,02/01/2024,12:16:21,1545.55,1525.45,200,1563.45,160,0,840
FINNIFTY02JAN2419800CE.NFO,02/01/2024,12:16:28,1545.55,1525.45,200,1563.35,280,0,840
FINNIFTY02JAN2419800CE.NFO,02/01/2024,12:16:35,1545.55,1525.45,200,1563.2,240,0,840
FINNIFTY02JAN2419800CE.NFO,02/01/2024,12:16:42,1545.55,1525.45,200,1562.7,80,0,840
FINNIFTY02JAN2419800CE.NFO,02/01/2024,12:16:49,1545.55,1525.45,200,1562.6,280,0,840
FINNIFTY02JAN2419800CE.NFO,02/01/2024,12:16:56,1545.55,1525.45,200,1627.05,1360,0,840
FINNIFTY02JAN2419800CE.NFO,02/01/2024,12:17:12,1545.55,1525.45,200,1626.95,400,0,840
FINNIFTY02JAN2419800CE.NFO,02/01/2024,12:17:21,1545.55,1525.45,200,1625.25,400,0,840
FINNIFTY02JAN2419800CE.NFO,02/01/2024,12:17:30,1545.55,1525.45,200,1623.2,160,0,840
FINNIFTY02JAN2419800CE.NFO,02/01/2024,12:17:38,1545.55,1525.45,200,1622.95,160,0,840
FINNIFTY02JAN2419800CE.NFO,02/01/2024,12:17:46,1545.55,1525.45,200,1622.8,160,0,840
FINNIFTY02JAN2419800CE.NFO,02/01/2024,12:17:54,1545.55,1525.45,200,1622.65,40,0,840
FINNIFTY02JAN2419800CE.NFO,02/01/2024,12:18:01,1545.55,1525.45,200,1622.1,400,0,840
FINNIFTY02JAN2419800CE.NFO,02/01/2024,12:18:10,1545.55,1525.45,200,1621.6,160,0,840
FINNIFTY02JAN2419800CE.NFO,02/01/2024,12:18:17,1545.55,1525.45,200,1621.35,160,0,840
FINNIFTY02JAN2419800CE.NFO,02/01/2024,12:18:25,1545.55,1525.45,200,1621.1,160,0,840
FINNIFTY02JAN2419800CE.NFO,02/01/2024,12:18:32,1545.55,1525.45,200,1620.6,40,0,840
FINNIFTY02JAN2419800CE.NFO,02/01/2024,12:18:40,1545.55,1525.45,200,1620.3,40,0,840
FINNIFTY02JAN2419800CE.NFO,02/01/2024,12:18:47,1545.55,1525.45,200,1620,40,0,840
FINNIFTY02JAN2419800CE.NFO,02/01/2024,12:18:55,1545.55,1525.45,200,1619.75,40,0,840
FINNIFTY02JAN2419800CE.NFO,02/01/2024,12:19:02,1545.55,1525.4,240,1619.55,160,0,840
FINNIFTY02JAN2419800CE.NFO,02/01/2024,12:19:25,1545.55,1525.45,200,1619.5,160,0,840
FINNIFTY02JAN2419800CE.NFO,02/01/2024,12:19:33,1545.55,1525.45,200,1619.2,40,0,840
FINNIFTY02JAN2419800CE.NFO,02/01/2024,12:19:42,1545.55,1525.45,200,1619,160,0,840
FINNIFTY02JAN2419800CE.NFO,02/01/2024,12:20:32,1545.55,1525.45,200,1618.65,40,0,840
FINNIFTY02JAN2419800CE.NFO,02/01/2024,12:20:39,1545.55,1525.45,200,1618.4,40,0,840
FINNIFTY02JAN2419800CE.NFO,02/01/2024,12:20:45,1545.55,1525.45,200,1618.1,40,0,840
FINNIFTY02JAN2419800CE.NFO,02/01/2024,12:20:52,1545.55,1525.45,200,1617.85,160,0,840
FINNIFTY02JAN2419800CE.NFO,02/01/2024,12:20:58,1545.55,1525.45,200,1617.55,40,0,840
FINNIFTY02JAN2419800CE.NFO,02/01/2024,12:21:05,1545.55,1525.45,200,1617.3,160,0,840
FINNIFTY02JAN2419800CE.NFO,02/01/2024,12:21:12,1545.55,1525.45,200,1616.7,160,0,840
FINNIFTY02JAN2419800CE.NFO,02/01/2024,12:21:19,1545.55,1525.45,200,1616.4,40,0,840
FINNIFTY02JAN2419800CE.NFO,02/01/2024,12:21:26,1545.55,1525.45,200,1616.1,40,0,840
FINNIFTY02JAN2419800CE.NFO,02/01/2024,12:21:33,1545.55,1525.45,200,1615.8,40,0,840
FINNIFTY02JAN2419800CE.NFO,02/01/2024,12:21:41,1545.55,1525.45,200,1615.55,40,0,840
FINNIFTY02JAN2419800CE.NFO,02/01/2024,12:21:48,1545.55,1525.45,200,1615.5,200,0,840
FINNIFTY02JAN2419800CE.NFO,02/01/2024,12:22:02,1545.55,1525.4,240,1612.95,160,0,840
FINNIFTY02JAN2419800CE.NFO,02/01/2024,12:22:09,1545.55,1525.45,200,1611.7,160,0,840
FINNIFTY02JAN2419800CE.NFO,02/01/2024,12:22:17,1545.55,1525.45,200,1611.4,40,0,840
FINNIFTY02JAN2419800CE.NFO,02/01/2024,12:22:24,1545.55,1525.45,200,1610.55,160,0,840
FINNIFTY02JAN2419800CE.NFO,02/01/2024,12:22:31,1545.55,1525.45,200,1610.15,120,0,840
FINNIFTY02JAN2419800CE.NFO,02/01/2024,12:22:38,1545.55,1525.45,200,1609.85,40,0,840
FINNIFTY02JAN2419800CE.NFO,02/01/2024,12:22:44,1545.55,1525.45,200,1609.55,40,0,840
FINNIFTY02JAN2419800CE.NFO,02/01/2024,12:22:51,1545.55,1525.45,200,1609.05,160,0,840
FINNIFTY02JAN2419800CE.NFO,02/01/2024,12:22:57,1545.55,1525.45,200,1607.75,160,0,840
FINNIFTY02JAN2419800CE.NFO,02/01/2024,12:23:04,1545.55,1525.45,200,1607.65,360,0,840
FINNIFTY02JAN2419800CE.NFO,02/01/2024,12:24:01,1545.55,1525.45,200,1607.5,160,0,840
FINNIFTY02JAN2419800CE.NFO,02/01/2024,12:24:08,1545.55,1525.45,200,1606.2,40,0,840
FINNIFTY02JAN2419800CE.NFO,02/01/2024,12:24:15,1545.55,1525.45,200,1605.8,40,0,840
FINNIFTY02JAN2419800CE.NFO,02/01/2024,12:24:21,1545.55,1525.45,200,1605.5,40,0,840
FINNIFTY02JAN2419800CE.NFO,02/01/2024,12:24:27,1545.55,1525.45,200,1605.2,40,0,840
FINNIFTY02JAN2419800CE.NFO,02/01/2024,12:24:33,1545.55,1525.45,200,1604.6,40,0,840
FINNIFTY02JAN2419800CE.NFO,02/01/2024,12:24:40,1545.55,1525.45,200,1604.35,160,0,840
FINNIFTY02JAN2419800CE.NFO,02/01/2024,12:24:45,1545.55,1525.45,200,1604.05,40,0,840
FINNIFTY02JAN2419800CE.NFO,02/01/2024,12:24:51,1545.55,1525.45,200,1603.8,160,0,840
FINNIFTY02JAN2419800CE.NFO,02/01/2024,12:24:58,1545.55,1525.45,200,1603.5,40,0,840
FINNIFTY02JAN2419800CE.NFO,02/01/2024,12:25:04,1545.55,1525.45,200,1603.2,40,0,840
FINNIFTY02JAN2419800CE.NFO,02/01/2024,12:25:11,1545.55,1525.45,200,1602.6,40,0,840
FINNIFTY02JAN2419800CE.NFO,02/01/2024,12:25:17,1545.55,1525.45,200,1601.3,40,0,840
FINNIFTY02JAN2419800CE.NFO,02/01/2024,12:25:24,1545.55,1525.45,200,1601.05,40,0,840
FINNIFTY02JAN2419800CE.NFO,02/01/2024,12:25:30,1545.55,1525.45,200,1600.75,40,0,840
FINNIFTY02JAN2419800CE.NFO,02/01/2024,12:25:38,1545.55,1525.45,200,1600.45,40,0,840
FINNIFTY02JAN2419800CE.NFO,02/01/2024,12:25:45,1545.55,1525.45,200,1600.15,40,0,840
FINNIFTY02JAN2419800CE.NFO,02/01/2024,12:25:51,1545.55,1525.45,200,1599.55,40,0,840
FINNIFTY02JAN2419800CE.NFO,02/01/2024,12:25:57,1545.55,1525.45,200,1599.25,40,0,840
FINNIFTY02JAN2419800CE.NFO,02/01/2024,12:26:03,1545.55,1525.45,200,1598.95,40,0,840
FINNIFTY02JAN2419800CE.NFO,02/01/2024,12:26:10,1545.55,1525.45,200,1598.55,40,0,840
FINNIFTY02JAN2419800CE.NFO,02/01/2024,12:26:16,1545.55,1525.45,200,1598.25,40,0,840
FINNIFTY02JAN2419800CE.NFO,02/01/2024,12:26:23,1545.55,1525.45,200,1596.95,40,0,840
FINNIFTY02JAN2419800CE.NFO,02/01/2024,12:26:29,1545.55,1525.45,200,1596.65,40,0,840
FINNIFTY02JAN2419800CE.NFO,02/01/2024,12:26:35,1545.55,1525.45,200,1596.35,40,0,840
FINNIFTY02JAN2419800CE.NFO,02/01/2024,12:26:41,1545.55,1525.45,200,1596.05,40,0,840
FINNIFTY02JAN2419800CE.NFO,02/01/2024,12:26:47,1545.55,1525.45,200,1595.45,40,0,840
FINNIFTY02JAN2419800CE.NFO,02/01/2024,12:26:52,1545.55,1525.45,200,1595.15,40,0,840
FINNIFTY02JAN2419800CE.NFO,02/01/2024,12:26:58,1545.55,1525.45,200,1594.85,40,0,840
FINNIFTY02JAN2419800CE.NFO,02/01/2024,12:27:04,1545.55,1525.45,200,1594.55,40,0,840
FINNIFTY02JAN2419800CE.NFO,02/01/2024,12:27:10,1545.55,1525.45,200,1594.25,40,0,840
FINNIFTY02JAN2419800CE.NFO,02/01/2024,12:27:16,1545.55,1525.45,200,1593.95,40,0,840
FINNIFTY02JAN2419800CE.NFO,02/01/2024,12:27:23,1545.55,1525.45,200,1593.45,160,0,840
FINNIFTY02JAN2419800CE.NFO,02/01/2024,12:27:29,1545.55,1526.25,160,1592.55,40,0,840
FINNIFTY02JAN2419800CE.NFO,02/01/2024,12:27:35,1545.55,1526.65,40,1591.55,200,0,840
FINNIFTY02JAN2419800CE.NFO,02/01/2024,12:27:41,1545.55,1526.95,40,1590.45,360,0,840
FINNIFTY02JAN2419800CE.NFO,02/01/2024,12:27:47,1545.55,1527.25,40,1590.35,360,0,840
FINNIFTY02JAN2419800CE.NFO,02/01/2024,12:27:54,1545.55,1527.55,40,1590.35,360,0,840
FINNIFTY02JAN2419800CE.NFO,02/01/2024,12:28:01,1545.55,1527.85,40,1590.35,360,0,840
FINNIFTY02JAN2419800CE.NFO,02/01/2024,12:28:07,1545.55,1527.95,160,1590.35,360,0,840
FINNIFTY02JAN2419800CE.NFO,02/01/2024,12:28:26,1545.55,1528.05,160,1590.35,360,0,840
FINNIFTY02JAN2419800CE.NFO,02/01/2024,12:29:03,1545.55,1528.1,160,1590.3,160,0,840
FINNIFTY02JAN2419800CE.NFO,02/01/2024,12:29:10,1545.55,1528.7,40,1590.3,160,0,840
FINNIFTY02JAN2419800CE.NFO,02/01/2024,12:29:17,1545.55,1528.95,160,1590.3,160,0,840
FINNIFTY02JAN2419800CE.NFO,02/01/2024,12:29:23,1545.55,1529.25,40,1590.3,160,0,840
FINNIFTY02JAN2419800CE.NFO,02/01/2024,12:29:29,1545.55,1529.65,40,1590.3,160,0,840
FINNIFTY02JAN2419800CE.NFO,02/01/2024,12:29:35,1545.55,1529.95,40,1590.3,160,0,840
FINNIFTY02JAN2419800CE.NFO,02/01/2024,12:29:41,1545.55,1530.25,40,1590.3,160,0,840
FINNIFTY02JAN2419800CE.NFO,02/01/2024,12:29:47,1545.55,1530.55,40,1590.3,160,0,840
FINNIFTY02JAN2419800CE.NFO,02/01/2024,12:29:53,1545.55,1530.85,40,1590.3,160,0,840
FINNIFTY02JAN2419800CE.NFO,02/01/2024,12:29:59,1545.55,1531.15,40,1590.3,160,0,840
FINNIFTY02JAN2419800CE.NFO,02/01/2024,12:30:05,1545.55,1531.45,40,1590.3,160,0,840
FINNIFTY02JAN2419800CE.NFO,02/01/2024,12:30:11,1545.55,1531.75,40,1590.3,160,0,840
FINNIFTY02JAN2419800CE.NFO,02/01/2024,12:30:17,1545.55,1532.05,40,1590.3,160,0,840
FINNIFTY02JAN2419800CE.NFO,02/01/2024,12:30:23,1545.55,1532.65,40,1590.3,160,0,840
FINNIFTY02JAN2419800CE.NFO,02/01/2024,12:30:29,1545.55,1533.25,40,1590,40,0,840
FINNIFTY02JAN2419800CE.NFO,02/01/2024,12:30:40,1545.55,1534.65,160,1588.35,40,0,840
FINNIFTY02JAN2419800CE.NFO,02/01/2024,12:30:46,1545.55,1534.95,160,1587.15,160,0,840
FINNIFTY02JAN2419800CE.NFO,02/01/2024,12:30:52,1545.55,1535.85,40,1586.1,40,0,840
FINNIFTY02JAN2419800CE.NFO,02/01/2024,12:31:05,1545.55,1538.15,40,1583.7,40,0,840
FINNIFTY02JAN2419800CE.NFO,02/01/2024,12:31:11,1545.55,1539.55,200,1582.3,200,0,840
FINNIFTY02JAN2419800CE.NFO,02/01/2024,12:31:24,1545.55,1541.95,40,1579.9,40,0,840
FINNIFTY02JAN2419800CE.NFO,02/01/2024,12:31:30,1545.55,1542.2,160,1579.65,160,0,840
FINNIFTY02JAN2419800CE.NFO,02/01/2024,12:31:36,1545.55,1542.25,240,1579.6,200,0,840
FINNIFTY02JAN2419800CE.NFO,02/01/2024,12:31:48,1545.55,1542.5,40,1579.35,40,0,840
FINNIFTY02JAN2419800CE.NFO,02/01/2024,12:32:17,1545.55,1545.1,40,1576.85,40,0,840
FINNIFTY02JAN2419800CE.NFO,02/01/2024,12:32:34,1545.55,1546,40,1575.65,40,0,840
FINNIFTY02JAN2419800CE.NFO,02/01/2024,12:32:39,1545.55,1547.15,40,1574.55,160,0,840
FINNIFTY02JAN2419800CE.NFO,02/01/2024,12:32:45,1545.55,1547.45,40,1573.45,40,0,840
FINNIFTY02JAN2419800CE.NFO,02/01/2024,12:32:51,1545.55,1547.75,40,1572.25,160,0,840
FINNIFTY02JAN2419800CE.NFO,02/01/2024,12:32:56,1545.55,1548.05,40,1571.15,40,0,840
FINNIFTY02JAN2419800CE.NFO,02/01/2024,12:33:02,1545.55,1548.35,40,1570.15,160,0,840
FINNIFTY02JAN2419800CE.NFO,02/01/2024,12:33:07,1545.55,1548.65,40,1570.05,360,0,840
FINNIFTY02JAN2419800CE.NFO,02/01/2024,12:33:13,1545.55,1548.95,160,1570.05,360,0,840
FINNIFTY02JAN2419800CE.NFO,02/01/2024,12:33:19,1545.55,1549.25,40,1570.05,360,0,840
FINNIFTY02JAN2419800CE.NFO,02/01/2024,12:33:24,1545.55,1549.55,40,1570.05,360,0,840
FINNIFTY02JAN2419800CE.NFO,02/01/2024,12:33:30,1545.55,1549.85,40,1570.05,360,0,840
FINNIFTY02JAN2419800CE.NFO,02/01/2024,12:33:36,1545.55,1550.15,40,1570.05,360,0,840
FINNIFTY02JAN2419800CE.NFO,02/01/2024,12:33:42,1545.55,1550.45,40,1570.05,360,0,840
FINNIFTY02JAN2419800CE.NFO,02/01/2024,12:33:48,1545.55,1551.05,40,1570.05,360,0,840
FINNIFTY02JAN2419800CE.NFO,02/01/2024,12:33:55,1545.55,1552.25,40,1570.05,360,0,840
FINNIFTY02JAN2419800CE.NFO,02/01/2024,12:34:00,1545.55,1552.55,120,1570.05,360,0,840
FINNIFTY02JAN2419800CE.NFO,02/01/2024,12:34:06,1545.55,1552.8,120,1570.05,360,0,840
FINNIFTY02JAN2419800CE.NFO,02/01/2024,12:34:18,1545.55,1552.85,200,1570.05,360,0,840
FINNIFTY02JAN2419800CE.NFO,02/01/2024,12:34:24,1545.55,1553.35,40,1570.05,360,0,840
FINNIFTY02JAN2419800CE.NFO,02/01/2024,12:34:30,1545.55,1554.3,160,1570.05,360,0,840
FINNIFTY02JAN2419800CE.NFO,02/01/2024,12:34:36,1545.55,1554.7,120,1569.6,160,0,840
FINNIFTY02JAN2419800CE.NFO,02/01/2024,12:34:42,1545.55,1554.8,160,1569.3,160,0,840
FINNIFTY02JAN2419800CE.NFO,02/01/2024,12:34:48,1545.55,1555.15,40,1569.05,160,0,840
FINNIFTY02JAN2419800CE.NFO,02/01/2024,12:34:55,1545.55,1556.2,160,1568.65,40,0,840
FINNIFTY02JAN2419800CE.NFO,02/01/2024,12:35:02,1545.55,1556.2,160,1568.35,40,0,840
FINNIFTY02JAN2419800CE.NFO,02/01/2024,12:35:09,1545.55,1525.3,960,1568.05,40,0,840
FINNIFTY02JAN2419800CE.NFO,02/01/2024,12:35:16,1545.55,1525.3,960,1566.5,40,0,840
FINNIFTY02JAN2419800CE.NFO,02/01/2024,12:35:23,1545.55,1525.3,960,1566.1,160,0,840
FINNIFTY02JAN2419800CE.NFO,02/01/2024,12:35:29,1545.55,1525.3,960,1564.9,160,0,840
FINNIFTY02JAN2419800CE.NFO,02/01/2024,12:35:35,1545.55,1525.3,960,1564.5,40,0,840
FINNIFTY02JAN2419800CE.NFO,02/01/2024,12:35:43,1545.55,1525.3,960,1564.2,40,0,840
FINNIFTY02JAN2419800CE.NFO,02/01/2024,12:35:49,1545.55,1525.3,960,1563.9,40,0,840
FINNIFTY02JAN2419800CE.NFO,02/01/2024,12:35:56,1545.55,1525.3,960,1563.6,40,0,840
FINNIFTY02JAN2419800CE.NFO,02/01/2024,12:36:02,1545.55,1525.3,960,1563.3,40,0,840
FINNIFTY02JAN2419800CE.NFO,02/01/2024,12:36:09,1545.55,1525.3,960,1563,40,0,840
FINNIFTY02JAN2419800CE.NFO,02/01/2024,12:36:15,1545.55,1525.3,960,1561.6,160,0,840
FINNIFTY02JAN2419800CE.NFO,02/01/2024,12:36:21,1545.55,1525.3,960,1561.05,40,0,840
FINNIFTY02JAN2419800CE.NFO,02/01/2024,12:36:27,1545.55,1525.3,960,1563.7,720,0,840
FINNIFTY02JAN2419800CE.NFO,02/01/2024,12:36:34,1545.55,1525.35,200,1563.7,720,0,840
FINNIFTY02JAN2419800CE.NFO,02/01/2024,12:37:32,1545.55,1525.35,200,1563.65,200,0,840
FINNIFTY02JAN2419800CE.NFO,02/01/2024,12:40:36,1545.55,1525.35,200,1563.55,200,0,840
FINNIFTY02JAN2419800CE.NFO,02/01/2024,12:41:40,1545.55,1525.35,200,1563.65,200,0,840
FINNIFTY02JAN2419800CE.NFO,02/01/2024,12:41:46,1545.55,1525.35,200,1563.55,200,0,840
FINNIFTY02JAN2419800CE.NFO,02/01/2024,12:42:44,1545.55,1525.45,200,1563.55,200,0,840
FINNIFTY02JAN2419800CE.NFO,02/01/2024,12:45:17,1545.55,1525.45,200,1563.3,160,0,840
FINNIFTY02JAN2419800CE.NFO,02/01/2024,12:45:23,1545.55,1525.45,200,1562.2,40,0,840
FINNIFTY02JAN2419800CE.NFO,02/01/2024,12:45:28,1545.55,1525.45,200,1561.8,160,0,840
FINNIFTY02JAN2419800CE.NFO,02/01/2024,12:45:33,1545.55,1525.45,200,1560.85,40,0,840
FINNIFTY02JAN2419800CE.NFO,02/01/2024,12:45:38,1545.55,1525.45,200,1560.6,40,0,840
FINNIFTY02JAN2419800CE.NFO,02/01/2024,12:45:43,1545.55,1525.45,200,1559.75,40,0,840
FINNIFTY02JAN2419800CE.NFO,02/01/2024,12:45:49,1545.55,1525.45,200,1560.4,40,0,840
FINNIFTY02JAN2419800CE.NFO,02/01/2024,12:46:13,1545.55,1525.45,200,1560.15,40,0,840
FINNIFTY02JAN2419800CE.NFO,02/01/2024,12:46:18,1545.55,1525.45,200,1559.85,160,0,840
FINNIFTY02JAN2419800CE.NFO,02/01/2024,12:46:23,1545.55,1525.45,200,1559.55,40,0,840
FINNIFTY02JAN2419800CE.NFO,02/01/2024,12:46:27,1545.55,1525.45,200,1559.35,160,0,840
FINNIFTY02JAN2419800CE.NFO,02/01/2024,12:46:32,1545.55,1525.45,200,1559.3,160,0,840
FINNIFTY02JAN2419800CE.NFO,02/01/2024,12:46:36,1545.55,1525.45,200,1559.25,160,0,840
FINNIFTY02JAN2419800CE.NFO,02/01/2024,12:46:41,1545.55,1525.45,200,1559.1,80,0,840
FINNIFTY02JAN2419800CE.NFO,02/01/2024,12:46:46,1545.55,1525.45,200,1558.8,120,0,840
FINNIFTY02JAN2419800CE.NFO,02/01/2024,12:46:52,1545.55,1525.45,200,1558.65,40,0,840
FINNIFTY02JAN2419800CE.NFO,02/01/2024,12:46:58,1545.55,1525.45,200,1635.85,400,0,840
FINNIFTY02JAN2419800CE.NFO,02/01/2024,12:47:35,1545.55,1525.4,240,1635.85,400,0,840
FINNIFTY02JAN2419800CE.NFO,02/01/2024,12:47:39,1545.55,1525.45,200,1621.6,200,0,840
FINNIFTY02JAN2419800CE.NFO,02/01/2024,12:47:46,1545.55,1525.45,200,1612,40,0,840
FINNIFTY02JAN2419800CE.NFO,02/01/2024,12:47:51,1545.55,1525.45,200,1611.7,40,0,840
FINNIFTY02JAN2419800CE.NFO,02/01/2024,12:47:57,1545.55,1525.45,200,1611.4,40,0,840
FINNIFTY02JAN2419800CE.NFO,02/01/2024,12:48:03,1545.55,1525.45,200,1611.1,40,0,840
FINNIFTY02JAN2419800CE.NFO,02/01/2024,12:48:09,1545.55,1525.45,200,1608.1,40,0,840
FINNIFTY02JAN2419800CE.NFO,02/01/2024,12:48:15,1545.55,1525.45,200,1607.8,40,0,840
FINNIFTY02JAN2419800CE.NFO,02/01/2024,12:48:20,1545.55,1525.45,200,1607.5,40,0,840
FINNIFTY02JAN2419800CE.NFO,02/01/2024,12:48:25,1545.55,1525.45,200,1606.1,160,0,840
FINNIFTY02JAN2419800CE.NFO,02/01/2024,12:48:30,1545.55,1525.45,200,1605.2,160,0,840
FINNIFTY02JAN2419800CE.NFO,02/01/2024,12:48:36,1545.55,1525.45,200,1604.2,40,0,840
FINNIFTY02JAN2419800CE.NFO,02/01/2024,12:48:42,1545.55,1525.45,200,1603.6,40,0,840
FINNIFTY02JAN2419800CE.NFO,02/01/2024,12:48:48,1545.55,1525.45,200,1603.3,40,0,840
FINNIFTY02JAN2419800CE.NFO,02/01/2024,12:48:55,1545.55,1525.45,200,1603,40,0,840
FINNIFTY02JAN2419800CE.NFO,02/01/2024,12:49:01,1545.55,1525.45,200,1602.7,40,0,840
FINNIFTY02JAN2419800CE.NFO,02/01/2024,12:49:06,1545.55,1525.45,200,1602.4,40,0,840
FINNIFTY02JAN2419800CE.NFO,02/01/2024,12:49:12,1545.55,1525.45,200,1602.1,40,0,840
FINNIFTY02JAN2419800CE.NFO,02/01/2024,12:49:17,1545.55,1525.45,200,1601.55,160,0,840
FINNIFTY02JAN2419800CE.NFO,02/01/2024,12:49:22,1545.55,1525.45,200,1601.25,40,0,840
FINNIFTY02JAN2419800CE.NFO,02/01/2024,12:49:29,1545.55,1525.45,200,1600.95,40,0,840
FINNIFTY02JAN2419800CE.NFO,02/01/2024,12:49:35,1545.55,1525.45,200,1600.65,40,0,840
FINNIFTY02JAN2419800CE.NFO,02/01/2024,12:49:40,1545.55,1525.45,200,1600.35,40,0,840
FINNIFTY02JAN2419800CE.NFO,02/01/2024,12:49:46,1545.55,1525.45,200,1599.05,40,0,840
FINNIFTY02JAN2419800CE.NFO,02/01/2024,12:49:51,1545.55,1525.45,200,1598.05,40,0,840
FINNIFTY02JAN2419800CE.NFO,02/01/2024,12:49:56,1545.55,1525.45,200,1597.15,40,0,840
FINNIFTY02JAN2419800CE.NFO,02/01/2024,12:50:02,1545.55,1525.45,200,1596.9,120,0,840
FINNIFTY02JAN2419800CE.NFO,02/01/2024,12:50:07,1545.55,1525.45,200,1596.3,40,0,840
FINNIFTY02JAN2419800CE.NFO,02/01/2024,12:50:12,1545.55,1525.45,200,1596,40,0,840
FINNIFTY02JAN2419800CE.NFO,02/01/2024,12:50:18,1545.55,1525.45,200,1595.7,40,0,840
FINNIFTY02JAN2419800CE.NFO,02/01/2024,12:50:24,1545.55,1525.45,200,1595.4,40,0,840
FINNIFTY02JAN2419800CE.NFO,02/01/2024,12:50:30,1545.55,1525.45,200,1595.1,40,0,840
FINNIFTY02JAN2419800CE.NFO,02/01/2024,12:50:36,1545.55,1525.45,200,1594.8,40,0,840
FINNIFTY02JAN2419800CE.NFO,02/01/2024,12:50:42,1545.55,1525.45,200,1594.4,360,0,840
FINNIFTY02JAN2419800CE.NFO,02/01/2024,12:50:48,1545.55,1525.45,200,1594.3,360,0,840
FINNIFTY02JAN2419800CE.NFO,02/01/2024,12:52:01,1545.55,1525.45,200,1594.25,160,0,840
FINNIFTY02JAN2419800CE.NFO,02/01/2024,12:55:03,1545.55,1525.4,240,1594.3,160,0,840
FINNIFTY02JAN2419800CE.NFO,02/01/2024,12:57:51,1545.55,1525.45,200,1594.25,160,0,840
FINNIFTY02JAN2419800CE.NFO,02/01/2024,13:02:05,1545.55,1525.4,240,1594.3,160,0,840
FINNIFTY02JAN2419800CE.NFO,02/01/2024,13:02:13,1545.55,1525.45,200,1594.25,160,0,840
FINNIFTY02JAN2419800CE.NFO,02/01/2024,13:03:31,1545.55,1525.4,240,1594.3,160,0,840
FINNIFTY02JAN2419800CE.NFO,02/01/2024,13:04:12,1545.55,1525.45,200,1593.25,600,0,840
FINNIFTY02JAN2419800CE.NFO,02/01/2024,13:04:22,1545.55,1525.45,200,1591.5,160,0,840
FINNIFTY02JAN2419800CE.NFO,02/01/2024,13:04:31,1545.55,1525.45,200,1591.25,240,0,840
FINNIFTY02JAN2419800CE.NFO,02/01/2024,13:04:39,1545.55,1525.45,200,1591,40,0,840
FINNIFTY02JAN2419800CE.NFO,02/01/2024,13:04:48,1545.55,1525.45,200,1590.75,40,0,840
FINNIFTY02JAN2419800CE.NFO,02/01/2024,13:04:56,1545.55,1525.45,200,1590.45,40,0,840
FINNIFTY02JAN2419800CE.NFO,02/01/2024,13:05:03,1545.55,1525.45,200,1590.15,40,0,840
FINNIFTY02JAN2419800CE.NFO,02/01/2024,13:05:11,1545.55,1525.45,200,1589.95,160,0,840
FINNIFTY02JAN2419800CE.NFO,02/01/2024,13:05:16,1545.55,1525.45,200,1589.9,400,0,840
FINNIFTY02JAN2419800CE.NFO,02/01/2024,13:05:22,1545.55,1525.45,200,1589.35,120,0,840
FINNIFTY02JAN2419800CE.NFO,02/01/2024,13:05:27,1545.55,1525.45,200,1588.6,40,0,840
FINNIFTY02JAN2419800CE.NFO,02/01/2024,13:05:33,1545.55,1525.45,200,1588.3,40,0,840
FINNIFTY02JAN2419800CE.NFO,02/01/2024,13:05:39,1545.55,1525.45,200,1588,40,0,840
FINNIFTY02JAN2419800CE.NFO,02/01/2024,13:05:44,1545.55,1525.45,200,1587.7,40,0,840
FINNIFTY02JAN2419800CE.NFO,02/01/2024,13:05:51,1545.55,1525.45,200,1587.45,160,0,840
FINNIFTY02JAN2419800CE.NFO,02/01/2024,13:05:57,1545.55,1525.45,200,1587.3,160,0,840
FINNIFTY02JAN2419800CE.NFO,02/01/2024,13:06:27,1545.55,1525.45,200,1587.15,40,0,840
FINNIFTY02JAN2419800CE.NFO,02/01/2024,13:06:31,1545.55,1525.4,240,1586.55,40,0,840
FINNIFTY02JAN2419800CE.NFO,02/01/2024,13:06:36,1545.55,1525.45,200,1586.25,40,0,840
FINNIFTY02JAN2419800CE.NFO,02/01/2024,13:06:42,1545.55,1525.45,200,1586,40,0,840
FINNIFTY02JAN2419800CE.NFO,02/01/2024,13:06:47,1545.55,1525.45,200,1585.6,40,0,840
FINNIFTY02JAN2419800CE.NFO,02/01/2024,13:06:52,1545.55,1525.45,200,1584.55,40,0,840
FINNIFTY02JAN2419800CE.NFO,02/01/2024,13:06:58,1545.55,1525.45,200,1583.8,160,0,840
FINNIFTY02JAN2419800CE.NFO,02/01/2024,13:07:03,1545.55,1525.45,200,1583.5,160,0,840
FINNIFTY02JAN2419800CE.NFO,02/01/2024,13:07:08,1545.55,1525.45,200,1583.2,160,0,840
FINNIFTY02JAN2419800CE.NFO,02/01/2024,13:07:14,1545.55,1525.45,200,1582,160,0,840
FINNIFTY02JAN2419800CE.NFO,02/01/2024,13:07:20,1545.55,1525.45,200,1581.6,40,0,840
FINNIFTY02JAN2419800CE.NFO,02/01/2024,13:07:25,1545.55,1525.45,200,1580.55,160,0,840
FINNIFTY02JAN2419800CE.NFO,02/01/2024,13:07:31,1545.55,1525.45,200,1579.45,40,0,840
FINNIFTY02JAN2419800CE.NFO,02/01/2024,13:07:36,1545.55,1525.45,200,1578.65,40,0,840
FINNIFTY02JAN2419800CE.NFO,02/01/2024,13:07:41,1545.55,1525.45,200,1578.6,200,0,840
FINNIFTY02JAN2419800CE.NFO,02/01/2024,13:08:37,1545.55,1525.45,200,1578.4,40,0,840
FINNIFTY02JAN2419800CE.NFO,02/01/2024,13:08:44,1545.55,1525.45,200,1577.35,160,0,840
FINNIFTY02JAN2419800CE.NFO,02/01/2024,13:08:50,1545.55,1525.45,200,1576.3,40,0,840
FINNIFTY02JAN2419800CE.NFO,02/01/2024,13:08:56,1545.55,1525.45,200,1575.6,40,0,840
FINNIFTY02JAN2419800CE.NFO,02/01/2024,13:09:01,1545.55,1525.45,200,1575.4,160,0,840
FINNIFTY02JAN2419800CE.NFO,02/01/2024,13:09:29,1545.55,1525.45,200,1575.1,40,0,840
FINNIFTY02JAN2419800CE.NFO,02/01/2024,13:09:34,1545.55,1525.45,200,1575.05,200,0,840
FINNIFTY02JAN2419800CE.NFO,02/01/2024,13:10:06,1545.55,1526.25,120,1574.2,160,0,840
FINNIFTY02JAN2419800CE.NFO,02/01/2024,13:10:11,1545.55,1527.45,160,1574.15,360,0,840
FINNIFTY02JAN2419800CE.NFO,02/01/2024,13:10:17,1545.55,1527.95,40,1574.15,360,0,840
FINNIFTY02JAN2419800CE.NFO,02/01/2024,13:10:23,1545.55,1528.2,160,1574.15,360,0,840
FINNIFTY02JAN2419800CE.NFO,02/01/2024,13:10:28,1545.55,1528.5,40,1574.15,360,0,840
FINNIFTY02JAN2419800CE.NFO,02/01/2024,13:10:33,1545.55,1528.8,40,1574.15,360,0,840
FINNIFTY02JAN2419800CE.NFO,02/01/2024,13:10:37,1545.55,1529.85,40,1574.15,360,0,840
FINNIFTY02JAN2419800CE.NFO,02/01/2024,13:10:42,1545.55,1530.65,160,1574.15,360,0,840
FINNIFTY02JAN2419800CE.NFO,02/01/2024,13:10:46,1545.55,1530.85,360,1574.15,360,0,840
FINNIFTY02JAN2419800CE.NFO,02/01/2024,13:11:32,1545.55,1530.85,360,1574.1,200,0,840
FINNIFTY02JAN2419800CE.NFO,02/01/2024,13:12:05,1545.55,1530.85,160,1574.1,200,0,840
FINNIFTY02JAN2419800CE.NFO,02/01/2024,13:13:04,1545.55,1530.9,160,1574.1,200,0,840
FINNIFTY02JAN2419800CE.NFO,02/01/2024,13:13:09,1545.55,1531.8,160,1574.1,200,0,840
FINNIFTY02JAN2419800CE.NFO,02/01/2024,13:13:14,1545.55,1532.7,160,1574.1,200,0,840
FINNIFTY02JAN2419800CE.NFO,02/01/2024,13:13:19,1545.55,1533.5,160,1574.1,200,0,840
FINNIFTY02JAN2419800CE.NFO,02/01/2024,13:13:24,1545.55,1534.5,160,1574.1,200,0,840
FINNIFTY02JAN2419800CE.NFO,02/01/2024,13:13:29,1545.55,1535.4,40,1574.1,200,0,840
FINNIFTY02JAN2419800CE.NFO,02/01/2024,13:13:35,1545.55,1536.7,160,1574.1,200,0,840
FINNIFTY02JAN2419800CE.NFO,02/01/2024,13:13:41,1545.55,1537.75,40,1574.1,200,0,840
FINNIFTY02JAN2419800CE.NFO,02/01/2024,13:13:47,1545.55,1538.85,40,1574.1,200,0,840
FINNIFTY02JAN2419800CE.NFO,02/01/2024,13:13:53,1545.55,1539.7,40,1574.1,200,0,840
FINNIFTY02JAN2419800CE.NFO,02/01/2024,13:13:58,1545.55,1539.85,160,1574.1,200,0,840
FINNIFTY02JAN2419800CE.NFO,02/01/2024,13:14:35,1545.55,1539.85,160,1574.15,200,0,840
FINNIFTY02JAN2419800CE.NFO,02/01/2024,13:14:56,1545.55,1540.7,40,1574.1,200,0,840
FINNIFTY02JAN2419800CE.NFO,02/01/2024,13:15:02,1545.55,1541.45,40,1574.1,200,0,840
FINNIFTY02JAN2419800CE.NFO,02/01/2024,13:15:08,1545.55,1541.7,160,1574.1,200,0,840
FINNIFTY02JAN2419800CE.NFO,02/01/2024,13:15:13,1545.55,1542,40,1574.1,200,0,840
FINNIFTY02JAN2419800CE.NFO,02/01/2024,13:15:19,1545.55,1542.3,40,1574.1,200,0,840
FINNIFTY02JAN2419800CE.NFO,02/01/2024,13:15:24,1545.55,1542.4,160,1574.1,200,0,840
FINNIFTY02JAN2419800CE.NFO,02/01/2024,13:16:02,1545.55,1542.55,160,1574.1,200,0,840
FINNIFTY02JAN2419800CE.NFO,02/01/2024,13:16:07,1545.55,1542.8,40,1574.1,200,0,840
FINNIFTY02JAN2419800CE.NFO,02/01/2024,13:16:12,1545.55,1543.3,160,1574.1,200,0,840
FINNIFTY02JAN2419800CE.NFO,02/01/2024,13:16:17,1545.55,1543.55,160,1574.1,200,0,840
FINNIFTY02JAN2419800CE.NFO,02/01/2024,13:16:22,1545.55,1543.6,200,1574.1,200,0,840
FINNIFTY02JAN2419800CE.NFO,02/01/2024,13:16:44,1545.55,1543.9,40,1574.1,200,0,840
FINNIFTY02JAN2419800CE.NFO,02/01/2024,13:16:49,1545.55,1544.2,40,1574.1,200,0,840
FINNIFTY02JAN2419800CE.NFO,02/01/2024,13:16:53,1545.55,1544.45,40,1574.1,200,0,840
FINNIFTY02JAN2419800CE.NFO,02/01/2024,13:16:58,1545.55,1544.75,40,1574.1,200,0,840
FINNIFTY02JAN2419800CE.NFO,02/01/2024,13:17:03,1545.55,1545.05,40,1574.1,200,0,840
FINNIFTY02JAN2419800CE.NFO,02/01/2024,13:17:08,1545.55,1545.6,40,1574.1,200,0,840
FINNIFTY02JAN2419800CE.NFO,02/01/2024,13:17:14,1545.55,1546.2,40,1574.1,200,0,840
FINNIFTY02JAN2419800CE.NFO,02/01/2024,13:17:19,1545.55,1546.75,40,1574.1,200,0,840
FINNIFTY02JAN2419800CE.NFO,02/01/2024,13:17:23,1545.55,1547.05,40,1574.1,200,0,840
FINNIFTY02JAN2419800CE.NFO,02/01/2024,13:17:28,1545.55,1547.35,40,1574.1,200,0,840
FINNIFTY02JAN2419800CE.NFO,02/01/2024,13:17:33,1545.55,1547.65,40,1574.15,200,0,840
FINNIFTY02JAN2419800CE.NFO,02/01/2024,13:17:38,1545.55,1547.9,40,1574.1,200,0,840
FINNIFTY02JAN2419800CE.NFO,02/01/2024,13:17:42,1545.55,1548.15,120,1574.1,200,0,840
FINNIFTY02JAN2419800CE.NFO,02/01/2024,13:17:47,1545.55,1548.2,160,1574.1,200,0,840
FINNIFTY02JAN2419800CE.NFO,02/01/2024,13:17:56,1545.55,1548.3,160,1574.1,200,0,840
FINNIFTY02JAN2419800CE.NFO,02/01/2024,13:18:01,1545.55,1548.45,120,1574.1,200,0,840
FINNIFTY02JAN2419800CE.NFO,02/01/2024,13:18:16,1545.55,1548.7,160,1574.1,200,0,840
FINNIFTY02JAN2419800CE.NFO,02/01/2024,13:18:27,1545.55,1548.85,160,1574.1,200,0,840
FINNIFTY02JAN2419800CE.NFO,02/01/2024,13:18:38,1545.55,1549,40,1574.1,200,0,840
FINNIFTY02JAN2419800CE.NFO,02/01/2024,13:18:54,1545.55,1549.5,40,1574.1,200,0,840
FINNIFTY02JAN2419800CE.NFO,02/01/2024,13:19:00,1545.55,1505.3,800,1574.1,200,0,840
FINNIFTY02JAN2419800CE.NFO,02/01/2024,13:19:05,1545.55,1505.35,200,1574.1,200,0,840
FINNIFTY02JAN2419800CE.NFO,02/01/2024,13:20:25,1545.55,1505.75,40,1574.1,200,0,840
FINNIFTY02JAN2419800CE.NFO,02/01/2024,13:20:29,1545.55,1506.6,40,1574.1,200,0,840
FINNIFTY02JAN2419800CE.NFO,02/01/2024,13:20:34,1545.55,1506.9,40,1574.1,200,0,840
FINNIFTY02JAN2419800CE.NFO,02/01/2024,13:20:38,1545.55,1507.2,40,1574.1,200,0,840
FINNIFTY02JAN2419800CE.NFO,02/01/2024,13:20:43,1545.55,1507.5,40,1574.1,200,0,840
FINNIFTY02JAN2419800CE.NFO,02/01/2024,13:20:49,1545.55,1507.8,40,1574.1,200,0,840
FINNIFTY02JAN2419800CE.NFO,02/01/2024,13:20:55,1545.55,1508.1,40,1574.1,200,0,840
FINNIFTY02JAN2419800CE.NFO,02/01/2024,13:21:01,1545.55,1508.2,160,1574.1,200,0,840
FINNIFTY02JAN2419800CE.NFO,02/01/2024,13:22:02,1545.55,1508.2,160,1574.15,200,0,840
FINNIFTY02JAN2419800CE.NFO,02/01/2024,13:24:19,1545.55,1508.5,160,1574.1,200,0,840
FINNIFTY02JAN2419800CE.NFO,02/01/2024,13:24:24,1545.55,1508.8,160,1574.1,200,0,840
FINNIFTY02JAN2419800CE.NFO,02/01/2024,13:24:29,1545.55,1509.6,40,1574.1,200,0,840
FINNIFTY02JAN2419800CE.NFO,02/01/2024,13:24:35,1545.55,1509.9,40,1574.1,200,0,840
FINNIFTY02JAN2419800CE.NFO,02/01/2024,13:24:40,1545.55,1510.5,160,1574.1,200,0,840
FINNIFTY02JAN2419800CE.NFO,02/01/2024,13:24:46,1545.55,1510.75,160,1574.1,200,0,840
FINNIFTY02JAN2419800CE.NFO,02/01/2024,13:24:50,1545.55,1510.8,240,1574.1,200,0,840
FINNIFTY02JAN2419800CE.NFO,02/01/2024,13:25:16,1545.55,1511.05,40,1574.1,200,0,840
FINNIFTY02JAN2419800CE.NFO,02/01/2024,13:25:22,1545.55,1511.55,40,1574.1,200,0,840
FINNIFTY02JAN2419800CE.NFO,02/01/2024,13:25:26,1545.55,1511.85,40,1574.1,200,0,840
FINNIFTY02JAN2419800CE.NFO,02/01/2024,13:25:32,1545.55,1512.4,40,1574.15,200,0,840
FINNIFTY02JAN2419800CE.NFO,02/01/2024,13:25:38,1545.55,1512.65,40,1574.1,200,0,840
FINNIFTY02JAN2419800CE.NFO,02/01/2024,13:25:44,1545.55,1512.95,40,1574.1,200,0,840
FINNIFTY02JAN2419800CE.NFO,02/01/2024,13:25:50,1545.55,1513.25,40,1574.1,200,0,840
FINNIFTY02JAN2419800CE.NFO,02/01/2024,13:25:56,1545.55,1513.55,40,1574.1,200,0,840
FINNIFTY02JAN2419800CE.NFO,02/01/2024,13:26:00,1545.55,1513.85,40,1574.1,200,0,840
FINNIFTY02JAN2419800CE.NFO,02/01/2024,13:26:05,1545.55,1513.95,160,1574.1,200,0,840
FINNIFTY02JAN2419800CE.NFO,02/01/2024,13:26:31,1545.55,1514.3,160,1574.1,200,0,840
FINNIFTY02JAN2419800CE.NFO,02/01/2024,13:26:36,1545.55,1514.6,160,1574.1,200,0,840
FINNIFTY02JAN2419800CE.NFO,02/01/2024,13:26:41,1545.55,1514.9,160,1574.1,200,0,840
FINNIFTY02JAN2419800CE.NFO,02/01/2024,13:26:45,1545.55,1515.3,160,1574.1,200,0,840
FINNIFTY02JAN2419800CE.NFO,02/01/2024,13:26:49,1545.55,1516.2,160,1574.1,200,0,840
FINNIFTY02JAN2419800CE.NFO,02/01/2024,13:26:55,1545.55,1516.3,200,1574.1,200,0,840
FINNIFTY02JAN2419800CE.NFO,02/01/2024,13:30:05,1545.55,1516.3,200,1574.15,200,0,840
FINNIFTY02JAN2419800CE.NFO,02/01/2024,13:30:25,1545.55,1516.3,200,1574.1,200,0,840
FINNIFTY02JAN2419800CE.NFO,02/01/2024,13:32:05,1545.55,1516.55,160,1574.1,200,0,840
FINNIFTY02JAN2419800CE.NFO,02/01/2024,13:32:10,1545.55,1516.8,160,1574.1,200,0,840
FINNIFTY02JAN2419800CE.NFO,02/01/2024,13:32:16,1545.55,1517.4,40,1574.1,200,0,840
FINNIFTY02JAN2419800CE.NFO,02/01/2024,13:32:22,1545.55,1517.5,160,1574.1,200,0,840
FINNIFTY02JAN2419800CE.NFO,02/01/2024,13:32:54,1545.55,1517.65,160,1574.1,200,0,840
FINNIFTY02JAN2419800CE.NFO,02/01/2024,13:32:59,1545.55,1517.9,40,1574.1,200,0,840
FINNIFTY02JAN2419800CE.NFO,02/01/2024,13:33:04,1545.55,1518.5,160,1574.1,200,0,840
FINNIFTY02JAN2419800CE.NFO,02/01/2024,13:33:09,1545.55,1518.75,40,1574.1,200,0,840
FINNIFTY02JAN2419800CE.NFO,02/01/2024,13:33:14,1545.55,1519.05,160,1574.1,200,0,840
FINNIFTY02JAN2419800CE.NFO,02/01/2024,13:33:19,1545.55,1519.35,40,1574.1,200,0,840
FINNIFTY02JAN2419800CE.NFO,02/01/2024,13:33:24,1545.55,1519.65,40,1574.1,200,0,840
FINNIFTY02JAN2419800CE.NFO,02/01/2024,13:33:28,1545.55,1519.9,40,1574.1,200,0,840
FINNIFTY02JAN2419800CE.NFO,02/01/2024,13:33:32,1545.55,1520.9,40,1574.1,200,0,840
FINNIFTY02JAN2419800CE.NFO,02/01/2024,13:33:37,1545.55,1521.2,40,1574.1,200,0,840
FINNIFTY02JAN2419800CE.NFO,02/01/2024,13:33:42,1545.55,1521.3,400,1574.1,200,0,840
FINNIFTY02JAN2419800CE.NFO,02/01/2024,13:34:31,1545.55,1521.45,40,1574.1,200,0,840
FINNIFTY02JAN2419800CE.NFO,02/01/2024,13:34:38,1545.55,1521.75,40,1574.1,200,0,840
FINNIFTY02JAN2419800CE.NFO,02/01/2024,13:34:44,1545.55,1521.85,160,1574.1,200,0,840
FINNIFTY02JAN2419800CE.NFO,02/01/2024,13:34:50,1545.55,1522,40,1574.1,200,0,840
FINNIFTY02JAN2419800CE.NFO,02/01/2024,13:34:56,1545.55,1522.4,160,1574.1,200,0,840
FINNIFTY02JAN2419800CE.NFO,02/01/2024,13:35:03,1545.55,1522.7,160,1574.1,200,0,840
FINNIFTY02JAN2419800CE.NFO,02/01/2024,13:35:09,1545.55,1522.8,360,1574.1,200,0,840
FINNIFTY02JAN2419800CE.NFO,02/01/2024,13:36:32,1545.55,1522.95,160,1574.1,200,0,840
FINNIFTY02JAN2419800CE.NFO,02/01/2024,13:36:37,1545.55,1523.25,160,1574.1,200,0,840
FINNIFTY02JAN2419800CE.NFO,02/01/2024,13:36:42,1545.55,1524.1,160,1574.1,200,0,840
FINNIFTY02JAN2419800CE.NFO,02/01/2024,13:36:48,1545.55,1525.3,200,1574.1,200,0,840
FINNIFTY02JAN2419800CE.NFO,02/01/2024,13:36:54,1545.55,1525.5,160,1574.1,200,0,840
FINNIFTY02JAN2419800CE.NFO,02/01/2024,13:37:06,1545.55,1525.6,200,1573.9,160,0,840
FINNIFTY02JAN2419800CE.NFO,02/01/2024,13:37:11,1545.55,1525.8,160,1573.8,320,0,840
FINNIFTY02JAN2419800CE.NFO,02/01/2024,13:38:32,1545.55,1525.8,160,1573.45,40,0,840
FINNIFTY02JAN2419800CE.NFO,02/01/2024,13:38:38,1545.55,1525.8,160,1572.8,160,0,840
FINNIFTY02JAN2419800CE.NFO,02/01/2024,13:38:43,1545.55,1525.8,160,1572.7,360,0,840
FINNIFTY02JAN2419800CE.NFO,02/01/2024,13:40:05,1545.55,1525.8,160,1572.6,160,0,840
FINNIFTY02JAN2419800CE.NFO,02/01/2024,13:40:29,1545.55,1525.8,160,1572.55,160,0,840
FINNIFTY02JAN2419800CE.NFO,02/01/2024,13:40:33,1545.55,1525.8,160,1571.35,40,0,840
FINNIFTY02JAN2419800CE.NFO,02/01/2024,13:40:38,1545.55,1525.8,160,1570.45,160,0,840
FINNIFTY02JAN2419800CE.NFO,02/01/2024,13:40:41,1545.55,1525.8,160,1570.35,320,0,840
FINNIFTY02JAN2419800CE.NFO,02/01/2024,13:41:31,1545.55,1525.75,160,1570.35,320,0,840
FINNIFTY02JAN2419800CE.NFO,02/01/2024,13:42:01,1545.55,1525.75,160,1570.35,120,0,840
FINNIFTY02JAN2419800CE.NFO,02/01/2024,13:43:46,1545.55,1525.8,160,1569.85,40,0,840
FINNIFTY02JAN2419800CE.NFO,02/01/2024,13:43:51,1545.55,1525.8,160,1569.6,40,0,840
FINNIFTY02JAN2419800CE.NFO,02/01/2024,13:43:55,1545.55,1525.8,160,1568.4,40,0,840
FINNIFTY02JAN2419800CE.NFO,02/01/2024,13:43:59,1545.55,1525.8,160,1567.75,40,0,840
FINNIFTY02JAN2419800CE.NFO,02/01/2024,13:44:03,1545.55,1525.8,160,1567.45,40,0,840
FINNIFTY02JAN2419800CE.NFO,02/01/2024,13:44:08,1545.55,1525.8,160,1567.15,40,0,840
FINNIFTY02JAN2419800CE.NFO,02/01/2024,13:44:12,1545.55,1525.8,160,1566.9,160,0,840
FINNIFTY02JAN2419800CE.NFO,02/01/2024,13:44:16,1545.55,1525.8,160,1566.6,40,0,840
FINNIFTY02JAN2419800CE.NFO,02/01/2024,13:44:20,1545.55,1525.8,160,1566.3,40,0,840
FINNIFTY02JAN2419800CE.NFO,02/01/2024,13:44:24,1545.55,1525.8,160,1565.75,160,0,840
FINNIFTY02JAN2419800CE.NFO,02/01/2024,13:44:28,1545.55,1525.8,160,1565.45,40,0,840
FINNIFTY02JAN2419800CE.NFO,02/01/2024,13:44:32,1545.55,1525.8,160,1564.55,40,0,840
FINNIFTY02JAN2419800CE.NFO,02/01/2024,13:44:35,1545.55,1525.8,160,1564.15,40,0,840
FINNIFTY02JAN2419800CE.NFO,02/01/2024,13:44:39,1545.55,1525.8,160,1563.85,40,0,840
FINNIFTY02JAN2419800CE.NFO,02/01/2024,13:44:43,1545.55,1525.8,160,1563.55,40,0,840
FINNIFTY02JAN2419800CE.NFO,02/01/2024,13:44:47,1545.55,1525.8,160,1563.25,40,0,840
FINNIFTY02JAN2419800CE.NFO,02/01/2024,13:44:51,1545.55,1525.8,160,1562.65,40,0,840
FINNIFTY02JAN2419800CE.NFO,02/01/2024,13:44:55,1545.55,1525.8,160,1562.35,40,0,840
FINNIFTY02JAN2419800CE.NFO,02/01/2024,13:44:59,1545.55,1525.8,160,1562.05,40,0,840
FINNIFTY02JAN2419800CE.NFO,02/01/2024,13:45:02,1545.55,1525.8,160,1561.1,40,0,840
FINNIFTY02JAN2419800CE.NFO,02/01/2024,13:45:06,1545.55,1525.8,160,1560.7,40,0,840
FINNIFTY02JAN2419800CE.NFO,02/01/2024,13:45:11,1545.55,1525.8,160,1560.4,40,0,840
FINNIFTY02JAN2419800CE.NFO,02/01/2024,13:45:16,1545.55,1525.8,160,1560.15,40,0,840
FINNIFTY02JAN2419800CE.NFO,02/01/2024,13:45:21,1545.55,1525.8,160,1559.85,40,0,840
FINNIFTY02JAN2419800CE.NFO,02/01/2024,13:45:25,1545.55,1525.8,160,1559.8,200,0,840
FINNIFTY02JAN2419800CE.NFO,02/01/2024,13:45:53,1545.55,1525.8,160,1559.85,40,0,840
FINNIFTY02JAN2419800CE.NFO,02/01/2024,13:46:33,1545.55,1525.75,160,1559.9,160,0,840
FINNIFTY02JAN2419800CE.NFO,02/01/2024,13:48:50,1545.55,1525.8,160,1559.85,240,0,840
FINNIFTY02JAN2419800CE.NFO,02/01/2024,13:49:26,1545.55,1525.8,160,1559.6,40,0,840
FINNIFTY02JAN2419800CE.NFO,02/01/2024,13:50:34,1545.55,1525.8,160,1559.65,160,0,840
FINNIFTY02JAN2419800CE.NFO,02/01/2024,13:50:38,1545.55,1525.8,160,1559.6,160,0,840
FINNIFTY02JAN2419800CE.NFO,02/01/2024,13:51:00,1545.55,1525.8,160,1559.35,40,0,840
FINNIFTY02JAN2419800CE.NFO,02/01/2024,13:51:22,1545.55,1525.8,160,1559.3,240,0,840
FINNIFTY02JAN2419800CE.NFO,02/01/2024,13:51:34,1545.55,1525.8,160,1559.05,40,0,840
FINNIFTY02JAN2419800CE.NFO,02/01/2024,13:53:04,1545.55,1525.8,160,1559.05,160,0,840
FINNIFTY02JAN2419800CE.NFO,02/01/2024,13:54:17,1545.55,1525.8,160,1629.4,400,0,840
FINNIFTY02JAN2419800CE.NFO,02/01/2024,13:54:24,1545.55,1525.8,160,1627.2,400,0,840
FINNIFTY02JAN2419800CE.NFO,02/01/2024,13:54:29,1545.55,1525.8,160,1625.55,40,0,840
FINNIFTY02JAN2419800CE.NFO,02/01/2024,13:54:34,1545.55,1525.8,160,1625.05,120,0,840
FINNIFTY02JAN2419800CE.NFO,02/01/2024,13:54:39,1545.55,1525.8,160,1624.1,40,0,840
FINNIFTY02JAN2419800CE.NFO,02/01/2024,13:54:44,1545.55,1525.8,160,1623.65,40,0,840
FINNIFTY02JAN2419800CE.NFO,02/01/2024,13:55:06,1545.55,1525.8,160,1622.4,160,0,840
FINNIFTY02JAN2419800CE.NFO,02/01/2024,13:55:12,1545.55,1525.8,160,1621.4,200,0,840
FINNIFTY02JAN2419800CE.NFO,02/01/2024,13:55:17,1545.55,1525.8,160,1621.15,160,0,840
FINNIFTY02JAN2419800CE.NFO,02/01/2024,13:55:22,1545.55,1525.8,160,1620.85,160,0,840
FINNIFTY02JAN2419800CE.NFO,02/01/2024,13:55:27,1545.55,1525.8,160,1620.5,40,0,840
FINNIFTY02JAN2419800CE.NFO,02/01/2024,13:55:54,1545.55,1525.8,160,1619.1,200,0,840
FINNIFTY02JAN2419800CE.NFO,02/01/2024,13:55:58,1545.55,1525.8,160,1618.9,160,0,840
FINNIFTY02JAN2419800CE.NFO,02/01/2024,13:56:02,1545.55,1525.75,160,1618.9,160,0,840
FINNIFTY02JAN2419800CE.NFO,02/01/2024,13:57:02,1545.55,1525.75,160,1618.95,400,0,840
FINNIFTY02JAN2419800CE.NFO,02/01/2024,13:57:15,1545.55,1525.8,160,1618.9,200,0,840
FINNIFTY02JAN2419800CE.NFO,02/01/2024,13:57:37,1545.55,1525.8,160,1618.7,160,0,840
FINNIFTY02JAN2419800CE.NFO,02/01/2024,13:58:20,1545.55,1525.8,160,1617.8,40,0,840
FINNIFTY02JAN2419800CE.NFO,02/01/2024,13:58:43,1545.55,1525.8,160,1617.3,40,0,840
FINNIFTY02JAN2419800CE.NFO,02/01/2024,13:58:52,1545.55,1525.8,160,1616.6,400,0,840
FINNIFTY02JAN2419800CE.NFO,02/01/2024,13:58:58,1545.55,1525.8,160,1615.7,160,0,840
FINNIFTY02JAN2419800CE.NFO,02/01/2024,13:59:02,1545.55,1525.8,160,1615.35,40,0,840
FINNIFTY02JAN2419800CE.NFO,02/01/2024,14:00:02,1545.55,1525.8,160,1615.35,160,0,840
FINNIFTY02JAN2419800CE.NFO,02/01/2024,14:03:05,1545.55,1525.8,160,1615.4,160,0,840
FINNIFTY02JAN2419800CE.NFO,02/01/2024,14:03:25,1545.55,1525.8,160,1615.35,160,0,840
FINNIFTY02JAN2419800CE.NFO,02/01/2024,14:04:01,1545.55,1525.8,160,1615.3,400,0,840
FINNIFTY02JAN2419800CE.NFO,02/01/2024,14:04:11,1545.55,1525.8,160,1614.95,400,0,840
FINNIFTY02JAN2419800CE.NFO,02/01/2024,14:04:17,1545.55,1525.8,160,1612.7,160,0,840
FINNIFTY02JAN2419800CE.NFO,02/01/2024,14:05:33,1545.55,1525.8,160,1612.75,160,0,840
FINNIFTY02JAN2419800CE.NFO,02/01/2024,14:06:03,1545.55,1525.75,160,1612.75,160,0,840
FINNIFTY02JAN2419800CE.NFO,02/01/2024,14:07:31,1545.55,1525.8,160,1612.35,240,0,840
FINNIFTY02JAN2419800CE.NFO,02/01/2024,14:07:35,1545.55,1525.8,160,1612.15,40,0,840
FINNIFTY02JAN2419800CE.NFO,02/01/2024,14:09:02,1545.55,1525.75,160,1612.2,160,0,840
FINNIFTY02JAN2419800CE.NFO,02/01/2024,14:13:02,1545.55,1525.85,400,1612.15,160,0,840
FINNIFTY02JAN2419800CE.NFO,02/01/2024,14:13:09,1545.55,1527,400,1612.15,160,0,840
FINNIFTY02JAN2419800CE.NFO,02/01/2024,14:13:17,1545.55,1527.5,400,1612.15,160,0,840
FINNIFTY02JAN2419800CE.NFO,02/01/2024,14:13:37,1545.55,1527.95,400,1612.15,160,0,840
FINNIFTY02JAN2419800CE.NFO,02/01/2024,14:13:43,1545.55,1528.65,40,1612.15,160,0,840
FINNIFTY02JAN2419800CE.NFO,02/01/2024,14:14:09,1545.55,1530.65,160,1612.15,160,0,840
FINNIFTY02JAN2419800CE.NFO,02/01/2024,14:19:24,1545.55,1531.05,40,1611.8,240,0,840
FINNIFTY02JAN2419800CE.NFO,02/01/2024,14:19:32,1545.55,1532,160,1611.8,240,0,840
FINNIFTY02JAN2419800CE.NFO,02/01/2024,14:19:39,1545.55,1533.3,40,1611.8,240,0,840
FINNIFTY02JAN2419800CE.NFO,02/01/2024,14:19:47,1545.55,1533.7,40,1611.8,240,0,840
FINNIFTY02JAN2419800CE.NFO,02/01/2024,14:20:31,1545.55,1533.7,40,1611.65,40,0,840
FINNIFTY02JAN2419800CE.NFO,02/01/2024,14:20:38,1545.55,1533.7,40,1610.45,160,0,840
FINNIFTY02JAN2419800CE.NFO,02/01/2024,14:20:44,1545.55,1533.7,40,1609.5,40,0,840
FINNIFTY02JAN2419800CE.NFO,02/01/2024,14:20:49,1545.55,1533.7,40,1608.5,40,0,840
FINNIFTY02JAN2419800CE.NFO,02/01/2024,14:20:55,1545.55,1533.7,40,1607.65,160,0,840
FINNIFTY02JAN2419800CE.NFO,02/01/2024,14:21:01,1545.55,1533.65,240,1606.95,40,0,840
FINNIFTY02JAN2419800CE.NFO,02/01/2024,14:21:19,1545.55,1533.7,240,1606.95,40,0,840
FINNIFTY02JAN2419800CE.NFO,02/01/2024,14:22:04,1545.55,1533.7,240,1607,160,0,840
FINNIFTY02JAN2419800CE.NFO,02/01/2024,14:22:30,1545.55,1533.7,240,1606.95,160,0,840
FINNIFTY02JAN2419800CE.NFO,02/01/2024,14:23:35,1545.55,1533.7,240,1607,160,0,840
FINNIFTY02JAN2419800CE.NFO,02/01/2024,14:23:47,1545.55,1533.7,240,1606.95,160,0,840
FINNIFTY02JAN2419800CE.NFO,02/01/2024,14:25:01,1545.55,1533.7,240,1607,160,0,840
FINNIFTY02JAN2419800CE.NFO,02/01/2024,14:25:35,1545.55,1533.7,240,1606.95,160,0,840
FINNIFTY02JAN2419800CE.NFO,02/01/2024,14:32:44,1545.55,1533.75,160,1606.95,320,0,840
FINNIFTY02JAN2419800CE.NFO,02/01/2024,14:34:03,1545.55,1533.7,160,1606.95,160,0,840
FINNIFTY02JAN2419800CE.NFO,02/01/2024,14:34:16,1545.55,1533.75,160,1606.1,40,0,840
FINNIFTY02JAN2419800CE.NFO,02/01/2024,14:34:22,1545.55,1533.75,160,1605.5,40,0,840
FINNIFTY02JAN2419800CE.NFO,02/01/2024,14:34:35,1545.55,1533.75,160,1604.5,40,0,840
FINNIFTY02JAN2419800CE.NFO,02/01/2024,14:34:42,1545.55,1533.75,160,1603.5,40,0,840
FINNIFTY02JAN2419800CE.NFO,02/01/2024,14:34:48,1545.55,1533.75,160,1602.5,40,0,840
FINNIFTY02JAN2419800CE.NFO,02/01/2024,14:34:54,1545.55,1533.75,160,1601.25,40,0,840
FINNIFTY02JAN2419800CE.NFO,02/01/2024,14:35:00,1545.55,1533.75,160,1600.65,40,0,840
FINNIFTY02JAN2419800CE.NFO,02/01/2024,14:36:03,1545.55,1533.75,160,1600.7,240,0,840
FINNIFTY02JAN2419800CE.NFO,02/01/2024,14:36:21,1545.55,1533.75,160,1600.65,240,0,840
FINNIFTY02JAN2419800CE.NFO,02/01/2024,14:40:04,1545.55,1533.7,160,1600.65,240,0,840
FINNIFTY02JAN2419800CE.NFO,02/01/2024,14:40:33,1545.55,1533.7,160,1600.7,240,0,840
FINNIFTY02JAN2419800CE.NFO,02/01/2024,14:50:35,1545.55,1534.05,160,1600.4,40,0,840
FINNIFTY02JAN2419800CE.NFO,02/01/2024,14:52:01,1545.55,1534,160,1600.45,240,0,840
FINNIFTY02JAN2419800CE.NFO,02/01/2024,14:59:33,1545.55,1534.05,160,1600.45,240,0,840
FINNIFTY02JAN2419800CE.NFO,02/01/2024,14:59:41,1545.55,1534.05,160,1600.5,240,0,840
FINNIFTY02JAN2419800CE.NFO,02/01/2024,15:00:05,1545.55,1534.15,240,1600.4,240,0,840
FINNIFTY02JAN2419800CE.NFO,02/01/2024,15:00:13,1545.55,1534.05,160,1600.45,240,0,840
FINNIFTY02JAN2419800CE.NFO,02/01/2024,15:01:28,1545.55,1553.85,120,1562.3,160,0,840
FINNIFTY02JAN2419800CE.NFO,02/01/2024,15:01:44,1545.55,1551.75,160,1560.05,160,0,840
FINNIFTY02JAN2419800CE.NFO,02/01/2024,15:01:51,1545.55,1552.75,120,1560.05,160,0,840
FINNIFTY02JAN2419800CE.NFO,02/01/2024,15:02:00,1545.55,1554.45,120,1562.45,160,0,840
FINNIFTY02JAN2419800CE.NFO,02/01/2024,15:02:08,1545.55,1555.65,160,1562.45,160,0,840
FINNIFTY02JAN2419800CE.NFO,02/01/2024,15:02:15,1545.55,1559.15,120,1565.2,520,0,840
FINNIFTY02JAN2419800CE.NFO,02/01/2024,15:02:23,1545.55,1557.7,120,1565.1,240,0,840
FINNIFTY02JAN2419800CE.NFO,02/01/2024,15:02:31,1545.55,1555.4,120,1563.65,240,0,840
FINNIFTY02JAN2419800CE.NFO,02/01/2024,15:02:39,1545.55,1556.4,120,1563.65,240,0,840
FINNIFTY02JAN2419800CE.NFO,02/01/2024,15:02:46,1545.55,1557.5,120,1563.65,240,0,840
FINNIFTY02JAN2419800CE.NFO,02/01/2024,15:03:22,1545.55,1558.85,120,1563.65,240,0,840
FINNIFTY02JAN2419800CE.NFO,02/01/2024,15:03:29,1545.55,1556.6,120,1563.6,240,0,840
FINNIFTY02JAN2419800CE.NFO,02/01/2024,15:03:51,1545.55,1558.5,120,1563.7,160,0,840
FINNIFTY02JAN2419800CE.NFO,02/01/2024,15:03:57,1545.55,1559,120,1563.7,160,0,840
FINNIFTY02JAN2419800CE.NFO,02/01/2024,15:04:05,1545.55,1561.5,120,1570.2,160,0,840
FINNIFTY02JAN2419800CE.NFO,02/01/2024,15:04:21,1545.55,1560.35,120,1567,160,0,840
FINNIFTY02JAN2419800CE.NFO,02/01/2024,15:04:37,1545.55,1558.05,120,1566.3,160,0,840
FINNIFTY02JAN2419800CE.NFO,02/01/2024,15:04:51,1545.55,1560.8,120,1566.3,160,0,840
FINNIFTY02JAN2419800CE.NFO,02/01/2024,15:04:59,1545.55,1562.5,120,1568.55,160,0,840
FINNIFTY02JAN2419800CE.NFO,02/01/2024,15:05:08,1545.55,1563.1,120,1568.55,240,0,840
FINNIFTY02JAN2419800CE.NFO,02/01/2024,15:05:32,1545.55,1560.4,120,1568.5,240,0,840
FINNIFTY02JAN2419800CE.NFO,02/01/2024,15:06:12,1545.55,1559.7,120,1566.85,160,0,840
FINNIFTY02JAN2419800CE.NFO,02/01/2024,15:06:20,1545.55,1555.3,160,1563.25,160,0,840
FINNIFTY02JAN2419800CE.NFO,02/01/2024,15:06:29,1545.55,1550.85,160,1562.75,160,0,840
FINNIFTY02JAN2419800CE.NFO,02/01/2024,15:06:52,1545.55,1553.8,120,1562.4,120,0,840
FINNIFTY02JAN2419800CE.NFO,02/01/2024,15:07:00,1545.55,1554.9,120,1562.3,160,0,840
FINNIFTY02JAN2419800CE.NFO,02/01/2024,15:07:08,1545.55,1552.7,160,1559.75,160,0,840
FINNIFTY02JAN2419800CE.NFO,02/01/2024,15:07:17,1545.55,1550.6,160,1559.15,160,0,840
FINNIFTY02JAN2419800CE.NFO,02/01/2024,15:07:26,1545.55,1550.25,320,1555,120,0,840
FINNIFTY02JAN2419800CE.NFO,02/01/2024,15:07:35,1545.55,1550.25,320,1554.9,240,0,840
FINNIFTY02JAN2419800CE.NFO,02/01/2024,15:07:45,1550.25,1534.75,120,1554.85,240,320,800
FINNIFTY02JAN2419800CE.NFO,02/01/2024,15:07:55,1550.25,1534.85,160,1554.85,240,0,800
FINNIFTY02JAN2419800CE.NFO,02/01/2024,15:08:05,1550.25,1534.85,160,1547.5,160,0,800
FINNIFTY02JAN2419800CE.NFO,02/01/2024,15:08:16,1550.25,1534.85,160,1824.1,1760,0,800
FINNIFTY02JAN2419800CE.NFO,02/01/2024,15:08:26,1550.25,1538.1,120,1824.05,400,0,800
FINNIFTY02JAN2419800CE.NFO,02/01/2024,15:08:34,1550.25,1538.1,120,1824,1600,0,800
FINNIFTY02JAN2419800CE.NFO,02/01/2024,15:08:52,1550.25,1538.1,240,1823.75,160,0,800
FINNIFTY02JAN2419800CE.NFO,02/01/2024,15:09:02,1550.25,1538.05,160,1823.15,240,0,800
FINNIFTY02JAN2419800CE.NFO,02/01/2024,15:09:12,1550.25,1538.15,240,1822.9,400,0,800
FINNIFTY02JAN2419800CE.NFO,02/01/2024,15:09:21,1550.25,1538.15,240,1822.35,1600,0,800
FINNIFTY02JAN2419800CE.NFO,02/01/2024,15:09:30,1550.25,1538.1,240,1822.15,1600,0,800
FINNIFTY02JAN2419800CE.NFO,02/01/2024,15:09:41,1550.25,1538.05,160,1821.6,160,0,800
FINNIFTY02JAN2419800CE.NFO,02/01/2024,15:09:52,1550.25,1538.05,160,1820.7,160,0,800
FINNIFTY02JAN2419800CE.NFO,02/01/2024,15:10:02,1550.25,1538.05,160,1820.5,160,0,800
FINNIFTY02JAN2419800CE.NFO,02/01/2024,15:10:13,1550.25,1538,160,1820.45,1600,0,800
FINNIFTY02JAN2419800CE.NFO,02/01/2024,15:10:33,1550.25,1531.2,240,1820.45,1600,0,800
FINNIFTY02JAN2419800CE.NFO,02/01/2024,15:10:45,1550.25,1531.25,160,1820.45,1600,0,800
FINNIFTY02JAN2419800CE.NFO,02/01/2024,15:11:05,1550.25,1534.3,240,1819.8,1600,0,800
FINNIFTY02JAN2419800CE.NFO,02/01/2024,15:11:15,1550.25,1536.95,120,1818.6,160,0,800
FINNIFTY02JAN2419800CE.NFO,02/01/2024,15:11:24,1550.25,1538.7,120,1817.35,160,0,800
FINNIFTY02JAN2419800CE.NFO,02/01/2024,15:11:34,1550.25,1539.85,40,1816.5,40,0,800
FINNIFTY02JAN2419800CE.NFO,02/01/2024,15:11:44,1550.25,1540.3,160,1816,1600,0,800
FINNIFTY02JAN2419800CE.NFO,02/01/2024,15:12:30,1550.25,1474.45,240,1816,1600,0,800
FINNIFTY02JAN2419800CE.NFO,02/01/2024,15:12:40,1550.25,1474.55,160,1815.65,400,0,800
FINNIFTY02JAN2419800CE.NFO,02/01/2024,15:12:49,1550.25,1474.55,160,1815.4,1600,0,800
FINNIFTY02JAN2419800CE.NFO,02/01/2024,15:13:00,1550.25,1474.65,40,1815.05,40,0,800
FINNIFTY02JAN2419800CE.NFO,02/01/2024,15:13:10,1550.25,1474.65,40,1813.95,160,0,800
FINNIFTY02JAN2419800CE.NFO,02/01/2024,15:13:21,1550.25,1474.65,40,1813.65,160,0,800
FINNIFTY02JAN2419800CE.NFO,02/01/2024,15:13:49,1550.25,1474.65,40,1813.55,400,0,800
FINNIFTY02JAN2419800CE.NFO,02/01/2024,15:13:58,1550.25,1474.7,160,1813.05,40,0,800
FINNIFTY02JAN2419800CE.NFO,02/01/2024,15:14:08,1550.25,1474.75,160,1812.75,40,0,800
FINNIFTY02JAN2419800CE.NFO,02/01/2024,15:14:26,1550.25,1474.75,160,1549.15,240,0,800
FINNIFTY02JAN2419800CE.NFO,02/01/2024,15:14:36,1550.25,1474.75,160,1548.9,40,0,800
FINNIFTY02JAN2419800CE.NFO,02/01/2024,15:14:45,1550.25,1474.75,160,1550.65,280,0,800
FINNIFTY02JAN2419800CE.NFO,02/01/2024,15:14:53,1550.25,1474.75,160,1550.95,280,0,800
FINNIFTY02JAN2419800CE.NFO,02/01/2024,15:15:01,1550.25,1475.05,160,1550.55,40,0,800
FINNIFTY02JAN2419800CE.NFO,02/01/2024,15:15:09,1550.25,1475.05,160,1550.85,160,0,800
FINNIFTY02JAN2419800CE.NFO,02/01/2024,15:15:18,1550.25,1475.05,160,1552.25,160,0,800
FINNIFTY02JAN2419800CE.NFO,02/01/2024,15:15:27,1550.25,1475.05,160,1550.2,120,0,800
FINNIFTY02JAN2419800CE.NFO,02/01/2024,15:15:35,1550.25,1475.15,240,1549.4,160,0,800
FINNIFTY02JAN2419800CE.NFO,02/01/2024,15:15:43,1550.25,1475.15,240,1549,240,0,800
FINNIFTY02JAN2419800CE.NFO,02/01/2024,15:15:51,1550.25,1475.15,240,1548.25,160,0,800
FINNIFTY02JAN2419800CE.NFO,02/01/2024,15:16:00,1550.25,1475.15,240,1547.2,120,0,800
FINNIFTY02JAN2419800CE.NFO,02/01/2024,15:16:08,1550.25,1475.15,240,1549.35,160,0,800
FINNIFTY02JAN2419800CE.NFO,02/01/2024,15:16:18,1550.25,1475.35,160,1551.45,240,0,800
FINNIFTY02JAN2419800CE.NFO,02/01/2024,15:16:27,1550.25,1475.35,160,1549.4,400,0,800
FINNIFTY02JAN2419800CE.NFO,02/01/2024,15:16:37,1550.25,1475.35,160,1549.4,160,0,800
FINNIFTY02JAN2419800CE.NFO,02/01/2024,15:16:47,1550.25,1475.35,160,1551.4,640,0,800
FINNIFTY02JAN2419800CE.NFO,02/01/2024,15:16:56,1550.25,1475.45,120,1549.95,160,0,800
FINNIFTY02JAN2419800CE.NFO,02/01/2024,15:17:51,1550.25,1475.45,120,1778.1,160,0,800
FINNIFTY02JAN2419800CE.NFO,02/01/2024,15:18:08,1550.25,1475.75,40,1777.8,160,0,800
FINNIFTY02JAN2419800CE.NFO,02/01/2024,15:18:32,1550.25,1475.75,40,1777.5,240,0,800
FINNIFTY02JAN2419800CE.NFO,02/01/2024,15:18:41,1550.25,1476.05,40,1777.2,160,0,800
FINNIFTY02JAN2419800CE.NFO,02/01/2024,15:19:55,1550.25,1476.35,40,1776.6,160,0,800
FINNIFTY02JAN2419800CE.NFO,02/01/2024,15:20:03,1550.25,1476.35,40,1776.3,160,0,800
FINNIFTY02JAN2419800CE.NFO,02/01/2024,15:20:38,1550.25,1476.35,120,1776.3,160,0,800
FINNIFTY02JAN2419800CE.NFO,02/01/2024,15:23:32,1550.25,1476.3,120,1776.3,160,0,800
FINNIFTY02JAN2419800CE.NFO,02/01/2024,15:24:09,1550.25,1476.35,120,1776.3,160,0,800
FINNIFTY02JAN2419800CE.NFO,02/01/2024,15:24:48,1550.25,1477.4,160,1776.3,160,0,800
FINNIFTY02JAN2419800CE.NFO,02/01/2024,15:25:27,1550.25,1477.4,160,1775.7,40,0,800
FINNIFTY02JAN2419800CE.NFO,02/01/2024,15:25:37,1550.25,1477.4,160,1774.7,160,0,800
FINNIFTY02JAN2419800CE.NFO,02/01/2024,15:25:47,1550.25,1477.3,40,1774.25,1600,0,800
FINNIFTY02JAN2419800CE.NFO,02/01/2024,15:25:58,1550.25,1477.25,40,1774.25,1600,0,800
FINNIFTY02JAN2419800CE.NFO,02/01/2024,15:27:15,1550.25,1457.85,240,1774.2,240,0,800
FINNIFTY02JAN2419800CE.NFO,02/01/2024,15:27:23,1550.25,1457.85,240,1774.15,1600,0,800
FINNIFTY02JAN2419800CE.NFO,02/01/2024,15:27:41,1550.25,1457.75,1600,1774.15,1600,0,800
