Ticker,Date,Time,LTP,BuyPrice,BuyQty,SellPrice,SellQty,LTQ,OpenInterest
FINNIFTY02JAN2420150CE.NFO,02/01/2024,10:08:11,1233.55,1203.25,120,1231.75,120,80,0
FINNIFTY02JAN2420150CE.NFO,02/01/2024,10:08:11,1233.55,1203.25,120,1231.75,120,0,0
FINNIFTY02JAN2420150CE.NFO,02/01/2024,10:08:11,1233.55,1203.25,120,1231.75,120,0,0
FINNIFTY02JAN2420150CE.NFO,02/01/2024,10:08:11,1233.55,1203.25,120,1231.75,120,0,0
FINNIFTY02JAN2420150CE.NFO,02/01/2024,10:08:22,1233.55,1203.3,120,1227.75,120,0,0
FINNIFTY02JAN2420150CE.NFO,02/01/2024,10:08:33,1233.55,1203.4,80,1227.35,120,0,0
FINNIFTY02JAN2420150CE.NFO,02/01/2024,10:08:44,1233.55,1203.35,280,1225.5,240,0,0
FINNIFTY02JAN2420150CE.NFO,02/01/2024,10:08:56,1233.55,1203.4,200,1222.05,120,0,0
FINNIFTY02JAN2420150CE.NFO,02/01/2024,10:09:07,1233.55,1203.4,200,1228.15,120,0,0
FINNIFTY02JAN2420150CE.NFO,02/01/2024,10:09:19,1233.55,1203.4,200,1233.05,120,0,0
FINNIFTY02JAN2420150CE.NFO,02/01/2024,10:09:30,1233.55,1211,200,1230.95,320,0,0
FINNIFTY02JAN2420150CE.NFO,02/01/2024,10:09:42,1233.55,1211.05,80,1230.85,120,0,0
FINNIFTY02JAN2420150CE.NFO,02/01/2024,10:10:04,1233.55,1211.1,80,1224.6,440,0,0
FINNIFTY02JAN2420150CE.NFO,02/01/2024,10:10:15,1233.55,1211.1,80,1226.85,200,0,0
FINNIFTY02JAN2420150CE.NFO,02/01/2024,10:10:26,1233.55,1210.9,120,1221.4,200,0,0
FINNIFTY02JAN2420150CE.NFO,02/01/2024,10:10:38,1233.55,1210.9,120,1232.55,240,0,0
FINNIFTY02JAN2420150CE.NFO,02/01/2024,10:10:49,1233.55,1210.9,120,1225.1,120,0,0
FINNIFTY02JAN2420150CE.NFO,02/01/2024,10:11:01,1233.55,1211.05,200,1223.1,240,0,0
FINNIFTY02JAN2420150CE.NFO,02/01/2024,10:11:12,1233.55,1211.1,240,1230.95,120,0,0
FINNIFTY02JAN2420150CE.NFO,02/01/2024,10:11:23,1233.55,1211.2,160,1230.5,240,0,0
FINNIFTY02JAN2420150CE.NFO,02/01/2024,10:11:33,1233.55,1208.75,80,1226.1,200,0,0
FINNIFTY02JAN2420150CE.NFO,02/01/2024,10:11:44,1233.55,1206.65,120,1220.15,240,0,0
FINNIFTY02JAN2420150CE.NFO,02/01/2024,10:11:55,1233.55,1206.65,200,1218.65,120,0,0
FINNIFTY02JAN2420150CE.NFO,02/01/2024,10:12:05,1233.55,1206.65,200,1227.45,120,0,0
FINNIFTY02JAN2420150CE.NFO,02/01/2024,10:12:15,1233.55,1206.65,200,1219.5,120,0,0
FINNIFTY02JAN2420150CE.NFO,02/01/2024,10:12:26,1233.55,1206.65,200,1221.1,120,0,0
FINNIFTY02JAN2420150CE.NFO,02/01/2024,10:12:36,1233.55,1206.65,200,1219.7,240,0,0
FINNIFTY02JAN2420150CE.NFO,02/01/2024,10:12:48,1233.55,1195.7,80,1215.35,440,0,0
FINNIFTY02JAN2420150CE.NFO,02/01/2024,10:12:59,1233.55,1195.75,80,1214.9,120,0,0
FINNIFTY02JAN2420150CE.NFO,02/01/2024,10:13:10,1233.55,1195.75,80,1214.4,120,0,0
FINNIFTY02JAN2420150CE.NFO,02/01/2024,10:13:21,1233.55,1195.75,80,1214.3,200,0,0
FINNIFTY02JAN2420150CE.NFO,02/01/2024,10:13:53,1233.55,1195.75,80,1213.75,120,0,0
FINNIFTY02JAN2420150CE.NFO,02/01/2024,10:14:03,1233.55,1195.75,80,1226.25,120,0,0
FINNIFTY02JAN2420150CE.NFO,02/01/2024,10:14:14,1233.55,1195.75,80,1222.7,320,0,0
FINNIFTY02JAN2420150CE.NFO,02/01/2024,10:14:24,1233.55,1195.75,80,1219.85,320,0,0
FINNIFTY02JAN2420150CE.NFO,02/01/2024,10:14:34,1233.55,1195.75,80,1219.6,200,0,0
FINNIFTY02JAN2420150CE.NFO,02/01/2024,10:14:45,1233.55,1195.75,80,1223.85,240,0,0
FINNIFTY02JAN2420150CE.NFO,02/01/2024,10:14:56,1233.55,1195.75,80,1223.75,200,0,0
FINNIFTY02JAN2420150CE.NFO,02/01/2024,10:15:06,1233.55,1206.8,120,1222.35,120,0,0
FINNIFTY02JAN2420150CE.NFO,02/01/2024,10:15:16,1233.55,1206.9,160,1216.45,120,0,0
FINNIFTY02JAN2420150CE.NFO,02/01/2024,10:15:26,1233.55,1206.9,160,1215.65,120,0,0
FINNIFTY02JAN2420150CE.NFO,02/01/2024,10:15:36,1233.55,1206.9,120,1213.75,120,0,0
FINNIFTY02JAN2420150CE.NFO,02/01/2024,10:15:47,1233.55,1207,80,1216.45,440,0,0
FINNIFTY02JAN2420150CE.NFO,02/01/2024,10:15:57,1233.55,1207,80,1217.5,120,0,0
FINNIFTY02JAN2420150CE.NFO,02/01/2024,10:16:07,1233.55,1207,80,1216.1,200,0,0
FINNIFTY02JAN2420150CE.NFO,02/01/2024,10:16:18,1233.55,1207.2,120,1217.25,120,0,0
FINNIFTY02JAN2420150CE.NFO,02/01/2024,10:16:28,1233.55,1207.3,80,1217.35,80,0,0
FINNIFTY02JAN2420150CE.NFO,02/01/2024,10:16:38,1233.55,1207.3,80,1217.3,200,0,0
FINNIFTY02JAN2420150CE.NFO,02/01/2024,10:16:48,1233.55,1205.05,560,1215.3,200,0,0
FINNIFTY02JAN2420150CE.NFO,02/01/2024,10:16:59,1233.55,1200.9,120,1208.45,200,0,0
FINNIFTY02JAN2420150CE.NFO,02/01/2024,10:17:10,1233.55,1194.4,200,1207.9,120,0,0
FINNIFTY02JAN2420150CE.NFO,02/01/2024,10:17:21,1233.55,1194.35,200,1205.1,240,0,0
FINNIFTY02JAN2420150CE.NFO,02/01/2024,10:17:30,1233.55,1187.85,240,1203.85,120,0,0
FINNIFTY02JAN2420150CE.NFO,02/01/2024,10:17:32,1233.55,1188.25,240,1202.65,120,0,0
FINNIFTY02JAN2420150CE.NFO,02/01/2024,10:17:33,1233.55,1188.45,240,1202.55,120,0,0
FINNIFTY02JAN2420150CE.NFO,02/01/2024,10:17:35,1233.55,1188.7,240,1209.8,240,0,0
FINNIFTY02JAN2420150CE.NFO,02/01/2024,10:17:37,1233.55,1188.95,200,1209.35,120,0,0
FINNIFTY02JAN2420150CE.NFO,02/01/2024,10:17:38,1233.55,1189.05,80,1209.15,120,0,0
FINNIFTY02JAN2420150CE.NFO,02/01/2024,10:17:40,1233.55,1189.05,80,1206.6,240,0,0
FINNIFTY02JAN2420150CE.NFO,02/01/2024,10:17:42,1233.55,1189.05,80,1205.8,120,0,0
FINNIFTY02JAN2420150CE.NFO,02/01/2024,10:17:43,1233.55,1189.05,80,1205.6,240,0,0
FINNIFTY02JAN2420150CE.NFO,02/01/2024,10:17:47,1233.55,1189.05,80,1205.65,440,0,0
FINNIFTY02JAN2420150CE.NFO,02/01/2024,10:17:50,1233.55,1189.05,80,1204.75,240,0,0
FINNIFTY02JAN2420150CE.NFO,02/01/2024,10:17:52,1233.55,1189.05,80,1204.65,200,0,0
FINNIFTY02JAN2420150CE.NFO,02/01/2024,10:17:53,1233.55,1189.05,80,1204.7,240,0,0
FINNIFTY02JAN2420150CE.NFO,02/01/2024,10:17:57,1233.55,1189.05,80,1204.05,120,0,0
FINNIFTY02JAN2420150CE.NFO,02/01/2024,10:17:58,1233.55,1189.05,80,1205.2,320,0,0
FINNIFTY02JAN2420150CE.NFO,02/01/2024,10:18:00,1233.55,1189.05,80,1207,520,0,0
FINNIFTY02JAN2420150CE.NFO,02/01/2024,10:18:02,1233.55,1189.05,80,1206.9,120,0,0
FINNIFTY02JAN2420150CE.NFO,02/01/2024,10:18:03,1233.55,1189.05,80,1206.75,120,0,0
FINNIFTY02JAN2420150CE.NFO,02/01/2024,10:18:05,1233.55,1189.05,80,1205.65,120,0,0
FINNIFTY02JAN2420150CE.NFO,02/01/2024,10:18:07,1233.55,1189.05,80,1205.3,200,0,0
FINNIFTY02JAN2420150CE.NFO,02/01/2024,10:18:08,1233.55,1189.05,80,1206.5,680,0,0
FINNIFTY02JAN2420150CE.NFO,02/01/2024,10:18:10,1233.55,1189.05,80,1206.5,600,0,0
FINNIFTY02JAN2420150CE.NFO,02/01/2024,10:18:13,1233.55,1189.05,80,1212.05,800,0,0
FINNIFTY02JAN2420150CE.NFO,02/01/2024,10:18:20,1233.55,1189.05,80,1210.05,200,0,0
FINNIFTY02JAN2420150CE.NFO,02/01/2024,10:18:22,1233.55,1189.05,80,1209.95,80,0,0
FINNIFTY02JAN2420150CE.NFO,02/01/2024,10:18:25,1233.55,1194.7,120,1207.95,120,0,0
FINNIFTY02JAN2420150CE.NFO,02/01/2024,10:18:27,1233.55,1194.8,80,1207.85,80,0,0
FINNIFTY02JAN2420150CE.NFO,02/01/2024,10:18:31,1233.55,1194.55,120,1206.85,80,0,0
FINNIFTY02JAN2420150CE.NFO,02/01/2024,10:18:40,1233.55,1192.25,200,1205.7,120,0,0
FINNIFTY02JAN2420150CE.NFO,02/01/2024,10:18:50,1233.55,1192.25,200,1205.6,80,0,0
FINNIFTY02JAN2420150CE.NFO,02/01/2024,10:19:20,1233.55,1190,680,1205.6,80,0,0
FINNIFTY02JAN2420150CE.NFO,02/01/2024,10:19:30,1233.55,1190.05,200,1202.5,120,0,0
FINNIFTY02JAN2420150CE.NFO,02/01/2024,10:19:40,1233.55,1190.05,200,1210.4,800,0,0
FINNIFTY02JAN2420150CE.NFO,02/01/2024,10:20:28,1233.55,1194.35,80,1210.4,800,0,0
FINNIFTY02JAN2420150CE.NFO,02/01/2024,10:20:38,1233.55,1194.45,80,1210.4,800,0,0
FINNIFTY02JAN2420150CE.NFO,02/01/2024,10:21:06,1233.55,1194.25,120,1208.25,80,0,0
FINNIFTY02JAN2420150CE.NFO,02/01/2024,10:21:16,1233.55,1192.05,120,1208.15,80,0,0
FINNIFTY02JAN2420150CE.NFO,02/01/2024,10:21:26,1233.55,1192.05,120,1215.7,200,0,0
FINNIFTY02JAN2420150CE.NFO,02/01/2024,10:21:38,1233.55,1192.05,120,1215.65,200,0,0
FINNIFTY02JAN2420150CE.NFO,02/01/2024,10:22:07,1233.55,1192.05,120,1210.8,120,0,0
FINNIFTY02JAN2420150CE.NFO,02/01/2024,10:22:17,1233.55,1192.05,120,1210.7,80,0,0
FINNIFTY02JAN2420150CE.NFO,02/01/2024,10:22:27,1233.55,1194.8,200,1207.9,200,0,0
FINNIFTY02JAN2420150CE.NFO,02/01/2024,10:22:37,1233.55,1194.9,80,1207.8,80,0,0
FINNIFTY02JAN2420150CE.NFO,02/01/2024,10:22:47,1233.55,1194.75,120,1207.8,80,0,0
FINNIFTY02JAN2420150CE.NFO,02/01/2024,10:22:57,1233.55,1192.55,800,1207.8,80,0,0
FINNIFTY02JAN2420150CE.NFO,02/01/2024,10:23:07,1233.55,1192.55,800,1205.25,120,0,0
FINNIFTY02JAN2420150CE.NFO,02/01/2024,10:23:17,1233.55,1192.55,800,1205.15,80,0,0
FINNIFTY02JAN2420150CE.NFO,02/01/2024,10:23:28,1233.55,1192.7,200,1205.15,80,0,0
FINNIFTY02JAN2420150CE.NFO,02/01/2024,10:23:59,1233.55,1190.45,200,1205.15,80,0,0
FINNIFTY02JAN2420150CE.NFO,02/01/2024,10:24:40,1233.55,1190.45,200,1205.15,200,0,0
FINNIFTY02JAN2420150CE.NFO,02/01/2024,10:25:21,1233.55,1190.45,200,1208.7,800,0,0
FINNIFTY02JAN2420150CE.NFO,02/01/2024,10:26:32,1233.55,1190.45,200,1208.65,200,0,0
FINNIFTY02JAN2420150CE.NFO,02/01/2024,10:26:43,1233.55,1190.55,200,1208.65,200,0,0
FINNIFTY02JAN2420150CE.NFO,02/01/2024,10:26:54,1233.55,1190.6,200,1208.65,200,0,0
FINNIFTY02JAN2420150CE.NFO,02/01/2024,10:27:27,1233.55,1192.25,120,1208.65,200,0,0
FINNIFTY02JAN2420150CE.NFO,02/01/2024,10:27:37,1233.55,1192.35,80,1208.65,200,0,0
FINNIFTY02JAN2420150CE.NFO,02/01/2024,10:27:47,1233.55,1192.35,80,1213,800,0,0
FINNIFTY02JAN2420150CE.NFO,02/01/2024,10:28:36,1233.55,1192.35,200,1213,800,0,0
FINNIFTY02JAN2420150CE.NFO,02/01/2024,10:29:02,1233.55,1192.35,200,1212.95,200,0,0
FINNIFTY02JAN2420150CE.NFO,02/01/2024,10:30:22,1233.55,1192.35,200,1217.2,120,0,0
FINNIFTY02JAN2420150CE.NFO,02/01/2024,10:30:31,1233.55,1201.3,120,1217.15,120,0,0
FINNIFTY02JAN2420150CE.NFO,02/01/2024,10:30:41,1233.55,1201.4,80,1221.5,200,0,0
FINNIFTY02JAN2420150CE.NFO,02/01/2024,10:30:50,1233.55,1201.4,80,1220.1,80,0,0
FINNIFTY02JAN2420150CE.NFO,02/01/2024,10:31:00,1233.55,1201.4,80,1220,80,0,0
FINNIFTY02JAN2420150CE.NFO,02/01/2024,10:31:37,1233.55,1201.4,80,1226.95,200,0,0
FINNIFTY02JAN2420150CE.NFO,02/01/2024,10:31:46,1233.55,1201.4,80,1231.2,80,0,0
FINNIFTY02JAN2420150CE.NFO,02/01/2024,10:31:57,1233.55,1201.4,80,1235.6,200,0,0
FINNIFTY02JAN2420150CE.NFO,02/01/2024,10:32:07,1233.55,1201.4,200,1235.6,200,0,0
FINNIFTY02JAN2420150CE.NFO,02/01/2024,10:32:46,1233.55,1201.4,200,1229.8,120,0,0
FINNIFTY02JAN2420150CE.NFO,02/01/2024,10:32:56,1233.55,1201.4,200,1229.7,480,0,0
FINNIFTY02JAN2420150CE.NFO,02/01/2024,10:33:14,1233.55,1201.4,200,1226.8,120,0,0
FINNIFTY02JAN2420150CE.NFO,02/01/2024,10:33:23,1233.55,1201.4,200,1226.7,80,0,0
FINNIFTY02JAN2420150CE.NFO,02/01/2024,10:33:32,1233.55,1212.7,120,1226.7,80,0,0
FINNIFTY02JAN2420150CE.NFO,02/01/2024,10:33:41,1233.55,1212.65,120,1226.7,80,0,0
FINNIFTY02JAN2420150CE.NFO,02/01/2024,10:33:51,1233.55,1212.6,200,1226.7,80,0,0
FINNIFTY02JAN2420150CE.NFO,02/01/2024,10:34:00,1233.55,1210.45,80,1226.7,80,0,0
FINNIFTY02JAN2420150CE.NFO,02/01/2024,10:34:10,1233.55,1210.55,80,1226.7,80,0,0
FINNIFTY02JAN2420150CE.NFO,02/01/2024,10:34:20,1233.55,1210.65,80,1226.7,80,0,0
FINNIFTY02JAN2420150CE.NFO,02/01/2024,10:34:38,1233.55,1210.65,80,1226.7,200,0,0
FINNIFTY02JAN2420150CE.NFO,02/01/2024,10:34:57,1233.55,1210.55,80,1226.7,200,0,0
FINNIFTY02JAN2420150CE.NFO,02/01/2024,10:35:14,1233.55,1210.45,120,1226.7,200,0,0
FINNIFTY02JAN2420150CE.NFO,02/01/2024,10:35:32,1233.55,1210.55,80,1226.7,200,0,0
FINNIFTY02JAN2420150CE.NFO,02/01/2024,10:35:49,1233.55,1210.45,200,1226.7,200,0,0
FINNIFTY02JAN2420150CE.NFO,02/01/2024,10:35:58,1233.55,1210.55,80,1226.7,200,0,0
FINNIFTY02JAN2420150CE.NFO,02/01/2024,10:36:18,1233.55,1210.45,200,1226.7,200,0,0
FINNIFTY02JAN2420150CE.NFO,02/01/2024,10:36:28,1233.55,1203.85,120,1226.7,200,0,0
FINNIFTY02JAN2420150CE.NFO,02/01/2024,10:36:40,1233.55,1199.65,120,1222.25,120,0,0
FINNIFTY02JAN2420150CE.NFO,02/01/2024,10:36:51,1233.55,1193.1,200,1215.15,320,0,0
FINNIFTY02JAN2420150CE.NFO,02/01/2024,10:37:03,1233.55,1190.95,200,1215.05,200,0,0
FINNIFTY02JAN2420150CE.NFO,02/01/2024,10:37:14,1233.55,1191,200,1215.05,200,0,0
FINNIFTY02JAN2420150CE.NFO,02/01/2024,10:37:25,1233.55,1191,200,1210.25,120,0,0
FINNIFTY02JAN2420150CE.NFO,02/01/2024,10:37:36,1233.55,1191,200,1210.15,80,0,0
FINNIFTY02JAN2420150CE.NFO,02/01/2024,10:38:25,1233.55,1198.7,120,1216.85,200,0,0
FINNIFTY02JAN2420150CE.NFO,02/01/2024,10:38:34,1233.55,1198.8,200,1216.85,200,0,0
FINNIFTY02JAN2420150CE.NFO,02/01/2024,10:39:04,1233.55,1196.4,800,1213.75,120,0,0
FINNIFTY02JAN2420150CE.NFO,02/01/2024,10:39:15,1233.55,1196.5,160,1213.65,200,0,0
FINNIFTY02JAN2420150CE.NFO,02/01/2024,10:39:25,1233.55,1196.5,160,1213.45,120,0,0
FINNIFTY02JAN2420150CE.NFO,02/01/2024,10:39:36,1233.55,1196.5,160,1213.35,80,0,0
FINNIFTY02JAN2420150CE.NFO,02/01/2024,10:39:47,1233.55,1196.55,160,1213.35,80,0,0
FINNIFTY02JAN2420150CE.NFO,02/01/2024,10:39:58,1233.55,1196.45,240,1213.35,80,0,0
FINNIFTY02JAN2420150CE.NFO,02/01/2024,10:40:09,1233.55,1196.5,120,1207.9,120,0,0
FINNIFTY02JAN2420150CE.NFO,02/01/2024,10:40:20,1233.55,1196.6,80,1207.8,80,0,0
FINNIFTY02JAN2420150CE.NFO,02/01/2024,10:40:30,1233.55,1196.6,80,1207.95,200,0,0
FINNIFTY02JAN2420150CE.NFO,02/01/2024,10:41:20,1233.55,1197.55,120,1213.4,200,0,0
FINNIFTY02JAN2420150CE.NFO,02/01/2024,10:41:30,1233.55,1197.65,80,1213.4,200,0,0
FINNIFTY02JAN2420150CE.NFO,02/01/2024,10:42:31,1233.55,1201.4,120,1213.4,200,0,0
FINNIFTY02JAN2420150CE.NFO,02/01/2024,10:42:41,1233.55,1201.5,80,1213.4,200,0,0
FINNIFTY02JAN2420150CE.NFO,02/01/2024,10:43:31,1233.55,1202.45,80,1213.4,200,0,0
FINNIFTY02JAN2420150CE.NFO,02/01/2024,10:43:40,1233.55,1202.55,80,1213.4,200,0,0
FINNIFTY02JAN2420150CE.NFO,02/01/2024,10:44:00,1233.55,1202.55,80,1213.45,680,0,0
FINNIFTY02JAN2420150CE.NFO,02/01/2024,10:44:10,1233.55,1202.55,80,1217.65,200,0,0
FINNIFTY02JAN2420150CE.NFO,02/01/2024,10:44:30,1233.55,1204.65,120,1217.65,200,0,0
FINNIFTY02JAN2420150CE.NFO,02/01/2024,10:44:40,1233.55,1204.75,80,1222,400,0,0
FINNIFTY02JAN2420150CE.NFO,02/01/2024,10:45:38,1233.55,1204.75,200,1222,400,0,0
FINNIFTY02JAN2420150CE.NFO,02/01/2024,10:46:07,1233.55,1204.75,200,1221.95,200,0,0
FINNIFTY02JAN2420150CE.NFO,02/01/2024,10:49:20,1233.55,1204.75,200,1221.85,80,0,0
FINNIFTY02JAN2420150CE.NFO,02/01/2024,10:49:30,1233.55,1204.75,200,1221.75,160,0,0
FINNIFTY02JAN2420150CE.NFO,02/01/2024,10:49:48,1233.55,1204.75,200,1221.8,160,0,0
FINNIFTY02JAN2420150CE.NFO,02/01/2024,10:50:07,1233.55,1204.75,200,1221.75,160,0,0
FINNIFTY02JAN2420150CE.NFO,02/01/2024,10:51:27,1233.55,1204.75,200,1220.55,120,0,0
FINNIFTY02JAN2420150CE.NFO,02/01/2024,10:51:37,1233.55,1204.75,200,1217.6,120,0,0
FINNIFTY02JAN2420150CE.NFO,02/01/2024,10:51:47,1233.55,1204.75,200,1217.5,80,0,0
FINNIFTY02JAN2420150CE.NFO,02/01/2024,10:51:57,1233.55,1204.75,80,1217.5,80,0,0
FINNIFTY02JAN2420150CE.NFO,02/01/2024,10:52:35,1233.55,1204.75,80,1217.5,200,0,0
FINNIFTY02JAN2420150CE.NFO,02/01/2024,10:54:09,1233.55,1204.75,200,1217.5,200,0,0
FINNIFTY02JAN2420150CE.NFO,02/01/2024,10:56:35,1233.55,1204.75,200,1217.35,200,0,0
FINNIFTY02JAN2420150CE.NFO,02/01/2024,10:56:46,1233.55,1175.55,680,1217.25,80,0,0
FINNIFTY02JAN2420150CE.NFO,02/01/2024,10:57:07,1233.55,1175.55,680,1212.65,440,0,0
FINNIFTY02JAN2420150CE.NFO,02/01/2024,10:57:17,1233.55,1175.6,200,1212.55,80,0,0
FINNIFTY02JAN2420150CE.NFO,02/01/2024,10:57:47,1233.55,1175.6,200,1214.75,200,0,0
FINNIFTY02JAN2420150CE.NFO,02/01/2024,10:57:58,1233.55,1175.6,200,1219.1,800,0,0
FINNIFTY02JAN2420150CE.NFO,02/01/2024,10:58:08,1233.55,1175.6,200,1223.4,200,0,0
FINNIFTY02JAN2420150CE.NFO,02/01/2024,10:58:18,1233.55,1175.6,200,1220.05,80,0,0
FINNIFTY02JAN2420150CE.NFO,02/01/2024,10:58:27,1233.55,1175.6,200,1219.95,80,0,0
FINNIFTY02JAN2420150CE.NFO,02/01/2024,10:59:33,1233.55,1175.6,200,1219.05,240,0,0
FINNIFTY02JAN2420150CE.NFO,02/01/2024,10:59:42,1233.55,1175.6,200,1219,240,0,0
FINNIFTY02JAN2420150CE.NFO,02/01/2024,11:00:01,1233.55,1175.55,680,1219,240,0,0
FINNIFTY02JAN2420150CE.NFO,02/01/2024,11:00:10,1233.55,1175.6,200,1218.95,200,0,0
FINNIFTY02JAN2420150CE.NFO,02/01/2024,11:00:29,1233.55,1175.6,200,1215.45,120,0,0
FINNIFTY02JAN2420150CE.NFO,02/01/2024,11:00:39,1233.55,1175.6,200,1215.35,80,0,0
FINNIFTY02JAN2420150CE.NFO,02/01/2024,11:00:48,1233.55,1175.6,200,1214.4,120,0,0
FINNIFTY02JAN2420150CE.NFO,02/01/2024,11:00:57,1233.55,1175.6,200,1214.3,80,0,0
FINNIFTY02JAN2420150CE.NFO,02/01/2024,11:01:26,1233.55,1175.6,200,1212.5,120,0,0
FINNIFTY02JAN2420150CE.NFO,02/01/2024,11:01:36,1233.55,1175.55,680,1212.4,80,0,0
FINNIFTY02JAN2420150CE.NFO,02/01/2024,11:01:55,1233.55,1175.6,200,1211.1,200,0,0
FINNIFTY02JAN2420150CE.NFO,02/01/2024,11:02:05,1233.55,1175.6,200,1211,80,0,0
FINNIFTY02JAN2420150CE.NFO,02/01/2024,11:02:25,1233.55,1175.6,200,1210.25,120,0,0
FINNIFTY02JAN2420150CE.NFO,02/01/2024,11:02:35,1233.55,1175.6,200,1210.15,80,0,0
FINNIFTY02JAN2420150CE.NFO,02/01/2024,11:02:54,1233.55,1175.6,200,1210.2,160,0,0
FINNIFTY02JAN2420150CE.NFO,02/01/2024,11:03:31,1233.55,1175.6,200,1210.15,120,0,0
FINNIFTY02JAN2420150CE.NFO,02/01/2024,11:03:40,1233.55,1175.6,200,1212.55,200,0,0
FINNIFTY02JAN2420150CE.NFO,02/01/2024,11:04:18,1233.55,1175.6,200,1212.45,120,0,0
FINNIFTY02JAN2420150CE.NFO,02/01/2024,11:04:27,1233.55,1175.6,200,1214.75,800,0,0
FINNIFTY02JAN2420150CE.NFO,02/01/2024,11:05:32,1233.55,1175.6,200,1214.75,680,0,0
FINNIFTY02JAN2420150CE.NFO,02/01/2024,11:06:01,1233.55,1175.6,200,1214.7,200,0,0
FINNIFTY02JAN2420150CE.NFO,02/01/2024,11:06:20,1233.55,1175.6,200,1212.95,120,0,0
FINNIFTY02JAN2420150CE.NFO,02/01/2024,11:06:29,1233.55,1175.6,200,1212.85,80,0,0
FINNIFTY02JAN2420150CE.NFO,02/01/2024,11:06:47,1233.55,1175.6,200,1210.5,200,0,0
FINNIFTY02JAN2420150CE.NFO,02/01/2024,11:06:57,1233.55,1175.6,200,1210.4,80,0,0
FINNIFTY02JAN2420150CE.NFO,02/01/2024,11:08:03,1233.55,1175.6,200,1210.8,360,0,0
FINNIFTY02JAN2420150CE.NFO,02/01/2024,11:08:40,1233.55,1175.6,200,1213.1,800,0,0
FINNIFTY02JAN2420150CE.NFO,02/01/2024,11:09:08,1233.55,1175.55,680,1213.1,800,0,0
FINNIFTY02JAN2420150CE.NFO,02/01/2024,11:09:18,1233.55,1175.6,200,1213.1,800,0,0
FINNIFTY02JAN2420150CE.NFO,02/01/2024,11:10:03,1233.55,1175.6,200,1213.1,680,0,0
FINNIFTY02JAN2420150CE.NFO,02/01/2024,11:10:38,1233.55,1175.6,200,1213.05,200,0,0
FINNIFTY02JAN2420150CE.NFO,02/01/2024,11:11:14,1233.55,1175.6,200,1210.5,240,0,0
FINNIFTY02JAN2420150CE.NFO,02/01/2024,11:11:23,1233.55,1175.6,200,1210.45,120,0,0
FINNIFTY02JAN2420150CE.NFO,02/01/2024,11:11:32,1233.55,1175.7,80,1210.35,80,0,0
FINNIFTY02JAN2420150CE.NFO,02/01/2024,11:11:51,1233.55,1175.7,80,1210.4,80,0,0
FINNIFTY02JAN2420150CE.NFO,02/01/2024,11:12:00,1233.55,1175.7,80,1214.9,680,0,0
FINNIFTY02JAN2420150CE.NFO,02/01/2024,11:12:10,1233.55,1175.7,80,1214.85,200,0,0
FINNIFTY02JAN2420150CE.NFO,02/01/2024,11:13:04,1233.55,1175.7,200,1214.85,200,0,0
FINNIFTY02JAN2420150CE.NFO,02/01/2024,11:13:31,1233.55,1175.9,120,1214.65,120,0,0
FINNIFTY02JAN2420150CE.NFO,02/01/2024,11:13:41,1233.55,1176,80,1214.55,80,0,0
FINNIFTY02JAN2420150CE.NFO,02/01/2024,11:13:52,1233.55,1176.15,120,1214.4,120,0,0
FINNIFTY02JAN2420150CE.NFO,02/01/2024,11:14:01,1233.55,1176.7,120,1214.35,360,0,0
FINNIFTY02JAN2420150CE.NFO,02/01/2024,11:14:10,1233.55,1177.1,120,1214.35,360,0,0
FINNIFTY02JAN2420150CE.NFO,02/01/2024,11:14:19,1233.55,1177.5,120,1214.35,360,0,0
FINNIFTY02JAN2420150CE.NFO,02/01/2024,11:14:28,1233.55,1177.9,120,1214.35,360,0,0
FINNIFTY02JAN2420150CE.NFO,02/01/2024,11:14:37,1233.55,1178.45,120,1214.35,360,0,0
FINNIFTY02JAN2420150CE.NFO,02/01/2024,11:14:46,1233.55,1178.75,120,1213.05,120,0,0
FINNIFTY02JAN2420150CE.NFO,02/01/2024,11:14:56,1233.55,1179.1,80,1211.95,120,0,0
FINNIFTY02JAN2420150CE.NFO,02/01/2024,11:15:05,1233.55,1179.5,120,1211.9,360,0,0
FINNIFTY02JAN2420150CE.NFO,02/01/2024,11:15:15,1233.55,1179.85,80,1210.1,120,0,0
FINNIFTY02JAN2420150CE.NFO,02/01/2024,11:15:25,1233.55,1180.25,120,1210,80,0,0
FINNIFTY02JAN2420150CE.NFO,02/01/2024,11:15:35,1233.55,1180.65,80,1210,80,0,0
FINNIFTY02JAN2420150CE.NFO,02/01/2024,11:15:45,1233.55,1181,120,1210,80,0,0
FINNIFTY02JAN2420150CE.NFO,02/01/2024,11:15:56,1233.55,1181.4,80,1210,80,0,0
FINNIFTY02JAN2420150CE.NFO,02/01/2024,11:16:06,1233.55,1181.8,120,1210,80,0,0
FINNIFTY02JAN2420150CE.NFO,02/01/2024,11:16:16,1233.55,1182.35,120,1209.8,120,0,0
FINNIFTY02JAN2420150CE.NFO,02/01/2024,11:16:25,1233.55,1182.65,120,1212.4,200,0,0
FINNIFTY02JAN2420150CE.NFO,02/01/2024,11:16:35,1233.55,1183.3,120,1212.4,200,0,0
FINNIFTY02JAN2420150CE.NFO,02/01/2024,11:16:44,1233.55,1183.6,120,1212.4,200,0,0
FINNIFTY02JAN2420150CE.NFO,02/01/2024,11:16:53,1233.55,1184,240,1212.4,200,0,0
FINNIFTY02JAN2420150CE.NFO,02/01/2024,11:17:02,1233.55,1184.2,120,1212.4,200,0,0
FINNIFTY02JAN2420150CE.NFO,02/01/2024,11:17:29,1233.55,1184.2,120,1211.15,120,0,0
FINNIFTY02JAN2420150CE.NFO,02/01/2024,11:17:39,1233.55,1184.2,120,1211.05,80,0,0
FINNIFTY02JAN2420150CE.NFO,02/01/2024,11:17:48,1233.55,1184.2,120,1213.7,920,0,0
FINNIFTY02JAN2420150CE.NFO,02/01/2024,11:18:06,1233.55,1184.15,120,1220.2,240,0,0
FINNIFTY02JAN2420150CE.NFO,02/01/2024,11:18:16,1233.55,1184.2,120,1220.1,200,0,0
FINNIFTY02JAN2420150CE.NFO,02/01/2024,11:19:25,1233.55,1184.2,120,1215.15,120,0,0
FINNIFTY02JAN2420150CE.NFO,02/01/2024,11:19:33,1233.55,1184.2,120,1215.05,80,0,0
FINNIFTY02JAN2420150CE.NFO,02/01/2024,11:20:39,1233.55,1184.2,120,1215.05,200,0,0
FINNIFTY02JAN2420150CE.NFO,02/01/2024,11:20:57,1233.55,1184.2,120,1217.55,120,0,0
FINNIFTY02JAN2420150CE.NFO,02/01/2024,11:21:06,1233.55,1184.15,120,1217.55,120,0,0
FINNIFTY02JAN2420150CE.NFO,02/01/2024,11:21:23,1233.55,1184.2,120,1219.75,120,0,0
FINNIFTY02JAN2420150CE.NFO,02/01/2024,11:21:57,1233.55,1184.2,120,1221.95,800,0,0
FINNIFTY02JAN2420150CE.NFO,02/01/2024,11:22:33,1233.55,1184.2,120,1221.9,200,0,0
FINNIFTY02JAN2420150CE.NFO,02/01/2024,11:23:16,1233.55,1184.2,120,1218.35,120,0,0
FINNIFTY02JAN2420150CE.NFO,02/01/2024,11:23:25,1233.55,1184.2,120,1218.25,80,0,0
FINNIFTY02JAN2420150CE.NFO,02/01/2024,11:24:05,1233.55,1184.15,120,1218.25,80,0,0
FINNIFTY02JAN2420150CE.NFO,02/01/2024,11:24:13,1233.55,1184.2,120,1218.05,120,0,0
FINNIFTY02JAN2420150CE.NFO,02/01/2024,11:24:22,1233.55,1184.2,120,1217.95,80,0,0
FINNIFTY02JAN2420150CE.NFO,02/01/2024,11:25:10,1233.55,1184.3,120,1217.7,120,0,0
FINNIFTY02JAN2420150CE.NFO,02/01/2024,11:25:18,1233.55,1184.6,80,1217.6,80,0,0
FINNIFTY02JAN2420150CE.NFO,02/01/2024,11:25:27,1233.55,1184.9,120,1217.6,80,0,0
FINNIFTY02JAN2420150CE.NFO,02/01/2024,11:25:36,1233.55,1185.2,120,1217.6,80,0,0
FINNIFTY02JAN2420150CE.NFO,02/01/2024,11:25:44,1233.55,1185.85,120,1217.6,80,0,0
FINNIFTY02JAN2420150CE.NFO,02/01/2024,11:25:52,1233.55,1186.15,80,1217.6,80,0,0
FINNIFTY02JAN2420150CE.NFO,02/01/2024,11:25:59,1233.55,1186.45,120,1217.6,80,0,0
FINNIFTY02JAN2420150CE.NFO,02/01/2024,11:26:07,1233.55,1186.75,120,1217.6,80,0,0
FINNIFTY02JAN2420150CE.NFO,02/01/2024,11:26:16,1233.55,1187.15,120,1217.6,80,0,0
FINNIFTY02JAN2420150CE.NFO,02/01/2024,11:26:23,1233.55,1187.45,120,1217.6,80,0,0
FINNIFTY02JAN2420150CE.NFO,02/01/2024,11:26:31,1233.55,1187.95,120,1217.6,200,0,0
FINNIFTY02JAN2420150CE.NFO,02/01/2024,11:26:40,1233.55,1188.2,120,1217.6,200,0,0
FINNIFTY02JAN2420150CE.NFO,02/01/2024,11:26:48,1233.55,1188.8,120,1217.6,200,0,0
FINNIFTY02JAN2420150CE.NFO,02/01/2024,11:26:56,1233.55,1189.1,120,1217.6,200,0,0
FINNIFTY02JAN2420150CE.NFO,02/01/2024,11:27:04,1233.55,1189.2,80,1217.6,200,0,0
FINNIFTY02JAN2420150CE.NFO,02/01/2024,11:27:27,1233.55,1189.55,120,1211.5,120,0,0
FINNIFTY02JAN2420150CE.NFO,02/01/2024,11:27:35,1233.55,1189.85,120,1211.4,80,0,0
FINNIFTY02JAN2420150CE.NFO,02/01/2024,11:27:44,1233.55,1190.35,120,1211.4,80,0,0
FINNIFTY02JAN2420150CE.NFO,02/01/2024,11:27:52,1233.55,1190.55,120,1211.4,80,0,0
FINNIFTY02JAN2420150CE.NFO,02/01/2024,11:28:25,1233.55,1190.55,120,1211.65,120,0,0
FINNIFTY02JAN2420150CE.NFO,02/01/2024,11:31:03,1233.55,1190.55,120,1211.7,120,0,0
FINNIFTY02JAN2420150CE.NFO,02/01/2024,11:31:11,1233.55,1190.55,120,1211.65,120,0,0
FINNIFTY02JAN2420150CE.NFO,02/01/2024,11:31:27,1233.55,1190.55,120,1210.55,120,0,0
FINNIFTY02JAN2420150CE.NFO,02/01/2024,11:31:34,1233.55,1190.55,120,1210.45,80,0,0
FINNIFTY02JAN2420150CE.NFO,02/01/2024,11:32:05,1233.55,1190.5,120,1209.8,240,0,0
FINNIFTY02JAN2420150CE.NFO,02/01/2024,11:32:14,1233.55,1190.55,120,1209.65,120,0,0
FINNIFTY02JAN2420150CE.NFO,02/01/2024,11:32:22,1233.55,1190.55,120,1209.6,120,0,0
FINNIFTY02JAN2420150CE.NFO,02/01/2024,11:36:38,1233.55,1190.5,120,1209.6,120,0,0
FINNIFTY02JAN2420150CE.NFO,02/01/2024,11:37:32,1233.55,1190.55,120,1209.65,120,0,0
FINNIFTY02JAN2420150CE.NFO,02/01/2024,11:38:03,1233.55,1190.55,120,1240.4,1000,0,0
FINNIFTY02JAN2420150CE.NFO,02/01/2024,11:38:12,1233.55,1190.55,120,1219.75,120,0,0
FINNIFTY02JAN2420150CE.NFO,02/01/2024,11:38:20,1233.55,1190.55,120,1219.65,80,0,0
FINNIFTY02JAN2420150CE.NFO,02/01/2024,11:39:37,1233.55,1190.55,120,1219.65,200,0,0
FINNIFTY02JAN2420150CE.NFO,02/01/2024,11:41:13,1233.55,1190.55,120,1217.95,120,0,0
FINNIFTY02JAN2420150CE.NFO,02/01/2024,11:41:20,1233.55,1190.55,120,1217.85,80,0,0
FINNIFTY02JAN2420150CE.NFO,02/01/2024,11:41:28,1233.55,1172.05,120,1217.85,80,0,0
FINNIFTY02JAN2420150CE.NFO,02/01/2024,11:41:45,1233.55,1172.1,120,1217.85,80,0,0
FINNIFTY02JAN2420150CE.NFO,02/01/2024,11:42:11,1233.55,1172.1,120,1204,120,0,0
FINNIFTY02JAN2420150CE.NFO,02/01/2024,11:42:18,1233.55,1172.1,120,1203.9,80,0,0
FINNIFTY02JAN2420150CE.NFO,02/01/2024,11:43:02,1233.55,1172.05,120,1203.9,80,0,0
FINNIFTY02JAN2420150CE.NFO,02/01/2024,11:43:09,1233.55,1172.1,120,1203.9,80,0,0
FINNIFTY02JAN2420150CE.NFO,02/01/2024,11:43:37,1233.55,1172.1,120,1203.95,240,0,0
FINNIFTY02JAN2420150CE.NFO,02/01/2024,11:44:00,1233.55,1172.1,120,1216.9,1000,0,0
FINNIFTY02JAN2420150CE.NFO,02/01/2024,11:44:36,1233.55,1172.05,120,1216.9,1000,0,0
FINNIFTY02JAN2420150CE.NFO,02/01/2024,11:44:43,1233.55,1172.1,120,1216.9,1000,0,0
FINNIFTY02JAN2420150CE.NFO,02/01/2024,11:45:02,1233.55,1172.1,120,1216.85,200,0,0
FINNIFTY02JAN2420150CE.NFO,02/01/2024,11:45:30,1233.55,1172.1,120,1213.8,120,0,0
FINNIFTY02JAN2420150CE.NFO,02/01/2024,11:45:37,1233.55,1172.1,120,1213.7,80,0,0
FINNIFTY02JAN2420150CE.NFO,02/01/2024,11:46:11,1233.55,1172.1,120,1212.4,120,0,0
FINNIFTY02JAN2420150CE.NFO,02/01/2024,11:46:17,1233.55,1172.1,120,1212.3,80,0,0
FINNIFTY02JAN2420150CE.NFO,02/01/2024,11:47:31,1233.55,1172.1,120,1211.15,120,0,0
FINNIFTY02JAN2420150CE.NFO,02/01/2024,11:47:37,1233.55,1172.1,120,1211.05,80,0,0
FINNIFTY02JAN2420150CE.NFO,02/01/2024,11:48:36,1233.55,1172.1,120,1210.15,120,0,0
FINNIFTY02JAN2420150CE.NFO,02/01/2024,11:48:42,1233.55,1172.1,120,1210.05,80,0,0
FINNIFTY02JAN2420150CE.NFO,02/01/2024,11:50:03,1233.55,1172.1,120,1210.05,200,0,0
FINNIFTY02JAN2420150CE.NFO,02/01/2024,11:53:06,1233.55,1172.1,120,1210.1,240,0,0
FINNIFTY02JAN2420150CE.NFO,02/01/2024,11:53:35,1233.55,1172.1,120,1210.05,200,0,0
FINNIFTY02JAN2420150CE.NFO,02/01/2024,11:55:04,1233.55,1172.05,120,1210.05,200,0,0
FINNIFTY02JAN2420150CE.NFO,02/01/2024,11:55:27,1233.55,1172.1,120,1210.05,200,0,0
FINNIFTY02JAN2420150CE.NFO,02/01/2024,11:55:59,1233.55,1172.1,120,1209.9,120,0,0
FINNIFTY02JAN2420150CE.NFO,02/01/2024,11:56:05,1233.55,1172.1,120,1209.8,80,0,0
FINNIFTY02JAN2420150CE.NFO,02/01/2024,11:56:10,1233.55,1172.1,120,1209.3,120,0,0
FINNIFTY02JAN2420150CE.NFO,02/01/2024,11:56:16,1233.55,1172.1,120,1209.1,120,0,0
FINNIFTY02JAN2420150CE.NFO,02/01/2024,12:04:03,1233.55,1172.05,120,1209.1,120,0,0
FINNIFTY02JAN2420150CE.NFO,02/01/2024,12:04:09,1233.55,1172.1,120,1209.1,120,0,0
FINNIFTY02JAN2420150CE.NFO,02/01/2024,12:05:02,1233.55,1172.1,120,1207.4,120,0,0
FINNIFTY02JAN2420150CE.NFO,02/01/2024,12:05:08,1233.55,1172.1,120,1207.3,80,0,0
FINNIFTY02JAN2420150CE.NFO,02/01/2024,12:06:32,1233.55,1172.1,120,1207.3,200,0,0
FINNIFTY02JAN2420150CE.NFO,02/01/2024,12:07:05,1233.55,1172.05,120,1207.3,200,0,0
FINNIFTY02JAN2420150CE.NFO,02/01/2024,12:07:11,1233.55,1172.1,120,1207.3,200,0,0
FINNIFTY02JAN2420150CE.NFO,02/01/2024,12:07:34,1233.55,1172.1,120,1226.2,200,0,0
FINNIFTY02JAN2420150CE.NFO,02/01/2024,12:08:08,1233.55,1172.1,120,1210.9,120,0,0
FINNIFTY02JAN2420150CE.NFO,02/01/2024,12:08:14,1233.55,1172.1,120,1210.8,80,0,0
FINNIFTY02JAN2420150CE.NFO,02/01/2024,12:09:08,1233.55,1172.1,120,1208.55,40,0,0
FINNIFTY02JAN2420150CE.NFO,02/01/2024,12:09:13,1233.55,1172.1,120,1208.45,80,0,0
FINNIFTY02JAN2420150CE.NFO,02/01/2024,12:09:59,1233.55,1172.1,120,1227.45,720,0,0
FINNIFTY02JAN2420150CE.NFO,02/01/2024,12:10:07,1233.55,1172.1,120,1227.4,200,0,0
FINNIFTY02JAN2420150CE.NFO,02/01/2024,12:10:24,1233.55,1172.1,120,1226.15,120,0,0
FINNIFTY02JAN2420150CE.NFO,02/01/2024,12:10:32,1233.55,1172.1,120,1226.05,80,0,0
FINNIFTY02JAN2420150CE.NFO,02/01/2024,12:10:53,1233.55,1172.1,120,1216.05,120,0,0
FINNIFTY02JAN2420150CE.NFO,02/01/2024,12:11:01,1233.55,1172.1,120,1215.95,80,0,0
FINNIFTY02JAN2420150CE.NFO,02/01/2024,12:11:37,1233.55,1172.05,120,1215.95,80,0,0
FINNIFTY02JAN2420150CE.NFO,02/01/2024,12:11:44,1233.55,1172.1,120,1215.95,80,0,0
FINNIFTY02JAN2420150CE.NFO,02/01/2024,12:12:04,1233.55,1172.1,120,1215.95,200,0,0
FINNIFTY02JAN2420150CE.NFO,02/01/2024,12:12:56,1233.55,1172.1,120,1215.25,120,0,0
FINNIFTY02JAN2420150CE.NFO,02/01/2024,12:13:02,1233.55,1172.1,120,1215.05,120,0,0
FINNIFTY02JAN2420150CE.NFO,02/01/2024,12:15:31,1233.55,1172.1,120,1215.1,120,0,0
FINNIFTY02JAN2420150CE.NFO,02/01/2024,12:15:38,1233.55,1172.1,120,1215.05,120,0,0
FINNIFTY02JAN2420150CE.NFO,02/01/2024,12:17:03,1233.55,1180.4,240,1231.45,480,0,0
FINNIFTY02JAN2420150CE.NFO,02/01/2024,12:17:12,1233.55,1180.5,200,1256.45,320,0,0
FINNIFTY02JAN2420150CE.NFO,02/01/2024,12:17:46,1233.55,1180.5,200,1229.15,120,0,0
FINNIFTY02JAN2420150CE.NFO,02/01/2024,12:17:54,1233.55,1180.5,200,1229.05,80,0,0
FINNIFTY02JAN2420150CE.NFO,02/01/2024,12:18:40,1233.55,1180.5,200,1227.05,120,0,0
FINNIFTY02JAN2420150CE.NFO,02/01/2024,12:18:47,1233.55,1180.5,200,1226.95,80,0,0
FINNIFTY02JAN2420150CE.NFO,02/01/2024,12:20:05,1233.55,1180.45,800,1227,240,0,0
FINNIFTY02JAN2420150CE.NFO,02/01/2024,12:20:19,1233.55,1180.5,200,1226.95,200,0,0
FINNIFTY02JAN2420150CE.NFO,02/01/2024,12:23:50,1233.55,1180.5,200,1224.2,120,0,0
FINNIFTY02JAN2420150CE.NFO,02/01/2024,12:23:56,1233.55,1180.5,200,1224,120,0,0
FINNIFTY02JAN2420150CE.NFO,02/01/2024,12:24:21,1233.55,1180.5,200,1215.6,120,0,0
FINNIFTY02JAN2420150CE.NFO,02/01/2024,12:24:27,1233.55,1180.5,200,1215.5,80,0,0
FINNIFTY02JAN2420150CE.NFO,02/01/2024,12:25:31,1233.55,1180.5,200,1215.5,200,0,0
FINNIFTY02JAN2420150CE.NFO,02/01/2024,12:26:04,1233.55,1180.5,200,1213.2,120,0,0
FINNIFTY02JAN2420150CE.NFO,02/01/2024,12:26:10,1233.55,1180.5,200,1213.1,80,0,0
FINNIFTY02JAN2420150CE.NFO,02/01/2024,12:27:35,1233.55,1180.5,200,1213.1,200,0,0
FINNIFTY02JAN2420150CE.NFO,02/01/2024,12:27:54,1233.55,1180.5,200,1211.05,120,0,0
FINNIFTY02JAN2420150CE.NFO,02/01/2024,12:28:01,1233.55,1180.5,200,1210.95,80,0,0
FINNIFTY02JAN2420150CE.NFO,02/01/2024,12:29:04,1233.55,1180.5,200,1210.95,200,0,0
FINNIFTY02JAN2420150CE.NFO,02/01/2024,12:30:05,1233.55,1180.5,200,1209.15,120,0,0
FINNIFTY02JAN2420150CE.NFO,02/01/2024,12:30:11,1233.55,1180.5,200,1209.05,80,0,0
FINNIFTY02JAN2420150CE.NFO,02/01/2024,12:30:52,1233.55,1180.5,200,1209,120,0,0
FINNIFTY02JAN2420150CE.NFO,02/01/2024,12:30:59,1233.55,1180.5,200,1212.95,120,0,0
FINNIFTY02JAN2420150CE.NFO,02/01/2024,12:31:05,1233.55,1180.5,200,1212.55,120,0,0
FINNIFTY02JAN2420150CE.NFO,02/01/2024,12:31:11,1233.55,1180.5,200,1212.45,80,0,0
FINNIFTY02JAN2420150CE.NFO,02/01/2024,12:31:30,1233.55,1180.5,200,1210.05,120,0,0
FINNIFTY02JAN2420150CE.NFO,02/01/2024,12:31:36,1233.55,1180.5,200,1209.95,80,0,0
FINNIFTY02JAN2420150CE.NFO,02/01/2024,12:32:34,1233.55,1180.5,200,1209.95,200,0,0
FINNIFTY02JAN2420150CE.NFO,02/01/2024,12:33:31,1233.55,1180.45,800,1209.95,200,0,0
FINNIFTY02JAN2420150CE.NFO,02/01/2024,12:33:36,1233.55,1180.5,200,1209.95,200,0,0
FINNIFTY02JAN2420150CE.NFO,02/01/2024,12:33:48,1233.55,1180.5,200,1232.75,120,0,0
FINNIFTY02JAN2420150CE.NFO,02/01/2024,12:34:00,1233.55,1180.5,200,1214.9,120,0,0
FINNIFTY02JAN2420150CE.NFO,02/01/2024,12:34:06,1233.55,1180.5,200,1214.8,80,0,0
FINNIFTY02JAN2420150CE.NFO,02/01/2024,12:35:02,1233.55,1180.45,800,1214.85,240,0,0
FINNIFTY02JAN2420150CE.NFO,02/01/2024,12:35:16,1233.55,1180.5,200,1214.8,200,0,0
FINNIFTY02JAN2420150CE.NFO,02/01/2024,12:35:56,1233.55,1180.5,200,1213.85,120,0,0
FINNIFTY02JAN2420150CE.NFO,02/01/2024,12:36:02,1233.55,1180.5,200,1213.75,80,0,0
FINNIFTY02JAN2420150CE.NFO,02/01/2024,12:37:01,1233.55,1180.5,200,1213.75,200,0,0
FINNIFTY02JAN2420150CE.NFO,02/01/2024,12:38:26,1233.55,1180.5,200,1212.1,120,0,0
FINNIFTY02JAN2420150CE.NFO,02/01/2024,12:38:32,1233.55,1180.5,200,1212,80,0,0
FINNIFTY02JAN2420150CE.NFO,02/01/2024,12:39:34,1233.55,1180.5,200,1212,200,0,0
FINNIFTY02JAN2420150CE.NFO,02/01/2024,12:39:53,1233.55,1180.6,200,1211.8,120,0,0
FINNIFTY02JAN2420150CE.NFO,02/01/2024,12:39:58,1233.55,1180.6,200,1210.9,600,0,0
FINNIFTY02JAN2420150CE.NFO,02/01/2024,12:40:02,1233.55,1180.6,200,1210.55,120,0,0
FINNIFTY02JAN2420150CE.NFO,02/01/2024,12:40:07,1233.55,1180.6,200,1210.5,120,0,0
FINNIFTY02JAN2420150CE.NFO,02/01/2024,12:40:17,1233.55,1180.6,200,1210.65,200,0,0
FINNIFTY02JAN2420150CE.NFO,02/01/2024,12:40:24,1233.55,1180.6,200,1216.3,1160,0,0
FINNIFTY02JAN2420150CE.NFO,02/01/2024,12:41:05,1233.55,1180.6,200,1215.8,120,0,0
FINNIFTY02JAN2420150CE.NFO,02/01/2024,12:41:10,1233.55,1180.6,200,1215.2,200,0,0
FINNIFTY02JAN2420150CE.NFO,02/01/2024,12:41:16,1233.55,1180.6,200,1214.9,200,0,0
FINNIFTY02JAN2420150CE.NFO,02/01/2024,12:41:21,1233.55,1180.6,200,1214.1,120,0,0
FINNIFTY02JAN2420150CE.NFO,02/01/2024,12:41:27,1233.55,1180.6,200,1213.3,200,0,0
FINNIFTY02JAN2420150CE.NFO,02/01/2024,12:41:33,1233.55,1180.6,200,1210.6,120,0,0
FINNIFTY02JAN2420150CE.NFO,02/01/2024,12:41:40,1233.55,1180.6,200,1213.1,120,0,0
FINNIFTY02JAN2420150CE.NFO,02/01/2024,12:42:56,1233.55,1180.6,200,1211.95,120,0,0
FINNIFTY02JAN2420150CE.NFO,02/01/2024,12:43:01,1233.55,1180.6,200,1210.95,200,0,0
FINNIFTY02JAN2420150CE.NFO,02/01/2024,12:43:07,1233.55,1180.6,200,1216.8,1160,0,0
FINNIFTY02JAN2420150CE.NFO,02/01/2024,12:44:34,1233.55,1180.6,200,1215.7,120,0,0
FINNIFTY02JAN2420150CE.NFO,02/01/2024,12:44:39,1233.55,1180.6,200,1215.4,120,0,0
FINNIFTY02JAN2420150CE.NFO,02/01/2024,12:44:44,1233.55,1180.6,200,1214.9,120,0,0
FINNIFTY02JAN2420150CE.NFO,02/01/2024,12:44:49,1233.55,1180.6,200,1214.6,120,0,0
FINNIFTY02JAN2420150CE.NFO,02/01/2024,12:44:54,1233.55,1180.6,200,1214.1,120,0,0
FINNIFTY02JAN2420150CE.NFO,02/01/2024,12:44:59,1233.55,1180.6,200,1213.8,120,0,0
FINNIFTY02JAN2420150CE.NFO,02/01/2024,12:45:05,1233.55,1180.6,200,1213,120,0,0
FINNIFTY02JAN2420150CE.NFO,02/01/2024,12:45:10,1233.55,1180.6,200,1212,200,0,0
FINNIFTY02JAN2420150CE.NFO,02/01/2024,12:45:17,1233.55,1180.6,200,1216.75,1160,0,0
FINNIFTY02JAN2420150CE.NFO,02/01/2024,12:45:49,1233.55,1180.6,200,1215.35,120,0,0
FINNIFTY02JAN2420150CE.NFO,02/01/2024,12:45:54,1233.55,1180.6,200,1214.35,120,0,0
FINNIFTY02JAN2420150CE.NFO,02/01/2024,12:46:00,1233.55,1180.6,200,1213.55,120,0,0
FINNIFTY02JAN2420150CE.NFO,02/01/2024,12:46:06,1233.55,1180.6,200,1212.75,200,0,0
FINNIFTY02JAN2420150CE.NFO,02/01/2024,12:46:13,1233.55,1180.6,200,1211.95,200,0,0
FINNIFTY02JAN2420150CE.NFO,02/01/2024,12:46:18,1233.55,1180.6,200,1211.15,120,0,0
FINNIFTY02JAN2420150CE.NFO,02/01/2024,12:46:23,1233.55,1180.6,200,1210.35,200,0,0
FINNIFTY02JAN2420150CE.NFO,02/01/2024,12:46:27,1233.55,1180.6,200,1209.35,120,0,0
FINNIFTY02JAN2420150CE.NFO,02/01/2024,12:46:32,1233.55,1180.6,200,1209.05,200,0,0
FINNIFTY02JAN2420150CE.NFO,02/01/2024,12:46:37,1233.55,1180.6,200,1208.75,80,0,0
FINNIFTY02JAN2420150CE.NFO,02/01/2024,12:46:41,1233.55,1180.6,200,1208.55,120,0,0
FINNIFTY02JAN2420150CE.NFO,02/01/2024,12:46:52,1233.55,1180.6,200,1208.5,120,0,0
FINNIFTY02JAN2420150CE.NFO,02/01/2024,12:46:58,1233.55,1180.6,200,1214.55,1160,0,0
FINNIFTY02JAN2420150CE.NFO,02/01/2024,12:47:03,1233.55,1180.55,200,1214.55,1160,0,0
FINNIFTY02JAN2420150CE.NFO,02/01/2024,12:47:24,1233.55,1180.6,200,1212.85,120,0,0
FINNIFTY02JAN2420150CE.NFO,02/01/2024,12:47:30,1233.55,1180.6,200,1211.95,120,0,0
FINNIFTY02JAN2420150CE.NFO,02/01/2024,12:47:35,1233.55,1180.6,200,1211.15,200,0,0
FINNIFTY02JAN2420150CE.NFO,02/01/2024,12:47:40,1233.55,1180.6,200,1210.15,120,0,0
FINNIFTY02JAN2420150CE.NFO,02/01/2024,12:47:46,1233.55,1180.6,200,1208.4,200,0,0
FINNIFTY02JAN2420150CE.NFO,02/01/2024,12:47:51,1233.55,1180.6,200,1208.3,80,0,0
FINNIFTY02JAN2420150CE.NFO,02/01/2024,12:47:57,1233.55,1180.6,200,1208.35,160,0,0
FINNIFTY02JAN2420150CE.NFO,02/01/2024,12:48:03,1233.55,1180.6,200,1208.3,120,0,0
FINNIFTY02JAN2420150CE.NFO,02/01/2024,12:48:25,1233.55,1180.5,200,1208.3,120,0,0
FINNIFTY02JAN2420150CE.NFO,02/01/2024,12:48:30,1233.55,1180.6,200,1208.25,320,0,0
FINNIFTY02JAN2420150CE.NFO,02/01/2024,12:49:17,1233.55,1180.6,200,1207.25,120,0,0
FINNIFTY02JAN2420150CE.NFO,02/01/2024,12:49:23,1233.55,1180.6,200,1206.65,120,0,0
FINNIFTY02JAN2420150CE.NFO,02/01/2024,12:49:29,1233.55,1180.6,200,1206.95,200,0,0
FINNIFTY02JAN2420150CE.NFO,02/01/2024,12:49:35,1233.55,1180.6,200,1206.6,120,0,0
FINNIFTY02JAN2420150CE.NFO,02/01/2024,12:49:40,1233.55,1180.6,200,1206.4,120,0,0
FINNIFTY02JAN2420150CE.NFO,02/01/2024,12:49:46,1233.55,1180.6,200,1210.65,200,0,0
FINNIFTY02JAN2420150CE.NFO,02/01/2024,12:51:05,1233.55,1180.6,200,1210.7,200,0,0
FINNIFTY02JAN2420150CE.NFO,02/01/2024,12:51:18,1233.55,1180.6,200,1249.7,1160,0,0
FINNIFTY02JAN2420150CE.NFO,02/01/2024,12:51:24,1233.55,1180.6,200,1237.95,200,0,0
FINNIFTY02JAN2420150CE.NFO,02/01/2024,12:51:30,1233.55,1180.6,200,1237.65,200,0,0
FINNIFTY02JAN2420150CE.NFO,02/01/2024,12:51:36,1233.55,1180.6,200,1236.65,120,0,0
FINNIFTY02JAN2420150CE.NFO,02/01/2024,12:51:42,1233.55,1180.6,200,1234.65,200,0,0
FINNIFTY02JAN2420150CE.NFO,02/01/2024,12:51:47,1233.55,1180.6,200,1233.9,200,0,0
FINNIFTY02JAN2420150CE.NFO,02/01/2024,12:51:52,1233.55,1180.6,200,1231.25,200,0,0
FINNIFTY02JAN2420150CE.NFO,02/01/2024,12:51:56,1233.55,1180.6,200,1216.1,120,0,0
FINNIFTY02JAN2420150CE.NFO,02/01/2024,12:52:01,1233.55,1180.6,200,1215.8,120,0,0
FINNIFTY02JAN2420150CE.NFO,02/01/2024,12:52:05,1233.55,1180.6,200,1215.3,120,0,0
FINNIFTY02JAN2420150CE.NFO,02/01/2024,12:52:11,1233.55,1180.6,200,1215.05,120,0,0
FINNIFTY02JAN2420150CE.NFO,02/01/2024,12:52:15,1233.55,1180.6,200,1214.6,120,0,0
FINNIFTY02JAN2420150CE.NFO,02/01/2024,12:52:21,1233.55,1180.6,200,1214.3,120,0,0
FINNIFTY02JAN2420150CE.NFO,02/01/2024,12:52:26,1233.55,1180.6,200,1213.5,200,0,0
FINNIFTY02JAN2420150CE.NFO,02/01/2024,12:52:30,1233.55,1180.6,200,1212.8,200,0,0
FINNIFTY02JAN2420150CE.NFO,02/01/2024,12:52:35,1233.55,1180.6,200,1211.8,120,0,0
FINNIFTY02JAN2420150CE.NFO,02/01/2024,12:52:40,1233.55,1180.6,200,1211.5,200,0,0
FINNIFTY02JAN2420150CE.NFO,02/01/2024,12:52:45,1233.55,1180.6,200,1230.15,1160,0,0
FINNIFTY02JAN2420150CE.NFO,02/01/2024,12:53:15,1233.55,1180.6,200,1216.45,120,0,0
FINNIFTY02JAN2420150CE.NFO,02/01/2024,12:53:20,1233.55,1180.6,200,1216.15,120,0,0
FINNIFTY02JAN2420150CE.NFO,02/01/2024,12:53:26,1233.55,1180.6,200,1215.4,200,0,0
FINNIFTY02JAN2420150CE.NFO,02/01/2024,12:53:31,1233.55,1180.6,200,1214.75,120,0,0
FINNIFTY02JAN2420150CE.NFO,02/01/2024,12:53:36,1233.55,1180.6,200,1214.45,520,0,0
FINNIFTY02JAN2420150CE.NFO,02/01/2024,12:53:41,1233.55,1180.6,200,1237,960,0,0
FINNIFTY02JAN2420150CE.NFO,02/01/2024,12:53:57,1233.55,1180.6,200,1236.95,200,0,0
FINNIFTY02JAN2420150CE.NFO,02/01/2024,12:54:01,1233.55,1180.55,200,1229.15,200,0,0
FINNIFTY02JAN2420150CE.NFO,02/01/2024,12:54:06,1233.55,1180.6,200,1228.85,200,0,0
FINNIFTY02JAN2420150CE.NFO,02/01/2024,12:54:11,1233.55,1180.6,200,1227.85,200,0,0
FINNIFTY02JAN2420150CE.NFO,02/01/2024,12:54:15,1233.55,1180.6,200,1226.9,120,0,0
FINNIFTY02JAN2420150CE.NFO,02/01/2024,12:54:20,1233.55,1180.6,200,1226.1,120,0,0
FINNIFTY02JAN2420150CE.NFO,02/01/2024,12:54:24,1233.55,1180.6,200,1223.55,120,0,0
FINNIFTY02JAN2420150CE.NFO,02/01/2024,12:54:29,1233.55,1180.6,200,1221.05,200,0,0
FINNIFTY02JAN2420150CE.NFO,02/01/2024,12:54:34,1233.55,1180.6,200,1220.05,120,0,0
FINNIFTY02JAN2420150CE.NFO,02/01/2024,12:54:39,1233.55,1180.6,200,1219.25,120,0,0
FINNIFTY02JAN2420150CE.NFO,02/01/2024,12:54:42,1233.55,1180.6,200,1215.55,120,0,0
FINNIFTY02JAN2420150CE.NFO,02/01/2024,12:54:46,1233.55,1180.6,200,1215.25,120,0,0
FINNIFTY02JAN2420150CE.NFO,02/01/2024,12:54:50,1233.55,1180.6,200,1214.75,200,0,0
FINNIFTY02JAN2420150CE.NFO,02/01/2024,12:54:54,1233.55,1180.6,200,1214.45,200,0,0
FINNIFTY02JAN2420150CE.NFO,02/01/2024,12:54:58,1233.55,1180.6,200,1213.95,120,0,0
FINNIFTY02JAN2420150CE.NFO,02/01/2024,12:55:03,1233.55,1180.6,200,1213.65,120,0,0
FINNIFTY02JAN2420150CE.NFO,02/01/2024,12:55:08,1233.55,1180.6,200,1212.95,120,0,0
FINNIFTY02JAN2420150CE.NFO,02/01/2024,12:55:12,1233.55,1180.6,200,1212.65,120,0,0
FINNIFTY02JAN2420150CE.NFO,02/01/2024,12:55:17,1233.55,1180.6,200,1212.05,120,0,0
FINNIFTY02JAN2420150CE.NFO,02/01/2024,12:55:22,1233.55,1180.6,200,1211.35,120,0,0
FINNIFTY02JAN2420150CE.NFO,02/01/2024,12:55:26,1233.55,1180.6,200,1219.05,1160,0,0
FINNIFTY02JAN2420150CE.NFO,02/01/2024,12:56:08,1233.55,1180.6,200,1215.95,120,0,0
FINNIFTY02JAN2420150CE.NFO,02/01/2024,12:56:14,1233.55,1180.6,200,1214.95,120,0,0
FINNIFTY02JAN2420150CE.NFO,02/01/2024,12:56:20,1233.55,1180.6,200,1213.75,120,0,0
FINNIFTY02JAN2420150CE.NFO,02/01/2024,12:56:25,1233.55,1180.6,200,1212.9,200,0,0
FINNIFTY02JAN2420150CE.NFO,02/01/2024,12:56:30,1233.55,1180.6,200,1211.1,200,0,0
FINNIFTY02JAN2420150CE.NFO,02/01/2024,12:56:35,1233.55,1180.6,200,1211.05,120,0,0
FINNIFTY02JAN2420150CE.NFO,02/01/2024,12:56:40,1233.55,1180.6,200,1210.95,120,0,0
FINNIFTY02JAN2420150CE.NFO,02/01/2024,12:58:01,1233.55,1180.6,200,1211,360,0,0
FINNIFTY02JAN2420150CE.NFO,02/01/2024,12:58:32,1233.55,1180.55,200,1211,360,0,0
FINNIFTY02JAN2420150CE.NFO,02/01/2024,12:58:44,1233.55,1180.6,200,1210.95,200,0,0
FINNIFTY02JAN2420150CE.NFO,02/01/2024,12:58:49,1233.55,1180.6,200,1210.45,120,0,0
FINNIFTY02JAN2420150CE.NFO,02/01/2024,12:58:55,1233.55,1180.6,200,1207.3,120,0,0
FINNIFTY02JAN2420150CE.NFO,02/01/2024,12:59:00,1233.55,1180.6,200,1207.35,200,0,0
FINNIFTY02JAN2420150CE.NFO,02/01/2024,12:59:06,1233.55,1180.6,200,1207.1,200,0,0
FINNIFTY02JAN2420150CE.NFO,02/01/2024,12:59:12,1233.55,1180.6,200,1216.7,1160,0,0
FINNIFTY02JAN2420150CE.NFO,02/01/2024,12:59:53,1233.55,1180.6,200,1212.55,120,0,0
FINNIFTY02JAN2420150CE.NFO,02/01/2024,12:59:58,1233.55,1180.6,200,1212.25,120,0,0
FINNIFTY02JAN2420150CE.NFO,02/01/2024,13:00:03,1233.55,1180.55,200,1211.65,120,0,0
FINNIFTY02JAN2420150CE.NFO,02/01/2024,13:00:08,1233.55,1180.6,200,1210.65,120,0,0
FINNIFTY02JAN2420150CE.NFO,02/01/2024,13:00:13,1233.55,1180.6,200,1209.9,120,0,0
FINNIFTY02JAN2420150CE.NFO,02/01/2024,13:00:18,1233.55,1180.6,200,1209,120,0,0
FINNIFTY02JAN2420150CE.NFO,02/01/2024,13:00:23,1233.55,1180.6,200,1208.2,120,0,0
FINNIFTY02JAN2420150CE.NFO,02/01/2024,13:00:28,1233.55,1180.6,200,1208.2,200,0,0
FINNIFTY02JAN2420150CE.NFO,02/01/2024,13:00:34,1233.55,1180.6,200,1208.15,360,0,0
FINNIFTY02JAN2420150CE.NFO,02/01/2024,13:00:39,1233.55,1180.6,200,1249.7,1160,0,0
FINNIFTY02JAN2420150CE.NFO,02/01/2024,13:00:45,1233.55,1180.6,200,1234,120,0,0
FINNIFTY02JAN2420150CE.NFO,02/01/2024,13:00:50,1233.55,1180.6,200,1233.7,120,0,0
FINNIFTY02JAN2420150CE.NFO,02/01/2024,13:00:55,1233.55,1180.6,200,1232.9,200,0,0
FINNIFTY02JAN2420150CE.NFO,02/01/2024,13:01:01,1233.55,1180.6,200,1232.1,120,0,0
FINNIFTY02JAN2420150CE.NFO,02/01/2024,13:01:07,1233.55,1180.6,200,1231.3,120,0,0
FINNIFTY02JAN2420150CE.NFO,02/01/2024,13:01:13,1233.55,1180.6,200,1230.5,120,0,0
FINNIFTY02JAN2420150CE.NFO,02/01/2024,13:01:18,1233.55,1180.6,200,1211.75,120,0,0
FINNIFTY02JAN2420150CE.NFO,02/01/2024,13:01:25,1233.55,1180.6,200,1210.95,200,0,0
FINNIFTY02JAN2420150CE.NFO,02/01/2024,13:01:30,1233.55,1180.6,200,1207.95,120,0,0
FINNIFTY02JAN2420150CE.NFO,02/01/2024,13:01:37,1233.55,1180.45,800,1207.4,240,0,0
FINNIFTY02JAN2420150CE.NFO,02/01/2024,13:01:45,1233.55,1180.55,200,1207.25,200,0,0
FINNIFTY02JAN2420150CE.NFO,02/01/2024,13:01:52,1233.55,1180.5,200,1207.3,160,0,0
FINNIFTY02JAN2420150CE.NFO,02/01/2024,13:02:05,1233.55,1180.55,200,1207.25,200,0,0
FINNIFTY02JAN2420150CE.NFO,02/01/2024,13:02:21,1233.55,1180.6,200,1207.1,120,0,0
FINNIFTY02JAN2420150CE.NFO,02/01/2024,13:02:29,1233.55,1180.6,200,1206.25,120,0,0
FINNIFTY02JAN2420150CE.NFO,02/01/2024,13:02:36,1233.55,1180.6,200,1205.25,120,0,0
FINNIFTY02JAN2420150CE.NFO,02/01/2024,13:02:44,1233.55,1180.6,200,1204.6,120,0,0
FINNIFTY02JAN2420150CE.NFO,02/01/2024,13:02:52,1233.55,1180.6,200,1204.15,200,0,0
FINNIFTY02JAN2420150CE.NFO,02/01/2024,13:02:59,1233.55,1180.6,200,1203.85,120,0,0
FINNIFTY02JAN2420150CE.NFO,02/01/2024,13:03:06,1233.55,1180.6,200,1203.8,240,0,0
FINNIFTY02JAN2420150CE.NFO,02/01/2024,13:03:31,1233.55,1180.55,200,1203.8,240,0,0
FINNIFTY02JAN2420150CE.NFO,02/01/2024,13:03:39,1233.55,1180.55,200,1203.4,120,0,0
FINNIFTY02JAN2420150CE.NFO,02/01/2024,13:03:47,1233.55,1180.55,200,1202.95,200,0,0
FINNIFTY02JAN2420150CE.NFO,02/01/2024,13:03:54,1233.55,1180.6,200,1202.7,200,0,0
FINNIFTY02JAN2420150CE.NFO,02/01/2024,13:04:02,1233.55,1180.6,200,1202.65,240,0,0
FINNIFTY02JAN2420150CE.NFO,02/01/2024,13:04:22,1233.55,1180.6,200,1199.65,120,0,0
FINNIFTY02JAN2420150CE.NFO,02/01/2024,13:04:31,1233.55,1180.6,200,1199.45,200,0,0
FINNIFTY02JAN2420150CE.NFO,02/01/2024,13:04:48,1233.55,1180.6,200,1199.5,200,0,0
FINNIFTY02JAN2420150CE.NFO,02/01/2024,13:04:56,1233.55,1180.6,200,1223.2,80,0,0
FINNIFTY02JAN2420150CE.NFO,02/01/2024,13:05:39,1233.55,1180.6,200,1207.6,120,0,0
FINNIFTY02JAN2420150CE.NFO,02/01/2024,13:05:45,1233.55,1180.6,200,1206.7,120,0,0
FINNIFTY02JAN2420150CE.NFO,02/01/2024,13:05:51,1233.55,1180.6,200,1205.9,200,0,0
FINNIFTY02JAN2420150CE.NFO,02/01/2024,13:05:57,1233.55,1180.6,200,1204.85,120,0,0
FINNIFTY02JAN2420150CE.NFO,02/01/2024,13:06:03,1233.55,1180.6,200,1203.4,120,0,0
FINNIFTY02JAN2420150CE.NFO,02/01/2024,13:06:09,1233.55,1180.6,200,1203.1,120,0,0
FINNIFTY02JAN2420150CE.NFO,02/01/2024,13:06:15,1233.55,1180.6,200,1202.6,120,0,0
FINNIFTY02JAN2420150CE.NFO,02/01/2024,13:06:21,1233.55,1180.6,200,1202.3,120,0,0
FINNIFTY02JAN2420150CE.NFO,02/01/2024,13:06:27,1233.55,1180.6,200,1202.05,120,0,0
FINNIFTY02JAN2420150CE.NFO,02/01/2024,13:06:31,1233.55,1181.65,120,1201.2,120,0,0
FINNIFTY02JAN2420150CE.NFO,02/01/2024,13:06:36,1233.55,1184.25,120,1200.1,200,0,0
FINNIFTY02JAN2420150CE.NFO,02/01/2024,13:06:42,1233.55,1187.4,200,1205.45,200,0,0
FINNIFTY02JAN2420150CE.NFO,02/01/2024,13:06:47,1233.55,1190,120,1202.9,120,0,0
FINNIFTY02JAN2420150CE.NFO,02/01/2024,13:06:53,1233.55,1193.15,200,1201.45,200,0,0
FINNIFTY02JAN2420150CE.NFO,02/01/2024,13:06:58,1233.55,1194.7,120,1200.05,200,0,0
FINNIFTY02JAN2420150CE.NFO,02/01/2024,13:07:03,1233.55,1195.4,80,1214.25,80,0,0
FINNIFTY02JAN2420150CE.NFO,02/01/2024,13:07:08,1233.55,1195.4,120,1209.25,120,0,0
FINNIFTY02JAN2420150CE.NFO,02/01/2024,13:07:15,1233.55,1167.3,120,1205.1,120,0,0
FINNIFTY02JAN2420150CE.NFO,02/01/2024,13:07:20,1233.55,1170.7,80,1201.8,200,0,0
FINNIFTY02JAN2420150CE.NFO,02/01/2024,13:07:25,1233.55,1173.3,200,1215.3,200,0,0
FINNIFTY02JAN2420150CE.NFO,02/01/2024,13:07:31,1233.55,1177.15,200,1211.8,200,0,0
FINNIFTY02JAN2420150CE.NFO,02/01/2024,13:07:36,1233.55,1180.1,200,1208.95,200,0,0
FINNIFTY02JAN2420150CE.NFO,02/01/2024,13:07:41,1233.55,1182.95,80,1206.9,120,0,0
FINNIFTY02JAN2420150CE.NFO,02/01/2024,13:07:47,1233.55,1186.8,120,1203.9,240,0,0
FINNIFTY02JAN2420150CE.NFO,02/01/2024,13:07:53,1233.55,1189.6,120,1202.4,200,0,0
FINNIFTY02JAN2420150CE.NFO,02/01/2024,13:07:58,1233.55,1192.55,120,1210.55,80,0,0
FINNIFTY02JAN2420150CE.NFO,02/01/2024,13:08:05,1233.55,1195.1,120,1208.45,120,0,0
FINNIFTY02JAN2420150CE.NFO,02/01/2024,13:08:12,1233.55,1198.45,80,1208.25,280,0,0
FINNIFTY02JAN2420150CE.NFO,02/01/2024,13:08:18,1233.55,1200.5,120,1206.9,200,0,0
FINNIFTY02JAN2420150CE.NFO,02/01/2024,13:08:24,1233.55,1200.75,120,1232.05,320,0,0
FINNIFTY02JAN2420150CE.NFO,02/01/2024,13:08:30,1233.55,1202.35,120,1213.9,120,0,0
FINNIFTY02JAN2420150CE.NFO,02/01/2024,13:08:37,1233.55,1204.35,120,1212.1,320,0,0
FINNIFTY02JAN2420150CE.NFO,02/01/2024,13:08:44,1233.55,1164.75,200,1209.6,200,0,0
FINNIFTY02JAN2420150CE.NFO,02/01/2024,13:08:50,1233.55,1167.85,120,1209,360,0,0
FINNIFTY02JAN2420150CE.NFO,02/01/2024,13:08:56,1233.55,1171.05,200,1229.2,200,0,0
FINNIFTY02JAN2420150CE.NFO,02/01/2024,13:09:01,1233.55,1173.55,120,1227.05,120,0,0
FINNIFTY02JAN2420150CE.NFO,02/01/2024,13:09:06,1233.55,1176.1,120,1224.65,120,0,0
FINNIFTY02JAN2420150CE.NFO,02/01/2024,13:09:12,1233.55,1179.3,120,1219.75,120,0,0
FINNIFTY02JAN2420150CE.NFO,02/01/2024,13:09:18,1233.55,1182.5,200,1216.75,200,0,0
FINNIFTY02JAN2420150CE.NFO,02/01/2024,13:09:23,1233.55,1185.95,200,1213.5,120,0,0
FINNIFTY02JAN2420150CE.NFO,02/01/2024,13:09:29,1233.55,1189.5,120,1210.65,200,0,0
FINNIFTY02JAN2420150CE.NFO,02/01/2024,13:09:34,1233.55,1192.45,80,1209.05,200,0,0
FINNIFTY02JAN2420150CE.NFO,02/01/2024,13:09:39,1233.55,1196,120,1207.9,200,0,0
FINNIFTY02JAN2420150CE.NFO,02/01/2024,13:09:44,1233.55,1199.05,80,1207.8,400,0,0
FINNIFTY02JAN2420150CE.NFO,02/01/2024,13:09:50,1233.55,1201.7,120,1225.05,200,0,0
FINNIFTY02JAN2420150CE.NFO,02/01/2024,13:09:55,1233.55,1201.5,120,1219.7,120,0,0
FINNIFTY02JAN2420150CE.NFO,02/01/2024,13:10:01,1233.55,1201.6,120,1208.9,200,0,0
FINNIFTY02JAN2420150CE.NFO,02/01/2024,13:10:06,1233.55,1202.45,120,1208.45,120,0,0
FINNIFTY02JAN2420150CE.NFO,02/01/2024,13:10:11,1233.55,1202.9,200,1207.7,200,0,0
FINNIFTY02JAN2420150CE.NFO,02/01/2024,13:10:17,1233.55,1203.9,120,1227.85,200,0,0
FINNIFTY02JAN2420150CE.NFO,02/01/2024,13:10:23,1233.55,1166.9,120,1214.5,120,0,0
FINNIFTY02JAN2420150CE.NFO,02/01/2024,13:10:28,1233.55,1169.65,120,1211.65,120,0,0
FINNIFTY02JAN2420150CE.NFO,02/01/2024,13:10:30,1233.55,1170.65,200,1210.7,120,0,0
FINNIFTY02JAN2420150CE.NFO,02/01/2024,13:10:32,1233.55,1171.6,120,1209.9,120,0,0
FINNIFTY02JAN2420150CE.NFO,02/01/2024,13:10:34,1233.55,1172.6,120,1208.75,120,0,0
FINNIFTY02JAN2420150CE.NFO,02/01/2024,13:10:35,1233.55,1173.4,120,1208.25,80,0,0
FINNIFTY02JAN2420150CE.NFO,02/01/2024,13:10:37,1233.55,1174.65,120,1207.8,120,0,0
FINNIFTY02JAN2420150CE.NFO,02/01/2024,13:10:39,1233.55,1175.65,200,1207.25,200,0,0
FINNIFTY02JAN2420150CE.NFO,02/01/2024,13:10:40,1233.55,1176.55,120,1207.6,400,0,0
FINNIFTY02JAN2420150CE.NFO,02/01/2024,13:10:42,1233.55,1177.5,200,1220.7,320,0,0
FINNIFTY02JAN2420150CE.NFO,02/01/2024,13:10:44,1233.55,1178.75,120,1219.7,120,0,0
FINNIFTY02JAN2420150CE.NFO,02/01/2024,13:10:46,1233.55,1179.65,120,1219.15,320,0,0
FINNIFTY02JAN2420150CE.NFO,02/01/2024,13:10:47,1233.55,1180.7,120,1218.35,120,0,0
FINNIFTY02JAN2420150CE.NFO,02/01/2024,13:10:49,1233.55,1181.8,120,1217.45,320,0,0
FINNIFTY02JAN2420150CE.NFO,02/01/2024,13:10:51,1233.55,1182.5,200,1216.8,200,0,0
FINNIFTY02JAN2420150CE.NFO,02/01/2024,13:10:52,1233.55,1183.35,120,1216.05,320,0,0
FINNIFTY02JAN2420150CE.NFO,02/01/2024,13:10:54,1233.55,1184.3,200,1215.25,200,0,0
FINNIFTY02JAN2420150CE.NFO,02/01/2024,13:10:56,1233.55,1185.45,200,1214.6,200,0,0
FINNIFTY02JAN2420150CE.NFO,02/01/2024,13:10:57,1233.55,1186.2,200,1214.05,120,0,0
FINNIFTY02JAN2420150CE.NFO,02/01/2024,13:10:59,1233.55,1187.5,120,1213.15,120,0,0
FINNIFTY02JAN2420150CE.NFO,02/01/2024,13:11:01,1233.55,1188.4,200,1212.3,200,0,0
FINNIFTY02JAN2420150CE.NFO,02/01/2024,13:11:02,1233.55,1189.35,120,1211.4,120,0,0
FINNIFTY02JAN2420150CE.NFO,02/01/2024,13:11:04,1233.55,1190.7,120,1210.3,120,0,0
FINNIFTY02JAN2420150CE.NFO,02/01/2024,13:11:06,1233.55,1192.2,80,1209.3,80,0,0
FINNIFTY02JAN2420150CE.NFO,02/01/2024,13:11:07,1233.55,1193.4,120,1208.1,120,0,0
FINNIFTY02JAN2420150CE.NFO,02/01/2024,13:11:09,1233.55,1194.35,200,1207.35,200,0,0
FINNIFTY02JAN2420150CE.NFO,02/01/2024,13:11:11,1233.55,1195.05,200,1206.55,120,0,0
FINNIFTY02JAN2420150CE.NFO,02/01/2024,13:11:12,1233.55,1195.7,120,1206.25,120,0,0
FINNIFTY02JAN2420150CE.NFO,02/01/2024,13:11:14,1233.55,1197.1,200,1205.6,200,0,0
FINNIFTY02JAN2420150CE.NFO,02/01/2024,13:11:16,1233.55,1198.5,200,1205.25,200,0,0
FINNIFTY02JAN2420150CE.NFO,02/01/2024,13:11:17,1233.55,1199.05,120,1204.75,120,0,0
FINNIFTY02JAN2420150CE.NFO,02/01/2024,13:11:19,1233.55,1199.9,120,1215.2,120,0,0
FINNIFTY02JAN2420150CE.NFO,02/01/2024,13:11:21,1233.55,1200.05,120,1214.65,120,0,0
FINNIFTY02JAN2420150CE.NFO,02/01/2024,13:11:22,1233.55,1200.05,120,1213.65,200,0,0
FINNIFTY02JAN2420150CE.NFO,02/01/2024,13:11:24,1233.55,1200.05,120,1211.85,200,0,0
FINNIFTY02JAN2420150CE.NFO,02/01/2024,13:11:26,1233.55,1199.85,200,1210.4,120,0,0
FINNIFTY02JAN2420150CE.NFO,02/01/2024,13:11:27,1233.55,1199.9,80,1208.6,120,0,0
FINNIFTY02JAN2420150CE.NFO,02/01/2024,13:11:29,1233.55,1200.05,80,1206.85,200,0,0
FINNIFTY02JAN2420150CE.NFO,02/01/2024,13:11:31,1233.55,1164.55,200,1205.75,400,0,0
FINNIFTY02JAN2420150CE.NFO,02/01/2024,13:11:32,1233.55,1165.4,120,1205.4,400,0,0
FINNIFTY02JAN2420150CE.NFO,02/01/2024,13:11:34,1233.55,1166.15,200,1204.65,200,0,0
FINNIFTY02JAN2420150CE.NFO,02/01/2024,13:11:36,1233.55,1166.9,200,1204.2,200,0,0
FINNIFTY02JAN2420150CE.NFO,02/01/2024,13:11:37,1233.55,1167.6,120,1203.75,120,0,0
FINNIFTY02JAN2420150CE.NFO,02/01/2024,13:11:39,1233.55,1168.5,120,1203.2,120,0,0
FINNIFTY02JAN2420150CE.NFO,02/01/2024,13:11:41,1233.55,1169.4,200,1202.65,200,0,0
FINNIFTY02JAN2420150CE.NFO,02/01/2024,13:11:42,1233.55,1170.15,120,1232.2,80,0,0
FINNIFTY02JAN2420150CE.NFO,02/01/2024,13:11:44,1233.55,1171.35,200,1206.65,320,0,0
FINNIFTY02JAN2420150CE.NFO,02/01/2024,13:11:46,1233.55,1172.1,200,1205.7,200,0,0
FINNIFTY02JAN2420150CE.NFO,02/01/2024,13:11:47,1233.55,1173.05,200,1204.95,320,0,0
FINNIFTY02JAN2420150CE.NFO,02/01/2024,13:11:49,1233.55,1174.3,200,1204.45,200,0,0
FINNIFTY02JAN2420150CE.NFO,02/01/2024,13:11:51,1233.55,1175.5,200,1203.85,200,0,0
FINNIFTY02JAN2420150CE.NFO,02/01/2024,13:11:52,1233.55,1176.4,200,1203.55,200,0,0
FINNIFTY02JAN2420150CE.NFO,02/01/2024,13:11:54,1233.55,1177.8,120,1216.35,120,0,0
FINNIFTY02JAN2420150CE.NFO,02/01/2024,13:11:56,1233.55,1178.6,200,1215.5,200,0,0
FINNIFTY02JAN2420150CE.NFO,02/01/2024,13:11:57,1233.55,1179.2,120,1215,120,0,0
FINNIFTY02JAN2420150CE.NFO,02/01/2024,13:11:59,1233.55,1179.9,120,1214.4,120,0,0
FINNIFTY02JAN2420150CE.NFO,02/01/2024,13:12:01,1233.55,1180.5,200,1213.85,400,0,0
FINNIFTY02JAN2420150CE.NFO,02/01/2024,13:12:02,1233.55,1181.25,200,1213.35,200,0,0
FINNIFTY02JAN2420150CE.NFO,02/01/2024,13:12:04,1233.55,1182.35,200,1212.45,200,0,0
FINNIFTY02JAN2420150CE.NFO,02/01/2024,13:12:07,1233.55,1184.95,120,1210.15,80,0,0
FINNIFTY02JAN2420150CE.NFO,02/01/2024,13:12:11,1233.55,1187.35,200,1207.85,200,0,0
FINNIFTY02JAN2420150CE.NFO,02/01/2024,13:12:12,1233.55,1188.05,120,1207.15,120,0,0
FINNIFTY02JAN2420150CE.NFO,02/01/2024,13:12:14,1233.55,1189.2,120,1206.4,120,0,0
FINNIFTY02JAN2420150CE.NFO,02/01/2024,13:12:16,1233.55,1190.1,200,1206,200,0,0
FINNIFTY02JAN2420150CE.NFO,02/01/2024,13:12:17,1233.55,1191,200,1205.6,120,0,0
FINNIFTY02JAN2420150CE.NFO,02/01/2024,13:12:19,1233.55,1192.45,200,1205.15,200,0,0
FINNIFTY02JAN2420150CE.NFO,02/01/2024,13:12:21,1233.55,1193.7,200,1205.25,200,0,0
FINNIFTY02JAN2420150CE.NFO,02/01/2024,13:12:22,1233.55,1195,120,1204.85,120,0,0
FINNIFTY02JAN2420150CE.NFO,02/01/2024,13:12:24,1233.55,1196.4,120,1204.25,120,0,0
FINNIFTY02JAN2420150CE.NFO,02/01/2024,13:12:26,1233.55,1197.3,200,1203.85,200,0,0
FINNIFTY02JAN2420150CE.NFO,02/01/2024,13:12:27,1233.55,1197.85,120,1203.65,120,0,0
FINNIFTY02JAN2420150CE.NFO,02/01/2024,13:12:29,1233.55,1198.1,120,1203.45,200,0,0
FINNIFTY02JAN2420150CE.NFO,02/01/2024,13:12:31,1233.55,1198.2,200,1203.65,200,0,0
FINNIFTY02JAN2420150CE.NFO,02/01/2024,13:12:32,1233.55,1198.45,120,1203.55,200,0,0
FINNIFTY02JAN2420150CE.NFO,02/01/2024,13:12:34,1233.55,1198.5,200,1203.75,200,0,0
FINNIFTY02JAN2420150CE.NFO,02/01/2024,13:12:35,1233.55,1198.65,120,1209.75,80,0,0
FINNIFTY02JAN2420150CE.NFO,02/01/2024,13:12:37,1233.55,1198.95,120,1208.3,120,0,0
FINNIFTY02JAN2420150CE.NFO,02/01/2024,13:12:39,1233.55,1198.85,120,1206.55,200,0,0
FINNIFTY02JAN2420150CE.NFO,02/01/2024,13:12:40,1233.55,1198.8,120,1205.2,120,0,0
FINNIFTY02JAN2420150CE.NFO,02/01/2024,13:12:42,1233.55,1198.8,120,1204.3,120,0,0
FINNIFTY02JAN2420150CE.NFO,02/01/2024,13:12:44,1233.55,1198.6,120,1204.15,120,0,0
FINNIFTY02JAN2420150CE.NFO,02/01/2024,13:12:45,1233.55,1198.55,120,1203.8,200,0,0
FINNIFTY02JAN2420150CE.NFO,02/01/2024,13:12:47,1233.55,1198.6,120,1203.85,200,0,0
FINNIFTY02JAN2420150CE.NFO,02/01/2024,13:12:49,1233.55,1199.3,120,1222.55,200,0,0
FINNIFTY02JAN2420150CE.NFO,02/01/2024,13:12:50,1233.55,1199.45,120,1221.45,120,0,0
FINNIFTY02JAN2420150CE.NFO,02/01/2024,13:12:52,1233.55,1199.2,120,1219.8,120,0,0
FINNIFTY02JAN2420150CE.NFO,02/01/2024,13:12:54,1233.55,1199.3,80,1217.7,120,0,0
FINNIFTY02JAN2420150CE.NFO,02/01/2024,13:12:56,1233.55,1199.25,120,1216.1,120,0,0
FINNIFTY02JAN2420150CE.NFO,02/01/2024,13:12:57,1233.55,1199.3,80,1214.1,200,0,0
FINNIFTY02JAN2420150CE.NFO,02/01/2024,13:12:59,1233.55,1164.65,200,1212.5,120,0,0
FINNIFTY02JAN2420150CE.NFO,02/01/2024,13:13:01,1233.55,1165.55,200,1211.8,200,0,0
FINNIFTY02JAN2420150CE.NFO,02/01/2024,13:13:02,1233.55,1166.7,120,1210.75,120,0,0
FINNIFTY02JAN2420150CE.NFO,02/01/2024,13:13:04,1233.55,1167.95,200,1210,200,0,0
FINNIFTY02JAN2420150CE.NFO,02/01/2024,13:13:05,1233.55,1168.75,120,1209.15,120,0,0
FINNIFTY02JAN2420150CE.NFO,02/01/2024,13:13:07,1233.55,1169.9,200,1207.95,200,0,0
FINNIFTY02JAN2420150CE.NFO,02/01/2024,13:13:09,1233.55,1171.7,200,1206.35,200,0,0
FINNIFTY02JAN2420150CE.NFO,02/01/2024,13:13:10,1233.55,1173,120,1205.35,80,0,0
FINNIFTY02JAN2420150CE.NFO,02/01/2024,13:13:12,1233.55,1174.7,120,1204.7,200,0,0
FINNIFTY02JAN2420150CE.NFO,02/01/2024,13:13:14,1233.55,1176,120,1204.2,120,0,0
FINNIFTY02JAN2420150CE.NFO,02/01/2024,13:13:15,1233.55,1177,120,1203.95,200,0,0
FINNIFTY02JAN2420150CE.NFO,02/01/2024,13:13:17,1233.55,1178.3,120,1204.2,200,0,0
FINNIFTY02JAN2420150CE.NFO,02/01/2024,13:13:19,1233.55,1179.95,120,1204.3,200,0,0
FINNIFTY02JAN2420150CE.NFO,02/01/2024,13:13:20,1233.55,1181.5,120,1204,120,0,0
FINNIFTY02JAN2420150CE.NFO,02/01/2024,13:13:22,1233.55,1183,200,1203.65,200,0,0
FINNIFTY02JAN2420150CE.NFO,02/01/2024,13:13:24,1233.55,1184.5,200,1204.2,200,0,0
FINNIFTY02JAN2420150CE.NFO,02/01/2024,13:13:25,1233.55,1185.45,120,1203.95,120,0,0
FINNIFTY02JAN2420150CE.NFO,02/01/2024,13:13:27,1233.55,1186.85,120,1203.45,120,0,0
FINNIFTY02JAN2420150CE.NFO,02/01/2024,13:13:29,1233.55,1187.9,200,1203.4,200,0,0
FINNIFTY02JAN2420150CE.NFO,02/01/2024,13:13:30,1233.55,1189,120,1203.35,200,0,0
FINNIFTY02JAN2420150CE.NFO,02/01/2024,13:13:31,1233.55,1189.9,120,1203.7,200,0,0
FINNIFTY02JAN2420150CE.NFO,02/01/2024,13:13:33,1233.55,1191.8,120,1203.7,200,0,0
FINNIFTY02JAN2420150CE.NFO,02/01/2024,13:13:35,1233.55,1193.1,200,1224.15,400,0,0
FINNIFTY02JAN2420150CE.NFO,02/01/2024,13:13:36,1233.55,1194,120,1206.6,120,0,0
FINNIFTY02JAN2420150CE.NFO,02/01/2024,13:13:40,1233.55,1196.5,120,1204.35,120,0,0
FINNIFTY02JAN2420150CE.NFO,02/01/2024,13:13:41,1233.55,1196.9,120,1203.85,120,0,0
FINNIFTY02JAN2420150CE.NFO,02/01/2024,13:13:43,1233.55,1197,200,1203.15,120,0,0
FINNIFTY02JAN2420150CE.NFO,02/01/2024,13:13:45,1233.55,1197.15,120,1202.5,200,0,0
FINNIFTY02JAN2420150CE.NFO,02/01/2024,13:13:46,1233.55,1197.75,120,1209.2,120,0,0
FINNIFTY02JAN2420150CE.NFO,02/01/2024,13:13:48,1233.55,1197.75,120,1207.7,200,0,0
FINNIFTY02JAN2420150CE.NFO,02/01/2024,13:13:50,1233.55,1197.65,120,1206.15,200,0,0
FINNIFTY02JAN2420150CE.NFO,02/01/2024,13:13:51,1233.55,1197.75,120,1204.85,120,0,0
FINNIFTY02JAN2420150CE.NFO,02/01/2024,13:13:53,1233.55,1197.6,120,1203.85,200,0,0
FINNIFTY02JAN2420150CE.NFO,02/01/2024,13:13:55,1233.55,1197.85,200,1203.6,200,0,0
FINNIFTY02JAN2420150CE.NFO,02/01/2024,13:13:56,1233.55,1198.05,120,1203.35,200,0,0
FINNIFTY02JAN2420150CE.NFO,02/01/2024,13:13:58,1233.55,1198.1,120,1203.6,200,0,0
FINNIFTY02JAN2420150CE.NFO,02/01/2024,13:14:00,1233.55,1198.2,200,1224.4,400,0,0
FINNIFTY02JAN2420150CE.NFO,02/01/2024,13:14:01,1233.55,1198.2,80,1223.9,120,0,0
FINNIFTY02JAN2420150CE.NFO,02/01/2024,13:14:03,1233.55,1198.65,120,1218.5,400,0,0
FINNIFTY02JAN2420150CE.NFO,02/01/2024,13:14:05,1233.55,1198.6,120,1217.4,200,0,0
FINNIFTY02JAN2420150CE.NFO,02/01/2024,13:14:06,1233.55,1164.65,120,1216.7,200,0,0
FINNIFTY02JAN2420150CE.NFO,02/01/2024,13:14:08,1233.55,1165.85,120,1215.8,400,0,0
FINNIFTY02JAN2420150CE.NFO,02/01/2024,13:14:10,1233.55,1167.35,120,1214.55,120,0,0
FINNIFTY02JAN2420150CE.NFO,02/01/2024,13:14:11,1233.55,1168.5,120,1213.8,120,0,0
FINNIFTY02JAN2420150CE.NFO,02/01/2024,13:14:13,1233.55,1169.65,80,1212.85,120,0,0
FINNIFTY02JAN2420150CE.NFO,02/01/2024,13:14:15,1233.55,1170.95,80,1211.85,80,0,0
FINNIFTY02JAN2420150CE.NFO,02/01/2024,13:14:16,1233.55,1171.6,120,1211.3,120,0,0
FINNIFTY02JAN2420150CE.NFO,02/01/2024,13:14:18,1233.55,1172.8,120,1210.15,120,0,0
FINNIFTY02JAN2420150CE.NFO,02/01/2024,13:14:20,1233.55,1173.75,200,1209.25,400,0,0
FINNIFTY02JAN2420150CE.NFO,02/01/2024,13:14:21,1233.55,1174.45,120,1208.75,120,0,0
FINNIFTY02JAN2420150CE.NFO,02/01/2024,13:14:23,1233.55,1175.5,120,1207.75,120,0,0
FINNIFTY02JAN2420150CE.NFO,02/01/2024,13:14:25,1233.55,1177.15,120,1206.55,120,0,0
FINNIFTY02JAN2420150CE.NFO,02/01/2024,13:14:26,1233.55,1178.2,120,1205.85,200,0,0
FINNIFTY02JAN2420150CE.NFO,02/01/2024,13:14:28,1233.55,1179.3,120,1204.75,120,0,0
FINNIFTY02JAN2420150CE.NFO,02/01/2024,13:14:30,1233.55,1180.55,200,1203.8,200,0,0
FINNIFTY02JAN2420150CE.NFO,02/01/2024,13:14:32,1233.55,1181.25,200,1203.3,200,0,0
FINNIFTY02JAN2420150CE.NFO,02/01/2024,13:14:33,1233.55,1182.15,120,1203.35,80,0,0
FINNIFTY02JAN2420150CE.NFO,02/01/2024,13:14:35,1233.55,1183.75,120,1203.3,200,0,0
FINNIFTY02JAN2420150CE.NFO,02/01/2024,13:14:37,1233.55,1185.35,200,1227.85,200,0,0
FINNIFTY02JAN2420150CE.NFO,02/01/2024,13:14:38,1233.55,1186.1,200,1227.15,200,0,0
FINNIFTY02JAN2420150CE.NFO,02/01/2024,13:14:40,1233.55,1187.15,200,1226.2,200,0,0
FINNIFTY02JAN2420150CE.NFO,02/01/2024,13:14:42,1233.55,1188,200,1225.5,200,0,0
FINNIFTY02JAN2420150CE.NFO,02/01/2024,13:14:43,1233.55,1188.85,120,1224.65,120,0,0
FINNIFTY02JAN2420150CE.NFO,02/01/2024,13:14:45,1233.55,1189.95,120,1223.5,120,0,0
FINNIFTY02JAN2420150CE.NFO,02/01/2024,13:14:50,1233.55,1193.55,80,1219.95,400,0,0
FINNIFTY02JAN2420150CE.NFO,02/01/2024,13:14:52,1233.55,1194.95,200,1210.2,80,0,0
FINNIFTY02JAN2420150CE.NFO,02/01/2024,13:14:53,1233.55,1196.15,120,1209.2,120,0,0
FINNIFTY02JAN2420150CE.NFO,02/01/2024,13:14:55,1233.55,1196.9,200,1208.3,200,0,0
FINNIFTY02JAN2420150CE.NFO,02/01/2024,13:14:57,1233.55,1196.95,120,1206.7,200,0,0
FINNIFTY02JAN2420150CE.NFO,02/01/2024,13:14:58,1233.55,1197,120,1205.4,120,0,0
FINNIFTY02JAN2420150CE.NFO,02/01/2024,13:15:00,1233.55,1197.8,120,1204.4,120,0,0
FINNIFTY02JAN2420150CE.NFO,02/01/2024,13:15:02,1233.55,1197.75,80,1203.65,200,0,0
FINNIFTY02JAN2420150CE.NFO,02/01/2024,13:15:03,1233.55,1197.8,120,1202.85,120,0,0
FINNIFTY02JAN2420150CE.NFO,02/01/2024,13:15:05,1233.55,1197.8,80,1203.05,200,0,0
FINNIFTY02JAN2420150CE.NFO,02/01/2024,13:15:08,1233.55,1197.7,120,1202.55,200,0,0
FINNIFTY02JAN2420150CE.NFO,02/01/2024,13:15:10,1233.55,1197.7,120,1202.35,200,0,0
FINNIFTY02JAN2420150CE.NFO,02/01/2024,13:15:12,1233.55,1197.85,120,1208.8,200,0,0
FINNIFTY02JAN2420150CE.NFO,02/01/2024,13:15:13,1233.55,1197.85,120,1207.3,80,0,0
FINNIFTY02JAN2420150CE.NFO,02/01/2024,13:15:15,1233.55,1198.5,200,1206.6,120,0,0
FINNIFTY02JAN2420150CE.NFO,02/01/2024,13:15:17,1233.55,1198.8,120,1205.6,200,0,0
FINNIFTY02JAN2420150CE.NFO,02/01/2024,13:15:18,1233.55,1198.85,120,1204.95,200,0,0
FINNIFTY02JAN2420150CE.NFO,02/01/2024,13:15:20,1233.55,1199.75,120,1205.3,400,0,0
FINNIFTY02JAN2420150CE.NFO,02/01/2024,13:15:22,1233.55,1199.7,120,1204.85,200,0,0
FINNIFTY02JAN2420150CE.NFO,02/01/2024,13:15:23,1233.55,1199.6,120,1204.65,200,0,0
FINNIFTY02JAN2420150CE.NFO,02/01/2024,13:15:25,1233.55,1164.45,200,1203.9,80,0,0
FINNIFTY02JAN2420150CE.NFO,02/01/2024,13:15:27,1233.55,1165,200,1232.3,520,0,0
FINNIFTY02JAN2420150CE.NFO,02/01/2024,13:15:28,1233.55,1165.5,200,1232,200,0,0
FINNIFTY02JAN2420150CE.NFO,02/01/2024,13:15:30,1233.55,1166.7,120,1231,120,0,0
FINNIFTY02JAN2420150CE.NFO,02/01/2024,13:15:32,1233.55,1167.35,200,1230.4,400,0,0
FINNIFTY02JAN2420150CE.NFO,02/01/2024,13:15:33,1233.55,1168.3,120,1229.65,200,0,0
FINNIFTY02JAN2420150CE.NFO,02/01/2024,13:15:35,1233.55,1169.4,120,1228.5,200,0,0
FINNIFTY02JAN2420150CE.NFO,02/01/2024,13:15:37,1233.55,1170.35,200,1227.35,200,0,0
FINNIFTY02JAN2420150CE.NFO,02/01/2024,13:15:38,1233.55,1171.65,80,1226.75,80,0,0
FINNIFTY02JAN2420150CE.NFO,02/01/2024,13:15:40,1233.55,1172.6,120,1225.95,80,0,0
FINNIFTY02JAN2420150CE.NFO,02/01/2024,13:15:42,1233.55,1173.45,200,1225.45,120,0,0
FINNIFTY02JAN2420150CE.NFO,02/01/2024,13:15:43,1233.55,1174.1,120,1224.9,160,0,0
FINNIFTY02JAN2420150CE.NFO,02/01/2024,13:15:45,1233.55,1175.35,120,1223.95,120,0,0
FINNIFTY02JAN2420150CE.NFO,02/01/2024,13:15:47,1233.55,1176.3,200,1213.8,200,0,0
FINNIFTY02JAN2420150CE.NFO,02/01/2024,13:15:48,1233.55,1177.35,120,1212.8,120,0,0
FINNIFTY02JAN2420150CE.NFO,02/01/2024,13:15:50,1233.55,1179.05,120,1211.1,80,0,0
FINNIFTY02JAN2420150CE.NFO,02/01/2024,13:15:52,1233.55,1180.15,200,1210,200,0,0
FINNIFTY02JAN2420150CE.NFO,02/01/2024,13:15:53,1233.55,1181.3,80,1209.25,120,0,0
FINNIFTY02JAN2420150CE.NFO,02/01/2024,13:15:55,1233.55,1182.8,80,1208.05,200,0,0
FINNIFTY02JAN2420150CE.NFO,02/01/2024,13:15:57,1233.55,1183.75,120,1207.15,120,0,0
FINNIFTY02JAN2420150CE.NFO,02/01/2024,13:15:58,1233.55,1184.3,120,1206.8,320,0,0
FINNIFTY02JAN2420150CE.NFO,02/01/2024,13:16:00,1233.55,1185,200,1205.95,200,0,0
FINNIFTY02JAN2420150CE.NFO,02/01/2024,13:16:02,1233.55,1185.85,200,1205.45,200,0,0
FINNIFTY02JAN2420150CE.NFO,02/01/2024,13:16:03,1233.55,1187.2,120,1204.95,120,0,0
FINNIFTY02JAN2420150CE.NFO,02/01/2024,13:16:05,1233.55,1188,200,1204.75,200,0,0
FINNIFTY02JAN2420150CE.NFO,02/01/2024,13:16:06,1233.55,1189.1,120,1204.95,120,0,0
FINNIFTY02JAN2420150CE.NFO,02/01/2024,13:16:08,1233.55,1190.35,120,1204.65,200,0,0
FINNIFTY02JAN2420150CE.NFO,02/01/2024,13:16:10,1233.55,1191.6,120,1204.7,200,0,0
FINNIFTY02JAN2420150CE.NFO,02/01/2024,13:16:11,1233.55,1192.45,120,1204.35,120,0,0
FINNIFTY02JAN2420150CE.NFO,02/01/2024,13:16:13,1233.55,1193.55,120,1203.85,120,0,0
FINNIFTY02JAN2420150CE.NFO,02/01/2024,13:16:15,1233.55,1194.65,120,1203.95,200,0,0
FINNIFTY02JAN2420150CE.NFO,02/01/2024,13:16:16,1233.55,1195.45,80,1203.8,200,0,0
FINNIFTY02JAN2420150CE.NFO,02/01/2024,13:16:18,1233.55,1197.05,120,1204.05,120,0,0
FINNIFTY02JAN2420150CE.NFO,02/01/2024,13:16:20,1233.55,1198.5,120,1204.05,200,0,0
FINNIFTY02JAN2420150CE.NFO,02/01/2024,13:16:21,1233.55,1198.6,120,1204.3,280,0,0
FINNIFTY02JAN2420150CE.NFO,02/01/2024,13:16:23,1233.55,1198.6,120,1204.2,200,0,0
FINNIFTY02JAN2420150CE.NFO,02/01/2024,13:16:25,1233.55,1198.6,120,1203.6,200,0,0
FINNIFTY02JAN2420150CE.NFO,02/01/2024,13:16:26,1233.55,1198.35,320,1203.4,200,0,0
FINNIFTY02JAN2420150CE.NFO,02/01/2024,13:16:28,1233.55,1198.3,120,1203.2,120,0,0
FINNIFTY02JAN2420150CE.NFO,02/01/2024,13:16:30,1233.55,1198.3,120,1203.3,320,0,0
FINNIFTY02JAN2420150CE.NFO,02/01/2024,13:16:32,1233.55,1197.15,720,1202.85,200,0,0
FINNIFTY02JAN2420150CE.NFO,02/01/2024,13:16:33,1233.55,1197.45,120,1203.1,200,0,0
FINNIFTY02JAN2420150CE.NFO,02/01/2024,13:16:35,1233.55,1198.2,120,1209.7,200,0,0
FINNIFTY02JAN2420150CE.NFO,02/01/2024,13:16:36,1233.55,1198.35,120,1208.6,120,0,0
FINNIFTY02JAN2420150CE.NFO,02/01/2024,13:16:38,1233.55,1198.2,120,1206.7,200,0,0
FINNIFTY02JAN2420150CE.NFO,02/01/2024,13:16:40,1233.55,1198.2,120,1204.7,200,0,0
FINNIFTY02JAN2420150CE.NFO,02/01/2024,13:16:41,1233.55,1164.5,200,1203.9,200,0,0
FINNIFTY02JAN2420150CE.NFO,02/01/2024,13:16:43,1233.55,1165.7,120,1203.3,120,0,0
FINNIFTY02JAN2420150CE.NFO,02/01/2024,13:16:45,1233.55,1166.75,120,1202.85,200,0,0
FINNIFTY02JAN2420150CE.NFO,02/01/2024,13:16:46,1233.55,1167.65,120,1202.5,120,0,0
FINNIFTY02JAN2420150CE.NFO,02/01/2024,13:16:48,1233.55,1169,200,1202.2,200,0,0
FINNIFTY02JAN2420150CE.NFO,02/01/2024,13:16:50,1233.55,1170.4,120,1223.6,200,0,0
FINNIFTY02JAN2420150CE.NFO,02/01/2024,13:16:51,1233.55,1171.3,120,1222.6,120,0,0
FINNIFTY02JAN2420150CE.NFO,02/01/2024,13:16:53,1233.55,1172.55,120,1221.5,200,0,0
FINNIFTY02JAN2420150CE.NFO,02/01/2024,13:16:55,1233.55,1173.9,200,1220.6,200,0,0
FINNIFTY02JAN2420150CE.NFO,02/01/2024,13:16:56,1233.55,1174.85,120,1219.75,120,0,0
FINNIFTY02JAN2420150CE.NFO,02/01/2024,13:16:58,1233.55,1175.8,120,1219.1,240,0,0
FINNIFTY02JAN2420150CE.NFO,02/01/2024,13:17:00,1233.55,1176.85,200,1218.25,200,0,0
FINNIFTY02JAN2420150CE.NFO,02/01/2024,13:17:01,1233.55,1177.45,120,1217.8,120,0,0
FINNIFTY02JAN2420150CE.NFO,02/01/2024,13:17:03,1233.55,1178.1,120,1217.05,120,0,0
FINNIFTY02JAN2420150CE.NFO,02/01/2024,13:17:05,1233.55,1179.2,200,1216.25,320,0,0
FINNIFTY02JAN2420150CE.NFO,02/01/2024,13:17:06,1233.55,1180.1,120,1215.2,120,0,0
FINNIFTY02JAN2420150CE.NFO,02/01/2024,13:17:08,1233.55,1181.1,80,1214.3,200,0,0
FINNIFTY02JAN2420150CE.NFO,02/01/2024,13:17:10,1233.55,1182.1,80,1213.5,200,0,0
FINNIFTY02JAN2420150CE.NFO,02/01/2024,13:17:11,1233.55,1182.9,120,1212.95,120,0,0
FINNIFTY02JAN2420150CE.NFO,02/01/2024,13:17:13,1233.55,1183.85,120,1212.1,120,0,0
FINNIFTY02JAN2420150CE.NFO,02/01/2024,13:17:15,1233.55,1184.7,200,1211.5,400,0,0
FINNIFTY02JAN2420150CE.NFO,02/01/2024,13:17:16,1233.55,1185.35,120,1210.7,120,0,0
FINNIFTY02JAN2420150CE.NFO,02/01/2024,13:17:18,1233.55,1186.5,120,1209.6,120,0,0
FINNIFTY02JAN2420150CE.NFO,02/01/2024,13:17:20,1233.55,1188.3,200,1207.8,200,0,0
FINNIFTY02JAN2420150CE.NFO,02/01/2024,13:17:21,1233.55,1189.6,120,1206.5,120,0,0
FINNIFTY02JAN2420150CE.NFO,02/01/2024,13:17:23,1233.55,1190.7,200,1206,200,0,0
FINNIFTY02JAN2420150CE.NFO,02/01/2024,13:17:25,1233.55,1191.65,200,1205.75,200,0,0
FINNIFTY02JAN2420150CE.NFO,02/01/2024,13:17:26,1233.55,1192.7,120,1206,200,0,0
FINNIFTY02JAN2420150CE.NFO,02/01/2024,13:17:28,1233.55,1193.9,120,1205.5,120,0,0
FINNIFTY02JAN2420150CE.NFO,02/01/2024,13:17:30,1233.55,1195.1,200,1205.15,200,0,0
FINNIFTY02JAN2420150CE.NFO,02/01/2024,13:17:31,1233.55,1195.85,120,1205.35,240,0,0
FINNIFTY02JAN2420150CE.NFO,02/01/2024,13:17:33,1233.55,1197.2,200,1205.4,200,0,0
FINNIFTY02JAN2420150CE.NFO,02/01/2024,13:17:34,1233.55,1198.25,120,1231.9,400,0,0
FINNIFTY02JAN2420150CE.NFO,02/01/2024,13:17:36,1233.55,1199.7,120,1230.35,120,0,0
FINNIFTY02JAN2420150CE.NFO,02/01/2024,13:17:38,1233.55,1200.1,120,1229.3,200,0,0
FINNIFTY02JAN2420150CE.NFO,02/01/2024,13:17:39,1233.55,1199.65,200,1227.5,200,0,0
FINNIFTY02JAN2420150CE.NFO,02/01/2024,13:17:41,1233.55,1198.65,120,1225.8,120,0,0
FINNIFTY02JAN2420150CE.NFO,02/01/2024,13:17:42,1233.55,1198.65,120,1208.1,80,0,0
FINNIFTY02JAN2420150CE.NFO,02/01/2024,13:17:44,1233.55,1199.55,80,1206.25,120,0,0
FINNIFTY02JAN2420150CE.NFO,02/01/2024,13:17:46,1233.55,1199.65,120,1205.2,200,0,0
FINNIFTY02JAN2420150CE.NFO,02/01/2024,13:17:47,1233.55,1199.6,120,1204.6,200,0,0
FINNIFTY02JAN2420150CE.NFO,02/01/2024,13:17:49,1233.55,1199.6,120,1205.1,680,0,0
FINNIFTY02JAN2420150CE.NFO,02/01/2024,13:17:51,1233.55,1199.55,120,1204.55,200,0,0
FINNIFTY02JAN2420150CE.NFO,02/01/2024,13:17:52,1233.55,1199.15,200,1204,120,0,0
FINNIFTY02JAN2420150CE.NFO,02/01/2024,13:17:54,1233.55,1199.2,120,1204.2,200,0,0
FINNIFTY02JAN2420150CE.NFO,02/01/2024,13:17:56,1233.55,1199.15,200,1204.15,200,0,0
FINNIFTY02JAN2420150CE.NFO,02/01/2024,13:17:57,1233.55,1199.15,200,1203.85,200,0,0
FINNIFTY02JAN2420150CE.NFO,02/01/2024,13:17:59,1233.55,1199.35,120,1208.85,200,0,0
FINNIFTY02JAN2420150CE.NFO,02/01/2024,13:18:01,1233.55,1199.35,120,1207.45,200,0,0
FINNIFTY02JAN2420150CE.NFO,02/01/2024,13:18:02,1233.55,1199.35,120,1205.75,120,0,0
FINNIFTY02JAN2420150CE.NFO,02/01/2024,13:18:04,1233.55,1199.35,120,1205.05,120,0,0
FINNIFTY02JAN2420150CE.NFO,02/01/2024,13:18:06,1233.55,1199.35,120,1204.7,200,0,0
FINNIFTY02JAN2420150CE.NFO,02/01/2024,13:18:09,1233.55,1199.45,200,1204.75,200,0,0
FINNIFTY02JAN2420150CE.NFO,02/01/2024,13:18:11,1233.55,1199.45,80,1204.85,200,0,0
FINNIFTY02JAN2420150CE.NFO,02/01/2024,13:18:12,1233.55,1200,80,1204.95,200,0,0
FINNIFTY02JAN2420150CE.NFO,02/01/2024,13:18:14,1233.55,1200.1,80,1205.15,120,0,0
FINNIFTY02JAN2420150CE.NFO,02/01/2024,13:18:15,1233.55,1200.1,80,1205.1,80,0,0
FINNIFTY02JAN2420150CE.NFO,02/01/2024,13:18:17,1233.55,1200.1,80,1204.9,200,0,0
FINNIFTY02JAN2420150CE.NFO,02/01/2024,13:18:19,1233.55,1200.1,80,1205,200,0,0
FINNIFTY02JAN2420150CE.NFO,02/01/2024,13:18:20,1233.55,1200.1,80,1205.1,120,0,0
FINNIFTY02JAN2420150CE.NFO,02/01/2024,13:18:22,1233.55,1200.15,80,1224.7,200,0,0
FINNIFTY02JAN2420150CE.NFO,02/01/2024,13:18:24,1233.55,1200.55,200,1224.3,200,0,0
FINNIFTY02JAN2420150CE.NFO,02/01/2024,13:18:25,1233.55,1201,80,1223.75,120,0,0
FINNIFTY02JAN2420150CE.NFO,02/01/2024,13:18:27,1233.55,1200.8,120,1222.6,200,0,0
FINNIFTY02JAN2420150CE.NFO,02/01/2024,13:18:29,1233.55,1200.85,200,1220.95,120,0,0
FINNIFTY02JAN2420150CE.NFO,02/01/2024,13:18:33,1233.55,1164.65,120,1217.65,200,0,0
FINNIFTY02JAN2420150CE.NFO,02/01/2024,13:18:39,1233.55,1167.8,200,1214.8,200,0,0
FINNIFTY02JAN2420150CE.NFO,02/01/2024,13:18:43,1233.55,1170.2,120,1212.95,120,0,0
FINNIFTY02JAN2420150CE.NFO,02/01/2024,13:18:49,1233.55,1173.9,200,1209.75,200,0,0
FINNIFTY02JAN2420150CE.NFO,02/01/2024,13:18:54,1233.55,1177.85,120,1206.55,120,0,0
FINNIFTY02JAN2420150CE.NFO,02/01/2024,13:19:00,1233.55,1181.45,200,1205.45,200,0,0
FINNIFTY02JAN2420150CE.NFO,02/01/2024,13:19:05,1233.55,1184.55,200,1231.7,200,0,0
FINNIFTY02JAN2420150CE.NFO,02/01/2024,13:19:10,1233.55,1187.4,200,1206.9,200,0,0
FINNIFTY02JAN2420150CE.NFO,02/01/2024,13:19:14,1233.55,1190.35,120,1205,80,0,0
FINNIFTY02JAN2420150CE.NFO,02/01/2024,13:19:18,1233.55,1193,120,1231.65,200,0,0
FINNIFTY02JAN2420150CE.NFO,02/01/2024,13:19:22,1233.55,1195.4,120,1223.65,120,0,0
FINNIFTY02JAN2420150CE.NFO,02/01/2024,13:19:27,1233.55,1198.25,200,1220.5,200,0,0
FINNIFTY02JAN2420150CE.NFO,02/01/2024,13:19:31,1233.55,1200.25,120,1218.25,200,0,0
FINNIFTY02JAN2420150CE.NFO,02/01/2024,13:19:32,1233.55,1200.25,120,1216.35,200,0,0
FINNIFTY02JAN2420150CE.NFO,02/01/2024,13:19:34,1233.55,1200.9,120,1215.2,200,0,0
FINNIFTY02JAN2420150CE.NFO,02/01/2024,13:19:36,1233.55,1201.05,120,1213.4,200,0,0
FINNIFTY02JAN2420150CE.NFO,02/01/2024,13:19:37,1233.55,1201.05,120,1212.2,120,0,0
FINNIFTY02JAN2420150CE.NFO,02/01/2024,13:19:39,1233.55,1201,80,1210.65,120,0,0
FINNIFTY02JAN2420150CE.NFO,02/01/2024,13:19:41,1233.55,1164.35,960,1209.05,200,0,0
FINNIFTY02JAN2420150CE.NFO,02/01/2024,13:19:42,1233.55,1164.75,200,1208.25,200,0,0
FINNIFTY02JAN2420150CE.NFO,02/01/2024,13:19:44,1233.55,1166.05,120,1207.4,120,0,0
FINNIFTY02JAN2420150CE.NFO,02/01/2024,13:19:46,1233.55,1167.15,200,1206.65,200,0,0
FINNIFTY02JAN2420150CE.NFO,02/01/2024,13:19:47,1233.55,1168.4,120,1205.8,80,0,0
FINNIFTY02JAN2420150CE.NFO,02/01/2024,13:19:49,1233.55,1169.75,200,1205.2,120,0,0
FINNIFTY02JAN2420150CE.NFO,02/01/2024,13:19:51,1233.55,1171.05,120,1204.7,120,0,0
FINNIFTY02JAN2420150CE.NFO,02/01/2024,13:19:52,1233.55,1172.15,120,1225.15,960,0,0
FINNIFTY02JAN2420150CE.NFO,02/01/2024,13:19:54,1233.55,1173.35,200,1224.05,120,0,0
FINNIFTY02JAN2420150CE.NFO,02/01/2024,13:19:56,1233.55,1174.45,200,1222.75,200,0,0
FINNIFTY02JAN2420150CE.NFO,02/01/2024,13:19:57,1233.55,1175.35,200,1222.05,200,0,0
FINNIFTY02JAN2420150CE.NFO,02/01/2024,13:19:59,1233.55,1176.8,120,1220.65,400,0,0
FINNIFTY02JAN2420150CE.NFO,02/01/2024,13:20:01,1233.55,1178.2,200,1219.35,200,0,0
FINNIFTY02JAN2420150CE.NFO,02/01/2024,13:20:02,1233.55,1179.15,120,1218.15,120,0,0
FINNIFTY02JAN2420150CE.NFO,02/01/2024,13:20:04,1233.55,1180.65,120,1216.95,120,0,0
FINNIFTY02JAN2420150CE.NFO,02/01/2024,13:20:06,1233.55,1181.85,120,1215.85,120,0,0
FINNIFTY02JAN2420150CE.NFO,02/01/2024,13:20:07,1233.55,1182.8,80,1215.1,120,0,0
FINNIFTY02JAN2420150CE.NFO,02/01/2024,13:20:09,1233.55,1183.9,120,1214.15,120,0,0
FINNIFTY02JAN2420150CE.NFO,02/01/2024,13:20:11,1233.55,1185.15,200,1213.05,200,0,0
FINNIFTY02JAN2420150CE.NFO,02/01/2024,13:20:12,1233.55,1186.3,120,1212.15,120,0,0
FINNIFTY02JAN2420150CE.NFO,02/01/2024,13:20:14,1233.55,1187.5,200,1210.95,200,0,0
FINNIFTY02JAN2420150CE.NFO,02/01/2024,13:20:17,1233.55,1190.05,120,1208.55,120,0,0
FINNIFTY02JAN2420150CE.NFO,02/01/2024,13:20:19,1233.55,1191.55,120,1207.1,240,0,0
FINNIFTY02JAN2420150CE.NFO,02/01/2024,13:20:21,1233.55,1192.6,200,1206.45,200,0,0
FINNIFTY02JAN2420150CE.NFO,02/01/2024,13:20:22,1233.55,1193.55,120,1205.9,120,0,0
FINNIFTY02JAN2420150CE.NFO,02/01/2024,13:20:24,1233.55,1195.15,120,1205.5,200,0,0
FINNIFTY02JAN2420150CE.NFO,02/01/2024,13:20:26,1233.55,1196.6,200,1206,200,0,0
FINNIFTY02JAN2420150CE.NFO,02/01/2024,13:20:27,1233.55,1198,80,1205.75,120,0,0
FINNIFTY02JAN2420150CE.NFO,02/01/2024,13:20:29,1233.55,1199.2,200,1205.35,200,0,0
FINNIFTY02JAN2420150CE.NFO,02/01/2024,13:20:30,1233.55,1199.6,200,1204.85,200,0,0
FINNIFTY02JAN2420150CE.NFO,02/01/2024,13:20:32,1233.55,1199.6,200,1205.1,280,0,0
FINNIFTY02JAN2420150CE.NFO,02/01/2024,13:20:34,1233.55,1199.6,200,1205,200,0,0
FINNIFTY02JAN2420150CE.NFO,02/01/2024,13:20:35,1233.55,1199.6,200,1204.9,240,0,0
FINNIFTY02JAN2420150CE.NFO,02/01/2024,13:20:37,1233.55,1199.55,200,1204.5,200,0,0
FINNIFTY02JAN2420150CE.NFO,02/01/2024,13:20:39,1233.55,1199.6,200,1204.7,200,0,0
FINNIFTY02JAN2420150CE.NFO,02/01/2024,13:20:40,1233.55,1199.55,200,1204.85,200,0,0
FINNIFTY02JAN2420150CE.NFO,02/01/2024,13:20:42,1233.55,1164.6,200,1204.25,200,0,0
FINNIFTY02JAN2420150CE.NFO,02/01/2024,13:20:44,1233.55,1165.2,200,1203.85,200,0,0
FINNIFTY02JAN2420150CE.NFO,02/01/2024,13:20:45,1233.55,1166.05,120,1203.5,120,0,0
FINNIFTY02JAN2420150CE.NFO,02/01/2024,13:20:47,1233.55,1166.8,200,1202.95,200,0,0
FINNIFTY02JAN2420150CE.NFO,02/01/2024,13:20:49,1233.55,1167.7,200,1202.45,200,0,0
FINNIFTY02JAN2420150CE.NFO,02/01/2024,13:20:50,1233.55,1168.35,120,1202.05,120,0,0
FINNIFTY02JAN2420150CE.NFO,02/01/2024,13:20:52,1233.55,1169.1,120,1201.7,200,0,0
FINNIFTY02JAN2420150CE.NFO,02/01/2024,13:20:54,1233.55,1169.65,200,1201.3,200,0,0
FINNIFTY02JAN2420150CE.NFO,02/01/2024,13:20:55,1233.55,1170.3,200,1200.8,200,0,0
FINNIFTY02JAN2420150CE.NFO,02/01/2024,13:20:57,1233.55,1171,120,1200.4,120,0,0
FINNIFTY02JAN2420150CE.NFO,02/01/2024,13:20:59,1233.55,1171.75,200,1200.85,200,0,0
FINNIFTY02JAN2420150CE.NFO,02/01/2024,13:21:00,1233.55,1172.4,120,1232.15,400,0,0
FINNIFTY02JAN2420150CE.NFO,02/01/2024,13:21:02,1233.55,1173.05,120,1231.7,120,0,0
FINNIFTY02JAN2420150CE.NFO,02/01/2024,13:21:04,1233.55,1173.75,200,1231.1,200,0,0
FINNIFTY02JAN2420150CE.NFO,02/01/2024,13:21:05,1233.55,1174.35,120,1230.75,320,0,0
FINNIFTY02JAN2420150CE.NFO,02/01/2024,13:21:07,1233.55,1175.2,120,1215.5,200,0,0
FINNIFTY02JAN2420150CE.NFO,02/01/2024,13:21:09,1233.55,1175.85,200,1214.9,400,0,0
FINNIFTY02JAN2420150CE.NFO,02/01/2024,13:21:10,1233.55,1176.6,120,1214.2,120,0,0
FINNIFTY02JAN2420150CE.NFO,02/01/2024,13:21:12,1233.55,1177.45,120,1213.25,120,0,0
FINNIFTY02JAN2420150CE.NFO,02/01/2024,13:21:14,1233.55,1178.6,200,1212.2,200,0,0
FINNIFTY02JAN2420150CE.NFO,02/01/2024,13:21:15,1233.55,1179.35,120,1211.45,120,0,0
FINNIFTY02JAN2420150CE.NFO,02/01/2024,13:21:17,1233.55,1180.5,120,1210.35,120,0,0
FINNIFTY02JAN2420150CE.NFO,02/01/2024,13:21:19,1233.55,1181.4,120,1209.6,120,0,0
FINNIFTY02JAN2420150CE.NFO,02/01/2024,13:21:20,1233.55,1182.2,120,1208.85,120,0,0
FINNIFTY02JAN2420150CE.NFO,02/01/2024,13:21:22,1233.55,1183.15,120,1208,120,0,0
FINNIFTY02JAN2420150CE.NFO,02/01/2024,13:21:24,1233.55,1184,200,1206.25,200,0,0
FINNIFTY02JAN2420150CE.NFO,02/01/2024,13:21:25,1233.55,1184.65,200,1205.7,80,0,0
FINNIFTY02JAN2420150CE.NFO,02/01/2024,13:21:27,1233.55,1186.05,120,1204.7,120,0,0
FINNIFTY02JAN2420150CE.NFO,02/01/2024,13:21:29,1233.55,1187.1,200,1203.75,200,0,0
FINNIFTY02JAN2420150CE.NFO,02/01/2024,13:21:30,1233.55,1187.9,120,1203.25,200,0,0
FINNIFTY02JAN2420150CE.NFO,02/01/2024,13:21:35,1233.55,1190.65,200,1202.1,200,0,0
FINNIFTY02JAN2420150CE.NFO,02/01/2024,13:21:39,1233.55,1193.35,120,1206.35,120,0,0
FINNIFTY02JAN2420150CE.NFO,02/01/2024,13:21:43,1233.55,1195.65,120,1204.55,120,0,0
FINNIFTY02JAN2420150CE.NFO,02/01/2024,13:21:47,1233.55,1197.5,120,1203.55,120,0,0
FINNIFTY02JAN2420150CE.NFO,02/01/2024,13:21:52,1233.55,1197.6,120,1202.85,200,0,0
FINNIFTY02JAN2420150CE.NFO,02/01/2024,13:22:02,1233.55,1198.05,200,1223.6,200,0,0
FINNIFTY02JAN2420150CE.NFO,02/01/2024,13:22:06,1233.55,1198.45,120,1218.5,200,0,0
FINNIFTY02JAN2420150CE.NFO,02/01/2024,13:22:11,1233.55,1165.45,120,1213,120,0,0
FINNIFTY02JAN2420150CE.NFO,02/01/2024,13:22:15,1233.55,1168.95,120,1209.6,120,0,0
FINNIFTY02JAN2420150CE.NFO,02/01/2024,13:22:21,1233.55,1173.95,160,1205.5,160,0,0
FINNIFTY02JAN2420150CE.NFO,02/01/2024,13:22:26,1233.55,1177.8,200,1202.2,200,0,0
FINNIFTY02JAN2420150CE.NFO,02/01/2024,13:22:30,1233.55,1181.2,200,1202,200,0,0
FINNIFTY02JAN2420150CE.NFO,02/01/2024,13:22:30,1233.55,1181.5,120,1201.9,160,0,0
FINNIFTY02JAN2420150CE.NFO,02/01/2024,13:22:32,1233.55,1183.45,120,1201.25,200,0,0
FINNIFTY02JAN2420150CE.NFO,02/01/2024,13:22:34,1233.55,1185.1,200,1201.45,200,0,0
FINNIFTY02JAN2420150CE.NFO,02/01/2024,13:22:35,1233.55,1186.8,160,1200.95,120,0,0
FINNIFTY02JAN2420150CE.NFO,02/01/2024,13:22:37,1233.55,1188.8,80,1200.85,80,0,0
FINNIFTY02JAN2420150CE.NFO,02/01/2024,13:22:39,1233.55,1190.3,200,1201.15,200,0,0
FINNIFTY02JAN2420150CE.NFO,02/01/2024,13:22:40,1233.55,1191.75,120,1207.2,120,0,0
FINNIFTY02JAN2420150CE.NFO,02/01/2024,13:22:42,1233.55,1193.25,200,1205.95,200,0,0
FINNIFTY02JAN2420150CE.NFO,02/01/2024,13:22:43,1233.55,1193.7,200,1204.65,80,0,0
FINNIFTY02JAN2420150CE.NFO,02/01/2024,13:22:45,1233.55,1193.75,80,1203.2,120,0,0
FINNIFTY02JAN2420150CE.NFO,02/01/2024,13:22:47,1233.55,1194.15,200,1201.85,280,0,0
FINNIFTY02JAN2420150CE.NFO,02/01/2024,13:22:48,1233.55,1194.6,120,1200.25,120,0,0
FINNIFTY02JAN2420150CE.NFO,02/01/2024,13:22:50,1233.55,1194.5,80,1200.05,200,0,0
FINNIFTY02JAN2420150CE.NFO,02/01/2024,13:22:52,1233.55,1194.6,80,1200.25,200,0,0
FINNIFTY02JAN2420150CE.NFO,02/01/2024,13:22:53,1233.55,1194.7,200,1222.75,800,0,0
FINNIFTY02JAN2420150CE.NFO,02/01/2024,13:22:55,1233.55,1194.95,120,1221.9,120,0,0
FINNIFTY02JAN2420150CE.NFO,02/01/2024,13:22:57,1233.55,1194.7,120,1219.9,200,0,0
FINNIFTY02JAN2420150CE.NFO,02/01/2024,13:22:58,1233.55,1194.65,120,1217.85,120,0,0
FINNIFTY02JAN2420150CE.NFO,02/01/2024,13:23:00,1233.55,1194.3,120,1215.6,160,0,0
FINNIFTY02JAN2420150CE.NFO,02/01/2024,13:23:02,1233.55,1164.7,120,1215.05,120,0,0
FINNIFTY02JAN2420150CE.NFO,02/01/2024,13:23:03,1233.55,1165.15,160,1214.4,200,0,0
FINNIFTY02JAN2420150CE.NFO,02/01/2024,13:23:05,1233.55,1165.85,120,1213.8,320,0,0
FINNIFTY02JAN2420150CE.NFO,02/01/2024,13:23:07,1233.55,1166.75,200,1213.2,200,0,0
FINNIFTY02JAN2420150CE.NFO,02/01/2024,13:23:08,1233.55,1167.95,120,1212,120,0,0
FINNIFTY02JAN2420150CE.NFO,02/01/2024,13:23:10,1233.55,1169.4,120,1210.95,120,0,0
FINNIFTY02JAN2420150CE.NFO,02/01/2024,13:23:12,1233.55,1170.45,160,1210.15,200,0,0
FINNIFTY02JAN2420150CE.NFO,02/01/2024,13:23:13,1233.55,1171.7,120,1209.25,120,0,0
FINNIFTY02JAN2420150CE.NFO,02/01/2024,13:23:15,1233.55,1173.15,120,1208,120,0,0
FINNIFTY02JAN2420150CE.NFO,02/01/2024,13:23:16,1233.55,1174.1,120,1207.25,200,0,0
FINNIFTY02JAN2420150CE.NFO,02/01/2024,13:23:18,1233.55,1175.05,120,1206.45,120,0,0
FINNIFTY02JAN2420150CE.NFO,02/01/2024,13:23:20,1233.55,1176.75,200,1205,200,0,0
FINNIFTY02JAN2420150CE.NFO,02/01/2024,13:23:21,1233.55,1177.75,120,1204,120,0,0
FINNIFTY02JAN2420150CE.NFO,02/01/2024,13:23:23,1233.55,1178.8,120,1203.25,200,0,0
FINNIFTY02JAN2420150CE.NFO,02/01/2024,13:23:25,1233.55,1180.2,200,1201.95,200,0,0
FINNIFTY02JAN2420150CE.NFO,02/01/2024,13:23:26,1233.55,1181.55,120,1200.85,120,0,0
FINNIFTY02JAN2420150CE.NFO,02/01/2024,13:23:28,1233.55,1183.05,120,1200.75,480,0,0
FINNIFTY02JAN2420150CE.NFO,02/01/2024,13:23:30,1233.55,1184.4,160,1200.85,320,0,0
FINNIFTY02JAN2420150CE.NFO,02/01/2024,13:23:31,1233.55,1185.4,200,1200.85,120,0,0
FINNIFTY02JAN2420150CE.NFO,02/01/2024,13:23:33,1233.55,1186.8,120,1200.9,280,0,0
FINNIFTY02JAN2420150CE.NFO,02/01/2024,13:23:35,1233.55,1188.4,200,1200.5,200,0,0
FINNIFTY02JAN2420150CE.NFO,02/01/2024,13:23:36,1233.55,1189.9,120,1200.5,160,0,0
FINNIFTY02JAN2420150CE.NFO,02/01/2024,13:23:38,1233.55,1191.25,200,1206.25,320,0,0
FINNIFTY02JAN2420150CE.NFO,02/01/2024,13:23:40,1233.55,1192.8,200,1204.95,200,0,0
FINNIFTY02JAN2420150CE.NFO,02/01/2024,13:23:41,1233.55,1194.45,120,1203.85,120,0,0
FINNIFTY02JAN2420150CE.NFO,02/01/2024,13:23:43,1233.55,1195.45,160,1201.9,160,0,0
FINNIFTY02JAN2420150CE.NFO,02/01/2024,13:23:45,1233.55,1195.95,120,1201.15,160,0,0
FINNIFTY02JAN2420150CE.NFO,02/01/2024,13:23:46,1233.55,1196.1,160,1232.3,640,0,0
FINNIFTY02JAN2420150CE.NFO,02/01/2024,13:23:48,1233.55,1196.45,80,1222.45,200,0,0
FINNIFTY02JAN2420150CE.NFO,02/01/2024,13:23:50,1233.55,1196.95,120,1220.5,200,0,0
FINNIFTY02JAN2420150CE.NFO,02/01/2024,13:23:51,1233.55,1196.95,120,1219.25,120,0,0
FINNIFTY02JAN2420150CE.NFO,02/01/2024,13:23:53,1233.55,1196.85,120,1217.5,200,0,0
FINNIFTY02JAN2420150CE.NFO,02/01/2024,13:23:55,1233.55,1196.55,200,1215.45,200,0,0
FINNIFTY02JAN2420150CE.NFO,02/01/2024,13:23:56,1233.55,1165.1,120,1214.5,120,0,0
FINNIFTY02JAN2420150CE.NFO,02/01/2024,13:23:58,1233.55,1166.45,160,1213.3,240,0,0
FINNIFTY02JAN2420150CE.NFO,02/01/2024,13:23:59,1233.55,1167.9,120,1212.1,120,0,0
FINNIFTY02JAN2420150CE.NFO,02/01/2024,13:24:03,1233.55,1171.1,120,1208.95,120,0,0
FINNIFTY02JAN2420150CE.NFO,02/01/2024,13:24:06,1233.55,1173.15,120,1207,320,0,0
FINNIFTY02JAN2420150CE.NFO,02/01/2024,13:24:08,1233.55,1174.65,120,1205.7,120,0,0
FINNIFTY02JAN2420150CE.NFO,02/01/2024,13:24:09,1233.55,1175.65,120,1204.65,320,0,0
FINNIFTY02JAN2420150CE.NFO,02/01/2024,13:24:11,1233.55,1177.4,120,1203.15,120,0,0
FINNIFTY02JAN2420150CE.NFO,02/01/2024,13:24:13,1233.55,1179.45,200,1201.7,200,0,0
FINNIFTY02JAN2420150CE.NFO,02/01/2024,13:24:14,1233.55,1181.15,120,1201.25,120,0,0
FINNIFTY02JAN2420150CE.NFO,02/01/2024,13:24:16,1233.55,1182.85,120,1201,160,0,0
FINNIFTY02JAN2420150CE.NFO,02/01/2024,13:24:18,1233.55,1184.25,200,1232.1,400,0,0
FINNIFTY02JAN2420150CE.NFO,02/01/2024,13:24:19,1233.55,1185.25,120,1231.55,120,0,0
FINNIFTY02JAN2420150CE.NFO,02/01/2024,13:24:21,1233.55,1186.3,120,1222.6,120,0,0
FINNIFTY02JAN2420150CE.NFO,02/01/2024,13:24:23,1233.55,1188.25,120,1220.75,120,0,0
FINNIFTY02JAN2420150CE.NFO,02/01/2024,13:24:24,1233.55,1189.7,120,1219.35,120,0,0
FINNIFTY02JAN2420150CE.NFO,02/01/2024,13:24:26,1233.55,1191.35,120,1218.5,120,0,0
FINNIFTY02JAN2420150CE.NFO,02/01/2024,13:24:28,1233.55,1192.5,120,1217.55,120,0,0
FINNIFTY02JAN2420150CE.NFO,02/01/2024,13:24:29,1233.55,1193.5,120,1216.9,120,0,0
FINNIFTY02JAN2420150CE.NFO,02/01/2024,13:24:30,1233.55,1194.2,200,1216.4,240,0,0
FINNIFTY02JAN2420150CE.NFO,02/01/2024,13:24:32,1233.55,1195.6,120,1215.4,120,0,0
FINNIFTY02JAN2420150CE.NFO,02/01/2024,13:24:34,1233.55,1196.7,200,1214.4,200,0,0
FINNIFTY02JAN2420150CE.NFO,02/01/2024,13:24:35,1233.55,1197.8,160,1213.45,120,0,0
FINNIFTY02JAN2420150CE.NFO,02/01/2024,13:24:37,1233.55,1198.65,120,1211.95,160,0,0
FINNIFTY02JAN2420150CE.NFO,02/01/2024,13:24:39,1233.55,1198.3,120,1210,200,0,0
FINNIFTY02JAN2420150CE.NFO,02/01/2024,13:24:40,1233.55,1198.35,200,1207.65,120,0,0
FINNIFTY02JAN2420150CE.NFO,02/01/2024,13:24:42,1233.55,1198.3,80,1205.55,200,0,0
FINNIFTY02JAN2420150CE.NFO,02/01/2024,13:24:44,1233.55,1164.95,200,1204.2,200,0,0
FINNIFTY02JAN2420150CE.NFO,02/01/2024,13:24:45,1233.55,1166.05,120,1203.65,120,0,0
FINNIFTY02JAN2420150CE.NFO,02/01/2024,13:24:47,1233.55,1167.65,120,1203.55,280,0,0
FINNIFTY02JAN2420150CE.NFO,02/01/2024,13:24:49,1233.55,1169.25,160,1203.35,200,0,0
FINNIFTY02JAN2420150CE.NFO,02/01/2024,13:24:50,1233.55,1170.75,120,1203.85,200,0,0
FINNIFTY02JAN2420150CE.NFO,02/01/2024,13:24:52,1233.55,1172,160,1207.2,400,0,0
FINNIFTY02JAN2420150CE.NFO,02/01/2024,13:24:54,1233.55,1173.05,200,1206.35,200,0,0
FINNIFTY02JAN2420150CE.NFO,02/01/2024,13:24:55,1233.55,1174,160,1205.45,120,0,0
FINNIFTY02JAN2420150CE.NFO,02/01/2024,13:24:57,1233.55,1175.95,120,1204.7,120,0,0
FINNIFTY02JAN2420150CE.NFO,02/01/2024,13:24:59,1233.55,1177.45,200,1204.2,200,0,0
FINNIFTY02JAN2420150CE.NFO,02/01/2024,13:25:00,1233.55,1178.5,120,1203.7,120,0,0
FINNIFTY02JAN2420150CE.NFO,02/01/2024,13:25:02,1233.55,1179.8,120,1203.15,120,0,0
FINNIFTY02JAN2420150CE.NFO,02/01/2024,13:25:04,1233.55,1181.45,160,1203.5,200,0,0
FINNIFTY02JAN2420150CE.NFO,02/01/2024,13:25:05,1233.55,1183.05,120,1203.25,200,0,0
FINNIFTY02JAN2420150CE.NFO,02/01/2024,13:25:07,1233.55,1184.75,160,1203.1,160,0,0
FINNIFTY02JAN2420150CE.NFO,02/01/2024,13:25:09,1233.55,1186.05,200,1202.7,200,0,0
FINNIFTY02JAN2420150CE.NFO,02/01/2024,13:25:10,1233.55,1186.95,160,1219.35,200,0,0
FINNIFTY02JAN2420150CE.NFO,02/01/2024,13:25:12,1233.55,1188.3,120,1218.55,120,0,0
FINNIFTY02JAN2420150CE.NFO,02/01/2024,13:25:14,1233.55,1189.65,120,1217.4,120,0,0
FINNIFTY02JAN2420150CE.NFO,02/01/2024,13:25:15,1233.55,1191.3,120,1216.4,360,0,0
FINNIFTY02JAN2420150CE.NFO,02/01/2024,13:25:17,1233.55,1192.95,120,1214.9,120,0,0
FINNIFTY02JAN2420150CE.NFO,02/01/2024,13:25:19,1233.55,1194.25,160,1213.8,200,0,0
FINNIFTY02JAN2420150CE.NFO,02/01/2024,13:25:20,1233.55,1195.7,160,1212.55,160,0,0
FINNIFTY02JAN2420150CE.NFO,02/01/2024,13:25:22,1233.55,1196.75,120,1211.6,120,0,0
FINNIFTY02JAN2420150CE.NFO,02/01/2024,13:25:24,1233.55,1198.05,120,1210.35,200,0,0
FINNIFTY02JAN2420150CE.NFO,02/01/2024,13:25:25,1233.55,1198.95,120,1206.7,160,0,0
FINNIFTY02JAN2420150CE.NFO,02/01/2024,13:25:27,1233.55,1198.95,120,1205.25,120,0,0
FINNIFTY02JAN2420150CE.NFO,02/01/2024,13:25:29,1233.55,1199.3,200,1232.25,360,0,0
FINNIFTY02JAN2420150CE.NFO,02/01/2024,13:25:31,1233.55,1200.15,80,1211.2,200,0,0
FINNIFTY02JAN2420150CE.NFO,02/01/2024,13:25:32,1233.55,1200.15,80,1209.6,120,0,0
FINNIFTY02JAN2420150CE.NFO,02/01/2024,13:25:34,1233.55,1200.75,120,1208.7,160,0,0
FINNIFTY02JAN2420150CE.NFO,02/01/2024,13:25:36,1233.55,1201.1,120,1208,200,0,0
FINNIFTY02JAN2420150CE.NFO,02/01/2024,13:25:37,1233.55,1201.15,120,1207.3,120,0,0
FINNIFTY02JAN2420150CE.NFO,02/01/2024,13:25:39,1233.55,1200.7,120,1206.35,120,0,0
FINNIFTY02JAN2420150CE.NFO,02/01/2024,13:25:41,1233.55,1165.2,120,1205.65,200,0,0
FINNIFTY02JAN2420150CE.NFO,02/01/2024,13:25:42,1233.55,1166.25,120,1220.4,960,0,0
FINNIFTY02JAN2420150CE.NFO,02/01/2024,13:25:44,1233.55,1167.5,120,1219.5,120,0,0
FINNIFTY02JAN2420150CE.NFO,02/01/2024,13:25:46,1233.55,1168.9,120,1217.8,120,0,0
FINNIFTY02JAN2420150CE.NFO,02/01/2024,13:25:47,1233.55,1169.85,120,1216.9,120,0,0
FINNIFTY02JAN2420150CE.NFO,02/01/2024,13:25:49,1233.55,1170.8,120,1216,120,0,0
FINNIFTY02JAN2420150CE.NFO,02/01/2024,13:25:51,1233.55,1172.35,120,1214.3,120,0,0
FINNIFTY02JAN2420150CE.NFO,02/01/2024,13:25:52,1233.55,1173.95,160,1213,160,0,0
FINNIFTY02JAN2420150CE.NFO,02/01/2024,13:25:54,1233.55,1175.7,120,1211.85,120,0,0
FINNIFTY02JAN2420150CE.NFO,02/01/2024,13:25:56,1233.55,1177.5,160,1210.05,160,0,0
FINNIFTY02JAN2420150CE.NFO,02/01/2024,13:25:57,1233.55,1178.95,120,1208.65,120,0,0
FINNIFTY02JAN2420150CE.NFO,02/01/2024,13:25:59,1233.55,1180.4,120,1207.25,120,0,0
FINNIFTY02JAN2420150CE.NFO,02/01/2024,13:26:01,1233.55,1181.75,160,1205.95,160,0,0
FINNIFTY02JAN2420150CE.NFO,02/01/2024,13:26:02,1233.55,1182.7,120,1205.35,160,0,0
FINNIFTY02JAN2420150CE.NFO,02/01/2024,13:26:04,1233.55,1184.25,160,1204.75,160,0,0
FINNIFTY02JAN2420150CE.NFO,02/01/2024,13:26:06,1233.55,1186.45,120,1204.4,200,0,0
FINNIFTY02JAN2420150CE.NFO,02/01/2024,13:26:07,1233.55,1187.95,120,1204.7,200,0,0
FINNIFTY02JAN2420150CE.NFO,02/01/2024,13:26:09,1233.55,1189.85,120,1204.6,120,0,0
FINNIFTY02JAN2420150CE.NFO,02/01/2024,13:26:11,1233.55,1191.6,200,1204.3,200,0,0
FINNIFTY02JAN2420150CE.NFO,02/01/2024,13:26:12,1233.55,1192.6,160,1203.9,160,0,0
FINNIFTY02JAN2420150CE.NFO,02/01/2024,13:26:14,1233.55,1193.9,120,1203.35,120,0,0
FINNIFTY02JAN2420150CE.NFO,02/01/2024,13:26:16,1233.55,1196,120,1203.8,200,0,0
FINNIFTY02JAN2420150CE.NFO,02/01/2024,13:26:17,1233.55,1197.5,80,1203.6,200,0,0
FINNIFTY02JAN2420150CE.NFO,02/01/2024,13:26:19,1233.55,1198.9,120,1232,280,0,0
FINNIFTY02JAN2420150CE.NFO,02/01/2024,13:26:21,1233.55,1198.9,120,1230.15,120,0,0
FINNIFTY02JAN2420150CE.NFO,02/01/2024,13:26:22,1233.55,1198.9,120,1228.25,120,0,0
FINNIFTY02JAN2420150CE.NFO,02/01/2024,13:26:24,1233.55,1198.5,120,1205.45,120,0,0
FINNIFTY02JAN2420150CE.NFO,02/01/2024,13:26:26,1233.55,1198.5,120,1204.05,200,0,0
FINNIFTY02JAN2420150CE.NFO,02/01/2024,13:26:27,1233.55,1164.35,1120,1203.25,120,0,0
FINNIFTY02JAN2420150CE.NFO,02/01/2024,13:26:29,1233.55,1165.6,120,1202.6,120,0,0
FINNIFTY02JAN2420150CE.NFO,02/01/2024,13:26:31,1233.55,1167.1,200,1202.35,200,0,0
FINNIFTY02JAN2420150CE.NFO,02/01/2024,13:26:32,1233.55,1168.9,120,1202.9,200,0,0
FINNIFTY02JAN2420150CE.NFO,02/01/2024,13:26:34,1233.55,1171,120,1202.35,200,0,0
FINNIFTY02JAN2420150CE.NFO,02/01/2024,13:26:36,1233.55,1172.2,200,1202.05,80,0,0
FINNIFTY02JAN2420150CE.NFO,02/01/2024,13:26:37,1233.55,1173.85,120,1203.05,600,0,0
FINNIFTY02JAN2420150CE.NFO,02/01/2024,13:26:39,1233.55,1175.25,120,1202.65,120,0,0
FINNIFTY02JAN2420150CE.NFO,02/01/2024,13:26:41,1233.55,1176.95,160,1202.95,200,0,0
FINNIFTY02JAN2420150CE.NFO,02/01/2024,13:26:42,1233.55,1178.45,160,1202.6,120,0,0
FINNIFTY02JAN2420150CE.NFO,02/01/2024,13:26:44,1233.55,1180.45,120,1202.85,200,0,0
FINNIFTY02JAN2420150CE.NFO,02/01/2024,13:26:46,1233.55,1182.25,200,1202.55,200,0,0
FINNIFTY02JAN2420150CE.NFO,02/01/2024,13:26:47,1233.55,1184.05,120,1211.75,840,0,0
FINNIFTY02JAN2420150CE.NFO,02/01/2024,13:26:49,1233.55,1186.05,160,1210.7,160,0,0
FINNIFTY02JAN2420150CE.NFO,02/01/2024,13:26:51,1233.55,1187.35,200,1210.05,200,0,0
FINNIFTY02JAN2420150CE.NFO,02/01/2024,13:26:52,1233.55,1188.55,120,1209.35,280,0,0
FINNIFTY02JAN2420150CE.NFO,02/01/2024,13:26:54,1233.55,1190.25,200,1208.1,200,0,0
FINNIFTY02JAN2420150CE.NFO,02/01/2024,13:26:56,1233.55,1192.1,160,1206.3,160,0,0
FINNIFTY02JAN2420150CE.NFO,02/01/2024,13:26:57,1233.55,1194.05,120,1205.15,120,0,0
FINNIFTY02JAN2420150CE.NFO,02/01/2024,13:26:59,1233.55,1195.95,120,1204.7,200,0,0
FINNIFTY02JAN2420150CE.NFO,02/01/2024,13:27:01,1233.55,1197.3,200,1204.75,200,0,0
FINNIFTY02JAN2420150CE.NFO,02/01/2024,13:27:02,1233.55,1198.45,160,1204.85,360,0,0
FINNIFTY02JAN2420150CE.NFO,02/01/2024,13:27:04,1233.55,1199.15,120,1204.45,200,0,0
FINNIFTY02JAN2420150CE.NFO,02/01/2024,13:27:05,1233.55,1200.05,120,1204.7,80,0,0
FINNIFTY02JAN2420150CE.NFO,02/01/2024,13:27:07,1233.55,1199.8,120,1204.8,160,0,0
FINNIFTY02JAN2420150CE.NFO,02/01/2024,13:27:09,1233.55,1198.65,160,1204,200,0,0
FINNIFTY02JAN2420150CE.NFO,02/01/2024,13:27:10,1233.55,1198.6,200,1203.6,200,0,0
FINNIFTY02JAN2420150CE.NFO,02/01/2024,13:27:12,1233.55,1198.7,160,1204.05,200,0,0
FINNIFTY02JAN2420150CE.NFO,02/01/2024,13:27:14,1233.55,1199.1,120,1207.65,80,0,0
FINNIFTY02JAN2420150CE.NFO,02/01/2024,13:27:15,1233.55,1199.9,120,1206.1,120,0,0
FINNIFTY02JAN2420150CE.NFO,02/01/2024,13:27:17,1233.55,1199.9,120,1204.9,120,0,0
FINNIFTY02JAN2420150CE.NFO,02/01/2024,13:27:19,1233.55,1199.8,120,1204.65,200,0,0
FINNIFTY02JAN2420150CE.NFO,02/01/2024,13:27:20,1233.55,1199.7,80,1204.8,560,0,0
FINNIFTY02JAN2420150CE.NFO,02/01/2024,13:27:22,1233.55,1199.7,200,1204.4,160,0,0
FINNIFTY02JAN2420150CE.NFO,02/01/2024,13:27:24,1233.55,1199.8,80,1224.65,200,0,0
FINNIFTY02JAN2420150CE.NFO,02/01/2024,13:27:25,1233.55,1199.6,120,1222.95,160,0,0
FINNIFTY02JAN2420150CE.NFO,02/01/2024,13:27:27,1233.55,1199.65,120,1220.65,200,0,0
FINNIFTY02JAN2420150CE.NFO,02/01/2024,13:27:29,1233.55,1199.75,120,1218.45,200,0,0
FINNIFTY02JAN2420150CE.NFO,02/01/2024,13:27:30,1233.55,1199.75,120,1216.55,120,0,0
FINNIFTY02JAN2420150CE.NFO,02/01/2024,13:27:32,1233.55,1199.65,200,1213.9,200,0,0
FINNIFTY02JAN2420150CE.NFO,02/01/2024,13:27:33,1233.55,1199.6,120,1211.7,120,0,0
FINNIFTY02JAN2420150CE.NFO,02/01/2024,13:27:35,1233.55,1199.65,120,1208.85,120,0,0
FINNIFTY02JAN2420150CE.NFO,02/01/2024,13:27:37,1233.55,1199.75,80,1206.6,120,0,0
FINNIFTY02JAN2420150CE.NFO,02/01/2024,13:27:38,1233.55,1199.6,120,1205,120,0,0
FINNIFTY02JAN2420150CE.NFO,02/01/2024,13:27:40,1233.55,1199.6,120,1204.05,200,0,0
FINNIFTY02JAN2420150CE.NFO,02/01/2024,13:27:42,1233.55,1164.55,200,1203.9,200,0,0
FINNIFTY02JAN2420150CE.NFO,02/01/2024,13:27:43,1233.55,1165.45,120,1203.4,80,0,0
FINNIFTY02JAN2420150CE.NFO,02/01/2024,13:27:45,1233.55,1166.55,120,1203.4,160,0,0
FINNIFTY02JAN2420150CE.NFO,02/01/2024,13:27:47,1233.55,1168.15,200,1203.4,200,0,0
FINNIFTY02JAN2420150CE.NFO,02/01/2024,13:27:48,1233.55,1170.15,120,1203.6,160,0,0
FINNIFTY02JAN2420150CE.NFO,02/01/2024,13:27:50,1233.55,1172.25,160,1203.2,200,0,0
FINNIFTY02JAN2420150CE.NFO,02/01/2024,13:27:52,1233.55,1173.7,120,1203.1,200,0,0
FINNIFTY02JAN2420150CE.NFO,02/01/2024,13:27:53,1233.55,1175.3,120,1203.35,200,0,0
FINNIFTY02JAN2420150CE.NFO,02/01/2024,13:27:55,1233.55,1176.95,120,1203.5,200,0,0
FINNIFTY02JAN2420150CE.NFO,02/01/2024,13:27:57,1233.55,1178.85,200,1203.45,200,0,0
FINNIFTY02JAN2420150CE.NFO,02/01/2024,13:27:58,1233.55,1180.65,120,1203.55,280,0,0
FINNIFTY02JAN2420150CE.NFO,02/01/2024,13:28:00,1233.55,1182.45,160,1203.9,640,0,0
FINNIFTY02JAN2420150CE.NFO,02/01/2024,13:28:02,1233.55,1184.55,200,1203.5,200,0,0
FINNIFTY02JAN2420150CE.NFO,02/01/2024,13:28:03,1233.55,1186.05,160,1203.8,640,0,0
FINNIFTY02JAN2420150CE.NFO,02/01/2024,13:28:05,1233.55,1187.55,120,1232.3,1120,0,0
FINNIFTY02JAN2420150CE.NFO,02/01/2024,13:28:07,1233.55,1189,120,1207.3,120,0,0
FINNIFTY02JAN2420150CE.NFO,02/01/2024,13:28:08,1233.55,1190.2,160,1206.5,160,0,0
FINNIFTY02JAN2420150CE.NFO,02/01/2024,13:28:10,1233.55,1192,120,1205.05,120,0,0
FINNIFTY02JAN2420150CE.NFO,02/01/2024,13:28:12,1233.55,1194,200,1204.15,200,0,0
FINNIFTY02JAN2420150CE.NFO,02/01/2024,13:28:13,1233.55,1195.6,120,1203.7,200,0,0
FINNIFTY02JAN2420150CE.NFO,02/01/2024,13:28:15,1233.55,1197.4,280,1203.9,640,0,0
FINNIFTY02JAN2420150CE.NFO,02/01/2024,13:28:17,1233.55,1198.2,120,1203.65,200,0,0
FINNIFTY02JAN2420150CE.NFO,02/01/2024,13:28:18,1233.55,1198.3,200,1203.35,160,0,0
FINNIFTY02JAN2420150CE.NFO,02/01/2024,13:28:20,1233.55,1198.3,200,1203.15,200,0,0
FINNIFTY02JAN2420150CE.NFO,02/01/2024,13:28:22,1233.55,1164.8,200,1202.85,200,0,0
FINNIFTY02JAN2420150CE.NFO,02/01/2024,13:28:23,1233.55,1165.8,120,1202.65,200,0,0
FINNIFTY02JAN2420150CE.NFO,02/01/2024,13:28:25,1233.55,1167.5,120,1202.85,200,0,0
FINNIFTY02JAN2420150CE.NFO,02/01/2024,13:28:27,1233.55,1169.25,200,1202.55,200,0,0
FINNIFTY02JAN2420150CE.NFO,02/01/2024,13:28:28,1233.55,1170.6,120,1202.25,200,0,0
FINNIFTY02JAN2420150CE.NFO,02/01/2024,13:28:30,1233.55,1172.35,160,1202.7,160,0,0
FINNIFTY02JAN2420150CE.NFO,02/01/2024,13:28:31,1233.55,1173.45,120,1202.65,200,0,0
FINNIFTY02JAN2420150CE.NFO,02/01/2024,13:28:33,1233.55,1175.15,120,1202.25,80,0,0
FINNIFTY02JAN2420150CE.NFO,02/01/2024,13:28:35,1233.55,1177.05,80,1210.85,280,0,0
FINNIFTY02JAN2420150CE.NFO,02/01/2024,13:28:36,1233.55,1178.6,120,1209.75,120,0,0
FINNIFTY02JAN2420150CE.NFO,02/01/2024,13:28:38,1233.55,1180.3,160,1208.6,160,0,0
FINNIFTY02JAN2420150CE.NFO,02/01/2024,13:28:40,1233.55,1182.15,120,1206.8,120,0,0
FINNIFTY02JAN2420150CE.NFO,02/01/2024,13:28:41,1233.55,1183.3,160,1205.8,160,0,0
FINNIFTY02JAN2420150CE.NFO,02/01/2024,13:28:43,1233.55,1184.9,120,1204.55,160,0,0
FINNIFTY02JAN2420150CE.NFO,02/01/2024,13:28:45,1233.55,1186.45,120,1204,160,0,0
FINNIFTY02JAN2420150CE.NFO,02/01/2024,13:28:47,1233.55,1187.9,120,1203.8,200,0,0
FINNIFTY02JAN2420150CE.NFO,02/01/2024,13:28:48,1233.55,1189.5,120,1204.35,440,0,0
FINNIFTY02JAN2420150CE.NFO,02/01/2024,13:28:50,1233.55,1191.75,120,1203.95,120,0,0
FINNIFTY02JAN2420150CE.NFO,02/01/2024,13:28:52,1233.55,1193.3,200,1203.75,200,0,0
FINNIFTY02JAN2420150CE.NFO,02/01/2024,13:28:53,1233.55,1195.15,160,1204.3,120,0,0
FINNIFTY02JAN2420150CE.NFO,02/01/2024,13:28:55,1233.55,1196.95,120,1204.35,680,0,0
FINNIFTY02JAN2420150CE.NFO,02/01/2024,13:28:57,1233.55,1198.55,200,1204.15,320,0,0
FINNIFTY02JAN2420150CE.NFO,02/01/2024,13:28:58,1233.55,1198.95,80,1211.2,1120,0,0
FINNIFTY02JAN2420150CE.NFO,02/01/2024,13:29:00,1233.55,1199.15,120,1209.1,160,0,0
FINNIFTY02JAN2420150CE.NFO,02/01/2024,13:29:02,1233.55,1199.45,120,1206.35,120,0,0
FINNIFTY02JAN2420150CE.NFO,02/01/2024,13:29:03,1233.55,1199.35,120,1204.95,200,0,0
FINNIFTY02JAN2420150CE.NFO,02/01/2024,13:29:05,1233.55,1199.05,120,1204.2,200,0,0
FINNIFTY02JAN2420150CE.NFO,02/01/2024,13:29:07,1233.55,1197.15,200,1203.3,200,0,0
FINNIFTY02JAN2420150CE.NFO,02/01/2024,13:29:08,1233.55,1198.2,120,1203.8,200,0,0
FINNIFTY02JAN2420150CE.NFO,02/01/2024,13:29:10,1233.55,1198.2,120,1203.1,200,0,0
FINNIFTY02JAN2420150CE.NFO,02/01/2024,13:29:12,1233.55,1198.2,120,1202.9,200,0,0
FINNIFTY02JAN2420150CE.NFO,02/01/2024,13:29:13,1233.55,1198.2,120,1203.65,280,0,0
FINNIFTY02JAN2420150CE.NFO,02/01/2024,13:29:15,1233.55,1198.3,200,1203.9,160,0,0
FINNIFTY02JAN2420150CE.NFO,02/01/2024,13:29:17,1233.55,1198.4,200,1203.65,200,0,0
FINNIFTY02JAN2420150CE.NFO,02/01/2024,13:29:18,1233.55,1198.5,120,1203.7,200,0,0
FINNIFTY02JAN2420150CE.NFO,02/01/2024,13:29:20,1233.55,1199.1,120,1207.7,200,0,0
