Ticker,Date,Time,LTP,BuyPrice,BuyQty,SellPrice,SellQty,LTQ,OpenInterest
FINNIFTY02JAN2422600CE.NFO,02/01/2024,09:15:06,0.3,0.35,13080,0.4,10000,4880,205880
FINNIFTY02JAN2422600CE.NFO,02/01/2024,09:15:06,0.3,0.35,13080,0.4,10000,0,205880
FINNIFTY02JAN2422600CE.NFO,02/01/2024,09:15:06,0.35,0.35,13080,0.4,10000,0,205880
FINNIFTY02JAN2422600CE.NFO,02/01/2024,09:15:06,0.3,0.35,13080,0.4,10000,0,205880
FINNIFTY02JAN2422600CE.NFO,02/01/2024,09:15:19,0.35,0.35,9440,0.4,15920,9160,205880
FINNIFTY02JAN2422600CE.NFO,02/01/2024,09:15:31,0.35,0.35,7120,0.4,14720,2320,205880
FINNIFTY02JAN2422600CE.NFO,02/01/2024,09:15:40,0.35,0.35,8640,0.4,14720,2200,205880
FINNIFTY02JAN2422600CE.NFO,02/01/2024,09:15:49,0.35,0.35,8640,0.4,15040,0,205880
FINNIFTY02JAN2422600CE.NFO,02/01/2024,09:15:57,0.35,0.25,14360,0.35,9560,10440,205880
FINNIFTY02JAN2422600CE.NFO,02/01/2024,09:16:08,0.3,0.25,54440,0.3,13160,7880,205880
FINNIFTY02JAN2422600CE.NFO,02/01/2024,09:16:16,0.3,0.25,69240,0.3,5600,11760,205880
FINNIFTY02JAN2422600CE.NFO,02/01/2024,09:16:24,0.3,0.3,14560,0.35,15960,8480,205880
FINNIFTY02JAN2422600CE.NFO,02/01/2024,09:16:32,0.35,0.3,18920,0.35,14160,2560,205880
FINNIFTY02JAN2422600CE.NFO,02/01/2024,09:16:39,0.3,0.3,15840,0.35,17760,3280,205880
FINNIFTY02JAN2422600CE.NFO,02/01/2024,09:16:48,0.35,0.3,13160,0.35,15600,7400,205880
FINNIFTY02JAN2422600CE.NFO,02/01/2024,09:16:56,0.35,0.3,15200,0.35,10360,14800,205880
FINNIFTY02JAN2422600CE.NFO,02/01/2024,09:17:04,0.35,0.3,20000,0.35,6240,27560,205880
FINNIFTY02JAN2422600CE.NFO,02/01/2024,09:17:13,0.3,0.3,15840,0.35,12560,10800,205880
FINNIFTY02JAN2422600CE.NFO,02/01/2024,09:17:21,0.3,0.3,19320,0.35,34080,7800,205880
FINNIFTY02JAN2422600CE.NFO,02/01/2024,09:17:28,0.3,0.25,105320,0.3,16480,6440,230200
FINNIFTY02JAN2422600CE.NFO,02/01/2024,09:17:38,0.3,0.25,127040,0.3,31200,12680,230200
FINNIFTY02JAN2422600CE.NFO,02/01/2024,09:17:38,0.25,0.25,127040,0.3,31200,0,230200
FINNIFTY02JAN2422600CE.NFO,02/01/2024,09:17:46,0.35,0.3,263560,0.35,20720,28080,230200
FINNIFTY02JAN2422600CE.NFO,02/01/2024,09:17:54,0.3,0.3,278000,0.35,31560,4600,230200
FINNIFTY02JAN2422600CE.NFO,02/01/2024,09:18:01,0.3,0.3,254600,0.35,29760,0,230200
FINNIFTY02JAN2422600CE.NFO,02/01/2024,09:18:08,0.3,0.3,254520,0.35,29760,80,230200
FINNIFTY02JAN2422600CE.NFO,02/01/2024,09:18:15,0.35,0.3,254520,0.35,31520,40,230200
FINNIFTY02JAN2422600CE.NFO,02/01/2024,09:18:23,0.35,0.3,254520,0.35,28640,0,230200
FINNIFTY02JAN2422600CE.NFO,02/01/2024,09:18:31,0.35,0.3,257720,0.35,28960,0,230200
FINNIFTY02JAN2422600CE.NFO,02/01/2024,09:18:45,0.35,0.3,257720,0.35,28560,400,230200
FINNIFTY02JAN2422600CE.NFO,02/01/2024,09:18:54,0.35,0.3,258280,0.35,27320,1240,230200
FINNIFTY02JAN2422600CE.NFO,02/01/2024,09:19:04,0.35,0.3,248120,0.35,27640,0,230200
FINNIFTY02JAN2422600CE.NFO,02/01/2024,09:19:29,0.35,0.3,248160,0.35,27640,0,230200
FINNIFTY02JAN2422600CE.NFO,02/01/2024,09:19:46,0.35,0.3,261360,0.35,46240,0,230200
FINNIFTY02JAN2422600CE.NFO,02/01/2024,09:19:54,0.35,0.3,261360,0.35,45840,400,230200
FINNIFTY02JAN2422600CE.NFO,02/01/2024,09:20:02,0.35,0.3,261360,0.35,45840,0,230200
FINNIFTY02JAN2422600CE.NFO,02/01/2024,09:20:19,0.3,0.3,261240,0.35,45520,120,230200
FINNIFTY02JAN2422600CE.NFO,02/01/2024,09:20:26,0.35,0.35,68720,0.4,41760,28880,226640
FINNIFTY02JAN2422600CE.NFO,02/01/2024,09:20:34,0.35,0.35,70440,0.4,71600,5480,226640
FINNIFTY02JAN2422600CE.NFO,02/01/2024,09:20:42,0.35,0.35,55360,0.4,62080,17000,226640
FINNIFTY02JAN2422600CE.NFO,02/01/2024,09:20:49,0.4,0.35,53480,0.4,66200,13160,226640
FINNIFTY02JAN2422600CE.NFO,02/01/2024,09:20:49,0.4,0.35,53480,0.4,66200,0,226640
FINNIFTY02JAN2422600CE.NFO,02/01/2024,09:20:59,0.35,0.35,48440,0.4,60080,5400,226640
FINNIFTY02JAN2422600CE.NFO,02/01/2024,09:21:11,0.35,0.35,25680,0.4,68360,21160,226640
FINNIFTY02JAN2422600CE.NFO,02/01/2024,09:21:22,0.35,0.35,26160,0.4,67160,1520,226640
FINNIFTY02JAN2422600CE.NFO,02/01/2024,09:21:35,0.4,0.35,25360,0.4,64720,3200,226640
FINNIFTY02JAN2422600CE.NFO,02/01/2024,09:21:46,0.4,0.35,28440,0.4,64800,2720,226640
FINNIFTY02JAN2422600CE.NFO,02/01/2024,09:21:57,0.4,0.35,25280,0.4,61960,5960,226640
FINNIFTY02JAN2422600CE.NFO,02/01/2024,09:22:08,0.35,0.35,14840,0.4,62520,6320,226640
FINNIFTY02JAN2422600CE.NFO,02/01/2024,09:22:20,0.35,0.35,1400,0.4,65920,25880,226640
FINNIFTY02JAN2422600CE.NFO,02/01/2024,09:22:31,0.35,0.3,241360,0.35,42680,11440,226640
FINNIFTY02JAN2422600CE.NFO,02/01/2024,09:22:42,0.3,0.3,245040,0.35,44000,10400,226640
FINNIFTY02JAN2422600CE.NFO,02/01/2024,09:22:54,0.35,0.3,247960,0.35,45960,2160,226640
FINNIFTY02JAN2422600CE.NFO,02/01/2024,09:23:05,0.35,0.3,248600,0.35,45760,1400,226640
FINNIFTY02JAN2422600CE.NFO,02/01/2024,09:23:15,0.35,0.3,248640,0.35,44560,600,226640
FINNIFTY02JAN2422600CE.NFO,02/01/2024,09:23:26,0.35,0.3,248600,0.35,45320,1040,217120
FINNIFTY02JAN2422600CE.NFO,02/01/2024,09:23:37,0.3,0.3,249600,0.35,50360,8880,217120
FINNIFTY02JAN2422600CE.NFO,02/01/2024,09:23:47,0.3,0.3,249600,0.35,52160,0,217120
FINNIFTY02JAN2422600CE.NFO,02/01/2024,09:23:58,0.3,0.3,245240,0.35,60520,5000,217120
FINNIFTY02JAN2422600CE.NFO,02/01/2024,09:24:09,0.3,0.3,243760,0.35,63120,2480,217120
FINNIFTY02JAN2422600CE.NFO,02/01/2024,09:24:19,0.3,0.3,243200,0.35,79120,560,217120
FINNIFTY02JAN2422600CE.NFO,02/01/2024,09:24:30,0.3,0.3,243200,0.35,86320,0,217120
FINNIFTY02JAN2422600CE.NFO,02/01/2024,09:24:41,0.3,0.3,237000,0.35,87920,6400,217120
FINNIFTY02JAN2422600CE.NFO,02/01/2024,09:24:52,0.3,0.3,235200,0.35,86120,1800,217120
FINNIFTY02JAN2422600CE.NFO,02/01/2024,09:25:03,0.3,0.3,229720,0.35,87160,6080,217120
FINNIFTY02JAN2422600CE.NFO,02/01/2024,09:25:14,0.3,0.3,229040,0.35,89000,680,217120
FINNIFTY02JAN2422600CE.NFO,02/01/2024,09:25:25,0.3,0.3,226640,0.35,89000,1480,217120
FINNIFTY02JAN2422600CE.NFO,02/01/2024,09:25:36,0.3,0.3,223240,0.35,88560,1680,217120
FINNIFTY02JAN2422600CE.NFO,02/01/2024,09:25:47,0.3,0.3,225600,0.35,86760,280,217120
FINNIFTY02JAN2422600CE.NFO,02/01/2024,09:26:08,0.3,0.3,223280,0.35,85400,1400,217120
FINNIFTY02JAN2422600CE.NFO,02/01/2024,09:26:21,0.35,0.3,219200,0.35,82200,5000,217120
FINNIFTY02JAN2422600CE.NFO,02/01/2024,09:26:33,0.35,0.3,218400,0.35,71200,3160,218240
FINNIFTY02JAN2422600CE.NFO,02/01/2024,09:26:45,0.3,0.3,218120,0.35,70920,320,218240
FINNIFTY02JAN2422600CE.NFO,02/01/2024,09:26:58,0.35,0.3,216840,0.35,70960,1560,218240
FINNIFTY02JAN2422600CE.NFO,02/01/2024,09:27:10,0.35,0.3,216840,0.35,73560,4840,218240
FINNIFTY02JAN2422600CE.NFO,02/01/2024,09:27:32,0.35,0.3,217440,0.35,73480,0,218240
FINNIFTY02JAN2422600CE.NFO,02/01/2024,09:27:43,0.35,0.3,235840,0.35,73480,0,218240
FINNIFTY02JAN2422600CE.NFO,02/01/2024,09:28:07,0.35,0.3,285880,0.35,73480,0,218240
FINNIFTY02JAN2422600CE.NFO,02/01/2024,09:28:19,0.3,0.3,284880,0.35,73480,1000,218240
FINNIFTY02JAN2422600CE.NFO,02/01/2024,09:28:42,0.3,0.3,284880,0.35,73480,0,218240
FINNIFTY02JAN2422600CE.NFO,02/01/2024,09:29:52,0.35,0.3,284080,0.35,72800,80,215760
FINNIFTY02JAN2422600CE.NFO,02/01/2024,09:30:04,0.3,0.3,283920,0.35,73640,160,215760
FINNIFTY02JAN2422600CE.NFO,02/01/2024,09:30:15,0.35,0.3,284360,0.35,73640,40,215760
FINNIFTY02JAN2422600CE.NFO,02/01/2024,09:30:39,0.35,0.3,283680,0.35,73440,880,215760
FINNIFTY02JAN2422600CE.NFO,02/01/2024,09:30:50,0.3,0.3,283640,0.35,73440,40,215760
FINNIFTY02JAN2422600CE.NFO,02/01/2024,09:31:01,0.3,0.3,283040,0.35,73520,0,215760
FINNIFTY02JAN2422600CE.NFO,02/01/2024,09:31:12,0.3,0.3,281240,0.35,73040,4080,215760
FINNIFTY02JAN2422600CE.NFO,02/01/2024,09:31:24,0.3,0.3,260520,0.35,76640,12400,215760
FINNIFTY02JAN2422600CE.NFO,02/01/2024,09:31:35,0.35,0.3,260520,0.35,76240,400,215760
FINNIFTY02JAN2422600CE.NFO,02/01/2024,09:31:45,0.35,0.3,260520,0.35,76240,0,215760
FINNIFTY02JAN2422600CE.NFO,02/01/2024,09:32:07,0.35,0.3,261720,0.35,78720,400,215760
FINNIFTY02JAN2422600CE.NFO,02/01/2024,09:32:19,0.35,0.3,261720,0.35,89680,240,215760
FINNIFTY02JAN2422600CE.NFO,02/01/2024,09:32:30,0.3,0.3,256600,0.35,89440,4200,232080
FINNIFTY02JAN2422600CE.NFO,02/01/2024,09:32:42,0.3,0.3,250640,0.35,91480,1480,232080
FINNIFTY02JAN2422600CE.NFO,02/01/2024,09:32:54,0.35,0.3,250640,0.35,93640,40,232080
FINNIFTY02JAN2422600CE.NFO,02/01/2024,09:33:05,0.35,0.3,250640,0.35,93640,0,232080
FINNIFTY02JAN2422600CE.NFO,02/01/2024,09:33:38,0.35,0.3,250640,0.35,91800,1840,232080
FINNIFTY02JAN2422600CE.NFO,02/01/2024,09:33:48,0.35,0.3,250640,0.35,91800,0,232080
FINNIFTY02JAN2422600CE.NFO,02/01/2024,09:34:00,0.3,0.3,249920,0.35,91440,840,232080
FINNIFTY02JAN2422600CE.NFO,02/01/2024,09:34:42,0.3,0.3,249920,0.35,91440,0,232080
FINNIFTY02JAN2422600CE.NFO,02/01/2024,09:35:03,0.3,0.3,249880,0.35,91640,80,232080
FINNIFTY02JAN2422600CE.NFO,02/01/2024,09:35:13,0.3,0.3,249200,0.35,91560,760,232080
FINNIFTY02JAN2422600CE.NFO,02/01/2024,09:35:23,0.3,0.3,249160,0.35,91520,80,232080
FINNIFTY02JAN2422600CE.NFO,02/01/2024,09:35:34,0.3,0.3,249160,0.35,91520,0,232080
FINNIFTY02JAN2422600CE.NFO,02/01/2024,09:36:06,0.3,0.3,248840,0.35,91480,360,239320
FINNIFTY02JAN2422600CE.NFO,02/01/2024,09:36:18,0.3,0.3,248760,0.35,91440,120,239320
FINNIFTY02JAN2422600CE.NFO,02/01/2024,09:36:29,0.3,0.3,248680,0.35,91600,80,239320
FINNIFTY02JAN2422600CE.NFO,02/01/2024,09:37:01,0.3,0.3,246840,0.35,91640,1840,239320
FINNIFTY02JAN2422600CE.NFO,02/01/2024,09:37:22,0.3,0.3,245320,0.35,91640,1200,239320
FINNIFTY02JAN2422600CE.NFO,02/01/2024,09:37:32,0.3,0.3,246240,0.35,77240,0,239320
FINNIFTY02JAN2422600CE.NFO,02/01/2024,09:37:42,0.3,0.3,246240,0.35,84440,0,239320
FINNIFTY02JAN2422600CE.NFO,02/01/2024,09:38:03,0.3,0.3,246920,0.35,84440,0,239320
FINNIFTY02JAN2422600CE.NFO,02/01/2024,09:38:13,0.35,0.3,246240,0.35,83760,680,239320
FINNIFTY02JAN2422600CE.NFO,02/01/2024,09:38:35,0.35,0.3,246240,0.35,83720,0,239320
FINNIFTY02JAN2422600CE.NFO,02/01/2024,09:39:07,0.3,0.3,243520,0.35,83720,1800,243480
FINNIFTY02JAN2422600CE.NFO,02/01/2024,09:39:18,0.3,0.3,35720,0.35,91320,40000,243480
FINNIFTY02JAN2422600CE.NFO,02/01/2024,09:39:29,0.3,0.3,16040,0.35,101600,3280,243480
FINNIFTY02JAN2422600CE.NFO,02/01/2024,09:39:39,0.3,0.3,15360,0.35,101800,6600,243480
FINNIFTY02JAN2422600CE.NFO,02/01/2024,09:39:50,0.3,0.3,15360,0.35,126960,0,243480
FINNIFTY02JAN2422600CE.NFO,02/01/2024,09:40:14,0.3,0.3,4000,0.35,127040,7640,243480
FINNIFTY02JAN2422600CE.NFO,02/01/2024,09:40:27,0.3,0.25,206720,0.3,46560,7880,243480
FINNIFTY02JAN2422600CE.NFO,02/01/2024,09:40:39,0.3,0.25,206920,0.3,60840,2720,243480
FINNIFTY02JAN2422600CE.NFO,02/01/2024,09:40:52,0.3,0.25,212920,0.3,68240,7960,243480
FINNIFTY02JAN2422600CE.NFO,02/01/2024,09:41:05,0.3,0.25,213400,0.3,71520,1680,243480
FINNIFTY02JAN2422600CE.NFO,02/01/2024,09:41:16,0.3,0.25,230200,0.3,53760,40120,243480
FINNIFTY02JAN2422600CE.NFO,02/01/2024,09:41:27,0.3,0.3,173800,0.35,108640,40000,243480
FINNIFTY02JAN2422600CE.NFO,02/01/2024,09:41:38,0.35,0.3,222840,0.35,108240,400,251360
FINNIFTY02JAN2422600CE.NFO,02/01/2024,09:42:00,0.35,0.3,310040,0.35,108280,0,251360
FINNIFTY02JAN2422600CE.NFO,02/01/2024,09:42:11,0.35,0.3,310040,0.35,108520,0,251360
FINNIFTY02JAN2422600CE.NFO,02/01/2024,09:42:22,0.35,0.3,335240,0.35,94120,0,251360
FINNIFTY02JAN2422600CE.NFO,02/01/2024,09:42:33,0.35,0.3,335240,0.35,98880,0,251360
FINNIFTY02JAN2422600CE.NFO,02/01/2024,09:43:06,0.3,0.3,333640,0.35,98880,1600,251360
FINNIFTY02JAN2422600CE.NFO,02/01/2024,09:43:17,0.3,0.3,334120,0.35,98920,520,251360
FINNIFTY02JAN2422600CE.NFO,02/01/2024,09:43:28,0.3,0.3,335920,0.35,99440,0,251360
FINNIFTY02JAN2422600CE.NFO,02/01/2024,09:43:40,0.35,0.3,334160,0.35,95840,1800,251360
FINNIFTY02JAN2422600CE.NFO,02/01/2024,09:43:51,0.3,0.3,334080,0.35,98400,240,251360
FINNIFTY02JAN2422600CE.NFO,02/01/2024,09:44:02,0.3,0.3,339480,0.35,98400,0,251360
FINNIFTY02JAN2422600CE.NFO,02/01/2024,09:44:13,0.3,0.3,338840,0.35,97160,1800,251360
FINNIFTY02JAN2422600CE.NFO,02/01/2024,09:44:25,0.3,0.3,340120,0.35,97040,1800,251360
FINNIFTY02JAN2422600CE.NFO,02/01/2024,09:44:35,0.3,0.3,340120,0.35,97160,0,251360
FINNIFTY02JAN2422600CE.NFO,02/01/2024,09:44:45,0.3,0.3,338240,0.35,109360,80,252720
FINNIFTY02JAN2422600CE.NFO,02/01/2024,09:44:55,0.3,0.3,338240,0.35,109560,0,252720
FINNIFTY02JAN2422600CE.NFO,02/01/2024,09:45:06,0.3,0.3,337280,0.35,109560,920,252720
FINNIFTY02JAN2422600CE.NFO,02/01/2024,09:45:17,0.35,0.3,336120,0.35,109520,1880,252720
FINNIFTY02JAN2422600CE.NFO,02/01/2024,09:45:28,0.35,0.3,336120,0.35,109520,0,252720
FINNIFTY02JAN2422600CE.NFO,02/01/2024,09:45:39,0.3,0.3,333400,0.35,109520,3600,252720
FINNIFTY02JAN2422600CE.NFO,02/01/2024,09:46:01,0.3,0.3,336640,0.35,109520,0,252720
FINNIFTY02JAN2422600CE.NFO,02/01/2024,09:46:12,0.3,0.3,336640,0.35,109720,0,252720
FINNIFTY02JAN2422600CE.NFO,02/01/2024,09:46:23,0.3,0.3,336600,0.35,109520,40,252720
FINNIFTY02JAN2422600CE.NFO,02/01/2024,09:46:33,0.3,0.3,336600,0.35,108920,0,252720
FINNIFTY02JAN2422600CE.NFO,02/01/2024,09:46:54,0.3,0.3,336640,0.35,108920,0,252720
FINNIFTY02JAN2422600CE.NFO,02/01/2024,09:47:05,0.35,0.3,336640,0.35,106880,240,252720
FINNIFTY02JAN2422600CE.NFO,02/01/2024,09:47:15,0.3,0.3,336240,0.35,103680,400,252720
FINNIFTY02JAN2422600CE.NFO,02/01/2024,09:47:26,0.3,0.3,336120,0.35,103680,120,252720
FINNIFTY02JAN2422600CE.NFO,02/01/2024,09:47:37,0.3,0.3,336080,0.35,103680,40,257360
FINNIFTY02JAN2422600CE.NFO,02/01/2024,09:47:48,0.3,0.3,335800,0.35,103680,40,257360
FINNIFTY02JAN2422600CE.NFO,02/01/2024,09:47:58,0.35,0.3,336040,0.35,103240,440,257360
FINNIFTY02JAN2422600CE.NFO,02/01/2024,09:48:09,0.35,0.3,336000,0.35,103240,0,257360
FINNIFTY02JAN2422600CE.NFO,02/01/2024,09:48:20,0.35,0.3,336000,0.35,102840,400,257360
FINNIFTY02JAN2422600CE.NFO,02/01/2024,09:48:30,0.35,0.3,336000,0.35,106440,0,257360
FINNIFTY02JAN2422600CE.NFO,02/01/2024,09:48:50,0.3,0.3,335600,0.35,106440,400,257360
FINNIFTY02JAN2422600CE.NFO,02/01/2024,09:49:00,0.3,0.3,335600,0.35,107240,0,257360
FINNIFTY02JAN2422600CE.NFO,02/01/2024,09:49:10,0.3,0.3,335600,0.35,124840,0,257360
FINNIFTY02JAN2422600CE.NFO,02/01/2024,09:49:20,0.3,0.25,258720,0.3,45880,77400,257360
FINNIFTY02JAN2422600CE.NFO,02/01/2024,09:49:31,0.3,0.25,258400,0.3,107160,840,257360
FINNIFTY02JAN2422600CE.NFO,02/01/2024,09:49:41,0.3,0.25,258400,0.3,112360,360,257360
FINNIFTY02JAN2422600CE.NFO,02/01/2024,09:49:51,0.3,0.25,258400,0.3,119600,0,257360
FINNIFTY02JAN2422600CE.NFO,02/01/2024,09:50:01,0.3,0.25,258400,0.3,119640,0,257360
FINNIFTY02JAN2422600CE.NFO,02/01/2024,09:50:11,0.3,0.25,257960,0.3,120200,120,257360
FINNIFTY02JAN2422600CE.NFO,02/01/2024,09:50:21,0.3,0.25,257960,0.3,122040,40,257360
FINNIFTY02JAN2422600CE.NFO,02/01/2024,09:50:31,0.3,0.25,257960,0.3,121640,400,248880
FINNIFTY02JAN2422600CE.NFO,02/01/2024,09:51:02,0.3,0.25,257960,0.3,121640,0,248880
FINNIFTY02JAN2422600CE.NFO,02/01/2024,09:51:24,0.3,0.25,257960,0.3,121560,80,248880
FINNIFTY02JAN2422600CE.NFO,02/01/2024,09:51:35,0.3,0.25,257960,0.3,121600,0,248880
FINNIFTY02JAN2422600CE.NFO,02/01/2024,09:51:46,0.3,0.25,258000,0.3,121600,0,248880
FINNIFTY02JAN2422600CE.NFO,02/01/2024,09:52:06,0.3,0.25,258000,0.3,121440,160,248880
FINNIFTY02JAN2422600CE.NFO,02/01/2024,09:52:17,0.3,0.25,258000,0.3,121480,0,248880
FINNIFTY02JAN2422600CE.NFO,02/01/2024,09:53:08,0.3,0.25,258000,0.3,121320,160,248880
FINNIFTY02JAN2422600CE.NFO,02/01/2024,09:53:18,0.3,0.25,257960,0.3,121160,200,248880
FINNIFTY02JAN2422600CE.NFO,02/01/2024,09:53:28,0.25,0.25,255960,0.3,121160,80,248880
FINNIFTY02JAN2422600CE.NFO,02/01/2024,09:53:39,0.25,0.25,257720,0.3,99560,160,248160
FINNIFTY02JAN2422600CE.NFO,02/01/2024,09:53:50,0.3,0.25,257720,0.3,106720,40,248160
FINNIFTY02JAN2422600CE.NFO,02/01/2024,09:54:00,0.3,0.25,257720,0.3,106640,80,248160
FINNIFTY02JAN2422600CE.NFO,02/01/2024,09:54:10,0.3,0.25,257720,0.3,106600,40,248160
FINNIFTY02JAN2422600CE.NFO,02/01/2024,09:54:20,0.3,0.25,254880,0.3,106960,2960,248160
FINNIFTY02JAN2422600CE.NFO,02/01/2024,09:54:31,0.3,0.25,254880,0.3,108600,120,248160
FINNIFTY02JAN2422600CE.NFO,02/01/2024,09:54:41,0.25,0.25,254800,0.3,108520,440,248160
FINNIFTY02JAN2422600CE.NFO,02/01/2024,09:54:53,0.3,0.25,235760,0.3,87160,16600,248160
FINNIFTY02JAN2422600CE.NFO,02/01/2024,09:55:06,0.3,0.25,236360,0.3,93680,0,248160
FINNIFTY02JAN2422600CE.NFO,02/01/2024,09:55:17,0.3,0.25,234160,0.3,92920,0,248160
FINNIFTY02JAN2422600CE.NFO,02/01/2024,09:55:29,0.3,0.25,234160,0.3,87840,0,248160
FINNIFTY02JAN2422600CE.NFO,02/01/2024,09:55:41,0.25,0.25,233680,0.3,73800,480,248160
FINNIFTY02JAN2422600CE.NFO,02/01/2024,09:55:53,0.3,0.25,233680,0.3,73000,800,248160
FINNIFTY02JAN2422600CE.NFO,02/01/2024,09:56:06,0.3,0.25,237880,0.3,62600,12000,248160
FINNIFTY02JAN2422600CE.NFO,02/01/2024,09:56:20,0.3,0.25,237720,0.3,37200,13320,248160
FINNIFTY02JAN2422600CE.NFO,02/01/2024,09:56:33,0.35,0.3,45120,0.35,153800,46640,241840
FINNIFTY02JAN2422600CE.NFO,02/01/2024,09:56:46,0.3,0.3,40800,0.35,141320,6240,241840
FINNIFTY02JAN2422600CE.NFO,02/01/2024,09:57:00,0.35,0.3,54120,0.35,149360,4760,241840
FINNIFTY02JAN2422600CE.NFO,02/01/2024,09:57:13,0.35,0.3,73760,0.35,107200,8680,241840
FINNIFTY02JAN2422600CE.NFO,02/01/2024,09:57:26,0.3,0.3,66280,0.35,101160,2200,241840
FINNIFTY02JAN2422600CE.NFO,02/01/2024,09:57:39,0.35,0.3,77320,0.35,110800,120,241840
FINNIFTY02JAN2422600CE.NFO,02/01/2024,09:57:50,0.35,0.3,71600,0.35,110440,9280,241840
FINNIFTY02JAN2422600CE.NFO,02/01/2024,09:58:02,0.35,0.3,68120,0.35,105200,240,241840
FINNIFTY02JAN2422600CE.NFO,02/01/2024,09:58:14,0.35,0.3,107000,0.35,105040,200,241840
FINNIFTY02JAN2422600CE.NFO,02/01/2024,09:58:25,0.3,0.3,109880,0.35,105040,360,241840
FINNIFTY02JAN2422600CE.NFO,02/01/2024,09:58:37,0.35,0.3,108760,0.35,93480,18760,241840
FINNIFTY02JAN2422600CE.NFO,02/01/2024,09:58:49,0.35,0.3,103040,0.35,42960,41360,241840
FINNIFTY02JAN2422600CE.NFO,02/01/2024,09:58:59,0.35,0.35,52320,0.4,76960,20560,241840
FINNIFTY02JAN2422600CE.NFO,02/01/2024,09:59:10,0.35,0.35,31520,0.4,89960,11440,241840
FINNIFTY02JAN2422600CE.NFO,02/01/2024,09:59:22,0.35,0.35,81520,0.4,106120,1960,241840
FINNIFTY02JAN2422600CE.NFO,02/01/2024,09:59:33,0.35,0.35,84040,0.4,107640,880,237760
FINNIFTY02JAN2422600CE.NFO,02/01/2024,09:59:44,0.4,0.35,84360,0.4,82280,9160,237760
FINNIFTY02JAN2422600CE.NFO,02/01/2024,09:59:55,0.4,0.35,78480,0.4,81600,7880,237760
FINNIFTY02JAN2422600CE.NFO,02/01/2024,10:00:06,0.4,0.35,77680,0.4,93240,5520,237760
FINNIFTY02JAN2422600CE.NFO,02/01/2024,10:00:17,0.35,0.35,79080,0.4,85160,8560,237760
FINNIFTY02JAN2422600CE.NFO,02/01/2024,10:00:29,0.35,0.35,74320,0.4,88760,0,237760
FINNIFTY02JAN2422600CE.NFO,02/01/2024,10:00:40,0.4,0.35,74320,0.4,88240,520,237760
FINNIFTY02JAN2422600CE.NFO,02/01/2024,10:00:52,0.4,0.35,63920,0.4,93120,520,237760
FINNIFTY02JAN2422600CE.NFO,02/01/2024,10:01:03,0.4,0.35,63920,0.4,88840,0,237760
FINNIFTY02JAN2422600CE.NFO,02/01/2024,10:01:14,0.35,0.35,63880,0.4,75920,40,237760
FINNIFTY02JAN2422600CE.NFO,02/01/2024,10:01:25,0.35,0.35,53800,0.4,72280,0,237760
FINNIFTY02JAN2422600CE.NFO,02/01/2024,10:01:37,0.35,0.35,53800,0.4,79480,0,237760
FINNIFTY02JAN2422600CE.NFO,02/01/2024,10:01:47,0.4,0.35,53800,0.4,79200,280,237760
FINNIFTY02JAN2422600CE.NFO,02/01/2024,10:01:59,0.35,0.35,53280,0.4,78560,1520,237760
FINNIFTY02JAN2422600CE.NFO,02/01/2024,10:02:10,0.35,0.35,53520,0.4,78200,0,237760
FINNIFTY02JAN2422600CE.NFO,02/01/2024,10:02:21,0.4,0.35,51280,0.4,66560,14040,237760
FINNIFTY02JAN2422600CE.NFO,02/01/2024,10:02:31,0.4,0.35,52080,0.4,65720,2800,265760
FINNIFTY02JAN2422600CE.NFO,02/01/2024,10:02:42,0.35,0.35,41680,0.4,95560,1000,265760
FINNIFTY02JAN2422600CE.NFO,02/01/2024,10:02:53,0.35,0.35,40840,0.4,74560,2520,265760
FINNIFTY02JAN2422600CE.NFO,02/01/2024,10:03:05,0.4,0.35,44880,0.4,77240,3600,265760
FINNIFTY02JAN2422600CE.NFO,02/01/2024,10:03:17,0.4,0.35,44880,0.4,75360,2440,265760
FINNIFTY02JAN2422600CE.NFO,02/01/2024,10:03:29,0.4,0.35,44880,0.4,75440,600,265760
FINNIFTY02JAN2422600CE.NFO,02/01/2024,10:03:41,0.4,0.35,44640,0.4,74240,1200,265760
FINNIFTY02JAN2422600CE.NFO,02/01/2024,10:03:52,0.4,0.35,45240,0.4,73920,0,265760
FINNIFTY02JAN2422600CE.NFO,02/01/2024,10:04:03,0.35,0.35,37880,0.4,73520,3120,265760
FINNIFTY02JAN2422600CE.NFO,02/01/2024,10:04:15,0.4,0.35,37880,0.4,73240,280,265760
FINNIFTY02JAN2422600CE.NFO,02/01/2024,10:04:26,0.35,0.35,37440,0.4,92240,440,265760
FINNIFTY02JAN2422600CE.NFO,02/01/2024,10:04:37,0.35,0.35,40400,0.4,75040,640,265760
FINNIFTY02JAN2422600CE.NFO,02/01/2024,10:04:49,0.35,0.3,93320,0.35,18320,39440,265760
FINNIFTY02JAN2422600CE.NFO,02/01/2024,10:05:00,0.35,0.3,117240,0.35,59440,0,265760
FINNIFTY02JAN2422600CE.NFO,02/01/2024,10:05:11,0.35,0.3,118320,0.35,61200,40,265760
FINNIFTY02JAN2422600CE.NFO,02/01/2024,10:05:22,0.35,0.3,118320,0.35,59760,2400,265760
FINNIFTY02JAN2422600CE.NFO,02/01/2024,10:05:33,0.35,0.3,119200,0.35,32640,10000,265160
FINNIFTY02JAN2422600CE.NFO,02/01/2024,10:05:43,0.35,0.3,119200,0.35,47920,120,265160
FINNIFTY02JAN2422600CE.NFO,02/01/2024,10:05:55,0.35,0.3,119200,0.35,38920,0,265160
FINNIFTY02JAN2422600CE.NFO,02/01/2024,10:06:06,0.35,0.3,119200,0.35,47760,200,265160
FINNIFTY02JAN2422600CE.NFO,02/01/2024,10:06:17,0.35,0.3,118200,0.35,54880,40,265160
FINNIFTY02JAN2422600CE.NFO,02/01/2024,10:06:30,0.35,0.3,118600,0.35,54880,0,265160
FINNIFTY02JAN2422600CE.NFO,02/01/2024,10:06:42,0.35,0.3,118600,0.35,56200,0,265160
FINNIFTY02JAN2422600CE.NFO,02/01/2024,10:06:53,0.35,0.3,118720,0.35,57800,800,265160
FINNIFTY02JAN2422600CE.NFO,02/01/2024,10:07:04,0.35,0.3,118720,0.35,58200,800,265160
FINNIFTY02JAN2422600CE.NFO,02/01/2024,10:07:16,0.35,0.3,118720,0.35,56040,0,265160
FINNIFTY02JAN2422600CE.NFO,02/01/2024,10:07:27,0.3,0.3,118680,0.35,55800,40,265160
FINNIFTY02JAN2422600CE.NFO,02/01/2024,10:07:38,0.3,0.3,117920,0.35,55920,760,265160
FINNIFTY02JAN2422600CE.NFO,02/01/2024,10:07:49,0.3,0.3,117360,0.35,56160,640,265160
FINNIFTY02JAN2422600CE.NFO,02/01/2024,10:08:01,0.3,0.3,127080,0.35,56400,14200,265160
FINNIFTY02JAN2422600CE.NFO,02/01/2024,10:08:12,0.3,0.3,137200,0.35,58200,80,265160
FINNIFTY02JAN2422600CE.NFO,02/01/2024,10:08:22,0.35,0.3,137160,0.35,58160,80,265160
FINNIFTY02JAN2422600CE.NFO,02/01/2024,10:08:34,0.3,0.3,137120,0.35,58160,40,265160
FINNIFTY02JAN2422600CE.NFO,02/01/2024,10:08:45,0.35,0.3,137080,0.35,59240,1440,281040
FINNIFTY02JAN2422600CE.NFO,02/01/2024,10:08:56,0.3,0.3,127040,0.35,61640,40,281040
FINNIFTY02JAN2422600CE.NFO,02/01/2024,10:09:08,0.35,0.3,136040,0.35,58520,3120,281040
FINNIFTY02JAN2422600CE.NFO,02/01/2024,10:09:19,0.35,0.3,136040,0.35,65480,0,281040
FINNIFTY02JAN2422600CE.NFO,02/01/2024,10:09:31,0.35,0.3,136040,0.35,72320,0,281040
FINNIFTY02JAN2422600CE.NFO,02/01/2024,10:09:42,0.35,0.3,124240,0.35,72320,0,281040
FINNIFTY02JAN2422600CE.NFO,02/01/2024,10:10:04,0.3,0.3,114080,0.35,80560,10960,281040
FINNIFTY02JAN2422600CE.NFO,02/01/2024,10:10:16,0.3,0.3,107480,0.35,93480,6600,281040
FINNIFTY02JAN2422600CE.NFO,02/01/2024,10:10:27,0.3,0.3,100280,0.35,111160,0,281040
FINNIFTY02JAN2422600CE.NFO,02/01/2024,10:10:38,0.3,0.3,94080,0.35,116560,9800,281040
FINNIFTY02JAN2422600CE.NFO,02/01/2024,10:10:50,0.3,0.3,60640,0.35,116560,12400,281040
FINNIFTY02JAN2422600CE.NFO,02/01/2024,10:11:01,0.3,0.3,40760,0.35,114760,19480,281040
FINNIFTY02JAN2422600CE.NFO,02/01/2024,10:11:12,0.3,0.3,42560,0.35,114760,0,281040
FINNIFTY02JAN2422600CE.NFO,02/01/2024,10:11:23,0.3,0.3,23120,0.35,114760,1440,281040
FINNIFTY02JAN2422600CE.NFO,02/01/2024,10:11:34,0.3,0.3,19320,0.35,112960,3800,277360
FINNIFTY02JAN2422600CE.NFO,02/01/2024,10:11:45,0.3,0.3,9920,0.35,111040,3480,277360
FINNIFTY02JAN2422600CE.NFO,02/01/2024,10:11:55,0.3,0.25,254440,0.3,14320,28640,277360
FINNIFTY02JAN2422600CE.NFO,02/01/2024,10:12:06,0.3,0.25,257520,0.3,48240,1640,277360
FINNIFTY02JAN2422600CE.NFO,02/01/2024,10:12:48,0.25,0.25,256040,0.3,39360,1560,277360
FINNIFTY02JAN2422600CE.NFO,02/01/2024,10:13:00,0.25,0.25,254200,0.3,48320,240,277360
FINNIFTY02JAN2422600CE.NFO,02/01/2024,10:13:11,0.3,0.25,254200,0.3,47680,320,277360
FINNIFTY02JAN2422600CE.NFO,02/01/2024,10:13:22,0.3,0.25,254200,0.3,47680,0,277360
FINNIFTY02JAN2422600CE.NFO,02/01/2024,10:13:32,0.25,0.25,299040,0.3,47680,160,277360
FINNIFTY02JAN2422600CE.NFO,02/01/2024,10:13:43,0.3,0.25,257640,0.3,47280,400,277360
FINNIFTY02JAN2422600CE.NFO,02/01/2024,10:13:54,0.3,0.25,255840,0.3,47360,0,277360
FINNIFTY02JAN2422600CE.NFO,02/01/2024,10:14:04,0.3,0.25,255760,0.3,47480,0,277360
FINNIFTY02JAN2422600CE.NFO,02/01/2024,10:14:14,0.3,0.25,255760,0.3,47440,0,277360
FINNIFTY02JAN2422600CE.NFO,02/01/2024,10:14:24,0.3,0.25,259360,0.3,40240,7200,277360
FINNIFTY02JAN2422600CE.NFO,02/01/2024,10:14:35,0.3,0.3,74800,0.35,111080,30720,281560
FINNIFTY02JAN2422600CE.NFO,02/01/2024,10:14:46,0.3,0.3,55240,0.35,137160,1560,281560
FINNIFTY02JAN2422600CE.NFO,02/01/2024,10:14:56,0.3,0.3,55360,0.35,137640,1560,281560
FINNIFTY02JAN2422600CE.NFO,02/01/2024,10:15:06,0.3,0.3,39040,0.35,131680,7080,281560
FINNIFTY02JAN2422600CE.NFO,02/01/2024,10:15:16,0.3,0.3,14480,0.35,126160,27400,281560
FINNIFTY02JAN2422600CE.NFO,02/01/2024,10:15:27,0.3,0.25,251240,0.3,51040,11200,281560
FINNIFTY02JAN2422600CE.NFO,02/01/2024,10:15:37,0.3,0.25,251240,0.3,56440,0,281560
FINNIFTY02JAN2422600CE.NFO,02/01/2024,10:16:08,0.3,0.25,251200,0.3,56400,40,281560
FINNIFTY02JAN2422600CE.NFO,02/01/2024,10:16:18,0.3,0.25,251200,0.3,55800,600,281560
FINNIFTY02JAN2422600CE.NFO,02/01/2024,10:17:00,0.3,0.25,251200,0.3,56000,400,281560
FINNIFTY02JAN2422600CE.NFO,02/01/2024,10:17:22,0.25,0.25,248400,0.3,56320,400,281560
FINNIFTY02JAN2422600CE.NFO,02/01/2024,10:17:33,0.25,0.25,248240,0.3,56320,160,257280
FINNIFTY02JAN2422600CE.NFO,02/01/2024,10:17:54,0.3,0.25,250640,0.3,55960,40,257280
FINNIFTY02JAN2422600CE.NFO,02/01/2024,10:18:04,0.3,0.25,250640,0.3,63960,400,257280
FINNIFTY02JAN2422600CE.NFO,02/01/2024,10:19:10,0.3,0.25,250640,0.3,63560,400,257280
FINNIFTY02JAN2422600CE.NFO,02/01/2024,10:19:20,0.3,0.25,250640,0.3,61880,2000,257280
FINNIFTY02JAN2422600CE.NFO,02/01/2024,10:19:30,0.3,0.25,243520,0.3,60840,1200,257280
FINNIFTY02JAN2422600CE.NFO,02/01/2024,10:19:40,0.3,0.25,243520,0.3,59840,1000,257280
FINNIFTY02JAN2422600CE.NFO,02/01/2024,10:19:50,0.3,0.25,243520,0.3,59800,40,257280
FINNIFTY02JAN2422600CE.NFO,02/01/2024,10:19:59,0.3,0.25,243520,0.3,59640,160,257280
FINNIFTY02JAN2422600CE.NFO,02/01/2024,10:20:09,0.3,0.25,257920,0.3,53240,10000,257280
FINNIFTY02JAN2422600CE.NFO,02/01/2024,10:20:19,0.3,0.25,257920,0.3,56240,600,257280
FINNIFTY02JAN2422600CE.NFO,02/01/2024,10:20:39,0.3,0.25,257920,0.3,57600,10000,257280
FINNIFTY02JAN2422600CE.NFO,02/01/2024,10:21:27,0.25,0.25,257520,0.3,59400,400,260720
FINNIFTY02JAN2422600CE.NFO,02/01/2024,10:21:49,0.25,0.25,256920,0.3,59400,600,260720
FINNIFTY02JAN2422600CE.NFO,02/01/2024,10:22:17,0.25,0.25,256920,0.3,77400,0,260720
FINNIFTY02JAN2422600CE.NFO,02/01/2024,10:22:38,0.25,0.25,256880,0.3,77400,40,260720
FINNIFTY02JAN2422600CE.NFO,02/01/2024,10:22:48,0.25,0.25,256880,0.3,77400,0,260720
FINNIFTY02JAN2422600CE.NFO,02/01/2024,10:23:18,0.25,0.25,256680,0.3,77400,200,260720
FINNIFTY02JAN2422600CE.NFO,02/01/2024,10:23:28,0.3,0.25,256680,0.3,77320,80,260720
FINNIFTY02JAN2422600CE.NFO,02/01/2024,10:23:49,0.3,0.25,256680,0.3,78520,0,260720
FINNIFTY02JAN2422600CE.NFO,02/01/2024,10:24:00,0.3,0.25,256680,0.3,76720,1840,260720
FINNIFTY02JAN2422600CE.NFO,02/01/2024,10:24:11,0.3,0.25,256680,0.3,76560,160,260720
FINNIFTY02JAN2422600CE.NFO,02/01/2024,10:24:50,0.3,0.25,256680,0.3,74760,1800,260720
FINNIFTY02JAN2422600CE.NFO,02/01/2024,10:25:21,0.3,0.25,256680,0.3,74720,40,260720
FINNIFTY02JAN2422600CE.NFO,02/01/2024,10:25:32,0.3,0.25,256680,0.3,69320,0,260720
FINNIFTY02JAN2422600CE.NFO,02/01/2024,10:25:42,0.3,0.25,256680,0.3,56720,0,260720
FINNIFTY02JAN2422600CE.NFO,02/01/2024,10:26:13,0.3,0.25,256680,0.3,56120,600,260720
FINNIFTY02JAN2422600CE.NFO,02/01/2024,10:26:54,0.3,0.25,256680,0.3,55520,600,260720
FINNIFTY02JAN2422600CE.NFO,02/01/2024,10:27:05,0.25,0.25,256640,0.3,55560,40,260720
FINNIFTY02JAN2422600CE.NFO,02/01/2024,10:27:17,0.3,0.25,256640,0.3,55320,240,260720
FINNIFTY02JAN2422600CE.NFO,02/01/2024,10:27:48,0.3,0.25,256640,0.3,55200,120,260720
FINNIFTY02JAN2422600CE.NFO,02/01/2024,10:27:58,0.25,0.25,255640,0.3,56000,1000,260720
FINNIFTY02JAN2422600CE.NFO,02/01/2024,10:28:08,0.25,0.25,255640,0.3,57400,0,260720
FINNIFTY02JAN2422600CE.NFO,02/01/2024,10:28:37,0.3,0.25,255640,0.3,57200,200,260720
FINNIFTY02JAN2422600CE.NFO,02/01/2024,10:28:45,0.3,0.25,255640,0.3,55600,1600,260720
FINNIFTY02JAN2422600CE.NFO,02/01/2024,10:28:54,0.3,0.25,255640,0.3,55000,600,260720
FINNIFTY02JAN2422600CE.NFO,02/01/2024,10:29:03,0.3,0.25,255640,0.3,53600,1400,260720
FINNIFTY02JAN2422600CE.NFO,02/01/2024,10:29:12,0.3,0.25,255640,0.3,53400,200,260720
FINNIFTY02JAN2422600CE.NFO,02/01/2024,10:29:38,0.3,0.25,255640,0.3,53000,400,262240
FINNIFTY02JAN2422600CE.NFO,02/01/2024,10:30:03,0.25,0.25,255400,0.3,53000,240,262240
FINNIFTY02JAN2422600CE.NFO,02/01/2024,10:30:32,0.3,0.25,255400,0.3,53160,400,262240
FINNIFTY02JAN2422600CE.NFO,02/01/2024,10:31:01,0.3,0.25,255400,0.3,52640,200,262240
FINNIFTY02JAN2422600CE.NFO,02/01/2024,10:31:10,0.3,0.25,255400,0.3,51640,1000,262240
FINNIFTY02JAN2422600CE.NFO,02/01/2024,10:31:19,0.3,0.25,255400,0.3,51640,0,262240
FINNIFTY02JAN2422600CE.NFO,02/01/2024,10:31:37,0.25,0.25,254400,0.3,53440,1000,262240
FINNIFTY02JAN2422600CE.NFO,02/01/2024,10:31:47,0.25,0.25,252800,0.3,52640,1600,262240
FINNIFTY02JAN2422600CE.NFO,02/01/2024,10:31:58,0.25,0.25,250880,0.3,54960,120,262240
FINNIFTY02JAN2422600CE.NFO,02/01/2024,10:32:46,0.3,0.25,250880,0.3,56560,1800,262240
FINNIFTY02JAN2422600CE.NFO,02/01/2024,10:34:11,0.3,0.25,251040,0.3,54760,1200,262240
FINNIFTY02JAN2422600CE.NFO,02/01/2024,10:34:21,0.3,0.25,251040,0.3,50160,2800,262240
FINNIFTY02JAN2422600CE.NFO,02/01/2024,10:34:30,0.3,0.25,251040,0.3,49760,400,262240
FINNIFTY02JAN2422600CE.NFO,02/01/2024,10:34:39,0.3,0.25,251040,0.3,51560,0,262240
FINNIFTY02JAN2422600CE.NFO,02/01/2024,10:34:48,0.3,0.25,251040,0.3,50520,0,262240
FINNIFTY02JAN2422600CE.NFO,02/01/2024,10:34:57,0.3,0.25,251040,0.3,50640,480,262240
FINNIFTY02JAN2422600CE.NFO,02/01/2024,10:35:24,0.25,0.25,250760,0.3,50640,280,262240
FINNIFTY02JAN2422600CE.NFO,02/01/2024,10:35:50,0.3,0.25,250760,0.3,36680,5200,267320
FINNIFTY02JAN2422600CE.NFO,02/01/2024,10:35:59,0.25,0.25,250520,0.3,36600,840,267320
FINNIFTY02JAN2422600CE.NFO,02/01/2024,10:36:29,0.25,0.25,250520,0.3,38200,0,267320
FINNIFTY02JAN2422600CE.NFO,02/01/2024,10:36:41,0.25,0.25,249640,0.3,39000,880,267320
FINNIFTY02JAN2422600CE.NFO,02/01/2024,10:36:52,0.25,0.25,248680,0.3,41240,960,267320
FINNIFTY02JAN2422600CE.NFO,02/01/2024,10:37:04,0.25,0.25,248680,0.3,41640,0,267320
FINNIFTY02JAN2422600CE.NFO,02/01/2024,10:37:15,0.3,0.25,248680,0.3,41600,40,267320
FINNIFTY02JAN2422600CE.NFO,02/01/2024,10:37:25,0.25,0.25,248640,0.3,41600,40,267320
FINNIFTY02JAN2422600CE.NFO,02/01/2024,10:37:36,0.25,0.25,248640,0.3,41680,0,267320
FINNIFTY02JAN2422600CE.NFO,02/01/2024,10:37:46,0.25,0.25,250440,0.3,41680,0,267320
FINNIFTY02JAN2422600CE.NFO,02/01/2024,10:38:06,0.3,0.25,248640,0.3,41640,1840,267320
FINNIFTY02JAN2422600CE.NFO,02/01/2024,10:41:41,0.3,0.25,248640,0.3,59640,0,267320
FINNIFTY02JAN2422600CE.NFO,02/01/2024,10:42:41,0.25,0.25,248560,0.3,63240,80,277080
FINNIFTY02JAN2422600CE.NFO,02/01/2024,10:43:11,0.25,0.25,248560,0.3,63240,0,277080
FINNIFTY02JAN2422600CE.NFO,02/01/2024,10:43:21,0.3,0.25,237760,0.3,62720,520,277080
FINNIFTY02JAN2422600CE.NFO,02/01/2024,10:43:31,0.3,0.25,237760,0.3,60920,1800,277080
FINNIFTY02JAN2422600CE.NFO,02/01/2024,10:43:51,0.3,0.25,237760,0.3,62680,40,277080
FINNIFTY02JAN2422600CE.NFO,02/01/2024,10:44:01,0.3,0.25,237760,0.3,62640,40,277080
FINNIFTY02JAN2422600CE.NFO,02/01/2024,10:45:00,0.3,0.25,237760,0.3,61640,1000,279480
FINNIFTY02JAN2422600CE.NFO,02/01/2024,10:45:10,0.25,0.25,236760,0.3,65560,1000,279480
FINNIFTY02JAN2422600CE.NFO,02/01/2024,10:45:20,0.3,0.25,236760,0.3,65840,400,279480
FINNIFTY02JAN2422600CE.NFO,02/01/2024,10:45:39,0.25,0.25,236720,0.3,65840,40,279480
FINNIFTY02JAN2422600CE.NFO,02/01/2024,10:45:49,0.25,0.25,236720,0.3,64640,0,279480
FINNIFTY02JAN2422600CE.NFO,02/01/2024,10:45:58,0.3,0.25,236640,0.3,64480,280,279480
FINNIFTY02JAN2422600CE.NFO,02/01/2024,10:46:17,0.3,0.25,236640,0.3,64680,0,279480
FINNIFTY02JAN2422600CE.NFO,02/01/2024,10:46:47,0.25,0.25,236400,0.3,64680,240,279480
FINNIFTY02JAN2422600CE.NFO,02/01/2024,10:47:07,0.25,0.25,222000,0.3,65000,0,279480
FINNIFTY02JAN2422600CE.NFO,02/01/2024,10:47:25,0.25,0.25,222000,0.3,64720,0,279480
FINNIFTY02JAN2422600CE.NFO,02/01/2024,10:48:21,0.25,0.25,220000,0.3,64720,2000,280600
FINNIFTY02JAN2422600CE.NFO,02/01/2024,10:48:31,0.25,0.25,220000,0.3,66960,0,280600
FINNIFTY02JAN2422600CE.NFO,02/01/2024,10:48:40,0.3,0.25,220000,0.3,66920,40,280600
FINNIFTY02JAN2422600CE.NFO,02/01/2024,10:49:20,0.3,0.25,220000,0.3,67040,200,280600
FINNIFTY02JAN2422600CE.NFO,02/01/2024,10:49:31,0.3,0.25,220000,0.3,66800,240,280600
FINNIFTY02JAN2422600CE.NFO,02/01/2024,10:49:40,0.3,0.25,220000,0.3,66600,200,280600
FINNIFTY02JAN2422600CE.NFO,02/01/2024,10:49:49,0.3,0.25,220000,0.3,66520,80,280600
FINNIFTY02JAN2422600CE.NFO,02/01/2024,10:51:28,0.3,0.25,220000,0.3,67320,0,280600
FINNIFTY02JAN2422600CE.NFO,02/01/2024,10:51:38,0.3,0.25,220000,0.3,67240,80,281320
FINNIFTY02JAN2422600CE.NFO,02/01/2024,10:51:48,0.3,0.25,220000,0.3,67040,200,281320
FINNIFTY02JAN2422600CE.NFO,02/01/2024,10:52:26,0.3,0.25,220000,0.3,66920,120,281320
FINNIFTY02JAN2422600CE.NFO,02/01/2024,10:52:36,0.3,0.25,220000,0.3,63320,3600,281320
FINNIFTY02JAN2422600CE.NFO,02/01/2024,10:52:55,0.3,0.25,220000,0.3,62120,1200,281320
FINNIFTY02JAN2422600CE.NFO,02/01/2024,10:53:13,0.25,0.25,219000,0.3,63480,1000,281320
FINNIFTY02JAN2422600CE.NFO,02/01/2024,10:53:41,0.25,0.25,218960,0.3,63160,40,281320
FINNIFTY02JAN2422600CE.NFO,02/01/2024,10:55:05,0.25,0.25,218960,0.3,63760,0,281320
FINNIFTY02JAN2422600CE.NFO,02/01/2024,10:55:14,0.3,0.25,218960,0.3,64520,40,286120
FINNIFTY02JAN2422600CE.NFO,02/01/2024,10:55:23,0.25,0.25,218600,0.3,64520,360,286120
FINNIFTY02JAN2422600CE.NFO,02/01/2024,10:55:32,0.25,0.25,218600,0.3,65040,0,286120
FINNIFTY02JAN2422600CE.NFO,02/01/2024,10:55:51,0.25,0.25,217600,0.3,65040,1000,286120
FINNIFTY02JAN2422600CE.NFO,02/01/2024,10:56:18,0.3,0.25,217600,0.3,60880,5400,286120
FINNIFTY02JAN2422600CE.NFO,02/01/2024,10:56:27,0.3,0.25,217600,0.3,60760,120,286120
FINNIFTY02JAN2422600CE.NFO,02/01/2024,10:56:36,0.3,0.25,217600,0.3,65760,0,286120
FINNIFTY02JAN2422600CE.NFO,02/01/2024,10:56:47,0.3,0.25,217600,0.3,63520,400,286760
FINNIFTY02JAN2422600CE.NFO,02/01/2024,10:57:08,0.25,0.25,217200,0.3,63920,400,286760
FINNIFTY02JAN2422600CE.NFO,02/01/2024,10:57:18,0.25,0.25,217200,0.3,63000,0,286760
FINNIFTY02JAN2422600CE.NFO,02/01/2024,10:57:28,0.25,0.25,211800,0.3,63320,5400,286760
FINNIFTY02JAN2422600CE.NFO,02/01/2024,10:57:37,0.25,0.25,211800,0.3,68400,0,286760
FINNIFTY02JAN2422600CE.NFO,02/01/2024,10:57:48,0.25,0.25,211800,0.3,68440,0,286760
FINNIFTY02JAN2422600CE.NFO,02/01/2024,10:57:59,0.3,0.25,211800,0.3,68160,280,286760
FINNIFTY02JAN2422600CE.NFO,02/01/2024,10:58:09,0.3,0.25,206720,0.3,65040,5320,286760
FINNIFTY02JAN2422600CE.NFO,02/01/2024,10:58:19,0.3,0.25,206720,0.3,66720,120,286760
FINNIFTY02JAN2422600CE.NFO,02/01/2024,10:58:37,0.3,0.25,206720,0.3,66640,80,286760
FINNIFTY02JAN2422600CE.NFO,02/01/2024,10:58:46,0.25,0.25,205320,0.3,68400,1440,286760
FINNIFTY02JAN2422600CE.NFO,02/01/2024,10:59:05,0.25,0.25,205320,0.3,69200,0,286760
FINNIFTY02JAN2422600CE.NFO,02/01/2024,10:59:33,0.25,0.25,200920,0.3,73480,4400,286760
FINNIFTY02JAN2422600CE.NFO,02/01/2024,10:59:42,0.25,0.25,199760,0.3,75600,1160,286760
FINNIFTY02JAN2422600CE.NFO,02/01/2024,11:00:01,0.25,0.25,199760,0.3,75600,0,286760
FINNIFTY02JAN2422600CE.NFO,02/01/2024,11:00:10,0.25,0.25,199760,0.3,76000,0,286760
FINNIFTY02JAN2422600CE.NFO,02/01/2024,11:00:20,0.25,0.25,199520,0.3,75680,280,286760
FINNIFTY02JAN2422600CE.NFO,02/01/2024,11:00:30,0.25,0.25,199560,0.3,74480,0,286760
FINNIFTY02JAN2422600CE.NFO,02/01/2024,11:00:49,0.25,0.25,197960,0.3,76360,0,286760
FINNIFTY02JAN2422600CE.NFO,02/01/2024,11:00:58,0.25,0.25,192960,0.3,76680,1600,286760
FINNIFTY02JAN2422600CE.NFO,02/01/2024,11:01:08,0.25,0.25,190960,0.3,78480,2000,286760
FINNIFTY02JAN2422600CE.NFO,02/01/2024,11:01:17,0.25,0.25,192760,0.3,80040,0,286760
FINNIFTY02JAN2422600CE.NFO,02/01/2024,11:01:27,0.25,0.25,189960,0.3,80440,1000,286760
FINNIFTY02JAN2422600CE.NFO,02/01/2024,11:01:37,0.25,0.25,191760,0.3,80720,0,286760
FINNIFTY02JAN2422600CE.NFO,02/01/2024,11:02:06,0.3,0.25,191720,0.3,78560,40,286760
FINNIFTY02JAN2422600CE.NFO,02/01/2024,11:02:16,0.3,0.25,188840,0.3,78560,0,286760
FINNIFTY02JAN2422600CE.NFO,02/01/2024,11:02:45,0.3,0.25,187040,0.3,78880,0,286760
FINNIFTY02JAN2422600CE.NFO,02/01/2024,11:02:54,0.3,0.25,156440,0.3,80680,0,286760
FINNIFTY02JAN2422600CE.NFO,02/01/2024,11:03:04,0.3,0.25,131960,0.3,80680,0,286760
FINNIFTY02JAN2422600CE.NFO,02/01/2024,11:03:13,0.25,0.25,105640,0.3,80080,8320,285560
FINNIFTY02JAN2422600CE.NFO,02/01/2024,11:03:22,0.25,0.25,57720,0.3,80080,6720,285560
FINNIFTY02JAN2422600CE.NFO,02/01/2024,11:03:31,0.25,0.2,295200,0.25,57280,26800,285560
FINNIFTY02JAN2422600CE.NFO,02/01/2024,11:03:41,0.2,0.2,201560,0.25,75600,1840,285560
FINNIFTY02JAN2422600CE.NFO,02/01/2024,11:03:41,0.2,0.2,201560,0.25,75600,0,285560
FINNIFTY02JAN2422600CE.NFO,02/01/2024,11:03:50,0.25,0.2,199760,0.25,90560,2240,285560
FINNIFTY02JAN2422600CE.NFO,02/01/2024,11:03:59,0.25,0.2,199760,0.25,98360,200,285560
FINNIFTY02JAN2422600CE.NFO,02/01/2024,11:04:09,0.25,0.2,221360,0.25,101760,200,285560
FINNIFTY02JAN2422600CE.NFO,02/01/2024,11:04:18,0.25,0.2,232160,0.25,100120,1640,285560
FINNIFTY02JAN2422600CE.NFO,02/01/2024,11:04:28,0.25,0.2,232160,0.25,100120,0,285560
FINNIFTY02JAN2422600CE.NFO,02/01/2024,11:04:37,0.25,0.2,230360,0.25,99800,0,285560
FINNIFTY02JAN2422600CE.NFO,02/01/2024,11:04:47,0.25,0.2,232160,0.25,99800,0,285560
FINNIFTY02JAN2422600CE.NFO,02/01/2024,11:04:56,0.25,0.2,232160,0.25,100120,0,285560
FINNIFTY02JAN2422600CE.NFO,02/01/2024,11:05:23,0.25,0.2,230360,0.25,100120,0,285560
FINNIFTY02JAN2422600CE.NFO,02/01/2024,11:05:33,0.25,0.2,230360,0.25,99760,40,285560
FINNIFTY02JAN2422600CE.NFO,02/01/2024,11:05:52,0.25,0.2,230360,0.25,99760,0,285560
FINNIFTY02JAN2422600CE.NFO,02/01/2024,11:07:17,0.2,0.2,228560,0.25,99520,2040,276320
FINNIFTY02JAN2422600CE.NFO,02/01/2024,11:07:27,0.2,0.2,228560,0.25,101320,0,276320
FINNIFTY02JAN2422600CE.NFO,02/01/2024,11:07:36,0.25,0.2,226760,0.25,97440,3880,276320
FINNIFTY02JAN2422600CE.NFO,02/01/2024,11:07:45,0.25,0.2,228560,0.25,96240,1240,276320
FINNIFTY02JAN2422600CE.NFO,02/01/2024,11:07:54,0.25,0.2,228560,0.25,94400,3640,276320
FINNIFTY02JAN2422600CE.NFO,02/01/2024,11:08:04,0.25,0.2,228560,0.25,81680,13920,276320
FINNIFTY02JAN2422600CE.NFO,02/01/2024,11:08:22,0.25,0.2,228640,0.3,15040,81680,276320
FINNIFTY02JAN2422600CE.NFO,02/01/2024,11:08:31,0.3,0.25,142200,0.3,12360,7080,276320
FINNIFTY02JAN2422600CE.NFO,02/01/2024,11:08:40,0.3,0.25,162200,0.3,5680,5040,295920
FINNIFTY02JAN2422600CE.NFO,02/01/2024,11:08:49,0.25,0.25,158960,0.3,8040,120,295920
FINNIFTY02JAN2422600CE.NFO,02/01/2024,11:08:59,0.25,0.25,155680,0.3,9640,80,295920
FINNIFTY02JAN2422600CE.NFO,02/01/2024,11:09:09,0.25,0.25,155560,0.3,9680,1560,295920
FINNIFTY02JAN2422600CE.NFO,02/01/2024,11:09:19,0.25,0.25,155800,0.3,9280,0,295920
FINNIFTY02JAN2422600CE.NFO,02/01/2024,11:09:28,0.25,0.25,157600,0.3,9280,0,295920
FINNIFTY02JAN2422600CE.NFO,02/01/2024,11:09:37,0.3,0.25,161000,0.3,8800,680,295920
FINNIFTY02JAN2422600CE.NFO,02/01/2024,11:09:46,0.35,0.3,26160,0.35,38600,11440,295920
FINNIFTY02JAN2422600CE.NFO,02/01/2024,11:09:55,0.3,0.3,68800,0.35,29640,640,295920
FINNIFTY02JAN2422600CE.NFO,02/01/2024,11:10:04,0.3,0.3,56480,0.35,32040,4040,295920
FINNIFTY02JAN2422600CE.NFO,02/01/2024,11:10:12,0.3,0.3,66440,0.35,32400,0,295920
FINNIFTY02JAN2422600CE.NFO,02/01/2024,11:10:21,0.35,0.3,66440,0.35,16440,18000,295920
FINNIFTY02JAN2422600CE.NFO,02/01/2024,11:10:29,0.3,0.3,65960,0.35,16480,80,295920
FINNIFTY02JAN2422600CE.NFO,02/01/2024,11:10:47,0.35,0.3,67640,0.35,14080,4440,295920
FINNIFTY02JAN2422600CE.NFO,02/01/2024,11:10:56,0.35,0.35,15080,0.4,12120,11400,295920
FINNIFTY02JAN2422600CE.NFO,02/01/2024,11:11:05,0.35,0.35,7240,0.4,15720,80,295920
FINNIFTY02JAN2422600CE.NFO,02/01/2024,11:11:14,0.35,0.35,10600,0.4,15800,4880,295920
FINNIFTY02JAN2422600CE.NFO,02/01/2024,11:11:23,0.4,0.35,11280,0.4,10480,5400,295920
FINNIFTY02JAN2422600CE.NFO,02/01/2024,11:11:33,0.4,0.35,13080,0.4,9200,1280,295920
FINNIFTY02JAN2422600CE.NFO,02/01/2024,11:11:42,0.4,0.35,37920,0.4,9560,1040,295920
FINNIFTY02JAN2422600CE.NFO,02/01/2024,11:11:51,0.4,0.35,40680,0.4,7520,5200,308640
FINNIFTY02JAN2422600CE.NFO,02/01/2024,11:12:01,0.4,0.35,20560,0.4,9920,0,308640
FINNIFTY02JAN2422600CE.NFO,02/01/2024,11:12:10,0.4,0.35,16600,0.4,11720,0,308640
FINNIFTY02JAN2422600CE.NFO,02/01/2024,11:12:19,0.4,0.35,40760,0.4,7800,1520,308640
FINNIFTY02JAN2422600CE.NFO,02/01/2024,11:12:28,0.4,0.35,41040,0.4,11360,0,308640
FINNIFTY02JAN2422600CE.NFO,02/01/2024,11:12:37,0.4,0.35,41280,0.4,11760,0,308640
FINNIFTY02JAN2422600CE.NFO,02/01/2024,11:12:46,0.4,0.4,18040,0.45,25600,11360,308640
FINNIFTY02JAN2422600CE.NFO,02/01/2024,11:12:55,0.4,0.4,19280,0.45,24480,0,308640
FINNIFTY02JAN2422600CE.NFO,02/01/2024,11:13:04,0.4,0.4,19560,0.45,24480,240,308640
FINNIFTY02JAN2422600CE.NFO,02/01/2024,11:13:13,0.4,0.4,12360,0.45,24480,680,308640
FINNIFTY02JAN2422600CE.NFO,02/01/2024,11:13:22,0.4,0.4,15960,0.45,26360,0,308640
FINNIFTY02JAN2422600CE.NFO,02/01/2024,11:13:31,0.4,0.4,14160,0.45,26760,0,308640
FINNIFTY02JAN2422600CE.NFO,02/01/2024,11:13:42,0.45,0.4,44200,0.45,10280,6320,308640
FINNIFTY02JAN2422600CE.NFO,02/01/2024,11:13:42,0.45,0.4,44200,0.45,10280,0,308640
FINNIFTY02JAN2422600CE.NFO,02/01/2024,11:13:52,0.45,0.4,46280,0.45,4960,7840,308640
FINNIFTY02JAN2422600CE.NFO,02/01/2024,11:14:01,0.5,0.45,40480,0.5,27160,7480,308640
FINNIFTY02JAN2422600CE.NFO,02/01/2024,11:14:01,0.5,0.45,40480,0.5,27160,0,308640
FINNIFTY02JAN2422600CE.NFO,02/01/2024,11:14:10,0.45,0.45,31640,0.5,18360,10960,308640
FINNIFTY02JAN2422600CE.NFO,02/01/2024,11:14:19,0.5,0.45,29920,0.5,5440,7360,308640
FINNIFTY02JAN2422600CE.NFO,02/01/2024,11:14:28,0.5,0.5,41600,0.55,18680,19360,308640
FINNIFTY02JAN2422600CE.NFO,02/01/2024,11:14:28,0.55,0.5,41600,0.55,18680,0,308640
FINNIFTY02JAN2422600CE.NFO,02/01/2024,11:14:37,0.5,0.5,44200,0.55,18680,760,308640
FINNIFTY02JAN2422600CE.NFO,02/01/2024,11:14:47,0.5,0.5,43880,0.55,18680,320,331840
FINNIFTY02JAN2422600CE.NFO,02/01/2024,11:14:56,0.5,0.5,39040,0.55,14560,6760,331840
FINNIFTY02JAN2422600CE.NFO,02/01/2024,11:15:06,0.5,0.5,34120,0.55,10600,4880,331840
FINNIFTY02JAN2422600CE.NFO,02/01/2024,11:15:16,0.5,0.5,17200,0.55,26240,18600,331840
FINNIFTY02JAN2422600CE.NFO,02/01/2024,11:15:26,0.5,0.5,14720,0.55,28160,15400,331840
FINNIFTY02JAN2422600CE.NFO,02/01/2024,11:15:35,0.5,0.45,30760,0.5,32320,26360,331840
FINNIFTY02JAN2422600CE.NFO,02/01/2024,11:15:46,0.45,0.45,31640,0.5,32920,1360,331840
FINNIFTY02JAN2422600CE.NFO,02/01/2024,11:15:57,0.45,0.45,35120,0.5,32920,120,331840
FINNIFTY02JAN2422600CE.NFO,02/01/2024,11:16:07,0.45,0.45,27920,0.5,34240,2960,331840
FINNIFTY02JAN2422600CE.NFO,02/01/2024,11:16:17,0.45,0.45,26480,0.5,34200,560,331840
FINNIFTY02JAN2422600CE.NFO,02/01/2024,11:16:26,0.45,0.4,20040,0.45,12680,19480,331840
FINNIFTY02JAN2422600CE.NFO,02/01/2024,11:16:35,0.45,0.4,19240,0.45,21800,120,331840
FINNIFTY02JAN2422600CE.NFO,02/01/2024,11:16:45,0.45,0.4,19240,0.45,17400,4400,331840
FINNIFTY02JAN2422600CE.NFO,02/01/2024,11:16:53,0.45,0.4,19240,0.45,17400,0,331840
FINNIFTY02JAN2422600CE.NFO,02/01/2024,11:17:03,0.45,0.4,19160,0.45,20760,0,331840
FINNIFTY02JAN2422600CE.NFO,02/01/2024,11:17:21,0.45,0.4,19120,0.45,20760,0,331840
FINNIFTY02JAN2422600CE.NFO,02/01/2024,11:17:30,0.4,0.4,18480,0.45,20760,640,331840
FINNIFTY02JAN2422600CE.NFO,02/01/2024,11:17:49,0.4,0.4,18480,0.45,20760,0,331840
FINNIFTY02JAN2422600CE.NFO,02/01/2024,11:17:58,0.4,0.4,13720,0.45,18960,8000,334280
FINNIFTY02JAN2422600CE.NFO,02/01/2024,11:18:07,0.4,0.4,13040,0.45,22920,1880,334280
FINNIFTY02JAN2422600CE.NFO,02/01/2024,11:18:17,0.4,0.4,14560,0.45,19720,280,334280
FINNIFTY02JAN2422600CE.NFO,02/01/2024,11:18:42,0.4,0.4,15040,0.45,21000,0,334280
FINNIFTY02JAN2422600CE.NFO,02/01/2024,11:18:51,0.4,0.4,13040,0.45,21000,2800,334280
FINNIFTY02JAN2422600CE.NFO,02/01/2024,11:19:00,0.4,0.4,12880,0.45,21320,200,334280
FINNIFTY02JAN2422600CE.NFO,02/01/2024,11:19:08,0.4,0.4,10520,0.45,22120,1480,334280
FINNIFTY02JAN2422600CE.NFO,02/01/2024,11:19:17,0.4,0.4,11400,0.45,24160,3800,334280
FINNIFTY02JAN2422600CE.NFO,02/01/2024,11:19:34,0.4,0.4,7680,0.45,27720,1800,334280
FINNIFTY02JAN2422600CE.NFO,02/01/2024,11:19:42,0.4,0.4,4560,0.45,30440,1800,334280
FINNIFTY02JAN2422600CE.NFO,02/01/2024,11:19:50,0.4,0.35,45480,0.4,9280,8320,334280
FINNIFTY02JAN2422600CE.NFO,02/01/2024,11:19:58,0.4,0.35,45440,0.4,13120,0,334280
FINNIFTY02JAN2422600CE.NFO,02/01/2024,11:20:06,0.4,0.35,45760,0.4,14280,520,334280
FINNIFTY02JAN2422600CE.NFO,02/01/2024,11:20:14,0.4,0.35,45760,0.4,12200,280,334280
FINNIFTY02JAN2422600CE.NFO,02/01/2024,11:20:22,0.4,0.35,45720,0.4,12080,400,334280
FINNIFTY02JAN2422600CE.NFO,02/01/2024,11:20:31,0.4,0.35,45720,0.4,11880,200,334280
FINNIFTY02JAN2422600CE.NFO,02/01/2024,11:20:40,0.35,0.35,45360,0.4,11880,360,334280
FINNIFTY02JAN2422600CE.NFO,02/01/2024,11:20:48,0.35,0.35,40160,0.4,13160,5880,329160
FINNIFTY02JAN2422600CE.NFO,02/01/2024,11:20:57,0.35,0.35,37880,0.4,13160,160,329160
FINNIFTY02JAN2422600CE.NFO,02/01/2024,11:21:06,0.35,0.35,9760,0.4,14960,7640,329160
FINNIFTY02JAN2422600CE.NFO,02/01/2024,11:21:15,0.35,0.35,9760,0.4,14960,0,329160
FINNIFTY02JAN2422600CE.NFO,02/01/2024,11:21:23,0.4,0.35,10160,0.4,12640,880,329160
FINNIFTY02JAN2422600CE.NFO,02/01/2024,11:21:58,0.4,0.35,10160,0.4,12440,200,329160
FINNIFTY02JAN2422600CE.NFO,02/01/2024,11:22:08,0.4,0.35,9680,0.4,11960,480,329160
FINNIFTY02JAN2422600CE.NFO,02/01/2024,11:22:16,0.4,0.35,9680,0.4,13760,0,329160
FINNIFTY02JAN2422600CE.NFO,02/01/2024,11:22:25,0.4,0.35,9680,0.4,13680,200,329160
FINNIFTY02JAN2422600CE.NFO,02/01/2024,11:22:34,0.4,0.35,11480,0.4,12480,0,329160
FINNIFTY02JAN2422600CE.NFO,02/01/2024,11:22:42,0.4,0.35,11520,0.4,11120,1800,329160
FINNIFTY02JAN2422600CE.NFO,02/01/2024,11:22:51,0.4,0.35,11520,0.4,17480,3600,329160
FINNIFTY02JAN2422600CE.NFO,02/01/2024,11:23:00,0.4,0.35,11480,0.4,17480,0,329160
FINNIFTY02JAN2422600CE.NFO,02/01/2024,11:23:41,0.4,0.35,11480,0.4,17440,40,329160
FINNIFTY02JAN2422600CE.NFO,02/01/2024,11:23:49,0.4,0.35,11480,0.4,24520,240,328920
FINNIFTY02JAN2422600CE.NFO,02/01/2024,11:23:57,0.4,0.35,11480,0.4,24800,0,328920
FINNIFTY02JAN2422600CE.NFO,02/01/2024,11:24:05,0.4,0.35,11480,0.4,24600,200,328920
FINNIFTY02JAN2422600CE.NFO,02/01/2024,11:24:30,0.4,0.35,11520,0.4,24800,0,328920
FINNIFTY02JAN2422600CE.NFO,02/01/2024,11:24:46,0.35,0.35,10760,0.4,21320,3960,328920
FINNIFTY02JAN2422600CE.NFO,02/01/2024,11:25:19,0.4,0.35,10760,0.4,21280,40,328920
FINNIFTY02JAN2422600CE.NFO,02/01/2024,11:25:28,0.35,0.35,10520,0.4,21600,240,328920
FINNIFTY02JAN2422600CE.NFO,02/01/2024,11:26:16,0.35,0.35,8720,0.4,21600,0,328920
FINNIFTY02JAN2422600CE.NFO,02/01/2024,11:27:44,0.4,0.35,8920,0.4,12480,400,327320
FINNIFTY02JAN2422600CE.NFO,02/01/2024,11:27:53,0.35,0.35,8520,0.4,12480,400,327320
FINNIFTY02JAN2422600CE.NFO,02/01/2024,11:28:10,0.4,0.35,8520,0.4,15440,40,327320
FINNIFTY02JAN2422600CE.NFO,02/01/2024,11:28:18,0.4,0.35,8520,0.4,15400,40,327320
FINNIFTY02JAN2422600CE.NFO,02/01/2024,11:28:26,0.4,0.35,6720,0.4,15200,200,327320
FINNIFTY02JAN2422600CE.NFO,02/01/2024,11:28:34,0.4,0.35,10120,0.4,14920,280,327320
FINNIFTY02JAN2422600CE.NFO,02/01/2024,11:28:43,0.4,0.35,12080,0.4,14640,280,327320
FINNIFTY02JAN2422600CE.NFO,02/01/2024,11:28:59,0.4,0.35,12080,0.4,14640,0,327320
FINNIFTY02JAN2422600CE.NFO,02/01/2024,11:29:07,0.35,0.35,12040,0.4,14560,120,327320
FINNIFTY02JAN2422600CE.NFO,02/01/2024,11:29:15,0.35,0.35,10160,0.4,14560,280,327320
FINNIFTY02JAN2422600CE.NFO,02/01/2024,11:29:32,0.35,0.35,10160,0.4,14560,0,327320
FINNIFTY02JAN2422600CE.NFO,02/01/2024,11:29:40,0.35,0.35,10160,0.4,17600,0,327320
FINNIFTY02JAN2422600CE.NFO,02/01/2024,11:29:55,0.35,0.35,10160,0.4,15920,0,327320
FINNIFTY02JAN2422600CE.NFO,02/01/2024,11:30:03,0.35,0.35,10160,0.4,18560,0,327320
FINNIFTY02JAN2422600CE.NFO,02/01/2024,11:30:11,0.35,0.35,10120,0.4,17720,480,327320
FINNIFTY02JAN2422600CE.NFO,02/01/2024,11:30:34,0.35,0.35,10280,0.4,13680,0,327320
FINNIFTY02JAN2422600CE.NFO,02/01/2024,11:30:49,0.35,0.35,10240,0.4,13360,40,327320
FINNIFTY02JAN2422600CE.NFO,02/01/2024,11:31:04,0.4,0.35,10240,0.4,13320,40,327320
FINNIFTY02JAN2422600CE.NFO,02/01/2024,11:31:12,0.4,0.35,10240,0.4,13000,320,327320
FINNIFTY02JAN2422600CE.NFO,02/01/2024,11:31:27,0.4,0.35,10240,0.4,18400,0,327320
FINNIFTY02JAN2422600CE.NFO,02/01/2024,11:31:50,0.4,0.35,8400,0.4,20200,0,327320
FINNIFTY02JAN2422600CE.NFO,02/01/2024,11:31:58,0.4,0.35,6600,0.4,20200,0,327320
FINNIFTY02JAN2422600CE.NFO,02/01/2024,11:32:06,0.4,0.35,6600,0.4,20240,0,327320
FINNIFTY02JAN2422600CE.NFO,02/01/2024,11:32:14,0.4,0.35,6600,0.4,19000,0,327320
FINNIFTY02JAN2422600CE.NFO,02/01/2024,11:32:22,0.4,0.35,6600,0.4,19320,0,327320
FINNIFTY02JAN2422600CE.NFO,02/01/2024,11:32:29,0.4,0.35,6600,0.4,19360,0,327320
FINNIFTY02JAN2422600CE.NFO,02/01/2024,11:32:37,0.35,0.35,5880,0.4,19560,720,327320
FINNIFTY02JAN2422600CE.NFO,02/01/2024,11:32:43,0.35,0.35,5880,0.4,19560,0,327320
FINNIFTY02JAN2422600CE.NFO,02/01/2024,11:32:58,0.35,0.35,6440,0.4,19600,0,327320
FINNIFTY02JAN2422600CE.NFO,02/01/2024,11:33:34,0.4,0.35,6440,0.4,16000,1800,327840
FINNIFTY02JAN2422600CE.NFO,02/01/2024,11:33:41,0.4,0.35,6440,0.4,19280,200,327840
FINNIFTY02JAN2422600CE.NFO,02/01/2024,11:33:48,0.35,0.35,6240,0.4,19200,320,327840
FINNIFTY02JAN2422600CE.NFO,02/01/2024,11:33:56,0.35,0.35,6240,0.4,19200,0,327840
FINNIFTY02JAN2422600CE.NFO,02/01/2024,11:34:02,0.35,0.35,6240,0.4,18600,0,327840
FINNIFTY02JAN2422600CE.NFO,02/01/2024,11:34:09,0.35,0.35,6200,0.4,18600,40,327840
FINNIFTY02JAN2422600CE.NFO,02/01/2024,11:34:30,0.35,0.35,26360,0.4,38000,7920,327840
FINNIFTY02JAN2422600CE.NFO,02/01/2024,11:34:38,0.35,0.35,28560,0.4,36800,880,327840
FINNIFTY02JAN2422600CE.NFO,02/01/2024,11:34:46,0.4,0.35,28840,0.4,36720,80,327840
FINNIFTY02JAN2422600CE.NFO,02/01/2024,11:35:08,0.35,0.35,26920,0.4,36720,40,327840
FINNIFTY02JAN2422600CE.NFO,02/01/2024,11:35:31,0.4,0.35,29200,0.4,37080,80,327840
FINNIFTY02JAN2422600CE.NFO,02/01/2024,11:35:39,0.4,0.35,29200,0.4,37720,320,327840
FINNIFTY02JAN2422600CE.NFO,02/01/2024,11:36:08,0.4,0.35,29200,0.4,37720,0,327840
FINNIFTY02JAN2422600CE.NFO,02/01/2024,11:36:16,0.4,0.35,29520,0.4,37560,1800,325040
FINNIFTY02JAN2422600CE.NFO,02/01/2024,11:36:23,0.4,0.35,29520,0.4,47240,1800,325040
FINNIFTY02JAN2422600CE.NFO,02/01/2024,11:36:31,0.4,0.35,29280,0.4,46640,880,325040
FINNIFTY02JAN2422600CE.NFO,02/01/2024,11:36:39,0.35,0.35,26520,0.4,46640,800,325040
FINNIFTY02JAN2422600CE.NFO,02/01/2024,11:36:54,0.35,0.35,26320,0.4,46640,200,325040
FINNIFTY02JAN2422600CE.NFO,02/01/2024,11:37:02,0.35,0.35,25800,0.4,46640,520,325040
FINNIFTY02JAN2422600CE.NFO,02/01/2024,11:37:17,0.35,0.35,25600,0.4,46640,200,325040
FINNIFTY02JAN2422600CE.NFO,02/01/2024,11:37:24,0.35,0.35,25000,0.4,46320,600,325040
FINNIFTY02JAN2422600CE.NFO,02/01/2024,11:37:33,0.35,0.35,23280,0.4,46640,1640,325040
FINNIFTY02JAN2422600CE.NFO,02/01/2024,11:37:41,0.35,0.35,25880,0.4,46640,0,325040
FINNIFTY02JAN2422600CE.NFO,02/01/2024,11:38:04,0.35,0.35,23000,0.4,46640,280,325040
FINNIFTY02JAN2422600CE.NFO,02/01/2024,11:38:43,0.35,0.35,21800,0.4,44520,1200,325040
FINNIFTY02JAN2422600CE.NFO,02/01/2024,11:38:51,0.35,0.35,21520,0.4,44840,280,325560
FINNIFTY02JAN2422600CE.NFO,02/01/2024,11:39:12,0.4,0.35,24080,0.4,43640,1400,325560
FINNIFTY02JAN2422600CE.NFO,02/01/2024,11:39:57,0.35,0.35,23280,0.4,43960,200,325560
FINNIFTY02JAN2422600CE.NFO,02/01/2024,11:40:10,0.35,0.35,23040,0.4,43960,240,325560
FINNIFTY02JAN2422600CE.NFO,02/01/2024,11:40:16,0.35,0.35,22960,0.4,43960,80,325560
FINNIFTY02JAN2422600CE.NFO,02/01/2024,11:40:22,0.35,0.35,22480,0.4,43960,280,325560
FINNIFTY02JAN2422600CE.NFO,02/01/2024,11:40:35,0.35,0.35,22280,0.4,43960,200,325560
FINNIFTY02JAN2422600CE.NFO,02/01/2024,11:40:47,0.35,0.35,17320,0.4,44000,5080,325560
FINNIFTY02JAN2422600CE.NFO,02/01/2024,11:40:53,0.35,0.35,9040,0.4,44000,3320,325560
FINNIFTY02JAN2422600CE.NFO,02/01/2024,11:41:00,0.35,0.3,73840,0.35,42240,9080,325560
FINNIFTY02JAN2422600CE.NFO,02/01/2024,11:41:07,0.3,0.3,51080,0.35,42200,40,325560
FINNIFTY02JAN2422600CE.NFO,02/01/2024,11:41:29,0.35,0.3,38320,0.35,42200,3600,325560
FINNIFTY02JAN2422600CE.NFO,02/01/2024,11:41:37,0.35,0.3,38520,0.35,42760,1240,325560
FINNIFTY02JAN2422600CE.NFO,02/01/2024,11:41:46,0.35,0.3,38840,0.35,42040,2520,333320
FINNIFTY02JAN2422600CE.NFO,02/01/2024,11:41:55,0.35,0.3,38840,0.35,45240,400,333320
FINNIFTY02JAN2422600CE.NFO,02/01/2024,11:42:03,0.35,0.3,37920,0.35,46840,200,333320
FINNIFTY02JAN2422600CE.NFO,02/01/2024,11:42:11,0.35,0.3,37920,0.35,46760,80,333320
FINNIFTY02JAN2422600CE.NFO,02/01/2024,11:42:19,0.35,0.3,36960,0.35,48320,240,333320
FINNIFTY02JAN2422600CE.NFO,02/01/2024,11:42:48,0.35,0.3,36960,0.35,49920,200,333320
FINNIFTY02JAN2422600CE.NFO,02/01/2024,11:42:55,0.35,0.3,36960,0.35,49720,200,333320
FINNIFTY02JAN2422600CE.NFO,02/01/2024,11:43:03,0.35,0.3,36960,0.35,47720,200,333320
FINNIFTY02JAN2422600CE.NFO,02/01/2024,11:43:09,0.35,0.3,36960,0.35,47520,200,333320
FINNIFTY02JAN2422600CE.NFO,02/01/2024,11:43:16,0.35,0.3,36960,0.35,47360,160,333320
FINNIFTY02JAN2422600CE.NFO,02/01/2024,11:43:23,0.35,0.3,36960,0.35,47160,200,333320
FINNIFTY02JAN2422600CE.NFO,02/01/2024,11:43:30,0.35,0.3,37880,0.35,46920,240,333320
FINNIFTY02JAN2422600CE.NFO,02/01/2024,11:43:37,0.35,0.3,37880,0.35,46800,120,333320
FINNIFTY02JAN2422600CE.NFO,02/01/2024,11:43:45,0.35,0.3,37880,0.35,43120,3680,333320
FINNIFTY02JAN2422600CE.NFO,02/01/2024,11:43:53,0.35,0.3,41320,0.35,44800,120,333320
FINNIFTY02JAN2422600CE.NFO,02/01/2024,11:44:01,0.35,0.3,41360,0.35,44480,2120,333320
FINNIFTY02JAN2422600CE.NFO,02/01/2024,11:44:08,0.35,0.3,41920,0.35,47640,2240,333320
FINNIFTY02JAN2422600CE.NFO,02/01/2024,11:44:15,0.3,0.3,41880,0.35,47640,40,333320
FINNIFTY02JAN2422600CE.NFO,02/01/2024,11:44:29,0.35,0.3,42360,0.35,47600,40,333320
FINNIFTY02JAN2422600CE.NFO,02/01/2024,11:45:31,0.35,0.3,42360,0.35,47600,0,333320
FINNIFTY02JAN2422600CE.NFO,02/01/2024,11:46:50,0.35,0.3,40680,0.35,43680,320,326560
FINNIFTY02JAN2422600CE.NFO,02/01/2024,11:47:57,0.3,0.3,40440,0.35,43680,240,326560
FINNIFTY02JAN2422600CE.NFO,02/01/2024,11:48:04,0.3,0.3,40440,0.35,43680,0,326560
FINNIFTY02JAN2422600CE.NFO,02/01/2024,11:48:29,0.3,0.3,41600,0.35,36480,0,326560
FINNIFTY02JAN2422600CE.NFO,02/01/2024,11:48:36,0.3,0.3,43400,0.35,36480,0,326560
FINNIFTY02JAN2422600CE.NFO,02/01/2024,11:48:49,0.3,0.3,43400,0.35,36720,0,326560
FINNIFTY02JAN2422600CE.NFO,02/01/2024,11:48:55,0.3,0.3,43120,0.35,36760,280,326560
FINNIFTY02JAN2422600CE.NFO,02/01/2024,11:49:01,0.3,0.3,42920,0.35,36760,200,326560
FINNIFTY02JAN2422600CE.NFO,02/01/2024,11:49:07,0.3,0.3,42880,0.35,36760,40,326560
FINNIFTY02JAN2422600CE.NFO,02/01/2024,11:50:03,0.3,0.3,42880,0.35,36480,0,326560
FINNIFTY02JAN2422600CE.NFO,02/01/2024,11:51:21,0.35,0.3,42880,0.35,32280,2400,326520
FINNIFTY02JAN2422600CE.NFO,02/01/2024,11:51:27,0.35,0.3,42880,0.35,32280,0,326520
FINNIFTY02JAN2422600CE.NFO,02/01/2024,11:51:34,0.35,0.3,42880,0.35,33120,0,326520
FINNIFTY02JAN2422600CE.NFO,02/01/2024,11:51:53,0.35,0.3,42880,0.35,32280,0,326520
FINNIFTY02JAN2422600CE.NFO,02/01/2024,11:52:11,0.35,0.3,42920,0.35,32280,0,326520
FINNIFTY02JAN2422600CE.NFO,02/01/2024,11:52:17,0.3,0.3,38080,0.35,32280,600,326520
FINNIFTY02JAN2422600CE.NFO,02/01/2024,11:52:23,0.3,0.3,42320,0.35,34080,0,326520
FINNIFTY02JAN2422600CE.NFO,02/01/2024,11:52:35,0.3,0.3,39640,0.35,34080,280,326520
FINNIFTY02JAN2422600CE.NFO,02/01/2024,11:53:07,0.3,0.3,42040,0.35,34080,0,326520
FINNIFTY02JAN2422600CE.NFO,02/01/2024,11:53:13,0.3,0.3,39400,0.35,34080,240,326520
FINNIFTY02JAN2422600CE.NFO,02/01/2024,11:53:21,0.3,0.3,39200,0.35,34080,200,326520
FINNIFTY02JAN2422600CE.NFO,02/01/2024,11:54:23,0.3,0.3,39160,0.35,34080,40,327160
FINNIFTY02JAN2422600CE.NFO,02/01/2024,11:55:16,0.35,0.3,41560,0.35,34040,40,327160
FINNIFTY02JAN2422600CE.NFO,02/01/2024,11:57:00,0.35,0.3,38360,0.35,34040,0,327160
FINNIFTY02JAN2422600CE.NFO,02/01/2024,11:57:43,0.35,0.3,38360,0.35,33960,80,327160
FINNIFTY02JAN2422600CE.NFO,02/01/2024,11:58:22,0.3,0.3,35920,0.35,33960,40,327160
FINNIFTY02JAN2422600CE.NFO,02/01/2024,11:58:29,0.3,0.3,35600,0.35,33960,320,327160
FINNIFTY02JAN2422600CE.NFO,02/01/2024,11:58:36,0.3,0.3,33640,0.35,34120,1960,327160
FINNIFTY02JAN2422600CE.NFO,02/01/2024,11:58:42,0.3,0.3,33480,0.35,33960,160,327160
FINNIFTY02JAN2422600CE.NFO,02/01/2024,11:58:48,0.3,0.3,33400,0.35,34120,80,327160
FINNIFTY02JAN2422600CE.NFO,02/01/2024,11:58:53,0.3,0.3,33280,0.35,33960,120,327160
FINNIFTY02JAN2422600CE.NFO,02/01/2024,11:58:59,0.3,0.3,33160,0.35,33960,120,327160
FINNIFTY02JAN2422600CE.NFO,02/01/2024,11:59:04,0.3,0.3,32120,0.35,35760,120,327160
FINNIFTY02JAN2422600CE.NFO,02/01/2024,11:59:10,0.3,0.3,33000,0.35,35920,40,327160
FINNIFTY02JAN2422600CE.NFO,02/01/2024,11:59:16,0.3,0.3,32920,0.35,35920,80,327160
FINNIFTY02JAN2422600CE.NFO,02/01/2024,11:59:22,0.3,0.3,32800,0.35,33960,120,327160
FINNIFTY02JAN2422600CE.NFO,02/01/2024,11:59:27,0.3,0.3,32720,0.35,33960,80,327160
FINNIFTY02JAN2422600CE.NFO,02/01/2024,11:59:32,0.3,0.3,31440,0.35,33960,80,327160
FINNIFTY02JAN2422600CE.NFO,02/01/2024,11:59:38,0.3,0.3,28040,0.35,33960,120,327160
FINNIFTY02JAN2422600CE.NFO,02/01/2024,11:59:44,0.3,0.3,27960,0.35,33960,80,327160
FINNIFTY02JAN2422600CE.NFO,02/01/2024,11:59:50,0.3,0.3,27880,0.35,34120,80,327800
FINNIFTY02JAN2422600CE.NFO,02/01/2024,12:00:24,0.3,0.3,31160,0.35,34120,0,327800
FINNIFTY02JAN2422600CE.NFO,02/01/2024,12:00:42,0.3,0.3,28680,0.35,33960,80,327800
FINNIFTY02JAN2422600CE.NFO,02/01/2024,12:00:50,0.3,0.3,28160,0.35,33960,520,327800
FINNIFTY02JAN2422600CE.NFO,02/01/2024,12:00:57,0.3,0.3,27160,0.35,34120,80,327800
FINNIFTY02JAN2422600CE.NFO,02/01/2024,12:01:04,0.3,0.3,27080,0.35,34120,80,327800
FINNIFTY02JAN2422600CE.NFO,02/01/2024,12:01:11,0.3,0.3,36000,0.35,34120,80,327800
FINNIFTY02JAN2422600CE.NFO,02/01/2024,12:01:18,0.3,0.3,26640,0.35,33960,360,327800
FINNIFTY02JAN2422600CE.NFO,02/01/2024,12:01:24,0.3,0.3,26520,0.35,33960,120,327800
FINNIFTY02JAN2422600CE.NFO,02/01/2024,12:01:30,0.3,0.3,26360,0.35,33960,160,327800
FINNIFTY02JAN2422600CE.NFO,02/01/2024,12:01:37,0.3,0.3,26200,0.35,34120,160,327800
FINNIFTY02JAN2422600CE.NFO,02/01/2024,12:01:43,0.3,0.3,26160,0.35,34120,40,327800
FINNIFTY02JAN2422600CE.NFO,02/01/2024,12:01:49,0.3,0.3,26120,0.35,34120,40,327800
FINNIFTY02JAN2422600CE.NFO,02/01/2024,12:01:55,0.3,0.3,26080,0.35,34120,40,327800
FINNIFTY02JAN2422600CE.NFO,02/01/2024,12:02:01,0.3,0.3,26000,0.35,34120,80,327800
FINNIFTY02JAN2422600CE.NFO,02/01/2024,12:02:13,0.3,0.3,49400,0.35,46720,0,327800
FINNIFTY02JAN2422600CE.NFO,02/01/2024,12:02:48,0.3,0.3,38440,0.35,46720,120,326880
FINNIFTY02JAN2422600CE.NFO,02/01/2024,12:03:00,0.3,0.3,38400,0.35,46720,40,326880
FINNIFTY02JAN2422600CE.NFO,02/01/2024,12:03:06,0.3,0.3,38360,0.35,46720,40,326880
FINNIFTY02JAN2422600CE.NFO,02/01/2024,12:03:25,0.3,0.3,37400,0.35,46720,960,326880
FINNIFTY02JAN2422600CE.NFO,02/01/2024,12:03:31,0.3,0.3,37360,0.35,46720,40,326880
FINNIFTY02JAN2422600CE.NFO,02/01/2024,12:03:58,0.3,0.3,37160,0.35,46720,200,326880
FINNIFTY02JAN2422600CE.NFO,02/01/2024,12:04:04,0.3,0.3,55160,0.35,46720,0,326880
FINNIFTY02JAN2422600CE.NFO,02/01/2024,12:04:30,0.3,0.3,45960,0.35,45000,200,326880
FINNIFTY02JAN2422600CE.NFO,02/01/2024,12:04:38,0.3,0.3,40360,0.35,45000,200,326880
FINNIFTY02JAN2422600CE.NFO,02/01/2024,12:04:44,0.3,0.3,40240,0.35,45000,120,326880
FINNIFTY02JAN2422600CE.NFO,02/01/2024,12:04:50,0.3,0.3,40120,0.35,46800,120,326880
FINNIFTY02JAN2422600CE.NFO,02/01/2024,12:04:56,0.3,0.3,40080,0.35,46800,40,326880
FINNIFTY02JAN2422600CE.NFO,02/01/2024,12:05:03,0.3,0.3,39960,0.35,46800,120,326880
FINNIFTY02JAN2422600CE.NFO,02/01/2024,12:05:09,0.3,0.3,39920,0.35,46800,40,326880
FINNIFTY02JAN2422600CE.NFO,02/01/2024,12:05:23,0.3,0.3,39760,0.35,46800,160,326880
FINNIFTY02JAN2422600CE.NFO,02/01/2024,12:05:30,0.3,0.3,39640,0.35,45000,120,326880
FINNIFTY02JAN2422600CE.NFO,02/01/2024,12:05:36,0.3,0.3,39560,0.35,45000,80,326880
FINNIFTY02JAN2422600CE.NFO,02/01/2024,12:05:42,0.3,0.3,39480,0.35,45000,80,326880
FINNIFTY02JAN2422600CE.NFO,02/01/2024,12:05:48,0.3,0.3,39440,0.35,45000,40,326880
FINNIFTY02JAN2422600CE.NFO,02/01/2024,12:05:54,0.3,0.3,39400,0.35,45000,40,327080
FINNIFTY02JAN2422600CE.NFO,02/01/2024,12:06:00,0.3,0.3,39280,0.35,45000,120,327080
FINNIFTY02JAN2422600CE.NFO,02/01/2024,12:06:05,0.3,0.3,39200,0.35,45000,80,327080
FINNIFTY02JAN2422600CE.NFO,02/01/2024,12:06:11,0.3,0.3,39160,0.35,45000,40,327080
FINNIFTY02JAN2422600CE.NFO,02/01/2024,12:06:16,0.3,0.3,39120,0.35,45000,40,327080
FINNIFTY02JAN2422600CE.NFO,02/01/2024,12:06:27,0.35,0.3,53520,0.35,43000,2000,327080
FINNIFTY02JAN2422600CE.NFO,02/01/2024,12:06:43,0.35,0.3,53520,0.35,46480,0,327080
FINNIFTY02JAN2422600CE.NFO,02/01/2024,12:06:54,0.35,0.3,53520,0.35,48280,0,327080
FINNIFTY02JAN2422600CE.NFO,02/01/2024,12:07:00,0.35,0.3,51720,0.35,50040,1800,327080
FINNIFTY02JAN2422600CE.NFO,02/01/2024,12:07:05,0.3,0.3,29520,0.35,50040,2400,327080
FINNIFTY02JAN2422600CE.NFO,02/01/2024,12:07:11,0.3,0.3,29520,0.35,50040,0,327080
FINNIFTY02JAN2422600CE.NFO,02/01/2024,12:07:23,0.3,0.3,28120,0.35,49880,1400,327080
FINNIFTY02JAN2422600CE.NFO,02/01/2024,12:07:29,0.3,0.3,27520,0.35,49880,600,327080
FINNIFTY02JAN2422600CE.NFO,02/01/2024,12:07:35,0.3,0.3,30120,0.35,50040,640,327080
FINNIFTY02JAN2422600CE.NFO,02/01/2024,12:07:48,0.3,0.3,30080,0.35,55280,40,327080
FINNIFTY02JAN2422600CE.NFO,02/01/2024,12:08:33,0.3,0.3,48160,0.35,55320,2600,327080
FINNIFTY02JAN2422600CE.NFO,02/01/2024,12:08:40,0.3,0.3,19120,0.35,56920,4880,327080
FINNIFTY02JAN2422600CE.NFO,02/01/2024,12:08:48,0.3,0.3,48920,0.35,57400,2120,328440
FINNIFTY02JAN2422600CE.NFO,02/01/2024,12:08:55,0.3,0.3,18880,0.35,58040,4040,328440
FINNIFTY02JAN2422600CE.NFO,02/01/2024,12:09:02,0.3,0.3,26880,0.35,59240,5320,328440
FINNIFTY02JAN2422600CE.NFO,02/01/2024,12:09:08,0.3,0.3,37600,0.35,59240,5560,328440
FINNIFTY02JAN2422600CE.NFO,02/01/2024,12:09:14,0.3,0.3,18240,0.35,57840,5200,328440
FINNIFTY02JAN2422600CE.NFO,02/01/2024,12:09:20,0.3,0.25,170040,0.3,67680,20360,328440
FINNIFTY02JAN2422600CE.NFO,02/01/2024,12:09:27,0.25,0.25,171320,0.3,67720,1800,328440
FINNIFTY02JAN2422600CE.NFO,02/01/2024,12:09:33,0.25,0.25,171080,0.3,67720,0,328440
FINNIFTY02JAN2422600CE.NFO,02/01/2024,12:10:00,0.25,0.25,157800,0.3,62760,3600,328440
FINNIFTY02JAN2422600CE.NFO,02/01/2024,12:10:08,0.25,0.25,141480,0.3,62760,120,328440
FINNIFTY02JAN2422600CE.NFO,02/01/2024,12:10:16,0.25,0.25,134160,0.3,62760,0,328440
FINNIFTY02JAN2422600CE.NFO,02/01/2024,12:10:24,0.25,0.25,92560,0.3,62760,80,328440
FINNIFTY02JAN2422600CE.NFO,02/01/2024,12:10:32,0.25,0.25,103120,0.3,66240,8400,328440
FINNIFTY02JAN2422600CE.NFO,02/01/2024,12:10:39,0.25,0.25,106640,0.3,66240,0,328440
FINNIFTY02JAN2422600CE.NFO,02/01/2024,12:10:47,0.25,0.25,63400,0.3,67680,16120,328440
FINNIFTY02JAN2422600CE.NFO,02/01/2024,12:10:54,0.25,0.25,25880,0.3,83520,7400,328440
FINNIFTY02JAN2422600CE.NFO,02/01/2024,12:11:08,0.2,0.2,205080,0.25,61960,30040,328440
FINNIFTY02JAN2422600CE.NFO,02/01/2024,12:11:15,0.25,0.2,179880,0.25,81480,7680,328440
FINNIFTY02JAN2422600CE.NFO,02/01/2024,12:11:23,0.25,0.2,170400,0.25,100600,9520,328440
FINNIFTY02JAN2422600CE.NFO,02/01/2024,12:11:30,0.2,0.2,163200,0.25,108640,8440,328440
FINNIFTY02JAN2422600CE.NFO,02/01/2024,12:11:37,0.25,0.2,161400,0.25,120200,2120,328440
FINNIFTY02JAN2422600CE.NFO,02/01/2024,12:12:18,0.2,0.2,159200,0.25,123440,1800,342440
FINNIFTY02JAN2422600CE.NFO,02/01/2024,12:12:31,0.2,0.2,159600,0.25,123440,0,342440
FINNIFTY02JAN2422600CE.NFO,02/01/2024,12:12:38,0.2,0.2,156000,0.25,121600,3640,342440
FINNIFTY02JAN2422600CE.NFO,02/01/2024,12:12:57,0.2,0.2,136200,0.25,121600,1800,342440
FINNIFTY02JAN2422600CE.NFO,02/01/2024,12:13:03,0.2,0.2,131800,0.25,121600,4400,342440
FINNIFTY02JAN2422600CE.NFO,02/01/2024,12:13:10,0.2,0.2,131800,0.25,121600,0,342440
FINNIFTY02JAN2422600CE.NFO,02/01/2024,12:13:18,0.2,0.2,130000,0.25,129520,1800,342440
FINNIFTY02JAN2422600CE.NFO,02/01/2024,12:13:25,0.2,0.2,130000,0.25,135280,0,342440
FINNIFTY02JAN2422600CE.NFO,02/01/2024,12:13:36,0.2,0.2,129280,0.25,134560,720,342440
FINNIFTY02JAN2422600CE.NFO,02/01/2024,12:13:42,0.2,0.2,114880,0.25,134560,0,342440
FINNIFTY02JAN2422600CE.NFO,02/01/2024,12:14:17,0.2,0.2,110080,0.25,135600,0,342440
FINNIFTY02JAN2422600CE.NFO,02/01/2024,12:14:42,0.2,0.2,102880,0.25,135600,0,342440
FINNIFTY02JAN2422600CE.NFO,02/01/2024,12:14:48,0.2,0.2,74480,0.25,135600,0,342440
FINNIFTY02JAN2422600CE.NFO,02/01/2024,12:15:01,0.2,0.2,42720,0.25,112560,12960,342480
FINNIFTY02JAN2422600CE.NFO,02/01/2024,12:15:07,0.2,0.2,21240,0.25,112440,7560,342480
FINNIFTY02JAN2422600CE.NFO,02/01/2024,12:15:13,0.2,0.15,367160,0.2,66400,22720,342480
FINNIFTY02JAN2422600CE.NFO,02/01/2024,12:15:18,0.2,0.15,366480,0.2,64440,1960,342480
FINNIFTY02JAN2422600CE.NFO,02/01/2024,12:15:25,0.2,0.15,365880,0.2,66320,1800,342480
FINNIFTY02JAN2422600CE.NFO,02/01/2024,12:15:31,0.2,0.15,364680,0.2,65120,1200,342480
FINNIFTY02JAN2422600CE.NFO,02/01/2024,12:15:39,0.2,0.15,366840,0.2,63600,8120,342480
FINNIFTY02JAN2422600CE.NFO,02/01/2024,12:15:46,0.2,0.15,368880,0.2,60920,2680,342480
FINNIFTY02JAN2422600CE.NFO,02/01/2024,12:16:07,0.15,0.15,368720,0.2,77160,160,342480
FINNIFTY02JAN2422600CE.NFO,02/01/2024,12:16:07,0.15,0.15,368720,0.2,77160,0,342480
FINNIFTY02JAN2422600CE.NFO,02/01/2024,12:16:15,0.15,0.15,518720,0.2,77160,0,342480
FINNIFTY02JAN2422600CE.NFO,02/01/2024,12:16:43,0.15,0.15,368720,0.2,77160,0,342480
FINNIFTY02JAN2422600CE.NFO,02/01/2024,12:16:50,0.15,0.15,366920,0.2,77160,0,342480
FINNIFTY02JAN2422600CE.NFO,02/01/2024,12:17:04,0.2,0.15,369320,0.2,71840,3600,342480
FINNIFTY02JAN2422600CE.NFO,02/01/2024,12:17:13,0.2,0.15,369320,0.2,71840,0,342480
FINNIFTY02JAN2422600CE.NFO,02/01/2024,12:17:39,0.15,0.15,368960,0.2,75440,360,342480
FINNIFTY02JAN2422600CE.NFO,02/01/2024,12:17:47,0.2,0.15,368960,0.2,75000,440,342480
FINNIFTY02JAN2422600CE.NFO,02/01/2024,12:17:55,0.2,0.15,368960,0.2,78920,0,342480
FINNIFTY02JAN2422600CE.NFO,02/01/2024,12:18:02,0.2,0.15,368960,0.2,78600,320,320880
FINNIFTY02JAN2422600CE.NFO,02/01/2024,12:18:11,0.2,0.15,368960,0.2,77680,920,320880
FINNIFTY02JAN2422600CE.NFO,02/01/2024,12:18:18,0.2,0.15,368960,0.2,77680,0,320880
FINNIFTY02JAN2422600CE.NFO,02/01/2024,12:19:03,0.2,0.15,365360,0.2,77680,0,320880
FINNIFTY02JAN2422600CE.NFO,02/01/2024,12:19:26,0.15,0.15,364960,0.2,77680,400,320880
FINNIFTY02JAN2422600CE.NFO,02/01/2024,12:19:34,0.15,0.15,364960,0.2,77680,0,320880
FINNIFTY02JAN2422600CE.NFO,02/01/2024,12:19:42,0.15,0.15,364960,0.2,78000,0,320880
FINNIFTY02JAN2422600CE.NFO,02/01/2024,12:19:50,0.15,0.15,364960,0.2,78320,0,320880
FINNIFTY02JAN2422600CE.NFO,02/01/2024,12:19:58,0.15,0.15,364960,0.2,78520,0,320880
FINNIFTY02JAN2422600CE.NFO,02/01/2024,12:20:13,0.15,0.15,365000,0.2,78520,40,320880
FINNIFTY02JAN2422600CE.NFO,02/01/2024,12:20:20,0.15,0.15,364920,0.2,78520,0,320880
FINNIFTY02JAN2422600CE.NFO,02/01/2024,12:20:26,0.15,0.15,365000,0.2,78520,0,320880
FINNIFTY02JAN2422600CE.NFO,02/01/2024,12:21:27,0.2,0.15,364880,0.2,78400,240,319200
FINNIFTY02JAN2422600CE.NFO,02/01/2024,12:21:34,0.2,0.15,364840,0.2,78400,0,319200
FINNIFTY02JAN2422600CE.NFO,02/01/2024,12:21:41,0.2,0.15,364840,0.2,78960,0,319200
FINNIFTY02JAN2422600CE.NFO,02/01/2024,12:22:10,0.2,0.15,364840,0.2,78880,80,319200
FINNIFTY02JAN2422600CE.NFO,02/01/2024,12:22:18,0.2,0.15,364840,0.2,76840,240,319200
FINNIFTY02JAN2422600CE.NFO,02/01/2024,12:22:25,0.2,0.15,364840,0.2,76640,200,319200
FINNIFTY02JAN2422600CE.NFO,02/01/2024,12:22:51,0.15,0.15,362560,0.2,76480,2440,319200
FINNIFTY02JAN2422600CE.NFO,02/01/2024,12:23:05,0.2,0.15,362560,0.2,70200,200,319200
FINNIFTY02JAN2422600CE.NFO,02/01/2024,12:23:12,0.2,0.2,79240,0.25,33920,76440,319200
FINNIFTY02JAN2422600CE.NFO,02/01/2024,12:23:18,0.2,0.2,169440,0.25,20640,16200,319200
FINNIFTY02JAN2422600CE.NFO,02/01/2024,12:23:25,0.2,0.2,168640,0.25,22440,0,319200
FINNIFTY02JAN2422600CE.NFO,02/01/2024,12:23:32,0.2,0.2,166840,0.25,23240,1800,319200
FINNIFTY02JAN2422600CE.NFO,02/01/2024,12:23:39,0.2,0.2,159640,0.25,23680,1800,319200
FINNIFTY02JAN2422600CE.NFO,02/01/2024,12:23:45,0.2,0.2,159640,0.25,24040,0,319200
FINNIFTY02JAN2422600CE.NFO,02/01/2024,12:23:56,0.2,0.2,138040,0.25,24040,3600,306560
FINNIFTY02JAN2422600CE.NFO,02/01/2024,12:24:02,0.2,0.2,134440,0.25,24840,1800,306560
FINNIFTY02JAN2422600CE.NFO,02/01/2024,12:24:09,0.2,0.2,130840,0.25,24840,0,306560
FINNIFTY02JAN2422600CE.NFO,02/01/2024,12:24:15,0.2,0.2,129040,0.25,36680,1800,306560
FINNIFTY02JAN2422600CE.NFO,02/01/2024,12:24:22,0.2,0.2,130640,0.25,39280,3800,306560
FINNIFTY02JAN2422600CE.NFO,02/01/2024,12:24:28,0.2,0.2,129440,0.25,42880,4800,306560
FINNIFTY02JAN2422600CE.NFO,02/01/2024,12:24:34,0.2,0.2,119520,0.25,56280,7320,306560
FINNIFTY02JAN2422600CE.NFO,02/01/2024,12:24:40,0.2,0.2,97960,0.25,61480,7200,306560
FINNIFTY02JAN2422600CE.NFO,02/01/2024,12:24:46,0.2,0.2,45560,0.25,62640,7200,306560
FINNIFTY02JAN2422600CE.NFO,02/01/2024,12:24:52,0.2,0.2,40160,0.25,81240,5400,306560
FINNIFTY02JAN2422600CE.NFO,02/01/2024,12:25:05,0.2,0.2,40160,0.25,81240,0,306560
FINNIFTY02JAN2422600CE.NFO,02/01/2024,12:25:11,0.2,0.2,40200,0.25,81280,0,306560
FINNIFTY02JAN2422600CE.NFO,02/01/2024,12:25:18,0.25,0.2,40200,0.25,84840,40,306560
FINNIFTY02JAN2422600CE.NFO,02/01/2024,12:25:24,0.25,0.2,40200,0.25,84840,0,306560
FINNIFTY02JAN2422600CE.NFO,02/01/2024,12:25:31,0.25,0.2,40200,0.25,85640,0,306560
FINNIFTY02JAN2422600CE.NFO,02/01/2024,12:25:39,0.25,0.2,40200,0.25,86440,0,306560
FINNIFTY02JAN2422600CE.NFO,02/01/2024,12:25:45,0.25,0.2,42000,0.25,86440,0,306560
FINNIFTY02JAN2422600CE.NFO,02/01/2024,12:25:58,0.25,0.2,40200,0.25,86440,0,306560
FINNIFTY02JAN2422600CE.NFO,02/01/2024,12:26:17,0.25,0.2,22200,0.25,86440,0,306560
FINNIFTY02JAN2422600CE.NFO,02/01/2024,12:26:29,0.2,0.2,22160,0.25,82840,40,306560
FINNIFTY02JAN2422600CE.NFO,02/01/2024,12:26:36,0.2,0.2,22160,0.25,86440,0,306560
FINNIFTY02JAN2422600CE.NFO,02/01/2024,12:26:41,0.2,0.2,22160,0.25,87240,0,306560
FINNIFTY02JAN2422600CE.NFO,02/01/2024,12:27:11,0.2,0.2,14960,0.25,81840,0,306560
FINNIFTY02JAN2422600CE.NFO,02/01/2024,12:27:17,0.2,0.2,7720,0.25,80040,7240,306560
FINNIFTY02JAN2422600CE.NFO,02/01/2024,12:27:23,0.2,0.15,348960,0.2,45040,18120,306560
FINNIFTY02JAN2422600CE.NFO,02/01/2024,12:27:47,0.2,0.15,348960,0.2,50440,0,306560
FINNIFTY02JAN2422600CE.NFO,02/01/2024,12:27:55,0.2,0.15,349040,0.2,50280,160,306560
FINNIFTY02JAN2422600CE.NFO,02/01/2024,12:28:21,0.2,0.15,349040,0.2,50280,0,306560
FINNIFTY02JAN2422600CE.NFO,02/01/2024,12:28:34,0.2,0.15,349040,0.2,50320,0,306560
FINNIFTY02JAN2422600CE.NFO,02/01/2024,12:29:53,0.15,0.15,348360,0.2,62920,680,306520
FINNIFTY02JAN2422600CE.NFO,02/01/2024,12:30:06,0.2,0.15,348360,0.2,63920,800,306520
FINNIFTY02JAN2422600CE.NFO,02/01/2024,12:30:11,0.2,0.15,348360,0.2,64440,0,306520
FINNIFTY02JAN2422600CE.NFO,02/01/2024,12:30:17,0.2,0.15,348280,0.2,64440,0,306520
FINNIFTY02JAN2422600CE.NFO,02/01/2024,12:30:30,0.2,0.15,348280,0.2,48600,15840,306520
FINNIFTY02JAN2422600CE.NFO,02/01/2024,12:31:18,0.2,0.15,349840,0.2,34680,13920,306520
FINNIFTY02JAN2422600CE.NFO,02/01/2024,12:32:23,0.2,0.15,349840,0.2,38280,0,306520
FINNIFTY02JAN2422600CE.NFO,02/01/2024,12:32:40,0.2,0.15,351800,0.2,38280,0,306520
FINNIFTY02JAN2422600CE.NFO,02/01/2024,12:33:07,0.15,0.15,351760,0.2,40080,40,307360
FINNIFTY02JAN2422600CE.NFO,02/01/2024,12:33:13,0.15,0.15,351760,0.2,40080,0,307360
FINNIFTY02JAN2422600CE.NFO,02/01/2024,12:33:20,0.15,0.15,351840,0.2,40080,0,307360
FINNIFTY02JAN2422600CE.NFO,02/01/2024,12:33:25,0.15,0.15,351840,0.2,41880,0,307360
FINNIFTY02JAN2422600CE.NFO,02/01/2024,12:33:37,0.15,0.15,350040,0.2,40120,1800,307360
FINNIFTY02JAN2422600CE.NFO,02/01/2024,12:33:43,0.15,0.15,348240,0.2,39560,1800,307360
FINNIFTY02JAN2422600CE.NFO,02/01/2024,12:33:55,0.15,0.15,348240,0.2,38280,0,307360
FINNIFTY02JAN2422600CE.NFO,02/01/2024,12:34:01,0.15,0.15,348240,0.2,38320,0,307360
FINNIFTY02JAN2422600CE.NFO,02/01/2024,12:34:13,0.15,0.15,347360,0.2,38280,880,307360
FINNIFTY02JAN2422600CE.NFO,02/01/2024,12:34:19,0.15,0.15,347360,0.2,41920,0,307360
FINNIFTY02JAN2422600CE.NFO,02/01/2024,12:34:49,0.15,0.15,347280,0.2,43720,80,307360
FINNIFTY02JAN2422600CE.NFO,02/01/2024,12:37:01,0.15,0.15,347280,0.2,44960,0,307360
FINNIFTY02JAN2422600CE.NFO,02/01/2024,12:37:14,0.15,0.15,341920,0.2,44960,5360,307360
FINNIFTY02JAN2422600CE.NFO,02/01/2024,12:37:20,0.15,0.15,336560,0.2,44960,5360,307360
FINNIFTY02JAN2422600CE.NFO,02/01/2024,12:37:27,0.15,0.15,333600,0.2,50360,2960,307360
FINNIFTY02JAN2422600CE.NFO,02/01/2024,12:37:50,0.15,0.15,313600,0.2,50360,0,307360
FINNIFTY02JAN2422600CE.NFO,02/01/2024,12:38:07,0.15,0.15,313640,0.2,50360,0,307360
FINNIFTY02JAN2422600CE.NFO,02/01/2024,12:38:20,0.15,0.15,313200,0.2,50360,440,307360
FINNIFTY02JAN2422600CE.NFO,02/01/2024,12:38:38,0.15,0.15,310040,0.2,50360,3160,307360
FINNIFTY02JAN2422600CE.NFO,02/01/2024,12:38:43,0.15,0.15,309240,0.2,50680,800,307360
FINNIFTY02JAN2422600CE.NFO,02/01/2024,12:38:58,0.2,0.15,309240,0.2,49400,1280,307360
FINNIFTY02JAN2422600CE.NFO,02/01/2024,12:39:04,0.2,0.15,309240,0.2,49120,0,307360
FINNIFTY02JAN2422600CE.NFO,02/01/2024,12:39:09,0.2,0.15,309240,0.2,49080,0,307360
FINNIFTY02JAN2422600CE.NFO,02/01/2024,12:39:24,0.15,0.15,308920,0.2,49080,320,307360
FINNIFTY02JAN2422600CE.NFO,02/01/2024,12:39:29,0.15,0.15,308000,0.2,49080,920,307360
FINNIFTY02JAN2422600CE.NFO,02/01/2024,12:39:35,0.15,0.15,307520,0.2,49080,480,307360
FINNIFTY02JAN2422600CE.NFO,02/01/2024,12:40:08,0.15,0.15,307440,0.2,49080,80,307360
FINNIFTY02JAN2422600CE.NFO,02/01/2024,12:40:13,0.15,0.15,301880,0.2,49080,5560,307360
FINNIFTY02JAN2422600CE.NFO,02/01/2024,12:40:18,0.15,0.15,301120,0.2,49080,840,307360
FINNIFTY02JAN2422600CE.NFO,02/01/2024,12:40:25,0.15,0.15,301120,0.2,49160,0,307360
FINNIFTY02JAN2422600CE.NFO,02/01/2024,12:40:37,0.15,0.15,301120,0.2,50960,0,307360
FINNIFTY02JAN2422600CE.NFO,02/01/2024,12:40:48,0.15,0.15,301120,0.2,56360,0,307360
FINNIFTY02JAN2422600CE.NFO,02/01/2024,12:40:54,0.15,0.15,301120,0.2,63560,0,307360
FINNIFTY02JAN2422600CE.NFO,02/01/2024,12:40:59,0.15,0.15,297520,0.2,68960,0,307360
FINNIFTY02JAN2422600CE.NFO,02/01/2024,12:41:33,0.15,0.15,297520,0.2,69400,0,307360
FINNIFTY02JAN2422600CE.NFO,02/01/2024,12:41:53,0.15,0.15,296160,0.2,69400,1360,307360
FINNIFTY02JAN2422600CE.NFO,02/01/2024,12:42:03,0.15,0.15,296160,0.2,71520,0,307360
FINNIFTY02JAN2422600CE.NFO,02/01/2024,12:42:09,0.15,0.15,296160,0.2,73320,0,307360
FINNIFTY02JAN2422600CE.NFO,02/01/2024,12:42:45,0.15,0.15,268680,0.2,73000,4080,307360
FINNIFTY02JAN2422600CE.NFO,02/01/2024,12:42:50,0.15,0.15,263280,0.2,73000,0,307360
FINNIFTY02JAN2422600CE.NFO,02/01/2024,12:43:07,0.15,0.15,257120,0.2,78760,6160,307360
FINNIFTY02JAN2422600CE.NFO,02/01/2024,12:43:25,0.15,0.15,250960,0.2,91720,6160,307360
FINNIFTY02JAN2422600CE.NFO,02/01/2024,12:43:30,0.15,0.15,250960,0.2,93160,0,307360
FINNIFTY02JAN2422600CE.NFO,02/01/2024,12:44:24,0.15,0.15,250880,0.2,93480,80,307360
FINNIFTY02JAN2422600CE.NFO,02/01/2024,12:44:29,0.15,0.15,250880,0.2,93480,0,307360
FINNIFTY02JAN2422600CE.NFO,02/01/2024,12:44:44,0.2,0.15,250880,0.2,91360,1800,307360
FINNIFTY02JAN2422600CE.NFO,02/01/2024,12:45:00,0.2,0.15,250880,0.2,91240,120,305560
FINNIFTY02JAN2422600CE.NFO,02/01/2024,12:45:17,0.2,0.15,249080,0.2,89440,1800,305560
FINNIFTY02JAN2422600CE.NFO,02/01/2024,12:45:23,0.2,0.15,247280,0.2,91560,1800,305560
FINNIFTY02JAN2422600CE.NFO,02/01/2024,12:45:29,0.2,0.15,227480,0.2,89440,1800,305560
FINNIFTY02JAN2422600CE.NFO,02/01/2024,12:45:33,0.2,0.15,223880,0.2,89440,0,305560
FINNIFTY02JAN2422600CE.NFO,02/01/2024,12:46:46,0.15,0.15,221280,0.2,89440,2600,305560
FINNIFTY02JAN2422600CE.NFO,02/01/2024,12:46:53,0.15,0.15,207640,0.2,93760,13640,305560
FINNIFTY02JAN2422600CE.NFO,02/01/2024,12:46:58,0.15,0.15,207640,0.2,105480,0,305560
FINNIFTY02JAN2422600CE.NFO,02/01/2024,12:47:35,0.15,0.15,207920,0.2,105800,360,305560
FINNIFTY02JAN2422600CE.NFO,02/01/2024,12:47:52,0.15,0.15,205080,0.2,105480,2840,305560
FINNIFTY02JAN2422600CE.NFO,02/01/2024,12:47:57,0.15,0.15,203080,0.2,105480,2000,300160
FINNIFTY02JAN2422600CE.NFO,02/01/2024,12:48:04,0.15,0.15,202560,0.2,110800,520,300160
FINNIFTY02JAN2422600CE.NFO,02/01/2024,12:48:15,0.15,0.15,202560,0.2,111800,0,300160
FINNIFTY02JAN2422600CE.NFO,02/01/2024,12:48:20,0.2,0.15,202560,0.2,111760,40,300160
FINNIFTY02JAN2422600CE.NFO,02/01/2024,12:48:31,0.2,0.15,201920,0.2,110800,640,300160
FINNIFTY02JAN2422600CE.NFO,02/01/2024,12:48:43,0.2,0.15,201920,0.2,110800,0,300160
FINNIFTY02JAN2422600CE.NFO,02/01/2024,12:50:43,0.15,0.15,197520,0.2,110800,4400,300160
FINNIFTY02JAN2422600CE.NFO,02/01/2024,12:50:49,0.15,0.15,197520,0.2,111800,0,300160
FINNIFTY02JAN2422600CE.NFO,02/01/2024,12:50:54,0.15,0.15,197520,0.2,119320,0,300160
FINNIFTY02JAN2422600CE.NFO,02/01/2024,12:51:00,0.15,0.15,186720,0.2,119320,0,300160
FINNIFTY02JAN2422600CE.NFO,02/01/2024,12:51:06,0.15,0.15,170520,0.2,119320,0,300160
FINNIFTY02JAN2422600CE.NFO,02/01/2024,12:51:31,0.15,0.15,169320,0.2,119000,1200,299520
FINNIFTY02JAN2422600CE.NFO,02/01/2024,12:51:37,0.15,0.15,169320,0.2,119000,0,299520
FINNIFTY02JAN2422600CE.NFO,02/01/2024,12:51:48,0.15,0.15,160320,0.2,119000,0,299520
FINNIFTY02JAN2422600CE.NFO,02/01/2024,12:52:51,0.15,0.15,160960,0.2,119000,0,299520
FINNIFTY02JAN2422600CE.NFO,02/01/2024,12:52:56,0.15,0.15,160320,0.2,119000,0,299520
FINNIFTY02JAN2422600CE.NFO,02/01/2024,12:53:26,0.15,0.15,155840,0.2,119000,4480,299520
FINNIFTY02JAN2422600CE.NFO,02/01/2024,12:53:41,0.15,0.15,155720,0.2,119000,120,299520
FINNIFTY02JAN2422600CE.NFO,02/01/2024,12:53:47,0.15,0.15,155720,0.2,128000,0,299520
FINNIFTY02JAN2422600CE.NFO,02/01/2024,12:54:29,0.15,0.15,155320,0.2,128000,400,299520
FINNIFTY02JAN2422600CE.NFO,02/01/2024,12:55:13,0.15,0.15,155360,0.2,129800,0,299520
FINNIFTY02JAN2422600CE.NFO,02/01/2024,12:55:32,0.15,0.15,155240,0.2,128000,0,299520
FINNIFTY02JAN2422600CE.NFO,02/01/2024,12:55:39,0.15,0.15,155160,0.2,128000,80,299520
FINNIFTY02JAN2422600CE.NFO,02/01/2024,12:55:54,0.15,0.15,135360,0.2,128000,0,299520
FINNIFTY02JAN2422600CE.NFO,02/01/2024,12:56:20,0.15,0.15,119520,0.2,130120,15840,299520
FINNIFTY02JAN2422600CE.NFO,02/01/2024,12:56:25,0.15,0.15,119520,0.2,131200,0,299520
FINNIFTY02JAN2422600CE.NFO,02/01/2024,12:56:30,0.15,0.15,114320,0.2,137320,5200,299520
FINNIFTY02JAN2422600CE.NFO,02/01/2024,12:56:36,0.15,0.15,55200,0.2,119320,20600,299520
FINNIFTY02JAN2422600CE.NFO,02/01/2024,12:56:40,0.15,0.1,590080,0.15,28840,51840,299520
FINNIFTY02JAN2422600CE.NFO,02/01/2024,12:56:40,0.1,0.1,590080,0.15,28840,0,299520
FINNIFTY02JAN2422600CE.NFO,02/01/2024,12:56:46,0.15,0.1,588200,0.15,96920,2160,299520
FINNIFTY02JAN2422600CE.NFO,02/01/2024,12:56:51,0.15,0.1,588200,0.15,127240,320,299520
FINNIFTY02JAN2422600CE.NFO,02/01/2024,12:56:56,0.15,0.1,588200,0.15,132720,1720,298640
FINNIFTY02JAN2422600CE.NFO,02/01/2024,12:57:02,0.15,0.1,588200,0.15,130280,2440,298640
FINNIFTY02JAN2422600CE.NFO,02/01/2024,12:57:06,0.15,0.1,588200,0.15,129640,680,298640
FINNIFTY02JAN2422600CE.NFO,02/01/2024,12:57:11,0.15,0.1,485600,0.15,129480,160,298640
FINNIFTY02JAN2422600CE.NFO,02/01/2024,12:57:16,0.15,0.1,488760,0.15,131400,2880,298640
FINNIFTY02JAN2422600CE.NFO,02/01/2024,12:57:22,0.15,0.1,488760,0.15,126400,5000,298640
FINNIFTY02JAN2422600CE.NFO,02/01/2024,12:57:27,0.15,0.1,491800,0.15,129760,560,298640
FINNIFTY02JAN2422600CE.NFO,02/01/2024,12:57:32,0.15,0.1,491800,0.15,129360,800,298640
FINNIFTY02JAN2422600CE.NFO,02/01/2024,12:57:37,0.15,0.1,491800,0.15,129560,1600,298640
FINNIFTY02JAN2422600CE.NFO,02/01/2024,12:57:42,0.15,0.1,491800,0.15,130640,320,298640
FINNIFTY02JAN2422600CE.NFO,02/01/2024,12:57:47,0.15,0.1,491800,0.15,130160,480,298640
FINNIFTY02JAN2422600CE.NFO,02/01/2024,12:57:52,0.15,0.1,491800,0.15,128240,1920,298640
FINNIFTY02JAN2422600CE.NFO,02/01/2024,12:57:56,0.15,0.1,490000,0.15,131680,160,298640
FINNIFTY02JAN2422600CE.NFO,02/01/2024,12:58:01,0.15,0.1,490000,0.15,128320,3360,298640
FINNIFTY02JAN2422600CE.NFO,02/01/2024,12:58:06,0.15,0.1,490000,0.15,123680,8240,298640
FINNIFTY02JAN2422600CE.NFO,02/01/2024,12:58:26,0.15,0.1,490000,0.15,123040,640,298640
FINNIFTY02JAN2422600CE.NFO,02/01/2024,12:58:44,0.15,0.1,490000,0.15,122680,360,298640
FINNIFTY02JAN2422600CE.NFO,02/01/2024,12:59:01,0.15,0.1,490000,0.15,117680,5000,298640
FINNIFTY02JAN2422600CE.NFO,02/01/2024,12:59:07,0.15,0.1,490000,0.15,117480,200,298640
FINNIFTY02JAN2422600CE.NFO,02/01/2024,12:59:13,0.1,0.1,489360,0.15,117480,1920,298640
FINNIFTY02JAN2422600CE.NFO,02/01/2024,12:59:18,0.1,0.1,485200,0.15,119360,3520,298640
FINNIFTY02JAN2422600CE.NFO,02/01/2024,12:59:24,0.1,0.1,485200,0.15,121160,0,298640
FINNIFTY02JAN2422600CE.NFO,02/01/2024,12:59:28,0.15,0.1,483400,0.15,119040,2120,298640
FINNIFTY02JAN2422600CE.NFO,02/01/2024,12:59:34,0.15,0.1,483400,0.15,118760,280,298640
FINNIFTY02JAN2422600CE.NFO,02/01/2024,12:59:39,0.15,0.1,483400,0.15,118440,320,298640
FINNIFTY02JAN2422600CE.NFO,02/01/2024,12:59:44,0.15,0.1,483400,0.15,120440,320,298640
FINNIFTY02JAN2422600CE.NFO,02/01/2024,12:59:49,0.15,0.1,483400,0.15,122080,160,298640
FINNIFTY02JAN2422600CE.NFO,02/01/2024,13:00:03,0.15,0.1,483400,0.15,122000,80,288000
FINNIFTY02JAN2422600CE.NFO,02/01/2024,13:00:08,0.15,0.1,483400,0.15,121960,40,288000
FINNIFTY02JAN2422600CE.NFO,02/01/2024,13:00:13,0.15,0.1,483400,0.15,122200,80,288000
FINNIFTY02JAN2422600CE.NFO,02/01/2024,13:00:19,0.15,0.1,483400,0.15,122160,40,288000
FINNIFTY02JAN2422600CE.NFO,02/01/2024,13:00:29,0.1,0.1,477240,0.15,122160,6160,288000
FINNIFTY02JAN2422600CE.NFO,02/01/2024,13:00:39,0.1,0.1,477240,0.15,122960,0,288000
FINNIFTY02JAN2422600CE.NFO,02/01/2024,13:00:45,0.1,0.1,477240,0.15,128840,0,288000
FINNIFTY02JAN2422600CE.NFO,02/01/2024,13:00:56,0.1,0.1,477240,0.15,130680,0,288000
FINNIFTY02JAN2422600CE.NFO,02/01/2024,13:01:07,0.1,0.1,478040,0.15,130680,0,288000
FINNIFTY02JAN2422600CE.NFO,02/01/2024,13:01:19,0.15,0.1,477400,0.15,130560,120,288000
FINNIFTY02JAN2422600CE.NFO,02/01/2024,13:01:25,0.15,0.1,478040,0.15,135960,0,288000
FINNIFTY02JAN2422600CE.NFO,02/01/2024,13:01:30,0.15,0.1,478040,0.15,135520,120,288000
FINNIFTY02JAN2422600CE.NFO,02/01/2024,13:01:38,0.15,0.1,476360,0.15,134440,2760,288000
FINNIFTY02JAN2422600CE.NFO,02/01/2024,13:01:45,0.15,0.1,474680,0.15,135640,1800,288000
FINNIFTY02JAN2422600CE.NFO,02/01/2024,13:02:06,0.15,0.1,474680,0.15,135600,200,288000
FINNIFTY02JAN2422600CE.NFO,02/01/2024,13:02:36,0.15,0.1,442280,0.15,135600,0,288000
FINNIFTY02JAN2422600CE.NFO,02/01/2024,13:02:45,0.15,0.1,420680,0.15,135600,0,288000
FINNIFTY02JAN2422600CE.NFO,02/01/2024,13:02:52,0.1,0.1,420080,0.15,135600,600,288000
FINNIFTY02JAN2422600CE.NFO,02/01/2024,13:03:25,0.1,0.1,420080,0.15,135600,0,288000
FINNIFTY02JAN2422600CE.NFO,02/01/2024,13:03:40,0.1,0.1,420120,0.15,135640,0,288000
FINNIFTY02JAN2422600CE.NFO,02/01/2024,13:03:48,0.15,0.1,420120,0.15,133960,1680,286920
FINNIFTY02JAN2422600CE.NFO,02/01/2024,13:04:03,0.15,0.1,420040,0.15,133960,0,286920
FINNIFTY02JAN2422600CE.NFO,02/01/2024,13:04:23,0.15,0.1,420000,0.15,132680,1280,286920
FINNIFTY02JAN2422600CE.NFO,02/01/2024,13:04:40,0.15,0.1,420000,0.15,132240,120,286920
FINNIFTY02JAN2422600CE.NFO,02/01/2024,13:04:57,0.15,0.1,420000,0.15,132120,120,286920
FINNIFTY02JAN2422600CE.NFO,02/01/2024,13:05:22,0.15,0.1,418200,0.15,132000,120,286920
FINNIFTY02JAN2422600CE.NFO,02/01/2024,13:05:28,0.15,0.1,414600,0.15,132000,0,286920
FINNIFTY02JAN2422600CE.NFO,02/01/2024,13:05:34,0.15,0.1,414600,0.15,131680,320,286920
FINNIFTY02JAN2422600CE.NFO,02/01/2024,13:06:47,0.15,0.1,414600,0.15,101680,30000,285000
FINNIFTY02JAN2422600CE.NFO,02/01/2024,13:06:59,0.15,0.1,414640,0.15,107080,0,285000
FINNIFTY02JAN2422600CE.NFO,02/01/2024,13:07:26,0.15,0.1,414640,0.15,107000,80,285000
FINNIFTY02JAN2422600CE.NFO,02/01/2024,13:08:05,0.1,0.1,414520,0.15,107000,120,285000
FINNIFTY02JAN2422600CE.NFO,02/01/2024,13:08:31,0.1,0.1,414240,0.15,107000,280,285000
FINNIFTY02JAN2422600CE.NFO,02/01/2024,13:09:07,0.15,0.1,414240,0.15,106840,160,255000
FINNIFTY02JAN2422600CE.NFO,02/01/2024,13:09:23,0.15,0.1,414240,0.15,108080,560,255000
FINNIFTY02JAN2422600CE.NFO,02/01/2024,13:09:29,0.1,0.1,414120,0.15,108080,120,255000
FINNIFTY02JAN2422600CE.NFO,02/01/2024,13:10:28,0.1,0.1,414120,0.15,109880,0,255000
FINNIFTY02JAN2422600CE.NFO,02/01/2024,13:10:37,0.1,0.1,414080,0.15,109840,40,255000
FINNIFTY02JAN2422600CE.NFO,02/01/2024,13:11:00,0.1,0.1,414040,0.15,109840,40,255000
FINNIFTY02JAN2422600CE.NFO,02/01/2024,13:11:07,0.15,0.1,414040,0.15,109800,40,255000
FINNIFTY02JAN2422600CE.NFO,02/01/2024,13:11:50,0.15,0.1,414040,0.15,95720,0,255000
FINNIFTY02JAN2422600CE.NFO,02/01/2024,13:14:14,0.15,0.1,414040,0.15,94720,1000,255000
FINNIFTY02JAN2422600CE.NFO,02/01/2024,13:15:24,0.1,0.1,413920,0.15,94720,120,254000
FINNIFTY02JAN2422600CE.NFO,02/01/2024,13:16:02,0.1,0.1,415120,0.15,94720,0,254000
FINNIFTY02JAN2422600CE.NFO,02/01/2024,13:18:17,0.1,0.1,413120,0.15,96520,2000,254000
FINNIFTY02JAN2422600CE.NFO,02/01/2024,13:18:22,0.15,0.1,380000,0.15,96320,200,254000
FINNIFTY02JAN2422600CE.NFO,02/01/2024,13:18:28,0.1,0.1,379920,0.15,96320,440,254000
FINNIFTY02JAN2422600CE.NFO,02/01/2024,13:18:39,0.1,0.1,379560,0.15,98120,0,254000
FINNIFTY02JAN2422600CE.NFO,02/01/2024,13:18:44,0.1,0.1,379920,0.15,98120,0,254000
FINNIFTY02JAN2422600CE.NFO,02/01/2024,13:19:00,0.15,0.1,379920,0.15,97640,480,254000
FINNIFTY02JAN2422600CE.NFO,02/01/2024,13:19:05,0.15,0.1,378720,0.15,97640,0,254000
FINNIFTY02JAN2422600CE.NFO,02/01/2024,13:19:41,0.15,0.1,378360,0.15,97640,0,254000
FINNIFTY02JAN2422600CE.NFO,02/01/2024,13:20:12,0.15,0.1,378360,0.15,99440,0,254000
FINNIFTY02JAN2422600CE.NFO,02/01/2024,13:20:25,0.15,0.1,378160,0.15,98640,1000,254000
FINNIFTY02JAN2422600CE.NFO,02/01/2024,13:20:29,0.15,0.1,378160,0.15,98240,400,254000
FINNIFTY02JAN2422600CE.NFO,02/01/2024,13:20:55,0.15,0.1,378160,0.15,96440,0,254000
FINNIFTY02JAN2422600CE.NFO,02/01/2024,13:21:01,0.15,0.1,378520,0.15,94640,0,254000
FINNIFTY02JAN2422600CE.NFO,02/01/2024,13:21:39,0.15,0.1,378520,0.15,96120,0,254000
FINNIFTY02JAN2422600CE.NFO,02/01/2024,13:22:02,0.1,0.1,378320,0.15,96120,200,253720
FINNIFTY02JAN2422600CE.NFO,02/01/2024,13:22:16,0.1,0.1,377920,0.15,97920,400,253720
FINNIFTY02JAN2422600CE.NFO,02/01/2024,13:22:21,0.1,0.1,377680,0.15,97920,240,253720
FINNIFTY02JAN2422600CE.NFO,02/01/2024,13:22:43,0.1,0.1,377680,0.15,100040,0,253720
FINNIFTY02JAN2422600CE.NFO,02/01/2024,13:22:49,0.1,0.1,377680,0.15,98240,0,253720
FINNIFTY02JAN2422600CE.NFO,02/01/2024,13:23:32,0.1,0.1,370080,0.15,99720,400,253720
FINNIFTY02JAN2422600CE.NFO,02/01/2024,13:23:37,0.1,0.1,362880,0.15,100040,0,253720
FINNIFTY02JAN2422600CE.NFO,02/01/2024,13:23:42,0.1,0.1,359280,0.15,100040,0,253720
FINNIFTY02JAN2422600CE.NFO,02/01/2024,13:23:48,0.1,0.1,359040,0.15,98240,240,253720
FINNIFTY02JAN2422600CE.NFO,02/01/2024,13:23:54,0.1,0.1,357240,0.15,100040,0,253720
FINNIFTY02JAN2422600CE.NFO,02/01/2024,13:24:00,0.1,0.1,350040,0.15,100040,0,253720
FINNIFTY02JAN2422600CE.NFO,02/01/2024,13:24:04,0.1,0.1,345640,0.15,100040,800,255200
FINNIFTY02JAN2422600CE.NFO,02/01/2024,13:24:09,0.1,0.1,340240,0.15,101840,0,255200
FINNIFTY02JAN2422600CE.NFO,02/01/2024,13:24:25,0.1,0.1,328840,0.15,101840,0,255200
FINNIFTY02JAN2422600CE.NFO,02/01/2024,13:24:30,0.1,0.1,233440,0.15,101840,0,255200
FINNIFTY02JAN2422600CE.NFO,02/01/2024,13:24:36,0.1,0.1,168360,0.15,101840,280,255200
FINNIFTY02JAN2422600CE.NFO,02/01/2024,13:24:41,0.1,0.1,161160,0.15,100040,0,255200
FINNIFTY02JAN2422600CE.NFO,02/01/2024,13:24:46,0.1,0.1,141360,0.15,100040,0,255200
FINNIFTY02JAN2422600CE.NFO,02/01/2024,13:24:51,0.1,0.1,137760,0.15,97920,0,255200
FINNIFTY02JAN2422600CE.NFO,02/01/2024,13:24:56,0.1,0.1,122400,0.15,96440,0,255200
FINNIFTY02JAN2422600CE.NFO,02/01/2024,13:25:02,0.1,0.1,115360,0.15,98240,440,255200
FINNIFTY02JAN2422600CE.NFO,02/01/2024,13:25:06,0.1,0.1,115320,0.15,98240,0,255200
FINNIFTY02JAN2422600CE.NFO,02/01/2024,13:25:11,0.1,0.1,115320,0.15,96440,0,255200
FINNIFTY02JAN2422600CE.NFO,02/01/2024,13:25:17,0.1,0.1,115320,0.15,98280,0,255200
FINNIFTY02JAN2422600CE.NFO,02/01/2024,13:25:22,0.1,0.1,115320,0.15,96480,0,255200
FINNIFTY02JAN2422600CE.NFO,02/01/2024,13:25:51,0.1,0.1,115320,0.15,100080,0,255200
FINNIFTY02JAN2422600CE.NFO,02/01/2024,13:26:06,0.1,0.1,113520,0.15,98280,0,255200
FINNIFTY02JAN2422600CE.NFO,02/01/2024,13:26:11,0.1,0.1,109560,0.15,94680,360,255200
FINNIFTY02JAN2422600CE.NFO,02/01/2024,13:26:16,0.1,0.1,109560,0.15,98280,0,255200
FINNIFTY02JAN2422600CE.NFO,02/01/2024,13:26:31,0.1,0.1,91560,0.15,100080,0,255200
FINNIFTY02JAN2422600CE.NFO,02/01/2024,13:26:42,0.15,0.1,91560,0.15,94560,200,255200
FINNIFTY02JAN2422600CE.NFO,02/01/2024,13:26:46,0.15,0.1,91560,0.15,95360,0,255200
FINNIFTY02JAN2422600CE.NFO,02/01/2024,13:26:50,0.15,0.1,91560,0.15,93560,0,255200
FINNIFTY02JAN2422600CE.NFO,02/01/2024,13:27:04,0.15,0.1,91560,0.15,95360,0,255200
FINNIFTY02JAN2422600CE.NFO,02/01/2024,13:27:54,0.15,0.1,91560,0.15,95040,0,255200
FINNIFTY02JAN2422600CE.NFO,02/01/2024,13:28:11,0.15,0.1,91560,0.15,96840,0,255200
FINNIFTY02JAN2422600CE.NFO,02/01/2024,13:28:25,0.15,0.1,73560,0.15,97040,120,255800
FINNIFTY02JAN2422600CE.NFO,02/01/2024,13:28:30,0.15,0.1,73560,0.15,95240,0,255800
FINNIFTY02JAN2422600CE.NFO,02/01/2024,13:28:35,0.15,0.1,64560,0.15,97040,0,255800
FINNIFTY02JAN2422600CE.NFO,02/01/2024,13:28:40,0.1,0.1,62760,0.15,94920,1800,255800
FINNIFTY02JAN2422600CE.NFO,02/01/2024,13:28:44,0.1,0.1,60960,0.15,94920,0,255800
FINNIFTY02JAN2422600CE.NFO,02/01/2024,13:28:49,0.1,0.1,50160,0.15,93120,7440,255800
FINNIFTY02JAN2422600CE.NFO,02/01/2024,13:28:53,0.15,0.1,48360,0.15,91120,2000,255800
FINNIFTY02JAN2422600CE.NFO,02/01/2024,13:28:58,0.1,0.1,44800,0.15,87520,3600,255800
FINNIFTY02JAN2422600CE.NFO,02/01/2024,13:29:15,0.15,0.1,39160,0.15,87480,40,255800
FINNIFTY02JAN2422600CE.NFO,02/01/2024,13:29:19,0.15,0.1,39160,0.15,87480,0,255800
FINNIFTY02JAN2422600CE.NFO,02/01/2024,13:29:29,0.15,0.1,39160,0.15,85680,0,255800
FINNIFTY02JAN2422600CE.NFO,02/01/2024,13:29:34,0.1,0.1,38960,0.15,87480,200,255800
FINNIFTY02JAN2422600CE.NFO,02/01/2024,13:29:39,0.1,0.1,38960,0.15,89080,0,255800
FINNIFTY02JAN2422600CE.NFO,02/01/2024,13:29:43,0.1,0.1,39000,0.15,90680,0,255800
FINNIFTY02JAN2422600CE.NFO,02/01/2024,13:29:47,0.1,0.1,39000,0.15,93880,0,255800
FINNIFTY02JAN2422600CE.NFO,02/01/2024,13:29:52,0.1,0.1,39000,0.15,95480,0,255800
FINNIFTY02JAN2422600CE.NFO,02/01/2024,13:29:56,0.1,0.1,28640,0.15,97400,5400,255800
FINNIFTY02JAN2422600CE.NFO,02/01/2024,13:30:01,0.1,0.1,25000,0.15,95600,3640,255560
FINNIFTY02JAN2422600CE.NFO,02/01/2024,13:30:05,0.1,0.1,13520,0.15,105040,19160,255560
FINNIFTY02JAN2422600CE.NFO,02/01/2024,13:30:11,0.1,0.1,9120,0.15,82840,5400,255560
FINNIFTY02JAN2422600CE.NFO,02/01/2024,13:30:16,0.1,0.1,9120,0.15,84760,0,255560
FINNIFTY02JAN2422600CE.NFO,02/01/2024,13:30:20,0.1,0.1,3760,0.15,69840,5400,255560
FINNIFTY02JAN2422600CE.NFO,02/01/2024,13:30:25,0.1,0.05,500840,0.1,32920,4280,255560
FINNIFTY02JAN2422600CE.NFO,02/01/2024,13:30:31,0.1,0.05,500840,0.1,38080,200,255560
FINNIFTY02JAN2422600CE.NFO,02/01/2024,13:30:37,0.1,0.05,500840,0.1,49840,0,255560
FINNIFTY02JAN2422600CE.NFO,02/01/2024,13:30:43,0.1,0.05,502640,0.1,49680,800,255560
FINNIFTY02JAN2422600CE.NFO,02/01/2024,13:30:53,0.1,0.05,508040,0.1,40640,10000,255560
FINNIFTY02JAN2422600CE.NFO,02/01/2024,13:30:58,0.1,0.05,511520,0.1,43400,5800,255560
FINNIFTY02JAN2422600CE.NFO,02/01/2024,13:31:08,0.1,0.05,511520,0.1,55120,0,255560
FINNIFTY02JAN2422600CE.NFO,02/01/2024,13:31:35,0.1,0.05,511520,0.1,52360,0,255560
FINNIFTY02JAN2422600CE.NFO,02/01/2024,13:31:41,0.05,0.05,511440,0.1,54160,160,255560
FINNIFTY02JAN2422600CE.NFO,02/01/2024,13:31:41,0.05,0.05,511440,0.1,54160,0,255560
FINNIFTY02JAN2422600CE.NFO,02/01/2024,13:31:53,0.05,0.05,511440,0.1,55920,0,255560
FINNIFTY02JAN2422600CE.NFO,02/01/2024,13:32:05,0.05,0.05,511440,0.1,54160,0,255560
FINNIFTY02JAN2422600CE.NFO,02/01/2024,13:32:32,0.1,0.05,513240,0.1,53960,2000,255560
FINNIFTY02JAN2422600CE.NFO,02/01/2024,13:32:38,0.1,0.05,513120,0.1,54920,0,255560
FINNIFTY02JAN2422600CE.NFO,02/01/2024,13:32:44,0.1,0.05,513120,0.1,62520,0,255560
FINNIFTY02JAN2422600CE.NFO,02/01/2024,13:32:49,0.1,0.05,513120,0.1,57960,3600,255560
FINNIFTY02JAN2422600CE.NFO,02/01/2024,13:32:55,0.1,0.05,513120,0.1,60320,1240,255560
FINNIFTY02JAN2422600CE.NFO,02/01/2024,13:33:00,0.1,0.05,513120,0.1,60360,2280,250840
FINNIFTY02JAN2422600CE.NFO,02/01/2024,13:33:05,0.1,0.05,513240,0.1,60360,0,250840
FINNIFTY02JAN2422600CE.NFO,02/01/2024,13:33:20,0.1,0.05,518680,0.1,57600,1800,250840
FINNIFTY02JAN2422600CE.NFO,02/01/2024,13:33:32,0.05,0.05,517680,0.1,57600,1000,250840
FINNIFTY02JAN2422600CE.NFO,02/01/2024,13:33:53,0.05,0.05,517560,0.1,59400,0,250840
FINNIFTY02JAN2422600CE.NFO,02/01/2024,13:33:59,0.1,0.05,517560,0.1,58360,1000,250840
FINNIFTY02JAN2422600CE.NFO,02/01/2024,13:34:04,0.1,0.05,517560,0.1,71440,0,250840
FINNIFTY02JAN2422600CE.NFO,02/01/2024,13:34:20,0.05,0.05,517400,0.1,71440,160,250840
FINNIFTY02JAN2422600CE.NFO,02/01/2024,13:34:32,0.05,0.05,519240,0.1,71440,0,250840
FINNIFTY02JAN2422600CE.NFO,02/01/2024,13:34:51,0.1,0.05,519240,0.1,71400,40,250840
FINNIFTY02JAN2422600CE.NFO,02/01/2024,13:35:09,0.1,0.05,519400,0.1,71400,0,250840
FINNIFTY02JAN2422600CE.NFO,02/01/2024,13:35:26,0.1,0.05,519400,0.1,71320,80,250840
FINNIFTY02JAN2422600CE.NFO,02/01/2024,13:35:37,0.1,0.05,517600,0.1,71320,0,250840
FINNIFTY02JAN2422600CE.NFO,02/01/2024,13:36:38,0.1,0.05,517520,0.1,71240,80,250760
FINNIFTY02JAN2422600CE.NFO,02/01/2024,13:36:49,0.1,0.05,517520,0.1,71240,0,250760
FINNIFTY02JAN2422600CE.NFO,02/01/2024,13:37:01,0.05,0.05,517440,0.1,71240,80,250760
FINNIFTY02JAN2422600CE.NFO,02/01/2024,13:37:06,0.05,0.05,516960,0.1,71240,480,250760
FINNIFTY02JAN2422600CE.NFO,02/01/2024,13:37:12,0.05,0.05,516200,0.1,71240,760,250760
FINNIFTY02JAN2422600CE.NFO,02/01/2024,13:37:36,0.05,0.05,523440,0.1,71240,0,250760
FINNIFTY02JAN2422600CE.NFO,02/01/2024,13:37:40,0.05,0.05,521640,0.1,71240,0,250760
FINNIFTY02JAN2422600CE.NFO,02/01/2024,13:37:59,0.1,0.05,521640,0.1,71200,40,250760
FINNIFTY02JAN2422600CE.NFO,02/01/2024,13:38:05,0.1,0.05,521640,0.1,73000,0,250760
FINNIFTY02JAN2422600CE.NFO,02/01/2024,13:38:11,0.05,0.05,523040,0.1,73000,400,250760
FINNIFTY02JAN2422600CE.NFO,02/01/2024,13:38:22,0.05,0.05,522840,0.1,73000,0,250760
FINNIFTY02JAN2422600CE.NFO,02/01/2024,13:38:27,0.1,0.05,521040,0.1,71200,1800,250760
FINNIFTY02JAN2422600CE.NFO,02/01/2024,13:38:32,0.05,0.05,520560,0.1,72400,480,250760
FINNIFTY02JAN2422600CE.NFO,02/01/2024,13:39:11,0.05,0.05,507960,0.1,72400,0,250760
FINNIFTY02JAN2422600CE.NFO,02/01/2024,13:39:16,0.05,0.05,506160,0.1,72400,0,250760
FINNIFTY02JAN2422600CE.NFO,02/01/2024,13:39:20,0.05,0.05,500760,0.1,72400,0,250760
FINNIFTY02JAN2422600CE.NFO,02/01/2024,13:39:27,0.05,0.05,495360,0.1,72400,0,250760
FINNIFTY02JAN2422600CE.NFO,02/01/2024,13:39:32,0.05,0.05,491760,0.1,75560,0,250760
FINNIFTY02JAN2422600CE.NFO,02/01/2024,13:39:36,0.05,0.05,488160,0.1,75560,0,250760
FINNIFTY02JAN2422600CE.NFO,02/01/2024,13:39:41,0.1,0.05,486360,0.1,73760,1800,253720
FINNIFTY02JAN2422600CE.NFO,02/01/2024,13:39:51,0.1,0.05,480960,0.1,73760,0,253720
FINNIFTY02JAN2422600CE.NFO,02/01/2024,13:39:55,0.1,0.05,475560,0.1,73760,0,253720
FINNIFTY02JAN2422600CE.NFO,02/01/2024,13:40:00,0.1,0.05,471960,0.1,73760,0,253720
FINNIFTY02JAN2422600CE.NFO,02/01/2024,13:40:06,0.1,0.05,451560,0.1,73760,0,253720
FINNIFTY02JAN2422600CE.NFO,02/01/2024,13:40:11,0.1,0.05,363360,0.1,73760,0,253720
FINNIFTY02JAN2422600CE.NFO,02/01/2024,13:40:15,0.1,0.05,305760,0.1,73760,0,253720
FINNIFTY02JAN2422600CE.NFO,02/01/2024,13:40:19,0.1,0.05,303960,0.1,73760,0,253720
FINNIFTY02JAN2422600CE.NFO,02/01/2024,13:40:25,0.1,0.05,298560,0.1,73760,0,253720
FINNIFTY02JAN2422600CE.NFO,02/01/2024,13:40:33,0.05,0.05,296760,0.1,73760,1800,253720
FINNIFTY02JAN2422600CE.NFO,02/01/2024,13:40:38,0.05,0.05,283760,0.1,73800,400,253720
FINNIFTY02JAN2422600CE.NFO,02/01/2024,13:40:42,0.05,0.05,283760,0.1,73760,0,253720
FINNIFTY02JAN2422600CE.NFO,02/01/2024,13:40:46,0.05,0.05,281960,0.1,71960,1800,253720
FINNIFTY02JAN2422600CE.NFO,02/01/2024,13:40:50,0.05,0.05,281960,0.1,71960,0,253720
FINNIFTY02JAN2422600CE.NFO,02/01/2024,13:40:54,0.05,0.05,280160,0.1,70200,1800,253720
FINNIFTY02JAN2422600CE.NFO,02/01/2024,13:40:58,0.1,0.05,280160,0.1,73760,40,253720
FINNIFTY02JAN2422600CE.NFO,02/01/2024,13:41:02,0.05,0.05,278360,0.1,73760,1800,253720
FINNIFTY02JAN2422600CE.NFO,02/01/2024,13:41:06,0.05,0.05,278360,0.1,73760,0,253720
FINNIFTY02JAN2422600CE.NFO,02/01/2024,13:41:16,0.05,0.05,278360,0.1,75560,0,253720
FINNIFTY02JAN2422600CE.NFO,02/01/2024,13:41:25,0.05,0.05,278320,0.1,75560,40,253720
FINNIFTY02JAN2422600CE.NFO,02/01/2024,13:41:31,0.05,0.05,276400,0.1,76520,1920,253720
FINNIFTY02JAN2422600CE.NFO,02/01/2024,13:41:44,0.1,0.05,276400,0.1,77800,40,253720
FINNIFTY02JAN2422600CE.NFO,02/01/2024,13:41:49,0.05,0.05,276360,0.1,77800,40,253720
FINNIFTY02JAN2422600CE.NFO,02/01/2024,13:42:23,0.05,0.05,222360,0.1,75040,0,253720
FINNIFTY02JAN2422600CE.NFO,02/01/2024,13:42:50,0.05,0.05,222360,0.1,87800,0,253720
FINNIFTY02JAN2422600CE.NFO,02/01/2024,13:43:21,0.05,0.05,218560,0.1,86840,5600,255080
FINNIFTY02JAN2422600CE.NFO,02/01/2024,13:43:26,0.05,0.05,218560,0.1,92240,0,255080
FINNIFTY02JAN2422600CE.NFO,02/01/2024,13:43:56,0.05,0.05,218520,0.1,92240,40,255080
FINNIFTY02JAN2422600CE.NFO,02/01/2024,13:44:20,0.05,0.05,215520,0.1,93200,0,255080
FINNIFTY02JAN2422600CE.NFO,02/01/2024,13:44:24,0.05,0.05,212520,0.1,93200,0,255080
FINNIFTY02JAN2422600CE.NFO,02/01/2024,13:44:32,0.05,0.05,211560,0.1,92240,960,255080
FINNIFTY02JAN2422600CE.NFO,02/01/2024,13:44:36,0.05,0.05,209000,0.1,95000,2560,255080
FINNIFTY02JAN2422600CE.NFO,02/01/2024,13:44:40,0.05,0.05,206720,0.1,95000,480,255080
FINNIFTY02JAN2422600CE.NFO,02/01/2024,13:44:44,0.05,0.05,204640,0.1,95000,2080,255080
FINNIFTY02JAN2422600CE.NFO,02/01/2024,13:44:51,0.05,0.05,204640,0.1,96800,0,255080
FINNIFTY02JAN2422600CE.NFO,02/01/2024,13:44:55,0.05,0.05,203680,0.1,98600,960,255080
FINNIFTY02JAN2422600CE.NFO,02/01/2024,13:44:59,0.05,0.05,203680,0.1,99120,0,255080
FINNIFTY02JAN2422600CE.NFO,02/01/2024,13:45:03,0.05,0.05,200600,0.1,98160,1280,255080
FINNIFTY02JAN2422600CE.NFO,02/01/2024,13:45:06,0.05,0.05,197000,0.1,99960,0,255080
FINNIFTY02JAN2422600CE.NFO,02/01/2024,13:45:11,0.05,0.05,195200,0.1,100920,0,255080
FINNIFTY02JAN2422600CE.NFO,02/01/2024,13:45:17,0.05,0.05,193120,0.1,99960,2080,255080
FINNIFTY02JAN2422600CE.NFO,02/01/2024,13:45:26,0.05,0.05,193120,0.1,101760,0,255080
FINNIFTY02JAN2422600CE.NFO,02/01/2024,13:45:53,0.05,0.05,193120,0.1,104280,0,255080
FINNIFTY02JAN2422600CE.NFO,02/01/2024,13:46:22,0.05,0.05,193720,0.1,103320,0,255080
FINNIFTY02JAN2422600CE.NFO,02/01/2024,13:46:42,0.1,0.05,197800,0.1,105000,80,255080
FINNIFTY02JAN2422600CE.NFO,02/01/2024,13:47:00,0.1,0.05,197800,0.1,103800,240,255080
FINNIFTY02JAN2422600CE.NFO,02/01/2024,13:47:33,0.1,0.05,197800,0.1,106560,0,255080
FINNIFTY02JAN2422600CE.NFO,02/01/2024,13:47:38,0.05,0.05,197560,0.1,106560,240,255080
FINNIFTY02JAN2422600CE.NFO,02/01/2024,13:47:56,0.05,0.05,186840,0.1,91200,40,255080
FINNIFTY02JAN2422600CE.NFO,02/01/2024,13:48:37,0.05,0.05,186840,0.1,91200,0,255080
FINNIFTY02JAN2422600CE.NFO,02/01/2024,13:48:50,0.05,0.05,186840,0.1,96560,0,255080
FINNIFTY02JAN2422600CE.NFO,02/01/2024,13:49:03,0.05,0.05,191880,0.1,106400,5760,255080
FINNIFTY02JAN2422600CE.NFO,02/01/2024,13:49:08,0.05,0.05,195000,0.1,107360,480,255080
FINNIFTY02JAN2422600CE.NFO,02/01/2024,13:49:16,0.05,0.05,195000,0.1,111360,0,255080
FINNIFTY02JAN2422600CE.NFO,02/01/2024,13:49:19,0.05,0.05,194840,0.1,112200,160,255080
FINNIFTY02JAN2422600CE.NFO,02/01/2024,13:49:23,0.05,0.05,194840,0.1,112680,0,255080
FINNIFTY02JAN2422600CE.NFO,02/01/2024,13:49:27,0.05,0.05,194200,0.1,112680,640,255080
FINNIFTY02JAN2422600CE.NFO,02/01/2024,13:49:34,0.05,0.05,179800,0.1,99080,0,255080
FINNIFTY02JAN2422600CE.NFO,02/01/2024,13:49:50,0.05,0.05,187000,0.1,101840,0,255080
FINNIFTY02JAN2422600CE.NFO,02/01/2024,13:49:53,0.05,0.05,179800,0.1,98240,0,255080
FINNIFTY02JAN2422600CE.NFO,02/01/2024,13:49:58,0.05,0.05,179840,0.1,98240,0,255080
