Ticker,Date,Time,LTP,BuyPrice,BuyQty,SellPrice,SellQty,LTQ,OpenInterest
FINNIFTY02JAN2421750PE.NFO,02/01/2024,09:22:58,327.15,328.75,40,330.05,120,1840,37760
FINNIFTY02JAN2421750PE.NFO,02/01/2024,09:22:58,331.55,328.75,40,330.05,120,0,37760
FINNIFTY02JAN2421750PE.NFO,02/01/2024,09:22:58,331.55,328.75,40,330.05,120,0,37760
FINNIFTY02JAN2421750PE.NFO,02/01/2024,09:22:58,327.15,328.75,40,330.05,120,0,37760
FINNIFTY02JAN2421750PE.NFO,02/01/2024,09:23:07,329.35,325.7,40,327.15,80,160,37760
FINNIFTY02JAN2421750PE.NFO,02/01/2024,09:23:17,329.35,325.15,560,326.35,360,0,37760
FINNIFTY02JAN2421750PE.NFO,02/01/2024,09:23:26,326.3,326.75,320,328.05,40,880,37760
FINNIFTY02JAN2421750PE.NFO,02/01/2024,09:23:26,324.8,326.75,320,328.05,40,0,37760
FINNIFTY02JAN2421750PE.NFO,02/01/2024,09:23:30,328.1,328.75,80,329.95,120,480,39360
FINNIFTY02JAN2421750PE.NFO,02/01/2024,09:23:31,328.1,328.3,40,329.45,40,0,39360
FINNIFTY02JAN2421750PE.NFO,02/01/2024,09:23:32,328.1,327.3,40,328.45,40,0,39360
FINNIFTY02JAN2421750PE.NFO,02/01/2024,09:23:33,328.1,326.35,40,327.5,40,0,39360
FINNIFTY02JAN2421750PE.NFO,02/01/2024,09:23:34,326.3,326.45,40,327.7,40,40,39360
FINNIFTY02JAN2421750PE.NFO,02/01/2024,09:23:35,326.3,326.55,40,327.75,80,0,39360
FINNIFTY02JAN2421750PE.NFO,02/01/2024,09:23:36,326.3,326.5,40,327.65,240,0,39360
FINNIFTY02JAN2421750PE.NFO,02/01/2024,09:23:36,326.3,326.5,40,327.55,40,0,39360
FINNIFTY02JAN2421750PE.NFO,02/01/2024,09:23:37,326.3,325.65,80,326.95,120,0,39360
FINNIFTY02JAN2421750PE.NFO,02/01/2024,09:23:38,326.3,325.5,40,326.9,40,0,39360
FINNIFTY02JAN2421750PE.NFO,02/01/2024,09:23:39,326.3,325.5,160,326.75,40,0,39360
FINNIFTY02JAN2421750PE.NFO,02/01/2024,09:23:40,325.4,325.65,120,326.8,40,80,39360
FINNIFTY02JAN2421750PE.NFO,02/01/2024,09:23:41,325.4,326.35,80,327.6,120,0,39360
FINNIFTY02JAN2421750PE.NFO,02/01/2024,09:23:42,326.55,327.1,40,328.1,40,40,39360
FINNIFTY02JAN2421750PE.NFO,02/01/2024,09:23:43,326.55,326.7,40,327.85,40,0,39360
FINNIFTY02JAN2421750PE.NFO,02/01/2024,09:23:44,326.55,326.65,40,327.65,120,0,39360
FINNIFTY02JAN2421750PE.NFO,02/01/2024,09:23:45,326.55,326.55,120,327.65,40,0,39360
FINNIFTY02JAN2421750PE.NFO,02/01/2024,09:23:47,327.2,327.2,80,328.4,120,200,39360
FINNIFTY02JAN2421750PE.NFO,02/01/2024,09:23:48,328.65,328.2,40,329.4,80,200,39360
FINNIFTY02JAN2421750PE.NFO,02/01/2024,09:23:48,329.4,328.25,240,329.4,40,40,39360
FINNIFTY02JAN2421750PE.NFO,02/01/2024,09:23:49,329.4,328.25,40,329.45,80,0,39360
FINNIFTY02JAN2421750PE.NFO,02/01/2024,09:23:50,329.5,328.4,40,329.45,80,120,39360
FINNIFTY02JAN2421750PE.NFO,02/01/2024,09:23:52,329.25,328.25,120,329.25,80,120,39360
FINNIFTY02JAN2421750PE.NFO,02/01/2024,09:23:53,328.5,327.5,80,328.5,40,40,39360
FINNIFTY02JAN2421750PE.NFO,02/01/2024,09:23:53,328.5,327.6,80,328.65,40,0,39360
FINNIFTY02JAN2421750PE.NFO,02/01/2024,09:23:54,328.5,328.4,80,329.45,40,0,39360
FINNIFTY02JAN2421750PE.NFO,02/01/2024,09:23:55,328.5,328.7,80,329.75,240,0,39360
FINNIFTY02JAN2421750PE.NFO,02/01/2024,09:23:56,329.95,328.85,80,329.8,160,160,39360
FINNIFTY02JAN2421750PE.NFO,02/01/2024,09:23:57,329.95,329.15,80,330.1,120,0,39360
FINNIFTY02JAN2421750PE.NFO,02/01/2024,09:23:59,329.95,330.05,80,331.05,40,0,39360
FINNIFTY02JAN2421750PE.NFO,02/01/2024,09:24:00,329.95,330.35,80,331.55,40,0,39360
FINNIFTY02JAN2421750PE.NFO,02/01/2024,09:24:01,329.95,330.3,80,331.35,40,0,39360
FINNIFTY02JAN2421750PE.NFO,02/01/2024,09:24:02,329.95,331.2,40,332.3,40,0,39360
FINNIFTY02JAN2421750PE.NFO,02/01/2024,09:24:03,329.95,331.5,40,332.65,40,0,39360
FINNIFTY02JAN2421750PE.NFO,02/01/2024,09:24:04,331.55,330.95,40,331.95,120,40,39360
FINNIFTY02JAN2421750PE.NFO,02/01/2024,09:24:05,331.55,330.35,40,331.2,80,0,39360
FINNIFTY02JAN2421750PE.NFO,02/01/2024,09:24:05,331.55,330,40,330.95,120,0,39360
FINNIFTY02JAN2421750PE.NFO,02/01/2024,09:24:06,331.55,329.3,40,330.3,40,0,39360
FINNIFTY02JAN2421750PE.NFO,02/01/2024,09:24:08,331.55,329.8,80,330.9,80,0,39360
FINNIFTY02JAN2421750PE.NFO,02/01/2024,09:24:09,329.75,329.65,40,330.7,40,40,39360
FINNIFTY02JAN2421750PE.NFO,02/01/2024,09:24:10,329.75,329.55,40,330.5,80,0,39360
FINNIFTY02JAN2421750PE.NFO,02/01/2024,09:24:11,329.75,328.65,80,329.8,120,0,39360
FINNIFTY02JAN2421750PE.NFO,02/01/2024,09:24:12,329.75,328.3,80,329.35,80,0,39360
FINNIFTY02JAN2421750PE.NFO,02/01/2024,09:24:12,329.75,328.35,40,329.35,40,0,39360
FINNIFTY02JAN2421750PE.NFO,02/01/2024,09:24:13,329.75,328.3,40,329.3,40,0,39360
FINNIFTY02JAN2421750PE.NFO,02/01/2024,09:24:15,328.05,328,80,329,120,360,39360
FINNIFTY02JAN2421750PE.NFO,02/01/2024,09:24:16,328.05,329.75,40,330.9,120,0,39360
FINNIFTY02JAN2421750PE.NFO,02/01/2024,09:24:17,328.05,329.7,40,330.6,120,0,39360
FINNIFTY02JAN2421750PE.NFO,02/01/2024,09:24:18,330.7,329.8,120,330.9,120,80,39360
FINNIFTY02JAN2421750PE.NFO,02/01/2024,09:24:19,329.85,330,40,331.1,80,80,39360
FINNIFTY02JAN2421750PE.NFO,02/01/2024,09:24:20,329.85,330.8,80,332.1,80,0,39360
FINNIFTY02JAN2421750PE.NFO,02/01/2024,09:24:21,331.9,331.5,600,332.45,40,240,39360
FINNIFTY02JAN2421750PE.NFO,02/01/2024,09:24:21,331.9,331.5,600,332.45,40,0,39360
FINNIFTY02JAN2421750PE.NFO,02/01/2024,09:24:22,331.9,331.85,560,332.7,120,0,39360
FINNIFTY02JAN2421750PE.NFO,02/01/2024,09:24:23,331.9,332.55,560,333.45,640,0,39360
FINNIFTY02JAN2421750PE.NFO,02/01/2024,09:24:24,333.3,332.5,560,333.45,560,120,39360
FINNIFTY02JAN2421750PE.NFO,02/01/2024,09:24:24,333.3,332.5,560,333.45,560,0,39360
FINNIFTY02JAN2421750PE.NFO,02/01/2024,09:24:25,333.3,332.5,560,333.35,80,0,39360
FINNIFTY02JAN2421750PE.NFO,02/01/2024,09:24:26,333.15,332.25,560,333.15,280,640,39360
FINNIFTY02JAN2421750PE.NFO,02/01/2024,09:24:27,333.15,332.8,560,333.65,120,0,39360
FINNIFTY02JAN2421750PE.NFO,02/01/2024,09:24:27,333.15,332.85,40,333.65,40,0,39360
FINNIFTY02JAN2421750PE.NFO,02/01/2024,09:24:28,333.15,332.3,600,333.35,680,0,39360
FINNIFTY02JAN2421750PE.NFO,02/01/2024,09:24:29,333,332.25,600,333.1,560,40,39360
FINNIFTY02JAN2421750PE.NFO,02/01/2024,09:24:31,333,332.45,680,333.45,560,0,39360
FINNIFTY02JAN2421750PE.NFO,02/01/2024,09:24:32,333,332.35,560,333.15,40,0,39360
FINNIFTY02JAN2421750PE.NFO,02/01/2024,09:24:33,333,332.7,560,333,40,0,39360
FINNIFTY02JAN2421750PE.NFO,02/01/2024,09:24:34,332.5,332.75,560,333.65,560,520,39360
FINNIFTY02JAN2421750PE.NFO,02/01/2024,09:24:34,333.4,332.75,560,333.65,560,0,39360
FINNIFTY02JAN2421750PE.NFO,02/01/2024,09:24:35,333.2,332.9,560,333.7,40,40,39360
FINNIFTY02JAN2421750PE.NFO,02/01/2024,09:24:35,333.2,332.6,40,333.5,600,0,39360
FINNIFTY02JAN2421750PE.NFO,02/01/2024,09:24:36,332,331,560,331.95,40,200,39360
FINNIFTY02JAN2421750PE.NFO,02/01/2024,09:24:38,332,330.45,560,331.15,40,0,39360
FINNIFTY02JAN2421750PE.NFO,02/01/2024,09:24:39,331.4,330.6,480,331.4,40,280,39360
FINNIFTY02JAN2421750PE.NFO,02/01/2024,09:24:40,331.4,331.3,480,332.1,40,0,39360
FINNIFTY02JAN2421750PE.NFO,02/01/2024,09:24:40,331.4,331.05,480,332,600,0,39360
FINNIFTY02JAN2421750PE.NFO,02/01/2024,09:24:41,331.6,330.25,480,331.1,560,40,39360
FINNIFTY02JAN2421750PE.NFO,02/01/2024,09:24:43,331.6,330.1,480,330.9,40,0,39360
FINNIFTY02JAN2421750PE.NFO,02/01/2024,09:24:44,331.6,330.15,480,331.1,40,0,39360
FINNIFTY02JAN2421750PE.NFO,02/01/2024,09:24:45,331.6,330.45,40,331.35,560,0,39360
FINNIFTY02JAN2421750PE.NFO,02/01/2024,09:24:46,331.6,329.85,480,330.7,40,0,39360
FINNIFTY02JAN2421750PE.NFO,02/01/2024,09:24:46,331.6,329.9,480,330.75,40,0,39360
FINNIFTY02JAN2421750PE.NFO,02/01/2024,09:24:47,331.6,330.2,520,331.1,680,0,39360
FINNIFTY02JAN2421750PE.NFO,02/01/2024,09:24:49,331.6,329.1,480,330,40,0,39360
FINNIFTY02JAN2421750PE.NFO,02/01/2024,09:24:50,329.7,328.65,480,329.6,720,120,39360
FINNIFTY02JAN2421750PE.NFO,02/01/2024,09:24:51,329.7,328.7,480,329.6,120,0,39360
FINNIFTY02JAN2421750PE.NFO,02/01/2024,09:24:51,329.7,328.95,480,329.8,40,0,39360
FINNIFTY02JAN2421750PE.NFO,02/01/2024,09:24:52,329.7,330.25,560,331.1,40,0,39360
FINNIFTY02JAN2421750PE.NFO,02/01/2024,09:24:54,329.7,329.45,560,330.4,680,0,39360
FINNIFTY02JAN2421750PE.NFO,02/01/2024,09:24:55,331.4,331.2,80,332,40,40,39360
FINNIFTY02JAN2421750PE.NFO,02/01/2024,09:24:56,331.4,331.9,560,332.85,600,0,39360
FINNIFTY02JAN2421750PE.NFO,02/01/2024,09:24:56,331.4,332,40,332.85,600,0,39360
FINNIFTY02JAN2421750PE.NFO,02/01/2024,09:24:57,331.4,331.4,600,332.35,560,0,39360
FINNIFTY02JAN2421750PE.NFO,02/01/2024,09:24:59,331.4,332.25,560,333.1,40,0,39360
FINNIFTY02JAN2421750PE.NFO,02/01/2024,09:25:00,332.65,333.1,80,333.95,40,40,39360
FINNIFTY02JAN2421750PE.NFO,02/01/2024,09:25:01,332.65,332.85,560,333.9,80,0,39360
FINNIFTY02JAN2421750PE.NFO,02/01/2024,09:25:01,333.2,333,560,333.9,560,160,39360
FINNIFTY02JAN2421750PE.NFO,02/01/2024,09:25:02,333.35,331.75,560,332.7,560,200,39360
FINNIFTY02JAN2421750PE.NFO,02/01/2024,09:25:02,333.8,331.75,560,332.7,560,0,39360
FINNIFTY02JAN2421750PE.NFO,02/01/2024,09:25:03,331.2,331.7,560,332.55,680,240,39360
FINNIFTY02JAN2421750PE.NFO,02/01/2024,09:25:04,331.2,331.55,320,332.5,560,0,39360
FINNIFTY02JAN2421750PE.NFO,02/01/2024,09:25:05,333.05,331.6,160,332.8,40,280,39360
FINNIFTY02JAN2421750PE.NFO,02/01/2024,09:25:06,333.05,331.8,320,332.65,40,0,39360
FINNIFTY02JAN2421750PE.NFO,02/01/2024,09:25:07,333.05,330.4,320,331.3,560,0,39360
FINNIFTY02JAN2421750PE.NFO,02/01/2024,09:25:09,333.05,331.35,400,332.25,80,0,39360
FINNIFTY02JAN2421750PE.NFO,02/01/2024,09:25:10,333.05,331.6,360,332.5,560,0,39360
FINNIFTY02JAN2421750PE.NFO,02/01/2024,09:25:11,333.05,332.7,80,333.55,80,0,39360
FINNIFTY02JAN2421750PE.NFO,02/01/2024,09:25:12,333.05,332.2,600,333.2,600,1800,39360
FINNIFTY02JAN2421750PE.NFO,02/01/2024,09:25:13,333.05,332.25,80,333.15,640,0,39360
FINNIFTY02JAN2421750PE.NFO,02/01/2024,09:25:14,333.05,332.3,560,333.2,80,0,39360
FINNIFTY02JAN2421750PE.NFO,02/01/2024,09:25:15,333.05,332.45,80,333.35,560,0,39360
FINNIFTY02JAN2421750PE.NFO,02/01/2024,09:25:15,333.05,332.7,80,333.5,600,0,39360
FINNIFTY02JAN2421750PE.NFO,02/01/2024,09:25:16,333.05,332.75,80,333.6,560,0,39360
FINNIFTY02JAN2421750PE.NFO,02/01/2024,09:25:18,333.05,332.1,560,333,600,0,39360
FINNIFTY02JAN2421750PE.NFO,02/01/2024,09:25:19,333.05,331.7,560,332.7,600,0,39360
FINNIFTY02JAN2421750PE.NFO,02/01/2024,09:25:20,333.05,332,560,332.85,720,0,39360
FINNIFTY02JAN2421750PE.NFO,02/01/2024,09:25:21,333.05,330.8,560,331.7,560,0,39360
FINNIFTY02JAN2421750PE.NFO,02/01/2024,09:25:22,333.05,330.95,560,331.75,40,0,39360
FINNIFTY02JAN2421750PE.NFO,02/01/2024,09:25:23,333.05,331.2,560,332.05,40,0,39360
FINNIFTY02JAN2421750PE.NFO,02/01/2024,09:25:24,333.05,330.9,560,331.8,680,0,39360
FINNIFTY02JAN2421750PE.NFO,02/01/2024,09:25:25,333.05,331.1,600,332.05,640,0,39360
FINNIFTY02JAN2421750PE.NFO,02/01/2024,09:25:25,333.05,331.5,80,332.2,40,0,39360
FINNIFTY02JAN2421750PE.NFO,02/01/2024,09:25:26,333.05,330.4,600,331.3,560,0,39360
FINNIFTY02JAN2421750PE.NFO,02/01/2024,09:25:27,333.05,329.9,560,330.7,80,0,39360
FINNIFTY02JAN2421750PE.NFO,02/01/2024,09:25:28,333.05,330.35,560,331.2,560,0,39360
FINNIFTY02JAN2421750PE.NFO,02/01/2024,09:25:29,333.05,329.6,560,330.35,80,0,39360
FINNIFTY02JAN2421750PE.NFO,02/01/2024,09:25:30,333.05,329.3,560,330.1,40,0,39360
FINNIFTY02JAN2421750PE.NFO,02/01/2024,09:25:31,333.05,328.55,560,329.45,80,0,39360
FINNIFTY02JAN2421750PE.NFO,02/01/2024,09:25:33,328.5,327.85,640,328.7,40,200,39360
FINNIFTY02JAN2421750PE.NFO,02/01/2024,09:25:34,328.5,327.55,560,328.45,40,0,39360
FINNIFTY02JAN2421750PE.NFO,02/01/2024,09:25:35,327.15,327.05,560,327.95,560,240,39360
FINNIFTY02JAN2421750PE.NFO,02/01/2024,09:25:36,327.75,326.85,80,327.85,560,160,39360
FINNIFTY02JAN2421750PE.NFO,02/01/2024,09:25:37,327.85,328.05,80,328.7,40,200,39360
FINNIFTY02JAN2421750PE.NFO,02/01/2024,09:25:37,327.85,328.1,80,329,600,0,39360
FINNIFTY02JAN2421750PE.NFO,02/01/2024,09:25:38,328.3,327.75,80,328.65,680,200,39360
FINNIFTY02JAN2421750PE.NFO,02/01/2024,09:25:39,328.3,328.45,640,329.35,560,0,39360
FINNIFTY02JAN2421750PE.NFO,02/01/2024,09:25:40,328.3,328.8,560,329.65,560,0,39360
FINNIFTY02JAN2421750PE.NFO,02/01/2024,09:25:41,328.3,328,600,329,600,0,39360
FINNIFTY02JAN2421750PE.NFO,02/01/2024,09:25:42,328.3,327.4,120,328.3,560,0,39360
FINNIFTY02JAN2421750PE.NFO,02/01/2024,09:25:43,327.8,327.6,640,328.5,560,200,39360
FINNIFTY02JAN2421750PE.NFO,02/01/2024,09:25:44,327.8,328.25,80,329.05,40,0,39360
FINNIFTY02JAN2421750PE.NFO,02/01/2024,09:25:45,328.8,327.85,560,328.7,560,160,39360
FINNIFTY02JAN2421750PE.NFO,02/01/2024,09:25:46,328.8,328.45,80,329.3,120,0,39360
FINNIFTY02JAN2421750PE.NFO,02/01/2024,09:25:47,328.8,328.05,640,328.95,600,0,39360
FINNIFTY02JAN2421750PE.NFO,02/01/2024,09:25:48,328.1,328.8,80,329.5,40,160,39360
FINNIFTY02JAN2421750PE.NFO,02/01/2024,09:25:49,330.2,329.65,80,330.45,360,40,39360
FINNIFTY02JAN2421750PE.NFO,02/01/2024,09:25:50,330.2,329.2,80,330.1,560,40,39360
FINNIFTY02JAN2421750PE.NFO,02/01/2024,09:25:51,330.2,329.25,80,330.1,40,0,39360
FINNIFTY02JAN2421750PE.NFO,02/01/2024,09:25:52,330.2,328.95,80,329.8,560,0,39360
FINNIFTY02JAN2421750PE.NFO,02/01/2024,09:25:53,330.2,328.5,600,329.35,680,0,39360
FINNIFTY02JAN2421750PE.NFO,02/01/2024,09:25:54,330.2,326.65,560,327.7,560,0,39360
FINNIFTY02JAN2421750PE.NFO,02/01/2024,09:25:55,326.25,326.5,560,327.35,200,40,39360
FINNIFTY02JAN2421750PE.NFO,02/01/2024,09:25:56,326.25,326.1,560,326.9,40,0,39360
FINNIFTY02JAN2421750PE.NFO,02/01/2024,09:25:57,326.25,325.25,80,326.3,40,0,39360
FINNIFTY02JAN2421750PE.NFO,02/01/2024,09:25:58,326.25,325.75,80,326.8,40,0,39360
FINNIFTY02JAN2421750PE.NFO,02/01/2024,09:25:59,326.4,325.2,120,326.3,600,40,39360
FINNIFTY02JAN2421750PE.NFO,02/01/2024,09:26:00,326.4,324.7,80,325.65,40,0,39360
FINNIFTY02JAN2421750PE.NFO,02/01/2024,09:26:01,326.4,324.4,80,325.2,560,0,39360
FINNIFTY02JAN2421750PE.NFO,02/01/2024,09:26:02,326.4,324.9,80,325.7,560,0,39360
FINNIFTY02JAN2421750PE.NFO,02/01/2024,09:26:03,326.4,324.95,80,325.75,560,0,39360
FINNIFTY02JAN2421750PE.NFO,02/01/2024,09:26:04,326.4,325,120,325.9,600,0,39360
FINNIFTY02JAN2421750PE.NFO,02/01/2024,09:26:05,325.85,324.95,80,325.9,600,160,39360
FINNIFTY02JAN2421750PE.NFO,02/01/2024,09:26:06,325.85,324.55,560,325.45,120,0,39360
FINNIFTY02JAN2421750PE.NFO,02/01/2024,09:26:07,325.85,325,80,325.75,80,0,39360
FINNIFTY02JAN2421750PE.NFO,02/01/2024,09:26:08,325.85,324.7,560,325.6,600,0,39360
FINNIFTY02JAN2421750PE.NFO,02/01/2024,09:26:09,325.85,325.05,80,325.85,80,0,39360
FINNIFTY02JAN2421750PE.NFO,02/01/2024,09:26:10,325.85,324.85,560,325.7,40,0,39360
FINNIFTY02JAN2421750PE.NFO,02/01/2024,09:26:11,325.85,325.05,560,325.95,600,0,39360
FINNIFTY02JAN2421750PE.NFO,02/01/2024,09:26:12,325.85,324.8,600,325.7,40,0,39360
FINNIFTY02JAN2421750PE.NFO,02/01/2024,09:26:13,325.85,323.65,560,324.5,560,0,39360
FINNIFTY02JAN2421750PE.NFO,02/01/2024,09:26:14,325.85,321.25,80,322.4,120,0,39360
FINNIFTY02JAN2421750PE.NFO,02/01/2024,09:26:15,310.1,310.25,40,313.1,560,920,39360
FINNIFTY02JAN2421750PE.NFO,02/01/2024,09:26:15,308.75,310.25,40,313.1,560,0,39360
FINNIFTY02JAN2421750PE.NFO,02/01/2024,09:26:17,310.8,305.6,80,314.6,560,1080,39360
FINNIFTY02JAN2421750PE.NFO,02/01/2024,09:26:17,293.5,305.6,80,314.6,560,0,39360
FINNIFTY02JAN2421750PE.NFO,02/01/2024,09:26:18,309.7,306,80,313.7,120,200,39360
FINNIFTY02JAN2421750PE.NFO,02/01/2024,09:26:19,307.95,306,40,308.8,80,80,39360
FINNIFTY02JAN2421750PE.NFO,02/01/2024,09:26:20,307.95,306.6,400,308.55,80,0,39360
FINNIFTY02JAN2421750PE.NFO,02/01/2024,09:26:21,307.95,305.9,40,307.55,80,0,39360
FINNIFTY02JAN2421750PE.NFO,02/01/2024,09:26:22,307.95,306.45,40,308.05,80,0,39360
FINNIFTY02JAN2421750PE.NFO,02/01/2024,09:26:23,307.95,307.15,560,308.5,40,0,39360
FINNIFTY02JAN2421750PE.NFO,02/01/2024,09:26:24,307.95,308.05,560,309.4,80,0,39360
FINNIFTY02JAN2421750PE.NFO,02/01/2024,09:26:25,307.95,308,40,309.5,80,0,39360
FINNIFTY02JAN2421750PE.NFO,02/01/2024,09:26:26,307.95,309.95,560,310.8,80,0,39360
FINNIFTY02JAN2421750PE.NFO,02/01/2024,09:26:27,307.95,309.5,40,310.6,120,0,39360
FINNIFTY02JAN2421750PE.NFO,02/01/2024,09:26:28,307.95,309.05,40,310.8,80,0,39360
FINNIFTY02JAN2421750PE.NFO,02/01/2024,09:26:29,306.6,305.25,80,306.65,40,440,37840
FINNIFTY02JAN2421750PE.NFO,02/01/2024,09:26:30,306.6,302.25,120,303.45,80,0,37840
FINNIFTY02JAN2421750PE.NFO,02/01/2024,09:26:31,303.05,301.15,40,302.4,80,80,37840
FINNIFTY02JAN2421750PE.NFO,02/01/2024,09:26:32,303.05,301.2,120,302.55,80,0,37840
FINNIFTY02JAN2421750PE.NFO,02/01/2024,09:26:33,303.05,302.7,40,303.85,80,0,37840
FINNIFTY02JAN2421750PE.NFO,02/01/2024,09:26:34,302.9,301.55,720,302.7,560,40,37840
FINNIFTY02JAN2421750PE.NFO,02/01/2024,09:26:35,302.9,303.5,600,304.7,40,0,37840
FINNIFTY02JAN2421750PE.NFO,02/01/2024,09:26:36,302.9,302.75,560,303.6,560,0,37840
FINNIFTY02JAN2421750PE.NFO,02/01/2024,09:26:37,302.9,302.05,560,303.15,80,0,37840
FINNIFTY02JAN2421750PE.NFO,02/01/2024,09:26:38,300.55,295.75,80,297.55,80,200,37840
FINNIFTY02JAN2421750PE.NFO,02/01/2024,09:26:39,300.55,292.55,40,294.25,120,0,37840
FINNIFTY02JAN2421750PE.NFO,02/01/2024,09:26:40,295,289.55,80,291.25,120,200,37840
FINNIFTY02JAN2421750PE.NFO,02/01/2024,09:26:41,291.4,292.35,80,293.95,40,80,37840
FINNIFTY02JAN2421750PE.NFO,02/01/2024,09:26:41,291.4,292.35,80,293.95,40,0,37840
FINNIFTY02JAN2421750PE.NFO,02/01/2024,09:26:42,291.4,291.65,200,293.1,40,0,37840
FINNIFTY02JAN2421750PE.NFO,02/01/2024,09:26:43,291.4,291.3,80,292.65,120,0,37840
FINNIFTY02JAN2421750PE.NFO,02/01/2024,09:26:44,291.4,289.55,80,290.9,40,0,37840
FINNIFTY02JAN2421750PE.NFO,02/01/2024,09:26:45,291.4,285.35,80,286.5,560,0,37840
FINNIFTY02JAN2421750PE.NFO,02/01/2024,09:26:46,291.4,284.2,120,285.55,560,0,37840
FINNIFTY02JAN2421750PE.NFO,02/01/2024,09:26:47,281.75,281.5,80,283.1,160,80,37840
FINNIFTY02JAN2421750PE.NFO,02/01/2024,09:26:47,281.75,281.5,80,283.1,160,0,37840
FINNIFTY02JAN2421750PE.NFO,02/01/2024,09:26:48,281.75,283.9,80,284.95,80,0,37840
FINNIFTY02JAN2421750PE.NFO,02/01/2024,09:26:49,285.45,285.15,80,286.25,120,40,37840
FINNIFTY02JAN2421750PE.NFO,02/01/2024,09:26:50,286.6,286.5,200,287.5,160,80,37840
FINNIFTY02JAN2421750PE.NFO,02/01/2024,09:26:51,286.6,285,200,285.95,80,40,37840
FINNIFTY02JAN2421750PE.NFO,02/01/2024,09:26:52,286.6,285.55,80,286.75,560,0,37840
FINNIFTY02JAN2421750PE.NFO,02/01/2024,09:26:53,286.6,287.05,160,288.25,80,0,37840
FINNIFTY02JAN2421750PE.NFO,02/01/2024,09:26:54,288.8,288.05,40,289.05,80,120,37840
FINNIFTY02JAN2421750PE.NFO,02/01/2024,09:26:55,291.6,290.6,80,291.6,80,200,37840
FINNIFTY02JAN2421750PE.NFO,02/01/2024,09:26:56,291.6,290.95,120,291.9,80,0,37840
FINNIFTY02JAN2421750PE.NFO,02/01/2024,09:26:57,292.35,291.75,80,292.7,80,80,37840
FINNIFTY02JAN2421750PE.NFO,02/01/2024,09:26:58,292.35,293.05,40,294.15,120,0,37840
FINNIFTY02JAN2421750PE.NFO,02/01/2024,09:26:59,292.35,293.95,40,294.9,40,0,37840
FINNIFTY02JAN2421750PE.NFO,02/01/2024,09:27:00,292.35,293.1,80,293.95,80,0,37840
FINNIFTY02JAN2421750PE.NFO,02/01/2024,09:27:01,292.35,290.8,80,291.7,80,0,37840
FINNIFTY02JAN2421750PE.NFO,02/01/2024,09:27:02,292.35,289.25,80,290.3,80,0,37840
FINNIFTY02JAN2421750PE.NFO,02/01/2024,09:27:03,290.95,289,80,289.9,80,160,37840
FINNIFTY02JAN2421750PE.NFO,02/01/2024,09:27:04,290.95,288.5,40,289.5,80,0,37840
FINNIFTY02JAN2421750PE.NFO,02/01/2024,09:27:05,288.6,289.35,40,289.95,40,40,37840
FINNIFTY02JAN2421750PE.NFO,02/01/2024,09:27:06,288.6,290.65,80,291.5,560,0,37840
FINNIFTY02JAN2421750PE.NFO,02/01/2024,09:27:07,288.6,290.35,80,291.25,120,0,37840
FINNIFTY02JAN2421750PE.NFO,02/01/2024,09:27:08,290.55,287.5,80,288.45,80,40,37840
FINNIFTY02JAN2421750PE.NFO,02/01/2024,09:27:09,290.55,287.8,120,288.65,40,0,37840
FINNIFTY02JAN2421750PE.NFO,02/01/2024,09:27:10,288.4,289,80,289.7,40,80,37840
FINNIFTY02JAN2421750PE.NFO,02/01/2024,09:27:11,288.4,290.6,80,291.4,40,0,37840
FINNIFTY02JAN2421750PE.NFO,02/01/2024,09:27:12,291.2,291.4,40,292.35,120,40,37840
FINNIFTY02JAN2421750PE.NFO,02/01/2024,09:27:13,291,289.3,160,290.3,80,80,37840
FINNIFTY02JAN2421750PE.NFO,02/01/2024,09:27:14,291,289.35,80,290.1,40,0,37840
FINNIFTY02JAN2421750PE.NFO,02/01/2024,09:27:15,291,291.45,520,292.35,40,0,37840
FINNIFTY02JAN2421750PE.NFO,02/01/2024,09:27:16,291,292.25,80,293.2,80,0,37840
FINNIFTY02JAN2421750PE.NFO,02/01/2024,09:27:17,291.7,290.6,40,291.55,40,40,37840
FINNIFTY02JAN2421750PE.NFO,02/01/2024,09:27:18,291.7,291.65,40,292.45,40,0,37840
FINNIFTY02JAN2421750PE.NFO,02/01/2024,09:27:19,291.7,291.5,40,292.4,40,0,37840
FINNIFTY02JAN2421750PE.NFO,02/01/2024,09:27:20,291.7,292.05,40,292.75,40,0,37840
FINNIFTY02JAN2421750PE.NFO,02/01/2024,09:27:21,291.7,291.3,600,292.25,40,0,37840
FINNIFTY02JAN2421750PE.NFO,02/01/2024,09:27:22,291.7,290.85,40,291.85,600,0,37840
FINNIFTY02JAN2421750PE.NFO,02/01/2024,09:27:23,291.7,290.65,40,291.4,80,0,37840
FINNIFTY02JAN2421750PE.NFO,02/01/2024,09:27:24,291.7,290.5,40,291.3,560,0,37840
FINNIFTY02JAN2421750PE.NFO,02/01/2024,09:27:25,291.7,292,640,292.9,40,0,37840
FINNIFTY02JAN2421750PE.NFO,02/01/2024,09:27:26,291.7,293.65,520,294.5,40,0,37840
FINNIFTY02JAN2421750PE.NFO,02/01/2024,09:27:27,295.35,295.3,560,296.1,40,40,37840
FINNIFTY02JAN2421750PE.NFO,02/01/2024,09:27:28,295.35,295.3,40,295.7,40,0,37840
FINNIFTY02JAN2421750PE.NFO,02/01/2024,09:27:29,295.7,295.4,520,296.3,80,40,37840
FINNIFTY02JAN2421750PE.NFO,02/01/2024,09:27:30,295.7,295.2,40,296.05,560,0,37840
FINNIFTY02JAN2421750PE.NFO,02/01/2024,09:27:31,295.7,295.35,520,296.25,80,0,37840
FINNIFTY02JAN2421750PE.NFO,02/01/2024,09:27:32,298.05,298,40,298.9,80,80,37840
FINNIFTY02JAN2421750PE.NFO,02/01/2024,09:27:33,296.9,296.5,40,297.35,640,80,37840
FINNIFTY02JAN2421750PE.NFO,02/01/2024,09:27:34,296.9,297.05,40,297.9,640,0,37840
FINNIFTY02JAN2421750PE.NFO,02/01/2024,09:27:35,296.55,295.4,120,296.3,40,80,37840
FINNIFTY02JAN2421750PE.NFO,02/01/2024,09:27:36,296.55,293.95,40,294.8,40,0,37840
FINNIFTY02JAN2421750PE.NFO,02/01/2024,09:27:37,296.55,293.2,40,293.8,40,0,37840
FINNIFTY02JAN2421750PE.NFO,02/01/2024,09:27:38,293.75,293.2,600,294.05,40,40,37840
FINNIFTY02JAN2421750PE.NFO,02/01/2024,09:27:39,293.75,293.55,40,294.4,640,0,37840
FINNIFTY02JAN2421750PE.NFO,02/01/2024,09:27:40,293.75,294.15,560,295,80,0,37840
FINNIFTY02JAN2421750PE.NFO,02/01/2024,09:27:41,293.95,293.8,40,294.8,80,160,37840
FINNIFTY02JAN2421750PE.NFO,02/01/2024,09:27:42,293.95,293.75,80,294.6,80,0,37840
FINNIFTY02JAN2421750PE.NFO,02/01/2024,09:27:43,293.4,292.6,560,293.45,80,120,37840
FINNIFTY02JAN2421750PE.NFO,02/01/2024,09:27:44,293.4,292.55,160,293.45,80,0,37840
FINNIFTY02JAN2421750PE.NFO,02/01/2024,09:27:45,293.4,294.1,80,294.9,80,0,37840
FINNIFTY02JAN2421750PE.NFO,02/01/2024,09:27:46,293.4,294.2,40,295,120,0,37840
FINNIFTY02JAN2421750PE.NFO,02/01/2024,09:27:47,293.4,294.15,160,295.05,560,0,37840
FINNIFTY02JAN2421750PE.NFO,02/01/2024,09:27:48,293.4,294.6,120,295.45,80,0,37840
FINNIFTY02JAN2421750PE.NFO,02/01/2024,09:27:49,293.4,292.6,80,293.4,120,0,37840
FINNIFTY02JAN2421750PE.NFO,02/01/2024,09:27:50,293.4,292.1,640,293,600,0,37840
FINNIFTY02JAN2421750PE.NFO,02/01/2024,09:27:51,293.4,291.8,120,292.7,640,0,37840
FINNIFTY02JAN2421750PE.NFO,02/01/2024,09:27:52,288.3,287.65,80,289.2,160,160,37840
FINNIFTY02JAN2421750PE.NFO,02/01/2024,09:27:53,286.25,285.25,280,286.35,40,40,37840
FINNIFTY02JAN2421750PE.NFO,02/01/2024,09:27:54,286.25,286.7,80,287.6,40,0,37840
FINNIFTY02JAN2421750PE.NFO,02/01/2024,09:27:55,286.8,286.3,120,287.2,40,160,37840
FINNIFTY02JAN2421750PE.NFO,02/01/2024,09:27:56,286.8,285.5,40,286.75,80,0,37840
FINNIFTY02JAN2421750PE.NFO,02/01/2024,09:27:57,286.8,283.25,80,284.2,160,0,37840
FINNIFTY02JAN2421750PE.NFO,02/01/2024,09:27:58,284,277.8,80,280.25,40,1800,37840
FINNIFTY02JAN2421750PE.NFO,02/01/2024,09:27:58,274,277.8,80,280.25,40,0,37840
FINNIFTY02JAN2421750PE.NFO,02/01/2024,09:27:59,278.65,277.9,160,279.3,40,240,37840
FINNIFTY02JAN2421750PE.NFO,02/01/2024,09:28:00,278.65,279.25,80,280.2,40,0,37840
FINNIFTY02JAN2421750PE.NFO,02/01/2024,09:28:01,280.85,279.45,120,280.65,40,40,37840
FINNIFTY02JAN2421750PE.NFO,02/01/2024,09:28:02,280.85,281.05,80,282.3,40,0,37840
FINNIFTY02JAN2421750PE.NFO,02/01/2024,09:28:03,280.85,277.35,80,278.65,80,0,37840
FINNIFTY02JAN2421750PE.NFO,02/01/2024,09:28:04,280.85,276.9,120,278,40,0,37840
FINNIFTY02JAN2421750PE.NFO,02/01/2024,09:28:05,276.3,277.45,40,278.4,40,40,37840
FINNIFTY02JAN2421750PE.NFO,02/01/2024,09:28:06,276.3,279,120,280.1,40,0,37840
FINNIFTY02JAN2421750PE.NFO,02/01/2024,09:28:07,276.3,280.55,40,281.35,40,0,37840
FINNIFTY02JAN2421750PE.NFO,02/01/2024,09:28:08,276.3,280.5,80,281.35,560,0,37840
FINNIFTY02JAN2421750PE.NFO,02/01/2024,09:28:09,276.3,279.95,40,280.95,560,0,37840
FINNIFTY02JAN2421750PE.NFO,02/01/2024,09:28:10,276.3,281.7,80,282.5,40,0,37840
FINNIFTY02JAN2421750PE.NFO,02/01/2024,09:28:11,276.3,281.3,80,282.05,560,0,37840
FINNIFTY02JAN2421750PE.NFO,02/01/2024,09:28:12,276.3,281.65,80,282.5,560,0,37840
FINNIFTY02JAN2421750PE.NFO,02/01/2024,09:28:13,276.3,281.55,240,282.5,560,0,37840
FINNIFTY02JAN2421750PE.NFO,02/01/2024,09:28:14,276.3,282.6,80,283.4,560,0,37840
FINNIFTY02JAN2421750PE.NFO,02/01/2024,09:28:15,276.3,283.2,40,283.95,560,0,37840
FINNIFTY02JAN2421750PE.NFO,02/01/2024,09:28:16,276.3,282.85,80,283.75,120,0,37840
FINNIFTY02JAN2421750PE.NFO,02/01/2024,09:28:17,276.3,283.05,80,284.05,40,0,37840
FINNIFTY02JAN2421750PE.NFO,02/01/2024,09:28:18,276.3,283.45,240,284.35,40,0,37840
FINNIFTY02JAN2421750PE.NFO,02/01/2024,09:28:19,276.3,282.85,80,283.75,40,0,37840
FINNIFTY02JAN2421750PE.NFO,02/01/2024,09:28:20,276.3,284.05,200,284.9,560,0,37840
FINNIFTY02JAN2421750PE.NFO,02/01/2024,09:28:21,283.3,282.3,40,283.25,560,40,37840
FINNIFTY02JAN2421750PE.NFO,02/01/2024,09:28:22,283.3,282.55,80,283.55,120,0,37840
FINNIFTY02JAN2421750PE.NFO,02/01/2024,09:28:23,283.3,281.8,80,282.5,560,0,37840
FINNIFTY02JAN2421750PE.NFO,02/01/2024,09:28:24,283.3,280.95,40,281.8,560,0,37840
FINNIFTY02JAN2421750PE.NFO,02/01/2024,09:28:25,283.3,278.8,80,279.75,560,0,37840
FINNIFTY02JAN2421750PE.NFO,02/01/2024,09:28:26,283.3,280.15,80,280.85,40,0,37840
FINNIFTY02JAN2421750PE.NFO,02/01/2024,09:28:27,280.1,280.8,240,281.65,40,40,37840
FINNIFTY02JAN2421750PE.NFO,02/01/2024,09:28:28,280.1,281.3,80,282.15,600,0,37840
FINNIFTY02JAN2421750PE.NFO,02/01/2024,09:28:29,280.1,280.9,80,281.8,40,0,37840
FINNIFTY02JAN2421750PE.NFO,02/01/2024,09:28:30,280.1,279.9,80,280.75,600,0,37840
FINNIFTY02JAN2421750PE.NFO,02/01/2024,09:28:31,280.1,281.7,40,282.55,40,0,37840
FINNIFTY02JAN2421750PE.NFO,02/01/2024,09:28:32,280.1,282.15,80,282.8,40,0,37840
FINNIFTY02JAN2421750PE.NFO,02/01/2024,09:28:33,280.1,283.9,360,284.75,120,0,37840
FINNIFTY02JAN2421750PE.NFO,02/01/2024,09:28:34,280.1,284.5,80,285.35,40,0,37840
FINNIFTY02JAN2421750PE.NFO,02/01/2024,09:28:35,280.1,285.05,40,285.85,560,0,37840
FINNIFTY02JAN2421750PE.NFO,02/01/2024,09:28:36,280.1,284.45,120,285.3,40,0,37840
FINNIFTY02JAN2421750PE.NFO,02/01/2024,09:28:37,286.8,284.8,80,286,80,120,37840
FINNIFTY02JAN2421750PE.NFO,02/01/2024,09:28:38,286.8,286.45,80,287.2,560,0,37840
FINNIFTY02JAN2421750PE.NFO,02/01/2024,09:28:39,286.8,286.35,40,287.2,120,0,37840
FINNIFTY02JAN2421750PE.NFO,02/01/2024,09:28:40,286.35,285.5,80,286.15,40,40,37840
FINNIFTY02JAN2421750PE.NFO,02/01/2024,09:28:41,286.35,285.15,120,286.3,40,0,37840
FINNIFTY02JAN2421750PE.NFO,02/01/2024,09:28:42,286.35,285.45,120,286.35,560,0,37840
FINNIFTY02JAN2421750PE.NFO,02/01/2024,09:28:43,286.35,285.7,80,286.6,80,0,37840
FINNIFTY02JAN2421750PE.NFO,02/01/2024,09:28:44,286.35,285.95,80,287,120,0,37840
FINNIFTY02JAN2421750PE.NFO,02/01/2024,09:28:45,286.35,285.2,80,286,600,0,37840
FINNIFTY02JAN2421750PE.NFO,02/01/2024,09:28:46,286.35,284.85,200,285.75,600,0,37840
FINNIFTY02JAN2421750PE.NFO,02/01/2024,09:28:47,284.5,283.9,80,284.65,600,40,37840
FINNIFTY02JAN2421750PE.NFO,02/01/2024,09:28:48,284.5,284.25,80,285.1,160,0,37840
FINNIFTY02JAN2421750PE.NFO,02/01/2024,09:28:49,284.5,285.4,120,286.1,40,0,37840
FINNIFTY02JAN2421750PE.NFO,02/01/2024,09:28:50,284.5,284.95,80,285.75,560,0,37840
FINNIFTY02JAN2421750PE.NFO,02/01/2024,09:28:51,284.5,284.65,40,285.4,40,0,37840
FINNIFTY02JAN2421750PE.NFO,02/01/2024,09:28:52,284.5,284.85,80,285.6,640,0,37840
FINNIFTY02JAN2421750PE.NFO,02/01/2024,09:28:53,284.5,285.2,120,286.05,640,0,37840
FINNIFTY02JAN2421750PE.NFO,02/01/2024,09:28:54,284.5,285,120,285.75,40,0,37840
FINNIFTY02JAN2421750PE.NFO,02/01/2024,09:28:55,284.5,286.35,40,287.15,80,0,37840
FINNIFTY02JAN2421750PE.NFO,02/01/2024,09:28:56,287.45,287,40,287.75,40,40,37840
FINNIFTY02JAN2421750PE.NFO,02/01/2024,09:28:57,287.45,287.2,40,288,640,0,37840
FINNIFTY02JAN2421750PE.NFO,02/01/2024,09:28:58,287.45,286.95,120,287.8,40,0,37840
FINNIFTY02JAN2421750PE.NFO,02/01/2024,09:28:59,287.45,287.8,80,288.65,600,0,37840
FINNIFTY02JAN2421750PE.NFO,02/01/2024,09:29:00,287.45,288.9,80,290.1,40,0,37840
FINNIFTY02JAN2421750PE.NFO,02/01/2024,09:29:01,287.45,287.3,80,288.05,560,0,37840
FINNIFTY02JAN2421750PE.NFO,02/01/2024,09:29:02,287.45,288.85,80,289.75,640,0,37840
FINNIFTY02JAN2421750PE.NFO,02/01/2024,09:29:03,287.45,289.7,80,290.55,40,0,37840
FINNIFTY02JAN2421750PE.NFO,02/01/2024,09:29:04,291.4,289,40,290.05,560,1800,37840
FINNIFTY02JAN2421750PE.NFO,02/01/2024,09:29:05,291.4,289.65,80,290.7,80,0,37840
FINNIFTY02JAN2421750PE.NFO,02/01/2024,09:29:06,291.2,290.2,120,291.15,600,1800,37840
FINNIFTY02JAN2421750PE.NFO,02/01/2024,09:29:07,291.2,289.9,80,290.75,600,0,37840
FINNIFTY02JAN2421750PE.NFO,02/01/2024,09:29:08,291.2,290.1,40,290.95,600,0,37840
FINNIFTY02JAN2421750PE.NFO,02/01/2024,09:29:09,291.2,290.4,40,291.15,560,0,37840
FINNIFTY02JAN2421750PE.NFO,02/01/2024,09:29:10,291.2,288.85,80,289.75,40,0,37840
FINNIFTY02JAN2421750PE.NFO,02/01/2024,09:29:11,291.2,288.85,80,289.5,560,0,37840
FINNIFTY02JAN2421750PE.NFO,02/01/2024,09:29:12,289.2,286.9,200,287.75,560,80,37840
FINNIFTY02JAN2421750PE.NFO,02/01/2024,09:29:13,289.2,287.55,80,288.4,80,0,37840
FINNIFTY02JAN2421750PE.NFO,02/01/2024,09:29:14,289.2,287.8,80,288.45,560,0,37840
FINNIFTY02JAN2421750PE.NFO,02/01/2024,09:29:15,289.2,288.45,40,289.3,560,0,37840
FINNIFTY02JAN2421750PE.NFO,02/01/2024,09:29:16,289.2,289.3,80,290.05,560,0,37840
FINNIFTY02JAN2421750PE.NFO,02/01/2024,09:29:17,289.2,288.8,120,289.7,560,0,37840
FINNIFTY02JAN2421750PE.NFO,02/01/2024,09:29:18,289.2,289.85,80,290.6,80,0,37840
FINNIFTY02JAN2421750PE.NFO,02/01/2024,09:29:19,289.2,289.9,40,290.75,520,0,37840
FINNIFTY02JAN2421750PE.NFO,02/01/2024,09:29:20,289.2,290.7,40,291.45,80,0,37840
FINNIFTY02JAN2421750PE.NFO,02/01/2024,09:29:21,289.2,290.6,160,291.45,80,0,37840
FINNIFTY02JAN2421750PE.NFO,02/01/2024,09:29:22,289.2,290.9,120,291.7,80,0,37840
FINNIFTY02JAN2421750PE.NFO,02/01/2024,09:29:23,290.45,290.95,120,291.7,80,40,37840
FINNIFTY02JAN2421750PE.NFO,02/01/2024,09:29:24,290.45,290.65,40,291.4,560,0,37840
FINNIFTY02JAN2421750PE.NFO,02/01/2024,09:29:25,290.45,289.75,120,290.55,680,0,37840
FINNIFTY02JAN2421750PE.NFO,02/01/2024,09:29:26,290.45,291.65,120,292.45,80,0,37840
FINNIFTY02JAN2421750PE.NFO,02/01/2024,09:29:27,290.45,292.05,120,292.7,80,0,37840
FINNIFTY02JAN2421750PE.NFO,02/01/2024,09:29:28,290.45,292.15,120,292.9,120,0,37840
FINNIFTY02JAN2421750PE.NFO,02/01/2024,09:29:29,290.45,291.85,120,292.65,120,0,37840
FINNIFTY02JAN2421750PE.NFO,02/01/2024,09:29:30,290.45,290.7,680,291.7,560,0,37840
FINNIFTY02JAN2421750PE.NFO,02/01/2024,09:29:31,290.45,290.7,120,291.45,80,0,37840
FINNIFTY02JAN2421750PE.NFO,02/01/2024,09:29:32,290.45,290.55,120,291.3,80,0,37840
FINNIFTY02JAN2421750PE.NFO,02/01/2024,09:29:33,290.45,291.05,600,291.85,80,0,37840
FINNIFTY02JAN2421750PE.NFO,02/01/2024,09:29:34,290.45,291.05,680,291.95,560,0,37840
FINNIFTY02JAN2421750PE.NFO,02/01/2024,09:29:35,290.45,289.5,200,290.45,80,0,37840
FINNIFTY02JAN2421750PE.NFO,02/01/2024,09:29:36,290.45,288.7,120,289.55,80,0,37840
FINNIFTY02JAN2421750PE.NFO,02/01/2024,09:29:37,290.45,289.1,120,289.85,80,0,37840
FINNIFTY02JAN2421750PE.NFO,02/01/2024,09:29:38,290.45,289.25,120,290.1,80,0,37840
FINNIFTY02JAN2421750PE.NFO,02/01/2024,09:29:39,290.45,288.05,120,288.65,80,0,37840
FINNIFTY02JAN2421750PE.NFO,02/01/2024,09:29:40,290.45,287.95,40,288.75,600,0,37840
FINNIFTY02JAN2421750PE.NFO,02/01/2024,09:29:41,290.45,287.9,560,288.75,160,0,37840
FINNIFTY02JAN2421750PE.NFO,02/01/2024,09:29:42,290.45,287.9,720,288.8,560,0,37840
FINNIFTY02JAN2421750PE.NFO,02/01/2024,09:29:43,290.05,289.35,40,290.15,40,80,37080
FINNIFTY02JAN2421750PE.NFO,02/01/2024,09:29:44,290.05,289.35,680,290.2,80,0,37080
FINNIFTY02JAN2421750PE.NFO,02/01/2024,09:29:45,290.05,289.55,40,290.35,560,0,37080
FINNIFTY02JAN2421750PE.NFO,02/01/2024,09:29:46,290.05,290.05,120,290.85,600,0,37080
FINNIFTY02JAN2421750PE.NFO,02/01/2024,09:29:47,290.05,290.5,120,291.3,560,0,37080
FINNIFTY02JAN2421750PE.NFO,02/01/2024,09:29:48,290.05,290.2,720,291.1,40,0,37080
FINNIFTY02JAN2421750PE.NFO,02/01/2024,09:29:49,290.05,289.15,40,290,80,0,37080
FINNIFTY02JAN2421750PE.NFO,02/01/2024,09:29:50,290.05,289.4,720,290.3,40,0,37080
FINNIFTY02JAN2421750PE.NFO,02/01/2024,09:29:51,290.05,289.65,600,290.55,40,0,37080
FINNIFTY02JAN2421750PE.NFO,02/01/2024,09:29:52,290.05,289,80,289.7,40,0,37080
FINNIFTY02JAN2421750PE.NFO,02/01/2024,09:29:53,290.05,288.65,120,289.4,40,0,37080
FINNIFTY02JAN2421750PE.NFO,02/01/2024,09:29:54,290.05,288.9,80,289.75,40,0,37080
FINNIFTY02JAN2421750PE.NFO,02/01/2024,09:29:55,290.05,288.95,560,289.85,40,0,37080
FINNIFTY02JAN2421750PE.NFO,02/01/2024,09:29:56,290.05,289.6,120,290.35,120,0,37080
FINNIFTY02JAN2421750PE.NFO,02/01/2024,09:29:57,290.05,290,160,290.85,480,0,37080
FINNIFTY02JAN2421750PE.NFO,02/01/2024,09:29:58,290.05,290.05,680,290.9,40,0,37080
FINNIFTY02JAN2421750PE.NFO,02/01/2024,09:29:59,290.05,289.05,120,289.75,40,0,37080
FINNIFTY02JAN2421750PE.NFO,02/01/2024,09:30:00,290.05,289.05,120,289.9,40,0,37080
FINNIFTY02JAN2421750PE.NFO,02/01/2024,09:30:01,288.55,287.35,40,288.25,560,80,37080
FINNIFTY02JAN2421750PE.NFO,02/01/2024,09:30:02,287.6,288.35,120,289.15,40,40,37080
FINNIFTY02JAN2421750PE.NFO,02/01/2024,09:30:03,287.6,290.75,680,291.75,680,0,37080
FINNIFTY02JAN2421750PE.NFO,02/01/2024,09:30:04,287.6,291.5,120,292.2,40,0,37080
FINNIFTY02JAN2421750PE.NFO,02/01/2024,09:30:05,287.6,292,640,292.85,560,0,37080
FINNIFTY02JAN2421750PE.NFO,02/01/2024,09:30:06,287.6,292.3,160,293.1,40,0,37080
FINNIFTY02JAN2421750PE.NFO,02/01/2024,09:30:07,287.6,292.9,680,293.75,40,0,37080
FINNIFTY02JAN2421750PE.NFO,02/01/2024,09:30:08,287.6,292.3,120,293.1,40,0,37080
FINNIFTY02JAN2421750PE.NFO,02/01/2024,09:30:09,287.6,291.75,120,292.55,560,0,37080
FINNIFTY02JAN2421750PE.NFO,02/01/2024,09:30:10,287.6,291.5,120,292.1,40,0,37080
FINNIFTY02JAN2421750PE.NFO,02/01/2024,09:30:11,287.6,291.55,40,292.3,560,0,37080
FINNIFTY02JAN2421750PE.NFO,02/01/2024,09:30:12,291.35,290.55,40,291.3,560,80,37080
FINNIFTY02JAN2421750PE.NFO,02/01/2024,09:30:13,291.35,289.7,40,290.55,560,0,37080
FINNIFTY02JAN2421750PE.NFO,02/01/2024,09:30:14,288.8,287.4,40,288.2,560,40,37080
FINNIFTY02JAN2421750PE.NFO,02/01/2024,09:30:15,288.8,287.45,120,288.2,560,0,37080
FINNIFTY02JAN2421750PE.NFO,02/01/2024,09:30:16,288.8,287.95,200,288.9,40,0,37080
FINNIFTY02JAN2421750PE.NFO,02/01/2024,09:30:17,288.8,287.85,40,288.7,600,0,37080
FINNIFTY02JAN2421750PE.NFO,02/01/2024,09:30:18,288.8,286.05,600,287,560,0,37080
FINNIFTY02JAN2421750PE.NFO,02/01/2024,09:30:19,285,284.1,120,285.05,40,1800,37080
FINNIFTY02JAN2421750PE.NFO,02/01/2024,09:30:20,285,285.35,120,286.3,120,3600,37080
FINNIFTY02JAN2421750PE.NFO,02/01/2024,09:30:21,285,286.1,120,286.85,560,0,37080
FINNIFTY02JAN2421750PE.NFO,02/01/2024,09:30:22,285,286.35,40,287.4,600,0,37080
FINNIFTY02JAN2421750PE.NFO,02/01/2024,09:30:23,285,286.65,80,287.5,560,0,37080
FINNIFTY02JAN2421750PE.NFO,02/01/2024,09:30:24,285,287.25,120,288.05,560,0,37080
FINNIFTY02JAN2421750PE.NFO,02/01/2024,09:30:25,287.6,287.6,80,288.45,40,40,37080
FINNIFTY02JAN2421750PE.NFO,02/01/2024,09:30:26,287.6,287.85,120,288.7,640,0,37080
FINNIFTY02JAN2421750PE.NFO,02/01/2024,09:30:27,287.6,288.85,160,289.5,80,0,37080
FINNIFTY02JAN2421750PE.NFO,02/01/2024,09:30:28,289.5,288.9,160,289.6,40,120,37080
FINNIFTY02JAN2421750PE.NFO,02/01/2024,09:30:29,289.5,289.95,560,290.85,560,0,37080
FINNIFTY02JAN2421750PE.NFO,02/01/2024,09:30:30,289.5,290.4,80,291.5,40,0,37080
FINNIFTY02JAN2421750PE.NFO,02/01/2024,09:30:31,289.5,290.75,160,291.6,80,0,37080
FINNIFTY02JAN2421750PE.NFO,02/01/2024,09:30:32,289.5,290.75,160,291.55,80,0,37080
FINNIFTY02JAN2421750PE.NFO,02/01/2024,09:30:33,289.5,289.9,160,290.7,640,0,37080
FINNIFTY02JAN2421750PE.NFO,02/01/2024,09:30:34,289.5,289.45,160,290.25,560,0,37080
FINNIFTY02JAN2421750PE.NFO,02/01/2024,09:30:35,289.5,289.8,40,290.4,80,0,37080
FINNIFTY02JAN2421750PE.NFO,02/01/2024,09:30:36,289.5,289.6,40,290.35,40,0,37080
FINNIFTY02JAN2421750PE.NFO,02/01/2024,09:30:37,289.5,289.25,640,290.25,600,0,37080
FINNIFTY02JAN2421750PE.NFO,02/01/2024,09:30:38,289.5,290.25,160,290.95,40,0,37080
FINNIFTY02JAN2421750PE.NFO,02/01/2024,09:30:39,289.5,289.8,80,290.6,80,0,37080
FINNIFTY02JAN2421750PE.NFO,02/01/2024,09:30:40,289.5,287.35,160,288.2,80,0,37080
FINNIFTY02JAN2421750PE.NFO,02/01/2024,09:30:41,289.5,286.95,200,287.95,80,0,37080
FINNIFTY02JAN2421750PE.NFO,02/01/2024,09:30:42,289.5,288.1,560,288.9,80,0,37080
FINNIFTY02JAN2421750PE.NFO,02/01/2024,09:30:43,289.5,289.15,40,289.85,40,0,37080
FINNIFTY02JAN2421750PE.NFO,02/01/2024,09:30:44,289.5,288.75,40,289.55,640,0,37080
FINNIFTY02JAN2421750PE.NFO,02/01/2024,09:30:45,289.5,288.4,200,289.1,40,0,37080
FINNIFTY02JAN2421750PE.NFO,02/01/2024,09:30:46,289.5,288.75,200,289.5,40,0,37080
FINNIFTY02JAN2421750PE.NFO,02/01/2024,09:30:47,289.5,288.6,40,289.35,40,0,37080
FINNIFTY02JAN2421750PE.NFO,02/01/2024,09:30:48,289.5,288.35,40,289.2,80,0,37080
FINNIFTY02JAN2421750PE.NFO,02/01/2024,09:30:49,289.5,288.8,40,289.6,40,0,37080
FINNIFTY02JAN2421750PE.NFO,02/01/2024,09:30:50,289.5,288.95,40,289.75,560,0,37080
FINNIFTY02JAN2421750PE.NFO,02/01/2024,09:30:52,289.5,289.25,40,289.95,560,0,37080
FINNIFTY02JAN2421750PE.NFO,02/01/2024,09:30:52,289.5,289.05,120,289.75,560,0,37080
FINNIFTY02JAN2421750PE.NFO,02/01/2024,09:30:53,289.5,288.85,40,289.5,560,0,37080
FINNIFTY02JAN2421750PE.NFO,02/01/2024,09:30:54,289.5,289.55,120,290.35,80,0,37080
FINNIFTY02JAN2421750PE.NFO,02/01/2024,09:30:55,289.5,289.7,120,290.2,40,0,37080
FINNIFTY02JAN2421750PE.NFO,02/01/2024,09:30:57,289.5,290.15,40,290.8,640,0,37080
FINNIFTY02JAN2421750PE.NFO,02/01/2024,09:30:57,289.5,290.45,120,291.25,640,0,37080
FINNIFTY02JAN2421750PE.NFO,02/01/2024,09:30:58,289.5,290.35,120,291,640,0,37080
FINNIFTY02JAN2421750PE.NFO,02/01/2024,09:30:59,289.5,290.8,160,291.5,600,0,37080
FINNIFTY02JAN2421750PE.NFO,02/01/2024,09:31:00,289.5,291.45,120,292.3,560,0,37080
FINNIFTY02JAN2421750PE.NFO,02/01/2024,09:31:02,289.5,291.55,40,292.15,560,0,37080
FINNIFTY02JAN2421750PE.NFO,02/01/2024,09:31:02,289.5,291.85,40,292.6,560,0,37080
FINNIFTY02JAN2421750PE.NFO,02/01/2024,09:31:03,289.5,292,40,292.8,600,0,37080
FINNIFTY02JAN2421750PE.NFO,02/01/2024,09:31:04,289.5,292.7,120,293.4,600,0,37080
FINNIFTY02JAN2421750PE.NFO,02/01/2024,09:31:05,289.5,292.9,40,293.65,560,0,37080
FINNIFTY02JAN2421750PE.NFO,02/01/2024,09:31:06,289.5,293.1,80,293.8,40,0,37080
FINNIFTY02JAN2421750PE.NFO,02/01/2024,09:31:08,289.5,292.6,120,293.3,560,0,37080
FINNIFTY02JAN2421750PE.NFO,02/01/2024,09:31:09,289.5,292.25,40,293.05,560,0,37080
FINNIFTY02JAN2421750PE.NFO,02/01/2024,09:31:09,289.5,292.3,120,293.05,560,0,37080
FINNIFTY02JAN2421750PE.NFO,02/01/2024,09:31:10,289.5,292.15,120,292.9,560,0,37080
FINNIFTY02JAN2421750PE.NFO,02/01/2024,09:31:11,289.5,291.4,120,292.2,40,0,37080
FINNIFTY02JAN2421750PE.NFO,02/01/2024,09:31:12,293,293.2,40,294,200,40,37080
FINNIFTY02JAN2421750PE.NFO,02/01/2024,09:31:14,293,294.35,40,295.15,560,0,37080
FINNIFTY02JAN2421750PE.NFO,02/01/2024,09:31:14,293,295.5,40,296.25,40,0,37080
FINNIFTY02JAN2421750PE.NFO,02/01/2024,09:31:15,293,296.05,560,296.95,560,0,37080
FINNIFTY02JAN2421750PE.NFO,02/01/2024,09:31:16,293,296.35,40,297.15,200,0,37080
FINNIFTY02JAN2421750PE.NFO,02/01/2024,09:31:17,293,294.9,120,295.65,560,0,37080
FINNIFTY02JAN2421750PE.NFO,02/01/2024,09:31:18,293,294.95,120,295.8,600,0,37080
FINNIFTY02JAN2421750PE.NFO,02/01/2024,09:31:20,293,294,80,294.8,560,0,37080
FINNIFTY02JAN2421750PE.NFO,02/01/2024,09:31:20,293,294.35,40,295.05,600,0,37080
FINNIFTY02JAN2421750PE.NFO,02/01/2024,09:31:21,295,295.3,120,296.05,560,40,37080
FINNIFTY02JAN2421750PE.NFO,02/01/2024,09:31:22,295,294.3,120,295,560,0,37080
FINNIFTY02JAN2421750PE.NFO,02/01/2024,09:31:23,295,293.35,120,294.05,40,0,37080
FINNIFTY02JAN2421750PE.NFO,02/01/2024,09:31:25,295,293.95,40,294.65,40,0,37080
FINNIFTY02JAN2421750PE.NFO,02/01/2024,09:31:25,295,294.25,40,295,560,0,37080
FINNIFTY02JAN2421750PE.NFO,02/01/2024,09:31:26,291.55,291,120,291.9,40,40,37080
FINNIFTY02JAN2421750PE.NFO,02/01/2024,09:31:27,291.55,291.2,120,292,560,0,37080
FINNIFTY02JAN2421750PE.NFO,02/01/2024,09:31:28,291.55,291.6,40,292.5,40,0,37080
FINNIFTY02JAN2421750PE.NFO,02/01/2024,09:31:29,291.55,292.05,600,292.85,40,0,37080
FINNIFTY02JAN2421750PE.NFO,02/01/2024,09:31:31,291.55,292.05,40,292.8,40,0,37080
FINNIFTY02JAN2421750PE.NFO,02/01/2024,09:31:32,292.9,292.6,880,293.45,560,40,37080
FINNIFTY02JAN2421750PE.NFO,02/01/2024,09:31:32,292.9,293.15,40,293.95,560,0,37080
FINNIFTY02JAN2421750PE.NFO,02/01/2024,09:31:33,292.9,292.7,120,293.5,560,0,37080
FINNIFTY02JAN2421750PE.NFO,02/01/2024,09:31:34,292.9,294.2,40,295.2,80,0,37080
FINNIFTY02JAN2421750PE.NFO,02/01/2024,09:31:35,292.9,294.95,120,295.7,560,0,37080
FINNIFTY02JAN2421750PE.NFO,02/01/2024,09:31:36,292.9,294.65,40,295.35,560,0,37080
FINNIFTY02JAN2421750PE.NFO,02/01/2024,09:31:37,292.9,294.9,120,295.7,560,0,37080
FINNIFTY02JAN2421750PE.NFO,02/01/2024,09:31:38,292.9,295.05,160,295.85,560,0,37080
FINNIFTY02JAN2421750PE.NFO,02/01/2024,09:31:39,292.9,294.8,40,295.55,560,0,37080
FINNIFTY02JAN2421750PE.NFO,02/01/2024,09:31:40,296.05,295.35,120,296.05,560,1200,37080
FINNIFTY02JAN2421750PE.NFO,02/01/2024,09:31:41,296.05,295.85,120,296.65,560,0,37080
FINNIFTY02JAN2421750PE.NFO,02/01/2024,09:31:43,296.05,295.95,120,296.7,560,0,37080
FINNIFTY02JAN2421750PE.NFO,02/01/2024,09:31:44,296.05,295.8,120,296.5,560,0,37080
FINNIFTY02JAN2421750PE.NFO,02/01/2024,09:31:44,296.05,295.35,160,296.1,560,0,37080
FINNIFTY02JAN2421750PE.NFO,02/01/2024,09:31:45,296.05,295.45,120,296.1,560,0,37080
FINNIFTY02JAN2421750PE.NFO,02/01/2024,09:31:46,296,294.7,40,295.75,240,1800,37080
FINNIFTY02JAN2421750PE.NFO,02/01/2024,09:31:47,296,294.8,160,295.55,560,0,37080
FINNIFTY02JAN2421750PE.NFO,02/01/2024,09:31:48,296,294.3,760,295.05,80,0,37080
FINNIFTY02JAN2421750PE.NFO,02/01/2024,09:31:50,295.25,294.1,560,294.9,40,1800,37080
FINNIFTY02JAN2421750PE.NFO,02/01/2024,09:31:50,295.25,294.15,160,294.95,680,0,37080
FINNIFTY02JAN2421750PE.NFO,02/01/2024,09:31:51,295.25,294.8,240,295.6,560,0,37080
FINNIFTY02JAN2421750PE.NFO,02/01/2024,09:31:52,295.25,295.45,160,296.2,600,0,37080
FINNIFTY02JAN2421750PE.NFO,02/01/2024,09:31:53,295.25,295.95,240,296.8,560,0,37080
FINNIFTY02JAN2421750PE.NFO,02/01/2024,09:31:54,295.25,297.05,440,297.85,560,0,37080
FINNIFTY02JAN2421750PE.NFO,02/01/2024,09:31:56,295.25,297.5,360,298.25,560,0,37080
FINNIFTY02JAN2421750PE.NFO,02/01/2024,09:31:56,295.25,297.55,280,298.4,560,0,37080
FINNIFTY02JAN2421750PE.NFO,02/01/2024,09:31:57,295.25,297.25,160,297.95,560,0,37080
FINNIFTY02JAN2421750PE.NFO,02/01/2024,09:31:58,295.25,296.15,720,296.95,560,0,37080
FINNIFTY02JAN2421750PE.NFO,02/01/2024,09:31:59,295.25,295.9,160,296.65,560,0,37080
FINNIFTY02JAN2421750PE.NFO,02/01/2024,09:32:01,295.25,296.6,160,297.35,560,0,37080
FINNIFTY02JAN2421750PE.NFO,02/01/2024,09:32:01,295.25,296.9,40,297.7,560,0,37080
FINNIFTY02JAN2421750PE.NFO,02/01/2024,09:32:02,295.25,296.9,160,297.65,560,0,37080
FINNIFTY02JAN2421750PE.NFO,02/01/2024,09:32:03,297.3,297.4,600,298.35,80,40,37080
FINNIFTY02JAN2421750PE.NFO,02/01/2024,09:32:04,299,298.6,160,299.45,40,40,37080
FINNIFTY02JAN2421750PE.NFO,02/01/2024,09:32:05,299,298.2,160,298.8,560,0,37080
FINNIFTY02JAN2421750PE.NFO,02/01/2024,09:32:07,299,298.9,120,299.6,560,0,37080
FINNIFTY02JAN2421750PE.NFO,02/01/2024,09:32:07,299,298,40,298.85,40,0,37080
FINNIFTY02JAN2421750PE.NFO,02/01/2024,09:32:08,299,299.15,120,299.8,560,0,37080
FINNIFTY02JAN2421750PE.NFO,02/01/2024,09:32:09,299,299.05,120,299.65,560,0,37080
FINNIFTY02JAN2421750PE.NFO,02/01/2024,09:32:10,299,298.4,80,299.2,560,0,37080
FINNIFTY02JAN2421750PE.NFO,02/01/2024,09:32:12,299,297.7,40,298.4,560,0,37080
FINNIFTY02JAN2421750PE.NFO,02/01/2024,09:32:12,299,297.2,40,297.85,560,0,37080
FINNIFTY02JAN2421750PE.NFO,02/01/2024,09:32:13,299,296.35,160,297.1,560,0,37080
FINNIFTY02JAN2421750PE.NFO,02/01/2024,09:32:14,299,297.45,120,298.2,560,0,37080
FINNIFTY02JAN2421750PE.NFO,02/01/2024,09:32:15,299,298.45,120,299.2,600,0,37080
FINNIFTY02JAN2421750PE.NFO,02/01/2024,09:32:17,299,298.6,120,299.35,560,0,37080
FINNIFTY02JAN2421750PE.NFO,02/01/2024,09:32:17,299,298.65,80,299.35,560,0,37080
FINNIFTY02JAN2421750PE.NFO,02/01/2024,09:32:18,299,300.2,120,301,120,0,37080
FINNIFTY02JAN2421750PE.NFO,02/01/2024,09:32:19,299,301.55,120,302.3,560,0,37080
FINNIFTY02JAN2421750PE.NFO,02/01/2024,09:32:20,299,301.2,160,301.95,560,0,37080
FINNIFTY02JAN2421750PE.NFO,02/01/2024,09:32:21,299,301.05,40,301.8,40,0,37080
FINNIFTY02JAN2421750PE.NFO,02/01/2024,09:32:22,299,300.8,40,301.65,80,0,37080
FINNIFTY02JAN2421750PE.NFO,02/01/2024,09:32:24,299,301.35,120,302.1,560,0,37080
FINNIFTY02JAN2421750PE.NFO,02/01/2024,09:32:24,299,301.6,80,302.35,560,0,37080
FINNIFTY02JAN2421750PE.NFO,02/01/2024,09:32:26,299,302.1,120,302.75,560,0,37080
FINNIFTY02JAN2421750PE.NFO,02/01/2024,09:32:26,299,301.4,120,302.15,560,0,37080
FINNIFTY02JAN2421750PE.NFO,02/01/2024,09:32:27,299,300.45,160,301.2,560,0,37080
FINNIFTY02JAN2421750PE.NFO,02/01/2024,09:32:28,299,299.85,200,300.55,120,0,37080
FINNIFTY02JAN2421750PE.NFO,02/01/2024,09:32:29,299,299.05,240,299.8,560,0,37080
FINNIFTY02JAN2421750PE.NFO,02/01/2024,09:32:30,299,299.05,40,299.8,560,0,37080
FINNIFTY02JAN2421750PE.NFO,02/01/2024,09:32:31,299,299.25,40,299.95,120,0,37080
FINNIFTY02JAN2421750PE.NFO,02/01/2024,09:32:32,299,299.65,200,300.3,560,0,37080
FINNIFTY02JAN2421750PE.NFO,02/01/2024,09:32:34,299,299.65,200,300.25,120,0,37080
FINNIFTY02JAN2421750PE.NFO,02/01/2024,09:32:34,299,299.4,200,300.1,560,0,37080
FINNIFTY02JAN2421750PE.NFO,02/01/2024,09:32:35,299,299.9,40,300.6,120,0,37080
FINNIFTY02JAN2421750PE.NFO,02/01/2024,09:32:36,299,300.25,800,301.15,560,0,37080
FINNIFTY02JAN2421750PE.NFO,02/01/2024,09:32:37,301.3,301.15,240,301.95,560,160,34800
FINNIFTY02JAN2421750PE.NFO,02/01/2024,09:32:38,301.3,301.65,200,302.3,560,0,34800
FINNIFTY02JAN2421750PE.NFO,02/01/2024,09:32:39,301.3,301.85,40,302.5,120,0,34800
FINNIFTY02JAN2421750PE.NFO,02/01/2024,09:32:40,301.3,301.95,880,302.75,120,0,34800
FINNIFTY02JAN2421750PE.NFO,02/01/2024,09:32:41,301.3,301.15,40,301.9,120,0,34800
FINNIFTY02JAN2421750PE.NFO,02/01/2024,09:32:42,301.3,301.6,200,302.35,560,0,34800
FINNIFTY02JAN2421750PE.NFO,02/01/2024,09:32:43,301.3,302.55,200,303.2,120,0,34800
FINNIFTY02JAN2421750PE.NFO,02/01/2024,09:32:44,302.4,301.55,800,302.35,560,40,34800
FINNIFTY02JAN2421750PE.NFO,02/01/2024,09:32:45,302.4,302.15,40,303,640,0,34800
FINNIFTY02JAN2421750PE.NFO,02/01/2024,09:32:46,302.4,302.15,200,302.9,640,0,34800
FINNIFTY02JAN2421750PE.NFO,02/01/2024,09:32:47,302.4,301.4,40,302.2,40,0,34800
FINNIFTY02JAN2421750PE.NFO,02/01/2024,09:32:48,302.4,300.1,240,300.85,560,0,34800
FINNIFTY02JAN2421750PE.NFO,02/01/2024,09:32:49,302.4,300.35,160,301.1,560,0,34800
FINNIFTY02JAN2421750PE.NFO,02/01/2024,09:32:50,302.4,299.2,160,300,560,0,34800
FINNIFTY02JAN2421750PE.NFO,02/01/2024,09:32:51,302.4,300.7,120,301.4,600,0,34800
FINNIFTY02JAN2421750PE.NFO,02/01/2024,09:32:52,302.4,300.65,280,301.35,560,0,34800
FINNIFTY02JAN2421750PE.NFO,02/01/2024,09:32:53,302.4,300.85,40,301.9,40,0,34800
FINNIFTY02JAN2421750PE.NFO,02/01/2024,09:32:54,301.65,300.1,680,300.95,560,40,34800
FINNIFTY02JAN2421750PE.NFO,02/01/2024,09:32:55,301.65,300.4,120,301.15,560,0,34800
FINNIFTY02JAN2421750PE.NFO,02/01/2024,09:32:56,301.65,300.7,320,301.5,600,0,34800
FINNIFTY02JAN2421750PE.NFO,02/01/2024,09:32:57,301.65,300.55,160,301.35,560,0,34800
FINNIFTY02JAN2421750PE.NFO,02/01/2024,09:32:58,301.65,300.4,40,301.2,600,0,34800
FINNIFTY02JAN2421750PE.NFO,02/01/2024,09:32:59,301.65,299.1,160,299.8,560,0,34800
FINNIFTY02JAN2421750PE.NFO,02/01/2024,09:33:00,301.65,298.85,120,299.65,560,0,34800
FINNIFTY02JAN2421750PE.NFO,02/01/2024,09:33:01,301.65,298.8,120,299.55,600,0,34800
FINNIFTY02JAN2421750PE.NFO,02/01/2024,09:33:02,301.65,298.45,40,299.2,560,0,34800
FINNIFTY02JAN2421750PE.NFO,02/01/2024,09:33:03,301.65,298.7,120,299.4,600,0,34800
FINNIFTY02JAN2421750PE.NFO,02/01/2024,09:33:04,299.6,299,120,299.6,480,80,34800
FINNIFTY02JAN2421750PE.NFO,02/01/2024,09:33:07,299.6,299.05,40,299.75,600,0,34800
FINNIFTY02JAN2421750PE.NFO,02/01/2024,09:33:08,299.6,299.8,40,300.4,560,0,34800
FINNIFTY02JAN2421750PE.NFO,02/01/2024,09:33:08,299.6,299.35,40,300.15,40,0,34800
FINNIFTY02JAN2421750PE.NFO,02/01/2024,09:33:09,299.6,299.2,40,299.95,560,0,34800
FINNIFTY02JAN2421750PE.NFO,02/01/2024,09:33:10,299.6,299.5,240,300.25,560,0,34800
FINNIFTY02JAN2421750PE.NFO,02/01/2024,09:33:12,299.6,299.85,40,300.55,560,0,34800
FINNIFTY02JAN2421750PE.NFO,02/01/2024,09:33:13,299.6,300.55,40,301.1,560,0,34800
FINNIFTY02JAN2421750PE.NFO,02/01/2024,09:33:13,299.6,300.35,40,301,560,0,34800
FINNIFTY02JAN2421750PE.NFO,02/01/2024,09:33:14,299.6,301.4,80,302.15,560,0,34800
FINNIFTY02JAN2421750PE.NFO,02/01/2024,09:33:15,299.6,302.65,760,303.5,560,0,34800
FINNIFTY02JAN2421750PE.NFO,02/01/2024,09:33:17,299.6,302.85,160,303.8,40,0,34800
FINNIFTY02JAN2421750PE.NFO,02/01/2024,09:33:18,299.6,302.5,40,303.2,560,0,34800
FINNIFTY02JAN2421750PE.NFO,02/01/2024,09:33:18,299.6,301.8,80,302.55,560,0,34800
FINNIFTY02JAN2421750PE.NFO,02/01/2024,09:33:19,299.6,300.85,40,301.6,560,0,34800
FINNIFTY02JAN2421750PE.NFO,02/01/2024,09:33:20,299.6,302.35,160,303,560,0,34800
FINNIFTY02JAN2421750PE.NFO,02/01/2024,09:33:21,299.6,301.75,40,302.4,560,0,34800
FINNIFTY02JAN2421750PE.NFO,02/01/2024,09:33:23,299.6,302.35,40,303.05,560,0,34800
FINNIFTY02JAN2421750PE.NFO,02/01/2024,09:33:24,299.6,302.95,40,303.65,560,0,34800
FINNIFTY02JAN2421750PE.NFO,02/01/2024,09:33:24,299.6,303.2,160,303.8,560,0,34800
FINNIFTY02JAN2421750PE.NFO,02/01/2024,09:33:25,299.6,304.25,560,305,40,0,34800
FINNIFTY02JAN2421750PE.NFO,02/01/2024,09:33:26,299.6,303.75,120,304.55,560,0,34800
FINNIFTY02JAN2421750PE.NFO,02/01/2024,09:33:28,299.6,304.1,120,304.75,560,0,34800
FINNIFTY02JAN2421750PE.NFO,02/01/2024,09:33:29,299.6,303.95,120,304.6,560,0,34800
FINNIFTY02JAN2421750PE.NFO,02/01/2024,09:33:29,299.6,303.85,40,304.5,560,0,34800
FINNIFTY02JAN2421750PE.NFO,02/01/2024,09:33:30,299.6,302.7,240,303.4,560,0,34800
FINNIFTY02JAN2421750PE.NFO,02/01/2024,09:33:31,299.6,302.6,40,303.25,40,0,34800
FINNIFTY02JAN2421750PE.NFO,02/01/2024,09:33:33,299.6,301.35,200,301.95,560,0,34800
FINNIFTY02JAN2421750PE.NFO,02/01/2024,09:33:34,299.6,301.9,80,302.65,560,0,34800
FINNIFTY02JAN2421750PE.NFO,02/01/2024,09:33:34,299.6,302.15,160,302.85,560,0,34800
FINNIFTY02JAN2421750PE.NFO,02/01/2024,09:33:35,299.6,302.65,40,303.35,560,0,34800
FINNIFTY02JAN2421750PE.NFO,02/01/2024,09:33:36,299.6,302.4,40,303.1,560,0,34800
FINNIFTY02JAN2421750PE.NFO,02/01/2024,09:33:38,299.6,300.45,80,301.15,560,0,34800
FINNIFTY02JAN2421750PE.NFO,02/01/2024,09:33:39,299.6,301.7,40,302.4,600,0,34800
FINNIFTY02JAN2421750PE.NFO,02/01/2024,09:33:39,299.6,301.45,160,302.15,560,0,34800
FINNIFTY02JAN2421750PE.NFO,02/01/2024,09:33:40,299.6,301.75,160,302.5,560,0,34800
FINNIFTY02JAN2421750PE.NFO,02/01/2024,09:33:41,299.6,301.5,160,302.25,600,0,34800
FINNIFTY02JAN2421750PE.NFO,02/01/2024,09:33:43,299.6,300.05,40,300.8,560,0,34800
FINNIFTY02JAN2421750PE.NFO,02/01/2024,09:33:44,299.6,300,240,300.8,560,0,34800
FINNIFTY02JAN2421750PE.NFO,02/01/2024,09:33:44,299.6,299.85,120,300.45,560,0,34800
FINNIFTY02JAN2421750PE.NFO,02/01/2024,09:33:45,299.6,299.15,40,299.85,560,0,34800
FINNIFTY02JAN2421750PE.NFO,02/01/2024,09:33:46,299.6,300.35,160,301,560,0,34800
FINNIFTY02JAN2421750PE.NFO,02/01/2024,09:33:47,299.6,299.95,40,300.65,560,0,34800
FINNIFTY02JAN2421750PE.NFO,02/01/2024,09:33:48,299.6,299.6,40,300.25,560,0,34800
FINNIFTY02JAN2421750PE.NFO,02/01/2024,09:33:50,299.6,298.3,600,299.2,560,0,34800
FINNIFTY02JAN2421750PE.NFO,02/01/2024,09:33:51,299.6,296.8,40,297.55,560,0,34800
FINNIFTY02JAN2421750PE.NFO,02/01/2024,09:33:53,299.6,295.35,40,296.25,280,0,34800
FINNIFTY02JAN2421750PE.NFO,02/01/2024,09:33:54,299.6,295.65,40,296.3,560,0,34800
FINNIFTY02JAN2421750PE.NFO,02/01/2024,09:33:55,299.6,295.55,40,296.35,560,0,34800
FINNIFTY02JAN2421750PE.NFO,02/01/2024,09:33:56,299.6,295.7,40,296.5,560,0,34800
FINNIFTY02JAN2421750PE.NFO,02/01/2024,09:33:57,299.6,296.1,200,296.85,600,0,34800
FINNIFTY02JAN2421750PE.NFO,02/01/2024,09:33:58,299.6,295.8,40,296.6,560,0,34800
FINNIFTY02JAN2421750PE.NFO,02/01/2024,09:33:59,299.6,295.9,40,296.6,560,0,34800
FINNIFTY02JAN2421750PE.NFO,02/01/2024,09:34:00,299.6,297.25,40,297.95,640,0,34800
FINNIFTY02JAN2421750PE.NFO,02/01/2024,09:34:01,299.6,296.3,160,296.95,560,0,34800
FINNIFTY02JAN2421750PE.NFO,02/01/2024,09:34:01,299.6,296.25,160,296.95,560,0,34800
FINNIFTY02JAN2421750PE.NFO,02/01/2024,09:34:02,297,297.6,280,298.3,640,120,34800
FINNIFTY02JAN2421750PE.NFO,02/01/2024,09:34:03,297,298,40,298.7,120,0,34800
FINNIFTY02JAN2421750PE.NFO,02/01/2024,09:34:05,297,298.15,80,298.8,80,0,34800
FINNIFTY02JAN2421750PE.NFO,02/01/2024,09:34:06,297,298.55,40,299.25,560,0,34800
FINNIFTY02JAN2421750PE.NFO,02/01/2024,09:34:07,297,298.65,40,299.35,560,0,34800
FINNIFTY02JAN2421750PE.NFO,02/01/2024,09:34:07,297,298.9,80,299.55,560,0,34800
FINNIFTY02JAN2421750PE.NFO,02/01/2024,09:34:08,297,298.85,80,299.5,40,0,34800
FINNIFTY02JAN2421750PE.NFO,02/01/2024,09:34:09,297,299.1,120,299.85,40,0,34800
FINNIFTY02JAN2421750PE.NFO,02/01/2024,09:34:10,297,299.35,80,300,40,0,34800
FINNIFTY02JAN2421750PE.NFO,02/01/2024,09:34:12,297,299.4,80,300.05,560,0,34800
FINNIFTY02JAN2421750PE.NFO,02/01/2024,09:34:13,297,299.3,40,299.95,40,0,34800
FINNIFTY02JAN2421750PE.NFO,02/01/2024,09:34:13,297,299.25,40,299.9,40,0,34800
FINNIFTY02JAN2421750PE.NFO,02/01/2024,09:34:14,297,298.8,120,299.55,80,0,34800
FINNIFTY02JAN2421750PE.NFO,02/01/2024,09:34:15,297,299.1,80,299.75,40,0,34800
FINNIFTY02JAN2421750PE.NFO,02/01/2024,09:34:17,297,299.95,40,300.7,40,0,34800
FINNIFTY02JAN2421750PE.NFO,02/01/2024,09:34:18,297,299.3,80,300,560,0,34800
FINNIFTY02JAN2421750PE.NFO,02/01/2024,09:34:18,297,299.6,40,300.3,40,0,34800
FINNIFTY02JAN2421750PE.NFO,02/01/2024,09:34:19,297,300.6,80,301.25,560,0,34800
FINNIFTY02JAN2421750PE.NFO,02/01/2024,09:34:20,300.65,299.85,720,300.6,40,40,34800
FINNIFTY02JAN2421750PE.NFO,02/01/2024,09:34:21,300.65,301.15,40,301.8,120,0,34800
FINNIFTY02JAN2421750PE.NFO,02/01/2024,09:34:23,300.65,301.6,40,302.4,40,0,34800
FINNIFTY02JAN2421750PE.NFO,02/01/2024,09:34:24,300.65,303.15,80,303.8,600,0,34800
FINNIFTY02JAN2421750PE.NFO,02/01/2024,09:34:24,300.65,303.35,80,304,40,0,34800
FINNIFTY02JAN2421750PE.NFO,02/01/2024,09:34:25,300.65,303.8,80,304.35,560,0,34800
FINNIFTY02JAN2421750PE.NFO,02/01/2024,09:34:26,300.65,303.8,40,304.65,80,0,34800
FINNIFTY02JAN2421750PE.NFO,02/01/2024,09:34:27,300.65,302.95,80,303.6,80,0,34800
FINNIFTY02JAN2421750PE.NFO,02/01/2024,09:34:28,300.65,302.6,120,303.35,40,0,34800
FINNIFTY02JAN2421750PE.NFO,02/01/2024,09:34:30,300.65,304,160,304.7,40,0,34800
FINNIFTY02JAN2421750PE.NFO,02/01/2024,09:34:30,300.65,303.9,80,304.5,560,0,34800
FINNIFTY02JAN2421750PE.NFO,02/01/2024,09:34:31,303.75,303.25,80,303.95,560,160,34800
FINNIFTY02JAN2421750PE.NFO,02/01/2024,09:34:33,303.75,302.8,80,303.45,560,0,34800
FINNIFTY02JAN2421750PE.NFO,02/01/2024,09:34:34,303.75,302.2,560,303,80,0,34800
FINNIFTY02JAN2421750PE.NFO,02/01/2024,09:34:34,303.75,302,80,302.75,600,0,34800
FINNIFTY02JAN2421750PE.NFO,02/01/2024,09:34:35,303.75,302.3,680,303.05,40,0,34800
FINNIFTY02JAN2421750PE.NFO,02/01/2024,09:34:36,303.75,302.15,120,302.85,560,0,34800
FINNIFTY02JAN2421750PE.NFO,02/01/2024,09:34:37,303.75,302.3,80,303,560,0,34800
FINNIFTY02JAN2421750PE.NFO,02/01/2024,09:34:38,303.75,302.7,160,303.4,560,0,34800
FINNIFTY02JAN2421750PE.NFO,02/01/2024,09:34:39,303.75,302.75,120,303.5,40,0,34800
FINNIFTY02JAN2421750PE.NFO,02/01/2024,09:34:40,303.75,302.05,120,302.75,40,0,34800
FINNIFTY02JAN2421750PE.NFO,02/01/2024,09:34:41,303.75,301.05,40,301.85,600,0,34800
FINNIFTY02JAN2421750PE.NFO,02/01/2024,09:34:42,303.75,300.25,560,301,40,0,34800
FINNIFTY02JAN2421750PE.NFO,02/01/2024,09:34:43,303.75,300.75,80,301.45,40,0,34800
FINNIFTY02JAN2421750PE.NFO,02/01/2024,09:34:44,303.75,300.85,120,301.6,560,0,34800
FINNIFTY02JAN2421750PE.NFO,02/01/2024,09:34:45,303.75,300.9,80,301.65,560,0,34800
FINNIFTY02JAN2421750PE.NFO,02/01/2024,09:34:46,303.75,300.8,80,301.5,600,0,34800
FINNIFTY02JAN2421750PE.NFO,02/01/2024,09:34:48,303.75,300.85,80,301.5,40,0,34800
FINNIFTY02JAN2421750PE.NFO,02/01/2024,09:34:49,303.75,301.2,120,301.95,640,0,34800
FINNIFTY02JAN2421750PE.NFO,02/01/2024,09:34:50,303.75,301.25,80,301.95,640,0,34800
FINNIFTY02JAN2421750PE.NFO,02/01/2024,09:34:51,303.75,301.45,40,302.15,560,0,34800
FINNIFTY02JAN2421750PE.NFO,02/01/2024,09:34:52,303.75,302.05,40,302.75,560,0,34800
FINNIFTY02JAN2421750PE.NFO,02/01/2024,09:34:53,303.75,302.35,80,303.1,40,0,34800
FINNIFTY02JAN2421750PE.NFO,02/01/2024,09:34:54,303.75,302.85,120,303.55,560,0,34800
FINNIFTY02JAN2421750PE.NFO,02/01/2024,09:34:55,303.75,302.5,120,303.25,600,0,34800
FINNIFTY02JAN2421750PE.NFO,02/01/2024,09:34:55,303.75,302.4,40,303.15,560,0,34800
FINNIFTY02JAN2421750PE.NFO,02/01/2024,09:34:56,302.65,302.8,40,303.5,560,40,34800
FINNIFTY02JAN2421750PE.NFO,02/01/2024,09:34:57,302.65,301.25,40,302.05,560,0,34800
FINNIFTY02JAN2421750PE.NFO,02/01/2024,09:34:58,301.35,300.8,80,301.45,560,120,34800
FINNIFTY02JAN2421750PE.NFO,02/01/2024,09:34:59,301.35,299.45,40,300.25,560,0,34800
FINNIFTY02JAN2421750PE.NFO,02/01/2024,09:35:00,301.35,298.65,80,299.65,80,0,34800
FINNIFTY02JAN2421750PE.NFO,02/01/2024,09:35:01,301.35,298.7,120,299.4,560,0,34800
FINNIFTY02JAN2421750PE.NFO,02/01/2024,09:35:02,301.35,299.3,120,300,560,0,34800
FINNIFTY02JAN2421750PE.NFO,02/01/2024,09:35:03,301.35,298.6,80,299.2,600,0,34800
FINNIFTY02JAN2421750PE.NFO,02/01/2024,09:35:04,301.35,297.3,80,298,560,0,34800
FINNIFTY02JAN2421750PE.NFO,02/01/2024,09:35:05,301.35,298.55,40,299.3,560,0,34800
FINNIFTY02JAN2421750PE.NFO,02/01/2024,09:35:06,301.35,298.55,40,299.25,560,0,34800
FINNIFTY02JAN2421750PE.NFO,02/01/2024,09:35:07,301.35,298.05,80,298.8,600,0,34800
FINNIFTY02JAN2421750PE.NFO,02/01/2024,09:35:09,301.35,298.95,40,299.65,600,0,34800
FINNIFTY02JAN2421750PE.NFO,02/01/2024,09:35:10,301.35,298.95,80,299.7,600,0,34800
FINNIFTY02JAN2421750PE.NFO,02/01/2024,09:35:10,301.35,299.6,120,300.35,560,0,34800
FINNIFTY02JAN2421750PE.NFO,02/01/2024,09:35:11,301.35,300.55,40,301.35,640,0,34800
FINNIFTY02JAN2421750PE.NFO,02/01/2024,09:35:12,301.35,300.65,80,301.4,560,0,34800
FINNIFTY02JAN2421750PE.NFO,02/01/2024,09:35:13,301.35,300.15,160,300.85,560,0,34800
FINNIFTY02JAN2421750PE.NFO,02/01/2024,09:35:14,301.35,300,80,300.65,560,0,34800
FINNIFTY02JAN2421750PE.NFO,02/01/2024,09:35:15,301.35,300.3,120,301.05,560,0,34800
FINNIFTY02JAN2421750PE.NFO,02/01/2024,09:35:16,301.35,300.3,160,301,560,0,34800
FINNIFTY02JAN2421750PE.NFO,02/01/2024,09:35:18,301.35,299.35,40,300.1,560,0,34800
FINNIFTY02JAN2421750PE.NFO,02/01/2024,09:35:18,301.35,299.3,80,299.9,560,0,34800
FINNIFTY02JAN2421750PE.NFO,02/01/2024,09:35:19,301.35,298.75,80,299.45,560,0,34800
FINNIFTY02JAN2421750PE.NFO,02/01/2024,09:35:20,301.35,297.45,200,298.25,560,0,34800
FINNIFTY02JAN2421750PE.NFO,02/01/2024,09:35:21,301.35,297.5,40,298.5,40,0,34800
FINNIFTY02JAN2421750PE.NFO,02/01/2024,09:35:22,301.35,298.6,40,299.2,560,0,34800
FINNIFTY02JAN2421750PE.NFO,02/01/2024,09:35:24,301.35,299,80,299.6,560,0,34800
FINNIFTY02JAN2421750PE.NFO,02/01/2024,09:35:25,301.35,298.3,80,299.05,560,0,34800
FINNIFTY02JAN2421750PE.NFO,02/01/2024,09:35:26,301.35,298.4,200,299.15,80,0,34800
FINNIFTY02JAN2421750PE.NFO,02/01/2024,09:35:27,301.35,298.25,240,299.05,640,0,34800
FINNIFTY02JAN2421750PE.NFO,02/01/2024,09:35:28,301.35,298.95,80,299.65,80,0,34800
FINNIFTY02JAN2421750PE.NFO,02/01/2024,09:35:29,301.35,298.8,120,299.6,640,0,34800
FINNIFTY02JAN2421750PE.NFO,02/01/2024,09:35:30,299.55,299.3,40,299.9,80,80,35120
FINNIFTY02JAN2421750PE.NFO,02/01/2024,09:35:30,299.55,299.95,40,300.55,80,0,35120
FINNIFTY02JAN2421750PE.NFO,02/01/2024,09:35:31,299.55,299.9,80,300.55,560,0,35120
FINNIFTY02JAN2421750PE.NFO,02/01/2024,09:35:32,299.55,300,120,300.65,80,0,35120
FINNIFTY02JAN2421750PE.NFO,02/01/2024,09:35:33,299.55,299.95,160,300.55,80,0,35120
FINNIFTY02JAN2421750PE.NFO,02/01/2024,09:35:34,299.55,299.2,200,299.95,80,0,35120
FINNIFTY02JAN2421750PE.NFO,02/01/2024,09:35:35,300.3,299.9,40,300.5,40,40,35120
FINNIFTY02JAN2421750PE.NFO,02/01/2024,09:35:37,300.3,300.65,40,301.25,560,0,35120
FINNIFTY02JAN2421750PE.NFO,02/01/2024,09:35:38,300.3,301.3,40,302.05,560,0,35120
FINNIFTY02JAN2421750PE.NFO,02/01/2024,09:35:39,300.3,301.5,200,302.1,560,0,35120
FINNIFTY02JAN2421750PE.NFO,02/01/2024,09:35:40,300.3,301.8,160,302.4,560,0,35120
FINNIFTY02JAN2421750PE.NFO,02/01/2024,09:35:40,300.3,301.85,40,302.45,80,0,35120
FINNIFTY02JAN2421750PE.NFO,02/01/2024,09:35:41,300.3,301.7,40,302.4,80,0,35120
FINNIFTY02JAN2421750PE.NFO,02/01/2024,09:35:43,300.3,301.7,40,302.15,80,0,35120
FINNIFTY02JAN2421750PE.NFO,02/01/2024,09:35:44,300.3,301.7,40,302.2,560,0,35120
FINNIFTY02JAN2421750PE.NFO,02/01/2024,09:35:45,300.3,302.7,40,303.3,80,0,35120
FINNIFTY02JAN2421750PE.NFO,02/01/2024,09:35:45,300.3,303.1,160,303.8,640,0,35120
FINNIFTY02JAN2421750PE.NFO,02/01/2024,09:35:46,303.9,303.7,240,304.55,120,40,35120
FINNIFTY02JAN2421750PE.NFO,02/01/2024,09:35:47,303.9,303.9,80,304.5,80,0,35120
FINNIFTY02JAN2421750PE.NFO,02/01/2024,09:35:48,303.9,304.15,160,304.65,160,0,35120
FINNIFTY02JAN2421750PE.NFO,02/01/2024,09:35:50,303.9,303.6,80,304.25,80,0,35120
FINNIFTY02JAN2421750PE.NFO,02/01/2024,09:35:51,303.9,303.6,40,304.35,80,0,35120
FINNIFTY02JAN2421750PE.NFO,02/01/2024,09:35:52,303.9,303.45,160,304.2,560,0,35120
FINNIFTY02JAN2421750PE.NFO,02/01/2024,09:35:53,303.9,303.85,200,304.6,560,0,35120
FINNIFTY02JAN2421750PE.NFO,02/01/2024,09:35:53,303.9,303.85,160,304.5,80,0,35120
FINNIFTY02JAN2421750PE.NFO,02/01/2024,09:35:54,303.9,304.4,120,305.15,560,0,35120
FINNIFTY02JAN2421750PE.NFO,02/01/2024,09:35:55,303.9,305,80,306,40,0,35120
FINNIFTY02JAN2421750PE.NFO,02/01/2024,09:35:56,303.9,305.5,720,306.3,560,0,35120
FINNIFTY02JAN2421750PE.NFO,02/01/2024,09:35:57,303.9,305.4,160,306,80,0,35120
FINNIFTY02JAN2421750PE.NFO,02/01/2024,09:35:58,303.9,304.6,40,305.4,560,0,35120
FINNIFTY02JAN2421750PE.NFO,02/01/2024,09:36:00,303.9,304.5,200,305.4,120,0,35120
FINNIFTY02JAN2421750PE.NFO,02/01/2024,09:36:01,303.9,305.7,40,306.45,560,0,35120
FINNIFTY02JAN2421750PE.NFO,02/01/2024,09:36:02,303.9,305.4,160,306.05,560,0,35120
FINNIFTY02JAN2421750PE.NFO,02/01/2024,09:36:02,303.9,305.7,240,306.45,560,0,35120
FINNIFTY02JAN2421750PE.NFO,02/01/2024,09:36:03,303.9,305.2,200,305.95,560,0,35120
FINNIFTY02JAN2421750PE.NFO,02/01/2024,09:36:05,303.9,304.9,160,305.55,560,0,35120
FINNIFTY02JAN2421750PE.NFO,02/01/2024,09:36:06,303.9,304.75,680,305.5,560,0,35120
FINNIFTY02JAN2421750PE.NFO,02/01/2024,09:36:07,303.9,304.7,120,305.4,600,0,35120
FINNIFTY02JAN2421750PE.NFO,02/01/2024,09:36:07,303.9,304.65,120,305.4,600,0,35120
FINNIFTY02JAN2421750PE.NFO,02/01/2024,09:36:08,303.9,303.65,120,304.35,560,0,35120
FINNIFTY02JAN2421750PE.NFO,02/01/2024,09:36:10,303.9,304.1,120,304.8,600,0,35120
FINNIFTY02JAN2421750PE.NFO,02/01/2024,09:36:11,303.9,303.85,120,304.5,560,0,35120
FINNIFTY02JAN2421750PE.NFO,02/01/2024,09:36:12,303.9,304.2,120,304.85,600,0,35120
FINNIFTY02JAN2421750PE.NFO,02/01/2024,09:36:12,303.9,304.05,160,304.8,560,0,35120
FINNIFTY02JAN2421750PE.NFO,02/01/2024,09:36:13,303.9,304.9,200,305.6,560,0,35120
FINNIFTY02JAN2421750PE.NFO,02/01/2024,09:36:14,303.9,305.75,120,306.5,560,0,35120
FINNIFTY02JAN2421750PE.NFO,02/01/2024,09:36:15,303.9,306.45,240,307.25,560,0,35120
FINNIFTY02JAN2421750PE.NFO,02/01/2024,09:36:16,303.9,308.4,120,309.35,560,0,35120
FINNIFTY02JAN2421750PE.NFO,02/01/2024,09:36:18,303.9,309.25,120,310.05,560,0,35120
FINNIFTY02JAN2421750PE.NFO,02/01/2024,09:36:19,308.8,308.45,120,309.4,120,120,35120
FINNIFTY02JAN2421750PE.NFO,02/01/2024,09:36:20,308.8,308.25,120,309,560,0,35120
FINNIFTY02JAN2421750PE.NFO,02/01/2024,09:36:20,308.8,308.05,40,308.75,40,0,35120
FINNIFTY02JAN2421750PE.NFO,02/01/2024,09:36:21,308.8,308.55,560,309.3,160,0,35120
FINNIFTY02JAN2421750PE.NFO,02/01/2024,09:36:23,308.8,308.75,680,309.55,560,0,35120
FINNIFTY02JAN2421750PE.NFO,02/01/2024,09:36:24,308.8,307.15,560,307.9,40,0,35120
FINNIFTY02JAN2421750PE.NFO,02/01/2024,09:36:25,308.8,306.75,200,307.5,40,0,35120
FINNIFTY02JAN2421750PE.NFO,02/01/2024,09:36:25,308.8,305.9,80,306.6,560,0,35120
FINNIFTY02JAN2421750PE.NFO,02/01/2024,09:36:26,308.8,306.15,920,306.95,560,0,35120
FINNIFTY02JAN2421750PE.NFO,02/01/2024,09:36:27,308.8,306.1,80,306.85,600,0,35120
FINNIFTY02JAN2421750PE.NFO,02/01/2024,09:36:28,308.8,305.8,640,306.6,600,0,35120
FINNIFTY02JAN2421750PE.NFO,02/01/2024,09:36:29,308.8,304.05,720,305,600,0,35120
FINNIFTY02JAN2421750PE.NFO,02/01/2024,09:36:31,308.8,304.35,80,305.1,80,0,35120
FINNIFTY02JAN2421750PE.NFO,02/01/2024,09:36:32,308.8,305.1,80,305.8,560,0,35120
FINNIFTY02JAN2421750PE.NFO,02/01/2024,09:36:33,308.8,305,40,305.7,80,0,35120
FINNIFTY02JAN2421750PE.NFO,02/01/2024,09:36:34,308.8,305.5,40,306.2,560,0,35120
FINNIFTY02JAN2421750PE.NFO,02/01/2024,09:36:35,308.8,305.05,80,305.75,40,0,35120
FINNIFTY02JAN2421750PE.NFO,02/01/2024,09:36:35,308.8,305.05,80,305.75,560,0,35120
FINNIFTY02JAN2421750PE.NFO,02/01/2024,09:36:36,308.8,305.55,80,306.35,600,0,35120
FINNIFTY02JAN2421750PE.NFO,02/01/2024,09:36:37,308.8,306.15,80,306.95,560,0,35120
FINNIFTY02JAN2421750PE.NFO,02/01/2024,09:36:38,308.8,305.75,640,306.5,40,0,35120
FINNIFTY02JAN2421750PE.NFO,02/01/2024,09:36:39,308.8,304.9,560,305.65,560,0,35120
FINNIFTY02JAN2421750PE.NFO,02/01/2024,09:36:40,308.8,304.15,80,304.9,560,0,35120
FINNIFTY02JAN2421750PE.NFO,02/01/2024,09:36:41,308.8,304.2,80,304.9,560,0,35120
FINNIFTY02JAN2421750PE.NFO,02/01/2024,09:36:42,308.8,304.55,600,305.35,560,0,35120
FINNIFTY02JAN2421750PE.NFO,02/01/2024,09:36:43,308.8,303.85,640,304.75,40,0,35120
FINNIFTY02JAN2421750PE.NFO,02/01/2024,09:36:45,308.8,304.1,80,304.8,40,0,35120
FINNIFTY02JAN2421750PE.NFO,02/01/2024,09:36:46,308.8,303.55,560,304.35,40,0,35120
FINNIFTY02JAN2421750PE.NFO,02/01/2024,09:36:47,308.8,304,40,304.75,600,0,35120
FINNIFTY02JAN2421750PE.NFO,02/01/2024,09:36:48,308.8,303.85,80,304.6,600,0,35120
FINNIFTY02JAN2421750PE.NFO,02/01/2024,09:36:49,308.8,304.3,80,305,560,0,35120
FINNIFTY02JAN2421750PE.NFO,02/01/2024,09:36:49,308.8,304.45,560,305.3,560,0,35120
FINNIFTY02JAN2421750PE.NFO,02/01/2024,09:36:50,308.8,303.75,680,304.55,600,0,35120
FINNIFTY02JAN2421750PE.NFO,02/01/2024,09:36:51,308.8,303.55,80,304.2,40,0,35120
FINNIFTY02JAN2421750PE.NFO,02/01/2024,09:36:53,308.8,302.9,200,303.75,40,0,35120
FINNIFTY02JAN2421750PE.NFO,02/01/2024,09:36:54,308.8,302.5,80,303.4,120,0,35120
FINNIFTY02JAN2421750PE.NFO,02/01/2024,09:36:55,302.2,302.3,80,302.9,40,80,35120
FINNIFTY02JAN2421750PE.NFO,02/01/2024,09:36:55,302.2,302.25,80,302.95,40,0,35120
FINNIFTY02JAN2421750PE.NFO,02/01/2024,09:36:56,302.2,303.35,640,304.15,600,0,35120
FINNIFTY02JAN2421750PE.NFO,02/01/2024,09:36:58,302.2,302.65,120,303.35,560,0,35120
FINNIFTY02JAN2421750PE.NFO,02/01/2024,09:36:59,302.2,302.75,80,303.35,560,0,35120
FINNIFTY02JAN2421750PE.NFO,02/01/2024,09:37:00,302.6,302.3,160,303,600,40,35120
FINNIFTY02JAN2421750PE.NFO,02/01/2024,09:37:00,302.6,301.75,80,302.4,600,0,35120
FINNIFTY02JAN2421750PE.NFO,02/01/2024,09:37:01,302.6,300.65,80,301.15,560,0,35120
FINNIFTY02JAN2421750PE.NFO,02/01/2024,09:37:02,302.6,301.05,80,301.85,560,0,35120
FINNIFTY02JAN2421750PE.NFO,02/01/2024,09:37:04,302.6,301,40,301.65,600,0,35120
FINNIFTY02JAN2421750PE.NFO,02/01/2024,09:37:05,302.6,300.55,80,301.45,80,0,35120
FINNIFTY02JAN2421750PE.NFO,02/01/2024,09:37:06,302.6,300.35,80,300.95,560,0,35120
FINNIFTY02JAN2421750PE.NFO,02/01/2024,09:37:07,302.6,300.85,80,301.65,600,0,35120
FINNIFTY02JAN2421750PE.NFO,02/01/2024,09:37:08,302.6,300.95,80,301.7,560,0,35120
FINNIFTY02JAN2421750PE.NFO,02/01/2024,09:37:08,302.6,301,80,301.75,560,0,35120
FINNIFTY02JAN2421750PE.NFO,02/01/2024,09:37:09,302.6,301.45,80,302.25,600,0,35120
FINNIFTY02JAN2421750PE.NFO,02/01/2024,09:37:11,302.6,301.3,560,302.15,560,0,35120
FINNIFTY02JAN2421750PE.NFO,02/01/2024,09:37:12,302.6,302,80,302.75,560,0,35120
FINNIFTY02JAN2421750PE.NFO,02/01/2024,09:37:13,302.6,303,80,303.75,80,0,35120
FINNIFTY02JAN2421750PE.NFO,02/01/2024,09:37:14,302.6,302.5,80,303.15,40,0,35120
FINNIFTY02JAN2421750PE.NFO,02/01/2024,09:37:15,303.05,302.45,560,303.3,560,160,35120
FINNIFTY02JAN2421750PE.NFO,02/01/2024,09:37:16,303.05,301.85,80,302.65,600,0,35120
FINNIFTY02JAN2421750PE.NFO,02/01/2024,09:37:16,303.05,301.7,80,302.4,40,0,35120
FINNIFTY02JAN2421750PE.NFO,02/01/2024,09:37:17,303.05,301.85,80,302.4,40,0,35120
FINNIFTY02JAN2421750PE.NFO,02/01/2024,09:37:19,303.05,302.1,800,302.9,560,0,35120
FINNIFTY02JAN2421750PE.NFO,02/01/2024,09:37:20,303.05,301.3,80,302.1,640,0,35120
FINNIFTY02JAN2421750PE.NFO,02/01/2024,09:37:21,303.05,301.3,600,302.05,40,0,35120
FINNIFTY02JAN2421750PE.NFO,02/01/2024,09:37:22,303.05,301.15,80,301.8,80,0,35120
FINNIFTY02JAN2421750PE.NFO,02/01/2024,09:37:24,303.05,301,560,301.75,600,0,35120
FINNIFTY02JAN2421750PE.NFO,02/01/2024,09:37:25,303.05,300.15,160,300.85,40,0,35120
FINNIFTY02JAN2421750PE.NFO,02/01/2024,09:37:26,303.05,299.4,720,300.15,40,0,35120
FINNIFTY02JAN2421750PE.NFO,02/01/2024,09:37:26,303.05,299.4,80,300.1,600,0,35120
FINNIFTY02JAN2421750PE.NFO,02/01/2024,09:37:27,303.05,299.25,640,300.05,40,0,35120
FINNIFTY02JAN2421750PE.NFO,02/01/2024,09:37:29,299.7,298.9,40,299.6,40,40,35120
FINNIFTY02JAN2421750PE.NFO,02/01/2024,09:37:30,299.7,297.7,40,298.45,40,0,35120
FINNIFTY02JAN2421750PE.NFO,02/01/2024,09:37:30,299.7,297.35,80,298.05,40,0,35120
FINNIFTY02JAN2421750PE.NFO,02/01/2024,09:37:32,299.7,297.1,40,297.8,560,0,35120
FINNIFTY02JAN2421750PE.NFO,02/01/2024,09:37:33,299.7,297.05,40,297.75,560,0,35120
FINNIFTY02JAN2421750PE.NFO,02/01/2024,09:37:34,299.7,296.7,40,297.4,80,0,35120
FINNIFTY02JAN2421750PE.NFO,02/01/2024,09:37:34,299.7,296.8,40,297.5,40,0,35120
FINNIFTY02JAN2421750PE.NFO,02/01/2024,09:37:35,297.65,297.35,40,298.1,80,80,35120
FINNIFTY02JAN2421750PE.NFO,02/01/2024,09:37:37,298.6,298.55,40,299.25,560,40,35120
FINNIFTY02JAN2421750PE.NFO,02/01/2024,09:37:38,298.6,298.5,760,299.3,560,0,35120
FINNIFTY02JAN2421750PE.NFO,02/01/2024,09:37:39,298.7,298.1,120,298.8,560,120,35120
FINNIFTY02JAN2421750PE.NFO,02/01/2024,09:37:39,298.7,297.95,40,298.6,560,0,35120
FINNIFTY02JAN2421750PE.NFO,02/01/2024,09:37:41,298.7,297.15,120,297.9,560,0,35120
FINNIFTY02JAN2421750PE.NFO,02/01/2024,09:37:42,297,297.4,40,298.1,560,80,35120
FINNIFTY02JAN2421750PE.NFO,02/01/2024,09:37:43,297,297.1,40,297.8,40,0,35120
FINNIFTY02JAN2421750PE.NFO,02/01/2024,09:37:44,297,297.6,80,298.3,40,0,35120
FINNIFTY02JAN2421750PE.NFO,02/01/2024,09:37:45,297,299.25,40,300,80,0,35120
FINNIFTY02JAN2421750PE.NFO,02/01/2024,09:37:45,297,299.5,40,300.2,640,0,35120
FINNIFTY02JAN2421750PE.NFO,02/01/2024,09:37:47,297,299.45,40,300.15,40,0,35120
FINNIFTY02JAN2421750PE.NFO,02/01/2024,09:37:48,297,298.85,80,299.5,40,0,35120
FINNIFTY02JAN2421750PE.NFO,02/01/2024,09:37:49,297,298.8,80,299.45,560,0,35120
FINNIFTY02JAN2421750PE.NFO,02/01/2024,09:37:50,297,298.15,560,298.9,600,0,35120
FINNIFTY02JAN2421750PE.NFO,02/01/2024,09:37:50,297,298.05,40,298.8,80,0,35120
FINNIFTY02JAN2421750PE.NFO,02/01/2024,09:37:52,297,298.7,40,299.45,560,0,35120
FINNIFTY02JAN2421750PE.NFO,02/01/2024,09:37:53,297,298.9,40,299.6,600,0,35120
FINNIFTY02JAN2421750PE.NFO,02/01/2024,09:37:54,297,297.95,80,298.7,600,0,35120
FINNIFTY02JAN2421750PE.NFO,02/01/2024,09:37:55,297,298.15,40,298.85,560,0,35120
FINNIFTY02JAN2421750PE.NFO,02/01/2024,09:37:55,297,298.1,40,298.85,40,0,35120
FINNIFTY02JAN2421750PE.NFO,02/01/2024,09:37:57,297,297.8,40,298.6,40,0,35120
FINNIFTY02JAN2421750PE.NFO,02/01/2024,09:37:58,297,298,40,298.7,560,0,35120
FINNIFTY02JAN2421750PE.NFO,02/01/2024,09:37:59,297,298.35,40,299.25,40,0,35120
FINNIFTY02JAN2421750PE.NFO,02/01/2024,09:38:00,297,298.35,40,299.05,560,0,35120
FINNIFTY02JAN2421750PE.NFO,02/01/2024,09:38:00,297,298.35,40,299.05,40,0,35120
FINNIFTY02JAN2421750PE.NFO,02/01/2024,09:38:02,297,297.95,120,298.7,600,0,35120
FINNIFTY02JAN2421750PE.NFO,02/01/2024,09:38:03,297,297.4,40,298.1,40,0,35120
FINNIFTY02JAN2421750PE.NFO,02/01/2024,09:38:04,297,298.25,40,299,40,0,35120
FINNIFTY02JAN2421750PE.NFO,02/01/2024,09:38:05,297,298.6,40,299.35,560,0,35120
FINNIFTY02JAN2421750PE.NFO,02/01/2024,09:38:06,297,298.8,40,299.5,600,0,35120
FINNIFTY02JAN2421750PE.NFO,02/01/2024,09:38:06,297,298.8,40,299.45,40,0,35120
FINNIFTY02JAN2421750PE.NFO,02/01/2024,09:38:08,297,298.95,120,299.65,600,0,35120
FINNIFTY02JAN2421750PE.NFO,02/01/2024,09:38:09,297,298.95,80,299.6,40,0,35120
FINNIFTY02JAN2421750PE.NFO,02/01/2024,09:38:10,297,298.95,560,299.65,40,0,35120
FINNIFTY02JAN2421750PE.NFO,02/01/2024,09:38:11,297,300.2,80,300.85,40,0,35120
FINNIFTY02JAN2421750PE.NFO,02/01/2024,09:38:11,297,300.2,40,300.95,560,0,35120
FINNIFTY02JAN2421750PE.NFO,02/01/2024,09:38:13,297,299.65,560,300.35,40,0,35120
FINNIFTY02JAN2421750PE.NFO,02/01/2024,09:38:14,297,298.75,560,299.5,40,0,35120
FINNIFTY02JAN2421750PE.NFO,02/01/2024,09:38:15,297,298.1,120,298.9,40,0,35120
FINNIFTY02JAN2421750PE.NFO,02/01/2024,09:38:16,297,298,80,298.7,40,0,35120
FINNIFTY02JAN2421750PE.NFO,02/01/2024,09:38:16,297,297.85,240,298.6,560,0,35120
FINNIFTY02JAN2421750PE.NFO,02/01/2024,09:38:18,297,298.5,120,299.25,560,0,35120
FINNIFTY02JAN2421750PE.NFO,02/01/2024,09:38:19,297,298.4,40,299.1,600,0,35120
FINNIFTY02JAN2421750PE.NFO,02/01/2024,09:38:20,297,296.6,40,297.55,600,0,35120
FINNIFTY02JAN2421750PE.NFO,02/01/2024,09:38:21,297,296.9,40,297.6,40,0,35120
FINNIFTY02JAN2421750PE.NFO,02/01/2024,09:38:21,297,296.8,40,297.5,560,0,35120
FINNIFTY02JAN2421750PE.NFO,02/01/2024,09:38:23,297,296.35,40,297,40,0,35120
FINNIFTY02JAN2421750PE.NFO,02/01/2024,09:38:24,297,296.25,40,296.95,40,0,35120
FINNIFTY02JAN2421750PE.NFO,02/01/2024,09:38:25,297,296.95,560,297.65,40,0,35120
FINNIFTY02JAN2421750PE.NFO,02/01/2024,09:38:26,297,296.4,560,297.15,40,0,35120
FINNIFTY02JAN2421750PE.NFO,02/01/2024,09:38:26,297,294.85,120,295.25,560,0,35120
FINNIFTY02JAN2421750PE.NFO,02/01/2024,09:38:28,294.4,295.5,40,296.25,560,120,35120
FINNIFTY02JAN2421750PE.NFO,02/01/2024,09:38:29,294.4,295.4,40,296.1,560,0,35120
FINNIFTY02JAN2421750PE.NFO,02/01/2024,09:38:30,294.4,295.5,40,296.3,560,0,35120
FINNIFTY02JAN2421750PE.NFO,02/01/2024,09:38:31,294.4,295.4,560,296.2,560,0,35120
FINNIFTY02JAN2421750PE.NFO,02/01/2024,09:38:32,294.4,295.6,560,296.4,600,0,35120
FINNIFTY02JAN2421750PE.NFO,02/01/2024,09:38:33,294.4,295.5,400,296.25,560,0,35120
FINNIFTY02JAN2421750PE.NFO,02/01/2024,09:38:34,294.4,296.5,80,297.2,560,0,35120
FINNIFTY02JAN2421750PE.NFO,02/01/2024,09:38:35,294.4,297.8,40,298.5,560,0,35120
FINNIFTY02JAN2421750PE.NFO,02/01/2024,09:38:36,294.4,297.15,640,297.95,560,0,35120
FINNIFTY02JAN2421750PE.NFO,02/01/2024,09:38:37,294.4,296.7,80,297.45,600,0,35120
FINNIFTY02JAN2421750PE.NFO,02/01/2024,09:38:38,294.4,294.45,560,295.25,560,0,35120
FINNIFTY02JAN2421750PE.NFO,02/01/2024,09:38:39,294.4,295.05,600,295.85,600,0,35120
FINNIFTY02JAN2421750PE.NFO,02/01/2024,09:38:40,294.4,294.65,80,295.35,560,0,35120
FINNIFTY02JAN2421750PE.NFO,02/01/2024,09:38:41,294.4,293.8,560,294.6,560,0,35120
FINNIFTY02JAN2421750PE.NFO,02/01/2024,09:38:42,294.4,294.85,560,295.85,560,0,35120
FINNIFTY02JAN2421750PE.NFO,02/01/2024,09:38:43,294.4,295.45,80,296.1,560,0,35120
FINNIFTY02JAN2421750PE.NFO,02/01/2024,09:38:44,294.4,295.25,560,296.05,560,0,35120
FINNIFTY02JAN2421750PE.NFO,02/01/2024,09:38:45,294.4,294.95,560,295.75,560,0,35120
FINNIFTY02JAN2421750PE.NFO,02/01/2024,09:38:46,294.4,295.9,560,296.65,560,0,35120
FINNIFTY02JAN2421750PE.NFO,02/01/2024,09:38:47,294.4,296.4,40,297.15,560,0,35120
FINNIFTY02JAN2421750PE.NFO,02/01/2024,09:38:48,294.4,296.55,40,297.3,560,0,35120
FINNIFTY02JAN2421750PE.NFO,02/01/2024,09:38:49,294.4,296.3,40,297.05,560,0,35120
FINNIFTY02JAN2421750PE.NFO,02/01/2024,09:38:50,294.4,296,80,296.75,560,0,35120
FINNIFTY02JAN2421750PE.NFO,02/01/2024,09:38:51,294.4,296.55,640,297.35,560,0,35120
FINNIFTY02JAN2421750PE.NFO,02/01/2024,09:38:52,294.4,296.1,640,296.85,560,0,35120
FINNIFTY02JAN2421750PE.NFO,02/01/2024,09:38:53,294.4,295.15,80,295.85,560,0,35120
FINNIFTY02JAN2421750PE.NFO,02/01/2024,09:38:53,294.4,295.15,80,295.9,560,0,35120
FINNIFTY02JAN2421750PE.NFO,02/01/2024,09:38:54,294.4,294.8,560,295.55,560,0,35120
FINNIFTY02JAN2421750PE.NFO,02/01/2024,09:38:55,294.4,293.6,560,294.4,560,0,35120
FINNIFTY02JAN2421750PE.NFO,02/01/2024,09:38:57,294.4,293.15,80,293.85,560,0,35120
FINNIFTY02JAN2421750PE.NFO,02/01/2024,09:38:58,290.15,289.35,80,290.4,80,1280,35520
FINNIFTY02JAN2421750PE.NFO,02/01/2024,09:38:59,290.15,288.7,40,290.1,120,0,35520
FINNIFTY02JAN2421750PE.NFO,02/01/2024,09:39:00,290.15,289.6,40,290.5,600,0,35520
FINNIFTY02JAN2421750PE.NFO,02/01/2024,09:39:01,290.15,289.6,80,290.9,80,0,35520
FINNIFTY02JAN2421750PE.NFO,02/01/2024,09:39:02,283.25,276.05,6240,286.4,200,1960,35520
FINNIFTY02JAN2421750PE.NFO,02/01/2024,09:39:03,283.25,286.25,40,287.7,80,0,35520
FINNIFTY02JAN2421750PE.NFO,02/01/2024,09:39:04,286.95,285.65,40,287.1,40,320,35520
FINNIFTY02JAN2421750PE.NFO,02/01/2024,09:39:05,286.95,287.4,680,288.35,600,0,35520
FINNIFTY02JAN2421750PE.NFO,02/01/2024,09:39:06,286.95,287.25,80,288.2,600,0,35520
FINNIFTY02JAN2421750PE.NFO,02/01/2024,09:39:07,286.95,287.45,560,288.2,560,0,35520
FINNIFTY02JAN2421750PE.NFO,02/01/2024,09:39:08,286.95,287.4,560,288.15,560,0,35520
FINNIFTY02JAN2421750PE.NFO,02/01/2024,09:39:09,286.95,288.25,560,289.05,560,0,35520
FINNIFTY02JAN2421750PE.NFO,02/01/2024,09:39:10,286.95,288.75,560,289.5,560,0,35520
FINNIFTY02JAN2421750PE.NFO,02/01/2024,09:39:11,286.95,289.05,560,289.8,560,0,35520
FINNIFTY02JAN2421750PE.NFO,02/01/2024,09:39:12,286.95,288.85,200,289.6,560,0,35520
FINNIFTY02JAN2421750PE.NFO,02/01/2024,09:39:13,286.95,288.95,560,289.75,560,0,35520
FINNIFTY02JAN2421750PE.NFO,02/01/2024,09:39:14,286.95,288.7,80,289.45,560,0,35520
FINNIFTY02JAN2421750PE.NFO,02/01/2024,09:39:14,286.95,288.65,560,289.45,560,0,35520
FINNIFTY02JAN2421750PE.NFO,02/01/2024,09:39:15,286.95,288.9,120,289.65,560,0,35520
FINNIFTY02JAN2421750PE.NFO,02/01/2024,09:39:16,286.95,290.3,560,291.1,560,0,35520
FINNIFTY02JAN2421750PE.NFO,02/01/2024,09:39:17,286.95,291.35,560,292.15,560,0,35520
FINNIFTY02JAN2421750PE.NFO,02/01/2024,09:39:19,286.95,290.75,560,291.55,560,0,35520
FINNIFTY02JAN2421750PE.NFO,02/01/2024,09:39:20,286.95,289.7,560,290.5,560,0,35520
FINNIFTY02JAN2421750PE.NFO,02/01/2024,09:39:21,286.95,289.35,560,290.1,560,0,35520
FINNIFTY02JAN2421750PE.NFO,02/01/2024,09:39:22,286.95,289.05,640,289.85,560,0,35520
FINNIFTY02JAN2421750PE.NFO,02/01/2024,09:39:23,286.95,288.9,160,289.6,560,0,35520
FINNIFTY02JAN2421750PE.NFO,02/01/2024,09:39:23,286.95,289.25,560,290.05,560,0,35520
FINNIFTY02JAN2421750PE.NFO,02/01/2024,09:39:25,286.95,289.45,80,290.2,560,0,35520
FINNIFTY02JAN2421750PE.NFO,02/01/2024,09:39:26,286.95,289.45,560,290.2,560,0,35520
FINNIFTY02JAN2421750PE.NFO,02/01/2024,09:39:27,286.95,287.05,560,287.85,560,0,35520
FINNIFTY02JAN2421750PE.NFO,02/01/2024,09:39:28,286.95,287.55,560,288.35,560,0,35520
FINNIFTY02JAN2421750PE.NFO,02/01/2024,09:39:29,286.95,287.4,640,288.15,560,0,35520
FINNIFTY02JAN2421750PE.NFO,02/01/2024,09:39:30,288.45,288.2,760,289.05,560,80,35520
FINNIFTY02JAN2421750PE.NFO,02/01/2024,09:39:31,288.45,289.3,40,290.05,600,0,35520
FINNIFTY02JAN2421750PE.NFO,02/01/2024,09:39:32,288.45,289.5,560,290.3,560,0,35520
FINNIFTY02JAN2421750PE.NFO,02/01/2024,09:39:33,288.45,289.3,880,290.15,560,0,35520
FINNIFTY02JAN2421750PE.NFO,02/01/2024,09:39:34,288.45,289.6,200,290.35,560,0,35520
FINNIFTY02JAN2421750PE.NFO,02/01/2024,09:39:35,288.45,290.05,600,290.9,560,0,35520
FINNIFTY02JAN2421750PE.NFO,02/01/2024,09:39:36,288.45,290.45,560,291.25,560,0,35520
FINNIFTY02JAN2421750PE.NFO,02/01/2024,09:39:37,288.45,290.6,600,291.4,560,0,35520
FINNIFTY02JAN2421750PE.NFO,02/01/2024,09:39:38,288.45,290.75,1080,291.55,560,0,35520
FINNIFTY02JAN2421750PE.NFO,02/01/2024,09:39:39,288.45,289.8,320,290.55,560,0,35520
FINNIFTY02JAN2421750PE.NFO,02/01/2024,09:39:40,288.45,290.2,200,290.9,560,0,35520
FINNIFTY02JAN2421750PE.NFO,02/01/2024,09:39:41,288.45,289.15,560,289.85,40,0,35520
FINNIFTY02JAN2421750PE.NFO,02/01/2024,09:39:42,288.45,289.55,560,290.4,600,0,35520
FINNIFTY02JAN2421750PE.NFO,02/01/2024,09:39:43,288.45,288.45,560,289.25,560,0,35520
FINNIFTY02JAN2421750PE.NFO,02/01/2024,09:39:44,287.2,287.05,560,287.8,600,120,35520
FINNIFTY02JAN2421750PE.NFO,02/01/2024,09:39:45,287.2,284.3,40,285.75,40,0,35520
FINNIFTY02JAN2421750PE.NFO,02/01/2024,09:39:46,287.2,283.8,80,285.05,80,0,35520
FINNIFTY02JAN2421750PE.NFO,02/01/2024,09:39:47,287.2,285.85,120,286.65,560,0,35520
FINNIFTY02JAN2421750PE.NFO,02/01/2024,09:39:48,287.2,285.55,640,286.45,560,0,35520
FINNIFTY02JAN2421750PE.NFO,02/01/2024,09:39:49,287.2,285.05,40,285.8,560,0,35520
FINNIFTY02JAN2421750PE.NFO,02/01/2024,09:39:50,287.2,285.7,560,286.05,40,0,35520
FINNIFTY02JAN2421750PE.NFO,02/01/2024,09:39:51,286.05,284.4,640,285.25,560,40,35520
FINNIFTY02JAN2421750PE.NFO,02/01/2024,09:39:52,286.05,285.2,640,286.05,560,0,35520
FINNIFTY02JAN2421750PE.NFO,02/01/2024,09:39:53,286.05,285.4,600,286.25,560,0,35520
FINNIFTY02JAN2421750PE.NFO,02/01/2024,09:39:54,286.05,285.85,40,286.6,600,0,35520
FINNIFTY02JAN2421750PE.NFO,02/01/2024,09:39:55,286.05,285.45,560,286.35,560,0,35520
FINNIFTY02JAN2421750PE.NFO,02/01/2024,09:39:56,286.05,286.25,560,287.05,560,0,35520
FINNIFTY02JAN2421750PE.NFO,02/01/2024,09:39:57,286.05,286.3,760,287.2,560,0,35520
FINNIFTY02JAN2421750PE.NFO,02/01/2024,09:39:58,286.05,286.6,640,287.45,560,0,35520
FINNIFTY02JAN2421750PE.NFO,02/01/2024,09:39:59,287,286.7,600,287.55,560,40,35520
FINNIFTY02JAN2421750PE.NFO,02/01/2024,09:40:00,287,288,600,288.65,40,0,35520
FINNIFTY02JAN2421750PE.NFO,02/01/2024,09:40:01,287,288,760,288.85,560,0,35520
FINNIFTY02JAN2421750PE.NFO,02/01/2024,09:40:02,287,285.25,40,286.25,40,0,35520
FINNIFTY02JAN2421750PE.NFO,02/01/2024,09:40:03,286.25,286.35,200,286.8,40,240,35520
FINNIFTY02JAN2421750PE.NFO,02/01/2024,09:40:04,286.25,285.2,280,285.95,560,0,35520
FINNIFTY02JAN2421750PE.NFO,02/01/2024,09:40:05,286.75,287.1,120,287.9,560,40,35520
FINNIFTY02JAN2421750PE.NFO,02/01/2024,09:40:06,287.1,287.25,760,288.15,600,80,35520
FINNIFTY02JAN2421750PE.NFO,02/01/2024,09:40:07,287.1,287.3,40,288.1,560,0,35520
FINNIFTY02JAN2421750PE.NFO,02/01/2024,09:40:08,287.1,287.45,600,288.3,560,0,35520
FINNIFTY02JAN2421750PE.NFO,02/01/2024,09:40:09,287.1,287.55,200,288.4,560,0,35520
FINNIFTY02JAN2421750PE.NFO,02/01/2024,09:40:10,287.1,287.9,560,288.75,560,0,35520
FINNIFTY02JAN2421750PE.NFO,02/01/2024,09:40:11,287.1,287.8,40,288.55,560,0,35520
FINNIFTY02JAN2421750PE.NFO,02/01/2024,09:40:12,287.1,288.15,840,288.95,40,0,35520
FINNIFTY02JAN2421750PE.NFO,02/01/2024,09:40:13,287.1,288.15,560,288.95,560,0,35520
FINNIFTY02JAN2421750PE.NFO,02/01/2024,09:40:14,287.1,287.65,40,288.45,560,0,35520
FINNIFTY02JAN2421750PE.NFO,02/01/2024,09:40:15,287.1,287.65,560,288.5,560,0,35520
FINNIFTY02JAN2421750PE.NFO,02/01/2024,09:40:16,287.1,286.75,40,287.6,560,0,35520
FINNIFTY02JAN2421750PE.NFO,02/01/2024,09:40:17,287.1,286.75,880,287.6,600,0,35520
FINNIFTY02JAN2421750PE.NFO,02/01/2024,09:40:18,287.1,286.25,80,287.1,80,0,35520
FINNIFTY02JAN2421750PE.NFO,02/01/2024,09:40:19,286.15,284.65,560,285.5,600,40,35520
FINNIFTY02JAN2421750PE.NFO,02/01/2024,09:40:20,286.15,285.2,80,286.1,80,0,35520
FINNIFTY02JAN2421750PE.NFO,02/01/2024,09:40:21,285.6,285.4,640,286.2,80,40,35520
FINNIFTY02JAN2421750PE.NFO,02/01/2024,09:40:22,286,286.1,560,286.9,640,40,35520
FINNIFTY02JAN2421750PE.NFO,02/01/2024,09:40:23,286,286.05,560,286.85,560,0,35520
FINNIFTY02JAN2421750PE.NFO,02/01/2024,09:40:24,286,285.8,640,286.6,600,0,35520
FINNIFTY02JAN2421750PE.NFO,02/01/2024,09:40:25,286,286.3,760,287.15,560,0,35520
FINNIFTY02JAN2421750PE.NFO,02/01/2024,09:40:26,286,286.25,560,287.05,560,0,35520
FINNIFTY02JAN2421750PE.NFO,02/01/2024,09:40:27,286,287.85,40,288.65,560,0,35520
FINNIFTY02JAN2421750PE.NFO,02/01/2024,09:40:28,286,288.6,640,289.35,560,0,35520
FINNIFTY02JAN2421750PE.NFO,02/01/2024,09:40:29,286,289.15,760,290,600,0,35520
FINNIFTY02JAN2421750PE.NFO,02/01/2024,09:40:30,286,288.65,760,289.5,560,0,35520
FINNIFTY02JAN2421750PE.NFO,02/01/2024,09:40:31,286,289.3,680,290.15,560,0,35520
FINNIFTY02JAN2421750PE.NFO,02/01/2024,09:40:32,286,289.35,80,290.1,560,0,35520
FINNIFTY02JAN2421750PE.NFO,02/01/2024,09:40:33,286,289.3,40,290.3,560,0,35520
FINNIFTY02JAN2421750PE.NFO,02/01/2024,09:40:34,286,289.5,600,290.35,560,0,35520
FINNIFTY02JAN2421750PE.NFO,02/01/2024,09:40:35,286,288.95,560,289.8,600,0,35520
FINNIFTY02JAN2421750PE.NFO,02/01/2024,09:40:36,286,288.35,560,289.15,560,0,35520
FINNIFTY02JAN2421750PE.NFO,02/01/2024,09:40:37,286,288.8,640,289.65,560,0,35520
FINNIFTY02JAN2421750PE.NFO,02/01/2024,09:40:38,286,288.5,560,289.3,560,0,35520
FINNIFTY02JAN2421750PE.NFO,02/01/2024,09:40:39,286,288.9,560,289.65,40,0,35520
FINNIFTY02JAN2421750PE.NFO,02/01/2024,09:40:40,286,287.9,560,288.75,560,0,35520
FINNIFTY02JAN2421750PE.NFO,02/01/2024,09:40:41,286,289.1,560,289.95,560,0,35520
FINNIFTY02JAN2421750PE.NFO,02/01/2024,09:40:42,286,289.95,560,290.8,600,0,35520
FINNIFTY02JAN2421750PE.NFO,02/01/2024,09:40:43,286,290.1,80,290.85,560,0,35520
FINNIFTY02JAN2421750PE.NFO,02/01/2024,09:40:44,286,290.9,600,291.75,560,0,35520
FINNIFTY02JAN2421750PE.NFO,02/01/2024,09:40:45,286,292.1,80,293.05,600,0,35520
FINNIFTY02JAN2421750PE.NFO,02/01/2024,09:40:46,286,292.25,560,293.1,560,0,35520
FINNIFTY02JAN2421750PE.NFO,02/01/2024,09:40:47,286,292.1,560,292.95,560,0,35520
FINNIFTY02JAN2421750PE.NFO,02/01/2024,09:40:48,286,292,80,293.15,80,0,35520
FINNIFTY02JAN2421750PE.NFO,02/01/2024,09:40:49,286,291.65,560,292.5,560,0,35520
FINNIFTY02JAN2421750PE.NFO,02/01/2024,09:40:50,286,291.5,40,292.25,560,0,35520
FINNIFTY02JAN2421750PE.NFO,02/01/2024,09:40:51,286,290.9,560,291.75,560,0,35520
FINNIFTY02JAN2421750PE.NFO,02/01/2024,09:40:52,290.3,290.2,640,291.05,560,40,35520
FINNIFTY02JAN2421750PE.NFO,02/01/2024,09:40:53,290.3,289.85,560,290.65,560,0,35520
FINNIFTY02JAN2421750PE.NFO,02/01/2024,09:40:54,290.3,288.95,80,289.8,600,0,35520
FINNIFTY02JAN2421750PE.NFO,02/01/2024,09:40:55,290.3,290.1,560,290.95,560,0,35520
FINNIFTY02JAN2421750PE.NFO,02/01/2024,09:40:56,290.3,290.25,560,291.05,560,0,35520
FINNIFTY02JAN2421750PE.NFO,02/01/2024,09:40:57,290.3,290.4,80,291.15,80,0,35520
FINNIFTY02JAN2421750PE.NFO,02/01/2024,09:40:58,290.3,289.85,40,290.65,560,0,35520
FINNIFTY02JAN2421750PE.NFO,02/01/2024,09:40:59,290.3,288.05,600,289.2,560,0,35520
FINNIFTY02JAN2421750PE.NFO,02/01/2024,09:41:00,290.3,289.55,120,290.35,560,0,35520
FINNIFTY02JAN2421750PE.NFO,02/01/2024,09:41:01,290.3,290.4,560,291.25,560,0,35520
FINNIFTY02JAN2421750PE.NFO,02/01/2024,09:41:02,290.3,290.45,560,291.25,40,0,35520
FINNIFTY02JAN2421750PE.NFO,02/01/2024,09:41:03,290.3,290.7,560,291.55,560,0,35520
FINNIFTY02JAN2421750PE.NFO,02/01/2024,09:41:04,290.3,290.45,560,291.3,560,0,35520
FINNIFTY02JAN2421750PE.NFO,02/01/2024,09:41:05,290.3,289.8,560,290.55,560,0,35520
FINNIFTY02JAN2421750PE.NFO,02/01/2024,09:41:06,290.3,289.9,160,290.65,560,0,35520
FINNIFTY02JAN2421750PE.NFO,02/01/2024,09:41:07,290.3,289.7,40,290.85,80,0,35520
FINNIFTY02JAN2421750PE.NFO,02/01/2024,09:41:08,290.3,290.3,560,291.2,560,0,35520
FINNIFTY02JAN2421750PE.NFO,02/01/2024,09:41:09,290.3,290.65,560,291.5,560,0,35520
FINNIFTY02JAN2421750PE.NFO,02/01/2024,09:41:10,290.3,290.7,560,291.55,560,0,35520
FINNIFTY02JAN2421750PE.NFO,02/01/2024,09:41:11,290.3,291.5,560,292.3,560,0,35520
FINNIFTY02JAN2421750PE.NFO,02/01/2024,09:41:12,290.3,291.4,80,292.1,560,0,35520
FINNIFTY02JAN2421750PE.NFO,02/01/2024,09:41:13,290.3,291,560,291.8,40,0,35520
FINNIFTY02JAN2421750PE.NFO,02/01/2024,09:41:14,290.3,291.05,560,291.85,560,0,35520
FINNIFTY02JAN2421750PE.NFO,02/01/2024,09:41:15,290.3,290.85,720,291.7,560,0,35520
FINNIFTY02JAN2421750PE.NFO,02/01/2024,09:41:16,290.3,291.1,560,291.95,560,0,35520
FINNIFTY02JAN2421750PE.NFO,02/01/2024,09:41:18,290.3,291.65,560,292.45,560,0,35520
FINNIFTY02JAN2421750PE.NFO,02/01/2024,09:41:19,290.3,291.75,560,292.6,600,0,35520
FINNIFTY02JAN2421750PE.NFO,02/01/2024,09:41:20,289.9,290.35,560,291.15,560,120,35520
FINNIFTY02JAN2421750PE.NFO,02/01/2024,09:41:21,289.9,290.2,640,291.05,560,0,35520
FINNIFTY02JAN2421750PE.NFO,02/01/2024,09:41:22,289.9,289.75,280,290.5,560,0,35520
FINNIFTY02JAN2421750PE.NFO,02/01/2024,09:41:23,289.75,289.55,560,290.45,640,40,35520
FINNIFTY02JAN2421750PE.NFO,02/01/2024,09:41:24,289.75,289.55,200,290.35,560,0,35520
FINNIFTY02JAN2421750PE.NFO,02/01/2024,09:41:25,289.75,290.05,560,290.85,560,0,35520
FINNIFTY02JAN2421750PE.NFO,02/01/2024,09:41:26,289.75,289.95,200,290.7,560,0,35520
FINNIFTY02JAN2421750PE.NFO,02/01/2024,09:41:27,289.75,290.05,40,290.85,600,0,35520
FINNIFTY02JAN2421750PE.NFO,02/01/2024,09:41:28,289.75,289.9,720,290.75,560,0,35520
FINNIFTY02JAN2421750PE.NFO,02/01/2024,09:41:29,290.95,290.6,160,291.4,560,40,35520
FINNIFTY02JAN2421750PE.NFO,02/01/2024,09:41:30,290.95,291.1,560,291.9,560,0,35520
FINNIFTY02JAN2421750PE.NFO,02/01/2024,09:41:31,290.95,290.1,640,291,600,0,35520
FINNIFTY02JAN2421750PE.NFO,02/01/2024,09:41:32,290.95,290.25,120,291,600,0,35520
FINNIFTY02JAN2421750PE.NFO,02/01/2024,09:41:33,290.95,289.7,560,290.55,600,0,35520
FINNIFTY02JAN2421750PE.NFO,02/01/2024,09:41:34,290.95,289.95,240,290.7,600,0,35520
FINNIFTY02JAN2421750PE.NFO,02/01/2024,09:41:35,290.95,289.8,560,290.6,560,0,35520
FINNIFTY02JAN2421750PE.NFO,02/01/2024,09:41:36,290.95,290.25,240,291.25,160,0,35520
FINNIFTY02JAN2421750PE.NFO,02/01/2024,09:41:37,290.95,290.7,760,291.55,560,0,35520
FINNIFTY02JAN2421750PE.NFO,02/01/2024,09:41:38,290.95,291.55,40,292.2,560,0,35520
FINNIFTY02JAN2421750PE.NFO,02/01/2024,09:41:39,290.95,291.4,560,292.35,760,0,35520
FINNIFTY02JAN2421750PE.NFO,02/01/2024,09:41:40,290.95,290.05,80,290.75,560,0,35520
FINNIFTY02JAN2421750PE.NFO,02/01/2024,09:41:41,290.95,289.9,560,290.8,560,0,35520
FINNIFTY02JAN2421750PE.NFO,02/01/2024,09:41:42,290.95,289.9,80,290.7,560,0,35520
FINNIFTY02JAN2421750PE.NFO,02/01/2024,09:41:43,290.95,289.85,560,290.7,560,0,35520
FINNIFTY02JAN2421750PE.NFO,02/01/2024,09:41:44,290.95,289.8,640,290.7,560,0,35520
FINNIFTY02JAN2421750PE.NFO,02/01/2024,09:41:45,290.95,289.65,560,290.5,600,0,35520
FINNIFTY02JAN2421750PE.NFO,02/01/2024,09:41:46,290.95,289.5,160,290.25,560,0,35520
FINNIFTY02JAN2421750PE.NFO,02/01/2024,09:41:47,290.95,290.5,800,291.35,560,0,35520
FINNIFTY02JAN2421750PE.NFO,02/01/2024,09:41:48,290.95,289.9,560,290.7,560,0,35520
FINNIFTY02JAN2421750PE.NFO,02/01/2024,09:41:49,290.95,289.8,160,290.55,600,0,35520
FINNIFTY02JAN2421750PE.NFO,02/01/2024,09:41:50,290.95,290.6,560,291.4,560,0,35520
FINNIFTY02JAN2421750PE.NFO,02/01/2024,09:41:51,290.95,290.9,160,291.7,560,0,35520
FINNIFTY02JAN2421750PE.NFO,02/01/2024,09:41:52,290.95,291,560,291.85,560,0,35520
FINNIFTY02JAN2421750PE.NFO,02/01/2024,09:41:53,290.95,290.8,640,291.65,560,0,35520
FINNIFTY02JAN2421750PE.NFO,02/01/2024,09:41:54,290.95,290.55,560,291.4,560,0,35520
FINNIFTY02JAN2421750PE.NFO,02/01/2024,09:41:55,290.95,290.8,640,291.7,560,0,35520
FINNIFTY02JAN2421750PE.NFO,02/01/2024,09:41:56,291.8,290.8,160,291.55,560,120,33920
FINNIFTY02JAN2421750PE.NFO,02/01/2024,09:41:57,291.8,290.7,160,291.35,560,0,33920
FINNIFTY02JAN2421750PE.NFO,02/01/2024,09:41:58,291.8,291.2,40,291.95,560,0,33920
FINNIFTY02JAN2421750PE.NFO,02/01/2024,09:41:59,291.8,291.05,40,291.85,560,0,33920
FINNIFTY02JAN2421750PE.NFO,02/01/2024,09:42:00,291.8,294.35,40,295.45,440,0,33920
FINNIFTY02JAN2421750PE.NFO,02/01/2024,09:42:01,294,293.9,80,294.7,560,80,33920
FINNIFTY02JAN2421750PE.NFO,02/01/2024,09:42:02,294,295,80,296.15,120,0,33920
FINNIFTY02JAN2421750PE.NFO,02/01/2024,09:42:03,294,294.3,80,295.25,560,0,33920
FINNIFTY02JAN2421750PE.NFO,02/01/2024,09:42:04,294,294.1,160,294.9,560,0,33920
FINNIFTY02JAN2421750PE.NFO,02/01/2024,09:42:05,294,295.65,560,296.5,600,0,33920
FINNIFTY02JAN2421750PE.NFO,02/01/2024,09:42:06,294,296.4,200,297.25,560,0,33920
FINNIFTY02JAN2421750PE.NFO,02/01/2024,09:42:07,294,296.35,600,297.15,560,0,33920
FINNIFTY02JAN2421750PE.NFO,02/01/2024,09:42:08,294,295.75,40,296.5,560,0,33920
FINNIFTY02JAN2421750PE.NFO,02/01/2024,09:42:09,294,295.2,240,296,600,0,33920
FINNIFTY02JAN2421750PE.NFO,02/01/2024,09:42:10,295.25,294.55,560,295.4,560,40,33920
FINNIFTY02JAN2421750PE.NFO,02/01/2024,09:42:12,295.25,295,560,295.85,640,0,33920
FINNIFTY02JAN2421750PE.NFO,02/01/2024,09:42:13,295.25,295.2,320,296.15,160,0,33920
FINNIFTY02JAN2421750PE.NFO,02/01/2024,09:42:14,295.25,295.6,640,296.5,560,0,33920
FINNIFTY02JAN2421750PE.NFO,02/01/2024,09:42:15,295.25,295.45,560,296.2,40,0,33920
FINNIFTY02JAN2421750PE.NFO,02/01/2024,09:42:16,295.25,295.55,560,296.4,640,0,33920
FINNIFTY02JAN2421750PE.NFO,02/01/2024,09:42:17,295.25,295.2,640,296.05,560,0,33920
FINNIFTY02JAN2421750PE.NFO,02/01/2024,09:42:18,295.25,294.8,80,295.85,80,0,33920
FINNIFTY02JAN2421750PE.NFO,02/01/2024,09:42:19,295.25,295.15,720,296,640,0,33920
FINNIFTY02JAN2421750PE.NFO,02/01/2024,09:42:20,293.45,292.9,40,294.15,560,40,33920
FINNIFTY02JAN2421750PE.NFO,02/01/2024,09:42:21,293.45,293.9,720,294.75,560,0,33920
FINNIFTY02JAN2421750PE.NFO,02/01/2024,09:42:22,293.45,294.75,720,295.6,760,0,33920
FINNIFTY02JAN2421750PE.NFO,02/01/2024,09:42:23,293.45,294.7,560,295.55,560,0,33920
FINNIFTY02JAN2421750PE.NFO,02/01/2024,09:42:24,293.45,295.1,320,295.9,560,0,33920
FINNIFTY02JAN2421750PE.NFO,02/01/2024,09:42:25,293.45,294.9,200,295.8,40,0,33920
FINNIFTY02JAN2421750PE.NFO,02/01/2024,09:42:26,293.45,295.15,560,295.95,560,0,33920
FINNIFTY02JAN2421750PE.NFO,02/01/2024,09:42:27,293.45,294.8,80,295.55,560,0,33920
FINNIFTY02JAN2421750PE.NFO,02/01/2024,09:42:28,293.45,295.5,560,296.2,40,0,33920
FINNIFTY02JAN2421750PE.NFO,02/01/2024,09:42:29,293.45,294.45,560,295.3,560,0,33920
FINNIFTY02JAN2421750PE.NFO,02/01/2024,09:42:30,293.45,294.4,640,295.2,600,0,33920
FINNIFTY02JAN2421750PE.NFO,02/01/2024,09:42:30,293.45,293.95,560,294.8,600,0,33920
FINNIFTY02JAN2421750PE.NFO,02/01/2024,09:42:31,293.45,293.05,240,293.9,560,0,33920
FINNIFTY02JAN2421750PE.NFO,02/01/2024,09:42:32,293.45,294.6,640,295.45,640,0,33920
FINNIFTY02JAN2421750PE.NFO,02/01/2024,09:42:33,293.45,293.7,560,294.55,600,0,33920
FINNIFTY02JAN2421750PE.NFO,02/01/2024,09:42:34,293.45,294.4,640,295.2,560,0,33920
FINNIFTY02JAN2421750PE.NFO,02/01/2024,09:42:36,293.45,294,640,294.85,560,0,33920
FINNIFTY02JAN2421750PE.NFO,02/01/2024,09:42:36,293.45,293.95,80,294.75,560,0,33920
FINNIFTY02JAN2421750PE.NFO,02/01/2024,09:42:37,293.45,294.25,560,295.1,560,0,33920
FINNIFTY02JAN2421750PE.NFO,02/01/2024,09:42:38,293.45,293,80,294.1,40,0,33920
FINNIFTY02JAN2421750PE.NFO,02/01/2024,09:42:39,293.45,292.6,720,293.45,560,0,33920
FINNIFTY02JAN2421750PE.NFO,02/01/2024,09:42:40,293.45,292.7,80,293.65,40,0,33920
FINNIFTY02JAN2421750PE.NFO,02/01/2024,09:42:41,293.45,293.5,560,294.3,560,0,33920
FINNIFTY02JAN2421750PE.NFO,02/01/2024,09:42:42,293.45,292.75,560,293.6,640,0,33920
FINNIFTY02JAN2421750PE.NFO,02/01/2024,09:42:43,293.45,293.1,560,293.95,560,0,33920
FINNIFTY02JAN2421750PE.NFO,02/01/2024,09:42:45,293.45,292.45,560,293.25,560,40,33920
FINNIFTY02JAN2421750PE.NFO,02/01/2024,09:42:45,293.45,292.55,560,293.35,560,0,33920
FINNIFTY02JAN2421750PE.NFO,02/01/2024,09:42:46,293.45,292.9,160,293.75,560,0,33920
FINNIFTY02JAN2421750PE.NFO,02/01/2024,09:42:47,293.45,293.3,560,294.15,160,0,33920
FINNIFTY02JAN2421750PE.NFO,02/01/2024,09:42:48,293.45,292.75,560,293.55,40,0,33920
FINNIFTY02JAN2421750PE.NFO,02/01/2024,09:42:50,293.45,292.8,800,293.55,560,0,33920
FINNIFTY02JAN2421750PE.NFO,02/01/2024,09:42:50,293.45,292.8,560,293.6,640,0,33920
FINNIFTY02JAN2421750PE.NFO,02/01/2024,09:42:51,293.45,292.25,560,293.05,600,0,33920
FINNIFTY02JAN2421750PE.NFO,02/01/2024,09:42:52,293.45,291.9,160,292.7,640,0,33920
FINNIFTY02JAN2421750PE.NFO,02/01/2024,09:42:53,293.45,290.35,560,291.15,560,0,33920
FINNIFTY02JAN2421750PE.NFO,02/01/2024,09:42:54,293.45,290.8,640,291.65,560,0,33920
FINNIFTY02JAN2421750PE.NFO,02/01/2024,09:42:55,293.45,290.3,560,291.15,560,0,33920
FINNIFTY02JAN2421750PE.NFO,02/01/2024,09:42:56,293.45,290.25,120,291.25,40,0,33920
FINNIFTY02JAN2421750PE.NFO,02/01/2024,09:42:57,293.45,289.85,560,290.6,560,0,33920
FINNIFTY02JAN2421750PE.NFO,02/01/2024,09:42:58,290.05,290.05,160,290.8,600,80,33920
FINNIFTY02JAN2421750PE.NFO,02/01/2024,09:42:59,290,289.7,600,290.5,40,120,33920
FINNIFTY02JAN2421750PE.NFO,02/01/2024,09:43:00,290.65,290.9,560,291.75,600,40,33920
FINNIFTY02JAN2421750PE.NFO,02/01/2024,09:43:01,290.65,291.5,560,292.35,600,0,33920
FINNIFTY02JAN2421750PE.NFO,02/01/2024,09:43:02,290.65,291.1,560,291.95,560,0,33920
FINNIFTY02JAN2421750PE.NFO,02/01/2024,09:43:04,290.65,290.1,720,290.9,560,0,33920
FINNIFTY02JAN2421750PE.NFO,02/01/2024,09:43:04,290.65,289.5,560,290.3,560,0,33920
FINNIFTY02JAN2421750PE.NFO,02/01/2024,09:43:05,290.65,289.45,560,290.4,640,0,33920
FINNIFTY02JAN2421750PE.NFO,02/01/2024,09:43:06,290.65,290.75,560,291.55,600,0,33920
FINNIFTY02JAN2421750PE.NFO,02/01/2024,09:43:07,290.65,290.7,560,291.5,600,0,33920
FINNIFTY02JAN2421750PE.NFO,02/01/2024,09:43:09,290.65,290.7,840,291.6,560,0,33920
FINNIFTY02JAN2421750PE.NFO,02/01/2024,09:43:09,290.65,290.8,560,291.6,600,0,33920
FINNIFTY02JAN2421750PE.NFO,02/01/2024,09:43:10,290.65,291.6,560,292.4,640,0,33920
FINNIFTY02JAN2421750PE.NFO,02/01/2024,09:43:11,290.65,291.9,560,292.75,600,0,33920
FINNIFTY02JAN2421750PE.NFO,02/01/2024,09:43:12,290.65,293.55,560,294.45,560,0,33920
FINNIFTY02JAN2421750PE.NFO,02/01/2024,09:43:14,290.65,293.75,160,294.6,560,0,33920
FINNIFTY02JAN2421750PE.NFO,02/01/2024,09:43:14,290.65,294.05,80,294.85,40,0,33920
FINNIFTY02JAN2421750PE.NFO,02/01/2024,09:43:15,290.65,294,80,294.85,560,0,33920
FINNIFTY02JAN2421750PE.NFO,02/01/2024,09:43:16,290.65,293.65,560,294.5,600,0,33920
FINNIFTY02JAN2421750PE.NFO,02/01/2024,09:43:17,290.65,294.25,160,295.05,560,0,33920
FINNIFTY02JAN2421750PE.NFO,02/01/2024,09:43:19,290.65,294.7,80,295.5,600,0,33920
FINNIFTY02JAN2421750PE.NFO,02/01/2024,09:43:19,290.65,295.1,80,295.8,600,0,33920
FINNIFTY02JAN2421750PE.NFO,02/01/2024,09:43:20,290.65,295.15,560,296.05,560,0,33920
FINNIFTY02JAN2421750PE.NFO,02/01/2024,09:43:21,290.65,294.8,640,295.65,560,0,33920
FINNIFTY02JAN2421750PE.NFO,02/01/2024,09:43:22,290.65,295.1,560,295.95,560,0,33920
FINNIFTY02JAN2421750PE.NFO,02/01/2024,09:43:23,290.65,295.4,640,296.2,560,0,33920
FINNIFTY02JAN2421750PE.NFO,02/01/2024,09:43:24,290.65,295.3,560,296.1,560,0,33920
FINNIFTY02JAN2421750PE.NFO,02/01/2024,09:43:26,290.65,296.8,560,297.6,560,0,33920
FINNIFTY02JAN2421750PE.NFO,02/01/2024,09:43:26,290.65,296.8,640,297.6,560,0,33920
FINNIFTY02JAN2421750PE.NFO,02/01/2024,09:43:27,290.65,297.05,560,297.9,560,0,33920
FINNIFTY02JAN2421750PE.NFO,02/01/2024,09:43:28,290.65,296.6,640,297.65,600,0,33920
FINNIFTY02JAN2421750PE.NFO,02/01/2024,09:43:29,297.45,296.65,80,297.35,560,120,33920
FINNIFTY02JAN2421750PE.NFO,02/01/2024,09:43:30,297.45,296.05,560,296.85,600,0,33920
FINNIFTY02JAN2421750PE.NFO,02/01/2024,09:43:31,297.45,295.95,200,296.7,600,0,33920
FINNIFTY02JAN2421750PE.NFO,02/01/2024,09:43:32,297.45,296.7,280,297.85,40,0,33920
FINNIFTY02JAN2421750PE.NFO,02/01/2024,09:43:33,297.45,298.6,80,299.6,80,0,33920
FINNIFTY02JAN2421750PE.NFO,02/01/2024,09:43:34,297.45,298,680,298.8,560,0,33920
FINNIFTY02JAN2421750PE.NFO,02/01/2024,09:43:35,297.45,297.7,160,298.4,560,0,33920
FINNIFTY02JAN2421750PE.NFO,02/01/2024,09:43:36,297.45,298.4,560,299.25,560,0,33920
FINNIFTY02JAN2421750PE.NFO,02/01/2024,09:43:37,297.45,299.2,800,300,600,0,33920
FINNIFTY02JAN2421750PE.NFO,02/01/2024,09:43:38,297.45,300.9,720,301.8,80,0,33920
FINNIFTY02JAN2421750PE.NFO,02/01/2024,09:43:39,297.45,299.5,560,300.35,560,0,33920
FINNIFTY02JAN2421750PE.NFO,02/01/2024,09:43:40,297.45,299.2,560,300,600,0,33920
FINNIFTY02JAN2421750PE.NFO,02/01/2024,09:43:41,297.45,299.5,560,300.35,40,0,33920
FINNIFTY02JAN2421750PE.NFO,02/01/2024,09:43:42,297.45,299.4,80,300.25,560,0,33920
FINNIFTY02JAN2421750PE.NFO,02/01/2024,09:43:43,297.45,300.35,560,301.2,560,0,33920
FINNIFTY02JAN2421750PE.NFO,02/01/2024,09:43:44,297.45,300.35,560,301.25,560,0,33920
FINNIFTY02JAN2421750PE.NFO,02/01/2024,09:43:45,297.45,299.85,560,300.75,560,0,33920
