Ticker,Date,Time,LTP,BuyPrice,BuyQty,SellPrice,SellQty,LTQ,OpenInterest
FINNIFTY02JAN2423200CE.NFO,02/01/2024,09:15:07,0.4,0.1,45000,0.4,4640,4000,57600
FINNIFTY02JAN2423200CE.NFO,02/01/2024,09:15:07,0.4,0.1,45000,0.4,4640,0,57600
FINNIFTY02JAN2423200CE.NFO,02/01/2024,09:15:07,0.4,0.1,45000,0.4,4640,0,57600
FINNIFTY02JAN2423200CE.NFO,02/01/2024,09:15:07,0.4,0.1,45000,0.4,4640,0,57600
FINNIFTY02JAN2423200CE.NFO,02/01/2024,09:15:20,0.4,0.15,27360,0.4,4240,0,57600
FINNIFTY02JAN2423200CE.NFO,02/01/2024,09:15:31,0.2,0.2,1240,0.3,800,5440,57600
FINNIFTY02JAN2423200CE.NFO,02/01/2024,09:15:31,0.15,0.2,1240,0.3,800,0,57600
FINNIFTY02JAN2423200CE.NFO,02/01/2024,09:15:40,0.2,0.2,5440,0.3,2240,2200,57600
FINNIFTY02JAN2423200CE.NFO,02/01/2024,09:15:49,0.25,0.2,19720,0.25,1560,1480,57600
FINNIFTY02JAN2423200CE.NFO,02/01/2024,09:15:58,0.25,0.2,19720,0.25,1560,0,57600
FINNIFTY02JAN2423200CE.NFO,02/01/2024,09:16:08,0.25,0.2,18680,0.25,4400,1240,57600
FINNIFTY02JAN2423200CE.NFO,02/01/2024,09:16:16,0.2,0.2,18640,0.25,4400,40,57600
FINNIFTY02JAN2423200CE.NFO,02/01/2024,09:16:24,0.2,0.2,18600,0.25,5480,240,57600
FINNIFTY02JAN2423200CE.NFO,02/01/2024,09:16:49,0.25,0.2,19800,0.25,4840,1800,57600
FINNIFTY02JAN2423200CE.NFO,02/01/2024,09:16:56,0.2,0.2,21200,0.25,3720,2400,57600
FINNIFTY02JAN2423200CE.NFO,02/01/2024,09:17:04,0.25,0.2,35840,0.25,4080,3640,57600
FINNIFTY02JAN2423200CE.NFO,02/01/2024,09:17:13,0.25,0.2,35840,0.25,5760,280,57600
FINNIFTY02JAN2423200CE.NFO,02/01/2024,09:17:38,0.25,0.2,36360,0.25,3960,0,57600
FINNIFTY02JAN2423200CE.NFO,02/01/2024,09:17:46,0.25,0.2,36360,0.25,6120,0,57600
FINNIFTY02JAN2423200CE.NFO,02/01/2024,09:18:09,0.25,0.2,36200,0.25,4320,0,57600
FINNIFTY02JAN2423200CE.NFO,02/01/2024,09:18:16,0.25,0.2,36280,0.25,4320,0,57600
FINNIFTY02JAN2423200CE.NFO,02/01/2024,09:18:24,0.25,0.2,36360,0.25,4320,0,57600
FINNIFTY02JAN2423200CE.NFO,02/01/2024,09:18:31,0.25,0.2,36360,0.25,9960,0,57600
FINNIFTY02JAN2423200CE.NFO,02/01/2024,09:19:12,0.25,0.2,36360,0.25,9800,160,65200
FINNIFTY02JAN2423200CE.NFO,02/01/2024,09:19:47,0.25,0.2,36360,0.25,9800,0,65200
FINNIFTY02JAN2423200CE.NFO,02/01/2024,09:20:03,0.25,0.2,36440,0.25,9800,0,65200
FINNIFTY02JAN2423200CE.NFO,02/01/2024,09:20:11,0.25,0.2,36480,0.25,9800,0,65200
FINNIFTY02JAN2423200CE.NFO,02/01/2024,09:20:50,0.25,0.2,37280,0.25,5920,640,65200
FINNIFTY02JAN2423200CE.NFO,02/01/2024,09:20:59,0.25,0.2,37280,0.25,5640,280,65200
FINNIFTY02JAN2423200CE.NFO,02/01/2024,09:21:11,0.2,0.2,36480,0.25,10920,1200,65200
FINNIFTY02JAN2423200CE.NFO,02/01/2024,09:21:23,0.2,0.2,37600,0.25,10640,280,65200
FINNIFTY02JAN2423200CE.NFO,02/01/2024,09:21:35,0.25,0.2,39400,0.25,8240,2400,65200
FINNIFTY02JAN2423200CE.NFO,02/01/2024,09:21:46,0.25,0.2,39400,0.25,8680,800,65200
FINNIFTY02JAN2423200CE.NFO,02/01/2024,09:21:57,0.25,0.2,41520,0.25,1600,6400,65200
FINNIFTY02JAN2423200CE.NFO,02/01/2024,09:22:09,0.25,0.25,58280,0.3,5240,3560,65200
FINNIFTY02JAN2423200CE.NFO,02/01/2024,09:22:20,0.3,0.25,56480,0.3,2960,480,65200
FINNIFTY02JAN2423200CE.NFO,02/01/2024,09:22:31,0.3,0.25,52880,0.3,2480,800,65200
FINNIFTY02JAN2423200CE.NFO,02/01/2024,09:22:43,0.3,0.25,52880,0.3,2480,0,65200
FINNIFTY02JAN2423200CE.NFO,02/01/2024,09:23:05,0.3,0.25,52880,0.3,6120,0,65200
FINNIFTY02JAN2423200CE.NFO,02/01/2024,09:23:26,0.3,0.25,47120,0.3,4280,0,65200
FINNIFTY02JAN2423200CE.NFO,02/01/2024,09:23:37,0.25,0.25,44520,0.3,6120,800,70800
FINNIFTY02JAN2423200CE.NFO,02/01/2024,09:23:48,0.3,0.25,46320,0.3,1800,1440,70800
FINNIFTY02JAN2423200CE.NFO,02/01/2024,09:23:58,0.3,0.25,48240,0.3,320,3560,70800
FINNIFTY02JAN2423200CE.NFO,02/01/2024,09:24:09,0.25,0.25,49400,0.3,1240,3200,70800
FINNIFTY02JAN2423200CE.NFO,02/01/2024,09:24:19,0.25,0.25,47320,0.3,4000,280,70800
FINNIFTY02JAN2423200CE.NFO,02/01/2024,09:24:31,0.25,0.25,36760,0.3,10320,0,70800
FINNIFTY02JAN2423200CE.NFO,02/01/2024,09:24:41,0.25,0.25,38560,0.3,11320,0,70800
FINNIFTY02JAN2423200CE.NFO,02/01/2024,09:24:52,0.25,0.25,38200,0.3,11240,0,70800
FINNIFTY02JAN2423200CE.NFO,02/01/2024,09:25:03,0.25,0.25,37000,0.3,11280,1200,70800
FINNIFTY02JAN2423200CE.NFO,02/01/2024,09:25:15,0.25,0.25,36720,0.3,11240,280,70800
FINNIFTY02JAN2423200CE.NFO,02/01/2024,09:25:25,0.25,0.25,35560,0.3,14600,1160,70800
FINNIFTY02JAN2423200CE.NFO,02/01/2024,09:25:36,0.25,0.25,33160,0.3,14880,2400,70800
FINNIFTY02JAN2423200CE.NFO,02/01/2024,09:25:47,0.25,0.25,19360,0.3,18160,1880,70800
FINNIFTY02JAN2423200CE.NFO,02/01/2024,09:25:58,0.25,0.25,17560,0.3,18160,0,70800
FINNIFTY02JAN2423200CE.NFO,02/01/2024,09:26:08,0.25,0.25,17560,0.3,18200,0,70800
FINNIFTY02JAN2423200CE.NFO,02/01/2024,09:26:21,0.25,0.25,17960,0.3,16760,0,70800
FINNIFTY02JAN2423200CE.NFO,02/01/2024,09:26:33,0.3,0.25,18560,0.3,14640,2040,67960
FINNIFTY02JAN2423200CE.NFO,02/01/2024,09:26:46,0.3,0.25,28200,0.3,13760,1760,67960
FINNIFTY02JAN2423200CE.NFO,02/01/2024,09:26:59,0.3,0.25,31440,0.3,16680,0,67960
FINNIFTY02JAN2423200CE.NFO,02/01/2024,09:27:21,0.3,0.25,31800,0.3,32120,0,67960
FINNIFTY02JAN2423200CE.NFO,02/01/2024,09:27:32,0.25,0.25,29000,0.3,36120,3080,67960
FINNIFTY02JAN2423200CE.NFO,02/01/2024,09:27:43,0.25,0.25,18640,0.3,36400,1000,67960
FINNIFTY02JAN2423200CE.NFO,02/01/2024,09:27:55,0.25,0.2,69320,0.25,8200,6200,67960
FINNIFTY02JAN2423200CE.NFO,02/01/2024,09:28:07,0.2,0.2,74680,0.25,15720,40,67960
FINNIFTY02JAN2423200CE.NFO,02/01/2024,09:28:43,0.2,0.2,74680,0.25,15720,0,67960
FINNIFTY02JAN2423200CE.NFO,02/01/2024,09:29:41,0.2,0.2,75080,0.25,25720,0,67960
FINNIFTY02JAN2423200CE.NFO,02/01/2024,09:30:04,0.25,0.2,75440,0.25,24440,1280,66800
FINNIFTY02JAN2423200CE.NFO,02/01/2024,09:30:16,0.25,0.2,75440,0.25,24440,0,66800
FINNIFTY02JAN2423200CE.NFO,02/01/2024,09:31:12,0.25,0.2,75440,0.25,26840,0,66800
FINNIFTY02JAN2423200CE.NFO,02/01/2024,09:31:24,0.25,0.2,75440,0.25,26480,360,66800
FINNIFTY02JAN2423200CE.NFO,02/01/2024,09:32:19,0.25,0.2,75440,0.25,26480,0,66800
FINNIFTY02JAN2423200CE.NFO,02/01/2024,09:32:31,0.25,0.2,75440,0.25,28640,0,66800
FINNIFTY02JAN2423200CE.NFO,02/01/2024,09:34:11,0.25,0.2,72080,0.25,33080,0,66800
FINNIFTY02JAN2423200CE.NFO,02/01/2024,09:34:32,0.25,0.2,68480,0.25,33080,0,66800
FINNIFTY02JAN2423200CE.NFO,02/01/2024,09:35:13,0.25,0.2,69320,0.25,33080,0,66800
FINNIFTY02JAN2423200CE.NFO,02/01/2024,09:36:06,0.25,0.2,63080,0.25,28760,1000,67000
FINNIFTY02JAN2423200CE.NFO,02/01/2024,09:36:18,0.25,0.2,63080,0.25,46800,2600,67000
FINNIFTY02JAN2423200CE.NFO,02/01/2024,09:36:29,0.25,0.2,63080,0.25,46000,800,67000
FINNIFTY02JAN2423200CE.NFO,02/01/2024,09:36:40,0.25,0.2,63080,0.25,46000,0,67000
FINNIFTY02JAN2423200CE.NFO,02/01/2024,09:37:12,0.25,0.2,63120,0.25,46000,0,67000
FINNIFTY02JAN2423200CE.NFO,02/01/2024,09:38:03,0.25,0.2,63120,0.25,45920,80,67000
FINNIFTY02JAN2423200CE.NFO,02/01/2024,09:38:13,0.25,0.2,63120,0.25,45880,40,67000
FINNIFTY02JAN2423200CE.NFO,02/01/2024,09:38:56,0.25,0.2,63360,0.25,45880,0,67000
FINNIFTY02JAN2423200CE.NFO,02/01/2024,09:39:18,0.25,0.2,61560,0.25,52240,3000,67280
FINNIFTY02JAN2423200CE.NFO,02/01/2024,09:39:29,0.25,0.2,56160,0.25,52240,0,67280
FINNIFTY02JAN2423200CE.NFO,02/01/2024,09:39:40,0.25,0.2,55160,0.25,52240,0,67280
FINNIFTY02JAN2423200CE.NFO,02/01/2024,09:39:51,0.25,0.2,54160,0.25,52240,0,67280
FINNIFTY02JAN2423200CE.NFO,02/01/2024,09:40:15,0.25,0.2,54160,0.25,47680,4560,67280
FINNIFTY02JAN2423200CE.NFO,02/01/2024,09:40:28,0.25,0.2,54160,0.25,46240,1440,67280
FINNIFTY02JAN2423200CE.NFO,02/01/2024,09:40:40,0.25,0.2,54160,0.25,45840,400,67280
FINNIFTY02JAN2423200CE.NFO,02/01/2024,09:40:53,0.25,0.2,54160,0.25,45840,0,67280
FINNIFTY02JAN2423200CE.NFO,02/01/2024,09:41:16,0.25,0.2,54160,0.25,44280,1560,67280
FINNIFTY02JAN2423200CE.NFO,02/01/2024,09:42:00,0.25,0.2,54280,0.25,44280,0,67280
FINNIFTY02JAN2423200CE.NFO,02/01/2024,09:43:17,0.25,0.2,54240,0.25,44240,40,69080
FINNIFTY02JAN2423200CE.NFO,02/01/2024,09:43:28,0.2,0.2,52600,0.25,42440,1800,69080
FINNIFTY02JAN2423200CE.NFO,02/01/2024,09:44:25,0.2,0.2,52720,0.25,44240,0,69080
FINNIFTY02JAN2423200CE.NFO,02/01/2024,09:45:06,0.25,0.2,52720,0.25,43400,840,70840
FINNIFTY02JAN2423200CE.NFO,02/01/2024,09:46:12,0.25,0.2,52600,0.25,43400,0,70840
FINNIFTY02JAN2423200CE.NFO,02/01/2024,09:46:34,0.25,0.2,52520,0.25,43400,0,70840
FINNIFTY02JAN2423200CE.NFO,02/01/2024,09:46:54,0.25,0.2,53120,0.25,43400,0,70840
FINNIFTY02JAN2423200CE.NFO,02/01/2024,09:47:16,0.25,0.2,53120,0.25,43360,40,70840
FINNIFTY02JAN2423200CE.NFO,02/01/2024,09:47:37,0.25,0.2,53000,0.25,43360,0,70840
FINNIFTY02JAN2423200CE.NFO,02/01/2024,09:47:59,0.25,0.2,53120,0.25,43360,0,70840
FINNIFTY02JAN2423200CE.NFO,02/01/2024,09:48:09,0.25,0.2,51320,0.25,41920,1440,69960
FINNIFTY02JAN2423200CE.NFO,02/01/2024,09:49:00,0.25,0.2,51320,0.25,38840,2000,69960
FINNIFTY02JAN2423200CE.NFO,02/01/2024,09:49:51,0.25,0.2,51720,0.25,38520,320,69960
FINNIFTY02JAN2423200CE.NFO,02/01/2024,09:50:41,0.25,0.2,53720,0.25,38520,0,69960
FINNIFTY02JAN2423200CE.NFO,02/01/2024,09:51:24,0.25,0.2,53320,0.25,38120,400,69560
FINNIFTY02JAN2423200CE.NFO,02/01/2024,09:52:27,0.25,0.2,51320,0.25,38120,0,69560
FINNIFTY02JAN2423200CE.NFO,02/01/2024,09:53:28,0.25,0.2,51200,0.25,38120,0,69560
FINNIFTY02JAN2423200CE.NFO,02/01/2024,09:54:31,0.2,0.2,45920,0.25,38120,1800,69160
FINNIFTY02JAN2423200CE.NFO,02/01/2024,09:54:42,0.2,0.2,38160,0.25,46360,7200,69160
FINNIFTY02JAN2423200CE.NFO,02/01/2024,09:54:53,0.2,0.2,34920,0.25,47120,0,69160
FINNIFTY02JAN2423200CE.NFO,02/01/2024,09:55:29,0.25,0.2,38000,0.25,43800,3320,69160
FINNIFTY02JAN2423200CE.NFO,02/01/2024,09:55:42,0.25,0.2,34920,0.25,33280,1800,69160
FINNIFTY02JAN2423200CE.NFO,02/01/2024,09:56:06,0.25,0.2,34080,0.25,29680,4440,69160
FINNIFTY02JAN2423200CE.NFO,02/01/2024,09:56:20,0.25,0.2,34080,0.25,28560,1120,69160
FINNIFTY02JAN2423200CE.NFO,02/01/2024,09:56:34,0.25,0.2,34320,0.25,31080,0,69160
FINNIFTY02JAN2423200CE.NFO,02/01/2024,09:56:46,0.2,0.2,55120,0.25,28560,960,61520
FINNIFTY02JAN2423200CE.NFO,02/01/2024,09:57:00,0.2,0.2,50600,0.25,34760,920,61520
FINNIFTY02JAN2423200CE.NFO,02/01/2024,09:57:13,0.2,0.2,50600,0.25,28680,0,61520
FINNIFTY02JAN2423200CE.NFO,02/01/2024,09:57:26,0.25,0.2,50520,0.25,28720,960,61520
FINNIFTY02JAN2423200CE.NFO,02/01/2024,09:57:39,0.2,0.2,68680,0.25,35120,1320,61520
FINNIFTY02JAN2423200CE.NFO,02/01/2024,09:57:51,0.25,0.2,69080,0.25,33040,2080,61520
FINNIFTY02JAN2423200CE.NFO,02/01/2024,09:58:02,0.25,0.2,69080,0.25,18320,7920,61520
FINNIFTY02JAN2423200CE.NFO,02/01/2024,09:58:14,0.25,0.25,74280,0.3,35360,9800,61520
FINNIFTY02JAN2423200CE.NFO,02/01/2024,09:58:25,0.25,0.25,72880,0.3,36800,0,61520
FINNIFTY02JAN2423200CE.NFO,02/01/2024,09:58:37,0.25,0.25,56800,0.3,35160,0,61520
FINNIFTY02JAN2423200CE.NFO,02/01/2024,09:58:49,0.25,0.25,56800,0.3,30560,0,61520
FINNIFTY02JAN2423200CE.NFO,02/01/2024,09:59:00,0.3,0.25,62520,0.3,9360,19920,61520
FINNIFTY02JAN2423200CE.NFO,02/01/2024,09:59:11,0.35,0.3,22280,0.35,2760,24000,61520
FINNIFTY02JAN2423200CE.NFO,02/01/2024,09:59:22,0.35,0.3,45080,0.35,7080,5040,61520
FINNIFTY02JAN2423200CE.NFO,02/01/2024,09:59:33,0.35,0.3,45560,0.35,7680,3040,61520
FINNIFTY02JAN2423200CE.NFO,02/01/2024,09:59:44,0.35,0.3,45560,0.35,7680,0,61520
FINNIFTY02JAN2423200CE.NFO,02/01/2024,09:59:55,0.35,0.3,45880,0.35,2000,4600,76000
FINNIFTY02JAN2423200CE.NFO,02/01/2024,10:00:06,0.35,0.3,40320,0.4,11600,15440,76000
FINNIFTY02JAN2423200CE.NFO,02/01/2024,10:00:17,0.35,0.3,42480,0.35,9040,0,76000
FINNIFTY02JAN2423200CE.NFO,02/01/2024,10:00:29,0.35,0.3,42800,0.35,9040,0,76000
FINNIFTY02JAN2423200CE.NFO,02/01/2024,10:00:41,0.35,0.3,42840,0.35,12640,0,76000
FINNIFTY02JAN2423200CE.NFO,02/01/2024,10:00:52,0.35,0.3,43080,0.35,12640,0,76000
FINNIFTY02JAN2423200CE.NFO,02/01/2024,10:01:03,0.3,0.3,10720,0.35,13160,920,76000
FINNIFTY02JAN2423200CE.NFO,02/01/2024,10:01:14,0.3,0.3,10720,0.35,13160,0,76000
FINNIFTY02JAN2423200CE.NFO,02/01/2024,10:01:26,0.3,0.3,3600,0.35,15440,7360,76000
FINNIFTY02JAN2423200CE.NFO,02/01/2024,10:01:37,0.3,0.3,3600,0.35,15440,0,76000
FINNIFTY02JAN2423200CE.NFO,02/01/2024,10:01:48,0.3,0.3,3600,0.35,15520,0,76000
FINNIFTY02JAN2423200CE.NFO,02/01/2024,10:02:10,0.3,0.25,61960,0.3,20520,4240,76000
FINNIFTY02JAN2423200CE.NFO,02/01/2024,10:02:21,0.25,0.25,65200,0.3,20880,3040,76000
FINNIFTY02JAN2423200CE.NFO,02/01/2024,10:02:31,0.25,0.25,65520,0.3,20880,0,76000
FINNIFTY02JAN2423200CE.NFO,02/01/2024,10:02:42,0.3,0.25,66320,0.3,8640,16920,84920
FINNIFTY02JAN2423200CE.NFO,02/01/2024,10:02:54,0.3,0.3,23480,0.35,25080,8960,84920
FINNIFTY02JAN2423200CE.NFO,02/01/2024,10:03:05,0.35,0.3,14840,0.35,24160,960,84920
FINNIFTY02JAN2423200CE.NFO,02/01/2024,10:03:17,0.35,0.3,14800,0.35,24120,0,84920
FINNIFTY02JAN2423200CE.NFO,02/01/2024,10:03:41,0.3,0.3,12640,0.35,24160,480,84920
FINNIFTY02JAN2423200CE.NFO,02/01/2024,10:03:52,0.3,0.3,12240,0.35,24160,400,84920
FINNIFTY02JAN2423200CE.NFO,02/01/2024,10:04:03,0.3,0.3,15360,0.35,25920,440,84920
FINNIFTY02JAN2423200CE.NFO,02/01/2024,10:04:15,0.3,0.3,15120,0.35,25920,0,84920
FINNIFTY02JAN2423200CE.NFO,02/01/2024,10:04:26,0.3,0.3,14920,0.35,27440,200,84920
FINNIFTY02JAN2423200CE.NFO,02/01/2024,10:04:38,0.3,0.3,14400,0.35,27440,520,84920
FINNIFTY02JAN2423200CE.NFO,02/01/2024,10:05:00,0.3,0.3,6720,0.35,14280,13240,84920
FINNIFTY02JAN2423200CE.NFO,02/01/2024,10:05:11,0.35,0.3,6120,0.35,7000,4640,84920
FINNIFTY02JAN2423200CE.NFO,02/01/2024,10:05:22,0.35,0.3,8320,0.35,5760,0,84920
FINNIFTY02JAN2423200CE.NFO,02/01/2024,10:05:44,0.35,0.3,8760,0.35,5680,1920,91440
FINNIFTY02JAN2423200CE.NFO,02/01/2024,10:05:55,0.3,0.3,5440,0.35,7120,440,91440
FINNIFTY02JAN2423200CE.NFO,02/01/2024,10:06:06,0.3,0.3,8240,0.35,7120,0,91440
FINNIFTY02JAN2423200CE.NFO,02/01/2024,10:06:18,0.3,0.3,8000,0.35,7120,0,91440
FINNIFTY02JAN2423200CE.NFO,02/01/2024,10:06:42,0.35,0.3,4680,0.4,6920,11560,91440
FINNIFTY02JAN2423200CE.NFO,02/01/2024,10:06:53,0.4,0.3,8960,0.4,10400,1120,91440
FINNIFTY02JAN2423200CE.NFO,02/01/2024,10:07:04,0.4,0.3,19760,0.4,12200,0,91440
FINNIFTY02JAN2423200CE.NFO,02/01/2024,10:07:27,0.35,0.3,16640,0.4,12120,8760,91440
FINNIFTY02JAN2423200CE.NFO,02/01/2024,10:07:50,0.35,0.3,18480,0.4,14040,0,91440
FINNIFTY02JAN2423200CE.NFO,02/01/2024,10:08:01,0.35,0.3,18440,0.4,14040,0,91440
FINNIFTY02JAN2423200CE.NFO,02/01/2024,10:08:23,0.35,0.3,18440,0.4,15840,0,91440
FINNIFTY02JAN2423200CE.NFO,02/01/2024,10:08:34,0.35,0.3,18600,0.35,4600,0,91440
FINNIFTY02JAN2423200CE.NFO,02/01/2024,10:08:45,0.35,0.3,18640,0.35,4200,0,91440
FINNIFTY02JAN2423200CE.NFO,02/01/2024,10:08:56,0.35,0.3,17200,0.35,4200,0,91440
FINNIFTY02JAN2423200CE.NFO,02/01/2024,10:09:20,0.35,0.3,7720,0.35,4680,0,91440
FINNIFTY02JAN2423200CE.NFO,02/01/2024,10:09:31,0.35,0.3,7720,0.35,4080,0,91440
FINNIFTY02JAN2423200CE.NFO,02/01/2024,10:10:16,0.3,0.3,3920,0.35,4880,1280,106400
FINNIFTY02JAN2423200CE.NFO,02/01/2024,10:10:27,0.3,0.3,3920,0.35,4880,480,106400
FINNIFTY02JAN2423200CE.NFO,02/01/2024,10:10:39,0.35,0.35,3000,0.4,11000,17560,106400
FINNIFTY02JAN2423200CE.NFO,02/01/2024,10:10:50,0.35,0.3,17280,0.4,15640,4720,106400
FINNIFTY02JAN2423200CE.NFO,02/01/2024,10:11:02,0.35,0.3,18840,0.35,6600,0,106400
FINNIFTY02JAN2423200CE.NFO,02/01/2024,10:11:45,0.35,0.3,18840,0.35,5960,0,106400
FINNIFTY02JAN2423200CE.NFO,02/01/2024,10:12:06,0.35,0.3,18880,0.35,7160,0,106400
FINNIFTY02JAN2423200CE.NFO,02/01/2024,10:12:16,0.35,0.3,18840,0.35,7160,0,106400
FINNIFTY02JAN2423200CE.NFO,02/01/2024,10:12:26,0.35,0.3,18880,0.35,7320,0,106400
FINNIFTY02JAN2423200CE.NFO,02/01/2024,10:12:49,0.3,0.3,18800,0.35,8240,200,125960
FINNIFTY02JAN2423200CE.NFO,02/01/2024,10:13:00,0.3,0.3,17240,0.35,8680,200,125960
FINNIFTY02JAN2423200CE.NFO,02/01/2024,10:13:11,0.3,0.3,17240,0.35,8680,0,125960
FINNIFTY02JAN2423200CE.NFO,02/01/2024,10:14:15,0.3,0.3,17240,0.35,9760,0,125960
FINNIFTY02JAN2423200CE.NFO,02/01/2024,10:14:25,0.3,0.3,17200,0.35,9760,0,125960
FINNIFTY02JAN2423200CE.NFO,02/01/2024,10:14:35,0.3,0.3,17200,0.35,11520,0,125960
FINNIFTY02JAN2423200CE.NFO,02/01/2024,10:14:46,0.3,0.3,16960,0.35,11520,0,125960
FINNIFTY02JAN2423200CE.NFO,02/01/2024,10:14:56,0.3,0.25,17800,0.3,8120,14680,126080
FINNIFTY02JAN2423200CE.NFO,02/01/2024,10:15:07,0.3,0.25,17560,0.3,19760,240,126080
FINNIFTY02JAN2423200CE.NFO,02/01/2024,10:15:27,0.3,0.25,3160,0.3,20160,0,126080
FINNIFTY02JAN2423200CE.NFO,02/01/2024,10:15:58,0.3,0.25,3160,0.3,21120,40,126080
FINNIFTY02JAN2423200CE.NFO,02/01/2024,10:16:08,0.3,0.25,3160,0.3,20920,200,126080
FINNIFTY02JAN2423200CE.NFO,02/01/2024,10:16:29,0.3,0.25,3160,0.3,21560,0,126080
FINNIFTY02JAN2423200CE.NFO,02/01/2024,10:17:11,0.3,0.25,6040,0.3,21560,0,126080
FINNIFTY02JAN2423200CE.NFO,02/01/2024,10:19:00,0.3,0.25,6640,0.3,20960,600,133640
FINNIFTY02JAN2423200CE.NFO,02/01/2024,10:19:40,0.3,0.25,6640,0.3,20960,0,133640
FINNIFTY02JAN2423200CE.NFO,02/01/2024,10:20:09,0.3,0.25,9520,0.3,20960,0,133640
FINNIFTY02JAN2423200CE.NFO,02/01/2024,10:20:29,0.3,0.25,9520,0.3,21520,0,133640
FINNIFTY02JAN2423200CE.NFO,02/01/2024,10:20:57,0.3,0.25,11920,0.3,21520,0,133640
FINNIFTY02JAN2423200CE.NFO,02/01/2024,10:21:27,0.25,0.25,11240,0.3,21520,840,133040
FINNIFTY02JAN2423200CE.NFO,02/01/2024,10:21:39,0.25,0.25,11240,0.3,21520,0,133040
FINNIFTY02JAN2423200CE.NFO,02/01/2024,10:21:58,0.25,0.25,7640,0.3,21520,0,133040
FINNIFTY02JAN2423200CE.NFO,02/01/2024,10:22:08,0.25,0.25,9280,0.3,7840,2320,133040
FINNIFTY02JAN2423200CE.NFO,02/01/2024,10:22:18,0.25,0.25,11680,0.3,17920,0,133040
FINNIFTY02JAN2423200CE.NFO,02/01/2024,10:22:28,0.25,0.25,11680,0.3,19520,0,133040
FINNIFTY02JAN2423200CE.NFO,02/01/2024,10:22:58,0.25,0.25,5440,0.3,7840,0,133040
FINNIFTY02JAN2423200CE.NFO,02/01/2024,10:23:08,0.25,0.25,6880,0.3,7800,0,133040
FINNIFTY02JAN2423200CE.NFO,02/01/2024,10:23:18,0.25,0.25,5440,0.3,17880,0,133040
FINNIFTY02JAN2423200CE.NFO,02/01/2024,10:23:28,0.25,0.25,6680,0.3,8040,0,133040
FINNIFTY02JAN2423200CE.NFO,02/01/2024,10:23:39,0.25,0.25,6680,0.3,7800,0,133040
FINNIFTY02JAN2423200CE.NFO,02/01/2024,10:23:49,0.25,0.25,5440,0.3,7800,0,133040
FINNIFTY02JAN2423200CE.NFO,02/01/2024,10:24:00,0.25,0.25,6400,0.3,7800,0,133040
FINNIFTY02JAN2423200CE.NFO,02/01/2024,10:24:11,0.25,0.25,6400,0.3,8040,0,133040
FINNIFTY02JAN2423200CE.NFO,02/01/2024,10:24:21,0.25,0.25,6440,0.3,8080,0,133040
FINNIFTY02JAN2423200CE.NFO,02/01/2024,10:24:31,0.25,0.25,4480,0.3,7800,1000,133040
FINNIFTY02JAN2423200CE.NFO,02/01/2024,10:24:41,0.25,0.25,5360,0.3,7800,40,133040
FINNIFTY02JAN2423200CE.NFO,02/01/2024,10:24:50,0.3,0.25,5360,0.3,7760,40,133040
FINNIFTY02JAN2423200CE.NFO,02/01/2024,10:25:01,0.3,0.25,10640,0.3,7760,0,133040
FINNIFTY02JAN2423200CE.NFO,02/01/2024,10:25:11,0.3,0.25,10640,0.3,8000,0,133040
FINNIFTY02JAN2423200CE.NFO,02/01/2024,10:25:52,0.3,0.25,12440,0.3,8000,0,133040
FINNIFTY02JAN2423200CE.NFO,02/01/2024,10:26:03,0.3,0.25,12440,0.3,7800,0,133040
FINNIFTY02JAN2423200CE.NFO,02/01/2024,10:26:44,0.3,0.25,12440,0.3,8600,0,133040
FINNIFTY02JAN2423200CE.NFO,02/01/2024,10:27:28,0.3,0.25,12440,0.3,9880,1200,133040
FINNIFTY02JAN2423200CE.NFO,02/01/2024,10:27:38,0.3,0.25,12440,0.3,10160,560,133040
FINNIFTY02JAN2423200CE.NFO,02/01/2024,10:29:03,0.3,0.25,12440,0.3,10160,0,133040
FINNIFTY02JAN2423200CE.NFO,02/01/2024,10:30:51,0.25,0.25,11280,0.3,10160,1160,131280
FINNIFTY02JAN2423200CE.NFO,02/01/2024,10:31:01,0.25,0.25,11280,0.3,9120,0,131280
FINNIFTY02JAN2423200CE.NFO,02/01/2024,10:31:28,0.3,0.25,11280,0.3,9760,1280,131280
FINNIFTY02JAN2423200CE.NFO,02/01/2024,10:32:47,0.3,0.25,11240,0.3,9760,0,131280
FINNIFTY02JAN2423200CE.NFO,02/01/2024,10:34:21,0.3,0.25,11240,0.3,8120,200,132440
FINNIFTY02JAN2423200CE.NFO,02/01/2024,10:34:39,0.3,0.25,11240,0.3,11400,0,132440
FINNIFTY02JAN2423200CE.NFO,02/01/2024,10:35:33,0.3,0.25,7640,0.3,11400,0,132440
FINNIFTY02JAN2423200CE.NFO,02/01/2024,10:35:59,0.3,0.25,7640,0.3,13000,0,132440
FINNIFTY02JAN2423200CE.NFO,02/01/2024,10:38:54,0.3,0.25,4160,0.3,13000,0,132440
FINNIFTY02JAN2423200CE.NFO,02/01/2024,10:39:04,0.3,0.25,4160,0.3,11400,0,132440
FINNIFTY02JAN2423200CE.NFO,02/01/2024,10:39:37,0.25,0.25,1000,0.3,11400,13880,132240
FINNIFTY02JAN2423200CE.NFO,02/01/2024,10:40:20,0.25,0.25,9920,0.3,11400,0,132240
FINNIFTY02JAN2423200CE.NFO,02/01/2024,10:40:31,0.25,0.25,9920,0.3,12680,0,132240
FINNIFTY02JAN2423200CE.NFO,02/01/2024,10:40:41,0.25,0.25,9920,0.3,12760,0,132240
FINNIFTY02JAN2423200CE.NFO,02/01/2024,10:41:21,0.25,0.25,11400,0.3,12680,0,132240
FINNIFTY02JAN2423200CE.NFO,02/01/2024,10:41:41,0.25,0.25,6320,0.3,12680,0,132240
FINNIFTY02JAN2423200CE.NFO,02/01/2024,10:42:01,0.25,0.25,3640,0.3,12680,0,132240
FINNIFTY02JAN2423200CE.NFO,02/01/2024,10:42:11,0.25,0.25,3200,0.3,10440,1280,121960
FINNIFTY02JAN2423200CE.NFO,02/01/2024,10:42:22,0.25,0.25,3200,0.3,12040,0,121960
FINNIFTY02JAN2423200CE.NFO,02/01/2024,10:42:32,0.3,0.25,6520,0.3,11840,200,121960
FINNIFTY02JAN2423200CE.NFO,02/01/2024,10:44:10,0.3,0.25,9280,0.3,13040,0,121960
FINNIFTY02JAN2423200CE.NFO,02/01/2024,10:46:56,0.3,0.25,9280,0.3,13000,40,122840
FINNIFTY02JAN2423200CE.NFO,02/01/2024,10:48:31,0.3,0.25,9280,0.3,12960,40,122840
FINNIFTY02JAN2423200CE.NFO,02/01/2024,10:49:58,0.25,0.25,9120,0.3,11360,160,122840
FINNIFTY02JAN2423200CE.NFO,02/01/2024,10:50:27,0.25,0.25,8120,0.3,11360,0,122840
FINNIFTY02JAN2423200CE.NFO,02/01/2024,10:50:37,0.25,0.25,3360,0.3,11360,0,122840
FINNIFTY02JAN2423200CE.NFO,02/01/2024,10:50:47,0.25,0.25,3360,0.3,12560,0,122840
FINNIFTY02JAN2423200CE.NFO,02/01/2024,10:51:18,0.25,0.25,5040,0.3,15520,0,122840
FINNIFTY02JAN2423200CE.NFO,02/01/2024,10:51:28,0.25,0.25,2080,0.3,12560,1280,122800
FINNIFTY02JAN2423200CE.NFO,02/01/2024,10:52:26,0.25,0.25,80,0.3,12560,0,122800
FINNIFTY02JAN2423200CE.NFO,02/01/2024,10:52:36,0.25,0.2,38040,0.25,2960,1560,122800
FINNIFTY02JAN2423200CE.NFO,02/01/2024,10:52:45,0.25,0.2,38040,0.25,2880,80,122800
FINNIFTY02JAN2423200CE.NFO,02/01/2024,10:52:55,0.25,0.2,38240,0.25,2720,1160,122800
FINNIFTY02JAN2423200CE.NFO,02/01/2024,10:53:04,0.25,0.2,36000,0.25,3080,680,122800
FINNIFTY02JAN2423200CE.NFO,02/01/2024,10:53:23,0.25,0.2,36000,0.25,2920,160,122800
FINNIFTY02JAN2423200CE.NFO,02/01/2024,10:53:32,0.25,0.25,1480,0.3,6640,120,122800
FINNIFTY02JAN2423200CE.NFO,02/01/2024,10:53:42,0.25,0.25,40,0.3,6640,0,122800
FINNIFTY02JAN2423200CE.NFO,02/01/2024,10:54:47,0.25,0.2,37800,0.3,6640,0,122800
FINNIFTY02JAN2423200CE.NFO,02/01/2024,10:55:51,0.25,0.2,37800,0.3,9240,0,122800
FINNIFTY02JAN2423200CE.NFO,02/01/2024,10:56:27,0.25,0.2,37760,0.3,7440,0,122800
FINNIFTY02JAN2423200CE.NFO,02/01/2024,10:56:36,0.25,0.2,37800,0.3,9240,0,122800
FINNIFTY02JAN2423200CE.NFO,02/01/2024,10:56:47,0.25,0.2,44040,0.3,9240,0,122800
FINNIFTY02JAN2423200CE.NFO,02/01/2024,10:56:58,0.25,0.2,41160,0.3,7440,0,122800
FINNIFTY02JAN2423200CE.NFO,02/01/2024,10:57:18,0.25,0.25,360,0.3,7400,720,122560
FINNIFTY02JAN2423200CE.NFO,02/01/2024,10:57:28,0.25,0.25,160,0.3,7400,200,122560
FINNIFTY02JAN2423200CE.NFO,02/01/2024,10:57:38,0.25,0.25,2120,0.3,10440,0,122560
FINNIFTY02JAN2423200CE.NFO,02/01/2024,10:58:09,0.25,0.25,1160,0.3,10440,0,122560
FINNIFTY02JAN2423200CE.NFO,02/01/2024,10:58:19,0.25,0.25,2120,0.3,10440,0,122560
FINNIFTY02JAN2423200CE.NFO,02/01/2024,10:59:14,0.25,0.25,1160,0.3,10440,0,122560
FINNIFTY02JAN2423200CE.NFO,02/01/2024,10:59:24,0.25,0.25,1320,0.3,12480,800,122560
FINNIFTY02JAN2423200CE.NFO,02/01/2024,10:59:34,0.25,0.25,2360,0.3,13120,0,122560
FINNIFTY02JAN2423200CE.NFO,02/01/2024,11:00:10,0.25,0.25,1160,0.3,13120,240,122520
FINNIFTY02JAN2423200CE.NFO,02/01/2024,11:00:20,0.25,0.25,1080,0.3,13480,80,122520
FINNIFTY02JAN2423200CE.NFO,02/01/2024,11:00:30,0.25,0.2,40240,0.25,2520,1000,122520
FINNIFTY02JAN2423200CE.NFO,02/01/2024,11:00:58,0.25,0.2,40240,0.25,1760,40,122520
FINNIFTY02JAN2423200CE.NFO,02/01/2024,11:01:18,0.25,0.2,40240,0.25,2400,0,122520
FINNIFTY02JAN2423200CE.NFO,02/01/2024,11:01:28,0.25,0.2,40240,0.3,11400,0,122520
FINNIFTY02JAN2423200CE.NFO,02/01/2024,11:01:37,0.3,0.2,45600,0.35,6880,10800,122520
FINNIFTY02JAN2423200CE.NFO,02/01/2024,11:01:46,0.3,0.25,14840,0.3,4040,6560,122520
FINNIFTY02JAN2423200CE.NFO,02/01/2024,11:01:56,0.3,0.25,16160,0.3,4040,0,122520
FINNIFTY02JAN2423200CE.NFO,02/01/2024,11:02:06,0.3,0.25,16160,0.3,4440,0,122520
FINNIFTY02JAN2423200CE.NFO,02/01/2024,11:02:16,0.3,0.25,16680,0.3,4440,0,122520
FINNIFTY02JAN2423200CE.NFO,02/01/2024,11:03:13,0.3,0.25,15080,0.3,4440,0,122520
FINNIFTY02JAN2423200CE.NFO,02/01/2024,11:03:22,0.25,0.25,17120,0.3,4440,480,120280
FINNIFTY02JAN2423200CE.NFO,02/01/2024,11:03:31,0.25,0.25,17120,0.3,5240,0,120280
FINNIFTY02JAN2423200CE.NFO,02/01/2024,11:03:41,0.25,0.25,17120,0.3,6040,0,120280
FINNIFTY02JAN2423200CE.NFO,02/01/2024,11:03:50,0.25,0.25,13600,0.3,6880,0,120280
FINNIFTY02JAN2423200CE.NFO,02/01/2024,11:04:19,0.25,0.25,15040,0.3,6880,0,120280
FINNIFTY02JAN2423200CE.NFO,02/01/2024,11:06:20,0.25,0.25,10120,0.3,6880,200,120760
FINNIFTY02JAN2423200CE.NFO,02/01/2024,11:06:29,0.25,0.25,9960,0.3,6880,160,120760
FINNIFTY02JAN2423200CE.NFO,02/01/2024,11:06:39,0.25,0.25,10000,0.3,6880,0,120760
FINNIFTY02JAN2423200CE.NFO,02/01/2024,11:06:58,0.25,0.25,9960,0.3,6880,0,120760
FINNIFTY02JAN2423200CE.NFO,02/01/2024,11:07:17,0.25,0.25,9960,0.3,9160,0,120760
FINNIFTY02JAN2423200CE.NFO,02/01/2024,11:07:45,0.25,0.25,9960,0.3,9240,0,120760
FINNIFTY02JAN2423200CE.NFO,02/01/2024,11:08:31,0.25,0.25,9840,0.3,9200,120,120760
FINNIFTY02JAN2423200CE.NFO,02/01/2024,11:08:49,0.25,0.25,9760,0.3,9200,80,120760
FINNIFTY02JAN2423200CE.NFO,02/01/2024,11:09:00,0.25,0.25,9680,0.3,9200,80,120760
FINNIFTY02JAN2423200CE.NFO,02/01/2024,11:09:09,0.25,0.25,9720,0.3,9200,0,120760
FINNIFTY02JAN2423200CE.NFO,02/01/2024,11:09:37,0.25,0.25,9080,0.3,9200,640,120760
FINNIFTY02JAN2423200CE.NFO,02/01/2024,11:09:55,0.25,0.25,4880,0.3,7000,0,120760
FINNIFTY02JAN2423200CE.NFO,02/01/2024,11:10:04,0.25,0.25,4880,0.3,4320,0,120760
FINNIFTY02JAN2423200CE.NFO,02/01/2024,11:10:13,0.25,0.25,8800,0.3,4320,0,120760
FINNIFTY02JAN2423200CE.NFO,02/01/2024,11:10:21,0.3,0.25,10200,0.3,40,1600,120760
FINNIFTY02JAN2423200CE.NFO,02/01/2024,11:10:30,0.3,0.25,13200,0.3,40,0,120760
FINNIFTY02JAN2423200CE.NFO,02/01/2024,11:10:39,0.3,0.25,34360,0.3,40,0,120760
FINNIFTY02JAN2423200CE.NFO,02/01/2024,11:10:56,0.3,0.3,3480,0.35,7720,80,120760
FINNIFTY02JAN2423200CE.NFO,02/01/2024,11:11:05,0.3,0.3,2400,0.35,4480,0,120760
FINNIFTY02JAN2423200CE.NFO,02/01/2024,11:11:24,0.3,0.3,6400,0.35,5280,0,120760
FINNIFTY02JAN2423200CE.NFO,02/01/2024,11:11:33,0.3,0.3,8120,0.35,4480,0,120760
FINNIFTY02JAN2423200CE.NFO,02/01/2024,11:12:11,0.3,0.3,1920,0.35,4480,0,120760
FINNIFTY02JAN2423200CE.NFO,02/01/2024,11:12:20,0.3,0.3,2760,0.35,3280,0,120760
FINNIFTY02JAN2423200CE.NFO,02/01/2024,11:12:29,0.3,0.3,3560,0.35,4240,0,120760
FINNIFTY02JAN2423200CE.NFO,02/01/2024,11:12:38,0.3,0.3,1920,0.35,3280,0,120760
FINNIFTY02JAN2423200CE.NFO,02/01/2024,11:12:47,0.3,0.3,9880,0.35,3280,0,120760
FINNIFTY02JAN2423200CE.NFO,02/01/2024,11:12:55,0.3,0.3,9160,0.35,3280,0,120760
FINNIFTY02JAN2423200CE.NFO,02/01/2024,11:13:22,0.3,0.3,4920,0.35,4400,0,120760
FINNIFTY02JAN2423200CE.NFO,02/01/2024,11:13:32,0.3,0.3,1920,0.35,2440,0,120760
FINNIFTY02JAN2423200CE.NFO,02/01/2024,11:13:42,0.3,0.3,5920,0.35,4160,0,120760
FINNIFTY02JAN2423200CE.NFO,02/01/2024,11:13:52,0.35,0.3,12320,0.35,2280,1240,119680
FINNIFTY02JAN2423200CE.NFO,02/01/2024,11:14:01,0.35,0.35,3840,0.4,5440,2280,119680
FINNIFTY02JAN2423200CE.NFO,02/01/2024,11:14:11,0.35,0.35,3840,0.4,5440,0,119680
FINNIFTY02JAN2423200CE.NFO,02/01/2024,11:14:20,0.4,0.35,2840,0.4,5360,400,119680
FINNIFTY02JAN2423200CE.NFO,02/01/2024,11:14:29,0.4,0.35,2880,0.4,5040,840,119680
FINNIFTY02JAN2423200CE.NFO,02/01/2024,11:14:37,0.4,0.35,2920,0.4,2160,1440,119680
FINNIFTY02JAN2423200CE.NFO,02/01/2024,11:14:47,0.4,0.35,2920,0.45,4000,3920,119720
FINNIFTY02JAN2423200CE.NFO,02/01/2024,11:14:56,0.4,0.4,2160,0.45,5920,0,119720
FINNIFTY02JAN2423200CE.NFO,02/01/2024,11:15:06,0.4,0.4,1560,0.45,7200,0,119720
FINNIFTY02JAN2423200CE.NFO,02/01/2024,11:15:16,0.4,0.4,2560,0.45,5400,0,119720
FINNIFTY02JAN2423200CE.NFO,02/01/2024,11:15:26,0.4,0.4,2560,0.45,3520,0,119720
FINNIFTY02JAN2423200CE.NFO,02/01/2024,11:15:36,0.4,0.4,2560,0.45,4040,0,119720
FINNIFTY02JAN2423200CE.NFO,02/01/2024,11:16:17,0.4,0.4,1560,0.45,3240,1000,119720
FINNIFTY02JAN2423200CE.NFO,02/01/2024,11:16:26,0.4,0.4,1560,0.45,3240,0,119720
FINNIFTY02JAN2423200CE.NFO,02/01/2024,11:16:45,0.4,0.4,2000,0.45,3240,0,119720
FINNIFTY02JAN2423200CE.NFO,02/01/2024,11:16:54,0.4,0.4,1320,0.45,4680,680,119720
FINNIFTY02JAN2423200CE.NFO,02/01/2024,11:17:03,0.4,0.4,1320,0.45,6640,0,119720
FINNIFTY02JAN2423200CE.NFO,02/01/2024,11:17:12,0.4,0.35,2840,0.4,2760,1320,119720
FINNIFTY02JAN2423200CE.NFO,02/01/2024,11:17:21,0.4,0.35,2160,0.4,2760,0,119720
FINNIFTY02JAN2423200CE.NFO,02/01/2024,11:17:49,0.4,0.35,2320,0.4,3080,0,119720
FINNIFTY02JAN2423200CE.NFO,02/01/2024,11:17:58,0.4,0.35,2360,0.4,3080,0,119720
FINNIFTY02JAN2423200CE.NFO,02/01/2024,11:18:08,0.4,0.35,2320,0.4,3080,0,119720
FINNIFTY02JAN2423200CE.NFO,02/01/2024,11:18:25,0.4,0.35,2360,0.4,3080,0,119720
FINNIFTY02JAN2423200CE.NFO,02/01/2024,11:18:52,0.4,0.35,2360,0.4,3240,0,119720
FINNIFTY02JAN2423200CE.NFO,02/01/2024,11:19:34,0.4,0.35,2200,0.4,1440,0,119720
FINNIFTY02JAN2423200CE.NFO,02/01/2024,11:19:42,0.4,0.35,2160,0.4,1440,0,119720
FINNIFTY02JAN2423200CE.NFO,02/01/2024,11:19:58,0.35,0.35,1680,0.4,1440,600,118920
FINNIFTY02JAN2423200CE.NFO,02/01/2024,11:20:06,0.35,0.3,1200,0.35,240,3840,118920
FINNIFTY02JAN2423200CE.NFO,02/01/2024,11:20:14,0.35,0.3,1200,0.35,200,0,118920
FINNIFTY02JAN2423200CE.NFO,02/01/2024,11:20:23,0.3,0.3,1120,0.4,4920,280,118920
FINNIFTY02JAN2423200CE.NFO,02/01/2024,11:20:31,0.4,0.3,1080,0.4,6360,1000,118920
FINNIFTY02JAN2423200CE.NFO,02/01/2024,11:20:40,0.4,0.3,2880,0.4,6360,0,118920
FINNIFTY02JAN2423200CE.NFO,02/01/2024,11:20:58,0.4,0.35,2880,0.4,9000,0,118920
FINNIFTY02JAN2423200CE.NFO,02/01/2024,11:21:06,0.35,0.35,1040,0.4,10200,40,118960
FINNIFTY02JAN2423200CE.NFO,02/01/2024,11:21:15,0.35,0.35,1000,0.4,8400,120,118960
FINNIFTY02JAN2423200CE.NFO,02/01/2024,11:21:33,0.35,0.35,960,0.4,8480,40,118960
FINNIFTY02JAN2423200CE.NFO,02/01/2024,11:21:41,0.35,0.3,4720,0.35,1560,1480,118960
FINNIFTY02JAN2423200CE.NFO,02/01/2024,11:21:49,0.35,0.3,4920,0.4,4920,1040,118960
FINNIFTY02JAN2423200CE.NFO,02/01/2024,11:21:59,0.35,0.3,4920,0.35,1320,0,118960
FINNIFTY02JAN2423200CE.NFO,02/01/2024,11:22:08,0.35,0.3,4960,0.35,1320,0,118960
FINNIFTY02JAN2423200CE.NFO,02/01/2024,11:22:25,0.35,0.3,4960,0.35,3360,1360,118960
FINNIFTY02JAN2423200CE.NFO,02/01/2024,11:22:43,0.35,0.3,4960,0.35,3600,0,118960
FINNIFTY02JAN2423200CE.NFO,02/01/2024,11:23:08,0.35,0.3,3160,0.35,3600,0,118960
FINNIFTY02JAN2423200CE.NFO,02/01/2024,11:23:25,0.35,0.3,3160,0.35,3400,200,118960
FINNIFTY02JAN2423200CE.NFO,02/01/2024,11:23:49,0.35,0.3,3160,0.35,3200,200,118920
FINNIFTY02JAN2423200CE.NFO,02/01/2024,11:24:22,0.35,0.3,3160,0.35,3200,0,118920
FINNIFTY02JAN2423200CE.NFO,02/01/2024,11:25:36,0.35,0.3,3160,0.35,4840,0,118920
FINNIFTY02JAN2423200CE.NFO,02/01/2024,11:25:44,0.35,0.3,3120,0.35,5760,0,118920
FINNIFTY02JAN2423200CE.NFO,02/01/2024,11:25:52,0.35,0.3,3160,0.35,5760,0,118920
FINNIFTY02JAN2423200CE.NFO,02/01/2024,11:27:36,0.35,0.3,3120,0.35,5760,0,118920
FINNIFTY02JAN2423200CE.NFO,02/01/2024,11:27:45,0.3,0.25,9320,0.35,5880,4480,118920
FINNIFTY02JAN2423200CE.NFO,02/01/2024,11:27:53,0.3,0.25,15160,0.35,5880,0,118920
FINNIFTY02JAN2423200CE.NFO,02/01/2024,11:28:02,0.3,0.25,15160,0.35,5880,2520,118920
FINNIFTY02JAN2423200CE.NFO,02/01/2024,11:28:10,0.3,0.25,15160,0.35,5880,0,118920
FINNIFTY02JAN2423200CE.NFO,02/01/2024,11:28:18,0.3,0.25,9760,0.35,5880,0,118920
FINNIFTY02JAN2423200CE.NFO,02/01/2024,11:28:34,0.3,0.25,14360,0.3,40,5120,118920
FINNIFTY02JAN2423200CE.NFO,02/01/2024,11:28:43,0.3,0.25,14320,0.35,9360,3400,118920
FINNIFTY02JAN2423200CE.NFO,02/01/2024,11:28:51,0.3,0.25,13280,0.35,12680,0,118920
FINNIFTY02JAN2423200CE.NFO,02/01/2024,11:28:59,0.3,0.3,1520,0.35,12680,0,118920
FINNIFTY02JAN2423200CE.NFO,02/01/2024,11:29:07,0.35,0.3,3000,0.35,9440,3600,118920
FINNIFTY02JAN2423200CE.NFO,02/01/2024,11:29:16,0.3,0.3,2960,0.35,9440,40,118920
FINNIFTY02JAN2423200CE.NFO,02/01/2024,11:29:24,0.3,0.3,2960,0.35,9440,0,118920
FINNIFTY02JAN2423200CE.NFO,02/01/2024,11:30:56,0.3,0.3,2280,0.35,7640,1800,110480
FINNIFTY02JAN2423200CE.NFO,02/01/2024,11:31:27,0.3,0.3,2280,0.35,7640,0,110480
FINNIFTY02JAN2423200CE.NFO,02/01/2024,11:32:14,0.3,0.3,1960,0.35,7640,320,110480
FINNIFTY02JAN2423200CE.NFO,02/01/2024,11:32:37,0.3,0.3,2160,0.35,5920,400,110480
FINNIFTY02JAN2423200CE.NFO,02/01/2024,11:32:43,0.3,0.3,2160,0.35,8200,0,110480
FINNIFTY02JAN2423200CE.NFO,02/01/2024,11:32:51,0.3,0.3,1160,0.35,8200,1000,111040
FINNIFTY02JAN2423200CE.NFO,02/01/2024,11:33:05,0.3,0.3,840,0.35,8200,600,111040
FINNIFTY02JAN2423200CE.NFO,02/01/2024,11:33:12,0.3,0.25,12800,0.35,8200,0,111040
FINNIFTY02JAN2423200CE.NFO,02/01/2024,11:33:20,0.3,0.25,13640,0.35,8200,0,111040
FINNIFTY02JAN2423200CE.NFO,02/01/2024,11:33:41,0.3,0.25,13360,0.35,8200,0,111040
FINNIFTY02JAN2423200CE.NFO,02/01/2024,11:33:56,0.3,0.25,12760,0.35,8200,0,111040
FINNIFTY02JAN2423200CE.NFO,02/01/2024,11:34:09,0.3,0.25,13360,0.35,8160,0,111040
FINNIFTY02JAN2423200CE.NFO,02/01/2024,11:34:22,0.3,0.25,12720,0.35,8160,0,111040
FINNIFTY02JAN2423200CE.NFO,02/01/2024,11:34:31,0.25,0.25,9760,0.35,8160,2000,111040
FINNIFTY02JAN2423200CE.NFO,02/01/2024,11:34:38,0.25,0.25,10440,0.35,8960,0,111040
FINNIFTY02JAN2423200CE.NFO,02/01/2024,11:36:54,0.35,0.25,9760,0.35,8920,40,113640
FINNIFTY02JAN2423200CE.NFO,02/01/2024,11:37:56,0.35,0.25,10480,0.35,8920,0,113640
FINNIFTY02JAN2423200CE.NFO,02/01/2024,11:38:04,0.35,0.25,9720,0.35,8920,0,113640
FINNIFTY02JAN2423200CE.NFO,02/01/2024,11:38:59,0.35,0.25,12360,0.35,8920,0,113640
FINNIFTY02JAN2423200CE.NFO,02/01/2024,11:39:19,0.35,0.25,12840,0.35,8920,0,113640
FINNIFTY02JAN2423200CE.NFO,02/01/2024,11:39:57,0.25,0.25,11880,0.35,8920,200,113680
FINNIFTY02JAN2423200CE.NFO,02/01/2024,11:40:35,0.25,0.25,10360,0.35,8920,0,113680
FINNIFTY02JAN2423200CE.NFO,02/01/2024,11:40:41,0.25,0.25,9520,0.35,8920,0,113680
FINNIFTY02JAN2423200CE.NFO,02/01/2024,11:41:00,0.25,0.25,8960,0.35,8920,2160,113680
FINNIFTY02JAN2423200CE.NFO,02/01/2024,11:41:07,0.25,0.25,8960,0.35,8920,0,113680
FINNIFTY02JAN2423200CE.NFO,02/01/2024,11:41:14,0.25,0.25,8480,0.35,12440,0,113680
FINNIFTY02JAN2423200CE.NFO,02/01/2024,11:41:37,0.25,0.25,8480,0.35,16040,0,113680
FINNIFTY02JAN2423200CE.NFO,02/01/2024,11:42:48,0.25,0.25,6760,0.3,4280,0,113680
FINNIFTY02JAN2423200CE.NFO,02/01/2024,11:42:55,0.25,0.25,4960,0.3,15600,0,113680
FINNIFTY02JAN2423200CE.NFO,02/01/2024,11:43:03,0.3,0.25,4960,0.3,15160,440,116040
FINNIFTY02JAN2423200CE.NFO,02/01/2024,11:43:23,0.3,0.25,4960,0.3,14960,200,116040
FINNIFTY02JAN2423200CE.NFO,02/01/2024,11:43:30,0.3,0.25,4960,0.3,14720,240,116040
FINNIFTY02JAN2423200CE.NFO,02/01/2024,11:43:37,0.3,0.25,6360,0.3,13560,200,116040
FINNIFTY02JAN2423200CE.NFO,02/01/2024,11:43:45,0.3,0.25,4760,0.3,16920,400,116040
FINNIFTY02JAN2423200CE.NFO,02/01/2024,11:43:53,0.3,0.25,4760,0.3,16720,200,116040
FINNIFTY02JAN2423200CE.NFO,02/01/2024,11:44:08,0.3,0.25,4760,0.3,16720,0,116040
FINNIFTY02JAN2423200CE.NFO,02/01/2024,11:44:37,0.3,0.25,16240,0.3,16720,0,116040
FINNIFTY02JAN2423200CE.NFO,02/01/2024,11:44:50,0.3,0.25,4760,0.3,16840,0,116040
FINNIFTY02JAN2423200CE.NFO,02/01/2024,11:45:58,0.25,0.25,4200,0.3,16840,560,114360
FINNIFTY02JAN2423200CE.NFO,02/01/2024,11:46:05,0.25,0.25,3960,0.3,16840,240,114360
FINNIFTY02JAN2423200CE.NFO,02/01/2024,11:46:12,0.25,0.25,3760,0.3,16880,200,114360
FINNIFTY02JAN2423200CE.NFO,02/01/2024,11:46:18,0.25,0.25,3760,0.3,16880,0,114360
FINNIFTY02JAN2423200CE.NFO,02/01/2024,11:46:24,0.25,0.25,3560,0.3,16880,200,114360
FINNIFTY02JAN2423200CE.NFO,02/01/2024,11:46:30,0.25,0.25,3560,0.3,16840,0,114360
FINNIFTY02JAN2423200CE.NFO,02/01/2024,11:46:43,0.25,0.25,3360,0.3,16840,200,114360
FINNIFTY02JAN2423200CE.NFO,02/01/2024,11:46:50,0.25,0.25,3360,0.3,16880,0,114360
FINNIFTY02JAN2423200CE.NFO,02/01/2024,11:46:57,0.25,0.25,3360,0.3,16840,0,114360
FINNIFTY02JAN2423200CE.NFO,02/01/2024,11:47:18,0.25,0.25,3360,0.3,16880,0,114360
FINNIFTY02JAN2423200CE.NFO,02/01/2024,11:47:38,0.25,0.25,3360,0.3,17000,0,114360
FINNIFTY02JAN2423200CE.NFO,02/01/2024,11:48:55,0.3,0.25,3360,0.3,16960,40,115760
FINNIFTY02JAN2423200CE.NFO,02/01/2024,11:49:07,0.3,0.25,4680,0.3,16960,0,115760
FINNIFTY02JAN2423200CE.NFO,02/01/2024,11:49:51,0.3,0.25,4680,0.3,17320,0,115760
FINNIFTY02JAN2423200CE.NFO,02/01/2024,11:52:35,0.25,0.25,4480,0.3,17320,200,115760
FINNIFTY02JAN2423200CE.NFO,02/01/2024,11:52:42,0.25,0.25,4480,0.3,17320,0,115760
FINNIFTY02JAN2423200CE.NFO,02/01/2024,11:53:14,0.25,0.25,4280,0.3,17320,200,115760
FINNIFTY02JAN2423200CE.NFO,02/01/2024,11:54:11,0.25,0.25,4280,0.3,17320,0,115760
FINNIFTY02JAN2423200CE.NFO,02/01/2024,12:02:07,0.3,0.25,4520,0.3,16680,640,116120
FINNIFTY02JAN2423200CE.NFO,02/01/2024,12:02:13,0.3,0.25,4520,0.3,16040,640,116120
FINNIFTY02JAN2423200CE.NFO,02/01/2024,12:02:19,0.3,0.25,4520,0.3,15560,480,116120
FINNIFTY02JAN2423200CE.NFO,02/01/2024,12:04:23,0.3,0.25,4520,0.3,15560,0,116120
FINNIFTY02JAN2423200CE.NFO,02/01/2024,12:06:00,0.25,0.25,4480,0.3,15560,40,114520
FINNIFTY02JAN2423200CE.NFO,02/01/2024,12:06:32,0.25,0.25,4480,0.3,15560,0,114520
FINNIFTY02JAN2423200CE.NFO,02/01/2024,12:07:29,0.25,0.25,4280,0.3,15560,200,114520
FINNIFTY02JAN2423200CE.NFO,02/01/2024,12:08:56,0.25,0.25,4280,0.3,15560,0,114520
FINNIFTY02JAN2423200CE.NFO,02/01/2024,12:09:02,0.25,0.25,4000,0.3,15560,280,114480
FINNIFTY02JAN2423200CE.NFO,02/01/2024,12:09:27,0.25,0.25,4000,0.3,15560,0,114480
FINNIFTY02JAN2423200CE.NFO,02/01/2024,12:09:40,0.25,0.25,2000,0.3,15560,3800,114480
FINNIFTY02JAN2423200CE.NFO,02/01/2024,12:09:53,0.25,0.2,29600,0.25,2400,1800,114480
FINNIFTY02JAN2423200CE.NFO,02/01/2024,12:10:00,0.25,0.2,39960,0.25,3200,0,114480
FINNIFTY02JAN2423200CE.NFO,02/01/2024,12:10:08,0.25,0.2,32760,0.25,4120,0,114480
FINNIFTY02JAN2423200CE.NFO,02/01/2024,12:10:17,0.25,0.2,32880,0.25,4040,80,114480
FINNIFTY02JAN2423200CE.NFO,02/01/2024,12:10:32,0.25,0.2,32880,0.25,5840,0,114480
FINNIFTY02JAN2423200CE.NFO,02/01/2024,12:12:25,0.25,0.2,32080,0.25,7600,0,114480
FINNIFTY02JAN2423200CE.NFO,02/01/2024,12:12:50,0.25,0.2,32080,0.25,7960,0,114480
FINNIFTY02JAN2423200CE.NFO,02/01/2024,12:13:11,0.25,0.2,27760,0.25,7960,0,114480
FINNIFTY02JAN2423200CE.NFO,02/01/2024,12:13:42,0.25,0.2,27760,0.25,7840,120,117320
FINNIFTY02JAN2423200CE.NFO,02/01/2024,12:14:17,0.25,0.2,27760,0.25,7840,0,117320
FINNIFTY02JAN2423200CE.NFO,02/01/2024,12:14:42,0.25,0.2,27760,0.25,16080,0,117320
FINNIFTY02JAN2423200CE.NFO,02/01/2024,12:15:13,0.2,0.2,21560,0.25,7840,5400,117320
FINNIFTY02JAN2423200CE.NFO,02/01/2024,12:15:19,0.2,0.2,20680,0.25,17280,0,117320
FINNIFTY02JAN2423200CE.NFO,02/01/2024,12:15:25,0.2,0.2,16520,0.25,17280,0,117320
FINNIFTY02JAN2423200CE.NFO,02/01/2024,12:15:47,0.2,0.2,9760,0.25,17280,0,117320
FINNIFTY02JAN2423200CE.NFO,02/01/2024,12:17:04,0.2,0.2,9720,0.25,17280,0,117320
FINNIFTY02JAN2423200CE.NFO,02/01/2024,12:17:31,0.2,0.2,16400,0.25,17280,0,117320
FINNIFTY02JAN2423200CE.NFO,02/01/2024,12:18:11,0.25,0.2,16400,0.25,17000,280,117320
FINNIFTY02JAN2423200CE.NFO,02/01/2024,12:18:33,0.25,0.2,16400,0.25,17000,0,117320
FINNIFTY02JAN2423200CE.NFO,02/01/2024,12:20:06,0.25,0.2,16400,0.25,17880,0,117320
FINNIFTY02JAN2423200CE.NFO,02/01/2024,12:20:26,0.2,0.2,16360,0.25,17880,40,117320
FINNIFTY02JAN2423200CE.NFO,02/01/2024,12:20:33,0.2,0.2,16240,0.25,17880,120,117320
FINNIFTY02JAN2423200CE.NFO,02/01/2024,12:20:39,0.2,0.2,16120,0.25,17880,120,117320
FINNIFTY02JAN2423200CE.NFO,02/01/2024,12:20:46,0.2,0.2,16000,0.25,17880,120,117320
FINNIFTY02JAN2423200CE.NFO,02/01/2024,12:20:52,0.2,0.2,15960,0.25,17880,40,117320
FINNIFTY02JAN2423200CE.NFO,02/01/2024,12:20:59,0.2,0.2,15880,0.25,17880,80,117320
FINNIFTY02JAN2423200CE.NFO,02/01/2024,12:21:06,0.2,0.2,15720,0.25,20480,160,117320
FINNIFTY02JAN2423200CE.NFO,02/01/2024,12:21:13,0.2,0.2,15520,0.25,20480,200,117320
FINNIFTY02JAN2423200CE.NFO,02/01/2024,12:21:20,0.2,0.2,15360,0.25,20480,160,117320
FINNIFTY02JAN2423200CE.NFO,02/01/2024,12:21:27,0.2,0.2,15400,0.25,20080,600,117320
FINNIFTY02JAN2423200CE.NFO,02/01/2024,12:22:18,0.25,0.2,15400,0.25,19640,440,117320
FINNIFTY02JAN2423200CE.NFO,02/01/2024,12:22:45,0.25,0.2,15400,0.25,21120,0,117320
FINNIFTY02JAN2423200CE.NFO,02/01/2024,12:23:05,0.25,0.2,15400,0.25,20920,200,117320
FINNIFTY02JAN2423200CE.NFO,02/01/2024,12:23:19,0.25,0.2,15400,0.25,21040,0,117320
FINNIFTY02JAN2423200CE.NFO,02/01/2024,12:23:26,0.25,0.2,17200,0.25,21040,0,117320
FINNIFTY02JAN2423200CE.NFO,02/01/2024,12:23:39,0.25,0.2,17200,0.25,20680,0,117320
FINNIFTY02JAN2423200CE.NFO,02/01/2024,12:23:50,0.25,0.2,17200,0.25,21480,0,117320
FINNIFTY02JAN2423200CE.NFO,02/01/2024,12:23:56,0.25,0.2,17200,0.25,21880,0,117320
FINNIFTY02JAN2423200CE.NFO,02/01/2024,12:24:28,0.25,0.2,17200,0.25,21000,0,117320
FINNIFTY02JAN2423200CE.NFO,02/01/2024,12:26:04,0.25,0.2,17200,0.25,19800,0,117320
FINNIFTY02JAN2423200CE.NFO,02/01/2024,12:26:17,0.25,0.2,11160,0.25,15600,5400,116960
FINNIFTY02JAN2423200CE.NFO,02/01/2024,12:26:29,0.25,0.2,11160,0.25,13080,760,116960
FINNIFTY02JAN2423200CE.NFO,02/01/2024,12:26:36,0.25,0.2,16760,0.25,13080,0,116960
FINNIFTY02JAN2423200CE.NFO,02/01/2024,12:28:07,0.25,0.2,16760,0.25,14280,0,116960
FINNIFTY02JAN2423200CE.NFO,02/01/2024,12:28:14,0.25,0.2,16760,0.25,14520,0,116960
FINNIFTY02JAN2423200CE.NFO,02/01/2024,12:28:39,0.2,0.2,13520,0.25,16320,2600,113400
FINNIFTY02JAN2423200CE.NFO,02/01/2024,12:29:24,0.2,0.2,13520,0.25,16440,0,113400
FINNIFTY02JAN2423200CE.NFO,02/01/2024,12:29:30,0.2,0.2,13520,0.25,16320,0,113400
FINNIFTY02JAN2423200CE.NFO,02/01/2024,12:29:36,0.2,0.2,13400,0.25,16200,120,113400
FINNIFTY02JAN2423200CE.NFO,02/01/2024,12:30:06,0.2,0.2,12480,0.25,16200,920,115120
FINNIFTY02JAN2423200CE.NFO,02/01/2024,12:30:30,0.2,0.2,12480,0.25,17800,0,115120
FINNIFTY02JAN2423200CE.NFO,02/01/2024,12:32:17,0.25,0.2,12480,0.25,17120,680,115120
FINNIFTY02JAN2423200CE.NFO,02/01/2024,12:33:02,0.2,0.2,9080,0.25,17120,1840,115360
FINNIFTY02JAN2423200CE.NFO,02/01/2024,12:33:07,0.2,0.2,9080,0.25,17160,0,115360
FINNIFTY02JAN2423200CE.NFO,02/01/2024,12:33:20,0.2,0.2,9080,0.25,17120,0,115360
FINNIFTY02JAN2423200CE.NFO,02/01/2024,12:33:25,0.2,0.2,9080,0.25,17160,0,115360
FINNIFTY02JAN2423200CE.NFO,02/01/2024,12:33:37,0.2,0.2,9080,0.25,17120,0,115360
FINNIFTY02JAN2423200CE.NFO,02/01/2024,12:34:01,0.2,0.2,9080,0.25,17160,0,115360
FINNIFTY02JAN2423200CE.NFO,02/01/2024,12:34:13,0.2,0.2,9080,0.25,17120,0,115360
FINNIFTY02JAN2423200CE.NFO,02/01/2024,12:34:31,0.2,0.2,9080,0.25,17160,0,115360
FINNIFTY02JAN2423200CE.NFO,02/01/2024,12:34:36,0.2,0.2,9080,0.25,17120,0,115360
FINNIFTY02JAN2423200CE.NFO,02/01/2024,12:34:56,0.2,0.2,9080,0.25,17160,0,115360
FINNIFTY02JAN2423200CE.NFO,02/01/2024,12:35:10,0.2,0.2,9080,0.25,17120,0,115360
FINNIFTY02JAN2423200CE.NFO,02/01/2024,12:35:43,0.2,0.2,9080,0.25,17160,0,115360
FINNIFTY02JAN2423200CE.NFO,02/01/2024,12:36:42,0.2,0.2,9080,0.25,17120,0,115360
FINNIFTY02JAN2423200CE.NFO,02/01/2024,12:37:33,0.2,0.2,9080,0.25,17200,0,115360
FINNIFTY02JAN2423200CE.NFO,02/01/2024,12:38:53,0.2,0.2,9080,0.25,18400,0,115360
FINNIFTY02JAN2423200CE.NFO,02/01/2024,12:41:27,0.2,0.2,9080,0.25,18480,0,115360
FINNIFTY02JAN2423200CE.NFO,02/01/2024,12:41:33,0.2,0.2,9080,0.25,18400,0,115360
FINNIFTY02JAN2423200CE.NFO,02/01/2024,12:41:47,0.2,0.2,14440,0.25,18400,0,115360
FINNIFTY02JAN2423200CE.NFO,02/01/2024,12:41:53,0.2,0.2,8120,0.25,18400,400,117200
FINNIFTY02JAN2423200CE.NFO,02/01/2024,12:42:04,0.2,0.2,8120,0.25,18400,0,117200
FINNIFTY02JAN2423200CE.NFO,02/01/2024,12:42:09,0.2,0.2,11680,0.25,18160,0,117200
FINNIFTY02JAN2423200CE.NFO,02/01/2024,12:42:15,0.2,0.2,9880,0.25,18160,0,117200
FINNIFTY02JAN2423200CE.NFO,02/01/2024,12:42:26,0.2,0.2,6480,0.25,20160,5000,117600
FINNIFTY02JAN2423200CE.NFO,02/01/2024,12:42:38,0.2,0.15,61880,0.2,13200,3920,117600
FINNIFTY02JAN2423200CE.NFO,02/01/2024,12:42:45,0.2,0.15,62200,0.2,13760,640,117600
FINNIFTY02JAN2423200CE.NFO,02/01/2024,12:42:51,0.2,0.15,62200,0.2,13760,0,117600
FINNIFTY02JAN2423200CE.NFO,02/01/2024,12:43:08,0.2,0.15,62200,0.2,13800,0,117600
FINNIFTY02JAN2423200CE.NFO,02/01/2024,12:43:37,0.2,0.15,62200,0.2,13600,200,117600
FINNIFTY02JAN2423200CE.NFO,02/01/2024,12:44:12,0.2,0.15,62200,0.2,13600,0,117600
FINNIFTY02JAN2423200CE.NFO,02/01/2024,12:45:29,0.2,0.15,53200,0.2,13600,0,117600
FINNIFTY02JAN2423200CE.NFO,02/01/2024,12:47:25,0.2,0.15,51200,0.2,16240,0,117600
FINNIFTY02JAN2423200CE.NFO,02/01/2024,12:47:30,0.2,0.15,51680,0.2,16960,360,126200
FINNIFTY02JAN2423200CE.NFO,02/01/2024,12:47:52,0.2,0.15,51680,0.2,17000,0,126200
FINNIFTY02JAN2423200CE.NFO,02/01/2024,12:47:57,0.2,0.15,51920,0.2,17000,0,126200
FINNIFTY02JAN2423200CE.NFO,02/01/2024,12:48:04,0.2,0.15,51920,0.2,16960,0,126200
FINNIFTY02JAN2423200CE.NFO,02/01/2024,12:48:31,0.2,0.15,51920,0.2,17000,0,126200
FINNIFTY02JAN2423200CE.NFO,02/01/2024,12:48:37,0.2,0.15,52200,0.2,16960,0,126200
FINNIFTY02JAN2423200CE.NFO,02/01/2024,12:48:43,0.2,0.15,54040,0.2,16960,0,126200
FINNIFTY02JAN2423200CE.NFO,02/01/2024,12:48:49,0.2,0.15,54320,0.2,16960,0,126200
FINNIFTY02JAN2423200CE.NFO,02/01/2024,12:49:01,0.2,0.15,54320,0.2,17000,0,126200
FINNIFTY02JAN2423200CE.NFO,02/01/2024,12:49:12,0.2,0.15,54320,0.2,16960,0,126200
FINNIFTY02JAN2423200CE.NFO,02/01/2024,12:49:30,0.2,0.15,54320,0.2,16640,320,126080
FINNIFTY02JAN2423200CE.NFO,02/01/2024,12:49:36,0.2,0.15,54320,0.2,16680,0,126080
FINNIFTY02JAN2423200CE.NFO,02/01/2024,12:49:41,0.2,0.15,54320,0.2,16640,0,126080
FINNIFTY02JAN2423200CE.NFO,02/01/2024,12:49:46,0.2,0.15,54320,0.2,16680,0,126080
FINNIFTY02JAN2423200CE.NFO,02/01/2024,12:49:51,0.2,0.15,54320,0.2,16640,0,126080
FINNIFTY02JAN2423200CE.NFO,02/01/2024,12:49:57,0.2,0.15,54320,0.2,16680,0,126080
FINNIFTY02JAN2423200CE.NFO,02/01/2024,12:50:03,0.2,0.15,54320,0.2,19000,0,126080
FINNIFTY02JAN2423200CE.NFO,02/01/2024,12:51:00,0.2,0.15,54320,0.2,18920,80,125760
FINNIFTY02JAN2423200CE.NFO,02/01/2024,12:51:37,0.2,0.15,24280,0.2,18920,0,125760
FINNIFTY02JAN2423200CE.NFO,02/01/2024,12:51:42,0.15,0.15,24320,0.2,18920,40,125760
FINNIFTY02JAN2423200CE.NFO,02/01/2024,12:51:52,0.15,0.15,24720,0.2,18920,0,125760
FINNIFTY02JAN2423200CE.NFO,02/01/2024,12:52:02,0.2,0.15,24320,0.2,18520,400,125760
FINNIFTY02JAN2423200CE.NFO,02/01/2024,12:53:41,0.2,0.15,22480,0.2,18520,0,125760
FINNIFTY02JAN2423200CE.NFO,02/01/2024,12:54:11,0.2,0.15,13600,0.2,18520,0,125760
FINNIFTY02JAN2423200CE.NFO,02/01/2024,12:54:16,0.2,0.15,10760,0.2,18520,0,125760
FINNIFTY02JAN2423200CE.NFO,02/01/2024,12:54:20,0.15,0.15,10720,0.2,18520,40,125280
FINNIFTY02JAN2423200CE.NFO,02/01/2024,12:55:09,0.15,0.15,11920,0.2,18520,0,125280
FINNIFTY02JAN2423200CE.NFO,02/01/2024,12:58:11,0.15,0.15,12440,0.2,18520,0,125280
FINNIFTY02JAN2423200CE.NFO,02/01/2024,12:59:49,0.15,0.15,12920,0.2,18520,0,125280
FINNIFTY02JAN2423200CE.NFO,02/01/2024,13:01:07,0.15,0.15,12840,0.2,18520,0,125280
FINNIFTY02JAN2423200CE.NFO,02/01/2024,13:02:14,0.15,0.15,12840,0.2,19720,0,125280
FINNIFTY02JAN2423200CE.NFO,02/01/2024,13:02:22,0.15,0.15,12800,0.2,19720,0,125280
FINNIFTY02JAN2423200CE.NFO,02/01/2024,13:03:14,0.15,0.15,11200,0.2,19720,0,125280
FINNIFTY02JAN2423200CE.NFO,02/01/2024,13:03:25,0.15,0.15,11200,0.2,19760,0,125280
FINNIFTY02JAN2423200CE.NFO,02/01/2024,13:04:49,0.15,0.15,6040,0.2,19760,3600,125280
FINNIFTY02JAN2423200CE.NFO,02/01/2024,13:04:57,0.15,0.15,5840,0.2,19760,200,125280
FINNIFTY02JAN2423200CE.NFO,02/01/2024,13:05:23,0.15,0.15,5560,0.2,19760,280,125280
FINNIFTY02JAN2423200CE.NFO,02/01/2024,13:06:53,0.15,0.15,5560,0.2,19760,0,125280
FINNIFTY02JAN2423200CE.NFO,02/01/2024,13:07:31,0.2,0.15,6280,0.2,19720,80,128360
FINNIFTY02JAN2423200CE.NFO,02/01/2024,13:07:36,0.2,0.15,6280,0.2,19720,0,128360
FINNIFTY02JAN2423200CE.NFO,02/01/2024,13:08:38,0.15,0.15,5480,0.2,19720,800,128360
FINNIFTY02JAN2423200CE.NFO,02/01/2024,13:09:02,0.15,0.15,5200,0.2,19720,280,129160
FINNIFTY02JAN2423200CE.NFO,02/01/2024,13:12:01,0.15,0.15,5200,0.2,20520,0,129160
FINNIFTY02JAN2423200CE.NFO,02/01/2024,13:12:06,0.15,0.15,3400,0.2,21240,1800,129160
FINNIFTY02JAN2423200CE.NFO,02/01/2024,13:12:11,0.15,0.15,4160,0.2,15120,1680,129160
FINNIFTY02JAN2423200CE.NFO,02/01/2024,13:12:16,0.15,0.15,4160,0.2,22320,0,129160
FINNIFTY02JAN2423200CE.NFO,02/01/2024,13:12:26,0.15,0.15,4120,0.2,18720,40,129160
FINNIFTY02JAN2423200CE.NFO,02/01/2024,13:12:31,0.15,0.15,4120,0.2,22320,0,129160
FINNIFTY02JAN2423200CE.NFO,02/01/2024,13:12:36,0.15,0.15,4120,0.2,22560,0,129160
FINNIFTY02JAN2423200CE.NFO,02/01/2024,13:13:24,0.15,0.15,4000,0.2,22560,120,129160
FINNIFTY02JAN2423200CE.NFO,02/01/2024,13:13:30,0.15,0.15,4000,0.2,16920,0,129160
FINNIFTY02JAN2423200CE.NFO,02/01/2024,13:13:36,0.15,0.15,4000,0.2,23120,0,129160
FINNIFTY02JAN2423200CE.NFO,02/01/2024,13:13:42,0.15,0.15,5800,0.2,23120,0,129160
FINNIFTY02JAN2423200CE.NFO,02/01/2024,13:14:20,0.15,0.15,7360,0.2,22560,0,129160
FINNIFTY02JAN2423200CE.NFO,02/01/2024,13:14:41,0.15,0.15,7360,0.2,16920,0,129160
FINNIFTY02JAN2423200CE.NFO,02/01/2024,13:14:46,0.15,0.15,7360,0.2,22320,0,129160
FINNIFTY02JAN2423200CE.NFO,02/01/2024,13:14:51,0.15,0.15,7360,0.2,22560,0,129160
FINNIFTY02JAN2423200CE.NFO,02/01/2024,13:17:28,0.15,0.15,7360,0.2,22520,0,129160
FINNIFTY02JAN2423200CE.NFO,02/01/2024,13:17:47,0.2,0.15,7360,0.2,22160,400,129880
FINNIFTY02JAN2423200CE.NFO,02/01/2024,13:18:07,0.15,0.15,5760,0.2,26560,1600,129480
FINNIFTY02JAN2423200CE.NFO,02/01/2024,13:18:17,0.15,0.15,5720,0.2,26560,40,129480
FINNIFTY02JAN2423200CE.NFO,02/01/2024,13:18:22,0.15,0.15,5520,0.2,26560,200,129480
FINNIFTY02JAN2423200CE.NFO,02/01/2024,13:18:28,0.15,0.15,5480,0.2,26560,40,129480
FINNIFTY02JAN2423200CE.NFO,02/01/2024,13:19:05,0.15,0.1,120440,0.2,21360,6760,129480
FINNIFTY02JAN2423200CE.NFO,02/01/2024,13:19:14,0.15,0.1,120440,0.2,22760,0,129480
FINNIFTY02JAN2423200CE.NFO,02/01/2024,13:19:59,0.15,0.1,120440,0.15,15440,0,129480
FINNIFTY02JAN2423200CE.NFO,02/01/2024,13:20:49,0.15,0.1,120440,0.15,15400,40,129480
FINNIFTY02JAN2423200CE.NFO,02/01/2024,13:20:55,0.15,0.1,120440,0.15,15400,0,129480
FINNIFTY02JAN2423200CE.NFO,02/01/2024,13:23:04,0.15,0.1,116840,0.15,15400,0,129480
FINNIFTY02JAN2423200CE.NFO,02/01/2024,13:24:09,0.15,0.1,116840,0.15,15200,200,129200
FINNIFTY02JAN2423200CE.NFO,02/01/2024,13:24:14,0.15,0.1,100840,0.15,15200,0,129200
FINNIFTY02JAN2423200CE.NFO,02/01/2024,13:24:57,0.15,0.1,100840,0.15,15280,0,129200
FINNIFTY02JAN2423200CE.NFO,02/01/2024,13:25:17,0.15,0.1,100840,0.15,15320,0,129200
FINNIFTY02JAN2423200CE.NFO,02/01/2024,13:25:51,0.15,0.1,100840,0.15,15200,120,129200
FINNIFTY02JAN2423200CE.NFO,02/01/2024,13:27:32,0.15,0.1,100840,0.15,15200,0,129200
FINNIFTY02JAN2423200CE.NFO,02/01/2024,13:27:41,0.15,0.1,100840,0.15,16200,0,129200
FINNIFTY02JAN2423200CE.NFO,02/01/2024,13:27:46,0.15,0.1,100840,0.15,17200,0,129200
FINNIFTY02JAN2423200CE.NFO,02/01/2024,13:28:58,0.15,0.1,99040,0.15,17200,0,129200
FINNIFTY02JAN2423200CE.NFO,02/01/2024,13:29:02,0.15,0.1,97240,0.15,17200,0,129200
FINNIFTY02JAN2423200CE.NFO,02/01/2024,13:29:23,0.15,0.1,95440,0.15,17200,0,129200
FINNIFTY02JAN2423200CE.NFO,02/01/2024,13:29:29,0.15,0.1,93640,0.15,19600,0,129200
FINNIFTY02JAN2423200CE.NFO,02/01/2024,13:33:14,0.15,0.1,72040,0.15,19600,0,129200
FINNIFTY02JAN2423200CE.NFO,02/01/2024,13:33:28,0.15,0.1,67720,0.15,19600,0,129200
FINNIFTY02JAN2423200CE.NFO,02/01/2024,13:33:32,0.15,0.1,67720,0.15,19360,240,129200
FINNIFTY02JAN2423200CE.NFO,02/01/2024,13:33:38,0.15,0.1,67720,0.15,19360,0,129200
FINNIFTY02JAN2423200CE.NFO,02/01/2024,13:33:53,0.15,0.1,67720,0.15,19240,0,129200
FINNIFTY02JAN2423200CE.NFO,02/01/2024,13:34:39,0.15,0.1,69160,0.15,19240,0,129200
FINNIFTY02JAN2423200CE.NFO,02/01/2024,13:34:45,0.15,0.1,67720,0.15,19240,0,129200
FINNIFTY02JAN2423200CE.NFO,02/01/2024,13:35:26,0.15,0.1,67720,0.15,19320,0,129200
FINNIFTY02JAN2423200CE.NFO,02/01/2024,13:35:31,0.15,0.1,67720,0.15,19240,0,129200
FINNIFTY02JAN2423200CE.NFO,02/01/2024,13:36:55,0.15,0.1,67720,0.15,18240,0,129200
FINNIFTY02JAN2423200CE.NFO,02/01/2024,13:37:12,0.15,0.1,67720,0.15,18360,0,129200
FINNIFTY02JAN2423200CE.NFO,02/01/2024,13:37:54,0.1,0.1,62240,0.15,18360,5480,129200
FINNIFTY02JAN2423200CE.NFO,02/01/2024,13:37:54,0.1,0.1,62240,0.15,18360,0,129200
FINNIFTY02JAN2423200CE.NFO,02/01/2024,13:38:05,0.1,0.1,31640,0.15,18360,0,129200
FINNIFTY02JAN2423200CE.NFO,02/01/2024,13:38:11,0.1,0.1,29840,0.15,26760,1800,129200
FINNIFTY02JAN2423200CE.NFO,02/01/2024,13:38:17,0.1,0.1,28040,0.15,31480,1800,129200
FINNIFTY02JAN2423200CE.NFO,02/01/2024,13:38:22,0.1,0.1,19120,0.15,30000,1800,129200
FINNIFTY02JAN2423200CE.NFO,02/01/2024,13:38:27,0.1,0.1,17320,0.15,30000,1800,129200
FINNIFTY02JAN2423200CE.NFO,02/01/2024,13:38:33,0.1,0.1,17240,0.15,30000,80,129200
FINNIFTY02JAN2423200CE.NFO,02/01/2024,13:38:39,0.1,0.1,11840,0.15,30000,0,129200
FINNIFTY02JAN2423200CE.NFO,02/01/2024,13:38:50,0.1,0.1,6440,0.15,30000,1880,129200
FINNIFTY02JAN2423200CE.NFO,02/01/2024,13:39:36,0.1,0.1,6440,0.15,30800,0,129200
FINNIFTY02JAN2423200CE.NFO,02/01/2024,13:40:19,0.1,0.1,13560,0.15,30800,0,129200
FINNIFTY02JAN2423200CE.NFO,02/01/2024,13:41:32,0.1,0.1,11000,0.15,30800,2560,123720
FINNIFTY02JAN2423200CE.NFO,02/01/2024,13:41:38,0.1,0.1,9200,0.15,31400,0,123720
FINNIFTY02JAN2423200CE.NFO,02/01/2024,13:41:44,0.1,0.1,9200,0.15,31440,0,123720
FINNIFTY02JAN2423200CE.NFO,02/01/2024,13:41:56,0.1,0.1,8240,0.15,28440,0,123720
FINNIFTY02JAN2423200CE.NFO,02/01/2024,13:42:02,0.1,0.1,8240,0.15,27440,0,123720
FINNIFTY02JAN2423200CE.NFO,02/01/2024,13:42:44,0.1,0.1,9040,0.15,27440,0,123720
FINNIFTY02JAN2423200CE.NFO,02/01/2024,13:43:31,0.1,0.1,9040,0.15,27360,0,123720
FINNIFTY02JAN2423200CE.NFO,02/01/2024,13:43:42,0.1,0.1,5600,0.15,27400,1800,123720
FINNIFTY02JAN2423200CE.NFO,02/01/2024,13:43:46,0.1,0.1,5360,0.15,27360,240,123720
FINNIFTY02JAN2423200CE.NFO,02/01/2024,13:43:51,0.1,0.1,5360,0.15,27400,0,123720
FINNIFTY02JAN2423200CE.NFO,02/01/2024,13:44:00,0.1,0.1,5360,0.15,27360,0,123720
FINNIFTY02JAN2423200CE.NFO,02/01/2024,13:44:04,0.1,0.1,5320,0.15,27920,0,123720
FINNIFTY02JAN2423200CE.NFO,02/01/2024,13:44:12,0.1,0.1,5360,0.15,27360,0,123720
FINNIFTY02JAN2423200CE.NFO,02/01/2024,13:44:24,0.1,0.1,5360,0.15,27400,0,123720
FINNIFTY02JAN2423200CE.NFO,02/01/2024,13:44:28,0.1,0.1,4720,0.15,26760,640,123720
FINNIFTY02JAN2423200CE.NFO,02/01/2024,13:44:32,0.1,0.1,4720,0.15,26720,0,123720
FINNIFTY02JAN2423200CE.NFO,02/01/2024,13:44:36,0.1,0.1,6360,0.15,26720,0,123720
FINNIFTY02JAN2423200CE.NFO,02/01/2024,13:44:48,0.1,0.1,6360,0.15,26760,0,123720
FINNIFTY02JAN2423200CE.NFO,02/01/2024,13:44:51,0.1,0.1,6360,0.15,26720,0,123720
FINNIFTY02JAN2423200CE.NFO,02/01/2024,13:45:03,0.1,0.1,6360,0.15,26760,0,123720
FINNIFTY02JAN2423200CE.NFO,02/01/2024,13:45:17,0.15,0.1,6360,0.15,27280,320,126400
FINNIFTY02JAN2423200CE.NFO,02/01/2024,13:45:21,0.15,0.1,6360,0.15,27080,200,126400
FINNIFTY02JAN2423200CE.NFO,02/01/2024,13:45:26,0.15,0.1,6360,0.15,27120,0,126400
FINNIFTY02JAN2423200CE.NFO,02/01/2024,13:45:39,0.15,0.1,6320,0.15,27120,0,126400
FINNIFTY02JAN2423200CE.NFO,02/01/2024,13:45:53,0.15,0.1,6360,0.15,27120,0,126400
FINNIFTY02JAN2423200CE.NFO,02/01/2024,13:46:13,0.15,0.1,6400,0.15,27120,0,126400
FINNIFTY02JAN2423200CE.NFO,02/01/2024,13:46:18,0.15,0.1,6400,0.15,19880,0,126400
FINNIFTY02JAN2423200CE.NFO,02/01/2024,13:46:23,0.15,0.1,6400,0.15,23520,0,126400
FINNIFTY02JAN2423200CE.NFO,02/01/2024,13:46:28,0.15,0.1,6400,0.15,22840,680,126400
FINNIFTY02JAN2423200CE.NFO,02/01/2024,13:46:33,0.15,0.1,6360,0.15,22840,0,126400
FINNIFTY02JAN2423200CE.NFO,02/01/2024,13:47:57,0.15,0.1,2520,0.15,14880,0,126400
FINNIFTY02JAN2423200CE.NFO,02/01/2024,13:48:01,0.15,0.1,2480,0.15,14880,0,126400
FINNIFTY02JAN2423200CE.NFO,02/01/2024,13:48:20,0.15,0.1,5000,0.15,14880,0,126400
FINNIFTY02JAN2423200CE.NFO,02/01/2024,13:48:29,0.15,0.1,4160,0.15,18480,0,126400
FINNIFTY02JAN2423200CE.NFO,02/01/2024,13:49:34,0.15,0.1,1720,0.15,14880,0,126400
FINNIFTY02JAN2423200CE.NFO,02/01/2024,13:49:38,0.15,0.1,1680,0.15,17920,0,126400
FINNIFTY02JAN2423200CE.NFO,02/01/2024,13:49:42,0.15,0.1,2160,0.15,11240,0,126400
FINNIFTY02JAN2423200CE.NFO,02/01/2024,13:49:46,0.15,0.1,2120,0.15,16320,0,126400
FINNIFTY02JAN2423200CE.NFO,02/01/2024,13:49:53,0.15,0.1,2160,0.15,13080,0,126400
FINNIFTY02JAN2423200CE.NFO,02/01/2024,13:49:58,0.15,0.1,2120,0.15,15880,0,126400
FINNIFTY02JAN2423200CE.NFO,02/01/2024,13:50:10,0.15,0.1,2160,0.15,13080,0,126400
FINNIFTY02JAN2423200CE.NFO,02/01/2024,13:50:15,0.15,0.1,2120,0.15,15800,0,126400
FINNIFTY02JAN2423200CE.NFO,02/01/2024,13:50:31,0.15,0.1,2160,0.15,11240,0,126400
FINNIFTY02JAN2423200CE.NFO,02/01/2024,13:50:35,0.15,0.1,2160,0.15,15560,0,126400
FINNIFTY02JAN2423200CE.NFO,02/01/2024,13:50:39,0.15,0.1,2120,0.15,15880,0,126400
FINNIFTY02JAN2423200CE.NFO,02/01/2024,13:50:54,0.15,0.1,2160,0.15,13040,0,126400
FINNIFTY02JAN2423200CE.NFO,02/01/2024,13:51:12,0.15,0.1,2120,0.15,15240,0,126400
FINNIFTY02JAN2423200CE.NFO,02/01/2024,13:51:48,0.15,0.1,520,0.15,14920,0,126400
FINNIFTY02JAN2423200CE.NFO,02/01/2024,13:51:56,0.15,0.1,480,0.15,14920,0,126400
FINNIFTY02JAN2423200CE.NFO,02/01/2024,13:52:29,0.15,0.1,480,0.15,12760,0,126400
FINNIFTY02JAN2423200CE.NFO,02/01/2024,13:52:34,0.15,0.1,520,0.15,12760,0,126400
FINNIFTY02JAN2423200CE.NFO,02/01/2024,13:52:39,0.15,0.1,520,0.15,14480,0,126400
FINNIFTY02JAN2423200CE.NFO,02/01/2024,13:53:20,0.15,0.1,480,0.15,14680,0,126400
FINNIFTY02JAN2423200CE.NFO,02/01/2024,13:53:26,0.15,0.1,480,0.15,14600,80,125200
FINNIFTY02JAN2423200CE.NFO,02/01/2024,13:53:32,0.15,0.1,480,0.15,14440,160,125200
FINNIFTY02JAN2423200CE.NFO,02/01/2024,13:53:38,0.15,0.1,480,0.15,14200,240,125200
FINNIFTY02JAN2423200CE.NFO,02/01/2024,13:53:44,0.15,0.1,480,0.15,13960,240,125200
FINNIFTY02JAN2423200CE.NFO,02/01/2024,13:53:49,0.15,0.1,520,0.15,13880,80,125200
FINNIFTY02JAN2423200CE.NFO,02/01/2024,13:53:55,0.15,0.1,1520,0.15,13720,160,125200
FINNIFTY02JAN2423200CE.NFO,02/01/2024,13:54:01,0.15,0.1,2520,0.15,13720,0,125200
FINNIFTY02JAN2423200CE.NFO,02/01/2024,13:54:18,0.1,0.1,2360,0.15,13720,960,125200
FINNIFTY02JAN2423200CE.NFO,02/01/2024,13:54:24,0.1,0.1,2320,0.15,13720,0,125200
FINNIFTY02JAN2423200CE.NFO,02/01/2024,13:54:40,0.1,0.1,800,0.15,13720,0,125200
FINNIFTY02JAN2423200CE.NFO,02/01/2024,13:54:50,0.1,0.1,320,0.15,13720,480,125200
FINNIFTY02JAN2423200CE.NFO,02/01/2024,13:54:56,0.1,0.1,2000,0.15,13720,0,125200
FINNIFTY02JAN2423200CE.NFO,02/01/2024,13:55:02,0.1,0.1,1960,0.15,13720,0,125200
FINNIFTY02JAN2423200CE.NFO,02/01/2024,13:55:18,0.1,0.1,2520,0.15,13880,0,125200
FINNIFTY02JAN2423200CE.NFO,02/01/2024,13:55:23,0.1,0.1,2480,0.15,13880,0,125200
FINNIFTY02JAN2423200CE.NFO,02/01/2024,13:55:55,0.1,0.1,1880,0.15,13880,80,125200
FINNIFTY02JAN2423200CE.NFO,02/01/2024,13:56:23,0.1,0.1,1880,0.15,13880,0,125200
FINNIFTY02JAN2423200CE.NFO,02/01/2024,13:56:27,0.1,0.1,1920,0.15,13800,0,125200
FINNIFTY02JAN2423200CE.NFO,02/01/2024,13:56:35,0.1,0.1,1880,0.15,13800,0,125200
FINNIFTY02JAN2423200CE.NFO,02/01/2024,13:56:43,0.1,0.1,1960,0.15,13800,0,125200
FINNIFTY02JAN2423200CE.NFO,02/01/2024,13:56:51,0.1,0.1,1880,0.15,13800,0,125200
FINNIFTY02JAN2423200CE.NFO,02/01/2024,13:57:28,0.1,0.1,1880,0.15,13800,400,124640
FINNIFTY02JAN2423200CE.NFO,02/01/2024,13:58:20,0.15,0.1,2320,0.15,13240,1480,124640
FINNIFTY02JAN2423200CE.NFO,02/01/2024,13:58:25,0.15,0.1,2280,0.15,13240,0,124640
FINNIFTY02JAN2423200CE.NFO,02/01/2024,13:58:48,0.15,0.1,2320,0.15,13240,0,124640
FINNIFTY02JAN2423200CE.NFO,02/01/2024,13:59:03,0.15,0.1,3240,0.15,13240,0,124640
FINNIFTY02JAN2423200CE.NFO,02/01/2024,13:59:12,0.15,0.1,3240,0.15,13120,120,124640
FINNIFTY02JAN2423200CE.NFO,02/01/2024,13:59:17,0.15,0.1,3240,0.15,13080,40,124640
FINNIFTY02JAN2423200CE.NFO,02/01/2024,13:59:22,0.15,0.1,3240,0.15,11200,80,124640
FINNIFTY02JAN2423200CE.NFO,02/01/2024,13:59:26,0.15,0.1,4400,0.15,11160,40,124640
FINNIFTY02JAN2423200CE.NFO,02/01/2024,13:59:30,0.15,0.1,4440,0.15,11120,40,124640
FINNIFTY02JAN2423200CE.NFO,02/01/2024,13:59:35,0.15,0.1,5680,0.15,12880,40,124640
FINNIFTY02JAN2423200CE.NFO,02/01/2024,13:59:39,0.15,0.1,5640,0.15,12840,40,124640
FINNIFTY02JAN2423200CE.NFO,02/01/2024,13:59:43,0.15,0.1,5680,0.15,12760,80,124640
FINNIFTY02JAN2423200CE.NFO,02/01/2024,13:59:47,0.15,0.1,5640,0.15,12720,40,124640
FINNIFTY02JAN2423200CE.NFO,02/01/2024,13:59:52,0.15,0.1,5640,0.15,12480,240,124640
FINNIFTY02JAN2423200CE.NFO,02/01/2024,13:59:58,0.15,0.1,5680,0.15,12480,0,124640
FINNIFTY02JAN2423200CE.NFO,02/01/2024,14:00:07,0.15,0.1,5680,0.15,14240,40,123760
FINNIFTY02JAN2423200CE.NFO,02/01/2024,14:01:16,0.15,0.1,5680,0.15,12440,0,123760
FINNIFTY02JAN2423200CE.NFO,02/01/2024,14:01:32,0.15,0.1,5680,0.15,12760,0,123760
FINNIFTY02JAN2423200CE.NFO,02/01/2024,14:02:24,0.15,0.1,5640,0.15,12760,0,123760
FINNIFTY02JAN2423200CE.NFO,02/01/2024,14:03:26,0.1,0.1,5000,0.15,12760,680,123800
FINNIFTY02JAN2423200CE.NFO,02/01/2024,14:03:32,0.1,0.1,4880,0.15,12760,120,123800
FINNIFTY02JAN2423200CE.NFO,02/01/2024,14:04:12,0.15,0.1,4880,0.15,12720,40,123800
FINNIFTY02JAN2423200CE.NFO,02/01/2024,14:04:18,0.15,0.1,4880,0.15,12080,640,123800
FINNIFTY02JAN2423200CE.NFO,02/01/2024,14:04:24,0.15,0.1,6040,0.15,11440,640,123800
FINNIFTY02JAN2423200CE.NFO,02/01/2024,14:04:30,0.1,0.1,5760,0.15,11440,280,123800
FINNIFTY02JAN2423200CE.NFO,02/01/2024,14:04:36,0.1,0.1,4720,0.15,11440,1040,123800
FINNIFTY02JAN2423200CE.NFO,02/01/2024,14:05:00,0.1,0.1,4760,0.15,11440,0,123800
FINNIFTY02JAN2423200CE.NFO,02/01/2024,14:05:10,0.1,0.1,4720,0.15,11440,0,123800
FINNIFTY02JAN2423200CE.NFO,02/01/2024,14:06:34,0.1,0.1,4760,0.15,11440,0,123800
FINNIFTY02JAN2423200CE.NFO,02/01/2024,14:06:38,0.1,0.1,4720,0.15,11440,0,123800
FINNIFTY02JAN2423200CE.NFO,02/01/2024,14:06:42,0.1,0.1,4760,0.15,11440,0,123800
FINNIFTY02JAN2423200CE.NFO,02/01/2024,14:07:47,0.1,0.1,4720,0.15,11440,0,123800
FINNIFTY02JAN2423200CE.NFO,02/01/2024,14:10:38,0.1,0.1,4680,0.15,11440,40,123320
FINNIFTY02JAN2423200CE.NFO,02/01/2024,14:11:21,0.1,0.1,4280,0.15,11440,0,123320
FINNIFTY02JAN2423200CE.NFO,02/01/2024,14:12:06,0.1,0.1,4520,0.15,11440,720,123440
FINNIFTY02JAN2423200CE.NFO,02/01/2024,14:12:12,0.1,0.1,4320,0.15,11440,200,123440
FINNIFTY02JAN2423200CE.NFO,02/01/2024,14:12:36,0.1,0.1,4280,0.15,11440,0,123440
FINNIFTY02JAN2423200CE.NFO,02/01/2024,14:13:03,0.1,0.1,4280,0.15,11120,0,123440
FINNIFTY02JAN2423200CE.NFO,02/01/2024,14:13:11,0.1,0.1,3800,0.15,11120,480,123440
FINNIFTY02JAN2423200CE.NFO,02/01/2024,14:13:56,0.1,0.1,3400,0.15,11120,400,123440
FINNIFTY02JAN2423200CE.NFO,02/01/2024,14:14:28,0.1,0.1,3400,0.15,11040,0,123440
FINNIFTY02JAN2423200CE.NFO,02/01/2024,14:15:13,0.1,0.1,3400,0.15,11080,0,123440
FINNIFTY02JAN2423200CE.NFO,02/01/2024,14:15:26,0.1,0.1,3160,0.15,11080,240,123440
FINNIFTY02JAN2423200CE.NFO,02/01/2024,14:15:39,0.1,0.1,3160,0.15,11080,0,123440
FINNIFTY02JAN2423200CE.NFO,02/01/2024,14:17:45,0.1,0.1,3160,0.15,11040,0,123440
FINNIFTY02JAN2423200CE.NFO,02/01/2024,14:18:11,0.1,0.1,1600,0.15,11040,1560,123440
FINNIFTY02JAN2423200CE.NFO,02/01/2024,14:18:17,0.1,0.1,1120,0.15,12240,480,123440
FINNIFTY02JAN2423200CE.NFO,02/01/2024,14:18:24,0.05,0.05,49360,0.1,4960,3840,123440
FINNIFTY02JAN2423200CE.NFO,02/01/2024,14:18:24,0.05,0.05,49360,0.1,4960,0,123440
FINNIFTY02JAN2423200CE.NFO,02/01/2024,14:18:31,0.05,0.05,49720,0.1,3800,320,123440
FINNIFTY02JAN2423200CE.NFO,02/01/2024,14:18:38,0.05,0.05,49720,0.1,3800,0,123440
FINNIFTY02JAN2423200CE.NFO,02/01/2024,14:19:11,0.05,0.05,49920,0.1,4680,0,123440
FINNIFTY02JAN2423200CE.NFO,02/01/2024,14:19:18,0.1,0.05,50120,0.1,4560,120,123440
FINNIFTY02JAN2423200CE.NFO,02/01/2024,14:19:25,0.1,0.05,50320,0.1,3400,1160,123440
FINNIFTY02JAN2423200CE.NFO,02/01/2024,14:19:33,0.1,0.05,50560,0.1,2360,1040,123440
FINNIFTY02JAN2423200CE.NFO,02/01/2024,14:19:41,0.1,0.05,50560,0.1,1720,640,123440
FINNIFTY02JAN2423200CE.NFO,02/01/2024,14:19:48,0.1,0.05,50560,0.1,1520,200,123440
FINNIFTY02JAN2423200CE.NFO,02/01/2024,14:20:00,0.1,0.05,50560,0.1,1480,40,123440
FINNIFTY02JAN2423200CE.NFO,02/01/2024,14:20:07,0.1,0.05,50560,0.1,1360,120,123440
FINNIFTY02JAN2423200CE.NFO,02/01/2024,14:20:20,0.1,0.05,50560,0.1,1280,80,123440
FINNIFTY02JAN2423200CE.NFO,02/01/2024,14:20:26,0.1,0.05,50560,0.1,1200,80,123440
FINNIFTY02JAN2423200CE.NFO,02/01/2024,14:20:45,0.1,0.05,50560,0.1,1160,40,123440
FINNIFTY02JAN2423200CE.NFO,02/01/2024,14:20:50,0.05,0.05,50520,0.1,2800,80,123440
FINNIFTY02JAN2423200CE.NFO,02/01/2024,14:20:56,0.05,0.05,50480,0.1,2800,40,123440
FINNIFTY02JAN2423200CE.NFO,02/01/2024,14:21:08,0.05,0.05,51560,0.1,2800,0,123440
FINNIFTY02JAN2423200CE.NFO,02/01/2024,14:21:20,0.1,0.05,51560,0.1,1000,1800,118480
FINNIFTY02JAN2423200CE.NFO,02/01/2024,14:21:39,0.1,0.05,51560,0.1,1240,40,118480
FINNIFTY02JAN2423200CE.NFO,02/01/2024,14:22:18,0.1,0.05,51560,0.1,2680,0,118480
FINNIFTY02JAN2423200CE.NFO,02/01/2024,14:22:24,0.1,0.05,51560,0.1,6640,0,118480
FINNIFTY02JAN2423200CE.NFO,02/01/2024,14:22:31,0.1,0.05,51560,0.1,6040,0,118480
FINNIFTY02JAN2423200CE.NFO,02/01/2024,14:22:44,0.1,0.05,51560,0.1,5560,480,118480
FINNIFTY02JAN2423200CE.NFO,02/01/2024,14:22:52,0.1,0.05,50600,0.1,4760,1760,118480
FINNIFTY02JAN2423200CE.NFO,02/01/2024,14:23:11,0.05,0.05,50200,0.1,5400,400,118480
FINNIFTY02JAN2423200CE.NFO,02/01/2024,14:23:48,0.05,0.05,49520,0.1,6880,680,118480
FINNIFTY02JAN2423200CE.NFO,02/01/2024,14:23:55,0.05,0.05,48720,0.1,6880,800,118480
FINNIFTY02JAN2423200CE.NFO,02/01/2024,14:24:19,0.05,0.05,48760,0.1,6920,0,118480
FINNIFTY02JAN2423200CE.NFO,02/01/2024,14:24:25,0.05,0.05,48760,0.1,6880,0,118480
FINNIFTY02JAN2423200CE.NFO,02/01/2024,14:24:32,0.1,0.05,48720,0.1,6840,40,117480
FINNIFTY02JAN2423200CE.NFO,02/01/2024,14:24:38,0.1,0.05,48720,0.1,6840,0,117480
FINNIFTY02JAN2423200CE.NFO,02/01/2024,14:24:56,0.1,0.05,48720,0.1,6880,0,117480
FINNIFTY02JAN2423200CE.NFO,02/01/2024,14:25:01,0.1,0.05,48720,0.1,6840,0,117480
FINNIFTY02JAN2423200CE.NFO,02/01/2024,14:25:07,0.1,0.05,48720,0.1,9440,0,117480
FINNIFTY02JAN2423200CE.NFO,02/01/2024,14:26:09,0.1,0.05,48720,0.1,9760,0,117480
FINNIFTY02JAN2423200CE.NFO,02/01/2024,14:26:14,0.1,0.05,48720,0.1,9440,0,117480
FINNIFTY02JAN2423200CE.NFO,02/01/2024,14:26:30,0.1,0.05,50520,0.1,9440,0,117480
FINNIFTY02JAN2423200CE.NFO,02/01/2024,14:27:30,0.1,0.05,49440,0.1,9440,0,117480
FINNIFTY02JAN2423200CE.NFO,02/01/2024,14:27:47,0.1,0.05,49440,0.1,7640,1800,117440
FINNIFTY02JAN2423200CE.NFO,02/01/2024,14:27:58,0.1,0.05,49440,0.1,7240,1080,117440
FINNIFTY02JAN2423200CE.NFO,02/01/2024,14:29:50,0.05,0.05,48880,0.1,8320,560,117440
FINNIFTY02JAN2423200CE.NFO,02/01/2024,14:29:57,0.05,0.05,48080,0.1,8320,800,117440
FINNIFTY02JAN2423200CE.NFO,02/01/2024,14:30:11,0.05,0.05,47600,0.1,8320,480,114560
FINNIFTY02JAN2423200CE.NFO,02/01/2024,14:30:25,0.05,0.05,47640,0.1,8320,0,114560
FINNIFTY02JAN2423200CE.NFO,02/01/2024,14:30:33,0.05,0.05,47840,0.1,8320,0,114560
FINNIFTY02JAN2423200CE.NFO,02/01/2024,14:30:40,0.05,0.05,47600,0.1,8320,0,114560
FINNIFTY02JAN2423200CE.NFO,02/01/2024,14:30:46,0.05,0.05,49400,0.1,8320,0,114560
FINNIFTY02JAN2423200CE.NFO,02/01/2024,14:30:53,0.05,0.05,51200,0.1,8320,0,114560
FINNIFTY02JAN2423200CE.NFO,02/01/2024,14:31:00,0.1,0.05,51200,0.1,7880,440,114560
FINNIFTY02JAN2423200CE.NFO,02/01/2024,14:31:07,0.1,0.05,51200,0.1,7640,240,114560
FINNIFTY02JAN2423200CE.NFO,02/01/2024,14:31:14,0.1,0.05,52920,0.1,7640,0,114560
FINNIFTY02JAN2423200CE.NFO,02/01/2024,14:31:20,0.1,0.05,52920,0.1,7440,200,114560
FINNIFTY02JAN2423200CE.NFO,02/01/2024,14:31:34,0.1,0.05,49560,0.1,6520,800,114560
FINNIFTY02JAN2423200CE.NFO,02/01/2024,14:31:41,0.1,0.05,47760,0.1,5040,240,114560
FINNIFTY02JAN2423200CE.NFO,02/01/2024,14:31:48,0.1,0.05,47760,0.1,7160,0,114560
FINNIFTY02JAN2423200CE.NFO,02/01/2024,14:31:55,0.1,0.05,47760,0.1,6920,240,114560
FINNIFTY02JAN2423200CE.NFO,02/01/2024,14:32:10,0.1,0.05,47760,0.1,6880,200,114560
FINNIFTY02JAN2423200CE.NFO,02/01/2024,14:32:17,0.1,0.05,47760,0.1,6520,200,114560
FINNIFTY02JAN2423200CE.NFO,02/01/2024,14:34:48,0.1,0.05,45960,0.1,5520,1800,112000
FINNIFTY02JAN2423200CE.NFO,02/01/2024,14:35:20,0.1,0.05,45960,0.1,5320,200,112000
FINNIFTY02JAN2423200CE.NFO,02/01/2024,14:36:16,0.05,0.05,45880,0.1,5480,80,110000
FINNIFTY02JAN2423200CE.NFO,02/01/2024,14:36:59,0.05,0.05,45880,0.1,5400,0,110000
FINNIFTY02JAN2423200CE.NFO,02/01/2024,14:37:24,0.1,0.05,44080,0.1,5480,80,110000
FINNIFTY02JAN2423200CE.NFO,02/01/2024,14:37:39,0.05,0.05,44000,0.1,5320,80,110000
FINNIFTY02JAN2423200CE.NFO,02/01/2024,14:37:46,0.05,0.05,44000,0.1,5560,0,110000
FINNIFTY02JAN2423200CE.NFO,02/01/2024,14:38:50,0.05,0.05,44040,0.1,5560,0,110000
FINNIFTY02JAN2423200CE.NFO,02/01/2024,14:38:57,0.05,0.05,44240,0.1,5560,0,110000
FINNIFTY02JAN2423200CE.NFO,02/01/2024,14:39:04,0.05,0.05,44240,0.1,5400,0,110000
FINNIFTY02JAN2423200CE.NFO,02/01/2024,14:39:11,0.05,0.05,44000,0.1,5560,0,110000
FINNIFTY02JAN2423200CE.NFO,02/01/2024,14:39:18,0.05,0.05,44240,0.1,5400,0,110000
FINNIFTY02JAN2423200CE.NFO,02/01/2024,14:39:32,0.05,0.05,44000,0.1,5400,0,110000
FINNIFTY02JAN2423200CE.NFO,02/01/2024,14:40:05,0.05,0.05,44400,0.1,5560,0,110000
FINNIFTY02JAN2423200CE.NFO,02/01/2024,14:40:34,0.1,0.05,47920,0.1,4640,640,110000
FINNIFTY02JAN2423200CE.NFO,02/01/2024,14:40:42,0.1,0.05,46680,0.1,3360,1560,110000
FINNIFTY02JAN2423200CE.NFO,02/01/2024,14:40:56,0.1,0.05,43040,0.1,3200,0,110000
FINNIFTY02JAN2423200CE.NFO,02/01/2024,14:43:06,0.1,0.05,46960,0.1,3200,0,110000
FINNIFTY02JAN2423200CE.NFO,02/01/2024,14:43:13,0.1,0.05,47440,0.1,8440,0,110000
FINNIFTY02JAN2423200CE.NFO,02/01/2024,14:43:20,0.1,0.05,47200,0.1,8440,0,110000
FINNIFTY02JAN2423200CE.NFO,02/01/2024,14:43:35,0.1,0.05,46800,0.1,8440,0,110000
FINNIFTY02JAN2423200CE.NFO,02/01/2024,14:43:48,0.1,0.05,46920,0.1,8440,0,110000
FINNIFTY02JAN2423200CE.NFO,02/01/2024,14:44:00,0.1,0.05,42600,0.1,8440,0,110000
FINNIFTY02JAN2423200CE.NFO,02/01/2024,14:44:07,0.1,0.05,41160,0.1,8440,0,110000
FINNIFTY02JAN2423200CE.NFO,02/01/2024,14:44:14,0.1,0.05,37280,0.1,3200,0,110000
FINNIFTY02JAN2423200CE.NFO,02/01/2024,14:45:11,0.1,0.05,37160,0.1,8160,0,110000
FINNIFTY02JAN2423200CE.NFO,02/01/2024,14:45:18,0.1,0.05,37160,0.1,3200,0,110000
FINNIFTY02JAN2423200CE.NFO,02/01/2024,14:45:32,0.1,0.05,40800,0.1,3200,0,110000
FINNIFTY02JAN2423200CE.NFO,02/01/2024,14:45:39,0.1,0.05,41040,0.1,3200,0,110000
FINNIFTY02JAN2423200CE.NFO,02/01/2024,14:45:53,0.1,0.05,41000,0.1,8160,0,110000
FINNIFTY02JAN2423200CE.NFO,02/01/2024,14:46:00,0.1,0.05,40760,0.1,8160,0,110000
FINNIFTY02JAN2423200CE.NFO,02/01/2024,14:46:20,0.1,0.05,40760,0.1,7960,200,107800
FINNIFTY02JAN2423200CE.NFO,02/01/2024,14:46:34,0.1,0.05,37160,0.1,5400,480,107800
FINNIFTY02JAN2423200CE.NFO,02/01/2024,14:47:36,0.1,0.05,40840,0.1,9280,0,107800
FINNIFTY02JAN2423200CE.NFO,02/01/2024,14:47:44,0.1,0.05,41080,0.1,9280,0,107800
FINNIFTY02JAN2423200CE.NFO,02/01/2024,14:47:57,0.1,0.05,41040,0.1,9280,0,107800
FINNIFTY02JAN2423200CE.NFO,02/01/2024,14:48:04,0.1,0.05,40800,0.1,9280,0,107800
FINNIFTY02JAN2423200CE.NFO,02/01/2024,14:48:10,0.1,0.05,40760,0.1,9280,0,107800
FINNIFTY02JAN2423200CE.NFO,02/01/2024,14:48:50,0.1,0.05,41040,0.1,9280,0,107800
FINNIFTY02JAN2423200CE.NFO,02/01/2024,14:49:09,0.1,0.05,41000,0.1,9280,0,107800
FINNIFTY02JAN2423200CE.NFO,02/01/2024,14:49:22,0.1,0.05,40760,0.1,9280,0,107800
FINNIFTY02JAN2423200CE.NFO,02/01/2024,14:49:29,0.1,0.05,41040,0.1,9280,0,107800
FINNIFTY02JAN2423200CE.NFO,02/01/2024,14:50:09,0.1,0.05,41440,0.1,9320,0,107800
FINNIFTY02JAN2423200CE.NFO,02/01/2024,14:51:02,0.1,0.05,37840,0.1,5440,0,107800
FINNIFTY02JAN2423200CE.NFO,02/01/2024,14:51:41,0.1,0.05,41440,0.1,5440,0,107800
FINNIFTY02JAN2423200CE.NFO,02/01/2024,14:51:55,0.05,0.05,41360,0.1,9320,80,107120
FINNIFTY02JAN2423200CE.NFO,02/01/2024,14:52:51,0.05,0.05,41360,0.1,9320,0,107120
FINNIFTY02JAN2423200CE.NFO,02/01/2024,14:53:31,0.05,0.05,40480,0.1,7520,0,107120
FINNIFTY02JAN2423200CE.NFO,02/01/2024,14:53:47,0.05,0.05,40480,0.1,7600,0,107120
FINNIFTY02JAN2423200CE.NFO,02/01/2024,14:55:13,0.1,0.05,40480,0.1,6720,960,107120
FINNIFTY02JAN2423200CE.NFO,02/01/2024,14:57:33,0.1,0.05,40080,0.1,6720,0,107120
FINNIFTY02JAN2423200CE.NFO,02/01/2024,14:57:40,0.1,0.05,40080,0.1,6680,0,107120
FINNIFTY02JAN2423200CE.NFO,02/01/2024,14:58:35,0.1,0.05,32880,0.1,6680,0,107120
FINNIFTY02JAN2423200CE.NFO,02/01/2024,14:58:42,0.1,0.05,32880,0.1,7880,0,107120
FINNIFTY02JAN2423200CE.NFO,02/01/2024,14:58:49,0.1,0.05,32880,0.1,9080,0,107120
FINNIFTY02JAN2423200CE.NFO,02/01/2024,14:58:57,0.05,0.05,32680,0.1,9080,200,107120
FINNIFTY02JAN2423200CE.NFO,02/01/2024,14:59:42,0.1,0.05,32680,0.1,8920,160,107120
FINNIFTY02JAN2423200CE.NFO,02/01/2024,14:59:50,0.1,0.05,32680,0.1,9120,0,107120
FINNIFTY02JAN2423200CE.NFO,02/01/2024,14:59:58,0.1,0.05,34480,0.1,10640,280,107120
FINNIFTY02JAN2423200CE.NFO,02/01/2024,15:00:06,0.1,0.05,34440,0.1,10520,120,107120
FINNIFTY02JAN2423200CE.NFO,02/01/2024,15:00:14,0.1,0.05,35600,0.1,10520,0,107120
FINNIFTY02JAN2423200CE.NFO,02/01/2024,15:00:29,0.1,0.05,35600,0.1,10280,240,107360
FINNIFTY02JAN2423200CE.NFO,02/01/2024,15:00:36,0.1,0.05,36400,0.1,10280,0,107360
FINNIFTY02JAN2423200CE.NFO,02/01/2024,15:00:44,0.1,0.05,36400,0.1,9400,1160,107360
FINNIFTY02JAN2423200CE.NFO,02/01/2024,15:00:51,0.1,0.05,36400,0.1,5200,1520,107360
FINNIFTY02JAN2423200CE.NFO,02/01/2024,15:00:59,0.1,0.05,36400,0.1,4800,400,107360
FINNIFTY02JAN2423200CE.NFO,02/01/2024,15:01:06,0.1,0.05,36400,0.1,4280,520,107360
FINNIFTY02JAN2423200CE.NFO,02/01/2024,15:01:14,0.1,0.05,34800,0.1,5480,1080,107360
FINNIFTY02JAN2423200CE.NFO,02/01/2024,15:01:22,0.1,0.05,35600,0.1,5480,0,107360
FINNIFTY02JAN2423200CE.NFO,02/01/2024,15:01:37,0.1,0.05,35600,0.1,5320,160,107360
FINNIFTY02JAN2423200CE.NFO,02/01/2024,15:01:45,0.1,0.05,35600,0.1,4160,1160,107360
FINNIFTY02JAN2423200CE.NFO,02/01/2024,15:01:52,0.1,0.05,35600,0.1,3720,440,107360
FINNIFTY02JAN2423200CE.NFO,02/01/2024,15:02:01,0.1,0.05,35600,0.1,3160,880,107360
FINNIFTY02JAN2423200CE.NFO,02/01/2024,15:03:09,0.1,0.05,36560,0.1,120,400,107360
FINNIFTY02JAN2423200CE.NFO,02/01/2024,15:03:58,0.1,0.05,36440,0.1,400,0,107360
FINNIFTY02JAN2423200CE.NFO,02/01/2024,15:04:14,0.1,0.05,36440,0.1,120,360,110000
FINNIFTY02JAN2423200CE.NFO,02/01/2024,15:04:22,0.1,0.05,36440,0.1,160,0,110000
FINNIFTY02JAN2423200CE.NFO,02/01/2024,15:04:30,0.1,0.05,36440,0.1,200,0,110000
FINNIFTY02JAN2423200CE.NFO,02/01/2024,15:05:09,0.1,0.05,36680,0.1,120,1800,110000
FINNIFTY02JAN2423200CE.NFO,02/01/2024,15:05:56,0.1,0.05,36680,0.1,40,80,110000
FINNIFTY02JAN2423200CE.NFO,02/01/2024,15:06:04,0.1,0.05,35800,0.1,80,2240,110000
FINNIFTY02JAN2423200CE.NFO,02/01/2024,15:06:13,0.1,0.05,35800,0.1,40,40,112360
FINNIFTY02JAN2423200CE.NFO,02/01/2024,15:06:21,0.1,0.05,35800,0.1,2280,480,112360
FINNIFTY02JAN2423200CE.NFO,02/01/2024,15:06:30,0.05,0.05,35760,0.1,7680,760,112360
FINNIFTY02JAN2423200CE.NFO,02/01/2024,15:06:37,0.05,0.05,35760,0.1,9760,0,112360
FINNIFTY02JAN2423200CE.NFO,02/01/2024,15:06:45,0.1,0.05,33960,0.1,7640,2200,112360
FINNIFTY02JAN2423200CE.NFO,02/01/2024,15:07:01,0.1,0.05,33960,0.1,7200,480,112360
FINNIFTY02JAN2423200CE.NFO,02/01/2024,15:07:09,0.1,0.05,33960,0.1,3600,3640,112360
FINNIFTY02JAN2423200CE.NFO,02/01/2024,15:07:18,0.1,0.05,33960,0.1,3440,160,112360
FINNIFTY02JAN2423200CE.NFO,02/01/2024,15:07:27,0.1,0.05,37560,0.1,2960,480,112360
FINNIFTY02JAN2423200CE.NFO,02/01/2024,15:07:36,0.1,0.05,37560,0.1,1400,1560,112360
FINNIFTY02JAN2423200CE.NFO,02/01/2024,15:07:46,0.1,0.05,37560,0.1,5240,1040,112360
FINNIFTY02JAN2423200CE.NFO,02/01/2024,15:07:56,0.1,0.05,37560,0.1,6680,640,112360
FINNIFTY02JAN2423200CE.NFO,02/01/2024,15:08:06,0.1,0.05,37560,0.1,7040,160,112360
FINNIFTY02JAN2423200CE.NFO,02/01/2024,15:08:27,0.1,0.05,37560,0.1,3440,0,112360
FINNIFTY02JAN2423200CE.NFO,02/01/2024,15:08:36,0.1,0.05,37560,0.1,3040,400,112360
FINNIFTY02JAN2423200CE.NFO,02/01/2024,15:08:44,0.1,0.1,2280,0.15,10480,3360,112360
FINNIFTY02JAN2423200CE.NFO,02/01/2024,15:08:53,0.1,0.05,34160,0.1,2880,3400,112360
FINNIFTY02JAN2423200CE.NFO,02/01/2024,15:09:03,0.1,0.05,36240,0.1,320,2280,112360
FINNIFTY02JAN2423200CE.NFO,02/01/2024,15:09:13,0.1,0.05,36240,0.1,1040,80,112360
FINNIFTY02JAN2423200CE.NFO,02/01/2024,15:09:22,0.1,0.05,36240,0.1,1000,400,115840
FINNIFTY02JAN2423200CE.NFO,02/01/2024,15:09:32,0.1,0.05,36240,0.1,1880,720,115840
FINNIFTY02JAN2423200CE.NFO,02/01/2024,15:09:42,0.1,0.05,34640,0.1,1640,320,115840
FINNIFTY02JAN2423200CE.NFO,02/01/2024,15:09:53,0.1,0.05,34640,0.1,1640,0,115840
FINNIFTY02JAN2423200CE.NFO,02/01/2024,15:10:03,0.1,0.05,34640,0.1,2840,80,115840
FINNIFTY02JAN2423200CE.NFO,02/01/2024,15:10:14,0.1,0.05,33360,0.1,9000,1520,115840
FINNIFTY02JAN2423200CE.NFO,02/01/2024,15:10:24,0.1,0.05,33360,0.1,9120,80,115840
FINNIFTY02JAN2423200CE.NFO,02/01/2024,15:10:46,0.1,0.05,34000,0.1,11000,0,115840
FINNIFTY02JAN2423200CE.NFO,02/01/2024,15:10:56,0.1,0.05,34000,0.1,11160,0,115840
FINNIFTY02JAN2423200CE.NFO,02/01/2024,15:11:26,0.05,0.05,32240,0.1,6000,1760,115840
FINNIFTY02JAN2423200CE.NFO,02/01/2024,15:11:36,0.05,0.05,26440,0.1,8800,3040,115840
FINNIFTY02JAN2423200CE.NFO,02/01/2024,15:11:45,0.05,0.05,15520,0.1,9080,1200,115840
FINNIFTY02JAN2423200CE.NFO,02/01/2024,15:12:51,0.05,0.05,15120,0.1,9080,400,115000
FINNIFTY02JAN2423200CE.NFO,02/01/2024,15:13:12,0.05,0.05,13320,0.1,9080,1800,115000
FINNIFTY02JAN2423200CE.NFO,02/01/2024,15:14:18,0.05,0.05,13320,0.1,9720,0,115000
FINNIFTY02JAN2423200CE.NFO,02/01/2024,15:14:28,0.05,0.05,13320,0.1,11520,0,115000
FINNIFTY02JAN2423200CE.NFO,02/01/2024,15:14:54,0.05,0.05,13080,0.1,11520,240,115000
FINNIFTY02JAN2423200CE.NFO,02/01/2024,15:15:02,0.05,0.05,13040,0.1,11520,40,115000
FINNIFTY02JAN2423200CE.NFO,02/01/2024,15:15:11,0.05,0.05,9440,0.1,11520,3600,115000
FINNIFTY02JAN2423200CE.NFO,02/01/2024,15:15:19,0.05,0.05,960,0.1,11120,10960,108320
FINNIFTY02JAN2423200CE.NFO,02/01/2024,15:15:28,0.05,0,0,0.1,10920,960,108320
FINNIFTY02JAN2423200CE.NFO,02/01/2024,15:15:37,0.05,0,0,0.1,14520,0,108320
FINNIFTY02JAN2423200CE.NFO,02/01/2024,15:16:38,0.05,0,0,0.05,1880,400,108320
FINNIFTY02JAN2423200CE.NFO,02/01/2024,15:17:43,0.05,0,0,0.05,1880,0,108320
FINNIFTY02JAN2423200CE.NFO,02/01/2024,15:18:25,0.05,0,0,0.1,10920,1800,105320
FINNIFTY02JAN2423200CE.NFO,02/01/2024,15:18:42,0.05,0,0,0.1,8960,0,105320
FINNIFTY02JAN2423200CE.NFO,02/01/2024,15:19:31,0.05,0,0,0.05,4000,0,105320
FINNIFTY02JAN2423200CE.NFO,02/01/2024,15:19:39,0.05,0,0,0.05,4200,0,105320
FINNIFTY02JAN2423200CE.NFO,02/01/2024,15:19:47,0.05,0,0,0.05,4280,0,105320
FINNIFTY02JAN2423200CE.NFO,02/01/2024,15:20:31,0.05,0,0,0.05,3480,800,105320
FINNIFTY02JAN2423200CE.NFO,02/01/2024,15:21:03,0.05,0,0,0.05,3440,0,105320
FINNIFTY02JAN2423200CE.NFO,02/01/2024,15:21:11,0.05,0,0,0.1,8960,0,105320
FINNIFTY02JAN2423200CE.NFO,02/01/2024,15:21:35,0.05,0,0,0.05,40,0,105320
FINNIFTY02JAN2423200CE.NFO,02/01/2024,15:21:45,0.05,0,0,0.05,120,0,105320
FINNIFTY02JAN2423200CE.NFO,02/01/2024,15:22:00,0.05,0,0,0.1,8880,120,103520
FINNIFTY02JAN2423200CE.NFO,02/01/2024,15:22:08,0.05,0,0,0.05,40,280,103520
FINNIFTY02JAN2423200CE.NFO,02/01/2024,15:22:16,0.05,0,0,0.05,40,0,103520
FINNIFTY02JAN2423200CE.NFO,02/01/2024,15:22:31,0.05,0,0,0.05,480,0,103520
FINNIFTY02JAN2423200CE.NFO,02/01/2024,15:22:39,0.05,0,0,0.05,680,0,103520
FINNIFTY02JAN2423200CE.NFO,02/01/2024,15:22:46,0.05,0,0,0.05,640,0,103520
FINNIFTY02JAN2423200CE.NFO,02/01/2024,15:22:55,0.05,0,0,0.05,680,0,103520
FINNIFTY02JAN2423200CE.NFO,02/01/2024,15:23:23,0.05,0,0,0.05,640,0,103520
FINNIFTY02JAN2423200CE.NFO,02/01/2024,15:25:08,0.05,0,0,0.05,80,0,103520
FINNIFTY02JAN2423200CE.NFO,02/01/2024,15:25:38,0.05,0,0,0.05,920,0,103520
FINNIFTY02JAN2423200CE.NFO,02/01/2024,15:25:49,0.05,0,0,0.05,1240,0,103520
FINNIFTY02JAN2423200CE.NFO,02/01/2024,15:25:59,0.05,0,0,0.05,1440,0,103520
FINNIFTY02JAN2423200CE.NFO,02/01/2024,15:27:43,0.05,0,0,0.05,2240,0,103520
FINNIFTY02JAN2423200CE.NFO,02/01/2024,15:28:19,0.05,0,0,0.05,1440,0,103520
FINNIFTY02JAN2423200CE.NFO,02/01/2024,15:28:28,0.05,0,0,0.05,3240,0,103520
FINNIFTY02JAN2423200CE.NFO,02/01/2024,15:28:46,0.05,0,0,0.05,3280,0,103520
FINNIFTY02JAN2423200CE.NFO,02/01/2024,15:29:12,0.05,0,0,0.05,5080,0,103520
FINNIFTY02JAN2423200CE.NFO,02/01/2024,15:29:21,0.05,0,0,0.05,6240,0,103520
FINNIFTY02JAN2423200CE.NFO,02/01/2024,15:29:41,0.05,0,0,0.05,3320,0,103520
FINNIFTY02JAN2423200CE.NFO,02/01/2024,15:30:01,0.05,0,0,0.05,3240,0,103520
