Ticker,Date,Time,LTP,BuyPrice,BuyQty,SellPrice,SellQty,LTQ,OpenInterest
FINNIFTY02JAN2421350CE.NFO,02/01/2024,09:15:01,107.6,96.6,80,98.75,40,760,244360
FINNIFTY02JAN2421350CE.NFO,02/01/2024,09:15:01,96.9,96.6,80,98.75,40,0,244360
FINNIFTY02JAN2421350CE.NFO,02/01/2024,09:15:01,107.6,96.6,80,98.75,40,0,244360
FINNIFTY02JAN2421350CE.NFO,02/01/2024,09:15:01,96.9,96.6,80,98.75,40,0,244360
FINNIFTY02JAN2421350CE.NFO,02/01/2024,09:15:03,80,80,160,83.8,80,2240,244360
FINNIFTY02JAN2421350CE.NFO,02/01/2024,09:15:03,80,80,160,83.8,80,0,244360
FINNIFTY02JAN2421350CE.NFO,02/01/2024,09:15:05,82.85,85.05,40,86.6,80,6040,244360
FINNIFTY02JAN2421350CE.NFO,02/01/2024,09:15:05,73.2,85.05,40,86.6,80,0,244360
FINNIFTY02JAN2421350CE.NFO,02/01/2024,09:15:06,86.3,85.9,40,87.25,120,8760,244360
FINNIFTY02JAN2421350CE.NFO,02/01/2024,09:15:08,83.6,83.35,240,84.1,40,3560,244360
FINNIFTY02JAN2421350CE.NFO,02/01/2024,09:15:09,79.4,78.8,120,79.4,40,6960,244360
FINNIFTY02JAN2421350CE.NFO,02/01/2024,09:15:11,79.8,79.35,120,80.8,120,31720,244360
FINNIFTY02JAN2421350CE.NFO,02/01/2024,09:15:13,80.6,79.9,80,80.55,40,14360,244360
FINNIFTY02JAN2421350CE.NFO,02/01/2024,09:15:14,77.75,77.15,80,77.5,360,13440,244360
FINNIFTY02JAN2421350CE.NFO,02/01/2024,09:15:16,75.55,75.3,40,75.95,440,8240,244360
FINNIFTY02JAN2421350CE.NFO,02/01/2024,09:15:18,77.75,77.75,40,78.15,440,7760,244360
FINNIFTY02JAN2421350CE.NFO,02/01/2024,09:15:19,80.5,79.95,80,80.45,120,32760,244360
FINNIFTY02JAN2421350CE.NFO,02/01/2024,09:15:21,78.15,77.9,40,78.3,440,5520,244360
FINNIFTY02JAN2421350CE.NFO,02/01/2024,09:15:23,77.7,77.25,40,77.65,40,6360,244360
FINNIFTY02JAN2421350CE.NFO,02/01/2024,09:15:24,76.75,76.8,40,77.15,440,6640,244360
FINNIFTY02JAN2421350CE.NFO,02/01/2024,09:15:26,76.5,76.5,80,76.95,360,26000,244360
FINNIFTY02JAN2421350CE.NFO,02/01/2024,09:15:27,77.65,77.15,400,77.65,240,9600,244360
FINNIFTY02JAN2421350CE.NFO,02/01/2024,09:15:29,77.8,77.8,200,78.2,400,9280,244360
FINNIFTY02JAN2421350CE.NFO,02/01/2024,09:15:31,78.7,78.55,40,79.05,600,13640,244360
FINNIFTY02JAN2421350CE.NFO,02/01/2024,09:15:32,77.9,77.75,80,78.05,80,4320,244360
FINNIFTY02JAN2421350CE.NFO,02/01/2024,09:15:34,76.85,76.95,400,77.15,160,8520,244360
FINNIFTY02JAN2421350CE.NFO,02/01/2024,09:15:35,76.65,76.7,160,77.1,360,3200,244360
FINNIFTY02JAN2421350CE.NFO,02/01/2024,09:15:37,77.55,77.5,560,77.9,2040,7320,244360
FINNIFTY02JAN2421350CE.NFO,02/01/2024,09:15:39,78.5,78.65,80,78.95,400,12320,244360
FINNIFTY02JAN2421350CE.NFO,02/01/2024,09:15:40,79.7,79.35,80,79.8,440,8960,244360
FINNIFTY02JAN2421350CE.NFO,02/01/2024,09:15:42,78.85,78.9,440,79.25,40,13080,244360
FINNIFTY02JAN2421350CE.NFO,02/01/2024,09:15:44,80.45,80.15,240,80.6,360,16560,244360
FINNIFTY02JAN2421350CE.NFO,02/01/2024,09:15:45,80.35,79.85,200,80.4,240,9760,244360
FINNIFTY02JAN2421350CE.NFO,02/01/2024,09:15:47,79.7,79.15,320,79.65,40,15600,244360
FINNIFTY02JAN2421350CE.NFO,02/01/2024,09:15:48,78.05,77.95,80,78.35,200,5720,244360
FINNIFTY02JAN2421350CE.NFO,02/01/2024,09:15:50,77.2,76.85,520,77.3,200,9640,244360
FINNIFTY02JAN2421350CE.NFO,02/01/2024,09:15:52,78.55,78.15,40,78.6,200,3840,244360
FINNIFTY02JAN2421350CE.NFO,02/01/2024,09:15:53,77.35,77.25,160,77.65,160,9520,244360
FINNIFTY02JAN2421350CE.NFO,02/01/2024,09:15:55,77.4,77.4,520,77.85,160,7800,244360
FINNIFTY02JAN2421350CE.NFO,02/01/2024,09:15:57,76.25,75.9,360,76.25,160,16520,244360
FINNIFTY02JAN2421350CE.NFO,02/01/2024,09:15:58,75.45,75.25,640,75.55,240,12760,244360
FINNIFTY02JAN2421350CE.NFO,02/01/2024,09:16:00,76.3,76.3,80,76.6,120,32040,244360
FINNIFTY02JAN2421350CE.NFO,02/01/2024,09:16:01,74.3,74.4,160,74.75,160,40600,244360
FINNIFTY02JAN2421350CE.NFO,02/01/2024,09:16:03,74.75,74.8,40,75.05,6440,35800,244360
FINNIFTY02JAN2421350CE.NFO,02/01/2024,09:16:05,75.25,75.3,200,75.6,400,66040,244360
FINNIFTY02JAN2421350CE.NFO,02/01/2024,09:16:06,76.85,76.95,520,77.35,40,46480,244360
FINNIFTY02JAN2421350CE.NFO,02/01/2024,09:16:08,79.45,79.4,680,79.65,360,42880,244360
FINNIFTY02JAN2421350CE.NFO,02/01/2024,09:16:10,77.95,77.7,920,77.95,40,17600,244360
FINNIFTY02JAN2421350CE.NFO,02/01/2024,09:16:11,79.3,79.3,120,79.45,200,10760,244360
FINNIFTY02JAN2421350CE.NFO,02/01/2024,09:16:13,79.65,79.3,400,79.65,1160,23080,244360
FINNIFTY02JAN2421350CE.NFO,02/01/2024,09:16:14,78.15,77.7,240,78.15,160,17160,244360
FINNIFTY02JAN2421350CE.NFO,02/01/2024,09:16:16,76.85,76.85,120,77.15,320,23560,244360
FINNIFTY02JAN2421350CE.NFO,02/01/2024,09:16:18,77.4,77.1,40,77.4,280,14080,244360
FINNIFTY02JAN2421350CE.NFO,02/01/2024,09:16:19,77.15,76.9,400,77.2,160,14400,244360
FINNIFTY02JAN2421350CE.NFO,02/01/2024,09:16:21,76.35,76.25,40,76.5,560,11040,244360
FINNIFTY02JAN2421350CE.NFO,02/01/2024,09:16:22,74.2,74.15,360,74.5,1480,8120,244360
FINNIFTY02JAN2421350CE.NFO,02/01/2024,09:16:24,74.5,74.35,400,74.6,160,16880,244360
FINNIFTY02JAN2421350CE.NFO,02/01/2024,09:16:26,73.75,73.55,280,73.85,240,8880,244360
FINNIFTY02JAN2421350CE.NFO,02/01/2024,09:16:27,73.95,73.65,40,73.9,400,6480,244360
FINNIFTY02JAN2421350CE.NFO,02/01/2024,09:16:27,73.05,73.65,40,73.9,400,0,244360
FINNIFTY02JAN2421350CE.NFO,02/01/2024,09:16:29,74.25,74,160,74.25,80,8200,244360
FINNIFTY02JAN2421350CE.NFO,02/01/2024,09:16:31,75.1,75.1,880,75.4,120,7280,244360
FINNIFTY02JAN2421350CE.NFO,02/01/2024,09:16:32,74.5,74.55,240,74.85,520,8440,244360
FINNIFTY02JAN2421350CE.NFO,02/01/2024,09:16:34,74.2,73.9,800,74.2,560,5080,244360
FINNIFTY02JAN2421350CE.NFO,02/01/2024,09:16:35,75.6,75.2,360,75.55,320,7520,244360
FINNIFTY02JAN2421350CE.NFO,02/01/2024,09:16:37,74.25,74.2,160,74.45,200,7000,244360
FINNIFTY02JAN2421350CE.NFO,02/01/2024,09:16:39,74.1,74,80,74.3,880,4080,244360
FINNIFTY02JAN2421350CE.NFO,02/01/2024,09:16:40,73.95,74,40,74.2,320,11080,244360
FINNIFTY02JAN2421350CE.NFO,02/01/2024,09:16:42,74.5,74.5,40,74.7,480,8160,244360
FINNIFTY02JAN2421350CE.NFO,02/01/2024,09:16:43,74.75,74.75,40,74.95,520,10160,244360
FINNIFTY02JAN2421350CE.NFO,02/01/2024,09:16:45,77.25,77.3,80,77.55,280,5840,244360
FINNIFTY02JAN2421350CE.NFO,02/01/2024,09:16:46,76.75,76.35,40,76.65,960,8200,244360
FINNIFTY02JAN2421350CE.NFO,02/01/2024,09:16:48,78.4,78.1,800,78.4,480,8320,244360
FINNIFTY02JAN2421350CE.NFO,02/01/2024,09:16:50,79.05,78.75,480,79.1,960,6600,244360
FINNIFTY02JAN2421350CE.NFO,02/01/2024,09:16:51,78.15,78,40,78.2,1480,4760,244360
FINNIFTY02JAN2421350CE.NFO,02/01/2024,09:16:53,76.8,76.55,400,76.9,960,6760,244360
FINNIFTY02JAN2421350CE.NFO,02/01/2024,09:16:54,76.05,75.85,80,76.05,240,4760,244360
FINNIFTY02JAN2421350CE.NFO,02/01/2024,09:16:56,75.85,75.85,840,76.1,440,5480,244360
FINNIFTY02JAN2421350CE.NFO,02/01/2024,09:16:58,77.4,77.2,200,77.4,40,6480,244360
FINNIFTY02JAN2421350CE.NFO,02/01/2024,09:16:59,76.85,76.9,80,77.1,200,4760,244360
FINNIFTY02JAN2421350CE.NFO,02/01/2024,09:17:01,76.8,76.8,120,77.05,1200,26960,244360
FINNIFTY02JAN2421350CE.NFO,02/01/2024,09:17:03,76.1,76,160,76.15,80,16680,244360
FINNIFTY02JAN2421350CE.NFO,02/01/2024,09:17:04,75.8,75.5,280,75.75,800,29560,244360
FINNIFTY02JAN2421350CE.NFO,02/01/2024,09:17:06,76.4,76.4,120,76.45,80,20800,244360
FINNIFTY02JAN2421350CE.NFO,02/01/2024,09:17:07,77.1,76.9,1520,77.1,400,7080,244360
FINNIFTY02JAN2421350CE.NFO,02/01/2024,09:17:09,76.45,76.5,360,76.8,1560,7280,244360
FINNIFTY02JAN2421350CE.NFO,02/01/2024,09:17:11,75.95,75.8,1040,76,200,5880,244360
FINNIFTY02JAN2421350CE.NFO,02/01/2024,09:17:12,76.1,75.8,1520,76.05,360,3920,244360
FINNIFTY02JAN2421350CE.NFO,02/01/2024,09:17:14,76.55,76.15,320,76.35,360,6040,244360
FINNIFTY02JAN2421350CE.NFO,02/01/2024,09:17:15,76.75,76.55,400,76.75,40,8280,244360
FINNIFTY02JAN2421350CE.NFO,02/01/2024,09:17:17,77.3,77.2,240,77.35,800,9040,244360
FINNIFTY02JAN2421350CE.NFO,02/01/2024,09:17:19,78.75,78.5,120,78.75,440,16200,244360
FINNIFTY02JAN2421350CE.NFO,02/01/2024,09:17:20,78.7,78.7,80,78.8,1360,9960,244360
FINNIFTY02JAN2421350CE.NFO,02/01/2024,09:17:22,78.6,78.55,360,78.8,80,8520,512080
FINNIFTY02JAN2421350CE.NFO,02/01/2024,09:17:23,78.5,78.4,1160,78.6,120,7880,512080
FINNIFTY02JAN2421350CE.NFO,02/01/2024,09:17:25,78,77.75,880,78,1480,10440,512080
FINNIFTY02JAN2421350CE.NFO,02/01/2024,09:17:27,78.35,78.35,440,78.55,200,10280,512080
FINNIFTY02JAN2421350CE.NFO,02/01/2024,09:17:28,77.05,76.65,520,76.95,1080,14480,512080
FINNIFTY02JAN2421350CE.NFO,02/01/2024,09:17:30,76.45,76.15,1000,76.45,160,4000,512080
FINNIFTY02JAN2421350CE.NFO,02/01/2024,09:17:31,76.8,76.55,80,76.8,480,7800,512080
FINNIFTY02JAN2421350CE.NFO,02/01/2024,09:17:33,76.85,76.85,80,77.1,800,8520,512080
FINNIFTY02JAN2421350CE.NFO,02/01/2024,09:17:35,76.6,76.6,360,76.8,280,6120,512080
FINNIFTY02JAN2421350CE.NFO,02/01/2024,09:17:36,76.15,76.15,40,76.4,680,2880,512080
FINNIFTY02JAN2421350CE.NFO,02/01/2024,09:17:38,78.15,78.25,200,78.55,320,9520,512080
FINNIFTY02JAN2421350CE.NFO,02/01/2024,09:17:39,76.2,76.2,320,76.45,200,12240,512080
FINNIFTY02JAN2421350CE.NFO,02/01/2024,09:17:41,75.2,75.2,120,75.45,200,7800,512080
FINNIFTY02JAN2421350CE.NFO,02/01/2024,09:17:43,75.55,75.55,240,75.85,160,4880,512080
FINNIFTY02JAN2421350CE.NFO,02/01/2024,09:17:44,75.05,75.05,760,75.35,320,6600,512080
FINNIFTY02JAN2421350CE.NFO,02/01/2024,09:17:46,75.1,75.15,720,75.35,200,10240,512080
FINNIFTY02JAN2421350CE.NFO,02/01/2024,09:17:47,74.9,74.9,600,75.15,120,8560,512080
FINNIFTY02JAN2421350CE.NFO,02/01/2024,09:17:49,75.5,75.25,400,75.5,160,10960,512080
FINNIFTY02JAN2421350CE.NFO,02/01/2024,09:17:50,76.05,76.05,760,76.25,40,2760,512080
FINNIFTY02JAN2421350CE.NFO,02/01/2024,09:17:52,75.6,75.6,40,75.85,200,5960,512080
FINNIFTY02JAN2421350CE.NFO,02/01/2024,09:17:54,75.6,75.6,2520,75.9,40,2360,512080
FINNIFTY02JAN2421350CE.NFO,02/01/2024,09:17:55,75.05,75.15,1200,75.45,80,2440,512080
FINNIFTY02JAN2421350CE.NFO,02/01/2024,09:17:57,76,75.7,360,75.95,40,3760,512080
FINNIFTY02JAN2421350CE.NFO,02/01/2024,09:17:58,75.8,75.65,40,75.8,320,2040,512080
FINNIFTY02JAN2421350CE.NFO,02/01/2024,09:18:00,75.7,75.35,920,75.6,680,15840,512080
FINNIFTY02JAN2421350CE.NFO,02/01/2024,09:18:02,76.25,76.6,920,76.9,800,14440,512080
FINNIFTY02JAN2421350CE.NFO,02/01/2024,09:18:03,77.5,77.5,960,77.85,560,17200,512080
FINNIFTY02JAN2421350CE.NFO,02/01/2024,09:18:05,77.2,77.2,240,77.45,600,12720,512080
FINNIFTY02JAN2421350CE.NFO,02/01/2024,09:18:06,77.35,77.45,480,77.75,520,10720,512080
FINNIFTY02JAN2421350CE.NFO,02/01/2024,09:18:08,78.35,78.25,240,78.5,480,3920,512080
FINNIFTY02JAN2421350CE.NFO,02/01/2024,09:18:10,77.55,77.55,240,77.8,880,11160,512080
FINNIFTY02JAN2421350CE.NFO,02/01/2024,09:18:11,76.8,76.5,1840,76.8,1040,4520,512080
FINNIFTY02JAN2421350CE.NFO,02/01/2024,09:18:13,76.8,76.8,600,76.95,40,10320,512080
FINNIFTY02JAN2421350CE.NFO,02/01/2024,09:18:15,76.8,77.1,1080,77.4,1520,11120,512080
FINNIFTY02JAN2421350CE.NFO,02/01/2024,09:18:16,75.7,75.5,1040,75.75,520,11000,512080
FINNIFTY02JAN2421350CE.NFO,02/01/2024,09:18:18,74.8,74.75,200,74.9,80,12360,512080
FINNIFTY02JAN2421350CE.NFO,02/01/2024,09:18:20,74.3,74.15,160,74.3,320,9720,512080
FINNIFTY02JAN2421350CE.NFO,02/01/2024,09:18:21,74.4,74.1,680,74.35,240,6760,512080
FINNIFTY02JAN2421350CE.NFO,02/01/2024,09:18:23,75.4,75.2,360,75.4,1200,5720,512080
FINNIFTY02JAN2421350CE.NFO,02/01/2024,09:18:25,74.9,74.8,1320,75.1,400,7360,512080
FINNIFTY02JAN2421350CE.NFO,02/01/2024,09:18:26,75,74.7,200,74.9,880,6920,512080
FINNIFTY02JAN2421350CE.NFO,02/01/2024,09:18:28,75.5,75.65,200,75.85,120,9160,512080
FINNIFTY02JAN2421350CE.NFO,02/01/2024,09:18:29,75.95,75.7,80,75.95,960,6360,512080
FINNIFTY02JAN2421350CE.NFO,02/01/2024,09:18:31,75.2,75.15,560,75.4,1920,3440,512080
FINNIFTY02JAN2421350CE.NFO,02/01/2024,09:18:33,74.8,74.85,40,75.1,920,8280,512080
FINNIFTY02JAN2421350CE.NFO,02/01/2024,09:18:34,75.65,75.65,80,75.75,760,7440,512080
FINNIFTY02JAN2421350CE.NFO,02/01/2024,09:18:36,76.1,75.8,40,75.95,920,9520,512080
FINNIFTY02JAN2421350CE.NFO,02/01/2024,09:18:37,76.25,76.15,240,76.3,680,7680,512080
FINNIFTY02JAN2421350CE.NFO,02/01/2024,09:18:39,76.55,76.25,440,76.65,840,16200,512080
FINNIFTY02JAN2421350CE.NFO,02/01/2024,09:18:41,76.4,76.3,40,76.45,160,5720,512080
FINNIFTY02JAN2421350CE.NFO,02/01/2024,09:18:42,76.5,76.6,600,76.85,120,6600,512080
FINNIFTY02JAN2421350CE.NFO,02/01/2024,09:18:44,77.35,77.55,480,77.8,280,10000,512080
FINNIFTY02JAN2421350CE.NFO,02/01/2024,09:18:45,77.85,77.45,240,77.7,200,8360,512080
FINNIFTY02JAN2421350CE.NFO,02/01/2024,09:18:47,77.55,77.6,160,77.8,840,8920,512080
FINNIFTY02JAN2421350CE.NFO,02/01/2024,09:18:49,77.35,77.45,40,77.65,280,5120,512080
FINNIFTY02JAN2421350CE.NFO,02/01/2024,09:18:50,78.15,78.3,1360,78.6,760,9680,512080
FINNIFTY02JAN2421350CE.NFO,02/01/2024,09:18:52,78.8,78.8,920,79,720,8480,512080
FINNIFTY02JAN2421350CE.NFO,02/01/2024,09:18:54,78.55,78.25,800,78.55,800,10520,512080
FINNIFTY02JAN2421350CE.NFO,02/01/2024,09:18:55,79.2,79,560,79.1,40,18440,512080
FINNIFTY02JAN2421350CE.NFO,02/01/2024,09:18:57,78.5,78.65,640,78.85,120,10200,512080
FINNIFTY02JAN2421350CE.NFO,02/01/2024,09:18:58,78.7,78.7,520,78.8,40,2480,512080
FINNIFTY02JAN2421350CE.NFO,02/01/2024,09:19:00,78.7,78.35,1160,78.65,160,35280,512080
FINNIFTY02JAN2421350CE.NFO,02/01/2024,09:19:02,79.2,79.1,440,79.35,720,18760,512080
FINNIFTY02JAN2421350CE.NFO,02/01/2024,09:19:03,78.4,78.2,800,78.4,120,13160,512080
FINNIFTY02JAN2421350CE.NFO,02/01/2024,09:19:05,78.2,78.25,560,78.5,600,12600,512080
FINNIFTY02JAN2421350CE.NFO,02/01/2024,09:19:06,79.3,79.1,360,79.35,120,8000,512080
FINNIFTY02JAN2421350CE.NFO,02/01/2024,09:19:08,78.55,78.45,240,78.7,240,10720,512080
FINNIFTY02JAN2421350CE.NFO,02/01/2024,09:19:10,79.25,79.05,400,79.3,800,7400,512080
FINNIFTY02JAN2421350CE.NFO,02/01/2024,09:19:11,79.85,79.75,280,80,6200,5640,512080
FINNIFTY02JAN2421350CE.NFO,02/01/2024,09:19:13,81.05,81.05,80,81.35,560,27920,512080
FINNIFTY02JAN2421350CE.NFO,02/01/2024,09:19:15,82,81.75,400,82.1,80,14000,512080
FINNIFTY02JAN2421350CE.NFO,02/01/2024,09:19:16,82.05,81.85,160,82.1,960,9200,512080
FINNIFTY02JAN2421350CE.NFO,02/01/2024,09:19:18,82.15,81.75,600,82.05,160,10520,512080
FINNIFTY02JAN2421350CE.NFO,02/01/2024,09:19:19,81.45,81.45,200,81.7,280,7120,512080
FINNIFTY02JAN2421350CE.NFO,02/01/2024,09:19:21,82.3,81.85,440,82.1,600,8320,512080
FINNIFTY02JAN2421350CE.NFO,02/01/2024,09:19:23,80.3,80.3,560,80.55,400,13840,512080
FINNIFTY02JAN2421350CE.NFO,02/01/2024,09:19:24,79.9,79.65,760,79.9,680,6680,512080
FINNIFTY02JAN2421350CE.NFO,02/01/2024,09:19:26,80.35,80.1,1600,80.35,160,19200,512080
FINNIFTY02JAN2421350CE.NFO,02/01/2024,09:19:28,79.5,79.45,680,79.75,440,19880,512080
FINNIFTY02JAN2421350CE.NFO,02/01/2024,09:19:29,80.35,80.25,40,80.5,280,7680,512080
FINNIFTY02JAN2421350CE.NFO,02/01/2024,09:19:30,80.7,80.45,200,80.75,1160,5480,512080
FINNIFTY02JAN2421350CE.NFO,02/01/2024,09:19:32,80.35,80.35,760,80.55,80,21960,512080
FINNIFTY02JAN2421350CE.NFO,02/01/2024,09:19:34,81.85,81.65,160,81.9,200,7320,512080
FINNIFTY02JAN2421350CE.NFO,02/01/2024,09:19:35,82.05,81.85,80,82.05,240,7280,512080
FINNIFTY02JAN2421350CE.NFO,02/01/2024,09:19:37,81.55,81.55,320,81.7,40,8520,512080
FINNIFTY02JAN2421350CE.NFO,02/01/2024,09:19:39,80.95,80.9,80,81.05,560,11080,512080
FINNIFTY02JAN2421350CE.NFO,02/01/2024,09:19:40,81.2,81.15,400,81.4,640,7240,512080
FINNIFTY02JAN2421350CE.NFO,02/01/2024,09:19:42,80.95,80.9,760,81.1,40,7800,512080
FINNIFTY02JAN2421350CE.NFO,02/01/2024,09:19:44,81.25,80.95,440,81.25,280,9560,512080
FINNIFTY02JAN2421350CE.NFO,02/01/2024,09:19:45,80.85,80.8,80,80.95,160,9400,512080
FINNIFTY02JAN2421350CE.NFO,02/01/2024,09:19:47,81.55,81.55,680,81.8,80,7400,512080
FINNIFTY02JAN2421350CE.NFO,02/01/2024,09:19:49,81.9,81.65,200,81.85,160,3600,512080
FINNIFTY02JAN2421350CE.NFO,02/01/2024,09:19:50,81.4,81.4,840,81.7,1640,2080,512080
FINNIFTY02JAN2421350CE.NFO,02/01/2024,09:19:52,79.95,80,800,80.2,1440,15080,512080
FINNIFTY02JAN2421350CE.NFO,02/01/2024,09:19:54,79.35,79.4,1400,79.6,680,17640,512080
FINNIFTY02JAN2421350CE.NFO,02/01/2024,09:19:55,80,79.65,40,79.8,280,6880,512080
FINNIFTY02JAN2421350CE.NFO,02/01/2024,09:19:57,78.7,78.5,680,78.7,280,3120,512080
FINNIFTY02JAN2421350CE.NFO,02/01/2024,09:19:59,78.3,78.35,200,78.5,280,11800,512080
FINNIFTY02JAN2421350CE.NFO,02/01/2024,09:20:00,78.4,78.3,640,78.55,80,34200,512080
FINNIFTY02JAN2421350CE.NFO,02/01/2024,09:20:02,78.25,77.95,120,78.25,960,23680,512080
FINNIFTY02JAN2421350CE.NFO,02/01/2024,09:20:04,79.15,79.15,960,79.35,640,22560,512080
FINNIFTY02JAN2421350CE.NFO,02/01/2024,09:20:05,80.4,80.4,40,80.55,920,28160,512080
FINNIFTY02JAN2421350CE.NFO,02/01/2024,09:20:07,80.15,79.9,840,80.25,1760,4800,512080
FINNIFTY02JAN2421350CE.NFO,02/01/2024,09:20:09,80.1,80.1,720,80.35,440,3800,512080
FINNIFTY02JAN2421350CE.NFO,02/01/2024,09:20:10,80.8,80.55,1320,80.85,360,7240,512080
FINNIFTY02JAN2421350CE.NFO,02/01/2024,09:20:12,81.2,80.95,40,81.2,400,17640,512080
FINNIFTY02JAN2421350CE.NFO,02/01/2024,09:20:14,81.15,81,720,81.25,640,14520,512080
FINNIFTY02JAN2421350CE.NFO,02/01/2024,09:20:15,81.05,80.85,680,81.1,1440,1040,512080
FINNIFTY02JAN2421350CE.NFO,02/01/2024,09:20:17,79.95,79.7,880,79.85,40,12880,512080
FINNIFTY02JAN2421350CE.NFO,02/01/2024,09:20:19,79.75,79.65,1440,79.9,120,4920,512080
FINNIFTY02JAN2421350CE.NFO,02/01/2024,09:20:20,80.15,79.95,600,80.2,120,5600,512080
FINNIFTY02JAN2421350CE.NFO,02/01/2024,09:20:22,80.4,80.25,40,80.4,280,6200,512080
FINNIFTY02JAN2421350CE.NFO,02/01/2024,09:20:24,79.8,79.85,360,80.05,240,4160,760040
FINNIFTY02JAN2421350CE.NFO,02/01/2024,09:20:25,79.75,79.45,520,79.7,840,5120,760040
FINNIFTY02JAN2421350CE.NFO,02/01/2024,09:20:27,78.85,78.75,160,78.9,160,3280,760040
FINNIFTY02JAN2421350CE.NFO,02/01/2024,09:20:29,78.95,78.85,880,79.05,800,4680,760040
FINNIFTY02JAN2421350CE.NFO,02/01/2024,09:20:30,79.5,79.15,400,79.4,1080,2080,760040
FINNIFTY02JAN2421350CE.NFO,02/01/2024,09:20:32,78.95,78.65,400,78.95,760,13960,760040
FINNIFTY02JAN2421350CE.NFO,02/01/2024,09:20:34,78.8,78.8,680,79.05,520,1360,760040
FINNIFTY02JAN2421350CE.NFO,02/01/2024,09:20:36,78.1,78.5,200,78.7,720,3240,760040
FINNIFTY02JAN2421350CE.NFO,02/01/2024,09:20:37,78,78.05,880,78.3,760,4480,760040
FINNIFTY02JAN2421350CE.NFO,02/01/2024,09:20:39,78.45,78.15,320,78.35,880,3800,760040
FINNIFTY02JAN2421350CE.NFO,02/01/2024,09:20:41,79.25,79.15,160,79.35,240,4880,760040
FINNIFTY02JAN2421350CE.NFO,02/01/2024,09:20:42,79.5,79.25,1200,79.55,1040,920,760040
FINNIFTY02JAN2421350CE.NFO,02/01/2024,09:20:44,79.25,79.05,1480,79.3,1000,3160,760040
FINNIFTY02JAN2421350CE.NFO,02/01/2024,09:20:46,80,79.85,240,80,240,2120,760040
FINNIFTY02JAN2421350CE.NFO,02/01/2024,09:20:47,80.55,80.35,320,80.6,1520,10240,760040
FINNIFTY02JAN2421350CE.NFO,02/01/2024,09:20:49,80.3,80.3,1200,80.55,400,7480,760040
FINNIFTY02JAN2421350CE.NFO,02/01/2024,09:20:51,81.35,81.25,600,81.45,520,4560,760040
FINNIFTY02JAN2421350CE.NFO,02/01/2024,09:20:52,81.45,81.1,240,81.35,400,6000,760040
FINNIFTY02JAN2421350CE.NFO,02/01/2024,09:20:54,81.4,81.1,40,81.25,160,4760,760040
FINNIFTY02JAN2421350CE.NFO,02/01/2024,09:20:56,81,80.9,400,81,960,2280,760040
FINNIFTY02JAN2421350CE.NFO,02/01/2024,09:20:57,80.6,80.85,200,81.05,320,2720,760040
FINNIFTY02JAN2421350CE.NFO,02/01/2024,09:20:59,80.4,80.2,840,80.45,640,1440,760040
FINNIFTY02JAN2421350CE.NFO,02/01/2024,09:21:01,80.2,80.2,320,80.4,1120,8440,760040
FINNIFTY02JAN2421350CE.NFO,02/01/2024,09:21:02,80.05,79.6,320,79.8,240,5520,760040
FINNIFTY02JAN2421350CE.NFO,02/01/2024,09:21:04,81,80.9,920,81.15,320,9520,760040
FINNIFTY02JAN2421350CE.NFO,02/01/2024,09:21:06,83.55,83.55,40,83.7,520,27120,760040
FINNIFTY02JAN2421350CE.NFO,02/01/2024,09:21:07,86.95,86.75,80,86.8,120,126880,760040
FINNIFTY02JAN2421350CE.NFO,02/01/2024,09:21:09,86.8,86.55,520,86.8,360,41800,760040
FINNIFTY02JAN2421350CE.NFO,02/01/2024,09:21:11,88,88.1,40,88.3,440,16760,760040
FINNIFTY02JAN2421350CE.NFO,02/01/2024,09:21:12,88.2,88.05,320,88.2,200,14480,760040
FINNIFTY02JAN2421350CE.NFO,02/01/2024,09:21:14,86.3,86.15,440,86.45,240,19040,760040
FINNIFTY02JAN2421350CE.NFO,02/01/2024,09:21:16,85.9,85.65,1200,85.9,720,10680,760040
FINNIFTY02JAN2421350CE.NFO,02/01/2024,09:21:17,85.9,85.65,760,85.9,40,13920,760040
FINNIFTY02JAN2421350CE.NFO,02/01/2024,09:21:19,86.75,86.7,320,86.85,80,17880,760040
FINNIFTY02JAN2421350CE.NFO,02/01/2024,09:21:21,86.1,85.8,1360,86.05,440,13920,760040
FINNIFTY02JAN2421350CE.NFO,02/01/2024,09:21:22,86.85,86.5,640,86.7,160,7160,760040
FINNIFTY02JAN2421350CE.NFO,02/01/2024,09:21:24,87.55,87.2,80,87.4,80,9040,760040
FINNIFTY02JAN2421350CE.NFO,02/01/2024,09:21:26,89.1,88.85,1080,89,120,24760,760040
FINNIFTY02JAN2421350CE.NFO,02/01/2024,09:21:27,91.6,91.35,40,91.55,120,22800,760040
FINNIFTY02JAN2421350CE.NFO,02/01/2024,09:21:29,92,91.45,640,91.8,480,107720,760040
FINNIFTY02JAN2421350CE.NFO,02/01/2024,09:21:31,91.85,91.5,1040,91.85,440,34440,760040
FINNIFTY02JAN2421350CE.NFO,02/01/2024,09:21:32,92.5,92.2,1080,92.5,1440,25200,760040
FINNIFTY02JAN2421350CE.NFO,02/01/2024,09:21:34,93.6,93.35,400,93.55,360,17360,760040
FINNIFTY02JAN2421350CE.NFO,02/01/2024,09:21:36,91.95,91.8,40,92.05,440,15600,760040
FINNIFTY02JAN2421350CE.NFO,02/01/2024,09:21:37,91.35,91.35,1080,91.65,680,13000,760040
FINNIFTY02JAN2421350CE.NFO,02/01/2024,09:21:39,91.3,90.95,160,91.2,360,16200,760040
FINNIFTY02JAN2421350CE.NFO,02/01/2024,09:21:41,90.45,90.3,320,90.65,200,17960,760040
FINNIFTY02JAN2421350CE.NFO,02/01/2024,09:21:42,89.95,89.9,120,90.2,280,9440,760040
FINNIFTY02JAN2421350CE.NFO,02/01/2024,09:21:44,89.8,89.65,880,90,600,8280,760040
FINNIFTY02JAN2421350CE.NFO,02/01/2024,09:21:46,89.95,89.85,400,90.1,440,11240,760040
FINNIFTY02JAN2421350CE.NFO,02/01/2024,09:21:47,89.45,89.45,640,89.65,280,4040,760040
FINNIFTY02JAN2421350CE.NFO,02/01/2024,09:21:49,89.35,89.55,320,89.8,480,3800,760040
FINNIFTY02JAN2421350CE.NFO,02/01/2024,09:21:51,89.55,89.45,440,89.6,320,5960,760040
FINNIFTY02JAN2421350CE.NFO,02/01/2024,09:21:52,89.8,89.8,640,89.95,160,3800,760040
FINNIFTY02JAN2421350CE.NFO,02/01/2024,09:21:54,89.45,89.45,440,89.7,600,6240,760040
FINNIFTY02JAN2421350CE.NFO,02/01/2024,09:21:56,90.5,90.4,320,90.55,80,11720,760040
FINNIFTY02JAN2421350CE.NFO,02/01/2024,09:21:57,91.1,91.1,80,91.3,600,7960,760040
FINNIFTY02JAN2421350CE.NFO,02/01/2024,09:21:59,92.2,92.2,360,92.45,480,6280,760040
FINNIFTY02JAN2421350CE.NFO,02/01/2024,09:22:01,91,90.85,200,91.1,680,15280,760040
FINNIFTY02JAN2421350CE.NFO,02/01/2024,09:22:02,90.9,91,40,91.25,440,5520,760040
FINNIFTY02JAN2421350CE.NFO,02/01/2024,09:22:04,90.95,90.8,840,91.15,480,10360,760040
FINNIFTY02JAN2421350CE.NFO,02/01/2024,09:22:06,90.65,90.5,160,90.7,40,7480,760040
FINNIFTY02JAN2421350CE.NFO,02/01/2024,09:22:07,90,89.8,640,90,560,4880,760040
FINNIFTY02JAN2421350CE.NFO,02/01/2024,09:22:09,89.95,89.75,240,90,920,6080,760040
FINNIFTY02JAN2421350CE.NFO,02/01/2024,09:22:11,89.7,89.8,160,90.05,40,14880,760040
FINNIFTY02JAN2421350CE.NFO,02/01/2024,09:22:12,89.9,89.75,320,90,160,3960,760040
FINNIFTY02JAN2421350CE.NFO,02/01/2024,09:22:14,90.3,90,440,90.25,320,17640,760040
FINNIFTY02JAN2421350CE.NFO,02/01/2024,09:22:16,89.7,89.5,1320,89.65,160,3760,760040
FINNIFTY02JAN2421350CE.NFO,02/01/2024,09:22:17,88.05,88.05,80,88.15,40,19600,760040
FINNIFTY02JAN2421350CE.NFO,02/01/2024,09:22:19,88.45,88.5,720,88.7,280,4880,760040
FINNIFTY02JAN2421350CE.NFO,02/01/2024,09:22:21,88.45,88.2,320,88.45,680,4680,760040
FINNIFTY02JAN2421350CE.NFO,02/01/2024,09:22:22,88.7,88.2,200,88.45,240,4840,760040
FINNIFTY02JAN2421350CE.NFO,02/01/2024,09:22:24,87.15,87.2,400,87.5,1040,7560,760040
FINNIFTY02JAN2421350CE.NFO,02/01/2024,09:22:26,86.9,86.5,680,86.75,200,12320,760040
FINNIFTY02JAN2421350CE.NFO,02/01/2024,09:22:27,86,86,360,86.2,520,4160,760040
FINNIFTY02JAN2421350CE.NFO,02/01/2024,09:22:29,85.4,85.45,760,85.65,200,17600,760040
FINNIFTY02JAN2421350CE.NFO,02/01/2024,09:22:30,86.05,86,80,86.1,120,6360,760040
FINNIFTY02JAN2421350CE.NFO,02/01/2024,09:22:32,85.85,85.7,880,85.9,120,12640,760040
FINNIFTY02JAN2421350CE.NFO,02/01/2024,09:22:34,85.05,84.85,120,85.1,240,6760,760040
FINNIFTY02JAN2421350CE.NFO,02/01/2024,09:22:35,83.7,83.7,40,83.9,120,10920,760040
FINNIFTY02JAN2421350CE.NFO,02/01/2024,09:22:37,85.3,84.9,320,85.15,680,8560,760040
FINNIFTY02JAN2421350CE.NFO,02/01/2024,09:22:39,84.6,84.5,680,84.75,600,10680,760040
FINNIFTY02JAN2421350CE.NFO,02/01/2024,09:22:40,84.85,84.65,1040,84.9,520,2240,760040
FINNIFTY02JAN2421350CE.NFO,02/01/2024,09:22:42,84.8,84.7,1200,84.85,80,1840,760040
FINNIFTY02JAN2421350CE.NFO,02/01/2024,09:22:44,84.6,84.4,200,84.65,200,7200,760040
FINNIFTY02JAN2421350CE.NFO,02/01/2024,09:22:45,84.3,84.1,1160,84.4,3960,1520,760040
FINNIFTY02JAN2421350CE.NFO,02/01/2024,09:22:47,85.1,85.1,760,85.35,240,13760,760040
FINNIFTY02JAN2421350CE.NFO,02/01/2024,09:22:49,84.2,84.05,560,84.3,1280,5040,760040
FINNIFTY02JAN2421350CE.NFO,02/01/2024,09:22:50,84.55,84.7,840,84.85,200,9400,760040
FINNIFTY02JAN2421350CE.NFO,02/01/2024,09:22:52,86.35,86.25,40,86.4,40,3120,760040
FINNIFTY02JAN2421350CE.NFO,02/01/2024,09:22:54,86.35,86.1,280,86.35,120,2840,760040
FINNIFTY02JAN2421350CE.NFO,02/01/2024,09:22:56,86.25,85.8,280,86.05,880,2400,760040
FINNIFTY02JAN2421350CE.NFO,02/01/2024,09:22:57,86.65,86.7,840,86.95,560,1160,760040
FINNIFTY02JAN2421350CE.NFO,02/01/2024,09:22:59,87,87.05,80,87.3,160,3400,760040
FINNIFTY02JAN2421350CE.NFO,02/01/2024,09:23:01,86.65,86.5,40,86.8,920,1120,760040
FINNIFTY02JAN2421350CE.NFO,02/01/2024,09:23:02,86.35,86.35,120,86.55,720,9040,760040
FINNIFTY02JAN2421350CE.NFO,02/01/2024,09:23:04,86.15,86.2,40,86.5,1920,25440,760040
FINNIFTY02JAN2421350CE.NFO,02/01/2024,09:23:06,87.65,87.7,840,87.95,360,11440,760040
FINNIFTY02JAN2421350CE.NFO,02/01/2024,09:23:07,89.95,89.75,80,89.95,240,3520,760040
FINNIFTY02JAN2421350CE.NFO,02/01/2024,09:23:09,89.9,89.6,1600,89.95,360,15600,760040
FINNIFTY02JAN2421350CE.NFO,02/01/2024,09:23:11,89.6,89.5,440,89.75,120,7000,760040
FINNIFTY02JAN2421350CE.NFO,02/01/2024,09:23:12,88.45,88.4,120,88.65,440,18160,760040
FINNIFTY02JAN2421350CE.NFO,02/01/2024,09:23:14,89.35,89.35,680,89.65,920,7760,760040
FINNIFTY02JAN2421350CE.NFO,02/01/2024,09:23:16,89.65,89.5,1840,89.85,360,7880,760040
FINNIFTY02JAN2421350CE.NFO,02/01/2024,09:23:17,91.1,91.05,680,91.3,960,6040,760040
FINNIFTY02JAN2421350CE.NFO,02/01/2024,09:23:19,89.9,89.9,160,90.15,200,5960,760040
FINNIFTY02JAN2421350CE.NFO,02/01/2024,09:23:21,89.85,89.8,120,90.05,880,4000,760040
FINNIFTY02JAN2421350CE.NFO,02/01/2024,09:23:22,89.75,89.5,40,89.75,240,3400,760040
FINNIFTY02JAN2421350CE.NFO,02/01/2024,09:23:24,89.95,89.85,800,90.1,320,2480,878720
FINNIFTY02JAN2421350CE.NFO,02/01/2024,09:23:26,89.3,89.25,240,89.5,920,2000,878720
FINNIFTY02JAN2421350CE.NFO,02/01/2024,09:23:27,89.5,89,1080,89.3,1200,9520,878720
FINNIFTY02JAN2421350CE.NFO,02/01/2024,09:23:29,88.1,88,6400,88.3,680,4880,878720
FINNIFTY02JAN2421350CE.NFO,02/01/2024,09:23:31,87.85,87.85,240,88.1,400,8280,878720
FINNIFTY02JAN2421350CE.NFO,02/01/2024,09:23:32,89.25,89.25,200,89.45,40,6720,878720
FINNIFTY02JAN2421350CE.NFO,02/01/2024,09:23:34,89.25,89.25,320,89.55,1040,1400,878720
FINNIFTY02JAN2421350CE.NFO,02/01/2024,09:23:36,89.3,89.3,960,89.55,720,2600,878720
FINNIFTY02JAN2421350CE.NFO,02/01/2024,09:23:37,90.5,90.1,600,90.4,320,3000,878720
FINNIFTY02JAN2421350CE.NFO,02/01/2024,09:23:39,90.55,90.6,1000,90.9,1200,6480,878720
FINNIFTY02JAN2421350CE.NFO,02/01/2024,09:23:41,89.75,89.7,760,89.95,1200,4320,878720
FINNIFTY02JAN2421350CE.NFO,02/01/2024,09:23:42,89.6,89.35,480,89.6,160,3640,878720
FINNIFTY02JAN2421350CE.NFO,02/01/2024,09:23:44,89.45,89.6,960,89.75,1800,1400,878720
FINNIFTY02JAN2421350CE.NFO,02/01/2024,09:23:46,89.7,89.55,1640,89.7,160,4080,878720
FINNIFTY02JAN2421350CE.NFO,02/01/2024,09:23:47,88.8,88.7,160,88.95,1200,5960,878720
FINNIFTY02JAN2421350CE.NFO,02/01/2024,09:23:49,88.25,88.25,880,88.55,1400,3560,878720
FINNIFTY02JAN2421350CE.NFO,02/01/2024,09:23:51,87.75,87.85,280,88.1,360,4200,878720
FINNIFTY02JAN2421350CE.NFO,02/01/2024,09:23:52,88.15,88.3,1120,88.55,2320,6080,878720
FINNIFTY02JAN2421350CE.NFO,02/01/2024,09:23:54,88,87.85,800,88.1,120,3600,878720
FINNIFTY02JAN2421350CE.NFO,02/01/2024,09:23:56,87.1,87.15,1280,87.45,1000,3920,878720
FINNIFTY02JAN2421350CE.NFO,02/01/2024,09:23:57,87.15,87.15,160,87.45,720,3720,878720
FINNIFTY02JAN2421350CE.NFO,02/01/2024,09:23:59,86.65,86.45,960,86.75,1040,3520,878720
FINNIFTY02JAN2421350CE.NFO,02/01/2024,09:24:01,85.8,85.8,720,86,840,9000,878720
FINNIFTY02JAN2421350CE.NFO,02/01/2024,09:24:02,85.35,85.15,960,85.35,40,14160,878720
FINNIFTY02JAN2421350CE.NFO,02/01/2024,09:24:04,86.35,86.2,280,86.35,1280,8120,878720
FINNIFTY02JAN2421350CE.NFO,02/01/2024,09:24:06,86.95,86.95,1280,87.25,160,4320,878720
FINNIFTY02JAN2421350CE.NFO,02/01/2024,09:24:07,86.65,86.65,1200,86.8,120,1560,878720
FINNIFTY02JAN2421350CE.NFO,02/01/2024,09:24:09,87.1,86.9,240,87.15,1160,8760,878720
FINNIFTY02JAN2421350CE.NFO,02/01/2024,09:24:11,87.15,87.2,520,87.45,120,5200,878720
FINNIFTY02JAN2421350CE.NFO,02/01/2024,09:24:12,87.95,87.9,1360,88.15,40,5040,878720
FINNIFTY02JAN2421350CE.NFO,02/01/2024,09:24:14,88.05,87.8,160,88.05,560,4040,878720
FINNIFTY02JAN2421350CE.NFO,02/01/2024,09:24:16,86.8,86.7,160,86.8,80,14240,878720
FINNIFTY02JAN2421350CE.NFO,02/01/2024,09:24:17,86.95,86.6,1080,86.95,880,7120,878720
FINNIFTY02JAN2421350CE.NFO,02/01/2024,09:24:19,86.3,86.3,440,86.55,200,2840,878720
FINNIFTY02JAN2421350CE.NFO,02/01/2024,09:24:21,85.7,85.5,680,85.7,240,4120,878720
FINNIFTY02JAN2421350CE.NFO,02/01/2024,09:24:22,85,84.7,760,84.95,1120,13240,878720
FINNIFTY02JAN2421350CE.NFO,02/01/2024,09:24:24,84.45,84.25,720,84.45,40,6000,878720
FINNIFTY02JAN2421350CE.NFO,02/01/2024,09:24:26,85.2,84.85,240,85.1,80,7840,878720
FINNIFTY02JAN2421350CE.NFO,02/01/2024,09:24:27,84.45,84.55,120,84.65,80,4320,878720
FINNIFTY02JAN2421350CE.NFO,02/01/2024,09:24:29,84.6,84.65,1920,84.95,320,7720,878720
FINNIFTY02JAN2421350CE.NFO,02/01/2024,09:24:31,84.2,84.45,2200,84.7,120,3240,878720
FINNIFTY02JAN2421350CE.NFO,02/01/2024,09:24:32,84.6,84.35,1000,84.6,160,6440,878720
FINNIFTY02JAN2421350CE.NFO,02/01/2024,09:24:34,84,83.75,1640,84,200,6000,878720
FINNIFTY02JAN2421350CE.NFO,02/01/2024,09:24:36,84.6,84.35,920,84.6,1120,2280,878720
FINNIFTY02JAN2421350CE.NFO,02/01/2024,09:24:37,85.9,85.9,160,86.1,600,5160,878720
FINNIFTY02JAN2421350CE.NFO,02/01/2024,09:24:39,85.5,85.55,720,85.75,920,3440,878720
FINNIFTY02JAN2421350CE.NFO,02/01/2024,09:24:41,85.85,85.6,80,85.85,120,1320,878720
FINNIFTY02JAN2421350CE.NFO,02/01/2024,09:24:42,85.8,85.8,320,86,360,4880,878720
FINNIFTY02JAN2421350CE.NFO,02/01/2024,09:24:44,86.05,86,400,86.2,720,3560,878720
FINNIFTY02JAN2421350CE.NFO,02/01/2024,09:24:46,86.05,86.1,40,86.3,80,5120,878720
FINNIFTY02JAN2421350CE.NFO,02/01/2024,09:24:47,86.1,86.25,680,86.45,120,13080,878720
FINNIFTY02JAN2421350CE.NFO,02/01/2024,09:24:49,86.9,86.9,40,87,1440,34840,878720
FINNIFTY02JAN2421350CE.NFO,02/01/2024,09:24:51,87.3,87.15,240,87.4,920,8160,878720
FINNIFTY02JAN2421350CE.NFO,02/01/2024,09:24:52,86.2,86.05,480,86.35,1400,4360,878720
FINNIFTY02JAN2421350CE.NFO,02/01/2024,09:24:54,86.7,86.2,80,86.4,800,3760,878720
FINNIFTY02JAN2421350CE.NFO,02/01/2024,09:24:56,84.75,84.75,240,84.9,160,7680,878720
FINNIFTY02JAN2421350CE.NFO,02/01/2024,09:24:57,84.85,84.8,360,85.05,200,5640,878720
FINNIFTY02JAN2421350CE.NFO,02/01/2024,09:24:59,84.2,84.2,80,84.4,680,7800,878720
FINNIFTY02JAN2421350CE.NFO,02/01/2024,09:25:01,83.1,83.15,800,83.35,120,23520,878720
FINNIFTY02JAN2421350CE.NFO,02/01/2024,09:25:02,84.8,84.85,200,85.1,1360,10360,878720
FINNIFTY02JAN2421350CE.NFO,02/01/2024,09:25:04,84.4,84.4,720,84.7,1160,8320,878720
FINNIFTY02JAN2421350CE.NFO,02/01/2024,09:25:06,84.25,84.25,160,84.5,760,14760,878720
FINNIFTY02JAN2421350CE.NFO,02/01/2024,09:25:07,85.75,85.6,120,85.75,800,8840,878720
FINNIFTY02JAN2421350CE.NFO,02/01/2024,09:25:09,84.6,84.6,840,84.75,40,9400,878720
FINNIFTY02JAN2421350CE.NFO,02/01/2024,09:25:11,84,83.8,560,83.95,120,3600,878720
FINNIFTY02JAN2421350CE.NFO,02/01/2024,09:25:13,84.35,84.05,800,84.4,1680,7760,878720
FINNIFTY02JAN2421350CE.NFO,02/01/2024,09:25:14,84.15,83.95,160,84.15,160,2400,878720
FINNIFTY02JAN2421350CE.NFO,02/01/2024,09:25:16,83.35,83.4,240,83.6,1000,10120,878720
FINNIFTY02JAN2421350CE.NFO,02/01/2024,09:25:18,84.05,83.9,160,84.2,1360,2920,878720
FINNIFTY02JAN2421350CE.NFO,02/01/2024,09:25:19,84.1,84.3,720,84.55,640,12320,878720
FINNIFTY02JAN2421350CE.NFO,02/01/2024,09:25:21,85.05,85.25,120,85.45,440,3200,878720
FINNIFTY02JAN2421350CE.NFO,02/01/2024,09:25:23,85.3,85.3,120,85.5,640,7160,878720
FINNIFTY02JAN2421350CE.NFO,02/01/2024,09:25:24,85.05,85,1160,85.25,880,4160,878720
FINNIFTY02JAN2421350CE.NFO,02/01/2024,09:25:26,85,84.85,960,85.05,880,5680,878720
FINNIFTY02JAN2421350CE.NFO,02/01/2024,09:25:28,86.3,86.1,160,86.3,440,6960,878720
FINNIFTY02JAN2421350CE.NFO,02/01/2024,09:25:29,86.25,86.35,200,86.6,120,4600,878720
FINNIFTY02JAN2421350CE.NFO,02/01/2024,09:25:31,87,86.9,160,87,1720,8600,878720
FINNIFTY02JAN2421350CE.NFO,02/01/2024,09:25:33,87.75,87.6,120,87.75,120,10920,878720
FINNIFTY02JAN2421350CE.NFO,02/01/2024,09:25:34,88.3,88.2,720,88.5,1160,5880,878720
FINNIFTY02JAN2421350CE.NFO,02/01/2024,09:25:36,88.55,88.55,80,88.75,320,7080,878720
FINNIFTY02JAN2421350CE.NFO,02/01/2024,09:25:38,88.2,87.95,80,88.2,1000,4960,878720
FINNIFTY02JAN2421350CE.NFO,02/01/2024,09:25:39,87.25,87.3,160,87.4,240,4560,878720
FINNIFTY02JAN2421350CE.NFO,02/01/2024,09:25:41,87.2,87.1,200,87.25,40,10280,878720
FINNIFTY02JAN2421350CE.NFO,02/01/2024,09:25:43,88.3,88.1,320,88.35,640,10240,878720
FINNIFTY02JAN2421350CE.NFO,02/01/2024,09:25:44,87.7,87.5,760,87.7,40,4080,878720
FINNIFTY02JAN2421350CE.NFO,02/01/2024,09:25:46,87.65,87.7,160,87.85,560,4880,878720
FINNIFTY02JAN2421350CE.NFO,02/01/2024,09:25:48,87.8,87.75,80,87.9,120,6400,878720
FINNIFTY02JAN2421350CE.NFO,02/01/2024,09:25:49,86.6,86.6,240,86.8,160,2600,878720
FINNIFTY02JAN2421350CE.NFO,02/01/2024,09:25:51,86.85,86.65,280,86.85,80,3280,878720
FINNIFTY02JAN2421350CE.NFO,02/01/2024,09:25:53,87.15,86.95,120,87.1,560,4480,878720
FINNIFTY02JAN2421350CE.NFO,02/01/2024,09:25:54,88.15,88.2,240,88.4,360,2120,878720
FINNIFTY02JAN2421350CE.NFO,02/01/2024,09:25:56,89.4,89.2,1120,89.45,840,7760,878720
FINNIFTY02JAN2421350CE.NFO,02/01/2024,09:25:58,90,89.9,1200,90.2,880,9480,878720
FINNIFTY02JAN2421350CE.NFO,02/01/2024,09:25:59,90.1,90.1,40,90.25,680,9120,878720
FINNIFTY02JAN2421350CE.NFO,02/01/2024,09:26:01,90.9,90.7,760,90.95,1000,8080,878720
FINNIFTY02JAN2421350CE.NFO,02/01/2024,09:26:03,90.65,90.3,200,90.45,40,6440,878720
FINNIFTY02JAN2421350CE.NFO,02/01/2024,09:26:04,90.35,90.1,240,90.3,280,8440,878720
FINNIFTY02JAN2421350CE.NFO,02/01/2024,09:26:06,90.3,90.35,520,90.55,760,7040,878720
FINNIFTY02JAN2421350CE.NFO,02/01/2024,09:26:08,90.05,89.95,1160,90.15,40,8880,878720
FINNIFTY02JAN2421350CE.NFO,02/01/2024,09:26:09,90.6,90.3,200,90.5,600,4120,878720
FINNIFTY02JAN2421350CE.NFO,02/01/2024,09:26:11,90.2,90,600,90.2,760,4800,878720
FINNIFTY02JAN2421350CE.NFO,02/01/2024,09:26:13,90.05,90.2,120,90.35,840,7880,878720
FINNIFTY02JAN2421350CE.NFO,02/01/2024,09:26:14,93.25,93.1,600,93.4,960,24920,878720
FINNIFTY02JAN2421350CE.NFO,02/01/2024,09:26:16,116.95,116.95,520,117,520,275920,878720
FINNIFTY02JAN2421350CE.NFO,02/01/2024,09:26:16,123.6,116.95,520,117,520,0,878720
FINNIFTY02JAN2421350CE.NFO,02/01/2024,09:26:18,104.75,104.75,40,105.45,560,209960,878720
FINNIFTY02JAN2421350CE.NFO,02/01/2024,09:26:18,128.1,104.75,40,105.45,560,0,878720
FINNIFTY02JAN2421350CE.NFO,02/01/2024,09:26:19,107.8,107.35,40,107.65,720,86400,878720
FINNIFTY02JAN2421350CE.NFO,02/01/2024,09:26:21,107.2,106.8,320,107.2,80,36360,878720
FINNIFTY02JAN2421350CE.NFO,02/01/2024,09:26:23,105.9,105.9,800,106.4,560,36960,878720
FINNIFTY02JAN2421350CE.NFO,02/01/2024,09:26:24,104.7,104.45,640,104.95,600,33080,967400
FINNIFTY02JAN2421350CE.NFO,02/01/2024,09:26:26,104.45,104.1,800,104.45,560,14480,967400
FINNIFTY02JAN2421350CE.NFO,02/01/2024,09:26:28,105.55,104.95,280,105.3,440,29080,967400
FINNIFTY02JAN2421350CE.NFO,02/01/2024,09:26:29,110.95,110.45,560,110.85,360,19960,967400
FINNIFTY02JAN2421350CE.NFO,02/01/2024,09:26:31,112.85,112.45,320,112.85,320,40760,967400
FINNIFTY02JAN2421350CE.NFO,02/01/2024,09:26:33,111.8,111.7,80,112.05,120,49920,967400
FINNIFTY02JAN2421350CE.NFO,02/01/2024,09:26:34,112.2,111.75,440,112.2,400,17040,967400
FINNIFTY02JAN2421350CE.NFO,02/01/2024,09:26:36,111.8,111.95,200,112.25,80,40760,967400
FINNIFTY02JAN2421350CE.NFO,02/01/2024,09:26:38,117,116.45,320,116.95,40,29040,967400
FINNIFTY02JAN2421350CE.NFO,02/01/2024,09:26:39,121.3,121,200,121.3,40,35800,967400
FINNIFTY02JAN2421350CE.NFO,02/01/2024,09:26:41,119.6,119.35,200,119.7,120,40120,967400
FINNIFTY02JAN2421350CE.NFO,02/01/2024,09:26:43,120.8,120.75,120,121.2,280,37760,967400
FINNIFTY02JAN2421350CE.NFO,02/01/2024,09:26:44,124,123.6,200,124,280,28200,967400
FINNIFTY02JAN2421350CE.NFO,02/01/2024,09:26:46,127.7,127.55,200,128,40,41120,967400
FINNIFTY02JAN2421350CE.NFO,02/01/2024,09:26:48,127.45,127.1,160,127.6,80,42640,967400
FINNIFTY02JAN2421350CE.NFO,02/01/2024,09:26:48,130.55,127.1,160,127.6,80,0,967400
FINNIFTY02JAN2421350CE.NFO,02/01/2024,09:26:49,124,123.9,120,124.25,120,31640,967400
FINNIFTY02JAN2421350CE.NFO,02/01/2024,09:26:51,126.5,126.05,200,126.5,80,9680,967400
FINNIFTY02JAN2421350CE.NFO,02/01/2024,09:26:53,124.75,124.7,80,125.1,160,26040,967400
FINNIFTY02JAN2421350CE.NFO,02/01/2024,09:26:54,122.65,122,200,122.5,120,18240,967400
FINNIFTY02JAN2421350CE.NFO,02/01/2024,09:26:56,121.25,120.6,1160,121.1,320,26400,967400
FINNIFTY02JAN2421350CE.NFO,02/01/2024,09:26:58,119,119,40,119.3,80,18960,967400
FINNIFTY02JAN2421350CE.NFO,02/01/2024,09:26:59,118.3,117.85,200,118.3,280,19240,967400
FINNIFTY02JAN2421350CE.NFO,02/01/2024,09:27:01,120.8,120.75,320,121.3,600,15280,967400
FINNIFTY02JAN2421350CE.NFO,02/01/2024,09:27:03,122.5,122.55,240,123,80,12120,967400
FINNIFTY02JAN2421350CE.NFO,02/01/2024,09:27:04,122.65,122.15,440,122.65,800,26400,967400
FINNIFTY02JAN2421350CE.NFO,02/01/2024,09:27:06,121.85,121.55,520,121.95,120,8280,967400
FINNIFTY02JAN2421350CE.NFO,02/01/2024,09:27:08,123.55,123.35,200,123.75,80,10080,967400
FINNIFTY02JAN2421350CE.NFO,02/01/2024,09:27:09,123.55,123.85,360,124.35,80,12720,967400
FINNIFTY02JAN2421350CE.NFO,02/01/2024,09:27:11,121.05,121.15,800,121.55,600,11200,967400
FINNIFTY02JAN2421350CE.NFO,02/01/2024,09:27:13,122.15,122.05,480,122.55,560,12160,967400
FINNIFTY02JAN2421350CE.NFO,02/01/2024,09:27:14,121.45,120.95,240,121.4,1520,9680,967400
FINNIFTY02JAN2421350CE.NFO,02/01/2024,09:27:16,120.55,120.15,480,120.55,80,17400,967400
FINNIFTY02JAN2421350CE.NFO,02/01/2024,09:27:18,120,120,480,120.5,1160,10200,967400
FINNIFTY02JAN2421350CE.NFO,02/01/2024,09:27:19,119.55,119.45,1280,119.9,1360,5560,967400
FINNIFTY02JAN2421350CE.NFO,02/01/2024,09:27:21,120.2,120.45,400,120.8,240,7600,967400
FINNIFTY02JAN2421350CE.NFO,02/01/2024,09:27:23,120.9,120.9,520,121.3,1040,6400,967400
FINNIFTY02JAN2421350CE.NFO,02/01/2024,09:27:24,120.95,120.4,1200,120.85,240,6080,967400
FINNIFTY02JAN2421350CE.NFO,02/01/2024,09:27:26,118.45,118.1,320,118.45,80,6560,967400
FINNIFTY02JAN2421350CE.NFO,02/01/2024,09:27:28,117.15,117.05,640,117.5,1120,12880,967400
FINNIFTY02JAN2421350CE.NFO,02/01/2024,09:27:29,116.65,116.65,520,117.1,1040,5400,967400
FINNIFTY02JAN2421350CE.NFO,02/01/2024,09:27:31,116.65,116.2,240,116.6,520,2360,967400
FINNIFTY02JAN2421350CE.NFO,02/01/2024,09:27:33,114.8,115.15,80,115.6,400,44080,967400
FINNIFTY02JAN2421350CE.NFO,02/01/2024,09:27:34,116.45,116.45,80,116.8,200,1880,967400
FINNIFTY02JAN2421350CE.NFO,02/01/2024,09:27:36,118.05,118.15,160,118.6,200,2840,967400
FINNIFTY02JAN2421350CE.NFO,02/01/2024,09:27:38,118.7,118.15,560,118.55,960,2560,967400
FINNIFTY02JAN2421350CE.NFO,02/01/2024,09:27:39,117.95,117.75,240,118.15,1120,5800,967400
FINNIFTY02JAN2421350CE.NFO,02/01/2024,09:27:41,117.8,118.1,320,118.45,760,12760,967400
FINNIFTY02JAN2421350CE.NFO,02/01/2024,09:27:43,119.3,119,240,119.35,680,2440,967400
FINNIFTY02JAN2421350CE.NFO,02/01/2024,09:27:44,118.05,117.95,200,118.35,800,4920,967400
FINNIFTY02JAN2421350CE.NFO,02/01/2024,09:27:46,118.05,117.45,40,117.75,360,4560,967400
FINNIFTY02JAN2421350CE.NFO,02/01/2024,09:27:48,117.55,117.5,80,117.9,1920,1440,967400
FINNIFTY02JAN2421350CE.NFO,02/01/2024,09:27:49,119.25,119.15,320,119.55,1080,1600,967400
FINNIFTY02JAN2421350CE.NFO,02/01/2024,09:27:51,120.25,120.1,80,120.4,280,6960,967400
FINNIFTY02JAN2421350CE.NFO,02/01/2024,09:27:53,124.9,124.75,560,125.1,240,14800,967400
FINNIFTY02JAN2421350CE.NFO,02/01/2024,09:27:54,124.2,124.1,560,124.55,360,4760,967400
FINNIFTY02JAN2421350CE.NFO,02/01/2024,09:27:56,125,125.1,200,125.35,640,7680,967400
FINNIFTY02JAN2421350CE.NFO,02/01/2024,09:27:58,128.65,128.65,320,129.25,40,64120,967400
FINNIFTY02JAN2421350CE.NFO,02/01/2024,09:27:58,137.7,128.65,320,129.25,40,0,967400
FINNIFTY02JAN2421350CE.NFO,02/01/2024,09:27:59,130.7,130.45,720,130.85,80,29640,967400
FINNIFTY02JAN2421350CE.NFO,02/01/2024,09:28:01,129.95,130,400,130.5,360,17760,967400
FINNIFTY02JAN2421350CE.NFO,02/01/2024,09:28:03,133.4,133.55,320,133.6,200,6280,967400
FINNIFTY02JAN2421350CE.NFO,02/01/2024,09:28:04,133.85,133.05,80,133.45,200,11400,967400
FINNIFTY02JAN2421350CE.NFO,02/01/2024,09:28:06,130.75,130.4,1360,130.9,1400,5360,967400
FINNIFTY02JAN2421350CE.NFO,02/01/2024,09:28:08,129.7,129.15,600,129.65,200,11960,967400
FINNIFTY02JAN2421350CE.NFO,02/01/2024,09:28:09,129.3,128.8,1120,129.3,760,10560,967400
FINNIFTY02JAN2421350CE.NFO,02/01/2024,09:28:11,129.1,128.75,80,129.15,960,6960,967400
FINNIFTY02JAN2421350CE.NFO,02/01/2024,09:28:13,127.85,127.55,680,128,920,10960,967400
FINNIFTY02JAN2421350CE.NFO,02/01/2024,09:28:14,127.3,126.9,360,127.35,440,5640,967400
FINNIFTY02JAN2421350CE.NFO,02/01/2024,09:28:16,127.5,127.5,320,128.05,1080,7960,967400
FINNIFTY02JAN2421350CE.NFO,02/01/2024,09:28:18,125.95,126.4,240,126.9,800,3120,967400
FINNIFTY02JAN2421350CE.NFO,02/01/2024,09:28:19,127.3,126.15,160,126.6,400,2920,967400
FINNIFTY02JAN2421350CE.NFO,02/01/2024,09:28:21,127.35,127.2,240,127.65,320,2160,967400
FINNIFTY02JAN2421350CE.NFO,02/01/2024,09:28:23,128.35,128.15,80,128.4,720,3080,967400
FINNIFTY02JAN2421350CE.NFO,02/01/2024,09:28:24,130.55,130.35,40,130.6,80,6400,967400
FINNIFTY02JAN2421350CE.NFO,02/01/2024,09:28:26,130.05,130,160,130.25,80,1760,967400
FINNIFTY02JAN2421350CE.NFO,02/01/2024,09:28:28,128.95,128.65,80,129,320,3280,967400
FINNIFTY02JAN2421350CE.NFO,02/01/2024,09:28:29,129.55,129.45,880,129.9,1120,3600,967400
FINNIFTY02JAN2421350CE.NFO,02/01/2024,09:28:31,128.8,128.5,120,128.9,680,3320,967400
FINNIFTY02JAN2421350CE.NFO,02/01/2024,09:28:33,126.45,126.2,280,126.7,640,7400,967400
FINNIFTY02JAN2421350CE.NFO,02/01/2024,09:28:34,125.4,125.55,120,125.9,1040,2040,967400
FINNIFTY02JAN2421350CE.NFO,02/01/2024,09:28:36,123.35,123.7,280,123.9,80,8720,967400
FINNIFTY02JAN2421350CE.NFO,02/01/2024,09:28:38,123.95,123.45,200,123.95,560,27320,967400
FINNIFTY02JAN2421350CE.NFO,02/01/2024,09:28:39,124.55,124.25,600,124.55,120,7880,967400
FINNIFTY02JAN2421350CE.NFO,02/01/2024,09:28:41,125,125.05,360,125.4,640,4560,967400
FINNIFTY02JAN2421350CE.NFO,02/01/2024,09:28:43,125,124.6,1520,125,840,3840,967400
FINNIFTY02JAN2421350CE.NFO,02/01/2024,09:28:44,125.35,124.95,680,125.4,760,4360,967400
FINNIFTY02JAN2421350CE.NFO,02/01/2024,09:28:46,126.75,126.55,120,126.95,560,2680,967400
FINNIFTY02JAN2421350CE.NFO,02/01/2024,09:28:48,126.6,126,1560,126.45,1000,2240,967400
FINNIFTY02JAN2421350CE.NFO,02/01/2024,09:28:49,125.25,125.05,840,125.5,120,2880,967400
FINNIFTY02JAN2421350CE.NFO,02/01/2024,09:28:51,126.15,125.7,520,126.05,760,4040,967400
FINNIFTY02JAN2421350CE.NFO,02/01/2024,09:28:53,125.5,125.2,240,125.55,200,6360,967400
FINNIFTY02JAN2421350CE.NFO,02/01/2024,09:28:54,124.6,124.55,200,124.9,240,3000,967400
FINNIFTY02JAN2421350CE.NFO,02/01/2024,09:28:56,123.8,123.45,800,123.85,800,4560,967400
FINNIFTY02JAN2421350CE.NFO,02/01/2024,09:28:58,123.2,123.35,280,123.8,1760,3360,967400
FINNIFTY02JAN2421350CE.NFO,02/01/2024,09:28:59,123.2,122.9,240,123.25,240,9360,967400
FINNIFTY02JAN2421350CE.NFO,02/01/2024,09:29:01,122.65,122.7,80,123.15,680,11040,967400
FINNIFTY02JAN2421350CE.NFO,02/01/2024,09:29:03,121.45,121.25,160,121.45,120,4880,967400
FINNIFTY02JAN2421350CE.NFO,02/01/2024,09:29:04,121.2,121.25,240,121.65,600,9080,967400
FINNIFTY02JAN2421350CE.NFO,02/01/2024,09:29:06,120.35,120.2,1000,120.6,680,3320,967400
FINNIFTY02JAN2421350CE.NFO,02/01/2024,09:29:08,120.4,120,400,120.45,440,2440,967400
FINNIFTY02JAN2421350CE.NFO,02/01/2024,09:29:09,120.2,119.85,1880,120.35,520,3840,967400
FINNIFTY02JAN2421350CE.NFO,02/01/2024,09:29:11,121.35,121.3,160,121.75,480,2800,967400
FINNIFTY02JAN2421350CE.NFO,02/01/2024,09:29:13,123,122.5,1720,123,880,3480,967400
FINNIFTY02JAN2421350CE.NFO,02/01/2024,09:29:14,122,121.45,240,121.8,80,3640,967400
FINNIFTY02JAN2421350CE.NFO,02/01/2024,09:29:16,121.45,121.2,40,121.45,600,2800,967400
FINNIFTY02JAN2421350CE.NFO,02/01/2024,09:29:18,121.1,121,1080,121.35,800,2680,967400
FINNIFTY02JAN2421350CE.NFO,02/01/2024,09:29:19,120.35,120.35,120,120.75,2000,4000,967400
FINNIFTY02JAN2421350CE.NFO,02/01/2024,09:29:21,120.35,120.3,1440,120.75,880,7960,967400
FINNIFTY02JAN2421350CE.NFO,02/01/2024,09:29:23,119.8,119.8,640,120.25,240,1960,967400
FINNIFTY02JAN2421350CE.NFO,02/01/2024,09:29:24,121.3,120.85,720,121.3,600,8560,727720
FINNIFTY02JAN2421350CE.NFO,02/01/2024,09:29:26,119.1,119,1040,119.45,320,2920,727720
FINNIFTY02JAN2421350CE.NFO,02/01/2024,09:29:28,119.05,118.8,1560,119,80,2680,727720
FINNIFTY02JAN2421350CE.NFO,02/01/2024,09:29:30,120,120,1080,120.05,760,17560,727720
FINNIFTY02JAN2421350CE.NFO,02/01/2024,09:29:31,120.5,120.15,1320,120.55,320,7120,727720
FINNIFTY02JAN2421350CE.NFO,02/01/2024,09:29:33,119.9,119.55,1360,119.95,80,2440,727720
FINNIFTY02JAN2421350CE.NFO,02/01/2024,09:29:35,120.15,120.3,280,120.75,520,440,727720
FINNIFTY02JAN2421350CE.NFO,02/01/2024,09:29:36,121.8,121.6,760,122,640,2040,727720
FINNIFTY02JAN2421350CE.NFO,02/01/2024,09:29:38,121.2,121.35,120,121.8,2160,1880,727720
FINNIFTY02JAN2421350CE.NFO,02/01/2024,09:29:40,122.75,122.35,320,122.7,840,2520,727720
FINNIFTY02JAN2421350CE.NFO,02/01/2024,09:29:41,122.7,122.2,280,122.6,760,3440,727720
FINNIFTY02JAN2421350CE.NFO,02/01/2024,09:29:43,121.05,121,560,121.35,80,2240,727720
FINNIFTY02JAN2421350CE.NFO,02/01/2024,09:29:45,121.35,120.85,1120,121.35,240,360,727720
FINNIFTY02JAN2421350CE.NFO,02/01/2024,09:29:46,120.4,120.4,720,120.8,760,560,727720
FINNIFTY02JAN2421350CE.NFO,02/01/2024,09:29:48,120.8,120.1,800,120.4,440,640,727720
FINNIFTY02JAN2421350CE.NFO,02/01/2024,09:29:50,121.65,121.1,1600,121.6,1720,440,727720
FINNIFTY02JAN2421350CE.NFO,02/01/2024,09:29:51,121,121.45,320,121.8,1080,2080,727720
FINNIFTY02JAN2421350CE.NFO,02/01/2024,09:29:53,121.8,121.65,520,122.1,1400,320,727720
FINNIFTY02JAN2421350CE.NFO,02/01/2024,09:29:55,121.2,120.9,320,121.3,680,3600,727720
FINNIFTY02JAN2421350CE.NFO,02/01/2024,09:29:56,121,120.65,720,121.1,800,1320,727720
FINNIFTY02JAN2421350CE.NFO,02/01/2024,09:29:58,120.65,120.55,680,121.05,2720,560,727720
FINNIFTY02JAN2421350CE.NFO,02/01/2024,09:30:00,120.9,120.45,1200,120.9,1040,1320,727720
FINNIFTY02JAN2421350CE.NFO,02/01/2024,09:30:01,122.85,122.55,320,123,520,18240,727720
FINNIFTY02JAN2421350CE.NFO,02/01/2024,09:30:03,119.7,119.75,40,120.05,320,11640,727720
FINNIFTY02JAN2421350CE.NFO,02/01/2024,09:30:05,118.35,118.35,640,118.7,240,21120,727720
FINNIFTY02JAN2421350CE.NFO,02/01/2024,09:30:06,117.25,117.05,240,117.35,480,7480,727720
FINNIFTY02JAN2421350CE.NFO,02/01/2024,09:30:08,117.6,117.7,40,118.05,440,5000,727720
FINNIFTY02JAN2421350CE.NFO,02/01/2024,09:30:10,118.8,118.95,40,119.15,200,2640,727720
FINNIFTY02JAN2421350CE.NFO,02/01/2024,09:30:11,119.75,119.3,1520,119.75,200,7640,727720
FINNIFTY02JAN2421350CE.NFO,02/01/2024,09:30:13,120.1,120.1,1800,120.6,40,4360,727720
FINNIFTY02JAN2421350CE.NFO,02/01/2024,09:30:15,122.15,121.85,1120,122.3,1120,5240,727720
FINNIFTY02JAN2421350CE.NFO,02/01/2024,09:30:16,121.8,121.75,360,122.15,240,12640,727720
FINNIFTY02JAN2421350CE.NFO,02/01/2024,09:30:18,123.15,122.75,280,123.2,1520,5800,727720
FINNIFTY02JAN2421350CE.NFO,02/01/2024,09:30:20,125.2,125.3,240,125.7,200,12760,727720
FINNIFTY02JAN2421350CE.NFO,02/01/2024,09:30:21,123.25,123.35,560,123.75,800,9360,727720
FINNIFTY02JAN2421350CE.NFO,02/01/2024,09:30:23,123.6,123.25,160,123.65,320,16080,727720
FINNIFTY02JAN2421350CE.NFO,02/01/2024,09:30:25,122.75,122.1,200,122.4,1120,1960,727720
FINNIFTY02JAN2421350CE.NFO,02/01/2024,09:30:26,122.25,121.85,840,122.25,480,760,727720
FINNIFTY02JAN2421350CE.NFO,02/01/2024,09:30:28,120.65,121.25,680,121.7,240,11960,727720
FINNIFTY02JAN2421350CE.NFO,02/01/2024,09:30:30,120,119.9,880,120.4,1280,1840,727720
FINNIFTY02JAN2421350CE.NFO,02/01/2024,09:30:31,120.2,119.5,840,120,1680,5280,727720
FINNIFTY02JAN2421350CE.NFO,02/01/2024,09:30:33,120.05,119.95,1320,120.35,120,1880,727720
FINNIFTY02JAN2421350CE.NFO,02/01/2024,09:30:34,120.95,120.45,1200,120.95,1200,1120,727720
FINNIFTY02JAN2421350CE.NFO,02/01/2024,09:30:36,120.65,120.4,240,120.8,360,2280,727720
FINNIFTY02JAN2421350CE.NFO,02/01/2024,09:30:38,120,119.6,120,120,1280,1680,727720
FINNIFTY02JAN2421350CE.NFO,02/01/2024,09:30:39,120.35,119.9,240,120.35,280,1720,727720
FINNIFTY02JAN2421350CE.NFO,02/01/2024,09:30:41,121.9,121.95,200,122.4,1160,3240,727720
FINNIFTY02JAN2421350CE.NFO,02/01/2024,09:30:43,120.85,120.85,120,121.3,1200,760,727720
FINNIFTY02JAN2421350CE.NFO,02/01/2024,09:30:44,120.35,121.2,1080,121.65,600,1640,727720
FINNIFTY02JAN2421350CE.NFO,02/01/2024,09:30:46,121.55,121.45,920,121.9,2080,840,727720
FINNIFTY02JAN2421350CE.NFO,02/01/2024,09:30:48,121,121,200,121.45,1680,280,727720
FINNIFTY02JAN2421350CE.NFO,02/01/2024,09:30:49,121.45,121,1440,121.4,160,5880,727720
FINNIFTY02JAN2421350CE.NFO,02/01/2024,09:30:51,121.2,120.75,520,121.2,1640,5800,727720
FINNIFTY02JAN2421350CE.NFO,02/01/2024,09:30:53,120.85,120.85,80,121.3,1000,5520,727720
FINNIFTY02JAN2421350CE.NFO,02/01/2024,09:30:54,120.5,120.55,800,120.95,1000,880,727720
FINNIFTY02JAN2421350CE.NFO,02/01/2024,09:30:56,120.95,120.15,120,120.45,1040,80,727720
FINNIFTY02JAN2421350CE.NFO,02/01/2024,09:30:58,119.8,119.7,1320,120.15,1320,2840,727720
FINNIFTY02JAN2421350CE.NFO,02/01/2024,09:30:59,119.1,119,1760,119.4,160,1040,727720
FINNIFTY02JAN2421350CE.NFO,02/01/2024,09:31:01,118.9,119,160,119.35,680,3360,727720
FINNIFTY02JAN2421350CE.NFO,02/01/2024,09:31:03,118.25,118.1,240,118.5,1640,3200,727720
FINNIFTY02JAN2421350CE.NFO,02/01/2024,09:31:04,117,117,960,117.25,520,1040,727720
FINNIFTY02JAN2421350CE.NFO,02/01/2024,09:31:06,116.55,117.05,240,117.3,40,2760,727720
FINNIFTY02JAN2421350CE.NFO,02/01/2024,09:31:08,117.4,117.3,640,117.7,1200,2040,727720
FINNIFTY02JAN2421350CE.NFO,02/01/2024,09:31:09,118.15,118.1,160,118.4,1280,1240,727720
FINNIFTY02JAN2421350CE.NFO,02/01/2024,09:31:11,117.6,117.65,920,118.1,800,240,727720
FINNIFTY02JAN2421350CE.NFO,02/01/2024,09:31:13,117.15,116.2,1400,116.65,520,2200,727720
FINNIFTY02JAN2421350CE.NFO,02/01/2024,09:31:14,115.2,114.9,480,115.3,560,12160,727720
FINNIFTY02JAN2421350CE.NFO,02/01/2024,09:31:16,114.1,113.95,240,114.35,80,6680,727720
FINNIFTY02JAN2421350CE.NFO,02/01/2024,09:31:17,115.55,115.55,1160,116,480,2240,727720
FINNIFTY02JAN2421350CE.NFO,02/01/2024,09:31:19,115.9,115.9,440,116.3,80,2680,727720
FINNIFTY02JAN2421350CE.NFO,02/01/2024,09:31:21,115.6,115.1,1120,115.5,200,1560,727720
FINNIFTY02JAN2421350CE.NFO,02/01/2024,09:31:22,116.95,116.85,200,117.25,80,1560,727720
FINNIFTY02JAN2421350CE.NFO,02/01/2024,09:31:24,117.2,115.8,360,116.15,480,2000,727720
FINNIFTY02JAN2421350CE.NFO,02/01/2024,09:31:26,118.8,118.55,160,118.95,200,2680,727720
FINNIFTY02JAN2421350CE.NFO,02/01/2024,09:31:27,118.55,118.55,840,119,480,3480,727720
FINNIFTY02JAN2421350CE.NFO,02/01/2024,09:31:29,118.2,117.85,920,118.2,880,4040,727720
FINNIFTY02JAN2421350CE.NFO,02/01/2024,09:31:31,118.05,117.65,1360,118.1,160,6800,727720
FINNIFTY02JAN2421350CE.NFO,02/01/2024,09:31:32,117.05,117.25,1120,117.7,120,4920,727720
FINNIFTY02JAN2421350CE.NFO,02/01/2024,09:31:34,116.3,116,200,116.35,400,4000,727720
FINNIFTY02JAN2421350CE.NFO,02/01/2024,09:31:36,115.55,115.75,360,116.15,1360,600,727720
FINNIFTY02JAN2421350CE.NFO,02/01/2024,09:31:37,115.25,115.25,880,115.65,240,1080,727720
FINNIFTY02JAN2421350CE.NFO,02/01/2024,09:31:39,115.7,115.55,80,115.7,120,400,727720
FINNIFTY02JAN2421350CE.NFO,02/01/2024,09:31:41,115,114.85,680,115.2,400,840,727720
FINNIFTY02JAN2421350CE.NFO,02/01/2024,09:31:42,114.45,114.55,240,115,2600,1800,727720
FINNIFTY02JAN2421350CE.NFO,02/01/2024,09:31:44,114.85,114.7,1360,115.1,600,5440,727720
FINNIFTY02JAN2421350CE.NFO,02/01/2024,09:31:46,116,116.05,920,116.4,280,2440,727720
FINNIFTY02JAN2421350CE.NFO,02/01/2024,09:31:47,115.9,115.2,280,115.55,440,1960,727720
FINNIFTY02JAN2421350CE.NFO,02/01/2024,09:31:49,116.05,115.85,80,116.2,120,400,727720
FINNIFTY02JAN2421350CE.NFO,02/01/2024,09:31:51,116,115.7,800,115.95,560,2280,727720
FINNIFTY02JAN2421350CE.NFO,02/01/2024,09:31:52,115.15,114.7,600,115.1,400,3040,727720
FINNIFTY02JAN2421350CE.NFO,02/01/2024,09:31:54,113.3,112.95,80,113.3,600,11240,727720
FINNIFTY02JAN2421350CE.NFO,02/01/2024,09:31:56,113.3,112.8,440,113.15,400,2160,727720
FINNIFTY02JAN2421350CE.NFO,02/01/2024,09:31:57,113.45,113.65,520,114,440,1680,727720
FINNIFTY02JAN2421350CE.NFO,02/01/2024,09:31:59,114.7,114.35,80,114.7,120,8440,727720
FINNIFTY02JAN2421350CE.NFO,02/01/2024,09:32:01,113.85,113.35,920,113.8,400,11880,727720
FINNIFTY02JAN2421350CE.NFO,02/01/2024,09:32:02,113.75,113.85,600,114.25,80,840,727720
FINNIFTY02JAN2421350CE.NFO,02/01/2024,09:32:04,111.85,111.9,640,112.3,520,6000,727720
FINNIFTY02JAN2421350CE.NFO,02/01/2024,09:32:06,111.8,111.45,400,111.85,440,4760,727720
FINNIFTY02JAN2421350CE.NFO,02/01/2024,09:32:07,112.35,111.85,440,112.3,800,4480,727720
FINNIFTY02JAN2421350CE.NFO,02/01/2024,09:32:09,111.35,111.4,600,111.8,120,2240,727720
FINNIFTY02JAN2421350CE.NFO,02/01/2024,09:32:11,112.45,112.1,920,112.55,560,4920,727720
FINNIFTY02JAN2421350CE.NFO,02/01/2024,09:32:12,114.1,114.05,80,114.15,160,15800,727720
FINNIFTY02JAN2421350CE.NFO,02/01/2024,09:32:14,113.3,113,680,113.4,960,2240,727720
FINNIFTY02JAN2421350CE.NFO,02/01/2024,09:32:16,112.2,112,800,112.4,400,1080,727720
FINNIFTY02JAN2421350CE.NFO,02/01/2024,09:32:17,112.15,111.5,600,111.9,520,760,727720
FINNIFTY02JAN2421350CE.NFO,02/01/2024,09:32:19,109.3,109.05,440,109.45,440,14520,727720
FINNIFTY02JAN2421350CE.NFO,02/01/2024,09:32:21,109.05,109.05,280,109.45,680,3640,727720
FINNIFTY02JAN2421350CE.NFO,02/01/2024,09:32:22,110.4,110.25,880,110.7,280,7240,727720
FINNIFTY02JAN2421350CE.NFO,02/01/2024,09:32:24,109.8,109.95,80,110.25,160,1520,727720
FINNIFTY02JAN2421350CE.NFO,02/01/2024,09:32:26,108.9,108.85,720,109.25,120,1280,789240
FINNIFTY02JAN2421350CE.NFO,02/01/2024,09:32:27,110.55,110.3,160,110.55,40,3280,789240
FINNIFTY02JAN2421350CE.NFO,02/01/2024,09:32:29,110.6,110.5,800,110.95,1200,920,789240
FINNIFTY02JAN2421350CE.NFO,02/01/2024,09:32:30,111.8,111.7,960,112.05,120,3680,789240
FINNIFTY02JAN2421350CE.NFO,02/01/2024,09:32:32,111.7,111.2,680,111.65,120,7280,789240
FINNIFTY02JAN2421350CE.NFO,02/01/2024,09:32:34,111.15,111.15,40,111.35,280,8520,789240
FINNIFTY02JAN2421350CE.NFO,02/01/2024,09:32:35,110.9,110.75,640,111.15,1040,1000,789240
FINNIFTY02JAN2421350CE.NFO,02/01/2024,09:32:37,109.6,109.6,640,110,1040,8560,789240
FINNIFTY02JAN2421350CE.NFO,02/01/2024,09:32:39,109,109,680,109.4,640,2160,789240
FINNIFTY02JAN2421350CE.NFO,02/01/2024,09:32:40,109.7,109.25,760,109.65,360,3800,789240
FINNIFTY02JAN2421350CE.NFO,02/01/2024,09:32:42,109.7,109.25,200,109.6,160,1960,789240
FINNIFTY02JAN2421350CE.NFO,02/01/2024,09:32:44,109.1,109.05,920,109.45,600,1440,789240
FINNIFTY02JAN2421350CE.NFO,02/01/2024,09:32:45,109.2,108.85,480,109.3,480,4680,789240
FINNIFTY02JAN2421350CE.NFO,02/01/2024,09:32:47,109.65,109.25,600,109.7,640,760,789240
FINNIFTY02JAN2421350CE.NFO,02/01/2024,09:32:49,110.5,110.4,1040,110.85,880,2880,789240
FINNIFTY02JAN2421350CE.NFO,02/01/2024,09:32:50,109.85,110.05,280,110.3,240,4040,789240
FINNIFTY02JAN2421350CE.NFO,02/01/2024,09:32:52,109.95,109.9,1120,110.25,200,2120,789240
FINNIFTY02JAN2421350CE.NFO,02/01/2024,09:32:54,110.2,110,720,110.35,120,3800,789240
FINNIFTY02JAN2421350CE.NFO,02/01/2024,09:32:55,110.7,110.1,560,110.55,1160,1600,789240
FINNIFTY02JAN2421350CE.NFO,02/01/2024,09:32:57,110.15,110.05,1120,110.45,160,10280,789240
FINNIFTY02JAN2421350CE.NFO,02/01/2024,09:32:59,110,110.6,240,110.95,80,3080,789240
FINNIFTY02JAN2421350CE.NFO,02/01/2024,09:33:00,111.25,111.25,160,111.6,200,3600,789240
FINNIFTY02JAN2421350CE.NFO,02/01/2024,09:33:02,112,112,80,112.3,40,3280,789240
FINNIFTY02JAN2421350CE.NFO,02/01/2024,09:33:04,112.15,111.85,40,112.15,1320,760,789240
FINNIFTY02JAN2421350CE.NFO,02/01/2024,09:33:05,111.5,111.55,200,111.9,400,4720,789240
FINNIFTY02JAN2421350CE.NFO,02/01/2024,09:33:07,111.35,111,720,111.4,760,4880,789240
FINNIFTY02JAN2421350CE.NFO,02/01/2024,09:33:09,111.35,111.2,280,111.6,1520,1320,789240
FINNIFTY02JAN2421350CE.NFO,02/01/2024,09:33:10,111.05,111.05,1000,111.45,520,5520,789240
FINNIFTY02JAN2421350CE.NFO,02/01/2024,09:33:12,111.2,110.75,560,111.15,360,960,789240
FINNIFTY02JAN2421350CE.NFO,02/01/2024,09:33:14,110.5,110,200,110.3,120,1680,789240
FINNIFTY02JAN2421350CE.NFO,02/01/2024,09:33:15,108.3,108.05,560,108.4,960,7640,789240
FINNIFTY02JAN2421350CE.NFO,02/01/2024,09:33:17,107.75,107.85,160,108.25,600,36320,789240
FINNIFTY02JAN2421350CE.NFO,02/01/2024,09:33:19,108.85,109.2,320,109.55,480,3360,789240
FINNIFTY02JAN2421350CE.NFO,02/01/2024,09:33:20,108.8,109.15,1080,109.45,120,960,789240
FINNIFTY02JAN2421350CE.NFO,02/01/2024,09:33:22,109.2,108.85,560,109.2,600,1840,789240
FINNIFTY02JAN2421350CE.NFO,02/01/2024,09:33:24,108.45,108,320,108.35,960,880,789240
FINNIFTY02JAN2421350CE.NFO,02/01/2024,09:33:25,106.8,106.95,160,107.35,640,3880,789240
FINNIFTY02JAN2421350CE.NFO,02/01/2024,09:33:27,107.25,107.25,240,107.6,240,3480,789240
FINNIFTY02JAN2421350CE.NFO,02/01/2024,09:33:29,107.55,107.15,640,107.5,560,1880,789240
FINNIFTY02JAN2421350CE.NFO,02/01/2024,09:33:30,108.2,108.15,440,108.55,520,600,789240
FINNIFTY02JAN2421350CE.NFO,02/01/2024,09:33:32,108.8,108.65,1800,109,400,3800,789240
FINNIFTY02JAN2421350CE.NFO,02/01/2024,09:33:34,109.95,109.05,720,109.45,80,4960,789240
FINNIFTY02JAN2421350CE.NFO,02/01/2024,09:33:35,108.55,108.3,400,108.65,640,1000,789240
FINNIFTY02JAN2421350CE.NFO,02/01/2024,09:33:37,110.3,110.15,160,110.55,960,6880,789240
FINNIFTY02JAN2421350CE.NFO,02/01/2024,09:33:39,109.75,109.35,80,109.75,1080,5680,789240
FINNIFTY02JAN2421350CE.NFO,02/01/2024,09:33:40,109.5,109.2,960,109.55,800,2880,789240
FINNIFTY02JAN2421350CE.NFO,02/01/2024,09:33:42,110,109.95,1160,110.25,400,2520,789240
FINNIFTY02JAN2421350CE.NFO,02/01/2024,09:33:44,111.95,110.85,400,111.25,640,1120,789240
FINNIFTY02JAN2421350CE.NFO,02/01/2024,09:33:45,111.8,111.45,720,111.85,160,3800,789240
FINNIFTY02JAN2421350CE.NFO,02/01/2024,09:33:47,111,110.55,1040,111,1800,840,789240
FINNIFTY02JAN2421350CE.NFO,02/01/2024,09:33:49,111.45,111.1,1120,111.5,880,1200,789240
FINNIFTY02JAN2421350CE.NFO,02/01/2024,09:33:50,113.55,113.25,240,113.6,560,1680,789240
FINNIFTY02JAN2421350CE.NFO,02/01/2024,09:33:52,114.2,114.05,120,114.4,640,4800,789240
FINNIFTY02JAN2421350CE.NFO,02/01/2024,09:33:54,115,114.6,1480,115,120,6440,789240
FINNIFTY02JAN2421350CE.NFO,02/01/2024,09:33:55,114.3,114.05,760,114.3,1680,8120,789240
FINNIFTY02JAN2421350CE.NFO,02/01/2024,09:33:57,114.5,114.35,360,114.7,1360,4320,789240
FINNIFTY02JAN2421350CE.NFO,02/01/2024,09:33:59,114,114.2,800,114.6,80,600,789240
FINNIFTY02JAN2421350CE.NFO,02/01/2024,09:34:00,113.35,113.55,120,113.9,1440,920,789240
FINNIFTY02JAN2421350CE.NFO,02/01/2024,09:34:02,112.7,112.85,1640,113.2,440,7320,789240
FINNIFTY02JAN2421350CE.NFO,02/01/2024,09:34:04,112.65,112.45,520,112.85,1200,5320,789240
FINNIFTY02JAN2421350CE.NFO,02/01/2024,09:34:05,112.2,112.2,680,112.65,1120,6240,789240
FINNIFTY02JAN2421350CE.NFO,02/01/2024,09:34:07,111.65,111.9,880,112.3,720,1680,789240
FINNIFTY02JAN2421350CE.NFO,02/01/2024,09:34:09,112.15,112.1,240,112.5,1840,2320,789240
FINNIFTY02JAN2421350CE.NFO,02/01/2024,09:34:10,111.7,111.3,160,111.7,1000,1080,789240
FINNIFTY02JAN2421350CE.NFO,02/01/2024,09:34:12,111.25,111.35,400,111.75,1800,4160,789240
FINNIFTY02JAN2421350CE.NFO,02/01/2024,09:34:14,112.15,111.9,1000,112.25,600,3200,789240
FINNIFTY02JAN2421350CE.NFO,02/01/2024,09:34:15,111.6,111.65,600,112.05,2120,5520,789240
FINNIFTY02JAN2421350CE.NFO,02/01/2024,09:34:17,111,110.6,1520,111,240,1400,789240
FINNIFTY02JAN2421350CE.NFO,02/01/2024,09:34:19,110.4,110.1,280,110.45,640,12360,789240
FINNIFTY02JAN2421350CE.NFO,02/01/2024,09:34:20,111,110.6,640,110.9,360,1400,789240
FINNIFTY02JAN2421350CE.NFO,02/01/2024,09:34:22,109.75,109.65,640,110.1,1680,4560,789240
FINNIFTY02JAN2421350CE.NFO,02/01/2024,09:34:24,108.6,108.2,920,108.6,320,18840,789240
FINNIFTY02JAN2421350CE.NFO,02/01/2024,09:34:25,107.35,107.3,800,107.8,80,12320,789240
FINNIFTY02JAN2421350CE.NFO,02/01/2024,09:34:27,107.8,108.2,520,108.55,280,7960,789240
FINNIFTY02JAN2421350CE.NFO,02/01/2024,09:34:29,108.7,108.05,800,108.4,160,1400,789240
FINNIFTY02JAN2421350CE.NFO,02/01/2024,09:34:30,107.95,107.7,280,108,80,640,789240
FINNIFTY02JAN2421350CE.NFO,02/01/2024,09:34:32,108.25,108.1,200,108.45,200,680,789240
FINNIFTY02JAN2421350CE.NFO,02/01/2024,09:34:34,109.05,108.75,560,109.1,320,2400,789240
FINNIFTY02JAN2421350CE.NFO,02/01/2024,09:34:35,109.25,108.7,160,109.1,640,800,789240
FINNIFTY02JAN2421350CE.NFO,02/01/2024,09:34:37,109.15,109,280,109.3,640,2120,789240
FINNIFTY02JAN2421350CE.NFO,02/01/2024,09:34:39,108.4,108.3,1560,108.65,720,600,789240
FINNIFTY02JAN2421350CE.NFO,02/01/2024,09:34:40,108.4,108.5,240,108.8,640,2200,789240
FINNIFTY02JAN2421350CE.NFO,02/01/2024,09:34:42,110.1,109.8,1640,110.15,120,3080,789240
FINNIFTY02JAN2421350CE.NFO,02/01/2024,09:34:44,110.9,110,40,110.15,1560,2320,789240
FINNIFTY02JAN2421350CE.NFO,02/01/2024,09:34:45,109.7,109.8,80,110.1,120,1280,789240
FINNIFTY02JAN2421350CE.NFO,02/01/2024,09:34:47,109.55,109.6,1200,110,2240,1120,789240
FINNIFTY02JAN2421350CE.NFO,02/01/2024,09:34:49,110.4,109.5,480,109.9,1480,1120,789240
FINNIFTY02JAN2421350CE.NFO,02/01/2024,09:34:50,109.45,109.8,920,110.2,160,520,789240
FINNIFTY02JAN2421350CE.NFO,02/01/2024,09:34:52,108.65,108.45,600,108.85,720,1240,789240
FINNIFTY02JAN2421350CE.NFO,02/01/2024,09:34:54,108.35,108,4040,108.35,320,2320,789240
FINNIFTY02JAN2421350CE.NFO,02/01/2024,09:34:55,108.85,108.85,280,109.2,760,2000,789240
FINNIFTY02JAN2421350CE.NFO,02/01/2024,09:34:57,108.7,108.95,160,109.2,160,520,789240
FINNIFTY02JAN2421350CE.NFO,02/01/2024,09:34:59,110.8,110.75,360,111.1,560,1040,789240
FINNIFTY02JAN2421350CE.NFO,02/01/2024,09:35:00,111.2,111.2,240,111.6,1520,8400,789240
FINNIFTY02JAN2421350CE.NFO,02/01/2024,09:35:02,111.5,111.55,560,111.9,480,2240,789240
FINNIFTY02JAN2421350CE.NFO,02/01/2024,09:35:04,111.9,111.9,440,112.25,120,960,789240
FINNIFTY02JAN2421350CE.NFO,02/01/2024,09:35:05,111.8,111.5,720,111.8,1000,4880,789240
FINNIFTY02JAN2421350CE.NFO,02/01/2024,09:35:07,111.4,111.3,320,111.7,1720,1760,789240
FINNIFTY02JAN2421350CE.NFO,02/01/2024,09:35:09,112.5,111.3,1240,111.65,1640,1040,789240
FINNIFTY02JAN2421350CE.NFO,02/01/2024,09:35:10,111.05,110.45,160,110.8,560,2480,789240
FINNIFTY02JAN2421350CE.NFO,02/01/2024,09:35:12,109.75,109.45,640,109.75,80,1720,789240
FINNIFTY02JAN2421350CE.NFO,02/01/2024,09:35:14,110.3,110.25,1200,110.65,80,2320,789240
FINNIFTY02JAN2421350CE.NFO,02/01/2024,09:35:15,110,110,120,110.3,640,1960,789240
FINNIFTY02JAN2421350CE.NFO,02/01/2024,09:35:17,109.8,109.55,200,109.9,160,720,789240
FINNIFTY02JAN2421350CE.NFO,02/01/2024,09:35:19,111.3,111.05,240,111.4,1000,1200,789240
FINNIFTY02JAN2421350CE.NFO,02/01/2024,09:35:20,112.9,112.75,1080,113,320,2040,789240
FINNIFTY02JAN2421350CE.NFO,02/01/2024,09:35:22,111.85,111.85,160,112.05,560,1680,789240
FINNIFTY02JAN2421350CE.NFO,02/01/2024,09:35:24,111.3,111.35,160,111.7,880,1600,789240
FINNIFTY02JAN2421350CE.NFO,02/01/2024,09:35:25,112.2,111.75,160,112.15,1360,2640,841040
FINNIFTY02JAN2421350CE.NFO,02/01/2024,09:35:27,111.5,111.4,440,111.75,160,400,841040
FINNIFTY02JAN2421350CE.NFO,02/01/2024,09:35:29,111.7,111.3,1040,111.7,720,40,841040
FINNIFTY02JAN2421350CE.NFO,02/01/2024,09:35:30,110.25,110.15,1160,110.45,80,1240,841040
FINNIFTY02JAN2421350CE.NFO,02/01/2024,09:35:32,111.15,110.8,280,111.15,120,2280,841040
FINNIFTY02JAN2421350CE.NFO,02/01/2024,09:35:34,111.05,111.05,80,111.4,40,1120,841040
FINNIFTY02JAN2421350CE.NFO,02/01/2024,09:35:35,110.35,110.15,1120,110.55,160,320,841040
FINNIFTY02JAN2421350CE.NFO,02/01/2024,09:35:37,109.5,109.5,400,109.8,120,720,841040
FINNIFTY02JAN2421350CE.NFO,02/01/2024,09:35:39,109.75,109,720,109.4,960,880,841040
FINNIFTY02JAN2421350CE.NFO,02/01/2024,09:35:40,109.1,108.7,200,109.1,2920,1440,841040
FINNIFTY02JAN2421350CE.NFO,02/01/2024,09:35:42,109.2,108.65,120,109,1080,120,841040
FINNIFTY02JAN2421350CE.NFO,02/01/2024,09:35:44,109.2,109,240,109.3,560,2040,841040
FINNIFTY02JAN2421350CE.NFO,02/01/2024,09:35:45,107.4,107.2,1240,107.5,160,7200,841040
FINNIFTY02JAN2421350CE.NFO,02/01/2024,09:35:47,106.95,106.55,80,106.9,360,11440,841040
FINNIFTY02JAN2421350CE.NFO,02/01/2024,09:35:49,107.25,106.95,200,107.25,160,3120,841040
FINNIFTY02JAN2421350CE.NFO,02/01/2024,09:35:50,107.65,107.2,720,107.55,80,560,841040
FINNIFTY02JAN2421350CE.NFO,02/01/2024,09:35:52,107.05,107.15,640,107.45,760,1440,841040
FINNIFTY02JAN2421350CE.NFO,02/01/2024,09:35:54,106.6,106.5,320,106.85,1600,720,841040
FINNIFTY02JAN2421350CE.NFO,02/01/2024,09:35:55,105.85,105.3,1520,105.7,520,12800,841040
FINNIFTY02JAN2421350CE.NFO,02/01/2024,09:35:57,105.25,105,240,105.3,160,3200,841040
FINNIFTY02JAN2421350CE.NFO,02/01/2024,09:35:59,106.05,105.55,640,105.9,160,2880,841040
FINNIFTY02JAN2421350CE.NFO,02/01/2024,09:36:00,105.7,105.05,320,105.35,1040,720,841040
FINNIFTY02JAN2421350CE.NFO,02/01/2024,09:36:02,105.25,105.15,320,105.45,560,5280,841040
FINNIFTY02JAN2421350CE.NFO,02/01/2024,09:36:04,105.4,105.4,760,105.75,160,6880,841040
FINNIFTY02JAN2421350CE.NFO,02/01/2024,09:36:05,106.15,106.05,160,106.4,400,960,841040
FINNIFTY02JAN2421350CE.NFO,02/01/2024,09:36:07,106.1,105.95,160,106.35,1360,1080,841040
FINNIFTY02JAN2421350CE.NFO,02/01/2024,09:36:09,107.25,106.5,240,106.85,1240,3080,841040
FINNIFTY02JAN2421350CE.NFO,02/01/2024,09:36:11,106.95,106.7,200,106.95,80,2040,841040
FINNIFTY02JAN2421350CE.NFO,02/01/2024,09:36:12,106.4,106.55,560,106.95,1160,4880,841040
FINNIFTY02JAN2421350CE.NFO,02/01/2024,09:36:14,105.15,105,2640,105.2,840,4120,841040
FINNIFTY02JAN2421350CE.NFO,02/01/2024,09:36:16,104.65,104.4,880,104.65,240,15840,841040
FINNIFTY02JAN2421350CE.NFO,02/01/2024,09:36:17,102.65,102.7,880,103.1,680,15720,841040
FINNIFTY02JAN2421350CE.NFO,02/01/2024,09:36:19,102.25,102.55,40,102.75,640,12720,841040
FINNIFTY02JAN2421350CE.NFO,02/01/2024,09:36:21,103.1,102.75,640,103.1,160,4320,841040
FINNIFTY02JAN2421350CE.NFO,02/01/2024,09:36:22,103,102.65,1360,103,160,400,841040
FINNIFTY02JAN2421350CE.NFO,02/01/2024,09:36:24,104.45,104.2,600,104.5,720,2760,841040
FINNIFTY02JAN2421350CE.NFO,02/01/2024,09:36:26,105.3,105.2,240,105.55,80,2760,841040
FINNIFTY02JAN2421350CE.NFO,02/01/2024,09:36:27,105.05,104.55,160,104.85,240,4120,841040
FINNIFTY02JAN2421350CE.NFO,02/01/2024,09:36:29,106.5,106.15,760,106.5,800,18840,841040
FINNIFTY02JAN2421350CE.NFO,02/01/2024,09:36:31,106.4,106.4,200,106.65,40,20520,841040
FINNIFTY02JAN2421350CE.NFO,02/01/2024,09:36:32,106.2,105.55,440,105.95,560,520,841040
FINNIFTY02JAN2421350CE.NFO,02/01/2024,09:36:34,105.9,105.65,80,105.85,120,1840,841040
FINNIFTY02JAN2421350CE.NFO,02/01/2024,09:36:36,105.85,105.65,160,105.95,960,1400,841040
FINNIFTY02JAN2421350CE.NFO,02/01/2024,09:36:37,105.8,105.45,160,105.8,1040,2720,841040
FINNIFTY02JAN2421350CE.NFO,02/01/2024,09:36:39,105.55,105.55,1440,105.85,40,1720,841040
FINNIFTY02JAN2421350CE.NFO,02/01/2024,09:36:41,107.05,106.6,80,106.9,200,4280,841040
FINNIFTY02JAN2421350CE.NFO,02/01/2024,09:36:42,107,106.3,200,106.7,1080,2880,841040
FINNIFTY02JAN2421350CE.NFO,02/01/2024,09:36:44,107.15,106.85,80,107.2,320,1280,841040
FINNIFTY02JAN2421350CE.NFO,02/01/2024,09:36:46,107.25,107.25,200,107.45,960,1000,841040
FINNIFTY02JAN2421350CE.NFO,02/01/2024,09:36:47,107.45,107.05,1160,107.4,160,3360,841040
FINNIFTY02JAN2421350CE.NFO,02/01/2024,09:36:49,106.85,106.55,920,106.9,200,1000,841040
FINNIFTY02JAN2421350CE.NFO,02/01/2024,09:36:51,107.3,107.05,1800,107.35,80,1280,841040
FINNIFTY02JAN2421350CE.NFO,02/01/2024,09:36:52,107.15,107.15,1160,107.4,80,3440,841040
FINNIFTY02JAN2421350CE.NFO,02/01/2024,09:36:54,108.6,107.9,1120,108.3,480,7440,841040
FINNIFTY02JAN2421350CE.NFO,02/01/2024,09:36:56,108.2,107.75,640,108.1,160,1480,841040
FINNIFTY02JAN2421350CE.NFO,02/01/2024,09:36:57,107.4,107.3,1880,107.7,280,3800,841040
FINNIFTY02JAN2421350CE.NFO,02/01/2024,09:36:59,108.25,108,80,108.3,240,320,841040
FINNIFTY02JAN2421350CE.NFO,02/01/2024,09:37:01,109.4,109.3,160,109.55,120,2960,841040
FINNIFTY02JAN2421350CE.NFO,02/01/2024,09:37:02,109.1,109.05,200,109.35,160,960,841040
FINNIFTY02JAN2421350CE.NFO,02/01/2024,09:37:04,109.45,109.35,1040,109.7,160,720,841040
FINNIFTY02JAN2421350CE.NFO,02/01/2024,09:37:06,109.8,109.65,1080,110,4600,2200,841040
FINNIFTY02JAN2421350CE.NFO,02/01/2024,09:37:07,109.5,109.45,40,109.55,1240,4920,841040
FINNIFTY02JAN2421350CE.NFO,02/01/2024,09:37:09,109.6,109.15,760,109.55,80,3840,841040
FINNIFTY02JAN2421350CE.NFO,02/01/2024,09:37:11,109.4,109.05,80,109.3,80,480,841040
FINNIFTY02JAN2421350CE.NFO,02/01/2024,09:37:12,108.9,108.6,160,108.9,680,1360,841040
FINNIFTY02JAN2421350CE.NFO,02/01/2024,09:37:14,108.4,108.4,80,108.7,160,2080,841040
FINNIFTY02JAN2421350CE.NFO,02/01/2024,09:37:16,108.4,108.2,80,108.5,160,40,841040
FINNIFTY02JAN2421350CE.NFO,02/01/2024,09:37:17,108.3,108.05,640,108.4,1600,560,841040
FINNIFTY02JAN2421350CE.NFO,02/01/2024,09:37:19,108.55,108.4,640,108.7,320,80,841040
FINNIFTY02JAN2421350CE.NFO,02/01/2024,09:37:21,109.2,108.9,360,109.2,120,2120,841040
FINNIFTY02JAN2421350CE.NFO,02/01/2024,09:37:22,109.2,108.95,120,109.2,800,80,841040
FINNIFTY02JAN2421350CE.NFO,02/01/2024,09:37:24,109.55,109.3,640,109.55,720,600,841040
FINNIFTY02JAN2421350CE.NFO,02/01/2024,09:37:26,110.95,110.65,240,110.9,880,2880,841040
FINNIFTY02JAN2421350CE.NFO,02/01/2024,09:37:27,111.15,110.95,880,111.25,40,3160,841040
FINNIFTY02JAN2421350CE.NFO,02/01/2024,09:37:29,111.55,111.2,80,111.55,720,5400,841040
FINNIFTY02JAN2421350CE.NFO,02/01/2024,09:37:31,112.55,112.5,1240,112.85,1040,6800,841040
FINNIFTY02JAN2421350CE.NFO,02/01/2024,09:37:32,112.55,112.8,80,113.05,80,3000,841040
FINNIFTY02JAN2421350CE.NFO,02/01/2024,09:37:34,113.2,113.1,320,113.45,880,4560,841040
FINNIFTY02JAN2421350CE.NFO,02/01/2024,09:37:36,113.2,112.8,1120,113.15,1520,5360,841040
FINNIFTY02JAN2421350CE.NFO,02/01/2024,09:37:37,111.2,111.15,120,111.3,520,1080,841040
FINNIFTY02JAN2421350CE.NFO,02/01/2024,09:37:39,111.95,111.85,840,112.2,560,3080,841040
FINNIFTY02JAN2421350CE.NFO,02/01/2024,09:37:41,113.15,112.75,840,113.05,880,1680,841040
FINNIFTY02JAN2421350CE.NFO,02/01/2024,09:37:42,113.5,113.35,160,113.7,520,1600,841040
FINNIFTY02JAN2421350CE.NFO,02/01/2024,09:37:44,112.4,112.25,1160,112.55,80,4240,841040
FINNIFTY02JAN2421350CE.NFO,02/01/2024,09:37:46,110.9,110.85,200,111.15,400,3960,841040
FINNIFTY02JAN2421350CE.NFO,02/01/2024,09:37:47,111.1,110.85,120,111.15,1000,3360,841040
FINNIFTY02JAN2421350CE.NFO,02/01/2024,09:37:49,111.15,111.65,600,111.95,640,840,841040
FINNIFTY02JAN2421350CE.NFO,02/01/2024,09:37:51,111.85,111.6,720,111.9,200,1640,841040
FINNIFTY02JAN2421350CE.NFO,02/01/2024,09:37:52,111.95,111.3,1600,111.65,840,1800,841040
FINNIFTY02JAN2421350CE.NFO,02/01/2024,09:37:54,112.05,112.05,1720,112.35,120,400,841040
FINNIFTY02JAN2421350CE.NFO,02/01/2024,09:37:56,112.4,111.95,840,112.25,240,2320,841040
FINNIFTY02JAN2421350CE.NFO,02/01/2024,09:37:57,112.45,112.3,920,112.65,200,1440,841040
FINNIFTY02JAN2421350CE.NFO,02/01/2024,09:37:59,111.9,111.75,520,112,680,4480,841040
FINNIFTY02JAN2421350CE.NFO,02/01/2024,09:38:01,111.7,111.7,520,112,880,2720,841040
FINNIFTY02JAN2421350CE.NFO,02/01/2024,09:38:02,112.15,112.05,160,112.35,200,1240,841040
FINNIFTY02JAN2421350CE.NFO,02/01/2024,09:38:04,112.3,111.7,1000,112,720,1680,841040
FINNIFTY02JAN2421350CE.NFO,02/01/2024,09:38:06,111.55,111.25,160,111.55,800,1440,841040
FINNIFTY02JAN2421350CE.NFO,02/01/2024,09:38:07,111.35,111.15,160,111.45,800,280,841040
FINNIFTY02JAN2421350CE.NFO,02/01/2024,09:38:09,111.1,111.1,1440,111.4,240,1000,841040
FINNIFTY02JAN2421350CE.NFO,02/01/2024,09:38:11,110.6,110.55,200,110.8,320,4200,841040
FINNIFTY02JAN2421350CE.NFO,02/01/2024,09:38:12,110.35,110.5,720,110.8,160,3480,841040
FINNIFTY02JAN2421350CE.NFO,02/01/2024,09:38:14,111.3,111.3,1600,111.65,1720,2600,841040
FINNIFTY02JAN2421350CE.NFO,02/01/2024,09:38:16,111.95,111.95,720,112.3,200,720,841040
FINNIFTY02JAN2421350CE.NFO,02/01/2024,09:38:17,111.65,111.6,400,111.9,200,760,841040
FINNIFTY02JAN2421350CE.NFO,02/01/2024,09:38:19,111.9,111.7,800,111.95,80,6400,841040
FINNIFTY02JAN2421350CE.NFO,02/01/2024,09:38:21,113.3,113.05,880,113.35,880,2120,841040
FINNIFTY02JAN2421350CE.NFO,02/01/2024,09:38:22,113.85,113.65,40,113.9,200,2640,841040
FINNIFTY02JAN2421350CE.NFO,02/01/2024,09:38:24,113.75,113.35,120,113.7,840,7760,841040
FINNIFTY02JAN2421350CE.NFO,02/01/2024,09:38:26,113.35,113.25,160,113.55,640,2080,870440
FINNIFTY02JAN2421350CE.NFO,02/01/2024,09:38:27,115.1,115.05,1200,115.45,1080,22600,870440
FINNIFTY02JAN2421350CE.NFO,02/01/2024,09:38:29,114,113.95,880,114.3,920,2800,870440
FINNIFTY02JAN2421350CE.NFO,02/01/2024,09:38:31,114.5,114.55,640,114.85,880,800,870440
FINNIFTY02JAN2421350CE.NFO,02/01/2024,09:38:32,114.65,114.45,240,114.75,200,1440,870440
FINNIFTY02JAN2421350CE.NFO,02/01/2024,09:38:34,113.55,113.3,2200,113.6,80,1280,870440
FINNIFTY02JAN2421350CE.NFO,02/01/2024,09:38:36,113.1,112.7,160,113,320,2280,870440
FINNIFTY02JAN2421350CE.NFO,02/01/2024,09:38:37,115,115,440,115.3,160,10080,870440
FINNIFTY02JAN2421350CE.NFO,02/01/2024,09:38:39,114.5,114.65,240,114.95,160,3560,870440
FINNIFTY02JAN2421350CE.NFO,02/01/2024,09:38:41,115.1,115.3,320,115.65,360,6280,870440
FINNIFTY02JAN2421350CE.NFO,02/01/2024,09:38:42,114.05,114.1,920,114.4,1480,2560,870440
FINNIFTY02JAN2421350CE.NFO,02/01/2024,09:38:44,114.15,114.35,680,114.7,760,4040,870440
FINNIFTY02JAN2421350CE.NFO,02/01/2024,09:38:46,114.2,114,200,114.3,120,320,870440
FINNIFTY02JAN2421350CE.NFO,02/01/2024,09:38:47,113.6,113.3,1080,113.6,120,1240,870440
FINNIFTY02JAN2421350CE.NFO,02/01/2024,09:38:49,113.7,113.35,200,113.65,160,840,870440
FINNIFTY02JAN2421350CE.NFO,02/01/2024,09:38:51,113.9,113.1,760,113.4,80,2000,870440
FINNIFTY02JAN2421350CE.NFO,02/01/2024,09:38:52,113.9,113.7,160,114,1160,440,870440
FINNIFTY02JAN2421350CE.NFO,02/01/2024,09:38:54,114.8,114.75,40,114.95,160,3960,870440
FINNIFTY02JAN2421350CE.NFO,02/01/2024,09:38:56,116,115.8,480,116,880,4120,870440
FINNIFTY02JAN2421350CE.NFO,02/01/2024,09:38:57,119.25,118.95,160,119.35,320,22880,870440
FINNIFTY02JAN2421350CE.NFO,02/01/2024,09:38:59,119.4,119.35,880,119.7,80,4680,870440
FINNIFTY02JAN2421350CE.NFO,02/01/2024,09:39:01,119.05,118.65,160,119.05,1480,9600,870440
FINNIFTY02JAN2421350CE.NFO,02/01/2024,09:39:02,121.4,121.7,320,122.2,800,53080,870440
FINNIFTY02JAN2421350CE.NFO,02/01/2024,09:39:04,121.35,121.35,480,121.7,280,12480,870440
FINNIFTY02JAN2421350CE.NFO,02/01/2024,09:39:06,121.45,121.2,600,121.45,160,28720,870440
FINNIFTY02JAN2421350CE.NFO,02/01/2024,09:39:07,121.05,121.1,680,121.5,440,41120,870440
FINNIFTY02JAN2421350CE.NFO,02/01/2024,09:39:09,121.2,120.4,640,120.75,360,2440,870440
FINNIFTY02JAN2421350CE.NFO,02/01/2024,09:39:11,119.75,119.45,600,119.75,1760,18880,870440
FINNIFTY02JAN2421350CE.NFO,02/01/2024,09:39:12,119.85,119.65,640,119.95,1080,5960,870440
FINNIFTY02JAN2421350CE.NFO,02/01/2024,09:39:14,120,119.9,1280,120.25,960,8560,870440
FINNIFTY02JAN2421350CE.NFO,02/01/2024,09:39:16,119.85,119.6,440,119.95,160,3320,870440
FINNIFTY02JAN2421350CE.NFO,02/01/2024,09:39:17,117.25,117.35,800,117.7,1520,5760,870440
FINNIFTY02JAN2421350CE.NFO,02/01/2024,09:39:19,118.1,118.2,1680,118.6,1000,2160,870440
FINNIFTY02JAN2421350CE.NFO,02/01/2024,09:39:21,119.2,119.2,880,119.6,680,4320,870440
FINNIFTY02JAN2421350CE.NFO,02/01/2024,09:39:22,119.65,119.2,200,119.55,200,2560,870440
FINNIFTY02JAN2421350CE.NFO,02/01/2024,09:39:24,119.45,119.3,120,119.65,560,2040,870440
FINNIFTY02JAN2421350CE.NFO,02/01/2024,09:39:26,119.6,119.65,640,120,2200,5120,870440
FINNIFTY02JAN2421350CE.NFO,02/01/2024,09:39:27,120.85,120.95,200,121.35,160,3920,870440
FINNIFTY02JAN2421350CE.NFO,02/01/2024,09:39:29,121,120.8,320,121.2,680,880,870440
FINNIFTY02JAN2421350CE.NFO,02/01/2024,09:39:31,120,119.85,1360,120.2,440,7160,870440
FINNIFTY02JAN2421350CE.NFO,02/01/2024,09:39:32,119.45,119.45,640,119.85,1160,4240,870440
FINNIFTY02JAN2421350CE.NFO,02/01/2024,09:39:34,119.7,119.4,1160,119.8,1360,4560,870440
FINNIFTY02JAN2421350CE.NFO,02/01/2024,09:39:36,118.2,118.4,80,118.8,1680,3240,870440
FINNIFTY02JAN2421350CE.NFO,02/01/2024,09:39:37,118.75,118.4,640,118.75,1000,2440,870440
FINNIFTY02JAN2421350CE.NFO,02/01/2024,09:39:39,118.9,118.95,560,119.3,1480,1200,870440
FINNIFTY02JAN2421350CE.NFO,02/01/2024,09:39:41,119.4,119.25,1360,119.55,720,1160,870440
FINNIFTY02JAN2421350CE.NFO,02/01/2024,09:39:42,120.3,119.95,480,120.35,880,2360,870440
FINNIFTY02JAN2421350CE.NFO,02/01/2024,09:39:44,121.45,121.35,440,121.7,520,2440,870440
FINNIFTY02JAN2421350CE.NFO,02/01/2024,09:39:46,125.1,124.8,240,125.1,280,12200,870440
FINNIFTY02JAN2421350CE.NFO,02/01/2024,09:39:47,122,121.9,80,122.3,320,4840,870440
FINNIFTY02JAN2421350CE.NFO,02/01/2024,09:39:49,124.1,123.55,640,124,1440,2280,870440
FINNIFTY02JAN2421350CE.NFO,02/01/2024,09:39:51,124.25,124.35,360,124.65,160,5880,870440
FINNIFTY02JAN2421350CE.NFO,02/01/2024,09:39:52,122.8,122.55,1440,123,1280,3400,870440
FINNIFTY02JAN2421350CE.NFO,02/01/2024,09:39:54,122.85,122.6,800,123,1360,5960,870440
FINNIFTY02JAN2421350CE.NFO,02/01/2024,09:39:56,122.7,122,200,122.3,800,4040,870440
FINNIFTY02JAN2421350CE.NFO,02/01/2024,09:39:57,122.3,121.75,1040,122.15,880,2760,870440
FINNIFTY02JAN2421350CE.NFO,02/01/2024,09:39:59,121.85,121.55,1080,121.95,240,1360,870440
FINNIFTY02JAN2421350CE.NFO,02/01/2024,09:40:01,120.1,120.05,800,120.45,920,5160,870440
FINNIFTY02JAN2421350CE.NFO,02/01/2024,09:40:02,122.65,122.95,600,123.35,560,3240,870440
FINNIFTY02JAN2421350CE.NFO,02/01/2024,09:40:04,123.25,123.05,560,123.5,800,3720,870440
FINNIFTY02JAN2421350CE.NFO,02/01/2024,09:40:06,121.35,121,1120,121.45,200,2800,870440
FINNIFTY02JAN2421350CE.NFO,02/01/2024,09:40:07,121.05,120.65,1080,121,640,2160,870440
FINNIFTY02JAN2421350CE.NFO,02/01/2024,09:40:09,121.1,121.05,1240,121.45,1240,3760,870440
FINNIFTY02JAN2421350CE.NFO,02/01/2024,09:40:11,120.7,120.15,1400,120.55,240,5920,870440
FINNIFTY02JAN2421350CE.NFO,02/01/2024,09:40:12,120.4,120,1520,120.25,160,2960,870440
FINNIFTY02JAN2421350CE.NFO,02/01/2024,09:40:14,120.65,120.15,200,120.6,1080,3040,870440
FINNIFTY02JAN2421350CE.NFO,02/01/2024,09:40:16,120.45,120.45,80,120.9,1960,2760,870440
FINNIFTY02JAN2421350CE.NFO,02/01/2024,09:40:17,122,121.85,200,122.15,80,5080,870440
FINNIFTY02JAN2421350CE.NFO,02/01/2024,09:40:19,123.5,123.1,800,123.5,1480,2640,870440
FINNIFTY02JAN2421350CE.NFO,02/01/2024,09:40:21,123.6,123.2,360,123.55,960,920,870440
FINNIFTY02JAN2421350CE.NFO,02/01/2024,09:40:22,122.2,121.8,1680,122.2,120,4720,870440
FINNIFTY02JAN2421350CE.NFO,02/01/2024,09:40:24,122.4,122.05,320,122.45,600,2800,870440
FINNIFTY02JAN2421350CE.NFO,02/01/2024,09:40:26,121.25,120.9,120,121.25,680,3280,870440
FINNIFTY02JAN2421350CE.NFO,02/01/2024,09:40:27,120.15,119.7,920,120.05,600,4480,870440
FINNIFTY02JAN2421350CE.NFO,02/01/2024,09:40:29,119.5,119.35,840,119.8,1560,3560,870440
FINNIFTY02JAN2421350CE.NFO,02/01/2024,09:40:31,119.35,119.1,200,119.45,1040,440,870440
FINNIFTY02JAN2421350CE.NFO,02/01/2024,09:40:32,118.9,118.6,1040,119.1,1280,2240,870440
FINNIFTY02JAN2421350CE.NFO,02/01/2024,09:40:34,119.3,118.9,280,119.25,320,2880,870440
FINNIFTY02JAN2421350CE.NFO,02/01/2024,09:40:36,120,119.9,1000,120.3,640,2360,870440
FINNIFTY02JAN2421350CE.NFO,02/01/2024,09:40:37,119.95,119.65,360,120,2240,1000,870440
FINNIFTY02JAN2421350CE.NFO,02/01/2024,09:40:39,119.7,119.65,600,120,200,560,870440
FINNIFTY02JAN2421350CE.NFO,02/01/2024,09:40:41,120.45,120.3,40,120.65,1080,960,870440
FINNIFTY02JAN2421350CE.NFO,02/01/2024,09:40:42,118.3,118.25,1440,118.6,400,2520,870440
FINNIFTY02JAN2421350CE.NFO,02/01/2024,09:40:44,118.7,118.25,80,118.55,640,5320,870440
FINNIFTY02JAN2421350CE.NFO,02/01/2024,09:40:46,116.1,116.1,320,116.5,880,5840,870440
FINNIFTY02JAN2421350CE.NFO,02/01/2024,09:40:48,116.15,116.05,40,116.4,120,3040,870440
FINNIFTY02JAN2421350CE.NFO,02/01/2024,09:40:49,116.9,117.1,360,117.45,40,2760,870440
FINNIFTY02JAN2421350CE.NFO,02/01/2024,09:40:51,117.2,117.1,640,117.45,40,720,870440
FINNIFTY02JAN2421350CE.NFO,02/01/2024,09:40:53,118.2,117.6,880,118,1040,2800,870440
FINNIFTY02JAN2421350CE.NFO,02/01/2024,09:40:54,119.9,119.35,80,119.7,80,1080,870440
FINNIFTY02JAN2421350CE.NFO,02/01/2024,09:40:56,118.5,118.15,120,118.5,200,4520,870440
FINNIFTY02JAN2421350CE.NFO,02/01/2024,09:40:58,118.7,117.75,120,118.05,680,2200,870440
FINNIFTY02JAN2421350CE.NFO,02/01/2024,09:40:59,119.7,119.5,40,119.95,1880,1440,870440
FINNIFTY02JAN2421350CE.NFO,02/01/2024,09:41:01,118.1,117.9,640,118.3,920,1200,870440
FINNIFTY02JAN2421350CE.NFO,02/01/2024,09:41:03,118,117.7,640,118,160,5080,870440
FINNIFTY02JAN2421350CE.NFO,02/01/2024,09:41:04,118.2,118.05,1120,118.4,120,880,870440
FINNIFTY02JAN2421350CE.NFO,02/01/2024,09:41:06,118.85,118.45,80,118.7,880,1800,870440
FINNIFTY02JAN2421350CE.NFO,02/01/2024,09:41:08,119,118.65,1080,119,880,560,870440
FINNIFTY02JAN2421350CE.NFO,02/01/2024,09:41:09,118.1,117.8,200,118.2,1560,920,870440
FINNIFTY02JAN2421350CE.NFO,02/01/2024,09:41:11,117.65,117.55,80,117.85,800,2680,870440
FINNIFTY02JAN2421350CE.NFO,02/01/2024,09:41:13,117.1,117.1,320,117.4,120,1200,870440
FINNIFTY02JAN2421350CE.NFO,02/01/2024,09:41:14,118.15,117.6,800,118,2520,760,870440
FINNIFTY02JAN2421350CE.NFO,02/01/2024,09:41:16,117.65,117.65,640,117.95,680,960,870440
FINNIFTY02JAN2421350CE.NFO,02/01/2024,09:41:18,117.65,117.3,80,117.65,120,40,870440
FINNIFTY02JAN2421350CE.NFO,02/01/2024,09:41:19,116.85,116.55,760,116.85,40,320,870440
FINNIFTY02JAN2421350CE.NFO,02/01/2024,09:41:21,118,117.9,280,118.25,1160,1960,870440
FINNIFTY02JAN2421350CE.NFO,02/01/2024,09:41:23,118.55,118.55,480,118.9,800,720,870440
FINNIFTY02JAN2421350CE.NFO,02/01/2024,09:41:24,119,118.7,640,119.05,240,160,870440
FINNIFTY02JAN2421350CE.NFO,02/01/2024,09:41:26,118.5,118.15,680,118.5,200,640,832440
FINNIFTY02JAN2421350CE.NFO,02/01/2024,09:41:28,118.75,118.35,120,118.75,1040,2680,832440
FINNIFTY02JAN2421350CE.NFO,02/01/2024,09:41:29,118.2,118.05,120,118.4,760,760,832440
FINNIFTY02JAN2421350CE.NFO,02/01/2024,09:41:31,117.7,117.3,200,117.7,1080,3480,832440
FINNIFTY02JAN2421350CE.NFO,02/01/2024,09:41:32,118.3,118.3,640,118.65,1080,2800,832440
FINNIFTY02JAN2421350CE.NFO,02/01/2024,09:41:34,118.5,118.45,120,118.75,200,2160,832440
FINNIFTY02JAN2421350CE.NFO,02/01/2024,09:41:36,118.7,118.35,400,118.8,840,880,832440
FINNIFTY02JAN2421350CE.NFO,02/01/2024,09:41:37,118.35,117.7,80,118.1,1240,400,832440
FINNIFTY02JAN2421350CE.NFO,02/01/2024,09:41:39,117.05,117.15,600,117.55,1040,840,832440
FINNIFTY02JAN2421350CE.NFO,02/01/2024,09:41:41,118.65,118.6,80,118.85,120,920,832440
FINNIFTY02JAN2421350CE.NFO,02/01/2024,09:41:42,118.8,118.4,960,118.8,320,200,832440
FINNIFTY02JAN2421350CE.NFO,02/01/2024,09:41:44,118.9,118.5,1440,118.85,40,320,832440
FINNIFTY02JAN2421350CE.NFO,02/01/2024,09:41:46,119.2,118.85,1080,119.2,280,360,832440
FINNIFTY02JAN2421350CE.NFO,02/01/2024,09:41:47,118.2,118.2,200,118.5,240,560,832440
FINNIFTY02JAN2421350CE.NFO,02/01/2024,09:41:49,118.85,118.3,320,118.7,600,1120,832440
FINNIFTY02JAN2421350CE.NFO,02/01/2024,09:41:51,117.85,117.45,640,117.75,1360,1880,832440
FINNIFTY02JAN2421350CE.NFO,02/01/2024,09:41:52,117.75,117.3,600,117.6,240,40,832440
FINNIFTY02JAN2421350CE.NFO,02/01/2024,09:41:54,118.2,117.8,80,118.2,1000,3320,832440
FINNIFTY02JAN2421350CE.NFO,02/01/2024,09:41:56,117.85,117.75,120,118.1,240,40,832440
FINNIFTY02JAN2421350CE.NFO,02/01/2024,09:41:57,118.3,117.8,160,118.2,1080,1880,832440
FINNIFTY02JAN2421350CE.NFO,02/01/2024,09:41:59,117.5,117.65,1440,117.95,120,320,832440
FINNIFTY02JAN2421350CE.NFO,02/01/2024,09:42:01,114.75,114.65,40,114.95,680,31760,832440
FINNIFTY02JAN2421350CE.NFO,02/01/2024,09:42:02,113.6,113.45,360,113.8,960,3040,832440
FINNIFTY02JAN2421350CE.NFO,02/01/2024,09:42:04,114.35,114.75,160,115.1,480,2360,832440
FINNIFTY02JAN2421350CE.NFO,02/01/2024,09:42:06,113.55,113,320,113.3,600,2440,832440
FINNIFTY02JAN2421350CE.NFO,02/01/2024,09:42:07,112.9,112.75,40,113.1,360,2040,832440
FINNIFTY02JAN2421350CE.NFO,02/01/2024,09:42:09,113.9,113.55,1080,113.95,40,8440,832440
FINNIFTY02JAN2421350CE.NFO,02/01/2024,09:42:11,113.8,113.9,1160,114.2,80,1200,832440
FINNIFTY02JAN2421350CE.NFO,02/01/2024,09:42:12,113.9,113.55,320,113.95,120,2160,832440
FINNIFTY02JAN2421350CE.NFO,02/01/2024,09:42:14,113.95,113.9,480,114.3,960,1640,832440
FINNIFTY02JAN2421350CE.NFO,02/01/2024,09:42:16,113.6,113.45,120,113.8,1040,2000,832440
FINNIFTY02JAN2421350CE.NFO,02/01/2024,09:42:17,114.4,114.05,240,114.4,520,3120,832440
FINNIFTY02JAN2421350CE.NFO,02/01/2024,09:42:19,116.45,115.65,120,116.05,1080,5680,832440
FINNIFTY02JAN2421350CE.NFO,02/01/2024,09:42:21,115.4,114.3,360,114.7,1560,1160,832440
FINNIFTY02JAN2421350CE.NFO,02/01/2024,09:42:22,114.25,114.1,160,114.45,680,1240,832440
FINNIFTY02JAN2421350CE.NFO,02/01/2024,09:42:24,114.1,114.05,400,114.45,680,5120,832440
FINNIFTY02JAN2421350CE.NFO,02/01/2024,09:42:26,113.7,113.65,160,113.95,1480,1080,832440
FINNIFTY02JAN2421350CE.NFO,02/01/2024,09:42:27,113.8,113.45,120,113.85,1880,480,832440
FINNIFTY02JAN2421350CE.NFO,02/01/2024,09:42:29,114.4,113.95,640,114.4,1400,1040,832440
FINNIFTY02JAN2421350CE.NFO,02/01/2024,09:42:31,115.45,115.15,600,115.5,560,3400,832440
FINNIFTY02JAN2421350CE.NFO,02/01/2024,09:42:32,114.8,114.9,320,115.25,1000,840,832440
FINNIFTY02JAN2421350CE.NFO,02/01/2024,09:42:34,114.4,114.3,480,114.65,360,840,832440
FINNIFTY02JAN2421350CE.NFO,02/01/2024,09:42:36,115.1,114.65,120,115,760,280,832440
FINNIFTY02JAN2421350CE.NFO,02/01/2024,09:42:37,114.95,114.6,560,114.95,320,480,832440
FINNIFTY02JAN2421350CE.NFO,02/01/2024,09:42:39,116,115.95,80,116.3,760,2440,832440
FINNIFTY02JAN2421350CE.NFO,02/01/2024,09:42:41,115.7,115.1,120,115.5,1800,400,832440
FINNIFTY02JAN2421350CE.NFO,02/01/2024,09:42:42,116.25,115.95,40,116.25,1560,1760,832440
FINNIFTY02JAN2421350CE.NFO,02/01/2024,09:42:44,116.35,116.1,1520,116.5,680,1160,832440
FINNIFTY02JAN2421350CE.NFO,02/01/2024,09:42:46,116.1,115.65,200,116,280,640,832440
FINNIFTY02JAN2421350CE.NFO,02/01/2024,09:42:47,115.4,115.55,360,115.85,120,1440,832440
FINNIFTY02JAN2421350CE.NFO,02/01/2024,09:42:49,116.1,115.9,560,116.2,2200,2240,832440
FINNIFTY02JAN2421350CE.NFO,02/01/2024,09:42:51,117,116.4,200,116.75,1280,2280,832440
FINNIFTY02JAN2421350CE.NFO,02/01/2024,09:42:52,117,117.4,40,117.7,680,4200,832440
FINNIFTY02JAN2421350CE.NFO,02/01/2024,09:42:54,118.05,117.6,240,117.95,1120,5680,832440
FINNIFTY02JAN2421350CE.NFO,02/01/2024,09:42:56,117.95,118.3,640,118.65,280,2240,832440
FINNIFTY02JAN2421350CE.NFO,02/01/2024,09:42:58,118.8,118.25,1320,118.65,1120,840,832440
FINNIFTY02JAN2421350CE.NFO,02/01/2024,09:42:59,118.5,118.55,880,118.95,760,1040,832440
FINNIFTY02JAN2421350CE.NFO,02/01/2024,09:43:01,116.7,116.4,1040,116.6,40,10080,832440
FINNIFTY02JAN2421350CE.NFO,02/01/2024,09:43:03,117.6,117.2,120,117.5,40,8320,832440
FINNIFTY02JAN2421350CE.NFO,02/01/2024,09:43:04,118.8,118.65,120,119,1000,13560,832440
FINNIFTY02JAN2421350CE.NFO,02/01/2024,09:43:06,118.25,117.9,640,118.2,440,2080,832440
FINNIFTY02JAN2421350CE.NFO,02/01/2024,09:43:08,118.1,117.75,120,118.05,120,2600,832440
FINNIFTY02JAN2421350CE.NFO,02/01/2024,09:43:09,117.3,117,520,117.2,40,960,832440
FINNIFTY02JAN2421350CE.NFO,02/01/2024,09:43:11,116.8,116.75,120,116.9,40,1160,832440
FINNIFTY02JAN2421350CE.NFO,02/01/2024,09:43:13,115.75,115.05,520,115.35,40,3320,832440
FINNIFTY02JAN2421350CE.NFO,02/01/2024,09:43:14,115.25,114.9,320,115.15,520,3880,832440
FINNIFTY02JAN2421350CE.NFO,02/01/2024,09:43:16,115.4,115,520,115.4,920,320,832440
FINNIFTY02JAN2421350CE.NFO,02/01/2024,09:43:18,114.65,114.6,1040,114.95,560,2080,832440
FINNIFTY02JAN2421350CE.NFO,02/01/2024,09:43:19,114.6,114.15,360,114.45,360,240,832440
FINNIFTY02JAN2421350CE.NFO,02/01/2024,09:43:21,114.05,114.05,720,114.35,120,4200,832440
FINNIFTY02JAN2421350CE.NFO,02/01/2024,09:43:23,114.1,113.75,120,114.05,320,960,832440
FINNIFTY02JAN2421350CE.NFO,02/01/2024,09:43:24,113.6,113.5,2000,113.85,240,5280,832440
FINNIFTY02JAN2421350CE.NFO,02/01/2024,09:43:26,112.55,112.35,840,112.6,1120,2000,832440
FINNIFTY02JAN2421350CE.NFO,02/01/2024,09:43:28,112.45,112.45,200,112.8,880,5120,832440
FINNIFTY02JAN2421350CE.NFO,02/01/2024,09:43:29,112.85,113.15,2360,113.55,120,6680,832440
FINNIFTY02JAN2421350CE.NFO,02/01/2024,09:43:31,112.95,112.9,1200,113.25,520,680,832440
FINNIFTY02JAN2421350CE.NFO,02/01/2024,09:43:33,113,112.65,560,112.95,160,3240,832440
FINNIFTY02JAN2421350CE.NFO,02/01/2024,09:43:34,111.5,111.4,680,111.7,120,10280,832440
FINNIFTY02JAN2421350CE.NFO,02/01/2024,09:43:36,111.25,111.3,40,111.6,1720,5920,832440
FINNIFTY02JAN2421350CE.NFO,02/01/2024,09:43:38,110,109.85,560,110.05,80,8160,832440
FINNIFTY02JAN2421350CE.NFO,02/01/2024,09:43:39,109.65,109.4,800,109.7,560,2960,832440
FINNIFTY02JAN2421350CE.NFO,02/01/2024,09:43:41,110.55,110.2,200,110.5,280,8280,832440
FINNIFTY02JAN2421350CE.NFO,02/01/2024,09:43:43,110,110,800,110.35,120,3120,832440
FINNIFTY02JAN2421350CE.NFO,02/01/2024,09:43:44,109.35,109,160,109.35,2120,3880,832440
FINNIFTY02JAN2421350CE.NFO,02/01/2024,09:43:46,110.05,109.9,680,110.25,440,560,832440
FINNIFTY02JAN2421350CE.NFO,02/01/2024,09:43:48,112,111.85,1120,112.2,440,1240,832440
FINNIFTY02JAN2421350CE.NFO,02/01/2024,09:43:49,111.8,111.45,360,111.75,440,960,832440
FINNIFTY02JAN2421350CE.NFO,02/01/2024,09:43:51,110.85,110.9,840,111.3,1240,1920,832440
FINNIFTY02JAN2421350CE.NFO,02/01/2024,09:43:53,110.6,110.3,240,110.65,840,3000,832440
FINNIFTY02JAN2421350CE.NFO,02/01/2024,09:43:54,110,110,120,110.25,40,4720,832440
FINNIFTY02JAN2421350CE.NFO,02/01/2024,09:43:56,109.7,109.4,440,109.6,120,1680,832440
FINNIFTY02JAN2421350CE.NFO,02/01/2024,09:43:58,110.85,110.5,400,110.8,760,4280,832440
FINNIFTY02JAN2421350CE.NFO,02/01/2024,09:43:59,111.55,111.45,240,111.75,1360,240,832440
FINNIFTY02JAN2421350CE.NFO,02/01/2024,09:44:01,110.6,110.55,40,110.9,440,5160,832440
FINNIFTY02JAN2421350CE.NFO,02/01/2024,09:44:03,108.85,108.85,320,109.05,1280,32920,832440
FINNIFTY02JAN2421350CE.NFO,02/01/2024,09:44:04,107.3,107.3,480,107.55,880,27560,832440
FINNIFTY02JAN2421350CE.NFO,02/01/2024,09:44:06,108.05,107.5,1200,107.8,880,4800,832440
FINNIFTY02JAN2421350CE.NFO,02/01/2024,09:44:08,107.9,107.4,480,107.75,1160,8680,832440
FINNIFTY02JAN2421350CE.NFO,02/01/2024,09:44:09,107,106.7,680,107,400,2880,832440
FINNIFTY02JAN2421350CE.NFO,02/01/2024,09:44:11,107.4,107.1,1760,107.35,40,9480,832440
FINNIFTY02JAN2421350CE.NFO,02/01/2024,09:44:13,108,107.95,80,108.3,280,11680,832440
FINNIFTY02JAN2421350CE.NFO,02/01/2024,09:44:14,107.75,107.75,720,108,80,12720,832440
FINNIFTY02JAN2421350CE.NFO,02/01/2024,09:44:16,107.6,107.4,40,107.7,320,5200,832440
FINNIFTY02JAN2421350CE.NFO,02/01/2024,09:44:18,106.4,106.35,400,106.6,880,8840,832440
FINNIFTY02JAN2421350CE.NFO,02/01/2024,09:44:19,106,105.65,160,106,840,17520,832440
FINNIFTY02JAN2421350CE.NFO,02/01/2024,09:44:21,107.6,107.3,160,107.6,240,5720,832440
FINNIFTY02JAN2421350CE.NFO,02/01/2024,09:44:23,106.85,107.25,840,107.55,80,880,832440
FINNIFTY02JAN2421350CE.NFO,02/01/2024,09:44:24,107,107,1800,107.3,680,3480,832440
FINNIFTY02JAN2421350CE.NFO,02/01/2024,09:44:26,107.2,106.95,720,107.3,800,480,884520
FINNIFTY02JAN2421350CE.NFO,02/01/2024,09:44:28,108,107.8,1320,108.15,440,1200,884520
FINNIFTY02JAN2421350CE.NFO,02/01/2024,09:44:29,107.45,107.2,840,107.55,120,20360,884520
FINNIFTY02JAN2421350CE.NFO,02/01/2024,09:44:31,108.1,107.5,1120,107.9,240,3440,884520
FINNIFTY02JAN2421350CE.NFO,02/01/2024,09:44:33,107.75,107.45,120,107.8,200,2480,884520
FINNIFTY02JAN2421350CE.NFO,02/01/2024,09:44:34,107.15,106.65,400,106.9,800,760,884520
FINNIFTY02JAN2421350CE.NFO,02/01/2024,09:44:36,106.15,105.9,600,106.35,1960,1840,884520
FINNIFTY02JAN2421350CE.NFO,02/01/2024,09:44:38,106.2,106.7,40,107.05,920,640,884520
FINNIFTY02JAN2421350CE.NFO,02/01/2024,09:44:39,106.95,106.9,200,107.2,1680,1000,884520
FINNIFTY02JAN2421350CE.NFO,02/01/2024,09:44:41,108,107.85,1600,108.25,240,1160,884520
FINNIFTY02JAN2421350CE.NFO,02/01/2024,09:44:43,108.1,107.85,880,108.2,1640,840,884520
FINNIFTY02JAN2421350CE.NFO,02/01/2024,09:44:44,108.2,108.25,800,108.6,1360,2480,884520
FINNIFTY02JAN2421350CE.NFO,02/01/2024,09:44:46,107.85,107.55,280,107.85,160,2600,884520
FINNIFTY02JAN2421350CE.NFO,02/01/2024,09:44:48,107.85,107.45,200,107.7,640,720,884520
FINNIFTY02JAN2421350CE.NFO,02/01/2024,09:44:49,107.3,107.3,440,107.55,120,1560,884520
FINNIFTY02JAN2421350CE.NFO,02/01/2024,09:44:51,107.35,107.05,600,107.35,440,1320,884520
FINNIFTY02JAN2421350CE.NFO,02/01/2024,09:44:53,107.7,107.3,800,107.6,360,2200,884520
FINNIFTY02JAN2421350CE.NFO,02/01/2024,09:44:54,107.8,107.7,1640,108.05,560,1080,884520
FINNIFTY02JAN2421350CE.NFO,02/01/2024,09:44:56,107.2,107,1000,107.2,400,1960,884520
FINNIFTY02JAN2421350CE.NFO,02/01/2024,09:44:58,106.8,106.65,160,107,280,1240,884520
FINNIFTY02JAN2421350CE.NFO,02/01/2024,09:44:59,106.35,106.35,40,106.65,1920,600,884520
FINNIFTY02JAN2421350CE.NFO,02/01/2024,09:45:01,105.25,105.25,400,105.55,400,15240,884520
FINNIFTY02JAN2421350CE.NFO,02/01/2024,09:45:03,105.65,105.6,800,105.95,240,10000,884520
FINNIFTY02JAN2421350CE.NFO,02/01/2024,09:45:04,106.8,106.9,80,107.1,40,4440,884520
FINNIFTY02JAN2421350CE.NFO,02/01/2024,09:45:06,106.2,106,800,106.15,600,5800,884520
FINNIFTY02JAN2421350CE.NFO,02/01/2024,09:45:08,106.05,105.75,120,106.05,720,4200,884520
FINNIFTY02JAN2421350CE.NFO,02/01/2024,09:45:09,105.85,105.8,40,106.05,120,3720,884520
FINNIFTY02JAN2421350CE.NFO,02/01/2024,09:45:11,106.75,106.4,80,106.7,40,4320,884520
FINNIFTY02JAN2421350CE.NFO,02/01/2024,09:45:13,106.95,106.9,1200,107.15,40,1960,884520
FINNIFTY02JAN2421350CE.NFO,02/01/2024,09:45:14,106.8,106.35,1000,106.7,1000,1080,884520
FINNIFTY02JAN2421350CE.NFO,02/01/2024,09:45:16,106.5,106.5,920,106.8,760,5080,884520
FINNIFTY02JAN2421350CE.NFO,02/01/2024,09:45:18,106.1,106.1,1120,106.45,880,1880,884520
FINNIFTY02JAN2421350CE.NFO,02/01/2024,09:45:19,105.9,105.5,120,105.85,1040,3440,884520
FINNIFTY02JAN2421350CE.NFO,02/01/2024,09:45:21,105.5,105.3,40,105.55,680,1240,884520
FINNIFTY02JAN2421350CE.NFO,02/01/2024,09:45:23,104.55,104.55,80,104.85,1240,5200,884520
FINNIFTY02JAN2421350CE.NFO,02/01/2024,09:45:24,104.5,104.15,840,104.5,1920,2560,884520
FINNIFTY02JAN2421350CE.NFO,02/01/2024,09:45:26,102.3,102.15,120,102.5,120,11200,884520
FINNIFTY02JAN2421350CE.NFO,02/01/2024,09:45:28,102.2,102.35,360,102.7,200,3880,884520
FINNIFTY02JAN2421350CE.NFO,02/01/2024,09:45:29,103.35,103,1520,103.35,440,6360,884520
FINNIFTY02JAN2421350CE.NFO,02/01/2024,09:45:31,102.6,102.95,1040,103.25,80,4240,884520
FINNIFTY02JAN2421350CE.NFO,02/01/2024,09:45:33,103.65,103.15,440,103.5,2760,2600,884520
FINNIFTY02JAN2421350CE.NFO,02/01/2024,09:45:34,104,103.75,480,104,200,3680,884520
FINNIFTY02JAN2421350CE.NFO,02/01/2024,09:45:36,103.5,103.8,2080,104.1,240,1520,884520
FINNIFTY02JAN2421350CE.NFO,02/01/2024,09:45:38,103.7,103.45,400,103.75,160,2520,884520
FINNIFTY02JAN2421350CE.NFO,02/01/2024,09:45:39,104.15,103.75,520,104,1840,3400,884520
FINNIFTY02JAN2421350CE.NFO,02/01/2024,09:45:41,103.7,103.7,400,103.95,1120,2200,884520
FINNIFTY02JAN2421350CE.NFO,02/01/2024,09:45:43,103.35,103.35,40,103.6,520,2320,884520
FINNIFTY02JAN2421350CE.NFO,02/01/2024,09:45:44,103.6,103.3,1120,103.65,840,2840,884520
FINNIFTY02JAN2421350CE.NFO,02/01/2024,09:45:46,103.3,103.1,400,103.4,1640,7760,884520
FINNIFTY02JAN2421350CE.NFO,02/01/2024,09:45:48,101.05,101.2,2040,101.5,120,26040,884520
FINNIFTY02JAN2421350CE.NFO,02/01/2024,09:45:49,101.6,101.4,1280,101.8,1280,6080,884520
FINNIFTY02JAN2421350CE.NFO,02/01/2024,09:45:51,100.9,100.8,1080,101.15,800,5480,884520
FINNIFTY02JAN2421350CE.NFO,02/01/2024,09:45:53,100.25,100.4,80,100.6,840,8400,884520
FINNIFTY02JAN2421350CE.NFO,02/01/2024,09:45:54,100,99.7,800,99.95,160,5600,884520
FINNIFTY02JAN2421350CE.NFO,02/01/2024,09:45:56,98.5,98.55,1520,98.75,80,52000,884520
FINNIFTY02JAN2421350CE.NFO,02/01/2024,09:45:58,99,98.7,120,98.85,80,6800,884520
FINNIFTY02JAN2421350CE.NFO,02/01/2024,09:45:59,98.25,98.05,40,98.3,280,5720,884520
FINNIFTY02JAN2421350CE.NFO,02/01/2024,09:46:01,97.75,97.6,320,97.95,680,6800,884520
FINNIFTY02JAN2421350CE.NFO,02/01/2024,09:46:03,98.5,98.3,200,98.5,680,17960,884520
FINNIFTY02JAN2421350CE.NFO,02/01/2024,09:46:04,96.7,96.75,80,97.05,800,7600,884520
FINNIFTY02JAN2421350CE.NFO,02/01/2024,09:46:06,95.9,95.65,1480,96,80,7520,884520
FINNIFTY02JAN2421350CE.NFO,02/01/2024,09:46:08,97.85,97.7,160,97.95,1120,3720,884520
FINNIFTY02JAN2421350CE.NFO,02/01/2024,09:46:09,97.5,97.45,80,97.75,640,4240,884520
FINNIFTY02JAN2421350CE.NFO,02/01/2024,09:46:11,96.75,96.55,240,96.85,400,4640,884520
FINNIFTY02JAN2421350CE.NFO,02/01/2024,09:46:13,96.4,96.45,120,96.75,920,10600,884520
FINNIFTY02JAN2421350CE.NFO,02/01/2024,09:46:14,97.35,97.05,280,97.35,1080,6360,884520
FINNIFTY02JAN2421350CE.NFO,02/01/2024,09:46:16,98.3,98,840,98.3,440,7400,884520
FINNIFTY02JAN2421350CE.NFO,02/01/2024,09:46:18,98.35,98.2,200,98.35,240,5960,884520
FINNIFTY02JAN2421350CE.NFO,02/01/2024,09:46:19,98.4,98.15,200,98.45,160,4440,884520
FINNIFTY02JAN2421350CE.NFO,02/01/2024,09:46:21,98,98.05,760,98.3,120,2920,884520
FINNIFTY02JAN2421350CE.NFO,02/01/2024,09:46:23,98.9,99,160,99.3,600,1520,884520
FINNIFTY02JAN2421350CE.NFO,02/01/2024,09:46:24,99,98.9,120,99.2,120,4880,884520
FINNIFTY02JAN2421350CE.NFO,02/01/2024,09:46:26,98.7,98.45,1200,98.7,680,4960,884520
FINNIFTY02JAN2421350CE.NFO,02/01/2024,09:46:28,98.8,98.65,920,98.95,1280,8840,884520
FINNIFTY02JAN2421350CE.NFO,02/01/2024,09:46:29,100.35,100.1,160,100.35,40,2560,884520
FINNIFTY02JAN2421350CE.NFO,02/01/2024,09:46:31,100.4,100.2,400,100.5,800,5040,884520
FINNIFTY02JAN2421350CE.NFO,02/01/2024,09:46:33,100.8,101,520,101.3,880,1400,884520
FINNIFTY02JAN2421350CE.NFO,02/01/2024,09:46:34,101.6,101.35,360,101.7,200,2240,884520
FINNIFTY02JAN2421350CE.NFO,02/01/2024,09:46:36,100.85,101.05,80,101.35,120,7760,884520
FINNIFTY02JAN2421350CE.NFO,02/01/2024,09:46:38,100.8,100.95,80,101.2,800,2440,884520
FINNIFTY02JAN2421350CE.NFO,02/01/2024,09:46:39,100.4,100.6,520,100.9,1000,3720,884520
FINNIFTY02JAN2421350CE.NFO,02/01/2024,09:46:41,101.75,101.6,200,101.85,120,2680,884520
FINNIFTY02JAN2421350CE.NFO,02/01/2024,09:46:43,101.85,101.7,160,101.95,40,1360,884520
FINNIFTY02JAN2421350CE.NFO,02/01/2024,09:46:44,101.8,101.65,880,102,3800,2840,884520
FINNIFTY02JAN2421350CE.NFO,02/01/2024,09:46:46,101.55,101.6,1960,102,680,4680,884520
FINNIFTY02JAN2421350CE.NFO,02/01/2024,09:46:48,102.35,102.2,1440,102.4,1040,5480,884520
FINNIFTY02JAN2421350CE.NFO,02/01/2024,09:46:49,102.15,102,120,102.3,440,26600,884520
FINNIFTY02JAN2421350CE.NFO,02/01/2024,09:46:51,103.55,103.2,40,103.5,120,3920,884520
FINNIFTY02JAN2421350CE.NFO,02/01/2024,09:46:53,103.15,103.1,1120,103.4,360,3760,884520
FINNIFTY02JAN2421350CE.NFO,02/01/2024,09:46:54,103.75,103.35,1160,103.75,640,2280,884520
FINNIFTY02JAN2421350CE.NFO,02/01/2024,09:46:56,102.85,103.2,200,103.4,200,2240,884520
FINNIFTY02JAN2421350CE.NFO,02/01/2024,09:46:58,103.25,103.15,640,103.5,840,720,884520
FINNIFTY02JAN2421350CE.NFO,02/01/2024,09:46:59,103,103,640,103.3,1160,4400,884520
FINNIFTY02JAN2421350CE.NFO,02/01/2024,09:47:01,104.3,104.1,40,104.35,720,7960,884520
FINNIFTY02JAN2421350CE.NFO,02/01/2024,09:47:03,105.7,105.65,200,105.9,840,23400,884520
FINNIFTY02JAN2421350CE.NFO,02/01/2024,09:47:04,105.7,105.7,640,105.95,920,5640,884520
FINNIFTY02JAN2421350CE.NFO,02/01/2024,09:47:06,104.4,104.3,280,104.65,240,6640,884520
FINNIFTY02JAN2421350CE.NFO,02/01/2024,09:47:08,104.7,104.3,560,104.65,1280,3360,884520
FINNIFTY02JAN2421350CE.NFO,02/01/2024,09:47:10,105.6,105.25,120,105.5,80,18960,884520
FINNIFTY02JAN2421350CE.NFO,02/01/2024,09:47:11,105.7,105.5,120,105.7,920,4080,884520
