Ticker,Date,Time,LTP,BuyPrice,BuyQty,SellPrice,SellQty,LTQ,OpenInterest
FINNIFTY02JAN2421500PE.NFO,02/01/2024,09:15:00,71.05,80.05,200,84.6,40,280,1364320
FINNIFTY02JAN2421500PE.NFO,02/01/2024,09:15:00,71.05,80.05,200,84.6,40,0,1364320
FINNIFTY02JAN2421500PE.NFO,02/01/2024,09:15:00,80.05,80.05,200,84.6,40,0,1364320
FINNIFTY02JAN2421500PE.NFO,02/01/2024,09:15:00,71.05,80.05,200,84.6,40,0,1364320
FINNIFTY02JAN2421500PE.NFO,02/01/2024,09:15:00,84.7,81.7,40,84.7,320,600,1364320
FINNIFTY02JAN2421500PE.NFO,02/01/2024,09:15:00,84.7,81.7,40,84.7,320,0,1364320
FINNIFTY02JAN2421500PE.NFO,02/01/2024,09:15:02,94.55,93.15,40,94.95,80,13840,1364320
FINNIFTY02JAN2421500PE.NFO,02/01/2024,09:15:02,94.6,93.15,40,94.95,80,0,1364320
FINNIFTY02JAN2421500PE.NFO,02/01/2024,09:15:03,97.9,97.2,40,98.15,80,17520,1364320
FINNIFTY02JAN2421500PE.NFO,02/01/2024,09:15:03,102,97.2,40,98.15,80,0,1364320
FINNIFTY02JAN2421500PE.NFO,02/01/2024,09:15:04,105.65,105,640,106.6,120,49880,1364320
FINNIFTY02JAN2421500PE.NFO,02/01/2024,09:15:04,115.1,105,640,106.6,120,0,1364320
FINNIFTY02JAN2421500PE.NFO,02/01/2024,09:15:05,99.65,99.65,640,100.4,120,18120,1364320
FINNIFTY02JAN2421500PE.NFO,02/01/2024,09:15:06,100.1,100.1,240,100.8,120,30520,1364320
FINNIFTY02JAN2421500PE.NFO,02/01/2024,09:15:07,100.65,100.35,360,100.65,40,14120,1364320
FINNIFTY02JAN2421500PE.NFO,02/01/2024,09:15:08,99.5,99.3,680,100.2,440,16080,1364320
FINNIFTY02JAN2421500PE.NFO,02/01/2024,09:15:08,99.05,99.05,440,99.5,40,1240,1364320
FINNIFTY02JAN2421500PE.NFO,02/01/2024,09:15:09,104.65,104.65,80,105.05,680,19880,1364320
FINNIFTY02JAN2421500PE.NFO,02/01/2024,09:15:10,108.7,108.45,440,109.15,40,35840,1364320
FINNIFTY02JAN2421500PE.NFO,02/01/2024,09:15:11,106.35,105.8,40,106.3,200,32200,1364320
FINNIFTY02JAN2421500PE.NFO,02/01/2024,09:15:12,106.25,106.1,80,106.8,240,23520,1364320
FINNIFTY02JAN2421500PE.NFO,02/01/2024,09:15:14,105.15,104.55,120,104.95,80,21440,1364320
FINNIFTY02JAN2421500PE.NFO,02/01/2024,09:15:15,104.7,104.8,200,105.2,360,19120,1364320
FINNIFTY02JAN2421500PE.NFO,02/01/2024,09:15:16,106.75,106.2,40,106.75,200,15800,1364320
FINNIFTY02JAN2421500PE.NFO,02/01/2024,09:15:17,107.1,107,40,107.4,160,16880,1364320
FINNIFTY02JAN2421500PE.NFO,02/01/2024,09:15:18,101.55,101.55,80,101.9,800,13960,1364320
FINNIFTY02JAN2421500PE.NFO,02/01/2024,09:15:18,103.2,102.55,680,103.35,240,4760,1364320
FINNIFTY02JAN2421500PE.NFO,02/01/2024,09:15:19,101.8,101.1,6920,101.8,1120,11440,1364320
FINNIFTY02JAN2421500PE.NFO,02/01/2024,09:15:21,102.75,102.75,160,103.15,480,13400,1364320
FINNIFTY02JAN2421500PE.NFO,02/01/2024,09:15:22,103.7,103.35,160,103.9,120,8240,1364320
FINNIFTY02JAN2421500PE.NFO,02/01/2024,09:15:23,103.65,103,120,103.45,360,17000,1364320
FINNIFTY02JAN2421500PE.NFO,02/01/2024,09:15:24,104.35,104.3,80,104.7,480,10280,1364320
FINNIFTY02JAN2421500PE.NFO,02/01/2024,09:15:24,104.35,104.3,920,104.6,520,840,1364320
FINNIFTY02JAN2421500PE.NFO,02/01/2024,09:15:25,104.2,104,400,104.25,360,13800,1364320
FINNIFTY02JAN2421500PE.NFO,02/01/2024,09:15:27,104.8,104.45,480,104.85,1040,11160,1364320
FINNIFTY02JAN2421500PE.NFO,02/01/2024,09:15:28,103.1,103.3,720,103.8,520,8760,1364320
FINNIFTY02JAN2421500PE.NFO,02/01/2024,09:15:29,103.2,102.7,120,103.15,1360,12160,1364320
FINNIFTY02JAN2421500PE.NFO,02/01/2024,09:15:30,102.7,102.25,280,102.7,200,11240,1364320
FINNIFTY02JAN2421500PE.NFO,02/01/2024,09:15:31,101.75,101.35,880,101.8,440,13440,1364320
FINNIFTY02JAN2421500PE.NFO,02/01/2024,09:15:31,101.25,101.25,160,101.65,680,2440,1364320
FINNIFTY02JAN2421500PE.NFO,02/01/2024,09:15:33,101.6,101.3,80,101.7,520,6080,1364320
FINNIFTY02JAN2421500PE.NFO,02/01/2024,09:15:34,102.55,102.4,200,102.65,280,2120,1364320
FINNIFTY02JAN2421500PE.NFO,02/01/2024,09:15:35,103,102.9,160,103.15,320,6640,1364320
FINNIFTY02JAN2421500PE.NFO,02/01/2024,09:15:36,103,102.9,160,103,440,9320,1364320
FINNIFTY02JAN2421500PE.NFO,02/01/2024,09:15:37,103.1,103.1,120,103.45,400,17680,1364320
FINNIFTY02JAN2421500PE.NFO,02/01/2024,09:15:38,102.5,102.5,40,102.7,840,29400,1364320
FINNIFTY02JAN2421500PE.NFO,02/01/2024,09:15:38,102.4,102.1,400,102.55,280,4480,1364320
FINNIFTY02JAN2421500PE.NFO,02/01/2024,09:15:40,101.05,100.8,200,101.05,200,19280,1364320
FINNIFTY02JAN2421500PE.NFO,02/01/2024,09:15:41,100.7,100.55,880,101,160,11640,1364320
FINNIFTY02JAN2421500PE.NFO,02/01/2024,09:15:42,100.8,100.9,200,101.25,200,28920,1364320
FINNIFTY02JAN2421500PE.NFO,02/01/2024,09:15:43,101.25,101,360,101.3,360,12160,1364320
FINNIFTY02JAN2421500PE.NFO,02/01/2024,09:15:44,100.25,100.1,120,100.25,40,10840,1364320
FINNIFTY02JAN2421500PE.NFO,02/01/2024,09:15:45,100.2,100,440,100.2,800,13080,1364320
FINNIFTY02JAN2421500PE.NFO,02/01/2024,09:15:45,100,100,640,100.15,360,3360,1364320
FINNIFTY02JAN2421500PE.NFO,02/01/2024,09:15:47,100.55,100.35,200,100.65,120,14680,1364320
FINNIFTY02JAN2421500PE.NFO,02/01/2024,09:15:48,101.55,101.3,320,101.5,360,6080,1364320
FINNIFTY02JAN2421500PE.NFO,02/01/2024,09:15:49,102.85,102.6,440,103,800,8720,1364320
FINNIFTY02JAN2421500PE.NFO,02/01/2024,09:15:50,103.2,103.2,560,103.65,160,17360,1364320
FINNIFTY02JAN2421500PE.NFO,02/01/2024,09:15:51,103.85,103.3,160,103.8,1040,18640,1364320
FINNIFTY02JAN2421500PE.NFO,02/01/2024,09:15:52,102.55,102.55,40,103.05,760,9920,1364320
FINNIFTY02JAN2421500PE.NFO,02/01/2024,09:15:52,103,102.65,40,103,480,1000,1364320
FINNIFTY02JAN2421500PE.NFO,02/01/2024,09:15:53,103.05,102.95,40,103.15,120,7400,1364320
FINNIFTY02JAN2421500PE.NFO,02/01/2024,09:15:55,103.4,103.1,240,103.35,40,9200,1364320
FINNIFTY02JAN2421500PE.NFO,02/01/2024,09:15:56,104.35,104.3,240,104.7,560,11320,1364320
FINNIFTY02JAN2421500PE.NFO,02/01/2024,09:15:57,104.5,104.1,120,104.45,560,12360,1364320
FINNIFTY02JAN2421500PE.NFO,02/01/2024,09:15:58,103.75,103.75,80,104,520,19880,1364320
FINNIFTY02JAN2421500PE.NFO,02/01/2024,09:15:59,103.05,103,200,103.1,320,15800,1364320
FINNIFTY02JAN2421500PE.NFO,02/01/2024,09:15:59,102.55,102.3,360,102.55,80,2040,1364320
FINNIFTY02JAN2421500PE.NFO,02/01/2024,09:16:00,102.3,102,200,102.3,520,15440,1364320
FINNIFTY02JAN2421500PE.NFO,02/01/2024,09:16:02,101.1,101.1,480,101.45,920,24720,1364320
FINNIFTY02JAN2421500PE.NFO,02/01/2024,09:16:03,101.35,101,880,101.35,1120,13720,1364320
FINNIFTY02JAN2421500PE.NFO,02/01/2024,09:16:04,100.75,100.75,200,101.05,280,14320,1364320
FINNIFTY02JAN2421500PE.NFO,02/01/2024,09:16:05,100.1,99.85,120,100.1,40,42080,1364320
FINNIFTY02JAN2421500PE.NFO,02/01/2024,09:16:05,99.85,99.45,640,99.85,360,2200,1364320
FINNIFTY02JAN2421500PE.NFO,02/01/2024,09:16:06,97.95,97.95,320,98.2,920,14760,1364320
FINNIFTY02JAN2421500PE.NFO,02/01/2024,09:16:08,97.5,97.15,480,97.5,400,12400,1364320
FINNIFTY02JAN2421500PE.NFO,02/01/2024,09:16:09,97.55,97.55,120,97.75,280,6200,1364320
FINNIFTY02JAN2421500PE.NFO,02/01/2024,09:16:10,98.45,98.4,360,98.8,800,11800,1364320
FINNIFTY02JAN2421500PE.NFO,02/01/2024,09:16:11,100.15,100.1,360,100.35,80,11480,1364320
FINNIFTY02JAN2421500PE.NFO,02/01/2024,09:16:12,99.15,98.9,40,99.15,560,11800,1364320
FINNIFTY02JAN2421500PE.NFO,02/01/2024,09:16:12,98.4,98.4,40,98.65,600,240,1364320
FINNIFTY02JAN2421500PE.NFO,02/01/2024,09:16:13,98.9,98.65,80,98.75,120,7000,1364320
FINNIFTY02JAN2421500PE.NFO,02/01/2024,09:16:15,100.2,100.25,320,100.5,400,7160,1364320
FINNIFTY02JAN2421500PE.NFO,02/01/2024,09:16:16,100.6,100.55,40,100.8,480,7600,1364320
FINNIFTY02JAN2421500PE.NFO,02/01/2024,09:16:17,100.85,100.6,480,100.95,400,5920,1364320
FINNIFTY02JAN2421500PE.NFO,02/01/2024,09:16:18,101,100.95,40,101.05,80,4520,1364320
FINNIFTY02JAN2421500PE.NFO,02/01/2024,09:16:19,100.95,100.9,640,101.25,520,6920,1364320
FINNIFTY02JAN2421500PE.NFO,02/01/2024,09:16:20,102.6,102.3,840,102.6,120,3760,1364320
FINNIFTY02JAN2421500PE.NFO,02/01/2024,09:16:20,102.85,102.6,200,102.85,320,120,1364320
FINNIFTY02JAN2421500PE.NFO,02/01/2024,09:16:22,104,103.75,1320,104,1480,12640,1364320
FINNIFTY02JAN2421500PE.NFO,02/01/2024,09:16:23,105,104.65,400,104.95,80,14440,1364320
FINNIFTY02JAN2421500PE.NFO,02/01/2024,09:16:24,103.35,103.35,200,103.7,1480,16960,1364320
FINNIFTY02JAN2421500PE.NFO,02/01/2024,09:16:25,104.8,104.45,1160,104.8,560,7000,1364320
FINNIFTY02JAN2421500PE.NFO,02/01/2024,09:16:26,104.6,104.65,80,104.95,80,8680,1364320
FINNIFTY02JAN2421500PE.NFO,02/01/2024,09:16:27,105,104.8,1040,105,4920,15040,1364320
FINNIFTY02JAN2421500PE.NFO,02/01/2024,09:16:27,105.1,105.05,280,105.35,80,6680,1364320
FINNIFTY02JAN2421500PE.NFO,02/01/2024,09:16:28,104.9,104.9,1160,105.25,200,11040,1364320
FINNIFTY02JAN2421500PE.NFO,02/01/2024,09:16:30,103.5,103.35,80,103.65,880,11840,1364320
FINNIFTY02JAN2421500PE.NFO,02/01/2024,09:16:31,103.4,103.2,200,103.35,120,10560,1364320
FINNIFTY02JAN2421500PE.NFO,02/01/2024,09:16:32,103.8,103.55,560,103.95,120,7440,1364320
FINNIFTY02JAN2421500PE.NFO,02/01/2024,09:16:33,104.5,104.25,200,104.6,960,4840,1364320
FINNIFTY02JAN2421500PE.NFO,02/01/2024,09:16:34,104.6,104.55,160,104.9,960,6280,1364320
FINNIFTY02JAN2421500PE.NFO,02/01/2024,09:16:34,104.5,104.45,40,104.6,80,160,1364320
FINNIFTY02JAN2421500PE.NFO,02/01/2024,09:16:35,103.15,102.95,80,103.2,40,3520,1364320
FINNIFTY02JAN2421500PE.NFO,02/01/2024,09:16:37,103.6,103.4,240,103.85,680,3520,1364320
FINNIFTY02JAN2421500PE.NFO,02/01/2024,09:16:38,104.75,104.5,80,104.75,120,4680,1364320
FINNIFTY02JAN2421500PE.NFO,02/01/2024,09:16:39,104.7,104.4,360,104.7,280,9400,1364320
FINNIFTY02JAN2421500PE.NFO,02/01/2024,09:16:40,103.75,103.8,200,104.1,40,8600,1364320
FINNIFTY02JAN2421500PE.NFO,02/01/2024,09:16:41,103.5,103.5,80,103.65,80,6440,1364320
FINNIFTY02JAN2421500PE.NFO,02/01/2024,09:16:42,103.25,102.9,360,103.25,160,4920,1364320
FINNIFTY02JAN2421500PE.NFO,02/01/2024,09:16:42,102.85,102.85,80,103.25,440,480,1364320
FINNIFTY02JAN2421500PE.NFO,02/01/2024,09:16:43,102.8,102.95,120,103.25,200,2760,1364320
FINNIFTY02JAN2421500PE.NFO,02/01/2024,09:16:45,100.5,100.2,200,100.5,1160,8800,1364320
FINNIFTY02JAN2421500PE.NFO,02/01/2024,09:16:46,100.8,100.45,160,100.8,240,19120,1364320
FINNIFTY02JAN2421500PE.NFO,02/01/2024,09:16:47,100.8,100.55,240,100.95,1280,5440,1364320
FINNIFTY02JAN2421500PE.NFO,02/01/2024,09:16:48,99.9,99.65,280,100,520,8680,1364320
FINNIFTY02JAN2421500PE.NFO,02/01/2024,09:16:49,98.7,98.8,160,99,40,25640,1364320
FINNIFTY02JAN2421500PE.NFO,02/01/2024,09:16:49,98.6,98.6,200,98.85,160,1640,1364320
FINNIFTY02JAN2421500PE.NFO,02/01/2024,09:16:50,99.35,99.7,320,99.9,80,4600,1364320
FINNIFTY02JAN2421500PE.NFO,02/01/2024,09:16:52,99.6,99.7,80,99.95,120,5200,1364320
FINNIFTY02JAN2421500PE.NFO,02/01/2024,09:16:53,100.4,99.95,200,100.3,120,6840,1364320
FINNIFTY02JAN2421500PE.NFO,02/01/2024,09:16:54,100.55,100.8,1000,101.1,80,9760,1364320
FINNIFTY02JAN2421500PE.NFO,02/01/2024,09:16:55,101.3,101.1,720,101.45,80,9600,1364320
FINNIFTY02JAN2421500PE.NFO,02/01/2024,09:16:56,100.5,100.5,40,100.8,80,9680,1364320
FINNIFTY02JAN2421500PE.NFO,02/01/2024,09:16:56,100.75,100.9,480,101.1,40,40,1364320
FINNIFTY02JAN2421500PE.NFO,02/01/2024,09:16:58,100.25,99.9,80,100.1,520,6840,1364320
FINNIFTY02JAN2421500PE.NFO,02/01/2024,09:16:59,99.75,99.5,600,99.75,320,5840,1364320
FINNIFTY02JAN2421500PE.NFO,02/01/2024,09:17:00,99.2,99.25,160,99.55,40,9200,1364320
FINNIFTY02JAN2421500PE.NFO,02/01/2024,09:17:01,99.45,99.25,200,99.55,680,8800,1364320
FINNIFTY02JAN2421500PE.NFO,02/01/2024,09:17:02,100.55,100.35,600,100.65,760,5520,1364320
FINNIFTY02JAN2421500PE.NFO,02/01/2024,09:17:03,99.5,99.35,40,99.45,80,14360,1364320
FINNIFTY02JAN2421500PE.NFO,02/01/2024,09:17:03,99.65,99.35,40,99.5,600,320,1364320
FINNIFTY02JAN2421500PE.NFO,02/01/2024,09:17:05,100.6,100.3,40,100.6,400,3120,1364320
FINNIFTY02JAN2421500PE.NFO,02/01/2024,09:17:06,100.35,100,1320,100.4,800,1840,1364320
FINNIFTY02JAN2421500PE.NFO,02/01/2024,09:17:07,99.55,99.25,520,99.55,40,3320,1364320
FINNIFTY02JAN2421500PE.NFO,02/01/2024,09:17:08,99.4,99.25,560,99.6,40,1880,1364320
FINNIFTY02JAN2421500PE.NFO,02/01/2024,09:17:09,100.05,100.05,560,100.4,960,1640,1364320
FINNIFTY02JAN2421500PE.NFO,02/01/2024,09:17:09,100.4,100.2,120,100.4,520,360,1364320
FINNIFTY02JAN2421500PE.NFO,02/01/2024,09:17:10,100.95,100.95,200,101.3,560,3680,1364320
FINNIFTY02JAN2421500PE.NFO,02/01/2024,09:17:12,100.75,100.8,440,101.1,80,6840,1364320
FINNIFTY02JAN2421500PE.NFO,02/01/2024,09:17:13,100.55,100.2,760,100.55,720,5760,1364320
FINNIFTY02JAN2421500PE.NFO,02/01/2024,09:17:14,100.1,100.15,120,100.45,40,3640,1364320
FINNIFTY02JAN2421500PE.NFO,02/01/2024,09:17:15,100.65,100.35,40,100.6,160,3320,1364320
FINNIFTY02JAN2421500PE.NFO,02/01/2024,09:17:16,100,99.65,360,100,680,4800,1364320
FINNIFTY02JAN2421500PE.NFO,02/01/2024,09:17:16,99.9,99.55,80,99.85,80,80,1364320
FINNIFTY02JAN2421500PE.NFO,02/01/2024,09:17:18,98.5,98,1920,98.35,1040,10360,1364320
FINNIFTY02JAN2421500PE.NFO,02/01/2024,09:17:19,97.6,97.35,40,97.6,80,9800,1364320
FINNIFTY02JAN2421500PE.NFO,02/01/2024,09:17:20,97.5,97.25,640,97.6,1200,7720,1364320
FINNIFTY02JAN2421500PE.NFO,02/01/2024,09:17:21,97.65,97.4,240,97.65,200,3120,1364320
FINNIFTY02JAN2421500PE.NFO,02/01/2024,09:17:22,97.6,97.25,240,97.35,320,3880,1364320
FINNIFTY02JAN2421500PE.NFO,02/01/2024,09:17:22,97.1,97,2160,97.2,80,1160,1364320
FINNIFTY02JAN2421500PE.NFO,02/01/2024,09:17:23,97.8,97.55,520,97.75,80,3680,1364320
FINNIFTY02JAN2421500PE.NFO,02/01/2024,09:17:25,99.15,98.6,80,98.75,80,6440,1364320
FINNIFTY02JAN2421500PE.NFO,02/01/2024,09:17:26,98.05,98.1,760,98.45,1160,1480,1447520
FINNIFTY02JAN2421500PE.NFO,02/01/2024,09:17:27,98.75,98.8,360,99.1,640,3760,1447520
FINNIFTY02JAN2421500PE.NFO,02/01/2024,09:17:28,100.25,99.9,760,100.25,1120,3560,1447520
FINNIFTY02JAN2421500PE.NFO,02/01/2024,09:17:29,100.8,100.8,800,101.05,80,6480,1447520
FINNIFTY02JAN2421500PE.NFO,02/01/2024,09:17:29,100.8,100.8,120,101.1,160,1200,1447520
FINNIFTY02JAN2421500PE.NFO,02/01/2024,09:17:31,101.55,100.95,40,101.15,840,5360,1447520
FINNIFTY02JAN2421500PE.NFO,02/01/2024,09:17:32,99.35,99.15,240,99.35,80,4480,1447520
FINNIFTY02JAN2421500PE.NFO,02/01/2024,09:17:33,100.35,100.05,1360,100.4,720,3920,1447520
FINNIFTY02JAN2421500PE.NFO,02/01/2024,09:17:34,100.45,100.2,120,100.5,600,1160,1447520
FINNIFTY02JAN2421500PE.NFO,02/01/2024,09:17:35,100.3,100.1,160,100.35,160,5120,1447520
FINNIFTY02JAN2421500PE.NFO,02/01/2024,09:17:36,100.35,100.25,560,100.55,640,680,1447520
FINNIFTY02JAN2421500PE.NFO,02/01/2024,09:17:37,100.35,100.3,1320,100.65,80,5840,1447520
FINNIFTY02JAN2421500PE.NFO,02/01/2024,09:17:38,98.8,98.85,480,99,40,3760,1447520
FINNIFTY02JAN2421500PE.NFO,02/01/2024,09:17:39,100.5,100.5,1120,100.65,120,4800,1447520
FINNIFTY02JAN2421500PE.NFO,02/01/2024,09:17:40,101.35,101.45,120,101.75,560,4720,1447520
FINNIFTY02JAN2421500PE.NFO,02/01/2024,09:17:41,102.35,102.4,440,102.6,80,3840,1447520
FINNIFTY02JAN2421500PE.NFO,02/01/2024,09:17:42,102.6,102.55,360,102.75,80,800,1447520
FINNIFTY02JAN2421500PE.NFO,02/01/2024,09:17:43,101.8,101.8,200,102,40,7960,1447520
FINNIFTY02JAN2421500PE.NFO,02/01/2024,09:17:44,102,101.75,120,102.05,80,4720,1447520
FINNIFTY02JAN2421500PE.NFO,02/01/2024,09:17:45,102.95,102.65,200,102.95,200,3360,1447520
FINNIFTY02JAN2421500PE.NFO,02/01/2024,09:17:46,103,103,240,103.25,80,11240,1447520
FINNIFTY02JAN2421500PE.NFO,02/01/2024,09:17:47,103,103,1360,103.25,600,10040,1447520
FINNIFTY02JAN2421500PE.NFO,02/01/2024,09:17:48,102.5,102.5,280,102.75,280,4160,1447520
FINNIFTY02JAN2421500PE.NFO,02/01/2024,09:17:49,102.65,102.35,1000,102.7,80,12360,1447520
FINNIFTY02JAN2421500PE.NFO,02/01/2024,09:17:50,101.35,101.7,120,101.95,80,6560,1447520
FINNIFTY02JAN2421500PE.NFO,02/01/2024,09:17:51,101.35,101.15,1600,101.55,400,3920,1447520
FINNIFTY02JAN2421500PE.NFO,02/01/2024,09:17:52,101.55,101.5,40,101.7,440,6480,1447520
FINNIFTY02JAN2421500PE.NFO,02/01/2024,09:17:53,101.45,101.05,120,101.35,80,4360,1447520
FINNIFTY02JAN2421500PE.NFO,02/01/2024,09:17:54,102.35,102.4,360,102.7,160,4240,1447520
FINNIFTY02JAN2421500PE.NFO,02/01/2024,09:17:55,102.65,102.2,520,102.6,720,200,1447520
FINNIFTY02JAN2421500PE.NFO,02/01/2024,09:17:56,102.05,102.05,40,102.25,120,1800,1447520
FINNIFTY02JAN2421500PE.NFO,02/01/2024,09:17:57,101.45,101.5,160,101.8,200,2240,1447520
FINNIFTY02JAN2421500PE.NFO,02/01/2024,09:17:58,101.5,101.45,80,101.65,120,1920,1447520
FINNIFTY02JAN2421500PE.NFO,02/01/2024,09:17:59,101.6,101.6,520,101.8,320,2920,1447520
FINNIFTY02JAN2421500PE.NFO,02/01/2024,09:18:00,101.6,101.75,160,101.95,80,4400,1447520
FINNIFTY02JAN2421500PE.NFO,02/01/2024,09:18:01,101.45,101.45,1160,101.7,360,9080,1447520
FINNIFTY02JAN2421500PE.NFO,02/01/2024,09:18:02,101.25,100.85,800,101.2,680,1240,1447520
FINNIFTY02JAN2421500PE.NFO,02/01/2024,09:18:03,99.9,99.5,560,99.8,240,6720,1447520
FINNIFTY02JAN2421500PE.NFO,02/01/2024,09:18:04,99.95,99.7,80,99.9,40,4400,1447520
FINNIFTY02JAN2421500PE.NFO,02/01/2024,09:18:05,99.65,99.85,960,100.1,120,1920,1447520
FINNIFTY02JAN2421500PE.NFO,02/01/2024,09:18:06,99.95,99.65,120,99.9,400,5920,1447520
FINNIFTY02JAN2421500PE.NFO,02/01/2024,09:18:07,99,99,320,99.2,800,5880,1447520
FINNIFTY02JAN2421500PE.NFO,02/01/2024,09:18:08,99,98.8,240,99.1,160,400,1447520
FINNIFTY02JAN2421500PE.NFO,02/01/2024,09:18:09,99.25,99.05,840,99.4,200,2160,1447520
FINNIFTY02JAN2421500PE.NFO,02/01/2024,09:18:10,99.4,99.1,120,99.4,520,5880,1447520
FINNIFTY02JAN2421500PE.NFO,02/01/2024,09:18:11,100.4,100.4,80,100.65,80,4080,1447520
FINNIFTY02JAN2421500PE.NFO,02/01/2024,09:18:12,100.75,100.55,360,100.9,480,6080,1447520
FINNIFTY02JAN2421500PE.NFO,02/01/2024,09:18:13,100.1,100.05,80,100.4,480,8200,1447520
FINNIFTY02JAN2421500PE.NFO,02/01/2024,09:18:14,100.7,100.7,320,100.85,80,3600,1447520
FINNIFTY02JAN2421500PE.NFO,02/01/2024,09:18:15,100.7,100.3,40,100.5,360,0,1447520
FINNIFTY02JAN2421500PE.NFO,02/01/2024,09:18:16,101.85,101.7,360,101.85,160,9760,1447520
FINNIFTY02JAN2421500PE.NFO,02/01/2024,09:18:17,102.15,102,200,102.2,360,2840,1447520
FINNIFTY02JAN2421500PE.NFO,02/01/2024,09:18:18,103,103.2,400,103.4,800,8320,1447520
FINNIFTY02JAN2421500PE.NFO,02/01/2024,09:18:19,103.95,104,360,104.15,2000,17120,1447520
FINNIFTY02JAN2421500PE.NFO,02/01/2024,09:18:20,105.65,105.45,120,105.7,440,76840,1447520
FINNIFTY02JAN2421500PE.NFO,02/01/2024,09:18:21,105.2,105.25,200,105.4,640,960,1447520
FINNIFTY02JAN2421500PE.NFO,02/01/2024,09:18:22,104.1,104.1,80,104.3,120,11880,1447520
FINNIFTY02JAN2421500PE.NFO,02/01/2024,09:18:23,103.3,103.25,80,103.4,440,6880,1447520
FINNIFTY02JAN2421500PE.NFO,02/01/2024,09:18:24,104.7,104.4,400,104.6,360,16200,1447520
FINNIFTY02JAN2421500PE.NFO,02/01/2024,09:18:25,105.3,105.15,160,105.3,360,14400,1447520
FINNIFTY02JAN2421500PE.NFO,02/01/2024,09:18:26,104.85,104.55,400,104.8,440,6920,1447520
FINNIFTY02JAN2421500PE.NFO,02/01/2024,09:18:27,103.6,103.4,1120,103.7,120,10320,1447520
FINNIFTY02JAN2421500PE.NFO,02/01/2024,09:18:28,102.85,102.8,280,103,40,1800,1447520
FINNIFTY02JAN2421500PE.NFO,02/01/2024,09:18:29,102.9,102.9,40,103.2,680,15640,1447520
FINNIFTY02JAN2421500PE.NFO,02/01/2024,09:18:30,103.6,103.3,280,103.5,80,11760,1447520
FINNIFTY02JAN2421500PE.NFO,02/01/2024,09:18:31,103.35,103.3,320,103.55,400,7480,1447520
FINNIFTY02JAN2421500PE.NFO,02/01/2024,09:18:32,104.1,104,400,104.25,280,4800,1447520
FINNIFTY02JAN2421500PE.NFO,02/01/2024,09:18:33,104.3,104.15,240,104.35,160,1520,1447520
FINNIFTY02JAN2421500PE.NFO,02/01/2024,09:18:34,103.6,103.3,400,103.6,840,8000,1447520
FINNIFTY02JAN2421500PE.NFO,02/01/2024,09:18:35,103.4,103.2,200,103.3,80,1280,1447520
FINNIFTY02JAN2421500PE.NFO,02/01/2024,09:18:36,103.55,103.3,920,103.55,80,4640,1447520
FINNIFTY02JAN2421500PE.NFO,02/01/2024,09:18:37,103.25,103.25,40,103.45,640,4280,1447520
FINNIFTY02JAN2421500PE.NFO,02/01/2024,09:18:38,102,102.2,40,102.35,720,14040,1447520
FINNIFTY02JAN2421500PE.NFO,02/01/2024,09:18:39,102.05,102.1,320,102.3,1000,11680,1447520
FINNIFTY02JAN2421500PE.NFO,02/01/2024,09:18:40,102,101.9,200,102.1,520,3600,1447520
FINNIFTY02JAN2421500PE.NFO,02/01/2024,09:18:41,102.55,102.35,200,102.6,240,2680,1447520
FINNIFTY02JAN2421500PE.NFO,02/01/2024,09:18:42,102.15,101.7,200,101.95,240,280,1447520
FINNIFTY02JAN2421500PE.NFO,02/01/2024,09:18:43,102.3,101.95,280,102.25,200,2800,1447520
FINNIFTY02JAN2421500PE.NFO,02/01/2024,09:18:44,100.05,100,4960,100.35,480,12640,1447520
FINNIFTY02JAN2421500PE.NFO,02/01/2024,09:18:45,100.1,100.2,280,100.45,200,6640,1447520
FINNIFTY02JAN2421500PE.NFO,02/01/2024,09:18:46,100.55,100.4,200,100.6,120,3680,1447520
FINNIFTY02JAN2421500PE.NFO,02/01/2024,09:18:47,100.2,100.35,160,100.6,320,3840,1447520
FINNIFTY02JAN2421500PE.NFO,02/01/2024,09:18:48,100.25,100.25,80,100.4,200,400,1447520
FINNIFTY02JAN2421500PE.NFO,02/01/2024,09:18:49,100,100.05,200,100.35,440,5120,1447520
FINNIFTY02JAN2421500PE.NFO,02/01/2024,09:18:50,99.5,99.5,240,99.75,120,1520,1447520
FINNIFTY02JAN2421500PE.NFO,02/01/2024,09:18:51,99.25,99.2,80,99.3,120,6440,1447520
FINNIFTY02JAN2421500PE.NFO,02/01/2024,09:18:52,98.85,98.8,760,99,600,2680,1447520
FINNIFTY02JAN2421500PE.NFO,02/01/2024,09:18:53,99.1,99.05,40,99.25,320,7600,1447520
FINNIFTY02JAN2421500PE.NFO,02/01/2024,09:18:54,99.05,98.95,80,99.15,240,2160,1447520
FINNIFTY02JAN2421500PE.NFO,02/01/2024,09:18:55,99.25,99.15,240,99.3,40,400,1447520
FINNIFTY02JAN2421500PE.NFO,02/01/2024,09:18:56,98.75,98.65,1040,98.9,320,3240,1447520
FINNIFTY02JAN2421500PE.NFO,02/01/2024,09:18:57,99.05,99.1,960,99.35,280,5040,1447520
FINNIFTY02JAN2421500PE.NFO,02/01/2024,09:18:58,99.7,99.55,80,99.75,680,2920,1447520
FINNIFTY02JAN2421500PE.NFO,02/01/2024,09:18:59,99.35,99.3,40,99.5,1760,3280,1447520
FINNIFTY02JAN2421500PE.NFO,02/01/2024,09:19:00,98.8,98.75,360,99.05,320,6080,1447520
FINNIFTY02JAN2421500PE.NFO,02/01/2024,09:19:01,98.05,98,40,98.1,80,25200,1447520
FINNIFTY02JAN2421500PE.NFO,02/01/2024,09:19:02,98.9,98.65,160,98.85,240,840,1447520
FINNIFTY02JAN2421500PE.NFO,02/01/2024,09:19:03,100.1,100,40,100.1,280,4640,1447520
FINNIFTY02JAN2421500PE.NFO,02/01/2024,09:19:04,99.25,99.25,4160,99.4,160,1760,1447520
FINNIFTY02JAN2421500PE.NFO,02/01/2024,09:19:05,99.3,99.45,120,99.65,40,8800,1447520
FINNIFTY02JAN2421500PE.NFO,02/01/2024,09:19:06,98.5,98.35,40,98.55,280,3480,1447520
FINNIFTY02JAN2421500PE.NFO,02/01/2024,09:19:07,98.55,98.6,240,98.8,800,1800,1447520
FINNIFTY02JAN2421500PE.NFO,02/01/2024,09:19:08,98.8,98.65,280,98.9,560,200,1447520
FINNIFTY02JAN2421500PE.NFO,02/01/2024,09:19:09,99.55,99.6,120,99.75,160,4200,1447520
FINNIFTY02JAN2421500PE.NFO,02/01/2024,09:19:10,98.55,98.4,240,98.6,80,2840,1447520
FINNIFTY02JAN2421500PE.NFO,02/01/2024,09:19:11,98,98.1,160,98.25,80,6720,1447520
FINNIFTY02JAN2421500PE.NFO,02/01/2024,09:19:12,96.05,96.05,160,96.15,200,13560,1447520
FINNIFTY02JAN2421500PE.NFO,02/01/2024,09:19:13,96.25,96.4,280,96.65,440,31000,1447520
FINNIFTY02JAN2421500PE.NFO,02/01/2024,09:19:14,95.65,95.55,240,95.75,40,4360,1447520
FINNIFTY02JAN2421500PE.NFO,02/01/2024,09:19:15,95.5,95.5,680,95.7,40,4320,1447520
FINNIFTY02JAN2421500PE.NFO,02/01/2024,09:19:16,95.75,95.55,520,95.8,160,11000,1447520
FINNIFTY02JAN2421500PE.NFO,02/01/2024,09:19:17,96,96,640,96.15,120,12560,1447520
FINNIFTY02JAN2421500PE.NFO,02/01/2024,09:19:18,95.7,95.7,40,95.8,560,5240,1447520
FINNIFTY02JAN2421500PE.NFO,02/01/2024,09:19:19,95.75,95.8,280,96,80,7200,1447520
FINNIFTY02JAN2421500PE.NFO,02/01/2024,09:19:20,95.55,95.2,1480,95.5,320,5480,1447520
FINNIFTY02JAN2421500PE.NFO,02/01/2024,09:19:21,96.6,96.6,480,96.85,440,5640,1447520
FINNIFTY02JAN2421500PE.NFO,02/01/2024,09:19:22,96.95,96.75,360,96.95,80,840,1447520
FINNIFTY02JAN2421500PE.NFO,02/01/2024,09:19:23,97.65,97.5,840,97.75,280,13160,1447520
FINNIFTY02JAN2421500PE.NFO,02/01/2024,09:19:24,98.35,98.45,280,98.65,520,14120,1447520
FINNIFTY02JAN2421500PE.NFO,02/01/2024,09:19:25,97.75,97.85,680,98.1,400,7160,1447520
FINNIFTY02JAN2421500PE.NFO,02/01/2024,09:19:26,97.5,97.5,80,97.75,320,10680,1447520
FINNIFTY02JAN2421500PE.NFO,02/01/2024,09:19:27,98.55,98.3,2440,98.55,240,10280,1447520
FINNIFTY02JAN2421500PE.NFO,02/01/2024,09:19:28,98,97.95,640,98.2,480,920,1447520
FINNIFTY02JAN2421500PE.NFO,02/01/2024,09:19:29,97.8,97.85,120,98.1,400,3400,1447520
FINNIFTY02JAN2421500PE.NFO,02/01/2024,09:19:30,97.2,97.25,400,97.5,120,8160,1447520
FINNIFTY02JAN2421500PE.NFO,02/01/2024,09:19:31,97,97.15,80,97.35,120,6800,1447520
FINNIFTY02JAN2421500PE.NFO,02/01/2024,09:19:32,96.2,96.35,40,96.6,80,4760,1447520
FINNIFTY02JAN2421500PE.NFO,02/01/2024,09:19:33,97.15,97.15,280,97.3,200,5640,1447520
FINNIFTY02JAN2421500PE.NFO,02/01/2024,09:19:34,96.05,95.95,400,96.1,200,4760,1447520
FINNIFTY02JAN2421500PE.NFO,02/01/2024,09:19:35,96,95.6,120,95.8,280,7360,1447520
FINNIFTY02JAN2421500PE.NFO,02/01/2024,09:19:36,95.45,95.55,840,95.8,680,2240,1447520
FINNIFTY02JAN2421500PE.NFO,02/01/2024,09:19:37,96,95.9,880,96.15,720,2320,1447520
FINNIFTY02JAN2421500PE.NFO,02/01/2024,09:19:38,95.9,95.9,440,96.2,400,2400,1447520
FINNIFTY02JAN2421500PE.NFO,02/01/2024,09:19:39,96.75,96.7,720,96.9,480,4160,1447520
FINNIFTY02JAN2421500PE.NFO,02/01/2024,09:19:40,96.75,96.65,520,96.85,80,2160,1447520
FINNIFTY02JAN2421500PE.NFO,02/01/2024,09:19:41,96.15,96.2,440,96.45,320,600,1447520
FINNIFTY02JAN2421500PE.NFO,02/01/2024,09:19:42,96.35,96.6,400,96.75,200,920,1447520
FINNIFTY02JAN2421500PE.NFO,02/01/2024,09:19:43,96.85,96.85,120,97.05,360,2600,1447520
FINNIFTY02JAN2421500PE.NFO,02/01/2024,09:19:44,96.6,96.7,440,96.95,1160,2920,1447520
FINNIFTY02JAN2421500PE.NFO,02/01/2024,09:19:45,97,97,480,97.25,480,2760,1447520
FINNIFTY02JAN2421500PE.NFO,02/01/2024,09:19:46,96.55,96.45,440,96.7,1040,2320,1447520
FINNIFTY02JAN2421500PE.NFO,02/01/2024,09:19:47,95.8,95.8,40,96,400,2800,1447520
FINNIFTY02JAN2421500PE.NFO,02/01/2024,09:19:48,96.35,96,600,96.2,200,1480,1447520
FINNIFTY02JAN2421500PE.NFO,02/01/2024,09:19:49,95.75,95.55,200,95.75,360,3560,1447520
FINNIFTY02JAN2421500PE.NFO,02/01/2024,09:19:50,95.7,95.45,440,95.7,200,13480,1447520
FINNIFTY02JAN2421500PE.NFO,02/01/2024,09:19:51,96.05,96.05,600,96.25,240,5240,1447520
FINNIFTY02JAN2421500PE.NFO,02/01/2024,09:19:52,97.05,96.85,160,97.05,120,4560,1447520
FINNIFTY02JAN2421500PE.NFO,02/01/2024,09:19:53,98,97.95,800,98.25,880,6920,1447520
FINNIFTY02JAN2421500PE.NFO,02/01/2024,09:19:54,97.8,98.05,680,98.3,360,15920,1447520
FINNIFTY02JAN2421500PE.NFO,02/01/2024,09:19:55,97.5,97.25,120,97.45,120,1800,1447520
FINNIFTY02JAN2421500PE.NFO,02/01/2024,09:19:56,98.15,97.85,600,98,240,5080,1447520
FINNIFTY02JAN2421500PE.NFO,02/01/2024,09:19:57,98.75,98.5,40,98.7,400,1360,1447520
FINNIFTY02JAN2421500PE.NFO,02/01/2024,09:19:58,99,99,80,99.15,680,2600,1447520
FINNIFTY02JAN2421500PE.NFO,02/01/2024,09:19:59,98.75,98.85,760,99.05,400,10560,1447520
FINNIFTY02JAN2421500PE.NFO,02/01/2024,09:20:00,98.7,98.4,720,98.6,880,10400,1447520
FINNIFTY02JAN2421500PE.NFO,02/01/2024,09:20:01,99,99,1000,99.25,560,7240,1447520
FINNIFTY02JAN2421500PE.NFO,02/01/2024,09:20:02,99.15,99.05,240,99.2,920,8960,1447520
FINNIFTY02JAN2421500PE.NFO,02/01/2024,09:20:03,98.5,98.3,160,98.55,840,10160,1447520
FINNIFTY02JAN2421500PE.NFO,02/01/2024,09:20:04,97.55,97.65,360,97.8,40,2440,1447520
FINNIFTY02JAN2421500PE.NFO,02/01/2024,09:20:05,97.15,97.15,360,97.35,240,4200,1447520
FINNIFTY02JAN2421500PE.NFO,02/01/2024,09:20:06,96.4,96.4,520,96.65,160,1000,1447520
FINNIFTY02JAN2421500PE.NFO,02/01/2024,09:20:07,96.95,96.95,600,97.1,160,1800,1447520
FINNIFTY02JAN2421500PE.NFO,02/01/2024,09:20:08,96.6,96.6,320,96.85,760,2400,1447520
FINNIFTY02JAN2421500PE.NFO,02/01/2024,09:20:09,96.8,96.55,280,96.8,760,6440,1447520
FINNIFTY02JAN2421500PE.NFO,02/01/2024,09:20:10,96.25,96.05,1640,96.2,120,1120,1447520
FINNIFTY02JAN2421500PE.NFO,02/01/2024,09:20:11,96,95.95,240,96.05,160,6440,1447520
FINNIFTY02JAN2421500PE.NFO,02/01/2024,09:20:12,95.8,95.8,120,95.95,160,4440,1447520
FINNIFTY02JAN2421500PE.NFO,02/01/2024,09:20:13,95.55,95.45,680,95.6,160,6440,1447520
FINNIFTY02JAN2421500PE.NFO,02/01/2024,09:20:14,96.1,95.95,360,96.1,320,10520,1447520
FINNIFTY02JAN2421500PE.NFO,02/01/2024,09:20:15,95.25,95.25,120,95.5,1080,5560,1447520
FINNIFTY02JAN2421500PE.NFO,02/01/2024,09:20:16,96.1,96.3,120,96.5,120,2200,1447520
FINNIFTY02JAN2421500PE.NFO,02/01/2024,09:20:17,97.3,97.35,80,97.55,840,6240,1447520
FINNIFTY02JAN2421500PE.NFO,02/01/2024,09:20:18,97.05,97.05,560,97.2,680,5840,1447520
FINNIFTY02JAN2421500PE.NFO,02/01/2024,09:20:19,97.05,96.95,40,97.15,2760,2080,1447520
FINNIFTY02JAN2421500PE.NFO,02/01/2024,09:20:20,96.55,96.4,600,96.6,120,3760,1447520
FINNIFTY02JAN2421500PE.NFO,02/01/2024,09:20:21,96.8,96.8,480,97.05,280,2360,1447520
FINNIFTY02JAN2421500PE.NFO,02/01/2024,09:20:22,97.15,97.05,400,97.15,40,1360,1447520
FINNIFTY02JAN2421500PE.NFO,02/01/2024,09:20:23,97.3,97,400,97.2,80,720,1447520
FINNIFTY02JAN2421500PE.NFO,02/01/2024,09:20:24,97.65,97.45,320,97.65,680,6560,1447520
FINNIFTY02JAN2421500PE.NFO,02/01/2024,09:20:25,97.65,97.6,360,97.85,520,6560,1447520
FINNIFTY02JAN2421500PE.NFO,02/01/2024,09:20:26,98.1,97.85,120,98.1,1120,10200,1447520
FINNIFTY02JAN2421500PE.NFO,02/01/2024,09:20:27,98.5,98.2,80,98.4,160,10680,1460400
FINNIFTY02JAN2421500PE.NFO,02/01/2024,09:20:28,98.75,98.7,240,98.95,480,4360,1460400
FINNIFTY02JAN2421500PE.NFO,02/01/2024,09:20:29,98,97.85,360,98.1,320,6200,1460400
FINNIFTY02JAN2421500PE.NFO,02/01/2024,09:20:30,98.4,98.25,40,98.5,760,1080,1460400
FINNIFTY02JAN2421500PE.NFO,02/01/2024,09:20:31,98.75,98.5,520,98.75,360,2040,1460400
FINNIFTY02JAN2421500PE.NFO,02/01/2024,09:20:32,98.8,98.6,600,98.8,1120,1200,1460400
FINNIFTY02JAN2421500PE.NFO,02/01/2024,09:20:34,98.35,98.35,120,98.6,680,11960,1460400
FINNIFTY02JAN2421500PE.NFO,02/01/2024,09:20:34,98.2,98.3,120,98.55,640,1880,1460400
FINNIFTY02JAN2421500PE.NFO,02/01/2024,09:20:35,99,99.05,480,99.3,120,3240,1460400
FINNIFTY02JAN2421500PE.NFO,02/01/2024,09:20:36,98.95,98.65,640,98.9,720,1800,1460400
FINNIFTY02JAN2421500PE.NFO,02/01/2024,09:20:37,99.65,99.5,120,99.65,280,15960,1460400
FINNIFTY02JAN2421500PE.NFO,02/01/2024,09:20:38,99.2,98.95,40,99.15,320,10680,1460400
FINNIFTY02JAN2421500PE.NFO,02/01/2024,09:20:39,99.25,99,840,99.25,680,2840,1460400
FINNIFTY02JAN2421500PE.NFO,02/01/2024,09:20:41,98.3,98,5760,98.3,320,3080,1460400
FINNIFTY02JAN2421500PE.NFO,02/01/2024,09:20:41,98.05,98.05,360,98.3,320,560,1460400
FINNIFTY02JAN2421500PE.NFO,02/01/2024,09:20:42,98.05,98,760,98.2,40,11640,1460400
FINNIFTY02JAN2421500PE.NFO,02/01/2024,09:20:43,98.65,98.45,640,98.65,640,1520,1460400
FINNIFTY02JAN2421500PE.NFO,02/01/2024,09:20:44,97.3,97.3,200,97.45,240,320,1460400
FINNIFTY02JAN2421500PE.NFO,02/01/2024,09:20:45,97,96.9,40,97.05,960,3000,1460400
FINNIFTY02JAN2421500PE.NFO,02/01/2024,09:20:47,96.5,96.45,440,96.75,960,9520,1460400
FINNIFTY02JAN2421500PE.NFO,02/01/2024,09:20:48,96.55,96.55,80,96.75,320,6080,1460400
FINNIFTY02JAN2421500PE.NFO,02/01/2024,09:20:48,96.8,96.7,160,96.9,160,1600,1460400
FINNIFTY02JAN2421500PE.NFO,02/01/2024,09:20:49,96.7,96.5,200,96.7,80,2240,1460400
FINNIFTY02JAN2421500PE.NFO,02/01/2024,09:20:50,96.15,95.9,400,96.15,800,4680,1460400
FINNIFTY02JAN2421500PE.NFO,02/01/2024,09:20:51,95.8,95.65,160,95.8,160,3040,1460400
FINNIFTY02JAN2421500PE.NFO,02/01/2024,09:20:52,95.55,95.4,80,95.6,320,3600,1460400
FINNIFTY02JAN2421500PE.NFO,02/01/2024,09:20:53,95.5,95.45,160,95.65,200,5240,1460400
FINNIFTY02JAN2421500PE.NFO,02/01/2024,09:20:54,95.65,95.65,400,95.9,640,1800,1460400
FINNIFTY02JAN2421500PE.NFO,02/01/2024,09:20:55,96.55,96.3,1200,96.55,160,2600,1460400
FINNIFTY02JAN2421500PE.NFO,02/01/2024,09:20:56,95.65,95.45,280,95.7,120,2080,1460400
FINNIFTY02JAN2421500PE.NFO,02/01/2024,09:20:57,96.9,96.7,440,96.9,120,15720,1460400
FINNIFTY02JAN2421500PE.NFO,02/01/2024,09:20:59,96.7,96.55,880,96.8,40,6320,1460400
FINNIFTY02JAN2421500PE.NFO,02/01/2024,09:21:00,97.25,96.95,160,97.1,160,1960,1460400
FINNIFTY02JAN2421500PE.NFO,02/01/2024,09:21:00,97.25,97.1,240,97.35,40,600,1460400
FINNIFTY02JAN2421500PE.NFO,02/01/2024,09:21:01,96.6,96.3,920,96.6,440,6040,1460400
FINNIFTY02JAN2421500PE.NFO,02/01/2024,09:21:02,96.55,96.55,160,96.7,80,3800,1460400
FINNIFTY02JAN2421500PE.NFO,02/01/2024,09:21:03,96.05,95.8,840,96,240,2280,1460400
FINNIFTY02JAN2421500PE.NFO,02/01/2024,09:21:04,95.35,95.25,520,95.4,200,7120,1460400
FINNIFTY02JAN2421500PE.NFO,02/01/2024,09:21:05,93.15,93.1,40,93.25,40,32960,1460400
FINNIFTY02JAN2421500PE.NFO,02/01/2024,09:21:06,92.1,91.85,240,92.1,40,23120,1460400
FINNIFTY02JAN2421500PE.NFO,02/01/2024,09:21:07,91.8,91.8,40,91.95,680,126640,1460400
FINNIFTY02JAN2421500PE.NFO,02/01/2024,09:21:08,91.5,91.5,80,91.6,160,19240,1460400
FINNIFTY02JAN2421500PE.NFO,02/01/2024,09:21:09,91.45,91.4,1440,91.65,200,16600,1460400
FINNIFTY02JAN2421500PE.NFO,02/01/2024,09:21:10,90.5,90.5,680,90.7,240,8160,1460400
FINNIFTY02JAN2421500PE.NFO,02/01/2024,09:21:11,90,89.75,200,89.95,640,25640,1460400
FINNIFTY02JAN2421500PE.NFO,02/01/2024,09:21:12,89.65,89.45,640,89.65,480,14480,1460400
FINNIFTY02JAN2421500PE.NFO,02/01/2024,09:21:13,90.1,90.15,160,90.4,1600,14920,1460400
FINNIFTY02JAN2421500PE.NFO,02/01/2024,09:21:14,91.05,90.8,680,91.05,800,9280,1460400
FINNIFTY02JAN2421500PE.NFO,02/01/2024,09:21:15,90.85,90.8,1160,91.1,280,3960,1460400
FINNIFTY02JAN2421500PE.NFO,02/01/2024,09:21:16,92.2,92.2,80,92.3,40,10280,1460400
FINNIFTY02JAN2421500PE.NFO,02/01/2024,09:21:17,91.8,91.95,1160,92.2,40,6040,1460400
FINNIFTY02JAN2421500PE.NFO,02/01/2024,09:21:18,91.4,91.4,840,91.55,120,5160,1460400
FINNIFTY02JAN2421500PE.NFO,02/01/2024,09:21:19,91.2,91.2,680,91.45,200,9920,1460400
FINNIFTY02JAN2421500PE.NFO,02/01/2024,09:21:20,91.55,91.65,120,91.8,40,6080,1460400
FINNIFTY02JAN2421500PE.NFO,02/01/2024,09:21:21,91.4,91.45,720,91.7,480,3120,1460400
FINNIFTY02JAN2421500PE.NFO,02/01/2024,09:21:22,90.85,90.75,160,90.95,840,5680,1460400
FINNIFTY02JAN2421500PE.NFO,02/01/2024,09:21:23,90.6,90.3,320,90.55,680,9720,1460400
FINNIFTY02JAN2421500PE.NFO,02/01/2024,09:21:24,89.7,89.75,680,89.95,1000,5080,1460400
FINNIFTY02JAN2421500PE.NFO,02/01/2024,09:21:25,89.25,89.2,160,89.4,760,8280,1460400
FINNIFTY02JAN2421500PE.NFO,02/01/2024,09:21:26,88.4,88.3,280,88.55,160,16160,1460400
FINNIFTY02JAN2421500PE.NFO,02/01/2024,09:21:27,86.8,86.6,200,86.8,160,36320,1460400
FINNIFTY02JAN2421500PE.NFO,02/01/2024,09:21:28,85.4,85.05,480,85.35,560,65600,1460400
FINNIFTY02JAN2421500PE.NFO,02/01/2024,09:21:29,86,86,200,86.05,40,19760,1460400
FINNIFTY02JAN2421500PE.NFO,02/01/2024,09:21:30,87.35,87.2,80,87.4,80,37160,1460400
FINNIFTY02JAN2421500PE.NFO,02/01/2024,09:21:31,85.95,86.05,880,86.3,680,16720,1460400
FINNIFTY02JAN2421500PE.NFO,02/01/2024,09:21:32,86.35,86.1,400,86.3,720,4960,1460400
FINNIFTY02JAN2421500PE.NFO,02/01/2024,09:21:33,84.65,84.75,200,84.9,160,13640,1460400
FINNIFTY02JAN2421500PE.NFO,02/01/2024,09:21:34,85.6,85.5,160,85.7,200,11360,1460400
FINNIFTY02JAN2421500PE.NFO,02/01/2024,09:21:35,86.15,86,80,86.2,40,6840,1460400
FINNIFTY02JAN2421500PE.NFO,02/01/2024,09:21:36,87.55,87.45,160,87.65,200,13600,1460400
FINNIFTY02JAN2421500PE.NFO,02/01/2024,09:21:37,87.45,87.45,40,87.55,200,15720,1460400
FINNIFTY02JAN2421500PE.NFO,02/01/2024,09:21:38,87.45,87.25,200,87.4,160,16360,1460400
FINNIFTY02JAN2421500PE.NFO,02/01/2024,09:21:39,87.5,87.4,1200,87.65,840,12000,1460400
FINNIFTY02JAN2421500PE.NFO,02/01/2024,09:21:40,87.75,87.65,800,87.85,200,5200,1460400
FINNIFTY02JAN2421500PE.NFO,02/01/2024,09:21:41,87.65,87.7,40,87.9,280,5280,1460400
FINNIFTY02JAN2421500PE.NFO,02/01/2024,09:21:42,88.2,88.25,600,88.45,240,8240,1460400
FINNIFTY02JAN2421500PE.NFO,02/01/2024,09:21:43,88.6,88.7,80,88.8,280,4240,1460400
FINNIFTY02JAN2421500PE.NFO,02/01/2024,09:21:44,88.3,88.25,840,88.5,880,7720,1460400
FINNIFTY02JAN2421500PE.NFO,02/01/2024,09:21:45,88.45,88.45,80,88.65,280,8840,1460400
FINNIFTY02JAN2421500PE.NFO,02/01/2024,09:21:46,88.4,88.3,280,88.4,40,6680,1460400
FINNIFTY02JAN2421500PE.NFO,02/01/2024,09:21:47,88.6,88.5,120,88.7,200,4840,1460400
FINNIFTY02JAN2421500PE.NFO,02/01/2024,09:21:48,88.5,88.5,400,88.75,480,7040,1460400
FINNIFTY02JAN2421500PE.NFO,02/01/2024,09:21:49,88.1,88.05,2320,88.35,920,6640,1460400
FINNIFTY02JAN2421500PE.NFO,02/01/2024,09:21:50,88.4,88.2,240,88.4,640,14040,1460400
FINNIFTY02JAN2421500PE.NFO,02/01/2024,09:21:51,88.25,88.35,760,88.5,120,7120,1460400
FINNIFTY02JAN2421500PE.NFO,02/01/2024,09:21:52,88.1,88,400,88.2,440,5760,1460400
FINNIFTY02JAN2421500PE.NFO,02/01/2024,09:21:54,88.15,88.25,120,88.45,160,7520,1460400
FINNIFTY02JAN2421500PE.NFO,02/01/2024,09:21:55,88.2,88.1,120,88.3,320,9760,1460400
FINNIFTY02JAN2421500PE.NFO,02/01/2024,09:21:56,87.95,87.7,40,87.9,200,11440,1460400
FINNIFTY02JAN2421500PE.NFO,02/01/2024,09:21:57,87.6,87.45,280,87.65,80,6720,1460400
FINNIFTY02JAN2421500PE.NFO,02/01/2024,09:21:58,86.7,86.75,240,86.9,160,20520,1460400
FINNIFTY02JAN2421500PE.NFO,02/01/2024,09:21:59,86.5,86.25,280,86.45,40,2360,1460400
FINNIFTY02JAN2421500PE.NFO,02/01/2024,09:22:00,86.3,86.4,560,86.6,120,8480,1460400
FINNIFTY02JAN2421500PE.NFO,02/01/2024,09:22:01,87.1,86.9,520,87.2,240,23800,1460400
FINNIFTY02JAN2421500PE.NFO,02/01/2024,09:22:02,87.15,87,280,87.2,360,9240,1460400
FINNIFTY02JAN2421500PE.NFO,02/01/2024,09:22:03,87.2,87.1,560,87.3,40,3640,1460400
FINNIFTY02JAN2421500PE.NFO,02/01/2024,09:22:03,86.55,86.5,120,86.75,120,1120,1460400
FINNIFTY02JAN2421500PE.NFO,02/01/2024,09:22:04,87,87.2,720,87.4,360,5880,1460400
FINNIFTY02JAN2421500PE.NFO,02/01/2024,09:22:05,86.9,86.85,280,87,680,5360,1460400
FINNIFTY02JAN2421500PE.NFO,02/01/2024,09:22:06,87.35,87.4,440,87.6,40,7480,1460400
FINNIFTY02JAN2421500PE.NFO,02/01/2024,09:22:07,87.75,87.8,480,88.05,400,5120,1460400
FINNIFTY02JAN2421500PE.NFO,02/01/2024,09:22:08,88.25,88,120,88.25,360,4120,1460400
FINNIFTY02JAN2421500PE.NFO,02/01/2024,09:22:09,88.2,88.05,80,88.2,40,3680,1460400
FINNIFTY02JAN2421500PE.NFO,02/01/2024,09:22:10,88.15,87.95,120,88.15,120,5840,1460400
FINNIFTY02JAN2421500PE.NFO,02/01/2024,09:22:12,87.75,87.6,440,87.85,600,4440,1460400
FINNIFTY02JAN2421500PE.NFO,02/01/2024,09:22:13,87.3,87.25,1440,87.55,360,11800,1460400
FINNIFTY02JAN2421500PE.NFO,02/01/2024,09:22:13,87,87.1,320,87.35,440,2080,1460400
FINNIFTY02JAN2421500PE.NFO,02/01/2024,09:22:14,87.9,87.65,80,87.9,1400,8080,1460400
FINNIFTY02JAN2421500PE.NFO,02/01/2024,09:22:15,88.2,87.9,440,88.15,520,4080,1460400
FINNIFTY02JAN2421500PE.NFO,02/01/2024,09:22:16,89.1,89.1,280,89.3,480,9840,1460400
FINNIFTY02JAN2421500PE.NFO,02/01/2024,09:22:18,89.55,89.6,120,89.7,200,6520,1460400
FINNIFTY02JAN2421500PE.NFO,02/01/2024,09:22:19,89.55,89.4,240,89.6,1320,6240,1460400
FINNIFTY02JAN2421500PE.NFO,02/01/2024,09:22:20,89.1,88.95,840,89.25,1040,3360,1460400
FINNIFTY02JAN2421500PE.NFO,02/01/2024,09:22:21,89.6,89.4,40,89.6,280,2920,1460400
FINNIFTY02JAN2421500PE.NFO,02/01/2024,09:22:22,89.2,89.05,240,89.2,40,8720,1460400
FINNIFTY02JAN2421500PE.NFO,02/01/2024,09:22:22,88.95,89,120,89.25,600,1120,1460400
FINNIFTY02JAN2421500PE.NFO,02/01/2024,09:22:23,90.35,90.1,320,90.35,1000,10040,1460400
FINNIFTY02JAN2421500PE.NFO,02/01/2024,09:22:24,90.05,90.1,200,90.3,200,6840,1460400
FINNIFTY02JAN2421500PE.NFO,02/01/2024,09:22:26,90.7,90.6,1200,90.9,440,11400,1460400
FINNIFTY02JAN2421500PE.NFO,02/01/2024,09:22:27,90.45,90.4,800,90.65,160,6640,1460400
FINNIFTY02JAN2421500PE.NFO,02/01/2024,09:22:27,91,90.85,320,91,40,2600,1460400
FINNIFTY02JAN2421500PE.NFO,02/01/2024,09:22:28,92.35,92.1,280,92.35,200,11840,1460400
FINNIFTY02JAN2421500PE.NFO,02/01/2024,09:22:29,92.35,92.4,240,92.6,200,3600,1460400
FINNIFTY02JAN2421500PE.NFO,02/01/2024,09:22:30,91.85,91.35,840,91.6,240,3680,1460400
FINNIFTY02JAN2421500PE.NFO,02/01/2024,09:22:31,92,91.75,720,91.95,240,5160,1460400
FINNIFTY02JAN2421500PE.NFO,02/01/2024,09:22:32,91.7,91.7,1320,91.95,40,4880,1460400
FINNIFTY02JAN2421500PE.NFO,02/01/2024,09:22:33,92.85,92.7,800,92.9,40,5400,1460400
FINNIFTY02JAN2421500PE.NFO,02/01/2024,09:22:34,92.95,92.9,320,93.15,880,8360,1460400
FINNIFTY02JAN2421500PE.NFO,02/01/2024,09:22:35,93.9,94,120,94.2,320,5480,1460400
FINNIFTY02JAN2421500PE.NFO,02/01/2024,09:22:36,93.85,93.8,920,94.05,760,6400,1460400
FINNIFTY02JAN2421500PE.NFO,02/01/2024,09:22:37,93.4,93.15,240,93.45,760,17080,1460400
FINNIFTY02JAN2421500PE.NFO,02/01/2024,09:22:38,93.75,93.2,1240,93.5,1040,10320,1460400
FINNIFTY02JAN2421500PE.NFO,02/01/2024,09:22:39,93.2,93,2640,93.25,40,8560,1460400
FINNIFTY02JAN2421500PE.NFO,02/01/2024,09:22:41,93,92.85,640,93.1,240,6240,1460400
FINNIFTY02JAN2421500PE.NFO,02/01/2024,09:22:42,93.5,93.45,760,93.7,80,8360,1460400
FINNIFTY02JAN2421500PE.NFO,02/01/2024,09:22:43,93.5,93.25,240,93.5,280,7960,1460400
FINNIFTY02JAN2421500PE.NFO,02/01/2024,09:22:44,93.75,93.6,480,93.85,920,7280,1460400
FINNIFTY02JAN2421500PE.NFO,02/01/2024,09:22:45,93.05,93.05,480,93.35,480,8240,1460400
FINNIFTY02JAN2421500PE.NFO,02/01/2024,09:22:46,93.55,93.4,320,93.55,80,6200,1460400
FINNIFTY02JAN2421500PE.NFO,02/01/2024,09:22:47,92.55,92.35,720,92.6,800,26040,1460400
FINNIFTY02JAN2421500PE.NFO,02/01/2024,09:22:48,92.8,92.55,40,92.8,880,5320,1460400
FINNIFTY02JAN2421500PE.NFO,02/01/2024,09:22:49,93.45,93.4,160,93.5,1280,4520,1460400
FINNIFTY02JAN2421500PE.NFO,02/01/2024,09:22:50,93.25,93.3,360,93.4,80,4000,1460400
FINNIFTY02JAN2421500PE.NFO,02/01/2024,09:22:51,92.9,92.75,40,92.85,120,6160,1460400
FINNIFTY02JAN2421500PE.NFO,02/01/2024,09:22:52,92,91.9,520,92.05,480,40680,1460400
FINNIFTY02JAN2421500PE.NFO,02/01/2024,09:22:53,91.7,91.6,280,91.75,80,5440,1460400
FINNIFTY02JAN2421500PE.NFO,02/01/2024,09:22:54,91.45,91.5,80,91.7,1440,4280,1460400
FINNIFTY02JAN2421500PE.NFO,02/01/2024,09:22:55,92.4,92.25,40,92.45,480,3040,1460400
FINNIFTY02JAN2421500PE.NFO,02/01/2024,09:22:56,92,92,1040,92.2,40,1280,1460400
FINNIFTY02JAN2421500PE.NFO,02/01/2024,09:22:57,92,92,840,92.25,320,5960,1460400
FINNIFTY02JAN2421500PE.NFO,02/01/2024,09:22:58,90.85,90.8,160,91,200,7640,1460400
FINNIFTY02JAN2421500PE.NFO,02/01/2024,09:22:59,91.1,90.9,280,91.15,1280,3680,1460400
FINNIFTY02JAN2421500PE.NFO,02/01/2024,09:23:00,91.45,91.75,80,91.95,280,1880,1460400
FINNIFTY02JAN2421500PE.NFO,02/01/2024,09:23:01,91.75,91.4,760,91.7,1720,5880,1460400
FINNIFTY02JAN2421500PE.NFO,02/01/2024,09:23:02,91.7,91.55,400,91.75,240,19920,1460400
FINNIFTY02JAN2421500PE.NFO,02/01/2024,09:23:03,92.35,92.2,360,92.4,480,1200,1460400
FINNIFTY02JAN2421500PE.NFO,02/01/2024,09:23:04,92.1,92,40,92.1,40,1840,1460400
FINNIFTY02JAN2421500PE.NFO,02/01/2024,09:23:05,91.35,91.35,40,91.5,240,4880,1460400
FINNIFTY02JAN2421500PE.NFO,02/01/2024,09:23:06,90.65,90.6,360,90.65,480,6000,1460400
FINNIFTY02JAN2421500PE.NFO,02/01/2024,09:23:07,89.3,89.35,360,89.55,40,24520,1460400
FINNIFTY02JAN2421500PE.NFO,02/01/2024,09:23:08,88.45,88.3,200,88.55,800,11200,1460400
FINNIFTY02JAN2421500PE.NFO,02/01/2024,09:23:09,88.35,88.2,1360,88.5,1080,4720,1460400
FINNIFTY02JAN2421500PE.NFO,02/01/2024,09:23:10,88.75,88.75,80,88.95,400,21720,1460400
FINNIFTY02JAN2421500PE.NFO,02/01/2024,09:23:11,89.7,89.5,600,89.7,40,9440,1460400
FINNIFTY02JAN2421500PE.NFO,02/01/2024,09:23:12,90,89.7,840,89.95,320,2240,1460400
FINNIFTY02JAN2421500PE.NFO,02/01/2024,09:23:13,89.2,89,520,89.2,80,8280,1460400
FINNIFTY02JAN2421500PE.NFO,02/01/2024,09:23:14,88.95,88.9,120,89.1,40,3840,1460400
FINNIFTY02JAN2421500PE.NFO,02/01/2024,09:23:15,89.05,88.8,800,89.05,280,5160,1460400
FINNIFTY02JAN2421500PE.NFO,02/01/2024,09:23:16,88.9,88.55,480,88.8,160,1840,1460400
FINNIFTY02JAN2421500PE.NFO,02/01/2024,09:23:17,87.55,87.35,80,87.55,40,8320,1460400
FINNIFTY02JAN2421500PE.NFO,02/01/2024,09:23:18,88.3,88.05,840,88.25,80,9480,1460400
FINNIFTY02JAN2421500PE.NFO,02/01/2024,09:23:19,88.55,88.55,1320,88.8,280,25720,1460400
FINNIFTY02JAN2421500PE.NFO,02/01/2024,09:23:20,88.45,88.4,680,88.6,40,3240,1460400
FINNIFTY02JAN2421500PE.NFO,02/01/2024,09:23:21,88.75,88.95,160,89.1,240,2040,1460400
FINNIFTY02JAN2421500PE.NFO,02/01/2024,09:23:22,88.9,88.9,840,89.1,200,4600,1460400
FINNIFTY02JAN2421500PE.NFO,02/01/2024,09:23:23,88.55,88.45,640,88.6,280,2840,1460400
FINNIFTY02JAN2421500PE.NFO,02/01/2024,09:23:24,88.55,88.35,120,88.6,80,1440,1460400
FINNIFTY02JAN2421500PE.NFO,02/01/2024,09:23:25,88.7,88.45,320,88.7,240,3880,1460400
FINNIFTY02JAN2421500PE.NFO,02/01/2024,09:23:26,89.45,89.35,400,89.55,160,21560,1460400
FINNIFTY02JAN2421500PE.NFO,02/01/2024,09:23:27,89.2,89.15,1120,89.45,360,13880,1460400
FINNIFTY02JAN2421500PE.NFO,02/01/2024,09:23:28,89.6,89.45,640,89.7,80,800,1709880
FINNIFTY02JAN2421500PE.NFO,02/01/2024,09:23:29,90.5,90.3,320,90.5,40,4080,1709880
FINNIFTY02JAN2421500PE.NFO,02/01/2024,09:23:30,90.85,90.85,1040,91.05,120,12360,1709880
FINNIFTY02JAN2421500PE.NFO,02/01/2024,09:23:30,90.45,90.5,120,90.65,280,800,1709880
FINNIFTY02JAN2421500PE.NFO,02/01/2024,09:23:31,89.95,89.7,640,89.95,400,2160,1709880
FINNIFTY02JAN2421500PE.NFO,02/01/2024,09:23:32,89.2,89.2,360,89.3,560,1960,1709880
FINNIFTY02JAN2421500PE.NFO,02/01/2024,09:23:33,89.2,88.95,800,89.2,160,3960,1709880
FINNIFTY02JAN2421500PE.NFO,02/01/2024,09:23:34,89.35,89.3,40,89.5,240,3160,1709880
FINNIFTY02JAN2421500PE.NFO,02/01/2024,09:23:35,89.6,89.4,680,89.6,400,2400,1709880
FINNIFTY02JAN2421500PE.NFO,02/01/2024,09:23:37,88.75,88.6,1240,88.85,280,1360,1709880
FINNIFTY02JAN2421500PE.NFO,02/01/2024,09:23:38,88.3,88.3,40,88.5,760,2160,1709880
FINNIFTY02JAN2421500PE.NFO,02/01/2024,09:23:38,88.2,88.25,80,88.35,40,11400,1709880
FINNIFTY02JAN2421500PE.NFO,02/01/2024,09:23:39,88.6,88.35,880,88.6,200,11120,1709880
FINNIFTY02JAN2421500PE.NFO,02/01/2024,09:23:40,88.5,88.55,560,88.75,200,3920,1709880
FINNIFTY02JAN2421500PE.NFO,02/01/2024,09:23:41,89.2,89,920,89.25,240,1360,1709880
FINNIFTY02JAN2421500PE.NFO,02/01/2024,09:23:42,89.65,89.7,120,89.85,40,1960,1709880
FINNIFTY02JAN2421500PE.NFO,02/01/2024,09:23:43,89.8,89.4,40,89.55,200,880,1709880
FINNIFTY02JAN2421500PE.NFO,02/01/2024,09:23:44,89.25,89.2,1280,89.4,40,2400,1709880
FINNIFTY02JAN2421500PE.NFO,02/01/2024,09:23:45,89.5,89.25,1000,89.5,600,2320,1709880
FINNIFTY02JAN2421500PE.NFO,02/01/2024,09:23:46,89.5,89.5,280,89.65,1400,4280,1709880
FINNIFTY02JAN2421500PE.NFO,02/01/2024,09:23:48,90.35,90.45,960,90.65,120,2120,1709880
FINNIFTY02JAN2421500PE.NFO,02/01/2024,09:23:49,90.3,90.15,960,90.4,560,1800,1709880
FINNIFTY02JAN2421500PE.NFO,02/01/2024,09:23:49,90.7,90.6,80,90.8,120,640,1709880
FINNIFTY02JAN2421500PE.NFO,02/01/2024,09:23:50,90.75,90.4,680,90.6,440,2240,1709880
FINNIFTY02JAN2421500PE.NFO,02/01/2024,09:23:51,90.6,90.5,40,90.7,320,5480,1709880
FINNIFTY02JAN2421500PE.NFO,02/01/2024,09:23:53,90.05,89.95,1480,90.2,80,2240,1709880
FINNIFTY02JAN2421500PE.NFO,02/01/2024,09:23:54,90.6,90.35,680,90.55,40,11600,1709880
FINNIFTY02JAN2421500PE.NFO,02/01/2024,09:23:55,90.8,90.5,40,90.75,320,640,1709880
FINNIFTY02JAN2421500PE.NFO,02/01/2024,09:23:56,90.95,90.8,80,91,960,1640,1709880
FINNIFTY02JAN2421500PE.NFO,02/01/2024,09:23:57,91,90.9,680,91.1,200,2720,1709880
FINNIFTY02JAN2421500PE.NFO,02/01/2024,09:23:57,90.95,91,920,91.15,80,1720,1709880
FINNIFTY02JAN2421500PE.NFO,02/01/2024,09:23:58,91.75,91.55,360,91.8,280,3520,1709880
FINNIFTY02JAN2421500PE.NFO,02/01/2024,09:23:59,91.6,91.65,360,91.9,40,4120,1709880
FINNIFTY02JAN2421500PE.NFO,02/01/2024,09:24:00,92.1,91.85,280,92.15,480,18560,1709880
FINNIFTY02JAN2421500PE.NFO,02/01/2024,09:24:01,92.75,92.6,240,92.75,40,5080,1709880
FINNIFTY02JAN2421500PE.NFO,02/01/2024,09:24:02,92.65,92.7,840,92.9,40,3280,1709880
FINNIFTY02JAN2421500PE.NFO,02/01/2024,09:24:04,92.6,92.55,360,92.8,160,4760,1709880
FINNIFTY02JAN2421500PE.NFO,02/01/2024,09:24:05,92.25,91.9,120,92.15,280,10880,1709880
FINNIFTY02JAN2421500PE.NFO,02/01/2024,09:24:06,91.45,91.2,720,91.45,400,7560,1709880
FINNIFTY02JAN2421500PE.NFO,02/01/2024,09:24:07,91.15,91.5,200,91.75,320,4400,1709880
FINNIFTY02JAN2421500PE.NFO,02/01/2024,09:24:07,91.75,91.7,160,91.75,40,920,1709880
FINNIFTY02JAN2421500PE.NFO,02/01/2024,09:24:08,91.7,91.5,240,91.7,40,3800,1709880
FINNIFTY02JAN2421500PE.NFO,02/01/2024,09:24:09,91.6,91.4,280,91.65,920,3160,1709880
FINNIFTY02JAN2421500PE.NFO,02/01/2024,09:24:10,91,91,2960,91.25,600,7560,1709880
FINNIFTY02JAN2421500PE.NFO,02/01/2024,09:24:12,90.6,90.5,1760,90.75,680,5000,1709880
FINNIFTY02JAN2421500PE.NFO,02/01/2024,09:24:13,90.25,90.15,840,90.4,160,5320,1709880
FINNIFTY02JAN2421500PE.NFO,02/01/2024,09:24:14,90.25,90.15,880,90.4,320,2840,1709880
FINNIFTY02JAN2421500PE.NFO,02/01/2024,09:24:14,90.25,90.05,1040,90.25,40,80,1709880
FINNIFTY02JAN2421500PE.NFO,02/01/2024,09:24:15,90.95,90.8,800,91,1240,9440,1709880
FINNIFTY02JAN2421500PE.NFO,02/01/2024,09:24:17,91.25,91.35,880,91.6,280,1920,1709880
FINNIFTY02JAN2421500PE.NFO,02/01/2024,09:24:18,91.45,91.4,800,91.7,680,920,1709880
FINNIFTY02JAN2421500PE.NFO,02/01/2024,09:24:19,91.7,91.65,160,91.9,480,2320,1709880
FINNIFTY02JAN2421500PE.NFO,02/01/2024,09:24:20,92.15,92.15,160,92.25,40,2680,1709880
FINNIFTY02JAN2421500PE.NFO,02/01/2024,09:24:21,92.75,92.6,920,92.9,440,4040,1709880
FINNIFTY02JAN2421500PE.NFO,02/01/2024,09:24:22,93.2,92.95,360,93.2,640,6560,1709880
FINNIFTY02JAN2421500PE.NFO,02/01/2024,09:24:23,93.5,93.2,80,93.45,440,2640,1709880
FINNIFTY02JAN2421500PE.NFO,02/01/2024,09:24:24,93.65,93.7,160,93.85,560,3720,1709880
FINNIFTY02JAN2421500PE.NFO,02/01/2024,09:24:25,93.6,93.35,720,93.55,1280,7960,1709880
FINNIFTY02JAN2421500PE.NFO,02/01/2024,09:24:26,93.4,93.45,600,93.65,40,4000,1709880
FINNIFTY02JAN2421500PE.NFO,02/01/2024,09:24:27,93.4,93.65,1480,93.9,920,4440,1709880
FINNIFTY02JAN2421500PE.NFO,02/01/2024,09:24:28,93.6,93.4,720,93.65,120,12280,1709880
FINNIFTY02JAN2421500PE.NFO,02/01/2024,09:24:28,93.45,93.4,600,93.65,160,160,1709880
FINNIFTY02JAN2421500PE.NFO,02/01/2024,09:24:29,93.25,93.15,800,93.45,720,1920,1709880
FINNIFTY02JAN2421500PE.NFO,02/01/2024,09:24:30,93.65,93.5,1600,93.65,40,4320,1709880
FINNIFTY02JAN2421500PE.NFO,02/01/2024,09:24:31,93.3,93.3,640,93.5,720,3480,1709880
FINNIFTY02JAN2421500PE.NFO,02/01/2024,09:24:32,93.4,93.15,120,93.4,800,8800,1709880
FINNIFTY02JAN2421500PE.NFO,02/01/2024,09:24:33,93.35,93.3,520,93.5,120,31320,1709880
FINNIFTY02JAN2421500PE.NFO,02/01/2024,09:24:35,93.3,93.35,360,93.6,1040,3680,1709880
FINNIFTY02JAN2421500PE.NFO,02/01/2024,09:24:36,93.15,93.15,80,93.4,880,2840,1709880
FINNIFTY02JAN2421500PE.NFO,02/01/2024,09:24:37,91.7,91.8,760,92,160,4280,1709880
FINNIFTY02JAN2421500PE.NFO,02/01/2024,09:24:37,91.7,91.6,80,91.7,480,480,1709880
FINNIFTY02JAN2421500PE.NFO,02/01/2024,09:24:38,91.75,91.5,640,91.7,480,3040,1709880
FINNIFTY02JAN2421500PE.NFO,02/01/2024,09:24:40,92.15,92.05,720,92.3,760,2760,1709880
FINNIFTY02JAN2421500PE.NFO,02/01/2024,09:24:41,91.8,91.8,1120,92.05,200,6240,1709880
FINNIFTY02JAN2421500PE.NFO,02/01/2024,09:24:42,92.1,91.85,840,92.1,600,12160,1709880
FINNIFTY02JAN2421500PE.NFO,02/01/2024,09:24:42,91.55,91.55,1040,91.75,320,4880,1709880
FINNIFTY02JAN2421500PE.NFO,02/01/2024,09:24:43,91.25,91.15,80,91.35,760,8640,1709880
FINNIFTY02JAN2421500PE.NFO,02/01/2024,09:24:45,91.65,91.45,760,91.7,1440,3200,1709880
FINNIFTY02JAN2421500PE.NFO,02/01/2024,09:24:46,91.2,90.95,840,91.2,1280,2000,1709880
FINNIFTY02JAN2421500PE.NFO,02/01/2024,09:24:47,91.5,91.3,160,91.55,1160,4360,1709880
FINNIFTY02JAN2421500PE.NFO,02/01/2024,09:24:47,91.5,91.25,560,91.5,360,40,1709880
FINNIFTY02JAN2421500PE.NFO,02/01/2024,09:24:48,90.85,90.8,120,90.95,160,22880,1709880
FINNIFTY02JAN2421500PE.NFO,02/01/2024,09:24:50,90,90,520,90.1,640,5640,1709880
FINNIFTY02JAN2421500PE.NFO,02/01/2024,09:24:51,90.2,90.2,880,90.4,80,11960,1709880
FINNIFTY02JAN2421500PE.NFO,02/01/2024,09:24:52,90.9,90.9,320,91,1560,5440,1709880
FINNIFTY02JAN2421500PE.NFO,02/01/2024,09:24:52,91,91.05,160,91.15,40,1800,1709880
FINNIFTY02JAN2421500PE.NFO,02/01/2024,09:24:53,90.75,90.7,520,90.85,120,1120,1709880
FINNIFTY02JAN2421500PE.NFO,02/01/2024,09:24:55,91.7,91.6,120,91.8,600,3000,1709880
FINNIFTY02JAN2421500PE.NFO,02/01/2024,09:24:56,92.75,92.75,80,92.9,440,4880,1709880
FINNIFTY02JAN2421500PE.NFO,02/01/2024,09:24:57,92.6,92.45,1760,92.75,800,5240,1709880
FINNIFTY02JAN2421500PE.NFO,02/01/2024,09:24:57,92.55,92.35,280,92.6,520,240,1709880
FINNIFTY02JAN2421500PE.NFO,02/01/2024,09:24:58,92.9,93.05,200,93.25,560,4240,1709880
FINNIFTY02JAN2421500PE.NFO,02/01/2024,09:25:00,92.8,93,920,93.25,40,4040,1709880
FINNIFTY02JAN2421500PE.NFO,02/01/2024,09:25:01,93.7,93.7,40,93.9,480,20360,1709880
FINNIFTY02JAN2421500PE.NFO,02/01/2024,09:25:02,93.35,93.1,1240,93.4,1120,7920,1709880
FINNIFTY02JAN2421500PE.NFO,02/01/2024,09:25:02,92.95,92.9,120,93.1,480,1360,1709880
FINNIFTY02JAN2421500PE.NFO,02/01/2024,09:25:03,92,91.95,520,92.2,240,3040,1709880
FINNIFTY02JAN2421500PE.NFO,02/01/2024,09:25:04,93.25,92.9,840,93.15,40,2680,1709880
FINNIFTY02JAN2421500PE.NFO,02/01/2024,09:25:05,92.95,93,200,93.2,120,3440,1709880
FINNIFTY02JAN2421500PE.NFO,02/01/2024,09:25:06,92.85,92.6,1240,92.85,560,3600,1709880
FINNIFTY02JAN2421500PE.NFO,02/01/2024,09:25:07,92.1,91.85,960,92.1,360,3040,1709880
FINNIFTY02JAN2421500PE.NFO,02/01/2024,09:25:08,91.8,92.1,720,92.35,280,1640,1709880
FINNIFTY02JAN2421500PE.NFO,02/01/2024,09:25:09,92.3,92.35,1080,92.6,360,5640,1709880
FINNIFTY02JAN2421500PE.NFO,02/01/2024,09:25:10,93.05,93.05,560,93.25,80,4680,1709880
FINNIFTY02JAN2421500PE.NFO,02/01/2024,09:25:11,93.3,93.05,840,93.25,440,2840,1709880
FINNIFTY02JAN2421500PE.NFO,02/01/2024,09:25:12,92.9,92.65,920,92.95,480,1640,1709880
FINNIFTY02JAN2421500PE.NFO,02/01/2024,09:25:14,92.85,92.85,40,93.1,1040,7800,1709880
FINNIFTY02JAN2421500PE.NFO,02/01/2024,09:25:15,93.3,93.1,440,93.35,1200,4400,1709880
FINNIFTY02JAN2421500PE.NFO,02/01/2024,09:25:16,93.45,93.15,760,93.45,1000,1240,1709880
FINNIFTY02JAN2421500PE.NFO,02/01/2024,09:25:16,93.5,93.2,560,93.45,240,80,1709880
FINNIFTY02JAN2421500PE.NFO,02/01/2024,09:25:17,92.85,92.9,40,92.95,1920,7920,1709880
FINNIFTY02JAN2421500PE.NFO,02/01/2024,09:25:18,92.6,92.6,320,92.75,560,3600,1709880
FINNIFTY02JAN2421500PE.NFO,02/01/2024,09:25:19,92.95,92.8,40,92.95,40,920,1709880
FINNIFTY02JAN2421500PE.NFO,02/01/2024,09:25:20,92.25,92.2,400,92.45,920,1400,1709880
FINNIFTY02JAN2421500PE.NFO,02/01/2024,09:25:21,91.9,91.65,1400,91.95,1080,5440,1709880
FINNIFTY02JAN2421500PE.NFO,02/01/2024,09:25:23,92.1,91.85,320,92,120,3680,1709880
FINNIFTY02JAN2421500PE.NFO,02/01/2024,09:25:24,91.95,91.75,480,91.95,40,4560,1709880
FINNIFTY02JAN2421500PE.NFO,02/01/2024,09:25:25,92.25,92,480,92.25,880,1320,1709880
FINNIFTY02JAN2421500PE.NFO,02/01/2024,09:25:26,91.95,91.9,80,92.1,1040,1360,1709880
FINNIFTY02JAN2421500PE.NFO,02/01/2024,09:25:27,90.55,90.75,960,91,320,5320,1709880
FINNIFTY02JAN2421500PE.NFO,02/01/2024,09:25:28,91,91.15,560,91.3,120,2080,1709880
FINNIFTY02JAN2421500PE.NFO,02/01/2024,09:25:29,90.95,90.65,680,90.9,640,200,1709880
FINNIFTY02JAN2421500PE.NFO,02/01/2024,09:25:30,90.5,90.5,80,90.7,720,3120,1709880
FINNIFTY02JAN2421500PE.NFO,02/01/2024,09:25:30,90.8,90.6,240,90.85,680,200,1709880
FINNIFTY02JAN2421500PE.NFO,02/01/2024,09:25:31,90.1,90.1,1080,90.3,280,7520,1709880
FINNIFTY02JAN2421500PE.NFO,02/01/2024,09:25:32,89.65,89.4,840,89.6,120,18960,1709880
FINNIFTY02JAN2421500PE.NFO,02/01/2024,09:25:33,89.15,89.15,760,89.45,600,10000,1709880
FINNIFTY02JAN2421500PE.NFO,02/01/2024,09:25:34,89,88.85,160,89,200,16640,1709880
FINNIFTY02JAN2421500PE.NFO,02/01/2024,09:25:36,88.95,88.65,1040,88.95,560,8080,1709880
FINNIFTY02JAN2421500PE.NFO,02/01/2024,09:25:37,89.1,88.95,960,89.1,40,4440,1709880
FINNIFTY02JAN2421500PE.NFO,02/01/2024,09:25:38,89.65,89.4,920,89.7,800,4440,1709880
FINNIFTY02JAN2421500PE.NFO,02/01/2024,09:25:39,90.15,90,200,90.2,160,3200,1709880
FINNIFTY02JAN2421500PE.NFO,02/01/2024,09:25:40,90.4,90.35,560,90.6,720,720,1709880
FINNIFTY02JAN2421500PE.NFO,02/01/2024,09:25:41,89.85,90.05,40,90.15,160,5080,1709880
FINNIFTY02JAN2421500PE.NFO,02/01/2024,09:25:42,89.15,89.1,80,89.3,640,1120,1709880
FINNIFTY02JAN2421500PE.NFO,02/01/2024,09:25:43,89.65,89.5,680,89.65,120,3120,1709880
FINNIFTY02JAN2421500PE.NFO,02/01/2024,09:25:44,89.8,89.55,200,89.8,560,2360,1709880
FINNIFTY02JAN2421500PE.NFO,02/01/2024,09:25:45,89.7,89.5,800,89.7,40,3880,1709880
FINNIFTY02JAN2421500PE.NFO,02/01/2024,09:25:46,90,89.8,320,89.9,120,3160,1709880
FINNIFTY02JAN2421500PE.NFO,02/01/2024,09:25:47,89.65,89.55,640,89.8,480,12800,1709880
FINNIFTY02JAN2421500PE.NFO,02/01/2024,09:25:48,90.15,90,1040,90.25,200,14080,1709880
FINNIFTY02JAN2421500PE.NFO,02/01/2024,09:25:48,90,90.05,1200,90.2,160,80,1709880
FINNIFTY02JAN2421500PE.NFO,02/01/2024,09:25:49,90.8,90.65,1040,90.9,120,16440,1709880
FINNIFTY02JAN2421500PE.NFO,02/01/2024,09:25:50,91.15,90.65,760,90.9,240,3320,1709880
FINNIFTY02JAN2421500PE.NFO,02/01/2024,09:25:51,90.65,90.55,760,90.7,80,2760,1709880
FINNIFTY02JAN2421500PE.NFO,02/01/2024,09:25:52,90.95,90.3,1240,90.6,1080,4640,1709880
FINNIFTY02JAN2421500PE.NFO,02/01/2024,09:25:53,89.95,89.9,680,90,120,4600,1709880
FINNIFTY02JAN2421500PE.NFO,02/01/2024,09:25:54,89,88.8,1040,89,160,9240,1709880
FINNIFTY02JAN2421500PE.NFO,02/01/2024,09:25:55,88.5,88.25,280,88.5,1320,7840,1709880
FINNIFTY02JAN2421500PE.NFO,02/01/2024,09:25:56,88.15,88.25,840,88.45,680,3400,1709880
FINNIFTY02JAN2421500PE.NFO,02/01/2024,09:25:57,87.85,87.7,160,87.85,240,4840,1709880
FINNIFTY02JAN2421500PE.NFO,02/01/2024,09:25:58,87.85,87.85,40,88,1160,7880,1709880
FINNIFTY02JAN2421500PE.NFO,02/01/2024,09:25:59,87.75,87.75,760,88,280,7400,1709880
FINNIFTY02JAN2421500PE.NFO,02/01/2024,09:26:00,87.1,87,600,87.15,200,16440,1709880
FINNIFTY02JAN2421500PE.NFO,02/01/2024,09:26:01,86.5,86.55,760,86.7,160,7800,1709880
FINNIFTY02JAN2421500PE.NFO,02/01/2024,09:26:02,87.25,87.3,680,87.5,200,4560,1709880
FINNIFTY02JAN2421500PE.NFO,02/01/2024,09:26:03,87.6,87.5,880,87.65,40,5680,1709880
FINNIFTY02JAN2421500PE.NFO,02/01/2024,09:26:04,87.3,87.35,560,87.6,920,7320,1709880
FINNIFTY02JAN2421500PE.NFO,02/01/2024,09:26:05,86.85,86.95,1040,87.15,640,1520,1709880
FINNIFTY02JAN2421500PE.NFO,02/01/2024,09:26:06,86.95,86.85,40,87.1,840,8720,1709880
FINNIFTY02JAN2421500PE.NFO,02/01/2024,09:26:07,86.85,86.95,40,87.15,680,9640,1709880
FINNIFTY02JAN2421500PE.NFO,02/01/2024,09:26:08,87.3,87.05,1200,87.3,680,2560,1709880
FINNIFTY02JAN2421500PE.NFO,02/01/2024,09:26:09,87.2,87.15,1240,87.4,1320,3400,1709880
FINNIFTY02JAN2421500PE.NFO,02/01/2024,09:26:10,87.3,87.3,600,87.45,600,4680,1709880
FINNIFTY02JAN2421500PE.NFO,02/01/2024,09:26:11,87.35,87.3,2600,87.55,120,2600,1709880
FINNIFTY02JAN2421500PE.NFO,02/01/2024,09:26:12,87.3,87.1,840,87.3,80,3280,1709880
FINNIFTY02JAN2421500PE.NFO,02/01/2024,09:26:13,86.35,86.15,80,86.35,200,16880,1709880
FINNIFTY02JAN2421500PE.NFO,02/01/2024,09:26:14,84.85,84.65,160,84.85,680,42720,1709880
FINNIFTY02JAN2421500PE.NFO,02/01/2024,09:26:15,80.15,79.95,520,80.15,160,130160,1709880
FINNIFTY02JAN2421500PE.NFO,02/01/2024,09:26:16,72.55,72.55,200,73.05,40,202200,1709880
FINNIFTY02JAN2421500PE.NFO,02/01/2024,09:26:16,67.25,72.55,200,73.05,40,0,1709880
FINNIFTY02JAN2421500PE.NFO,02/01/2024,09:26:17,74.3,73.9,680,73.95,160,163120,1709880
FINNIFTY02JAN2421500PE.NFO,02/01/2024,09:26:18,75.95,75.95,40,76.2,600,98760,1709880
FINNIFTY02JAN2421500PE.NFO,02/01/2024,09:26:19,73.5,73.55,600,73.7,80,63760,1709880
FINNIFTY02JAN2421500PE.NFO,02/01/2024,09:26:20,72.35,72.4,40,72.7,600,54720,1709880
FINNIFTY02JAN2421500PE.NFO,02/01/2024,09:26:21,73.7,73.5,240,73.6,600,28160,1709880
FINNIFTY02JAN2421500PE.NFO,02/01/2024,09:26:22,73.6,73.8,240,73.9,600,20480,1709880
FINNIFTY02JAN2421500PE.NFO,02/01/2024,09:26:23,74.55,74.6,360,74.75,680,18560,1709880
FINNIFTY02JAN2421500PE.NFO,02/01/2024,09:26:24,75.6,75.3,600,75.55,1160,33760,1709880
FINNIFTY02JAN2421500PE.NFO,02/01/2024,09:26:25,75.9,75.95,720,76.15,440,20600,1709880
FINNIFTY02JAN2421500PE.NFO,02/01/2024,09:26:26,76.15,75.95,720,76.2,280,21520,1709880
FINNIFTY02JAN2421500PE.NFO,02/01/2024,09:26:27,75.85,75.95,160,76.1,80,31440,1962480
FINNIFTY02JAN2421500PE.NFO,02/01/2024,09:26:28,74.75,74.75,80,74.9,80,20040,1962480
FINNIFTY02JAN2421500PE.NFO,02/01/2024,09:26:29,72,72,1640,72.1,320,30320,1962480
FINNIFTY02JAN2421500PE.NFO,02/01/2024,09:26:30,71.4,71.1,120,71.35,40,57320,1962480
FINNIFTY02JAN2421500PE.NFO,02/01/2024,09:26:31,70.55,70.4,40,70.5,360,35120,1962480
FINNIFTY02JAN2421500PE.NFO,02/01/2024,09:26:32,71.45,71.4,640,71.6,440,34960,1962480
FINNIFTY02JAN2421500PE.NFO,02/01/2024,09:26:33,71.8,71.6,40,71.7,400,17160,1962480
FINNIFTY02JAN2421500PE.NFO,02/01/2024,09:26:34,71.65,71.55,120,71.7,160,13880,1962480
FINNIFTY02JAN2421500PE.NFO,02/01/2024,09:26:35,71.4,71.35,160,71.6,920,19760,1962480
FINNIFTY02JAN2421500PE.NFO,02/01/2024,09:26:36,70.95,70.95,360,71.1,600,16520,1962480
FINNIFTY02JAN2421500PE.NFO,02/01/2024,09:26:37,69.2,69.2,200,69.3,160,27960,1962480
FINNIFTY02JAN2421500PE.NFO,02/01/2024,09:26:38,66.4,66.15,400,66.4,280,55480,1962480
FINNIFTY02JAN2421500PE.NFO,02/01/2024,09:26:38,66.1,66.15,400,66.4,280,0,1962480
FINNIFTY02JAN2421500PE.NFO,02/01/2024,09:26:39,63.8,63.8,80,64,280,67680,1962480
FINNIFTY02JAN2421500PE.NFO,02/01/2024,09:26:39,63.8,63.8,80,64,280,0,1962480
FINNIFTY02JAN2421500PE.NFO,02/01/2024,09:26:40,63.65,63.65,200,63.85,400,41920,1962480
FINNIFTY02JAN2421500PE.NFO,02/01/2024,09:26:40,62.7,63.65,200,63.85,400,0,1962480
FINNIFTY02JAN2421500PE.NFO,02/01/2024,09:26:41,63.35,63.3,520,63.6,400,30720,1962480
FINNIFTY02JAN2421500PE.NFO,02/01/2024,09:26:42,62.9,62.9,80,63.05,120,49640,1962480
FINNIFTY02JAN2421500PE.NFO,02/01/2024,09:26:43,61.8,61.7,400,61.85,600,50400,1962480
FINNIFTY02JAN2421500PE.NFO,02/01/2024,09:26:43,61.3,61.7,400,61.85,600,0,1962480
FINNIFTY02JAN2421500PE.NFO,02/01/2024,09:26:44,59.55,59.55,200,59.75,80,45960,1962480
FINNIFTY02JAN2421500PE.NFO,02/01/2024,09:26:44,59.55,59.55,200,59.75,80,0,1962480
FINNIFTY02JAN2421500PE.NFO,02/01/2024,09:26:45,58.75,58.75,480,59,80,45360,1962480
FINNIFTY02JAN2421500PE.NFO,02/01/2024,09:26:45,57.8,58.75,480,59,80,0,1962480
FINNIFTY02JAN2421500PE.NFO,02/01/2024,09:26:46,57.35,57.2,720,57.6,80,32360,1962480
FINNIFTY02JAN2421500PE.NFO,02/01/2024,09:26:46,57.35,57.2,720,57.6,80,0,1962480
FINNIFTY02JAN2421500PE.NFO,02/01/2024,09:26:47,57.15,57.15,40,57.45,560,42720,1962480
FINNIFTY02JAN2421500PE.NFO,02/01/2024,09:26:47,55.45,57.15,40,57.45,560,0,1962480
FINNIFTY02JAN2421500PE.NFO,02/01/2024,09:26:48,58.3,58.1,120,58.3,840,35120,1962480
FINNIFTY02JAN2421500PE.NFO,02/01/2024,09:26:49,58.7,58.5,40,58.65,160,27480,1962480
FINNIFTY02JAN2421500PE.NFO,02/01/2024,09:26:50,58.45,58.25,240,58.5,1360,33960,1962480
FINNIFTY02JAN2421500PE.NFO,02/01/2024,09:26:51,57.75,57.55,320,57.75,160,22720,1962480
FINNIFTY02JAN2421500PE.NFO,02/01/2024,09:26:52,58,58,40,58.15,680,23440,1962480
FINNIFTY02JAN2421500PE.NFO,02/01/2024,09:26:53,60.05,60,240,60.2,120,35320,1962480
FINNIFTY02JAN2421500PE.NFO,02/01/2024,09:26:54,60.6,60.3,320,60.55,160,43440,1962480
FINNIFTY02JAN2421500PE.NFO,02/01/2024,09:26:55,62.3,62.35,200,62.6,920,29400,1962480
FINNIFTY02JAN2421500PE.NFO,02/01/2024,09:26:56,61.5,61.45,840,61.7,440,23440,1962480
FINNIFTY02JAN2421500PE.NFO,02/01/2024,09:26:57,62.75,62.7,400,63,640,31240,1962480
FINNIFTY02JAN2421500PE.NFO,02/01/2024,09:26:58,63.3,63.25,1120,63.6,80,19960,1962480
FINNIFTY02JAN2421500PE.NFO,02/01/2024,09:26:59,64.1,64,80,64.25,80,32120,1962480
FINNIFTY02JAN2421500PE.NFO,02/01/2024,09:27:00,61.9,61.85,440,61.95,1040,18600,1962480
FINNIFTY02JAN2421500PE.NFO,02/01/2024,09:27:01,61,60.85,240,61.1,360,21440,1962480
FINNIFTY02JAN2421500PE.NFO,02/01/2024,09:27:02,61.25,61.25,120,61.45,40,31480,1962480
FINNIFTY02JAN2421500PE.NFO,02/01/2024,09:27:03,61.4,61.3,240,61.45,40,23360,1962480
FINNIFTY02JAN2421500PE.NFO,02/01/2024,09:27:04,61.25,61.1,40,61.25,80,18520,1962480
FINNIFTY02JAN2421500PE.NFO,02/01/2024,09:27:05,62.25,62.25,80,62.3,40,16600,1962480
FINNIFTY02JAN2421500PE.NFO,02/01/2024,09:27:06,62.3,61.95,760,62.2,480,22640,1962480
FINNIFTY02JAN2421500PE.NFO,02/01/2024,09:27:07,61.9,61.9,440,62.15,200,38560,1962480
FINNIFTY02JAN2421500PE.NFO,02/01/2024,09:27:08,61.15,61.15,80,61.4,40,59880,1962480
FINNIFTY02JAN2421500PE.NFO,02/01/2024,09:27:09,61.2,60.95,560,61.2,840,24800,1962480
FINNIFTY02JAN2421500PE.NFO,02/01/2024,09:27:10,62.45,62.5,200,62.65,200,19120,1962480
FINNIFTY02JAN2421500PE.NFO,02/01/2024,09:27:11,63,62.9,560,63,1360,17000,1962480
FINNIFTY02JAN2421500PE.NFO,02/01/2024,09:27:12,61.85,61.9,1280,62.2,800,16360,1962480
FINNIFTY02JAN2421500PE.NFO,02/01/2024,09:27:13,61.1,60.85,120,61.1,960,18800,1962480
FINNIFTY02JAN2421500PE.NFO,02/01/2024,09:27:14,62.35,62.35,760,62.65,200,19760,1962480
FINNIFTY02JAN2421500PE.NFO,02/01/2024,09:27:15,63.2,63.2,480,63.4,160,21720,1962480
FINNIFTY02JAN2421500PE.NFO,02/01/2024,09:27:16,63.35,63.1,760,63.25,40,12720,1962480
FINNIFTY02JAN2421500PE.NFO,02/01/2024,09:27:17,62.95,62.95,520,63.2,560,10120,1962480
FINNIFTY02JAN2421500PE.NFO,02/01/2024,09:27:18,62.7,62.45,920,62.7,600,18800,1962480
FINNIFTY02JAN2421500PE.NFO,02/01/2024,09:27:19,63.5,63.45,240,63.65,80,3880,1962480
FINNIFTY02JAN2421500PE.NFO,02/01/2024,09:27:21,63.3,63.2,40,63.4,1000,16920,1962480
FINNIFTY02JAN2421500PE.NFO,02/01/2024,09:27:22,62.9,62.8,120,63.05,440,11280,1962480
FINNIFTY02JAN2421500PE.NFO,02/01/2024,09:27:23,62.7,62.45,1040,62.65,240,29360,1962480
FINNIFTY02JAN2421500PE.NFO,02/01/2024,09:27:24,62,61.8,1600,62,40,15480,1962480
FINNIFTY02JAN2421500PE.NFO,02/01/2024,09:27:25,63.15,63.05,880,63.2,40,25080,1962480
FINNIFTY02JAN2421500PE.NFO,02/01/2024,09:27:26,64,63.85,1320,64,3040,10720,1962480
FINNIFTY02JAN2421500PE.NFO,02/01/2024,09:27:27,65.3,65.1,1560,65.35,160,22240,1962480
FINNIFTY02JAN2421500PE.NFO,02/01/2024,09:27:28,65.1,65.1,120,65.3,680,14440,1962480
FINNIFTY02JAN2421500PE.NFO,02/01/2024,09:27:29,65.15,65.2,400,65.4,880,18080,1962480
FINNIFTY02JAN2421500PE.NFO,02/01/2024,09:27:30,65.15,65.15,1280,65.4,400,16840,1962480
FINNIFTY02JAN2421500PE.NFO,02/01/2024,09:27:30,65.5,65.3,640,65.55,360,6120,1962480
FINNIFTY02JAN2421500PE.NFO,02/01/2024,09:27:31,65.8,65.75,600,65.95,200,7600,1962480
FINNIFTY02JAN2421500PE.NFO,02/01/2024,09:27:32,66.3,66.3,1440,66.55,120,24680,1962480
FINNIFTY02JAN2421500PE.NFO,02/01/2024,09:27:33,66.4,66.4,360,66.65,1640,15800,1962480
FINNIFTY02JAN2421500PE.NFO,02/01/2024,09:27:34,65.85,65.7,240,66,1120,20600,1962480
FINNIFTY02JAN2421500PE.NFO,02/01/2024,09:27:35,65,64.8,40,65,400,31800,1962480
FINNIFTY02JAN2421500PE.NFO,02/01/2024,09:27:36,63.95,63.75,1200,63.95,320,18520,1962480
FINNIFTY02JAN2421500PE.NFO,02/01/2024,09:27:37,64.4,64.1,2240,64.4,1000,16880,1962480
FINNIFTY02JAN2421500PE.NFO,02/01/2024,09:27:38,64.25,64.1,1080,64.3,800,17480,1962480
FINNIFTY02JAN2421500PE.NFO,02/01/2024,09:27:39,65,64.8,1800,65,11240,18840,1962480
FINNIFTY02JAN2421500PE.NFO,02/01/2024,09:27:40,64.2,63.95,2120,64.15,480,32040,1962480
FINNIFTY02JAN2421500PE.NFO,02/01/2024,09:27:41,64.55,64.5,160,64.75,1520,6280,1962480
FINNIFTY02JAN2421500PE.NFO,02/01/2024,09:27:42,63.9,63.7,520,63.95,400,7480,1962480
FINNIFTY02JAN2421500PE.NFO,02/01/2024,09:27:43,63.35,63.25,600,63.55,2280,12520,1962480
FINNIFTY02JAN2421500PE.NFO,02/01/2024,09:27:44,64.15,64.15,440,64.4,640,9480,1962480
FINNIFTY02JAN2421500PE.NFO,02/01/2024,09:27:46,64.75,64.5,280,64.7,600,11560,1962480
FINNIFTY02JAN2421500PE.NFO,02/01/2024,09:27:46,65.3,65.1,320,65.3,840,3120,1962480
FINNIFTY02JAN2421500PE.NFO,02/01/2024,09:27:47,64.55,64.5,1840,64.8,1120,11880,1962480
FINNIFTY02JAN2421500PE.NFO,02/01/2024,09:27:48,64.2,64.2,40,64.3,320,8000,1962480
FINNIFTY02JAN2421500PE.NFO,02/01/2024,09:27:49,63.45,63.35,480,63.55,2040,14000,1962480
FINNIFTY02JAN2421500PE.NFO,02/01/2024,09:27:51,63.35,63.15,200,63.35,1160,11280,1962480
FINNIFTY02JAN2421500PE.NFO,02/01/2024,09:27:51,62.2,62,720,62.2,1200,34200,1962480
FINNIFTY02JAN2421500PE.NFO,02/01/2024,09:27:52,59.05,58.95,320,59.15,80,161080,1962480
FINNIFTY02JAN2421500PE.NFO,02/01/2024,09:27:53,59.5,59.35,360,59.5,360,35560,1962480
FINNIFTY02JAN2421500PE.NFO,02/01/2024,09:27:54,59.45,59.15,920,59.4,1440,19360,1962480
FINNIFTY02JAN2421500PE.NFO,02/01/2024,09:27:55,59.4,59.35,320,59.6,1320,10320,1962480
FINNIFTY02JAN2421500PE.NFO,02/01/2024,09:27:56,57.75,57.65,160,57.9,440,35600,1962480
FINNIFTY02JAN2421500PE.NFO,02/01/2024,09:27:57,53.8,53.75,40,53.8,40,148040,1962480
FINNIFTY02JAN2421500PE.NFO,02/01/2024,09:27:57,52.55,53.75,40,53.8,40,0,1962480
FINNIFTY02JAN2421500PE.NFO,02/01/2024,09:27:58,54.3,54.3,40,54.55,400,96600,1962480
FINNIFTY02JAN2421500PE.NFO,02/01/2024,09:27:59,55.75,55.55,320,55.75,640,22240,1962480
FINNIFTY02JAN2421500PE.NFO,02/01/2024,09:28:00,56,56.05,1200,56.25,600,38040,1962480
FINNIFTY02JAN2421500PE.NFO,02/01/2024,09:28:01,55.75,55.75,840,55.95,200,22160,1962480
FINNIFTY02JAN2421500PE.NFO,02/01/2024,09:28:02,54.6,54.4,680,54.6,760,40480,1962480
FINNIFTY02JAN2421500PE.NFO,02/01/2024,09:28:03,54.4,54.15,200,54.35,320,44000,1962480
FINNIFTY02JAN2421500PE.NFO,02/01/2024,09:28:04,53.85,53.95,80,54.15,520,29920,1962480
FINNIFTY02JAN2421500PE.NFO,02/01/2024,09:28:05,55,55,880,55.2,200,14360,1962480
FINNIFTY02JAN2421500PE.NFO,02/01/2024,09:28:06,56.05,55.95,2040,56.2,560,23160,1962480
FINNIFTY02JAN2421500PE.NFO,02/01/2024,09:28:07,56.55,56.65,120,56.8,160,21440,1962480
FINNIFTY02JAN2421500PE.NFO,02/01/2024,09:28:08,56.85,56.6,320,56.85,1160,16520,1962480
FINNIFTY02JAN2421500PE.NFO,02/01/2024,09:28:09,56.9,56.75,520,56.9,280,9840,1962480
FINNIFTY02JAN2421500PE.NFO,02/01/2024,09:28:10,56.65,56.65,400,56.9,1240,17480,1962480
FINNIFTY02JAN2421500PE.NFO,02/01/2024,09:28:11,56.2,56.35,320,56.4,320,14400,1962480
FINNIFTY02JAN2421500PE.NFO,02/01/2024,09:28:12,57.25,57.05,280,57.3,2120,16360,1962480
FINNIFTY02JAN2421500PE.NFO,02/01/2024,09:28:13,57.2,57.15,80,57.3,520,23040,1962480
FINNIFTY02JAN2421500PE.NFO,02/01/2024,09:28:15,57.2,57,360,57.2,1880,49400,1962480
FINNIFTY02JAN2421500PE.NFO,02/01/2024,09:28:15,57,57,640,57.2,320,8880,1962480
FINNIFTY02JAN2421500PE.NFO,02/01/2024,09:28:16,56.95,56.75,80,56.95,1760,17240,1962480
FINNIFTY02JAN2421500PE.NFO,02/01/2024,09:28:17,58.35,58.2,160,58.4,1800,33120,1962480
FINNIFTY02JAN2421500PE.NFO,02/01/2024,09:28:18,57.9,57.75,680,57.9,280,15200,1962480
FINNIFTY02JAN2421500PE.NFO,02/01/2024,09:28:19,58.45,58.4,440,58.55,160,13800,1962480
FINNIFTY02JAN2421500PE.NFO,02/01/2024,09:28:20,57.75,57.5,200,57.7,640,13440,1962480
FINNIFTY02JAN2421500PE.NFO,02/01/2024,09:28:21,57.6,57.5,1080,57.65,160,13320,1962480
FINNIFTY02JAN2421500PE.NFO,02/01/2024,09:28:23,56.6,56.7,320,56.85,280,23640,1962480
FINNIFTY02JAN2421500PE.NFO,02/01/2024,09:28:24,56.85,56.8,1560,57,840,8640,1962480
FINNIFTY02JAN2421500PE.NFO,02/01/2024,09:28:25,55.4,55.05,120,55.2,600,33440,1962480
FINNIFTY02JAN2421500PE.NFO,02/01/2024,09:28:26,55.35,55.3,1720,55.5,520,18200,1962480
FINNIFTY02JAN2421500PE.NFO,02/01/2024,09:28:27,56.5,56.4,600,56.6,320,23840,1962480
FINNIFTY02JAN2421500PE.NFO,02/01/2024,09:28:28,56.85,56.85,40,57.1,1800,17320,1962480
FINNIFTY02JAN2421500PE.NFO,02/01/2024,09:28:29,56.75,56.7,1520,56.95,1000,17120,1962480
FINNIFTY02JAN2421500PE.NFO,02/01/2024,09:28:30,56,55.85,160,56,200,12200,1962480
FINNIFTY02JAN2421500PE.NFO,02/01/2024,09:28:30,56.65,56.55,360,56.75,720,8480,1962480
FINNIFTY02JAN2421500PE.NFO,02/01/2024,09:28:31,56.95,56.85,800,56.95,1600,11320,1962480
FINNIFTY02JAN2421500PE.NFO,02/01/2024,09:28:32,57.85,57.6,1800,57.8,80,24080,1962480
FINNIFTY02JAN2421500PE.NFO,02/01/2024,09:28:33,58.05,58,200,58.2,440,15280,1962480
FINNIFTY02JAN2421500PE.NFO,02/01/2024,09:28:34,58.55,58.4,160,58.6,800,18280,1962480
FINNIFTY02JAN2421500PE.NFO,02/01/2024,09:28:35,58.5,58.45,2160,58.75,2440,13040,1962480
FINNIFTY02JAN2421500PE.NFO,02/01/2024,09:28:36,58.85,58.75,1760,58.9,40,39400,1962480
FINNIFTY02JAN2421500PE.NFO,02/01/2024,09:28:38,59.75,59.7,160,59.85,160,20320,1962480
FINNIFTY02JAN2421500PE.NFO,02/01/2024,09:28:39,59.75,59.75,40,59.9,120,20200,1962480
FINNIFTY02JAN2421500PE.NFO,02/01/2024,09:28:40,59.35,59.2,1200,59.35,120,25440,1962480
FINNIFTY02JAN2421500PE.NFO,02/01/2024,09:28:41,59.15,58.95,360,59.15,280,13520,1962480
FINNIFTY02JAN2421500PE.NFO,02/01/2024,09:28:42,59.55,59.35,2560,59.55,40,16640,1962480
FINNIFTY02JAN2421500PE.NFO,02/01/2024,09:28:43,59.65,59.45,160,59.65,2000,11800,1962480
FINNIFTY02JAN2421500PE.NFO,02/01/2024,09:28:44,59.75,59.6,1200,59.75,200,11200,1962480
FINNIFTY02JAN2421500PE.NFO,02/01/2024,09:28:45,59.2,59.2,2600,59.35,440,12920,1962480
FINNIFTY02JAN2421500PE.NFO,02/01/2024,09:28:46,59.4,59.25,80,59.4,120,12840,1962480
FINNIFTY02JAN2421500PE.NFO,02/01/2024,09:28:47,58.7,58.25,1080,58.45,360,18840,1962480
FINNIFTY02JAN2421500PE.NFO,02/01/2024,09:28:48,58.4,58.25,200,58.35,80,14680,1962480
FINNIFTY02JAN2421500PE.NFO,02/01/2024,09:28:49,59.25,59.15,600,59.35,1720,9600,1962480
FINNIFTY02JAN2421500PE.NFO,02/01/2024,09:28:50,59.15,59.15,840,59.25,40,10520,1962480
FINNIFTY02JAN2421500PE.NFO,02/01/2024,09:28:51,59.2,58.9,280,59.15,2120,14840,1962480
FINNIFTY02JAN2421500PE.NFO,02/01/2024,09:28:52,58.9,59.05,600,59.2,1120,7880,1962480
FINNIFTY02JAN2421500PE.NFO,02/01/2024,09:28:53,59.4,59.15,1760,59.4,1360,7280,1962480
FINNIFTY02JAN2421500PE.NFO,02/01/2024,09:28:54,59.15,59.05,40,59.2,640,9080,1962480
FINNIFTY02JAN2421500PE.NFO,02/01/2024,09:28:55,60.05,60.05,400,60.15,160,17960,1962480
FINNIFTY02JAN2421500PE.NFO,02/01/2024,09:28:56,60.6,60.45,200,60.6,600,10360,1962480
FINNIFTY02JAN2421500PE.NFO,02/01/2024,09:28:57,60.65,60.45,360,60.65,1320,15960,1962480
FINNIFTY02JAN2421500PE.NFO,02/01/2024,09:28:58,60.25,60.1,1320,60.3,320,15200,1962480
FINNIFTY02JAN2421500PE.NFO,02/01/2024,09:28:59,61,60.85,2040,61,40,14080,1962480
FINNIFTY02JAN2421500PE.NFO,02/01/2024,09:29:00,61.05,61.05,40,61.2,2400,20440,1962480
FINNIFTY02JAN2421500PE.NFO,02/01/2024,09:29:01,60.75,60.5,3200,60.75,160,22600,1962480
FINNIFTY02JAN2421500PE.NFO,02/01/2024,09:29:02,61.75,61.4,2680,61.7,2600,17320,1962480
FINNIFTY02JAN2421500PE.NFO,02/01/2024,09:29:03,61.8,61.8,1320,62,1520,14240,1962480
FINNIFTY02JAN2421500PE.NFO,02/01/2024,09:29:04,61.25,61.25,2680,61.5,600,16440,1962480
FINNIFTY02JAN2421500PE.NFO,02/01/2024,09:29:05,61.9,61.9,40,62.15,3080,33720,1962480
FINNIFTY02JAN2421500PE.NFO,02/01/2024,09:29:06,62.4,62.45,1680,62.65,280,19600,1962480
FINNIFTY02JAN2421500PE.NFO,02/01/2024,09:29:07,62.05,62.05,440,62.3,2280,16960,1962480
FINNIFTY02JAN2421500PE.NFO,02/01/2024,09:29:08,62.55,62.5,160,62.7,680,17600,1962480
FINNIFTY02JAN2421500PE.NFO,02/01/2024,09:29:09,62.8,62.6,1160,62.85,560,3640,1962480
FINNIFTY02JAN2421500PE.NFO,02/01/2024,09:29:10,62.1,62.05,1240,62.2,160,23280,1962480
FINNIFTY02JAN2421500PE.NFO,02/01/2024,09:29:11,61,61,880,61.15,440,18280,1962480
FINNIFTY02JAN2421500PE.NFO,02/01/2024,09:29:12,60.35,60.25,960,60.6,3080,20160,1962480
FINNIFTY02JAN2421500PE.NFO,02/01/2024,09:29:13,60.65,60.4,2760,60.65,920,16040,1962480
FINNIFTY02JAN2421500PE.NFO,02/01/2024,09:29:14,60.9,60.65,1480,60.9,520,12320,1962480
FINNIFTY02JAN2421500PE.NFO,02/01/2024,09:29:15,61.55,61.4,280,61.6,3120,6280,1962480
FINNIFTY02JAN2421500PE.NFO,02/01/2024,09:29:16,61.25,61.3,2680,61.55,400,5720,1962480
FINNIFTY02JAN2421500PE.NFO,02/01/2024,09:29:17,62,61.8,2120,62,240,9720,1962480
FINNIFTY02JAN2421500PE.NFO,02/01/2024,09:29:18,62.4,62.2,1720,62.45,2200,8920,1962480
FINNIFTY02JAN2421500PE.NFO,02/01/2024,09:29:19,62.5,62.3,1800,62.5,1560,12000,1962480
FINNIFTY02JAN2421500PE.NFO,02/01/2024,09:29:20,62.5,62.5,200,62.75,2680,13200,1962480
FINNIFTY02JAN2421500PE.NFO,02/01/2024,09:29:21,63,62.85,960,63,280,24400,1962480
FINNIFTY02JAN2421500PE.NFO,02/01/2024,09:29:22,63.1,63.1,2680,63.35,640,11880,1962480
FINNIFTY02JAN2421500PE.NFO,02/01/2024,09:29:23,62.9,62.9,920,63.1,240,10160,1962480
FINNIFTY02JAN2421500PE.NFO,02/01/2024,09:29:24,62.8,62.6,2760,62.85,680,9840,1962480
FINNIFTY02JAN2421500PE.NFO,02/01/2024,09:29:25,62.15,62.2,3760,62.45,360,17520,1962480
FINNIFTY02JAN2421500PE.NFO,02/01/2024,09:29:26,63.45,63.2,2640,63.45,880,17280,1962480
FINNIFTY02JAN2421500PE.NFO,02/01/2024,09:29:27,63.9,63.75,80,63.9,2360,14760,1962480
FINNIFTY02JAN2421500PE.NFO,02/01/2024,09:29:28,63.85,63.55,280,63.8,1920,13600,1962480
FINNIFTY02JAN2421500PE.NFO,02/01/2024,09:29:29,63.7,63.7,2200,63.9,760,15320,2600760
FINNIFTY02JAN2421500PE.NFO,02/01/2024,09:29:30,62.7,62.7,480,62.9,320,28160,2600760
FINNIFTY02JAN2421500PE.NFO,02/01/2024,09:29:31,62.8,62.75,1200,62.95,1960,9560,2600760
FINNIFTY02JAN2421500PE.NFO,02/01/2024,09:29:32,62.9,62.75,40,62.9,440,11160,2600760
FINNIFTY02JAN2421500PE.NFO,02/01/2024,09:29:33,63.05,63.05,200,63.25,640,5760,2600760
FINNIFTY02JAN2421500PE.NFO,02/01/2024,09:29:34,63.25,63.05,280,63.25,1200,17920,2600760
FINNIFTY02JAN2421500PE.NFO,02/01/2024,09:29:35,62.4,62.1,560,62.35,3320,17800,2600760
FINNIFTY02JAN2421500PE.NFO,02/01/2024,09:29:36,61.5,61.4,600,61.6,1080,11880,2600760
FINNIFTY02JAN2421500PE.NFO,02/01/2024,09:29:37,61.7,61.45,2880,61.7,480,18800,2600760
FINNIFTY02JAN2421500PE.NFO,02/01/2024,09:29:38,61.3,61.05,2520,61.35,2880,9640,2600760
FINNIFTY02JAN2421500PE.NFO,02/01/2024,09:29:39,61.4,61.15,3360,61.4,280,11800,2600760
FINNIFTY02JAN2421500PE.NFO,02/01/2024,09:29:40,61.45,61.2,2880,61.45,2520,1240,2600760
FINNIFTY02JAN2421500PE.NFO,02/01/2024,09:29:41,61.3,61.1,3560,61.3,240,8400,2600760
FINNIFTY02JAN2421500PE.NFO,02/01/2024,09:29:42,61.25,61.05,1280,61.25,560,1920,2600760
FINNIFTY02JAN2421500PE.NFO,02/01/2024,09:29:43,62.1,61.9,720,62.15,1200,13240,2600760
FINNIFTY02JAN2421500PE.NFO,02/01/2024,09:29:44,61.65,61.65,960,61.9,920,13360,2600760
FINNIFTY02JAN2421500PE.NFO,02/01/2024,09:29:45,62.3,62.1,760,62.3,720,7640,2600760
FINNIFTY02JAN2421500PE.NFO,02/01/2024,09:29:46,62.45,62.45,2520,62.65,40,9960,2600760
FINNIFTY02JAN2421500PE.NFO,02/01/2024,09:29:47,62.65,62.45,520,62.65,640,7000,2600760
FINNIFTY02JAN2421500PE.NFO,02/01/2024,09:29:48,62.8,62.75,3040,62.8,40,12560,2600760
FINNIFTY02JAN2421500PE.NFO,02/01/2024,09:29:49,62.2,62.05,1000,62.2,920,13120,2600760
FINNIFTY02JAN2421500PE.NFO,02/01/2024,09:29:50,62.15,62,120,62.15,1200,8960,2600760
FINNIFTY02JAN2421500PE.NFO,02/01/2024,09:29:51,61.85,61.85,3240,62.05,240,6200,2600760
FINNIFTY02JAN2421500PE.NFO,02/01/2024,09:29:52,61.75,61.7,2560,61.95,840,1240,2600760
FINNIFTY02JAN2421500PE.NFO,02/01/2024,09:29:53,61.75,61.55,560,61.75,1320,4000,2600760
FINNIFTY02JAN2421500PE.NFO,02/01/2024,09:29:54,61.95,61.8,2040,61.95,120,35400,2600760
FINNIFTY02JAN2421500PE.NFO,02/01/2024,09:29:55,61.95,61.75,640,61.95,1240,12240,2600760
FINNIFTY02JAN2421500PE.NFO,02/01/2024,09:29:56,62,62,3480,62.25,1080,3960,2600760
FINNIFTY02JAN2421500PE.NFO,02/01/2024,09:29:57,62.1,61.95,1800,62.15,280,8720,2600760
FINNIFTY02JAN2421500PE.NFO,02/01/2024,09:29:58,62.35,62.2,960,62.4,160,5240,2600760
FINNIFTY02JAN2421500PE.NFO,02/01/2024,09:29:59,61.75,61.65,2280,61.85,80,10800,2600760
FINNIFTY02JAN2421500PE.NFO,02/01/2024,09:30:00,61.4,61.3,320,61.45,2280,20440,2600760
FINNIFTY02JAN2421500PE.NFO,02/01/2024,09:30:01,58.9,58.7,80,58.9,880,75360,2600760
FINNIFTY02JAN2421500PE.NFO,02/01/2024,09:30:02,60.55,60.5,2240,60.7,880,33200,2600760
FINNIFTY02JAN2421500PE.NFO,02/01/2024,09:30:03,62.1,62.25,40,62.45,2400,21400,2600760
FINNIFTY02JAN2421500PE.NFO,02/01/2024,09:30:04,62.9,62.8,160,63,800,23120,2600760
FINNIFTY02JAN2421500PE.NFO,02/01/2024,09:30:05,63.05,63.05,760,63.25,440,11320,2600760
FINNIFTY02JAN2421500PE.NFO,02/01/2024,09:30:06,64.25,64.05,800,64.25,1080,25680,2600760
FINNIFTY02JAN2421500PE.NFO,02/01/2024,09:30:07,63.85,63.7,320,63.85,880,2320,2600760
FINNIFTY02JAN2421500PE.NFO,02/01/2024,09:30:08,63.65,63.6,3200,63.8,440,20360,2600760
FINNIFTY02JAN2421500PE.NFO,02/01/2024,09:30:09,63.15,63.35,120,63.5,200,10720,2600760
FINNIFTY02JAN2421500PE.NFO,02/01/2024,09:30:10,62.75,62.5,2640,62.75,160,18600,2600760
FINNIFTY02JAN2421500PE.NFO,02/01/2024,09:30:11,62.9,62.7,360,62.9,2120,11000,2600760
FINNIFTY02JAN2421500PE.NFO,02/01/2024,09:30:12,62.45,62.4,1840,62.5,320,11560,2600760
FINNIFTY02JAN2421500PE.NFO,02/01/2024,09:30:13,62.25,62.15,2440,62.4,2880,1720,2600760
FINNIFTY02JAN2421500PE.NFO,02/01/2024,09:30:14,60.7,60.6,800,60.8,2000,20760,2600760
FINNIFTY02JAN2421500PE.NFO,02/01/2024,09:30:15,60.65,60.45,3120,60.6,320,9680,2600760
FINNIFTY02JAN2421500PE.NFO,02/01/2024,09:30:16,61,60.8,400,61,1440,11240,2600760
FINNIFTY02JAN2421500PE.NFO,02/01/2024,09:30:17,60.7,60.65,600,60.85,600,7200,2600760
FINNIFTY02JAN2421500PE.NFO,02/01/2024,09:30:18,60.25,60,7320,60.25,1960,8080,2600760
FINNIFTY02JAN2421500PE.NFO,02/01/2024,09:30:19,58.75,58.7,680,58.95,3600,18960,2600760
FINNIFTY02JAN2421500PE.NFO,02/01/2024,09:30:20,59.05,58.85,240,59.05,80,31040,2600760
FINNIFTY02JAN2421500PE.NFO,02/01/2024,09:30:21,59.65,59.65,40,59.75,480,27560,2600760
FINNIFTY02JAN2421500PE.NFO,02/01/2024,09:30:22,60.1,60.1,160,60.25,120,13440,2600760
FINNIFTY02JAN2421500PE.NFO,02/01/2024,09:30:23,60.45,60.35,40,60.45,80,5920,2600760
FINNIFTY02JAN2421500PE.NFO,02/01/2024,09:30:24,60.5,60.45,40,60.6,360,8520,2600760
FINNIFTY02JAN2421500PE.NFO,02/01/2024,09:30:25,61.05,61,600,61.2,240,18600,2600760
FINNIFTY02JAN2421500PE.NFO,02/01/2024,09:30:26,61.3,61.1,2360,61.25,40,2960,2600760
FINNIFTY02JAN2421500PE.NFO,02/01/2024,09:30:27,61.45,61.35,1280,61.5,120,10080,2600760
FINNIFTY02JAN2421500PE.NFO,02/01/2024,09:30:28,61.55,61.55,600,61.75,880,12160,2600760
FINNIFTY02JAN2421500PE.NFO,02/01/2024,09:30:29,61.6,61.4,400,61.6,1120,3960,2600760
FINNIFTY02JAN2421500PE.NFO,02/01/2024,09:30:30,61.85,61.55,2040,61.75,1200,5440,2600760
FINNIFTY02JAN2421500PE.NFO,02/01/2024,09:30:31,62.6,62.7,200,62.9,400,17720,2600760
FINNIFTY02JAN2421500PE.NFO,02/01/2024,09:30:32,62.5,62.6,600,62.8,440,4160,2600760
FINNIFTY02JAN2421500PE.NFO,02/01/2024,09:30:33,62.45,62.25,2760,62.5,160,31240,2600760
FINNIFTY02JAN2421500PE.NFO,02/01/2024,09:30:34,62.3,62.25,2280,62.45,960,12960,2600760
FINNIFTY02JAN2421500PE.NFO,02/01/2024,09:30:35,62.15,61.95,1640,62.15,280,9800,2600760
FINNIFTY02JAN2421500PE.NFO,02/01/2024,09:30:36,62,62,280,62.2,1480,4200,2600760
FINNIFTY02JAN2421500PE.NFO,02/01/2024,09:30:37,62.25,61.75,160,61.9,400,80,2600760
FINNIFTY02JAN2421500PE.NFO,02/01/2024,09:30:38,62.5,62.5,3320,62.75,280,5560,2600760
FINNIFTY02JAN2421500PE.NFO,02/01/2024,09:30:39,62.1,62.05,360,62.25,1120,5720,2600760
FINNIFTY02JAN2421500PE.NFO,02/01/2024,09:30:40,61.55,61.1,320,61.35,3040,14360,2600760
FINNIFTY02JAN2421500PE.NFO,02/01/2024,09:30:41,60.65,60.6,240,60.8,2640,13960,2600760
FINNIFTY02JAN2421500PE.NFO,02/01/2024,09:30:42,60.75,60.6,160,60.8,1320,1200,2600760
FINNIFTY02JAN2421500PE.NFO,02/01/2024,09:30:43,61.7,61.55,1360,61.75,760,12880,2600760
FINNIFTY02JAN2421500PE.NFO,02/01/2024,09:30:44,61.65,61.65,320,61.85,2480,6680,2600760
FINNIFTY02JAN2421500PE.NFO,02/01/2024,09:30:45,61.35,61.2,1680,61.4,400,7720,2600760
FINNIFTY02JAN2421500PE.NFO,02/01/2024,09:30:46,61.2,61.35,520,61.55,400,1600,2600760
FINNIFTY02JAN2421500PE.NFO,02/01/2024,09:30:47,61.35,61.35,440,61.5,160,2440,2600760
FINNIFTY02JAN2421500PE.NFO,02/01/2024,09:30:48,61.75,61.5,760,61.75,2640,5440,2600760
FINNIFTY02JAN2421500PE.NFO,02/01/2024,09:30:49,61.6,61.4,1240,61.6,1640,12800,2600760
FINNIFTY02JAN2421500PE.NFO,02/01/2024,09:30:50,61.55,61.55,1480,61.75,560,8000,2600760
FINNIFTY02JAN2421500PE.NFO,02/01/2024,09:30:51,61.65,61.65,3480,61.9,2120,6040,2600760
FINNIFTY02JAN2421500PE.NFO,02/01/2024,09:30:53,61.4,61.2,1400,61.35,40,6080,2600760
FINNIFTY02JAN2421500PE.NFO,02/01/2024,09:30:53,61.5,61.3,640,61.5,2720,240,2600760
FINNIFTY02JAN2421500PE.NFO,02/01/2024,09:30:54,61.7,61.65,1280,61.8,40,4440,2600760
FINNIFTY02JAN2421500PE.NFO,02/01/2024,09:30:55,61.8,61.8,2280,61.95,40,14800,2600760
FINNIFTY02JAN2421500PE.NFO,02/01/2024,09:30:56,62.15,62.2,3080,62.35,160,7000,2600760
FINNIFTY02JAN2421500PE.NFO,02/01/2024,09:30:58,62.4,62.35,520,62.55,760,13960,2600760
FINNIFTY02JAN2421500PE.NFO,02/01/2024,09:30:58,62.6,62.35,2680,62.6,920,880,2600760
FINNIFTY02JAN2421500PE.NFO,02/01/2024,09:30:59,62.6,62.4,3640,62.65,840,6320,2600760
FINNIFTY02JAN2421500PE.NFO,02/01/2024,09:31:00,62.8,62.8,160,62.95,200,18080,2600760
FINNIFTY02JAN2421500PE.NFO,02/01/2024,09:31:01,62.7,62.6,440,62.8,2120,13360,2600760
FINNIFTY02JAN2421500PE.NFO,02/01/2024,09:31:03,63.5,63.4,160,63.5,320,9880,2600760
FINNIFTY02JAN2421500PE.NFO,02/01/2024,09:31:03,63.4,63.2,1040,63.4,880,520,2600760
FINNIFTY02JAN2421500PE.NFO,02/01/2024,09:31:04,63.7,63.5,760,63.7,400,10640,2600760
FINNIFTY02JAN2421500PE.NFO,02/01/2024,09:31:05,63.9,63.7,3320,64,4240,14080,2600760
FINNIFTY02JAN2421500PE.NFO,02/01/2024,09:31:06,63.9,63.7,160,63.85,400,9560,2600760
FINNIFTY02JAN2421500PE.NFO,02/01/2024,09:31:07,63.95,63.8,880,63.95,160,21200,2600760
FINNIFTY02JAN2421500PE.NFO,02/01/2024,09:31:08,63.65,63.55,2040,63.75,400,7560,2600760
FINNIFTY02JAN2421500PE.NFO,02/01/2024,09:31:10,63.25,63.25,600,63.4,200,12120,2600760
FINNIFTY02JAN2421500PE.NFO,02/01/2024,09:31:10,63.7,63.6,1080,63.75,160,1120,2600760
FINNIFTY02JAN2421500PE.NFO,02/01/2024,09:31:11,63.4,63.4,2960,63.65,520,9560,2600760
FINNIFTY02JAN2421500PE.NFO,02/01/2024,09:31:12,63.95,64,840,64.15,160,16560,2600760
FINNIFTY02JAN2421500PE.NFO,02/01/2024,09:31:13,64.7,64.55,200,64.7,3000,8120,2600760
FINNIFTY02JAN2421500PE.NFO,02/01/2024,09:31:15,65.85,65.65,3280,65.85,160,50240,2600760
FINNIFTY02JAN2421500PE.NFO,02/01/2024,09:31:15,65.95,65.75,2640,65.95,1000,3240,2600760
FINNIFTY02JAN2421500PE.NFO,02/01/2024,09:31:16,66.4,66.05,1680,66.25,1120,23040,2600760
FINNIFTY02JAN2421500PE.NFO,02/01/2024,09:31:17,65.3,65.05,240,65.3,2880,20040,2600760
FINNIFTY02JAN2421500PE.NFO,02/01/2024,09:31:18,65.05,64.85,1400,65.05,160,19080,2600760
FINNIFTY02JAN2421500PE.NFO,02/01/2024,09:31:19,64.95,64.95,880,65.2,3200,21480,2600760
FINNIFTY02JAN2421500PE.NFO,02/01/2024,09:31:21,65.25,65.25,2320,65.5,920,14120,2600760
FINNIFTY02JAN2421500PE.NFO,02/01/2024,09:31:21,65.5,65.3,960,65.5,760,2280,2600760
FINNIFTY02JAN2421500PE.NFO,02/01/2024,09:31:22,65.15,65,160,65.05,80,9760,2600760
FINNIFTY02JAN2421500PE.NFO,02/01/2024,09:31:23,64.4,64.4,200,64.6,2920,28520,2600760
FINNIFTY02JAN2421500PE.NFO,02/01/2024,09:31:24,64.9,64.65,1720,64.85,80,26400,2600760
FINNIFTY02JAN2421500PE.NFO,02/01/2024,09:31:25,63.25,63.25,2360,63.35,160,27400,2600760
FINNIFTY02JAN2421500PE.NFO,02/01/2024,09:31:27,63.35,63.2,920,63.4,720,10160,2600760
FINNIFTY02JAN2421500PE.NFO,02/01/2024,09:31:27,63.15,63,760,63.15,120,1640,2600760
FINNIFTY02JAN2421500PE.NFO,02/01/2024,09:31:28,63,62.6,2840,62.85,2440,8840,2600760
FINNIFTY02JAN2421500PE.NFO,02/01/2024,09:31:29,63.5,63.3,2800,63.55,920,13800,2600760
FINNIFTY02JAN2421500PE.NFO,02/01/2024,09:31:30,63.7,63.5,200,63.7,2440,5000,2600760
FINNIFTY02JAN2421500PE.NFO,02/01/2024,09:31:31,64,63.75,880,63.95,200,5400,2600760
FINNIFTY02JAN2421500PE.NFO,02/01/2024,09:31:33,63.7,63.7,3040,63.9,160,7680,2600760
FINNIFTY02JAN2421500PE.NFO,02/01/2024,09:31:34,64.4,64.4,1720,64.65,2360,5960,2600760
FINNIFTY02JAN2421500PE.NFO,02/01/2024,09:31:35,65.3,65.15,1160,65.3,1200,11040,2600760
FINNIFTY02JAN2421500PE.NFO,02/01/2024,09:31:36,64.95,64.8,80,64.95,680,10120,2600760
FINNIFTY02JAN2421500PE.NFO,02/01/2024,09:31:37,65.15,65,880,65.2,200,8600,2600760
FINNIFTY02JAN2421500PE.NFO,02/01/2024,09:31:38,65.1,65.25,2840,65.45,400,4800,2600760
FINNIFTY02JAN2421500PE.NFO,02/01/2024,09:31:39,65.65,65.45,80,65.6,1120,9000,2600760
FINNIFTY02JAN2421500PE.NFO,02/01/2024,09:31:39,65.6,65.4,440,65.6,1040,2040,2600760
FINNIFTY02JAN2421500PE.NFO,02/01/2024,09:31:40,65.45,65.55,1520,65.65,120,10880,2600760
FINNIFTY02JAN2421500PE.NFO,02/01/2024,09:31:41,66.15,65.95,3520,66.2,560,26280,2600760
FINNIFTY02JAN2421500PE.NFO,02/01/2024,09:31:42,66,65.8,640,66,3560,11560,2600760
FINNIFTY02JAN2421500PE.NFO,02/01/2024,09:31:43,65.75,65.7,2840,65.9,440,13760,2600760
FINNIFTY02JAN2421500PE.NFO,02/01/2024,09:31:45,65.3,65.2,1160,65.45,1440,21720,2600760
FINNIFTY02JAN2421500PE.NFO,02/01/2024,09:31:46,64.65,64.45,720,64.7,2720,12600,2600760
FINNIFTY02JAN2421500PE.NFO,02/01/2024,09:31:46,64.75,64.6,2960,64.8,160,2600,2600760
FINNIFTY02JAN2421500PE.NFO,02/01/2024,09:31:47,65.2,64.95,1560,65.2,1440,31160,2600760
FINNIFTY02JAN2421500PE.NFO,02/01/2024,09:31:48,64.55,64.45,3640,64.7,160,8680,2600760
FINNIFTY02JAN2421500PE.NFO,02/01/2024,09:31:49,64.6,64.6,760,64.8,1280,3560,2600760
FINNIFTY02JAN2421500PE.NFO,02/01/2024,09:31:50,65.25,65,400,65.2,680,15960,2600760
FINNIFTY02JAN2421500PE.NFO,02/01/2024,09:31:52,65.2,65.2,1560,65.4,520,9000,2600760
FINNIFTY02JAN2421500PE.NFO,02/01/2024,09:31:52,65.3,65.3,2040,65.55,2960,1040,2600760
FINNIFTY02JAN2421500PE.NFO,02/01/2024,09:31:53,65.45,65.45,2560,65.7,400,12240,2600760
FINNIFTY02JAN2421500PE.NFO,02/01/2024,09:31:54,66.45,66.45,3760,66.75,2200,53920,2600760
FINNIFTY02JAN2421500PE.NFO,02/01/2024,09:31:55,66.45,66.35,1040,66.6,560,9600,2600760
FINNIFTY02JAN2421500PE.NFO,02/01/2024,09:31:57,66.95,66.75,1920,67,840,25040,2600760
FINNIFTY02JAN2421500PE.NFO,02/01/2024,09:31:57,66.65,66.45,3640,66.75,2280,2040,2600760
FINNIFTY02JAN2421500PE.NFO,02/01/2024,09:31:58,65.9,65.75,1560,65.9,40,15200,2600760
FINNIFTY02JAN2421500PE.NFO,02/01/2024,09:31:59,65.6,65.75,280,66,520,11960,2600760
FINNIFTY02JAN2421500PE.NFO,02/01/2024,09:32:00,65.95,65.95,400,66.15,1120,15440,2600760
FINNIFTY02JAN2421500PE.NFO,02/01/2024,09:32:01,66.05,65.95,1920,66.2,240,14760,2600760
FINNIFTY02JAN2421500PE.NFO,02/01/2024,09:32:03,66.45,66.25,1120,66.45,520,6360,2600760
FINNIFTY02JAN2421500PE.NFO,02/01/2024,09:32:03,66.05,66.1,720,66.3,480,760,2600760
FINNIFTY02JAN2421500PE.NFO,02/01/2024,09:32:04,67.3,67.1,2280,67.3,320,27160,2600760
FINNIFTY02JAN2421500PE.NFO,02/01/2024,09:32:05,67.2,67,1360,67.2,320,36000,2600760
FINNIFTY02JAN2421500PE.NFO,02/01/2024,09:32:06,67.3,67.3,3720,67.5,160,21640,2600760
FINNIFTY02JAN2421500PE.NFO,02/01/2024,09:32:08,67.7,67.5,3040,67.7,240,22640,2600760
FINNIFTY02JAN2421500PE.NFO,02/01/2024,09:32:08,67.55,67.3,800,67.5,40,2720,2600760
FINNIFTY02JAN2421500PE.NFO,02/01/2024,09:32:09,67.7,67.45,2400,67.7,240,13640,2600760
FINNIFTY02JAN2421500PE.NFO,02/01/2024,09:32:10,67.05,67,2680,67.2,40,18440,2600760
FINNIFTY02JAN2421500PE.NFO,02/01/2024,09:32:11,66.6,66.7,2960,66.9,280,12280,2600760
FINNIFTY02JAN2421500PE.NFO,02/01/2024,09:32:13,65.65,65.4,2760,65.65,640,19080,2600760
FINNIFTY02JAN2421500PE.NFO,02/01/2024,09:32:13,65.75,65.55,160,65.75,1360,3400,2600760
FINNIFTY02JAN2421500PE.NFO,02/01/2024,09:32:14,66.6,66.4,3800,66.6,240,11600,2600760
FINNIFTY02JAN2421500PE.NFO,02/01/2024,09:32:15,67.25,67.1,440,67.3,1600,8600,2600760
FINNIFTY02JAN2421500PE.NFO,02/01/2024,09:32:16,67.65,67.35,760,67.6,2240,13480,2600760
FINNIFTY02JAN2421500PE.NFO,02/01/2024,09:32:17,67.65,67.65,240,67.85,920,14600,2600760
FINNIFTY02JAN2421500PE.NFO,02/01/2024,09:32:19,69.7,69.55,520,69.75,680,54840,2600760
FINNIFTY02JAN2421500PE.NFO,02/01/2024,09:32:19,69.8,69.65,520,69.8,280,2600,2600760
FINNIFTY02JAN2421500PE.NFO,02/01/2024,09:32:20,69.3,69.3,360,69.5,2000,15560,2600760
FINNIFTY02JAN2421500PE.NFO,02/01/2024,09:32:21,68.95,68.95,520,69.2,2040,27800,2600760
FINNIFTY02JAN2421500PE.NFO,02/01/2024,09:32:22,69.2,68.9,160,69.2,3800,19440,2600760
FINNIFTY02JAN2421500PE.NFO,02/01/2024,09:32:23,69.55,69.4,520,69.55,80,9760,2600760
FINNIFTY02JAN2421500PE.NFO,02/01/2024,09:32:24,69.15,69.25,840,69.45,520,18080,2600760
FINNIFTY02JAN2421500PE.NFO,02/01/2024,09:32:25,69.85,69.85,120,70,8560,13120,2600760
FINNIFTY02JAN2421500PE.NFO,02/01/2024,09:32:27,69.05,68.85,1960,69.15,3560,19040,2600760
FINNIFTY02JAN2421500PE.NFO,02/01/2024,09:32:27,69,68.75,2200,69,1000,2440,2600760
FINNIFTY02JAN2421500PE.NFO,02/01/2024,09:32:28,68.6,68.4,1000,68.6,320,12200,2600760
FINNIFTY02JAN2421500PE.NFO,02/01/2024,09:32:29,68.05,67.65,600,67.85,520,18440,2600760
FINNIFTY02JAN2421500PE.NFO,02/01/2024,09:32:30,67.75,67.7,2080,67.95,320,7200,2669160
FINNIFTY02JAN2421500PE.NFO,02/01/2024,09:32:31,67.6,67.4,2600,67.6,40,18360,2669160
FINNIFTY02JAN2421500PE.NFO,02/01/2024,09:32:32,67.95,67.95,240,68.15,560,6400,2669160
FINNIFTY02JAN2421500PE.NFO,02/01/2024,09:32:33,68.15,67.9,240,68.15,2600,7920,2669160
FINNIFTY02JAN2421500PE.NFO,02/01/2024,09:32:35,68.45,68.4,560,68.6,520,9160,2669160
FINNIFTY02JAN2421500PE.NFO,02/01/2024,09:32:36,68.4,68.4,1280,68.6,360,3760,2669160
FINNIFTY02JAN2421500PE.NFO,02/01/2024,09:32:37,69.45,69.25,280,69.45,2840,13720,2669160
FINNIFTY02JAN2421500PE.NFO,02/01/2024,09:32:38,69.6,69.65,1680,69.9,440,10360,2669160
FINNIFTY02JAN2421500PE.NFO,02/01/2024,09:32:39,69.7,69.75,2800,69.95,3480,10440,2669160
FINNIFTY02JAN2421500PE.NFO,02/01/2024,09:32:40,69.95,69.75,600,69.95,800,29920,2669160
FINNIFTY02JAN2421500PE.NFO,02/01/2024,09:32:41,69.2,69.05,1240,69.25,200,11000,2669160
FINNIFTY02JAN2421500PE.NFO,02/01/2024,09:32:42,69.6,69.45,320,69.65,520,14200,2669160
FINNIFTY02JAN2421500PE.NFO,02/01/2024,09:32:43,69.75,69.75,2320,70,1840,6640,2669160
FINNIFTY02JAN2421500PE.NFO,02/01/2024,09:32:44,69.55,69.3,1200,69.55,2040,13480,2669160
FINNIFTY02JAN2421500PE.NFO,02/01/2024,09:32:45,69.2,69.35,240,69.55,80,17280,2669160
FINNIFTY02JAN2421500PE.NFO,02/01/2024,09:32:46,69.75,69.75,1920,70,920,18000,2669160
FINNIFTY02JAN2421500PE.NFO,02/01/2024,09:32:47,69.35,69.2,240,69.35,240,13120,2669160
FINNIFTY02JAN2421500PE.NFO,02/01/2024,09:32:48,69.2,69.2,280,69.3,1240,7400,2669160
FINNIFTY02JAN2421500PE.NFO,02/01/2024,09:32:49,68.35,68.1,240,68.35,3160,15560,2669160
FINNIFTY02JAN2421500PE.NFO,02/01/2024,09:32:50,68.05,68,320,68.2,880,14680,2669160
FINNIFTY02JAN2421500PE.NFO,02/01/2024,09:32:51,68.7,68.7,640,68.9,840,18720,2669160
FINNIFTY02JAN2421500PE.NFO,02/01/2024,09:32:52,68.35,68.3,1120,68.55,840,9040,2669160
FINNIFTY02JAN2421500PE.NFO,02/01/2024,09:32:52,68.3,68.35,1600,68.55,240,2240,2669160
FINNIFTY02JAN2421500PE.NFO,02/01/2024,09:32:53,69.3,69.3,280,69.55,2000,19080,2669160
FINNIFTY02JAN2421500PE.NFO,02/01/2024,09:32:54,68.3,68.15,1720,68.4,680,24040,2669160
FINNIFTY02JAN2421500PE.NFO,02/01/2024,09:32:55,68.5,68.45,1400,68.75,1600,4800,2669160
FINNIFTY02JAN2421500PE.NFO,02/01/2024,09:32:56,68.45,68.45,2440,68.7,160,6040,2669160
FINNIFTY02JAN2421500PE.NFO,02/01/2024,09:32:57,68.85,68.6,920,68.85,1880,5480,2669160
FINNIFTY02JAN2421500PE.NFO,02/01/2024,09:32:58,68.25,68.25,1960,68.45,1000,5080,2669160
FINNIFTY02JAN2421500PE.NFO,02/01/2024,09:32:59,67.8,67.6,240,67.8,1880,10400,2669160
FINNIFTY02JAN2421500PE.NFO,02/01/2024,09:33:00,67.8,67.55,2640,67.8,520,10240,2669160
FINNIFTY02JAN2421500PE.NFO,02/01/2024,09:33:01,67.65,67.3,80,67.45,200,25720,2669160
FINNIFTY02JAN2421500PE.NFO,02/01/2024,09:33:02,67.2,67,280,67.15,120,11600,2669160
FINNIFTY02JAN2421500PE.NFO,02/01/2024,09:33:03,67.1,67.1,920,67.35,2520,14520,2669160
FINNIFTY02JAN2421500PE.NFO,02/01/2024,09:33:04,67.35,67.1,360,67.35,2560,5280,2669160
FINNIFTY02JAN2421500PE.NFO,02/01/2024,09:33:05,67,67,120,67.2,160,7960,2669160
FINNIFTY02JAN2421500PE.NFO,02/01/2024,09:33:06,67.2,67.2,840,67.4,320,4000,2669160
FINNIFTY02JAN2421500PE.NFO,02/01/2024,09:33:08,67.55,67.6,320,67.85,1480,8400,2669160
FINNIFTY02JAN2421500PE.NFO,02/01/2024,09:33:09,67.45,67.15,160,67.35,680,6760,2669160
FINNIFTY02JAN2421500PE.NFO,02/01/2024,09:33:09,67.3,67.35,280,67.55,520,1240,2669160
FINNIFTY02JAN2421500PE.NFO,02/01/2024,09:33:10,67.5,67.25,200,67.5,1280,5960,2669160
FINNIFTY02JAN2421500PE.NFO,02/01/2024,09:33:11,68,67.75,320,68,3400,3680,2669160
FINNIFTY02JAN2421500PE.NFO,02/01/2024,09:33:13,68,68,480,68.2,560,5400,2669160
FINNIFTY02JAN2421500PE.NFO,02/01/2024,09:33:14,68.6,68.55,200,68.65,640,13480,2669160
FINNIFTY02JAN2421500PE.NFO,02/01/2024,09:33:14,68.7,68.45,1000,68.7,2600,1840,2669160
FINNIFTY02JAN2421500PE.NFO,02/01/2024,09:33:15,69.4,69.4,360,69.6,760,11200,2669160
FINNIFTY02JAN2421500PE.NFO,02/01/2024,09:33:16,70.2,70,3000,70.25,200,30120,2669160
FINNIFTY02JAN2421500PE.NFO,02/01/2024,09:33:18,69.55,69.5,2920,69.8,760,16640,2669160
FINNIFTY02JAN2421500PE.NFO,02/01/2024,09:33:19,69,68.75,880,69,1800,16200,2669160
FINNIFTY02JAN2421500PE.NFO,02/01/2024,09:33:19,69.1,68.9,1200,69.15,280,8120,2669160
FINNIFTY02JAN2421500PE.NFO,02/01/2024,09:33:20,69.5,69.4,320,69.65,3160,13200,2669160
FINNIFTY02JAN2421500PE.NFO,02/01/2024,09:33:21,69.45,69.25,240,69.45,160,4760,2669160
FINNIFTY02JAN2421500PE.NFO,02/01/2024,09:33:22,69.8,69.6,3120,69.85,200,7600,2669160
FINNIFTY02JAN2421500PE.NFO,02/01/2024,09:33:24,69.7,69.55,760,69.85,3120,22640,2669160
FINNIFTY02JAN2421500PE.NFO,02/01/2024,09:33:25,69.9,69.7,240,69.95,2560,8360,2669160
FINNIFTY02JAN2421500PE.NFO,02/01/2024,09:33:25,70.35,70.25,200,70.5,1360,2160,2669160
FINNIFTY02JAN2421500PE.NFO,02/01/2024,09:33:26,70.5,70.35,240,70.6,1960,29960,2669160
FINNIFTY02JAN2421500PE.NFO,02/01/2024,09:33:27,70.55,70.35,2240,70.55,160,21840,2669160
FINNIFTY02JAN2421500PE.NFO,02/01/2024,09:33:29,70.65,70.4,2800,70.7,1600,19880,2669160
FINNIFTY02JAN2421500PE.NFO,02/01/2024,09:33:30,70.2,69.95,2680,70.25,160,10520,2669160
FINNIFTY02JAN2421500PE.NFO,02/01/2024,09:33:30,70.1,69.75,1400,70,600,5600,2669160
FINNIFTY02JAN2421500PE.NFO,02/01/2024,09:33:31,69.4,69.4,1720,69.7,3000,11280,2669160
FINNIFTY02JAN2421500PE.NFO,02/01/2024,09:33:32,68.65,68.65,160,68.75,120,14880,2669160
FINNIFTY02JAN2421500PE.NFO,02/01/2024,09:33:34,68.8,68.55,2160,68.8,160,18800,2669160
FINNIFTY02JAN2421500PE.NFO,02/01/2024,09:33:35,69.3,69.15,640,69.35,1080,12440,2669160
FINNIFTY02JAN2421500PE.NFO,02/01/2024,09:33:35,69.1,69.05,200,69.25,760,480,2669160
FINNIFTY02JAN2421500PE.NFO,02/01/2024,09:33:36,69.3,69.2,240,69.4,2040,4640,2669160
FINNIFTY02JAN2421500PE.NFO,02/01/2024,09:33:37,68.25,68.05,1840,68.3,520,24400,2669160
FINNIFTY02JAN2421500PE.NFO,02/01/2024,09:33:39,68.55,68.3,240,68.5,240,10320,2669160
FINNIFTY02JAN2421500PE.NFO,02/01/2024,09:33:40,68.75,68.75,160,68.95,2160,11960,2669160
FINNIFTY02JAN2421500PE.NFO,02/01/2024,09:33:40,68.8,68.55,240,68.8,2280,440,2669160
FINNIFTY02JAN2421500PE.NFO,02/01/2024,09:33:41,69.35,69.1,440,69.3,840,8240,2669160
FINNIFTY02JAN2421500PE.NFO,02/01/2024,09:33:42,68.55,68.35,240,68.55,280,6640,2669160
FINNIFTY02JAN2421500PE.NFO,02/01/2024,09:33:44,67.3,67.3,2040,67.5,120,15800,2669160
FINNIFTY02JAN2421500PE.NFO,02/01/2024,09:33:45,67.25,67.3,80,67.55,2800,11520,2669160
FINNIFTY02JAN2421500PE.NFO,02/01/2024,09:33:45,67.35,67.2,400,67.35,120,17160,2669160
FINNIFTY02JAN2421500PE.NFO,02/01/2024,09:33:46,68,67.8,40,68,2560,7800,2669160
FINNIFTY02JAN2421500PE.NFO,02/01/2024,09:33:47,67.75,67.55,2960,67.85,1360,4040,2669160
FINNIFTY02JAN2421500PE.NFO,02/01/2024,09:33:48,67.8,67.5,3000,67.8,2320,9960,2669160
FINNIFTY02JAN2421500PE.NFO,02/01/2024,09:33:49,67.15,66.9,960,67.15,640,11880,2669160
FINNIFTY02JAN2421500PE.NFO,02/01/2024,09:33:50,66.15,65.85,2640,66.1,880,24200,2669160
FINNIFTY02JAN2421500PE.NFO,02/01/2024,09:33:51,65.95,65.9,200,66.1,280,11040,2669160
FINNIFTY02JAN2421500PE.NFO,02/01/2024,09:33:52,65,65,1920,65.2,160,47800,2669160
FINNIFTY02JAN2421500PE.NFO,02/01/2024,09:33:53,64.85,64.6,2080,64.85,1840,10800,2669160
FINNIFTY02JAN2421500PE.NFO,02/01/2024,09:33:54,65.5,65.2,2600,65.5,1200,8920,2669160
FINNIFTY02JAN2421500PE.NFO,02/01/2024,09:33:55,65.4,65.2,360,65.4,160,10160,2669160
FINNIFTY02JAN2421500PE.NFO,02/01/2024,09:33:56,65.2,65.05,480,65.25,840,9600,2669160
FINNIFTY02JAN2421500PE.NFO,02/01/2024,09:33:57,65.3,65.3,680,65.6,1920,12080,2669160
FINNIFTY02JAN2421500PE.NFO,02/01/2024,09:33:58,65.25,65.25,520,65.45,200,6960,2669160
FINNIFTY02JAN2421500PE.NFO,02/01/2024,09:33:59,65.85,65.95,40,66.1,2440,10360,2669160
FINNIFTY02JAN2421500PE.NFO,02/01/2024,09:34:01,65.35,65.35,320,65.5,160,9960,2669160
FINNIFTY02JAN2421500PE.NFO,02/01/2024,09:34:02,66.45,66.35,40,66.5,1960,8440,2669160
FINNIFTY02JAN2421500PE.NFO,02/01/2024,09:34:02,66.45,66.25,800,66.45,40,1640,2669160
FINNIFTY02JAN2421500PE.NFO,02/01/2024,09:34:03,66.55,66.55,2240,66.8,1360,15760,2669160
FINNIFTY02JAN2421500PE.NFO,02/01/2024,09:34:04,66.5,66.35,120,66.55,1160,17280,2669160
FINNIFTY02JAN2421500PE.NFO,02/01/2024,09:34:06,66.8,66.6,2800,66.9,320,14640,2669160
FINNIFTY02JAN2421500PE.NFO,02/01/2024,09:34:06,66.8,66.65,120,66.85,1280,6680,2669160
FINNIFTY02JAN2421500PE.NFO,02/01/2024,09:34:08,67,66.85,40,67,800,9640,2669160
FINNIFTY02JAN2421500PE.NFO,02/01/2024,09:34:09,66.8,66.6,2360,66.85,80,8840,2669160
FINNIFTY02JAN2421500PE.NFO,02/01/2024,09:34:09,66.9,66.7,240,66.9,400,1840,2669160
FINNIFTY02JAN2421500PE.NFO,02/01/2024,09:34:10,67.15,67.2,1360,67.45,1080,5840,2669160
FINNIFTY02JAN2421500PE.NFO,02/01/2024,09:34:11,67.5,67.45,240,67.65,1080,6680,2669160
FINNIFTY02JAN2421500PE.NFO,02/01/2024,09:34:13,67.25,67.2,120,67.35,1040,11680,2669160
FINNIFTY02JAN2421500PE.NFO,02/01/2024,09:34:14,67,67,2360,67.15,1680,10680,2669160
FINNIFTY02JAN2421500PE.NFO,02/01/2024,09:34:14,67.15,67,2600,67.2,1640,5200,2669160
FINNIFTY02JAN2421500PE.NFO,02/01/2024,09:34:15,67.25,67.05,1760,67.3,1440,15600,2669160
FINNIFTY02JAN2421500PE.NFO,02/01/2024,09:34:16,67.5,67.25,3160,67.55,1880,6920,2669160
FINNIFTY02JAN2421500PE.NFO,02/01/2024,09:34:17,67.25,67,3160,67.2,640,20600,2669160
FINNIFTY02JAN2421500PE.NFO,02/01/2024,09:34:19,68.45,68.25,280,68.45,800,9520,2669160
FINNIFTY02JAN2421500PE.NFO,02/01/2024,09:34:20,68.5,68.3,480,68.5,240,5520,2669160
