Ticker,Date,Time,LTP,BuyPrice,BuyQty,SellPrice,SellQty,LTQ,OpenInterest
FINNIFTY02JAN2422300CE.NFO,02/01/2024,09:15:06,0.55,0.45,27240,0.5,42560,29320,1434080
FINNIFTY02JAN2422300CE.NFO,02/01/2024,09:15:06,0.55,0.45,27240,0.5,42560,0,1434080
FINNIFTY02JAN2422300CE.NFO,02/01/2024,09:15:06,0.55,0.45,27240,0.5,42560,0,1434080
FINNIFTY02JAN2422300CE.NFO,02/01/2024,09:15:06,0.45,0.45,27240,0.5,42560,0,1434080
FINNIFTY02JAN2422300CE.NFO,02/01/2024,09:15:19,0.4,0.4,29440,0.45,46280,48440,1434080
FINNIFTY02JAN2422300CE.NFO,02/01/2024,09:15:19,0.4,0.4,29440,0.45,46280,0,1434080
FINNIFTY02JAN2422300CE.NFO,02/01/2024,09:15:30,0.4,0.4,90440,0.45,54640,7920,1434080
FINNIFTY02JAN2422300CE.NFO,02/01/2024,09:15:40,0.4,0.4,90920,0.45,54600,7320,1434080
FINNIFTY02JAN2422300CE.NFO,02/01/2024,09:15:49,0.4,0.4,111520,0.45,74720,1080,1434080
FINNIFTY02JAN2422300CE.NFO,02/01/2024,09:15:57,0.45,0.4,114120,0.45,73160,5240,1434080
FINNIFTY02JAN2422300CE.NFO,02/01/2024,09:16:07,0.4,0.4,126040,0.45,96720,6200,1434080
FINNIFTY02JAN2422300CE.NFO,02/01/2024,09:16:16,0.4,0.4,137920,0.45,119960,22800,1434080
FINNIFTY02JAN2422300CE.NFO,02/01/2024,09:16:24,0.4,0.4,127280,0.45,134720,11240,1434080
FINNIFTY02JAN2422300CE.NFO,02/01/2024,09:16:32,0.45,0.4,131240,0.45,141240,23160,1434080
FINNIFTY02JAN2422300CE.NFO,02/01/2024,09:16:39,0.4,0.4,105880,0.45,174640,16360,1434080
FINNIFTY02JAN2422300CE.NFO,02/01/2024,09:16:48,0.45,0.4,107640,0.45,175240,14480,1434080
FINNIFTY02JAN2422300CE.NFO,02/01/2024,09:16:56,0.4,0.4,105800,0.45,175720,2400,1434080
FINNIFTY02JAN2422300CE.NFO,02/01/2024,09:17:03,0.4,0.4,94200,0.45,188080,15040,1434080
FINNIFTY02JAN2422300CE.NFO,02/01/2024,09:17:13,0.4,0.4,87000,0.45,191680,7200,1434080
FINNIFTY02JAN2422300CE.NFO,02/01/2024,09:17:21,0.4,0.35,224280,0.4,150800,31920,1434080
FINNIFTY02JAN2422300CE.NFO,02/01/2024,09:17:28,0.4,0.35,225400,0.4,175960,6800,1460400
FINNIFTY02JAN2422300CE.NFO,02/01/2024,09:17:38,0.4,0.35,220120,0.4,179200,6600,1460400
FINNIFTY02JAN2422300CE.NFO,02/01/2024,09:17:46,0.4,0.35,219960,0.4,178520,13160,1460400
FINNIFTY02JAN2422300CE.NFO,02/01/2024,09:17:53,0.4,0.35,220160,0.4,177040,8000,1460400
FINNIFTY02JAN2422300CE.NFO,02/01/2024,09:18:01,0.4,0.35,219120,0.4,178480,2840,1460400
FINNIFTY02JAN2422300CE.NFO,02/01/2024,09:18:01,0.35,0.35,219120,0.4,178480,0,1460400
FINNIFTY02JAN2422300CE.NFO,02/01/2024,09:18:08,0.4,0.35,219760,0.4,180280,0,1460400
FINNIFTY02JAN2422300CE.NFO,02/01/2024,09:18:15,0.4,0.35,373680,0.4,179240,3400,1460400
FINNIFTY02JAN2422300CE.NFO,02/01/2024,09:18:23,0.4,0.35,378280,0.4,175680,10200,1460400
FINNIFTY02JAN2422300CE.NFO,02/01/2024,09:18:31,0.4,0.35,378920,0.4,177560,960,1460400
FINNIFTY02JAN2422300CE.NFO,02/01/2024,09:18:38,0.35,0.35,295760,0.4,177640,90000,1460400
FINNIFTY02JAN2422300CE.NFO,02/01/2024,09:18:45,0.35,0.35,325400,0.4,215440,560,1460400
FINNIFTY02JAN2422300CE.NFO,02/01/2024,09:18:54,0.4,0.35,328520,0.4,214520,15960,1460400
FINNIFTY02JAN2422300CE.NFO,02/01/2024,09:19:03,0.4,0.35,332560,0.4,218360,9600,1460400
FINNIFTY02JAN2422300CE.NFO,02/01/2024,09:19:12,0.35,0.35,339080,0.4,226720,7440,1460400
FINNIFTY02JAN2422300CE.NFO,02/01/2024,09:19:20,0.4,0.35,344600,0.4,223160,7640,1460400
FINNIFTY02JAN2422300CE.NFO,02/01/2024,09:19:29,0.35,0.35,344560,0.4,230080,440,1460400
FINNIFTY02JAN2422300CE.NFO,02/01/2024,09:19:30,0.35,0.35,190560,0.4,235120,0,1460400
FINNIFTY02JAN2422300CE.NFO,02/01/2024,09:19:32,0.35,0.35,193440,0.4,238720,0,1460400
FINNIFTY02JAN2422300CE.NFO,02/01/2024,09:19:34,0.35,0.35,194240,0.4,218920,0,1460400
FINNIFTY02JAN2422300CE.NFO,02/01/2024,09:19:35,0.35,0.35,194200,0.4,225040,40,1460400
FINNIFTY02JAN2422300CE.NFO,02/01/2024,09:19:37,0.35,0.35,195000,0.4,222160,0,1460400
FINNIFTY02JAN2422300CE.NFO,02/01/2024,09:19:39,0.35,0.35,196120,0.4,220360,0,1460400
FINNIFTY02JAN2422300CE.NFO,02/01/2024,09:19:40,0.35,0.35,195120,0.4,220360,1000,1460400
FINNIFTY02JAN2422300CE.NFO,02/01/2024,09:19:42,0.4,0.35,195120,0.4,222120,40,1460400
FINNIFTY02JAN2422300CE.NFO,02/01/2024,09:19:44,0.4,0.35,195000,0.4,221480,640,1460400
FINNIFTY02JAN2422300CE.NFO,02/01/2024,09:19:45,0.4,0.35,195000,0.4,221000,480,1460400
FINNIFTY02JAN2422300CE.NFO,02/01/2024,09:19:47,0.4,0.35,195000,0.4,220280,320,1460400
FINNIFTY02JAN2422300CE.NFO,02/01/2024,09:19:49,0.4,0.35,195800,0.4,219800,480,1460400
FINNIFTY02JAN2422300CE.NFO,02/01/2024,09:19:50,0.4,0.35,195800,0.4,219480,320,1460400
FINNIFTY02JAN2422300CE.NFO,02/01/2024,09:19:52,0.4,0.35,226400,0.4,218960,520,1460400
FINNIFTY02JAN2422300CE.NFO,02/01/2024,09:19:54,0.4,0.35,230600,0.4,218920,1720,1460400
FINNIFTY02JAN2422300CE.NFO,02/01/2024,09:19:55,0.4,0.35,230280,0.4,219000,3040,1460400
FINNIFTY02JAN2422300CE.NFO,02/01/2024,09:19:57,0.4,0.35,230280,0.4,219120,1680,1460400
FINNIFTY02JAN2422300CE.NFO,02/01/2024,09:19:59,0.4,0.35,230280,0.4,218800,320,1460400
FINNIFTY02JAN2422300CE.NFO,02/01/2024,09:20:00,0.4,0.35,228000,0.4,218600,2880,1460400
FINNIFTY02JAN2422300CE.NFO,02/01/2024,09:20:02,0.4,0.35,228000,0.4,219080,3120,1460400
FINNIFTY02JAN2422300CE.NFO,02/01/2024,09:20:04,0.4,0.35,229800,0.4,212440,6640,1460400
FINNIFTY02JAN2422300CE.NFO,02/01/2024,09:20:05,0.4,0.35,229800,0.4,201200,6400,1460400
FINNIFTY02JAN2422300CE.NFO,02/01/2024,09:20:07,0.4,0.35,229800,0.4,199920,880,1460400
FINNIFTY02JAN2422300CE.NFO,02/01/2024,09:20:09,0.4,0.35,221440,0.4,197960,12160,1460400
FINNIFTY02JAN2422300CE.NFO,02/01/2024,09:20:10,0.4,0.35,221440,0.4,188880,7240,1460400
FINNIFTY02JAN2422300CE.NFO,02/01/2024,09:20:12,0.4,0.35,221440,0.4,190960,3320,1460400
FINNIFTY02JAN2422300CE.NFO,02/01/2024,09:20:14,0.35,0.35,219240,0.4,201160,400,1460400
FINNIFTY02JAN2422300CE.NFO,02/01/2024,09:20:15,0.4,0.35,220240,0.4,195680,6240,1460400
FINNIFTY02JAN2422300CE.NFO,02/01/2024,09:20:17,0.4,0.35,218040,0.4,192000,4080,1460400
FINNIFTY02JAN2422300CE.NFO,02/01/2024,09:20:19,0.4,0.35,210840,0.4,186720,3480,1460400
FINNIFTY02JAN2422300CE.NFO,02/01/2024,09:20:20,0.4,0.35,185640,0.4,181160,5560,1460400
FINNIFTY02JAN2422300CE.NFO,02/01/2024,09:20:22,0.35,0.35,183480,0.4,180960,560,1460400
FINNIFTY02JAN2422300CE.NFO,02/01/2024,09:20:23,0.35,0.35,183480,0.4,180960,0,1460400
FINNIFTY02JAN2422300CE.NFO,02/01/2024,09:20:25,0.35,0.35,184360,0.4,180960,0,1460400
FINNIFTY02JAN2422300CE.NFO,02/01/2024,09:20:28,0.35,0.35,185160,0.4,183160,120,1474240
FINNIFTY02JAN2422300CE.NFO,02/01/2024,09:20:34,0.4,0.35,187880,0.4,179560,4480,1474240
FINNIFTY02JAN2422300CE.NFO,02/01/2024,09:20:42,0.4,0.35,184480,0.4,174560,4600,1474240
FINNIFTY02JAN2422300CE.NFO,02/01/2024,09:20:49,0.4,0.35,184080,0.4,172120,2840,1474240
FINNIFTY02JAN2422300CE.NFO,02/01/2024,09:20:59,0.4,0.35,189480,0.4,167240,4880,1474240
FINNIFTY02JAN2422300CE.NFO,02/01/2024,09:21:11,0.35,0.35,203960,0.4,189840,1600,1474240
FINNIFTY02JAN2422300CE.NFO,02/01/2024,09:21:22,0.4,0.35,204320,0.4,191160,760,1474240
FINNIFTY02JAN2422300CE.NFO,02/01/2024,09:21:34,0.4,0.35,203760,0.4,187200,2960,1474240
FINNIFTY02JAN2422300CE.NFO,02/01/2024,09:21:46,0.4,0.35,203760,0.4,186000,1200,1474240
FINNIFTY02JAN2422300CE.NFO,02/01/2024,09:21:57,0.4,0.35,197320,0.4,182880,10520,1474240
FINNIFTY02JAN2422300CE.NFO,02/01/2024,09:22:08,0.35,0.35,364600,0.4,208280,1520,1474240
FINNIFTY02JAN2422300CE.NFO,02/01/2024,09:22:20,0.4,0.35,365480,0.4,206200,880,1474240
FINNIFTY02JAN2422300CE.NFO,02/01/2024,09:22:31,0.4,0.35,351440,0.4,202200,7160,1474240
FINNIFTY02JAN2422300CE.NFO,02/01/2024,09:22:42,0.35,0.35,352040,0.4,191440,1800,1474240
FINNIFTY02JAN2422300CE.NFO,02/01/2024,09:22:54,0.4,0.35,352040,0.4,193600,4640,1474240
FINNIFTY02JAN2422300CE.NFO,02/01/2024,09:23:05,0.35,0.35,346760,0.4,193240,9480,1474240
FINNIFTY02JAN2422300CE.NFO,02/01/2024,09:23:15,0.35,0.35,346560,0.4,192400,1000,1474240
FINNIFTY02JAN2422300CE.NFO,02/01/2024,09:23:26,0.4,0.35,344760,0.4,184440,12800,1493480
FINNIFTY02JAN2422300CE.NFO,02/01/2024,09:23:36,0.35,0.35,335240,0.4,163840,6520,1493480
FINNIFTY02JAN2422300CE.NFO,02/01/2024,09:23:47,0.4,0.35,334840,0.4,164680,560,1493480
FINNIFTY02JAN2422300CE.NFO,02/01/2024,09:23:58,0.4,0.35,334880,0.4,166800,1240,1493480
FINNIFTY02JAN2422300CE.NFO,02/01/2024,09:24:09,0.4,0.35,334280,0.4,163920,2640,1493480
FINNIFTY02JAN2422300CE.NFO,02/01/2024,09:24:19,0.4,0.35,333560,0.4,142800,23560,1493480
FINNIFTY02JAN2422300CE.NFO,02/01/2024,09:24:30,0.4,0.35,362360,0.4,139200,3680,1493480
FINNIFTY02JAN2422300CE.NFO,02/01/2024,09:24:41,0.4,0.35,213760,0.4,138720,480,1493480
FINNIFTY02JAN2422300CE.NFO,02/01/2024,09:24:52,0.4,0.35,212960,0.4,135560,4640,1493480
FINNIFTY02JAN2422300CE.NFO,02/01/2024,09:25:03,0.35,0.35,179440,0.4,133520,6320,1493480
FINNIFTY02JAN2422300CE.NFO,02/01/2024,09:25:14,0.35,0.35,173280,0.4,165840,4480,1493480
FINNIFTY02JAN2422300CE.NFO,02/01/2024,09:25:25,0.35,0.35,167080,0.4,165600,8840,1493480
FINNIFTY02JAN2422300CE.NFO,02/01/2024,09:25:36,0.35,0.35,199760,0.4,165920,2280,1493480
FINNIFTY02JAN2422300CE.NFO,02/01/2024,09:25:47,0.4,0.35,199640,0.4,166240,2200,1493480
FINNIFTY02JAN2422300CE.NFO,02/01/2024,09:25:58,0.35,0.35,201880,0.4,167560,560,1493480
FINNIFTY02JAN2422300CE.NFO,02/01/2024,09:26:08,0.4,0.35,199040,0.4,169320,720,1493480
FINNIFTY02JAN2422300CE.NFO,02/01/2024,09:26:20,0.4,0.35,200840,0.4,144320,9120,1493480
FINNIFTY02JAN2422300CE.NFO,02/01/2024,09:26:33,0.4,0.35,199400,0.4,135000,8280,1477760
FINNIFTY02JAN2422300CE.NFO,02/01/2024,09:26:45,0.4,0.35,198440,0.4,139480,7840,1477760
FINNIFTY02JAN2422300CE.NFO,02/01/2024,09:26:58,0.35,0.35,205400,0.4,144320,5880,1477760
FINNIFTY02JAN2422300CE.NFO,02/01/2024,09:27:10,0.35,0.35,206880,0.4,150600,10320,1477760
FINNIFTY02JAN2422300CE.NFO,02/01/2024,09:27:21,0.35,0.35,200360,0.4,161360,14320,1477760
FINNIFTY02JAN2422300CE.NFO,02/01/2024,09:27:30,0.4,0.35,214560,0.4,165280,11360,1477760
FINNIFTY02JAN2422300CE.NFO,02/01/2024,09:27:33,0.35,0.35,213120,0.4,174320,240,1477760
FINNIFTY02JAN2422300CE.NFO,02/01/2024,09:27:36,0.35,0.35,211000,0.4,175760,2120,1477760
FINNIFTY02JAN2422300CE.NFO,02/01/2024,09:27:38,0.35,0.35,210600,0.4,175760,400,1477760
FINNIFTY02JAN2422300CE.NFO,02/01/2024,09:27:40,0.35,0.35,210560,0.4,175360,40,1477760
FINNIFTY02JAN2422300CE.NFO,02/01/2024,09:27:41,0.35,0.35,210400,0.4,176800,1360,1477760
FINNIFTY02JAN2422300CE.NFO,02/01/2024,09:27:45,0.35,0.35,209360,0.4,176800,1040,1477760
FINNIFTY02JAN2422300CE.NFO,02/01/2024,09:27:46,0.35,0.35,209360,0.4,178240,0,1477760
FINNIFTY02JAN2422300CE.NFO,02/01/2024,09:27:49,0.35,0.35,209360,0.4,179120,0,1477760
FINNIFTY02JAN2422300CE.NFO,02/01/2024,09:27:53,0.35,0.35,206400,0.4,178240,560,1477760
FINNIFTY02JAN2422300CE.NFO,02/01/2024,09:27:54,0.35,0.35,208600,0.4,179120,200,1477760
FINNIFTY02JAN2422300CE.NFO,02/01/2024,09:27:56,0.35,0.35,208600,0.4,180560,0,1477760
FINNIFTY02JAN2422300CE.NFO,02/01/2024,09:27:58,0.35,0.35,208600,0.4,180520,0,1477760
FINNIFTY02JAN2422300CE.NFO,02/01/2024,09:27:59,0.35,0.35,208600,0.4,180960,0,1477760
FINNIFTY02JAN2422300CE.NFO,02/01/2024,09:28:01,0.35,0.35,208600,0.4,180080,0,1477760
FINNIFTY02JAN2422300CE.NFO,02/01/2024,09:28:03,0.35,0.35,205240,0.4,179600,3360,1477760
FINNIFTY02JAN2422300CE.NFO,02/01/2024,09:28:04,0.35,0.35,206080,0.4,179600,40,1477760
FINNIFTY02JAN2422300CE.NFO,02/01/2024,09:28:06,0.35,0.35,205200,0.4,179600,0,1477760
FINNIFTY02JAN2422300CE.NFO,02/01/2024,09:28:08,0.35,0.35,204960,0.4,179600,1120,1477760
FINNIFTY02JAN2422300CE.NFO,02/01/2024,09:28:09,0.35,0.35,204960,0.4,181040,0,1477760
FINNIFTY02JAN2422300CE.NFO,02/01/2024,09:28:11,0.4,0.35,204040,0.4,181000,80,1477760
FINNIFTY02JAN2422300CE.NFO,02/01/2024,09:28:14,0.4,0.35,204040,0.4,181560,0,1477760
FINNIFTY02JAN2422300CE.NFO,02/01/2024,09:28:16,0.4,0.35,200440,0.4,181560,0,1477760
FINNIFTY02JAN2422300CE.NFO,02/01/2024,09:28:23,0.35,0.35,200280,0.4,181560,160,1477760
FINNIFTY02JAN2422300CE.NFO,02/01/2024,09:28:24,0.4,0.35,201040,0.4,181120,560,1477760
FINNIFTY02JAN2422300CE.NFO,02/01/2024,09:28:26,0.4,0.35,200160,0.4,181120,0,1477760
FINNIFTY02JAN2422300CE.NFO,02/01/2024,09:28:29,0.4,0.35,200160,0.4,182520,400,1477760
FINNIFTY02JAN2422300CE.NFO,02/01/2024,09:28:30,0.4,0.35,200160,0.4,183400,0,1477760
FINNIFTY02JAN2422300CE.NFO,02/01/2024,09:28:42,0.4,0.35,199240,0.4,191480,0,1477760
FINNIFTY02JAN2422300CE.NFO,02/01/2024,09:28:54,0.4,0.35,186760,0.4,182840,12200,1477760
FINNIFTY02JAN2422300CE.NFO,02/01/2024,09:29:06,0.4,0.35,186760,0.4,186480,2480,1477760
FINNIFTY02JAN2422300CE.NFO,02/01/2024,09:29:17,0.4,0.35,180520,0.4,191680,7320,1477760
FINNIFTY02JAN2422300CE.NFO,02/01/2024,09:29:29,0.4,0.35,180600,0.4,192480,0,1477760
FINNIFTY02JAN2422300CE.NFO,02/01/2024,09:29:41,0.35,0.35,179600,0.4,181360,11720,1439560
FINNIFTY02JAN2422300CE.NFO,02/01/2024,09:29:52,0.4,0.35,176000,0.4,173360,8000,1439560
FINNIFTY02JAN2422300CE.NFO,02/01/2024,09:30:04,0.35,0.35,174920,0.4,173320,240,1439560
FINNIFTY02JAN2422300CE.NFO,02/01/2024,09:30:15,0.35,0.35,144120,0.4,174480,4120,1439560
FINNIFTY02JAN2422300CE.NFO,02/01/2024,09:30:28,0.4,0.35,141920,0.4,160760,600,1439560
FINNIFTY02JAN2422300CE.NFO,02/01/2024,09:30:39,0.4,0.35,141920,0.4,162800,0,1439560
FINNIFTY02JAN2422300CE.NFO,02/01/2024,09:30:50,0.4,0.35,143680,0.4,163680,80,1439560
FINNIFTY02JAN2422300CE.NFO,02/01/2024,09:31:01,0.35,0.35,172840,0.4,164560,640,1439560
FINNIFTY02JAN2422300CE.NFO,02/01/2024,09:31:12,0.35,0.35,171360,0.4,164480,1480,1439560
FINNIFTY02JAN2422300CE.NFO,02/01/2024,09:31:24,0.35,0.35,172040,0.4,171680,1000,1439560
FINNIFTY02JAN2422300CE.NFO,02/01/2024,09:31:35,0.35,0.35,172000,0.4,171680,40,1439560
FINNIFTY02JAN2422300CE.NFO,02/01/2024,09:31:45,0.35,0.35,173400,0.4,209080,600,1439560
FINNIFTY02JAN2422300CE.NFO,02/01/2024,09:31:56,0.35,0.35,170200,0.4,209120,2920,1439560
FINNIFTY02JAN2422300CE.NFO,02/01/2024,09:32:07,0.4,0.35,170200,0.4,208160,80,1439560
FINNIFTY02JAN2422300CE.NFO,02/01/2024,09:32:18,0.35,0.35,165200,0.4,204120,80,1439560
FINNIFTY02JAN2422300CE.NFO,02/01/2024,09:32:30,0.35,0.35,161320,0.4,202320,1800,1441360
FINNIFTY02JAN2422300CE.NFO,02/01/2024,09:32:42,0.35,0.35,150200,0.4,203120,3280,1441360
FINNIFTY02JAN2422300CE.NFO,02/01/2024,09:32:54,0.4,0.35,75360,0.4,128040,104120,1441360
FINNIFTY02JAN2422300CE.NFO,02/01/2024,09:33:05,0.35,0.35,76640,0.4,131560,800,1441360
FINNIFTY02JAN2422300CE.NFO,02/01/2024,09:33:15,0.35,0.35,108840,0.4,131600,200,1441360
FINNIFTY02JAN2422300CE.NFO,02/01/2024,09:33:26,0.4,0.35,116040,0.4,131080,520,1441360
FINNIFTY02JAN2422300CE.NFO,02/01/2024,09:33:38,0.4,0.35,118360,0.4,132880,1800,1441360
FINNIFTY02JAN2422300CE.NFO,02/01/2024,09:33:48,0.35,0.35,118280,0.4,133680,120,1441360
FINNIFTY02JAN2422300CE.NFO,02/01/2024,09:33:59,0.35,0.35,117400,0.4,137000,1160,1441360
FINNIFTY02JAN2422300CE.NFO,02/01/2024,09:34:11,0.35,0.35,115240,0.4,136960,1000,1441360
FINNIFTY02JAN2422300CE.NFO,02/01/2024,09:34:21,0.35,0.35,116440,0.4,137360,0,1441360
FINNIFTY02JAN2422300CE.NFO,02/01/2024,09:34:31,0.35,0.35,115680,0.4,137160,720,1441360
FINNIFTY02JAN2422300CE.NFO,02/01/2024,09:34:42,0.35,0.35,115560,0.4,136760,400,1441360
FINNIFTY02JAN2422300CE.NFO,02/01/2024,09:34:52,0.35,0.35,114320,0.4,136760,40,1441360
FINNIFTY02JAN2422300CE.NFO,02/01/2024,09:35:03,0.4,0.35,120480,0.4,119040,5960,1441360
FINNIFTY02JAN2422300CE.NFO,02/01/2024,09:35:23,0.4,0.35,123360,0.4,115560,2360,1441360
FINNIFTY02JAN2422300CE.NFO,02/01/2024,09:35:34,0.35,0.35,118360,0.4,115560,5000,1401240
FINNIFTY02JAN2422300CE.NFO,02/01/2024,09:35:44,0.35,0.35,111160,0.4,115160,7200,1401240
FINNIFTY02JAN2422300CE.NFO,02/01/2024,09:35:55,0.35,0.35,111080,0.4,115560,80,1401240
FINNIFTY02JAN2422300CE.NFO,02/01/2024,09:36:06,0.4,0.35,105320,0.4,114280,7560,1401240
FINNIFTY02JAN2422300CE.NFO,02/01/2024,09:36:18,0.4,0.35,110440,0.4,116840,920,1401240
FINNIFTY02JAN2422300CE.NFO,02/01/2024,09:36:29,0.35,0.35,111880,0.4,116520,1520,1401240
FINNIFTY02JAN2422300CE.NFO,02/01/2024,09:36:39,0.4,0.35,112600,0.4,119440,160,1401240
FINNIFTY02JAN2422300CE.NFO,02/01/2024,09:36:50,0.4,0.35,112600,0.4,120280,40,1401240
FINNIFTY02JAN2422300CE.NFO,02/01/2024,09:37:01,0.4,0.35,119800,0.4,120520,160,1401240
FINNIFTY02JAN2422300CE.NFO,02/01/2024,09:37:12,0.35,0.35,121720,0.4,120520,1800,1401240
FINNIFTY02JAN2422300CE.NFO,02/01/2024,09:37:22,0.35,0.35,118520,0.4,119840,1600,1401240
FINNIFTY02JAN2422300CE.NFO,02/01/2024,09:37:32,0.35,0.35,75280,0.4,119240,1000,1401240
FINNIFTY02JAN2422300CE.NFO,02/01/2024,09:37:42,0.35,0.35,74200,0.4,119240,0,1401240
FINNIFTY02JAN2422300CE.NFO,02/01/2024,09:37:52,0.35,0.35,103000,0.4,119240,0,1401240
FINNIFTY02JAN2422300CE.NFO,02/01/2024,09:38:03,0.35,0.35,103160,0.4,118840,1360,1401240
FINNIFTY02JAN2422300CE.NFO,02/01/2024,09:38:13,0.35,0.35,102120,0.4,119240,1520,1401240
FINNIFTY02JAN2422300CE.NFO,02/01/2024,09:38:23,0.35,0.35,107320,0.4,118840,2120,1401240
FINNIFTY02JAN2422300CE.NFO,02/01/2024,09:38:34,0.35,0.35,105240,0.4,119600,4480,1403440
FINNIFTY02JAN2422300CE.NFO,02/01/2024,09:38:45,0.35,0.35,104640,0.4,119600,0,1403440
FINNIFTY02JAN2422300CE.NFO,02/01/2024,09:38:56,0.4,0.35,104160,0.4,124680,4560,1403440
FINNIFTY02JAN2422300CE.NFO,02/01/2024,09:39:07,0.35,0.35,105120,0.4,125840,6240,1403440
FINNIFTY02JAN2422300CE.NFO,02/01/2024,09:39:18,0.35,0.35,103240,0.4,126400,2480,1403440
FINNIFTY02JAN2422300CE.NFO,02/01/2024,09:39:29,0.35,0.35,109560,0.4,126320,280,1403440
FINNIFTY02JAN2422300CE.NFO,02/01/2024,09:39:39,0.35,0.35,112320,0.4,127640,2440,1403440
FINNIFTY02JAN2422300CE.NFO,02/01/2024,09:39:50,0.35,0.35,112560,0.4,127240,0,1403440
FINNIFTY02JAN2422300CE.NFO,02/01/2024,09:40:01,0.35,0.35,109840,0.4,128600,2640,1403440
FINNIFTY02JAN2422300CE.NFO,02/01/2024,09:40:14,0.4,0.35,111240,0.4,128480,520,1403440
FINNIFTY02JAN2422300CE.NFO,02/01/2024,09:40:27,0.35,0.35,113080,0.4,137720,3400,1403440
FINNIFTY02JAN2422300CE.NFO,02/01/2024,09:40:39,0.4,0.35,113960,0.4,138080,40,1403440
FINNIFTY02JAN2422300CE.NFO,02/01/2024,09:40:52,0.35,0.35,109320,0.4,137920,9240,1403440
FINNIFTY02JAN2422300CE.NFO,02/01/2024,09:41:05,0.4,0.35,109240,0.4,141840,15640,1403440
FINNIFTY02JAN2422300CE.NFO,02/01/2024,09:41:16,0.4,0.35,120400,0.4,194640,26000,1403440
FINNIFTY02JAN2422300CE.NFO,02/01/2024,09:41:27,0.35,0.35,123240,0.4,194640,40,1403440
FINNIFTY02JAN2422300CE.NFO,02/01/2024,09:41:38,0.35,0.35,137840,0.4,207040,920,1381160
FINNIFTY02JAN2422300CE.NFO,02/01/2024,09:41:49,0.4,0.35,155800,0.4,206960,200,1381160
FINNIFTY02JAN2422300CE.NFO,02/01/2024,09:42:00,0.35,0.35,163840,0.4,203520,6280,1381160
FINNIFTY02JAN2422300CE.NFO,02/01/2024,09:42:11,0.4,0.35,166560,0.4,176880,1640,1381160
FINNIFTY02JAN2422300CE.NFO,02/01/2024,09:42:22,0.4,0.35,167040,0.4,177840,2000,1381160
FINNIFTY02JAN2422300CE.NFO,02/01/2024,09:42:33,0.35,0.35,167240,0.4,178360,960,1381160
FINNIFTY02JAN2422300CE.NFO,02/01/2024,09:42:43,0.35,0.35,167240,0.4,178360,0,1381160
FINNIFTY02JAN2422300CE.NFO,02/01/2024,09:42:54,0.35,0.35,162120,0.4,178360,5120,1381160
FINNIFTY02JAN2422300CE.NFO,02/01/2024,09:43:05,0.4,0.35,162120,0.4,178280,80,1381160
FINNIFTY02JAN2422300CE.NFO,02/01/2024,09:43:17,0.4,0.35,161880,0.4,178240,280,1381160
FINNIFTY02JAN2422300CE.NFO,02/01/2024,09:43:28,0.4,0.35,161840,0.4,175600,3040,1381160
FINNIFTY02JAN2422300CE.NFO,02/01/2024,09:43:39,0.4,0.35,161000,0.4,172000,4440,1381160
FINNIFTY02JAN2422300CE.NFO,02/01/2024,09:43:51,0.4,0.35,160400,0.4,169400,3600,1381160
FINNIFTY02JAN2422300CE.NFO,02/01/2024,09:44:02,0.4,0.35,164000,0.4,169200,200,1381160
FINNIFTY02JAN2422300CE.NFO,02/01/2024,09:44:13,0.4,0.35,163600,0.4,167840,1360,1381160
FINNIFTY02JAN2422300CE.NFO,02/01/2024,09:44:24,0.35,0.35,163520,0.4,167840,80,1381160
FINNIFTY02JAN2422300CE.NFO,02/01/2024,09:44:35,0.4,0.35,163000,0.4,167800,1840,1379280
FINNIFTY02JAN2422300CE.NFO,02/01/2024,09:44:45,0.35,0.35,161200,0.4,167760,1840,1379280
FINNIFTY02JAN2422300CE.NFO,02/01/2024,09:44:55,0.4,0.35,160720,0.4,158080,11480,1379280
FINNIFTY02JAN2422300CE.NFO,02/01/2024,09:45:06,0.4,0.35,171520,0.4,158480,0,1379280
FINNIFTY02JAN2422300CE.NFO,02/01/2024,09:45:17,0.4,0.35,171520,0.4,152800,4080,1379280
FINNIFTY02JAN2422300CE.NFO,02/01/2024,09:45:28,0.4,0.35,170640,0.4,154280,120,1379280
FINNIFTY02JAN2422300CE.NFO,02/01/2024,09:45:39,0.4,0.35,170640,0.4,152480,1800,1379280
FINNIFTY02JAN2422300CE.NFO,02/01/2024,09:45:50,0.4,0.35,181440,0.4,152480,0,1379280
FINNIFTY02JAN2422300CE.NFO,02/01/2024,09:46:01,0.4,0.35,181440,0.4,152840,120,1379280
FINNIFTY02JAN2422300CE.NFO,02/01/2024,09:46:12,0.4,0.35,182320,0.4,151480,640,1379280
FINNIFTY02JAN2422300CE.NFO,02/01/2024,09:46:23,0.35,0.35,179520,0.4,151720,1920,1379280
FINNIFTY02JAN2422300CE.NFO,02/01/2024,09:46:33,0.35,0.35,179520,0.4,151320,1800,1379280
FINNIFTY02JAN2422300CE.NFO,02/01/2024,09:46:44,0.35,0.35,178920,0.4,151320,1520,1379280
FINNIFTY02JAN2422300CE.NFO,02/01/2024,09:46:54,0.4,0.35,178120,0.4,150960,1960,1379280
FINNIFTY02JAN2422300CE.NFO,02/01/2024,09:47:05,0.4,0.35,178120,0.4,150720,240,1379280
FINNIFTY02JAN2422300CE.NFO,02/01/2024,09:47:15,0.35,0.35,178000,0.4,150960,600,1379280
FINNIFTY02JAN2422300CE.NFO,02/01/2024,09:47:26,0.35,0.35,176200,0.4,150960,1800,1379280
FINNIFTY02JAN2422300CE.NFO,02/01/2024,09:47:37,0.35,0.35,176360,0.4,152760,0,1379280
FINNIFTY02JAN2422300CE.NFO,02/01/2024,09:47:47,0.4,0.35,179920,0.4,150760,1040,1368280
FINNIFTY02JAN2422300CE.NFO,02/01/2024,09:47:58,0.4,0.35,176560,0.4,151040,7040,1368280
FINNIFTY02JAN2422300CE.NFO,02/01/2024,09:48:09,0.4,0.35,172960,0.4,151040,0,1368280
FINNIFTY02JAN2422300CE.NFO,02/01/2024,09:48:19,0.4,0.35,172960,0.4,145640,0,1368280
FINNIFTY02JAN2422300CE.NFO,02/01/2024,09:48:49,0.35,0.35,172560,0.4,145640,400,1368280
FINNIFTY02JAN2422300CE.NFO,02/01/2024,09:49:00,0.4,0.35,172560,0.4,145240,160,1368280
FINNIFTY02JAN2422300CE.NFO,02/01/2024,09:49:20,0.4,0.35,172560,0.4,145480,0,1368280
FINNIFTY02JAN2422300CE.NFO,02/01/2024,09:49:41,0.4,0.35,173640,0.4,145480,0,1368280
FINNIFTY02JAN2422300CE.NFO,02/01/2024,09:49:51,0.4,0.35,175440,0.4,143680,1800,1368280
FINNIFTY02JAN2422300CE.NFO,02/01/2024,09:50:01,0.4,0.35,164440,0.4,143680,0,1368280
FINNIFTY02JAN2422300CE.NFO,02/01/2024,09:50:11,0.4,0.35,164440,0.4,143680,200,1368280
FINNIFTY02JAN2422300CE.NFO,02/01/2024,09:50:21,0.4,0.35,164440,0.4,143680,0,1368280
FINNIFTY02JAN2422300CE.NFO,02/01/2024,09:50:52,0.35,0.35,174760,0.4,157000,1200,1362520
FINNIFTY02JAN2422300CE.NFO,02/01/2024,09:51:13,0.35,0.35,174760,0.4,157000,0,1362520
FINNIFTY02JAN2422300CE.NFO,02/01/2024,09:51:24,0.35,0.35,173200,0.4,163600,600,1362520
FINNIFTY02JAN2422300CE.NFO,02/01/2024,09:51:45,0.4,0.35,176920,0.4,166360,1800,1362520
FINNIFTY02JAN2422300CE.NFO,02/01/2024,09:51:56,0.4,0.35,176920,0.4,166200,160,1362520
FINNIFTY02JAN2422300CE.NFO,02/01/2024,09:52:06,0.4,0.35,176920,0.4,167200,0,1362520
FINNIFTY02JAN2422300CE.NFO,02/01/2024,09:52:47,0.35,0.35,176800,0.4,169000,120,1362520
FINNIFTY02JAN2422300CE.NFO,02/01/2024,09:53:07,0.35,0.35,176800,0.4,170600,0,1362520
FINNIFTY02JAN2422300CE.NFO,02/01/2024,09:53:18,0.35,0.35,178000,0.4,170600,0,1362520
FINNIFTY02JAN2422300CE.NFO,02/01/2024,09:53:28,0.35,0.35,178120,0.4,170400,0,1362520
FINNIFTY02JAN2422300CE.NFO,02/01/2024,09:53:50,0.35,0.35,176320,0.4,172200,1800,1363120
FINNIFTY02JAN2422300CE.NFO,02/01/2024,09:54:00,0.35,0.35,175320,0.4,172200,1000,1363120
FINNIFTY02JAN2422300CE.NFO,02/01/2024,09:54:10,0.35,0.35,173520,0.4,181200,1800,1363120
FINNIFTY02JAN2422300CE.NFO,02/01/2024,09:54:31,0.4,0.35,173520,0.4,181160,40,1363120
FINNIFTY02JAN2422300CE.NFO,02/01/2024,09:54:41,0.4,0.35,173520,0.4,180800,360,1363120
FINNIFTY02JAN2422300CE.NFO,02/01/2024,09:54:53,0.4,0.35,172440,0.4,167240,0,1363120
FINNIFTY02JAN2422300CE.NFO,02/01/2024,09:55:06,0.35,0.35,172400,0.4,169120,40,1363120
FINNIFTY02JAN2422300CE.NFO,02/01/2024,09:55:17,0.35,0.35,172400,0.4,170000,0,1363120
FINNIFTY02JAN2422300CE.NFO,02/01/2024,09:55:29,0.4,0.35,183320,0.4,169720,40040,1363120
FINNIFTY02JAN2422300CE.NFO,02/01/2024,09:55:41,0.35,0.35,183640,0.4,146280,83200,1363120
FINNIFTY02JAN2422300CE.NFO,02/01/2024,09:55:53,0.4,0.35,184480,0.4,72600,83200,1363120
FINNIFTY02JAN2422300CE.NFO,02/01/2024,09:56:06,0.4,0.35,185400,0.4,62200,11600,1363120
FINNIFTY02JAN2422300CE.NFO,02/01/2024,09:56:20,0.4,0.4,128960,0.45,147040,155560,1363120
FINNIFTY02JAN2422300CE.NFO,02/01/2024,09:56:33,0.45,0.4,136480,0.45,137240,9440,1363120
FINNIFTY02JAN2422300CE.NFO,02/01/2024,09:56:46,0.4,0.4,118880,0.45,133000,26360,1262800
FINNIFTY02JAN2422300CE.NFO,02/01/2024,09:57:00,0.45,0.4,160160,0.45,131320,4680,1262800
FINNIFTY02JAN2422300CE.NFO,02/01/2024,09:57:12,0.45,0.4,160200,0.45,122320,8200,1262800
FINNIFTY02JAN2422300CE.NFO,02/01/2024,09:57:26,0.4,0.4,159280,0.45,121240,2040,1262800
FINNIFTY02JAN2422300CE.NFO,02/01/2024,09:57:39,0.45,0.4,155680,0.45,120720,5960,1262800
FINNIFTY02JAN2422300CE.NFO,02/01/2024,09:57:50,0.45,0.4,144680,0.45,122040,5920,1262800
FINNIFTY02JAN2422300CE.NFO,02/01/2024,09:58:02,0.4,0.4,145400,0.45,120800,120,1262800
FINNIFTY02JAN2422300CE.NFO,02/01/2024,09:58:14,0.45,0.4,163960,0.45,121200,3400,1262800
FINNIFTY02JAN2422300CE.NFO,02/01/2024,09:58:25,0.45,0.4,165600,0.45,128880,5360,1262800
FINNIFTY02JAN2422300CE.NFO,02/01/2024,09:58:37,0.4,0.4,126000,0.45,129680,3400,1262800
FINNIFTY02JAN2422300CE.NFO,02/01/2024,09:58:48,0.4,0.4,86440,0.45,129840,0,1262800
FINNIFTY02JAN2422300CE.NFO,02/01/2024,09:58:59,0.45,0.4,106960,0.45,110600,83000,1262800
FINNIFTY02JAN2422300CE.NFO,02/01/2024,09:59:10,0.45,0.4,123440,0.45,76440,43000,1262800
FINNIFTY02JAN2422300CE.NFO,02/01/2024,09:59:21,0.5,0.45,82400,0.5,132640,282160,1262800
FINNIFTY02JAN2422300CE.NFO,02/01/2024,09:59:30,0.5,0.45,98520,0.5,124400,40000,1262800
FINNIFTY02JAN2422300CE.NFO,02/01/2024,09:59:32,0.5,0.45,104800,0.5,122880,14400,1228840
FINNIFTY02JAN2422300CE.NFO,02/01/2024,09:59:33,0.5,0.45,113000,0.5,107880,25600,1228840
FINNIFTY02JAN2422300CE.NFO,02/01/2024,09:59:35,0.45,0.45,112920,0.5,110800,40,1228840
FINNIFTY02JAN2422300CE.NFO,02/01/2024,09:59:38,0.45,0.45,112920,0.5,111680,0,1228840
FINNIFTY02JAN2422300CE.NFO,02/01/2024,09:59:40,0.5,0.45,114800,0.5,66280,40000,1228840
FINNIFTY02JAN2422300CE.NFO,02/01/2024,09:59:43,0.5,0.45,114800,0.5,50600,4800,1228840
FINNIFTY02JAN2422300CE.NFO,02/01/2024,09:59:45,0.5,0.45,114800,0.5,54560,400,1228840
FINNIFTY02JAN2422300CE.NFO,02/01/2024,09:59:46,0.5,0.45,114800,0.5,57520,600,1228840
FINNIFTY02JAN2422300CE.NFO,02/01/2024,09:59:48,0.5,0.45,114560,0.5,56640,0,1228840
FINNIFTY02JAN2422300CE.NFO,02/01/2024,09:59:50,0.5,0.45,114760,0.5,64720,0,1228840
FINNIFTY02JAN2422300CE.NFO,02/01/2024,09:59:51,0.5,0.45,114520,0.5,63800,0,1228840
FINNIFTY02JAN2422300CE.NFO,02/01/2024,09:59:53,0.5,0.45,114760,0.5,63840,0,1228840
FINNIFTY02JAN2422300CE.NFO,02/01/2024,09:59:55,0.5,0.45,114520,0.5,63840,0,1228840
FINNIFTY02JAN2422300CE.NFO,02/01/2024,09:59:56,0.5,0.45,115400,0.5,63840,0,1228840
FINNIFTY02JAN2422300CE.NFO,02/01/2024,09:59:58,0.5,0.45,115640,0.5,63840,0,1228840
FINNIFTY02JAN2422300CE.NFO,02/01/2024,10:00:00,0.5,0.45,114520,0.5,63480,600,1228840
FINNIFTY02JAN2422300CE.NFO,02/01/2024,10:00:01,0.5,0.45,106040,0.5,63320,0,1228840
FINNIFTY02JAN2422300CE.NFO,02/01/2024,10:00:03,0.5,0.45,116840,0.5,63320,0,1228840
FINNIFTY02JAN2422300CE.NFO,02/01/2024,10:00:05,0.45,0.45,116800,0.5,63320,40,1228840
FINNIFTY02JAN2422300CE.NFO,02/01/2024,10:00:06,0.5,0.5,61680,0.55,40960,75560,1228840
FINNIFTY02JAN2422300CE.NFO,02/01/2024,10:00:08,0.5,0.5,143280,0.55,66440,200,1228840
FINNIFTY02JAN2422300CE.NFO,02/01/2024,10:00:10,0.5,0.5,147040,0.55,68480,0,1228840
FINNIFTY02JAN2422300CE.NFO,02/01/2024,10:00:11,0.55,0.5,147040,0.55,69680,2760,1228840
FINNIFTY02JAN2422300CE.NFO,02/01/2024,10:00:13,0.55,0.5,174240,0.55,69680,0,1228840
FINNIFTY02JAN2422300CE.NFO,02/01/2024,10:00:14,0.55,0.5,187080,0.55,69680,0,1228840
FINNIFTY02JAN2422300CE.NFO,02/01/2024,10:00:16,0.55,0.5,187080,0.55,76520,0,1228840
FINNIFTY02JAN2422300CE.NFO,02/01/2024,10:00:18,0.5,0.5,186840,0.55,78280,240,1228840
FINNIFTY02JAN2422300CE.NFO,02/01/2024,10:00:19,0.5,0.5,228040,0.55,81360,3600,1228840
FINNIFTY02JAN2422300CE.NFO,02/01/2024,10:00:21,0.5,0.5,228280,0.55,84120,1680,1228840
FINNIFTY02JAN2422300CE.NFO,02/01/2024,10:00:23,0.5,0.5,228200,0.55,66920,80,1228840
FINNIFTY02JAN2422300CE.NFO,02/01/2024,10:00:24,0.5,0.5,230000,0.55,75000,1960,1228840
FINNIFTY02JAN2422300CE.NFO,02/01/2024,10:00:26,0.5,0.5,230160,0.55,75720,800,1228840
FINNIFTY02JAN2422300CE.NFO,02/01/2024,10:00:28,0.5,0.5,230160,0.55,75720,0,1228840
FINNIFTY02JAN2422300CE.NFO,02/01/2024,10:00:29,0.5,0.5,230520,0.55,68520,120,1228840
FINNIFTY02JAN2422300CE.NFO,02/01/2024,10:00:40,0.5,0.5,201280,0.55,105880,63480,1228840
FINNIFTY02JAN2422300CE.NFO,02/01/2024,10:00:52,0.5,0.5,153240,0.55,101440,88320,1228840
FINNIFTY02JAN2422300CE.NFO,02/01/2024,10:01:03,0.5,0.5,124880,0.55,97840,91800,1228840
FINNIFTY02JAN2422300CE.NFO,02/01/2024,10:01:14,0.5,0.5,119120,0.55,103880,104400,1228840
FINNIFTY02JAN2422300CE.NFO,02/01/2024,10:01:25,0.55,0.5,129040,0.55,129440,79240,1228840
FINNIFTY02JAN2422300CE.NFO,02/01/2024,10:01:31,0.55,0.5,114640,0.55,135280,15160,1228840
FINNIFTY02JAN2422300CE.NFO,02/01/2024,10:01:32,0.55,0.5,114160,0.55,145800,880,1228840
FINNIFTY02JAN2422300CE.NFO,02/01/2024,10:01:34,0.55,0.5,111560,0.55,144920,680,1228840
FINNIFTY02JAN2422300CE.NFO,02/01/2024,10:01:36,0.55,0.5,111440,0.55,153040,680,1228840
FINNIFTY02JAN2422300CE.NFO,02/01/2024,10:01:37,0.55,0.5,105840,0.55,157040,8080,1228840
FINNIFTY02JAN2422300CE.NFO,02/01/2024,10:01:39,0.5,0.5,26040,0.55,157040,11160,1228840
FINNIFTY02JAN2422300CE.NFO,02/01/2024,10:01:41,0.5,0.45,111280,0.5,98800,17240,1228840
FINNIFTY02JAN2422300CE.NFO,02/01/2024,10:01:42,0.5,0.45,114600,0.5,111000,0,1228840
FINNIFTY02JAN2422300CE.NFO,02/01/2024,10:01:44,0.5,0.45,116120,0.5,113920,1800,1228840
FINNIFTY02JAN2422300CE.NFO,02/01/2024,10:01:46,0.5,0.45,116080,0.5,113920,0,1228840
FINNIFTY02JAN2422300CE.NFO,02/01/2024,10:01:47,0.5,0.45,116120,0.5,114320,0,1228840
FINNIFTY02JAN2422300CE.NFO,02/01/2024,10:01:49,0.5,0.45,115200,0.5,114320,0,1228840
FINNIFTY02JAN2422300CE.NFO,02/01/2024,10:01:51,0.45,0.45,114760,0.5,116680,120,1228840
FINNIFTY02JAN2422300CE.NFO,02/01/2024,10:01:52,0.45,0.45,115960,0.5,116720,0,1228840
FINNIFTY02JAN2422300CE.NFO,02/01/2024,10:01:54,0.5,0.45,115960,0.5,116640,240,1228840
FINNIFTY02JAN2422300CE.NFO,02/01/2024,10:01:56,0.45,0.45,113680,0.5,123840,200,1228840
FINNIFTY02JAN2422300CE.NFO,02/01/2024,10:01:57,0.5,0.45,124640,0.5,137760,24040,1228840
FINNIFTY02JAN2422300CE.NFO,02/01/2024,10:01:59,0.5,0.45,129600,0.5,157040,16040,1228840
FINNIFTY02JAN2422300CE.NFO,02/01/2024,10:02:01,0.45,0.45,130320,0.5,158680,120,1228840
FINNIFTY02JAN2422300CE.NFO,02/01/2024,10:02:02,0.45,0.45,130000,0.5,160520,320,1228840
FINNIFTY02JAN2422300CE.NFO,02/01/2024,10:02:04,0.5,0.45,134320,0.5,151240,20800,1228840
FINNIFTY02JAN2422300CE.NFO,02/01/2024,10:02:06,0.45,0.45,142400,0.5,150160,19280,1228840
FINNIFTY02JAN2422300CE.NFO,02/01/2024,10:02:07,0.45,0.45,142400,0.5,149960,0,1228840
FINNIFTY02JAN2422300CE.NFO,02/01/2024,10:02:11,0.45,0.45,142360,0.5,159280,0,1228840
FINNIFTY02JAN2422300CE.NFO,02/01/2024,10:02:12,0.5,0.45,145040,0.5,123040,40000,1228840
FINNIFTY02JAN2422300CE.NFO,02/01/2024,10:02:16,0.5,0.45,145040,0.5,132960,0,1228840
FINNIFTY02JAN2422300CE.NFO,02/01/2024,10:02:17,0.5,0.45,143200,0.5,136880,2920,1228840
FINNIFTY02JAN2422300CE.NFO,02/01/2024,10:02:19,0.5,0.45,143560,0.5,93320,43600,1228840
FINNIFTY02JAN2422300CE.NFO,02/01/2024,10:02:22,0.5,0.45,145040,0.5,95520,0,1228840
FINNIFTY02JAN2422300CE.NFO,02/01/2024,10:02:24,0.5,0.45,144160,0.5,95520,0,1228840
FINNIFTY02JAN2422300CE.NFO,02/01/2024,10:02:26,0.45,0.45,144960,0.5,50960,43600,1228840
FINNIFTY02JAN2422300CE.NFO,02/01/2024,10:02:27,0.45,0.45,144920,0.5,61600,0,1228840
FINNIFTY02JAN2422300CE.NFO,02/01/2024,10:02:29,0.45,0.45,144920,0.5,74200,0,1228840
FINNIFTY02JAN2422300CE.NFO,02/01/2024,10:02:31,0.45,0.45,144920,0.5,75600,0,1228840
FINNIFTY02JAN2422300CE.NFO,02/01/2024,10:02:42,0.5,0.45,144840,0.5,98000,1240,1220840
FINNIFTY02JAN2422300CE.NFO,02/01/2024,10:02:53,0.5,0.45,144840,0.5,110320,0,1220840
FINNIFTY02JAN2422300CE.NFO,02/01/2024,10:03:05,0.5,0.45,144840,0.5,114520,0,1220840
FINNIFTY02JAN2422300CE.NFO,02/01/2024,10:03:17,0.45,0.45,146440,0.5,121920,6200,1220840
FINNIFTY02JAN2422300CE.NFO,02/01/2024,10:03:29,0.45,0.45,143160,0.5,150040,2400,1220840
FINNIFTY02JAN2422300CE.NFO,02/01/2024,10:03:41,0.45,0.45,139760,0.5,156680,2200,1220840
FINNIFTY02JAN2422300CE.NFO,02/01/2024,10:03:52,0.45,0.45,140960,0.5,158480,0,1220840
FINNIFTY02JAN2422300CE.NFO,02/01/2024,10:04:15,0.45,0.45,141640,0.5,156920,0,1220840
FINNIFTY02JAN2422300CE.NFO,02/01/2024,10:04:26,0.45,0.45,140960,0.5,156920,680,1220840
FINNIFTY02JAN2422300CE.NFO,02/01/2024,10:04:37,0.45,0.45,131520,0.5,161720,11800,1220840
FINNIFTY02JAN2422300CE.NFO,02/01/2024,10:04:49,0.45,0.45,130400,0.5,178480,240,1220840
FINNIFTY02JAN2422300CE.NFO,02/01/2024,10:05:00,0.45,0.45,124360,0.5,185120,4200,1220840
FINNIFTY02JAN2422300CE.NFO,02/01/2024,10:05:11,0.45,0.45,117360,0.5,179360,8080,1220840
FINNIFTY02JAN2422300CE.NFO,02/01/2024,10:05:22,0.45,0.45,127240,0.5,149320,62960,1220840
FINNIFTY02JAN2422300CE.NFO,02/01/2024,10:05:33,0.45,0.45,121680,0.5,102520,55240,1207200
FINNIFTY02JAN2422300CE.NFO,02/01/2024,10:05:43,0.5,0.45,130880,0.5,101480,7760,1207200
FINNIFTY02JAN2422300CE.NFO,02/01/2024,10:05:54,0.45,0.45,140240,0.5,109440,22480,1207200
FINNIFTY02JAN2422300CE.NFO,02/01/2024,10:06:06,0.5,0.45,146080,0.5,113720,2680,1207200
FINNIFTY02JAN2422300CE.NFO,02/01/2024,10:06:17,0.45,0.45,183960,0.5,113440,8840,1207200
FINNIFTY02JAN2422300CE.NFO,02/01/2024,10:06:30,0.45,0.45,173480,0.5,131520,24000,1207200
FINNIFTY02JAN2422300CE.NFO,02/01/2024,10:06:41,0.45,0.45,171800,0.5,137120,6360,1207200
FINNIFTY02JAN2422300CE.NFO,02/01/2024,10:06:53,0.45,0.45,144200,0.5,138240,13520,1207200
FINNIFTY02JAN2422300CE.NFO,02/01/2024,10:07:04,0.45,0.45,152640,0.5,130080,15560,1207200
FINNIFTY02JAN2422300CE.NFO,02/01/2024,10:07:16,0.45,0.45,136320,0.5,121760,17320,1207200
FINNIFTY02JAN2422300CE.NFO,02/01/2024,10:07:27,0.5,0.45,130560,0.5,124200,6440,1207200
FINNIFTY02JAN2422300CE.NFO,02/01/2024,10:07:38,0.45,0.45,122640,0.5,124160,8680,1207200
FINNIFTY02JAN2422300CE.NFO,02/01/2024,10:07:49,0.45,0.45,120160,0.5,124160,2280,1207200
FINNIFTY02JAN2422300CE.NFO,02/01/2024,10:08:00,0.5,0.45,119560,0.5,123680,61800,1207200
FINNIFTY02JAN2422300CE.NFO,02/01/2024,10:08:11,0.45,0.45,106400,0.5,119400,30960,1207200
FINNIFTY02JAN2422300CE.NFO,02/01/2024,10:08:22,0.45,0.45,103760,0.5,116520,3520,1207200
FINNIFTY02JAN2422300CE.NFO,02/01/2024,10:08:34,0.45,0.45,102040,0.5,119040,2640,1260320
FINNIFTY02JAN2422300CE.NFO,02/01/2024,10:08:45,0.45,0.45,99200,0.5,117120,8520,1260320
FINNIFTY02JAN2422300CE.NFO,02/01/2024,10:08:56,0.45,0.45,80880,0.5,115680,4880,1260320
FINNIFTY02JAN2422300CE.NFO,02/01/2024,10:09:08,0.45,0.45,97600,0.5,116560,1160,1260320
FINNIFTY02JAN2422300CE.NFO,02/01/2024,10:09:19,0.5,0.45,88120,0.5,117120,30760,1260320
FINNIFTY02JAN2422300CE.NFO,02/01/2024,10:09:31,0.5,0.45,113760,0.5,116800,2440,1260320
FINNIFTY02JAN2422300CE.NFO,02/01/2024,10:09:42,0.5,0.45,82960,0.5,114920,1880,1260320
FINNIFTY02JAN2422300CE.NFO,02/01/2024,10:09:53,0.45,0.45,76680,0.5,116560,8240,1260320
FINNIFTY02JAN2422300CE.NFO,02/01/2024,10:10:04,0.45,0.4,157200,0.45,102800,44560,1260320
FINNIFTY02JAN2422300CE.NFO,02/01/2024,10:10:15,0.45,0.4,157360,0.45,104280,2200,1260320
FINNIFTY02JAN2422300CE.NFO,02/01/2024,10:10:27,0.45,0.4,152560,0.45,105000,1800,1260320
FINNIFTY02JAN2422300CE.NFO,02/01/2024,10:10:38,0.45,0.4,152880,0.45,108560,160,1260320
FINNIFTY02JAN2422300CE.NFO,02/01/2024,10:10:50,0.4,0.4,152680,0.45,108280,200,1260320
FINNIFTY02JAN2422300CE.NFO,02/01/2024,10:11:01,0.45,0.4,154080,0.45,113400,2200,1260320
FINNIFTY02JAN2422300CE.NFO,02/01/2024,10:11:12,0.45,0.4,149560,0.45,112960,7400,1260320
FINNIFTY02JAN2422300CE.NFO,02/01/2024,10:11:23,0.4,0.4,148040,0.45,114960,1520,1260320
FINNIFTY02JAN2422300CE.NFO,02/01/2024,10:11:34,0.4,0.4,101680,0.45,140400,23880,1321280
FINNIFTY02JAN2422300CE.NFO,02/01/2024,10:11:45,0.4,0.4,106480,0.45,141160,0,1321280
FINNIFTY02JAN2422300CE.NFO,02/01/2024,10:11:55,0.4,0.35,163320,0.4,85360,188000,1321280
FINNIFTY02JAN2422300CE.NFO,02/01/2024,10:12:05,0.4,0.35,173560,0.4,126560,920,1321280
FINNIFTY02JAN2422300CE.NFO,02/01/2024,10:12:15,0.4,0.35,173560,0.4,126480,80,1321280
FINNIFTY02JAN2422300CE.NFO,02/01/2024,10:12:26,0.4,0.35,172920,0.4,126160,320,1321280
FINNIFTY02JAN2422300CE.NFO,02/01/2024,10:12:32,0.4,0.35,172920,0.4,126160,0,1321280
FINNIFTY02JAN2422300CE.NFO,02/01/2024,10:12:38,0.4,0.35,175800,0.4,129040,0,1321280
FINNIFTY02JAN2422300CE.NFO,02/01/2024,10:12:40,0.4,0.35,175800,0.4,129400,40,1321280
FINNIFTY02JAN2422300CE.NFO,02/01/2024,10:12:43,0.4,0.35,175800,0.4,129400,0,1321280
FINNIFTY02JAN2422300CE.NFO,02/01/2024,10:12:45,0.4,0.35,177400,0.4,113400,1200,1321280
FINNIFTY02JAN2422300CE.NFO,02/01/2024,10:12:48,0.4,0.35,177400,0.4,113400,0,1321280
FINNIFTY02JAN2422300CE.NFO,02/01/2024,10:12:50,0.4,0.35,179200,0.4,105600,3600,1321280
FINNIFTY02JAN2422300CE.NFO,02/01/2024,10:12:52,0.4,0.35,179200,0.4,111600,1800,1321280
FINNIFTY02JAN2422300CE.NFO,02/01/2024,10:12:53,0.4,0.35,179200,0.4,111600,0,1321280
FINNIFTY02JAN2422300CE.NFO,02/01/2024,10:12:55,0.4,0.35,181000,0.4,111600,0,1321280
FINNIFTY02JAN2422300CE.NFO,02/01/2024,10:12:58,0.4,0.35,182800,0.4,111200,0,1321280
FINNIFTY02JAN2422300CE.NFO,02/01/2024,10:13:00,0.4,0.35,180120,0.4,111280,320,1321280
FINNIFTY02JAN2422300CE.NFO,02/01/2024,10:13:02,0.4,0.35,180120,0.4,110840,40,1321280
FINNIFTY02JAN2422300CE.NFO,02/01/2024,10:13:03,0.4,0.35,180120,0.4,110520,320,1321280
FINNIFTY02JAN2422300CE.NFO,02/01/2024,10:13:05,0.4,0.35,180120,0.4,109520,520,1321280
FINNIFTY02JAN2422300CE.NFO,02/01/2024,10:13:07,0.4,0.35,180040,0.4,109040,480,1321280
FINNIFTY02JAN2422300CE.NFO,02/01/2024,10:13:08,0.4,0.35,180040,0.4,108880,160,1321280
FINNIFTY02JAN2422300CE.NFO,02/01/2024,10:13:10,0.4,0.35,181240,0.4,109360,0,1321280
FINNIFTY02JAN2422300CE.NFO,02/01/2024,10:13:12,0.4,0.35,182200,0.4,109160,840,1321280
FINNIFTY02JAN2422300CE.NFO,02/01/2024,10:13:13,0.4,0.35,182200,0.4,108920,240,1321280
FINNIFTY02JAN2422300CE.NFO,02/01/2024,10:13:15,0.4,0.35,182200,0.4,107920,1000,1321280
FINNIFTY02JAN2422300CE.NFO,02/01/2024,10:13:17,0.4,0.35,181320,0.4,108320,80,1321280
FINNIFTY02JAN2422300CE.NFO,02/01/2024,10:13:22,0.4,0.35,183120,0.4,106520,1800,1321280
FINNIFTY02JAN2422300CE.NFO,02/01/2024,10:13:23,0.4,0.35,184000,0.4,104040,2000,1321280
FINNIFTY02JAN2422300CE.NFO,02/01/2024,10:13:32,0.4,0.35,184000,0.4,104120,0,1321280
FINNIFTY02JAN2422300CE.NFO,02/01/2024,10:13:43,0.4,0.35,184840,0.4,92200,12480,1321280
FINNIFTY02JAN2422300CE.NFO,02/01/2024,10:13:54,0.4,0.4,75160,0.45,116880,120720,1321280
FINNIFTY02JAN2422300CE.NFO,02/01/2024,10:14:04,0.4,0.4,104880,0.45,119200,0,1321280
FINNIFTY02JAN2422300CE.NFO,02/01/2024,10:14:14,0.4,0.4,105960,0.45,115600,1800,1321280
FINNIFTY02JAN2422300CE.NFO,02/01/2024,10:14:24,0.4,0.4,105160,0.45,113240,6200,1321280
FINNIFTY02JAN2422300CE.NFO,02/01/2024,10:14:35,0.45,0.4,106040,0.45,111120,1120,1258600
FINNIFTY02JAN2422300CE.NFO,02/01/2024,10:14:46,0.4,0.4,106080,0.45,111240,1680,1258600
FINNIFTY02JAN2422300CE.NFO,02/01/2024,10:14:56,0.4,0.4,115120,0.45,113040,880,1258600
FINNIFTY02JAN2422300CE.NFO,02/01/2024,10:15:06,0.4,0.4,114840,0.45,113440,160,1258600
FINNIFTY02JAN2422300CE.NFO,02/01/2024,10:15:16,0.4,0.4,105840,0.45,113440,80,1258600
FINNIFTY02JAN2422300CE.NFO,02/01/2024,10:15:27,0.4,0.4,104080,0.45,113440,0,1258600
FINNIFTY02JAN2422300CE.NFO,02/01/2024,10:15:37,0.4,0.4,102680,0.45,113720,1200,1258600
FINNIFTY02JAN2422300CE.NFO,02/01/2024,10:15:47,0.45,0.4,113800,0.45,149760,80000,1258600
FINNIFTY02JAN2422300CE.NFO,02/01/2024,10:15:57,0.45,0.4,119440,0.45,86960,80040,1258600
FINNIFTY02JAN2422300CE.NFO,02/01/2024,10:16:08,0.45,0.4,127080,0.45,84160,3680,1258600
FINNIFTY02JAN2422300CE.NFO,02/01/2024,10:16:18,0.4,0.4,142000,0.45,85080,1120,1258600
FINNIFTY02JAN2422300CE.NFO,02/01/2024,10:16:29,0.4,0.4,143000,0.45,86960,1920,1258600
FINNIFTY02JAN2422300CE.NFO,02/01/2024,10:16:39,0.4,0.4,143000,0.45,86160,0,1258600
FINNIFTY02JAN2422300CE.NFO,02/01/2024,10:16:49,0.45,0.4,142880,0.45,84960,1800,1258600
FINNIFTY02JAN2422300CE.NFO,02/01/2024,10:17:00,0.4,0.4,142760,0.45,85840,200,1258600
FINNIFTY02JAN2422300CE.NFO,02/01/2024,10:17:11,0.4,0.4,143120,0.45,86040,600,1258600
FINNIFTY02JAN2422300CE.NFO,02/01/2024,10:17:22,0.45,0.4,143120,0.45,73400,40,1258600
FINNIFTY02JAN2422300CE.NFO,02/01/2024,10:17:33,0.4,0.4,142640,0.45,75240,360,1210000
FINNIFTY02JAN2422300CE.NFO,02/01/2024,10:17:44,0.4,0.4,143400,0.45,75280,320,1210000
FINNIFTY02JAN2422300CE.NFO,02/01/2024,10:17:54,0.45,0.4,143400,0.45,74200,120,1210000
FINNIFTY02JAN2422300CE.NFO,02/01/2024,10:18:03,0.4,0.4,143000,0.45,73360,2200,1210000
FINNIFTY02JAN2422300CE.NFO,02/01/2024,10:18:13,0.45,0.4,143000,0.45,71680,1200,1210000
FINNIFTY02JAN2422300CE.NFO,02/01/2024,10:18:22,0.4,0.4,142600,0.45,70360,2200,1210000
FINNIFTY02JAN2422300CE.NFO,02/01/2024,10:18:32,0.4,0.4,145560,0.45,72160,1600,1210000
FINNIFTY02JAN2422300CE.NFO,02/01/2024,10:18:41,0.4,0.4,148440,0.45,76120,0,1210000
FINNIFTY02JAN2422300CE.NFO,02/01/2024,10:18:50,0.45,0.4,148440,0.45,75200,40,1210000
FINNIFTY02JAN2422300CE.NFO,02/01/2024,10:19:00,0.4,0.4,151080,0.45,77280,6840,1210000
FINNIFTY02JAN2422300CE.NFO,02/01/2024,10:19:10,0.45,0.4,151120,0.45,74920,2320,1210000
FINNIFTY02JAN2422300CE.NFO,02/01/2024,10:19:20,0.45,0.4,151080,0.45,70240,4040,1210000
FINNIFTY02JAN2422300CE.NFO,02/01/2024,10:19:30,0.45,0.4,151080,0.45,69360,920,1210000
FINNIFTY02JAN2422300CE.NFO,02/01/2024,10:19:59,0.45,0.4,155320,0.45,73680,0,1210000
FINNIFTY02JAN2422300CE.NFO,02/01/2024,10:20:09,0.45,0.4,154120,0.45,73680,1200,1210000
FINNIFTY02JAN2422300CE.NFO,02/01/2024,10:20:19,0.45,0.4,154120,0.45,72200,1800,1210000
FINNIFTY02JAN2422300CE.NFO,02/01/2024,10:20:29,0.4,0.4,152760,0.45,69320,4240,1210000
FINNIFTY02JAN2422300CE.NFO,02/01/2024,10:20:38,0.45,0.4,153720,0.45,67600,1880,1195240
FINNIFTY02JAN2422300CE.NFO,02/01/2024,10:20:48,0.4,0.4,153440,0.45,67320,280,1195240
FINNIFTY02JAN2422300CE.NFO,02/01/2024,10:21:06,0.4,0.4,172720,0.45,67320,0,1195240
FINNIFTY02JAN2422300CE.NFO,02/01/2024,10:21:17,0.4,0.4,154560,0.45,67320,0,1195240
FINNIFTY02JAN2422300CE.NFO,02/01/2024,10:21:27,0.4,0.4,154840,0.45,69320,4640,1195240
FINNIFTY02JAN2422300CE.NFO,02/01/2024,10:21:38,0.4,0.4,154480,0.45,73680,1640,1195240
FINNIFTY02JAN2422300CE.NFO,02/01/2024,10:21:48,0.4,0.4,156160,0.45,74640,240,1195240
FINNIFTY02JAN2422300CE.NFO,02/01/2024,10:21:58,0.4,0.4,155960,0.45,74640,0,1195240
FINNIFTY02JAN2422300CE.NFO,02/01/2024,10:22:08,0.4,0.4,157120,0.45,72880,0,1195240
FINNIFTY02JAN2422300CE.NFO,02/01/2024,10:22:17,0.4,0.4,157080,0.45,73920,0,1195240
FINNIFTY02JAN2422300CE.NFO,02/01/2024,10:22:28,0.4,0.4,157040,0.45,76880,0,1195240
FINNIFTY02JAN2422300CE.NFO,02/01/2024,10:22:37,0.4,0.4,156800,0.45,79720,120,1195240
FINNIFTY02JAN2422300CE.NFO,02/01/2024,10:22:48,0.4,0.4,158840,0.45,79680,0,1195240
FINNIFTY02JAN2422300CE.NFO,02/01/2024,10:22:58,0.45,0.4,154360,0.45,71040,18760,1195240
FINNIFTY02JAN2422300CE.NFO,02/01/2024,10:23:08,0.45,0.4,153800,0.45,65720,3840,1195240
FINNIFTY02JAN2422300CE.NFO,02/01/2024,10:23:18,0.45,0.4,153880,0.45,66000,120,1195240
FINNIFTY02JAN2422300CE.NFO,02/01/2024,10:23:28,0.45,0.4,154000,0.45,64160,9720,1195240
FINNIFTY02JAN2422300CE.NFO,02/01/2024,10:23:39,0.4,0.4,153880,0.45,64160,120,1162960
FINNIFTY02JAN2422300CE.NFO,02/01/2024,10:23:49,0.4,0.4,153880,0.45,66080,0,1162960
FINNIFTY02JAN2422300CE.NFO,02/01/2024,10:24:00,0.4,0.4,153720,0.45,65240,6120,1162960
FINNIFTY02JAN2422300CE.NFO,02/01/2024,10:24:11,0.4,0.4,154400,0.45,65240,920,1162960
FINNIFTY02JAN2422300CE.NFO,02/01/2024,10:24:21,0.4,0.4,154400,0.45,65240,0,1162960
FINNIFTY02JAN2422300CE.NFO,02/01/2024,10:24:31,0.4,0.4,153520,0.45,64840,400,1162960
FINNIFTY02JAN2422300CE.NFO,02/01/2024,10:24:40,0.4,0.4,154320,0.45,65320,640,1162960
FINNIFTY02JAN2422300CE.NFO,02/01/2024,10:24:50,0.4,0.4,154320,0.45,65320,1440,1162960
FINNIFTY02JAN2422300CE.NFO,02/01/2024,10:25:00,0.4,0.4,153080,0.45,65320,0,1162960
FINNIFTY02JAN2422300CE.NFO,02/01/2024,10:25:11,0.4,0.4,152320,0.45,64960,1080,1162960
FINNIFTY02JAN2422300CE.NFO,02/01/2024,10:25:21,0.4,0.4,155760,0.45,64960,0,1162960
FINNIFTY02JAN2422300CE.NFO,02/01/2024,10:25:32,0.4,0.4,156680,0.45,67120,880,1162960
FINNIFTY02JAN2422300CE.NFO,02/01/2024,10:25:42,0.4,0.4,158080,0.45,68920,0,1162960
FINNIFTY02JAN2422300CE.NFO,02/01/2024,10:25:52,0.4,0.4,158760,0.45,71880,3400,1162960
FINNIFTY02JAN2422300CE.NFO,02/01/2024,10:26:02,0.4,0.4,159480,0.45,72120,1640,1162960
FINNIFTY02JAN2422300CE.NFO,02/01/2024,10:26:13,0.4,0.4,159400,0.45,72840,1200,1162960
FINNIFTY02JAN2422300CE.NFO,02/01/2024,10:26:22,0.4,0.4,159720,0.45,73080,600,1162960
FINNIFTY02JAN2422300CE.NFO,02/01/2024,10:26:33,0.4,0.4,159240,0.45,72120,3200,1162960
FINNIFTY02JAN2422300CE.NFO,02/01/2024,10:26:43,0.4,0.4,156760,0.45,71920,0,1162960
FINNIFTY02JAN2422300CE.NFO,02/01/2024,10:26:54,0.4,0.4,161040,0.45,74760,1840,1163440
FINNIFTY02JAN2422300CE.NFO,02/01/2024,10:27:05,0.4,0.4,157480,0.45,76640,4400,1163440
FINNIFTY02JAN2422300CE.NFO,02/01/2024,10:27:17,0.4,0.4,154760,0.45,80160,4000,1163440
FINNIFTY02JAN2422300CE.NFO,02/01/2024,10:27:27,0.4,0.4,154960,0.45,81360,920,1163440
FINNIFTY02JAN2422300CE.NFO,02/01/2024,10:27:38,0.4,0.4,155920,0.45,87320,18000,1163440
FINNIFTY02JAN2422300CE.NFO,02/01/2024,10:27:48,0.4,0.4,156720,0.45,92720,320,1163440
FINNIFTY02JAN2422300CE.NFO,02/01/2024,10:27:58,0.4,0.4,155320,0.45,92720,0,1163440
FINNIFTY02JAN2422300CE.NFO,02/01/2024,10:28:08,0.4,0.4,156000,0.45,91920,200,1163440
FINNIFTY02JAN2422300CE.NFO,02/01/2024,10:28:17,0.45,0.4,149880,0.45,90960,960,1163440
FINNIFTY02JAN2422300CE.NFO,02/01/2024,10:28:27,0.45,0.4,153680,0.45,89040,1440,1163440
FINNIFTY02JAN2422300CE.NFO,02/01/2024,10:28:37,0.45,0.4,152680,0.45,91640,560,1163440
FINNIFTY02JAN2422300CE.NFO,02/01/2024,10:28:45,0.45,0.4,152600,0.45,88960,1840,1163440
FINNIFTY02JAN2422300CE.NFO,02/01/2024,10:28:54,0.45,0.4,152560,0.45,92280,120,1163440
FINNIFTY02JAN2422300CE.NFO,02/01/2024,10:29:02,0.45,0.4,149760,0.45,91240,800,1163440
FINNIFTY02JAN2422300CE.NFO,02/01/2024,10:29:12,0.45,0.4,149760,0.45,88280,3200,1163440
FINNIFTY02JAN2422300CE.NFO,02/01/2024,10:29:20,0.45,0.4,149760,0.45,85000,1800,1163440
FINNIFTY02JAN2422300CE.NFO,02/01/2024,10:29:30,0.45,0.4,149760,0.45,86000,0,1163440
FINNIFTY02JAN2422300CE.NFO,02/01/2024,10:29:38,0.45,0.4,149720,0.45,84600,1800,1170840
FINNIFTY02JAN2422300CE.NFO,02/01/2024,10:29:46,0.4,0.4,146120,0.45,84520,3680,1170840
FINNIFTY02JAN2422300CE.NFO,02/01/2024,10:29:55,0.4,0.4,147560,0.45,84520,0,1170840
FINNIFTY02JAN2422300CE.NFO,02/01/2024,10:30:03,0.4,0.4,148120,0.45,86080,5440,1170840
FINNIFTY02JAN2422300CE.NFO,02/01/2024,10:30:13,0.45,0.4,148400,0.45,84280,1800,1170840
FINNIFTY02JAN2422300CE.NFO,02/01/2024,10:30:22,0.45,0.4,148040,0.45,83520,280,1170840
FINNIFTY02JAN2422300CE.NFO,02/01/2024,10:30:32,0.45,0.4,148040,0.45,84320,80,1170840
FINNIFTY02JAN2422300CE.NFO,02/01/2024,10:30:41,0.45,0.4,147840,0.45,84040,560,1170840
FINNIFTY02JAN2422300CE.NFO,02/01/2024,10:30:51,0.4,0.4,147960,0.45,84240,3240,1170840
FINNIFTY02JAN2422300CE.NFO,02/01/2024,10:31:01,0.4,0.4,147720,0.45,84240,0,1170840
FINNIFTY02JAN2422300CE.NFO,02/01/2024,10:31:10,0.4,0.4,148760,0.45,86040,40,1170840
FINNIFTY02JAN2422300CE.NFO,02/01/2024,10:31:19,0.4,0.4,148520,0.45,86080,40,1170840
FINNIFTY02JAN2422300CE.NFO,02/01/2024,10:31:28,0.4,0.4,120240,0.45,89960,35680,1170840
FINNIFTY02JAN2422300CE.NFO,02/01/2024,10:31:37,0.4,0.4,127840,0.45,112400,51760,1170840
FINNIFTY02JAN2422300CE.NFO,02/01/2024,10:31:47,0.4,0.35,227160,0.4,115480,105960,1170840
FINNIFTY02JAN2422300CE.NFO,02/01/2024,10:31:58,0.4,0.35,231600,0.4,137760,1000,1170840
FINNIFTY02JAN2422300CE.NFO,02/01/2024,10:32:08,0.4,0.35,231840,0.4,125120,2000,1170840
FINNIFTY02JAN2422300CE.NFO,02/01/2024,10:32:18,0.4,0.35,233200,0.4,128800,1800,1170840
FINNIFTY02JAN2422300CE.NFO,02/01/2024,10:32:27,0.4,0.35,231400,0.4,128360,360,1170840
FINNIFTY02JAN2422300CE.NFO,02/01/2024,10:32:37,0.4,0.35,231400,0.4,128440,0,1170840
FINNIFTY02JAN2422300CE.NFO,02/01/2024,10:32:46,0.4,0.35,231400,0.4,121200,0,1170840
FINNIFTY02JAN2422300CE.NFO,02/01/2024,10:32:56,0.4,0.35,233200,0.4,117600,0,1170840
FINNIFTY02JAN2422300CE.NFO,02/01/2024,10:33:05,0.4,0.35,234400,0.4,118360,4560,1229920
FINNIFTY02JAN2422300CE.NFO,02/01/2024,10:33:14,0.4,0.35,234680,0.4,124160,8680,1229920
FINNIFTY02JAN2422300CE.NFO,02/01/2024,10:33:23,0.4,0.35,236040,0.4,134720,14960,1229920
FINNIFTY02JAN2422300CE.NFO,02/01/2024,10:33:32,0.35,0.35,235920,0.4,139520,120,1229920
FINNIFTY02JAN2422300CE.NFO,02/01/2024,10:33:41,0.35,0.35,235840,0.4,139520,80,1229920
FINNIFTY02JAN2422300CE.NFO,02/01/2024,10:33:51,0.35,0.35,235840,0.4,139520,0,1229920
FINNIFTY02JAN2422300CE.NFO,02/01/2024,10:34:11,0.4,0.35,233280,0.4,139360,2000,1229920
FINNIFTY02JAN2422300CE.NFO,02/01/2024,10:34:21,0.4,0.35,233200,0.4,141440,80,1229920
FINNIFTY02JAN2422300CE.NFO,02/01/2024,10:34:30,0.4,0.35,232480,0.4,143120,800,1229920
FINNIFTY02JAN2422300CE.NFO,02/01/2024,10:34:48,0.4,0.35,232480,0.4,142920,200,1229920
FINNIFTY02JAN2422300CE.NFO,02/01/2024,10:34:57,0.35,0.35,232280,0.4,142920,200,1229920
FINNIFTY02JAN2422300CE.NFO,02/01/2024,10:35:06,0.35,0.35,232280,0.4,142920,0,1229920
FINNIFTY02JAN2422300CE.NFO,02/01/2024,10:35:15,0.4,0.35,215720,0.4,156000,20840,1229920
FINNIFTY02JAN2422300CE.NFO,02/01/2024,10:35:24,0.35,0.35,209840,0.4,163200,3000,1229920
FINNIFTY02JAN2422300CE.NFO,02/01/2024,10:35:32,0.35,0.35,209840,0.4,163200,0,1229920
FINNIFTY02JAN2422300CE.NFO,02/01/2024,10:35:41,0.4,0.35,209840,0.4,146800,25200,1221320
FINNIFTY02JAN2422300CE.NFO,02/01/2024,10:35:50,0.4,0.35,209840,0.4,145000,1800,1221320
FINNIFTY02JAN2422300CE.NFO,02/01/2024,10:36:08,0.4,0.35,209840,0.4,145080,160,1221320
FINNIFTY02JAN2422300CE.NFO,02/01/2024,10:36:18,0.4,0.35,172440,0.4,147360,520,1221320
FINNIFTY02JAN2422300CE.NFO,02/01/2024,10:36:29,0.4,0.35,172440,0.4,148240,0,1221320
FINNIFTY02JAN2422300CE.NFO,02/01/2024,10:36:40,0.4,0.35,176200,0.4,147440,800,1221320
FINNIFTY02JAN2422300CE.NFO,02/01/2024,10:36:52,0.4,0.35,176200,0.4,133040,0,1221320
FINNIFTY02JAN2422300CE.NFO,02/01/2024,10:37:03,0.4,0.35,176720,0.4,133720,2840,1221320
FINNIFTY02JAN2422300CE.NFO,02/01/2024,10:37:14,0.35,0.35,173080,0.4,134520,2440,1221320
FINNIFTY02JAN2422300CE.NFO,02/01/2024,10:37:25,0.35,0.35,173040,0.4,134520,40,1221320
FINNIFTY02JAN2422300CE.NFO,02/01/2024,10:37:36,0.35,0.35,170840,0.4,136320,40,1221320
FINNIFTY02JAN2422300CE.NFO,02/01/2024,10:37:46,0.35,0.35,172480,0.4,136320,440,1221320
FINNIFTY02JAN2422300CE.NFO,02/01/2024,10:37:56,0.35,0.35,172480,0.4,136320,0,1221320
FINNIFTY02JAN2422300CE.NFO,02/01/2024,10:38:25,0.35,0.35,175000,0.4,136320,0,1221320
FINNIFTY02JAN2422300CE.NFO,02/01/2024,10:38:34,0.35,0.35,176800,0.4,136320,0,1221320
FINNIFTY02JAN2422300CE.NFO,02/01/2024,10:38:54,0.35,0.35,175920,0.4,137080,0,1221320
FINNIFTY02JAN2422300CE.NFO,02/01/2024,10:39:04,0.4,0.35,176200,0.4,137320,640,1215160
FINNIFTY02JAN2422300CE.NFO,02/01/2024,10:39:15,0.4,0.35,176200,0.4,136600,240,1215160
FINNIFTY02JAN2422300CE.NFO,02/01/2024,10:39:26,0.4,0.35,176200,0.4,135400,1200,1215160
FINNIFTY02JAN2422300CE.NFO,02/01/2024,10:39:37,0.35,0.35,177840,0.4,135880,160,1215160
FINNIFTY02JAN2422300CE.NFO,02/01/2024,10:39:47,0.4,0.35,177920,0.4,133560,40,1215160
FINNIFTY02JAN2422300CE.NFO,02/01/2024,10:40:09,0.4,0.35,177920,0.4,132600,960,1215160
FINNIFTY02JAN2422300CE.NFO,02/01/2024,10:40:20,0.4,0.35,182400,0.4,132200,0,1215160
FINNIFTY02JAN2422300CE.NFO,02/01/2024,10:40:41,0.4,0.35,180520,0.4,136120,40,1215160
FINNIFTY02JAN2422300CE.NFO,02/01/2024,10:40:51,0.4,0.35,180520,0.4,136120,0,1215160
FINNIFTY02JAN2422300CE.NFO,02/01/2024,10:41:01,0.4,0.35,180520,0.4,135520,120,1215160
FINNIFTY02JAN2422300CE.NFO,02/01/2024,10:41:11,0.4,0.35,180520,0.4,136680,2920,1215160
FINNIFTY02JAN2422300CE.NFO,02/01/2024,10:41:21,0.35,0.35,176400,0.4,138480,2760,1215160
FINNIFTY02JAN2422300CE.NFO,02/01/2024,10:41:30,0.35,0.35,177760,0.4,138480,0,1215160
FINNIFTY02JAN2422300CE.NFO,02/01/2024,10:42:01,0.4,0.35,177560,0.4,136640,240,1216280
FINNIFTY02JAN2422300CE.NFO,02/01/2024,10:42:11,0.35,0.35,174760,0.4,136640,1000,1216280
FINNIFTY02JAN2422300CE.NFO,02/01/2024,10:42:21,0.35,0.35,174760,0.4,136640,0,1216280
FINNIFTY02JAN2422300CE.NFO,02/01/2024,10:42:51,0.35,0.35,174760,0.4,137520,0,1216280
FINNIFTY02JAN2422300CE.NFO,02/01/2024,10:43:01,0.4,0.35,179760,0.4,137480,440,1216280
FINNIFTY02JAN2422300CE.NFO,02/01/2024,10:43:11,0.4,0.35,181360,0.4,137160,2320,1216280
FINNIFTY02JAN2422300CE.NFO,02/01/2024,10:43:21,0.4,0.35,180560,0.4,133680,40,1216280
FINNIFTY02JAN2422300CE.NFO,02/01/2024,10:43:31,0.4,0.35,180560,0.4,133160,40,1216280
FINNIFTY02JAN2422300CE.NFO,02/01/2024,10:43:41,0.35,0.35,180360,0.4,142000,200,1216280
FINNIFTY02JAN2422300CE.NFO,02/01/2024,10:43:51,0.35,0.35,182040,0.4,141480,120,1216280
FINNIFTY02JAN2422300CE.NFO,02/01/2024,10:44:00,0.35,0.35,170040,0.4,143280,12000,1216280
FINNIFTY02JAN2422300CE.NFO,02/01/2024,10:44:10,0.4,0.35,170040,0.4,150400,80,1216280
FINNIFTY02JAN2422300CE.NFO,02/01/2024,10:44:20,0.4,0.35,171840,0.4,150400,0,1216280
FINNIFTY02JAN2422300CE.NFO,02/01/2024,10:45:00,0.4,0.35,178440,0.4,153800,0,1216280
FINNIFTY02JAN2422300CE.NFO,02/01/2024,10:45:10,0.4,0.35,178440,0.4,159080,1520,1219480
FINNIFTY02JAN2422300CE.NFO,02/01/2024,10:45:20,0.4,0.35,145320,0.4,159040,360,1219480
FINNIFTY02JAN2422300CE.NFO,02/01/2024,10:45:29,0.35,0.35,120440,0.4,160840,2200,1219480
FINNIFTY02JAN2422300CE.NFO,02/01/2024,10:45:39,0.4,0.35,120440,0.4,158920,200,1219480
FINNIFTY02JAN2422300CE.NFO,02/01/2024,10:45:48,0.4,0.35,120440,0.4,157920,1000,1219480
FINNIFTY02JAN2422300CE.NFO,02/01/2024,10:46:08,0.4,0.35,120440,0.4,157920,0,1219480
FINNIFTY02JAN2422300CE.NFO,02/01/2024,10:46:17,0.4,0.35,120440,0.4,159680,40,1219480
FINNIFTY02JAN2422300CE.NFO,02/01/2024,10:46:27,0.4,0.35,120440,0.4,159680,0,1219480
FINNIFTY02JAN2422300CE.NFO,02/01/2024,10:46:36,0.4,0.35,120440,0.4,158760,1800,1219480
FINNIFTY02JAN2422300CE.NFO,02/01/2024,10:46:46,0.4,0.35,120240,0.4,158240,920,1219480
FINNIFTY02JAN2422300CE.NFO,02/01/2024,10:46:56,0.4,0.35,120240,0.4,158960,960,1219480
FINNIFTY02JAN2422300CE.NFO,02/01/2024,10:47:06,0.4,0.35,120240,0.4,159120,480,1219480
FINNIFTY02JAN2422300CE.NFO,02/01/2024,10:47:16,0.4,0.35,120240,0.4,160360,0,1219480
FINNIFTY02JAN2422300CE.NFO,02/01/2024,10:47:25,0.4,0.35,120240,0.4,159640,280,1219480
FINNIFTY02JAN2422300CE.NFO,02/01/2024,10:47:35,0.4,0.35,120240,0.4,159640,0,1219480
FINNIFTY02JAN2422300CE.NFO,02/01/2024,10:47:53,0.4,0.35,120240,0.4,159720,0,1219480
FINNIFTY02JAN2422300CE.NFO,02/01/2024,10:48:03,0.4,0.35,119640,0.4,160160,960,1218160
FINNIFTY02JAN2422300CE.NFO,02/01/2024,10:48:12,0.4,0.35,116640,0.4,157400,680,1218160
FINNIFTY02JAN2422300CE.NFO,02/01/2024,10:48:21,0.4,0.35,116640,0.4,157400,0,1218160
FINNIFTY02JAN2422300CE.NFO,02/01/2024,10:48:31,0.4,0.35,116640,0.4,156160,0,1218160
FINNIFTY02JAN2422300CE.NFO,02/01/2024,10:48:40,0.4,0.35,116640,0.4,156760,0,1218160
FINNIFTY02JAN2422300CE.NFO,02/01/2024,10:48:50,0.4,0.35,116640,0.4,156680,200,1218160
FINNIFTY02JAN2422300CE.NFO,02/01/2024,10:48:59,0.4,0.35,116640,0.4,156640,0,1218160
FINNIFTY02JAN2422300CE.NFO,02/01/2024,10:49:10,0.4,0.35,116640,0.4,153560,1720,1218160
FINNIFTY02JAN2422300CE.NFO,02/01/2024,10:49:20,0.4,0.35,116640,0.4,152200,1600,1218160
FINNIFTY02JAN2422300CE.NFO,02/01/2024,10:49:30,0.4,0.35,145440,0.4,152800,0,1218160
FINNIFTY02JAN2422300CE.NFO,02/01/2024,10:49:58,0.4,0.35,145760,0.4,152800,0,1218160
FINNIFTY02JAN2422300CE.NFO,02/01/2024,10:50:07,0.4,0.35,146640,0.4,150360,1000,1218160
FINNIFTY02JAN2422300CE.NFO,02/01/2024,10:50:17,0.4,0.35,146640,0.4,150520,80,1218160
FINNIFTY02JAN2422300CE.NFO,02/01/2024,10:50:27,0.4,0.35,146640,0.4,150280,0,1218160
FINNIFTY02JAN2422300CE.NFO,02/01/2024,10:50:37,0.4,0.35,146640,0.4,149520,160,1218160
FINNIFTY02JAN2422300CE.NFO,02/01/2024,10:50:47,0.4,0.35,145760,0.4,152440,0,1218160
FINNIFTY02JAN2422300CE.NFO,02/01/2024,10:50:57,0.4,0.35,145760,0.4,151560,0,1218160
FINNIFTY02JAN2422300CE.NFO,02/01/2024,10:51:07,0.4,0.35,145760,0.4,148600,2400,1216240
FINNIFTY02JAN2422300CE.NFO,02/01/2024,10:51:37,0.35,0.35,145160,0.4,150040,600,1216240
FINNIFTY02JAN2422300CE.NFO,02/01/2024,10:52:07,0.4,0.35,145280,0.4,146640,1600,1216240
FINNIFTY02JAN2422300CE.NFO,02/01/2024,10:52:16,0.4,0.35,145280,0.4,145440,240,1216240
FINNIFTY02JAN2422300CE.NFO,02/01/2024,10:52:26,0.4,0.35,145200,0.4,145720,200,1216240
FINNIFTY02JAN2422300CE.NFO,02/01/2024,10:52:35,0.35,0.35,144240,0.4,145320,1800,1216240
FINNIFTY02JAN2422300CE.NFO,02/01/2024,10:52:45,0.35,0.35,144280,0.4,146720,0,1216240
FINNIFTY02JAN2422300CE.NFO,02/01/2024,10:52:55,0.35,0.35,144280,0.4,147720,0,1216240
FINNIFTY02JAN2422300CE.NFO,02/01/2024,10:53:13,0.35,0.35,143880,0.4,147720,400,1216240
FINNIFTY02JAN2422300CE.NFO,02/01/2024,10:53:32,0.35,0.35,142920,0.4,147320,960,1216240
FINNIFTY02JAN2422300CE.NFO,02/01/2024,10:53:50,0.35,0.35,119760,0.4,151080,5600,1218040
FINNIFTY02JAN2422300CE.NFO,02/01/2024,10:54:09,0.35,0.35,121760,0.4,152000,2800,1218040
FINNIFTY02JAN2422300CE.NFO,02/01/2024,10:54:19,0.35,0.35,119840,0.4,152000,40,1218040
FINNIFTY02JAN2422300CE.NFO,02/01/2024,10:54:28,0.35,0.35,121760,0.4,152760,0,1218040
FINNIFTY02JAN2422300CE.NFO,02/01/2024,10:54:38,0.35,0.35,119960,0.4,152760,0,1218040
FINNIFTY02JAN2422300CE.NFO,02/01/2024,10:54:47,0.35,0.35,91360,0.4,153160,1600,1218040
FINNIFTY02JAN2422300CE.NFO,02/01/2024,10:54:56,0.35,0.35,127360,0.4,153120,0,1218040
FINNIFTY02JAN2422300CE.NFO,02/01/2024,10:55:05,0.4,0.35,217400,0.4,154240,680,1218040
FINNIFTY02JAN2422300CE.NFO,02/01/2024,10:55:14,0.4,0.35,217320,0.4,154120,120,1218040
FINNIFTY02JAN2422300CE.NFO,02/01/2024,10:55:23,0.4,0.35,217320,0.4,153560,80,1218040
FINNIFTY02JAN2422300CE.NFO,02/01/2024,10:56:09,0.4,0.35,216440,0.4,155080,1760,1218040
FINNIFTY02JAN2422300CE.NFO,02/01/2024,10:56:18,0.4,0.35,216440,0.4,153360,1600,1218040
FINNIFTY02JAN2422300CE.NFO,02/01/2024,10:56:27,0.35,0.35,216240,0.4,153720,320,1218040
FINNIFTY02JAN2422300CE.NFO,02/01/2024,10:56:36,0.35,0.35,196240,0.4,153720,200,1218040
FINNIFTY02JAN2422300CE.NFO,02/01/2024,10:56:47,0.4,0.35,151240,0.4,153120,4000,1215200
FINNIFTY02JAN2422300CE.NFO,02/01/2024,10:56:58,0.35,0.35,104280,0.4,140520,160,1215200
FINNIFTY02JAN2422300CE.NFO,02/01/2024,10:57:08,0.4,0.35,91400,0.4,139440,5040,1215200
FINNIFTY02JAN2422300CE.NFO,02/01/2024,10:57:18,0.4,0.35,90440,0.4,140160,1000,1215200
FINNIFTY02JAN2422300CE.NFO,02/01/2024,10:57:28,0.4,0.35,90440,0.4,139680,80,1215200
FINNIFTY02JAN2422300CE.NFO,02/01/2024,10:57:37,0.35,0.35,91640,0.4,144680,11400,1215200
FINNIFTY02JAN2422300CE.NFO,02/01/2024,10:57:48,0.35,0.35,92520,0.4,142000,0,1215200
FINNIFTY02JAN2422300CE.NFO,02/01/2024,10:57:58,0.4,0.35,92520,0.4,141960,40,1215200
FINNIFTY02JAN2422300CE.NFO,02/01/2024,10:58:09,0.4,0.35,92520,0.4,140320,1160,1215200
FINNIFTY02JAN2422300CE.NFO,02/01/2024,10:58:18,0.4,0.35,92520,0.4,142960,40,1215200
FINNIFTY02JAN2422300CE.NFO,02/01/2024,10:58:28,0.4,0.35,92520,0.4,143840,0,1215200
FINNIFTY02JAN2422300CE.NFO,02/01/2024,10:58:37,0.4,0.35,91640,0.4,143840,0,1215200
FINNIFTY02JAN2422300CE.NFO,02/01/2024,10:59:05,0.4,0.35,91640,0.4,143120,320,1215200
FINNIFTY02JAN2422300CE.NFO,02/01/2024,10:59:14,0.4,0.35,91640,0.4,142320,800,1215200
FINNIFTY02JAN2422300CE.NFO,02/01/2024,10:59:52,0.35,0.35,97120,0.4,157240,8840,1203920
FINNIFTY02JAN2422300CE.NFO,02/01/2024,11:00:01,0.35,0.35,98800,0.4,157240,0,1203920
FINNIFTY02JAN2422300CE.NFO,02/01/2024,11:00:10,0.35,0.35,98800,0.4,156840,0,1203920
FINNIFTY02JAN2422300CE.NFO,02/01/2024,11:00:20,0.35,0.35,100800,0.4,154640,80,1203920
FINNIFTY02JAN2422300CE.NFO,02/01/2024,11:00:30,0.35,0.35,118240,0.4,151120,15160,1203920
FINNIFTY02JAN2422300CE.NFO,02/01/2024,11:00:39,0.35,0.35,119920,0.4,152000,0,1203920
FINNIFTY02JAN2422300CE.NFO,02/01/2024,11:00:48,0.35,0.35,111720,0.4,153680,8800,1203920
FINNIFTY02JAN2422300CE.NFO,02/01/2024,11:01:08,0.4,0.35,117520,0.4,152400,1680,1203920
FINNIFTY02JAN2422300CE.NFO,02/01/2024,11:01:17,0.4,0.35,118200,0.4,152480,0,1203920
FINNIFTY02JAN2422300CE.NFO,02/01/2024,11:01:27,0.35,0.35,111200,0.4,152920,6320,1203920
FINNIFTY02JAN2422300CE.NFO,02/01/2024,11:01:56,0.35,0.35,118840,0.4,150720,160,1203920
FINNIFTY02JAN2422300CE.NFO,02/01/2024,11:02:06,0.35,0.35,131720,0.4,151120,5600,1203920
FINNIFTY02JAN2422300CE.NFO,02/01/2024,11:02:16,0.4,0.35,133920,0.4,152320,120,1203920
FINNIFTY02JAN2422300CE.NFO,02/01/2024,11:02:26,0.4,0.35,133920,0.4,153000,0,1203920
FINNIFTY02JAN2422300CE.NFO,02/01/2024,11:02:35,0.35,0.35,133840,0.4,153000,3600,1203920
FINNIFTY02JAN2422300CE.NFO,02/01/2024,11:02:45,0.35,0.35,134240,0.4,153000,800,1203920
FINNIFTY02JAN2422300CE.NFO,02/01/2024,11:02:54,0.35,0.35,125480,0.4,153800,8800,1197520
FINNIFTY02JAN2422300CE.NFO,02/01/2024,11:03:13,0.35,0.35,117000,0.4,149960,9280,1197520
FINNIFTY02JAN2422300CE.NFO,02/01/2024,11:03:31,0.35,0.3,298640,0.35,169440,191200,1197520
FINNIFTY02JAN2422300CE.NFO,02/01/2024,11:03:41,0.35,0.3,298640,0.35,186040,0,1197520
FINNIFTY02JAN2422300CE.NFO,02/01/2024,11:03:50,0.35,0.3,294320,0.35,190000,480,1197520
FINNIFTY02JAN2422300CE.NFO,02/01/2024,11:03:59,0.35,0.3,292560,0.35,189320,680,1197520
FINNIFTY02JAN2422300CE.NFO,02/01/2024,11:04:09,0.35,0.3,292560,0.35,187360,1480,1197520
FINNIFTY02JAN2422300CE.NFO,02/01/2024,11:04:18,0.35,0.3,295560,0.35,205080,8560,1197520
FINNIFTY02JAN2422300CE.NFO,02/01/2024,11:04:28,0.3,0.3,294320,0.35,205880,1240,1197520
FINNIFTY02JAN2422300CE.NFO,02/01/2024,11:04:28,0.3,0.3,294320,0.35,205880,0,1197520
FINNIFTY02JAN2422300CE.NFO,02/01/2024,11:04:37,0.3,0.3,278120,0.35,205480,0,1197520
FINNIFTY02JAN2422300CE.NFO,02/01/2024,11:04:47,0.3,0.3,278000,0.35,209080,120,1197520
FINNIFTY02JAN2422300CE.NFO,02/01/2024,11:04:56,0.35,0.3,275120,0.35,208880,600,1197520
FINNIFTY02JAN2422300CE.NFO,02/01/2024,11:05:14,0.3,0.3,274640,0.35,210240,2480,1197520
FINNIFTY02JAN2422300CE.NFO,02/01/2024,11:05:23,0.3,0.3,271040,0.35,210240,0,1197520
FINNIFTY02JAN2422300CE.NFO,02/01/2024,11:05:33,0.3,0.3,271040,0.35,210200,0,1197520
FINNIFTY02JAN2422300CE.NFO,02/01/2024,11:05:42,0.35,0.3,273360,0.35,208280,5400,1136760
FINNIFTY02JAN2422300CE.NFO,02/01/2024,11:05:52,0.35,0.3,270800,0.35,206200,5400,1136760
FINNIFTY02JAN2422300CE.NFO,02/01/2024,11:06:01,0.3,0.3,269680,0.35,206920,1520,1136760
FINNIFTY02JAN2422300CE.NFO,02/01/2024,11:06:11,0.35,0.3,269960,0.35,208080,640,1136760
FINNIFTY02JAN2422300CE.NFO,02/01/2024,11:06:20,0.35,0.3,264480,0.35,209640,7520,1136760
FINNIFTY02JAN2422300CE.NFO,02/01/2024,11:06:29,0.3,0.3,222360,0.35,215400,5440,1136760
FINNIFTY02JAN2422300CE.NFO,02/01/2024,11:06:38,0.3,0.3,212400,0.35,225400,5400,1136760
FINNIFTY02JAN2422300CE.NFO,02/01/2024,11:06:48,0.3,0.3,212200,0.35,226400,0,1136760
FINNIFTY02JAN2422300CE.NFO,02/01/2024,11:06:57,0.3,0.3,211320,0.35,216480,0,1136760
FINNIFTY02JAN2422300CE.NFO,02/01/2024,11:07:07,0.3,0.3,195360,0.35,207080,18000,1136760
FINNIFTY02JAN2422300CE.NFO,02/01/2024,11:07:17,0.3,0.3,194520,0.35,223840,3080,1136760
FINNIFTY02JAN2422300CE.NFO,02/01/2024,11:07:27,0.3,0.3,189640,0.35,223440,0,1136760
FINNIFTY02JAN2422300CE.NFO,02/01/2024,11:07:36,0.35,0.3,188720,0.35,222160,2000,1136760
FINNIFTY02JAN2422300CE.NFO,02/01/2024,11:07:45,0.3,0.3,184720,0.35,222840,2120,1136760
FINNIFTY02JAN2422300CE.NFO,02/01/2024,11:07:54,0.35,0.3,181840,0.35,226800,240,1136760
FINNIFTY02JAN2422300CE.NFO,02/01/2024,11:08:03,0.35,0.3,209920,0.35,226440,360,1136760
FINNIFTY02JAN2422300CE.NFO,02/01/2024,11:08:12,0.35,0.3,208240,0.35,226000,7400,1136760
FINNIFTY02JAN2422300CE.NFO,02/01/2024,11:08:22,0.35,0.3,208280,0.35,227360,80,1136760
FINNIFTY02JAN2422300CE.NFO,02/01/2024,11:08:31,0.35,0.3,207400,0.35,224560,40,1136760
FINNIFTY02JAN2422300CE.NFO,02/01/2024,11:08:40,0.35,0.3,207880,0.35,222960,1600,1136760
FINNIFTY02JAN2422300CE.NFO,02/01/2024,11:08:49,0.35,0.3,209840,0.35,224240,1480,1124760
FINNIFTY02JAN2422300CE.NFO,02/01/2024,11:08:59,0.35,0.3,209840,0.35,224800,0,1124760
FINNIFTY02JAN2422300CE.NFO,02/01/2024,11:09:09,0.35,0.35,83400,0.4,118120,208520,1124760
FINNIFTY02JAN2422300CE.NFO,02/01/2024,11:09:19,0.35,0.35,116920,0.4,118000,1560,1124760
FINNIFTY02JAN2422300CE.NFO,02/01/2024,11:09:28,0.35,0.35,116920,0.4,118000,0,1124760
FINNIFTY02JAN2422300CE.NFO,02/01/2024,11:09:37,0.35,0.35,88120,0.4,118000,0,1124760
FINNIFTY02JAN2422300CE.NFO,02/01/2024,11:09:46,0.35,0.35,114960,0.4,105240,4600,1124760
FINNIFTY02JAN2422300CE.NFO,02/01/2024,11:09:55,0.35,0.35,102880,0.4,94280,0,1124760
FINNIFTY02JAN2422300CE.NFO,02/01/2024,11:10:04,0.4,0.35,115760,0.4,109840,1720,1124760
FINNIFTY02JAN2422300CE.NFO,02/01/2024,11:10:12,0.4,0.35,105280,0.4,99160,920,1124760
FINNIFTY02JAN2422300CE.NFO,02/01/2024,11:10:21,0.4,0.35,89280,0.4,115320,1840,1124760
FINNIFTY02JAN2422300CE.NFO,02/01/2024,11:10:29,0.4,0.35,98280,0.4,104120,0,1124760
FINNIFTY02JAN2422300CE.NFO,02/01/2024,11:10:39,0.4,0.35,101880,0.4,110600,240,1124760
FINNIFTY02JAN2422300CE.NFO,02/01/2024,11:10:47,0.4,0.35,111080,0.4,109880,4440,1124760
FINNIFTY02JAN2422300CE.NFO,02/01/2024,11:10:56,0.4,0.35,103640,0.4,80360,21160,1124760
FINNIFTY02JAN2422300CE.NFO,02/01/2024,11:11:05,0.4,0.35,100040,0.4,81640,720,1124760
FINNIFTY02JAN2422300CE.NFO,02/01/2024,11:11:14,0.4,0.4,122320,0.45,64240,92240,1124760
FINNIFTY02JAN2422300CE.NFO,02/01/2024,11:11:23,0.45,0.4,118120,0.45,47760,10400,1124760
FINNIFTY02JAN2422300CE.NFO,02/01/2024,11:11:33,0.45,0.4,131400,0.45,152160,1880,1124760
FINNIFTY02JAN2422300CE.NFO,02/01/2024,11:11:42,0.45,0.4,133280,0.45,154440,1040,1124760
FINNIFTY02JAN2422300CE.NFO,02/01/2024,11:11:51,0.45,0.4,133280,0.45,154440,0,1124760
FINNIFTY02JAN2422300CE.NFO,02/01/2024,11:12:01,0.45,0.4,133280,0.45,154680,0,1124760
FINNIFTY02JAN2422300CE.NFO,02/01/2024,11:12:10,0.45,0.4,123360,0.45,140320,1520,1202680
FINNIFTY02JAN2422300CE.NFO,02/01/2024,11:12:19,0.4,0.4,125840,0.45,106840,14040,1202680
FINNIFTY02JAN2422300CE.NFO,02/01/2024,11:12:28,0.45,0.4,137400,0.45,137720,7560,1202680
FINNIFTY02JAN2422300CE.NFO,02/01/2024,11:12:37,0.45,0.4,126600,0.45,116760,8240,1202680
FINNIFTY02JAN2422300CE.NFO,02/01/2024,11:12:46,0.45,0.4,137920,0.45,121680,13200,1202680
FINNIFTY02JAN2422300CE.NFO,02/01/2024,11:12:55,0.45,0.4,127120,0.45,89800,17720,1202680
FINNIFTY02JAN2422300CE.NFO,02/01/2024,11:13:04,0.45,0.4,127120,0.45,97040,3400,1202680
FINNIFTY02JAN2422300CE.NFO,02/01/2024,11:13:12,0.45,0.4,137960,0.45,95400,2680,1202680
FINNIFTY02JAN2422300CE.NFO,02/01/2024,11:13:21,0.45,0.4,137920,0.45,104160,25800,1202680
FINNIFTY02JAN2422300CE.NFO,02/01/2024,11:13:31,0.5,0.45,164640,0.5,60120,97400,1202680
FINNIFTY02JAN2422300CE.NFO,02/01/2024,11:13:42,0.5,0.45,161640,0.5,49320,13200,1202680
FINNIFTY02JAN2422300CE.NFO,02/01/2024,11:13:52,0.5,0.45,158880,0.5,25040,6760,1202680
FINNIFTY02JAN2422300CE.NFO,02/01/2024,11:14:01,0.6,0.55,144400,0.6,61040,130280,1202680
FINNIFTY02JAN2422300CE.NFO,02/01/2024,11:14:01,0.6,0.55,144400,0.6,61040,0,1202680
FINNIFTY02JAN2422300CE.NFO,02/01/2024,11:14:10,0.55,0.55,105920,0.6,57480,32520,1202680
FINNIFTY02JAN2422300CE.NFO,02/01/2024,11:14:19,0.6,0.55,88680,0.6,76400,20440,1202680
FINNIFTY02JAN2422300CE.NFO,02/01/2024,11:14:28,0.55,0.55,53040,0.6,66560,75960,1202680
FINNIFTY02JAN2422300CE.NFO,02/01/2024,11:14:30,0.6,0.55,42560,0.6,78680,1800,1202680
FINNIFTY02JAN2422300CE.NFO,02/01/2024,11:14:32,0.6,0.55,44200,0.6,83760,400,1202680
FINNIFTY02JAN2422300CE.NFO,02/01/2024,11:14:33,0.55,0.5,29280,0.55,52200,22920,1202680
FINNIFTY02JAN2422300CE.NFO,02/01/2024,11:14:35,0.55,0.5,29240,0.55,52680,240,1202680
FINNIFTY02JAN2422300CE.NFO,02/01/2024,11:14:38,0.55,0.5,29240,0.55,53080,200,1202680
FINNIFTY02JAN2422300CE.NFO,02/01/2024,11:14:40,0.55,0.5,29240,0.55,52280,200,1202680
FINNIFTY02JAN2422300CE.NFO,02/01/2024,11:14:41,0.55,0.5,29240,0.55,49360,2920,1125520
FINNIFTY02JAN2422300CE.NFO,02/01/2024,11:14:43,0.55,0.5,29240,0.55,49080,280,1125520
FINNIFTY02JAN2422300CE.NFO,02/01/2024,11:14:45,0.5,0.5,29920,0.55,41760,3320,1125520
FINNIFTY02JAN2422300CE.NFO,02/01/2024,11:14:46,0.55,0.5,30920,0.55,42920,200,1125520
FINNIFTY02JAN2422300CE.NFO,02/01/2024,11:14:50,0.55,0.5,30920,0.55,42880,0,1125520
FINNIFTY02JAN2422300CE.NFO,02/01/2024,11:14:51,0.55,0.5,30920,0.55,42840,40,1125520
FINNIFTY02JAN2422300CE.NFO,02/01/2024,11:14:55,0.55,0.5,30920,0.55,41080,720,1125520
FINNIFTY02JAN2422300CE.NFO,02/01/2024,11:14:58,0.55,0.5,30920,0.55,44400,440,1125520
FINNIFTY02JAN2422300CE.NFO,02/01/2024,11:15:01,0.55,0.5,29920,0.55,44200,1200,1125520
FINNIFTY02JAN2422300CE.NFO,02/01/2024,11:15:03,0.55,0.5,30160,0.55,44120,640,1125520
FINNIFTY02JAN2422300CE.NFO,02/01/2024,11:15:04,0.5,0.5,31840,0.55,41480,2760,1125520
FINNIFTY02JAN2422300CE.NFO,02/01/2024,11:15:06,0.55,0.5,31840,0.55,35480,80,1125520
FINNIFTY02JAN2422300CE.NFO,02/01/2024,11:15:08,0.55,0.5,31920,0.55,36680,0,1125520
FINNIFTY02JAN2422300CE.NFO,02/01/2024,11:15:12,0.55,0.5,31840,0.55,40080,200,1125520
FINNIFTY02JAN2422300CE.NFO,02/01/2024,11:15:14,0.55,0.5,30840,0.55,40640,0,1125520
FINNIFTY02JAN2422300CE.NFO,02/01/2024,11:15:15,0.55,0.5,30840,0.55,39840,800,1125520
FINNIFTY02JAN2422300CE.NFO,02/01/2024,11:15:17,0.55,0.5,31040,0.55,38120,1280,1125520
FINNIFTY02JAN2422300CE.NFO,02/01/2024,11:15:19,0.55,0.5,31440,0.55,37320,1000,1125520
FINNIFTY02JAN2422300CE.NFO,02/01/2024,11:15:20,0.55,0.5,31440,0.55,38280,200,1125520
FINNIFTY02JAN2422300CE.NFO,02/01/2024,11:15:22,0.55,0.5,31440,0.55,38280,0,1125520
FINNIFTY02JAN2422300CE.NFO,02/01/2024,11:15:23,0.55,0.5,31640,0.55,36160,1120,1125520
FINNIFTY02JAN2422300CE.NFO,02/01/2024,11:15:25,0.5,0.5,29200,0.55,37040,2440,1125520
FINNIFTY02JAN2422300CE.NFO,02/01/2024,11:15:27,0.55,0.5,25320,0.55,39840,9920,1125520
FINNIFTY02JAN2422300CE.NFO,02/01/2024,11:15:28,0.5,0.5,21960,0.55,44200,6440,1125520
FINNIFTY02JAN2422300CE.NFO,02/01/2024,11:15:35,0.55,0.5,29400,0.55,41440,13400,1125520
FINNIFTY02JAN2422300CE.NFO,02/01/2024,11:15:46,0.55,0.5,31080,0.55,36800,880,1125520
FINNIFTY02JAN2422300CE.NFO,02/01/2024,11:15:57,0.55,0.5,31040,0.55,37560,720,1125520
FINNIFTY02JAN2422300CE.NFO,02/01/2024,11:16:07,0.5,0.45,27640,0.5,212160,116200,1125520
FINNIFTY02JAN2422300CE.NFO,02/01/2024,11:16:16,0.5,0.45,27640,0.5,213040,1040,1125520
FINNIFTY02JAN2422300CE.NFO,02/01/2024,11:16:26,0.5,0.45,30360,0.5,212840,200,1125520
FINNIFTY02JAN2422300CE.NFO,02/01/2024,11:16:35,0.45,0.45,17040,0.5,209720,4960,1125520
FINNIFTY02JAN2422300CE.NFO,02/01/2024,11:16:44,0.5,0.45,53560,0.5,198200,20640,1125520
FINNIFTY02JAN2422300CE.NFO,02/01/2024,11:16:53,0.5,0.45,37640,0.5,199600,7200,1125520
FINNIFTY02JAN2422300CE.NFO,02/01/2024,11:17:03,0.5,0.45,46640,0.5,178680,18800,1125520
FINNIFTY02JAN2422300CE.NFO,02/01/2024,11:17:12,0.5,0.45,59080,0.5,180000,1200,1125520
FINNIFTY02JAN2422300CE.NFO,02/01/2024,11:17:21,0.5,0.45,59080,0.5,180800,200,1125520
FINNIFTY02JAN2422300CE.NFO,02/01/2024,11:17:30,0.5,0.45,33360,0.5,180000,14520,1125520
FINNIFTY02JAN2422300CE.NFO,02/01/2024,11:17:39,0.5,0.45,14800,0.5,187920,1440,1125520
FINNIFTY02JAN2422300CE.NFO,02/01/2024,11:17:48,0.5,0.45,65560,0.5,216320,0,1125520
FINNIFTY02JAN2422300CE.NFO,02/01/2024,11:17:57,0.45,0.4,110120,0.45,4160,44360,1024280
FINNIFTY02JAN2422300CE.NFO,02/01/2024,11:18:07,0.45,0.4,111400,0.45,8360,28280,1024280
FINNIFTY02JAN2422300CE.NFO,02/01/2024,11:18:17,0.45,0.4,108720,0.45,17960,2440,1024280
FINNIFTY02JAN2422300CE.NFO,02/01/2024,11:18:25,0.45,0.4,108560,0.45,19120,0,1024280
FINNIFTY02JAN2422300CE.NFO,02/01/2024,11:18:42,0.45,0.4,113120,0.45,15520,10320,1024280
FINNIFTY02JAN2422300CE.NFO,02/01/2024,11:18:51,0.4,0.4,40120,0.45,45520,200440,1024280
FINNIFTY02JAN2422300CE.NFO,02/01/2024,11:19:00,0.4,0.4,53720,0.45,79720,9200,1024280
FINNIFTY02JAN2422300CE.NFO,02/01/2024,11:19:08,0.45,0.4,55560,0.45,82720,1800,1024280
FINNIFTY02JAN2422300CE.NFO,02/01/2024,11:19:17,0.45,0.4,55360,0.45,88800,1880,1024280
FINNIFTY02JAN2422300CE.NFO,02/01/2024,11:19:25,0.45,0.4,54440,0.45,89800,7760,1024280
FINNIFTY02JAN2422300CE.NFO,02/01/2024,11:19:31,0.45,0.4,54400,0.45,89080,720,1024280
FINNIFTY02JAN2422300CE.NFO,02/01/2024,11:19:39,0.45,0.4,54400,0.45,87280,1800,1024280
FINNIFTY02JAN2422300CE.NFO,02/01/2024,11:19:40,0.45,0.4,54400,0.45,88720,240,1024280
FINNIFTY02JAN2422300CE.NFO,02/01/2024,11:19:48,0.45,0.4,54400,0.45,86880,2000,1024280
FINNIFTY02JAN2422300CE.NFO,02/01/2024,11:19:50,0.45,0.4,54400,0.45,86880,0,1024280
FINNIFTY02JAN2422300CE.NFO,02/01/2024,11:20:01,0.45,0.4,54160,0.45,88280,400,1024280
FINNIFTY02JAN2422300CE.NFO,02/01/2024,11:20:03,0.45,0.4,54160,0.45,85840,2440,1024280
FINNIFTY02JAN2422300CE.NFO,02/01/2024,11:20:04,0.4,0.4,58840,0.45,86040,2880,1024280
FINNIFTY02JAN2422300CE.NFO,02/01/2024,11:20:06,0.45,0.4,60640,0.45,88920,600,1024280
FINNIFTY02JAN2422300CE.NFO,02/01/2024,11:20:07,0.45,0.4,60560,0.45,88720,200,1024280
FINNIFTY02JAN2422300CE.NFO,02/01/2024,11:20:09,0.45,0.4,60480,0.45,88320,400,1024280
FINNIFTY02JAN2422300CE.NFO,02/01/2024,11:20:11,0.45,0.4,60480,0.45,89000,320,1024280
FINNIFTY02JAN2422300CE.NFO,02/01/2024,11:20:16,0.45,0.4,60480,0.45,88960,40,1024280
FINNIFTY02JAN2422300CE.NFO,02/01/2024,11:20:22,0.4,0.4,60120,0.45,90400,880,1024280
FINNIFTY02JAN2422300CE.NFO,02/01/2024,11:20:31,0.4,0.4,64840,0.45,90440,0,1024280
FINNIFTY02JAN2422300CE.NFO,02/01/2024,11:20:39,0.45,0.4,64840,0.45,101640,600,1024280
FINNIFTY02JAN2422300CE.NFO,02/01/2024,11:20:48,0.45,0.4,64880,0.45,102360,11800,924960
FINNIFTY02JAN2422300CE.NFO,02/01/2024,11:20:57,0.4,0.4,63200,0.45,100720,120,924960
FINNIFTY02JAN2422300CE.NFO,02/01/2024,11:21:06,0.45,0.4,69120,0.45,98920,5000,924960
FINNIFTY02JAN2422300CE.NFO,02/01/2024,11:21:14,0.45,0.4,69800,0.45,108040,1240,924960
FINNIFTY02JAN2422300CE.NFO,02/01/2024,11:21:23,0.45,0.4,68040,0.45,111520,5680,924960
FINNIFTY02JAN2422300CE.NFO,02/01/2024,11:21:32,0.45,0.4,68040,0.45,110880,640,924960
FINNIFTY02JAN2422300CE.NFO,02/01/2024,11:21:41,0.45,0.4,68040,0.45,113800,200,924960
FINNIFTY02JAN2422300CE.NFO,02/01/2024,11:21:58,0.45,0.4,68040,0.45,113800,0,924960
FINNIFTY02JAN2422300CE.NFO,02/01/2024,11:22:07,0.45,0.4,66160,0.45,115960,4760,924960
FINNIFTY02JAN2422300CE.NFO,02/01/2024,11:22:16,0.45,0.4,66160,0.45,115920,40,924960
FINNIFTY02JAN2422300CE.NFO,02/01/2024,11:22:25,0.45,0.4,66160,0.45,116000,0,924960
FINNIFTY02JAN2422300CE.NFO,02/01/2024,11:22:42,0.4,0.4,67920,0.45,114600,240,924960
FINNIFTY02JAN2422300CE.NFO,02/01/2024,11:22:59,0.4,0.4,67920,0.45,114600,0,924960
FINNIFTY02JAN2422300CE.NFO,02/01/2024,11:23:33,0.45,0.4,79000,0.45,114720,10840,924960
FINNIFTY02JAN2422300CE.NFO,02/01/2024,11:23:49,0.45,0.4,80760,0.45,116360,360,920600
FINNIFTY02JAN2422300CE.NFO,02/01/2024,11:23:57,0.45,0.4,78960,0.45,125760,240,920600
FINNIFTY02JAN2422300CE.NFO,02/01/2024,11:24:05,0.45,0.4,80760,0.45,122800,4560,920600
FINNIFTY02JAN2422300CE.NFO,02/01/2024,11:24:14,0.45,0.4,80720,0.45,119800,1400,920600
FINNIFTY02JAN2422300CE.NFO,02/01/2024,11:24:54,0.45,0.4,80520,0.45,119680,200,920600
FINNIFTY02JAN2422300CE.NFO,02/01/2024,11:25:03,0.45,0.4,77320,0.45,118360,3040,920600
FINNIFTY02JAN2422300CE.NFO,02/01/2024,11:25:11,0.45,0.4,77320,0.45,116640,3680,920600
FINNIFTY02JAN2422300CE.NFO,02/01/2024,11:25:19,0.45,0.4,87960,0.45,118000,760,920600
FINNIFTY02JAN2422300CE.NFO,02/01/2024,11:25:27,0.45,0.4,92240,0.45,117280,2560,920600
FINNIFTY02JAN2422300CE.NFO,02/01/2024,11:25:36,0.45,0.4,94440,0.45,117560,4480,920600
FINNIFTY02JAN2422300CE.NFO,02/01/2024,11:25:44,0.45,0.4,82240,0.45,116280,400,920600
FINNIFTY02JAN2422300CE.NFO,02/01/2024,11:25:52,0.45,0.4,82240,0.45,117160,0,920600
FINNIFTY02JAN2422300CE.NFO,02/01/2024,11:26:00,0.45,0.4,80440,0.45,117760,0,920600
FINNIFTY02JAN2422300CE.NFO,02/01/2024,11:26:08,0.45,0.4,81360,0.45,116760,1000,920600
FINNIFTY02JAN2422300CE.NFO,02/01/2024,11:26:16,0.45,0.4,82640,0.45,115880,0,920600
FINNIFTY02JAN2422300CE.NFO,02/01/2024,11:26:57,0.45,0.4,83200,0.45,117480,0,920600
FINNIFTY02JAN2422300CE.NFO,02/01/2024,11:27:12,0.4,0.4,80600,0.45,119320,800,924920
FINNIFTY02JAN2422300CE.NFO,02/01/2024,11:27:36,0.4,0.4,80560,0.45,120200,40,924920
FINNIFTY02JAN2422300CE.NFO,02/01/2024,11:27:53,0.4,0.4,81680,0.45,119320,80,924920
FINNIFTY02JAN2422300CE.NFO,02/01/2024,11:28:02,0.4,0.4,81840,0.45,121120,0,924920
FINNIFTY02JAN2422300CE.NFO,02/01/2024,11:28:09,0.4,0.4,83440,0.45,121120,0,924920
FINNIFTY02JAN2422300CE.NFO,02/01/2024,11:28:17,0.4,0.4,83120,0.45,121120,0,924920
FINNIFTY02JAN2422300CE.NFO,02/01/2024,11:28:26,0.4,0.4,83440,0.45,121120,0,924920
FINNIFTY02JAN2422300CE.NFO,02/01/2024,11:28:34,0.45,0.4,83440,0.45,120920,200,924920
FINNIFTY02JAN2422300CE.NFO,02/01/2024,11:28:42,0.45,0.4,83480,0.45,120520,1200,924920
FINNIFTY02JAN2422300CE.NFO,02/01/2024,11:28:51,0.4,0.4,82120,0.45,120480,200,924920
FINNIFTY02JAN2422300CE.NFO,02/01/2024,11:28:58,0.4,0.4,82120,0.45,121400,0,924920
FINNIFTY02JAN2422300CE.NFO,02/01/2024,11:29:07,0.45,0.4,83880,0.45,120360,3600,924920
FINNIFTY02JAN2422300CE.NFO,02/01/2024,11:29:15,0.4,0.4,81840,0.45,120360,280,924920
FINNIFTY02JAN2422300CE.NFO,02/01/2024,11:29:23,0.4,0.4,81800,0.45,120360,0,924920
FINNIFTY02JAN2422300CE.NFO,02/01/2024,11:29:32,0.4,0.4,82760,0.45,120360,0,924920
FINNIFTY02JAN2422300CE.NFO,02/01/2024,11:30:03,0.4,0.4,81960,0.45,120320,1440,925440
FINNIFTY02JAN2422300CE.NFO,02/01/2024,11:30:11,0.4,0.4,84520,0.45,120320,960,925440
FINNIFTY02JAN2422300CE.NFO,02/01/2024,11:30:19,0.45,0.4,84360,0.45,117880,640,925440
FINNIFTY02JAN2422300CE.NFO,02/01/2024,11:30:26,0.45,0.4,84480,0.45,117840,40,925440
FINNIFTY02JAN2422300CE.NFO,02/01/2024,11:30:49,0.45,0.4,85480,0.45,117840,0,925440
FINNIFTY02JAN2422300CE.NFO,02/01/2024,11:30:56,0.45,0.4,85480,0.45,117640,200,925440
FINNIFTY02JAN2422300CE.NFO,02/01/2024,11:31:04,0.45,0.4,82440,0.45,114800,2440,925440
FINNIFTY02JAN2422300CE.NFO,02/01/2024,11:31:11,0.45,0.4,82240,0.45,113080,1880,925440
FINNIFTY02JAN2422300CE.NFO,02/01/2024,11:31:19,0.45,0.4,82240,0.45,112880,200,925440
FINNIFTY02JAN2422300CE.NFO,02/01/2024,11:31:27,0.45,0.4,82240,0.45,112840,40,925440
FINNIFTY02JAN2422300CE.NFO,02/01/2024,11:31:34,0.45,0.4,82240,0.45,112920,0,925440
FINNIFTY02JAN2422300CE.NFO,02/01/2024,11:32:06,0.45,0.4,81960,0.45,112680,160,925440
FINNIFTY02JAN2422300CE.NFO,02/01/2024,11:32:14,0.45,0.4,81960,0.45,114120,360,925440
FINNIFTY02JAN2422300CE.NFO,02/01/2024,11:32:22,0.45,0.4,81960,0.45,114360,0,925440
FINNIFTY02JAN2422300CE.NFO,02/01/2024,11:32:36,0.45,0.4,81960,0.45,115360,0,925440
FINNIFTY02JAN2422300CE.NFO,02/01/2024,11:32:50,0.45,0.4,81960,0.45,115400,0,925440
FINNIFTY02JAN2422300CE.NFO,02/01/2024,11:32:58,0.4,0.4,82680,0.45,115400,2880,929080
FINNIFTY02JAN2422300CE.NFO,02/01/2024,11:33:05,0.4,0.4,85560,0.45,115240,0,929080
FINNIFTY02JAN2422300CE.NFO,02/01/2024,11:33:12,0.4,0.4,84960,0.45,115240,0,929080
FINNIFTY02JAN2422300CE.NFO,02/01/2024,11:33:19,0.4,0.4,84880,0.45,116840,0,929080
FINNIFTY02JAN2422300CE.NFO,02/01/2024,11:33:26,0.4,0.4,84920,0.45,116800,40,929080
FINNIFTY02JAN2422300CE.NFO,02/01/2024,11:33:34,0.4,0.4,84880,0.45,116800,0,929080
FINNIFTY02JAN2422300CE.NFO,02/01/2024,11:33:41,0.4,0.4,85760,0.45,116800,0,929080
FINNIFTY02JAN2422300CE.NFO,02/01/2024,11:33:48,0.45,0.4,85800,0.45,116680,120,929080
FINNIFTY02JAN2422300CE.NFO,02/01/2024,11:33:55,0.45,0.4,85720,0.45,116680,0,929080
FINNIFTY02JAN2422300CE.NFO,02/01/2024,11:34:02,0.45,0.4,85320,0.45,116320,360,929080
FINNIFTY02JAN2422300CE.NFO,02/01/2024,11:34:09,0.45,0.4,85320,0.45,114600,1680,929080
FINNIFTY02JAN2422300CE.NFO,02/01/2024,11:34:16,0.45,0.4,85320,0.45,114560,40,929080
FINNIFTY02JAN2422300CE.NFO,02/01/2024,11:34:30,0.45,0.4,84440,0.45,113800,0,929080
FINNIFTY02JAN2422300CE.NFO,02/01/2024,11:34:46,0.45,0.4,84440,0.45,113480,80,929080
FINNIFTY02JAN2422300CE.NFO,02/01/2024,11:34:53,0.4,0.4,84400,0.45,113720,40,929080
FINNIFTY02JAN2422300CE.NFO,02/01/2024,11:35:08,0.45,0.4,85200,0.45,113400,360,929080
FINNIFTY02JAN2422300CE.NFO,02/01/2024,11:35:16,0.4,0.4,86680,0.45,91800,2000,929080
FINNIFTY02JAN2422300CE.NFO,02/01/2024,11:35:23,0.4,0.4,86800,0.45,99000,0,929080
FINNIFTY02JAN2422300CE.NFO,02/01/2024,11:35:31,0.45,0.4,86720,0.45,98920,80,929080
FINNIFTY02JAN2422300CE.NFO,02/01/2024,11:35:38,0.4,0.4,91760,0.45,99320,8640,929080
FINNIFTY02JAN2422300CE.NFO,02/01/2024,11:35:46,0.4,0.4,91760,0.45,99320,120,926880
FINNIFTY02JAN2422300CE.NFO,02/01/2024,11:35:54,0.4,0.4,93480,0.45,99320,0,926880
FINNIFTY02JAN2422300CE.NFO,02/01/2024,11:36:01,0.4,0.4,93760,0.45,99560,1000,926880
FINNIFTY02JAN2422300CE.NFO,02/01/2024,11:36:08,0.4,0.4,83960,0.45,102760,60000,926880
FINNIFTY02JAN2422300CE.NFO,02/01/2024,11:36:16,0.4,0.4,145440,0.45,102960,0,926880
FINNIFTY02JAN2422300CE.NFO,02/01/2024,11:36:23,0.4,0.4,145560,0.45,102960,0,926880
FINNIFTY02JAN2422300CE.NFO,02/01/2024,11:36:39,0.4,0.4,145680,0.45,102960,0,926880
FINNIFTY02JAN2422300CE.NFO,02/01/2024,11:36:46,0.4,0.4,145720,0.45,102960,0,926880
FINNIFTY02JAN2422300CE.NFO,02/01/2024,11:36:54,0.4,0.4,143960,0.45,104160,1720,926880
FINNIFTY02JAN2422300CE.NFO,02/01/2024,11:37:01,0.4,0.4,137520,0.45,104160,4240,926880
FINNIFTY02JAN2422300CE.NFO,02/01/2024,11:37:09,0.4,0.4,141360,0.45,104160,0,926880
FINNIFTY02JAN2422300CE.NFO,02/01/2024,11:37:17,0.4,0.4,141280,0.45,104160,40,926880
FINNIFTY02JAN2422300CE.NFO,02/01/2024,11:37:24,0.4,0.4,135320,0.45,122160,4680,926880
FINNIFTY02JAN2422300CE.NFO,02/01/2024,11:37:32,0.4,0.4,134760,0.45,129360,960,926880
FINNIFTY02JAN2422300CE.NFO,02/01/2024,11:37:40,0.4,0.4,132720,0.45,128160,3000,926880
FINNIFTY02JAN2422300CE.NFO,02/01/2024,11:37:48,0.4,0.4,132720,0.45,128160,0,926880
FINNIFTY02JAN2422300CE.NFO,02/01/2024,11:37:56,0.4,0.4,132760,0.45,128960,0,926880
FINNIFTY02JAN2422300CE.NFO,02/01/2024,11:38:04,0.4,0.4,131240,0.45,127160,200,926880
FINNIFTY02JAN2422300CE.NFO,02/01/2024,11:38:12,0.4,0.4,132480,0.45,128680,0,926880
FINNIFTY02JAN2422300CE.NFO,02/01/2024,11:38:21,0.4,0.4,132600,0.45,125080,0,926880
FINNIFTY02JAN2422300CE.NFO,02/01/2024,11:38:28,0.45,0.4,133640,0.45,126880,1200,926880
FINNIFTY02JAN2422300CE.NFO,02/01/2024,11:38:35,0.4,0.4,132560,0.45,126920,1120,926880
FINNIFTY02JAN2422300CE.NFO,02/01/2024,11:38:43,0.4,0.4,128680,0.45,124560,4000,926880
FINNIFTY02JAN2422300CE.NFO,02/01/2024,11:38:51,0.4,0.4,128400,0.45,126560,280,924320
FINNIFTY02JAN2422300CE.NFO,02/01/2024,11:38:59,0.4,0.4,128440,0.45,127560,0,924320
FINNIFTY02JAN2422300CE.NFO,02/01/2024,11:39:06,0.4,0.4,128200,0.45,138360,0,924320
FINNIFTY02JAN2422300CE.NFO,02/01/2024,11:39:12,0.4,0.4,126640,0.45,139080,1800,924320
FINNIFTY02JAN2422300CE.NFO,02/01/2024,11:39:19,0.4,0.4,126400,0.45,139080,0,924320
FINNIFTY02JAN2422300CE.NFO,02/01/2024,11:39:24,0.4,0.4,126600,0.45,139240,0,924320
FINNIFTY02JAN2422300CE.NFO,02/01/2024,11:39:31,0.4,0.4,126640,0.45,139080,0,924320
FINNIFTY02JAN2422300CE.NFO,02/01/2024,11:39:38,0.4,0.4,126600,0.45,139080,0,924320
FINNIFTY02JAN2422300CE.NFO,02/01/2024,11:39:44,0.4,0.4,126640,0.45,139240,0,924320
FINNIFTY02JAN2422300CE.NFO,02/01/2024,11:39:51,0.4,0.4,126520,0.45,137440,80,924320
FINNIFTY02JAN2422300CE.NFO,02/01/2024,11:39:57,0.4,0.4,122840,0.45,137440,2760,924320
FINNIFTY02JAN2422300CE.NFO,02/01/2024,11:40:04,0.45,0.4,122480,0.45,134400,640,924320
FINNIFTY02JAN2422300CE.NFO,02/01/2024,11:40:10,0.45,0.4,122720,0.45,135360,2000,924320
FINNIFTY02JAN2422300CE.NFO,02/01/2024,11:40:16,0.45,0.4,122120,0.45,135640,120,924320
FINNIFTY02JAN2422300CE.NFO,02/01/2024,11:40:22,0.45,0.4,121480,0.45,134600,1040,924320
FINNIFTY02JAN2422300CE.NFO,02/01/2024,11:40:28,0.45,0.4,121480,0.45,135080,400,924320
FINNIFTY02JAN2422300CE.NFO,02/01/2024,11:40:35,0.4,0.4,121240,0.45,136040,240,924320
FINNIFTY02JAN2422300CE.NFO,02/01/2024,11:40:41,0.4,0.4,119080,0.45,135880,2160,924320
FINNIFTY02JAN2422300CE.NFO,02/01/2024,11:40:47,0.4,0.35,158240,0.4,113280,108400,924320
FINNIFTY02JAN2422300CE.NFO,02/01/2024,11:40:53,0.35,0.35,154040,0.4,113320,4120,924320
FINNIFTY02JAN2422300CE.NFO,02/01/2024,11:41:00,0.35,0.35,131400,0.4,113720,200,924320
FINNIFTY02JAN2422300CE.NFO,02/01/2024,11:41:07,0.4,0.35,131400,0.4,125960,40,924320
FINNIFTY02JAN2422300CE.NFO,02/01/2024,11:41:13,0.4,0.35,131400,0.4,125960,0,924320
FINNIFTY02JAN2422300CE.NFO,02/01/2024,11:41:20,0.4,0.35,127800,0.4,126840,0,924320
FINNIFTY02JAN2422300CE.NFO,02/01/2024,11:41:37,0.4,0.35,128680,0.4,124880,1920,924320
FINNIFTY02JAN2422300CE.NFO,02/01/2024,11:41:46,0.4,0.35,129360,0.4,125120,3720,924320
FINNIFTY02JAN2422300CE.NFO,02/01/2024,11:41:55,0.4,0.35,129680,0.4,128840,720,967680
FINNIFTY02JAN2422300CE.NFO,02/01/2024,11:42:03,0.4,0.35,129680,0.4,128600,240,967680
FINNIFTY02JAN2422300CE.NFO,02/01/2024,11:42:11,0.4,0.35,130000,0.4,129600,920,967680
FINNIFTY02JAN2422300CE.NFO,02/01/2024,11:42:19,0.4,0.35,130040,0.4,133080,240,967680
FINNIFTY02JAN2422300CE.NFO,02/01/2024,11:42:48,0.4,0.35,130040,0.4,133280,200,967680
FINNIFTY02JAN2422300CE.NFO,02/01/2024,11:42:55,0.4,0.35,130040,0.4,133080,200,967680
FINNIFTY02JAN2422300CE.NFO,02/01/2024,11:43:02,0.4,0.35,130240,0.4,133560,3960,967680
FINNIFTY02JAN2422300CE.NFO,02/01/2024,11:43:09,0.4,0.35,130360,0.4,136720,2240,967680
FINNIFTY02JAN2422300CE.NFO,02/01/2024,11:43:16,0.4,0.35,130360,0.4,136560,160,967680
FINNIFTY02JAN2422300CE.NFO,02/01/2024,11:43:23,0.4,0.35,130360,0.4,136280,200,967680
FINNIFTY02JAN2422300CE.NFO,02/01/2024,11:43:30,0.4,0.35,130360,0.4,136080,200,967680
FINNIFTY02JAN2422300CE.NFO,02/01/2024,11:43:37,0.4,0.35,131840,0.4,136680,440,967680
FINNIFTY02JAN2422300CE.NFO,02/01/2024,11:43:45,0.4,0.35,131600,0.4,136600,80,967680
FINNIFTY02JAN2422300CE.NFO,02/01/2024,11:43:53,0.4,0.35,131640,0.4,134680,120,967680
FINNIFTY02JAN2422300CE.NFO,02/01/2024,11:44:01,0.4,0.35,131880,0.4,133600,720,967680
FINNIFTY02JAN2422300CE.NFO,02/01/2024,11:44:08,0.35,0.35,131840,0.4,134280,1160,967680
FINNIFTY02JAN2422300CE.NFO,02/01/2024,11:44:15,0.4,0.35,131840,0.4,135440,80,967680
FINNIFTY02JAN2422300CE.NFO,02/01/2024,11:44:29,0.4,0.35,131600,0.4,135440,0,967680
FINNIFTY02JAN2422300CE.NFO,02/01/2024,11:44:36,0.4,0.35,131600,0.4,135840,1000,967680
FINNIFTY02JAN2422300CE.NFO,02/01/2024,11:44:44,0.4,0.35,129800,0.4,136200,0,967680
FINNIFTY02JAN2422300CE.NFO,02/01/2024,11:45:03,0.4,0.35,129800,0.4,136080,3400,962800
FINNIFTY02JAN2422300CE.NFO,02/01/2024,11:45:10,0.4,0.35,129800,0.4,134960,1120,962800
FINNIFTY02JAN2422300CE.NFO,02/01/2024,11:45:16,0.4,0.35,129800,0.4,135480,2000,962800
FINNIFTY02JAN2422300CE.NFO,02/01/2024,11:45:23,0.4,0.35,129800,0.4,135520,0,962800
FINNIFTY02JAN2422300CE.NFO,02/01/2024,11:45:30,0.35,0.35,129960,0.4,135480,40,962800
FINNIFTY02JAN2422300CE.NFO,02/01/2024,11:45:44,0.4,0.35,129080,0.4,136320,40,962800
FINNIFTY02JAN2422300CE.NFO,02/01/2024,11:46:04,0.4,0.35,128240,0.4,135040,2240,962800
FINNIFTY02JAN2422300CE.NFO,02/01/2024,11:46:11,0.4,0.35,127080,0.4,135360,1960,962800
FINNIFTY02JAN2422300CE.NFO,02/01/2024,11:46:24,0.4,0.35,125360,0.4,132800,520,962800
FINNIFTY02JAN2422300CE.NFO,02/01/2024,11:46:30,0.4,0.35,125360,0.4,131800,1000,962800
FINNIFTY02JAN2422300CE.NFO,02/01/2024,11:46:36,0.4,0.35,125360,0.4,132400,1000,962800
FINNIFTY02JAN2422300CE.NFO,02/01/2024,11:46:50,0.35,0.35,126000,0.4,132400,1160,962800
FINNIFTY02JAN2422300CE.NFO,02/01/2024,11:46:57,0.4,0.35,125440,0.4,130440,2560,962800
FINNIFTY02JAN2422300CE.NFO,02/01/2024,11:47:04,0.4,0.35,125080,0.4,130240,1360,962800
FINNIFTY02JAN2422300CE.NFO,02/01/2024,11:47:10,0.4,0.35,125080,0.4,136040,0,962800
FINNIFTY02JAN2422300CE.NFO,02/01/2024,11:47:24,0.4,0.35,125080,0.4,133040,1000,962800
FINNIFTY02JAN2422300CE.NFO,02/01/2024,11:47:44,0.4,0.35,125080,0.4,133840,0,962800
FINNIFTY02JAN2422300CE.NFO,02/01/2024,11:48:04,0.35,0.35,123560,0.4,137880,1520,965840
FINNIFTY02JAN2422300CE.NFO,02/01/2024,11:48:10,0.35,0.35,123560,0.4,135680,0,965840
FINNIFTY02JAN2422300CE.NFO,02/01/2024,11:48:16,0.35,0.35,123560,0.4,136080,0,965840
FINNIFTY02JAN2422300CE.NFO,02/01/2024,11:48:29,0.35,0.35,122520,0.4,136080,1040,965840
FINNIFTY02JAN2422300CE.NFO,02/01/2024,11:48:36,0.35,0.35,122520,0.4,136080,0,965840
FINNIFTY02JAN2422300CE.NFO,02/01/2024,11:48:49,0.4,0.35,122520,0.4,135680,400,965840
FINNIFTY02JAN2422300CE.NFO,02/01/2024,11:48:55,0.35,0.35,122280,0.4,135240,240,965840
FINNIFTY02JAN2422300CE.NFO,02/01/2024,11:49:00,0.35,0.35,121800,0.4,135240,480,965840
FINNIFTY02JAN2422300CE.NFO,02/01/2024,11:49:07,0.4,0.35,123640,0.4,135280,800,965840
FINNIFTY02JAN2422300CE.NFO,02/01/2024,11:49:13,0.4,0.35,123600,0.4,135240,40,965840
FINNIFTY02JAN2422300CE.NFO,02/01/2024,11:49:19,0.4,0.35,121800,0.4,133200,2040,965840
FINNIFTY02JAN2422300CE.NFO,02/01/2024,11:49:26,0.4,0.35,121800,0.4,135160,320,965840
FINNIFTY02JAN2422300CE.NFO,02/01/2024,11:49:45,0.4,0.35,121800,0.4,134960,200,965840
FINNIFTY02JAN2422300CE.NFO,02/01/2024,11:49:51,0.35,0.35,119920,0.4,134960,920,965840
FINNIFTY02JAN2422300CE.NFO,02/01/2024,11:50:10,0.35,0.35,119880,0.4,135360,0,965840
FINNIFTY02JAN2422300CE.NFO,02/01/2024,11:50:23,0.4,0.35,119880,0.4,134880,80,965840
FINNIFTY02JAN2422300CE.NFO,02/01/2024,11:50:29,0.35,0.35,116920,0.4,135280,200,965840
FINNIFTY02JAN2422300CE.NFO,02/01/2024,11:50:41,0.35,0.35,119600,0.4,135280,80,965840
FINNIFTY02JAN2422300CE.NFO,02/01/2024,11:50:47,0.35,0.35,118600,0.4,135280,40,968120
FINNIFTY02JAN2422300CE.NFO,02/01/2024,11:50:54,0.35,0.35,118520,0.4,135280,80,968120
FINNIFTY02JAN2422300CE.NFO,02/01/2024,11:51:00,0.35,0.35,117880,0.4,134680,640,968120
FINNIFTY02JAN2422300CE.NFO,02/01/2024,11:51:08,0.4,0.35,117000,0.4,134200,4200,968120
FINNIFTY02JAN2422300CE.NFO,02/01/2024,11:51:15,0.4,0.35,117000,0.4,134000,200,968120
FINNIFTY02JAN2422300CE.NFO,02/01/2024,11:51:21,0.4,0.35,116920,0.4,134000,0,968120
FINNIFTY02JAN2422300CE.NFO,02/01/2024,11:51:27,0.4,0.35,116920,0.4,133920,80,968120
FINNIFTY02JAN2422300CE.NFO,02/01/2024,11:52:04,0.4,0.35,116920,0.4,131720,1240,968120
FINNIFTY02JAN2422300CE.NFO,02/01/2024,11:52:11,0.4,0.35,107920,0.4,132600,2080,968120
FINNIFTY02JAN2422300CE.NFO,02/01/2024,11:52:17,0.4,0.35,107920,0.4,132560,40,968120
FINNIFTY02JAN2422300CE.NFO,02/01/2024,11:52:28,0.4,0.35,102520,0.4,132560,0,968120
FINNIFTY02JAN2422300CE.NFO,02/01/2024,11:53:00,0.35,0.35,102280,0.4,132160,240,968120
FINNIFTY02JAN2422300CE.NFO,02/01/2024,11:53:06,0.4,0.35,101720,0.4,131120,1600,968120
FINNIFTY02JAN2422300CE.NFO,02/01/2024,11:53:13,0.35,0.35,101280,0.4,131000,560,968120
FINNIFTY02JAN2422300CE.NFO,02/01/2024,11:53:21,0.35,0.35,100320,0.4,131000,960,968120
FINNIFTY02JAN2422300CE.NFO,02/01/2024,11:53:35,0.35,0.35,100320,0.4,131440,0,968120
FINNIFTY02JAN2422300CE.NFO,02/01/2024,11:54:42,0.35,0.35,100520,0.4,131040,0,968120
FINNIFTY02JAN2422300CE.NFO,02/01/2024,11:54:58,0.4,0.35,100520,0.4,131000,40,977400
FINNIFTY02JAN2422300CE.NFO,02/01/2024,11:55:04,0.4,0.35,100520,0.4,130000,1400,977400
FINNIFTY02JAN2422300CE.NFO,02/01/2024,11:55:10,0.4,0.35,100520,0.4,129480,520,977400
FINNIFTY02JAN2422300CE.NFO,02/01/2024,11:55:16,0.4,0.35,100520,0.4,129440,40,977400
FINNIFTY02JAN2422300CE.NFO,02/01/2024,11:55:43,0.4,0.35,100520,0.4,129040,0,977400
FINNIFTY02JAN2422300CE.NFO,02/01/2024,11:55:49,0.4,0.35,100040,0.4,129040,0,977400
FINNIFTY02JAN2422300CE.NFO,02/01/2024,11:56:11,0.4,0.35,100520,0.4,129040,0,977400
FINNIFTY02JAN2422300CE.NFO,02/01/2024,11:56:16,0.4,0.35,100520,0.4,127920,1120,977400
FINNIFTY02JAN2422300CE.NFO,02/01/2024,11:56:21,0.4,0.35,100520,0.4,133160,160,977400
FINNIFTY02JAN2422300CE.NFO,02/01/2024,11:56:27,0.35,0.35,100480,0.4,133160,40,977400
FINNIFTY02JAN2422300CE.NFO,02/01/2024,11:56:38,0.35,0.35,87240,0.4,133160,4240,977400
FINNIFTY02JAN2422300CE.NFO,02/01/2024,11:56:44,0.35,0.35,53280,0.4,128160,0,977400
FINNIFTY02JAN2422300CE.NFO,02/01/2024,11:56:49,0.35,0.35,46440,0.4,131720,11040,979640
FINNIFTY02JAN2422300CE.NFO,02/01/2024,11:57:05,0.4,0.35,52880,0.4,131560,1000,979640
FINNIFTY02JAN2422300CE.NFO,02/01/2024,11:57:10,0.35,0.35,52480,0.4,131040,920,979640
FINNIFTY02JAN2422300CE.NFO,02/01/2024,11:57:17,0.35,0.35,51480,0.4,130640,40,979640
FINNIFTY02JAN2422300CE.NFO,02/01/2024,11:57:22,0.35,0.35,52400,0.4,131040,0,979640
FINNIFTY02JAN2422300CE.NFO,02/01/2024,11:57:29,0.35,0.35,52440,0.4,131040,0,979640
FINNIFTY02JAN2422300CE.NFO,02/01/2024,11:57:35,0.35,0.35,56840,0.4,129280,5040,979640
FINNIFTY02JAN2422300CE.NFO,02/01/2024,11:57:42,0.4,0.35,57840,0.4,129200,80,979640
FINNIFTY02JAN2422300CE.NFO,02/01/2024,11:57:56,0.4,0.35,57800,0.4,129160,40,979640
FINNIFTY02JAN2422300CE.NFO,02/01/2024,11:58:03,0.4,0.35,57800,0.4,128560,600,979640
FINNIFTY02JAN2422300CE.NFO,02/01/2024,11:58:09,0.4,0.35,57760,0.4,129000,400,979640
FINNIFTY02JAN2422300CE.NFO,02/01/2024,11:58:15,0.4,0.35,57760,0.4,128960,40,979640
FINNIFTY02JAN2422300CE.NFO,02/01/2024,11:58:22,0.35,0.35,56760,0.4,128960,40,979640
FINNIFTY02JAN2422300CE.NFO,02/01/2024,11:58:29,0.35,0.35,56440,0.4,127160,320,979640
FINNIFTY02JAN2422300CE.NFO,02/01/2024,11:58:35,0.35,0.35,56280,0.4,128960,160,979640
FINNIFTY02JAN2422300CE.NFO,02/01/2024,11:58:41,0.35,0.35,56160,0.4,128960,120,979640
FINNIFTY02JAN2422300CE.NFO,02/01/2024,11:58:47,0.35,0.35,57880,0.4,128960,120,979640
FINNIFTY02JAN2422300CE.NFO,02/01/2024,11:58:53,0.35,0.35,57760,0.4,129880,120,979640
FINNIFTY02JAN2422300CE.NFO,02/01/2024,11:58:58,0.35,0.35,59480,0.4,130480,80,979640
FINNIFTY02JAN2422300CE.NFO,02/01/2024,11:59:04,0.35,0.35,57480,0.4,130480,160,979640
FINNIFTY02JAN2422300CE.NFO,02/01/2024,11:59:10,0.35,0.35,58400,0.4,132280,40,979640
FINNIFTY02JAN2422300CE.NFO,02/01/2024,11:59:16,0.35,0.35,57360,0.4,132280,80,979640
FINNIFTY02JAN2422300CE.NFO,02/01/2024,11:59:21,0.35,0.35,60360,0.4,132280,120,979640
FINNIFTY02JAN2422300CE.NFO,02/01/2024,11:59:27,0.35,0.35,60240,0.4,132600,120,979640
FINNIFTY02JAN2422300CE.NFO,02/01/2024,11:59:32,0.35,0.35,59200,0.4,132200,80,979640
FINNIFTY02JAN2422300CE.NFO,02/01/2024,11:59:38,0.35,0.35,59080,0.4,132600,120,979640
FINNIFTY02JAN2422300CE.NFO,02/01/2024,11:59:44,0.35,0.35,58840,0.4,132600,240,979640
FINNIFTY02JAN2422300CE.NFO,02/01/2024,11:59:50,0.35,0.35,58760,0.4,132600,80,973880
FINNIFTY02JAN2422300CE.NFO,02/01/2024,12:00:01,0.35,0.35,59720,0.4,132600,0,973880
FINNIFTY02JAN2422300CE.NFO,02/01/2024,12:00:07,0.4,0.35,59640,0.4,132400,960,973880
FINNIFTY02JAN2422300CE.NFO,02/01/2024,12:00:13,0.35,0.35,60840,0.4,132000,160,973880
FINNIFTY02JAN2422300CE.NFO,02/01/2024,12:00:18,0.35,0.35,60920,0.4,132400,0,973880
FINNIFTY02JAN2422300CE.NFO,02/01/2024,12:00:23,0.35,0.35,60840,0.4,132400,0,973880
FINNIFTY02JAN2422300CE.NFO,02/01/2024,12:00:31,0.35,0.35,61880,0.4,132400,1360,973880
FINNIFTY02JAN2422300CE.NFO,02/01/2024,12:00:37,0.4,0.35,60920,0.4,132160,240,973880
FINNIFTY02JAN2422300CE.NFO,02/01/2024,12:00:42,0.4,0.35,61200,0.4,130040,3240,973880
FINNIFTY02JAN2422300CE.NFO,02/01/2024,12:00:49,0.35,0.35,60640,0.4,130440,320,973880
FINNIFTY02JAN2422300CE.NFO,02/01/2024,12:00:56,0.35,0.35,60560,0.4,130440,80,973880
FINNIFTY02JAN2422300CE.NFO,02/01/2024,12:01:04,0.35,0.35,60280,0.4,130240,2400,973880
FINNIFTY02JAN2422300CE.NFO,02/01/2024,12:01:11,0.35,0.35,62480,0.4,129840,1480,973880
FINNIFTY02JAN2422300CE.NFO,02/01/2024,12:01:18,0.35,0.35,63120,0.4,129800,3760,973880
FINNIFTY02JAN2422300CE.NFO,02/01/2024,12:01:24,0.35,0.35,63040,0.4,129800,120,973880
FINNIFTY02JAN2422300CE.NFO,02/01/2024,12:01:30,0.35,0.35,62840,0.4,129800,160,973880
FINNIFTY02JAN2422300CE.NFO,02/01/2024,12:01:36,0.35,0.35,61080,0.4,129400,3640,973880
FINNIFTY02JAN2422300CE.NFO,02/01/2024,12:01:43,0.35,0.35,66400,0.4,130400,1800,973880
FINNIFTY02JAN2422300CE.NFO,02/01/2024,12:01:49,0.35,0.35,66480,0.4,130400,0,973880
FINNIFTY02JAN2422300CE.NFO,02/01/2024,12:01:55,0.35,0.35,64600,0.4,130400,1800,973880
FINNIFTY02JAN2422300CE.NFO,02/01/2024,12:02:01,0.4,0.35,68800,0.4,130360,1840,973880
FINNIFTY02JAN2422300CE.NFO,02/01/2024,12:02:07,0.4,0.35,70080,0.4,130920,1200,973880
FINNIFTY02JAN2422300CE.NFO,02/01/2024,12:02:13,0.4,0.35,70120,0.4,131120,200,973880
FINNIFTY02JAN2422300CE.NFO,02/01/2024,12:02:19,0.4,0.35,70320,0.4,131080,40,973880
FINNIFTY02JAN2422300CE.NFO,02/01/2024,12:02:30,0.35,0.35,70280,0.4,131080,40,973880
FINNIFTY02JAN2422300CE.NFO,02/01/2024,12:02:36,0.35,0.35,70280,0.4,131080,0,973880
FINNIFTY02JAN2422300CE.NFO,02/01/2024,12:02:42,0.35,0.35,71320,0.4,131080,1800,973880
FINNIFTY02JAN2422300CE.NFO,02/01/2024,12:02:48,0.35,0.35,71280,0.4,131080,80,978920
FINNIFTY02JAN2422300CE.NFO,02/01/2024,12:03:00,0.35,0.35,71240,0.4,131080,0,978920
FINNIFTY02JAN2422300CE.NFO,02/01/2024,12:03:06,0.35,0.35,71040,0.4,131080,0,978920
FINNIFTY02JAN2422300CE.NFO,02/01/2024,12:03:12,0.35,0.35,71160,0.4,131640,120,978920
FINNIFTY02JAN2422300CE.NFO,02/01/2024,12:03:18,0.35,0.35,71120,0.4,131640,0,978920
FINNIFTY02JAN2422300CE.NFO,02/01/2024,12:03:25,0.35,0.35,71160,0.4,131640,0,978920
FINNIFTY02JAN2422300CE.NFO,02/01/2024,12:03:36,0.35,0.35,70400,0.4,131640,280,978920
FINNIFTY02JAN2422300CE.NFO,02/01/2024,12:03:42,0.35,0.35,72040,0.4,131640,0,978920
FINNIFTY02JAN2422300CE.NFO,02/01/2024,12:03:47,0.35,0.35,76160,0.4,132400,5400,978920
FINNIFTY02JAN2422300CE.NFO,02/01/2024,12:03:52,0.35,0.35,74360,0.4,132400,1800,978920
FINNIFTY02JAN2422300CE.NFO,02/01/2024,12:03:58,0.35,0.35,78800,0.4,132400,0,978920
FINNIFTY02JAN2422300CE.NFO,02/01/2024,12:04:04,0.4,0.35,80640,0.4,132920,4880,978920
FINNIFTY02JAN2422300CE.NFO,02/01/2024,12:04:10,0.4,0.35,80640,0.4,132640,280,978920
FINNIFTY02JAN2422300CE.NFO,02/01/2024,12:04:15,0.35,0.35,80160,0.4,132560,560,978920
FINNIFTY02JAN2422300CE.NFO,02/01/2024,12:04:22,0.35,0.35,81600,0.4,132560,640,978920
FINNIFTY02JAN2422300CE.NFO,02/01/2024,12:04:30,0.4,0.35,79880,0.4,129280,1800,978920
FINNIFTY02JAN2422300CE.NFO,02/01/2024,12:04:44,0.35,0.35,78800,0.4,132800,680,978920
FINNIFTY02JAN2422300CE.NFO,02/01/2024,12:04:50,0.35,0.35,79760,0.4,132800,0,978920
FINNIFTY02JAN2422300CE.NFO,02/01/2024,12:05:02,0.35,0.35,88080,0.4,112080,2240,978920
FINNIFTY02JAN2422300CE.NFO,02/01/2024,12:05:09,0.35,0.35,86560,0.4,119280,1440,978920
FINNIFTY02JAN2422300CE.NFO,02/01/2024,12:05:15,0.35,0.35,86640,0.4,119280,0,978920
FINNIFTY02JAN2422300CE.NFO,02/01/2024,12:05:36,0.35,0.35,86520,0.4,119280,120,978920
FINNIFTY02JAN2422300CE.NFO,02/01/2024,12:05:42,0.35,0.35,84360,0.4,119280,1200,978920
FINNIFTY02JAN2422300CE.NFO,02/01/2024,12:05:48,0.35,0.35,84360,0.4,119280,0,978920
FINNIFTY02JAN2422300CE.NFO,02/01/2024,12:05:53,0.35,0.35,86000,0.4,119280,280,983160
FINNIFTY02JAN2422300CE.NFO,02/01/2024,12:05:59,0.35,0.35,85640,0.4,119280,120,983160
FINNIFTY02JAN2422300CE.NFO,02/01/2024,12:06:05,0.35,0.35,85640,0.4,119280,0,983160
FINNIFTY02JAN2422300CE.NFO,02/01/2024,12:06:11,0.35,0.35,84480,0.4,119280,200,983160
FINNIFTY02JAN2422300CE.NFO,02/01/2024,12:06:21,0.35,0.35,83400,0.4,119280,360,983160
FINNIFTY02JAN2422300CE.NFO,02/01/2024,12:06:38,0.35,0.35,85000,0.4,119280,0,983160
FINNIFTY02JAN2422300CE.NFO,02/01/2024,12:06:43,0.35,0.35,85080,0.4,119280,0,983160
FINNIFTY02JAN2422300CE.NFO,02/01/2024,12:07:00,0.35,0.35,85080,0.4,119360,0,983160
FINNIFTY02JAN2422300CE.NFO,02/01/2024,12:07:05,0.4,0.35,85200,0.4,119000,360,983160
FINNIFTY02JAN2422300CE.NFO,02/01/2024,12:07:11,0.35,0.35,86560,0.4,118640,760,983160
FINNIFTY02JAN2422300CE.NFO,02/01/2024,12:07:17,0.35,0.35,86240,0.4,118640,280,983160
FINNIFTY02JAN2422300CE.NFO,02/01/2024,12:07:23,0.35,0.35,85240,0.4,118040,1760,983160
FINNIFTY02JAN2422300CE.NFO,02/01/2024,12:07:28,0.35,0.35,83960,0.4,118440,240,983160
FINNIFTY02JAN2422300CE.NFO,02/01/2024,12:07:35,0.35,0.35,85040,0.4,118440,40,983160
FINNIFTY02JAN2422300CE.NFO,02/01/2024,12:07:42,0.35,0.35,84960,0.4,118440,0,983160
FINNIFTY02JAN2422300CE.NFO,02/01/2024,12:07:48,0.35,0.35,84960,0.4,118440,80,983160
FINNIFTY02JAN2422300CE.NFO,02/01/2024,12:07:55,0.35,0.35,84840,0.4,118440,0,983160
FINNIFTY02JAN2422300CE.NFO,02/01/2024,12:08:02,0.4,0.35,84800,0.4,119040,200,983160
FINNIFTY02JAN2422300CE.NFO,02/01/2024,12:08:08,0.4,0.35,85200,0.4,123200,1960,983160
FINNIFTY02JAN2422300CE.NFO,02/01/2024,12:08:14,0.4,0.35,85200,0.4,131560,40,983160
FINNIFTY02JAN2422300CE.NFO,02/01/2024,12:08:20,0.35,0.35,81200,0.4,131560,3800,983160
FINNIFTY02JAN2422300CE.NFO,02/01/2024,12:08:27,0.35,0.35,81040,0.4,131560,160,983160
FINNIFTY02JAN2422300CE.NFO,02/01/2024,12:08:33,0.35,0.35,82960,0.4,130760,0,983160
FINNIFTY02JAN2422300CE.NFO,02/01/2024,12:08:40,0.35,0.35,74400,0.4,130760,6440,983160
FINNIFTY02JAN2422300CE.NFO,02/01/2024,12:08:48,0.35,0.35,48800,0.4,130760,13120,1005120
FINNIFTY02JAN2422300CE.NFO,02/01/2024,12:08:55,0.35,0.35,70560,0.4,128680,840,1005120
