Ticker,Date,Time,LTP,BuyPrice,BuyQty,SellPrice,SellQty,LTQ,OpenInterest
FINNIFTY02JAN2422550CE.NFO,02/01/2024,09:15:10,0.35,0.35,3200,0.4,1240,1200,165800
FINNIFTY02JAN2422550CE.NFO,02/01/2024,09:15:10,0.35,0.35,3200,0.4,1240,0,165800
FINNIFTY02JAN2422550CE.NFO,02/01/2024,09:15:10,0.4,0.35,3200,0.4,1240,0,165800
FINNIFTY02JAN2422550CE.NFO,02/01/2024,09:15:10,0.35,0.35,3200,0.4,1240,0,165800
FINNIFTY02JAN2422550CE.NFO,02/01/2024,09:15:22,0.35,0.35,200,0.4,1480,4520,165800
FINNIFTY02JAN2422550CE.NFO,02/01/2024,09:15:32,0.4,0.35,200,0.4,1040,600,165800
FINNIFTY02JAN2422550CE.NFO,02/01/2024,09:15:41,0.3,0.3,7920,0.4,1600,680,165800
FINNIFTY02JAN2422550CE.NFO,02/01/2024,09:15:41,0.3,0.3,7920,0.4,1600,0,165800
FINNIFTY02JAN2422550CE.NFO,02/01/2024,09:15:50,0.3,0.35,1400,0.4,1720,0,165800
FINNIFTY02JAN2422550CE.NFO,02/01/2024,09:16:00,0.35,0.3,8320,0.4,1800,400,165800
FINNIFTY02JAN2422550CE.NFO,02/01/2024,09:16:08,0.4,0.3,14720,0.4,4200,560,165800
FINNIFTY02JAN2422550CE.NFO,02/01/2024,09:16:17,0.35,0.3,15800,0.4,8120,9360,165800
FINNIFTY02JAN2422550CE.NFO,02/01/2024,09:16:25,0.3,0.3,14520,0.4,10480,1280,165800
FINNIFTY02JAN2422550CE.NFO,02/01/2024,09:16:33,0.3,0.3,15080,0.4,10520,1240,165800
FINNIFTY02JAN2422550CE.NFO,02/01/2024,09:16:42,0.3,0.3,16880,0.4,10520,0,165800
FINNIFTY02JAN2422550CE.NFO,02/01/2024,09:16:57,0.35,0.3,15120,0.4,12600,2720,165800
FINNIFTY02JAN2422550CE.NFO,02/01/2024,09:17:07,0.3,0.3,15680,0.35,7880,3040,165800
FINNIFTY02JAN2422550CE.NFO,02/01/2024,09:17:14,0.3,0.3,15720,0.35,7880,0,165800
FINNIFTY02JAN2422550CE.NFO,02/01/2024,09:17:22,0.3,0.3,16240,0.35,10600,1080,165800
FINNIFTY02JAN2422550CE.NFO,02/01/2024,09:17:31,0.35,0.3,21640,0.35,8320,3600,175520
FINNIFTY02JAN2422550CE.NFO,02/01/2024,09:17:39,0.35,0.3,21640,0.35,8320,0,175520
FINNIFTY02JAN2422550CE.NFO,02/01/2024,09:17:47,0.3,0.3,21760,0.35,8640,40,175520
FINNIFTY02JAN2422550CE.NFO,02/01/2024,09:17:55,0.3,0.3,21760,0.35,8640,0,175520
FINNIFTY02JAN2422550CE.NFO,02/01/2024,09:18:09,0.35,0.3,21760,0.35,6120,1800,175520
FINNIFTY02JAN2422550CE.NFO,02/01/2024,09:18:16,0.35,0.3,21800,0.35,4200,6000,175520
FINNIFTY02JAN2422550CE.NFO,02/01/2024,09:18:24,0.35,0.3,21520,0.4,11560,12960,175520
FINNIFTY02JAN2422550CE.NFO,02/01/2024,09:18:32,0.4,0.3,21520,0.4,9720,1800,175520
FINNIFTY02JAN2422550CE.NFO,02/01/2024,09:18:39,0.4,0.3,21880,0.35,4000,0,175520
FINNIFTY02JAN2422550CE.NFO,02/01/2024,09:18:46,0.4,0.3,21800,0.35,4000,0,175520
FINNIFTY02JAN2422550CE.NFO,02/01/2024,09:18:55,0.35,0.3,22840,0.4,6120,6960,175520
FINNIFTY02JAN2422550CE.NFO,02/01/2024,09:19:05,0.3,0.3,27520,0.35,4240,240,175520
FINNIFTY02JAN2422550CE.NFO,02/01/2024,09:19:13,0.3,0.3,27520,0.35,4240,0,175520
FINNIFTY02JAN2422550CE.NFO,02/01/2024,09:19:30,0.3,0.3,27520,0.35,4320,0,175520
FINNIFTY02JAN2422550CE.NFO,02/01/2024,09:19:39,0.3,0.3,34920,0.35,15400,4400,175520
FINNIFTY02JAN2422550CE.NFO,02/01/2024,09:19:47,0.35,0.3,38480,0.35,13600,1800,175520
FINNIFTY02JAN2422550CE.NFO,02/01/2024,09:20:03,0.35,0.3,36320,0.35,16800,0,175520
FINNIFTY02JAN2422550CE.NFO,02/01/2024,09:20:11,0.35,0.3,36360,0.35,15600,0,175520
FINNIFTY02JAN2422550CE.NFO,02/01/2024,09:20:19,0.35,0.3,37880,0.35,15600,0,175520
FINNIFTY02JAN2422550CE.NFO,02/01/2024,09:20:27,0.35,0.3,37920,0.35,15600,0,175520
FINNIFTY02JAN2422550CE.NFO,02/01/2024,09:20:35,0.35,0.3,37880,0.35,16760,40,190160
FINNIFTY02JAN2422550CE.NFO,02/01/2024,09:20:43,0.35,0.3,36360,0.35,16760,0,190160
FINNIFTY02JAN2422550CE.NFO,02/01/2024,09:20:52,0.35,0.3,36360,0.35,15560,0,190160
FINNIFTY02JAN2422550CE.NFO,02/01/2024,09:21:02,0.35,0.3,38520,0.35,15560,0,190160
FINNIFTY02JAN2422550CE.NFO,02/01/2024,09:21:14,0.35,0.3,37760,0.35,19760,1400,190160
FINNIFTY02JAN2422550CE.NFO,02/01/2024,09:21:26,0.35,0.35,21920,0.4,29080,10520,190160
FINNIFTY02JAN2422550CE.NFO,02/01/2024,09:21:38,0.35,0.35,22400,0.4,29280,840,190160
FINNIFTY02JAN2422550CE.NFO,02/01/2024,09:21:49,0.35,0.35,18440,0.4,29600,3960,190160
FINNIFTY02JAN2422550CE.NFO,02/01/2024,09:22:00,0.35,0.35,20080,0.4,27480,200,190160
FINNIFTY02JAN2422550CE.NFO,02/01/2024,09:22:12,0.35,0.35,20080,0.4,29320,0,190160
FINNIFTY02JAN2422550CE.NFO,02/01/2024,09:22:23,0.35,0.35,20080,0.4,29600,0,190160
FINNIFTY02JAN2422550CE.NFO,02/01/2024,09:22:34,0.35,0.35,20080,0.4,27800,0,190160
FINNIFTY02JAN2422550CE.NFO,02/01/2024,09:23:08,0.4,0.35,20080,0.4,26880,920,190160
FINNIFTY02JAN2422550CE.NFO,02/01/2024,09:23:19,0.4,0.35,23400,0.4,26880,0,190160
FINNIFTY02JAN2422550CE.NFO,02/01/2024,09:23:29,0.4,0.35,23360,0.4,28280,400,193920
FINNIFTY02JAN2422550CE.NFO,02/01/2024,09:23:40,0.35,0.35,17680,0.4,30080,4160,193920
FINNIFTY02JAN2422550CE.NFO,02/01/2024,09:23:51,0.35,0.35,16680,0.4,34000,1600,193920
FINNIFTY02JAN2422550CE.NFO,02/01/2024,09:24:12,0.35,0.35,16680,0.4,34000,0,193920
FINNIFTY02JAN2422550CE.NFO,02/01/2024,09:24:22,0.35,0.35,16400,0.4,33680,280,193920
FINNIFTY02JAN2422550CE.NFO,02/01/2024,09:24:34,0.35,0.35,16400,0.4,36880,0,193920
FINNIFTY02JAN2422550CE.NFO,02/01/2024,09:24:44,0.35,0.35,12760,0.4,34000,4680,193920
FINNIFTY02JAN2422550CE.NFO,02/01/2024,09:24:55,0.35,0.35,12760,0.4,32360,0,193920
FINNIFTY02JAN2422550CE.NFO,02/01/2024,09:25:06,0.4,0.35,12760,0.4,31960,400,193920
FINNIFTY02JAN2422550CE.NFO,02/01/2024,09:25:17,0.4,0.35,12760,0.4,33600,0,193920
FINNIFTY02JAN2422550CE.NFO,02/01/2024,09:25:28,0.4,0.35,12760,0.4,31800,0,193920
FINNIFTY02JAN2422550CE.NFO,02/01/2024,09:25:39,0.35,0.35,11800,0.4,32320,4600,193920
FINNIFTY02JAN2422550CE.NFO,02/01/2024,09:25:50,0.35,0.35,11800,0.4,32840,0,193920
FINNIFTY02JAN2422550CE.NFO,02/01/2024,09:26:01,0.35,0.35,11400,0.4,34520,520,193920
FINNIFTY02JAN2422550CE.NFO,02/01/2024,09:26:11,0.35,0.35,9920,0.4,34040,1520,193920
FINNIFTY02JAN2422550CE.NFO,02/01/2024,09:26:24,0.4,0.35,12200,0.4,31320,2280,190320
FINNIFTY02JAN2422550CE.NFO,02/01/2024,09:26:36,0.4,0.35,19000,0.4,30520,3440,190320
FINNIFTY02JAN2422550CE.NFO,02/01/2024,09:26:49,0.35,0.35,18440,0.4,30560,560,190320
FINNIFTY02JAN2422550CE.NFO,02/01/2024,09:27:02,0.4,0.35,8800,0.4,31880,1280,190320
FINNIFTY02JAN2422550CE.NFO,02/01/2024,09:27:13,0.35,0.35,6520,0.4,33720,1520,190320
FINNIFTY02JAN2422550CE.NFO,02/01/2024,09:27:24,0.35,0.35,7560,0.4,31960,920,190320
FINNIFTY02JAN2422550CE.NFO,02/01/2024,09:27:35,0.35,0.35,5080,0.4,32560,4200,190320
FINNIFTY02JAN2422550CE.NFO,02/01/2024,09:27:46,0.35,0.35,4520,0.4,33200,560,190320
FINNIFTY02JAN2422550CE.NFO,02/01/2024,09:27:58,0.35,0.35,3840,0.4,35480,1920,190320
FINNIFTY02JAN2422550CE.NFO,02/01/2024,09:28:11,0.35,0.35,3760,0.4,36680,0,190320
FINNIFTY02JAN2422550CE.NFO,02/01/2024,09:28:22,0.35,0.35,3760,0.4,35800,0,190320
FINNIFTY02JAN2422550CE.NFO,02/01/2024,09:28:34,0.35,0.35,2960,0.4,37200,800,190320
FINNIFTY02JAN2422550CE.NFO,02/01/2024,09:28:46,0.35,0.35,3400,0.4,37320,800,190320
FINNIFTY02JAN2422550CE.NFO,02/01/2024,09:28:58,0.35,0.35,1800,0.4,37640,3200,190320
FINNIFTY02JAN2422550CE.NFO,02/01/2024,09:29:09,0.35,0.35,1240,0.4,37640,600,190320
FINNIFTY02JAN2422550CE.NFO,02/01/2024,09:29:20,0.35,0.35,1240,0.4,37320,0,190320
FINNIFTY02JAN2422550CE.NFO,02/01/2024,09:29:44,0.35,0.3,28600,0.35,19880,1240,200400
FINNIFTY02JAN2422550CE.NFO,02/01/2024,09:29:56,0.35,0.3,28600,0.35,19880,0,200400
FINNIFTY02JAN2422550CE.NFO,02/01/2024,09:30:31,0.35,0.35,9440,0.4,31880,17440,200400
FINNIFTY02JAN2422550CE.NFO,02/01/2024,09:30:43,0.35,0.35,11040,0.4,35480,320,200400
FINNIFTY02JAN2422550CE.NFO,02/01/2024,09:30:53,0.35,0.35,10800,0.4,36520,240,200400
FINNIFTY02JAN2422550CE.NFO,02/01/2024,09:31:04,0.35,0.35,10800,0.4,36600,0,200400
FINNIFTY02JAN2422550CE.NFO,02/01/2024,09:31:15,0.35,0.35,10800,0.4,37800,0,200400
FINNIFTY02JAN2422550CE.NFO,02/01/2024,09:32:00,0.35,0.35,10760,0.4,39600,40,200400
FINNIFTY02JAN2422550CE.NFO,02/01/2024,09:32:11,0.35,0.35,6080,0.4,39600,3800,200400
FINNIFTY02JAN2422550CE.NFO,02/01/2024,09:32:22,0.35,0.35,6080,0.4,40000,120,200400
FINNIFTY02JAN2422550CE.NFO,02/01/2024,09:32:34,0.35,0.35,6720,0.4,41120,600,185920
FINNIFTY02JAN2422550CE.NFO,02/01/2024,09:32:45,0.35,0.3,34960,0.35,23840,17160,185920
FINNIFTY02JAN2422550CE.NFO,02/01/2024,09:32:57,0.35,0.3,44160,0.35,19080,7680,185920
FINNIFTY02JAN2422550CE.NFO,02/01/2024,09:33:08,0.35,0.35,16920,0.4,42800,5760,185920
FINNIFTY02JAN2422550CE.NFO,02/01/2024,09:33:19,0.35,0.35,16320,0.4,43200,600,185920
FINNIFTY02JAN2422550CE.NFO,02/01/2024,09:33:30,0.35,0.35,14560,0.4,39920,4800,185920
FINNIFTY02JAN2422550CE.NFO,02/01/2024,09:33:41,0.35,0.35,17440,0.4,42960,1000,185920
FINNIFTY02JAN2422550CE.NFO,02/01/2024,09:33:52,0.35,0.35,17440,0.4,47480,0,185920
FINNIFTY02JAN2422550CE.NFO,02/01/2024,09:34:03,0.35,0.35,15000,0.4,45280,3160,185920
FINNIFTY02JAN2422550CE.NFO,02/01/2024,09:34:14,0.35,0.35,15000,0.4,44200,0,185920
FINNIFTY02JAN2422550CE.NFO,02/01/2024,09:34:24,0.35,0.35,11920,0.4,44520,5400,185920
FINNIFTY02JAN2422550CE.NFO,02/01/2024,09:34:35,0.35,0.35,10160,0.4,45600,3320,185920
FINNIFTY02JAN2422550CE.NFO,02/01/2024,09:34:45,0.35,0.3,41440,0.35,24240,23000,185920
FINNIFTY02JAN2422550CE.NFO,02/01/2024,09:34:56,0.35,0.3,41440,0.35,17480,7360,185920
FINNIFTY02JAN2422550CE.NFO,02/01/2024,09:35:06,0.35,0.3,41440,0.35,17480,0,185920
FINNIFTY02JAN2422550CE.NFO,02/01/2024,09:35:16,0.35,0.3,42280,0.35,14360,10840,185920
FINNIFTY02JAN2422550CE.NFO,02/01/2024,09:35:26,0.35,0.3,42280,0.35,14360,0,185920
FINNIFTY02JAN2422550CE.NFO,02/01/2024,09:35:37,0.35,0.3,42280,0.35,13760,2600,168120
FINNIFTY02JAN2422550CE.NFO,02/01/2024,09:35:48,0.35,0.3,42280,0.35,13760,0,168120
FINNIFTY02JAN2422550CE.NFO,02/01/2024,09:36:09,0.35,0.3,42280,0.35,13240,520,168120
FINNIFTY02JAN2422550CE.NFO,02/01/2024,09:36:21,0.35,0.3,42280,0.35,11640,2640,168120
FINNIFTY02JAN2422550CE.NFO,02/01/2024,09:36:32,0.35,0.3,44080,0.35,12440,0,168120
FINNIFTY02JAN2422550CE.NFO,02/01/2024,09:36:43,0.35,0.3,47680,0.35,12440,0,168120
FINNIFTY02JAN2422550CE.NFO,02/01/2024,09:37:04,0.35,0.3,44080,0.35,12440,0,168120
FINNIFTY02JAN2422550CE.NFO,02/01/2024,09:37:45,0.35,0.3,44320,0.35,12440,0,168120
FINNIFTY02JAN2422550CE.NFO,02/01/2024,09:37:56,0.35,0.3,42520,0.35,12440,0,168120
FINNIFTY02JAN2422550CE.NFO,02/01/2024,09:38:38,0.35,0.3,42560,0.35,12440,0,168120
FINNIFTY02JAN2422550CE.NFO,02/01/2024,09:38:49,0.35,0.3,42520,0.35,12440,0,168120
FINNIFTY02JAN2422550CE.NFO,02/01/2024,09:38:59,0.3,0.3,34280,0.35,12440,10960,168880
FINNIFTY02JAN2422550CE.NFO,02/01/2024,09:39:11,0.3,0.3,35280,0.35,18920,0,168880
FINNIFTY02JAN2422550CE.NFO,02/01/2024,09:39:32,0.3,0.3,24440,0.35,18920,6280,168880
FINNIFTY02JAN2422550CE.NFO,02/01/2024,09:39:43,0.3,0.3,25920,0.35,20720,1840,168880
FINNIFTY02JAN2422550CE.NFO,02/01/2024,09:39:54,0.3,0.3,25920,0.35,22520,0,168880
FINNIFTY02JAN2422550CE.NFO,02/01/2024,09:40:19,0.3,0.3,25920,0.35,23000,0,168880
FINNIFTY02JAN2422550CE.NFO,02/01/2024,09:40:31,0.3,0.3,31320,0.35,23000,0,168880
FINNIFTY02JAN2422550CE.NFO,02/01/2024,09:40:57,0.35,0.3,31360,0.35,23720,80,168880
FINNIFTY02JAN2422550CE.NFO,02/01/2024,09:41:08,0.35,0.3,31360,0.35,24520,0,168880
FINNIFTY02JAN2422550CE.NFO,02/01/2024,09:41:19,0.35,0.3,31440,0.35,29920,0,168880
FINNIFTY02JAN2422550CE.NFO,02/01/2024,09:41:41,0.35,0.3,29640,0.35,29920,0,168880
FINNIFTY02JAN2422550CE.NFO,02/01/2024,09:41:52,0.35,0.3,31240,0.35,29920,0,168880
FINNIFTY02JAN2422550CE.NFO,02/01/2024,09:42:03,0.35,0.3,27920,0.35,30840,3720,176560
FINNIFTY02JAN2422550CE.NFO,02/01/2024,09:42:15,0.35,0.3,27920,0.35,31120,40,176560
FINNIFTY02JAN2422550CE.NFO,02/01/2024,09:42:25,0.35,0.3,27920,0.35,28520,120,176560
FINNIFTY02JAN2422550CE.NFO,02/01/2024,09:42:36,0.35,0.3,27920,0.35,28360,160,176560
FINNIFTY02JAN2422550CE.NFO,02/01/2024,09:42:47,0.35,0.3,27920,0.35,28240,120,176560
FINNIFTY02JAN2422550CE.NFO,02/01/2024,09:42:58,0.35,0.3,27920,0.35,28120,120,176560
FINNIFTY02JAN2422550CE.NFO,02/01/2024,09:43:09,0.35,0.3,27920,0.35,27440,680,176560
FINNIFTY02JAN2422550CE.NFO,02/01/2024,09:43:20,0.35,0.3,27920,0.35,27440,0,176560
FINNIFTY02JAN2422550CE.NFO,02/01/2024,09:43:43,0.35,0.3,27920,0.35,27320,120,176560
FINNIFTY02JAN2422550CE.NFO,02/01/2024,09:43:54,0.3,0.3,27640,0.35,27120,280,176560
FINNIFTY02JAN2422550CE.NFO,02/01/2024,09:44:05,0.35,0.3,29440,0.35,26120,1000,176560
FINNIFTY02JAN2422550CE.NFO,02/01/2024,09:44:16,0.35,0.3,27240,0.35,25360,760,176560
FINNIFTY02JAN2422550CE.NFO,02/01/2024,09:44:28,0.35,0.3,27240,0.35,25960,0,176560
FINNIFTY02JAN2422550CE.NFO,02/01/2024,09:44:38,0.3,0.3,27160,0.35,25960,80,177200
FINNIFTY02JAN2422550CE.NFO,02/01/2024,09:44:48,0.35,0.3,27160,0.35,25880,80,177200
FINNIFTY02JAN2422550CE.NFO,02/01/2024,09:45:09,0.35,0.3,27160,0.35,25840,40,177200
FINNIFTY02JAN2422550CE.NFO,02/01/2024,09:45:20,0.3,0.3,26560,0.35,25160,680,177200
FINNIFTY02JAN2422550CE.NFO,02/01/2024,09:45:53,0.35,0.3,28000,0.35,25120,40,177200
FINNIFTY02JAN2422550CE.NFO,02/01/2024,09:46:04,0.35,0.3,40960,0.35,27600,80,177200
FINNIFTY02JAN2422550CE.NFO,02/01/2024,09:46:37,0.35,0.3,40920,0.35,27600,0,177200
FINNIFTY02JAN2422550CE.NFO,02/01/2024,09:46:57,0.35,0.3,25680,0.35,27600,0,177200
FINNIFTY02JAN2422550CE.NFO,02/01/2024,09:47:08,0.3,0.3,25520,0.35,27360,640,177200
FINNIFTY02JAN2422550CE.NFO,02/01/2024,09:47:40,0.35,0.3,25520,0.35,27120,240,177360
FINNIFTY02JAN2422550CE.NFO,02/01/2024,09:47:51,0.35,0.3,25520,0.35,26760,360,177360
FINNIFTY02JAN2422550CE.NFO,02/01/2024,09:48:02,0.35,0.3,25520,0.35,26320,440,177360
FINNIFTY02JAN2422550CE.NFO,02/01/2024,09:48:12,0.35,0.3,25520,0.35,26320,0,177360
FINNIFTY02JAN2422550CE.NFO,02/01/2024,09:48:53,0.3,0.3,25120,0.35,26320,400,177360
FINNIFTY02JAN2422550CE.NFO,02/01/2024,09:49:03,0.3,0.3,23520,0.35,26320,0,177360
FINNIFTY02JAN2422550CE.NFO,02/01/2024,09:49:13,0.35,0.3,23200,0.35,24280,2040,177360
FINNIFTY02JAN2422550CE.NFO,02/01/2024,09:49:24,0.3,0.3,19520,0.35,24280,80,177360
FINNIFTY02JAN2422550CE.NFO,02/01/2024,09:49:34,0.3,0.3,17720,0.35,24280,0,177360
FINNIFTY02JAN2422550CE.NFO,02/01/2024,09:50:04,0.3,0.3,21520,0.35,23640,0,177360
FINNIFTY02JAN2422550CE.NFO,02/01/2024,09:50:14,0.3,0.3,22000,0.35,23640,0,177360
FINNIFTY02JAN2422550CE.NFO,02/01/2024,09:50:55,0.3,0.3,34120,0.35,36720,0,177360
FINNIFTY02JAN2422550CE.NFO,02/01/2024,09:51:05,0.3,0.3,34080,0.35,36720,40,175840
FINNIFTY02JAN2422550CE.NFO,02/01/2024,09:51:16,0.3,0.3,34080,0.35,36720,0,175840
FINNIFTY02JAN2422550CE.NFO,02/01/2024,09:51:27,0.3,0.3,34080,0.35,36480,0,175840
FINNIFTY02JAN2422550CE.NFO,02/01/2024,09:51:38,0.3,0.3,34080,0.35,36720,0,175840
FINNIFTY02JAN2422550CE.NFO,02/01/2024,09:53:11,0.3,0.3,34400,0.35,37160,0,175840
FINNIFTY02JAN2422550CE.NFO,02/01/2024,09:53:21,0.3,0.3,33960,0.35,37720,440,175840
FINNIFTY02JAN2422550CE.NFO,02/01/2024,09:53:31,0.3,0.3,33880,0.35,37720,80,175840
FINNIFTY02JAN2422550CE.NFO,02/01/2024,09:53:42,0.3,0.3,33720,0.35,37720,160,175280
FINNIFTY02JAN2422550CE.NFO,02/01/2024,09:53:53,0.3,0.3,33720,0.35,37720,0,175280
FINNIFTY02JAN2422550CE.NFO,02/01/2024,09:54:03,0.3,0.3,33720,0.35,37480,0,175280
FINNIFTY02JAN2422550CE.NFO,02/01/2024,09:54:13,0.3,0.3,32720,0.35,37480,1000,175280
FINNIFTY02JAN2422550CE.NFO,02/01/2024,09:54:23,0.3,0.3,34520,0.35,37720,0,175280
FINNIFTY02JAN2422550CE.NFO,02/01/2024,09:54:34,0.35,0.3,34720,0.35,37240,480,175280
FINNIFTY02JAN2422550CE.NFO,02/01/2024,09:54:57,0.35,0.3,34480,0.35,35040,0,175280
FINNIFTY02JAN2422550CE.NFO,02/01/2024,09:55:09,0.3,0.3,34720,0.35,34960,640,175280
FINNIFTY02JAN2422550CE.NFO,02/01/2024,09:55:20,0.3,0.3,34520,0.35,35200,0,175280
FINNIFTY02JAN2422550CE.NFO,02/01/2024,09:55:33,0.35,0.3,39920,0.35,30520,6480,175280
FINNIFTY02JAN2422550CE.NFO,02/01/2024,09:55:45,0.3,0.3,44840,0.35,29520,480,175280
FINNIFTY02JAN2422550CE.NFO,02/01/2024,09:55:56,0.35,0.3,44840,0.35,20880,14320,175280
FINNIFTY02JAN2422550CE.NFO,02/01/2024,09:56:10,0.35,0.3,34280,0.35,22320,53000,175280
FINNIFTY02JAN2422550CE.NFO,02/01/2024,09:56:23,0.35,0.3,41000,0.35,22720,1840,175280
FINNIFTY02JAN2422550CE.NFO,02/01/2024,09:56:37,0.35,0.35,15680,0.4,32400,37800,179160
FINNIFTY02JAN2422550CE.NFO,02/01/2024,09:56:50,0.35,0.35,15400,0.4,39400,5640,179160
FINNIFTY02JAN2422550CE.NFO,02/01/2024,09:57:03,0.35,0.35,17000,0.4,51680,1280,179160
FINNIFTY02JAN2422550CE.NFO,02/01/2024,09:57:16,0.4,0.35,24280,0.4,47080,2360,179160
FINNIFTY02JAN2422550CE.NFO,02/01/2024,09:57:29,0.4,0.35,24680,0.4,50200,800,179160
FINNIFTY02JAN2422550CE.NFO,02/01/2024,09:57:42,0.4,0.35,24840,0.4,50120,480,179160
FINNIFTY02JAN2422550CE.NFO,02/01/2024,09:57:54,0.4,0.35,25040,0.4,48440,80,179160
FINNIFTY02JAN2422550CE.NFO,02/01/2024,09:58:05,0.4,0.35,36880,0.4,47040,0,179160
FINNIFTY02JAN2422550CE.NFO,02/01/2024,09:58:17,0.4,0.35,28400,0.4,48640,0,179160
FINNIFTY02JAN2422550CE.NFO,02/01/2024,09:58:28,0.35,0.35,28200,0.4,53840,200,179160
FINNIFTY02JAN2422550CE.NFO,02/01/2024,09:58:40,0.4,0.35,28760,0.4,54000,40,179160
FINNIFTY02JAN2422550CE.NFO,02/01/2024,09:58:52,0.35,0.35,32600,0.4,55360,40,179160
FINNIFTY02JAN2422550CE.NFO,02/01/2024,09:59:02,0.35,0.35,29960,0.4,48160,0,179160
FINNIFTY02JAN2422550CE.NFO,02/01/2024,09:59:13,0.4,0.35,55880,0.4,51680,480,179160
FINNIFTY02JAN2422550CE.NFO,02/01/2024,09:59:24,0.4,0.35,59200,0.4,51320,4720,179160
FINNIFTY02JAN2422550CE.NFO,02/01/2024,09:59:36,0.4,0.4,40120,0.45,56320,43080,213400
FINNIFTY02JAN2422550CE.NFO,02/01/2024,09:59:36,0.45,0.4,40120,0.45,56320,0,213400
FINNIFTY02JAN2422550CE.NFO,02/01/2024,09:59:46,0.4,0.4,45680,0.45,57000,120,213400
FINNIFTY02JAN2422550CE.NFO,02/01/2024,09:59:58,0.4,0.4,50920,0.45,57920,40,213400
FINNIFTY02JAN2422550CE.NFO,02/01/2024,10:00:09,0.4,0.4,39840,0.45,67520,16840,213400
FINNIFTY02JAN2422550CE.NFO,02/01/2024,10:00:20,0.4,0.35,58800,0.4,42520,36000,213400
FINNIFTY02JAN2422550CE.NFO,02/01/2024,10:00:32,0.4,0.35,57000,0.4,46480,1040,213400
FINNIFTY02JAN2422550CE.NFO,02/01/2024,10:00:44,0.4,0.35,61240,0.4,42200,18000,213400
FINNIFTY02JAN2422550CE.NFO,02/01/2024,10:00:55,0.4,0.35,57480,0.4,41520,680,213400
FINNIFTY02JAN2422550CE.NFO,02/01/2024,10:01:06,0.4,0.35,57480,0.4,34080,7440,213400
FINNIFTY02JAN2422550CE.NFO,02/01/2024,10:01:17,0.4,0.35,57360,0.4,24040,2880,213400
FINNIFTY02JAN2422550CE.NFO,02/01/2024,10:01:29,0.4,0.4,40960,0.45,55200,22880,213400
FINNIFTY02JAN2422550CE.NFO,02/01/2024,10:01:40,0.4,0.4,45680,0.45,66680,0,213400
FINNIFTY02JAN2422550CE.NFO,02/01/2024,10:01:51,0.4,0.4,38840,0.45,66160,0,213400
FINNIFTY02JAN2422550CE.NFO,02/01/2024,10:02:02,0.4,0.4,40720,0.45,65640,40,213400
FINNIFTY02JAN2422550CE.NFO,02/01/2024,10:02:13,0.4,0.4,45320,0.45,65320,0,213400
FINNIFTY02JAN2422550CE.NFO,02/01/2024,10:02:24,0.4,0.4,45560,0.45,64920,1200,213400
FINNIFTY02JAN2422550CE.NFO,02/01/2024,10:02:35,0.4,0.4,42360,0.45,64920,0,213400
FINNIFTY02JAN2422550CE.NFO,02/01/2024,10:02:45,0.4,0.4,38560,0.45,65280,1240,235480
FINNIFTY02JAN2422550CE.NFO,02/01/2024,10:02:56,0.4,0.4,38560,0.45,65280,0,235480
FINNIFTY02JAN2422550CE.NFO,02/01/2024,10:03:08,0.4,0.4,39560,0.45,65280,800,235480
FINNIFTY02JAN2422550CE.NFO,02/01/2024,10:03:20,0.4,0.4,39800,0.45,65280,0,235480
FINNIFTY02JAN2422550CE.NFO,02/01/2024,10:03:33,0.4,0.35,49040,0.4,51400,34200,235480
FINNIFTY02JAN2422550CE.NFO,02/01/2024,10:03:44,0.4,0.35,50640,0.4,65240,40,235480
FINNIFTY02JAN2422550CE.NFO,02/01/2024,10:03:55,0.4,0.35,50640,0.4,64640,600,235480
FINNIFTY02JAN2422550CE.NFO,02/01/2024,10:04:06,0.4,0.35,50640,0.4,65480,400,235480
FINNIFTY02JAN2422550CE.NFO,02/01/2024,10:04:18,0.4,0.35,57000,0.4,65760,1600,235480
FINNIFTY02JAN2422550CE.NFO,02/01/2024,10:04:29,0.4,0.35,59200,0.4,65760,0,235480
FINNIFTY02JAN2422550CE.NFO,02/01/2024,10:04:41,0.4,0.35,33280,0.4,66320,0,235480
FINNIFTY02JAN2422550CE.NFO,02/01/2024,10:04:52,0.35,0.35,25440,0.4,66560,200,235480
FINNIFTY02JAN2422550CE.NFO,02/01/2024,10:05:03,0.35,0.35,25040,0.4,66960,400,235480
FINNIFTY02JAN2422550CE.NFO,02/01/2024,10:05:14,0.35,0.35,25040,0.4,66960,0,235480
FINNIFTY02JAN2422550CE.NFO,02/01/2024,10:05:25,0.35,0.35,28080,0.4,64920,0,235480
FINNIFTY02JAN2422550CE.NFO,02/01/2024,10:05:36,0.35,0.35,32840,0.4,35440,480,226520
FINNIFTY02JAN2422550CE.NFO,02/01/2024,10:05:47,0.35,0.35,29200,0.4,35440,760,226520
FINNIFTY02JAN2422550CE.NFO,02/01/2024,10:05:58,0.35,0.35,27840,0.4,35440,960,226520
FINNIFTY02JAN2422550CE.NFO,02/01/2024,10:06:09,0.35,0.35,27840,0.4,36640,0,226520
FINNIFTY02JAN2422550CE.NFO,02/01/2024,10:06:21,0.35,0.35,26040,0.4,39680,0,226520
FINNIFTY02JAN2422550CE.NFO,02/01/2024,10:06:33,0.35,0.35,26040,0.4,39960,0,226520
FINNIFTY02JAN2422550CE.NFO,02/01/2024,10:06:45,0.35,0.35,30120,0.4,38160,0,226520
FINNIFTY02JAN2422550CE.NFO,02/01/2024,10:06:56,0.35,0.35,33560,0.4,38160,0,226520
FINNIFTY02JAN2422550CE.NFO,02/01/2024,10:07:07,0.35,0.35,33560,0.4,36880,0,226520
FINNIFTY02JAN2422550CE.NFO,02/01/2024,10:07:19,0.35,0.35,33600,0.4,36640,0,226520
FINNIFTY02JAN2422550CE.NFO,02/01/2024,10:07:30,0.35,0.35,31720,0.4,30920,200,226520
FINNIFTY02JAN2422550CE.NFO,02/01/2024,10:07:42,0.35,0.35,32480,0.4,30440,1040,226520
FINNIFTY02JAN2422550CE.NFO,02/01/2024,10:07:53,0.35,0.35,32360,0.4,30680,120,226520
FINNIFTY02JAN2422550CE.NFO,02/01/2024,10:08:04,0.35,0.35,32760,0.4,29480,0,226520
FINNIFTY02JAN2422550CE.NFO,02/01/2024,10:08:15,0.35,0.35,28760,0.4,29480,0,226520
FINNIFTY02JAN2422550CE.NFO,02/01/2024,10:08:26,0.35,0.35,44600,0.4,29480,480,226520
FINNIFTY02JAN2422550CE.NFO,02/01/2024,10:08:37,0.35,0.35,44600,0.4,29520,0,226520
FINNIFTY02JAN2422550CE.NFO,02/01/2024,10:08:48,0.4,0.35,44600,0.4,29320,160,226760
FINNIFTY02JAN2422550CE.NFO,02/01/2024,10:08:59,0.35,0.35,47920,0.4,29320,160,226760
FINNIFTY02JAN2422550CE.NFO,02/01/2024,10:09:11,0.35,0.35,46960,0.4,29360,0,226760
FINNIFTY02JAN2422550CE.NFO,02/01/2024,10:09:23,0.35,0.35,16760,0.4,33040,2480,226760
FINNIFTY02JAN2422550CE.NFO,02/01/2024,10:09:34,0.35,0.35,16760,0.4,36080,0,226760
FINNIFTY02JAN2422550CE.NFO,02/01/2024,10:09:57,0.4,0.35,15800,0.4,31040,7000,226760
FINNIFTY02JAN2422550CE.NFO,02/01/2024,10:10:08,0.4,0.35,11160,0.4,38280,0,226760
FINNIFTY02JAN2422550CE.NFO,02/01/2024,10:10:19,0.35,0.3,58320,0.35,20080,5920,226760
FINNIFTY02JAN2422550CE.NFO,02/01/2024,10:10:30,0.35,0.3,60480,0.35,93920,0,226760
FINNIFTY02JAN2422550CE.NFO,02/01/2024,10:10:42,0.3,0.3,12120,0.35,36160,23840,226760
FINNIFTY02JAN2422550CE.NFO,02/01/2024,10:10:53,0.3,0.3,8000,0.35,44760,11040,226760
FINNIFTY02JAN2422550CE.NFO,02/01/2024,10:11:05,0.3,0.25,55760,0.3,33000,16440,226760
FINNIFTY02JAN2422550CE.NFO,02/01/2024,10:11:15,0.3,0.25,56600,0.3,31280,5120,226760
FINNIFTY02JAN2422550CE.NFO,02/01/2024,10:11:37,0.3,0.25,56600,0.3,31720,1360,268200
FINNIFTY02JAN2422550CE.NFO,02/01/2024,10:11:48,0.3,0.25,54800,0.3,34080,0,268200
FINNIFTY02JAN2422550CE.NFO,02/01/2024,10:11:58,0.3,0.25,56600,0.3,35880,0,268200
FINNIFTY02JAN2422550CE.NFO,02/01/2024,10:12:09,0.3,0.25,51200,0.3,35560,0,268200
FINNIFTY02JAN2422550CE.NFO,02/01/2024,10:12:19,0.3,0.25,48200,0.3,35320,0,268200
FINNIFTY02JAN2422550CE.NFO,02/01/2024,10:12:29,0.3,0.25,50440,0.3,35360,0,268200
FINNIFTY02JAN2422550CE.NFO,02/01/2024,10:12:40,0.3,0.25,54040,0.3,35360,0,268200
FINNIFTY02JAN2422550CE.NFO,02/01/2024,10:12:52,0.3,0.25,65920,0.3,33160,3600,268200
FINNIFTY02JAN2422550CE.NFO,02/01/2024,10:13:14,0.3,0.25,84520,0.3,33320,240,268200
FINNIFTY02JAN2422550CE.NFO,02/01/2024,10:13:25,0.3,0.25,85000,0.3,33240,80,268200
FINNIFTY02JAN2422550CE.NFO,02/01/2024,10:13:35,0.3,0.25,85000,0.3,33160,80,268200
FINNIFTY02JAN2422550CE.NFO,02/01/2024,10:13:46,0.3,0.25,85000,0.3,32360,800,268200
FINNIFTY02JAN2422550CE.NFO,02/01/2024,10:13:57,0.3,0.25,84800,0.3,32160,400,268200
FINNIFTY02JAN2422550CE.NFO,02/01/2024,10:13:57,0.25,0.25,84800,0.3,32160,0,268200
FINNIFTY02JAN2422550CE.NFO,02/01/2024,10:14:17,0.3,0.25,84800,0.3,25160,6600,268200
FINNIFTY02JAN2422550CE.NFO,02/01/2024,10:14:28,0.3,0.3,15480,0.35,17320,20120,268200
FINNIFTY02JAN2422550CE.NFO,02/01/2024,10:14:38,0.3,0.3,42240,0.35,23320,0,268200
FINNIFTY02JAN2422550CE.NFO,02/01/2024,10:14:49,0.3,0.3,42360,0.35,28320,0,268200
FINNIFTY02JAN2422550CE.NFO,02/01/2024,10:14:59,0.3,0.3,42280,0.35,31680,0,268200
FINNIFTY02JAN2422550CE.NFO,02/01/2024,10:15:09,0.3,0.3,30680,0.35,36560,800,246200
FINNIFTY02JAN2422550CE.NFO,02/01/2024,10:15:19,0.3,0.3,30440,0.35,36800,240,246200
FINNIFTY02JAN2422550CE.NFO,02/01/2024,10:15:30,0.3,0.3,30440,0.35,36800,0,246200
FINNIFTY02JAN2422550CE.NFO,02/01/2024,10:15:40,0.3,0.3,30440,0.35,36560,0,246200
FINNIFTY02JAN2422550CE.NFO,02/01/2024,10:16:21,0.3,0.3,30240,0.35,36560,200,246200
FINNIFTY02JAN2422550CE.NFO,02/01/2024,10:16:52,0.3,0.3,30240,0.35,36560,0,246200
FINNIFTY02JAN2422550CE.NFO,02/01/2024,10:17:25,0.35,0.3,32040,0.35,28480,240,246200
FINNIFTY02JAN2422550CE.NFO,02/01/2024,10:17:36,0.3,0.3,43400,0.35,30240,200,245760
FINNIFTY02JAN2422550CE.NFO,02/01/2024,10:17:47,0.35,0.3,48080,0.35,30000,640,245760
FINNIFTY02JAN2422550CE.NFO,02/01/2024,10:17:56,0.35,0.3,48080,0.35,31800,0,245760
FINNIFTY02JAN2422550CE.NFO,02/01/2024,10:18:06,0.35,0.3,48080,0.35,34080,0,245760
FINNIFTY02JAN2422550CE.NFO,02/01/2024,10:18:15,0.35,0.3,48080,0.35,34880,0,245760
FINNIFTY02JAN2422550CE.NFO,02/01/2024,10:18:24,0.3,0.3,47080,0.35,34880,1000,245760
FINNIFTY02JAN2422550CE.NFO,02/01/2024,10:18:43,0.3,0.3,30760,0.35,34880,120,245760
FINNIFTY02JAN2422550CE.NFO,02/01/2024,10:18:53,0.3,0.3,31720,0.35,30760,120,245760
FINNIFTY02JAN2422550CE.NFO,02/01/2024,10:19:33,0.3,0.3,33520,0.35,31080,0,245760
FINNIFTY02JAN2422550CE.NFO,02/01/2024,10:19:43,0.3,0.3,33520,0.35,29280,0,245760
FINNIFTY02JAN2422550CE.NFO,02/01/2024,10:20:32,0.3,0.3,32440,0.35,32600,0,245760
FINNIFTY02JAN2422550CE.NFO,02/01/2024,10:21:09,0.3,0.3,32280,0.35,32600,0,245760
FINNIFTY02JAN2422550CE.NFO,02/01/2024,10:21:30,0.35,0.3,25240,0.35,30560,1640,245560
FINNIFTY02JAN2422550CE.NFO,02/01/2024,10:22:01,0.3,0.3,24240,0.35,31040,1000,245560
FINNIFTY02JAN2422550CE.NFO,02/01/2024,10:22:10,0.3,0.3,23320,0.35,31040,1800,245560
FINNIFTY02JAN2422550CE.NFO,02/01/2024,10:22:40,0.3,0.3,25080,0.35,31040,40,245560
FINNIFTY02JAN2422550CE.NFO,02/01/2024,10:22:50,0.3,0.3,19680,0.35,31040,3600,245560
FINNIFTY02JAN2422550CE.NFO,02/01/2024,10:23:10,0.3,0.3,22640,0.35,31040,0,245560
FINNIFTY02JAN2422550CE.NFO,02/01/2024,10:23:20,0.3,0.3,24240,0.35,31040,200,245560
FINNIFTY02JAN2422550CE.NFO,02/01/2024,10:23:31,0.35,0.3,24240,0.35,28840,1880,245560
FINNIFTY02JAN2422550CE.NFO,02/01/2024,10:23:41,0.35,0.3,22640,0.35,29040,1600,241400
FINNIFTY02JAN2422550CE.NFO,02/01/2024,10:24:03,0.35,0.3,22440,0.35,28880,880,241400
FINNIFTY02JAN2422550CE.NFO,02/01/2024,10:24:13,0.35,0.3,22440,0.35,34520,200,241400
FINNIFTY02JAN2422550CE.NFO,02/01/2024,10:24:23,0.35,0.3,22440,0.35,34480,40,241400
FINNIFTY02JAN2422550CE.NFO,02/01/2024,10:25:14,0.35,0.3,22440,0.35,34440,40,241400
FINNIFTY02JAN2422550CE.NFO,02/01/2024,10:25:24,0.35,0.3,23520,0.35,33120,0,241400
FINNIFTY02JAN2422550CE.NFO,02/01/2024,10:25:34,0.35,0.3,23520,0.35,31440,0,241400
FINNIFTY02JAN2422550CE.NFO,02/01/2024,10:25:55,0.3,0.3,21440,0.35,32440,1800,241400
FINNIFTY02JAN2422550CE.NFO,02/01/2024,10:26:05,0.3,0.3,19640,0.35,32440,1800,241400
FINNIFTY02JAN2422550CE.NFO,02/01/2024,10:26:15,0.3,0.3,19560,0.35,32440,1800,241400
FINNIFTY02JAN2422550CE.NFO,02/01/2024,10:26:25,0.3,0.3,19560,0.35,32680,0,241400
FINNIFTY02JAN2422550CE.NFO,02/01/2024,10:26:35,0.3,0.3,19480,0.35,32680,80,238560
FINNIFTY02JAN2422550CE.NFO,02/01/2024,10:26:46,0.3,0.3,19480,0.35,32360,0,238560
FINNIFTY02JAN2422550CE.NFO,02/01/2024,10:27:08,0.3,0.3,19440,0.35,32760,40,238560
FINNIFTY02JAN2422550CE.NFO,02/01/2024,10:27:30,0.35,0.3,19440,0.35,32400,40,238560
FINNIFTY02JAN2422550CE.NFO,02/01/2024,10:27:51,0.35,0.3,19440,0.35,32400,0,238560
FINNIFTY02JAN2422550CE.NFO,02/01/2024,10:28:56,0.35,0.3,19440,0.35,32640,0,238560
FINNIFTY02JAN2422550CE.NFO,02/01/2024,10:29:05,0.35,0.3,19440,0.35,32400,0,238560
FINNIFTY02JAN2422550CE.NFO,02/01/2024,10:30:54,0.3,0.3,18600,0.35,32400,840,238480
FINNIFTY02JAN2422550CE.NFO,02/01/2024,10:31:13,0.35,0.3,19800,0.35,32680,40,238480
FINNIFTY02JAN2422550CE.NFO,02/01/2024,10:31:40,0.35,0.3,18600,0.35,36960,0,238480
FINNIFTY02JAN2422550CE.NFO,02/01/2024,10:31:50,0.3,0.3,11160,0.35,36960,7000,238480
FINNIFTY02JAN2422550CE.NFO,02/01/2024,10:32:30,0.3,0.3,9360,0.35,35520,1800,238480
FINNIFTY02JAN2422550CE.NFO,02/01/2024,10:32:39,0.3,0.3,7560,0.35,33720,1800,238480
FINNIFTY02JAN2422550CE.NFO,02/01/2024,10:32:59,0.3,0.3,1360,0.35,21160,11240,240040
FINNIFTY02JAN2422550CE.NFO,02/01/2024,10:33:08,0.3,0.3,4800,0.35,21160,0,240040
FINNIFTY02JAN2422550CE.NFO,02/01/2024,10:33:44,0.3,0.3,4760,0.35,21160,40,240040
FINNIFTY02JAN2422550CE.NFO,02/01/2024,10:34:03,0.3,0.3,4760,0.35,21360,0,240040
FINNIFTY02JAN2422550CE.NFO,02/01/2024,10:34:23,0.35,0.3,4760,0.35,20520,840,240040
FINNIFTY02JAN2422550CE.NFO,02/01/2024,10:35:17,0.35,0.3,4760,0.35,20520,0,240040
FINNIFTY02JAN2422550CE.NFO,02/01/2024,10:35:26,0.3,0.3,4560,0.35,22320,200,240040
FINNIFTY02JAN2422550CE.NFO,02/01/2024,10:36:01,0.3,0.3,4360,0.35,22320,200,238600
FINNIFTY02JAN2422550CE.NFO,02/01/2024,10:36:20,0.3,0.3,4000,0.35,22320,400,238600
FINNIFTY02JAN2422550CE.NFO,02/01/2024,10:36:32,0.3,0.3,4000,0.35,22360,0,238600
FINNIFTY02JAN2422550CE.NFO,02/01/2024,10:36:43,0.3,0.3,4280,0.35,16920,720,238600
FINNIFTY02JAN2422550CE.NFO,02/01/2024,10:36:55,0.3,0.3,20560,0.35,20520,640,238600
FINNIFTY02JAN2422550CE.NFO,02/01/2024,10:37:06,0.3,0.3,20560,0.35,19320,0,238600
FINNIFTY02JAN2422550CE.NFO,02/01/2024,10:39:07,0.3,0.3,15160,0.35,19000,5400,240560
FINNIFTY02JAN2422550CE.NFO,02/01/2024,10:39:18,0.3,0.3,11560,0.35,24760,3600,240560
FINNIFTY02JAN2422550CE.NFO,02/01/2024,10:39:28,0.3,0.3,9760,0.35,28320,1800,240560
FINNIFTY02JAN2422550CE.NFO,02/01/2024,10:39:39,0.3,0.3,20240,0.35,28320,0,240560
FINNIFTY02JAN2422550CE.NFO,02/01/2024,10:39:50,0.3,0.3,22760,0.35,28320,0,240560
FINNIFTY02JAN2422550CE.NFO,02/01/2024,10:40:12,0.3,0.3,19160,0.35,28320,0,240560
FINNIFTY02JAN2422550CE.NFO,02/01/2024,10:40:44,0.3,0.3,20960,0.35,28320,0,240560
FINNIFTY02JAN2422550CE.NFO,02/01/2024,10:40:53,0.3,0.3,20960,0.35,28720,0,240560
FINNIFTY02JAN2422550CE.NFO,02/01/2024,10:41:23,0.3,0.3,20960,0.35,28760,0,240560
FINNIFTY02JAN2422550CE.NFO,02/01/2024,10:42:03,0.3,0.3,13760,0.35,28760,0,240560
FINNIFTY02JAN2422550CE.NFO,02/01/2024,10:42:34,0.3,0.3,12960,0.35,28760,0,240560
FINNIFTY02JAN2422550CE.NFO,02/01/2024,10:42:43,0.3,0.3,4320,0.35,28800,0,240560
FINNIFTY02JAN2422550CE.NFO,02/01/2024,10:42:53,0.3,0.3,4560,0.35,28800,40,247080
FINNIFTY02JAN2422550CE.NFO,02/01/2024,10:43:13,0.3,0.3,4560,0.35,28800,0,247080
FINNIFTY02JAN2422550CE.NFO,02/01/2024,10:43:34,0.3,0.3,4400,0.35,28800,160,247080
FINNIFTY02JAN2422550CE.NFO,02/01/2024,10:43:43,0.3,0.3,2840,0.35,21600,2320,247080
FINNIFTY02JAN2422550CE.NFO,02/01/2024,10:43:53,0.3,0.25,88480,0.3,11000,2360,247080
FINNIFTY02JAN2422550CE.NFO,02/01/2024,10:44:03,0.3,0.25,88520,0.3,17440,200,247080
FINNIFTY02JAN2422550CE.NFO,02/01/2024,10:44:13,0.25,0.25,86600,0.3,21880,680,247080
FINNIFTY02JAN2422550CE.NFO,02/01/2024,10:44:22,0.25,0.25,86600,0.3,21880,0,247080
FINNIFTY02JAN2422550CE.NFO,02/01/2024,10:44:33,0.3,0.25,87640,0.3,21280,1200,247080
FINNIFTY02JAN2422550CE.NFO,02/01/2024,10:45:31,0.3,0.25,89480,0.3,18280,4800,247800
FINNIFTY02JAN2422550CE.NFO,02/01/2024,10:45:41,0.3,0.25,91280,0.3,24480,0,247800
FINNIFTY02JAN2422550CE.NFO,02/01/2024,10:45:51,0.3,0.25,91280,0.3,27720,240,247800
FINNIFTY02JAN2422550CE.NFO,02/01/2024,10:46:00,0.3,0.25,91280,0.3,29680,0,247800
FINNIFTY02JAN2422550CE.NFO,02/01/2024,10:46:10,0.3,0.25,91880,0.3,31280,0,247800
FINNIFTY02JAN2422550CE.NFO,02/01/2024,10:46:39,0.3,0.25,91880,0.3,31040,240,247800
FINNIFTY02JAN2422550CE.NFO,02/01/2024,10:46:49,0.25,0.25,91640,0.3,29880,240,247800
FINNIFTY02JAN2422550CE.NFO,02/01/2024,10:47:09,0.3,0.25,91880,0.3,30840,200,247800
FINNIFTY02JAN2422550CE.NFO,02/01/2024,10:47:46,0.3,0.25,91880,0.3,30040,0,247800
FINNIFTY02JAN2422550CE.NFO,02/01/2024,10:48:24,0.3,0.25,91880,0.3,29880,160,242120
FINNIFTY02JAN2422550CE.NFO,02/01/2024,10:48:33,0.3,0.25,91880,0.3,29880,800,242120
FINNIFTY02JAN2422550CE.NFO,02/01/2024,10:48:43,0.3,0.25,91880,0.3,29080,0,242120
FINNIFTY02JAN2422550CE.NFO,02/01/2024,10:48:52,0.3,0.25,91880,0.3,28960,120,242120
FINNIFTY02JAN2422550CE.NFO,02/01/2024,10:49:12,0.3,0.25,91880,0.3,29960,160,242120
FINNIFTY02JAN2422550CE.NFO,02/01/2024,10:49:22,0.3,0.25,91880,0.3,28720,80,242120
FINNIFTY02JAN2422550CE.NFO,02/01/2024,10:49:33,0.3,0.25,91840,0.3,29680,240,242120
FINNIFTY02JAN2422550CE.NFO,02/01/2024,10:49:42,0.3,0.25,91840,0.3,29480,200,242120
FINNIFTY02JAN2422550CE.NFO,02/01/2024,10:49:51,0.3,0.25,91840,0.3,29440,40,242120
FINNIFTY02JAN2422550CE.NFO,02/01/2024,10:50:39,0.3,0.25,91840,0.3,30240,0,242120
FINNIFTY02JAN2422550CE.NFO,02/01/2024,10:51:10,0.3,0.25,91840,0.3,32120,0,242120
FINNIFTY02JAN2422550CE.NFO,02/01/2024,10:51:20,0.3,0.25,91840,0.3,32160,0,242120
FINNIFTY02JAN2422550CE.NFO,02/01/2024,10:51:50,0.3,0.25,91840,0.3,32040,120,240880
FINNIFTY02JAN2422550CE.NFO,02/01/2024,10:52:28,0.3,0.25,91840,0.3,32640,1200,240880
FINNIFTY02JAN2422550CE.NFO,02/01/2024,10:52:38,0.3,0.25,91840,0.3,30240,2400,240880
FINNIFTY02JAN2422550CE.NFO,02/01/2024,10:54:02,0.3,0.25,91840,0.3,30240,0,240880
FINNIFTY02JAN2422550CE.NFO,02/01/2024,10:54:11,0.3,0.25,91040,0.3,30240,0,240880
FINNIFTY02JAN2422550CE.NFO,02/01/2024,10:54:21,0.3,0.25,92840,0.3,30240,0,240880
FINNIFTY02JAN2422550CE.NFO,02/01/2024,10:54:40,0.25,0.25,91640,0.3,33840,1200,240040
FINNIFTY02JAN2422550CE.NFO,02/01/2024,10:54:58,0.25,0.25,91640,0.3,35840,0,240040
FINNIFTY02JAN2422550CE.NFO,02/01/2024,10:55:07,0.25,0.25,91640,0.3,38440,0,240040
FINNIFTY02JAN2422550CE.NFO,02/01/2024,10:55:25,0.25,0.25,90680,0.3,38840,0,240040
FINNIFTY02JAN2422550CE.NFO,02/01/2024,10:55:35,0.25,0.25,92480,0.3,38840,0,240040
FINNIFTY02JAN2422550CE.NFO,02/01/2024,10:56:20,0.3,0.25,92480,0.3,38720,120,240040
FINNIFTY02JAN2422550CE.NFO,02/01/2024,10:56:49,0.3,0.25,92480,0.3,36120,400,240040
FINNIFTY02JAN2422550CE.NFO,02/01/2024,10:57:10,0.25,0.25,92040,0.3,36120,400,240040
FINNIFTY02JAN2422550CE.NFO,02/01/2024,10:57:40,0.25,0.25,92040,0.3,36120,0,240040
FINNIFTY02JAN2422550CE.NFO,02/01/2024,10:57:51,0.3,0.25,92040,0.3,36080,40,240040
FINNIFTY02JAN2422550CE.NFO,02/01/2024,10:58:01,0.3,0.25,93840,0.3,34640,280,240040
FINNIFTY02JAN2422550CE.NFO,02/01/2024,10:58:11,0.3,0.25,92040,0.3,37360,240,240040
FINNIFTY02JAN2422550CE.NFO,02/01/2024,10:58:21,0.3,0.25,92040,0.3,37280,80,240040
FINNIFTY02JAN2422550CE.NFO,02/01/2024,10:58:30,0.3,0.25,92040,0.3,37440,40,240040
FINNIFTY02JAN2422550CE.NFO,02/01/2024,10:58:40,0.3,0.25,92040,0.3,37400,40,240040
FINNIFTY02JAN2422550CE.NFO,02/01/2024,10:58:48,0.3,0.25,92040,0.3,37360,40,240040
FINNIFTY02JAN2422550CE.NFO,02/01/2024,10:58:58,0.3,0.25,92040,0.3,37360,0,240040
FINNIFTY02JAN2422550CE.NFO,02/01/2024,10:59:17,0.3,0.25,86640,0.3,37760,0,240040
FINNIFTY02JAN2422550CE.NFO,02/01/2024,10:59:26,0.3,0.25,85840,0.3,37760,0,240040
FINNIFTY02JAN2422550CE.NFO,02/01/2024,10:59:36,0.3,0.25,75760,0.3,37760,0,240040
FINNIFTY02JAN2422550CE.NFO,02/01/2024,11:00:13,0.3,0.25,76560,0.3,37760,0,240040
FINNIFTY02JAN2422550CE.NFO,02/01/2024,11:01:10,0.3,0.25,75760,0.3,35600,0,240040
FINNIFTY02JAN2422550CE.NFO,02/01/2024,11:01:30,0.25,0.25,74960,0.3,35600,800,239840
FINNIFTY02JAN2422550CE.NFO,02/01/2024,11:01:39,0.25,0.25,74960,0.3,35600,0,239840
FINNIFTY02JAN2422550CE.NFO,02/01/2024,11:01:48,0.3,0.25,73160,0.3,29560,7200,239840
FINNIFTY02JAN2422550CE.NFO,02/01/2024,11:01:58,0.3,0.25,73160,0.3,18360,10800,239840
FINNIFTY02JAN2422550CE.NFO,02/01/2024,11:02:08,0.3,0.25,74760,0.3,18360,0,239840
FINNIFTY02JAN2422550CE.NFO,02/01/2024,11:02:18,0.3,0.25,74760,0.3,17160,40,239840
FINNIFTY02JAN2422550CE.NFO,02/01/2024,11:02:28,0.3,0.25,75960,0.3,14920,0,239840
FINNIFTY02JAN2422550CE.NFO,02/01/2024,11:02:47,0.3,0.25,75960,0.3,19320,0,239840
FINNIFTY02JAN2422550CE.NFO,02/01/2024,11:02:57,0.25,0.25,26960,0.3,38520,40000,223560
FINNIFTY02JAN2422550CE.NFO,02/01/2024,11:03:06,0.25,0.25,16520,0.3,63440,0,223560
FINNIFTY02JAN2422550CE.NFO,02/01/2024,11:03:15,0.25,0.2,127960,0.25,57320,31720,223560
FINNIFTY02JAN2422550CE.NFO,02/01/2024,11:03:24,0.25,0.2,128440,0.25,57200,1040,223560
FINNIFTY02JAN2422550CE.NFO,02/01/2024,11:03:34,0.25,0.2,133800,0.25,77000,0,223560
FINNIFTY02JAN2422550CE.NFO,02/01/2024,11:03:53,0.25,0.2,133800,0.25,70200,0,223560
FINNIFTY02JAN2422550CE.NFO,02/01/2024,11:04:02,0.25,0.2,133800,0.25,70320,0,223560
FINNIFTY02JAN2422550CE.NFO,02/01/2024,11:04:21,0.25,0.2,133800,0.25,71920,0,223560
FINNIFTY02JAN2422550CE.NFO,02/01/2024,11:04:30,0.25,0.2,133800,0.25,71960,0,223560
FINNIFTY02JAN2422550CE.NFO,02/01/2024,11:04:40,0.25,0.2,134400,0.25,71960,0,223560
FINNIFTY02JAN2422550CE.NFO,02/01/2024,11:04:49,0.25,0.2,134400,0.25,72720,0,223560
FINNIFTY02JAN2422550CE.NFO,02/01/2024,11:05:17,0.25,0.2,134400,0.25,72520,200,223560
FINNIFTY02JAN2422550CE.NFO,02/01/2024,11:05:26,0.25,0.2,134400,0.25,74320,0,223560
FINNIFTY02JAN2422550CE.NFO,02/01/2024,11:05:35,0.25,0.2,134400,0.25,74200,120,223560
FINNIFTY02JAN2422550CE.NFO,02/01/2024,11:05:45,0.25,0.2,134400,0.25,73880,0,223560
FINNIFTY02JAN2422550CE.NFO,02/01/2024,11:05:54,0.25,0.2,124320,0.25,74200,0,223560
FINNIFTY02JAN2422550CE.NFO,02/01/2024,11:06:03,0.25,0.2,124320,0.25,73000,1200,212240
FINNIFTY02JAN2422550CE.NFO,02/01/2024,11:06:13,0.25,0.2,124320,0.25,72840,200,212240
FINNIFTY02JAN2422550CE.NFO,02/01/2024,11:06:22,0.25,0.2,124360,0.25,72600,200,212240
FINNIFTY02JAN2422550CE.NFO,02/01/2024,11:06:31,0.25,0.2,124320,0.25,72200,400,212240
FINNIFTY02JAN2422550CE.NFO,02/01/2024,11:06:50,0.25,0.2,124320,0.25,72200,0,212240
FINNIFTY02JAN2422550CE.NFO,02/01/2024,11:07:29,0.25,0.2,124320,0.25,72120,80,212240
FINNIFTY02JAN2422550CE.NFO,02/01/2024,11:07:38,0.25,0.2,126120,0.25,64520,13440,212240
FINNIFTY02JAN2422550CE.NFO,02/01/2024,11:07:56,0.25,0.2,126120,0.25,63480,1040,212240
FINNIFTY02JAN2422550CE.NFO,02/01/2024,11:08:06,0.25,0.2,126120,0.25,55880,7600,212240
FINNIFTY02JAN2422550CE.NFO,02/01/2024,11:08:15,0.25,0.2,133320,0.25,55880,0,212240
FINNIFTY02JAN2422550CE.NFO,02/01/2024,11:08:24,0.25,0.25,6200,0.3,40400,59480,212240
FINNIFTY02JAN2422550CE.NFO,02/01/2024,11:08:33,0.3,0.25,61040,0.3,37040,2920,212240
FINNIFTY02JAN2422550CE.NFO,02/01/2024,11:08:42,0.3,0.25,52400,0.3,34720,1520,236680
FINNIFTY02JAN2422550CE.NFO,02/01/2024,11:09:02,0.3,0.25,60200,0.3,34520,200,236680
FINNIFTY02JAN2422550CE.NFO,02/01/2024,11:09:11,0.25,0.25,61200,0.3,33360,1240,236680
FINNIFTY02JAN2422550CE.NFO,02/01/2024,11:09:30,0.25,0.25,61200,0.3,33360,0,236680
FINNIFTY02JAN2422550CE.NFO,02/01/2024,11:09:48,0.3,0.25,65240,0.3,28320,4240,236680
FINNIFTY02JAN2422550CE.NFO,02/01/2024,11:09:57,0.3,0.25,68120,0.3,15960,8280,236680
FINNIFTY02JAN2422550CE.NFO,02/01/2024,11:10:06,0.3,0.25,68120,0.3,20040,800,236680
FINNIFTY02JAN2422550CE.NFO,02/01/2024,11:10:15,0.35,0.3,50360,0.35,21480,27320,236680
FINNIFTY02JAN2422550CE.NFO,02/01/2024,11:10:23,0.35,0.3,51800,0.35,20600,9840,236680
FINNIFTY02JAN2422550CE.NFO,02/01/2024,11:10:32,0.35,0.3,53320,0.35,13560,7160,236680
FINNIFTY02JAN2422550CE.NFO,02/01/2024,11:10:41,0.35,0.3,52880,0.35,11320,2240,236680
FINNIFTY02JAN2422550CE.NFO,02/01/2024,11:10:49,0.35,0.3,52880,0.35,5040,6880,236680
FINNIFTY02JAN2422550CE.NFO,02/01/2024,11:10:58,0.4,0.35,25320,0.4,37400,13480,236680
FINNIFTY02JAN2422550CE.NFO,02/01/2024,11:11:07,0.4,0.35,24040,0.4,37280,4520,236680
FINNIFTY02JAN2422550CE.NFO,02/01/2024,11:11:16,0.4,0.35,26600,0.4,36880,760,236680
FINNIFTY02JAN2422550CE.NFO,02/01/2024,11:11:26,0.4,0.35,24240,0.4,19200,29080,236680
FINNIFTY02JAN2422550CE.NFO,02/01/2024,11:11:35,0.4,0.35,24760,0.4,12800,13640,236680
FINNIFTY02JAN2422550CE.NFO,02/01/2024,11:11:44,0.4,0.35,29680,0.4,8240,7360,249880
FINNIFTY02JAN2422550CE.NFO,02/01/2024,11:11:53,0.4,0.35,28480,0.4,7240,3120,249880
FINNIFTY02JAN2422550CE.NFO,02/01/2024,11:12:03,0.4,0.35,28480,0.4,9680,800,249880
FINNIFTY02JAN2422550CE.NFO,02/01/2024,11:12:12,0.45,0.4,15360,0.45,3800,9840,249880
FINNIFTY02JAN2422550CE.NFO,02/01/2024,11:12:22,0.45,0.4,29560,0.45,1520,4760,249880
FINNIFTY02JAN2422550CE.NFO,02/01/2024,11:12:30,0.45,0.4,34520,0.5,6200,29240,249880
FINNIFTY02JAN2422550CE.NFO,02/01/2024,11:12:30,0.5,0.4,34520,0.5,6200,0,249880
FINNIFTY02JAN2422550CE.NFO,02/01/2024,11:12:40,0.45,0.4,41680,0.45,13520,36000,249880
FINNIFTY02JAN2422550CE.NFO,02/01/2024,11:12:49,0.45,0.4,41880,0.45,13120,2200,249880
FINNIFTY02JAN2422550CE.NFO,02/01/2024,11:12:57,0.45,0.4,38680,0.45,10000,1800,249880
FINNIFTY02JAN2422550CE.NFO,02/01/2024,11:13:06,0.45,0.4,38680,0.45,10000,0,249880
FINNIFTY02JAN2422550CE.NFO,02/01/2024,11:13:15,0.45,0.4,39600,0.45,13320,2000,249880
FINNIFTY02JAN2422550CE.NFO,02/01/2024,11:13:24,0.45,0.4,34920,0.45,16400,2200,249880
FINNIFTY02JAN2422550CE.NFO,02/01/2024,11:13:34,0.45,0.4,30520,0.45,12640,4080,249880
FINNIFTY02JAN2422550CE.NFO,02/01/2024,11:13:44,0.5,0.45,24160,0.5,15920,33280,249880
FINNIFTY02JAN2422550CE.NFO,02/01/2024,11:13:54,0.55,0.5,16320,0.55,9920,66360,249880
FINNIFTY02JAN2422550CE.NFO,02/01/2024,11:13:54,0.55,0.5,16320,0.55,9920,0,249880
FINNIFTY02JAN2422550CE.NFO,02/01/2024,11:14:03,0.55,0.5,18440,0.55,3080,67680,249880
FINNIFTY02JAN2422550CE.NFO,02/01/2024,11:14:03,0.6,0.5,18440,0.55,3080,0,249880
FINNIFTY02JAN2422550CE.NFO,02/01/2024,11:14:13,0.6,0.55,28360,0.6,8520,57400,249880
FINNIFTY02JAN2422550CE.NFO,02/01/2024,11:14:13,0.65,0.55,28360,0.6,8520,0,249880
FINNIFTY02JAN2422550CE.NFO,02/01/2024,11:14:22,0.6,0.55,31400,0.65,14520,69840,249880
FINNIFTY02JAN2422550CE.NFO,02/01/2024,11:14:31,0.65,0.55,31720,0.65,18720,95200,249880
FINNIFTY02JAN2422550CE.NFO,02/01/2024,11:14:33,0.6,0.55,33000,0.6,25960,9520,249880
FINNIFTY02JAN2422550CE.NFO,02/01/2024,11:14:34,0.6,0.55,31480,0.6,23200,6400,249880
FINNIFTY02JAN2422550CE.NFO,02/01/2024,11:14:36,0.6,0.55,23680,0.6,22760,9600,249880
FINNIFTY02JAN2422550CE.NFO,02/01/2024,11:14:38,0.6,0.55,20080,0.6,21600,7200,249880
FINNIFTY02JAN2422550CE.NFO,02/01/2024,11:14:39,0.6,0.55,15880,0.6,19480,7400,441920
FINNIFTY02JAN2422550CE.NFO,02/01/2024,11:14:41,0.6,0.55,9280,0.6,17520,9200,441920
FINNIFTY02JAN2422550CE.NFO,02/01/2024,11:14:42,0.6,0.55,7280,0.6,18880,10080,441920
FINNIFTY02JAN2422550CE.NFO,02/01/2024,11:14:44,0.55,0.55,7040,0.6,19560,8640,441920
FINNIFTY02JAN2422550CE.NFO,02/01/2024,11:14:46,0.6,0.55,8040,0.6,18560,8120,441920
FINNIFTY02JAN2422550CE.NFO,02/01/2024,11:14:47,0.6,0.55,12640,0.6,17320,7080,441920
FINNIFTY02JAN2422550CE.NFO,02/01/2024,11:14:49,0.6,0.55,10120,0.6,16240,5320,441920
FINNIFTY02JAN2422550CE.NFO,02/01/2024,11:14:51,0.6,0.55,10120,0.6,14440,4000,441920
FINNIFTY02JAN2422550CE.NFO,02/01/2024,11:14:52,0.6,0.55,10160,0.6,8640,6600,441920
FINNIFTY02JAN2422550CE.NFO,02/01/2024,11:14:54,0.65,0.55,16080,0.65,18920,14800,441920
FINNIFTY02JAN2422550CE.NFO,02/01/2024,11:14:56,0.6,0.55,27480,0.6,2080,6640,441920
FINNIFTY02JAN2422550CE.NFO,02/01/2024,11:14:57,0.65,0.55,31720,0.65,16880,16160,441920
FINNIFTY02JAN2422550CE.NFO,02/01/2024,11:14:59,0.6,0.55,39400,0.6,5960,28760,441920
FINNIFTY02JAN2422550CE.NFO,02/01/2024,11:15:00,0.6,0.55,40480,0.6,4320,12320,441920
FINNIFTY02JAN2422550CE.NFO,02/01/2024,11:15:02,0.65,0.55,35720,0.65,23240,9160,441920
FINNIFTY02JAN2422550CE.NFO,02/01/2024,11:15:04,0.6,0.55,39840,0.6,9680,11560,441920
FINNIFTY02JAN2422550CE.NFO,02/01/2024,11:15:05,0.6,0.55,39840,0.6,6560,8800,441920
FINNIFTY02JAN2422550CE.NFO,02/01/2024,11:15:07,0.6,0.55,40480,0.6,2320,5200,441920
FINNIFTY02JAN2422550CE.NFO,02/01/2024,11:15:09,0.6,0.55,43720,0.6,20960,7160,441920
FINNIFTY02JAN2422550CE.NFO,02/01/2024,11:15:10,0.6,0.55,48120,0.6,26240,6200,441920
FINNIFTY02JAN2422550CE.NFO,02/01/2024,11:15:12,0.6,0.55,55160,0.6,24800,6800,441920
FINNIFTY02JAN2422550CE.NFO,02/01/2024,11:15:13,0.6,0.55,57160,0.6,19680,5880,441920
FINNIFTY02JAN2422550CE.NFO,02/01/2024,11:15:15,0.6,0.55,59240,0.6,24600,6600,441920
FINNIFTY02JAN2422550CE.NFO,02/01/2024,11:15:16,0.6,0.55,62240,0.6,32000,6400,441920
FINNIFTY02JAN2422550CE.NFO,02/01/2024,11:15:18,0.6,0.55,65760,0.6,29520,6200,441920
FINNIFTY02JAN2422550CE.NFO,02/01/2024,11:15:20,0.6,0.55,68760,0.6,25440,5400,441920
FINNIFTY02JAN2422550CE.NFO,02/01/2024,11:15:21,0.6,0.55,68760,0.6,21080,4400,441920
FINNIFTY02JAN2422550CE.NFO,02/01/2024,11:15:23,0.65,0.55,74560,0.6,160,24480,441920
FINNIFTY02JAN2422550CE.NFO,02/01/2024,11:15:24,0.55,0.55,71360,0.65,27440,20720,441920
FINNIFTY02JAN2422550CE.NFO,02/01/2024,11:15:26,0.65,0.6,12040,0.65,29280,4400,441920
FINNIFTY02JAN2422550CE.NFO,02/01/2024,11:15:28,0.65,0.6,22600,0.65,32000,3880,441920
FINNIFTY02JAN2422550CE.NFO,02/01/2024,11:15:29,0.65,0.6,23440,0.65,35840,1560,441920
FINNIFTY02JAN2422550CE.NFO,02/01/2024,11:15:31,0.6,0.55,74200,0.6,12880,29800,441920
FINNIFTY02JAN2422550CE.NFO,02/01/2024,11:15:33,0.6,0.55,70880,0.6,21640,6320,441920
FINNIFTY02JAN2422550CE.NFO,02/01/2024,11:15:34,0.6,0.55,71320,0.6,33800,2160,441920
FINNIFTY02JAN2422550CE.NFO,02/01/2024,11:15:36,0.6,0.55,71520,0.6,43360,2200,441920
FINNIFTY02JAN2422550CE.NFO,02/01/2024,11:15:38,0.6,0.55,71520,0.6,45560,800,441920
FINNIFTY02JAN2422550CE.NFO,02/01/2024,11:15:39,0.6,0.55,59720,0.6,49160,2400,441920
FINNIFTY02JAN2422550CE.NFO,02/01/2024,11:15:41,0.6,0.55,55520,0.6,48120,800,441920
FINNIFTY02JAN2422550CE.NFO,02/01/2024,11:15:43,0.6,0.55,46320,0.6,61760,1960,441920
FINNIFTY02JAN2422550CE.NFO,02/01/2024,11:15:44,0.6,0.55,45320,0.6,62880,200,441920
FINNIFTY02JAN2422550CE.NFO,02/01/2024,11:15:46,0.6,0.55,45320,0.6,60440,1000,441920
FINNIFTY02JAN2422550CE.NFO,02/01/2024,11:15:48,0.6,0.55,45000,0.6,60320,2520,441920
FINNIFTY02JAN2422550CE.NFO,02/01/2024,11:15:49,0.6,0.55,20240,0.6,64600,12960,441920
FINNIFTY02JAN2422550CE.NFO,02/01/2024,11:15:51,0.6,0.55,23840,0.6,61560,1000,441920
FINNIFTY02JAN2422550CE.NFO,02/01/2024,11:15:53,0.6,0.55,20440,0.6,61440,2400,441920
FINNIFTY02JAN2422550CE.NFO,02/01/2024,11:15:54,0.6,0.55,20040,0.6,61240,600,441920
FINNIFTY02JAN2422550CE.NFO,02/01/2024,11:15:56,0.55,0.55,18640,0.6,57360,2400,441920
FINNIFTY02JAN2422550CE.NFO,02/01/2024,11:15:58,0.6,0.55,10800,0.6,59600,12160,441920
FINNIFTY02JAN2422550CE.NFO,02/01/2024,11:15:59,0.55,0.5,21360,0.55,13320,12040,441920
FINNIFTY02JAN2422550CE.NFO,02/01/2024,11:16:01,0.55,0.5,21240,0.55,30040,2000,441920
FINNIFTY02JAN2422550CE.NFO,02/01/2024,11:16:03,0.5,0.5,13400,0.55,37960,1800,441920
FINNIFTY02JAN2422550CE.NFO,02/01/2024,11:16:04,0.55,0.5,11600,0.55,43040,2600,441920
FINNIFTY02JAN2422550CE.NFO,02/01/2024,11:16:06,0.55,0.5,7280,0.55,42120,5880,441920
FINNIFTY02JAN2422550CE.NFO,02/01/2024,11:16:08,0.5,0.5,6160,0.55,47400,2120,441920
FINNIFTY02JAN2422550CE.NFO,02/01/2024,11:16:09,0.5,0.45,21040,0.5,13880,13840,441920
FINNIFTY02JAN2422550CE.NFO,02/01/2024,11:16:11,0.5,0.45,19720,0.5,13280,1200,441920
FINNIFTY02JAN2422550CE.NFO,02/01/2024,11:16:13,0.5,0.45,12120,0.5,13040,1320,441920
FINNIFTY02JAN2422550CE.NFO,02/01/2024,11:16:14,0.5,0.45,4960,0.5,17520,10640,441920
FINNIFTY02JAN2422550CE.NFO,02/01/2024,11:16:16,0.5,0.45,8560,0.5,18520,800,441920
FINNIFTY02JAN2422550CE.NFO,02/01/2024,11:16:18,0.5,0.45,10440,0.5,17720,1200,441920
FINNIFTY02JAN2422550CE.NFO,02/01/2024,11:16:19,0.5,0.45,10600,0.5,21000,400,441920
FINNIFTY02JAN2422550CE.NFO,02/01/2024,11:16:21,0.5,0.45,16360,0.5,20600,400,441920
FINNIFTY02JAN2422550CE.NFO,02/01/2024,11:16:23,0.5,0.45,18160,0.5,20840,200,441920
FINNIFTY02JAN2422550CE.NFO,02/01/2024,11:16:24,0.5,0.45,18240,0.5,7720,12360,441920
FINNIFTY02JAN2422550CE.NFO,02/01/2024,11:16:26,0.5,0.45,18240,0.5,7720,0,441920
FINNIFTY02JAN2422550CE.NFO,02/01/2024,11:16:27,0.5,0.45,21840,0.5,9400,400,441920
FINNIFTY02JAN2422550CE.NFO,02/01/2024,11:16:29,0.5,0.45,23640,0.5,9200,200,441920
FINNIFTY02JAN2422550CE.NFO,02/01/2024,11:16:38,0.5,0.45,33320,0.5,10600,2920,441920
FINNIFTY02JAN2422550CE.NFO,02/01/2024,11:16:47,0.5,0.45,37520,0.5,21480,10360,441920
FINNIFTY02JAN2422550CE.NFO,02/01/2024,11:16:56,0.5,0.45,37160,0.5,6320,50440,441920
FINNIFTY02JAN2422550CE.NFO,02/01/2024,11:17:05,0.45,0.45,40480,0.5,8360,29320,441920
FINNIFTY02JAN2422550CE.NFO,02/01/2024,11:17:14,0.5,0.45,38760,0.5,15040,1480,441920
FINNIFTY02JAN2422550CE.NFO,02/01/2024,11:17:23,0.45,0.45,34480,0.5,19080,520,441920
FINNIFTY02JAN2422550CE.NFO,02/01/2024,11:17:32,0.45,0.45,12040,0.5,20520,1880,441920
FINNIFTY02JAN2422550CE.NFO,02/01/2024,11:17:41,0.5,0.45,11840,0.5,23760,720,687920
FINNIFTY02JAN2422550CE.NFO,02/01/2024,11:17:51,0.45,0.45,10360,0.5,24960,600,687920
FINNIFTY02JAN2422550CE.NFO,02/01/2024,11:18:00,0.45,0.45,2720,0.5,28400,7200,687920
FINNIFTY02JAN2422550CE.NFO,02/01/2024,11:18:09,0.45,0.4,44520,0.45,6200,17880,687920
FINNIFTY02JAN2422550CE.NFO,02/01/2024,11:18:19,0.45,0.4,50960,0.45,5720,800,687920
FINNIFTY02JAN2422550CE.NFO,02/01/2024,11:18:27,0.45,0.45,11720,0.5,14200,4360,687920
FINNIFTY02JAN2422550CE.NFO,02/01/2024,11:18:36,0.45,0.45,8000,0.5,14840,1360,687920
FINNIFTY02JAN2422550CE.NFO,02/01/2024,11:18:45,0.45,0.45,21280,0.5,19160,1640,687920
FINNIFTY02JAN2422550CE.NFO,02/01/2024,11:18:53,0.45,0.4,45120,0.5,23760,12600,687920
FINNIFTY02JAN2422550CE.NFO,02/01/2024,11:19:02,0.45,0.4,46600,0.45,13040,560,687920
FINNIFTY02JAN2422550CE.NFO,02/01/2024,11:19:10,0.45,0.4,36040,0.45,15480,0,687920
FINNIFTY02JAN2422550CE.NFO,02/01/2024,11:19:19,0.45,0.4,34520,0.45,16000,280,687920
FINNIFTY02JAN2422550CE.NFO,02/01/2024,11:19:27,0.45,0.4,28320,0.45,16280,0,687920
FINNIFTY02JAN2422550CE.NFO,02/01/2024,11:19:52,0.45,0.4,27680,0.45,16280,0,687920
FINNIFTY02JAN2422550CE.NFO,02/01/2024,11:20:07,0.4,0.4,13320,0.45,16280,3680,687920
FINNIFTY02JAN2422550CE.NFO,02/01/2024,11:20:16,0.4,0.4,12440,0.45,20000,1800,687920
FINNIFTY02JAN2422550CE.NFO,02/01/2024,11:20:24,0.45,0.4,10720,0.45,19320,2480,687920
FINNIFTY02JAN2422550CE.NFO,02/01/2024,11:20:33,0.4,0.4,12840,0.45,18280,800,687920
FINNIFTY02JAN2422550CE.NFO,02/01/2024,11:20:41,0.4,0.4,12920,0.45,20840,2480,686120
FINNIFTY02JAN2422550CE.NFO,02/01/2024,11:20:50,0.4,0.4,13000,0.45,20840,2560,686120
FINNIFTY02JAN2422550CE.NFO,02/01/2024,11:20:59,0.4,0.4,2400,0.45,20560,12920,686120
FINNIFTY02JAN2422550CE.NFO,02/01/2024,11:21:08,0.45,0.4,6880,0.45,20720,200,686120
FINNIFTY02JAN2422550CE.NFO,02/01/2024,11:21:16,0.4,0.4,7400,0.45,20720,40,686120
FINNIFTY02JAN2422550CE.NFO,02/01/2024,11:21:25,0.45,0.4,11160,0.45,18320,5880,686120
FINNIFTY02JAN2422550CE.NFO,02/01/2024,11:21:34,0.4,0.4,16720,0.45,20880,280,686120
FINNIFTY02JAN2422550CE.NFO,02/01/2024,11:21:43,0.4,0.4,8760,0.45,20880,1600,686120
FINNIFTY02JAN2422550CE.NFO,02/01/2024,11:21:51,0.4,0.4,6120,0.45,24520,0,686120
FINNIFTY02JAN2422550CE.NFO,02/01/2024,11:22:00,0.4,0.4,5840,0.45,21600,1120,686120
FINNIFTY02JAN2422550CE.NFO,02/01/2024,11:22:09,0.45,0.4,5840,0.45,23880,200,686120
FINNIFTY02JAN2422550CE.NFO,02/01/2024,11:22:18,0.45,0.4,5840,0.45,23800,80,686120
FINNIFTY02JAN2422550CE.NFO,02/01/2024,11:22:27,0.4,0.4,5680,0.45,21120,440,686120
FINNIFTY02JAN2422550CE.NFO,02/01/2024,11:22:35,0.4,0.4,5680,0.45,20840,0,686120
FINNIFTY02JAN2422550CE.NFO,02/01/2024,11:22:44,0.4,0.4,5680,0.45,21840,0,686120
FINNIFTY02JAN2422550CE.NFO,02/01/2024,11:22:53,0.45,0.4,5680,0.45,21520,480,686120
FINNIFTY02JAN2422550CE.NFO,02/01/2024,11:23:01,0.4,0.4,5600,0.45,21720,80,686120
FINNIFTY02JAN2422550CE.NFO,02/01/2024,11:23:10,0.4,0.4,5200,0.45,20840,400,686120
FINNIFTY02JAN2422550CE.NFO,02/01/2024,11:23:18,0.4,0.4,5200,0.45,20840,0,686120
FINNIFTY02JAN2422550CE.NFO,02/01/2024,11:23:34,0.45,0.4,5200,0.45,21480,640,686120
FINNIFTY02JAN2422550CE.NFO,02/01/2024,11:23:43,0.45,0.4,5200,0.45,21480,0,686120
FINNIFTY02JAN2422550CE.NFO,02/01/2024,11:23:59,0.45,0.4,5200,0.45,20960,520,680320
FINNIFTY02JAN2422550CE.NFO,02/01/2024,11:24:07,0.45,0.4,5200,0.45,20440,200,680320
FINNIFTY02JAN2422550CE.NFO,02/01/2024,11:24:15,0.45,0.4,8160,0.45,20760,0,680320
FINNIFTY02JAN2422550CE.NFO,02/01/2024,11:24:24,0.45,0.4,8160,0.45,20720,40,680320
FINNIFTY02JAN2422550CE.NFO,02/01/2024,11:24:32,0.45,0.4,9760,0.45,20400,0,680320
FINNIFTY02JAN2422550CE.NFO,02/01/2024,11:24:48,0.4,0.4,9240,0.45,20720,520,680320
FINNIFTY02JAN2422550CE.NFO,02/01/2024,11:24:56,0.4,0.4,9440,0.45,20400,0,680320
FINNIFTY02JAN2422550CE.NFO,02/01/2024,11:25:05,0.4,0.4,9280,0.45,20240,0,680320
FINNIFTY02JAN2422550CE.NFO,02/01/2024,11:25:29,0.4,0.4,11600,0.45,18840,0,680320
FINNIFTY02JAN2422550CE.NFO,02/01/2024,11:25:38,0.4,0.4,11520,0.45,18800,80,680320
FINNIFTY02JAN2422550CE.NFO,02/01/2024,11:25:46,0.4,0.4,11520,0.45,18800,0,680320
FINNIFTY02JAN2422550CE.NFO,02/01/2024,11:25:53,0.45,0.4,11520,0.45,21600,160,680320
FINNIFTY02JAN2422550CE.NFO,02/01/2024,11:26:01,0.45,0.4,12680,0.45,20600,1000,680320
FINNIFTY02JAN2422550CE.NFO,02/01/2024,11:26:10,0.4,0.4,12840,0.45,22840,1000,680320
FINNIFTY02JAN2422550CE.NFO,02/01/2024,11:26:18,0.4,0.4,14080,0.45,24240,0,680320
FINNIFTY02JAN2422550CE.NFO,02/01/2024,11:26:25,0.4,0.4,13000,0.45,24440,1080,680320
FINNIFTY02JAN2422550CE.NFO,02/01/2024,11:26:33,0.4,0.4,13080,0.45,26040,520,680320
FINNIFTY02JAN2422550CE.NFO,02/01/2024,11:26:42,0.4,0.4,13040,0.45,26320,40,680320
FINNIFTY02JAN2422550CE.NFO,02/01/2024,11:26:50,0.4,0.4,16880,0.45,24680,80,679360
FINNIFTY02JAN2422550CE.NFO,02/01/2024,11:26:58,0.4,0.4,16640,0.45,24320,400,679360
FINNIFTY02JAN2422550CE.NFO,02/01/2024,11:27:06,0.4,0.4,16040,0.45,24480,600,679360
FINNIFTY02JAN2422550CE.NFO,02/01/2024,11:27:13,0.4,0.4,15840,0.45,25960,200,679360
FINNIFTY02JAN2422550CE.NFO,02/01/2024,11:27:21,0.4,0.4,15840,0.45,26080,0,679360
FINNIFTY02JAN2422550CE.NFO,02/01/2024,11:27:29,0.4,0.4,15640,0.45,26080,200,679360
FINNIFTY02JAN2422550CE.NFO,02/01/2024,11:27:37,0.4,0.4,8800,0.45,26080,5400,679360
FINNIFTY02JAN2422550CE.NFO,02/01/2024,11:27:46,0.4,0.4,5080,0.45,24240,0,679360
FINNIFTY02JAN2422550CE.NFO,02/01/2024,11:27:55,0.4,0.35,55840,0.4,13000,8080,679360
FINNIFTY02JAN2422550CE.NFO,02/01/2024,11:28:03,0.4,0.35,52920,0.4,16720,800,679360
FINNIFTY02JAN2422550CE.NFO,02/01/2024,11:28:11,0.4,0.35,53360,0.4,18000,5240,679360
FINNIFTY02JAN2422550CE.NFO,02/01/2024,11:28:19,0.4,0.35,53760,0.4,17720,600,679360
FINNIFTY02JAN2422550CE.NFO,02/01/2024,11:28:28,0.4,0.35,55120,0.4,16400,1320,679360
FINNIFTY02JAN2422550CE.NFO,02/01/2024,11:28:36,0.4,0.4,1360,0.45,18400,11240,679360
FINNIFTY02JAN2422550CE.NFO,02/01/2024,11:28:44,0.45,0.4,9040,0.45,38920,1840,679360
FINNIFTY02JAN2422550CE.NFO,02/01/2024,11:28:52,0.45,0.4,9040,0.45,38560,0,679360
FINNIFTY02JAN2422550CE.NFO,02/01/2024,11:29:00,0.45,0.4,10480,0.45,30520,4240,679360
FINNIFTY02JAN2422550CE.NFO,02/01/2024,11:29:09,0.45,0.4,11280,0.45,30480,40,679360
FINNIFTY02JAN2422550CE.NFO,02/01/2024,11:29:17,0.45,0.4,12800,0.45,30440,320,679360
FINNIFTY02JAN2422550CE.NFO,02/01/2024,11:29:25,0.45,0.4,12800,0.45,29000,0,679360
FINNIFTY02JAN2422550CE.NFO,02/01/2024,11:29:33,0.45,0.4,11240,0.45,33440,0,679360
FINNIFTY02JAN2422550CE.NFO,02/01/2024,11:29:41,0.4,0.4,10320,0.45,33520,920,679360
FINNIFTY02JAN2422550CE.NFO,02/01/2024,11:29:49,0.4,0.4,10320,0.45,34120,0,679360
FINNIFTY02JAN2422550CE.NFO,02/01/2024,11:29:57,0.4,0.4,14040,0.45,34160,0,679360
FINNIFTY02JAN2422550CE.NFO,02/01/2024,11:30:05,0.4,0.4,15840,0.45,34160,0,679360
FINNIFTY02JAN2422550CE.NFO,02/01/2024,11:30:12,0.4,0.4,14440,0.45,34160,2400,667240
FINNIFTY02JAN2422550CE.NFO,02/01/2024,11:30:20,0.4,0.4,14200,0.45,34320,240,667240
FINNIFTY02JAN2422550CE.NFO,02/01/2024,11:30:36,0.4,0.4,13920,0.45,34320,280,667240
FINNIFTY02JAN2422550CE.NFO,02/01/2024,11:30:43,0.4,0.4,13880,0.45,34320,40,667240
FINNIFTY02JAN2422550CE.NFO,02/01/2024,11:30:50,0.4,0.4,14880,0.45,31440,200,667240
FINNIFTY02JAN2422550CE.NFO,02/01/2024,11:30:58,0.4,0.4,14880,0.45,31360,0,667240
FINNIFTY02JAN2422550CE.NFO,02/01/2024,11:31:05,0.45,0.4,14560,0.45,31280,760,667240
FINNIFTY02JAN2422550CE.NFO,02/01/2024,11:31:13,0.45,0.4,14560,0.45,30960,320,667240
FINNIFTY02JAN2422550CE.NFO,02/01/2024,11:31:21,0.4,0.4,14080,0.45,30960,2320,667240
FINNIFTY02JAN2422550CE.NFO,02/01/2024,11:31:29,0.4,0.4,13440,0.45,31440,640,667240
FINNIFTY02JAN2422550CE.NFO,02/01/2024,11:31:36,0.4,0.4,18280,0.45,31440,600,667240
FINNIFTY02JAN2422550CE.NFO,02/01/2024,11:31:43,0.4,0.4,12360,0.45,31440,640,667240
FINNIFTY02JAN2422550CE.NFO,02/01/2024,11:31:51,0.4,0.35,48640,0.4,15800,12480,667240
FINNIFTY02JAN2422550CE.NFO,02/01/2024,11:31:59,0.4,0.35,50560,0.4,17400,160,667240
FINNIFTY02JAN2422550CE.NFO,02/01/2024,11:32:07,0.4,0.35,50920,0.4,24080,0,667240
FINNIFTY02JAN2422550CE.NFO,02/01/2024,11:32:16,0.4,0.35,51280,0.4,27680,0,667240
FINNIFTY02JAN2422550CE.NFO,02/01/2024,11:32:23,0.4,0.35,51280,0.4,27720,0,667240
FINNIFTY02JAN2422550CE.NFO,02/01/2024,11:32:31,0.4,0.35,51280,0.4,27680,0,667240
FINNIFTY02JAN2422550CE.NFO,02/01/2024,11:32:38,0.4,0.35,51640,0.4,27680,0,667240
FINNIFTY02JAN2422550CE.NFO,02/01/2024,11:32:44,0.4,0.35,52520,0.4,22720,6320,677880
FINNIFTY02JAN2422550CE.NFO,02/01/2024,11:32:52,0.4,0.35,52520,0.4,20560,9000,677880
FINNIFTY02JAN2422550CE.NFO,02/01/2024,11:32:59,0.4,0.35,50320,0.4,17800,3600,677880
FINNIFTY02JAN2422550CE.NFO,02/01/2024,11:33:06,0.4,0.35,50320,0.4,17800,0,677880
FINNIFTY02JAN2422550CE.NFO,02/01/2024,11:33:14,0.4,0.35,50320,0.4,18040,0,677880
FINNIFTY02JAN2422550CE.NFO,02/01/2024,11:33:28,0.4,0.35,50320,0.4,19840,0,677880
FINNIFTY02JAN2422550CE.NFO,02/01/2024,11:33:35,0.4,0.35,50320,0.4,21040,1200,677880
FINNIFTY02JAN2422550CE.NFO,02/01/2024,11:33:42,0.4,0.35,50320,0.4,21040,0,677880
FINNIFTY02JAN2422550CE.NFO,02/01/2024,11:33:50,0.4,0.35,48720,0.4,19760,80,677880
FINNIFTY02JAN2422550CE.NFO,02/01/2024,11:33:57,0.4,0.35,48720,0.4,15360,3200,677880
FINNIFTY02JAN2422550CE.NFO,02/01/2024,11:34:03,0.4,0.35,48720,0.4,17760,0,677880
FINNIFTY02JAN2422550CE.NFO,02/01/2024,11:34:10,0.4,0.35,48720,0.4,19120,0,677880
FINNIFTY02JAN2422550CE.NFO,02/01/2024,11:34:17,0.4,0.35,49720,0.4,19120,0,677880
FINNIFTY02JAN2422550CE.NFO,02/01/2024,11:34:32,0.4,0.35,47880,0.4,17400,1760,677880
FINNIFTY02JAN2422550CE.NFO,02/01/2024,11:34:40,0.4,0.35,48120,0.4,17520,0,677880
FINNIFTY02JAN2422550CE.NFO,02/01/2024,11:34:48,0.4,0.35,51000,0.4,16800,80,677880
FINNIFTY02JAN2422550CE.NFO,02/01/2024,11:34:55,0.4,0.35,51000,0.4,16800,0,677880
FINNIFTY02JAN2422550CE.NFO,02/01/2024,11:35:02,0.4,0.35,51000,0.4,18000,0,677880
FINNIFTY02JAN2422550CE.NFO,02/01/2024,11:35:17,0.4,0.35,61680,0.4,18160,0,677880
FINNIFTY02JAN2422550CE.NFO,02/01/2024,11:35:32,0.4,0.35,63480,0.4,18080,80,677880
FINNIFTY02JAN2422550CE.NFO,02/01/2024,11:35:40,0.4,0.35,63880,0.4,16400,320,677880
FINNIFTY02JAN2422550CE.NFO,02/01/2024,11:35:48,0.4,0.35,65480,0.4,16160,0,677880
FINNIFTY02JAN2422550CE.NFO,02/01/2024,11:36:09,0.4,0.35,65360,0.4,16160,0,677880
FINNIFTY02JAN2422550CE.NFO,02/01/2024,11:36:32,0.4,0.35,54680,0.4,16160,0,677880
FINNIFTY02JAN2422550CE.NFO,02/01/2024,11:36:40,0.4,0.35,54680,0.4,23360,0,677880
FINNIFTY02JAN2422550CE.NFO,02/01/2024,11:36:48,0.4,0.35,52880,0.4,26360,0,677880
FINNIFTY02JAN2422550CE.NFO,02/01/2024,11:36:55,0.4,0.35,45200,0.4,23000,0,677880
FINNIFTY02JAN2422550CE.NFO,02/01/2024,11:37:03,0.4,0.35,44200,0.4,18200,0,677880
FINNIFTY02JAN2422550CE.NFO,02/01/2024,11:37:42,0.4,0.35,44200,0.4,14000,0,677880
FINNIFTY02JAN2422550CE.NFO,02/01/2024,11:37:50,0.4,0.35,41320,0.4,14600,0,677880
FINNIFTY02JAN2422550CE.NFO,02/01/2024,11:37:57,0.4,0.35,42320,0.4,16360,40,668720
FINNIFTY02JAN2422550CE.NFO,02/01/2024,11:38:05,0.4,0.35,42320,0.4,16720,0,668720
FINNIFTY02JAN2422550CE.NFO,02/01/2024,11:38:13,0.4,0.35,42280,0.4,16720,0,668720
FINNIFTY02JAN2422550CE.NFO,02/01/2024,11:38:22,0.4,0.35,42280,0.4,21920,0,668720
FINNIFTY02JAN2422550CE.NFO,02/01/2024,11:38:29,0.4,0.35,42280,0.4,22320,0,668720
FINNIFTY02JAN2422550CE.NFO,02/01/2024,11:39:00,0.4,0.35,42040,0.4,22320,0,668720
FINNIFTY02JAN2422550CE.NFO,02/01/2024,11:39:20,0.4,0.35,42040,0.4,22280,0,668720
FINNIFTY02JAN2422550CE.NFO,02/01/2024,11:39:39,0.4,0.35,42040,0.4,22320,0,668720
FINNIFTY02JAN2422550CE.NFO,02/01/2024,11:40:23,0.35,0.35,41840,0.4,22320,200,668680
FINNIFTY02JAN2422550CE.NFO,02/01/2024,11:40:29,0.35,0.35,41800,0.4,22320,40,668680
FINNIFTY02JAN2422550CE.NFO,02/01/2024,11:40:42,0.35,0.35,41600,0.4,22320,200,668680
FINNIFTY02JAN2422550CE.NFO,02/01/2024,11:40:48,0.35,0.35,35880,0.4,22320,8840,668680
FINNIFTY02JAN2422550CE.NFO,02/01/2024,11:40:54,0.35,0.35,22960,0.4,22320,2520,668680
FINNIFTY02JAN2422550CE.NFO,02/01/2024,11:41:01,0.35,0.35,22960,0.4,22320,0,668680
FINNIFTY02JAN2422550CE.NFO,02/01/2024,11:41:08,0.35,0.35,21120,0.4,22320,0,668680
FINNIFTY02JAN2422550CE.NFO,02/01/2024,11:41:15,0.35,0.35,12520,0.4,22320,6800,668680
FINNIFTY02JAN2422550CE.NFO,02/01/2024,11:41:22,0.35,0.35,7760,0.4,18320,6720,668680
FINNIFTY02JAN2422550CE.NFO,02/01/2024,11:41:30,0.35,0.3,74880,0.4,16960,11600,668680
FINNIFTY02JAN2422550CE.NFO,02/01/2024,11:41:39,0.35,0.35,12920,0.4,20760,6400,668680
FINNIFTY02JAN2422550CE.NFO,02/01/2024,11:41:48,0.4,0.35,10760,0.4,18880,2800,677240
FINNIFTY02JAN2422550CE.NFO,02/01/2024,11:41:57,0.4,0.35,10400,0.4,22080,1160,677240
FINNIFTY02JAN2422550CE.NFO,02/01/2024,11:42:05,0.4,0.35,14360,0.4,20200,10400,677240
FINNIFTY02JAN2422550CE.NFO,02/01/2024,11:42:13,0.4,0.35,12560,0.4,21760,120,677240
FINNIFTY02JAN2422550CE.NFO,02/01/2024,11:42:21,0.4,0.35,12560,0.4,29080,200,677240
FINNIFTY02JAN2422550CE.NFO,02/01/2024,11:42:28,0.35,0.35,10760,0.4,29560,1800,677240
FINNIFTY02JAN2422550CE.NFO,02/01/2024,11:42:35,0.35,0.35,14160,0.4,27840,1840,677240
FINNIFTY02JAN2422550CE.NFO,02/01/2024,11:42:42,0.4,0.35,14400,0.4,32640,400,677240
FINNIFTY02JAN2422550CE.NFO,02/01/2024,11:42:50,0.4,0.35,7720,0.4,31360,4560,677240
FINNIFTY02JAN2422550CE.NFO,02/01/2024,11:42:57,0.4,0.35,8240,0.4,29080,2720,677240
FINNIFTY02JAN2422550CE.NFO,02/01/2024,11:43:04,0.35,0.35,11600,0.4,26480,800,677240
FINNIFTY02JAN2422550CE.NFO,02/01/2024,11:43:11,0.4,0.35,12800,0.4,26160,240,677240
FINNIFTY02JAN2422550CE.NFO,02/01/2024,11:43:18,0.4,0.35,12800,0.4,25360,920,677240
FINNIFTY02JAN2422550CE.NFO,02/01/2024,11:43:24,0.4,0.35,12800,0.4,25160,200,677240
FINNIFTY02JAN2422550CE.NFO,02/01/2024,11:43:32,0.4,0.35,12800,0.4,21000,440,677240
FINNIFTY02JAN2422550CE.NFO,02/01/2024,11:43:39,0.4,0.35,12800,0.4,20880,120,677240
FINNIFTY02JAN2422550CE.NFO,02/01/2024,11:43:46,0.4,0.35,12800,0.4,20880,120,677240
FINNIFTY02JAN2422550CE.NFO,02/01/2024,11:43:54,0.4,0.35,13040,0.4,20640,160,677240
FINNIFTY02JAN2422550CE.NFO,02/01/2024,11:44:02,0.35,0.35,12200,0.4,20520,920,677240
FINNIFTY02JAN2422550CE.NFO,02/01/2024,11:44:10,0.35,0.35,13560,0.4,18680,1720,677240
FINNIFTY02JAN2422550CE.NFO,02/01/2024,11:44:16,0.35,0.35,15360,0.4,19280,0,677240
FINNIFTY02JAN2422550CE.NFO,02/01/2024,11:44:23,0.35,0.35,20640,0.4,19280,640,677240
FINNIFTY02JAN2422550CE.NFO,02/01/2024,11:44:30,0.35,0.35,21800,0.4,19280,40,677240
FINNIFTY02JAN2422550CE.NFO,02/01/2024,11:44:38,0.35,0.35,22240,0.4,19280,0,677240
FINNIFTY02JAN2422550CE.NFO,02/01/2024,11:44:51,0.35,0.35,20440,0.4,20280,0,677240
FINNIFTY02JAN2422550CE.NFO,02/01/2024,11:44:57,0.35,0.35,20440,0.4,21280,0,677240
FINNIFTY02JAN2422550CE.NFO,02/01/2024,11:45:04,0.35,0.35,20200,0.4,24880,0,677240
FINNIFTY02JAN2422550CE.NFO,02/01/2024,11:45:11,0.35,0.35,19520,0.4,27880,920,686240
FINNIFTY02JAN2422550CE.NFO,02/01/2024,11:45:17,0.35,0.35,10080,0.4,29240,6960,686240
FINNIFTY02JAN2422550CE.NFO,02/01/2024,11:45:24,0.35,0.35,7280,0.4,30960,1840,686240
FINNIFTY02JAN2422550CE.NFO,02/01/2024,11:45:32,0.35,0.3,83760,0.35,10280,16720,686240
FINNIFTY02JAN2422550CE.NFO,02/01/2024,11:45:39,0.35,0.3,84600,0.35,10320,1760,686240
FINNIFTY02JAN2422550CE.NFO,02/01/2024,11:45:45,0.35,0.3,86400,0.35,10320,0,686240
FINNIFTY02JAN2422550CE.NFO,02/01/2024,11:45:52,0.35,0.3,88200,0.35,10320,0,686240
FINNIFTY02JAN2422550CE.NFO,02/01/2024,11:45:59,0.35,0.3,88560,0.35,10320,0,686240
FINNIFTY02JAN2422550CE.NFO,02/01/2024,11:46:06,0.35,0.3,92160,0.35,7120,3200,686240
FINNIFTY02JAN2422550CE.NFO,02/01/2024,11:46:13,0.35,0.3,87520,0.35,8920,0,686240
FINNIFTY02JAN2422550CE.NFO,02/01/2024,11:46:25,0.35,0.3,89400,0.35,8920,0,686240
FINNIFTY02JAN2422550CE.NFO,02/01/2024,11:46:31,0.35,0.3,89160,0.35,8920,0,686240
FINNIFTY02JAN2422550CE.NFO,02/01/2024,11:46:38,0.35,0.3,79440,0.35,8920,0,686240
FINNIFTY02JAN2422550CE.NFO,02/01/2024,11:46:44,0.35,0.3,80920,0.35,9000,0,686240
FINNIFTY02JAN2422550CE.NFO,02/01/2024,11:46:51,0.35,0.3,80920,0.35,10360,0,686240
FINNIFTY02JAN2422550CE.NFO,02/01/2024,11:47:13,0.35,0.3,80920,0.35,10400,0,686240
FINNIFTY02JAN2422550CE.NFO,02/01/2024,11:47:19,0.35,0.3,91320,0.35,10400,0,686240
FINNIFTY02JAN2422550CE.NFO,02/01/2024,11:47:26,0.35,0.3,80120,0.35,12600,1200,686240
FINNIFTY02JAN2422550CE.NFO,02/01/2024,11:47:33,0.35,0.3,80120,0.35,12600,0,686240
FINNIFTY02JAN2422550CE.NFO,02/01/2024,11:47:51,0.3,0.3,80080,0.35,12600,40,680680
FINNIFTY02JAN2422550CE.NFO,02/01/2024,11:47:58,0.3,0.3,79960,0.35,12600,120,680680
FINNIFTY02JAN2422550CE.NFO,02/01/2024,11:48:05,0.3,0.3,83160,0.35,12600,0,680680
FINNIFTY02JAN2422550CE.NFO,02/01/2024,11:48:11,0.3,0.3,84000,0.35,12600,0,680680
FINNIFTY02JAN2422550CE.NFO,02/01/2024,11:48:37,0.3,0.3,85920,0.35,12440,0,680680
FINNIFTY02JAN2422550CE.NFO,02/01/2024,11:49:08,0.3,0.3,85920,0.35,11080,0,680680
FINNIFTY02JAN2422550CE.NFO,02/01/2024,11:49:20,0.35,0.3,85920,0.35,11000,80,680680
FINNIFTY02JAN2422550CE.NFO,02/01/2024,11:49:33,0.35,0.3,85920,0.35,10920,80,680680
FINNIFTY02JAN2422550CE.NFO,02/01/2024,11:49:58,0.35,0.3,85920,0.35,10920,0,680680
FINNIFTY02JAN2422550CE.NFO,02/01/2024,11:50:04,0.3,0.3,86040,0.35,10920,320,680680
FINNIFTY02JAN2422550CE.NFO,02/01/2024,11:50:11,0.3,0.3,86040,0.35,10920,0,680680
FINNIFTY02JAN2422550CE.NFO,02/01/2024,11:50:24,0.35,0.3,86040,0.35,10840,80,680680
FINNIFTY02JAN2422550CE.NFO,02/01/2024,11:50:30,0.35,0.3,87840,0.35,10840,0,680680
FINNIFTY02JAN2422550CE.NFO,02/01/2024,11:50:36,0.35,0.3,87840,0.35,10760,80,680680
FINNIFTY02JAN2422550CE.NFO,02/01/2024,11:50:48,0.35,0.3,87760,0.35,10760,0,680680
FINNIFTY02JAN2422550CE.NFO,02/01/2024,11:51:15,0.35,0.3,87760,0.35,11960,0,680680
FINNIFTY02JAN2422550CE.NFO,02/01/2024,11:51:21,0.35,0.3,85960,0.35,11960,0,680680
FINNIFTY02JAN2422550CE.NFO,02/01/2024,11:51:28,0.35,0.3,85960,0.35,16160,0,680680
FINNIFTY02JAN2422550CE.NFO,02/01/2024,11:51:34,0.35,0.3,76960,0.35,16160,0,680680
FINNIFTY02JAN2422550CE.NFO,02/01/2024,11:51:47,0.35,0.3,76960,0.35,17960,0,680680
FINNIFTY02JAN2422550CE.NFO,02/01/2024,11:51:59,0.35,0.3,76960,0.35,19480,0,680680
FINNIFTY02JAN2422550CE.NFO,02/01/2024,11:52:23,0.35,0.3,76960,0.35,18280,0,680680
FINNIFTY02JAN2422550CE.NFO,02/01/2024,11:52:42,0.35,0.3,76120,0.35,18280,0,680680
FINNIFTY02JAN2422550CE.NFO,02/01/2024,11:52:49,0.35,0.3,76240,0.35,17440,840,680360
FINNIFTY02JAN2422550CE.NFO,02/01/2024,11:53:07,0.35,0.3,76480,0.35,17440,0,680360
FINNIFTY02JAN2422550CE.NFO,02/01/2024,11:53:15,0.35,0.3,77680,0.35,17440,0,680360
FINNIFTY02JAN2422550CE.NFO,02/01/2024,11:53:36,0.35,0.3,78400,0.35,17560,0,680360
FINNIFTY02JAN2422550CE.NFO,02/01/2024,11:53:49,0.35,0.3,78400,0.35,15040,0,680360
FINNIFTY02JAN2422550CE.NFO,02/01/2024,11:55:11,0.3,0.3,68520,0.35,15040,10000,680120
FINNIFTY02JAN2422550CE.NFO,02/01/2024,11:55:17,0.3,0.3,68520,0.35,16480,0,680120
FINNIFTY02JAN2422550CE.NFO,02/01/2024,11:55:28,0.3,0.3,68600,0.35,16480,0,680120
FINNIFTY02JAN2422550CE.NFO,02/01/2024,11:56:00,0.3,0.3,68400,0.35,21280,200,680120
FINNIFTY02JAN2422550CE.NFO,02/01/2024,11:56:39,0.3,0.3,68400,0.35,21880,0,680120
FINNIFTY02JAN2422550CE.NFO,02/01/2024,11:56:45,0.3,0.3,68440,0.35,23480,0,680120
FINNIFTY02JAN2422550CE.NFO,02/01/2024,11:57:12,0.3,0.3,68480,0.35,23640,0,680120
FINNIFTY02JAN2422550CE.NFO,02/01/2024,11:57:17,0.3,0.3,68480,0.35,23840,0,680120
FINNIFTY02JAN2422550CE.NFO,02/01/2024,11:57:24,0.35,0.3,68480,0.35,25080,1000,678720
FINNIFTY02JAN2422550CE.NFO,02/01/2024,11:57:30,0.35,0.3,68480,0.35,25080,0,678720
FINNIFTY02JAN2422550CE.NFO,02/01/2024,11:57:37,0.35,0.3,68440,0.35,25080,0,678720
FINNIFTY02JAN2422550CE.NFO,02/01/2024,11:57:44,0.35,0.3,68440,0.35,25000,80,678720
FINNIFTY02JAN2422550CE.NFO,02/01/2024,11:58:16,0.35,0.3,68440,0.35,25000,0,678720
FINNIFTY02JAN2422550CE.NFO,02/01/2024,11:58:24,0.3,0.3,68120,0.35,25120,320,678720
FINNIFTY02JAN2422550CE.NFO,02/01/2024,11:58:30,0.3,0.3,67840,0.35,25240,280,678720
FINNIFTY02JAN2422550CE.NFO,02/01/2024,11:58:37,0.3,0.3,67680,0.35,25480,160,678720
FINNIFTY02JAN2422550CE.NFO,02/01/2024,11:58:42,0.3,0.3,67560,0.35,25640,120,678720
FINNIFTY02JAN2422550CE.NFO,02/01/2024,11:58:48,0.3,0.3,67440,0.35,25720,80,678720
FINNIFTY02JAN2422550CE.NFO,02/01/2024,11:58:54,0.3,0.3,67480,0.35,25840,160,678720
FINNIFTY02JAN2422550CE.NFO,02/01/2024,11:58:59,0.3,0.3,67400,0.35,25920,80,678720
FINNIFTY02JAN2422550CE.NFO,02/01/2024,11:59:05,0.35,0.3,67080,0.35,26960,4320,678720
FINNIFTY02JAN2422550CE.NFO,02/01/2024,11:59:11,0.3,0.3,67000,0.35,26840,80,678720
FINNIFTY02JAN2422550CE.NFO,02/01/2024,11:59:17,0.3,0.3,68720,0.35,26960,80,678720
FINNIFTY02JAN2422550CE.NFO,02/01/2024,11:59:23,0.3,0.3,68640,0.35,26840,80,678720
FINNIFTY02JAN2422550CE.NFO,02/01/2024,11:59:28,0.3,0.3,66760,0.35,26840,80,678720
FINNIFTY02JAN2422550CE.NFO,02/01/2024,11:59:33,0.3,0.3,66680,0.35,26840,80,678720
FINNIFTY02JAN2422550CE.NFO,02/01/2024,11:59:39,0.3,0.3,68320,0.35,27320,4160,678720
FINNIFTY02JAN2422550CE.NFO,02/01/2024,11:59:45,0.3,0.3,68280,0.35,27320,40,678720
FINNIFTY02JAN2422550CE.NFO,02/01/2024,11:59:51,0.3,0.3,65480,0.35,27440,1000,669680
FINNIFTY02JAN2422550CE.NFO,02/01/2024,11:59:56,0.3,0.3,70880,0.35,27440,0,669680
FINNIFTY02JAN2422550CE.NFO,02/01/2024,12:00:24,0.3,0.3,69440,0.35,27440,0,669680
FINNIFTY02JAN2422550CE.NFO,02/01/2024,12:00:31,0.35,0.3,71240,0.35,23400,3920,669680
FINNIFTY02JAN2422550CE.NFO,02/01/2024,12:00:37,0.35,0.3,71520,0.35,23400,0,669680
FINNIFTY02JAN2422550CE.NFO,02/01/2024,12:00:43,0.3,0.3,71440,0.35,24080,80,669680
FINNIFTY02JAN2422550CE.NFO,02/01/2024,12:00:51,0.3,0.3,71120,0.35,24080,320,669680
FINNIFTY02JAN2422550CE.NFO,02/01/2024,12:00:58,0.3,0.3,71040,0.35,24200,80,669680
FINNIFTY02JAN2422550CE.NFO,02/01/2024,12:01:05,0.3,0.3,70960,0.35,24200,80,669680
FINNIFTY02JAN2422550CE.NFO,02/01/2024,12:01:12,0.3,0.3,70880,0.35,24200,80,669680
FINNIFTY02JAN2422550CE.NFO,02/01/2024,12:01:19,0.3,0.3,70720,0.35,24200,160,669680
FINNIFTY02JAN2422550CE.NFO,02/01/2024,12:01:25,0.3,0.3,70560,0.35,24200,160,669680
FINNIFTY02JAN2422550CE.NFO,02/01/2024,12:01:31,0.3,0.3,70440,0.35,24080,120,669680
FINNIFTY02JAN2422550CE.NFO,02/01/2024,12:01:38,0.3,0.3,70280,0.35,24200,160,669680
FINNIFTY02JAN2422550CE.NFO,02/01/2024,12:01:44,0.3,0.3,68440,0.35,24200,40,669680
FINNIFTY02JAN2422550CE.NFO,02/01/2024,12:01:50,0.3,0.3,68400,0.35,24200,40,669680
FINNIFTY02JAN2422550CE.NFO,02/01/2024,12:01:56,0.3,0.3,68280,0.35,24200,40,669680
FINNIFTY02JAN2422550CE.NFO,02/01/2024,12:02:02,0.3,0.3,68200,0.35,24200,80,669680
FINNIFTY02JAN2422550CE.NFO,02/01/2024,12:02:49,0.3,0.3,68120,0.35,24200,80,665360
FINNIFTY02JAN2422550CE.NFO,02/01/2024,12:03:01,0.3,0.3,68080,0.35,24200,40,665360
FINNIFTY02JAN2422550CE.NFO,02/01/2024,12:03:07,0.3,0.3,68040,0.35,24200,40,665360
FINNIFTY02JAN2422550CE.NFO,02/01/2024,12:03:19,0.3,0.3,67280,0.35,24200,40,665360
FINNIFTY02JAN2422550CE.NFO,02/01/2024,12:03:25,0.3,0.3,67240,0.35,22440,1800,665360
FINNIFTY02JAN2422550CE.NFO,02/01/2024,12:03:32,0.3,0.3,67280,0.35,22440,40,665360
FINNIFTY02JAN2422550CE.NFO,02/01/2024,12:04:16,0.3,0.3,67120,0.35,22440,0,665360
FINNIFTY02JAN2422550CE.NFO,02/01/2024,12:04:24,0.3,0.3,67080,0.35,22440,40,665360
FINNIFTY02JAN2422550CE.NFO,02/01/2024,12:04:32,0.3,0.3,66880,0.35,22440,200,665360
FINNIFTY02JAN2422550CE.NFO,02/01/2024,12:04:39,0.3,0.3,66720,0.35,22440,160,665360
FINNIFTY02JAN2422550CE.NFO,02/01/2024,12:04:45,0.3,0.3,64760,0.35,22440,160,665360
FINNIFTY02JAN2422550CE.NFO,02/01/2024,12:04:51,0.3,0.3,64840,0.35,22440,80,665360
FINNIFTY02JAN2422550CE.NFO,02/01/2024,12:04:57,0.3,0.3,64760,0.35,22440,80,665360
FINNIFTY02JAN2422550CE.NFO,02/01/2024,12:05:03,0.3,0.3,64680,0.35,22440,80,665360
FINNIFTY02JAN2422550CE.NFO,02/01/2024,12:05:10,0.3,0.3,64640,0.35,22440,40,665360
FINNIFTY02JAN2422550CE.NFO,02/01/2024,12:05:17,0.3,0.3,64640,0.35,22440,0,665360
FINNIFTY02JAN2422550CE.NFO,02/01/2024,12:05:24,0.3,0.3,64480,0.35,24240,160,665360
FINNIFTY02JAN2422550CE.NFO,02/01/2024,12:05:31,0.3,0.3,64360,0.35,24240,120,665360
FINNIFTY02JAN2422550CE.NFO,02/01/2024,12:05:37,0.3,0.3,64280,0.35,24240,80,665360
FINNIFTY02JAN2422550CE.NFO,02/01/2024,12:05:43,0.3,0.3,64160,0.35,24240,120,665360
FINNIFTY02JAN2422550CE.NFO,02/01/2024,12:05:54,0.3,0.3,64120,0.35,24240,40,663760
FINNIFTY02JAN2422550CE.NFO,02/01/2024,12:06:00,0.3,0.3,64040,0.35,24240,80,663760
FINNIFTY02JAN2422550CE.NFO,02/01/2024,12:06:39,0.3,0.3,63960,0.35,24240,0,663760
FINNIFTY02JAN2422550CE.NFO,02/01/2024,12:07:06,0.3,0.3,62160,0.35,24120,0,663760
FINNIFTY02JAN2422550CE.NFO,02/01/2024,12:07:12,0.3,0.3,62200,0.35,24120,0,663760
FINNIFTY02JAN2422550CE.NFO,02/01/2024,12:07:24,0.3,0.3,61000,0.35,24120,1200,663760
FINNIFTY02JAN2422550CE.NFO,02/01/2024,12:07:30,0.3,0.3,60600,0.35,24120,400,663760
FINNIFTY02JAN2422550CE.NFO,02/01/2024,12:07:36,0.3,0.3,60040,0.35,24240,560,663760
FINNIFTY02JAN2422550CE.NFO,02/01/2024,12:07:43,0.3,0.3,59320,0.35,24120,0,663760
FINNIFTY02JAN2422550CE.NFO,02/01/2024,12:07:50,0.3,0.3,48520,0.35,24120,10800,663760
FINNIFTY02JAN2422550CE.NFO,02/01/2024,12:07:57,0.3,0.3,35920,0.35,24120,10800,663760
FINNIFTY02JAN2422550CE.NFO,02/01/2024,12:08:03,0.3,0.3,28840,0.35,22680,12600,663760
FINNIFTY02JAN2422550CE.NFO,02/01/2024,12:08:10,0.3,0.3,25640,0.35,22680,12440,663760
FINNIFTY02JAN2422550CE.NFO,02/01/2024,12:08:16,0.3,0.3,19280,0.35,22680,9000,663760
FINNIFTY02JAN2422550CE.NFO,02/01/2024,12:08:22,0.3,0.3,40400,0.35,22800,9000,663760
FINNIFTY02JAN2422550CE.NFO,02/01/2024,12:08:29,0.3,0.3,35080,0.35,22680,5400,663760
FINNIFTY02JAN2422550CE.NFO,02/01/2024,12:08:35,0.3,0.3,3720,0.35,22720,9000,663760
FINNIFTY02JAN2422550CE.NFO,02/01/2024,12:08:42,0.3,0.25,99880,0.35,27920,37320,663760
FINNIFTY02JAN2422550CE.NFO,02/01/2024,12:08:50,0.25,0.25,88880,0.35,20840,27720,583120
FINNIFTY02JAN2422550CE.NFO,02/01/2024,12:08:57,0.3,0.3,1880,0.35,24360,9520,583120
FINNIFTY02JAN2422550CE.NFO,02/01/2024,12:09:03,0.25,0.25,129040,0.35,23240,38240,583120
FINNIFTY02JAN2422550CE.NFO,02/01/2024,12:09:09,0.3,0.3,12960,0.35,23200,7200,583120
FINNIFTY02JAN2422550CE.NFO,02/01/2024,12:09:15,0.3,0.3,12920,0.35,29440,3600,583120
FINNIFTY02JAN2422550CE.NFO,02/01/2024,12:09:21,0.3,0.3,7520,0.35,32520,5400,583120
FINNIFTY02JAN2422550CE.NFO,02/01/2024,12:09:28,0.3,0.3,5600,0.35,30720,7600,583120
FINNIFTY02JAN2422550CE.NFO,02/01/2024,12:09:35,0.25,0.25,142640,0.3,200,23960,583120
FINNIFTY02JAN2422550CE.NFO,02/01/2024,12:09:41,0.25,0.25,132200,0.3,18120,7400,583120
FINNIFTY02JAN2422550CE.NFO,02/01/2024,12:09:47,0.25,0.25,125800,0.3,40120,7400,583120
FINNIFTY02JAN2422550CE.NFO,02/01/2024,12:09:54,0.25,0.25,113400,0.3,61480,12840,583120
FINNIFTY02JAN2422550CE.NFO,02/01/2024,12:10:02,0.25,0.25,106040,0.3,71360,7480,583120
FINNIFTY02JAN2422550CE.NFO,02/01/2024,12:10:10,0.25,0.25,68720,0.3,89880,20040,583120
FINNIFTY02JAN2422550CE.NFO,02/01/2024,12:10:18,0.3,0.25,61840,0.3,89720,9160,583120
FINNIFTY02JAN2422550CE.NFO,02/01/2024,12:10:26,0.25,0.25,56360,0.3,91520,9080,583120
FINNIFTY02JAN2422550CE.NFO,02/01/2024,12:10:34,0.25,0.25,47240,0.3,91000,9600,583120
FINNIFTY02JAN2422550CE.NFO,02/01/2024,12:10:41,0.25,0.25,4320,0.3,73680,29000,583120
FINNIFTY02JAN2422550CE.NFO,02/01/2024,12:10:48,0.3,0.25,31360,0.3,36600,84200,583120
FINNIFTY02JAN2422550CE.NFO,02/01/2024,12:10:56,0.25,0.25,65440,0.3,44560,12640,583120
FINNIFTY02JAN2422550CE.NFO,02/01/2024,12:11:03,0.3,0.25,59240,0.3,46200,9560,583120
FINNIFTY02JAN2422550CE.NFO,02/01/2024,12:11:10,0.3,0.25,34800,0.3,45480,6120,583120
FINNIFTY02JAN2422550CE.NFO,02/01/2024,12:11:17,0.25,0.25,32760,0.3,45480,1800,583120
FINNIFTY02JAN2422550CE.NFO,02/01/2024,12:11:24,0.3,0.25,29160,0.3,52320,3960,583120
FINNIFTY02JAN2422550CE.NFO,02/01/2024,12:11:31,0.3,0.25,29160,0.3,53320,2200,583120
FINNIFTY02JAN2422550CE.NFO,02/01/2024,12:11:39,0.3,0.25,16160,0.3,57400,13160,583120
FINNIFTY02JAN2422550CE.NFO,02/01/2024,12:11:46,0.25,0.2,143280,0.25,17880,37880,399240
FINNIFTY02JAN2422550CE.NFO,02/01/2024,12:11:53,0.25,0.2,189880,0.25,14640,25080,399240
FINNIFTY02JAN2422550CE.NFO,02/01/2024,12:11:53,0.2,0.2,189880,0.25,14640,0,399240
FINNIFTY02JAN2422550CE.NFO,02/01/2024,12:11:59,0.25,0.2,184840,0.25,27640,5840,399240
FINNIFTY02JAN2422550CE.NFO,02/01/2024,12:12:06,0.25,0.2,174600,0.25,50560,14160,399240
FINNIFTY02JAN2422550CE.NFO,02/01/2024,12:12:13,0.25,0.2,146120,0.25,82600,17280,399240
FINNIFTY02JAN2422550CE.NFO,02/01/2024,12:12:20,0.25,0.2,134160,0.25,88320,13360,399240
FINNIFTY02JAN2422550CE.NFO,02/01/2024,12:12:26,0.2,0.2,122040,0.25,101720,14320,399240
FINNIFTY02JAN2422550CE.NFO,02/01/2024,12:12:32,0.25,0.2,114840,0.25,113840,8080,399240
FINNIFTY02JAN2422550CE.NFO,02/01/2024,12:12:39,0.25,0.2,111240,0.25,117120,3640,399240
FINNIFTY02JAN2422550CE.NFO,02/01/2024,12:12:45,0.25,0.2,100440,0.25,134960,12760,399240
FINNIFTY02JAN2422550CE.NFO,02/01/2024,12:12:51,0.25,0.2,96840,0.25,139480,4520,399240
FINNIFTY02JAN2422550CE.NFO,02/01/2024,12:12:58,0.25,0.2,91840,0.25,140120,6520,399240
FINNIFTY02JAN2422550CE.NFO,02/01/2024,12:13:05,0.25,0.2,111640,0.25,139240,2680,399240
FINNIFTY02JAN2422550CE.NFO,02/01/2024,12:13:13,0.2,0.2,127840,0.25,147920,11120,399240
FINNIFTY02JAN2422550CE.NFO,02/01/2024,12:13:20,0.25,0.2,126040,0.25,149480,2040,399240
FINNIFTY02JAN2422550CE.NFO,02/01/2024,12:13:26,0.25,0.2,124240,0.25,148920,2360,399240
FINNIFTY02JAN2422550CE.NFO,02/01/2024,12:13:37,0.25,0.2,125240,0.25,148800,120,399240
FINNIFTY02JAN2422550CE.NFO,02/01/2024,12:13:43,0.2,0.2,123440,0.25,154200,1800,399240
FINNIFTY02JAN2422550CE.NFO,02/01/2024,12:13:50,0.2,0.2,121640,0.25,156000,1800,399240
FINNIFTY02JAN2422550CE.NFO,02/01/2024,12:13:57,0.2,0.2,119960,0.25,159360,5680,399240
FINNIFTY02JAN2422550CE.NFO,02/01/2024,12:14:05,0.2,0.2,116280,0.25,161480,14560,399240
FINNIFTY02JAN2422550CE.NFO,02/01/2024,12:14:12,0.2,0.2,66920,0.25,161520,7320,399240
FINNIFTY02JAN2422550CE.NFO,02/01/2024,12:14:19,0.25,0.2,66920,0.25,155960,160,399240
FINNIFTY02JAN2422550CE.NFO,02/01/2024,12:14:31,0.25,0.2,71320,0.25,155960,0,399240
FINNIFTY02JAN2422550CE.NFO,02/01/2024,12:14:44,0.25,0.2,73120,0.25,155960,0,399240
FINNIFTY02JAN2422550CE.NFO,02/01/2024,12:14:50,0.2,0.2,70320,0.25,155960,1800,347240
FINNIFTY02JAN2422550CE.NFO,02/01/2024,12:14:57,0.2,0.2,68520,0.25,154160,3600,347240
FINNIFTY02JAN2422550CE.NFO,02/01/2024,12:15:02,0.2,0.2,68520,0.25,168560,0,347240
FINNIFTY02JAN2422550CE.NFO,02/01/2024,12:15:08,0.2,0.2,62120,0.25,168560,5400,347240
FINNIFTY02JAN2422550CE.NFO,02/01/2024,12:15:14,0.2,0.2,33320,0.25,154160,1800,347240
FINNIFTY02JAN2422550CE.NFO,02/01/2024,12:15:20,0.2,0.15,209600,0.2,51320,53200,347240
FINNIFTY02JAN2422550CE.NFO,02/01/2024,12:15:20,0.15,0.15,209600,0.2,51320,0,347240
FINNIFTY02JAN2422550CE.NFO,02/01/2024,12:15:26,0.2,0.15,211400,0.2,101360,12240,347240
FINNIFTY02JAN2422550CE.NFO,02/01/2024,12:15:33,0.2,0.15,237800,0.2,128440,6000,347240
FINNIFTY02JAN2422550CE.NFO,02/01/2024,12:15:40,0.2,0.15,230600,0.2,130440,19680,347240
FINNIFTY02JAN2422550CE.NFO,02/01/2024,12:15:48,0.2,0.15,236000,0.2,144280,18760,347240
FINNIFTY02JAN2422550CE.NFO,02/01/2024,12:15:55,0.15,0.15,227400,0.2,146440,12240,347240
FINNIFTY02JAN2422550CE.NFO,02/01/2024,12:16:01,0.15,0.15,202200,0.2,155040,14800,347240
FINNIFTY02JAN2422550CE.NFO,02/01/2024,12:16:09,0.2,0.15,195000,0.2,167240,7600,347240
FINNIFTY02JAN2422550CE.NFO,02/01/2024,12:16:16,0.2,0.15,189600,0.2,173840,7800,347240
FINNIFTY02JAN2422550CE.NFO,02/01/2024,12:16:23,0.2,0.15,187800,0.2,180560,11280,347240
FINNIFTY02JAN2422550CE.NFO,02/01/2024,12:16:30,0.2,0.15,208560,0.2,187280,5880,347240
FINNIFTY02JAN2422550CE.NFO,02/01/2024,12:16:37,0.2,0.15,196680,0.2,198640,13840,347240
FINNIFTY02JAN2422550CE.NFO,02/01/2024,12:16:44,0.15,0.15,191280,0.2,205840,17280,347240
FINNIFTY02JAN2422550CE.NFO,02/01/2024,12:16:51,0.2,0.15,183080,0.2,212200,8400,347240
FINNIFTY02JAN2422550CE.NFO,02/01/2024,12:16:58,0.15,0.15,183800,0.2,210640,13800,347240
FINNIFTY02JAN2422550CE.NFO,02/01/2024,12:17:06,0.2,0.15,194480,0.2,214040,6760,347240
FINNIFTY02JAN2422550CE.NFO,02/01/2024,12:17:15,0.2,0.15,194480,0.2,213840,2000,347240
FINNIFTY02JAN2422550CE.NFO,02/01/2024,12:17:24,0.15,0.15,187280,0.2,211120,10320,347240
FINNIFTY02JAN2422550CE.NFO,02/01/2024,12:17:32,0.2,0.15,186320,0.2,214560,2440,347240
FINNIFTY02JAN2422550CE.NFO,02/01/2024,12:17:41,0.2,0.15,189680,0.2,212920,1880,347240
FINNIFTY02JAN2422550CE.NFO,02/01/2024,12:17:49,0.2,0.15,189680,0.2,211760,1160,306480
FINNIFTY02JAN2422550CE.NFO,02/01/2024,12:17:56,0.2,0.15,191480,0.2,199600,12160,306480
FINNIFTY02JAN2422550CE.NFO,02/01/2024,12:18:04,0.2,0.15,191480,0.2,199080,520,306480
FINNIFTY02JAN2422550CE.NFO,02/01/2024,12:18:12,0.2,0.15,191760,0.2,197920,1160,306480
FINNIFTY02JAN2422550CE.NFO,02/01/2024,12:18:27,0.2,0.15,191760,0.2,197880,40,306480
FINNIFTY02JAN2422550CE.NFO,02/01/2024,12:18:34,0.2,0.15,191760,0.2,197880,0,306480
FINNIFTY02JAN2422550CE.NFO,02/01/2024,12:18:42,0.2,0.15,191760,0.2,197240,640,306480
FINNIFTY02JAN2422550CE.NFO,02/01/2024,12:18:49,0.2,0.15,191760,0.2,194680,2560,306480
FINNIFTY02JAN2422550CE.NFO,02/01/2024,12:18:57,0.2,0.15,165560,0.2,193080,1600,306480
FINNIFTY02JAN2422550CE.NFO,02/01/2024,12:19:04,0.2,0.15,165560,0.2,190680,2400,306480
FINNIFTY02JAN2422550CE.NFO,02/01/2024,12:19:12,0.2,0.15,166520,0.2,192120,360,306480
FINNIFTY02JAN2422550CE.NFO,02/01/2024,12:19:19,0.2,0.15,202520,0.2,192120,0,306480
FINNIFTY02JAN2422550CE.NFO,02/01/2024,12:20:14,0.2,0.15,202520,0.2,191120,1000,306480
FINNIFTY02JAN2422550CE.NFO,02/01/2024,12:20:41,0.2,0.15,204320,0.2,191120,0,306480
FINNIFTY02JAN2422550CE.NFO,02/01/2024,12:20:54,0.2,0.15,202520,0.2,191120,0,306480
FINNIFTY02JAN2422550CE.NFO,02/01/2024,12:21:07,0.2,0.15,204160,0.2,191120,0,306480
FINNIFTY02JAN2422550CE.NFO,02/01/2024,12:21:28,0.2,0.15,202520,0.2,190680,440,305320
FINNIFTY02JAN2422550CE.NFO,02/01/2024,12:21:35,0.2,0.15,202520,0.2,190360,320,305320
FINNIFTY02JAN2422550CE.NFO,02/01/2024,12:21:43,0.2,0.15,202520,0.2,190160,320,305320
FINNIFTY02JAN2422550CE.NFO,02/01/2024,12:21:57,0.2,0.15,204160,0.2,190040,0,305320
FINNIFTY02JAN2422550CE.NFO,02/01/2024,12:22:03,0.2,0.15,202520,0.2,186440,3600,305320
FINNIFTY02JAN2422550CE.NFO,02/01/2024,12:22:11,0.2,0.15,202520,0.2,186360,80,305320
FINNIFTY02JAN2422550CE.NFO,02/01/2024,12:22:19,0.2,0.15,202520,0.2,185480,880,305320
FINNIFTY02JAN2422550CE.NFO,02/01/2024,12:22:26,0.2,0.15,206120,0.2,185160,320,305320
FINNIFTY02JAN2422550CE.NFO,02/01/2024,12:22:33,0.2,0.15,206120,0.2,185200,80,305320
FINNIFTY02JAN2422550CE.NFO,02/01/2024,12:22:39,0.2,0.15,206120,0.2,184840,240,305320
FINNIFTY02JAN2422550CE.NFO,02/01/2024,12:22:46,0.2,0.15,206120,0.2,184440,400,305320
FINNIFTY02JAN2422550CE.NFO,02/01/2024,12:22:52,0.2,0.15,206120,0.2,179360,5080,305320
FINNIFTY02JAN2422550CE.NFO,02/01/2024,12:22:59,0.2,0.2,18000,0.25,74160,179360,305320
FINNIFTY02JAN2422550CE.NFO,02/01/2024,12:23:06,0.2,0.2,118640,0.25,74160,5400,305320
FINNIFTY02JAN2422550CE.NFO,02/01/2024,12:23:13,0.2,0.2,149120,0.25,77320,3600,305320
FINNIFTY02JAN2422550CE.NFO,02/01/2024,12:23:20,0.2,0.2,156720,0.25,77200,0,305320
FINNIFTY02JAN2422550CE.NFO,02/01/2024,12:23:27,0.25,0.2,154920,0.25,75280,1920,305320
FINNIFTY02JAN2422550CE.NFO,02/01/2024,12:23:33,0.2,0.2,149480,0.25,79000,3640,305320
FINNIFTY02JAN2422550CE.NFO,02/01/2024,12:23:46,0.2,0.2,140480,0.25,78880,1800,305320
FINNIFTY02JAN2422550CE.NFO,02/01/2024,12:23:52,0.2,0.2,142280,0.25,78880,1800,303400
FINNIFTY02JAN2422550CE.NFO,02/01/2024,12:23:57,0.2,0.2,142280,0.25,78880,0,303400
FINNIFTY02JAN2422550CE.NFO,02/01/2024,12:24:03,0.2,0.2,140480,0.25,82480,1800,303400
FINNIFTY02JAN2422550CE.NFO,02/01/2024,12:24:10,0.2,0.2,140920,0.25,102920,11720,303400
FINNIFTY02JAN2422550CE.NFO,02/01/2024,12:24:16,0.2,0.2,160720,0.25,104600,7200,303400
FINNIFTY02JAN2422550CE.NFO,02/01/2024,12:24:23,0.25,0.2,160720,0.25,103680,920,303400
FINNIFTY02JAN2422550CE.NFO,02/01/2024,12:24:35,0.2,0.2,160680,0.25,105480,1840,303400
FINNIFTY02JAN2422550CE.NFO,02/01/2024,12:24:41,0.2,0.2,159480,0.25,80280,4800,303400
FINNIFTY02JAN2422550CE.NFO,02/01/2024,12:24:47,0.2,0.2,157680,0.25,87480,1800,303400
FINNIFTY02JAN2422550CE.NFO,02/01/2024,12:24:53,0.2,0.2,152280,0.25,103320,5400,303400
FINNIFTY02JAN2422550CE.NFO,02/01/2024,12:25:00,0.2,0.2,141480,0.25,103320,1800,303400
FINNIFTY02JAN2422550CE.NFO,02/01/2024,12:25:12,0.2,0.2,141480,0.25,103320,0,303400
FINNIFTY02JAN2422550CE.NFO,02/01/2024,12:25:26,0.2,0.2,136440,0.25,103320,4200,303400
FINNIFTY02JAN2422550CE.NFO,02/01/2024,12:25:33,0.2,0.2,134640,0.25,104760,1800,303400
FINNIFTY02JAN2422550CE.NFO,02/01/2024,12:25:40,0.2,0.2,131040,0.25,106560,3600,303400
FINNIFTY02JAN2422550CE.NFO,02/01/2024,12:25:46,0.2,0.2,131040,0.25,108000,0,303400
FINNIFTY02JAN2422550CE.NFO,02/01/2024,12:25:59,0.2,0.2,115560,0.25,108000,1840,303400
FINNIFTY02JAN2422550CE.NFO,02/01/2024,12:26:05,0.2,0.2,110160,0.25,96120,3600,303400
FINNIFTY02JAN2422550CE.NFO,02/01/2024,12:26:12,0.2,0.2,104760,0.25,112320,0,303400
FINNIFTY02JAN2422550CE.NFO,02/01/2024,12:26:18,0.2,0.2,121360,0.25,118440,23400,303400
FINNIFTY02JAN2422550CE.NFO,02/01/2024,12:26:24,0.2,0.2,121360,0.25,118440,0,303400
FINNIFTY02JAN2422550CE.NFO,02/01/2024,12:26:42,0.2,0.2,121360,0.25,118480,0,303400
FINNIFTY02JAN2422550CE.NFO,02/01/2024,12:26:48,0.2,0.2,121360,0.25,119280,0,303400
FINNIFTY02JAN2422550CE.NFO,02/01/2024,12:26:54,0.2,0.2,97560,0.25,123040,7200,296280
FINNIFTY02JAN2422550CE.NFO,02/01/2024,12:27:00,0.2,0.2,88760,0.25,123520,10800,296280
FINNIFTY02JAN2422550CE.NFO,02/01/2024,12:27:06,0.2,0.2,22920,0.25,125200,16280,296280
FINNIFTY02JAN2422550CE.NFO,02/01/2024,12:27:12,0.2,0.2,12000,0.25,129600,9520,296280
FINNIFTY02JAN2422550CE.NFO,02/01/2024,12:27:18,0.2,0.15,272760,0.2,84760,23600,296280
FINNIFTY02JAN2422550CE.NFO,02/01/2024,12:27:24,0.15,0.15,281760,0.2,87360,10960,296280
FINNIFTY02JAN2422550CE.NFO,02/01/2024,12:27:31,0.15,0.15,270320,0.2,110720,13000,296280
FINNIFTY02JAN2422550CE.NFO,02/01/2024,12:27:37,0.15,0.15,261320,0.2,129960,9320,296280
FINNIFTY02JAN2422550CE.NFO,02/01/2024,12:27:42,0.2,0.15,255920,0.2,138400,5960,296280
FINNIFTY02JAN2422550CE.NFO,02/01/2024,12:27:49,0.2,0.15,423400,0.2,145840,10560,296280
FINNIFTY02JAN2422550CE.NFO,02/01/2024,12:27:56,0.2,0.15,415760,0.2,152520,16720,296280
FINNIFTY02JAN2422550CE.NFO,02/01/2024,12:28:03,0.2,0.15,435560,0.2,166520,5800,296280
FINNIFTY02JAN2422550CE.NFO,02/01/2024,12:28:08,0.2,0.15,435640,0.2,166120,2160,296280
FINNIFTY02JAN2422550CE.NFO,02/01/2024,12:28:16,0.2,0.15,434680,0.2,165840,280,296280
FINNIFTY02JAN2422550CE.NFO,02/01/2024,12:28:22,0.2,0.15,434680,0.2,165520,320,296280
FINNIFTY02JAN2422550CE.NFO,02/01/2024,12:28:29,0.2,0.15,433040,0.2,165080,440,296280
FINNIFTY02JAN2422550CE.NFO,02/01/2024,12:28:35,0.2,0.15,436560,0.2,160200,4880,296280
FINNIFTY02JAN2422550CE.NFO,02/01/2024,12:28:41,0.2,0.15,436560,0.2,159040,1160,296280
FINNIFTY02JAN2422550CE.NFO,02/01/2024,12:28:48,0.2,0.15,436560,0.2,158720,320,296280
FINNIFTY02JAN2422550CE.NFO,02/01/2024,12:28:53,0.2,0.15,436560,0.2,162000,320,296280
FINNIFTY02JAN2422550CE.NFO,02/01/2024,12:28:59,0.2,0.15,441960,0.2,159400,2600,296280
FINNIFTY02JAN2422550CE.NFO,02/01/2024,12:29:05,0.2,0.15,449160,0.2,159000,400,296280
FINNIFTY02JAN2422550CE.NFO,02/01/2024,12:29:12,0.2,0.15,450960,0.2,146960,13960,296280
FINNIFTY02JAN2422550CE.NFO,02/01/2024,12:29:25,0.2,0.15,450960,0.2,145560,1280,296280
FINNIFTY02JAN2422550CE.NFO,02/01/2024,12:29:31,0.2,0.15,454560,0.2,144200,1360,296280
FINNIFTY02JAN2422550CE.NFO,02/01/2024,12:29:37,0.2,0.15,454560,0.2,136760,7440,296280
FINNIFTY02JAN2422550CE.NFO,02/01/2024,12:29:43,0.2,0.15,454560,0.2,134440,2320,296280
FINNIFTY02JAN2422550CE.NFO,02/01/2024,12:29:49,0.2,0.15,454560,0.2,134320,120,284640
FINNIFTY02JAN2422550CE.NFO,02/01/2024,12:29:55,0.2,0.15,454560,0.2,134160,160,284640
FINNIFTY02JAN2422550CE.NFO,02/01/2024,12:30:07,0.2,0.15,454560,0.2,133960,200,284640
FINNIFTY02JAN2422550CE.NFO,02/01/2024,12:30:13,0.2,0.15,454560,0.2,133040,920,284640
FINNIFTY02JAN2422550CE.NFO,02/01/2024,12:30:54,0.2,0.15,458160,0.2,133040,0,284640
FINNIFTY02JAN2422550CE.NFO,02/01/2024,12:31:00,0.2,0.15,463560,0.2,132320,720,284640
FINNIFTY02JAN2422550CE.NFO,02/01/2024,12:31:13,0.2,0.15,463560,0.2,120320,12000,284640
FINNIFTY02JAN2422550CE.NFO,02/01/2024,12:31:19,0.2,0.15,483560,0.2,122120,0,284640
FINNIFTY02JAN2422550CE.NFO,02/01/2024,12:32:12,0.2,0.15,483400,0.2,122120,0,284640
FINNIFTY02JAN2422550CE.NFO,02/01/2024,12:32:18,0.2,0.15,483400,0.2,123840,80,284640
FINNIFTY02JAN2422550CE.NFO,02/01/2024,12:32:24,0.2,0.15,733400,0.2,123840,0,284640
FINNIFTY02JAN2422550CE.NFO,02/01/2024,12:32:35,0.2,0.15,733400,0.2,122040,1800,284640
FINNIFTY02JAN2422550CE.NFO,02/01/2024,12:32:41,0.2,0.15,733400,0.2,119720,2320,284640
FINNIFTY02JAN2422550CE.NFO,02/01/2024,12:32:52,0.2,0.15,733400,0.2,117920,1800,284640
FINNIFTY02JAN2422550CE.NFO,02/01/2024,12:33:03,0.2,0.15,742040,0.2,116120,1800,284640
FINNIFTY02JAN2422550CE.NFO,02/01/2024,12:33:09,0.2,0.15,746360,0.2,114280,1840,284640
FINNIFTY02JAN2422550CE.NFO,02/01/2024,12:33:15,0.2,0.15,746360,0.2,114280,0,284640
FINNIFTY02JAN2422550CE.NFO,02/01/2024,12:33:32,0.2,0.15,733400,0.2,112280,2000,284640
FINNIFTY02JAN2422550CE.NFO,02/01/2024,12:33:50,0.2,0.15,733400,0.2,110480,1800,284640
FINNIFTY02JAN2422550CE.NFO,02/01/2024,12:34:14,0.2,0.15,788800,0.2,108640,1840,284640
FINNIFTY02JAN2422550CE.NFO,02/01/2024,12:34:20,0.2,0.15,797800,0.2,108600,40,284640
FINNIFTY02JAN2422550CE.NFO,02/01/2024,12:34:26,0.2,0.15,806800,0.2,92400,0,284640
FINNIFTY02JAN2422550CE.NFO,02/01/2024,12:34:32,0.2,0.15,808600,0.2,99600,0,284640
FINNIFTY02JAN2422550CE.NFO,02/01/2024,12:34:37,0.2,0.15,821200,0.2,99600,0,284640
FINNIFTY02JAN2422550CE.NFO,02/01/2024,12:34:44,0.2,0.15,823000,0.2,99600,0,284640
FINNIFTY02JAN2422550CE.NFO,02/01/2024,12:34:51,0.2,0.15,817520,0.2,95840,3840,284640
FINNIFTY02JAN2422550CE.NFO,02/01/2024,12:34:57,0.2,0.15,817520,0.2,86440,2200,284640
FINNIFTY02JAN2422550CE.NFO,02/01/2024,12:35:04,0.2,0.2,1640,0.25,109520,78720,284640
FINNIFTY02JAN2422550CE.NFO,02/01/2024,12:35:11,0.2,0.2,100440,0.25,126520,0,284640
FINNIFTY02JAN2422550CE.NFO,02/01/2024,12:35:18,0.2,0.2,88920,0.25,136600,0,284640
FINNIFTY02JAN2422550CE.NFO,02/01/2024,12:35:25,0.2,0.15,825480,0.2,69560,34400,284640
FINNIFTY02JAN2422550CE.NFO,02/01/2024,12:35:31,0.2,0.15,829080,0.2,79960,400,284640
FINNIFTY02JAN2422550CE.NFO,02/01/2024,12:35:37,0.2,0.15,829200,0.2,79560,400,284640
FINNIFTY02JAN2422550CE.NFO,02/01/2024,12:35:44,0.2,0.15,805440,0.2,79120,440,284640
FINNIFTY02JAN2422550CE.NFO,02/01/2024,12:35:51,0.2,0.15,805440,0.2,78720,400,282000
FINNIFTY02JAN2422550CE.NFO,02/01/2024,12:35:58,0.2,0.15,805440,0.2,78280,440,282000
FINNIFTY02JAN2422550CE.NFO,02/01/2024,12:36:04,0.2,0.15,805440,0.2,77880,280,282000
FINNIFTY02JAN2422550CE.NFO,02/01/2024,12:36:11,0.2,0.15,818040,0.2,77880,0,282000
FINNIFTY02JAN2422550CE.NFO,02/01/2024,12:36:17,0.2,0.15,505440,0.2,77880,0,282000
FINNIFTY02JAN2422550CE.NFO,02/01/2024,12:36:23,0.2,0.15,527240,0.2,77440,440,282000
FINNIFTY02JAN2422550CE.NFO,02/01/2024,12:36:29,0.2,0.15,554240,0.2,77000,440,282000
FINNIFTY02JAN2422550CE.NFO,02/01/2024,12:36:36,0.2,0.15,561440,0.2,76680,320,282000
FINNIFTY02JAN2422550CE.NFO,02/01/2024,12:36:43,0.2,0.15,565640,0.2,76680,0,282000
FINNIFTY02JAN2422550CE.NFO,02/01/2024,12:36:50,0.2,0.15,561440,0.2,76680,0,282000
FINNIFTY02JAN2422550CE.NFO,02/01/2024,12:37:02,0.2,0.15,561440,0.2,76360,320,282000
FINNIFTY02JAN2422550CE.NFO,02/01/2024,12:37:09,0.2,0.15,561440,0.2,75840,520,282000
FINNIFTY02JAN2422550CE.NFO,02/01/2024,12:37:15,0.15,0.15,562160,0.2,78000,3960,282000
FINNIFTY02JAN2422550CE.NFO,02/01/2024,12:37:22,0.2,0.15,559800,0.2,86240,3120,282000
FINNIFTY02JAN2422550CE.NFO,02/01/2024,12:37:28,0.15,0.15,559640,0.2,77920,12520,282000
FINNIFTY02JAN2422550CE.NFO,02/01/2024,12:37:34,0.2,0.15,559240,0.2,77800,520,282000
FINNIFTY02JAN2422550CE.NFO,02/01/2024,12:37:40,0.2,0.15,561040,0.2,75520,3720,282000
FINNIFTY02JAN2422550CE.NFO,02/01/2024,12:37:46,0.2,0.15,561040,0.2,75320,320,282000
FINNIFTY02JAN2422550CE.NFO,02/01/2024,12:37:51,0.2,0.15,561040,0.2,73720,1600,282000
FINNIFTY02JAN2422550CE.NFO,02/01/2024,12:37:57,0.2,0.15,561040,0.2,72880,840,282000
FINNIFTY02JAN2422550CE.NFO,02/01/2024,12:38:03,0.2,0.15,561040,0.2,72480,400,282000
FINNIFTY02JAN2422550CE.NFO,02/01/2024,12:38:15,0.2,0.15,540720,0.2,56440,1640,282000
FINNIFTY02JAN2422550CE.NFO,02/01/2024,12:38:21,0.2,0.15,547960,0.2,63640,0,282000
FINNIFTY02JAN2422550CE.NFO,02/01/2024,12:38:33,0.2,0.15,547960,0.2,63360,280,282000
FINNIFTY02JAN2422550CE.NFO,02/01/2024,12:38:39,0.2,0.15,547960,0.2,65720,3040,282000
FINNIFTY02JAN2422550CE.NFO,02/01/2024,12:38:44,0.2,0.15,547960,0.2,65400,320,282000
FINNIFTY02JAN2422550CE.NFO,02/01/2024,12:38:50,0.2,0.15,546160,0.2,65480,40,282000
FINNIFTY02JAN2422550CE.NFO,02/01/2024,12:38:54,0.2,0.15,546160,0.2,65080,280,278240
FINNIFTY02JAN2422550CE.NFO,02/01/2024,12:38:59,0.2,0.15,546160,0.2,65000,80,278240
FINNIFTY02JAN2422550CE.NFO,02/01/2024,12:39:05,0.2,0.15,546160,0.2,63200,1800,278240
FINNIFTY02JAN2422550CE.NFO,02/01/2024,12:39:10,0.2,0.15,546160,0.2,65000,1800,278240
FINNIFTY02JAN2422550CE.NFO,02/01/2024,12:39:16,0.2,0.15,546160,0.2,61400,3600,278240
FINNIFTY02JAN2422550CE.NFO,02/01/2024,12:39:20,0.2,0.15,546160,0.2,61080,320,278240
FINNIFTY02JAN2422550CE.NFO,02/01/2024,12:39:25,0.2,0.15,541840,0.2,62680,200,278240
FINNIFTY02JAN2422550CE.NFO,02/01/2024,12:39:30,0.2,0.15,541840,0.2,62440,240,278240
FINNIFTY02JAN2422550CE.NFO,02/01/2024,12:39:36,0.2,0.15,702720,0.2,63520,0,278240
FINNIFTY02JAN2422550CE.NFO,02/01/2024,12:39:59,0.2,0.15,552720,0.2,63520,0,278240
FINNIFTY02JAN2422550CE.NFO,02/01/2024,12:40:13,0.2,0.15,552720,0.2,63760,0,278240
FINNIFTY02JAN2422550CE.NFO,02/01/2024,12:40:19,0.2,0.15,552760,0.2,63760,0,278240
FINNIFTY02JAN2422550CE.NFO,02/01/2024,12:40:37,0.2,0.15,554240,0.2,63760,0,278240
FINNIFTY02JAN2422550CE.NFO,02/01/2024,12:40:43,0.2,0.15,534240,0.2,63760,0,278240
FINNIFTY02JAN2422550CE.NFO,02/01/2024,12:41:11,0.2,0.15,532760,0.2,63760,0,278240
FINNIFTY02JAN2422550CE.NFO,02/01/2024,12:42:57,0.2,0.15,532600,0.2,63760,0,278240
FINNIFTY02JAN2422550CE.NFO,02/01/2024,12:43:20,0.2,0.15,532280,0.2,63760,0,278240
FINNIFTY02JAN2422550CE.NFO,02/01/2024,12:43:26,0.2,0.15,530480,0.2,63760,0,278240
FINNIFTY02JAN2422550CE.NFO,02/01/2024,12:43:32,0.2,0.15,528680,0.2,63760,0,278240
FINNIFTY02JAN2422550CE.NFO,02/01/2024,12:44:01,0.2,0.15,528680,0.2,58640,5120,271040
FINNIFTY02JAN2422550CE.NFO,02/01/2024,12:44:19,0.2,0.15,527200,0.2,46800,11960,271040
FINNIFTY02JAN2422550CE.NFO,02/01/2024,12:44:25,0.2,0.15,527160,0.2,40520,6200,271040
FINNIFTY02JAN2422550CE.NFO,02/01/2024,12:44:56,0.2,0.15,521760,0.2,40520,0,271040
FINNIFTY02JAN2422550CE.NFO,02/01/2024,12:45:24,0.2,0.15,521760,0.2,39040,1480,271040
FINNIFTY02JAN2422550CE.NFO,02/01/2024,12:46:14,0.2,0.15,512760,0.2,39040,0,271040
FINNIFTY02JAN2422550CE.NFO,02/01/2024,12:47:47,0.2,0.15,512760,0.2,41000,0,271040
FINNIFTY02JAN2422550CE.NFO,02/01/2024,12:47:53,0.2,0.15,509160,0.2,41000,0,271040
FINNIFTY02JAN2422550CE.NFO,02/01/2024,12:47:59,0.2,0.15,336360,0.2,41000,0,271040
FINNIFTY02JAN2422550CE.NFO,02/01/2024,12:48:11,0.2,0.15,336360,0.2,37360,0,271040
FINNIFTY02JAN2422550CE.NFO,02/01/2024,12:48:57,0.2,0.15,336360,0.2,37200,160,269560
FINNIFTY02JAN2422550CE.NFO,02/01/2024,12:49:24,0.2,0.15,336360,0.2,37200,0,269560
FINNIFTY02JAN2422550CE.NFO,02/01/2024,12:49:31,0.2,0.15,337360,0.2,37200,0,269560
FINNIFTY02JAN2422550CE.NFO,02/01/2024,12:50:26,0.2,0.15,337360,0.2,36280,920,269560
FINNIFTY02JAN2422550CE.NFO,02/01/2024,12:50:38,0.15,0.15,331400,0.2,36280,5960,269560
FINNIFTY02JAN2422550CE.NFO,02/01/2024,12:51:01,0.15,0.15,331400,0.2,42040,0,269560
FINNIFTY02JAN2422550CE.NFO,02/01/2024,12:51:13,0.15,0.15,330840,0.2,42040,560,269560
FINNIFTY02JAN2422550CE.NFO,02/01/2024,12:51:38,0.15,0.15,330840,0.2,42040,0,269560
FINNIFTY02JAN2422550CE.NFO,02/01/2024,12:51:48,0.15,0.15,316440,0.2,41920,0,269560
FINNIFTY02JAN2422550CE.NFO,02/01/2024,12:52:12,0.15,0.15,316280,0.2,41920,160,269560
FINNIFTY02JAN2422550CE.NFO,02/01/2024,12:52:17,0.15,0.15,316280,0.2,41920,0,269560
FINNIFTY02JAN2422550CE.NFO,02/01/2024,12:52:52,0.15,0.15,316240,0.2,41920,40,269560
FINNIFTY02JAN2422550CE.NFO,02/01/2024,12:52:57,0.15,0.15,316240,0.2,41920,0,269560
FINNIFTY02JAN2422550CE.NFO,02/01/2024,12:53:02,0.15,0.15,313360,0.2,41920,0,269560
FINNIFTY02JAN2422550CE.NFO,02/01/2024,12:53:06,0.15,0.15,293760,0.2,52720,13840,269560
FINNIFTY02JAN2422550CE.NFO,02/01/2024,12:53:11,0.15,0.15,293760,0.2,58480,0,269560
FINNIFTY02JAN2422550CE.NFO,02/01/2024,12:53:16,0.15,0.15,291960,0.2,58480,0,269560
FINNIFTY02JAN2422550CE.NFO,02/01/2024,12:53:27,0.15,0.15,284680,0.2,58480,2600,269560
FINNIFTY02JAN2422550CE.NFO,02/01/2024,12:53:33,0.15,0.15,263120,0.2,62800,1560,269560
FINNIFTY02JAN2422550CE.NFO,02/01/2024,12:53:37,0.15,0.15,248320,0.2,64600,400,269560
FINNIFTY02JAN2422550CE.NFO,02/01/2024,12:53:58,0.2,0.15,248320,0.2,64080,520,270640
FINNIFTY02JAN2422550CE.NFO,02/01/2024,12:54:17,0.2,0.15,224920,0.2,64880,0,270640
FINNIFTY02JAN2422550CE.NFO,02/01/2024,12:54:21,0.2,0.15,224920,0.2,65080,0,270640
FINNIFTY02JAN2422550CE.NFO,02/01/2024,12:54:26,0.2,0.15,224920,0.2,65400,0,270640
FINNIFTY02JAN2422550CE.NFO,02/01/2024,12:54:44,0.2,0.15,223120,0.2,65400,0,270640
FINNIFTY02JAN2422550CE.NFO,02/01/2024,12:54:52,0.2,0.15,223120,0.2,63480,0,270640
FINNIFTY02JAN2422550CE.NFO,02/01/2024,12:54:56,0.2,0.15,223120,0.2,65280,0,270640
FINNIFTY02JAN2422550CE.NFO,02/01/2024,12:55:18,0.2,0.15,223120,0.2,63480,0,270640
FINNIFTY02JAN2422550CE.NFO,02/01/2024,12:55:23,0.2,0.15,223120,0.2,65280,0,270640
FINNIFTY02JAN2422550CE.NFO,02/01/2024,12:55:28,0.2,0.15,223120,0.2,64880,0,270640
FINNIFTY02JAN2422550CE.NFO,02/01/2024,12:55:40,0.15,0.15,181440,0.2,63080,80,270640
FINNIFTY02JAN2422550CE.NFO,02/01/2024,12:55:46,0.15,0.15,178560,0.2,63080,0,270640
FINNIFTY02JAN2422550CE.NFO,02/01/2024,12:55:51,0.15,0.15,158760,0.2,63080,0,270640
FINNIFTY02JAN2422550CE.NFO,02/01/2024,12:55:55,0.2,0.15,158760,0.2,62040,1040,270640
FINNIFTY02JAN2422550CE.NFO,02/01/2024,12:56:00,0.2,0.15,158760,0.2,62040,0,270640
FINNIFTY02JAN2422550CE.NFO,02/01/2024,12:56:16,0.2,0.15,158760,0.2,60080,880,270640
FINNIFTY02JAN2422550CE.NFO,02/01/2024,12:56:21,0.15,0.15,143320,0.2,63680,15440,270640
FINNIFTY02JAN2422550CE.NFO,02/01/2024,12:56:26,0.15,0.15,143320,0.2,65960,0,270640
FINNIFTY02JAN2422550CE.NFO,02/01/2024,12:56:31,0.15,0.15,129120,0.2,90080,5200,270640
FINNIFTY02JAN2422550CE.NFO,02/01/2024,12:56:37,0.15,0.15,120120,0.2,115640,0,270640
FINNIFTY02JAN2422550CE.NFO,02/01/2024,12:56:41,0.15,0.15,120120,0.2,113840,0,270640
FINNIFTY02JAN2422550CE.NFO,02/01/2024,12:56:47,0.15,0.15,120120,0.2,115640,0,270640
FINNIFTY02JAN2422550CE.NFO,02/01/2024,12:56:51,0.15,0.15,99120,0.2,116240,0,270640
FINNIFTY02JAN2422550CE.NFO,02/01/2024,12:56:57,0.15,0.15,95520,0.2,116240,0,270640
FINNIFTY02JAN2422550CE.NFO,02/01/2024,12:57:07,0.15,0.15,81120,0.2,115640,0,270640
FINNIFTY02JAN2422550CE.NFO,02/01/2024,12:57:12,0.15,0.15,81120,0.2,115680,0,270640
FINNIFTY02JAN2422550CE.NFO,02/01/2024,12:57:17,0.15,0.15,72120,0.2,115680,0,270640
FINNIFTY02JAN2422550CE.NFO,02/01/2024,12:57:43,0.15,0.15,72000,0.2,115680,0,270640
FINNIFTY02JAN2422550CE.NFO,02/01/2024,12:58:02,0.15,0.15,73800,0.2,115560,0,270640
FINNIFTY02JAN2422550CE.NFO,02/01/2024,12:58:07,0.15,0.15,72000,0.2,115560,0,270640
FINNIFTY02JAN2422550CE.NFO,02/01/2024,12:58:22,0.15,0.15,72000,0.2,116120,0,270640
FINNIFTY02JAN2422550CE.NFO,02/01/2024,12:58:45,0.2,0.15,72000,0.2,116080,40,268200
FINNIFTY02JAN2422550CE.NFO,02/01/2024,12:58:56,0.2,0.15,72080,0.2,116080,0,268200
FINNIFTY02JAN2422550CE.NFO,02/01/2024,12:59:02,0.2,0.15,72080,0.2,115880,0,268200
FINNIFTY02JAN2422550CE.NFO,02/01/2024,12:59:14,0.15,0.15,68120,0.2,116000,3960,268200
FINNIFTY02JAN2422550CE.NFO,02/01/2024,12:59:19,0.15,0.15,66160,0.2,116000,1840,268200
FINNIFTY02JAN2422550CE.NFO,02/01/2024,12:59:25,0.15,0.15,65960,0.2,116000,200,268200
FINNIFTY02JAN2422550CE.NFO,02/01/2024,12:59:35,0.2,0.15,65960,0.2,114520,1360,268200
FINNIFTY02JAN2422550CE.NFO,02/01/2024,12:59:49,0.2,0.15,65960,0.2,114520,0,268200
FINNIFTY02JAN2422550CE.NFO,02/01/2024,12:59:54,0.15,0.15,67040,0.2,114040,520,266840
FINNIFTY02JAN2422550CE.NFO,02/01/2024,13:00:04,0.15,0.15,59920,0.2,114040,7120,266840
FINNIFTY02JAN2422550CE.NFO,02/01/2024,13:00:09,0.15,0.15,58320,0.2,114040,1400,266840
FINNIFTY02JAN2422550CE.NFO,02/01/2024,13:00:14,0.15,0.15,58320,0.2,114280,0,266840
FINNIFTY02JAN2422550CE.NFO,02/01/2024,13:00:20,0.15,0.15,41920,0.2,102760,12320,266840
