Ticker,Date,Time,LTP,BuyPrice,BuyQty,SellPrice,SellQty,LTQ,OpenInterest
FINNIFTY02JAN2421600CE.NFO,02/01/2024,09:15:00,4,5.05,240,5.3,40,14680,0
FINNIFTY02JAN2421600CE.NFO,02/01/2024,09:15:00,4,5.05,240,5.3,40,0,0
FINNIFTY02JAN2421600CE.NFO,02/01/2024,09:15:00,5.6,5.05,240,5.3,40,0,0
FINNIFTY02JAN2421600CE.NFO,02/01/2024,09:15:00,3.5,5.05,240,5.3,40,0,0
FINNIFTY02JAN2421600CE.NFO,02/01/2024,09:15:01,4.65,4.65,400,4.9,1760,49960,3891600
FINNIFTY02JAN2421600CE.NFO,02/01/2024,09:15:01,5.8,4.65,400,4.9,1760,0,3891600
FINNIFTY02JAN2421600CE.NFO,02/01/2024,09:15:03,3.65,3.55,240,3.65,320,136560,3891600
FINNIFTY02JAN2421600CE.NFO,02/01/2024,09:15:03,3.25,3.55,240,3.65,320,0,3891600
FINNIFTY02JAN2421600CE.NFO,02/01/2024,09:15:04,4.25,4.2,880,4.25,440,107360,3891600
FINNIFTY02JAN2421600CE.NFO,02/01/2024,09:15:04,2.95,4.2,880,4.25,440,0,3891600
FINNIFTY02JAN2421600CE.NFO,02/01/2024,09:15:06,4.15,4.1,1400,4.15,200,115080,3891600
FINNIFTY02JAN2421600CE.NFO,02/01/2024,09:15:08,4.3,4.2,3080,4.3,1880,155720,3891600
FINNIFTY02JAN2421600CE.NFO,02/01/2024,09:15:09,3.85,3.8,3920,3.85,2280,123720,3891600
FINNIFTY02JAN2421600CE.NFO,02/01/2024,09:15:11,3.5,3.4,3280,3.5,3200,352160,3891600
FINNIFTY02JAN2421600CE.NFO,02/01/2024,09:15:13,3.4,3.35,3120,3.4,640,146040,3891600
FINNIFTY02JAN2421600CE.NFO,02/01/2024,09:15:14,3.25,3.25,2760,3.3,4040,75680,3891600
FINNIFTY02JAN2421600CE.NFO,02/01/2024,09:15:16,3.05,3,3680,3.05,1080,293720,3891600
FINNIFTY02JAN2421600CE.NFO,02/01/2024,09:15:16,2.75,3,3680,3.05,1080,0,3891600
FINNIFTY02JAN2421600CE.NFO,02/01/2024,09:15:18,3.2,3.15,4360,3.25,9120,183120,3891600
FINNIFTY02JAN2421600CE.NFO,02/01/2024,09:15:19,3.15,3.1,6360,3.15,4360,157520,3891600
FINNIFTY02JAN2421600CE.NFO,02/01/2024,09:15:21,2.95,2.9,6840,2.95,4640,93120,3891600
FINNIFTY02JAN2421600CE.NFO,02/01/2024,09:15:22,2.95,2.9,12360,2.95,920,90760,3891600
FINNIFTY02JAN2421600CE.NFO,02/01/2024,09:15:24,2.85,2.8,7840,2.85,2480,114920,3891600
FINNIFTY02JAN2421600CE.NFO,02/01/2024,09:15:26,2.85,2.85,5120,2.9,9360,82120,3891600
FINNIFTY02JAN2421600CE.NFO,02/01/2024,09:15:27,3.05,3,6080,3.05,6720,172560,3891600
FINNIFTY02JAN2421600CE.NFO,02/01/2024,09:15:27,2.65,3,6080,3.05,6720,0,3891600
FINNIFTY02JAN2421600CE.NFO,02/01/2024,09:15:29,3,3,9200,3.05,9600,96480,3891600
FINNIFTY02JAN2421600CE.NFO,02/01/2024,09:15:31,2.95,2.9,7600,2.95,8440,136320,3891600
FINNIFTY02JAN2421600CE.NFO,02/01/2024,09:15:32,2.75,2.75,7160,2.8,8600,108400,3891600
FINNIFTY02JAN2421600CE.NFO,02/01/2024,09:15:34,2.85,2.8,15480,2.85,3680,91160,3891600
FINNIFTY02JAN2421600CE.NFO,02/01/2024,09:15:35,2.95,2.9,13400,2.95,4480,74800,3891600
FINNIFTY02JAN2421600CE.NFO,02/01/2024,09:15:37,3.05,3.05,13600,3.1,8440,132920,3891600
FINNIFTY02JAN2421600CE.NFO,02/01/2024,09:15:39,3.2,3.1,17160,3.2,17480,106160,3891600
FINNIFTY02JAN2421600CE.NFO,02/01/2024,09:15:40,3.15,3.15,7680,3.2,12640,182960,3891600
FINNIFTY02JAN2421600CE.NFO,02/01/2024,09:15:42,3.2,3.15,20000,3.2,8360,142360,3891600
FINNIFTY02JAN2421600CE.NFO,02/01/2024,09:15:44,3.35,3.3,560,3.35,18240,94640,3891600
FINNIFTY02JAN2421600CE.NFO,02/01/2024,09:15:45,3.25,3.25,12360,3.3,10280,78720,3891600
FINNIFTY02JAN2421600CE.NFO,02/01/2024,09:15:47,3.2,3.2,11400,3.25,16200,121600,3891600
FINNIFTY02JAN2421600CE.NFO,02/01/2024,09:15:48,3.2,3.15,16240,3.2,11120,128760,3891600
FINNIFTY02JAN2421600CE.NFO,02/01/2024,09:15:50,3.25,3.2,18240,3.25,9400,93600,3891600
FINNIFTY02JAN2421600CE.NFO,02/01/2024,09:15:52,3.4,3.35,16000,3.4,2960,149920,3891600
FINNIFTY02JAN2421600CE.NFO,02/01/2024,09:15:53,3.2,3.15,11040,3.2,19480,110760,3891600
FINNIFTY02JAN2421600CE.NFO,02/01/2024,09:15:55,3.3,3.25,9360,3.3,13240,97680,3891600
FINNIFTY02JAN2421600CE.NFO,02/01/2024,09:15:57,3.15,3.1,6320,3.15,25120,80160,3891600
FINNIFTY02JAN2421600CE.NFO,02/01/2024,09:15:58,3.05,3,37640,3.05,21760,51760,3891600
FINNIFTY02JAN2421600CE.NFO,02/01/2024,09:16:00,2.95,2.95,29520,3,36680,100520,3891600
FINNIFTY02JAN2421600CE.NFO,02/01/2024,09:16:01,2.7,2.7,18240,2.75,31920,160160,3891600
FINNIFTY02JAN2421600CE.NFO,02/01/2024,09:16:03,2.9,2.85,19720,2.9,42080,180680,3891600
FINNIFTY02JAN2421600CE.NFO,02/01/2024,09:16:05,2.95,2.9,16200,2.95,18560,122880,3891600
FINNIFTY02JAN2421600CE.NFO,02/01/2024,09:16:06,3,3,31160,3.05,34360,146920,3891600
FINNIFTY02JAN2421600CE.NFO,02/01/2024,09:16:08,3.1,3.1,40840,3.15,5680,180080,3891600
FINNIFTY02JAN2421600CE.NFO,02/01/2024,09:16:10,2.9,2.85,27640,2.9,18760,141440,3891600
FINNIFTY02JAN2421600CE.NFO,02/01/2024,09:16:11,3.1,3.1,1880,3.15,50480,71680,3891600
FINNIFTY02JAN2421600CE.NFO,02/01/2024,09:16:13,3.15,3.15,18840,3.2,28080,164120,3891600
FINNIFTY02JAN2421600CE.NFO,02/01/2024,09:16:14,3.15,3.15,29640,3.2,20360,101200,3891600
FINNIFTY02JAN2421600CE.NFO,02/01/2024,09:16:16,3.05,3,49800,3.05,440,123480,3891600
FINNIFTY02JAN2421600CE.NFO,02/01/2024,09:16:18,3.05,3.05,10880,3.1,26280,34560,3891600
FINNIFTY02JAN2421600CE.NFO,02/01/2024,09:16:19,3.1,3.05,20040,3.1,29200,31400,3891600
FINNIFTY02JAN2421600CE.NFO,02/01/2024,09:16:21,3.1,3.05,18960,3.1,20480,74920,3891600
FINNIFTY02JAN2421600CE.NFO,02/01/2024,09:16:22,3,2.95,38880,3,8960,85880,3891600
FINNIFTY02JAN2421600CE.NFO,02/01/2024,09:16:24,2.9,2.85,40440,2.9,33640,74000,3891600
FINNIFTY02JAN2421600CE.NFO,02/01/2024,09:16:26,2.9,2.85,21000,2.9,23760,63040,3891600
FINNIFTY02JAN2421600CE.NFO,02/01/2024,09:16:27,2.95,2.9,21280,2.95,31680,59000,3891600
FINNIFTY02JAN2421600CE.NFO,02/01/2024,09:16:29,2.9,2.9,33480,2.95,24040,43520,3891600
FINNIFTY02JAN2421600CE.NFO,02/01/2024,09:16:30,2.9,2.9,32640,2.95,24800,91880,3891600
FINNIFTY02JAN2421600CE.NFO,02/01/2024,09:16:32,3,2.95,3480,3,45000,141200,3891600
FINNIFTY02JAN2421600CE.NFO,02/01/2024,09:16:34,2.8,2.8,28320,2.85,20600,136440,3891600
FINNIFTY02JAN2421600CE.NFO,02/01/2024,09:16:35,2.9,2.85,39760,2.9,11520,42440,3891600
FINNIFTY02JAN2421600CE.NFO,02/01/2024,09:16:37,2.8,2.8,47680,2.85,2640,87360,3891600
FINNIFTY02JAN2421600CE.NFO,02/01/2024,09:16:39,2.85,2.85,10440,2.9,47880,81280,3891600
FINNIFTY02JAN2421600CE.NFO,02/01/2024,09:16:40,2.8,2.8,36640,2.85,32160,68240,3891600
FINNIFTY02JAN2421600CE.NFO,02/01/2024,09:16:42,2.85,2.8,43760,2.85,29080,47880,3891600
FINNIFTY02JAN2421600CE.NFO,02/01/2024,09:16:43,2.85,2.8,13960,2.85,44840,107160,3891600
FINNIFTY02JAN2421600CE.NFO,02/01/2024,09:16:45,2.95,2.9,38000,2.95,1800,111840,3891600
FINNIFTY02JAN2421600CE.NFO,02/01/2024,09:16:46,2.9,2.85,48080,2.9,33120,56120,3891600
FINNIFTY02JAN2421600CE.NFO,02/01/2024,09:16:48,3,2.95,25760,3,49880,124240,3891600
FINNIFTY02JAN2421600CE.NFO,02/01/2024,09:16:50,3.05,3,12960,3.05,44360,135560,3891600
FINNIFTY02JAN2421600CE.NFO,02/01/2024,09:16:51,3,2.95,53160,3,23880,98720,3891600
FINNIFTY02JAN2421600CE.NFO,02/01/2024,09:16:53,2.85,2.8,5720,2.85,46400,172600,3891600
FINNIFTY02JAN2421600CE.NFO,02/01/2024,09:16:54,2.75,2.7,35240,2.75,45720,111240,3891600
FINNIFTY02JAN2421600CE.NFO,02/01/2024,09:16:56,2.75,2.7,1680,2.75,54040,136800,3891600
FINNIFTY02JAN2421600CE.NFO,02/01/2024,09:16:58,2.8,2.75,5920,2.8,64440,92800,3891600
FINNIFTY02JAN2421600CE.NFO,02/01/2024,09:16:59,2.6,2.6,64480,2.65,39280,84120,3891600
FINNIFTY02JAN2421600CE.NFO,02/01/2024,09:16:59,2.6,2.6,64480,2.65,39280,0,3891600
FINNIFTY02JAN2421600CE.NFO,02/01/2024,09:17:01,2.6,2.6,48080,2.65,19760,294960,3891600
FINNIFTY02JAN2421600CE.NFO,02/01/2024,09:17:01,2.5,2.6,48080,2.65,19760,0,3891600
FINNIFTY02JAN2421600CE.NFO,02/01/2024,09:17:03,2.65,2.65,7520,2.7,46040,76640,3891600
FINNIFTY02JAN2421600CE.NFO,02/01/2024,09:17:04,2.65,2.55,68520,2.65,66800,160800,3891600
FINNIFTY02JAN2421600CE.NFO,02/01/2024,09:17:06,2.6,2.6,56320,2.65,3240,98240,3891600
FINNIFTY02JAN2421600CE.NFO,02/01/2024,09:17:07,2.65,2.65,63040,2.7,9040,70520,3891600
FINNIFTY02JAN2421600CE.NFO,02/01/2024,09:17:09,2.75,2.7,36120,2.75,51840,95800,3891600
FINNIFTY02JAN2421600CE.NFO,02/01/2024,09:17:11,2.7,2.7,53760,2.75,43560,132040,3891600
FINNIFTY02JAN2421600CE.NFO,02/01/2024,09:17:12,2.7,2.7,59960,2.75,12320,36760,3891600
FINNIFTY02JAN2421600CE.NFO,02/01/2024,09:17:14,2.7,2.7,57920,2.75,34920,36920,3891600
FINNIFTY02JAN2421600CE.NFO,02/01/2024,09:17:15,2.7,2.7,70920,2.75,22000,27600,3891600
FINNIFTY02JAN2421600CE.NFO,02/01/2024,09:17:17,2.75,2.75,38640,2.8,59120,38280,3891600
FINNIFTY02JAN2421600CE.NFO,02/01/2024,09:17:19,2.85,2.8,6240,2.85,65120,136240,3891600
FINNIFTY02JAN2421600CE.NFO,02/01/2024,09:17:20,2.9,2.85,30080,2.9,68680,78720,3891600
FINNIFTY02JAN2421600CE.NFO,02/01/2024,09:17:22,2.85,2.8,45960,2.85,41080,49280,4996000
FINNIFTY02JAN2421600CE.NFO,02/01/2024,09:17:23,2.75,2.75,71480,2.85,63400,50040,4996000
FINNIFTY02JAN2421600CE.NFO,02/01/2024,09:17:25,2.8,2.75,83240,2.8,19720,38880,4996000
FINNIFTY02JAN2421600CE.NFO,02/01/2024,09:17:27,2.8,2.8,16560,2.85,77560,42240,4996000
FINNIFTY02JAN2421600CE.NFO,02/01/2024,09:17:28,2.75,2.75,64440,2.8,11960,134720,4996000
FINNIFTY02JAN2421600CE.NFO,02/01/2024,09:17:30,2.75,2.75,21560,2.8,68840,76640,4996000
FINNIFTY02JAN2421600CE.NFO,02/01/2024,09:17:31,2.85,2.8,37080,2.85,62680,102880,4996000
FINNIFTY02JAN2421600CE.NFO,02/01/2024,09:17:33,2.85,2.8,22640,2.85,87480,64920,4996000
FINNIFTY02JAN2421600CE.NFO,02/01/2024,09:17:34,2.8,2.75,34160,2.8,73360,28200,4996000
FINNIFTY02JAN2421600CE.NFO,02/01/2024,09:17:36,2.7,2.7,39360,2.75,92000,30840,4996000
FINNIFTY02JAN2421600CE.NFO,02/01/2024,09:17:38,2.85,2.8,23600,2.85,84640,105040,4996000
FINNIFTY02JAN2421600CE.NFO,02/01/2024,09:17:39,2.7,2.7,67000,2.75,49640,32040,4996000
FINNIFTY02JAN2421600CE.NFO,02/01/2024,09:17:41,2.7,2.65,61600,2.7,25120,78280,4996000
FINNIFTY02JAN2421600CE.NFO,02/01/2024,09:17:43,2.7,2.7,17680,2.75,88840,72160,4996000
FINNIFTY02JAN2421600CE.NFO,02/01/2024,09:17:44,2.75,2.7,18840,2.75,88200,20200,4996000
FINNIFTY02JAN2421600CE.NFO,02/01/2024,09:17:46,2.65,2.65,44480,2.7,48360,47160,4996000
FINNIFTY02JAN2421600CE.NFO,02/01/2024,09:17:47,2.7,2.65,47400,2.7,22120,37720,4996000
FINNIFTY02JAN2421600CE.NFO,02/01/2024,09:17:49,2.7,2.7,5040,2.75,87640,83320,4996000
FINNIFTY02JAN2421600CE.NFO,02/01/2024,09:17:50,2.7,2.7,67360,2.75,56040,70400,4996000
FINNIFTY02JAN2421600CE.NFO,02/01/2024,09:17:52,2.7,2.65,75360,2.7,40640,39280,4996000
FINNIFTY02JAN2421600CE.NFO,02/01/2024,09:17:54,2.65,2.65,68760,2.7,29800,37560,4996000
FINNIFTY02JAN2421600CE.NFO,02/01/2024,09:17:55,2.7,2.65,62920,2.7,47040,14040,4996000
FINNIFTY02JAN2421600CE.NFO,02/01/2024,09:17:57,2.7,2.65,52280,2.7,62240,37920,4996000
FINNIFTY02JAN2421600CE.NFO,02/01/2024,09:17:58,2.7,2.65,42040,2.7,82360,26960,4996000
FINNIFTY02JAN2421600CE.NFO,02/01/2024,09:18:00,2.65,2.65,23760,2.7,81600,40000,4996000
FINNIFTY02JAN2421600CE.NFO,02/01/2024,09:18:02,2.75,2.7,81000,2.75,55080,111080,4996000
FINNIFTY02JAN2421600CE.NFO,02/01/2024,09:18:03,2.75,2.75,63640,2.8,26440,85600,4996000
FINNIFTY02JAN2421600CE.NFO,02/01/2024,09:18:05,2.75,2.75,35480,2.8,72440,20960,4996000
FINNIFTY02JAN2421600CE.NFO,02/01/2024,09:18:06,2.75,2.7,67800,2.75,50720,95480,4996000
FINNIFTY02JAN2421600CE.NFO,02/01/2024,09:18:08,2.7,2.7,63600,2.8,92560,103120,4996000
FINNIFTY02JAN2421600CE.NFO,02/01/2024,09:18:10,2.75,2.7,16480,2.75,82040,123960,4996000
FINNIFTY02JAN2421600CE.NFO,02/01/2024,09:18:11,2.7,2.65,53360,2.7,54800,36200,4996000
FINNIFTY02JAN2421600CE.NFO,02/01/2024,09:18:13,2.7,2.65,59960,2.7,41120,19560,4996000
FINNIFTY02JAN2421600CE.NFO,02/01/2024,09:18:15,2.7,2.7,7000,2.75,94080,57560,4996000
FINNIFTY02JAN2421600CE.NFO,02/01/2024,09:18:16,2.7,2.65,50640,2.7,74520,58600,4996000
FINNIFTY02JAN2421600CE.NFO,02/01/2024,09:18:18,2.7,2.65,19280,2.7,84280,50720,4996000
FINNIFTY02JAN2421600CE.NFO,02/01/2024,09:18:20,2.65,2.65,6000,2.7,80040,108720,4996000
FINNIFTY02JAN2421600CE.NFO,02/01/2024,09:18:21,2.65,2.65,35960,2.7,66680,57440,4996000
FINNIFTY02JAN2421600CE.NFO,02/01/2024,09:18:23,2.75,2.7,35560,2.75,82560,71000,4996000
FINNIFTY02JAN2421600CE.NFO,02/01/2024,09:18:25,2.7,2.7,2440,2.75,95320,81760,4996000
FINNIFTY02JAN2421600CE.NFO,02/01/2024,09:18:26,2.75,2.65,47080,2.75,91440,69000,4996000
FINNIFTY02JAN2421600CE.NFO,02/01/2024,09:18:28,2.7,2.65,66800,2.7,1560,72880,4996000
FINNIFTY02JAN2421600CE.NFO,02/01/2024,09:18:29,2.75,2.7,35080,2.75,95760,12520,4996000
FINNIFTY02JAN2421600CE.NFO,02/01/2024,09:18:31,2.7,2.65,43400,2.7,70760,35920,4996000
FINNIFTY02JAN2421600CE.NFO,02/01/2024,09:18:33,2.7,2.65,45240,2.7,53640,35440,4996000
FINNIFTY02JAN2421600CE.NFO,02/01/2024,09:18:34,2.7,2.7,2880,2.75,100280,42800,4996000
FINNIFTY02JAN2421600CE.NFO,02/01/2024,09:18:36,2.75,2.7,17840,2.75,92200,73840,4996000
FINNIFTY02JAN2421600CE.NFO,02/01/2024,09:18:37,2.75,2.7,19440,2.75,87760,56800,4996000
FINNIFTY02JAN2421600CE.NFO,02/01/2024,09:18:39,2.7,2.65,70440,2.7,4640,39960,4996000
FINNIFTY02JAN2421600CE.NFO,02/01/2024,09:18:41,2.7,2.65,85520,2.7,6560,77560,4996000
FINNIFTY02JAN2421600CE.NFO,02/01/2024,09:18:42,2.75,2.7,29400,2.75,84880,18800,4996000
FINNIFTY02JAN2421600CE.NFO,02/01/2024,09:18:44,2.75,2.7,54480,2.75,69960,29800,4996000
FINNIFTY02JAN2421600CE.NFO,02/01/2024,09:18:45,2.75,2.7,51120,2.75,62920,53480,4996000
FINNIFTY02JAN2421600CE.NFO,02/01/2024,09:18:47,2.7,2.7,78120,2.75,34360,65480,4996000
FINNIFTY02JAN2421600CE.NFO,02/01/2024,09:18:49,2.7,2.7,65080,2.75,77040,36960,4996000
FINNIFTY02JAN2421600CE.NFO,02/01/2024,09:18:50,2.7,2.7,79520,2.75,44040,59840,4996000
FINNIFTY02JAN2421600CE.NFO,02/01/2024,09:18:52,2.8,2.75,3920,2.8,125920,75280,4996000
FINNIFTY02JAN2421600CE.NFO,02/01/2024,09:18:54,2.75,2.7,50880,2.75,62240,39360,4996000
FINNIFTY02JAN2421600CE.NFO,02/01/2024,09:18:55,2.7,2.7,70640,2.75,21000,18760,4996000
FINNIFTY02JAN2421600CE.NFO,02/01/2024,09:18:57,2.7,2.7,56880,2.75,48280,14800,4996000
FINNIFTY02JAN2421600CE.NFO,02/01/2024,09:18:58,2.7,2.7,77400,2.75,47640,21880,4996000
FINNIFTY02JAN2421600CE.NFO,02/01/2024,09:19:00,2.75,2.7,48600,2.75,65560,52640,4996000
FINNIFTY02JAN2421600CE.NFO,02/01/2024,09:19:02,2.75,2.7,70000,2.75,53520,23640,4996000
FINNIFTY02JAN2421600CE.NFO,02/01/2024,09:19:03,2.7,2.65,81160,2.7,38240,52240,4996000
FINNIFTY02JAN2421600CE.NFO,02/01/2024,09:19:05,2.7,2.65,56200,2.7,80640,24720,4996000
FINNIFTY02JAN2421600CE.NFO,02/01/2024,09:19:06,2.65,2.65,75360,2.7,6800,53800,4996000
FINNIFTY02JAN2421600CE.NFO,02/01/2024,09:19:08,2.7,2.65,39160,2.7,77200,22760,4996000
FINNIFTY02JAN2421600CE.NFO,02/01/2024,09:19:10,2.75,2.7,7560,2.75,87800,94240,4996000
FINNIFTY02JAN2421600CE.NFO,02/01/2024,09:19:11,2.7,2.7,36440,2.75,81520,62000,4996000
FINNIFTY02JAN2421600CE.NFO,02/01/2024,09:19:13,2.75,2.75,74640,2.8,26960,120280,4996000
FINNIFTY02JAN2421600CE.NFO,02/01/2024,09:19:15,2.8,2.75,67800,2.8,5440,92280,4996000
FINNIFTY02JAN2421600CE.NFO,02/01/2024,09:19:16,2.75,2.75,71840,2.8,27440,74000,4996000
FINNIFTY02JAN2421600CE.NFO,02/01/2024,09:19:18,2.75,2.75,63440,2.8,47920,29520,4996000
FINNIFTY02JAN2421600CE.NFO,02/01/2024,09:19:19,2.75,2.75,68160,2.8,32760,58320,4996000
FINNIFTY02JAN2421600CE.NFO,02/01/2024,09:19:21,2.8,2.75,72240,2.8,6600,43840,4996000
FINNIFTY02JAN2421600CE.NFO,02/01/2024,09:19:23,2.7,2.7,64360,2.75,81080,36640,4996000
FINNIFTY02JAN2421600CE.NFO,02/01/2024,09:19:24,2.75,2.7,41560,2.75,77880,30520,4996000
FINNIFTY02JAN2421600CE.NFO,02/01/2024,09:19:26,2.75,2.7,28880,2.75,60200,36200,4996000
FINNIFTY02JAN2421600CE.NFO,02/01/2024,09:19:27,2.65,2.65,48040,2.7,76200,72320,4996000
FINNIFTY02JAN2421600CE.NFO,02/01/2024,09:19:29,2.7,2.65,56240,2.7,23280,60480,4996000
FINNIFTY02JAN2421600CE.NFO,02/01/2024,09:19:31,2.7,2.65,60160,2.7,52200,31080,4996000
FINNIFTY02JAN2421600CE.NFO,02/01/2024,09:19:32,2.7,2.65,40640,2.7,52360,45160,4996000
FINNIFTY02JAN2421600CE.NFO,02/01/2024,09:19:34,2.7,2.7,43600,2.75,75560,28160,4996000
FINNIFTY02JAN2421600CE.NFO,02/01/2024,09:19:36,2.7,2.65,69600,2.7,5360,73360,4996000
FINNIFTY02JAN2421600CE.NFO,02/01/2024,09:19:37,2.75,2.65,60120,2.75,116320,71720,4996000
FINNIFTY02JAN2421600CE.NFO,02/01/2024,09:19:39,2.7,2.65,38080,2.7,71640,74240,4996000
FINNIFTY02JAN2421600CE.NFO,02/01/2024,09:19:41,2.7,2.65,54840,2.75,109560,52760,4996000
FINNIFTY02JAN2421600CE.NFO,02/01/2024,09:19:42,2.7,2.65,43720,2.7,45040,50320,4996000
FINNIFTY02JAN2421600CE.NFO,02/01/2024,09:19:44,2.7,2.65,56320,2.7,5960,25240,4996000
FINNIFTY02JAN2421600CE.NFO,02/01/2024,09:19:46,2.7,2.65,34280,2.7,69480,46400,4996000
FINNIFTY02JAN2421600CE.NFO,02/01/2024,09:19:47,2.7,2.7,7200,2.75,99800,40480,4996000
FINNIFTY02JAN2421600CE.NFO,02/01/2024,09:19:49,2.7,2.65,55400,2.7,36000,24240,4996000
FINNIFTY02JAN2421600CE.NFO,02/01/2024,09:19:51,2.65,2.65,29360,2.7,78920,17520,4996000
FINNIFTY02JAN2421600CE.NFO,02/01/2024,09:19:52,2.65,2.65,31440,2.7,86520,17040,4996000
FINNIFTY02JAN2421600CE.NFO,02/01/2024,09:19:54,2.7,2.65,17280,2.7,105240,46280,4996000
FINNIFTY02JAN2421600CE.NFO,02/01/2024,09:19:56,2.65,2.65,9520,2.7,99920,27640,4996000
FINNIFTY02JAN2421600CE.NFO,02/01/2024,09:19:57,2.6,2.6,149840,2.65,98800,28960,4996000
FINNIFTY02JAN2421600CE.NFO,02/01/2024,09:19:59,2.6,2.6,146880,2.65,95040,15040,4996000
FINNIFTY02JAN2421600CE.NFO,02/01/2024,09:20:01,2.6,2.6,104120,2.65,105080,46520,4996000
FINNIFTY02JAN2421600CE.NFO,02/01/2024,09:20:02,2.6,2.6,84240,2.65,129200,27680,4996000
FINNIFTY02JAN2421600CE.NFO,02/01/2024,09:20:04,2.65,2.6,121600,2.65,75960,40560,4996000
FINNIFTY02JAN2421600CE.NFO,02/01/2024,09:20:06,2.7,2.65,8040,2.7,109080,167960,4996000
FINNIFTY02JAN2421600CE.NFO,02/01/2024,09:20:07,2.65,2.6,110000,2.65,11440,33720,4996000
FINNIFTY02JAN2421600CE.NFO,02/01/2024,09:20:09,2.6,2.6,27480,2.65,101080,102280,4996000
FINNIFTY02JAN2421600CE.NFO,02/01/2024,09:20:11,2.65,2.6,83680,2.65,94920,30320,4996000
FINNIFTY02JAN2421600CE.NFO,02/01/2024,09:20:12,2.6,2.6,56560,2.65,101960,14240,4996000
FINNIFTY02JAN2421600CE.NFO,02/01/2024,09:20:14,2.6,2.55,101760,2.6,27160,127520,4996000
FINNIFTY02JAN2421600CE.NFO,02/01/2024,09:20:16,2.65,2.6,81360,2.65,50600,140600,4996000
FINNIFTY02JAN2421600CE.NFO,02/01/2024,09:20:17,2.6,2.55,102000,2.6,13680,113400,4996000
FINNIFTY02JAN2421600CE.NFO,02/01/2024,09:20:19,2.55,2.55,89840,2.6,13960,37800,4996000
FINNIFTY02JAN2421600CE.NFO,02/01/2024,09:20:21,2.6,2.6,7600,2.65,87640,120040,4996000
FINNIFTY02JAN2421600CE.NFO,02/01/2024,09:20:22,2.6,2.55,91560,2.6,39760,21920,4996000
FINNIFTY02JAN2421600CE.NFO,02/01/2024,09:20:24,2.6,2.55,47600,2.6,89200,14080,5823520
FINNIFTY02JAN2421600CE.NFO,02/01/2024,09:20:26,2.55,2.55,30640,2.6,93240,23360,5823520
FINNIFTY02JAN2421600CE.NFO,02/01/2024,09:20:27,2.5,2.45,81320,2.5,8080,138240,5823520
FINNIFTY02JAN2421600CE.NFO,02/01/2024,09:20:27,2.45,2.45,81320,2.5,8080,0,5823520
FINNIFTY02JAN2421600CE.NFO,02/01/2024,09:20:29,2.5,2.45,86280,2.5,49080,19680,5823520
FINNIFTY02JAN2421600CE.NFO,02/01/2024,09:20:31,2.55,2.5,9960,2.55,99040,56600,5823520
FINNIFTY02JAN2421600CE.NFO,02/01/2024,09:20:32,2.45,2.45,62600,2.5,81160,17360,5823520
FINNIFTY02JAN2421600CE.NFO,02/01/2024,09:20:34,2.5,2.45,50800,2.5,88240,17160,5823520
FINNIFTY02JAN2421600CE.NFO,02/01/2024,09:20:36,2.5,2.45,69560,2.5,82840,70680,5823520
FINNIFTY02JAN2421600CE.NFO,02/01/2024,09:20:37,2.45,2.45,97800,2.5,9160,120480,5823520
FINNIFTY02JAN2421600CE.NFO,02/01/2024,09:20:39,2.45,2.45,77400,2.5,41720,86400,5823520
FINNIFTY02JAN2421600CE.NFO,02/01/2024,09:20:41,2.55,2.55,41560,2.6,97240,123800,5823520
FINNIFTY02JAN2421600CE.NFO,02/01/2024,09:20:42,2.6,2.55,118040,2.6,51920,13280,5823520
FINNIFTY02JAN2421600CE.NFO,02/01/2024,09:20:44,2.55,2.5,69200,2.55,85240,92920,5823520
FINNIFTY02JAN2421600CE.NFO,02/01/2024,09:20:46,2.55,2.55,82080,2.6,81640,58360,5823520
FINNIFTY02JAN2421600CE.NFO,02/01/2024,09:20:47,2.6,2.6,99200,2.65,44960,28520,5823520
FINNIFTY02JAN2421600CE.NFO,02/01/2024,09:20:49,2.65,2.6,67400,2.65,78440,15760,5823520
FINNIFTY02JAN2421600CE.NFO,02/01/2024,09:20:51,2.7,2.65,61960,2.7,55160,112280,5823520
FINNIFTY02JAN2421600CE.NFO,02/01/2024,09:20:52,2.65,2.65,91840,2.7,78720,49120,5823520
FINNIFTY02JAN2421600CE.NFO,02/01/2024,09:20:54,2.65,2.6,95720,2.65,7960,115040,5823520
FINNIFTY02JAN2421600CE.NFO,02/01/2024,09:20:56,2.65,2.6,62240,2.65,82640,13920,5823520
FINNIFTY02JAN2421600CE.NFO,02/01/2024,09:20:57,2.6,2.6,40200,2.65,69280,110240,5823520
FINNIFTY02JAN2421600CE.NFO,02/01/2024,09:20:59,2.6,2.55,48680,2.6,88200,91880,5823520
FINNIFTY02JAN2421600CE.NFO,02/01/2024,09:21:01,2.55,2.55,51560,2.6,78480,43400,5823520
FINNIFTY02JAN2421600CE.NFO,02/01/2024,09:21:02,2.5,2.5,73600,2.55,61800,28440,5823520
FINNIFTY02JAN2421600CE.NFO,02/01/2024,09:21:04,2.65,2.6,29520,2.65,67280,66840,5823520
FINNIFTY02JAN2421600CE.NFO,02/01/2024,09:21:06,2.75,2.75,87280,2.8,19680,140680,5823520
FINNIFTY02JAN2421600CE.NFO,02/01/2024,09:21:07,2.95,2.9,15600,2.95,37480,574520,5823520
FINNIFTY02JAN2421600CE.NFO,02/01/2024,09:21:09,2.85,2.85,7440,2.9,79000,263640,5823520
FINNIFTY02JAN2421600CE.NFO,02/01/2024,09:21:11,3.1,3.05,46600,3.1,49440,170560,5823520
FINNIFTY02JAN2421600CE.NFO,02/01/2024,09:21:12,2.95,2.9,39560,2.95,44480,87280,5823520
FINNIFTY02JAN2421600CE.NFO,02/01/2024,09:21:14,2.8,2.75,55320,2.8,34720,43160,5823520
FINNIFTY02JAN2421600CE.NFO,02/01/2024,09:21:16,2.8,2.75,31120,2.8,55200,43560,5823520
FINNIFTY02JAN2421600CE.NFO,02/01/2024,09:21:17,2.8,2.75,55640,2.8,64080,87000,5823520
FINNIFTY02JAN2421600CE.NFO,02/01/2024,09:21:19,2.75,2.75,47680,2.8,39560,63520,5823520
FINNIFTY02JAN2421600CE.NFO,02/01/2024,09:21:21,2.75,2.7,96880,2.75,52920,55720,5823520
FINNIFTY02JAN2421600CE.NFO,02/01/2024,09:21:22,2.75,2.75,81560,2.8,4360,75480,5823520
FINNIFTY02JAN2421600CE.NFO,02/01/2024,09:21:24,2.75,2.75,74960,2.8,7800,75720,5823520
FINNIFTY02JAN2421600CE.NFO,02/01/2024,09:21:26,2.85,2.85,83640,2.9,1920,164080,5823520
FINNIFTY02JAN2421600CE.NFO,02/01/2024,09:21:27,3.05,3,28840,3.05,42760,172760,5823520
FINNIFTY02JAN2421600CE.NFO,02/01/2024,09:21:29,3.05,3,23600,3.05,43160,338120,5823520
FINNIFTY02JAN2421600CE.NFO,02/01/2024,09:21:31,3,2.95,27200,3,57040,90320,5823520
FINNIFTY02JAN2421600CE.NFO,02/01/2024,09:21:32,3,3,43640,3.05,4800,107440,5823520
FINNIFTY02JAN2421600CE.NFO,02/01/2024,09:21:34,3.1,3.05,59480,3.1,11160,137840,5823520
FINNIFTY02JAN2421600CE.NFO,02/01/2024,09:21:36,3,2.95,60160,3,1680,87640,5823520
FINNIFTY02JAN2421600CE.NFO,02/01/2024,09:21:37,2.9,2.9,23720,2.95,49440,54680,5823520
FINNIFTY02JAN2421600CE.NFO,02/01/2024,09:21:39,2.9,2.9,22840,2.95,70160,58360,5823520
FINNIFTY02JAN2421600CE.NFO,02/01/2024,09:21:41,2.85,2.85,65320,2.9,57440,64360,5823520
FINNIFTY02JAN2421600CE.NFO,02/01/2024,09:21:42,2.8,2.8,31600,2.85,60760,72720,5823520
FINNIFTY02JAN2421600CE.NFO,02/01/2024,09:21:44,2.85,2.8,56920,2.85,40760,90640,5823520
FINNIFTY02JAN2421600CE.NFO,02/01/2024,09:21:46,2.8,2.8,43520,2.85,47520,11320,5823520
FINNIFTY02JAN2421600CE.NFO,02/01/2024,09:21:47,2.75,2.75,49080,2.8,46320,60760,5823520
FINNIFTY02JAN2421600CE.NFO,02/01/2024,09:21:49,2.75,2.75,74400,2.8,10400,59480,5823520
FINNIFTY02JAN2421600CE.NFO,02/01/2024,09:21:51,2.75,2.75,69600,2.8,40880,65920,5823520
FINNIFTY02JAN2421600CE.NFO,02/01/2024,09:21:52,2.8,2.75,68640,2.8,3400,53480,5823520
FINNIFTY02JAN2421600CE.NFO,02/01/2024,09:21:54,2.75,2.75,47040,2.8,65480,27200,5823520
FINNIFTY02JAN2421600CE.NFO,02/01/2024,09:21:56,2.8,2.8,25240,2.85,70040,70680,5823520
FINNIFTY02JAN2421600CE.NFO,02/01/2024,09:21:57,2.8,2.8,66400,2.85,6480,62520,5823520
FINNIFTY02JAN2421600CE.NFO,02/01/2024,09:21:59,2.9,2.9,62320,2.95,14640,26240,5823520
FINNIFTY02JAN2421600CE.NFO,02/01/2024,09:22:01,2.85,2.8,67520,2.85,20840,28760,5823520
FINNIFTY02JAN2421600CE.NFO,02/01/2024,09:22:02,2.8,2.8,74520,2.85,28200,11320,5823520
FINNIFTY02JAN2421600CE.NFO,02/01/2024,09:22:04,2.75,2.75,47040,2.8,63800,73720,5823520
FINNIFTY02JAN2421600CE.NFO,02/01/2024,09:22:06,2.75,2.75,63480,2.8,72360,19760,5823520
FINNIFTY02JAN2421600CE.NFO,02/01/2024,09:22:07,2.8,2.75,60400,2.8,72520,20240,5823520
FINNIFTY02JAN2421600CE.NFO,02/01/2024,09:22:09,2.8,2.75,44240,2.8,57080,21040,5823520
FINNIFTY02JAN2421600CE.NFO,02/01/2024,09:22:11,2.75,2.7,93560,2.75,17600,73840,5823520
FINNIFTY02JAN2421600CE.NFO,02/01/2024,09:22:12,2.7,2.65,85400,2.7,30880,87480,5823520
FINNIFTY02JAN2421600CE.NFO,02/01/2024,09:22:14,2.7,2.65,86160,2.7,10600,76920,5823520
FINNIFTY02JAN2421600CE.NFO,02/01/2024,09:22:16,2.65,2.65,9840,2.7,76760,40640,5823520
FINNIFTY02JAN2421600CE.NFO,02/01/2024,09:22:17,2.6,2.55,62600,2.6,44280,115640,5823520
FINNIFTY02JAN2421600CE.NFO,02/01/2024,09:22:19,2.65,2.6,36040,2.65,61280,31680,5823520
FINNIFTY02JAN2421600CE.NFO,02/01/2024,09:22:21,2.6,2.55,74360,2.6,28360,23040,5823520
FINNIFTY02JAN2421600CE.NFO,02/01/2024,09:22:22,2.6,2.55,57920,2.6,55800,51360,5823520
FINNIFTY02JAN2421600CE.NFO,02/01/2024,09:22:24,2.55,2.5,69760,2.55,52560,57880,5823520
FINNIFTY02JAN2421600CE.NFO,02/01/2024,09:22:26,2.55,2.5,85680,2.55,23920,90640,5823520
FINNIFTY02JAN2421600CE.NFO,02/01/2024,09:22:27,2.5,2.5,66520,2.55,50160,48280,5823520
FINNIFTY02JAN2421600CE.NFO,02/01/2024,09:22:29,2.55,2.5,21320,2.55,54520,74520,5823520
FINNIFTY02JAN2421600CE.NFO,02/01/2024,09:22:31,2.55,2.5,55360,2.55,22640,40120,5823520
FINNIFTY02JAN2421600CE.NFO,02/01/2024,09:22:32,2.55,2.5,41040,2.55,31640,17600,5823520
FINNIFTY02JAN2421600CE.NFO,02/01/2024,09:22:34,2.5,2.5,12440,2.55,73640,59440,5823520
FINNIFTY02JAN2421600CE.NFO,02/01/2024,09:22:36,2.5,2.45,76240,2.5,58320,17920,5823520
FINNIFTY02JAN2421600CE.NFO,02/01/2024,09:22:37,2.55,2.5,28520,2.55,73760,38400,5823520
FINNIFTY02JAN2421600CE.NFO,02/01/2024,09:22:39,2.5,2.45,73280,2.5,24240,26040,5823520
FINNIFTY02JAN2421600CE.NFO,02/01/2024,09:22:41,2.45,2.45,57040,2.5,37960,50280,5823520
FINNIFTY02JAN2421600CE.NFO,02/01/2024,09:22:42,2.45,2.4,63720,2.45,29120,98800,5823520
FINNIFTY02JAN2421600CE.NFO,02/01/2024,09:22:42,2.4,2.4,63720,2.45,29120,0,5823520
FINNIFTY02JAN2421600CE.NFO,02/01/2024,09:22:44,2.4,2.4,43920,2.45,50120,68760,5823520
FINNIFTY02JAN2421600CE.NFO,02/01/2024,09:22:44,2.35,2.4,43920,2.45,50120,0,5823520
FINNIFTY02JAN2421600CE.NFO,02/01/2024,09:22:46,2.4,2.4,9240,2.45,74920,29800,5823520
FINNIFTY02JAN2421600CE.NFO,02/01/2024,09:22:47,2.45,2.4,76200,2.45,5840,62680,5823520
FINNIFTY02JAN2421600CE.NFO,02/01/2024,09:22:49,2.45,2.4,76600,2.45,27680,40760,5823520
FINNIFTY02JAN2421600CE.NFO,02/01/2024,09:22:51,2.45,2.45,44320,2.5,72240,22080,5823520
FINNIFTY02JAN2421600CE.NFO,02/01/2024,09:22:52,2.45,2.45,72160,2.5,48520,22840,5823520
FINNIFTY02JAN2421600CE.NFO,02/01/2024,09:22:54,2.45,2.45,50840,2.5,60680,44640,5823520
FINNIFTY02JAN2421600CE.NFO,02/01/2024,09:22:56,2.4,2.4,104280,2.45,2960,43560,5823520
FINNIFTY02JAN2421600CE.NFO,02/01/2024,09:22:57,2.5,2.45,65280,2.5,63360,68040,5823520
FINNIFTY02JAN2421600CE.NFO,02/01/2024,09:22:59,2.5,2.45,55760,2.5,12360,124040,5823520
FINNIFTY02JAN2421600CE.NFO,02/01/2024,09:23:01,2.5,2.45,23440,2.5,82360,46920,5823520
FINNIFTY02JAN2421600CE.NFO,02/01/2024,09:23:02,2.5,2.45,75440,2.5,44400,30520,5823520
FINNIFTY02JAN2421600CE.NFO,02/01/2024,09:23:04,2.5,2.45,73360,2.5,55840,25800,5823520
FINNIFTY02JAN2421600CE.NFO,02/01/2024,09:23:06,2.5,2.5,60080,2.55,65520,105240,5823520
FINNIFTY02JAN2421600CE.NFO,02/01/2024,09:23:07,2.55,2.55,40640,2.6,36320,99800,5823520
FINNIFTY02JAN2421600CE.NFO,02/01/2024,09:23:09,2.55,2.55,70880,2.6,20360,57920,5823520
FINNIFTY02JAN2421600CE.NFO,02/01/2024,09:23:11,2.6,2.55,47160,2.6,60200,61640,5823520
FINNIFTY02JAN2421600CE.NFO,02/01/2024,09:23:12,2.6,2.55,42440,2.6,73000,27080,5823520
FINNIFTY02JAN2421600CE.NFO,02/01/2024,09:23:14,2.6,2.6,1200,2.65,89320,78880,5823520
FINNIFTY02JAN2421600CE.NFO,02/01/2024,09:23:16,2.6,2.55,60160,2.6,44440,52720,5823520
FINNIFTY02JAN2421600CE.NFO,02/01/2024,09:23:17,2.7,2.65,42040,2.7,77600,74520,5823520
FINNIFTY02JAN2421600CE.NFO,02/01/2024,09:23:19,2.6,2.6,21880,2.65,62200,59160,5823520
FINNIFTY02JAN2421600CE.NFO,02/01/2024,09:23:21,2.6,2.6,18480,2.65,66880,49680,5823520
FINNIFTY02JAN2421600CE.NFO,02/01/2024,09:23:22,2.6,2.55,50400,2.6,48640,81800,5823520
FINNIFTY02JAN2421600CE.NFO,02/01/2024,09:23:24,2.6,2.55,56400,2.6,47440,20160,6630920
FINNIFTY02JAN2421600CE.NFO,02/01/2024,09:23:26,2.55,2.55,10240,2.6,73240,48520,6630920
FINNIFTY02JAN2421600CE.NFO,02/01/2024,09:23:27,2.55,2.5,63440,2.55,50920,23200,6630920
FINNIFTY02JAN2421600CE.NFO,02/01/2024,09:23:29,2.5,2.5,30960,2.55,60800,11880,6630920
FINNIFTY02JAN2421600CE.NFO,02/01/2024,09:23:31,2.5,2.5,13160,2.55,71320,12120,6630920
FINNIFTY02JAN2421600CE.NFO,02/01/2024,09:23:32,2.55,2.55,27400,2.6,77560,72320,6630920
FINNIFTY02JAN2421600CE.NFO,02/01/2024,09:23:34,2.6,2.55,32320,2.6,75560,14760,6630920
FINNIFTY02JAN2421600CE.NFO,02/01/2024,09:23:36,2.55,2.55,51040,2.6,74800,15600,6630920
FINNIFTY02JAN2421600CE.NFO,02/01/2024,09:23:37,2.55,2.55,79520,2.6,4240,76000,6630920
FINNIFTY02JAN2421600CE.NFO,02/01/2024,09:23:39,2.65,2.6,77120,2.65,41160,69320,6630920
FINNIFTY02JAN2421600CE.NFO,02/01/2024,09:23:41,2.6,2.55,69720,2.6,64760,22720,6630920
FINNIFTY02JAN2421600CE.NFO,02/01/2024,09:23:42,2.55,2.5,87200,2.55,60280,13240,6630920
FINNIFTY02JAN2421600CE.NFO,02/01/2024,09:23:44,2.55,2.5,96640,2.55,22280,27720,6630920
FINNIFTY02JAN2421600CE.NFO,02/01/2024,09:23:46,2.5,2.5,101160,2.55,25000,44080,6630920
FINNIFTY02JAN2421600CE.NFO,02/01/2024,09:23:47,2.5,2.5,79000,2.55,70240,14040,6630920
FINNIFTY02JAN2421600CE.NFO,02/01/2024,09:23:49,2.45,2.45,75600,2.5,65160,60720,6630920
FINNIFTY02JAN2421600CE.NFO,02/01/2024,09:23:51,2.5,2.45,73240,2.5,74760,8360,6630920
FINNIFTY02JAN2421600CE.NFO,02/01/2024,09:23:52,2.45,2.45,85600,2.5,64880,13440,6630920
FINNIFTY02JAN2421600CE.NFO,02/01/2024,09:23:54,2.5,2.45,52040,2.5,71160,41640,6630920
FINNIFTY02JAN2421600CE.NFO,02/01/2024,09:23:56,2.45,2.4,120320,2.45,54880,47080,6630920
FINNIFTY02JAN2421600CE.NFO,02/01/2024,09:23:57,2.45,2.4,86160,2.45,90200,16320,6630920
FINNIFTY02JAN2421600CE.NFO,02/01/2024,09:23:59,2.45,2.4,6160,2.45,98560,112920,6630920
FINNIFTY02JAN2421600CE.NFO,02/01/2024,09:24:01,2.35,2.35,48880,2.4,72440,31320,6630920
FINNIFTY02JAN2421600CE.NFO,02/01/2024,09:24:02,2.4,2.35,59960,2.4,76960,18520,6630920
FINNIFTY02JAN2421600CE.NFO,02/01/2024,09:24:04,2.4,2.4,19200,2.45,103080,78560,6630920
FINNIFTY02JAN2421600CE.NFO,02/01/2024,09:24:06,2.45,2.4,82840,2.45,30000,13080,6630920
FINNIFTY02JAN2421600CE.NFO,02/01/2024,09:24:07,2.5,2.45,50720,2.5,73120,43400,6630920
FINNIFTY02JAN2421600CE.NFO,02/01/2024,09:24:09,2.5,2.45,52560,2.5,70800,7400,6630920
FINNIFTY02JAN2421600CE.NFO,02/01/2024,09:24:11,2.5,2.45,85560,2.5,27320,14920,6630920
FINNIFTY02JAN2421600CE.NFO,02/01/2024,09:24:12,2.5,2.45,85440,2.5,15840,21440,6630920
FINNIFTY02JAN2421600CE.NFO,02/01/2024,09:24:14,2.5,2.5,82320,2.55,52120,38520,6630920
FINNIFTY02JAN2421600CE.NFO,02/01/2024,09:24:16,2.45,2.45,54160,2.5,84120,19800,6630920
FINNIFTY02JAN2421600CE.NFO,02/01/2024,09:24:17,2.5,2.45,66000,2.5,65480,28800,6630920
FINNIFTY02JAN2421600CE.NFO,02/01/2024,09:24:19,2.45,2.45,73720,2.5,74560,35880,6630920
FINNIFTY02JAN2421600CE.NFO,02/01/2024,09:24:21,2.4,2.4,69920,2.45,70440,42560,6630920
FINNIFTY02JAN2421600CE.NFO,02/01/2024,09:24:22,2.45,2.4,92600,2.45,61280,19000,6630920
FINNIFTY02JAN2421600CE.NFO,02/01/2024,09:24:24,2.45,2.4,71840,2.45,82400,6720,6630920
FINNIFTY02JAN2421600CE.NFO,02/01/2024,09:24:26,2.45,2.4,87920,2.45,59760,33880,6630920
FINNIFTY02JAN2421600CE.NFO,02/01/2024,09:24:27,2.4,2.4,98320,2.45,30800,34840,6630920
FINNIFTY02JAN2421600CE.NFO,02/01/2024,09:24:29,2.4,2.4,111040,2.45,50080,10800,6630920
FINNIFTY02JAN2421600CE.NFO,02/01/2024,09:24:31,2.4,2.4,90840,2.45,79200,10200,6630920
FINNIFTY02JAN2421600CE.NFO,02/01/2024,09:24:32,2.4,2.4,84960,2.45,90800,15360,6630920
FINNIFTY02JAN2421600CE.NFO,02/01/2024,09:24:34,2.4,2.35,105440,2.4,67560,104120,6630920
FINNIFTY02JAN2421600CE.NFO,02/01/2024,09:24:36,2.35,2.35,114480,2.4,41920,25600,6630920
FINNIFTY02JAN2421600CE.NFO,02/01/2024,09:24:37,2.45,2.4,77240,2.45,53320,20400,6630920
FINNIFTY02JAN2421600CE.NFO,02/01/2024,09:24:39,2.4,2.4,26560,2.45,94320,18200,6630920
FINNIFTY02JAN2421600CE.NFO,02/01/2024,09:24:41,2.35,2.35,117280,2.4,50680,16680,6630920
FINNIFTY02JAN2421600CE.NFO,02/01/2024,09:24:42,2.4,2.35,111360,2.4,43240,30800,6630920
FINNIFTY02JAN2421600CE.NFO,02/01/2024,09:24:44,2.4,2.4,7680,2.45,94680,71960,6630920
FINNIFTY02JAN2421600CE.NFO,02/01/2024,09:24:46,2.4,2.35,103640,2.4,9040,34400,6630920
FINNIFTY02JAN2421600CE.NFO,02/01/2024,09:24:47,2.4,2.35,108520,2.4,47240,5040,6630920
FINNIFTY02JAN2421600CE.NFO,02/01/2024,09:24:49,2.45,2.45,16800,2.5,98720,111400,6630920
FINNIFTY02JAN2421600CE.NFO,02/01/2024,09:24:51,2.45,2.4,78120,2.45,2920,13280,6630920
FINNIFTY02JAN2421600CE.NFO,02/01/2024,09:24:52,2.4,2.35,102120,2.4,7600,10040,6630920
FINNIFTY02JAN2421600CE.NFO,02/01/2024,09:24:54,2.4,2.4,29640,2.45,93880,36520,6630920
FINNIFTY02JAN2421600CE.NFO,02/01/2024,09:24:56,2.4,2.35,37320,2.4,68560,23680,6630920
FINNIFTY02JAN2421600CE.NFO,02/01/2024,09:24:57,2.35,2.35,32400,2.4,82600,38720,6630920
FINNIFTY02JAN2421600CE.NFO,02/01/2024,09:24:59,2.25,2.25,50000,2.3,63640,160520,6630920
FINNIFTY02JAN2421600CE.NFO,02/01/2024,09:24:59,2.25,2.25,50000,2.3,63640,0,6630920
FINNIFTY02JAN2421600CE.NFO,02/01/2024,09:25:01,2.2,2.2,69880,2.25,70400,81640,6630920
FINNIFTY02JAN2421600CE.NFO,02/01/2024,09:25:01,2.2,2.2,69880,2.25,70400,0,6630920
FINNIFTY02JAN2421600CE.NFO,02/01/2024,09:25:02,2.35,2.3,12960,2.35,79320,71360,6630920
FINNIFTY02JAN2421600CE.NFO,02/01/2024,09:25:04,2.35,2.25,57600,2.3,51240,58960,6630920
FINNIFTY02JAN2421600CE.NFO,02/01/2024,09:25:06,2.25,2.25,34880,2.3,85680,21760,6630920
FINNIFTY02JAN2421600CE.NFO,02/01/2024,09:25:08,2.3,2.3,83080,2.35,77280,39000,6630920
FINNIFTY02JAN2421600CE.NFO,02/01/2024,09:25:09,2.3,2.25,81520,2.3,54080,49840,6630920
FINNIFTY02JAN2421600CE.NFO,02/01/2024,09:25:11,2.2,2.2,84040,2.25,85840,29600,6630920
FINNIFTY02JAN2421600CE.NFO,02/01/2024,09:25:13,2.2,2.2,82640,2.25,86000,13400,6630920
FINNIFTY02JAN2421600CE.NFO,02/01/2024,09:25:14,2.25,2.2,89880,2.25,62560,19280,6630920
FINNIFTY02JAN2421600CE.NFO,02/01/2024,09:25:16,2.2,2.2,1880,2.25,102160,36640,6630920
FINNIFTY02JAN2421600CE.NFO,02/01/2024,09:25:16,2.15,2.2,1880,2.25,102160,0,6630920
FINNIFTY02JAN2421600CE.NFO,02/01/2024,09:25:18,2.25,2.2,83520,2.25,62600,25200,6630920
FINNIFTY02JAN2421600CE.NFO,02/01/2024,09:25:19,2.25,2.2,99320,2.25,73040,8920,6630920
FINNIFTY02JAN2421600CE.NFO,02/01/2024,09:25:21,2.25,2.2,72280,2.25,82640,15920,6630920
FINNIFTY02JAN2421600CE.NFO,02/01/2024,09:25:23,2.25,2.2,57680,2.25,98960,14200,6630920
FINNIFTY02JAN2421600CE.NFO,02/01/2024,09:25:24,2.2,2.2,49920,2.25,101200,13720,6630920
FINNIFTY02JAN2421600CE.NFO,02/01/2024,09:25:26,2.2,2.2,90760,2.25,71360,14920,6630920
FINNIFTY02JAN2421600CE.NFO,02/01/2024,09:25:28,2.3,2.25,70640,2.3,89240,31120,6630920
FINNIFTY02JAN2421600CE.NFO,02/01/2024,09:25:29,2.25,2.25,86160,2.3,85400,57600,6630920
FINNIFTY02JAN2421600CE.NFO,02/01/2024,09:25:31,2.3,2.25,67760,2.3,85880,25120,6630920
FINNIFTY02JAN2421600CE.NFO,02/01/2024,09:25:33,2.35,2.3,90880,2.35,61440,50560,6630920
FINNIFTY02JAN2421600CE.NFO,02/01/2024,09:25:34,2.3,2.3,84960,2.35,45680,31560,6630920
FINNIFTY02JAN2421600CE.NFO,02/01/2024,09:25:36,2.35,2.3,67280,2.4,99560,60800,6630920
FINNIFTY02JAN2421600CE.NFO,02/01/2024,09:25:38,2.35,2.35,48240,2.4,81200,72560,6630920
FINNIFTY02JAN2421600CE.NFO,02/01/2024,09:25:39,2.35,2.3,83480,2.35,74800,56040,6630920
FINNIFTY02JAN2421600CE.NFO,02/01/2024,09:25:41,2.4,2.35,58000,2.4,77240,46200,6630920
FINNIFTY02JAN2421600CE.NFO,02/01/2024,09:25:43,2.35,2.35,86400,2.4,5720,33360,6630920
FINNIFTY02JAN2421600CE.NFO,02/01/2024,09:25:44,2.35,2.35,77800,2.4,66920,33200,6630920
FINNIFTY02JAN2421600CE.NFO,02/01/2024,09:25:46,2.4,2.35,62160,2.4,85440,6720,6630920
FINNIFTY02JAN2421600CE.NFO,02/01/2024,09:25:48,2.35,2.35,83160,2.4,43840,30360,6630920
FINNIFTY02JAN2421600CE.NFO,02/01/2024,09:25:49,2.35,2.35,2320,2.4,61960,52640,6630920
FINNIFTY02JAN2421600CE.NFO,02/01/2024,09:25:51,2.35,2.35,68720,2.4,61680,62560,6630920
FINNIFTY02JAN2421600CE.NFO,02/01/2024,09:25:53,2.35,2.3,107360,2.35,8920,49560,6630920
FINNIFTY02JAN2421600CE.NFO,02/01/2024,09:25:54,2.4,2.4,54800,2.45,76640,53520,6630920
FINNIFTY02JAN2421600CE.NFO,02/01/2024,09:25:56,2.45,2.45,68280,2.5,54280,31800,6630920
FINNIFTY02JAN2421600CE.NFO,02/01/2024,09:25:58,2.5,2.5,47760,2.55,64200,87360,6630920
FINNIFTY02JAN2421600CE.NFO,02/01/2024,09:25:59,2.55,2.5,49160,2.55,66720,84160,6630920
FINNIFTY02JAN2421600CE.NFO,02/01/2024,09:26:01,2.5,2.5,63800,2.55,40680,40360,6630920
FINNIFTY02JAN2421600CE.NFO,02/01/2024,09:26:03,2.55,2.5,20480,2.55,83960,21880,6630920
FINNIFTY02JAN2421600CE.NFO,02/01/2024,09:26:04,2.55,2.5,29320,2.55,86440,15080,6630920
FINNIFTY02JAN2421600CE.NFO,02/01/2024,09:26:06,2.55,2.5,77360,2.55,42240,15480,6630920
FINNIFTY02JAN2421600CE.NFO,02/01/2024,09:26:08,2.55,2.5,53520,2.55,77040,16920,6630920
FINNIFTY02JAN2421600CE.NFO,02/01/2024,09:26:09,2.55,2.5,80520,2.55,63680,18960,6630920
FINNIFTY02JAN2421600CE.NFO,02/01/2024,09:26:11,2.5,2.5,89760,2.55,32400,41200,6630920
FINNIFTY02JAN2421600CE.NFO,02/01/2024,09:26:13,2.55,2.5,72120,2.55,49040,31640,6630920
FINNIFTY02JAN2421600CE.NFO,02/01/2024,09:26:14,2.6,2.6,78320,2.65,2760,54680,6630920
FINNIFTY02JAN2421600CE.NFO,02/01/2024,09:26:16,4.2,4.2,760,4.25,1440,631200,6630920
FINNIFTY02JAN2421600CE.NFO,02/01/2024,09:26:18,3.05,3.05,360,3.1,3080,881440,6630920
FINNIFTY02JAN2421600CE.NFO,02/01/2024,09:26:19,3.05,3,9440,3.05,1600,190080,6630920
FINNIFTY02JAN2421600CE.NFO,02/01/2024,09:26:21,3,2.95,14720,3,9240,167240,6630920
FINNIFTY02JAN2421600CE.NFO,02/01/2024,09:26:23,3,2.95,13480,3,10560,114680,6630920
FINNIFTY02JAN2421600CE.NFO,02/01/2024,09:26:24,3,3,17200,3.05,8760,86960,6898080
FINNIFTY02JAN2421600CE.NFO,02/01/2024,09:26:26,3,2.95,14960,3,19000,75720,6898080
FINNIFTY02JAN2421600CE.NFO,02/01/2024,09:26:28,3.1,3.05,24960,3.1,1960,126560,6898080
FINNIFTY02JAN2421600CE.NFO,02/01/2024,09:26:29,3.5,3.45,12320,3.5,10000,132840,6898080
FINNIFTY02JAN2421600CE.NFO,02/01/2024,09:26:31,3.45,3.4,8880,3.45,12920,172520,6898080
FINNIFTY02JAN2421600CE.NFO,02/01/2024,09:26:33,3.25,3.25,15840,3.3,10000,277520,6898080
FINNIFTY02JAN2421600CE.NFO,02/01/2024,09:26:34,3.35,3.3,8760,3.35,23760,108320,6898080
FINNIFTY02JAN2421600CE.NFO,02/01/2024,09:26:36,3.3,3.3,4000,3.35,31320,157040,6898080
FINNIFTY02JAN2421600CE.NFO,02/01/2024,09:26:38,3.7,3.7,13440,3.75,360,143360,6898080
FINNIFTY02JAN2421600CE.NFO,02/01/2024,09:26:39,4,3.95,12640,4.05,16480,214120,6898080
FINNIFTY02JAN2421600CE.NFO,02/01/2024,09:26:41,3.6,3.6,13960,3.65,12440,295640,6898080
FINNIFTY02JAN2421600CE.NFO,02/01/2024,09:26:43,3.6,3.55,440,3.6,22600,261480,6898080
FINNIFTY02JAN2421600CE.NFO,02/01/2024,09:26:44,3.7,3.7,6920,3.75,21480,188800,6898080
FINNIFTY02JAN2421600CE.NFO,02/01/2024,09:26:46,3.9,3.9,1200,3.95,8200,278200,6898080
FINNIFTY02JAN2421600CE.NFO,02/01/2024,09:26:48,3.6,3.55,16600,3.65,13920,190640,6898080
FINNIFTY02JAN2421600CE.NFO,02/01/2024,09:26:49,3.15,3.15,14120,3.25,14680,172000,6898080
FINNIFTY02JAN2421600CE.NFO,02/01/2024,09:26:51,3.65,3.6,5360,3.65,15120,147240,6898080
FINNIFTY02JAN2421600CE.NFO,02/01/2024,09:26:53,3.4,3.4,15320,3.5,24920,134720,6898080
FINNIFTY02JAN2421600CE.NFO,02/01/2024,09:26:54,3.35,3.3,7080,3.35,17520,117720,6898080
FINNIFTY02JAN2421600CE.NFO,02/01/2024,09:26:56,3.3,3.25,20800,3.35,9920,158960,6898080
FINNIFTY02JAN2421600CE.NFO,02/01/2024,09:26:58,3.3,3.25,15800,3.3,9840,130040,6898080
FINNIFTY02JAN2421600CE.NFO,02/01/2024,09:26:59,3.25,3.2,9000,3.25,9720,103640,6898080
FINNIFTY02JAN2421600CE.NFO,02/01/2024,09:27:01,3.5,3.45,20120,3.5,20480,161000,6898080
FINNIFTY02JAN2421600CE.NFO,02/01/2024,09:27:03,3.65,3.6,21160,3.65,2560,142680,6898080
FINNIFTY02JAN2421600CE.NFO,02/01/2024,09:27:04,3.55,3.5,22000,3.55,3640,128640,6898080
FINNIFTY02JAN2421600CE.NFO,02/01/2024,09:27:06,3.6,3.55,24560,3.6,1800,178440,6898080
FINNIFTY02JAN2421600CE.NFO,02/01/2024,09:27:08,3.9,3.9,9280,3.95,16800,121840,6898080
FINNIFTY02JAN2421600CE.NFO,02/01/2024,09:27:09,3.9,3.95,20600,4,12000,201320,6898080
FINNIFTY02JAN2421600CE.NFO,02/01/2024,09:27:11,3.75,3.7,15440,3.75,22560,121240,6898080
FINNIFTY02JAN2421600CE.NFO,02/01/2024,09:27:13,3.75,3.75,22760,3.8,3120,139440,6898080
FINNIFTY02JAN2421600CE.NFO,02/01/2024,09:27:14,3.7,3.65,12360,3.7,21160,79240,6898080
FINNIFTY02JAN2421600CE.NFO,02/01/2024,09:27:16,3.7,3.6,29040,3.7,32040,142040,6898080
FINNIFTY02JAN2421600CE.NFO,02/01/2024,09:27:18,3.65,3.6,27240,3.65,14240,94480,6898080
FINNIFTY02JAN2421600CE.NFO,02/01/2024,09:27:19,3.7,3.6,34160,3.7,36800,141920,6898080
FINNIFTY02JAN2421600CE.NFO,02/01/2024,09:27:21,3.8,3.7,29360,3.8,37640,66840,6898080
FINNIFTY02JAN2421600CE.NFO,02/01/2024,09:27:23,3.8,3.75,40000,3.8,4360,78600,6898080
FINNIFTY02JAN2421600CE.NFO,02/01/2024,09:27:24,3.8,3.75,33600,3.8,11240,34360,6898080
FINNIFTY02JAN2421600CE.NFO,02/01/2024,09:27:26,3.6,3.55,33000,3.6,10720,147920,6898080
FINNIFTY02JAN2421600CE.NFO,02/01/2024,09:27:28,3.55,3.5,28640,3.55,26920,120840,6898080
FINNIFTY02JAN2421600CE.NFO,02/01/2024,09:27:29,3.45,3.45,34200,3.5,10160,69520,6898080
FINNIFTY02JAN2421600CE.NFO,02/01/2024,09:27:31,3.45,3.4,40600,3.45,4400,97720,6898080
FINNIFTY02JAN2421600CE.NFO,02/01/2024,09:27:33,3.45,3.4,37600,3.45,14760,125640,6898080
FINNIFTY02JAN2421600CE.NFO,02/01/2024,09:27:34,3.5,3.45,37200,3.55,43320,161480,6898080
FINNIFTY02JAN2421600CE.NFO,02/01/2024,09:27:36,3.7,3.7,20480,3.75,16360,201920,6898080
FINNIFTY02JAN2421600CE.NFO,02/01/2024,09:27:38,3.7,3.7,27000,3.75,12520,105560,6898080
FINNIFTY02JAN2421600CE.NFO,02/01/2024,09:27:39,3.7,3.7,8160,3.75,42080,95200,6898080
FINNIFTY02JAN2421600CE.NFO,02/01/2024,09:27:41,3.75,3.7,24080,3.75,24520,149600,6898080
FINNIFTY02JAN2421600CE.NFO,02/01/2024,09:27:43,3.85,3.8,43360,3.9,39600,62680,6898080
FINNIFTY02JAN2421600CE.NFO,02/01/2024,09:27:44,3.75,3.7,7880,3.75,43040,71640,6898080
FINNIFTY02JAN2421600CE.NFO,02/01/2024,09:27:46,3.65,3.65,41360,3.7,25120,45320,6898080
FINNIFTY02JAN2421600CE.NFO,02/01/2024,09:27:48,3.65,3.65,45760,3.7,11640,39440,6898080
FINNIFTY02JAN2421600CE.NFO,02/01/2024,09:27:49,3.85,3.8,23640,3.85,21840,45120,6898080
FINNIFTY02JAN2421600CE.NFO,02/01/2024,09:27:51,3.95,3.9,25880,3.95,26960,98200,6898080
FINNIFTY02JAN2421600CE.NFO,02/01/2024,09:27:53,4.2,4.2,27320,4.25,360,279800,6898080
FINNIFTY02JAN2421600CE.NFO,02/01/2024,09:27:54,4.15,4.1,26920,4.15,4480,116880,6898080
FINNIFTY02JAN2421600CE.NFO,02/01/2024,09:27:56,4.2,4.2,31360,4.3,30120,148240,6898080
FINNIFTY02JAN2421600CE.NFO,02/01/2024,09:27:58,5.3,5.25,440,5.3,2760,742440,6898080
FINNIFTY02JAN2421600CE.NFO,02/01/2024,09:27:58,6.25,5.25,440,5.3,2760,0,6898080
FINNIFTY02JAN2421600CE.NFO,02/01/2024,09:27:59,4.9,4.8,9120,4.85,2720,318440,6898080
FINNIFTY02JAN2421600CE.NFO,02/01/2024,09:28:01,4.75,4.8,4520,4.85,9400,254640,6898080
FINNIFTY02JAN2421600CE.NFO,02/01/2024,09:28:03,5.05,5,4040,5.05,10720,218720,6898080
FINNIFTY02JAN2421600CE.NFO,02/01/2024,09:28:04,5.1,5.1,2240,5.15,12040,192280,6898080
FINNIFTY02JAN2421600CE.NFO,02/01/2024,09:28:06,4.7,4.65,13920,4.7,1800,207520,6898080
FINNIFTY02JAN2421600CE.NFO,02/01/2024,09:28:08,4.7,4.7,20520,4.75,2720,112960,6898080
FINNIFTY02JAN2421600CE.NFO,02/01/2024,09:28:09,4.65,4.65,22280,4.75,18000,136360,6898080
FINNIFTY02JAN2421600CE.NFO,02/01/2024,09:28:11,4.6,4.6,9880,4.65,8560,82480,6898080
FINNIFTY02JAN2421600CE.NFO,02/01/2024,09:28:13,4.55,4.5,17960,4.55,6120,117480,6898080
FINNIFTY02JAN2421600CE.NFO,02/01/2024,09:28:14,4.5,4.45,2880,4.5,14400,114520,6898080
FINNIFTY02JAN2421600CE.NFO,02/01/2024,09:28:16,4.65,4.6,15600,4.65,14480,124120,6898080
FINNIFTY02JAN2421600CE.NFO,02/01/2024,09:28:18,4.6,4.55,12960,4.6,14320,102960,6898080
FINNIFTY02JAN2421600CE.NFO,02/01/2024,09:28:19,4.5,4.5,9840,4.55,18320,88160,6898080
FINNIFTY02JAN2421600CE.NFO,02/01/2024,09:28:21,4.65,4.6,21320,4.7,22200,119920,6898080
FINNIFTY02JAN2421600CE.NFO,02/01/2024,09:28:23,4.6,4.6,24680,4.7,21640,146280,6898080
FINNIFTY02JAN2421600CE.NFO,02/01/2024,09:28:24,4.85,4.85,18760,4.95,16080,143200,6898080
FINNIFTY02JAN2421600CE.NFO,02/01/2024,09:28:26,4.85,4.85,8800,4.9,14080,134240,6898080
FINNIFTY02JAN2421600CE.NFO,02/01/2024,09:28:28,4.8,4.75,4840,4.8,22600,77920,6898080
FINNIFTY02JAN2421600CE.NFO,02/01/2024,09:28:29,4.8,4.8,10520,4.85,21800,73120,6898080
FINNIFTY02JAN2421600CE.NFO,02/01/2024,09:28:31,4.7,4.65,2960,4.7,25800,89360,6898080
FINNIFTY02JAN2421600CE.NFO,02/01/2024,09:28:33,4.5,4.45,16200,4.5,9960,145480,6898080
FINNIFTY02JAN2421600CE.NFO,02/01/2024,09:28:34,4.4,4.4,24200,4.45,4680,65000,6898080
FINNIFTY02JAN2421600CE.NFO,02/01/2024,09:28:36,4.25,4.2,19040,4.25,2160,95040,6898080
FINNIFTY02JAN2421600CE.NFO,02/01/2024,09:28:38,4.45,4.4,11160,4.45,13520,148960,6898080
FINNIFTY02JAN2421600CE.NFO,02/01/2024,09:28:39,4.5,4.45,12840,4.5,13680,56160,6898080
FINNIFTY02JAN2421600CE.NFO,02/01/2024,09:28:41,4.6,4.5,18720,4.6,29440,60960,6898080
FINNIFTY02JAN2421600CE.NFO,02/01/2024,09:28:43,4.5,4.45,22400,4.55,27000,110440,6898080
FINNIFTY02JAN2421600CE.NFO,02/01/2024,09:28:44,4.6,4.6,15280,4.65,13000,85480,6898080
FINNIFTY02JAN2421600CE.NFO,02/01/2024,09:28:46,4.75,4.7,15320,4.75,7560,83760,6898080
FINNIFTY02JAN2421600CE.NFO,02/01/2024,09:28:48,4.7,4.65,7000,4.7,25280,85680,6898080
FINNIFTY02JAN2421600CE.NFO,02/01/2024,09:28:49,4.65,4.6,16600,4.65,13240,37680,6898080
FINNIFTY02JAN2421600CE.NFO,02/01/2024,09:28:51,4.75,4.65,27400,4.7,1800,30000,6898080
FINNIFTY02JAN2421600CE.NFO,02/01/2024,09:28:53,4.65,4.6,7280,4.65,21440,70640,6898080
FINNIFTY02JAN2421600CE.NFO,02/01/2024,09:28:54,4.65,4.6,7280,4.65,24920,69200,6898080
FINNIFTY02JAN2421600CE.NFO,02/01/2024,09:28:56,4.5,4.5,5040,4.55,25400,65960,6898080
FINNIFTY02JAN2421600CE.NFO,02/01/2024,09:28:58,4.45,4.4,13280,4.45,23520,67680,6898080
FINNIFTY02JAN2421600CE.NFO,02/01/2024,09:28:59,4.4,4.4,14560,4.45,16280,28080,6898080
FINNIFTY02JAN2421600CE.NFO,02/01/2024,09:29:01,4.4,4.3,29240,4.4,33240,86480,6898080
FINNIFTY02JAN2421600CE.NFO,02/01/2024,09:29:03,4.25,4.2,27320,4.25,10320,56520,6898080
FINNIFTY02JAN2421600CE.NFO,02/01/2024,09:29:04,4.3,4.25,27800,4.3,1800,71840,6898080
FINNIFTY02JAN2421600CE.NFO,02/01/2024,09:29:06,4.2,4.2,6040,4.25,31560,81800,6898080
FINNIFTY02JAN2421600CE.NFO,02/01/2024,09:29:08,4.15,4.1,46280,4.2,36320,121600,6898080
FINNIFTY02JAN2421600CE.NFO,02/01/2024,09:29:09,4.15,4.1,16280,4.15,9200,109440,6898080
FINNIFTY02JAN2421600CE.NFO,02/01/2024,09:29:11,4.25,4.2,6960,4.25,35120,103440,6898080
FINNIFTY02JAN2421600CE.NFO,02/01/2024,09:29:13,4.45,4.4,13800,4.45,29240,105200,6898080
FINNIFTY02JAN2421600CE.NFO,02/01/2024,09:29:14,4.3,4.3,9240,4.35,28120,102840,6898080
FINNIFTY02JAN2421600CE.NFO,02/01/2024,09:29:16,4.25,4.25,19320,4.3,23920,68640,6898080
FINNIFTY02JAN2421600CE.NFO,02/01/2024,09:29:18,4.3,4.25,23920,4.3,12240,76800,6898080
FINNIFTY02JAN2421600CE.NFO,02/01/2024,09:29:19,4.3,4.25,8000,4.3,32840,74560,6898080
FINNIFTY02JAN2421600CE.NFO,02/01/2024,09:29:21,4.3,4.25,19080,4.3,31920,51120,6898080
FINNIFTY02JAN2421600CE.NFO,02/01/2024,09:29:23,4.2,4.2,22680,4.25,14880,88440,6898080
FINNIFTY02JAN2421600CE.NFO,02/01/2024,09:29:24,4.35,4.3,23280,4.35,24360,62880,6909040
FINNIFTY02JAN2421600CE.NFO,02/01/2024,09:29:26,4.25,4.2,5880,4.25,23400,93440,6909040
FINNIFTY02JAN2421600CE.NFO,02/01/2024,09:29:28,4.2,4.15,21200,4.2,30800,71960,6909040
FINNIFTY02JAN2421600CE.NFO,02/01/2024,09:29:30,4.25,4.2,34920,4.25,5240,25440,6909040
FINNIFTY02JAN2421600CE.NFO,02/01/2024,09:29:31,4.25,4.25,12880,4.3,43680,46560,6909040
FINNIFTY02JAN2421600CE.NFO,02/01/2024,09:29:33,4.25,4.2,18280,4.25,22760,54800,6909040
FINNIFTY02JAN2421600CE.NFO,02/01/2024,09:29:35,4.3,4.25,33040,4.3,2880,66760,6909040
FINNIFTY02JAN2421600CE.NFO,02/01/2024,09:29:36,4.45,4.4,9280,4.45,38000,45040,6909040
FINNIFTY02JAN2421600CE.NFO,02/01/2024,09:29:38,4.55,4.55,7320,4.6,27120,95520,6909040
FINNIFTY02JAN2421600CE.NFO,02/01/2024,09:29:40,4.6,4.5,36920,4.6,32280,66040,6909040
FINNIFTY02JAN2421600CE.NFO,02/01/2024,09:29:41,4.55,4.5,13480,4.55,27480,45120,6909040
FINNIFTY02JAN2421600CE.NFO,02/01/2024,09:29:43,4.4,4.35,29000,4.4,21160,43320,6909040
FINNIFTY02JAN2421600CE.NFO,02/01/2024,09:29:45,4.4,4.35,28640,4.4,10560,52200,6909040
FINNIFTY02JAN2421600CE.NFO,02/01/2024,09:29:46,4.35,4.35,29720,4.4,17200,74560,6909040
FINNIFTY02JAN2421600CE.NFO,02/01/2024,09:29:48,4.35,4.35,9440,4.4,28640,55960,6909040
FINNIFTY02JAN2421600CE.NFO,02/01/2024,09:29:50,4.5,4.45,18400,4.5,29440,63200,6909040
FINNIFTY02JAN2421600CE.NFO,02/01/2024,09:29:51,4.45,4.45,30840,4.5,14480,54200,6909040
FINNIFTY02JAN2421600CE.NFO,02/01/2024,09:29:53,4.45,4.45,31440,4.5,7000,34240,6909040
FINNIFTY02JAN2421600CE.NFO,02/01/2024,09:29:55,4.45,4.4,25440,4.45,23000,82680,6909040
FINNIFTY02JAN2421600CE.NFO,02/01/2024,09:29:56,4.4,4.35,36160,4.4,5480,45680,6909040
FINNIFTY02JAN2421600CE.NFO,02/01/2024,09:29:58,4.35,4.35,22400,4.4,10920,34640,6909040
FINNIFTY02JAN2421600CE.NFO,02/01/2024,09:30:00,4.35,4.3,40440,4.35,11520,68160,6909040
FINNIFTY02JAN2421600CE.NFO,02/01/2024,09:30:01,4.35,4.35,31240,4.45,30560,198880,6909040
FINNIFTY02JAN2421600CE.NFO,02/01/2024,09:30:03,4.2,4.1,32480,4.2,42480,81600,6909040
FINNIFTY02JAN2421600CE.NFO,02/01/2024,09:30:05,4.05,4.05,8200,4.1,28160,36840,6909040
FINNIFTY02JAN2421600CE.NFO,02/01/2024,09:30:06,4,3.95,3520,4,7120,139280,6909040
FINNIFTY02JAN2421600CE.NFO,02/01/2024,09:30:08,3.95,4,14920,4.05,32440,100560,6909040
FINNIFTY02JAN2421600CE.NFO,02/01/2024,09:30:10,4.1,4.1,26800,4.15,35760,40920,6909040
FINNIFTY02JAN2421600CE.NFO,02/01/2024,09:30:11,4.15,4.15,44560,4.25,38680,54800,6909040
FINNIFTY02JAN2421600CE.NFO,02/01/2024,09:30:13,4.25,4.25,18760,4.3,41000,44880,6909040
FINNIFTY02JAN2421600CE.NFO,02/01/2024,09:30:15,4.45,4.45,12640,4.5,29760,131200,6909040
FINNIFTY02JAN2421600CE.NFO,02/01/2024,09:30:16,4.5,4.45,12960,4.5,31120,35240,6909040
FINNIFTY02JAN2421600CE.NFO,02/01/2024,09:30:18,4.6,4.6,7680,4.65,32600,103480,6909040
FINNIFTY02JAN2421600CE.NFO,02/01/2024,09:30:20,4.8,4.8,27800,4.85,5440,147440,6909040
FINNIFTY02JAN2421600CE.NFO,02/01/2024,09:30:21,4.6,4.6,22640,4.65,20520,119440,6909040
FINNIFTY02JAN2421600CE.NFO,02/01/2024,09:30:23,4.7,4.65,16720,4.7,19320,83640,6909040
FINNIFTY02JAN2421600CE.NFO,02/01/2024,09:30:25,4.55,4.5,36920,4.6,33760,49160,6909040
FINNIFTY02JAN2421600CE.NFO,02/01/2024,09:30:26,4.55,4.5,39760,4.55,4280,24880,6909040
FINNIFTY02JAN2421600CE.NFO,02/01/2024,09:30:28,4.5,4.45,30480,4.55,36360,58320,6909040
FINNIFTY02JAN2421600CE.NFO,02/01/2024,09:30:30,4.35,4.35,23000,4.4,25200,60920,6909040
FINNIFTY02JAN2421600CE.NFO,02/01/2024,09:30:31,4.3,4.3,17560,4.35,21560,84040,6909040
FINNIFTY02JAN2421600CE.NFO,02/01/2024,09:30:33,4.4,4.35,21760,4.4,22200,55400,6909040
FINNIFTY02JAN2421600CE.NFO,02/01/2024,09:30:35,4.45,4.4,18200,4.45,23240,37080,6909040
FINNIFTY02JAN2421600CE.NFO,02/01/2024,09:30:36,4.45,4.4,28920,4.45,5440,15520,6909040
FINNIFTY02JAN2421600CE.NFO,02/01/2024,09:30:38,4.4,4.35,37040,4.4,1600,34280,6909040
FINNIFTY02JAN2421600CE.NFO,02/01/2024,09:30:40,4.5,4.4,32440,4.5,36680,25160,6909040
FINNIFTY02JAN2421600CE.NFO,02/01/2024,09:30:41,4.65,4.6,24320,4.65,11000,104560,6909040
FINNIFTY02JAN2421600CE.NFO,02/01/2024,09:30:43,4.55,4.5,1760,4.55,28760,39720,6909040
FINNIFTY02JAN2421600CE.NFO,02/01/2024,09:30:45,4.6,4.55,13480,4.6,23280,42080,6909040
FINNIFTY02JAN2421600CE.NFO,02/01/2024,09:30:46,4.6,4.55,11960,4.6,25040,29720,6909040
FINNIFTY02JAN2421600CE.NFO,02/01/2024,09:30:48,4.5,4.5,28360,4.55,9320,29440,6909040
FINNIFTY02JAN2421600CE.NFO,02/01/2024,09:30:49,4.6,4.55,29280,4.6,21280,39080,6909040
FINNIFTY02JAN2421600CE.NFO,02/01/2024,09:30:51,4.5,4.5,28680,4.55,12680,50440,6909040
FINNIFTY02JAN2421600CE.NFO,02/01/2024,09:30:53,4.55,4.45,41320,4.55,32560,21080,6909040
FINNIFTY02JAN2421600CE.NFO,02/01/2024,09:30:54,4.45,4.45,28560,4.5,20360,49760,6909040
FINNIFTY02JAN2421600CE.NFO,02/01/2024,09:30:56,4.4,4.4,44240,4.45,10960,27560,6909040
FINNIFTY02JAN2421600CE.NFO,02/01/2024,09:30:58,4.45,4.4,1760,4.45,38400,53440,6909040
FINNIFTY02JAN2421600CE.NFO,02/01/2024,09:30:59,4.4,4.35,25920,4.4,26440,35280,6909040
FINNIFTY02JAN2421600CE.NFO,02/01/2024,09:31:01,4.2,4.2,44280,4.25,10000,85680,6909040
FINNIFTY02JAN2421600CE.NFO,02/01/2024,09:31:03,4.2,4.2,32840,4.25,25080,54280,6909040
FINNIFTY02JAN2421600CE.NFO,02/01/2024,09:31:04,4.1,4.05,41000,4.1,8920,69800,6909040
FINNIFTY02JAN2421600CE.NFO,02/01/2024,09:31:06,4.15,4.15,36760,4.2,20600,55320,6909040
FINNIFTY02JAN2421600CE.NFO,02/01/2024,09:31:08,4.25,4.2,11720,4.25,40720,71320,6909040
FINNIFTY02JAN2421600CE.NFO,02/01/2024,09:31:09,4.3,4.3,31560,4.35,29680,34600,6909040
FINNIFTY02JAN2421600CE.NFO,02/01/2024,09:31:11,4.25,4.25,14240,4.3,33840,81960,6909040
FINNIFTY02JAN2421600CE.NFO,02/01/2024,09:31:13,4.15,4.1,35640,4.15,26920,85120,6909040
FINNIFTY02JAN2421600CE.NFO,02/01/2024,09:31:14,4.05,4,86120,4.05,16960,63440,6909040
FINNIFTY02JAN2421600CE.NFO,02/01/2024,09:31:16,4,4,11680,4.05,44480,120600,6909040
FINNIFTY02JAN2421600CE.NFO,02/01/2024,09:31:18,4.15,4.1,36480,4.15,24120,72400,6909040
FINNIFTY02JAN2421600CE.NFO,02/01/2024,09:31:19,4.15,4.15,18080,4.2,39120,42160,6909040
FINNIFTY02JAN2421600CE.NFO,02/01/2024,09:31:21,4.1,4.05,46080,4.15,46520,33520,6909040
FINNIFTY02JAN2421600CE.NFO,02/01/2024,09:31:23,4.25,4.2,33560,4.3,50480,98880,6909040
FINNIFTY02JAN2421600CE.NFO,02/01/2024,09:31:24,4.1,4.1,34040,4.15,28560,99520,6909040
FINNIFTY02JAN2421600CE.NFO,02/01/2024,09:31:26,4.35,4.3,24280,4.35,28800,97440,6909040
FINNIFTY02JAN2421600CE.NFO,02/01/2024,09:31:27,4.35,4.3,11760,4.35,44440,35240,6909040
FINNIFTY02JAN2421600CE.NFO,02/01/2024,09:31:29,4.25,4.25,21960,4.3,37600,34400,6909040
FINNIFTY02JAN2421600CE.NFO,02/01/2024,09:31:31,4.25,4.25,8800,4.3,37120,26880,6909040
FINNIFTY02JAN2421600CE.NFO,02/01/2024,09:31:32,4.25,4.2,27400,4.25,33280,38960,6909040
FINNIFTY02JAN2421600CE.NFO,02/01/2024,09:31:34,4.15,4.1,40720,4.15,11880,44680,6909040
FINNIFTY02JAN2421600CE.NFO,02/01/2024,09:31:36,4.15,4.1,28480,4.15,27040,39640,6909040
FINNIFTY02JAN2421600CE.NFO,02/01/2024,09:31:37,4.1,4.1,22960,4.15,26480,31600,6909040
FINNIFTY02JAN2421600CE.NFO,02/01/2024,09:31:39,4.15,4.1,32480,4.15,26320,22560,6909040
FINNIFTY02JAN2421600CE.NFO,02/01/2024,09:31:41,4.1,4.05,38400,4.15,39680,27720,6909040
FINNIFTY02JAN2421600CE.NFO,02/01/2024,09:31:42,4.1,4.05,10400,4.1,46480,46280,6909040
FINNIFTY02JAN2421600CE.NFO,02/01/2024,09:31:44,4.05,4.1,3600,4.15,48560,35880,6909040
FINNIFTY02JAN2421600CE.NFO,02/01/2024,09:31:46,4.2,4.15,22240,4.2,32240,36120,6909040
FINNIFTY02JAN2421600CE.NFO,02/01/2024,09:31:47,4.15,4.1,31200,4.15,16400,18760,6909040
FINNIFTY02JAN2421600CE.NFO,02/01/2024,09:31:49,4.15,4.1,37920,4.15,5720,31400,6909040
FINNIFTY02JAN2421600CE.NFO,02/01/2024,09:31:51,4.15,4.1,45320,4.15,11320,38120,6909040
FINNIFTY02JAN2421600CE.NFO,02/01/2024,09:31:53,4.05,4,56240,4.05,28400,25120,6909040
FINNIFTY02JAN2421600CE.NFO,02/01/2024,09:31:54,3.85,3.85,1840,3.9,30360,167600,6909040
FINNIFTY02JAN2421600CE.NFO,02/01/2024,09:31:56,3.8,3.8,42960,3.85,13400,43440,6909040
FINNIFTY02JAN2421600CE.NFO,02/01/2024,09:31:58,3.85,3.85,16040,3.9,30080,79920,6909040
FINNIFTY02JAN2421600CE.NFO,02/01/2024,09:31:59,3.95,3.95,2240,4,37840,39920,6909040
FINNIFTY02JAN2421600CE.NFO,02/01/2024,09:32:01,3.85,3.8,25760,3.85,33680,42920,6909040
FINNIFTY02JAN2421600CE.NFO,02/01/2024,09:32:03,3.75,3.75,39160,3.8,8720,61560,6909040
FINNIFTY02JAN2421600CE.NFO,02/01/2024,09:32:04,3.7,3.7,34760,3.75,26560,53200,6909040
FINNIFTY02JAN2421600CE.NFO,02/01/2024,09:32:06,3.7,3.65,40120,3.7,22000,47360,6909040
FINNIFTY02JAN2421600CE.NFO,02/01/2024,09:32:08,3.7,3.65,48680,3.75,52360,67520,6909040
FINNIFTY02JAN2421600CE.NFO,02/01/2024,09:32:09,3.75,3.7,43840,3.75,23640,43960,6909040
FINNIFTY02JAN2421600CE.NFO,02/01/2024,09:32:11,3.8,3.75,22120,3.8,37720,45160,6909040
FINNIFTY02JAN2421600CE.NFO,02/01/2024,09:32:13,3.95,3.95,10960,4,49840,55120,6909040
FINNIFTY02JAN2421600CE.NFO,02/01/2024,09:32:14,3.9,3.85,14960,3.9,40160,41800,6909040
FINNIFTY02JAN2421600CE.NFO,02/01/2024,09:32:16,3.8,3.75,57560,3.8,16920,35080,6909040
FINNIFTY02JAN2421600CE.NFO,02/01/2024,09:32:17,3.8,3.75,38960,3.8,41280,3360,6909040
FINNIFTY02JAN2421600CE.NFO,02/01/2024,09:32:19,3.65,3.6,2200,3.65,47880,141840,6909040
FINNIFTY02JAN2421600CE.NFO,02/01/2024,09:32:21,3.6,3.55,28840,3.6,23800,30200,6909040
FINNIFTY02JAN2421600CE.NFO,02/01/2024,09:32:22,3.65,3.6,31400,3.65,25720,68640,6909040
FINNIFTY02JAN2421600CE.NFO,02/01/2024,09:32:24,3.65,3.65,40240,3.7,26440,57520,6909040
FINNIFTY02JAN2421600CE.NFO,02/01/2024,09:32:26,3.6,3.6,49280,3.65,33040,62120,7321440
FINNIFTY02JAN2421600CE.NFO,02/01/2024,09:32:27,3.7,3.7,39880,3.75,29360,51880,7321440
FINNIFTY02JAN2421600CE.NFO,02/01/2024,09:32:29,3.8,3.75,20040,3.8,39760,53120,7321440
FINNIFTY02JAN2421600CE.NFO,02/01/2024,09:32:30,3.9,3.85,16160,3.9,49120,64040,7321440
FINNIFTY02JAN2421600CE.NFO,02/01/2024,09:32:32,3.8,3.75,2000,3.8,40760,106520,7321440
FINNIFTY02JAN2421600CE.NFO,02/01/2024,09:32:34,3.8,3.75,40080,3.8,5080,20560,7321440
FINNIFTY02JAN2421600CE.NFO,02/01/2024,09:32:35,3.8,3.75,41880,3.8,9080,53000,7321440
FINNIFTY02JAN2421600CE.NFO,02/01/2024,09:32:37,3.7,3.65,29560,3.7,24120,110120,7321440
FINNIFTY02JAN2421600CE.NFO,02/01/2024,09:32:39,3.65,3.65,23360,3.7,28680,50040,7321440
FINNIFTY02JAN2421600CE.NFO,02/01/2024,09:32:40,3.65,3.6,39160,3.65,13160,116800,7321440
FINNIFTY02JAN2421600CE.NFO,02/01/2024,09:32:42,3.55,3.55,30880,3.6,23800,94160,7321440
FINNIFTY02JAN2421600CE.NFO,02/01/2024,09:32:44,3.6,3.55,37640,3.6,160,155200,7321440
FINNIFTY02JAN2421600CE.NFO,02/01/2024,09:32:45,3.55,3.55,31280,3.6,33520,53240,7321440
FINNIFTY02JAN2421600CE.NFO,02/01/2024,09:32:47,3.55,3.5,54040,3.55,4120,71520,7321440
FINNIFTY02JAN2421600CE.NFO,02/01/2024,09:32:49,3.65,3.65,44800,3.7,15280,34960,7321440
FINNIFTY02JAN2421600CE.NFO,02/01/2024,09:32:50,3.65,3.6,35280,3.65,23640,50640,7321440
FINNIFTY02JAN2421600CE.NFO,02/01/2024,09:32:52,3.65,3.6,15840,3.65,44560,44160,7321440
FINNIFTY02JAN2421600CE.NFO,02/01/2024,09:32:54,3.65,3.6,47120,3.65,12280,67920,7321440
FINNIFTY02JAN2421600CE.NFO,02/01/2024,09:32:55,3.65,3.6,48280,3.65,21360,68880,7321440
FINNIFTY02JAN2421600CE.NFO,02/01/2024,09:32:57,3.6,3.6,30640,3.65,40760,12800,7321440
FINNIFTY02JAN2421600CE.NFO,02/01/2024,09:32:59,3.7,3.65,13880,3.7,51200,14800,7321440
FINNIFTY02JAN2421600CE.NFO,02/01/2024,09:33:00,3.65,3.65,22080,3.7,21800,80520,7321440
FINNIFTY02JAN2421600CE.NFO,02/01/2024,09:33:02,3.7,3.7,51640,3.75,5000,65560,7321440
FINNIFTY02JAN2421600CE.NFO,02/01/2024,09:33:04,3.65,3.65,5240,3.7,43760,66320,7321440
FINNIFTY02JAN2421600CE.NFO,02/01/2024,09:33:05,3.6,3.6,58520,3.7,55400,31800,7321440
FINNIFTY02JAN2421600CE.NFO,02/01/2024,09:33:07,3.6,3.6,45400,3.65,38360,13320,7321440
FINNIFTY02JAN2421600CE.NFO,02/01/2024,09:33:09,3.6,3.6,57600,3.65,17440,22560,7321440
FINNIFTY02JAN2421600CE.NFO,02/01/2024,09:33:10,3.6,3.6,45720,3.65,36200,14920,7321440
FINNIFTY02JAN2421600CE.NFO,02/01/2024,09:33:12,3.6,3.55,45520,3.6,20920,40640,7321440
FINNIFTY02JAN2421600CE.NFO,02/01/2024,09:33:14,3.55,3.5,94200,3.55,14280,21000,7321440
FINNIFTY02JAN2421600CE.NFO,02/01/2024,09:33:15,3.5,3.45,85400,3.5,40680,94120,7321440
FINNIFTY02JAN2421600CE.NFO,02/01/2024,09:33:17,3.4,3.4,21440,3.45,32960,127440,7321440
FINNIFTY02JAN2421600CE.NFO,02/01/2024,09:33:19,3.5,3.5,32920,3.55,39480,82200,7321440
FINNIFTY02JAN2421600CE.NFO,02/01/2024,09:33:20,3.5,3.5,43000,3.55,16840,37880,7321440
FINNIFTY02JAN2421600CE.NFO,02/01/2024,09:33:22,3.5,3.5,17400,3.55,39400,18360,7321440
FINNIFTY02JAN2421600CE.NFO,02/01/2024,09:33:24,3.5,3.45,40520,3.5,41680,15920,7321440
FINNIFTY02JAN2421600CE.NFO,02/01/2024,09:33:25,3.4,3.35,34400,3.4,23360,96440,7321440
FINNIFTY02JAN2421600CE.NFO,02/01/2024,09:33:27,3.45,3.4,18040,3.45,36400,59720,7321440
FINNIFTY02JAN2421600CE.NFO,02/01/2024,09:33:29,3.4,3.4,46240,3.45,24600,27880,7321440
FINNIFTY02JAN2421600CE.NFO,02/01/2024,09:33:30,3.55,3.5,27800,3.55,41400,37480,7321440
FINNIFTY02JAN2421600CE.NFO,02/01/2024,09:33:32,3.5,3.5,10400,3.55,48040,45840,7321440
FINNIFTY02JAN2421600CE.NFO,02/01/2024,09:33:34,3.45,3.45,3080,3.5,44560,30280,7321440
FINNIFTY02JAN2421600CE.NFO,02/01/2024,09:33:35,3.4,3.35,44720,3.4,15520,74680,7321440
FINNIFTY02JAN2421600CE.NFO,02/01/2024,09:33:37,3.55,3.55,7920,3.6,69240,81480,7321440
FINNIFTY02JAN2421600CE.NFO,02/01/2024,09:33:39,3.5,3.45,26480,3.5,35000,41280,7321440
FINNIFTY02JAN2421600CE.NFO,02/01/2024,09:33:40,3.5,3.5,30840,3.55,25360,44240,7321440
FINNIFTY02JAN2421600CE.NFO,02/01/2024,09:33:42,3.55,3.55,27440,3.6,61280,19320,7321440
FINNIFTY02JAN2421600CE.NFO,02/01/2024,09:33:44,3.6,3.6,13680,3.65,45920,83640,7321440
FINNIFTY02JAN2421600CE.NFO,02/01/2024,09:33:45,3.65,3.6,21440,3.65,35760,39280,7321440
FINNIFTY02JAN2421600CE.NFO,02/01/2024,09:33:47,3.6,3.55,49720,3.65,52800,53200,7321440
FINNIFTY02JAN2421600CE.NFO,02/01/2024,09:33:49,3.65,3.6,27240,3.65,29120,14360,7321440
FINNIFTY02JAN2421600CE.NFO,02/01/2024,09:33:50,3.85,3.85,45200,3.9,23560,57560,7321440
FINNIFTY02JAN2421600CE.NFO,02/01/2024,09:33:52,3.9,3.85,53720,3.95,47920,43440,7321440
FINNIFTY02JAN2421600CE.NFO,02/01/2024,09:33:54,3.9,3.9,45480,3.95,13320,182600,7321440
FINNIFTY02JAN2421600CE.NFO,02/01/2024,09:33:55,3.85,3.85,12040,3.9,48440,80640,7321440
FINNIFTY02JAN2421600CE.NFO,02/01/2024,09:33:57,3.9,3.85,29240,3.9,24040,34240,7321440
FINNIFTY02JAN2421600CE.NFO,02/01/2024,09:33:59,3.95,3.85,24840,3.9,22280,38920,7321440
FINNIFTY02JAN2421600CE.NFO,02/01/2024,09:34:01,3.9,3.85,17720,3.9,40960,48120,7321440
FINNIFTY02JAN2421600CE.NFO,02/01/2024,09:34:02,3.8,3.75,44520,3.8,2160,75920,7321440
FINNIFTY02JAN2421600CE.NFO,02/01/2024,09:34:04,3.75,3.75,35640,3.8,28120,32640,7321440
FINNIFTY02JAN2421600CE.NFO,02/01/2024,09:34:06,3.8,3.75,58880,3.8,13960,14320,7321440
FINNIFTY02JAN2421600CE.NFO,02/01/2024,09:34:07,3.7,3.7,54000,3.75,23840,30080,7321440
FINNIFTY02JAN2421600CE.NFO,02/01/2024,09:34:09,3.75,3.75,23560,3.8,43280,61680,7321440
FINNIFTY02JAN2421600CE.NFO,02/01/2024,09:34:11,3.7,3.7,12080,3.75,41640,22000,7321440
FINNIFTY02JAN2421600CE.NFO,02/01/2024,09:34:12,3.7,3.7,23440,3.75,26920,62320,7321440
FINNIFTY02JAN2421600CE.NFO,02/01/2024,09:34:14,3.8,3.75,4600,3.8,42720,41080,7321440
FINNIFTY02JAN2421600CE.NFO,02/01/2024,09:34:16,3.75,3.7,44120,3.75,11800,38560,7321440
FINNIFTY02JAN2421600CE.NFO,02/01/2024,09:34:17,3.65,3.65,34240,3.7,40720,19880,7321440
FINNIFTY02JAN2421600CE.NFO,02/01/2024,09:34:19,3.7,3.65,5760,3.7,46080,90560,7321440
FINNIFTY02JAN2421600CE.NFO,02/01/2024,09:34:21,3.65,3.65,1240,3.7,39040,32280,7321440
FINNIFTY02JAN2421600CE.NFO,02/01/2024,09:34:22,3.55,3.55,45480,3.6,13960,34640,7321440
FINNIFTY02JAN2421600CE.NFO,02/01/2024,09:34:24,3.5,3.45,50080,3.5,14040,43120,7321440
FINNIFTY02JAN2421600CE.NFO,02/01/2024,09:34:26,3.45,3.45,7000,3.5,40240,29520,7321440
FINNIFTY02JAN2421600CE.NFO,02/01/2024,09:34:27,3.5,3.5,18440,3.55,45000,38200,7321440
FINNIFTY02JAN2421600CE.NFO,02/01/2024,09:34:29,3.55,3.5,55000,3.55,11800,51640,7321440
FINNIFTY02JAN2421600CE.NFO,02/01/2024,09:34:31,3.5,3.45,42520,3.5,28720,32640,7321440
FINNIFTY02JAN2421600CE.NFO,02/01/2024,09:34:32,3.5,3.5,30040,3.55,41920,35040,7321440
FINNIFTY02JAN2421600CE.NFO,02/01/2024,09:34:34,3.55,3.55,23080,3.6,42120,29560,7321440
FINNIFTY02JAN2421600CE.NFO,02/01/2024,09:34:36,3.55,3.55,15120,3.6,52680,13360,7321440
FINNIFTY02JAN2421600CE.NFO,02/01/2024,09:34:37,3.55,3.55,39680,3.6,40200,13440,7321440
FINNIFTY02JAN2421600CE.NFO,02/01/2024,09:34:39,3.5,3.5,3120,3.55,52200,43400,7321440
FINNIFTY02JAN2421600CE.NFO,02/01/2024,09:34:41,3.5,3.5,7000,3.55,49160,36680,7321440
FINNIFTY02JAN2421600CE.NFO,02/01/2024,09:34:42,3.6,3.6,44440,3.65,16720,17680,7321440
FINNIFTY02JAN2421600CE.NFO,02/01/2024,09:34:44,3.65,3.6,26200,3.65,42640,15200,7321440
FINNIFTY02JAN2421600CE.NFO,02/01/2024,09:34:46,3.6,3.55,42800,3.6,13520,16680,7321440
FINNIFTY02JAN2421600CE.NFO,02/01/2024,09:34:47,3.65,3.6,14440,3.65,45240,20240,7321440
FINNIFTY02JAN2421600CE.NFO,02/01/2024,09:34:49,3.65,3.6,26080,3.65,35320,6840,7321440
FINNIFTY02JAN2421600CE.NFO,02/01/2024,09:34:51,3.6,3.55,47080,3.6,4520,16360,7321440
FINNIFTY02JAN2421600CE.NFO,02/01/2024,09:34:52,3.5,3.5,31080,3.55,34560,74440,7321440
FINNIFTY02JAN2421600CE.NFO,02/01/2024,09:34:54,3.5,3.45,55640,3.5,5160,20280,7321440
FINNIFTY02JAN2421600CE.NFO,02/01/2024,09:34:56,3.55,3.55,13320,3.6,45440,31840,7321440
FINNIFTY02JAN2421600CE.NFO,02/01/2024,09:34:57,3.6,3.55,36640,3.6,34720,52800,7321440
FINNIFTY02JAN2421600CE.NFO,02/01/2024,09:34:59,3.65,3.6,34640,3.65,32200,72600,7321440
FINNIFTY02JAN2421600CE.NFO,02/01/2024,09:35:01,3.65,3.6,42960,3.65,6360,77800,7321440
FINNIFTY02JAN2421600CE.NFO,02/01/2024,09:35:02,3.65,3.6,43480,3.65,16160,28880,7321440
FINNIFTY02JAN2421600CE.NFO,02/01/2024,09:35:04,3.65,3.65,42040,3.7,27080,27360,7321440
FINNIFTY02JAN2421600CE.NFO,02/01/2024,09:35:06,3.7,3.65,18400,3.7,27640,136480,7321440
FINNIFTY02JAN2421600CE.NFO,02/01/2024,09:35:07,3.65,3.6,44200,3.65,1120,58600,7321440
FINNIFTY02JAN2421600CE.NFO,02/01/2024,09:35:09,3.7,3.6,51280,3.7,37680,29680,7321440
FINNIFTY02JAN2421600CE.NFO,02/01/2024,09:35:11,3.65,3.6,21200,3.65,37040,31800,7321440
FINNIFTY02JAN2421600CE.NFO,02/01/2024,09:35:12,3.5,3.5,44920,3.55,13000,18320,7321440
FINNIFTY02JAN2421600CE.NFO,02/01/2024,09:35:14,3.65,3.6,32600,3.65,36800,28640,7321440
FINNIFTY02JAN2421600CE.NFO,02/01/2024,09:35:16,3.6,3.6,9720,3.65,50200,39920,7321440
FINNIFTY02JAN2421600CE.NFO,02/01/2024,09:35:17,3.55,3.55,8280,3.6,40240,36960,7321440
FINNIFTY02JAN2421600CE.NFO,02/01/2024,09:35:19,3.7,3.65,33920,3.7,27880,57480,7321440
FINNIFTY02JAN2421600CE.NFO,02/01/2024,09:35:21,3.9,3.85,22560,3.9,53120,54720,7321440
FINNIFTY02JAN2421600CE.NFO,02/01/2024,09:35:22,3.8,3.7,51120,3.8,44360,76960,7321440
FINNIFTY02JAN2421600CE.NFO,02/01/2024,09:35:24,3.75,3.7,28600,3.75,25040,32520,7321440
FINNIFTY02JAN2421600CE.NFO,02/01/2024,09:35:26,3.8,3.75,27680,3.8,42240,14800,7673480
FINNIFTY02JAN2421600CE.NFO,02/01/2024,09:35:27,3.7,3.7,26360,3.75,40840,31280,7673480
FINNIFTY02JAN2421600CE.NFO,02/01/2024,09:35:29,3.7,3.7,26240,3.75,42640,12720,7673480
FINNIFTY02JAN2421600CE.NFO,02/01/2024,09:35:31,3.7,3.65,25040,3.7,33320,27360,7673480
FINNIFTY02JAN2421600CE.NFO,02/01/2024,09:35:32,3.65,3.65,28920,3.7,33800,25560,7673480
FINNIFTY02JAN2421600CE.NFO,02/01/2024,09:35:34,3.75,3.7,32520,3.75,21400,15840,7673480
FINNIFTY02JAN2421600CE.NFO,02/01/2024,09:35:36,3.65,3.65,35360,3.7,14560,10800,7673480
FINNIFTY02JAN2421600CE.NFO,02/01/2024,09:35:37,3.6,3.6,25520,3.65,39920,30000,7673480
FINNIFTY02JAN2421600CE.NFO,02/01/2024,09:35:39,3.55,3.55,33680,3.6,23400,57840,7673480
FINNIFTY02JAN2421600CE.NFO,02/01/2024,09:35:41,3.55,3.55,22960,3.6,28600,14080,7673480
FINNIFTY02JAN2421600CE.NFO,02/01/2024,09:35:42,3.55,3.55,21200,3.6,28480,12000,7673480
FINNIFTY02JAN2421600CE.NFO,02/01/2024,09:35:44,3.5,3.5,62000,3.55,5280,27880,7673480
FINNIFTY02JAN2421600CE.NFO,02/01/2024,09:35:46,3.35,3.35,52280,3.4,18920,81600,7673480
FINNIFTY02JAN2421600CE.NFO,02/01/2024,09:35:47,3.4,3.35,6360,3.4,37440,35440,7673480
FINNIFTY02JAN2421600CE.NFO,02/01/2024,09:35:49,3.4,3.35,44640,3.4,6720,71800,7673480
FINNIFTY02JAN2421600CE.NFO,02/01/2024,09:35:51,3.4,3.4,9240,3.45,47800,13880,7673480
FINNIFTY02JAN2421600CE.NFO,02/01/2024,09:35:52,3.35,3.35,47920,3.4,25000,15120,7673480
FINNIFTY02JAN2421600CE.NFO,02/01/2024,09:35:54,3.35,3.3,53800,3.35,24760,47720,7673480
FINNIFTY02JAN2421600CE.NFO,02/01/2024,09:35:56,3.25,3.25,33880,3.3,30440,131240,7673480
FINNIFTY02JAN2421600CE.NFO,02/01/2024,09:35:57,3.25,3.2,49000,3.25,15840,29320,7673480
FINNIFTY02JAN2421600CE.NFO,02/01/2024,09:35:59,3.2,3.2,35640,3.25,19720,70560,7673480
FINNIFTY02JAN2421600CE.NFO,02/01/2024,09:36:01,3.2,3.15,59000,3.2,16400,33200,7673480
FINNIFTY02JAN2421600CE.NFO,02/01/2024,09:36:02,3.2,3.15,50040,3.2,1920,88080,7673480
FINNIFTY02JAN2421600CE.NFO,02/01/2024,09:36:04,3.2,3.2,32640,3.25,31640,72440,7673480
FINNIFTY02JAN2421600CE.NFO,02/01/2024,09:36:06,3.2,3.15,27960,3.2,25080,85040,7673480
FINNIFTY02JAN2421600CE.NFO,02/01/2024,09:36:07,3.2,3.15,22720,3.2,23600,47840,7673480
FINNIFTY02JAN2421600CE.NFO,02/01/2024,09:36:09,3.25,3.2,12040,3.25,36360,48840,7673480
FINNIFTY02JAN2421600CE.NFO,02/01/2024,09:36:11,3.25,3.2,26600,3.25,45680,19040,7673480
FINNIFTY02JAN2421600CE.NFO,02/01/2024,09:36:12,3.15,3.15,53480,3.2,15280,37960,7673480
FINNIFTY02JAN2421600CE.NFO,02/01/2024,09:36:14,3.1,3.1,880,3.15,43720,51760,7673480
FINNIFTY02JAN2421600CE.NFO,02/01/2024,09:36:16,3.05,3.05,39000,3.1,23800,81480,7673480
FINNIFTY02JAN2421600CE.NFO,02/01/2024,09:36:17,3.05,3.05,16040,3.1,41480,103360,7673480
FINNIFTY02JAN2421600CE.NFO,02/01/2024,09:36:19,3.1,3.1,1560,3.15,51200,105400,7673480
FINNIFTY02JAN2421600CE.NFO,02/01/2024,09:36:21,3.1,3.05,48320,3.1,2520,30360,7673480
FINNIFTY02JAN2421600CE.NFO,02/01/2024,09:36:22,3.05,3.05,29920,3.1,34560,34000,7673480
FINNIFTY02JAN2421600CE.NFO,02/01/2024,09:36:24,3.1,3.1,34000,3.15,18520,28400,7673480
FINNIFTY02JAN2421600CE.NFO,02/01/2024,09:36:26,3.15,3.1,38240,3.15,22200,31680,7673480
FINNIFTY02JAN2421600CE.NFO,02/01/2024,09:36:27,3.1,3.1,25200,3.15,25480,18680,7673480
FINNIFTY02JAN2421600CE.NFO,02/01/2024,09:36:29,3.2,3.2,17000,3.25,41040,35720,7673480
FINNIFTY02JAN2421600CE.NFO,02/01/2024,09:36:31,3.25,3.2,55040,3.25,5680,55760,7673480
FINNIFTY02JAN2421600CE.NFO,02/01/2024,09:36:32,3.25,3.2,32840,3.25,25760,51160,7673480
FINNIFTY02JAN2421600CE.NFO,02/01/2024,09:36:34,3.2,3.2,45600,3.25,26840,15680,7673480
FINNIFTY02JAN2421600CE.NFO,02/01/2024,09:36:36,3.2,3.2,32960,3.25,27920,37800,7673480
FINNIFTY02JAN2421600CE.NFO,02/01/2024,09:36:37,3.2,3.15,27600,3.2,34600,35120,7673480
FINNIFTY02JAN2421600CE.NFO,02/01/2024,09:36:39,3.2,3.2,25520,3.25,43240,14480,7673480
FINNIFTY02JAN2421600CE.NFO,02/01/2024,09:36:41,3.3,3.25,45160,3.3,26680,14680,7673480
FINNIFTY02JAN2421600CE.NFO,02/01/2024,09:36:42,3.3,3.25,63120,3.3,15600,53480,7673480
FINNIFTY02JAN2421600CE.NFO,02/01/2024,09:36:44,3.3,3.3,24680,3.35,58200,74640,7673480
FINNIFTY02JAN2421600CE.NFO,02/01/2024,09:36:46,3.3,3.3,5800,3.35,56640,40960,7673480
FINNIFTY02JAN2421600CE.NFO,02/01/2024,09:36:47,3.3,3.25,52720,3.3,8560,35680,7673480
FINNIFTY02JAN2421600CE.NFO,02/01/2024,09:36:49,3.3,3.25,14400,3.3,32880,37320,7673480
FINNIFTY02JAN2421600CE.NFO,02/01/2024,09:36:51,3.3,3.25,40200,3.3,20200,18400,7673480
FINNIFTY02JAN2421600CE.NFO,02/01/2024,09:36:52,3.35,3.3,33040,3.35,56160,18640,7673480
FINNIFTY02JAN2421600CE.NFO,02/01/2024,09:36:54,3.3,3.3,61200,3.35,32000,24440,7673480
FINNIFTY02JAN2421600CE.NFO,02/01/2024,09:36:56,3.3,3.3,26000,3.35,46680,27640,7673480
FINNIFTY02JAN2421600CE.NFO,02/01/2024,09:36:57,3.25,3.25,69480,3.3,18120,43920,7673480
FINNIFTY02JAN2421600CE.NFO,02/01/2024,09:36:59,3.35,3.3,46640,3.35,36920,38120,7673480
FINNIFTY02JAN2421600CE.NFO,02/01/2024,09:37:01,3.4,3.4,83080,3.45,31440,35160,7673480
FINNIFTY02JAN2421600CE.NFO,02/01/2024,09:37:02,3.4,3.4,29320,3.45,53440,43640,7673480
FINNIFTY02JAN2421600CE.NFO,02/01/2024,09:37:04,3.4,3.4,22600,3.45,64080,25800,7673480
FINNIFTY02JAN2421600CE.NFO,02/01/2024,09:37:06,3.4,3.4,47080,3.45,41200,75840,7673480
FINNIFTY02JAN2421600CE.NFO,02/01/2024,09:37:07,3.45,3.45,25680,3.5,65200,68040,7673480
FINNIFTY02JAN2421600CE.NFO,02/01/2024,09:37:09,3.45,3.4,79880,3.45,520,32600,7673480
FINNIFTY02JAN2421600CE.NFO,02/01/2024,09:37:11,3.45,3.4,86080,3.45,12800,39600,7673480
FINNIFTY02JAN2421600CE.NFO,02/01/2024,09:37:12,3.4,3.4,57040,3.45,43640,19040,7673480
FINNIFTY02JAN2421600CE.NFO,02/01/2024,09:37:14,3.4,3.4,39080,3.45,27800,53640,7673480
FINNIFTY02JAN2421600CE.NFO,02/01/2024,09:37:16,3.4,3.4,47000,3.45,33760,40440,7673480
FINNIFTY02JAN2421600CE.NFO,02/01/2024,09:37:17,3.4,3.4,6920,3.45,60200,38000,7673480
FINNIFTY02JAN2421600CE.NFO,02/01/2024,09:37:19,3.4,3.4,19600,3.45,58520,26000,7673480
FINNIFTY02JAN2421600CE.NFO,02/01/2024,09:37:21,3.5,3.45,57640,3.5,52120,11440,7673480
FINNIFTY02JAN2421600CE.NFO,02/01/2024,09:37:22,3.45,3.45,6080,3.5,69400,17760,7673480
FINNIFTY02JAN2421600CE.NFO,02/01/2024,09:37:24,3.5,3.45,55080,3.5,34240,14560,7673480
FINNIFTY02JAN2421600CE.NFO,02/01/2024,09:37:26,3.65,3.6,14560,3.65,51840,63760,7673480
FINNIFTY02JAN2421600CE.NFO,02/01/2024,09:37:27,3.65,3.6,61320,3.65,12200,32040,7673480
FINNIFTY02JAN2421600CE.NFO,02/01/2024,09:37:29,3.65,3.65,25000,3.7,46880,37480,7673480
FINNIFTY02JAN2421600CE.NFO,02/01/2024,09:37:31,3.8,3.8,2840,3.85,62600,92920,7673480
FINNIFTY02JAN2421600CE.NFO,02/01/2024,09:37:32,3.85,3.85,15440,3.9,46720,70440,7673480
FINNIFTY02JAN2421600CE.NFO,02/01/2024,09:37:34,3.9,3.85,31000,3.9,54320,24080,7673480
FINNIFTY02JAN2421600CE.NFO,02/01/2024,09:37:36,3.85,3.85,16520,3.9,52240,37960,7673480
FINNIFTY02JAN2421600CE.NFO,02/01/2024,09:37:37,3.7,3.65,60920,3.7,2880,68520,7673480
FINNIFTY02JAN2421600CE.NFO,02/01/2024,09:37:39,3.8,3.75,14040,3.8,55920,13080,7673480
FINNIFTY02JAN2421600CE.NFO,02/01/2024,09:37:41,3.85,3.8,40800,3.85,30680,42800,7673480
FINNIFTY02JAN2421600CE.NFO,02/01/2024,09:37:42,3.8,3.8,38920,3.85,39920,88480,7673480
FINNIFTY02JAN2421600CE.NFO,02/01/2024,09:37:44,3.8,3.75,13720,3.8,49200,13320,7673480
FINNIFTY02JAN2421600CE.NFO,02/01/2024,09:37:46,3.7,3.65,41120,3.7,34280,22160,7673480
FINNIFTY02JAN2421600CE.NFO,02/01/2024,09:37:47,3.65,3.6,54280,3.65,31120,30720,7673480
FINNIFTY02JAN2421600CE.NFO,02/01/2024,09:37:49,3.7,3.65,57480,3.7,5960,46440,7673480
FINNIFTY02JAN2421600CE.NFO,02/01/2024,09:37:51,3.7,3.65,54680,3.7,14200,34360,7673480
FINNIFTY02JAN2421600CE.NFO,02/01/2024,09:37:52,3.7,3.65,9120,3.7,48440,26520,7673480
FINNIFTY02JAN2421600CE.NFO,02/01/2024,09:37:54,3.75,3.7,43240,3.75,48560,30240,7673480
FINNIFTY02JAN2421600CE.NFO,02/01/2024,09:37:56,3.75,3.7,17200,3.75,49600,24120,7673480
FINNIFTY02JAN2421600CE.NFO,02/01/2024,09:37:57,3.75,3.7,56560,3.75,4440,36320,7673480
FINNIFTY02JAN2421600CE.NFO,02/01/2024,09:37:59,3.7,3.7,38840,3.75,30840,19440,7673480
FINNIFTY02JAN2421600CE.NFO,02/01/2024,09:38:01,3.75,3.7,14480,3.75,48640,21440,7673480
FINNIFTY02JAN2421600CE.NFO,02/01/2024,09:38:02,3.7,3.65,47880,3.7,23920,36800,7673480
FINNIFTY02JAN2421600CE.NFO,02/01/2024,09:38:04,3.65,3.65,22360,3.7,40160,47200,7673480
FINNIFTY02JAN2421600CE.NFO,02/01/2024,09:38:06,3.6,3.6,48760,3.65,34880,35520,7673480
FINNIFTY02JAN2421600CE.NFO,02/01/2024,09:38:07,3.6,3.6,35400,3.65,32960,15720,7673480
FINNIFTY02JAN2421600CE.NFO,02/01/2024,09:38:09,3.6,3.6,38360,3.65,33120,10000,7673480
FINNIFTY02JAN2421600CE.NFO,02/01/2024,09:38:11,3.55,3.55,39520,3.6,35320,34840,7673480
FINNIFTY02JAN2421600CE.NFO,02/01/2024,09:38:12,3.5,3.5,64880,3.55,4680,57080,7673480
FINNIFTY02JAN2421600CE.NFO,02/01/2024,09:38:14,3.6,3.6,50080,3.65,51880,22800,7673480
FINNIFTY02JAN2421600CE.NFO,02/01/2024,09:38:16,3.7,3.65,52160,3.7,22400,22520,7673480
FINNIFTY02JAN2421600CE.NFO,02/01/2024,09:38:17,3.7,3.65,24800,3.7,46920,23040,7673480
FINNIFTY02JAN2421600CE.NFO,02/01/2024,09:38:19,3.65,3.65,1320,3.7,55200,18440,7673480
FINNIFTY02JAN2421600CE.NFO,02/01/2024,09:38:21,3.75,3.7,58920,3.75,7320,71400,7673480
FINNIFTY02JAN2421600CE.NFO,02/01/2024,09:38:22,3.8,3.8,55360,3.85,41200,43720,7673480
FINNIFTY02JAN2421600CE.NFO,02/01/2024,09:38:24,3.85,3.8,36800,3.85,43720,102920,7673480
FINNIFTY02JAN2421600CE.NFO,02/01/2024,09:38:26,3.8,3.8,21400,3.85,48680,37560,7990160
FINNIFTY02JAN2421600CE.NFO,02/01/2024,09:38:27,4.05,4,33080,4.05,1520,407960,7990160
FINNIFTY02JAN2421600CE.NFO,02/01/2024,09:38:29,3.95,3.9,25680,3.95,10800,116000,7990160
FINNIFTY02JAN2421600CE.NFO,02/01/2024,09:38:31,4.05,4,11880,4.05,27880,53800,7990160
FINNIFTY02JAN2421600CE.NFO,02/01/2024,09:38:33,3.95,3.9,39400,3.95,5480,35000,7990160
FINNIFTY02JAN2421600CE.NFO,02/01/2024,09:38:34,3.9,3.85,50400,3.9,20280,37320,7990160
FINNIFTY02JAN2421600CE.NFO,02/01/2024,09:38:36,3.75,3.7,49320,3.75,13320,96800,7990160
FINNIFTY02JAN2421600CE.NFO,02/01/2024,09:38:38,4,3.95,48280,4,2680,127520,7990160
FINNIFTY02JAN2421600CE.NFO,02/01/2024,09:38:39,4.05,4.05,19600,4.1,22120,70720,7990160
FINNIFTY02JAN2421600CE.NFO,02/01/2024,09:38:41,4.05,4,38560,4.05,23200,90880,7990160
FINNIFTY02JAN2421600CE.NFO,02/01/2024,09:38:43,3.85,3.8,52160,3.85,20920,82920,7990160
FINNIFTY02JAN2421600CE.NFO,02/01/2024,09:38:44,3.95,3.9,45920,3.95,23760,32680,7990160
FINNIFTY02JAN2421600CE.NFO,02/01/2024,09:38:46,3.85,3.85,49360,3.9,30480,17720,7990160
FINNIFTY02JAN2421600CE.NFO,02/01/2024,09:38:48,3.85,3.85,40,3.9,53160,69960,7990160
FINNIFTY02JAN2421600CE.NFO,02/01/2024,09:38:49,3.85,3.85,51080,3.9,3120,59160,7990160
FINNIFTY02JAN2421600CE.NFO,02/01/2024,09:38:51,3.85,3.8,34800,3.85,22120,66960,7990160
FINNIFTY02JAN2421600CE.NFO,02/01/2024,09:38:53,3.95,3.9,31720,3.95,34200,65360,7990160
FINNIFTY02JAN2421600CE.NFO,02/01/2024,09:38:54,4,3.95,25240,4,45480,23720,7990160
FINNIFTY02JAN2421600CE.NFO,02/01/2024,09:38:56,4.05,4.05,24400,4.1,39000,65680,7990160
FINNIFTY02JAN2421600CE.NFO,02/01/2024,09:38:58,4.35,4.35,34960,4.4,40,365200,7990160
FINNIFTY02JAN2421600CE.NFO,02/01/2024,09:38:59,4.2,4.15,31680,4.2,3760,234120,7990160
FINNIFTY02JAN2421600CE.NFO,02/01/2024,09:39:01,4.1,4.15,6080,4.2,48200,145360,7990160
FINNIFTY02JAN2421600CE.NFO,02/01/2024,09:39:03,4.5,4.5,80,4.55,11520,625800,7990160
FINNIFTY02JAN2421600CE.NFO,02/01/2024,09:39:04,4.4,4.4,7440,4.45,22600,212880,7990160
FINNIFTY02JAN2421600CE.NFO,02/01/2024,09:39:06,4.5,4.45,25080,4.5,14120,153080,7990160
FINNIFTY02JAN2421600CE.NFO,02/01/2024,09:39:08,4.5,4.45,22480,4.5,18320,104480,7990160
FINNIFTY02JAN2421600CE.NFO,02/01/2024,09:39:09,4.4,4.4,4960,4.45,26520,127880,7990160
FINNIFTY02JAN2421600CE.NFO,02/01/2024,09:39:11,4.4,4.35,17640,4.4,23200,127920,7990160
FINNIFTY02JAN2421600CE.NFO,02/01/2024,09:39:13,4.35,4.35,30320,4.45,36840,92280,7990160
FINNIFTY02JAN2421600CE.NFO,02/01/2024,09:39:14,4.45,4.4,12480,4.45,27480,52880,7990160
FINNIFTY02JAN2421600CE.NFO,02/01/2024,09:39:16,4.35,4.35,20720,4.4,20200,43160,7990160
FINNIFTY02JAN2421600CE.NFO,02/01/2024,09:39:18,4.1,4.05,39800,4.1,9200,109320,7990160
FINNIFTY02JAN2421600CE.NFO,02/01/2024,09:39:19,4.25,4.2,21560,4.25,26800,66520,7990160
FINNIFTY02JAN2421600CE.NFO,02/01/2024,09:39:21,4.3,4.3,7840,4.35,44240,41560,7990160
FINNIFTY02JAN2421600CE.NFO,02/01/2024,09:39:23,4.4,4.35,14120,4.4,36760,41760,7990160
FINNIFTY02JAN2421600CE.NFO,02/01/2024,09:39:24,4.3,4.25,11560,4.3,34800,62560,7990160
FINNIFTY02JAN2421600CE.NFO,02/01/2024,09:39:26,4.3,4.3,25280,4.35,17640,30480,7990160
FINNIFTY02JAN2421600CE.NFO,02/01/2024,09:39:28,4.55,4.5,28160,4.55,21600,116640,7990160
FINNIFTY02JAN2421600CE.NFO,02/01/2024,09:39:29,4.45,4.4,29360,4.45,17600,107600,7990160
FINNIFTY02JAN2421600CE.NFO,02/01/2024,09:39:31,4.4,4.35,10800,4.4,27680,89680,7990160
FINNIFTY02JAN2421600CE.NFO,02/01/2024,09:39:32,4.3,4.3,28960,4.35,6280,44600,7990160
FINNIFTY02JAN2421600CE.NFO,02/01/2024,09:39:34,4.35,4.3,12800,4.35,28160,20160,7990160
FINNIFTY02JAN2421600CE.NFO,02/01/2024,09:39:36,4.25,4.2,1120,4.25,33960,89160,7990160
FINNIFTY02JAN2421600CE.NFO,02/01/2024,09:39:37,4.2,4.15,37640,4.2,2600,68640,7990160
FINNIFTY02JAN2421600CE.NFO,02/01/2024,09:39:39,4.25,4.2,24440,4.25,12400,29880,7990160
FINNIFTY02JAN2421600CE.NFO,02/01/2024,09:39:41,4.25,4.25,30280,4.3,21800,32880,7990160
FINNIFTY02JAN2421600CE.NFO,02/01/2024,09:39:42,4.4,4.35,19920,4.4,27640,94960,7990160
FINNIFTY02JAN2421600CE.NFO,02/01/2024,09:39:44,4.65,4.6,36440,4.65,4200,102440,7990160
FINNIFTY02JAN2421600CE.NFO,02/01/2024,09:39:46,5.1,5.05,13800,5.1,15560,176120,7990160
FINNIFTY02JAN2421600CE.NFO,02/01/2024,09:39:47,4.7,4.7,2240,4.75,31840,230160,7990160
FINNIFTY02JAN2421600CE.NFO,02/01/2024,09:39:49,4.9,4.9,19120,4.95,8040,97920,7990160
FINNIFTY02JAN2421600CE.NFO,02/01/2024,09:39:51,4.9,4.9,9560,4.95,21080,111480,7990160
FINNIFTY02JAN2421600CE.NFO,02/01/2024,09:39:52,4.7,4.65,16560,4.7,22920,84520,7990160
FINNIFTY02JAN2421600CE.NFO,02/01/2024,09:39:54,4.75,4.75,2240,4.8,31960,128960,7990160
FINNIFTY02JAN2421600CE.NFO,02/01/2024,09:39:56,4.65,4.65,8360,4.7,36960,78080,7990160
FINNIFTY02JAN2421600CE.NFO,02/01/2024,09:39:57,4.75,4.65,26880,4.7,7480,76280,7990160
FINNIFTY02JAN2421600CE.NFO,02/01/2024,09:39:59,4.6,4.55,18920,4.6,26880,148760,7990160
FINNIFTY02JAN2421600CE.NFO,02/01/2024,09:40:01,4.3,4.3,26360,4.35,10080,192680,7990160
FINNIFTY02JAN2421600CE.NFO,02/01/2024,09:40:02,4.75,4.7,4720,4.75,40480,155840,7990160
FINNIFTY02JAN2421600CE.NFO,02/01/2024,09:40:04,4.7,4.7,28400,4.75,4680,150880,7990160
FINNIFTY02JAN2421600CE.NFO,02/01/2024,09:40:06,4.55,4.5,23760,4.55,22160,55400,7990160
FINNIFTY02JAN2421600CE.NFO,02/01/2024,09:40:07,4.5,4.45,30480,4.5,10120,56080,7990160
FINNIFTY02JAN2421600CE.NFO,02/01/2024,09:40:09,4.6,4.5,37240,4.55,2520,75600,7990160
FINNIFTY02JAN2421600CE.NFO,02/01/2024,09:40:11,4.5,4.45,21400,4.5,21600,27920,7990160
FINNIFTY02JAN2421600CE.NFO,02/01/2024,09:40:12,4.4,4.4,28880,4.45,12920,54880,7990160
FINNIFTY02JAN2421600CE.NFO,02/01/2024,09:40:14,4.45,4.45,26600,4.5,22160,40720,7990160
FINNIFTY02JAN2421600CE.NFO,02/01/2024,09:40:16,4.55,4.5,30000,4.55,14360,28080,7990160
FINNIFTY02JAN2421600CE.NFO,02/01/2024,09:40:17,4.65,4.65,2000,4.7,34360,56520,7990160
FINNIFTY02JAN2421600CE.NFO,02/01/2024,09:40:19,4.75,4.7,33440,4.75,6440,68400,7990160
FINNIFTY02JAN2421600CE.NFO,02/01/2024,09:40:21,4.8,4.75,26000,4.8,20640,86680,7990160
FINNIFTY02JAN2421600CE.NFO,02/01/2024,09:40:22,4.7,4.65,4400,4.7,34680,98240,7990160
FINNIFTY02JAN2421600CE.NFO,02/01/2024,09:40:24,4.7,4.65,23640,4.7,7880,31320,7990160
FINNIFTY02JAN2421600CE.NFO,02/01/2024,09:40:26,4.55,4.55,23160,4.6,32840,47280,7990160
FINNIFTY02JAN2421600CE.NFO,02/01/2024,09:40:27,4.5,4.5,40,4.55,31600,114880,7990160
FINNIFTY02JAN2421600CE.NFO,02/01/2024,09:40:29,4.5,4.45,25200,4.5,14960,103920,7990160
FINNIFTY02JAN2421600CE.NFO,02/01/2024,09:40:31,4.45,4.45,34680,4.55,43160,55640,7990160
FINNIFTY02JAN2421600CE.NFO,02/01/2024,09:40:32,4.45,4.45,5320,4.5,31840,57000,7990160
FINNIFTY02JAN2421600CE.NFO,02/01/2024,09:40:34,4.45,4.4,38080,4.45,1560,59080,7990160
FINNIFTY02JAN2421600CE.NFO,02/01/2024,09:40:36,4.55,4.55,18280,4.6,18560,64680,7990160
FINNIFTY02JAN2421600CE.NFO,02/01/2024,09:40:37,4.5,4.5,19040,4.55,24840,44200,7990160
FINNIFTY02JAN2421600CE.NFO,02/01/2024,09:40:39,4.55,4.55,1400,4.6,32760,31000,7990160
FINNIFTY02JAN2421600CE.NFO,02/01/2024,09:40:41,4.6,4.55,25040,4.6,11120,13920,7990160
FINNIFTY02JAN2421600CE.NFO,02/01/2024,09:40:42,4.4,4.35,34160,4.4,1720,49880,7990160
FINNIFTY02JAN2421600CE.NFO,02/01/2024,09:40:44,4.35,4.3,45440,4.35,5800,130680,7990160
FINNIFTY02JAN2421600CE.NFO,02/01/2024,09:40:46,4.2,4.2,15320,4.25,24000,94240,7990160
FINNIFTY02JAN2421600CE.NFO,02/01/2024,09:40:48,4.25,4.2,400,4.25,38440,72000,7990160
FINNIFTY02JAN2421600CE.NFO,02/01/2024,09:40:49,4.35,4.3,11280,4.35,31880,50520,7990160
FINNIFTY02JAN2421600CE.NFO,02/01/2024,09:40:51,4.35,4.35,15280,4.4,21560,35520,7990160
FINNIFTY02JAN2421600CE.NFO,02/01/2024,09:40:53,4.45,4.4,32960,4.45,9120,38640,7990160
FINNIFTY02JAN2421600CE.NFO,02/01/2024,09:40:54,4.65,4.6,15280,4.65,25400,85200,7990160
FINNIFTY02JAN2421600CE.NFO,02/01/2024,09:40:56,4.5,4.45,29080,4.55,35720,60880,7990160
FINNIFTY02JAN2421600CE.NFO,02/01/2024,09:40:58,4.45,4.45,39320,4.5,10560,18760,7990160
FINNIFTY02JAN2421600CE.NFO,02/01/2024,09:40:59,4.65,4.6,34560,4.7,49800,54760,7990160
FINNIFTY02JAN2421600CE.NFO,02/01/2024,09:41:01,4.5,4.45,1880,4.5,35880,83240,7990160
FINNIFTY02JAN2421600CE.NFO,02/01/2024,09:41:03,4.45,4.45,18480,4.5,16920,38720,7990160
FINNIFTY02JAN2421600CE.NFO,02/01/2024,09:41:04,4.5,4.5,7440,4.55,39240,12360,7990160
FINNIFTY02JAN2421600CE.NFO,02/01/2024,09:41:06,4.55,4.5,28120,4.6,36280,77960,7990160
FINNIFTY02JAN2421600CE.NFO,02/01/2024,09:41:08,4.6,4.55,22760,4.6,31280,22840,7990160
FINNIFTY02JAN2421600CE.NFO,02/01/2024,09:41:09,4.45,4.45,18760,4.5,34960,46600,7990160
FINNIFTY02JAN2421600CE.NFO,02/01/2024,09:41:11,4.45,4.45,2320,4.5,28840,21080,7990160
FINNIFTY02JAN2421600CE.NFO,02/01/2024,09:41:13,4.45,4.35,43360,4.45,46280,32640,7990160
FINNIFTY02JAN2421600CE.NFO,02/01/2024,09:41:14,4.4,4.4,27200,4.45,16760,36880,7990160
FINNIFTY02JAN2421600CE.NFO,02/01/2024,09:41:16,4.5,4.45,22000,4.5,27760,29200,7990160
FINNIFTY02JAN2421600CE.NFO,02/01/2024,09:41:18,4.4,4.4,35760,4.45,11800,28520,7990160
FINNIFTY02JAN2421600CE.NFO,02/01/2024,09:41:19,4.35,4.35,22160,4.4,20120,46160,7990160
FINNIFTY02JAN2421600CE.NFO,02/01/2024,09:41:21,4.4,4.45,7600,4.5,41600,69880,7990160
FINNIFTY02JAN2421600CE.NFO,02/01/2024,09:41:23,4.55,4.5,21240,4.55,39400,26000,7990160
FINNIFTY02JAN2421600CE.NFO,02/01/2024,09:41:24,4.5,4.5,17480,4.55,37560,3400,7990160
FINNIFTY02JAN2421600CE.NFO,02/01/2024,09:41:26,4.45,4.45,11520,4.5,34400,25960,8148160
FINNIFTY02JAN2421600CE.NFO,02/01/2024,09:41:28,4.5,4.45,52920,4.5,1560,38280,8148160
FINNIFTY02JAN2421600CE.NFO,02/01/2024,09:41:29,4.5,4.45,16080,4.5,36760,34320,8148160
FINNIFTY02JAN2421600CE.NFO,02/01/2024,09:41:31,4.45,4.45,1520,4.5,40480,26120,8148160
FINNIFTY02JAN2421600CE.NFO,02/01/2024,09:41:33,4.55,4.5,8400,4.55,35720,24360,8148160
FINNIFTY02JAN2421600CE.NFO,02/01/2024,09:41:34,4.55,4.5,45120,4.55,3240,37360,8148160
FINNIFTY02JAN2421600CE.NFO,02/01/2024,09:41:36,4.55,4.5,33840,4.55,18760,42360,8148160
FINNIFTY02JAN2421600CE.NFO,02/01/2024,09:41:38,4.5,4.45,17480,4.5,24200,29320,8148160
FINNIFTY02JAN2421600CE.NFO,02/01/2024,09:41:39,4.45,4.45,6920,4.5,41040,24480,8148160
FINNIFTY02JAN2421600CE.NFO,02/01/2024,09:41:41,4.6,4.55,29040,4.6,11560,35400,8148160
FINNIFTY02JAN2421600CE.NFO,02/01/2024,09:41:43,4.6,4.55,39600,4.6,1840,30560,8148160
FINNIFTY02JAN2421600CE.NFO,02/01/2024,09:41:44,4.6,4.55,21240,4.6,10080,16920,8148160
FINNIFTY02JAN2421600CE.NFO,02/01/2024,09:41:46,4.6,4.55,20760,4.6,16160,12800,8148160
FINNIFTY02JAN2421600CE.NFO,02/01/2024,09:41:48,4.6,4.55,12200,4.6,27320,41560,8148160
FINNIFTY02JAN2421600CE.NFO,02/01/2024,09:41:49,4.55,4.5,55120,4.55,2840,35960,8148160
FINNIFTY02JAN2421600CE.NFO,02/01/2024,09:41:51,4.45,4.4,29640,4.45,20840,57280,8148160
FINNIFTY02JAN2421600CE.NFO,02/01/2024,09:41:53,4.4,4.4,9040,4.45,25440,58360,8148160
FINNIFTY02JAN2421600CE.NFO,02/01/2024,09:41:54,4.5,4.45,19960,4.5,19160,22240,8148160
FINNIFTY02JAN2421600CE.NFO,02/01/2024,09:41:56,4.45,4.45,8160,4.5,34680,21760,8148160
FINNIFTY02JAN2421600CE.NFO,02/01/2024,09:41:58,4.45,4.45,21920,4.5,24000,13760,8148160
FINNIFTY02JAN2421600CE.NFO,02/01/2024,09:41:59,4.45,4.4,48960,4.45,2640,45640,8148160
FINNIFTY02JAN2421600CE.NFO,02/01/2024,09:42:01,4.2,4.15,24760,4.2,2520,267000,8148160
FINNIFTY02JAN2421600CE.NFO,02/01/2024,09:42:03,4.15,4.1,16800,4.15,27520,99480,8148160
FINNIFTY02JAN2421600CE.NFO,02/01/2024,09:42:04,4.15,4.15,960,4.2,30280,81120,8148160
FINNIFTY02JAN2421600CE.NFO,02/01/2024,09:42:06,4.05,4.05,10920,4.1,28480,49600,8148160
FINNIFTY02JAN2421600CE.NFO,02/01/2024,09:42:08,4.05,4.05,10520,4.1,37040,81880,8148160
FINNIFTY02JAN2421600CE.NFO,02/01/2024,09:42:09,4.15,4.1,21520,4.15,27960,113840,8148160
FINNIFTY02JAN2421600CE.NFO,02/01/2024,09:42:11,4.15,4.1,27640,4.15,9640,24080,8148160
FINNIFTY02JAN2421600CE.NFO,02/01/2024,09:42:13,4.15,4.1,8280,4.15,40160,11080,8148160
FINNIFTY02JAN2421600CE.NFO,02/01/2024,09:42:14,4.15,4.1,14280,4.15,26520,33680,8148160
FINNIFTY02JAN2421600CE.NFO,02/01/2024,09:42:16,4.1,4.05,33720,4.1,4080,26200,8148160
FINNIFTY02JAN2421600CE.NFO,02/01/2024,09:42:18,4.15,4.1,27440,4.15,14760,32560,8148160
FINNIFTY02JAN2421600CE.NFO,02/01/2024,09:42:19,4.25,4.25,19120,4.3,400,95040,8148160
FINNIFTY02JAN2421600CE.NFO,02/01/2024,09:42:21,4.2,4.15,28040,4.2,320,28600,8148160
FINNIFTY02JAN2421600CE.NFO,02/01/2024,09:42:23,4.15,4.15,24880,4.2,8000,26000,8148160
FINNIFTY02JAN2421600CE.NFO,02/01/2024,09:42:24,4.2,4.15,32960,4.2,13200,47200,8148160
FINNIFTY02JAN2421600CE.NFO,02/01/2024,09:42:26,4.15,4.1,20480,4.15,20120,16200,8148160
FINNIFTY02JAN2421600CE.NFO,02/01/2024,09:42:28,4.15,4.1,22840,4.15,18920,29520,8148160
FINNIFTY02JAN2421600CE.NFO,02/01/2024,09:42:29,4.15,4.15,31640,4.2,14800,43080,8148160
FINNIFTY02JAN2421600CE.NFO,02/01/2024,09:42:31,4.25,4.25,23640,4.3,19040,60680,8148160
FINNIFTY02JAN2421600CE.NFO,02/01/2024,09:42:33,4.25,4.2,37280,4.3,43480,44560,8148160
FINNIFTY02JAN2421600CE.NFO,02/01/2024,09:42:34,4.2,4.2,37360,4.25,25160,18520,8148160
FINNIFTY02JAN2421600CE.NFO,02/01/2024,09:42:36,4.25,4.2,35720,4.25,17280,32240,8148160
FINNIFTY02JAN2421600CE.NFO,02/01/2024,09:42:38,4.2,4.2,30080,4.25,29640,12400,8148160
FINNIFTY02JAN2421600CE.NFO,02/01/2024,09:42:39,4.35,4.3,30600,4.35,27920,53680,8148160
FINNIFTY02JAN2421600CE.NFO,02/01/2024,09:42:41,4.3,4.25,38160,4.3,17800,13560,8148160
FINNIFTY02JAN2421600CE.NFO,02/01/2024,09:42:43,4.35,4.3,5760,4.35,38000,20560,8148160
FINNIFTY02JAN2421600CE.NFO,02/01/2024,09:42:44,4.35,4.3,48960,4.35,12520,13680,8148160
FINNIFTY02JAN2421600CE.NFO,02/01/2024,09:42:46,4.3,4.25,54760,4.3,2560,39080,8148160
FINNIFTY02JAN2421600CE.NFO,02/01/2024,09:42:48,4.3,4.3,32120,4.35,24360,14960,8148160
FINNIFTY02JAN2421600CE.NFO,02/01/2024,09:42:49,4.3,4.3,21960,4.35,30000,19800,8148160
FINNIFTY02JAN2421600CE.NFO,02/01/2024,09:42:51,4.4,4.4,12320,4.45,40520,23400,8148160
FINNIFTY02JAN2421600CE.NFO,02/01/2024,09:42:53,4.55,4.5,23960,4.55,26040,70280,8148160
FINNIFTY02JAN2421600CE.NFO,02/01/2024,09:42:54,4.5,4.5,24320,4.55,24320,58560,8148160
FINNIFTY02JAN2421600CE.NFO,02/01/2024,09:42:56,4.55,4.55,26600,4.6,3520,30000,8148160
FINNIFTY02JAN2421600CE.NFO,02/01/2024,09:42:58,4.6,4.6,16160,4.65,22160,66240,8148160
FINNIFTY02JAN2421600CE.NFO,02/01/2024,09:42:59,4.65,4.6,15240,4.65,17760,54280,8148160
FINNIFTY02JAN2421600CE.NFO,02/01/2024,09:43:01,4.4,4.4,3320,4.45,39760,67840,8148160
FINNIFTY02JAN2421600CE.NFO,02/01/2024,09:43:03,4.55,4.5,3560,4.55,44120,38440,8148160
FINNIFTY02JAN2421600CE.NFO,02/01/2024,09:43:04,4.6,4.6,6640,4.65,32680,43320,8148160
FINNIFTY02JAN2421600CE.NFO,02/01/2024,09:43:06,4.55,4.5,26920,4.55,15480,37040,8148160
FINNIFTY02JAN2421600CE.NFO,02/01/2024,09:43:08,4.55,4.5,30160,4.55,13120,42760,8148160
FINNIFTY02JAN2421600CE.NFO,02/01/2024,09:43:09,4.45,4.45,19360,4.5,23960,15960,8148160
FINNIFTY02JAN2421600CE.NFO,02/01/2024,09:43:11,4.45,4.45,27920,4.5,27640,33480,8148160
FINNIFTY02JAN2421600CE.NFO,02/01/2024,09:43:13,4.3,4.3,20680,4.35,42840,67880,8148160
FINNIFTY02JAN2421600CE.NFO,02/01/2024,09:43:14,4.35,4.3,46680,4.35,12320,16480,8148160
FINNIFTY02JAN2421600CE.NFO,02/01/2024,09:43:16,4.3,4.3,50920,4.35,6200,13320,8148160
FINNIFTY02JAN2421600CE.NFO,02/01/2024,09:43:18,4.3,4.3,41680,4.35,11240,31920,8148160
FINNIFTY02JAN2421600CE.NFO,02/01/2024,09:43:19,4.25,4.25,40040,4.3,15040,24360,8148160
FINNIFTY02JAN2421600CE.NFO,02/01/2024,09:43:21,4.25,4.25,27840,4.3,24320,30320,8148160
FINNIFTY02JAN2421600CE.NFO,02/01/2024,09:43:23,4.25,4.25,80,4.3,45640,45040,8148160
FINNIFTY02JAN2421600CE.NFO,02/01/2024,09:43:24,4.2,4.15,31960,4.2,9480,72280,8148160
FINNIFTY02JAN2421600CE.NFO,02/01/2024,09:43:26,4.1,4.1,9200,4.15,39920,46280,8148160
FINNIFTY02JAN2421600CE.NFO,02/01/2024,09:43:28,4.15,4.1,32880,4.15,720,53560,8148160
FINNIFTY02JAN2421600CE.NFO,02/01/2024,09:43:29,4.3,4.25,1520,4.3,52600,41360,8148160
FINNIFTY02JAN2421600CE.NFO,02/01/2024,09:43:31,4.2,4.15,35760,4.2,18120,41400,8148160
FINNIFTY02JAN2421600CE.NFO,02/01/2024,09:43:33,4.15,4.1,15000,4.15,37040,113040,8148160
FINNIFTY02JAN2421600CE.NFO,02/01/2024,09:43:34,4.05,4,49360,4.1,43560,230000,8148160
FINNIFTY02JAN2421600CE.NFO,02/01/2024,09:43:36,4,3.95,43560,4,17840,37240,8148160
FINNIFTY02JAN2421600CE.NFO,02/01/2024,09:43:38,3.9,3.85,44280,3.9,10960,80120,8148160
FINNIFTY02JAN2421600CE.NFO,02/01/2024,09:43:39,3.85,3.85,33520,3.9,29680,58840,8148160
FINNIFTY02JAN2421600CE.NFO,02/01/2024,09:43:41,3.9,3.9,40320,3.95,18360,63520,8148160
FINNIFTY02JAN2421600CE.NFO,02/01/2024,09:43:43,3.9,3.85,46080,3.95,38640,46680,8148160
FINNIFTY02JAN2421600CE.NFO,02/01/2024,09:43:44,3.8,3.8,1160,3.85,38120,37920,8148160
FINNIFTY02JAN2421600CE.NFO,02/01/2024,09:43:46,3.85,3.85,29960,3.9,33960,43560,8148160
FINNIFTY02JAN2421600CE.NFO,02/01/2024,09:43:48,4.05,4.05,29480,4.1,14200,73800,8148160
FINNIFTY02JAN2421600CE.NFO,02/01/2024,09:43:49,4,4,28360,4.05,22160,40880,8148160
FINNIFTY02JAN2421600CE.NFO,02/01/2024,09:43:51,3.95,3.9,15640,3.95,42400,81120,8148160
FINNIFTY02JAN2421600CE.NFO,02/01/2024,09:43:53,3.85,3.85,40080,3.9,28840,22680,8148160
FINNIFTY02JAN2421600CE.NFO,02/01/2024,09:43:54,3.85,3.8,48120,3.85,39280,70400,8148160
FINNIFTY02JAN2421600CE.NFO,02/01/2024,09:43:56,3.8,3.8,49360,3.85,28320,27400,8148160
FINNIFTY02JAN2421600CE.NFO,02/01/2024,09:43:58,3.9,3.85,38080,3.9,10080,64840,8148160
FINNIFTY02JAN2421600CE.NFO,02/01/2024,09:43:59,4,4,32920,4.05,26920,53280,8148160
FINNIFTY02JAN2421600CE.NFO,02/01/2024,09:44:01,3.85,3.85,18160,3.9,38120,58400,8148160
FINNIFTY02JAN2421600CE.NFO,02/01/2024,09:44:03,3.75,3.75,18280,3.8,19160,151560,8148160
FINNIFTY02JAN2421600CE.NFO,02/01/2024,09:44:04,3.75,3.7,47200,3.8,31600,130120,8148160
FINNIFTY02JAN2421600CE.NFO,02/01/2024,09:44:06,3.85,3.8,33160,3.85,26040,43760,8148160
FINNIFTY02JAN2421600CE.NFO,02/01/2024,09:44:08,3.85,3.8,10920,3.85,27640,46640,8148160
FINNIFTY02JAN2421600CE.NFO,02/01/2024,09:44:09,3.75,3.7,43560,3.8,37080,55960,8148160
FINNIFTY02JAN2421600CE.NFO,02/01/2024,09:44:11,3.8,3.75,35560,3.8,8440,41440,8148160
FINNIFTY02JAN2421600CE.NFO,02/01/2024,09:44:13,3.75,3.75,34640,3.8,5960,35040,8148160
FINNIFTY02JAN2421600CE.NFO,02/01/2024,09:44:14,3.85,3.8,33880,3.85,19360,52080,8148160
FINNIFTY02JAN2421600CE.NFO,02/01/2024,09:44:16,3.8,3.75,33720,3.8,8840,21280,8148160
FINNIFTY02JAN2421600CE.NFO,02/01/2024,09:44:18,3.7,3.65,26880,3.7,23880,52920,8148160
FINNIFTY02JAN2421600CE.NFO,02/01/2024,09:44:19,3.65,3.65,20520,3.7,30960,133560,8148160
FINNIFTY02JAN2421600CE.NFO,02/01/2024,09:44:21,3.75,3.75,30680,3.8,20040,39000,8148160
FINNIFTY02JAN2421600CE.NFO,02/01/2024,09:44:23,3.7,3.7,17160,3.75,29760,82760,8148160
FINNIFTY02JAN2421600CE.NFO,02/01/2024,09:44:24,3.7,3.7,39960,3.75,15440,43160,8148160
FINNIFTY02JAN2421600CE.NFO,02/01/2024,09:44:26,3.65,3.65,37840,3.7,21120,31800,8382760
FINNIFTY02JAN2421600CE.NFO,02/01/2024,09:44:28,3.85,3.8,6560,3.85,38240,38200,8382760
FINNIFTY02JAN2421600CE.NFO,02/01/2024,09:44:29,3.7,3.65,40640,3.7,5000,65080,8382760
FINNIFTY02JAN2421600CE.NFO,02/01/2024,09:44:31,3.8,3.75,11320,3.8,44640,19800,8382760
FINNIFTY02JAN2421600CE.NFO,02/01/2024,09:44:33,3.75,3.7,50600,3.75,7280,17800,8382760
FINNIFTY02JAN2421600CE.NFO,02/01/2024,09:44:34,3.7,3.65,12280,3.7,39040,20360,8382760
FINNIFTY02JAN2421600CE.NFO,02/01/2024,09:44:36,3.65,3.6,56280,3.65,26920,20720,8382760
FINNIFTY02JAN2421600CE.NFO,02/01/2024,09:44:38,3.7,3.65,35600,3.75,50000,47160,8382760
FINNIFTY02JAN2421600CE.NFO,02/01/2024,09:44:39,3.75,3.75,3040,3.8,46720,22200,8382760
FINNIFTY02JAN2421600CE.NFO,02/01/2024,09:44:41,3.85,3.8,42400,3.85,16040,21160,8382760
FINNIFTY02JAN2421600CE.NFO,02/01/2024,09:44:43,3.8,3.75,50880,3.85,42360,7560,8382760
FINNIFTY02JAN2421600CE.NFO,02/01/2024,09:44:44,3.85,3.8,10040,3.85,39160,15560,8382760
FINNIFTY02JAN2421600CE.NFO,02/01/2024,09:44:46,3.75,3.75,22520,3.8,32040,5760,8382760
FINNIFTY02JAN2421600CE.NFO,02/01/2024,09:44:48,3.75,3.75,33920,3.8,17200,6520,8382760
FINNIFTY02JAN2421600CE.NFO,02/01/2024,09:44:49,3.8,3.8,11280,3.85,44200,62280,8382760
FINNIFTY02JAN2421600CE.NFO,02/01/2024,09:44:51,3.7,3.7,54160,3.75,15200,38960,8382760
FINNIFTY02JAN2421600CE.NFO,02/01/2024,09:44:53,3.7,3.7,49200,3.75,12760,25400,8382760
FINNIFTY02JAN2421600CE.NFO,02/01/2024,09:44:54,3.7,3.7,53560,3.75,18160,16000,8382760
FINNIFTY02JAN2421600CE.NFO,02/01/2024,09:44:56,3.7,3.65,32800,3.7,37920,36000,8382760
FINNIFTY02JAN2421600CE.NFO,02/01/2024,09:44:58,3.65,3.65,21920,3.7,33160,8280,8382760
FINNIFTY02JAN2421600CE.NFO,02/01/2024,09:45:00,3.6,3.6,71680,3.65,5520,41040,8382760
FINNIFTY02JAN2421600CE.NFO,02/01/2024,09:45:01,3.6,3.55,44960,3.6,2360,340200,8382760
FINNIFTY02JAN2421600CE.NFO,02/01/2024,09:45:03,3.65,3.6,30680,3.65,22440,43280,8382760
FINNIFTY02JAN2421600CE.NFO,02/01/2024,09:45:05,3.8,3.8,3840,3.85,19920,181360,8382760
FINNIFTY02JAN2421600CE.NFO,02/01/2024,09:45:06,3.7,3.7,40880,3.75,24480,116440,8382760
FINNIFTY02JAN2421600CE.NFO,02/01/2024,09:45:08,3.7,3.7,39720,3.75,15240,50080,8382760
FINNIFTY02JAN2421600CE.NFO,02/01/2024,09:45:10,3.8,3.75,2640,3.8,43840,30520,8382760
FINNIFTY02JAN2421600CE.NFO,02/01/2024,09:45:11,3.75,3.7,26320,3.75,28560,35240,8382760
FINNIFTY02JAN2421600CE.NFO,02/01/2024,09:45:13,3.75,3.7,44240,3.75,1560,16840,8382760
FINNIFTY02JAN2421600CE.NFO,02/01/2024,09:45:15,3.65,3.65,38640,3.7,22720,29000,8382760
FINNIFTY02JAN2421600CE.NFO,02/01/2024,09:45:16,3.65,3.65,40120,3.7,9760,40840,8382760
FINNIFTY02JAN2421600CE.NFO,02/01/2024,09:45:18,3.6,3.6,49360,3.65,12440,23480,8382760
FINNIFTY02JAN2421600CE.NFO,02/01/2024,09:45:20,3.6,3.6,48120,3.65,16800,15240,8382760
FINNIFTY02JAN2421600CE.NFO,02/01/2024,09:45:21,3.65,3.6,41200,3.65,21680,24760,8382760
FINNIFTY02JAN2421600CE.NFO,02/01/2024,09:45:23,3.55,3.55,5040,3.6,29120,120080,8382760
FINNIFTY02JAN2421600CE.NFO,02/01/2024,09:45:25,3.5,3.5,38680,3.55,29720,39720,8382760
FINNIFTY02JAN2421600CE.NFO,02/01/2024,09:45:26,3.4,3.35,36080,3.4,7920,101560,8382760
FINNIFTY02JAN2421600CE.NFO,02/01/2024,09:45:28,3.4,3.35,31760,3.4,12240,38520,8382760
FINNIFTY02JAN2421600CE.NFO,02/01/2024,09:45:30,3.45,3.4,12840,3.45,39000,74680,8382760
FINNIFTY02JAN2421600CE.NFO,02/01/2024,09:45:31,3.5,3.45,21000,3.5,28000,75440,8382760
FINNIFTY02JAN2421600CE.NFO,02/01/2024,09:45:33,3.45,3.45,38480,3.5,12360,59760,8382760
FINNIFTY02JAN2421600CE.NFO,02/01/2024,09:45:34,3.5,3.45,47520,3.5,3760,57680,8382760
FINNIFTY02JAN2421600CE.NFO,02/01/2024,09:45:36,3.5,3.5,9880,3.55,46280,19480,8382760
FINNIFTY02JAN2421600CE.NFO,02/01/2024,09:45:38,3.45,3.45,29880,3.5,19320,19560,8382760
FINNIFTY02JAN2421600CE.NFO,02/01/2024,09:45:39,3.45,3.45,22120,3.5,27360,23880,8382760
FINNIFTY02JAN2421600CE.NFO,02/01/2024,09:45:41,3.45,3.45,15200,3.5,37120,17200,8382760
FINNIFTY02JAN2421600CE.NFO,02/01/2024,09:45:43,3.45,3.45,8720,3.5,40240,21680,8382760
FINNIFTY02JAN2421600CE.NFO,02/01/2024,09:45:44,3.5,3.45,10880,3.5,35440,7480,8382760
FINNIFTY02JAN2421600CE.NFO,02/01/2024,09:45:46,3.45,3.4,29560,3.45,17520,9400,8382760
FINNIFTY02JAN2421600CE.NFO,02/01/2024,09:45:48,3.3,3.3,24400,3.35,14640,132240,8382760
FINNIFTY02JAN2421600CE.NFO,02/01/2024,09:45:49,3.35,3.3,4440,3.35,32840,52480,8382760
FINNIFTY02JAN2421600CE.NFO,02/01/2024,09:45:51,3.25,3.2,3280,3.25,34080,54600,8382760
FINNIFTY02JAN2421600CE.NFO,02/01/2024,09:45:53,3.2,3.2,38280,3.25,19320,47880,8382760
FINNIFTY02JAN2421600CE.NFO,02/01/2024,09:45:54,3.15,3.15,40880,3.2,12840,62320,8382760
FINNIFTY02JAN2421600CE.NFO,02/01/2024,09:45:56,3.15,3.15,24000,3.2,26520,325640,8382760
FINNIFTY02JAN2421600CE.NFO,02/01/2024,09:45:58,3.15,3.1,33240,3.15,11920,71280,8382760
FINNIFTY02JAN2421600CE.NFO,02/01/2024,09:45:59,3.05,3.05,10360,3.1,31640,146160,8382760
FINNIFTY02JAN2421600CE.NFO,02/01/2024,09:46:01,2.95,2.9,36800,2.95,15160,249480,8382760
FINNIFTY02JAN2421600CE.NFO,02/01/2024,09:46:03,3,3,29560,3.05,16600,150840,8382760
FINNIFTY02JAN2421600CE.NFO,02/01/2024,09:46:04,2.95,2.9,22280,2.95,17000,84800,8382760
FINNIFTY02JAN2421600CE.NFO,02/01/2024,09:46:06,2.9,2.85,33880,2.9,11440,98080,8382760
FINNIFTY02JAN2421600CE.NFO,02/01/2024,09:46:08,3,3,27600,3.05,11520,88280,8382760
FINNIFTY02JAN2421600CE.NFO,02/01/2024,09:46:09,2.95,2.95,38720,3,7680,49040,8382760
FINNIFTY02JAN2421600CE.NFO,02/01/2024,09:46:11,2.9,2.9,36640,2.95,9000,84080,8382760
FINNIFTY02JAN2421600CE.NFO,02/01/2024,09:46:13,2.9,2.85,38800,2.9,4720,51200,8382760
FINNIFTY02JAN2421600CE.NFO,02/01/2024,09:46:14,2.9,2.9,33840,3,39200,77080,8382760
FINNIFTY02JAN2421600CE.NFO,02/01/2024,09:46:16,2.95,2.95,28400,3,15360,52760,8382760
FINNIFTY02JAN2421600CE.NFO,02/01/2024,09:46:18,2.95,2.9,44120,2.95,19440,35760,8382760
FINNIFTY02JAN2421600CE.NFO,02/01/2024,09:46:19,2.95,2.9,40680,2.95,35720,23400,8382760
FINNIFTY02JAN2421600CE.NFO,02/01/2024,09:46:21,2.95,2.9,40400,2.95,23280,20040,8382760
FINNIFTY02JAN2421600CE.NFO,02/01/2024,09:46:23,2.95,2.9,40560,2.95,2360,72240,8382760
FINNIFTY02JAN2421600CE.NFO,02/01/2024,09:46:24,2.9,2.9,27080,2.95,23720,53640,8382760
FINNIFTY02JAN2421600CE.NFO,02/01/2024,09:46:26,2.9,2.85,35600,2.9,10440,50640,8382760
FINNIFTY02JAN2421600CE.NFO,02/01/2024,09:46:28,2.95,2.9,27880,2.95,26160,22640,8382760
FINNIFTY02JAN2421600CE.NFO,02/01/2024,09:46:29,3,2.95,26160,3,40360,23480,8382760
FINNIFTY02JAN2421600CE.NFO,02/01/2024,09:46:31,3,2.95,32360,3,18760,70680,8382760
FINNIFTY02JAN2421600CE.NFO,02/01/2024,09:46:33,3,2.95,43120,3,3800,65280,8382760
FINNIFTY02JAN2421600CE.NFO,02/01/2024,09:46:34,3.05,3,7760,3.05,43360,31120,8382760
