Ticker,Date,Time,LTP,BuyPrice,BuyQty,SellPrice,SellQty,LTQ,OpenInterest
FINNIFTY02JAN2422700CE.NFO,02/01/2024,09:15:06,0.35,0.3,6280,0.35,4200,1280,260720
FINNIFTY02JAN2422700CE.NFO,02/01/2024,09:15:06,0.35,0.3,6280,0.35,4200,0,260720
FINNIFTY02JAN2422700CE.NFO,02/01/2024,09:15:06,0.35,0.3,6280,0.35,4200,0,260720
FINNIFTY02JAN2422700CE.NFO,02/01/2024,09:15:06,0.35,0.3,6280,0.35,4200,0,260720
FINNIFTY02JAN2422700CE.NFO,02/01/2024,09:15:19,0.3,0.25,13080,0.35,7600,7200,260720
FINNIFTY02JAN2422700CE.NFO,02/01/2024,09:15:19,0.3,0.25,13080,0.35,7600,0,260720
FINNIFTY02JAN2422700CE.NFO,02/01/2024,09:15:31,0.3,0.3,7760,0.35,8240,2680,260720
FINNIFTY02JAN2422700CE.NFO,02/01/2024,09:15:40,0.3,0.3,7600,0.35,8240,280,260720
FINNIFTY02JAN2422700CE.NFO,02/01/2024,09:15:49,0.3,0.3,7400,0.35,8240,200,260720
FINNIFTY02JAN2422700CE.NFO,02/01/2024,09:15:57,0.35,0.25,42640,0.35,8280,1360,260720
FINNIFTY02JAN2422700CE.NFO,02/01/2024,09:16:08,0.3,0.25,45200,0.3,12400,600,260720
FINNIFTY02JAN2422700CE.NFO,02/01/2024,09:16:16,0.3,0.25,46000,0.3,22040,760,260720
FINNIFTY02JAN2422700CE.NFO,02/01/2024,09:16:24,0.3,0.25,46160,0.3,22680,440,260720
FINNIFTY02JAN2422700CE.NFO,02/01/2024,09:16:32,0.3,0.25,46440,0.3,22560,600,260720
FINNIFTY02JAN2422700CE.NFO,02/01/2024,09:16:39,0.3,0.25,45440,0.3,20520,5000,260720
FINNIFTY02JAN2422700CE.NFO,02/01/2024,09:16:48,0.25,0.25,56880,0.3,30960,12200,260720
FINNIFTY02JAN2422700CE.NFO,02/01/2024,09:16:48,0.25,0.25,56880,0.3,30960,0,260720
FINNIFTY02JAN2422700CE.NFO,02/01/2024,09:16:56,0.3,0.25,57280,0.3,41400,1800,260720
FINNIFTY02JAN2422700CE.NFO,02/01/2024,09:17:04,0.3,0.25,74320,0.35,6520,32000,260720
FINNIFTY02JAN2422700CE.NFO,02/01/2024,09:17:13,0.3,0.3,69840,0.35,14000,2800,260720
FINNIFTY02JAN2422700CE.NFO,02/01/2024,09:17:21,0.3,0.3,69640,0.35,14680,2040,260720
FINNIFTY02JAN2422700CE.NFO,02/01/2024,09:17:28,0.3,0.3,24320,0.35,17280,320,270320
FINNIFTY02JAN2422700CE.NFO,02/01/2024,09:17:38,0.3,0.3,6760,0.35,26960,20320,270320
FINNIFTY02JAN2422700CE.NFO,02/01/2024,09:17:46,0.3,0.25,87920,0.3,15800,2000,270320
FINNIFTY02JAN2422700CE.NFO,02/01/2024,09:17:54,0.3,0.25,113360,0.3,21960,1800,270320
FINNIFTY02JAN2422700CE.NFO,02/01/2024,09:18:01,0.3,0.25,114400,0.3,15960,8280,270320
FINNIFTY02JAN2422700CE.NFO,02/01/2024,09:18:08,0.3,0.3,27000,0.35,20160,19440,270320
FINNIFTY02JAN2422700CE.NFO,02/01/2024,09:18:15,0.3,0.3,40880,0.35,29480,720,270320
FINNIFTY02JAN2422700CE.NFO,02/01/2024,09:18:23,0.3,0.3,39200,0.35,27440,0,270320
FINNIFTY02JAN2422700CE.NFO,02/01/2024,09:18:45,0.3,0.3,28400,0.35,27440,0,270320
FINNIFTY02JAN2422700CE.NFO,02/01/2024,09:18:54,0.3,0.3,26600,0.35,27440,0,270320
FINNIFTY02JAN2422700CE.NFO,02/01/2024,09:19:04,0.3,0.3,27040,0.35,30720,1480,270320
FINNIFTY02JAN2422700CE.NFO,02/01/2024,09:19:12,0.3,0.3,27040,0.35,28880,0,270320
FINNIFTY02JAN2422700CE.NFO,02/01/2024,09:19:21,0.3,0.3,27520,0.35,29960,3200,270320
FINNIFTY02JAN2422700CE.NFO,02/01/2024,09:19:29,0.3,0.3,28640,0.35,30200,720,270320
FINNIFTY02JAN2422700CE.NFO,02/01/2024,09:19:37,0.3,0.3,27120,0.35,32000,1520,270320
FINNIFTY02JAN2422700CE.NFO,02/01/2024,09:19:47,0.3,0.25,109080,0.3,85640,16680,270320
FINNIFTY02JAN2422700CE.NFO,02/01/2024,09:19:54,0.3,0.25,110640,0.3,90360,0,270320
FINNIFTY02JAN2422700CE.NFO,02/01/2024,09:20:02,0.3,0.25,112440,0.3,92160,0,270320
FINNIFTY02JAN2422700CE.NFO,02/01/2024,09:20:11,0.3,0.25,144840,0.3,92160,0,270320
FINNIFTY02JAN2422700CE.NFO,02/01/2024,09:20:19,0.3,0.25,162840,0.3,39240,40,270320
FINNIFTY02JAN2422700CE.NFO,02/01/2024,09:20:26,0.3,0.3,25280,0.35,30000,26120,290240
FINNIFTY02JAN2422700CE.NFO,02/01/2024,09:20:34,0.3,0.3,32840,0.35,44440,0,290240
FINNIFTY02JAN2422700CE.NFO,02/01/2024,09:20:42,0.3,0.3,74840,0.35,40240,9760,290240
FINNIFTY02JAN2422700CE.NFO,02/01/2024,09:20:49,0.35,0.3,70840,0.35,34960,30160,290240
FINNIFTY02JAN2422700CE.NFO,02/01/2024,09:20:59,0.35,0.3,72560,0.35,31520,11920,290240
FINNIFTY02JAN2422700CE.NFO,02/01/2024,09:21:11,0.3,0.3,21640,0.35,50800,36640,290240
FINNIFTY02JAN2422700CE.NFO,02/01/2024,09:21:22,0.3,0.3,97360,0.35,48640,5680,290240
FINNIFTY02JAN2422700CE.NFO,02/01/2024,09:21:35,0.35,0.3,103280,0.35,53600,2400,290240
FINNIFTY02JAN2422700CE.NFO,02/01/2024,09:21:46,0.35,0.3,90800,0.35,49880,9040,290240
FINNIFTY02JAN2422700CE.NFO,02/01/2024,09:21:57,0.35,0.3,100800,0.35,45280,2800,290240
FINNIFTY02JAN2422700CE.NFO,02/01/2024,09:22:08,0.35,0.3,106840,0.35,44720,800,290240
FINNIFTY02JAN2422700CE.NFO,02/01/2024,09:22:20,0.35,0.3,106840,0.35,46160,480,290240
FINNIFTY02JAN2422700CE.NFO,02/01/2024,09:22:31,0.35,0.3,106840,0.35,48840,800,290240
FINNIFTY02JAN2422700CE.NFO,02/01/2024,09:22:42,0.35,0.3,106840,0.35,48880,0,290240
FINNIFTY02JAN2422700CE.NFO,02/01/2024,09:22:54,0.3,0.3,105920,0.35,48880,2720,290240
FINNIFTY02JAN2422700CE.NFO,02/01/2024,09:23:05,0.3,0.3,105920,0.35,48880,0,290240
FINNIFTY02JAN2422700CE.NFO,02/01/2024,09:23:15,0.3,0.3,109680,0.35,48880,0,290240
FINNIFTY02JAN2422700CE.NFO,02/01/2024,09:23:26,0.35,0.3,109680,0.35,48480,400,263320
FINNIFTY02JAN2422700CE.NFO,02/01/2024,09:23:37,0.3,0.3,108880,0.35,48840,880,263320
FINNIFTY02JAN2422700CE.NFO,02/01/2024,09:23:47,0.3,0.3,99520,0.35,52440,5800,263320
FINNIFTY02JAN2422700CE.NFO,02/01/2024,09:23:58,0.3,0.3,89520,0.35,52480,1000,263320
FINNIFTY02JAN2422700CE.NFO,02/01/2024,09:24:09,0.3,0.3,42080,0.35,50680,1960,263320
FINNIFTY02JAN2422700CE.NFO,02/01/2024,09:24:19,0.3,0.3,34000,0.35,52480,9560,263320
FINNIFTY02JAN2422700CE.NFO,02/01/2024,09:24:31,0.35,0.3,35640,0.35,52440,1840,263320
FINNIFTY02JAN2422700CE.NFO,02/01/2024,09:24:41,0.3,0.25,185680,0.3,28160,32200,263320
FINNIFTY02JAN2422700CE.NFO,02/01/2024,09:24:52,0.3,0.25,164080,0.3,49520,0,263320
FINNIFTY02JAN2422700CE.NFO,02/01/2024,09:25:03,0.25,0.25,162880,0.3,50160,1800,263320
FINNIFTY02JAN2422700CE.NFO,02/01/2024,09:25:14,0.3,0.25,162720,0.3,47880,2600,263320
FINNIFTY02JAN2422700CE.NFO,02/01/2024,09:25:25,0.25,0.25,164000,0.3,65640,2600,263320
FINNIFTY02JAN2422700CE.NFO,02/01/2024,09:25:36,0.25,0.25,161480,0.3,77280,1880,263320
FINNIFTY02JAN2422700CE.NFO,02/01/2024,09:25:47,0.25,0.25,161200,0.3,77280,280,263320
FINNIFTY02JAN2422700CE.NFO,02/01/2024,09:25:58,0.25,0.25,162720,0.3,77680,0,263320
FINNIFTY02JAN2422700CE.NFO,02/01/2024,09:26:08,0.3,0.25,164360,0.3,77480,2000,263320
FINNIFTY02JAN2422700CE.NFO,02/01/2024,09:26:21,0.3,0.25,168000,0.3,62760,6480,263320
FINNIFTY02JAN2422700CE.NFO,02/01/2024,09:26:33,0.3,0.25,171200,0.3,53960,3200,293160
FINNIFTY02JAN2422700CE.NFO,02/01/2024,09:26:45,0.25,0.25,170920,0.3,45760,320,293160
FINNIFTY02JAN2422700CE.NFO,02/01/2024,09:26:58,0.3,0.25,169640,0.3,47040,1560,293160
FINNIFTY02JAN2422700CE.NFO,02/01/2024,09:27:10,0.3,0.25,169440,0.3,48560,480,293160
FINNIFTY02JAN2422700CE.NFO,02/01/2024,09:27:21,0.3,0.25,169440,0.3,46640,0,293160
FINNIFTY02JAN2422700CE.NFO,02/01/2024,09:27:32,0.3,0.25,172320,0.3,53800,40,293160
FINNIFTY02JAN2422700CE.NFO,02/01/2024,09:27:43,0.25,0.25,172280,0.3,70200,40,293160
FINNIFTY02JAN2422700CE.NFO,02/01/2024,09:27:54,0.25,0.25,171920,0.3,70200,640,293160
FINNIFTY02JAN2422700CE.NFO,02/01/2024,09:28:07,0.25,0.25,171680,0.3,57600,240,293160
FINNIFTY02JAN2422700CE.NFO,02/01/2024,09:28:19,0.3,0.25,171680,0.3,57200,400,293160
FINNIFTY02JAN2422700CE.NFO,02/01/2024,09:28:31,0.3,0.25,171400,0.3,67200,800,293160
FINNIFTY02JAN2422700CE.NFO,02/01/2024,09:28:42,0.3,0.25,171400,0.3,72600,0,293160
FINNIFTY02JAN2422700CE.NFO,02/01/2024,09:28:54,0.25,0.25,163080,0.3,92440,8600,293160
FINNIFTY02JAN2422700CE.NFO,02/01/2024,09:29:06,0.25,0.25,163080,0.3,96040,0,293160
FINNIFTY02JAN2422700CE.NFO,02/01/2024,09:29:17,0.25,0.25,164480,0.3,96040,0,293160
FINNIFTY02JAN2422700CE.NFO,02/01/2024,09:29:41,0.25,0.25,164440,0.3,96040,40,291800
FINNIFTY02JAN2422700CE.NFO,02/01/2024,09:29:52,0.3,0.25,164440,0.3,95840,200,291800
FINNIFTY02JAN2422700CE.NFO,02/01/2024,09:30:04,0.3,0.25,146440,0.3,95680,160,291800
FINNIFTY02JAN2422700CE.NFO,02/01/2024,09:30:15,0.3,0.25,146440,0.3,95680,0,291800
FINNIFTY02JAN2422700CE.NFO,02/01/2024,09:30:28,0.3,0.25,144040,0.3,95680,0,291800
FINNIFTY02JAN2422700CE.NFO,02/01/2024,09:31:46,0.3,0.25,144040,0.3,96880,0,291800
FINNIFTY02JAN2422700CE.NFO,02/01/2024,09:31:56,0.3,0.25,144040,0.3,96480,400,291800
FINNIFTY02JAN2422700CE.NFO,02/01/2024,09:32:08,0.3,0.25,144040,0.3,96440,40,291800
FINNIFTY02JAN2422700CE.NFO,02/01/2024,09:32:19,0.25,0.25,144000,0.3,96440,40,291800
FINNIFTY02JAN2422700CE.NFO,02/01/2024,09:32:30,0.25,0.25,144000,0.3,96440,0,291800
FINNIFTY02JAN2422700CE.NFO,02/01/2024,09:32:42,0.25,0.25,136800,0.3,95840,3000,291800
FINNIFTY02JAN2422700CE.NFO,02/01/2024,09:32:54,0.25,0.25,138800,0.3,97280,200,291800
FINNIFTY02JAN2422700CE.NFO,02/01/2024,09:33:05,0.25,0.25,135640,0.3,96320,960,291800
FINNIFTY02JAN2422700CE.NFO,02/01/2024,09:33:15,0.3,0.25,137920,0.3,100560,40,291800
FINNIFTY02JAN2422700CE.NFO,02/01/2024,09:34:00,0.3,0.25,137920,0.3,100560,0,291800
FINNIFTY02JAN2422700CE.NFO,02/01/2024,09:34:11,0.3,0.25,137920,0.3,99560,1000,291800
FINNIFTY02JAN2422700CE.NFO,02/01/2024,09:34:21,0.25,0.25,133800,0.3,103160,760,291800
FINNIFTY02JAN2422700CE.NFO,02/01/2024,09:34:31,0.3,0.25,137640,0.3,103120,40,291800
FINNIFTY02JAN2422700CE.NFO,02/01/2024,09:34:52,0.3,0.25,139840,0.3,103120,0,291800
FINNIFTY02JAN2422700CE.NFO,02/01/2024,09:35:03,0.3,0.25,141640,0.3,103120,0,291800
FINNIFTY02JAN2422700CE.NFO,02/01/2024,09:35:13,0.3,0.25,141560,0.3,102800,3920,291800
FINNIFTY02JAN2422700CE.NFO,02/01/2024,09:35:23,0.3,0.25,141560,0.3,102000,800,291800
FINNIFTY02JAN2422700CE.NFO,02/01/2024,09:35:34,0.3,0.25,141560,0.3,102000,0,291800
FINNIFTY02JAN2422700CE.NFO,02/01/2024,09:35:55,0.3,0.25,141560,0.3,97080,4920,291800
FINNIFTY02JAN2422700CE.NFO,02/01/2024,09:36:06,0.3,0.25,141560,0.3,96320,760,291800
FINNIFTY02JAN2422700CE.NFO,02/01/2024,09:36:29,0.3,0.25,141560,0.3,96080,240,291800
FINNIFTY02JAN2422700CE.NFO,02/01/2024,09:36:39,0.3,0.25,141560,0.3,98400,1000,291800
FINNIFTY02JAN2422700CE.NFO,02/01/2024,09:36:50,0.3,0.25,140120,0.3,98400,0,291800
FINNIFTY02JAN2422700CE.NFO,02/01/2024,09:37:01,0.3,0.25,134360,0.3,98080,320,291800
FINNIFTY02JAN2422700CE.NFO,02/01/2024,09:37:32,0.3,0.25,131160,0.3,99800,3280,291800
FINNIFTY02JAN2422700CE.NFO,02/01/2024,09:37:42,0.3,0.25,130200,0.3,98800,1960,291800
FINNIFTY02JAN2422700CE.NFO,02/01/2024,09:37:53,0.3,0.25,130200,0.3,98760,40,291800
FINNIFTY02JAN2422700CE.NFO,02/01/2024,09:38:03,0.3,0.25,130200,0.3,100120,0,291800
FINNIFTY02JAN2422700CE.NFO,02/01/2024,09:38:24,0.3,0.25,131200,0.3,87360,12800,291800
FINNIFTY02JAN2422700CE.NFO,02/01/2024,09:38:35,0.25,0.25,130520,0.3,88200,1640,280200
FINNIFTY02JAN2422700CE.NFO,02/01/2024,09:38:56,0.25,0.25,130480,0.3,88160,40,280200
FINNIFTY02JAN2422700CE.NFO,02/01/2024,09:39:07,0.25,0.25,126440,0.3,91760,4040,280200
FINNIFTY02JAN2422700CE.NFO,02/01/2024,09:39:29,0.25,0.25,125160,0.3,91760,1280,280200
FINNIFTY02JAN2422700CE.NFO,02/01/2024,09:39:39,0.25,0.25,125160,0.3,93560,0,280200
FINNIFTY02JAN2422700CE.NFO,02/01/2024,09:39:50,0.25,0.25,127720,0.3,93560,0,280200
FINNIFTY02JAN2422700CE.NFO,02/01/2024,09:40:14,0.3,0.3,10480,0.35,49360,73320,280200
FINNIFTY02JAN2422700CE.NFO,02/01/2024,09:40:27,0.3,0.3,13080,0.35,54160,7560,280200
FINNIFTY02JAN2422700CE.NFO,02/01/2024,09:40:39,0.3,0.3,10480,0.35,55560,5080,280200
FINNIFTY02JAN2422700CE.NFO,02/01/2024,09:40:52,0.25,0.25,176400,0.3,43440,11240,280200
FINNIFTY02JAN2422700CE.NFO,02/01/2024,09:41:05,0.3,0.25,179040,0.3,46240,360,280200
FINNIFTY02JAN2422700CE.NFO,02/01/2024,09:41:16,0.3,0.25,179040,0.3,56920,40,280200
FINNIFTY02JAN2422700CE.NFO,02/01/2024,09:41:27,0.3,0.25,179040,0.3,56880,40,280200
FINNIFTY02JAN2422700CE.NFO,02/01/2024,09:41:49,0.3,0.25,179440,0.3,56880,0,280200
FINNIFTY02JAN2422700CE.NFO,02/01/2024,09:42:22,0.3,0.25,279440,0.3,58320,0,280200
FINNIFTY02JAN2422700CE.NFO,02/01/2024,09:42:33,0.3,0.25,279440,0.3,58160,160,251880
FINNIFTY02JAN2422700CE.NFO,02/01/2024,09:42:44,0.3,0.25,279440,0.3,58000,160,251880
FINNIFTY02JAN2422700CE.NFO,02/01/2024,09:42:54,0.3,0.25,279440,0.3,57960,40,251880
FINNIFTY02JAN2422700CE.NFO,02/01/2024,09:43:06,0.3,0.25,279440,0.3,65280,80,251880
FINNIFTY02JAN2422700CE.NFO,02/01/2024,09:43:17,0.3,0.25,279440,0.3,65160,120,251880
FINNIFTY02JAN2422700CE.NFO,02/01/2024,09:43:28,0.3,0.25,279440,0.3,65160,0,251880
FINNIFTY02JAN2422700CE.NFO,02/01/2024,09:43:40,0.3,0.25,280880,0.3,65160,0,251880
FINNIFTY02JAN2422700CE.NFO,02/01/2024,09:43:51,0.25,0.25,282240,0.3,65160,80,251880
FINNIFTY02JAN2422700CE.NFO,02/01/2024,09:44:02,0.3,0.25,282240,0.3,59720,40,251880
FINNIFTY02JAN2422700CE.NFO,02/01/2024,09:44:13,0.3,0.25,282800,0.3,53680,6040,251880
FINNIFTY02JAN2422700CE.NFO,02/01/2024,09:44:25,0.3,0.25,282800,0.3,55160,520,251880
FINNIFTY02JAN2422700CE.NFO,02/01/2024,09:44:45,0.3,0.25,282800,0.3,54600,80,245440
FINNIFTY02JAN2422700CE.NFO,02/01/2024,09:44:55,0.3,0.25,300800,0.3,54520,80,245440
FINNIFTY02JAN2422700CE.NFO,02/01/2024,09:45:06,0.3,0.25,300800,0.3,55520,0,245440
FINNIFTY02JAN2422700CE.NFO,02/01/2024,09:45:17,0.3,0.25,300800,0.3,54960,80,245440
FINNIFTY02JAN2422700CE.NFO,02/01/2024,09:45:28,0.3,0.25,308880,0.3,55440,0,245440
FINNIFTY02JAN2422700CE.NFO,02/01/2024,09:45:39,0.3,0.25,312480,0.3,55440,0,245440
FINNIFTY02JAN2422700CE.NFO,02/01/2024,09:45:50,0.3,0.25,314200,0.3,54800,160,245440
FINNIFTY02JAN2422700CE.NFO,02/01/2024,09:46:23,0.3,0.25,314200,0.3,55280,0,245440
FINNIFTY02JAN2422700CE.NFO,02/01/2024,09:47:05,0.3,0.25,314280,0.3,54560,240,245440
FINNIFTY02JAN2422700CE.NFO,02/01/2024,09:47:15,0.25,0.25,213880,0.3,55040,400,245440
FINNIFTY02JAN2422700CE.NFO,02/01/2024,09:47:48,0.3,0.25,213880,0.3,54960,80,245440
FINNIFTY02JAN2422700CE.NFO,02/01/2024,09:47:58,0.3,0.25,214200,0.3,54720,720,245440
FINNIFTY02JAN2422700CE.NFO,02/01/2024,09:48:09,0.3,0.25,214200,0.3,55040,160,245440
FINNIFTY02JAN2422700CE.NFO,02/01/2024,09:48:20,0.3,0.25,214200,0.3,55000,40,245440
FINNIFTY02JAN2422700CE.NFO,02/01/2024,09:48:30,0.3,0.25,211800,0.3,54080,0,245440
FINNIFTY02JAN2422700CE.NFO,02/01/2024,09:48:40,0.3,0.25,211800,0.3,54640,0,245440
FINNIFTY02JAN2422700CE.NFO,02/01/2024,09:48:50,0.25,0.25,211400,0.3,54640,400,245440
FINNIFTY02JAN2422700CE.NFO,02/01/2024,09:49:00,0.25,0.25,211400,0.3,55160,0,245440
FINNIFTY02JAN2422700CE.NFO,02/01/2024,09:49:21,0.25,0.25,210880,0.3,55160,80,245440
FINNIFTY02JAN2422700CE.NFO,02/01/2024,09:49:31,0.25,0.25,212320,0.3,55160,0,245440
FINNIFTY02JAN2422700CE.NFO,02/01/2024,09:50:01,0.3,0.25,212320,0.3,54840,320,245440
FINNIFTY02JAN2422700CE.NFO,02/01/2024,09:50:11,0.3,0.25,211920,0.3,54840,0,245440
FINNIFTY02JAN2422700CE.NFO,02/01/2024,09:50:41,0.3,0.25,168720,0.3,54840,0,245440
FINNIFTY02JAN2422700CE.NFO,02/01/2024,09:50:52,0.3,0.25,168720,0.3,54800,40,245440
FINNIFTY02JAN2422700CE.NFO,02/01/2024,09:51:13,0.3,0.25,168720,0.3,54800,0,245440
FINNIFTY02JAN2422700CE.NFO,02/01/2024,09:51:24,0.25,0.25,167240,0.3,54800,40,245440
FINNIFTY02JAN2422700CE.NFO,02/01/2024,09:51:35,0.25,0.25,166640,0.3,54800,600,245440
FINNIFTY02JAN2422700CE.NFO,02/01/2024,09:51:46,0.3,0.25,167280,0.3,57200,840,245440
FINNIFTY02JAN2422700CE.NFO,02/01/2024,09:51:56,0.3,0.25,167280,0.3,57440,160,245440
FINNIFTY02JAN2422700CE.NFO,02/01/2024,09:52:37,0.3,0.25,167280,0.3,56440,1000,245440
FINNIFTY02JAN2422700CE.NFO,02/01/2024,09:52:47,0.25,0.25,162240,0.3,66840,4600,245440
FINNIFTY02JAN2422700CE.NFO,02/01/2024,09:52:57,0.3,0.25,164520,0.3,67280,1000,245440
FINNIFTY02JAN2422700CE.NFO,02/01/2024,09:53:08,0.3,0.25,165720,0.3,67760,0,245440
FINNIFTY02JAN2422700CE.NFO,02/01/2024,09:53:18,0.3,0.25,165720,0.3,68280,0,245440
FINNIFTY02JAN2422700CE.NFO,02/01/2024,09:53:28,0.25,0.25,163520,0.3,68800,160,245440
FINNIFTY02JAN2422700CE.NFO,02/01/2024,09:53:39,0.25,0.25,162560,0.3,71040,3360,246280
FINNIFTY02JAN2422700CE.NFO,02/01/2024,09:53:50,0.25,0.25,159760,0.3,72480,400,246280
FINNIFTY02JAN2422700CE.NFO,02/01/2024,09:54:00,0.25,0.25,155680,0.3,72480,0,246280
FINNIFTY02JAN2422700CE.NFO,02/01/2024,09:54:10,0.25,0.25,155680,0.3,73000,0,246280
FINNIFTY02JAN2422700CE.NFO,02/01/2024,09:54:31,0.3,0.25,155680,0.3,72880,120,246280
FINNIFTY02JAN2422700CE.NFO,02/01/2024,09:54:41,0.3,0.25,155680,0.3,72520,360,246280
FINNIFTY02JAN2422700CE.NFO,02/01/2024,09:54:53,0.3,0.25,154760,0.3,50800,17280,246280
FINNIFTY02JAN2422700CE.NFO,02/01/2024,09:55:17,0.3,0.25,154480,0.3,52560,40,246280
FINNIFTY02JAN2422700CE.NFO,02/01/2024,09:55:29,0.3,0.25,154080,0.3,52560,0,246280
FINNIFTY02JAN2422700CE.NFO,02/01/2024,09:55:41,0.25,0.25,153880,0.3,52560,480,246280
FINNIFTY02JAN2422700CE.NFO,02/01/2024,09:55:53,0.3,0.25,153880,0.3,52760,40,246280
FINNIFTY02JAN2422700CE.NFO,02/01/2024,09:56:06,0.3,0.25,152720,0.3,40920,10880,246280
FINNIFTY02JAN2422700CE.NFO,02/01/2024,09:56:20,0.25,0.25,142080,0.3,44760,15920,246280
FINNIFTY02JAN2422700CE.NFO,02/01/2024,09:56:33,0.3,0.25,160080,0.3,48200,1960,229400
FINNIFTY02JAN2422700CE.NFO,02/01/2024,09:56:46,0.25,0.25,157120,0.3,63840,5320,229400
FINNIFTY02JAN2422700CE.NFO,02/01/2024,09:57:00,0.3,0.25,154720,0.3,73200,9320,229400
FINNIFTY02JAN2422700CE.NFO,02/01/2024,09:57:13,0.3,0.25,153280,0.3,71320,3880,229400
FINNIFTY02JAN2422700CE.NFO,02/01/2024,09:57:26,0.3,0.25,151000,0.3,64280,3640,229400
FINNIFTY02JAN2422700CE.NFO,02/01/2024,09:57:39,0.3,0.25,149280,0.3,25080,20920,229400
FINNIFTY02JAN2422700CE.NFO,02/01/2024,09:57:50,0.35,0.3,197440,0.35,54320,11680,229400
FINNIFTY02JAN2422700CE.NFO,02/01/2024,09:58:02,0.35,0.3,303640,0.35,51280,0,229400
FINNIFTY02JAN2422700CE.NFO,02/01/2024,09:58:25,0.3,0.3,303160,0.35,51000,360,229400
FINNIFTY02JAN2422700CE.NFO,02/01/2024,09:58:37,0.3,0.3,298680,0.35,49240,200,229400
FINNIFTY02JAN2422700CE.NFO,02/01/2024,09:58:49,0.3,0.3,284640,0.35,42000,0,229400
FINNIFTY02JAN2422700CE.NFO,02/01/2024,09:58:59,0.35,0.3,299640,0.35,16400,40000,229400
FINNIFTY02JAN2422700CE.NFO,02/01/2024,09:59:10,0.35,0.35,42600,0.4,52800,23040,229400
FINNIFTY02JAN2422700CE.NFO,02/01/2024,09:59:22,0.35,0.35,39440,0.4,74760,11480,229400
FINNIFTY02JAN2422700CE.NFO,02/01/2024,09:59:33,0.35,0.35,45920,0.4,74640,280,229400
FINNIFTY02JAN2422700CE.NFO,02/01/2024,09:59:44,0.4,0.35,52720,0.4,74320,320,273680
FINNIFTY02JAN2422700CE.NFO,02/01/2024,09:59:44,0.4,0.35,52720,0.4,74320,0,273680
FINNIFTY02JAN2422700CE.NFO,02/01/2024,09:59:55,0.4,0.35,56320,0.4,83360,0,273680
FINNIFTY02JAN2422700CE.NFO,02/01/2024,10:00:06,0.4,0.35,49520,0.4,83640,0,273680
FINNIFTY02JAN2422700CE.NFO,02/01/2024,10:00:17,0.35,0.35,75680,0.4,85160,800,273680
FINNIFTY02JAN2422700CE.NFO,02/01/2024,10:00:29,0.4,0.35,79280,0.4,83320,40,273680
FINNIFTY02JAN2422700CE.NFO,02/01/2024,10:00:40,0.4,0.35,79280,0.4,83320,0,273680
FINNIFTY02JAN2422700CE.NFO,02/01/2024,10:00:52,0.35,0.35,67840,0.4,85960,12040,273680
FINNIFTY02JAN2422700CE.NFO,02/01/2024,10:01:03,0.35,0.35,67840,0.4,88840,0,273680
FINNIFTY02JAN2422700CE.NFO,02/01/2024,10:01:25,0.35,0.35,34800,0.4,96160,13240,273680
FINNIFTY02JAN2422700CE.NFO,02/01/2024,10:01:37,0.35,0.35,34800,0.4,96160,0,273680
FINNIFTY02JAN2422700CE.NFO,02/01/2024,10:01:47,0.35,0.35,31560,0.4,96160,0,273680
FINNIFTY02JAN2422700CE.NFO,02/01/2024,10:01:59,0.35,0.35,31280,0.4,98480,0,273680
FINNIFTY02JAN2422700CE.NFO,02/01/2024,10:02:10,0.35,0.35,34880,0.4,98240,0,273680
FINNIFTY02JAN2422700CE.NFO,02/01/2024,10:02:21,0.35,0.35,34880,0.4,96440,0,273680
FINNIFTY02JAN2422700CE.NFO,02/01/2024,10:02:42,0.35,0.35,54600,0.4,96160,80,288560
FINNIFTY02JAN2422700CE.NFO,02/01/2024,10:02:53,0.4,0.35,19760,0.4,93120,17280,288560
FINNIFTY02JAN2422700CE.NFO,02/01/2024,10:03:05,0.35,0.35,19360,0.4,92720,400,288560
FINNIFTY02JAN2422700CE.NFO,02/01/2024,10:03:17,0.35,0.35,42040,0.4,90920,0,288560
FINNIFTY02JAN2422700CE.NFO,02/01/2024,10:03:29,0.35,0.35,40240,0.4,90640,0,288560
FINNIFTY02JAN2422700CE.NFO,02/01/2024,10:03:41,0.35,0.35,18880,0.4,90640,120,288560
FINNIFTY02JAN2422700CE.NFO,02/01/2024,10:03:52,0.35,0.35,13160,0.4,90640,520,288560
FINNIFTY02JAN2422700CE.NFO,02/01/2024,10:04:03,0.35,0.35,12040,0.4,90640,1120,288560
FINNIFTY02JAN2422700CE.NFO,02/01/2024,10:04:15,0.35,0.35,15800,0.4,90640,0,288560
FINNIFTY02JAN2422700CE.NFO,02/01/2024,10:04:26,0.35,0.35,9800,0.4,90640,440,288560
FINNIFTY02JAN2422700CE.NFO,02/01/2024,10:04:37,0.35,0.35,8920,0.4,90640,880,288560
FINNIFTY02JAN2422700CE.NFO,02/01/2024,10:04:49,0.35,0.3,102080,0.35,31360,2040,288560
FINNIFTY02JAN2422700CE.NFO,02/01/2024,10:05:00,0.35,0.3,102080,0.35,31360,0,288560
FINNIFTY02JAN2422700CE.NFO,02/01/2024,10:05:33,0.3,0.3,16160,0.35,42200,44040,277120
FINNIFTY02JAN2422700CE.NFO,02/01/2024,10:05:44,0.35,0.3,34320,0.35,78600,320,277120
FINNIFTY02JAN2422700CE.NFO,02/01/2024,10:05:55,0.3,0.25,145720,0.3,141760,22080,277120
FINNIFTY02JAN2422700CE.NFO,02/01/2024,10:06:06,0.3,0.25,147520,0.3,141640,40,277120
FINNIFTY02JAN2422700CE.NFO,02/01/2024,10:06:17,0.3,0.25,147520,0.3,143440,1800,277120
FINNIFTY02JAN2422700CE.NFO,02/01/2024,10:06:30,0.3,0.25,147520,0.3,126480,16960,277120
FINNIFTY02JAN2422700CE.NFO,02/01/2024,10:06:42,0.3,0.25,150520,0.3,119720,6760,277120
FINNIFTY02JAN2422700CE.NFO,02/01/2024,10:06:53,0.3,0.25,150520,0.3,112960,10160,277120
FINNIFTY02JAN2422700CE.NFO,02/01/2024,10:07:04,0.3,0.25,150520,0.3,104800,8160,277120
FINNIFTY02JAN2422700CE.NFO,02/01/2024,10:07:16,0.3,0.25,165280,0.3,53160,26680,277120
FINNIFTY02JAN2422700CE.NFO,02/01/2024,10:07:27,0.3,0.25,176320,0.3,46600,6680,277120
FINNIFTY02JAN2422700CE.NFO,02/01/2024,10:07:38,0.3,0.25,179920,0.3,24280,1040,277120
FINNIFTY02JAN2422700CE.NFO,02/01/2024,10:07:49,0.25,0.25,179880,0.3,17280,40,277120
FINNIFTY02JAN2422700CE.NFO,02/01/2024,10:08:01,0.3,0.25,165800,0.3,38840,71640,277120
FINNIFTY02JAN2422700CE.NFO,02/01/2024,10:08:12,0.3,0.25,179280,0.3,23040,23560,277120
FINNIFTY02JAN2422700CE.NFO,02/01/2024,10:08:23,0.35,0.3,62600,0.35,121360,22240,277120
FINNIFTY02JAN2422700CE.NFO,02/01/2024,10:08:34,0.35,0.3,62600,0.35,121600,0,277120
FINNIFTY02JAN2422700CE.NFO,02/01/2024,10:08:45,0.3,0.3,64320,0.35,119600,240,260080
FINNIFTY02JAN2422700CE.NFO,02/01/2024,10:08:56,0.3,0.3,74120,0.35,98240,40,260080
FINNIFTY02JAN2422700CE.NFO,02/01/2024,10:09:08,0.3,0.3,74120,0.35,105600,0,260080
FINNIFTY02JAN2422700CE.NFO,02/01/2024,10:09:19,0.3,0.3,52320,0.35,105240,400,260080
FINNIFTY02JAN2422700CE.NFO,02/01/2024,10:09:31,0.3,0.3,52240,0.35,105160,80,260080
FINNIFTY02JAN2422700CE.NFO,02/01/2024,10:09:42,0.3,0.3,50240,0.35,105840,3800,260080
FINNIFTY02JAN2422700CE.NFO,02/01/2024,10:10:04,0.3,0.25,200880,0.3,55840,36960,260080
FINNIFTY02JAN2422700CE.NFO,02/01/2024,10:10:16,0.3,0.25,200640,0.3,60800,0,260080
FINNIFTY02JAN2422700CE.NFO,02/01/2024,10:10:27,0.3,0.25,186240,0.3,63520,0,260080
FINNIFTY02JAN2422700CE.NFO,02/01/2024,10:10:38,0.25,0.25,173880,0.3,76120,40,260080
FINNIFTY02JAN2422700CE.NFO,02/01/2024,10:10:50,0.25,0.25,184400,0.3,76120,0,260080
FINNIFTY02JAN2422700CE.NFO,02/01/2024,10:11:01,0.3,0.25,176400,0.3,75720,3000,260080
FINNIFTY02JAN2422700CE.NFO,02/01/2024,10:11:12,0.3,0.25,176360,0.3,77520,0,260080
FINNIFTY02JAN2422700CE.NFO,02/01/2024,10:11:34,0.25,0.25,175920,0.3,71360,9440,241720
FINNIFTY02JAN2422700CE.NFO,02/01/2024,10:11:55,0.25,0.25,171080,0.3,68040,5400,241720
FINNIFTY02JAN2422700CE.NFO,02/01/2024,10:12:06,0.25,0.25,172320,0.3,71640,0,241720
FINNIFTY02JAN2422700CE.NFO,02/01/2024,10:12:16,0.25,0.25,170520,0.3,71640,0,241720
FINNIFTY02JAN2422700CE.NFO,02/01/2024,10:12:37,0.25,0.25,170240,0.3,80640,0,241720
FINNIFTY02JAN2422700CE.NFO,02/01/2024,10:12:48,0.3,0.25,170240,0.3,66040,18400,241720
FINNIFTY02JAN2422700CE.NFO,02/01/2024,10:13:11,0.3,0.25,188240,0.3,67840,0,241720
FINNIFTY02JAN2422700CE.NFO,02/01/2024,10:14:14,0.25,0.25,185840,0.3,67560,2400,241720
FINNIFTY02JAN2422700CE.NFO,02/01/2024,10:14:25,0.25,0.25,203840,0.3,67560,0,241720
FINNIFTY02JAN2422700CE.NFO,02/01/2024,10:14:56,0.25,0.25,201080,0.3,60920,0,241720
FINNIFTY02JAN2422700CE.NFO,02/01/2024,10:15:27,0.25,0.25,201560,0.3,83680,0,241720
FINNIFTY02JAN2422700CE.NFO,02/01/2024,10:17:00,0.25,0.25,203040,0.3,83400,0,241720
FINNIFTY02JAN2422700CE.NFO,02/01/2024,10:17:33,0.25,0.25,202280,0.3,72600,480,256240
FINNIFTY02JAN2422700CE.NFO,02/01/2024,10:17:44,0.25,0.25,202280,0.3,74400,0,256240
FINNIFTY02JAN2422700CE.NFO,02/01/2024,10:17:54,0.3,0.25,202280,0.3,74360,40,256240
FINNIFTY02JAN2422700CE.NFO,02/01/2024,10:18:41,0.3,0.25,202280,0.3,55960,0,256240
FINNIFTY02JAN2422700CE.NFO,02/01/2024,10:19:10,0.25,0.25,183880,0.3,55960,18400,256240
FINNIFTY02JAN2422700CE.NFO,02/01/2024,10:19:20,0.25,0.25,166600,0.3,70160,0,256240
FINNIFTY02JAN2422700CE.NFO,02/01/2024,10:19:30,0.25,0.25,166600,0.3,75560,0,256240
FINNIFTY02JAN2422700CE.NFO,02/01/2024,10:19:40,0.3,0.25,167880,0.3,71960,3600,256240
FINNIFTY02JAN2422700CE.NFO,02/01/2024,10:19:59,0.3,0.25,167880,0.3,71960,0,256240
FINNIFTY02JAN2422700CE.NFO,02/01/2024,10:20:39,0.3,0.25,167880,0.3,71600,0,256240
FINNIFTY02JAN2422700CE.NFO,02/01/2024,10:20:48,0.3,0.25,167880,0.3,71920,0,256240
FINNIFTY02JAN2422700CE.NFO,02/01/2024,10:20:57,0.3,0.25,167880,0.3,71000,920,252000
FINNIFTY02JAN2422700CE.NFO,02/01/2024,10:21:06,0.3,0.25,167880,0.3,71040,0,252000
FINNIFTY02JAN2422700CE.NFO,02/01/2024,10:21:17,0.3,0.25,167880,0.3,70720,0,252000
FINNIFTY02JAN2422700CE.NFO,02/01/2024,10:21:39,0.3,0.25,166080,0.3,70720,0,252000
FINNIFTY02JAN2422700CE.NFO,02/01/2024,10:22:38,0.25,0.25,166040,0.3,70720,40,252000
FINNIFTY02JAN2422700CE.NFO,02/01/2024,10:23:28,0.3,0.25,164240,0.3,70640,80,252000
FINNIFTY02JAN2422700CE.NFO,02/01/2024,10:23:39,0.3,0.25,162440,0.3,70640,0,252000
FINNIFTY02JAN2422700CE.NFO,02/01/2024,10:24:00,0.25,0.25,162120,0.3,70320,320,252000
FINNIFTY02JAN2422700CE.NFO,02/01/2024,10:24:11,0.3,0.25,162120,0.3,70560,160,252000
FINNIFTY02JAN2422700CE.NFO,02/01/2024,10:24:50,0.3,0.25,162120,0.3,69560,1000,252000
FINNIFTY02JAN2422700CE.NFO,02/01/2024,10:25:21,0.3,0.25,162120,0.3,69760,0,252000
FINNIFTY02JAN2422700CE.NFO,02/01/2024,10:25:32,0.3,0.25,162120,0.3,69560,0,252000
FINNIFTY02JAN2422700CE.NFO,02/01/2024,10:28:18,0.3,0.25,162120,0.3,70200,0,252000
FINNIFTY02JAN2422700CE.NFO,02/01/2024,10:29:46,0.3,0.25,162120,0.3,64800,0,252000
FINNIFTY02JAN2422700CE.NFO,02/01/2024,10:30:03,0.3,0.25,162120,0.3,64800,800,252080
FINNIFTY02JAN2422700CE.NFO,02/01/2024,10:31:01,0.3,0.25,162120,0.3,64400,400,252080
FINNIFTY02JAN2422700CE.NFO,02/01/2024,10:31:19,0.3,0.25,162120,0.3,62400,2000,252080
FINNIFTY02JAN2422700CE.NFO,02/01/2024,10:31:28,0.3,0.25,162120,0.3,62800,0,252080
FINNIFTY02JAN2422700CE.NFO,02/01/2024,10:31:37,0.3,0.25,160920,0.3,63080,0,252080
FINNIFTY02JAN2422700CE.NFO,02/01/2024,10:32:08,0.25,0.25,160520,0.3,63080,400,252080
FINNIFTY02JAN2422700CE.NFO,02/01/2024,10:32:27,0.25,0.25,160520,0.3,63080,0,252080
FINNIFTY02JAN2422700CE.NFO,02/01/2024,10:32:46,0.25,0.25,160120,0.3,63320,400,250600
FINNIFTY02JAN2422700CE.NFO,02/01/2024,10:32:56,0.25,0.25,160120,0.3,63920,0,250600
FINNIFTY02JAN2422700CE.NFO,02/01/2024,10:33:14,0.25,0.25,154040,0.3,71840,6080,250600
FINNIFTY02JAN2422700CE.NFO,02/01/2024,10:33:23,0.25,0.25,141800,0.3,74720,10560,250600
FINNIFTY02JAN2422700CE.NFO,02/01/2024,10:33:33,0.25,0.25,133640,0.3,82520,0,250600
FINNIFTY02JAN2422700CE.NFO,02/01/2024,10:33:42,0.25,0.25,123200,0.3,82520,0,250600
FINNIFTY02JAN2422700CE.NFO,02/01/2024,10:34:01,0.25,0.25,123680,0.3,82640,0,250600
FINNIFTY02JAN2422700CE.NFO,02/01/2024,10:34:11,0.25,0.25,123200,0.3,82640,0,250600
FINNIFTY02JAN2422700CE.NFO,02/01/2024,10:34:21,0.25,0.25,123360,0.3,82640,0,250600
FINNIFTY02JAN2422700CE.NFO,02/01/2024,10:34:30,0.25,0.25,123360,0.3,83840,0,250600
FINNIFTY02JAN2422700CE.NFO,02/01/2024,10:34:39,0.25,0.25,123360,0.3,82640,0,250600
FINNIFTY02JAN2422700CE.NFO,02/01/2024,10:35:06,0.25,0.25,123360,0.3,83840,0,250600
FINNIFTY02JAN2422700CE.NFO,02/01/2024,10:35:33,0.25,0.25,123840,0.3,82640,0,250600
FINNIFTY02JAN2422700CE.NFO,02/01/2024,10:35:42,0.25,0.25,123600,0.3,82640,0,250600
FINNIFTY02JAN2422700CE.NFO,02/01/2024,10:36:08,0.25,0.25,124080,0.3,83840,0,250600
FINNIFTY02JAN2422700CE.NFO,02/01/2024,10:36:18,0.3,0.25,124080,0.3,83240,1000,250600
FINNIFTY02JAN2422700CE.NFO,02/01/2024,10:36:52,0.25,0.25,122840,0.3,70400,760,250600
FINNIFTY02JAN2422700CE.NFO,02/01/2024,10:37:04,0.25,0.25,123320,0.3,68160,0,250600
FINNIFTY02JAN2422700CE.NFO,02/01/2024,10:37:37,0.25,0.25,124520,0.3,68160,0,250600
FINNIFTY02JAN2422700CE.NFO,02/01/2024,10:39:26,0.25,0.25,124520,0.3,66960,0,250600
FINNIFTY02JAN2422700CE.NFO,02/01/2024,10:39:37,0.25,0.25,124520,0.3,67520,0,250600
FINNIFTY02JAN2422700CE.NFO,02/01/2024,10:39:48,0.3,0.25,137120,0.3,66520,1000,250360
FINNIFTY02JAN2422700CE.NFO,02/01/2024,10:39:58,0.3,0.25,137120,0.3,66520,0,250360
FINNIFTY02JAN2422700CE.NFO,02/01/2024,10:40:41,0.25,0.25,136560,0.3,66520,80,250360
FINNIFTY02JAN2422700CE.NFO,02/01/2024,10:41:11,0.25,0.25,137040,0.3,66600,0,250360
FINNIFTY02JAN2422700CE.NFO,02/01/2024,10:41:41,0.25,0.25,137040,0.3,75600,0,250360
FINNIFTY02JAN2422700CE.NFO,02/01/2024,10:41:51,0.25,0.25,137040,0.3,76840,0,250360
FINNIFTY02JAN2422700CE.NFO,02/01/2024,10:42:21,0.25,0.25,132960,0.3,78640,3600,249360
FINNIFTY02JAN2422700CE.NFO,02/01/2024,10:42:31,0.25,0.25,128040,0.3,81520,7200,249360
FINNIFTY02JAN2422700CE.NFO,02/01/2024,10:42:41,0.3,0.25,117240,0.3,89200,40,249360
FINNIFTY02JAN2422700CE.NFO,02/01/2024,10:42:51,0.3,0.25,114960,0.3,90160,0,249360
FINNIFTY02JAN2422700CE.NFO,02/01/2024,10:43:01,0.3,0.25,115440,0.3,94960,0,249360
FINNIFTY02JAN2422700CE.NFO,02/01/2024,10:43:21,0.25,0.25,114880,0.3,94960,80,249360
FINNIFTY02JAN2422700CE.NFO,02/01/2024,10:43:41,0.3,0.25,115360,0.3,94640,320,249360
FINNIFTY02JAN2422700CE.NFO,02/01/2024,10:44:10,0.3,0.25,115360,0.3,94840,0,249360
FINNIFTY02JAN2422700CE.NFO,02/01/2024,10:44:30,0.25,0.25,90880,0.3,89440,4200,249360
FINNIFTY02JAN2422700CE.NFO,02/01/2024,10:44:41,0.25,0.25,90640,0.3,90960,0,249360
FINNIFTY02JAN2422700CE.NFO,02/01/2024,10:44:51,0.25,0.25,90640,0.3,91560,0,249360
FINNIFTY02JAN2422700CE.NFO,02/01/2024,10:45:00,0.3,0.25,65440,0.3,91120,320,247560
FINNIFTY02JAN2422700CE.NFO,02/01/2024,10:45:10,0.3,0.25,65440,0.3,97360,0,247560
FINNIFTY02JAN2422700CE.NFO,02/01/2024,10:45:20,0.3,0.25,65920,0.3,98560,0,247560
FINNIFTY02JAN2422700CE.NFO,02/01/2024,10:45:29,0.3,0.25,65920,0.3,96760,0,247560
FINNIFTY02JAN2422700CE.NFO,02/01/2024,10:45:39,0.3,0.25,65440,0.3,97040,0,247560
FINNIFTY02JAN2422700CE.NFO,02/01/2024,10:45:49,0.3,0.25,65920,0.3,97040,0,247560
FINNIFTY02JAN2422700CE.NFO,02/01/2024,10:46:37,0.3,0.25,65920,0.3,96400,0,247560
FINNIFTY02JAN2422700CE.NFO,02/01/2024,10:46:47,0.25,0.25,65680,0.3,96400,240,247560
FINNIFTY02JAN2422700CE.NFO,02/01/2024,10:46:56,0.25,0.25,29680,0.3,95200,0,247560
FINNIFTY02JAN2422700CE.NFO,02/01/2024,10:47:07,0.25,0.25,29200,0.3,96840,0,247560
FINNIFTY02JAN2422700CE.NFO,02/01/2024,10:47:25,0.25,0.25,29200,0.3,95040,0,247560
FINNIFTY02JAN2422700CE.NFO,02/01/2024,10:47:44,0.25,0.25,29680,0.3,96240,0,247560
FINNIFTY02JAN2422700CE.NFO,02/01/2024,10:48:03,0.25,0.25,29200,0.3,96240,0,247560
FINNIFTY02JAN2422700CE.NFO,02/01/2024,10:48:12,0.3,0.25,29680,0.3,96160,80,247560
FINNIFTY02JAN2422700CE.NFO,02/01/2024,10:48:40,0.3,0.25,31480,0.3,93960,1600,247560
FINNIFTY02JAN2422700CE.NFO,02/01/2024,10:48:50,0.3,0.25,31480,0.3,94560,0,247560
FINNIFTY02JAN2422700CE.NFO,02/01/2024,10:49:20,0.3,0.25,31480,0.3,96160,200,247560
FINNIFTY02JAN2422700CE.NFO,02/01/2024,10:49:31,0.3,0.25,29720,0.3,96000,160,247560
FINNIFTY02JAN2422700CE.NFO,02/01/2024,10:49:40,0.3,0.25,29680,0.3,95840,160,247560
FINNIFTY02JAN2422700CE.NFO,02/01/2024,10:49:49,0.3,0.25,29680,0.3,97560,80,247560
FINNIFTY02JAN2422700CE.NFO,02/01/2024,10:49:58,0.3,0.25,29680,0.3,97560,0,247560
FINNIFTY02JAN2422700CE.NFO,02/01/2024,10:50:27,0.3,0.25,29200,0.3,97560,0,247560
FINNIFTY02JAN2422700CE.NFO,02/01/2024,10:50:37,0.3,0.25,29680,0.3,97560,0,247560
FINNIFTY02JAN2422700CE.NFO,02/01/2024,10:50:47,0.25,0.25,29160,0.3,95760,40,245880
FINNIFTY02JAN2422700CE.NFO,02/01/2024,10:50:57,0.25,0.25,29640,0.3,95760,0,245880
FINNIFTY02JAN2422700CE.NFO,02/01/2024,10:51:28,0.25,0.25,27360,0.3,94560,1800,245880
FINNIFTY02JAN2422700CE.NFO,02/01/2024,10:51:38,0.25,0.25,27840,0.3,96000,0,245880
FINNIFTY02JAN2422700CE.NFO,02/01/2024,10:51:57,0.25,0.25,27840,0.3,74800,0,245880
FINNIFTY02JAN2422700CE.NFO,02/01/2024,10:52:07,0.25,0.25,27840,0.3,75480,0,245880
FINNIFTY02JAN2422700CE.NFO,02/01/2024,10:52:16,0.3,0.25,27840,0.3,75080,400,245880
FINNIFTY02JAN2422700CE.NFO,02/01/2024,10:52:36,0.25,0.25,26880,0.3,75880,960,245880
FINNIFTY02JAN2422700CE.NFO,02/01/2024,10:53:50,0.25,0.25,19080,0.3,81800,7320,245680
FINNIFTY02JAN2422700CE.NFO,02/01/2024,10:54:00,0.25,0.25,19560,0.3,81800,0,245680
FINNIFTY02JAN2422700CE.NFO,02/01/2024,10:54:47,0.25,0.25,18360,0.3,83240,0,245680
FINNIFTY02JAN2422700CE.NFO,02/01/2024,10:54:56,0.25,0.25,20800,0.3,83240,680,245680
FINNIFTY02JAN2422700CE.NFO,02/01/2024,10:55:05,0.25,0.25,20800,0.3,83240,3680,245680
FINNIFTY02JAN2422700CE.NFO,02/01/2024,10:55:14,0.25,0.25,21680,0.3,83240,0,245680
FINNIFTY02JAN2422700CE.NFO,02/01/2024,10:56:00,0.25,0.25,18600,0.3,81040,2200,245680
FINNIFTY02JAN2422700CE.NFO,02/01/2024,10:56:27,0.3,0.25,19080,0.3,80920,120,245680
FINNIFTY02JAN2422700CE.NFO,02/01/2024,10:56:36,0.3,0.25,21960,0.3,80920,0,245680
FINNIFTY02JAN2422700CE.NFO,02/01/2024,10:56:47,0.3,0.25,20280,0.3,80240,400,238760
FINNIFTY02JAN2422700CE.NFO,02/01/2024,10:56:58,0.3,0.25,19080,0.3,80240,0,238760
FINNIFTY02JAN2422700CE.NFO,02/01/2024,10:57:08,0.25,0.25,18880,0.3,80960,720,238760
FINNIFTY02JAN2422700CE.NFO,02/01/2024,10:57:18,0.25,0.25,18160,0.3,80960,240,238760
FINNIFTY02JAN2422700CE.NFO,02/01/2024,10:57:28,0.25,0.25,18640,0.3,89960,0,238760
FINNIFTY02JAN2422700CE.NFO,02/01/2024,10:57:48,0.25,0.25,17640,0.3,88160,40,238760
FINNIFTY02JAN2422700CE.NFO,02/01/2024,10:57:59,0.3,0.25,18640,0.3,87600,280,238760
FINNIFTY02JAN2422700CE.NFO,02/01/2024,10:58:09,0.3,0.25,18000,0.3,87360,880,238760
FINNIFTY02JAN2422700CE.NFO,02/01/2024,10:58:19,0.3,0.25,18000,0.3,89040,120,238760
FINNIFTY02JAN2422700CE.NFO,02/01/2024,10:58:28,0.25,0.25,16600,0.3,89040,920,238760
FINNIFTY02JAN2422700CE.NFO,02/01/2024,10:58:37,0.3,0.25,17560,0.3,89440,80,238760
FINNIFTY02JAN2422700CE.NFO,02/01/2024,10:58:46,0.3,0.25,17640,0.3,89400,40,238760
FINNIFTY02JAN2422700CE.NFO,02/01/2024,10:58:55,0.3,0.25,17720,0.3,89400,0,238760
FINNIFTY02JAN2422700CE.NFO,02/01/2024,10:59:24,0.25,0.25,16400,0.3,87280,840,238760
FINNIFTY02JAN2422700CE.NFO,02/01/2024,10:59:34,0.25,0.25,14080,0.3,86320,4240,238760
FINNIFTY02JAN2422700CE.NFO,02/01/2024,10:59:42,0.25,0.25,13920,0.3,86320,0,238760
FINNIFTY02JAN2422700CE.NFO,02/01/2024,10:59:52,0.25,0.25,8800,0.3,85040,2240,231920
FINNIFTY02JAN2422700CE.NFO,02/01/2024,11:00:01,0.25,0.25,9240,0.3,72560,5080,231920
FINNIFTY02JAN2422700CE.NFO,02/01/2024,11:00:10,0.3,0.25,9240,0.3,72520,40,231920
FINNIFTY02JAN2422700CE.NFO,02/01/2024,11:00:20,0.3,0.25,9240,0.3,90320,0,231920
FINNIFTY02JAN2422700CE.NFO,02/01/2024,11:00:58,0.25,0.25,4040,0.3,88800,400,231920
FINNIFTY02JAN2422700CE.NFO,02/01/2024,11:01:08,0.25,0.2,173920,0.25,69880,12280,231920
FINNIFTY02JAN2422700CE.NFO,02/01/2024,11:01:17,0.25,0.2,173920,0.25,71040,280,231920
FINNIFTY02JAN2422700CE.NFO,02/01/2024,11:01:27,0.25,0.2,173920,0.25,71040,0,231920
FINNIFTY02JAN2422700CE.NFO,02/01/2024,11:01:37,0.25,0.2,173920,0.25,72880,0,231920
FINNIFTY02JAN2422700CE.NFO,02/01/2024,11:02:06,0.25,0.2,175720,0.25,72880,0,231920
FINNIFTY02JAN2422700CE.NFO,02/01/2024,11:02:45,0.25,0.2,175440,0.25,72640,240,226160
FINNIFTY02JAN2422700CE.NFO,02/01/2024,11:03:13,0.25,0.2,178640,0.25,72440,640,226160
FINNIFTY02JAN2422700CE.NFO,02/01/2024,11:03:13,0.2,0.2,178640,0.25,72440,0,226160
FINNIFTY02JAN2422700CE.NFO,02/01/2024,11:03:31,0.25,0.2,179040,0.25,72440,0,226160
FINNIFTY02JAN2422700CE.NFO,02/01/2024,11:04:09,0.25,0.2,177240,0.25,72200,240,226160
FINNIFTY02JAN2422700CE.NFO,02/01/2024,11:04:18,0.25,0.2,177240,0.25,72000,200,226160
FINNIFTY02JAN2422700CE.NFO,02/01/2024,11:04:28,0.25,0.2,177240,0.25,71200,800,226160
FINNIFTY02JAN2422700CE.NFO,02/01/2024,11:04:37,0.2,0.2,175440,0.25,74840,1800,226160
FINNIFTY02JAN2422700CE.NFO,02/01/2024,11:04:47,0.2,0.2,173640,0.25,77680,1800,226160
FINNIFTY02JAN2422700CE.NFO,02/01/2024,11:04:56,0.2,0.2,173640,0.25,77720,0,226160
FINNIFTY02JAN2422700CE.NFO,02/01/2024,11:05:15,0.2,0.2,154200,0.25,89680,19440,226160
FINNIFTY02JAN2422700CE.NFO,02/01/2024,11:05:33,0.2,0.2,142600,0.25,107080,11600,226160
FINNIFTY02JAN2422700CE.NFO,02/01/2024,11:05:42,0.2,0.2,131840,0.25,115360,8800,235880
FINNIFTY02JAN2422700CE.NFO,02/01/2024,11:05:52,0.2,0.2,130200,0.25,120760,1640,235880
FINNIFTY02JAN2422700CE.NFO,02/01/2024,11:06:01,0.2,0.2,126480,0.25,119960,0,235880
FINNIFTY02JAN2422700CE.NFO,02/01/2024,11:06:11,0.2,0.2,128400,0.25,122360,0,235880
FINNIFTY02JAN2422700CE.NFO,02/01/2024,11:06:20,0.2,0.2,110400,0.25,122360,0,235880
FINNIFTY02JAN2422700CE.NFO,02/01/2024,11:06:38,0.2,0.2,109280,0.25,122360,40,235880
FINNIFTY02JAN2422700CE.NFO,02/01/2024,11:06:48,0.2,0.2,107480,0.25,122360,0,235880
FINNIFTY02JAN2422700CE.NFO,02/01/2024,11:07:36,0.25,0.2,109280,0.25,121880,480,235880
FINNIFTY02JAN2422700CE.NFO,02/01/2024,11:07:45,0.25,0.2,109280,0.25,117360,4520,235880
FINNIFTY02JAN2422700CE.NFO,02/01/2024,11:07:54,0.25,0.2,109280,0.25,110280,7080,235880
FINNIFTY02JAN2422700CE.NFO,02/01/2024,11:08:13,0.25,0.2,85880,0.25,110280,0,235880
FINNIFTY02JAN2422700CE.NFO,02/01/2024,11:08:22,0.25,0.2,73280,0.25,110280,0,235880
FINNIFTY02JAN2422700CE.NFO,02/01/2024,11:08:31,0.25,0.2,77600,0.25,98840,11440,235880
FINNIFTY02JAN2422700CE.NFO,02/01/2024,11:08:40,0.25,0.2,113240,0.25,100640,40,235880
FINNIFTY02JAN2422700CE.NFO,02/01/2024,11:08:49,0.25,0.2,134480,0.25,84640,17200,225720
FINNIFTY02JAN2422700CE.NFO,02/01/2024,11:08:59,0.25,0.2,141680,0.25,48760,12720,225720
FINNIFTY02JAN2422700CE.NFO,02/01/2024,11:09:09,0.25,0.2,188480,0.25,48800,0,225720
FINNIFTY02JAN2422700CE.NFO,02/01/2024,11:09:19,0.25,0.2,188480,0.25,15440,14240,225720
FINNIFTY02JAN2422700CE.NFO,02/01/2024,11:09:28,0.25,0.25,91440,0.3,68040,16080,225720
FINNIFTY02JAN2422700CE.NFO,02/01/2024,11:09:37,0.25,0.25,89640,0.3,71560,0,225720
FINNIFTY02JAN2422700CE.NFO,02/01/2024,11:09:55,0.3,0.25,84840,0.3,60200,3320,225720
FINNIFTY02JAN2422700CE.NFO,02/01/2024,11:10:04,0.3,0.25,93840,0.3,56000,160,225720
FINNIFTY02JAN2422700CE.NFO,02/01/2024,11:10:12,0.3,0.25,83040,0.3,47360,0,225720
FINNIFTY02JAN2422700CE.NFO,02/01/2024,11:10:21,0.3,0.3,42480,0.35,72720,33560,225720
FINNIFTY02JAN2422700CE.NFO,02/01/2024,11:10:30,0.3,0.3,6880,0.35,72160,28600,225720
FINNIFTY02JAN2422700CE.NFO,02/01/2024,11:10:39,0.3,0.3,18640,0.35,85760,2720,225720
FINNIFTY02JAN2422700CE.NFO,02/01/2024,11:10:47,0.35,0.3,17720,0.35,77320,10080,225720
FINNIFTY02JAN2422700CE.NFO,02/01/2024,11:10:56,0.35,0.3,52120,0.35,33400,7600,225720
FINNIFTY02JAN2422700CE.NFO,02/01/2024,11:11:05,0.35,0.3,63720,0.35,17640,11440,225720
FINNIFTY02JAN2422700CE.NFO,02/01/2024,11:11:14,0.35,0.3,66680,0.35,600,14320,225720
FINNIFTY02JAN2422700CE.NFO,02/01/2024,11:11:23,0.35,0.3,73360,0.4,48760,8680,225720
FINNIFTY02JAN2422700CE.NFO,02/01/2024,11:11:33,0.35,0.35,16120,0.4,53200,2160,225720
FINNIFTY02JAN2422700CE.NFO,02/01/2024,11:11:42,0.35,0.35,16120,0.4,53880,0,225720
FINNIFTY02JAN2422700CE.NFO,02/01/2024,11:11:51,0.35,0.35,19520,0.4,56240,4880,251200
FINNIFTY02JAN2422700CE.NFO,02/01/2024,11:12:01,0.35,0.35,33040,0.4,56240,1800,251200
FINNIFTY02JAN2422700CE.NFO,02/01/2024,11:12:10,0.35,0.35,36120,0.4,53080,600,251200
FINNIFTY02JAN2422700CE.NFO,02/01/2024,11:12:19,0.4,0.35,42880,0.4,15720,10360,251200
FINNIFTY02JAN2422700CE.NFO,02/01/2024,11:12:28,0.4,0.35,42880,0.4,14680,1040,251200
FINNIFTY02JAN2422700CE.NFO,02/01/2024,11:12:38,0.4,0.35,41800,0.4,13520,1160,251200
FINNIFTY02JAN2422700CE.NFO,02/01/2024,11:12:46,0.4,0.35,41800,0.4,20840,0,251200
FINNIFTY02JAN2422700CE.NFO,02/01/2024,11:12:55,0.4,0.35,36600,0.4,5360,9280,251200
FINNIFTY02JAN2422700CE.NFO,02/01/2024,11:13:04,0.4,0.35,40200,0.4,7920,120,251200
FINNIFTY02JAN2422700CE.NFO,02/01/2024,11:13:13,0.4,0.35,39800,0.4,12560,1800,251200
FINNIFTY02JAN2422700CE.NFO,02/01/2024,11:13:22,0.4,0.35,39800,0.4,18680,0,251200
FINNIFTY02JAN2422700CE.NFO,02/01/2024,11:13:32,0.4,0.35,37840,0.4,6160,0,251200
FINNIFTY02JAN2422700CE.NFO,02/01/2024,11:13:42,0.4,0.4,21480,0.45,37560,5760,251200
FINNIFTY02JAN2422700CE.NFO,02/01/2024,11:13:52,0.45,0.4,28520,0.45,33360,3000,251200
FINNIFTY02JAN2422700CE.NFO,02/01/2024,11:13:52,0.45,0.4,28520,0.45,33360,0,251200
FINNIFTY02JAN2422700CE.NFO,02/01/2024,11:14:01,0.45,0.45,17080,0.5,12240,20040,251200
FINNIFTY02JAN2422700CE.NFO,02/01/2024,11:14:10,0.45,0.45,22520,0.5,23160,1520,251200
FINNIFTY02JAN2422700CE.NFO,02/01/2024,11:14:19,0.5,0.45,22520,0.5,3160,1080,251200
FINNIFTY02JAN2422700CE.NFO,02/01/2024,11:14:19,0.5,0.45,22520,0.5,3160,0,251200
FINNIFTY02JAN2422700CE.NFO,02/01/2024,11:14:28,0.5,0.45,18680,0.5,7800,29320,251200
FINNIFTY02JAN2422700CE.NFO,02/01/2024,11:14:37,0.5,0.45,18000,0.55,2840,16120,251200
FINNIFTY02JAN2422700CE.NFO,02/01/2024,11:14:37,0.55,0.45,18000,0.55,2840,0,251200
FINNIFTY02JAN2422700CE.NFO,02/01/2024,11:14:47,0.5,0.5,4400,0.55,7360,21280,269080
FINNIFTY02JAN2422700CE.NFO,02/01/2024,11:14:56,0.5,0.45,15520,0.5,24280,5680,269080
FINNIFTY02JAN2422700CE.NFO,02/01/2024,11:15:06,0.5,0.45,19880,0.5,21080,12720,269080
FINNIFTY02JAN2422700CE.NFO,02/01/2024,11:15:16,0.45,0.45,14880,0.5,21840,7200,269080
FINNIFTY02JAN2422700CE.NFO,02/01/2024,11:15:26,0.5,0.45,21640,0.5,19680,2200,269080
FINNIFTY02JAN2422700CE.NFO,02/01/2024,11:15:35,0.5,0.45,20760,0.5,18880,2520,269080
FINNIFTY02JAN2422700CE.NFO,02/01/2024,11:15:46,0.5,0.45,23680,0.5,13640,880,269080
FINNIFTY02JAN2422700CE.NFO,02/01/2024,11:15:57,0.45,0.45,24120,0.5,30480,15680,269080
FINNIFTY02JAN2422700CE.NFO,02/01/2024,11:16:07,0.45,0.45,21640,0.5,30240,10400,269080
FINNIFTY02JAN2422700CE.NFO,02/01/2024,11:16:17,0.45,0.45,27440,0.5,34440,2000,269080
FINNIFTY02JAN2422700CE.NFO,02/01/2024,11:16:26,0.45,0.45,25120,0.5,34800,12080,269080
FINNIFTY02JAN2422700CE.NFO,02/01/2024,11:16:35,0.45,0.45,27040,0.5,34520,1800,269080
FINNIFTY02JAN2422700CE.NFO,02/01/2024,11:16:45,0.4,0.4,18240,0.45,35480,14400,269080
FINNIFTY02JAN2422700CE.NFO,02/01/2024,11:16:54,0.4,0.4,5800,0.45,25240,9840,269080
FINNIFTY02JAN2422700CE.NFO,02/01/2024,11:17:03,0.4,0.4,18120,0.45,25240,0,269080
FINNIFTY02JAN2422700CE.NFO,02/01/2024,11:17:12,0.45,0.4,8800,0.45,17400,2480,269080
FINNIFTY02JAN2422700CE.NFO,02/01/2024,11:17:21,0.45,0.4,8800,0.45,17400,0,269080
FINNIFTY02JAN2422700CE.NFO,02/01/2024,11:17:39,0.45,0.4,8520,0.45,17440,0,269080
FINNIFTY02JAN2422700CE.NFO,02/01/2024,11:17:49,0.45,0.4,12200,0.45,15720,7800,236560
FINNIFTY02JAN2422700CE.NFO,02/01/2024,11:17:58,0.4,0.4,6880,0.45,17520,5040,236560
FINNIFTY02JAN2422700CE.NFO,02/01/2024,11:18:07,0.4,0.4,6840,0.45,16680,2800,236560
FINNIFTY02JAN2422700CE.NFO,02/01/2024,11:18:17,0.4,0.4,5280,0.45,14000,1080,236560
FINNIFTY02JAN2422700CE.NFO,02/01/2024,11:18:25,0.4,0.4,5160,0.45,16680,1280,236560
FINNIFTY02JAN2422700CE.NFO,02/01/2024,11:18:34,0.45,0.4,5640,0.45,16440,720,236560
FINNIFTY02JAN2422700CE.NFO,02/01/2024,11:18:42,0.45,0.4,9080,0.45,18240,0,236560
FINNIFTY02JAN2422700CE.NFO,02/01/2024,11:18:51,0.4,0.35,20720,0.4,10760,9840,236560
FINNIFTY02JAN2422700CE.NFO,02/01/2024,11:19:00,0.4,0.35,21520,0.4,18720,640,236560
FINNIFTY02JAN2422700CE.NFO,02/01/2024,11:19:08,0.4,0.35,10320,0.4,17120,0,236560
FINNIFTY02JAN2422700CE.NFO,02/01/2024,11:19:34,0.4,0.35,9360,0.4,20040,1360,236560
FINNIFTY02JAN2422700CE.NFO,02/01/2024,11:19:50,0.4,0.35,9360,0.4,20040,0,236560
FINNIFTY02JAN2422700CE.NFO,02/01/2024,11:19:58,0.35,0.35,1560,0.4,17040,7400,236560
FINNIFTY02JAN2422700CE.NFO,02/01/2024,11:20:06,0.35,0.3,22480,0.4,13040,15240,236560
FINNIFTY02JAN2422700CE.NFO,02/01/2024,11:20:22,0.35,0.35,8480,0.4,13360,6680,236560
FINNIFTY02JAN2422700CE.NFO,02/01/2024,11:20:58,0.35,0.35,7440,0.4,15920,4400,238920
FINNIFTY02JAN2422700CE.NFO,02/01/2024,11:21:06,0.35,0.35,6600,0.4,18040,2080,238920
FINNIFTY02JAN2422700CE.NFO,02/01/2024,11:21:24,0.35,0.35,6480,0.4,18040,120,238920
FINNIFTY02JAN2422700CE.NFO,02/01/2024,11:21:58,0.35,0.35,4280,0.4,18080,4400,238920
FINNIFTY02JAN2422700CE.NFO,02/01/2024,11:22:08,0.35,0.35,120,0.4,18400,4400,238920
FINNIFTY02JAN2422700CE.NFO,02/01/2024,11:22:34,0.35,0.35,600,0.4,18400,0,238920
FINNIFTY02JAN2422700CE.NFO,02/01/2024,11:22:42,0.35,0.35,840,0.4,18400,0,238920
FINNIFTY02JAN2422700CE.NFO,02/01/2024,11:23:00,0.35,0.3,13080,0.4,18360,840,238920
FINNIFTY02JAN2422700CE.NFO,02/01/2024,11:23:08,0.35,0.3,11040,0.4,18360,2000,238920
FINNIFTY02JAN2422700CE.NFO,02/01/2024,11:23:16,0.35,0.3,11040,0.4,18360,0,238920
FINNIFTY02JAN2422700CE.NFO,02/01/2024,11:23:25,0.35,0.35,1840,0.4,18400,1560,238920
FINNIFTY02JAN2422700CE.NFO,02/01/2024,11:23:33,0.35,0.35,1840,0.4,18360,0,238920
FINNIFTY02JAN2422700CE.NFO,02/01/2024,11:24:38,0.35,0.35,1040,0.4,18360,800,233720
FINNIFTY02JAN2422700CE.NFO,02/01/2024,11:24:46,0.35,0.35,1040,0.4,18400,0,233720
FINNIFTY02JAN2422700CE.NFO,02/01/2024,11:24:55,0.35,0.35,1040,0.4,18360,0,233720
FINNIFTY02JAN2422700CE.NFO,02/01/2024,11:25:03,0.35,0.35,920,0.4,18400,120,233720
FINNIFTY02JAN2422700CE.NFO,02/01/2024,11:25:19,0.35,0.35,920,0.4,18400,0,233720
FINNIFTY02JAN2422700CE.NFO,02/01/2024,11:25:44,0.35,0.35,520,0.4,18400,400,233720
FINNIFTY02JAN2422700CE.NFO,02/01/2024,11:25:52,0.35,0.35,320,0.4,18400,200,233720
FINNIFTY02JAN2422700CE.NFO,02/01/2024,11:26:00,0.35,0.3,14080,0.4,18400,160,233720
FINNIFTY02JAN2422700CE.NFO,02/01/2024,11:26:08,0.35,0.3,19520,0.4,18360,0,233720
FINNIFTY02JAN2422700CE.NFO,02/01/2024,11:26:16,0.35,0.35,2000,0.4,18600,0,233720
FINNIFTY02JAN2422700CE.NFO,02/01/2024,11:26:24,0.35,0.35,2000,0.4,18560,0,233720
FINNIFTY02JAN2422700CE.NFO,02/01/2024,11:26:32,0.35,0.35,2000,0.4,16840,0,233720
FINNIFTY02JAN2422700CE.NFO,02/01/2024,11:26:40,0.35,0.35,2000,0.4,17000,0,233720
FINNIFTY02JAN2422700CE.NFO,02/01/2024,11:26:49,0.35,0.35,2000,0.4,17040,0,233720
FINNIFTY02JAN2422700CE.NFO,02/01/2024,11:27:53,0.35,0.3,18440,0.4,18600,2000,233720
FINNIFTY02JAN2422700CE.NFO,02/01/2024,11:28:02,0.35,0.3,18440,0.4,20360,0,233720
FINNIFTY02JAN2422700CE.NFO,02/01/2024,11:28:10,0.35,0.3,15560,0.4,21680,40,233720
FINNIFTY02JAN2422700CE.NFO,02/01/2024,11:28:18,0.35,0.3,17000,0.4,22120,40,233720
FINNIFTY02JAN2422700CE.NFO,02/01/2024,11:28:26,0.35,0.3,16960,0.4,22360,200,233720
FINNIFTY02JAN2422700CE.NFO,02/01/2024,11:28:34,0.35,0.35,800,0.4,22360,280,233720
FINNIFTY02JAN2422700CE.NFO,02/01/2024,11:28:43,0.35,0.35,160,0.4,21880,280,233720
FINNIFTY02JAN2422700CE.NFO,02/01/2024,11:29:07,0.4,0.3,20480,0.4,20000,80,233720
FINNIFTY02JAN2422700CE.NFO,02/01/2024,11:29:15,0.35,0.3,21240,0.35,7800,720,233720
FINNIFTY02JAN2422700CE.NFO,02/01/2024,11:29:23,0.35,0.3,21240,0.35,7800,0,233720
FINNIFTY02JAN2422700CE.NFO,02/01/2024,11:30:03,0.35,0.3,21600,0.35,13440,1520,233080
FINNIFTY02JAN2422700CE.NFO,02/01/2024,11:30:11,0.35,0.3,21400,0.35,13440,0,233080
FINNIFTY02JAN2422700CE.NFO,02/01/2024,11:30:34,0.3,0.3,20880,0.35,13440,600,233080
FINNIFTY02JAN2422700CE.NFO,02/01/2024,11:30:49,0.3,0.3,20840,0.35,13440,40,233080
FINNIFTY02JAN2422700CE.NFO,02/01/2024,11:31:04,0.35,0.3,20840,0.35,13400,40,233080
FINNIFTY02JAN2422700CE.NFO,02/01/2024,11:31:12,0.35,0.3,20840,0.35,13080,320,233080
FINNIFTY02JAN2422700CE.NFO,02/01/2024,11:31:20,0.35,0.3,22360,0.35,13080,0,233080
FINNIFTY02JAN2422700CE.NFO,02/01/2024,11:31:42,0.35,0.3,20920,0.35,13480,0,233080
FINNIFTY02JAN2422700CE.NFO,02/01/2024,11:31:50,0.35,0.3,21400,0.35,17160,6000,233080
FINNIFTY02JAN2422700CE.NFO,02/01/2024,11:31:58,0.35,0.3,19960,0.35,18840,0,233080
FINNIFTY02JAN2422700CE.NFO,02/01/2024,11:32:22,0.3,0.3,19680,0.35,18840,40,233080
FINNIFTY02JAN2422700CE.NFO,02/01/2024,11:32:29,0.3,0.3,16320,0.35,18840,0,233080
FINNIFTY02JAN2422700CE.NFO,02/01/2024,11:33:48,0.35,0.3,16320,0.35,18760,80,233120
FINNIFTY02JAN2422700CE.NFO,02/01/2024,11:34:46,0.35,0.3,16320,0.35,18680,80,233120
FINNIFTY02JAN2422700CE.NFO,02/01/2024,11:35:08,0.35,0.3,16360,0.35,18680,0,233120
FINNIFTY02JAN2422700CE.NFO,02/01/2024,11:35:31,0.35,0.3,16360,0.35,18600,80,233120
FINNIFTY02JAN2422700CE.NFO,02/01/2024,11:35:39,0.35,0.3,16360,0.35,18280,320,233120
FINNIFTY02JAN2422700CE.NFO,02/01/2024,11:35:46,0.3,0.3,16080,0.35,18280,40,233120
FINNIFTY02JAN2422700CE.NFO,02/01/2024,11:36:01,0.3,0.3,16040,0.35,18280,40,233120
FINNIFTY02JAN2422700CE.NFO,02/01/2024,11:36:16,0.3,0.3,16000,0.35,18280,40,233120
FINNIFTY02JAN2422700CE.NFO,02/01/2024,11:36:23,0.3,0.3,16080,0.35,18280,40,233120
FINNIFTY02JAN2422700CE.NFO,02/01/2024,11:36:39,0.3,0.3,16080,0.35,18280,0,233120
FINNIFTY02JAN2422700CE.NFO,02/01/2024,11:36:54,0.35,0.3,17880,0.35,7160,12640,233120
FINNIFTY02JAN2422700CE.NFO,02/01/2024,11:37:33,0.3,0.3,17840,0.35,9360,40,233120
FINNIFTY02JAN2422700CE.NFO,02/01/2024,11:37:41,0.3,0.3,16240,0.35,9360,0,233120
FINNIFTY02JAN2422700CE.NFO,02/01/2024,11:38:04,0.3,0.3,16160,0.35,9360,80,233120
FINNIFTY02JAN2422700CE.NFO,02/01/2024,11:38:12,0.3,0.3,16080,0.35,9360,80,233120
FINNIFTY02JAN2422700CE.NFO,02/01/2024,11:38:21,0.3,0.3,16040,0.35,9360,40,233120
FINNIFTY02JAN2422700CE.NFO,02/01/2024,11:38:51,0.3,0.3,15760,0.35,9360,280,236800
FINNIFTY02JAN2422700CE.NFO,02/01/2024,11:39:19,0.35,0.3,16040,0.35,8880,480,236800
FINNIFTY02JAN2422700CE.NFO,02/01/2024,11:39:44,0.3,0.3,15720,0.35,8880,320,236800
FINNIFTY02JAN2422700CE.NFO,02/01/2024,11:39:57,0.3,0.3,17120,0.35,8880,240,236800
FINNIFTY02JAN2422700CE.NFO,02/01/2024,11:40:10,0.3,0.3,16840,0.35,8880,280,236800
FINNIFTY02JAN2422700CE.NFO,02/01/2024,11:40:41,0.3,0.3,16800,0.35,8880,0,236800
FINNIFTY02JAN2422700CE.NFO,02/01/2024,11:40:47,0.3,0.3,16600,0.35,8880,200,236800
FINNIFTY02JAN2422700CE.NFO,02/01/2024,11:40:53,0.3,0.3,15320,0.35,10920,3600,236800
FINNIFTY02JAN2422700CE.NFO,02/01/2024,11:41:07,0.3,0.3,9360,0.35,16600,5640,236800
FINNIFTY02JAN2422700CE.NFO,02/01/2024,11:41:21,0.3,0.3,9960,0.35,16600,0,236800
FINNIFTY02JAN2422700CE.NFO,02/01/2024,11:41:29,0.3,0.3,6880,0.35,16600,1160,236800
FINNIFTY02JAN2422700CE.NFO,02/01/2024,11:41:37,0.3,0.3,11080,0.35,16600,1000,236800
FINNIFTY02JAN2422700CE.NFO,02/01/2024,11:41:46,0.35,0.3,11080,0.35,16520,80,238800
FINNIFTY02JAN2422700CE.NFO,02/01/2024,11:41:55,0.35,0.3,11080,0.35,17520,800,238800
FINNIFTY02JAN2422700CE.NFO,02/01/2024,11:42:03,0.35,0.3,11080,0.35,17320,200,238800
FINNIFTY02JAN2422700CE.NFO,02/01/2024,11:42:11,0.35,0.3,11080,0.35,17240,80,238800
FINNIFTY02JAN2422700CE.NFO,02/01/2024,11:42:19,0.35,0.3,11080,0.35,17280,240,238800
FINNIFTY02JAN2422700CE.NFO,02/01/2024,11:42:48,0.35,0.3,11080,0.35,18480,200,238800
FINNIFTY02JAN2422700CE.NFO,02/01/2024,11:42:55,0.35,0.3,11080,0.35,20400,200,238800
FINNIFTY02JAN2422700CE.NFO,02/01/2024,11:43:03,0.35,0.3,11080,0.35,20200,200,238800
FINNIFTY02JAN2422700CE.NFO,02/01/2024,11:43:09,0.3,0.3,11040,0.35,20320,240,238800
FINNIFTY02JAN2422700CE.NFO,02/01/2024,11:43:16,0.35,0.3,11040,0.35,20200,160,238800
FINNIFTY02JAN2422700CE.NFO,02/01/2024,11:43:23,0.35,0.3,11040,0.35,20320,200,238800
FINNIFTY02JAN2422700CE.NFO,02/01/2024,11:43:30,0.35,0.3,11040,0.35,20360,240,238800
FINNIFTY02JAN2422700CE.NFO,02/01/2024,11:43:37,0.35,0.3,12840,0.35,18240,480,238800
FINNIFTY02JAN2422700CE.NFO,02/01/2024,11:43:45,0.35,0.3,14400,0.35,10400,4520,238800
FINNIFTY02JAN2422700CE.NFO,02/01/2024,11:43:53,0.35,0.3,27640,0.35,12880,3440,238800
FINNIFTY02JAN2422700CE.NFO,02/01/2024,11:44:01,0.35,0.3,64240,0.35,10960,120,238800
FINNIFTY02JAN2422700CE.NFO,02/01/2024,11:44:08,0.3,0.3,62440,0.35,12320,5200,238800
FINNIFTY02JAN2422700CE.NFO,02/01/2024,11:44:21,0.3,0.3,61600,0.35,14120,40,238800
FINNIFTY02JAN2422700CE.NFO,02/01/2024,11:45:31,0.3,0.3,60120,0.35,18000,3520,235440
FINNIFTY02JAN2422700CE.NFO,02/01/2024,11:45:38,0.3,0.3,57400,0.35,18000,1760,235440
FINNIFTY02JAN2422700CE.NFO,02/01/2024,11:45:57,0.3,0.3,49360,0.35,18000,840,235440
FINNIFTY02JAN2422700CE.NFO,02/01/2024,11:46:04,0.3,0.3,51560,0.35,19800,2120,235440
FINNIFTY02JAN2422700CE.NFO,02/01/2024,11:46:11,0.3,0.3,51560,0.35,21600,0,235440
FINNIFTY02JAN2422700CE.NFO,02/01/2024,11:46:50,0.3,0.3,51560,0.35,24920,0,235440
FINNIFTY02JAN2422700CE.NFO,02/01/2024,11:48:29,0.3,0.3,56960,0.35,24920,0,235440
FINNIFTY02JAN2422700CE.NFO,02/01/2024,11:48:36,0.3,0.3,56960,0.35,23120,0,235440
FINNIFTY02JAN2422700CE.NFO,02/01/2024,11:48:49,0.3,0.3,51560,0.35,23120,0,235440
FINNIFTY02JAN2422700CE.NFO,02/01/2024,11:49:39,0.3,0.3,37160,0.35,23120,0,235440
FINNIFTY02JAN2422700CE.NFO,02/01/2024,11:49:45,0.3,0.3,14360,0.35,23160,0,235440
FINNIFTY02JAN2422700CE.NFO,02/01/2024,11:50:03,0.3,0.3,10440,0.35,23160,80,235520
FINNIFTY02JAN2422700CE.NFO,02/01/2024,11:50:10,0.3,0.3,14280,0.35,23640,0,235520
FINNIFTY02JAN2422700CE.NFO,02/01/2024,11:50:17,0.3,0.3,10680,0.35,23440,0,235520
FINNIFTY02JAN2422700CE.NFO,02/01/2024,11:51:08,0.3,0.3,10640,0.35,23440,0,235520
FINNIFTY02JAN2422700CE.NFO,02/01/2024,11:51:15,0.3,0.3,6600,0.35,21640,1800,235520
FINNIFTY02JAN2422700CE.NFO,02/01/2024,11:51:21,0.3,0.3,10200,0.35,21640,0,235520
FINNIFTY02JAN2422700CE.NFO,02/01/2024,11:51:27,0.3,0.3,10440,0.35,21640,0,235520
FINNIFTY02JAN2422700CE.NFO,02/01/2024,11:51:40,0.3,0.3,10200,0.35,21640,0,235520
FINNIFTY02JAN2422700CE.NFO,02/01/2024,11:52:05,0.3,0.3,10240,0.35,21640,200,235520
FINNIFTY02JAN2422700CE.NFO,02/01/2024,11:52:11,0.3,0.3,9640,0.35,21640,600,235520
FINNIFTY02JAN2422700CE.NFO,02/01/2024,11:52:17,0.3,0.3,9720,0.35,21640,0,235520
FINNIFTY02JAN2422700CE.NFO,02/01/2024,11:52:28,0.3,0.3,9720,0.35,19840,0,235520
FINNIFTY02JAN2422700CE.NFO,02/01/2024,11:53:00,0.3,0.3,5640,0.35,19840,240,235520
FINNIFTY02JAN2422700CE.NFO,02/01/2024,11:53:07,0.3,0.3,5440,0.35,19840,200,235520
FINNIFTY02JAN2422700CE.NFO,02/01/2024,11:53:28,0.3,0.3,4680,0.35,19840,1800,235520
FINNIFTY02JAN2422700CE.NFO,02/01/2024,11:53:42,0.35,0.3,8520,0.35,19440,400,235520
FINNIFTY02JAN2422700CE.NFO,02/01/2024,11:54:17,0.35,0.3,8520,0.35,19440,0,235520
FINNIFTY02JAN2422700CE.NFO,02/01/2024,11:55:10,0.3,0.3,4640,0.35,20400,40,235920
FINNIFTY02JAN2422700CE.NFO,02/01/2024,11:57:10,0.3,0.3,8480,0.35,20400,0,235920
FINNIFTY02JAN2422700CE.NFO,02/01/2024,11:57:43,0.35,0.3,8480,0.35,20320,80,235920
FINNIFTY02JAN2422700CE.NFO,02/01/2024,11:58:22,0.3,0.3,4600,0.35,20320,40,235920
FINNIFTY02JAN2422700CE.NFO,02/01/2024,11:58:29,0.3,0.3,4280,0.35,18520,320,235920
FINNIFTY02JAN2422700CE.NFO,02/01/2024,11:58:36,0.3,0.3,4240,0.35,20320,280,235920
FINNIFTY02JAN2422700CE.NFO,02/01/2024,11:58:42,0.3,0.3,3840,0.35,20320,160,235920
FINNIFTY02JAN2422700CE.NFO,02/01/2024,11:58:48,0.3,0.3,3760,0.35,20320,80,235920
FINNIFTY02JAN2422700CE.NFO,02/01/2024,11:58:53,0.3,0.3,3640,0.35,20320,120,235920
FINNIFTY02JAN2422700CE.NFO,02/01/2024,11:58:59,0.3,0.3,3520,0.35,20320,120,235920
FINNIFTY02JAN2422700CE.NFO,02/01/2024,11:59:04,0.3,0.3,3400,0.35,20320,120,235920
FINNIFTY02JAN2422700CE.NFO,02/01/2024,11:59:10,0.3,0.3,3360,0.35,20320,40,235920
FINNIFTY02JAN2422700CE.NFO,02/01/2024,11:59:16,0.3,0.3,3280,0.35,20320,80,235920
FINNIFTY02JAN2422700CE.NFO,02/01/2024,11:59:22,0.3,0.3,3160,0.35,20320,120,235920
FINNIFTY02JAN2422700CE.NFO,02/01/2024,11:59:27,0.3,0.3,3080,0.35,20320,80,235920
FINNIFTY02JAN2422700CE.NFO,02/01/2024,11:59:32,0.3,0.3,3000,0.35,20320,80,235920
FINNIFTY02JAN2422700CE.NFO,02/01/2024,11:59:38,0.3,0.3,3320,0.35,20040,400,235920
FINNIFTY02JAN2422700CE.NFO,02/01/2024,11:59:44,0.3,0.3,3240,0.35,20040,80,235920
FINNIFTY02JAN2422700CE.NFO,02/01/2024,11:59:50,0.3,0.3,3160,0.35,20040,80,235920
FINNIFTY02JAN2422700CE.NFO,02/01/2024,12:00:42,0.3,0.3,3080,0.35,20040,80,235920
FINNIFTY02JAN2422700CE.NFO,02/01/2024,12:00:50,0.3,0.3,2040,0.35,20040,320,235920
FINNIFTY02JAN2422700CE.NFO,02/01/2024,12:00:57,0.3,0.3,1960,0.35,20040,80,235920
FINNIFTY02JAN2422700CE.NFO,02/01/2024,12:01:04,0.3,0.3,1880,0.35,20040,80,235920
FINNIFTY02JAN2422700CE.NFO,02/01/2024,12:01:11,0.3,0.3,1800,0.35,20000,80,235920
FINNIFTY02JAN2422700CE.NFO,02/01/2024,12:01:18,0.25,0.25,90560,0.3,23960,7040,235920
FINNIFTY02JAN2422700CE.NFO,02/01/2024,12:01:24,0.25,0.25,90920,0.3,24320,160,235920
FINNIFTY02JAN2422700CE.NFO,02/01/2024,12:01:30,0.25,0.25,90760,0.3,24320,160,235920
FINNIFTY02JAN2422700CE.NFO,02/01/2024,12:01:37,0.25,0.25,90600,0.3,24320,160,235920
FINNIFTY02JAN2422700CE.NFO,02/01/2024,12:01:43,0.25,0.25,90560,0.3,24320,40,235920
FINNIFTY02JAN2422700CE.NFO,02/01/2024,12:01:49,0.25,0.25,90520,0.3,24320,40,235920
FINNIFTY02JAN2422700CE.NFO,02/01/2024,12:01:55,0.25,0.25,89840,0.3,29720,40,235920
FINNIFTY02JAN2422700CE.NFO,02/01/2024,12:02:01,0.25,0.25,89760,0.3,29720,80,235920
FINNIFTY02JAN2422700CE.NFO,02/01/2024,12:02:19,0.25,0.25,102840,0.3,45320,0,235920
FINNIFTY02JAN2422700CE.NFO,02/01/2024,12:02:36,0.25,0.25,92040,0.3,45320,0,235920
FINNIFTY02JAN2422700CE.NFO,02/01/2024,12:02:42,0.25,0.25,86640,0.3,45320,0,235920
FINNIFTY02JAN2422700CE.NFO,02/01/2024,12:02:48,0.25,0.25,83760,0.3,45320,120,240520
FINNIFTY02JAN2422700CE.NFO,02/01/2024,12:03:00,0.25,0.25,84680,0.3,45320,40,240520
FINNIFTY02JAN2422700CE.NFO,02/01/2024,12:03:06,0.25,0.25,84640,0.3,45320,40,240520
FINNIFTY02JAN2422700CE.NFO,02/01/2024,12:03:25,0.25,0.25,84560,0.3,45240,160,240520
FINNIFTY02JAN2422700CE.NFO,02/01/2024,12:03:31,0.25,0.25,84520,0.3,45240,40,240520
FINNIFTY02JAN2422700CE.NFO,02/01/2024,12:03:42,0.3,0.25,89920,0.3,45200,40,240520
FINNIFTY02JAN2422700CE.NFO,02/01/2024,12:03:47,0.3,0.25,89920,0.3,45200,0,240520
FINNIFTY02JAN2422700CE.NFO,02/01/2024,12:03:52,0.3,0.25,89920,0.3,45120,80,240520
FINNIFTY02JAN2422700CE.NFO,02/01/2024,12:04:10,0.25,0.25,84040,0.3,45720,200,240520
FINNIFTY02JAN2422700CE.NFO,02/01/2024,12:04:22,0.3,0.25,89280,0.3,45560,160,240520
FINNIFTY02JAN2422700CE.NFO,02/01/2024,12:04:30,0.25,0.25,89240,0.3,45560,200,240520
FINNIFTY02JAN2422700CE.NFO,02/01/2024,12:04:38,0.25,0.25,81840,0.3,45560,200,240520
FINNIFTY02JAN2422700CE.NFO,02/01/2024,12:04:44,0.25,0.25,81720,0.3,47360,120,240520
FINNIFTY02JAN2422700CE.NFO,02/01/2024,12:04:50,0.25,0.25,81600,0.3,47360,120,240520
FINNIFTY02JAN2422700CE.NFO,02/01/2024,12:04:56,0.25,0.25,81560,0.3,47360,40,240520
FINNIFTY02JAN2422700CE.NFO,02/01/2024,12:05:03,0.25,0.25,88480,0.3,45560,280,240520
FINNIFTY02JAN2422700CE.NFO,02/01/2024,12:05:09,0.3,0.25,88440,0.3,45480,120,240520
FINNIFTY02JAN2422700CE.NFO,02/01/2024,12:05:23,0.25,0.25,82880,0.3,43680,160,240520
FINNIFTY02JAN2422700CE.NFO,02/01/2024,12:05:30,0.25,0.25,88160,0.3,43480,320,240520
FINNIFTY02JAN2422700CE.NFO,02/01/2024,12:05:36,0.25,0.25,89360,0.3,43480,0,240520
FINNIFTY02JAN2422700CE.NFO,02/01/2024,12:05:42,0.3,0.25,89360,0.3,43440,40,240520
FINNIFTY02JAN2422700CE.NFO,02/01/2024,12:06:05,0.3,0.25,89360,0.3,43400,40,240800
FINNIFTY02JAN2422700CE.NFO,02/01/2024,12:06:27,0.3,0.25,89360,0.3,43400,0,240800
FINNIFTY02JAN2422700CE.NFO,02/01/2024,12:06:43,0.3,0.25,83960,0.3,43400,0,240800
FINNIFTY02JAN2422700CE.NFO,02/01/2024,12:07:05,0.3,0.25,83880,0.3,43400,0,240800
FINNIFTY02JAN2422700CE.NFO,02/01/2024,12:07:29,0.3,0.25,83880,0.3,43360,40,240800
FINNIFTY02JAN2422700CE.NFO,02/01/2024,12:07:42,0.3,0.25,82160,0.3,45160,0,240800
FINNIFTY02JAN2422700CE.NFO,02/01/2024,12:08:14,0.3,0.25,82080,0.3,45160,0,240800
FINNIFTY02JAN2422700CE.NFO,02/01/2024,12:08:33,0.25,0.25,76560,0.3,45160,120,240800
FINNIFTY02JAN2422700CE.NFO,02/01/2024,12:08:48,0.25,0.25,74760,0.3,45160,0,240800
FINNIFTY02JAN2422700CE.NFO,02/01/2024,12:09:39,0.25,0.25,73920,0.3,46960,840,240840
FINNIFTY02JAN2422700CE.NFO,02/01/2024,12:10:00,0.25,0.25,72720,0.3,45160,0,240840
FINNIFTY02JAN2422700CE.NFO,02/01/2024,12:10:08,0.25,0.25,72600,0.3,45160,120,240840
FINNIFTY02JAN2422700CE.NFO,02/01/2024,12:10:17,0.25,0.25,40960,0.3,45160,0,240840
FINNIFTY02JAN2422700CE.NFO,02/01/2024,12:10:25,0.25,0.25,21880,0.3,43360,1920,240840
FINNIFTY02JAN2422700CE.NFO,02/01/2024,12:10:39,0.25,0.25,20440,0.3,45160,1440,240840
FINNIFTY02JAN2422700CE.NFO,02/01/2024,12:10:47,0.25,0.2,177680,0.25,47200,13640,240840
FINNIFTY02JAN2422700CE.NFO,02/01/2024,12:10:54,0.25,0.2,177680,0.25,48640,480,240840
FINNIFTY02JAN2422700CE.NFO,02/01/2024,12:11:01,0.25,0.2,177680,0.25,49880,200,240840
FINNIFTY02JAN2422700CE.NFO,02/01/2024,12:11:08,0.25,0.2,177680,0.25,51560,160,240840
FINNIFTY02JAN2422700CE.NFO,02/01/2024,12:11:15,0.25,0.2,164880,0.25,51520,0,240840
FINNIFTY02JAN2422700CE.NFO,02/01/2024,12:11:23,0.25,0.2,159480,0.25,51520,0,240840
FINNIFTY02JAN2422700CE.NFO,02/01/2024,12:11:30,0.25,0.2,159480,0.25,51480,40,240840
FINNIFTY02JAN2422700CE.NFO,02/01/2024,12:11:51,0.2,0.2,147040,0.25,51520,8840,239960
FINNIFTY02JAN2422700CE.NFO,02/01/2024,12:11:58,0.2,0.2,138040,0.25,51520,0,239960
FINNIFTY02JAN2422700CE.NFO,02/01/2024,12:12:05,0.2,0.2,126040,0.25,69520,1200,239960
FINNIFTY02JAN2422700CE.NFO,02/01/2024,12:12:12,0.2,0.2,132520,0.25,69520,0,239960
FINNIFTY02JAN2422700CE.NFO,02/01/2024,12:12:31,0.2,0.2,132360,0.25,69440,240,239960
FINNIFTY02JAN2422700CE.NFO,02/01/2024,12:12:38,0.25,0.2,129480,0.25,69400,40,239960
FINNIFTY02JAN2422700CE.NFO,02/01/2024,12:13:03,0.2,0.2,106680,0.25,71200,1200,239960
FINNIFTY02JAN2422700CE.NFO,02/01/2024,12:13:18,0.2,0.2,128280,0.25,71800,0,239960
FINNIFTY02JAN2422700CE.NFO,02/01/2024,12:14:30,0.2,0.2,97560,0.25,71800,40,239960
FINNIFTY02JAN2422700CE.NFO,02/01/2024,12:14:42,0.25,0.2,92960,0.25,70800,1000,239960
FINNIFTY02JAN2422700CE.NFO,02/01/2024,12:14:55,0.25,0.2,46160,0.25,72000,0,239960
FINNIFTY02JAN2422700CE.NFO,02/01/2024,12:15:01,0.2,0.2,18120,0.25,72000,40,239920
FINNIFTY02JAN2422700CE.NFO,02/01/2024,12:15:07,0.2,0.2,9000,0.25,27360,26920,239920
FINNIFTY02JAN2422700CE.NFO,02/01/2024,12:15:13,0.2,0.2,7600,0.25,27360,120,239920
FINNIFTY02JAN2422700CE.NFO,02/01/2024,12:15:19,0.15,0.15,371240,0.25,27360,7400,239920
FINNIFTY02JAN2422700CE.NFO,02/01/2024,12:15:19,0.15,0.15,371240,0.25,27360,0,239920
FINNIFTY02JAN2422700CE.NFO,02/01/2024,12:15:25,0.2,0.15,373040,0.25,27360,6400,239920
FINNIFTY02JAN2422700CE.NFO,02/01/2024,12:15:31,0.2,0.15,374480,0.2,2040,3560,239920
FINNIFTY02JAN2422700CE.NFO,02/01/2024,12:15:39,0.2,0.15,369440,0.25,28560,2880,239920
FINNIFTY02JAN2422700CE.NFO,02/01/2024,12:15:46,0.2,0.15,376640,0.2,17480,960,239920
FINNIFTY02JAN2422700CE.NFO,02/01/2024,12:15:53,0.2,0.15,376640,0.2,17400,200,239920
FINNIFTY02JAN2422700CE.NFO,02/01/2024,12:16:36,0.2,0.15,376640,0.2,18880,0,239920
FINNIFTY02JAN2422700CE.NFO,02/01/2024,12:16:56,0.15,0.15,375840,0.2,22480,800,239920
FINNIFTY02JAN2422700CE.NFO,02/01/2024,12:17:04,0.2,0.15,375680,0.2,22440,160,239920
FINNIFTY02JAN2422700CE.NFO,02/01/2024,12:17:13,0.2,0.15,377600,0.2,24960,2880,239920
FINNIFTY02JAN2422700CE.NFO,02/01/2024,12:17:22,0.2,0.15,377600,0.2,24320,2320,239920
FINNIFTY02JAN2422700CE.NFO,02/01/2024,12:17:47,0.2,0.15,377600,0.2,23800,520,239920
FINNIFTY02JAN2422700CE.NFO,02/01/2024,12:18:02,0.2,0.15,379280,0.2,23560,520,229240
FINNIFTY02JAN2422700CE.NFO,02/01/2024,12:18:11,0.2,0.15,379280,0.2,22840,720,229240
FINNIFTY02JAN2422700CE.NFO,02/01/2024,12:18:40,0.15,0.15,378240,0.2,22840,1040,229240
FINNIFTY02JAN2422700CE.NFO,02/01/2024,12:18:48,0.15,0.15,378240,0.2,22840,0,229240
FINNIFTY02JAN2422700CE.NFO,02/01/2024,12:19:18,0.15,0.15,338040,0.2,22840,0,229240
FINNIFTY02JAN2422700CE.NFO,02/01/2024,12:19:26,0.15,0.15,228240,0.2,22840,0,229240
FINNIFTY02JAN2422700CE.NFO,02/01/2024,12:20:20,0.2,0.15,210240,0.2,22800,40,229240
FINNIFTY02JAN2422700CE.NFO,02/01/2024,12:21:34,0.2,0.15,210120,0.2,22760,160,227480
FINNIFTY02JAN2422700CE.NFO,02/01/2024,12:21:55,0.2,0.15,210080,0.2,22760,0,227480
FINNIFTY02JAN2422700CE.NFO,02/01/2024,12:22:10,0.2,0.15,210080,0.2,22680,80,227480
FINNIFTY02JAN2422700CE.NFO,02/01/2024,12:22:18,0.2,0.15,210080,0.2,21840,560,227480
FINNIFTY02JAN2422700CE.NFO,02/01/2024,12:22:25,0.2,0.15,210080,0.2,21560,280,227480
FINNIFTY02JAN2422700CE.NFO,02/01/2024,12:22:38,0.15,0.15,210040,0.2,25160,40,227480
FINNIFTY02JAN2422700CE.NFO,02/01/2024,12:23:05,0.2,0.15,210040,0.2,24880,280,227480
FINNIFTY02JAN2422700CE.NFO,02/01/2024,12:23:12,0.2,0.2,3600,0.25,33480,27360,227480
FINNIFTY02JAN2422700CE.NFO,02/01/2024,12:23:19,0.25,0.2,64600,0.25,60400,4400,227480
FINNIFTY02JAN2422700CE.NFO,02/01/2024,12:23:25,0.25,0.2,59960,0.25,64600,0,227480
FINNIFTY02JAN2422700CE.NFO,02/01/2024,12:23:32,0.2,0.2,53040,0.25,64600,440,227480
FINNIFTY02JAN2422700CE.NFO,02/01/2024,12:23:39,0.2,0.2,17960,0.25,60840,0,227480
FINNIFTY02JAN2422700CE.NFO,02/01/2024,12:23:45,0.2,0.2,17960,0.25,60600,0,227480
FINNIFTY02JAN2422700CE.NFO,02/01/2024,12:23:50,0.2,0.2,17960,0.25,61800,0,227480
FINNIFTY02JAN2422700CE.NFO,02/01/2024,12:24:02,0.2,0.2,17960,0.25,63240,0,227480
FINNIFTY02JAN2422700CE.NFO,02/01/2024,12:24:09,0.2,0.2,17960,0.25,64680,0,227480
FINNIFTY02JAN2422700CE.NFO,02/01/2024,12:24:15,0.2,0.2,13960,0.25,64680,0,227480
FINNIFTY02JAN2422700CE.NFO,02/01/2024,12:24:22,0.2,0.2,13960,0.25,63480,0,227480
FINNIFTY02JAN2422700CE.NFO,02/01/2024,12:24:52,0.2,0.2,13960,0.25,60280,0,227480
FINNIFTY02JAN2422700CE.NFO,02/01/2024,12:24:59,0.2,0.2,13960,0.25,63160,0,227480
FINNIFTY02JAN2422700CE.NFO,02/01/2024,12:25:31,0.2,0.2,13960,0.25,62360,0,227480
FINNIFTY02JAN2422700CE.NFO,02/01/2024,12:26:59,0.2,0.2,12240,0.25,60560,0,227480
FINNIFTY02JAN2422700CE.NFO,02/01/2024,12:27:05,0.2,0.15,210040,0.2,25400,15800,226400
FINNIFTY02JAN2422700CE.NFO,02/01/2024,12:27:11,0.2,0.15,202840,0.2,32800,200,226400
FINNIFTY02JAN2422700CE.NFO,02/01/2024,12:27:23,0.2,0.15,202840,0.2,32800,0,226400
FINNIFTY02JAN2422700CE.NFO,02/01/2024,12:27:48,0.2,0.15,202840,0.2,33040,160,226400
FINNIFTY02JAN2422700CE.NFO,02/01/2024,12:27:55,0.2,0.15,202920,0.2,39240,0,226400
FINNIFTY02JAN2422700CE.NFO,02/01/2024,12:28:01,0.2,0.15,202920,0.2,40000,0,226400
FINNIFTY02JAN2422700CE.NFO,02/01/2024,12:28:14,0.2,0.15,201920,0.2,40000,0,226400
FINNIFTY02JAN2422700CE.NFO,02/01/2024,12:29:17,0.2,0.15,201840,0.2,40000,0,226400
FINNIFTY02JAN2422700CE.NFO,02/01/2024,12:29:24,0.2,0.15,201760,0.2,40000,0,226400
FINNIFTY02JAN2422700CE.NFO,02/01/2024,12:31:18,0.2,0.15,201440,0.2,40000,0,226400
FINNIFTY02JAN2422700CE.NFO,02/01/2024,12:31:42,0.2,0.15,214040,0.2,40000,0,226400
FINNIFTY02JAN2422700CE.NFO,02/01/2024,12:34:49,0.15,0.15,214000,0.2,40000,120,226400
FINNIFTY02JAN2422700CE.NFO,02/01/2024,12:35:24,0.15,0.15,214000,0.2,41360,0,226400
FINNIFTY02JAN2422700CE.NFO,02/01/2024,12:35:36,0.15,0.15,203200,0.2,41360,0,226400
FINNIFTY02JAN2422700CE.NFO,02/01/2024,12:35:43,0.15,0.15,196000,0.2,41640,0,226400
FINNIFTY02JAN2422700CE.NFO,02/01/2024,12:37:27,0.15,0.15,192960,0.2,41640,3040,226400
FINNIFTY02JAN2422700CE.NFO,02/01/2024,12:37:39,0.15,0.15,162360,0.2,41640,0,226400
FINNIFTY02JAN2422700CE.NFO,02/01/2024,12:38:27,0.15,0.15,138960,0.2,43440,0,226400
FINNIFTY02JAN2422700CE.NFO,02/01/2024,12:38:38,0.15,0.15,132160,0.2,43440,6800,226400
FINNIFTY02JAN2422700CE.NFO,02/01/2024,12:38:43,0.15,0.15,127320,0.2,43440,4840,226400
FINNIFTY02JAN2422700CE.NFO,02/01/2024,12:38:48,0.15,0.15,126680,0.2,45240,640,226400
FINNIFTY02JAN2422700CE.NFO,02/01/2024,12:38:53,0.15,0.15,126680,0.2,52440,0,226400
FINNIFTY02JAN2422700CE.NFO,02/01/2024,12:38:58,0.15,0.15,126680,0.2,54240,0,226400
FINNIFTY02JAN2422700CE.NFO,02/01/2024,12:39:19,0.15,0.15,118520,0.2,54280,8160,226400
FINNIFTY02JAN2422700CE.NFO,02/01/2024,12:39:24,0.15,0.15,117640,0.2,54240,880,226400
FINNIFTY02JAN2422700CE.NFO,02/01/2024,12:39:29,0.15,0.15,115000,0.2,70520,2640,226400
FINNIFTY02JAN2422700CE.NFO,02/01/2024,12:39:35,0.15,0.15,114400,0.2,68720,600,226400
FINNIFTY02JAN2422700CE.NFO,02/01/2024,12:39:40,0.15,0.15,114400,0.2,70520,0,226400
FINNIFTY02JAN2422700CE.NFO,02/01/2024,12:39:44,0.15,0.15,114400,0.2,72320,0,226400
FINNIFTY02JAN2422700CE.NFO,02/01/2024,12:40:03,0.15,0.15,107200,0.2,72320,0,226400
FINNIFTY02JAN2422700CE.NFO,02/01/2024,12:40:08,0.15,0.15,106160,0.2,72320,1040,226400
FINNIFTY02JAN2422700CE.NFO,02/01/2024,12:40:13,0.15,0.15,97560,0.2,72320,8600,226400
FINNIFTY02JAN2422700CE.NFO,02/01/2024,12:40:18,0.15,0.15,95680,0.2,72320,1920,226400
FINNIFTY02JAN2422700CE.NFO,02/01/2024,12:41:05,0.15,0.15,95680,0.2,72320,0,226400
FINNIFTY02JAN2422700CE.NFO,02/01/2024,12:41:33,0.2,0.15,95680,0.2,72280,40,226400
FINNIFTY02JAN2422700CE.NFO,02/01/2024,12:41:53,0.15,0.15,89920,0.2,72280,5800,226400
FINNIFTY02JAN2422700CE.NFO,02/01/2024,12:43:02,0.15,0.15,85000,0.2,72280,0,226400
FINNIFTY02JAN2422700CE.NFO,02/01/2024,12:43:08,0.15,0.15,71280,0.2,81280,11920,226400
FINNIFTY02JAN2422700CE.NFO,02/01/2024,12:43:13,0.15,0.15,50840,0.2,87040,20440,226400
FINNIFTY02JAN2422700CE.NFO,02/01/2024,12:43:19,0.15,0.15,25400,0.2,86680,0,226400
FINNIFTY02JAN2422700CE.NFO,02/01/2024,12:43:25,0.15,0.1,418120,0.15,41400,25920,226400
FINNIFTY02JAN2422700CE.NFO,02/01/2024,12:43:31,0.15,0.1,418120,0.15,50080,600,226400
FINNIFTY02JAN2422700CE.NFO,02/01/2024,12:43:37,0.15,0.1,418120,0.15,60480,160,226400
FINNIFTY02JAN2422700CE.NFO,02/01/2024,12:43:43,0.15,0.1,418120,0.15,63640,440,226400
FINNIFTY02JAN2422700CE.NFO,02/01/2024,12:43:49,0.15,0.1,418120,0.15,90200,440,226400
FINNIFTY02JAN2422700CE.NFO,02/01/2024,12:43:55,0.15,0.1,418120,0.15,101360,360,226400
FINNIFTY02JAN2422700CE.NFO,02/01/2024,12:44:00,0.15,0.1,418120,0.15,101000,360,226400
FINNIFTY02JAN2422700CE.NFO,02/01/2024,12:44:06,0.15,0.1,418120,0.15,103800,360,226400
FINNIFTY02JAN2422700CE.NFO,02/01/2024,12:44:12,0.15,0.1,418120,0.15,103400,400,226400
FINNIFTY02JAN2422700CE.NFO,02/01/2024,12:44:18,0.15,0.1,418120,0.15,103040,360,226400
FINNIFTY02JAN2422700CE.NFO,02/01/2024,12:44:24,0.15,0.1,418120,0.15,102680,360,226400
FINNIFTY02JAN2422700CE.NFO,02/01/2024,12:44:29,0.15,0.1,418120,0.15,97360,5320,226400
FINNIFTY02JAN2422700CE.NFO,02/01/2024,12:44:34,0.15,0.1,418120,0.15,97000,360,226400
FINNIFTY02JAN2422700CE.NFO,02/01/2024,12:44:39,0.1,0.1,417720,0.15,100600,400,226400
FINNIFTY02JAN2422700CE.NFO,02/01/2024,12:44:39,0.1,0.1,417720,0.15,100600,0,226400
FINNIFTY02JAN2422700CE.NFO,02/01/2024,12:44:55,0.1,0.1,917720,0.15,100600,0,226400
FINNIFTY02JAN2422700CE.NFO,02/01/2024,12:45:05,0.1,0.1,917720,0.15,102400,0,226400
FINNIFTY02JAN2422700CE.NFO,02/01/2024,12:45:23,0.15,0.1,917720,0.15,102200,200,219320
FINNIFTY02JAN2422700CE.NFO,02/01/2024,12:45:33,0.15,0.1,917760,0.15,102200,0,219320
FINNIFTY02JAN2422700CE.NFO,02/01/2024,12:45:38,0.15,0.1,917760,0.15,101280,920,219320
FINNIFTY02JAN2422700CE.NFO,02/01/2024,12:45:44,0.15,0.1,917760,0.15,102960,120,219320
FINNIFTY02JAN2422700CE.NFO,02/01/2024,12:45:50,0.15,0.1,917760,0.15,102440,520,219320
FINNIFTY02JAN2422700CE.NFO,02/01/2024,12:45:55,0.15,0.1,917760,0.15,102280,0,219320
FINNIFTY02JAN2422700CE.NFO,02/01/2024,12:46:01,0.15,0.1,917760,0.15,109440,0,219320
FINNIFTY02JAN2422700CE.NFO,02/01/2024,12:46:13,0.15,0.1,917760,0.15,109040,400,219320
FINNIFTY02JAN2422700CE.NFO,02/01/2024,12:46:19,0.15,0.1,917760,0.15,108960,80,219320
FINNIFTY02JAN2422700CE.NFO,02/01/2024,12:46:23,0.15,0.1,917760,0.15,98520,5040,219320
FINNIFTY02JAN2422700CE.NFO,02/01/2024,12:46:28,0.15,0.1,917760,0.15,103840,80,219320
FINNIFTY02JAN2422700CE.NFO,02/01/2024,12:46:37,0.15,0.1,917760,0.15,103680,160,219320
FINNIFTY02JAN2422700CE.NFO,02/01/2024,12:46:42,0.15,0.1,917760,0.15,103560,120,219320
FINNIFTY02JAN2422700CE.NFO,02/01/2024,12:46:46,0.15,0.1,904960,0.15,102560,13800,219320
FINNIFTY02JAN2422700CE.NFO,02/01/2024,12:46:53,0.15,0.1,904960,0.15,101280,1280,219320
FINNIFTY02JAN2422700CE.NFO,02/01/2024,12:46:58,0.15,0.1,904960,0.15,102840,240,219320
FINNIFTY02JAN2422700CE.NFO,02/01/2024,12:47:03,0.15,0.1,904960,0.15,104640,0,219320
FINNIFTY02JAN2422700CE.NFO,02/01/2024,12:47:08,0.15,0.1,904960,0.15,106440,1800,219320
FINNIFTY02JAN2422700CE.NFO,02/01/2024,12:47:13,0.15,0.1,904960,0.15,108160,1880,219320
FINNIFTY02JAN2422700CE.NFO,02/01/2024,12:47:18,0.15,0.1,904960,0.15,109960,0,219320
FINNIFTY02JAN2422700CE.NFO,02/01/2024,12:47:25,0.15,0.1,904960,0.15,107680,80,219320
FINNIFTY02JAN2422700CE.NFO,02/01/2024,12:47:30,0.15,0.1,904960,0.15,107720,0,219320
FINNIFTY02JAN2422700CE.NFO,02/01/2024,12:47:46,0.15,0.1,904960,0.15,105920,2040,219320
FINNIFTY02JAN2422700CE.NFO,02/01/2024,12:47:52,0.1,0.1,895040,0.15,105720,9920,219320
FINNIFTY02JAN2422700CE.NFO,02/01/2024,12:47:57,0.1,0.1,880960,0.15,105720,14080,211840
FINNIFTY02JAN2422700CE.NFO,02/01/2024,12:48:04,0.15,0.1,870560,0.15,116240,10720,211840
FINNIFTY02JAN2422700CE.NFO,02/01/2024,12:48:10,0.15,0.1,870560,0.15,117200,0,211840
FINNIFTY02JAN2422700CE.NFO,02/01/2024,12:48:15,0.15,0.1,370560,0.15,122600,0,211840
FINNIFTY02JAN2422700CE.NFO,02/01/2024,12:48:20,0.15,0.1,370560,0.15,129760,40,211840
FINNIFTY02JAN2422700CE.NFO,02/01/2024,12:48:37,0.15,0.1,370560,0.15,127960,0,211840
FINNIFTY02JAN2422700CE.NFO,02/01/2024,12:48:43,0.15,0.1,370560,0.15,133360,0,211840
FINNIFTY02JAN2422700CE.NFO,02/01/2024,12:48:49,0.15,0.1,370560,0.15,133120,240,211840
FINNIFTY02JAN2422700CE.NFO,02/01/2024,12:48:56,0.15,0.1,370560,0.15,137120,0,211840
FINNIFTY02JAN2422700CE.NFO,02/01/2024,12:49:07,0.15,0.1,370560,0.15,138280,0,211840
FINNIFTY02JAN2422700CE.NFO,02/01/2024,12:49:12,0.15,0.1,374880,0.15,138280,0,211840
FINNIFTY02JAN2422700CE.NFO,02/01/2024,12:49:23,0.15,0.1,374880,0.15,139840,640,211840
FINNIFTY02JAN2422700CE.NFO,02/01/2024,12:49:30,0.15,0.1,375480,0.15,139600,240,211840
FINNIFTY02JAN2422700CE.NFO,02/01/2024,12:49:36,0.15,0.1,375520,0.15,139600,0,211840
FINNIFTY02JAN2422700CE.NFO,02/01/2024,12:49:46,0.15,0.1,875520,0.15,139600,0,211840
FINNIFTY02JAN2422700CE.NFO,02/01/2024,12:49:51,0.15,0.1,875520,0.15,139400,200,211840
FINNIFTY02JAN2422700CE.NFO,02/01/2024,12:49:56,0.15,0.1,375520,0.15,139400,0,211840
FINNIFTY02JAN2422700CE.NFO,02/01/2024,12:50:03,0.15,0.1,375520,0.15,142800,2000,211840
FINNIFTY02JAN2422700CE.NFO,02/01/2024,12:50:08,0.15,0.1,375520,0.15,142600,200,211840
FINNIFTY02JAN2422700CE.NFO,02/01/2024,12:50:13,0.15,0.1,375520,0.15,141400,1200,211840
FINNIFTY02JAN2422700CE.NFO,02/01/2024,12:50:25,0.15,0.1,375520,0.15,141200,200,211840
FINNIFTY02JAN2422700CE.NFO,02/01/2024,12:50:43,0.15,0.1,375520,0.15,138200,3000,211840
FINNIFTY02JAN2422700CE.NFO,02/01/2024,12:50:54,0.15,0.1,375560,0.15,143240,0,211840
FINNIFTY02JAN2422700CE.NFO,02/01/2024,12:51:06,0.15,0.1,375560,0.15,143280,0,211840
FINNIFTY02JAN2422700CE.NFO,02/01/2024,12:51:18,0.15,0.1,375560,0.15,141840,1440,210920
FINNIFTY02JAN2422700CE.NFO,02/01/2024,12:51:25,0.15,0.1,375560,0.15,141880,200,210920
FINNIFTY02JAN2422700CE.NFO,02/01/2024,12:51:31,0.15,0.1,375560,0.15,119800,240,210920
FINNIFTY02JAN2422700CE.NFO,02/01/2024,12:51:37,0.15,0.1,375560,0.15,126560,440,210920
FINNIFTY02JAN2422700CE.NFO,02/01/2024,12:51:42,0.15,0.1,375560,0.15,126240,320,210920
FINNIFTY02JAN2422700CE.NFO,02/01/2024,12:51:48,0.15,0.1,375560,0.15,125960,280,210920
FINNIFTY02JAN2422700CE.NFO,02/01/2024,12:51:52,0.15,0.1,375560,0.15,125640,320,210920
FINNIFTY02JAN2422700CE.NFO,02/01/2024,12:51:57,0.15,0.1,375560,0.15,118520,0,210920
FINNIFTY02JAN2422700CE.NFO,02/01/2024,12:52:02,0.15,0.1,375560,0.15,102680,23040,210920
FINNIFTY02JAN2422700CE.NFO,02/01/2024,12:52:06,0.15,0.1,375560,0.15,99080,3600,210920
FINNIFTY02JAN2422700CE.NFO,02/01/2024,12:52:11,0.15,0.1,375600,0.15,66480,32600,210920
FINNIFTY02JAN2422700CE.NFO,02/01/2024,12:52:16,0.15,0.1,375640,0.15,19680,43200,210920
FINNIFTY02JAN2422700CE.NFO,02/01/2024,12:52:22,0.15,0.15,94400,0.2,54720,14480,210920
FINNIFTY02JAN2422700CE.NFO,02/01/2024,12:52:26,0.15,0.15,94800,0.2,78960,0,210920
FINNIFTY02JAN2422700CE.NFO,02/01/2024,12:52:31,0.15,0.15,100520,0.2,91200,0,210920
FINNIFTY02JAN2422700CE.NFO,02/01/2024,12:52:36,0.15,0.15,102320,0.2,108120,0,210920
FINNIFTY02JAN2422700CE.NFO,02/01/2024,12:52:40,0.15,0.15,84320,0.2,121200,0,210920
FINNIFTY02JAN2422700CE.NFO,02/01/2024,12:52:45,0.15,0.15,80720,0.2,131280,0,210920
FINNIFTY02JAN2422700CE.NFO,02/01/2024,12:52:51,0.15,0.15,77720,0.2,141360,0,210920
FINNIFTY02JAN2422700CE.NFO,02/01/2024,12:52:56,0.15,0.15,61520,0.2,152360,0,210920
FINNIFTY02JAN2422700CE.NFO,02/01/2024,12:53:01,0.15,0.15,60080,0.2,152360,0,210920
FINNIFTY02JAN2422700CE.NFO,02/01/2024,12:53:15,0.15,0.15,40080,0.2,152120,0,210920
FINNIFTY02JAN2422700CE.NFO,02/01/2024,12:53:21,0.15,0.1,375600,0.15,69280,39200,210920
FINNIFTY02JAN2422700CE.NFO,02/01/2024,12:53:26,0.15,0.1,375560,0.15,68960,320,210920
FINNIFTY02JAN2422700CE.NFO,02/01/2024,12:53:32,0.1,0.1,375440,0.15,70760,40,210920
FINNIFTY02JAN2422700CE.NFO,02/01/2024,12:53:36,0.15,0.1,375440,0.15,70760,1800,210920
FINNIFTY02JAN2422700CE.NFO,02/01/2024,12:53:41,0.15,0.1,375440,0.15,70760,1800,210920
FINNIFTY02JAN2422700CE.NFO,02/01/2024,12:53:47,0.15,0.1,375440,0.15,70800,0,210920
FINNIFTY02JAN2422700CE.NFO,02/01/2024,12:53:57,0.15,0.1,375440,0.15,74400,0,210920
FINNIFTY02JAN2422700CE.NFO,02/01/2024,12:54:02,0.15,0.1,375440,0.15,78000,0,210920
FINNIFTY02JAN2422700CE.NFO,02/01/2024,12:54:07,0.15,0.1,375440,0.15,90600,0,210920
FINNIFTY02JAN2422700CE.NFO,02/01/2024,12:54:11,0.15,0.1,375440,0.15,94200,0,210920
FINNIFTY02JAN2422700CE.NFO,02/01/2024,12:54:16,0.15,0.1,375440,0.15,96000,0,210920
FINNIFTY02JAN2422700CE.NFO,02/01/2024,12:54:29,0.1,0.1,373880,0.15,96000,1560,209520
FINNIFTY02JAN2422700CE.NFO,02/01/2024,12:54:34,0.1,0.1,373720,0.15,99600,160,209520
FINNIFTY02JAN2422700CE.NFO,02/01/2024,12:54:43,0.1,0.1,353720,0.15,99600,0,209520
FINNIFTY02JAN2422700CE.NFO,02/01/2024,12:54:51,0.1,0.1,353800,0.15,99600,0,209520
FINNIFTY02JAN2422700CE.NFO,02/01/2024,12:55:13,0.1,0.1,353800,0.15,99800,0,209520
FINNIFTY02JAN2422700CE.NFO,02/01/2024,12:55:27,0.15,0.1,353720,0.15,99720,80,209520
FINNIFTY02JAN2422700CE.NFO,02/01/2024,12:55:39,0.1,0.1,353600,0.15,99720,120,209520
FINNIFTY02JAN2422700CE.NFO,02/01/2024,12:55:45,0.15,0.1,353600,0.15,96720,3000,209520
FINNIFTY02JAN2422700CE.NFO,02/01/2024,12:55:50,0.15,0.1,353600,0.15,96720,0,209520
FINNIFTY02JAN2422700CE.NFO,02/01/2024,12:56:20,0.15,0.1,353600,0.15,96560,160,209520
FINNIFTY02JAN2422700CE.NFO,02/01/2024,12:56:25,0.15,0.1,353600,0.15,94960,1600,209520
FINNIFTY02JAN2422700CE.NFO,02/01/2024,12:56:36,0.15,0.1,353600,0.15,93160,1800,209520
FINNIFTY02JAN2422700CE.NFO,02/01/2024,12:58:38,0.15,0.1,353600,0.15,93120,40,206880
FINNIFTY02JAN2422700CE.NFO,02/01/2024,12:58:44,0.15,0.1,353600,0.15,93080,40,206880
FINNIFTY02JAN2422700CE.NFO,02/01/2024,12:59:24,0.15,0.1,353600,0.15,93080,0,206880
FINNIFTY02JAN2422700CE.NFO,02/01/2024,12:59:34,0.15,0.1,353600,0.15,93120,0,206880
FINNIFTY02JAN2422700CE.NFO,02/01/2024,12:59:39,0.15,0.1,353600,0.15,93080,0,206880
FINNIFTY02JAN2422700CE.NFO,02/01/2024,12:59:49,0.15,0.1,353600,0.15,93120,0,206880
FINNIFTY02JAN2422700CE.NFO,02/01/2024,12:59:53,0.15,0.1,353600,0.15,93080,0,206880
FINNIFTY02JAN2422700CE.NFO,02/01/2024,13:00:03,0.1,0.1,353200,0.15,93120,400,206880
FINNIFTY02JAN2422700CE.NFO,02/01/2024,13:00:08,0.1,0.1,353200,0.15,93080,0,206880
FINNIFTY02JAN2422700CE.NFO,02/01/2024,13:00:19,0.1,0.1,353200,0.15,93120,0,206880
FINNIFTY02JAN2422700CE.NFO,02/01/2024,13:00:23,0.1,0.1,353200,0.15,93080,0,206880
FINNIFTY02JAN2422700CE.NFO,02/01/2024,13:00:29,0.1,0.1,353200,0.15,93120,0,206880
FINNIFTY02JAN2422700CE.NFO,02/01/2024,13:00:34,0.1,0.1,353200,0.15,93080,0,206880
FINNIFTY02JAN2422700CE.NFO,02/01/2024,13:00:39,0.1,0.1,353200,0.15,93120,0,206880
FINNIFTY02JAN2422700CE.NFO,02/01/2024,13:00:45,0.1,0.1,353200,0.15,93080,0,206880
FINNIFTY02JAN2422700CE.NFO,02/01/2024,13:00:56,0.1,0.1,353200,0.15,93120,0,206880
FINNIFTY02JAN2422700CE.NFO,02/01/2024,13:01:07,0.1,0.1,353200,0.15,93080,0,206880
FINNIFTY02JAN2422700CE.NFO,02/01/2024,13:01:25,0.1,0.1,353200,0.15,93120,0,206880
FINNIFTY02JAN2422700CE.NFO,02/01/2024,13:01:30,0.1,0.1,353200,0.15,93080,0,206880
FINNIFTY02JAN2422700CE.NFO,02/01/2024,13:01:38,0.1,0.1,353200,0.15,93520,0,206880
FINNIFTY02JAN2422700CE.NFO,02/01/2024,13:01:59,0.1,0.1,335200,0.15,93280,0,206880
FINNIFTY02JAN2422700CE.NFO,02/01/2024,13:02:06,0.1,0.1,335200,0.15,93320,0,206880
FINNIFTY02JAN2422700CE.NFO,02/01/2024,13:02:21,0.1,0.1,335200,0.15,93280,0,206880
FINNIFTY02JAN2422700CE.NFO,02/01/2024,13:02:29,0.1,0.1,335200,0.15,93320,0,206880
FINNIFTY02JAN2422700CE.NFO,02/01/2024,13:02:36,0.1,0.1,332200,0.15,93560,3000,206880
FINNIFTY02JAN2422700CE.NFO,02/01/2024,13:03:00,0.1,0.1,332120,0.15,94760,0,206880
FINNIFTY02JAN2422700CE.NFO,02/01/2024,13:03:14,0.1,0.1,326680,0.15,87560,0,206880
FINNIFTY02JAN2422700CE.NFO,02/01/2024,13:03:20,0.1,0.1,323080,0.15,94760,0,206880
FINNIFTY02JAN2422700CE.NFO,02/01/2024,13:03:25,0.1,0.1,322920,0.15,94760,160,206880
FINNIFTY02JAN2422700CE.NFO,02/01/2024,13:03:32,0.1,0.1,322920,0.15,94800,0,206880
FINNIFTY02JAN2422700CE.NFO,02/01/2024,13:03:40,0.1,0.1,316960,0.15,95800,4160,206880
FINNIFTY02JAN2422700CE.NFO,02/01/2024,13:03:48,0.15,0.1,316960,0.15,99680,80,206880
FINNIFTY02JAN2422700CE.NFO,02/01/2024,13:03:55,0.1,0.1,315000,0.15,99680,160,206880
FINNIFTY02JAN2422700CE.NFO,02/01/2024,13:04:03,0.15,0.1,315000,0.15,97360,2320,206880
FINNIFTY02JAN2422700CE.NFO,02/01/2024,13:04:32,0.15,0.1,315000,0.15,97360,0,206880
FINNIFTY02JAN2422700CE.NFO,02/01/2024,13:05:28,0.1,0.1,314840,0.15,97120,160,206880
FINNIFTY02JAN2422700CE.NFO,02/01/2024,13:05:52,0.1,0.1,314680,0.15,97120,160,206880
FINNIFTY02JAN2422700CE.NFO,02/01/2024,13:05:58,0.1,0.1,314520,0.15,97120,160,206880
FINNIFTY02JAN2422700CE.NFO,02/01/2024,13:06:32,0.1,0.1,314360,0.15,97120,160,204560
FINNIFTY02JAN2422700CE.NFO,02/01/2024,13:08:05,0.1,0.1,314240,0.15,97120,120,204560
FINNIFTY02JAN2422700CE.NFO,02/01/2024,13:08:18,0.1,0.1,332240,0.15,97120,0,204560
FINNIFTY02JAN2422700CE.NFO,02/01/2024,13:08:31,0.1,0.1,331960,0.15,97120,280,204560
FINNIFTY02JAN2422700CE.NFO,02/01/2024,13:08:38,0.1,0.1,331960,0.15,98920,0,204560
FINNIFTY02JAN2422700CE.NFO,02/01/2024,13:09:02,0.15,0.1,331960,0.15,96320,2600,204560
FINNIFTY02JAN2422700CE.NFO,02/01/2024,13:09:07,0.15,0.1,331960,0.15,96160,160,204560
FINNIFTY02JAN2422700CE.NFO,02/01/2024,13:09:29,0.15,0.1,331840,0.15,96000,280,204560
FINNIFTY02JAN2422700CE.NFO,02/01/2024,13:10:42,0.1,0.1,331480,0.15,96000,360,204560
FINNIFTY02JAN2422700CE.NFO,02/01/2024,13:10:47,0.1,0.1,331480,0.15,96000,0,204560
FINNIFTY02JAN2422700CE.NFO,02/01/2024,13:11:07,0.15,0.1,331480,0.15,95960,40,204560
FINNIFTY02JAN2422700CE.NFO,02/01/2024,13:12:41,0.15,0.1,331480,0.15,95960,0,204560
FINNIFTY02JAN2422700CE.NFO,02/01/2024,13:14:04,0.15,0.1,331480,0.15,96240,0,204560
FINNIFTY02JAN2422700CE.NFO,02/01/2024,13:15:24,0.1,0.1,331360,0.15,96000,120,204440
FINNIFTY02JAN2422700CE.NFO,02/01/2024,13:16:17,0.15,0.1,331360,0.15,96120,160,204440
FINNIFTY02JAN2422700CE.NFO,02/01/2024,13:18:28,0.15,0.1,331360,0.15,96120,0,204440
FINNIFTY02JAN2422700CE.NFO,02/01/2024,13:19:14,0.1,0.1,331080,0.15,97680,280,204280
FINNIFTY02JAN2422700CE.NFO,02/01/2024,13:19:59,0.1,0.1,318480,0.15,97680,0,204280
FINNIFTY02JAN2422700CE.NFO,02/01/2024,13:20:03,0.1,0.1,316480,0.15,97920,200,204280
FINNIFTY02JAN2422700CE.NFO,02/01/2024,13:20:08,0.1,0.1,314680,0.15,97920,0,204280
FINNIFTY02JAN2422700CE.NFO,02/01/2024,13:20:12,0.1,0.1,312880,0.15,97920,0,204280
FINNIFTY02JAN2422700CE.NFO,02/01/2024,13:20:21,0.1,0.1,312680,0.15,97920,200,204280
FINNIFTY02JAN2422700CE.NFO,02/01/2024,13:20:25,0.1,0.1,312480,0.15,97920,200,204280
FINNIFTY02JAN2422700CE.NFO,02/01/2024,13:20:29,0.1,0.1,312280,0.15,97920,200,204280
FINNIFTY02JAN2422700CE.NFO,02/01/2024,13:20:34,0.1,0.1,312280,0.15,99720,0,204280
FINNIFTY02JAN2422700CE.NFO,02/01/2024,13:21:48,0.1,0.1,312120,0.15,99480,160,205360
FINNIFTY02JAN2422700CE.NFO,02/01/2024,13:22:07,0.1,0.1,312080,0.15,99480,40,205360
FINNIFTY02JAN2422700CE.NFO,02/01/2024,13:22:16,0.1,0.1,311840,0.15,99480,240,205360
FINNIFTY02JAN2422700CE.NFO,02/01/2024,13:22:21,0.1,0.1,311560,0.15,99480,280,205360
FINNIFTY02JAN2422700CE.NFO,02/01/2024,13:22:43,0.1,0.1,307960,0.15,99720,0,205360
FINNIFTY02JAN2422700CE.NFO,02/01/2024,13:23:32,0.1,0.1,307560,0.15,99480,400,205360
FINNIFTY02JAN2422700CE.NFO,02/01/2024,13:23:37,0.1,0.1,294960,0.15,99480,0,205360
FINNIFTY02JAN2422700CE.NFO,02/01/2024,13:23:42,0.1,0.1,270400,0.15,99480,960,205360
FINNIFTY02JAN2422700CE.NFO,02/01/2024,13:23:48,0.1,0.1,262600,0.15,99480,200,205360
FINNIFTY02JAN2422700CE.NFO,02/01/2024,13:23:54,0.1,0.1,260800,0.15,101520,0,205360
FINNIFTY02JAN2422700CE.NFO,02/01/2024,13:24:05,0.1,0.1,260640,0.15,101720,160,206480
FINNIFTY02JAN2422700CE.NFO,02/01/2024,13:24:20,0.1,0.1,227520,0.15,94520,1800,206480
FINNIFTY02JAN2422700CE.NFO,02/01/2024,13:24:25,0.1,0.1,225480,0.15,94720,240,206480
FINNIFTY02JAN2422700CE.NFO,02/01/2024,13:24:30,0.1,0.1,207480,0.15,94720,0,206480
FINNIFTY02JAN2422700CE.NFO,02/01/2024,13:24:36,0.1,0.1,203400,0.15,101920,280,206480
FINNIFTY02JAN2422700CE.NFO,02/01/2024,13:24:41,0.1,0.1,191000,0.15,101680,5400,206480
FINNIFTY02JAN2422700CE.NFO,02/01/2024,13:24:46,0.1,0.1,156600,0.15,107080,3600,206480
FINNIFTY02JAN2422700CE.NFO,02/01/2024,13:24:51,0.1,0.1,152280,0.15,117880,0,206480
FINNIFTY02JAN2422700CE.NFO,02/01/2024,13:25:02,0.1,0.1,151560,0.15,119920,720,206480
FINNIFTY02JAN2422700CE.NFO,02/01/2024,13:25:11,0.1,0.1,146160,0.15,119920,1040,206480
FINNIFTY02JAN2422700CE.NFO,02/01/2024,13:25:17,0.1,0.1,141800,0.15,118160,0,206480
FINNIFTY02JAN2422700CE.NFO,02/01/2024,13:25:22,0.1,0.1,140760,0.15,118160,1040,206480
FINNIFTY02JAN2422700CE.NFO,02/01/2024,13:25:39,0.1,0.1,17160,0.15,92880,23840,206480
FINNIFTY02JAN2422700CE.NFO,02/01/2024,13:25:45,0.1,0.05,448120,0.1,29040,18800,206480
FINNIFTY02JAN2422700CE.NFO,02/01/2024,13:25:51,0.1,0.05,448080,0.1,70200,0,206480
FINNIFTY02JAN2422700CE.NFO,02/01/2024,13:25:56,0.1,0.05,448080,0.1,74480,160,206480
FINNIFTY02JAN2422700CE.NFO,02/01/2024,13:26:01,0.1,0.05,448080,0.1,78080,1800,206480
FINNIFTY02JAN2422700CE.NFO,02/01/2024,13:26:06,0.1,0.05,347280,0.1,81680,0,206480
FINNIFTY02JAN2422700CE.NFO,02/01/2024,13:26:11,0.1,0.05,347280,0.1,92520,0,206480
FINNIFTY02JAN2422700CE.NFO,02/01/2024,13:26:16,0.1,0.05,347280,0.1,90720,1800,206480
FINNIFTY02JAN2422700CE.NFO,02/01/2024,13:26:21,0.1,0.05,350160,0.1,90720,0,206480
FINNIFTY02JAN2422700CE.NFO,02/01/2024,13:26:26,0.1,0.05,355920,0.1,90720,0,206480
FINNIFTY02JAN2422700CE.NFO,02/01/2024,13:26:36,0.1,0.05,355920,0.1,92520,1800,206480
FINNIFTY02JAN2422700CE.NFO,02/01/2024,13:26:46,0.1,0.05,355920,0.1,90720,1800,206480
FINNIFTY02JAN2422700CE.NFO,02/01/2024,13:27:04,0.1,0.05,355920,0.1,90920,0,206480
FINNIFTY02JAN2422700CE.NFO,02/01/2024,13:27:09,0.1,0.05,354120,0.1,90960,0,206480
FINNIFTY02JAN2422700CE.NFO,02/01/2024,13:27:14,0.1,0.05,355920,0.1,90960,1800,205920
FINNIFTY02JAN2422700CE.NFO,02/01/2024,13:27:24,0.1,0.05,355920,0.1,89160,1800,205920
FINNIFTY02JAN2422700CE.NFO,02/01/2024,13:27:50,0.1,0.05,357720,0.1,90760,2000,205920
FINNIFTY02JAN2422700CE.NFO,02/01/2024,13:27:54,0.1,0.05,357720,0.1,88760,2000,205920
FINNIFTY02JAN2422700CE.NFO,02/01/2024,13:27:58,0.1,0.05,357720,0.1,87760,1000,205920
FINNIFTY02JAN2422700CE.NFO,02/01/2024,13:28:02,0.1,0.05,357720,0.1,85760,2000,205920
FINNIFTY02JAN2422700CE.NFO,02/01/2024,13:28:07,0.1,0.05,359520,0.1,84760,1000,205920
FINNIFTY02JAN2422700CE.NFO,02/01/2024,13:28:11,0.1,0.05,359520,0.1,80640,5600,205920
FINNIFTY02JAN2422700CE.NFO,02/01/2024,13:28:15,0.1,0.05,360160,0.1,76240,2600,205920
FINNIFTY02JAN2422700CE.NFO,02/01/2024,13:28:19,0.1,0.05,360160,0.1,74440,0,205920
FINNIFTY02JAN2422700CE.NFO,02/01/2024,13:28:25,0.1,0.05,360160,0.1,72280,2160,205920
FINNIFTY02JAN2422700CE.NFO,02/01/2024,13:28:30,0.1,0.05,360160,0.1,64080,2800,205920
FINNIFTY02JAN2422700CE.NFO,02/01/2024,13:28:35,0.1,0.05,360160,0.1,57480,1200,205920
FINNIFTY02JAN2422700CE.NFO,02/01/2024,13:28:40,0.1,0.05,386400,0.1,57720,1000,205920
FINNIFTY02JAN2422700CE.NFO,02/01/2024,13:28:44,0.1,0.05,400080,0.1,56320,0,205920
FINNIFTY02JAN2422700CE.NFO,02/01/2024,13:28:49,0.1,0.05,406200,0.1,54320,2000,205920
FINNIFTY02JAN2422700CE.NFO,02/01/2024,13:28:53,0.1,0.05,436080,0.1,54320,0,205920
FINNIFTY02JAN2422700CE.NFO,02/01/2024,13:28:58,0.1,0.05,462720,0.1,53320,1000,205920
FINNIFTY02JAN2422700CE.NFO,02/01/2024,13:29:02,0.1,0.05,472800,0.1,52920,400,205920
FINNIFTY02JAN2422700CE.NFO,02/01/2024,13:29:06,0.1,0.05,475680,0.1,52920,0,205920
FINNIFTY02JAN2422700CE.NFO,02/01/2024,13:29:15,0.1,0.05,475680,0.1,54720,0,205920
FINNIFTY02JAN2422700CE.NFO,02/01/2024,13:29:19,0.1,0.05,475680,0.1,54760,0,205920
FINNIFTY02JAN2422700CE.NFO,02/01/2024,13:29:23,0.1,0.05,475680,0.1,54720,0,205920
FINNIFTY02JAN2422700CE.NFO,02/01/2024,13:29:29,0.1,0.05,475680,0.1,52920,0,205920
FINNIFTY02JAN2422700CE.NFO,02/01/2024,13:29:34,0.05,0.05,475280,0.1,52920,400,205920
FINNIFTY02JAN2422700CE.NFO,02/01/2024,13:29:34,0.05,0.05,475280,0.1,52920,0,205920
FINNIFTY02JAN2422700CE.NFO,02/01/2024,13:29:48,0.1,0.05,475280,0.1,52080,840,205920
FINNIFTY02JAN2422700CE.NFO,02/01/2024,13:29:56,0.1,0.05,475280,0.1,52080,0,205920
FINNIFTY02JAN2422700CE.NFO,02/01/2024,13:30:25,0.1,0.05,475280,0.1,53360,0,205920
FINNIFTY02JAN2422700CE.NFO,02/01/2024,13:30:31,0.1,0.05,475280,0.1,53520,0,205920
FINNIFTY02JAN2422700CE.NFO,02/01/2024,13:30:43,0.1,0.05,475280,0.1,52080,0,205920
FINNIFTY02JAN2422700CE.NFO,02/01/2024,13:31:24,0.1,0.05,476720,0.1,52080,0,205920
FINNIFTY02JAN2422700CE.NFO,02/01/2024,13:32:05,0.05,0.05,476480,0.1,52080,240,205920
FINNIFTY02JAN2422700CE.NFO,02/01/2024,13:32:44,0.05,0.05,474280,0.1,52080,2200,205920
FINNIFTY02JAN2422700CE.NFO,02/01/2024,13:32:49,0.05,0.05,484280,0.1,52080,0,205920
FINNIFTY02JAN2422700CE.NFO,02/01/2024,13:33:00,0.05,0.05,474200,0.1,52080,0,205920
FINNIFTY02JAN2422700CE.NFO,02/01/2024,13:33:32,0.05,0.05,474200,0.1,62560,0,205920
FINNIFTY02JAN2422700CE.NFO,02/01/2024,13:33:38,0.05,0.05,474200,0.1,65840,0,205920
FINNIFTY02JAN2422700CE.NFO,02/01/2024,13:33:47,0.05,0.05,473800,0.1,67280,400,208120
FINNIFTY02JAN2422700CE.NFO,02/01/2024,13:33:53,0.05,0.05,473800,0.1,70520,0,208120
FINNIFTY02JAN2422700CE.NFO,02/01/2024,13:34:45,0.1,0.05,473800,0.1,69520,1000,208120
FINNIFTY02JAN2422700CE.NFO,02/01/2024,13:34:51,0.1,0.05,473800,0.1,68520,1000,208120
FINNIFTY02JAN2422700CE.NFO,02/01/2024,13:35:03,0.1,0.05,473800,0.1,69600,400,208120
FINNIFTY02JAN2422700CE.NFO,02/01/2024,13:35:09,0.1,0.05,475600,0.1,69600,0,208120
FINNIFTY02JAN2422700CE.NFO,02/01/2024,13:35:15,0.1,0.05,457600,0.1,69600,0,208120
FINNIFTY02JAN2422700CE.NFO,02/01/2024,13:35:20,0.1,0.05,457600,0.1,67800,0,208120
FINNIFTY02JAN2422700CE.NFO,02/01/2024,13:35:31,0.1,0.05,457600,0.1,68120,0,208120
FINNIFTY02JAN2422700CE.NFO,02/01/2024,13:36:22,0.1,0.05,457600,0.1,88040,0,208120
FINNIFTY02JAN2422700CE.NFO,02/01/2024,13:36:43,0.1,0.05,457600,0.1,91640,0,208120
FINNIFTY02JAN2422700CE.NFO,02/01/2024,13:36:49,0.1,0.05,457600,0.1,97040,0,208120
FINNIFTY02JAN2422700CE.NFO,02/01/2024,13:36:54,0.1,0.05,457600,0.1,102440,0,208120
FINNIFTY02JAN2422700CE.NFO,02/01/2024,13:37:01,0.05,0.05,457000,0.1,102440,600,208120
FINNIFTY02JAN2422700CE.NFO,02/01/2024,13:37:06,0.05,0.05,456880,0.1,106040,120,208120
FINNIFTY02JAN2422700CE.NFO,02/01/2024,13:37:12,0.05,0.05,455960,0.1,106040,920,208120
FINNIFTY02JAN2422700CE.NFO,02/01/2024,13:37:18,0.05,0.05,455440,0.1,107840,520,208120
FINNIFTY02JAN2422700CE.NFO,02/01/2024,13:38:11,0.05,0.05,455200,0.1,107840,240,208120
FINNIFTY02JAN2422700CE.NFO,02/01/2024,13:38:27,0.05,0.05,455000,0.1,107840,200,208120
FINNIFTY02JAN2422700CE.NFO,02/01/2024,13:38:32,0.05,0.05,454680,0.1,107840,320,208120
FINNIFTY02JAN2422700CE.NFO,02/01/2024,13:38:44,0.05,0.05,400680,0.1,107840,0,208120
FINNIFTY02JAN2422700CE.NFO,02/01/2024,13:39:21,0.1,0.05,400680,0.1,107760,80,210320
FINNIFTY02JAN2422700CE.NFO,02/01/2024,13:39:41,0.1,0.05,400680,0.1,107800,0,210320
FINNIFTY02JAN2422700CE.NFO,02/01/2024,13:39:56,0.05,0.05,400600,0.1,107800,80,210320
FINNIFTY02JAN2422700CE.NFO,02/01/2024,13:40:25,0.05,0.05,400720,0.1,107800,0,210320
FINNIFTY02JAN2422700CE.NFO,02/01/2024,13:40:33,0.05,0.05,386320,0.1,107800,0,210320
FINNIFTY02JAN2422700CE.NFO,02/01/2024,13:41:02,0.05,0.05,384520,0.1,107800,0,210320
FINNIFTY02JAN2422700CE.NFO,02/01/2024,13:41:10,0.05,0.05,379120,0.1,107800,0,210320
FINNIFTY02JAN2422700CE.NFO,02/01/2024,13:41:25,0.1,0.05,379120,0.1,107080,800,210320
FINNIFTY02JAN2422700CE.NFO,02/01/2024,13:41:31,0.05,0.05,375800,0.1,107080,3320,210320
FINNIFTY02JAN2422700CE.NFO,02/01/2024,13:41:38,0.05,0.05,375800,0.1,110360,0,210320
FINNIFTY02JAN2422700CE.NFO,02/01/2024,13:41:44,0.05,0.05,375800,0.1,112160,0,210320
FINNIFTY02JAN2422700CE.NFO,02/01/2024,13:42:01,0.05,0.05,366800,0.1,112160,560,210320
FINNIFTY02JAN2422700CE.NFO,02/01/2024,13:42:08,0.05,0.05,366800,0.1,112160,0,210320
FINNIFTY02JAN2422700CE.NFO,02/01/2024,13:42:18,0.05,0.05,370440,0.1,113960,0,210320
FINNIFTY02JAN2422700CE.NFO,02/01/2024,13:42:29,0.05,0.05,370320,0.1,112160,0,210320
FINNIFTY02JAN2422700CE.NFO,02/01/2024,13:43:06,0.05,0.05,343320,0.1,112160,0,210320
FINNIFTY02JAN2422700CE.NFO,02/01/2024,13:43:11,0.05,0.05,322040,0.1,113960,0,210320
FINNIFTY02JAN2422700CE.NFO,02/01/2024,13:44:04,0.1,0.05,322040,0.1,113920,40,213640
FINNIFTY02JAN2422700CE.NFO,02/01/2024,13:45:03,0.05,0.05,322000,0.1,112120,40,213640
FINNIFTY02JAN2422700CE.NFO,02/01/2024,13:45:11,0.05,0.05,322000,0.1,113120,0,213640
FINNIFTY02JAN2422700CE.NFO,02/01/2024,13:46:17,0.05,0.05,312000,0.1,113120,0,213640
FINNIFTY02JAN2422700CE.NFO,02/01/2024,13:46:33,0.1,0.05,302720,0.1,112400,1000,213640
FINNIFTY02JAN2422700CE.NFO,02/01/2024,13:47:00,0.1,0.05,302720,0.1,112160,240,213640
FINNIFTY02JAN2422700CE.NFO,02/01/2024,13:47:39,0.05,0.05,302480,0.1,113960,240,213640
FINNIFTY02JAN2422700CE.NFO,02/01/2024,13:47:48,0.05,0.05,302480,0.1,114480,0,213640
FINNIFTY02JAN2422700CE.NFO,02/01/2024,13:47:56,0.05,0.05,293080,0.1,98280,0,213640
FINNIFTY02JAN2422700CE.NFO,02/01/2024,13:48:01,0.05,0.05,295040,0.1,98280,0,213640
FINNIFTY02JAN2422700CE.NFO,02/01/2024,13:48:05,0.1,0.05,302240,0.1,102080,1600,212920
FINNIFTY02JAN2422700CE.NFO,02/01/2024,13:48:08,0.1,0.05,295040,0.1,98480,0,212920
FINNIFTY02JAN2422700CE.NFO,02/01/2024,13:48:50,0.1,0.05,295040,0.1,103680,0,212920
FINNIFTY02JAN2422700CE.NFO,02/01/2024,13:48:55,0.1,0.05,295040,0.1,108880,0,212920
FINNIFTY02JAN2422700CE.NFO,02/01/2024,13:48:59,0.1,0.05,295040,0.1,112880,0,212920
FINNIFTY02JAN2422700CE.NFO,02/01/2024,13:49:30,0.05,0.05,294800,0.1,116480,240,212920
FINNIFTY02JAN2422700CE.NFO,02/01/2024,13:49:34,0.05,0.05,295440,0.1,100280,0,212920
FINNIFTY02JAN2422700CE.NFO,02/01/2024,13:49:42,0.05,0.05,295440,0.1,82520,0,212920
FINNIFTY02JAN2422700CE.NFO,02/01/2024,13:49:53,0.05,0.05,291840,0.1,90240,0,212920
FINNIFTY02JAN2422700CE.NFO,02/01/2024,13:50:15,0.1,0.05,295440,0.1,90040,200,212920
FINNIFTY02JAN2422700CE.NFO,02/01/2024,13:50:25,0.05,0.05,294320,0.1,91840,1120,212920
FINNIFTY02JAN2422700CE.NFO,02/01/2024,13:50:31,0.05,0.05,294320,0.1,82320,0,212920
FINNIFTY02JAN2422700CE.NFO,02/01/2024,13:50:48,0.05,0.05,296120,0.1,87720,0,212920
FINNIFTY02JAN2422700CE.NFO,02/01/2024,13:50:54,0.05,0.05,292520,0.1,90040,0,212920
FINNIFTY02JAN2422700CE.NFO,02/01/2024,13:51:01,0.05,0.05,288920,0.1,88240,0,212920
FINNIFTY02JAN2422700CE.NFO,02/01/2024,13:51:22,0.1,0.05,296120,0.1,89800,240,212720
FINNIFTY02JAN2422700CE.NFO,02/01/2024,13:51:26,0.1,0.05,296120,0.1,102920,0,212720
FINNIFTY02JAN2422700CE.NFO,02/01/2024,13:51:31,0.1,0.05,299720,0.1,102720,200,212720
FINNIFTY02JAN2422700CE.NFO,02/01/2024,13:51:39,0.1,0.05,299720,0.1,116880,0,212720
FINNIFTY02JAN2422700CE.NFO,02/01/2024,13:51:48,0.1,0.05,299720,0.1,116920,0,212720
FINNIFTY02JAN2422700CE.NFO,02/01/2024,13:51:52,0.1,0.05,303320,0.1,115240,0,212720
FINNIFTY02JAN2422700CE.NFO,02/01/2024,13:51:56,0.1,0.05,303320,0.1,115280,0,212720
FINNIFTY02JAN2422700CE.NFO,02/01/2024,13:52:11,0.1,0.05,303320,0.1,116080,1000,212720
FINNIFTY02JAN2422700CE.NFO,02/01/2024,13:52:17,0.1,0.05,303320,0.1,112840,1440,212720
FINNIFTY02JAN2422700CE.NFO,02/01/2024,13:52:23,0.1,0.05,303320,0.1,112400,440,212720
FINNIFTY02JAN2422700CE.NFO,02/01/2024,13:52:29,0.05,0.05,292320,0.1,101200,600,212720
FINNIFTY02JAN2422700CE.NFO,02/01/2024,13:52:34,0.1,0.05,295920,0.1,83240,200,212720
FINNIFTY02JAN2422700CE.NFO,02/01/2024,13:52:39,0.1,0.05,292320,0.1,85120,440,212720
FINNIFTY02JAN2422700CE.NFO,02/01/2024,13:53:00,0.1,0.05,290520,0.1,107760,0,212720
FINNIFTY02JAN2422700CE.NFO,02/01/2024,13:53:14,0.1,0.05,272520,0.1,111360,0,212720
FINNIFTY02JAN2422700CE.NFO,02/01/2024,13:53:26,0.1,0.05,272520,0.1,111320,40,212720
FINNIFTY02JAN2422700CE.NFO,02/01/2024,13:53:32,0.1,0.05,270720,0.1,111120,160,212720
FINNIFTY02JAN2422700CE.NFO,02/01/2024,13:53:37,0.1,0.05,267120,0.1,110960,200,212720
FINNIFTY02JAN2422700CE.NFO,02/01/2024,13:53:43,0.1,0.05,267120,0.1,110720,240,212720
FINNIFTY02JAN2422700CE.NFO,02/01/2024,13:53:49,0.1,0.05,267120,0.1,110560,120,212720
FINNIFTY02JAN2422700CE.NFO,02/01/2024,13:53:55,0.1,0.05,266920,0.1,110480,320,212720
FINNIFTY02JAN2422700CE.NFO,02/01/2024,13:54:01,0.1,0.05,266920,0.1,110600,0,212720
FINNIFTY02JAN2422700CE.NFO,02/01/2024,13:54:06,0.1,0.05,266920,0.1,110640,0,212720
FINNIFTY02JAN2422700CE.NFO,02/01/2024,13:54:18,0.05,0.05,266040,0.1,110640,880,210360
FINNIFTY02JAN2422700CE.NFO,02/01/2024,13:55:07,0.05,0.05,265880,0.1,110640,0,210360
FINNIFTY02JAN2422700CE.NFO,02/01/2024,13:57:07,0.05,0.05,265880,0.1,112440,0,210360
FINNIFTY02JAN2422700CE.NFO,02/01/2024,13:57:24,0.1,0.05,265880,0.1,109040,1600,210360
FINNIFTY02JAN2422700CE.NFO,02/01/2024,13:59:12,0.1,0.05,265880,0.1,108960,80,210360
FINNIFTY02JAN2422700CE.NFO,02/01/2024,13:59:21,0.1,0.05,265880,0.1,108920,40,210360
FINNIFTY02JAN2422700CE.NFO,02/01/2024,13:59:25,0.1,0.05,265880,0.1,108880,40,210360
FINNIFTY02JAN2422700CE.NFO,02/01/2024,13:59:30,0.1,0.05,265880,0.1,108800,80,210360
FINNIFTY02JAN2422700CE.NFO,02/01/2024,13:59:35,0.1,0.05,265880,0.1,108760,40,210360
FINNIFTY02JAN2422700CE.NFO,02/01/2024,13:59:43,0.1,0.05,265880,0.1,108720,40,210360
FINNIFTY02JAN2422700CE.NFO,02/01/2024,13:59:52,0.1,0.05,265880,0.1,108480,240,210360
FINNIFTY02JAN2422700CE.NFO,02/01/2024,14:00:07,0.1,0.05,265880,0.1,108440,40,210360
FINNIFTY02JAN2422700CE.NFO,02/01/2024,14:00:29,0.1,0.05,265880,0.1,109240,0,210360
FINNIFTY02JAN2422700CE.NFO,02/01/2024,14:00:36,0.1,0.05,265880,0.1,109320,0,210360
FINNIFTY02JAN2422700CE.NFO,02/01/2024,14:01:12,0.1,0.05,264080,0.1,109320,0,210360
FINNIFTY02JAN2422700CE.NFO,02/01/2024,14:01:52,0.1,0.05,264080,0.1,105720,0,210360
FINNIFTY02JAN2422700CE.NFO,02/01/2024,14:01:56,0.1,0.05,257080,0.1,105720,0,210360
FINNIFTY02JAN2422700CE.NFO,02/01/2024,14:02:05,0.05,0.05,257040,0.1,105720,40,210360
FINNIFTY02JAN2422700CE.NFO,02/01/2024,14:02:56,0.1,0.05,257040,0.1,105160,600,210360
FINNIFTY02JAN2422700CE.NFO,02/01/2024,14:03:26,0.05,0.05,256440,0.1,105160,600,210360
FINNIFTY02JAN2422700CE.NFO,02/01/2024,14:04:11,0.1,0.05,256440,0.1,106920,40,210360
FINNIFTY02JAN2422700CE.NFO,02/01/2024,14:04:17,0.1,0.05,256440,0.1,104840,280,210360
FINNIFTY02JAN2422700CE.NFO,02/01/2024,14:04:24,0.1,0.05,256440,0.1,104360,1000,210360
FINNIFTY02JAN2422700CE.NFO,02/01/2024,14:04:30,0.05,0.05,256160,0.1,104360,280,210360
FINNIFTY02JAN2422700CE.NFO,02/01/2024,14:04:36,0.05,0.05,255120,0.1,104360,1040,210360
FINNIFTY02JAN2422700CE.NFO,02/01/2024,14:04:42,0.05,0.05,255120,0.1,106880,0,210360
FINNIFTY02JAN2422700CE.NFO,02/01/2024,14:04:54,0.05,0.05,255120,0.1,109400,0,210360
FINNIFTY02JAN2422700CE.NFO,02/01/2024,14:05:23,0.05,0.05,255160,0.1,105800,0,210360
FINNIFTY02JAN2422700CE.NFO,02/01/2024,14:06:30,0.05,0.05,253360,0.1,105800,0,210360
FINNIFTY02JAN2422700CE.NFO,02/01/2024,14:06:54,0.05,0.05,246160,0.1,105800,0,210360
FINNIFTY02JAN2422700CE.NFO,02/01/2024,14:07:22,0.1,0.05,246160,0.1,105400,400,210360
FINNIFTY02JAN2422700CE.NFO,02/01/2024,14:07:43,0.05,0.05,247880,0.1,105400,80,210360
FINNIFTY02JAN2422700CE.NFO,02/01/2024,14:08:32,0.05,0.05,247880,0.1,105400,0,210360
FINNIFTY02JAN2422700CE.NFO,02/01/2024,14:08:47,0.05,0.05,249480,0.1,105400,0,210360
FINNIFTY02JAN2422700CE.NFO,02/01/2024,14:08:56,0.05,0.05,249480,0.1,106000,0,210360
FINNIFTY02JAN2422700CE.NFO,02/01/2024,14:09:02,0.05,0.05,249480,0.1,106200,0,210360
FINNIFTY02JAN2422700CE.NFO,02/01/2024,14:10:13,0.05,0.05,249480,0.1,108080,0,210360
FINNIFTY02JAN2422700CE.NFO,02/01/2024,14:10:25,0.05,0.05,249480,0.1,106080,0,210360
FINNIFTY02JAN2422700CE.NFO,02/01/2024,14:10:38,0.05,0.05,249480,0.1,106280,0,210360
FINNIFTY02JAN2422700CE.NFO,02/01/2024,14:10:54,0.05,0.05,247880,0.1,108080,0,210360
FINNIFTY02JAN2422700CE.NFO,02/01/2024,14:11:00,0.05,0.05,246840,0.1,108080,1040,209960
FINNIFTY02JAN2422700CE.NFO,02/01/2024,14:11:06,0.05,0.05,246440,0.1,106280,400,209960
FINNIFTY02JAN2422700CE.NFO,02/01/2024,14:11:14,0.05,0.05,246440,0.1,109280,0,209960
FINNIFTY02JAN2422700CE.NFO,02/01/2024,14:11:21,0.05,0.05,246440,0.1,109440,0,209960
FINNIFTY02JAN2422700CE.NFO,02/01/2024,14:11:48,0.05,0.05,244640,0.1,109440,0,209960
FINNIFTY02JAN2422700CE.NFO,02/01/2024,14:12:12,0.05,0.05,221240,0.1,107640,0,209960
FINNIFTY02JAN2422700CE.NFO,02/01/2024,14:12:19,0.05,0.05,206840,0.1,107640,0,209960
