Ticker,Date,Time,LTP,BuyPrice,BuyQty,SellPrice,SellQty,LTQ,OpenInterest
FINNIFTY02JAN2420700CE.NFO,02/01/2024,14:14:46,661.1,639.9,480,687.85,480,200,960
FINNIFTY02JAN2420700CE.NFO,02/01/2024,14:14:46,661.1,639.9,480,687.85,480,0,960
FINNIFTY02JAN2420700CE.NFO,02/01/2024,14:14:46,661.1,639.9,480,687.85,480,0,960
FINNIFTY02JAN2420700CE.NFO,02/01/2024,14:14:46,661.1,639.9,480,687.85,480,0,960
FINNIFTY02JAN2420700CE.NFO,02/01/2024,14:14:53,661.1,657.75,40,670,80,0,960
FINNIFTY02JAN2420700CE.NFO,02/01/2024,14:14:59,661.1,656.65,40,659.55,200,0,960
FINNIFTY02JAN2420700CE.NFO,02/01/2024,14:15:05,661.1,658.65,40,661.7,80,0,960
FINNIFTY02JAN2420700CE.NFO,02/01/2024,14:15:13,661.1,657.2,40,660.5,480,0,960
FINNIFTY02JAN2420700CE.NFO,02/01/2024,14:15:19,661.1,657.5,40,660.1,480,0,960
FINNIFTY02JAN2420700CE.NFO,02/01/2024,14:15:25,661.1,657.1,120,689.6,160,0,960
FINNIFTY02JAN2420700CE.NFO,02/01/2024,14:15:31,661.1,657.8,40,665.1,40,0,960
FINNIFTY02JAN2420700CE.NFO,02/01/2024,14:15:33,661.1,657.8,40,660.3,40,0,960
FINNIFTY02JAN2420700CE.NFO,02/01/2024,14:15:34,661.1,657.15,40,660.25,400,0,960
FINNIFTY02JAN2420700CE.NFO,02/01/2024,14:15:36,661.1,645.65,120,658.8,120,0,960
FINNIFTY02JAN2420700CE.NFO,02/01/2024,14:15:38,661.1,651.15,200,660.5,120,0,960
FINNIFTY02JAN2420700CE.NFO,02/01/2024,14:15:39,661.1,656.25,40,659.35,200,0,960
FINNIFTY02JAN2420700CE.NFO,02/01/2024,14:15:41,661.1,655.8,40,658.65,400,0,960
FINNIFTY02JAN2420700CE.NFO,02/01/2024,14:15:42,661.1,655.1,480,657.75,280,0,960
FINNIFTY02JAN2420700CE.NFO,02/01/2024,14:15:44,661.1,655.9,80,658.5,40,0,960
FINNIFTY02JAN2420700CE.NFO,02/01/2024,14:15:46,661.1,656.3,200,659.1,1200,0,960
FINNIFTY02JAN2420700CE.NFO,02/01/2024,14:15:47,661.1,657.15,40,695.55,80,0,960
FINNIFTY02JAN2420700CE.NFO,02/01/2024,14:15:49,661.1,656.85,40,689.4,200,0,960
FINNIFTY02JAN2420700CE.NFO,02/01/2024,14:15:51,661.1,657.15,40,682.85,200,0,960
FINNIFTY02JAN2420700CE.NFO,02/01/2024,14:15:52,661.1,657.35,40,676.1,40,0,960
FINNIFTY02JAN2420700CE.NFO,02/01/2024,14:15:54,661.1,657.4,40,669.55,80,0,960
FINNIFTY02JAN2420700CE.NFO,02/01/2024,14:15:56,661.1,656.65,40,661.05,360,0,960
FINNIFTY02JAN2420700CE.NFO,02/01/2024,14:15:57,661.1,656.25,40,659,120,0,960
FINNIFTY02JAN2420700CE.NFO,02/01/2024,14:15:59,661.1,656.65,40,659.1,40,0,960
FINNIFTY02JAN2420700CE.NFO,02/01/2024,14:16:00,661.1,655.6,120,658.25,200,0,960
FINNIFTY02JAN2420700CE.NFO,02/01/2024,14:16:02,661.1,652.7,120,659.75,200,0,960
FINNIFTY02JAN2420700CE.NFO,02/01/2024,14:16:04,661.1,656.55,120,659.15,80,0,960
FINNIFTY02JAN2420700CE.NFO,02/01/2024,14:16:05,661.1,656.35,40,659.05,640,0,960
FINNIFTY02JAN2420700CE.NFO,02/01/2024,14:16:07,661.1,656.35,40,658.95,40,0,960
FINNIFTY02JAN2420700CE.NFO,02/01/2024,14:16:09,661.1,655.7,40,658.45,200,0,960
FINNIFTY02JAN2420700CE.NFO,02/01/2024,14:16:10,661.1,655.75,40,658.55,160,0,960
FINNIFTY02JAN2420700CE.NFO,02/01/2024,14:16:12,661.1,656.25,80,658.75,40,0,960
FINNIFTY02JAN2420700CE.NFO,02/01/2024,14:16:13,661.1,656.35,40,659.05,160,0,960
FINNIFTY02JAN2420700CE.NFO,02/01/2024,14:16:15,661.1,657.05,80,695.9,160,0,960
FINNIFTY02JAN2420700CE.NFO,02/01/2024,14:16:17,661.1,656.05,80,687.9,80,0,960
FINNIFTY02JAN2420700CE.NFO,02/01/2024,14:16:18,661.1,656.75,40,681.9,40,0,960
FINNIFTY02JAN2420700CE.NFO,02/01/2024,14:16:20,661.1,656.55,40,673.5,120,0,960
FINNIFTY02JAN2420700CE.NFO,02/01/2024,14:16:22,661.1,656.6,120,666.2,80,0,960
FINNIFTY02JAN2420700CE.NFO,02/01/2024,14:16:23,661.1,657.35,40,659.95,160,0,960
FINNIFTY02JAN2420700CE.NFO,02/01/2024,14:16:25,661.1,657.3,40,659.7,40,0,960
FINNIFTY02JAN2420700CE.NFO,02/01/2024,14:16:27,661.1,656.65,80,659.15,80,0,960
FINNIFTY02JAN2420700CE.NFO,02/01/2024,14:16:28,661.1,657.25,40,659.85,40,0,960
FINNIFTY02JAN2420700CE.NFO,02/01/2024,14:16:30,661.1,656.8,40,659.1,40,0,960
FINNIFTY02JAN2420700CE.NFO,02/01/2024,14:16:30,661.1,656.65,40,659.2,40,0,960
FINNIFTY02JAN2420700CE.NFO,02/01/2024,14:16:32,661.1,656.95,80,659.4,120,0,960
FINNIFTY02JAN2420700CE.NFO,02/01/2024,14:16:34,661.1,657.35,40,660.3,200,0,960
FINNIFTY02JAN2420700CE.NFO,02/01/2024,14:16:35,661.1,657.85,40,660.25,40,0,960
FINNIFTY02JAN2420700CE.NFO,02/01/2024,14:16:37,661.1,658.2,40,660.8,160,0,960
FINNIFTY02JAN2420700CE.NFO,02/01/2024,14:16:39,661.1,658.25,120,660.85,280,0,960
FINNIFTY02JAN2420700CE.NFO,02/01/2024,14:16:40,661.1,657.7,160,660.75,320,0,960
FINNIFTY02JAN2420700CE.NFO,02/01/2024,14:16:42,661.1,657.25,40,660.15,200,0,960
FINNIFTY02JAN2420700CE.NFO,02/01/2024,14:16:44,661.1,657.6,120,660.1,80,0,960
FINNIFTY02JAN2420700CE.NFO,02/01/2024,14:16:45,661.1,657.45,40,660.1,120,0,960
FINNIFTY02JAN2420700CE.NFO,02/01/2024,14:16:47,661.1,657.45,40,659.95,80,0,960
FINNIFTY02JAN2420700CE.NFO,02/01/2024,14:16:49,661.1,657.35,40,660.1,120,0,960
FINNIFTY02JAN2420700CE.NFO,02/01/2024,14:16:50,661.1,626.4,400,659.25,200,0,960
FINNIFTY02JAN2420700CE.NFO,02/01/2024,14:16:52,661.1,633.2,40,659.05,40,0,960
FINNIFTY02JAN2420700CE.NFO,02/01/2024,14:16:54,661.1,638.9,40,658.5,120,0,960
FINNIFTY02JAN2420700CE.NFO,02/01/2024,14:16:55,661.1,644.5,40,658.4,40,0,960
FINNIFTY02JAN2420700CE.NFO,02/01/2024,14:16:57,661.1,649.9,200,657.3,280,0,960
FINNIFTY02JAN2420700CE.NFO,02/01/2024,14:16:59,661.1,655.3,40,658.75,40,0,960
FINNIFTY02JAN2420700CE.NFO,02/01/2024,14:17:00,661.1,655.15,40,658,80,0,960
FINNIFTY02JAN2420700CE.NFO,02/01/2024,14:17:02,661.1,655.2,120,657.85,40,0,960
FINNIFTY02JAN2420700CE.NFO,02/01/2024,14:17:04,661.1,655.85,40,658.6,200,0,960
FINNIFTY02JAN2420700CE.NFO,02/01/2024,14:17:05,661.1,654.75,40,657.5,160,0,960
FINNIFTY02JAN2420700CE.NFO,02/01/2024,14:17:07,661.1,654.9,40,657.6,200,0,960
FINNIFTY02JAN2420700CE.NFO,02/01/2024,14:17:09,661.1,654.8,480,657.5,80,0,960
FINNIFTY02JAN2420700CE.NFO,02/01/2024,14:17:10,661.1,654.85,40,658.7,40,0,960
FINNIFTY02JAN2420700CE.NFO,02/01/2024,14:17:12,661.1,655.25,40,657.75,80,0,960
FINNIFTY02JAN2420700CE.NFO,02/01/2024,14:17:14,661.1,627.4,40,656.85,80,0,960
FINNIFTY02JAN2420700CE.NFO,02/01/2024,14:17:15,661.1,632.65,360,658.1,240,0,960
FINNIFTY02JAN2420700CE.NFO,02/01/2024,14:17:17,661.1,638.8,40,657.25,120,0,960
FINNIFTY02JAN2420700CE.NFO,02/01/2024,14:17:19,661.1,642.7,40,656.85,840,0,960
FINNIFTY02JAN2420700CE.NFO,02/01/2024,14:17:20,661.1,647.75,120,657.35,120,0,960
FINNIFTY02JAN2420700CE.NFO,02/01/2024,14:17:22,661.1,653.2,120,693.8,120,0,960
FINNIFTY02JAN2420700CE.NFO,02/01/2024,14:17:24,661.1,655.15,40,688.05,120,0,960
FINNIFTY02JAN2420700CE.NFO,02/01/2024,14:17:25,661.1,654.75,40,681.9,80,0,960
FINNIFTY02JAN2420700CE.NFO,02/01/2024,14:17:27,661.1,655.2,40,674.95,120,0,960
FINNIFTY02JAN2420700CE.NFO,02/01/2024,14:17:29,661.1,654.95,40,667.5,80,0,960
FINNIFTY02JAN2420700CE.NFO,02/01/2024,14:17:30,661.1,649.15,40,662.75,40,0,960
FINNIFTY02JAN2420700CE.NFO,02/01/2024,14:17:32,661.1,653.05,40,659.35,400,0,960
FINNIFTY02JAN2420700CE.NFO,02/01/2024,14:17:34,661.1,653.85,40,656.7,200,0,960
FINNIFTY02JAN2420700CE.NFO,02/01/2024,14:17:35,661.1,653.35,40,656.05,840,0,960
FINNIFTY02JAN2420700CE.NFO,02/01/2024,14:17:37,661.1,653.55,40,656.4,200,0,960
FINNIFTY02JAN2420700CE.NFO,02/01/2024,14:17:39,661.1,653.15,40,655.95,80,0,960
FINNIFTY02JAN2420700CE.NFO,02/01/2024,14:17:40,661.1,653.3,40,655.85,40,0,960
FINNIFTY02JAN2420700CE.NFO,02/01/2024,14:17:42,661.1,653.4,40,656.25,320,0,960
FINNIFTY02JAN2420700CE.NFO,02/01/2024,14:17:44,661.1,653.75,40,656.3,40,0,960
FINNIFTY02JAN2420700CE.NFO,02/01/2024,14:17:45,661.1,654.05,40,656.75,160,0,960
FINNIFTY02JAN2420700CE.NFO,02/01/2024,14:17:47,661.1,653.5,40,655.95,200,0,960
FINNIFTY02JAN2420700CE.NFO,02/01/2024,14:17:49,661.1,652.8,40,655.6,600,0,960
FINNIFTY02JAN2420700CE.NFO,02/01/2024,14:17:50,661.1,654.1,40,656.7,200,0,960
FINNIFTY02JAN2420700CE.NFO,02/01/2024,14:17:52,661.1,653,120,656.2,360,0,960
FINNIFTY02JAN2420700CE.NFO,02/01/2024,14:17:54,661.1,629.25,40,656.05,2320,0,960
FINNIFTY02JAN2420700CE.NFO,02/01/2024,14:17:55,661.1,634.95,160,656.35,120,0,960
FINNIFTY02JAN2420700CE.NFO,02/01/2024,14:17:57,661.1,642,200,655.6,120,0,960
FINNIFTY02JAN2420700CE.NFO,02/01/2024,14:17:59,661.1,649.35,80,656.3,80,0,960
FINNIFTY02JAN2420700CE.NFO,02/01/2024,14:18:00,661.1,653.75,40,656.35,360,0,960
FINNIFTY02JAN2420700CE.NFO,02/01/2024,14:18:02,661.1,654.55,80,656.95,80,0,960
FINNIFTY02JAN2420700CE.NFO,02/01/2024,14:18:04,661.1,654.2,40,656.6,200,0,960
FINNIFTY02JAN2420700CE.NFO,02/01/2024,14:18:05,661.1,653.65,40,656.15,40,0,960
FINNIFTY02JAN2420700CE.NFO,02/01/2024,14:18:07,661.1,654.05,160,657.4,3840,0,960
FINNIFTY02JAN2420700CE.NFO,02/01/2024,14:18:09,661.1,653.3,40,655.75,120,0,960
FINNIFTY02JAN2420700CE.NFO,02/01/2024,14:18:10,661.1,653.25,40,655.95,40,0,960
FINNIFTY02JAN2420700CE.NFO,02/01/2024,14:18:12,661.1,627.65,240,655.4,160,0,960
FINNIFTY02JAN2420700CE.NFO,02/01/2024,14:18:14,661.1,636,40,655.9,1960,0,960
FINNIFTY02JAN2420700CE.NFO,02/01/2024,14:18:15,661.1,643.15,80,656.6,2440,0,960
FINNIFTY02JAN2420700CE.NFO,02/01/2024,14:18:17,661.1,650.25,40,655.35,40,0,960
FINNIFTY02JAN2420700CE.NFO,02/01/2024,14:18:19,661.1,652.4,40,655.05,200,0,960
FINNIFTY02JAN2420700CE.NFO,02/01/2024,14:18:20,661.1,651.85,40,654.95,80,0,960
FINNIFTY02JAN2420700CE.NFO,02/01/2024,14:18:22,661.1,651.55,40,654.2,480,0,960
FINNIFTY02JAN2420700CE.NFO,02/01/2024,14:18:24,661.1,651.95,40,696.95,480,0,960
FINNIFTY02JAN2420700CE.NFO,02/01/2024,14:18:25,661.1,646.1,80,692.95,80,0,960
FINNIFTY02JAN2420700CE.NFO,02/01/2024,14:18:27,661.1,650.3,40,689.35,40,0,960
FINNIFTY02JAN2420700CE.NFO,02/01/2024,14:18:29,661.1,651.5,40,683,200,0,960
FINNIFTY02JAN2420700CE.NFO,02/01/2024,14:18:30,661.1,650.95,40,677,120,0,960
FINNIFTY02JAN2420700CE.NFO,02/01/2024,14:18:32,661.1,650.8,200,671,80,0,960
FINNIFTY02JAN2420700CE.NFO,02/01/2024,14:18:34,661.1,651.2,80,664.4,200,0,960
FINNIFTY02JAN2420700CE.NFO,02/01/2024,14:18:35,661.1,652,40,657.7,80,0,960
FINNIFTY02JAN2420700CE.NFO,02/01/2024,14:18:37,661.1,652,40,654.5,80,0,960
FINNIFTY02JAN2420700CE.NFO,02/01/2024,14:18:39,661.1,651.7,40,654.25,120,0,960
FINNIFTY02JAN2420700CE.NFO,02/01/2024,14:18:40,661.1,651.15,40,653.75,120,0,960
FINNIFTY02JAN2420700CE.NFO,02/01/2024,14:18:42,661.1,651.4,240,654.05,200,0,960
FINNIFTY02JAN2420700CE.NFO,02/01/2024,14:18:44,661.1,650.85,40,653.75,80,0,960
FINNIFTY02JAN2420700CE.NFO,02/01/2024,14:18:45,661.1,651.25,40,654.15,360,0,960
FINNIFTY02JAN2420700CE.NFO,02/01/2024,14:18:47,661.1,628.35,40,653.2,160,0,960
FINNIFTY02JAN2420700CE.NFO,02/01/2024,14:18:49,661.1,634.45,200,652.55,520,0,960
FINNIFTY02JAN2420700CE.NFO,02/01/2024,14:18:50,661.1,640.25,120,653.15,120,0,960
FINNIFTY02JAN2420700CE.NFO,02/01/2024,14:18:52,661.1,645.95,160,652.95,160,0,960
FINNIFTY02JAN2420700CE.NFO,02/01/2024,14:18:54,661.1,650.25,40,652.95,200,0,960
FINNIFTY02JAN2420700CE.NFO,02/01/2024,14:18:56,661.1,649.45,40,652.4,480,0,960
FINNIFTY02JAN2420700CE.NFO,02/01/2024,14:18:57,661.1,648.95,40,651.6,400,0,960
FINNIFTY02JAN2420700CE.NFO,02/01/2024,14:18:59,661.1,648.9,40,652.05,2200,0,960
FINNIFTY02JAN2420700CE.NFO,02/01/2024,14:19:01,661.1,649.8,40,694.6,120,0,960
FINNIFTY02JAN2420700CE.NFO,02/01/2024,14:19:02,661.1,649.05,160,688,120,0,960
FINNIFTY02JAN2420700CE.NFO,02/01/2024,14:19:04,661.1,647.5,80,683.55,80,0,960
FINNIFTY02JAN2420700CE.NFO,02/01/2024,14:19:06,651.1,649.25,40,678.2,80,80,880
FINNIFTY02JAN2420700CE.NFO,02/01/2024,14:19:06,651.1,649.25,40,678.2,80,0,880
FINNIFTY02JAN2420700CE.NFO,02/01/2024,14:19:07,651.1,649.4,40,671.05,40,0,880
FINNIFTY02JAN2420700CE.NFO,02/01/2024,14:19:09,651.1,648.95,440,664.2,80,0,880
FINNIFTY02JAN2420700CE.NFO,02/01/2024,14:19:11,651.1,648.5,40,654.95,200,0,880
FINNIFTY02JAN2420700CE.NFO,02/01/2024,14:19:12,651.1,648.3,40,651,200,0,880
FINNIFTY02JAN2420700CE.NFO,02/01/2024,14:19:14,651.1,648.45,40,651.2,360,0,880
FINNIFTY02JAN2420700CE.NFO,02/01/2024,14:19:16,651.1,642.3,440,651.15,480,0,880
FINNIFTY02JAN2420700CE.NFO,02/01/2024,14:19:17,651.1,648.2,40,651.3,80,0,880
FINNIFTY02JAN2420700CE.NFO,02/01/2024,14:19:19,651.1,647.9,40,650.6,200,0,880
FINNIFTY02JAN2420700CE.NFO,02/01/2024,14:19:21,651.1,647.65,160,650.25,280,0,880
FINNIFTY02JAN2420700CE.NFO,02/01/2024,14:19:22,651.1,647.4,40,650,80,0,880
FINNIFTY02JAN2420700CE.NFO,02/01/2024,14:19:24,651.1,647.5,40,650.25,200,0,880
FINNIFTY02JAN2420700CE.NFO,02/01/2024,14:19:26,651.1,647.45,40,650.25,80,0,880
FINNIFTY02JAN2420700CE.NFO,02/01/2024,14:19:27,651.1,647.8,40,650.8,200,0,880
FINNIFTY02JAN2420700CE.NFO,02/01/2024,14:19:29,651.1,648.25,40,651,400,0,880
FINNIFTY02JAN2420700CE.NFO,02/01/2024,14:19:31,651.1,647.5,40,650.25,200,0,880
FINNIFTY02JAN2420700CE.NFO,02/01/2024,14:19:32,651.1,647.15,40,649.6,200,0,880
FINNIFTY02JAN2420700CE.NFO,02/01/2024,14:19:34,651.1,630.95,200,697.2,120,0,880
FINNIFTY02JAN2420700CE.NFO,02/01/2024,14:19:36,651.1,636.5,40,692.45,640,0,880
FINNIFTY02JAN2420700CE.NFO,02/01/2024,14:19:37,651.1,643,40,687.45,80,0,880
FINNIFTY02JAN2420700CE.NFO,02/01/2024,14:19:39,651.1,648.15,40,679.9,80,0,880
FINNIFTY02JAN2420700CE.NFO,02/01/2024,14:19:41,651.1,648.55,40,671,80,0,880
FINNIFTY02JAN2420700CE.NFO,02/01/2024,14:19:42,651.1,648.8,80,663.55,80,0,880
FINNIFTY02JAN2420700CE.NFO,02/01/2024,14:19:44,651.1,648.95,40,653.55,80,0,880
FINNIFTY02JAN2420700CE.NFO,02/01/2024,14:19:46,651.1,649.15,80,651.9,200,0,880
FINNIFTY02JAN2420700CE.NFO,02/01/2024,14:19:47,651.1,648.7,40,651.5,120,0,880
FINNIFTY02JAN2420700CE.NFO,02/01/2024,14:19:49,651.1,647.7,120,651.2,680,0,880
FINNIFTY02JAN2420700CE.NFO,02/01/2024,14:19:51,651.1,648.75,40,651.2,80,0,880
FINNIFTY02JAN2420700CE.NFO,02/01/2024,14:19:52,651.1,648.3,40,650.85,120,0,880
FINNIFTY02JAN2420700CE.NFO,02/01/2024,14:19:54,651.1,648.5,40,651,40,0,880
FINNIFTY02JAN2420700CE.NFO,02/01/2024,14:19:56,651.1,647.95,40,650.65,80,0,880
FINNIFTY02JAN2420700CE.NFO,02/01/2024,14:19:57,651.1,648.05,40,650.7,120,0,880
FINNIFTY02JAN2420700CE.NFO,02/01/2024,14:19:59,651.1,648.85,40,651.35,200,0,880
FINNIFTY02JAN2420700CE.NFO,02/01/2024,14:20:01,651.1,648.85,40,651.75,80,0,880
FINNIFTY02JAN2420700CE.NFO,02/01/2024,14:20:02,651.1,649.35,40,690.55,400,0,880
FINNIFTY02JAN2420700CE.NFO,02/01/2024,14:20:04,651.1,650.45,40,683.7,200,0,880
FINNIFTY02JAN2420700CE.NFO,02/01/2024,14:20:06,651.1,650.25,40,676.9,200,0,880
FINNIFTY02JAN2420700CE.NFO,02/01/2024,14:20:07,651.1,649.3,40,670.4,200,0,880
FINNIFTY02JAN2420700CE.NFO,02/01/2024,14:20:09,651.1,650.05,40,661.75,120,0,880
FINNIFTY02JAN2420700CE.NFO,02/01/2024,14:20:11,651.1,650,40,653.75,200,0,880
FINNIFTY02JAN2420700CE.NFO,02/01/2024,14:20:12,651.1,649.5,40,652,40,0,880
FINNIFTY02JAN2420700CE.NFO,02/01/2024,14:20:14,651.1,649.8,40,652.35,120,0,880
FINNIFTY02JAN2420700CE.NFO,02/01/2024,14:20:16,651.1,649.35,40,651.9,200,0,880
FINNIFTY02JAN2420700CE.NFO,02/01/2024,14:20:17,651.1,649.8,40,652.3,120,0,880
FINNIFTY02JAN2420700CE.NFO,02/01/2024,14:20:19,651.1,649.4,40,652.05,120,0,880
FINNIFTY02JAN2420700CE.NFO,02/01/2024,14:20:21,651.1,649.7,40,652.2,120,0,880
FINNIFTY02JAN2420700CE.NFO,02/01/2024,14:20:22,651.1,649.9,40,652.65,1040,0,880
FINNIFTY02JAN2420700CE.NFO,02/01/2024,14:20:24,651.1,649.8,40,652.3,320,0,880
FINNIFTY02JAN2420700CE.NFO,02/01/2024,14:20:26,651.1,649.5,40,652.15,240,0,880
FINNIFTY02JAN2420700CE.NFO,02/01/2024,14:20:27,651.1,649.8,40,652.4,1560,0,880
FINNIFTY02JAN2420700CE.NFO,02/01/2024,14:20:29,651.1,649.5,40,652.05,760,0,880
FINNIFTY02JAN2420700CE.NFO,02/01/2024,14:20:31,651.1,649.3,40,651.95,120,0,880
FINNIFTY02JAN2420700CE.NFO,02/01/2024,14:20:32,651.1,648.65,40,651.15,120,0,880
FINNIFTY02JAN2420700CE.NFO,02/01/2024,14:20:34,651.1,648.5,40,651.2,120,0,880
FINNIFTY02JAN2420700CE.NFO,02/01/2024,14:20:36,651.1,648.85,40,651.6,600,0,880
FINNIFTY02JAN2420700CE.NFO,02/01/2024,14:20:37,651.1,648.6,40,651.35,120,0,880
FINNIFTY02JAN2420700CE.NFO,02/01/2024,14:20:39,651.1,648.5,40,651.15,40,0,880
FINNIFTY02JAN2420700CE.NFO,02/01/2024,14:20:41,651.1,648.3,40,650.85,200,0,880
FINNIFTY02JAN2420700CE.NFO,02/01/2024,14:20:42,651.1,648.45,40,651,440,0,880
FINNIFTY02JAN2420700CE.NFO,02/01/2024,14:20:44,651.1,648.6,40,651.15,200,0,880
FINNIFTY02JAN2420700CE.NFO,02/01/2024,14:20:46,651.1,648.45,40,651.15,200,0,880
FINNIFTY02JAN2420700CE.NFO,02/01/2024,14:20:47,651.1,648.95,40,651.45,280,0,880
FINNIFTY02JAN2420700CE.NFO,02/01/2024,14:20:49,651.1,649.25,40,651.65,200,0,880
FINNIFTY02JAN2420700CE.NFO,02/01/2024,14:20:51,651.1,649.2,240,651.9,600,0,880
FINNIFTY02JAN2420700CE.NFO,02/01/2024,14:20:52,651.1,649.1,120,651.65,200,0,880
FINNIFTY02JAN2420700CE.NFO,02/01/2024,14:20:54,651.1,648.55,40,651.35,200,0,880
FINNIFTY02JAN2420700CE.NFO,02/01/2024,14:20:56,651.1,648.3,40,650.85,520,0,880
FINNIFTY02JAN2420700CE.NFO,02/01/2024,14:20:57,651.1,648.25,40,650.8,160,0,880
FINNIFTY02JAN2420700CE.NFO,02/01/2024,14:20:59,651.1,648.5,80,651.05,160,0,880
FINNIFTY02JAN2420700CE.NFO,02/01/2024,14:21:01,651.1,648.7,40,651.45,200,0,880
FINNIFTY02JAN2420700CE.NFO,02/01/2024,14:21:02,651.1,648.6,80,651.2,200,0,880
FINNIFTY02JAN2420700CE.NFO,02/01/2024,14:21:04,651.1,648.9,40,651.5,120,0,880
FINNIFTY02JAN2420700CE.NFO,02/01/2024,14:21:06,651.1,648.7,40,651.25,120,0,880
FINNIFTY02JAN2420700CE.NFO,02/01/2024,14:21:07,651.1,648.9,40,651.5,160,0,880
FINNIFTY02JAN2420700CE.NFO,02/01/2024,14:21:09,651.1,648.7,40,651.25,120,0,880
FINNIFTY02JAN2420700CE.NFO,02/01/2024,14:21:11,651.1,648.5,40,651,320,0,880
FINNIFTY02JAN2420700CE.NFO,02/01/2024,14:21:12,651.1,648.85,40,651.35,120,0,880
FINNIFTY02JAN2420700CE.NFO,02/01/2024,14:21:14,651.1,648.75,40,651.3,120,0,880
FINNIFTY02JAN2420700CE.NFO,02/01/2024,14:21:16,651.1,649.1,40,652.15,2400,0,880
FINNIFTY02JAN2420700CE.NFO,02/01/2024,14:21:17,651.1,649.45,40,652,440,0,880
FINNIFTY02JAN2420700CE.NFO,02/01/2024,14:21:19,651.1,648.95,40,651.45,120,0,880
FINNIFTY02JAN2420700CE.NFO,02/01/2024,14:21:21,651.1,629.3,40,651.35,200,0,880
FINNIFTY02JAN2420700CE.NFO,02/01/2024,14:21:22,651.1,638.45,40,651.3,160,0,880
FINNIFTY02JAN2420700CE.NFO,02/01/2024,14:21:24,651.1,649,40,651.7,360,0,880
FINNIFTY02JAN2420700CE.NFO,02/01/2024,14:21:26,651.1,648.75,40,651.25,80,0,880
FINNIFTY02JAN2420700CE.NFO,02/01/2024,14:21:27,651.1,648.35,40,650.8,120,0,880
FINNIFTY02JAN2420700CE.NFO,02/01/2024,14:21:29,651.1,647.55,40,650.1,120,0,880
FINNIFTY02JAN2420700CE.NFO,02/01/2024,14:21:31,651.1,647.7,40,650.2,240,0,880
FINNIFTY02JAN2420700CE.NFO,02/01/2024,14:21:32,651.1,648,40,650.95,1840,0,880
FINNIFTY02JAN2420700CE.NFO,02/01/2024,14:21:34,651.1,647.85,120,650.55,200,0,880
FINNIFTY02JAN2420700CE.NFO,02/01/2024,14:21:36,651.1,647.95,40,650.55,120,0,880
FINNIFTY02JAN2420700CE.NFO,02/01/2024,14:21:37,651.1,648.6,40,651.25,200,0,880
FINNIFTY02JAN2420700CE.NFO,02/01/2024,14:21:39,651.1,648.2,80,650.75,120,0,880
FINNIFTY02JAN2420700CE.NFO,02/01/2024,14:21:41,651.1,648.55,40,651.05,440,0,880
FINNIFTY02JAN2420700CE.NFO,02/01/2024,14:21:42,651.1,648.85,40,690.4,120,0,880
FINNIFTY02JAN2420700CE.NFO,02/01/2024,14:21:44,651.1,649.15,40,683.25,120,0,880
FINNIFTY02JAN2420700CE.NFO,02/01/2024,14:21:46,651.1,649.25,80,675.3,200,0,880
FINNIFTY02JAN2420700CE.NFO,02/01/2024,14:21:47,651.1,648.95,40,666.4,120,0,880
FINNIFTY02JAN2420700CE.NFO,02/01/2024,14:21:49,651.1,649.25,80,658.05,80,0,880
FINNIFTY02JAN2420700CE.NFO,02/01/2024,14:21:51,651.1,649.8,160,652.35,120,0,880
FINNIFTY02JAN2420700CE.NFO,02/01/2024,14:21:52,651.1,649.9,40,652.6,120,0,880
FINNIFTY02JAN2420700CE.NFO,02/01/2024,14:21:54,651.1,650.65,480,653.45,200,0,880
FINNIFTY02JAN2420700CE.NFO,02/01/2024,14:21:56,651.1,649.85,40,652.6,120,0,880
FINNIFTY02JAN2420700CE.NFO,02/01/2024,14:21:57,651.1,649.6,40,652.15,200,0,880
FINNIFTY02JAN2420700CE.NFO,02/01/2024,14:21:59,651.1,649.8,40,652.35,200,0,880
FINNIFTY02JAN2420700CE.NFO,02/01/2024,14:22:01,651.1,650.15,80,652.7,120,0,880
FINNIFTY02JAN2420700CE.NFO,02/01/2024,14:22:02,651.1,650.25,40,652.75,200,0,880
FINNIFTY02JAN2420700CE.NFO,02/01/2024,14:22:04,651.1,650.65,40,653.2,120,0,880
FINNIFTY02JAN2420700CE.NFO,02/01/2024,14:22:06,651.1,650.65,40,689.7,480,0,880
FINNIFTY02JAN2420700CE.NFO,02/01/2024,14:22:07,651.1,650.65,40,680.95,40,0,880
FINNIFTY02JAN2420700CE.NFO,02/01/2024,14:22:09,651.1,649.8,40,672.65,200,0,880
FINNIFTY02JAN2420700CE.NFO,02/01/2024,14:22:11,651.1,650.3,40,663.3,40,0,880
FINNIFTY02JAN2420700CE.NFO,02/01/2024,14:22:12,651.1,650.45,40,653.35,480,0,880
FINNIFTY02JAN2420700CE.NFO,02/01/2024,14:22:14,651.1,649.9,40,652.45,120,0,880
FINNIFTY02JAN2420700CE.NFO,02/01/2024,14:22:16,651.1,650.25,40,652.75,320,0,880
FINNIFTY02JAN2420700CE.NFO,02/01/2024,14:22:17,651.1,649.95,40,652.55,160,0,880
FINNIFTY02JAN2420700CE.NFO,02/01/2024,14:22:19,651.1,649.95,40,652.4,40,0,880
FINNIFTY02JAN2420700CE.NFO,02/01/2024,14:22:21,651.1,649.65,40,652.2,160,0,880
FINNIFTY02JAN2420700CE.NFO,02/01/2024,14:22:22,651.1,648.6,40,651.05,120,0,880
FINNIFTY02JAN2420700CE.NFO,02/01/2024,14:22:24,651.1,649.4,40,651.95,120,0,880
FINNIFTY02JAN2420700CE.NFO,02/01/2024,14:22:26,651.1,648.9,40,651.4,120,0,880
FINNIFTY02JAN2420700CE.NFO,02/01/2024,14:22:27,651.1,649,40,651.7,2720,0,880
FINNIFTY02JAN2420700CE.NFO,02/01/2024,14:22:29,651.1,649.35,40,651.8,720,0,880
FINNIFTY02JAN2420700CE.NFO,02/01/2024,14:22:31,651.1,648.95,40,651.45,600,0,880
FINNIFTY02JAN2420700CE.NFO,02/01/2024,14:22:32,651.1,648.4,40,650.9,120,0,880
FINNIFTY02JAN2420700CE.NFO,02/01/2024,14:22:34,651.1,648.55,120,651.35,1080,0,880
FINNIFTY02JAN2420700CE.NFO,02/01/2024,14:22:36,651.1,648.7,40,651.15,120,0,880
FINNIFTY02JAN2420700CE.NFO,02/01/2024,14:22:37,651.1,648.7,40,651.35,400,0,880
FINNIFTY02JAN2420700CE.NFO,02/01/2024,14:22:39,651.1,647.75,40,650.3,120,0,880
FINNIFTY02JAN2420700CE.NFO,02/01/2024,14:22:41,651.1,627.7,200,648.3,880,0,880
FINNIFTY02JAN2420700CE.NFO,02/01/2024,14:22:42,651.1,629.85,240,647.4,120,0,880
FINNIFTY02JAN2420700CE.NFO,02/01/2024,14:22:44,651.1,632.5,40,646.9,360,0,880
FINNIFTY02JAN2420700CE.NFO,02/01/2024,14:22:46,651.1,634.7,40,645.45,120,0,880
FINNIFTY02JAN2420700CE.NFO,02/01/2024,14:22:47,651.1,637.75,160,645.35,40,0,880
FINNIFTY02JAN2420700CE.NFO,02/01/2024,14:22:49,651.1,641.7,40,648.5,40,0,880
FINNIFTY02JAN2420700CE.NFO,02/01/2024,14:22:51,651.1,642.9,40,645.55,200,0,880
FINNIFTY02JAN2420700CE.NFO,02/01/2024,14:22:52,651.1,626.75,480,644.95,160,0,880
FINNIFTY02JAN2420700CE.NFO,02/01/2024,14:22:54,651.1,631.25,120,645.45,120,0,880
FINNIFTY02JAN2420700CE.NFO,02/01/2024,14:22:56,651.1,636.75,120,646.15,560,0,880
FINNIFTY02JAN2420700CE.NFO,02/01/2024,14:22:57,651.1,641.3,200,646.8,80,0,880
FINNIFTY02JAN2420700CE.NFO,02/01/2024,14:22:59,651.1,644.25,40,647.1,200,0,880
FINNIFTY02JAN2420700CE.NFO,02/01/2024,14:23:01,651.1,643.8,600,646.6,200,0,880
FINNIFTY02JAN2420700CE.NFO,02/01/2024,14:23:02,651.1,643.6,40,646.65,160,0,880
FINNIFTY02JAN2420700CE.NFO,02/01/2024,14:23:04,651.1,643.1,40,645.7,120,0,880
FINNIFTY02JAN2420700CE.NFO,02/01/2024,14:23:06,651.1,644.45,40,647.3,200,0,880
FINNIFTY02JAN2420700CE.NFO,02/01/2024,14:23:07,651.1,644.95,40,676.35,80,0,880
FINNIFTY02JAN2420700CE.NFO,02/01/2024,14:23:09,651.1,644.8,240,670.05,360,0,880
FINNIFTY02JAN2420700CE.NFO,02/01/2024,14:23:11,651.1,643.55,40,663.3,200,0,880
FINNIFTY02JAN2420700CE.NFO,02/01/2024,14:23:12,651.1,643.95,40,656.2,200,0,880
FINNIFTY02JAN2420700CE.NFO,02/01/2024,14:23:14,651.1,644.3,40,648.1,160,0,880
FINNIFTY02JAN2420700CE.NFO,02/01/2024,14:23:16,651.1,645,120,647.75,120,0,880
FINNIFTY02JAN2420700CE.NFO,02/01/2024,14:23:17,651.1,644.95,40,647.7,200,0,880
FINNIFTY02JAN2420700CE.NFO,02/01/2024,14:23:19,651.1,645.1,40,647.7,120,0,880
FINNIFTY02JAN2420700CE.NFO,02/01/2024,14:23:21,651.1,646.25,40,677.75,200,0,880
FINNIFTY02JAN2420700CE.NFO,02/01/2024,14:23:22,651.1,646.4,40,672.1,40,0,880
FINNIFTY02JAN2420700CE.NFO,02/01/2024,14:23:24,651.1,646.25,40,665.5,120,0,880
FINNIFTY02JAN2420700CE.NFO,02/01/2024,14:23:26,651.1,645.8,40,657.1,200,0,880
FINNIFTY02JAN2420700CE.NFO,02/01/2024,14:23:27,651.1,646,40,649.1,120,0,880
FINNIFTY02JAN2420700CE.NFO,02/01/2024,14:23:29,651.1,645.45,40,647.95,80,0,880
FINNIFTY02JAN2420700CE.NFO,02/01/2024,14:23:30,651.1,645.95,160,647.75,120,0,880
FINNIFTY02JAN2420700CE.NFO,02/01/2024,14:23:32,651.1,646,40,647.7,200,0,880
FINNIFTY02JAN2420700CE.NFO,02/01/2024,14:23:34,651.1,646.2,40,648.6,200,0,880
FINNIFTY02JAN2420700CE.NFO,02/01/2024,14:23:35,651.1,646.3,40,649,160,0,880
FINNIFTY02JAN2420700CE.NFO,02/01/2024,14:23:37,651.1,646.95,40,680.7,80,0,880
FINNIFTY02JAN2420700CE.NFO,02/01/2024,14:23:39,651.1,647.6,40,673.2,120,0,880
FINNIFTY02JAN2420700CE.NFO,02/01/2024,14:23:40,651.1,647.3,40,667.3,40,0,880
FINNIFTY02JAN2420700CE.NFO,02/01/2024,14:23:42,651.1,647.8,40,660.4,360,0,880
FINNIFTY02JAN2420700CE.NFO,02/01/2024,14:23:44,651.1,648.2,640,652.6,40,0,880
FINNIFTY02JAN2420700CE.NFO,02/01/2024,14:23:45,651.1,648.95,40,651.5,240,0,880
FINNIFTY02JAN2420700CE.NFO,02/01/2024,14:23:47,651.1,648.7,40,651.1,120,0,880
FINNIFTY02JAN2420700CE.NFO,02/01/2024,14:23:49,651.1,648.35,120,650.75,120,0,880
FINNIFTY02JAN2420700CE.NFO,02/01/2024,14:23:50,651.1,648.65,240,651.25,120,0,880
FINNIFTY02JAN2420700CE.NFO,02/01/2024,14:23:52,651.1,648.05,40,650.5,120,0,880
FINNIFTY02JAN2420700CE.NFO,02/01/2024,14:23:54,651.1,648.45,40,651.7,160,0,880
FINNIFTY02JAN2420700CE.NFO,02/01/2024,14:23:55,651.1,648,160,649.5,200,0,880
FINNIFTY02JAN2420700CE.NFO,02/01/2024,14:23:57,651.1,648,160,649.35,80,0,880
FINNIFTY02JAN2420700CE.NFO,02/01/2024,14:23:59,651.1,648.05,40,650.6,3880,0,880
FINNIFTY02JAN2420700CE.NFO,02/01/2024,14:24:00,651.1,648.05,40,649.85,120,0,880
FINNIFTY02JAN2420700CE.NFO,02/01/2024,14:24:02,651.1,648,160,649.4,280,0,880
FINNIFTY02JAN2420700CE.NFO,02/01/2024,14:24:04,651.1,647.7,40,654.35,800,0,880
FINNIFTY02JAN2420700CE.NFO,02/01/2024,14:24:05,651.1,647.8,80,650.25,120,0,880
FINNIFTY02JAN2420700CE.NFO,02/01/2024,14:24:07,651.1,647.65,40,650.2,960,0,880
FINNIFTY02JAN2420700CE.NFO,02/01/2024,14:24:09,651.1,647.4,40,649.75,80,0,880
FINNIFTY02JAN2420700CE.NFO,02/01/2024,14:24:10,651.1,647.15,40,649.65,80,0,880
FINNIFTY02JAN2420700CE.NFO,02/01/2024,14:24:12,651.1,647.7,40,650.1,520,0,880
FINNIFTY02JAN2420700CE.NFO,02/01/2024,14:24:14,651.1,647.7,40,650.25,120,0,880
FINNIFTY02JAN2420700CE.NFO,02/01/2024,14:24:17,651.1,647.65,40,650.3,200,0,880
FINNIFTY02JAN2420700CE.NFO,02/01/2024,14:24:19,651.1,648.1,120,650.45,200,0,880
FINNIFTY02JAN2420700CE.NFO,02/01/2024,14:24:20,651.1,648.25,120,650.85,80,0,880
FINNIFTY02JAN2420700CE.NFO,02/01/2024,14:24:22,651.1,648.25,80,650.65,80,0,880
FINNIFTY02JAN2420700CE.NFO,02/01/2024,14:24:24,651.1,648.1,40,650.4,200,0,880
FINNIFTY02JAN2420700CE.NFO,02/01/2024,14:24:25,651.1,647.8,40,650.15,120,0,880
FINNIFTY02JAN2420700CE.NFO,02/01/2024,14:24:27,651.1,646.95,40,649.5,400,0,880
FINNIFTY02JAN2420700CE.NFO,02/01/2024,14:24:29,651.1,647.35,40,649.85,320,0,880
FINNIFTY02JAN2420700CE.NFO,02/01/2024,14:24:31,651.1,647.35,40,649.75,320,0,880
FINNIFTY02JAN2420700CE.NFO,02/01/2024,14:24:32,651.1,647.15,40,649.55,120,0,880
FINNIFTY02JAN2420700CE.NFO,02/01/2024,14:24:34,651.1,647.35,40,649.9,120,0,880
FINNIFTY02JAN2420700CE.NFO,02/01/2024,14:24:36,651.1,647.1,40,649.4,120,0,880
FINNIFTY02JAN2420700CE.NFO,02/01/2024,14:24:37,651.1,647.05,40,649.5,120,0,880
FINNIFTY02JAN2420700CE.NFO,02/01/2024,14:24:39,651.1,646.7,80,649.1,200,0,880
FINNIFTY02JAN2420700CE.NFO,02/01/2024,14:24:41,651.1,646.65,40,649.1,200,0,880
FINNIFTY02JAN2420700CE.NFO,02/01/2024,14:24:42,651.1,646.65,40,649,120,0,880
FINNIFTY02JAN2420700CE.NFO,02/01/2024,14:24:44,651.1,647.3,40,649.65,400,0,880
FINNIFTY02JAN2420700CE.NFO,02/01/2024,14:24:46,651.1,647.5,40,650.05,120,0,880
FINNIFTY02JAN2420700CE.NFO,02/01/2024,14:24:47,651.1,647.4,40,649.9,200,0,880
FINNIFTY02JAN2420700CE.NFO,02/01/2024,14:24:49,651.1,647.7,40,650.05,240,0,880
FINNIFTY02JAN2420700CE.NFO,02/01/2024,14:24:51,651.1,647.9,40,650.3,120,0,880
FINNIFTY02JAN2420700CE.NFO,02/01/2024,14:24:52,651.1,648.2,40,650,200,0,880
FINNIFTY02JAN2420700CE.NFO,02/01/2024,14:24:54,651.1,648.2,40,649.95,120,0,880
FINNIFTY02JAN2420700CE.NFO,02/01/2024,14:24:56,651.1,648.55,160,650,200,0,880
FINNIFTY02JAN2420700CE.NFO,02/01/2024,14:24:57,651.1,648.55,160,650.1,120,0,880
FINNIFTY02JAN2420700CE.NFO,02/01/2024,14:24:59,651.1,648.55,160,650.25,400,0,880
FINNIFTY02JAN2420700CE.NFO,02/01/2024,14:25:01,651.1,648.6,40,650.75,80,0,880
FINNIFTY02JAN2420700CE.NFO,02/01/2024,14:25:02,651.1,648.6,40,650.7,80,0,880
FINNIFTY02JAN2420700CE.NFO,02/01/2024,14:25:04,651.1,649.4,40,677.9,120,0,880
FINNIFTY02JAN2420700CE.NFO,02/01/2024,14:25:06,651.1,648.85,360,670.15,160,0,880
FINNIFTY02JAN2420700CE.NFO,02/01/2024,14:25:07,651.1,648.6,40,663.1,80,0,880
FINNIFTY02JAN2420700CE.NFO,02/01/2024,14:25:09,651.1,648.6,40,653.6,40,0,880
FINNIFTY02JAN2420700CE.NFO,02/01/2024,14:25:11,651.1,648.55,160,650.1,200,0,880
FINNIFTY02JAN2420700CE.NFO,02/01/2024,14:25:12,651.1,648.6,40,650.9,3920,0,880
FINNIFTY02JAN2420700CE.NFO,02/01/2024,14:25:14,651.1,648.6,40,650.45,80,0,880
FINNIFTY02JAN2420700CE.NFO,02/01/2024,14:25:16,651.1,648.55,160,650.2,80,0,880
FINNIFTY02JAN2420700CE.NFO,02/01/2024,14:25:17,651.1,649.05,160,650.5,840,0,880
FINNIFTY02JAN2420700CE.NFO,02/01/2024,14:25:19,651.1,649.05,160,650.5,200,0,880
FINNIFTY02JAN2420700CE.NFO,02/01/2024,14:25:21,651.1,649.05,160,650.6,120,0,880
FINNIFTY02JAN2420700CE.NFO,02/01/2024,14:25:23,651.1,649.1,40,651.15,480,0,880
FINNIFTY02JAN2420700CE.NFO,02/01/2024,14:25:24,651.1,649.1,40,651.15,120,0,880
FINNIFTY02JAN2420700CE.NFO,02/01/2024,14:25:26,651.1,649.1,40,651.1,80,0,880
FINNIFTY02JAN2420700CE.NFO,02/01/2024,14:25:28,651.1,649.2,160,650.9,480,0,880
FINNIFTY02JAN2420700CE.NFO,02/01/2024,14:25:29,651.1,649.2,160,650.6,80,0,880
FINNIFTY02JAN2420700CE.NFO,02/01/2024,14:25:31,651.1,649.45,160,650.55,120,0,880
FINNIFTY02JAN2420700CE.NFO,02/01/2024,14:25:33,651.1,649.8,160,650.7,120,0,880
FINNIFTY02JAN2420700CE.NFO,02/01/2024,14:25:34,651.1,649.8,160,650.7,280,0,880
FINNIFTY02JAN2420700CE.NFO,02/01/2024,14:25:36,650.1,646.7,40,650.1,80,160,800
FINNIFTY02JAN2420700CE.NFO,02/01/2024,14:25:36,650.1,646.7,40,650.1,80,0,800
FINNIFTY02JAN2420700CE.NFO,02/01/2024,14:25:38,650.1,647.9,40,650.2,520,0,800
FINNIFTY02JAN2420700CE.NFO,02/01/2024,14:25:39,650.1,647.5,160,649.9,200,0,800
FINNIFTY02JAN2420700CE.NFO,02/01/2024,14:25:41,650.1,647.5,120,649.55,80,0,800
FINNIFTY02JAN2420700CE.NFO,02/01/2024,14:25:43,650.1,647.65,40,649.65,240,0,800
FINNIFTY02JAN2420700CE.NFO,02/01/2024,14:25:44,650.1,646.75,40,649.35,120,0,800
FINNIFTY02JAN2420700CE.NFO,02/01/2024,14:25:46,650.1,646.05,40,648.7,120,0,800
FINNIFTY02JAN2420700CE.NFO,02/01/2024,14:25:48,650.1,646.05,80,648.4,320,0,800
FINNIFTY02JAN2420700CE.NFO,02/01/2024,14:25:49,650.1,646.55,80,648.25,120,0,800
FINNIFTY02JAN2420700CE.NFO,02/01/2024,14:25:51,650.1,646.05,40,648.5,400,0,800
FINNIFTY02JAN2420700CE.NFO,02/01/2024,14:25:53,650.1,646.6,40,648.7,520,0,800
FINNIFTY02JAN2420700CE.NFO,02/01/2024,14:25:54,650.1,647.45,40,649.5,120,0,800
FINNIFTY02JAN2420700CE.NFO,02/01/2024,14:25:56,650.1,647.8,80,649.45,480,0,800
FINNIFTY02JAN2420700CE.NFO,02/01/2024,14:25:58,650.1,647.1,80,648.7,280,0,800
FINNIFTY02JAN2420700CE.NFO,02/01/2024,14:25:59,650.1,646.45,40,648.95,320,0,800
FINNIFTY02JAN2420700CE.NFO,02/01/2024,14:26:01,650.1,647.75,40,650.2,120,0,800
FINNIFTY02JAN2420700CE.NFO,02/01/2024,14:26:03,650.1,648.55,80,650.2,120,0,800
FINNIFTY02JAN2420700CE.NFO,02/01/2024,14:26:04,650.1,648.5,80,650.15,200,0,800
FINNIFTY02JAN2420700CE.NFO,02/01/2024,14:26:06,650.1,648.3,40,650.1,200,0,800
FINNIFTY02JAN2420700CE.NFO,02/01/2024,14:26:08,650.1,647.85,40,650.15,200,0,800
FINNIFTY02JAN2420700CE.NFO,02/01/2024,14:26:09,650.1,648.35,40,650.15,200,0,800
FINNIFTY02JAN2420700CE.NFO,02/01/2024,14:26:13,650.1,648.1,40,650.2,320,0,800
FINNIFTY02JAN2420700CE.NFO,02/01/2024,14:26:14,650.1,648.3,40,650.05,80,0,800
FINNIFTY02JAN2420700CE.NFO,02/01/2024,14:26:16,650.1,648.35,80,650,120,0,800
FINNIFTY02JAN2420700CE.NFO,02/01/2024,14:26:18,650.1,648.2,40,650.2,1120,0,800
FINNIFTY02JAN2420700CE.NFO,02/01/2024,14:26:19,650.1,648.05,40,649.95,200,0,800
FINNIFTY02JAN2420700CE.NFO,02/01/2024,14:26:21,650.1,647.3,120,649.55,120,0,800
FINNIFTY02JAN2420700CE.NFO,02/01/2024,14:26:23,650.1,646.8,40,649.05,120,0,800
FINNIFTY02JAN2420700CE.NFO,02/01/2024,14:26:24,650.1,647.65,80,649.45,200,0,800
FINNIFTY02JAN2420700CE.NFO,02/01/2024,14:26:26,650.1,646.7,80,649.05,40,0,800
FINNIFTY02JAN2420700CE.NFO,02/01/2024,14:26:28,650.1,645.55,360,648.25,200,0,800
FINNIFTY02JAN2420700CE.NFO,02/01/2024,14:26:29,650.1,646.6,40,648.3,200,0,800
FINNIFTY02JAN2420700CE.NFO,02/01/2024,14:26:31,650.1,646.55,40,648.55,200,0,800
FINNIFTY02JAN2420700CE.NFO,02/01/2024,14:26:33,650.1,645.7,40,647.7,120,0,800
FINNIFTY02JAN2420700CE.NFO,02/01/2024,14:26:34,650.1,645.5,40,648.1,200,0,800
FINNIFTY02JAN2420700CE.NFO,02/01/2024,14:26:36,650.1,645.6,400,648.25,120,0,800
FINNIFTY02JAN2420700CE.NFO,02/01/2024,14:26:38,650.1,646.3,80,648.15,400,0,800
FINNIFTY02JAN2420700CE.NFO,02/01/2024,14:26:39,650.1,645.7,40,647.85,200,0,800
FINNIFTY02JAN2420700CE.NFO,02/01/2024,14:26:41,650.1,645.45,40,647.85,120,0,800
FINNIFTY02JAN2420700CE.NFO,02/01/2024,14:26:43,650.1,646,80,647.65,200,0,800
FINNIFTY02JAN2420700CE.NFO,02/01/2024,14:26:44,650.1,645.45,40,647.45,40,0,800
FINNIFTY02JAN2420700CE.NFO,02/01/2024,14:26:46,650.1,645.7,40,647.8,120,0,800
FINNIFTY02JAN2420700CE.NFO,02/01/2024,14:26:48,650.1,646.75,40,648.6,200,0,800
FINNIFTY02JAN2420700CE.NFO,02/01/2024,14:26:49,650.1,646.45,40,648.65,120,0,800
FINNIFTY02JAN2420700CE.NFO,02/01/2024,14:26:51,650.1,645.8,120,647.95,280,0,800
FINNIFTY02JAN2420700CE.NFO,02/01/2024,14:26:53,650.1,645.8,40,648.1,280,0,800
FINNIFTY02JAN2420700CE.NFO,02/01/2024,14:26:54,650.1,646.4,40,648.6,120,0,800
FINNIFTY02JAN2420700CE.NFO,02/01/2024,14:26:56,650.1,646.85,80,648.5,200,0,800
FINNIFTY02JAN2420700CE.NFO,02/01/2024,14:26:58,650.1,646.85,40,648.7,520,0,800
FINNIFTY02JAN2420700CE.NFO,02/01/2024,14:26:59,650.1,647.65,40,649.65,120,0,800
FINNIFTY02JAN2420700CE.NFO,02/01/2024,14:27:01,650.1,647.6,40,649.45,120,0,800
FINNIFTY02JAN2420700CE.NFO,02/01/2024,14:27:03,650.1,647.15,40,649.2,120,0,800
FINNIFTY02JAN2420700CE.NFO,02/01/2024,14:27:04,650.1,647.7,80,649.45,400,0,800
FINNIFTY02JAN2420700CE.NFO,02/01/2024,14:27:06,650.1,647.65,40,649.85,200,0,800
FINNIFTY02JAN2420700CE.NFO,02/01/2024,14:27:08,650.1,647,120,648.95,80,0,800
FINNIFTY02JAN2420700CE.NFO,02/01/2024,14:27:09,650.1,647,120,649.1,200,0,800
FINNIFTY02JAN2420700CE.NFO,02/01/2024,14:27:13,650.1,647,120,649.05,200,0,800
FINNIFTY02JAN2420700CE.NFO,02/01/2024,14:27:14,650.1,647.25,40,649.75,80,0,800
FINNIFTY02JAN2420700CE.NFO,02/01/2024,14:27:16,650.1,647.8,80,649.5,200,0,800
FINNIFTY02JAN2420700CE.NFO,02/01/2024,14:27:18,650.1,648,80,649.6,120,0,800
FINNIFTY02JAN2420700CE.NFO,02/01/2024,14:27:19,650.1,647.25,40,649.8,120,0,800
FINNIFTY02JAN2420700CE.NFO,02/01/2024,14:27:21,650.1,647.95,40,649.7,120,0,800
FINNIFTY02JAN2420700CE.NFO,02/01/2024,14:27:23,650.1,647.6,80,649.35,200,0,800
FINNIFTY02JAN2420700CE.NFO,02/01/2024,14:27:24,650.1,646.85,40,649.15,200,0,800
FINNIFTY02JAN2420700CE.NFO,02/01/2024,14:27:26,650.1,646.4,40,648.9,200,0,800
FINNIFTY02JAN2420700CE.NFO,02/01/2024,14:27:28,650.1,647.3,40,648.95,200,0,800
FINNIFTY02JAN2420700CE.NFO,02/01/2024,14:27:29,650.1,647.6,40,649.65,360,0,800
FINNIFTY02JAN2420700CE.NFO,02/01/2024,14:27:31,650.1,647.1,200,649.55,80,0,800
FINNIFTY02JAN2420700CE.NFO,02/01/2024,14:27:33,650.1,647.8,80,649.4,120,0,800
FINNIFTY02JAN2420700CE.NFO,02/01/2024,14:27:34,650.1,646.95,80,649.4,120,0,800
FINNIFTY02JAN2420700CE.NFO,02/01/2024,14:27:36,650.1,647.7,80,649.3,120,0,800
FINNIFTY02JAN2420700CE.NFO,02/01/2024,14:27:38,650.1,647.9,40,649.75,120,0,800
FINNIFTY02JAN2420700CE.NFO,02/01/2024,14:27:39,650.1,648.3,40,650,520,0,800
FINNIFTY02JAN2420700CE.NFO,02/01/2024,14:27:41,650.1,648.05,40,649.95,200,0,800
FINNIFTY02JAN2420700CE.NFO,02/01/2024,14:27:43,650.1,647.65,120,649.95,200,0,800
FINNIFTY02JAN2420700CE.NFO,02/01/2024,14:27:44,650.1,648.2,40,650.05,240,0,800
FINNIFTY02JAN2420700CE.NFO,02/01/2024,14:27:46,650.1,647.7,40,650,200,0,800
FINNIFTY02JAN2420700CE.NFO,02/01/2024,14:27:48,650.1,647.1,40,649.25,120,0,800
FINNIFTY02JAN2420700CE.NFO,02/01/2024,14:27:49,650.1,647.8,40,649.6,200,0,800
FINNIFTY02JAN2420700CE.NFO,02/01/2024,14:27:51,650.1,647.5,40,649.35,200,0,800
FINNIFTY02JAN2420700CE.NFO,02/01/2024,14:27:53,650.1,648,40,649.8,1320,0,800
FINNIFTY02JAN2420700CE.NFO,02/01/2024,14:27:54,650.1,647.15,40,649.4,120,0,800
FINNIFTY02JAN2420700CE.NFO,02/01/2024,14:27:56,650.1,648.05,40,649.85,120,0,800
FINNIFTY02JAN2420700CE.NFO,02/01/2024,14:27:58,650.1,648.65,40,650.45,200,0,800
FINNIFTY02JAN2420700CE.NFO,02/01/2024,14:27:59,650.1,648.2,80,650.6,520,0,800
FINNIFTY02JAN2420700CE.NFO,02/01/2024,14:28:03,650.1,648.35,80,650.2,400,0,800
FINNIFTY02JAN2420700CE.NFO,02/01/2024,14:28:04,650.1,647.65,40,650.15,160,0,800
FINNIFTY02JAN2420700CE.NFO,02/01/2024,14:28:06,650.1,647.2,40,649.3,200,0,800
FINNIFTY02JAN2420700CE.NFO,02/01/2024,14:28:08,650.1,646.9,40,649.2,400,0,800
FINNIFTY02JAN2420700CE.NFO,02/01/2024,14:28:09,650.1,647.2,40,649.1,240,0,800
FINNIFTY02JAN2420700CE.NFO,02/01/2024,14:28:11,650.1,646.95,40,649.45,200,0,800
FINNIFTY02JAN2420700CE.NFO,02/01/2024,14:28:13,650.1,647.85,40,649.6,520,0,800
FINNIFTY02JAN2420700CE.NFO,02/01/2024,14:28:14,650.1,647.5,80,649.1,120,0,800
FINNIFTY02JAN2420700CE.NFO,02/01/2024,14:28:16,650.1,647,40,649.4,440,0,800
FINNIFTY02JAN2420700CE.NFO,02/01/2024,14:28:18,650.1,647.65,80,649.6,520,0,800
FINNIFTY02JAN2420700CE.NFO,02/01/2024,14:28:19,650.1,647.7,40,649.45,120,0,800
FINNIFTY02JAN2420700CE.NFO,02/01/2024,14:28:21,650.1,647.15,40,649.25,200,0,800
FINNIFTY02JAN2420700CE.NFO,02/01/2024,14:28:23,650.1,647.55,40,649.25,600,0,800
FINNIFTY02JAN2420700CE.NFO,02/01/2024,14:28:24,650.1,647.25,40,649.05,120,0,800
FINNIFTY02JAN2420700CE.NFO,02/01/2024,14:28:28,650.1,647.65,80,649.3,200,0,800
FINNIFTY02JAN2420700CE.NFO,02/01/2024,14:28:29,650.1,647.1,40,649,120,0,800
FINNIFTY02JAN2420700CE.NFO,02/01/2024,14:28:32,650.1,646.6,120,648.9,200,0,800
FINNIFTY02JAN2420700CE.NFO,02/01/2024,14:28:33,650.1,647,40,649.15,120,0,800
FINNIFTY02JAN2420700CE.NFO,02/01/2024,14:28:35,650.1,647.7,40,649.4,120,0,800
FINNIFTY02JAN2420700CE.NFO,02/01/2024,14:28:37,650.1,647.15,40,649.3,120,0,800
FINNIFTY02JAN2420700CE.NFO,02/01/2024,14:28:38,650.1,646.95,40,649.4,120,0,800
FINNIFTY02JAN2420700CE.NFO,02/01/2024,14:28:40,650.1,648.15,40,649.6,520,0,800
FINNIFTY02JAN2420700CE.NFO,02/01/2024,14:28:42,650.1,648.35,40,650.5,200,0,800
FINNIFTY02JAN2420700CE.NFO,02/01/2024,14:28:43,650.1,648.65,40,650.4,120,0,800
FINNIFTY02JAN2420700CE.NFO,02/01/2024,14:28:45,650.1,648.7,80,650.25,80,0,800
FINNIFTY02JAN2420700CE.NFO,02/01/2024,14:28:47,650.1,648.65,40,650.45,200,0,800
FINNIFTY02JAN2420700CE.NFO,02/01/2024,14:28:48,650.1,648.2,40,650.2,200,0,800
FINNIFTY02JAN2420700CE.NFO,02/01/2024,14:28:50,650.1,648.65,80,650.25,120,0,800
FINNIFTY02JAN2420700CE.NFO,02/01/2024,14:28:52,650.1,648.3,80,650.5,120,0,800
FINNIFTY02JAN2420700CE.NFO,02/01/2024,14:28:53,650.1,648.75,40,650.6,120,0,800
FINNIFTY02JAN2420700CE.NFO,02/01/2024,14:28:55,650.1,648.3,40,650.65,120,0,800
FINNIFTY02JAN2420700CE.NFO,02/01/2024,14:28:56,650.1,648.65,80,650.35,120,0,800
FINNIFTY02JAN2420700CE.NFO,02/01/2024,14:28:58,650.1,648.15,80,650.7,40,0,800
FINNIFTY02JAN2420700CE.NFO,02/01/2024,14:29:00,650.1,648.9,120,651.2,520,0,800
FINNIFTY02JAN2420700CE.NFO,02/01/2024,14:29:01,650.1,649.3,80,651.15,480,0,800
FINNIFTY02JAN2420700CE.NFO,02/01/2024,14:29:03,650.1,648.75,40,651.15,40,0,800
FINNIFTY02JAN2420700CE.NFO,02/01/2024,14:29:05,650.1,649.2,80,651.2,520,0,800
FINNIFTY02JAN2420700CE.NFO,02/01/2024,14:29:06,650.1,649.75,40,652.15,120,0,800
FINNIFTY02JAN2420700CE.NFO,02/01/2024,14:29:08,650.1,650.2,40,653,360,0,800
FINNIFTY02JAN2420700CE.NFO,02/01/2024,14:29:10,650.1,650.1,80,652.3,120,0,800
FINNIFTY02JAN2420700CE.NFO,02/01/2024,14:29:11,650.1,648.95,160,651.75,480,0,800
FINNIFTY02JAN2420700CE.NFO,02/01/2024,14:29:13,650.1,649.8,40,652.45,160,0,800
FINNIFTY02JAN2420700CE.NFO,02/01/2024,14:29:15,650.1,650.4,40,652.35,120,0,800
FINNIFTY02JAN2420700CE.NFO,02/01/2024,14:29:16,650.1,649.6,40,652.1,120,0,800
FINNIFTY02JAN2420700CE.NFO,02/01/2024,14:29:18,650.1,650.3,240,653.35,120,0,800
FINNIFTY02JAN2420700CE.NFO,02/01/2024,14:29:20,650.1,651,80,652.95,80,0,800
FINNIFTY02JAN2420700CE.NFO,02/01/2024,14:29:21,650.1,651.35,40,653.25,200,0,800
FINNIFTY02JAN2420700CE.NFO,02/01/2024,14:29:23,650.1,650.4,80,653.15,520,0,800
FINNIFTY02JAN2420700CE.NFO,02/01/2024,14:29:25,650.1,650.5,120,653.05,720,0,800
FINNIFTY02JAN2420700CE.NFO,02/01/2024,14:29:26,650.1,650.85,40,652.65,200,0,800
FINNIFTY02JAN2420700CE.NFO,02/01/2024,14:29:28,650.1,650.55,40,653,720,0,800
FINNIFTY02JAN2420700CE.NFO,02/01/2024,14:29:30,650.1,651.45,40,653.15,520,0,800
FINNIFTY02JAN2420700CE.NFO,02/01/2024,14:29:31,650.1,651.2,40,653.15,520,0,800
FINNIFTY02JAN2420700CE.NFO,02/01/2024,14:29:33,650.1,651.9,40,653.9,200,0,800
FINNIFTY02JAN2420700CE.NFO,02/01/2024,14:29:35,650.1,650.85,40,654,200,0,800
FINNIFTY02JAN2420700CE.NFO,02/01/2024,14:29:36,650.1,651.6,40,654,120,0,800
FINNIFTY02JAN2420700CE.NFO,02/01/2024,14:29:38,650.1,651.1,40,653.65,200,0,800
FINNIFTY02JAN2420700CE.NFO,02/01/2024,14:29:39,650.1,651.15,40,653,200,0,800
FINNIFTY02JAN2420700CE.NFO,02/01/2024,14:29:41,650.1,650.3,40,652.8,120,0,800
FINNIFTY02JAN2420700CE.NFO,02/01/2024,14:29:43,650.1,651.1,40,654,4000,0,800
FINNIFTY02JAN2420700CE.NFO,02/01/2024,14:29:45,650.1,651.5,40,653.8,120,0,800
FINNIFTY02JAN2420700CE.NFO,02/01/2024,14:29:46,650.1,652.45,40,654.85,120,0,800
FINNIFTY02JAN2420700CE.NFO,02/01/2024,14:29:48,650.1,653.15,40,655.15,480,0,800
FINNIFTY02JAN2420700CE.NFO,02/01/2024,14:29:50,650.1,652.2,80,654.75,120,0,800
FINNIFTY02JAN2420700CE.NFO,02/01/2024,14:29:51,650.1,652.8,40,655.2,120,0,800
FINNIFTY02JAN2420700CE.NFO,02/01/2024,14:29:53,650.1,652.9,40,655.65,520,0,800
FINNIFTY02JAN2420700CE.NFO,02/01/2024,14:29:55,650.1,651.85,40,654.45,1000,0,800
FINNIFTY02JAN2420700CE.NFO,02/01/2024,14:29:56,650.1,652.45,40,654.85,160,0,800
FINNIFTY02JAN2420700CE.NFO,02/01/2024,14:29:58,650.1,652.95,40,655.05,120,0,800
FINNIFTY02JAN2420700CE.NFO,02/01/2024,14:30:00,650.1,653.4,80,655.35,200,0,800
FINNIFTY02JAN2420700CE.NFO,02/01/2024,14:30:01,650.1,652.8,40,655.65,520,0,800
FINNIFTY02JAN2420700CE.NFO,02/01/2024,14:30:03,650.1,653.95,40,657.2,3880,0,800
FINNIFTY02JAN2420700CE.NFO,02/01/2024,14:30:05,650.1,654.1,80,655.95,80,0,800
FINNIFTY02JAN2420700CE.NFO,02/01/2024,14:30:06,650.1,653.1,120,655.2,120,0,800
FINNIFTY02JAN2420700CE.NFO,02/01/2024,14:30:08,650.1,652.4,40,654.95,120,0,800
FINNIFTY02JAN2420700CE.NFO,02/01/2024,14:30:10,650.1,652.85,80,654.6,80,0,800
FINNIFTY02JAN2420700CE.NFO,02/01/2024,14:30:11,650.1,652.05,40,654.5,40,0,800
FINNIFTY02JAN2420700CE.NFO,02/01/2024,14:30:13,650.1,652.5,80,654.25,200,0,800
FINNIFTY02JAN2420700CE.NFO,02/01/2024,14:30:15,650.1,652,80,654.45,200,0,800
FINNIFTY02JAN2420700CE.NFO,02/01/2024,14:30:16,650.1,652.6,40,655.55,2160,0,800
FINNIFTY02JAN2420700CE.NFO,02/01/2024,14:30:18,650.1,653.05,80,654.75,40,0,800
FINNIFTY02JAN2420700CE.NFO,02/01/2024,14:30:20,650.1,652.65,40,654.7,200,0,800
FINNIFTY02JAN2420700CE.NFO,02/01/2024,14:30:21,650.1,653.2,40,655.25,80,0,800
FINNIFTY02JAN2420700CE.NFO,02/01/2024,14:30:23,650.1,653.95,40,656.65,200,0,800
FINNIFTY02JAN2420700CE.NFO,02/01/2024,14:30:25,650.1,654.15,40,656.2,920,0,800
FINNIFTY02JAN2420700CE.NFO,02/01/2024,14:30:26,650.1,653.75,40,656.4,40,0,800
FINNIFTY02JAN2420700CE.NFO,02/01/2024,14:30:28,650.1,654.55,40,656.45,1360,0,800
FINNIFTY02JAN2420700CE.NFO,02/01/2024,14:30:30,650.1,654.1,80,656.45,80,0,800
FINNIFTY02JAN2420700CE.NFO,02/01/2024,14:30:31,650.1,653.65,200,656.4,320,0,800
FINNIFTY02JAN2420700CE.NFO,02/01/2024,14:30:33,650.1,652.6,40,655.45,480,0,800
FINNIFTY02JAN2420700CE.NFO,02/01/2024,14:30:35,650.1,653.55,40,655.7,200,0,800
FINNIFTY02JAN2420700CE.NFO,02/01/2024,14:30:36,650.1,653.2,40,655.35,40,0,800
FINNIFTY02JAN2420700CE.NFO,02/01/2024,14:30:38,650.1,652.9,40,654.95,80,0,800
FINNIFTY02JAN2420700CE.NFO,02/01/2024,14:30:40,650.1,652,40,654.2,40,0,800
FINNIFTY02JAN2420700CE.NFO,02/01/2024,14:30:41,650.1,652.3,40,654.35,120,0,800
FINNIFTY02JAN2420700CE.NFO,02/01/2024,14:30:43,650.1,652.85,80,654.85,120,0,800
FINNIFTY02JAN2420700CE.NFO,02/01/2024,14:30:45,650.1,652.25,40,654.6,40,0,800
FINNIFTY02JAN2420700CE.NFO,02/01/2024,14:30:46,650.1,651.8,80,654.35,120,0,800
FINNIFTY02JAN2420700CE.NFO,02/01/2024,14:30:48,650.1,652.45,80,654.05,120,0,800
FINNIFTY02JAN2420700CE.NFO,02/01/2024,14:30:50,650.1,652,40,654,200,0,800
FINNIFTY02JAN2420700CE.NFO,02/01/2024,14:30:51,650.1,652.4,40,654.2,520,0,800
FINNIFTY02JAN2420700CE.NFO,02/01/2024,14:30:53,650.1,651.9,40,654.45,200,0,800
FINNIFTY02JAN2420700CE.NFO,02/01/2024,14:30:55,650.1,652,40,654.1,120,0,800
FINNIFTY02JAN2420700CE.NFO,02/01/2024,14:30:56,650.1,652.65,80,655.25,1200,0,800
FINNIFTY02JAN2420700CE.NFO,02/01/2024,14:30:58,650.1,652.3,40,654.8,40,0,800
FINNIFTY02JAN2420700CE.NFO,02/01/2024,14:31:00,650.1,652.65,80,654.6,40,0,800
FINNIFTY02JAN2420700CE.NFO,02/01/2024,14:31:01,650.1,652.1,40,654.35,40,0,800
FINNIFTY02JAN2420700CE.NFO,02/01/2024,14:31:03,650.1,651.85,80,654.35,200,0,800
FINNIFTY02JAN2420700CE.NFO,02/01/2024,14:31:05,650.1,652.55,80,654.25,40,0,800
FINNIFTY02JAN2420700CE.NFO,02/01/2024,14:31:06,650.1,652.2,40,654.3,120,0,800
FINNIFTY02JAN2420700CE.NFO,02/01/2024,14:31:08,650.1,651.95,160,654.45,320,0,800
FINNIFTY02JAN2420700CE.NFO,02/01/2024,14:31:10,650.1,652.6,80,654.3,280,0,800
FINNIFTY02JAN2420700CE.NFO,02/01/2024,14:31:11,650.1,652.2,40,654.15,240,0,800
FINNIFTY02JAN2420700CE.NFO,02/01/2024,14:31:13,650.1,652.1,40,654.05,280,0,800
FINNIFTY02JAN2420700CE.NFO,02/01/2024,14:31:15,650.1,652,40,653.85,40,0,800
FINNIFTY02JAN2420700CE.NFO,02/01/2024,14:31:16,650.1,652.35,80,653.85,40,0,800
FINNIFTY02JAN2420700CE.NFO,02/01/2024,14:31:18,650.1,652.45,80,653.85,40,0,800
FINNIFTY02JAN2420700CE.NFO,02/01/2024,14:31:20,650.1,651.8,120,653.85,40,0,800
FINNIFTY02JAN2420700CE.NFO,02/01/2024,14:31:23,650.1,652.2,40,654.45,40,0,800
FINNIFTY02JAN2420700CE.NFO,02/01/2024,14:31:25,650.1,652.65,80,654.25,40,0,800
FINNIFTY02JAN2420700CE.NFO,02/01/2024,14:31:26,650.1,652.25,40,654.15,40,0,800
FINNIFTY02JAN2420700CE.NFO,02/01/2024,14:31:28,650.1,652.95,40,654.7,200,0,800
FINNIFTY02JAN2420700CE.NFO,02/01/2024,14:31:29,650.1,653.25,40,655.3,520,0,800
FINNIFTY02JAN2420700CE.NFO,02/01/2024,14:31:31,650.1,652.5,40,655.25,40,0,800
FINNIFTY02JAN2420700CE.NFO,02/01/2024,14:31:33,650.1,653.35,80,655.25,40,0,800
FINNIFTY02JAN2420700CE.NFO,02/01/2024,14:31:35,650.1,653.95,80,655.65,40,0,800
FINNIFTY02JAN2420700CE.NFO,02/01/2024,14:31:36,650.1,653.65,40,655.5,40,0,800
FINNIFTY02JAN2420700CE.NFO,02/01/2024,14:31:38,650.1,653.5,40,656,40,0,800
FINNIFTY02JAN2420700CE.NFO,02/01/2024,14:31:40,650.1,653.1,40,655.25,280,0,800
FINNIFTY02JAN2420700CE.NFO,02/01/2024,14:31:41,650.1,652.5,40,655,40,0,800
FINNIFTY02JAN2420700CE.NFO,02/01/2024,14:31:43,650.1,653.7,40,655.6,200,0,800
FINNIFTY02JAN2420700CE.NFO,02/01/2024,14:31:45,650.1,653.1,40,655.15,40,0,800
FINNIFTY02JAN2420700CE.NFO,02/01/2024,14:31:46,650.1,652.85,40,655.15,40,0,800
FINNIFTY02JAN2420700CE.NFO,02/01/2024,14:31:48,650.1,652.15,400,654.6,120,0,800
FINNIFTY02JAN2420700CE.NFO,02/01/2024,14:31:50,650.1,652.15,120,654.4,40,0,800
FINNIFTY02JAN2420700CE.NFO,02/01/2024,14:31:51,650.1,650.65,40,653.65,200,0,800
FINNIFTY02JAN2420700CE.NFO,02/01/2024,14:31:53,650.1,652.05,80,653.6,40,0,800
FINNIFTY02JAN2420700CE.NFO,02/01/2024,14:31:55,650.1,650.35,40,653.1,200,0,800
FINNIFTY02JAN2420700CE.NFO,02/01/2024,14:31:56,650.1,650.75,40,652.75,40,0,800
FINNIFTY02JAN2420700CE.NFO,02/01/2024,14:31:58,650.1,650.5,40,653.25,40,0,800
FINNIFTY02JAN2420700CE.NFO,02/01/2024,14:32:00,650.1,651.7,40,653.25,40,0,800
FINNIFTY02JAN2420700CE.NFO,02/01/2024,14:32:01,650.1,651.45,40,653.15,40,0,800
FINNIFTY02JAN2420700CE.NFO,02/01/2024,14:32:03,650.1,649.7,40,652.6,120,0,800
FINNIFTY02JAN2420700CE.NFO,02/01/2024,14:32:05,650.1,648.3,40,651.15,680,0,800
FINNIFTY02JAN2420700CE.NFO,02/01/2024,14:32:06,650.1,648.3,240,650.85,40,0,800
FINNIFTY02JAN2420700CE.NFO,02/01/2024,14:32:08,650.1,647.75,40,650.8,40,0,800
FINNIFTY02JAN2420700CE.NFO,02/01/2024,14:32:10,650.1,647.15,600,649.7,40,0,800
FINNIFTY02JAN2420700CE.NFO,02/01/2024,14:32:11,650.1,646.05,40,649.15,360,0,800
FINNIFTY02JAN2420700CE.NFO,02/01/2024,14:32:13,650.1,645.05,40,647.7,40,0,800
FINNIFTY02JAN2420700CE.NFO,02/01/2024,14:32:15,650.1,646.1,40,648.3,40,0,800
FINNIFTY02JAN2420700CE.NFO,02/01/2024,14:32:16,650.1,645.9,120,649,320,0,800
FINNIFTY02JAN2420700CE.NFO,02/01/2024,14:32:18,650.1,646.75,40,649,40,0,800
FINNIFTY02JAN2420700CE.NFO,02/01/2024,14:32:20,650.1,647.3,80,649,40,0,800
FINNIFTY02JAN2420700CE.NFO,02/01/2024,14:32:21,650.1,647.05,40,649.25,40,0,800
FINNIFTY02JAN2420700CE.NFO,02/01/2024,14:32:23,650.1,648,40,650.1,40,0,800
FINNIFTY02JAN2420700CE.NFO,02/01/2024,14:32:25,650.1,648.25,80,650.05,120,0,800
FINNIFTY02JAN2420700CE.NFO,02/01/2024,14:32:26,650.1,648.3,40,650.7,40,0,800
FINNIFTY02JAN2420700CE.NFO,02/01/2024,14:32:28,650.1,648.9,80,650.7,40,0,800
FINNIFTY02JAN2420700CE.NFO,02/01/2024,14:32:30,650.1,647.95,120,650.15,40,0,800
FINNIFTY02JAN2420700CE.NFO,02/01/2024,14:32:31,650.1,647.95,120,649.85,40,0,800
FINNIFTY02JAN2420700CE.NFO,02/01/2024,14:32:33,650.1,647.95,120,650.05,40,0,800
FINNIFTY02JAN2420700CE.NFO,02/01/2024,14:32:36,650.1,647.75,80,650.05,40,0,800
FINNIFTY02JAN2420700CE.NFO,02/01/2024,14:32:37,650.1,648.45,40,650.5,40,0,800
FINNIFTY02JAN2420700CE.NFO,02/01/2024,14:32:39,650.1,649.35,40,651.25,200,0,800
FINNIFTY02JAN2420700CE.NFO,02/01/2024,14:32:41,650.1,649,40,651.05,40,0,800
FINNIFTY02JAN2420700CE.NFO,02/01/2024,14:32:42,650.1,648.75,40,651.05,40,0,800
FINNIFTY02JAN2420700CE.NFO,02/01/2024,14:32:44,650.1,648,40,650.2,200,0,800
FINNIFTY02JAN2420700CE.NFO,02/01/2024,14:32:46,650.1,648.55,80,650.15,40,0,800
FINNIFTY02JAN2420700CE.NFO,02/01/2024,14:32:47,650.1,648.05,80,649.9,200,0,800
FINNIFTY02JAN2420700CE.NFO,02/01/2024,14:32:49,650.1,647.45,120,649.45,40,0,800
FINNIFTY02JAN2420700CE.NFO,02/01/2024,14:32:54,650.1,646.6,40,649.7,80,0,800
FINNIFTY02JAN2420700CE.NFO,02/01/2024,14:32:56,650.1,647.8,40,649.6,40,0,800
FINNIFTY02JAN2420700CE.NFO,02/01/2024,14:32:57,650.1,648.45,80,650.15,120,0,800
FINNIFTY02JAN2420700CE.NFO,02/01/2024,14:32:59,650.1,647.2,40,649.55,400,0,800
FINNIFTY02JAN2420700CE.NFO,02/01/2024,14:33:00,650.1,647.8,40,650.25,760,0,800
FINNIFTY02JAN2420700CE.NFO,02/01/2024,14:33:02,650.1,647.7,40,650.15,120,0,800
FINNIFTY02JAN2420700CE.NFO,02/01/2024,14:33:04,650.1,648.1,40,650.35,280,0,800
FINNIFTY02JAN2420700CE.NFO,02/01/2024,14:33:05,650.1,648.6,40,650.5,400,0,800
FINNIFTY02JAN2420700CE.NFO,02/01/2024,14:33:07,650.1,648.95,80,650.55,120,0,800
FINNIFTY02JAN2420700CE.NFO,02/01/2024,14:33:09,650.1,648.5,80,650.9,120,0,800
FINNIFTY02JAN2420700CE.NFO,02/01/2024,14:33:10,650.1,649,80,650.65,200,0,800
FINNIFTY02JAN2420700CE.NFO,02/01/2024,14:33:12,650.1,648.75,40,650.8,120,0,800
FINNIFTY02JAN2420700CE.NFO,02/01/2024,14:33:13,650.1,649.25,40,651.15,120,0,800
FINNIFTY02JAN2420700CE.NFO,02/01/2024,14:33:15,650.1,649.5,80,651.55,520,0,800
FINNIFTY02JAN2420700CE.NFO,02/01/2024,14:33:17,650.1,650.4,40,653,200,0,800
FINNIFTY02JAN2420700CE.NFO,02/01/2024,14:33:18,650.1,649.7,80,652.25,120,0,800
FINNIFTY02JAN2420700CE.NFO,02/01/2024,14:33:20,650.1,650.3,40,652.9,800,0,800
FINNIFTY02JAN2420700CE.NFO,02/01/2024,14:33:22,650.1,650,40,652.6,200,0,800
FINNIFTY02JAN2420700CE.NFO,02/01/2024,14:33:23,650.1,650.5,40,652.95,520,0,800
FINNIFTY02JAN2420700CE.NFO,02/01/2024,14:33:25,650.1,649.75,40,652.15,160,0,800
FINNIFTY02JAN2420700CE.NFO,02/01/2024,14:33:27,650.1,649.35,2080,652.25,200,0,800
FINNIFTY02JAN2420700CE.NFO,02/01/2024,14:33:28,650.1,650.2,40,652.65,40,0,800
FINNIFTY02JAN2420700CE.NFO,02/01/2024,14:33:30,650.1,649.25,40,651.25,120,0,800
FINNIFTY02JAN2420700CE.NFO,02/01/2024,14:33:32,650.1,649.55,40,651.6,200,0,800
FINNIFTY02JAN2420700CE.NFO,02/01/2024,14:33:34,650.1,649.35,80,651.75,200,0,800
FINNIFTY02JAN2420700CE.NFO,02/01/2024,14:33:35,650.1,650,40,652.5,200,0,800
FINNIFTY02JAN2420700CE.NFO,02/01/2024,14:33:37,650.1,650.65,80,652.4,200,0,800
FINNIFTY02JAN2420700CE.NFO,02/01/2024,14:33:39,650.1,650.5,80,652.35,200,0,800
FINNIFTY02JAN2420700CE.NFO,02/01/2024,14:33:40,650.1,649.9,40,652.25,200,0,800
FINNIFTY02JAN2420700CE.NFO,02/01/2024,14:33:42,650.1,650.55,80,652.2,120,0,800
FINNIFTY02JAN2420700CE.NFO,02/01/2024,14:33:44,650.1,649.95,40,652.45,200,0,800
FINNIFTY02JAN2420700CE.NFO,02/01/2024,14:33:45,650.1,650.55,40,652.45,200,0,800
FINNIFTY02JAN2420700CE.NFO,02/01/2024,14:33:47,650.1,651.1,80,652.8,520,0,800
FINNIFTY02JAN2420700CE.NFO,02/01/2024,14:33:49,650.1,650.45,40,652.7,120,0,800
FINNIFTY02JAN2420700CE.NFO,02/01/2024,14:33:50,650.1,650.8,80,652.45,120,0,800
FINNIFTY02JAN2420700CE.NFO,02/01/2024,14:33:52,650.1,650.05,40,652.5,280,0,800
FINNIFTY02JAN2420700CE.NFO,02/01/2024,14:33:54,650.1,650.95,40,653,80,0,800
FINNIFTY02JAN2420700CE.NFO,02/01/2024,14:33:55,650.1,651.25,40,653.1,200,0,800
FINNIFTY02JAN2420700CE.NFO,02/01/2024,14:33:57,650.1,652.05,80,653.9,120,0,800
FINNIFTY02JAN2420700CE.NFO,02/01/2024,14:33:59,650.1,651.05,40,653.6,200,0,800
FINNIFTY02JAN2420700CE.NFO,02/01/2024,14:34:00,650.1,651.3,80,653,120,0,800
FINNIFTY02JAN2420700CE.NFO,02/01/2024,14:34:02,650.1,650.8,40,653,200,0,800
FINNIFTY02JAN2420700CE.NFO,02/01/2024,14:34:04,650.1,651.4,40,653.25,480,0,800
FINNIFTY02JAN2420700CE.NFO,02/01/2024,14:34:05,650.1,651.8,40,653.5,120,0,800
FINNIFTY02JAN2420700CE.NFO,02/01/2024,14:34:07,650.1,651.25,40,653.3,120,0,800
FINNIFTY02JAN2420700CE.NFO,02/01/2024,14:34:09,650.1,651.6,80,653.3,320,0,800
FINNIFTY02JAN2420700CE.NFO,02/01/2024,14:34:10,650.1,650.85,40,653.35,120,0,800
FINNIFTY02JAN2420700CE.NFO,02/01/2024,14:34:12,650.1,651.6,80,653.35,400,0,800
FINNIFTY02JAN2420700CE.NFO,02/01/2024,14:34:14,650.1,651.25,40,653.8,640,0,800
FINNIFTY02JAN2420700CE.NFO,02/01/2024,14:34:15,650.1,650.75,40,653.2,240,0,800
FINNIFTY02JAN2420700CE.NFO,02/01/2024,14:34:17,650.1,651.55,40,653.45,200,0,800
FINNIFTY02JAN2420700CE.NFO,02/01/2024,14:34:19,650.1,651.9,80,653.85,520,0,800
FINNIFTY02JAN2420700CE.NFO,02/01/2024,14:34:20,650.1,651.3,40,653.8,160,0,800
FINNIFTY02JAN2420700CE.NFO,02/01/2024,14:34:22,650.1,651.6,40,653.8,120,0,800
FINNIFTY02JAN2420700CE.NFO,02/01/2024,14:34:24,650.1,652.3,40,653.85,520,0,800
FINNIFTY02JAN2420700CE.NFO,02/01/2024,14:34:25,650.1,652.8,40,654.6,680,0,800
FINNIFTY02JAN2420700CE.NFO,02/01/2024,14:34:27,650.1,652.3,40,654.2,120,0,800
FINNIFTY02JAN2420700CE.NFO,02/01/2024,14:34:29,650.1,652.8,40,654.6,120,0,800
FINNIFTY02JAN2420700CE.NFO,02/01/2024,14:34:32,650.1,651.15,80,653.55,80,0,800
FINNIFTY02JAN2420700CE.NFO,02/01/2024,14:34:33,650.1,651.8,40,653.75,160,0,800
FINNIFTY02JAN2420700CE.NFO,02/01/2024,14:34:35,650.1,652.25,80,653.95,320,0,800
FINNIFTY02JAN2420700CE.NFO,02/01/2024,14:34:37,650.1,651.7,40,653.7,520,0,800
FINNIFTY02JAN2420700CE.NFO,02/01/2024,14:34:38,650.1,651.95,80,653.65,200,0,800
FINNIFTY02JAN2420700CE.NFO,02/01/2024,14:34:40,650.1,651.55,40,653.95,520,0,800
FINNIFTY02JAN2420700CE.NFO,02/01/2024,14:34:42,650.1,652.05,40,654.15,480,0,800
FINNIFTY02JAN2420700CE.NFO,02/01/2024,14:34:43,650.1,651.45,40,654.2,200,0,800
FINNIFTY02JAN2420700CE.NFO,02/01/2024,14:34:45,650.1,652.2,80,653.9,320,0,800
FINNIFTY02JAN2420700CE.NFO,02/01/2024,14:34:47,650.1,652,40,654.1,280,0,800
FINNIFTY02JAN2420700CE.NFO,02/01/2024,14:34:48,650.1,651.4,120,653.7,200,0,800
FINNIFTY02JAN2420700CE.NFO,02/01/2024,14:34:50,650.1,651,40,653.3,320,0,800
FINNIFTY02JAN2420700CE.NFO,02/01/2024,14:34:52,650.1,650.85,360,653.25,120,0,800
FINNIFTY02JAN2420700CE.NFO,02/01/2024,14:34:53,650.1,651.35,40,653.25,200,0,800
FINNIFTY02JAN2420700CE.NFO,02/01/2024,14:34:55,650.1,650.75,40,653,120,0,800
FINNIFTY02JAN2420700CE.NFO,02/01/2024,14:34:57,650.1,651.3,80,652.9,120,0,800
FINNIFTY02JAN2420700CE.NFO,02/01/2024,14:34:58,650.1,650.8,40,652.9,120,0,800
FINNIFTY02JAN2420700CE.NFO,02/01/2024,14:35:00,650.1,650.55,40,653.1,200,0,800
FINNIFTY02JAN2420700CE.NFO,02/01/2024,14:35:02,650.1,651.1,40,653.5,120,0,800
FINNIFTY02JAN2420700CE.NFO,02/01/2024,14:35:03,650.1,651.6,40,653.45,400,0,800
FINNIFTY02JAN2420700CE.NFO,02/01/2024,14:35:05,650.1,649.95,40,653.2,200,0,800
FINNIFTY02JAN2420700CE.NFO,02/01/2024,14:35:07,650.1,650.05,40,652,480,0,800
FINNIFTY02JAN2420700CE.NFO,02/01/2024,14:35:08,650.1,649.6,40,651.65,200,0,800
FINNIFTY02JAN2420700CE.NFO,02/01/2024,14:35:10,650.1,648.6,40,650.4,200,0,800
FINNIFTY02JAN2420700CE.NFO,02/01/2024,14:35:12,650.1,647.5,40,649.75,520,0,800
FINNIFTY02JAN2420700CE.NFO,02/01/2024,14:35:13,650.1,648.1,40,649.75,520,0,800
FINNIFTY02JAN2420700CE.NFO,02/01/2024,14:35:15,650.1,647.6,40,650.3,200,0,800
FINNIFTY02JAN2420700CE.NFO,02/01/2024,14:35:17,650.1,648.45,40,650.25,80,0,800
FINNIFTY02JAN2420700CE.NFO,02/01/2024,14:35:18,650.1,648.75,40,650.8,120,0,800
FINNIFTY02JAN2420700CE.NFO,02/01/2024,14:35:20,650.1,649.4,80,651.05,120,0,800
FINNIFTY02JAN2420700CE.NFO,02/01/2024,14:35:22,650.1,649.1,40,651.4,1120,0,800
FINNIFTY02JAN2420700CE.NFO,02/01/2024,14:35:23,650.1,649.8,40,651.75,80,0,800
FINNIFTY02JAN2420700CE.NFO,02/01/2024,14:35:25,650.1,650.05,80,651.65,80,0,800
FINNIFTY02JAN2420700CE.NFO,02/01/2024,14:35:27,650.1,649.6,80,651.8,120,0,800
FINNIFTY02JAN2420700CE.NFO,02/01/2024,14:35:28,650.1,650.1,80,651.85,520,0,800
FINNIFTY02JAN2420700CE.NFO,02/01/2024,14:35:32,650.1,650.2,80,651.8,120,0,800
FINNIFTY02JAN2420700CE.NFO,02/01/2024,14:35:33,650.1,650.2,80,651.85,520,0,800
FINNIFTY02JAN2420700CE.NFO,02/01/2024,14:35:37,650.1,649.7,40,651.75,120,0,800
FINNIFTY02JAN2420700CE.NFO,02/01/2024,14:35:38,650.1,649.4,40,651.85,520,0,800
FINNIFTY02JAN2420700CE.NFO,02/01/2024,14:35:40,650.1,649.6,40,651.85,520,0,800
FINNIFTY02JAN2420700CE.NFO,02/01/2024,14:35:42,650.1,650.35,80,652.4,200,0,800
FINNIFTY02JAN2420700CE.NFO,02/01/2024,14:35:43,650.1,650.8,40,652.5,120,0,800
FINNIFTY02JAN2420700CE.NFO,02/01/2024,14:35:45,650.1,650.35,80,652,200,0,800
FINNIFTY02JAN2420700CE.NFO,02/01/2024,14:35:47,650.1,650.2,40,652.05,120,0,800
FINNIFTY02JAN2420700CE.NFO,02/01/2024,14:35:48,650.1,650.55,80,652.2,200,0,800
FINNIFTY02JAN2420700CE.NFO,02/01/2024,14:35:50,650.1,650.35,40,652.3,120,0,800
FINNIFTY02JAN2420700CE.NFO,02/01/2024,14:35:52,650.1,649.75,40,652.3,1480,0,800
FINNIFTY02JAN2420700CE.NFO,02/01/2024,14:35:53,650.1,650.15,40,652.25,120,0,800
FINNIFTY02JAN2420700CE.NFO,02/01/2024,14:35:55,650.1,650.8,80,652.45,200,0,800
FINNIFTY02JAN2420700CE.NFO,02/01/2024,14:35:57,650.1,650.3,40,652.3,200,0,800
FINNIFTY02JAN2420700CE.NFO,02/01/2024,14:35:58,650.1,649.5,40,651.6,120,0,800
FINNIFTY02JAN2420700CE.NFO,02/01/2024,14:36:00,650.1,650.15,80,651.7,200,0,800
FINNIFTY02JAN2420700CE.NFO,02/01/2024,14:36:02,650.1,650.05,40,651.8,120,0,800
FINNIFTY02JAN2420700CE.NFO,02/01/2024,14:36:03,650.1,650.2,80,651.95,200,0,800
FINNIFTY02JAN2420700CE.NFO,02/01/2024,14:36:05,650.1,650.5,80,652.1,120,0,800
FINNIFTY02JAN2420700CE.NFO,02/01/2024,14:36:07,650.1,650.6,80,652.25,120,0,800
FINNIFTY02JAN2420700CE.NFO,02/01/2024,14:36:08,650.1,649.7,80,652.3,40,0,800
FINNIFTY02JAN2420700CE.NFO,02/01/2024,14:36:10,650.1,649.5,40,651.95,120,0,800
FINNIFTY02JAN2420700CE.NFO,02/01/2024,14:36:12,650.1,650.15,80,651.8,120,0,800
FINNIFTY02JAN2420700CE.NFO,02/01/2024,14:36:13,650.1,650.4,40,652.2,120,0,800
FINNIFTY02JAN2420700CE.NFO,02/01/2024,14:36:15,650.1,650.65,80,652.3,160,0,800
FINNIFTY02JAN2420700CE.NFO,02/01/2024,14:36:17,650.1,650.5,40,652.9,640,0,800
FINNIFTY02JAN2420700CE.NFO,02/01/2024,14:36:18,650.1,651,40,652.8,160,0,800
FINNIFTY02JAN2420700CE.NFO,02/01/2024,14:36:20,650.1,650.45,40,652.95,480,0,800
FINNIFTY02JAN2420700CE.NFO,02/01/2024,14:36:22,650.1,650.85,80,652.75,40,0,800
FINNIFTY02JAN2420700CE.NFO,02/01/2024,14:36:23,650.1,650.75,40,652.85,120,0,800
FINNIFTY02JAN2420700CE.NFO,02/01/2024,14:36:25,650.1,651.5,80,653.05,120,0,800
FINNIFTY02JAN2420700CE.NFO,02/01/2024,14:36:27,650.1,650.6,40,653.05,480,0,800
FINNIFTY02JAN2420700CE.NFO,02/01/2024,14:36:28,650.1,651.4,40,653.1,520,0,800
FINNIFTY02JAN2420700CE.NFO,02/01/2024,14:36:30,650.1,650.95,40,652.85,40,0,800
FINNIFTY02JAN2420700CE.NFO,02/01/2024,14:36:32,650.1,650.55,40,652.85,120,0,800
FINNIFTY02JAN2420700CE.NFO,02/01/2024,14:36:33,650.1,650.9,80,652.6,40,0,800
FINNIFTY02JAN2420700CE.NFO,02/01/2024,14:36:35,650.1,650.3,40,652.6,200,0,800
FINNIFTY02JAN2420700CE.NFO,02/01/2024,14:36:37,650.1,650.9,40,652.7,200,0,800
FINNIFTY02JAN2420700CE.NFO,02/01/2024,14:36:38,650.1,650.15,40,652.6,200,0,800
FINNIFTY02JAN2420700CE.NFO,02/01/2024,14:36:40,650.1,650.3,40,652.45,520,0,800
FINNIFTY02JAN2420700CE.NFO,02/01/2024,14:36:42,650.1,649.85,40,652.2,40,0,800
FINNIFTY02JAN2420700CE.NFO,02/01/2024,14:36:43,650.1,650.45,40,652.85,120,0,800
FINNIFTY02JAN2420700CE.NFO,02/01/2024,14:36:45,650.1,651.1,80,652.8,160,0,800
FINNIFTY02JAN2420700CE.NFO,02/01/2024,14:36:47,650.1,650.8,40,652.85,40,0,800
FINNIFTY02JAN2420700CE.NFO,02/01/2024,14:36:48,650.1,650.35,40,652.9,40,0,800
FINNIFTY02JAN2420700CE.NFO,02/01/2024,14:36:50,650.1,651.35,40,653.05,120,0,800
FINNIFTY02JAN2420700CE.NFO,02/01/2024,14:36:52,650.1,650.8,80,652.8,440,0,800
FINNIFTY02JAN2420700CE.NFO,02/01/2024,14:36:53,650.1,650.45,40,652.9,240,0,800
FINNIFTY02JAN2420700CE.NFO,02/01/2024,14:36:55,650.1,651.1,40,652.85,320,0,800
FINNIFTY02JAN2420700CE.NFO,02/01/2024,14:36:57,650.1,650.4,40,652.75,120,0,800
FINNIFTY02JAN2420700CE.NFO,02/01/2024,14:36:58,650.1,651.25,80,652.85,40,0,800
FINNIFTY02JAN2420700CE.NFO,02/01/2024,14:37:00,650.1,650.7,80,652.25,200,0,800
FINNIFTY02JAN2420700CE.NFO,02/01/2024,14:37:02,650.1,650.4,40,652.6,80,0,800
FINNIFTY02JAN2420700CE.NFO,02/01/2024,14:37:03,650.1,649.95,120,652.35,40,0,800
FINNIFTY02JAN2420700CE.NFO,02/01/2024,14:37:07,650.1,650.3,40,652.4,200,0,800
FINNIFTY02JAN2420700CE.NFO,02/01/2024,14:37:08,650.1,649.9,40,652.2,120,0,800
FINNIFTY02JAN2420700CE.NFO,02/01/2024,14:37:10,650.1,650.05,40,652.1,160,0,800
FINNIFTY02JAN2420700CE.NFO,02/01/2024,14:37:12,650.1,649.4,120,651.9,120,0,800
FINNIFTY02JAN2420700CE.NFO,02/01/2024,14:37:13,650.1,650.05,40,651.9,40,0,800
FINNIFTY02JAN2420700CE.NFO,02/01/2024,14:37:15,650.1,649.45,80,651.35,320,0,800
FINNIFTY02JAN2420700CE.NFO,02/01/2024,14:37:16,650.1,648.75,40,651.35,40,0,800
FINNIFTY02JAN2420700CE.NFO,02/01/2024,14:37:18,650.1,649.6,40,651.35,40,0,800
FINNIFTY02JAN2420700CE.NFO,02/01/2024,14:37:20,650.1,649.05,40,651.5,120,0,800
FINNIFTY02JAN2420700CE.NFO,02/01/2024,14:37:21,650.1,648.85,40,651.25,120,0,800
FINNIFTY02JAN2420700CE.NFO,02/01/2024,14:37:23,650.1,649.55,40,651.55,200,0,800
FINNIFTY02JAN2420700CE.NFO,02/01/2024,14:37:25,650.1,650.35,40,652.45,120,0,800
FINNIFTY02JAN2420700CE.NFO,02/01/2024,14:37:26,650.1,649.85,40,652.55,120,0,800
FINNIFTY02JAN2420700CE.NFO,02/01/2024,14:37:28,650.1,650.6,40,652.4,200,0,800
FINNIFTY02JAN2420700CE.NFO,02/01/2024,14:37:30,650.1,650.05,40,652.8,120,0,800
FINNIFTY02JAN2420700CE.NFO,02/01/2024,14:37:31,650.1,650.55,40,652.7,40,0,800
FINNIFTY02JAN2420700CE.NFO,02/01/2024,14:37:33,650.1,651.35,40,652.95,520,0,800
FINNIFTY02JAN2420700CE.NFO,02/01/2024,14:37:34,650.1,650.5,40,652.95,520,0,800
FINNIFTY02JAN2420700CE.NFO,02/01/2024,14:37:36,650.1,651.5,40,654.45,680,0,800
FINNIFTY02JAN2420700CE.NFO,02/01/2024,14:37:38,650.1,652.25,40,654.45,160,0,800
FINNIFTY02JAN2420700CE.NFO,02/01/2024,14:37:39,650.1,651.45,40,653.9,120,0,800
FINNIFTY02JAN2420700CE.NFO,02/01/2024,14:37:41,650.1,651.8,80,653.9,200,0,800
FINNIFTY02JAN2420700CE.NFO,02/01/2024,14:37:43,650.1,652.2,80,654.1,120,0,800
FINNIFTY02JAN2420700CE.NFO,02/01/2024,14:37:44,650.1,651.75,40,653.65,40,0,800
FINNIFTY02JAN2420700CE.NFO,02/01/2024,14:37:46,650.1,651.75,40,653.55,120,0,800
FINNIFTY02JAN2420700CE.NFO,02/01/2024,14:37:48,650.1,652.25,40,654.05,440,0,800
FINNIFTY02JAN2420700CE.NFO,02/01/2024,14:37:49,650.1,651.9,40,654.5,520,0,800
FINNIFTY02JAN2420700CE.NFO,02/01/2024,14:37:51,650.1,652.8,40,655.6,120,0,800
FINNIFTY02JAN2420700CE.NFO,02/01/2024,14:37:53,650.1,653.25,80,655.1,160,0,800
FINNIFTY02JAN2420700CE.NFO,02/01/2024,14:37:54,650.1,653.55,80,655.3,120,0,800
FINNIFTY02JAN2420700CE.NFO,02/01/2024,14:37:56,650.1,653.3,40,655.4,120,0,800
FINNIFTY02JAN2420700CE.NFO,02/01/2024,14:37:58,650.1,652.6,40,654.95,200,0,800
FINNIFTY02JAN2420700CE.NFO,02/01/2024,14:37:59,650.1,654.4,40,657.2,200,0,800
FINNIFTY02JAN2420700CE.NFO,02/01/2024,14:38:01,650.1,655.5,40,657.65,520,0,800
FINNIFTY02JAN2420700CE.NFO,02/01/2024,14:38:03,650.1,655.75,80,657.5,200,0,800
FINNIFTY02JAN2420700CE.NFO,02/01/2024,14:38:04,650.1,655.25,40,657.55,120,0,800
FINNIFTY02JAN2420700CE.NFO,02/01/2024,14:38:06,650.1,654.6,40,657.45,120,0,800
FINNIFTY02JAN2420700CE.NFO,02/01/2024,14:38:08,650.1,654,40,656.15,200,0,800
FINNIFTY02JAN2420700CE.NFO,02/01/2024,14:38:09,650.1,654.3,40,656.5,320,0,800
FINNIFTY02JAN2420700CE.NFO,02/01/2024,14:38:11,650.1,654.3,40,656.45,120,0,800
FINNIFTY02JAN2420700CE.NFO,02/01/2024,14:38:13,650.1,653.65,80,656.1,160,0,800
FINNIFTY02JAN2420700CE.NFO,02/01/2024,14:38:14,650.1,653.4,40,656.15,280,0,800
FINNIFTY02JAN2420700CE.NFO,02/01/2024,14:38:16,650.1,654.2,40,656.1,200,0,800
FINNIFTY02JAN2420700CE.NFO,02/01/2024,14:38:18,650.1,653.45,40,655.55,40,0,800
FINNIFTY02JAN2420700CE.NFO,02/01/2024,14:38:19,650.1,654.35,40,656.5,40,0,800
FINNIFTY02JAN2420700CE.NFO,02/01/2024,14:38:21,650.1,655,80,656.65,520,0,800
FINNIFTY02JAN2420700CE.NFO,02/01/2024,14:38:23,650.1,654.7,80,657.15,120,0,800
FINNIFTY02JAN2420700CE.NFO,02/01/2024,14:38:24,650.1,655.65,40,658.25,520,0,800
FINNIFTY02JAN2420700CE.NFO,02/01/2024,14:38:26,650.1,657.05,40,659.5,160,0,800
FINNIFTY02JAN2420700CE.NFO,02/01/2024,14:38:28,650.1,656.55,40,658.5,200,0,800
FINNIFTY02JAN2420700CE.NFO,02/01/2024,14:38:29,650.1,656.15,40,658.2,80,0,800
FINNIFTY02JAN2420700CE.NFO,02/01/2024,14:38:31,650.1,656.65,160,659.05,120,0,800
FINNIFTY02JAN2420700CE.NFO,02/01/2024,14:38:33,650.1,655.95,40,658.3,80,0,800
FINNIFTY02JAN2420700CE.NFO,02/01/2024,14:38:34,650.1,656.3,40,658.5,120,0,800
FINNIFTY02JAN2420700CE.NFO,02/01/2024,14:38:36,650.1,655,40,658.1,2120,0,800
FINNIFTY02JAN2420700CE.NFO,02/01/2024,14:38:38,650.1,655.9,40,657.85,40,0,800
FINNIFTY02JAN2420700CE.NFO,02/01/2024,14:38:39,650.1,655.05,40,657.95,1120,0,800
FINNIFTY02JAN2420700CE.NFO,02/01/2024,14:38:41,650.1,654.95,40,657,120,0,800
FINNIFTY02JAN2420700CE.NFO,02/01/2024,14:38:43,650.1,654.45,40,656.85,200,0,800
FINNIFTY02JAN2420700CE.NFO,02/01/2024,14:38:44,650.1,655.15,320,657.75,40,0,800
FINNIFTY02JAN2420700CE.NFO,02/01/2024,14:38:46,650.1,656,40,657.85,200,0,800
FINNIFTY02JAN2420700CE.NFO,02/01/2024,14:38:48,650.1,656.35,80,658.25,520,0,800
FINNIFTY02JAN2420700CE.NFO,02/01/2024,14:38:49,650.1,655.1,200,658.4,120,0,800
FINNIFTY02JAN2420700CE.NFO,02/01/2024,14:38:51,650.1,656.4,40,658.25,320,0,800
FINNIFTY02JAN2420700CE.NFO,02/01/2024,14:38:53,650.1,655.6,40,657.9,400,0,800
FINNIFTY02JAN2420700CE.NFO,02/01/2024,14:38:54,650.1,656,40,658.1,40,0,800
FINNIFTY02JAN2420700CE.NFO,02/01/2024,14:38:56,650.1,654.3,40,657.35,120,0,800
FINNIFTY02JAN2420700CE.NFO,02/01/2024,14:38:58,650.1,655.1,80,656.95,200,0,800
FINNIFTY02JAN2420700CE.NFO,02/01/2024,14:38:59,650.1,654.5,120,657.2,520,0,800
FINNIFTY02JAN2420700CE.NFO,02/01/2024,14:39:01,650.1,654.25,40,656.55,200,0,800
FINNIFTY02JAN2420700CE.NFO,02/01/2024,14:39:03,650.1,654.5,80,656.8,200,0,800
FINNIFTY02JAN2420700CE.NFO,02/01/2024,14:39:04,650.1,655.15,40,657.15,200,0,800
FINNIFTY02JAN2420700CE.NFO,02/01/2024,14:39:06,650.1,654.15,520,656.95,120,0,800
FINNIFTY02JAN2420700CE.NFO,02/01/2024,14:39:08,650.1,654.55,40,656.55,120,0,800
FINNIFTY02JAN2420700CE.NFO,02/01/2024,14:39:09,650.1,654.05,40,656.15,120,0,800
FINNIFTY02JAN2420700CE.NFO,02/01/2024,14:39:11,650.1,653.85,40,656.5,160,0,800
FINNIFTY02JAN2420700CE.NFO,02/01/2024,14:39:13,650.1,654.4,80,656.15,520,0,800
FINNIFTY02JAN2420700CE.NFO,02/01/2024,14:39:14,650.1,654.05,160,657.1,4160,0,800
FINNIFTY02JAN2420700CE.NFO,02/01/2024,14:39:16,650.1,654.7,40,656.85,120,0,800
FINNIFTY02JAN2420700CE.NFO,02/01/2024,14:39:18,650.1,655.25,80,657.1,40,0,800
FINNIFTY02JAN2420700CE.NFO,02/01/2024,14:39:19,650.1,654.8,40,657.05,320,0,800
FINNIFTY02JAN2420700CE.NFO,02/01/2024,14:39:21,650.1,654,40,656.3,320,0,800
FINNIFTY02JAN2420700CE.NFO,02/01/2024,14:39:23,650.1,654.6,40,656.7,120,0,800
FINNIFTY02JAN2420700CE.NFO,02/01/2024,14:39:24,650.1,654.8,40,656.9,120,0,800
FINNIFTY02JAN2420700CE.NFO,02/01/2024,14:39:26,650.1,655.4,40,657.2,520,0,800
FINNIFTY02JAN2420700CE.NFO,02/01/2024,14:39:28,650.1,654.9,40,657.05,280,0,800
FINNIFTY02JAN2420700CE.NFO,02/01/2024,14:39:29,650.1,654.55,40,656.9,120,0,800
FINNIFTY02JAN2420700CE.NFO,02/01/2024,14:39:31,650.1,654.95,40,657.15,120,0,800
FINNIFTY02JAN2420700CE.NFO,02/01/2024,14:39:32,650.1,654.5,40,657.05,160,0,800
FINNIFTY02JAN2420700CE.NFO,02/01/2024,14:39:34,650.1,655.25,80,656.9,400,0,800
FINNIFTY02JAN2420700CE.NFO,02/01/2024,14:39:36,650.1,654.45,40,656.3,200,0,800
FINNIFTY02JAN2420700CE.NFO,02/01/2024,14:39:37,650.1,654.9,80,656.45,520,0,800
FINNIFTY02JAN2420700CE.NFO,02/01/2024,14:39:39,650.1,654.9,40,656.45,520,0,800
FINNIFTY02JAN2420700CE.NFO,02/01/2024,14:39:41,650.1,655.7,40,657.45,40,0,800
FINNIFTY02JAN2420700CE.NFO,02/01/2024,14:39:42,650.1,656.25,80,658.1,520,0,800
FINNIFTY02JAN2420700CE.NFO,02/01/2024,14:39:44,650.1,656.75,40,658.75,80,0,800
FINNIFTY02JAN2420700CE.NFO,02/01/2024,14:39:46,650.1,655.9,80,658.2,120,0,800
FINNIFTY02JAN2420700CE.NFO,02/01/2024,14:39:47,650.1,656.5,320,658.95,520,0,800
FINNIFTY02JAN2420700CE.NFO,02/01/2024,14:39:49,650.1,657.55,160,662.2,400,0,800
FINNIFTY02JAN2420700CE.NFO,02/01/2024,14:39:50,650.1,656.9,1240,659.9,40,0,800
FINNIFTY02JAN2420700CE.NFO,02/01/2024,14:39:52,650.1,657.7,40,660.3,160,0,800
FINNIFTY02JAN2420700CE.NFO,02/01/2024,14:39:54,650.1,658.7,120,661,120,0,800
FINNIFTY02JAN2420700CE.NFO,02/01/2024,14:39:55,650.1,658.55,40,660.7,960,0,800
FINNIFTY02JAN2420700CE.NFO,02/01/2024,14:39:57,650.1,658.4,40,660.5,40,0,800
FINNIFTY02JAN2420700CE.NFO,02/01/2024,14:39:59,650.1,657.3,80,659.45,120,0,800
FINNIFTY02JAN2420700CE.NFO,02/01/2024,14:40:00,650.1,656.45,40,659,120,0,800
FINNIFTY02JAN2420700CE.NFO,02/01/2024,14:40:02,650.1,657.25,40,659.2,200,0,800
FINNIFTY02JAN2420700CE.NFO,02/01/2024,14:40:04,650.1,656.35,40,658.4,240,0,800
FINNIFTY02JAN2420700CE.NFO,02/01/2024,14:40:05,650.1,655.5,40,658.15,120,0,800
FINNIFTY02JAN2420700CE.NFO,02/01/2024,14:40:07,650.1,656.4,40,658.4,520,0,800
FINNIFTY02JAN2420700CE.NFO,02/01/2024,14:40:08,650.1,657.05,40,658.75,40,0,800
FINNIFTY02JAN2420700CE.NFO,02/01/2024,14:40:10,650.1,656.3,40,658.15,120,0,800
FINNIFTY02JAN2420700CE.NFO,02/01/2024,14:40:12,650.1,655.85,40,658.15,520,0,800
FINNIFTY02JAN2420700CE.NFO,02/01/2024,14:40:13,650.1,656.55,80,658.15,520,0,800
FINNIFTY02JAN2420700CE.NFO,02/01/2024,14:40:15,650.1,656.15,40,658.15,520,0,800
FINNIFTY02JAN2420700CE.NFO,02/01/2024,14:40:17,650.1,655.8,80,658.15,520,0,800
FINNIFTY02JAN2420700CE.NFO,02/01/2024,14:40:18,650.1,656.7,40,659.35,200,0,800
FINNIFTY02JAN2420700CE.NFO,02/01/2024,14:40:20,650.1,658.15,40,659.9,520,0,800
FINNIFTY02JAN2420700CE.NFO,02/01/2024,14:40:21,650.1,657.85,40,660.45,40,0,800
FINNIFTY02JAN2420700CE.NFO,02/01/2024,14:40:23,650.1,657.75,40,660.45,360,0,800
FINNIFTY02JAN2420700CE.NFO,02/01/2024,14:40:25,650.1,658.55,40,661.4,480,0,800
FINNIFTY02JAN2420700CE.NFO,02/01/2024,14:40:26,650.1,661.85,80,667.9,520,0,800
FINNIFTY02JAN2420700CE.NFO,02/01/2024,14:40:28,650.1,661.65,40,665.45,80,0,800
FINNIFTY02JAN2420700CE.NFO,02/01/2024,14:40:30,650.1,662.8,40,666,520,0,800
FINNIFTY02JAN2420700CE.NFO,02/01/2024,14:40:31,650.1,664.65,40,668.25,1080,0,800
FINNIFTY02JAN2420700CE.NFO,02/01/2024,14:40:33,650.1,663.45,120,668.2,440,0,800
FINNIFTY02JAN2420700CE.NFO,02/01/2024,14:40:35,650.1,663.85,40,666.65,200,0,800
FINNIFTY02JAN2420700CE.NFO,02/01/2024,14:40:36,650.1,663.1,40,665.7,120,0,800
FINNIFTY02JAN2420700CE.NFO,02/01/2024,14:40:38,650.1,663.45,40,665.75,120,0,800
FINNIFTY02JAN2420700CE.NFO,02/01/2024,14:40:40,650.1,662,40,665.15,360,0,800
FINNIFTY02JAN2420700CE.NFO,02/01/2024,14:40:41,650.1,660.55,40,664,80,0,800
FINNIFTY02JAN2420700CE.NFO,02/01/2024,14:40:43,650.1,661.6,120,664.85,120,0,800
FINNIFTY02JAN2420700CE.NFO,02/01/2024,14:40:45,650.1,662.3,80,665,200,0,800
FINNIFTY02JAN2420700CE.NFO,02/01/2024,14:40:46,650.1,662.7,40,665.25,520,0,800
FINNIFTY02JAN2420700CE.NFO,02/01/2024,14:40:48,650.1,660.55,40,663.5,320,0,800
FINNIFTY02JAN2420700CE.NFO,02/01/2024,14:40:50,650.1,661.05,40,663.2,200,0,800
FINNIFTY02JAN2420700CE.NFO,02/01/2024,14:40:51,650.1,660.8,40,663.5,240,0,800
FINNIFTY02JAN2420700CE.NFO,02/01/2024,14:40:53,650.1,661.4,40,663.6,80,0,800
FINNIFTY02JAN2420700CE.NFO,02/01/2024,14:40:55,650.1,660.75,40,662.8,200,0,800
FINNIFTY02JAN2420700CE.NFO,02/01/2024,14:40:56,650.1,658.25,40,661.45,40,0,800
FINNIFTY02JAN2420700CE.NFO,02/01/2024,14:40:58,650.1,658.85,40,661.45,1000,0,800
FINNIFTY02JAN2420700CE.NFO,02/01/2024,14:41:00,650.1,658.55,40,660.75,440,0,800
FINNIFTY02JAN2420700CE.NFO,02/01/2024,14:41:01,650.1,659.05,40,661.75,520,0,800
FINNIFTY02JAN2420700CE.NFO,02/01/2024,14:41:03,650.1,658.4,40,660.85,40,0,800
FINNIFTY02JAN2420700CE.NFO,02/01/2024,14:41:05,650.1,657.95,40,660.6,400,0,800
FINNIFTY02JAN2420700CE.NFO,02/01/2024,14:41:06,650.1,658.2,40,661.3,120,0,800
FINNIFTY02JAN2420700CE.NFO,02/01/2024,14:41:08,650.1,657.3,40,659.9,80,0,800
FINNIFTY02JAN2420700CE.NFO,02/01/2024,14:41:10,650.1,657.8,40,659.75,200,0,800
FINNIFTY02JAN2420700CE.NFO,02/01/2024,14:41:11,650.1,657,40,659.7,120,0,800
FINNIFTY02JAN2420700CE.NFO,02/01/2024,14:41:13,650.1,656.95,40,658.85,200,0,800
FINNIFTY02JAN2420700CE.NFO,02/01/2024,14:41:15,650.1,657.55,40,659.3,200,0,800
FINNIFTY02JAN2420700CE.NFO,02/01/2024,14:41:16,650.1,657.85,40,660,40,0,800
FINNIFTY02JAN2420700CE.NFO,02/01/2024,14:41:18,650.1,658.35,40,660.75,200,0,800
FINNIFTY02JAN2420700CE.NFO,02/01/2024,14:41:20,650.1,658.95,40,661.65,360,0,800
FINNIFTY02JAN2420700CE.NFO,02/01/2024,14:41:21,650.1,656.7,40,660.05,40,0,800
FINNIFTY02JAN2420700CE.NFO,02/01/2024,14:41:23,650.1,658.25,40,660.35,160,0,800
FINNIFTY02JAN2420700CE.NFO,02/01/2024,14:41:25,650.1,657.8,40,660.1,280,0,800
FINNIFTY02JAN2420700CE.NFO,02/01/2024,14:41:26,650.1,657.25,40,660.25,280,0,800
FINNIFTY02JAN2420700CE.NFO,02/01/2024,14:41:28,650.1,658.2,40,659.95,200,0,800
FINNIFTY02JAN2420700CE.NFO,02/01/2024,14:41:30,650.1,657.85,40,659.8,80,0,800
FINNIFTY02JAN2420700CE.NFO,02/01/2024,14:41:31,650.1,657.2,40,659.1,40,0,800
FINNIFTY02JAN2420700CE.NFO,02/01/2024,14:41:33,650.1,656.7,40,659.15,80,0,800
FINNIFTY02JAN2420700CE.NFO,02/01/2024,14:41:35,650.1,657.1,40,658.95,40,0,800
FINNIFTY02JAN2420700CE.NFO,02/01/2024,14:41:36,650.1,655.55,40,659.1,200,0,800
FINNIFTY02JAN2420700CE.NFO,02/01/2024,14:41:38,650.1,657.2,40,659.75,40,0,800
FINNIFTY02JAN2420700CE.NFO,02/01/2024,14:41:40,650.1,658.4,40,660.1,520,0,800
FINNIFTY02JAN2420700CE.NFO,02/01/2024,14:41:41,650.1,656.7,40,659.35,80,0,800
FINNIFTY02JAN2420700CE.NFO,02/01/2024,14:41:43,650.1,656.25,40,658.25,400,0,800
FINNIFTY02JAN2420700CE.NFO,02/01/2024,14:41:44,650.1,655.35,40,658.05,600,0,800
FINNIFTY02JAN2420700CE.NFO,02/01/2024,14:41:46,650.1,655.95,40,658.4,80,0,800
FINNIFTY02JAN2420700CE.NFO,02/01/2024,14:41:48,650.1,655.05,80,657.95,320,0,800
FINNIFTY02JAN2420700CE.NFO,02/01/2024,14:41:49,650.1,655.45,40,657.75,80,0,800
FINNIFTY02JAN2420700CE.NFO,02/01/2024,14:41:51,650.1,655.9,40,658.45,960,0,800
FINNIFTY02JAN2420700CE.NFO,02/01/2024,14:41:53,650.1,656.35,40,658.5,520,0,800
FINNIFTY02JAN2420700CE.NFO,02/01/2024,14:41:54,650.1,656.8,40,659.35,80,0,800
FINNIFTY02JAN2420700CE.NFO,02/01/2024,14:41:56,650.1,656.2,40,658.7,200,0,800
FINNIFTY02JAN2420700CE.NFO,02/01/2024,14:41:57,650.1,657,40,659.55,40,0,800
FINNIFTY02JAN2420700CE.NFO,02/01/2024,14:41:59,650.1,657.65,40,660,280,0,800
FINNIFTY02JAN2420700CE.NFO,02/01/2024,14:42:01,650.1,656.55,40,658.95,80,0,800
FINNIFTY02JAN2420700CE.NFO,02/01/2024,14:42:02,650.1,656.1,40,659.65,2680,0,800
FINNIFTY02JAN2420700CE.NFO,02/01/2024,14:42:04,650.1,656.9,40,659.2,40,0,800
FINNIFTY02JAN2420700CE.NFO,02/01/2024,14:42:06,650.1,656.2,200,658.7,200,0,800
FINNIFTY02JAN2420700CE.NFO,02/01/2024,14:42:07,650.1,656.75,40,658.6,320,0,800
FINNIFTY02JAN2420700CE.NFO,02/01/2024,14:42:09,650.1,656.3,40,658.3,120,0,800
FINNIFTY02JAN2420700CE.NFO,02/01/2024,14:42:11,650.1,656.7,40,658.8,200,0,800
FINNIFTY02JAN2420700CE.NFO,02/01/2024,14:42:12,650.1,655.65,80,658.45,80,0,800
FINNIFTY02JAN2420700CE.NFO,02/01/2024,14:42:14,650.1,656.55,40,658.45,200,0,800
FINNIFTY02JAN2420700CE.NFO,02/01/2024,14:42:15,650.1,655.85,40,658.5,1080,0,800
FINNIFTY02JAN2420700CE.NFO,02/01/2024,14:42:17,650.1,656.45,40,658.7,80,0,800
FINNIFTY02JAN2420700CE.NFO,02/01/2024,14:42:19,650.1,656.2,40,658.7,200,0,800
FINNIFTY02JAN2420700CE.NFO,02/01/2024,14:42:20,650.1,656.95,40,659.15,200,0,800
FINNIFTY02JAN2420700CE.NFO,02/01/2024,14:42:22,650.1,656.5,40,658.8,160,0,800
FINNIFTY02JAN2420700CE.NFO,02/01/2024,14:42:24,650.1,657.05,40,659,80,0,800
FINNIFTY02JAN2420700CE.NFO,02/01/2024,14:42:25,650.1,656.4,40,658.45,80,0,800
FINNIFTY02JAN2420700CE.NFO,02/01/2024,14:42:27,650.1,655.9,40,658.5,240,0,800
FINNIFTY02JAN2420700CE.NFO,02/01/2024,14:42:28,650.1,656.7,40,658.75,80,0,800
FINNIFTY02JAN2420700CE.NFO,02/01/2024,14:42:30,650.1,656.6,40,658.75,320,0,800
FINNIFTY02JAN2420700CE.NFO,02/01/2024,14:42:32,650.1,655.55,40,658.05,80,0,800
FINNIFTY02JAN2420700CE.NFO,02/01/2024,14:42:33,650.1,655.4,40,657.95,760,0,800
FINNIFTY02JAN2420700CE.NFO,02/01/2024,14:42:35,650.1,656.2,40,658.1,40,0,800
FINNIFTY02JAN2420700CE.NFO,02/01/2024,14:42:37,650.1,654.7,40,657.15,120,0,800
FINNIFTY02JAN2420700CE.NFO,02/01/2024,14:42:38,650.1,628.75,80,657,240,0,800
FINNIFTY02JAN2420700CE.NFO,02/01/2024,14:42:40,650.1,655.1,40,657.55,360,0,800
FINNIFTY02JAN2420700CE.NFO,02/01/2024,14:42:42,650.1,655.7,40,658,200,0,800
FINNIFTY02JAN2420700CE.NFO,02/01/2024,14:42:43,650.1,655.35,40,657.8,120,0,800
FINNIFTY02JAN2420700CE.NFO,02/01/2024,14:42:45,650.1,655.2,40,656.95,40,0,800
FINNIFTY02JAN2420700CE.NFO,02/01/2024,14:42:47,650.1,655,40,656.95,80,0,800
FINNIFTY02JAN2420700CE.NFO,02/01/2024,14:42:48,650.1,655.55,40,657.35,520,0,800
FINNIFTY02JAN2420700CE.NFO,02/01/2024,14:42:50,650.1,656.4,40,658.35,280,0,800
FINNIFTY02JAN2420700CE.NFO,02/01/2024,14:42:52,650.1,655.75,40,657.8,80,0,800
FINNIFTY02JAN2420700CE.NFO,02/01/2024,14:42:53,650.1,655.85,40,657.95,80,0,800
FINNIFTY02JAN2420700CE.NFO,02/01/2024,14:42:55,650.1,655.45,40,657.8,120,0,800
FINNIFTY02JAN2420700CE.NFO,02/01/2024,14:42:57,650.1,656.25,40,658.2,200,0,800
FINNIFTY02JAN2420700CE.NFO,02/01/2024,14:42:58,650.1,656.55,40,658.65,200,0,800
FINNIFTY02JAN2420700CE.NFO,02/01/2024,14:43:00,650.1,656.35,40,658.8,40,0,800
FINNIFTY02JAN2420700CE.NFO,02/01/2024,14:43:02,650.1,656.35,40,659,520,0,800
FINNIFTY02JAN2420700CE.NFO,02/01/2024,14:43:03,650.1,656.9,40,659,520,0,800
FINNIFTY02JAN2420700CE.NFO,02/01/2024,14:43:05,650.1,656.35,80,658.85,200,0,800
FINNIFTY02JAN2420700CE.NFO,02/01/2024,14:43:07,650.1,656.7,40,658.7,80,0,800
FINNIFTY02JAN2420700CE.NFO,02/01/2024,14:43:08,650.1,656.6,40,659,520,0,800
FINNIFTY02JAN2420700CE.NFO,02/01/2024,14:43:10,650.1,656.85,360,659,520,0,800
FINNIFTY02JAN2420700CE.NFO,02/01/2024,14:43:12,650.1,656.35,40,658.15,200,0,800
FINNIFTY02JAN2420700CE.NFO,02/01/2024,14:43:13,650.1,655.7,40,658.05,400,0,800
FINNIFTY02JAN2420700CE.NFO,02/01/2024,14:43:15,650.1,655.45,40,657.75,40,0,800
FINNIFTY02JAN2420700CE.NFO,02/01/2024,14:43:17,650.1,655.45,40,657.25,200,0,800
FINNIFTY02JAN2420700CE.NFO,02/01/2024,14:43:18,650.1,655.2,40,657.75,2800,0,800
FINNIFTY02JAN2420700CE.NFO,02/01/2024,14:43:20,650.1,655.85,40,657.8,200,0,800
FINNIFTY02JAN2420700CE.NFO,02/01/2024,14:43:22,650.1,655.75,40,657.6,40,0,800
FINNIFTY02JAN2420700CE.NFO,02/01/2024,14:43:23,650.1,654.9,40,657.15,240,0,800
FINNIFTY02JAN2420700CE.NFO,02/01/2024,14:43:25,650.1,654.4,40,657.05,400,0,800
FINNIFTY02JAN2420700CE.NFO,02/01/2024,14:43:27,650.1,655,40,657.2,1560,0,800
FINNIFTY02JAN2420700CE.NFO,02/01/2024,14:43:28,650.1,654.6,40,657.1,40,0,800
FINNIFTY02JAN2420700CE.NFO,02/01/2024,14:43:32,650.1,653.15,40,655.9,560,0,800
FINNIFTY02JAN2420700CE.NFO,02/01/2024,14:43:33,650.1,653.65,40,656.1,40,0,800
FINNIFTY02JAN2420700CE.NFO,02/01/2024,14:43:35,650.1,653.5,40,655.6,80,0,800
FINNIFTY02JAN2420700CE.NFO,02/01/2024,14:43:37,650.1,652.65,480,655.25,120,0,800
FINNIFTY02JAN2420700CE.NFO,02/01/2024,14:43:38,650.1,653.35,40,655.4,280,0,800
FINNIFTY02JAN2420700CE.NFO,02/01/2024,14:43:40,650.1,654.35,40,655.8,520,0,800
FINNIFTY02JAN2420700CE.NFO,02/01/2024,14:43:42,650.1,653.05,40,655.45,80,0,800
FINNIFTY02JAN2420700CE.NFO,02/01/2024,14:43:43,650.1,653.3,40,655.4,120,0,800
FINNIFTY02JAN2420700CE.NFO,02/01/2024,14:43:45,650.1,652.75,40,655.35,120,0,800
FINNIFTY02JAN2420700CE.NFO,02/01/2024,14:43:46,650.1,653.75,40,655.55,40,0,800
FINNIFTY02JAN2420700CE.NFO,02/01/2024,14:43:48,650.1,653.95,40,655.7,440,0,800
FINNIFTY02JAN2420700CE.NFO,02/01/2024,14:43:50,650.1,653.75,40,655.55,200,0,800
FINNIFTY02JAN2420700CE.NFO,02/01/2024,14:43:51,650.1,653.3,40,655.55,80,0,800
FINNIFTY02JAN2420700CE.NFO,02/01/2024,14:43:53,650.1,653.85,40,655.55,320,0,800
FINNIFTY02JAN2420700CE.NFO,02/01/2024,14:43:55,650.1,654.3,40,656.05,160,0,800
FINNIFTY02JAN2420700CE.NFO,02/01/2024,14:43:56,650.1,654.05,40,656.1,520,0,800
FINNIFTY02JAN2420700CE.NFO,02/01/2024,14:43:58,650.1,655,40,656.8,80,0,800
FINNIFTY02JAN2420700CE.NFO,02/01/2024,14:43:59,650.1,654.1,40,656.35,120,0,800
FINNIFTY02JAN2420700CE.NFO,02/01/2024,14:44:01,650.1,654.7,40,656.85,200,0,800
FINNIFTY02JAN2420700CE.NFO,02/01/2024,14:44:03,650.1,654.7,40,657.2,200,0,800
FINNIFTY02JAN2420700CE.NFO,02/01/2024,14:44:04,650.1,655,40,656.85,360,0,800
FINNIFTY02JAN2420700CE.NFO,02/01/2024,14:44:06,650.1,653.45,40,656.25,40,0,800
FINNIFTY02JAN2420700CE.NFO,02/01/2024,14:44:08,650.1,654.15,40,656.2,520,0,800
FINNIFTY02JAN2420700CE.NFO,02/01/2024,14:44:09,650.1,653.85,40,656.1,920,0,800
FINNIFTY02JAN2420700CE.NFO,02/01/2024,14:44:11,650.1,653.4,40,655.1,80,0,800
FINNIFTY02JAN2420700CE.NFO,02/01/2024,14:44:13,650.1,651.2,40,654.45,200,0,800
FINNIFTY02JAN2420700CE.NFO,02/01/2024,14:44:14,650.1,652.1,40,654.65,40,0,800
FINNIFTY02JAN2420700CE.NFO,02/01/2024,14:44:16,650.1,651.75,40,654.5,200,0,800
FINNIFTY02JAN2420700CE.NFO,02/01/2024,14:44:17,650.1,652.15,40,654.35,320,0,800
FINNIFTY02JAN2420700CE.NFO,02/01/2024,14:44:19,650.1,652.3,40,654.65,200,0,800
FINNIFTY02JAN2420700CE.NFO,02/01/2024,14:44:21,650.1,651.2,40,653.8,120,0,800
FINNIFTY02JAN2420700CE.NFO,02/01/2024,14:44:22,650.1,651.2,40,653.85,120,0,800
FINNIFTY02JAN2420700CE.NFO,02/01/2024,14:44:24,650.1,652,40,653.9,120,0,800
FINNIFTY02JAN2420700CE.NFO,02/01/2024,14:44:26,650.1,651.65,40,654.05,80,0,800
FINNIFTY02JAN2420700CE.NFO,02/01/2024,14:44:27,650.1,650.55,40,653.3,120,0,800
FINNIFTY02JAN2420700CE.NFO,02/01/2024,14:44:29,650.1,650.35,80,652.9,320,0,800
FINNIFTY02JAN2420700CE.NFO,02/01/2024,14:44:30,650.1,651.4,40,653.2,520,0,800
FINNIFTY02JAN2420700CE.NFO,02/01/2024,14:44:32,650.1,650.7,40,653.15,80,0,800
FINNIFTY02JAN2420700CE.NFO,02/01/2024,14:44:34,650.1,650.5,40,653.05,320,0,800
FINNIFTY02JAN2420700CE.NFO,02/01/2024,14:44:35,650.1,649.95,40,652.35,120,0,800
FINNIFTY02JAN2420700CE.NFO,02/01/2024,14:44:37,650.1,650.75,40,653,80,0,800
FINNIFTY02JAN2420700CE.NFO,02/01/2024,14:44:39,650.1,650.55,40,652.9,80,0,800
FINNIFTY02JAN2420700CE.NFO,02/01/2024,14:44:40,650.1,649.95,40,652.75,240,0,800
FINNIFTY02JAN2420700CE.NFO,02/01/2024,14:44:42,650.1,649.4,120,652.4,200,0,800
FINNIFTY02JAN2420700CE.NFO,02/01/2024,14:44:44,650.1,648.95,40,651.6,240,0,800
FINNIFTY02JAN2420700CE.NFO,02/01/2024,14:44:45,650.1,649.9,40,653.1,1920,0,800
FINNIFTY02JAN2420700CE.NFO,02/01/2024,14:44:47,650.1,650.45,40,652.85,160,0,800
FINNIFTY02JAN2420700CE.NFO,02/01/2024,14:44:48,650.1,650.95,40,652.85,120,0,800
FINNIFTY02JAN2420700CE.NFO,02/01/2024,14:44:50,650.1,649.65,40,652.45,360,0,800
FINNIFTY02JAN2420700CE.NFO,02/01/2024,14:44:52,650.1,650.5,40,652.3,120,0,800
FINNIFTY02JAN2420700CE.NFO,02/01/2024,14:44:53,650.1,650,40,651.85,120,0,800
FINNIFTY02JAN2420700CE.NFO,02/01/2024,14:44:55,650.1,649.7,40,652.2,80,0,800
FINNIFTY02JAN2420700CE.NFO,02/01/2024,14:44:57,650.1,650.5,40,652.65,80,0,800
FINNIFTY02JAN2420700CE.NFO,02/01/2024,14:44:58,650.1,651.1,40,653.2,120,0,800
FINNIFTY02JAN2420700CE.NFO,02/01/2024,14:45:00,650.1,650.25,40,652.7,160,0,800
FINNIFTY02JAN2420700CE.NFO,02/01/2024,14:45:02,650.1,649.3,40,652.1,200,0,800
FINNIFTY02JAN2420700CE.NFO,02/01/2024,14:45:03,650.1,649.85,40,651.95,120,0,800
FINNIFTY02JAN2420700CE.NFO,02/01/2024,14:45:05,650.1,649.55,40,652.05,120,0,800
FINNIFTY02JAN2420700CE.NFO,02/01/2024,14:45:07,650.1,650.1,40,652.15,200,0,800
FINNIFTY02JAN2420700CE.NFO,02/01/2024,14:45:08,650.1,649.5,40,651.75,40,0,800
FINNIFTY02JAN2420700CE.NFO,02/01/2024,14:45:10,650.1,650.1,40,652.45,160,0,800
FINNIFTY02JAN2420700CE.NFO,02/01/2024,14:45:12,650.1,650.5,40,652.55,920,0,800
FINNIFTY02JAN2420700CE.NFO,02/01/2024,14:45:13,650.1,651,40,653.2,80,0,800
FINNIFTY02JAN2420700CE.NFO,02/01/2024,14:45:15,650.1,651.65,40,653.25,80,0,800
FINNIFTY02JAN2420700CE.NFO,02/01/2024,14:45:17,650.1,651.05,40,652.9,200,0,800
FINNIFTY02JAN2420700CE.NFO,02/01/2024,14:45:18,650.1,650.65,40,653,80,0,800
FINNIFTY02JAN2420700CE.NFO,02/01/2024,14:45:20,650.1,651.6,40,653.35,520,0,800
FINNIFTY02JAN2420700CE.NFO,02/01/2024,14:45:22,650.1,651.6,40,654.35,120,0,800
FINNIFTY02JAN2420700CE.NFO,02/01/2024,14:45:23,650.1,652.25,40,654.05,80,0,800
FINNIFTY02JAN2420700CE.NFO,02/01/2024,14:45:25,650.1,652,40,653.9,80,0,800
FINNIFTY02JAN2420700CE.NFO,02/01/2024,14:45:26,650.1,651.6,40,654.1,80,0,800
FINNIFTY02JAN2420700CE.NFO,02/01/2024,14:45:28,650.1,651.15,40,653.5,320,0,800
FINNIFTY02JAN2420700CE.NFO,02/01/2024,14:45:30,650.1,651.4,40,653.4,1080,0,800
FINNIFTY02JAN2420700CE.NFO,02/01/2024,14:45:32,650.1,651.9,40,653.55,520,0,800
FINNIFTY02JAN2420700CE.NFO,02/01/2024,14:45:33,650.1,651.1,40,653,320,0,800
FINNIFTY02JAN2420700CE.NFO,02/01/2024,14:45:35,650.1,650.95,40,653.2,80,0,800
FINNIFTY02JAN2420700CE.NFO,02/01/2024,14:45:37,650.1,652.1,40,653.9,320,0,800
FINNIFTY02JAN2420700CE.NFO,02/01/2024,14:45:38,650.1,651.4,40,654.45,40,0,800
FINNIFTY02JAN2420700CE.NFO,02/01/2024,14:45:40,650.1,653.6,40,655.9,400,0,800
FINNIFTY02JAN2420700CE.NFO,02/01/2024,14:45:42,650.1,653.95,40,655.75,200,0,800
FINNIFTY02JAN2420700CE.NFO,02/01/2024,14:45:43,650.1,653.7,40,655.9,200,0,800
FINNIFTY02JAN2420700CE.NFO,02/01/2024,14:45:45,650.1,654.15,40,656.6,520,0,800
FINNIFTY02JAN2420700CE.NFO,02/01/2024,14:45:47,650.1,654.05,40,656.1,80,0,800
FINNIFTY02JAN2420700CE.NFO,02/01/2024,14:45:48,650.1,653.55,40,656.05,160,0,800
FINNIFTY02JAN2420700CE.NFO,02/01/2024,14:45:50,650.1,654.15,40,656.15,440,0,800
FINNIFTY02JAN2420700CE.NFO,02/01/2024,14:45:51,650.1,654.5,40,656.6,520,0,800
FINNIFTY02JAN2420700CE.NFO,02/01/2024,14:45:53,650.1,655.1,40,657.05,120,0,800
FINNIFTY02JAN2420700CE.NFO,02/01/2024,14:45:55,650.1,654.9,40,657.65,200,0,800
FINNIFTY02JAN2420700CE.NFO,02/01/2024,14:45:56,650.1,655.3,40,657.75,120,0,800
FINNIFTY02JAN2420700CE.NFO,02/01/2024,14:45:58,650.1,655.9,40,657.8,520,0,800
FINNIFTY02JAN2420700CE.NFO,02/01/2024,14:46:00,650.1,654.55,120,657.35,40,0,800
FINNIFTY02JAN2420700CE.NFO,02/01/2024,14:46:01,650.1,655.3,40,657.6,40,0,800
FINNIFTY02JAN2420700CE.NFO,02/01/2024,14:46:03,650.1,654.8,40,657.45,120,0,800
FINNIFTY02JAN2420700CE.NFO,02/01/2024,14:46:05,650.1,656.2,40,658.45,360,0,800
FINNIFTY02JAN2420700CE.NFO,02/01/2024,14:46:06,650.1,657.6,40,660.5,480,0,800
FINNIFTY02JAN2420700CE.NFO,02/01/2024,14:46:08,650.1,657.3,40,660.55,120,0,800
FINNIFTY02JAN2420700CE.NFO,02/01/2024,14:46:10,650.1,657.95,40,660.35,240,0,800
FINNIFTY02JAN2420700CE.NFO,02/01/2024,14:46:11,650.1,658.65,40,660.9,440,0,800
FINNIFTY02JAN2420700CE.NFO,02/01/2024,14:46:13,650.1,658.6,40,660.6,80,0,800
FINNIFTY02JAN2420700CE.NFO,02/01/2024,14:46:15,650.1,658.2,40,660.45,40,0,800
FINNIFTY02JAN2420700CE.NFO,02/01/2024,14:46:16,650.1,657.6,40,659.7,120,0,800
FINNIFTY02JAN2420700CE.NFO,02/01/2024,14:46:18,650.1,657.3,40,659.5,200,0,800
FINNIFTY02JAN2420700CE.NFO,02/01/2024,14:46:19,650.1,657.2,40,659.55,40,0,800
FINNIFTY02JAN2420700CE.NFO,02/01/2024,14:46:21,650.1,657.8,40,660.3,120,0,800
FINNIFTY02JAN2420700CE.NFO,02/01/2024,14:46:23,650.1,657.9,40,659.85,40,0,800
FINNIFTY02JAN2420700CE.NFO,02/01/2024,14:46:24,650.1,657.6,40,659.9,600,0,800
FINNIFTY02JAN2420700CE.NFO,02/01/2024,14:46:26,650.1,658.4,40,660.25,160,0,800
FINNIFTY02JAN2420700CE.NFO,02/01/2024,14:46:28,650.1,657.8,40,660.05,200,0,800
FINNIFTY02JAN2420700CE.NFO,02/01/2024,14:46:29,650.1,657.5,40,659.45,40,0,800
FINNIFTY02JAN2420700CE.NFO,02/01/2024,14:46:30,650.1,657.1,40,659.1,200,0,800
FINNIFTY02JAN2420700CE.NFO,02/01/2024,14:46:32,650.1,657.8,40,660.5,240,0,800
FINNIFTY02JAN2420700CE.NFO,02/01/2024,14:46:33,650.1,658.4,40,660.6,120,0,800
FINNIFTY02JAN2420700CE.NFO,02/01/2024,14:46:35,650.1,657.45,40,659.9,40,0,800
FINNIFTY02JAN2420700CE.NFO,02/01/2024,14:46:37,650.1,658.3,40,660.35,80,0,800
FINNIFTY02JAN2420700CE.NFO,02/01/2024,14:46:38,650.1,657.55,40,660.4,640,0,800
FINNIFTY02JAN2420700CE.NFO,02/01/2024,14:46:40,650.1,657.35,40,659.95,200,0,800
FINNIFTY02JAN2420700CE.NFO,02/01/2024,14:46:42,650.1,658.1,40,659.85,120,0,800
FINNIFTY02JAN2420700CE.NFO,02/01/2024,14:46:43,650.1,657.7,40,659.6,80,0,800
FINNIFTY02JAN2420700CE.NFO,02/01/2024,14:46:45,650.1,656.5,40,659.3,200,0,800
FINNIFTY02JAN2420700CE.NFO,02/01/2024,14:46:47,650.1,656.65,40,658.8,480,0,800
FINNIFTY02JAN2420700CE.NFO,02/01/2024,14:46:48,650.1,656.85,80,659.2,520,0,800
FINNIFTY02JAN2420700CE.NFO,02/01/2024,14:46:50,650.1,656.4,80,659.05,200,0,800
FINNIFTY02JAN2420700CE.NFO,02/01/2024,14:46:52,650.1,656.5,40,658.55,40,0,800
FINNIFTY02JAN2420700CE.NFO,02/01/2024,14:46:53,650.1,655.6,40,658.35,80,0,800
FINNIFTY02JAN2420700CE.NFO,02/01/2024,14:46:55,650.1,655.6,80,658.15,1800,0,800
FINNIFTY02JAN2420700CE.NFO,02/01/2024,14:46:57,650.1,656.2,40,658.9,3720,0,800
FINNIFTY02JAN2420700CE.NFO,02/01/2024,14:46:58,650.1,656.75,40,658.5,80,0,800
FINNIFTY02JAN2420700CE.NFO,02/01/2024,14:47:00,650.1,656.7,40,659.45,3120,0,800
FINNIFTY02JAN2420700CE.NFO,02/01/2024,14:47:02,650.1,656.5,40,658.2,80,0,800
FINNIFTY02JAN2420700CE.NFO,02/01/2024,14:47:03,650.1,655.9,40,657.95,480,0,800
FINNIFTY02JAN2420700CE.NFO,02/01/2024,14:47:05,650.1,655.8,40,657.75,80,0,800
FINNIFTY02JAN2420700CE.NFO,02/01/2024,14:47:07,650.1,656.1,40,658.2,40,0,800
FINNIFTY02JAN2420700CE.NFO,02/01/2024,14:47:08,650.1,655.6,40,658,200,0,800
FINNIFTY02JAN2420700CE.NFO,02/01/2024,14:47:10,650.1,655.3,80,657.6,160,0,800
FINNIFTY02JAN2420700CE.NFO,02/01/2024,14:47:12,650.1,655.95,40,657.85,80,0,800
FINNIFTY02JAN2420700CE.NFO,02/01/2024,14:47:13,650.1,656.35,40,658.6,80,0,800
FINNIFTY02JAN2420700CE.NFO,02/01/2024,14:47:15,650.1,656.35,40,658.4,320,0,800
FINNIFTY02JAN2420700CE.NFO,02/01/2024,14:47:17,650.1,656.2,40,658.65,120,0,800
FINNIFTY02JAN2420700CE.NFO,02/01/2024,14:47:19,650.1,656.9,40,658.9,120,0,800
FINNIFTY02JAN2420700CE.NFO,02/01/2024,14:47:20,650.1,656.35,40,658.4,80,0,800
FINNIFTY02JAN2420700CE.NFO,02/01/2024,14:47:22,650.1,656.65,40,658.45,80,0,800
FINNIFTY02JAN2420700CE.NFO,02/01/2024,14:47:24,650.1,656.95,40,659.05,200,0,800
FINNIFTY02JAN2420700CE.NFO,02/01/2024,14:47:25,650.1,656.8,480,659.15,520,0,800
FINNIFTY02JAN2420700CE.NFO,02/01/2024,14:47:27,650.1,658,40,660,80,0,800
FINNIFTY02JAN2420700CE.NFO,02/01/2024,14:47:29,650.1,658.3,40,660.4,840,0,800
FINNIFTY02JAN2420700CE.NFO,02/01/2024,14:47:31,650.1,659.25,40,661.85,120,0,800
FINNIFTY02JAN2420700CE.NFO,02/01/2024,14:47:33,650.1,660.35,40,662.75,120,0,800
FINNIFTY02JAN2420700CE.NFO,02/01/2024,14:47:35,650.1,660.35,40,662.7,40,0,800
FINNIFTY02JAN2420700CE.NFO,02/01/2024,14:47:36,650.1,661,120,663.9,200,0,800
FINNIFTY02JAN2420700CE.NFO,02/01/2024,14:47:38,650.1,660,40,662.4,200,0,800
FINNIFTY02JAN2420700CE.NFO,02/01/2024,14:47:40,650.1,660.75,40,662.9,40,0,800
FINNIFTY02JAN2420700CE.NFO,02/01/2024,14:47:41,650.1,660.15,40,662.2,160,0,800
FINNIFTY02JAN2420700CE.NFO,02/01/2024,14:47:43,650.1,659.8,40,661.5,40,0,800
FINNIFTY02JAN2420700CE.NFO,02/01/2024,14:47:45,650.1,659.55,40,662.15,120,0,800
FINNIFTY02JAN2420700CE.NFO,02/01/2024,14:47:46,650.1,659.9,40,661.95,40,0,800
FINNIFTY02JAN2420700CE.NFO,02/01/2024,14:47:48,650.1,659.95,40,661.95,160,0,800
FINNIFTY02JAN2420700CE.NFO,02/01/2024,14:47:50,650.1,660.7,40,662.8,640,0,800
FINNIFTY02JAN2420700CE.NFO,02/01/2024,14:47:51,650.1,659.45,40,661.85,240,0,800
FINNIFTY02JAN2420700CE.NFO,02/01/2024,14:47:53,650.1,658.85,40,660.6,400,0,800
FINNIFTY02JAN2420700CE.NFO,02/01/2024,14:47:55,650.1,658.5,40,660.45,40,0,800
FINNIFTY02JAN2420700CE.NFO,02/01/2024,14:47:56,650.1,657.9,40,660.4,40,0,800
FINNIFTY02JAN2420700CE.NFO,02/01/2024,14:47:58,650.1,658.65,40,660.4,200,0,800
FINNIFTY02JAN2420700CE.NFO,02/01/2024,14:48:00,650.1,659.45,40,660.7,520,0,800
FINNIFTY02JAN2420700CE.NFO,02/01/2024,14:48:01,650.1,659.2,40,661.1,120,0,800
FINNIFTY02JAN2420700CE.NFO,02/01/2024,14:48:03,650.1,658.6,40,660.7,80,0,800
FINNIFTY02JAN2420700CE.NFO,02/01/2024,14:48:05,650.1,658.25,40,660.6,200,0,800
FINNIFTY02JAN2420700CE.NFO,02/01/2024,14:48:06,650.1,658.85,40,661.05,520,0,800
FINNIFTY02JAN2420700CE.NFO,02/01/2024,14:48:08,650.1,658.8,40,660.95,80,0,800
FINNIFTY02JAN2420700CE.NFO,02/01/2024,14:48:10,650.1,659.45,40,661.05,520,0,800
FINNIFTY02JAN2420700CE.NFO,02/01/2024,14:48:11,650.1,659.5,40,661.05,520,0,800
FINNIFTY02JAN2420700CE.NFO,02/01/2024,14:48:13,650.1,659.7,40,661.05,520,0,800
FINNIFTY02JAN2420700CE.NFO,02/01/2024,14:48:15,650.1,659.4,40,661.05,520,0,800
FINNIFTY02JAN2420700CE.NFO,02/01/2024,14:48:16,650.1,659,40,660.9,40,0,800
FINNIFTY02JAN2420700CE.NFO,02/01/2024,14:48:18,650.1,658.8,40,660.65,120,0,800
FINNIFTY02JAN2420700CE.NFO,02/01/2024,14:48:20,650.1,658.3,40,660.25,40,0,800
FINNIFTY02JAN2420700CE.NFO,02/01/2024,14:48:21,650.1,657.25,40,660.05,40,0,800
FINNIFTY02JAN2420700CE.NFO,02/01/2024,14:48:23,650.1,657.2,40,659.4,80,0,800
FINNIFTY02JAN2420700CE.NFO,02/01/2024,14:48:25,650.1,657.05,40,659.25,200,0,800
FINNIFTY02JAN2420700CE.NFO,02/01/2024,14:48:26,650.1,656.7,40,658.95,80,0,800
FINNIFTY02JAN2420700CE.NFO,02/01/2024,14:48:28,650.1,656.75,80,658.6,200,0,800
FINNIFTY02JAN2420700CE.NFO,02/01/2024,14:48:30,650.1,656.8,40,658.45,80,0,800
FINNIFTY02JAN2420700CE.NFO,02/01/2024,14:48:31,650.1,656.2,40,658.4,120,0,800
FINNIFTY02JAN2420700CE.NFO,02/01/2024,14:48:33,650.1,656.75,40,658.5,440,0,800
FINNIFTY02JAN2420700CE.NFO,02/01/2024,14:48:35,650.1,656.3,40,658.95,200,0,800
FINNIFTY02JAN2420700CE.NFO,02/01/2024,14:48:36,650.1,655.75,40,658.55,160,0,800
FINNIFTY02JAN2420700CE.NFO,02/01/2024,14:48:38,650.1,655.65,40,658.25,200,0,800
FINNIFTY02JAN2420700CE.NFO,02/01/2024,14:48:40,650.1,657.05,40,658.95,200,0,800
FINNIFTY02JAN2420700CE.NFO,02/01/2024,14:48:41,650.1,656.25,40,658.65,40,0,800
FINNIFTY02JAN2420700CE.NFO,02/01/2024,14:48:43,650.1,656.7,40,658.45,80,0,800
FINNIFTY02JAN2420700CE.NFO,02/01/2024,14:48:45,650.1,656.6,40,658.9,160,0,800
FINNIFTY02JAN2420700CE.NFO,02/01/2024,14:48:46,650.1,657.3,40,659.35,80,0,800
FINNIFTY02JAN2420700CE.NFO,02/01/2024,14:48:48,650.1,657.2,40,659.35,120,0,800
FINNIFTY02JAN2420700CE.NFO,02/01/2024,14:48:50,650.1,657.9,40,659.95,80,0,800
FINNIFTY02JAN2420700CE.NFO,02/01/2024,14:48:51,650.1,657.5,40,660.1,40,0,800
FINNIFTY02JAN2420700CE.NFO,02/01/2024,14:48:53,650.1,658.3,40,660.15,160,0,800
FINNIFTY02JAN2420700CE.NFO,02/01/2024,14:48:55,650.1,658.1,40,660.25,600,0,800
FINNIFTY02JAN2420700CE.NFO,02/01/2024,14:48:56,650.1,658.6,40,660.5,80,0,800
FINNIFTY02JAN2420700CE.NFO,02/01/2024,14:48:58,650.1,657.9,40,660.1,120,0,800
FINNIFTY02JAN2420700CE.NFO,02/01/2024,14:49:00,650.1,657.45,40,660.15,80,0,800
FINNIFTY02JAN2420700CE.NFO,02/01/2024,14:49:01,650.1,658.25,40,660.5,1360,0,800
FINNIFTY02JAN2420700CE.NFO,02/01/2024,14:49:03,650.1,658.9,40,660.65,80,0,800
FINNIFTY02JAN2420700CE.NFO,02/01/2024,14:49:05,650.1,658.95,40,661.15,80,0,800
FINNIFTY02JAN2420700CE.NFO,02/01/2024,14:49:06,650.1,659.35,40,661.4,160,0,800
FINNIFTY02JAN2420700CE.NFO,02/01/2024,14:49:08,650.1,658.35,160,660.65,80,0,800
FINNIFTY02JAN2420700CE.NFO,02/01/2024,14:49:10,650.1,657.85,120,660.25,40,0,800
FINNIFTY02JAN2420700CE.NFO,02/01/2024,14:49:11,650.1,657.9,40,660.4,560,0,800
FINNIFTY02JAN2420700CE.NFO,02/01/2024,14:49:13,650.1,657.8,40,660.2,240,0,800
FINNIFTY02JAN2420700CE.NFO,02/01/2024,14:49:15,650.1,658.2,40,660.1,440,0,800
FINNIFTY02JAN2420700CE.NFO,02/01/2024,14:49:16,650.1,657.9,40,660.1,400,0,800
FINNIFTY02JAN2420700CE.NFO,02/01/2024,14:49:18,650.1,657.4,40,659.65,40,0,800
FINNIFTY02JAN2420700CE.NFO,02/01/2024,14:49:20,650.1,656.45,200,659.4,200,0,800
FINNIFTY02JAN2420700CE.NFO,02/01/2024,14:49:21,650.1,657.15,40,659.15,2360,0,800
FINNIFTY02JAN2420700CE.NFO,02/01/2024,14:49:23,650.1,657.25,40,659.3,120,0,800
FINNIFTY02JAN2420700CE.NFO,02/01/2024,14:49:24,650.1,657.55,40,659.55,120,0,800
FINNIFTY02JAN2420700CE.NFO,02/01/2024,14:49:26,650.1,657.4,40,659.95,680,0,800
FINNIFTY02JAN2420700CE.NFO,02/01/2024,14:49:28,650.1,658.2,40,660.25,80,0,800
FINNIFTY02JAN2420700CE.NFO,02/01/2024,14:49:30,650.1,657.7,40,660.1,200,0,800
FINNIFTY02JAN2420700CE.NFO,02/01/2024,14:49:30,650.1,657.9,40,659.95,80,0,800
FINNIFTY02JAN2420700CE.NFO,02/01/2024,14:49:32,650.1,657.4,40,659.8,760,0,800
FINNIFTY02JAN2420700CE.NFO,02/01/2024,14:49:34,650.1,657.75,40,659.4,80,0,800
FINNIFTY02JAN2420700CE.NFO,02/01/2024,14:49:35,650.1,657.55,40,659.2,80,0,800
FINNIFTY02JAN2420700CE.NFO,02/01/2024,14:49:37,650.1,657.85,40,659.75,80,0,800
FINNIFTY02JAN2420700CE.NFO,02/01/2024,14:49:39,650.1,657.5,40,659.9,80,0,800
FINNIFTY02JAN2420700CE.NFO,02/01/2024,14:49:40,650.1,657.6,40,659.9,40,0,800
FINNIFTY02JAN2420700CE.NFO,02/01/2024,14:49:42,650.1,658.1,40,659.9,520,0,800
FINNIFTY02JAN2420700CE.NFO,02/01/2024,14:49:44,650.1,656.75,40,659.3,80,0,800
FINNIFTY02JAN2420700CE.NFO,02/01/2024,14:49:45,650.1,656.6,40,659,400,0,800
FINNIFTY02JAN2420700CE.NFO,02/01/2024,14:49:47,650.1,655.45,120,658.6,80,0,800
FINNIFTY02JAN2420700CE.NFO,02/01/2024,14:49:49,650.1,656.05,40,658.55,640,0,800
FINNIFTY02JAN2420700CE.NFO,02/01/2024,14:49:50,650.1,656.65,40,658.75,80,0,800
FINNIFTY02JAN2420700CE.NFO,02/01/2024,14:49:52,650.1,657.4,40,659.05,80,0,800
FINNIFTY02JAN2420700CE.NFO,02/01/2024,14:49:54,650.1,656.75,40,659.2,480,0,800
FINNIFTY02JAN2420700CE.NFO,02/01/2024,14:49:55,650.1,657.3,40,659.2,80,0,800
FINNIFTY02JAN2420700CE.NFO,02/01/2024,14:49:57,650.1,658,40,660.45,120,0,800
FINNIFTY02JAN2420700CE.NFO,02/01/2024,14:49:59,650.1,657.8,40,660.45,40,0,800
FINNIFTY02JAN2420700CE.NFO,02/01/2024,14:50:00,650.1,658.05,40,660.2,120,0,800
FINNIFTY02JAN2420700CE.NFO,02/01/2024,14:50:02,650.1,658.75,40,660.4,120,0,800
FINNIFTY02JAN2420700CE.NFO,02/01/2024,14:50:04,650.1,658.25,40,660.45,400,0,800
FINNIFTY02JAN2420700CE.NFO,02/01/2024,14:50:05,650.1,658.1,40,660.1,40,0,800
FINNIFTY02JAN2420700CE.NFO,02/01/2024,14:50:07,650.1,657.75,40,659.6,200,0,800
FINNIFTY02JAN2420700CE.NFO,02/01/2024,14:50:09,650.1,657.05,40,659.3,40,0,800
FINNIFTY02JAN2420700CE.NFO,02/01/2024,14:50:10,650.1,656.65,40,659.25,200,0,800
FINNIFTY02JAN2420700CE.NFO,02/01/2024,14:50:12,650.1,657.45,40,659.5,80,0,800
FINNIFTY02JAN2420700CE.NFO,02/01/2024,14:50:14,650.1,657.9,40,659.6,200,0,800
FINNIFTY02JAN2420700CE.NFO,02/01/2024,14:50:15,650.1,657.5,120,659.75,160,0,800
FINNIFTY02JAN2420700CE.NFO,02/01/2024,14:50:17,650.1,658.3,40,660.35,200,0,800
FINNIFTY02JAN2420700CE.NFO,02/01/2024,14:50:19,650.1,658.65,40,660.4,320,0,800
FINNIFTY02JAN2420700CE.NFO,02/01/2024,14:50:20,650.1,658.25,40,659.95,120,0,800
FINNIFTY02JAN2420700CE.NFO,02/01/2024,14:50:22,650.1,658.25,40,660.05,80,0,800
FINNIFTY02JAN2420700CE.NFO,02/01/2024,14:50:24,650.1,658.4,40,660.05,240,0,800
FINNIFTY02JAN2420700CE.NFO,02/01/2024,14:50:25,650.1,658.05,40,660.05,80,0,800
FINNIFTY02JAN2420700CE.NFO,02/01/2024,14:50:27,650.1,657.5,160,659.8,80,0,800
FINNIFTY02JAN2420700CE.NFO,02/01/2024,14:50:29,650.1,657.15,40,659.6,560,0,800
FINNIFTY02JAN2420700CE.NFO,02/01/2024,14:50:31,650.1,657.35,40,659.35,80,0,800
FINNIFTY02JAN2420700CE.NFO,02/01/2024,14:50:33,650.1,657.35,40,659.4,80,0,800
FINNIFTY02JAN2420700CE.NFO,02/01/2024,14:50:34,650.1,657.85,40,659.9,160,0,800
FINNIFTY02JAN2420700CE.NFO,02/01/2024,14:50:36,650.1,657.8,40,659.75,120,0,800
FINNIFTY02JAN2420700CE.NFO,02/01/2024,14:50:37,650.1,658.05,40,659.7,120,0,800
FINNIFTY02JAN2420700CE.NFO,02/01/2024,14:50:39,650.1,657.75,40,659.6,320,0,800
FINNIFTY02JAN2420700CE.NFO,02/01/2024,14:50:41,650.1,656.95,40,659.55,520,0,800
