Ticker,Date,Time,LTP,BuyPrice,BuyQty,SellPrice,SellQty,LTQ,OpenInterest
FINNIFTY02JAN2419950PE.NFO,02/01/2024,09:15:02,0.1,0.1,23000,1,1000,400,14360
FINNIFTY02JAN2419950PE.NFO,02/01/2024,09:15:02,0.1,0.1,23000,1,1000,0,14360
FINNIFTY02JAN2419950PE.NFO,02/01/2024,09:15:02,0.1,0.1,23000,1,1000,0,14360
FINNIFTY02JAN2419950PE.NFO,02/01/2024,09:15:02,0.1,0.1,23000,1,1000,0,14360
FINNIFTY02JAN2419950PE.NFO,02/01/2024,09:15:16,0.1,0.2,1440,0.5,800,0,14360
FINNIFTY02JAN2419950PE.NFO,02/01/2024,09:15:28,0.2,0.2,5360,0.35,1440,1840,14360
FINNIFTY02JAN2419950PE.NFO,02/01/2024,09:15:28,0.2,0.2,5360,0.35,1440,0,14360
FINNIFTY02JAN2419950PE.NFO,02/01/2024,09:15:39,0.2,0.2,8240,0.35,1440,0,14360
FINNIFTY02JAN2419950PE.NFO,02/01/2024,09:15:50,0.2,0.2,8280,0.35,1440,0,14360
FINNIFTY02JAN2419950PE.NFO,02/01/2024,09:16:00,0.2,0.2,8280,0.35,1720,0,14360
FINNIFTY02JAN2419950PE.NFO,02/01/2024,09:16:12,0.2,0.2,8560,0.35,2200,360,14360
FINNIFTY02JAN2419950PE.NFO,02/01/2024,09:16:22,0.2,0.2,8560,0.3,480,0,14360
FINNIFTY02JAN2419950PE.NFO,02/01/2024,09:17:00,0.3,0.2,8560,0.3,280,200,14360
FINNIFTY02JAN2419950PE.NFO,02/01/2024,09:17:00,0.3,0.2,8560,0.3,280,0,14360
FINNIFTY02JAN2419950PE.NFO,02/01/2024,09:17:10,0.3,0.2,8560,0.3,760,720,14360
FINNIFTY02JAN2419950PE.NFO,02/01/2024,09:17:19,0.25,0.2,12160,0.3,2320,1480,14360
FINNIFTY02JAN2419950PE.NFO,02/01/2024,09:17:29,0.3,0.25,2560,0.3,1960,3640,14360
FINNIFTY02JAN2419950PE.NFO,02/01/2024,09:17:38,0.25,0.25,2080,0.3,2280,480,15040
FINNIFTY02JAN2419950PE.NFO,02/01/2024,09:17:48,0.25,0.25,2080,0.3,4080,0,15040
FINNIFTY02JAN2419950PE.NFO,02/01/2024,09:18:36,0.25,0.25,1880,0.3,4080,200,15040
FINNIFTY02JAN2419950PE.NFO,02/01/2024,09:18:46,0.25,0.25,1880,0.3,4080,0,15040
FINNIFTY02JAN2419950PE.NFO,02/01/2024,09:18:55,0.25,0.25,2280,0.3,4080,0,15040
FINNIFTY02JAN2419950PE.NFO,02/01/2024,09:19:25,0.25,0.25,2240,0.3,4080,40,15040
FINNIFTY02JAN2419950PE.NFO,02/01/2024,09:19:35,0.25,0.25,320,0.3,4120,1520,15040
FINNIFTY02JAN2419950PE.NFO,02/01/2024,09:19:45,0.2,0.2,12720,0.3,2280,800,15040
FINNIFTY02JAN2419950PE.NFO,02/01/2024,09:19:55,0.2,0.2,12720,0.3,2280,0,15040
FINNIFTY02JAN2419950PE.NFO,02/01/2024,09:20:36,0.25,0.2,12720,0.25,120,120,15760
FINNIFTY02JAN2419950PE.NFO,02/01/2024,09:20:45,0.25,0.2,13040,0.3,2440,0,15760
FINNIFTY02JAN2419950PE.NFO,02/01/2024,09:20:55,0.25,0.2,14040,0.3,2440,0,15760
FINNIFTY02JAN2419950PE.NFO,02/01/2024,09:21:04,0.25,0.2,15040,0.3,2440,0,15760
FINNIFTY02JAN2419950PE.NFO,02/01/2024,09:21:25,0.25,0.2,14280,0.3,1720,0,15760
FINNIFTY02JAN2419950PE.NFO,02/01/2024,09:21:35,0.25,0.2,15160,0.3,2600,0,15760
FINNIFTY02JAN2419950PE.NFO,02/01/2024,09:22:18,0.25,0.2,15160,0.3,5560,0,15760
FINNIFTY02JAN2419950PE.NFO,02/01/2024,09:22:40,0.25,0.2,15160,0.3,4040,0,15760
FINNIFTY02JAN2419950PE.NFO,02/01/2024,09:24:45,0.3,0.2,15160,0.3,3640,400,15720
FINNIFTY02JAN2419950PE.NFO,02/01/2024,09:25:05,0.3,0.2,15160,0.3,4680,0,15720
FINNIFTY02JAN2419950PE.NFO,02/01/2024,09:26:25,0.3,0.25,1440,0.3,3640,0,15720
FINNIFTY02JAN2419950PE.NFO,02/01/2024,09:26:36,0.3,0.25,1320,0.3,2480,2120,15560
FINNIFTY02JAN2419950PE.NFO,02/01/2024,09:26:57,0.3,0.25,1320,0.3,2480,0,15560
FINNIFTY02JAN2419950PE.NFO,02/01/2024,09:28:07,0.3,0.25,1320,0.3,2080,400,15560
FINNIFTY02JAN2419950PE.NFO,02/01/2024,09:28:17,0.3,0.25,1320,0.3,2080,0,15560
FINNIFTY02JAN2419950PE.NFO,02/01/2024,09:30:18,0.25,0.25,1200,0.3,2080,120,14600
FINNIFTY02JAN2419950PE.NFO,02/01/2024,09:30:38,0.25,0.25,1160,0.3,2080,40,14600
FINNIFTY02JAN2419950PE.NFO,02/01/2024,09:30:48,0.25,0.25,1080,0.3,2080,80,14600
FINNIFTY02JAN2419950PE.NFO,02/01/2024,09:30:58,0.25,0.25,960,0.3,2080,120,14600
FINNIFTY02JAN2419950PE.NFO,02/01/2024,09:31:30,0.25,0.25,840,0.3,2080,120,14600
FINNIFTY02JAN2419950PE.NFO,02/01/2024,09:31:39,0.25,0.25,840,0.3,2080,0,14600
FINNIFTY02JAN2419950PE.NFO,02/01/2024,09:32:08,0.25,0.25,720,0.3,2080,120,14600
FINNIFTY02JAN2419950PE.NFO,02/01/2024,09:32:18,0.25,0.25,720,0.3,2080,0,14600
FINNIFTY02JAN2419950PE.NFO,02/01/2024,09:33:17,0.25,0.25,720,0.3,2440,0,14600
FINNIFTY02JAN2419950PE.NFO,02/01/2024,09:33:46,0.25,0.25,680,0.3,2280,40,14000
FINNIFTY02JAN2419950PE.NFO,02/01/2024,09:34:23,0.25,0.25,680,0.3,2280,0,14000
FINNIFTY02JAN2419950PE.NFO,02/01/2024,09:34:32,0.25,0.25,1000,0.3,2480,200,14000
FINNIFTY02JAN2419950PE.NFO,02/01/2024,09:34:50,0.25,0.25,720,0.3,2480,80,14000
FINNIFTY02JAN2419950PE.NFO,02/01/2024,09:34:59,0.25,0.25,640,0.3,2480,80,14000
FINNIFTY02JAN2419950PE.NFO,02/01/2024,09:35:09,0.25,0.25,760,0.3,2480,0,14000
FINNIFTY02JAN2419950PE.NFO,02/01/2024,09:35:18,0.25,0.25,640,0.3,2480,120,14000
FINNIFTY02JAN2419950PE.NFO,02/01/2024,09:35:37,0.25,0.25,560,0.3,2480,80,13480
FINNIFTY02JAN2419950PE.NFO,02/01/2024,09:36:15,0.25,0.25,520,0.3,2480,40,13480
FINNIFTY02JAN2419950PE.NFO,02/01/2024,09:36:33,0.25,0.25,520,0.3,2360,0,13480
FINNIFTY02JAN2419950PE.NFO,02/01/2024,09:37:09,0.25,0.25,920,0.3,2360,0,13480
FINNIFTY02JAN2419950PE.NFO,02/01/2024,09:37:27,0.25,0.25,880,0.3,2360,40,13480
FINNIFTY02JAN2419950PE.NFO,02/01/2024,09:37:45,0.25,0.25,480,0.3,2360,0,13480
FINNIFTY02JAN2419950PE.NFO,02/01/2024,09:39:07,0.25,0.25,360,0.3,2360,200,13480
FINNIFTY02JAN2419950PE.NFO,02/01/2024,09:40:26,0.25,0.25,160,0.3,2360,200,13320
FINNIFTY02JAN2419950PE.NFO,02/01/2024,09:40:36,0.25,0.2,15040,0.3,2360,160,13320
FINNIFTY02JAN2419950PE.NFO,02/01/2024,09:40:57,0.25,0.2,15040,0.3,2360,0,13320
FINNIFTY02JAN2419950PE.NFO,02/01/2024,09:41:37,0.25,0.2,15040,0.3,2560,0,13320
FINNIFTY02JAN2419950PE.NFO,02/01/2024,09:41:47,0.25,0.2,15040,0.3,2720,0,13320
FINNIFTY02JAN2419950PE.NFO,02/01/2024,09:43:53,0.25,0.2,14040,0.3,2840,0,13320
FINNIFTY02JAN2419950PE.NFO,02/01/2024,09:44:30,0.25,0.2,14040,0.25,2080,160,12760
FINNIFTY02JAN2419950PE.NFO,02/01/2024,09:44:39,0.25,0.2,14040,0.25,1200,0,12760
FINNIFTY02JAN2419950PE.NFO,02/01/2024,09:44:58,0.25,0.2,14920,0.25,1200,0,12760
FINNIFTY02JAN2419950PE.NFO,02/01/2024,09:48:15,0.25,0.2,13920,0.25,1200,0,12760
FINNIFTY02JAN2419950PE.NFO,02/01/2024,09:48:42,0.25,0.2,13120,0.25,1200,0,12760
FINNIFTY02JAN2419950PE.NFO,02/01/2024,09:49:38,0.25,0.2,13200,0.25,4400,0,12760
FINNIFTY02JAN2419950PE.NFO,02/01/2024,09:49:56,0.25,0.2,11400,0.25,4400,0,12760
FINNIFTY02JAN2419950PE.NFO,02/01/2024,09:50:05,0.25,0.2,9600,0.25,4400,0,12760
FINNIFTY02JAN2419950PE.NFO,02/01/2024,09:53:55,0.25,0.2,9600,0.25,4480,0,12760
FINNIFTY02JAN2419950PE.NFO,02/01/2024,09:56:04,0.2,0.2,8880,0.25,4480,720,12920
FINNIFTY02JAN2419950PE.NFO,02/01/2024,09:56:41,0.2,0.2,8880,0.25,4480,0,12920
FINNIFTY02JAN2419950PE.NFO,02/01/2024,09:56:53,0.2,0.2,7080,0.25,3320,1080,12920
FINNIFTY02JAN2419950PE.NFO,02/01/2024,09:57:05,0.2,0.2,7080,0.25,3320,0,12920
FINNIFTY02JAN2419950PE.NFO,02/01/2024,09:57:18,0.25,0.2,7880,0.25,4840,280,12920
FINNIFTY02JAN2419950PE.NFO,02/01/2024,09:57:30,0.25,0.2,7080,0.25,3480,320,12920
FINNIFTY02JAN2419950PE.NFO,02/01/2024,09:57:43,0.25,0.2,6480,0.25,2920,2400,12920
FINNIFTY02JAN2419950PE.NFO,02/01/2024,09:57:54,0.2,0.2,7080,0.25,1440,2000,12920
FINNIFTY02JAN2419950PE.NFO,02/01/2024,09:58:05,0.2,0.2,7080,0.25,1440,0,12920
FINNIFTY02JAN2419950PE.NFO,02/01/2024,09:58:16,0.2,0.2,6880,0.25,1440,200,12920
FINNIFTY02JAN2419950PE.NFO,02/01/2024,09:58:28,0.25,0.2,6680,0.25,1160,480,12920
FINNIFTY02JAN2419950PE.NFO,02/01/2024,09:58:41,0.3,0.25,680,0.3,1920,840,12920
FINNIFTY02JAN2419950PE.NFO,02/01/2024,09:58:51,0.3,0.25,40,0.3,1880,40,12920
FINNIFTY02JAN2419950PE.NFO,02/01/2024,09:59:02,0.3,0.25,360,0.3,1520,360,12920
FINNIFTY02JAN2419950PE.NFO,02/01/2024,09:59:13,0.3,0.25,200,0.35,2000,40,12920
FINNIFTY02JAN2419950PE.NFO,02/01/2024,09:59:26,0.3,0.25,200,0.35,3600,0,12920
FINNIFTY02JAN2419950PE.NFO,02/01/2024,09:59:37,0.3,0.25,40,0.35,5200,1040,12320
FINNIFTY02JAN2419950PE.NFO,02/01/2024,09:59:37,0.35,0.25,40,0.35,5200,0,12320
FINNIFTY02JAN2419950PE.NFO,02/01/2024,09:59:48,0.3,0.25,200,0.3,800,0,12320
FINNIFTY02JAN2419950PE.NFO,02/01/2024,09:59:59,0.3,0.25,360,0.3,920,320,12320
FINNIFTY02JAN2419950PE.NFO,02/01/2024,10:00:10,0.3,0.25,480,0.3,1480,600,12320
FINNIFTY02JAN2419950PE.NFO,02/01/2024,10:00:22,0.3,0.25,400,0.3,12440,360,12320
FINNIFTY02JAN2419950PE.NFO,02/01/2024,10:00:35,0.3,0.25,400,0.3,12440,0,12320
FINNIFTY02JAN2419950PE.NFO,02/01/2024,10:01:08,0.25,0.25,160,0.3,12680,400,12320
FINNIFTY02JAN2419950PE.NFO,02/01/2024,10:01:19,0.2,0.2,13440,0.3,10920,360,12320
FINNIFTY02JAN2419950PE.NFO,02/01/2024,10:01:31,0.2,0.2,20680,0.25,960,120,12320
FINNIFTY02JAN2419950PE.NFO,02/01/2024,10:01:41,0.2,0.2,20680,0.25,960,0,12320
FINNIFTY02JAN2419950PE.NFO,02/01/2024,10:01:52,0.2,0.2,20400,0.25,960,280,12320
FINNIFTY02JAN2419950PE.NFO,02/01/2024,10:02:02,0.2,0.2,20120,0.25,960,280,12320
FINNIFTY02JAN2419950PE.NFO,02/01/2024,10:02:12,0.2,0.2,12920,0.25,1200,0,12320
FINNIFTY02JAN2419950PE.NFO,02/01/2024,10:02:33,0.2,0.2,13280,0.25,960,0,12320
FINNIFTY02JAN2419950PE.NFO,02/01/2024,10:03:14,0.2,0.2,12960,0.25,960,320,12560
FINNIFTY02JAN2419950PE.NFO,02/01/2024,10:03:27,0.2,0.2,12480,0.25,2360,480,12560
FINNIFTY02JAN2419950PE.NFO,02/01/2024,10:03:39,0.2,0.2,12480,0.25,2360,0,12560
FINNIFTY02JAN2419950PE.NFO,02/01/2024,10:04:00,0.2,0.2,12240,0.25,2120,240,12560
FINNIFTY02JAN2419950PE.NFO,02/01/2024,10:04:10,0.2,0.2,12240,0.25,2120,0,12560
FINNIFTY02JAN2419950PE.NFO,02/01/2024,10:04:31,0.25,0.2,12240,0.25,2040,320,12560
FINNIFTY02JAN2419950PE.NFO,02/01/2024,10:04:41,0.25,0.2,12240,0.25,1920,120,12560
FINNIFTY02JAN2419950PE.NFO,02/01/2024,10:05:02,0.25,0.2,11840,0.25,4400,560,12560
FINNIFTY02JAN2419950PE.NFO,02/01/2024,10:05:13,0.25,0.2,11840,0.25,4320,80,12560
FINNIFTY02JAN2419950PE.NFO,02/01/2024,10:05:23,0.25,0.2,11840,0.25,5320,440,12560
FINNIFTY02JAN2419950PE.NFO,02/01/2024,10:05:33,0.25,0.2,11840,0.25,6320,360,12560
FINNIFTY02JAN2419950PE.NFO,02/01/2024,10:05:43,0.25,0.2,11840,0.25,6080,240,14440
FINNIFTY02JAN2419950PE.NFO,02/01/2024,10:05:53,0.25,0.2,11760,0.25,6720,440,14440
FINNIFTY02JAN2419950PE.NFO,02/01/2024,10:06:03,0.25,0.2,11760,0.25,6560,400,14440
FINNIFTY02JAN2419950PE.NFO,02/01/2024,10:06:24,0.25,0.2,11760,0.25,6440,120,14440
FINNIFTY02JAN2419950PE.NFO,02/01/2024,10:06:34,0.25,0.2,11760,0.25,6440,0,14440
FINNIFTY02JAN2419950PE.NFO,02/01/2024,10:06:44,0.25,0.2,11760,0.25,6560,0,14440
FINNIFTY02JAN2419950PE.NFO,02/01/2024,10:06:54,0.25,0.2,11760,0.25,6280,40,14440
FINNIFTY02JAN2419950PE.NFO,02/01/2024,10:07:26,0.2,0.2,11640,0.25,6280,120,14440
FINNIFTY02JAN2419950PE.NFO,02/01/2024,10:07:37,0.2,0.2,11240,0.25,6520,400,14440
FINNIFTY02JAN2419950PE.NFO,02/01/2024,10:07:48,0.2,0.2,10720,0.25,6280,520,14440
FINNIFTY02JAN2419950PE.NFO,02/01/2024,10:07:58,0.2,0.2,9280,0.25,6280,0,14440
FINNIFTY02JAN2419950PE.NFO,02/01/2024,10:08:08,0.25,0.2,9280,0.25,6200,80,14440
FINNIFTY02JAN2419950PE.NFO,02/01/2024,10:08:28,0.25,0.2,9280,0.25,6160,40,14440
FINNIFTY02JAN2419950PE.NFO,02/01/2024,10:08:38,0.25,0.2,9280,0.25,6040,120,14440
FINNIFTY02JAN2419950PE.NFO,02/01/2024,10:08:48,0.25,0.2,9200,0.25,5520,600,15280
FINNIFTY02JAN2419950PE.NFO,02/01/2024,10:08:58,0.25,0.2,9200,0.25,5200,320,15280
FINNIFTY02JAN2419950PE.NFO,02/01/2024,10:09:08,0.25,0.2,9200,0.25,4920,280,15280
FINNIFTY02JAN2419950PE.NFO,02/01/2024,10:09:47,0.25,0.2,9200,0.25,6360,0,15280
FINNIFTY02JAN2419950PE.NFO,02/01/2024,10:10:07,0.25,0.2,9200,0.25,6280,80,15280
FINNIFTY02JAN2419950PE.NFO,02/01/2024,10:10:17,0.25,0.2,9200,0.25,6040,240,15280
FINNIFTY02JAN2419950PE.NFO,02/01/2024,10:10:26,0.25,0.2,17840,0.25,5600,440,15280
FINNIFTY02JAN2419950PE.NFO,02/01/2024,10:10:36,0.25,0.2,29640,0.25,5400,200,15280
FINNIFTY02JAN2419950PE.NFO,02/01/2024,10:10:46,0.25,0.2,29760,0.25,5280,120,15280
FINNIFTY02JAN2419950PE.NFO,02/01/2024,10:10:56,0.25,0.2,29760,0.25,5120,160,15280
FINNIFTY02JAN2419950PE.NFO,02/01/2024,10:11:06,0.25,0.2,28160,0.25,5440,0,15280
FINNIFTY02JAN2419950PE.NFO,02/01/2024,10:12:03,0.2,0.2,28040,0.25,5440,120,15000
FINNIFTY02JAN2419950PE.NFO,02/01/2024,10:12:32,0.25,0.2,28040,0.25,5720,120,15000
FINNIFTY02JAN2419950PE.NFO,02/01/2024,10:12:43,0.25,0.2,28040,0.25,5400,320,15000
FINNIFTY02JAN2419950PE.NFO,02/01/2024,10:12:54,0.25,0.2,28040,0.25,5040,360,15000
FINNIFTY02JAN2419950PE.NFO,02/01/2024,10:13:04,0.25,0.2,28040,0.25,5040,0,15000
FINNIFTY02JAN2419950PE.NFO,02/01/2024,10:13:24,0.25,0.2,28080,0.25,5040,0,15000
FINNIFTY02JAN2419950PE.NFO,02/01/2024,10:14:04,0.25,0.2,28080,0.25,4640,0,15000
FINNIFTY02JAN2419950PE.NFO,02/01/2024,10:14:14,0.2,0.2,27720,0.25,5160,360,15000
FINNIFTY02JAN2419950PE.NFO,02/01/2024,10:14:24,0.2,0.2,29200,0.25,4920,320,15000
FINNIFTY02JAN2419950PE.NFO,02/01/2024,10:14:34,0.2,0.2,28920,0.25,5080,280,15000
FINNIFTY02JAN2419950PE.NFO,02/01/2024,10:14:45,0.2,0.2,28720,0.25,6320,400,14520
FINNIFTY02JAN2419950PE.NFO,02/01/2024,10:14:54,0.2,0.2,28720,0.25,6320,0,14520
FINNIFTY02JAN2419950PE.NFO,02/01/2024,10:15:14,0.2,0.2,28720,0.25,6360,0,14520
FINNIFTY02JAN2419950PE.NFO,02/01/2024,10:15:24,0.2,0.2,28520,0.25,6520,200,14520
FINNIFTY02JAN2419950PE.NFO,02/01/2024,10:15:34,0.2,0.2,28440,0.25,6520,80,14520
FINNIFTY02JAN2419950PE.NFO,02/01/2024,10:15:44,0.2,0.2,28440,0.25,6520,0,14520
FINNIFTY02JAN2419950PE.NFO,02/01/2024,10:15:53,0.2,0.2,28440,0.25,6560,0,14520
FINNIFTY02JAN2419950PE.NFO,02/01/2024,10:16:03,0.2,0.2,28440,0.25,6520,0,14520
FINNIFTY02JAN2419950PE.NFO,02/01/2024,10:16:13,0.25,0.2,28320,0.25,6480,120,14520
FINNIFTY02JAN2419950PE.NFO,02/01/2024,10:16:23,0.2,0.2,27600,0.25,6520,720,14520
FINNIFTY02JAN2419950PE.NFO,02/01/2024,10:16:33,0.2,0.2,27600,0.25,6480,0,14520
FINNIFTY02JAN2419950PE.NFO,02/01/2024,10:16:43,0.2,0.2,27600,0.25,6520,0,14520
FINNIFTY02JAN2419950PE.NFO,02/01/2024,10:16:52,0.2,0.2,27080,0.25,6480,520,14520
FINNIFTY02JAN2419950PE.NFO,02/01/2024,10:17:02,0.2,0.2,25720,0.25,6480,1360,14520
FINNIFTY02JAN2419950PE.NFO,02/01/2024,10:17:12,0.25,0.2,25720,0.25,7560,360,14520
FINNIFTY02JAN2419950PE.NFO,02/01/2024,10:17:22,0.25,0.2,25720,0.25,7040,520,14520
FINNIFTY02JAN2419950PE.NFO,02/01/2024,10:17:32,0.25,0.2,25720,0.25,6760,280,14520
FINNIFTY02JAN2419950PE.NFO,02/01/2024,10:17:42,0.25,0.2,25720,0.25,6760,440,14520
FINNIFTY02JAN2419950PE.NFO,02/01/2024,10:17:51,0.2,0.2,25400,0.25,6760,320,15720
FINNIFTY02JAN2419950PE.NFO,02/01/2024,10:18:10,0.2,0.2,6680,0.25,6760,0,15720
FINNIFTY02JAN2419950PE.NFO,02/01/2024,10:18:20,0.2,0.2,3960,0.25,8200,1280,15720
FINNIFTY02JAN2419950PE.NFO,02/01/2024,10:18:30,0.2,0.2,3320,0.25,20200,640,15720
FINNIFTY02JAN2419950PE.NFO,02/01/2024,10:18:49,0.2,0.2,3200,0.25,9200,120,15720
FINNIFTY02JAN2419950PE.NFO,02/01/2024,10:18:58,0.2,0.2,3200,0.25,9200,0,15720
FINNIFTY02JAN2419950PE.NFO,02/01/2024,10:19:17,0.2,0.15,53920,0.2,4600,3320,15720
FINNIFTY02JAN2419950PE.NFO,02/01/2024,10:19:36,0.2,0.15,54080,0.25,3680,4320,15720
FINNIFTY02JAN2419950PE.NFO,02/01/2024,10:20:04,0.2,0.15,54080,0.25,3680,0,15720
FINNIFTY02JAN2419950PE.NFO,02/01/2024,10:21:42,0.15,0.15,54040,0.2,200,320,14400
FINNIFTY02JAN2419950PE.NFO,02/01/2024,10:21:52,0.15,0.15,53920,0.2,200,120,14400
FINNIFTY02JAN2419950PE.NFO,02/01/2024,10:22:41,0.2,0.15,54280,0.25,4480,1200,14400
FINNIFTY02JAN2419950PE.NFO,02/01/2024,10:23:21,0.2,0.15,54360,0.25,3680,200,14400
FINNIFTY02JAN2419950PE.NFO,02/01/2024,10:23:31,0.2,0.15,54640,0.2,2640,360,14400
FINNIFTY02JAN2419950PE.NFO,02/01/2024,10:23:41,0.2,0.15,54640,0.2,2520,120,14400
FINNIFTY02JAN2419950PE.NFO,02/01/2024,10:24:02,0.15,0.15,54240,0.2,2520,400,15120
FINNIFTY02JAN2419950PE.NFO,02/01/2024,10:24:12,0.2,0.15,54480,0.2,4680,40,15120
FINNIFTY02JAN2419950PE.NFO,02/01/2024,10:24:22,0.2,0.15,54480,0.2,6080,40,15120
FINNIFTY02JAN2419950PE.NFO,02/01/2024,10:25:26,0.2,0.15,54480,0.2,7760,40,15120
FINNIFTY02JAN2419950PE.NFO,02/01/2024,10:25:57,0.2,0.15,54480,0.2,7480,280,15120
FINNIFTY02JAN2419950PE.NFO,02/01/2024,10:27:05,0.2,0.15,54640,0.2,8040,0,15120
FINNIFTY02JAN2419950PE.NFO,02/01/2024,10:27:16,0.15,0.15,54360,0.2,8040,280,15280
FINNIFTY02JAN2419950PE.NFO,02/01/2024,10:29:28,0.2,0.15,54400,0.2,8000,40,15280
FINNIFTY02JAN2419950PE.NFO,02/01/2024,10:30:11,0.2,0.15,54400,0.2,7960,40,15600
FINNIFTY02JAN2419950PE.NFO,02/01/2024,10:30:22,0.2,0.15,54400,0.2,7920,40,15600
FINNIFTY02JAN2419950PE.NFO,02/01/2024,10:30:34,0.2,0.15,54400,0.2,8040,120,15600
FINNIFTY02JAN2419950PE.NFO,02/01/2024,10:30:44,0.2,0.15,54400,0.2,8000,40,15600
FINNIFTY02JAN2419950PE.NFO,02/01/2024,10:34:04,0.2,0.15,54360,0.2,7760,0,15600
FINNIFTY02JAN2419950PE.NFO,02/01/2024,10:36:50,0.2,0.15,54040,0.2,8440,600,15840
FINNIFTY02JAN2419950PE.NFO,02/01/2024,10:37:01,0.2,0.15,54040,0.2,8320,120,15840
FINNIFTY02JAN2419950PE.NFO,02/01/2024,10:37:13,0.2,0.15,53960,0.2,8320,0,15840
FINNIFTY02JAN2419950PE.NFO,02/01/2024,10:37:25,0.15,0.15,53920,0.2,8320,80,15840
FINNIFTY02JAN2419950PE.NFO,02/01/2024,10:38:27,0.15,0.15,53840,0.2,8600,240,15840
FINNIFTY02JAN2419950PE.NFO,02/01/2024,10:38:37,0.15,0.15,53520,0.2,8600,280,15840
FINNIFTY02JAN2419950PE.NFO,02/01/2024,10:38:47,0.15,0.15,53320,0.2,8600,200,16560
FINNIFTY02JAN2419950PE.NFO,02/01/2024,10:38:58,0.15,0.15,53240,0.2,9040,80,16560
FINNIFTY02JAN2419950PE.NFO,02/01/2024,10:39:10,0.15,0.15,53240,0.2,9160,0,16560
FINNIFTY02JAN2419950PE.NFO,02/01/2024,10:41:52,0.15,0.15,52960,0.2,9480,280,16560
FINNIFTY02JAN2419950PE.NFO,02/01/2024,10:42:03,0.15,0.15,52680,0.2,9480,280,16560
FINNIFTY02JAN2419950PE.NFO,02/01/2024,10:42:14,0.15,0.15,52440,0.2,9480,240,16560
FINNIFTY02JAN2419950PE.NFO,02/01/2024,10:42:34,0.15,0.15,52360,0.2,9480,80,16560
FINNIFTY02JAN2419950PE.NFO,02/01/2024,10:42:45,0.15,0.15,52200,0.2,9480,160,16560
FINNIFTY02JAN2419950PE.NFO,02/01/2024,10:42:55,0.15,0.15,51960,0.2,9480,240,16560
FINNIFTY02JAN2419950PE.NFO,02/01/2024,10:43:07,0.15,0.15,51680,0.2,9480,280,16560
FINNIFTY02JAN2419950PE.NFO,02/01/2024,10:43:17,0.15,0.15,51480,0.2,9480,200,16560
FINNIFTY02JAN2419950PE.NFO,02/01/2024,10:43:28,0.15,0.15,52440,0.2,9680,360,16560
FINNIFTY02JAN2419950PE.NFO,02/01/2024,10:43:39,0.15,0.15,52400,0.2,9680,40,16560
FINNIFTY02JAN2419950PE.NFO,02/01/2024,10:43:49,0.15,0.15,52240,0.2,9680,160,16560
FINNIFTY02JAN2419950PE.NFO,02/01/2024,10:43:59,0.15,0.15,52120,0.2,9680,120,16560
FINNIFTY02JAN2419950PE.NFO,02/01/2024,10:44:09,0.15,0.15,51880,0.2,9680,240,16560
FINNIFTY02JAN2419950PE.NFO,02/01/2024,10:44:20,0.15,0.15,51680,0.2,9680,200,16560
FINNIFTY02JAN2419950PE.NFO,02/01/2024,10:44:30,0.15,0.15,51440,0.2,9680,240,16560
FINNIFTY02JAN2419950PE.NFO,02/01/2024,10:44:40,0.15,0.15,46800,0.2,9480,520,16520
FINNIFTY02JAN2419950PE.NFO,02/01/2024,10:44:51,0.15,0.15,27720,0.2,9480,320,16520
FINNIFTY02JAN2419950PE.NFO,02/01/2024,10:45:01,0.15,0.15,27480,0.2,11280,240,16520
FINNIFTY02JAN2419950PE.NFO,02/01/2024,10:45:12,0.15,0.15,27160,0.2,13160,320,16520
FINNIFTY02JAN2419950PE.NFO,02/01/2024,10:45:22,0.15,0.15,27000,0.2,13160,160,16520
FINNIFTY02JAN2419950PE.NFO,02/01/2024,10:45:32,0.15,0.15,26840,0.2,13160,160,16520
FINNIFTY02JAN2419950PE.NFO,02/01/2024,10:45:42,0.15,0.15,26800,0.2,13160,40,16520
FINNIFTY02JAN2419950PE.NFO,02/01/2024,10:46:41,0.15,0.15,26280,0.2,12800,880,16520
FINNIFTY02JAN2419950PE.NFO,02/01/2024,10:46:51,0.2,0.15,26280,0.2,12560,240,16520
FINNIFTY02JAN2419950PE.NFO,02/01/2024,10:47:22,0.2,0.15,26280,0.2,12560,0,16520
FINNIFTY02JAN2419950PE.NFO,02/01/2024,10:47:32,0.15,0.15,26040,0.2,12560,240,16520
FINNIFTY02JAN2419950PE.NFO,02/01/2024,10:47:42,0.15,0.15,26040,0.2,12560,0,16520
FINNIFTY02JAN2419950PE.NFO,02/01/2024,10:52:55,0.15,0.15,23160,0.2,12560,0,16520
FINNIFTY02JAN2419950PE.NFO,02/01/2024,10:54:03,0.15,0.15,20280,0.2,12560,0,16520
FINNIFTY02JAN2419950PE.NFO,02/01/2024,10:54:31,0.15,0.15,20280,0.2,13800,0,16520
FINNIFTY02JAN2419950PE.NFO,02/01/2024,10:54:40,0.15,0.15,20280,0.2,15600,0,16520
FINNIFTY02JAN2419950PE.NFO,02/01/2024,10:54:50,0.15,0.15,20280,0.2,17400,0,16520
FINNIFTY02JAN2419950PE.NFO,02/01/2024,10:54:59,0.15,0.15,20280,0.2,17800,0,16520
FINNIFTY02JAN2419950PE.NFO,02/01/2024,10:56:23,0.15,0.15,20200,0.2,17800,80,17640
FINNIFTY02JAN2419950PE.NFO,02/01/2024,10:57:22,0.15,0.15,23080,0.2,17800,0,17640
FINNIFTY02JAN2419950PE.NFO,02/01/2024,10:57:41,0.15,0.15,20200,0.2,17800,0,17640
FINNIFTY02JAN2419950PE.NFO,02/01/2024,10:58:11,0.2,0.15,20200,0.2,17600,200,17640
FINNIFTY02JAN2419950PE.NFO,02/01/2024,11:01:43,0.2,0.15,20200,0.2,17680,0,17640
FINNIFTY02JAN2419950PE.NFO,02/01/2024,11:03:27,0.15,0.15,18680,0.2,16160,1520,17640
FINNIFTY02JAN2419950PE.NFO,02/01/2024,11:03:36,0.15,0.15,17240,0.2,14720,1440,17640
FINNIFTY02JAN2419950PE.NFO,02/01/2024,11:04:41,0.15,0.15,17240,0.2,16120,0,17640
FINNIFTY02JAN2419950PE.NFO,02/01/2024,11:04:50,0.15,0.15,17240,0.2,17680,0,17640
FINNIFTY02JAN2419950PE.NFO,02/01/2024,11:09:58,0.15,0.15,14800,0.2,14160,0,17640
FINNIFTY02JAN2419950PE.NFO,02/01/2024,11:10:17,0.15,0.15,12880,0.2,14160,0,17640
FINNIFTY02JAN2419950PE.NFO,02/01/2024,11:10:44,0.15,0.15,8120,0.2,17080,160,17640
FINNIFTY02JAN2419950PE.NFO,02/01/2024,11:10:53,0.15,0.15,10040,0.2,14160,0,17640
FINNIFTY02JAN2419950PE.NFO,02/01/2024,11:11:03,0.15,0.15,11800,0.2,14320,0,17640
FINNIFTY02JAN2419950PE.NFO,02/01/2024,11:11:21,0.15,0.15,9880,0.2,14320,0,17640
FINNIFTY02JAN2419950PE.NFO,02/01/2024,11:12:16,0.2,0.15,11800,0.2,13720,600,17640
FINNIFTY02JAN2419950PE.NFO,02/01/2024,11:12:43,0.2,0.15,9880,0.2,13720,0,17640
FINNIFTY02JAN2419950PE.NFO,02/01/2024,11:14:00,0.2,0.15,12480,0.2,13720,0,17640
FINNIFTY02JAN2419950PE.NFO,02/01/2024,11:14:19,0.2,0.15,12520,0.2,13520,200,17640
FINNIFTY02JAN2419950PE.NFO,02/01/2024,11:15:07,0.2,0.15,11840,0.2,13520,0,17640
FINNIFTY02JAN2419950PE.NFO,02/01/2024,11:15:17,0.2,0.15,11800,0.2,15960,0,17640
FINNIFTY02JAN2419950PE.NFO,02/01/2024,11:15:37,0.2,0.15,15400,0.2,15960,0,17640
FINNIFTY02JAN2419950PE.NFO,02/01/2024,11:15:48,0.2,0.15,17320,0.2,15200,760,18040
FINNIFTY02JAN2419950PE.NFO,02/01/2024,11:15:58,0.2,0.15,17320,0.2,15200,0,18040
FINNIFTY02JAN2419950PE.NFO,02/01/2024,11:16:08,0.2,0.15,17320,0.2,14960,240,18040
FINNIFTY02JAN2419950PE.NFO,02/01/2024,11:16:18,0.2,0.15,17320,0.2,14960,0,18040
FINNIFTY02JAN2419950PE.NFO,02/01/2024,11:16:27,0.2,0.15,17320,0.2,14760,200,18040
FINNIFTY02JAN2419950PE.NFO,02/01/2024,11:17:24,0.2,0.15,17320,0.2,14760,0,18040
FINNIFTY02JAN2419950PE.NFO,02/01/2024,11:19:07,0.2,0.15,11920,0.2,14760,0,18040
FINNIFTY02JAN2419950PE.NFO,02/01/2024,11:19:43,0.2,0.15,12840,0.2,13840,920,18000
FINNIFTY02JAN2419950PE.NFO,02/01/2024,11:20:01,0.2,0.15,11920,0.2,13840,0,18000
FINNIFTY02JAN2419950PE.NFO,02/01/2024,11:20:28,0.2,0.15,11920,0.2,13760,80,18000
FINNIFTY02JAN2419950PE.NFO,02/01/2024,11:22:50,0.15,0.15,11720,0.2,13760,200,17200
FINNIFTY02JAN2419950PE.NFO,02/01/2024,11:24:13,0.15,0.15,11520,0.2,13760,200,17200
FINNIFTY02JAN2419950PE.NFO,02/01/2024,11:24:22,0.15,0.15,11520,0.2,13760,0,17200
FINNIFTY02JAN2419950PE.NFO,02/01/2024,11:24:31,0.15,0.15,10080,0.2,13760,0,17200
FINNIFTY02JAN2419950PE.NFO,02/01/2024,11:24:40,0.15,0.15,10080,0.2,14160,0,17200
FINNIFTY02JAN2419950PE.NFO,02/01/2024,11:26:22,0.15,0.15,9880,0.2,14160,200,17200
FINNIFTY02JAN2419950PE.NFO,02/01/2024,11:29:26,0.15,0.15,9880,0.2,14400,0,17200
FINNIFTY02JAN2419950PE.NFO,02/01/2024,11:29:35,0.15,0.15,9880,0.2,14360,0,17200
FINNIFTY02JAN2419950PE.NFO,02/01/2024,11:29:53,0.15,0.15,9880,0.2,14400,0,17200
FINNIFTY02JAN2419950PE.NFO,02/01/2024,11:30:02,0.2,0.15,9880,0.2,14040,320,17560
FINNIFTY02JAN2419950PE.NFO,02/01/2024,11:30:11,0.15,0.15,9800,0.2,14280,80,17560
FINNIFTY02JAN2419950PE.NFO,02/01/2024,11:30:47,0.15,0.15,9800,0.2,14040,0,17560
FINNIFTY02JAN2419950PE.NFO,02/01/2024,11:30:55,0.15,0.15,9800,0.2,14080,0,17560
FINNIFTY02JAN2419950PE.NFO,02/01/2024,11:31:05,0.15,0.15,9800,0.2,14040,0,17560
FINNIFTY02JAN2419950PE.NFO,02/01/2024,11:31:50,0.15,0.15,9800,0.2,14080,0,17560
FINNIFTY02JAN2419950PE.NFO,02/01/2024,11:31:59,0.15,0.15,9800,0.2,14040,0,17560
FINNIFTY02JAN2419950PE.NFO,02/01/2024,11:32:18,0.15,0.15,9600,0.2,14040,200,17560
FINNIFTY02JAN2419950PE.NFO,02/01/2024,11:32:27,0.15,0.15,9600,0.2,14160,0,17560
FINNIFTY02JAN2419950PE.NFO,02/01/2024,11:32:45,0.15,0.15,9520,0.2,14320,0,17560
FINNIFTY02JAN2419950PE.NFO,02/01/2024,11:33:12,0.15,0.15,9520,0.2,14560,0,17560
FINNIFTY02JAN2419950PE.NFO,02/01/2024,11:33:20,0.15,0.15,9520,0.2,14320,0,17560
FINNIFTY02JAN2419950PE.NFO,02/01/2024,11:33:29,0.15,0.15,9520,0.2,14360,0,17560
FINNIFTY02JAN2419950PE.NFO,02/01/2024,11:33:47,0.15,0.15,9520,0.2,14320,0,17560
FINNIFTY02JAN2419950PE.NFO,02/01/2024,11:34:14,0.15,0.15,9520,0.2,14360,0,17560
FINNIFTY02JAN2419950PE.NFO,02/01/2024,11:34:22,0.15,0.15,9320,0.2,14360,200,17760
FINNIFTY02JAN2419950PE.NFO,02/01/2024,11:34:32,0.15,0.15,9320,0.2,14320,0,17760
FINNIFTY02JAN2419950PE.NFO,02/01/2024,11:34:50,0.15,0.15,9320,0.2,14480,0,17760
FINNIFTY02JAN2419950PE.NFO,02/01/2024,11:35:17,0.15,0.15,9120,0.2,14480,200,17760
FINNIFTY02JAN2419950PE.NFO,02/01/2024,11:35:36,0.15,0.15,7680,0.2,14480,0,17760
FINNIFTY02JAN2419950PE.NFO,02/01/2024,11:35:45,0.15,0.15,7680,0.2,14680,0,17760
FINNIFTY02JAN2419950PE.NFO,02/01/2024,11:36:30,0.15,0.15,7480,0.2,14880,200,18160
FINNIFTY02JAN2419950PE.NFO,02/01/2024,11:36:39,0.15,0.15,7480,0.2,14920,0,18160
FINNIFTY02JAN2419950PE.NFO,02/01/2024,11:36:49,0.15,0.15,7480,0.2,14880,0,18160
FINNIFTY02JAN2419950PE.NFO,02/01/2024,11:37:26,0.15,0.15,7480,0.2,14920,0,18160
FINNIFTY02JAN2419950PE.NFO,02/01/2024,11:37:36,0.15,0.15,7480,0.2,14880,0,18160
FINNIFTY02JAN2419950PE.NFO,02/01/2024,11:38:33,0.15,0.15,7440,0.2,14880,0,18160
FINNIFTY02JAN2419950PE.NFO,02/01/2024,11:38:52,0.15,0.15,7480,0.2,14880,0,18160
FINNIFTY02JAN2419950PE.NFO,02/01/2024,11:41:39,0.15,0.15,7320,0.2,15120,160,18320
FINNIFTY02JAN2419950PE.NFO,02/01/2024,11:41:49,0.15,0.15,7160,0.2,15120,160,18320
FINNIFTY02JAN2419950PE.NFO,02/01/2024,11:41:59,0.15,0.15,7160,0.2,14920,0,18320
FINNIFTY02JAN2419950PE.NFO,02/01/2024,11:42:09,0.15,0.15,7160,0.2,15040,0,18320
FINNIFTY02JAN2419950PE.NFO,02/01/2024,11:42:38,0.2,0.15,7160,0.2,14640,400,18160
FINNIFTY02JAN2419950PE.NFO,02/01/2024,11:42:47,0.2,0.15,7160,0.2,14640,0,18160
FINNIFTY02JAN2419950PE.NFO,02/01/2024,11:43:06,0.2,0.15,7160,0.2,14440,200,18160
FINNIFTY02JAN2419950PE.NFO,02/01/2024,11:43:24,0.2,0.15,7160,0.2,14440,0,18160
FINNIFTY02JAN2419950PE.NFO,02/01/2024,11:43:43,0.2,0.15,7160,0.2,14240,200,18160
FINNIFTY02JAN2419950PE.NFO,02/01/2024,11:44:03,0.2,0.15,7160,0.2,13840,400,18160
FINNIFTY02JAN2419950PE.NFO,02/01/2024,11:44:12,0.2,0.15,7120,0.2,13840,0,18160
FINNIFTY02JAN2419950PE.NFO,02/01/2024,11:44:40,0.2,0.15,7120,0.2,13880,0,18160
FINNIFTY02JAN2419950PE.NFO,02/01/2024,11:44:49,0.2,0.15,7120,0.2,14080,0,18160
FINNIFTY02JAN2419950PE.NFO,02/01/2024,11:45:16,0.2,0.15,7120,0.2,13880,0,18160
FINNIFTY02JAN2419950PE.NFO,02/01/2024,11:45:25,0.2,0.15,7120,0.2,13840,0,18160
FINNIFTY02JAN2419950PE.NFO,02/01/2024,11:45:45,0.15,0.15,6920,0.2,13840,200,17000
FINNIFTY02JAN2419950PE.NFO,02/01/2024,11:45:54,0.15,0.15,6280,0.2,14040,640,17000
FINNIFTY02JAN2419950PE.NFO,02/01/2024,11:46:03,0.15,0.15,6040,0.2,14680,240,17000
FINNIFTY02JAN2419950PE.NFO,02/01/2024,11:46:13,0.15,0.15,5840,0.2,15160,200,17000
FINNIFTY02JAN2419950PE.NFO,02/01/2024,11:46:22,0.15,0.15,5560,0.2,15120,280,17000
FINNIFTY02JAN2419950PE.NFO,02/01/2024,11:46:32,0.15,0.15,4120,0.2,13680,1440,17000
FINNIFTY02JAN2419950PE.NFO,02/01/2024,11:46:41,0.15,0.15,4120,0.2,14040,0,17000
FINNIFTY02JAN2419950PE.NFO,02/01/2024,11:46:50,0.15,0.15,4120,0.2,15400,0,17000
FINNIFTY02JAN2419950PE.NFO,02/01/2024,11:47:00,0.15,0.15,4160,0.2,15400,0,17000
FINNIFTY02JAN2419950PE.NFO,02/01/2024,11:48:52,0.15,0.15,4960,0.2,15400,0,17000
FINNIFTY02JAN2419950PE.NFO,02/01/2024,11:51:14,0.15,0.15,4760,0.2,15400,200,18520
FINNIFTY02JAN2419950PE.NFO,02/01/2024,11:52:36,0.15,0.15,4560,0.2,15600,200,18520
FINNIFTY02JAN2419950PE.NFO,02/01/2024,11:57:09,0.2,0.15,4560,0.2,15640,160,18920
FINNIFTY02JAN2419950PE.NFO,02/01/2024,11:57:44,0.2,0.15,4560,0.2,15720,0,18920
FINNIFTY02JAN2419950PE.NFO,02/01/2024,11:59:02,0.2,0.15,4560,0.2,15640,160,18920
FINNIFTY02JAN2419950PE.NFO,02/01/2024,11:59:12,0.2,0.15,4560,0.2,15640,0,18920
FINNIFTY02JAN2419950PE.NFO,02/01/2024,12:00:57,0.15,0.15,4360,0.2,15640,200,18920
FINNIFTY02JAN2419950PE.NFO,02/01/2024,12:02:18,0.15,0.15,4160,0.2,15640,200,18920
FINNIFTY02JAN2419950PE.NFO,02/01/2024,12:02:35,0.15,0.15,4160,0.2,17080,0,18920
FINNIFTY02JAN2419950PE.NFO,02/01/2024,12:04:22,0.15,0.15,4160,0.2,16920,0,18920
FINNIFTY02JAN2419950PE.NFO,02/01/2024,12:04:31,0.15,0.15,3680,0.2,16600,480,18960
FINNIFTY02JAN2419950PE.NFO,02/01/2024,12:05:25,0.15,0.15,3680,0.2,16600,0,18960
FINNIFTY02JAN2419950PE.NFO,02/01/2024,12:09:02,0.15,0.15,3680,0.2,16520,0,18960
FINNIFTY02JAN2419950PE.NFO,02/01/2024,12:10:20,0.15,0.15,3680,0.2,16480,0,18960
FINNIFTY02JAN2419950PE.NFO,02/01/2024,12:17:10,0.2,0.15,3680,0.2,16280,200,18480
FINNIFTY02JAN2419950PE.NFO,02/01/2024,12:17:22,0.2,0.15,3680,0.2,16120,200,18480
FINNIFTY02JAN2419950PE.NFO,02/01/2024,12:18:28,0.2,0.15,3680,0.2,15720,400,18080
FINNIFTY02JAN2419950PE.NFO,02/01/2024,12:21:11,0.2,0.15,3680,0.2,15520,200,17680
FINNIFTY02JAN2419950PE.NFO,02/01/2024,12:22:19,0.2,0.15,3680,0.2,15320,200,17680
FINNIFTY02JAN2419950PE.NFO,02/01/2024,12:24:25,0.2,0.15,3680,0.2,15320,0,17680
FINNIFTY02JAN2419950PE.NFO,02/01/2024,12:27:50,0.2,0.15,3680,0.2,15360,0,17680
FINNIFTY02JAN2419950PE.NFO,02/01/2024,12:32:17,0.2,0.15,3680,0.2,15240,0,17680
FINNIFTY02JAN2419950PE.NFO,02/01/2024,12:46:30,0.15,0.15,3520,0.2,15400,160,17280
FINNIFTY02JAN2419950PE.NFO,02/01/2024,12:46:56,0.15,0.15,3360,0.2,15400,160,17280
FINNIFTY02JAN2419950PE.NFO,02/01/2024,12:51:34,0.15,0.15,3360,0.2,15400,0,17280
FINNIFTY02JAN2419950PE.NFO,02/01/2024,12:56:53,0.15,0.15,3360,0.2,15280,0,17280
FINNIFTY02JAN2419950PE.NFO,02/01/2024,12:58:29,0.15,0.15,3200,0.2,15280,160,16960
FINNIFTY02JAN2419950PE.NFO,02/01/2024,12:58:39,0.15,0.15,3200,0.2,15280,0,16960
FINNIFTY02JAN2419950PE.NFO,02/01/2024,12:59:32,0.15,0.15,3040,0.2,15280,160,16960
FINNIFTY02JAN2419950PE.NFO,02/01/2024,13:01:42,0.2,0.15,3040,0.2,15160,200,16640
FINNIFTY02JAN2419950PE.NFO,02/01/2024,13:02:27,0.15,0.15,2840,0.2,15160,200,16640
FINNIFTY02JAN2419950PE.NFO,02/01/2024,13:02:37,0.15,0.15,2640,0.2,15160,200,16640
FINNIFTY02JAN2419950PE.NFO,02/01/2024,13:02:47,0.15,0.15,3400,0.2,15080,0,16640
FINNIFTY02JAN2419950PE.NFO,02/01/2024,13:02:57,0.15,0.1,47320,0.2,14960,4200,16640
FINNIFTY02JAN2419950PE.NFO,02/01/2024,13:03:06,0.15,0.1,47320,0.2,14960,0,16640
FINNIFTY02JAN2419950PE.NFO,02/01/2024,13:03:15,0.15,0.1,48600,0.2,14960,440,17160
FINNIFTY02JAN2419950PE.NFO,02/01/2024,13:05:31,0.2,0.15,360,0.2,14720,240,17160
FINNIFTY02JAN2419950PE.NFO,02/01/2024,13:06:16,0.15,0.15,280,0.2,14720,80,16920
FINNIFTY02JAN2419950PE.NFO,02/01/2024,13:06:34,0.15,0.15,40,0.2,14520,200,16920
FINNIFTY02JAN2419950PE.NFO,02/01/2024,13:06:42,0.15,0.1,47320,0.2,15120,200,16920
FINNIFTY02JAN2419950PE.NFO,02/01/2024,13:07:44,0.15,0.1,48320,0.2,15120,0,16920
FINNIFTY02JAN2419950PE.NFO,02/01/2024,13:11:12,0.15,0.1,48320,0.2,16040,0,16920
FINNIFTY02JAN2419950PE.NFO,02/01/2024,13:11:29,0.15,0.1,48320,0.2,16800,0,16920
FINNIFTY02JAN2419950PE.NFO,02/01/2024,13:15:15,0.15,0.1,46880,0.2,16800,0,16920
FINNIFTY02JAN2419950PE.NFO,02/01/2024,13:15:24,0.15,0.15,200,0.2,16800,1800,16440
FINNIFTY02JAN2419950PE.NFO,02/01/2024,13:16:07,0.15,0.15,200,0.2,16800,0,16440
FINNIFTY02JAN2419950PE.NFO,02/01/2024,13:17:58,0.2,0.1,44720,0.2,16600,200,16440
FINNIFTY02JAN2419950PE.NFO,02/01/2024,13:21:13,0.15,0.1,42280,0.2,17480,3720,16240
FINNIFTY02JAN2419950PE.NFO,02/01/2024,13:24:22,0.15,0.1,35080,0.2,17480,0,16240
FINNIFTY02JAN2419950PE.NFO,02/01/2024,13:25:34,0.15,0.1,37720,0.2,17480,0,16240
FINNIFTY02JAN2419950PE.NFO,02/01/2024,13:28:34,0.1,0.1,37000,0.2,17480,800,16080
FINNIFTY02JAN2419950PE.NFO,02/01/2024,13:28:43,0.1,0.1,37000,0.15,3960,0,16080
FINNIFTY02JAN2419950PE.NFO,02/01/2024,13:29:25,0.1,0.1,37000,0.15,9200,0,16080
FINNIFTY02JAN2419950PE.NFO,02/01/2024,13:29:33,0.1,0.1,37000,0.15,11000,0,16080
FINNIFTY02JAN2419950PE.NFO,02/01/2024,13:30:51,0.1,0.1,35200,0.15,11000,0,16080
FINNIFTY02JAN2419950PE.NFO,02/01/2024,13:32:21,0.15,0.1,35640,0.15,10000,1000,16080
FINNIFTY02JAN2419950PE.NFO,02/01/2024,13:32:39,0.15,0.1,29800,0.15,10240,440,16080
FINNIFTY02JAN2419950PE.NFO,02/01/2024,13:32:48,0.15,0.1,28800,0.15,10240,0,16080
FINNIFTY02JAN2419950PE.NFO,02/01/2024,13:33:50,0.15,0.1,28960,0.15,10240,0,16080
FINNIFTY02JAN2419950PE.NFO,02/01/2024,13:34:09,0.15,0.1,28960,0.15,12040,0,16080
FINNIFTY02JAN2419950PE.NFO,02/01/2024,13:34:17,0.15,0.1,28960,0.15,13880,480,16720
FINNIFTY02JAN2419950PE.NFO,02/01/2024,13:34:26,0.15,0.1,28960,0.15,13880,0,16720
FINNIFTY02JAN2419950PE.NFO,02/01/2024,13:34:36,0.15,0.1,26080,0.15,13880,0,16720
FINNIFTY02JAN2419950PE.NFO,02/01/2024,13:34:54,0.15,0.1,17080,0.15,13880,0,16720
FINNIFTY02JAN2419950PE.NFO,02/01/2024,13:35:49,0.15,0.1,17480,0.15,13360,600,16720
FINNIFTY02JAN2419950PE.NFO,02/01/2024,13:36:24,0.15,0.1,18000,0.15,13360,0,16720
FINNIFTY02JAN2419950PE.NFO,02/01/2024,13:36:42,0.15,0.1,18000,0.15,13640,0,16720
FINNIFTY02JAN2419950PE.NFO,02/01/2024,13:36:51,0.1,0.1,17480,0.15,13640,520,17240
FINNIFTY02JAN2419950PE.NFO,02/01/2024,13:37:20,0.1,0.1,17600,0.15,13640,0,17240
FINNIFTY02JAN2419950PE.NFO,02/01/2024,13:43:38,0.1,0.1,11000,0.15,13640,0,17240
FINNIFTY02JAN2419950PE.NFO,02/01/2024,13:46:19,0.15,0.1,11000,0.15,12840,800,17240
FINNIFTY02JAN2419950PE.NFO,02/01/2024,13:46:43,0.15,0.1,10920,0.15,12840,0,17240
FINNIFTY02JAN2419950PE.NFO,02/01/2024,13:47:09,0.15,0.1,10920,0.15,12600,240,17240
FINNIFTY02JAN2419950PE.NFO,02/01/2024,13:48:00,0.15,0.1,10840,0.15,10880,0,17240
FINNIFTY02JAN2419950PE.NFO,02/01/2024,13:48:09,0.15,0.1,7000,0.15,10880,0,17240
FINNIFTY02JAN2419950PE.NFO,02/01/2024,13:48:27,0.15,0.1,10280,0.15,10680,200,18040
FINNIFTY02JAN2419950PE.NFO,02/01/2024,13:48:44,0.15,0.1,10640,0.15,10680,0,18040
FINNIFTY02JAN2419950PE.NFO,02/01/2024,13:49:33,0.15,0.1,7000,0.15,10680,0,18040
FINNIFTY02JAN2419950PE.NFO,02/01/2024,13:49:58,0.15,0.1,10120,0.15,10440,240,18040
FINNIFTY02JAN2419950PE.NFO,02/01/2024,13:50:15,0.15,0.1,7000,0.15,10440,0,18040
FINNIFTY02JAN2419950PE.NFO,02/01/2024,13:50:41,0.15,0.1,11400,0.15,8840,1600,18040
FINNIFTY02JAN2419950PE.NFO,02/01/2024,13:50:51,0.15,0.1,8000,0.15,9080,0,18040
FINNIFTY02JAN2419950PE.NFO,02/01/2024,13:51:00,0.15,0.1,8000,0.15,7240,1600,18040
FINNIFTY02JAN2419950PE.NFO,02/01/2024,13:51:46,0.15,0.1,8040,0.15,9360,0,18040
FINNIFTY02JAN2419950PE.NFO,02/01/2024,13:52:22,0.15,0.1,10840,0.15,10320,240,19760
FINNIFTY02JAN2419950PE.NFO,02/01/2024,13:52:32,0.15,0.1,10960,0.15,7800,400,19760
FINNIFTY02JAN2419950PE.NFO,02/01/2024,13:52:41,0.15,0.1,10600,0.15,7800,0,19760
FINNIFTY02JAN2419950PE.NFO,02/01/2024,13:52:51,0.15,0.1,10960,0.15,9040,680,19760
FINNIFTY02JAN2419950PE.NFO,02/01/2024,13:53:18,0.15,0.1,10960,0.15,7200,1840,19760
FINNIFTY02JAN2419950PE.NFO,02/01/2024,13:53:28,0.15,0.1,10960,0.15,6760,440,19760
FINNIFTY02JAN2419950PE.NFO,02/01/2024,13:53:38,0.15,0.1,10960,0.15,6600,200,19760
FINNIFTY02JAN2419950PE.NFO,02/01/2024,13:53:47,0.15,0.1,10960,0.15,6440,160,19760
FINNIFTY02JAN2419950PE.NFO,02/01/2024,13:53:57,0.15,0.1,10960,0.15,6360,80,19760
FINNIFTY02JAN2419950PE.NFO,02/01/2024,13:54:06,0.15,0.1,10960,0.15,6360,0,19760
FINNIFTY02JAN2419950PE.NFO,02/01/2024,13:54:25,0.15,0.1,10960,0.15,6560,0,19760
FINNIFTY02JAN2419950PE.NFO,02/01/2024,13:54:53,0.1,0.1,10760,0.15,6600,200,17440
FINNIFTY02JAN2419950PE.NFO,02/01/2024,13:55:12,0.1,0.1,10760,0.15,6600,0,17440
FINNIFTY02JAN2419950PE.NFO,02/01/2024,13:55:47,0.1,0.1,10560,0.15,6360,200,17440
FINNIFTY02JAN2419950PE.NFO,02/01/2024,13:55:56,0.1,0.1,10640,0.15,6360,0,17440
FINNIFTY02JAN2419950PE.NFO,02/01/2024,13:56:56,0.1,0.1,5240,0.15,6360,400,17440
FINNIFTY02JAN2419950PE.NFO,02/01/2024,13:57:05,0.1,0.1,5240,0.15,6360,0,17440
FINNIFTY02JAN2419950PE.NFO,02/01/2024,13:57:22,0.1,0.1,5400,0.15,6400,0,17440
FINNIFTY02JAN2419950PE.NFO,02/01/2024,13:57:30,0.1,0.1,5400,0.15,6360,0,17440
FINNIFTY02JAN2419950PE.NFO,02/01/2024,13:57:39,0.1,0.1,5400,0.15,6400,0,17440
FINNIFTY02JAN2419950PE.NFO,02/01/2024,13:58:21,0.1,0.1,5400,0.15,6360,0,17440
FINNIFTY02JAN2419950PE.NFO,02/01/2024,13:58:30,0.1,0.1,5400,0.15,7960,0,17440
FINNIFTY02JAN2419950PE.NFO,02/01/2024,13:59:13,0.1,0.1,5160,0.15,7960,240,17120
FINNIFTY02JAN2419950PE.NFO,02/01/2024,13:59:22,0.1,0.1,5160,0.15,7960,0,17120
FINNIFTY02JAN2419950PE.NFO,02/01/2024,13:59:31,0.15,0.1,5160,0.15,7160,800,17120
FINNIFTY02JAN2419950PE.NFO,02/01/2024,13:59:39,0.15,0.1,5160,0.15,7920,0,17120
FINNIFTY02JAN2419950PE.NFO,02/01/2024,14:00:06,0.15,0.1,5000,0.15,7920,0,17120
FINNIFTY02JAN2419950PE.NFO,02/01/2024,14:00:14,0.15,0.1,5000,0.15,8840,0,17120
FINNIFTY02JAN2419950PE.NFO,02/01/2024,14:00:49,0.1,0.1,4760,0.15,8840,240,16880
FINNIFTY02JAN2419950PE.NFO,02/01/2024,14:00:57,0.1,0.1,4920,0.15,8800,0,16880
FINNIFTY02JAN2419950PE.NFO,02/01/2024,14:01:06,0.15,0.1,4920,0.15,8760,40,16880
FINNIFTY02JAN2419950PE.NFO,02/01/2024,14:01:15,0.15,0.1,4920,0.15,8760,0,16880
FINNIFTY02JAN2419950PE.NFO,02/01/2024,14:02:07,0.1,0.1,4720,0.15,8800,200,16880
FINNIFTY02JAN2419950PE.NFO,02/01/2024,14:02:16,0.1,0.1,4720,0.15,8800,0,16880
FINNIFTY02JAN2419950PE.NFO,02/01/2024,14:03:25,0.1,0.1,4720,0.15,8760,0,16880
FINNIFTY02JAN2419950PE.NFO,02/01/2024,14:03:34,0.15,0.1,4720,0.15,8640,160,16440
FINNIFTY02JAN2419950PE.NFO,02/01/2024,14:03:43,0.15,0.1,4720,0.15,8600,0,16440
FINNIFTY02JAN2419950PE.NFO,02/01/2024,14:05:17,0.15,0.1,3720,0.15,8640,0,16440
FINNIFTY02JAN2419950PE.NFO,02/01/2024,14:10:44,0.15,0.1,3640,0.15,8880,0,16440
FINNIFTY02JAN2419950PE.NFO,02/01/2024,14:12:08,0.15,0.1,3560,0.15,8880,0,16440
FINNIFTY02JAN2419950PE.NFO,02/01/2024,14:13:48,0.15,0.1,3480,0.15,8880,0,16440
FINNIFTY02JAN2419950PE.NFO,02/01/2024,14:15:38,0.15,0.1,3480,0.15,8720,0,16440
FINNIFTY02JAN2419950PE.NFO,02/01/2024,14:16:24,0.15,0.1,3320,0.15,8720,0,16440
FINNIFTY02JAN2419950PE.NFO,02/01/2024,14:17:47,0.15,0.1,3320,0.15,8680,0,16440
FINNIFTY02JAN2419950PE.NFO,02/01/2024,14:19:38,0.1,0.1,3120,0.15,8680,200,16440
FINNIFTY02JAN2419950PE.NFO,02/01/2024,14:19:48,0.1,0.1,3120,0.15,8680,0,16440
FINNIFTY02JAN2419950PE.NFO,02/01/2024,14:21:40,0.1,0.1,3000,0.15,8680,760,16240
FINNIFTY02JAN2419950PE.NFO,02/01/2024,14:22:26,0.1,0.1,3000,0.15,8680,0,16240
FINNIFTY02JAN2419950PE.NFO,02/01/2024,14:26:40,0.1,0.1,2080,0.15,8680,920,16240
FINNIFTY02JAN2419950PE.NFO,02/01/2024,14:29:38,0.1,0.1,2160,0.15,8680,0,16240
FINNIFTY02JAN2419950PE.NFO,02/01/2024,14:30:45,0.1,0.1,360,0.15,6880,1800,15320
FINNIFTY02JAN2419950PE.NFO,02/01/2024,14:30:55,0.1,0.1,360,0.15,6880,0,15320
FINNIFTY02JAN2419950PE.NFO,02/01/2024,14:31:49,0.1,0.1,1680,0.15,6840,0,15320
FINNIFTY02JAN2419950PE.NFO,02/01/2024,14:34:16,0.1,0.05,13200,0.1,1360,1600,13520
FINNIFTY02JAN2419950PE.NFO,02/01/2024,14:34:25,0.1,0.05,14120,0.1,1120,0,13520
FINNIFTY02JAN2419950PE.NFO,02/01/2024,14:34:35,0.1,0.05,14120,0.1,1440,80,13520
FINNIFTY02JAN2419950PE.NFO,02/01/2024,14:34:43,0.1,0.05,14120,0.1,1800,200,13520
FINNIFTY02JAN2419950PE.NFO,02/01/2024,14:34:52,0.1,0.05,14240,0.1,1760,200,13520
FINNIFTY02JAN2419950PE.NFO,02/01/2024,14:35:09,0.1,0.05,14680,0.1,1160,600,13520
FINNIFTY02JAN2419950PE.NFO,02/01/2024,14:35:19,0.1,0.1,1720,0.15,4800,2560,13520
FINNIFTY02JAN2419950PE.NFO,02/01/2024,14:35:29,0.1,0.1,1120,0.15,4880,600,13520
FINNIFTY02JAN2419950PE.NFO,02/01/2024,14:35:38,0.1,0.1,1360,0.15,4880,240,13520
FINNIFTY02JAN2419950PE.NFO,02/01/2024,14:36:05,0.1,0.1,1240,0.15,4880,120,13520
FINNIFTY02JAN2419950PE.NFO,02/01/2024,14:36:50,0.1,0.1,1160,0.15,4880,80,14280
FINNIFTY02JAN2419950PE.NFO,02/01/2024,14:37:46,0.15,0.1,1320,0.15,5000,120,14280
FINNIFTY02JAN2419950PE.NFO,02/01/2024,14:37:57,0.1,0.1,1120,0.15,4600,360,14280
FINNIFTY02JAN2419950PE.NFO,02/01/2024,14:38:09,0.15,0.1,1000,0.15,4560,640,14280
FINNIFTY02JAN2419950PE.NFO,02/01/2024,14:38:20,0.15,0.1,1000,0.15,4560,0,14280
FINNIFTY02JAN2419950PE.NFO,02/01/2024,14:39:25,0.15,0.1,1000,0.15,4600,0,14280
FINNIFTY02JAN2419950PE.NFO,02/01/2024,14:39:34,0.15,0.1,1080,0.15,4600,0,14280
FINNIFTY02JAN2419950PE.NFO,02/01/2024,14:39:44,0.1,0.1,720,0.15,4600,280,13480
FINNIFTY02JAN2419950PE.NFO,02/01/2024,14:40:25,0.15,0.1,1000,0.15,1760,3400,13480
FINNIFTY02JAN2419950PE.NFO,02/01/2024,14:40:36,0.15,0.1,1000,0.15,1720,40,13480
FINNIFTY02JAN2419950PE.NFO,02/01/2024,14:40:48,0.15,0.1,1000,0.15,1560,160,13480
FINNIFTY02JAN2419950PE.NFO,02/01/2024,14:40:59,0.15,0.1,560,0.15,1280,0,13480
FINNIFTY02JAN2419950PE.NFO,02/01/2024,14:41:09,0.15,0.1,400,0.15,960,0,13480
FINNIFTY02JAN2419950PE.NFO,02/01/2024,14:41:19,0.15,0.1,520,0.15,960,0,13480
FINNIFTY02JAN2419950PE.NFO,02/01/2024,14:41:29,0.15,0.1,360,0.15,960,0,13480
FINNIFTY02JAN2419950PE.NFO,02/01/2024,14:41:39,0.15,0.1,1840,0.15,1200,0,13480
FINNIFTY02JAN2419950PE.NFO,02/01/2024,14:44:40,0.15,0.1,1840,0.15,960,0,13480
FINNIFTY02JAN2419950PE.NFO,02/01/2024,14:45:09,0.15,0.1,400,0.15,960,0,13480
FINNIFTY02JAN2419950PE.NFO,02/01/2024,14:45:19,0.15,0.05,13200,0.15,960,0,13480
FINNIFTY02JAN2419950PE.NFO,02/01/2024,14:46:25,0.1,0.05,13600,0.1,800,200,15040
FINNIFTY02JAN2419950PE.NFO,02/01/2024,14:46:35,0.1,0.05,13200,0.1,800,0,15040
FINNIFTY02JAN2419950PE.NFO,02/01/2024,14:46:44,0.1,0.1,2360,0.15,960,800,15040
FINNIFTY02JAN2419950PE.NFO,02/01/2024,14:49:13,0.1,0.1,2360,0.15,2400,0,15040
FINNIFTY02JAN2419950PE.NFO,02/01/2024,14:49:23,0.1,0.1,2360,0.15,1480,0,15040
FINNIFTY02JAN2419950PE.NFO,02/01/2024,14:50:47,0.1,0.1,2360,0.15,1640,0,15040
FINNIFTY02JAN2419950PE.NFO,02/01/2024,14:51:06,0.1,0.1,1720,0.15,1240,0,15040
FINNIFTY02JAN2419950PE.NFO,02/01/2024,14:51:15,0.1,0.1,2200,0.15,960,0,15040
FINNIFTY02JAN2419950PE.NFO,02/01/2024,14:51:43,0.1,0.1,2200,0.15,1240,0,15040
FINNIFTY02JAN2419950PE.NFO,02/01/2024,14:52:32,0.1,0.1,2240,0.15,1320,40,14880
FINNIFTY02JAN2419950PE.NFO,02/01/2024,14:53:29,0.1,0.1,2080,0.15,1560,160,14880
FINNIFTY02JAN2419950PE.NFO,02/01/2024,14:53:38,0.1,0.1,1560,0.15,800,0,14880
FINNIFTY02JAN2419950PE.NFO,02/01/2024,14:54:07,0.1,0.1,1560,0.15,560,0,14880
FINNIFTY02JAN2419950PE.NFO,02/01/2024,14:54:26,0.1,0.1,1320,0.15,560,160,15080
FINNIFTY02JAN2419950PE.NFO,02/01/2024,14:54:57,0.1,0.1,1320,0.15,560,0,15080
FINNIFTY02JAN2419950PE.NFO,02/01/2024,14:55:07,0.15,0.1,1320,0.15,1960,320,15080
FINNIFTY02JAN2419950PE.NFO,02/01/2024,14:55:17,0.15,0.1,1320,0.15,2960,0,15080
FINNIFTY02JAN2419950PE.NFO,02/01/2024,14:55:27,0.15,0.1,1560,0.15,1400,0,15080
FINNIFTY02JAN2419950PE.NFO,02/01/2024,14:55:46,0.1,0.1,1280,0.15,1400,280,15080
FINNIFTY02JAN2419950PE.NFO,02/01/2024,14:55:55,0.1,0.1,1280,0.15,1400,0,15080
FINNIFTY02JAN2419950PE.NFO,02/01/2024,14:56:05,0.1,0.1,640,0.15,1400,920,15080
FINNIFTY02JAN2419950PE.NFO,02/01/2024,14:56:14,0.1,0.1,560,0.15,1400,120,15080
FINNIFTY02JAN2419950PE.NFO,02/01/2024,14:56:52,0.1,0.1,360,0.15,1160,360,15080
FINNIFTY02JAN2419950PE.NFO,02/01/2024,14:57:02,0.1,0.1,280,0.15,1200,80,15080
FINNIFTY02JAN2419950PE.NFO,02/01/2024,14:57:32,0.1,0.1,160,0.15,1560,240,15480
FINNIFTY02JAN2419950PE.NFO,02/01/2024,14:57:42,0.1,0.1,160,0.15,1520,0,15480
FINNIFTY02JAN2419950PE.NFO,02/01/2024,14:58:01,0.1,0.05,14040,0.15,3360,160,15480
FINNIFTY02JAN2419950PE.NFO,02/01/2024,14:58:10,0.1,0.05,14040,0.1,520,0,15480
FINNIFTY02JAN2419950PE.NFO,02/01/2024,14:58:20,0.1,0.05,14520,0.1,320,0,15480
FINNIFTY02JAN2419950PE.NFO,02/01/2024,14:59:06,0.1,0.05,14520,0.1,1800,0,15480
FINNIFTY02JAN2419950PE.NFO,02/01/2024,14:59:15,0.1,0.05,14600,0.1,1600,0,15480
FINNIFTY02JAN2419950PE.NFO,02/01/2024,14:59:35,0.1,0.05,14680,0.1,1200,400,15480
FINNIFTY02JAN2419950PE.NFO,02/01/2024,15:01:17,0.1,0.05,14520,0.1,1680,0,15480
FINNIFTY02JAN2419950PE.NFO,02/01/2024,15:02:25,0.05,0.05,14080,0.1,1880,440,15720
FINNIFTY02JAN2419950PE.NFO,02/01/2024,15:02:25,0.05,0.05,14080,0.1,1880,0,15720
FINNIFTY02JAN2419950PE.NFO,02/01/2024,15:02:35,0.05,0.05,13840,0.1,1880,240,15720
FINNIFTY02JAN2419950PE.NFO,02/01/2024,15:02:44,0.05,0.05,13840,0.1,1880,0,15720
FINNIFTY02JAN2419950PE.NFO,02/01/2024,15:03:04,0.05,0.05,1240,0.1,1960,640,15720
FINNIFTY02JAN2419950PE.NFO,02/01/2024,15:04:10,0.05,0.05,1240,0.1,2080,0,15720
FINNIFTY02JAN2419950PE.NFO,02/01/2024,15:05:00,0.05,0.05,1320,0.1,2080,0,15720
FINNIFTY02JAN2419950PE.NFO,02/01/2024,15:07:34,0.1,0.05,1320,0.1,2000,80,15040
FINNIFTY02JAN2419950PE.NFO,02/01/2024,15:07:46,0.1,0.05,1320,0.1,1680,320,15040
FINNIFTY02JAN2419950PE.NFO,02/01/2024,15:07:58,0.1,0.05,1320,0.1,1760,120,15040
FINNIFTY02JAN2419950PE.NFO,02/01/2024,15:08:11,0.1,0.05,1320,0.1,1240,320,15040
FINNIFTY02JAN2419950PE.NFO,02/01/2024,15:08:58,0.1,0.05,1320,0.1,1120,0,15040
FINNIFTY02JAN2419950PE.NFO,02/01/2024,15:09:08,0.1,0.05,1320,0.1,1200,0,15040
FINNIFTY02JAN2419950PE.NFO,02/01/2024,15:10:12,0.1,0.05,1320,0.1,1240,120,15440
FINNIFTY02JAN2419950PE.NFO,02/01/2024,15:10:23,0.1,0.05,1320,0.1,1000,240,15440
FINNIFTY02JAN2419950PE.NFO,02/01/2024,15:10:34,0.1,0.05,1320,0.1,1000,0,15440
FINNIFTY02JAN2419950PE.NFO,02/01/2024,15:10:46,0.1,0.05,1320,0.1,960,40,15440
FINNIFTY02JAN2419950PE.NFO,02/01/2024,15:10:58,0.1,0.05,1280,0.1,800,200,15440
FINNIFTY02JAN2419950PE.NFO,02/01/2024,15:11:08,0.1,0.05,1280,0.1,1720,40,15440
FINNIFTY02JAN2419950PE.NFO,02/01/2024,15:11:19,0.1,0.05,1280,0.1,1720,0,15440
FINNIFTY02JAN2419950PE.NFO,02/01/2024,15:12:19,0.1,0.05,1280,0.1,1640,80,15440
FINNIFTY02JAN2419950PE.NFO,02/01/2024,15:12:29,0.1,0.05,1280,0.1,1560,80,15760
FINNIFTY02JAN2419950PE.NFO,02/01/2024,15:12:39,0.1,0.05,1280,0.1,1360,200,15760
FINNIFTY02JAN2419950PE.NFO,02/01/2024,15:12:49,0.1,0.05,1280,0.1,1200,160,15760
FINNIFTY02JAN2419950PE.NFO,02/01/2024,15:13:00,0.1,0.05,1280,0.1,1120,80,15760
FINNIFTY02JAN2419950PE.NFO,02/01/2024,15:15:15,0.05,0,0,0.1,1200,1400,15760
FINNIFTY02JAN2419950PE.NFO,02/01/2024,15:16:55,0.05,0,0,0.1,1200,0,15760
FINNIFTY02JAN2419950PE.NFO,02/01/2024,15:18:44,0.05,0,0,0.1,2400,0,15760
FINNIFTY02JAN2419950PE.NFO,02/01/2024,15:19:21,0.05,0,0,0.1,1440,0,15760
FINNIFTY02JAN2419950PE.NFO,02/01/2024,15:21:05,0.05,0,0,0.1,1480,0,15760
FINNIFTY02JAN2419950PE.NFO,02/01/2024,15:21:43,0.05,0,0,0.1,1440,0,15760
FINNIFTY02JAN2419950PE.NFO,02/01/2024,15:22:58,0.05,0,0,0.05,40,0,15760
FINNIFTY02JAN2419950PE.NFO,02/01/2024,15:25:54,0.05,0,0,0.1,1360,40,14880
FINNIFTY02JAN2419950PE.NFO,02/01/2024,15:26:24,0.05,0,0,0.05,640,0,14880
FINNIFTY02JAN2419950PE.NFO,02/01/2024,15:26:34,0.05,0,0,0.05,1040,0,14880
FINNIFTY02JAN2419950PE.NFO,02/01/2024,15:28:41,0.05,0,0,0.05,1080,0,14880
FINNIFTY02JAN2419950PE.NFO,02/01/2024,15:29:13,0.05,0,0,0.05,1040,0,14880
FINNIFTY02JAN2419950PE.NFO,02/01/2024,15:29:45,0.05,0,0,0.05,320,800,14880
FINNIFTY02JAN2419950PE.NFO,02/01/2024,15:30:00,0.05,0,0,0.05,240,0,14880
