Ticker,Date,Time,LTP,BuyPrice,BuyQty,SellPrice,SellQty,LTQ,OpenInterest
FINNIFTY02JAN2420250PE.NFO,02/01/2024,09:15:02,0.1,0.25,1400,0.45,880,1200,39200
FINNIFTY02JAN2420250PE.NFO,02/01/2024,09:15:02,0.1,0.25,1400,0.45,880,0,39200
FINNIFTY02JAN2420250PE.NFO,02/01/2024,09:15:02,0.25,0.25,1400,0.45,880,0,39200
FINNIFTY02JAN2420250PE.NFO,02/01/2024,09:15:02,0.1,0.25,1400,0.45,880,0,39200
FINNIFTY02JAN2420250PE.NFO,02/01/2024,09:15:16,0.35,0.3,880,0.35,1200,2880,39200
FINNIFTY02JAN2420250PE.NFO,02/01/2024,09:15:16,0.45,0.3,880,0.35,1200,0,39200
FINNIFTY02JAN2420250PE.NFO,02/01/2024,09:15:28,0.25,0.2,18720,0.3,1960,3160,39200
FINNIFTY02JAN2420250PE.NFO,02/01/2024,09:15:39,0.25,0.2,25840,0.25,4800,4520,39200
FINNIFTY02JAN2420250PE.NFO,02/01/2024,09:15:50,0.25,0.2,33360,0.25,4600,2160,39200
FINNIFTY02JAN2420250PE.NFO,02/01/2024,09:16:00,0.25,0.25,4280,0.3,2680,6600,39200
FINNIFTY02JAN2420250PE.NFO,02/01/2024,09:16:12,0.25,0.25,1560,0.3,2000,4280,39200
FINNIFTY02JAN2420250PE.NFO,02/01/2024,09:16:22,0.25,0.25,1560,0.3,2120,0,39200
FINNIFTY02JAN2420250PE.NFO,02/01/2024,09:16:31,0.25,0.25,5240,0.3,2800,1080,39200
FINNIFTY02JAN2420250PE.NFO,02/01/2024,09:16:41,0.25,0.25,1840,0.3,1600,400,39200
FINNIFTY02JAN2420250PE.NFO,02/01/2024,09:16:50,0.25,0.25,13080,0.3,2920,280,39200
FINNIFTY02JAN2420250PE.NFO,02/01/2024,09:17:00,0.3,0.25,13560,0.3,2480,920,39200
FINNIFTY02JAN2420250PE.NFO,02/01/2024,09:17:10,0.3,0.25,14200,0.3,2200,1200,39200
FINNIFTY02JAN2420250PE.NFO,02/01/2024,09:17:19,0.3,0.25,14800,0.3,2440,0,39200
FINNIFTY02JAN2420250PE.NFO,02/01/2024,09:17:29,0.35,0.3,1480,0.35,5640,5800,39600
FINNIFTY02JAN2420250PE.NFO,02/01/2024,09:17:39,0.35,0.3,2800,0.35,18120,1800,39600
FINNIFTY02JAN2420250PE.NFO,02/01/2024,09:17:48,0.3,0.25,14760,0.3,1400,3040,39600
FINNIFTY02JAN2420250PE.NFO,02/01/2024,09:17:58,0.3,0.25,14760,0.3,1400,0,39600
FINNIFTY02JAN2420250PE.NFO,02/01/2024,09:18:07,0.3,0.3,3240,0.35,22040,1400,39600
FINNIFTY02JAN2420250PE.NFO,02/01/2024,09:18:17,0.35,0.3,2640,0.35,19840,1000,39600
FINNIFTY02JAN2420250PE.NFO,02/01/2024,09:18:26,0.3,0.3,4320,0.35,20920,200,39600
FINNIFTY02JAN2420250PE.NFO,02/01/2024,09:18:46,0.3,0.3,2640,0.35,22280,3040,39600
FINNIFTY02JAN2420250PE.NFO,02/01/2024,09:18:55,0.35,0.3,2440,0.35,22240,440,39600
FINNIFTY02JAN2420250PE.NFO,02/01/2024,09:19:06,0.35,0.3,2440,0.35,21800,400,39600
FINNIFTY02JAN2420250PE.NFO,02/01/2024,09:19:15,0.35,0.3,2440,0.35,20000,0,39600
FINNIFTY02JAN2420250PE.NFO,02/01/2024,09:19:25,0.3,0.3,2200,0.35,21840,1520,39600
FINNIFTY02JAN2420250PE.NFO,02/01/2024,09:19:35,0.35,0.3,2280,0.35,15560,200,39600
FINNIFTY02JAN2420250PE.NFO,02/01/2024,09:19:45,0.3,0.25,13840,0.3,7040,1800,39600
FINNIFTY02JAN2420250PE.NFO,02/01/2024,09:19:55,0.3,0.25,14680,0.3,7120,4360,39600
FINNIFTY02JAN2420250PE.NFO,02/01/2024,09:20:06,0.25,0.25,14480,0.3,8520,200,39600
FINNIFTY02JAN2420250PE.NFO,02/01/2024,09:20:16,0.3,0.25,14480,0.3,4520,1800,39600
FINNIFTY02JAN2420250PE.NFO,02/01/2024,09:20:26,0.3,0.3,480,0.35,18120,2560,39600
FINNIFTY02JAN2420250PE.NFO,02/01/2024,09:20:36,0.35,0.3,200,0.35,17440,400,41240
FINNIFTY02JAN2420250PE.NFO,02/01/2024,09:20:45,0.35,0.3,200,0.35,21160,280,41240
FINNIFTY02JAN2420250PE.NFO,02/01/2024,09:20:55,0.35,0.3,200,0.35,17440,640,41240
FINNIFTY02JAN2420250PE.NFO,02/01/2024,09:21:04,0.3,0.25,13520,0.3,1200,440,41240
FINNIFTY02JAN2420250PE.NFO,02/01/2024,09:21:14,0.3,0.25,13040,0.3,3880,1920,41240
FINNIFTY02JAN2420250PE.NFO,02/01/2024,09:21:25,0.3,0.25,12680,0.3,6400,2400,41240
FINNIFTY02JAN2420250PE.NFO,02/01/2024,09:21:35,0.3,0.25,12680,0.3,1480,1760,41240
FINNIFTY02JAN2420250PE.NFO,02/01/2024,09:21:45,0.35,0.3,4080,0.35,13600,1800,41240
FINNIFTY02JAN2420250PE.NFO,02/01/2024,09:21:55,0.35,0.3,3520,0.35,13440,1240,41240
FINNIFTY02JAN2420250PE.NFO,02/01/2024,09:22:06,0.3,0.3,3840,0.35,13680,1320,41240
FINNIFTY02JAN2420250PE.NFO,02/01/2024,09:22:18,0.3,0.3,2800,0.35,14720,2200,41240
FINNIFTY02JAN2420250PE.NFO,02/01/2024,09:22:30,0.35,0.3,200,0.35,15800,2240,41240
FINNIFTY02JAN2420250PE.NFO,02/01/2024,09:22:40,0.35,0.3,240,0.35,12880,200,41240
FINNIFTY02JAN2420250PE.NFO,02/01/2024,09:22:50,0.35,0.3,240,0.35,14320,0,41240
FINNIFTY02JAN2420250PE.NFO,02/01/2024,09:23:09,0.35,0.3,240,0.35,12520,0,41240
FINNIFTY02JAN2420250PE.NFO,02/01/2024,09:23:19,0.35,0.3,240,0.35,11880,0,41240
FINNIFTY02JAN2420250PE.NFO,02/01/2024,09:23:47,0.3,0.25,14040,0.3,7880,640,44440
FINNIFTY02JAN2420250PE.NFO,02/01/2024,09:23:56,0.3,0.25,15440,0.3,9320,0,44440
FINNIFTY02JAN2420250PE.NFO,02/01/2024,09:24:14,0.3,0.25,15440,0.3,9200,120,44440
FINNIFTY02JAN2420250PE.NFO,02/01/2024,09:24:24,0.3,0.25,15560,0.3,8880,40,44440
FINNIFTY02JAN2420250PE.NFO,02/01/2024,09:24:34,0.25,0.25,13680,0.3,12080,440,44440
FINNIFTY02JAN2420250PE.NFO,02/01/2024,09:24:45,0.25,0.25,13920,0.3,10480,1240,44440
FINNIFTY02JAN2420250PE.NFO,02/01/2024,09:24:54,0.25,0.25,13800,0.3,12440,360,44440
FINNIFTY02JAN2420250PE.NFO,02/01/2024,09:25:05,0.25,0.25,13160,0.3,12960,640,44440
FINNIFTY02JAN2420250PE.NFO,02/01/2024,09:25:16,0.25,0.25,13560,0.3,15360,880,44440
FINNIFTY02JAN2420250PE.NFO,02/01/2024,09:25:26,0.25,0.25,12720,0.3,20080,840,44440
FINNIFTY02JAN2420250PE.NFO,02/01/2024,09:25:36,0.25,0.25,12840,0.3,19360,1600,44440
FINNIFTY02JAN2420250PE.NFO,02/01/2024,09:25:46,0.25,0.25,11840,0.3,17360,1000,44440
FINNIFTY02JAN2420250PE.NFO,02/01/2024,09:25:56,0.25,0.25,11520,0.3,17360,320,44440
FINNIFTY02JAN2420250PE.NFO,02/01/2024,09:26:06,0.25,0.25,29880,0.3,18320,1360,44440
FINNIFTY02JAN2420250PE.NFO,02/01/2024,09:26:15,0.3,0.25,46800,0.3,21960,1040,44440
FINNIFTY02JAN2420250PE.NFO,02/01/2024,09:26:26,0.25,0.25,50640,0.3,9320,5800,44440
FINNIFTY02JAN2420250PE.NFO,02/01/2024,09:26:36,0.25,0.25,50280,0.3,9600,80,45400
FINNIFTY02JAN2420250PE.NFO,02/01/2024,09:26:57,0.3,0.25,50400,0.3,9480,120,45400
FINNIFTY02JAN2420250PE.NFO,02/01/2024,09:27:07,0.3,0.25,68360,0.3,8840,1040,45400
FINNIFTY02JAN2420250PE.NFO,02/01/2024,09:27:18,0.3,0.25,68360,0.3,9840,1080,45400
FINNIFTY02JAN2420250PE.NFO,02/01/2024,09:27:28,0.3,0.25,68320,0.3,9320,680,45400
FINNIFTY02JAN2420250PE.NFO,02/01/2024,09:27:37,0.3,0.25,68600,0.3,8800,720,45400
FINNIFTY02JAN2420250PE.NFO,02/01/2024,09:27:47,0.3,0.25,68600,0.3,8760,280,45400
FINNIFTY02JAN2420250PE.NFO,02/01/2024,09:27:57,0.3,0.25,68520,0.3,8440,80,45400
FINNIFTY02JAN2420250PE.NFO,02/01/2024,09:28:07,0.3,0.25,68520,0.3,9120,0,45400
FINNIFTY02JAN2420250PE.NFO,02/01/2024,09:28:17,0.3,0.25,68480,0.3,9360,0,45400
FINNIFTY02JAN2420250PE.NFO,02/01/2024,09:28:28,0.3,0.25,68480,0.3,9400,0,45400
FINNIFTY02JAN2420250PE.NFO,02/01/2024,09:28:55,0.3,0.25,68480,0.3,9240,0,45400
FINNIFTY02JAN2420250PE.NFO,02/01/2024,09:29:05,0.3,0.25,68480,0.3,9160,0,45400
FINNIFTY02JAN2420250PE.NFO,02/01/2024,09:29:16,0.3,0.25,68480,0.3,9200,0,45400
FINNIFTY02JAN2420250PE.NFO,02/01/2024,09:29:28,0.3,0.25,68440,0.3,9840,240,45400
FINNIFTY02JAN2420250PE.NFO,02/01/2024,09:29:38,0.3,0.25,68440,0.3,9880,0,45400
FINNIFTY02JAN2420250PE.NFO,02/01/2024,09:30:08,0.3,0.25,32440,0.3,9880,0,45400
FINNIFTY02JAN2420250PE.NFO,02/01/2024,09:30:18,0.3,0.25,32440,0.3,10480,0,45400
FINNIFTY02JAN2420250PE.NFO,02/01/2024,09:31:10,0.3,0.25,32440,0.3,9280,1200,45840
FINNIFTY02JAN2420250PE.NFO,02/01/2024,09:31:20,0.3,0.25,32440,0.3,9280,0,45840
FINNIFTY02JAN2420250PE.NFO,02/01/2024,09:31:39,0.25,0.25,31680,0.3,9280,760,45840
FINNIFTY02JAN2420250PE.NFO,02/01/2024,09:31:59,0.25,0.25,31680,0.3,9280,0,45840
FINNIFTY02JAN2420250PE.NFO,02/01/2024,09:32:18,0.3,0.25,31680,0.3,9160,120,45840
FINNIFTY02JAN2420250PE.NFO,02/01/2024,09:32:28,0.3,0.25,31680,0.3,9160,0,45840
FINNIFTY02JAN2420250PE.NFO,02/01/2024,09:32:58,0.3,0.25,31880,0.3,9080,40,46720
FINNIFTY02JAN2420250PE.NFO,02/01/2024,09:33:08,0.3,0.25,31880,0.3,9040,40,46720
FINNIFTY02JAN2420250PE.NFO,02/01/2024,09:33:17,0.3,0.25,31880,0.3,8960,80,46720
FINNIFTY02JAN2420250PE.NFO,02/01/2024,09:33:27,0.3,0.25,31880,0.3,8840,120,46720
FINNIFTY02JAN2420250PE.NFO,02/01/2024,09:33:36,0.3,0.25,31880,0.3,11720,0,46720
FINNIFTY02JAN2420250PE.NFO,02/01/2024,09:34:41,0.25,0.25,31680,0.3,11920,200,46720
FINNIFTY02JAN2420250PE.NFO,02/01/2024,09:34:50,0.25,0.25,31160,0.3,11400,520,46720
FINNIFTY02JAN2420250PE.NFO,02/01/2024,09:34:59,0.3,0.25,31160,0.3,11000,720,46720
FINNIFTY02JAN2420250PE.NFO,02/01/2024,09:35:09,0.3,0.25,31160,0.3,10720,40,46720
FINNIFTY02JAN2420250PE.NFO,02/01/2024,09:35:18,0.25,0.25,30920,0.3,10960,240,46720
FINNIFTY02JAN2420250PE.NFO,02/01/2024,09:35:28,0.25,0.25,30920,0.3,9680,0,46720
FINNIFTY02JAN2420250PE.NFO,02/01/2024,09:35:37,0.25,0.25,30360,0.3,11960,600,48040
FINNIFTY02JAN2420250PE.NFO,02/01/2024,09:35:46,0.25,0.25,30360,0.3,11520,0,48040
FINNIFTY02JAN2420250PE.NFO,02/01/2024,09:35:56,0.3,0.25,30360,0.3,11160,120,48040
FINNIFTY02JAN2420250PE.NFO,02/01/2024,09:36:05,0.3,0.25,30360,0.3,11320,200,48040
FINNIFTY02JAN2420250PE.NFO,02/01/2024,09:36:24,0.3,0.25,30320,0.3,11160,240,48040
FINNIFTY02JAN2420250PE.NFO,02/01/2024,09:36:34,0.3,0.25,30320,0.3,10720,200,48040
FINNIFTY02JAN2420250PE.NFO,02/01/2024,09:36:43,0.3,0.25,30360,0.3,10960,0,48040
FINNIFTY02JAN2420250PE.NFO,02/01/2024,09:36:51,0.3,0.25,30360,0.3,14080,0,48040
FINNIFTY02JAN2420250PE.NFO,02/01/2024,09:38:29,0.25,0.25,30120,0.3,14320,240,48040
FINNIFTY02JAN2420250PE.NFO,02/01/2024,09:38:38,0.25,0.25,29840,0.3,14080,280,49400
FINNIFTY02JAN2420250PE.NFO,02/01/2024,09:38:48,0.25,0.25,29680,0.3,14080,160,49400
FINNIFTY02JAN2420250PE.NFO,02/01/2024,09:38:57,0.25,0.25,29440,0.3,14320,240,49400
FINNIFTY02JAN2420250PE.NFO,02/01/2024,09:39:07,0.25,0.25,28160,0.3,14240,1240,49400
FINNIFTY02JAN2420250PE.NFO,02/01/2024,09:39:17,0.25,0.25,27000,0.3,16280,80,49400
FINNIFTY02JAN2420250PE.NFO,02/01/2024,09:39:26,0.25,0.25,27000,0.3,16480,0,49400
FINNIFTY02JAN2420250PE.NFO,02/01/2024,09:39:35,0.3,0.25,27000,0.3,17160,120,49400
FINNIFTY02JAN2420250PE.NFO,02/01/2024,09:40:05,0.25,0.25,26800,0.3,17400,200,49400
FINNIFTY02JAN2420250PE.NFO,02/01/2024,09:40:16,0.25,0.25,26560,0.3,17400,240,49400
FINNIFTY02JAN2420250PE.NFO,02/01/2024,09:40:26,0.25,0.25,26320,0.3,17400,240,49400
FINNIFTY02JAN2420250PE.NFO,02/01/2024,09:40:36,0.25,0.25,25920,0.3,17400,400,49400
FINNIFTY02JAN2420250PE.NFO,02/01/2024,09:40:47,0.25,0.25,25720,0.3,17400,200,49400
FINNIFTY02JAN2420250PE.NFO,02/01/2024,09:40:57,0.3,0.25,27360,0.3,12240,40,49400
FINNIFTY02JAN2420250PE.NFO,02/01/2024,09:41:08,0.25,0.25,25880,0.3,15320,2000,49400
FINNIFTY02JAN2420250PE.NFO,02/01/2024,09:41:18,0.25,0.25,25880,0.3,15320,0,49400
FINNIFTY02JAN2420250PE.NFO,02/01/2024,09:42:07,0.25,0.25,23000,0.3,15320,0,49400
FINNIFTY02JAN2420250PE.NFO,02/01/2024,09:42:17,0.25,0.25,22120,0.3,15440,1000,44360
FINNIFTY02JAN2420250PE.NFO,02/01/2024,09:42:26,0.25,0.25,4120,0.3,15440,720,44360
FINNIFTY02JAN2420250PE.NFO,02/01/2024,09:42:35,0.3,0.25,5920,0.3,15400,40,44360
FINNIFTY02JAN2420250PE.NFO,02/01/2024,09:42:53,0.25,0.25,5800,0.3,15400,120,44360
FINNIFTY02JAN2420250PE.NFO,02/01/2024,09:43:14,0.25,0.25,5520,0.3,15400,280,44360
FINNIFTY02JAN2420250PE.NFO,02/01/2024,09:43:34,0.25,0.25,5520,0.3,15400,0,44360
FINNIFTY02JAN2420250PE.NFO,02/01/2024,09:43:53,0.3,0.25,5520,0.3,15360,40,44360
FINNIFTY02JAN2420250PE.NFO,02/01/2024,09:44:02,0.25,0.25,5320,0.3,15360,200,44360
FINNIFTY02JAN2420250PE.NFO,02/01/2024,09:44:58,0.25,0.25,5200,0.3,15360,120,43600
FINNIFTY02JAN2420250PE.NFO,02/01/2024,09:45:07,0.25,0.25,4880,0.3,15360,320,43600
FINNIFTY02JAN2420250PE.NFO,02/01/2024,09:45:16,0.25,0.25,4800,0.3,15360,80,43600
FINNIFTY02JAN2420250PE.NFO,02/01/2024,09:45:26,0.25,0.25,4800,0.3,15360,1160,43600
FINNIFTY02JAN2420250PE.NFO,02/01/2024,09:45:36,0.25,0.25,5720,0.3,15360,440,43600
FINNIFTY02JAN2420250PE.NFO,02/01/2024,09:45:45,0.25,0.25,5520,0.3,15360,200,43600
FINNIFTY02JAN2420250PE.NFO,02/01/2024,09:45:54,0.25,0.25,5280,0.3,15360,240,43600
FINNIFTY02JAN2420250PE.NFO,02/01/2024,09:46:04,0.3,0.25,5640,0.3,15080,480,43600
FINNIFTY02JAN2420250PE.NFO,02/01/2024,09:46:14,0.3,0.25,5640,0.3,14480,600,43600
FINNIFTY02JAN2420250PE.NFO,02/01/2024,09:46:24,0.3,0.25,5640,0.3,13840,400,43600
FINNIFTY02JAN2420250PE.NFO,02/01/2024,09:46:34,0.3,0.25,5640,0.3,13760,240,43600
FINNIFTY02JAN2420250PE.NFO,02/01/2024,09:46:43,0.3,0.25,5640,0.3,13320,200,43600
FINNIFTY02JAN2420250PE.NFO,02/01/2024,09:46:52,0.3,0.25,5640,0.3,13160,160,43600
FINNIFTY02JAN2420250PE.NFO,02/01/2024,09:47:11,0.3,0.25,5760,0.3,13160,360,43600
FINNIFTY02JAN2420250PE.NFO,02/01/2024,09:47:20,0.3,0.25,7200,0.3,13640,0,43600
FINNIFTY02JAN2420250PE.NFO,02/01/2024,09:47:38,0.3,0.25,7200,0.3,13160,0,43600
FINNIFTY02JAN2420250PE.NFO,02/01/2024,09:47:47,0.25,0.25,7160,0.3,13160,40,43520
FINNIFTY02JAN2420250PE.NFO,02/01/2024,09:47:56,0.25,0.25,6880,0.3,13160,280,43520
FINNIFTY02JAN2420250PE.NFO,02/01/2024,09:48:06,0.25,0.25,6640,0.3,13160,240,43520
FINNIFTY02JAN2420250PE.NFO,02/01/2024,09:48:15,0.25,0.25,6560,0.3,12800,80,43520
FINNIFTY02JAN2420250PE.NFO,02/01/2024,09:48:32,0.25,0.25,6560,0.3,12680,0,43520
FINNIFTY02JAN2420250PE.NFO,02/01/2024,09:48:42,0.25,0.25,6440,0.3,12680,120,43520
FINNIFTY02JAN2420250PE.NFO,02/01/2024,09:48:51,0.25,0.25,6560,0.3,12760,200,43520
FINNIFTY02JAN2420250PE.NFO,02/01/2024,09:49:00,0.25,0.25,6520,0.3,12760,40,43520
FINNIFTY02JAN2420250PE.NFO,02/01/2024,09:49:10,0.25,0.25,6520,0.3,12880,0,43520
FINNIFTY02JAN2420250PE.NFO,02/01/2024,09:49:19,0.3,0.25,6520,0.3,12600,40,43520
FINNIFTY02JAN2420250PE.NFO,02/01/2024,09:49:29,0.25,0.25,6400,0.3,12840,120,43520
FINNIFTY02JAN2420250PE.NFO,02/01/2024,09:49:38,0.25,0.25,3520,0.3,12840,0,43520
FINNIFTY02JAN2420250PE.NFO,02/01/2024,09:49:56,0.25,0.25,3320,0.3,12840,200,43520
FINNIFTY02JAN2420250PE.NFO,02/01/2024,09:50:05,0.25,0.25,3240,0.3,12840,80,43520
FINNIFTY02JAN2420250PE.NFO,02/01/2024,09:50:14,0.25,0.25,3040,0.3,10280,200,43520
FINNIFTY02JAN2420250PE.NFO,02/01/2024,09:50:31,0.25,0.25,3040,0.3,12000,0,43520
FINNIFTY02JAN2420250PE.NFO,02/01/2024,09:50:41,0.25,0.25,3040,0.3,11840,0,43520
FINNIFTY02JAN2420250PE.NFO,02/01/2024,09:50:58,0.25,0.25,2760,0.3,11560,280,43600
FINNIFTY02JAN2420250PE.NFO,02/01/2024,09:51:18,0.25,0.25,2640,0.3,10640,680,43600
FINNIFTY02JAN2420250PE.NFO,02/01/2024,09:51:28,0.3,0.25,2640,0.3,10360,40,43600
FINNIFTY02JAN2420250PE.NFO,02/01/2024,09:51:37,0.3,0.25,2640,0.3,10760,80,43600
FINNIFTY02JAN2420250PE.NFO,02/01/2024,09:51:47,0.3,0.25,2640,0.3,10480,40,43600
FINNIFTY02JAN2420250PE.NFO,02/01/2024,09:52:59,0.3,0.25,2640,0.3,10480,0,43600
FINNIFTY02JAN2420250PE.NFO,02/01/2024,09:53:08,0.3,0.25,2640,0.3,10200,40,43600
FINNIFTY02JAN2420250PE.NFO,02/01/2024,09:53:18,0.3,0.25,2440,0.3,8760,200,43600
FINNIFTY02JAN2420250PE.NFO,02/01/2024,09:53:27,0.3,0.25,5320,0.3,9520,280,43600
FINNIFTY02JAN2420250PE.NFO,02/01/2024,09:53:36,0.3,0.25,13960,0.3,7880,600,44560
FINNIFTY02JAN2420250PE.NFO,02/01/2024,09:53:46,0.3,0.25,13960,0.3,7760,120,44560
FINNIFTY02JAN2420250PE.NFO,02/01/2024,09:53:55,0.3,0.25,13960,0.3,7480,40,44560
FINNIFTY02JAN2420250PE.NFO,02/01/2024,09:54:04,0.3,0.25,13960,0.3,8080,0,44560
FINNIFTY02JAN2420250PE.NFO,02/01/2024,09:54:31,0.25,0.25,13880,0.3,6680,520,44560
FINNIFTY02JAN2420250PE.NFO,02/01/2024,09:54:40,0.25,0.25,13760,0.3,6680,120,44560
FINNIFTY02JAN2420250PE.NFO,02/01/2024,09:55:01,0.25,0.25,13640,0.3,6400,120,44560
FINNIFTY02JAN2420250PE.NFO,02/01/2024,09:55:12,0.25,0.25,12800,0.3,7680,840,44560
FINNIFTY02JAN2420250PE.NFO,02/01/2024,09:55:22,0.25,0.25,12320,0.3,7680,480,44560
FINNIFTY02JAN2420250PE.NFO,02/01/2024,09:55:32,0.25,0.25,14800,0.3,6680,1360,44560
FINNIFTY02JAN2420250PE.NFO,02/01/2024,09:55:43,0.3,0.25,14360,0.3,5840,1080,44560
FINNIFTY02JAN2420250PE.NFO,02/01/2024,09:56:04,0.3,0.25,13240,0.3,8640,1160,44560
FINNIFTY02JAN2420250PE.NFO,02/01/2024,09:56:16,0.3,0.25,13960,0.3,6920,440,44560
FINNIFTY02JAN2420250PE.NFO,02/01/2024,09:56:29,0.25,0.25,12160,0.3,8840,360,44560
FINNIFTY02JAN2420250PE.NFO,02/01/2024,09:56:41,0.3,0.25,1600,0.3,9520,960,43560
FINNIFTY02JAN2420250PE.NFO,02/01/2024,09:56:53,0.25,0.25,680,0.3,8040,5400,43560
FINNIFTY02JAN2420250PE.NFO,02/01/2024,09:57:05,0.25,0.25,440,0.3,8320,240,43560
FINNIFTY02JAN2420250PE.NFO,02/01/2024,09:57:18,0.25,0.25,680,0.3,8520,2040,43560
FINNIFTY02JAN2420250PE.NFO,02/01/2024,09:57:31,0.3,0.25,6640,0.3,8240,320,43560
FINNIFTY02JAN2420250PE.NFO,02/01/2024,09:57:43,0.25,0.25,9080,0.3,8280,920,43560
FINNIFTY02JAN2420250PE.NFO,02/01/2024,09:57:54,0.25,0.25,2800,0.3,9560,1160,43560
FINNIFTY02JAN2420250PE.NFO,02/01/2024,09:58:05,0.25,0.25,2560,0.3,9560,240,43560
FINNIFTY02JAN2420250PE.NFO,02/01/2024,09:58:17,0.25,0.25,2120,0.3,11160,440,43560
FINNIFTY02JAN2420250PE.NFO,02/01/2024,09:58:28,0.3,0.25,1640,0.3,10680,720,43560
FINNIFTY02JAN2420250PE.NFO,02/01/2024,09:58:41,0.3,0.25,1600,0.3,19680,440,43560
FINNIFTY02JAN2420250PE.NFO,02/01/2024,09:58:52,0.3,0.25,1640,0.3,16080,40,43560
FINNIFTY02JAN2420250PE.NFO,02/01/2024,09:59:02,0.3,0.25,1760,0.3,12160,320,43560
FINNIFTY02JAN2420250PE.NFO,02/01/2024,09:59:13,0.3,0.25,600,0.3,10160,40,43560
FINNIFTY02JAN2420250PE.NFO,02/01/2024,09:59:26,0.3,0.25,1720,0.3,10760,320,43560
FINNIFTY02JAN2420250PE.NFO,02/01/2024,09:59:37,0.3,0.25,1360,0.3,10600,1960,46560
FINNIFTY02JAN2420250PE.NFO,02/01/2024,09:59:48,0.25,0.25,1160,0.3,9360,2000,46560
FINNIFTY02JAN2420250PE.NFO,02/01/2024,09:59:59,0.3,0.25,1160,0.3,9160,200,46560
FINNIFTY02JAN2420250PE.NFO,02/01/2024,10:00:10,0.25,0.2,61920,0.25,4400,2600,46560
FINNIFTY02JAN2420250PE.NFO,02/01/2024,10:00:22,0.25,0.2,62880,0.25,3960,2640,46560
FINNIFTY02JAN2420250PE.NFO,02/01/2024,10:00:35,0.25,0.25,18680,0.3,3360,4120,46560
FINNIFTY02JAN2420250PE.NFO,02/01/2024,10:00:47,0.3,0.25,17240,0.3,3000,400,46560
FINNIFTY02JAN2420250PE.NFO,02/01/2024,10:00:58,0.25,0.25,18520,0.3,1280,1080,46560
FINNIFTY02JAN2420250PE.NFO,02/01/2024,10:01:08,0.25,0.25,18440,0.3,5000,240,46560
FINNIFTY02JAN2420250PE.NFO,02/01/2024,10:01:19,0.25,0.25,18000,0.3,3200,440,46560
FINNIFTY02JAN2420250PE.NFO,02/01/2024,10:01:31,0.25,0.25,17840,0.3,3080,160,46560
FINNIFTY02JAN2420250PE.NFO,02/01/2024,10:01:41,0.25,0.25,16080,0.3,6600,320,46560
FINNIFTY02JAN2420250PE.NFO,02/01/2024,10:01:52,0.25,0.25,15800,0.3,6560,280,46560
FINNIFTY02JAN2420250PE.NFO,02/01/2024,10:02:02,0.25,0.25,15520,0.3,6280,280,46560
FINNIFTY02JAN2420250PE.NFO,02/01/2024,10:02:43,0.25,0.25,15320,0.3,6200,240,46560
FINNIFTY02JAN2420250PE.NFO,02/01/2024,10:03:03,0.3,0.25,15320,0.3,6240,40,46560
FINNIFTY02JAN2420250PE.NFO,02/01/2024,10:03:14,0.25,0.25,15000,0.3,6480,320,46560
FINNIFTY02JAN2420250PE.NFO,02/01/2024,10:03:27,0.25,0.25,15960,0.3,6240,480,46560
FINNIFTY02JAN2420250PE.NFO,02/01/2024,10:03:50,0.25,0.25,4360,0.3,6240,200,46560
FINNIFTY02JAN2420250PE.NFO,02/01/2024,10:04:00,0.25,0.25,4160,0.3,6480,240,46560
FINNIFTY02JAN2420250PE.NFO,02/01/2024,10:04:10,0.25,0.25,2560,0.3,6480,0,46560
FINNIFTY02JAN2420250PE.NFO,02/01/2024,10:04:21,0.25,0.25,2320,0.3,6480,240,46560
FINNIFTY02JAN2420250PE.NFO,02/01/2024,10:04:31,0.25,0.25,24080,0.3,6160,880,46560
FINNIFTY02JAN2420250PE.NFO,02/01/2024,10:04:41,0.3,0.25,42240,0.35,3160,20240,46560
FINNIFTY02JAN2420250PE.NFO,02/01/2024,10:04:52,0.25,0.25,44640,0.3,3240,8000,46560
FINNIFTY02JAN2420250PE.NFO,02/01/2024,10:05:02,0.25,0.25,37400,0.3,3920,2320,46560
FINNIFTY02JAN2420250PE.NFO,02/01/2024,10:05:13,0.3,0.25,33800,0.3,7120,680,46560
FINNIFTY02JAN2420250PE.NFO,02/01/2024,10:05:23,0.3,0.25,41120,0.3,7120,360,46560
FINNIFTY02JAN2420250PE.NFO,02/01/2024,10:05:33,0.3,0.25,43080,0.3,4200,7680,46560
FINNIFTY02JAN2420250PE.NFO,02/01/2024,10:05:43,0.25,0.25,71800,0.3,23080,12400,58000
FINNIFTY02JAN2420250PE.NFO,02/01/2024,10:05:53,0.3,0.25,71520,0.3,28920,520,58000
FINNIFTY02JAN2420250PE.NFO,02/01/2024,10:06:03,0.3,0.25,71280,0.3,35800,600,58000
FINNIFTY02JAN2420250PE.NFO,02/01/2024,10:06:13,0.3,0.25,60480,0.3,38800,0,58000
FINNIFTY02JAN2420250PE.NFO,02/01/2024,10:06:24,0.3,0.25,60480,0.3,39520,800,58000
FINNIFTY02JAN2420250PE.NFO,02/01/2024,10:06:34,0.3,0.25,61880,0.3,39400,920,58000
FINNIFTY02JAN2420250PE.NFO,02/01/2024,10:06:44,0.3,0.25,61880,0.3,39040,360,58000
FINNIFTY02JAN2420250PE.NFO,02/01/2024,10:06:55,0.3,0.25,61880,0.3,58400,40,58000
FINNIFTY02JAN2420250PE.NFO,02/01/2024,10:07:05,0.3,0.25,61880,0.3,62000,0,58000
FINNIFTY02JAN2420250PE.NFO,02/01/2024,10:07:26,0.25,0.25,61760,0.3,62000,120,58000
FINNIFTY02JAN2420250PE.NFO,02/01/2024,10:07:37,0.25,0.25,61360,0.3,62040,400,58000
FINNIFTY02JAN2420250PE.NFO,02/01/2024,10:07:48,0.25,0.25,54000,0.3,60680,520,58000
FINNIFTY02JAN2420250PE.NFO,02/01/2024,10:07:58,0.25,0.25,51800,0.3,63560,2200,58000
FINNIFTY02JAN2420250PE.NFO,02/01/2024,10:08:08,0.3,0.25,51800,0.3,63520,40,58000
FINNIFTY02JAN2420250PE.NFO,02/01/2024,10:08:28,0.3,0.25,51800,0.3,63480,40,58000
FINNIFTY02JAN2420250PE.NFO,02/01/2024,10:08:38,0.3,0.25,51800,0.3,63360,120,58000
FINNIFTY02JAN2420250PE.NFO,02/01/2024,10:08:48,0.3,0.25,51680,0.3,62640,560,65240
FINNIFTY02JAN2420250PE.NFO,02/01/2024,10:08:58,0.3,0.25,51680,0.3,62640,280,65240
FINNIFTY02JAN2420250PE.NFO,02/01/2024,10:09:08,0.3,0.25,51680,0.3,62320,320,65240
FINNIFTY02JAN2420250PE.NFO,02/01/2024,10:09:18,0.3,0.25,51680,0.3,62120,200,65240
FINNIFTY02JAN2420250PE.NFO,02/01/2024,10:09:28,0.3,0.25,51720,0.3,62120,0,65240
FINNIFTY02JAN2420250PE.NFO,02/01/2024,10:09:37,0.3,0.25,51680,0.3,62120,0,65240
FINNIFTY02JAN2420250PE.NFO,02/01/2024,10:09:47,0.3,0.25,51720,0.3,62120,0,65240
FINNIFTY02JAN2420250PE.NFO,02/01/2024,10:09:57,0.3,0.25,51720,0.3,61600,520,65240
FINNIFTY02JAN2420250PE.NFO,02/01/2024,10:10:07,0.3,0.25,51680,0.3,61440,160,65240
FINNIFTY02JAN2420250PE.NFO,02/01/2024,10:10:17,0.3,0.25,51720,0.3,61200,240,65240
FINNIFTY02JAN2420250PE.NFO,02/01/2024,10:10:26,0.3,0.25,51680,0.3,55600,320,65240
FINNIFTY02JAN2420250PE.NFO,02/01/2024,10:10:36,0.3,0.25,51680,0.3,55680,200,65240
FINNIFTY02JAN2420250PE.NFO,02/01/2024,10:10:47,0.3,0.25,51680,0.3,55520,160,65240
FINNIFTY02JAN2420250PE.NFO,02/01/2024,10:10:56,0.3,0.25,51720,0.3,55400,120,65240
FINNIFTY02JAN2420250PE.NFO,02/01/2024,10:11:06,0.25,0.25,51560,0.3,55400,120,65240
FINNIFTY02JAN2420250PE.NFO,02/01/2024,10:11:16,0.25,0.25,51600,0.3,55400,0,65240
FINNIFTY02JAN2420250PE.NFO,02/01/2024,10:11:26,0.3,0.25,55120,0.3,55200,280,65240
FINNIFTY02JAN2420250PE.NFO,02/01/2024,10:11:45,0.3,0.25,55120,0.3,75640,0,65240
FINNIFTY02JAN2420250PE.NFO,02/01/2024,10:12:03,0.3,0.25,58720,0.3,77120,1800,67600
FINNIFTY02JAN2420250PE.NFO,02/01/2024,10:12:22,0.3,0.25,59880,0.3,77080,0,67600
FINNIFTY02JAN2420250PE.NFO,02/01/2024,10:12:32,0.3,0.25,59880,0.3,76960,120,67600
FINNIFTY02JAN2420250PE.NFO,02/01/2024,10:12:43,0.3,0.25,59880,0.3,76400,280,67600
FINNIFTY02JAN2420250PE.NFO,02/01/2024,10:12:54,0.3,0.25,59880,0.3,76080,320,67600
FINNIFTY02JAN2420250PE.NFO,02/01/2024,10:13:04,0.3,0.25,59880,0.3,75960,400,67600
FINNIFTY02JAN2420250PE.NFO,02/01/2024,10:13:14,0.3,0.25,60520,0.3,75560,400,67600
FINNIFTY02JAN2420250PE.NFO,02/01/2024,10:13:44,0.3,0.25,60520,0.3,75560,0,67600
FINNIFTY02JAN2420250PE.NFO,02/01/2024,10:14:14,0.25,0.25,60160,0.3,78000,560,67600
FINNIFTY02JAN2420250PE.NFO,02/01/2024,10:14:24,0.25,0.25,59840,0.3,78280,320,67600
FINNIFTY02JAN2420250PE.NFO,02/01/2024,10:14:34,0.25,0.25,59560,0.3,79440,280,67600
FINNIFTY02JAN2420250PE.NFO,02/01/2024,10:14:45,0.25,0.25,59160,0.3,79240,600,70920
FINNIFTY02JAN2420250PE.NFO,02/01/2024,10:14:54,0.25,0.25,58920,0.3,80200,240,70920
FINNIFTY02JAN2420250PE.NFO,02/01/2024,10:15:14,0.25,0.25,58920,0.3,80200,0,70920
FINNIFTY02JAN2420250PE.NFO,02/01/2024,10:15:24,0.25,0.25,59480,0.3,80200,200,70920
FINNIFTY02JAN2420250PE.NFO,02/01/2024,10:15:34,0.25,0.25,59400,0.3,80200,80,70920
FINNIFTY02JAN2420250PE.NFO,02/01/2024,10:15:44,0.3,0.25,59400,0.3,79960,240,70920
FINNIFTY02JAN2420250PE.NFO,02/01/2024,10:16:13,0.25,0.25,59320,0.3,79960,80,70920
FINNIFTY02JAN2420250PE.NFO,02/01/2024,10:16:23,0.25,0.25,58280,0.3,81400,1040,70920
FINNIFTY02JAN2420250PE.NFO,02/01/2024,10:16:33,0.25,0.25,58280,0.3,81400,0,70920
FINNIFTY02JAN2420250PE.NFO,02/01/2024,10:16:52,0.25,0.25,51480,0.3,86880,6800,70920
FINNIFTY02JAN2420250PE.NFO,02/01/2024,10:17:12,0.3,0.25,51480,0.3,78600,280,70920
FINNIFTY02JAN2420250PE.NFO,02/01/2024,10:17:22,0.3,0.25,51480,0.3,81160,440,70920
FINNIFTY02JAN2420250PE.NFO,02/01/2024,10:17:32,0.3,0.25,51480,0.3,80880,280,70920
FINNIFTY02JAN2420250PE.NFO,02/01/2024,10:17:42,0.3,0.25,51480,0.3,80440,440,70920
FINNIFTY02JAN2420250PE.NFO,02/01/2024,10:17:51,0.25,0.25,51160,0.3,80720,320,78520
FINNIFTY02JAN2420250PE.NFO,02/01/2024,10:18:01,0.3,0.25,49360,0.3,78920,1800,78520
FINNIFTY02JAN2420250PE.NFO,02/01/2024,10:18:20,0.25,0.25,50600,0.3,78920,560,78520
FINNIFTY02JAN2420250PE.NFO,02/01/2024,10:18:30,0.25,0.25,50360,0.3,83360,240,78520
FINNIFTY02JAN2420250PE.NFO,02/01/2024,10:18:58,0.25,0.25,44080,0.3,83360,520,78520
FINNIFTY02JAN2420250PE.NFO,02/01/2024,10:19:36,0.3,0.25,44080,0.3,81560,1800,78520
FINNIFTY02JAN2420250PE.NFO,02/01/2024,10:20:04,0.3,0.25,44000,0.3,81320,320,78520
FINNIFTY02JAN2420250PE.NFO,02/01/2024,10:20:23,0.3,0.25,44000,0.3,79520,1800,78520
FINNIFTY02JAN2420250PE.NFO,02/01/2024,10:21:42,0.25,0.25,39200,0.3,73520,160,85120
FINNIFTY02JAN2420250PE.NFO,02/01/2024,10:21:52,0.25,0.25,39080,0.3,73800,120,85120
FINNIFTY02JAN2420250PE.NFO,02/01/2024,10:22:01,0.25,0.25,40000,0.3,75680,0,85120
FINNIFTY02JAN2420250PE.NFO,02/01/2024,10:22:11,0.3,0.25,40000,0.3,75560,120,85120
FINNIFTY02JAN2420250PE.NFO,02/01/2024,10:22:31,0.3,0.25,40000,0.3,74040,1520,85120
FINNIFTY02JAN2420250PE.NFO,02/01/2024,10:22:41,0.3,0.25,40000,0.3,73640,400,85120
FINNIFTY02JAN2420250PE.NFO,02/01/2024,10:23:01,0.3,0.25,40000,0.3,76240,0,85120
FINNIFTY02JAN2420250PE.NFO,02/01/2024,10:23:11,0.3,0.25,40000,0.3,77200,0,85120
FINNIFTY02JAN2420250PE.NFO,02/01/2024,10:23:21,0.3,0.25,40000,0.3,77200,40,85120
FINNIFTY02JAN2420250PE.NFO,02/01/2024,10:23:31,0.3,0.25,39600,0.3,75200,600,85120
FINNIFTY02JAN2420250PE.NFO,02/01/2024,10:23:41,0.3,0.25,39600,0.3,76880,120,85120
FINNIFTY02JAN2420250PE.NFO,02/01/2024,10:24:02,0.25,0.25,37080,0.3,76880,760,86960
FINNIFTY02JAN2420250PE.NFO,02/01/2024,10:24:12,0.3,0.25,38880,0.3,76840,40,86960
FINNIFTY02JAN2420250PE.NFO,02/01/2024,10:24:22,0.3,0.25,38880,0.3,68800,40,86960
FINNIFTY02JAN2420250PE.NFO,02/01/2024,10:25:04,0.3,0.25,38880,0.3,68800,0,86960
FINNIFTY02JAN2420250PE.NFO,02/01/2024,10:25:26,0.3,0.25,38880,0.3,71760,40,86960
FINNIFTY02JAN2420250PE.NFO,02/01/2024,10:25:36,0.25,0.25,37160,0.3,69080,1800,86960
FINNIFTY02JAN2420250PE.NFO,02/01/2024,10:25:47,0.3,0.25,37160,0.3,68480,600,86960
FINNIFTY02JAN2420250PE.NFO,02/01/2024,10:25:57,0.3,0.25,37160,0.3,68440,40,86960
FINNIFTY02JAN2420250PE.NFO,02/01/2024,10:26:07,0.3,0.25,37160,0.3,68720,0,86960
FINNIFTY02JAN2420250PE.NFO,02/01/2024,10:26:19,0.25,0.25,36880,0.3,68440,280,86960
FINNIFTY02JAN2420250PE.NFO,02/01/2024,10:27:05,0.25,0.25,36440,0.3,68440,480,85120
FINNIFTY02JAN2420250PE.NFO,02/01/2024,10:27:16,0.25,0.25,35760,0.3,68440,680,85120
FINNIFTY02JAN2420250PE.NFO,02/01/2024,10:27:47,0.25,0.25,35760,0.3,68440,0,85120
FINNIFTY02JAN2420250PE.NFO,02/01/2024,10:28:29,0.25,0.25,34760,0.3,68440,1040,85120
FINNIFTY02JAN2420250PE.NFO,02/01/2024,10:29:28,0.3,0.25,34760,0.3,68400,40,85120
FINNIFTY02JAN2420250PE.NFO,02/01/2024,10:29:49,0.25,0.25,34360,0.3,68400,400,85120
FINNIFTY02JAN2420250PE.NFO,02/01/2024,10:29:59,0.3,0.25,33440,0.3,69400,1760,85120
FINNIFTY02JAN2420250PE.NFO,02/01/2024,10:30:11,0.3,0.25,33440,0.3,70360,40,85120
FINNIFTY02JAN2420250PE.NFO,02/01/2024,10:30:22,0.3,0.25,33440,0.3,73320,40,85120
FINNIFTY02JAN2420250PE.NFO,02/01/2024,10:30:34,0.3,0.25,33440,0.3,73200,120,85120
FINNIFTY02JAN2420250PE.NFO,02/01/2024,10:30:44,0.3,0.25,33440,0.3,73160,40,85120
FINNIFTY02JAN2420250PE.NFO,02/01/2024,10:31:14,0.3,0.25,33440,0.3,73120,40,85120
FINNIFTY02JAN2420250PE.NFO,02/01/2024,10:31:33,0.3,0.25,31640,0.3,73080,40,85120
FINNIFTY02JAN2420250PE.NFO,02/01/2024,10:31:44,0.3,0.25,31640,0.3,72920,200,85120
FINNIFTY02JAN2420250PE.NFO,02/01/2024,10:31:55,0.3,0.25,31640,0.3,72320,360,85120
FINNIFTY02JAN2420250PE.NFO,02/01/2024,10:32:06,0.3,0.25,31640,0.3,71960,360,85120
FINNIFTY02JAN2420250PE.NFO,02/01/2024,10:32:26,0.25,0.25,29880,0.3,72240,1800,85120
FINNIFTY02JAN2420250PE.NFO,02/01/2024,10:32:36,0.25,0.25,29480,0.3,72240,400,85120
FINNIFTY02JAN2420250PE.NFO,02/01/2024,10:32:46,0.25,0.25,27880,0.3,72240,1600,85760
FINNIFTY02JAN2420250PE.NFO,02/01/2024,10:32:56,0.25,0.25,27080,0.3,72560,880,85760
FINNIFTY02JAN2420250PE.NFO,02/01/2024,10:33:05,0.25,0.25,27160,0.3,58400,880,85760
FINNIFTY02JAN2420250PE.NFO,02/01/2024,10:33:15,0.25,0.25,22800,0.3,66400,11120,85760
FINNIFTY02JAN2420250PE.NFO,02/01/2024,10:33:25,0.25,0.25,22960,0.3,69640,3680,85760
FINNIFTY02JAN2420250PE.NFO,02/01/2024,10:33:34,0.25,0.25,22960,0.3,53440,0,85760
FINNIFTY02JAN2420250PE.NFO,02/01/2024,10:33:44,0.25,0.25,11360,0.3,53440,20360,85760
FINNIFTY02JAN2420250PE.NFO,02/01/2024,10:33:55,0.25,0.25,7360,0.3,53440,4000,85760
FINNIFTY02JAN2420250PE.NFO,02/01/2024,10:34:04,0.25,0.25,6640,0.3,52720,720,85760
FINNIFTY02JAN2420250PE.NFO,02/01/2024,10:34:14,0.3,0.25,6680,0.3,53480,200,85760
FINNIFTY02JAN2420250PE.NFO,02/01/2024,10:34:33,0.3,0.25,6680,0.3,53480,0,85760
FINNIFTY02JAN2420250PE.NFO,02/01/2024,10:34:53,0.25,0.25,3080,0.3,53480,3600,85760
FINNIFTY02JAN2420250PE.NFO,02/01/2024,10:35:13,0.3,0.25,3080,0.3,52920,560,85760
FINNIFTY02JAN2420250PE.NFO,02/01/2024,10:35:23,0.3,0.25,3080,0.3,51400,1520,85760
FINNIFTY02JAN2420250PE.NFO,02/01/2024,10:36:13,0.25,0.25,5360,0.3,53320,1000,88240
FINNIFTY02JAN2420250PE.NFO,02/01/2024,10:36:38,0.25,0.25,4200,0.3,53320,1160,88240
FINNIFTY02JAN2420250PE.NFO,02/01/2024,10:36:50,0.25,0.25,3880,0.3,45040,1240,88240
FINNIFTY02JAN2420250PE.NFO,02/01/2024,10:37:25,0.25,0.25,6000,0.3,48320,80,88240
FINNIFTY02JAN2420250PE.NFO,02/01/2024,10:37:36,0.3,0.25,4000,0.3,47600,2720,88240
FINNIFTY02JAN2420250PE.NFO,02/01/2024,10:37:47,0.3,0.25,4880,0.3,48160,400,88240
FINNIFTY02JAN2420250PE.NFO,02/01/2024,10:38:27,0.25,0.25,4840,0.3,48160,40,88240
FINNIFTY02JAN2420250PE.NFO,02/01/2024,10:38:37,0.25,0.25,4320,0.3,47880,800,88240
FINNIFTY02JAN2420250PE.NFO,02/01/2024,10:38:47,0.25,0.25,4120,0.3,47880,200,90760
FINNIFTY02JAN2420250PE.NFO,02/01/2024,10:38:58,0.25,0.25,4040,0.3,47880,80,90760
FINNIFTY02JAN2420250PE.NFO,02/01/2024,10:39:33,0.25,0.25,3960,0.3,44800,80,90760
FINNIFTY02JAN2420250PE.NFO,02/01/2024,10:41:41,0.3,0.25,4200,0.3,45200,560,90760
FINNIFTY02JAN2420250PE.NFO,02/01/2024,10:41:52,0.25,0.25,3920,0.3,45200,280,89920
FINNIFTY02JAN2420250PE.NFO,02/01/2024,10:42:03,0.25,0.25,3640,0.3,48200,280,89920
FINNIFTY02JAN2420250PE.NFO,02/01/2024,10:42:14,0.25,0.25,3400,0.3,48200,240,89920
FINNIFTY02JAN2420250PE.NFO,02/01/2024,10:42:35,0.25,0.25,3320,0.3,48200,80,89920
FINNIFTY02JAN2420250PE.NFO,02/01/2024,10:42:45,0.25,0.25,3160,0.3,48200,160,89920
FINNIFTY02JAN2420250PE.NFO,02/01/2024,10:42:56,0.25,0.25,2920,0.3,48160,280,89920
FINNIFTY02JAN2420250PE.NFO,02/01/2024,10:43:07,0.25,0.25,2640,0.3,48160,280,89920
FINNIFTY02JAN2420250PE.NFO,02/01/2024,10:43:17,0.25,0.25,2440,0.3,47880,200,89920
FINNIFTY02JAN2420250PE.NFO,02/01/2024,10:43:28,0.25,0.25,2280,0.3,47680,360,89920
FINNIFTY02JAN2420250PE.NFO,02/01/2024,10:43:39,0.25,0.25,2240,0.3,47680,40,89920
FINNIFTY02JAN2420250PE.NFO,02/01/2024,10:43:49,0.25,0.25,2080,0.3,47960,160,89920
FINNIFTY02JAN2420250PE.NFO,02/01/2024,10:43:59,0.25,0.2,59840,0.25,53840,3600,89920
FINNIFTY02JAN2420250PE.NFO,02/01/2024,10:44:09,0.2,0.2,77600,0.25,57760,720,89920
FINNIFTY02JAN2420250PE.NFO,02/01/2024,10:44:20,0.2,0.2,79240,0.25,57760,320,89920
FINNIFTY02JAN2420250PE.NFO,02/01/2024,10:44:30,0.2,0.2,79000,0.25,59320,480,89920
FINNIFTY02JAN2420250PE.NFO,02/01/2024,10:44:40,0.2,0.2,76880,0.25,57280,560,89760
FINNIFTY02JAN2420250PE.NFO,02/01/2024,10:44:51,0.2,0.2,75360,0.25,55600,3920,89760
FINNIFTY02JAN2420250PE.NFO,02/01/2024,10:45:01,0.2,0.2,75120,0.25,55600,240,89760
FINNIFTY02JAN2420250PE.NFO,02/01/2024,10:45:12,0.2,0.2,74800,0.25,55600,320,89760
FINNIFTY02JAN2420250PE.NFO,02/01/2024,10:45:22,0.2,0.2,74640,0.25,55600,160,89760
FINNIFTY02JAN2420250PE.NFO,02/01/2024,10:45:32,0.2,0.2,74480,0.25,55600,160,89760
FINNIFTY02JAN2420250PE.NFO,02/01/2024,10:45:42,0.2,0.2,74240,0.25,55600,240,89760
FINNIFTY02JAN2420250PE.NFO,02/01/2024,10:45:52,0.2,0.2,74160,0.25,55600,80,89760
FINNIFTY02JAN2420250PE.NFO,02/01/2024,10:46:02,0.2,0.2,74080,0.25,55600,80,89760
FINNIFTY02JAN2420250PE.NFO,02/01/2024,10:46:12,0.2,0.2,73960,0.25,55600,120,89760
FINNIFTY02JAN2420250PE.NFO,02/01/2024,10:46:22,0.2,0.2,73920,0.25,55600,40,89760
FINNIFTY02JAN2420250PE.NFO,02/01/2024,10:46:31,0.2,0.2,73880,0.25,55600,40,89760
FINNIFTY02JAN2420250PE.NFO,02/01/2024,10:46:41,0.2,0.2,74000,0.25,57920,520,89760
FINNIFTY02JAN2420250PE.NFO,02/01/2024,10:46:51,0.25,0.2,73840,0.25,58040,1000,89760
FINNIFTY02JAN2420250PE.NFO,02/01/2024,10:47:02,0.2,0.2,73880,0.25,58040,160,89760
FINNIFTY02JAN2420250PE.NFO,02/01/2024,10:47:12,0.2,0.2,54000,0.25,58040,80,89760
FINNIFTY02JAN2420250PE.NFO,02/01/2024,10:47:32,0.25,0.2,54000,0.25,57840,200,89760
FINNIFTY02JAN2420250PE.NFO,02/01/2024,10:47:53,0.25,0.2,54000,0.25,57840,0,89760
FINNIFTY02JAN2420250PE.NFO,02/01/2024,10:48:13,0.25,0.2,53720,0.25,59920,0,89760
FINNIFTY02JAN2420250PE.NFO,02/01/2024,10:48:53,0.2,0.2,53760,0.25,59920,240,86320
FINNIFTY02JAN2420250PE.NFO,02/01/2024,10:49:14,0.2,0.2,53520,0.25,59200,680,86320
FINNIFTY02JAN2420250PE.NFO,02/01/2024,10:49:24,0.2,0.2,53280,0.25,59200,240,86320
FINNIFTY02JAN2420250PE.NFO,02/01/2024,10:49:35,0.2,0.2,53000,0.25,59200,280,86320
FINNIFTY02JAN2420250PE.NFO,02/01/2024,10:49:45,0.2,0.2,37000,0.25,59200,160,86320
FINNIFTY02JAN2420250PE.NFO,02/01/2024,10:49:55,0.2,0.2,32680,0.25,59200,0,86320
FINNIFTY02JAN2420250PE.NFO,02/01/2024,10:51:07,0.2,0.2,32480,0.25,59200,200,85680
FINNIFTY02JAN2420250PE.NFO,02/01/2024,10:51:18,0.2,0.2,32280,0.25,59200,200,85680
FINNIFTY02JAN2420250PE.NFO,02/01/2024,10:51:37,0.2,0.2,32080,0.25,59200,200,85680
FINNIFTY02JAN2420250PE.NFO,02/01/2024,10:51:47,0.2,0.2,31880,0.25,60920,280,85680
FINNIFTY02JAN2420250PE.NFO,02/01/2024,10:52:26,0.25,0.2,31880,0.25,59920,1000,85680
FINNIFTY02JAN2420250PE.NFO,02/01/2024,10:52:36,0.25,0.2,39600,0.25,63600,1000,85680
FINNIFTY02JAN2420250PE.NFO,02/01/2024,10:52:46,0.25,0.2,39600,0.25,62600,1000,85680
FINNIFTY02JAN2420250PE.NFO,02/01/2024,10:52:55,0.25,0.2,40640,0.25,63520,1000,85680
FINNIFTY02JAN2420250PE.NFO,02/01/2024,10:53:05,0.25,0.2,45240,0.25,63440,2000,85680
FINNIFTY02JAN2420250PE.NFO,02/01/2024,10:53:24,0.25,0.2,45240,0.25,62440,1000,85680
FINNIFTY02JAN2420250PE.NFO,02/01/2024,10:53:34,0.25,0.2,47120,0.25,66120,1000,85680
FINNIFTY02JAN2420250PE.NFO,02/01/2024,10:54:50,0.2,0.2,45320,0.25,66120,1800,78400
FINNIFTY02JAN2420250PE.NFO,02/01/2024,10:55:17,0.25,0.2,45520,0.25,67720,200,78400
FINNIFTY02JAN2420250PE.NFO,02/01/2024,10:56:23,0.25,0.2,45120,0.25,67480,600,78400
FINNIFTY02JAN2420250PE.NFO,02/01/2024,10:56:52,0.2,0.2,44680,0.25,67480,440,79760
FINNIFTY02JAN2420250PE.NFO,02/01/2024,10:57:02,0.25,0.2,44680,0.25,67360,120,79760
FINNIFTY02JAN2420250PE.NFO,02/01/2024,10:57:51,0.2,0.2,44640,0.25,67360,40,79760
FINNIFTY02JAN2420250PE.NFO,02/01/2024,10:58:01,0.25,0.2,44680,0.25,67720,720,79760
FINNIFTY02JAN2420250PE.NFO,02/01/2024,11:00:16,0.25,0.2,44680,0.25,67720,0,79760
FINNIFTY02JAN2420250PE.NFO,02/01/2024,11:01:43,0.25,0.2,46480,0.25,67720,0,79760
FINNIFTY02JAN2420250PE.NFO,02/01/2024,11:08:53,0.25,0.2,46480,0.25,67680,40,79600
FINNIFTY02JAN2420250PE.NFO,02/01/2024,11:09:58,0.25,0.2,44680,0.25,59760,0,79600
FINNIFTY02JAN2420250PE.NFO,02/01/2024,11:10:08,0.25,0.2,39280,0.25,75640,0,79600
FINNIFTY02JAN2420250PE.NFO,02/01/2024,11:10:17,0.25,0.2,39280,0.25,61560,0,79600
FINNIFTY02JAN2420250PE.NFO,02/01/2024,11:10:35,0.25,0.2,40600,0.25,69000,1680,79600
FINNIFTY02JAN2420250PE.NFO,02/01/2024,11:10:54,0.2,0.2,43960,0.25,41040,10760,79600
FINNIFTY02JAN2420250PE.NFO,02/01/2024,11:12:07,0.25,0.2,43960,0.25,40600,440,67960
FINNIFTY02JAN2420250PE.NFO,02/01/2024,11:12:16,0.25,0.2,43960,0.25,47200,440,67960
FINNIFTY02JAN2420250PE.NFO,02/01/2024,11:13:01,0.25,0.2,43960,0.25,47000,200,67960
FINNIFTY02JAN2420250PE.NFO,02/01/2024,11:13:20,0.25,0.2,43960,0.25,46800,200,67960
FINNIFTY02JAN2420250PE.NFO,02/01/2024,11:13:30,0.25,0.2,43960,0.25,36160,3600,67960
FINNIFTY02JAN2420250PE.NFO,02/01/2024,11:13:41,0.25,0.2,43960,0.25,31760,4400,67960
FINNIFTY02JAN2420250PE.NFO,02/01/2024,11:14:00,0.25,0.2,43960,0.25,31760,0,67960
FINNIFTY02JAN2420250PE.NFO,02/01/2024,11:14:10,0.25,0.2,43960,0.25,35360,1800,67960
FINNIFTY02JAN2420250PE.NFO,02/01/2024,11:14:19,0.25,0.2,43960,0.25,35160,200,67960
FINNIFTY02JAN2420250PE.NFO,02/01/2024,11:14:29,0.25,0.2,43960,0.25,35160,0,67960
FINNIFTY02JAN2420250PE.NFO,02/01/2024,11:15:07,0.25,0.2,44000,0.25,35160,0,67960
FINNIFTY02JAN2420250PE.NFO,02/01/2024,11:15:17,0.25,0.2,44000,0.25,31320,13520,63800
FINNIFTY02JAN2420250PE.NFO,02/01/2024,11:15:27,0.25,0.2,44000,0.25,31000,320,63800
FINNIFTY02JAN2420250PE.NFO,02/01/2024,11:15:37,0.2,0.2,43960,0.25,30800,320,63800
FINNIFTY02JAN2420250PE.NFO,02/01/2024,11:15:48,0.3,0.25,29120,0.3,15080,28680,63800
FINNIFTY02JAN2420250PE.NFO,02/01/2024,11:15:58,0.25,0.25,37600,0.3,15600,120,63800
FINNIFTY02JAN2420250PE.NFO,02/01/2024,11:16:08,0.25,0.25,40000,0.3,15600,0,63800
FINNIFTY02JAN2420250PE.NFO,02/01/2024,11:16:27,0.3,0.25,40960,0.3,15920,1080,63800
FINNIFTY02JAN2420250PE.NFO,02/01/2024,11:16:37,0.3,0.25,41280,0.3,15920,0,63800
FINNIFTY02JAN2420250PE.NFO,02/01/2024,11:16:46,0.3,0.25,41200,0.3,17600,0,63800
FINNIFTY02JAN2420250PE.NFO,02/01/2024,11:17:05,0.3,0.25,34000,0.3,17880,0,63800
FINNIFTY02JAN2420250PE.NFO,02/01/2024,11:17:24,0.3,0.25,32560,0.3,17880,0,63800
FINNIFTY02JAN2420250PE.NFO,02/01/2024,11:17:34,0.25,0.25,32440,0.3,16440,1440,63800
FINNIFTY02JAN2420250PE.NFO,02/01/2024,11:18:11,0.3,0.25,32440,0.3,16360,80,69760
FINNIFTY02JAN2420250PE.NFO,02/01/2024,11:18:21,0.3,0.25,32480,0.3,15840,520,69760
FINNIFTY02JAN2420250PE.NFO,02/01/2024,11:18:30,0.25,0.25,32240,0.3,15840,200,69760
FINNIFTY02JAN2420250PE.NFO,02/01/2024,11:18:39,0.25,0.25,31960,0.3,15840,240,69760
FINNIFTY02JAN2420250PE.NFO,02/01/2024,11:18:49,0.25,0.25,32120,0.3,17200,4760,69760
FINNIFTY02JAN2420250PE.NFO,02/01/2024,11:18:58,0.25,0.25,32120,0.3,17200,0,69760
FINNIFTY02JAN2420250PE.NFO,02/01/2024,11:19:07,0.25,0.25,31600,0.3,17320,760,69760
FINNIFTY02JAN2420250PE.NFO,02/01/2024,11:19:16,0.3,0.25,31600,0.3,10640,5000,69760
FINNIFTY02JAN2420250PE.NFO,02/01/2024,11:19:34,0.3,0.25,31600,0.3,9880,2440,69760
FINNIFTY02JAN2420250PE.NFO,02/01/2024,11:19:52,0.3,0.25,31600,0.3,9720,160,69760
FINNIFTY02JAN2420250PE.NFO,02/01/2024,11:20:28,0.3,0.25,31600,0.3,11560,0,69760
FINNIFTY02JAN2420250PE.NFO,02/01/2024,11:21:05,0.3,0.25,31560,0.3,11560,0,69760
FINNIFTY02JAN2420250PE.NFO,02/01/2024,11:21:24,0.3,0.25,31560,0.3,11520,40,76040
FINNIFTY02JAN2420250PE.NFO,02/01/2024,11:22:30,0.25,0.25,32320,0.3,11680,200,76040
FINNIFTY02JAN2420250PE.NFO,02/01/2024,11:22:40,0.25,0.25,31880,0.3,11680,440,76040
FINNIFTY02JAN2420250PE.NFO,02/01/2024,11:22:50,0.25,0.25,31680,0.3,11680,200,76040
FINNIFTY02JAN2420250PE.NFO,02/01/2024,11:23:09,0.25,0.25,33800,0.3,14720,4600,76040
FINNIFTY02JAN2420250PE.NFO,02/01/2024,11:25:16,0.25,0.25,33600,0.3,15560,200,71640
FINNIFTY02JAN2420250PE.NFO,02/01/2024,11:25:36,0.25,0.25,33400,0.3,15560,200,71640
FINNIFTY02JAN2420250PE.NFO,02/01/2024,11:25:54,0.25,0.25,33400,0.3,15560,0,71640
FINNIFTY02JAN2420250PE.NFO,02/01/2024,11:26:13,0.25,0.25,33160,0.3,15560,240,71640
FINNIFTY02JAN2420250PE.NFO,02/01/2024,11:26:22,0.25,0.25,33880,0.3,15680,240,71640
FINNIFTY02JAN2420250PE.NFO,02/01/2024,11:26:31,0.25,0.25,33880,0.3,16360,0,71640
FINNIFTY02JAN2420250PE.NFO,02/01/2024,11:27:08,0.25,0.25,33680,0.3,16360,200,71640
FINNIFTY02JAN2420250PE.NFO,02/01/2024,11:27:36,0.25,0.25,33480,0.3,16360,200,71640
FINNIFTY02JAN2420250PE.NFO,02/01/2024,11:27:45,0.25,0.25,33280,0.3,16360,200,71640
FINNIFTY02JAN2420250PE.NFO,02/01/2024,11:28:40,0.25,0.25,34200,0.3,16400,40,71640
FINNIFTY02JAN2420250PE.NFO,02/01/2024,11:29:16,0.3,0.25,34200,0.3,16320,80,71640
FINNIFTY02JAN2420250PE.NFO,02/01/2024,11:31:05,0.25,0.25,34120,0.3,16320,80,71680
FINNIFTY02JAN2420250PE.NFO,02/01/2024,11:31:59,0.25,0.25,33920,0.3,16320,1160,71680
FINNIFTY02JAN2420250PE.NFO,02/01/2024,11:32:08,0.25,0.25,33680,0.3,16320,240,71680
FINNIFTY02JAN2420250PE.NFO,02/01/2024,11:32:27,0.3,0.25,33680,0.3,16280,40,71680
FINNIFTY02JAN2420250PE.NFO,02/01/2024,11:32:36,0.25,0.25,33040,0.3,16280,240,71680
FINNIFTY02JAN2420250PE.NFO,02/01/2024,11:33:39,0.25,0.25,32840,0.3,16760,200,71960
FINNIFTY02JAN2420250PE.NFO,02/01/2024,11:34:05,0.25,0.25,32600,0.3,16760,240,71960
FINNIFTY02JAN2420250PE.NFO,02/01/2024,11:34:22,0.25,0.25,32400,0.3,16760,200,71960
FINNIFTY02JAN2420250PE.NFO,02/01/2024,11:34:32,0.25,0.25,32200,0.3,16760,200,71960
FINNIFTY02JAN2420250PE.NFO,02/01/2024,11:35:18,0.25,0.25,32960,0.3,16800,200,71960
FINNIFTY02JAN2420250PE.NFO,02/01/2024,11:35:27,0.25,0.25,32720,0.3,16800,240,71960
FINNIFTY02JAN2420250PE.NFO,02/01/2024,11:35:53,0.3,0.25,32720,0.3,16760,40,71960
FINNIFTY02JAN2420250PE.NFO,02/01/2024,11:36:02,0.3,0.25,32720,0.3,16720,40,71960
FINNIFTY02JAN2420250PE.NFO,02/01/2024,11:36:21,0.25,0.25,32520,0.3,16640,280,71960
FINNIFTY02JAN2420250PE.NFO,02/01/2024,11:36:30,0.25,0.25,32320,0.3,16640,200,71960
FINNIFTY02JAN2420250PE.NFO,02/01/2024,11:36:39,0.25,0.25,32320,0.3,16720,960,71960
FINNIFTY02JAN2420250PE.NFO,02/01/2024,11:36:49,0.25,0.25,33440,0.3,16880,2720,71960
FINNIFTY02JAN2420250PE.NFO,02/01/2024,11:37:26,0.3,0.25,33440,0.3,16840,40,71960
FINNIFTY02JAN2420250PE.NFO,02/01/2024,11:38:04,0.3,0.25,33440,0.3,16760,80,71960
FINNIFTY02JAN2420250PE.NFO,02/01/2024,11:38:14,0.3,0.25,33440,0.3,16680,80,71960
FINNIFTY02JAN2420250PE.NFO,02/01/2024,11:38:24,0.3,0.25,33440,0.3,16640,40,71960
FINNIFTY02JAN2420250PE.NFO,02/01/2024,11:38:53,0.3,0.25,33440,0.3,16720,80,68360
FINNIFTY02JAN2420250PE.NFO,02/01/2024,11:40:16,0.25,0.25,33400,0.3,16720,40,68360
FINNIFTY02JAN2420250PE.NFO,02/01/2024,11:41:00,0.25,0.25,32680,0.3,17600,6000,68360
FINNIFTY02JAN2420250PE.NFO,02/01/2024,11:41:39,0.25,0.25,32760,0.3,17320,320,68360
FINNIFTY02JAN2420250PE.NFO,02/01/2024,11:41:49,0.25,0.25,34920,0.3,17320,440,66800
FINNIFTY02JAN2420250PE.NFO,02/01/2024,11:41:59,0.25,0.25,34840,0.3,17320,80,66800
FINNIFTY02JAN2420250PE.NFO,02/01/2024,11:42:09,0.3,0.25,34840,0.3,17080,200,66800
FINNIFTY02JAN2420250PE.NFO,02/01/2024,11:42:19,0.25,0.25,33040,0.3,17360,1800,66800
FINNIFTY02JAN2420250PE.NFO,02/01/2024,11:42:29,0.3,0.25,34720,0.3,16760,600,66800
FINNIFTY02JAN2420250PE.NFO,02/01/2024,11:42:38,0.3,0.25,34720,0.3,17480,880,66800
FINNIFTY02JAN2420250PE.NFO,02/01/2024,11:43:06,0.3,0.25,34720,0.3,17280,200,66800
FINNIFTY02JAN2420250PE.NFO,02/01/2024,11:43:24,0.3,0.25,32320,0.3,18120,0,66800
FINNIFTY02JAN2420250PE.NFO,02/01/2024,11:43:43,0.3,0.25,32320,0.3,17440,680,66800
FINNIFTY02JAN2420250PE.NFO,02/01/2024,11:43:53,0.3,0.25,32320,0.3,17000,440,66800
FINNIFTY02JAN2420250PE.NFO,02/01/2024,11:44:03,0.3,0.25,32320,0.3,17120,840,66800
FINNIFTY02JAN2420250PE.NFO,02/01/2024,11:45:16,0.3,0.25,32320,0.3,17120,0,66800
FINNIFTY02JAN2420250PE.NFO,02/01/2024,11:45:36,0.3,0.25,32320,0.3,17440,0,66800
FINNIFTY02JAN2420250PE.NFO,02/01/2024,11:45:45,0.25,0.25,30840,0.3,17440,1480,64480
FINNIFTY02JAN2420250PE.NFO,02/01/2024,11:45:54,0.25,0.25,29200,0.3,17440,1640,64480
FINNIFTY02JAN2420250PE.NFO,02/01/2024,11:46:04,0.25,0.25,28240,0.3,17440,960,64480
FINNIFTY02JAN2420250PE.NFO,02/01/2024,11:46:13,0.25,0.25,28880,0.3,17440,720,64480
FINNIFTY02JAN2420250PE.NFO,02/01/2024,11:46:22,0.25,0.25,28640,0.3,17440,240,64480
FINNIFTY02JAN2420250PE.NFO,02/01/2024,11:46:32,0.25,0.25,28440,0.3,17440,200,64480
FINNIFTY02JAN2420250PE.NFO,02/01/2024,11:46:41,0.25,0.25,28240,0.3,17440,200,64480
FINNIFTY02JAN2420250PE.NFO,02/01/2024,11:46:50,0.25,0.25,28240,0.3,17440,0,64480
FINNIFTY02JAN2420250PE.NFO,02/01/2024,11:47:42,0.25,0.25,28720,0.3,17440,160,64480
FINNIFTY02JAN2420250PE.NFO,02/01/2024,11:47:59,0.25,0.25,28520,0.3,17440,200,68600
FINNIFTY02JAN2420250PE.NFO,02/01/2024,11:49:27,0.25,0.25,28040,0.3,17440,1440,68600
FINNIFTY02JAN2420250PE.NFO,02/01/2024,11:49:36,0.25,0.25,26320,0.3,17440,1760,68600
FINNIFTY02JAN2420250PE.NFO,02/01/2024,11:49:44,0.25,0.25,26000,0.3,17440,320,68600
FINNIFTY02JAN2420250PE.NFO,02/01/2024,11:50:02,0.25,0.25,25360,0.3,17440,640,68600
FINNIFTY02JAN2420250PE.NFO,02/01/2024,11:50:11,0.25,0.25,24200,0.3,17440,2080,68600
FINNIFTY02JAN2420250PE.NFO,02/01/2024,11:50:21,0.25,0.25,22680,0.3,17440,2080,68600
FINNIFTY02JAN2420250PE.NFO,02/01/2024,11:50:29,0.25,0.25,22040,0.3,17440,640,68600
FINNIFTY02JAN2420250PE.NFO,02/01/2024,11:50:38,0.25,0.25,22120,0.3,17440,160,68600
FINNIFTY02JAN2420250PE.NFO,02/01/2024,11:51:14,0.25,0.25,21920,0.3,17440,200,65920
FINNIFTY02JAN2420250PE.NFO,02/01/2024,11:51:50,0.3,0.25,21920,0.3,17800,1800,65920
FINNIFTY02JAN2420250PE.NFO,02/01/2024,11:52:08,0.25,0.25,21680,0.3,17800,240,65920
FINNIFTY02JAN2420250PE.NFO,02/01/2024,11:52:36,0.25,0.25,21320,0.3,18920,4040,65920
FINNIFTY02JAN2420250PE.NFO,02/01/2024,11:55:52,0.25,0.25,21320,0.3,18920,0,65920
FINNIFTY02JAN2420250PE.NFO,02/01/2024,11:56:18,0.25,0.25,21320,0.3,22400,0,65920
FINNIFTY02JAN2420250PE.NFO,02/01/2024,11:57:09,0.25,0.25,21320,0.3,22440,0,65920
FINNIFTY02JAN2420250PE.NFO,02/01/2024,11:57:26,0.25,0.25,21280,0.3,22440,40,67560
FINNIFTY02JAN2420250PE.NFO,02/01/2024,11:58:01,0.25,0.25,21280,0.3,22440,0,67560
FINNIFTY02JAN2420250PE.NFO,02/01/2024,11:59:29,0.25,0.25,16160,0.3,22440,5800,67560
FINNIFTY02JAN2420250PE.NFO,02/01/2024,11:59:37,0.25,0.25,16160,0.3,22440,0,67560
FINNIFTY02JAN2420250PE.NFO,02/01/2024,11:59:54,0.25,0.25,15880,0.3,22440,280,69080
FINNIFTY02JAN2420250PE.NFO,02/01/2024,12:00:03,0.25,0.25,15640,0.3,22440,240,69080
FINNIFTY02JAN2420250PE.NFO,02/01/2024,12:00:39,0.25,0.25,15400,0.3,22440,240,69080
FINNIFTY02JAN2420250PE.NFO,02/01/2024,12:00:48,0.3,0.25,15200,0.3,22360,280,69080
FINNIFTY02JAN2420250PE.NFO,02/01/2024,12:01:06,0.25,0.25,15000,0.3,22360,200,69080
FINNIFTY02JAN2420250PE.NFO,02/01/2024,12:01:42,0.25,0.25,15000,0.3,22360,0,69080
FINNIFTY02JAN2420250PE.NFO,02/01/2024,12:02:00,0.25,0.25,14800,0.3,22360,200,69080
FINNIFTY02JAN2420250PE.NFO,02/01/2024,12:02:09,0.25,0.25,14600,0.3,22360,200,69080
FINNIFTY02JAN2420250PE.NFO,02/01/2024,12:02:53,0.3,0.25,14600,0.3,22320,40,69080
FINNIFTY02JAN2420250PE.NFO,02/01/2024,12:03:19,0.3,0.25,14600,0.3,22320,0,69080
FINNIFTY02JAN2420250PE.NFO,02/01/2024,12:03:55,0.25,0.25,14440,0.3,22320,160,70640
FINNIFTY02JAN2420250PE.NFO,02/01/2024,12:04:22,0.25,0.25,14680,0.3,23960,0,70640
FINNIFTY02JAN2420250PE.NFO,02/01/2024,12:04:31,0.25,0.25,14680,0.3,24120,0,70640
FINNIFTY02JAN2420250PE.NFO,02/01/2024,12:04:49,0.25,0.25,12520,0.3,24120,2160,70640
FINNIFTY02JAN2420250PE.NFO,02/01/2024,12:04:58,0.25,0.25,12520,0.3,24120,0,70640
FINNIFTY02JAN2420250PE.NFO,02/01/2024,12:05:07,0.3,0.25,12520,0.3,24080,40,70640
FINNIFTY02JAN2420250PE.NFO,02/01/2024,12:05:16,0.25,0.25,10720,0.3,24080,1800,70640
FINNIFTY02JAN2420250PE.NFO,02/01/2024,12:05:25,0.3,0.25,12080,0.3,33560,9160,70640
FINNIFTY02JAN2420250PE.NFO,02/01/2024,12:05:34,0.3,0.25,12080,0.3,30880,5560,70640
FINNIFTY02JAN2420250PE.NFO,02/01/2024,12:05:43,0.3,0.25,12080,0.3,32440,1960,70640
FINNIFTY02JAN2420250PE.NFO,02/01/2024,12:05:51,0.3,0.25,12880,0.3,28080,5400,74400
FINNIFTY02JAN2420250PE.NFO,02/01/2024,12:06:00,0.3,0.25,14680,0.3,26240,1960,74400
FINNIFTY02JAN2420250PE.NFO,02/01/2024,12:06:09,0.3,0.25,14680,0.3,23640,7280,74400
FINNIFTY02JAN2420250PE.NFO,02/01/2024,12:06:18,0.3,0.25,14680,0.3,23560,80,74400
FINNIFTY02JAN2420250PE.NFO,02/01/2024,12:06:27,0.3,0.25,12880,0.3,23480,80,74400
FINNIFTY02JAN2420250PE.NFO,02/01/2024,12:06:44,0.3,0.25,12880,0.3,23480,0,74400
FINNIFTY02JAN2420250PE.NFO,02/01/2024,12:06:52,0.25,0.25,12720,0.3,23480,160,74400
FINNIFTY02JAN2420250PE.NFO,02/01/2024,12:07:09,0.25,0.25,12640,0.3,23480,80,74400
FINNIFTY02JAN2420250PE.NFO,02/01/2024,12:08:02,0.25,0.25,12880,0.3,23480,0,74400
FINNIFTY02JAN2420250PE.NFO,02/01/2024,12:09:02,0.25,0.25,12480,0.3,23720,400,80840
FINNIFTY02JAN2420250PE.NFO,02/01/2024,12:09:36,0.25,0.25,12480,0.3,23720,0,80840
FINNIFTY02JAN2420250PE.NFO,02/01/2024,12:10:02,0.3,0.25,12880,0.3,23680,40,80840
FINNIFTY02JAN2420250PE.NFO,02/01/2024,12:10:20,0.3,0.25,12880,0.3,23640,40,80840
FINNIFTY02JAN2420250PE.NFO,02/01/2024,12:11:15,0.3,0.25,12880,0.3,21480,7200,80840
FINNIFTY02JAN2420250PE.NFO,02/01/2024,12:11:24,0.3,0.25,12880,0.3,22080,0,80840
FINNIFTY02JAN2420250PE.NFO,02/01/2024,12:11:33,0.25,0.25,12840,0.3,22080,40,80840
FINNIFTY02JAN2420250PE.NFO,02/01/2024,12:12:27,0.25,0.25,11640,0.3,22560,1200,85080
FINNIFTY02JAN2420250PE.NFO,02/01/2024,12:13:02,0.25,0.25,11640,0.3,22560,0,85080
FINNIFTY02JAN2420250PE.NFO,02/01/2024,12:13:28,0.25,0.25,11640,0.3,24360,0,85080
FINNIFTY02JAN2420250PE.NFO,02/01/2024,12:14:02,0.3,0.25,12400,0.3,24280,80,85080
FINNIFTY02JAN2420250PE.NFO,02/01/2024,12:14:11,0.3,0.25,12400,0.3,24120,160,85080
FINNIFTY02JAN2420250PE.NFO,02/01/2024,12:14:19,0.3,0.25,17840,0.3,10520,80,85080
FINNIFTY02JAN2420250PE.NFO,02/01/2024,12:14:28,0.3,0.25,17720,0.3,10320,200,85080
FINNIFTY02JAN2420250PE.NFO,02/01/2024,12:14:37,0.25,0.25,16160,0.3,10320,1600,85080
FINNIFTY02JAN2420250PE.NFO,02/01/2024,12:14:45,0.3,0.25,16160,0.3,10280,40,85080
FINNIFTY02JAN2420250PE.NFO,02/01/2024,12:14:54,0.25,0.25,15360,0.3,10280,800,86600
FINNIFTY02JAN2420250PE.NFO,02/01/2024,12:15:03,0.3,0.25,17680,0.3,10120,1560,86600
FINNIFTY02JAN2420250PE.NFO,02/01/2024,12:15:12,0.3,0.25,17080,0.3,9840,1080,86600
FINNIFTY02JAN2420250PE.NFO,02/01/2024,12:15:21,0.3,0.25,17080,0.3,9760,80,86600
FINNIFTY02JAN2420250PE.NFO,02/01/2024,12:15:29,0.3,0.25,17080,0.3,12240,160,86600
FINNIFTY02JAN2420250PE.NFO,02/01/2024,12:15:39,0.3,0.25,17080,0.3,12080,160,86600
FINNIFTY02JAN2420250PE.NFO,02/01/2024,12:15:49,0.3,0.25,17080,0.3,12000,80,86600
FINNIFTY02JAN2420250PE.NFO,02/01/2024,12:15:59,0.3,0.25,17080,0.3,11840,160,86600
FINNIFTY02JAN2420250PE.NFO,02/01/2024,12:16:09,0.3,0.25,17080,0.3,11720,120,86600
FINNIFTY02JAN2420250PE.NFO,02/01/2024,12:16:19,0.3,0.25,15560,0.3,9520,1760,86600
FINNIFTY02JAN2420250PE.NFO,02/01/2024,12:16:29,0.3,0.25,15480,0.3,12360,320,86600
FINNIFTY02JAN2420250PE.NFO,02/01/2024,12:16:40,0.25,0.25,14400,0.3,12360,240,86600
FINNIFTY02JAN2420250PE.NFO,02/01/2024,12:16:50,0.25,0.25,13280,0.3,11880,1120,86600
FINNIFTY02JAN2420250PE.NFO,02/01/2024,12:17:10,0.3,0.25,13160,0.3,9000,2280,86600
FINNIFTY02JAN2420250PE.NFO,02/01/2024,12:17:22,0.3,0.25,13160,0.3,10520,1600,86600
FINNIFTY02JAN2420250PE.NFO,02/01/2024,12:17:32,0.3,0.25,17600,0.3,12240,440,86600
FINNIFTY02JAN2420250PE.NFO,02/01/2024,12:17:41,0.3,0.25,17600,0.3,11840,400,86600
FINNIFTY02JAN2420250PE.NFO,02/01/2024,12:17:51,0.3,0.25,17600,0.3,4080,8960,86600
FINNIFTY02JAN2420250PE.NFO,02/01/2024,12:18:00,0.3,0.25,6480,0.3,960,16120,91880
FINNIFTY02JAN2420250PE.NFO,02/01/2024,12:18:09,0.25,0.25,7640,0.3,3280,1080,91880
FINNIFTY02JAN2420250PE.NFO,02/01/2024,12:18:19,0.3,0.25,15440,0.3,3520,840,91880
FINNIFTY02JAN2420250PE.NFO,02/01/2024,12:18:28,0.3,0.25,15960,0.3,1000,12880,91880
FINNIFTY02JAN2420250PE.NFO,02/01/2024,12:18:37,0.3,0.25,16600,0.3,6040,720,91880
FINNIFTY02JAN2420250PE.NFO,02/01/2024,12:18:47,0.3,0.25,9440,0.3,7800,40,91880
FINNIFTY02JAN2420250PE.NFO,02/01/2024,12:18:57,0.3,0.25,9440,0.3,13200,0,91880
FINNIFTY02JAN2420250PE.NFO,02/01/2024,12:19:27,0.25,0.25,4720,0.3,13200,1120,91880
FINNIFTY02JAN2420250PE.NFO,02/01/2024,12:19:37,0.25,0.25,4720,0.3,14400,0,91880
FINNIFTY02JAN2420250PE.NFO,02/01/2024,12:19:47,0.25,0.25,4120,0.3,14400,0,91880
FINNIFTY02JAN2420250PE.NFO,02/01/2024,12:19:57,0.3,0.25,4240,0.3,16120,1520,91880
FINNIFTY02JAN2420250PE.NFO,02/01/2024,12:20:06,0.3,0.25,4240,0.3,16600,0,91880
FINNIFTY02JAN2420250PE.NFO,02/01/2024,12:20:15,0.3,0.25,4240,0.3,16800,0,91880
FINNIFTY02JAN2420250PE.NFO,02/01/2024,12:20:24,0.25,0.2,2880,0.25,3880,5440,91880
FINNIFTY02JAN2420250PE.NFO,02/01/2024,12:20:34,0.2,0.2,2800,0.25,3440,520,91880
FINNIFTY02JAN2420250PE.NFO,02/01/2024,12:20:43,0.25,0.2,2800,0.25,3080,360,91880
FINNIFTY02JAN2420250PE.NFO,02/01/2024,12:20:52,0.2,0.2,8240,0.25,5000,680,91880
FINNIFTY02JAN2420250PE.NFO,02/01/2024,12:21:02,0.2,0.2,9800,0.25,5000,240,105800
FINNIFTY02JAN2420250PE.NFO,02/01/2024,12:21:11,0.2,0.2,13080,0.25,5280,360,105800
FINNIFTY02JAN2420250PE.NFO,02/01/2024,12:21:21,0.2,0.2,17280,0.25,5360,560,105800
FINNIFTY02JAN2420250PE.NFO,02/01/2024,12:21:31,0.2,0.2,12360,0.25,12560,320,105800
FINNIFTY02JAN2420250PE.NFO,02/01/2024,12:21:40,0.2,0.2,12160,0.25,12560,200,105800
FINNIFTY02JAN2420250PE.NFO,02/01/2024,12:22:10,0.25,0.2,12480,0.25,12360,280,105800
FINNIFTY02JAN2420250PE.NFO,02/01/2024,12:22:46,0.25,0.2,12480,0.25,12760,0,105800
FINNIFTY02JAN2420250PE.NFO,02/01/2024,12:23:03,0.25,0.2,9000,0.25,12760,0,105800
FINNIFTY02JAN2420250PE.NFO,02/01/2024,12:23:12,0.25,0.2,9000,0.25,12360,400,105800
FINNIFTY02JAN2420250PE.NFO,02/01/2024,12:23:31,0.25,0.2,14440,0.25,12360,0,105800
FINNIFTY02JAN2420250PE.NFO,02/01/2024,12:24:16,0.25,0.2,14440,0.25,10640,0,105800
FINNIFTY02JAN2420250PE.NFO,02/01/2024,12:24:34,0.25,0.2,14440,0.25,10160,480,104440
FINNIFTY02JAN2420250PE.NFO,02/01/2024,12:24:44,0.25,0.2,14440,0.25,10160,0,104440
FINNIFTY02JAN2420250PE.NFO,02/01/2024,12:25:11,0.25,0.2,16240,0.25,10160,0,104440
FINNIFTY02JAN2420250PE.NFO,02/01/2024,12:25:20,0.25,0.2,16240,0.25,10040,120,104440
FINNIFTY02JAN2420250PE.NFO,02/01/2024,12:25:38,0.25,0.2,16240,0.25,10080,0,104440
FINNIFTY02JAN2420250PE.NFO,02/01/2024,12:25:56,0.2,0.2,16120,0.25,10080,120,104440
FINNIFTY02JAN2420250PE.NFO,02/01/2024,12:26:31,0.2,0.2,15960,0.25,10080,160,104440
FINNIFTY02JAN2420250PE.NFO,02/01/2024,12:27:50,0.2,0.2,15720,0.25,10240,240,104440
FINNIFTY02JAN2420250PE.NFO,02/01/2024,12:28:44,0.2,0.2,13920,0.25,10240,0,104440
FINNIFTY02JAN2420250PE.NFO,02/01/2024,12:29:11,0.2,0.2,14600,0.25,10240,0,104440
FINNIFTY02JAN2420250PE.NFO,02/01/2024,12:30:03,0.2,0.2,14600,0.25,10160,0,104440
FINNIFTY02JAN2420250PE.NFO,02/01/2024,12:30:31,0.2,0.2,14480,0.25,10160,120,104200
FINNIFTY02JAN2420250PE.NFO,02/01/2024,12:31:06,0.2,0.2,8760,0.25,10160,0,104200
FINNIFTY02JAN2420250PE.NFO,02/01/2024,12:31:15,0.2,0.2,11360,0.25,10160,0,104200
FINNIFTY02JAN2420250PE.NFO,02/01/2024,12:31:24,0.2,0.2,12080,0.25,10160,80,104200
FINNIFTY02JAN2420250PE.NFO,02/01/2024,12:31:42,0.2,0.2,12040,0.25,10160,40,104200
FINNIFTY02JAN2420250PE.NFO,02/01/2024,12:32:17,0.25,0.2,12960,0.25,10560,520,104200
FINNIFTY02JAN2420250PE.NFO,02/01/2024,12:32:25,0.2,0.2,12800,0.25,10560,160,104200
FINNIFTY02JAN2420250PE.NFO,02/01/2024,12:32:33,0.2,0.2,12760,0.25,10560,40,104200
FINNIFTY02JAN2420250PE.NFO,02/01/2024,12:32:42,0.2,0.2,12240,0.25,10560,520,104200
FINNIFTY02JAN2420250PE.NFO,02/01/2024,12:33:48,0.2,0.2,12440,0.25,9720,0,104200
FINNIFTY02JAN2420250PE.NFO,02/01/2024,12:34:06,0.25,0.2,12440,0.25,9520,200,104160
FINNIFTY02JAN2420250PE.NFO,02/01/2024,12:34:40,0.25,0.2,12440,0.25,9480,40,104160
FINNIFTY02JAN2420250PE.NFO,02/01/2024,12:34:49,0.25,0.2,12440,0.25,9400,80,104160
FINNIFTY02JAN2420250PE.NFO,02/01/2024,12:35:38,0.2,0.2,10920,0.25,9800,1520,104160
FINNIFTY02JAN2420250PE.NFO,02/01/2024,12:37:10,0.2,0.2,10200,0.25,9800,720,103640
FINNIFTY02JAN2420250PE.NFO,02/01/2024,12:37:45,0.2,0.2,10200,0.25,9800,0,103640
FINNIFTY02JAN2420250PE.NFO,02/01/2024,12:38:11,0.25,0.2,10640,0.25,9560,240,103640
FINNIFTY02JAN2420250PE.NFO,02/01/2024,12:38:21,0.25,0.2,10640,0.25,9360,200,103640
FINNIFTY02JAN2420250PE.NFO,02/01/2024,12:38:30,0.25,0.2,10640,0.25,9360,0,103640
FINNIFTY02JAN2420250PE.NFO,02/01/2024,12:40:22,0.25,0.2,10640,0.25,9400,0,103640
FINNIFTY02JAN2420250PE.NFO,02/01/2024,12:40:41,0.25,0.2,10640,0.25,9360,40,103440
FINNIFTY02JAN2420250PE.NFO,02/01/2024,12:41:41,0.25,0.2,10640,0.25,9320,40,103440
FINNIFTY02JAN2420250PE.NFO,02/01/2024,12:42:00,0.25,0.2,10640,0.25,9280,40,103440
FINNIFTY02JAN2420250PE.NFO,02/01/2024,12:43:10,0.25,0.2,10640,0.25,9240,40,103440
FINNIFTY02JAN2420250PE.NFO,02/01/2024,12:43:19,0.25,0.2,10640,0.25,9160,80,103440
FINNIFTY02JAN2420250PE.NFO,02/01/2024,12:43:28,0.25,0.2,10640,0.25,9120,40,103440
FINNIFTY02JAN2420250PE.NFO,02/01/2024,12:44:03,0.25,0.2,10640,0.25,9120,0,103440
FINNIFTY02JAN2420250PE.NFO,02/01/2024,12:45:21,0.25,0.2,10640,0.25,9080,40,103440
FINNIFTY02JAN2420250PE.NFO,02/01/2024,12:46:30,0.25,0.2,10640,0.25,9080,0,103440
FINNIFTY02JAN2420250PE.NFO,02/01/2024,12:50:03,0.25,0.2,10640,0.25,8960,0,103440
FINNIFTY02JAN2420250PE.NFO,02/01/2024,12:50:21,0.25,0.2,10640,0.25,8880,0,103440
FINNIFTY02JAN2420250PE.NFO,02/01/2024,12:50:39,0.25,0.2,10640,0.25,1680,7200,103440
FINNIFTY02JAN2420250PE.NFO,02/01/2024,12:51:34,0.25,0.2,10200,0.3,3280,2640,103440
FINNIFTY02JAN2420250PE.NFO,02/01/2024,12:51:43,0.25,0.2,10200,0.3,5080,0,103440
FINNIFTY02JAN2420250PE.NFO,02/01/2024,12:53:01,0.25,0.2,10200,0.25,2160,0,103440
FINNIFTY02JAN2420250PE.NFO,02/01/2024,12:54:01,0.25,0.2,9360,0.3,1160,14840,112760
FINNIFTY02JAN2420250PE.NFO,02/01/2024,12:54:10,0.25,0.2,9080,0.25,1000,3480,112760
FINNIFTY02JAN2420250PE.NFO,02/01/2024,12:54:19,0.25,0.2,10040,0.25,1000,0,112760
FINNIFTY02JAN2420250PE.NFO,02/01/2024,12:55:36,0.25,0.2,10040,0.25,1200,40,112760
FINNIFTY02JAN2420250PE.NFO,02/01/2024,12:55:53,0.25,0.2,9960,0.25,1120,80,112760
FINNIFTY02JAN2420250PE.NFO,02/01/2024,12:58:48,0.2,0.2,9880,0.25,2120,80,114560
FINNIFTY02JAN2420250PE.NFO,02/01/2024,12:58:57,0.25,0.2,9880,0.25,600,1520,114560
FINNIFTY02JAN2420250PE.NFO,02/01/2024,13:00:41,0.25,0.2,9880,0.25,3040,0,114560
FINNIFTY02JAN2420250PE.NFO,02/01/2024,13:00:49,0.25,0.2,9880,0.25,1320,0,114560
FINNIFTY02JAN2420250PE.NFO,02/01/2024,13:01:06,0.2,0.2,9840,0.25,1320,40,114560
FINNIFTY02JAN2420250PE.NFO,02/01/2024,13:01:32,0.2,0.2,9400,0.25,2040,440,114560
FINNIFTY02JAN2420250PE.NFO,02/01/2024,13:01:42,0.25,0.2,9480,0.25,1040,280,114560
FINNIFTY02JAN2420250PE.NFO,02/01/2024,13:02:00,0.25,0.2,9480,0.25,1040,0,114560
FINNIFTY02JAN2420250PE.NFO,02/01/2024,13:02:18,0.2,0.2,8920,0.25,2080,280,114560
FINNIFTY02JAN2420250PE.NFO,02/01/2024,13:02:27,0.2,0.2,8880,0.25,2080,1040,114560
FINNIFTY02JAN2420250PE.NFO,02/01/2024,13:02:37,0.2,0.2,8880,0.25,2080,0,114560
FINNIFTY02JAN2420250PE.NFO,02/01/2024,13:02:57,0.2,0.2,8960,0.25,1360,0,114560
FINNIFTY02JAN2420250PE.NFO,02/01/2024,13:04:25,0.2,0.2,3280,0.25,680,3680,115120
FINNIFTY02JAN2420250PE.NFO,02/01/2024,13:04:35,0.2,0.2,2920,0.25,680,360,115120
FINNIFTY02JAN2420250PE.NFO,02/01/2024,13:04:45,0.2,0.2,2400,0.25,840,520,115120
FINNIFTY02JAN2420250PE.NFO,02/01/2024,13:04:55,0.25,0.2,2600,0.25,480,1080,115120
FINNIFTY02JAN2420250PE.NFO,02/01/2024,13:05:04,0.2,0.2,4080,0.25,200,280,115120
FINNIFTY02JAN2420250PE.NFO,02/01/2024,13:05:14,0.2,0.2,3920,0.3,3880,160,115120
FINNIFTY02JAN2420250PE.NFO,02/01/2024,13:05:23,0.2,0.2,3760,0.25,5120,400,115120
FINNIFTY02JAN2420250PE.NFO,02/01/2024,13:05:32,0.25,0.2,3600,0.25,4720,560,115120
FINNIFTY02JAN2420250PE.NFO,02/01/2024,13:05:40,0.2,0.2,3520,0.25,4720,80,115120
FINNIFTY02JAN2420250PE.NFO,02/01/2024,13:06:16,0.2,0.2,3320,0.25,3000,200,110760
FINNIFTY02JAN2420250PE.NFO,02/01/2024,13:06:25,0.2,0.2,2920,0.25,4720,400,110760
FINNIFTY02JAN2420250PE.NFO,02/01/2024,13:06:34,0.2,0.2,2920,0.25,2000,0,110760
FINNIFTY02JAN2420250PE.NFO,02/01/2024,13:07:09,0.25,0.2,2920,0.25,4560,160,110760
FINNIFTY02JAN2420250PE.NFO,02/01/2024,13:07:18,0.25,0.2,2920,0.25,2640,200,110760
FINNIFTY02JAN2420250PE.NFO,02/01/2024,13:07:27,0.25,0.2,2920,0.25,4160,200,110760
FINNIFTY02JAN2420250PE.NFO,02/01/2024,13:07:35,0.25,0.2,2920,0.25,2240,200,110760
FINNIFTY02JAN2420250PE.NFO,02/01/2024,13:07:44,0.25,0.2,2840,0.25,2240,0,110760
FINNIFTY02JAN2420250PE.NFO,02/01/2024,13:07:53,0.25,0.2,4640,0.25,2160,80,110760
FINNIFTY02JAN2420250PE.NFO,02/01/2024,13:08:02,0.25,0.2,4640,0.25,1960,200,110760
FINNIFTY02JAN2420250PE.NFO,02/01/2024,13:08:13,0.25,0.2,10040,0.25,1640,320,110760
FINNIFTY02JAN2420250PE.NFO,02/01/2024,13:08:22,0.25,0.2,10200,0.25,1880,800,110760
FINNIFTY02JAN2420250PE.NFO,02/01/2024,13:08:31,0.2,0.2,11720,0.25,2000,640,110760
FINNIFTY02JAN2420250PE.NFO,02/01/2024,13:08:40,0.2,0.2,12920,0.25,3880,240,110760
FINNIFTY02JAN2420250PE.NFO,02/01/2024,13:08:50,0.2,0.2,13720,0.25,3880,0,110760
FINNIFTY02JAN2420250PE.NFO,02/01/2024,13:09:07,0.2,0.2,14800,0.25,3880,120,112360
FINNIFTY02JAN2420250PE.NFO,02/01/2024,13:09:34,0.25,0.2,13360,0.25,5720,280,112360
FINNIFTY02JAN2420250PE.NFO,02/01/2024,13:09:43,0.25,0.2,14640,0.25,5920,0,112360
FINNIFTY02JAN2420250PE.NFO,02/01/2024,13:11:12,0.25,0.2,14840,0.25,5320,880,112360
FINNIFTY02JAN2420250PE.NFO,02/01/2024,13:11:30,0.25,0.2,14840,0.25,3400,200,112360
FINNIFTY02JAN2420250PE.NFO,02/01/2024,13:11:39,0.25,0.2,14840,0.25,3080,440,112360
FINNIFTY02JAN2420250PE.NFO,02/01/2024,13:12:05,0.25,0.2,14840,0.25,3080,0,112360
FINNIFTY02JAN2420250PE.NFO,02/01/2024,13:12:48,0.2,0.2,13320,0.25,6040,1520,112080
FINNIFTY02JAN2420250PE.NFO,02/01/2024,13:12:57,0.2,0.2,13320,0.25,6320,0,112080
FINNIFTY02JAN2420250PE.NFO,02/01/2024,13:13:41,0.2,0.2,12120,0.25,6320,1200,112080
FINNIFTY02JAN2420250PE.NFO,02/01/2024,13:13:49,0.2,0.2,9120,0.25,8440,1200,112080
FINNIFTY02JAN2420250PE.NFO,02/01/2024,13:13:58,0.2,0.2,9120,0.25,9240,0,112080
FINNIFTY02JAN2420250PE.NFO,02/01/2024,13:14:06,0.25,0.2,9120,0.25,10320,200,112080
FINNIFTY02JAN2420250PE.NFO,02/01/2024,13:15:24,0.25,0.2,9400,0.25,12000,40,113400
FINNIFTY02JAN2420250PE.NFO,02/01/2024,13:16:33,0.2,0.2,9200,0.25,12480,200,113400
FINNIFTY02JAN2420250PE.NFO,02/01/2024,13:16:59,0.2,0.2,9240,0.25,12480,0,113400
FINNIFTY02JAN2420250PE.NFO,02/01/2024,13:18:14,0.2,0.2,120,0.25,12160,9000,113200
FINNIFTY02JAN2420250PE.NFO,02/01/2024,13:18:23,0.2,0.15,78920,0.2,9200,6080,113200
FINNIFTY02JAN2420250PE.NFO,02/01/2024,13:18:32,0.2,0.15,78920,0.2,12880,640,113200
FINNIFTY02JAN2420250PE.NFO,02/01/2024,13:19:06,0.2,0.15,78920,0.2,12520,360,113200
FINNIFTY02JAN2420250PE.NFO,02/01/2024,13:19:23,0.2,0.15,78920,0.2,12520,0,113200
FINNIFTY02JAN2420250PE.NFO,02/01/2024,13:19:49,0.2,0.15,78920,0.2,15400,160,113200
FINNIFTY02JAN2420250PE.NFO,02/01/2024,13:20:14,0.2,0.15,78920,0.2,13600,0,113200
FINNIFTY02JAN2420250PE.NFO,02/01/2024,13:20:22,0.15,0.15,78880,0.2,13600,40,113200
FINNIFTY02JAN2420250PE.NFO,02/01/2024,13:20:47,0.2,0.15,80920,0.2,15160,240,113200
FINNIFTY02JAN2420250PE.NFO,02/01/2024,13:21:05,0.2,0.15,80920,0.2,13360,0,113200
FINNIFTY02JAN2420250PE.NFO,02/01/2024,13:21:14,0.2,0.15,80920,0.2,12880,480,112640
FINNIFTY02JAN2420250PE.NFO,02/01/2024,13:22:04,0.2,0.15,82680,0.2,13120,1560,112640
FINNIFTY02JAN2420250PE.NFO,02/01/2024,13:22:13,0.2,0.15,82680,0.2,12560,560,112640
FINNIFTY02JAN2420250PE.NFO,02/01/2024,13:22:21,0.2,0.15,82680,0.2,12560,0,112640
FINNIFTY02JAN2420250PE.NFO,02/01/2024,13:22:30,0.2,0.15,82760,0.2,12560,0,112640
FINNIFTY02JAN2420250PE.NFO,02/01/2024,13:23:04,0.2,0.15,82760,0.2,12440,120,112640
FINNIFTY02JAN2420250PE.NFO,02/01/2024,13:23:13,0.2,0.15,82760,0.2,10640,0,112640
FINNIFTY02JAN2420250PE.NFO,02/01/2024,13:23:57,0.2,0.15,82760,0.2,10160,480,112640
FINNIFTY02JAN2420250PE.NFO,02/01/2024,13:24:22,0.2,0.15,82760,0.2,14600,0,112640
FINNIFTY02JAN2420250PE.NFO,02/01/2024,13:24:39,0.2,0.15,82760,0.2,14520,80,110560
FINNIFTY02JAN2420250PE.NFO,02/01/2024,13:24:48,0.2,0.15,83760,0.2,14520,0,110560
FINNIFTY02JAN2420250PE.NFO,02/01/2024,13:25:06,0.2,0.15,83760,0.2,14440,80,110560
FINNIFTY02JAN2420250PE.NFO,02/01/2024,13:25:16,0.2,0.15,83800,0.2,14440,0,110560
FINNIFTY02JAN2420250PE.NFO,02/01/2024,13:25:34,0.2,0.15,83800,0.2,14400,40,110560
FINNIFTY02JAN2420250PE.NFO,02/01/2024,13:26:18,0.2,0.15,83800,0.2,13680,720,110560
FINNIFTY02JAN2420250PE.NFO,02/01/2024,13:26:26,0.2,0.15,83800,0.2,13640,40,110560
FINNIFTY02JAN2420250PE.NFO,02/01/2024,13:26:35,0.2,0.15,83800,0.2,13520,120,110560
FINNIFTY02JAN2420250PE.NFO,02/01/2024,13:26:44,0.2,0.15,83800,0.2,13440,80,110560
FINNIFTY02JAN2420250PE.NFO,02/01/2024,13:26:52,0.2,0.15,83800,0.2,13400,40,110560
FINNIFTY02JAN2420250PE.NFO,02/01/2024,13:27:09,0.2,0.15,83800,0.2,13360,40,110040
FINNIFTY02JAN2420250PE.NFO,02/01/2024,13:27:35,0.2,0.15,83800,0.2,13320,40,110040
FINNIFTY02JAN2420250PE.NFO,02/01/2024,13:28:25,0.15,0.15,83640,0.2,16920,160,110040
FINNIFTY02JAN2420250PE.NFO,02/01/2024,13:29:08,0.2,0.15,83640,0.2,16880,40,110040
FINNIFTY02JAN2420250PE.NFO,02/01/2024,13:29:33,0.15,0.15,83520,0.2,16640,360,110040
FINNIFTY02JAN2420250PE.NFO,02/01/2024,13:30:25,0.15,0.15,83520,0.2,21640,0,110040
FINNIFTY02JAN2420250PE.NFO,02/01/2024,13:30:33,0.15,0.15,56160,0.2,21640,0,110040
FINNIFTY02JAN2420250PE.NFO,02/01/2024,13:31:09,0.15,0.15,55800,0.2,21640,360,110440
FINNIFTY02JAN2420250PE.NFO,02/01/2024,13:31:45,0.2,0.15,55800,0.2,21560,80,110440
FINNIFTY02JAN2420250PE.NFO,02/01/2024,13:31:54,0.2,0.15,55800,0.2,21400,160,110440
FINNIFTY02JAN2420250PE.NFO,02/01/2024,13:32:03,0.2,0.15,55600,0.2,21240,360,110440
FINNIFTY02JAN2420250PE.NFO,02/01/2024,13:32:12,0.2,0.15,55600,0.2,21160,80,110440
FINNIFTY02JAN2420250PE.NFO,02/01/2024,13:32:21,0.2,0.15,55600,0.2,21120,40,110440
FINNIFTY02JAN2420250PE.NFO,02/01/2024,13:33:06,0.2,0.15,55600,0.2,19320,0,110440
FINNIFTY02JAN2420250PE.NFO,02/01/2024,13:33:15,0.2,0.15,55600,0.2,20880,240,111520
FINNIFTY02JAN2420250PE.NFO,02/01/2024,13:33:24,0.2,0.15,55600,0.2,20680,200,111520
FINNIFTY02JAN2420250PE.NFO,02/01/2024,13:33:50,0.2,0.15,55480,0.2,20680,0,111520
FINNIFTY02JAN2420250PE.NFO,02/01/2024,13:35:49,0.15,0.15,53480,0.2,20680,2000,111520
FINNIFTY02JAN2420250PE.NFO,02/01/2024,13:36:51,0.15,0.15,53480,0.2,20680,0,111520
FINNIFTY02JAN2420250PE.NFO,02/01/2024,13:37:20,0.15,0.15,53600,0.2,20680,0,111520
FINNIFTY02JAN2420250PE.NFO,02/01/2024,13:37:56,0.2,0.15,53600,0.2,22000,280,111520
FINNIFTY02JAN2420250PE.NFO,02/01/2024,13:38:32,0.2,0.15,15560,0.2,22000,0,111520
FINNIFTY02JAN2420250PE.NFO,02/01/2024,13:38:40,0.15,0.15,12720,0.2,22000,2840,111520
FINNIFTY02JAN2420250PE.NFO,02/01/2024,13:38:49,0.15,0.15,12720,0.2,22000,0,111520
FINNIFTY02JAN2420250PE.NFO,02/01/2024,13:39:15,0.15,0.15,12720,0.2,23200,0,111520
FINNIFTY02JAN2420250PE.NFO,02/01/2024,13:39:41,0.15,0.15,14120,0.2,23200,0,111520
FINNIFTY02JAN2420250PE.NFO,02/01/2024,13:40:06,0.15,0.15,14160,0.2,23200,0,111520
FINNIFTY02JAN2420250PE.NFO,02/01/2024,13:41:48,0.15,0.15,14080,0.2,23200,0,111520
FINNIFTY02JAN2420250PE.NFO,02/01/2024,13:41:57,0.2,0.15,14080,0.2,22800,400,110880
FINNIFTY02JAN2420250PE.NFO,02/01/2024,13:42:14,0.2,0.15,14160,0.2,22800,0,110880
FINNIFTY02JAN2420250PE.NFO,02/01/2024,13:42:56,0.15,0.15,14080,0.2,22800,80,110880
FINNIFTY02JAN2420250PE.NFO,02/01/2024,13:43:56,0.15,0.15,14040,0.2,22800,40,110880
FINNIFTY02JAN2420250PE.NFO,02/01/2024,13:44:04,0.15,0.15,14000,0.2,22800,40,110880
FINNIFTY02JAN2420250PE.NFO,02/01/2024,13:44:13,0.15,0.15,17560,0.2,22800,40,110880
FINNIFTY02JAN2420250PE.NFO,02/01/2024,13:44:21,0.15,0.15,21240,0.2,22800,40,110880
FINNIFTY02JAN2420250PE.NFO,02/01/2024,13:44:30,0.15,0.15,22880,0.2,21000,160,110880
FINNIFTY02JAN2420250PE.NFO,02/01/2024,13:45:03,0.15,0.15,22840,0.2,22800,40,110880
FINNIFTY02JAN2420250PE.NFO,02/01/2024,13:45:12,0.15,0.15,15640,0.2,22800,0,110880
FINNIFTY02JAN2420250PE.NFO,02/01/2024,13:45:29,0.15,0.15,15600,0.2,22800,40,110440
FINNIFTY02JAN2420250PE.NFO,02/01/2024,13:45:45,0.15,0.15,16560,0.2,22800,40,110440
FINNIFTY02JAN2420250PE.NFO,02/01/2024,13:45:53,0.15,0.15,16520,0.2,22800,40,110440
FINNIFTY02JAN2420250PE.NFO,02/01/2024,13:46:01,0.15,0.15,16480,0.2,22800,40,110440
FINNIFTY02JAN2420250PE.NFO,02/01/2024,13:46:27,0.15,0.15,12520,0.2,22320,3480,110440
FINNIFTY02JAN2420250PE.NFO,02/01/2024,13:46:35,0.15,0.15,12520,0.2,22320,0,110440
FINNIFTY02JAN2420250PE.NFO,02/01/2024,13:46:52,0.2,0.15,12520,0.2,22120,200,110440
FINNIFTY02JAN2420250PE.NFO,02/01/2024,13:47:00,0.15,0.15,12320,0.2,22120,200,110440
FINNIFTY02JAN2420250PE.NFO,02/01/2024,13:47:09,0.2,0.15,12720,0.2,21800,360,110440
FINNIFTY02JAN2420250PE.NFO,02/01/2024,13:47:17,0.15,0.15,12680,0.2,21800,40,110440
FINNIFTY02JAN2420250PE.NFO,02/01/2024,13:47:34,0.2,0.15,12680,0.2,21560,240,110440
FINNIFTY02JAN2420250PE.NFO,02/01/2024,13:47:52,0.2,0.15,12880,0.2,21560,0,110440
FINNIFTY02JAN2420250PE.NFO,02/01/2024,13:48:01,0.2,0.15,11600,0.2,16000,200,110440
FINNIFTY02JAN2420250PE.NFO,02/01/2024,13:48:09,0.2,0.15,5400,0.2,16000,0,110440
FINNIFTY02JAN2420250PE.NFO,02/01/2024,13:48:18,0.2,0.15,11040,0.2,14000,200,110440
FINNIFTY02JAN2420250PE.NFO,02/01/2024,13:48:27,0.2,0.15,11040,0.2,13280,720,106520
FINNIFTY02JAN2420250PE.NFO,02/01/2024,13:48:44,0.2,0.15,11040,0.2,13280,0,106520
FINNIFTY02JAN2420250PE.NFO,02/01/2024,13:48:52,0.2,0.15,11040,0.2,14560,520,106520
FINNIFTY02JAN2420250PE.NFO,02/01/2024,13:49:33,0.2,0.15,6400,0.2,14360,200,106520
FINNIFTY02JAN2420250PE.NFO,02/01/2024,13:49:42,0.2,0.15,10840,0.2,12360,200,106520
FINNIFTY02JAN2420250PE.NFO,02/01/2024,13:49:50,0.2,0.15,10560,0.2,8920,200,106520
FINNIFTY02JAN2420250PE.NFO,02/01/2024,13:49:58,0.2,0.15,10360,0.2,10520,200,106520
FINNIFTY02JAN2420250PE.NFO,02/01/2024,13:50:06,0.15,0.15,10320,0.2,12640,40,106520
FINNIFTY02JAN2420250PE.NFO,02/01/2024,13:50:15,0.2,0.15,9360,0.2,10120,440,106520
FINNIFTY02JAN2420250PE.NFO,02/01/2024,13:50:33,0.2,0.15,8960,0.2,8320,0,106520
FINNIFTY02JAN2420250PE.NFO,02/01/2024,13:50:51,0.2,0.15,6320,0.2,10360,0,106520
FINNIFTY02JAN2420250PE.NFO,02/01/2024,13:51:01,0.2,0.15,8840,0.2,10120,0,106520
FINNIFTY02JAN2420250PE.NFO,02/01/2024,13:51:10,0.2,0.15,8760,0.2,10080,40,107040
FINNIFTY02JAN2420250PE.NFO,02/01/2024,13:51:19,0.15,0.15,8720,0.2,11680,40,107040
FINNIFTY02JAN2420250PE.NFO,02/01/2024,13:51:28,0.15,0.15,8640,0.2,11680,80,107040
FINNIFTY02JAN2420250PE.NFO,02/01/2024,13:51:37,0.15,0.15,8600,0.2,11680,40,107040
FINNIFTY02JAN2420250PE.NFO,02/01/2024,13:51:46,0.15,0.15,7640,0.2,11680,0,107040
FINNIFTY02JAN2420250PE.NFO,02/01/2024,13:51:55,0.2,0.15,7600,0.2,11360,560,107040
FINNIFTY02JAN2420250PE.NFO,02/01/2024,13:52:04,0.15,0.15,7480,0.2,13160,120,107040
FINNIFTY02JAN2420250PE.NFO,02/01/2024,13:52:13,0.15,0.15,7360,0.2,10200,120,107040
FINNIFTY02JAN2420250PE.NFO,02/01/2024,13:52:22,0.2,0.15,7360,0.2,8400,200,107040
FINNIFTY02JAN2420250PE.NFO,02/01/2024,13:52:32,0.2,0.15,7120,0.2,4720,1720,107040
FINNIFTY02JAN2420250PE.NFO,02/01/2024,13:52:41,0.2,0.2,880,0.25,3480,1840,107040
FINNIFTY02JAN2420250PE.NFO,02/01/2024,13:52:51,0.2,0.2,840,0.25,3520,40,107040
FINNIFTY02JAN2420250PE.NFO,02/01/2024,13:53:00,0.2,0.2,2520,0.25,5320,600,107040
FINNIFTY02JAN2420250PE.NFO,02/01/2024,13:53:09,0.2,0.2,2120,0.25,3560,1680,107040
FINNIFTY02JAN2420250PE.NFO,02/01/2024,13:53:18,0.2,0.2,120,0.25,4280,2440,107040
FINNIFTY02JAN2420250PE.NFO,02/01/2024,13:53:28,0.2,0.15,9360,0.2,200,960,107040
FINNIFTY02JAN2420250PE.NFO,02/01/2024,13:53:47,0.2,0.15,9440,0.25,4560,600,107040
FINNIFTY02JAN2420250PE.NFO,02/01/2024,13:53:57,0.15,0.15,9160,0.25,4560,80,107040
FINNIFTY02JAN2420250PE.NFO,02/01/2024,13:54:06,0.15,0.15,9160,0.25,4560,0,107040
FINNIFTY02JAN2420250PE.NFO,02/01/2024,13:54:26,0.15,0.15,9000,0.2,720,160,108680
FINNIFTY02JAN2420250PE.NFO,02/01/2024,13:54:35,0.15,0.15,8960,0.2,4080,280,108680
FINNIFTY02JAN2420250PE.NFO,02/01/2024,13:54:44,0.15,0.15,8960,0.2,4160,320,108680
FINNIFTY02JAN2420250PE.NFO,02/01/2024,13:54:53,0.15,0.15,4880,0.2,5760,480,108680
FINNIFTY02JAN2420250PE.NFO,02/01/2024,13:55:03,0.15,0.15,4880,0.2,5040,0,108680
FINNIFTY02JAN2420250PE.NFO,02/01/2024,13:55:12,0.15,0.15,4520,0.2,5040,360,108680
FINNIFTY02JAN2420250PE.NFO,02/01/2024,13:55:38,0.15,0.15,5520,0.2,5040,0,108680
FINNIFTY02JAN2420250PE.NFO,02/01/2024,13:55:47,0.15,0.15,5920,0.2,5040,400,108680
FINNIFTY02JAN2420250PE.NFO,02/01/2024,13:56:04,0.15,0.15,5920,0.2,3440,0,108680
FINNIFTY02JAN2420250PE.NFO,02/01/2024,13:56:56,0.2,0.15,5200,0.2,8600,80,108680
FINNIFTY02JAN2420250PE.NFO,02/01/2024,13:57:05,0.2,0.15,5880,0.2,5000,0,108680
FINNIFTY02JAN2420250PE.NFO,02/01/2024,13:57:48,0.15,0.15,5680,0.2,6600,200,108680
FINNIFTY02JAN2420250PE.NFO,02/01/2024,13:57:57,0.2,0.15,5720,0.2,6200,400,108680
FINNIFTY02JAN2420250PE.NFO,02/01/2024,13:59:04,0.15,0.15,5440,0.2,6520,280,108680
FINNIFTY02JAN2420250PE.NFO,02/01/2024,13:59:13,0.15,0.15,2760,0.2,6000,2520,108680
FINNIFTY02JAN2420250PE.NFO,02/01/2024,13:59:22,0.15,0.15,2600,0.2,6000,160,108680
FINNIFTY02JAN2420250PE.NFO,02/01/2024,13:59:39,0.15,0.15,2600,0.2,6000,0,108680
FINNIFTY02JAN2420250PE.NFO,02/01/2024,13:59:48,0.15,0.15,3120,0.2,6000,120,108680
FINNIFTY02JAN2420250PE.NFO,02/01/2024,13:59:57,0.15,0.15,3000,0.2,6040,680,108680
FINNIFTY02JAN2420250PE.NFO,02/01/2024,14:00:06,0.15,0.15,3000,0.2,6040,80,108680
FINNIFTY02JAN2420250PE.NFO,02/01/2024,14:00:15,0.15,0.15,3000,0.2,6000,0,108680
FINNIFTY02JAN2420250PE.NFO,02/01/2024,14:00:23,0.2,0.15,3000,0.2,5920,80,108120
FINNIFTY02JAN2420250PE.NFO,02/01/2024,14:00:32,0.2,0.15,3000,0.2,5920,0,108120
FINNIFTY02JAN2420250PE.NFO,02/01/2024,14:00:40,0.2,0.15,3000,0.2,5960,0,108120
FINNIFTY02JAN2420250PE.NFO,02/01/2024,14:00:49,0.2,0.15,3000,0.2,5920,0,108120
FINNIFTY02JAN2420250PE.NFO,02/01/2024,14:00:57,0.2,0.15,3000,0.2,6200,0,108120
FINNIFTY02JAN2420250PE.NFO,02/01/2024,14:01:24,0.2,0.15,3000,0.2,7800,0,108120
FINNIFTY02JAN2420250PE.NFO,02/01/2024,14:01:32,0.2,0.15,4000,0.2,4840,0,108120
FINNIFTY02JAN2420250PE.NFO,02/01/2024,14:01:50,0.15,0.15,3840,0.2,7560,200,108120
FINNIFTY02JAN2420250PE.NFO,02/01/2024,14:02:16,0.15,0.15,3760,0.2,7560,200,108120
FINNIFTY02JAN2420250PE.NFO,02/01/2024,14:02:24,0.15,0.15,2760,0.2,7560,0,108120
FINNIFTY02JAN2420250PE.NFO,02/01/2024,14:03:25,0.15,0.15,2760,0.2,4960,0,108120
FINNIFTY02JAN2420250PE.NFO,02/01/2024,14:03:34,0.2,0.15,2760,0.2,6440,120,108120
FINNIFTY02JAN2420250PE.NFO,02/01/2024,14:03:43,0.2,0.15,2760,0.2,4760,80,108120
FINNIFTY02JAN2420250PE.NFO,02/01/2024,14:04:02,0.2,0.15,2960,0.2,6320,40,108120
FINNIFTY02JAN2420250PE.NFO,02/01/2024,14:04:11,0.2,0.15,2960,0.2,7200,120,108120
FINNIFTY02JAN2420250PE.NFO,02/01/2024,14:04:20,0.2,0.15,2840,0.2,7080,120,108120
FINNIFTY02JAN2420250PE.NFO,02/01/2024,14:04:30,0.2,0.15,2840,0.2,7000,80,108120
FINNIFTY02JAN2420250PE.NFO,02/01/2024,14:04:39,0.2,0.15,2760,0.2,7000,0,108120
FINNIFTY02JAN2420250PE.NFO,02/01/2024,14:04:58,0.2,0.15,2760,0.2,5400,0,108120
FINNIFTY02JAN2420250PE.NFO,02/01/2024,14:05:25,0.2,0.15,2760,0.2,4320,3600,108120
FINNIFTY02JAN2420250PE.NFO,02/01/2024,14:05:34,0.2,0.15,3360,0.2,4280,40,108120
FINNIFTY02JAN2420250PE.NFO,02/01/2024,14:05:43,0.2,0.15,3360,0.2,4160,120,108120
FINNIFTY02JAN2420250PE.NFO,02/01/2024,14:05:51,0.2,0.15,3360,0.2,4080,80,108120
FINNIFTY02JAN2420250PE.NFO,02/01/2024,14:06:00,0.2,0.15,3360,0.2,4040,40,108120
FINNIFTY02JAN2420250PE.NFO,02/01/2024,14:06:08,0.15,0.15,3160,0.2,4240,200,108120
FINNIFTY02JAN2420250PE.NFO,02/01/2024,14:06:16,0.2,0.15,3280,0.2,4200,40,110320
FINNIFTY02JAN2420250PE.NFO,02/01/2024,14:06:25,0.2,0.15,3280,0.2,5280,0,110320
FINNIFTY02JAN2420250PE.NFO,02/01/2024,14:06:33,0.15,0.15,3240,0.2,5680,40,110320
FINNIFTY02JAN2420250PE.NFO,02/01/2024,14:06:49,0.15,0.15,3240,0.2,5680,0,110320
FINNIFTY02JAN2420250PE.NFO,02/01/2024,14:07:07,0.15,0.15,3240,0.2,4960,0,110320
FINNIFTY02JAN2420250PE.NFO,02/01/2024,14:09:31,0.15,0.15,3280,0.2,4960,0,110320
FINNIFTY02JAN2420250PE.NFO,02/01/2024,14:10:00,0.15,0.15,3280,0.2,3800,0,110320
FINNIFTY02JAN2420250PE.NFO,02/01/2024,14:10:13,0.15,0.15,3080,0.2,2240,240,110400
FINNIFTY02JAN2420250PE.NFO,02/01/2024,14:10:24,0.15,0.15,2920,0.2,3840,160,110400
FINNIFTY02JAN2420250PE.NFO,02/01/2024,14:10:34,0.15,0.15,2880,0.2,3840,40,110400
FINNIFTY02JAN2420250PE.NFO,02/01/2024,14:10:44,0.15,0.15,3720,0.2,3840,0,110400
FINNIFTY02JAN2420250PE.NFO,02/01/2024,14:10:54,0.15,0.15,3560,0.2,1520,1960,110400
FINNIFTY02JAN2420250PE.NFO,02/01/2024,14:11:04,0.15,0.15,3360,0.2,1520,200,110400
FINNIFTY02JAN2420250PE.NFO,02/01/2024,14:11:16,0.15,0.15,3640,0.2,1520,480,110400
FINNIFTY02JAN2420250PE.NFO,02/01/2024,14:11:28,0.2,0.15,3520,0.2,3160,160,110400
FINNIFTY02JAN2420250PE.NFO,02/01/2024,14:11:48,0.2,0.15,4520,0.2,4280,0,110400
FINNIFTY02JAN2420250PE.NFO,02/01/2024,14:12:08,0.15,0.15,4320,0.2,3280,200,110400
FINNIFTY02JAN2420250PE.NFO,02/01/2024,14:12:18,0.15,0.15,4320,0.2,3280,0,110400
FINNIFTY02JAN2420250PE.NFO,02/01/2024,14:12:37,0.2,0.15,4320,0.2,2960,1800,109760
FINNIFTY02JAN2420250PE.NFO,02/01/2024,14:12:56,0.15,0.15,4240,0.2,2960,560,109760
FINNIFTY02JAN2420250PE.NFO,02/01/2024,14:13:06,0.15,0.15,4400,0.2,2960,240,109760
FINNIFTY02JAN2420250PE.NFO,02/01/2024,14:13:16,0.15,0.15,4400,0.2,1960,240,109760
FINNIFTY02JAN2420250PE.NFO,02/01/2024,14:13:27,0.15,0.15,4040,0.2,1960,360,109760
FINNIFTY02JAN2420250PE.NFO,02/01/2024,14:13:37,0.15,0.15,3800,0.2,3560,240,109760
FINNIFTY02JAN2420250PE.NFO,02/01/2024,14:13:48,0.15,0.15,3840,0.2,3560,40,109760
FINNIFTY02JAN2420250PE.NFO,02/01/2024,14:13:58,0.15,0.15,3840,0.2,1560,0,109760
FINNIFTY02JAN2420250PE.NFO,02/01/2024,14:14:09,0.2,0.15,4360,0.2,1600,2760,109760
FINNIFTY02JAN2420250PE.NFO,02/01/2024,14:14:20,0.2,0.15,4360,0.2,1600,0,109760
FINNIFTY02JAN2420250PE.NFO,02/01/2024,14:14:50,0.2,0.15,5560,0.2,1600,0,109760
FINNIFTY02JAN2420250PE.NFO,02/01/2024,14:14:59,0.2,0.15,5560,0.2,2480,2480,109760
FINNIFTY02JAN2420250PE.NFO,02/01/2024,14:17:01,0.2,0.15,5560,0.2,4520,0,109760
FINNIFTY02JAN2420250PE.NFO,02/01/2024,14:17:10,0.2,0.15,5640,0.2,4520,0,109760
FINNIFTY02JAN2420250PE.NFO,02/01/2024,14:17:37,0.15,0.15,4920,0.2,4520,720,107560
FINNIFTY02JAN2420250PE.NFO,02/01/2024,14:17:47,0.2,0.15,5000,0.2,4320,200,107560
FINNIFTY02JAN2420250PE.NFO,02/01/2024,14:17:57,0.15,0.15,4480,0.2,5280,640,107560
FINNIFTY02JAN2420250PE.NFO,02/01/2024,14:18:07,0.15,0.15,4280,0.2,5440,200,107560
FINNIFTY02JAN2420250PE.NFO,02/01/2024,14:18:16,0.2,0.15,4080,0.2,3920,1720,107040
FINNIFTY02JAN2420250PE.NFO,02/01/2024,14:18:25,0.15,0.15,3880,0.2,4000,200,107040
FINNIFTY02JAN2420250PE.NFO,02/01/2024,14:18:45,0.15,0.15,3680,0.2,4000,200,107040
FINNIFTY02JAN2420250PE.NFO,02/01/2024,14:19:27,0.15,0.15,3400,0.2,5400,280,107040
FINNIFTY02JAN2420250PE.NFO,02/01/2024,14:19:38,0.15,0.15,2520,0.2,5400,1600,107040
FINNIFTY02JAN2420250PE.NFO,02/01/2024,14:19:48,0.15,0.15,1360,0.2,6000,1160,107040
FINNIFTY02JAN2420250PE.NFO,02/01/2024,14:19:57,0.15,0.1,40280,0.2,4560,1640,107040
FINNIFTY02JAN2420250PE.NFO,02/01/2024,14:20:07,0.1,0.1,41920,0.15,2160,240,107040
FINNIFTY02JAN2420250PE.NFO,02/01/2024,14:20:17,0.1,0.1,41800,0.15,2160,120,107040
FINNIFTY02JAN2420250PE.NFO,02/01/2024,14:20:26,0.1,0.1,41800,0.15,4720,0,107040
FINNIFTY02JAN2420250PE.NFO,02/01/2024,14:20:36,0.1,0.1,41680,0.15,4720,120,107040
FINNIFTY02JAN2420250PE.NFO,02/01/2024,14:20:45,0.1,0.1,34400,0.15,3160,80,107040
FINNIFTY02JAN2420250PE.NFO,02/01/2024,14:20:54,0.1,0.1,34280,0.15,6040,120,107040
FINNIFTY02JAN2420250PE.NFO,02/01/2024,14:21:03,0.1,0.1,34240,0.15,6040,40,107040
FINNIFTY02JAN2420250PE.NFO,02/01/2024,14:21:13,0.1,0.1,34120,0.15,6040,120,107040
FINNIFTY02JAN2420250PE.NFO,02/01/2024,14:21:22,0.1,0.1,34040,0.15,6040,80,107480
FINNIFTY02JAN2420250PE.NFO,02/01/2024,14:21:31,0.1,0.1,33920,0.15,6040,80,107480
FINNIFTY02JAN2420250PE.NFO,02/01/2024,14:21:40,0.15,0.1,33880,0.15,5640,440,107480
FINNIFTY02JAN2420250PE.NFO,02/01/2024,14:21:49,0.1,0.1,33720,0.15,6600,160,107480
FINNIFTY02JAN2420250PE.NFO,02/01/2024,14:21:59,0.1,0.1,33680,0.15,6600,40,107480
FINNIFTY02JAN2420250PE.NFO,02/01/2024,14:22:17,0.1,0.1,27720,0.15,6600,0,107480
FINNIFTY02JAN2420250PE.NFO,02/01/2024,14:22:26,0.1,0.1,27440,0.15,6600,280,107480
FINNIFTY02JAN2420250PE.NFO,02/01/2024,14:22:36,0.1,0.1,27440,0.15,6600,0,107480
FINNIFTY02JAN2420250PE.NFO,02/01/2024,14:22:45,0.15,0.1,27920,0.15,6200,400,107480
FINNIFTY02JAN2420250PE.NFO,02/01/2024,14:22:55,0.15,0.1,24720,0.15,5600,600,107480
FINNIFTY02JAN2420250PE.NFO,02/01/2024,14:23:13,0.1,0.1,23200,0.15,6600,1520,107480
FINNIFTY02JAN2420250PE.NFO,02/01/2024,14:23:32,0.1,0.1,23400,0.15,5600,0,107480
FINNIFTY02JAN2420250PE.NFO,02/01/2024,14:23:41,0.1,0.1,23400,0.15,10760,0,107480
FINNIFTY02JAN2420250PE.NFO,02/01/2024,14:23:50,0.1,0.1,23400,0.15,7400,0,107480
FINNIFTY02JAN2420250PE.NFO,02/01/2024,14:25:10,0.1,0.1,23400,0.15,5600,0,107480
FINNIFTY02JAN2420250PE.NFO,02/01/2024,14:25:46,0.15,0.1,23400,0.15,5280,960,107280
FINNIFTY02JAN2420250PE.NFO,02/01/2024,14:26:05,0.15,0.1,10800,0.15,5280,0,107280
FINNIFTY02JAN2420250PE.NFO,02/01/2024,14:26:22,0.15,0.1,10800,0.15,5200,80,107280
FINNIFTY02JAN2420250PE.NFO,02/01/2024,14:26:50,0.15,0.1,9000,0.15,3600,40,107280
FINNIFTY02JAN2420250PE.NFO,02/01/2024,14:28:10,0.15,0.1,9000,0.15,5320,0,107280
FINNIFTY02JAN2420250PE.NFO,02/01/2024,14:28:20,0.15,0.1,9000,0.15,5240,0,107280
FINNIFTY02JAN2420250PE.NFO,02/01/2024,14:28:55,0.15,0.1,9000,0.15,5480,80,108200
FINNIFTY02JAN2420250PE.NFO,02/01/2024,14:29:12,0.15,0.1,9000,0.15,5240,0,108200
FINNIFTY02JAN2420250PE.NFO,02/01/2024,14:29:21,0.15,0.1,9080,0.15,5240,0,108200
FINNIFTY02JAN2420250PE.NFO,02/01/2024,14:31:22,0.15,0.1,9080,0.15,3360,320,108280
FINNIFTY02JAN2420250PE.NFO,02/01/2024,14:31:40,0.1,0.1,8360,0.15,6720,720,108280
FINNIFTY02JAN2420250PE.NFO,02/01/2024,14:31:49,0.1,0.1,7640,0.15,3360,720,108280
FINNIFTY02JAN2420250PE.NFO,02/01/2024,14:31:58,0.15,0.1,5640,0.15,5160,600,108280
FINNIFTY02JAN2420250PE.NFO,02/01/2024,14:32:07,0.15,0.1,5640,0.15,7200,600,108280
FINNIFTY02JAN2420250PE.NFO,02/01/2024,14:32:16,0.15,0.1,5640,0.15,6600,600,108280
FINNIFTY02JAN2420250PE.NFO,02/01/2024,14:32:26,0.15,0.1,5640,0.15,5200,0,108280
FINNIFTY02JAN2420250PE.NFO,02/01/2024,14:32:35,0.15,0.1,5640,0.15,3600,40,108280
FINNIFTY02JAN2420250PE.NFO,02/01/2024,14:32:44,0.15,0.1,5640,0.15,5000,160,108280
FINNIFTY02JAN2420250PE.NFO,02/01/2024,14:32:53,0.15,0.1,5640,0.15,5000,120,108280
FINNIFTY02JAN2420250PE.NFO,02/01/2024,14:33:01,0.15,0.1,5640,0.15,3400,40,108280
FINNIFTY02JAN2420250PE.NFO,02/01/2024,14:33:11,0.15,0.1,5640,0.15,3320,80,108280
FINNIFTY02JAN2420250PE.NFO,02/01/2024,14:33:20,0.15,0.1,5640,0.15,6560,440,109400
FINNIFTY02JAN2420250PE.NFO,02/01/2024,14:33:30,0.15,0.1,5640,0.15,6640,120,109400
FINNIFTY02JAN2420250PE.NFO,02/01/2024,14:33:39,0.15,0.1,5640,0.15,6600,40,109400
FINNIFTY02JAN2420250PE.NFO,02/01/2024,14:33:49,0.15,0.1,5640,0.15,6400,640,109400
FINNIFTY02JAN2420250PE.NFO,02/01/2024,14:33:58,0.15,0.1,5640,0.15,5800,600,109400
FINNIFTY02JAN2420250PE.NFO,02/01/2024,14:34:07,0.15,0.1,5640,0.15,5760,40,109400
FINNIFTY02JAN2420250PE.NFO,02/01/2024,14:34:26,0.15,0.1,4880,0.15,4200,40,109400
FINNIFTY02JAN2420250PE.NFO,02/01/2024,14:34:43,0.15,0.1,4880,0.15,3680,520,109400
FINNIFTY02JAN2420250PE.NFO,02/01/2024,14:35:00,0.15,0.1,4880,0.15,3640,40,109400
FINNIFTY02JAN2420250PE.NFO,02/01/2024,14:35:09,0.15,0.1,4880,0.15,7560,40,109400
FINNIFTY02JAN2420250PE.NFO,02/01/2024,14:35:19,0.15,0.1,4480,0.15,7360,600,109400
FINNIFTY02JAN2420250PE.NFO,02/01/2024,14:35:29,0.15,0.1,5320,0.15,3320,80,109400
FINNIFTY02JAN2420250PE.NFO,02/01/2024,14:35:38,0.15,0.1,5320,0.15,2720,600,109400
FINNIFTY02JAN2420250PE.NFO,02/01/2024,14:35:47,0.15,0.1,5320,0.15,2680,40,109400
FINNIFTY02JAN2420250PE.NFO,02/01/2024,14:35:56,0.15,0.1,5320,0.15,2680,0,109400
FINNIFTY02JAN2420250PE.NFO,02/01/2024,14:36:05,0.15,0.1,5320,0.15,2560,120,109400
FINNIFTY02JAN2420250PE.NFO,02/01/2024,14:36:14,0.15,0.1,5320,0.15,3040,80,109400
FINNIFTY02JAN2420250PE.NFO,02/01/2024,14:36:23,0.15,0.1,5320,0.15,2960,80,112480
FINNIFTY02JAN2420250PE.NFO,02/01/2024,14:36:42,0.15,0.1,5320,0.15,2880,80,112480
FINNIFTY02JAN2420250PE.NFO,02/01/2024,14:36:50,0.15,0.1,5320,0.15,4400,40,112480
FINNIFTY02JAN2420250PE.NFO,02/01/2024,14:37:00,0.15,0.1,5560,0.15,2760,80,112480
FINNIFTY02JAN2420250PE.NFO,02/01/2024,14:37:17,0.15,0.1,5560,0.15,2680,80,112480
FINNIFTY02JAN2420250PE.NFO,02/01/2024,14:37:26,0.15,0.1,5560,0.15,4200,40,112480
FINNIFTY02JAN2420250PE.NFO,02/01/2024,14:38:09,0.1,0.1,5320,0.15,2640,240,112480
FINNIFTY02JAN2420250PE.NFO,02/01/2024,14:38:20,0.15,0.1,5320,0.15,1640,440,112480
FINNIFTY02JAN2420250PE.NFO,02/01/2024,14:38:33,0.15,0.1,4720,0.15,5360,800,112480
FINNIFTY02JAN2420250PE.NFO,02/01/2024,14:38:45,0.15,0.1,6160,0.15,1120,320,112480
FINNIFTY02JAN2420250PE.NFO,02/01/2024,14:38:55,0.15,0.1,9040,0.15,880,240,112480
FINNIFTY02JAN2420250PE.NFO,02/01/2024,14:39:05,0.15,0.1,9040,0.15,1280,240,112480
FINNIFTY02JAN2420250PE.NFO,02/01/2024,14:39:15,0.15,0.1,9040,0.15,1040,240,111480
FINNIFTY02JAN2420250PE.NFO,02/01/2024,14:39:25,0.15,0.1,9040,0.15,800,240,111480
FINNIFTY02JAN2420250PE.NFO,02/01/2024,14:39:34,0.15,0.1,8800,0.15,80,240,111480
FINNIFTY02JAN2420250PE.NFO,02/01/2024,14:39:44,0.15,0.1,19160,0.15,120,3960,111480
FINNIFTY02JAN2420250PE.NFO,02/01/2024,14:39:55,0.15,0.1,26080,0.15,3120,320,111480
FINNIFTY02JAN2420250PE.NFO,02/01/2024,14:40:06,0.15,0.1,26080,0.15,1720,280,111480
FINNIFTY02JAN2420250PE.NFO,02/01/2024,14:40:16,0.15,0.1,26120,0.15,1160,560,111480
FINNIFTY02JAN2420250PE.NFO,02/01/2024,14:40:25,0.15,0.1,26120,0.15,880,280,111480
FINNIFTY02JAN2420250PE.NFO,02/01/2024,14:40:36,0.15,0.1,26800,0.15,2000,2120,111480
FINNIFTY02JAN2420250PE.NFO,02/01/2024,14:40:48,0.15,0.1,27120,0.15,3760,1120,111480
FINNIFTY02JAN2420250PE.NFO,02/01/2024,14:40:59,0.15,0.1,26880,0.15,5000,1880,111480
FINNIFTY02JAN2420250PE.NFO,02/01/2024,14:41:09,0.15,0.1,27200,0.15,4920,200,111480
FINNIFTY02JAN2420250PE.NFO,02/01/2024,14:41:19,0.15,0.1,26960,0.15,6960,0,111480
FINNIFTY02JAN2420250PE.NFO,02/01/2024,14:41:29,0.15,0.1,24240,0.15,7000,0,111480
FINNIFTY02JAN2420250PE.NFO,02/01/2024,14:41:39,0.15,0.1,27400,0.15,3640,0,111480
FINNIFTY02JAN2420250PE.NFO,02/01/2024,14:42:08,0.15,0.1,24240,0.15,4920,0,111480
FINNIFTY02JAN2420250PE.NFO,02/01/2024,14:42:17,0.15,0.1,11640,0.15,7040,0,111480
FINNIFTY02JAN2420250PE.NFO,02/01/2024,14:42:35,0.15,0.1,10480,0.15,7040,0,111480
FINNIFTY02JAN2420250PE.NFO,02/01/2024,14:42:45,0.15,0.1,7360,0.15,6720,0,111480
FINNIFTY02JAN2420250PE.NFO,02/01/2024,14:42:54,0.15,0.1,7360,0.15,4920,0,111480
FINNIFTY02JAN2420250PE.NFO,02/01/2024,14:43:04,0.15,0.1,9840,0.15,2840,0,111480
FINNIFTY02JAN2420250PE.NFO,02/01/2024,14:43:32,0.15,0.1,9920,0.15,4880,0,111480
FINNIFTY02JAN2420250PE.NFO,02/01/2024,14:43:42,0.15,0.1,11280,0.15,5640,280,111600
FINNIFTY02JAN2420250PE.NFO,02/01/2024,14:44:09,0.15,0.1,11440,0.15,5640,0,111600
FINNIFTY02JAN2420250PE.NFO,02/01/2024,14:44:19,0.15,0.1,11320,0.15,3840,0,111600
FINNIFTY02JAN2420250PE.NFO,02/01/2024,14:44:29,0.15,0.1,11320,0.15,3440,400,111600
FINNIFTY02JAN2420250PE.NFO,02/01/2024,14:44:40,0.15,0.1,13680,0.15,3840,400,111600
FINNIFTY02JAN2420250PE.NFO,02/01/2024,14:44:50,0.15,0.1,15480,0.15,3560,280,111600
FINNIFTY02JAN2420250PE.NFO,02/01/2024,14:45:00,0.15,0.1,13400,0.15,2920,0,111600
FINNIFTY02JAN2420250PE.NFO,02/01/2024,14:45:10,0.15,0.1,11480,0.15,1680,0,111600
FINNIFTY02JAN2420250PE.NFO,02/01/2024,14:45:19,0.1,0.1,13680,0.15,3760,560,112760
FINNIFTY02JAN2420250PE.NFO,02/01/2024,14:45:29,0.1,0.1,12760,0.15,3760,0,112760
FINNIFTY02JAN2420250PE.NFO,02/01/2024,14:45:38,0.1,0.1,14640,0.15,3760,0,112760
FINNIFTY02JAN2420250PE.NFO,02/01/2024,14:45:48,0.1,0.1,13840,0.15,3760,800,112760
FINNIFTY02JAN2420250PE.NFO,02/01/2024,14:45:57,0.1,0.1,13760,0.15,5680,80,112760
FINNIFTY02JAN2420250PE.NFO,02/01/2024,14:46:07,0.1,0.1,13480,0.15,9320,400,112760
FINNIFTY02JAN2420250PE.NFO,02/01/2024,14:46:16,0.1,0.1,12600,0.15,6640,1000,112760
FINNIFTY02JAN2420250PE.NFO,02/01/2024,14:46:25,0.1,0.1,12240,0.15,11560,360,112760
FINNIFTY02JAN2420250PE.NFO,02/01/2024,14:46:35,0.1,0.1,8240,0.15,11360,240,112760
FINNIFTY02JAN2420250PE.NFO,02/01/2024,14:46:45,0.1,0.1,7520,0.15,9720,600,112760
FINNIFTY02JAN2420250PE.NFO,02/01/2024,14:46:54,0.1,0.1,7280,0.15,12440,200,112760
FINNIFTY02JAN2420250PE.NFO,02/01/2024,14:47:03,0.1,0.1,7040,0.15,12440,200,112760
FINNIFTY02JAN2420250PE.NFO,02/01/2024,14:47:13,0.1,0.1,6880,0.15,11200,160,112760
FINNIFTY02JAN2420250PE.NFO,02/01/2024,14:47:22,0.1,0.1,6880,0.15,11000,0,112760
FINNIFTY02JAN2420250PE.NFO,02/01/2024,14:48:17,0.15,0.1,6880,0.15,10920,80,112880
FINNIFTY02JAN2420250PE.NFO,02/01/2024,14:48:27,0.15,0.1,6880,0.15,12480,240,112880
FINNIFTY02JAN2420250PE.NFO,02/01/2024,14:48:36,0.15,0.1,6920,0.15,10400,280,112880
FINNIFTY02JAN2420250PE.NFO,02/01/2024,14:48:46,0.15,0.1,6920,0.15,10160,240,112880
FINNIFTY02JAN2420250PE.NFO,02/01/2024,14:48:55,0.15,0.1,6920,0.15,10080,80,112880
FINNIFTY02JAN2420250PE.NFO,02/01/2024,14:50:09,0.15,0.1,6880,0.15,10080,0,112880
FINNIFTY02JAN2420250PE.NFO,02/01/2024,14:51:06,0.15,0.1,4680,0.15,9640,0,112880
FINNIFTY02JAN2420250PE.NFO,02/01/2024,14:51:15,0.15,0.1,3800,0.15,11440,0,112880
FINNIFTY02JAN2420250PE.NFO,02/01/2024,14:51:25,0.1,0.1,2520,0.15,5560,3120,112880
FINNIFTY02JAN2420250PE.NFO,02/01/2024,14:51:34,0.1,0.1,2480,0.15,7360,0,112880
FINNIFTY02JAN2420250PE.NFO,02/01/2024,14:51:43,0.1,0.1,2480,0.15,5560,0,112880
FINNIFTY02JAN2420250PE.NFO,02/01/2024,14:51:52,0.1,0.1,2440,0.15,5560,40,112880
FINNIFTY02JAN2420250PE.NFO,02/01/2024,14:52:03,0.1,0.1,2240,0.15,5560,200,112880
FINNIFTY02JAN2420250PE.NFO,02/01/2024,14:52:13,0.1,0.1,2160,0.15,7360,240,112880
FINNIFTY02JAN2420250PE.NFO,02/01/2024,14:52:23,0.1,0.1,2000,0.15,5560,280,112880
FINNIFTY02JAN2420250PE.NFO,02/01/2024,14:52:32,0.1,0.1,1640,0.15,7360,320,112880
FINNIFTY02JAN2420250PE.NFO,02/01/2024,14:52:42,0.1,0.1,1360,0.15,6560,280,112880
FINNIFTY02JAN2420250PE.NFO,02/01/2024,14:52:52,0.1,0.1,1400,0.15,6640,280,112880
FINNIFTY02JAN2420250PE.NFO,02/01/2024,14:53:01,0.1,0.1,1400,0.15,6640,200,112880
FINNIFTY02JAN2420250PE.NFO,02/01/2024,14:53:10,0.1,0.1,1200,0.15,6640,240,112880
FINNIFTY02JAN2420250PE.NFO,02/01/2024,14:53:20,0.1,0.1,200,0.15,7920,5200,112880
FINNIFTY02JAN2420250PE.NFO,02/01/2024,14:53:29,0.1,0.05,50680,0.15,9880,680,112880
FINNIFTY02JAN2420250PE.NFO,02/01/2024,14:53:29,0.05,0.05,50680,0.15,9880,0,112880
FINNIFTY02JAN2420250PE.NFO,02/01/2024,14:53:39,0.1,0.1,40,0.15,7680,480,112880
FINNIFTY02JAN2420250PE.NFO,02/01/2024,14:53:48,0.1,0.1,200,0.15,7680,240,112880
FINNIFTY02JAN2420250PE.NFO,02/01/2024,14:53:58,0.1,0.05,52760,0.1,2240,2320,112880
FINNIFTY02JAN2420250PE.NFO,02/01/2024,14:54:07,0.1,0.05,53080,0.1,1560,800,112880
FINNIFTY02JAN2420250PE.NFO,02/01/2024,14:54:16,0.1,0.05,52880,0.1,1360,400,105960
FINNIFTY02JAN2420250PE.NFO,02/01/2024,14:54:26,0.1,0.05,53080,0.1,160,1080,105960
FINNIFTY02JAN2420250PE.NFO,02/01/2024,14:54:37,0.1,0.1,40,0.15,11840,80,105960
FINNIFTY02JAN2420250PE.NFO,02/01/2024,14:54:47,0.05,0.05,51560,0.15,13360,120,105960
FINNIFTY02JAN2420250PE.NFO,02/01/2024,14:54:58,0.1,0.1,5800,0.15,9240,2200,105960
FINNIFTY02JAN2420250PE.NFO,02/01/2024,14:55:07,0.1,0.1,4520,0.15,11480,4280,105960
FINNIFTY02JAN2420250PE.NFO,02/01/2024,14:55:17,0.1,0.1,5880,0.15,13280,280,105960
FINNIFTY02JAN2420250PE.NFO,02/01/2024,14:55:27,0.1,0.1,4360,0.15,11480,1520,105960
FINNIFTY02JAN2420250PE.NFO,02/01/2024,14:55:36,0.05,0.05,54080,0.1,4560,5720,105960
FINNIFTY02JAN2420250PE.NFO,02/01/2024,14:55:46,0.05,0.05,55080,0.1,5000,240,105960
FINNIFTY02JAN2420250PE.NFO,02/01/2024,14:55:55,0.05,0.05,55440,0.1,5000,0,105960
FINNIFTY02JAN2420250PE.NFO,02/01/2024,14:56:05,0.05,0.05,55440,0.1,8760,0,105960
FINNIFTY02JAN2420250PE.NFO,02/01/2024,14:56:15,0.1,0.05,55680,0.1,8240,1120,105960
FINNIFTY02JAN2420250PE.NFO,02/01/2024,14:56:34,0.1,0.05,55680,0.1,8240,0,105960
FINNIFTY02JAN2420250PE.NFO,02/01/2024,14:57:02,0.1,0.05,55960,0.1,8240,0,105960
FINNIFTY02JAN2420250PE.NFO,02/01/2024,14:57:22,0.1,0.05,56040,0.1,8240,0,105960
FINNIFTY02JAN2420250PE.NFO,02/01/2024,14:57:32,0.05,0.05,31080,0.1,7880,360,96280
FINNIFTY02JAN2420250PE.NFO,02/01/2024,14:57:42,0.05,0.05,30960,0.1,7880,0,96280
FINNIFTY02JAN2420250PE.NFO,02/01/2024,14:58:47,0.1,0.05,30960,0.1,7800,80,96280
FINNIFTY02JAN2420250PE.NFO,02/01/2024,14:58:56,0.1,0.05,30960,0.1,8200,0,96280
FINNIFTY02JAN2420250PE.NFO,02/01/2024,14:59:06,0.1,0.05,30960,0.1,10000,0,96280
FINNIFTY02JAN2420250PE.NFO,02/01/2024,14:59:35,0.1,0.05,29520,0.1,8760,1240,96280
FINNIFTY02JAN2420250PE.NFO,02/01/2024,14:59:46,0.1,0.05,29520,0.1,8760,0,96280
FINNIFTY02JAN2420250PE.NFO,02/01/2024,15:00:06,0.1,0.05,29520,0.1,8280,480,96280
FINNIFTY02JAN2420250PE.NFO,02/01/2024,15:01:17,0.1,0.05,25920,0.1,10280,0,96280
FINNIFTY02JAN2420250PE.NFO,02/01/2024,15:01:27,0.1,0.05,25520,0.1,10280,0,96280
FINNIFTY02JAN2420250PE.NFO,02/01/2024,15:02:05,0.05,0.05,25040,0.1,10280,480,96000
FINNIFTY02JAN2420250PE.NFO,02/01/2024,15:02:15,0.05,0.05,23600,0.1,10280,1440,96000
FINNIFTY02JAN2420250PE.NFO,02/01/2024,15:02:25,0.05,0.05,23320,0.1,10280,280,96000
FINNIFTY02JAN2420250PE.NFO,02/01/2024,15:02:35,0.05,0.05,21320,0.1,10280,2000,96000
FINNIFTY02JAN2420250PE.NFO,02/01/2024,15:02:44,0.05,0.05,17720,0.1,10280,3600,96000
FINNIFTY02JAN2420250PE.NFO,02/01/2024,15:02:54,0.05,0.05,17080,0.1,10280,640,96000
FINNIFTY02JAN2420250PE.NFO,02/01/2024,15:03:23,0.05,0.05,16240,0.1,10280,840,96000
FINNIFTY02JAN2420250PE.NFO,02/01/2024,15:03:41,0.05,0.05,16240,0.1,6680,0,96000
FINNIFTY02JAN2420250PE.NFO,02/01/2024,15:04:00,0.05,0.05,15760,0.1,6680,480,92320
FINNIFTY02JAN2420250PE.NFO,02/01/2024,15:04:20,0.05,0.05,15760,0.1,6680,0,92320
FINNIFTY02JAN2420250PE.NFO,02/01/2024,15:05:20,0.1,0.05,15760,0.1,6560,120,92320
FINNIFTY02JAN2420250PE.NFO,02/01/2024,15:05:30,0.05,0.05,14560,0.1,6800,1200,92320
FINNIFTY02JAN2420250PE.NFO,02/01/2024,15:05:40,0.05,0.05,14560,0.1,6880,0,92320
FINNIFTY02JAN2420250PE.NFO,02/01/2024,15:05:49,0.05,0.05,14560,0.1,6960,0,92320
FINNIFTY02JAN2420250PE.NFO,02/01/2024,15:06:20,0.05,0.05,12760,0.1,6960,0,92320
FINNIFTY02JAN2420250PE.NFO,02/01/2024,15:06:32,0.05,0.05,10840,0.1,6960,120,90640
FINNIFTY02JAN2420250PE.NFO,02/01/2024,15:07:02,0.05,0.05,10840,0.1,6960,0,90640
FINNIFTY02JAN2420250PE.NFO,02/01/2024,15:07:11,0.05,0.05,9840,0.1,6960,1000,90640
FINNIFTY02JAN2420250PE.NFO,02/01/2024,15:07:22,0.05,0.05,8840,0.1,6960,1000,90640
FINNIFTY02JAN2420250PE.NFO,02/01/2024,15:07:34,0.05,0.05,3440,0.1,6560,5400,90640
FINNIFTY02JAN2420250PE.NFO,02/01/2024,15:07:46,0.05,0.05,3560,0.1,6200,1880,90640
FINNIFTY02JAN2420250PE.NFO,02/01/2024,15:07:58,0.05,0.05,1760,0.1,6200,1800,90640
FINNIFTY02JAN2420250PE.NFO,02/01/2024,15:08:11,0.1,0.05,1760,0.1,6040,160,90640
FINNIFTY02JAN2420250PE.NFO,02/01/2024,15:08:35,0.1,0.05,1760,0.1,6040,0,90640
FINNIFTY02JAN2420250PE.NFO,02/01/2024,15:08:47,0.1,0.05,1760,0.1,6080,0,90640
FINNIFTY02JAN2420250PE.NFO,02/01/2024,15:08:58,0.1,0.05,1760,0.1,6000,0,90640
FINNIFTY02JAN2420250PE.NFO,02/01/2024,15:09:08,0.1,0.05,1760,0.1,6080,0,90640
FINNIFTY02JAN2420250PE.NFO,02/01/2024,15:09:59,0.1,0.05,1760,0.1,6880,0,90640
FINNIFTY02JAN2420250PE.NFO,02/01/2024,15:10:12,0.1,0.05,1760,0.1,6840,40,86080
FINNIFTY02JAN2420250PE.NFO,02/01/2024,15:10:34,0.1,0.05,1760,0.1,6840,0,86080
FINNIFTY02JAN2420250PE.NFO,02/01/2024,15:10:58,0.1,0.05,1760,0.1,7240,0,86080
FINNIFTY02JAN2420250PE.NFO,02/01/2024,15:12:09,0.1,0.05,1760,0.1,5440,0,86080
FINNIFTY02JAN2420250PE.NFO,02/01/2024,15:12:50,0.1,0.05,1760,0.1,5400,40,86120
FINNIFTY02JAN2420250PE.NFO,02/01/2024,15:13:11,0.1,0.05,1760,0.1,5400,0,86120
FINNIFTY02JAN2420250PE.NFO,02/01/2024,15:15:15,0.05,0,0,0.1,5440,1320,86120
FINNIFTY02JAN2420250PE.NFO,02/01/2024,15:15:37,0.05,0,0,0.1,5440,0,86120
FINNIFTY02JAN2420250PE.NFO,02/01/2024,15:16:17,0.05,0,0,0.1,5040,0,86120
FINNIFTY02JAN2420250PE.NFO,02/01/2024,15:22:48,0.05,0,0,0.1,4960,40,86200
FINNIFTY02JAN2420250PE.NFO,02/01/2024,15:22:58,0.05,0,0,0.1,4960,120,86200
FINNIFTY02JAN2420250PE.NFO,02/01/2024,15:23:27,0.05,0,0,0.1,4160,0,86200
FINNIFTY02JAN2420250PE.NFO,02/01/2024,15:26:53,0.05,0,0,0.1,4600,0,86200
FINNIFTY02JAN2420250PE.NFO,02/01/2024,15:27:22,0.1,0,0,0.1,3840,1000,86200
FINNIFTY02JAN2420250PE.NFO,02/01/2024,15:27:31,0.1,0,0,0.1,4080,0,86200
FINNIFTY02JAN2420250PE.NFO,02/01/2024,15:27:51,0.1,0,0,0.1,6760,0,86200
FINNIFTY02JAN2420250PE.NFO,02/01/2024,15:28:21,0.1,0,0,0.1,20600,0,86200
FINNIFTY02JAN2420250PE.NFO,02/01/2024,15:28:31,0.1,0,0,0.1,3800,0,86200
FINNIFTY02JAN2420250PE.NFO,02/01/2024,15:28:42,0.1,0,0,0.05,40,0,86200
FINNIFTY02JAN2420250PE.NFO,02/01/2024,15:29:13,0.1,0,0,0.05,1840,0,86200
FINNIFTY02JAN2420250PE.NFO,02/01/2024,15:29:23,0.1,0,0,0.05,2280,0,86200
FINNIFTY02JAN2420250PE.NFO,02/01/2024,15:29:45,0.1,0,0,0.05,120,0,86200
FINNIFTY02JAN2420250PE.NFO,02/01/2024,15:30:00,0.1,0,0,0.05,40,0,86200
