Ticker,Date,Time,LTP,BuyPrice,BuyQty,SellPrice,SellQty,LTQ,OpenInterest
FINNIFTY02JAN2420750CE.NFO,02/01/2024,15:02:24,609.2,606.55,160,609.45,80,360,480
FINNIFTY02JAN2420750CE.NFO,02/01/2024,15:02:24,608.3,606.55,160,609.45,80,0,480
FINNIFTY02JAN2420750CE.NFO,02/01/2024,15:02:24,609.2,606.55,160,609.45,80,0,480
FINNIFTY02JAN2420750CE.NFO,02/01/2024,15:02:24,608.3,606.55,160,609.45,80,0,480
FINNIFTY02JAN2420750CE.NFO,02/01/2024,15:02:32,608.3,606.4,80,608.7,80,0,480
FINNIFTY02JAN2420750CE.NFO,02/01/2024,15:02:39,608.3,606.75,80,608.6,40,0,480
FINNIFTY02JAN2420750CE.NFO,02/01/2024,15:02:47,608.3,607.2,160,609.55,200,0,480
FINNIFTY02JAN2420750CE.NFO,02/01/2024,15:02:54,608.3,602.9,360,610.95,80,0,480
FINNIFTY02JAN2420750CE.NFO,02/01/2024,15:03:01,608.3,607.2,80,609.15,200,0,480
FINNIFTY02JAN2420750CE.NFO,02/01/2024,15:03:08,608.3,607.9,80,610,200,0,480
FINNIFTY02JAN2420750CE.NFO,02/01/2024,15:03:15,608.3,608.05,80,610.4,200,0,480
FINNIFTY02JAN2420750CE.NFO,02/01/2024,15:03:22,608.3,607.1,80,609.1,200,0,480
FINNIFTY02JAN2420750CE.NFO,02/01/2024,15:03:29,608.3,605.6,80,607.9,200,0,480
FINNIFTY02JAN2420750CE.NFO,02/01/2024,15:03:30,608.3,606.2,80,608.55,200,0,480
FINNIFTY02JAN2420750CE.NFO,02/01/2024,15:03:32,608.3,606.5,80,608.5,200,0,480
FINNIFTY02JAN2420750CE.NFO,02/01/2024,15:03:34,608.3,607.7,80,609.65,200,0,480
FINNIFTY02JAN2420750CE.NFO,02/01/2024,15:03:35,608.3,606.75,80,609.1,200,0,480
FINNIFTY02JAN2420750CE.NFO,02/01/2024,15:03:37,608.3,607.3,80,609.4,200,0,480
FINNIFTY02JAN2420750CE.NFO,02/01/2024,15:03:39,608.3,607.75,80,609.7,200,0,480
FINNIFTY02JAN2420750CE.NFO,02/01/2024,15:03:40,608.3,607.55,80,609.75,280,0,480
FINNIFTY02JAN2420750CE.NFO,02/01/2024,15:03:42,608.3,607.95,80,610.25,280,0,480
FINNIFTY02JAN2420750CE.NFO,02/01/2024,15:03:44,608.3,608.35,80,610.6,280,0,480
FINNIFTY02JAN2420750CE.NFO,02/01/2024,15:03:45,608.3,608.3,560,610.6,200,0,480
FINNIFTY02JAN2420750CE.NFO,02/01/2024,15:03:47,608.3,607.65,160,610,280,0,480
FINNIFTY02JAN2420750CE.NFO,02/01/2024,15:03:49,608.3,607.8,160,609.85,200,0,480
FINNIFTY02JAN2420750CE.NFO,02/01/2024,15:03:50,608.3,608.05,160,610.6,160,0,480
FINNIFTY02JAN2420750CE.NFO,02/01/2024,15:03:52,608.3,608.75,80,611,200,0,480
FINNIFTY02JAN2420750CE.NFO,02/01/2024,15:03:54,608.3,609.1,80,611.2,240,0,480
FINNIFTY02JAN2420750CE.NFO,02/01/2024,15:03:55,608.3,608.4,80,611,80,0,480
FINNIFTY02JAN2420750CE.NFO,02/01/2024,15:03:57,608.3,609,80,611.55,200,0,480
FINNIFTY02JAN2420750CE.NFO,02/01/2024,15:03:59,608.3,609.45,200,611.9,160,0,480
FINNIFTY02JAN2420750CE.NFO,02/01/2024,15:04:00,608.3,609.8,80,612.05,200,0,480
FINNIFTY02JAN2420750CE.NFO,02/01/2024,15:04:02,608.3,611.2,80,616.5,80,0,480
FINNIFTY02JAN2420750CE.NFO,02/01/2024,15:04:04,608.3,611.4,80,614.1,160,0,480
FINNIFTY02JAN2420750CE.NFO,02/01/2024,15:04:05,608.3,612.2,80,614.7,80,0,480
FINNIFTY02JAN2420750CE.NFO,02/01/2024,15:04:07,608.3,611.45,160,614.15,720,0,480
FINNIFTY02JAN2420750CE.NFO,02/01/2024,15:04:09,608.3,611.75,80,614.1,160,0,480
FINNIFTY02JAN2420750CE.NFO,02/01/2024,15:04:10,608.3,611.7,120,615.2,80,0,480
FINNIFTY02JAN2420750CE.NFO,02/01/2024,15:04:12,608.3,612.2,80,614.95,80,0,480
FINNIFTY02JAN2420750CE.NFO,02/01/2024,15:04:14,608.3,552.6,80,614.15,160,0,480
FINNIFTY02JAN2420750CE.NFO,02/01/2024,15:04:15,608.3,559.15,80,613.8,120,0,480
FINNIFTY02JAN2420750CE.NFO,02/01/2024,15:04:17,608.3,564.5,40,612.35,160,0,480
FINNIFTY02JAN2420750CE.NFO,02/01/2024,15:04:19,608.3,603.25,120,612.1,200,0,480
FINNIFTY02JAN2420750CE.NFO,02/01/2024,15:04:20,608.3,610.3,80,612.85,80,0,480
FINNIFTY02JAN2420750CE.NFO,02/01/2024,15:04:22,608.3,610.95,80,612.9,200,0,480
FINNIFTY02JAN2420750CE.NFO,02/01/2024,15:04:24,608.3,609.85,160,612.05,160,0,480
FINNIFTY02JAN2420750CE.NFO,02/01/2024,15:04:25,608.3,609.3,80,611.45,200,0,480
FINNIFTY02JAN2420750CE.NFO,02/01/2024,15:04:27,608.3,609.5,80,611.95,560,0,480
FINNIFTY02JAN2420750CE.NFO,02/01/2024,15:04:29,608.3,608.95,440,611.7,200,0,480
FINNIFTY02JAN2420750CE.NFO,02/01/2024,15:04:30,608.3,609.65,80,611.65,40,0,480
FINNIFTY02JAN2420750CE.NFO,02/01/2024,15:04:32,608.3,609.95,160,611.65,40,0,480
FINNIFTY02JAN2420750CE.NFO,02/01/2024,15:04:33,608.3,609.65,80,611.65,40,0,480
FINNIFTY02JAN2420750CE.NFO,02/01/2024,15:04:35,608.3,608.3,160,610.8,560,0,480
FINNIFTY02JAN2420750CE.NFO,02/01/2024,15:04:37,608.3,608.1,160,610.5,400,0,480
FINNIFTY02JAN2420750CE.NFO,02/01/2024,15:04:38,608.3,601.65,160,610,200,0,480
FINNIFTY02JAN2420750CE.NFO,02/01/2024,15:04:40,608.3,607.6,160,610.3,160,0,480
FINNIFTY02JAN2420750CE.NFO,02/01/2024,15:04:42,608.3,608.6,160,610.9,40,0,480
FINNIFTY02JAN2420750CE.NFO,02/01/2024,15:04:43,608.3,609.15,80,611.55,160,0,480
FINNIFTY02JAN2420750CE.NFO,02/01/2024,15:04:45,608.3,608.9,80,611.3,400,0,480
FINNIFTY02JAN2420750CE.NFO,02/01/2024,15:04:47,608.3,608.25,40,610.85,120,0,480
FINNIFTY02JAN2420750CE.NFO,02/01/2024,15:04:48,608.3,608.95,80,610.85,40,0,480
FINNIFTY02JAN2420750CE.NFO,02/01/2024,15:04:50,608.3,609.65,80,611.65,40,0,480
FINNIFTY02JAN2420750CE.NFO,02/01/2024,15:04:52,608.3,611.15,80,613.3,40,0,480
FINNIFTY02JAN2420750CE.NFO,02/01/2024,15:04:53,608.3,611,80,613.45,120,0,480
FINNIFTY02JAN2420750CE.NFO,02/01/2024,15:04:55,608.3,610.65,200,612.9,40,0,480
FINNIFTY02JAN2420750CE.NFO,02/01/2024,15:04:57,608.3,611.5,40,613.35,40,0,480
FINNIFTY02JAN2420750CE.NFO,02/01/2024,15:04:59,608.3,612.55,40,614.9,40,0,480
FINNIFTY02JAN2420750CE.NFO,02/01/2024,15:05:00,608.3,612.45,80,614.75,40,0,480
FINNIFTY02JAN2420750CE.NFO,02/01/2024,15:05:02,608.3,613.4,280,617.35,200,0,480
FINNIFTY02JAN2420750CE.NFO,02/01/2024,15:05:04,608.3,612.95,160,615.55,920,0,480
FINNIFTY02JAN2420750CE.NFO,02/01/2024,15:05:05,608.3,606.9,80,614.25,80,0,480
FINNIFTY02JAN2420750CE.NFO,02/01/2024,15:05:07,608.3,611.75,200,613.95,40,0,480
FINNIFTY02JAN2420750CE.NFO,02/01/2024,15:05:09,608.3,611.7,80,614.9,240,0,480
FINNIFTY02JAN2420750CE.NFO,02/01/2024,15:05:10,608.3,612.4,80,614.6,120,0,480
FINNIFTY02JAN2420750CE.NFO,02/01/2024,15:05:12,608.3,612.6,160,614.9,360,0,480
FINNIFTY02JAN2420750CE.NFO,02/01/2024,15:05:14,608.3,612.55,160,614.7,80,0,480
FINNIFTY02JAN2420750CE.NFO,02/01/2024,15:05:15,608.3,612.05,80,614,120,0,480
FINNIFTY02JAN2420750CE.NFO,02/01/2024,15:05:17,608.3,611.55,80,613.45,40,0,480
FINNIFTY02JAN2420750CE.NFO,02/01/2024,15:05:19,608.3,611.45,80,613.25,120,0,480
FINNIFTY02JAN2420750CE.NFO,02/01/2024,15:05:20,608.3,553.5,80,613.05,160,0,480
FINNIFTY02JAN2420750CE.NFO,02/01/2024,15:05:22,608.3,562.45,80,612.75,80,0,480
FINNIFTY02JAN2420750CE.NFO,02/01/2024,15:05:24,608.3,573.2,360,613.5,80,0,480
FINNIFTY02JAN2420750CE.NFO,02/01/2024,15:05:25,608.3,581.05,360,613.5,160,0,480
FINNIFTY02JAN2420750CE.NFO,02/01/2024,15:05:27,608.3,590.65,120,613.1,160,0,480
FINNIFTY02JAN2420750CE.NFO,02/01/2024,15:05:29,608.3,608.15,440,612.25,40,0,480
FINNIFTY02JAN2420750CE.NFO,02/01/2024,15:05:32,608.3,610.9,160,612.6,40,0,480
FINNIFTY02JAN2420750CE.NFO,02/01/2024,15:05:33,608.3,610.7,80,612.9,120,0,480
FINNIFTY02JAN2420750CE.NFO,02/01/2024,15:05:35,608.3,610.65,80,612.8,80,0,480
FINNIFTY02JAN2420750CE.NFO,02/01/2024,15:05:37,608.3,610.6,160,612.55,80,0,480
FINNIFTY02JAN2420750CE.NFO,02/01/2024,15:05:38,608.3,611,80,613.3,160,0,480
FINNIFTY02JAN2420750CE.NFO,02/01/2024,15:05:40,608.3,610.8,80,612.8,80,0,480
FINNIFTY02JAN2420750CE.NFO,02/01/2024,15:05:42,608.3,611.1,240,613.3,160,0,480
FINNIFTY02JAN2420750CE.NFO,02/01/2024,15:05:43,608.3,610.9,320,613.3,240,0,480
FINNIFTY02JAN2420750CE.NFO,02/01/2024,15:05:45,608.3,610.8,80,612.9,80,0,480
FINNIFTY02JAN2420750CE.NFO,02/01/2024,15:05:47,608.3,611.35,80,613.5,360,0,480
FINNIFTY02JAN2420750CE.NFO,02/01/2024,15:05:48,608.3,610.9,80,613.2,80,0,480
FINNIFTY02JAN2420750CE.NFO,02/01/2024,15:05:50,608.3,611.2,160,613.3,600,0,480
FINNIFTY02JAN2420750CE.NFO,02/01/2024,15:05:52,608.3,609.85,80,612.9,280,0,480
FINNIFTY02JAN2420750CE.NFO,02/01/2024,15:05:53,608.3,552.65,200,611.75,200,0,480
FINNIFTY02JAN2420750CE.NFO,02/01/2024,15:05:55,608.3,559.5,40,611.45,80,0,480
FINNIFTY02JAN2420750CE.NFO,02/01/2024,15:05:57,608.3,568.9,120,611.5,80,0,480
FINNIFTY02JAN2420750CE.NFO,02/01/2024,15:05:58,608.3,575.4,80,612.45,80,0,480
FINNIFTY02JAN2420750CE.NFO,02/01/2024,15:06:00,608.3,583.3,120,613.55,160,0,480
FINNIFTY02JAN2420750CE.NFO,02/01/2024,15:06:02,608.3,593.2,120,612.85,80,0,480
FINNIFTY02JAN2420750CE.NFO,02/01/2024,15:06:03,608.3,609.55,40,612.5,80,0,480
FINNIFTY02JAN2420750CE.NFO,02/01/2024,15:06:05,608.3,610.55,80,612.65,80,0,480
FINNIFTY02JAN2420750CE.NFO,02/01/2024,15:06:07,608.3,609.8,3200,612.85,640,0,480
FINNIFTY02JAN2420750CE.NFO,02/01/2024,15:06:08,608.3,610,80,612.35,120,0,480
FINNIFTY02JAN2420750CE.NFO,02/01/2024,15:06:10,608.3,609.1,40,611.6,160,0,480
FINNIFTY02JAN2420750CE.NFO,02/01/2024,15:06:12,608.3,609.8,40,612.15,360,0,480
FINNIFTY02JAN2420750CE.NFO,02/01/2024,15:06:13,608.3,609.65,80,611.85,200,0,480
FINNIFTY02JAN2420750CE.NFO,02/01/2024,15:06:15,608.3,608.85,80,610.1,120,0,480
FINNIFTY02JAN2420750CE.NFO,02/01/2024,15:06:17,608.3,608.2,160,610.45,120,0,480
FINNIFTY02JAN2420750CE.NFO,02/01/2024,15:06:18,608.3,607.85,80,610.15,360,0,480
FINNIFTY02JAN2420750CE.NFO,02/01/2024,15:06:20,608.3,607.05,280,608.15,120,0,480
FINNIFTY02JAN2420750CE.NFO,02/01/2024,15:06:22,607.85,607.15,80,609.3,160,360,840
FINNIFTY02JAN2420750CE.NFO,02/01/2024,15:06:22,607.85,607.15,80,609.3,160,0,840
FINNIFTY02JAN2420750CE.NFO,02/01/2024,15:06:23,607.85,606.75,80,608.4,80,0,840
FINNIFTY02JAN2420750CE.NFO,02/01/2024,15:06:25,607.85,607,80,608.8,120,0,840
FINNIFTY02JAN2420750CE.NFO,02/01/2024,15:06:26,607.85,607.3,40,609.65,160,0,840
FINNIFTY02JAN2420750CE.NFO,02/01/2024,15:06:28,607.85,607.05,160,608.85,80,0,840
FINNIFTY02JAN2420750CE.NFO,02/01/2024,15:06:30,607.85,603.65,80,608.05,600,0,840
FINNIFTY02JAN2420750CE.NFO,02/01/2024,15:06:32,607.85,604.55,200,607.7,280,0,840
FINNIFTY02JAN2420750CE.NFO,02/01/2024,15:06:33,607.85,604.1,80,606.55,40,0,840
FINNIFTY02JAN2420750CE.NFO,02/01/2024,15:06:35,607.85,604.15,160,606.65,240,0,840
FINNIFTY02JAN2420750CE.NFO,02/01/2024,15:06:37,607.85,604.95,120,607.8,680,0,840
FINNIFTY02JAN2420750CE.NFO,02/01/2024,15:06:38,607.85,605.1,40,607.65,160,0,840
FINNIFTY02JAN2420750CE.NFO,02/01/2024,15:06:40,607.85,604.55,80,607.1,80,0,840
FINNIFTY02JAN2420750CE.NFO,02/01/2024,15:06:42,607.85,605,80,607.2,80,0,840
FINNIFTY02JAN2420750CE.NFO,02/01/2024,15:06:43,607.85,605.65,160,609,2200,0,840
FINNIFTY02JAN2420750CE.NFO,02/01/2024,15:06:45,607.85,606,80,608.45,240,0,840
FINNIFTY02JAN2420750CE.NFO,02/01/2024,15:06:47,607.85,606.5,80,608.7,240,0,840
FINNIFTY02JAN2420750CE.NFO,02/01/2024,15:06:48,607.85,606.35,80,608.5,240,0,840
FINNIFTY02JAN2420750CE.NFO,02/01/2024,15:06:50,607.85,605.95,160,608.45,160,0,840
FINNIFTY02JAN2420750CE.NFO,02/01/2024,15:06:52,607.85,606.2,80,608.65,160,0,840
FINNIFTY02JAN2420750CE.NFO,02/01/2024,15:06:53,607.85,606.65,80,608.75,160,0,840
FINNIFTY02JAN2420750CE.NFO,02/01/2024,15:06:55,607.85,606.15,40,608.5,80,0,840
FINNIFTY02JAN2420750CE.NFO,02/01/2024,15:06:57,607.85,606.9,80,608.85,240,0,840
FINNIFTY02JAN2420750CE.NFO,02/01/2024,15:06:58,607.85,607.15,160,608.9,80,0,840
FINNIFTY02JAN2420750CE.NFO,02/01/2024,15:07:00,607.85,606.1,240,608.8,720,0,840
FINNIFTY02JAN2420750CE.NFO,02/01/2024,15:07:02,607.85,606.25,80,608.2,160,0,840
FINNIFTY02JAN2420750CE.NFO,02/01/2024,15:07:03,607.85,604.8,80,607.3,80,0,840
FINNIFTY02JAN2420750CE.NFO,02/01/2024,15:07:05,607.85,605.1,160,607.35,160,0,840
FINNIFTY02JAN2420750CE.NFO,02/01/2024,15:07:07,607.85,605.6,80,607.9,240,0,840
FINNIFTY02JAN2420750CE.NFO,02/01/2024,15:07:08,607.85,605.25,80,607.3,160,0,840
FINNIFTY02JAN2420750CE.NFO,02/01/2024,15:07:10,607.85,604.05,80,606.55,200,0,840
FINNIFTY02JAN2420750CE.NFO,02/01/2024,15:07:12,607.85,603.75,80,606,240,0,840
FINNIFTY02JAN2420750CE.NFO,02/01/2024,15:07:13,607.85,604.05,80,606.7,160,0,840
FINNIFTY02JAN2420750CE.NFO,02/01/2024,15:07:15,607.85,603.9,40,606.7,40,0,840
FINNIFTY02JAN2420750CE.NFO,02/01/2024,15:07:17,607.85,603.85,80,605.65,240,0,840
FINNIFTY02JAN2420750CE.NFO,02/01/2024,15:07:18,607.85,602.7,120,605.4,160,0,840
FINNIFTY02JAN2420750CE.NFO,02/01/2024,15:07:20,607.85,602,280,604.65,200,0,840
FINNIFTY02JAN2420750CE.NFO,02/01/2024,15:07:22,607.85,602.8,280,605.3,240,0,840
FINNIFTY02JAN2420750CE.NFO,02/01/2024,15:07:23,607.85,602.75,80,604.75,120,0,840
FINNIFTY02JAN2420750CE.NFO,02/01/2024,15:07:25,607.85,602.15,80,604.5,200,0,840
FINNIFTY02JAN2420750CE.NFO,02/01/2024,15:07:27,607.85,600.75,40,603.15,240,0,840
FINNIFTY02JAN2420750CE.NFO,02/01/2024,15:07:28,607.85,600.65,200,603.1,40,0,840
FINNIFTY02JAN2420750CE.NFO,02/01/2024,15:07:30,607.85,599.85,160,603.2,160,0,840
FINNIFTY02JAN2420750CE.NFO,02/01/2024,15:07:32,607.85,593.3,200,602.05,200,0,840
FINNIFTY02JAN2420750CE.NFO,02/01/2024,15:07:34,607.85,597.3,440,602.15,240,0,840
FINNIFTY02JAN2420750CE.NFO,02/01/2024,15:07:35,607.85,599.3,80,601.65,240,0,840
FINNIFTY02JAN2420750CE.NFO,02/01/2024,15:07:37,607.85,599.4,80,602.1,80,0,840
FINNIFTY02JAN2420750CE.NFO,02/01/2024,15:07:39,607.85,598.65,80,601.9,160,0,840
FINNIFTY02JAN2420750CE.NFO,02/01/2024,15:07:40,607.85,598,120,601.5,80,0,840
FINNIFTY02JAN2420750CE.NFO,02/01/2024,15:07:42,607.85,589.75,160,601.25,280,0,840
FINNIFTY02JAN2420750CE.NFO,02/01/2024,15:07:44,607.85,593.35,160,600.95,40,0,840
FINNIFTY02JAN2420750CE.NFO,02/01/2024,15:07:45,607.85,596.45,400,600.45,40,0,840
FINNIFTY02JAN2420750CE.NFO,02/01/2024,15:07:47,607.85,595.75,40,600.15,40,0,840
FINNIFTY02JAN2420750CE.NFO,02/01/2024,15:07:49,607.85,594.95,200,599.65,80,0,840
FINNIFTY02JAN2420750CE.NFO,02/01/2024,15:07:50,607.85,595.25,80,599,160,0,840
FINNIFTY02JAN2420750CE.NFO,02/01/2024,15:07:52,607.85,595.1,560,598.6,80,0,840
FINNIFTY02JAN2420750CE.NFO,02/01/2024,15:07:54,607.85,594.7,80,598.05,160,0,840
FINNIFTY02JAN2420750CE.NFO,02/01/2024,15:07:55,607.85,592,160,597.95,80,0,840
FINNIFTY02JAN2420750CE.NFO,02/01/2024,15:07:57,607.85,594,80,597.15,200,0,840
FINNIFTY02JAN2420750CE.NFO,02/01/2024,15:07:59,607.85,593.65,240,596.25,160,0,840
FINNIFTY02JAN2420750CE.NFO,02/01/2024,15:08:00,607.85,590,80,595.65,520,0,840
FINNIFTY02JAN2420750CE.NFO,02/01/2024,15:08:02,607.85,592.3,240,595,80,0,840
FINNIFTY02JAN2420750CE.NFO,02/01/2024,15:08:04,607.85,591.75,40,594.75,80,0,840
FINNIFTY02JAN2420750CE.NFO,02/01/2024,15:08:05,607.85,592.65,80,595.25,160,0,840
FINNIFTY02JAN2420750CE.NFO,02/01/2024,15:08:07,607.85,593.4,80,596.35,120,0,840
FINNIFTY02JAN2420750CE.NFO,02/01/2024,15:08:09,607.85,594.5,320,597.15,80,0,840
FINNIFTY02JAN2420750CE.NFO,02/01/2024,15:08:10,607.85,594.95,120,597.45,80,0,840
FINNIFTY02JAN2420750CE.NFO,02/01/2024,15:08:12,607.85,595.85,80,601.45,240,0,840
FINNIFTY02JAN2420750CE.NFO,02/01/2024,15:08:14,607.85,595.95,80,598.3,200,0,840
FINNIFTY02JAN2420750CE.NFO,02/01/2024,15:08:15,607.85,595.7,120,598.6,80,0,840
FINNIFTY02JAN2420750CE.NFO,02/01/2024,15:08:17,607.85,596.6,160,600.25,80,0,840
FINNIFTY02JAN2420750CE.NFO,02/01/2024,15:08:19,607.85,597.3,120,600.15,80,0,840
FINNIFTY02JAN2420750CE.NFO,02/01/2024,15:08:20,607.85,597.45,80,600.05,80,0,840
FINNIFTY02JAN2420750CE.NFO,02/01/2024,15:08:22,607.85,595.75,400,600.05,80,0,840
FINNIFTY02JAN2420750CE.NFO,02/01/2024,15:08:24,607.85,597.3,200,600.05,80,0,840
FINNIFTY02JAN2420750CE.NFO,02/01/2024,15:08:25,607.85,597.25,80,599.85,80,0,840
FINNIFTY02JAN2420750CE.NFO,02/01/2024,15:08:27,607.85,596.8,80,599.6,80,0,840
FINNIFTY02JAN2420750CE.NFO,02/01/2024,15:08:29,607.85,597.2,280,599.7,80,0,840
FINNIFTY02JAN2420750CE.NFO,02/01/2024,15:08:31,607.85,597,80,599.55,80,0,840
FINNIFTY02JAN2420750CE.NFO,02/01/2024,15:08:33,607.85,597.35,80,599.45,80,0,840
FINNIFTY02JAN2420750CE.NFO,02/01/2024,15:08:34,607.85,597.5,80,599.55,80,0,840
FINNIFTY02JAN2420750CE.NFO,02/01/2024,15:08:36,607.85,597.2,160,599.2,80,0,840
FINNIFTY02JAN2420750CE.NFO,02/01/2024,15:08:38,607.85,597.2,160,602.1,80,0,840
FINNIFTY02JAN2420750CE.NFO,02/01/2024,15:08:39,607.85,592.95,80,601.65,80,0,840
FINNIFTY02JAN2420750CE.NFO,02/01/2024,15:08:41,607.85,595.9,560,601.45,80,0,840
FINNIFTY02JAN2420750CE.NFO,02/01/2024,15:08:43,607.85,595.45,120,601.35,80,0,840
FINNIFTY02JAN2420750CE.NFO,02/01/2024,15:08:44,607.85,595.55,80,600.9,80,0,840
FINNIFTY02JAN2420750CE.NFO,02/01/2024,15:08:46,607.85,595.95,80,600.8,80,0,840
FINNIFTY02JAN2420750CE.NFO,02/01/2024,15:08:48,607.85,594.65,80,599.6,160,0,840
FINNIFTY02JAN2420750CE.NFO,02/01/2024,15:08:49,607.85,594.1,80,596.4,320,0,840
FINNIFTY02JAN2420750CE.NFO,02/01/2024,15:08:51,607.85,594.45,120,596.95,80,0,840
FINNIFTY02JAN2420750CE.NFO,02/01/2024,15:08:53,607.85,594.4,80,596.7,240,0,840
FINNIFTY02JAN2420750CE.NFO,02/01/2024,15:08:54,607.85,590.75,80,595.55,240,0,840
FINNIFTY02JAN2420750CE.NFO,02/01/2024,15:08:56,607.85,592.85,80,595.4,80,0,840
FINNIFTY02JAN2420750CE.NFO,02/01/2024,15:08:58,607.85,593.3,80,595.2,200,0,840
FINNIFTY02JAN2420750CE.NFO,02/01/2024,15:08:59,607.85,592.55,120,595.05,160,0,840
FINNIFTY02JAN2420750CE.NFO,02/01/2024,15:09:01,607.85,592.35,80,594.6,360,0,840
FINNIFTY02JAN2420750CE.NFO,02/01/2024,15:09:03,607.85,593.05,240,595.5,80,0,840
FINNIFTY02JAN2420750CE.NFO,02/01/2024,15:09:04,607.85,594.2,80,597.05,80,0,840
FINNIFTY02JAN2420750CE.NFO,02/01/2024,15:09:06,607.85,594.5,80,596.4,160,0,840
FINNIFTY02JAN2420750CE.NFO,02/01/2024,15:09:08,607.85,593.45,80,595.8,160,0,840
FINNIFTY02JAN2420750CE.NFO,02/01/2024,15:09:09,607.85,593.9,80,596.55,200,0,840
FINNIFTY02JAN2420750CE.NFO,02/01/2024,15:09:11,607.85,594.15,80,596.8,160,0,840
FINNIFTY02JAN2420750CE.NFO,02/01/2024,15:09:13,607.85,593.9,80,595.9,160,0,840
FINNIFTY02JAN2420750CE.NFO,02/01/2024,15:09:14,607.85,594.05,80,596.4,240,0,840
FINNIFTY02JAN2420750CE.NFO,02/01/2024,15:09:16,607.85,594.4,120,596.75,80,0,840
FINNIFTY02JAN2420750CE.NFO,02/01/2024,15:09:18,607.85,594.45,160,599.4,400,0,840
FINNIFTY02JAN2420750CE.NFO,02/01/2024,15:09:19,607.85,594.75,80,597.1,440,0,840
FINNIFTY02JAN2420750CE.NFO,02/01/2024,15:09:21,607.85,595,80,597.35,80,0,840
FINNIFTY02JAN2420750CE.NFO,02/01/2024,15:09:23,607.85,595.2,80,597.2,160,0,840
FINNIFTY02JAN2420750CE.NFO,02/01/2024,15:09:24,607.85,594.85,160,596.65,200,0,840
FINNIFTY02JAN2420750CE.NFO,02/01/2024,15:09:26,607.85,591.45,160,596.8,80,0,840
FINNIFTY02JAN2420750CE.NFO,02/01/2024,15:09:28,607.85,594.2,80,596.5,240,0,840
FINNIFTY02JAN2420750CE.NFO,02/01/2024,15:09:29,607.85,594.2,80,596.6,160,0,840
FINNIFTY02JAN2420750CE.NFO,02/01/2024,15:09:30,607.85,594.4,240,596.4,80,0,840
FINNIFTY02JAN2420750CE.NFO,02/01/2024,15:09:32,607.85,594.35,160,596.2,80,0,840
FINNIFTY02JAN2420750CE.NFO,02/01/2024,15:09:34,607.85,593.35,120,596.05,80,0,840
FINNIFTY02JAN2420750CE.NFO,02/01/2024,15:09:36,607.85,593.1,320,596,80,0,840
FINNIFTY02JAN2420750CE.NFO,02/01/2024,15:09:37,607.85,593.55,200,595.95,80,0,840
FINNIFTY02JAN2420750CE.NFO,02/01/2024,15:09:39,607.85,593.1,80,595.75,80,0,840
FINNIFTY02JAN2420750CE.NFO,02/01/2024,15:09:41,607.85,593,80,595.45,80,0,840
FINNIFTY02JAN2420750CE.NFO,02/01/2024,15:09:42,607.85,590.3,360,595.35,80,0,840
FINNIFTY02JAN2420750CE.NFO,02/01/2024,15:09:44,607.85,592.85,200,595.45,80,0,840
FINNIFTY02JAN2420750CE.NFO,02/01/2024,15:09:46,607.85,593.55,120,599.9,80,0,840
FINNIFTY02JAN2420750CE.NFO,02/01/2024,15:09:47,607.85,593.85,80,599.65,80,0,840
FINNIFTY02JAN2420750CE.NFO,02/01/2024,15:09:49,607.85,592.6,200,599.35,80,0,840
FINNIFTY02JAN2420750CE.NFO,02/01/2024,15:09:51,607.85,592.8,80,599,80,0,840
FINNIFTY02JAN2420750CE.NFO,02/01/2024,15:09:52,607.85,593.1,120,598.7,200,0,840
FINNIFTY02JAN2420750CE.NFO,02/01/2024,15:09:54,607.85,593.15,160,598.6,80,0,840
FINNIFTY02JAN2420750CE.NFO,02/01/2024,15:09:56,607.85,593.9,200,598.4,80,0,840
FINNIFTY02JAN2420750CE.NFO,02/01/2024,15:09:57,607.85,594.15,80,598.25,80,0,840
FINNIFTY02JAN2420750CE.NFO,02/01/2024,15:09:59,607.85,592.25,80,595.7,240,0,840
FINNIFTY02JAN2420750CE.NFO,02/01/2024,15:10:01,607.85,592.55,120,595.05,240,0,840
FINNIFTY02JAN2420750CE.NFO,02/01/2024,15:10:02,607.85,592.5,80,594.85,80,0,840
FINNIFTY02JAN2420750CE.NFO,02/01/2024,15:10:04,607.85,591.6,80,593.7,80,0,840
FINNIFTY02JAN2420750CE.NFO,02/01/2024,15:10:06,607.85,591.65,80,594.3,80,0,840
FINNIFTY02JAN2420750CE.NFO,02/01/2024,15:10:07,607.85,590.5,80,593.6,120,0,840
FINNIFTY02JAN2420750CE.NFO,02/01/2024,15:10:09,607.85,590.95,160,593.65,160,0,840
FINNIFTY02JAN2420750CE.NFO,02/01/2024,15:10:11,607.85,591.55,80,593.85,440,0,840
FINNIFTY02JAN2420750CE.NFO,02/01/2024,15:10:12,607.85,592.3,120,594.8,80,0,840
FINNIFTY02JAN2420750CE.NFO,02/01/2024,15:10:14,607.85,592.45,240,594.3,160,0,840
FINNIFTY02JAN2420750CE.NFO,02/01/2024,15:10:16,607.85,592.55,160,594.6,80,0,840
FINNIFTY02JAN2420750CE.NFO,02/01/2024,15:10:17,607.85,592.9,80,595.25,280,0,840
FINNIFTY02JAN2420750CE.NFO,02/01/2024,15:10:19,607.85,592.95,120,595.4,160,0,840
FINNIFTY02JAN2420750CE.NFO,02/01/2024,15:10:21,607.85,593.15,80,595.45,360,0,840
FINNIFTY02JAN2420750CE.NFO,02/01/2024,15:10:22,607.85,591.75,80,594,160,0,840
FINNIFTY02JAN2420750CE.NFO,02/01/2024,15:10:24,607.85,591,160,593.4,240,0,840
FINNIFTY02JAN2420750CE.NFO,02/01/2024,15:10:26,607.85,591.05,80,593.25,80,0,840
FINNIFTY02JAN2420750CE.NFO,02/01/2024,15:10:27,607.85,591.4,120,593.7,80,0,840
FINNIFTY02JAN2420750CE.NFO,02/01/2024,15:10:29,607.85,591.15,80,593.4,80,0,840
FINNIFTY02JAN2420750CE.NFO,02/01/2024,15:10:31,607.85,589.85,240,592.6,440,0,840
FINNIFTY02JAN2420750CE.NFO,02/01/2024,15:10:33,607.85,590.15,80,592.1,240,0,840
FINNIFTY02JAN2420750CE.NFO,02/01/2024,15:10:35,589.6,587.85,160,590.95,160,240,600
FINNIFTY02JAN2420750CE.NFO,02/01/2024,15:10:35,589.6,587.85,160,590.95,160,0,600
FINNIFTY02JAN2420750CE.NFO,02/01/2024,15:10:36,589.6,588.25,200,591.1,120,0,600
FINNIFTY02JAN2420750CE.NFO,02/01/2024,15:10:38,589.6,587.9,120,590.8,400,0,600
FINNIFTY02JAN2420750CE.NFO,02/01/2024,15:10:40,589.6,588.3,200,591.2,760,0,600
FINNIFTY02JAN2420750CE.NFO,02/01/2024,15:10:41,589.6,588.7,280,599.65,120,0,600
FINNIFTY02JAN2420750CE.NFO,02/01/2024,15:10:43,589.6,589.9,160,599.25,40,0,600
FINNIFTY02JAN2420750CE.NFO,02/01/2024,15:10:45,589.6,590.25,120,597.75,400,0,600
FINNIFTY02JAN2420750CE.NFO,02/01/2024,15:10:46,589.6,590.25,120,597.6,80,0,600
FINNIFTY02JAN2420750CE.NFO,02/01/2024,15:10:48,589.6,590.05,200,597.4,80,0,600
FINNIFTY02JAN2420750CE.NFO,02/01/2024,15:10:50,589.6,591.15,400,597.4,80,0,600
FINNIFTY02JAN2420750CE.NFO,02/01/2024,15:10:51,589.6,591.55,120,597.4,80,0,600
FINNIFTY02JAN2420750CE.NFO,02/01/2024,15:10:53,589.6,592.3,160,597.4,80,0,600
FINNIFTY02JAN2420750CE.NFO,02/01/2024,15:10:55,589.6,591.8,160,597.4,80,0,600
FINNIFTY02JAN2420750CE.NFO,02/01/2024,15:10:56,589.6,591,760,597.4,80,0,600
FINNIFTY02JAN2420750CE.NFO,02/01/2024,15:10:58,589.6,591.4,160,597.4,80,0,600
FINNIFTY02JAN2420750CE.NFO,02/01/2024,15:11:00,589.6,591.35,80,597.3,320,0,600
FINNIFTY02JAN2420750CE.NFO,02/01/2024,15:11:01,589.6,590.65,200,596.5,80,0,600
FINNIFTY02JAN2420750CE.NFO,02/01/2024,15:11:03,589.6,590.25,80,596.05,80,0,600
FINNIFTY02JAN2420750CE.NFO,02/01/2024,15:11:05,589.6,590.6,80,595.2,80,0,600
FINNIFTY02JAN2420750CE.NFO,02/01/2024,15:11:06,589.6,590.35,40,594.25,40,0,600
FINNIFTY02JAN2420750CE.NFO,02/01/2024,15:11:08,589.6,590.9,120,593.85,80,0,600
FINNIFTY02JAN2420750CE.NFO,02/01/2024,15:11:10,589.6,590.8,80,593.55,80,0,600
FINNIFTY02JAN2420750CE.NFO,02/01/2024,15:11:11,589.6,591,160,602.2,80,0,600
FINNIFTY02JAN2420750CE.NFO,02/01/2024,15:11:13,589.6,591.95,200,598.25,80,0,600
FINNIFTY02JAN2420750CE.NFO,02/01/2024,15:11:15,589.6,592.65,120,598.15,80,0,600
FINNIFTY02JAN2420750CE.NFO,02/01/2024,15:11:16,589.6,592.7,240,597.7,80,0,600
FINNIFTY02JAN2420750CE.NFO,02/01/2024,15:11:18,589.6,592.85,160,596.45,200,0,600
FINNIFTY02JAN2420750CE.NFO,02/01/2024,15:11:20,589.6,593.7,80,596.35,80,0,600
FINNIFTY02JAN2420750CE.NFO,02/01/2024,15:11:21,589.6,593.45,240,596.2,80,0,600
FINNIFTY02JAN2420750CE.NFO,02/01/2024,15:11:23,589.6,593.8,400,605.5,200,0,600
FINNIFTY02JAN2420750CE.NFO,02/01/2024,15:11:25,589.6,593.7,680,604.5,40,0,600
FINNIFTY02JAN2420750CE.NFO,02/01/2024,15:11:26,589.6,594.25,80,600.35,80,0,600
FINNIFTY02JAN2420750CE.NFO,02/01/2024,15:11:28,589.6,594.7,120,599.95,40,0,600
FINNIFTY02JAN2420750CE.NFO,02/01/2024,15:11:30,589.6,595.1,120,599.45,80,0,600
FINNIFTY02JAN2420750CE.NFO,02/01/2024,15:11:31,589.6,595.6,80,598.95,80,0,600
FINNIFTY02JAN2420750CE.NFO,02/01/2024,15:11:33,589.6,595,80,598.75,80,0,600
FINNIFTY02JAN2420750CE.NFO,02/01/2024,15:11:34,589.6,595.25,160,598.65,80,0,600
FINNIFTY02JAN2420750CE.NFO,02/01/2024,15:11:36,589.6,595.55,80,598.6,80,0,600
FINNIFTY02JAN2420750CE.NFO,02/01/2024,15:11:38,589.6,595.2,280,598.75,160,0,600
FINNIFTY02JAN2420750CE.NFO,02/01/2024,15:11:40,589.6,594,200,598.75,160,0,600
FINNIFTY02JAN2420750CE.NFO,02/01/2024,15:11:41,589.6,594.35,160,597.85,80,0,600
FINNIFTY02JAN2420750CE.NFO,02/01/2024,15:11:43,589.6,594.2,480,597.65,80,0,600
FINNIFTY02JAN2420750CE.NFO,02/01/2024,15:11:45,589.6,594.5,80,597.2,80,0,600
FINNIFTY02JAN2420750CE.NFO,02/01/2024,15:11:46,589.6,594,80,597.05,200,0,600
FINNIFTY02JAN2420750CE.NFO,02/01/2024,15:11:48,589.6,594.8,80,597.2,80,0,600
FINNIFTY02JAN2420750CE.NFO,02/01/2024,15:11:50,589.6,594.5,200,597.1,80,0,600
FINNIFTY02JAN2420750CE.NFO,02/01/2024,15:11:51,589.6,593.45,80,596.9,80,0,600
FINNIFTY02JAN2420750CE.NFO,02/01/2024,15:11:53,589.6,592.9,320,596.4,120,0,600
FINNIFTY02JAN2420750CE.NFO,02/01/2024,15:11:55,589.6,593.35,240,596.2,80,0,600
FINNIFTY02JAN2420750CE.NFO,02/01/2024,15:11:56,589.6,593.35,120,596.2,80,0,600
FINNIFTY02JAN2420750CE.NFO,02/01/2024,15:11:58,589.6,593.6,120,602.3,240,0,600
FINNIFTY02JAN2420750CE.NFO,02/01/2024,15:12:00,589.6,593.2,240,601.95,80,0,600
FINNIFTY02JAN2420750CE.NFO,02/01/2024,15:12:01,589.6,593.6,80,600.7,80,0,600
FINNIFTY02JAN2420750CE.NFO,02/01/2024,15:12:03,589.6,593.35,200,600.2,80,0,600
FINNIFTY02JAN2420750CE.NFO,02/01/2024,15:12:05,589.6,593.4,40,600,80,0,600
FINNIFTY02JAN2420750CE.NFO,02/01/2024,15:12:06,589.6,593.8,160,599.4,40,0,600
FINNIFTY02JAN2420750CE.NFO,02/01/2024,15:12:08,589.6,593.45,40,599,80,0,600
FINNIFTY02JAN2420750CE.NFO,02/01/2024,15:12:10,589.6,593.15,360,598.55,80,0,600
FINNIFTY02JAN2420750CE.NFO,02/01/2024,15:12:11,589.6,593.15,280,598.35,80,0,600
FINNIFTY02JAN2420750CE.NFO,02/01/2024,15:12:13,589.6,593.25,80,598.15,80,0,600
FINNIFTY02JAN2420750CE.NFO,02/01/2024,15:12:15,589.6,594.15,80,597.75,80,0,600
FINNIFTY02JAN2420750CE.NFO,02/01/2024,15:12:16,589.6,594.3,40,597.3,80,0,600
FINNIFTY02JAN2420750CE.NFO,02/01/2024,15:12:18,589.6,593.6,600,596.7,40,0,600
FINNIFTY02JAN2420750CE.NFO,02/01/2024,15:12:20,589.6,593.05,120,596.35,160,0,600
FINNIFTY02JAN2420750CE.NFO,02/01/2024,15:12:21,589.6,540,200,595.8,80,0,600
FINNIFTY02JAN2420750CE.NFO,02/01/2024,15:12:23,589.6,592.4,200,595.8,160,0,600
FINNIFTY02JAN2420750CE.NFO,02/01/2024,15:12:25,589.6,592.9,80,595.65,80,0,600
FINNIFTY02JAN2420750CE.NFO,02/01/2024,15:12:26,589.6,592.9,120,596.15,80,0,600
FINNIFTY02JAN2420750CE.NFO,02/01/2024,15:12:28,589.6,592.45,200,595.75,40,0,600
FINNIFTY02JAN2420750CE.NFO,02/01/2024,15:12:30,589.6,592.3,120,595.35,40,0,600
FINNIFTY02JAN2420750CE.NFO,02/01/2024,15:12:31,589.6,591.55,120,595.05,40,0,600
FINNIFTY02JAN2420750CE.NFO,02/01/2024,15:12:32,589.6,591.25,760,594.6,80,0,600
FINNIFTY02JAN2420750CE.NFO,02/01/2024,15:12:34,589.6,590.85,120,594.35,160,0,600
FINNIFTY02JAN2420750CE.NFO,02/01/2024,15:12:36,589.6,590.95,80,594.05,80,0,600
FINNIFTY02JAN2420750CE.NFO,02/01/2024,15:12:37,589.6,592,80,595.2,80,0,600
FINNIFTY02JAN2420750CE.NFO,02/01/2024,15:12:39,589.6,590.55,240,594.5,80,0,600
FINNIFTY02JAN2420750CE.NFO,02/01/2024,15:12:41,589.6,590.7,80,594.05,80,0,600
FINNIFTY02JAN2420750CE.NFO,02/01/2024,15:12:42,589.6,588.35,80,594.2,80,0,600
FINNIFTY02JAN2420750CE.NFO,02/01/2024,15:12:44,589.6,591.7,120,594.45,80,0,600
FINNIFTY02JAN2420750CE.NFO,02/01/2024,15:12:46,589.6,592.05,80,594.1,80,0,600
FINNIFTY02JAN2420750CE.NFO,02/01/2024,15:12:47,589.6,592.2,80,594.4,200,0,600
FINNIFTY02JAN2420750CE.NFO,02/01/2024,15:12:49,589.6,592.45,160,599.5,200,0,600
FINNIFTY02JAN2420750CE.NFO,02/01/2024,15:12:51,589.6,592.35,80,594.5,200,0,600
FINNIFTY02JAN2420750CE.NFO,02/01/2024,15:12:52,589.6,591.65,80,593.85,200,0,600
FINNIFTY02JAN2420750CE.NFO,02/01/2024,15:12:54,589.6,590.9,80,593.35,160,0,600
FINNIFTY02JAN2420750CE.NFO,02/01/2024,15:12:56,589.6,591.6,80,593.7,680,0,600
FINNIFTY02JAN2420750CE.NFO,02/01/2024,15:12:57,589.6,591.55,80,593.85,160,0,600
FINNIFTY02JAN2420750CE.NFO,02/01/2024,15:12:59,589.6,590.95,160,593.35,40,0,600
FINNIFTY02JAN2420750CE.NFO,02/01/2024,15:13:01,589.6,591.2,120,593.55,240,0,600
FINNIFTY02JAN2420750CE.NFO,02/01/2024,15:13:02,589.6,592.1,80,594.65,200,0,600
FINNIFTY02JAN2420750CE.NFO,02/01/2024,15:13:04,589.6,592.35,80,594.65,80,0,600
FINNIFTY02JAN2420750CE.NFO,02/01/2024,15:13:06,589.6,592,80,594,240,0,600
FINNIFTY02JAN2420750CE.NFO,02/01/2024,15:13:07,589.6,591.6,160,593.95,80,0,600
FINNIFTY02JAN2420750CE.NFO,02/01/2024,15:13:09,589.6,591.7,80,593.75,80,0,600
FINNIFTY02JAN2420750CE.NFO,02/01/2024,15:13:11,589.6,591.7,80,593.7,240,0,600
FINNIFTY02JAN2420750CE.NFO,02/01/2024,15:13:12,589.6,591.75,80,593.95,80,0,600
FINNIFTY02JAN2420750CE.NFO,02/01/2024,15:13:14,589.6,591.9,160,594.05,80,0,600
FINNIFTY02JAN2420750CE.NFO,02/01/2024,15:13:16,589.6,592.55,40,594.9,240,0,600
FINNIFTY02JAN2420750CE.NFO,02/01/2024,15:13:17,589.6,593.1,80,595.3,200,0,600
FINNIFTY02JAN2420750CE.NFO,02/01/2024,15:13:19,589.6,593.1,80,595.4,80,0,600
FINNIFTY02JAN2420750CE.NFO,02/01/2024,15:13:21,589.6,593.3,80,595.35,80,0,600
FINNIFTY02JAN2420750CE.NFO,02/01/2024,15:13:22,589.6,593.4,80,595.4,200,0,600
FINNIFTY02JAN2420750CE.NFO,02/01/2024,15:13:24,589.6,593.3,80,595.35,160,0,600
FINNIFTY02JAN2420750CE.NFO,02/01/2024,15:13:26,589.6,592.95,80,595.2,240,0,600
FINNIFTY02JAN2420750CE.NFO,02/01/2024,15:13:27,589.6,592.75,80,595.2,160,0,600
FINNIFTY02JAN2420750CE.NFO,02/01/2024,15:13:29,589.6,593,80,595.05,240,0,600
FINNIFTY02JAN2420750CE.NFO,02/01/2024,15:13:30,589.6,590.1,120,594.8,240,0,600
FINNIFTY02JAN2420750CE.NFO,02/01/2024,15:13:32,589.6,592.6,80,594.8,80,0,600
FINNIFTY02JAN2420750CE.NFO,02/01/2024,15:13:34,589.6,592.45,80,594.5,560,0,600
FINNIFTY02JAN2420750CE.NFO,02/01/2024,15:13:35,589.6,591.6,40,593.95,440,0,600
FINNIFTY02JAN2420750CE.NFO,02/01/2024,15:13:37,589.6,592.05,80,594.25,360,0,600
FINNIFTY02JAN2420750CE.NFO,02/01/2024,15:13:39,589.6,591.5,80,593.7,200,0,600
FINNIFTY02JAN2420750CE.NFO,02/01/2024,15:13:40,589.6,591.65,80,593.95,40,0,600
FINNIFTY02JAN2420750CE.NFO,02/01/2024,15:13:42,589.6,591.9,160,593.9,80,0,600
FINNIFTY02JAN2420750CE.NFO,02/01/2024,15:13:44,589.6,592.05,120,594.5,1800,0,600
FINNIFTY02JAN2420750CE.NFO,02/01/2024,15:13:45,589.6,592.25,120,594.65,160,0,600
FINNIFTY02JAN2420750CE.NFO,02/01/2024,15:13:47,589.6,592.35,80,594.6,600,0,600
FINNIFTY02JAN2420750CE.NFO,02/01/2024,15:13:49,589.6,592.4,80,594.5,80,0,600
FINNIFTY02JAN2420750CE.NFO,02/01/2024,15:13:50,589.6,592.35,400,594.55,200,0,600
FINNIFTY02JAN2420750CE.NFO,02/01/2024,15:13:52,589.6,592.4,80,594.45,80,0,600
FINNIFTY02JAN2420750CE.NFO,02/01/2024,15:13:54,589.6,592.3,80,594.35,80,0,600
FINNIFTY02JAN2420750CE.NFO,02/01/2024,15:13:55,589.6,592.5,160,594.85,760,0,600
FINNIFTY02JAN2420750CE.NFO,02/01/2024,15:13:57,589.6,592.9,80,595.15,200,0,600
FINNIFTY02JAN2420750CE.NFO,02/01/2024,15:13:59,589.6,592.9,80,594.95,240,0,600
FINNIFTY02JAN2420750CE.NFO,02/01/2024,15:14:01,589.6,592.9,80,595.15,520,0,600
FINNIFTY02JAN2420750CE.NFO,02/01/2024,15:14:02,589.6,593.25,80,595.45,80,0,600
FINNIFTY02JAN2420750CE.NFO,02/01/2024,15:14:04,589.6,593.8,120,596.15,240,0,600
FINNIFTY02JAN2420750CE.NFO,02/01/2024,15:14:06,589.6,593.8,80,596.1,280,0,600
FINNIFTY02JAN2420750CE.NFO,02/01/2024,15:14:07,589.6,593.55,80,595.95,1160,0,600
FINNIFTY02JAN2420750CE.NFO,02/01/2024,15:14:09,589.6,593.2,80,595.4,80,0,600
FINNIFTY02JAN2420750CE.NFO,02/01/2024,15:14:11,589.6,593,120,595.2,240,0,600
FINNIFTY02JAN2420750CE.NFO,02/01/2024,15:14:12,589.6,593.45,80,596.1,80,0,600
FINNIFTY02JAN2420750CE.NFO,02/01/2024,15:14:14,589.6,593.8,80,596.1,240,0,600
FINNIFTY02JAN2420750CE.NFO,02/01/2024,15:14:16,589.6,593.4,80,595.55,760,0,600
FINNIFTY02JAN2420750CE.NFO,02/01/2024,15:14:17,589.6,593.45,160,595.8,320,0,600
FINNIFTY02JAN2420750CE.NFO,02/01/2024,15:14:19,589.6,593.55,200,595.75,80,0,600
FINNIFTY02JAN2420750CE.NFO,02/01/2024,15:14:21,589.6,594.15,80,596.35,240,0,600
FINNIFTY02JAN2420750CE.NFO,02/01/2024,15:14:22,589.6,594.65,80,596.9,200,0,600
FINNIFTY02JAN2420750CE.NFO,02/01/2024,15:14:24,589.6,594.45,160,596.95,80,0,600
FINNIFTY02JAN2420750CE.NFO,02/01/2024,15:14:26,589.6,594.55,160,597.05,200,0,600
FINNIFTY02JAN2420750CE.NFO,02/01/2024,15:14:27,589.6,594.65,80,597,80,0,600
FINNIFTY02JAN2420750CE.NFO,02/01/2024,15:14:29,589.6,595.15,40,597.6,80,0,600
FINNIFTY02JAN2420750CE.NFO,02/01/2024,15:14:30,589.6,595.15,400,598.3,80,0,600
FINNIFTY02JAN2420750CE.NFO,02/01/2024,15:14:32,589.6,595.05,120,597.95,80,0,600
FINNIFTY02JAN2420750CE.NFO,02/01/2024,15:14:34,589.6,595.3,80,597.65,80,0,600
FINNIFTY02JAN2420750CE.NFO,02/01/2024,15:14:35,589.6,595.35,80,597.5,80,0,600
FINNIFTY02JAN2420750CE.NFO,02/01/2024,15:14:37,589.6,595.55,80,598.55,80,0,600
FINNIFTY02JAN2420750CE.NFO,02/01/2024,15:14:39,589.6,595.9,80,598.65,80,0,600
FINNIFTY02JAN2420750CE.NFO,02/01/2024,15:14:40,589.6,596.35,160,599.75,80,0,600
FINNIFTY02JAN2420750CE.NFO,02/01/2024,15:14:42,589.6,596.5,80,599.3,80,0,600
FINNIFTY02JAN2420750CE.NFO,02/01/2024,15:14:44,589.6,596.4,120,599.1,80,0,600
FINNIFTY02JAN2420750CE.NFO,02/01/2024,15:14:45,589.6,597.15,160,599.95,160,0,600
FINNIFTY02JAN2420750CE.NFO,02/01/2024,15:14:47,589.6,596.65,80,599.7,160,0,600
FINNIFTY02JAN2420750CE.NFO,02/01/2024,15:14:49,589.6,596.85,120,599.45,80,0,600
FINNIFTY02JAN2420750CE.NFO,02/01/2024,15:14:50,589.6,596.35,80,599.2,80,0,600
FINNIFTY02JAN2420750CE.NFO,02/01/2024,15:14:52,589.6,597,120,599.55,80,0,600
FINNIFTY02JAN2420750CE.NFO,02/01/2024,15:14:54,589.6,597.1,80,599.3,80,0,600
FINNIFTY02JAN2420750CE.NFO,02/01/2024,15:14:55,589.6,597.3,160,599.6,80,0,600
FINNIFTY02JAN2420750CE.NFO,02/01/2024,15:14:59,589.6,596.75,120,600.3,200,0,600
FINNIFTY02JAN2420750CE.NFO,02/01/2024,15:15:00,589.6,596.75,160,600.2,80,0,600
FINNIFTY02JAN2420750CE.NFO,02/01/2024,15:15:02,589.6,596.75,40,600,80,0,600
FINNIFTY02JAN2420750CE.NFO,02/01/2024,15:15:04,589.6,596.45,80,599.8,80,0,600
FINNIFTY02JAN2420750CE.NFO,02/01/2024,15:15:05,589.6,596.25,80,599.7,80,0,600
FINNIFTY02JAN2420750CE.NFO,02/01/2024,15:15:07,589.6,596.85,120,599.65,160,0,600
FINNIFTY02JAN2420750CE.NFO,02/01/2024,15:15:09,589.6,596.55,120,599.5,80,0,600
FINNIFTY02JAN2420750CE.NFO,02/01/2024,15:15:10,589.6,596.55,80,599.3,80,0,600
FINNIFTY02JAN2420750CE.NFO,02/01/2024,15:15:12,589.6,596.6,80,599.1,80,0,600
FINNIFTY02JAN2420750CE.NFO,02/01/2024,15:15:14,589.6,596.65,80,599.25,80,0,600
FINNIFTY02JAN2420750CE.NFO,02/01/2024,15:15:15,589.6,596.8,600,599.4,80,0,600
FINNIFTY02JAN2420750CE.NFO,02/01/2024,15:15:17,589.6,597.25,120,599.95,80,0,600
FINNIFTY02JAN2420750CE.NFO,02/01/2024,15:15:19,589.6,597.2,80,599.95,80,0,600
FINNIFTY02JAN2420750CE.NFO,02/01/2024,15:15:20,589.6,597.3,80,603.8,400,0,600
FINNIFTY02JAN2420750CE.NFO,02/01/2024,15:15:22,589.6,597.65,120,603.5,80,0,600
FINNIFTY02JAN2420750CE.NFO,02/01/2024,15:15:24,589.6,596.75,200,603.2,200,0,600
FINNIFTY02JAN2420750CE.NFO,02/01/2024,15:15:25,589.6,596.85,560,602.9,80,0,600
FINNIFTY02JAN2420750CE.NFO,02/01/2024,15:15:27,589.6,596.85,80,602.45,80,0,600
FINNIFTY02JAN2420750CE.NFO,02/01/2024,15:15:29,589.6,596.65,80,602.25,80,0,600
FINNIFTY02JAN2420750CE.NFO,02/01/2024,15:15:31,589.6,595.8,40,601.95,80,0,600
FINNIFTY02JAN2420750CE.NFO,02/01/2024,15:15:32,589.6,595.55,80,601.45,80,0,600
FINNIFTY02JAN2420750CE.NFO,02/01/2024,15:15:34,589.6,595.35,160,601.15,80,0,600
FINNIFTY02JAN2420750CE.NFO,02/01/2024,15:15:36,589.6,595.15,80,600.9,80,0,600
FINNIFTY02JAN2420750CE.NFO,02/01/2024,15:15:37,589.6,595.05,80,600.45,80,0,600
FINNIFTY02JAN2420750CE.NFO,02/01/2024,15:15:39,589.6,595.2,80,600.05,200,0,600
FINNIFTY02JAN2420750CE.NFO,02/01/2024,15:15:41,589.6,595.2,80,599.55,80,0,600
FINNIFTY02JAN2420750CE.NFO,02/01/2024,15:15:42,589.6,594.45,80,599.35,200,0,600
FINNIFTY02JAN2420750CE.NFO,02/01/2024,15:15:44,589.6,594.3,80,598.8,80,0,600
FINNIFTY02JAN2420750CE.NFO,02/01/2024,15:15:46,589.6,594.05,280,598.7,80,0,600
FINNIFTY02JAN2420750CE.NFO,02/01/2024,15:15:47,589.6,594.3,400,598.5,80,0,600
FINNIFTY02JAN2420750CE.NFO,02/01/2024,15:15:49,589.6,595.05,280,598.2,80,0,600
FINNIFTY02JAN2420750CE.NFO,02/01/2024,15:15:51,589.6,594.1,400,598,80,0,600
FINNIFTY02JAN2420750CE.NFO,02/01/2024,15:15:52,589.6,594.15,120,597.4,80,0,600
FINNIFTY02JAN2420750CE.NFO,02/01/2024,15:15:54,589.6,593.6,120,597.3,80,0,600
FINNIFTY02JAN2420750CE.NFO,02/01/2024,15:15:56,589.6,593.95,80,596.9,200,0,600
FINNIFTY02JAN2420750CE.NFO,02/01/2024,15:15:57,589.6,594.3,160,596.65,80,0,600
FINNIFTY02JAN2420750CE.NFO,02/01/2024,15:15:59,589.6,594.6,80,596.5,80,0,600
FINNIFTY02JAN2420750CE.NFO,02/01/2024,15:16:01,589.6,594.75,80,600.05,200,0,600
FINNIFTY02JAN2420750CE.NFO,02/01/2024,15:16:02,589.6,594.5,80,599.7,80,0,600
FINNIFTY02JAN2420750CE.NFO,02/01/2024,15:16:04,589.6,594.7,80,599.3,80,0,600
FINNIFTY02JAN2420750CE.NFO,02/01/2024,15:16:06,589.6,595.4,160,599.1,80,0,600
FINNIFTY02JAN2420750CE.NFO,02/01/2024,15:16:07,589.6,595.3,80,598.7,80,0,600
FINNIFTY02JAN2420750CE.NFO,02/01/2024,15:16:09,589.6,595.55,80,598.4,80,0,600
FINNIFTY02JAN2420750CE.NFO,02/01/2024,15:16:11,589.6,595.95,80,599.05,80,0,600
FINNIFTY02JAN2420750CE.NFO,02/01/2024,15:16:12,589.6,596.1,80,599,80,0,600
FINNIFTY02JAN2420750CE.NFO,02/01/2024,15:16:14,589.6,596.1,80,598.9,80,0,600
FINNIFTY02JAN2420750CE.NFO,02/01/2024,15:16:16,589.6,596.2,120,598.85,80,0,600
FINNIFTY02JAN2420750CE.NFO,02/01/2024,15:16:18,589.6,596.1,80,598.85,80,0,600
FINNIFTY02JAN2420750CE.NFO,02/01/2024,15:16:19,589.6,595.3,120,598.6,80,0,600
FINNIFTY02JAN2420750CE.NFO,02/01/2024,15:16:23,589.6,594.8,200,598.25,80,0,600
FINNIFTY02JAN2420750CE.NFO,02/01/2024,15:16:24,589.6,595,160,598.05,80,0,600
FINNIFTY02JAN2420750CE.NFO,02/01/2024,15:16:26,589.6,594.65,80,597.55,80,0,600
FINNIFTY02JAN2420750CE.NFO,02/01/2024,15:16:28,589.6,594.8,80,598.75,80,0,600
FINNIFTY02JAN2420750CE.NFO,02/01/2024,15:16:29,589.6,594.75,80,598.15,80,0,600
FINNIFTY02JAN2420750CE.NFO,02/01/2024,15:16:31,589.6,594.85,120,597.85,80,0,600
FINNIFTY02JAN2420750CE.NFO,02/01/2024,15:16:33,589.6,594.9,80,597.65,80,0,600
FINNIFTY02JAN2420750CE.NFO,02/01/2024,15:16:35,589.6,595.1,80,597.5,80,0,600
FINNIFTY02JAN2420750CE.NFO,02/01/2024,15:16:36,589.6,595,120,597.5,80,0,600
FINNIFTY02JAN2420750CE.NFO,02/01/2024,15:16:38,589.6,595.1,80,597.5,80,0,600
FINNIFTY02JAN2420750CE.NFO,02/01/2024,15:16:40,589.6,594.85,360,597.5,80,0,600
FINNIFTY02JAN2420750CE.NFO,02/01/2024,15:16:41,589.6,595.4,160,601.4,80,0,600
FINNIFTY02JAN2420750CE.NFO,02/01/2024,15:16:43,589.6,595.75,40,601.1,80,0,600
FINNIFTY02JAN2420750CE.NFO,02/01/2024,15:16:45,589.6,595.55,80,600.8,80,0,600
FINNIFTY02JAN2420750CE.NFO,02/01/2024,15:16:46,589.6,595.45,80,600,200,0,600
FINNIFTY02JAN2420750CE.NFO,02/01/2024,15:16:48,589.6,595.2,120,599.7,200,0,600
FINNIFTY02JAN2420750CE.NFO,02/01/2024,15:16:50,589.6,595.35,80,599.5,80,0,600
FINNIFTY02JAN2420750CE.NFO,02/01/2024,15:16:51,589.6,595.25,80,598.9,80,0,600
FINNIFTY02JAN2420750CE.NFO,02/01/2024,15:16:53,589.6,595.2,80,598.6,80,0,600
FINNIFTY02JAN2420750CE.NFO,02/01/2024,15:16:55,589.6,595.3,80,598.1,200,0,600
FINNIFTY02JAN2420750CE.NFO,02/01/2024,15:16:56,589.6,595.7,80,600.6,80,0,600
FINNIFTY02JAN2420750CE.NFO,02/01/2024,15:16:58,589.6,595.25,160,600.3,80,0,600
FINNIFTY02JAN2420750CE.NFO,02/01/2024,15:17:00,589.6,595.4,80,599.7,80,0,600
FINNIFTY02JAN2420750CE.NFO,02/01/2024,15:17:01,589.6,595.4,80,599.3,200,0,600
FINNIFTY02JAN2420750CE.NFO,02/01/2024,15:17:03,589.6,595.5,80,599,200,0,600
FINNIFTY02JAN2420750CE.NFO,02/01/2024,15:17:05,589.6,595.6,160,598.9,80,0,600
FINNIFTY02JAN2420750CE.NFO,02/01/2024,15:17:06,589.6,595.6,160,598.5,80,0,600
FINNIFTY02JAN2420750CE.NFO,02/01/2024,15:17:08,589.6,595.45,200,598.3,80,0,600
FINNIFTY02JAN2420750CE.NFO,02/01/2024,15:17:10,589.6,595.5,80,599.1,80,0,600
FINNIFTY02JAN2420750CE.NFO,02/01/2024,15:17:11,589.6,595.6,80,598.4,80,0,600
FINNIFTY02JAN2420750CE.NFO,02/01/2024,15:17:13,589.6,595.6,80,598.15,80,0,600
FINNIFTY02JAN2420750CE.NFO,02/01/2024,15:17:15,589.6,595.05,80,598,80,0,600
FINNIFTY02JAN2420750CE.NFO,02/01/2024,15:17:16,589.6,595.2,160,598.05,80,0,600
FINNIFTY02JAN2420750CE.NFO,02/01/2024,15:17:18,589.6,595.3,120,598,80,0,600
FINNIFTY02JAN2420750CE.NFO,02/01/2024,15:17:20,589.6,595.7,80,598.2,80,0,600
FINNIFTY02JAN2420750CE.NFO,02/01/2024,15:17:21,589.6,595.6,160,598.8,80,0,600
FINNIFTY02JAN2420750CE.NFO,02/01/2024,15:17:23,589.6,595.6,80,598.4,200,0,600
FINNIFTY02JAN2420750CE.NFO,02/01/2024,15:17:25,589.6,595.25,80,598.1,200,0,600
FINNIFTY02JAN2420750CE.NFO,02/01/2024,15:17:26,589.6,595.6,80,598.35,80,0,600
FINNIFTY02JAN2420750CE.NFO,02/01/2024,15:17:28,589.6,595.3,120,598.65,80,0,600
FINNIFTY02JAN2420750CE.NFO,02/01/2024,15:17:30,589.6,595.55,120,598.35,80,0,600
FINNIFTY02JAN2420750CE.NFO,02/01/2024,15:17:33,589.6,595.4,80,598.35,280,0,600
FINNIFTY02JAN2420750CE.NFO,02/01/2024,15:17:43,589.6,596,280,606.75,80,0,600
FINNIFTY02JAN2420750CE.NFO,02/01/2024,15:17:52,589.6,596.65,80,602.1,80,0,600
FINNIFTY02JAN2420750CE.NFO,02/01/2024,15:18:00,589.6,596.35,440,600.6,80,0,600
FINNIFTY02JAN2420750CE.NFO,02/01/2024,15:18:09,589.6,597.2,80,599.95,80,0,600
FINNIFTY02JAN2420750CE.NFO,02/01/2024,15:18:17,589.6,597.75,120,603.7,80,0,600
FINNIFTY02JAN2420750CE.NFO,02/01/2024,15:18:25,589.6,596.9,80,602.9,80,0,600
FINNIFTY02JAN2420750CE.NFO,02/01/2024,15:18:31,589.6,596.9,80,602.1,80,0,600
FINNIFTY02JAN2420750CE.NFO,02/01/2024,15:18:33,589.6,597.5,280,601.9,80,0,600
FINNIFTY02JAN2420750CE.NFO,02/01/2024,15:18:34,589.6,597.75,280,601.8,80,0,600
FINNIFTY02JAN2420750CE.NFO,02/01/2024,15:18:36,589.6,597.8,40,601.4,80,0,600
FINNIFTY02JAN2420750CE.NFO,02/01/2024,15:18:38,589.6,597.8,40,601.1,80,0,600
FINNIFTY02JAN2420750CE.NFO,02/01/2024,15:18:39,589.6,597.95,120,601,160,0,600
FINNIFTY02JAN2420750CE.NFO,02/01/2024,15:18:41,589.6,598.5,120,601.05,80,0,600
FINNIFTY02JAN2420750CE.NFO,02/01/2024,15:18:43,589.6,598.45,40,600.95,80,0,600
FINNIFTY02JAN2420750CE.NFO,02/01/2024,15:18:44,589.6,598.7,200,600.95,80,0,600
FINNIFTY02JAN2420750CE.NFO,02/01/2024,15:18:46,589.6,598.9,320,603.1,80,0,600
FINNIFTY02JAN2420750CE.NFO,02/01/2024,15:18:48,589.6,599,200,602.9,80,0,600
FINNIFTY02JAN2420750CE.NFO,02/01/2024,15:18:49,589.6,599.2,80,602.8,80,0,600
FINNIFTY02JAN2420750CE.NFO,02/01/2024,15:18:51,589.6,599.1,120,602.8,80,0,600
FINNIFTY02JAN2420750CE.NFO,02/01/2024,15:18:53,589.6,598.85,80,602.8,80,0,600
FINNIFTY02JAN2420750CE.NFO,02/01/2024,15:18:54,589.6,598.75,280,602.7,80,0,600
FINNIFTY02JAN2420750CE.NFO,02/01/2024,15:18:56,589.6,598.65,160,602.5,200,0,600
FINNIFTY02JAN2420750CE.NFO,02/01/2024,15:18:58,589.6,598.7,80,602.2,80,0,600
FINNIFTY02JAN2420750CE.NFO,02/01/2024,15:18:59,589.6,598.6,80,602.2,80,0,600
FINNIFTY02JAN2420750CE.NFO,02/01/2024,15:19:01,589.6,598.65,80,602,80,0,600
FINNIFTY02JAN2420750CE.NFO,02/01/2024,15:19:04,589.6,598.65,80,601.9,80,0,600
FINNIFTY02JAN2420750CE.NFO,02/01/2024,15:19:08,589.6,598.65,80,601.8,80,0,600
FINNIFTY02JAN2420750CE.NFO,02/01/2024,15:19:09,589.6,597.85,80,601.7,200,0,600
FINNIFTY02JAN2420750CE.NFO,02/01/2024,15:19:11,589.6,597.9,80,601.6,80,0,600
FINNIFTY02JAN2420750CE.NFO,02/01/2024,15:19:13,589.6,597.05,160,601.6,80,0,600
FINNIFTY02JAN2420750CE.NFO,02/01/2024,15:19:14,589.6,596.9,120,601.5,80,0,600
FINNIFTY02JAN2420750CE.NFO,02/01/2024,15:19:16,589.6,596.7,80,601.3,80,0,600
FINNIFTY02JAN2420750CE.NFO,02/01/2024,15:19:17,589.6,596.95,280,601.2,80,0,600
FINNIFTY02JAN2420750CE.NFO,02/01/2024,15:19:19,589.6,596.8,120,601.2,80,0,600
FINNIFTY02JAN2420750CE.NFO,02/01/2024,15:19:21,589.6,596.85,120,601.2,80,0,600
FINNIFTY02JAN2420750CE.NFO,02/01/2024,15:19:22,589.6,597.15,160,601,80,0,600
FINNIFTY02JAN2420750CE.NFO,02/01/2024,15:19:24,589.6,597.25,160,600.65,80,0,600
FINNIFTY02JAN2420750CE.NFO,02/01/2024,15:19:26,589.6,596.95,160,600.5,80,0,600
FINNIFTY02JAN2420750CE.NFO,02/01/2024,15:19:27,589.6,596.95,80,600.2,80,0,600
FINNIFTY02JAN2420750CE.NFO,02/01/2024,15:19:29,589.6,596.95,80,600.1,80,0,600
FINNIFTY02JAN2420750CE.NFO,02/01/2024,15:19:30,589.6,596.65,40,600,80,0,600
FINNIFTY02JAN2420750CE.NFO,02/01/2024,15:19:38,589.6,597.1,280,599.7,80,0,600
FINNIFTY02JAN2420750CE.NFO,02/01/2024,15:19:47,589.6,596.9,80,602.65,80,0,600
FINNIFTY02JAN2420750CE.NFO,02/01/2024,15:19:56,589.6,596.95,80,602.35,80,0,600
FINNIFTY02JAN2420750CE.NFO,02/01/2024,15:20:04,589.6,595.95,120,601.95,80,0,600
FINNIFTY02JAN2420750CE.NFO,02/01/2024,15:20:13,589.6,596.4,400,601.45,80,0,600
FINNIFTY02JAN2420750CE.NFO,02/01/2024,15:20:22,589.6,596.45,120,600.95,80,0,600
FINNIFTY02JAN2420750CE.NFO,02/01/2024,15:20:30,589.6,596.05,600,599.75,80,0,600
FINNIFTY02JAN2420750CE.NFO,02/01/2024,15:20:39,589.6,596.5,120,598.9,80,0,600
FINNIFTY02JAN2420750CE.NFO,02/01/2024,15:20:46,589.6,596.5,80,602.3,80,0,600
FINNIFTY02JAN2420750CE.NFO,02/01/2024,15:20:54,589.6,596.5,160,601.8,80,0,600
FINNIFTY02JAN2420750CE.NFO,02/01/2024,15:21:02,589.6,596.8,160,600.7,80,0,600
FINNIFTY02JAN2420750CE.NFO,02/01/2024,15:21:11,589.6,597.1,80,600,80,0,600
FINNIFTY02JAN2420750CE.NFO,02/01/2024,15:21:18,589.6,596.95,80,599,80,0,600
FINNIFTY02JAN2420750CE.NFO,02/01/2024,15:21:26,589.6,596.95,80,599.9,80,0,600
FINNIFTY02JAN2420750CE.NFO,02/01/2024,15:21:35,589.6,597,80,599.15,80,0,600
FINNIFTY02JAN2420750CE.NFO,02/01/2024,15:21:44,589.6,597.1,80,599.25,80,0,600
FINNIFTY02JAN2420750CE.NFO,02/01/2024,15:21:52,589.6,596.6,160,599.5,80,0,600
FINNIFTY02JAN2420750CE.NFO,02/01/2024,15:22:00,589.6,596.75,80,601.25,80,0,600
FINNIFTY02JAN2420750CE.NFO,02/01/2024,15:22:07,589.6,596.8,80,600.55,80,0,600
FINNIFTY02JAN2420750CE.NFO,02/01/2024,15:22:15,589.6,596.7,80,599.35,80,0,600
FINNIFTY02JAN2420750CE.NFO,02/01/2024,15:22:23,589.6,596.75,80,601.05,80,0,600
FINNIFTY02JAN2420750CE.NFO,02/01/2024,15:22:31,589.6,596.75,80,600.35,80,0,600
FINNIFTY02JAN2420750CE.NFO,02/01/2024,15:22:38,589.6,596.7,80,599.05,80,0,600
FINNIFTY02JAN2420750CE.NFO,02/01/2024,15:22:46,589.6,596.7,80,598.7,80,0,600
FINNIFTY02JAN2420750CE.NFO,02/01/2024,15:22:55,589.6,596.85,80,598.45,80,0,600
FINNIFTY02JAN2420750CE.NFO,02/01/2024,15:23:04,589.6,596.1,80,602.3,80,0,600
FINNIFTY02JAN2420750CE.NFO,02/01/2024,15:23:14,589.6,595.5,160,601.3,80,0,600
FINNIFTY02JAN2420750CE.NFO,02/01/2024,15:23:23,589.6,595.85,120,600.05,200,0,600
FINNIFTY02JAN2420750CE.NFO,02/01/2024,15:23:33,589.6,595.9,80,600.15,80,0,600
FINNIFTY02JAN2420750CE.NFO,02/01/2024,15:23:42,589.6,596.05,80,598.85,80,0,600
FINNIFTY02JAN2420750CE.NFO,02/01/2024,15:23:51,589.6,596.45,80,598.25,80,0,600
FINNIFTY02JAN2420750CE.NFO,02/01/2024,15:24:01,589.6,595.8,120,598.25,80,0,600
FINNIFTY02JAN2420750CE.NFO,02/01/2024,15:24:10,589.6,595.85,80,598.1,80,0,600
FINNIFTY02JAN2420750CE.NFO,02/01/2024,15:24:19,589.6,595.9,80,598,80,0,600
FINNIFTY02JAN2420750CE.NFO,02/01/2024,15:24:29,589.6,595.35,80,597.7,240,0,600
FINNIFTY02JAN2420750CE.NFO,02/01/2024,15:24:38,589.6,595.45,80,597.65,80,0,600
FINNIFTY02JAN2420750CE.NFO,02/01/2024,15:24:49,589.6,595.55,80,601.6,80,0,600
FINNIFTY02JAN2420750CE.NFO,02/01/2024,15:24:58,589.6,595.7,80,600.1,80,0,600
FINNIFTY02JAN2420750CE.NFO,02/01/2024,15:25:08,589.6,595.8,80,599.6,80,0,600
FINNIFTY02JAN2420750CE.NFO,02/01/2024,15:25:17,589.6,595.9,80,597.8,80,0,600
FINNIFTY02JAN2420750CE.NFO,02/01/2024,15:25:27,589.6,595.2,80,597.75,160,0,600
FINNIFTY02JAN2420750CE.NFO,02/01/2024,15:25:38,589.6,595.3,80,597.75,80,0,600
FINNIFTY02JAN2420750CE.NFO,02/01/2024,15:25:58,589.6,595.5,80,597.45,80,0,600
FINNIFTY02JAN2420750CE.NFO,02/01/2024,15:26:08,589.6,595.8,80,600.1,80,0,600
FINNIFTY02JAN2420750CE.NFO,02/01/2024,15:26:17,589.6,594.9,80,598.25,80,0,600
FINNIFTY02JAN2420750CE.NFO,02/01/2024,15:26:27,589.6,595.1,80,597.35,80,0,600
FINNIFTY02JAN2420750CE.NFO,02/01/2024,15:26:37,589.6,595.15,80,597.25,80,0,600
FINNIFTY02JAN2420750CE.NFO,02/01/2024,15:26:46,589.6,595.15,80,597.15,80,0,600
FINNIFTY02JAN2420750CE.NFO,02/01/2024,15:26:56,589.6,595.15,80,598.15,80,0,600
FINNIFTY02JAN2420750CE.NFO,02/01/2024,15:27:05,589.6,595.25,80,596.95,80,0,600
FINNIFTY02JAN2420750CE.NFO,02/01/2024,15:27:15,589.6,595.35,80,596.95,80,0,600
FINNIFTY02JAN2420750CE.NFO,02/01/2024,15:27:24,589.6,595.5,80,596.95,80,0,600
FINNIFTY02JAN2420750CE.NFO,02/01/2024,15:27:33,589.6,595.6,80,596.95,80,0,600
FINNIFTY02JAN2420750CE.NFO,02/01/2024,15:27:51,589.6,593.95,80,596.95,80,0,600
FINNIFTY02JAN2420750CE.NFO,02/01/2024,15:28:00,589.6,594.05,80,596.95,80,0,600
FINNIFTY02JAN2420750CE.NFO,02/01/2024,15:28:09,589.6,594.05,80,596.9,80,0,600
FINNIFTY02JAN2420750CE.NFO,02/01/2024,15:28:18,589.6,593.55,80,596.9,80,0,600
FINNIFTY02JAN2420750CE.NFO,02/01/2024,15:28:27,589.6,593.85,200,596.9,80,0,600
FINNIFTY02JAN2420750CE.NFO,02/01/2024,15:28:45,589.6,594.25,80,596.9,80,0,600
FINNIFTY02JAN2420750CE.NFO,02/01/2024,15:29:02,589.6,594.25,80,596.85,80,0,600
FINNIFTY02JAN2420750CE.NFO,02/01/2024,15:29:11,589.6,594.25,160,596.85,80,0,600
FINNIFTY02JAN2420750CE.NFO,02/01/2024,15:29:20,589.6,594.4,80,596.9,80,0,600
FINNIFTY02JAN2420750CE.NFO,02/01/2024,15:29:31,589.6,594.6,80,596.9,80,0,600
FINNIFTY02JAN2420750CE.NFO,02/01/2024,15:29:40,589.6,594.7,80,596.9,80,0,600
FINNIFTY02JAN2420750CE.NFO,02/01/2024,15:29:50,589.6,591.6,80,596.9,80,0,600
FINNIFTY02JAN2420750CE.NFO,02/01/2024,15:30:00,589.6,591.15,3600,597,400,0,600
