Ticker,Date,Time,LTP,BuyPrice,BuyQty,SellPrice,SellQty,LTQ,OpenInterest
FINNIFTY02JAN2423300CE.NFO,02/01/2024,09:15:07,0.3,0.4,23560,0.5,2120,40440,46920
FINNIFTY02JAN2423300CE.NFO,02/01/2024,09:15:07,0.3,0.4,23560,0.5,2120,0,46920
FINNIFTY02JAN2423300CE.NFO,02/01/2024,09:15:07,0.4,0.4,23560,0.5,2120,0,46920
FINNIFTY02JAN2423300CE.NFO,02/01/2024,09:15:07,0.3,0.4,23560,0.5,2120,0,46920
FINNIFTY02JAN2423300CE.NFO,02/01/2024,09:15:20,0.25,0.2,4480,0.25,2400,29000,46920
FINNIFTY02JAN2423300CE.NFO,02/01/2024,09:15:20,0.25,0.2,4480,0.25,2400,0,46920
FINNIFTY02JAN2423300CE.NFO,02/01/2024,09:15:31,0.25,0.2,5360,0.25,800,1600,46920
FINNIFTY02JAN2423300CE.NFO,02/01/2024,09:15:40,0.2,0.2,2840,0.25,2440,2960,46920
FINNIFTY02JAN2423300CE.NFO,02/01/2024,09:15:40,0.2,0.2,2840,0.25,2440,0,46920
FINNIFTY02JAN2423300CE.NFO,02/01/2024,09:15:49,0.2,0.2,1800,0.25,2440,1040,46920
FINNIFTY02JAN2423300CE.NFO,02/01/2024,09:15:58,0.2,0.2,1800,0.25,2440,0,46920
FINNIFTY02JAN2423300CE.NFO,02/01/2024,09:16:08,0.25,0.2,1800,0.25,1840,1120,46920
FINNIFTY02JAN2423300CE.NFO,02/01/2024,09:16:16,0.25,0.2,2080,0.25,1920,200,46920
FINNIFTY02JAN2423300CE.NFO,02/01/2024,09:16:24,0.25,0.2,2080,0.25,3280,440,46920
FINNIFTY02JAN2423300CE.NFO,02/01/2024,09:16:32,0.25,0.2,2120,0.25,5040,0,46920
FINNIFTY02JAN2423300CE.NFO,02/01/2024,09:16:40,0.25,0.2,2160,0.25,5040,0,46920
FINNIFTY02JAN2423300CE.NFO,02/01/2024,09:16:49,0.25,0.2,2360,0.25,5040,0,46920
FINNIFTY02JAN2423300CE.NFO,02/01/2024,09:16:56,0.25,0.2,5960,0.25,5040,0,46920
FINNIFTY02JAN2423300CE.NFO,02/01/2024,09:17:04,0.25,0.2,21520,0.25,5600,3760,46920
FINNIFTY02JAN2423300CE.NFO,02/01/2024,09:17:13,0.25,0.2,26840,0.25,3400,0,46920
FINNIFTY02JAN2423300CE.NFO,02/01/2024,09:18:24,0.2,0.2,26920,0.25,5840,40,101760
FINNIFTY02JAN2423300CE.NFO,02/01/2024,09:18:31,0.2,0.2,26880,0.25,5840,40,101760
FINNIFTY02JAN2423300CE.NFO,02/01/2024,09:18:45,0.25,0.2,27040,0.25,5800,40,101760
FINNIFTY02JAN2423300CE.NFO,02/01/2024,09:18:54,0.25,0.2,27040,0.25,5920,0,101760
FINNIFTY02JAN2423300CE.NFO,02/01/2024,09:19:04,0.2,0.2,25360,0.25,5920,1680,101760
FINNIFTY02JAN2423300CE.NFO,02/01/2024,09:19:21,0.2,0.2,26520,0.25,5920,0,101760
FINNIFTY02JAN2423300CE.NFO,02/01/2024,09:20:19,0.25,0.2,26520,0.25,5880,40,101760
FINNIFTY02JAN2423300CE.NFO,02/01/2024,09:20:27,0.25,0.2,26520,0.25,5880,0,101760
FINNIFTY02JAN2423300CE.NFO,02/01/2024,09:20:34,0.25,0.2,26520,0.25,5840,40,100120
FINNIFTY02JAN2423300CE.NFO,02/01/2024,09:20:50,0.25,0.2,27960,0.25,3000,1040,100120
FINNIFTY02JAN2423300CE.NFO,02/01/2024,09:20:59,0.25,0.2,29560,0.25,2720,280,100120
FINNIFTY02JAN2423300CE.NFO,02/01/2024,09:21:11,0.2,0.2,30720,0.25,4400,1280,100120
FINNIFTY02JAN2423300CE.NFO,02/01/2024,09:21:23,0.2,0.2,30520,0.25,3320,280,100120
FINNIFTY02JAN2423300CE.NFO,02/01/2024,09:21:35,0.25,0.2,31640,0.25,2280,2400,100120
FINNIFTY02JAN2423300CE.NFO,02/01/2024,09:21:46,0.25,0.2,31880,0.25,2760,2200,100120
FINNIFTY02JAN2423300CE.NFO,02/01/2024,09:21:57,0.25,0.2,35280,0.25,2280,4600,100120
FINNIFTY02JAN2423300CE.NFO,02/01/2024,09:22:09,0.25,0.2,36280,0.25,1080,1200,100120
FINNIFTY02JAN2423300CE.NFO,02/01/2024,09:22:20,0.3,0.25,14800,0.3,6280,1960,100120
FINNIFTY02JAN2423300CE.NFO,02/01/2024,09:22:31,0.3,0.25,14800,0.3,10120,800,100120
FINNIFTY02JAN2423300CE.NFO,02/01/2024,09:22:43,0.3,0.25,14800,0.3,13080,0,100120
FINNIFTY02JAN2423300CE.NFO,02/01/2024,09:23:05,0.3,0.25,13000,0.3,13720,0,100120
FINNIFTY02JAN2423300CE.NFO,02/01/2024,09:23:16,0.3,0.25,11560,0.3,13720,0,100120
FINNIFTY02JAN2423300CE.NFO,02/01/2024,09:23:26,0.25,0.25,11240,0.3,13720,320,113400
FINNIFTY02JAN2423300CE.NFO,02/01/2024,09:23:37,0.25,0.25,3800,0.3,13120,2240,113400
FINNIFTY02JAN2423300CE.NFO,02/01/2024,09:23:48,0.3,0.3,6280,0.35,5400,30360,113400
FINNIFTY02JAN2423300CE.NFO,02/01/2024,09:23:58,0.3,0.3,5200,0.35,13640,4440,113400
FINNIFTY02JAN2423300CE.NFO,02/01/2024,09:24:09,0.3,0.25,4440,0.3,4840,9960,113400
FINNIFTY02JAN2423300CE.NFO,02/01/2024,09:24:19,0.25,0.25,7680,0.3,8440,280,113400
FINNIFTY02JAN2423300CE.NFO,02/01/2024,09:24:31,0.25,0.25,9480,0.3,8640,0,113400
FINNIFTY02JAN2423300CE.NFO,02/01/2024,09:24:42,0.25,0.25,8040,0.3,8640,0,113400
FINNIFTY02JAN2423300CE.NFO,02/01/2024,09:24:53,0.25,0.25,7640,0.3,8640,400,113400
FINNIFTY02JAN2423300CE.NFO,02/01/2024,09:25:03,0.25,0.25,1920,0.3,9680,3040,113400
FINNIFTY02JAN2423300CE.NFO,02/01/2024,09:25:15,0.25,0.25,2080,0.3,9680,280,113400
FINNIFTY02JAN2423300CE.NFO,02/01/2024,09:25:25,0.25,0.25,1440,0.3,10880,1280,113400
FINNIFTY02JAN2423300CE.NFO,02/01/2024,09:25:36,0.25,0.2,51400,0.25,1920,1760,113400
FINNIFTY02JAN2423300CE.NFO,02/01/2024,09:25:47,0.2,0.2,54040,0.25,1600,600,113400
FINNIFTY02JAN2423300CE.NFO,02/01/2024,09:25:58,0.2,0.2,54240,0.25,4440,0,113400
FINNIFTY02JAN2423300CE.NFO,02/01/2024,09:26:21,0.25,0.2,54440,0.25,2240,2200,113400
FINNIFTY02JAN2423300CE.NFO,02/01/2024,09:26:33,0.25,0.2,54000,0.25,3280,400,104000
FINNIFTY02JAN2423300CE.NFO,02/01/2024,09:26:46,0.25,0.2,54880,0.25,1480,1800,104000
FINNIFTY02JAN2423300CE.NFO,02/01/2024,09:26:59,0.25,0.25,9200,0.3,10320,1480,104000
FINNIFTY02JAN2423300CE.NFO,02/01/2024,09:27:10,0.25,0.25,8240,0.3,12480,1000,104000
FINNIFTY02JAN2423300CE.NFO,02/01/2024,09:27:21,0.25,0.25,7640,0.3,14280,600,104000
FINNIFTY02JAN2423300CE.NFO,02/01/2024,09:27:32,0.25,0.25,5880,0.3,14280,4120,104000
FINNIFTY02JAN2423300CE.NFO,02/01/2024,09:27:43,0.25,0.25,4560,0.3,18040,1320,104000
FINNIFTY02JAN2423300CE.NFO,02/01/2024,09:27:55,0.25,0.25,2400,0.3,18200,3160,104000
FINNIFTY02JAN2423300CE.NFO,02/01/2024,09:28:07,0.25,0.2,54480,0.25,14360,2400,104000
FINNIFTY02JAN2423300CE.NFO,02/01/2024,09:28:19,0.25,0.2,54480,0.25,7760,0,104000
FINNIFTY02JAN2423300CE.NFO,02/01/2024,09:28:31,0.25,0.2,54680,0.25,7760,0,104000
FINNIFTY02JAN2423300CE.NFO,02/01/2024,09:28:43,0.25,0.2,54880,0.25,7760,0,104000
FINNIFTY02JAN2423300CE.NFO,02/01/2024,09:28:55,0.25,0.2,55120,0.25,10640,0,104000
FINNIFTY02JAN2423300CE.NFO,02/01/2024,09:29:06,0.25,0.2,57280,0.25,12840,0,104000
FINNIFTY02JAN2423300CE.NFO,02/01/2024,09:29:17,0.2,0.2,55480,0.25,13160,1800,104000
FINNIFTY02JAN2423300CE.NFO,02/01/2024,09:29:41,0.25,0.2,55440,0.25,5080,9000,112600
FINNIFTY02JAN2423300CE.NFO,02/01/2024,09:29:53,0.2,0.2,68480,0.25,6960,1240,112600
FINNIFTY02JAN2423300CE.NFO,02/01/2024,09:30:04,0.25,0.2,69920,0.25,5960,1000,112600
FINNIFTY02JAN2423300CE.NFO,02/01/2024,09:30:16,0.2,0.2,71680,0.25,5960,40,112600
FINNIFTY02JAN2423300CE.NFO,02/01/2024,09:30:28,0.2,0.2,71680,0.25,7240,0,112600
FINNIFTY02JAN2423300CE.NFO,02/01/2024,09:30:39,0.2,0.2,73480,0.25,7240,0,112600
FINNIFTY02JAN2423300CE.NFO,02/01/2024,09:31:01,0.2,0.2,73880,0.25,7240,0,112600
FINNIFTY02JAN2423300CE.NFO,02/01/2024,09:31:24,0.2,0.2,74480,0.25,7240,0,112600
FINNIFTY02JAN2423300CE.NFO,02/01/2024,09:31:46,0.2,0.2,72680,0.25,7240,0,112600
FINNIFTY02JAN2423300CE.NFO,02/01/2024,09:32:19,0.2,0.2,58280,0.25,7240,0,112600
FINNIFTY02JAN2423300CE.NFO,02/01/2024,09:32:31,0.2,0.2,58280,0.25,14040,0,112600
FINNIFTY02JAN2423300CE.NFO,02/01/2024,09:32:54,0.2,0.2,58120,0.25,15720,160,101400
FINNIFTY02JAN2423300CE.NFO,02/01/2024,09:33:16,0.2,0.2,59320,0.25,15640,0,101400
FINNIFTY02JAN2423300CE.NFO,02/01/2024,09:35:03,0.25,0.2,59320,0.25,14800,840,101400
FINNIFTY02JAN2423300CE.NFO,02/01/2024,09:37:12,0.25,0.2,59360,0.25,15640,0,101400
FINNIFTY02JAN2423300CE.NFO,02/01/2024,09:37:42,0.25,0.2,59360,0.25,15560,80,100560
FINNIFTY02JAN2423300CE.NFO,02/01/2024,09:37:53,0.25,0.2,59360,0.25,15480,80,100560
FINNIFTY02JAN2423300CE.NFO,02/01/2024,09:38:03,0.25,0.2,59360,0.25,15440,40,100560
FINNIFTY02JAN2423300CE.NFO,02/01/2024,09:38:13,0.25,0.2,41360,0.25,15760,40,100560
FINNIFTY02JAN2423300CE.NFO,02/01/2024,09:38:35,0.25,0.2,43160,0.25,15760,0,100560
FINNIFTY02JAN2423300CE.NFO,02/01/2024,09:38:46,0.25,0.2,43160,0.25,16960,0,100560
FINNIFTY02JAN2423300CE.NFO,02/01/2024,09:41:05,0.25,0.2,43160,0.25,16920,40,100440
FINNIFTY02JAN2423300CE.NFO,02/01/2024,09:42:00,0.2,0.2,41480,0.25,17520,1800,100480
FINNIFTY02JAN2423300CE.NFO,02/01/2024,09:42:11,0.2,0.2,41480,0.25,20640,0,100480
FINNIFTY02JAN2423300CE.NFO,02/01/2024,09:42:54,0.25,0.2,41480,0.25,20600,40,100480
FINNIFTY02JAN2423300CE.NFO,02/01/2024,09:43:06,0.25,0.2,41600,0.25,20600,0,100480
FINNIFTY02JAN2423300CE.NFO,02/01/2024,09:43:51,0.25,0.2,41480,0.25,20600,0,100480
FINNIFTY02JAN2423300CE.NFO,02/01/2024,09:44:25,0.25,0.2,41480,0.25,20520,80,100480
FINNIFTY02JAN2423300CE.NFO,02/01/2024,09:46:34,0.25,0.2,41440,0.25,20520,0,100480
FINNIFTY02JAN2423300CE.NFO,02/01/2024,09:47:26,0.25,0.2,40640,0.25,20520,0,100480
FINNIFTY02JAN2423300CE.NFO,02/01/2024,09:49:10,0.25,0.2,60640,0.25,20520,0,100480
FINNIFTY02JAN2423300CE.NFO,02/01/2024,09:49:31,0.2,0.2,60520,0.25,20520,240,100600
FINNIFTY02JAN2423300CE.NFO,02/01/2024,09:49:41,0.2,0.2,60920,0.25,20520,0,100600
FINNIFTY02JAN2423300CE.NFO,02/01/2024,09:49:51,0.25,0.2,60520,0.25,20120,400,100600
FINNIFTY02JAN2423300CE.NFO,02/01/2024,09:50:11,0.2,0.2,60440,0.25,20720,80,100600
FINNIFTY02JAN2423300CE.NFO,02/01/2024,09:50:41,0.2,0.2,60440,0.25,20720,0,100600
FINNIFTY02JAN2423300CE.NFO,02/01/2024,09:50:52,0.25,0.2,60440,0.25,20320,400,101000
FINNIFTY02JAN2423300CE.NFO,02/01/2024,09:51:13,0.25,0.2,60440,0.25,19720,600,101000
FINNIFTY02JAN2423300CE.NFO,02/01/2024,09:51:24,0.25,0.2,60040,0.25,19320,400,101000
FINNIFTY02JAN2423300CE.NFO,02/01/2024,09:51:56,0.25,0.2,60040,0.25,18120,0,101000
FINNIFTY02JAN2423300CE.NFO,02/01/2024,09:52:17,0.25,0.2,60040,0.25,17920,200,101000
FINNIFTY02JAN2423300CE.NFO,02/01/2024,09:52:27,0.25,0.2,60040,0.25,17720,200,101000
FINNIFTY02JAN2423300CE.NFO,02/01/2024,09:53:39,0.25,0.2,60040,0.25,16880,0,101000
FINNIFTY02JAN2423300CE.NFO,02/01/2024,09:54:31,0.25,0.2,60040,0.25,15000,200,101000
FINNIFTY02JAN2423300CE.NFO,02/01/2024,09:54:42,0.2,0.2,45640,0.25,26840,14400,101000
FINNIFTY02JAN2423300CE.NFO,02/01/2024,09:54:53,0.25,0.2,40960,0.25,29680,2000,101000
FINNIFTY02JAN2423300CE.NFO,02/01/2024,09:55:06,0.2,0.2,40880,0.25,34720,80,101000
FINNIFTY02JAN2423300CE.NFO,02/01/2024,09:55:29,0.25,0.2,49520,0.25,31200,3520,101000
FINNIFTY02JAN2423300CE.NFO,02/01/2024,09:56:06,0.25,0.2,49520,0.25,22200,3960,101000
FINNIFTY02JAN2423300CE.NFO,02/01/2024,09:56:20,0.25,0.2,49520,0.25,20960,1240,101000
FINNIFTY02JAN2423300CE.NFO,02/01/2024,09:56:34,0.25,0.2,49520,0.25,20960,0,101000
FINNIFTY02JAN2423300CE.NFO,02/01/2024,09:56:46,0.2,0.2,48680,0.25,23320,1120,95080
FINNIFTY02JAN2423300CE.NFO,02/01/2024,09:57:00,0.2,0.2,49720,0.25,31440,1080,95080
FINNIFTY02JAN2423300CE.NFO,02/01/2024,09:57:13,0.25,0.2,49720,0.25,26240,480,95080
FINNIFTY02JAN2423300CE.NFO,02/01/2024,09:57:26,0.25,0.2,55800,0.25,8560,19800,95080
FINNIFTY02JAN2423300CE.NFO,02/01/2024,09:57:39,0.2,0.2,61560,0.25,8920,680,95080
FINNIFTY02JAN2423300CE.NFO,02/01/2024,09:57:51,0.25,0.25,36680,0.3,17200,15960,95080
FINNIFTY02JAN2423300CE.NFO,02/01/2024,09:58:02,0.25,0.25,52040,0.3,17200,0,95080
FINNIFTY02JAN2423300CE.NFO,02/01/2024,09:58:26,0.25,0.25,53560,0.3,17200,0,95080
FINNIFTY02JAN2423300CE.NFO,02/01/2024,09:58:37,0.3,0.25,53920,0.3,7080,2640,95080
FINNIFTY02JAN2423300CE.NFO,02/01/2024,09:58:49,0.3,0.25,61440,0.3,6680,400,95080
FINNIFTY02JAN2423300CE.NFO,02/01/2024,09:59:00,0.3,0.25,63360,0.3,13920,200,95080
FINNIFTY02JAN2423300CE.NFO,02/01/2024,09:59:11,0.3,0.25,56360,0.3,4080,600,95080
FINNIFTY02JAN2423300CE.NFO,02/01/2024,09:59:22,0.3,0.3,38680,0.35,10440,9440,95080
FINNIFTY02JAN2423300CE.NFO,02/01/2024,09:59:33,0.3,0.3,21880,0.35,13680,1200,80200
FINNIFTY02JAN2423300CE.NFO,02/01/2024,09:59:44,0.3,0.3,21880,0.35,11080,0,80200
FINNIFTY02JAN2423300CE.NFO,02/01/2024,09:59:55,0.3,0.3,23480,0.35,12520,0,80200
FINNIFTY02JAN2423300CE.NFO,02/01/2024,10:00:06,0.35,0.3,15000,0.35,80,13000,80200
FINNIFTY02JAN2423300CE.NFO,02/01/2024,10:00:17,0.35,0.3,19960,0.4,14400,2720,80200
FINNIFTY02JAN2423300CE.NFO,02/01/2024,10:00:29,0.35,0.3,21080,0.35,8320,0,80200
FINNIFTY02JAN2423300CE.NFO,02/01/2024,10:00:41,0.35,0.3,29280,0.35,13520,40,80200
FINNIFTY02JAN2423300CE.NFO,02/01/2024,10:00:52,0.35,0.3,28080,0.35,13520,240,80200
FINNIFTY02JAN2423300CE.NFO,02/01/2024,10:01:03,0.35,0.3,26280,0.35,13360,0,80200
FINNIFTY02JAN2423300CE.NFO,02/01/2024,10:01:14,0.35,0.3,26280,0.35,15360,0,80200
FINNIFTY02JAN2423300CE.NFO,02/01/2024,10:01:26,0.3,0.3,11960,0.35,21360,11440,80200
FINNIFTY02JAN2423300CE.NFO,02/01/2024,10:01:37,0.35,0.3,13760,0.35,18680,1960,80200
FINNIFTY02JAN2423300CE.NFO,02/01/2024,10:01:48,0.35,0.3,14160,0.35,16880,0,80200
FINNIFTY02JAN2423300CE.NFO,02/01/2024,10:01:59,0.3,0.3,11920,0.35,17680,5520,80200
FINNIFTY02JAN2423300CE.NFO,02/01/2024,10:02:10,0.35,0.3,11120,0.35,16000,2080,80200
FINNIFTY02JAN2423300CE.NFO,02/01/2024,10:02:21,0.35,0.3,11160,0.35,16000,0,80200
FINNIFTY02JAN2423300CE.NFO,02/01/2024,10:02:31,0.35,0.3,11520,0.35,16040,0,80200
FINNIFTY02JAN2423300CE.NFO,02/01/2024,10:02:42,0.35,0.3,10480,0.4,6560,25200,88880
FINNIFTY02JAN2423300CE.NFO,02/01/2024,10:02:54,0.35,0.3,16320,0.4,23640,0,88880
FINNIFTY02JAN2423300CE.NFO,02/01/2024,10:03:05,0.35,0.3,14920,0.35,7640,400,88880
FINNIFTY02JAN2423300CE.NFO,02/01/2024,10:03:17,0.3,0.3,13000,0.35,10840,1920,88880
FINNIFTY02JAN2423300CE.NFO,02/01/2024,10:03:30,0.3,0.3,11560,0.35,10840,0,88880
FINNIFTY02JAN2423300CE.NFO,02/01/2024,10:03:41,0.3,0.3,11200,0.35,12040,0,88880
FINNIFTY02JAN2423300CE.NFO,02/01/2024,10:03:52,0.3,0.3,11000,0.35,15920,200,88880
FINNIFTY02JAN2423300CE.NFO,02/01/2024,10:04:03,0.3,0.3,10480,0.35,15920,520,88880
FINNIFTY02JAN2423300CE.NFO,02/01/2024,10:04:15,0.35,0.3,10640,0.35,15240,960,88880
FINNIFTY02JAN2423300CE.NFO,02/01/2024,10:04:26,0.3,0.3,10400,0.35,16280,240,88880
FINNIFTY02JAN2423300CE.NFO,02/01/2024,10:04:38,0.3,0.3,10360,0.35,16560,200,88880
FINNIFTY02JAN2423300CE.NFO,02/01/2024,10:04:49,0.35,0.35,5400,0.4,19400,18600,88880
FINNIFTY02JAN2423300CE.NFO,02/01/2024,10:05:00,0.35,0.35,7000,0.4,21000,1480,88880
FINNIFTY02JAN2423300CE.NFO,02/01/2024,10:05:11,0.35,0.35,7080,0.4,21600,1480,88880
FINNIFTY02JAN2423300CE.NFO,02/01/2024,10:05:22,0.35,0.35,5680,0.4,21600,1040,88880
FINNIFTY02JAN2423300CE.NFO,02/01/2024,10:05:33,0.35,0.35,8800,0.4,23400,0,88880
FINNIFTY02JAN2423300CE.NFO,02/01/2024,10:05:55,0.35,0.35,9080,0.4,23400,240,112440
FINNIFTY02JAN2423300CE.NFO,02/01/2024,10:06:06,0.35,0.35,8520,0.4,23400,560,112440
FINNIFTY02JAN2423300CE.NFO,02/01/2024,10:06:18,0.35,0.35,5680,0.4,22560,2880,112440
FINNIFTY02JAN2423300CE.NFO,02/01/2024,10:06:30,0.35,0.35,4320,0.4,21840,1360,112440
FINNIFTY02JAN2423300CE.NFO,02/01/2024,10:06:42,0.4,0.35,4920,0.4,19720,3200,112440
FINNIFTY02JAN2423300CE.NFO,02/01/2024,10:06:53,0.35,0.35,4200,0.4,21520,720,112440
FINNIFTY02JAN2423300CE.NFO,02/01/2024,10:07:04,0.35,0.35,4200,0.4,21600,0,112440
FINNIFTY02JAN2423300CE.NFO,02/01/2024,10:07:16,0.4,0.35,7560,0.4,21600,1000,112440
FINNIFTY02JAN2423300CE.NFO,02/01/2024,10:07:27,0.4,0.35,7560,0.4,22800,0,112440
FINNIFTY02JAN2423300CE.NFO,02/01/2024,10:07:39,0.4,0.35,4200,0.4,22800,0,112440
FINNIFTY02JAN2423300CE.NFO,02/01/2024,10:07:50,0.4,0.35,4360,0.4,22800,0,112440
FINNIFTY02JAN2423300CE.NFO,02/01/2024,10:08:01,0.35,0.35,40,0.4,22800,4320,112440
FINNIFTY02JAN2423300CE.NFO,02/01/2024,10:08:12,0.35,0.3,14760,0.35,3200,40,112440
FINNIFTY02JAN2423300CE.NFO,02/01/2024,10:08:23,0.35,0.3,15240,0.35,4320,0,112440
FINNIFTY02JAN2423300CE.NFO,02/01/2024,10:09:08,0.35,0.3,15240,0.35,4640,0,112440
FINNIFTY02JAN2423300CE.NFO,02/01/2024,10:09:20,0.35,0.3,16040,0.35,4640,0,112440
FINNIFTY02JAN2423300CE.NFO,02/01/2024,10:09:42,0.35,0.3,16040,0.35,3720,920,117080
FINNIFTY02JAN2423300CE.NFO,02/01/2024,10:09:54,0.35,0.3,16720,0.35,3680,40,117080
FINNIFTY02JAN2423300CE.NFO,02/01/2024,10:10:05,0.35,0.3,16720,0.35,5080,0,117080
FINNIFTY02JAN2423300CE.NFO,02/01/2024,10:10:27,0.35,0.3,16720,0.35,5200,0,117080
FINNIFTY02JAN2423300CE.NFO,02/01/2024,10:10:39,0.35,0.3,17280,0.35,9600,1840,117080
FINNIFTY02JAN2423300CE.NFO,02/01/2024,10:10:50,0.35,0.3,17280,0.35,9600,0,117080
FINNIFTY02JAN2423300CE.NFO,02/01/2024,10:11:02,0.3,0.3,17240,0.35,9000,40,117080
FINNIFTY02JAN2423300CE.NFO,02/01/2024,10:11:12,0.3,0.3,17240,0.35,6680,0,117080
FINNIFTY02JAN2423300CE.NFO,02/01/2024,10:11:45,0.3,0.3,17200,0.35,6760,40,116760
FINNIFTY02JAN2423300CE.NFO,02/01/2024,10:11:56,0.3,0.3,16880,0.35,7520,320,116760
FINNIFTY02JAN2423300CE.NFO,02/01/2024,10:12:06,0.3,0.3,14160,0.35,9440,2720,116760
FINNIFTY02JAN2423300CE.NFO,02/01/2024,10:12:16,0.3,0.3,14160,0.35,9440,0,116760
FINNIFTY02JAN2423300CE.NFO,02/01/2024,10:12:49,0.3,0.3,13080,0.35,8240,960,116760
FINNIFTY02JAN2423300CE.NFO,02/01/2024,10:13:00,0.35,0.3,14800,0.35,9080,4600,116760
FINNIFTY02JAN2423300CE.NFO,02/01/2024,10:13:22,0.3,0.3,14360,0.35,10520,320,116760
FINNIFTY02JAN2423300CE.NFO,02/01/2024,10:13:33,0.3,0.3,14360,0.35,10600,0,116760
FINNIFTY02JAN2423300CE.NFO,02/01/2024,10:13:43,0.3,0.3,13920,0.35,9600,1440,116760
FINNIFTY02JAN2423300CE.NFO,02/01/2024,10:13:54,0.3,0.3,12120,0.35,14240,280,116760
FINNIFTY02JAN2423300CE.NFO,02/01/2024,10:14:04,0.3,0.3,12120,0.35,15160,0,116760
FINNIFTY02JAN2423300CE.NFO,02/01/2024,10:14:25,0.3,0.3,7680,0.35,17720,5440,116760
FINNIFTY02JAN2423300CE.NFO,02/01/2024,10:14:35,0.3,0.3,1400,0.35,12720,9480,120120
FINNIFTY02JAN2423300CE.NFO,02/01/2024,10:14:46,0.3,0.25,36600,0.3,3000,2920,120120
FINNIFTY02JAN2423300CE.NFO,02/01/2024,10:14:56,0.3,0.25,36560,0.3,3000,0,120120
FINNIFTY02JAN2423300CE.NFO,02/01/2024,10:15:07,0.3,0.25,36560,0.3,5360,200,120120
FINNIFTY02JAN2423300CE.NFO,02/01/2024,10:15:17,0.3,0.3,3800,0.35,10800,7200,120120
FINNIFTY02JAN2423300CE.NFO,02/01/2024,10:15:27,0.3,0.25,33440,0.3,73880,5520,120120
FINNIFTY02JAN2423300CE.NFO,02/01/2024,10:15:37,0.3,0.25,33480,0.3,85240,0,120120
FINNIFTY02JAN2423300CE.NFO,02/01/2024,10:15:47,0.3,0.25,33480,0.3,24880,0,120120
FINNIFTY02JAN2423300CE.NFO,02/01/2024,10:15:58,0.3,0.25,33480,0.3,21160,0,120120
FINNIFTY02JAN2423300CE.NFO,02/01/2024,10:16:08,0.3,0.25,33480,0.3,20960,200,120120
FINNIFTY02JAN2423300CE.NFO,02/01/2024,10:16:29,0.3,0.25,33480,0.3,24320,0,120120
FINNIFTY02JAN2423300CE.NFO,02/01/2024,10:16:39,0.3,0.25,33360,0.3,24320,0,120120
FINNIFTY02JAN2423300CE.NFO,02/01/2024,10:17:22,0.3,0.25,12760,0.3,20240,0,120120
FINNIFTY02JAN2423300CE.NFO,02/01/2024,10:17:33,0.3,0.25,14080,0.3,20240,0,120120
FINNIFTY02JAN2423300CE.NFO,02/01/2024,10:19:40,0.3,0.25,14080,0.3,21160,0,120120
FINNIFTY02JAN2423300CE.NFO,02/01/2024,10:20:29,0.3,0.25,14080,0.3,20240,0,120120
FINNIFTY02JAN2423300CE.NFO,02/01/2024,10:20:48,0.25,0.25,10520,0.3,26560,920,130000
FINNIFTY02JAN2423300CE.NFO,02/01/2024,10:21:07,0.25,0.25,11120,0.3,26560,1000,130000
FINNIFTY02JAN2423300CE.NFO,02/01/2024,10:21:27,0.3,0.25,11120,0.3,26160,400,130000
FINNIFTY02JAN2423300CE.NFO,02/01/2024,10:21:39,0.3,0.25,14720,0.3,26160,0,130000
FINNIFTY02JAN2423300CE.NFO,02/01/2024,10:21:58,0.3,0.25,11840,0.3,26160,0,130000
FINNIFTY02JAN2423300CE.NFO,02/01/2024,10:22:18,0.3,0.25,10520,0.3,26160,0,130000
FINNIFTY02JAN2423300CE.NFO,02/01/2024,10:25:32,0.25,0.25,12280,0.3,26160,40,130000
FINNIFTY02JAN2423300CE.NFO,02/01/2024,10:25:52,0.25,0.25,12280,0.3,26160,0,130000
FINNIFTY02JAN2423300CE.NFO,02/01/2024,10:26:22,0.3,0.25,12280,0.3,24960,1200,130000
FINNIFTY02JAN2423300CE.NFO,02/01/2024,10:27:06,0.3,0.25,12280,0.3,24960,0,130000
FINNIFTY02JAN2423300CE.NFO,02/01/2024,10:27:28,0.3,0.25,12280,0.3,24960,1800,131080
FINNIFTY02JAN2423300CE.NFO,02/01/2024,10:30:32,0.25,0.25,12240,0.3,24960,40,129280
FINNIFTY02JAN2423300CE.NFO,02/01/2024,10:30:42,0.3,0.25,12240,0.3,21960,1200,129280
FINNIFTY02JAN2423300CE.NFO,02/01/2024,10:30:51,0.25,0.25,11160,0.3,23760,1120,129280
FINNIFTY02JAN2423300CE.NFO,02/01/2024,10:32:47,0.25,0.25,11120,0.3,23760,0,129280
FINNIFTY02JAN2423300CE.NFO,02/01/2024,10:34:39,0.25,0.25,11080,0.3,23760,40,128400
FINNIFTY02JAN2423300CE.NFO,02/01/2024,10:35:24,0.25,0.25,6280,0.3,23760,0,128400
FINNIFTY02JAN2423300CE.NFO,02/01/2024,10:35:33,0.25,0.25,6960,0.3,21760,240,128400
FINNIFTY02JAN2423300CE.NFO,02/01/2024,10:35:42,0.25,0.25,6920,0.3,25120,40,128480
FINNIFTY02JAN2423300CE.NFO,02/01/2024,10:35:50,0.3,0.25,6920,0.3,24800,320,128480
FINNIFTY02JAN2423300CE.NFO,02/01/2024,10:36:08,0.3,0.25,6920,0.3,24800,0,128480
FINNIFTY02JAN2423300CE.NFO,02/01/2024,10:37:04,0.3,0.25,6920,0.3,24600,200,128480
FINNIFTY02JAN2423300CE.NFO,02/01/2024,10:37:15,0.3,0.25,6920,0.3,24600,0,128480
FINNIFTY02JAN2423300CE.NFO,02/01/2024,10:37:26,0.3,0.25,6920,0.3,23720,520,128480
FINNIFTY02JAN2423300CE.NFO,02/01/2024,10:39:05,0.3,0.25,6920,0.3,23680,40,128480
FINNIFTY02JAN2423300CE.NFO,02/01/2024,10:39:26,0.25,0.2,49320,0.25,3480,13240,128480
FINNIFTY02JAN2423300CE.NFO,02/01/2024,10:39:37,0.25,0.2,49320,0.25,2440,1040,128480
FINNIFTY02JAN2423300CE.NFO,02/01/2024,10:39:48,0.25,0.2,49320,0.25,2840,200,128480
FINNIFTY02JAN2423300CE.NFO,02/01/2024,10:40:09,0.25,0.2,49280,0.25,2160,80,128480
FINNIFTY02JAN2423300CE.NFO,02/01/2024,10:40:20,0.25,0.25,40,0.3,3040,360,128480
FINNIFTY02JAN2423300CE.NFO,02/01/2024,10:40:31,0.25,0.25,10480,0.3,3040,0,128480
FINNIFTY02JAN2423300CE.NFO,02/01/2024,10:40:51,0.25,0.25,4600,0.3,4840,0,128480
FINNIFTY02JAN2423300CE.NFO,02/01/2024,10:41:11,0.25,0.25,2800,0.3,3040,0,128480
FINNIFTY02JAN2423300CE.NFO,02/01/2024,10:41:21,0.25,0.25,2800,0.3,4840,40,128480
FINNIFTY02JAN2423300CE.NFO,02/01/2024,10:41:31,0.25,0.25,2840,0.3,6080,0,128480
FINNIFTY02JAN2423300CE.NFO,02/01/2024,10:41:51,0.25,0.25,2840,0.3,5680,0,128480
FINNIFTY02JAN2423300CE.NFO,02/01/2024,10:42:51,0.25,0.25,2840,0.3,6880,0,128480
FINNIFTY02JAN2423300CE.NFO,02/01/2024,10:43:31,0.25,0.25,2880,0.3,6880,0,128480
FINNIFTY02JAN2423300CE.NFO,02/01/2024,10:44:10,0.25,0.25,2880,0.3,8080,0,128480
FINNIFTY02JAN2423300CE.NFO,02/01/2024,10:44:20,0.25,0.25,4680,0.3,10080,0,128480
FINNIFTY02JAN2423300CE.NFO,02/01/2024,10:44:31,0.25,0.25,6480,0.3,10080,0,128480
FINNIFTY02JAN2423300CE.NFO,02/01/2024,10:46:17,0.25,0.25,7000,0.3,10080,0,128480
FINNIFTY02JAN2423300CE.NFO,02/01/2024,10:46:37,0.25,0.25,7000,0.3,10280,0,128480
FINNIFTY02JAN2423300CE.NFO,02/01/2024,10:46:57,0.25,0.25,6960,0.3,9880,40,121880
FINNIFTY02JAN2423300CE.NFO,02/01/2024,10:47:07,0.25,0.25,15360,0.3,10280,0,121880
FINNIFTY02JAN2423300CE.NFO,02/01/2024,10:47:16,0.25,0.25,6960,0.3,10280,0,121880
FINNIFTY02JAN2423300CE.NFO,02/01/2024,10:48:22,0.25,0.25,6440,0.3,9880,520,121840
FINNIFTY02JAN2423300CE.NFO,02/01/2024,10:49:00,0.25,0.25,6440,0.3,9480,0,121840
FINNIFTY02JAN2423300CE.NFO,02/01/2024,10:50:08,0.25,0.25,4640,0.3,9080,1800,121840
FINNIFTY02JAN2423300CE.NFO,02/01/2024,10:50:17,0.25,0.25,4640,0.3,13880,0,121840
FINNIFTY02JAN2423300CE.NFO,02/01/2024,10:50:37,0.25,0.25,1800,0.3,9880,2880,122280
FINNIFTY02JAN2423300CE.NFO,02/01/2024,10:50:48,0.25,0.25,1400,0.3,12920,400,122280
FINNIFTY02JAN2423300CE.NFO,02/01/2024,10:50:58,0.25,0.2,49280,0.3,12560,1720,122280
FINNIFTY02JAN2423300CE.NFO,02/01/2024,10:51:08,0.25,0.25,40,0.3,12640,0,122280
FINNIFTY02JAN2423300CE.NFO,02/01/2024,10:51:18,0.25,0.25,1840,0.3,11680,0,122280
FINNIFTY02JAN2423300CE.NFO,02/01/2024,10:51:38,0.25,0.25,1360,0.3,8240,520,122280
FINNIFTY02JAN2423300CE.NFO,02/01/2024,10:52:36,0.25,0.2,49280,0.25,400,160,122280
FINNIFTY02JAN2423300CE.NFO,02/01/2024,10:52:45,0.25,0.2,49280,0.25,240,280,122280
FINNIFTY02JAN2423300CE.NFO,02/01/2024,10:52:55,0.25,0.2,49280,0.3,10120,320,122280
FINNIFTY02JAN2423300CE.NFO,02/01/2024,10:53:04,0.25,0.2,49280,0.3,10160,160,122280
FINNIFTY02JAN2423300CE.NFO,02/01/2024,10:53:23,0.25,0.2,49280,0.3,10160,40,122280
FINNIFTY02JAN2423300CE.NFO,02/01/2024,10:53:32,0.25,0.25,40,0.3,10160,40,122280
FINNIFTY02JAN2423300CE.NFO,02/01/2024,10:54:47,0.25,0.2,49320,0.3,10160,0,122280
FINNIFTY02JAN2423300CE.NFO,02/01/2024,10:54:56,0.25,0.25,40,0.3,10160,0,122280
FINNIFTY02JAN2423300CE.NFO,02/01/2024,10:56:47,0.25,0.25,640,0.3,10160,0,122280
FINNIFTY02JAN2423300CE.NFO,02/01/2024,10:57:38,0.25,0.25,440,0.3,10160,200,121040
FINNIFTY02JAN2423300CE.NFO,02/01/2024,10:58:09,0.25,0.25,440,0.3,10160,0,121040
FINNIFTY02JAN2423300CE.NFO,02/01/2024,10:58:19,0.3,0.2,49320,0.3,9720,440,121040
FINNIFTY02JAN2423300CE.NFO,02/01/2024,10:58:28,0.3,0.2,49320,0.3,10480,0,121040
FINNIFTY02JAN2423300CE.NFO,02/01/2024,10:59:34,0.3,0.2,49320,0.3,12880,0,121040
FINNIFTY02JAN2423300CE.NFO,02/01/2024,11:00:30,0.3,0.2,44400,0.3,11040,0,121040
FINNIFTY02JAN2423300CE.NFO,02/01/2024,11:00:49,0.3,0.25,40,0.3,12080,0,121040
FINNIFTY02JAN2423300CE.NFO,02/01/2024,11:00:58,0.25,0.2,45400,0.25,40,40,120720
FINNIFTY02JAN2423300CE.NFO,02/01/2024,11:01:08,0.25,0.2,45400,0.25,40,200,120720
FINNIFTY02JAN2423300CE.NFO,02/01/2024,11:01:18,0.25,0.2,45400,0.3,12080,40,120720
FINNIFTY02JAN2423300CE.NFO,02/01/2024,11:01:28,0.25,0.2,45400,0.25,240,0,120720
FINNIFTY02JAN2423300CE.NFO,02/01/2024,11:01:37,0.25,0.2,45400,0.25,280,0,120720
FINNIFTY02JAN2423300CE.NFO,02/01/2024,11:01:46,0.25,0.25,9320,0.3,12160,520,120720
FINNIFTY02JAN2423300CE.NFO,02/01/2024,11:03:13,0.25,0.25,12040,0.3,12160,0,120720
FINNIFTY02JAN2423300CE.NFO,02/01/2024,11:03:22,0.25,0.25,7520,0.3,12200,0,120720
FINNIFTY02JAN2423300CE.NFO,02/01/2024,11:03:32,0.25,0.25,5720,0.3,12240,0,120720
FINNIFTY02JAN2423300CE.NFO,02/01/2024,11:03:41,0.25,0.25,5520,0.3,12240,200,120920
FINNIFTY02JAN2423300CE.NFO,02/01/2024,11:03:50,0.25,0.25,3720,0.3,12240,0,120920
FINNIFTY02JAN2423300CE.NFO,02/01/2024,11:04:09,0.25,0.25,3720,0.3,12760,0,120920
FINNIFTY02JAN2423300CE.NFO,02/01/2024,11:04:38,0.3,0.25,3720,0.3,12880,40,120920
FINNIFTY02JAN2423300CE.NFO,02/01/2024,11:04:47,0.25,0.25,3600,0.3,12920,120,120920
FINNIFTY02JAN2423300CE.NFO,02/01/2024,11:04:56,0.3,0.25,3600,0.3,12520,400,120920
FINNIFTY02JAN2423300CE.NFO,02/01/2024,11:05:05,0.25,0.25,3480,0.3,13320,120,120920
FINNIFTY02JAN2423300CE.NFO,02/01/2024,11:05:24,0.25,0.25,3480,0.3,11880,0,120920
FINNIFTY02JAN2423300CE.NFO,02/01/2024,11:05:43,0.25,0.25,3360,0.3,11760,120,120920
FINNIFTY02JAN2423300CE.NFO,02/01/2024,11:05:52,0.25,0.25,2160,0.3,11760,1200,120920
FINNIFTY02JAN2423300CE.NFO,02/01/2024,11:06:01,0.25,0.25,1960,0.3,11760,200,120920
FINNIFTY02JAN2423300CE.NFO,02/01/2024,11:06:11,0.25,0.25,1840,0.3,13560,120,120920
FINNIFTY02JAN2423300CE.NFO,02/01/2024,11:06:20,0.25,0.2,47480,0.25,4240,600,120920
FINNIFTY02JAN2423300CE.NFO,02/01/2024,11:06:58,0.25,0.2,47480,0.25,4440,0,120920
FINNIFTY02JAN2423300CE.NFO,02/01/2024,11:07:07,0.25,0.2,47680,0.25,4440,0,120920
FINNIFTY02JAN2423300CE.NFO,02/01/2024,11:07:27,0.25,0.2,47920,0.25,4440,0,120920
FINNIFTY02JAN2423300CE.NFO,02/01/2024,11:07:36,0.25,0.2,48640,0.25,4440,0,120920
FINNIFTY02JAN2423300CE.NFO,02/01/2024,11:08:50,0.25,0.2,48160,0.25,6240,0,120920
FINNIFTY02JAN2423300CE.NFO,02/01/2024,11:09:37,0.25,0.25,4840,0.3,5480,4440,121640
FINNIFTY02JAN2423300CE.NFO,02/01/2024,11:09:46,0.25,0.25,9000,0.3,5480,0,121640
FINNIFTY02JAN2423300CE.NFO,02/01/2024,11:09:55,0.25,0.25,10240,0.3,5480,0,121640
FINNIFTY02JAN2423300CE.NFO,02/01/2024,11:10:04,0.25,0.25,11720,0.3,2040,0,121640
FINNIFTY02JAN2423300CE.NFO,02/01/2024,11:10:13,0.25,0.25,11320,0.3,3840,400,121640
FINNIFTY02JAN2423300CE.NFO,02/01/2024,11:10:30,0.25,0.25,11320,0.3,2040,0,121640
FINNIFTY02JAN2423300CE.NFO,02/01/2024,11:10:56,0.3,0.3,4440,0.35,6160,2000,121640
FINNIFTY02JAN2423300CE.NFO,02/01/2024,11:11:05,0.3,0.3,4360,0.35,6120,40,121640
FINNIFTY02JAN2423300CE.NFO,02/01/2024,11:11:14,0.3,0.3,4280,0.35,7880,80,121640
FINNIFTY02JAN2423300CE.NFO,02/01/2024,11:11:24,0.3,0.3,4240,0.35,4280,40,121640
FINNIFTY02JAN2423300CE.NFO,02/01/2024,11:11:33,0.3,0.3,3040,0.35,8280,1200,121640
FINNIFTY02JAN2423300CE.NFO,02/01/2024,11:12:11,0.3,0.3,3040,0.35,6120,0,121640
FINNIFTY02JAN2423300CE.NFO,02/01/2024,11:12:20,0.3,0.3,3040,0.35,4920,0,121640
FINNIFTY02JAN2423300CE.NFO,02/01/2024,11:12:38,0.3,0.3,4320,0.35,4920,0,121640
FINNIFTY02JAN2423300CE.NFO,02/01/2024,11:12:47,0.3,0.3,4320,0.35,5880,0,121640
FINNIFTY02JAN2423300CE.NFO,02/01/2024,11:12:55,0.3,0.3,4320,0.35,4880,0,121640
FINNIFTY02JAN2423300CE.NFO,02/01/2024,11:13:04,0.3,0.3,5880,0.35,4880,0,121640
FINNIFTY02JAN2423300CE.NFO,02/01/2024,11:13:13,0.3,0.3,5800,0.35,4880,40,116320
FINNIFTY02JAN2423300CE.NFO,02/01/2024,11:13:32,0.3,0.3,4160,0.35,3880,0,116320
FINNIFTY02JAN2423300CE.NFO,02/01/2024,11:13:42,0.3,0.3,4280,0.35,5760,0,116320
FINNIFTY02JAN2423300CE.NFO,02/01/2024,11:13:52,0.3,0.3,4280,0.35,5720,0,116320
FINNIFTY02JAN2423300CE.NFO,02/01/2024,11:14:01,0.35,0.3,5560,0.35,4160,1640,116320
FINNIFTY02JAN2423300CE.NFO,02/01/2024,11:14:11,0.35,0.3,7960,0.35,5440,400,116320
FINNIFTY02JAN2423300CE.NFO,02/01/2024,11:14:20,0.35,0.3,7440,0.35,5440,0,116320
FINNIFTY02JAN2423300CE.NFO,02/01/2024,11:14:29,0.4,0.35,21560,0.4,3160,6160,116320
FINNIFTY02JAN2423300CE.NFO,02/01/2024,11:14:37,0.4,0.4,2080,0.45,5640,5040,116320
FINNIFTY02JAN2423300CE.NFO,02/01/2024,11:14:37,0.45,0.4,2080,0.45,5640,0,116320
FINNIFTY02JAN2423300CE.NFO,02/01/2024,11:14:47,0.4,0.35,23000,0.45,6480,4840,117200
FINNIFTY02JAN2423300CE.NFO,02/01/2024,11:14:56,0.4,0.35,21800,0.4,1120,0,117200
FINNIFTY02JAN2423300CE.NFO,02/01/2024,11:15:06,0.4,0.35,21000,0.45,3680,0,117200
FINNIFTY02JAN2423300CE.NFO,02/01/2024,11:15:16,0.4,0.4,1880,0.45,3360,280,117200
FINNIFTY02JAN2423300CE.NFO,02/01/2024,11:15:26,0.4,0.4,1480,0.45,3360,1000,117200
FINNIFTY02JAN2423300CE.NFO,02/01/2024,11:15:36,0.4,0.4,1320,0.45,2600,200,117200
FINNIFTY02JAN2423300CE.NFO,02/01/2024,11:15:46,0.4,0.4,1280,0.45,2960,40,117200
FINNIFTY02JAN2423300CE.NFO,02/01/2024,11:15:57,0.4,0.4,1240,0.45,4760,0,117200
FINNIFTY02JAN2423300CE.NFO,02/01/2024,11:16:17,0.4,0.4,1040,0.45,4760,200,117200
FINNIFTY02JAN2423300CE.NFO,02/01/2024,11:16:26,0.4,0.4,640,0.45,4760,400,117200
FINNIFTY02JAN2423300CE.NFO,02/01/2024,11:16:36,0.4,0.4,640,0.45,5960,0,117200
FINNIFTY02JAN2423300CE.NFO,02/01/2024,11:16:54,0.4,0.35,3640,0.4,2000,640,117200
FINNIFTY02JAN2423300CE.NFO,02/01/2024,11:17:03,0.4,0.35,3080,0.4,2400,0,117200
FINNIFTY02JAN2423300CE.NFO,02/01/2024,11:17:21,0.4,0.35,3040,0.4,2400,0,117200
FINNIFTY02JAN2423300CE.NFO,02/01/2024,11:17:30,0.4,0.35,3080,0.4,2440,0,117200
FINNIFTY02JAN2423300CE.NFO,02/01/2024,11:17:49,0.4,0.35,3080,0.4,2680,0,117200
FINNIFTY02JAN2423300CE.NFO,02/01/2024,11:18:08,0.4,0.35,3080,0.4,3160,0,117200
FINNIFTY02JAN2423300CE.NFO,02/01/2024,11:18:17,0.4,0.35,3080,0.4,3960,0,117200
FINNIFTY02JAN2423300CE.NFO,02/01/2024,11:18:25,0.4,0.35,3080,0.4,3160,0,117200
FINNIFTY02JAN2423300CE.NFO,02/01/2024,11:18:43,0.4,0.35,3080,0.4,4120,0,117200
FINNIFTY02JAN2423300CE.NFO,02/01/2024,11:19:17,0.35,0.35,2880,0.4,4120,160,118400
FINNIFTY02JAN2423300CE.NFO,02/01/2024,11:19:25,0.35,0.35,2760,0.4,4120,440,118400
FINNIFTY02JAN2423300CE.NFO,02/01/2024,11:19:34,0.35,0.35,2200,0.4,4120,560,118400
FINNIFTY02JAN2423300CE.NFO,02/01/2024,11:19:42,0.35,0.35,1680,0.4,4160,560,118400
FINNIFTY02JAN2423300CE.NFO,02/01/2024,11:19:50,0.35,0.3,5080,0.4,4640,1680,118400
FINNIFTY02JAN2423300CE.NFO,02/01/2024,11:20:14,0.35,0.3,5080,0.35,760,320,118400
FINNIFTY02JAN2423300CE.NFO,02/01/2024,11:20:23,0.35,0.3,6800,0.35,1360,960,118400
FINNIFTY02JAN2423300CE.NFO,02/01/2024,11:20:31,0.35,0.3,6800,0.35,1040,0,118400
FINNIFTY02JAN2423300CE.NFO,02/01/2024,11:20:48,0.35,0.3,6800,0.35,800,240,119680
FINNIFTY02JAN2423300CE.NFO,02/01/2024,11:21:15,0.35,0.3,6800,0.35,1600,0,119680
FINNIFTY02JAN2423300CE.NFO,02/01/2024,11:21:24,0.35,0.3,7120,0.35,1320,840,119680
FINNIFTY02JAN2423300CE.NFO,02/01/2024,11:21:59,0.35,0.3,7120,0.35,1120,200,119680
FINNIFTY02JAN2423300CE.NFO,02/01/2024,11:22:08,0.35,0.3,7480,0.35,1120,0,119680
FINNIFTY02JAN2423300CE.NFO,02/01/2024,11:22:25,0.35,0.35,1920,0.4,2920,1440,119680
FINNIFTY02JAN2423300CE.NFO,02/01/2024,11:22:34,0.35,0.35,1000,0.4,4120,520,119680
FINNIFTY02JAN2423300CE.NFO,02/01/2024,11:22:43,0.35,0.35,960,0.4,4440,320,119680
FINNIFTY02JAN2423300CE.NFO,02/01/2024,11:22:51,0.35,0.35,1160,0.4,4440,200,119680
FINNIFTY02JAN2423300CE.NFO,02/01/2024,11:23:00,0.35,0.35,680,0.4,4120,800,119680
FINNIFTY02JAN2423300CE.NFO,02/01/2024,11:23:08,0.35,0.35,320,0.4,4120,480,119680
FINNIFTY02JAN2423300CE.NFO,02/01/2024,11:23:17,0.35,0.35,720,0.4,4120,80,119680
FINNIFTY02JAN2423300CE.NFO,02/01/2024,11:23:25,0.35,0.35,640,0.4,4120,80,119680
FINNIFTY02JAN2423300CE.NFO,02/01/2024,11:23:33,0.35,0.35,560,0.4,4120,80,119680
FINNIFTY02JAN2423300CE.NFO,02/01/2024,11:23:41,0.35,0.3,5480,0.35,1240,880,119680
FINNIFTY02JAN2423300CE.NFO,02/01/2024,11:23:49,0.35,0.3,5120,0.35,1240,0,119680
FINNIFTY02JAN2423300CE.NFO,02/01/2024,11:23:57,0.35,0.3,5480,0.35,1240,0,119680
FINNIFTY02JAN2423300CE.NFO,02/01/2024,11:24:06,0.35,0.3,5800,0.35,1560,0,119680
FINNIFTY02JAN2423300CE.NFO,02/01/2024,11:24:14,0.35,0.3,5800,0.35,1960,0,119680
FINNIFTY02JAN2423300CE.NFO,02/01/2024,11:24:47,0.35,0.3,4520,0.35,2360,0,119680
FINNIFTY02JAN2423300CE.NFO,02/01/2024,11:25:03,0.3,0.3,1440,0.35,2440,3600,121320
FINNIFTY02JAN2423300CE.NFO,02/01/2024,11:25:11,0.3,0.3,1800,0.35,2400,40,121320
FINNIFTY02JAN2423300CE.NFO,02/01/2024,11:25:19,0.3,0.3,1800,0.35,4040,0,121320
FINNIFTY02JAN2423300CE.NFO,02/01/2024,11:25:28,0.3,0.3,1800,0.35,5640,0,121320
FINNIFTY02JAN2423300CE.NFO,02/01/2024,11:25:52,0.3,0.3,2800,0.35,5640,0,121320
FINNIFTY02JAN2423300CE.NFO,02/01/2024,11:27:45,0.3,0.3,2440,0.35,5640,360,122640
FINNIFTY02JAN2423300CE.NFO,02/01/2024,11:27:53,0.3,0.3,2440,0.35,7720,0,122640
FINNIFTY02JAN2423300CE.NFO,02/01/2024,11:28:02,0.3,0.3,2240,0.35,7280,200,122640
FINNIFTY02JAN2423300CE.NFO,02/01/2024,11:28:10,0.3,0.3,2240,0.35,6880,0,122640
FINNIFTY02JAN2423300CE.NFO,02/01/2024,11:28:18,0.3,0.3,2320,0.35,6880,0,122640
FINNIFTY02JAN2423300CE.NFO,02/01/2024,11:28:35,0.3,0.3,1960,0.35,6880,360,122640
FINNIFTY02JAN2423300CE.NFO,02/01/2024,11:28:43,0.3,0.3,1920,0.35,6880,40,122640
FINNIFTY02JAN2423300CE.NFO,02/01/2024,11:28:51,0.3,0.3,1640,0.35,8080,480,122640
FINNIFTY02JAN2423300CE.NFO,02/01/2024,11:28:59,0.3,0.3,1640,0.35,8080,0,122640
FINNIFTY02JAN2423300CE.NFO,02/01/2024,11:31:04,0.35,0.3,1720,0.35,8000,80,122560
FINNIFTY02JAN2423300CE.NFO,02/01/2024,11:32:14,0.3,0.25,14480,0.3,2640,3400,122560
FINNIFTY02JAN2423300CE.NFO,02/01/2024,11:32:22,0.3,0.25,13200,0.3,25200,0,122560
FINNIFTY02JAN2423300CE.NFO,02/01/2024,11:32:29,0.3,0.25,6720,0.3,12160,0,122560
FINNIFTY02JAN2423300CE.NFO,02/01/2024,11:33:05,0.3,0.25,6760,0.3,12160,0,122560
FINNIFTY02JAN2423300CE.NFO,02/01/2024,11:34:31,0.3,0.25,3160,0.3,12640,0,122560
FINNIFTY02JAN2423300CE.NFO,02/01/2024,11:37:17,0.3,0.25,4000,0.3,9960,1480,121920
FINNIFTY02JAN2423300CE.NFO,02/01/2024,11:37:49,0.3,0.25,3960,0.3,9960,0,121920
FINNIFTY02JAN2423300CE.NFO,02/01/2024,11:37:56,0.3,0.25,4320,0.3,9960,0,121920
FINNIFTY02JAN2423300CE.NFO,02/01/2024,11:39:25,0.25,0.25,3720,0.3,10640,600,120440
FINNIFTY02JAN2423300CE.NFO,02/01/2024,11:40:04,0.25,0.25,3920,0.3,10640,0,120440
FINNIFTY02JAN2423300CE.NFO,02/01/2024,11:45:51,0.25,0.25,3560,0.3,10640,360,119840
FINNIFTY02JAN2423300CE.NFO,02/01/2024,11:45:58,0.25,0.25,3040,0.3,10680,520,119840
FINNIFTY02JAN2423300CE.NFO,02/01/2024,11:46:05,0.25,0.25,3000,0.3,14400,320,119840
FINNIFTY02JAN2423300CE.NFO,02/01/2024,11:46:12,0.25,0.25,2760,0.3,14360,240,119840
FINNIFTY02JAN2423300CE.NFO,02/01/2024,11:46:18,0.25,0.25,2760,0.3,14360,0,119840
FINNIFTY02JAN2423300CE.NFO,02/01/2024,11:46:30,0.25,0.25,2760,0.3,14400,0,119840
FINNIFTY02JAN2423300CE.NFO,02/01/2024,11:46:43,0.25,0.25,2520,0.3,14400,240,119840
FINNIFTY02JAN2423300CE.NFO,02/01/2024,11:46:50,0.25,0.25,2640,0.3,14360,0,119840
FINNIFTY02JAN2423300CE.NFO,02/01/2024,11:47:04,0.25,0.25,2640,0.3,14400,0,119840
FINNIFTY02JAN2423300CE.NFO,02/01/2024,11:47:18,0.25,0.25,2640,0.3,14360,0,119840
FINNIFTY02JAN2423300CE.NFO,02/01/2024,11:47:45,0.25,0.25,2640,0.3,14400,0,119840
FINNIFTY02JAN2423300CE.NFO,02/01/2024,11:47:50,0.25,0.25,2640,0.3,14360,0,119840
FINNIFTY02JAN2423300CE.NFO,02/01/2024,11:48:04,0.25,0.25,2640,0.3,14400,0,119840
FINNIFTY02JAN2423300CE.NFO,02/01/2024,11:48:16,0.25,0.25,2640,0.3,14360,0,119840
FINNIFTY02JAN2423300CE.NFO,02/01/2024,11:48:22,0.25,0.25,2640,0.3,14400,0,119840
FINNIFTY02JAN2423300CE.NFO,02/01/2024,11:48:29,0.25,0.25,2640,0.3,14360,0,119840
FINNIFTY02JAN2423300CE.NFO,02/01/2024,11:48:37,0.25,0.25,2640,0.3,14400,0,119840
FINNIFTY02JAN2423300CE.NFO,02/01/2024,11:48:55,0.25,0.25,2640,0.3,14360,0,119840
FINNIFTY02JAN2423300CE.NFO,02/01/2024,11:49:07,0.25,0.25,2640,0.3,14400,0,119840
FINNIFTY02JAN2423300CE.NFO,02/01/2024,11:49:20,0.25,0.25,2640,0.3,14360,0,119840
FINNIFTY02JAN2423300CE.NFO,02/01/2024,11:51:40,0.3,0.25,2640,0.3,14320,40,120240
FINNIFTY02JAN2423300CE.NFO,02/01/2024,11:52:05,0.3,0.25,2640,0.3,15760,0,120240
FINNIFTY02JAN2423300CE.NFO,02/01/2024,11:52:23,0.3,0.25,2640,0.3,15440,0,120240
FINNIFTY02JAN2423300CE.NFO,02/01/2024,11:52:35,0.25,0.25,2440,0.3,15440,200,120240
FINNIFTY02JAN2423300CE.NFO,02/01/2024,11:53:07,0.25,0.25,2240,0.3,15440,200,120240
FINNIFTY02JAN2423300CE.NFO,02/01/2024,11:53:21,0.25,0.25,2240,0.3,15440,0,120240
FINNIFTY02JAN2423300CE.NFO,02/01/2024,11:54:17,0.25,0.25,2240,0.3,16240,0,120240
FINNIFTY02JAN2423300CE.NFO,02/01/2024,11:54:42,0.25,0.25,2680,0.3,16240,0,120240
FINNIFTY02JAN2423300CE.NFO,02/01/2024,11:54:48,0.25,0.25,2680,0.3,16280,0,120240
FINNIFTY02JAN2423300CE.NFO,02/01/2024,11:54:53,0.25,0.25,2680,0.3,16240,0,120240
FINNIFTY02JAN2423300CE.NFO,02/01/2024,11:54:59,0.25,0.25,2680,0.3,16280,0,120240
FINNIFTY02JAN2423300CE.NFO,02/01/2024,11:55:10,0.25,0.25,2680,0.3,16240,0,120240
FINNIFTY02JAN2423300CE.NFO,02/01/2024,11:55:22,0.25,0.25,2680,0.3,16280,0,120240
FINNIFTY02JAN2423300CE.NFO,02/01/2024,11:55:27,0.25,0.25,2680,0.3,16240,0,120240
FINNIFTY02JAN2423300CE.NFO,02/01/2024,11:55:32,0.25,0.25,2680,0.3,16280,0,120240
FINNIFTY02JAN2423300CE.NFO,02/01/2024,11:55:38,0.25,0.25,2680,0.3,16240,0,120240
FINNIFTY02JAN2423300CE.NFO,02/01/2024,11:57:22,0.25,0.25,2600,0.3,16240,80,120640
FINNIFTY02JAN2423300CE.NFO,02/01/2024,11:59:10,0.25,0.25,2360,0.3,14840,1200,120640
FINNIFTY02JAN2423300CE.NFO,02/01/2024,11:59:27,0.25,0.25,2360,0.3,14840,0,120640
FINNIFTY02JAN2423300CE.NFO,02/01/2024,12:00:50,0.25,0.25,2360,0.3,15040,0,120640
FINNIFTY02JAN2423300CE.NFO,02/01/2024,12:01:37,0.25,0.25,2360,0.3,14840,0,120640
FINNIFTY02JAN2423300CE.NFO,02/01/2024,12:01:43,0.25,0.25,1560,0.3,14840,800,121840
FINNIFTY02JAN2423300CE.NFO,02/01/2024,12:01:49,0.25,0.25,1360,0.3,15000,200,121840
FINNIFTY02JAN2423300CE.NFO,02/01/2024,12:03:18,0.25,0.25,1360,0.3,15040,0,121840
FINNIFTY02JAN2423300CE.NFO,02/01/2024,12:04:04,0.25,0.25,1760,0.3,15000,0,121840
FINNIFTY02JAN2423300CE.NFO,02/01/2024,12:04:31,0.25,0.25,1760,0.3,15080,0,121840
FINNIFTY02JAN2423300CE.NFO,02/01/2024,12:06:33,0.25,0.25,1760,0.3,15120,0,121840
FINNIFTY02JAN2423300CE.NFO,02/01/2024,12:06:38,0.25,0.25,1760,0.3,15080,0,121840
FINNIFTY02JAN2423300CE.NFO,02/01/2024,12:06:43,0.25,0.25,1760,0.3,15120,0,121840
FINNIFTY02JAN2423300CE.NFO,02/01/2024,12:06:54,0.25,0.25,1760,0.3,15080,0,121840
FINNIFTY02JAN2423300CE.NFO,02/01/2024,12:08:02,0.25,0.25,1760,0.3,15120,0,121840
FINNIFTY02JAN2423300CE.NFO,02/01/2024,12:08:08,0.25,0.25,1760,0.3,15080,0,121840
FINNIFTY02JAN2423300CE.NFO,02/01/2024,12:08:27,0.25,0.25,1760,0.3,15120,0,121840
FINNIFTY02JAN2423300CE.NFO,02/01/2024,12:08:34,0.25,0.25,1760,0.3,15080,0,121840
FINNIFTY02JAN2423300CE.NFO,02/01/2024,12:08:48,0.25,0.25,640,0.3,16080,2000,121480
FINNIFTY02JAN2423300CE.NFO,02/01/2024,12:09:27,0.25,0.2,40720,0.3,14280,2800,121480
FINNIFTY02JAN2423300CE.NFO,02/01/2024,12:09:34,0.25,0.2,40720,0.25,80,0,121480
FINNIFTY02JAN2423300CE.NFO,02/01/2024,12:09:40,0.2,0.2,37640,0.25,3120,3120,121480
FINNIFTY02JAN2423300CE.NFO,02/01/2024,12:09:53,0.2,0.2,36200,0.25,2400,160,121480
FINNIFTY02JAN2423300CE.NFO,02/01/2024,12:10:00,0.2,0.2,36200,0.25,3160,0,121480
FINNIFTY02JAN2423300CE.NFO,02/01/2024,12:10:17,0.2,0.2,36200,0.25,4960,0,121480
FINNIFTY02JAN2423300CE.NFO,02/01/2024,12:10:40,0.2,0.2,36680,0.25,3160,0,121480
FINNIFTY02JAN2423300CE.NFO,02/01/2024,12:10:54,0.2,0.2,36680,0.25,3960,0,121480
FINNIFTY02JAN2423300CE.NFO,02/01/2024,12:11:08,0.2,0.2,36880,0.25,4560,0,121480
FINNIFTY02JAN2423300CE.NFO,02/01/2024,12:11:15,0.2,0.2,36880,0.25,4920,0,121480
FINNIFTY02JAN2423300CE.NFO,02/01/2024,12:11:44,0.2,0.2,36880,0.25,3120,0,121480
FINNIFTY02JAN2423300CE.NFO,02/01/2024,12:11:58,0.2,0.2,32560,0.25,5880,0,121480
FINNIFTY02JAN2423300CE.NFO,02/01/2024,12:12:12,0.2,0.2,32480,0.25,3120,80,117440
FINNIFTY02JAN2423300CE.NFO,02/01/2024,12:12:25,0.2,0.2,30680,0.25,4920,0,117440
FINNIFTY02JAN2423300CE.NFO,02/01/2024,12:13:11,0.2,0.2,25240,0.25,5880,400,117440
FINNIFTY02JAN2423300CE.NFO,02/01/2024,12:13:18,0.2,0.2,24480,0.25,4080,0,117440
FINNIFTY02JAN2423300CE.NFO,02/01/2024,12:13:25,0.2,0.2,24480,0.25,7680,0,117440
FINNIFTY02JAN2423300CE.NFO,02/01/2024,12:13:36,0.2,0.2,24480,0.25,3120,0,117440
FINNIFTY02JAN2423300CE.NFO,02/01/2024,12:13:42,0.2,0.2,24480,0.25,8520,0,117440
FINNIFTY02JAN2423300CE.NFO,02/01/2024,12:13:48,0.2,0.2,24480,0.25,14040,0,117440
FINNIFTY02JAN2423300CE.NFO,02/01/2024,12:13:55,0.2,0.2,14200,0.25,15000,600,117440
FINNIFTY02JAN2423300CE.NFO,02/01/2024,12:14:24,0.2,0.2,14200,0.25,15960,0,117440
FINNIFTY02JAN2423300CE.NFO,02/01/2024,12:14:36,0.2,0.2,2720,0.25,15960,0,117440
FINNIFTY02JAN2423300CE.NFO,02/01/2024,12:15:01,0.2,0.2,2360,0.25,14640,360,117960
FINNIFTY02JAN2423300CE.NFO,02/01/2024,12:15:07,0.2,0.2,2160,0.25,15320,2080,117960
FINNIFTY02JAN2423300CE.NFO,02/01/2024,12:15:13,0.2,0.2,2120,0.25,15280,40,117960
FINNIFTY02JAN2423300CE.NFO,02/01/2024,12:15:19,0.2,0.2,2080,0.25,16440,40,117960
FINNIFTY02JAN2423300CE.NFO,02/01/2024,12:15:25,0.2,0.2,2760,0.25,16440,680,117960
FINNIFTY02JAN2423300CE.NFO,02/01/2024,12:15:39,0.2,0.2,2760,0.25,16440,0,117960
FINNIFTY02JAN2423300CE.NFO,02/01/2024,12:15:53,0.2,0.2,760,0.25,17240,1400,117960
FINNIFTY02JAN2423300CE.NFO,02/01/2024,12:16:00,0.2,0.2,760,0.25,17280,0,117960
FINNIFTY02JAN2423300CE.NFO,02/01/2024,12:16:07,0.2,0.2,760,0.25,17720,0,117960
FINNIFTY02JAN2423300CE.NFO,02/01/2024,12:16:22,0.2,0.2,720,0.25,17720,40,117960
FINNIFTY02JAN2423300CE.NFO,02/01/2024,12:16:29,0.25,0.2,720,0.25,19120,1200,117960
FINNIFTY02JAN2423300CE.NFO,02/01/2024,12:16:36,0.25,0.2,1600,0.25,19120,0,117960
FINNIFTY02JAN2423300CE.NFO,02/01/2024,12:16:43,0.25,0.2,1600,0.25,20800,0,117960
FINNIFTY02JAN2423300CE.NFO,02/01/2024,12:17:04,0.2,0.2,840,0.25,20320,640,117960
FINNIFTY02JAN2423300CE.NFO,02/01/2024,12:17:13,0.2,0.2,880,0.25,19360,3840,117960
FINNIFTY02JAN2423300CE.NFO,02/01/2024,12:17:22,0.2,0.15,74840,0.2,120,4080,117960
FINNIFTY02JAN2423300CE.NFO,02/01/2024,12:17:31,0.2,0.2,1000,0.25,18040,120,117960
FINNIFTY02JAN2423300CE.NFO,02/01/2024,12:17:39,0.2,0.2,1000,0.25,18040,0,117960
FINNIFTY02JAN2423300CE.NFO,02/01/2024,12:17:48,0.2,0.15,74840,0.25,18040,0,117960
FINNIFTY02JAN2423300CE.NFO,02/01/2024,12:18:03,0.2,0.2,1000,0.25,18040,0,117960
FINNIFTY02JAN2423300CE.NFO,02/01/2024,12:18:11,0.2,0.15,74840,0.25,18040,0,117960
FINNIFTY02JAN2423300CE.NFO,02/01/2024,12:18:18,0.2,0.15,74840,0.25,19840,200,117400
FINNIFTY02JAN2423300CE.NFO,02/01/2024,12:18:25,0.2,0.15,75040,0.25,18040,0,117400
FINNIFTY02JAN2423300CE.NFO,02/01/2024,12:18:41,0.2,0.15,73600,0.25,18040,0,117400
FINNIFTY02JAN2423300CE.NFO,02/01/2024,12:18:48,0.2,0.2,120,0.25,18040,0,117400
FINNIFTY02JAN2423300CE.NFO,02/01/2024,12:18:56,0.2,0.2,720,0.25,18040,0,117400
FINNIFTY02JAN2423300CE.NFO,02/01/2024,12:20:39,0.2,0.2,2520,0.25,18040,0,117400
FINNIFTY02JAN2423300CE.NFO,02/01/2024,12:21:34,0.2,0.2,2400,0.25,18080,120,117400
FINNIFTY02JAN2423300CE.NFO,02/01/2024,12:21:42,0.2,0.2,2400,0.25,18040,0,117400
FINNIFTY02JAN2423300CE.NFO,02/01/2024,12:21:56,0.2,0.2,2400,0.25,18080,0,117400
FINNIFTY02JAN2423300CE.NFO,02/01/2024,12:22:10,0.2,0.2,2400,0.25,18040,0,117400
FINNIFTY02JAN2423300CE.NFO,02/01/2024,12:22:25,0.2,0.2,2400,0.25,18080,0,117400
FINNIFTY02JAN2423300CE.NFO,02/01/2024,12:22:38,0.2,0.2,3040,0.25,12680,0,117400
FINNIFTY02JAN2423300CE.NFO,02/01/2024,12:22:51,0.2,0.2,1000,0.25,16280,2400,117400
FINNIFTY02JAN2423300CE.NFO,02/01/2024,12:22:58,0.25,0.15,73000,0.25,16080,200,117400
FINNIFTY02JAN2423300CE.NFO,02/01/2024,12:23:12,0.25,0.2,1000,0.25,16200,0,117400
FINNIFTY02JAN2423300CE.NFO,02/01/2024,12:23:19,0.25,0.2,2200,0.25,16200,0,117400
FINNIFTY02JAN2423300CE.NFO,02/01/2024,12:24:02,0.25,0.2,2200,0.25,16480,0,117400
FINNIFTY02JAN2423300CE.NFO,02/01/2024,12:24:15,0.25,0.2,2200,0.25,16360,120,117280
FINNIFTY02JAN2423300CE.NFO,02/01/2024,12:24:34,0.25,0.2,2520,0.25,16360,0,117280
FINNIFTY02JAN2423300CE.NFO,02/01/2024,12:25:05,0.2,0.2,1680,0.25,16360,840,117280
FINNIFTY02JAN2423300CE.NFO,02/01/2024,12:25:11,0.2,0.2,680,0.25,16360,0,117280
FINNIFTY02JAN2423300CE.NFO,02/01/2024,12:25:18,0.2,0.2,680,0.25,17360,0,117280
FINNIFTY02JAN2423300CE.NFO,02/01/2024,12:25:39,0.2,0.2,680,0.25,17560,0,117280
FINNIFTY02JAN2423300CE.NFO,02/01/2024,12:26:17,0.2,0.2,520,0.25,16360,0,117280
FINNIFTY02JAN2423300CE.NFO,02/01/2024,12:26:23,0.2,0.2,520,0.25,17560,0,117280
FINNIFTY02JAN2423300CE.NFO,02/01/2024,12:26:42,0.2,0.2,520,0.25,17200,0,117280
FINNIFTY02JAN2423300CE.NFO,02/01/2024,12:27:23,0.2,0.2,520,0.25,13600,0,117280
FINNIFTY02JAN2423300CE.NFO,02/01/2024,12:27:29,0.2,0.2,520,0.25,13920,0,117280
FINNIFTY02JAN2423300CE.NFO,02/01/2024,12:27:36,0.2,0.2,520,0.25,13600,0,117280
FINNIFTY02JAN2423300CE.NFO,02/01/2024,12:27:48,0.2,0.2,520,0.25,14800,0,117280
FINNIFTY02JAN2423300CE.NFO,02/01/2024,12:28:21,0.2,0.2,520,0.25,8800,0,117280
FINNIFTY02JAN2423300CE.NFO,02/01/2024,12:29:18,0.2,0.2,520,0.25,7960,0,117280
FINNIFTY02JAN2423300CE.NFO,02/01/2024,12:29:24,0.2,0.2,520,0.25,8560,0,117280
FINNIFTY02JAN2423300CE.NFO,02/01/2024,12:29:30,0.2,0.2,520,0.25,9800,0,117280
FINNIFTY02JAN2423300CE.NFO,02/01/2024,12:29:36,0.2,0.2,520,0.25,8600,0,117280
FINNIFTY02JAN2423300CE.NFO,02/01/2024,12:29:48,0.2,0.2,520,0.25,12240,0,117280
FINNIFTY02JAN2423300CE.NFO,02/01/2024,12:29:53,0.2,0.2,520,0.25,12280,0,117280
FINNIFTY02JAN2423300CE.NFO,02/01/2024,12:29:59,0.2,0.2,520,0.25,12320,0,117280
FINNIFTY02JAN2423300CE.NFO,02/01/2024,12:30:06,0.2,0.15,76520,0.2,2880,920,117400
FINNIFTY02JAN2423300CE.NFO,02/01/2024,12:30:12,0.2,0.15,77240,0.2,4040,360,117400
FINNIFTY02JAN2423300CE.NFO,02/01/2024,12:30:17,0.2,0.15,77800,0.2,3400,640,117400
FINNIFTY02JAN2423300CE.NFO,02/01/2024,12:30:24,0.2,0.15,74600,0.25,9800,200,117400
FINNIFTY02JAN2423300CE.NFO,02/01/2024,12:30:30,0.2,0.15,74600,0.25,10600,0,117400
FINNIFTY02JAN2423300CE.NFO,02/01/2024,12:30:35,0.2,0.2,1920,0.25,10600,0,117400
FINNIFTY02JAN2423300CE.NFO,02/01/2024,12:30:41,0.2,0.2,1480,0.25,10600,0,117400
FINNIFTY02JAN2423300CE.NFO,02/01/2024,12:30:47,0.2,0.2,1680,0.25,10600,400,117400
FINNIFTY02JAN2423300CE.NFO,02/01/2024,12:31:25,0.2,0.2,1680,0.25,10320,0,117400
FINNIFTY02JAN2423300CE.NFO,02/01/2024,12:31:37,0.2,0.2,1680,0.25,12880,0,117400
FINNIFTY02JAN2423300CE.NFO,02/01/2024,12:31:42,0.2,0.2,1680,0.25,9680,0,117400
FINNIFTY02JAN2423300CE.NFO,02/01/2024,12:32:34,0.2,0.15,58360,0.25,9680,1800,117400
FINNIFTY02JAN2423300CE.NFO,02/01/2024,12:32:40,0.2,0.2,1000,0.25,9680,0,117400
FINNIFTY02JAN2423300CE.NFO,02/01/2024,12:32:51,0.2,0.15,65560,0.2,800,1000,117400
FINNIFTY02JAN2423300CE.NFO,02/01/2024,12:32:57,0.2,0.15,68040,0.2,3880,0,117400
FINNIFTY02JAN2423300CE.NFO,02/01/2024,12:33:13,0.2,0.15,68320,0.2,3880,0,117400
FINNIFTY02JAN2423300CE.NFO,02/01/2024,12:33:37,0.2,0.15,68320,0.2,3680,200,117400
FINNIFTY02JAN2423300CE.NFO,02/01/2024,12:33:43,0.2,0.15,68560,0.2,3840,240,117400
FINNIFTY02JAN2423300CE.NFO,02/01/2024,12:33:49,0.2,0.15,68560,0.2,3680,160,117400
FINNIFTY02JAN2423300CE.NFO,02/01/2024,12:33:55,0.2,0.15,68800,0.2,3280,400,117400
FINNIFTY02JAN2423300CE.NFO,02/01/2024,12:34:01,0.2,0.15,69080,0.2,3760,320,117400
FINNIFTY02JAN2423300CE.NFO,02/01/2024,12:34:07,0.2,0.15,69080,0.2,6320,440,117400
FINNIFTY02JAN2423300CE.NFO,02/01/2024,12:34:13,0.2,0.15,65600,0.25,13880,40,117400
FINNIFTY02JAN2423300CE.NFO,02/01/2024,12:34:19,0.2,0.2,1560,0.25,13880,0,117400
FINNIFTY02JAN2423300CE.NFO,02/01/2024,12:35:17,0.2,0.2,1000,0.25,13880,0,117400
FINNIFTY02JAN2423300CE.NFO,02/01/2024,12:35:30,0.2,0.2,1560,0.25,13880,0,117400
FINNIFTY02JAN2423300CE.NFO,02/01/2024,12:35:50,0.2,0.15,47040,0.25,13880,0,117400
FINNIFTY02JAN2423300CE.NFO,02/01/2024,12:38:27,0.2,0.2,2360,0.25,13880,0,117400
FINNIFTY02JAN2423300CE.NFO,02/01/2024,12:39:15,0.2,0.15,48840,0.25,13880,0,117400
FINNIFTY02JAN2423300CE.NFO,02/01/2024,12:39:29,0.2,0.15,49400,0.2,1040,0,117400
FINNIFTY02JAN2423300CE.NFO,02/01/2024,12:39:35,0.2,0.15,51800,0.2,5600,320,116600
FINNIFTY02JAN2423300CE.NFO,02/01/2024,12:39:40,0.2,0.15,51800,0.2,5280,320,116600
FINNIFTY02JAN2423300CE.NFO,02/01/2024,12:39:45,0.2,0.15,51800,0.2,5280,320,116600
FINNIFTY02JAN2423300CE.NFO,02/01/2024,12:39:49,0.2,0.15,51800,0.2,6680,320,116600
FINNIFTY02JAN2423300CE.NFO,02/01/2024,12:39:54,0.2,0.15,49760,0.25,13880,200,116600
FINNIFTY02JAN2423300CE.NFO,02/01/2024,12:40:13,0.2,0.15,49760,0.2,40,0,116600
FINNIFTY02JAN2423300CE.NFO,02/01/2024,12:40:18,0.2,0.15,50800,0.25,13960,0,116600
FINNIFTY02JAN2423300CE.NFO,02/01/2024,12:40:25,0.2,0.15,51160,0.25,13960,0,116600
FINNIFTY02JAN2423300CE.NFO,02/01/2024,12:41:00,0.2,0.15,51160,0.2,120,0,116600
FINNIFTY02JAN2423300CE.NFO,02/01/2024,12:42:15,0.2,0.15,51160,0.2,2240,0,116600
FINNIFTY02JAN2423300CE.NFO,02/01/2024,12:42:56,0.2,0.15,51800,0.2,440,0,116600
FINNIFTY02JAN2423300CE.NFO,02/01/2024,12:44:18,0.2,0.15,48560,0.2,440,0,116600
FINNIFTY02JAN2423300CE.NFO,02/01/2024,12:44:24,0.2,0.15,44960,0.2,440,0,116600
FINNIFTY02JAN2423300CE.NFO,02/01/2024,12:44:49,0.2,0.15,44960,0.2,2120,0,116600
FINNIFTY02JAN2423300CE.NFO,02/01/2024,12:45:00,0.2,0.15,44480,0.2,320,0,116600
FINNIFTY02JAN2423300CE.NFO,02/01/2024,12:45:38,0.2,0.15,44480,0.2,2520,0,116600
FINNIFTY02JAN2423300CE.NFO,02/01/2024,12:45:44,0.2,0.15,44840,0.2,2680,0,116600
FINNIFTY02JAN2423300CE.NFO,02/01/2024,12:46:01,0.2,0.15,41680,0.2,2680,0,116600
FINNIFTY02JAN2423300CE.NFO,02/01/2024,12:47:30,0.2,0.15,40760,0.25,15560,4000,115960
FINNIFTY02JAN2423300CE.NFO,02/01/2024,12:47:35,0.2,0.15,40760,0.2,2640,0,115960
FINNIFTY02JAN2423300CE.NFO,02/01/2024,12:47:40,0.2,0.15,40760,0.2,5680,0,115960
FINNIFTY02JAN2423300CE.NFO,02/01/2024,12:47:46,0.2,0.15,40760,0.2,4880,0,115960
FINNIFTY02JAN2423300CE.NFO,02/01/2024,12:47:52,0.2,0.15,40760,0.2,6960,0,115960
FINNIFTY02JAN2423300CE.NFO,02/01/2024,12:47:58,0.2,0.15,40760,0.2,7920,0,115960
FINNIFTY02JAN2423300CE.NFO,02/01/2024,12:48:15,0.2,0.15,40760,0.2,6960,0,115960
FINNIFTY02JAN2423300CE.NFO,02/01/2024,12:49:23,0.2,0.15,40760,0.2,7600,200,116400
FINNIFTY02JAN2423300CE.NFO,02/01/2024,12:50:08,0.2,0.15,40760,0.2,8040,0,116400
FINNIFTY02JAN2423300CE.NFO,02/01/2024,12:51:37,0.2,0.15,40720,0.2,8880,0,116400
FINNIFTY02JAN2423300CE.NFO,02/01/2024,12:51:48,0.2,0.15,40720,0.2,6760,0,116400
FINNIFTY02JAN2423300CE.NFO,02/01/2024,12:52:11,0.15,0.15,40760,0.2,7600,40,116400
FINNIFTY02JAN2423300CE.NFO,02/01/2024,12:52:11,0.15,0.15,40760,0.2,7600,0,116400
FINNIFTY02JAN2423300CE.NFO,02/01/2024,12:52:16,0.2,0.15,40760,0.2,4000,1800,116400
FINNIFTY02JAN2423300CE.NFO,02/01/2024,12:52:36,0.2,0.15,40760,0.2,5120,1360,116400
FINNIFTY02JAN2423300CE.NFO,02/01/2024,12:53:01,0.2,0.15,40760,0.2,5120,0,116400
FINNIFTY02JAN2423300CE.NFO,02/01/2024,12:54:20,0.2,0.15,40760,0.2,9000,0,116400
FINNIFTY02JAN2423300CE.NFO,02/01/2024,12:55:39,0.2,0.15,40680,0.2,9000,0,116400
FINNIFTY02JAN2423300CE.NFO,02/01/2024,12:55:55,0.2,0.15,40680,0.2,10200,0,116400
FINNIFTY02JAN2423300CE.NFO,02/01/2024,12:56:36,0.2,0.15,40760,0.2,10200,0,116400
FINNIFTY02JAN2423300CE.NFO,02/01/2024,12:56:56,0.2,0.15,44160,0.2,10200,0,116400
FINNIFTY02JAN2423300CE.NFO,02/01/2024,12:57:02,0.2,0.15,44200,0.2,10200,0,116400
FINNIFTY02JAN2423300CE.NFO,02/01/2024,12:57:16,0.2,0.15,44280,0.2,10200,0,116400
FINNIFTY02JAN2423300CE.NFO,02/01/2024,12:57:22,0.2,0.15,44240,0.2,10200,0,116400
FINNIFTY02JAN2423300CE.NFO,02/01/2024,12:57:27,0.2,0.15,44320,0.2,10200,0,116400
FINNIFTY02JAN2423300CE.NFO,02/01/2024,12:57:42,0.2,0.15,44240,0.2,10200,0,116400
FINNIFTY02JAN2423300CE.NFO,02/01/2024,12:59:01,0.2,0.15,44320,0.2,10200,0,116400
FINNIFTY02JAN2423300CE.NFO,02/01/2024,12:59:13,0.2,0.15,44320,0.2,10400,0,116400
FINNIFTY02JAN2423300CE.NFO,02/01/2024,12:59:18,0.2,0.15,44240,0.2,10400,0,116400
FINNIFTY02JAN2423300CE.NFO,02/01/2024,13:00:50,0.2,0.15,44240,0.2,10360,40,115640
FINNIFTY02JAN2423300CE.NFO,02/01/2024,13:01:02,0.2,0.15,44240,0.2,10320,40,115640
FINNIFTY02JAN2423300CE.NFO,02/01/2024,13:01:07,0.15,0.15,44200,0.2,10320,40,115640
FINNIFTY02JAN2423300CE.NFO,02/01/2024,13:01:31,0.15,0.15,44080,0.2,10320,120,115640
FINNIFTY02JAN2423300CE.NFO,02/01/2024,13:01:38,0.15,0.15,44040,0.2,10320,0,115640
FINNIFTY02JAN2423300CE.NFO,02/01/2024,13:01:52,0.15,0.15,42600,0.2,10320,0,115640
FINNIFTY02JAN2423300CE.NFO,02/01/2024,13:01:59,0.15,0.15,42480,0.2,10320,120,115640
FINNIFTY02JAN2423300CE.NFO,02/01/2024,13:02:52,0.2,0.15,42400,0.2,10240,80,115640
FINNIFTY02JAN2423300CE.NFO,02/01/2024,13:03:00,0.2,0.15,42400,0.2,14840,0,115640
FINNIFTY02JAN2423300CE.NFO,02/01/2024,13:03:14,0.2,0.15,42400,0.2,16040,0,115640
FINNIFTY02JAN2423300CE.NFO,02/01/2024,13:03:26,0.2,0.15,42400,0.2,16080,0,115640
FINNIFTY02JAN2423300CE.NFO,02/01/2024,13:04:03,0.2,0.15,40960,0.2,16080,0,115640
FINNIFTY02JAN2423300CE.NFO,02/01/2024,13:04:40,0.2,0.15,24760,0.2,16080,0,115640
FINNIFTY02JAN2423300CE.NFO,02/01/2024,13:04:49,0.2,0.15,13960,0.2,16080,0,115640
FINNIFTY02JAN2423300CE.NFO,02/01/2024,13:04:57,0.15,0.15,13520,0.2,16080,440,115680
FINNIFTY02JAN2423300CE.NFO,02/01/2024,13:05:04,0.15,0.15,10640,0.2,16080,0,115680
FINNIFTY02JAN2423300CE.NFO,02/01/2024,13:05:23,0.15,0.15,8840,0.2,16080,200,115680
FINNIFTY02JAN2423300CE.NFO,02/01/2024,13:06:04,0.15,0.15,7640,0.2,16120,960,116320
FINNIFTY02JAN2423300CE.NFO,02/01/2024,13:06:10,0.15,0.15,7640,0.2,16080,0,116320
FINNIFTY02JAN2423300CE.NFO,02/01/2024,13:06:21,0.15,0.15,7640,0.2,16120,0,116320
FINNIFTY02JAN2423300CE.NFO,02/01/2024,13:06:27,0.15,0.15,7640,0.2,16080,0,116320
FINNIFTY02JAN2423300CE.NFO,02/01/2024,13:06:32,0.15,0.15,7640,0.2,16120,0,116320
FINNIFTY02JAN2423300CE.NFO,02/01/2024,13:06:37,0.15,0.15,7640,0.2,16080,0,116320
FINNIFTY02JAN2423300CE.NFO,02/01/2024,13:06:42,0.15,0.15,7640,0.2,16120,0,116320
FINNIFTY02JAN2423300CE.NFO,02/01/2024,13:06:48,0.15,0.15,7640,0.2,16080,0,116320
FINNIFTY02JAN2423300CE.NFO,02/01/2024,13:06:53,0.15,0.15,7600,0.2,16120,40,116320
FINNIFTY02JAN2423300CE.NFO,02/01/2024,13:06:59,0.15,0.15,7600,0.2,16080,0,116320
FINNIFTY02JAN2423300CE.NFO,02/01/2024,13:07:04,0.15,0.15,7600,0.2,16120,0,116320
FINNIFTY02JAN2423300CE.NFO,02/01/2024,13:07:09,0.15,0.15,8120,0.2,16080,0,116320
FINNIFTY02JAN2423300CE.NFO,02/01/2024,13:07:15,0.15,0.15,5720,0.2,16080,2400,116320
FINNIFTY02JAN2423300CE.NFO,02/01/2024,13:07:21,0.15,0.15,5720,0.2,16120,0,116320
FINNIFTY02JAN2423300CE.NFO,02/01/2024,13:07:48,0.15,0.15,8120,0.2,16080,0,116320
FINNIFTY02JAN2423300CE.NFO,02/01/2024,13:07:59,0.15,0.15,8120,0.2,16120,0,116320
FINNIFTY02JAN2423300CE.NFO,02/01/2024,13:08:24,0.15,0.15,8120,0.2,16080,0,116320
FINNIFTY02JAN2423300CE.NFO,02/01/2024,13:08:31,0.15,0.15,8120,0.2,16120,0,116320
FINNIFTY02JAN2423300CE.NFO,02/01/2024,13:08:38,0.15,0.15,7360,0.2,16120,760,116320
FINNIFTY02JAN2423300CE.NFO,02/01/2024,13:08:44,0.15,0.15,7360,0.2,16120,0,116320
FINNIFTY02JAN2423300CE.NFO,02/01/2024,13:08:51,0.15,0.15,4640,0.2,16120,1800,116320
FINNIFTY02JAN2423300CE.NFO,02/01/2024,13:08:56,0.15,0.15,200,0.2,16120,3600,120400
FINNIFTY02JAN2423300CE.NFO,02/01/2024,13:09:02,0.15,0.1,166360,0.15,17280,2800,120400
FINNIFTY02JAN2423300CE.NFO,02/01/2024,13:09:07,0.15,0.1,166360,0.15,24480,0,120400
FINNIFTY02JAN2423300CE.NFO,02/01/2024,13:09:12,0.15,0.1,166360,0.15,25400,0,120400
FINNIFTY02JAN2423300CE.NFO,02/01/2024,13:09:18,0.15,0.1,166360,0.15,20880,0,120400
FINNIFTY02JAN2423300CE.NFO,02/01/2024,13:09:24,0.15,0.1,166360,0.15,14600,0,120400
FINNIFTY02JAN2423300CE.NFO,02/01/2024,13:09:29,0.15,0.1,166360,0.15,13480,200,120400
FINNIFTY02JAN2423300CE.NFO,02/01/2024,13:09:40,0.15,0.1,166360,0.15,14480,0,120400
FINNIFTY02JAN2423300CE.NFO,02/01/2024,13:10:18,0.15,0.1,165480,0.15,13600,880,120400
FINNIFTY02JAN2423300CE.NFO,02/01/2024,13:11:45,0.15,0.1,165480,0.15,13600,0,120400
FINNIFTY02JAN2423300CE.NFO,02/01/2024,13:11:56,0.15,0.1,165480,0.15,12320,360,120400
FINNIFTY02JAN2423300CE.NFO,02/01/2024,13:13:19,0.15,0.1,164880,0.15,13520,600,119760
FINNIFTY02JAN2423300CE.NFO,02/01/2024,13:13:30,0.15,0.1,163080,0.15,12640,1800,119760
FINNIFTY02JAN2423300CE.NFO,02/01/2024,13:14:09,0.15,0.1,163080,0.15,11520,200,119760
FINNIFTY02JAN2423300CE.NFO,02/01/2024,13:14:46,0.15,0.1,163080,0.15,12240,200,119760
FINNIFTY02JAN2423300CE.NFO,02/01/2024,13:15:39,0.15,0.1,163080,0.15,12240,0,119760
FINNIFTY02JAN2423300CE.NFO,02/01/2024,13:18:28,0.1,0.1,163000,0.15,11240,80,118880
FINNIFTY02JAN2423300CE.NFO,02/01/2024,13:18:28,0.1,0.1,163000,0.15,11240,0,118880
FINNIFTY02JAN2423300CE.NFO,02/01/2024,13:19:18,0.1,0.1,163000,0.15,13040,0,118880
FINNIFTY02JAN2423300CE.NFO,02/01/2024,13:19:36,0.1,0.1,163000,0.15,14040,0,118880
FINNIFTY02JAN2423300CE.NFO,02/01/2024,13:23:10,0.1,0.1,159440,0.15,12240,0,118880
FINNIFTY02JAN2423300CE.NFO,02/01/2024,13:23:20,0.1,0.1,159400,0.15,14040,0,118880
FINNIFTY02JAN2423300CE.NFO,02/01/2024,13:24:05,0.15,0.1,159400,0.15,13080,40,118960
FINNIFTY02JAN2423300CE.NFO,02/01/2024,13:24:20,0.15,0.1,145000,0.15,14000,0,118960
FINNIFTY02JAN2423300CE.NFO,02/01/2024,13:25:12,0.15,0.1,145000,0.15,13120,0,118960
FINNIFTY02JAN2423300CE.NFO,02/01/2024,13:25:17,0.15,0.1,145000,0.15,14040,0,118960
FINNIFTY02JAN2423300CE.NFO,02/01/2024,13:27:50,0.15,0.1,145000,0.15,13120,0,118960
FINNIFTY02JAN2423300CE.NFO,02/01/2024,13:27:58,0.15,0.1,145000,0.15,14040,0,118960
FINNIFTY02JAN2423300CE.NFO,02/01/2024,13:28:03,0.15,0.1,143200,0.15,14040,0,118960
FINNIFTY02JAN2423300CE.NFO,02/01/2024,13:28:40,0.1,0.1,143160,0.15,13120,40,119000
FINNIFTY02JAN2423300CE.NFO,02/01/2024,13:29:06,0.1,0.1,135960,0.15,14040,0,119000
FINNIFTY02JAN2423300CE.NFO,02/01/2024,13:29:29,0.1,0.1,135960,0.15,14080,0,119000
FINNIFTY02JAN2423300CE.NFO,02/01/2024,13:29:34,0.1,0.1,135960,0.15,13160,0,119000
FINNIFTY02JAN2423300CE.NFO,02/01/2024,13:30:05,0.1,0.1,135880,0.15,14080,80,119000
FINNIFTY02JAN2423300CE.NFO,02/01/2024,13:30:48,0.1,0.1,135880,0.15,12160,0,119000
FINNIFTY02JAN2423300CE.NFO,02/01/2024,13:30:58,0.1,0.1,135880,0.15,13960,0,119000
FINNIFTY02JAN2423300CE.NFO,02/01/2024,13:31:36,0.1,0.1,135120,0.15,14880,760,119000
FINNIFTY02JAN2423300CE.NFO,02/01/2024,13:31:53,0.1,0.1,135120,0.15,15720,0,119000
FINNIFTY02JAN2423300CE.NFO,02/01/2024,13:33:20,0.1,0.1,133320,0.15,15720,0,119000
FINNIFTY02JAN2423300CE.NFO,02/01/2024,13:33:54,0.1,0.1,133320,0.15,15680,0,119000
FINNIFTY02JAN2423300CE.NFO,02/01/2024,13:34:26,0.1,0.1,133280,0.15,13880,40,119760
FINNIFTY02JAN2423300CE.NFO,02/01/2024,13:35:03,0.1,0.1,133480,0.15,13880,0,119760
FINNIFTY02JAN2423300CE.NFO,02/01/2024,13:35:15,0.1,0.1,133480,0.15,15720,0,119760
FINNIFTY02JAN2423300CE.NFO,02/01/2024,13:35:54,0.1,0.1,133480,0.15,14800,0,119760
FINNIFTY02JAN2423300CE.NFO,02/01/2024,13:36:14,0.1,0.1,133480,0.15,17520,0,119760
FINNIFTY02JAN2423300CE.NFO,02/01/2024,13:36:22,0.1,0.1,133480,0.15,14800,0,119760
FINNIFTY02JAN2423300CE.NFO,02/01/2024,13:36:38,0.1,0.1,130600,0.15,15720,0,119760
FINNIFTY02JAN2423300CE.NFO,02/01/2024,13:36:43,0.1,0.1,114400,0.15,15720,0,119760
FINNIFTY02JAN2423300CE.NFO,02/01/2024,13:37:12,0.1,0.1,114400,0.15,15760,0,119760
FINNIFTY02JAN2423300CE.NFO,02/01/2024,13:37:36,0.1,0.1,114200,0.15,15760,0,119760
FINNIFTY02JAN2423300CE.NFO,02/01/2024,13:37:54,0.1,0.1,114200,0.15,14840,0,119760
FINNIFTY02JAN2423300CE.NFO,02/01/2024,13:38:00,0.1,0.1,111320,0.15,13960,0,119760
FINNIFTY02JAN2423300CE.NFO,02/01/2024,13:38:05,0.1,0.1,72440,0.15,15760,0,119760
FINNIFTY02JAN2423300CE.NFO,02/01/2024,13:38:11,0.1,0.1,72440,0.15,17240,0,119760
FINNIFTY02JAN2423300CE.NFO,02/01/2024,13:38:33,0.1,0.1,59840,0.15,18160,0,119760
FINNIFTY02JAN2423300CE.NFO,02/01/2024,13:38:39,0.1,0.1,43640,0.15,18160,0,119760
FINNIFTY02JAN2423300CE.NFO,02/01/2024,13:38:44,0.1,0.1,41840,0.15,18160,0,119760
FINNIFTY02JAN2423300CE.NFO,02/01/2024,13:39:32,0.1,0.1,41840,0.15,18040,0,119760
FINNIFTY02JAN2423300CE.NFO,02/01/2024,13:43:51,0.1,0.1,32840,0.15,18960,0,119760
FINNIFTY02JAN2423300CE.NFO,02/01/2024,13:45:26,0.1,0.1,31640,0.15,18960,0,119760
FINNIFTY02JAN2423300CE.NFO,02/01/2024,13:45:48,0.1,0.1,31640,0.15,17040,0,119760
FINNIFTY02JAN2423300CE.NFO,02/01/2024,13:45:53,0.1,0.1,20840,0.15,17040,1000,119760
FINNIFTY02JAN2423300CE.NFO,02/01/2024,13:45:58,0.1,0.1,20840,0.15,17040,0,119760
FINNIFTY02JAN2423300CE.NFO,02/01/2024,13:46:02,0.1,0.1,20840,0.15,17960,0,119760
FINNIFTY02JAN2423300CE.NFO,02/01/2024,13:47:44,0.1,0.1,15440,0.15,17960,480,119760
FINNIFTY02JAN2423300CE.NFO,02/01/2024,13:47:48,0.1,0.1,3200,0.15,17960,0,119760
FINNIFTY02JAN2423300CE.NFO,02/01/2024,13:47:57,0.1,0.1,2760,0.15,17040,480,119760
FINNIFTY02JAN2423300CE.NFO,02/01/2024,13:48:01,0.1,0.1,2720,0.15,17040,0,119760
FINNIFTY02JAN2423300CE.NFO,02/01/2024,13:48:59,0.1,0.1,2680,0.15,17960,40,118800
FINNIFTY02JAN2423300CE.NFO,02/01/2024,13:49:34,0.1,0.1,2720,0.15,17040,0,118800
FINNIFTY02JAN2423300CE.NFO,02/01/2024,13:49:38,0.1,0.1,2720,0.15,17960,0,118800
FINNIFTY02JAN2423300CE.NFO,02/01/2024,13:49:42,0.1,0.1,2720,0.15,15240,0,118800
FINNIFTY02JAN2423300CE.NFO,02/01/2024,13:49:46,0.1,0.1,2680,0.15,19760,0,118800
FINNIFTY02JAN2423300CE.NFO,02/01/2024,13:49:54,0.1,0.1,2720,0.15,17040,0,118800
FINNIFTY02JAN2423300CE.NFO,02/01/2024,13:49:58,0.1,0.1,2680,0.15,17960,0,118800
FINNIFTY02JAN2423300CE.NFO,02/01/2024,13:50:10,0.1,0.1,2720,0.15,18840,0,118800
FINNIFTY02JAN2423300CE.NFO,02/01/2024,13:50:15,0.1,0.1,2680,0.15,19760,0,118800
FINNIFTY02JAN2423300CE.NFO,02/01/2024,13:50:31,0.1,0.1,2720,0.15,15240,0,118800
FINNIFTY02JAN2423300CE.NFO,02/01/2024,13:50:35,0.1,0.1,2680,0.15,18840,0,118800
FINNIFTY02JAN2423300CE.NFO,02/01/2024,13:50:48,0.1,0.1,1760,0.15,19760,920,118800
FINNIFTY02JAN2423300CE.NFO,02/01/2024,13:50:54,0.1,0.1,1800,0.15,18840,0,118800
FINNIFTY02JAN2423300CE.NFO,02/01/2024,13:51:01,0.1,0.1,1440,0.15,18840,320,118800
FINNIFTY02JAN2423300CE.NFO,02/01/2024,13:51:07,0.1,0.1,1440,0.15,18800,0,118800
FINNIFTY02JAN2423300CE.NFO,02/01/2024,13:51:17,0.1,0.1,1440,0.15,19720,0,118800
FINNIFTY02JAN2423300CE.NFO,02/01/2024,13:52:29,0.1,0.1,1480,0.15,17920,0,118800
FINNIFTY02JAN2423300CE.NFO,02/01/2024,13:52:34,0.1,0.1,1480,0.15,14320,0,118800
FINNIFTY02JAN2423300CE.NFO,02/01/2024,13:52:39,0.1,0.1,1480,0.15,13400,0,118800
FINNIFTY02JAN2423300CE.NFO,02/01/2024,13:52:44,0.1,0.1,1600,0.15,14320,0,118800
FINNIFTY02JAN2423300CE.NFO,02/01/2024,13:52:50,0.1,0.1,1320,0.15,16120,600,118760
FINNIFTY02JAN2423300CE.NFO,02/01/2024,13:53:09,0.1,0.1,1280,0.15,19720,0,118760
FINNIFTY02JAN2423300CE.NFO,02/01/2024,13:53:26,0.15,0.1,1280,0.15,19640,80,118760
FINNIFTY02JAN2423300CE.NFO,02/01/2024,13:53:32,0.15,0.1,1960,0.15,20720,1080,118760
FINNIFTY02JAN2423300CE.NFO,02/01/2024,13:53:38,0.15,0.1,2160,0.15,20480,240,118760
FINNIFTY02JAN2423300CE.NFO,02/01/2024,13:53:44,0.15,0.1,2040,0.15,20240,240,118760
FINNIFTY02JAN2423300CE.NFO,02/01/2024,13:53:49,0.15,0.1,1640,0.15,18360,520,118760
FINNIFTY02JAN2423300CE.NFO,02/01/2024,13:53:55,0.15,0.1,120,0.15,16360,600,118760
FINNIFTY02JAN2423300CE.NFO,02/01/2024,13:54:01,0.15,0.1,40,0.15,17720,80,118760
FINNIFTY02JAN2423300CE.NFO,02/01/2024,13:54:06,0.15,0.05,153760,0.15,18080,0,118760
FINNIFTY02JAN2423300CE.NFO,02/01/2024,13:54:12,0.15,0.1,40,0.15,18080,0,118760
FINNIFTY02JAN2423300CE.NFO,02/01/2024,13:54:19,0.05,0.05,152880,0.1,3720,920,120640
FINNIFTY02JAN2423300CE.NFO,02/01/2024,13:54:19,0.05,0.05,152880,0.1,3720,0,120640
FINNIFTY02JAN2423300CE.NFO,02/01/2024,13:54:24,0.05,0.05,152880,0.1,3720,0,120640
FINNIFTY02JAN2423300CE.NFO,02/01/2024,13:54:40,0.1,0.1,40,0.15,14360,2080,120640
FINNIFTY02JAN2423300CE.NFO,02/01/2024,13:54:45,0.1,0.05,152880,0.15,16160,0,120640
FINNIFTY02JAN2423300CE.NFO,02/01/2024,13:54:56,0.1,0.05,152880,0.1,880,0,120640
FINNIFTY02JAN2423300CE.NFO,02/01/2024,13:55:02,0.05,0.05,151880,0.1,880,1000,120640
FINNIFTY02JAN2423300CE.NFO,02/01/2024,13:55:12,0.1,0.05,152200,0.1,760,320,120640
FINNIFTY02JAN2423300CE.NFO,02/01/2024,13:55:28,0.1,0.05,152200,0.1,2080,0,120640
FINNIFTY02JAN2423300CE.NFO,02/01/2024,13:56:10,0.1,0.05,152440,0.1,2080,0,120640
FINNIFTY02JAN2423300CE.NFO,02/01/2024,13:57:37,0.1,0.05,152440,0.1,1760,320,119360
FINNIFTY02JAN2423300CE.NFO,02/01/2024,13:57:42,0.1,0.05,153440,0.1,1560,200,119360
FINNIFTY02JAN2423300CE.NFO,02/01/2024,13:57:47,0.1,0.05,153440,0.1,320,920,119360
FINNIFTY02JAN2423300CE.NFO,02/01/2024,13:58:01,0.1,0.05,152440,0.1,640,0,119360
FINNIFTY02JAN2423300CE.NFO,02/01/2024,13:58:10,0.1,0.05,152440,0.1,200,120,119360
FINNIFTY02JAN2423300CE.NFO,02/01/2024,13:59:12,0.1,0.05,152440,0.1,160,120,119360
FINNIFTY02JAN2423300CE.NFO,02/01/2024,13:59:17,0.1,0.05,152440,0.1,440,40,119360
FINNIFTY02JAN2423300CE.NFO,02/01/2024,13:59:22,0.15,0.05,152440,0.15,14400,160,119360
FINNIFTY02JAN2423300CE.NFO,02/01/2024,13:59:26,0.15,0.05,152440,0.15,14360,40,119360
FINNIFTY02JAN2423300CE.NFO,02/01/2024,13:59:30,0.15,0.1,40,0.15,17920,40,119360
FINNIFTY02JAN2423300CE.NFO,02/01/2024,13:59:35,0.15,0.1,40,0.15,23280,40,119360
FINNIFTY02JAN2423300CE.NFO,02/01/2024,13:59:39,0.15,0.05,152440,0.15,23240,40,119360
FINNIFTY02JAN2423300CE.NFO,02/01/2024,13:59:43,0.15,0.1,280,0.15,24960,80,119360
FINNIFTY02JAN2423300CE.NFO,02/01/2024,13:59:47,0.15,0.1,240,0.15,24920,40,119360
FINNIFTY02JAN2423300CE.NFO,02/01/2024,13:59:52,0.15,0.1,280,0.15,22880,240,119360
FINNIFTY02JAN2423300CE.NFO,02/01/2024,14:00:07,0.15,0.1,320,0.15,22840,40,118080
FINNIFTY02JAN2423300CE.NFO,02/01/2024,14:00:53,0.15,0.1,320,0.15,19240,0,118080
FINNIFTY02JAN2423300CE.NFO,02/01/2024,14:02:24,0.1,0.1,40,0.15,15640,400,118080
FINNIFTY02JAN2423300CE.NFO,02/01/2024,14:02:30,0.1,0.05,152200,0.1,400,40,118080
FINNIFTY02JAN2423300CE.NFO,02/01/2024,14:02:35,0.1,0.05,153000,0.15,15520,1240,118080
FINNIFTY02JAN2423300CE.NFO,02/01/2024,14:03:00,0.1,0.05,153000,0.15,17320,0,118080
FINNIFTY02JAN2423300CE.NFO,02/01/2024,14:03:05,0.1,0.1,40,0.15,19120,0,118080
FINNIFTY02JAN2423300CE.NFO,02/01/2024,14:03:10,0.1,0.05,151200,0.15,19120,0,118080
FINNIFTY02JAN2423300CE.NFO,02/01/2024,14:03:26,0.05,0.1,200,0.15,19120,280,117880
FINNIFTY02JAN2423300CE.NFO,02/01/2024,14:03:32,0.05,0.1,40,0.15,15680,400,117880
FINNIFTY02JAN2423300CE.NFO,02/01/2024,14:03:42,0.05,0.1,1840,0.15,17480,0,117880
FINNIFTY02JAN2423300CE.NFO,02/01/2024,14:03:56,0.1,0.1,1760,0.15,17480,120,117880
FINNIFTY02JAN2423300CE.NFO,02/01/2024,14:04:01,0.1,0.1,2160,0.15,15680,40,117880
FINNIFTY02JAN2423300CE.NFO,02/01/2024,14:04:12,0.15,0.1,5760,0.15,19240,40,117880
FINNIFTY02JAN2423300CE.NFO,02/01/2024,14:04:18,0.15,0.1,6880,0.15,21040,640,117880
FINNIFTY02JAN2423300CE.NFO,02/01/2024,14:04:24,0.15,0.1,6920,0.15,20400,640,117880
FINNIFTY02JAN2423300CE.NFO,02/01/2024,14:04:30,0.1,0.1,6600,0.15,22200,280,117880
FINNIFTY02JAN2423300CE.NFO,02/01/2024,14:04:36,0.1,0.1,5560,0.15,22200,1040,117880
FINNIFTY02JAN2423300CE.NFO,02/01/2024,14:04:54,0.1,0.1,5600,0.15,20400,0,117880
FINNIFTY02JAN2423300CE.NFO,02/01/2024,14:06:42,0.1,0.1,5600,0.15,22240,0,117880
FINNIFTY02JAN2423300CE.NFO,02/01/2024,14:07:29,0.1,0.1,5600,0.15,22720,0,117880
FINNIFTY02JAN2423300CE.NFO,02/01/2024,14:07:36,0.1,0.1,5080,0.15,22240,480,116360
FINNIFTY02JAN2423300CE.NFO,02/01/2024,14:07:39,0.1,0.1,5120,0.15,20440,0,116360
FINNIFTY02JAN2423300CE.NFO,02/01/2024,14:10:13,0.1,0.1,5080,0.15,22240,0,116360
FINNIFTY02JAN2423300CE.NFO,02/01/2024,14:11:14,0.1,0.1,5480,0.15,22240,760,116000
FINNIFTY02JAN2423300CE.NFO,02/01/2024,14:11:22,0.1,0.1,5080,0.15,22240,400,116000
FINNIFTY02JAN2423300CE.NFO,02/01/2024,14:12:57,0.1,0.1,40,0.15,19000,920,116000
FINNIFTY02JAN2423300CE.NFO,02/01/2024,14:13:03,0.1,0.05,135960,0.15,18240,0,117160
FINNIFTY02JAN2423300CE.NFO,02/01/2024,14:13:11,0.1,0.05,136160,0.15,17640,40,117160
FINNIFTY02JAN2423300CE.NFO,02/01/2024,14:13:30,0.1,0.1,40,0.15,21280,0,117160
FINNIFTY02JAN2423300CE.NFO,02/01/2024,14:13:37,0.1,0.05,135880,0.15,23040,0,117160
FINNIFTY02JAN2423300CE.NFO,02/01/2024,14:14:28,0.1,0.05,135880,0.15,22960,0,117160
FINNIFTY02JAN2423300CE.NFO,02/01/2024,14:17:38,0.1,0.1,40,0.15,21160,0,117160
FINNIFTY02JAN2423300CE.NFO,02/01/2024,14:17:45,0.1,0.05,135840,0.15,22920,0,117160
FINNIFTY02JAN2423300CE.NFO,02/01/2024,14:18:50,0.1,0.1,440,0.15,22920,0,117160
FINNIFTY02JAN2423300CE.NFO,02/01/2024,14:19:18,0.15,0.1,440,0.15,22880,120,118080
FINNIFTY02JAN2423300CE.NFO,02/01/2024,14:19:26,0.15,0.1,400,0.15,22600,280,118080
FINNIFTY02JAN2423300CE.NFO,02/01/2024,14:19:33,0.15,0.1,2560,0.15,22720,1040,118080
FINNIFTY02JAN2423300CE.NFO,02/01/2024,14:19:41,0.15,0.1,2600,0.15,22080,640,118080
FINNIFTY02JAN2423300CE.NFO,02/01/2024,14:19:48,0.15,0.1,2600,0.15,21920,160,118080
FINNIFTY02JAN2423300CE.NFO,02/01/2024,14:19:54,0.15,0.1,2560,0.15,21920,0,118080
FINNIFTY02JAN2423300CE.NFO,02/01/2024,14:20:00,0.15,0.1,2600,0.15,21880,40,118080
FINNIFTY02JAN2423300CE.NFO,02/01/2024,14:20:07,0.15,0.1,2600,0.15,21760,120,118080
FINNIFTY02JAN2423300CE.NFO,02/01/2024,14:20:14,0.15,0.1,2560,0.15,21760,0,118080
FINNIFTY02JAN2423300CE.NFO,02/01/2024,14:20:20,0.1,0.1,2280,0.15,21760,280,118080
FINNIFTY02JAN2423300CE.NFO,02/01/2024,14:20:26,0.1,0.1,1440,0.15,22240,840,118080
FINNIFTY02JAN2423300CE.NFO,02/01/2024,14:20:32,0.1,0.1,1160,0.15,22520,280,118080
FINNIFTY02JAN2423300CE.NFO,02/01/2024,14:20:38,0.1,0.1,1160,0.15,22520,0,118080
FINNIFTY02JAN2423300CE.NFO,02/01/2024,14:21:39,0.15,0.1,1480,0.15,22120,680,120360
FINNIFTY02JAN2423300CE.NFO,02/01/2024,14:21:46,0.15,0.1,1440,0.15,21920,200,120360
FINNIFTY02JAN2423300CE.NFO,02/01/2024,14:21:58,0.15,0.1,1480,0.15,21920,0,120360
FINNIFTY02JAN2423300CE.NFO,02/01/2024,14:22:05,0.15,0.1,1440,0.15,21920,0,120360
FINNIFTY02JAN2423300CE.NFO,02/01/2024,14:22:44,0.1,0.1,40,0.15,16920,2360,120360
FINNIFTY02JAN2423300CE.NFO,02/01/2024,14:22:52,0.1,0.1,2040,0.15,17640,600,120360
FINNIFTY02JAN2423300CE.NFO,02/01/2024,14:22:58,0.1,0.1,2200,0.15,18920,600,120360
FINNIFTY02JAN2423300CE.NFO,02/01/2024,14:23:11,0.1,0.1,40,0.15,17720,400,120360
FINNIFTY02JAN2423300CE.NFO,02/01/2024,14:23:18,0.1,0.1,40,0.15,16120,0,120360
FINNIFTY02JAN2423300CE.NFO,02/01/2024,14:23:24,0.1,0.05,136840,0.15,17640,0,120360
FINNIFTY02JAN2423300CE.NFO,02/01/2024,14:23:48,0.1,0.05,136840,0.1,4320,360,120360
FINNIFTY02JAN2423300CE.NFO,02/01/2024,14:23:55,0.05,0.05,135760,0.1,5120,1360,120360
FINNIFTY02JAN2423300CE.NFO,02/01/2024,14:24:13,0.1,0.05,139360,0.1,4880,240,122280
FINNIFTY02JAN2423300CE.NFO,02/01/2024,14:24:19,0.1,0.05,135760,0.1,5960,0,122280
FINNIFTY02JAN2423300CE.NFO,02/01/2024,14:24:56,0.1,0.05,135760,0.1,6400,0,122280
FINNIFTY02JAN2423300CE.NFO,02/01/2024,14:25:46,0.1,0.05,135760,0.1,5800,240,122280
FINNIFTY02JAN2423300CE.NFO,02/01/2024,14:25:52,0.1,0.05,135760,0.1,6680,200,122280
FINNIFTY02JAN2423300CE.NFO,02/01/2024,14:27:53,0.1,0.05,135760,0.1,3800,1800,121600
FINNIFTY02JAN2423300CE.NFO,02/01/2024,14:29:50,0.05,0.05,135200,0.1,3800,560,121600
FINNIFTY02JAN2423300CE.NFO,02/01/2024,14:29:57,0.05,0.05,134400,0.1,3800,800,121600
FINNIFTY02JAN2423300CE.NFO,02/01/2024,14:30:11,0.05,0.05,133920,0.1,4880,480,119800
FINNIFTY02JAN2423300CE.NFO,02/01/2024,14:30:25,0.05,0.05,133920,0.1,3800,0,119800
FINNIFTY02JAN2423300CE.NFO,02/01/2024,14:30:33,0.05,0.05,133920,0.1,4120,0,119800
FINNIFTY02JAN2423300CE.NFO,02/01/2024,14:30:40,0.05,0.05,133920,0.1,5240,0,119800
FINNIFTY02JAN2423300CE.NFO,02/01/2024,14:30:53,0.1,0.05,133920,0.1,4080,1160,119800
FINNIFTY02JAN2423300CE.NFO,02/01/2024,14:31:00,0.1,0.05,133920,0.1,2840,200,119800
FINNIFTY02JAN2423300CE.NFO,02/01/2024,14:31:14,0.1,0.05,133920,0.1,3720,200,119800
FINNIFTY02JAN2423300CE.NFO,02/01/2024,14:31:27,0.1,0.05,135720,0.1,3360,360,119800
FINNIFTY02JAN2423300CE.NFO,02/01/2024,14:31:55,0.1,0.05,135720,0.1,1960,320,119800
FINNIFTY02JAN2423300CE.NFO,02/01/2024,14:32:10,0.1,0.05,135720,0.1,3200,520,119800
FINNIFTY02JAN2423300CE.NFO,02/01/2024,14:32:51,0.1,0.05,135920,0.1,2440,0,119800
FINNIFTY02JAN2423300CE.NFO,02/01/2024,14:33:38,0.1,0.05,135720,0.1,5240,0,119800
FINNIFTY02JAN2423300CE.NFO,02/01/2024,14:33:44,0.1,0.05,135720,0.1,4280,0,119800
FINNIFTY02JAN2423300CE.NFO,02/01/2024,14:35:51,0.1,0.05,136640,0.1,5360,0,119800
FINNIFTY02JAN2423300CE.NFO,02/01/2024,14:35:57,0.1,0.05,135720,0.1,4280,0,119800
FINNIFTY02JAN2423300CE.NFO,02/01/2024,14:37:24,0.1,0.05,135720,0.1,5280,80,117040
FINNIFTY02JAN2423300CE.NFO,02/01/2024,14:37:39,0.05,0.05,135640,0.1,4200,80,117040
FINNIFTY02JAN2423300CE.NFO,02/01/2024,14:37:52,0.05,0.05,134440,0.1,5280,0,117040
FINNIFTY02JAN2423300CE.NFO,02/01/2024,14:38:57,0.05,0.05,134440,0.1,4200,0,117040
FINNIFTY02JAN2423300CE.NFO,02/01/2024,14:39:11,0.05,0.05,134440,0.1,5280,0,117040
FINNIFTY02JAN2423300CE.NFO,02/01/2024,14:40:34,0.1,0.05,134440,0.1,4560,360,117040
FINNIFTY02JAN2423300CE.NFO,02/01/2024,14:40:56,0.1,0.05,134440,0.1,3840,0,117040
FINNIFTY02JAN2423300CE.NFO,02/01/2024,14:41:59,0.1,0.05,134440,0.1,5000,0,117040
FINNIFTY02JAN2423300CE.NFO,02/01/2024,14:42:06,0.1,0.05,134440,0.1,3920,0,117040
FINNIFTY02JAN2423300CE.NFO,02/01/2024,14:42:38,0.1,0.05,134480,0.1,5000,0,117040
FINNIFTY02JAN2423300CE.NFO,02/01/2024,14:42:45,0.1,0.05,134480,0.1,3920,0,117040
FINNIFTY02JAN2423300CE.NFO,02/01/2024,14:43:06,0.1,0.05,134480,0.1,5000,0,117040
FINNIFTY02JAN2423300CE.NFO,02/01/2024,14:43:20,0.1,0.05,134480,0.1,3920,0,117040
FINNIFTY02JAN2423300CE.NFO,02/01/2024,14:45:18,0.1,0.05,134360,0.1,3920,0,117040
FINNIFTY02JAN2423300CE.NFO,02/01/2024,14:45:32,0.1,0.05,134360,0.1,5000,0,117040
FINNIFTY02JAN2423300CE.NFO,02/01/2024,14:45:39,0.1,0.05,134360,0.1,4800,200,116680
FINNIFTY02JAN2423300CE.NFO,02/01/2024,14:45:53,0.1,0.05,134360,0.1,3720,0,116680
FINNIFTY02JAN2423300CE.NFO,02/01/2024,14:46:21,0.1,0.05,134360,0.1,3320,400,116680
FINNIFTY02JAN2423300CE.NFO,02/01/2024,14:46:34,0.1,0.05,134360,0.1,3080,240,116680
FINNIFTY02JAN2423300CE.NFO,02/01/2024,14:47:02,0.05,0.05,134320,0.1,4160,40,116680
FINNIFTY02JAN2423300CE.NFO,02/01/2024,14:47:09,0.05,0.05,134560,0.1,4160,0,116680
FINNIFTY02JAN2423300CE.NFO,02/01/2024,14:47:16,0.05,0.05,134560,0.1,3120,0,116680
FINNIFTY02JAN2423300CE.NFO,02/01/2024,14:47:44,0.05,0.05,134600,0.1,4200,0,116680
FINNIFTY02JAN2423300CE.NFO,02/01/2024,14:47:57,0.05,0.05,134560,0.1,3120,0,116680
FINNIFTY02JAN2423300CE.NFO,02/01/2024,14:48:43,0.05,0.05,134560,0.1,3880,0,116680
FINNIFTY02JAN2423300CE.NFO,02/01/2024,14:49:09,0.05,0.05,134760,0.1,2800,0,116680
FINNIFTY02JAN2423300CE.NFO,02/01/2024,14:49:23,0.05,0.05,134560,0.1,3880,0,116680
FINNIFTY02JAN2423300CE.NFO,02/01/2024,14:49:56,0.05,0.05,134560,0.1,2840,0,116680
FINNIFTY02JAN2423300CE.NFO,02/01/2024,14:50:35,0.05,0.05,133120,0.1,2840,0,116680
FINNIFTY02JAN2423300CE.NFO,02/01/2024,14:50:42,0.05,0.05,128800,0.1,2840,0,116680
FINNIFTY02JAN2423300CE.NFO,02/01/2024,14:53:25,0.05,0.05,128720,0.1,3920,80,115840
FINNIFTY02JAN2423300CE.NFO,02/01/2024,14:53:31,0.05,0.05,126920,0.1,3560,0,115840
FINNIFTY02JAN2423300CE.NFO,02/01/2024,14:55:13,0.05,0.05,126200,0.1,2480,720,115840
FINNIFTY02JAN2423300CE.NFO,02/01/2024,14:56:02,0.05,0.05,126160,0.1,4280,40,115840
FINNIFTY02JAN2423300CE.NFO,02/01/2024,14:56:22,0.05,0.05,127960,0.1,4120,0,115840
FINNIFTY02JAN2423300CE.NFO,02/01/2024,14:57:18,0.05,0.05,127720,0.1,5200,0,115840
FINNIFTY02JAN2423300CE.NFO,02/01/2024,14:58:35,0.05,0.05,127760,0.1,5200,0,115840
FINNIFTY02JAN2423300CE.NFO,02/01/2024,14:59:04,0.05,0.05,127760,0.1,7000,0,115840
FINNIFTY02JAN2423300CE.NFO,02/01/2024,14:59:42,0.1,0.05,127760,0.1,6880,160,115840
FINNIFTY02JAN2423300CE.NFO,02/01/2024,14:59:50,0.1,0.05,120560,0.1,6160,0,115840
FINNIFTY02JAN2423300CE.NFO,02/01/2024,14:59:58,0.1,0.05,120560,0.1,5880,280,115840
FINNIFTY02JAN2423300CE.NFO,02/01/2024,15:00:06,0.1,0.05,120560,0.1,200,13160,115840
FINNIFTY02JAN2423300CE.NFO,02/01/2024,15:00:14,0.1,0.05,128840,0.1,17040,0,115840
FINNIFTY02JAN2423300CE.NFO,02/01/2024,15:00:29,0.1,0.05,128840,0.1,18600,240,111240
FINNIFTY02JAN2423300CE.NFO,02/01/2024,15:00:36,0.1,0.05,128840,0.1,18600,0,111240
FINNIFTY02JAN2423300CE.NFO,02/01/2024,15:00:44,0.1,0.05,129480,0.1,19880,1160,111240
FINNIFTY02JAN2423300CE.NFO,02/01/2024,15:00:51,0.1,0.05,129480,0.1,18320,1640,111240
FINNIFTY02JAN2423300CE.NFO,02/01/2024,15:00:59,0.1,0.05,129480,0.1,17920,400,111240
FINNIFTY02JAN2423300CE.NFO,02/01/2024,15:01:07,0.1,0.05,130160,0.1,17000,920,111240
FINNIFTY02JAN2423300CE.NFO,02/01/2024,15:01:14,0.1,0.05,130160,0.1,16320,680,111240
FINNIFTY02JAN2423300CE.NFO,02/01/2024,15:01:29,0.1,0.05,130160,0.1,18160,0,111240
FINNIFTY02JAN2423300CE.NFO,02/01/2024,15:01:37,0.1,0.05,130160,0.1,18120,160,111240
FINNIFTY02JAN2423300CE.NFO,02/01/2024,15:01:45,0.1,0.05,128680,0.1,17680,1920,111240
FINNIFTY02JAN2423300CE.NFO,02/01/2024,15:01:52,0.05,0.05,128160,0.1,17240,960,111240
FINNIFTY02JAN2423300CE.NFO,02/01/2024,15:02:01,0.05,0.05,121000,0.1,4960,1120,111240
FINNIFTY02JAN2423300CE.NFO,02/01/2024,15:02:08,0.05,0.05,120840,0.1,4960,160,111240
FINNIFTY02JAN2423300CE.NFO,02/01/2024,15:02:16,0.05,0.05,120720,0.1,3440,120,111240
FINNIFTY02JAN2423300CE.NFO,02/01/2024,15:02:25,0.05,0.05,119520,0.1,4960,0,111240
FINNIFTY02JAN2423300CE.NFO,02/01/2024,15:02:32,0.05,0.05,122520,0.1,3440,0,111240
FINNIFTY02JAN2423300CE.NFO,02/01/2024,15:02:40,0.05,0.05,122520,0.1,4960,0,111240
FINNIFTY02JAN2423300CE.NFO,02/01/2024,15:02:54,0.05,0.05,120720,0.1,3440,0,111240
FINNIFTY02JAN2423300CE.NFO,02/01/2024,15:03:09,0.1,0.05,124320,0.1,4560,400,111240
FINNIFTY02JAN2423300CE.NFO,02/01/2024,15:03:23,0.1,0.05,127720,0.1,3040,0,111240
FINNIFTY02JAN2423300CE.NFO,02/01/2024,15:03:30,0.1,0.05,127720,0.1,19560,0,111240
FINNIFTY02JAN2423300CE.NFO,02/01/2024,15:03:58,0.1,0.05,127720,0.1,19160,400,118800
FINNIFTY02JAN2423300CE.NFO,02/01/2024,15:04:06,0.1,0.05,127720,0.1,18760,400,118800
FINNIFTY02JAN2423300CE.NFO,02/01/2024,15:04:14,0.1,0.05,127720,0.1,18400,360,118800
FINNIFTY02JAN2423300CE.NFO,02/01/2024,15:04:38,0.1,0.05,127720,0.1,21720,0,118800
FINNIFTY02JAN2423300CE.NFO,02/01/2024,15:04:45,0.1,0.05,127720,0.1,23520,0,118800
FINNIFTY02JAN2423300CE.NFO,02/01/2024,15:04:52,0.1,0.05,126520,0.1,22320,1200,118800
FINNIFTY02JAN2423300CE.NFO,02/01/2024,15:05:09,0.1,0.05,130520,0.1,22040,280,118800
FINNIFTY02JAN2423300CE.NFO,02/01/2024,15:05:56,0.1,0.05,130520,0.1,21960,80,118800
FINNIFTY02JAN2423300CE.NFO,02/01/2024,15:06:04,0.1,0.05,130520,0.1,21480,560,118800
FINNIFTY02JAN2423300CE.NFO,02/01/2024,15:06:21,0.1,0.05,130520,0.1,21760,480,119720
FINNIFTY02JAN2423300CE.NFO,02/01/2024,15:06:30,0.1,0.05,130520,0.1,21080,680,119720
FINNIFTY02JAN2423300CE.NFO,02/01/2024,15:06:38,0.1,0.05,130520,0.1,20680,400,119720
FINNIFTY02JAN2423300CE.NFO,02/01/2024,15:07:01,0.1,0.05,130520,0.1,20280,400,119720
FINNIFTY02JAN2423300CE.NFO,02/01/2024,15:07:09,0.1,0.05,130520,0.1,19920,360,119720
FINNIFTY02JAN2423300CE.NFO,02/01/2024,15:07:18,0.1,0.05,130520,0.1,19760,160,119720
FINNIFTY02JAN2423300CE.NFO,02/01/2024,15:07:27,0.1,0.05,130520,0.1,19280,480,119720
FINNIFTY02JAN2423300CE.NFO,02/01/2024,15:07:36,0.1,0.05,130520,0.1,18520,760,119720
FINNIFTY02JAN2423300CE.NFO,02/01/2024,15:07:46,0.1,0.05,130520,0.1,17840,680,119720
FINNIFTY02JAN2423300CE.NFO,02/01/2024,15:07:56,0.1,0.05,130520,0.1,17200,640,119720
FINNIFTY02JAN2423300CE.NFO,02/01/2024,15:08:06,0.1,0.05,130520,0.1,20800,160,119720
FINNIFTY02JAN2423300CE.NFO,02/01/2024,15:08:36,0.1,0.05,130520,0.1,20400,400,119720
FINNIFTY02JAN2423300CE.NFO,02/01/2024,15:08:44,0.1,0.05,126800,0.1,4160,2520,119720
FINNIFTY02JAN2423300CE.NFO,02/01/2024,15:08:53,0.1,0.05,126800,0.1,3640,560,119720
FINNIFTY02JAN2423300CE.NFO,02/01/2024,15:09:03,0.1,0.05,126800,0.1,3160,480,119720
FINNIFTY02JAN2423300CE.NFO,02/01/2024,15:09:13,0.1,0.05,126800,0.1,3080,80,119720
FINNIFTY02JAN2423300CE.NFO,02/01/2024,15:09:22,0.1,0.05,126800,0.1,2680,400,124040
FINNIFTY02JAN2423300CE.NFO,02/01/2024,15:09:32,0.1,0.05,122600,0.1,2680,0,124040
FINNIFTY02JAN2423300CE.NFO,02/01/2024,15:09:42,0.05,0.05,122560,0.1,6000,320,124040
FINNIFTY02JAN2423300CE.NFO,02/01/2024,15:10:03,0.1,0.05,122560,0.1,13760,80,124040
FINNIFTY02JAN2423300CE.NFO,02/01/2024,15:10:14,0.1,0.05,120760,0.1,12040,2040,124040
FINNIFTY02JAN2423300CE.NFO,02/01/2024,15:10:24,0.1,0.05,120760,0.1,11960,80,124040
FINNIFTY02JAN2423300CE.NFO,02/01/2024,15:10:35,0.1,0.05,119280,0.1,3880,1800,124040
FINNIFTY02JAN2423300CE.NFO,02/01/2024,15:10:56,0.1,0.05,117480,0.1,2080,1800,124040
FINNIFTY02JAN2423300CE.NFO,02/01/2024,15:11:06,0.1,0.05,117480,0.1,5680,0,124040
FINNIFTY02JAN2423300CE.NFO,02/01/2024,15:11:36,0.1,0.05,117480,0.1,11840,0,124040
FINNIFTY02JAN2423300CE.NFO,02/01/2024,15:11:45,0.1,0.05,117480,0.1,11880,0,124040
FINNIFTY02JAN2423300CE.NFO,02/01/2024,15:11:54,0.1,0.05,117480,0.1,12080,0,124040
FINNIFTY02JAN2423300CE.NFO,02/01/2024,15:12:03,0.1,0.05,116960,0.1,10080,1800,124040
FINNIFTY02JAN2423300CE.NFO,02/01/2024,15:12:12,0.1,0.05,116960,0.1,27120,0,124040
FINNIFTY02JAN2423300CE.NFO,02/01/2024,15:13:01,0.1,0.05,115160,0.1,25320,1800,125080
FINNIFTY02JAN2423300CE.NFO,02/01/2024,15:13:12,0.1,0.05,115160,0.1,27200,0,125080
FINNIFTY02JAN2423300CE.NFO,02/01/2024,15:13:22,0.1,0.05,115160,0.1,29000,0,125080
FINNIFTY02JAN2423300CE.NFO,02/01/2024,15:14:00,0.1,0.05,116320,0.1,38000,1840,125080
FINNIFTY02JAN2423300CE.NFO,02/01/2024,15:14:09,0.1,0.05,124120,0.1,38000,0,125080
FINNIFTY02JAN2423300CE.NFO,02/01/2024,15:14:18,0.05,0.05,132520,0.1,38000,600,125080
FINNIFTY02JAN2423300CE.NFO,02/01/2024,15:14:28,0.05,0.05,131920,0.1,38000,600,125080
FINNIFTY02JAN2423300CE.NFO,02/01/2024,15:14:46,0.05,0.05,130000,0.1,38800,1240,125080
FINNIFTY02JAN2423300CE.NFO,02/01/2024,15:14:54,0.05,0.05,129680,0.1,38800,320,125080
FINNIFTY02JAN2423300CE.NFO,02/01/2024,15:15:11,0.05,0.05,126080,0.1,38800,3600,125080
FINNIFTY02JAN2423300CE.NFO,02/01/2024,15:15:19,0.05,0.05,109920,0.1,33800,16160,124800
FINNIFTY02JAN2423300CE.NFO,02/01/2024,15:15:28,0.05,0.05,106320,0.1,33800,3600,124800
FINNIFTY02JAN2423300CE.NFO,02/01/2024,15:15:37,0.05,0.05,105880,0.1,35240,400,124800
FINNIFTY02JAN2423300CE.NFO,02/01/2024,15:15:44,0.05,0.05,105360,0.1,35240,520,124800
FINNIFTY02JAN2423300CE.NFO,02/01/2024,15:15:52,0.05,0.05,104040,0.1,35240,1320,124800
FINNIFTY02JAN2423300CE.NFO,02/01/2024,15:16:01,0.05,0.05,82440,0.1,17240,21600,124800
FINNIFTY02JAN2423300CE.NFO,02/01/2024,15:16:10,0.05,0.05,17760,0.1,20840,3040,124800
FINNIFTY02JAN2423300CE.NFO,02/01/2024,15:16:19,0.05,0.05,1840,0.1,50080,20200,124800
FINNIFTY02JAN2423300CE.NFO,02/01/2024,15:16:29,0.05,0,0,0.05,520,1840,124800
FINNIFTY02JAN2423300CE.NFO,02/01/2024,15:16:38,0.05,0,0,0.05,520,0,124800
FINNIFTY02JAN2423300CE.NFO,02/01/2024,15:16:48,0.05,0,0,0.05,200,0,124800
FINNIFTY02JAN2423300CE.NFO,02/01/2024,15:17:25,0.05,0,0,0.05,2000,0,124800
FINNIFTY02JAN2423300CE.NFO,02/01/2024,15:19:47,0.05,0,0,0.05,2080,0,124800
FINNIFTY02JAN2423300CE.NFO,02/01/2024,15:19:57,0.05,0,0,0.05,280,0,124800
FINNIFTY02JAN2423300CE.NFO,02/01/2024,15:20:13,0.05,0,0,0.1,44640,280,140160
FINNIFTY02JAN2423300CE.NFO,02/01/2024,15:20:23,0.05,0,0,0.1,44640,40,140160
FINNIFTY02JAN2423300CE.NFO,02/01/2024,15:20:31,0.1,0,0,0.1,44600,40,140160
FINNIFTY02JAN2423300CE.NFO,02/01/2024,15:20:47,0.1,0,0,0.05,40,0,140160
FINNIFTY02JAN2423300CE.NFO,02/01/2024,15:21:11,0.05,0.05,5000,0.1,81600,280,140160
FINNIFTY02JAN2423300CE.NFO,02/01/2024,15:21:19,0.05,0,0,0.05,3240,6440,142240
FINNIFTY02JAN2423300CE.NFO,02/01/2024,15:21:45,0.05,0,0,0.05,3320,0,142240
FINNIFTY02JAN2423300CE.NFO,02/01/2024,15:22:00,0.05,0,0,0.05,3360,1800,142240
FINNIFTY02JAN2423300CE.NFO,02/01/2024,15:22:08,0.05,0,0,0.05,1520,0,142240
FINNIFTY02JAN2423300CE.NFO,02/01/2024,15:22:31,0.05,0,0,0.05,2880,0,142240
FINNIFTY02JAN2423300CE.NFO,02/01/2024,15:22:46,0.05,0,0,0.05,2680,0,142240
FINNIFTY02JAN2423300CE.NFO,02/01/2024,15:23:23,0.05,0,0,0.05,1480,0,142240
FINNIFTY02JAN2423300CE.NFO,02/01/2024,15:23:33,0.05,0,0,0.05,1400,80,142240
FINNIFTY02JAN2423300CE.NFO,02/01/2024,15:23:52,0.05,0,0,0.05,1080,320,142240
FINNIFTY02JAN2423300CE.NFO,02/01/2024,15:24:10,0.05,0,0,0.05,1080,0,142240
FINNIFTY02JAN2423300CE.NFO,02/01/2024,15:24:29,0.05,0,0,0.05,1280,0,142240
FINNIFTY02JAN2423300CE.NFO,02/01/2024,15:25:08,0.1,0,0,0.05,120,15160,147840
FINNIFTY02JAN2423300CE.NFO,02/01/2024,15:25:18,0.05,0,0,0.05,560,200,147840
FINNIFTY02JAN2423300CE.NFO,02/01/2024,15:25:28,0.05,0,0,0.05,600,0,147840
FINNIFTY02JAN2423300CE.NFO,02/01/2024,15:25:38,0.05,0,0,0.05,37840,0,147840
FINNIFTY02JAN2423300CE.NFO,02/01/2024,15:28:10,0.05,0,0,0.05,37920,0,147840
FINNIFTY02JAN2423300CE.NFO,02/01/2024,15:29:12,0.05,0,0,0.05,38120,0,147840
FINNIFTY02JAN2423300CE.NFO,02/01/2024,15:29:41,0.05,0,0,0.05,37880,0,147840
FINNIFTY02JAN2423300CE.NFO,02/01/2024,15:29:51,0.05,0,0,0.05,39680,0,147840
FINNIFTY02JAN2423300CE.NFO,02/01/2024,15:30:01,0.05,0,0,0.05,39080,0,147840
