Ticker,Date,Time,LTP,BuyPrice,BuyQty,SellPrice,SellQty,LTQ,OpenInterest
FINNIFTY02JAN2422200CE.NFO,02/01/2024,09:15:06,0.65,0.4,71400,0.45,145960,50400,1039680
FINNIFTY02JAN2422200CE.NFO,02/01/2024,09:15:06,0.65,0.4,71400,0.45,145960,0,1039680
FINNIFTY02JAN2422200CE.NFO,02/01/2024,09:15:06,0.65,0.4,71400,0.45,145960,0,1039680
FINNIFTY02JAN2422200CE.NFO,02/01/2024,09:15:06,0.4,0.4,71400,0.45,145960,0,1039680
FINNIFTY02JAN2422200CE.NFO,02/01/2024,09:15:19,0.4,0.4,163240,0.45,167320,14440,1039680
FINNIFTY02JAN2422200CE.NFO,02/01/2024,09:15:30,0.45,0.4,227880,0.45,204440,2160,1039680
FINNIFTY02JAN2422200CE.NFO,02/01/2024,09:15:39,0.4,0.4,226480,0.45,218320,5920,1039680
FINNIFTY02JAN2422200CE.NFO,02/01/2024,09:15:49,0.45,0.4,250480,0.45,239480,5200,1039680
FINNIFTY02JAN2422200CE.NFO,02/01/2024,09:15:57,0.45,0.4,249440,0.45,227720,18880,1039680
FINNIFTY02JAN2422200CE.NFO,02/01/2024,09:16:07,0.45,0.4,251920,0.45,218160,22960,1039680
FINNIFTY02JAN2422200CE.NFO,02/01/2024,09:16:16,0.45,0.4,246520,0.45,207120,27760,1039680
FINNIFTY02JAN2422200CE.NFO,02/01/2024,09:16:24,0.4,0.4,243160,0.45,212520,1560,1039680
FINNIFTY02JAN2422200CE.NFO,02/01/2024,09:16:32,0.45,0.4,219080,0.45,217920,45640,1039680
FINNIFTY02JAN2422200CE.NFO,02/01/2024,09:16:39,0.4,0.4,224480,0.45,217160,7640,1039680
FINNIFTY02JAN2422200CE.NFO,02/01/2024,09:16:48,0.45,0.4,230080,0.45,212720,7520,1039680
FINNIFTY02JAN2422200CE.NFO,02/01/2024,09:16:56,0.4,0.4,236120,0.45,225920,7400,1039680
FINNIFTY02JAN2422200CE.NFO,02/01/2024,09:17:03,0.45,0.4,232640,0.45,213840,44080,1039680
FINNIFTY02JAN2422200CE.NFO,02/01/2024,09:17:13,0.4,0.4,233000,0.45,225080,5840,1039680
FINNIFTY02JAN2422200CE.NFO,02/01/2024,09:17:21,0.4,0.4,259240,0.45,225800,57920,1039680
FINNIFTY02JAN2422200CE.NFO,02/01/2024,09:17:28,0.4,0.4,260200,0.45,245280,9400,1155040
FINNIFTY02JAN2422200CE.NFO,02/01/2024,09:17:38,0.4,0.4,236520,0.45,266000,26520,1155040
FINNIFTY02JAN2422200CE.NFO,02/01/2024,09:17:46,0.45,0.4,242200,0.45,255840,36160,1155040
FINNIFTY02JAN2422200CE.NFO,02/01/2024,09:17:53,0.4,0.4,237960,0.45,254920,1320,1155040
FINNIFTY02JAN2422200CE.NFO,02/01/2024,09:18:01,0.45,0.4,226520,0.45,248720,4200,1155040
FINNIFTY02JAN2422200CE.NFO,02/01/2024,09:18:08,0.45,0.4,234800,0.45,248480,1080,1155040
FINNIFTY02JAN2422200CE.NFO,02/01/2024,09:18:15,0.45,0.4,231040,0.45,252160,200,1155040
FINNIFTY02JAN2422200CE.NFO,02/01/2024,09:18:23,0.4,0.4,233200,0.45,254200,680,1155040
FINNIFTY02JAN2422200CE.NFO,02/01/2024,09:18:31,0.4,0.4,231040,0.45,252520,6520,1155040
FINNIFTY02JAN2422200CE.NFO,02/01/2024,09:18:38,0.4,0.4,231760,0.45,261720,2800,1155040
FINNIFTY02JAN2422200CE.NFO,02/01/2024,09:18:45,0.4,0.4,216360,0.45,261400,2120,1155040
FINNIFTY02JAN2422200CE.NFO,02/01/2024,09:18:54,0.45,0.4,220000,0.45,266600,5240,1155040
FINNIFTY02JAN2422200CE.NFO,02/01/2024,09:19:03,0.45,0.4,222920,0.45,268120,3760,1155040
FINNIFTY02JAN2422200CE.NFO,02/01/2024,09:19:12,0.4,0.4,240000,0.45,247800,24320,1155040
FINNIFTY02JAN2422200CE.NFO,02/01/2024,09:19:20,0.45,0.4,244720,0.45,244600,3600,1155040
FINNIFTY02JAN2422200CE.NFO,02/01/2024,09:19:29,0.45,0.4,245600,0.45,238400,6280,1155040
FINNIFTY02JAN2422200CE.NFO,02/01/2024,09:19:30,0.45,0.4,247400,0.45,236600,1800,1155040
FINNIFTY02JAN2422200CE.NFO,02/01/2024,09:19:32,0.45,0.4,247280,0.45,234680,3720,1155040
FINNIFTY02JAN2422200CE.NFO,02/01/2024,09:19:34,0.4,0.4,245480,0.45,224160,4640,1155040
FINNIFTY02JAN2422200CE.NFO,02/01/2024,09:19:35,0.45,0.4,247560,0.45,232000,1000,1155040
FINNIFTY02JAN2422200CE.NFO,02/01/2024,09:19:39,0.45,0.4,248360,0.45,233560,0,1155040
FINNIFTY02JAN2422200CE.NFO,02/01/2024,09:19:42,0.4,0.4,248200,0.45,233560,80,1155040
FINNIFTY02JAN2422200CE.NFO,02/01/2024,09:19:44,0.4,0.4,248840,0.45,235360,1920,1155040
FINNIFTY02JAN2422200CE.NFO,02/01/2024,09:19:45,0.4,0.4,248760,0.45,235760,80,1155040
FINNIFTY02JAN2422200CE.NFO,02/01/2024,09:19:50,0.4,0.4,248280,0.45,235840,3040,1155040
FINNIFTY02JAN2422200CE.NFO,02/01/2024,09:19:52,0.4,0.4,236920,0.45,236160,2400,1155040
FINNIFTY02JAN2422200CE.NFO,02/01/2024,09:19:54,0.4,0.4,249440,0.45,239720,280,1155040
FINNIFTY02JAN2422200CE.NFO,02/01/2024,09:19:55,0.4,0.4,245560,0.45,239760,40,1155040
FINNIFTY02JAN2422200CE.NFO,02/01/2024,09:19:57,0.4,0.4,244360,0.45,240360,3280,1155040
FINNIFTY02JAN2422200CE.NFO,02/01/2024,09:19:59,0.4,0.4,237480,0.45,242080,560,1155040
FINNIFTY02JAN2422200CE.NFO,02/01/2024,09:20:00,0.4,0.4,237320,0.45,242520,1400,1155040
FINNIFTY02JAN2422200CE.NFO,02/01/2024,09:20:02,0.4,0.4,247280,0.45,240200,4800,1155040
FINNIFTY02JAN2422200CE.NFO,02/01/2024,09:20:04,0.4,0.4,248520,0.45,241160,40,1155040
FINNIFTY02JAN2422200CE.NFO,02/01/2024,09:20:05,0.4,0.4,227320,0.45,249480,11360,1155040
FINNIFTY02JAN2422200CE.NFO,02/01/2024,09:20:07,0.4,0.4,239360,0.45,248480,680,1155040
FINNIFTY02JAN2422200CE.NFO,02/01/2024,09:20:09,0.4,0.4,237440,0.45,258840,10200,1155040
FINNIFTY02JAN2422200CE.NFO,02/01/2024,09:20:10,0.45,0.4,239320,0.45,266720,11880,1155040
FINNIFTY02JAN2422200CE.NFO,02/01/2024,09:20:12,0.45,0.4,238640,0.45,267640,2160,1155040
FINNIFTY02JAN2422200CE.NFO,02/01/2024,09:20:14,0.45,0.4,238640,0.45,267600,40,1155040
FINNIFTY02JAN2422200CE.NFO,02/01/2024,09:20:15,0.45,0.4,238640,0.45,267960,0,1155040
FINNIFTY02JAN2422200CE.NFO,02/01/2024,09:20:20,0.45,0.4,238640,0.45,267680,600,1155040
FINNIFTY02JAN2422200CE.NFO,02/01/2024,09:20:22,0.45,0.4,239440,0.45,267680,0,1155040
FINNIFTY02JAN2422200CE.NFO,02/01/2024,09:20:23,0.4,0.4,219400,0.45,267680,7040,1142400
FINNIFTY02JAN2422200CE.NFO,02/01/2024,09:20:25,0.4,0.4,236080,0.45,267680,0,1142400
FINNIFTY02JAN2422200CE.NFO,02/01/2024,09:20:28,0.4,0.4,222840,0.45,268080,3600,1142400
FINNIFTY02JAN2422200CE.NFO,02/01/2024,09:20:30,0.4,0.4,232520,0.45,268880,1840,1142400
FINNIFTY02JAN2422200CE.NFO,02/01/2024,09:20:32,0.4,0.4,214920,0.45,270080,1600,1142400
FINNIFTY02JAN2422200CE.NFO,02/01/2024,09:20:33,0.4,0.4,208360,0.45,270080,440,1142400
FINNIFTY02JAN2422200CE.NFO,02/01/2024,09:20:35,0.4,0.4,219920,0.45,270080,0,1142400
FINNIFTY02JAN2422200CE.NFO,02/01/2024,09:20:37,0.4,0.4,221720,0.45,270080,0,1142400
FINNIFTY02JAN2422200CE.NFO,02/01/2024,09:20:38,0.4,0.4,221680,0.45,270080,40,1142400
FINNIFTY02JAN2422200CE.NFO,02/01/2024,09:20:40,0.4,0.4,223480,0.45,270080,0,1142400
FINNIFTY02JAN2422200CE.NFO,02/01/2024,09:20:43,0.4,0.4,223440,0.45,270480,0,1142400
FINNIFTY02JAN2422200CE.NFO,02/01/2024,09:20:45,0.45,0.4,223440,0.45,270360,120,1142400
FINNIFTY02JAN2422200CE.NFO,02/01/2024,09:20:47,0.45,0.4,223440,0.45,270080,280,1142400
FINNIFTY02JAN2422200CE.NFO,02/01/2024,09:20:48,0.45,0.4,223360,0.45,270040,80,1142400
FINNIFTY02JAN2422200CE.NFO,02/01/2024,09:20:50,0.45,0.4,223360,0.45,271880,360,1142400
FINNIFTY02JAN2422200CE.NFO,02/01/2024,09:20:52,0.4,0.4,224080,0.45,270680,2360,1142400
FINNIFTY02JAN2422200CE.NFO,02/01/2024,09:20:53,0.4,0.4,223480,0.45,274840,2400,1142400
FINNIFTY02JAN2422200CE.NFO,02/01/2024,09:20:55,0.4,0.4,224680,0.45,274840,600,1142400
FINNIFTY02JAN2422200CE.NFO,02/01/2024,09:20:57,0.4,0.4,219920,0.45,274840,1200,1142400
FINNIFTY02JAN2422200CE.NFO,02/01/2024,09:20:58,0.4,0.4,216200,0.45,274840,120,1142400
FINNIFTY02JAN2422200CE.NFO,02/01/2024,09:21:00,0.4,0.4,216760,0.45,275840,0,1142400
FINNIFTY02JAN2422200CE.NFO,02/01/2024,09:21:02,0.45,0.4,215160,0.45,275320,120,1142400
FINNIFTY02JAN2422200CE.NFO,02/01/2024,09:21:03,0.45,0.4,215200,0.45,277000,120,1142400
FINNIFTY02JAN2422200CE.NFO,02/01/2024,09:21:05,0.45,0.4,215200,0.45,277160,40,1142400
FINNIFTY02JAN2422200CE.NFO,02/01/2024,09:21:07,0.45,0.4,216680,0.45,276760,800,1142400
FINNIFTY02JAN2422200CE.NFO,02/01/2024,09:21:08,0.4,0.4,216760,0.45,276920,600,1142400
FINNIFTY02JAN2422200CE.NFO,02/01/2024,09:21:10,0.4,0.4,213920,0.45,278960,3000,1142400
FINNIFTY02JAN2422200CE.NFO,02/01/2024,09:21:12,0.4,0.4,216360,0.45,278960,0,1142400
FINNIFTY02JAN2422200CE.NFO,02/01/2024,09:21:13,0.4,0.4,213840,0.45,278600,3600,1142400
FINNIFTY02JAN2422200CE.NFO,02/01/2024,09:21:15,0.4,0.4,214520,0.45,279400,200,1142400
FINNIFTY02JAN2422200CE.NFO,02/01/2024,09:21:17,0.4,0.4,191320,0.45,276200,720,1142400
FINNIFTY02JAN2422200CE.NFO,02/01/2024,09:21:18,0.45,0.4,213000,0.45,281200,800,1142400
FINNIFTY02JAN2422200CE.NFO,02/01/2024,09:21:20,0.45,0.4,211400,0.45,281160,8240,1142400
FINNIFTY02JAN2422200CE.NFO,02/01/2024,09:21:22,0.4,0.4,196320,0.45,280760,600,1142400
FINNIFTY02JAN2422200CE.NFO,02/01/2024,09:21:23,0.4,0.4,196320,0.45,280760,0,1142400
FINNIFTY02JAN2422200CE.NFO,02/01/2024,09:21:25,0.45,0.4,211200,0.45,280360,400,1142400
FINNIFTY02JAN2422200CE.NFO,02/01/2024,09:21:27,0.45,0.4,204880,0.45,280360,8200,1142400
FINNIFTY02JAN2422200CE.NFO,02/01/2024,09:21:28,0.4,0.4,201240,0.45,279960,5000,1142400
FINNIFTY02JAN2422200CE.NFO,02/01/2024,09:21:34,0.45,0.4,189440,0.45,276920,7600,1142400
FINNIFTY02JAN2422200CE.NFO,02/01/2024,09:21:46,0.45,0.4,191560,0.45,273520,5280,1142400
FINNIFTY02JAN2422200CE.NFO,02/01/2024,09:21:57,0.45,0.4,188120,0.45,265400,8520,1142400
FINNIFTY02JAN2422200CE.NFO,02/01/2024,09:22:08,0.45,0.4,180000,0.45,262040,12320,1142400
FINNIFTY02JAN2422200CE.NFO,02/01/2024,09:22:20,0.4,0.4,158040,0.45,253200,29280,1142400
FINNIFTY02JAN2422200CE.NFO,02/01/2024,09:22:30,0.4,0.4,139680,0.45,259640,18400,1142400
FINNIFTY02JAN2422200CE.NFO,02/01/2024,09:22:33,0.4,0.4,149080,0.45,259640,40,1142400
FINNIFTY02JAN2422200CE.NFO,02/01/2024,09:22:35,0.4,0.4,131000,0.45,258040,1920,1142400
FINNIFTY02JAN2422200CE.NFO,02/01/2024,09:22:36,0.4,0.4,147080,0.45,258040,240,1142400
FINNIFTY02JAN2422200CE.NFO,02/01/2024,09:22:38,0.4,0.4,147600,0.45,258040,120,1142400
FINNIFTY02JAN2422200CE.NFO,02/01/2024,09:22:40,0.4,0.4,150520,0.45,262240,600,1142400
FINNIFTY02JAN2422200CE.NFO,02/01/2024,09:22:43,0.4,0.4,154440,0.45,265040,0,1142400
FINNIFTY02JAN2422200CE.NFO,02/01/2024,09:22:44,0.4,0.4,155640,0.45,265040,600,1142400
FINNIFTY02JAN2422200CE.NFO,02/01/2024,09:22:46,0.4,0.4,155520,0.45,265040,120,1142400
FINNIFTY02JAN2422200CE.NFO,02/01/2024,09:22:48,0.4,0.4,155520,0.45,265040,0,1142400
FINNIFTY02JAN2422200CE.NFO,02/01/2024,09:22:49,0.45,0.4,155200,0.45,270560,1600,1142400
FINNIFTY02JAN2422200CE.NFO,02/01/2024,09:22:51,0.45,0.4,156400,0.45,270560,0,1142400
FINNIFTY02JAN2422200CE.NFO,02/01/2024,09:22:52,0.45,0.4,155000,0.45,270560,0,1142400
FINNIFTY02JAN2422200CE.NFO,02/01/2024,09:22:54,0.45,0.4,151000,0.45,270560,0,1142400
FINNIFTY02JAN2422200CE.NFO,02/01/2024,09:22:59,0.45,0.4,150560,0.45,270560,0,1142400
FINNIFTY02JAN2422200CE.NFO,02/01/2024,09:23:02,0.45,0.4,150560,0.45,270520,40,1142400
FINNIFTY02JAN2422200CE.NFO,02/01/2024,09:23:04,0.45,0.4,150960,0.45,270440,80,1142400
FINNIFTY02JAN2422200CE.NFO,02/01/2024,09:23:06,0.45,0.4,150960,0.45,272000,40,1142400
FINNIFTY02JAN2422200CE.NFO,02/01/2024,09:23:07,0.45,0.4,149160,0.45,271920,1880,1142400
FINNIFTY02JAN2422200CE.NFO,02/01/2024,09:23:15,0.4,0.4,150920,0.45,271920,40,1142400
FINNIFTY02JAN2422200CE.NFO,02/01/2024,09:23:17,0.4,0.4,150840,0.45,271920,80,1142400
FINNIFTY02JAN2422200CE.NFO,02/01/2024,09:23:25,0.45,0.4,166440,0.45,271520,800,1148880
FINNIFTY02JAN2422200CE.NFO,02/01/2024,09:23:26,0.45,0.4,165560,0.45,271520,0,1148880
FINNIFTY02JAN2422200CE.NFO,02/01/2024,09:23:36,0.4,0.4,164000,0.45,271440,440,1148880
FINNIFTY02JAN2422200CE.NFO,02/01/2024,09:23:47,0.4,0.4,166960,0.45,267320,1200,1148880
FINNIFTY02JAN2422200CE.NFO,02/01/2024,09:23:58,0.4,0.4,147320,0.45,266760,4720,1148880
FINNIFTY02JAN2422200CE.NFO,02/01/2024,09:24:09,0.4,0.4,136480,0.45,269240,14680,1148880
FINNIFTY02JAN2422200CE.NFO,02/01/2024,09:24:19,0.4,0.4,156440,0.45,272000,2360,1148880
FINNIFTY02JAN2422200CE.NFO,02/01/2024,09:24:31,0.4,0.4,151760,0.45,271600,2920,1148880
FINNIFTY02JAN2422200CE.NFO,02/01/2024,09:24:32,0.4,0.4,151760,0.45,271600,0,1148880
FINNIFTY02JAN2422200CE.NFO,02/01/2024,09:24:34,0.4,0.4,151360,0.45,274080,0,1148880
FINNIFTY02JAN2422200CE.NFO,02/01/2024,09:24:35,0.4,0.4,141320,0.45,274080,10000,1148880
FINNIFTY02JAN2422200CE.NFO,02/01/2024,09:24:40,0.4,0.4,139040,0.45,274280,10560,1148880
FINNIFTY02JAN2422200CE.NFO,02/01/2024,09:24:42,0.4,0.4,139040,0.45,274280,0,1148880
FINNIFTY02JAN2422200CE.NFO,02/01/2024,09:24:44,0.4,0.4,139080,0.45,272040,4040,1148880
FINNIFTY02JAN2422200CE.NFO,02/01/2024,09:24:45,0.4,0.4,139800,0.45,272520,240,1148880
FINNIFTY02JAN2422200CE.NFO,02/01/2024,09:24:47,0.4,0.4,141600,0.45,272520,0,1148880
FINNIFTY02JAN2422200CE.NFO,02/01/2024,09:24:49,0.4,0.4,106600,0.45,272520,10240,1148880
FINNIFTY02JAN2422200CE.NFO,02/01/2024,09:24:50,0.4,0.4,113840,0.45,274320,1800,1148880
FINNIFTY02JAN2422200CE.NFO,02/01/2024,09:24:54,0.4,0.4,52400,0.45,265520,23240,1148880
FINNIFTY02JAN2422200CE.NFO,02/01/2024,09:24:55,0.4,0.35,422160,0.4,203560,44600,1148880
FINNIFTY02JAN2422200CE.NFO,02/01/2024,09:24:55,0.35,0.35,422160,0.4,203560,0,1148880
FINNIFTY02JAN2422200CE.NFO,02/01/2024,09:24:57,0.4,0.35,424400,0.4,209160,1800,1148880
FINNIFTY02JAN2422200CE.NFO,02/01/2024,09:24:59,0.4,0.35,424360,0.4,207520,2000,1148880
FINNIFTY02JAN2422200CE.NFO,02/01/2024,09:25:02,0.4,0.35,428400,0.4,201960,6760,1148880
FINNIFTY02JAN2422200CE.NFO,02/01/2024,09:25:04,0.4,0.35,428760,0.4,199720,1280,1148880
FINNIFTY02JAN2422200CE.NFO,02/01/2024,09:25:05,0.4,0.35,428960,0.4,199120,920,1148880
FINNIFTY02JAN2422200CE.NFO,02/01/2024,09:25:07,0.35,0.35,428680,0.4,204000,280,1148880
FINNIFTY02JAN2422200CE.NFO,02/01/2024,09:25:09,0.4,0.35,430080,0.4,202840,2120,1148880
FINNIFTY02JAN2422200CE.NFO,02/01/2024,09:25:10,0.4,0.35,431120,0.4,202960,1800,1148880
FINNIFTY02JAN2422200CE.NFO,02/01/2024,09:25:12,0.4,0.35,431120,0.4,203920,0,1148880
FINNIFTY02JAN2422200CE.NFO,02/01/2024,09:25:15,0.4,0.35,422080,0.4,204000,10080,1148880
FINNIFTY02JAN2422200CE.NFO,02/01/2024,09:25:17,0.4,0.35,421680,0.4,202760,1640,1148880
FINNIFTY02JAN2422200CE.NFO,02/01/2024,09:25:19,0.35,0.35,421520,0.4,204880,400,1148880
FINNIFTY02JAN2422200CE.NFO,02/01/2024,09:25:20,0.35,0.35,409720,0.4,208480,10000,1148880
FINNIFTY02JAN2422200CE.NFO,02/01/2024,09:25:22,0.4,0.35,414520,0.4,217360,1160,1148880
FINNIFTY02JAN2422200CE.NFO,02/01/2024,09:25:24,0.35,0.35,414120,0.4,226360,400,1148880
FINNIFTY02JAN2422200CE.NFO,02/01/2024,09:25:25,0.35,0.35,412640,0.4,226360,280,1148880
FINNIFTY02JAN2422200CE.NFO,02/01/2024,09:25:27,0.4,0.35,413840,0.4,226280,80,1148880
FINNIFTY02JAN2422200CE.NFO,02/01/2024,09:25:29,0.35,0.35,413440,0.4,226280,400,1148880
FINNIFTY02JAN2422200CE.NFO,02/01/2024,09:25:30,0.35,0.35,412160,0.4,226280,80,1148880
FINNIFTY02JAN2422200CE.NFO,02/01/2024,09:25:32,0.4,0.35,414840,0.4,228440,640,1148880
FINNIFTY02JAN2422200CE.NFO,02/01/2024,09:25:33,0.35,0.35,415560,0.4,229840,5800,1148880
FINNIFTY02JAN2422200CE.NFO,02/01/2024,09:25:35,0.35,0.35,409160,0.4,229840,5200,1148880
FINNIFTY02JAN2422200CE.NFO,02/01/2024,09:25:37,0.35,0.35,411520,0.4,230120,2400,1148880
FINNIFTY02JAN2422200CE.NFO,02/01/2024,09:25:38,0.35,0.35,411280,0.4,239120,280,1148880
FINNIFTY02JAN2422200CE.NFO,02/01/2024,09:25:40,0.4,0.35,411280,0.4,239080,40,1148880
FINNIFTY02JAN2422200CE.NFO,02/01/2024,09:25:42,0.4,0.35,411280,0.4,239040,40,1148880
FINNIFTY02JAN2422200CE.NFO,02/01/2024,09:25:45,0.4,0.35,412440,0.4,239040,0,1148880
FINNIFTY02JAN2422200CE.NFO,02/01/2024,09:25:47,0.4,0.35,412440,0.4,238880,160,1148880
FINNIFTY02JAN2422200CE.NFO,02/01/2024,09:25:48,0.4,0.35,412320,0.4,238880,0,1148880
FINNIFTY02JAN2422200CE.NFO,02/01/2024,09:25:50,0.4,0.35,412600,0.4,240880,400,1148880
FINNIFTY02JAN2422200CE.NFO,02/01/2024,09:25:52,0.4,0.35,412600,0.4,240880,0,1148880
FINNIFTY02JAN2422200CE.NFO,02/01/2024,09:25:55,0.4,0.35,414400,0.4,239640,1240,1148880
FINNIFTY02JAN2422200CE.NFO,02/01/2024,09:25:58,0.35,0.35,414480,0.4,240840,1800,1148880
FINNIFTY02JAN2422200CE.NFO,02/01/2024,09:26:00,0.35,0.35,414480,0.4,242440,0,1148880
FINNIFTY02JAN2422200CE.NFO,02/01/2024,09:26:05,0.35,0.35,406480,0.4,242440,5000,1148880
FINNIFTY02JAN2422200CE.NFO,02/01/2024,09:26:08,0.4,0.35,409480,0.4,242360,80,1148880
FINNIFTY02JAN2422200CE.NFO,02/01/2024,09:26:11,0.4,0.35,409480,0.4,242360,0,1148880
FINNIFTY02JAN2422200CE.NFO,02/01/2024,09:26:15,0.4,0.35,409480,0.4,244160,0,1148880
FINNIFTY02JAN2422200CE.NFO,02/01/2024,09:26:16,0.4,0.35,408280,0.4,246080,640,1148880
FINNIFTY02JAN2422200CE.NFO,02/01/2024,09:26:18,0.35,0.35,408640,0.4,246040,1800,1148880
FINNIFTY02JAN2422200CE.NFO,02/01/2024,09:26:20,0.4,0.35,406880,0.4,245760,280,1148880
FINNIFTY02JAN2422200CE.NFO,02/01/2024,09:26:21,0.35,0.35,407120,0.4,246080,680,1148880
FINNIFTY02JAN2422200CE.NFO,02/01/2024,09:26:23,0.35,0.35,405120,0.4,245920,320,1195520
FINNIFTY02JAN2422200CE.NFO,02/01/2024,09:26:25,0.4,0.35,408920,0.4,245640,1520,1195520
FINNIFTY02JAN2422200CE.NFO,02/01/2024,09:26:26,0.4,0.35,407720,0.4,245840,400,1195520
FINNIFTY02JAN2422200CE.NFO,02/01/2024,09:26:28,0.4,0.35,407920,0.4,246120,320,1195520
FINNIFTY02JAN2422200CE.NFO,02/01/2024,09:26:33,0.4,0.35,409800,0.4,246240,8160,1195520
FINNIFTY02JAN2422200CE.NFO,02/01/2024,09:26:45,0.35,0.35,405880,0.4,248520,10880,1195520
FINNIFTY02JAN2422200CE.NFO,02/01/2024,09:26:58,0.4,0.35,402360,0.4,256200,3480,1195520
FINNIFTY02JAN2422200CE.NFO,02/01/2024,09:27:09,0.35,0.35,384360,0.4,257600,26000,1195520
FINNIFTY02JAN2422200CE.NFO,02/01/2024,09:27:21,0.4,0.35,376240,0.4,260160,12200,1195520
FINNIFTY02JAN2422200CE.NFO,02/01/2024,09:27:32,0.4,0.35,380840,0.4,301800,16200,1195520
FINNIFTY02JAN2422200CE.NFO,02/01/2024,09:27:43,0.35,0.35,387640,0.4,308320,9360,1195520
FINNIFTY02JAN2422200CE.NFO,02/01/2024,09:27:54,0.4,0.35,384400,0.4,308080,3800,1195520
FINNIFTY02JAN2422200CE.NFO,02/01/2024,09:28:07,0.4,0.35,401120,0.4,308840,61960,1195520
FINNIFTY02JAN2422200CE.NFO,02/01/2024,09:28:19,0.4,0.35,441920,0.4,307600,24480,1195520
FINNIFTY02JAN2422200CE.NFO,02/01/2024,09:28:30,0.4,0.35,476920,0.4,304360,12320,1195520
FINNIFTY02JAN2422200CE.NFO,02/01/2024,09:28:42,0.35,0.35,476600,0.4,306920,320,1195520
FINNIFTY02JAN2422200CE.NFO,02/01/2024,09:28:54,0.35,0.35,476920,0.4,307600,7320,1195520
FINNIFTY02JAN2422200CE.NFO,02/01/2024,09:29:06,0.35,0.35,444880,0.4,309160,27600,1195520
FINNIFTY02JAN2422200CE.NFO,02/01/2024,09:29:17,0.4,0.35,436480,0.4,340200,19600,1195520
FINNIFTY02JAN2422200CE.NFO,02/01/2024,09:29:29,0.4,0.35,435720,0.4,355120,5480,1234160
FINNIFTY02JAN2422200CE.NFO,02/01/2024,09:29:40,0.4,0.35,435720,0.4,356200,760,1234160
FINNIFTY02JAN2422200CE.NFO,02/01/2024,09:29:52,0.35,0.35,435640,0.4,357600,80,1234160
FINNIFTY02JAN2422200CE.NFO,02/01/2024,09:30:04,0.4,0.35,423360,0.4,357840,24280,1234160
FINNIFTY02JAN2422200CE.NFO,02/01/2024,09:30:15,0.35,0.35,379600,0.4,359160,11600,1234160
FINNIFTY02JAN2422200CE.NFO,02/01/2024,09:30:27,0.4,0.35,339760,0.4,367960,40,1234160
FINNIFTY02JAN2422200CE.NFO,02/01/2024,09:30:39,0.35,0.35,298200,0.4,373440,560,1234160
FINNIFTY02JAN2422200CE.NFO,02/01/2024,09:30:50,0.4,0.35,341120,0.4,371200,1360,1234160
FINNIFTY02JAN2422200CE.NFO,02/01/2024,09:31:01,0.4,0.35,346480,0.4,370960,280,1234160
FINNIFTY02JAN2422200CE.NFO,02/01/2024,09:31:12,0.4,0.35,346160,0.4,341800,22720,1234160
FINNIFTY02JAN2422200CE.NFO,02/01/2024,09:31:24,0.4,0.35,326160,0.4,358320,35200,1234160
FINNIFTY02JAN2422200CE.NFO,02/01/2024,09:31:30,0.4,0.35,322760,0.4,345240,18280,1234160
FINNIFTY02JAN2422200CE.NFO,02/01/2024,09:31:32,0.35,0.35,320960,0.4,341720,4920,1234160
FINNIFTY02JAN2422200CE.NFO,02/01/2024,09:31:33,0.35,0.35,320960,0.4,345320,0,1234160
FINNIFTY02JAN2422200CE.NFO,02/01/2024,09:31:35,0.35,0.35,320960,0.4,349320,0,1234160
FINNIFTY02JAN2422200CE.NFO,02/01/2024,09:31:43,0.4,0.35,320960,0.4,348720,600,1234160
FINNIFTY02JAN2422200CE.NFO,02/01/2024,09:31:45,0.4,0.35,319800,0.4,276400,73320,1234160
FINNIFTY02JAN2422200CE.NFO,02/01/2024,09:31:46,0.35,0.35,309720,0.4,288200,10000,1234160
FINNIFTY02JAN2422200CE.NFO,02/01/2024,09:31:48,0.4,0.35,309720,0.4,288000,200,1234160
FINNIFTY02JAN2422200CE.NFO,02/01/2024,09:31:50,0.4,0.35,309720,0.4,288000,0,1234160
FINNIFTY02JAN2422200CE.NFO,02/01/2024,09:31:52,0.4,0.35,309720,0.4,287800,200,1234160
FINNIFTY02JAN2422200CE.NFO,02/01/2024,09:31:53,0.4,0.35,309720,0.4,296800,0,1234160
FINNIFTY02JAN2422200CE.NFO,02/01/2024,09:31:55,0.4,0.35,311520,0.4,295000,1800,1234160
FINNIFTY02JAN2422200CE.NFO,02/01/2024,09:31:57,0.4,0.35,311520,0.4,293200,1800,1234160
FINNIFTY02JAN2422200CE.NFO,02/01/2024,09:31:58,0.4,0.35,311520,0.4,288640,3600,1234160
FINNIFTY02JAN2422200CE.NFO,02/01/2024,09:32:00,0.4,0.35,313320,0.4,289600,0,1234160
FINNIFTY02JAN2422200CE.NFO,02/01/2024,09:32:02,0.4,0.35,313320,0.4,287800,1800,1234160
FINNIFTY02JAN2422200CE.NFO,02/01/2024,09:32:03,0.4,0.35,314320,0.4,286000,1800,1234160
FINNIFTY02JAN2422200CE.NFO,02/01/2024,09:32:05,0.4,0.35,314320,0.4,287200,0,1234160
FINNIFTY02JAN2422200CE.NFO,02/01/2024,09:32:07,0.4,0.35,314320,0.4,282400,3600,1234160
FINNIFTY02JAN2422200CE.NFO,02/01/2024,09:32:08,0.4,0.35,314320,0.4,281800,1800,1234160
FINNIFTY02JAN2422200CE.NFO,02/01/2024,09:32:13,0.4,0.35,314320,0.4,278560,1800,1234160
FINNIFTY02JAN2422200CE.NFO,02/01/2024,09:32:16,0.4,0.35,307520,0.4,272120,400,1234160
FINNIFTY02JAN2422200CE.NFO,02/01/2024,09:32:18,0.4,0.35,307520,0.4,268120,4000,1234160
FINNIFTY02JAN2422200CE.NFO,02/01/2024,09:32:20,0.35,0.35,307480,0.4,271240,40,1234160
FINNIFTY02JAN2422200CE.NFO,02/01/2024,09:32:23,0.4,0.35,307480,0.4,271160,80,1234160
FINNIFTY02JAN2422200CE.NFO,02/01/2024,09:32:28,0.35,0.35,307280,0.4,271160,200,1255720
FINNIFTY02JAN2422200CE.NFO,02/01/2024,09:32:42,0.35,0.35,320440,0.4,270360,3640,1255720
FINNIFTY02JAN2422200CE.NFO,02/01/2024,09:32:54,0.35,0.35,292640,0.4,276640,3640,1255720
FINNIFTY02JAN2422200CE.NFO,02/01/2024,09:33:05,0.35,0.35,290840,0.4,280960,5560,1255720
FINNIFTY02JAN2422200CE.NFO,02/01/2024,09:33:15,0.4,0.35,288040,0.4,285400,5960,1255720
FINNIFTY02JAN2422200CE.NFO,02/01/2024,09:33:26,0.35,0.35,289760,0.4,287600,680,1255720
FINNIFTY02JAN2422200CE.NFO,02/01/2024,09:33:38,0.4,0.35,254720,0.4,285000,35680,1255720
FINNIFTY02JAN2422200CE.NFO,02/01/2024,09:33:48,0.4,0.35,258240,0.4,320440,1240,1255720
FINNIFTY02JAN2422200CE.NFO,02/01/2024,09:33:59,0.4,0.35,257640,0.4,323920,5000,1255720
FINNIFTY02JAN2422200CE.NFO,02/01/2024,09:34:11,0.35,0.35,255040,0.4,322720,1400,1255720
FINNIFTY02JAN2422200CE.NFO,02/01/2024,09:34:21,0.35,0.35,258200,0.4,323120,1040,1255720
FINNIFTY02JAN2422200CE.NFO,02/01/2024,09:34:31,0.35,0.35,256800,0.4,325720,600,1255720
FINNIFTY02JAN2422200CE.NFO,02/01/2024,09:34:42,0.35,0.35,259800,0.4,325720,0,1255720
FINNIFTY02JAN2422200CE.NFO,02/01/2024,09:34:52,0.4,0.35,252840,0.4,313840,280,1255720
FINNIFTY02JAN2422200CE.NFO,02/01/2024,09:35:03,0.4,0.35,254640,0.4,309800,4040,1255720
FINNIFTY02JAN2422200CE.NFO,02/01/2024,09:35:23,0.4,0.35,254960,0.4,309640,1360,1255720
FINNIFTY02JAN2422200CE.NFO,02/01/2024,09:35:34,0.4,0.35,254720,0.4,307480,2440,1272160
FINNIFTY02JAN2422200CE.NFO,02/01/2024,09:35:44,0.35,0.35,246880,0.4,305440,9880,1272160
FINNIFTY02JAN2422200CE.NFO,02/01/2024,09:35:55,0.4,0.35,246000,0.4,310040,2600,1272160
FINNIFTY02JAN2422200CE.NFO,02/01/2024,09:36:06,0.4,0.35,243680,0.4,298000,13680,1272160
FINNIFTY02JAN2422200CE.NFO,02/01/2024,09:36:17,0.4,0.35,245760,0.4,311840,2200,1272160
FINNIFTY02JAN2422200CE.NFO,02/01/2024,09:36:29,0.4,0.35,242160,0.4,310440,1000,1272160
FINNIFTY02JAN2422200CE.NFO,02/01/2024,09:36:39,0.4,0.35,242160,0.4,309040,1400,1272160
FINNIFTY02JAN2422200CE.NFO,02/01/2024,09:36:50,0.4,0.35,240360,0.4,309040,0,1272160
FINNIFTY02JAN2422200CE.NFO,02/01/2024,09:37:01,0.4,0.35,239480,0.4,309440,0,1272160
FINNIFTY02JAN2422200CE.NFO,02/01/2024,09:37:12,0.35,0.35,230120,0.4,310320,360,1272160
FINNIFTY02JAN2422200CE.NFO,02/01/2024,09:37:22,0.35,0.35,230120,0.4,313920,0,1272160
FINNIFTY02JAN2422200CE.NFO,02/01/2024,09:37:32,0.35,0.35,230040,0.4,312680,80,1272160
FINNIFTY02JAN2422200CE.NFO,02/01/2024,09:37:42,0.35,0.35,229000,0.4,312680,40,1272160
FINNIFTY02JAN2422200CE.NFO,02/01/2024,09:37:52,0.35,0.35,248800,0.4,313560,0,1272160
FINNIFTY02JAN2422200CE.NFO,02/01/2024,09:38:03,0.35,0.35,247800,0.4,313560,0,1272160
FINNIFTY02JAN2422200CE.NFO,02/01/2024,09:38:23,0.35,0.35,242400,0.4,313560,0,1272160
FINNIFTY02JAN2422200CE.NFO,02/01/2024,09:38:34,0.35,0.35,242200,0.4,311560,2000,1292280
FINNIFTY02JAN2422200CE.NFO,02/01/2024,09:38:45,0.35,0.35,240400,0.4,313360,0,1292280
FINNIFTY02JAN2422200CE.NFO,02/01/2024,09:38:56,0.35,0.35,240120,0.4,312480,1280,1292280
FINNIFTY02JAN2422200CE.NFO,02/01/2024,09:39:07,0.4,0.35,234480,0.4,314680,2920,1292280
FINNIFTY02JAN2422200CE.NFO,02/01/2024,09:39:18,0.4,0.35,250480,0.4,312400,200,1292280
FINNIFTY02JAN2422200CE.NFO,02/01/2024,09:39:29,0.35,0.35,256480,0.4,311600,2280,1292280
FINNIFTY02JAN2422200CE.NFO,02/01/2024,09:39:39,0.35,0.35,252800,0.4,314280,1400,1292280
FINNIFTY02JAN2422200CE.NFO,02/01/2024,09:39:50,0.4,0.35,251000,0.4,314760,40,1292280
FINNIFTY02JAN2422200CE.NFO,02/01/2024,09:40:01,0.4,0.35,240200,0.4,315960,80,1292280
FINNIFTY02JAN2422200CE.NFO,02/01/2024,09:40:14,0.35,0.35,240160,0.4,312680,2440,1292280
FINNIFTY02JAN2422200CE.NFO,02/01/2024,09:40:27,0.35,0.35,240280,0.4,314040,14880,1292280
FINNIFTY02JAN2422200CE.NFO,02/01/2024,09:40:39,0.35,0.35,243560,0.4,315440,2280,1292280
FINNIFTY02JAN2422200CE.NFO,02/01/2024,09:40:52,0.35,0.35,245200,0.4,317840,10280,1292280
FINNIFTY02JAN2422200CE.NFO,02/01/2024,09:41:05,0.35,0.35,247840,0.4,339200,59680,1292280
FINNIFTY02JAN2422200CE.NFO,02/01/2024,09:41:16,0.4,0.35,247000,0.4,338480,880,1292280
FINNIFTY02JAN2422200CE.NFO,02/01/2024,09:41:27,0.35,0.35,242320,0.4,338480,2840,1292280
FINNIFTY02JAN2422200CE.NFO,02/01/2024,09:41:38,0.35,0.35,249200,0.4,337480,7120,1236240
FINNIFTY02JAN2422200CE.NFO,02/01/2024,09:41:49,0.4,0.4,184480,0.45,130560,336560,1236240
FINNIFTY02JAN2422200CE.NFO,02/01/2024,09:41:59,0.4,0.4,391360,0.45,133240,6800,1236240
FINNIFTY02JAN2422200CE.NFO,02/01/2024,09:42:11,0.45,0.4,395720,0.45,133000,280,1236240
FINNIFTY02JAN2422200CE.NFO,02/01/2024,09:42:22,0.45,0.4,396320,0.45,140280,4920,1236240
FINNIFTY02JAN2422200CE.NFO,02/01/2024,09:42:30,0.4,0.4,396040,0.45,135800,4800,1236240
FINNIFTY02JAN2422200CE.NFO,02/01/2024,09:42:33,0.4,0.4,396000,0.45,135800,0,1236240
FINNIFTY02JAN2422200CE.NFO,02/01/2024,09:42:34,0.4,0.4,396080,0.45,135800,0,1236240
FINNIFTY02JAN2422200CE.NFO,02/01/2024,09:42:36,0.45,0.4,396080,0.45,134800,1000,1236240
FINNIFTY02JAN2422200CE.NFO,02/01/2024,09:42:38,0.4,0.4,396000,0.45,134800,80,1236240
FINNIFTY02JAN2422200CE.NFO,02/01/2024,09:42:39,0.4,0.4,395960,0.45,134800,40,1236240
FINNIFTY02JAN2422200CE.NFO,02/01/2024,09:42:41,0.4,0.4,395960,0.45,134800,0,1236240
FINNIFTY02JAN2422200CE.NFO,02/01/2024,09:42:46,0.45,0.4,394200,0.45,131200,3600,1236240
FINNIFTY02JAN2422200CE.NFO,02/01/2024,09:42:49,0.4,0.4,473760,0.45,130800,520,1236240
FINNIFTY02JAN2422200CE.NFO,02/01/2024,09:42:51,0.4,0.4,473760,0.45,130800,0,1236240
FINNIFTY02JAN2422200CE.NFO,02/01/2024,09:42:54,0.4,0.4,473640,0.45,136200,0,1236240
FINNIFTY02JAN2422200CE.NFO,02/01/2024,09:42:57,0.4,0.4,477480,0.45,136600,2400,1236240
FINNIFTY02JAN2422200CE.NFO,02/01/2024,09:42:59,0.4,0.4,477480,0.45,136600,0,1236240
FINNIFTY02JAN2422200CE.NFO,02/01/2024,09:43:02,0.45,0.4,477480,0.45,136200,400,1236240
FINNIFTY02JAN2422200CE.NFO,02/01/2024,09:43:04,0.45,0.4,477480,0.45,136200,0,1236240
FINNIFTY02JAN2422200CE.NFO,02/01/2024,09:43:06,0.4,0.4,476560,0.45,136680,920,1236240
FINNIFTY02JAN2422200CE.NFO,02/01/2024,09:43:07,0.4,0.4,475680,0.45,136680,0,1236240
FINNIFTY02JAN2422200CE.NFO,02/01/2024,09:43:14,0.4,0.4,475640,0.45,137080,40,1236240
FINNIFTY02JAN2422200CE.NFO,02/01/2024,09:43:17,0.45,0.4,475640,0.45,137000,80,1236240
FINNIFTY02JAN2422200CE.NFO,02/01/2024,09:43:19,0.4,0.4,475600,0.45,137000,40,1236240
FINNIFTY02JAN2422200CE.NFO,02/01/2024,09:43:20,0.45,0.4,475600,0.45,136920,80,1236240
FINNIFTY02JAN2422200CE.NFO,02/01/2024,09:43:25,0.45,0.4,475600,0.45,138720,0,1236240
FINNIFTY02JAN2422200CE.NFO,02/01/2024,09:43:27,0.45,0.4,475600,0.45,139520,0,1236240
FINNIFTY02JAN2422200CE.NFO,02/01/2024,09:43:29,0.45,0.4,475600,0.45,139720,0,1236240
FINNIFTY02JAN2422200CE.NFO,02/01/2024,09:43:39,0.45,0.4,475600,0.45,141280,240,1236240
FINNIFTY02JAN2422200CE.NFO,02/01/2024,09:43:51,0.45,0.4,476400,0.45,144160,240,1236240
FINNIFTY02JAN2422200CE.NFO,02/01/2024,09:44:02,0.4,0.4,474480,0.45,145880,2000,1236240
FINNIFTY02JAN2422200CE.NFO,02/01/2024,09:44:13,0.45,0.4,466320,0.45,153440,24960,1236240
FINNIFTY02JAN2422200CE.NFO,02/01/2024,09:44:24,0.4,0.4,465400,0.45,155120,200,1236240
FINNIFTY02JAN2422200CE.NFO,02/01/2024,09:44:35,0.45,0.4,465200,0.45,161320,280,1307120
FINNIFTY02JAN2422200CE.NFO,02/01/2024,09:44:45,0.45,0.4,465200,0.45,161120,200,1307120
FINNIFTY02JAN2422200CE.NFO,02/01/2024,09:44:55,0.45,0.4,385200,0.45,159480,1640,1307120
FINNIFTY02JAN2422200CE.NFO,02/01/2024,09:45:06,0.4,0.4,385960,0.45,155880,2760,1307120
FINNIFTY02JAN2422200CE.NFO,02/01/2024,09:45:17,0.4,0.4,384680,0.45,154880,1920,1307120
FINNIFTY02JAN2422200CE.NFO,02/01/2024,09:45:28,0.45,0.4,388200,0.45,156640,160,1307120
FINNIFTY02JAN2422200CE.NFO,02/01/2024,09:45:39,0.4,0.4,386480,0.45,157440,520,1307120
FINNIFTY02JAN2422200CE.NFO,02/01/2024,09:45:50,0.4,0.4,386760,0.45,167400,20720,1307120
FINNIFTY02JAN2422200CE.NFO,02/01/2024,09:46:01,0.4,0.4,389960,0.45,173800,2560,1307120
FINNIFTY02JAN2422200CE.NFO,02/01/2024,09:46:12,0.45,0.4,388080,0.45,172600,1800,1307120
FINNIFTY02JAN2422200CE.NFO,02/01/2024,09:46:23,0.4,0.4,387840,0.45,174160,400,1307120
FINNIFTY02JAN2422200CE.NFO,02/01/2024,09:46:33,0.4,0.4,386640,0.45,175520,3200,1307120
FINNIFTY02JAN2422200CE.NFO,02/01/2024,09:46:44,0.4,0.4,386480,0.45,180960,7800,1307120
FINNIFTY02JAN2422200CE.NFO,02/01/2024,09:46:54,0.4,0.4,387120,0.45,183240,4840,1307120
FINNIFTY02JAN2422200CE.NFO,02/01/2024,09:47:05,0.4,0.4,387320,0.45,192320,2760,1307120
FINNIFTY02JAN2422200CE.NFO,02/01/2024,09:47:15,0.4,0.4,383320,0.45,194320,400,1307120
FINNIFTY02JAN2422200CE.NFO,02/01/2024,09:47:26,0.4,0.4,374760,0.45,201800,20840,1307120
FINNIFTY02JAN2422200CE.NFO,02/01/2024,09:47:37,0.4,0.4,374720,0.45,203880,10000,1359800
FINNIFTY02JAN2422200CE.NFO,02/01/2024,09:47:47,0.4,0.4,375080,0.45,203120,800,1359800
FINNIFTY02JAN2422200CE.NFO,02/01/2024,09:47:58,0.45,0.4,375080,0.45,201720,400,1359800
FINNIFTY02JAN2422200CE.NFO,02/01/2024,09:48:09,0.4,0.4,372800,0.45,202120,600,1359800
FINNIFTY02JAN2422200CE.NFO,02/01/2024,09:48:30,0.4,0.4,373640,0.45,204840,1800,1359800
FINNIFTY02JAN2422200CE.NFO,02/01/2024,09:48:39,0.4,0.4,371920,0.45,220320,1800,1359800
FINNIFTY02JAN2422200CE.NFO,02/01/2024,09:48:49,0.4,0.4,368280,0.45,218960,20120,1359800
FINNIFTY02JAN2422200CE.NFO,02/01/2024,09:49:00,0.4,0.4,368280,0.45,235360,0,1359800
FINNIFTY02JAN2422200CE.NFO,02/01/2024,09:49:10,0.45,0.4,367880,0.45,247560,2200,1359800
FINNIFTY02JAN2422200CE.NFO,02/01/2024,09:49:20,0.4,0.4,365640,0.45,251080,80,1359800
FINNIFTY02JAN2422200CE.NFO,02/01/2024,09:49:41,0.4,0.4,335560,0.45,241160,76120,1359800
FINNIFTY02JAN2422200CE.NFO,02/01/2024,09:49:51,0.4,0.4,335560,0.45,242280,0,1359800
FINNIFTY02JAN2422200CE.NFO,02/01/2024,09:50:01,0.4,0.4,334520,0.45,242920,160,1359800
FINNIFTY02JAN2422200CE.NFO,02/01/2024,09:50:11,0.4,0.35,389640,0.4,377760,85000,1359800
FINNIFTY02JAN2422200CE.NFO,02/01/2024,09:50:21,0.4,0.35,689600,0.4,377760,0,1359800
FINNIFTY02JAN2422200CE.NFO,02/01/2024,09:50:30,0.4,0.35,689600,0.4,387760,0,1359800
FINNIFTY02JAN2422200CE.NFO,02/01/2024,09:50:40,0.35,0.35,687800,0.4,388280,1800,1342520
FINNIFTY02JAN2422200CE.NFO,02/01/2024,09:50:43,0.4,0.35,688000,0.4,386160,440,1342520
FINNIFTY02JAN2422200CE.NFO,02/01/2024,09:50:45,0.4,0.35,686520,0.4,387560,3040,1342520
FINNIFTY02JAN2422200CE.NFO,02/01/2024,09:50:46,0.4,0.35,687040,0.4,386640,2880,1342520
FINNIFTY02JAN2422200CE.NFO,02/01/2024,09:50:48,0.4,0.35,687040,0.4,387600,0,1342520
FINNIFTY02JAN2422200CE.NFO,02/01/2024,09:50:50,0.4,0.35,687040,0.4,387440,160,1342520
FINNIFTY02JAN2422200CE.NFO,02/01/2024,09:51:09,0.35,0.35,685240,0.4,388760,1800,1342520
FINNIFTY02JAN2422200CE.NFO,02/01/2024,09:51:12,0.35,0.35,685240,0.4,387560,0,1342520
FINNIFTY02JAN2422200CE.NFO,02/01/2024,09:51:14,0.35,0.35,683440,0.4,388760,1800,1342520
FINNIFTY02JAN2422200CE.NFO,02/01/2024,09:51:17,0.4,0.35,683040,0.4,387520,1640,1342520
FINNIFTY02JAN2422200CE.NFO,02/01/2024,09:51:19,0.4,0.35,683120,0.4,387360,160,1342520
FINNIFTY02JAN2422200CE.NFO,02/01/2024,09:51:21,0.4,0.35,683160,0.4,386480,160,1342520
FINNIFTY02JAN2422200CE.NFO,02/01/2024,09:51:22,0.4,0.35,683160,0.4,386280,200,1342520
FINNIFTY02JAN2422200CE.NFO,02/01/2024,09:51:24,0.4,0.35,683280,0.4,386600,160,1342520
FINNIFTY02JAN2422200CE.NFO,02/01/2024,09:51:26,0.4,0.35,683280,0.4,386400,200,1342520
FINNIFTY02JAN2422200CE.NFO,02/01/2024,09:51:27,0.4,0.35,683280,0.4,386240,160,1342520
FINNIFTY02JAN2422200CE.NFO,02/01/2024,09:51:29,0.4,0.35,683360,0.4,386040,200,1342520
FINNIFTY02JAN2422200CE.NFO,02/01/2024,09:51:35,0.4,0.35,682640,0.4,387920,1560,1342520
FINNIFTY02JAN2422200CE.NFO,02/01/2024,09:51:45,0.4,0.35,666440,0.4,394680,240,1342520
FINNIFTY02JAN2422200CE.NFO,02/01/2024,09:51:56,0.4,0.35,667040,0.4,394040,600,1342520
FINNIFTY02JAN2422200CE.NFO,02/01/2024,09:52:06,0.4,0.35,667040,0.4,393640,1400,1342520
FINNIFTY02JAN2422200CE.NFO,02/01/2024,09:52:17,0.35,0.35,666640,0.4,394120,400,1342520
FINNIFTY02JAN2422200CE.NFO,02/01/2024,09:52:27,0.35,0.35,662080,0.4,393560,7400,1342520
FINNIFTY02JAN2422200CE.NFO,02/01/2024,09:52:47,0.35,0.35,662080,0.4,398960,0,1342520
FINNIFTY02JAN2422200CE.NFO,02/01/2024,09:53:07,0.35,0.35,662040,0.4,398960,40,1342520
FINNIFTY02JAN2422200CE.NFO,02/01/2024,09:53:18,0.35,0.35,662040,0.4,397760,0,1342520
FINNIFTY02JAN2422200CE.NFO,02/01/2024,09:53:28,0.35,0.35,661960,0.4,398960,80,1342520
FINNIFTY02JAN2422200CE.NFO,02/01/2024,09:53:39,0.4,0.35,662080,0.4,396520,1160,1344040
FINNIFTY02JAN2422200CE.NFO,02/01/2024,09:53:50,0.4,0.35,664200,0.4,397400,2600,1344040
FINNIFTY02JAN2422200CE.NFO,02/01/2024,09:54:00,0.4,0.35,664200,0.4,397280,120,1344040
FINNIFTY02JAN2422200CE.NFO,02/01/2024,09:54:10,0.4,0.35,665120,0.4,397720,1000,1344040
FINNIFTY02JAN2422200CE.NFO,02/01/2024,09:54:20,0.4,0.35,665760,0.4,397600,1080,1344040
FINNIFTY02JAN2422200CE.NFO,02/01/2024,09:54:30,0.4,0.35,667200,0.4,398240,1640,1344040
FINNIFTY02JAN2422200CE.NFO,02/01/2024,09:54:41,0.35,0.35,665640,0.4,401400,1960,1344040
FINNIFTY02JAN2422200CE.NFO,02/01/2024,09:54:53,0.35,0.35,668040,0.4,400600,4840,1344040
FINNIFTY02JAN2422200CE.NFO,02/01/2024,09:55:06,0.35,0.35,653800,0.4,404200,15000,1344040
FINNIFTY02JAN2422200CE.NFO,02/01/2024,09:55:17,0.35,0.35,652000,0.4,403800,920,1344040
FINNIFTY02JAN2422200CE.NFO,02/01/2024,09:55:29,0.35,0.35,652520,0.4,404760,5000,1344040
FINNIFTY02JAN2422200CE.NFO,02/01/2024,09:55:41,0.4,0.35,658080,0.4,408880,9480,1344040
FINNIFTY02JAN2422200CE.NFO,02/01/2024,09:55:53,0.4,0.35,663560,0.4,410160,6680,1344040
FINNIFTY02JAN2422200CE.NFO,02/01/2024,09:56:06,0.4,0.35,671120,0.4,408440,17760,1344040
FINNIFTY02JAN2422200CE.NFO,02/01/2024,09:56:19,0.4,0.35,680640,0.4,307880,116160,1344040
FINNIFTY02JAN2422200CE.NFO,02/01/2024,09:56:30,0.4,0.4,721320,0.45,438400,279600,1413000
FINNIFTY02JAN2422200CE.NFO,02/01/2024,09:56:31,0.45,0.4,724920,0.45,439440,1800,1413000
FINNIFTY02JAN2422200CE.NFO,02/01/2024,09:56:35,0.45,0.4,724920,0.45,439320,0,1413000
FINNIFTY02JAN2422200CE.NFO,02/01/2024,09:56:36,0.45,0.4,722400,0.45,442120,3680,1413000
FINNIFTY02JAN2422200CE.NFO,02/01/2024,09:56:38,0.45,0.4,721000,0.45,444240,1560,1413000
FINNIFTY02JAN2422200CE.NFO,02/01/2024,09:56:40,0.45,0.4,721040,0.45,447120,0,1413000
FINNIFTY02JAN2422200CE.NFO,02/01/2024,09:56:41,0.45,0.4,721000,0.45,450000,0,1413000
FINNIFTY02JAN2422200CE.NFO,02/01/2024,09:56:43,0.45,0.4,721440,0.45,452880,0,1413000
FINNIFTY02JAN2422200CE.NFO,02/01/2024,09:56:45,0.4,0.4,726360,0.45,456800,40,1413000
FINNIFTY02JAN2422200CE.NFO,02/01/2024,09:56:46,0.45,0.4,720160,0.45,449640,19400,1413000
FINNIFTY02JAN2422200CE.NFO,02/01/2024,09:56:48,0.45,0.4,720200,0.45,452520,0,1413000
FINNIFTY02JAN2422200CE.NFO,02/01/2024,09:56:50,0.45,0.4,720600,0.45,456200,80,1413000
FINNIFTY02JAN2422200CE.NFO,02/01/2024,09:56:51,0.45,0.4,720600,0.45,448680,13000,1413000
FINNIFTY02JAN2422200CE.NFO,02/01/2024,09:56:53,0.4,0.4,720760,0.45,442360,1600,1413000
FINNIFTY02JAN2422200CE.NFO,02/01/2024,09:56:55,0.4,0.4,720760,0.45,447360,1840,1413000
FINNIFTY02JAN2422200CE.NFO,02/01/2024,09:56:56,0.45,0.4,721160,0.45,424520,12000,1413000
FINNIFTY02JAN2422200CE.NFO,02/01/2024,09:56:58,0.45,0.4,137760,0.45,419120,2720,1413000
FINNIFTY02JAN2422200CE.NFO,02/01/2024,09:57:00,0.45,0.4,180120,0.45,399840,5400,1413000
FINNIFTY02JAN2422200CE.NFO,02/01/2024,09:57:01,0.45,0.4,168560,0.45,363480,9920,1413000
FINNIFTY02JAN2422200CE.NFO,02/01/2024,09:57:03,0.45,0.4,157600,0.45,341760,6960,1413000
FINNIFTY02JAN2422200CE.NFO,02/01/2024,09:57:05,0.4,0.4,157600,0.45,400480,1800,1413000
FINNIFTY02JAN2422200CE.NFO,02/01/2024,09:57:06,0.4,0.4,158040,0.45,400480,0,1413000
FINNIFTY02JAN2422200CE.NFO,02/01/2024,09:57:08,0.45,0.4,168880,0.45,396960,2320,1413000
FINNIFTY02JAN2422200CE.NFO,02/01/2024,09:57:10,0.45,0.4,168840,0.45,401160,240,1413000
FINNIFTY02JAN2422200CE.NFO,02/01/2024,09:57:11,0.45,0.4,168840,0.45,411320,640,1413000
FINNIFTY02JAN2422200CE.NFO,02/01/2024,09:57:13,0.45,0.4,168840,0.45,349120,1080,1413000
FINNIFTY02JAN2422200CE.NFO,02/01/2024,09:57:15,0.45,0.45,492080,0.5,153640,311680,1413000
FINNIFTY02JAN2422200CE.NFO,02/01/2024,09:57:16,0.45,0.45,492240,0.5,151840,2760,1413000
FINNIFTY02JAN2422200CE.NFO,02/01/2024,09:57:18,0.45,0.45,489080,0.5,151040,4920,1413000
FINNIFTY02JAN2422200CE.NFO,02/01/2024,09:57:20,0.45,0.45,489400,0.5,151200,2240,1413000
FINNIFTY02JAN2422200CE.NFO,02/01/2024,09:57:21,0.45,0.45,473920,0.5,145080,1080,1413000
FINNIFTY02JAN2422200CE.NFO,02/01/2024,09:57:23,0.45,0.45,477520,0.5,160200,0,1413000
FINNIFTY02JAN2422200CE.NFO,02/01/2024,09:57:24,0.45,0.45,481120,0.5,163080,0,1413000
FINNIFTY02JAN2422200CE.NFO,02/01/2024,09:57:26,0.5,0.45,488320,0.5,163320,2600,1413000
FINNIFTY02JAN2422200CE.NFO,02/01/2024,09:57:28,0.5,0.45,488360,0.5,166200,0,1413000
FINNIFTY02JAN2422200CE.NFO,02/01/2024,09:57:29,0.5,0.45,488360,0.5,165120,5400,1413000
FINNIFTY02JAN2422200CE.NFO,02/01/2024,09:57:39,0.45,0.45,488320,0.5,159560,11800,1413000
FINNIFTY02JAN2422200CE.NFO,02/01/2024,09:57:50,0.5,0.45,487040,0.5,157600,1040,1413000
FINNIFTY02JAN2422200CE.NFO,02/01/2024,09:58:02,0.45,0.45,482600,0.5,155560,3320,1413000
FINNIFTY02JAN2422200CE.NFO,02/01/2024,09:58:14,0.5,0.45,481080,0.5,151800,5720,1413000
FINNIFTY02JAN2422200CE.NFO,02/01/2024,09:58:25,0.45,0.45,480520,0.5,149680,1400,1413000
FINNIFTY02JAN2422200CE.NFO,02/01/2024,09:58:37,0.45,0.45,479600,0.5,155960,3360,1413000
FINNIFTY02JAN2422200CE.NFO,02/01/2024,09:58:48,0.45,0.45,474520,0.5,156240,4320,1413000
FINNIFTY02JAN2422200CE.NFO,02/01/2024,09:58:59,0.5,0.45,482960,0.5,158720,2920,1413000
FINNIFTY02JAN2422200CE.NFO,02/01/2024,09:59:10,0.45,0.45,468400,0.5,142680,2080,1413000
FINNIFTY02JAN2422200CE.NFO,02/01/2024,09:59:21,0.5,0.5,142000,0.55,109520,114840,1413000
FINNIFTY02JAN2422200CE.NFO,02/01/2024,09:59:33,0.55,0.5,150000,0.55,158480,680,1541000
FINNIFTY02JAN2422200CE.NFO,02/01/2024,09:59:43,0.5,0.5,87760,0.55,164640,29600,1541000
FINNIFTY02JAN2422200CE.NFO,02/01/2024,09:59:55,0.5,0.45,439240,0.5,147440,122520,1541000
FINNIFTY02JAN2422200CE.NFO,02/01/2024,10:00:06,0.5,0.45,436680,0.5,135000,3080,1541000
FINNIFTY02JAN2422200CE.NFO,02/01/2024,10:00:17,0.5,0.45,440480,0.5,130400,18120,1541000
FINNIFTY02JAN2422200CE.NFO,02/01/2024,10:00:28,0.5,0.45,443200,0.5,131720,5720,1541000
FINNIFTY02JAN2422200CE.NFO,02/01/2024,10:00:40,0.5,0.45,446000,0.5,130280,7600,1541000
FINNIFTY02JAN2422200CE.NFO,02/01/2024,10:00:52,0.45,0.45,448680,0.5,125800,13960,1541000
FINNIFTY02JAN2422200CE.NFO,02/01/2024,10:01:03,0.5,0.45,448840,0.5,65840,24240,1541000
FINNIFTY02JAN2422200CE.NFO,02/01/2024,10:01:14,0.5,0.5,122080,0.55,95800,70600,1541000
FINNIFTY02JAN2422200CE.NFO,02/01/2024,10:01:25,0.5,0.5,129840,0.55,105640,6720,1541000
FINNIFTY02JAN2422200CE.NFO,02/01/2024,10:01:37,0.5,0.5,127000,0.55,106360,1920,1541000
FINNIFTY02JAN2422200CE.NFO,02/01/2024,10:01:47,0.5,0.5,61240,0.55,112400,59760,1541000
FINNIFTY02JAN2422200CE.NFO,02/01/2024,10:01:58,0.5,0.45,413040,0.5,137320,68920,1541000
FINNIFTY02JAN2422200CE.NFO,02/01/2024,10:02:10,0.5,0.45,423400,0.5,138920,9000,1541000
FINNIFTY02JAN2422200CE.NFO,02/01/2024,10:02:21,0.45,0.45,402640,0.5,161120,1640,1541000
FINNIFTY02JAN2422200CE.NFO,02/01/2024,10:02:31,0.5,0.45,398240,0.5,162120,13440,1603960
FINNIFTY02JAN2422200CE.NFO,02/01/2024,10:02:42,0.5,0.45,397520,0.5,164920,21800,1603960
FINNIFTY02JAN2422200CE.NFO,02/01/2024,10:02:53,0.45,0.45,393960,0.5,167320,3600,1603960
FINNIFTY02JAN2422200CE.NFO,02/01/2024,10:03:05,0.5,0.45,390720,0.5,167400,3960,1603960
FINNIFTY02JAN2422200CE.NFO,02/01/2024,10:03:17,0.5,0.45,990600,0.5,169000,280,1603960
FINNIFTY02JAN2422200CE.NFO,02/01/2024,10:03:29,0.5,0.45,987920,0.5,170720,1920,1603960
FINNIFTY02JAN2422200CE.NFO,02/01/2024,10:03:41,0.5,0.45,990520,0.5,175640,11080,1603960
FINNIFTY02JAN2422200CE.NFO,02/01/2024,10:03:52,0.45,0.45,989440,0.5,177560,1800,1603960
FINNIFTY02JAN2422200CE.NFO,02/01/2024,10:04:03,0.45,0.45,985640,0.5,183480,1800,1603960
FINNIFTY02JAN2422200CE.NFO,02/01/2024,10:04:15,0.5,0.45,986440,0.5,182400,3640,1603960
FINNIFTY02JAN2422200CE.NFO,02/01/2024,10:04:26,0.5,0.45,984840,0.5,182160,2600,1603960
FINNIFTY02JAN2422200CE.NFO,02/01/2024,10:04:37,0.45,0.45,982040,0.5,182160,2800,1603960
FINNIFTY02JAN2422200CE.NFO,02/01/2024,10:04:49,0.5,0.45,981640,0.5,181120,1320,1603960
FINNIFTY02JAN2422200CE.NFO,02/01/2024,10:05:00,0.45,0.45,975880,0.5,186000,6960,1603960
FINNIFTY02JAN2422200CE.NFO,02/01/2024,10:05:11,0.45,0.45,973440,0.5,186000,1000,1603960
FINNIFTY02JAN2422200CE.NFO,02/01/2024,10:05:22,0.45,0.45,974920,0.5,186000,0,1603960
FINNIFTY02JAN2422200CE.NFO,02/01/2024,10:05:32,0.45,0.45,919880,0.5,447680,270160,1623920
FINNIFTY02JAN2422200CE.NFO,02/01/2024,10:05:43,0.45,0.45,948440,0.5,470840,320,1623920
FINNIFTY02JAN2422200CE.NFO,02/01/2024,10:05:54,0.45,0.45,944760,0.5,473000,2840,1623920
FINNIFTY02JAN2422200CE.NFO,02/01/2024,10:06:06,0.5,0.45,945160,0.5,475680,680,1623920
FINNIFTY02JAN2422200CE.NFO,02/01/2024,10:06:17,0.45,0.45,943280,0.5,480360,1800,1623920
FINNIFTY02JAN2422200CE.NFO,02/01/2024,10:06:30,0.45,0.45,935920,0.5,483920,7640,1623920
FINNIFTY02JAN2422200CE.NFO,02/01/2024,10:06:41,0.45,0.45,928520,0.5,479480,3200,1623920
FINNIFTY02JAN2422200CE.NFO,02/01/2024,10:06:53,0.5,0.45,928560,0.5,485560,400,1623920
FINNIFTY02JAN2422200CE.NFO,02/01/2024,10:07:04,0.5,0.45,928720,0.5,486240,1000,1623920
FINNIFTY02JAN2422200CE.NFO,02/01/2024,10:07:16,0.5,0.45,926920,0.5,486240,2040,1623920
FINNIFTY02JAN2422200CE.NFO,02/01/2024,10:07:27,0.5,0.45,917760,0.5,494720,10800,1623920
FINNIFTY02JAN2422200CE.NFO,02/01/2024,10:07:38,0.5,0.45,909080,0.5,494240,12040,1623920
FINNIFTY02JAN2422200CE.NFO,02/01/2024,10:07:49,0.5,0.45,908840,0.5,494880,2840,1623920
FINNIFTY02JAN2422200CE.NFO,02/01/2024,10:08:00,0.5,0.45,907920,0.5,499520,1720,1623920
FINNIFTY02JAN2422200CE.NFO,02/01/2024,10:08:11,0.5,0.45,952600,0.5,404800,131840,1623920
FINNIFTY02JAN2422200CE.NFO,02/01/2024,10:08:22,0.5,0.45,950040,0.5,423800,27040,1623920
FINNIFTY02JAN2422200CE.NFO,02/01/2024,10:08:34,0.45,0.45,944920,0.5,417000,14480,1683200
FINNIFTY02JAN2422200CE.NFO,02/01/2024,10:08:45,0.45,0.45,939400,0.5,416280,6240,1683200
FINNIFTY02JAN2422200CE.NFO,02/01/2024,10:08:56,0.45,0.45,940200,0.5,417440,120,1683200
FINNIFTY02JAN2422200CE.NFO,02/01/2024,10:09:08,0.45,0.45,942720,0.5,420680,1600,1683200
FINNIFTY02JAN2422200CE.NFO,02/01/2024,10:09:19,0.5,0.45,941200,0.5,439640,3680,1683200
FINNIFTY02JAN2422200CE.NFO,02/01/2024,10:09:31,0.5,0.45,940520,0.5,453600,400,1683200
FINNIFTY02JAN2422200CE.NFO,02/01/2024,10:09:42,0.45,0.45,938720,0.5,452600,2080,1683200
FINNIFTY02JAN2422200CE.NFO,02/01/2024,10:09:53,0.5,0.45,938120,0.5,451280,3800,1683200
FINNIFTY02JAN2422200CE.NFO,02/01/2024,10:10:04,0.45,0.45,934360,0.5,450360,4960,1683200
FINNIFTY02JAN2422200CE.NFO,02/01/2024,10:10:15,0.45,0.45,927360,0.5,449600,8480,1683200
FINNIFTY02JAN2422200CE.NFO,02/01/2024,10:10:27,0.45,0.45,922520,0.5,449800,3640,1683200
FINNIFTY02JAN2422200CE.NFO,02/01/2024,10:10:38,0.5,0.45,912880,0.5,441440,23400,1683200
FINNIFTY02JAN2422200CE.NFO,02/01/2024,10:10:50,0.5,0.45,911800,0.5,431160,11960,1683200
FINNIFTY02JAN2422200CE.NFO,02/01/2024,10:11:01,0.45,0.45,912760,0.5,431200,2680,1683200
FINNIFTY02JAN2422200CE.NFO,02/01/2024,10:11:12,0.45,0.45,908120,0.5,430320,4640,1683200
FINNIFTY02JAN2422200CE.NFO,02/01/2024,10:11:23,0.45,0.45,907800,0.5,434280,320,1683200
FINNIFTY02JAN2422200CE.NFO,02/01/2024,10:11:34,0.45,0.45,897960,0.5,435560,9840,1702840
FINNIFTY02JAN2422200CE.NFO,02/01/2024,10:11:45,0.45,0.45,897880,0.5,437840,80,1702840
FINNIFTY02JAN2422200CE.NFO,02/01/2024,10:11:55,0.45,0.45,881520,0.5,440240,28800,1702840
FINNIFTY02JAN2422200CE.NFO,02/01/2024,10:12:05,0.5,0.45,872040,0.5,439520,13160,1702840
FINNIFTY02JAN2422200CE.NFO,02/01/2024,10:12:15,0.45,0.45,858840,0.5,438960,10320,1702840
FINNIFTY02JAN2422200CE.NFO,02/01/2024,10:12:26,0.45,0.45,841720,0.5,431000,13720,1702840
FINNIFTY02JAN2422200CE.NFO,02/01/2024,10:12:36,0.45,0.45,826680,0.5,436440,18000,1702840
FINNIFTY02JAN2422200CE.NFO,02/01/2024,10:12:48,0.45,0.45,822920,0.5,438440,6080,1702840
FINNIFTY02JAN2422200CE.NFO,02/01/2024,10:13:00,0.45,0.45,813800,0.5,438760,6240,1702840
FINNIFTY02JAN2422200CE.NFO,02/01/2024,10:13:11,0.45,0.45,806280,0.5,434520,8200,1702840
FINNIFTY02JAN2422200CE.NFO,02/01/2024,10:13:21,0.45,0.45,805200,0.5,434720,1600,1702840
FINNIFTY02JAN2422200CE.NFO,02/01/2024,10:13:32,0.45,0.45,801000,0.5,438160,4240,1702840
FINNIFTY02JAN2422200CE.NFO,02/01/2024,10:13:43,0.45,0.45,1399160,0.5,393720,47240,1702840
FINNIFTY02JAN2422200CE.NFO,02/01/2024,10:13:53,0.45,0.45,1385080,0.5,393720,12440,1702840
FINNIFTY02JAN2422200CE.NFO,02/01/2024,10:14:04,0.5,0.45,1350080,0.5,392760,38600,1702840
FINNIFTY02JAN2422200CE.NFO,02/01/2024,10:14:14,0.5,0.45,1341200,0.5,324000,8400,1702840
FINNIFTY02JAN2422200CE.NFO,02/01/2024,10:14:24,0.45,0.45,1339400,0.5,204280,1800,1702840
FINNIFTY02JAN2422200CE.NFO,02/01/2024,10:14:35,0.45,0.45,1333240,0.5,202320,8840,1817680
FINNIFTY02JAN2422200CE.NFO,02/01/2024,10:14:46,0.45,0.45,1328080,0.5,202800,7240,1817680
FINNIFTY02JAN2422200CE.NFO,02/01/2024,10:14:56,0.45,0.45,1326560,0.5,204800,2400,1817680
FINNIFTY02JAN2422200CE.NFO,02/01/2024,10:15:06,0.5,0.45,1326480,0.5,220520,160,1817680
FINNIFTY02JAN2422200CE.NFO,02/01/2024,10:15:16,0.5,0.45,1326040,0.5,210840,1520,1817680
FINNIFTY02JAN2422200CE.NFO,02/01/2024,10:15:27,0.5,0.45,1319840,0.5,210440,7400,1817680
FINNIFTY02JAN2422200CE.NFO,02/01/2024,10:15:37,0.5,0.45,1319840,0.5,218560,240,1817680
FINNIFTY02JAN2422200CE.NFO,02/01/2024,10:15:47,0.45,0.45,1317800,0.5,212360,7440,1817680
FINNIFTY02JAN2422200CE.NFO,02/01/2024,10:15:57,0.45,0.45,1316800,0.5,234160,1000,1817680
FINNIFTY02JAN2422200CE.NFO,02/01/2024,10:16:08,0.5,0.45,1316920,0.5,226280,1320,1817680
FINNIFTY02JAN2422200CE.NFO,02/01/2024,10:16:18,0.45,0.45,1308360,0.5,233720,8280,1817680
FINNIFTY02JAN2422200CE.NFO,02/01/2024,10:16:29,0.5,0.45,1308400,0.5,234560,40,1817680
FINNIFTY02JAN2422200CE.NFO,02/01/2024,10:16:39,0.5,0.45,1308360,0.5,222320,12000,1817680
FINNIFTY02JAN2422200CE.NFO,02/01/2024,10:16:49,0.5,0.45,1309200,0.5,223000,40,1817680
FINNIFTY02JAN2422200CE.NFO,02/01/2024,10:17:00,0.45,0.45,1308280,0.5,222440,80,1817680
FINNIFTY02JAN2422200CE.NFO,02/01/2024,10:17:11,0.45,0.45,1306280,0.5,222480,2000,1817680
FINNIFTY02JAN2422200CE.NFO,02/01/2024,10:17:22,0.45,0.45,1301720,0.5,222840,5440,1817680
FINNIFTY02JAN2422200CE.NFO,02/01/2024,10:17:33,0.45,0.45,1300440,0.5,223240,400,1868400
FINNIFTY02JAN2422200CE.NFO,02/01/2024,10:17:44,0.45,0.45,1298640,0.5,228000,1800,1868400
FINNIFTY02JAN2422200CE.NFO,02/01/2024,10:17:54,0.5,0.45,1297360,0.5,227640,7320,1868400
FINNIFTY02JAN2422200CE.NFO,02/01/2024,10:18:03,0.45,0.45,1280880,0.5,221480,22880,1868400
FINNIFTY02JAN2422200CE.NFO,02/01/2024,10:18:13,0.45,0.45,1280880,0.5,223000,0,1868400
FINNIFTY02JAN2422200CE.NFO,02/01/2024,10:18:22,0.45,0.45,1280840,0.5,224640,40,1868400
FINNIFTY02JAN2422200CE.NFO,02/01/2024,10:18:32,0.5,0.45,1277240,0.5,207680,13280,1868400
FINNIFTY02JAN2422200CE.NFO,02/01/2024,10:18:41,0.45,0.45,1276240,0.5,215480,1560,1868400
FINNIFTY02JAN2422200CE.NFO,02/01/2024,10:18:50,0.45,0.45,1266400,0.5,208600,10320,1868400
FINNIFTY02JAN2422200CE.NFO,02/01/2024,10:19:00,0.45,0.45,1256440,0.5,208120,10000,1868400
FINNIFTY02JAN2422200CE.NFO,02/01/2024,10:19:10,0.5,0.45,1256440,0.5,197920,1720,1868400
FINNIFTY02JAN2422200CE.NFO,02/01/2024,10:19:20,0.5,0.45,1241040,0.5,207520,16280,1868400
FINNIFTY02JAN2422200CE.NFO,02/01/2024,10:19:30,0.5,0.45,1240560,0.5,200480,440,1868400
FINNIFTY02JAN2422200CE.NFO,02/01/2024,10:19:40,0.45,0.45,1239560,0.5,219840,1000,1868400
FINNIFTY02JAN2422200CE.NFO,02/01/2024,10:19:50,0.45,0.45,1237560,0.5,248280,2000,1868400
FINNIFTY02JAN2422200CE.NFO,02/01/2024,10:19:59,0.45,0.45,1238440,0.5,248280,0,1868400
FINNIFTY02JAN2422200CE.NFO,02/01/2024,10:20:09,0.45,0.45,1232120,0.5,248280,4160,1868400
FINNIFTY02JAN2422200CE.NFO,02/01/2024,10:20:19,0.45,0.45,1233640,0.5,253920,640,1868400
FINNIFTY02JAN2422200CE.NFO,02/01/2024,10:20:29,0.45,0.4,318560,0.45,450400,124720,1868400
FINNIFTY02JAN2422200CE.NFO,02/01/2024,10:20:30,0.45,0.4,318560,0.45,450320,0,1868400
FINNIFTY02JAN2422200CE.NFO,02/01/2024,10:20:32,0.45,0.4,918560,0.45,442080,0,1868400
FINNIFTY02JAN2422200CE.NFO,02/01/2024,10:20:35,0.45,0.4,918560,0.45,458520,0,1868400
FINNIFTY02JAN2422200CE.NFO,02/01/2024,10:20:38,0.45,0.4,918560,0.45,462120,0,1868400
FINNIFTY02JAN2422200CE.NFO,02/01/2024,10:20:40,0.45,0.4,918560,0.45,454920,0,1868400
FINNIFTY02JAN2422200CE.NFO,02/01/2024,10:20:45,0.45,0.4,927080,0.45,454920,0,1868400
FINNIFTY02JAN2422200CE.NFO,02/01/2024,10:20:47,0.45,0.4,927080,0.45,453920,0,1868400
FINNIFTY02JAN2422200CE.NFO,02/01/2024,10:20:48,0.4,0.4,923840,0.45,453920,3240,1880760
FINNIFTY02JAN2422200CE.NFO,02/01/2024,10:20:50,0.4,0.4,926880,0.45,454320,0,1880760
FINNIFTY02JAN2422200CE.NFO,02/01/2024,10:20:53,0.4,0.4,927560,0.45,453920,0,1880760
FINNIFTY02JAN2422200CE.NFO,02/01/2024,10:21:01,0.4,0.4,927600,0.45,453920,0,1880760
FINNIFTY02JAN2422200CE.NFO,02/01/2024,10:21:03,0.4,0.4,928520,0.45,453920,0,1880760
FINNIFTY02JAN2422200CE.NFO,02/01/2024,10:21:05,0.4,0.4,928680,0.45,453920,0,1880760
FINNIFTY02JAN2422200CE.NFO,02/01/2024,10:21:06,0.4,0.4,928880,0.45,453920,0,1880760
FINNIFTY02JAN2422200CE.NFO,02/01/2024,10:21:08,0.4,0.4,929040,0.45,453920,0,1880760
FINNIFTY02JAN2422200CE.NFO,02/01/2024,10:21:10,0.4,0.4,929080,0.45,453920,0,1880760
FINNIFTY02JAN2422200CE.NFO,02/01/2024,10:21:11,0.4,0.4,928120,0.45,453920,0,1880760
FINNIFTY02JAN2422200CE.NFO,02/01/2024,10:21:13,0.45,0.4,928120,0.45,451360,680,1880760
FINNIFTY02JAN2422200CE.NFO,02/01/2024,10:21:15,0.4,0.4,928600,0.45,447640,1000,1880760
FINNIFTY02JAN2422200CE.NFO,02/01/2024,10:21:16,0.45,0.4,928440,0.45,442200,40,1880760
FINNIFTY02JAN2422200CE.NFO,02/01/2024,10:21:18,0.45,0.4,928480,0.45,434520,480,1880760
FINNIFTY02JAN2422200CE.NFO,02/01/2024,10:21:20,0.4,0.4,926200,0.45,427280,3640,1880760
FINNIFTY02JAN2422200CE.NFO,02/01/2024,10:21:21,0.45,0.4,926120,0.45,420040,40,1880760
FINNIFTY02JAN2422200CE.NFO,02/01/2024,10:21:23,0.4,0.4,924240,0.45,412840,1800,1880760
FINNIFTY02JAN2422200CE.NFO,02/01/2024,10:21:25,0.4,0.4,914440,0.45,405560,9840,1880760
FINNIFTY02JAN2422200CE.NFO,02/01/2024,10:21:26,0.45,0.4,914400,0.45,405440,120,1880760
FINNIFTY02JAN2422200CE.NFO,02/01/2024,10:21:28,0.4,0.4,912600,0.45,405440,1800,1880760
FINNIFTY02JAN2422200CE.NFO,02/01/2024,10:21:38,0.4,0.4,907600,0.45,405840,4600,1880760
FINNIFTY02JAN2422200CE.NFO,02/01/2024,10:21:48,0.4,0.4,903480,0.45,404040,5400,1880760
FINNIFTY02JAN2422200CE.NFO,02/01/2024,10:21:58,0.4,0.4,898480,0.45,403040,6080,1880760
FINNIFTY02JAN2422200CE.NFO,02/01/2024,10:22:08,0.4,0.4,898080,0.45,403440,1800,1880760
FINNIFTY02JAN2422200CE.NFO,02/01/2024,10:22:17,0.45,0.4,898600,0.45,403080,360,1880760
FINNIFTY02JAN2422200CE.NFO,02/01/2024,10:22:28,0.45,0.4,898800,0.45,412200,240,1880760
FINNIFTY02JAN2422200CE.NFO,02/01/2024,10:22:37,0.4,0.4,1498640,0.45,412840,120,1880760
FINNIFTY02JAN2422200CE.NFO,02/01/2024,10:22:48,0.45,0.4,1498640,0.45,412280,1960,1880760
FINNIFTY02JAN2422200CE.NFO,02/01/2024,10:23:08,0.45,0.4,1481320,0.45,410640,18440,1880760
FINNIFTY02JAN2422200CE.NFO,02/01/2024,10:23:18,0.45,0.4,1490280,0.45,411080,40,1880760
FINNIFTY02JAN2422200CE.NFO,02/01/2024,10:23:28,0.45,0.4,1497640,0.45,410000,1080,1880760
FINNIFTY02JAN2422200CE.NFO,02/01/2024,10:23:39,0.45,0.4,1499280,0.45,410000,0,1880760
FINNIFTY02JAN2422200CE.NFO,02/01/2024,10:23:49,0.45,0.4,1500240,0.45,410480,0,1880760
FINNIFTY02JAN2422200CE.NFO,02/01/2024,10:24:00,0.45,0.4,1499320,0.45,411360,0,1880760
FINNIFTY02JAN2422200CE.NFO,02/01/2024,10:24:11,0.45,0.4,1500280,0.45,411200,160,1892360
FINNIFTY02JAN2422200CE.NFO,02/01/2024,10:24:21,0.45,0.4,1498080,0.45,369760,2240,1892360
FINNIFTY02JAN2422200CE.NFO,02/01/2024,10:24:31,0.45,0.4,1436720,0.45,509040,223280,1892360
FINNIFTY02JAN2422200CE.NFO,02/01/2024,10:24:40,0.45,0.4,1440840,0.45,544200,0,1892360
FINNIFTY02JAN2422200CE.NFO,02/01/2024,10:24:50,0.4,0.4,1437560,0.45,551400,400,1892360
FINNIFTY02JAN2422200CE.NFO,02/01/2024,10:25:00,0.4,0.4,1446160,0.45,551400,0,1892360
FINNIFTY02JAN2422200CE.NFO,02/01/2024,10:25:11,0.45,0.4,1448160,0.45,549560,960,1892360
FINNIFTY02JAN2422200CE.NFO,02/01/2024,10:25:21,0.45,0.4,1450960,0.45,548560,520,1892360
FINNIFTY02JAN2422200CE.NFO,02/01/2024,10:25:32,0.45,0.4,1450920,0.45,549040,0,1892360
FINNIFTY02JAN2422200CE.NFO,02/01/2024,10:25:42,0.4,0.4,1450800,0.45,549000,160,1892360
FINNIFTY02JAN2422200CE.NFO,02/01/2024,10:26:02,0.4,0.4,1450960,0.45,549680,360,1892360
FINNIFTY02JAN2422200CE.NFO,02/01/2024,10:26:12,0.4,0.4,1450720,0.45,549680,0,1892360
FINNIFTY02JAN2422200CE.NFO,02/01/2024,10:26:22,0.4,0.4,1451320,0.45,565680,0,1892360
FINNIFTY02JAN2422200CE.NFO,02/01/2024,10:26:33,0.4,0.4,1451360,0.45,566160,0,1892360
FINNIFTY02JAN2422200CE.NFO,02/01/2024,10:26:43,0.4,0.4,1449400,0.45,565200,40,1904280
FINNIFTY02JAN2422200CE.NFO,02/01/2024,10:26:54,0.4,0.4,1460720,0.45,565680,600,1904280
FINNIFTY02JAN2422200CE.NFO,02/01/2024,10:27:05,0.4,0.4,1461440,0.45,566080,0,1904280
FINNIFTY02JAN2422200CE.NFO,02/01/2024,10:27:16,0.45,0.4,1463320,0.45,566040,40,1904280
FINNIFTY02JAN2422200CE.NFO,02/01/2024,10:27:27,0.45,0.4,1462160,0.45,563440,1720,1904280
FINNIFTY02JAN2422200CE.NFO,02/01/2024,10:27:38,0.45,0.4,1461280,0.45,563000,1000,1904280
FINNIFTY02JAN2422200CE.NFO,02/01/2024,10:27:48,0.45,0.4,1462880,0.45,562240,2640,1904280
FINNIFTY02JAN2422200CE.NFO,02/01/2024,10:27:58,0.45,0.4,1462880,0.45,562360,0,1904280
FINNIFTY02JAN2422200CE.NFO,02/01/2024,10:28:07,0.45,0.4,1463240,0.45,557880,3520,1904280
FINNIFTY02JAN2422200CE.NFO,02/01/2024,10:28:17,0.45,0.4,1467960,0.45,556280,13800,1904280
FINNIFTY02JAN2422200CE.NFO,02/01/2024,10:28:27,0.45,0.4,1469680,0.45,557160,2000,1904280
FINNIFTY02JAN2422200CE.NFO,02/01/2024,10:28:37,0.4,0.4,1467680,0.45,557160,2000,1904280
FINNIFTY02JAN2422200CE.NFO,02/01/2024,10:28:54,0.4,0.4,1467680,0.45,562800,0,1904280
FINNIFTY02JAN2422200CE.NFO,02/01/2024,10:29:02,0.45,0.4,1469640,0.45,562240,3480,1904280
FINNIFTY02JAN2422200CE.NFO,02/01/2024,10:29:12,0.45,0.4,1471280,0.45,561560,3720,1904280
FINNIFTY02JAN2422200CE.NFO,02/01/2024,10:29:20,0.45,0.4,1471800,0.45,562480,40,1904280
FINNIFTY02JAN2422200CE.NFO,02/01/2024,10:29:30,0.4,0.4,1480640,0.45,563360,10040,1904280
FINNIFTY02JAN2422200CE.NFO,02/01/2024,10:29:38,0.45,0.4,1491000,0.45,566680,9720,1878080
FINNIFTY02JAN2422200CE.NFO,02/01/2024,10:29:46,0.45,0.4,1490120,0.45,566680,0,1878080
FINNIFTY02JAN2422200CE.NFO,02/01/2024,10:30:03,0.45,0.4,1495280,0.45,567040,5760,1878080
FINNIFTY02JAN2422200CE.NFO,02/01/2024,10:30:13,0.45,0.4,1495400,0.45,566200,2520,1878080
FINNIFTY02JAN2422200CE.NFO,02/01/2024,10:30:22,0.4,0.4,1494480,0.45,565320,920,1878080
FINNIFTY02JAN2422200CE.NFO,02/01/2024,10:30:32,0.45,0.4,1493320,0.45,567720,1360,1878080
FINNIFTY02JAN2422200CE.NFO,02/01/2024,10:30:41,0.45,0.4,1493200,0.45,568200,240,1878080
FINNIFTY02JAN2422200CE.NFO,02/01/2024,10:30:51,0.45,0.4,1493200,0.45,569280,0,1878080
FINNIFTY02JAN2422200CE.NFO,02/01/2024,10:31:01,0.45,0.4,1487840,0.45,600520,4840,1878080
FINNIFTY02JAN2422200CE.NFO,02/01/2024,10:31:10,0.45,0.4,1487840,0.45,640040,1200,1878080
FINNIFTY02JAN2422200CE.NFO,02/01/2024,10:31:19,0.4,0.4,1482080,0.45,636120,4880,1878080
FINNIFTY02JAN2422200CE.NFO,02/01/2024,10:31:28,0.4,0.35,717560,0.4,334080,286720,1878080
FINNIFTY02JAN2422200CE.NFO,02/01/2024,10:31:31,0.4,0.35,716360,0.4,474840,240,1878080
FINNIFTY02JAN2422200CE.NFO,02/01/2024,10:31:33,0.4,0.35,716360,0.4,483640,0,1878080
FINNIFTY02JAN2422200CE.NFO,02/01/2024,10:31:34,0.4,0.35,716160,0.4,490880,0,1878080
FINNIFTY02JAN2422200CE.NFO,02/01/2024,10:31:36,0.4,0.35,716080,0.4,486120,6600,1878080
FINNIFTY02JAN2422200CE.NFO,02/01/2024,10:31:38,0.4,0.35,716400,0.4,487480,800,1878080
FINNIFTY02JAN2422200CE.NFO,02/01/2024,10:31:39,0.4,0.35,716400,0.4,487440,0,1878080
FINNIFTY02JAN2422200CE.NFO,02/01/2024,10:31:41,0.4,0.35,717400,0.4,485280,4400,1878080
FINNIFTY02JAN2422200CE.NFO,02/01/2024,10:31:43,0.4,0.35,717400,0.4,485280,0,1878080
FINNIFTY02JAN2422200CE.NFO,02/01/2024,10:31:44,0.4,0.35,720080,0.4,474400,16720,1878080
FINNIFTY02JAN2422200CE.NFO,02/01/2024,10:31:46,0.4,0.35,720080,0.4,474440,0,1878080
FINNIFTY02JAN2422200CE.NFO,02/01/2024,10:31:48,0.4,0.35,720440,0.4,492000,0,1878080
FINNIFTY02JAN2422200CE.NFO,02/01/2024,10:31:49,0.4,0.35,719560,0.4,491800,0,1878080
FINNIFTY02JAN2422200CE.NFO,02/01/2024,10:31:51,0.4,0.35,721360,0.4,490360,1600,1878080
FINNIFTY02JAN2422200CE.NFO,02/01/2024,10:31:54,0.4,0.35,722240,0.4,490360,0,1878080
FINNIFTY02JAN2422200CE.NFO,02/01/2024,10:31:56,0.4,0.35,722240,0.4,489520,840,1878080
FINNIFTY02JAN2422200CE.NFO,02/01/2024,10:31:58,0.4,0.35,722520,0.4,490000,0,1878080
FINNIFTY02JAN2422200CE.NFO,02/01/2024,10:32:01,0.4,0.35,721960,0.4,489960,600,1878080
FINNIFTY02JAN2422200CE.NFO,02/01/2024,10:32:03,0.4,0.35,721960,0.4,489640,320,1878080
FINNIFTY02JAN2422200CE.NFO,02/01/2024,10:32:04,0.4,0.35,722000,0.4,467320,2520,1878080
FINNIFTY02JAN2422200CE.NFO,02/01/2024,10:32:06,0.4,0.35,722000,0.4,474360,160,1878080
FINNIFTY02JAN2422200CE.NFO,02/01/2024,10:32:08,0.4,0.35,722000,0.4,474840,0,1878080
FINNIFTY02JAN2422200CE.NFO,02/01/2024,10:32:13,0.35,0.35,721240,0.4,474840,760,1878080
FINNIFTY02JAN2422200CE.NFO,02/01/2024,10:32:18,0.35,0.35,720040,0.4,474840,1200,1878080
FINNIFTY02JAN2422200CE.NFO,02/01/2024,10:32:19,0.35,0.35,702040,0.4,474840,0,1878080
FINNIFTY02JAN2422200CE.NFO,02/01/2024,10:32:21,0.35,0.35,701800,0.4,474840,240,1878080
FINNIFTY02JAN2422200CE.NFO,02/01/2024,10:32:27,0.35,0.35,701800,0.4,474840,0,1878080
FINNIFTY02JAN2422200CE.NFO,02/01/2024,10:32:29,0.35,0.35,701040,0.4,475240,760,1878080
FINNIFTY02JAN2422200CE.NFO,02/01/2024,10:32:37,0.35,0.35,701040,0.4,475080,0,1878080
FINNIFTY02JAN2422200CE.NFO,02/01/2024,10:32:46,0.35,0.35,712040,0.4,466840,4000,1864160
FINNIFTY02JAN2422200CE.NFO,02/01/2024,10:32:56,0.35,0.35,711280,0.4,464680,2520,1864160
FINNIFTY02JAN2422200CE.NFO,02/01/2024,10:33:05,0.4,0.35,705960,0.4,461000,9360,1864160
FINNIFTY02JAN2422200CE.NFO,02/01/2024,10:33:14,0.35,0.35,700840,0.4,463640,6200,1864160
FINNIFTY02JAN2422200CE.NFO,02/01/2024,10:33:23,0.4,0.35,684640,0.4,465840,4120,1864160
FINNIFTY02JAN2422200CE.NFO,02/01/2024,10:33:32,0.4,0.35,684600,0.4,459040,7680,1864160
FINNIFTY02JAN2422200CE.NFO,02/01/2024,10:33:41,0.4,0.35,684560,0.4,454680,12400,1864160
FINNIFTY02JAN2422200CE.NFO,02/01/2024,10:33:51,0.4,0.35,684560,0.4,445840,10440,1864160
FINNIFTY02JAN2422200CE.NFO,02/01/2024,10:34:01,0.4,0.35,684560,0.4,435600,10840,1864160
FINNIFTY02JAN2422200CE.NFO,02/01/2024,10:34:11,0.4,0.35,681880,0.4,432560,2560,1864160
FINNIFTY02JAN2422200CE.NFO,02/01/2024,10:34:21,0.35,0.35,681400,0.4,430840,3160,1864160
FINNIFTY02JAN2422200CE.NFO,02/01/2024,10:34:30,0.4,0.35,681400,0.4,430840,40,1864160
FINNIFTY02JAN2422200CE.NFO,02/01/2024,10:34:39,0.4,0.35,681400,0.4,424440,6400,1864160
FINNIFTY02JAN2422200CE.NFO,02/01/2024,10:34:48,0.4,0.35,681400,0.4,418840,6000,1864160
FINNIFTY02JAN2422200CE.NFO,02/01/2024,10:35:06,0.4,0.35,681400,0.4,415880,1600,1864160
FINNIFTY02JAN2422200CE.NFO,02/01/2024,10:35:15,0.4,0.35,667040,0.4,416840,0,1864160
FINNIFTY02JAN2422200CE.NFO,02/01/2024,10:35:24,0.4,0.35,662320,0.4,415840,5720,1864160
FINNIFTY02JAN2422200CE.NFO,02/01/2024,10:35:32,0.4,0.35,664120,0.4,415840,0,1864160
FINNIFTY02JAN2422200CE.NFO,02/01/2024,10:35:41,0.4,0.35,662320,0.4,415840,0,1864160
FINNIFTY02JAN2422200CE.NFO,02/01/2024,10:35:50,0.4,0.35,663440,0.4,414880,600,1864160
FINNIFTY02JAN2422200CE.NFO,02/01/2024,10:35:59,0.4,0.35,663440,0.4,415240,0,1849760
FINNIFTY02JAN2422200CE.NFO,02/01/2024,10:36:08,0.35,0.35,362960,0.4,460840,2080,1849760
FINNIFTY02JAN2422200CE.NFO,02/01/2024,10:36:18,0.35,0.35,322440,0.4,439240,21600,1849760
FINNIFTY02JAN2422200CE.NFO,02/01/2024,10:36:29,0.35,0.35,214280,0.4,439640,9400,1849760
FINNIFTY02JAN2422200CE.NFO,02/01/2024,10:36:40,0.35,0.35,214280,0.4,433240,18000,1849760
FINNIFTY02JAN2422200CE.NFO,02/01/2024,10:36:52,0.35,0.35,217720,0.4,425200,0,1849760
FINNIFTY02JAN2422200CE.NFO,02/01/2024,10:37:03,0.4,0.35,220400,0.4,433920,680,1849760
FINNIFTY02JAN2422200CE.NFO,02/01/2024,10:37:14,0.4,0.35,278440,0.4,433200,320,1849760
FINNIFTY02JAN2422200CE.NFO,02/01/2024,10:37:25,0.4,0.35,288600,0.4,438160,3640,1849760
FINNIFTY02JAN2422200CE.NFO,02/01/2024,10:37:36,0.4,0.35,295320,0.4,439560,1000,1849760
FINNIFTY02JAN2422200CE.NFO,02/01/2024,10:37:46,0.35,0.35,294600,0.4,439560,80,1849760
FINNIFTY02JAN2422200CE.NFO,02/01/2024,10:37:56,0.35,0.35,292280,0.4,437440,3720,1849760
FINNIFTY02JAN2422200CE.NFO,02/01/2024,10:38:06,0.35,0.35,292280,0.4,437520,0,1849760
FINNIFTY02JAN2422200CE.NFO,02/01/2024,10:38:25,0.4,0.35,294080,0.4,436920,2440,1849760
FINNIFTY02JAN2422200CE.NFO,02/01/2024,10:38:34,0.35,0.35,292240,0.4,437400,40,1849760
FINNIFTY02JAN2422200CE.NFO,02/01/2024,10:38:43,0.4,0.35,295040,0.4,437240,160,1856560
FINNIFTY02JAN2422200CE.NFO,02/01/2024,10:38:54,0.35,0.35,294720,0.4,437240,320,1856560
FINNIFTY02JAN2422200CE.NFO,02/01/2024,10:39:04,0.4,0.35,293840,0.4,435600,2880,1856560
FINNIFTY02JAN2422200CE.NFO,02/01/2024,10:39:15,0.4,0.35,291280,0.4,431600,200,1856560
FINNIFTY02JAN2422200CE.NFO,02/01/2024,10:39:26,0.35,0.35,290760,0.4,433440,80,1856560
FINNIFTY02JAN2422200CE.NFO,02/01/2024,10:39:37,0.4,0.35,290760,0.4,431520,1800,1856560
FINNIFTY02JAN2422200CE.NFO,02/01/2024,10:39:47,0.4,0.35,319560,0.4,431480,40,1856560
FINNIFTY02JAN2422200CE.NFO,02/01/2024,10:39:58,0.4,0.35,326760,0.4,429680,1800,1856560
FINNIFTY02JAN2422200CE.NFO,02/01/2024,10:40:09,0.4,0.35,326960,0.4,397640,2760,1856560
FINNIFTY02JAN2422200CE.NFO,02/01/2024,10:40:20,0.35,0.35,327440,0.4,396120,1320,1856560
FINNIFTY02JAN2422200CE.NFO,02/01/2024,10:40:31,0.4,0.35,325640,0.4,427880,1440,1856560
FINNIFTY02JAN2422200CE.NFO,02/01/2024,10:40:41,0.35,0.35,325440,0.4,423680,4000,1856560
FINNIFTY02JAN2422200CE.NFO,02/01/2024,10:40:51,0.4,0.35,325080,0.4,421360,2600,1856560
FINNIFTY02JAN2422200CE.NFO,02/01/2024,10:41:01,0.4,0.35,323280,0.4,421720,40,1856560
FINNIFTY02JAN2422200CE.NFO,02/01/2024,10:41:11,0.4,0.35,325080,0.4,395920,1080,1856560
FINNIFTY02JAN2422200CE.NFO,02/01/2024,10:41:21,0.35,0.35,324160,0.4,395520,40,1856560
FINNIFTY02JAN2422200CE.NFO,02/01/2024,10:41:30,0.4,0.35,326840,0.4,394040,1480,1856560
FINNIFTY02JAN2422200CE.NFO,02/01/2024,10:41:40,0.4,0.35,330040,0.4,419240,0,1856560
FINNIFTY02JAN2422200CE.NFO,02/01/2024,10:41:51,0.4,0.35,330040,0.4,418800,400,1853120
FINNIFTY02JAN2422200CE.NFO,02/01/2024,10:42:01,0.4,0.35,330040,0.4,418120,200,1853120
FINNIFTY02JAN2422200CE.NFO,02/01/2024,10:42:11,0.35,0.35,329640,0.4,418640,400,1853120
FINNIFTY02JAN2422200CE.NFO,02/01/2024,10:42:21,0.35,0.35,329640,0.4,418640,0,1853120
FINNIFTY02JAN2422200CE.NFO,02/01/2024,10:42:31,0.35,0.35,329560,0.4,391600,1880,1853120
FINNIFTY02JAN2422200CE.NFO,02/01/2024,10:42:41,0.4,0.35,329520,0.4,411400,640,1853120
FINNIFTY02JAN2422200CE.NFO,02/01/2024,10:42:51,0.4,0.35,329320,0.4,411400,0,1853120
FINNIFTY02JAN2422200CE.NFO,02/01/2024,10:43:01,0.35,0.35,328160,0.4,443720,1440,1853120
FINNIFTY02JAN2422200CE.NFO,02/01/2024,10:43:11,0.4,0.35,328280,0.4,441560,1680,1853120
FINNIFTY02JAN2422200CE.NFO,02/01/2024,10:43:21,0.4,0.35,327000,0.4,440360,160,1853120
FINNIFTY02JAN2422200CE.NFO,02/01/2024,10:43:31,0.35,0.35,326480,0.4,440280,480,1853120
FINNIFTY02JAN2422200CE.NFO,02/01/2024,10:43:41,0.4,0.35,325200,0.4,438160,3400,1853120
FINNIFTY02JAN2422200CE.NFO,02/01/2024,10:43:51,0.4,0.35,325200,0.4,436880,1400,1853120
FINNIFTY02JAN2422200CE.NFO,02/01/2024,10:44:00,0.4,0.35,318480,0.4,436880,0,1853120
FINNIFTY02JAN2422200CE.NFO,02/01/2024,10:44:20,0.4,0.35,317880,0.4,437400,0,1853120
FINNIFTY02JAN2422200CE.NFO,02/01/2024,10:44:30,0.4,0.35,277880,0.4,435680,1720,1853120
FINNIFTY02JAN2422200CE.NFO,02/01/2024,10:45:00,0.35,0.35,211880,0.4,415680,10000,1847160
FINNIFTY02JAN2422200CE.NFO,02/01/2024,10:45:10,0.4,0.35,214920,0.4,415920,1880,1847160
FINNIFTY02JAN2422200CE.NFO,02/01/2024,10:45:20,0.4,0.35,214880,0.4,416800,0,1847160
FINNIFTY02JAN2422200CE.NFO,02/01/2024,10:45:29,0.35,0.35,211400,0.4,416360,3400,1847160
FINNIFTY02JAN2422200CE.NFO,02/01/2024,10:45:39,0.35,0.35,209720,0.4,416360,1800,1847160
FINNIFTY02JAN2422200CE.NFO,02/01/2024,10:45:48,0.35,0.35,199080,0.4,416400,10680,1847160
FINNIFTY02JAN2422200CE.NFO,02/01/2024,10:45:58,0.35,0.35,195440,0.4,416400,3640,1847160
FINNIFTY02JAN2422200CE.NFO,02/01/2024,10:46:08,0.35,0.35,192840,0.4,419880,2960,1847160
FINNIFTY02JAN2422200CE.NFO,02/01/2024,10:46:17,0.35,0.35,198560,0.4,399320,21160,1847160
FINNIFTY02JAN2422200CE.NFO,02/01/2024,10:46:27,0.35,0.35,190480,0.4,399720,7480,1847160
FINNIFTY02JAN2422200CE.NFO,02/01/2024,10:46:36,0.35,0.35,187480,0.4,399720,3600,1847160
FINNIFTY02JAN2422200CE.NFO,02/01/2024,10:46:46,0.35,0.35,181560,0.4,401120,5640,1847160
FINNIFTY02JAN2422200CE.NFO,02/01/2024,10:46:56,0.4,0.35,181560,0.4,400720,400,1847160
FINNIFTY02JAN2422200CE.NFO,02/01/2024,10:47:06,0.4,0.35,181640,0.4,401800,1200,1847160
FINNIFTY02JAN2422200CE.NFO,02/01/2024,10:47:16,0.4,0.35,181640,0.4,409280,240,1847160
FINNIFTY02JAN2422200CE.NFO,02/01/2024,10:47:25,0.4,0.35,181640,0.4,408560,720,1847160
FINNIFTY02JAN2422200CE.NFO,02/01/2024,10:47:35,0.4,0.35,181640,0.4,408560,0,1847160
FINNIFTY02JAN2422200CE.NFO,02/01/2024,10:47:53,0.4,0.35,179840,0.4,406320,2240,1838960
FINNIFTY02JAN2422200CE.NFO,02/01/2024,10:48:03,0.35,0.35,180840,0.4,415000,24720,1838960
FINNIFTY02JAN2422200CE.NFO,02/01/2024,10:48:12,0.35,0.35,185240,0.4,426440,32960,1838960
FINNIFTY02JAN2422200CE.NFO,02/01/2024,10:48:21,0.35,0.35,171400,0.4,427680,7600,1838960
FINNIFTY02JAN2422200CE.NFO,02/01/2024,10:48:31,0.35,0.35,174120,0.4,427280,0,1838960
FINNIFTY02JAN2422200CE.NFO,02/01/2024,10:48:40,0.4,0.35,173840,0.4,424880,2800,1838960
FINNIFTY02JAN2422200CE.NFO,02/01/2024,10:48:50,0.4,0.35,173720,0.4,424440,440,1838960
FINNIFTY02JAN2422200CE.NFO,02/01/2024,10:48:59,0.4,0.35,172720,0.4,423880,560,1838960
FINNIFTY02JAN2422200CE.NFO,02/01/2024,10:49:10,0.4,0.35,172880,0.4,420520,3640,1838960
FINNIFTY02JAN2422200CE.NFO,02/01/2024,10:49:20,0.4,0.35,172000,0.4,421680,2000,1838960
FINNIFTY02JAN2422200CE.NFO,02/01/2024,10:49:30,0.4,0.35,172880,0.4,419320,0,1838960
FINNIFTY02JAN2422200CE.NFO,02/01/2024,10:49:49,0.4,0.35,172400,0.4,368440,61000,1838960
FINNIFTY02JAN2422200CE.NFO,02/01/2024,10:49:58,0.4,0.35,171520,0.4,379840,760,1838960
FINNIFTY02JAN2422200CE.NFO,02/01/2024,10:50:07,0.4,0.35,232400,0.4,377240,1240,1838960
FINNIFTY02JAN2422200CE.NFO,02/01/2024,10:50:17,0.4,0.35,232400,0.4,379360,40,1838960
FINNIFTY02JAN2422200CE.NFO,02/01/2024,10:50:27,0.4,0.35,232400,0.4,381160,0,1838960
FINNIFTY02JAN2422200CE.NFO,02/01/2024,10:50:37,0.35,0.35,233360,0.4,383920,80,1838960
FINNIFTY02JAN2422200CE.NFO,02/01/2024,10:50:47,0.35,0.35,232280,0.4,384800,200,1776160
FINNIFTY02JAN2422200CE.NFO,02/01/2024,10:50:57,0.35,0.35,232000,0.4,384840,240,1776160
FINNIFTY02JAN2422200CE.NFO,02/01/2024,10:51:07,0.35,0.35,232520,0.4,385440,6920,1776160
FINNIFTY02JAN2422200CE.NFO,02/01/2024,10:51:28,0.4,0.35,232560,0.4,381960,3600,1776160
FINNIFTY02JAN2422200CE.NFO,02/01/2024,10:51:57,0.4,0.35,232560,0.4,381960,0,1776160
FINNIFTY02JAN2422200CE.NFO,02/01/2024,10:52:07,0.4,0.35,232560,0.4,379520,1960,1776160
FINNIFTY02JAN2422200CE.NFO,02/01/2024,10:52:16,0.4,0.35,232560,0.4,379280,240,1776160
FINNIFTY02JAN2422200CE.NFO,02/01/2024,10:52:26,0.4,0.35,232560,0.4,379240,40,1776160
FINNIFTY02JAN2422200CE.NFO,02/01/2024,10:52:35,0.4,0.35,232560,0.4,378800,440,1776160
FINNIFTY02JAN2422200CE.NFO,02/01/2024,10:52:54,0.4,0.35,233360,0.4,378280,200,1776160
FINNIFTY02JAN2422200CE.NFO,02/01/2024,10:53:04,0.35,0.35,231840,0.4,381880,2000,1776160
FINNIFTY02JAN2422200CE.NFO,02/01/2024,10:53:23,0.35,0.35,231720,0.4,381880,120,1776160
FINNIFTY02JAN2422200CE.NFO,02/01/2024,10:53:50,0.35,0.35,231720,0.4,381880,0,1776160
FINNIFTY02JAN2422200CE.NFO,02/01/2024,10:54:47,0.35,0.35,106800,0.4,320080,82880,1773520
FINNIFTY02JAN2422200CE.NFO,02/01/2024,10:54:56,0.35,0.35,108760,0.4,319680,40,1773520
FINNIFTY02JAN2422200CE.NFO,02/01/2024,10:55:05,0.4,0.35,108600,0.4,318800,920,1773520
FINNIFTY02JAN2422200CE.NFO,02/01/2024,10:55:14,0.4,0.35,118520,0.4,268160,50640,1773520
FINNIFTY02JAN2422200CE.NFO,02/01/2024,10:55:23,0.4,0.35,128520,0.4,267400,400,1773520
FINNIFTY02JAN2422200CE.NFO,02/01/2024,10:55:32,0.35,0.35,129160,0.4,267920,320,1773520
FINNIFTY02JAN2422200CE.NFO,02/01/2024,10:56:09,0.35,0.35,128960,0.4,268800,280,1773520
FINNIFTY02JAN2422200CE.NFO,02/01/2024,10:56:18,0.35,0.35,129360,0.4,268800,0,1773520
FINNIFTY02JAN2422200CE.NFO,02/01/2024,10:56:26,0.4,0.35,149160,0.4,268680,120,1773520
FINNIFTY02JAN2422200CE.NFO,02/01/2024,10:56:36,0.4,0.35,148360,0.4,268680,0,1773520
FINNIFTY02JAN2422200CE.NFO,02/01/2024,10:56:46,0.35,0.35,138960,0.4,267720,10120,1742720
FINNIFTY02JAN2422200CE.NFO,02/01/2024,10:56:57,0.35,0.35,144480,0.4,267720,3440,1742720
FINNIFTY02JAN2422200CE.NFO,02/01/2024,10:57:08,0.4,0.35,144800,0.4,263000,6880,1742720
FINNIFTY02JAN2422200CE.NFO,02/01/2024,10:57:18,0.4,0.35,167400,0.4,262800,1680,1742720
FINNIFTY02JAN2422200CE.NFO,02/01/2024,10:57:28,0.35,0.35,167680,0.4,261800,1640,1742720
FINNIFTY02JAN2422200CE.NFO,02/01/2024,10:57:37,0.4,0.35,160680,0.4,241800,35000,1742720
FINNIFTY02JAN2422200CE.NFO,02/01/2024,10:57:48,0.35,0.35,145200,0.4,240400,21280,1742720
FINNIFTY02JAN2422200CE.NFO,02/01/2024,10:57:58,0.4,0.35,146600,0.4,240360,40,1742720
FINNIFTY02JAN2422200CE.NFO,02/01/2024,10:58:09,0.4,0.35,148200,0.4,239200,1160,1742720
FINNIFTY02JAN2422200CE.NFO,02/01/2024,10:58:18,0.4,0.35,148200,0.4,239560,40,1742720
FINNIFTY02JAN2422200CE.NFO,02/01/2024,10:58:28,0.4,0.35,148200,0.4,240920,0,1742720
FINNIFTY02JAN2422200CE.NFO,02/01/2024,10:58:37,0.35,0.35,151400,0.4,241720,3640,1742720
FINNIFTY02JAN2422200CE.NFO,02/01/2024,10:58:46,0.35,0.35,157200,0.4,241720,0,1742720
FINNIFTY02JAN2422200CE.NFO,02/01/2024,10:58:55,0.4,0.35,157160,0.4,241200,40,1742720
FINNIFTY02JAN2422200CE.NFO,02/01/2024,10:59:05,0.4,0.35,145640,0.4,238240,2600,1742720
FINNIFTY02JAN2422200CE.NFO,02/01/2024,10:59:14,0.4,0.35,145640,0.4,237520,240,1742720
FINNIFTY02JAN2422200CE.NFO,02/01/2024,10:59:24,0.4,0.35,145240,0.4,235920,1600,1742720
FINNIFTY02JAN2422200CE.NFO,02/01/2024,10:59:42,0.4,0.35,145240,0.4,233200,3200,1745160
FINNIFTY02JAN2422200CE.NFO,02/01/2024,11:00:01,0.4,0.35,145240,0.4,233200,0,1745160
FINNIFTY02JAN2422200CE.NFO,02/01/2024,11:00:20,0.4,0.35,145240,0.4,232640,80,1745160
FINNIFTY02JAN2422200CE.NFO,02/01/2024,11:00:48,0.4,0.35,144400,0.4,229520,4400,1745160
FINNIFTY02JAN2422200CE.NFO,02/01/2024,11:01:08,0.4,0.35,144280,0.4,227520,3320,1745160
FINNIFTY02JAN2422200CE.NFO,02/01/2024,11:01:17,0.4,0.35,144280,0.4,230400,0,1745160
FINNIFTY02JAN2422200CE.NFO,02/01/2024,11:01:36,0.35,0.35,144640,0.4,230800,40,1745160
FINNIFTY02JAN2422200CE.NFO,02/01/2024,11:01:55,0.35,0.35,144640,0.4,230880,0,1745160
FINNIFTY02JAN2422200CE.NFO,02/01/2024,11:02:16,0.35,0.35,144200,0.4,230880,320,1745160
FINNIFTY02JAN2422200CE.NFO,02/01/2024,11:02:26,0.35,0.35,139720,0.4,230880,0,1745160
FINNIFTY02JAN2422200CE.NFO,02/01/2024,11:02:35,0.35,0.35,131520,0.4,230880,0,1745160
FINNIFTY02JAN2422200CE.NFO,02/01/2024,11:02:45,0.35,0.35,131520,0.4,230720,680,1744680
FINNIFTY02JAN2422200CE.NFO,02/01/2024,11:02:54,0.4,0.35,131600,0.4,228000,4400,1744680
FINNIFTY02JAN2422200CE.NFO,02/01/2024,11:03:13,0.4,0.35,133000,0.4,228560,4440,1744680
FINNIFTY02JAN2422200CE.NFO,02/01/2024,11:03:31,0.4,0.35,133680,0.4,233160,4400,1744680
FINNIFTY02JAN2422200CE.NFO,02/01/2024,11:03:41,0.35,0.35,132640,0.4,232760,2400,1744680
FINNIFTY02JAN2422200CE.NFO,02/01/2024,11:03:50,0.35,0.35,126920,0.4,232760,10440,1744680
FINNIFTY02JAN2422200CE.NFO,02/01/2024,11:03:59,0.35,0.35,80320,0.4,223480,39800,1744680
FINNIFTY02JAN2422200CE.NFO,02/01/2024,11:04:09,0.4,0.35,90800,0.4,224480,760,1744680
FINNIFTY02JAN2422200CE.NFO,02/01/2024,11:04:18,0.35,0.35,86840,0.4,223520,4080,1744680
FINNIFTY02JAN2422200CE.NFO,02/01/2024,11:04:28,0.35,0.35,99320,0.4,224400,0,1744680
FINNIFTY02JAN2422200CE.NFO,02/01/2024,11:04:37,0.35,0.35,100240,0.4,224400,0,1744680
FINNIFTY02JAN2422200CE.NFO,02/01/2024,11:04:47,0.35,0.35,110120,0.4,228000,3080,1744680
FINNIFTY02JAN2422200CE.NFO,02/01/2024,11:04:56,0.4,0.35,112320,0.4,231600,1800,1744680
FINNIFTY02JAN2422200CE.NFO,02/01/2024,11:05:05,0.4,0.35,98880,0.4,231600,0,1744680
FINNIFTY02JAN2422200CE.NFO,02/01/2024,11:05:14,0.35,0.35,91080,0.4,231600,80,1744680
FINNIFTY02JAN2422200CE.NFO,02/01/2024,11:05:42,0.4,0.35,91200,0.4,231440,160,1740480
FINNIFTY02JAN2422200CE.NFO,02/01/2024,11:05:52,0.4,0.35,91200,0.4,231440,0,1740480
FINNIFTY02JAN2422200CE.NFO,02/01/2024,11:06:01,0.4,0.35,91200,0.4,232120,1000,1740480
FINNIFTY02JAN2422200CE.NFO,02/01/2024,11:06:11,0.35,0.35,90800,0.4,235320,1680,1740480
FINNIFTY02JAN2422200CE.NFO,02/01/2024,11:06:20,0.35,0.35,82600,0.4,226320,9160,1740480
FINNIFTY02JAN2422200CE.NFO,02/01/2024,11:06:29,0.35,0.3,490520,0.35,211920,53240,1740480
FINNIFTY02JAN2422200CE.NFO,02/01/2024,11:06:38,0.35,0.3,490520,0.35,211960,0,1740480
FINNIFTY02JAN2422200CE.NFO,02/01/2024,11:06:57,0.35,0.3,481520,0.35,211960,0,1740480
FINNIFTY02JAN2422200CE.NFO,02/01/2024,11:07:07,0.35,0.3,481040,0.35,204720,1240,1740480
FINNIFTY02JAN2422200CE.NFO,02/01/2024,11:07:17,0.3,0.3,464840,0.35,196880,8320,1740480
FINNIFTY02JAN2422200CE.NFO,02/01/2024,11:07:17,0.3,0.3,464840,0.35,196880,0,1740480
FINNIFTY02JAN2422200CE.NFO,02/01/2024,11:07:26,0.3,0.3,466640,0.35,209480,0,1740480
FINNIFTY02JAN2422200CE.NFO,02/01/2024,11:07:36,0.35,0.3,466640,0.35,205440,5080,1740480
FINNIFTY02JAN2422200CE.NFO,02/01/2024,11:07:45,0.35,0.3,449360,0.35,202800,10480,1740480
FINNIFTY02JAN2422200CE.NFO,02/01/2024,11:07:54,0.35,0.3,431640,0.35,197400,11480,1740480
FINNIFTY02JAN2422200CE.NFO,02/01/2024,11:08:03,0.35,0.3,432920,0.35,200560,16880,1740480
FINNIFTY02JAN2422200CE.NFO,02/01/2024,11:08:12,0.35,0.3,439600,0.35,200200,16560,1740480
FINNIFTY02JAN2422200CE.NFO,02/01/2024,11:08:22,0.35,0.3,441040,0.35,203280,1840,1740480
FINNIFTY02JAN2422200CE.NFO,02/01/2024,11:08:31,0.35,0.3,445320,0.35,205920,9360,1740480
FINNIFTY02JAN2422200CE.NFO,02/01/2024,11:08:40,0.35,0.3,447720,0.35,209680,7880,1740480
FINNIFTY02JAN2422200CE.NFO,02/01/2024,11:08:49,0.35,0.3,455080,0.35,213560,18800,1728480
FINNIFTY02JAN2422200CE.NFO,02/01/2024,11:08:59,0.35,0.3,460400,0.35,206720,27360,1728480
FINNIFTY02JAN2422200CE.NFO,02/01/2024,11:09:09,0.35,0.35,187680,0.4,168360,159720,1728480
FINNIFTY02JAN2422200CE.NFO,02/01/2024,11:09:19,0.35,0.35,176600,0.4,169760,840,1728480
FINNIFTY02JAN2422200CE.NFO,02/01/2024,11:09:28,0.35,0.35,178480,0.4,162560,0,1728480
FINNIFTY02JAN2422200CE.NFO,02/01/2024,11:09:37,0.4,0.35,178440,0.4,169520,240,1728480
FINNIFTY02JAN2422200CE.NFO,02/01/2024,11:09:46,0.35,0.35,176560,0.4,162320,1800,1728480
FINNIFTY02JAN2422200CE.NFO,02/01/2024,11:09:55,0.35,0.35,168400,0.4,159600,14360,1728480
FINNIFTY02JAN2422200CE.NFO,02/01/2024,11:10:03,0.4,0.35,172680,0.4,165800,4200,1728480
FINNIFTY02JAN2422200CE.NFO,02/01/2024,11:10:12,0.4,0.35,169400,0.4,153520,3000,1728480
FINNIFTY02JAN2422200CE.NFO,02/01/2024,11:10:21,0.4,0.35,173000,0.4,142360,9600,1728480
FINNIFTY02JAN2422200CE.NFO,02/01/2024,11:10:29,0.4,0.35,165800,0.4,146080,18280,1728480
FINNIFTY02JAN2422200CE.NFO,02/01/2024,11:10:39,0.4,0.35,165440,0.4,148760,4440,1728480
FINNIFTY02JAN2422200CE.NFO,02/01/2024,11:10:47,0.4,0.35,162880,0.4,141760,10880,1728480
FINNIFTY02JAN2422200CE.NFO,02/01/2024,11:10:56,0.4,0.35,145640,0.4,121920,66120,1728480
FINNIFTY02JAN2422200CE.NFO,02/01/2024,11:11:04,0.4,0.35,180560,0.4,106400,13240,1728480
FINNIFTY02JAN2422200CE.NFO,02/01/2024,11:11:14,0.4,0.35,200320,0.4,66240,77680,1728480
FINNIFTY02JAN2422200CE.NFO,02/01/2024,11:11:23,0.45,0.4,171600,0.45,140760,66360,1728480
FINNIFTY02JAN2422200CE.NFO,02/01/2024,11:11:30,0.45,0.4,171480,0.45,138680,1720,1728480
FINNIFTY02JAN2422200CE.NFO,02/01/2024,11:11:32,0.45,0.4,171480,0.45,140440,0,1728480
FINNIFTY02JAN2422200CE.NFO,02/01/2024,11:11:45,0.4,0.4,173920,0.45,137320,6480,1819840
FINNIFTY02JAN2422200CE.NFO,02/01/2024,11:11:46,0.4,0.4,171360,0.45,138760,960,1819840
FINNIFTY02JAN2422200CE.NFO,02/01/2024,11:11:53,0.4,0.4,163360,0.45,142280,10000,1819840
FINNIFTY02JAN2422200CE.NFO,02/01/2024,11:11:56,0.4,0.4,171640,0.45,142280,0,1819840
FINNIFTY02JAN2422200CE.NFO,02/01/2024,11:12:01,0.4,0.4,171640,0.45,142880,0,1819840
FINNIFTY02JAN2422200CE.NFO,02/01/2024,11:12:06,0.4,0.4,160840,0.45,142880,0,1819840
FINNIFTY02JAN2422200CE.NFO,02/01/2024,11:12:08,0.4,0.4,164440,0.45,142880,0,1819840
FINNIFTY02JAN2422200CE.NFO,02/01/2024,11:12:11,0.45,0.4,171640,0.45,141360,680,1819840
FINNIFTY02JAN2422200CE.NFO,02/01/2024,11:12:12,0.45,0.4,171640,0.45,117440,0,1819840
FINNIFTY02JAN2422200CE.NFO,02/01/2024,11:12:14,0.45,0.4,171640,0.45,107080,3160,1819840
FINNIFTY02JAN2422200CE.NFO,02/01/2024,11:12:16,0.45,0.4,171640,0.45,102120,2080,1819840
FINNIFTY02JAN2422200CE.NFO,02/01/2024,11:12:17,0.45,0.4,167080,0.45,104280,12200,1819840
FINNIFTY02JAN2422200CE.NFO,02/01/2024,11:12:19,0.45,0.4,167080,0.45,102400,1520,1819840
FINNIFTY02JAN2422200CE.NFO,02/01/2024,11:12:20,0.45,0.4,167080,0.45,94800,400,1819840
FINNIFTY02JAN2422200CE.NFO,02/01/2024,11:12:22,0.45,0.4,167080,0.45,102200,0,1819840
FINNIFTY02JAN2422200CE.NFO,02/01/2024,11:12:24,0.45,0.4,167680,0.45,102200,0,1819840
FINNIFTY02JAN2422200CE.NFO,02/01/2024,11:12:27,0.45,0.4,167880,0.45,99920,2280,1819840
FINNIFTY02JAN2422200CE.NFO,02/01/2024,11:12:37,0.45,0.4,165360,0.45,120680,8040,1819840
FINNIFTY02JAN2422200CE.NFO,02/01/2024,11:12:46,0.45,0.4,165360,0.45,119600,2440,1819840
FINNIFTY02JAN2422200CE.NFO,02/01/2024,11:12:55,0.45,0.4,153960,0.45,137240,7880,1819840
FINNIFTY02JAN2422200CE.NFO,02/01/2024,11:13:04,0.45,0.4,164760,0.45,137880,1360,1819840
FINNIFTY02JAN2422200CE.NFO,02/01/2024,11:13:12,0.4,0.4,161160,0.45,127600,22000,1819840
FINNIFTY02JAN2422200CE.NFO,02/01/2024,11:13:21,0.4,0.4,163880,0.45,120320,7000,1819840
FINNIFTY02JAN2422200CE.NFO,02/01/2024,11:13:31,0.5,0.45,186040,0.5,118720,49960,1819840
FINNIFTY02JAN2422200CE.NFO,02/01/2024,11:13:42,0.5,0.45,200440,0.5,143920,0,1819840
FINNIFTY02JAN2422200CE.NFO,02/01/2024,11:13:52,0.5,0.45,211560,0.5,115240,10280,1819840
FINNIFTY02JAN2422200CE.NFO,02/01/2024,11:14:01,0.5,0.5,116600,0.55,121680,94000,1819840
FINNIFTY02JAN2422200CE.NFO,02/01/2024,11:14:10,0.55,0.5,147560,0.55,116800,9560,1819840
FINNIFTY02JAN2422200CE.NFO,02/01/2024,11:14:19,0.5,0.5,147480,0.55,117120,880,1819840
FINNIFTY02JAN2422200CE.NFO,02/01/2024,11:14:28,0.55,0.5,144280,0.55,111560,4960,1819840
FINNIFTY02JAN2422200CE.NFO,02/01/2024,11:14:37,0.55,0.5,145400,0.55,127520,9320,1819840
FINNIFTY02JAN2422200CE.NFO,02/01/2024,11:14:46,0.55,0.5,139320,0.55,123000,3200,1802280
FINNIFTY02JAN2422200CE.NFO,02/01/2024,11:14:56,0.55,0.5,138320,0.55,122400,1440,1802280
FINNIFTY02JAN2422200CE.NFO,02/01/2024,11:15:06,0.55,0.5,135400,0.55,119440,2560,1802280
FINNIFTY02JAN2422200CE.NFO,02/01/2024,11:15:16,0.5,0.5,74160,0.55,112600,14960,1802280
FINNIFTY02JAN2422200CE.NFO,02/01/2024,11:15:26,0.55,0.5,125560,0.55,111160,6560,1802280
FINNIFTY02JAN2422200CE.NFO,02/01/2024,11:15:35,0.55,0.5,125480,0.55,110720,1280,1802280
FINNIFTY02JAN2422200CE.NFO,02/01/2024,11:15:46,0.55,0.5,126640,0.55,110680,4680,1802280
FINNIFTY02JAN2422200CE.NFO,02/01/2024,11:15:57,0.5,0.5,115200,0.55,111160,160,1802280
FINNIFTY02JAN2422200CE.NFO,02/01/2024,11:16:07,0.5,0.45,116120,0.5,100800,72840,1802280
FINNIFTY02JAN2422200CE.NFO,02/01/2024,11:16:16,0.5,0.45,115080,0.5,96720,5200,1802280
FINNIFTY02JAN2422200CE.NFO,02/01/2024,11:16:26,0.5,0.45,115080,0.5,96720,0,1802280
FINNIFTY02JAN2422200CE.NFO,02/01/2024,11:16:35,0.5,0.45,118840,0.5,100000,6800,1802280
FINNIFTY02JAN2422200CE.NFO,02/01/2024,11:16:44,0.5,0.45,121880,0.5,73000,29640,1802280
FINNIFTY02JAN2422200CE.NFO,02/01/2024,11:16:53,0.5,0.45,117600,0.5,73320,18040,1802280
FINNIFTY02JAN2422200CE.NFO,02/01/2024,11:17:03,0.5,0.45,118040,0.5,73080,3440,1802280
FINNIFTY02JAN2422200CE.NFO,02/01/2024,11:17:12,0.5,0.45,117160,0.5,72720,1200,1802280
FINNIFTY02JAN2422200CE.NFO,02/01/2024,11:17:21,0.45,0.45,116960,0.5,72240,680,1802280
FINNIFTY02JAN2422200CE.NFO,02/01/2024,11:17:30,0.5,0.45,114600,0.5,73440,2880,1802280
FINNIFTY02JAN2422200CE.NFO,02/01/2024,11:17:39,0.5,0.45,115480,0.5,73560,2200,1802280
FINNIFTY02JAN2422200CE.NFO,02/01/2024,11:17:48,0.5,0.45,130520,0.5,146920,53000,1825840
FINNIFTY02JAN2422200CE.NFO,02/01/2024,11:17:57,0.5,0.45,119360,0.5,137520,19400,1825840
FINNIFTY02JAN2422200CE.NFO,02/01/2024,11:18:07,0.45,0.4,119560,0.45,119960,68200,1825840
FINNIFTY02JAN2422200CE.NFO,02/01/2024,11:18:17,0.4,0.4,126440,0.45,121080,5440,1825840
FINNIFTY02JAN2422200CE.NFO,02/01/2024,11:18:25,0.4,0.4,124640,0.45,121080,1800,1825840
FINNIFTY02JAN2422200CE.NFO,02/01/2024,11:18:34,0.4,0.4,124640,0.45,121080,0,1825840
FINNIFTY02JAN2422200CE.NFO,02/01/2024,11:18:42,0.45,0.4,124640,0.45,121320,640,1825840
FINNIFTY02JAN2422200CE.NFO,02/01/2024,11:18:51,0.45,0.4,117680,0.45,117960,17200,1825840
FINNIFTY02JAN2422200CE.NFO,02/01/2024,11:19:00,0.45,0.4,118560,0.45,122280,200,1825840
FINNIFTY02JAN2422200CE.NFO,02/01/2024,11:19:08,0.45,0.4,116160,0.45,115080,10160,1825840
FINNIFTY02JAN2422200CE.NFO,02/01/2024,11:19:17,0.45,0.4,114360,0.45,102160,10440,1825840
FINNIFTY02JAN2422200CE.NFO,02/01/2024,11:19:25,0.4,0.4,113080,0.45,113120,1280,1825840
FINNIFTY02JAN2422200CE.NFO,02/01/2024,11:19:42,0.4,0.4,116520,0.45,113120,160,1825840
FINNIFTY02JAN2422200CE.NFO,02/01/2024,11:19:50,0.4,0.4,116520,0.45,86720,0,1825840
FINNIFTY02JAN2422200CE.NFO,02/01/2024,11:20:05,0.45,0.4,104360,0.45,87480,4120,1825840
FINNIFTY02JAN2422200CE.NFO,02/01/2024,11:20:14,0.45,0.4,104360,0.45,88120,800,1825840
FINNIFTY02JAN2422200CE.NFO,02/01/2024,11:20:22,0.4,0.4,104760,0.45,89880,4480,1825840
FINNIFTY02JAN2422200CE.NFO,02/01/2024,11:20:31,0.45,0.4,101160,0.45,90560,6360,1825840
FINNIFTY02JAN2422200CE.NFO,02/01/2024,11:20:39,0.4,0.4,97560,0.45,135560,6920,1825840
FINNIFTY02JAN2422200CE.NFO,02/01/2024,11:20:48,0.45,0.4,97720,0.45,138960,200,1822800
FINNIFTY02JAN2422200CE.NFO,02/01/2024,11:20:57,0.4,0.4,94000,0.45,140960,2560,1822800
FINNIFTY02JAN2422200CE.NFO,02/01/2024,11:21:06,0.45,0.4,102280,0.45,140520,2800,1822800
FINNIFTY02JAN2422200CE.NFO,02/01/2024,11:21:14,0.45,0.4,102880,0.45,140160,2040,1822800
FINNIFTY02JAN2422200CE.NFO,02/01/2024,11:21:23,0.45,0.4,101200,0.45,140600,4840,1822800
FINNIFTY02JAN2422200CE.NFO,02/01/2024,11:21:32,0.45,0.4,101200,0.45,140600,0,1822800
FINNIFTY02JAN2422200CE.NFO,02/01/2024,11:21:41,0.45,0.4,101200,0.45,105160,880,1822800
FINNIFTY02JAN2422200CE.NFO,02/01/2024,11:21:49,0.45,0.4,101200,0.45,103280,200,1822800
FINNIFTY02JAN2422200CE.NFO,02/01/2024,11:21:58,0.45,0.4,101280,0.45,105560,0,1822800
FINNIFTY02JAN2422200CE.NFO,02/01/2024,11:22:07,0.45,0.4,105880,0.45,107360,8520,1822800
FINNIFTY02JAN2422200CE.NFO,02/01/2024,11:22:16,0.4,0.4,105800,0.45,108080,2560,1822800
FINNIFTY02JAN2422200CE.NFO,02/01/2024,11:22:25,0.45,0.4,107040,0.45,107120,600,1822800
FINNIFTY02JAN2422200CE.NFO,02/01/2024,11:22:34,0.45,0.4,106840,0.45,106920,400,1822800
FINNIFTY02JAN2422200CE.NFO,02/01/2024,11:22:42,0.45,0.4,106840,0.45,106920,0,1822800
FINNIFTY02JAN2422200CE.NFO,02/01/2024,11:23:08,0.45,0.4,106800,0.45,106720,240,1822800
FINNIFTY02JAN2422200CE.NFO,02/01/2024,11:23:16,0.45,0.4,106760,0.45,109600,200,1822800
FINNIFTY02JAN2422200CE.NFO,02/01/2024,11:23:41,0.4,0.4,108960,0.45,106440,4040,1825600
FINNIFTY02JAN2422200CE.NFO,02/01/2024,11:23:49,0.45,0.4,108680,0.45,112640,1920,1825600
FINNIFTY02JAN2422200CE.NFO,02/01/2024,11:23:57,0.45,0.4,108480,0.45,111640,1640,1825600
FINNIFTY02JAN2422200CE.NFO,02/01/2024,11:24:05,0.45,0.4,108480,0.45,110800,3520,1825600
FINNIFTY02JAN2422200CE.NFO,02/01/2024,11:24:13,0.45,0.4,108480,0.45,110680,120,1825600
FINNIFTY02JAN2422200CE.NFO,02/01/2024,11:24:22,0.45,0.4,109680,0.45,110960,800,1825600
FINNIFTY02JAN2422200CE.NFO,02/01/2024,11:24:30,0.45,0.4,109640,0.45,110640,840,1825600
FINNIFTY02JAN2422200CE.NFO,02/01/2024,11:24:38,0.45,0.4,108400,0.45,110040,1680,1825600
FINNIFTY02JAN2422200CE.NFO,02/01/2024,11:25:03,0.45,0.4,108920,0.45,107800,4040,1825600
FINNIFTY02JAN2422200CE.NFO,02/01/2024,11:25:11,0.45,0.4,108920,0.45,116680,4320,1825600
FINNIFTY02JAN2422200CE.NFO,02/01/2024,11:25:19,0.45,0.4,108920,0.45,116640,440,1825600
FINNIFTY02JAN2422200CE.NFO,02/01/2024,11:25:27,0.45,0.4,108920,0.45,116400,240,1825600
FINNIFTY02JAN2422200CE.NFO,02/01/2024,11:25:36,0.45,0.4,108920,0.45,117040,240,1825600
FINNIFTY02JAN2422200CE.NFO,02/01/2024,11:25:44,0.45,0.4,117960,0.45,116840,200,1825600
FINNIFTY02JAN2422200CE.NFO,02/01/2024,11:25:52,0.45,0.4,117960,0.45,116840,0,1825600
FINNIFTY02JAN2422200CE.NFO,02/01/2024,11:26:00,0.4,0.4,117480,0.45,116840,480,1825600
FINNIFTY02JAN2422200CE.NFO,02/01/2024,11:26:08,0.45,0.4,117880,0.45,116520,320,1825600
FINNIFTY02JAN2422200CE.NFO,02/01/2024,11:26:16,0.45,0.4,117760,0.45,115560,80,1825600
FINNIFTY02JAN2422200CE.NFO,02/01/2024,11:26:24,0.45,0.4,117320,0.45,115000,560,1825600
FINNIFTY02JAN2422200CE.NFO,02/01/2024,11:26:32,0.45,0.4,118760,0.45,114720,640,1825600
FINNIFTY02JAN2422200CE.NFO,02/01/2024,11:26:40,0.4,0.4,115640,0.45,113680,1160,1825600
FINNIFTY02JAN2422200CE.NFO,02/01/2024,11:26:48,0.4,0.4,119400,0.45,114520,0,1825600
FINNIFTY02JAN2422200CE.NFO,02/01/2024,11:26:57,0.4,0.4,119400,0.45,115400,0,1825600
FINNIFTY02JAN2422200CE.NFO,02/01/2024,11:27:04,0.4,0.4,117640,0.45,114520,0,1825600
FINNIFTY02JAN2422200CE.NFO,02/01/2024,11:27:12,0.4,0.4,119400,0.45,114520,40,1822440
FINNIFTY02JAN2422200CE.NFO,02/01/2024,11:27:27,0.4,0.4,119400,0.45,114520,0,1822440
FINNIFTY02JAN2422200CE.NFO,02/01/2024,11:27:35,0.4,0.4,119320,0.45,115400,40,1822440
FINNIFTY02JAN2422200CE.NFO,02/01/2024,11:27:53,0.4,0.4,119360,0.45,114520,0,1822440
FINNIFTY02JAN2422200CE.NFO,02/01/2024,11:28:01,0.45,0.4,117280,0.45,115160,440,1822440
FINNIFTY02JAN2422200CE.NFO,02/01/2024,11:28:09,0.45,0.4,118440,0.45,114560,600,1822440
FINNIFTY02JAN2422200CE.NFO,02/01/2024,11:28:17,0.45,0.4,120400,0.45,114120,440,1822440
FINNIFTY02JAN2422200CE.NFO,02/01/2024,11:28:26,0.45,0.4,118440,0.45,114000,440,1822440
FINNIFTY02JAN2422200CE.NFO,02/01/2024,11:28:34,0.45,0.4,120200,0.45,113560,440,1822440
FINNIFTY02JAN2422200CE.NFO,02/01/2024,11:28:42,0.45,0.4,120240,0.45,113320,240,1822440
FINNIFTY02JAN2422200CE.NFO,02/01/2024,11:28:51,0.45,0.4,120240,0.45,114200,0,1822440
FINNIFTY02JAN2422200CE.NFO,02/01/2024,11:29:07,0.45,0.4,119800,0.45,113440,760,1822440
FINNIFTY02JAN2422200CE.NFO,02/01/2024,11:29:15,0.4,0.4,117640,0.45,113400,360,1822440
FINNIFTY02JAN2422200CE.NFO,02/01/2024,11:29:32,0.4,0.4,116800,0.45,113400,0,1822440
FINNIFTY02JAN2422200CE.NFO,02/01/2024,11:29:39,0.4,0.4,116240,0.45,113400,360,1822440
FINNIFTY02JAN2422200CE.NFO,02/01/2024,11:29:48,0.4,0.4,116240,0.45,113400,0,1822440
FINNIFTY02JAN2422200CE.NFO,02/01/2024,11:30:03,0.45,0.4,116440,0.45,112600,800,1821520
FINNIFTY02JAN2422200CE.NFO,02/01/2024,11:30:11,0.45,0.4,116400,0.45,109400,3200,1821520
FINNIFTY02JAN2422200CE.NFO,02/01/2024,11:30:18,0.45,0.4,116400,0.45,109400,0,1821520
FINNIFTY02JAN2422200CE.NFO,02/01/2024,11:30:34,0.4,0.4,116360,0.45,108840,240,1821520
FINNIFTY02JAN2422200CE.NFO,02/01/2024,11:31:04,0.4,0.4,116000,0.45,109240,0,1821520
FINNIFTY02JAN2422200CE.NFO,02/01/2024,11:31:11,0.45,0.4,118720,0.45,108920,320,1821520
FINNIFTY02JAN2422200CE.NFO,02/01/2024,11:31:19,0.45,0.4,116600,0.45,108640,280,1821520
FINNIFTY02JAN2422200CE.NFO,02/01/2024,11:31:27,0.45,0.4,118120,0.45,108200,440,1821520
FINNIFTY02JAN2422200CE.NFO,02/01/2024,11:31:34,0.4,0.4,115800,0.45,109360,4000,1821520
FINNIFTY02JAN2422200CE.NFO,02/01/2024,11:31:49,0.4,0.4,115800,0.45,109360,0,1821520
FINNIFTY02JAN2422200CE.NFO,02/01/2024,11:31:57,0.4,0.4,115600,0.45,108960,200,1821520
FINNIFTY02JAN2422200CE.NFO,02/01/2024,11:32:05,0.4,0.4,116560,0.45,109400,520,1821520
FINNIFTY02JAN2422200CE.NFO,02/01/2024,11:32:14,0.4,0.4,116880,0.45,109400,40,1821520
FINNIFTY02JAN2422200CE.NFO,02/01/2024,11:32:22,0.45,0.4,116880,0.45,107880,1520,1821520
FINNIFTY02JAN2422200CE.NFO,02/01/2024,11:32:29,0.45,0.4,116960,0.45,107880,0,1821520
FINNIFTY02JAN2422200CE.NFO,02/01/2024,11:32:50,0.45,0.4,116960,0.45,107920,0,1821520
FINNIFTY02JAN2422200CE.NFO,02/01/2024,11:33:05,0.45,0.4,116520,0.45,114840,2560,1815920
FINNIFTY02JAN2422200CE.NFO,02/01/2024,11:33:12,0.45,0.4,116520,0.45,114920,720,1815920
FINNIFTY02JAN2422200CE.NFO,02/01/2024,11:33:19,0.45,0.4,116480,0.45,114880,40,1815920
FINNIFTY02JAN2422200CE.NFO,02/01/2024,11:33:34,0.45,0.4,117360,0.45,116440,40,1815920
FINNIFTY02JAN2422200CE.NFO,02/01/2024,11:33:41,0.45,0.4,117360,0.45,115560,0,1815920
FINNIFTY02JAN2422200CE.NFO,02/01/2024,11:33:48,0.45,0.4,117360,0.45,115480,80,1815920
FINNIFTY02JAN2422200CE.NFO,02/01/2024,11:34:02,0.45,0.4,116920,0.45,112720,2760,1815920
FINNIFTY02JAN2422200CE.NFO,02/01/2024,11:34:09,0.45,0.4,116920,0.45,112600,1320,1815920
FINNIFTY02JAN2422200CE.NFO,02/01/2024,11:34:16,0.45,0.4,116920,0.45,112560,40,1815920
FINNIFTY02JAN2422200CE.NFO,02/01/2024,11:34:30,0.4,0.4,114960,0.45,114120,4000,1815920
FINNIFTY02JAN2422200CE.NFO,02/01/2024,11:34:38,0.4,0.4,115200,0.45,113720,240,1815920
FINNIFTY02JAN2422200CE.NFO,02/01/2024,11:34:46,0.45,0.4,123480,0.45,113640,80,1815920
FINNIFTY02JAN2422200CE.NFO,02/01/2024,11:35:01,0.45,0.4,123440,0.45,113200,40,1815920
FINNIFTY02JAN2422200CE.NFO,02/01/2024,11:35:08,0.45,0.4,123440,0.45,112440,760,1815920
FINNIFTY02JAN2422200CE.NFO,02/01/2024,11:35:16,0.45,0.4,122600,0.45,112440,0,1815920
FINNIFTY02JAN2422200CE.NFO,02/01/2024,11:35:23,0.45,0.4,145840,0.45,127000,60040,1815920
FINNIFTY02JAN2422200CE.NFO,02/01/2024,11:35:31,0.4,0.4,71000,0.45,128080,60240,1815920
FINNIFTY02JAN2422200CE.NFO,02/01/2024,11:35:38,0.45,0.4,100400,0.45,127840,320,1815920
FINNIFTY02JAN2422200CE.NFO,02/01/2024,11:36:16,0.4,0.35,153280,0.4,175840,54440,1744280
FINNIFTY02JAN2422200CE.NFO,02/01/2024,11:36:23,0.4,0.35,153280,0.4,176240,200,1744280
FINNIFTY02JAN2422200CE.NFO,02/01/2024,11:36:31,0.4,0.35,151880,0.4,175560,800,1744280
FINNIFTY02JAN2422200CE.NFO,02/01/2024,11:36:46,0.4,0.35,151760,0.4,176880,1120,1744280
FINNIFTY02JAN2422200CE.NFO,02/01/2024,11:36:53,0.4,0.35,151760,0.4,176560,400,1744280
FINNIFTY02JAN2422200CE.NFO,02/01/2024,11:37:01,0.4,0.35,149960,0.4,177360,80,1744280
FINNIFTY02JAN2422200CE.NFO,02/01/2024,11:37:09,0.4,0.35,149960,0.4,173720,3720,1744280
FINNIFTY02JAN2422200CE.NFO,02/01/2024,11:37:16,0.4,0.35,151760,0.4,173760,400,1744280
FINNIFTY02JAN2422200CE.NFO,02/01/2024,11:37:24,0.4,0.35,150880,0.4,174000,640,1744280
FINNIFTY02JAN2422200CE.NFO,02/01/2024,11:37:32,0.4,0.35,151760,0.4,174000,0,1744280
FINNIFTY02JAN2422200CE.NFO,02/01/2024,11:37:48,0.4,0.35,149920,0.4,174000,0,1744280
FINNIFTY02JAN2422200CE.NFO,02/01/2024,11:37:56,0.4,0.35,150920,0.4,174000,0,1744280
FINNIFTY02JAN2422200CE.NFO,02/01/2024,11:38:04,0.4,0.35,134720,0.4,160480,0,1744280
FINNIFTY02JAN2422200CE.NFO,02/01/2024,11:38:12,0.4,0.35,135720,0.4,160520,0,1744280
FINNIFTY02JAN2422200CE.NFO,02/01/2024,11:38:28,0.4,0.35,135520,0.4,160200,1000,1744280
FINNIFTY02JAN2422200CE.NFO,02/01/2024,11:38:35,0.35,0.35,125480,0.4,160120,11800,1744280
FINNIFTY02JAN2422200CE.NFO,02/01/2024,11:38:43,0.35,0.35,125960,0.4,163720,0,1744280
FINNIFTY02JAN2422200CE.NFO,02/01/2024,11:38:51,0.35,0.35,121200,0.4,167320,4280,1746240
FINNIFTY02JAN2422200CE.NFO,02/01/2024,11:38:59,0.35,0.35,121680,0.4,166480,0,1746240
FINNIFTY02JAN2422200CE.NFO,02/01/2024,11:39:06,0.4,0.35,121840,0.4,165320,2000,1746240
FINNIFTY02JAN2422200CE.NFO,02/01/2024,11:39:12,0.35,0.35,120080,0.4,167280,1800,1746240
FINNIFTY02JAN2422200CE.NFO,02/01/2024,11:39:18,0.35,0.35,120080,0.4,166400,0,1746240
FINNIFTY02JAN2422200CE.NFO,02/01/2024,11:39:38,0.4,0.35,119080,0.4,164120,1000,1746240
FINNIFTY02JAN2422200CE.NFO,02/01/2024,11:39:44,0.4,0.35,118200,0.4,165000,0,1746240
FINNIFTY02JAN2422200CE.NFO,02/01/2024,11:39:57,0.4,0.35,118200,0.4,166080,200,1746240
FINNIFTY02JAN2422200CE.NFO,02/01/2024,11:40:04,0.4,0.35,118200,0.4,165880,200,1746240
FINNIFTY02JAN2422200CE.NFO,02/01/2024,11:40:10,0.4,0.35,118200,0.4,165280,600,1746240
FINNIFTY02JAN2422200CE.NFO,02/01/2024,11:40:16,0.4,0.35,118200,0.4,165280,0,1746240
FINNIFTY02JAN2422200CE.NFO,02/01/2024,11:40:22,0.4,0.35,118200,0.4,165080,200,1746240
FINNIFTY02JAN2422200CE.NFO,02/01/2024,11:40:28,0.4,0.35,118200,0.4,165080,0,1746240
FINNIFTY02JAN2422200CE.NFO,02/01/2024,11:40:47,0.4,0.35,117600,0.4,164800,440,1746240
FINNIFTY02JAN2422200CE.NFO,02/01/2024,11:40:53,0.4,0.35,114000,0.4,166360,4160,1746240
FINNIFTY02JAN2422200CE.NFO,02/01/2024,11:41:00,0.4,0.35,114000,0.4,168160,0,1746240
FINNIFTY02JAN2422200CE.NFO,02/01/2024,11:41:20,0.4,0.35,114000,0.4,168120,0,1746240
FINNIFTY02JAN2422200CE.NFO,02/01/2024,11:41:29,0.4,0.35,114880,0.4,166440,0,1746240
FINNIFTY02JAN2422200CE.NFO,02/01/2024,11:41:37,0.4,0.35,113040,0.4,165680,280,1746240
FINNIFTY02JAN2422200CE.NFO,02/01/2024,11:41:46,0.4,0.35,119400,0.4,165320,2000,1746240
FINNIFTY02JAN2422200CE.NFO,02/01/2024,11:41:55,0.4,0.35,117640,0.4,165880,680,1749080
FINNIFTY02JAN2422200CE.NFO,02/01/2024,11:42:03,0.4,0.35,117800,0.4,167320,3640,1749080
FINNIFTY02JAN2422200CE.NFO,02/01/2024,11:42:11,0.4,0.35,117960,0.4,174320,4080,1749080
FINNIFTY02JAN2422200CE.NFO,02/01/2024,11:42:19,0.4,0.35,116160,0.4,174200,240,1749080
FINNIFTY02JAN2422200CE.NFO,02/01/2024,11:42:27,0.4,0.35,116160,0.4,174200,0,1749080
FINNIFTY02JAN2422200CE.NFO,02/01/2024,11:42:48,0.4,0.35,116160,0.4,173840,2400,1749080
FINNIFTY02JAN2422200CE.NFO,02/01/2024,11:42:55,0.4,0.35,114440,0.4,174240,1000,1749080
FINNIFTY02JAN2422200CE.NFO,02/01/2024,11:43:02,0.4,0.35,114560,0.4,172720,5600,1749080
FINNIFTY02JAN2422200CE.NFO,02/01/2024,11:43:09,0.4,0.35,114600,0.4,173160,1960,1749080
FINNIFTY02JAN2422200CE.NFO,02/01/2024,11:43:16,0.4,0.35,114800,0.4,172240,1360,1749080
FINNIFTY02JAN2422200CE.NFO,02/01/2024,11:43:23,0.4,0.35,114680,0.4,173000,200,1749080
FINNIFTY02JAN2422200CE.NFO,02/01/2024,11:43:30,0.4,0.35,114640,0.4,173480,240,1749080
FINNIFTY02JAN2422200CE.NFO,02/01/2024,11:43:37,0.4,0.35,116240,0.4,173360,320,1749080
FINNIFTY02JAN2422200CE.NFO,02/01/2024,11:43:45,0.4,0.35,116280,0.4,173360,1320,1749080
FINNIFTY02JAN2422200CE.NFO,02/01/2024,11:43:53,0.4,0.35,116280,0.4,181240,1120,1749080
FINNIFTY02JAN2422200CE.NFO,02/01/2024,11:44:01,0.4,0.35,116280,0.4,177720,1400,1749080
FINNIFTY02JAN2422200CE.NFO,02/01/2024,11:44:08,0.4,0.35,116280,0.4,177040,840,1749080
FINNIFTY02JAN2422200CE.NFO,02/01/2024,11:44:15,0.4,0.35,112680,0.4,177640,80,1749080
FINNIFTY02JAN2422200CE.NFO,02/01/2024,11:44:36,0.4,0.35,112680,0.4,177640,0,1749080
FINNIFTY02JAN2422200CE.NFO,02/01/2024,11:45:03,0.4,0.35,110960,0.4,177400,1400,1744440
FINNIFTY02JAN2422200CE.NFO,02/01/2024,11:45:10,0.4,0.35,101160,0.4,190040,11120,1744440
FINNIFTY02JAN2422200CE.NFO,02/01/2024,11:45:16,0.4,0.35,101160,0.4,200640,0,1744440
FINNIFTY02JAN2422200CE.NFO,02/01/2024,11:45:23,0.4,0.35,101160,0.4,202440,0,1744440
FINNIFTY02JAN2422200CE.NFO,02/01/2024,11:45:30,0.4,0.35,101160,0.4,202600,160,1744440
FINNIFTY02JAN2422200CE.NFO,02/01/2024,11:45:44,0.4,0.35,100280,0.4,203440,40,1744440
FINNIFTY02JAN2422200CE.NFO,02/01/2024,11:45:51,0.4,0.35,103680,0.4,202160,0,1744440
FINNIFTY02JAN2422200CE.NFO,02/01/2024,11:45:57,0.4,0.35,105560,0.4,201400,0,1744440
FINNIFTY02JAN2422200CE.NFO,02/01/2024,11:46:04,0.4,0.35,104080,0.4,202360,3000,1744440
FINNIFTY02JAN2422200CE.NFO,02/01/2024,11:46:11,0.35,0.35,103520,0.4,205240,1560,1744440
FINNIFTY02JAN2422200CE.NFO,02/01/2024,11:46:18,0.4,0.35,103040,0.4,203120,400,1744440
FINNIFTY02JAN2422200CE.NFO,02/01/2024,11:46:24,0.4,0.35,104320,0.4,203760,640,1744440
FINNIFTY02JAN2422200CE.NFO,02/01/2024,11:46:36,0.4,0.35,105120,0.4,203720,40,1744440
FINNIFTY02JAN2422200CE.NFO,02/01/2024,11:46:43,0.4,0.35,105120,0.4,202040,400,1744440
FINNIFTY02JAN2422200CE.NFO,02/01/2024,11:46:50,0.35,0.35,102600,0.4,202840,2040,1744440
FINNIFTY02JAN2422200CE.NFO,02/01/2024,11:46:57,0.35,0.35,101560,0.4,204640,800,1744440
FINNIFTY02JAN2422200CE.NFO,02/01/2024,11:47:04,0.35,0.35,101680,0.4,206040,360,1744440
FINNIFTY02JAN2422200CE.NFO,02/01/2024,11:47:31,0.35,0.35,101480,0.4,206520,0,1744440
FINNIFTY02JAN2422200CE.NFO,02/01/2024,11:48:04,0.35,0.35,101280,0.4,206040,200,1756760
FINNIFTY02JAN2422200CE.NFO,02/01/2024,11:48:10,0.35,0.35,101280,0.4,206040,0,1756760
FINNIFTY02JAN2422200CE.NFO,02/01/2024,11:48:16,0.35,0.35,101640,0.4,204640,2760,1756760
FINNIFTY02JAN2422200CE.NFO,02/01/2024,11:48:22,0.35,0.35,101320,0.4,204640,800,1756760
FINNIFTY02JAN2422200CE.NFO,02/01/2024,11:48:29,0.35,0.35,99680,0.4,204640,1160,1756760
FINNIFTY02JAN2422200CE.NFO,02/01/2024,11:48:36,0.35,0.35,98360,0.4,203360,0,1756760
FINNIFTY02JAN2422200CE.NFO,02/01/2024,11:48:43,0.35,0.35,94760,0.4,203040,2400,1756760
FINNIFTY02JAN2422200CE.NFO,02/01/2024,11:48:49,0.35,0.35,94760,0.4,210240,0,1756760
FINNIFTY02JAN2422200CE.NFO,02/01/2024,11:48:55,0.35,0.35,94760,0.4,211560,5080,1756760
FINNIFTY02JAN2422200CE.NFO,02/01/2024,11:49:00,0.35,0.35,101000,0.4,213280,960,1756760
FINNIFTY02JAN2422200CE.NFO,02/01/2024,11:49:07,0.4,0.35,109000,0.4,212520,760,1756760
FINNIFTY02JAN2422200CE.NFO,02/01/2024,11:49:13,0.4,0.35,119000,0.4,212520,0,1756760
FINNIFTY02JAN2422200CE.NFO,02/01/2024,11:49:19,0.4,0.35,132000,0.4,212440,80,1756760
FINNIFTY02JAN2422200CE.NFO,02/01/2024,11:49:26,0.4,0.35,133440,0.4,212440,0,1756760
FINNIFTY02JAN2422200CE.NFO,02/01/2024,11:50:10,0.4,0.35,135240,0.4,213720,0,1756760
FINNIFTY02JAN2422200CE.NFO,02/01/2024,11:50:29,0.4,0.35,135240,0.4,213560,160,1756760
FINNIFTY02JAN2422200CE.NFO,02/01/2024,11:50:35,0.4,0.35,135240,0.4,213560,0,1756760
FINNIFTY02JAN2422200CE.NFO,02/01/2024,11:50:54,0.35,0.35,135200,0.4,213560,40,1763760
FINNIFTY02JAN2422200CE.NFO,02/01/2024,11:51:07,0.4,0.35,132320,0.4,219600,8720,1763760
FINNIFTY02JAN2422200CE.NFO,02/01/2024,11:51:15,0.4,0.35,132280,0.4,218080,240,1763760
FINNIFTY02JAN2422200CE.NFO,02/01/2024,11:51:20,0.4,0.35,132240,0.4,218120,40,1763760
FINNIFTY02JAN2422200CE.NFO,02/01/2024,11:51:27,0.4,0.35,132240,0.4,218080,40,1763760
FINNIFTY02JAN2422200CE.NFO,02/01/2024,11:51:33,0.4,0.35,132040,0.4,218080,0,1763760
FINNIFTY02JAN2422200CE.NFO,02/01/2024,11:51:40,0.35,0.35,132120,0.4,218080,40,1763760
FINNIFTY02JAN2422200CE.NFO,02/01/2024,11:51:47,0.35,0.35,132120,0.4,218080,0,1763760
FINNIFTY02JAN2422200CE.NFO,02/01/2024,11:51:53,0.35,0.35,132120,0.4,224240,0,1763760
FINNIFTY02JAN2422200CE.NFO,02/01/2024,11:52:04,0.4,0.35,132200,0.4,224800,720,1763760
FINNIFTY02JAN2422200CE.NFO,02/01/2024,11:52:10,0.4,0.35,132200,0.4,226000,280,1763760
FINNIFTY02JAN2422200CE.NFO,02/01/2024,11:52:17,0.4,0.35,132200,0.4,225920,80,1763760
FINNIFTY02JAN2422200CE.NFO,02/01/2024,11:52:35,0.4,0.35,132200,0.4,225840,0,1763760
FINNIFTY02JAN2422200CE.NFO,02/01/2024,11:52:41,0.35,0.35,130400,0.4,225920,1800,1763760
FINNIFTY02JAN2422200CE.NFO,02/01/2024,11:52:48,0.35,0.35,130400,0.4,225920,0,1763760
FINNIFTY02JAN2422200CE.NFO,02/01/2024,11:52:54,0.35,0.35,128640,0.4,224760,8240,1763760
FINNIFTY02JAN2422200CE.NFO,02/01/2024,11:53:00,0.35,0.35,128640,0.4,224760,0,1763760
FINNIFTY02JAN2422200CE.NFO,02/01/2024,11:53:06,0.4,0.35,128680,0.4,225720,880,1763760
