Ticker,Date,Time,LTP,BuyPrice,BuyQty,SellPrice,SellQty,LTQ,OpenInterest
FINNIFTY02JAN2421850PE.NFO,02/01/2024,09:15:58,469.85,442.55,80,447.8,40,200,2920
FINNIFTY02JAN2421850PE.NFO,02/01/2024,09:15:58,469.85,442.55,80,447.8,40,0,2920
FINNIFTY02JAN2421850PE.NFO,02/01/2024,09:15:58,469.85,442.55,80,447.8,40,0,2920
FINNIFTY02JAN2421850PE.NFO,02/01/2024,09:15:58,469.85,442.55,80,447.8,40,0,2920
FINNIFTY02JAN2421850PE.NFO,02/01/2024,09:15:58,469.85,442.45,200,444.45,200,0,2920
FINNIFTY02JAN2421850PE.NFO,02/01/2024,09:16:00,469.85,438.05,80,442.95,200,0,2920
FINNIFTY02JAN2421850PE.NFO,02/01/2024,09:16:01,469.85,440.95,240,443.55,120,0,2920
FINNIFTY02JAN2421850PE.NFO,02/01/2024,09:16:02,469.85,441,80,443.1,40,0,2920
FINNIFTY02JAN2421850PE.NFO,02/01/2024,09:16:03,469.85,440.85,120,442.55,40,0,2920
FINNIFTY02JAN2421850PE.NFO,02/01/2024,09:16:04,469.85,439.9,120,441.8,120,0,2920
FINNIFTY02JAN2421850PE.NFO,02/01/2024,09:16:04,469.85,439.7,200,441.9,400,0,2920
FINNIFTY02JAN2421850PE.NFO,02/01/2024,09:16:06,469.85,438.6,120,440.65,280,0,2920
FINNIFTY02JAN2421850PE.NFO,02/01/2024,09:16:07,469.85,435.3,240,437.75,360,0,2920
FINNIFTY02JAN2421850PE.NFO,02/01/2024,09:16:08,469.85,435.45,40,437.25,280,0,2920
FINNIFTY02JAN2421850PE.NFO,02/01/2024,09:16:09,469.85,436.1,80,440.15,5240,0,2920
FINNIFTY02JAN2421850PE.NFO,02/01/2024,09:16:10,469.85,436.85,120,438.9,200,0,2920
FINNIFTY02JAN2421850PE.NFO,02/01/2024,09:16:10,469.85,436.8,40,438.85,400,0,2920
FINNIFTY02JAN2421850PE.NFO,02/01/2024,09:16:11,469.85,437.25,200,439.25,40,0,2920
FINNIFTY02JAN2421850PE.NFO,02/01/2024,09:16:13,469.85,436.25,120,438.5,200,0,2920
FINNIFTY02JAN2421850PE.NFO,02/01/2024,09:16:14,469.85,436.9,200,438.8,200,0,2920
FINNIFTY02JAN2421850PE.NFO,02/01/2024,09:16:15,469.85,438.55,160,440.65,80,0,2920
FINNIFTY02JAN2421850PE.NFO,02/01/2024,09:16:16,469.85,439.25,80,443.9,120,0,2920
FINNIFTY02JAN2421850PE.NFO,02/01/2024,09:16:17,469.85,439.15,120,441,40,0,2920
FINNIFTY02JAN2421850PE.NFO,02/01/2024,09:16:18,469.85,439.6,40,441.55,40,0,2920
FINNIFTY02JAN2421850PE.NFO,02/01/2024,09:16:18,469.85,439.7,40,441.55,40,0,2920
FINNIFTY02JAN2421850PE.NFO,02/01/2024,09:16:20,469.85,440.65,120,442.5,40,0,2920
FINNIFTY02JAN2421850PE.NFO,02/01/2024,09:16:21,469.85,441.1,120,442.9,240,0,2920
FINNIFTY02JAN2421850PE.NFO,02/01/2024,09:16:22,469.85,442.8,440,444.95,440,0,2920
FINNIFTY02JAN2421850PE.NFO,02/01/2024,09:16:23,469.85,442.7,40,444.65,40,0,2920
FINNIFTY02JAN2421850PE.NFO,02/01/2024,09:16:24,469.85,442.95,280,445,720,0,2920
FINNIFTY02JAN2421850PE.NFO,02/01/2024,09:16:25,469.85,443.95,120,445.75,120,0,2920
FINNIFTY02JAN2421850PE.NFO,02/01/2024,09:16:25,469.85,444.1,40,446,80,0,2920
FINNIFTY02JAN2421850PE.NFO,02/01/2024,09:16:26,469.85,444.85,80,446.8,40,0,2920
FINNIFTY02JAN2421850PE.NFO,02/01/2024,09:16:28,469.85,445.25,40,446.9,40,0,2920
FINNIFTY02JAN2421850PE.NFO,02/01/2024,09:16:29,469.85,444.55,40,446.6,320,0,2920
FINNIFTY02JAN2421850PE.NFO,02/01/2024,09:16:30,469.85,438,80,444.15,80,0,2920
FINNIFTY02JAN2421850PE.NFO,02/01/2024,09:16:31,469.85,442.15,240,444.1,320,0,2920
FINNIFTY02JAN2421850PE.NFO,02/01/2024,09:16:32,469.85,443.2,120,445.3,80,0,2920
FINNIFTY02JAN2421850PE.NFO,02/01/2024,09:16:32,469.85,443.45,40,445.65,40,0,2920
FINNIFTY02JAN2421850PE.NFO,02/01/2024,09:16:33,469.85,444.4,80,446.05,80,0,2920
FINNIFTY02JAN2421850PE.NFO,02/01/2024,09:16:35,469.85,444.35,40,446.05,40,0,2920
FINNIFTY02JAN2421850PE.NFO,02/01/2024,09:16:36,469.85,442.45,40,444.3,40,0,2920
FINNIFTY02JAN2421850PE.NFO,02/01/2024,09:16:37,469.85,443.45,200,445.5,120,0,2920
FINNIFTY02JAN2421850PE.NFO,02/01/2024,09:16:38,469.85,444.3,120,446.05,40,0,2920
FINNIFTY02JAN2421850PE.NFO,02/01/2024,09:16:39,469.85,444.15,40,446.1,120,0,2920
FINNIFTY02JAN2421850PE.NFO,02/01/2024,09:16:40,469.85,444,240,445.8,160,0,2920
FINNIFTY02JAN2421850PE.NFO,02/01/2024,09:16:40,469.85,443.65,120,445.45,40,0,2920
FINNIFTY02JAN2421850PE.NFO,02/01/2024,09:16:41,469.85,442.75,240,444.8,120,0,2920
FINNIFTY02JAN2421850PE.NFO,02/01/2024,09:16:43,469.85,442.55,200,444.45,80,0,2920
FINNIFTY02JAN2421850PE.NFO,02/01/2024,09:16:44,469.85,440.2,200,442.65,360,0,2920
FINNIFTY02JAN2421850PE.NFO,02/01/2024,09:16:45,469.85,437.35,80,441.05,40,0,2920
FINNIFTY02JAN2421850PE.NFO,02/01/2024,09:16:46,469.85,439.5,120,441.1,120,0,2920
FINNIFTY02JAN2421850PE.NFO,02/01/2024,09:16:47,469.85,439,40,440.9,200,0,2920
FINNIFTY02JAN2421850PE.NFO,02/01/2024,09:16:47,469.85,438.9,200,440.65,80,0,2920
FINNIFTY02JAN2421850PE.NFO,02/01/2024,09:16:48,469.85,438.15,80,440.05,40,0,2920
FINNIFTY02JAN2421850PE.NFO,02/01/2024,09:16:50,469.85,437.3,80,439.15,120,0,2920
FINNIFTY02JAN2421850PE.NFO,02/01/2024,09:16:51,469.85,438.7,40,440.5,40,0,2920
FINNIFTY02JAN2421850PE.NFO,02/01/2024,09:16:52,469.85,438.15,240,440.1,120,0,2920
FINNIFTY02JAN2421850PE.NFO,02/01/2024,09:16:53,469.85,439.35,40,441.25,120,0,2920
FINNIFTY02JAN2421850PE.NFO,02/01/2024,09:16:54,469.85,440.85,40,442.75,40,0,2920
FINNIFTY02JAN2421850PE.NFO,02/01/2024,09:16:54,469.85,440.9,120,442.95,40,0,2920
FINNIFTY02JAN2421850PE.NFO,02/01/2024,09:16:56,469.85,440.7,400,442.85,120,0,2920
FINNIFTY02JAN2421850PE.NFO,02/01/2024,09:16:57,469.85,440.55,120,442.4,240,0,2920
FINNIFTY02JAN2421850PE.NFO,02/01/2024,09:16:58,469.85,439.1,120,440.9,200,0,2920
FINNIFTY02JAN2421850PE.NFO,02/01/2024,09:16:59,469.85,438.95,40,440.5,40,0,2920
FINNIFTY02JAN2421850PE.NFO,02/01/2024,09:17:00,469.85,439.25,80,441.3,320,0,2920
FINNIFTY02JAN2421850PE.NFO,02/01/2024,09:17:01,469.85,439.3,40,441.35,40,0,2920
FINNIFTY02JAN2421850PE.NFO,02/01/2024,09:17:01,469.85,439.35,80,441.45,240,0,2920
FINNIFTY02JAN2421850PE.NFO,02/01/2024,09:17:03,469.85,439.65,120,442.45,1680,0,2920
FINNIFTY02JAN2421850PE.NFO,02/01/2024,09:17:04,469.85,439.7,120,441.6,40,0,2920
FINNIFTY02JAN2421850PE.NFO,02/01/2024,09:17:05,469.85,439.8,200,441.9,240,0,2920
FINNIFTY02JAN2421850PE.NFO,02/01/2024,09:17:06,469.85,440.1,40,441.75,160,0,2920
FINNIFTY02JAN2421850PE.NFO,02/01/2024,09:17:07,469.85,439.15,40,441,40,0,2920
FINNIFTY02JAN2421850PE.NFO,02/01/2024,09:17:07,469.85,439.15,80,441,80,0,2920
FINNIFTY02JAN2421850PE.NFO,02/01/2024,09:17:08,469.85,439.7,400,441.8,120,0,2920
FINNIFTY02JAN2421850PE.NFO,02/01/2024,09:17:10,469.85,439.95,40,441.65,80,0,2920
FINNIFTY02JAN2421850PE.NFO,02/01/2024,09:17:11,469.85,440.8,40,442.5,200,0,2920
FINNIFTY02JAN2421850PE.NFO,02/01/2024,09:17:12,469.85,440.8,80,442.6,320,0,2920
FINNIFTY02JAN2421850PE.NFO,02/01/2024,09:17:13,469.85,440.3,40,441.9,80,0,2920
FINNIFTY02JAN2421850PE.NFO,02/01/2024,09:17:14,469.85,440.35,80,441.95,80,0,2920
FINNIFTY02JAN2421850PE.NFO,02/01/2024,09:17:14,469.85,440.55,240,442.4,40,0,2920
FINNIFTY02JAN2421850PE.NFO,02/01/2024,09:17:16,469.85,439.85,240,441.65,200,0,2920
FINNIFTY02JAN2421850PE.NFO,02/01/2024,09:17:17,469.85,438.8,40,440.7,240,0,2920
FINNIFTY02JAN2421850PE.NFO,02/01/2024,09:17:18,469.85,437.5,200,439.4,160,0,2920
FINNIFTY02JAN2421850PE.NFO,02/01/2024,09:17:19,469.85,436.8,40,438.55,40,0,2920
FINNIFTY02JAN2421850PE.NFO,02/01/2024,09:17:20,469.85,437.05,40,438.55,80,0,2920
FINNIFTY02JAN2421850PE.NFO,02/01/2024,09:17:20,469.85,436.85,40,438.45,80,0,2920
FINNIFTY02JAN2421850PE.NFO,02/01/2024,09:17:21,469.85,437.05,200,438.8,40,0,2920
FINNIFTY02JAN2421850PE.NFO,02/01/2024,09:17:23,469.85,436.85,40,438.85,40,0,2920
FINNIFTY02JAN2421850PE.NFO,02/01/2024,09:17:24,469.85,436.65,40,438.5,80,0,2920
FINNIFTY02JAN2421850PE.NFO,02/01/2024,09:17:25,469.85,438.25,40,440.15,360,0,2920
FINNIFTY02JAN2421850PE.NFO,02/01/2024,09:17:26,469.85,437.4,80,439.3,120,0,2920
FINNIFTY02JAN2421850PE.NFO,02/01/2024,09:17:27,469.85,438.7,40,440.65,40,0,2920
FINNIFTY02JAN2421850PE.NFO,02/01/2024,09:17:27,469.85,438.9,160,440.95,80,0,2920
FINNIFTY02JAN2421850PE.NFO,02/01/2024,09:17:29,469.85,440.5,40,442.85,5040,0,2920
FINNIFTY02JAN2421850PE.NFO,02/01/2024,09:17:30,469.85,440.75,40,442.45,40,0,2920
FINNIFTY02JAN2421850PE.NFO,02/01/2024,09:17:31,469.85,440.45,280,442.45,120,0,2920
FINNIFTY02JAN2421850PE.NFO,02/01/2024,09:17:32,469.85,437.45,80,440.65,200,0,2920
FINNIFTY02JAN2421850PE.NFO,02/01/2024,09:17:33,469.85,439.35,120,441.35,120,0,2920
FINNIFTY02JAN2421850PE.NFO,02/01/2024,09:17:34,469.85,439.8,40,441.7,40,0,2920
FINNIFTY02JAN2421850PE.NFO,02/01/2024,09:17:35,469.85,440.15,40,442.05,40,0,2920
FINNIFTY02JAN2421850PE.NFO,02/01/2024,09:17:36,469.85,439.95,120,442,120,0,2920
FINNIFTY02JAN2421850PE.NFO,02/01/2024,09:17:37,469.85,440.3,40,442.05,40,0,2920
FINNIFTY02JAN2421850PE.NFO,02/01/2024,09:17:38,469.85,438.6,40,441.25,80,0,2920
FINNIFTY02JAN2421850PE.NFO,02/01/2024,09:17:39,469.85,440.6,40,442.65,40,0,2920
FINNIFTY02JAN2421850PE.NFO,02/01/2024,09:17:40,469.85,440.7,40,442.5,240,0,2920
FINNIFTY02JAN2421850PE.NFO,02/01/2024,09:17:41,469.85,442.15,240,443.85,40,0,2920
FINNIFTY02JAN2421850PE.NFO,02/01/2024,09:17:42,469.85,441.6,1600,443.6,200,0,2920
FINNIFTY02JAN2421850PE.NFO,02/01/2024,09:17:43,469.85,441.8,40,443.5,40,0,2920
FINNIFTY02JAN2421850PE.NFO,02/01/2024,09:17:44,469.85,442.05,120,443.9,40,0,2920
FINNIFTY02JAN2421850PE.NFO,02/01/2024,09:17:45,469.85,442.15,120,444.1,40,0,2920
FINNIFTY02JAN2421850PE.NFO,02/01/2024,09:17:46,469.85,442.2,320,444.15,40,0,2920
FINNIFTY02JAN2421850PE.NFO,02/01/2024,09:17:47,469.85,443.05,1240,445.15,200,0,2920
FINNIFTY02JAN2421850PE.NFO,02/01/2024,09:17:48,469.85,441.95,80,443.95,40,0,2920
FINNIFTY02JAN2421850PE.NFO,02/01/2024,09:17:49,469.85,442.3,40,444.05,40,0,2920
FINNIFTY02JAN2421850PE.NFO,02/01/2024,09:17:50,469.85,441.4,80,443.5,200,0,2920
FINNIFTY02JAN2421850PE.NFO,02/01/2024,09:17:51,469.85,441.5,40,443.5,840,0,2920
FINNIFTY02JAN2421850PE.NFO,02/01/2024,09:17:52,469.85,441.55,40,443.3,120,0,2920
FINNIFTY02JAN2421850PE.NFO,02/01/2024,09:17:53,469.85,441.55,80,443.3,160,0,2920
FINNIFTY02JAN2421850PE.NFO,02/01/2024,09:17:54,469.85,440.95,40,442.85,40,0,2920
FINNIFTY02JAN2421850PE.NFO,02/01/2024,09:17:55,469.85,442.3,440,444.05,40,0,2920
FINNIFTY02JAN2421850PE.NFO,02/01/2024,09:17:56,469.85,441.5,1240,443.55,280,0,2920
FINNIFTY02JAN2421850PE.NFO,02/01/2024,09:17:57,469.85,441.7,40,443.4,40,0,2920
FINNIFTY02JAN2421850PE.NFO,02/01/2024,09:17:58,469.85,441.45,160,443.1,120,0,2920
FINNIFTY02JAN2421850PE.NFO,02/01/2024,09:17:59,469.85,441.55,120,443.1,40,0,2920
FINNIFTY02JAN2421850PE.NFO,02/01/2024,09:18:00,469.85,441.65,80,443.25,40,0,2920
FINNIFTY02JAN2421850PE.NFO,02/01/2024,09:18:01,469.85,441.85,360,443.65,40,0,2920
FINNIFTY02JAN2421850PE.NFO,02/01/2024,09:18:02,469.85,440.45,120,442,200,0,2920
FINNIFTY02JAN2421850PE.NFO,02/01/2024,09:18:03,469.85,438.65,400,440.65,200,0,2920
FINNIFTY02JAN2421850PE.NFO,02/01/2024,09:18:04,469.85,439.35,120,441.2,120,0,2920
FINNIFTY02JAN2421850PE.NFO,02/01/2024,09:18:05,469.85,439.45,160,441.45,200,0,2920
FINNIFTY02JAN2421850PE.NFO,02/01/2024,09:18:06,469.85,439.4,240,441.15,240,0,2920
FINNIFTY02JAN2421850PE.NFO,02/01/2024,09:18:07,441.25,438.85,40,440.45,400,40,2920
FINNIFTY02JAN2421850PE.NFO,02/01/2024,09:18:07,441.25,438.85,40,440.45,400,0,2920
FINNIFTY02JAN2421850PE.NFO,02/01/2024,09:18:08,441.25,438.15,80,439.75,120,0,2920
FINNIFTY02JAN2421850PE.NFO,02/01/2024,09:18:09,441.25,438.4,120,440,120,0,2920
FINNIFTY02JAN2421850PE.NFO,02/01/2024,09:18:10,441.25,439.65,80,441.35,40,0,2920
FINNIFTY02JAN2421850PE.NFO,02/01/2024,09:18:11,441.25,440.6,200,442.4,40,0,2920
FINNIFTY02JAN2421850PE.NFO,02/01/2024,09:18:12,441.25,440.2,40,441.95,120,0,2920
FINNIFTY02JAN2421850PE.NFO,02/01/2024,09:18:13,441.25,440.4,200,442.15,40,0,2920
FINNIFTY02JAN2421850PE.NFO,02/01/2024,09:18:14,441.25,439.6,80,441.4,200,0,2920
FINNIFTY02JAN2421850PE.NFO,02/01/2024,09:18:15,441.25,439.85,120,441.85,40,0,2920
FINNIFTY02JAN2421850PE.NFO,02/01/2024,09:18:16,441.25,441.55,240,443.2,120,0,2920
FINNIFTY02JAN2421850PE.NFO,02/01/2024,09:18:17,441.25,442.15,40,443.85,40,0,2920
FINNIFTY02JAN2421850PE.NFO,02/01/2024,09:18:18,441.25,443.05,40,444.9,40,0,2920
FINNIFTY02JAN2421850PE.NFO,02/01/2024,09:18:19,441.25,443.45,1000,445.55,440,0,2920
FINNIFTY02JAN2421850PE.NFO,02/01/2024,09:18:20,441.25,444.1,40,446.1,600,0,2920
FINNIFTY02JAN2421850PE.NFO,02/01/2024,09:18:21,441.25,444.85,40,446.6,200,0,2920
FINNIFTY02JAN2421850PE.NFO,02/01/2024,09:18:22,441.25,442.4,6280,445.5,240,0,2920
FINNIFTY02JAN2421850PE.NFO,02/01/2024,09:18:23,441.25,443.15,40,444.95,160,0,2920
FINNIFTY02JAN2421850PE.NFO,02/01/2024,09:18:24,441.25,443.65,720,445.7,200,0,2920
FINNIFTY02JAN2421850PE.NFO,02/01/2024,09:18:25,441.25,444.45,120,446.25,80,0,2920
FINNIFTY02JAN2421850PE.NFO,02/01/2024,09:18:26,441.25,444.35,200,446.3,400,0,2920
FINNIFTY02JAN2421850PE.NFO,02/01/2024,09:18:27,441.25,443.55,40,445.25,400,0,2920
FINNIFTY02JAN2421850PE.NFO,02/01/2024,09:18:28,441.25,441.6,200,444.45,160,0,2920
FINNIFTY02JAN2421850PE.NFO,02/01/2024,09:18:29,441.25,442.45,80,444.2,120,0,2920
FINNIFTY02JAN2421850PE.NFO,02/01/2024,09:18:30,441.25,442.85,320,444.75,40,0,2920
FINNIFTY02JAN2421850PE.NFO,02/01/2024,09:18:31,441.25,443.05,40,444.8,80,0,2920
FINNIFTY02JAN2421850PE.NFO,02/01/2024,09:18:32,441.25,443.6,80,445.85,1240,0,2920
FINNIFTY02JAN2421850PE.NFO,02/01/2024,09:18:33,441.25,443.65,40,445.6,600,0,2920
FINNIFTY02JAN2421850PE.NFO,02/01/2024,09:18:34,441.25,442.8,40,444.5,240,0,2920
FINNIFTY02JAN2421850PE.NFO,02/01/2024,09:18:35,441.25,442.9,240,444.8,120,0,2920
FINNIFTY02JAN2421850PE.NFO,02/01/2024,09:18:36,441.25,442.75,80,444.7,120,0,2920
FINNIFTY02JAN2421850PE.NFO,02/01/2024,09:18:37,441.25,442,40,443.95,320,0,2920
FINNIFTY02JAN2421850PE.NFO,02/01/2024,09:18:38,441.25,441.4,40,443.3,120,0,2920
FINNIFTY02JAN2421850PE.NFO,02/01/2024,09:18:39,441.25,441.3,40,443.15,200,0,2920
FINNIFTY02JAN2421850PE.NFO,02/01/2024,09:18:40,441.25,441,160,442.7,200,0,2920
FINNIFTY02JAN2421850PE.NFO,02/01/2024,09:18:41,441.25,441.7,240,443.55,80,0,2920
FINNIFTY02JAN2421850PE.NFO,02/01/2024,09:18:42,441.25,441.35,40,443.05,400,0,2920
FINNIFTY02JAN2421850PE.NFO,02/01/2024,09:18:43,441.25,441.3,120,442.8,120,0,2920
FINNIFTY02JAN2421850PE.NFO,02/01/2024,09:18:44,441.25,439.2,40,440.95,120,0,2920
FINNIFTY02JAN2421850PE.NFO,02/01/2024,09:18:45,441.25,439.65,400,441.65,80,0,2920
FINNIFTY02JAN2421850PE.NFO,02/01/2024,09:18:46,441.25,439.8,80,441.95,240,0,2920
FINNIFTY02JAN2421850PE.NFO,02/01/2024,09:18:47,441.25,439.85,40,441.75,240,0,2920
FINNIFTY02JAN2421850PE.NFO,02/01/2024,09:18:48,441.25,439.55,40,441.4,40,0,2920
FINNIFTY02JAN2421850PE.NFO,02/01/2024,09:18:49,441.25,438.85,40,440.65,120,0,2920
FINNIFTY02JAN2421850PE.NFO,02/01/2024,09:18:50,441.25,438.6,40,440.45,40,0,2920
FINNIFTY02JAN2421850PE.NFO,02/01/2024,09:18:51,441.25,438,200,439.8,80,0,2920
FINNIFTY02JAN2421850PE.NFO,02/01/2024,09:18:52,441.25,438.15,40,439.9,320,0,2920
FINNIFTY02JAN2421850PE.NFO,02/01/2024,09:18:53,441.25,437.85,360,439.8,120,0,2920
FINNIFTY02JAN2421850PE.NFO,02/01/2024,09:18:54,441.25,438.1,40,439.9,40,0,2920
FINNIFTY02JAN2421850PE.NFO,02/01/2024,09:18:55,441.25,438.15,40,439.8,400,0,2920
FINNIFTY02JAN2421850PE.NFO,02/01/2024,09:18:56,441.25,438.4,200,440.45,200,0,2920
FINNIFTY02JAN2421850PE.NFO,02/01/2024,09:18:57,440.45,439,40,440.9,480,40,2920
FINNIFTY02JAN2421850PE.NFO,02/01/2024,09:18:57,440.45,439,40,440.9,480,0,2920
FINNIFTY02JAN2421850PE.NFO,02/01/2024,09:18:58,438.65,438.35,160,440.1,80,40,2920
FINNIFTY02JAN2421850PE.NFO,02/01/2024,09:18:58,438.65,438.35,160,440.1,80,0,2920
FINNIFTY02JAN2421850PE.NFO,02/01/2024,09:18:59,438.65,438.4,40,440.2,40,0,2920
FINNIFTY02JAN2421850PE.NFO,02/01/2024,09:19:00,438.65,437.9,80,439.7,200,0,2920
FINNIFTY02JAN2421850PE.NFO,02/01/2024,09:19:01,438.65,437.75,80,439.25,40,0,2920
FINNIFTY02JAN2421850PE.NFO,02/01/2024,09:19:02,438.65,438.05,80,439.45,40,0,2920
FINNIFTY02JAN2421850PE.NFO,02/01/2024,09:19:03,438.65,439.25,80,441,160,0,2920
FINNIFTY02JAN2421850PE.NFO,02/01/2024,09:19:04,438.65,438.3,80,440,240,0,2920
FINNIFTY02JAN2421850PE.NFO,02/01/2024,09:19:05,438.65,438.05,80,439.8,80,0,2920
FINNIFTY02JAN2421850PE.NFO,02/01/2024,09:19:06,438.65,437.35,80,439.25,160,0,2920
FINNIFTY02JAN2421850PE.NFO,02/01/2024,09:19:07,438.65,437.95,80,439.6,200,0,2920
FINNIFTY02JAN2421850PE.NFO,02/01/2024,09:19:08,438.65,438.35,80,440.15,200,0,2920
FINNIFTY02JAN2421850PE.NFO,02/01/2024,09:19:09,438.65,438.85,80,440.45,40,0,2920
FINNIFTY02JAN2421850PE.NFO,02/01/2024,09:19:10,438.65,438.05,80,439.8,240,0,2920
FINNIFTY02JAN2421850PE.NFO,02/01/2024,09:19:11,438.65,436.75,80,438.25,120,0,2920
FINNIFTY02JAN2421850PE.NFO,02/01/2024,09:19:12,438.65,433.5,80,436.95,1360,0,2920
FINNIFTY02JAN2421850PE.NFO,02/01/2024,09:19:13,438.65,434.7,80,436.65,520,0,2920
FINNIFTY02JAN2421850PE.NFO,02/01/2024,09:19:14,438.65,434.5,40,436.35,240,0,2920
FINNIFTY02JAN2421850PE.NFO,02/01/2024,09:19:15,438.65,433.95,40,435.6,40,0,2920
FINNIFTY02JAN2421850PE.NFO,02/01/2024,09:19:16,438.65,433.85,40,435.6,240,0,2920
FINNIFTY02JAN2421850PE.NFO,02/01/2024,09:19:17,438.65,434.35,40,436.2,200,0,2920
FINNIFTY02JAN2421850PE.NFO,02/01/2024,09:19:18,438.65,433.65,160,435.65,200,0,2920
FINNIFTY02JAN2421850PE.NFO,02/01/2024,09:19:19,438.65,434.2,40,435.95,40,0,2920
FINNIFTY02JAN2421850PE.NFO,02/01/2024,09:19:20,438.65,434.2,240,435.95,40,0,2920
FINNIFTY02JAN2421850PE.NFO,02/01/2024,09:19:21,438.65,434.05,40,436.2,600,0,2920
FINNIFTY02JAN2421850PE.NFO,02/01/2024,09:19:22,438.65,435.3,240,436.9,40,0,2920
FINNIFTY02JAN2421850PE.NFO,02/01/2024,09:19:23,438.65,436.4,40,438.1,120,0,2920
FINNIFTY02JAN2421850PE.NFO,02/01/2024,09:19:24,438.65,437.15,40,438.75,80,0,2920
FINNIFTY02JAN2421850PE.NFO,02/01/2024,09:19:25,438.65,436.75,80,438.35,40,0,2920
FINNIFTY02JAN2421850PE.NFO,02/01/2024,09:19:26,438.65,436.7,40,438.15,120,0,2920
FINNIFTY02JAN2421850PE.NFO,02/01/2024,09:19:27,438.65,436.95,920,439.05,40,0,2920
FINNIFTY02JAN2421850PE.NFO,02/01/2024,09:19:28,438.65,437.1,40,438.8,120,0,2920
FINNIFTY02JAN2421850PE.NFO,02/01/2024,09:19:29,438.65,436.8,80,438.35,120,0,2920
FINNIFTY02JAN2421850PE.NFO,02/01/2024,09:19:30,438.65,436.2,80,437.8,40,0,2920
FINNIFTY02JAN2421850PE.NFO,02/01/2024,09:19:31,438.65,436.1,80,437.65,120,0,2920
FINNIFTY02JAN2421850PE.NFO,02/01/2024,09:19:32,438.65,435.6,80,437.6,80,0,2920
FINNIFTY02JAN2421850PE.NFO,02/01/2024,09:19:33,438.65,435.85,40,437.5,240,0,2920
FINNIFTY02JAN2421850PE.NFO,02/01/2024,09:19:34,438.65,434.5,120,436.3,40,0,2920
FINNIFTY02JAN2421850PE.NFO,02/01/2024,09:19:35,438.65,433.95,80,435.95,160,0,2920
FINNIFTY02JAN2421850PE.NFO,02/01/2024,09:19:36,438.65,434.05,40,435.65,120,0,2920
FINNIFTY02JAN2421850PE.NFO,02/01/2024,09:19:37,438.65,434.55,240,436.3,40,0,2920
FINNIFTY02JAN2421850PE.NFO,02/01/2024,09:19:38,438.65,434.5,40,436.25,320,0,2920
FINNIFTY02JAN2421850PE.NFO,02/01/2024,09:19:39,438.65,435.55,40,437.1,40,0,2920
FINNIFTY02JAN2421850PE.NFO,02/01/2024,09:19:40,438.65,435.5,120,437.3,40,0,2920
FINNIFTY02JAN2421850PE.NFO,02/01/2024,09:19:41,438.65,434.75,40,436.55,120,0,2920
FINNIFTY02JAN2421850PE.NFO,02/01/2024,09:19:42,438.65,435.35,40,437.15,40,0,2920
FINNIFTY02JAN2421850PE.NFO,02/01/2024,09:19:43,438.65,435.65,240,437.35,40,0,2920
FINNIFTY02JAN2421850PE.NFO,02/01/2024,09:19:44,438.65,435.5,80,437.5,80,0,2920
FINNIFTY02JAN2421850PE.NFO,02/01/2024,09:19:45,438.65,435.85,40,437.5,120,0,2920
FINNIFTY02JAN2421850PE.NFO,02/01/2024,09:19:46,438.65,434.95,240,436.8,120,0,2920
FINNIFTY02JAN2421850PE.NFO,02/01/2024,09:19:47,438.65,434.45,40,436.05,40,0,2920
FINNIFTY02JAN2421850PE.NFO,02/01/2024,09:19:48,438.65,434.7,40,436.25,40,0,2920
FINNIFTY02JAN2421850PE.NFO,02/01/2024,09:19:49,438.65,434.6,240,436.5,40,0,2920
FINNIFTY02JAN2421850PE.NFO,02/01/2024,09:19:50,438.65,434.3,40,436.05,40,0,2920
FINNIFTY02JAN2421850PE.NFO,02/01/2024,09:19:51,438.65,435.05,40,436.75,40,0,2920
FINNIFTY02JAN2421850PE.NFO,02/01/2024,09:19:52,436.85,435.8,200,437.7,120,40,2920
FINNIFTY02JAN2421850PE.NFO,02/01/2024,09:19:52,436.85,435.8,200,437.7,120,0,2920
FINNIFTY02JAN2421850PE.NFO,02/01/2024,09:19:53,436.85,437.05,120,438.7,160,0,2920
FINNIFTY02JAN2421850PE.NFO,02/01/2024,09:19:54,436.85,437,120,438.7,40,0,2920
FINNIFTY02JAN2421850PE.NFO,02/01/2024,09:19:55,436.85,436.35,240,438.15,200,0,2920
FINNIFTY02JAN2421850PE.NFO,02/01/2024,09:19:56,436.85,436.95,120,438.55,40,0,2920
FINNIFTY02JAN2421850PE.NFO,02/01/2024,09:19:57,436.85,437.95,120,439.6,320,0,2920
FINNIFTY02JAN2421850PE.NFO,02/01/2024,09:19:58,436.85,438.35,240,440.25,40,0,2920
FINNIFTY02JAN2421850PE.NFO,02/01/2024,09:19:59,436.85,438.15,40,439.95,40,0,2920
FINNIFTY02JAN2421850PE.NFO,02/01/2024,09:20:00,436.85,438,120,439.95,80,0,2920
FINNIFTY02JAN2421850PE.NFO,02/01/2024,09:20:01,436.85,438.55,40,440.3,40,0,2920
FINNIFTY02JAN2421850PE.NFO,02/01/2024,09:20:02,436.85,438.65,40,440.5,120,0,2920
FINNIFTY02JAN2421850PE.NFO,02/01/2024,09:20:03,436.85,437.85,40,439.4,120,0,2920
FINNIFTY02JAN2421850PE.NFO,02/01/2024,09:20:04,436.85,436.55,120,438.3,120,0,2920
FINNIFTY02JAN2421850PE.NFO,02/01/2024,09:20:05,436.85,436.1,200,437.8,200,0,2920
FINNIFTY02JAN2421850PE.NFO,02/01/2024,09:20:06,436.85,435.4,40,436.95,120,0,2920
FINNIFTY02JAN2421850PE.NFO,02/01/2024,09:20:07,436.85,435.75,240,437.5,120,0,2920
FINNIFTY02JAN2421850PE.NFO,02/01/2024,09:20:08,436.85,435.65,40,437.45,40,0,2920
FINNIFTY02JAN2421850PE.NFO,02/01/2024,09:20:09,436.85,435.5,40,437.1,120,0,2920
FINNIFTY02JAN2421850PE.NFO,02/01/2024,09:20:10,436.85,435.05,40,436.6,120,0,2920
FINNIFTY02JAN2421850PE.NFO,02/01/2024,09:20:11,436.85,434.6,240,436.45,320,0,2920
FINNIFTY02JAN2421850PE.NFO,02/01/2024,09:20:12,436.85,434.25,280,436.25,240,0,2920
FINNIFTY02JAN2421850PE.NFO,02/01/2024,09:20:13,436.85,434.35,40,436,120,0,2920
FINNIFTY02JAN2421850PE.NFO,02/01/2024,09:20:14,436.85,435.1,320,436.85,40,0,2920
FINNIFTY02JAN2421850PE.NFO,02/01/2024,09:20:15,436.85,434.45,80,435.95,120,0,2920
FINNIFTY02JAN2421850PE.NFO,02/01/2024,09:20:16,436.85,435.65,80,437.85,40,0,2920
FINNIFTY02JAN2421850PE.NFO,02/01/2024,09:20:17,436.85,435.9,40,438,200,0,2920
FINNIFTY02JAN2421850PE.NFO,02/01/2024,09:20:18,436.85,436.3,120,438.05,200,0,2920
FINNIFTY02JAN2421850PE.NFO,02/01/2024,09:20:19,436.85,436,40,437.65,120,0,2920
FINNIFTY02JAN2421850PE.NFO,02/01/2024,09:20:20,436.85,435.2,200,437,80,0,2920
FINNIFTY02JAN2421850PE.NFO,02/01/2024,09:20:21,436.85,435.7,40,437.4,320,0,2920
FINNIFTY02JAN2421850PE.NFO,02/01/2024,09:20:22,436.85,436,40,437.65,40,0,2920
FINNIFTY02JAN2421850PE.NFO,02/01/2024,09:20:23,436.85,436,40,437.85,120,0,2920
FINNIFTY02JAN2421850PE.NFO,02/01/2024,09:20:24,436.85,436.65,200,438.6,80,0,2920
FINNIFTY02JAN2421850PE.NFO,02/01/2024,09:20:25,436.85,436.6,40,438.4,720,0,2920
FINNIFTY02JAN2421850PE.NFO,02/01/2024,09:20:26,436.85,436.95,40,438.7,40,0,2920
FINNIFTY02JAN2421850PE.NFO,02/01/2024,09:20:27,436.85,437.5,40,439.1,80,0,2920
FINNIFTY02JAN2421850PE.NFO,02/01/2024,09:20:28,436.85,437.85,320,439.8,40,0,2920
FINNIFTY02JAN2421850PE.NFO,02/01/2024,09:20:29,436.85,436.75,200,438.65,40,0,2920
FINNIFTY02JAN2421850PE.NFO,02/01/2024,09:20:30,436.85,436.95,40,438.6,80,0,2920
FINNIFTY02JAN2421850PE.NFO,02/01/2024,09:20:32,436.85,437.85,40,439.55,240,0,2920
FINNIFTY02JAN2421850PE.NFO,02/01/2024,09:20:32,436.85,437.5,40,439.15,80,0,2920
FINNIFTY02JAN2421850PE.NFO,02/01/2024,09:20:33,436.85,438.4,40,439.8,40,0,2920
FINNIFTY02JAN2421850PE.NFO,02/01/2024,09:20:34,436.85,438.3,80,439.8,40,0,2920
FINNIFTY02JAN2421850PE.NFO,02/01/2024,09:20:35,436.85,438.55,40,439.8,40,0,2920
FINNIFTY02JAN2421850PE.NFO,02/01/2024,09:20:36,436.85,438.35,120,439.8,40,0,2920
FINNIFTY02JAN2421850PE.NFO,02/01/2024,09:20:37,436.85,438.85,40,439.8,40,0,2920
FINNIFTY02JAN2421850PE.NFO,02/01/2024,09:20:39,436.85,438.35,80,439.8,40,0,2920
FINNIFTY02JAN2421850PE.NFO,02/01/2024,09:20:39,436.85,438.45,40,439.8,40,0,2920
FINNIFTY02JAN2421850PE.NFO,02/01/2024,09:20:40,436.85,438.2,280,439.8,40,0,2920
FINNIFTY02JAN2421850PE.NFO,02/01/2024,09:20:41,436.85,437.4,40,438.8,80,0,2920
FINNIFTY02JAN2421850PE.NFO,02/01/2024,09:20:42,436.85,436.95,280,438.7,40,0,2920
FINNIFTY02JAN2421850PE.NFO,02/01/2024,09:20:43,436.85,436.95,160,438.65,160,0,2920
FINNIFTY02JAN2421850PE.NFO,02/01/2024,09:20:45,436.85,436.35,40,437.95,40,0,2920
FINNIFTY02JAN2421850PE.NFO,02/01/2024,09:20:45,436.85,435.85,280,437.8,120,0,2920
FINNIFTY02JAN2421850PE.NFO,02/01/2024,09:20:46,436.85,435.4,240,437.25,40,0,2920
FINNIFTY02JAN2421850PE.NFO,02/01/2024,09:20:47,436.85,435.55,120,437.1,600,0,2920
FINNIFTY02JAN2421850PE.NFO,02/01/2024,09:20:48,436.85,435.05,40,436.7,120,0,2920
FINNIFTY02JAN2421850PE.NFO,02/01/2024,09:20:49,436.85,435.05,120,436.8,200,0,2920
FINNIFTY02JAN2421850PE.NFO,02/01/2024,09:20:50,436.85,434.6,200,436.1,80,0,2920
FINNIFTY02JAN2421850PE.NFO,02/01/2024,09:20:51,436.85,434.15,40,435.8,600,0,2920
FINNIFTY02JAN2421850PE.NFO,02/01/2024,09:20:52,436.85,434.15,80,435.9,160,0,2920
FINNIFTY02JAN2421850PE.NFO,02/01/2024,09:20:53,436.85,434.2,40,435.9,40,0,2920
FINNIFTY02JAN2421850PE.NFO,02/01/2024,09:20:54,436.85,435.15,80,437.1,160,0,2920
FINNIFTY02JAN2421850PE.NFO,02/01/2024,09:20:56,436.85,434.7,160,436.5,80,0,2920
FINNIFTY02JAN2421850PE.NFO,02/01/2024,09:20:57,436.85,434.6,80,436.45,80,0,2920
FINNIFTY02JAN2421850PE.NFO,02/01/2024,09:20:57,436.85,434.8,240,436.8,120,0,2920
FINNIFTY02JAN2421850PE.NFO,02/01/2024,09:20:58,436.85,435.7,40,437.3,80,0,2920
FINNIFTY02JAN2421850PE.NFO,02/01/2024,09:20:59,436.85,435.75,40,437.5,200,0,2920
FINNIFTY02JAN2421850PE.NFO,02/01/2024,09:21:00,436.85,435.9,40,437.6,200,0,2920
FINNIFTY02JAN2421850PE.NFO,02/01/2024,09:21:01,436.85,435.65,200,437.45,160,0,2920
FINNIFTY02JAN2421850PE.NFO,02/01/2024,09:21:02,436.85,435.9,80,437.75,80,0,2920
FINNIFTY02JAN2421850PE.NFO,02/01/2024,09:21:03,436.85,434.5,80,436.45,120,0,2920
FINNIFTY02JAN2421850PE.NFO,02/01/2024,09:21:04,436.85,433.05,40,435.35,240,0,2920
FINNIFTY02JAN2421850PE.NFO,02/01/2024,09:21:05,436.85,431.2,40,433.1,80,0,2920
FINNIFTY02JAN2421850PE.NFO,02/01/2024,09:21:06,436.85,426.2,80,430.8,1600,0,2920
FINNIFTY02JAN2421850PE.NFO,02/01/2024,09:21:07,436.85,428.15,120,430.35,40,0,2920
FINNIFTY02JAN2421850PE.NFO,02/01/2024,09:21:08,436.85,427.35,480,430,40,0,2920
FINNIFTY02JAN2421850PE.NFO,02/01/2024,09:21:09,436.85,428.75,40,430.5,40,0,2920
FINNIFTY02JAN2421850PE.NFO,02/01/2024,09:21:10,436.85,426.35,40,429.25,120,0,2920
FINNIFTY02JAN2421850PE.NFO,02/01/2024,09:21:11,436.85,425,40,427.25,40,0,2920
FINNIFTY02JAN2421850PE.NFO,02/01/2024,09:21:12,436.85,426.1,200,428.05,240,0,2920
FINNIFTY02JAN2421850PE.NFO,02/01/2024,09:21:13,436.85,426.95,40,429,80,0,2920
FINNIFTY02JAN2421850PE.NFO,02/01/2024,09:21:14,436.85,427.85,120,429.75,40,0,2920
FINNIFTY02JAN2421850PE.NFO,02/01/2024,09:21:15,436.85,428.5,200,430.55,40,0,2920
FINNIFTY02JAN2421850PE.NFO,02/01/2024,09:21:16,436.85,429.7,320,431.8,80,0,2920
FINNIFTY02JAN2421850PE.NFO,02/01/2024,09:21:17,436.85,429.3,80,431.15,80,0,2920
FINNIFTY02JAN2421850PE.NFO,02/01/2024,09:21:18,436.85,428.65,40,430.45,40,0,2920
FINNIFTY02JAN2421850PE.NFO,02/01/2024,09:21:19,436.85,428.5,120,430.25,40,0,2920
FINNIFTY02JAN2421850PE.NFO,02/01/2024,09:21:20,436.85,428.9,240,430.6,40,0,2920
FINNIFTY02JAN2421850PE.NFO,02/01/2024,09:21:21,436.85,428.2,40,430.1,240,0,2920
FINNIFTY02JAN2421850PE.NFO,02/01/2024,09:21:22,436.85,428.1,120,429.8,40,0,2920
FINNIFTY02JAN2421850PE.NFO,02/01/2024,09:21:23,436.85,428.05,40,430,80,0,2920
FINNIFTY02JAN2421850PE.NFO,02/01/2024,09:21:24,436.85,427.1,40,429.05,160,0,2920
FINNIFTY02JAN2421850PE.NFO,02/01/2024,09:21:25,436.85,424.95,120,427.6,280,0,2920
FINNIFTY02JAN2421850PE.NFO,02/01/2024,09:21:26,436.85,425.35,40,427.35,40,0,2920
FINNIFTY02JAN2421850PE.NFO,02/01/2024,09:21:27,436.85,422.2,40,424.95,200,0,2920
FINNIFTY02JAN2421850PE.NFO,02/01/2024,09:21:28,436.85,417.1,80,423.95,80,0,2920
FINNIFTY02JAN2421850PE.NFO,02/01/2024,09:21:29,436.85,422.05,80,424.6,80,0,2920
FINNIFTY02JAN2421850PE.NFO,02/01/2024,09:21:30,436.85,422.35,40,424.8,400,0,2920
FINNIFTY02JAN2421850PE.NFO,02/01/2024,09:21:31,436.85,422.5,40,424.7,80,0,2920
FINNIFTY02JAN2421850PE.NFO,02/01/2024,09:21:32,436.85,421.6,40,423.45,40,0,2920
FINNIFTY02JAN2421850PE.NFO,02/01/2024,09:21:33,436.85,420.2,120,422.75,160,0,2920
FINNIFTY02JAN2421850PE.NFO,02/01/2024,09:21:34,436.85,420.65,40,423.05,120,0,2920
FINNIFTY02JAN2421850PE.NFO,02/01/2024,09:21:35,436.85,422.25,80,424.55,160,0,2920
FINNIFTY02JAN2421850PE.NFO,02/01/2024,09:21:36,436.85,423.95,40,426,40,0,2920
FINNIFTY02JAN2421850PE.NFO,02/01/2024,09:21:37,436.85,423.25,240,425.65,440,0,2920
FINNIFTY02JAN2421850PE.NFO,02/01/2024,09:21:38,423.25,423.2,40,424.95,240,40,2880
FINNIFTY02JAN2421850PE.NFO,02/01/2024,09:21:38,423.25,423.2,40,424.95,240,0,2880
FINNIFTY02JAN2421850PE.NFO,02/01/2024,09:21:39,423.25,424.25,40,426.05,80,0,2880
FINNIFTY02JAN2421850PE.NFO,02/01/2024,09:21:40,423.25,423.8,160,425.65,40,0,2880
FINNIFTY02JAN2421850PE.NFO,02/01/2024,09:21:41,423.25,424.05,40,426.05,40,0,2880
FINNIFTY02JAN2421850PE.NFO,02/01/2024,09:21:42,423.25,424.95,40,426.95,40,0,2880
FINNIFTY02JAN2421850PE.NFO,02/01/2024,09:21:43,423.25,424.85,320,426.75,120,0,2880
FINNIFTY02JAN2421850PE.NFO,02/01/2024,09:21:44,423.25,425.05,40,426.8,240,0,2880
FINNIFTY02JAN2421850PE.NFO,02/01/2024,09:21:45,423.25,425.3,40,426.8,200,0,2880
FINNIFTY02JAN2421850PE.NFO,02/01/2024,09:21:46,423.25,425.25,40,427,40,0,2880
FINNIFTY02JAN2421850PE.NFO,02/01/2024,09:21:47,423.25,425.45,120,426.95,40,0,2880
FINNIFTY02JAN2421850PE.NFO,02/01/2024,09:21:48,423.25,425.45,40,427.1,80,0,2880
FINNIFTY02JAN2421850PE.NFO,02/01/2024,09:21:49,423.25,424.85,40,426.4,40,0,2880
FINNIFTY02JAN2421850PE.NFO,02/01/2024,09:21:50,423.25,425.55,40,427.15,120,0,2880
FINNIFTY02JAN2421850PE.NFO,02/01/2024,09:21:51,423.25,424.75,40,426.65,320,0,2880
FINNIFTY02JAN2421850PE.NFO,02/01/2024,09:21:53,423.25,425.2,120,426.9,120,0,2880
FINNIFTY02JAN2421850PE.NFO,02/01/2024,09:21:53,423.25,425.25,40,427,760,0,2880
FINNIFTY02JAN2421850PE.NFO,02/01/2024,09:21:54,423.25,425.4,120,427,360,0,2880
FINNIFTY02JAN2421850PE.NFO,02/01/2024,09:21:55,423.25,424.6,80,426.35,40,0,2880
FINNIFTY02JAN2421850PE.NFO,02/01/2024,09:21:56,423.25,424.15,40,426,80,0,2880
FINNIFTY02JAN2421850PE.NFO,02/01/2024,09:21:57,423.25,423.35,40,425.05,160,0,2880
FINNIFTY02JAN2421850PE.NFO,02/01/2024,09:21:58,423.25,423.3,240,425,40,0,2880
FINNIFTY02JAN2421850PE.NFO,02/01/2024,09:21:59,423.25,422.2,40,424,40,0,2880
FINNIFTY02JAN2421850PE.NFO,02/01/2024,09:22:00,423.25,421.65,80,423.75,120,0,2880
FINNIFTY02JAN2421850PE.NFO,02/01/2024,09:22:01,423.25,423.45,80,425.4,240,0,2880
FINNIFTY02JAN2421850PE.NFO,02/01/2024,09:22:02,423.25,423.75,40,425.45,40,0,2880
FINNIFTY02JAN2421850PE.NFO,02/01/2024,09:22:03,423.25,422.9,200,425.2,40,0,2880
FINNIFTY02JAN2421850PE.NFO,02/01/2024,09:22:04,423.25,423.7,40,425.6,120,0,2880
FINNIFTY02JAN2421850PE.NFO,02/01/2024,09:22:05,423.25,424,40,425.9,40,0,2880
FINNIFTY02JAN2421850PE.NFO,02/01/2024,09:22:06,423.25,424.35,40,426.05,40,0,2880
FINNIFTY02JAN2421850PE.NFO,02/01/2024,09:22:07,423.25,424.8,120,426.6,40,0,2880
FINNIFTY02JAN2421850PE.NFO,02/01/2024,09:22:08,423.25,425.25,80,426.9,40,0,2880
FINNIFTY02JAN2421850PE.NFO,02/01/2024,09:22:10,423.25,425.05,40,426.65,320,0,2880
FINNIFTY02JAN2421850PE.NFO,02/01/2024,09:22:11,423.25,425,40,426.5,320,0,2880
FINNIFTY02JAN2421850PE.NFO,02/01/2024,09:22:11,423.25,424.55,40,426.1,80,0,2880
FINNIFTY02JAN2421850PE.NFO,02/01/2024,09:22:12,423.25,425.1,80,426.8,40,0,2880
FINNIFTY02JAN2421850PE.NFO,02/01/2024,09:22:13,423.25,424.25,40,426.1,320,0,2880
FINNIFTY02JAN2421850PE.NFO,02/01/2024,09:22:15,423.25,424.85,160,426.65,40,0,2880
FINNIFTY02JAN2421850PE.NFO,02/01/2024,09:22:16,423.25,426.05,40,428.8,440,0,2880
FINNIFTY02JAN2421850PE.NFO,02/01/2024,09:22:17,423.25,426.75,40,428.7,120,0,2880
FINNIFTY02JAN2421850PE.NFO,02/01/2024,09:22:17,423.25,426.8,40,428.65,40,0,2880
FINNIFTY02JAN2421850PE.NFO,02/01/2024,09:22:18,423.25,426.95,80,428.5,80,0,2880
FINNIFTY02JAN2421850PE.NFO,02/01/2024,09:22:19,423.25,426.35,40,428.1,320,0,2880
FINNIFTY02JAN2421850PE.NFO,02/01/2024,09:22:20,423.25,426.45,40,428.35,120,0,2880
FINNIFTY02JAN2421850PE.NFO,02/01/2024,09:22:21,423.25,426.95,40,428.4,120,0,2880
FINNIFTY02JAN2421850PE.NFO,02/01/2024,09:22:22,423.25,426.8,240,428.9,80,0,2880
FINNIFTY02JAN2421850PE.NFO,02/01/2024,09:22:24,423.25,428,40,429.75,120,0,2880
FINNIFTY02JAN2421850PE.NFO,02/01/2024,09:22:25,423.25,427.8,40,429.55,200,0,2880
FINNIFTY02JAN2421850PE.NFO,02/01/2024,09:22:25,423.25,427.95,240,430,520,0,2880
FINNIFTY02JAN2421850PE.NFO,02/01/2024,09:22:26,423.25,428.65,40,430.4,280,0,2880
FINNIFTY02JAN2421850PE.NFO,02/01/2024,09:22:27,423.25,429.3,40,431.5,120,0,2880
FINNIFTY02JAN2421850PE.NFO,02/01/2024,09:22:28,423.25,430.55,120,432.6,80,0,2880
FINNIFTY02JAN2421850PE.NFO,02/01/2024,09:22:29,423.25,430.3,120,432.05,200,0,2880
FINNIFTY02JAN2421850PE.NFO,02/01/2024,09:22:30,423.25,429.55,120,431.35,120,0,2880
FINNIFTY02JAN2421850PE.NFO,02/01/2024,09:22:31,423.25,429.9,40,431.8,40,0,2880
FINNIFTY02JAN2421850PE.NFO,02/01/2024,09:22:32,423.25,429.9,40,431.55,80,0,2880
FINNIFTY02JAN2421850PE.NFO,02/01/2024,09:22:34,423.25,431.05,40,432.85,280,0,2880
FINNIFTY02JAN2421850PE.NFO,02/01/2024,09:22:35,423.25,431.3,120,432.95,40,0,2880
FINNIFTY02JAN2421850PE.NFO,02/01/2024,09:22:36,423.25,432.4,40,434.35,840,0,2880
FINNIFTY02JAN2421850PE.NFO,02/01/2024,09:22:37,423.25,432.15,40,433.8,40,0,2880
FINNIFTY02JAN2421850PE.NFO,02/01/2024,09:22:38,423.25,431.35,240,433.4,40,0,2880
FINNIFTY02JAN2421850PE.NFO,02/01/2024,09:22:39,423.25,431.8,120,433.4,40,0,2880
FINNIFTY02JAN2421850PE.NFO,02/01/2024,09:22:40,423.25,430.75,80,432.8,1880,0,2880
FINNIFTY02JAN2421850PE.NFO,02/01/2024,09:22:41,423.25,431.35,40,433.15,80,0,2880
FINNIFTY02JAN2421850PE.NFO,02/01/2024,09:22:42,423.25,431.85,120,433.5,120,0,2880
FINNIFTY02JAN2421850PE.NFO,02/01/2024,09:22:43,423.25,431.75,200,433.8,240,0,2880
FINNIFTY02JAN2421850PE.NFO,02/01/2024,09:22:44,423.25,431.6,120,433.3,200,0,2880
FINNIFTY02JAN2421850PE.NFO,02/01/2024,09:22:45,423.25,431.55,400,433.5,40,0,2880
FINNIFTY02JAN2421850PE.NFO,02/01/2024,09:22:46,423.25,431.9,120,433.4,40,0,2880
FINNIFTY02JAN2421850PE.NFO,02/01/2024,09:22:47,423.25,430.4,280,432.35,120,0,2880
FINNIFTY02JAN2421850PE.NFO,02/01/2024,09:22:48,423.25,430.7,40,432.6,120,0,2880
FINNIFTY02JAN2421850PE.NFO,02/01/2024,09:22:49,423.25,431.85,80,434,200,0,2880
FINNIFTY02JAN2421850PE.NFO,02/01/2024,09:22:50,423.25,431.55,40,433.4,40,0,2880
FINNIFTY02JAN2421850PE.NFO,02/01/2024,09:22:51,423.25,430.35,40,432.1,320,0,2880
FINNIFTY02JAN2421850PE.NFO,02/01/2024,09:22:52,423.25,429.85,120,431.5,200,0,2880
FINNIFTY02JAN2421850PE.NFO,02/01/2024,09:22:53,423.25,429.5,280,431.35,1800,0,2880
FINNIFTY02JAN2421850PE.NFO,02/01/2024,09:22:54,423.25,429.3,400,431.3,160,0,2880
FINNIFTY02JAN2421850PE.NFO,02/01/2024,09:22:55,423.25,430,240,431.85,280,0,2880
FINNIFTY02JAN2421850PE.NFO,02/01/2024,09:22:56,423.25,430.2,240,431.9,200,0,2880
FINNIFTY02JAN2421850PE.NFO,02/01/2024,09:22:57,423.25,429.65,40,431.45,200,0,2880
FINNIFTY02JAN2421850PE.NFO,02/01/2024,09:22:58,423.25,428.35,320,430.3,560,0,2880
FINNIFTY02JAN2421850PE.NFO,02/01/2024,09:22:59,423.25,428.6,120,430.35,1960,0,2880
FINNIFTY02JAN2421850PE.NFO,02/01/2024,09:23:00,423.25,429.15,40,431,120,0,2880
FINNIFTY02JAN2421850PE.NFO,02/01/2024,09:23:01,423.25,429.3,40,431.1,240,0,2880
FINNIFTY02JAN2421850PE.NFO,02/01/2024,09:23:02,423.25,429.35,40,431.15,280,0,2880
FINNIFTY02JAN2421850PE.NFO,02/01/2024,09:23:03,423.25,429.65,120,431.3,120,0,2880
FINNIFTY02JAN2421850PE.NFO,02/01/2024,09:23:04,423.25,429.8,240,431.55,40,0,2880
FINNIFTY02JAN2421850PE.NFO,02/01/2024,09:23:05,423.25,428.45,40,430.25,320,0,2880
FINNIFTY02JAN2421850PE.NFO,02/01/2024,09:23:06,423.25,427.8,120,429.55,520,0,2880
FINNIFTY02JAN2421850PE.NFO,02/01/2024,09:23:07,423.25,426.05,40,428,40,0,2880
FINNIFTY02JAN2421850PE.NFO,02/01/2024,09:23:08,423.25,425.45,40,427,320,0,2880
FINNIFTY02JAN2421850PE.NFO,02/01/2024,09:23:09,423.25,425.1,40,427,240,0,2880
FINNIFTY02JAN2421850PE.NFO,02/01/2024,09:23:10,423.25,425.6,120,427.25,40,0,2880
FINNIFTY02JAN2421850PE.NFO,02/01/2024,09:23:10,423.25,425.5,40,427.15,40,0,2880
FINNIFTY02JAN2421850PE.NFO,02/01/2024,09:23:11,423.25,426.3,40,428.3,80,0,2880
FINNIFTY02JAN2421850PE.NFO,02/01/2024,09:23:12,423.25,427.15,120,429.35,240,0,2880
FINNIFTY02JAN2421850PE.NFO,02/01/2024,09:23:13,423.25,426.1,40,427.9,40,0,2880
FINNIFTY02JAN2421850PE.NFO,02/01/2024,09:23:14,423.25,425.9,80,427.7,80,0,2880
FINNIFTY02JAN2421850PE.NFO,02/01/2024,09:23:15,423.25,425.95,120,427.6,120,0,2880
FINNIFTY02JAN2421850PE.NFO,02/01/2024,09:23:16,423.25,425.65,40,427.15,120,0,2880
FINNIFTY02JAN2421850PE.NFO,02/01/2024,09:23:17,423.25,424,40,425.7,120,0,2880
FINNIFTY02JAN2421850PE.NFO,02/01/2024,09:23:18,423.25,424.75,200,426.8,120,0,2880
FINNIFTY02JAN2421850PE.NFO,02/01/2024,09:23:19,423.25,425.2,40,427.25,400,0,2880
FINNIFTY02JAN2421850PE.NFO,02/01/2024,09:23:20,423.25,425.4,40,426.9,80,0,2880
FINNIFTY02JAN2421850PE.NFO,02/01/2024,09:23:21,423.25,425.8,320,427.8,80,0,2880
FINNIFTY02JAN2421850PE.NFO,02/01/2024,09:23:22,423.25,425.65,40,427.2,200,0,2880
FINNIFTY02JAN2421850PE.NFO,02/01/2024,09:23:23,423.25,425.45,120,427.05,320,0,2880
FINNIFTY02JAN2421850PE.NFO,02/01/2024,09:23:24,423.25,425.5,40,427.15,320,0,2880
FINNIFTY02JAN2421850PE.NFO,02/01/2024,09:23:25,423.25,425.45,160,427.05,400,0,2880
FINNIFTY02JAN2421850PE.NFO,02/01/2024,09:23:26,423.25,426.35,120,428,40,0,2880
FINNIFTY02JAN2421850PE.NFO,02/01/2024,09:23:27,423.25,426.05,40,427.75,200,0,2880
FINNIFTY02JAN2421850PE.NFO,02/01/2024,09:23:28,423.25,426.8,40,428.4,40,0,2880
FINNIFTY02JAN2421850PE.NFO,02/01/2024,09:23:29,423.25,427.9,120,429.75,40,0,2880
FINNIFTY02JAN2421850PE.NFO,02/01/2024,09:23:31,423.25,427.85,120,429.5,80,0,2880
FINNIFTY02JAN2421850PE.NFO,02/01/2024,09:23:32,423.25,426.55,240,428.45,120,0,2880
FINNIFTY02JAN2421850PE.NFO,02/01/2024,09:23:33,423.25,425.7,40,427.5,320,0,2880
FINNIFTY02JAN2421850PE.NFO,02/01/2024,09:23:34,423.25,425.95,40,427.55,120,0,2880
FINNIFTY02JAN2421850PE.NFO,02/01/2024,09:23:35,423.25,426.25,40,427.85,40,0,2880
FINNIFTY02JAN2421850PE.NFO,02/01/2024,09:23:36,423.25,426.3,40,427.8,400,0,2880
FINNIFTY02JAN2421850PE.NFO,02/01/2024,09:23:37,423.25,425.25,80,427.05,320,0,2880
FINNIFTY02JAN2421850PE.NFO,02/01/2024,09:23:37,423.25,425.25,320,427,200,0,2880
FINNIFTY02JAN2421850PE.NFO,02/01/2024,09:23:38,423.25,424.85,240,426.95,40,0,2880
FINNIFTY02JAN2421850PE.NFO,02/01/2024,09:23:39,423.25,425.15,40,427,40,0,2880
FINNIFTY02JAN2421850PE.NFO,02/01/2024,09:23:40,423.25,425.3,40,426.9,40,0,2880
FINNIFTY02JAN2421850PE.NFO,02/01/2024,09:23:41,423.25,425.9,40,427.7,160,0,2880
FINNIFTY02JAN2421850PE.NFO,02/01/2024,09:23:42,423.25,426.75,120,428.25,40,0,2880
FINNIFTY02JAN2421850PE.NFO,02/01/2024,09:23:43,423.25,426.5,40,427.95,120,0,2880
FINNIFTY02JAN2421850PE.NFO,02/01/2024,09:23:44,423.25,426.25,80,427.75,200,0,2880
FINNIFTY02JAN2421850PE.NFO,02/01/2024,09:23:45,423.25,426.2,160,427.85,40,0,2880
FINNIFTY02JAN2421850PE.NFO,02/01/2024,09:23:47,423.25,426.8,40,428.6,40,0,2880
FINNIFTY02JAN2421850PE.NFO,02/01/2024,09:23:48,423.25,427.75,80,429.6,40,0,2880
FINNIFTY02JAN2421850PE.NFO,02/01/2024,09:23:48,423.25,427.85,120,429.6,40,0,2880
FINNIFTY02JAN2421850PE.NFO,02/01/2024,09:23:49,423.25,427.95,160,429.65,40,0,2880
FINNIFTY02JAN2421850PE.NFO,02/01/2024,09:23:50,423.25,428.1,120,429.65,80,0,2880
FINNIFTY02JAN2421850PE.NFO,02/01/2024,09:23:52,423.25,427.9,120,429.4,40,0,2880
FINNIFTY02JAN2421850PE.NFO,02/01/2024,09:23:53,423.25,427.15,40,428.85,1040,0,2880
FINNIFTY02JAN2421850PE.NFO,02/01/2024,09:23:53,423.25,427.2,40,428.8,40,0,2880
FINNIFTY02JAN2421850PE.NFO,02/01/2024,09:23:54,423.25,427.9,320,429.75,40,0,2880
FINNIFTY02JAN2421850PE.NFO,02/01/2024,09:23:55,423.25,428.2,80,429.9,40,0,2880
FINNIFTY02JAN2421850PE.NFO,02/01/2024,09:23:56,423.25,428.5,120,430,400,0,2880
FINNIFTY02JAN2421850PE.NFO,02/01/2024,09:23:57,423.25,428.6,40,430.35,120,0,2880
FINNIFTY02JAN2421850PE.NFO,02/01/2024,09:23:58,423.25,429.45,120,431.3,40,0,2880
FINNIFTY02JAN2421850PE.NFO,02/01/2024,09:23:59,423.25,429.65,120,431.9,40,0,2880
FINNIFTY02JAN2421850PE.NFO,02/01/2024,09:24:01,423.25,429.95,80,431.6,120,0,2880
FINNIFTY02JAN2421850PE.NFO,02/01/2024,09:24:02,423.25,430.75,40,432.55,120,0,2880
FINNIFTY02JAN2421850PE.NFO,02/01/2024,09:24:03,423.25,431.05,200,432.7,40,0,2880
FINNIFTY02JAN2421850PE.NFO,02/01/2024,09:24:04,423.25,430.65,40,432,120,0,2880
FINNIFTY02JAN2421850PE.NFO,02/01/2024,09:24:05,423.25,430.05,40,431.7,40,0,2880
FINNIFTY02JAN2421850PE.NFO,02/01/2024,09:24:06,423.25,428.75,80,430.5,40,0,2880
FINNIFTY02JAN2421850PE.NFO,02/01/2024,09:24:06,423.25,428.85,40,430.3,200,0,2880
FINNIFTY02JAN2421850PE.NFO,02/01/2024,09:24:07,423.25,429.45,120,431.05,40,0,2880
FINNIFTY02JAN2421850PE.NFO,02/01/2024,09:24:08,423.25,429.3,80,430.95,80,0,2880
FINNIFTY02JAN2421850PE.NFO,02/01/2024,09:24:09,423.25,429.15,40,430.7,200,0,2880
FINNIFTY02JAN2421850PE.NFO,02/01/2024,09:24:11,423.25,428.95,40,430.45,80,0,2880
FINNIFTY02JAN2421850PE.NFO,02/01/2024,09:24:12,423.25,427.95,120,429.6,40,0,2880
FINNIFTY02JAN2421850PE.NFO,02/01/2024,09:24:13,423.25,427.65,40,429.35,120,0,2880
FINNIFTY02JAN2421850PE.NFO,02/01/2024,09:24:13,423.25,427.75,40,429.45,40,0,2880
FINNIFTY02JAN2421850PE.NFO,02/01/2024,09:24:14,423.25,427.65,40,429.15,120,0,2880
FINNIFTY02JAN2421850PE.NFO,02/01/2024,09:24:16,423.25,428.65,40,430.3,320,0,2880
FINNIFTY02JAN2421850PE.NFO,02/01/2024,09:24:17,423.25,429.3,40,430.8,40,0,2880
FINNIFTY02JAN2421850PE.NFO,02/01/2024,09:24:18,423.25,429.45,120,431,120,0,2880
FINNIFTY02JAN2421850PE.NFO,02/01/2024,09:24:19,423.25,429.6,40,431.3,40,0,2880
FINNIFTY02JAN2421850PE.NFO,02/01/2024,09:24:20,423.25,430.4,240,432.2,40,0,2880
FINNIFTY02JAN2421850PE.NFO,02/01/2024,09:24:21,423.25,430.9,40,432.55,40,0,2880
FINNIFTY02JAN2421850PE.NFO,02/01/2024,09:24:22,423.25,431.1,40,432.8,40,0,2880
FINNIFTY02JAN2421850PE.NFO,02/01/2024,09:24:23,423.25,431.7,240,433.6,40,0,2880
FINNIFTY02JAN2421850PE.NFO,02/01/2024,09:24:24,423.25,432,40,433.65,40,0,2880
FINNIFTY02JAN2421850PE.NFO,02/01/2024,09:24:25,423.25,431.85,40,433.45,40,0,2880
FINNIFTY02JAN2421850PE.NFO,02/01/2024,09:24:26,423.25,431.65,240,433.4,120,0,2880
FINNIFTY02JAN2421850PE.NFO,02/01/2024,09:24:27,423.25,432.05,40,433.75,40,0,2880
FINNIFTY02JAN2421850PE.NFO,02/01/2024,09:24:27,423.25,432.2,240,433.8,40,0,2880
FINNIFTY02JAN2421850PE.NFO,02/01/2024,09:24:28,423.25,431.75,40,433.45,200,0,2880
FINNIFTY02JAN2421850PE.NFO,02/01/2024,09:24:29,423.25,431.7,40,433.4,160,0,2880
FINNIFTY02JAN2421850PE.NFO,02/01/2024,09:24:31,423.25,432.05,40,433.65,40,0,2880
FINNIFTY02JAN2421850PE.NFO,02/01/2024,09:24:32,423.25,431.7,40,433.25,40,0,2880
FINNIFTY02JAN2421850PE.NFO,02/01/2024,09:24:33,423.25,431.9,40,433.6,40,0,2880
FINNIFTY02JAN2421850PE.NFO,02/01/2024,09:24:34,423.25,432,80,433.75,160,0,2880
FINNIFTY02JAN2421850PE.NFO,02/01/2024,09:24:35,423.25,432.15,240,433.95,400,0,2880
FINNIFTY02JAN2421850PE.NFO,02/01/2024,09:24:35,423.25,432.15,120,433.75,200,0,2880
FINNIFTY02JAN2421850PE.NFO,02/01/2024,09:24:36,423.25,430.15,40,432.2,800,0,2880
FINNIFTY02JAN2421850PE.NFO,02/01/2024,09:24:38,423.25,429.8,200,431.4,120,0,2880
FINNIFTY02JAN2421850PE.NFO,02/01/2024,09:24:39,423.25,429.9,40,431.6,40,0,2880
FINNIFTY02JAN2421850PE.NFO,02/01/2024,09:24:40,423.25,430.65,80,432.3,40,0,2880
FINNIFTY02JAN2421850PE.NFO,02/01/2024,09:24:40,423.25,430.6,40,432.15,200,0,2880
FINNIFTY02JAN2421850PE.NFO,02/01/2024,09:24:41,423.25,429.7,120,431.2,120,0,2880
FINNIFTY02JAN2421850PE.NFO,02/01/2024,09:24:43,423.25,429.55,40,431.2,200,0,2880
FINNIFTY02JAN2421850PE.NFO,02/01/2024,09:24:44,423.25,429.6,40,431.2,600,0,2880
FINNIFTY02JAN2421850PE.NFO,02/01/2024,09:24:45,423.25,429.45,40,431.1,200,0,2880
FINNIFTY02JAN2421850PE.NFO,02/01/2024,09:24:45,423.25,429.4,40,431,40,0,2880
FINNIFTY02JAN2421850PE.NFO,02/01/2024,09:24:46,423.25,429.25,120,430.8,40,0,2880
FINNIFTY02JAN2421850PE.NFO,02/01/2024,09:24:48,423.25,429.2,160,430.8,80,0,2880
FINNIFTY02JAN2421850PE.NFO,02/01/2024,09:24:49,423.25,428.3,120,429.75,120,0,2880
FINNIFTY02JAN2421850PE.NFO,02/01/2024,09:24:50,423.25,428,40,429.35,160,0,2880
FINNIFTY02JAN2421850PE.NFO,02/01/2024,09:24:50,423.25,427.95,40,429.4,40,0,2880
FINNIFTY02JAN2421850PE.NFO,02/01/2024,09:24:51,423.25,428.25,40,429.9,40,0,2880
FINNIFTY02JAN2421850PE.NFO,02/01/2024,09:24:53,423.25,429.15,120,430.75,200,0,2880
FINNIFTY02JAN2421850PE.NFO,02/01/2024,09:24:54,423.25,429.05,40,430.5,40,0,2880
FINNIFTY02JAN2421850PE.NFO,02/01/2024,09:24:55,423.25,430.45,200,432.35,40,0,2880
FINNIFTY02JAN2421850PE.NFO,02/01/2024,09:24:55,423.25,430.75,160,432.75,40,0,2880
FINNIFTY02JAN2421850PE.NFO,02/01/2024,09:24:56,423.25,431.65,120,433.3,40,0,2880
FINNIFTY02JAN2421850PE.NFO,02/01/2024,09:24:58,423.25,431.05,40,432.5,80,0,2880
FINNIFTY02JAN2421850PE.NFO,02/01/2024,09:24:59,423.25,431.6,280,433.4,120,0,2880
FINNIFTY02JAN2421850PE.NFO,02/01/2024,09:25:00,423.25,432.4,240,434.4,40,0,2880
FINNIFTY02JAN2421850PE.NFO,02/01/2024,09:25:00,423.25,432.4,120,434.25,120,0,2880
FINNIFTY02JAN2421850PE.NFO,02/01/2024,09:25:01,423.25,432.3,40,433.9,40,0,2880
FINNIFTY02JAN2421850PE.NFO,02/01/2024,09:25:03,423.25,430.85,120,432.4,40,0,2880
FINNIFTY02JAN2421850PE.NFO,02/01/2024,09:25:04,423.25,430.85,40,432.6,320,0,2880
FINNIFTY02JAN2421850PE.NFO,02/01/2024,09:25:05,423.25,431.2,40,433.15,80,0,2880
FINNIFTY02JAN2421850PE.NFO,02/01/2024,09:25:06,423.25,431.4,120,433.2,200,0,2880
FINNIFTY02JAN2421850PE.NFO,02/01/2024,09:25:07,423.25,431.25,80,432.8,160,0,2880
FINNIFTY02JAN2421850PE.NFO,02/01/2024,09:25:08,423.25,429.75,40,431.45,320,0,2880
FINNIFTY02JAN2421850PE.NFO,02/01/2024,09:25:09,423.25,430.7,80,432.45,40,0,2880
FINNIFTY02JAN2421850PE.NFO,02/01/2024,09:25:10,423.25,431.05,40,432.75,120,0,2880
FINNIFTY02JAN2421850PE.NFO,02/01/2024,09:25:11,423.25,431.75,80,433.55,200,0,2880
FINNIFTY02JAN2421850PE.NFO,02/01/2024,09:25:12,423.25,431.7,240,433.25,40,0,2880
FINNIFTY02JAN2421850PE.NFO,02/01/2024,09:25:13,423.25,431.6,40,433.05,120,0,2880
FINNIFTY02JAN2421850PE.NFO,02/01/2024,09:25:14,423.25,431.75,40,433.15,120,0,2880
FINNIFTY02JAN2421850PE.NFO,02/01/2024,09:25:14,423.25,431.8,40,433.15,120,0,2880
FINNIFTY02JAN2421850PE.NFO,02/01/2024,09:25:15,423.25,432.2,40,433.8,40,0,2880
FINNIFTY02JAN2421850PE.NFO,02/01/2024,09:25:17,423.25,431.9,40,433.35,40,0,2880
FINNIFTY02JAN2421850PE.NFO,02/01/2024,09:25:18,423.25,431.7,40,433.15,40,0,2880
FINNIFTY02JAN2421850PE.NFO,02/01/2024,09:25:19,423.25,431.35,240,433.15,40,0,2880
FINNIFTY02JAN2421850PE.NFO,02/01/2024,09:25:20,423.25,431.25,40,432.9,40,0,2880
FINNIFTY02JAN2421850PE.NFO,02/01/2024,09:25:21,432.45,430.2,120,431.8,160,40,2880
FINNIFTY02JAN2421850PE.NFO,02/01/2024,09:25:22,432.45,430.3,40,431.8,80,0,2880
FINNIFTY02JAN2421850PE.NFO,02/01/2024,09:25:23,432.45,430.35,320,432.25,320,0,2880
FINNIFTY02JAN2421850PE.NFO,02/01/2024,09:25:23,432.45,430.45,120,432.2,40,0,2880
FINNIFTY02JAN2421850PE.NFO,02/01/2024,09:25:24,432.45,430.4,40,432,640,0,2880
FINNIFTY02JAN2421850PE.NFO,02/01/2024,09:25:25,432.45,430.65,200,432.5,200,0,2880
FINNIFTY02JAN2421850PE.NFO,02/01/2024,09:25:26,432.45,429.6,40,431.2,120,0,2880
FINNIFTY02JAN2421850PE.NFO,02/01/2024,09:25:27,432.45,429.1,120,430.75,40,0,2880
FINNIFTY02JAN2421850PE.NFO,02/01/2024,09:25:28,432.45,429.45,40,431.1,120,0,2880
FINNIFTY02JAN2421850PE.NFO,02/01/2024,09:25:29,432.45,428.9,120,430.55,40,0,2880
FINNIFTY02JAN2421850PE.NFO,02/01/2024,09:25:30,432.45,428.65,40,430.2,40,0,2880
FINNIFTY02JAN2421850PE.NFO,02/01/2024,09:25:31,432.45,428.05,40,429.65,160,0,2880
FINNIFTY02JAN2421850PE.NFO,02/01/2024,09:25:33,432.45,427.3,120,428.8,80,0,2880
FINNIFTY02JAN2421850PE.NFO,02/01/2024,09:25:34,432.45,427.05,240,428.65,40,0,2880
FINNIFTY02JAN2421850PE.NFO,02/01/2024,09:25:35,432.45,426.3,160,428.1,80,0,2880
FINNIFTY02JAN2421850PE.NFO,02/01/2024,09:25:36,432.45,426.35,120,427.95,40,0,2880
FINNIFTY02JAN2421850PE.NFO,02/01/2024,09:25:37,432.45,426.9,120,428.95,120,0,2880
FINNIFTY02JAN2421850PE.NFO,02/01/2024,09:25:37,432.45,427.25,40,429.25,80,0,2880
FINNIFTY02JAN2421850PE.NFO,02/01/2024,09:25:38,432.45,427.15,40,428.8,80,0,2880
FINNIFTY02JAN2421850PE.NFO,02/01/2024,09:25:39,432.45,427.7,80,429.45,40,0,2880
FINNIFTY02JAN2421850PE.NFO,02/01/2024,09:25:40,432.45,428.1,160,429.8,40,0,2880
FINNIFTY02JAN2421850PE.NFO,02/01/2024,09:25:41,432.45,427.6,40,429.3,240,0,2880
FINNIFTY02JAN2421850PE.NFO,02/01/2024,09:25:42,432.45,426.9,80,428.45,240,0,2880
FINNIFTY02JAN2421850PE.NFO,02/01/2024,09:25:43,432.45,427,40,428.65,40,0,2880
FINNIFTY02JAN2421850PE.NFO,02/01/2024,09:25:44,432.45,427.45,40,429.2,80,0,2880
FINNIFTY02JAN2421850PE.NFO,02/01/2024,09:25:45,432.45,427.25,120,428.8,40,0,2880
FINNIFTY02JAN2421850PE.NFO,02/01/2024,09:25:46,432.45,427.75,40,429.35,40,0,2880
FINNIFTY02JAN2421850PE.NFO,02/01/2024,09:25:47,432.45,427.4,40,429.1,320,0,2880
FINNIFTY02JAN2421850PE.NFO,02/01/2024,09:25:48,432.45,428,80,429.8,40,0,2880
FINNIFTY02JAN2421850PE.NFO,02/01/2024,09:25:49,432.45,428.75,40,430.35,80,0,2880
FINNIFTY02JAN2421850PE.NFO,02/01/2024,09:25:50,432.45,428.55,40,430.25,40,0,2880
FINNIFTY02JAN2421850PE.NFO,02/01/2024,09:25:51,432.45,428.6,80,430.15,120,0,2880
FINNIFTY02JAN2421850PE.NFO,02/01/2024,09:25:52,432.45,428.3,40,429.9,40,0,2880
FINNIFTY02JAN2421850PE.NFO,02/01/2024,09:25:53,432.45,427.85,40,429.45,120,0,2880
FINNIFTY02JAN2421850PE.NFO,02/01/2024,09:25:54,432.45,425.85,80,428,160,0,2880
FINNIFTY02JAN2421850PE.NFO,02/01/2024,09:25:55,432.45,425.55,80,427.5,40,0,2880
FINNIFTY02JAN2421850PE.NFO,02/01/2024,09:25:56,432.45,425.6,40,427.3,240,0,2880
FINNIFTY02JAN2421850PE.NFO,02/01/2024,09:25:57,432.45,424.55,200,426.4,80,0,2880
FINNIFTY02JAN2421850PE.NFO,02/01/2024,09:25:58,432.45,425.1,80,427.1,40,0,2880
FINNIFTY02JAN2421850PE.NFO,02/01/2024,09:25:59,432.45,424.85,40,426.3,40,0,2880
FINNIFTY02JAN2421850PE.NFO,02/01/2024,09:26:00,432.45,423.95,200,425.9,80,0,2880
FINNIFTY02JAN2421850PE.NFO,02/01/2024,09:26:01,432.45,423.7,240,425.4,40,0,2880
FINNIFTY02JAN2421850PE.NFO,02/01/2024,09:26:02,432.45,424.1,40,426,240,0,2880
FINNIFTY02JAN2421850PE.NFO,02/01/2024,09:26:03,432.45,424.25,120,426,120,0,2880
FINNIFTY02JAN2421850PE.NFO,02/01/2024,09:26:04,432.45,424.45,40,426,80,0,2880
FINNIFTY02JAN2421850PE.NFO,02/01/2024,09:26:05,432.45,424,80,426,120,0,2880
FINNIFTY02JAN2421850PE.NFO,02/01/2024,09:26:06,432.45,423.75,80,425.5,40,0,2880
FINNIFTY02JAN2421850PE.NFO,02/01/2024,09:26:07,432.45,424.2,40,425.85,40,0,2880
FINNIFTY02JAN2421850PE.NFO,02/01/2024,09:26:08,432.45,424.05,40,425.75,240,0,2880
FINNIFTY02JAN2421850PE.NFO,02/01/2024,09:26:09,432.45,424.25,200,426.05,160,0,2880
FINNIFTY02JAN2421850PE.NFO,02/01/2024,09:26:10,432.45,424.3,80,425.95,40,0,2880
FINNIFTY02JAN2421850PE.NFO,02/01/2024,09:26:11,432.45,424.45,40,426.15,200,0,2880
FINNIFTY02JAN2421850PE.NFO,02/01/2024,09:26:12,432.45,424.15,40,425.85,80,0,2880
FINNIFTY02JAN2421850PE.NFO,02/01/2024,09:26:13,432.45,423.2,40,424.6,120,0,2880
FINNIFTY02JAN2421850PE.NFO,02/01/2024,09:26:14,423.2,420.6,240,422.4,240,40,2880
FINNIFTY02JAN2421850PE.NFO,02/01/2024,09:26:14,423.2,420.6,240,422.4,240,0,2880
FINNIFTY02JAN2421850PE.NFO,02/01/2024,09:26:15,410.25,408.75,840,410.15,80,280,2880
FINNIFTY02JAN2421850PE.NFO,02/01/2024,09:26:15,410.25,408.75,840,410.15,80,0,2880
FINNIFTY02JAN2421850PE.NFO,02/01/2024,09:26:16,406.85,394.9,600,418.4,1960,400,2880
FINNIFTY02JAN2421850PE.NFO,02/01/2024,09:26:16,406.85,394.9,600,418.4,1960,0,2880
FINNIFTY02JAN2421850PE.NFO,02/01/2024,09:26:17,406.85,396.2,360,417.65,320,0,2880
FINNIFTY02JAN2421850PE.NFO,02/01/2024,09:26:19,406.85,397.6,1560,414.65,1440,0,2880
FINNIFTY02JAN2421850PE.NFO,02/01/2024,09:26:20,406.85,403.7,600,408.95,960,0,2880
FINNIFTY02JAN2421850PE.NFO,02/01/2024,09:26:21,406.85,404.55,360,408.45,40,0,2880
FINNIFTY02JAN2421850PE.NFO,02/01/2024,09:26:22,406.85,406.1,80,408.45,40,0,2880
FINNIFTY02JAN2421850PE.NFO,02/01/2024,09:26:23,406.85,406.1,40,408.45,40,0,2880
FINNIFTY02JAN2421850PE.NFO,02/01/2024,09:26:24,406.85,407,280,410.25,40,0,2880
FINNIFTY02JAN2421850PE.NFO,02/01/2024,09:26:25,406.85,407.6,120,409.85,360,0,2880
FINNIFTY02JAN2421850PE.NFO,02/01/2024,09:26:26,406.85,409.2,40,411,160,0,2880
FINNIFTY02JAN2421850PE.NFO,02/01/2024,09:26:27,411.2,408.75,40,410.85,40,40,2880
FINNIFTY02JAN2421850PE.NFO,02/01/2024,09:26:28,411.2,408.35,840,410.9,80,0,2880
FINNIFTY02JAN2421850PE.NFO,02/01/2024,09:26:29,411.2,404.2,40,407.9,1040,0,2880
FINNIFTY02JAN2421850PE.NFO,02/01/2024,09:26:30,411.2,401.7,40,403.75,160,0,2880
FINNIFTY02JAN2421850PE.NFO,02/01/2024,09:26:31,411.2,400.6,40,402.85,440,0,2880
FINNIFTY02JAN2421850PE.NFO,02/01/2024,09:26:32,411.2,400.3,40,402.85,320,0,2880
FINNIFTY02JAN2421850PE.NFO,02/01/2024,09:26:33,411.2,401.7,80,404.2,200,0,2880
FINNIFTY02JAN2421850PE.NFO,02/01/2024,09:26:34,411.2,401.25,40,403,400,0,2880
FINNIFTY02JAN2421850PE.NFO,02/01/2024,09:26:35,411.2,402.5,320,404.85,40,0,2880
FINNIFTY02JAN2421850PE.NFO,02/01/2024,09:26:36,411.2,402,80,403.75,40,0,2880
FINNIFTY02JAN2421850PE.NFO,02/01/2024,09:26:37,411.2,401.6,40,403.2,120,0,2880
FINNIFTY02JAN2421850PE.NFO,02/01/2024,09:26:38,400.35,395,200,399.4,160,400,3160
FINNIFTY02JAN2421850PE.NFO,02/01/2024,09:26:38,400.35,395,200,399.4,160,0,3160
FINNIFTY02JAN2421850PE.NFO,02/01/2024,09:26:39,400.35,389.9,360,396.5,400,0,3160
FINNIFTY02JAN2421850PE.NFO,02/01/2024,09:26:40,400.35,386.35,80,391.8,320,0,3160
FINNIFTY02JAN2421850PE.NFO,02/01/2024,09:26:41,400.35,390.95,320,393.9,320,0,3160
FINNIFTY02JAN2421850PE.NFO,02/01/2024,09:26:42,400.35,391,40,393.1,40,0,3160
FINNIFTY02JAN2421850PE.NFO,02/01/2024,09:26:43,400.35,390.6,40,392.65,40,0,3160
FINNIFTY02JAN2421850PE.NFO,02/01/2024,09:26:44,400.35,388.65,360,391.15,480,0,3160
FINNIFTY02JAN2421850PE.NFO,02/01/2024,09:26:45,400.35,384.6,200,387.4,200,0,3160
FINNIFTY02JAN2421850PE.NFO,02/01/2024,09:26:46,400.35,383.7,40,385.9,120,0,3160
FINNIFTY02JAN2421850PE.NFO,02/01/2024,09:26:47,400.35,380.55,240,383.4,120,0,3160
FINNIFTY02JAN2421850PE.NFO,02/01/2024,09:26:48,400.35,383.1,40,385.4,40,0,3160
FINNIFTY02JAN2421850PE.NFO,02/01/2024,09:26:49,400.35,384.75,120,386.4,320,0,3160
FINNIFTY02JAN2421850PE.NFO,02/01/2024,09:26:50,400.35,386.4,120,387.55,40,0,3160
FINNIFTY02JAN2421850PE.NFO,02/01/2024,09:26:51,400.35,384.3,440,386.45,240,0,3160
FINNIFTY02JAN2421850PE.NFO,02/01/2024,09:26:52,400.35,384.6,240,387.1,240,0,3160
FINNIFTY02JAN2421850PE.NFO,02/01/2024,09:26:53,400.35,385.9,200,388.5,40,0,3160
FINNIFTY02JAN2421850PE.NFO,02/01/2024,09:26:54,400.35,387.15,40,389.55,40,0,3160
FINNIFTY02JAN2421850PE.NFO,02/01/2024,09:26:55,400.35,389.6,120,397.45,120,0,3160
FINNIFTY02JAN2421850PE.NFO,02/01/2024,09:26:56,400.35,390.2,360,392.4,40,0,3160
FINNIFTY02JAN2421850PE.NFO,02/01/2024,09:26:57,400.35,390.65,80,393.15,40,0,3160
FINNIFTY02JAN2421850PE.NFO,02/01/2024,09:26:58,400.35,392.2,240,394.2,40,0,3160
FINNIFTY02JAN2421850PE.NFO,02/01/2024,09:26:59,400.35,392.95,240,395.55,680,0,3160
FINNIFTY02JAN2421850PE.NFO,02/01/2024,09:27:00,400.35,392.15,40,394.3,40,0,3160
FINNIFTY02JAN2421850PE.NFO,02/01/2024,09:27:01,400.35,389.9,280,391.75,320,0,3160
FINNIFTY02JAN2421850PE.NFO,02/01/2024,09:27:02,400.35,388.15,40,390.1,160,0,3160
FINNIFTY02JAN2421850PE.NFO,02/01/2024,09:27:03,400.35,388.25,560,390.1,160,0,3160
FINNIFTY02JAN2421850PE.NFO,02/01/2024,09:27:04,400.35,387.3,240,389.55,120,0,3160
FINNIFTY02JAN2421850PE.NFO,02/01/2024,09:27:05,400.35,388.6,40,390.6,40,0,3160
FINNIFTY02JAN2421850PE.NFO,02/01/2024,09:27:06,400.35,389.7,240,391.6,120,0,3160
FINNIFTY02JAN2421850PE.NFO,02/01/2024,09:27:07,400.35,389.8,40,391.3,160,0,3160
FINNIFTY02JAN2421850PE.NFO,02/01/2024,09:27:08,400.35,387.5,200,389.55,360,0,3160
FINNIFTY02JAN2421850PE.NFO,02/01/2024,09:27:09,387.45,387.1,40,388.6,40,400,3160
FINNIFTY02JAN2421850PE.NFO,02/01/2024,09:27:09,387.45,387.1,40,388.6,40,0,3160
FINNIFTY02JAN2421850PE.NFO,02/01/2024,09:27:10,387.45,388.3,40,390.3,40,0,3160
FINNIFTY02JAN2421850PE.NFO,02/01/2024,09:27:11,387.45,389.75,40,391.6,80,0,3160
FINNIFTY02JAN2421850PE.NFO,02/01/2024,09:27:12,387.45,390.6,40,392.55,80,0,3160
FINNIFTY02JAN2421850PE.NFO,02/01/2024,09:27:13,387.45,388.45,600,390.25,200,0,3160
FINNIFTY02JAN2421850PE.NFO,02/01/2024,09:27:14,387.45,388.6,360,390.25,320,0,3160
FINNIFTY02JAN2421850PE.NFO,02/01/2024,09:27:15,387.45,390.75,40,392.4,80,0,3160
FINNIFTY02JAN2421850PE.NFO,02/01/2024,09:27:16,387.45,391.3,240,393.2,120,0,3160
FINNIFTY02JAN2421850PE.NFO,02/01/2024,09:27:17,387.45,390.1,160,392.65,200,0,3160
FINNIFTY02JAN2421850PE.NFO,02/01/2024,09:27:18,387.45,390.9,80,392.45,40,0,3160
FINNIFTY02JAN2421850PE.NFO,02/01/2024,09:27:19,387.45,390.95,40,392.45,120,0,3160
FINNIFTY02JAN2421850PE.NFO,02/01/2024,09:27:20,387.45,391.3,40,392.9,120,0,3160
FINNIFTY02JAN2421850PE.NFO,02/01/2024,09:27:21,387.45,390.75,480,392.5,120,0,3160
FINNIFTY02JAN2421850PE.NFO,02/01/2024,09:27:22,387.45,390.4,40,391.95,120,0,3160
FINNIFTY02JAN2421850PE.NFO,02/01/2024,09:27:23,387.45,389.95,40,391.55,200,0,3160
FINNIFTY02JAN2421850PE.NFO,02/01/2024,09:27:24,387.45,389.8,80,391.35,40,0,3160
FINNIFTY02JAN2421850PE.NFO,02/01/2024,09:27:25,387.45,391.1,40,392.85,40,0,3160
FINNIFTY02JAN2421850PE.NFO,02/01/2024,09:27:26,387.45,392.75,240,394.7,160,0,3160
FINNIFTY02JAN2421850PE.NFO,02/01/2024,09:27:27,387.45,394.45,440,396.15,40,0,3160
FINNIFTY02JAN2421850PE.NFO,02/01/2024,09:27:28,387.45,394.35,40,396.25,40,0,3160
FINNIFTY02JAN2421850PE.NFO,02/01/2024,09:27:29,387.45,394.8,40,396.2,40,0,3160
FINNIFTY02JAN2421850PE.NFO,02/01/2024,09:27:30,387.45,394.7,120,396.15,40,0,3160
FINNIFTY02JAN2421850PE.NFO,02/01/2024,09:27:31,387.45,394.75,80,396.25,200,0,3160
FINNIFTY02JAN2421850PE.NFO,02/01/2024,09:27:32,387.45,396.8,240,399.3,240,0,3160
FINNIFTY02JAN2421850PE.NFO,02/01/2024,09:27:33,387.45,396.1,80,397.6,40,0,3160
FINNIFTY02JAN2421850PE.NFO,02/01/2024,09:27:34,387.45,396.35,80,398,80,0,3160
FINNIFTY02JAN2421850PE.NFO,02/01/2024,09:27:35,387.45,394.85,360,396.5,80,0,3160
FINNIFTY02JAN2421850PE.NFO,02/01/2024,09:27:36,387.45,393.45,120,395,200,0,3160
FINNIFTY02JAN2421850PE.NFO,02/01/2024,09:27:37,387.45,392.6,160,394.05,120,0,3160
FINNIFTY02JAN2421850PE.NFO,02/01/2024,09:27:38,387.45,392.8,80,394.25,200,0,3160
FINNIFTY02JAN2421850PE.NFO,02/01/2024,09:27:39,387.45,392.95,320,394.35,40,0,3160
FINNIFTY02JAN2421850PE.NFO,02/01/2024,09:27:40,387.45,393.7,120,395.15,80,0,3160
FINNIFTY02JAN2421850PE.NFO,02/01/2024,09:27:41,387.45,393.15,80,395.1,40,0,3160
FINNIFTY02JAN2421850PE.NFO,02/01/2024,09:27:42,387.45,393.15,120,394.8,80,0,3160
FINNIFTY02JAN2421850PE.NFO,02/01/2024,09:27:43,387.45,392,360,393.6,200,0,3160
FINNIFTY02JAN2421850PE.NFO,02/01/2024,09:27:44,387.45,391.8,240,393.55,40,0,3160
FINNIFTY02JAN2421850PE.NFO,02/01/2024,09:27:45,387.45,393.35,160,395.1,40,0,3160
FINNIFTY02JAN2421850PE.NFO,02/01/2024,09:27:46,387.45,393.8,40,394.95,40,0,3160
FINNIFTY02JAN2421850PE.NFO,02/01/2024,09:27:47,387.45,393.8,200,395.15,200,0,3160
FINNIFTY02JAN2421850PE.NFO,02/01/2024,09:27:48,387.45,393.95,360,395.55,40,0,3160
FINNIFTY02JAN2421850PE.NFO,02/01/2024,09:27:49,387.45,391.95,80,393.55,120,0,3160
FINNIFTY02JAN2421850PE.NFO,02/01/2024,09:27:50,387.45,391.9,80,393.05,200,0,3160
FINNIFTY02JAN2421850PE.NFO,02/01/2024,09:27:51,387.45,391.45,40,392.6,40,0,3160
FINNIFTY02JAN2421850PE.NFO,02/01/2024,09:27:52,387.45,387.4,80,390.05,120,0,3160
FINNIFTY02JAN2421850PE.NFO,02/01/2024,09:27:53,387.4,384.65,80,386.7,200,80,3160
FINNIFTY02JAN2421850PE.NFO,02/01/2024,09:27:53,387.4,384.65,80,386.7,200,0,3160
FINNIFTY02JAN2421850PE.NFO,02/01/2024,09:27:54,387.4,386,40,387.9,240,0,3160
FINNIFTY02JAN2421850PE.NFO,02/01/2024,09:27:55,387.4,385.5,240,387.6,40,0,3160
FINNIFTY02JAN2421850PE.NFO,02/01/2024,09:27:56,387.4,385.15,40,386.95,80,0,3160
FINNIFTY02JAN2421850PE.NFO,02/01/2024,09:27:57,387.4,382.45,40,384.2,80,0,3160
FINNIFTY02JAN2421850PE.NFO,02/01/2024,09:27:58,380.35,372.85,480,384.15,40,240,3160
FINNIFTY02JAN2421850PE.NFO,02/01/2024,09:27:58,380.35,372.85,480,384.15,40,0,3160
FINNIFTY02JAN2421850PE.NFO,02/01/2024,09:27:59,378.65,376.2,200,379.65,160,40,3160
FINNIFTY02JAN2421850PE.NFO,02/01/2024,09:27:59,378.65,376.2,200,379.65,160,0,3160
FINNIFTY02JAN2421850PE.NFO,02/01/2024,09:28:00,378.65,378.3,240,380.4,240,0,3160
FINNIFTY02JAN2421850PE.NFO,02/01/2024,09:28:01,378.65,378.75,120,381.55,40,0,3160
FINNIFTY02JAN2421850PE.NFO,02/01/2024,09:28:02,378.65,379.7,240,382.95,560,0,3160
FINNIFTY02JAN2421850PE.NFO,02/01/2024,09:28:03,378.65,375.9,240,379.7,360,0,3160
FINNIFTY02JAN2421850PE.NFO,02/01/2024,09:28:04,378.65,375.95,240,378.2,360,0,3160
FINNIFTY02JAN2421850PE.NFO,02/01/2024,09:28:05,378.65,376.4,80,378.5,40,0,3160
FINNIFTY02JAN2421850PE.NFO,02/01/2024,09:28:06,378.65,378.1,80,380.1,40,0,3160
FINNIFTY02JAN2421850PE.NFO,02/01/2024,09:28:07,378.65,379.8,240,381.5,120,0,3160
FINNIFTY02JAN2421850PE.NFO,02/01/2024,09:28:08,378.65,379.85,80,381.5,40,0,3160
FINNIFTY02JAN2421850PE.NFO,02/01/2024,09:28:09,378.65,379.15,120,381.15,120,0,3160
FINNIFTY02JAN2421850PE.NFO,02/01/2024,09:28:10,378.65,380.85,240,382.45,120,0,3160
FINNIFTY02JAN2421850PE.NFO,02/01/2024,09:28:11,378.65,380.35,320,382.5,120,0,3160
FINNIFTY02JAN2421850PE.NFO,02/01/2024,09:28:12,378.65,380.85,40,382.6,40,0,3160
FINNIFTY02JAN2421850PE.NFO,02/01/2024,09:28:13,378.65,381.15,560,382.75,40,0,3160
FINNIFTY02JAN2421850PE.NFO,02/01/2024,09:28:14,378.65,381.45,120,384.05,40,0,3160
FINNIFTY02JAN2421850PE.NFO,02/01/2024,09:28:15,378.65,382.25,80,383.9,160,0,3160
FINNIFTY02JAN2421850PE.NFO,02/01/2024,09:28:16,378.65,381.95,240,384,40,0,3160
FINNIFTY02JAN2421850PE.NFO,02/01/2024,09:28:17,378.65,381.9,40,384.35,120,0,3160
FINNIFTY02JAN2421850PE.NFO,02/01/2024,09:28:18,378.65,382.6,160,384.1,40,0,3160
FINNIFTY02JAN2421850PE.NFO,02/01/2024,09:28:19,378.65,382.3,120,383.85,40,0,3160
FINNIFTY02JAN2421850PE.NFO,02/01/2024,09:28:20,378.65,383.3,120,385.3,200,0,3160
FINNIFTY02JAN2421850PE.NFO,02/01/2024,09:28:21,378.65,381.55,40,383.25,200,0,3160
FINNIFTY02JAN2421850PE.NFO,02/01/2024,09:28:22,378.65,382,40,383.55,240,0,3160
FINNIFTY02JAN2421850PE.NFO,02/01/2024,09:28:23,378.65,381.1,200,382.65,40,0,3160
FINNIFTY02JAN2421850PE.NFO,02/01/2024,09:28:24,378.65,380.05,40,381.95,200,0,3160
FINNIFTY02JAN2421850PE.NFO,02/01/2024,09:28:25,378.65,378.2,40,379.75,40,0,3160
FINNIFTY02JAN2421850PE.NFO,02/01/2024,09:28:26,378.65,379.15,40,380.9,40,0,3160
FINNIFTY02JAN2421850PE.NFO,02/01/2024,09:28:27,378.65,380.05,200,381.8,40,0,3160
FINNIFTY02JAN2421850PE.NFO,02/01/2024,09:28:28,378.65,380.75,40,382.15,40,0,3160
FINNIFTY02JAN2421850PE.NFO,02/01/2024,09:28:29,378.65,380.2,40,381.75,40,0,3160
FINNIFTY02JAN2421850PE.NFO,02/01/2024,09:28:30,378.65,379.6,40,381.2,40,0,3160
FINNIFTY02JAN2421850PE.NFO,02/01/2024,09:28:31,378.65,380.8,40,382.6,40,0,3160
FINNIFTY02JAN2421850PE.NFO,02/01/2024,09:28:32,378.65,381.35,160,382.9,160,0,3160
FINNIFTY02JAN2421850PE.NFO,02/01/2024,09:28:33,378.65,382.95,80,384.85,200,0,3160
FINNIFTY02JAN2421850PE.NFO,02/01/2024,09:28:34,378.65,383.8,240,385.35,40,0,3160
FINNIFTY02JAN2421850PE.NFO,02/01/2024,09:28:35,378.65,384.2,160,385.8,40,0,3160
FINNIFTY02JAN2421850PE.NFO,02/01/2024,09:28:36,378.65,383.95,320,385.25,120,0,3160
FINNIFTY02JAN2421850PE.NFO,02/01/2024,09:28:37,378.65,384.1,200,386.1,80,0,3160
FINNIFTY02JAN2421850PE.NFO,02/01/2024,09:28:38,378.65,385.65,40,387.2,40,0,3160
FINNIFTY02JAN2421850PE.NFO,02/01/2024,09:28:39,378.65,385.95,80,387.5,240,0,3160
FINNIFTY02JAN2421850PE.NFO,02/01/2024,09:28:40,378.65,384.9,40,386.45,80,0,3160
FINNIFTY02JAN2421850PE.NFO,02/01/2024,09:28:41,378.65,384.65,40,386.2,240,0,3160
FINNIFTY02JAN2421850PE.NFO,02/01/2024,09:28:42,378.65,385.15,120,386.8,40,0,3160
FINNIFTY02JAN2421850PE.NFO,02/01/2024,09:28:43,378.65,385.4,40,387,40,0,3160
FINNIFTY02JAN2421850PE.NFO,02/01/2024,09:28:44,378.65,385.05,80,386.7,440,0,3160
FINNIFTY02JAN2421850PE.NFO,02/01/2024,09:28:45,378.65,384.4,400,386,80,0,3160
FINNIFTY02JAN2421850PE.NFO,02/01/2024,09:28:46,378.65,382.7,40,384.6,200,0,3160
FINNIFTY02JAN2421850PE.NFO,02/01/2024,09:28:47,378.65,383.2,40,384.7,200,0,3160
FINNIFTY02JAN2421850PE.NFO,02/01/2024,09:28:48,378.65,383.6,160,385.3,200,0,3160
FINNIFTY02JAN2421850PE.NFO,02/01/2024,09:28:49,378.65,384.45,40,386.3,240,0,3160
FINNIFTY02JAN2421850PE.NFO,02/01/2024,09:28:50,378.65,383.85,40,385.15,40,0,3160
FINNIFTY02JAN2421850PE.NFO,02/01/2024,09:28:51,378.65,384,80,385.3,120,0,3160
FINNIFTY02JAN2421850PE.NFO,02/01/2024,09:28:52,378.65,384.3,80,385.65,80,0,3160
FINNIFTY02JAN2421850PE.NFO,02/01/2024,09:28:53,378.65,384.65,40,385.85,40,0,3160
FINNIFTY02JAN2421850PE.NFO,02/01/2024,09:28:54,378.65,384.3,80,385.8,120,0,3160
FINNIFTY02JAN2421850PE.NFO,02/01/2024,09:28:55,378.65,385.75,200,387.1,40,0,3160
FINNIFTY02JAN2421850PE.NFO,02/01/2024,09:28:56,378.65,386.45,120,387.75,40,0,3160
FINNIFTY02JAN2421850PE.NFO,02/01/2024,09:28:57,378.65,386.15,160,387.7,440,0,3160
FINNIFTY02JAN2421850PE.NFO,02/01/2024,09:28:58,378.65,386.8,40,388.3,40,0,3160
FINNIFTY02JAN2421850PE.NFO,02/01/2024,09:28:59,378.65,386.9,280,388.35,40,0,3160
FINNIFTY02JAN2421850PE.NFO,02/01/2024,09:29:00,378.65,387.7,160,389.7,320,0,3160
FINNIFTY02JAN2421850PE.NFO,02/01/2024,09:29:01,378.65,386.75,80,388.3,120,0,3160
FINNIFTY02JAN2421850PE.NFO,02/01/2024,09:29:02,378.65,388,160,389.45,80,0,3160
FINNIFTY02JAN2421850PE.NFO,02/01/2024,09:29:03,378.65,389.4,200,391.45,200,0,3160
FINNIFTY02JAN2421850PE.NFO,02/01/2024,09:29:04,378.65,387.85,120,389.7,40,0,3160
FINNIFTY02JAN2421850PE.NFO,02/01/2024,09:29:05,378.65,388.85,120,390.55,40,0,3160
FINNIFTY02JAN2421850PE.NFO,02/01/2024,09:29:06,378.65,388.55,120,390.5,240,0,3160
FINNIFTY02JAN2421850PE.NFO,02/01/2024,09:29:07,378.65,388.8,200,390.6,440,0,3160
FINNIFTY02JAN2421850PE.NFO,02/01/2024,09:29:08,378.65,389.75,40,391.35,40,0,3160
FINNIFTY02JAN2421850PE.NFO,02/01/2024,09:29:09,378.65,390.1,40,391.6,80,0,3160
FINNIFTY02JAN2421850PE.NFO,02/01/2024,09:29:10,378.65,388.7,40,390.3,40,0,3160
FINNIFTY02JAN2421850PE.NFO,02/01/2024,09:29:11,378.65,388.3,40,389.85,40,0,3160
FINNIFTY02JAN2421850PE.NFO,02/01/2024,09:29:12,378.65,386.75,40,388.3,40,0,3160
FINNIFTY02JAN2421850PE.NFO,02/01/2024,09:29:13,378.65,386.65,160,388.15,40,0,3160
FINNIFTY02JAN2421850PE.NFO,02/01/2024,09:29:14,378.65,387.25,80,388.85,40,0,3160
FINNIFTY02JAN2421850PE.NFO,02/01/2024,09:29:15,378.65,388.05,40,389.55,120,0,3160
FINNIFTY02JAN2421850PE.NFO,02/01/2024,09:29:16,378.65,388.7,200,390.3,80,0,3160
FINNIFTY02JAN2421850PE.NFO,02/01/2024,09:29:17,378.65,388.2,40,389.8,40,0,3160
FINNIFTY02JAN2421850PE.NFO,02/01/2024,09:29:18,378.65,389.2,40,390.6,560,0,3160
FINNIFTY02JAN2421850PE.NFO,02/01/2024,09:29:19,378.65,389.45,40,390.7,40,0,3160
FINNIFTY02JAN2421850PE.NFO,02/01/2024,09:29:20,378.65,390.05,200,392.2,120,0,3160
FINNIFTY02JAN2421850PE.NFO,02/01/2024,09:29:21,378.65,390.15,120,391.55,40,0,3160
FINNIFTY02JAN2421850PE.NFO,02/01/2024,09:29:22,378.65,389.75,40,391.25,120,0,3160
FINNIFTY02JAN2421850PE.NFO,02/01/2024,09:29:23,378.65,390.25,280,391.9,40,0,3160
FINNIFTY02JAN2421850PE.NFO,02/01/2024,09:29:24,378.65,389.85,240,391.35,40,0,3160
FINNIFTY02JAN2421850PE.NFO,02/01/2024,09:29:25,378.65,389.15,120,390.65,40,0,3160
FINNIFTY02JAN2421850PE.NFO,02/01/2024,09:29:26,378.65,390.8,120,392.35,40,0,3160
FINNIFTY02JAN2421850PE.NFO,02/01/2024,09:29:27,378.65,391.5,160,392.9,40,0,3160
FINNIFTY02JAN2421850PE.NFO,02/01/2024,09:29:28,378.65,391.75,80,393,40,0,3160
FINNIFTY02JAN2421850PE.NFO,02/01/2024,09:29:29,378.65,391.2,40,392.7,240,0,3160
FINNIFTY02JAN2421850PE.NFO,02/01/2024,09:29:30,378.65,390.35,120,391.6,80,0,3160
FINNIFTY02JAN2421850PE.NFO,02/01/2024,09:29:31,378.65,390.25,280,391.55,200,0,3160
FINNIFTY02JAN2421850PE.NFO,02/01/2024,09:29:32,378.65,390.1,120,391.5,80,0,3160
FINNIFTY02JAN2421850PE.NFO,02/01/2024,09:29:33,378.65,390.7,40,392,40,0,3160
FINNIFTY02JAN2421850PE.NFO,02/01/2024,09:29:34,378.65,390.45,120,391.95,40,0,3160
FINNIFTY02JAN2421850PE.NFO,02/01/2024,09:29:35,378.65,389.15,120,390.55,160,0,3160
FINNIFTY02JAN2421850PE.NFO,02/01/2024,09:29:36,378.65,388.2,120,389.55,40,0,3160
FINNIFTY02JAN2421850PE.NFO,02/01/2024,09:29:37,378.65,388.45,120,389.9,40,0,3160
FINNIFTY02JAN2421850PE.NFO,02/01/2024,09:29:38,378.65,388.55,120,390.1,240,0,3160
FINNIFTY02JAN2421850PE.NFO,02/01/2024,09:29:39,378.65,387.1,440,388.85,40,0,3160
FINNIFTY02JAN2421850PE.NFO,02/01/2024,09:29:40,378.65,387.3,40,388.75,120,0,3160
FINNIFTY02JAN2421850PE.NFO,02/01/2024,09:29:41,378.65,387.45,160,388.85,160,0,3160
FINNIFTY02JAN2421850PE.NFO,02/01/2024,09:29:42,378.65,387.75,120,389.15,40,0,3160
FINNIFTY02JAN2421850PE.NFO,02/01/2024,09:29:43,378.65,388.7,80,390.05,120,0,3160
FINNIFTY02JAN2421850PE.NFO,02/01/2024,09:29:44,378.65,388.55,240,390.3,40,0,3160
FINNIFTY02JAN2421850PE.NFO,02/01/2024,09:29:45,378.65,388.95,120,390.45,40,0,3160
FINNIFTY02JAN2421850PE.NFO,02/01/2024,09:29:46,378.65,389.5,120,390.9,80,0,3160
FINNIFTY02JAN2421850PE.NFO,02/01/2024,09:29:47,378.65,389.7,40,391.35,80,0,3160
FINNIFTY02JAN2421850PE.NFO,02/01/2024,09:29:48,378.65,389.4,40,391.1,40,0,3160
FINNIFTY02JAN2421850PE.NFO,02/01/2024,09:29:49,378.65,388.35,160,390,40,0,3160
FINNIFTY02JAN2421850PE.NFO,02/01/2024,09:29:50,378.65,388.8,40,390.3,40,0,3160
FINNIFTY02JAN2421850PE.NFO,02/01/2024,09:29:51,378.65,388.95,160,390.5,40,0,3160
FINNIFTY02JAN2421850PE.NFO,02/01/2024,09:29:52,378.65,388.4,160,389.7,40,0,3160
FINNIFTY02JAN2421850PE.NFO,02/01/2024,09:29:53,378.65,388.05,40,389.25,40,0,3160
FINNIFTY02JAN2421850PE.NFO,02/01/2024,09:29:54,378.65,388.15,120,389.8,120,0,3160
FINNIFTY02JAN2421850PE.NFO,02/01/2024,09:29:55,378.65,388.25,80,389.85,280,0,3160
FINNIFTY02JAN2421850PE.NFO,02/01/2024,09:29:56,378.65,389,160,390.5,240,0,3160
FINNIFTY02JAN2421850PE.NFO,02/01/2024,09:29:57,378.65,389.1,40,390.7,120,0,3160
FINNIFTY02JAN2421850PE.NFO,02/01/2024,09:29:58,378.65,389.4,200,391,40,0,3160
FINNIFTY02JAN2421850PE.NFO,02/01/2024,09:29:59,378.65,388.3,240,389.75,120,0,3160
FINNIFTY02JAN2421850PE.NFO,02/01/2024,09:30:00,378.65,388.3,80,390.2,80,0,3160
FINNIFTY02JAN2421850PE.NFO,02/01/2024,09:30:01,378.65,386.1,160,388.4,120,0,3160
FINNIFTY02JAN2421850PE.NFO,02/01/2024,09:30:02,378.65,387.85,40,389.7,40,0,3160
FINNIFTY02JAN2421850PE.NFO,02/01/2024,09:30:03,378.65,390,40,391.6,40,0,3160
FINNIFTY02JAN2421850PE.NFO,02/01/2024,09:30:04,378.65,390.85,40,392.35,40,0,3160
FINNIFTY02JAN2421850PE.NFO,02/01/2024,09:30:05,378.65,391.4,40,392.85,40,0,3160
FINNIFTY02JAN2421850PE.NFO,02/01/2024,09:30:06,378.65,391.65,200,393.05,40,0,3160
FINNIFTY02JAN2421850PE.NFO,02/01/2024,09:30:07,378.65,392.45,40,393.7,40,0,3160
FINNIFTY02JAN2421850PE.NFO,02/01/2024,09:30:08,378.65,391.85,120,393.35,120,0,3160
FINNIFTY02JAN2421850PE.NFO,02/01/2024,09:30:09,378.65,391.15,160,392.55,40,0,3160
FINNIFTY02JAN2421850PE.NFO,02/01/2024,09:30:10,378.65,390.75,80,392.05,40,0,3160
FINNIFTY02JAN2421850PE.NFO,02/01/2024,09:30:11,378.65,390.8,360,392.35,320,0,3160
FINNIFTY02JAN2421850PE.NFO,02/01/2024,09:30:12,378.65,390.15,40,391.35,120,0,3160
FINNIFTY02JAN2421850PE.NFO,02/01/2024,09:30:13,378.65,389.25,80,391.15,40,0,3160
FINNIFTY02JAN2421850PE.NFO,02/01/2024,09:30:14,378.65,386.6,40,388.4,80,0,3160
FINNIFTY02JAN2421850PE.NFO,02/01/2024,09:30:15,378.65,386.9,40,388.3,40,0,3160
FINNIFTY02JAN2421850PE.NFO,02/01/2024,09:30:16,378.65,387.4,40,388.9,120,0,3160
FINNIFTY02JAN2421850PE.NFO,02/01/2024,09:30:17,378.65,387.2,120,388.7,40,0,3160
FINNIFTY02JAN2421850PE.NFO,02/01/2024,09:30:18,378.65,385.4,160,387.2,200,0,3160
FINNIFTY02JAN2421850PE.NFO,02/01/2024,09:30:19,378.65,383.1,40,385.1,120,0,3160
FINNIFTY02JAN2421850PE.NFO,02/01/2024,09:30:20,378.65,384.3,120,386.4,40,0,3160
FINNIFTY02JAN2421850PE.NFO,02/01/2024,09:30:21,378.65,385.3,80,386.9,160,0,3160
FINNIFTY02JAN2421850PE.NFO,02/01/2024,09:30:22,378.65,385.5,40,387.3,120,0,3160
FINNIFTY02JAN2421850PE.NFO,02/01/2024,09:30:23,378.65,386.2,40,387.5,160,0,3160
FINNIFTY02JAN2421850PE.NFO,02/01/2024,09:30:24,378.65,386.4,240,387.9,40,0,3160
FINNIFTY02JAN2421850PE.NFO,02/01/2024,09:30:25,378.65,387.1,160,388.55,40,0,3160
FINNIFTY02JAN2421850PE.NFO,02/01/2024,09:30:26,378.65,387,40,388.5,40,0,3160
FINNIFTY02JAN2421850PE.NFO,02/01/2024,09:30:27,378.65,388.05,40,389.6,120,0,3160
FINNIFTY02JAN2421850PE.NFO,02/01/2024,09:30:28,378.65,388,120,389.7,40,0,3160
FINNIFTY02JAN2421850PE.NFO,02/01/2024,09:30:29,378.65,388.85,240,390.85,40,0,3160
FINNIFTY02JAN2421850PE.NFO,02/01/2024,09:30:30,378.65,389.05,40,392.3,200,0,3160
FINNIFTY02JAN2421850PE.NFO,02/01/2024,09:30:31,378.65,390,160,391.75,200,0,3160
FINNIFTY02JAN2421850PE.NFO,02/01/2024,09:30:32,378.65,390.3,120,391.6,120,0,3160
FINNIFTY02JAN2421850PE.NFO,02/01/2024,09:30:33,378.65,389.25,120,390.85,40,0,3160
FINNIFTY02JAN2421850PE.NFO,02/01/2024,09:30:34,378.65,389.05,80,390.3,240,0,3160
FINNIFTY02JAN2421850PE.NFO,02/01/2024,09:30:35,378.65,389.15,40,390.5,40,0,3160
FINNIFTY02JAN2421850PE.NFO,02/01/2024,09:30:36,378.65,389.2,40,390.4,40,0,3160
FINNIFTY02JAN2421850PE.NFO,02/01/2024,09:30:37,378.65,388.8,280,390.4,160,0,3160
FINNIFTY02JAN2421850PE.NFO,02/01/2024,09:30:38,378.65,389.65,200,391,240,0,3160
FINNIFTY02JAN2421850PE.NFO,02/01/2024,09:30:39,378.65,389.2,160,390.7,40,0,3160
FINNIFTY02JAN2421850PE.NFO,02/01/2024,09:30:40,378.65,386.85,560,388.45,120,0,3160
FINNIFTY02JAN2421850PE.NFO,02/01/2024,09:30:41,378.65,386.4,560,388.2,40,0,3160
FINNIFTY02JAN2421850PE.NFO,02/01/2024,09:30:42,378.65,387.25,40,389.05,80,0,3160
FINNIFTY02JAN2421850PE.NFO,02/01/2024,09:30:43,378.65,388.3,40,389.75,40,0,3160
FINNIFTY02JAN2421850PE.NFO,02/01/2024,09:30:44,378.65,388.3,40,389.55,120,0,3160
FINNIFTY02JAN2421850PE.NFO,02/01/2024,09:30:45,378.65,388,40,389.2,80,0,3160
FINNIFTY02JAN2421850PE.NFO,02/01/2024,09:30:46,378.65,388,40,389.45,40,0,3160
FINNIFTY02JAN2421850PE.NFO,02/01/2024,09:30:47,378.65,388.15,40,389.65,40,0,3160
FINNIFTY02JAN2421850PE.NFO,02/01/2024,09:30:48,378.65,387.95,160,389.25,40,0,3160
FINNIFTY02JAN2421850PE.NFO,02/01/2024,09:30:50,378.65,388.25,240,389.75,40,0,3160
FINNIFTY02JAN2421850PE.NFO,02/01/2024,09:30:51,378.65,388.3,80,389.5,280,0,3160
FINNIFTY02JAN2421850PE.NFO,02/01/2024,09:30:51,378.65,388.6,120,389.9,40,0,3160
FINNIFTY02JAN2421850PE.NFO,02/01/2024,09:30:52,378.65,388.7,40,389.75,40,0,3160
FINNIFTY02JAN2421850PE.NFO,02/01/2024,09:30:53,378.65,388.15,280,389.5,40,0,3160
FINNIFTY02JAN2421850PE.NFO,02/01/2024,09:30:54,378.65,388.75,80,390.2,40,0,3160
FINNIFTY02JAN2421850PE.NFO,02/01/2024,09:30:55,378.65,388.85,120,390.3,80,0,3160
FINNIFTY02JAN2421850PE.NFO,02/01/2024,09:30:57,378.65,389.45,80,390.8,40,0,3160
FINNIFTY02JAN2421850PE.NFO,02/01/2024,09:30:57,378.65,389.6,80,391.3,120,0,3160
FINNIFTY02JAN2421850PE.NFO,02/01/2024,09:30:58,378.65,389.8,40,390.95,40,0,3160
FINNIFTY02JAN2421850PE.NFO,02/01/2024,09:30:59,378.65,390,40,391.5,40,0,3160
FINNIFTY02JAN2421850PE.NFO,02/01/2024,09:31:00,378.65,390.9,80,392.25,40,0,3160
FINNIFTY02JAN2421850PE.NFO,02/01/2024,09:31:02,378.65,390.75,240,392.1,120,0,3160
FINNIFTY02JAN2421850PE.NFO,02/01/2024,09:31:02,378.65,391.1,40,392.55,40,0,3160
FINNIFTY02JAN2421850PE.NFO,02/01/2024,09:31:03,378.65,391.35,120,392.8,40,0,3160
FINNIFTY02JAN2421850PE.NFO,02/01/2024,09:31:04,378.65,392.2,200,393.4,40,0,3160
FINNIFTY02JAN2421850PE.NFO,02/01/2024,09:31:05,378.65,392.35,40,393.7,40,0,3160
FINNIFTY02JAN2421850PE.NFO,02/01/2024,09:31:06,378.65,392.4,240,393.75,40,0,3160
FINNIFTY02JAN2421850PE.NFO,02/01/2024,09:31:08,378.65,392.05,200,393.35,40,0,3160
FINNIFTY02JAN2421850PE.NFO,02/01/2024,09:31:09,378.65,391.6,600,393.15,40,0,3160
FINNIFTY02JAN2421850PE.NFO,02/01/2024,09:31:09,378.65,391.65,40,393.1,200,0,3160
FINNIFTY02JAN2421850PE.NFO,02/01/2024,09:31:10,378.65,391.6,120,393.05,80,0,3160
FINNIFTY02JAN2421850PE.NFO,02/01/2024,09:31:11,378.65,390.5,80,392.25,40,0,3160
FINNIFTY02JAN2421850PE.NFO,02/01/2024,09:31:12,378.65,392.5,40,394.05,40,0,3160
FINNIFTY02JAN2421850PE.NFO,02/01/2024,09:31:14,378.65,393.65,200,395.1,40,0,3160
FINNIFTY02JAN2421850PE.NFO,02/01/2024,09:31:14,378.65,394.3,40,396.4,40,0,3160
FINNIFTY02JAN2421850PE.NFO,02/01/2024,09:31:15,378.65,395.25,40,396.9,200,0,3160
FINNIFTY02JAN2421850PE.NFO,02/01/2024,09:31:16,378.65,395.7,120,397.2,40,0,3160
FINNIFTY02JAN2421850PE.NFO,02/01/2024,09:31:17,378.65,394.45,40,395.65,40,0,3160
FINNIFTY02JAN2421850PE.NFO,02/01/2024,09:31:18,378.65,393.9,200,395.75,40,0,3160
FINNIFTY02JAN2421850PE.NFO,02/01/2024,09:31:20,378.65,393.4,120,394.85,40,0,3160
FINNIFTY02JAN2421850PE.NFO,02/01/2024,09:31:20,378.65,393.6,200,395.3,80,0,3160
FINNIFTY02JAN2421850PE.NFO,02/01/2024,09:31:21,378.65,394.5,40,395.9,40,0,3160
FINNIFTY02JAN2421850PE.NFO,02/01/2024,09:31:22,378.65,393.55,40,395.25,240,0,3160
FINNIFTY02JAN2421850PE.NFO,02/01/2024,09:31:23,378.65,392.65,120,394.25,40,0,3160
FINNIFTY02JAN2421850PE.NFO,02/01/2024,09:31:25,378.65,393.4,240,394.8,40,0,3160
FINNIFTY02JAN2421850PE.NFO,02/01/2024,09:31:25,378.65,393.55,80,395,40,0,3160
FINNIFTY02JAN2421850PE.NFO,02/01/2024,09:31:26,378.65,390.55,120,392.1,40,0,3160
FINNIFTY02JAN2421850PE.NFO,02/01/2024,09:31:27,378.65,390.65,40,392,40,0,3160
FINNIFTY02JAN2421850PE.NFO,02/01/2024,09:31:28,378.65,390.9,240,392.55,40,0,3160
FINNIFTY02JAN2421850PE.NFO,02/01/2024,09:31:30,378.65,391.55,40,393.1,200,0,3160
FINNIFTY02JAN2421850PE.NFO,02/01/2024,09:31:30,378.65,391.75,40,393.05,120,0,3160
FINNIFTY02JAN2421850PE.NFO,02/01/2024,09:31:31,378.65,391.75,40,393,120,0,3160
FINNIFTY02JAN2421850PE.NFO,02/01/2024,09:31:32,378.65,392.65,240,394.35,400,0,3160
FINNIFTY02JAN2421850PE.NFO,02/01/2024,09:31:33,378.65,392.05,240,393.4,40,0,3160
FINNIFTY02JAN2421850PE.NFO,02/01/2024,09:31:34,378.65,393.5,200,395.15,40,0,3160
FINNIFTY02JAN2421850PE.NFO,02/01/2024,09:31:35,378.65,394.2,80,395.5,120,0,3160
FINNIFTY02JAN2421850PE.NFO,02/01/2024,09:31:36,378.65,393.9,240,395.3,40,0,3160
FINNIFTY02JAN2421850PE.NFO,02/01/2024,09:31:37,378.65,394.3,160,395.65,40,0,3160
FINNIFTY02JAN2421850PE.NFO,02/01/2024,09:31:38,378.65,394.45,80,395.55,40,0,3160
FINNIFTY02JAN2421850PE.NFO,02/01/2024,09:31:39,378.65,394.5,200,395.8,40,0,3160
FINNIFTY02JAN2421850PE.NFO,02/01/2024,09:31:41,378.65,394.95,240,396.1,120,0,3160
FINNIFTY02JAN2421850PE.NFO,02/01/2024,09:31:42,378.65,395.25,80,396.85,120,0,3160
FINNIFTY02JAN2421850PE.NFO,02/01/2024,09:31:42,378.65,395.5,400,396.95,40,0,3160
FINNIFTY02JAN2421850PE.NFO,02/01/2024,09:31:43,378.65,395.45,200,396.65,40,0,3160
FINNIFTY02JAN2421850PE.NFO,02/01/2024,09:31:44,378.65,394.85,80,396.15,120,0,3160
FINNIFTY02JAN2421850PE.NFO,02/01/2024,09:31:45,378.65,394.7,120,395.95,40,0,3160
FINNIFTY02JAN2421850PE.NFO,02/01/2024,09:31:46,378.65,393.75,80,395.45,40,0,3160
FINNIFTY02JAN2421850PE.NFO,02/01/2024,09:31:47,378.65,394.05,40,395.5,40,0,3160
FINNIFTY02JAN2421850PE.NFO,02/01/2024,09:31:48,378.65,393.7,40,395.1,40,0,3160
FINNIFTY02JAN2421850PE.NFO,02/01/2024,09:31:50,378.65,393.4,480,394.75,40,0,3160
FINNIFTY02JAN2421850PE.NFO,02/01/2024,09:31:50,378.65,393.45,40,394.75,40,0,3160
FINNIFTY02JAN2421850PE.NFO,02/01/2024,09:31:51,378.65,394,40,395.6,240,0,3160
FINNIFTY02JAN2421850PE.NFO,02/01/2024,09:31:52,378.65,394.8,160,396.05,120,0,3160
FINNIFTY02JAN2421850PE.NFO,02/01/2024,09:31:53,378.65,395.65,40,397,120,0,3160
FINNIFTY02JAN2421850PE.NFO,02/01/2024,09:31:55,378.65,396.4,120,398.05,120,0,3160
FINNIFTY02JAN2421850PE.NFO,02/01/2024,09:31:55,378.65,396.45,80,397.65,320,0,3160
FINNIFTY02JAN2421850PE.NFO,02/01/2024,09:31:56,378.65,396.65,40,398.3,40,0,3160
FINNIFTY02JAN2421850PE.NFO,02/01/2024,09:31:57,378.65,396.95,40,398.1,120,0,3160
FINNIFTY02JAN2421850PE.NFO,02/01/2024,09:31:58,378.65,395.55,160,396.95,40,0,3160
FINNIFTY02JAN2421850PE.NFO,02/01/2024,09:31:59,378.65,395.5,120,396.8,40,0,3160
FINNIFTY02JAN2421850PE.NFO,02/01/2024,09:32:01,378.65,395.95,120,397.35,40,0,3160
FINNIFTY02JAN2421850PE.NFO,02/01/2024,09:32:01,378.65,396.1,200,397.65,40,0,3160
FINNIFTY02JAN2421850PE.NFO,02/01/2024,09:32:02,378.65,396.25,240,397.55,40,0,3160
FINNIFTY02JAN2421850PE.NFO,02/01/2024,09:32:03,378.65,396.65,400,398.15,40,0,3160
FINNIFTY02JAN2421850PE.NFO,02/01/2024,09:32:04,378.65,398.2,40,399.8,40,0,3160
FINNIFTY02JAN2421850PE.NFO,02/01/2024,09:32:06,378.65,397.85,400,399.15,40,0,3160
FINNIFTY02JAN2421850PE.NFO,02/01/2024,09:32:06,378.65,398.15,120,399.6,160,0,3160
FINNIFTY02JAN2421850PE.NFO,02/01/2024,09:32:07,378.65,397.35,160,398.9,120,0,3160
FINNIFTY02JAN2421850PE.NFO,02/01/2024,09:32:08,378.65,398.35,240,399.75,40,0,3160
FINNIFTY02JAN2421850PE.NFO,02/01/2024,09:32:09,378.65,398.4,80,399.65,40,0,3160
FINNIFTY02JAN2421850PE.NFO,02/01/2024,09:32:10,378.65,397.75,40,399.3,80,0,3160
FINNIFTY02JAN2421850PE.NFO,02/01/2024,09:32:12,378.65,397.1,40,398.5,80,0,3160
FINNIFTY02JAN2421850PE.NFO,02/01/2024,09:32:12,378.65,396.7,280,398,120,0,3160
FINNIFTY02JAN2421850PE.NFO,02/01/2024,09:32:13,378.65,395.6,40,397.1,40,0,3160
FINNIFTY02JAN2421850PE.NFO,02/01/2024,09:32:14,378.65,396.7,200,398.1,40,0,3160
FINNIFTY02JAN2421850PE.NFO,02/01/2024,09:32:15,378.65,397.7,80,399.1,40,0,3160
FINNIFTY02JAN2421850PE.NFO,02/01/2024,09:32:17,378.65,397.95,360,399.35,40,0,3160
FINNIFTY02JAN2421850PE.NFO,02/01/2024,09:32:17,378.65,398.05,40,399.45,40,0,3160
FINNIFTY02JAN2421850PE.NFO,02/01/2024,09:32:18,378.65,399.15,40,401.1,40,0,3160
FINNIFTY02JAN2421850PE.NFO,02/01/2024,09:32:19,378.65,400.6,40,402.25,80,0,3160
FINNIFTY02JAN2421850PE.NFO,02/01/2024,09:32:20,378.65,400.5,40,402.15,280,0,3160
FINNIFTY02JAN2421850PE.NFO,02/01/2024,09:32:21,378.65,400.4,200,401.75,40,0,3160
FINNIFTY02JAN2421850PE.NFO,02/01/2024,09:32:22,378.65,399.9,480,401.6,80,0,3160
FINNIFTY02JAN2421850PE.NFO,02/01/2024,09:32:24,378.65,401,40,402.4,160,0,3160
FINNIFTY02JAN2421850PE.NFO,02/01/2024,09:32:25,378.65,401,40,402.5,40,0,3160
FINNIFTY02JAN2421850PE.NFO,02/01/2024,09:32:25,378.65,401.15,240,402.5,40,0,3160
FINNIFTY02JAN2421850PE.NFO,02/01/2024,09:32:26,378.65,400.2,240,401.75,120,0,3160
FINNIFTY02JAN2421850PE.NFO,02/01/2024,09:32:27,378.65,399.9,40,401.15,40,0,3160
FINNIFTY02JAN2421850PE.NFO,02/01/2024,09:32:28,378.65,399.3,40,400.7,40,0,3160
FINNIFTY02JAN2421850PE.NFO,02/01/2024,09:32:30,378.65,398.25,40,399.85,280,0,3160
FINNIFTY02JAN2421850PE.NFO,02/01/2024,09:32:30,378.65,398.25,200,399.75,120,0,3160
FINNIFTY02JAN2421850PE.NFO,02/01/2024,09:32:31,378.65,398.45,40,399.95,40,0,3160
FINNIFTY02JAN2421850PE.NFO,02/01/2024,09:32:33,378.65,399,160,400.35,80,0,3160
FINNIFTY02JAN2421850PE.NFO,02/01/2024,09:32:33,378.65,399.1,40,400.35,80,0,3160
FINNIFTY02JAN2421850PE.NFO,02/01/2024,09:32:34,378.65,398.8,280,400.2,40,0,3160
FINNIFTY02JAN2421850PE.NFO,02/01/2024,09:32:35,378.65,399.55,120,400.9,40,0,3160
FINNIFTY02JAN2421850PE.NFO,02/01/2024,09:32:36,378.65,399.75,40,401.3,40,0,3160
FINNIFTY02JAN2421850PE.NFO,02/01/2024,09:32:37,378.65,400.6,40,402.15,80,0,3160
FINNIFTY02JAN2421850PE.NFO,02/01/2024,09:32:38,378.65,400.9,40,402.4,120,0,3160
FINNIFTY02JAN2421850PE.NFO,02/01/2024,09:32:39,378.65,401.5,80,402.65,40,0,3160
FINNIFTY02JAN2421850PE.NFO,02/01/2024,09:32:40,378.65,401.55,40,403.25,600,0,3160
FINNIFTY02JAN2421850PE.NFO,02/01/2024,09:32:41,378.65,400.65,160,402.25,80,0,3160
FINNIFTY02JAN2421850PE.NFO,02/01/2024,09:32:42,378.65,400.85,40,402.5,80,0,3160
FINNIFTY02JAN2421850PE.NFO,02/01/2024,09:32:43,378.65,402,40,403.4,40,0,3160
FINNIFTY02JAN2421850PE.NFO,02/01/2024,09:32:44,378.65,400.95,120,402.35,40,0,3160
FINNIFTY02JAN2421850PE.NFO,02/01/2024,09:32:45,378.65,401.5,40,403.45,80,0,3160
FINNIFTY02JAN2421850PE.NFO,02/01/2024,09:32:46,378.65,401.55,80,402.7,40,0,3160
FINNIFTY02JAN2421850PE.NFO,02/01/2024,09:32:47,378.65,400.95,240,402.55,80,0,3160
FINNIFTY02JAN2421850PE.NFO,02/01/2024,09:32:48,378.65,399.55,40,401,80,0,3160
FINNIFTY02JAN2421850PE.NFO,02/01/2024,09:32:49,378.65,399.55,240,400.95,40,0,3160
FINNIFTY02JAN2421850PE.NFO,02/01/2024,09:32:50,378.65,398.7,240,400.35,120,0,3160
FINNIFTY02JAN2421850PE.NFO,02/01/2024,09:32:51,378.65,400,80,401.6,200,0,3160
FINNIFTY02JAN2421850PE.NFO,02/01/2024,09:32:52,378.65,400,120,401.35,200,0,3160
FINNIFTY02JAN2421850PE.NFO,02/01/2024,09:32:53,378.65,400.05,120,401.75,200,0,3160
FINNIFTY02JAN2421850PE.NFO,02/01/2024,09:32:54,378.65,399.6,40,401.2,40,0,3160
FINNIFTY02JAN2421850PE.NFO,02/01/2024,09:32:55,378.65,399.9,160,401.35,80,0,3160
FINNIFTY02JAN2421850PE.NFO,02/01/2024,09:32:56,378.65,400.1,40,401.4,40,0,3160
FINNIFTY02JAN2421850PE.NFO,02/01/2024,09:32:58,378.65,400.05,160,401.35,40,0,3160
FINNIFTY02JAN2421850PE.NFO,02/01/2024,09:32:59,378.65,399.75,240,401.2,40,0,3160
FINNIFTY02JAN2421850PE.NFO,02/01/2024,09:33:00,378.65,399.05,240,400.65,40,0,3160
FINNIFTY02JAN2421850PE.NFO,02/01/2024,09:33:01,378.65,398.4,80,400.3,40,0,3160
FINNIFTY02JAN2421850PE.NFO,02/01/2024,09:33:02,378.65,398.4,80,399.95,40,0,3160
FINNIFTY02JAN2421850PE.NFO,02/01/2024,09:33:03,378.65,398.05,160,399.25,40,0,3160
FINNIFTY02JAN2421850PE.NFO,02/01/2024,09:33:04,378.65,398.15,200,399.3,40,0,3160
FINNIFTY02JAN2421850PE.NFO,02/01/2024,09:33:05,378.65,398.45,40,399.6,40,0,3160
FINNIFTY02JAN2421850PE.NFO,02/01/2024,09:33:06,378.65,398.2,40,399.65,40,0,3160
FINNIFTY02JAN2421850PE.NFO,02/01/2024,09:33:07,378.65,398.6,80,399.7,40,0,3160
FINNIFTY02JAN2421850PE.NFO,02/01/2024,09:33:07,378.65,398.85,40,400.2,40,0,3160
FINNIFTY02JAN2421850PE.NFO,02/01/2024,09:33:08,378.65,398.6,240,400.2,120,0,3160
FINNIFTY02JAN2421850PE.NFO,02/01/2024,09:33:09,378.65,398.7,200,400.05,40,0,3160
FINNIFTY02JAN2421850PE.NFO,02/01/2024,09:33:10,378.65,398.85,200,400.2,40,0,3160
FINNIFTY02JAN2421850PE.NFO,02/01/2024,09:33:12,378.65,399.3,80,400.5,40,0,3160
FINNIFTY02JAN2421850PE.NFO,02/01/2024,09:33:13,378.65,399.8,200,401.1,120,0,3160
FINNIFTY02JAN2421850PE.NFO,02/01/2024,09:33:13,378.65,399.85,80,401.05,40,0,3160
FINNIFTY02JAN2421850PE.NFO,02/01/2024,09:33:14,378.65,400.55,240,402.1,40,0,3160
FINNIFTY02JAN2421850PE.NFO,02/01/2024,09:33:15,378.65,401.8,40,403.45,40,0,3160
FINNIFTY02JAN2421850PE.NFO,02/01/2024,09:33:17,378.65,402.3,200,403.8,80,0,3160
FINNIFTY02JAN2421850PE.NFO,02/01/2024,09:33:18,378.65,401.85,680,403.45,40,0,3160
FINNIFTY02JAN2421850PE.NFO,02/01/2024,09:33:18,378.65,401.2,440,402.8,40,0,3160
FINNIFTY02JAN2421850PE.NFO,02/01/2024,09:33:19,378.65,400.6,80,401.95,160,0,3160
FINNIFTY02JAN2421850PE.NFO,02/01/2024,09:33:20,378.65,401,120,402.55,40,0,3160
FINNIFTY02JAN2421850PE.NFO,02/01/2024,09:33:22,378.65,401.35,200,402.65,160,0,3160
FINNIFTY02JAN2421850PE.NFO,02/01/2024,09:33:23,378.65,401.25,40,402.55,200,0,3160
FINNIFTY02JAN2421850PE.NFO,02/01/2024,09:33:23,378.65,401.2,80,402.65,40,0,3160
FINNIFTY02JAN2421850PE.NFO,02/01/2024,09:33:24,378.65,402.3,120,403.6,200,0,3160
FINNIFTY02JAN2421850PE.NFO,02/01/2024,09:33:25,378.65,403.8,160,405.7,560,0,3160
FINNIFTY02JAN2421850PE.NFO,02/01/2024,09:33:27,378.65,402.95,80,404.55,40,0,3160
FINNIFTY02JAN2421850PE.NFO,02/01/2024,09:33:28,378.65,403.3,40,404.75,120,0,3160
FINNIFTY02JAN2421850PE.NFO,02/01/2024,09:33:28,378.65,403.35,160,404.65,40,0,3160
FINNIFTY02JAN2421850PE.NFO,02/01/2024,09:33:29,378.65,403.7,40,405.25,40,0,3160
FINNIFTY02JAN2421850PE.NFO,02/01/2024,09:33:30,378.65,401.95,440,403.4,40,0,3160
FINNIFTY02JAN2421850PE.NFO,02/01/2024,09:33:32,378.65,402,40,403.2,40,0,3160
FINNIFTY02JAN2421850PE.NFO,02/01/2024,09:33:33,378.65,400.9,120,402.45,80,0,3160
FINNIFTY02JAN2421850PE.NFO,02/01/2024,09:33:33,378.65,400.75,240,402.2,120,0,3160
FINNIFTY02JAN2421850PE.NFO,02/01/2024,09:33:34,378.65,401.4,80,403,40,0,3160
FINNIFTY02JAN2421850PE.NFO,02/01/2024,09:33:35,378.65,401.95,120,403.6,160,0,3160
FINNIFTY02JAN2421850PE.NFO,02/01/2024,09:33:36,378.65,401.9,40,403.15,160,0,3160
FINNIFTY02JAN2421850PE.NFO,02/01/2024,09:33:38,378.65,399.95,80,401.2,40,0,3160
FINNIFTY02JAN2421850PE.NFO,02/01/2024,09:33:39,378.65,400.75,80,402.4,40,0,3160
FINNIFTY02JAN2421850PE.NFO,02/01/2024,09:33:39,378.65,400.9,40,402.2,40,0,3160
FINNIFTY02JAN2421850PE.NFO,02/01/2024,09:33:40,378.65,400.95,200,402.5,40,0,3160
FINNIFTY02JAN2421850PE.NFO,02/01/2024,09:33:41,378.65,401,160,402.4,40,0,3160
FINNIFTY02JAN2421850PE.NFO,02/01/2024,09:33:43,378.65,399.4,520,401,240,0,3160
FINNIFTY02JAN2421850PE.NFO,02/01/2024,09:33:44,378.65,399.1,40,400.8,40,0,3160
FINNIFTY02JAN2421850PE.NFO,02/01/2024,09:33:44,378.65,399.2,40,400.65,40,0,3160
FINNIFTY02JAN2421850PE.NFO,02/01/2024,09:33:45,378.65,398.25,40,399.95,80,0,3160
FINNIFTY02JAN2421850PE.NFO,02/01/2024,09:33:46,378.65,399.65,200,401,40,0,3160
FINNIFTY02JAN2421850PE.NFO,02/01/2024,09:33:47,378.65,399.3,40,400.55,80,0,3160
FINNIFTY02JAN2421850PE.NFO,02/01/2024,09:33:48,378.65,399.3,40,400.35,120,0,3160
FINNIFTY02JAN2421850PE.NFO,02/01/2024,09:33:50,378.65,397.85,240,399.35,360,0,3160
FINNIFTY02JAN2421850PE.NFO,02/01/2024,09:33:51,378.65,396.4,120,397.6,40,0,3160
FINNIFTY02JAN2421850PE.NFO,02/01/2024,09:33:53,378.65,394.55,120,396.15,40,0,3160
FINNIFTY02JAN2421850PE.NFO,02/01/2024,09:33:54,378.65,394.9,240,396.35,120,0,3160
FINNIFTY02JAN2421850PE.NFO,02/01/2024,09:33:55,378.65,395.05,80,396.55,280,0,3160
FINNIFTY02JAN2421850PE.NFO,02/01/2024,09:33:56,378.65,395.05,120,396.45,80,0,3160
FINNIFTY02JAN2421850PE.NFO,02/01/2024,09:33:57,378.65,395.45,120,396.75,40,0,3160
FINNIFTY02JAN2421850PE.NFO,02/01/2024,09:33:58,378.65,395.4,80,396.7,200,0,3160
FINNIFTY02JAN2421850PE.NFO,02/01/2024,09:33:59,378.65,395.25,400,396.7,80,0,3160
FINNIFTY02JAN2421850PE.NFO,02/01/2024,09:34:00,378.65,396.15,240,397.9,80,0,3160
FINNIFTY02JAN2421850PE.NFO,02/01/2024,09:34:01,378.65,395.7,120,397,120,0,3160
FINNIFTY02JAN2421850PE.NFO,02/01/2024,09:34:01,378.65,395.75,80,396.9,40,0,3160
FINNIFTY02JAN2421850PE.NFO,02/01/2024,09:34:02,378.65,397,160,398.5,40,0,3160
FINNIFTY02JAN2421850PE.NFO,02/01/2024,09:34:03,378.65,397.3,80,398.85,40,0,3160
FINNIFTY02JAN2421850PE.NFO,02/01/2024,09:34:05,378.65,397.45,80,398.75,40,0,3160
FINNIFTY02JAN2421850PE.NFO,02/01/2024,09:34:06,378.65,397.75,80,399.2,40,0,3160
FINNIFTY02JAN2421850PE.NFO,02/01/2024,09:34:07,378.65,398.1,40,399.4,200,0,3160
FINNIFTY02JAN2421850PE.NFO,02/01/2024,09:34:07,378.65,398.2,40,399.45,40,0,3160
FINNIFTY02JAN2421850PE.NFO,02/01/2024,09:34:08,378.65,398.35,80,399.65,200,0,3160
FINNIFTY02JAN2421850PE.NFO,02/01/2024,09:34:09,378.65,398.45,40,399.95,40,0,3160
FINNIFTY02JAN2421850PE.NFO,02/01/2024,09:34:11,378.65,398.8,40,400.25,40,0,3160
FINNIFTY02JAN2421850PE.NFO,02/01/2024,09:34:12,378.65,399,160,399.95,40,0,3160
FINNIFTY02JAN2421850PE.NFO,02/01/2024,09:34:13,378.65,398.55,560,400.1,40,0,3160
FINNIFTY02JAN2421850PE.NFO,02/01/2024,09:34:13,378.65,398.6,40,400,40,0,3160
FINNIFTY02JAN2421850PE.NFO,02/01/2024,09:34:14,378.65,398.25,40,399.5,40,0,3160
FINNIFTY02JAN2421850PE.NFO,02/01/2024,09:34:15,378.65,398.45,120,399.85,120,0,3160
FINNIFTY02JAN2421850PE.NFO,02/01/2024,09:34:17,378.65,399.2,40,400.75,40,0,3160
FINNIFTY02JAN2421850PE.NFO,02/01/2024,09:34:18,378.65,398.5,160,400,40,0,3160
FINNIFTY02JAN2421850PE.NFO,02/01/2024,09:34:18,378.65,398.7,240,400.35,40,0,3160
FINNIFTY02JAN2421850PE.NFO,02/01/2024,09:34:19,378.65,400.15,80,401.3,40,0,3160
FINNIFTY02JAN2421850PE.NFO,02/01/2024,09:34:20,378.65,399.6,40,401.15,120,0,3160
FINNIFTY02JAN2421850PE.NFO,02/01/2024,09:34:22,378.65,400.65,160,401.95,40,0,3160
FINNIFTY02JAN2421850PE.NFO,02/01/2024,09:34:23,378.65,401.1,120,402.4,40,0,3160
FINNIFTY02JAN2421850PE.NFO,02/01/2024,09:34:23,378.65,401.15,80,402.35,40,0,3160
FINNIFTY02JAN2421850PE.NFO,02/01/2024,09:34:24,378.65,402.5,240,404.15,120,0,3160
FINNIFTY02JAN2421850PE.NFO,02/01/2024,09:34:25,378.65,403.1,120,404.4,40,0,3160
FINNIFTY02JAN2421850PE.NFO,02/01/2024,09:34:26,378.65,403.25,200,404.5,40,0,3160
FINNIFTY02JAN2421850PE.NFO,02/01/2024,09:34:27,378.65,402.65,560,403.7,40,0,3160
FINNIFTY02JAN2421850PE.NFO,02/01/2024,09:34:28,378.65,402,80,403.45,120,0,3160
FINNIFTY02JAN2421850PE.NFO,02/01/2024,09:34:30,378.65,403.25,40,404.7,40,0,3160
FINNIFTY02JAN2421850PE.NFO,02/01/2024,09:34:30,378.65,403.2,40,404.5,40,0,3160
FINNIFTY02JAN2421850PE.NFO,02/01/2024,09:34:31,378.65,402.85,80,404.15,40,0,3160
FINNIFTY02JAN2421850PE.NFO,02/01/2024,09:34:33,378.65,402.1,40,403.5,80,0,3160
FINNIFTY02JAN2421850PE.NFO,02/01/2024,09:34:34,378.65,401.85,120,402.9,40,0,3160
FINNIFTY02JAN2421850PE.NFO,02/01/2024,09:34:34,378.65,401.55,320,402.9,40,0,3160
FINNIFTY02JAN2421850PE.NFO,02/01/2024,09:34:35,378.65,401.7,200,403.2,120,0,3160
FINNIFTY02JAN2421850PE.NFO,02/01/2024,09:34:36,378.65,401.65,80,402.95,40,0,3160
FINNIFTY02JAN2421850PE.NFO,02/01/2024,09:34:37,378.65,401.5,40,403,40,0,3160
FINNIFTY02JAN2421850PE.NFO,02/01/2024,09:34:38,378.65,402.15,120,403.45,120,0,3160
FINNIFTY02JAN2421850PE.NFO,02/01/2024,09:34:39,378.65,402.35,40,403.6,40,0,3160
FINNIFTY02JAN2421850PE.NFO,02/01/2024,09:34:40,378.65,401.55,240,403.1,240,0,3160
FINNIFTY02JAN2421850PE.NFO,02/01/2024,09:34:41,378.65,400.45,560,401.95,160,0,3160
FINNIFTY02JAN2421850PE.NFO,02/01/2024,09:34:42,378.65,400,560,401,40,0,3160
FINNIFTY02JAN2421850PE.NFO,02/01/2024,09:34:43,378.65,399.95,40,401.4,40,0,3160
FINNIFTY02JAN2421850PE.NFO,02/01/2024,09:34:44,378.65,400.55,40,401.7,80,0,3160
FINNIFTY02JAN2421850PE.NFO,02/01/2024,09:34:45,378.65,400.55,40,401.65,40,0,3160
FINNIFTY02JAN2421850PE.NFO,02/01/2024,09:34:46,378.65,400.3,80,401.55,40,0,3160
FINNIFTY02JAN2421850PE.NFO,02/01/2024,09:34:48,378.65,400.4,200,401.55,40,0,3160
FINNIFTY02JAN2421850PE.NFO,02/01/2024,09:34:49,378.65,400.5,40,401.95,40,0,3160
FINNIFTY02JAN2421850PE.NFO,02/01/2024,09:34:50,378.65,400.7,120,401.95,120,0,3160
FINNIFTY02JAN2421850PE.NFO,02/01/2024,09:34:51,378.65,400.75,40,402.15,80,0,3160
FINNIFTY02JAN2421850PE.NFO,02/01/2024,09:34:52,378.65,401.1,480,402.9,40,0,3160
FINNIFTY02JAN2421850PE.NFO,02/01/2024,09:34:53,378.65,401.85,120,403.15,80,0,3160
FINNIFTY02JAN2421850PE.NFO,02/01/2024,09:34:54,378.65,402.3,200,403.5,560,0,3160
FINNIFTY02JAN2421850PE.NFO,02/01/2024,09:34:55,378.65,401.8,80,403.25,80,0,3160
FINNIFTY02JAN2421850PE.NFO,02/01/2024,09:34:55,378.65,401.8,40,403.25,40,0,3160
FINNIFTY02JAN2421850PE.NFO,02/01/2024,09:34:56,378.65,402.1,40,403.45,40,0,3160
FINNIFTY02JAN2421850PE.NFO,02/01/2024,09:34:57,378.65,401.15,40,402.25,120,0,3160
FINNIFTY02JAN2421850PE.NFO,02/01/2024,09:34:58,378.65,400.05,40,401.45,120,0,3160
FINNIFTY02JAN2421850PE.NFO,02/01/2024,09:34:59,378.65,399,560,400.45,40,0,3160
FINNIFTY02JAN2421850PE.NFO,02/01/2024,09:35:00,378.65,398.05,80,399.6,120,0,3160
FINNIFTY02JAN2421850PE.NFO,02/01/2024,09:35:02,378.65,398.25,200,399.65,40,0,3160
FINNIFTY02JAN2421850PE.NFO,02/01/2024,09:35:03,378.65,398.7,40,400.1,480,0,3160
FINNIFTY02JAN2421850PE.NFO,02/01/2024,09:35:04,378.65,398.1,40,399.3,40,0,3160
FINNIFTY02JAN2421850PE.NFO,02/01/2024,09:35:05,378.65,397.2,240,399.1,80,0,3160
FINNIFTY02JAN2421850PE.NFO,02/01/2024,09:35:06,378.65,397.6,80,398.95,40,0,3160
FINNIFTY02JAN2421850PE.NFO,02/01/2024,09:35:07,378.65,397.95,40,399.15,160,0,3160
FINNIFTY02JAN2421850PE.NFO,02/01/2024,09:35:08,378.65,397.2,600,398.7,240,0,3160
FINNIFTY02JAN2421850PE.NFO,02/01/2024,09:35:09,378.65,398.1,40,399.25,120,0,3160
FINNIFTY02JAN2421850PE.NFO,02/01/2024,09:35:09,378.65,398.15,80,399.45,40,0,3160
FINNIFTY02JAN2421850PE.NFO,02/01/2024,09:35:10,378.65,398.85,40,400.3,40,0,3160
FINNIFTY02JAN2421850PE.NFO,02/01/2024,09:35:11,378.65,400,200,401.3,120,0,3160
FINNIFTY02JAN2421850PE.NFO,02/01/2024,09:35:12,378.65,400.15,40,401.65,80,0,3160
FINNIFTY02JAN2421850PE.NFO,02/01/2024,09:35:13,378.65,399.7,80,400.9,120,0,3160
FINNIFTY02JAN2421850PE.NFO,02/01/2024,09:35:14,378.65,399.35,40,400.7,160,0,3160
FINNIFTY02JAN2421850PE.NFO,02/01/2024,09:35:15,378.65,399.7,40,400.95,40,0,3160
FINNIFTY02JAN2421850PE.NFO,02/01/2024,09:35:16,378.65,399.45,200,400.95,40,0,3160
FINNIFTY02JAN2421850PE.NFO,02/01/2024,09:35:18,378.65,398.7,120,400.35,40,0,3160
FINNIFTY02JAN2421850PE.NFO,02/01/2024,09:35:18,378.65,398.8,80,400.1,120,0,3160
FINNIFTY02JAN2421850PE.NFO,02/01/2024,09:35:19,378.65,398.45,40,399.7,320,0,3160
FINNIFTY02JAN2421850PE.NFO,02/01/2024,09:35:20,378.65,396.8,40,398.35,120,0,3160
FINNIFTY02JAN2421850PE.NFO,02/01/2024,09:35:21,378.65,396.7,120,398.35,40,0,3160
FINNIFTY02JAN2421850PE.NFO,02/01/2024,09:35:22,378.65,397.95,120,399.1,40,0,3160
FINNIFTY02JAN2421850PE.NFO,02/01/2024,09:35:24,378.65,398.25,40,399.75,80,0,3160
FINNIFTY02JAN2421850PE.NFO,02/01/2024,09:35:25,378.65,397.75,160,399,40,0,3160
FINNIFTY02JAN2421850PE.NFO,02/01/2024,09:35:26,378.65,397.85,40,399.05,40,0,3160
FINNIFTY02JAN2421850PE.NFO,02/01/2024,09:35:27,378.65,397.9,40,399.15,120,0,3160
FINNIFTY02JAN2421850PE.NFO,02/01/2024,09:35:28,378.65,398.4,160,399.75,360,0,3160
FINNIFTY02JAN2421850PE.NFO,02/01/2024,09:35:29,378.65,398.35,40,399.55,80,0,3160
FINNIFTY02JAN2421850PE.NFO,02/01/2024,09:35:30,378.65,398.65,80,400.05,360,0,3160
FINNIFTY02JAN2421850PE.NFO,02/01/2024,09:35:30,378.65,399.25,120,400.6,120,0,3160
FINNIFTY02JAN2421850PE.NFO,02/01/2024,09:35:31,378.65,399.5,80,400.55,80,0,3160
FINNIFTY02JAN2421850PE.NFO,02/01/2024,09:35:32,378.65,399.15,80,400.55,40,0,3160
FINNIFTY02JAN2421850PE.NFO,02/01/2024,09:35:33,378.65,399.45,80,400.6,40,0,3160
FINNIFTY02JAN2421850PE.NFO,02/01/2024,09:35:34,378.65,398.55,80,399.95,40,0,3160
FINNIFTY02JAN2421850PE.NFO,02/01/2024,09:35:35,378.65,399.15,200,400.7,720,0,3160
FINNIFTY02JAN2421850PE.NFO,02/01/2024,09:35:37,378.65,400.05,120,401.4,40,0,3160
FINNIFTY02JAN2421850PE.NFO,02/01/2024,09:35:38,378.65,400.85,160,402,80,0,3160
FINNIFTY02JAN2421850PE.NFO,02/01/2024,09:35:39,378.65,401,120,402.15,40,0,3160
FINNIFTY02JAN2421850PE.NFO,02/01/2024,09:35:39,378.65,401.2,240,402.6,120,0,3160
FINNIFTY02JAN2421850PE.NFO,02/01/2024,09:35:40,378.65,401.35,40,402.5,40,0,3160
FINNIFTY02JAN2421850PE.NFO,02/01/2024,09:35:42,378.65,401.05,400,402.5,280,0,3160
FINNIFTY02JAN2421850PE.NFO,02/01/2024,09:35:43,378.65,401.15,160,402.2,120,0,3160
FINNIFTY02JAN2421850PE.NFO,02/01/2024,09:35:44,378.65,400.9,40,402.15,40,0,3160
FINNIFTY02JAN2421850PE.NFO,02/01/2024,09:35:44,378.65,401.1,200,402.45,40,0,3160
FINNIFTY02JAN2421850PE.NFO,02/01/2024,09:35:45,378.65,402.35,80,403.85,40,0,3160
FINNIFTY02JAN2421850PE.NFO,02/01/2024,09:35:47,378.65,403.25,120,404.75,40,0,3160
FINNIFTY02JAN2421850PE.NFO,02/01/2024,09:35:48,378.65,403.65,40,404.95,40,0,3160
FINNIFTY02JAN2421850PE.NFO,02/01/2024,09:35:49,378.65,403.15,40,404.7,200,0,3160
FINNIFTY02JAN2421850PE.NFO,02/01/2024,09:35:50,378.65,403.1,40,404.3,80,0,3160
FINNIFTY02JAN2421850PE.NFO,02/01/2024,09:35:51,378.65,403.05,120,404.3,120,0,3160
FINNIFTY02JAN2421850PE.NFO,02/01/2024,09:35:52,378.65,403.1,120,404.45,120,0,3160
FINNIFTY02JAN2421850PE.NFO,02/01/2024,09:35:52,378.65,403.1,80,404.3,80,0,3160
FINNIFTY02JAN2421850PE.NFO,02/01/2024,09:35:53,378.65,403.4,40,404.85,200,0,3160
FINNIFTY02JAN2421850PE.NFO,02/01/2024,09:35:55,378.65,404.05,80,405.2,40,0,3160
FINNIFTY02JAN2421850PE.NFO,02/01/2024,09:35:56,378.65,404.3,40,406.15,200,0,3160
FINNIFTY02JAN2421850PE.NFO,02/01/2024,09:35:57,378.65,405.05,200,406.25,40,0,3160
FINNIFTY02JAN2421850PE.NFO,02/01/2024,09:35:58,378.65,404.55,40,406,200,0,3160
FINNIFTY02JAN2421850PE.NFO,02/01/2024,09:35:59,378.65,404.2,400,405.6,40,0,3160
FINNIFTY02JAN2421850PE.NFO,02/01/2024,09:36:00,378.65,404.1,80,405.35,120,0,3160
FINNIFTY02JAN2421850PE.NFO,02/01/2024,09:36:01,378.65,405.25,160,406.9,240,0,3160
FINNIFTY02JAN2421850PE.NFO,02/01/2024,09:36:01,378.65,405.35,80,406.75,360,0,3160
FINNIFTY02JAN2421850PE.NFO,02/01/2024,09:36:02,378.65,405.15,120,406.55,40,0,3160
FINNIFTY02JAN2421850PE.NFO,02/01/2024,09:36:04,378.65,404.65,40,405.85,80,0,3160
FINNIFTY02JAN2421850PE.NFO,02/01/2024,09:36:05,378.65,404.35,160,405.6,40,0,3160
FINNIFTY02JAN2421850PE.NFO,02/01/2024,09:36:06,378.65,404.3,40,405.6,280,0,3160
FINNIFTY02JAN2421850PE.NFO,02/01/2024,09:36:06,378.65,404.35,40,405.5,80,0,3160
FINNIFTY02JAN2421850PE.NFO,02/01/2024,09:36:07,378.65,404.25,40,405.35,80,0,3160
FINNIFTY02JAN2421850PE.NFO,02/01/2024,09:36:09,378.65,403.2,120,404.4,40,0,3160
FINNIFTY02JAN2421850PE.NFO,02/01/2024,09:36:10,378.65,403.65,40,405.2,200,0,3160
FINNIFTY02JAN2421850PE.NFO,02/01/2024,09:36:11,378.65,403.15,40,404.2,40,0,3160
FINNIFTY02JAN2421850PE.NFO,02/01/2024,09:36:12,378.65,403.6,40,405.15,40,0,3160
FINNIFTY02JAN2421850PE.NFO,02/01/2024,09:36:14,378.65,404.95,200,406.6,120,0,3160
FINNIFTY02JAN2421850PE.NFO,02/01/2024,09:36:15,378.65,405.5,40,406.85,40,0,3160
FINNIFTY02JAN2421850PE.NFO,02/01/2024,09:36:16,378.65,406.15,40,407.45,120,0,3160
FINNIFTY02JAN2421850PE.NFO,02/01/2024,09:36:17,378.65,407.55,40,409.35,80,0,3160
FINNIFTY02JAN2421850PE.NFO,02/01/2024,09:36:18,378.65,407.65,200,409.25,200,0,3160
FINNIFTY02JAN2421850PE.NFO,02/01/2024,09:36:19,378.65,408.35,120,410.05,160,0,3160
FINNIFTY02JAN2421850PE.NFO,02/01/2024,09:36:19,378.65,408.05,80,409.45,80,0,3160
FINNIFTY02JAN2421850PE.NFO,02/01/2024,09:36:20,378.65,407.85,120,409.7,80,0,3160
FINNIFTY02JAN2421850PE.NFO,02/01/2024,09:36:22,378.65,408.05,80,409.4,120,0,3160
FINNIFTY02JAN2421850PE.NFO,02/01/2024,09:36:23,378.65,408.3,120,409.7,240,0,3160
