Ticker,Date,Time,LTP,BuyPrice,BuyQty,SellPrice,SellQty,LTQ,OpenInterest
FINNIFTY02JAN2420500PE.NFO,02/01/2024,09:15:02,0.45,0.3,41920,0.45,6200,20160,1051480
FINNIFTY02JAN2420500PE.NFO,02/01/2024,09:15:02,0.45,0.3,41920,0.45,6200,0,1051480
FINNIFTY02JAN2420500PE.NFO,02/01/2024,09:15:02,0.45,0.3,41920,0.45,6200,0,1051480
FINNIFTY02JAN2420500PE.NFO,02/01/2024,09:15:02,0.3,0.3,41920,0.45,6200,0,1051480
FINNIFTY02JAN2420500PE.NFO,02/01/2024,09:15:16,0.35,0.35,59440,0.4,90880,23480,1051480
FINNIFTY02JAN2420500PE.NFO,02/01/2024,09:15:28,0.35,0.35,17640,0.4,86160,52560,1051480
FINNIFTY02JAN2420500PE.NFO,02/01/2024,09:15:39,0.35,0.35,27560,0.4,108840,82760,1051480
FINNIFTY02JAN2420500PE.NFO,02/01/2024,09:15:50,0.3,0.3,463280,0.35,154880,63520,1051480
FINNIFTY02JAN2420500PE.NFO,02/01/2024,09:16:00,0.35,0.3,432760,0.35,177640,46560,1051480
FINNIFTY02JAN2420500PE.NFO,02/01/2024,09:16:12,0.35,0.3,452760,0.35,210400,43200,1051480
FINNIFTY02JAN2420500PE.NFO,02/01/2024,09:16:22,0.3,0.3,467880,0.35,245080,4120,1051480
FINNIFTY02JAN2420500PE.NFO,02/01/2024,09:16:31,0.35,0.3,426440,0.35,274000,49760,1051480
FINNIFTY02JAN2420500PE.NFO,02/01/2024,09:16:41,0.3,0.3,433360,0.35,305240,14880,1051480
FINNIFTY02JAN2420500PE.NFO,02/01/2024,09:16:50,0.3,0.3,418520,0.35,329120,38120,1051480
FINNIFTY02JAN2420500PE.NFO,02/01/2024,09:17:00,0.3,0.3,413240,0.35,352400,17960,1051480
FINNIFTY02JAN2420500PE.NFO,02/01/2024,09:17:10,0.35,0.3,397640,0.35,335960,17640,1051480
FINNIFTY02JAN2420500PE.NFO,02/01/2024,09:17:19,0.3,0.3,398800,0.35,321160,16240,1051480
FINNIFTY02JAN2420500PE.NFO,02/01/2024,09:17:29,0.3,0.3,398400,0.35,328960,400,1183600
FINNIFTY02JAN2420500PE.NFO,02/01/2024,09:17:39,0.35,0.3,398800,0.35,337640,5720,1183600
FINNIFTY02JAN2420500PE.NFO,02/01/2024,09:17:48,0.35,0.3,398800,0.35,363840,12920,1183600
FINNIFTY02JAN2420500PE.NFO,02/01/2024,09:17:58,0.3,0.3,395160,0.35,352840,16440,1183600
FINNIFTY02JAN2420500PE.NFO,02/01/2024,09:18:07,0.35,0.3,718400,0.35,331280,19440,1183600
FINNIFTY02JAN2420500PE.NFO,02/01/2024,09:18:17,0.3,0.3,698400,0.35,332600,39080,1183600
FINNIFTY02JAN2420500PE.NFO,02/01/2024,09:18:27,0.3,0.3,672360,0.35,337600,36880,1183600
FINNIFTY02JAN2420500PE.NFO,02/01/2024,09:18:36,0.35,0.3,613200,0.35,335560,520,1183600
FINNIFTY02JAN2420500PE.NFO,02/01/2024,09:18:46,0.35,0.3,528040,0.35,321560,10200,1183600
FINNIFTY02JAN2420500PE.NFO,02/01/2024,09:18:55,0.35,0.3,443640,0.35,313160,8400,1183600
FINNIFTY02JAN2420500PE.NFO,02/01/2024,09:19:06,0.35,0.3,715200,0.35,299920,40760,1183600
FINNIFTY02JAN2420500PE.NFO,02/01/2024,09:19:16,0.3,0.3,737680,0.35,288120,17320,1183600
FINNIFTY02JAN2420500PE.NFO,02/01/2024,09:19:25,0.3,0.3,743160,0.35,285120,5920,1183600
FINNIFTY02JAN2420500PE.NFO,02/01/2024,09:19:35,0.35,0.3,743200,0.35,275720,10800,1183600
FINNIFTY02JAN2420500PE.NFO,02/01/2024,09:19:45,0.35,0.3,735960,0.35,253360,28040,1183600
FINNIFTY02JAN2420500PE.NFO,02/01/2024,09:19:55,0.35,0.3,733160,0.35,241600,18520,1183600
FINNIFTY02JAN2420500PE.NFO,02/01/2024,09:20:06,0.3,0.3,718400,0.35,219800,39000,1183600
FINNIFTY02JAN2420500PE.NFO,02/01/2024,09:20:16,0.35,0.35,249880,0.4,91680,293600,1183600
FINNIFTY02JAN2420500PE.NFO,02/01/2024,09:20:26,0.35,0.35,276920,0.4,353520,20880,1183600
FINNIFTY02JAN2420500PE.NFO,02/01/2024,09:20:36,0.35,0.3,662640,0.35,158000,197800,1295400
FINNIFTY02JAN2420500PE.NFO,02/01/2024,09:20:45,0.35,0.3,665000,0.35,160560,5120,1295400
FINNIFTY02JAN2420500PE.NFO,02/01/2024,09:20:55,0.35,0.3,675080,0.35,256000,24800,1295400
FINNIFTY02JAN2420500PE.NFO,02/01/2024,09:21:04,0.35,0.3,671360,0.35,222880,4200,1295400
FINNIFTY02JAN2420500PE.NFO,02/01/2024,09:21:15,0.35,0.3,670280,0.35,221360,16360,1295400
FINNIFTY02JAN2420500PE.NFO,02/01/2024,09:21:25,0.3,0.3,806040,0.35,264200,7240,1295400
FINNIFTY02JAN2420500PE.NFO,02/01/2024,09:21:35,0.35,0.3,804240,0.35,254960,11480,1295400
FINNIFTY02JAN2420500PE.NFO,02/01/2024,09:21:45,0.35,0.3,791040,0.35,60040,212040,1295400
FINNIFTY02JAN2420500PE.NFO,02/01/2024,09:21:55,0.35,0.3,790400,0.35,318040,19760,1295400
FINNIFTY02JAN2420500PE.NFO,02/01/2024,09:22:07,0.35,0.3,772600,0.35,378840,29120,1295400
FINNIFTY02JAN2420500PE.NFO,02/01/2024,09:22:18,0.35,0.3,765640,0.35,372400,14320,1295400
FINNIFTY02JAN2420500PE.NFO,02/01/2024,09:22:30,0.35,0.3,765480,0.35,425880,2160,1295400
FINNIFTY02JAN2420500PE.NFO,02/01/2024,09:22:40,0.35,0.3,765480,0.35,423920,160,1295400
FINNIFTY02JAN2420500PE.NFO,02/01/2024,09:22:50,0.35,0.3,763000,0.35,430560,3760,1295400
FINNIFTY02JAN2420500PE.NFO,02/01/2024,09:23:00,0.35,0.3,759640,0.35,429880,2960,1295400
FINNIFTY02JAN2420500PE.NFO,02/01/2024,09:23:09,0.35,0.3,757160,0.35,429120,3120,1295400
FINNIFTY02JAN2420500PE.NFO,02/01/2024,09:23:19,0.3,0.3,755360,0.35,425400,6160,1295400
FINNIFTY02JAN2420500PE.NFO,02/01/2024,09:23:28,0.35,0.3,754240,0.35,430720,40,1295400
FINNIFTY02JAN2420500PE.NFO,02/01/2024,09:23:37,0.35,0.3,763600,0.35,452240,4960,1359160
FINNIFTY02JAN2420500PE.NFO,02/01/2024,09:23:47,0.35,0.3,764560,0.35,455320,2960,1359160
FINNIFTY02JAN2420500PE.NFO,02/01/2024,09:23:56,0.35,0.3,761920,0.35,451080,8280,1359160
FINNIFTY02JAN2420500PE.NFO,02/01/2024,09:24:05,0.3,0.3,762240,0.35,446840,3880,1359160
FINNIFTY02JAN2420500PE.NFO,02/01/2024,09:24:15,0.3,0.3,760600,0.35,455760,2320,1359160
FINNIFTY02JAN2420500PE.NFO,02/01/2024,09:24:24,0.3,0.3,758720,0.35,467880,1920,1359160
FINNIFTY02JAN2420500PE.NFO,02/01/2024,09:24:35,0.3,0.3,758600,0.35,467320,1240,1359160
FINNIFTY02JAN2420500PE.NFO,02/01/2024,09:24:45,0.3,0.3,743320,0.35,463640,19560,1359160
FINNIFTY02JAN2420500PE.NFO,02/01/2024,09:24:54,0.3,0.3,743080,0.35,472520,1360,1359160
FINNIFTY02JAN2420500PE.NFO,02/01/2024,09:25:05,0.3,0.3,737560,0.35,478480,2480,1359160
FINNIFTY02JAN2420500PE.NFO,02/01/2024,09:25:16,0.3,0.3,773880,0.35,481560,2240,1359160
FINNIFTY02JAN2420500PE.NFO,02/01/2024,09:25:26,0.35,0.3,773600,0.35,485280,4040,1359160
FINNIFTY02JAN2420500PE.NFO,02/01/2024,09:25:36,0.35,0.3,771560,0.35,479960,7400,1359160
FINNIFTY02JAN2420500PE.NFO,02/01/2024,09:25:46,0.35,0.3,769520,0.35,476720,5080,1359160
FINNIFTY02JAN2420500PE.NFO,02/01/2024,09:25:56,0.35,0.3,769520,0.35,474880,7240,1359160
FINNIFTY02JAN2420500PE.NFO,02/01/2024,09:26:06,0.35,0.3,760120,0.35,467960,12600,1359160
FINNIFTY02JAN2420500PE.NFO,02/01/2024,09:26:15,0.35,0.3,757440,0.35,457040,17240,1359160
FINNIFTY02JAN2420500PE.NFO,02/01/2024,09:26:26,0.35,0.3,573800,0.35,388960,100880,1359160
FINNIFTY02JAN2420500PE.NFO,02/01/2024,09:26:36,0.3,0.3,576440,0.35,386880,3920,1360240
FINNIFTY02JAN2420500PE.NFO,02/01/2024,09:26:46,0.3,0.3,574480,0.35,386240,3040,1360240
FINNIFTY02JAN2420500PE.NFO,02/01/2024,09:26:57,0.35,0.3,648120,0.35,381920,7080,1360240
FINNIFTY02JAN2420500PE.NFO,02/01/2024,09:27:08,0.35,0.3,651320,0.35,383600,7760,1360240
FINNIFTY02JAN2420500PE.NFO,02/01/2024,09:27:18,0.35,0.3,655160,0.35,382400,2760,1360240
FINNIFTY02JAN2420500PE.NFO,02/01/2024,09:27:28,0.35,0.3,656960,0.35,393600,12160,1360240
FINNIFTY02JAN2420500PE.NFO,02/01/2024,09:27:38,0.35,0.3,658760,0.35,387840,5760,1360240
FINNIFTY02JAN2420500PE.NFO,02/01/2024,09:27:48,0.35,0.3,658760,0.35,384960,2880,1360240
FINNIFTY02JAN2420500PE.NFO,02/01/2024,09:27:57,0.35,0.3,656960,0.35,494120,9920,1360240
FINNIFTY02JAN2420500PE.NFO,02/01/2024,09:28:07,0.3,0.3,646320,0.35,439520,55200,1360240
FINNIFTY02JAN2420500PE.NFO,02/01/2024,09:28:17,0.3,0.3,639840,0.35,430280,26280,1360240
FINNIFTY02JAN2420500PE.NFO,02/01/2024,09:28:28,0.35,0.3,634520,0.35,410880,24720,1360240
FINNIFTY02JAN2420500PE.NFO,02/01/2024,09:28:41,0.35,0.3,650640,0.35,410280,5480,1360240
FINNIFTY02JAN2420500PE.NFO,02/01/2024,09:28:55,0.35,0.3,650600,0.35,404400,5960,1360240
FINNIFTY02JAN2420500PE.NFO,02/01/2024,09:29:05,0.35,0.3,650600,0.35,403040,1600,1360240
FINNIFTY02JAN2420500PE.NFO,02/01/2024,09:29:16,0.35,0.3,650200,0.35,402080,3160,1360240
FINNIFTY02JAN2420500PE.NFO,02/01/2024,09:29:28,0.35,0.3,624400,0.35,391120,14360,1360240
FINNIFTY02JAN2420500PE.NFO,02/01/2024,09:29:38,0.35,0.3,619000,0.35,400320,7000,1350080
FINNIFTY02JAN2420500PE.NFO,02/01/2024,09:29:48,0.35,0.3,609040,0.35,397520,5560,1350080
FINNIFTY02JAN2420500PE.NFO,02/01/2024,09:29:58,0.3,0.3,54440,0.35,285600,524480,1350080
FINNIFTY02JAN2420500PE.NFO,02/01/2024,09:30:08,0.3,0.3,277400,0.35,336840,17000,1350080
FINNIFTY02JAN2420500PE.NFO,02/01/2024,09:30:18,0.3,0.3,103080,0.35,398280,12240,1350080
FINNIFTY02JAN2420500PE.NFO,02/01/2024,09:30:28,0.3,0.3,288200,0.35,405600,4680,1350080
FINNIFTY02JAN2420500PE.NFO,02/01/2024,09:30:39,0.35,0.3,284920,0.35,451840,5960,1350080
FINNIFTY02JAN2420500PE.NFO,02/01/2024,09:30:48,0.35,0.3,157120,0.35,431560,23160,1350080
FINNIFTY02JAN2420500PE.NFO,02/01/2024,09:30:58,0.35,0.3,112440,0.35,428240,6080,1350080
FINNIFTY02JAN2420500PE.NFO,02/01/2024,09:31:10,0.35,0.3,296960,0.35,423840,6800,1350080
FINNIFTY02JAN2420500PE.NFO,02/01/2024,09:31:21,0.35,0.3,296960,0.35,421760,2080,1350080
FINNIFTY02JAN2420500PE.NFO,02/01/2024,09:31:30,0.35,0.3,296960,0.35,423760,0,1350080
FINNIFTY02JAN2420500PE.NFO,02/01/2024,09:31:39,0.35,0.3,296960,0.35,418200,5560,1350080
FINNIFTY02JAN2420500PE.NFO,02/01/2024,09:31:49,0.35,0.3,311360,0.35,412760,2240,1350080
FINNIFTY02JAN2420500PE.NFO,02/01/2024,09:31:59,0.35,0.3,331000,0.35,405120,19360,1350080
FINNIFTY02JAN2420500PE.NFO,02/01/2024,09:32:08,0.35,0.3,371160,0.35,403920,1240,1350080
FINNIFTY02JAN2420500PE.NFO,02/01/2024,09:32:18,0.35,0.3,390960,0.35,401960,2120,1350080
FINNIFTY02JAN2420500PE.NFO,02/01/2024,09:32:28,0.35,0.3,390960,0.35,403880,720,1350080
FINNIFTY02JAN2420500PE.NFO,02/01/2024,09:32:38,0.3,0.3,390840,0.35,401240,5520,1566360
FINNIFTY02JAN2420500PE.NFO,02/01/2024,09:32:48,0.35,0.3,391040,0.35,400240,1000,1566360
FINNIFTY02JAN2420500PE.NFO,02/01/2024,09:32:58,0.35,0.3,389040,0.35,399200,2840,1566360
FINNIFTY02JAN2420500PE.NFO,02/01/2024,09:33:08,0.35,0.3,391000,0.35,374000,2000,1566360
FINNIFTY02JAN2420500PE.NFO,02/01/2024,09:33:17,0.3,0.3,387440,0.35,404640,4200,1566360
FINNIFTY02JAN2420500PE.NFO,02/01/2024,09:33:27,0.3,0.3,385680,0.35,404280,2440,1566360
FINNIFTY02JAN2420500PE.NFO,02/01/2024,09:33:36,0.35,0.3,385680,0.35,404240,80,1566360
FINNIFTY02JAN2420500PE.NFO,02/01/2024,09:33:46,0.35,0.3,377640,0.35,408360,16920,1566360
FINNIFTY02JAN2420500PE.NFO,02/01/2024,09:33:55,0.3,0.3,376760,0.35,407360,2840,1566360
FINNIFTY02JAN2420500PE.NFO,02/01/2024,09:34:05,0.35,0.3,375160,0.35,406480,2680,1566360
FINNIFTY02JAN2420500PE.NFO,02/01/2024,09:34:14,0.35,0.3,374960,0.35,402040,1040,1566360
FINNIFTY02JAN2420500PE.NFO,02/01/2024,09:34:23,0.3,0.3,370320,0.35,406400,2240,1566360
FINNIFTY02JAN2420500PE.NFO,02/01/2024,09:34:32,0.3,0.3,366800,0.35,409200,8520,1566360
FINNIFTY02JAN2420500PE.NFO,02/01/2024,09:34:41,0.3,0.3,359000,0.35,412800,3000,1566360
FINNIFTY02JAN2420500PE.NFO,02/01/2024,09:34:50,0.3,0.3,363800,0.35,416400,0,1566360
FINNIFTY02JAN2420500PE.NFO,02/01/2024,09:35:00,0.3,0.3,362280,0.35,416560,1120,1566360
FINNIFTY02JAN2420500PE.NFO,02/01/2024,09:35:09,0.35,0.3,362760,0.35,416240,80,1566360
FINNIFTY02JAN2420500PE.NFO,02/01/2024,09:35:18,0.3,0.3,365080,0.35,422680,2480,1566360
FINNIFTY02JAN2420500PE.NFO,02/01/2024,09:35:28,0.35,0.3,364800,0.35,424200,720,1566360
FINNIFTY02JAN2420500PE.NFO,02/01/2024,09:35:37,0.35,0.3,364800,0.35,423160,640,1587920
FINNIFTY02JAN2420500PE.NFO,02/01/2024,09:35:46,0.35,0.3,364800,0.35,415320,7840,1587920
FINNIFTY02JAN2420500PE.NFO,02/01/2024,09:35:56,0.35,0.3,364800,0.35,414600,1120,1587920
FINNIFTY02JAN2420500PE.NFO,02/01/2024,09:36:05,0.35,0.3,363840,0.35,413600,1960,1587920
FINNIFTY02JAN2420500PE.NFO,02/01/2024,09:36:15,0.35,0.3,363800,0.35,412840,800,1587920
FINNIFTY02JAN2420500PE.NFO,02/01/2024,09:36:24,0.35,0.3,363800,0.35,412160,680,1587920
FINNIFTY02JAN2420500PE.NFO,02/01/2024,09:36:34,0.35,0.3,363800,0.35,411880,280,1587920
FINNIFTY02JAN2420500PE.NFO,02/01/2024,09:36:43,0.35,0.3,362000,0.35,411560,2120,1587920
FINNIFTY02JAN2420500PE.NFO,02/01/2024,09:36:52,0.3,0.3,360200,0.35,410640,2720,1587920
FINNIFTY02JAN2420500PE.NFO,02/01/2024,09:37:00,0.3,0.3,358400,0.35,414760,2000,1587920
FINNIFTY02JAN2420500PE.NFO,02/01/2024,09:37:09,0.35,0.3,355880,0.35,416280,3880,1587920
FINNIFTY02JAN2420500PE.NFO,02/01/2024,09:37:18,0.35,0.3,354040,0.35,414520,3840,1587920
FINNIFTY02JAN2420500PE.NFO,02/01/2024,09:37:27,0.35,0.3,378040,0.35,422440,0,1587920
FINNIFTY02JAN2420500PE.NFO,02/01/2024,09:37:36,0.35,0.3,378040,0.35,401400,320,1587920
FINNIFTY02JAN2420500PE.NFO,02/01/2024,09:37:45,0.35,0.3,378200,0.35,407600,1000,1587920
FINNIFTY02JAN2420500PE.NFO,02/01/2024,09:37:53,0.35,0.3,378200,0.35,409760,0,1587920
FINNIFTY02JAN2420500PE.NFO,02/01/2024,09:38:10,0.35,0.3,384000,0.35,409480,9400,1587920
FINNIFTY02JAN2420500PE.NFO,02/01/2024,09:38:29,0.3,0.3,382160,0.35,410120,1840,1587920
FINNIFTY02JAN2420500PE.NFO,02/01/2024,09:38:38,0.3,0.3,380080,0.35,412360,2080,1596880
FINNIFTY02JAN2420500PE.NFO,02/01/2024,09:38:48,0.35,0.3,381760,0.35,395840,20200,1596880
FINNIFTY02JAN2420500PE.NFO,02/01/2024,09:38:58,0.3,0.3,384000,0.35,396040,5920,1596880
FINNIFTY02JAN2420500PE.NFO,02/01/2024,09:39:07,0.3,0.3,429880,0.35,388960,15000,1596880
FINNIFTY02JAN2420500PE.NFO,02/01/2024,09:39:17,0.35,0.3,428000,0.35,398920,3120,1596880
FINNIFTY02JAN2420500PE.NFO,02/01/2024,09:39:26,0.3,0.3,448840,0.35,401160,1800,1596880
FINNIFTY02JAN2420500PE.NFO,02/01/2024,09:39:35,0.3,0.3,447960,0.35,399880,2160,1596880
FINNIFTY02JAN2420500PE.NFO,02/01/2024,09:39:44,0.35,0.3,446840,0.35,398840,4760,1596880
FINNIFTY02JAN2420500PE.NFO,02/01/2024,09:39:54,0.3,0.3,444880,0.35,408160,9640,1596880
FINNIFTY02JAN2420500PE.NFO,02/01/2024,09:40:06,0.3,0.3,433720,0.35,423720,24200,1596880
FINNIFTY02JAN2420500PE.NFO,02/01/2024,09:40:16,0.3,0.3,439240,0.35,428840,4320,1596880
FINNIFTY02JAN2420500PE.NFO,02/01/2024,09:40:26,0.3,0.3,436440,0.35,429240,4040,1596880
FINNIFTY02JAN2420500PE.NFO,02/01/2024,09:40:36,0.35,0.3,439880,0.35,429400,2520,1596880
FINNIFTY02JAN2420500PE.NFO,02/01/2024,09:40:47,0.35,0.3,384400,0.35,430960,3520,1596880
FINNIFTY02JAN2420500PE.NFO,02/01/2024,09:40:57,0.35,0.3,383160,0.35,423360,4080,1596880
FINNIFTY02JAN2420500PE.NFO,02/01/2024,09:41:08,0.3,0.3,383120,0.35,422560,840,1596880
FINNIFTY02JAN2420500PE.NFO,02/01/2024,09:41:18,0.35,0.3,383080,0.35,421880,720,1596880
FINNIFTY02JAN2420500PE.NFO,02/01/2024,09:41:28,0.35,0.3,383480,0.35,420160,1720,1596880
FINNIFTY02JAN2420500PE.NFO,02/01/2024,09:41:38,0.3,0.3,377640,0.35,420160,13440,1580680
FINNIFTY02JAN2420500PE.NFO,02/01/2024,09:41:47,0.3,0.3,375840,0.35,419160,2800,1580680
FINNIFTY02JAN2420500PE.NFO,02/01/2024,09:41:57,0.35,0.3,382120,0.35,417760,1840,1580680
FINNIFTY02JAN2420500PE.NFO,02/01/2024,09:42:07,0.35,0.3,380320,0.35,422280,4120,1580680
FINNIFTY02JAN2420500PE.NFO,02/01/2024,09:42:17,0.35,0.3,375880,0.35,418920,7000,1580680
FINNIFTY02JAN2420500PE.NFO,02/01/2024,09:42:26,0.35,0.3,384320,0.35,417880,7400,1580680
FINNIFTY02JAN2420500PE.NFO,02/01/2024,09:42:35,0.35,0.3,384320,0.35,419640,40,1580680
FINNIFTY02JAN2420500PE.NFO,02/01/2024,09:42:44,0.35,0.3,384320,0.35,420960,0,1580680
FINNIFTY02JAN2420500PE.NFO,02/01/2024,09:42:53,0.35,0.3,384280,0.35,418320,2920,1580680
FINNIFTY02JAN2420500PE.NFO,02/01/2024,09:43:03,0.35,0.3,386080,0.35,415680,2400,1580680
FINNIFTY02JAN2420500PE.NFO,02/01/2024,09:43:14,0.35,0.3,402280,0.35,412760,520,1580680
FINNIFTY02JAN2420500PE.NFO,02/01/2024,09:43:24,0.3,0.3,402160,0.35,415400,720,1580680
FINNIFTY02JAN2420500PE.NFO,02/01/2024,09:43:34,0.35,0.3,402160,0.35,414160,1240,1580680
FINNIFTY02JAN2420500PE.NFO,02/01/2024,09:43:44,0.3,0.3,403760,0.35,413960,400,1580680
FINNIFTY02JAN2420500PE.NFO,02/01/2024,09:43:53,0.35,0.3,403760,0.35,413760,200,1580680
FINNIFTY02JAN2420500PE.NFO,02/01/2024,09:44:03,0.3,0.3,403640,0.35,413760,120,1580680
FINNIFTY02JAN2420500PE.NFO,02/01/2024,09:44:12,0.3,0.3,403240,0.35,416960,800,1580680
FINNIFTY02JAN2420500PE.NFO,02/01/2024,09:44:21,0.3,0.3,403240,0.35,418920,0,1580680
FINNIFTY02JAN2420500PE.NFO,02/01/2024,09:44:30,0.3,0.3,389720,0.35,419720,13920,1580680
FINNIFTY02JAN2420500PE.NFO,02/01/2024,09:44:39,0.35,0.3,389720,0.35,420320,1200,1583960
FINNIFTY02JAN2420500PE.NFO,02/01/2024,09:44:49,0.35,0.3,389720,0.35,412800,7520,1583960
FINNIFTY02JAN2420500PE.NFO,02/01/2024,09:44:58,0.3,0.3,391160,0.35,420920,3120,1583960
FINNIFTY02JAN2420500PE.NFO,02/01/2024,09:45:07,0.3,0.3,391320,0.35,430320,6520,1583960
FINNIFTY02JAN2420500PE.NFO,02/01/2024,09:45:16,0.3,0.3,394840,0.35,429920,80,1583960
FINNIFTY02JAN2420500PE.NFO,02/01/2024,09:45:26,0.3,0.3,382000,0.35,429840,8120,1583960
FINNIFTY02JAN2420500PE.NFO,02/01/2024,09:45:36,0.35,0.3,382680,0.35,428160,6200,1583960
FINNIFTY02JAN2420500PE.NFO,02/01/2024,09:45:45,0.3,0.3,377080,0.35,431040,1120,1583960
FINNIFTY02JAN2420500PE.NFO,02/01/2024,09:45:54,0.35,0.3,380320,0.35,430240,2360,1583960
FINNIFTY02JAN2420500PE.NFO,02/01/2024,09:46:04,0.35,0.3,374160,0.35,437320,7280,1583960
FINNIFTY02JAN2420500PE.NFO,02/01/2024,09:46:14,0.35,0.3,371800,0.35,435120,3560,1583960
FINNIFTY02JAN2420500PE.NFO,02/01/2024,09:46:24,0.35,0.3,370000,0.35,434600,520,1583960
FINNIFTY02JAN2420500PE.NFO,02/01/2024,09:46:34,0.35,0.3,342000,0.35,439480,15160,1583960
FINNIFTY02JAN2420500PE.NFO,02/01/2024,09:46:43,0.3,0.3,330800,0.35,438880,1800,1583960
FINNIFTY02JAN2420500PE.NFO,02/01/2024,09:46:52,0.35,0.3,325080,0.35,437240,1360,1583960
FINNIFTY02JAN2420500PE.NFO,02/01/2024,09:47:01,0.35,0.3,325080,0.35,437160,80,1583960
FINNIFTY02JAN2420500PE.NFO,02/01/2024,09:47:11,0.35,0.3,86720,0.35,436000,159280,1583960
FINNIFTY02JAN2420500PE.NFO,02/01/2024,09:47:20,0.35,0.3,111920,0.35,425840,61520,1583960
FINNIFTY02JAN2420500PE.NFO,02/01/2024,09:47:29,0.35,0.3,288440,0.35,472200,33000,1583960
FINNIFTY02JAN2420500PE.NFO,02/01/2024,09:47:38,0.3,0.3,286480,0.35,487280,4080,1536600
FINNIFTY02JAN2420500PE.NFO,02/01/2024,09:47:47,0.3,0.3,64280,0.35,481880,6200,1536600
FINNIFTY02JAN2420500PE.NFO,02/01/2024,09:47:56,0.25,0.25,914280,0.3,221120,65480,1536600
FINNIFTY02JAN2420500PE.NFO,02/01/2024,09:47:56,0.25,0.25,914280,0.3,221120,0,1536600
FINNIFTY02JAN2420500PE.NFO,02/01/2024,09:48:06,0.3,0.25,915440,0.3,219600,9480,1536600
FINNIFTY02JAN2420500PE.NFO,02/01/2024,09:48:15,0.3,0.25,915720,0.3,217800,4560,1536600
FINNIFTY02JAN2420500PE.NFO,02/01/2024,09:48:23,0.3,0.25,918760,0.3,219160,3600,1536600
FINNIFTY02JAN2420500PE.NFO,02/01/2024,09:48:32,0.3,0.25,922480,0.3,219600,3920,1536600
FINNIFTY02JAN2420500PE.NFO,02/01/2024,09:48:42,0.25,0.25,1093960,0.3,227400,2160,1536600
FINNIFTY02JAN2420500PE.NFO,02/01/2024,09:48:51,0.3,0.25,1226320,0.3,220480,17000,1536600
FINNIFTY02JAN2420500PE.NFO,02/01/2024,09:49:00,0.25,0.25,1226240,0.3,227120,640,1536600
FINNIFTY02JAN2420500PE.NFO,02/01/2024,09:49:10,0.3,0.25,1225960,0.3,218320,2040,1536600
FINNIFTY02JAN2420500PE.NFO,02/01/2024,09:49:19,0.3,0.25,1225960,0.3,215240,1640,1536600
FINNIFTY02JAN2420500PE.NFO,02/01/2024,09:49:29,0.25,0.25,1230360,0.3,223400,18120,1536600
FINNIFTY02JAN2420500PE.NFO,02/01/2024,09:49:38,0.25,0.25,1230360,0.3,327800,0,1536600
FINNIFTY02JAN2420500PE.NFO,02/01/2024,09:49:47,0.3,0.25,1230280,0.3,399240,2400,1536600
FINNIFTY02JAN2420500PE.NFO,02/01/2024,09:49:56,0.25,0.25,1230120,0.3,441720,160,1536600
FINNIFTY02JAN2420500PE.NFO,02/01/2024,09:50:05,0.25,0.25,1179640,0.3,454760,160,1536600
FINNIFTY02JAN2420500PE.NFO,02/01/2024,09:50:14,0.25,0.25,1179440,0.3,433160,200,1536600
FINNIFTY02JAN2420500PE.NFO,02/01/2024,09:50:23,0.25,0.25,1193400,0.3,441080,440,1536600
FINNIFTY02JAN2420500PE.NFO,02/01/2024,09:50:32,0.3,0.25,1193400,0.3,440520,600,1536600
FINNIFTY02JAN2420500PE.NFO,02/01/2024,09:50:41,0.3,0.25,1193400,0.3,441400,560,1546360
FINNIFTY02JAN2420500PE.NFO,02/01/2024,09:50:50,0.3,0.25,1193800,0.3,440920,1240,1546360
FINNIFTY02JAN2420500PE.NFO,02/01/2024,09:50:59,0.3,0.25,1193800,0.3,440120,800,1546360
FINNIFTY02JAN2420500PE.NFO,02/01/2024,09:51:08,0.3,0.25,1194000,0.3,440680,880,1546360
FINNIFTY02JAN2420500PE.NFO,02/01/2024,09:51:18,0.3,0.25,1194000,0.3,440280,400,1546360
FINNIFTY02JAN2420500PE.NFO,02/01/2024,09:51:28,0.3,0.25,1194000,0.3,440200,80,1546360
FINNIFTY02JAN2420500PE.NFO,02/01/2024,09:51:38,0.3,0.25,1194000,0.3,440120,80,1546360
FINNIFTY02JAN2420500PE.NFO,02/01/2024,09:51:47,0.25,0.25,1190360,0.3,440040,3720,1546360
FINNIFTY02JAN2420500PE.NFO,02/01/2024,09:51:56,0.3,0.25,1192680,0.3,440400,5000,1546360
FINNIFTY02JAN2420500PE.NFO,02/01/2024,09:52:05,0.3,0.25,1193280,0.3,441880,2360,1546360
FINNIFTY02JAN2420500PE.NFO,02/01/2024,09:52:14,0.3,0.25,1200440,0.3,448520,24400,1546360
FINNIFTY02JAN2420500PE.NFO,02/01/2024,09:52:23,0.3,0.25,1211280,0.3,375800,96000,1546360
FINNIFTY02JAN2420500PE.NFO,02/01/2024,09:52:32,0.3,0.25,1242440,0.3,371120,1440,1546360
FINNIFTY02JAN2420500PE.NFO,02/01/2024,09:52:41,0.3,0.25,1210040,0.3,373800,600,1546360
FINNIFTY02JAN2420500PE.NFO,02/01/2024,09:52:50,0.3,0.25,1210040,0.3,385800,0,1546360
FINNIFTY02JAN2420500PE.NFO,02/01/2024,09:53:08,0.3,0.25,1208240,0.3,383960,1840,1546360
FINNIFTY02JAN2420500PE.NFO,02/01/2024,09:53:18,0.3,0.25,1208240,0.3,385560,560,1546360
FINNIFTY02JAN2420500PE.NFO,02/01/2024,09:53:27,0.3,0.25,1205760,0.3,385280,2760,1546360
FINNIFTY02JAN2420500PE.NFO,02/01/2024,09:53:36,0.3,0.25,1205760,0.3,264280,960,1580960
FINNIFTY02JAN2420500PE.NFO,02/01/2024,09:53:46,0.3,0.25,1205280,0.3,236440,27440,1580960
FINNIFTY02JAN2420500PE.NFO,02/01/2024,09:53:55,0.3,0.25,1212480,0.3,171280,840,1580960
FINNIFTY02JAN2420500PE.NFO,02/01/2024,09:54:04,0.3,0.25,1218680,0.3,171320,2000,1580960
FINNIFTY02JAN2420500PE.NFO,02/01/2024,09:54:13,0.3,0.25,1218680,0.3,170960,360,1580960
FINNIFTY02JAN2420500PE.NFO,02/01/2024,09:54:21,0.25,0.25,1217680,0.3,173520,8240,1580960
FINNIFTY02JAN2420500PE.NFO,02/01/2024,09:54:31,0.3,0.25,1217240,0.3,171840,2840,1580960
FINNIFTY02JAN2420500PE.NFO,02/01/2024,09:54:41,0.3,0.25,1121000,0.3,164400,91400,1580960
FINNIFTY02JAN2420500PE.NFO,02/01/2024,09:54:50,0.3,0.25,1091080,0.3,265240,35360,1580960
FINNIFTY02JAN2420500PE.NFO,02/01/2024,09:55:01,0.3,0.25,1085240,0.3,243360,16400,1580960
FINNIFTY02JAN2420500PE.NFO,02/01/2024,09:55:12,0.3,0.3,347440,0.35,284560,254040,1580960
FINNIFTY02JAN2420500PE.NFO,02/01/2024,09:55:22,0.3,0.3,349880,0.35,283600,6800,1580960
FINNIFTY02JAN2420500PE.NFO,02/01/2024,09:55:32,0.3,0.3,325920,0.35,283200,20120,1580960
FINNIFTY02JAN2420500PE.NFO,02/01/2024,09:55:43,0.3,0.3,761920,0.35,258680,48560,1580960
FINNIFTY02JAN2420500PE.NFO,02/01/2024,09:55:52,0.3,0.3,759800,0.35,300840,3080,1580960
FINNIFTY02JAN2420500PE.NFO,02/01/2024,09:56:04,0.3,0.3,760040,0.35,292600,25000,1580960
FINNIFTY02JAN2420500PE.NFO,02/01/2024,09:56:16,0.3,0.3,763200,0.35,297680,33120,1580960
FINNIFTY02JAN2420500PE.NFO,02/01/2024,09:56:29,0.3,0.3,752240,0.35,300440,22360,1580960
FINNIFTY02JAN2420500PE.NFO,02/01/2024,09:56:41,0.3,0.3,744560,0.35,304800,19000,1739360
FINNIFTY02JAN2420500PE.NFO,02/01/2024,09:56:53,0.3,0.3,687760,0.35,257520,123640,1739360
FINNIFTY02JAN2420500PE.NFO,02/01/2024,09:57:05,0.35,0.3,697760,0.35,297920,5320,1739360
FINNIFTY02JAN2420500PE.NFO,02/01/2024,09:57:18,0.35,0.3,681600,0.35,291840,26320,1739360
FINNIFTY02JAN2420500PE.NFO,02/01/2024,09:57:31,0.35,0.35,395080,0.4,150720,599600,1739360
FINNIFTY02JAN2420500PE.NFO,02/01/2024,09:57:43,0.35,0.35,374040,0.4,287400,59520,1739360
FINNIFTY02JAN2420500PE.NFO,02/01/2024,09:57:54,0.35,0.35,361800,0.4,287800,9800,1739360
FINNIFTY02JAN2420500PE.NFO,02/01/2024,09:58:05,0.35,0.35,375200,0.4,296720,1880,1739360
FINNIFTY02JAN2420500PE.NFO,02/01/2024,09:58:17,0.35,0.35,352200,0.4,299360,21120,1739360
FINNIFTY02JAN2420500PE.NFO,02/01/2024,09:58:28,0.35,0.35,352920,0.4,303120,8800,1739360
FINNIFTY02JAN2420500PE.NFO,02/01/2024,09:58:41,0.4,0.35,345680,0.4,304960,8720,1739360
FINNIFTY02JAN2420500PE.NFO,02/01/2024,09:58:52,0.35,0.35,353880,0.4,291720,8240,1739360
FINNIFTY02JAN2420500PE.NFO,02/01/2024,09:59:02,0.4,0.35,355520,0.4,287360,15880,1739360
FINNIFTY02JAN2420500PE.NFO,02/01/2024,09:59:13,0.35,0.35,339760,0.4,292400,8560,1739360
FINNIFTY02JAN2420500PE.NFO,02/01/2024,09:59:26,0.35,0.35,340920,0.4,279000,38120,1739360
FINNIFTY02JAN2420500PE.NFO,02/01/2024,09:59:37,0.35,0.35,338320,0.4,283400,5400,1857600
FINNIFTY02JAN2420500PE.NFO,02/01/2024,09:59:48,0.35,0.35,273200,0.4,287000,57480,1857600
FINNIFTY02JAN2420500PE.NFO,02/01/2024,09:59:59,0.4,0.35,269440,0.4,302240,5320,1857600
FINNIFTY02JAN2420500PE.NFO,02/01/2024,10:00:10,0.4,0.35,257080,0.4,298680,14240,1857600
FINNIFTY02JAN2420500PE.NFO,02/01/2024,10:00:22,0.4,0.35,273840,0.4,313280,5720,1857600
FINNIFTY02JAN2420500PE.NFO,02/01/2024,10:00:35,0.4,0.35,272040,0.4,310920,6120,1857600
FINNIFTY02JAN2420500PE.NFO,02/01/2024,10:00:47,0.35,0.35,265480,0.4,308520,8360,1857600
FINNIFTY02JAN2420500PE.NFO,02/01/2024,10:00:58,0.35,0.35,257280,0.4,311600,8720,1857600
FINNIFTY02JAN2420500PE.NFO,02/01/2024,10:01:08,0.4,0.35,243440,0.4,288760,77320,1857600
FINNIFTY02JAN2420500PE.NFO,02/01/2024,10:01:19,0.4,0.35,285600,0.4,151840,145320,1857600
FINNIFTY02JAN2420500PE.NFO,02/01/2024,10:01:31,0.35,0.35,267280,0.4,106960,77600,1857600
FINNIFTY02JAN2420500PE.NFO,02/01/2024,10:01:41,0.35,0.35,245760,0.4,118800,21480,1857600
FINNIFTY02JAN2420500PE.NFO,02/01/2024,10:01:52,0.35,0.35,257320,0.4,130360,7640,1857600
FINNIFTY02JAN2420500PE.NFO,02/01/2024,10:02:02,0.4,0.35,253120,0.4,124480,16400,1857600
FINNIFTY02JAN2420500PE.NFO,02/01/2024,10:02:12,0.4,0.35,247720,0.4,125240,8400,1857600
FINNIFTY02JAN2420500PE.NFO,02/01/2024,10:02:23,0.4,0.35,244720,0.4,128120,5520,1857600
FINNIFTY02JAN2420500PE.NFO,02/01/2024,10:02:33,0.4,0.35,265720,0.4,128000,5640,1857600
FINNIFTY02JAN2420500PE.NFO,02/01/2024,10:02:43,0.35,0.35,259400,0.4,125520,11120,2038120
FINNIFTY02JAN2420500PE.NFO,02/01/2024,10:02:53,0.35,0.35,254840,0.4,123480,6600,2038120
FINNIFTY02JAN2420500PE.NFO,02/01/2024,10:03:03,0.35,0.35,254760,0.4,128680,240,2038120
FINNIFTY02JAN2420500PE.NFO,02/01/2024,10:03:14,0.35,0.35,251000,0.4,133720,4120,2038120
FINNIFTY02JAN2420500PE.NFO,02/01/2024,10:03:27,0.35,0.35,250520,0.4,123640,10520,2038120
FINNIFTY02JAN2420500PE.NFO,02/01/2024,10:03:39,0.35,0.35,241880,0.4,123040,8680,2038120
FINNIFTY02JAN2420500PE.NFO,02/01/2024,10:03:50,0.35,0.35,245000,0.4,128160,5040,2038120
FINNIFTY02JAN2420500PE.NFO,02/01/2024,10:04:00,0.35,0.35,246120,0.4,135320,8080,2038120
FINNIFTY02JAN2420500PE.NFO,02/01/2024,10:04:10,0.4,0.35,245240,0.4,132720,22200,2038120
FINNIFTY02JAN2420500PE.NFO,02/01/2024,10:04:21,0.35,0.35,223160,0.4,136840,17920,2038120
FINNIFTY02JAN2420500PE.NFO,02/01/2024,10:04:31,0.4,0.35,220120,0.4,155920,26240,2038120
FINNIFTY02JAN2420500PE.NFO,02/01/2024,10:04:41,0.4,0.35,219640,0.4,148560,17920,2038120
FINNIFTY02JAN2420500PE.NFO,02/01/2024,10:04:52,0.35,0.35,216800,0.4,209240,19920,2038120
FINNIFTY02JAN2420500PE.NFO,02/01/2024,10:05:02,0.4,0.35,241800,0.4,208640,31360,2038120
FINNIFTY02JAN2420500PE.NFO,02/01/2024,10:05:13,0.35,0.35,241400,0.4,202720,15920,2038120
FINNIFTY02JAN2420500PE.NFO,02/01/2024,10:05:23,0.4,0.35,238280,0.4,203520,4320,2038120
FINNIFTY02JAN2420500PE.NFO,02/01/2024,10:05:33,0.35,0.35,238120,0.4,204000,1600,2038120
FINNIFTY02JAN2420500PE.NFO,02/01/2024,10:05:43,0.35,0.35,261560,0.4,216400,1480,2051480
FINNIFTY02JAN2420500PE.NFO,02/01/2024,10:05:53,0.35,0.35,271560,0.4,223880,8560,2051480
FINNIFTY02JAN2420500PE.NFO,02/01/2024,10:06:03,0.4,0.35,271040,0.4,225160,2360,2051480
FINNIFTY02JAN2420500PE.NFO,02/01/2024,10:06:14,0.4,0.35,271160,0.4,220880,6600,2051480
FINNIFTY02JAN2420500PE.NFO,02/01/2024,10:06:24,0.4,0.35,277600,0.4,219040,29000,2051480
FINNIFTY02JAN2420500PE.NFO,02/01/2024,10:06:34,0.4,0.35,277560,0.4,218200,5040,2051480
FINNIFTY02JAN2420500PE.NFO,02/01/2024,10:06:44,0.4,0.35,278240,0.4,217640,9440,2051480
FINNIFTY02JAN2420500PE.NFO,02/01/2024,10:06:55,0.4,0.35,275240,0.4,234040,10200,2051480
FINNIFTY02JAN2420500PE.NFO,02/01/2024,10:07:05,0.35,0.35,274760,0.4,353960,11040,2051480
FINNIFTY02JAN2420500PE.NFO,02/01/2024,10:07:16,0.35,0.3,447840,0.35,496880,297280,2051480
FINNIFTY02JAN2420500PE.NFO,02/01/2024,10:07:26,0.35,0.3,448000,0.35,530400,3080,2051480
FINNIFTY02JAN2420500PE.NFO,02/01/2024,10:07:37,0.3,0.3,455760,0.35,532920,2200,2051480
FINNIFTY02JAN2420500PE.NFO,02/01/2024,10:07:48,0.35,0.3,453880,0.35,532920,1040,2051480
FINNIFTY02JAN2420500PE.NFO,02/01/2024,10:07:58,0.3,0.3,446800,0.35,533280,200,2051480
FINNIFTY02JAN2420500PE.NFO,02/01/2024,10:08:08,0.3,0.3,453320,0.35,532800,800,2051480
FINNIFTY02JAN2420500PE.NFO,02/01/2024,10:08:18,0.35,0.3,470400,0.35,530040,17120,2051480
FINNIFTY02JAN2420500PE.NFO,02/01/2024,10:08:28,0.3,0.3,442760,0.35,537000,14240,2051480
FINNIFTY02JAN2420500PE.NFO,02/01/2024,10:08:38,0.3,0.3,440880,0.35,540360,1880,2051480
FINNIFTY02JAN2420500PE.NFO,02/01/2024,10:08:48,0.35,0.3,382360,0.35,543320,880,1950160
FINNIFTY02JAN2420500PE.NFO,02/01/2024,10:08:58,0.35,0.3,382360,0.35,545080,920,1950160
FINNIFTY02JAN2420500PE.NFO,02/01/2024,10:09:08,0.35,0.3,377800,0.35,550360,7920,1950160
FINNIFTY02JAN2420500PE.NFO,02/01/2024,10:09:18,0.35,0.3,374760,0.35,550240,5680,1950160
FINNIFTY02JAN2420500PE.NFO,02/01/2024,10:09:28,0.3,0.3,375080,0.35,550200,1960,1950160
FINNIFTY02JAN2420500PE.NFO,02/01/2024,10:09:37,0.35,0.3,375600,0.35,549840,1400,1950160
FINNIFTY02JAN2420500PE.NFO,02/01/2024,10:09:47,0.3,0.3,377480,0.35,550000,200,1950160
FINNIFTY02JAN2420500PE.NFO,02/01/2024,10:09:57,0.35,0.3,374120,0.35,547040,1720,1950160
FINNIFTY02JAN2420500PE.NFO,02/01/2024,10:10:07,0.35,0.3,376800,0.35,547840,4880,1950160
FINNIFTY02JAN2420500PE.NFO,02/01/2024,10:10:17,0.35,0.3,383600,0.35,549080,14600,1950160
FINNIFTY02JAN2420500PE.NFO,02/01/2024,10:10:27,0.35,0.3,383520,0.35,548360,5160,1950160
FINNIFTY02JAN2420500PE.NFO,02/01/2024,10:10:37,0.35,0.3,385800,0.35,551120,2760,1950160
FINNIFTY02JAN2420500PE.NFO,02/01/2024,10:10:47,0.35,0.3,385760,0.35,551720,1880,1950160
FINNIFTY02JAN2420500PE.NFO,02/01/2024,10:10:56,0.35,0.3,385320,0.35,549760,2200,1950160
FINNIFTY02JAN2420500PE.NFO,02/01/2024,10:11:06,0.35,0.3,387760,0.35,551480,3080,1950160
FINNIFTY02JAN2420500PE.NFO,02/01/2024,10:11:16,0.3,0.3,385680,0.35,551720,520,1950160
FINNIFTY02JAN2420500PE.NFO,02/01/2024,10:11:26,0.35,0.3,435400,0.35,548640,2480,1950160
FINNIFTY02JAN2420500PE.NFO,02/01/2024,10:11:36,0.35,0.3,436240,0.35,555120,2400,1950160
FINNIFTY02JAN2420500PE.NFO,02/01/2024,10:11:45,0.35,0.3,434640,0.35,536880,20800,1956560
FINNIFTY02JAN2420500PE.NFO,02/01/2024,10:11:54,0.3,0.3,434160,0.35,516080,21280,1956560
FINNIFTY02JAN2420500PE.NFO,02/01/2024,10:12:03,0.3,0.3,541840,0.35,516960,0,1956560
FINNIFTY02JAN2420500PE.NFO,02/01/2024,10:12:13,0.3,0.3,544640,0.35,519200,760,1956560
FINNIFTY02JAN2420500PE.NFO,02/01/2024,10:12:22,0.35,0.3,579560,0.35,518600,600,1956560
FINNIFTY02JAN2420500PE.NFO,02/01/2024,10:12:32,0.3,0.3,579560,0.35,518560,80,1956560
FINNIFTY02JAN2420500PE.NFO,02/01/2024,10:12:43,0.35,0.3,579600,0.35,461160,40160,1956560
FINNIFTY02JAN2420500PE.NFO,02/01/2024,10:12:54,0.35,0.3,578640,0.35,469080,1320,1956560
FINNIFTY02JAN2420500PE.NFO,02/01/2024,10:13:04,0.35,0.3,594840,0.35,473200,7080,1956560
FINNIFTY02JAN2420500PE.NFO,02/01/2024,10:13:15,0.3,0.3,631840,0.35,471080,8120,1956560
FINNIFTY02JAN2420500PE.NFO,02/01/2024,10:13:24,0.35,0.3,631840,0.35,435040,10840,1956560
FINNIFTY02JAN2420500PE.NFO,02/01/2024,10:13:34,0.35,0.3,631800,0.35,414160,39920,1956560
FINNIFTY02JAN2420500PE.NFO,02/01/2024,10:13:44,0.3,0.3,628560,0.35,409400,17040,1956560
FINNIFTY02JAN2420500PE.NFO,02/01/2024,10:13:54,0.3,0.3,623760,0.35,409280,4800,1956560
FINNIFTY02JAN2420500PE.NFO,02/01/2024,10:14:04,0.35,0.3,622520,0.35,406640,5000,1956560
FINNIFTY02JAN2420500PE.NFO,02/01/2024,10:14:15,0.35,0.3,622360,0.35,408320,1080,1956560
FINNIFTY02JAN2420500PE.NFO,02/01/2024,10:14:24,0.35,0.3,622000,0.35,403640,4920,1956560
FINNIFTY02JAN2420500PE.NFO,02/01/2024,10:14:34,0.35,0.3,620160,0.35,399800,6680,1956560
FINNIFTY02JAN2420500PE.NFO,02/01/2024,10:14:45,0.3,0.3,463400,0.35,429960,34280,1882400
FINNIFTY02JAN2420500PE.NFO,02/01/2024,10:14:55,0.3,0.3,462560,0.35,432720,1000,1882400
FINNIFTY02JAN2420500PE.NFO,02/01/2024,10:15:04,0.3,0.3,479440,0.35,430440,4080,1882400
FINNIFTY02JAN2420500PE.NFO,02/01/2024,10:15:14,0.3,0.3,478160,0.35,432040,2800,1882400
FINNIFTY02JAN2420500PE.NFO,02/01/2024,10:15:24,0.3,0.3,452320,0.35,468960,25880,1882400
FINNIFTY02JAN2420500PE.NFO,02/01/2024,10:15:34,0.35,0.3,445160,0.35,474800,11120,1882400
FINNIFTY02JAN2420500PE.NFO,02/01/2024,10:15:44,0.35,0.3,445160,0.35,475800,520,1882400
FINNIFTY02JAN2420500PE.NFO,02/01/2024,10:15:53,0.35,0.3,445160,0.35,473480,2320,1882400
FINNIFTY02JAN2420500PE.NFO,02/01/2024,10:16:03,0.35,0.3,424640,0.35,470040,23840,1882400
FINNIFTY02JAN2420500PE.NFO,02/01/2024,10:16:13,0.35,0.3,424640,0.35,485560,5480,1882400
FINNIFTY02JAN2420500PE.NFO,02/01/2024,10:16:24,0.35,0.3,411560,0.35,475280,23280,1882400
FINNIFTY02JAN2420500PE.NFO,02/01/2024,10:16:33,0.35,0.3,411560,0.35,473600,1680,1882400
FINNIFTY02JAN2420500PE.NFO,02/01/2024,10:16:43,0.35,0.3,376560,0.35,471840,1800,1882400
FINNIFTY02JAN2420500PE.NFO,02/01/2024,10:16:53,0.35,0.3,376120,0.35,457840,13040,1882400
FINNIFTY02JAN2420500PE.NFO,02/01/2024,10:17:02,0.35,0.3,375800,0.35,390440,56600,1882400
FINNIFTY02JAN2420500PE.NFO,02/01/2024,10:17:12,0.3,0.3,374280,0.35,384880,2360,1882400
FINNIFTY02JAN2420500PE.NFO,02/01/2024,10:17:22,0.35,0.3,374080,0.35,387480,4800,1882400
FINNIFTY02JAN2420500PE.NFO,02/01/2024,10:17:32,0.3,0.3,373360,0.35,378960,2040,1882400
FINNIFTY02JAN2420500PE.NFO,02/01/2024,10:17:42,0.35,0.3,377360,0.35,385360,800,1882400
FINNIFTY02JAN2420500PE.NFO,02/01/2024,10:17:51,0.35,0.3,377040,0.35,348760,31760,1942480
FINNIFTY02JAN2420500PE.NFO,02/01/2024,10:18:01,0.3,0.3,398840,0.35,357680,3840,1942480
FINNIFTY02JAN2420500PE.NFO,02/01/2024,10:18:10,0.3,0.3,407120,0.35,357200,1080,1942480
FINNIFTY02JAN2420500PE.NFO,02/01/2024,10:18:20,0.35,0.3,407120,0.35,346400,1800,1942480
FINNIFTY02JAN2420500PE.NFO,02/01/2024,10:18:30,0.35,0.3,407120,0.35,355400,0,1942480
FINNIFTY02JAN2420500PE.NFO,02/01/2024,10:18:49,0.3,0.3,411160,0.35,375200,6760,1942480
FINNIFTY02JAN2420500PE.NFO,02/01/2024,10:18:58,0.3,0.3,408560,0.35,372200,4400,1942480
FINNIFTY02JAN2420500PE.NFO,02/01/2024,10:19:08,0.3,0.3,409880,0.35,371600,1000,1942480
FINNIFTY02JAN2420500PE.NFO,02/01/2024,10:19:17,0.35,0.3,420200,0.35,369560,6480,1942480
FINNIFTY02JAN2420500PE.NFO,02/01/2024,10:19:27,0.35,0.3,434120,0.35,368280,1080,1942480
FINNIFTY02JAN2420500PE.NFO,02/01/2024,10:19:36,0.35,0.3,449160,0.35,366000,5160,1942480
FINNIFTY02JAN2420500PE.NFO,02/01/2024,10:19:46,0.35,0.3,449160,0.35,367800,1000,1942480
FINNIFTY02JAN2420500PE.NFO,02/01/2024,10:19:55,0.35,0.3,446160,0.35,367840,4800,1942480
FINNIFTY02JAN2420500PE.NFO,02/01/2024,10:20:04,0.35,0.3,442200,0.35,368280,4160,1942480
FINNIFTY02JAN2420500PE.NFO,02/01/2024,10:20:14,0.35,0.3,441120,0.35,359400,9320,1942480
FINNIFTY02JAN2420500PE.NFO,02/01/2024,10:20:24,0.35,0.3,440800,0.35,357840,3920,1942480
FINNIFTY02JAN2420500PE.NFO,02/01/2024,10:20:33,0.35,0.3,437800,0.35,357120,720,1942480
FINNIFTY02JAN2420500PE.NFO,02/01/2024,10:20:43,0.35,0.3,437800,0.35,357120,0,1942480
FINNIFTY02JAN2420500PE.NFO,02/01/2024,10:20:53,0.35,0.3,437800,0.35,357000,120,1978680
FINNIFTY02JAN2420500PE.NFO,02/01/2024,10:21:03,0.35,0.3,433640,0.35,350080,200,1978680
FINNIFTY02JAN2420500PE.NFO,02/01/2024,10:21:12,0.3,0.3,432400,0.35,349480,2880,1978680
FINNIFTY02JAN2420500PE.NFO,02/01/2024,10:21:22,0.35,0.3,432160,0.35,340480,880,1978680
FINNIFTY02JAN2420500PE.NFO,02/01/2024,10:21:32,0.3,0.3,430600,0.35,335320,6160,1978680
FINNIFTY02JAN2420500PE.NFO,02/01/2024,10:21:42,0.35,0.3,430600,0.35,333920,2000,1978680
FINNIFTY02JAN2420500PE.NFO,02/01/2024,10:21:52,0.35,0.3,429640,0.35,333280,3120,1978680
FINNIFTY02JAN2420500PE.NFO,02/01/2024,10:22:01,0.35,0.3,372040,0.35,332440,1040,1978680
FINNIFTY02JAN2420500PE.NFO,02/01/2024,10:22:11,0.35,0.3,363400,0.35,327160,14240,1978680
FINNIFTY02JAN2420500PE.NFO,02/01/2024,10:22:21,0.35,0.3,363400,0.35,330120,1040,1978680
FINNIFTY02JAN2420500PE.NFO,02/01/2024,10:22:31,0.35,0.3,363000,0.35,327400,3640,1978680
FINNIFTY02JAN2420500PE.NFO,02/01/2024,10:22:41,0.35,0.3,363000,0.35,329440,400,1978680
FINNIFTY02JAN2420500PE.NFO,02/01/2024,10:22:51,0.35,0.3,363000,0.35,329400,0,1978680
FINNIFTY02JAN2420500PE.NFO,02/01/2024,10:23:01,0.35,0.3,363000,0.35,329960,40,1978680
FINNIFTY02JAN2420500PE.NFO,02/01/2024,10:23:11,0.3,0.3,361640,0.35,328440,3680,1978680
FINNIFTY02JAN2420500PE.NFO,02/01/2024,10:23:21,0.35,0.3,361640,0.35,328480,1000,1978680
FINNIFTY02JAN2420500PE.NFO,02/01/2024,10:23:31,0.3,0.3,360680,0.35,328480,960,1978680
FINNIFTY02JAN2420500PE.NFO,02/01/2024,10:23:41,0.35,0.3,360520,0.35,321280,7400,1996400
FINNIFTY02JAN2420500PE.NFO,02/01/2024,10:23:52,0.35,0.3,360360,0.35,308480,15160,1996400
FINNIFTY02JAN2420500PE.NFO,02/01/2024,10:24:02,0.3,0.3,352800,0.35,308440,7560,1996400
FINNIFTY02JAN2420500PE.NFO,02/01/2024,10:24:12,0.35,0.3,354120,0.35,308080,720,1996400
FINNIFTY02JAN2420500PE.NFO,02/01/2024,10:24:22,0.35,0.3,351400,0.35,299880,11040,1996400
FINNIFTY02JAN2420500PE.NFO,02/01/2024,10:24:32,0.35,0.3,399400,0.35,305280,0,1996400
FINNIFTY02JAN2420500PE.NFO,02/01/2024,10:24:42,0.3,0.3,399200,0.35,305280,200,1996400
FINNIFTY02JAN2420500PE.NFO,02/01/2024,10:24:52,0.35,0.3,389200,0.35,297880,17400,1996400
FINNIFTY02JAN2420500PE.NFO,02/01/2024,10:25:04,0.35,0.3,389120,0.35,260280,31080,1996400
FINNIFTY02JAN2420500PE.NFO,02/01/2024,10:25:15,0.35,0.3,389120,0.35,267560,1920,1996400
FINNIFTY02JAN2420500PE.NFO,02/01/2024,10:25:26,0.35,0.3,433560,0.35,259000,13160,1996400
FINNIFTY02JAN2420500PE.NFO,02/01/2024,10:25:37,0.35,0.3,469560,0.35,233360,15720,1996400
FINNIFTY02JAN2420500PE.NFO,02/01/2024,10:25:47,0.35,0.3,469560,0.35,253320,0,1996400
FINNIFTY02JAN2420500PE.NFO,02/01/2024,10:25:57,0.35,0.3,469560,0.35,244600,640,1996400
FINNIFTY02JAN2420500PE.NFO,02/01/2024,10:26:08,0.35,0.3,487200,0.35,250360,3160,1996400
FINNIFTY02JAN2420500PE.NFO,02/01/2024,10:26:19,0.35,0.3,487200,0.35,250360,0,1996400
FINNIFTY02JAN2420500PE.NFO,02/01/2024,10:26:31,0.35,0.3,486120,0.35,238760,160,1996400
FINNIFTY02JAN2420500PE.NFO,02/01/2024,10:26:42,0.35,0.3,486120,0.35,245960,3320,2034000
FINNIFTY02JAN2420500PE.NFO,02/01/2024,10:26:54,0.3,0.3,484320,0.35,245840,2040,2034000
FINNIFTY02JAN2420500PE.NFO,02/01/2024,10:27:05,0.3,0.3,479160,0.35,245840,5160,2034000
FINNIFTY02JAN2420500PE.NFO,02/01/2024,10:27:16,0.3,0.3,469840,0.35,254120,9680,2034000
FINNIFTY02JAN2420500PE.NFO,02/01/2024,10:27:27,0.3,0.3,450800,0.35,255560,1040,2034000
FINNIFTY02JAN2420500PE.NFO,02/01/2024,10:27:37,0.35,0.3,467600,0.35,254320,3880,2034000
FINNIFTY02JAN2420500PE.NFO,02/01/2024,10:27:47,0.3,0.3,470120,0.35,253320,40,2034000
FINNIFTY02JAN2420500PE.NFO,02/01/2024,10:27:58,0.3,0.3,470120,0.35,256120,0,2034000
FINNIFTY02JAN2420500PE.NFO,02/01/2024,10:28:08,0.35,0.3,471200,0.35,255680,720,2034000
FINNIFTY02JAN2420500PE.NFO,02/01/2024,10:28:19,0.35,0.3,471480,0.35,253160,720,2034000
FINNIFTY02JAN2420500PE.NFO,02/01/2024,10:28:29,0.35,0.3,471040,0.35,252560,1000,2034000
FINNIFTY02JAN2420500PE.NFO,02/01/2024,10:28:39,0.35,0.3,470520,0.35,251520,1040,2034000
FINNIFTY02JAN2420500PE.NFO,02/01/2024,10:28:48,0.35,0.3,470520,0.35,251760,400,2034000
FINNIFTY02JAN2420500PE.NFO,02/01/2024,10:28:58,0.35,0.3,467560,0.35,246960,6000,2034000
FINNIFTY02JAN2420500PE.NFO,02/01/2024,10:29:08,0.35,0.3,466840,0.35,235960,17160,2034000
FINNIFTY02JAN2420500PE.NFO,02/01/2024,10:29:18,0.3,0.3,468440,0.35,233920,4000,2034000
FINNIFTY02JAN2420500PE.NFO,02/01/2024,10:29:28,0.35,0.3,468440,0.35,218840,840,2034000
FINNIFTY02JAN2420500PE.NFO,02/01/2024,10:29:38,0.35,0.3,467080,0.35,223160,4400,2070360
FINNIFTY02JAN2420500PE.NFO,02/01/2024,10:29:49,0.3,0.3,465280,0.35,237160,1800,2070360
FINNIFTY02JAN2420500PE.NFO,02/01/2024,10:29:59,0.3,0.3,465280,0.35,240680,0,2070360
FINNIFTY02JAN2420500PE.NFO,02/01/2024,10:30:22,0.3,0.3,464760,0.35,250160,1280,2070360
FINNIFTY02JAN2420500PE.NFO,02/01/2024,10:30:34,0.3,0.3,462440,0.35,259800,4320,2070360
FINNIFTY02JAN2420500PE.NFO,02/01/2024,10:30:44,0.3,0.3,461400,0.35,258800,1000,2070360
FINNIFTY02JAN2420500PE.NFO,02/01/2024,10:30:54,0.35,0.3,425440,0.35,258120,3120,2070360
FINNIFTY02JAN2420500PE.NFO,02/01/2024,10:31:04,0.35,0.3,406360,0.35,250360,3600,2070360
FINNIFTY02JAN2420500PE.NFO,02/01/2024,10:31:14,0.35,0.3,396360,0.35,243520,10960,2070360
FINNIFTY02JAN2420500PE.NFO,02/01/2024,10:31:24,0.35,0.3,396960,0.35,245600,800,2070360
FINNIFTY02JAN2420500PE.NFO,02/01/2024,10:31:34,0.35,0.3,396960,0.35,243760,1840,2070360
FINNIFTY02JAN2420500PE.NFO,02/01/2024,10:31:44,0.35,0.3,309360,0.35,241760,2640,2070360
FINNIFTY02JAN2420500PE.NFO,02/01/2024,10:31:55,0.3,0.3,219480,0.35,305400,121760,2070360
FINNIFTY02JAN2420500PE.NFO,02/01/2024,10:32:06,0.3,0.3,158680,0.35,304960,10200,2070360
FINNIFTY02JAN2420500PE.NFO,02/01/2024,10:32:16,0.3,0.3,158280,0.35,307760,1640,2070360
FINNIFTY02JAN2420500PE.NFO,02/01/2024,10:32:26,0.35,0.3,155800,0.35,309320,3560,2070360
FINNIFTY02JAN2420500PE.NFO,02/01/2024,10:32:36,0.35,0.3,154560,0.35,310200,2720,2070360
FINNIFTY02JAN2420500PE.NFO,02/01/2024,10:32:46,0.3,0.3,152440,0.35,311000,4040,2002240
FINNIFTY02JAN2420500PE.NFO,02/01/2024,10:32:56,0.3,0.3,139880,0.35,315960,3760,2002240
FINNIFTY02JAN2420500PE.NFO,02/01/2024,10:33:06,0.35,0.3,144680,0.35,310160,9760,2002240
FINNIFTY02JAN2420500PE.NFO,02/01/2024,10:33:15,0.3,0.3,144480,0.35,310160,200,2002240
FINNIFTY02JAN2420500PE.NFO,02/01/2024,10:33:25,0.3,0.3,115280,0.35,334160,23800,2002240
FINNIFTY02JAN2420500PE.NFO,02/01/2024,10:33:34,0.3,0.3,131480,0.35,345680,2120,2002240
FINNIFTY02JAN2420500PE.NFO,02/01/2024,10:33:44,0.3,0.3,120480,0.35,350680,2000,2002240
FINNIFTY02JAN2420500PE.NFO,02/01/2024,10:33:55,0.3,0.3,129280,0.35,349640,240,2002240
FINNIFTY02JAN2420500PE.NFO,02/01/2024,10:34:04,0.3,0.3,129440,0.35,349640,560,2002240
FINNIFTY02JAN2420500PE.NFO,02/01/2024,10:34:14,0.3,0.3,129480,0.35,349640,0,2002240
FINNIFTY02JAN2420500PE.NFO,02/01/2024,10:34:24,0.3,0.3,127880,0.35,345240,6200,2002240
FINNIFTY02JAN2420500PE.NFO,02/01/2024,10:34:34,0.3,0.3,124840,0.35,339400,5800,2002240
FINNIFTY02JAN2420500PE.NFO,02/01/2024,10:34:43,0.3,0.3,123840,0.35,339400,1800,2002240
FINNIFTY02JAN2420500PE.NFO,02/01/2024,10:34:53,0.35,0.3,123800,0.35,329240,11520,2002240
FINNIFTY02JAN2420500PE.NFO,02/01/2024,10:35:03,0.35,0.3,121840,0.35,327640,3400,2002240
FINNIFTY02JAN2420500PE.NFO,02/01/2024,10:35:13,0.35,0.3,128560,0.35,334080,1320,2002240
FINNIFTY02JAN2420500PE.NFO,02/01/2024,10:35:23,0.35,0.3,128040,0.35,333480,3440,2002240
FINNIFTY02JAN2420500PE.NFO,02/01/2024,10:35:33,0.3,0.3,128000,0.35,335160,400,2002240
FINNIFTY02JAN2420500PE.NFO,02/01/2024,10:35:43,0.35,0.3,125400,0.35,330040,7520,1975920
FINNIFTY02JAN2420500PE.NFO,02/01/2024,10:35:53,0.3,0.3,116240,0.35,330040,560,1975920
FINNIFTY02JAN2420500PE.NFO,02/01/2024,10:36:03,0.3,0.3,109240,0.35,330160,21600,1975920
FINNIFTY02JAN2420500PE.NFO,02/01/2024,10:36:13,0.3,0.3,78120,0.35,322720,24400,1975920
FINNIFTY02JAN2420500PE.NFO,02/01/2024,10:36:25,0.25,0.25,719080,0.3,226200,89040,1975920
FINNIFTY02JAN2420500PE.NFO,02/01/2024,10:36:38,0.3,0.3,906040,0.35,226480,243360,1975920
FINNIFTY02JAN2420500PE.NFO,02/01/2024,10:36:50,0.3,0.3,1103000,0.35,448280,10600,1975920
FINNIFTY02JAN2420500PE.NFO,02/01/2024,10:37:01,0.3,0.3,1101720,0.35,446320,5560,1975920
FINNIFTY02JAN2420500PE.NFO,02/01/2024,10:37:13,0.3,0.3,1087840,0.35,447520,29560,1975920
FINNIFTY02JAN2420500PE.NFO,02/01/2024,10:37:25,0.3,0.3,1087760,0.35,453240,0,1975920
FINNIFTY02JAN2420500PE.NFO,02/01/2024,10:37:36,0.35,0.3,113200,0.35,444400,32360,1975920
FINNIFTY02JAN2420500PE.NFO,02/01/2024,10:37:47,0.3,0.3,112760,0.35,458520,8440,1975920
FINNIFTY02JAN2420500PE.NFO,02/01/2024,10:37:57,0.3,0.3,112880,0.35,457320,2520,1975920
FINNIFTY02JAN2420500PE.NFO,02/01/2024,10:38:07,0.35,0.3,113680,0.35,455520,1800,1975920
FINNIFTY02JAN2420500PE.NFO,02/01/2024,10:38:17,0.35,0.3,113440,0.35,455160,3040,1975920
FINNIFTY02JAN2420500PE.NFO,02/01/2024,10:38:27,0.35,0.3,112400,0.35,454840,3080,1975920
FINNIFTY02JAN2420500PE.NFO,02/01/2024,10:38:37,0.35,0.3,110880,0.35,455120,2680,1975920
FINNIFTY02JAN2420500PE.NFO,02/01/2024,10:38:47,0.35,0.3,110880,0.35,455080,200,2003760
FINNIFTY02JAN2420500PE.NFO,02/01/2024,10:38:58,0.35,0.3,109480,0.35,453800,1560,2003760
FINNIFTY02JAN2420500PE.NFO,02/01/2024,10:39:10,0.35,0.3,109320,0.35,452240,640,2003760
FINNIFTY02JAN2420500PE.NFO,02/01/2024,10:39:23,0.25,0.25,761960,0.3,114840,43080,2003760
FINNIFTY02JAN2420500PE.NFO,02/01/2024,10:39:33,0.25,0.25,761720,0.3,128800,0,2003760
FINNIFTY02JAN2420500PE.NFO,02/01/2024,10:39:44,0.3,0.3,679120,0.35,432400,158720,2003760
FINNIFTY02JAN2420500PE.NFO,02/01/2024,10:39:55,0.3,0.3,1280840,0.35,433760,80,2003760
FINNIFTY02JAN2420500PE.NFO,02/01/2024,10:40:06,0.3,0.3,1284360,0.35,434240,1240,2003760
FINNIFTY02JAN2420500PE.NFO,02/01/2024,10:40:17,0.35,0.3,1282760,0.35,441400,1840,2003760
FINNIFTY02JAN2420500PE.NFO,02/01/2024,10:40:28,0.35,0.3,1282600,0.35,451680,240,2003760
FINNIFTY02JAN2420500PE.NFO,02/01/2024,10:40:38,0.35,0.3,1282280,0.35,467560,440,2003760
FINNIFTY02JAN2420500PE.NFO,02/01/2024,10:40:48,0.35,0.3,1282520,0.35,469960,2600,2003760
FINNIFTY02JAN2420500PE.NFO,02/01/2024,10:40:59,0.35,0.3,1282520,0.35,469160,800,2003760
FINNIFTY02JAN2420500PE.NFO,02/01/2024,10:41:10,0.35,0.3,1282520,0.35,477560,2480,2003760
FINNIFTY02JAN2420500PE.NFO,02/01/2024,10:41:21,0.35,0.3,1282760,0.35,470640,7000,2003760
FINNIFTY02JAN2420500PE.NFO,02/01/2024,10:41:31,0.35,0.3,1282760,0.35,486200,0,2003760
FINNIFTY02JAN2420500PE.NFO,02/01/2024,10:41:41,0.35,0.3,1234760,0.35,487760,0,2003760
FINNIFTY02JAN2420500PE.NFO,02/01/2024,10:41:53,0.3,0.3,1234280,0.35,491480,1560,2109320
FINNIFTY02JAN2420500PE.NFO,02/01/2024,10:42:03,0.3,0.3,1234280,0.35,496840,240,2109320
FINNIFTY02JAN2420500PE.NFO,02/01/2024,10:42:14,0.3,0.3,150920,0.35,177480,80040,2109320
FINNIFTY02JAN2420500PE.NFO,02/01/2024,10:42:24,0.3,0.25,732800,0.3,414920,143720,2109320
FINNIFTY02JAN2420500PE.NFO,02/01/2024,10:42:35,0.3,0.25,732480,0.3,416080,600,2109320
FINNIFTY02JAN2420500PE.NFO,02/01/2024,10:42:45,0.3,0.25,735040,0.3,413520,8320,2109320
FINNIFTY02JAN2420500PE.NFO,02/01/2024,10:42:56,0.3,0.25,746920,0.3,414040,26200,2109320
FINNIFTY02JAN2420500PE.NFO,02/01/2024,10:43:07,0.3,0.25,752120,0.3,410880,13160,2109320
FINNIFTY02JAN2420500PE.NFO,02/01/2024,10:43:17,0.3,0.3,134840,0.35,222640,369440,2109320
FINNIFTY02JAN2420500PE.NFO,02/01/2024,10:43:28,0.35,0.3,140280,0.35,220560,1000,2109320
FINNIFTY02JAN2420500PE.NFO,02/01/2024,10:43:39,0.3,0.25,1028200,0.3,338960,154800,2109320
FINNIFTY02JAN2420500PE.NFO,02/01/2024,10:43:49,0.3,0.25,1028080,0.3,356200,40,2109320
FINNIFTY02JAN2420500PE.NFO,02/01/2024,10:43:59,0.3,0.25,1028080,0.3,357400,0,2109320
FINNIFTY02JAN2420500PE.NFO,02/01/2024,10:44:10,0.3,0.25,1028360,0.3,357680,1640,2109320
FINNIFTY02JAN2420500PE.NFO,02/01/2024,10:44:20,0.25,0.25,1030160,0.3,354360,6120,2109320
FINNIFTY02JAN2420500PE.NFO,02/01/2024,10:44:30,0.3,0.25,1035960,0.3,357840,3000,2109320
FINNIFTY02JAN2420500PE.NFO,02/01/2024,10:44:40,0.25,0.25,1027040,0.3,365880,10400,2078040
FINNIFTY02JAN2420500PE.NFO,02/01/2024,10:44:51,0.3,0.25,1026960,0.3,365720,200,2078040
FINNIFTY02JAN2420500PE.NFO,02/01/2024,10:45:01,0.3,0.25,1027280,0.3,366920,560,2078040
FINNIFTY02JAN2420500PE.NFO,02/01/2024,10:45:12,0.3,0.25,1027280,0.3,366400,1480,2078040
FINNIFTY02JAN2420500PE.NFO,02/01/2024,10:45:22,0.3,0.25,1027280,0.3,366440,200,2078040
FINNIFTY02JAN2420500PE.NFO,02/01/2024,10:45:32,0.3,0.25,1025480,0.3,365880,2360,2078040
FINNIFTY02JAN2420500PE.NFO,02/01/2024,10:45:42,0.3,0.25,1025480,0.3,365320,560,2078040
FINNIFTY02JAN2420500PE.NFO,02/01/2024,10:45:52,0.3,0.25,1024960,0.3,388880,520,2078040
FINNIFTY02JAN2420500PE.NFO,02/01/2024,10:46:02,0.25,0.25,1024760,0.3,389280,1280,2078040
FINNIFTY02JAN2420500PE.NFO,02/01/2024,10:46:12,0.25,0.25,1025560,0.3,389280,0,2078040
FINNIFTY02JAN2420500PE.NFO,02/01/2024,10:46:22,0.3,0.25,1024760,0.3,388480,800,2078040
FINNIFTY02JAN2420500PE.NFO,02/01/2024,10:46:31,0.3,0.25,1025200,0.3,389760,560,2078040
FINNIFTY02JAN2420500PE.NFO,02/01/2024,10:46:41,0.3,0.25,1025640,0.3,390160,5520,2078040
FINNIFTY02JAN2420500PE.NFO,02/01/2024,10:46:51,0.3,0.25,1026080,0.3,391080,3480,2078040
FINNIFTY02JAN2420500PE.NFO,02/01/2024,10:47:02,0.3,0.25,1026080,0.3,391160,1360,2078040
FINNIFTY02JAN2420500PE.NFO,02/01/2024,10:47:22,0.3,0.25,1027040,0.3,397120,1240,2078040
FINNIFTY02JAN2420500PE.NFO,02/01/2024,10:47:33,0.3,0.25,1027040,0.3,397440,1120,2078040
FINNIFTY02JAN2420500PE.NFO,02/01/2024,10:47:43,0.3,0.25,1027040,0.3,393360,2280,2070280
FINNIFTY02JAN2420500PE.NFO,02/01/2024,10:47:53,0.3,0.25,1027040,0.3,392760,600,2070280
FINNIFTY02JAN2420500PE.NFO,02/01/2024,10:48:03,0.25,0.25,1004240,0.3,394320,23040,2070280
FINNIFTY02JAN2420500PE.NFO,02/01/2024,10:48:14,0.25,0.25,975360,0.3,400520,29080,2070280
FINNIFTY02JAN2420500PE.NFO,02/01/2024,10:48:24,0.25,0.25,967360,0.3,410320,8000,2070280
FINNIFTY02JAN2420500PE.NFO,02/01/2024,10:48:34,0.3,0.25,967520,0.3,408720,1640,2070280
FINNIFTY02JAN2420500PE.NFO,02/01/2024,10:48:53,0.3,0.25,969160,0.3,412640,3800,2070280
FINNIFTY02JAN2420500PE.NFO,02/01/2024,10:49:14,0.25,0.25,969680,0.3,414760,3280,2070280
FINNIFTY02JAN2420500PE.NFO,02/01/2024,10:49:25,0.25,0.25,961640,0.3,414760,8440,2070280
FINNIFTY02JAN2420500PE.NFO,02/01/2024,10:49:35,0.25,0.25,961640,0.3,414800,0,2070280
FINNIFTY02JAN2420500PE.NFO,02/01/2024,10:49:55,0.25,0.25,1281640,0.3,414760,0,2070280
FINNIFTY02JAN2420500PE.NFO,02/01/2024,10:50:05,0.3,0.25,1281240,0.3,400920,1360,2070280
FINNIFTY02JAN2420500PE.NFO,02/01/2024,10:50:16,0.3,0.25,1288080,0.3,417280,10200,2070280
FINNIFTY02JAN2420500PE.NFO,02/01/2024,10:50:38,0.3,0.25,1288080,0.3,416920,360,2070280
FINNIFTY02JAN2420500PE.NFO,02/01/2024,10:51:08,0.25,0.25,1286960,0.3,416720,1320,2071240
FINNIFTY02JAN2420500PE.NFO,02/01/2024,10:51:18,0.25,0.25,1282800,0.3,414920,4160,2071240
FINNIFTY02JAN2420500PE.NFO,02/01/2024,10:51:27,0.25,0.25,1280480,0.3,414240,3000,2071240
FINNIFTY02JAN2420500PE.NFO,02/01/2024,10:51:37,0.25,0.25,1278480,0.3,414240,2000,2071240
FINNIFTY02JAN2420500PE.NFO,02/01/2024,10:51:47,0.25,0.25,1278280,0.3,414240,200,2071240
FINNIFTY02JAN2420500PE.NFO,02/01/2024,10:51:57,0.25,0.25,1277080,0.3,414240,1200,2071240
FINNIFTY02JAN2420500PE.NFO,02/01/2024,10:52:06,0.3,0.25,1278280,0.3,411440,4000,2071240
FINNIFTY02JAN2420500PE.NFO,02/01/2024,10:52:16,0.3,0.25,1278280,0.3,410720,720,2071240
FINNIFTY02JAN2420500PE.NFO,02/01/2024,10:52:26,0.3,0.25,1278280,0.3,410600,120,2071240
FINNIFTY02JAN2420500PE.NFO,02/01/2024,10:52:36,0.3,0.25,1278240,0.3,410200,400,2071240
FINNIFTY02JAN2420500PE.NFO,02/01/2024,10:52:46,0.25,0.25,1278200,0.3,420160,80,2071240
FINNIFTY02JAN2420500PE.NFO,02/01/2024,10:52:55,0.3,0.25,1279440,0.3,421080,4800,2071240
FINNIFTY02JAN2420500PE.NFO,02/01/2024,10:53:05,0.3,0.25,1279760,0.3,421960,1000,2071240
FINNIFTY02JAN2420500PE.NFO,02/01/2024,10:53:15,0.3,0.25,1279920,0.3,421800,1080,2071240
FINNIFTY02JAN2420500PE.NFO,02/01/2024,10:53:24,0.3,0.25,1279920,0.3,421600,440,2071240
FINNIFTY02JAN2420500PE.NFO,02/01/2024,10:53:34,0.3,0.25,1279920,0.3,420240,2040,2071240
FINNIFTY02JAN2420500PE.NFO,02/01/2024,10:53:44,0.3,0.25,1279920,0.3,420240,0,2071240
FINNIFTY02JAN2420500PE.NFO,02/01/2024,10:54:03,0.3,0.25,1280600,0.3,430880,4000,2073440
FINNIFTY02JAN2420500PE.NFO,02/01/2024,10:54:12,0.3,0.25,1280600,0.3,431240,800,2073440
FINNIFTY02JAN2420500PE.NFO,02/01/2024,10:54:22,0.3,0.25,1280840,0.3,430720,920,2073440
FINNIFTY02JAN2420500PE.NFO,02/01/2024,10:54:31,0.3,0.25,1280920,0.3,430040,920,2073440
FINNIFTY02JAN2420500PE.NFO,02/01/2024,10:54:40,0.3,0.25,1280800,0.3,429000,1680,2073440
FINNIFTY02JAN2420500PE.NFO,02/01/2024,10:54:50,0.3,0.25,1280800,0.3,428640,1320,2073440
FINNIFTY02JAN2420500PE.NFO,02/01/2024,10:54:59,0.25,0.25,1280600,0.3,429560,240,2073440
FINNIFTY02JAN2420500PE.NFO,02/01/2024,10:55:08,0.25,0.25,1280520,0.3,430120,2920,2073440
FINNIFTY02JAN2420500PE.NFO,02/01/2024,10:55:17,0.3,0.25,1280600,0.3,429840,280,2073440
FINNIFTY02JAN2420500PE.NFO,02/01/2024,10:55:26,0.3,0.25,1280360,0.3,429680,160,2073440
FINNIFTY02JAN2420500PE.NFO,02/01/2024,10:55:37,0.3,0.25,1280360,0.3,420320,360,2073440
FINNIFTY02JAN2420500PE.NFO,02/01/2024,10:55:46,0.3,0.25,1280360,0.3,427440,80,2073440
FINNIFTY02JAN2420500PE.NFO,02/01/2024,10:55:55,0.3,0.25,1279160,0.3,418840,1400,2073440
FINNIFTY02JAN2420500PE.NFO,02/01/2024,10:56:05,0.3,0.25,1279160,0.3,426000,480,2073440
FINNIFTY02JAN2420500PE.NFO,02/01/2024,10:56:23,0.3,0.25,1278680,0.3,427800,1720,2073440
FINNIFTY02JAN2420500PE.NFO,02/01/2024,10:56:33,0.3,0.25,1278680,0.3,425280,720,2073440
FINNIFTY02JAN2420500PE.NFO,02/01/2024,10:56:42,0.3,0.25,1279760,0.3,421080,5000,2073440
FINNIFTY02JAN2420500PE.NFO,02/01/2024,10:56:52,0.25,0.25,1259200,0.3,424800,19320,2067960
FINNIFTY02JAN2420500PE.NFO,02/01/2024,10:57:02,0.3,0.25,1257480,0.3,410440,1840,2067960
FINNIFTY02JAN2420500PE.NFO,02/01/2024,10:57:12,0.3,0.25,1257720,0.3,409800,2240,2067960
FINNIFTY02JAN2420500PE.NFO,02/01/2024,10:57:22,0.3,0.25,1259360,0.3,406720,5000,2067960
FINNIFTY02JAN2420500PE.NFO,02/01/2024,10:57:32,0.3,0.25,1260480,0.3,409040,0,2067960
FINNIFTY02JAN2420500PE.NFO,02/01/2024,10:57:41,0.25,0.25,1260160,0.3,410040,320,2067960
FINNIFTY02JAN2420500PE.NFO,02/01/2024,10:57:51,0.25,0.25,1259160,0.3,410200,3080,2067960
FINNIFTY02JAN2420500PE.NFO,02/01/2024,10:58:01,0.3,0.25,1259920,0.3,410160,3840,2067960
FINNIFTY02JAN2420500PE.NFO,02/01/2024,10:58:11,0.3,0.25,1259840,0.3,409720,2920,2067960
FINNIFTY02JAN2420500PE.NFO,02/01/2024,10:58:29,0.3,0.25,1259840,0.3,407600,1800,2067960
FINNIFTY02JAN2420500PE.NFO,02/01/2024,10:58:39,0.3,0.25,1259840,0.3,406160,1840,2067960
FINNIFTY02JAN2420500PE.NFO,02/01/2024,10:59:07,0.3,0.25,1259840,0.3,405960,200,2067960
FINNIFTY02JAN2420500PE.NFO,02/01/2024,10:59:17,0.25,0.25,1259480,0.3,405960,360,2067960
FINNIFTY02JAN2420500PE.NFO,02/01/2024,10:59:37,0.3,0.25,1259440,0.3,405520,40,2067960
FINNIFTY02JAN2420500PE.NFO,02/01/2024,10:59:47,0.3,0.25,1259440,0.3,405480,40,2063160
FINNIFTY02JAN2420500PE.NFO,02/01/2024,10:59:57,0.3,0.25,1259440,0.3,405400,80,2063160
FINNIFTY02JAN2420500PE.NFO,02/01/2024,11:00:07,0.3,0.25,1259440,0.3,402000,3400,2063160
FINNIFTY02JAN2420500PE.NFO,02/01/2024,11:00:16,0.3,0.25,1259440,0.3,401840,160,2063160
FINNIFTY02JAN2420500PE.NFO,02/01/2024,11:00:26,0.3,0.25,1259440,0.3,401800,40,2063160
FINNIFTY02JAN2420500PE.NFO,02/01/2024,11:00:36,0.25,0.25,1258960,0.3,400640,1640,2063160
FINNIFTY02JAN2420500PE.NFO,02/01/2024,11:00:45,0.25,0.25,1258960,0.3,400640,0,2063160
FINNIFTY02JAN2420500PE.NFO,02/01/2024,11:01:04,0.3,0.25,1259120,0.3,397320,3320,2063160
FINNIFTY02JAN2420500PE.NFO,02/01/2024,11:01:14,0.25,0.25,1258720,0.3,396720,960,2063160
FINNIFTY02JAN2420500PE.NFO,02/01/2024,11:01:23,0.3,0.25,1258760,0.3,396720,240,2063160
FINNIFTY02JAN2420500PE.NFO,02/01/2024,11:01:33,0.3,0.25,1258680,0.3,396400,320,2063160
FINNIFTY02JAN2420500PE.NFO,02/01/2024,11:01:43,0.3,0.25,1258640,0.3,396360,40,2063160
FINNIFTY02JAN2420500PE.NFO,02/01/2024,11:01:52,0.3,0.25,1259040,0.3,383480,1000,2063160
FINNIFTY02JAN2420500PE.NFO,02/01/2024,11:02:02,0.3,0.25,1261400,0.3,383520,1000,2063160
FINNIFTY02JAN2420500PE.NFO,02/01/2024,11:02:11,0.3,0.25,1260960,0.3,381880,2080,2063160
FINNIFTY02JAN2420500PE.NFO,02/01/2024,11:02:21,0.3,0.25,1260480,0.3,380080,1880,2063160
FINNIFTY02JAN2420500PE.NFO,02/01/2024,11:02:31,0.25,0.25,1258600,0.3,380080,1880,2063160
FINNIFTY02JAN2420500PE.NFO,02/01/2024,11:02:40,0.3,0.25,1258600,0.3,379080,1000,2063160
FINNIFTY02JAN2420500PE.NFO,02/01/2024,11:02:49,0.25,0.25,1258560,0.3,379080,40,2061320
FINNIFTY02JAN2420500PE.NFO,02/01/2024,11:02:59,0.3,0.25,1578560,0.3,378880,200,2061320
FINNIFTY02JAN2420500PE.NFO,02/01/2024,11:03:08,0.3,0.25,1578200,0.3,378040,1200,2061320
FINNIFTY02JAN2420500PE.NFO,02/01/2024,11:03:17,0.3,0.25,1578200,0.3,368280,1520,2061320
FINNIFTY02JAN2420500PE.NFO,02/01/2024,11:03:27,0.3,0.25,1578200,0.3,378960,120,2061320
FINNIFTY02JAN2420500PE.NFO,02/01/2024,11:03:36,0.3,0.25,1578200,0.3,377640,1320,2061320
FINNIFTY02JAN2420500PE.NFO,02/01/2024,11:03:54,0.3,0.25,1552280,0.3,379440,0,2061320
FINNIFTY02JAN2420500PE.NFO,02/01/2024,11:04:03,0.3,0.25,1551080,0.3,376280,4360,2061320
FINNIFTY02JAN2420500PE.NFO,02/01/2024,11:04:12,0.25,0.25,1550600,0.3,376520,1240,2061320
FINNIFTY02JAN2420500PE.NFO,02/01/2024,11:04:22,0.3,0.25,1550600,0.3,396400,120,2061320
FINNIFTY02JAN2420500PE.NFO,02/01/2024,11:04:32,0.3,0.25,1550600,0.3,396400,0,2061320
FINNIFTY02JAN2420500PE.NFO,02/01/2024,11:04:50,0.3,0.25,1550600,0.3,397920,0,2061320
FINNIFTY02JAN2420500PE.NFO,02/01/2024,11:04:59,0.3,0.25,1550600,0.3,398320,0,2061320
FINNIFTY02JAN2420500PE.NFO,02/01/2024,11:05:08,0.3,0.25,1550520,0.3,395720,4400,2061320
FINNIFTY02JAN2420500PE.NFO,02/01/2024,11:05:17,0.3,0.25,1550520,0.3,395720,0,2061320
FINNIFTY02JAN2420500PE.NFO,02/01/2024,11:05:27,0.25,0.25,1549360,0.3,396400,5960,2061320
FINNIFTY02JAN2420500PE.NFO,02/01/2024,11:05:36,0.25,0.25,1549360,0.3,400000,0,2061320
FINNIFTY02JAN2420500PE.NFO,02/01/2024,11:05:46,0.25,0.25,1545760,0.3,402000,0,2061320
FINNIFTY02JAN2420500PE.NFO,02/01/2024,11:05:55,0.25,0.25,1544760,0.3,409400,2600,2054120
FINNIFTY02JAN2420500PE.NFO,02/01/2024,11:06:05,0.25,0.25,1535760,0.3,409320,9000,2054120
FINNIFTY02JAN2420500PE.NFO,02/01/2024,11:06:14,0.3,0.25,1536600,0.3,410680,800,2054120
FINNIFTY02JAN2420500PE.NFO,02/01/2024,11:06:24,0.3,0.25,1536200,0.3,410400,800,2054120
FINNIFTY02JAN2420500PE.NFO,02/01/2024,11:06:33,0.3,0.25,1535000,0.3,410400,0,2054120
FINNIFTY02JAN2420500PE.NFO,02/01/2024,11:07:02,0.3,0.25,1535000,0.3,409880,520,2054120
FINNIFTY02JAN2420500PE.NFO,02/01/2024,11:07:11,0.3,0.25,1534400,0.3,399920,3160,2054120
FINNIFTY02JAN2420500PE.NFO,02/01/2024,11:07:21,0.3,0.25,1534400,0.3,393320,6600,2054120
FINNIFTY02JAN2420500PE.NFO,02/01/2024,11:07:30,0.3,0.25,1534360,0.3,361720,11640,2054120
FINNIFTY02JAN2420500PE.NFO,02/01/2024,11:07:39,0.3,0.25,1533960,0.3,361320,800,2054120
FINNIFTY02JAN2420500PE.NFO,02/01/2024,11:07:48,0.3,0.25,1533960,0.3,365120,0,2054120
FINNIFTY02JAN2420500PE.NFO,02/01/2024,11:07:57,0.3,0.25,1533960,0.3,358480,1040,2054120
FINNIFTY02JAN2420500PE.NFO,02/01/2024,11:08:07,0.3,0.25,1533600,0.3,359120,1520,2054120
FINNIFTY02JAN2420500PE.NFO,02/01/2024,11:08:16,0.3,0.25,1532960,0.3,358440,1240,2054120
FINNIFTY02JAN2420500PE.NFO,02/01/2024,11:08:34,0.3,0.25,1532960,0.3,369240,0,2054120
FINNIFTY02JAN2420500PE.NFO,02/01/2024,11:08:44,0.3,0.25,1533200,0.3,370440,0,2054120
FINNIFTY02JAN2420500PE.NFO,02/01/2024,11:08:53,0.3,0.25,1533200,0.3,368440,80,2045280
FINNIFTY02JAN2420500PE.NFO,02/01/2024,11:09:03,0.3,0.25,1533080,0.3,368760,1600,2045280
FINNIFTY02JAN2420500PE.NFO,02/01/2024,11:09:12,0.3,0.25,1532720,0.3,360280,8840,2045280
FINNIFTY02JAN2420500PE.NFO,02/01/2024,11:09:21,0.3,0.25,1532640,0.3,360000,360,2045280
FINNIFTY02JAN2420500PE.NFO,02/01/2024,11:09:30,0.3,0.25,1532600,0.3,358800,1240,2045280
FINNIFTY02JAN2420500PE.NFO,02/01/2024,11:09:40,0.3,0.25,1532600,0.3,342360,16440,2045280
FINNIFTY02JAN2420500PE.NFO,02/01/2024,11:09:49,0.3,0.25,1532600,0.3,345960,0,2045280
FINNIFTY02JAN2420500PE.NFO,02/01/2024,11:09:59,0.3,0.25,1524000,0.3,342360,0,2045280
FINNIFTY02JAN2420500PE.NFO,02/01/2024,11:10:08,0.35,0.3,223120,0.35,134000,690920,2045280
FINNIFTY02JAN2420500PE.NFO,02/01/2024,11:10:17,0.35,0.3,224640,0.35,112840,24400,2045280
FINNIFTY02JAN2420500PE.NFO,02/01/2024,11:10:26,0.35,0.3,225920,0.35,97640,25600,2045280
FINNIFTY02JAN2420500PE.NFO,02/01/2024,11:10:30,0.35,0.3,226600,0.35,92600,10080,2045280
FINNIFTY02JAN2420500PE.NFO,02/01/2024,11:10:31,0.35,0.3,226600,0.35,92000,2400,2045280
FINNIFTY02JAN2420500PE.NFO,02/01/2024,11:10:32,0.35,0.3,226720,0.35,91000,2800,2045280
FINNIFTY02JAN2420500PE.NFO,02/01/2024,11:10:33,0.35,0.3,226920,0.35,84440,2000,2045280
FINNIFTY02JAN2420500PE.NFO,02/01/2024,11:10:34,0.35,0.3,226920,0.35,82560,3000,2045280
FINNIFTY02JAN2420500PE.NFO,02/01/2024,11:10:35,0.35,0.3,227120,0.35,81600,2400,2045280
FINNIFTY02JAN2420500PE.NFO,02/01/2024,11:10:36,0.35,0.3,227120,0.35,78600,3000,2045280
FINNIFTY02JAN2420500PE.NFO,02/01/2024,11:10:37,0.35,0.3,227120,0.35,78200,400,2045280
FINNIFTY02JAN2420500PE.NFO,02/01/2024,11:10:38,0.35,0.3,227200,0.35,76920,3200,2045280
FINNIFTY02JAN2420500PE.NFO,02/01/2024,11:10:39,0.35,0.3,227440,0.35,75160,3200,2045280
FINNIFTY02JAN2420500PE.NFO,02/01/2024,11:10:40,0.35,0.3,227600,0.35,76400,2000,2045280
FINNIFTY02JAN2420500PE.NFO,02/01/2024,11:10:41,0.35,0.3,235040,0.35,65000,2400,2045280
FINNIFTY02JAN2420500PE.NFO,02/01/2024,11:10:42,0.35,0.3,235240,0.35,82200,3000,2045280
FINNIFTY02JAN2420500PE.NFO,02/01/2024,11:10:43,0.35,0.3,235240,0.35,78840,5000,2045280
FINNIFTY02JAN2420500PE.NFO,02/01/2024,11:10:44,0.35,0.3,235240,0.35,78080,2600,2045280
FINNIFTY02JAN2420500PE.NFO,02/01/2024,11:10:45,0.35,0.3,233440,0.35,75800,4400,2045280
FINNIFTY02JAN2420500PE.NFO,02/01/2024,11:10:46,0.35,0.3,233440,0.35,74440,1600,2045280
FINNIFTY02JAN2420500PE.NFO,02/01/2024,11:10:47,0.35,0.3,233440,0.35,71160,3400,2045280
FINNIFTY02JAN2420500PE.NFO,02/01/2024,11:10:48,0.35,0.3,397360,0.4,223320,149000,2045280
FINNIFTY02JAN2420500PE.NFO,02/01/2024,11:10:49,0.35,0.3,419760,0.35,103800,10840,2045280
FINNIFTY02JAN2420500PE.NFO,02/01/2024,11:10:50,0.35,0.3,418560,0.35,123600,3320,2045280
FINNIFTY02JAN2420500PE.NFO,02/01/2024,11:10:51,0.35,0.3,418800,0.35,106800,2400,2045280
FINNIFTY02JAN2420500PE.NFO,02/01/2024,11:10:52,0.35,0.3,419000,0.35,124280,2240,2045280
FINNIFTY02JAN2420500PE.NFO,02/01/2024,11:10:53,0.35,0.3,419440,0.35,100920,9880,2045280
FINNIFTY02JAN2420500PE.NFO,02/01/2024,11:10:54,0.35,0.3,421240,0.35,83960,24880,2045280
FINNIFTY02JAN2420500PE.NFO,02/01/2024,11:10:55,0.35,0.3,421120,0.35,83160,1000,2045280
FINNIFTY02JAN2420500PE.NFO,02/01/2024,11:10:56,0.35,0.3,421200,0.35,83000,1600,2045280
FINNIFTY02JAN2420500PE.NFO,02/01/2024,11:10:57,0.35,0.3,421440,0.35,82960,1480,2045280
FINNIFTY02JAN2420500PE.NFO,02/01/2024,11:10:58,0.35,0.3,421440,0.35,113880,400,2045280
FINNIFTY02JAN2420500PE.NFO,02/01/2024,11:10:59,0.35,0.3,419640,0.35,94120,3000,2045280
FINNIFTY02JAN2420500PE.NFO,02/01/2024,11:11:00,0.35,0.3,420000,0.35,81320,1400,2045280
FINNIFTY02JAN2420500PE.NFO,02/01/2024,11:11:02,0.35,0.3,420000,0.35,79360,3000,2045280
FINNIFTY02JAN2420500PE.NFO,02/01/2024,11:11:02,0.35,0.3,420000,0.35,78760,600,2045280
FINNIFTY02JAN2420500PE.NFO,02/01/2024,11:11:03,0.35,0.3,412800,0.35,76560,2200,2045280
FINNIFTY02JAN2420500PE.NFO,02/01/2024,11:11:04,0.35,0.3,420000,0.35,76480,2000,2045280
FINNIFTY02JAN2420500PE.NFO,02/01/2024,11:11:05,0.35,0.3,420600,0.35,106520,1680,2045280
FINNIFTY02JAN2420500PE.NFO,02/01/2024,11:11:06,0.35,0.3,421160,0.35,105840,2600,2045280
FINNIFTY02JAN2420500PE.NFO,02/01/2024,11:11:07,0.35,0.3,421720,0.35,106040,1600,2045280
FINNIFTY02JAN2420500PE.NFO,02/01/2024,11:11:08,0.35,0.3,422200,0.35,84760,2200,2045280
FINNIFTY02JAN2420500PE.NFO,02/01/2024,11:11:09,0.35,0.3,421960,0.35,104360,1760,2045280
FINNIFTY02JAN2420500PE.NFO,02/01/2024,11:11:10,0.35,0.3,422240,0.35,88440,1400,2045280
FINNIFTY02JAN2420500PE.NFO,02/01/2024,11:11:11,0.35,0.3,422520,0.35,89960,2200,2045280
FINNIFTY02JAN2420500PE.NFO,02/01/2024,11:11:12,0.35,0.3,422680,0.35,77920,2200,2045280
FINNIFTY02JAN2420500PE.NFO,02/01/2024,11:11:13,0.35,0.3,422680,0.35,76800,1400,2045280
FINNIFTY02JAN2420500PE.NFO,02/01/2024,11:11:15,0.35,0.3,422760,0.35,74400,4280,2045280
FINNIFTY02JAN2420500PE.NFO,02/01/2024,11:11:15,0.35,0.3,422760,0.35,74200,200,2045280
FINNIFTY02JAN2420500PE.NFO,02/01/2024,11:11:16,0.35,0.3,422800,0.35,77240,1400,2045280
FINNIFTY02JAN2420500PE.NFO,02/01/2024,11:11:18,0.35,0.3,430160,0.35,74160,4400,2045280
FINNIFTY02JAN2420500PE.NFO,02/01/2024,11:11:19,0.35,0.3,430160,0.35,74640,1800,2045280
FINNIFTY02JAN2420500PE.NFO,02/01/2024,11:11:20,0.35,0.3,430160,0.35,73640,1200,2045280
FINNIFTY02JAN2420500PE.NFO,02/01/2024,11:11:21,0.35,0.3,431080,0.35,101760,3280,2045280
FINNIFTY02JAN2420500PE.NFO,02/01/2024,11:11:22,0.35,0.3,431080,0.35,69720,1800,2045280
FINNIFTY02JAN2420500PE.NFO,02/01/2024,11:11:23,0.35,0.3,431080,0.35,68320,1400,2045280
FINNIFTY02JAN2420500PE.NFO,02/01/2024,11:11:24,0.35,0.3,439600,0.35,65000,3800,2045280
FINNIFTY02JAN2420500PE.NFO,02/01/2024,11:11:24,0.35,0.3,439600,0.35,64400,600,2045280
FINNIFTY02JAN2420500PE.NFO,02/01/2024,11:11:25,0.35,0.3,439800,0.35,62240,1400,2045280
FINNIFTY02JAN2420500PE.NFO,02/01/2024,11:11:27,0.35,0.3,440000,0.35,63840,2000,2045280
FINNIFTY02JAN2420500PE.NFO,02/01/2024,11:11:28,0.35,0.3,440000,0.35,63040,800,2045280
FINNIFTY02JAN2420500PE.NFO,02/01/2024,11:11:29,0.35,0.3,440200,0.35,58440,2200,2045280
FINNIFTY02JAN2420500PE.NFO,02/01/2024,11:11:30,0.35,0.3,440200,0.35,57040,1400,2045280
FINNIFTY02JAN2420500PE.NFO,02/01/2024,11:11:31,0.35,0.3,440200,0.35,33880,1600,2045280
FINNIFTY02JAN2420500PE.NFO,02/01/2024,11:11:40,0.35,0.3,413280,0.35,465880,168000,2045280
FINNIFTY02JAN2420500PE.NFO,02/01/2024,11:11:48,0.35,0.3,432200,0.35,467000,38640,2342240
FINNIFTY02JAN2420500PE.NFO,02/01/2024,11:11:57,0.35,0.3,433600,0.35,467560,12400,2342240
FINNIFTY02JAN2420500PE.NFO,02/01/2024,11:12:07,0.35,0.3,430720,0.35,456240,15560,2342240
FINNIFTY02JAN2420500PE.NFO,02/01/2024,11:12:16,0.35,0.3,433240,0.35,449440,21920,2342240
FINNIFTY02JAN2420500PE.NFO,02/01/2024,11:12:25,0.35,0.3,438040,0.35,421960,20400,2342240
FINNIFTY02JAN2420500PE.NFO,02/01/2024,11:12:34,0.35,0.3,437840,0.35,438720,4000,2342240
FINNIFTY02JAN2420500PE.NFO,02/01/2024,11:12:43,0.3,0.3,433360,0.35,445920,880,2342240
FINNIFTY02JAN2420500PE.NFO,02/01/2024,11:12:52,0.35,0.3,437160,0.35,403960,23960,2342240
FINNIFTY02JAN2420500PE.NFO,02/01/2024,11:13:01,0.35,0.3,433560,0.35,367160,32960,2342240
FINNIFTY02JAN2420500PE.NFO,02/01/2024,11:13:11,0.4,0.35,120200,0.4,276960,319320,2342240
FINNIFTY02JAN2420500PE.NFO,02/01/2024,11:13:20,0.35,0.35,118360,0.4,279480,3840,2342240
FINNIFTY02JAN2420500PE.NFO,02/01/2024,11:13:30,0.35,0.35,93480,0.4,266080,1080,2342240
FINNIFTY02JAN2420500PE.NFO,02/01/2024,11:13:41,0.35,0.35,168640,0.4,302920,520,2342240
FINNIFTY02JAN2420500PE.NFO,02/01/2024,11:13:51,0.4,0.35,166440,0.4,234920,52040,2342240
FINNIFTY02JAN2420500PE.NFO,02/01/2024,11:14:01,0.4,0.35,188480,0.4,255840,25120,2342240
FINNIFTY02JAN2420500PE.NFO,02/01/2024,11:14:10,0.4,0.35,187440,0.4,254880,3120,2342240
FINNIFTY02JAN2420500PE.NFO,02/01/2024,11:14:19,0.4,0.35,139640,0.4,254560,520,2342240
FINNIFTY02JAN2420500PE.NFO,02/01/2024,11:14:29,0.4,0.35,139600,0.4,239880,320,2342240
FINNIFTY02JAN2420500PE.NFO,02/01/2024,11:14:38,0.4,0.35,138320,0.4,239800,1360,2342240
FINNIFTY02JAN2420500PE.NFO,02/01/2024,11:14:47,0.4,0.35,138200,0.4,238560,2000,2273280
FINNIFTY02JAN2420500PE.NFO,02/01/2024,11:14:57,0.4,0.35,138120,0.4,238400,160,2273280
FINNIFTY02JAN2420500PE.NFO,02/01/2024,11:15:07,0.4,0.35,140520,0.4,197680,31840,2273280
FINNIFTY02JAN2420500PE.NFO,02/01/2024,11:15:17,0.4,0.35,189560,0.4,190040,2880,2273280
FINNIFTY02JAN2420500PE.NFO,02/01/2024,11:15:27,0.45,0.4,246600,0.45,187400,169240,2273280
FINNIFTY02JAN2420500PE.NFO,02/01/2024,11:15:37,0.4,0.4,268240,0.45,265080,15040,2273280
FINNIFTY02JAN2420500PE.NFO,02/01/2024,11:15:48,0.45,0.4,264040,0.45,87080,180160,2273280
FINNIFTY02JAN2420500PE.NFO,02/01/2024,11:15:58,0.5,0.45,138360,0.5,200360,42520,2273280
FINNIFTY02JAN2420500PE.NFO,02/01/2024,11:15:58,0.5,0.45,138360,0.5,200360,0,2273280
FINNIFTY02JAN2420500PE.NFO,02/01/2024,11:16:08,0.5,0.45,159280,0.5,205760,28920,2273280
FINNIFTY02JAN2420500PE.NFO,02/01/2024,11:16:18,0.45,0.45,154520,0.5,206480,6120,2273280
FINNIFTY02JAN2420500PE.NFO,02/01/2024,11:16:27,0.45,0.45,138880,0.5,191160,8720,2273280
FINNIFTY02JAN2420500PE.NFO,02/01/2024,11:16:37,0.5,0.45,117080,0.5,191600,80,2273280
FINNIFTY02JAN2420500PE.NFO,02/01/2024,11:16:46,0.45,0.4,151720,0.45,194880,85040,2273280
FINNIFTY02JAN2420500PE.NFO,02/01/2024,11:16:56,0.45,0.4,166280,0.45,148640,35440,2273280
FINNIFTY02JAN2420500PE.NFO,02/01/2024,11:17:05,0.45,0.4,166280,0.45,152000,4360,2273280
FINNIFTY02JAN2420500PE.NFO,02/01/2024,11:17:15,0.45,0.4,165640,0.45,151040,5920,2273280
FINNIFTY02JAN2420500PE.NFO,02/01/2024,11:17:24,0.45,0.4,113440,0.45,146880,7320,2273280
FINNIFTY02JAN2420500PE.NFO,02/01/2024,11:17:34,0.45,0.4,113440,0.45,147280,80,2273280
FINNIFTY02JAN2420500PE.NFO,02/01/2024,11:17:43,0.4,0.4,94640,0.45,147640,640,2273280
FINNIFTY02JAN2420500PE.NFO,02/01/2024,11:17:53,0.4,0.4,95960,0.45,156560,4120,2176320
FINNIFTY02JAN2420500PE.NFO,02/01/2024,11:18:02,0.45,0.4,95960,0.45,156480,80,2176320
FINNIFTY02JAN2420500PE.NFO,02/01/2024,11:18:11,0.45,0.4,87040,0.45,156240,1120,2176320
FINNIFTY02JAN2420500PE.NFO,02/01/2024,11:18:21,0.45,0.4,87640,0.45,157440,4200,2176320
FINNIFTY02JAN2420500PE.NFO,02/01/2024,11:18:30,0.45,0.4,87640,0.45,158280,3760,2176320
FINNIFTY02JAN2420500PE.NFO,02/01/2024,11:18:40,0.4,0.4,90600,0.45,145880,26200,2176320
FINNIFTY02JAN2420500PE.NFO,02/01/2024,11:18:49,0.4,0.4,94800,0.45,149480,1800,2176320
FINNIFTY02JAN2420500PE.NFO,02/01/2024,11:18:58,0.45,0.4,94680,0.45,149400,200,2176320
FINNIFTY02JAN2420500PE.NFO,02/01/2024,11:19:07,0.45,0.4,94920,0.45,148440,1120,2176320
FINNIFTY02JAN2420500PE.NFO,02/01/2024,11:19:16,0.4,0.4,94720,0.45,148680,440,2176320
FINNIFTY02JAN2420500PE.NFO,02/01/2024,11:19:25,0.4,0.4,98520,0.45,147360,2840,2176320
FINNIFTY02JAN2420500PE.NFO,02/01/2024,11:19:34,0.45,0.4,96560,0.45,146040,3760,2176320
FINNIFTY02JAN2420500PE.NFO,02/01/2024,11:19:43,0.4,0.4,95280,0.45,147920,4320,2176320
FINNIFTY02JAN2420500PE.NFO,02/01/2024,11:19:52,0.4,0.4,92560,0.45,147880,2640,2176320
FINNIFTY02JAN2420500PE.NFO,02/01/2024,11:20:01,0.45,0.4,95520,0.45,146160,1840,2176320
FINNIFTY02JAN2420500PE.NFO,02/01/2024,11:20:10,0.45,0.4,95800,0.45,144840,0,2176320
FINNIFTY02JAN2420500PE.NFO,02/01/2024,11:20:28,0.4,0.4,90520,0.45,144600,6480,2176320
FINNIFTY02JAN2420500PE.NFO,02/01/2024,11:20:37,0.4,0.4,89560,0.45,144600,0,2176320
FINNIFTY02JAN2420500PE.NFO,02/01/2024,11:20:47,0.4,0.4,87800,0.45,144880,2040,2196320
FINNIFTY02JAN2420500PE.NFO,02/01/2024,11:20:56,0.4,0.4,86080,0.45,144160,2960,2196320
FINNIFTY02JAN2420500PE.NFO,02/01/2024,11:21:05,0.4,0.4,90600,0.45,144160,440,2196320
FINNIFTY02JAN2420500PE.NFO,02/01/2024,11:21:15,0.4,0.4,86480,0.45,144160,2200,2196320
FINNIFTY02JAN2420500PE.NFO,02/01/2024,11:21:24,0.4,0.4,86960,0.45,144200,480,2196320
FINNIFTY02JAN2420500PE.NFO,02/01/2024,11:21:34,0.4,0.4,86960,0.45,144200,0,2196320
FINNIFTY02JAN2420500PE.NFO,02/01/2024,11:21:43,0.4,0.4,85640,0.45,144200,1280,2196320
FINNIFTY02JAN2420500PE.NFO,02/01/2024,11:21:52,0.4,0.35,202200,0.4,161360,90920,2196320
FINNIFTY02JAN2420500PE.NFO,02/01/2024,11:22:02,0.4,0.35,207840,0.4,163880,11880,2196320
FINNIFTY02JAN2420500PE.NFO,02/01/2024,11:22:11,0.4,0.35,205920,0.4,167600,11800,2196320
FINNIFTY02JAN2420500PE.NFO,02/01/2024,11:22:21,0.4,0.35,206200,0.4,166200,1920,2196320
FINNIFTY02JAN2420500PE.NFO,02/01/2024,11:22:30,0.4,0.35,207120,0.4,165880,2080,2196320
FINNIFTY02JAN2420500PE.NFO,02/01/2024,11:22:40,0.4,0.35,209560,0.4,165000,8960,2196320
FINNIFTY02JAN2420500PE.NFO,02/01/2024,11:22:50,0.35,0.35,98000,0.4,164040,12480,2196320
FINNIFTY02JAN2420500PE.NFO,02/01/2024,11:23:00,0.4,0.35,74720,0.4,170080,10160,2196320
FINNIFTY02JAN2420500PE.NFO,02/01/2024,11:23:09,0.35,0.35,95600,0.4,171960,17440,2196320
FINNIFTY02JAN2420500PE.NFO,02/01/2024,11:23:18,0.4,0.35,96120,0.4,172840,2880,2196320
FINNIFTY02JAN2420500PE.NFO,02/01/2024,11:23:27,0.4,0.35,69720,0.4,172600,1200,2196320
FINNIFTY02JAN2420500PE.NFO,02/01/2024,11:23:36,0.4,0.35,69720,0.4,172560,40,2196320
FINNIFTY02JAN2420500PE.NFO,02/01/2024,11:23:46,0.4,0.35,72320,0.4,173480,2920,2196320
FINNIFTY02JAN2420500PE.NFO,02/01/2024,11:23:54,0.4,0.35,74880,0.4,173720,1680,2199840
FINNIFTY02JAN2420500PE.NFO,02/01/2024,11:24:04,0.35,0.35,79920,0.4,173680,2320,2199840
FINNIFTY02JAN2420500PE.NFO,02/01/2024,11:24:13,0.35,0.35,82720,0.4,175800,3480,2199840
FINNIFTY02JAN2420500PE.NFO,02/01/2024,11:24:22,0.4,0.35,83200,0.4,176640,2240,2199840
FINNIFTY02JAN2420500PE.NFO,02/01/2024,11:24:31,0.4,0.35,84000,0.4,176600,40,2199840
FINNIFTY02JAN2420500PE.NFO,02/01/2024,11:24:40,0.35,0.35,84440,0.4,176560,640,2199840
FINNIFTY02JAN2420500PE.NFO,02/01/2024,11:24:49,0.4,0.35,88000,0.4,176840,1880,2199840
FINNIFTY02JAN2420500PE.NFO,02/01/2024,11:24:58,0.35,0.35,85760,0.4,176800,2720,2199840
FINNIFTY02JAN2420500PE.NFO,02/01/2024,11:25:08,0.4,0.35,76120,0.4,176000,3360,2199840
FINNIFTY02JAN2420500PE.NFO,02/01/2024,11:25:17,0.4,0.35,77560,0.4,183240,17600,2199840
FINNIFTY02JAN2420500PE.NFO,02/01/2024,11:25:26,0.4,0.35,77240,0.4,183120,400,2199840
FINNIFTY02JAN2420500PE.NFO,02/01/2024,11:25:36,0.4,0.35,75520,0.4,183040,1800,2199840
FINNIFTY02JAN2420500PE.NFO,02/01/2024,11:25:45,0.4,0.35,74920,0.4,182960,480,2199840
FINNIFTY02JAN2420500PE.NFO,02/01/2024,11:25:54,0.4,0.35,74920,0.4,183360,80,2199840
FINNIFTY02JAN2420500PE.NFO,02/01/2024,11:26:04,0.4,0.35,74880,0.4,184280,80,2199840
FINNIFTY02JAN2420500PE.NFO,02/01/2024,11:26:13,0.4,0.35,75960,0.4,183920,3400,2199840
FINNIFTY02JAN2420500PE.NFO,02/01/2024,11:26:22,0.4,0.35,77360,0.4,184880,1400,2199840
FINNIFTY02JAN2420500PE.NFO,02/01/2024,11:26:31,0.35,0.35,77320,0.4,184800,80,2199840
FINNIFTY02JAN2420500PE.NFO,02/01/2024,11:26:41,0.4,0.35,78520,0.4,185480,1000,2199840
FINNIFTY02JAN2420500PE.NFO,02/01/2024,11:26:50,0.4,0.35,78840,0.4,185400,3560,2209960
FINNIFTY02JAN2420500PE.NFO,02/01/2024,11:26:59,0.4,0.35,78840,0.4,185400,40,2209960
FINNIFTY02JAN2420500PE.NFO,02/01/2024,11:27:08,0.35,0.35,78480,0.4,185400,480,2209960
FINNIFTY02JAN2420500PE.NFO,02/01/2024,11:27:18,0.4,0.35,78320,0.4,185320,720,2209960
FINNIFTY02JAN2420500PE.NFO,02/01/2024,11:27:36,0.35,0.35,74480,0.4,176600,11080,2209960
FINNIFTY02JAN2420500PE.NFO,02/01/2024,11:27:45,0.35,0.35,73920,0.4,176600,1400,2209960
FINNIFTY02JAN2420500PE.NFO,02/01/2024,11:27:55,0.35,0.35,73720,0.4,176600,200,2209960
FINNIFTY02JAN2420500PE.NFO,02/01/2024,11:28:04,0.4,0.35,57160,0.4,179040,21560,2209960
FINNIFTY02JAN2420500PE.NFO,02/01/2024,11:28:13,0.35,0.35,59320,0.4,180200,1600,2209960
FINNIFTY02JAN2420500PE.NFO,02/01/2024,11:28:22,0.35,0.35,57720,0.4,180360,1640,2209960
FINNIFTY02JAN2420500PE.NFO,02/01/2024,11:28:31,0.35,0.35,57760,0.4,180360,0,2209960
FINNIFTY02JAN2420500PE.NFO,02/01/2024,11:28:40,0.35,0.35,58600,0.4,180360,2080,2209960
FINNIFTY02JAN2420500PE.NFO,02/01/2024,11:28:49,0.35,0.35,58800,0.4,180360,0,2209960
FINNIFTY02JAN2420500PE.NFO,02/01/2024,11:28:58,0.35,0.35,58120,0.4,180360,360,2209960
FINNIFTY02JAN2420500PE.NFO,02/01/2024,11:29:07,0.4,0.35,58560,0.4,183800,6360,2209960
FINNIFTY02JAN2420500PE.NFO,02/01/2024,11:29:16,0.4,0.35,58440,0.4,183640,160,2209960
FINNIFTY02JAN2420500PE.NFO,02/01/2024,11:29:26,0.35,0.3,489560,0.35,171000,115280,2209960
FINNIFTY02JAN2420500PE.NFO,02/01/2024,11:29:35,0.35,0.3,145840,0.35,310000,1760,2209960
FINNIFTY02JAN2420500PE.NFO,02/01/2024,11:29:44,0.35,0.3,250920,0.35,308160,3360,2209960
FINNIFTY02JAN2420500PE.NFO,02/01/2024,11:29:53,0.35,0.3,254720,0.35,310640,3040,2203480
FINNIFTY02JAN2420500PE.NFO,02/01/2024,11:30:02,0.35,0.3,256520,0.35,310400,240,2203480
FINNIFTY02JAN2420500PE.NFO,02/01/2024,11:30:11,0.35,0.3,261520,0.35,311440,5120,2203480
FINNIFTY02JAN2420500PE.NFO,02/01/2024,11:30:20,0.35,0.3,263320,0.35,293560,2080,2203480
FINNIFTY02JAN2420500PE.NFO,02/01/2024,11:30:29,0.35,0.3,261280,0.35,293640,1080,2203480
FINNIFTY02JAN2420500PE.NFO,02/01/2024,11:30:38,0.35,0.3,261280,0.35,293640,0,2203480
FINNIFTY02JAN2420500PE.NFO,02/01/2024,11:30:55,0.35,0.3,153280,0.35,293640,0,2203480
FINNIFTY02JAN2420500PE.NFO,02/01/2024,11:31:05,0.35,0.3,108080,0.35,294280,10040,2203480
FINNIFTY02JAN2420500PE.NFO,02/01/2024,11:31:14,0.35,0.3,106000,0.35,294080,1120,2203480
FINNIFTY02JAN2420500PE.NFO,02/01/2024,11:31:23,0.3,0.3,105120,0.35,294080,880,2203480
FINNIFTY02JAN2420500PE.NFO,02/01/2024,11:31:32,0.3,0.3,101920,0.35,294080,3200,2203480
FINNIFTY02JAN2420500PE.NFO,02/01/2024,11:31:41,0.3,0.3,99760,0.35,294080,2000,2203480
FINNIFTY02JAN2420500PE.NFO,02/01/2024,11:31:50,0.3,0.3,99920,0.35,294080,0,2203480
FINNIFTY02JAN2420500PE.NFO,02/01/2024,11:31:59,0.3,0.3,59440,0.35,242240,54400,2203480
FINNIFTY02JAN2420500PE.NFO,02/01/2024,11:32:08,0.3,0.3,61800,0.35,242200,160,2203480
FINNIFTY02JAN2420500PE.NFO,02/01/2024,11:32:18,0.3,0.3,61880,0.35,242200,0,2203480
FINNIFTY02JAN2420500PE.NFO,02/01/2024,11:32:27,0.3,0.3,48680,0.35,242800,18000,2203480
FINNIFTY02JAN2420500PE.NFO,02/01/2024,11:32:36,0.3,0.3,50000,0.35,242800,120,2203480
FINNIFTY02JAN2420500PE.NFO,02/01/2024,11:32:45,0.3,0.3,49920,0.35,242800,0,2203480
FINNIFTY02JAN2420500PE.NFO,02/01/2024,11:32:54,0.3,0.3,48560,0.35,241400,1800,2197480
FINNIFTY02JAN2420500PE.NFO,02/01/2024,11:33:03,0.3,0.3,46760,0.35,241080,1800,2197480
FINNIFTY02JAN2420500PE.NFO,02/01/2024,11:33:12,0.3,0.3,46920,0.35,241400,160,2197480
FINNIFTY02JAN2420500PE.NFO,02/01/2024,11:33:20,0.3,0.3,46880,0.35,241080,0,2197480
FINNIFTY02JAN2420500PE.NFO,02/01/2024,11:33:30,0.3,0.3,48720,0.35,241080,0,2197480
FINNIFTY02JAN2420500PE.NFO,02/01/2024,11:33:39,0.35,0.3,57760,0.35,241000,80,2197480
FINNIFTY02JAN2420500PE.NFO,02/01/2024,11:33:47,0.35,0.3,59320,0.35,241040,1880,2197480
FINNIFTY02JAN2420500PE.NFO,02/01/2024,11:33:56,0.35,0.3,58400,0.35,242360,6240,2197480
FINNIFTY02JAN2420500PE.NFO,02/01/2024,11:34:05,0.35,0.3,57840,0.35,241960,2320,2197480
FINNIFTY02JAN2420500PE.NFO,02/01/2024,11:34:14,0.35,0.3,57920,0.35,241800,760,2197480
FINNIFTY02JAN2420500PE.NFO,02/01/2024,11:34:23,0.3,0.3,58000,0.35,241680,1680,2197480
FINNIFTY02JAN2420500PE.NFO,02/01/2024,11:34:32,0.3,0.3,57000,0.35,241680,1080,2197480
FINNIFTY02JAN2420500PE.NFO,02/01/2024,11:34:42,0.3,0.3,56200,0.35,241680,1640,2197480
FINNIFTY02JAN2420500PE.NFO,02/01/2024,11:34:51,0.3,0.3,55200,0.35,241680,40,2197480
FINNIFTY02JAN2420500PE.NFO,02/01/2024,11:35:08,0.35,0.3,53480,0.35,241600,7600,2197480
FINNIFTY02JAN2420500PE.NFO,02/01/2024,11:35:18,0.35,0.3,55760,0.35,241120,5440,2197480
FINNIFTY02JAN2420500PE.NFO,02/01/2024,11:35:27,0.3,0.3,57200,0.35,222160,5960,2197480
FINNIFTY02JAN2420500PE.NFO,02/01/2024,11:35:36,0.35,0.3,56920,0.35,226320,9040,2197480
FINNIFTY02JAN2420500PE.NFO,02/01/2024,11:35:45,0.35,0.3,56920,0.35,229000,0,2197480
FINNIFTY02JAN2420500PE.NFO,02/01/2024,11:35:54,0.35,0.3,59440,0.35,227160,3600,2200800
FINNIFTY02JAN2420500PE.NFO,02/01/2024,11:36:02,0.35,0.3,59480,0.35,229160,7600,2200800
FINNIFTY02JAN2420500PE.NFO,02/01/2024,11:36:11,0.35,0.3,59480,0.35,228560,2400,2200800
FINNIFTY02JAN2420500PE.NFO,02/01/2024,11:36:21,0.3,0.3,59120,0.35,232200,8160,2200800
FINNIFTY02JAN2420500PE.NFO,02/01/2024,11:36:30,0.35,0.3,60040,0.35,231640,5080,2200800
FINNIFTY02JAN2420500PE.NFO,02/01/2024,11:36:39,0.35,0.3,64920,0.35,231040,5400,2200800
FINNIFTY02JAN2420500PE.NFO,02/01/2024,11:36:49,0.35,0.3,69600,0.35,230480,5600,2200800
FINNIFTY02JAN2420500PE.NFO,02/01/2024,11:36:59,0.35,0.3,69600,0.35,230640,0,2200800
FINNIFTY02JAN2420500PE.NFO,02/01/2024,11:37:08,0.3,0.3,69720,0.35,238120,3080,2200800
FINNIFTY02JAN2420500PE.NFO,02/01/2024,11:37:17,0.35,0.3,69720,0.35,237280,840,2200800
FINNIFTY02JAN2420500PE.NFO,02/01/2024,11:37:27,0.3,0.3,61200,0.35,237280,30000,2200800
FINNIFTY02JAN2420500PE.NFO,02/01/2024,11:37:36,0.35,0.3,62600,0.35,235800,8040,2200800
FINNIFTY02JAN2420500PE.NFO,02/01/2024,11:37:46,0.35,0.3,63480,0.35,234920,0,2200800
FINNIFTY02JAN2420500PE.NFO,02/01/2024,11:38:04,0.35,0.3,64400,0.35,235800,0,2200800
FINNIFTY02JAN2420500PE.NFO,02/01/2024,11:38:14,0.35,0.3,65280,0.35,220520,0,2200800
FINNIFTY02JAN2420500PE.NFO,02/01/2024,11:38:24,0.3,0.3,100360,0.35,228600,40,2200800
FINNIFTY02JAN2420500PE.NFO,02/01/2024,11:38:33,0.3,0.3,136360,0.35,228600,0,2200800
FINNIFTY02JAN2420500PE.NFO,02/01/2024,11:38:43,0.35,0.3,65000,0.35,229080,1200,2200800
FINNIFTY02JAN2420500PE.NFO,02/01/2024,11:38:53,0.35,0.3,64960,0.35,229000,120,2202800
FINNIFTY02JAN2420500PE.NFO,02/01/2024,11:39:02,0.35,0.3,64960,0.35,228840,160,2202800
FINNIFTY02JAN2420500PE.NFO,02/01/2024,11:39:12,0.35,0.3,65440,0.35,227320,1040,2202800
FINNIFTY02JAN2420500PE.NFO,02/01/2024,11:39:21,0.35,0.3,65440,0.35,227320,0,2202800
FINNIFTY02JAN2420500PE.NFO,02/01/2024,11:39:30,0.35,0.3,63640,0.35,228160,40,2202800
FINNIFTY02JAN2420500PE.NFO,02/01/2024,11:39:39,0.3,0.3,64520,0.35,228120,80,2202800
FINNIFTY02JAN2420500PE.NFO,02/01/2024,11:39:49,0.35,0.3,67440,0.35,226080,3600,2202800
FINNIFTY02JAN2420500PE.NFO,02/01/2024,11:39:58,0.3,0.3,67320,0.35,227760,120,2202800
FINNIFTY02JAN2420500PE.NFO,02/01/2024,11:40:07,0.3,0.3,66560,0.35,227760,0,2202800
FINNIFTY02JAN2420500PE.NFO,02/01/2024,11:40:16,0.3,0.3,67480,0.35,226880,0,2202800
FINNIFTY02JAN2420500PE.NFO,02/01/2024,11:40:25,0.35,0.3,68640,0.35,227040,1080,2202800
FINNIFTY02JAN2420500PE.NFO,02/01/2024,11:40:33,0.3,0.3,68280,0.35,226840,2120,2202800
FINNIFTY02JAN2420500PE.NFO,02/01/2024,11:40:42,0.3,0.3,68120,0.35,226840,160,2202800
FINNIFTY02JAN2420500PE.NFO,02/01/2024,11:40:51,0.35,0.3,68160,0.35,226800,40,2202800
FINNIFTY02JAN2420500PE.NFO,02/01/2024,11:41:00,0.3,0.3,67880,0.35,226760,360,2202800
FINNIFTY02JAN2420500PE.NFO,02/01/2024,11:41:10,0.35,0.3,71280,0.35,225480,1280,2202800
FINNIFTY02JAN2420500PE.NFO,02/01/2024,11:41:19,0.35,0.3,74920,0.35,222760,1560,2202800
FINNIFTY02JAN2420500PE.NFO,02/01/2024,11:41:29,0.35,0.3,69840,0.35,222000,3840,2202800
FINNIFTY02JAN2420500PE.NFO,02/01/2024,11:41:39,0.35,0.3,70840,0.35,222080,1520,2202800
FINNIFTY02JAN2420500PE.NFO,02/01/2024,11:41:49,0.35,0.3,72480,0.35,197440,28560,2202800
FINNIFTY02JAN2420500PE.NFO,02/01/2024,11:41:59,0.3,0.3,68400,0.35,199120,3080,2208840
FINNIFTY02JAN2420500PE.NFO,02/01/2024,11:42:09,0.35,0.3,67800,0.35,199080,640,2208840
FINNIFTY02JAN2420500PE.NFO,02/01/2024,11:42:19,0.3,0.3,67480,0.35,199080,320,2208840
FINNIFTY02JAN2420500PE.NFO,02/01/2024,11:42:29,0.35,0.3,66680,0.35,198480,1400,2208840
FINNIFTY02JAN2420500PE.NFO,02/01/2024,11:42:38,0.35,0.3,67880,0.35,188960,9520,2208840
FINNIFTY02JAN2420500PE.NFO,02/01/2024,11:42:47,0.35,0.3,68480,0.35,188960,0,2208840
FINNIFTY02JAN2420500PE.NFO,02/01/2024,11:42:56,0.35,0.3,104240,0.35,170960,18000,2208840
FINNIFTY02JAN2420500PE.NFO,02/01/2024,11:43:06,0.35,0.3,104000,0.35,124400,39440,2208840
FINNIFTY02JAN2420500PE.NFO,02/01/2024,11:43:15,0.35,0.3,152920,0.35,113840,18200,2208840
FINNIFTY02JAN2420500PE.NFO,02/01/2024,11:43:25,0.35,0.3,195520,0.35,107760,36520,2208840
FINNIFTY02JAN2420500PE.NFO,02/01/2024,11:43:34,0.35,0.3,195320,0.35,107240,1680,2208840
FINNIFTY02JAN2420500PE.NFO,02/01/2024,11:43:43,0.35,0.3,197120,0.35,107120,3840,2208840
FINNIFTY02JAN2420500PE.NFO,02/01/2024,11:43:53,0.35,0.3,252240,0.35,114040,6120,2208840
FINNIFTY02JAN2420500PE.NFO,02/01/2024,11:44:03,0.35,0.35,82600,0.4,106960,145000,2208840
FINNIFTY02JAN2420500PE.NFO,02/01/2024,11:44:12,0.35,0.35,82040,0.4,161480,1320,2208840
FINNIFTY02JAN2420500PE.NFO,02/01/2024,11:44:21,0.35,0.35,84360,0.4,160760,4560,2208840
FINNIFTY02JAN2420500PE.NFO,02/01/2024,11:44:31,0.35,0.35,74760,0.4,163640,12360,2208840
FINNIFTY02JAN2420500PE.NFO,02/01/2024,11:44:40,0.35,0.35,40960,0.4,128160,75440,2208840
FINNIFTY02JAN2420500PE.NFO,02/01/2024,11:44:49,0.35,0.3,224880,0.35,177680,33680,2208840
FINNIFTY02JAN2420500PE.NFO,02/01/2024,11:44:58,0.35,0.3,224800,0.35,177680,0,2208840
FINNIFTY02JAN2420500PE.NFO,02/01/2024,11:45:07,0.35,0.3,222400,0.35,189080,7080,2271280
FINNIFTY02JAN2420500PE.NFO,02/01/2024,11:45:16,0.3,0.3,222360,0.35,136720,200,2271280
FINNIFTY02JAN2420500PE.NFO,02/01/2024,11:45:25,0.3,0.3,242520,0.35,136720,0,2271280
FINNIFTY02JAN2420500PE.NFO,02/01/2024,11:45:36,0.3,0.3,241320,0.35,136080,1840,2271280
FINNIFTY02JAN2420500PE.NFO,02/01/2024,11:45:45,0.3,0.3,245520,0.35,134720,12560,2271280
FINNIFTY02JAN2420500PE.NFO,02/01/2024,11:45:54,0.3,0.3,144600,0.35,134720,10680,2271280
FINNIFTY02JAN2420500PE.NFO,02/01/2024,11:46:04,0.3,0.3,149840,0.35,130080,9960,2271280
FINNIFTY02JAN2420500PE.NFO,02/01/2024,11:46:13,0.3,0.3,147360,0.35,131320,2920,2271280
FINNIFTY02JAN2420500PE.NFO,02/01/2024,11:46:22,0.3,0.3,143560,0.35,131840,4000,2271280
FINNIFTY02JAN2420500PE.NFO,02/01/2024,11:46:32,0.3,0.3,141880,0.35,130000,1640,2271280
FINNIFTY02JAN2420500PE.NFO,02/01/2024,11:46:41,0.3,0.3,143360,0.35,129760,240,2271280
FINNIFTY02JAN2420500PE.NFO,02/01/2024,11:46:50,0.3,0.3,143280,0.35,128600,3680,2271280
FINNIFTY02JAN2420500PE.NFO,02/01/2024,11:47:00,0.3,0.3,179640,0.35,128600,10000,2271280
FINNIFTY02JAN2420500PE.NFO,02/01/2024,11:47:08,0.3,0.3,180400,0.35,128600,1040,2271280
FINNIFTY02JAN2420500PE.NFO,02/01/2024,11:47:17,0.3,0.3,180280,0.35,128600,200,2271280
FINNIFTY02JAN2420500PE.NFO,02/01/2024,11:47:25,0.35,0.3,180000,0.35,128560,40,2271280
FINNIFTY02JAN2420500PE.NFO,02/01/2024,11:47:33,0.3,0.3,152840,0.35,128320,27240,2271280
FINNIFTY02JAN2420500PE.NFO,02/01/2024,11:47:42,0.3,0.25,555040,0.3,155720,134520,2271280
FINNIFTY02JAN2420500PE.NFO,02/01/2024,11:47:50,0.25,0.25,554600,0.3,165320,80,2271280
FINNIFTY02JAN2420500PE.NFO,02/01/2024,11:47:59,0.25,0.25,554800,0.3,175320,0,2283120
FINNIFTY02JAN2420500PE.NFO,02/01/2024,11:48:08,0.3,0.25,554800,0.3,219440,40,2283120
FINNIFTY02JAN2420500PE.NFO,02/01/2024,11:48:17,0.3,0.25,554640,0.3,209240,280,2283120
FINNIFTY02JAN2420500PE.NFO,02/01/2024,11:48:26,0.3,0.25,558440,0.3,208720,1120,2283120
FINNIFTY02JAN2420500PE.NFO,02/01/2024,11:48:35,0.3,0.25,558440,0.3,204600,4120,2283120
FINNIFTY02JAN2420500PE.NFO,02/01/2024,11:48:44,0.3,0.25,556640,0.3,205080,480,2283120
FINNIFTY02JAN2420500PE.NFO,02/01/2024,11:48:52,0.3,0.25,557160,0.3,204520,3720,2283120
FINNIFTY02JAN2420500PE.NFO,02/01/2024,11:49:01,0.25,0.25,557120,0.3,204480,80,2283120
FINNIFTY02JAN2420500PE.NFO,02/01/2024,11:49:09,0.25,0.25,550000,0.3,205080,4520,2283120
FINNIFTY02JAN2420500PE.NFO,02/01/2024,11:49:18,0.3,0.25,549680,0.3,205040,360,2283120
FINNIFTY02JAN2420500PE.NFO,02/01/2024,11:49:27,0.3,0.25,547800,0.3,205920,0,2283120
FINNIFTY02JAN2420500PE.NFO,02/01/2024,11:49:36,0.3,0.25,547720,0.3,204080,1040,2283120
FINNIFTY02JAN2420500PE.NFO,02/01/2024,11:49:45,0.3,0.25,547800,0.3,203880,880,2283120
FINNIFTY02JAN2420500PE.NFO,02/01/2024,11:49:53,0.25,0.25,547760,0.3,203880,40,2283120
FINNIFTY02JAN2420500PE.NFO,02/01/2024,11:50:02,0.3,0.25,547760,0.3,203600,280,2283120
FINNIFTY02JAN2420500PE.NFO,02/01/2024,11:50:11,0.3,0.25,539760,0.3,201520,9200,2283120
FINNIFTY02JAN2420500PE.NFO,02/01/2024,11:50:21,0.25,0.25,539640,0.3,201520,120,2283120
FINNIFTY02JAN2420500PE.NFO,02/01/2024,11:50:29,0.25,0.25,539680,0.3,202920,480,2283120
FINNIFTY02JAN2420500PE.NFO,02/01/2024,11:50:38,0.25,0.25,798880,0.3,202920,0,2283120
FINNIFTY02JAN2420500PE.NFO,02/01/2024,11:50:47,0.25,0.25,839600,0.3,202920,80,2283120
FINNIFTY02JAN2420500PE.NFO,02/01/2024,11:51:05,0.3,0.25,840040,0.3,200960,3360,2283560
FINNIFTY02JAN2420500PE.NFO,02/01/2024,11:51:14,0.3,0.25,839840,0.3,205320,1960,2283560
FINNIFTY02JAN2420500PE.NFO,02/01/2024,11:51:23,0.3,0.25,842280,0.3,205040,4040,2283560
FINNIFTY02JAN2420500PE.NFO,02/01/2024,11:51:32,0.25,0.25,842240,0.3,206400,40,2283560
FINNIFTY02JAN2420500PE.NFO,02/01/2024,11:51:41,0.25,0.25,845840,0.3,206080,0,2283560
FINNIFTY02JAN2420500PE.NFO,02/01/2024,11:51:50,0.3,0.25,845840,0.3,205920,160,2283560
FINNIFTY02JAN2420500PE.NFO,02/01/2024,11:51:59,0.25,0.25,845800,0.3,205640,40,2283560
FINNIFTY02JAN2420500PE.NFO,02/01/2024,11:52:09,0.25,0.25,833320,0.3,207240,14040,2283560
FINNIFTY02JAN2420500PE.NFO,02/01/2024,11:52:18,0.25,0.25,800160,0.3,228480,32640,2283560
FINNIFTY02JAN2420500PE.NFO,02/01/2024,11:52:27,0.3,0.25,800120,0.3,228280,200,2283560
FINNIFTY02JAN2420500PE.NFO,02/01/2024,11:52:36,0.3,0.25,800880,0.3,270200,200,2283560
FINNIFTY02JAN2420500PE.NFO,02/01/2024,11:52:45,0.3,0.25,800880,0.3,270800,280,2283560
FINNIFTY02JAN2420500PE.NFO,02/01/2024,11:52:54,0.3,0.25,800880,0.3,271320,160,2283560
FINNIFTY02JAN2420500PE.NFO,02/01/2024,11:53:03,0.3,0.25,800960,0.3,271160,1960,2283560
FINNIFTY02JAN2420500PE.NFO,02/01/2024,11:53:12,0.3,0.25,799760,0.3,273200,4040,2283560
FINNIFTY02JAN2420500PE.NFO,02/01/2024,11:53:21,0.3,0.25,798000,0.3,278720,200,2283560
FINNIFTY02JAN2420500PE.NFO,02/01/2024,11:53:30,0.3,0.25,748040,0.3,281560,1440,2283560
FINNIFTY02JAN2420500PE.NFO,02/01/2024,11:53:39,0.3,0.25,703200,0.3,282720,360,2283560
FINNIFTY02JAN2420500PE.NFO,02/01/2024,11:53:48,0.3,0.25,703200,0.3,282400,320,2283560
FINNIFTY02JAN2420500PE.NFO,02/01/2024,11:53:57,0.3,0.25,703200,0.3,282240,160,2284120
FINNIFTY02JAN2420500PE.NFO,02/01/2024,11:54:05,0.3,0.25,703320,0.3,283200,840,2284120
FINNIFTY02JAN2420500PE.NFO,02/01/2024,11:54:14,0.3,0.25,703320,0.3,282800,400,2284120
FINNIFTY02JAN2420500PE.NFO,02/01/2024,11:54:23,0.3,0.25,703320,0.3,282520,280,2284120
FINNIFTY02JAN2420500PE.NFO,02/01/2024,11:54:32,0.3,0.25,703360,0.3,284200,120,2284120
FINNIFTY02JAN2420500PE.NFO,02/01/2024,11:54:41,0.25,0.25,703280,0.3,284040,240,2284120
FINNIFTY02JAN2420500PE.NFO,02/01/2024,11:54:50,0.3,0.25,703320,0.3,284560,280,2284120
FINNIFTY02JAN2420500PE.NFO,02/01/2024,11:54:58,0.3,0.25,703320,0.3,284760,120,2284120
FINNIFTY02JAN2420500PE.NFO,02/01/2024,11:55:07,0.3,0.25,703360,0.3,284440,1320,2284120
FINNIFTY02JAN2420500PE.NFO,02/01/2024,11:55:16,0.3,0.25,706680,0.3,292800,9240,2284120
FINNIFTY02JAN2420500PE.NFO,02/01/2024,11:55:25,0.3,0.25,706760,0.3,294080,520,2284120
FINNIFTY02JAN2420500PE.NFO,02/01/2024,11:55:34,0.3,0.25,704960,0.3,293920,160,2284120
FINNIFTY02JAN2420500PE.NFO,02/01/2024,11:55:43,0.3,0.25,704960,0.3,293760,160,2284120
FINNIFTY02JAN2420500PE.NFO,02/01/2024,11:55:52,0.25,0.25,702560,0.3,294720,2640,2284120
FINNIFTY02JAN2420500PE.NFO,02/01/2024,11:56:01,0.3,0.25,699880,0.3,295360,1960,2284120
FINNIFTY02JAN2420500PE.NFO,02/01/2024,11:56:09,0.3,0.25,700800,0.3,295520,1320,2284120
FINNIFTY02JAN2420500PE.NFO,02/01/2024,11:56:18,0.3,0.25,700800,0.3,299000,120,2284120
FINNIFTY02JAN2420500PE.NFO,02/01/2024,11:56:26,0.25,0.25,699000,0.3,298880,1920,2284120
FINNIFTY02JAN2420500PE.NFO,02/01/2024,11:56:34,0.3,0.25,699000,0.3,299960,320,2284120
FINNIFTY02JAN2420500PE.NFO,02/01/2024,11:56:43,0.3,0.25,699000,0.3,299840,120,2284120
FINNIFTY02JAN2420500PE.NFO,02/01/2024,11:56:51,0.3,0.25,699000,0.3,299720,120,2284120
FINNIFTY02JAN2420500PE.NFO,02/01/2024,11:57:00,0.3,0.25,699000,0.3,299560,160,2287680
FINNIFTY02JAN2420500PE.NFO,02/01/2024,11:57:09,0.25,0.25,697320,0.3,299280,880,2287680
FINNIFTY02JAN2420500PE.NFO,02/01/2024,11:57:18,0.3,0.25,697560,0.3,301120,280,2287680
FINNIFTY02JAN2420500PE.NFO,02/01/2024,11:57:26,0.3,0.25,697560,0.3,300640,160,2287680
FINNIFTY02JAN2420500PE.NFO,02/01/2024,11:57:35,0.3,0.25,697560,0.3,300520,120,2287680
FINNIFTY02JAN2420500PE.NFO,02/01/2024,11:57:44,0.3,0.25,697560,0.3,300400,120,2287680
FINNIFTY02JAN2420500PE.NFO,02/01/2024,11:57:52,0.3,0.25,697560,0.3,300240,160,2287680
FINNIFTY02JAN2420500PE.NFO,02/01/2024,11:58:01,0.3,0.25,698640,0.3,302600,1240,2287680
FINNIFTY02JAN2420500PE.NFO,02/01/2024,11:58:10,0.3,0.25,698320,0.3,302480,1440,2287680
FINNIFTY02JAN2420500PE.NFO,02/01/2024,11:58:19,0.3,0.25,698360,0.3,302600,280,2287680
FINNIFTY02JAN2420500PE.NFO,02/01/2024,11:58:28,0.3,0.25,700040,0.3,304720,280,2287680
FINNIFTY02JAN2420500PE.NFO,02/01/2024,11:58:36,0.3,0.25,699120,0.3,304000,240,2287680
FINNIFTY02JAN2420500PE.NFO,02/01/2024,11:58:45,0.3,0.25,704640,0.3,308440,8160,2287680
FINNIFTY02JAN2420500PE.NFO,02/01/2024,11:58:54,0.3,0.25,704640,0.3,309160,160,2287680
FINNIFTY02JAN2420500PE.NFO,02/01/2024,11:59:03,0.3,0.25,703160,0.3,308720,3120,2287680
FINNIFTY02JAN2420500PE.NFO,02/01/2024,11:59:12,0.3,0.25,703680,0.3,306600,1960,2287680
FINNIFTY02JAN2420500PE.NFO,02/01/2024,11:59:20,0.3,0.25,701880,0.3,307040,1960,2287680
FINNIFTY02JAN2420500PE.NFO,02/01/2024,11:59:29,0.3,0.25,701880,0.3,307680,240,2287680
FINNIFTY02JAN2420500PE.NFO,02/01/2024,11:59:38,0.3,0.25,702800,0.3,309040,440,2287680
FINNIFTY02JAN2420500PE.NFO,02/01/2024,11:59:46,0.3,0.25,702800,0.3,308880,160,2287680
FINNIFTY02JAN2420500PE.NFO,02/01/2024,11:59:54,0.3,0.25,702800,0.3,312440,240,2288040
FINNIFTY02JAN2420500PE.NFO,02/01/2024,12:00:03,0.25,0.25,701000,0.3,310480,1960,2288040
FINNIFTY02JAN2420500PE.NFO,02/01/2024,12:00:12,0.3,0.25,701000,0.3,310480,7400,2288040
FINNIFTY02JAN2420500PE.NFO,02/01/2024,12:00:21,0.3,0.25,699240,0.3,279200,44000,2288040
FINNIFTY02JAN2420500PE.NFO,02/01/2024,12:00:30,0.3,0.25,699200,0.3,278400,920,2288040
FINNIFTY02JAN2420500PE.NFO,02/01/2024,12:00:39,0.3,0.25,702800,0.3,264760,15320,2288040
FINNIFTY02JAN2420500PE.NFO,02/01/2024,12:00:48,0.3,0.25,702800,0.3,262920,1840,2288040
FINNIFTY02JAN2420500PE.NFO,02/01/2024,12:00:57,0.3,0.25,702800,0.3,257200,11120,2288040
FINNIFTY02JAN2420500PE.NFO,02/01/2024,12:01:06,0.3,0.25,702800,0.3,254480,2720,2288040
FINNIFTY02JAN2420500PE.NFO,02/01/2024,12:01:16,0.3,0.25,702440,0.3,263040,800,2288040
FINNIFTY02JAN2420500PE.NFO,02/01/2024,12:01:24,0.3,0.25,702440,0.3,262760,280,2288040
FINNIFTY02JAN2420500PE.NFO,02/01/2024,12:01:33,0.3,0.25,702440,0.3,263360,120,2288040
FINNIFTY02JAN2420500PE.NFO,02/01/2024,12:01:42,0.3,0.25,702440,0.3,262760,280,2288040
FINNIFTY02JAN2420500PE.NFO,02/01/2024,12:01:51,0.3,0.25,702440,0.3,262600,160,2288040
FINNIFTY02JAN2420500PE.NFO,02/01/2024,12:02:00,0.3,0.25,702440,0.3,262480,120,2288040
FINNIFTY02JAN2420500PE.NFO,02/01/2024,12:02:09,0.3,0.25,713240,0.3,273000,280,2288040
FINNIFTY02JAN2420500PE.NFO,02/01/2024,12:02:18,0.3,0.25,713240,0.3,272440,560,2288040
FINNIFTY02JAN2420500PE.NFO,02/01/2024,12:02:26,0.3,0.25,713240,0.3,271800,640,2288040
FINNIFTY02JAN2420500PE.NFO,02/01/2024,12:02:35,0.3,0.25,712360,0.3,271640,1040,2288040
FINNIFTY02JAN2420500PE.NFO,02/01/2024,12:02:44,0.3,0.25,712360,0.3,271480,160,2288040
FINNIFTY02JAN2420500PE.NFO,02/01/2024,12:02:53,0.25,0.25,711480,0.3,271440,920,2288040
FINNIFTY02JAN2420500PE.NFO,02/01/2024,12:03:01,0.3,0.25,711480,0.3,267840,3600,2289160
FINNIFTY02JAN2420500PE.NFO,02/01/2024,12:03:10,0.3,0.25,711480,0.3,268280,360,2289160
FINNIFTY02JAN2420500PE.NFO,02/01/2024,12:03:19,0.3,0.25,711480,0.3,269680,0,2289160
FINNIFTY02JAN2420500PE.NFO,02/01/2024,12:03:28,0.3,0.25,711520,0.3,269680,0,2289160
FINNIFTY02JAN2420500PE.NFO,02/01/2024,12:03:37,0.25,0.25,697200,0.3,269680,600,2289160
FINNIFTY02JAN2420500PE.NFO,02/01/2024,12:03:46,0.25,0.25,724120,0.3,270040,80,2289160
FINNIFTY02JAN2420500PE.NFO,02/01/2024,12:04:04,0.3,0.25,724120,0.3,269680,1000,2289160
FINNIFTY02JAN2420500PE.NFO,02/01/2024,12:04:12,0.3,0.25,724080,0.3,269920,280,2289160
FINNIFTY02JAN2420500PE.NFO,02/01/2024,12:04:22,0.3,0.25,724080,0.3,269880,40,2289160
FINNIFTY02JAN2420500PE.NFO,02/01/2024,12:04:31,0.3,0.25,725880,0.3,269440,40,2289160
FINNIFTY02JAN2420500PE.NFO,02/01/2024,12:04:40,0.3,0.25,724080,0.3,269400,40,2289160
FINNIFTY02JAN2420500PE.NFO,02/01/2024,12:04:49,0.3,0.25,723880,0.3,269320,280,2289160
FINNIFTY02JAN2420500PE.NFO,02/01/2024,12:04:58,0.3,0.25,722640,0.3,269480,1280,2289160
FINNIFTY02JAN2420500PE.NFO,02/01/2024,12:05:07,0.3,0.25,722240,0.3,255680,5640,2289160
FINNIFTY02JAN2420500PE.NFO,02/01/2024,12:05:16,0.3,0.25,723080,0.3,253520,1280,2289160
FINNIFTY02JAN2420500PE.NFO,02/01/2024,12:05:25,0.3,0.25,721840,0.3,253600,2360,2289160
FINNIFTY02JAN2420500PE.NFO,02/01/2024,12:05:34,0.3,0.25,722400,0.3,251920,2800,2289160
FINNIFTY02JAN2420500PE.NFO,02/01/2024,12:05:43,0.3,0.25,722400,0.3,249440,2480,2289160
FINNIFTY02JAN2420500PE.NFO,02/01/2024,12:05:51,0.3,0.25,722400,0.3,248200,1240,2289160
FINNIFTY02JAN2420500PE.NFO,02/01/2024,12:06:00,0.3,0.25,721520,0.3,246960,1240,2287880
FINNIFTY02JAN2420500PE.NFO,02/01/2024,12:06:09,0.3,0.25,721520,0.3,246200,2560,2287880
FINNIFTY02JAN2420500PE.NFO,02/01/2024,12:06:18,0.3,0.25,721520,0.3,248000,0,2287880
FINNIFTY02JAN2420500PE.NFO,02/01/2024,12:06:27,0.3,0.25,721520,0.3,247920,80,2287880
FINNIFTY02JAN2420500PE.NFO,02/01/2024,12:06:35,0.3,0.25,721520,0.3,246320,1600,2287880
FINNIFTY02JAN2420500PE.NFO,02/01/2024,12:06:52,0.3,0.25,722400,0.3,245720,600,2287880
FINNIFTY02JAN2420500PE.NFO,02/01/2024,12:07:01,0.3,0.25,722280,0.3,246000,160,2287880
FINNIFTY02JAN2420500PE.NFO,02/01/2024,12:07:09,0.3,0.25,721920,0.3,243520,2040,2287880
FINNIFTY02JAN2420500PE.NFO,02/01/2024,12:07:18,0.3,0.25,721920,0.3,241920,2000,2287880
FINNIFTY02JAN2420500PE.NFO,02/01/2024,12:07:35,0.25,0.25,721880,0.3,241880,80,2287880
FINNIFTY02JAN2420500PE.NFO,02/01/2024,12:07:44,0.3,0.25,721880,0.3,235920,560,2287880
FINNIFTY02JAN2420500PE.NFO,02/01/2024,12:07:53,0.3,0.25,721880,0.3,243480,40,2287880
FINNIFTY02JAN2420500PE.NFO,02/01/2024,12:08:02,0.3,0.25,721880,0.3,243320,160,2287880
FINNIFTY02JAN2420500PE.NFO,02/01/2024,12:08:10,0.3,0.25,721880,0.3,235960,2360,2287880
FINNIFTY02JAN2420500PE.NFO,02/01/2024,12:08:19,0.3,0.25,721880,0.3,235920,40,2287880
FINNIFTY02JAN2420500PE.NFO,02/01/2024,12:08:27,0.3,0.25,721880,0.3,235880,40,2287880
FINNIFTY02JAN2420500PE.NFO,02/01/2024,12:08:36,0.3,0.25,721880,0.3,235800,80,2287880
FINNIFTY02JAN2420500PE.NFO,02/01/2024,12:08:45,0.3,0.25,721840,0.3,241160,80,2287880
FINNIFTY02JAN2420500PE.NFO,02/01/2024,12:08:54,0.25,0.25,720040,0.3,239360,1800,2287880
FINNIFTY02JAN2420500PE.NFO,02/01/2024,12:09:19,0.3,0.25,719680,0.3,242200,720,2285320
FINNIFTY02JAN2420500PE.NFO,02/01/2024,12:09:27,0.3,0.25,719680,0.3,244200,0,2285320
FINNIFTY02JAN2420500PE.NFO,02/01/2024,12:09:36,0.3,0.25,719680,0.3,246600,1000,2285320
FINNIFTY02JAN2420500PE.NFO,02/01/2024,12:09:45,0.3,0.25,719680,0.3,246800,0,2285320
FINNIFTY02JAN2420500PE.NFO,02/01/2024,12:10:02,0.3,0.25,713680,0.3,247680,6720,2285320
FINNIFTY02JAN2420500PE.NFO,02/01/2024,12:10:11,0.25,0.25,710480,0.3,244200,9120,2285320
FINNIFTY02JAN2420500PE.NFO,02/01/2024,12:10:20,0.3,0.25,710480,0.3,242080,2080,2285320
FINNIFTY02JAN2420500PE.NFO,02/01/2024,12:10:30,0.3,0.25,707800,0.3,242040,920,2285320
FINNIFTY02JAN2420500PE.NFO,02/01/2024,12:10:39,0.3,0.25,706600,0.3,240560,1280,2285320
FINNIFTY02JAN2420500PE.NFO,02/01/2024,12:10:47,0.3,0.25,706600,0.3,250120,840,2285320
FINNIFTY02JAN2420500PE.NFO,02/01/2024,12:10:57,0.3,0.25,704800,0.3,260920,80,2285320
FINNIFTY02JAN2420500PE.NFO,02/01/2024,12:11:06,0.3,0.25,704800,0.3,260880,40,2285320
FINNIFTY02JAN2420500PE.NFO,02/01/2024,12:11:15,0.25,0.25,656440,0.3,261240,360,2285320
FINNIFTY02JAN2420500PE.NFO,02/01/2024,12:11:24,0.25,0.25,656440,0.3,261000,0,2285320
FINNIFTY02JAN2420500PE.NFO,02/01/2024,12:11:43,0.25,0.25,660240,0.3,261320,1600,2285320
FINNIFTY02JAN2420500PE.NFO,02/01/2024,12:11:52,0.3,0.25,660240,0.3,260360,960,2285320
FINNIFTY02JAN2420500PE.NFO,02/01/2024,12:12:00,0.3,0.25,661680,0.3,261200,0,2285320
FINNIFTY02JAN2420500PE.NFO,02/01/2024,12:12:09,0.3,0.25,661680,0.3,260120,1080,2291320
FINNIFTY02JAN2420500PE.NFO,02/01/2024,12:12:18,0.25,0.25,662840,0.3,259720,1040,2291320
FINNIFTY02JAN2420500PE.NFO,02/01/2024,12:12:36,0.3,0.25,662840,0.3,262320,400,2291320
FINNIFTY02JAN2420500PE.NFO,02/01/2024,12:12:53,0.3,0.25,664360,0.3,260080,2280,2291320
FINNIFTY02JAN2420500PE.NFO,02/01/2024,12:13:02,0.3,0.25,662560,0.3,262480,400,2291320
FINNIFTY02JAN2420500PE.NFO,02/01/2024,12:13:11,0.3,0.25,664360,0.3,260240,4040,2291320
FINNIFTY02JAN2420500PE.NFO,02/01/2024,12:13:19,0.3,0.25,659680,0.3,258640,0,2291320
FINNIFTY02JAN2420500PE.NFO,02/01/2024,12:13:53,0.25,0.25,658400,0.3,257360,1280,2291320
FINNIFTY02JAN2420500PE.NFO,02/01/2024,12:14:02,0.3,0.25,656640,0.3,255240,2120,2291320
FINNIFTY02JAN2420500PE.NFO,02/01/2024,12:14:11,0.3,0.25,656600,0.3,254280,960,2291320
FINNIFTY02JAN2420500PE.NFO,02/01/2024,12:14:19,0.3,0.25,645880,0.3,232840,480,2291320
FINNIFTY02JAN2420500PE.NFO,02/01/2024,12:14:28,0.3,0.25,645840,0.3,234120,160,2291320
FINNIFTY02JAN2420500PE.NFO,02/01/2024,12:14:37,0.3,0.25,640440,0.3,232600,1840,2291320
FINNIFTY02JAN2420500PE.NFO,02/01/2024,12:14:45,0.3,0.25,644040,0.3,226200,6080,2291320
FINNIFTY02JAN2420500PE.NFO,02/01/2024,12:15:03,0.3,0.25,642240,0.3,225960,240,2282520
FINNIFTY02JAN2420500PE.NFO,02/01/2024,12:15:12,0.3,0.25,640440,0.3,225120,840,2282520
FINNIFTY02JAN2420500PE.NFO,02/01/2024,12:15:21,0.3,0.25,640440,0.3,225000,120,2282520
FINNIFTY02JAN2420500PE.NFO,02/01/2024,12:15:29,0.3,0.25,626000,0.3,226040,15520,2282520
FINNIFTY02JAN2420500PE.NFO,02/01/2024,12:15:39,0.3,0.25,620360,0.3,178440,35280,2282520
FINNIFTY02JAN2420500PE.NFO,02/01/2024,12:15:49,0.3,0.25,619400,0.3,213320,7440,2282520
FINNIFTY02JAN2420500PE.NFO,02/01/2024,12:15:59,0.3,0.25,609520,0.3,214320,9200,2282520
FINNIFTY02JAN2420500PE.NFO,02/01/2024,12:16:09,0.3,0.25,607920,0.3,223080,6840,2282520
FINNIFTY02JAN2420500PE.NFO,02/01/2024,12:16:19,0.3,0.25,607000,0.3,222840,240,2282520
