Ticker,Date,Time,LTP,BuyPrice,BuyQty,SellPrice,SellQty,LTQ,OpenInterest
FINNIFTY02JAN2420300PE.NFO,02/01/2024,09:15:02,0.1,0.25,5200,0.45,480,1200,103680
FINNIFTY02JAN2420300PE.NFO,02/01/2024,09:15:02,0.1,0.25,5200,0.45,480,0,103680
FINNIFTY02JAN2420300PE.NFO,02/01/2024,09:15:02,0.25,0.25,5200,0.45,480,0,103680
FINNIFTY02JAN2420300PE.NFO,02/01/2024,09:15:02,0.1,0.25,5200,0.45,480,0,103680
FINNIFTY02JAN2420300PE.NFO,02/01/2024,09:15:16,0.3,0.3,12400,0.35,15160,5400,103680
FINNIFTY02JAN2420300PE.NFO,02/01/2024,09:15:16,0.4,0.3,12400,0.35,15160,0,103680
FINNIFTY02JAN2420300PE.NFO,02/01/2024,09:15:28,0.3,0.3,3400,0.35,15640,11680,103680
FINNIFTY02JAN2420300PE.NFO,02/01/2024,09:15:39,0.3,0.25,18680,0.3,15760,3560,103680
FINNIFTY02JAN2420300PE.NFO,02/01/2024,09:15:50,0.3,0.25,19360,0.3,15440,8480,103680
FINNIFTY02JAN2420300PE.NFO,02/01/2024,09:16:00,0.3,0.25,39440,0.3,15680,6960,103680
FINNIFTY02JAN2420300PE.NFO,02/01/2024,09:16:12,0.35,0.3,16800,0.35,21120,21080,103680
FINNIFTY02JAN2420300PE.NFO,02/01/2024,09:16:22,0.3,0.3,16440,0.35,23320,3240,103680
FINNIFTY02JAN2420300PE.NFO,02/01/2024,09:16:31,0.3,0.3,13840,0.35,23320,2800,103680
FINNIFTY02JAN2420300PE.NFO,02/01/2024,09:16:41,0.3,0.3,12720,0.35,23320,2360,103680
FINNIFTY02JAN2420300PE.NFO,02/01/2024,09:16:50,0.3,0.3,12720,0.35,30520,0,103680
FINNIFTY02JAN2420300PE.NFO,02/01/2024,09:17:00,0.3,0.3,12040,0.35,29320,680,103680
FINNIFTY02JAN2420300PE.NFO,02/01/2024,09:17:10,0.35,0.3,13280,0.35,87320,360,103680
FINNIFTY02JAN2420300PE.NFO,02/01/2024,09:17:19,0.35,0.3,10400,0.35,86640,3480,103680
FINNIFTY02JAN2420300PE.NFO,02/01/2024,09:17:29,0.3,0.3,8360,0.35,89480,2040,99000
FINNIFTY02JAN2420300PE.NFO,02/01/2024,09:17:39,0.3,0.3,11120,0.35,91600,1240,99000
FINNIFTY02JAN2420300PE.NFO,02/01/2024,09:17:48,0.3,0.3,11120,0.35,89840,0,99000
FINNIFTY02JAN2420300PE.NFO,02/01/2024,09:18:07,0.3,0.3,10880,0.35,91640,240,99000
FINNIFTY02JAN2420300PE.NFO,02/01/2024,09:18:17,0.3,0.3,10880,0.35,89840,0,99000
FINNIFTY02JAN2420300PE.NFO,02/01/2024,09:18:26,0.3,0.3,9720,0.35,91600,360,99000
FINNIFTY02JAN2420300PE.NFO,02/01/2024,09:18:36,0.3,0.3,9720,0.35,95160,0,99000
FINNIFTY02JAN2420300PE.NFO,02/01/2024,09:18:46,0.3,0.3,9720,0.35,96960,40,99000
FINNIFTY02JAN2420300PE.NFO,02/01/2024,09:18:55,0.3,0.3,9840,0.35,95160,0,99000
FINNIFTY02JAN2420300PE.NFO,02/01/2024,09:19:06,0.35,0.3,10800,0.35,100200,2200,99000
FINNIFTY02JAN2420300PE.NFO,02/01/2024,09:19:15,0.35,0.3,11000,0.35,98760,0,99000
FINNIFTY02JAN2420300PE.NFO,02/01/2024,09:19:25,0.35,0.3,11000,0.35,98720,0,99000
FINNIFTY02JAN2420300PE.NFO,02/01/2024,09:19:35,0.35,0.3,10640,0.35,96160,560,99000
FINNIFTY02JAN2420300PE.NFO,02/01/2024,09:19:45,0.35,0.3,10640,0.35,96160,0,99000
FINNIFTY02JAN2420300PE.NFO,02/01/2024,09:19:55,0.35,0.3,17160,0.35,102680,14240,99000
FINNIFTY02JAN2420300PE.NFO,02/01/2024,09:20:06,0.3,0.3,15400,0.35,100920,2080,99000
FINNIFTY02JAN2420300PE.NFO,02/01/2024,09:20:16,0.3,0.3,19200,0.35,95520,2640,99000
FINNIFTY02JAN2420300PE.NFO,02/01/2024,09:20:26,0.3,0.3,20880,0.35,93720,560,99000
FINNIFTY02JAN2420300PE.NFO,02/01/2024,09:20:36,0.35,0.3,20880,0.35,93200,520,92360
FINNIFTY02JAN2420300PE.NFO,02/01/2024,09:20:45,0.35,0.3,20880,0.35,94400,600,92360
FINNIFTY02JAN2420300PE.NFO,02/01/2024,09:20:55,0.35,0.3,20880,0.35,94560,240,92360
FINNIFTY02JAN2420300PE.NFO,02/01/2024,09:21:04,0.35,0.3,20880,0.35,92840,240,92360
FINNIFTY02JAN2420300PE.NFO,02/01/2024,09:21:14,0.35,0.3,20280,0.35,93640,1200,92360
FINNIFTY02JAN2420300PE.NFO,02/01/2024,09:21:25,0.3,0.3,20920,0.35,92640,920,92360
FINNIFTY02JAN2420300PE.NFO,02/01/2024,09:21:35,0.35,0.3,21280,0.35,91000,200,92360
FINNIFTY02JAN2420300PE.NFO,02/01/2024,09:21:45,0.35,0.3,21280,0.35,89120,320,92360
FINNIFTY02JAN2420300PE.NFO,02/01/2024,09:21:55,0.35,0.3,21280,0.35,88680,440,92360
FINNIFTY02JAN2420300PE.NFO,02/01/2024,09:22:06,0.3,0.3,21200,0.35,89920,360,92360
FINNIFTY02JAN2420300PE.NFO,02/01/2024,09:22:18,0.3,0.3,20960,0.35,89840,840,92360
FINNIFTY02JAN2420300PE.NFO,02/01/2024,09:22:30,0.35,0.3,20960,0.35,89440,400,92360
FINNIFTY02JAN2420300PE.NFO,02/01/2024,09:22:40,0.35,0.3,20960,0.35,88160,200,92360
FINNIFTY02JAN2420300PE.NFO,02/01/2024,09:22:50,0.35,0.3,20960,0.35,88160,0,92360
FINNIFTY02JAN2420300PE.NFO,02/01/2024,09:23:09,0.3,0.3,20480,0.35,87840,640,92360
FINNIFTY02JAN2420300PE.NFO,02/01/2024,09:23:28,0.35,0.3,20480,0.35,89200,440,92280
FINNIFTY02JAN2420300PE.NFO,02/01/2024,09:23:37,0.35,0.3,20720,0.35,87120,280,92280
FINNIFTY02JAN2420300PE.NFO,02/01/2024,09:23:47,0.35,0.3,24040,0.35,87080,40,92280
FINNIFTY02JAN2420300PE.NFO,02/01/2024,09:23:56,0.35,0.3,24040,0.35,88760,120,92280
FINNIFTY02JAN2420300PE.NFO,02/01/2024,09:24:05,0.35,0.3,24040,0.35,88680,400,92280
FINNIFTY02JAN2420300PE.NFO,02/01/2024,09:24:14,0.35,0.3,24040,0.35,89120,160,92280
FINNIFTY02JAN2420300PE.NFO,02/01/2024,09:24:24,0.3,0.3,23520,0.35,89080,560,92280
FINNIFTY02JAN2420300PE.NFO,02/01/2024,09:24:34,0.3,0.3,23520,0.35,89080,0,92280
FINNIFTY02JAN2420300PE.NFO,02/01/2024,09:24:45,0.3,0.3,760,0.35,91280,25920,92280
FINNIFTY02JAN2420300PE.NFO,02/01/2024,09:24:54,0.25,0.25,71680,0.3,24720,3080,92280
FINNIFTY02JAN2420300PE.NFO,02/01/2024,09:25:05,0.25,0.25,71120,0.3,23360,880,92280
FINNIFTY02JAN2420300PE.NFO,02/01/2024,09:25:16,0.25,0.25,70880,0.3,26720,1000,92280
FINNIFTY02JAN2420300PE.NFO,02/01/2024,09:25:26,0.3,0.25,71200,0.3,24680,560,92280
FINNIFTY02JAN2420300PE.NFO,02/01/2024,09:25:36,0.3,0.25,71680,0.3,32080,1960,92280
FINNIFTY02JAN2420300PE.NFO,02/01/2024,09:25:46,0.3,0.25,71560,0.3,33520,2680,92280
FINNIFTY02JAN2420300PE.NFO,02/01/2024,09:25:56,0.3,0.25,73280,0.3,35320,1920,92280
FINNIFTY02JAN2420300PE.NFO,02/01/2024,09:26:06,0.3,0.25,79840,0.3,37160,1720,92280
FINNIFTY02JAN2420300PE.NFO,02/01/2024,09:26:15,0.3,0.25,79480,0.3,34080,3480,92280
FINNIFTY02JAN2420300PE.NFO,02/01/2024,09:26:26,0.3,0.25,73920,0.3,29840,13480,92280
FINNIFTY02JAN2420300PE.NFO,02/01/2024,09:26:36,0.25,0.25,73840,0.3,22840,120,116200
FINNIFTY02JAN2420300PE.NFO,02/01/2024,09:26:46,0.25,0.25,73160,0.3,24640,800,116200
FINNIFTY02JAN2420300PE.NFO,02/01/2024,09:26:57,0.25,0.25,65480,0.3,28280,2680,116200
FINNIFTY02JAN2420300PE.NFO,02/01/2024,09:27:07,0.3,0.25,63160,0.3,34160,3400,116200
FINNIFTY02JAN2420300PE.NFO,02/01/2024,09:27:18,0.3,0.25,71720,0.3,33640,920,116200
FINNIFTY02JAN2420300PE.NFO,02/01/2024,09:27:28,0.3,0.25,71680,0.3,32720,640,116200
FINNIFTY02JAN2420300PE.NFO,02/01/2024,09:27:37,0.3,0.25,79280,0.3,32120,600,116200
FINNIFTY02JAN2420300PE.NFO,02/01/2024,09:27:47,0.25,0.25,77800,0.3,31800,1800,116200
FINNIFTY02JAN2420300PE.NFO,02/01/2024,09:27:57,0.25,0.25,77200,0.3,31680,320,116200
FINNIFTY02JAN2420300PE.NFO,02/01/2024,09:28:07,0.25,0.25,77160,0.3,31400,320,116200
FINNIFTY02JAN2420300PE.NFO,02/01/2024,09:28:17,0.3,0.25,77000,0.3,31000,840,116200
FINNIFTY02JAN2420300PE.NFO,02/01/2024,09:28:28,0.3,0.25,77000,0.3,33000,1080,116200
FINNIFTY02JAN2420300PE.NFO,02/01/2024,09:28:41,0.3,0.25,77000,0.3,30880,1800,116200
FINNIFTY02JAN2420300PE.NFO,02/01/2024,09:28:55,0.3,0.25,77000,0.3,38440,880,116200
FINNIFTY02JAN2420300PE.NFO,02/01/2024,09:29:05,0.3,0.25,77000,0.3,40440,1600,116200
FINNIFTY02JAN2420300PE.NFO,02/01/2024,09:29:28,0.3,0.25,77400,0.3,40480,1800,116200
FINNIFTY02JAN2420300PE.NFO,02/01/2024,09:29:38,0.3,0.25,77320,0.3,42280,0,116200
FINNIFTY02JAN2420300PE.NFO,02/01/2024,09:29:58,0.25,0.25,77280,0.3,42280,40,121560
FINNIFTY02JAN2420300PE.NFO,02/01/2024,09:30:18,0.25,0.25,76880,0.3,44040,2000,121560
FINNIFTY02JAN2420300PE.NFO,02/01/2024,09:30:39,0.3,0.25,76080,0.3,43840,1000,121560
FINNIFTY02JAN2420300PE.NFO,02/01/2024,09:30:48,0.25,0.25,75280,0.3,46120,800,121560
FINNIFTY02JAN2420300PE.NFO,02/01/2024,09:30:58,0.3,0.25,74480,0.3,45640,1280,121560
FINNIFTY02JAN2420300PE.NFO,02/01/2024,09:31:10,0.25,0.25,74080,0.3,49600,1600,121560
FINNIFTY02JAN2420300PE.NFO,02/01/2024,09:31:21,0.3,0.25,73680,0.3,51600,680,121560
FINNIFTY02JAN2420300PE.NFO,02/01/2024,09:31:30,0.25,0.25,73280,0.3,51600,400,121560
FINNIFTY02JAN2420300PE.NFO,02/01/2024,09:31:49,0.25,0.25,73160,0.3,51600,120,121560
FINNIFTY02JAN2420300PE.NFO,02/01/2024,09:31:59,0.25,0.25,73160,0.3,53360,0,121560
FINNIFTY02JAN2420300PE.NFO,02/01/2024,09:32:08,0.3,0.25,73720,0.3,54040,400,121560
FINNIFTY02JAN2420300PE.NFO,02/01/2024,09:32:18,0.3,0.25,73720,0.3,53920,120,121560
FINNIFTY02JAN2420300PE.NFO,02/01/2024,09:32:28,0.3,0.25,73720,0.3,53920,0,121560
FINNIFTY02JAN2420300PE.NFO,02/01/2024,09:32:58,0.3,0.25,73720,0.3,53880,40,126960
FINNIFTY02JAN2420300PE.NFO,02/01/2024,09:33:17,0.3,0.25,73680,0.3,54640,120,126960
FINNIFTY02JAN2420300PE.NFO,02/01/2024,09:33:27,0.3,0.25,73680,0.3,54480,160,126960
FINNIFTY02JAN2420300PE.NFO,02/01/2024,09:33:36,0.3,0.25,73680,0.3,54400,80,126960
FINNIFTY02JAN2420300PE.NFO,02/01/2024,09:33:46,0.3,0.25,73680,0.3,54320,80,126960
FINNIFTY02JAN2420300PE.NFO,02/01/2024,09:33:55,0.25,0.25,73640,0.3,55480,40,126960
FINNIFTY02JAN2420300PE.NFO,02/01/2024,09:34:05,0.3,0.25,73640,0.3,55080,80,126960
FINNIFTY02JAN2420300PE.NFO,02/01/2024,09:34:23,0.25,0.25,73600,0.3,55080,40,126960
FINNIFTY02JAN2420300PE.NFO,02/01/2024,09:34:32,0.25,0.25,63640,0.3,55080,1320,126960
FINNIFTY02JAN2420300PE.NFO,02/01/2024,09:34:41,0.25,0.25,63640,0.3,58320,0,126960
FINNIFTY02JAN2420300PE.NFO,02/01/2024,09:34:59,0.3,0.25,64240,0.3,60520,2840,126960
FINNIFTY02JAN2420300PE.NFO,02/01/2024,09:35:09,0.3,0.25,64240,0.3,60200,320,126960
FINNIFTY02JAN2420300PE.NFO,02/01/2024,09:35:18,0.25,0.25,63560,0.3,60200,680,126960
FINNIFTY02JAN2420300PE.NFO,02/01/2024,09:35:28,0.3,0.25,63560,0.3,60120,80,126960
FINNIFTY02JAN2420300PE.NFO,02/01/2024,09:35:37,0.3,0.25,63560,0.3,60120,0,126960
FINNIFTY02JAN2420300PE.NFO,02/01/2024,09:35:46,0.3,0.25,63560,0.3,59840,280,128920
FINNIFTY02JAN2420300PE.NFO,02/01/2024,09:35:56,0.3,0.25,63560,0.3,59720,120,128920
FINNIFTY02JAN2420300PE.NFO,02/01/2024,09:36:05,0.3,0.25,61760,0.3,64120,2000,128920
FINNIFTY02JAN2420300PE.NFO,02/01/2024,09:36:15,0.3,0.25,61760,0.3,65520,40,128920
FINNIFTY02JAN2420300PE.NFO,02/01/2024,09:36:24,0.3,0.25,61760,0.3,65120,400,128920
FINNIFTY02JAN2420300PE.NFO,02/01/2024,09:36:34,0.3,0.25,52760,0.3,64840,280,128920
FINNIFTY02JAN2420300PE.NFO,02/01/2024,09:36:43,0.3,0.25,53960,0.3,64840,0,128920
FINNIFTY02JAN2420300PE.NFO,02/01/2024,09:36:51,0.3,0.25,53960,0.3,64760,80,128920
FINNIFTY02JAN2420300PE.NFO,02/01/2024,09:37:00,0.3,0.25,53960,0.3,63160,1600,128920
FINNIFTY02JAN2420300PE.NFO,02/01/2024,09:37:36,0.3,0.25,53960,0.3,63160,0,128920
FINNIFTY02JAN2420300PE.NFO,02/01/2024,09:37:53,0.3,0.25,53960,0.3,62760,400,128920
FINNIFTY02JAN2420300PE.NFO,02/01/2024,09:38:02,0.3,0.25,53960,0.3,62760,0,128920
FINNIFTY02JAN2420300PE.NFO,02/01/2024,09:38:29,0.25,0.25,53720,0.3,62760,240,128920
FINNIFTY02JAN2420300PE.NFO,02/01/2024,09:38:38,0.25,0.25,53440,0.3,62760,280,131480
FINNIFTY02JAN2420300PE.NFO,02/01/2024,09:38:48,0.25,0.25,48960,0.3,62640,280,131480
FINNIFTY02JAN2420300PE.NFO,02/01/2024,09:38:57,0.25,0.25,39960,0.3,64080,360,131480
FINNIFTY02JAN2420300PE.NFO,02/01/2024,09:39:07,0.25,0.25,25480,0.3,64800,440,131480
FINNIFTY02JAN2420300PE.NFO,02/01/2024,09:39:17,0.25,0.25,30800,0.3,64800,80,131480
FINNIFTY02JAN2420300PE.NFO,02/01/2024,09:39:26,0.25,0.25,34400,0.3,64800,0,131480
FINNIFTY02JAN2420300PE.NFO,02/01/2024,09:39:35,0.25,0.25,33560,0.3,64680,960,131480
FINNIFTY02JAN2420300PE.NFO,02/01/2024,09:39:44,0.25,0.25,33360,0.3,66120,200,131480
FINNIFTY02JAN2420300PE.NFO,02/01/2024,09:39:54,0.25,0.25,33040,0.3,66120,320,131480
FINNIFTY02JAN2420300PE.NFO,02/01/2024,09:40:05,0.25,0.25,29240,0.3,66120,560,131480
FINNIFTY02JAN2420300PE.NFO,02/01/2024,09:40:26,0.25,0.25,28600,0.3,66120,640,131480
FINNIFTY02JAN2420300PE.NFO,02/01/2024,09:40:36,0.25,0.25,28320,0.3,68000,760,131480
FINNIFTY02JAN2420300PE.NFO,02/01/2024,09:40:47,0.25,0.25,26880,0.3,67120,1440,131480
FINNIFTY02JAN2420300PE.NFO,02/01/2024,09:40:57,0.3,0.25,26880,0.3,67080,40,131480
FINNIFTY02JAN2420300PE.NFO,02/01/2024,09:41:28,0.3,0.25,26880,0.3,67080,0,131480
FINNIFTY02JAN2420300PE.NFO,02/01/2024,09:41:57,0.25,0.25,28360,0.3,67080,320,128960
FINNIFTY02JAN2420300PE.NFO,02/01/2024,09:42:35,0.3,0.25,28360,0.3,67040,40,128960
FINNIFTY02JAN2420300PE.NFO,02/01/2024,09:42:53,0.3,0.25,28360,0.3,67040,0,128960
FINNIFTY02JAN2420300PE.NFO,02/01/2024,09:43:14,0.25,0.25,28160,0.3,67040,200,128960
FINNIFTY02JAN2420300PE.NFO,02/01/2024,09:43:24,0.25,0.25,28160,0.3,67360,0,128960
FINNIFTY02JAN2420300PE.NFO,02/01/2024,09:43:34,0.25,0.25,28120,0.3,67360,40,128960
FINNIFTY02JAN2420300PE.NFO,02/01/2024,09:43:44,0.3,0.25,28120,0.3,66960,400,128960
FINNIFTY02JAN2420300PE.NFO,02/01/2024,09:43:53,0.3,0.25,28080,0.3,66920,80,128960
FINNIFTY02JAN2420300PE.NFO,02/01/2024,09:44:02,0.25,0.25,27840,0.3,66920,240,128960
FINNIFTY02JAN2420300PE.NFO,02/01/2024,09:44:12,0.25,0.25,26800,0.3,66920,1040,128960
FINNIFTY02JAN2420300PE.NFO,02/01/2024,09:44:49,0.25,0.25,17800,0.3,66920,0,128960
FINNIFTY02JAN2420300PE.NFO,02/01/2024,09:44:58,0.25,0.25,17680,0.3,66920,120,128640
FINNIFTY02JAN2420300PE.NFO,02/01/2024,09:45:07,0.25,0.25,17360,0.3,66920,320,128640
FINNIFTY02JAN2420300PE.NFO,02/01/2024,09:45:16,0.25,0.25,17280,0.3,66920,80,128640
FINNIFTY02JAN2420300PE.NFO,02/01/2024,09:45:26,0.25,0.25,19520,0.3,66960,2200,128640
FINNIFTY02JAN2420300PE.NFO,02/01/2024,09:45:36,0.25,0.25,21800,0.3,67000,520,128640
FINNIFTY02JAN2420300PE.NFO,02/01/2024,09:45:45,0.25,0.25,23760,0.3,67000,440,128640
FINNIFTY02JAN2420300PE.NFO,02/01/2024,09:45:54,0.25,0.25,23560,0.3,67000,200,128640
FINNIFTY02JAN2420300PE.NFO,02/01/2024,09:46:04,0.3,0.25,24880,0.3,66640,720,128640
FINNIFTY02JAN2420300PE.NFO,02/01/2024,09:46:14,0.3,0.25,24880,0.3,74280,880,128640
FINNIFTY02JAN2420300PE.NFO,02/01/2024,09:46:24,0.3,0.25,24880,0.3,73600,680,128640
FINNIFTY02JAN2420300PE.NFO,02/01/2024,09:46:34,0.3,0.25,37480,0.3,73600,320,128640
FINNIFTY02JAN2420300PE.NFO,02/01/2024,09:46:43,0.3,0.25,37480,0.3,73080,200,128640
FINNIFTY02JAN2420300PE.NFO,02/01/2024,09:46:52,0.3,0.25,37480,0.3,72920,160,128640
FINNIFTY02JAN2420300PE.NFO,02/01/2024,09:47:11,0.3,0.25,40560,0.3,72720,720,128640
FINNIFTY02JAN2420300PE.NFO,02/01/2024,09:47:38,0.3,0.25,40560,0.3,74520,0,128640
FINNIFTY02JAN2420300PE.NFO,02/01/2024,09:47:47,0.25,0.25,41720,0.3,74520,40,126920
FINNIFTY02JAN2420300PE.NFO,02/01/2024,09:47:56,0.25,0.25,43960,0.3,74560,280,126920
FINNIFTY02JAN2420300PE.NFO,02/01/2024,09:48:06,0.25,0.25,37040,0.3,56080,400,126920
FINNIFTY02JAN2420300PE.NFO,02/01/2024,09:48:15,0.3,0.25,38000,0.3,49320,6760,126920
FINNIFTY02JAN2420300PE.NFO,02/01/2024,09:48:42,0.25,0.25,37920,0.3,49360,120,126920
FINNIFTY02JAN2420300PE.NFO,02/01/2024,09:48:51,0.25,0.25,37880,0.3,49200,200,126920
FINNIFTY02JAN2420300PE.NFO,02/01/2024,09:49:00,0.25,0.25,37840,0.3,49200,40,126920
FINNIFTY02JAN2420300PE.NFO,02/01/2024,09:49:19,0.3,0.25,36640,0.3,49880,1240,126920
FINNIFTY02JAN2420300PE.NFO,02/01/2024,09:49:29,0.25,0.25,36600,0.3,49960,120,126920
FINNIFTY02JAN2420300PE.NFO,02/01/2024,09:49:47,0.25,0.25,36600,0.3,49960,0,126920
FINNIFTY02JAN2420300PE.NFO,02/01/2024,09:49:56,0.25,0.25,36560,0.3,50400,160,126920
FINNIFTY02JAN2420300PE.NFO,02/01/2024,09:50:05,0.25,0.25,36520,0.3,50440,80,126920
FINNIFTY02JAN2420300PE.NFO,02/01/2024,09:50:14,0.25,0.25,36000,0.3,39520,400,126920
FINNIFTY02JAN2420300PE.NFO,02/01/2024,09:50:41,0.25,0.25,36000,0.3,39520,0,126920
FINNIFTY02JAN2420300PE.NFO,02/01/2024,09:51:28,0.3,0.25,36000,0.3,46360,40,124560
FINNIFTY02JAN2420300PE.NFO,02/01/2024,09:51:37,0.3,0.25,36000,0.3,46400,280,124560
FINNIFTY02JAN2420300PE.NFO,02/01/2024,09:51:47,0.3,0.25,36000,0.3,46360,40,124560
FINNIFTY02JAN2420300PE.NFO,02/01/2024,09:51:56,0.3,0.25,37000,0.3,46040,0,124560
FINNIFTY02JAN2420300PE.NFO,02/01/2024,09:52:05,0.3,0.25,37000,0.3,44840,1200,124560
FINNIFTY02JAN2420300PE.NFO,02/01/2024,09:52:14,0.25,0.25,37040,0.3,45080,200,124560
FINNIFTY02JAN2420300PE.NFO,02/01/2024,09:52:23,0.25,0.25,36920,0.3,45080,120,124560
FINNIFTY02JAN2420300PE.NFO,02/01/2024,09:52:32,0.25,0.25,36800,0.3,45080,120,124560
FINNIFTY02JAN2420300PE.NFO,02/01/2024,09:52:41,0.25,0.25,36680,0.3,45080,120,124560
FINNIFTY02JAN2420300PE.NFO,02/01/2024,09:53:08,0.3,0.25,36760,0.3,45120,40,124560
FINNIFTY02JAN2420300PE.NFO,02/01/2024,09:53:18,0.3,0.25,36760,0.3,44960,160,124560
FINNIFTY02JAN2420300PE.NFO,02/01/2024,09:53:27,0.3,0.25,36800,0.3,44680,280,124560
FINNIFTY02JAN2420300PE.NFO,02/01/2024,09:53:36,0.3,0.25,36800,0.3,36880,600,123800
FINNIFTY02JAN2420300PE.NFO,02/01/2024,09:53:46,0.3,0.25,36800,0.3,43960,120,123800
FINNIFTY02JAN2420300PE.NFO,02/01/2024,09:53:55,0.3,0.25,36800,0.3,43920,40,123800
FINNIFTY02JAN2420300PE.NFO,02/01/2024,09:54:04,0.25,0.25,42240,0.3,44280,1800,123800
FINNIFTY02JAN2420300PE.NFO,02/01/2024,09:54:31,0.25,0.25,49000,0.3,43960,440,123800
FINNIFTY02JAN2420300PE.NFO,02/01/2024,09:54:40,0.25,0.25,48800,0.3,43960,200,123800
FINNIFTY02JAN2420300PE.NFO,02/01/2024,09:55:01,0.3,0.25,48240,0.3,36200,1120,123800
FINNIFTY02JAN2420300PE.NFO,02/01/2024,09:55:12,0.25,0.25,47400,0.3,43360,880,123800
FINNIFTY02JAN2420300PE.NFO,02/01/2024,09:55:22,0.25,0.25,46920,0.3,43360,480,123800
FINNIFTY02JAN2420300PE.NFO,02/01/2024,09:55:32,0.25,0.25,46240,0.3,43360,1080,123800
FINNIFTY02JAN2420300PE.NFO,02/01/2024,09:55:43,0.3,0.25,46520,0.3,42760,1280,123800
FINNIFTY02JAN2420300PE.NFO,02/01/2024,09:55:52,0.25,0.25,46320,0.3,42760,200,123800
FINNIFTY02JAN2420300PE.NFO,02/01/2024,09:56:04,0.3,0.25,45840,0.3,42400,2520,123800
FINNIFTY02JAN2420300PE.NFO,02/01/2024,09:56:16,0.25,0.25,46200,0.3,42040,400,123800
FINNIFTY02JAN2420300PE.NFO,02/01/2024,09:56:29,0.25,0.25,45320,0.3,42040,480,123800
FINNIFTY02JAN2420300PE.NFO,02/01/2024,09:56:41,0.25,0.25,47600,0.3,42040,600,123040
FINNIFTY02JAN2420300PE.NFO,02/01/2024,09:56:53,0.25,0.25,45000,0.3,33880,4200,123040
FINNIFTY02JAN2420300PE.NFO,02/01/2024,09:57:05,0.25,0.25,44520,0.3,34280,480,123040
FINNIFTY02JAN2420300PE.NFO,02/01/2024,09:57:18,0.3,0.25,52520,0.3,29320,1360,123040
FINNIFTY02JAN2420300PE.NFO,02/01/2024,09:57:31,0.3,0.25,52360,0.3,29840,320,123040
FINNIFTY02JAN2420300PE.NFO,02/01/2024,09:57:43,0.25,0.25,50840,0.3,35240,1520,123040
FINNIFTY02JAN2420300PE.NFO,02/01/2024,09:57:54,0.25,0.25,49520,0.3,35280,1120,123040
FINNIFTY02JAN2420300PE.NFO,02/01/2024,09:58:05,0.25,0.25,49720,0.3,35280,200,123040
FINNIFTY02JAN2420300PE.NFO,02/01/2024,09:58:17,0.25,0.25,37760,0.3,34960,3040,123040
FINNIFTY02JAN2420300PE.NFO,02/01/2024,09:58:28,0.3,0.25,46200,0.3,34600,840,123040
FINNIFTY02JAN2420300PE.NFO,02/01/2024,09:58:41,0.3,0.25,46080,0.3,33200,480,123040
FINNIFTY02JAN2420300PE.NFO,02/01/2024,09:58:52,0.3,0.25,46000,0.3,33160,40,123040
FINNIFTY02JAN2420300PE.NFO,02/01/2024,09:59:02,0.3,0.25,46000,0.3,33880,520,123040
FINNIFTY02JAN2420300PE.NFO,02/01/2024,09:59:13,0.25,0.25,44000,0.3,28680,120,123040
FINNIFTY02JAN2420300PE.NFO,02/01/2024,09:59:26,0.25,0.25,38280,0.3,28680,0,123040
FINNIFTY02JAN2420300PE.NFO,02/01/2024,09:59:37,0.3,0.25,43920,0.3,28400,280,126680
FINNIFTY02JAN2420300PE.NFO,02/01/2024,09:59:48,0.3,0.25,43560,0.3,27160,1360,126680
FINNIFTY02JAN2420300PE.NFO,02/01/2024,09:59:59,0.3,0.25,43240,0.3,32360,520,126680
FINNIFTY02JAN2420300PE.NFO,02/01/2024,10:00:10,0.3,0.25,42200,0.3,34120,4600,126680
FINNIFTY02JAN2420300PE.NFO,02/01/2024,10:00:22,0.3,0.25,42200,0.3,33880,240,126680
FINNIFTY02JAN2420300PE.NFO,02/01/2024,10:00:35,0.3,0.25,40400,0.3,34200,0,126680
FINNIFTY02JAN2420300PE.NFO,02/01/2024,10:00:47,0.3,0.25,40400,0.3,33880,0,126680
FINNIFTY02JAN2420300PE.NFO,02/01/2024,10:01:08,0.25,0.25,40160,0.3,33880,240,126680
FINNIFTY02JAN2420300PE.NFO,02/01/2024,10:01:19,0.25,0.25,39760,0.3,27000,400,126680
FINNIFTY02JAN2420300PE.NFO,02/01/2024,10:01:31,0.25,0.25,39600,0.3,28800,160,126680
FINNIFTY02JAN2420300PE.NFO,02/01/2024,10:01:41,0.25,0.25,39160,0.3,28800,0,126680
FINNIFTY02JAN2420300PE.NFO,02/01/2024,10:01:52,0.25,0.25,39280,0.3,28480,280,126680
FINNIFTY02JAN2420300PE.NFO,02/01/2024,10:02:02,0.25,0.25,39000,0.3,30280,280,126680
FINNIFTY02JAN2420300PE.NFO,02/01/2024,10:02:12,0.25,0.25,39000,0.3,39600,0,126680
FINNIFTY02JAN2420300PE.NFO,02/01/2024,10:02:33,0.25,0.25,38960,0.3,39280,40,126680
FINNIFTY02JAN2420300PE.NFO,02/01/2024,10:02:43,0.25,0.25,38960,0.3,39280,0,126680
FINNIFTY02JAN2420300PE.NFO,02/01/2024,10:02:53,0.25,0.25,38920,0.3,39240,80,126360
FINNIFTY02JAN2420300PE.NFO,02/01/2024,10:03:03,0.3,0.25,38920,0.3,38360,880,126360
FINNIFTY02JAN2420300PE.NFO,02/01/2024,10:03:14,0.25,0.25,38600,0.3,45680,520,126360
FINNIFTY02JAN2420300PE.NFO,02/01/2024,10:03:27,0.25,0.25,38120,0.3,45320,520,126360
FINNIFTY02JAN2420300PE.NFO,02/01/2024,10:03:39,0.3,0.25,38120,0.3,44720,600,126360
FINNIFTY02JAN2420300PE.NFO,02/01/2024,10:03:50,0.3,0.25,38120,0.3,44720,0,126360
FINNIFTY02JAN2420300PE.NFO,02/01/2024,10:04:00,0.25,0.25,37880,0.3,45040,240,126360
FINNIFTY02JAN2420300PE.NFO,02/01/2024,10:04:10,0.3,0.25,38200,0.3,42800,2080,126360
FINNIFTY02JAN2420300PE.NFO,02/01/2024,10:04:21,0.25,0.25,37840,0.3,42720,360,126360
FINNIFTY02JAN2420300PE.NFO,02/01/2024,10:04:31,0.3,0.25,37200,0.3,42400,1000,126360
FINNIFTY02JAN2420300PE.NFO,02/01/2024,10:04:41,0.3,0.25,37160,0.3,41120,1280,126360
FINNIFTY02JAN2420300PE.NFO,02/01/2024,10:04:52,0.25,0.25,34640,0.3,41240,720,126360
FINNIFTY02JAN2420300PE.NFO,02/01/2024,10:05:02,0.3,0.25,29760,0.3,40680,3960,126360
FINNIFTY02JAN2420300PE.NFO,02/01/2024,10:05:13,0.3,0.25,29360,0.3,43880,280,126360
FINNIFTY02JAN2420300PE.NFO,02/01/2024,10:05:23,0.3,0.25,29240,0.3,43600,560,126360
FINNIFTY02JAN2420300PE.NFO,02/01/2024,10:05:33,0.3,0.25,29240,0.3,43600,320,126360
FINNIFTY02JAN2420300PE.NFO,02/01/2024,10:05:43,0.25,0.25,47920,0.3,68080,360,126480
FINNIFTY02JAN2420300PE.NFO,02/01/2024,10:05:53,0.3,0.25,50160,0.3,67840,880,126480
FINNIFTY02JAN2420300PE.NFO,02/01/2024,10:06:03,0.3,0.25,79120,0.3,68000,520,126480
FINNIFTY02JAN2420300PE.NFO,02/01/2024,10:06:13,0.3,0.25,97120,0.3,62480,0,126480
FINNIFTY02JAN2420300PE.NFO,02/01/2024,10:06:24,0.3,0.25,105720,0.3,65040,1520,126480
FINNIFTY02JAN2420300PE.NFO,02/01/2024,10:06:34,0.3,0.25,103920,0.3,65880,400,126480
FINNIFTY02JAN2420300PE.NFO,02/01/2024,10:06:44,0.3,0.25,103920,0.3,65120,680,126480
FINNIFTY02JAN2420300PE.NFO,02/01/2024,10:06:55,0.3,0.25,103920,0.3,64760,40,126480
FINNIFTY02JAN2420300PE.NFO,02/01/2024,10:07:05,0.3,0.25,105720,0.3,64840,0,126480
FINNIFTY02JAN2420300PE.NFO,02/01/2024,10:07:16,0.3,0.25,105720,0.3,64360,600,126480
FINNIFTY02JAN2420300PE.NFO,02/01/2024,10:07:26,0.25,0.25,105600,0.3,64560,120,126480
FINNIFTY02JAN2420300PE.NFO,02/01/2024,10:07:37,0.25,0.25,95400,0.3,76040,400,126480
FINNIFTY02JAN2420300PE.NFO,02/01/2024,10:07:48,0.25,0.25,48760,0.3,75520,720,126480
FINNIFTY02JAN2420300PE.NFO,02/01/2024,10:07:58,0.25,0.25,61320,0.3,78920,40,126480
FINNIFTY02JAN2420300PE.NFO,02/01/2024,10:08:08,0.3,0.25,62200,0.3,78160,1400,126480
FINNIFTY02JAN2420300PE.NFO,02/01/2024,10:08:18,0.3,0.25,62080,0.3,78000,160,126480
FINNIFTY02JAN2420300PE.NFO,02/01/2024,10:08:28,0.3,0.25,62080,0.3,78280,560,126480
FINNIFTY02JAN2420300PE.NFO,02/01/2024,10:08:38,0.3,0.25,62080,0.3,78160,120,126480
FINNIFTY02JAN2420300PE.NFO,02/01/2024,10:08:48,0.3,0.25,61680,0.3,77720,840,128640
FINNIFTY02JAN2420300PE.NFO,02/01/2024,10:08:58,0.3,0.25,61680,0.3,78480,280,128640
FINNIFTY02JAN2420300PE.NFO,02/01/2024,10:09:08,0.3,0.25,61680,0.3,77640,520,128640
FINNIFTY02JAN2420300PE.NFO,02/01/2024,10:09:18,0.3,0.25,55480,0.3,76560,1720,128640
FINNIFTY02JAN2420300PE.NFO,02/01/2024,10:09:28,0.3,0.25,55080,0.3,85360,600,128640
FINNIFTY02JAN2420300PE.NFO,02/01/2024,10:09:37,0.3,0.25,55080,0.3,95160,0,128640
FINNIFTY02JAN2420300PE.NFO,02/01/2024,10:09:57,0.3,0.25,55080,0.3,95000,160,128640
FINNIFTY02JAN2420300PE.NFO,02/01/2024,10:10:07,0.3,0.25,55080,0.3,94800,200,128640
FINNIFTY02JAN2420300PE.NFO,02/01/2024,10:10:17,0.3,0.25,55080,0.3,94600,240,128640
FINNIFTY02JAN2420300PE.NFO,02/01/2024,10:10:26,0.3,0.25,55080,0.3,76280,320,128640
FINNIFTY02JAN2420300PE.NFO,02/01/2024,10:10:36,0.3,0.25,62280,0.3,83280,200,128640
FINNIFTY02JAN2420300PE.NFO,02/01/2024,10:10:47,0.3,0.25,62280,0.3,83120,160,128640
FINNIFTY02JAN2420300PE.NFO,02/01/2024,10:10:56,0.3,0.25,62280,0.3,83000,120,128640
FINNIFTY02JAN2420300PE.NFO,02/01/2024,10:11:26,0.3,0.25,62760,0.3,82800,1400,128640
FINNIFTY02JAN2420300PE.NFO,02/01/2024,10:11:36,0.3,0.25,62760,0.3,83360,240,128640
FINNIFTY02JAN2420300PE.NFO,02/01/2024,10:11:45,0.3,0.25,62760,0.3,83360,0,128640
FINNIFTY02JAN2420300PE.NFO,02/01/2024,10:12:22,0.3,0.25,62760,0.3,83320,0,128640
FINNIFTY02JAN2420300PE.NFO,02/01/2024,10:12:32,0.3,0.25,62760,0.3,86160,120,128200
FINNIFTY02JAN2420300PE.NFO,02/01/2024,10:12:43,0.3,0.25,62760,0.3,99800,280,128200
FINNIFTY02JAN2420300PE.NFO,02/01/2024,10:12:54,0.3,0.25,62640,0.3,108600,440,128200
FINNIFTY02JAN2420300PE.NFO,02/01/2024,10:13:04,0.3,0.25,62640,0.3,108960,0,128200
FINNIFTY02JAN2420300PE.NFO,02/01/2024,10:13:14,0.3,0.25,62640,0.3,109000,0,128200
FINNIFTY02JAN2420300PE.NFO,02/01/2024,10:14:04,0.3,0.25,62640,0.3,108600,0,128200
FINNIFTY02JAN2420300PE.NFO,02/01/2024,10:14:14,0.25,0.25,62280,0.3,108640,640,128200
FINNIFTY02JAN2420300PE.NFO,02/01/2024,10:14:24,0.25,0.25,61960,0.3,108640,320,128200
FINNIFTY02JAN2420300PE.NFO,02/01/2024,10:14:34,0.25,0.25,61680,0.3,112120,400,128200
FINNIFTY02JAN2420300PE.NFO,02/01/2024,10:14:45,0.25,0.25,70160,0.3,111560,640,127320
FINNIFTY02JAN2420300PE.NFO,02/01/2024,10:14:55,0.25,0.25,69920,0.3,111560,240,127320
FINNIFTY02JAN2420300PE.NFO,02/01/2024,10:15:04,0.25,0.25,69880,0.3,113280,1840,127320
FINNIFTY02JAN2420300PE.NFO,02/01/2024,10:15:14,0.3,0.25,69880,0.3,112080,1200,127320
FINNIFTY02JAN2420300PE.NFO,02/01/2024,10:15:24,0.25,0.25,69680,0.3,111200,3400,127320
FINNIFTY02JAN2420300PE.NFO,02/01/2024,10:15:34,0.25,0.25,70440,0.3,111200,680,127320
FINNIFTY02JAN2420300PE.NFO,02/01/2024,10:15:44,0.3,0.25,70440,0.3,111080,200,127320
FINNIFTY02JAN2420300PE.NFO,02/01/2024,10:15:53,0.3,0.25,70440,0.3,110880,200,127320
FINNIFTY02JAN2420300PE.NFO,02/01/2024,10:16:13,0.25,0.25,70360,0.3,110480,80,127320
FINNIFTY02JAN2420300PE.NFO,02/01/2024,10:16:23,0.25,0.25,65800,0.3,110480,2320,127320
FINNIFTY02JAN2420300PE.NFO,02/01/2024,10:16:52,0.25,0.25,60120,0.3,110480,5680,127320
FINNIFTY02JAN2420300PE.NFO,02/01/2024,10:17:12,0.3,0.25,72120,0.3,88600,280,127320
FINNIFTY02JAN2420300PE.NFO,02/01/2024,10:17:22,0.3,0.25,72120,0.3,95440,360,127320
FINNIFTY02JAN2420300PE.NFO,02/01/2024,10:17:32,0.3,0.25,72080,0.3,95200,280,127320
FINNIFTY02JAN2420300PE.NFO,02/01/2024,10:17:42,0.25,0.25,73840,0.3,94760,480,122800
FINNIFTY02JAN2420300PE.NFO,02/01/2024,10:17:51,0.25,0.25,71240,0.3,95200,800,122800
FINNIFTY02JAN2420300PE.NFO,02/01/2024,10:18:01,0.25,0.25,71240,0.3,95200,0,122800
FINNIFTY02JAN2420300PE.NFO,02/01/2024,10:18:10,0.3,0.25,71320,0.3,94600,600,122800
FINNIFTY02JAN2420300PE.NFO,02/01/2024,10:18:20,0.25,0.25,72040,0.3,94600,7000,122800
FINNIFTY02JAN2420300PE.NFO,02/01/2024,10:18:30,0.25,0.25,76920,0.3,94600,0,122800
FINNIFTY02JAN2420300PE.NFO,02/01/2024,10:18:39,0.25,0.25,75760,0.3,94200,1160,122800
FINNIFTY02JAN2420300PE.NFO,02/01/2024,10:18:49,0.25,0.25,73120,0.3,94200,5400,122800
FINNIFTY02JAN2420300PE.NFO,02/01/2024,10:18:58,0.25,0.25,72520,0.3,94280,680,122800
FINNIFTY02JAN2420300PE.NFO,02/01/2024,10:19:08,0.25,0.25,67160,0.3,94280,400,122800
FINNIFTY02JAN2420300PE.NFO,02/01/2024,10:19:17,0.25,0.25,71920,0.3,94280,200,122800
FINNIFTY02JAN2420300PE.NFO,02/01/2024,10:19:27,0.25,0.25,78440,0.3,94280,600,122800
FINNIFTY02JAN2420300PE.NFO,02/01/2024,10:19:36,0.25,0.25,80240,0.3,94320,0,122800
FINNIFTY02JAN2420300PE.NFO,02/01/2024,10:19:46,0.25,0.25,80320,0.3,94640,0,122800
FINNIFTY02JAN2420300PE.NFO,02/01/2024,10:20:04,0.3,0.25,80320,0.3,94360,280,122800
FINNIFTY02JAN2420300PE.NFO,02/01/2024,10:20:14,0.25,0.25,79920,0.3,94040,320,122800
FINNIFTY02JAN2420300PE.NFO,02/01/2024,10:20:23,0.25,0.25,79720,0.3,95240,200,122800
FINNIFTY02JAN2420300PE.NFO,02/01/2024,10:20:33,0.25,0.25,79800,0.3,95240,0,122800
FINNIFTY02JAN2420300PE.NFO,02/01/2024,10:20:53,0.25,0.25,79720,0.3,95240,0,122800
FINNIFTY02JAN2420300PE.NFO,02/01/2024,10:21:03,0.3,0.25,75120,0.3,90680,720,133040
FINNIFTY02JAN2420300PE.NFO,02/01/2024,10:21:12,0.3,0.25,74560,0.3,90320,920,133040
FINNIFTY02JAN2420300PE.NFO,02/01/2024,10:21:22,0.3,0.25,74560,0.3,90320,0,133040
FINNIFTY02JAN2420300PE.NFO,02/01/2024,10:21:42,0.25,0.25,74400,0.3,90400,160,133040
FINNIFTY02JAN2420300PE.NFO,02/01/2024,10:21:52,0.25,0.25,74280,0.3,90400,120,133040
FINNIFTY02JAN2420300PE.NFO,02/01/2024,10:22:11,0.25,0.25,74280,0.3,90400,0,133040
FINNIFTY02JAN2420300PE.NFO,02/01/2024,10:22:41,0.3,0.25,74280,0.3,90000,400,133040
FINNIFTY02JAN2420300PE.NFO,02/01/2024,10:22:51,0.3,0.25,74280,0.3,90000,0,133040
FINNIFTY02JAN2420300PE.NFO,02/01/2024,10:23:01,0.3,0.25,74280,0.3,90040,0,133040
FINNIFTY02JAN2420300PE.NFO,02/01/2024,10:23:11,0.3,0.25,74280,0.3,90680,0,133040
FINNIFTY02JAN2420300PE.NFO,02/01/2024,10:23:21,0.3,0.25,74280,0.3,90600,40,133040
FINNIFTY02JAN2420300PE.NFO,02/01/2024,10:23:31,0.3,0.25,73880,0.3,90520,600,133040
FINNIFTY02JAN2420300PE.NFO,02/01/2024,10:23:41,0.3,0.25,73880,0.3,90400,120,133040
FINNIFTY02JAN2420300PE.NFO,02/01/2024,10:23:52,0.3,0.25,73880,0.3,90360,0,133040
FINNIFTY02JAN2420300PE.NFO,02/01/2024,10:24:02,0.25,0.25,72600,0.3,89720,1280,134000
FINNIFTY02JAN2420300PE.NFO,02/01/2024,10:24:12,0.3,0.25,72600,0.3,89600,40,134000
FINNIFTY02JAN2420300PE.NFO,02/01/2024,10:24:22,0.3,0.25,72600,0.3,82360,40,134000
FINNIFTY02JAN2420300PE.NFO,02/01/2024,10:25:04,0.3,0.25,72600,0.3,86080,3480,134000
FINNIFTY02JAN2420300PE.NFO,02/01/2024,10:25:15,0.3,0.25,72600,0.3,84080,2000,134000
FINNIFTY02JAN2420300PE.NFO,02/01/2024,10:25:26,0.3,0.25,72600,0.3,82640,1840,134000
FINNIFTY02JAN2420300PE.NFO,02/01/2024,10:25:57,0.3,0.25,72600,0.3,81880,680,134000
FINNIFTY02JAN2420300PE.NFO,02/01/2024,10:26:08,0.3,0.25,72600,0.3,77760,680,134000
FINNIFTY02JAN2420300PE.NFO,02/01/2024,10:26:19,0.25,0.25,72400,0.3,81280,200,134000
FINNIFTY02JAN2420300PE.NFO,02/01/2024,10:26:31,0.3,0.25,72400,0.3,81120,160,134000
FINNIFTY02JAN2420300PE.NFO,02/01/2024,10:26:42,0.3,0.25,72200,0.3,79600,1720,133680
FINNIFTY02JAN2420300PE.NFO,02/01/2024,10:26:54,0.3,0.25,72200,0.3,79760,240,133680
FINNIFTY02JAN2420300PE.NFO,02/01/2024,10:27:05,0.3,0.25,73320,0.3,78920,1400,133680
FINNIFTY02JAN2420300PE.NFO,02/01/2024,10:27:16,0.25,0.25,72360,0.3,78880,1000,133680
FINNIFTY02JAN2420300PE.NFO,02/01/2024,10:27:37,0.3,0.25,72360,0.3,78800,80,133680
FINNIFTY02JAN2420300PE.NFO,02/01/2024,10:28:08,0.3,0.25,72360,0.3,79520,240,133680
FINNIFTY02JAN2420300PE.NFO,02/01/2024,10:28:19,0.3,0.25,72360,0.3,79680,0,133680
FINNIFTY02JAN2420300PE.NFO,02/01/2024,10:28:39,0.3,0.25,72360,0.3,78800,800,133680
FINNIFTY02JAN2420300PE.NFO,02/01/2024,10:28:48,0.3,0.25,72360,0.3,78880,0,133680
FINNIFTY02JAN2420300PE.NFO,02/01/2024,10:28:58,0.3,0.25,72440,0.3,79040,160,133680
FINNIFTY02JAN2420300PE.NFO,02/01/2024,10:29:08,0.3,0.25,75240,0.3,76960,11640,133680
FINNIFTY02JAN2420300PE.NFO,02/01/2024,10:29:18,0.3,0.25,75240,0.3,77120,160,133680
FINNIFTY02JAN2420300PE.NFO,02/01/2024,10:29:28,0.3,0.25,75240,0.3,76520,280,133680
FINNIFTY02JAN2420300PE.NFO,02/01/2024,10:29:49,0.3,0.25,75240,0.3,75720,800,127240
FINNIFTY02JAN2420300PE.NFO,02/01/2024,10:29:59,0.3,0.25,75320,0.3,78400,1200,127240
FINNIFTY02JAN2420300PE.NFO,02/01/2024,10:30:11,0.3,0.25,77680,0.3,76040,3040,127240
FINNIFTY02JAN2420300PE.NFO,02/01/2024,10:30:22,0.3,0.25,77680,0.3,75600,120,127240
FINNIFTY02JAN2420300PE.NFO,02/01/2024,10:30:34,0.3,0.25,77680,0.3,75720,200,127240
FINNIFTY02JAN2420300PE.NFO,02/01/2024,10:30:44,0.3,0.25,77680,0.3,75160,240,127240
FINNIFTY02JAN2420300PE.NFO,02/01/2024,10:30:54,0.3,0.25,77760,0.3,76160,280,127240
FINNIFTY02JAN2420300PE.NFO,02/01/2024,10:31:04,0.3,0.25,77760,0.3,75760,400,127240
FINNIFTY02JAN2420300PE.NFO,02/01/2024,10:31:14,0.3,0.25,77760,0.3,75400,40,127240
FINNIFTY02JAN2420300PE.NFO,02/01/2024,10:31:33,0.3,0.25,77760,0.3,75360,40,127240
FINNIFTY02JAN2420300PE.NFO,02/01/2024,10:31:44,0.3,0.25,77760,0.3,78240,200,127240
FINNIFTY02JAN2420300PE.NFO,02/01/2024,10:31:55,0.3,0.25,77160,0.3,82760,1040,127240
FINNIFTY02JAN2420300PE.NFO,02/01/2024,10:32:06,0.3,0.25,77160,0.3,83440,640,127240
FINNIFTY02JAN2420300PE.NFO,02/01/2024,10:32:26,0.25,0.25,76960,0.3,83520,200,127240
FINNIFTY02JAN2420300PE.NFO,02/01/2024,10:33:05,0.25,0.25,76640,0.3,83520,320,125880
FINNIFTY02JAN2420300PE.NFO,02/01/2024,10:33:44,0.3,0.25,76640,0.3,83200,320,125880
FINNIFTY02JAN2420300PE.NFO,02/01/2024,10:34:04,0.3,0.25,76640,0.3,86240,0,125880
FINNIFTY02JAN2420300PE.NFO,02/01/2024,10:34:24,0.3,0.25,69440,0.3,88040,0,125880
FINNIFTY02JAN2420300PE.NFO,02/01/2024,10:34:33,0.3,0.25,67640,0.3,89040,0,125880
FINNIFTY02JAN2420300PE.NFO,02/01/2024,10:34:43,0.25,0.25,69880,0.3,89040,400,125880
FINNIFTY02JAN2420300PE.NFO,02/01/2024,10:35:03,0.25,0.25,68080,0.3,88040,0,125880
FINNIFTY02JAN2420300PE.NFO,02/01/2024,10:36:38,0.25,0.25,52040,0.3,88040,1040,126440
FINNIFTY02JAN2420300PE.NFO,02/01/2024,10:36:50,0.25,0.25,52120,0.3,88040,1800,126440
FINNIFTY02JAN2420300PE.NFO,02/01/2024,10:37:01,0.3,0.25,63600,0.3,87760,280,126440
FINNIFTY02JAN2420300PE.NFO,02/01/2024,10:37:13,0.25,0.25,63480,0.3,85440,2520,126440
FINNIFTY02JAN2420300PE.NFO,02/01/2024,10:37:25,0.25,0.25,63400,0.3,85440,80,126440
FINNIFTY02JAN2420300PE.NFO,02/01/2024,10:37:36,0.3,0.25,63400,0.3,84720,1120,126440
FINNIFTY02JAN2420300PE.NFO,02/01/2024,10:37:47,0.3,0.25,63320,0.3,85480,680,126440
FINNIFTY02JAN2420300PE.NFO,02/01/2024,10:38:07,0.3,0.25,63280,0.3,85440,40,126440
FINNIFTY02JAN2420300PE.NFO,02/01/2024,10:38:17,0.3,0.25,63280,0.3,86240,200,126440
FINNIFTY02JAN2420300PE.NFO,02/01/2024,10:38:27,0.25,0.25,63240,0.3,87480,240,126440
FINNIFTY02JAN2420300PE.NFO,02/01/2024,10:38:37,0.25,0.25,63000,0.3,87000,760,126440
FINNIFTY02JAN2420300PE.NFO,02/01/2024,10:38:47,0.25,0.25,62800,0.3,87000,200,127120
FINNIFTY02JAN2420300PE.NFO,02/01/2024,10:38:58,0.25,0.25,62720,0.3,88800,80,127120
FINNIFTY02JAN2420300PE.NFO,02/01/2024,10:39:10,0.3,0.25,62720,0.3,87600,800,127120
FINNIFTY02JAN2420300PE.NFO,02/01/2024,10:39:22,0.3,0.25,62720,0.3,86520,80,127120
FINNIFTY02JAN2420300PE.NFO,02/01/2024,10:39:33,0.3,0.25,62720,0.3,85120,0,127120
FINNIFTY02JAN2420300PE.NFO,02/01/2024,10:39:44,0.3,0.25,62720,0.3,85080,40,127120
FINNIFTY02JAN2420300PE.NFO,02/01/2024,10:40:06,0.3,0.25,62520,0.3,83600,1680,127120
FINNIFTY02JAN2420300PE.NFO,02/01/2024,10:40:17,0.25,0.25,61960,0.3,82840,1360,127120
FINNIFTY02JAN2420300PE.NFO,02/01/2024,10:40:28,0.25,0.25,61760,0.3,82840,200,127120
FINNIFTY02JAN2420300PE.NFO,02/01/2024,10:40:38,0.3,0.25,61760,0.3,57440,40,127120
FINNIFTY02JAN2420300PE.NFO,02/01/2024,10:40:48,0.25,0.25,61560,0.3,64400,200,127120
FINNIFTY02JAN2420300PE.NFO,02/01/2024,10:40:59,0.25,0.25,61000,0.3,64400,600,127120
FINNIFTY02JAN2420300PE.NFO,02/01/2024,10:41:10,0.25,0.25,58640,0.3,70200,6840,127120
FINNIFTY02JAN2420300PE.NFO,02/01/2024,10:41:21,0.3,0.25,58720,0.3,69760,440,127120
FINNIFTY02JAN2420300PE.NFO,02/01/2024,10:41:31,0.3,0.25,58640,0.3,69680,80,127120
FINNIFTY02JAN2420300PE.NFO,02/01/2024,10:41:41,0.3,0.25,58640,0.3,69320,360,127120
FINNIFTY02JAN2420300PE.NFO,02/01/2024,10:41:52,0.25,0.25,58360,0.3,78800,720,133320
FINNIFTY02JAN2420300PE.NFO,02/01/2024,10:42:03,0.25,0.25,58040,0.3,78800,320,133320
FINNIFTY02JAN2420300PE.NFO,02/01/2024,10:42:14,0.25,0.25,57800,0.3,78800,240,133320
FINNIFTY02JAN2420300PE.NFO,02/01/2024,10:42:24,0.3,0.25,57840,0.3,78600,200,133320
FINNIFTY02JAN2420300PE.NFO,02/01/2024,10:42:35,0.25,0.25,41600,0.3,79600,80,133320
FINNIFTY02JAN2420300PE.NFO,02/01/2024,10:42:45,0.25,0.25,41440,0.3,79600,160,133320
FINNIFTY02JAN2420300PE.NFO,02/01/2024,10:42:56,0.25,0.25,39400,0.3,79600,240,133320
FINNIFTY02JAN2420300PE.NFO,02/01/2024,10:43:07,0.25,0.25,34800,0.3,79200,6040,133320
FINNIFTY02JAN2420300PE.NFO,02/01/2024,10:43:17,0.25,0.25,34600,0.3,79200,200,133320
FINNIFTY02JAN2420300PE.NFO,02/01/2024,10:43:28,0.25,0.25,34440,0.3,79200,160,133320
FINNIFTY02JAN2420300PE.NFO,02/01/2024,10:43:39,0.25,0.25,34400,0.3,79200,40,133320
FINNIFTY02JAN2420300PE.NFO,02/01/2024,10:43:49,0.25,0.25,34240,0.3,79200,160,133320
FINNIFTY02JAN2420300PE.NFO,02/01/2024,10:43:59,0.25,0.25,35920,0.3,84400,120,133320
FINNIFTY02JAN2420300PE.NFO,02/01/2024,10:44:09,0.25,0.25,33880,0.3,87760,480,133320
FINNIFTY02JAN2420300PE.NFO,02/01/2024,10:44:20,0.25,0.25,36240,0.3,89360,400,133320
FINNIFTY02JAN2420300PE.NFO,02/01/2024,10:44:30,0.25,0.25,36000,0.3,90320,680,133320
FINNIFTY02JAN2420300PE.NFO,02/01/2024,10:44:40,0.25,0.25,33880,0.3,90120,520,130840
FINNIFTY02JAN2420300PE.NFO,02/01/2024,10:44:51,0.25,0.25,33560,0.3,90120,320,130840
FINNIFTY02JAN2420300PE.NFO,02/01/2024,10:45:01,0.25,0.25,33320,0.3,90120,240,130840
FINNIFTY02JAN2420300PE.NFO,02/01/2024,10:45:12,0.25,0.25,33000,0.3,90120,320,130840
FINNIFTY02JAN2420300PE.NFO,02/01/2024,10:45:22,0.25,0.25,32200,0.3,90760,800,130840
FINNIFTY02JAN2420300PE.NFO,02/01/2024,10:45:32,0.25,0.25,32040,0.3,90760,160,130840
FINNIFTY02JAN2420300PE.NFO,02/01/2024,10:45:42,0.25,0.25,32960,0.3,90760,240,130840
FINNIFTY02JAN2420300PE.NFO,02/01/2024,10:45:52,0.25,0.25,39840,0.3,89360,2000,130840
FINNIFTY02JAN2420300PE.NFO,02/01/2024,10:46:02,0.25,0.25,37960,0.3,89360,1880,130840
FINNIFTY02JAN2420300PE.NFO,02/01/2024,10:46:12,0.25,0.25,37840,0.3,89360,120,130840
FINNIFTY02JAN2420300PE.NFO,02/01/2024,10:46:22,0.25,0.25,39600,0.3,89680,40,130840
FINNIFTY02JAN2420300PE.NFO,02/01/2024,10:46:31,0.25,0.25,37760,0.3,89680,40,130840
FINNIFTY02JAN2420300PE.NFO,02/01/2024,10:46:41,0.25,0.25,37520,0.3,89080,9800,130840
FINNIFTY02JAN2420300PE.NFO,02/01/2024,10:46:51,0.3,0.25,37360,0.3,88240,1480,130840
FINNIFTY02JAN2420300PE.NFO,02/01/2024,10:47:02,0.25,0.25,35400,0.3,88240,160,130840
FINNIFTY02JAN2420300PE.NFO,02/01/2024,10:47:12,0.25,0.25,36680,0.3,87960,360,130840
FINNIFTY02JAN2420300PE.NFO,02/01/2024,10:47:22,0.25,0.25,36480,0.3,87960,200,130840
FINNIFTY02JAN2420300PE.NFO,02/01/2024,10:47:32,0.3,0.25,38280,0.3,87400,560,130840
FINNIFTY02JAN2420300PE.NFO,02/01/2024,10:47:43,0.3,0.25,38280,0.3,87280,120,130840
FINNIFTY02JAN2420300PE.NFO,02/01/2024,10:47:53,0.3,0.25,38280,0.3,87280,0,130840
FINNIFTY02JAN2420300PE.NFO,02/01/2024,10:48:14,0.3,0.25,38280,0.3,88680,0,130840
FINNIFTY02JAN2420300PE.NFO,02/01/2024,10:48:34,0.3,0.25,38280,0.3,88480,200,144720
FINNIFTY02JAN2420300PE.NFO,02/01/2024,10:48:53,0.25,0.25,36240,0.3,88480,240,144720
FINNIFTY02JAN2420300PE.NFO,02/01/2024,10:49:14,0.25,0.25,36000,0.3,87600,720,144720
FINNIFTY02JAN2420300PE.NFO,02/01/2024,10:49:24,0.25,0.25,35760,0.3,88000,240,144720
FINNIFTY02JAN2420300PE.NFO,02/01/2024,10:50:16,0.3,0.25,37560,0.3,87800,200,144720
FINNIFTY02JAN2420300PE.NFO,02/01/2024,10:50:58,0.3,0.25,28560,0.3,137400,0,144720
FINNIFTY02JAN2420300PE.NFO,02/01/2024,10:51:07,0.25,0.25,19160,0.3,137400,520,144720
FINNIFTY02JAN2420300PE.NFO,02/01/2024,10:51:18,0.25,0.25,17760,0.3,141000,400,144720
FINNIFTY02JAN2420300PE.NFO,02/01/2024,10:51:27,0.3,0.25,28680,0.3,140920,320,144720
FINNIFTY02JAN2420300PE.NFO,02/01/2024,10:51:37,0.3,0.25,28480,0.3,140640,480,144720
FINNIFTY02JAN2420300PE.NFO,02/01/2024,10:51:47,0.25,0.25,28280,0.3,140600,240,144720
FINNIFTY02JAN2420300PE.NFO,02/01/2024,10:51:57,0.25,0.25,23920,0.3,140600,400,144720
FINNIFTY02JAN2420300PE.NFO,02/01/2024,10:52:06,0.25,0.25,23920,0.3,140600,0,144720
FINNIFTY02JAN2420300PE.NFO,02/01/2024,10:52:36,0.25,0.25,27880,0.3,140600,0,144720
FINNIFTY02JAN2420300PE.NFO,02/01/2024,10:52:55,0.3,0.25,27880,0.3,140560,40,144720
FINNIFTY02JAN2420300PE.NFO,02/01/2024,10:53:05,0.25,0.25,17400,0.3,140560,7200,144720
FINNIFTY02JAN2420300PE.NFO,02/01/2024,10:53:24,0.25,0.25,23280,0.3,140560,0,144720
FINNIFTY02JAN2420300PE.NFO,02/01/2024,10:53:34,0.25,0.25,19680,0.3,140560,1800,144720
FINNIFTY02JAN2420300PE.NFO,02/01/2024,10:53:44,0.25,0.25,10280,0.3,140560,1800,144720
FINNIFTY02JAN2420300PE.NFO,02/01/2024,10:53:53,0.25,0.2,194600,0.25,57920,11000,156120
FINNIFTY02JAN2420300PE.NFO,02/01/2024,10:54:03,0.25,0.2,194680,0.25,61880,600,156120
FINNIFTY02JAN2420300PE.NFO,02/01/2024,10:54:22,0.25,0.2,183040,0.25,61880,0,156120
FINNIFTY02JAN2420300PE.NFO,02/01/2024,10:54:31,0.25,0.2,183040,0.25,61480,400,156120
FINNIFTY02JAN2420300PE.NFO,02/01/2024,10:54:40,0.25,0.2,189400,0.25,62160,280,156120
FINNIFTY02JAN2420300PE.NFO,02/01/2024,10:54:59,0.2,0.2,189320,0.25,62160,80,156120
FINNIFTY02JAN2420300PE.NFO,02/01/2024,10:55:17,0.25,0.2,189320,0.25,61960,200,156120
FINNIFTY02JAN2420300PE.NFO,02/01/2024,10:55:55,0.25,0.2,189320,0.25,61960,0,156120
FINNIFTY02JAN2420300PE.NFO,02/01/2024,10:56:23,0.25,0.2,188960,0.25,61760,560,156120
FINNIFTY02JAN2420300PE.NFO,02/01/2024,10:56:33,0.25,0.2,189080,0.25,62320,400,156120
FINNIFTY02JAN2420300PE.NFO,02/01/2024,10:56:42,0.25,0.2,189080,0.25,62120,200,163560
FINNIFTY02JAN2420300PE.NFO,02/01/2024,10:56:52,0.2,0.2,188120,0.25,62120,960,163560
FINNIFTY02JAN2420300PE.NFO,02/01/2024,10:57:02,0.25,0.2,190440,0.25,62080,40,163560
FINNIFTY02JAN2420300PE.NFO,02/01/2024,10:57:12,0.25,0.2,192000,0.25,61920,1120,163560
FINNIFTY02JAN2420300PE.NFO,02/01/2024,10:57:22,0.25,0.2,189840,0.25,62560,1280,163560
FINNIFTY02JAN2420300PE.NFO,02/01/2024,10:57:32,0.25,0.2,194360,0.25,65800,6120,163560
FINNIFTY02JAN2420300PE.NFO,02/01/2024,10:57:41,0.25,0.2,203560,0.25,66160,5400,163560
FINNIFTY02JAN2420300PE.NFO,02/01/2024,10:57:51,0.25,0.2,206800,0.25,65080,7680,163560
FINNIFTY02JAN2420300PE.NFO,02/01/2024,10:58:01,0.25,0.2,206440,0.25,66320,440,163560
FINNIFTY02JAN2420300PE.NFO,02/01/2024,10:58:11,0.25,0.2,206160,0.25,66600,1760,163560
FINNIFTY02JAN2420300PE.NFO,02/01/2024,10:58:20,0.25,0.2,206160,0.25,65880,720,163560
FINNIFTY02JAN2420300PE.NFO,02/01/2024,10:58:29,0.25,0.2,206160,0.25,66640,600,163560
FINNIFTY02JAN2420300PE.NFO,02/01/2024,10:59:17,0.25,0.2,206160,0.25,66600,40,163560
FINNIFTY02JAN2420300PE.NFO,02/01/2024,10:59:27,0.25,0.2,206160,0.25,66520,80,163560
FINNIFTY02JAN2420300PE.NFO,02/01/2024,11:00:16,0.25,0.2,206160,0.25,66520,0,163560
FINNIFTY02JAN2420300PE.NFO,02/01/2024,11:00:26,0.25,0.2,206160,0.25,66120,400,146800
FINNIFTY02JAN2420300PE.NFO,02/01/2024,11:00:36,0.25,0.2,206160,0.25,66120,0,146800
FINNIFTY02JAN2420300PE.NFO,02/01/2024,11:01:04,0.25,0.2,204360,0.25,66280,1400,146800
FINNIFTY02JAN2420300PE.NFO,02/01/2024,11:01:14,0.25,0.2,204360,0.25,65840,640,146800
FINNIFTY02JAN2420300PE.NFO,02/01/2024,11:01:23,0.25,0.2,204360,0.25,67640,0,146800
FINNIFTY02JAN2420300PE.NFO,02/01/2024,11:01:33,0.25,0.2,204360,0.25,67720,120,146800
FINNIFTY02JAN2420300PE.NFO,02/01/2024,11:01:43,0.25,0.2,204160,0.25,67240,480,146800
FINNIFTY02JAN2420300PE.NFO,02/01/2024,11:01:52,0.2,0.2,204120,0.25,67240,40,146800
FINNIFTY02JAN2420300PE.NFO,02/01/2024,11:02:02,0.2,0.2,203640,0.25,67240,280,146800
FINNIFTY02JAN2420300PE.NFO,02/01/2024,11:02:11,0.2,0.2,203040,0.25,67240,600,146800
FINNIFTY02JAN2420300PE.NFO,02/01/2024,11:02:21,0.2,0.2,202960,0.25,67240,80,146800
FINNIFTY02JAN2420300PE.NFO,02/01/2024,11:02:31,0.2,0.2,202960,0.25,68160,0,146800
FINNIFTY02JAN2420300PE.NFO,02/01/2024,11:02:49,0.25,0.2,202960,0.25,68040,120,149280
FINNIFTY02JAN2420300PE.NFO,02/01/2024,11:03:17,0.25,0.2,202960,0.25,68000,40,149280
FINNIFTY02JAN2420300PE.NFO,02/01/2024,11:03:27,0.25,0.2,202960,0.25,67720,400,149280
FINNIFTY02JAN2420300PE.NFO,02/01/2024,11:04:03,0.25,0.2,202960,0.25,67720,0,149280
FINNIFTY02JAN2420300PE.NFO,02/01/2024,11:04:31,0.25,0.2,202960,0.25,67680,40,149280
FINNIFTY02JAN2420300PE.NFO,02/01/2024,11:04:50,0.25,0.2,202960,0.25,67680,0,149280
FINNIFTY02JAN2420300PE.NFO,02/01/2024,11:05:27,0.2,0.2,202920,0.25,67680,40,149280
FINNIFTY02JAN2420300PE.NFO,02/01/2024,11:05:55,0.25,0.2,202920,0.25,66680,1000,149240
FINNIFTY02JAN2420300PE.NFO,02/01/2024,11:06:05,0.25,0.2,202920,0.25,66640,40,149240
FINNIFTY02JAN2420300PE.NFO,02/01/2024,11:06:23,0.25,0.2,202920,0.25,64840,1800,149240
FINNIFTY02JAN2420300PE.NFO,02/01/2024,11:06:33,0.25,0.2,202920,0.25,64760,80,149240
FINNIFTY02JAN2420300PE.NFO,02/01/2024,11:06:43,0.25,0.2,202920,0.25,64520,240,149240
FINNIFTY02JAN2420300PE.NFO,02/01/2024,11:06:52,0.25,0.2,202920,0.25,64400,120,149240
FINNIFTY02JAN2420300PE.NFO,02/01/2024,11:07:02,0.25,0.2,202920,0.25,64480,320,149240
FINNIFTY02JAN2420300PE.NFO,02/01/2024,11:07:11,0.25,0.2,204320,0.25,57160,1560,149240
FINNIFTY02JAN2420300PE.NFO,02/01/2024,11:07:39,0.25,0.2,204320,0.25,56920,200,149240
FINNIFTY02JAN2420300PE.NFO,02/01/2024,11:09:03,0.25,0.2,204320,0.25,60360,1120,146480
FINNIFTY02JAN2420300PE.NFO,02/01/2024,11:09:12,0.25,0.2,204320,0.25,60200,400,146480
FINNIFTY02JAN2420300PE.NFO,02/01/2024,11:09:21,0.25,0.2,204320,0.25,60160,0,146480
FINNIFTY02JAN2420300PE.NFO,02/01/2024,11:09:30,0.25,0.2,204320,0.25,60120,0,146480
FINNIFTY02JAN2420300PE.NFO,02/01/2024,11:09:39,0.25,0.2,204320,0.25,62040,0,146480
FINNIFTY02JAN2420300PE.NFO,02/01/2024,11:09:49,0.25,0.2,184520,0.25,62080,0,146480
FINNIFTY02JAN2420300PE.NFO,02/01/2024,11:09:58,0.25,0.2,181320,0.25,47640,0,146480
FINNIFTY02JAN2420300PE.NFO,02/01/2024,11:10:08,0.25,0.2,186720,0.25,67160,2120,146480
FINNIFTY02JAN2420300PE.NFO,02/01/2024,11:10:17,0.25,0.2,186720,0.25,56200,0,146480
FINNIFTY02JAN2420300PE.NFO,02/01/2024,11:10:26,0.25,0.2,183120,0.25,54320,0,146480
FINNIFTY02JAN2420300PE.NFO,02/01/2024,11:10:35,0.25,0.2,186720,0.25,61680,0,146480
FINNIFTY02JAN2420300PE.NFO,02/01/2024,11:10:44,0.25,0.2,186720,0.25,61720,0,146480
FINNIFTY02JAN2420300PE.NFO,02/01/2024,11:10:54,0.25,0.2,183120,0.25,28520,12960,146480
FINNIFTY02JAN2420300PE.NFO,02/01/2024,11:11:03,0.25,0.2,186720,0.25,52600,760,146480
FINNIFTY02JAN2420300PE.NFO,02/01/2024,11:11:12,0.25,0.2,186720,0.25,53040,0,146480
FINNIFTY02JAN2420300PE.NFO,02/01/2024,11:11:21,0.25,0.2,183120,0.25,38480,0,146480
FINNIFTY02JAN2420300PE.NFO,02/01/2024,11:11:31,0.25,0.2,186720,0.25,33120,0,146480
FINNIFTY02JAN2420300PE.NFO,02/01/2024,11:11:40,0.25,0.2,186720,0.25,40040,320,146480
FINNIFTY02JAN2420300PE.NFO,02/01/2024,11:11:48,0.2,0.2,186520,0.25,52640,280,157160
FINNIFTY02JAN2420300PE.NFO,02/01/2024,11:11:57,0.25,0.2,186480,0.25,52480,80,157160
FINNIFTY02JAN2420300PE.NFO,02/01/2024,11:12:07,0.25,0.2,182880,0.25,33760,640,157160
FINNIFTY02JAN2420300PE.NFO,02/01/2024,11:12:16,0.25,0.2,182880,0.25,33240,400,157160
FINNIFTY02JAN2420300PE.NFO,02/01/2024,11:12:25,0.25,0.2,186480,0.25,45880,200,157160
FINNIFTY02JAN2420300PE.NFO,02/01/2024,11:12:34,0.25,0.2,186480,0.25,45840,0,157160
FINNIFTY02JAN2420300PE.NFO,02/01/2024,11:12:43,0.25,0.2,186480,0.25,31440,0,157160
FINNIFTY02JAN2420300PE.NFO,02/01/2024,11:12:52,0.2,0.2,186440,0.25,38640,40,157160
FINNIFTY02JAN2420300PE.NFO,02/01/2024,11:13:01,0.25,0.2,182680,0.25,20520,9200,157160
FINNIFTY02JAN2420300PE.NFO,02/01/2024,11:13:11,0.25,0.2,185720,0.25,27400,960,157160
FINNIFTY02JAN2420300PE.NFO,02/01/2024,11:13:20,0.25,0.25,66400,0.3,85000,20440,157160
FINNIFTY02JAN2420300PE.NFO,02/01/2024,11:13:30,0.25,0.25,38120,0.3,68480,0,157160
FINNIFTY02JAN2420300PE.NFO,02/01/2024,11:13:41,0.3,0.25,41720,0.3,81240,160,157160
FINNIFTY02JAN2420300PE.NFO,02/01/2024,11:13:51,0.3,0.25,45200,0.3,88440,0,157160
FINNIFTY02JAN2420300PE.NFO,02/01/2024,11:14:38,0.25,0.25,45160,0.3,88440,40,157160
FINNIFTY02JAN2420300PE.NFO,02/01/2024,11:14:47,0.25,0.25,52320,0.3,81320,600,167800
FINNIFTY02JAN2420300PE.NFO,02/01/2024,11:15:07,0.3,0.25,46160,0.3,74920,5800,167800
FINNIFTY02JAN2420300PE.NFO,02/01/2024,11:15:17,0.25,0.25,53040,0.3,87840,200,167800
FINNIFTY02JAN2420300PE.NFO,02/01/2024,11:15:27,0.25,0.25,52760,0.3,86640,2200,167800
FINNIFTY02JAN2420300PE.NFO,02/01/2024,11:15:37,0.25,0.25,56040,0.3,87880,2440,167800
FINNIFTY02JAN2420300PE.NFO,02/01/2024,11:15:48,0.3,0.25,57040,0.3,51560,36320,167800
FINNIFTY02JAN2420300PE.NFO,02/01/2024,11:15:58,0.35,0.3,75840,0.35,89600,42000,167800
FINNIFTY02JAN2420300PE.NFO,02/01/2024,11:16:08,0.3,0.3,84800,0.35,92560,880,167800
FINNIFTY02JAN2420300PE.NFO,02/01/2024,11:16:18,0.35,0.3,74880,0.35,92520,40,167800
FINNIFTY02JAN2420300PE.NFO,02/01/2024,11:16:27,0.35,0.3,76640,0.35,92560,2000,167800
FINNIFTY02JAN2420300PE.NFO,02/01/2024,11:16:37,0.35,0.3,67640,0.35,91640,600,167800
FINNIFTY02JAN2420300PE.NFO,02/01/2024,11:16:46,0.35,0.3,67640,0.35,91360,280,167800
FINNIFTY02JAN2420300PE.NFO,02/01/2024,11:16:56,0.35,0.3,67640,0.35,91360,0,167800
FINNIFTY02JAN2420300PE.NFO,02/01/2024,11:17:05,0.35,0.3,104880,0.35,90880,480,167800
FINNIFTY02JAN2420300PE.NFO,02/01/2024,11:17:24,0.3,0.3,103080,0.35,90880,1800,167800
FINNIFTY02JAN2420300PE.NFO,02/01/2024,11:17:43,0.3,0.3,66360,0.35,91920,0,167800
FINNIFTY02JAN2420300PE.NFO,02/01/2024,11:17:53,0.35,0.3,71040,0.35,93200,3680,219640
FINNIFTY02JAN2420300PE.NFO,02/01/2024,11:18:11,0.35,0.3,70800,0.35,92960,80,219640
FINNIFTY02JAN2420300PE.NFO,02/01/2024,11:18:21,0.35,0.3,70800,0.35,95160,0,219640
FINNIFTY02JAN2420300PE.NFO,02/01/2024,11:18:30,0.3,0.3,69920,0.35,94840,880,219640
FINNIFTY02JAN2420300PE.NFO,02/01/2024,11:18:40,0.3,0.3,69760,0.35,94840,280,219640
FINNIFTY02JAN2420300PE.NFO,02/01/2024,11:18:49,0.3,0.3,69640,0.35,94840,120,219640
FINNIFTY02JAN2420300PE.NFO,02/01/2024,11:18:58,0.3,0.3,49200,0.35,99640,30000,219640
FINNIFTY02JAN2420300PE.NFO,02/01/2024,11:19:07,0.3,0.25,109720,0.3,46480,47720,219640
FINNIFTY02JAN2420300PE.NFO,02/01/2024,11:19:16,0.3,0.25,118720,0.3,46480,0,219640
FINNIFTY02JAN2420300PE.NFO,02/01/2024,11:19:25,0.3,0.25,117320,0.3,46400,2000,219640
FINNIFTY02JAN2420300PE.NFO,02/01/2024,11:19:34,0.3,0.25,117760,0.3,47640,2600,219640
FINNIFTY02JAN2420300PE.NFO,02/01/2024,11:19:52,0.3,0.25,119280,0.3,34920,18560,219640
FINNIFTY02JAN2420300PE.NFO,02/01/2024,11:20:01,0.3,0.25,119280,0.3,34920,0,219640
FINNIFTY02JAN2420300PE.NFO,02/01/2024,11:20:10,0.3,0.25,119280,0.3,39800,0,219640
FINNIFTY02JAN2420300PE.NFO,02/01/2024,11:20:19,0.3,0.25,47280,0.3,41240,4320,219640
FINNIFTY02JAN2420300PE.NFO,02/01/2024,11:20:46,0.3,0.25,47280,0.3,40000,1280,219640
FINNIFTY02JAN2420300PE.NFO,02/01/2024,11:20:56,0.3,0.25,47280,0.3,38680,1440,242320
FINNIFTY02JAN2420300PE.NFO,02/01/2024,11:21:05,0.3,0.25,49080,0.3,37920,1200,242320
FINNIFTY02JAN2420300PE.NFO,02/01/2024,11:21:15,0.3,0.25,47280,0.3,37440,880,242320
FINNIFTY02JAN2420300PE.NFO,02/01/2024,11:21:24,0.3,0.25,47280,0.3,36120,1760,242320
FINNIFTY02JAN2420300PE.NFO,02/01/2024,11:21:34,0.3,0.25,47280,0.3,35600,520,242320
FINNIFTY02JAN2420300PE.NFO,02/01/2024,11:21:43,0.3,0.25,47280,0.3,33840,1760,242320
FINNIFTY02JAN2420300PE.NFO,02/01/2024,11:21:52,0.3,0.25,43640,0.3,36560,7720,242320
FINNIFTY02JAN2420300PE.NFO,02/01/2024,11:22:01,0.3,0.25,43640,0.3,36400,0,242320
FINNIFTY02JAN2420300PE.NFO,02/01/2024,11:22:11,0.3,0.25,45440,0.3,34960,1600,242320
FINNIFTY02JAN2420300PE.NFO,02/01/2024,11:22:21,0.3,0.25,43640,0.3,33960,600,242320
FINNIFTY02JAN2420300PE.NFO,02/01/2024,11:22:40,0.25,0.25,43400,0.3,33480,720,242320
FINNIFTY02JAN2420300PE.NFO,02/01/2024,11:22:50,0.25,0.25,45080,0.3,33560,240,242320
FINNIFTY02JAN2420300PE.NFO,02/01/2024,11:22:59,0.3,0.25,38600,0.3,32240,2040,242320
FINNIFTY02JAN2420300PE.NFO,02/01/2024,11:23:09,0.3,0.25,41680,0.3,35200,4880,242320
FINNIFTY02JAN2420300PE.NFO,02/01/2024,11:23:45,0.3,0.25,41680,0.3,33640,2000,242320
FINNIFTY02JAN2420300PE.NFO,02/01/2024,11:24:03,0.3,0.25,41680,0.3,32280,1800,244280
FINNIFTY02JAN2420300PE.NFO,02/01/2024,11:24:13,0.3,0.25,41400,0.3,31680,880,244280
FINNIFTY02JAN2420300PE.NFO,02/01/2024,11:24:22,0.3,0.25,43200,0.3,31640,200,244280
FINNIFTY02JAN2420300PE.NFO,02/01/2024,11:24:31,0.3,0.25,43200,0.3,30640,1000,244280
FINNIFTY02JAN2420300PE.NFO,02/01/2024,11:24:40,0.3,0.25,41400,0.3,30560,0,244280
FINNIFTY02JAN2420300PE.NFO,02/01/2024,11:24:49,0.3,0.25,41400,0.3,73720,120,244280
FINNIFTY02JAN2420300PE.NFO,02/01/2024,11:24:58,0.25,0.25,41200,0.3,98760,200,244280
FINNIFTY02JAN2420300PE.NFO,02/01/2024,11:25:08,0.25,0.25,37720,0.3,98720,200,244280
FINNIFTY02JAN2420300PE.NFO,02/01/2024,11:25:17,0.25,0.25,42600,0.3,30320,1120,244280
FINNIFTY02JAN2420300PE.NFO,02/01/2024,11:25:26,0.25,0.25,44400,0.3,30320,0,244280
FINNIFTY02JAN2420300PE.NFO,02/01/2024,11:25:45,0.25,0.25,44200,0.3,30320,200,244280
FINNIFTY02JAN2420300PE.NFO,02/01/2024,11:25:54,0.3,0.25,44200,0.3,29800,1120,244280
FINNIFTY02JAN2420300PE.NFO,02/01/2024,11:26:03,0.3,0.25,41600,0.3,71120,40,244280
FINNIFTY02JAN2420300PE.NFO,02/01/2024,11:26:13,0.25,0.25,41280,0.3,70400,640,244280
FINNIFTY02JAN2420300PE.NFO,02/01/2024,11:26:22,0.3,0.25,44520,0.3,70320,520,244280
FINNIFTY02JAN2420300PE.NFO,02/01/2024,11:26:31,0.3,0.25,44520,0.3,69840,520,244280
FINNIFTY02JAN2420300PE.NFO,02/01/2024,11:26:41,0.3,0.25,44520,0.3,69360,480,244280
FINNIFTY02JAN2420300PE.NFO,02/01/2024,11:26:50,0.3,0.25,44520,0.3,69120,240,244280
FINNIFTY02JAN2420300PE.NFO,02/01/2024,11:27:08,0.3,0.25,42720,0.3,69640,320,247320
FINNIFTY02JAN2420300PE.NFO,02/01/2024,11:27:36,0.25,0.25,42520,0.3,71800,200,247320
FINNIFTY02JAN2420300PE.NFO,02/01/2024,11:27:45,0.25,0.25,39440,0.3,71800,2240,247320
FINNIFTY02JAN2420300PE.NFO,02/01/2024,11:27:55,0.25,0.25,39440,0.3,71800,0,247320
FINNIFTY02JAN2420300PE.NFO,02/01/2024,11:28:04,0.25,0.25,42760,0.3,71720,80,247320
FINNIFTY02JAN2420300PE.NFO,02/01/2024,11:28:22,0.25,0.25,39160,0.3,71720,200,247320
FINNIFTY02JAN2420300PE.NFO,02/01/2024,11:28:40,0.25,0.25,39120,0.3,71720,40,247320
FINNIFTY02JAN2420300PE.NFO,02/01/2024,11:29:16,0.3,0.25,44320,0.3,71640,80,247320
FINNIFTY02JAN2420300PE.NFO,02/01/2024,11:29:26,0.3,0.25,42520,0.3,71640,0,247320
FINNIFTY02JAN2420300PE.NFO,02/01/2024,11:30:20,0.3,0.25,42520,0.3,71000,640,245400
FINNIFTY02JAN2420300PE.NFO,02/01/2024,11:30:38,0.3,0.25,44320,0.3,71960,0,245400
FINNIFTY02JAN2420300PE.NFO,02/01/2024,11:30:55,0.3,0.25,44320,0.3,71920,40,245400
FINNIFTY02JAN2420300PE.NFO,02/01/2024,11:31:05,0.25,0.25,44240,0.3,71920,80,245400
FINNIFTY02JAN2420300PE.NFO,02/01/2024,11:31:14,0.3,0.25,44240,0.3,70240,3640,245400
FINNIFTY02JAN2420300PE.NFO,02/01/2024,11:31:31,0.3,0.25,43960,0.3,76160,1960,245400
FINNIFTY02JAN2420300PE.NFO,02/01/2024,11:31:40,0.25,0.25,43760,0.3,77760,400,245400
FINNIFTY02JAN2420300PE.NFO,02/01/2024,11:31:50,0.3,0.25,43680,0.3,77280,560,245400
FINNIFTY02JAN2420300PE.NFO,02/01/2024,11:31:59,0.25,0.25,43200,0.3,77080,680,245400
FINNIFTY02JAN2420300PE.NFO,02/01/2024,11:32:08,0.25,0.25,42880,0.3,77080,320,245400
FINNIFTY02JAN2420300PE.NFO,02/01/2024,11:32:18,0.3,0.25,42880,0.3,76840,240,245400
FINNIFTY02JAN2420300PE.NFO,02/01/2024,11:32:27,0.25,0.25,44480,0.3,76800,240,245400
FINNIFTY02JAN2420300PE.NFO,02/01/2024,11:32:36,0.25,0.25,44280,0.3,75800,1200,245400
FINNIFTY02JAN2420300PE.NFO,02/01/2024,11:32:45,0.25,0.25,44200,0.3,75800,80,245400
FINNIFTY02JAN2420300PE.NFO,02/01/2024,11:33:12,0.3,0.25,44200,0.3,75600,200,250280
FINNIFTY02JAN2420300PE.NFO,02/01/2024,11:33:20,0.3,0.25,44200,0.3,77400,0,250280
FINNIFTY02JAN2420300PE.NFO,02/01/2024,11:33:30,0.25,0.25,44000,0.3,77280,320,250280
FINNIFTY02JAN2420300PE.NFO,02/01/2024,11:33:39,0.25,0.25,43760,0.3,77160,360,250280
FINNIFTY02JAN2420300PE.NFO,02/01/2024,11:34:05,0.25,0.25,39400,0.3,77160,240,250280
FINNIFTY02JAN2420300PE.NFO,02/01/2024,11:34:22,0.25,0.25,39000,0.3,77160,400,250280
FINNIFTY02JAN2420300PE.NFO,02/01/2024,11:34:32,0.25,0.25,38760,0.3,77160,240,250280
FINNIFTY02JAN2420300PE.NFO,02/01/2024,11:34:41,0.25,0.25,38560,0.3,77160,200,250280
FINNIFTY02JAN2420300PE.NFO,02/01/2024,11:34:51,0.25,0.25,44840,0.3,77480,0,250280
FINNIFTY02JAN2420300PE.NFO,02/01/2024,11:35:18,0.25,0.25,39240,0.3,77160,200,250280
FINNIFTY02JAN2420300PE.NFO,02/01/2024,11:35:27,0.25,0.25,39040,0.3,77160,200,250280
FINNIFTY02JAN2420300PE.NFO,02/01/2024,11:35:45,0.25,0.25,38840,0.3,77160,200,250280
FINNIFTY02JAN2420300PE.NFO,02/01/2024,11:35:53,0.3,0.25,44240,0.3,77120,40,250280
FINNIFTY02JAN2420300PE.NFO,02/01/2024,11:36:02,0.3,0.25,45840,0.3,77840,1880,252880
FINNIFTY02JAN2420300PE.NFO,02/01/2024,11:36:21,0.25,0.25,45520,0.3,77400,400,252880
FINNIFTY02JAN2420300PE.NFO,02/01/2024,11:36:30,0.25,0.25,45320,0.3,77400,200,252880
FINNIFTY02JAN2420300PE.NFO,02/01/2024,11:36:49,0.3,0.25,45320,0.3,77880,80,252880
FINNIFTY02JAN2420300PE.NFO,02/01/2024,11:37:27,0.3,0.25,45320,0.3,77840,40,252880
FINNIFTY02JAN2420300PE.NFO,02/01/2024,11:37:45,0.3,0.25,45320,0.3,77800,40,252880
FINNIFTY02JAN2420300PE.NFO,02/01/2024,11:37:55,0.3,0.25,45320,0.3,77680,120,252880
FINNIFTY02JAN2420300PE.NFO,02/01/2024,11:38:04,0.3,0.25,45320,0.3,77600,80,252880
FINNIFTY02JAN2420300PE.NFO,02/01/2024,11:38:14,0.3,0.25,45320,0.3,77440,160,252880
FINNIFTY02JAN2420300PE.NFO,02/01/2024,11:38:24,0.3,0.25,45320,0.3,77280,160,252880
FINNIFTY02JAN2420300PE.NFO,02/01/2024,11:38:33,0.3,0.25,45320,0.3,77320,0,252880
FINNIFTY02JAN2420300PE.NFO,02/01/2024,11:38:43,0.3,0.25,45320,0.3,76920,40,252880
FINNIFTY02JAN2420300PE.NFO,02/01/2024,11:38:53,0.3,0.25,45320,0.3,76440,80,253560
FINNIFTY02JAN2420300PE.NFO,02/01/2024,11:41:00,0.25,0.25,23480,0.3,41560,35640,253560
FINNIFTY02JAN2420300PE.NFO,02/01/2024,11:41:09,0.3,0.25,38080,0.3,43280,40,253560
FINNIFTY02JAN2420300PE.NFO,02/01/2024,11:41:29,0.25,0.25,23000,0.3,41480,480,253560
FINNIFTY02JAN2420300PE.NFO,02/01/2024,11:41:39,0.25,0.25,22800,0.3,41480,200,253560
FINNIFTY02JAN2420300PE.NFO,02/01/2024,11:41:49,0.25,0.25,22320,0.3,41880,520,232160
FINNIFTY02JAN2420300PE.NFO,02/01/2024,11:41:59,0.3,0.25,36800,0.3,42280,560,232160
FINNIFTY02JAN2420300PE.NFO,02/01/2024,11:42:09,0.3,0.25,36800,0.3,42920,1120,232160
FINNIFTY02JAN2420300PE.NFO,02/01/2024,11:42:29,0.3,0.25,36800,0.3,42000,960,232160
FINNIFTY02JAN2420300PE.NFO,02/01/2024,11:42:38,0.3,0.25,36360,0.3,40440,2000,232160
FINNIFTY02JAN2420300PE.NFO,02/01/2024,11:42:47,0.3,0.25,37000,0.3,40120,320,232160
FINNIFTY02JAN2420300PE.NFO,02/01/2024,11:43:06,0.3,0.25,37000,0.3,40960,2160,232160
FINNIFTY02JAN2420300PE.NFO,02/01/2024,11:43:15,0.3,0.25,37000,0.3,40800,200,232160
FINNIFTY02JAN2420300PE.NFO,02/01/2024,11:43:24,0.3,0.25,37600,0.3,40800,0,232160
FINNIFTY02JAN2420300PE.NFO,02/01/2024,11:43:43,0.3,0.25,39600,0.3,41880,1800,232160
FINNIFTY02JAN2420300PE.NFO,02/01/2024,11:43:53,0.3,0.25,39600,0.3,40760,680,232160
FINNIFTY02JAN2420300PE.NFO,02/01/2024,11:44:03,0.3,0.25,39600,0.3,38640,1880,232160
FINNIFTY02JAN2420300PE.NFO,02/01/2024,11:44:12,0.3,0.25,39640,0.3,38480,960,232160
FINNIFTY02JAN2420300PE.NFO,02/01/2024,11:44:49,0.3,0.25,37840,0.3,39480,0,232160
FINNIFTY02JAN2420300PE.NFO,02/01/2024,11:45:36,0.3,0.25,37840,0.3,39520,0,232160
FINNIFTY02JAN2420300PE.NFO,02/01/2024,11:45:45,0.25,0.25,35320,0.3,39880,2560,225840
FINNIFTY02JAN2420300PE.NFO,02/01/2024,11:45:54,0.25,0.25,15480,0.3,39880,22000,225840
FINNIFTY02JAN2420300PE.NFO,02/01/2024,11:46:04,0.25,0.25,14000,0.3,39840,3320,225840
FINNIFTY02JAN2420300PE.NFO,02/01/2024,11:46:13,0.25,0.25,9800,0.3,40160,2640,225840
FINNIFTY02JAN2420300PE.NFO,02/01/2024,11:46:22,0.25,0.25,9160,0.3,39840,640,225840
FINNIFTY02JAN2420300PE.NFO,02/01/2024,11:46:32,0.25,0.25,8920,0.3,39840,240,225840
FINNIFTY02JAN2420300PE.NFO,02/01/2024,11:46:41,0.25,0.25,21040,0.3,39840,320,225840
FINNIFTY02JAN2420300PE.NFO,02/01/2024,11:46:50,0.25,0.25,20800,0.3,39840,240,225840
FINNIFTY02JAN2420300PE.NFO,02/01/2024,11:47:00,0.3,0.25,21320,0.3,39800,40,225840
FINNIFTY02JAN2420300PE.NFO,02/01/2024,11:47:08,0.3,0.25,21400,0.3,43240,760,225840
FINNIFTY02JAN2420300PE.NFO,02/01/2024,11:47:17,0.3,0.25,21400,0.3,43600,0,225840
FINNIFTY02JAN2420300PE.NFO,02/01/2024,11:47:42,0.25,0.25,12240,0.3,43280,160,225840
FINNIFTY02JAN2420300PE.NFO,02/01/2024,11:48:08,0.3,0.25,23120,0.3,42760,40,234720
FINNIFTY02JAN2420300PE.NFO,02/01/2024,11:48:17,0.3,0.25,23040,0.3,42680,80,234720
FINNIFTY02JAN2420300PE.NFO,02/01/2024,11:48:26,0.3,0.25,23040,0.3,42600,80,234720
FINNIFTY02JAN2420300PE.NFO,02/01/2024,11:48:35,0.3,0.25,23040,0.3,42840,80,234720
FINNIFTY02JAN2420300PE.NFO,02/01/2024,11:48:44,0.3,0.25,21080,0.3,43360,280,234720
FINNIFTY02JAN2420300PE.NFO,02/01/2024,11:48:52,0.3,0.25,22880,0.3,43280,80,234720
FINNIFTY02JAN2420300PE.NFO,02/01/2024,11:49:01,0.3,0.25,22880,0.3,43120,240,234720
FINNIFTY02JAN2420300PE.NFO,02/01/2024,11:49:09,0.3,0.25,24240,0.3,52120,4800,234720
FINNIFTY02JAN2420300PE.NFO,02/01/2024,11:49:17,0.3,0.25,24240,0.3,51920,80,234720
FINNIFTY02JAN2420300PE.NFO,02/01/2024,11:49:27,0.25,0.25,23880,0.3,51880,560,234720
FINNIFTY02JAN2420300PE.NFO,02/01/2024,11:49:36,0.3,0.25,23760,0.3,51440,640,234720
FINNIFTY02JAN2420300PE.NFO,02/01/2024,11:49:44,0.3,0.25,23760,0.3,51480,0,234720
FINNIFTY02JAN2420300PE.NFO,02/01/2024,11:49:53,0.3,0.25,23760,0.3,50880,560,234720
FINNIFTY02JAN2420300PE.NFO,02/01/2024,11:50:02,0.25,0.25,23560,0.3,51240,360,234720
FINNIFTY02JAN2420300PE.NFO,02/01/2024,11:50:11,0.25,0.25,22920,0.3,50200,640,234720
FINNIFTY02JAN2420300PE.NFO,02/01/2024,11:50:21,0.25,0.25,13520,0.3,49800,400,234720
FINNIFTY02JAN2420300PE.NFO,02/01/2024,11:50:38,0.25,0.25,13880,0.3,49800,80,234720
FINNIFTY02JAN2420300PE.NFO,02/01/2024,11:51:05,0.25,0.25,22320,0.3,49680,680,235080
FINNIFTY02JAN2420300PE.NFO,02/01/2024,11:51:14,0.25,0.25,21920,0.3,49400,1000,235080
FINNIFTY02JAN2420300PE.NFO,02/01/2024,11:51:23,0.25,0.25,21880,0.3,49400,40,235080
FINNIFTY02JAN2420300PE.NFO,02/01/2024,11:51:50,0.25,0.25,20880,0.3,49040,1280,235080
FINNIFTY02JAN2420300PE.NFO,02/01/2024,11:52:09,0.25,0.25,9840,0.3,49040,240,235080
FINNIFTY02JAN2420300PE.NFO,02/01/2024,11:52:18,0.25,0.25,9640,0.3,49040,200,235080
FINNIFTY02JAN2420300PE.NFO,02/01/2024,11:52:26,0.25,0.25,18640,0.3,49040,0,235080
FINNIFTY02JAN2420300PE.NFO,02/01/2024,11:52:36,0.25,0.25,9160,0.3,49040,480,235080
FINNIFTY02JAN2420300PE.NFO,02/01/2024,11:53:12,0.25,0.25,18160,0.3,49040,0,235080
FINNIFTY02JAN2420300PE.NFO,02/01/2024,11:53:21,0.3,0.25,18160,0.3,48920,120,235080
FINNIFTY02JAN2420300PE.NFO,02/01/2024,11:53:30,0.3,0.25,17960,0.3,48880,240,235080
FINNIFTY02JAN2420300PE.NFO,02/01/2024,11:53:39,0.3,0.25,17960,0.3,48800,80,235080
FINNIFTY02JAN2420300PE.NFO,02/01/2024,11:53:48,0.3,0.25,17960,0.3,50840,80,235080
FINNIFTY02JAN2420300PE.NFO,02/01/2024,11:53:56,0.3,0.25,17960,0.3,50440,80,237240
FINNIFTY02JAN2420300PE.NFO,02/01/2024,11:55:52,0.25,0.25,12360,0.3,50760,200,237240
FINNIFTY02JAN2420300PE.NFO,02/01/2024,11:56:01,0.3,0.25,17760,0.3,50400,40,237240
FINNIFTY02JAN2420300PE.NFO,02/01/2024,11:56:18,0.25,0.25,12320,0.3,50400,40,237240
FINNIFTY02JAN2420300PE.NFO,02/01/2024,11:56:26,0.25,0.25,12280,0.3,50400,40,237240
FINNIFTY02JAN2420300PE.NFO,02/01/2024,11:56:34,0.25,0.25,12120,0.3,50400,160,237240
FINNIFTY02JAN2420300PE.NFO,02/01/2024,11:56:43,0.25,0.25,11960,0.3,50400,160,237240
FINNIFTY02JAN2420300PE.NFO,02/01/2024,11:56:51,0.3,0.25,17360,0.3,50360,40,237240
FINNIFTY02JAN2420300PE.NFO,02/01/2024,11:57:00,0.25,0.25,11920,0.3,50360,40,237240
FINNIFTY02JAN2420300PE.NFO,02/01/2024,11:57:09,0.25,0.25,17280,0.3,50400,40,237240
FINNIFTY02JAN2420300PE.NFO,02/01/2024,11:57:26,0.25,0.25,11800,0.3,50400,80,237240
FINNIFTY02JAN2420300PE.NFO,02/01/2024,11:58:10,0.25,0.25,10800,0.3,50400,1000,237240
FINNIFTY02JAN2420300PE.NFO,02/01/2024,11:58:19,0.25,0.25,10760,0.3,50400,40,237240
FINNIFTY02JAN2420300PE.NFO,02/01/2024,11:58:28,0.25,0.25,10240,0.3,50400,520,237240
FINNIFTY02JAN2420300PE.NFO,02/01/2024,11:58:45,0.3,0.25,15600,0.3,50360,80,237240
FINNIFTY02JAN2420300PE.NFO,02/01/2024,11:58:54,0.3,0.25,15600,0.3,50080,280,237240
FINNIFTY02JAN2420300PE.NFO,02/01/2024,11:59:02,0.3,0.25,15600,0.3,50440,80,237240
FINNIFTY02JAN2420300PE.NFO,02/01/2024,11:59:12,0.25,0.25,15480,0.3,50520,120,237240
FINNIFTY02JAN2420300PE.NFO,02/01/2024,11:59:20,0.25,0.25,9800,0.3,50640,280,237240
FINNIFTY02JAN2420300PE.NFO,02/01/2024,11:59:29,0.25,0.25,5840,0.3,51080,6280,237240
FINNIFTY02JAN2420300PE.NFO,02/01/2024,11:59:37,0.25,0.25,13000,0.3,51080,40,237240
FINNIFTY02JAN2420300PE.NFO,02/01/2024,11:59:46,0.25,0.25,5680,0.3,51080,120,237240
FINNIFTY02JAN2420300PE.NFO,02/01/2024,11:59:54,0.25,0.25,4760,0.3,51080,920,237840
FINNIFTY02JAN2420300PE.NFO,02/01/2024,12:00:03,0.3,0.25,11960,0.3,50840,40,237840
FINNIFTY02JAN2420300PE.NFO,02/01/2024,12:00:12,0.3,0.25,11960,0.3,52880,40,237840
FINNIFTY02JAN2420300PE.NFO,02/01/2024,12:00:30,0.25,0.25,4120,0.3,52880,400,237840
FINNIFTY02JAN2420300PE.NFO,02/01/2024,12:00:39,0.25,0.25,3880,0.3,52880,240,237840
FINNIFTY02JAN2420300PE.NFO,02/01/2024,12:00:48,0.3,0.25,14560,0.3,52760,280,237840
FINNIFTY02JAN2420300PE.NFO,02/01/2024,12:00:57,0.25,0.25,7840,0.3,52760,240,237840
FINNIFTY02JAN2420300PE.NFO,02/01/2024,12:01:06,0.25,0.25,7680,0.3,52480,160,237840
FINNIFTY02JAN2420300PE.NFO,02/01/2024,12:01:16,0.25,0.25,7320,0.3,52480,360,237840
FINNIFTY02JAN2420300PE.NFO,02/01/2024,12:01:33,0.25,0.25,7000,0.3,52480,320,237840
FINNIFTY02JAN2420300PE.NFO,02/01/2024,12:02:00,0.25,0.25,4800,0.3,52440,2240,237840
FINNIFTY02JAN2420300PE.NFO,02/01/2024,12:02:09,0.25,0.25,14520,0.3,67960,1760,237840
FINNIFTY02JAN2420300PE.NFO,02/01/2024,12:02:18,0.25,0.25,14280,0.3,67960,320,237840
FINNIFTY02JAN2420300PE.NFO,02/01/2024,12:02:26,0.25,0.25,13960,0.3,67960,320,237840
FINNIFTY02JAN2420300PE.NFO,02/01/2024,12:02:53,0.3,0.25,21480,0.3,67920,40,237840
FINNIFTY02JAN2420300PE.NFO,02/01/2024,12:03:01,0.3,0.25,21480,0.3,67600,320,241880
FINNIFTY02JAN2420300PE.NFO,02/01/2024,12:03:10,0.3,0.25,21480,0.3,67120,480,241880
FINNIFTY02JAN2420300PE.NFO,02/01/2024,12:03:19,0.3,0.25,21280,0.3,67600,400,241880
FINNIFTY02JAN2420300PE.NFO,02/01/2024,12:03:28,0.25,0.25,14280,0.3,67600,80,241880
FINNIFTY02JAN2420300PE.NFO,02/01/2024,12:03:37,0.3,0.25,21200,0.3,68560,40,241880
FINNIFTY02JAN2420300PE.NFO,02/01/2024,12:03:46,0.3,0.25,21200,0.3,69200,160,241880
FINNIFTY02JAN2420300PE.NFO,02/01/2024,12:03:55,0.25,0.25,20760,0.3,69520,520,241880
FINNIFTY02JAN2420300PE.NFO,02/01/2024,12:04:03,0.3,0.25,20720,0.3,68240,1360,241880
FINNIFTY02JAN2420300PE.NFO,02/01/2024,12:04:12,0.3,0.25,20840,0.3,67440,800,241880
FINNIFTY02JAN2420300PE.NFO,02/01/2024,12:04:22,0.3,0.25,20720,0.3,66400,40,241880
FINNIFTY02JAN2420300PE.NFO,02/01/2024,12:04:31,0.3,0.25,20720,0.3,66480,80,241880
FINNIFTY02JAN2420300PE.NFO,02/01/2024,12:04:49,0.3,0.25,20720,0.3,66480,0,241880
FINNIFTY02JAN2420300PE.NFO,02/01/2024,12:05:07,0.3,0.25,20840,0.3,63480,1000,241880
FINNIFTY02JAN2420300PE.NFO,02/01/2024,12:05:16,0.25,0.25,20800,0.3,63480,40,241880
FINNIFTY02JAN2420300PE.NFO,02/01/2024,12:05:25,0.25,0.25,20640,0.3,63360,160,241880
FINNIFTY02JAN2420300PE.NFO,02/01/2024,12:05:34,0.3,0.25,20520,0.3,63200,280,241880
FINNIFTY02JAN2420300PE.NFO,02/01/2024,12:05:43,0.3,0.25,20520,0.3,63040,160,241880
FINNIFTY02JAN2420300PE.NFO,02/01/2024,12:06:00,0.3,0.25,21400,0.3,64840,1160,243880
FINNIFTY02JAN2420300PE.NFO,02/01/2024,12:06:09,0.25,0.25,21400,0.3,76400,1320,243880
FINNIFTY02JAN2420300PE.NFO,02/01/2024,12:06:18,0.25,0.25,21360,0.3,76280,120,243880
FINNIFTY02JAN2420300PE.NFO,02/01/2024,12:06:27,0.3,0.25,21360,0.3,76200,80,243880
FINNIFTY02JAN2420300PE.NFO,02/01/2024,12:06:44,0.3,0.25,21360,0.3,76200,0,243880
FINNIFTY02JAN2420300PE.NFO,02/01/2024,12:06:52,0.25,0.25,21200,0.3,76200,160,243880
FINNIFTY02JAN2420300PE.NFO,02/01/2024,12:07:01,0.3,0.25,21200,0.3,76160,40,243880
FINNIFTY02JAN2420300PE.NFO,02/01/2024,12:07:53,0.25,0.25,21120,0.3,76080,80,243880
FINNIFTY02JAN2420300PE.NFO,02/01/2024,12:08:02,0.25,0.25,21120,0.3,76080,0,243880
FINNIFTY02JAN2420300PE.NFO,02/01/2024,12:08:45,0.3,0.25,21120,0.3,76160,240,243880
FINNIFTY02JAN2420300PE.NFO,02/01/2024,12:08:54,0.3,0.25,21120,0.3,76200,120,243880
FINNIFTY02JAN2420300PE.NFO,02/01/2024,12:09:02,0.3,0.25,21120,0.3,74520,200,242880
FINNIFTY02JAN2420300PE.NFO,02/01/2024,12:09:10,0.3,0.25,21160,0.3,74560,880,242880
FINNIFTY02JAN2420300PE.NFO,02/01/2024,12:09:19,0.25,0.25,20960,0.3,78160,200,242880
FINNIFTY02JAN2420300PE.NFO,02/01/2024,12:09:27,0.25,0.25,22600,0.3,78160,160,242880
FINNIFTY02JAN2420300PE.NFO,02/01/2024,12:09:36,0.25,0.25,22440,0.3,78160,160,242880
FINNIFTY02JAN2420300PE.NFO,02/01/2024,12:10:02,0.3,0.25,22440,0.3,78520,40,242880
FINNIFTY02JAN2420300PE.NFO,02/01/2024,12:10:20,0.3,0.25,22480,0.3,80360,40,242880
FINNIFTY02JAN2420300PE.NFO,02/01/2024,12:10:47,0.3,0.25,22480,0.3,80760,40,242880
FINNIFTY02JAN2420300PE.NFO,02/01/2024,12:10:57,0.3,0.25,22480,0.3,117960,0,242880
FINNIFTY02JAN2420300PE.NFO,02/01/2024,12:11:33,0.25,0.25,11920,0.3,117960,40,242880
FINNIFTY02JAN2420300PE.NFO,02/01/2024,12:11:43,0.25,0.25,22280,0.3,117920,200,242880
FINNIFTY02JAN2420300PE.NFO,02/01/2024,12:11:52,0.25,0.25,22280,0.3,118920,0,242880
FINNIFTY02JAN2420300PE.NFO,02/01/2024,12:13:02,0.3,0.25,22280,0.3,118560,80,243240
FINNIFTY02JAN2420300PE.NFO,02/01/2024,12:13:11,0.3,0.25,22280,0.3,118400,160,243240
FINNIFTY02JAN2420300PE.NFO,02/01/2024,12:13:19,0.3,0.25,22280,0.3,118360,40,243240
FINNIFTY02JAN2420300PE.NFO,02/01/2024,12:13:28,0.3,0.25,22280,0.3,118280,80,243240
FINNIFTY02JAN2420300PE.NFO,02/01/2024,12:13:37,0.3,0.25,22280,0.3,118240,40,243240
FINNIFTY02JAN2420300PE.NFO,02/01/2024,12:14:02,0.3,0.25,22280,0.3,118400,80,243240
FINNIFTY02JAN2420300PE.NFO,02/01/2024,12:14:11,0.3,0.25,22640,0.3,118520,320,243240
FINNIFTY02JAN2420300PE.NFO,02/01/2024,12:14:19,0.3,0.25,22360,0.3,116720,80,243240
FINNIFTY02JAN2420300PE.NFO,02/01/2024,12:14:28,0.3,0.25,22360,0.3,116760,80,243240
FINNIFTY02JAN2420300PE.NFO,02/01/2024,12:14:37,0.3,0.25,22360,0.3,117040,40,243240
FINNIFTY02JAN2420300PE.NFO,02/01/2024,12:14:45,0.3,0.25,22360,0.3,116960,40,243240
FINNIFTY02JAN2420300PE.NFO,02/01/2024,12:14:54,0.3,0.25,22360,0.3,116640,0,243240
FINNIFTY02JAN2420300PE.NFO,02/01/2024,12:15:03,0.3,0.25,22200,0.3,116000,320,243240
FINNIFTY02JAN2420300PE.NFO,02/01/2024,12:15:12,0.3,0.25,22200,0.3,115680,280,243240
FINNIFTY02JAN2420300PE.NFO,02/01/2024,12:15:21,0.3,0.25,22200,0.3,115600,80,243240
FINNIFTY02JAN2420300PE.NFO,02/01/2024,12:15:29,0.3,0.25,22200,0.3,115440,160,243240
FINNIFTY02JAN2420300PE.NFO,02/01/2024,12:15:39,0.3,0.25,22200,0.3,115280,160,243240
FINNIFTY02JAN2420300PE.NFO,02/01/2024,12:15:49,0.3,0.25,22200,0.3,115200,80,243240
FINNIFTY02JAN2420300PE.NFO,02/01/2024,12:15:59,0.3,0.25,22200,0.3,92040,1560,243240
FINNIFTY02JAN2420300PE.NFO,02/01/2024,12:16:09,0.3,0.25,22200,0.3,92520,160,243240
FINNIFTY02JAN2420300PE.NFO,02/01/2024,12:16:19,0.3,0.25,22200,0.3,91760,240,243240
FINNIFTY02JAN2420300PE.NFO,02/01/2024,12:16:29,0.3,0.25,21800,0.3,91920,640,243240
FINNIFTY02JAN2420300PE.NFO,02/01/2024,12:17:00,0.3,0.25,21800,0.3,92000,40,243240
FINNIFTY02JAN2420300PE.NFO,02/01/2024,12:17:10,0.3,0.25,23080,0.3,87840,3240,243240
FINNIFTY02JAN2420300PE.NFO,02/01/2024,12:17:22,0.25,0.25,23800,0.3,97920,2000,243240
FINNIFTY02JAN2420300PE.NFO,02/01/2024,12:17:32,0.3,0.25,22760,0.3,97160,1400,243240
FINNIFTY02JAN2420300PE.NFO,02/01/2024,12:17:41,0.25,0.25,22720,0.3,97080,440,243240
FINNIFTY02JAN2420300PE.NFO,02/01/2024,12:17:51,0.3,0.25,22720,0.3,96600,480,243240
FINNIFTY02JAN2420300PE.NFO,02/01/2024,12:18:00,0.3,0.25,22720,0.3,95720,560,239160
FINNIFTY02JAN2420300PE.NFO,02/01/2024,12:18:09,0.3,0.25,22720,0.3,95280,440,239160
FINNIFTY02JAN2420300PE.NFO,02/01/2024,12:18:19,0.3,0.25,22720,0.3,96840,240,239160
FINNIFTY02JAN2420300PE.NFO,02/01/2024,12:18:28,0.3,0.25,22720,0.3,96720,120,239160
FINNIFTY02JAN2420300PE.NFO,02/01/2024,12:18:37,0.3,0.25,22720,0.3,96920,120,239160
FINNIFTY02JAN2420300PE.NFO,02/01/2024,12:18:47,0.3,0.25,22720,0.3,96880,40,239160
FINNIFTY02JAN2420300PE.NFO,02/01/2024,12:19:47,0.3,0.25,22720,0.3,96880,0,239160
FINNIFTY02JAN2420300PE.NFO,02/01/2024,12:20:24,0.25,0.25,22560,0.3,96880,160,239160
FINNIFTY02JAN2420300PE.NFO,02/01/2024,12:20:34,0.25,0.25,21360,0.3,96880,1800,239160
FINNIFTY02JAN2420300PE.NFO,02/01/2024,12:20:43,0.25,0.25,20000,0.3,96880,2560,239160
FINNIFTY02JAN2420300PE.NFO,02/01/2024,12:20:52,0.25,0.25,19720,0.3,96560,280,239160
FINNIFTY02JAN2420300PE.NFO,02/01/2024,12:21:02,0.25,0.25,19480,0.3,96560,240,243360
FINNIFTY02JAN2420300PE.NFO,02/01/2024,12:21:11,0.25,0.25,19320,0.3,95640,1080,243360
FINNIFTY02JAN2420300PE.NFO,02/01/2024,12:21:21,0.25,0.25,18960,0.3,95040,560,243360
FINNIFTY02JAN2420300PE.NFO,02/01/2024,12:21:31,0.25,0.25,18640,0.3,95440,320,243360
FINNIFTY02JAN2420300PE.NFO,02/01/2024,12:21:41,0.25,0.25,18440,0.3,95160,480,243360
FINNIFTY02JAN2420300PE.NFO,02/01/2024,12:22:00,0.25,0.25,12560,0.3,95160,320,243360
FINNIFTY02JAN2420300PE.NFO,02/01/2024,12:22:28,0.3,0.25,19480,0.3,94920,240,243360
FINNIFTY02JAN2420300PE.NFO,02/01/2024,12:23:03,0.3,0.25,19480,0.3,94880,40,243360
FINNIFTY02JAN2420300PE.NFO,02/01/2024,12:23:12,0.25,0.25,18320,0.3,94080,1320,243360
FINNIFTY02JAN2420300PE.NFO,02/01/2024,12:23:22,0.3,0.25,18320,0.3,95680,200,243360
FINNIFTY02JAN2420300PE.NFO,02/01/2024,12:23:40,0.25,0.25,4400,0.3,95680,1600,243360
FINNIFTY02JAN2420300PE.NFO,02/01/2024,12:23:48,0.25,0.25,4120,0.3,95680,280,243360
FINNIFTY02JAN2420300PE.NFO,02/01/2024,12:23:57,0.25,0.25,1920,0.3,95680,2200,246440
FINNIFTY02JAN2420300PE.NFO,02/01/2024,12:24:07,0.25,0.25,15960,0.3,95680,400,246440
FINNIFTY02JAN2420300PE.NFO,02/01/2024,12:24:16,0.25,0.25,680,0.3,95680,1000,246440
FINNIFTY02JAN2420300PE.NFO,02/01/2024,12:24:34,0.25,0.25,14720,0.3,95680,240,246440
FINNIFTY02JAN2420300PE.NFO,02/01/2024,12:24:44,0.2,0.2,100760,0.25,61880,6800,246440
FINNIFTY02JAN2420300PE.NFO,02/01/2024,12:24:53,0.2,0.2,99840,0.25,64040,720,246440
FINNIFTY02JAN2420300PE.NFO,02/01/2024,12:25:02,0.2,0.2,97960,0.25,64040,80,246440
FINNIFTY02JAN2420300PE.NFO,02/01/2024,12:25:11,0.2,0.2,97880,0.25,65840,80,246440
FINNIFTY02JAN2420300PE.NFO,02/01/2024,12:25:30,0.2,0.2,107520,0.25,65840,0,246440
FINNIFTY02JAN2420300PE.NFO,02/01/2024,12:25:38,0.25,0.2,109200,0.25,65520,440,246440
FINNIFTY02JAN2420300PE.NFO,02/01/2024,12:25:47,0.2,0.2,107280,0.25,65520,120,246440
FINNIFTY02JAN2420300PE.NFO,02/01/2024,12:25:56,0.25,0.2,107280,0.25,67280,40,246440
FINNIFTY02JAN2420300PE.NFO,02/01/2024,12:26:31,0.2,0.2,107200,0.25,67240,80,246440
FINNIFTY02JAN2420300PE.NFO,02/01/2024,12:26:40,0.2,0.2,107160,0.25,67240,40,246440
FINNIFTY02JAN2420300PE.NFO,02/01/2024,12:26:48,0.25,0.2,107160,0.25,67200,40,246440
FINNIFTY02JAN2420300PE.NFO,02/01/2024,12:26:57,0.2,0.2,107040,0.25,67200,120,245640
FINNIFTY02JAN2420300PE.NFO,02/01/2024,12:27:24,0.2,0.2,107040,0.25,69000,0,245640
FINNIFTY02JAN2420300PE.NFO,02/01/2024,12:27:59,0.2,0.2,105240,0.25,69120,0,245640
FINNIFTY02JAN2420300PE.NFO,02/01/2024,12:28:17,0.25,0.2,107040,0.25,68720,400,245640
FINNIFTY02JAN2420300PE.NFO,02/01/2024,12:28:26,0.25,0.2,108800,0.25,70960,7040,245640
FINNIFTY02JAN2420300PE.NFO,02/01/2024,12:28:35,0.25,0.2,99800,0.25,72360,80,245640
FINNIFTY02JAN2420300PE.NFO,02/01/2024,12:28:44,0.25,0.2,94400,0.25,72360,0,245640
FINNIFTY02JAN2420300PE.NFO,02/01/2024,12:29:21,0.2,0.2,76320,0.25,72360,80,245640
FINNIFTY02JAN2420300PE.NFO,02/01/2024,12:29:29,0.2,0.2,63720,0.25,72360,0,245640
FINNIFTY02JAN2420300PE.NFO,02/01/2024,12:29:38,0.2,0.2,65520,0.25,72360,0,245640
FINNIFTY02JAN2420300PE.NFO,02/01/2024,12:29:46,0.2,0.2,63720,0.25,72360,0,245640
FINNIFTY02JAN2420300PE.NFO,02/01/2024,12:30:03,0.2,0.2,65920,0.25,72360,80,238680
FINNIFTY02JAN2420300PE.NFO,02/01/2024,12:30:13,0.2,0.2,66160,0.25,72360,0,238680
FINNIFTY02JAN2420300PE.NFO,02/01/2024,12:30:21,0.2,0.2,66040,0.25,70560,0,238680
FINNIFTY02JAN2420300PE.NFO,02/01/2024,12:30:31,0.2,0.2,65960,0.25,70560,0,238680
FINNIFTY02JAN2420300PE.NFO,02/01/2024,12:30:39,0.2,0.2,64360,0.25,70560,0,238680
FINNIFTY02JAN2420300PE.NFO,02/01/2024,12:30:57,0.2,0.2,64360,0.25,70520,80,238680
FINNIFTY02JAN2420300PE.NFO,02/01/2024,12:31:06,0.2,0.2,64200,0.25,70520,0,238680
FINNIFTY02JAN2420300PE.NFO,02/01/2024,12:31:15,0.2,0.2,66080,0.25,70520,0,238680
FINNIFTY02JAN2420300PE.NFO,02/01/2024,12:31:24,0.2,0.2,64240,0.25,70920,80,238680
FINNIFTY02JAN2420300PE.NFO,02/01/2024,12:31:33,0.25,0.2,62480,0.25,70880,40,238680
FINNIFTY02JAN2420300PE.NFO,02/01/2024,12:31:43,0.25,0.2,65920,0.25,70760,200,238680
FINNIFTY02JAN2420300PE.NFO,02/01/2024,12:32:08,0.25,0.2,65320,0.25,70000,760,238680
FINNIFTY02JAN2420300PE.NFO,02/01/2024,12:32:17,0.25,0.2,65320,0.25,69840,160,238680
FINNIFTY02JAN2420300PE.NFO,02/01/2024,12:32:42,0.2,0.2,63440,0.25,69840,80,238680
FINNIFTY02JAN2420300PE.NFO,02/01/2024,12:32:50,0.25,0.2,63440,0.25,69800,40,238680
FINNIFTY02JAN2420300PE.NFO,02/01/2024,12:32:58,0.25,0.2,65240,0.25,69920,200,238680
FINNIFTY02JAN2420300PE.NFO,02/01/2024,12:33:06,0.25,0.2,63440,0.25,69440,160,239040
FINNIFTY02JAN2420300PE.NFO,02/01/2024,12:33:14,0.25,0.2,63440,0.25,69280,160,239040
FINNIFTY02JAN2420300PE.NFO,02/01/2024,12:33:31,0.25,0.2,65240,0.25,69120,160,239040
FINNIFTY02JAN2420300PE.NFO,02/01/2024,12:33:40,0.25,0.2,65240,0.25,69080,40,239040
FINNIFTY02JAN2420300PE.NFO,02/01/2024,12:34:31,0.2,0.2,67000,0.25,69080,40,239040
FINNIFTY02JAN2420300PE.NFO,02/01/2024,12:34:40,0.2,0.2,66720,0.25,69040,320,239040
FINNIFTY02JAN2420300PE.NFO,02/01/2024,12:34:49,0.25,0.2,64360,0.25,66480,920,239040
FINNIFTY02JAN2420300PE.NFO,02/01/2024,12:34:58,0.25,0.2,66160,0.25,66440,40,239040
FINNIFTY02JAN2420300PE.NFO,02/01/2024,12:35:08,0.2,0.2,65920,0.25,68240,240,239040
FINNIFTY02JAN2420300PE.NFO,02/01/2024,12:35:18,0.2,0.2,65840,0.25,70040,80,239040
FINNIFTY02JAN2420300PE.NFO,02/01/2024,12:35:56,0.25,0.2,65840,0.25,70000,40,239040
FINNIFTY02JAN2420300PE.NFO,02/01/2024,12:36:34,0.25,0.2,65840,0.25,71600,200,238880
FINNIFTY02JAN2420300PE.NFO,02/01/2024,12:36:53,0.25,0.2,64040,0.25,71560,40,238880
FINNIFTY02JAN2420300PE.NFO,02/01/2024,12:37:54,0.25,0.2,64040,0.25,71560,0,238880
FINNIFTY02JAN2420300PE.NFO,02/01/2024,12:38:02,0.25,0.2,64040,0.25,71320,240,238880
FINNIFTY02JAN2420300PE.NFO,02/01/2024,12:38:11,0.25,0.2,64040,0.25,71000,320,238880
FINNIFTY02JAN2420300PE.NFO,02/01/2024,12:38:21,0.25,0.2,64040,0.25,70720,280,238880
FINNIFTY02JAN2420300PE.NFO,02/01/2024,12:38:30,0.25,0.2,65840,0.25,70640,80,238880
FINNIFTY02JAN2420300PE.NFO,02/01/2024,12:38:39,0.25,0.2,65840,0.25,68760,80,238880
FINNIFTY02JAN2420300PE.NFO,02/01/2024,12:38:48,0.25,0.2,64400,0.25,68760,0,238880
FINNIFTY02JAN2420300PE.NFO,02/01/2024,12:38:56,0.25,0.2,64400,0.25,68720,40,238880
FINNIFTY02JAN2420300PE.NFO,02/01/2024,12:39:56,0.25,0.2,62600,0.25,66920,0,238880
FINNIFTY02JAN2420300PE.NFO,02/01/2024,12:40:22,0.2,0.2,64280,0.25,66960,120,238040
FINNIFTY02JAN2420300PE.NFO,02/01/2024,12:40:32,0.2,0.2,62360,0.25,66960,120,238040
FINNIFTY02JAN2420300PE.NFO,02/01/2024,12:40:41,0.2,0.2,62200,0.25,66880,240,238040
FINNIFTY02JAN2420300PE.NFO,02/01/2024,12:41:41,0.25,0.2,64000,0.25,66800,80,238040
FINNIFTY02JAN2420300PE.NFO,02/01/2024,12:42:53,0.25,0.2,62200,0.25,66720,80,238040
FINNIFTY02JAN2420300PE.NFO,02/01/2024,12:43:10,0.25,0.2,62200,0.25,66520,200,238040
FINNIFTY02JAN2420300PE.NFO,02/01/2024,12:43:19,0.25,0.2,62200,0.25,66320,200,238040
FINNIFTY02JAN2420300PE.NFO,02/01/2024,12:43:28,0.25,0.2,62200,0.25,66240,80,238040
FINNIFTY02JAN2420300PE.NFO,02/01/2024,12:44:03,0.25,0.2,62200,0.25,66240,0,238040
FINNIFTY02JAN2420300PE.NFO,02/01/2024,12:45:21,0.25,0.2,64000,0.25,66200,40,238040
FINNIFTY02JAN2420300PE.NFO,02/01/2024,12:45:38,0.2,0.2,63960,0.25,66200,40,238040
FINNIFTY02JAN2420300PE.NFO,02/01/2024,12:45:56,0.25,0.2,63880,0.25,66160,120,238040
FINNIFTY02JAN2420300PE.NFO,02/01/2024,12:46:04,0.2,0.2,63840,0.25,66160,40,238040
FINNIFTY02JAN2420300PE.NFO,02/01/2024,12:46:39,0.25,0.2,63840,0.25,65360,2600,238040
FINNIFTY02JAN2420300PE.NFO,02/01/2024,12:46:47,0.25,0.2,63680,0.25,67120,200,238040
FINNIFTY02JAN2420300PE.NFO,02/01/2024,12:48:00,0.25,0.2,63680,0.25,67040,80,235440
FINNIFTY02JAN2420300PE.NFO,02/01/2024,12:48:18,0.25,0.2,63680,0.25,66920,120,235440
FINNIFTY02JAN2420300PE.NFO,02/01/2024,12:48:26,0.25,0.2,63680,0.25,65640,1880,235440
FINNIFTY02JAN2420300PE.NFO,02/01/2024,12:48:35,0.25,0.2,63680,0.25,65600,40,235440
FINNIFTY02JAN2420300PE.NFO,02/01/2024,12:48:54,0.25,0.2,52880,0.25,66120,80,235440
FINNIFTY02JAN2420300PE.NFO,02/01/2024,12:49:02,0.25,0.2,47480,0.25,66120,0,235440
FINNIFTY02JAN2420300PE.NFO,02/01/2024,12:49:29,0.25,0.2,47480,0.25,65720,400,235440
FINNIFTY02JAN2420300PE.NFO,02/01/2024,12:50:03,0.25,0.2,47480,0.25,65920,440,235440
FINNIFTY02JAN2420300PE.NFO,02/01/2024,12:50:11,0.25,0.2,47480,0.25,58320,800,235440
FINNIFTY02JAN2420300PE.NFO,02/01/2024,12:50:21,0.2,0.2,47400,0.25,56600,80,235440
FINNIFTY02JAN2420300PE.NFO,02/01/2024,12:50:30,0.2,0.2,46920,0.25,56400,2000,235440
FINNIFTY02JAN2420300PE.NFO,02/01/2024,12:50:39,0.2,0.2,48520,0.25,56400,200,235440
FINNIFTY02JAN2420300PE.NFO,02/01/2024,12:50:48,0.25,0.2,48920,0.25,56360,40,235440
FINNIFTY02JAN2420300PE.NFO,02/01/2024,12:50:57,0.2,0.2,48880,0.25,56360,40,235440
FINNIFTY02JAN2420300PE.NFO,02/01/2024,12:51:05,0.2,0.2,48680,0.25,55680,200,231440
FINNIFTY02JAN2420300PE.NFO,02/01/2024,12:51:15,0.2,0.2,47960,0.25,53880,720,231440
FINNIFTY02JAN2420300PE.NFO,02/01/2024,12:51:24,0.2,0.2,47960,0.25,54280,0,231440
FINNIFTY02JAN2420300PE.NFO,02/01/2024,12:51:34,0.25,0.2,46160,0.25,56000,40,231440
FINNIFTY02JAN2420300PE.NFO,02/01/2024,12:51:43,0.25,0.2,46160,0.25,57760,40,231440
FINNIFTY02JAN2420300PE.NFO,02/01/2024,12:52:18,0.25,0.2,46160,0.25,57760,0,231440
FINNIFTY02JAN2420300PE.NFO,02/01/2024,12:52:35,0.25,0.2,47960,0.25,55600,0,231440
FINNIFTY02JAN2420300PE.NFO,02/01/2024,12:52:53,0.25,0.2,47960,0.25,59200,0,231440
FINNIFTY02JAN2420300PE.NFO,02/01/2024,12:53:01,0.25,0.2,49000,0.25,59680,1320,231440
FINNIFTY02JAN2420300PE.NFO,02/01/2024,12:53:10,0.25,0.2,49000,0.25,59600,80,231440
FINNIFTY02JAN2420300PE.NFO,02/01/2024,12:53:18,0.25,0.2,49880,0.25,59880,1520,231440
FINNIFTY02JAN2420300PE.NFO,02/01/2024,12:53:27,0.25,0.2,49880,0.25,59840,40,231440
FINNIFTY02JAN2420300PE.NFO,02/01/2024,12:53:53,0.25,0.2,48080,0.25,58040,1800,231440
FINNIFTY02JAN2420300PE.NFO,02/01/2024,12:54:01,0.25,0.2,49320,0.25,60120,1120,228360
FINNIFTY02JAN2420300PE.NFO,02/01/2024,12:54:10,0.25,0.2,49320,0.25,60080,40,228360
FINNIFTY02JAN2420300PE.NFO,02/01/2024,12:55:09,0.25,0.2,47520,0.25,67280,1800,228360
FINNIFTY02JAN2420300PE.NFO,02/01/2024,12:55:18,0.25,0.2,47520,0.25,67280,0,228360
FINNIFTY02JAN2420300PE.NFO,02/01/2024,12:55:27,0.25,0.2,49320,0.25,64680,800,228360
FINNIFTY02JAN2420300PE.NFO,02/01/2024,12:55:36,0.2,0.2,49240,0.25,64640,120,228360
FINNIFTY02JAN2420300PE.NFO,02/01/2024,12:55:45,0.2,0.2,49120,0.25,64640,120,228360
FINNIFTY02JAN2420300PE.NFO,02/01/2024,12:55:53,0.25,0.2,49040,0.25,64600,120,228360
FINNIFTY02JAN2420300PE.NFO,02/01/2024,12:56:01,0.2,0.2,48960,0.25,64600,80,228360
FINNIFTY02JAN2420300PE.NFO,02/01/2024,12:56:10,0.2,0.2,48920,0.25,65000,40,228360
FINNIFTY02JAN2420300PE.NFO,02/01/2024,12:56:19,0.2,0.2,46160,0.25,66800,0,228360
FINNIFTY02JAN2420300PE.NFO,02/01/2024,12:56:28,0.2,0.2,47760,0.25,65000,200,228360
FINNIFTY02JAN2420300PE.NFO,02/01/2024,12:56:53,0.25,0.2,47760,0.25,64960,40,228360
FINNIFTY02JAN2420300PE.NFO,02/01/2024,12:57:45,0.25,0.2,47760,0.25,64960,0,228360
FINNIFTY02JAN2420300PE.NFO,02/01/2024,12:57:53,0.2,0.2,46880,0.25,64960,880,225760
FINNIFTY02JAN2420300PE.NFO,02/01/2024,12:58:02,0.2,0.2,46800,0.25,64880,160,225760
FINNIFTY02JAN2420300PE.NFO,02/01/2024,12:58:11,0.25,0.2,46800,0.25,64800,80,225760
FINNIFTY02JAN2420300PE.NFO,02/01/2024,12:58:20,0.25,0.2,46800,0.25,64640,160,225760
FINNIFTY02JAN2420300PE.NFO,02/01/2024,12:58:39,0.25,0.2,46800,0.25,64600,40,225760
FINNIFTY02JAN2420300PE.NFO,02/01/2024,12:58:48,0.2,0.2,46720,0.25,64600,80,225760
FINNIFTY02JAN2420300PE.NFO,02/01/2024,12:58:57,0.25,0.2,46720,0.25,64560,40,225760
FINNIFTY02JAN2420300PE.NFO,02/01/2024,12:59:06,0.2,0.2,46680,0.25,64560,40,225760
FINNIFTY02JAN2420300PE.NFO,02/01/2024,12:59:41,0.2,0.2,44880,0.25,64560,0,225760
FINNIFTY02JAN2420300PE.NFO,02/01/2024,13:00:16,0.2,0.2,43040,0.25,66360,40,225840
FINNIFTY02JAN2420300PE.NFO,02/01/2024,13:00:24,0.2,0.2,43000,0.25,66360,40,225840
FINNIFTY02JAN2420300PE.NFO,02/01/2024,13:00:33,0.2,0.2,42880,0.25,66360,120,225840
FINNIFTY02JAN2420300PE.NFO,02/01/2024,13:00:41,0.2,0.2,42720,0.25,66360,160,225840
FINNIFTY02JAN2420300PE.NFO,02/01/2024,13:00:49,0.2,0.2,42640,0.25,66320,120,225840
FINNIFTY02JAN2420300PE.NFO,02/01/2024,13:00:58,0.2,0.2,43560,0.25,66320,0,225840
FINNIFTY02JAN2420300PE.NFO,02/01/2024,13:01:51,0.2,0.2,44400,0.25,65920,9480,225840
FINNIFTY02JAN2420300PE.NFO,02/01/2024,13:02:00,0.2,0.2,49960,0.25,69880,1880,225840
FINNIFTY02JAN2420300PE.NFO,02/01/2024,13:02:09,0.2,0.2,49120,0.25,71680,0,225840
FINNIFTY02JAN2420300PE.NFO,02/01/2024,13:02:18,0.2,0.2,48840,0.25,71680,0,225840
FINNIFTY02JAN2420300PE.NFO,02/01/2024,13:02:27,0.2,0.2,46640,0.25,69880,1760,225840
FINNIFTY02JAN2420300PE.NFO,02/01/2024,13:02:37,0.25,0.2,43880,0.25,69560,320,225840
FINNIFTY02JAN2420300PE.NFO,02/01/2024,13:02:47,0.25,0.2,42040,0.25,68440,2520,225840
FINNIFTY02JAN2420300PE.NFO,02/01/2024,13:02:57,0.2,0.2,41600,0.25,70240,7640,225840
FINNIFTY02JAN2420300PE.NFO,02/01/2024,13:03:06,0.2,0.2,40920,0.25,63040,960,226400
FINNIFTY02JAN2420300PE.NFO,02/01/2024,13:03:15,0.25,0.2,41040,0.25,62960,80,226400
FINNIFTY02JAN2420300PE.NFO,02/01/2024,13:03:24,0.25,0.2,40800,0.25,62320,680,226400
FINNIFTY02JAN2420300PE.NFO,02/01/2024,13:03:33,0.2,0.2,40720,0.25,64040,160,226400
FINNIFTY02JAN2420300PE.NFO,02/01/2024,13:03:43,0.2,0.2,40560,0.25,55440,160,226400
FINNIFTY02JAN2420300PE.NFO,02/01/2024,13:03:53,0.2,0.2,39840,0.25,62640,720,226400
FINNIFTY02JAN2420300PE.NFO,02/01/2024,13:04:04,0.2,0.2,38200,0.25,55440,360,226400
FINNIFTY02JAN2420300PE.NFO,02/01/2024,13:04:15,0.2,0.2,40800,0.25,62640,1880,226400
FINNIFTY02JAN2420300PE.NFO,02/01/2024,13:04:25,0.2,0.2,37600,0.25,62640,1360,226400
FINNIFTY02JAN2420300PE.NFO,02/01/2024,13:04:35,0.2,0.2,38760,0.25,62960,880,226400
FINNIFTY02JAN2420300PE.NFO,02/01/2024,13:04:45,0.2,0.2,37640,0.25,62960,1120,226400
FINNIFTY02JAN2420300PE.NFO,02/01/2024,13:04:55,0.25,0.2,36680,0.25,62120,1720,226400
FINNIFTY02JAN2420300PE.NFO,02/01/2024,13:05:04,0.25,0.2,32080,0.25,62680,5200,226400
FINNIFTY02JAN2420300PE.NFO,02/01/2024,13:05:14,0.2,0.2,35520,0.25,57960,7040,226400
FINNIFTY02JAN2420300PE.NFO,02/01/2024,13:05:23,0.2,0.2,35320,0.25,57360,800,226400
FINNIFTY02JAN2420300PE.NFO,02/01/2024,13:05:32,0.25,0.2,35280,0.25,53200,320,226400
FINNIFTY02JAN2420300PE.NFO,02/01/2024,13:05:40,0.2,0.2,35040,0.25,59520,480,226400
FINNIFTY02JAN2420300PE.NFO,02/01/2024,13:05:49,0.2,0.2,34960,0.25,59840,80,226400
FINNIFTY02JAN2420300PE.NFO,02/01/2024,13:05:58,0.2,0.2,34840,0.25,59840,120,226400
FINNIFTY02JAN2420300PE.NFO,02/01/2024,13:06:07,0.2,0.2,31280,0.25,59520,80,222920
FINNIFTY02JAN2420300PE.NFO,02/01/2024,13:06:16,0.2,0.2,34280,0.25,59520,440,222920
FINNIFTY02JAN2420300PE.NFO,02/01/2024,13:06:25,0.2,0.2,34240,0.25,59520,40,222920
FINNIFTY02JAN2420300PE.NFO,02/01/2024,13:06:34,0.2,0.2,32320,0.25,57720,1920,222920
FINNIFTY02JAN2420300PE.NFO,02/01/2024,13:06:42,0.2,0.2,30560,0.25,55920,1800,222920
FINNIFTY02JAN2420300PE.NFO,02/01/2024,13:06:51,0.2,0.2,30440,0.25,55920,0,222920
FINNIFTY02JAN2420300PE.NFO,02/01/2024,13:07:00,0.25,0.2,30960,0.25,55680,3200,222920
FINNIFTY02JAN2420300PE.NFO,02/01/2024,13:07:09,0.25,0.2,30200,0.25,53360,4360,222920
FINNIFTY02JAN2420300PE.NFO,02/01/2024,13:07:18,0.25,0.2,25800,0.25,52760,280,222920
FINNIFTY02JAN2420300PE.NFO,02/01/2024,13:07:27,0.25,0.2,25560,0.25,52560,200,222920
FINNIFTY02JAN2420300PE.NFO,02/01/2024,13:07:35,0.25,0.2,25560,0.25,52440,5760,222920
FINNIFTY02JAN2420300PE.NFO,02/01/2024,13:07:44,0.25,0.2,25560,0.25,52440,0,222920
FINNIFTY02JAN2420300PE.NFO,02/01/2024,13:07:53,0.25,0.2,25560,0.25,52360,80,222920
FINNIFTY02JAN2420300PE.NFO,02/01/2024,13:08:02,0.25,0.2,25560,0.25,53560,640,222920
FINNIFTY02JAN2420300PE.NFO,02/01/2024,13:08:13,0.2,0.2,24960,0.25,55760,2000,222920
FINNIFTY02JAN2420300PE.NFO,02/01/2024,13:08:22,0.25,0.2,22960,0.25,57080,440,222920
FINNIFTY02JAN2420300PE.NFO,02/01/2024,13:08:31,0.2,0.2,24040,0.25,55640,920,222920
FINNIFTY02JAN2420300PE.NFO,02/01/2024,13:08:40,0.2,0.2,22080,0.25,55080,1560,222920
FINNIFTY02JAN2420300PE.NFO,02/01/2024,13:08:50,0.2,0.2,22080,0.25,55000,0,222920
FINNIFTY02JAN2420300PE.NFO,02/01/2024,13:08:59,0.2,0.2,20200,0.25,56480,80,222920
FINNIFTY02JAN2420300PE.NFO,02/01/2024,13:09:08,0.2,0.2,20080,0.25,56480,120,225320
FINNIFTY02JAN2420300PE.NFO,02/01/2024,13:09:17,0.25,0.2,21880,0.25,55240,1240,225320
FINNIFTY02JAN2420300PE.NFO,02/01/2024,13:09:34,0.25,0.2,21880,0.25,57000,40,225320
FINNIFTY02JAN2420300PE.NFO,02/01/2024,13:09:52,0.25,0.2,21880,0.25,57000,0,225320
FINNIFTY02JAN2420300PE.NFO,02/01/2024,13:10:01,0.25,0.2,21880,0.25,55920,0,225320
FINNIFTY02JAN2420300PE.NFO,02/01/2024,13:10:19,0.2,0.2,21480,0.25,55520,400,225320
FINNIFTY02JAN2420300PE.NFO,02/01/2024,13:10:28,0.2,0.2,21440,0.25,55520,40,225320
FINNIFTY02JAN2420300PE.NFO,02/01/2024,13:10:37,0.2,0.2,21400,0.25,55520,40,225320
FINNIFTY02JAN2420300PE.NFO,02/01/2024,13:11:03,0.2,0.2,21200,0.25,55200,200,225320
FINNIFTY02JAN2420300PE.NFO,02/01/2024,13:11:21,0.2,0.2,21160,0.25,55200,40,225320
FINNIFTY02JAN2420300PE.NFO,02/01/2024,13:11:30,0.25,0.2,21160,0.25,47880,520,225320
FINNIFTY02JAN2420300PE.NFO,02/01/2024,13:11:39,0.25,0.2,21160,0.25,47200,680,225320
FINNIFTY02JAN2420300PE.NFO,02/01/2024,13:11:48,0.2,0.2,21080,0.25,47000,280,225320
FINNIFTY02JAN2420300PE.NFO,02/01/2024,13:12:05,0.25,0.2,21240,0.25,47200,400,222680
FINNIFTY02JAN2420300PE.NFO,02/01/2024,13:12:14,0.25,0.2,21280,0.25,48200,0,222680
FINNIFTY02JAN2420300PE.NFO,02/01/2024,13:12:23,0.25,0.2,21160,0.25,47880,320,222680
FINNIFTY02JAN2420300PE.NFO,02/01/2024,13:12:31,0.25,0.2,21160,0.25,49560,120,222680
FINNIFTY02JAN2420300PE.NFO,02/01/2024,13:12:57,0.25,0.2,21160,0.25,49440,120,222680
FINNIFTY02JAN2420300PE.NFO,02/01/2024,13:13:06,0.2,0.2,19200,0.25,52560,80,222680
FINNIFTY02JAN2420300PE.NFO,02/01/2024,13:13:14,0.2,0.2,21840,0.25,52760,760,222680
FINNIFTY02JAN2420300PE.NFO,02/01/2024,13:13:23,0.25,0.2,19760,0.25,59720,480,222680
FINNIFTY02JAN2420300PE.NFO,02/01/2024,13:13:32,0.2,0.2,19720,0.25,59760,40,222680
FINNIFTY02JAN2420300PE.NFO,02/01/2024,13:13:41,0.2,0.2,21440,0.25,59680,80,222680
FINNIFTY02JAN2420300PE.NFO,02/01/2024,13:14:06,0.25,0.2,21560,0.25,59040,640,222680
FINNIFTY02JAN2420300PE.NFO,02/01/2024,13:14:15,0.25,0.2,19680,0.25,59040,0,222680
FINNIFTY02JAN2420300PE.NFO,02/01/2024,13:14:24,0.25,0.2,19640,0.25,58960,80,222680
FINNIFTY02JAN2420300PE.NFO,02/01/2024,13:14:32,0.2,0.2,19520,0.25,58960,120,222680
FINNIFTY02JAN2420300PE.NFO,02/01/2024,13:14:40,0.2,0.2,21440,0.25,58960,0,222680
FINNIFTY02JAN2420300PE.NFO,02/01/2024,13:14:49,0.2,0.2,21360,0.25,58960,0,222680
FINNIFTY02JAN2420300PE.NFO,02/01/2024,13:14:57,0.2,0.2,21320,0.25,58960,0,222680
FINNIFTY02JAN2420300PE.NFO,02/01/2024,13:15:06,0.25,0.2,21400,0.25,58080,1040,222680
FINNIFTY02JAN2420300PE.NFO,02/01/2024,13:15:15,0.25,0.2,21280,0.25,59320,40,222680
FINNIFTY02JAN2420300PE.NFO,02/01/2024,13:15:24,0.2,0.2,21240,0.25,59560,200,222680
FINNIFTY02JAN2420300PE.NFO,02/01/2024,13:15:33,0.2,0.2,21080,0.25,59240,160,222680
FINNIFTY02JAN2420300PE.NFO,02/01/2024,13:15:41,0.2,0.2,19160,0.25,59240,120,222680
FINNIFTY02JAN2420300PE.NFO,02/01/2024,13:15:50,0.2,0.2,19080,0.25,59240,80,222680
FINNIFTY02JAN2420300PE.NFO,02/01/2024,13:16:07,0.25,0.2,18840,0.25,58800,600,222680
FINNIFTY02JAN2420300PE.NFO,02/01/2024,13:16:16,0.25,0.2,18800,0.25,58920,80,222680
FINNIFTY02JAN2420300PE.NFO,02/01/2024,13:16:25,0.25,0.2,20600,0.25,58960,0,222680
FINNIFTY02JAN2420300PE.NFO,02/01/2024,13:16:42,0.25,0.2,20600,0.25,59000,0,222680
FINNIFTY02JAN2420300PE.NFO,02/01/2024,13:16:51,0.25,0.2,20600,0.25,58960,40,222680
FINNIFTY02JAN2420300PE.NFO,02/01/2024,13:17:08,0.25,0.2,20720,0.25,55360,1920,222680
FINNIFTY02JAN2420300PE.NFO,02/01/2024,13:17:16,0.2,0.2,20680,0.25,55280,120,222680
FINNIFTY02JAN2420300PE.NFO,02/01/2024,13:17:58,0.2,0.2,20280,0.25,55280,400,222680
FINNIFTY02JAN2420300PE.NFO,02/01/2024,13:18:06,0.2,0.2,21200,0.25,55280,280,223120
FINNIFTY02JAN2420300PE.NFO,02/01/2024,13:18:14,0.2,0.2,18720,0.25,55280,680,223120
FINNIFTY02JAN2420300PE.NFO,02/01/2024,13:18:23,0.25,0.2,18320,0.25,55200,480,223120
FINNIFTY02JAN2420300PE.NFO,02/01/2024,13:18:40,0.25,0.2,20120,0.25,55160,40,223120
FINNIFTY02JAN2420300PE.NFO,02/01/2024,13:18:49,0.25,0.2,20120,0.25,55040,120,223120
FINNIFTY02JAN2420300PE.NFO,02/01/2024,13:19:06,0.2,0.2,18360,0.25,56120,2920,223120
FINNIFTY02JAN2420300PE.NFO,02/01/2024,13:19:15,0.2,0.2,18000,0.25,59120,360,223120
FINNIFTY02JAN2420300PE.NFO,02/01/2024,13:19:23,0.2,0.2,19480,0.25,57160,320,223120
FINNIFTY02JAN2420300PE.NFO,02/01/2024,13:19:32,0.2,0.2,19480,0.25,57120,0,223120
FINNIFTY02JAN2420300PE.NFO,02/01/2024,13:19:49,0.2,0.2,19240,0.25,57120,240,223120
FINNIFTY02JAN2420300PE.NFO,02/01/2024,13:20:06,0.2,0.2,19240,0.25,58120,160,223120
FINNIFTY02JAN2420300PE.NFO,02/01/2024,13:20:14,0.2,0.2,18680,0.25,57240,680,223120
FINNIFTY02JAN2420300PE.NFO,02/01/2024,13:20:22,0.2,0.2,18600,0.25,57240,40,223120
FINNIFTY02JAN2420300PE.NFO,02/01/2024,13:20:30,0.2,0.2,18400,0.25,59040,200,223120
FINNIFTY02JAN2420300PE.NFO,02/01/2024,13:20:38,0.2,0.2,18360,0.25,57240,80,223120
FINNIFTY02JAN2420300PE.NFO,02/01/2024,13:20:47,0.2,0.2,18360,0.25,57240,0,223120
FINNIFTY02JAN2420300PE.NFO,02/01/2024,13:20:56,0.2,0.2,18080,0.25,54480,1760,223120
FINNIFTY02JAN2420300PE.NFO,02/01/2024,13:21:05,0.25,0.2,18560,0.25,54000,4080,223200
FINNIFTY02JAN2420300PE.NFO,02/01/2024,13:21:14,0.25,0.2,18680,0.25,47840,760,223200
FINNIFTY02JAN2420300PE.NFO,02/01/2024,13:21:22,0.25,0.2,18240,0.25,51040,400,223200
FINNIFTY02JAN2420300PE.NFO,02/01/2024,13:21:30,0.25,0.2,20000,0.25,47400,40,223200
FINNIFTY02JAN2420300PE.NFO,02/01/2024,13:21:39,0.25,0.2,18240,0.25,49160,40,223200
FINNIFTY02JAN2420300PE.NFO,02/01/2024,13:21:47,0.25,0.2,18240,0.25,51960,0,223200
FINNIFTY02JAN2420300PE.NFO,02/01/2024,13:22:04,0.25,0.2,18120,0.25,46680,6000,223200
FINNIFTY02JAN2420300PE.NFO,02/01/2024,13:22:13,0.2,0.2,18480,0.25,46440,2280,223200
FINNIFTY02JAN2420300PE.NFO,02/01/2024,13:22:21,0.25,0.2,18480,0.25,46320,120,223200
FINNIFTY02JAN2420300PE.NFO,02/01/2024,13:22:47,0.25,0.2,18480,0.25,46320,0,223200
FINNIFTY02JAN2420300PE.NFO,02/01/2024,13:23:04,0.25,0.2,18480,0.25,47560,560,223200
FINNIFTY02JAN2420300PE.NFO,02/01/2024,13:23:13,0.25,0.2,18480,0.25,45480,280,223200
FINNIFTY02JAN2420300PE.NFO,02/01/2024,13:23:57,0.25,0.2,18480,0.25,47280,0,223200
FINNIFTY02JAN2420300PE.NFO,02/01/2024,13:24:05,0.2,0.2,18320,0.25,47480,3160,223200
FINNIFTY02JAN2420300PE.NFO,02/01/2024,13:24:13,0.2,0.2,17840,0.25,45640,480,222960
FINNIFTY02JAN2420300PE.NFO,02/01/2024,13:24:22,0.2,0.2,20040,0.25,45640,2600,222960
FINNIFTY02JAN2420300PE.NFO,02/01/2024,13:24:30,0.2,0.2,19960,0.25,47440,80,222960
FINNIFTY02JAN2420300PE.NFO,02/01/2024,13:24:39,0.25,0.2,19960,0.25,45560,80,222960
FINNIFTY02JAN2420300PE.NFO,02/01/2024,13:24:48,0.2,0.2,19920,0.25,45560,40,222960
FINNIFTY02JAN2420300PE.NFO,02/01/2024,13:25:06,0.25,0.2,19400,0.25,45520,2320,222960
FINNIFTY02JAN2420300PE.NFO,02/01/2024,13:25:16,0.25,0.2,19640,0.25,45760,5280,222960
FINNIFTY02JAN2420300PE.NFO,02/01/2024,13:25:25,0.25,0.2,20720,0.25,45920,200,222960
FINNIFTY02JAN2420300PE.NFO,02/01/2024,13:25:34,0.2,0.2,20640,0.25,49520,80,222960
FINNIFTY02JAN2420300PE.NFO,02/01/2024,13:25:43,0.2,0.2,20360,0.25,51280,280,222960
FINNIFTY02JAN2420300PE.NFO,02/01/2024,13:25:52,0.25,0.2,20320,0.25,51240,80,222960
FINNIFTY02JAN2420300PE.NFO,02/01/2024,13:26:00,0.2,0.2,20280,0.25,51240,40,222960
FINNIFTY02JAN2420300PE.NFO,02/01/2024,13:26:09,0.2,0.2,26280,0.25,49400,1360,222960
FINNIFTY02JAN2420300PE.NFO,02/01/2024,13:26:18,0.25,0.2,19760,0.25,49240,9000,222960
FINNIFTY02JAN2420300PE.NFO,02/01/2024,13:26:26,0.25,0.2,19760,0.25,49160,40,222960
FINNIFTY02JAN2420300PE.NFO,02/01/2024,13:26:44,0.25,0.2,19760,0.25,49120,40,222960
FINNIFTY02JAN2420300PE.NFO,02/01/2024,13:26:52,0.25,0.2,19760,0.25,49120,40,222960
FINNIFTY02JAN2420300PE.NFO,02/01/2024,13:27:01,0.25,0.2,19760,0.25,49080,0,222960
FINNIFTY02JAN2420300PE.NFO,02/01/2024,13:27:09,0.25,0.2,19760,0.25,48040,1040,225560
FINNIFTY02JAN2420300PE.NFO,02/01/2024,13:27:35,0.25,0.2,18840,0.25,48000,1840,225560
FINNIFTY02JAN2420300PE.NFO,02/01/2024,13:27:52,0.25,0.2,26040,0.25,48320,0,225560
FINNIFTY02JAN2420300PE.NFO,02/01/2024,13:28:00,0.2,0.2,28680,0.25,49800,800,225560
FINNIFTY02JAN2420300PE.NFO,02/01/2024,13:28:08,0.2,0.2,28560,0.25,51640,400,225560
FINNIFTY02JAN2420300PE.NFO,02/01/2024,13:28:16,0.2,0.2,30240,0.25,51320,120,225560
FINNIFTY02JAN2420300PE.NFO,02/01/2024,13:28:25,0.2,0.2,27440,0.25,53120,1000,225560
FINNIFTY02JAN2420300PE.NFO,02/01/2024,13:28:34,0.2,0.2,27720,0.25,49520,2800,225560
FINNIFTY02JAN2420300PE.NFO,02/01/2024,13:28:43,0.2,0.2,26920,0.25,51320,800,225560
FINNIFTY02JAN2420300PE.NFO,02/01/2024,13:28:51,0.25,0.2,27720,0.25,49480,40,225560
FINNIFTY02JAN2420300PE.NFO,02/01/2024,13:29:00,0.2,0.2,27520,0.25,51280,200,225560
FINNIFTY02JAN2420300PE.NFO,02/01/2024,13:29:08,0.25,0.2,28200,0.25,49520,2960,225560
FINNIFTY02JAN2420300PE.NFO,02/01/2024,13:29:17,0.25,0.2,28160,0.25,49480,40,225560
FINNIFTY02JAN2420300PE.NFO,02/01/2024,13:29:25,0.25,0.2,28040,0.25,49720,80,225560
FINNIFTY02JAN2420300PE.NFO,02/01/2024,13:29:33,0.2,0.2,25720,0.25,49120,2080,225560
FINNIFTY02JAN2420300PE.NFO,02/01/2024,13:29:42,0.25,0.2,27320,0.25,48840,480,225560
FINNIFTY02JAN2420300PE.NFO,02/01/2024,13:29:59,0.25,0.2,18320,0.25,48840,0,225560
FINNIFTY02JAN2420300PE.NFO,02/01/2024,13:30:07,0.25,0.2,18280,0.25,51640,880,226440
FINNIFTY02JAN2420300PE.NFO,02/01/2024,13:30:16,0.2,0.2,37920,0.25,49840,160,226440
FINNIFTY02JAN2420300PE.NFO,02/01/2024,13:30:25,0.2,0.2,37720,0.25,49800,200,226440
FINNIFTY02JAN2420300PE.NFO,02/01/2024,13:30:33,0.2,0.2,37640,0.25,49800,80,226440
FINNIFTY02JAN2420300PE.NFO,02/01/2024,13:30:42,0.2,0.2,17840,0.25,49800,0,226440
FINNIFTY02JAN2420300PE.NFO,02/01/2024,13:31:00,0.2,0.2,13000,0.25,51560,4920,226440
FINNIFTY02JAN2420300PE.NFO,02/01/2024,13:31:09,0.2,0.2,10960,0.25,53360,2040,226440
FINNIFTY02JAN2420300PE.NFO,02/01/2024,13:31:18,0.2,0.2,10400,0.25,55160,560,226440
FINNIFTY02JAN2420300PE.NFO,02/01/2024,13:31:26,0.2,0.2,10280,0.25,57280,120,226440
FINNIFTY02JAN2420300PE.NFO,02/01/2024,13:31:36,0.25,0.2,3160,0.25,57240,7720,226440
FINNIFTY02JAN2420300PE.NFO,02/01/2024,13:31:45,0.2,0.2,40,0.25,61400,7360,226440
FINNIFTY02JAN2420300PE.NFO,02/01/2024,13:31:54,0.2,0.15,175000,0.25,59600,520,226440
FINNIFTY02JAN2420300PE.NFO,02/01/2024,13:32:03,0.2,0.15,175000,0.25,61400,640,226440
FINNIFTY02JAN2420300PE.NFO,02/01/2024,13:32:12,0.2,0.15,175000,0.25,65000,320,226440
FINNIFTY02JAN2420300PE.NFO,02/01/2024,13:32:21,0.2,0.15,175000,0.2,28600,400,226440
FINNIFTY02JAN2420300PE.NFO,02/01/2024,13:32:30,0.2,0.15,175000,0.2,28440,160,226440
FINNIFTY02JAN2420300PE.NFO,02/01/2024,13:32:39,0.2,0.15,175000,0.2,35320,720,226440
FINNIFTY02JAN2420300PE.NFO,02/01/2024,13:32:48,0.2,0.15,175000,0.2,32480,1040,226440
FINNIFTY02JAN2420300PE.NFO,02/01/2024,13:32:57,0.2,0.15,175000,0.2,46120,120,226440
FINNIFTY02JAN2420300PE.NFO,02/01/2024,13:33:06,0.2,0.15,175000,0.2,56880,4400,246320
FINNIFTY02JAN2420300PE.NFO,02/01/2024,13:33:15,0.2,0.15,176320,0.2,52280,1240,246320
FINNIFTY02JAN2420300PE.NFO,02/01/2024,13:33:24,0.2,0.15,176320,0.2,53840,360,246320
FINNIFTY02JAN2420300PE.NFO,02/01/2024,13:33:32,0.2,0.15,177480,0.2,52320,960,246320
FINNIFTY02JAN2420300PE.NFO,02/01/2024,13:33:41,0.2,0.15,177480,0.2,52280,40,246320
FINNIFTY02JAN2420300PE.NFO,02/01/2024,13:33:50,0.2,0.15,177440,0.2,52720,0,246320
FINNIFTY02JAN2420300PE.NFO,02/01/2024,13:34:00,0.2,0.15,177440,0.2,53520,0,246320
FINNIFTY02JAN2420300PE.NFO,02/01/2024,13:34:09,0.2,0.15,178600,0.2,58000,1760,246320
FINNIFTY02JAN2420300PE.NFO,02/01/2024,13:34:17,0.2,0.15,179880,0.2,57600,560,246320
FINNIFTY02JAN2420300PE.NFO,02/01/2024,13:34:26,0.2,0.15,179880,0.2,57240,0,246320
FINNIFTY02JAN2420300PE.NFO,02/01/2024,13:34:36,0.2,0.15,179880,0.2,57360,0,246320
FINNIFTY02JAN2420300PE.NFO,02/01/2024,13:34:45,0.2,0.15,176280,0.2,59600,0,246320
FINNIFTY02JAN2420300PE.NFO,02/01/2024,13:34:54,0.2,0.15,174480,0.2,56080,0,246320
FINNIFTY02JAN2420300PE.NFO,02/01/2024,13:35:04,0.2,0.15,174480,0.2,57840,0,246320
FINNIFTY02JAN2420300PE.NFO,02/01/2024,13:35:13,0.15,0.15,174440,0.2,57520,40,246320
FINNIFTY02JAN2420300PE.NFO,02/01/2024,13:35:22,0.15,0.15,174280,0.2,57440,160,246320
FINNIFTY02JAN2420300PE.NFO,02/01/2024,13:35:31,0.15,0.15,173800,0.2,55600,480,246320
FINNIFTY02JAN2420300PE.NFO,02/01/2024,13:35:40,0.15,0.15,174640,0.2,57400,40,246320
FINNIFTY02JAN2420300PE.NFO,02/01/2024,13:35:49,0.15,0.15,174400,0.2,57400,240,246320
FINNIFTY02JAN2420300PE.NFO,02/01/2024,13:35:58,0.2,0.15,174320,0.2,59160,120,246320
FINNIFTY02JAN2420300PE.NFO,02/01/2024,13:36:06,0.2,0.15,175560,0.2,57480,1600,246320
FINNIFTY02JAN2420300PE.NFO,02/01/2024,13:36:15,0.2,0.15,175560,0.2,57560,0,246320
FINNIFTY02JAN2420300PE.NFO,02/01/2024,13:36:24,0.2,0.15,175560,0.2,56120,0,246320
FINNIFTY02JAN2420300PE.NFO,02/01/2024,13:36:33,0.2,0.15,175560,0.2,57560,0,246320
