Ticker,Date,Time,LTP,BuyPrice,BuyQty,SellPrice,SellQty,LTQ,OpenInterest
FINNIFTY02JAN2421050CE.NFO,02/01/2024,09:21:31,376.65,377.1,200,379,40,440,3120
FINNIFTY02JAN2421050CE.NFO,02/01/2024,09:21:31,383.1,377.1,200,379,40,0,3120
FINNIFTY02JAN2421050CE.NFO,02/01/2024,09:21:31,383.1,377.1,200,379,40,0,3120
FINNIFTY02JAN2421050CE.NFO,02/01/2024,09:21:31,376.65,377.1,200,379,40,0,3120
FINNIFTY02JAN2421050CE.NFO,02/01/2024,09:21:33,383.1,378.7,200,380.5,200,0,3120
FINNIFTY02JAN2421050CE.NFO,02/01/2024,09:21:34,383.1,378.1,1040,380.05,120,0,3120
FINNIFTY02JAN2421050CE.NFO,02/01/2024,09:21:36,383.1,376.5,80,377.85,200,0,3120
FINNIFTY02JAN2421050CE.NFO,02/01/2024,09:21:38,383.1,376.35,40,378.1,120,0,3120
FINNIFTY02JAN2421050CE.NFO,02/01/2024,09:21:39,383.1,376.1,40,377.4,240,0,3120
FINNIFTY02JAN2421050CE.NFO,02/01/2024,09:21:41,383.1,375.75,80,377.25,80,0,3120
FINNIFTY02JAN2421050CE.NFO,02/01/2024,09:21:43,383.1,374.55,280,375.8,40,0,3120
FINNIFTY02JAN2421050CE.NFO,02/01/2024,09:21:44,383.1,374.9,80,376.15,120,0,3120
FINNIFTY02JAN2421050CE.NFO,02/01/2024,09:21:46,383.1,375.2,80,376.55,200,0,3120
FINNIFTY02JAN2421050CE.NFO,02/01/2024,09:21:48,383.1,374.6,40,375.9,40,0,3120
FINNIFTY02JAN2421050CE.NFO,02/01/2024,09:21:49,383.1,374.9,80,376.15,80,0,3120
FINNIFTY02JAN2421050CE.NFO,02/01/2024,09:21:51,383.1,374.6,80,375.85,40,0,3120
FINNIFTY02JAN2421050CE.NFO,02/01/2024,09:21:53,383.1,374.75,80,376.05,40,0,3120
FINNIFTY02JAN2421050CE.NFO,02/01/2024,09:21:54,383.1,374.65,80,376.05,40,0,3120
FINNIFTY02JAN2421050CE.NFO,02/01/2024,09:21:56,383.1,375.9,80,377.3,40,0,3120
FINNIFTY02JAN2421050CE.NFO,02/01/2024,09:21:58,383.1,376.7,80,378.05,240,0,3120
FINNIFTY02JAN2421050CE.NFO,02/01/2024,09:21:59,383.1,377.35,80,378.75,120,0,3120
FINNIFTY02JAN2421050CE.NFO,02/01/2024,09:22:01,383.1,376.15,120,377.8,80,0,3120
FINNIFTY02JAN2421050CE.NFO,02/01/2024,09:22:03,383.1,376.45,80,377.65,120,0,3120
FINNIFTY02JAN2421050CE.NFO,02/01/2024,09:22:04,383.1,372.9,80,377.35,320,0,3120
FINNIFTY02JAN2421050CE.NFO,02/01/2024,09:22:06,383.1,375.65,80,376.95,120,0,3120
FINNIFTY02JAN2421050CE.NFO,02/01/2024,09:22:08,383.1,374.6,80,376,200,0,3120
FINNIFTY02JAN2421050CE.NFO,02/01/2024,09:22:09,383.1,374.7,80,376,80,0,3120
FINNIFTY02JAN2421050CE.NFO,02/01/2024,09:22:11,383.1,375.1,80,376.35,40,0,3120
FINNIFTY02JAN2421050CE.NFO,02/01/2024,09:22:13,383.1,375.2,80,376.75,40,0,3120
FINNIFTY02JAN2421050CE.NFO,02/01/2024,09:22:14,383.1,375.4,80,376.55,80,0,3120
FINNIFTY02JAN2421050CE.NFO,02/01/2024,09:22:16,383.1,373.35,40,375.3,280,0,3120
FINNIFTY02JAN2421050CE.NFO,02/01/2024,09:22:18,383.1,372.95,240,374.15,400,0,3120
FINNIFTY02JAN2421050CE.NFO,02/01/2024,09:22:19,383.1,373.8,40,375.3,40,0,3120
FINNIFTY02JAN2421050CE.NFO,02/01/2024,09:22:21,383.1,372.95,80,374.1,280,0,3120
FINNIFTY02JAN2421050CE.NFO,02/01/2024,09:22:23,383.1,372.8,80,374.05,40,0,3120
FINNIFTY02JAN2421050CE.NFO,02/01/2024,09:22:24,383.1,371.65,80,373,80,0,3120
FINNIFTY02JAN2421050CE.NFO,02/01/2024,09:22:26,383.1,371.25,80,372.6,560,0,3120
FINNIFTY02JAN2421050CE.NFO,02/01/2024,09:22:27,383.1,370.3,80,371.4,120,0,3120
FINNIFTY02JAN2421050CE.NFO,02/01/2024,09:22:29,383.1,369.45,80,370.85,80,0,3120
FINNIFTY02JAN2421050CE.NFO,02/01/2024,09:22:31,383.1,370.05,80,371.45,280,0,3120
FINNIFTY02JAN2421050CE.NFO,02/01/2024,09:22:33,383.1,370,80,371.3,280,0,3120
FINNIFTY02JAN2421050CE.NFO,02/01/2024,09:22:34,383.1,368.55,80,369.85,40,0,3120
FINNIFTY02JAN2421050CE.NFO,02/01/2024,09:22:36,383.1,367.45,80,368.65,80,0,3120
FINNIFTY02JAN2421050CE.NFO,02/01/2024,09:22:38,383.1,367.75,40,369.55,80,0,3120
FINNIFTY02JAN2421050CE.NFO,02/01/2024,09:22:39,383.1,368.15,40,369.55,120,0,3120
FINNIFTY02JAN2421050CE.NFO,02/01/2024,09:22:41,383.1,367.7,40,369.5,120,0,3120
FINNIFTY02JAN2421050CE.NFO,02/01/2024,09:22:43,383.1,368.1,80,369.3,80,0,3120
FINNIFTY02JAN2421050CE.NFO,02/01/2024,09:22:44,383.1,368.3,80,369.7,160,0,3120
FINNIFTY02JAN2421050CE.NFO,02/01/2024,09:22:46,383.1,368.55,320,370.55,80,0,3120
FINNIFTY02JAN2421050CE.NFO,02/01/2024,09:22:48,383.1,369.25,80,370.45,120,0,3120
FINNIFTY02JAN2421050CE.NFO,02/01/2024,09:22:49,383.1,368.1,80,369.5,80,0,3120
FINNIFTY02JAN2421050CE.NFO,02/01/2024,09:22:51,383.1,369.4,80,370.7,120,0,3120
FINNIFTY02JAN2421050CE.NFO,02/01/2024,09:22:53,383.1,370.55,80,371.75,520,0,3120
FINNIFTY02JAN2421050CE.NFO,02/01/2024,09:22:54,383.1,369.2,80,371,480,0,3120
FINNIFTY02JAN2421050CE.NFO,02/01/2024,09:22:56,383.1,369.45,80,371.15,200,0,3120
FINNIFTY02JAN2421050CE.NFO,02/01/2024,09:22:58,383.1,371.4,80,372.8,80,0,3120
FINNIFTY02JAN2421050CE.NFO,02/01/2024,09:22:59,383.1,370.6,80,371.95,120,0,3120
FINNIFTY02JAN2421050CE.NFO,02/01/2024,09:23:01,383.1,370.55,80,371.85,120,0,3120
FINNIFTY02JAN2421050CE.NFO,02/01/2024,09:23:03,383.1,370.15,80,371.45,120,0,3120
FINNIFTY02JAN2421050CE.NFO,02/01/2024,09:23:04,383.1,370.8,200,372.85,200,0,3120
FINNIFTY02JAN2421050CE.NFO,02/01/2024,09:23:06,383.1,372.1,80,373.4,80,0,3120
FINNIFTY02JAN2421050CE.NFO,02/01/2024,09:23:08,383.1,374.2,40,375.85,280,0,3120
FINNIFTY02JAN2421050CE.NFO,02/01/2024,09:23:09,383.1,374.2,80,375.5,200,0,3120
FINNIFTY02JAN2421050CE.NFO,02/01/2024,09:23:11,383.1,373.3,80,374.6,80,0,3120
FINNIFTY02JAN2421050CE.NFO,02/01/2024,09:23:13,383.1,373.6,80,375.25,400,0,3120
FINNIFTY02JAN2421050CE.NFO,02/01/2024,09:23:14,383.1,374,80,375.45,480,0,3120
FINNIFTY02JAN2421050CE.NFO,02/01/2024,09:23:16,383.1,374.25,80,375.5,280,0,3120
FINNIFTY02JAN2421050CE.NFO,02/01/2024,09:23:18,383.1,375.75,80,377.05,960,0,3120
FINNIFTY02JAN2421050CE.NFO,02/01/2024,09:23:19,383.1,374.45,80,375.7,160,0,3120
FINNIFTY02JAN2421050CE.NFO,02/01/2024,09:23:21,383.1,374.1,80,375.3,120,0,3120
FINNIFTY02JAN2421050CE.NFO,02/01/2024,09:23:23,383.1,374.55,80,375.75,80,0,3120
FINNIFTY02JAN2421050CE.NFO,02/01/2024,09:23:24,383.1,374.4,80,375.6,160,0,3120
FINNIFTY02JAN2421050CE.NFO,02/01/2024,09:23:26,383.1,373.7,80,375,40,0,3120
FINNIFTY02JAN2421050CE.NFO,02/01/2024,09:23:28,383.1,373.45,80,374.6,40,0,3120
FINNIFTY02JAN2421050CE.NFO,02/01/2024,09:23:29,383.1,371.75,120,373,280,0,3120
FINNIFTY02JAN2421050CE.NFO,02/01/2024,09:23:31,383.1,372.05,80,373.3,200,0,3120
FINNIFTY02JAN2421050CE.NFO,02/01/2024,09:23:33,383.1,374,80,375.3,200,0,3120
FINNIFTY02JAN2421050CE.NFO,02/01/2024,09:23:34,383.1,373.4,80,374.8,80,0,3120
FINNIFTY02JAN2421050CE.NFO,02/01/2024,09:23:36,383.1,373.9,80,375.1,40,0,3120
FINNIFTY02JAN2421050CE.NFO,02/01/2024,09:23:38,383.1,374.6,80,375.85,120,0,3120
FINNIFTY02JAN2421050CE.NFO,02/01/2024,09:23:39,383.1,374.65,80,375.9,200,0,3120
FINNIFTY02JAN2421050CE.NFO,02/01/2024,09:23:41,383.1,374.15,80,375.25,280,0,3120
FINNIFTY02JAN2421050CE.NFO,02/01/2024,09:23:43,383.1,373.45,80,374.7,120,0,3120
FINNIFTY02JAN2421050CE.NFO,02/01/2024,09:23:44,383.1,374,80,375.15,40,0,3120
FINNIFTY02JAN2421050CE.NFO,02/01/2024,09:23:46,383.1,373.8,80,374.9,80,0,3120
FINNIFTY02JAN2421050CE.NFO,02/01/2024,09:23:48,383.1,372.7,80,373.8,240,0,3120
FINNIFTY02JAN2421050CE.NFO,02/01/2024,09:23:49,383.1,372.1,80,373.2,80,0,3120
FINNIFTY02JAN2421050CE.NFO,02/01/2024,09:23:51,383.1,371.8,80,373.15,40,0,3120
FINNIFTY02JAN2421050CE.NFO,02/01/2024,09:23:53,383.1,372.6,80,373.65,120,0,3120
FINNIFTY02JAN2421050CE.NFO,02/01/2024,09:23:54,383.1,371.8,80,373,120,0,3120
FINNIFTY02JAN2421050CE.NFO,02/01/2024,09:23:56,383.1,371.55,80,372.65,40,0,3120
FINNIFTY02JAN2421050CE.NFO,02/01/2024,09:23:58,383.1,370.6,80,372,320,0,3120
FINNIFTY02JAN2421050CE.NFO,02/01/2024,09:23:59,383.1,370.25,80,371.6,120,0,3120
FINNIFTY02JAN2421050CE.NFO,02/01/2024,09:24:01,383.1,369.2,80,370.55,200,0,3120
FINNIFTY02JAN2421050CE.NFO,02/01/2024,09:24:03,383.1,368.9,80,370.15,40,0,3120
FINNIFTY02JAN2421050CE.NFO,02/01/2024,09:24:04,383.1,370.05,80,371.3,80,0,3120
FINNIFTY02JAN2421050CE.NFO,02/01/2024,09:24:06,383.1,371.05,80,372.4,120,0,3120
FINNIFTY02JAN2421050CE.NFO,02/01/2024,09:24:08,383.1,370.65,80,371.85,40,0,3120
FINNIFTY02JAN2421050CE.NFO,02/01/2024,09:24:09,383.1,370.95,80,372.1,120,0,3120
FINNIFTY02JAN2421050CE.NFO,02/01/2024,09:24:11,383.1,372.15,80,373.25,160,0,3120
FINNIFTY02JAN2421050CE.NFO,02/01/2024,09:24:13,383.1,372.4,80,373.45,40,0,3120
FINNIFTY02JAN2421050CE.NFO,02/01/2024,09:24:14,383.1,372.4,80,373.55,40,0,3120
FINNIFTY02JAN2421050CE.NFO,02/01/2024,09:24:16,383.1,370.6,80,371.95,120,0,3120
FINNIFTY02JAN2421050CE.NFO,02/01/2024,09:24:18,383.1,370.65,80,371.85,360,0,3120
FINNIFTY02JAN2421050CE.NFO,02/01/2024,09:24:19,383.1,369.75,80,371.15,80,0,3120
FINNIFTY02JAN2421050CE.NFO,02/01/2024,09:24:21,383.1,369.15,80,370.25,120,0,3120
FINNIFTY02JAN2421050CE.NFO,02/01/2024,09:24:23,383.1,368.25,80,369.45,200,0,3120
FINNIFTY02JAN2421050CE.NFO,02/01/2024,09:24:24,383.1,367.9,80,369.05,120,0,3120
FINNIFTY02JAN2421050CE.NFO,02/01/2024,09:24:26,383.1,368.15,80,369.55,40,0,3120
FINNIFTY02JAN2421050CE.NFO,02/01/2024,09:24:28,383.1,367.95,80,369.4,40,0,3120
FINNIFTY02JAN2421050CE.NFO,02/01/2024,09:24:29,383.1,368.15,80,369.5,120,0,3120
FINNIFTY02JAN2421050CE.NFO,02/01/2024,09:24:31,383.1,368.2,80,369.5,40,0,3120
FINNIFTY02JAN2421050CE.NFO,02/01/2024,09:24:33,383.1,367.9,80,369.55,120,0,3120
FINNIFTY02JAN2421050CE.NFO,02/01/2024,09:24:34,383.1,367.7,40,369.1,120,0,3120
FINNIFTY02JAN2421050CE.NFO,02/01/2024,09:24:36,383.1,368.3,80,369.5,200,0,3120
FINNIFTY02JAN2421050CE.NFO,02/01/2024,09:24:38,383.1,370.15,80,371.45,200,0,3120
FINNIFTY02JAN2421050CE.NFO,02/01/2024,09:24:39,383.1,369.4,80,371,240,0,3120
FINNIFTY02JAN2421050CE.NFO,02/01/2024,09:24:41,383.1,369.9,80,371.3,200,0,3120
FINNIFTY02JAN2421050CE.NFO,02/01/2024,09:24:43,383.1,370.4,80,371.7,40,0,3120
FINNIFTY02JAN2421050CE.NFO,02/01/2024,09:24:44,383.1,370.55,80,371.65,80,0,3120
FINNIFTY02JAN2421050CE.NFO,02/01/2024,09:24:46,383.1,370.9,80,371.95,40,0,3120
FINNIFTY02JAN2421050CE.NFO,02/01/2024,09:24:48,383.1,370.9,80,372,40,0,3120
FINNIFTY02JAN2421050CE.NFO,02/01/2024,09:24:49,372,372.1,80,373.2,120,40,3120
FINNIFTY02JAN2421050CE.NFO,02/01/2024,09:24:49,372,372.1,80,373.2,120,0,3120
FINNIFTY02JAN2421050CE.NFO,02/01/2024,09:24:51,372,371.6,80,372.9,80,0,3120
FINNIFTY02JAN2421050CE.NFO,02/01/2024,09:24:53,372,371,80,372.15,200,0,3120
FINNIFTY02JAN2421050CE.NFO,02/01/2024,09:24:54,372,370.65,80,371.8,80,0,3120
FINNIFTY02JAN2421050CE.NFO,02/01/2024,09:24:56,372,368.6,80,369.95,80,0,3120
FINNIFTY02JAN2421050CE.NFO,02/01/2024,09:24:58,372,368.8,80,369.9,120,0,3120
FINNIFTY02JAN2421050CE.NFO,02/01/2024,09:24:59,372,368.45,80,369.75,80,0,3120
FINNIFTY02JAN2421050CE.NFO,02/01/2024,09:25:01,372,367.45,80,368.8,80,0,3120
FINNIFTY02JAN2421050CE.NFO,02/01/2024,09:25:03,372,369.35,80,370.55,600,0,3120
FINNIFTY02JAN2421050CE.NFO,02/01/2024,09:25:04,372,368.45,40,370,1000,0,3120
FINNIFTY02JAN2421050CE.NFO,02/01/2024,09:25:06,372,368.6,80,369.65,320,0,3120
FINNIFTY02JAN2421050CE.NFO,02/01/2024,09:25:08,372,369.95,80,371.2,120,0,3120
FINNIFTY02JAN2421050CE.NFO,02/01/2024,09:25:09,372,369.3,80,370.45,200,0,3120
FINNIFTY02JAN2421050CE.NFO,02/01/2024,09:25:11,372,368.05,80,369.3,240,0,3120
FINNIFTY02JAN2421050CE.NFO,02/01/2024,09:25:13,372,368.4,80,369.55,80,0,3120
FINNIFTY02JAN2421050CE.NFO,02/01/2024,09:25:14,372,368.7,40,370.1,440,0,3120
FINNIFTY02JAN2421050CE.NFO,02/01/2024,09:25:16,372,367.95,80,369.15,520,0,3120
FINNIFTY02JAN2421050CE.NFO,02/01/2024,09:25:18,372,368.4,80,369.65,120,0,3120
FINNIFTY02JAN2421050CE.NFO,02/01/2024,09:25:19,372,368.6,80,369.9,160,0,3120
FINNIFTY02JAN2421050CE.NFO,02/01/2024,09:25:21,372,369.75,80,370.95,240,0,3120
FINNIFTY02JAN2421050CE.NFO,02/01/2024,09:25:23,372,369.55,80,370.85,40,0,3120
FINNIFTY02JAN2421050CE.NFO,02/01/2024,09:25:24,372,369.5,80,370.7,200,0,3120
FINNIFTY02JAN2421050CE.NFO,02/01/2024,09:25:26,372,369.65,40,371.25,80,0,3120
FINNIFTY02JAN2421050CE.NFO,02/01/2024,09:25:28,372,370.7,80,372.1,80,0,3120
FINNIFTY02JAN2421050CE.NFO,02/01/2024,09:25:29,372,371.1,80,372.4,80,0,3120
FINNIFTY02JAN2421050CE.NFO,02/01/2024,09:25:31,372,371.6,40,372.95,120,0,3120
FINNIFTY02JAN2421050CE.NFO,02/01/2024,09:25:33,372,372.8,80,374.1,1560,0,3120
FINNIFTY02JAN2421050CE.NFO,02/01/2024,09:25:34,372,373.65,80,374.9,120,0,3120
FINNIFTY02JAN2421050CE.NFO,02/01/2024,09:25:36,372,373.7,80,375,80,0,3120
FINNIFTY02JAN2421050CE.NFO,02/01/2024,09:25:38,372,372.95,40,374.45,40,0,3120
FINNIFTY02JAN2421050CE.NFO,02/01/2024,09:25:39,372,371.9,80,373.15,80,0,3120
FINNIFTY02JAN2421050CE.NFO,02/01/2024,09:25:41,372,372,80,373.75,2280,0,3120
FINNIFTY02JAN2421050CE.NFO,02/01/2024,09:25:43,372,373.15,80,374.35,40,0,3120
FINNIFTY02JAN2421050CE.NFO,02/01/2024,09:25:44,372,372.25,80,373.65,240,0,3120
FINNIFTY02JAN2421050CE.NFO,02/01/2024,09:25:46,372,372.4,80,373.45,40,0,3120
FINNIFTY02JAN2421050CE.NFO,02/01/2024,09:25:48,372,372.4,80,373.55,80,0,3120
FINNIFTY02JAN2421050CE.NFO,02/01/2024,09:25:49,372,371.2,80,372.4,80,0,3120
FINNIFTY02JAN2421050CE.NFO,02/01/2024,09:25:51,372,371.55,80,372.6,120,0,3120
FINNIFTY02JAN2421050CE.NFO,02/01/2024,09:25:53,372,371.7,80,372.9,80,0,3120
FINNIFTY02JAN2421050CE.NFO,02/01/2024,09:25:54,372,373.45,80,374.75,40,0,3120
FINNIFTY02JAN2421050CE.NFO,02/01/2024,09:25:56,372,374.1,80,375.65,200,0,3120
FINNIFTY02JAN2421050CE.NFO,02/01/2024,09:25:58,372,374.6,80,376.2,200,0,3120
FINNIFTY02JAN2421050CE.NFO,02/01/2024,09:25:59,372,375.15,240,376.4,40,0,3120
FINNIFTY02JAN2421050CE.NFO,02/01/2024,09:26:01,372,376.55,80,377.8,200,0,3120
FINNIFTY02JAN2421050CE.NFO,02/01/2024,09:26:03,372,375.7,320,376.8,120,0,3120
FINNIFTY02JAN2421050CE.NFO,02/01/2024,09:26:04,372,375.45,80,376.65,80,0,3120
FINNIFTY02JAN2421050CE.NFO,02/01/2024,09:26:06,372,376.35,80,377.55,120,0,3120
FINNIFTY02JAN2421050CE.NFO,02/01/2024,09:26:08,372,375.45,80,376.6,200,0,3120
FINNIFTY02JAN2421050CE.NFO,02/01/2024,09:26:09,372,375.55,80,376.85,120,0,3120
FINNIFTY02JAN2421050CE.NFO,02/01/2024,09:26:11,372,375.45,80,376.75,200,0,3120
FINNIFTY02JAN2421050CE.NFO,02/01/2024,09:26:13,372,375.8,80,377.25,40,0,3120
FINNIFTY02JAN2421050CE.NFO,02/01/2024,09:26:14,372,379,120,380.45,40,0,3120
FINNIFTY02JAN2421050CE.NFO,02/01/2024,09:26:16,372,398.85,520,406.4,240,0,3120
FINNIFTY02JAN2421050CE.NFO,02/01/2024,09:26:18,372,384.55,360,403.8,360,0,3120
FINNIFTY02JAN2421050CE.NFO,02/01/2024,09:26:19,372,389.15,360,401.65,360,0,3120
FINNIFTY02JAN2421050CE.NFO,02/01/2024,09:26:21,372,392,40,396.5,560,0,3120
FINNIFTY02JAN2421050CE.NFO,02/01/2024,09:26:23,372,392.7,80,394.9,200,0,3120
FINNIFTY02JAN2421050CE.NFO,02/01/2024,09:26:24,372,390.75,80,393.45,120,0,3120
FINNIFTY02JAN2421050CE.NFO,02/01/2024,09:26:26,372,390.1,40,392.3,40,0,3120
FINNIFTY02JAN2421050CE.NFO,02/01/2024,09:26:28,372,391.15,40,393.75,200,0,3120
FINNIFTY02JAN2421050CE.NFO,02/01/2024,09:26:29,372,395.45,200,399.2,40,0,3120
FINNIFTY02JAN2421050CE.NFO,02/01/2024,09:26:31,372,398.6,360,402.25,240,0,3120
FINNIFTY02JAN2421050CE.NFO,02/01/2024,09:26:33,372,397.3,80,399.25,240,0,3120
FINNIFTY02JAN2421050CE.NFO,02/01/2024,09:26:35,372,396.95,80,398.8,40,0,3120
FINNIFTY02JAN2421050CE.NFO,02/01/2024,09:26:36,372,397.75,40,399.5,240,0,3120
FINNIFTY02JAN2421050CE.NFO,02/01/2024,09:26:38,372,400.55,160,405.95,600,0,3120
FINNIFTY02JAN2421050CE.NFO,02/01/2024,09:26:40,372,405.35,240,411.9,240,0,3120
FINNIFTY02JAN2421050CE.NFO,02/01/2024,09:26:41,372,407.35,40,411.15,120,0,3120
FINNIFTY02JAN2421050CE.NFO,02/01/2024,09:26:43,372,408.35,800,411.15,640,0,3120
FINNIFTY02JAN2421050CE.NFO,02/01/2024,09:26:45,372,411.8,200,419.4,200,0,3120
FINNIFTY02JAN2421050CE.NFO,02/01/2024,09:26:46,372,415.3,40,418.05,200,0,3120
FINNIFTY02JAN2421050CE.NFO,02/01/2024,09:26:48,372,414.5,40,418.1,440,0,3120
FINNIFTY02JAN2421050CE.NFO,02/01/2024,09:26:50,372,413.45,120,415.75,160,0,3120
FINNIFTY02JAN2421050CE.NFO,02/01/2024,09:26:51,372,415.6,280,417.6,40,0,3120
FINNIFTY02JAN2421050CE.NFO,02/01/2024,09:26:53,372,412.25,600,415.55,480,0,3120
FINNIFTY02JAN2421050CE.NFO,02/01/2024,09:26:55,410.8,407.85,200,411.5,40,80,3160
FINNIFTY02JAN2421050CE.NFO,02/01/2024,09:26:55,410.8,407.85,200,411.5,40,0,3160
FINNIFTY02JAN2421050CE.NFO,02/01/2024,09:26:56,410.8,409.2,80,411.45,120,0,3160
FINNIFTY02JAN2421050CE.NFO,02/01/2024,09:26:58,410.8,407.15,40,408.7,40,0,3160
FINNIFTY02JAN2421050CE.NFO,02/01/2024,09:27:00,410.8,407.45,40,409.35,40,0,3160
FINNIFTY02JAN2421050CE.NFO,02/01/2024,09:27:01,410.8,409.9,40,412.7,40,0,3160
FINNIFTY02JAN2421050CE.NFO,02/01/2024,09:27:03,410.8,411,80,412.95,360,0,3160
FINNIFTY02JAN2421050CE.NFO,02/01/2024,09:27:05,410.8,410.45,120,412.3,40,0,3160
FINNIFTY02JAN2421050CE.NFO,02/01/2024,09:27:06,410.8,409.05,80,411.25,200,0,3160
FINNIFTY02JAN2421050CE.NFO,02/01/2024,09:27:08,414.1,413.05,240,414.15,200,200,3160
FINNIFTY02JAN2421050CE.NFO,02/01/2024,09:27:08,414.1,413.05,240,414.15,200,0,3160
FINNIFTY02JAN2421050CE.NFO,02/01/2024,09:27:10,414.35,411.4,760,412.9,120,800,3160
FINNIFTY02JAN2421050CE.NFO,02/01/2024,09:27:10,414.35,411.4,760,412.9,120,0,3160
FINNIFTY02JAN2421050CE.NFO,02/01/2024,09:27:11,414.35,409.2,200,411.1,120,0,3160
FINNIFTY02JAN2421050CE.NFO,02/01/2024,09:27:13,414.35,411.15,40,413.15,120,0,3160
FINNIFTY02JAN2421050CE.NFO,02/01/2024,09:27:15,414.35,409,40,410.45,120,0,3160
FINNIFTY02JAN2421050CE.NFO,02/01/2024,09:27:16,414.35,408.25,40,409.65,400,0,3160
FINNIFTY02JAN2421050CE.NFO,02/01/2024,09:27:18,414.35,408.75,40,410.45,80,0,3160
FINNIFTY02JAN2421050CE.NFO,02/01/2024,09:27:20,414.35,408.25,40,409.85,40,0,3160
FINNIFTY02JAN2421050CE.NFO,02/01/2024,09:27:21,414.35,408.9,120,410.3,200,0,3160
FINNIFTY02JAN2421050CE.NFO,02/01/2024,09:27:23,414.35,409.45,40,411.05,200,0,3160
FINNIFTY02JAN2421050CE.NFO,02/01/2024,09:27:25,414.35,408.8,120,410.3,160,0,3160
FINNIFTY02JAN2421050CE.NFO,02/01/2024,09:27:26,414.35,405.75,40,407.15,80,0,3160
FINNIFTY02JAN2421050CE.NFO,02/01/2024,09:27:28,414.35,405,40,406.8,240,0,3160
FINNIFTY02JAN2421050CE.NFO,02/01/2024,09:27:30,414.35,405,40,406.45,240,0,3160
FINNIFTY02JAN2421050CE.NFO,02/01/2024,09:27:31,414.35,404.35,360,405.8,120,0,3160
FINNIFTY02JAN2421050CE.NFO,02/01/2024,09:27:33,414.35,403.8,400,405.65,120,0,3160
FINNIFTY02JAN2421050CE.NFO,02/01/2024,09:27:35,414.35,404.6,400,406.2,40,0,3160
FINNIFTY02JAN2421050CE.NFO,02/01/2024,09:27:36,414.35,407,80,409.15,40,0,3160
FINNIFTY02JAN2421050CE.NFO,02/01/2024,09:27:38,414.35,406.85,40,408.5,200,0,3160
FINNIFTY02JAN2421050CE.NFO,02/01/2024,09:27:40,414.35,405.35,40,407.25,240,0,3160
FINNIFTY02JAN2421050CE.NFO,02/01/2024,09:27:41,414.35,406.65,240,408.05,80,0,3160
FINNIFTY02JAN2421050CE.NFO,02/01/2024,09:27:43,414.35,407.85,80,409.35,280,0,3160
FINNIFTY02JAN2421050CE.NFO,02/01/2024,09:27:45,414.35,406.4,40,407.8,360,0,3160
FINNIFTY02JAN2421050CE.NFO,02/01/2024,09:27:46,414.35,404.9,40,406.85,120,0,3160
FINNIFTY02JAN2421050CE.NFO,02/01/2024,09:27:48,414.35,405.85,40,407.8,80,0,3160
FINNIFTY02JAN2421050CE.NFO,02/01/2024,09:27:50,414.35,408.15,40,409.85,2200,0,3160
FINNIFTY02JAN2421050CE.NFO,02/01/2024,09:27:51,414.35,409.4,40,411.55,120,0,3160
FINNIFTY02JAN2421050CE.NFO,02/01/2024,09:27:53,414.35,413.85,280,416.2,760,0,3160
FINNIFTY02JAN2421050CE.NFO,02/01/2024,09:27:55,414.35,413.95,40,415.75,80,0,3160
FINNIFTY02JAN2421050CE.NFO,02/01/2024,09:27:56,414.35,415.3,120,418.25,120,0,3160
FINNIFTY02JAN2421050CE.NFO,02/01/2024,09:27:58,420.2,420.45,40,426.4,200,240,3160
FINNIFTY02JAN2421050CE.NFO,02/01/2024,09:27:58,420.2,420.45,40,426.4,200,0,3160
FINNIFTY02JAN2421050CE.NFO,02/01/2024,09:28:00,420.2,418.25,40,422.55,360,0,3160
FINNIFTY02JAN2421050CE.NFO,02/01/2024,09:28:01,420.2,421.05,40,422.75,120,0,3160
FINNIFTY02JAN2421050CE.NFO,02/01/2024,09:28:03,420.2,423.6,40,425.55,200,0,3160
FINNIFTY02JAN2421050CE.NFO,02/01/2024,09:28:05,420.2,422.75,40,425.05,360,0,3160
FINNIFTY02JAN2421050CE.NFO,02/01/2024,09:28:06,420.2,419.7,240,421.75,120,0,3160
FINNIFTY02JAN2421050CE.NFO,02/01/2024,09:28:08,420.2,419.8,40,421.6,120,0,3160
FINNIFTY02JAN2421050CE.NFO,02/01/2024,09:28:10,420.2,418.65,80,420.25,120,0,3160
FINNIFTY02JAN2421050CE.NFO,02/01/2024,09:28:11,420.2,419.5,200,421.5,200,0,3160
FINNIFTY02JAN2421050CE.NFO,02/01/2024,09:28:13,420.2,418.1,40,420,40,0,3160
FINNIFTY02JAN2421050CE.NFO,02/01/2024,09:28:15,420.2,417.1,880,419,40,0,3160
FINNIFTY02JAN2421050CE.NFO,02/01/2024,09:28:16,420.2,418.1,200,420.25,40,0,3160
FINNIFTY02JAN2421050CE.NFO,02/01/2024,09:28:18,420.2,416.9,40,418.5,40,0,3160
FINNIFTY02JAN2421050CE.NFO,02/01/2024,09:28:20,420.2,415.75,120,417.4,200,0,3160
FINNIFTY02JAN2421050CE.NFO,02/01/2024,09:28:21,420.2,418.05,40,419.7,120,0,3160
FINNIFTY02JAN2421050CE.NFO,02/01/2024,09:28:23,420.2,418.45,240,419.8,40,0,3160
FINNIFTY02JAN2421050CE.NFO,02/01/2024,09:28:25,420.2,420.55,840,423.25,280,0,3160
FINNIFTY02JAN2421050CE.NFO,02/01/2024,09:28:26,420.2,420,200,422.2,40,0,3160
FINNIFTY02JAN2421050CE.NFO,02/01/2024,09:28:28,420.2,418.9,40,420.65,120,0,3160
FINNIFTY02JAN2421050CE.NFO,02/01/2024,09:28:30,420.2,420.05,400,423.2,200,0,3160
FINNIFTY02JAN2421050CE.NFO,02/01/2024,09:28:31,420.2,418.95,240,420.3,120,0,3160
FINNIFTY02JAN2421050CE.NFO,02/01/2024,09:28:33,420.2,416.1,200,417.75,120,0,3160
FINNIFTY02JAN2421050CE.NFO,02/01/2024,09:28:35,420.2,415.75,120,417.4,200,0,3160
FINNIFTY02JAN2421050CE.NFO,02/01/2024,09:28:36,420.2,412.85,360,417.3,120,0,3160
FINNIFTY02JAN2421050CE.NFO,02/01/2024,09:28:38,420.2,413.95,40,415.6,120,0,3160
FINNIFTY02JAN2421050CE.NFO,02/01/2024,09:28:40,420.2,414.4,40,416.3,320,0,3160
FINNIFTY02JAN2421050CE.NFO,02/01/2024,09:28:41,420.2,415.05,40,416.3,40,0,3160
FINNIFTY02JAN2421050CE.NFO,02/01/2024,09:28:43,420.2,414.5,40,416.45,120,0,3160
FINNIFTY02JAN2421050CE.NFO,02/01/2024,09:28:45,420.2,414.95,40,416.55,80,0,3160
FINNIFTY02JAN2421050CE.NFO,02/01/2024,09:28:46,420.2,416.65,40,418.05,120,0,3160
FINNIFTY02JAN2421050CE.NFO,02/01/2024,09:28:48,420.2,416,80,417.45,120,0,3160
FINNIFTY02JAN2421050CE.NFO,02/01/2024,09:28:50,420.2,415.05,120,417.1,200,0,3160
FINNIFTY02JAN2421050CE.NFO,02/01/2024,09:28:51,420.2,416.25,200,417.6,120,0,3160
FINNIFTY02JAN2421050CE.NFO,02/01/2024,09:28:53,420.2,415.35,40,416.3,120,0,3160
FINNIFTY02JAN2421050CE.NFO,02/01/2024,09:28:55,420.2,414.25,80,415.5,160,0,3160
FINNIFTY02JAN2421050CE.NFO,02/01/2024,09:28:56,420.2,413.65,120,415.1,120,0,3160
FINNIFTY02JAN2421050CE.NFO,02/01/2024,09:28:58,420.2,412.55,1040,414.35,120,0,3160
FINNIFTY02JAN2421050CE.NFO,02/01/2024,09:29:00,420.2,411.5,40,414.15,80,0,3160
FINNIFTY02JAN2421050CE.NFO,02/01/2024,09:29:01,420.2,411.85,280,413.65,120,0,3160
FINNIFTY02JAN2421050CE.NFO,02/01/2024,09:29:03,420.2,409.85,80,411.7,40,0,3160
FINNIFTY02JAN2421050CE.NFO,02/01/2024,09:29:05,420.2,411,240,412.55,360,0,3160
FINNIFTY02JAN2421050CE.NFO,02/01/2024,09:29:06,420.2,410.45,240,412.3,240,0,3160
FINNIFTY02JAN2421050CE.NFO,02/01/2024,09:29:08,420.2,410.1,160,411.6,120,0,3160
FINNIFTY02JAN2421050CE.NFO,02/01/2024,09:29:10,420.2,410.1,200,411.75,120,0,3160
FINNIFTY02JAN2421050CE.NFO,02/01/2024,09:29:11,420.2,412.1,40,414.85,1440,0,3160
FINNIFTY02JAN2421050CE.NFO,02/01/2024,09:29:13,420.2,412.95,80,414.45,120,0,3160
FINNIFTY02JAN2421050CE.NFO,02/01/2024,09:29:15,420.2,411.7,80,413.35,40,0,3160
FINNIFTY02JAN2421050CE.NFO,02/01/2024,09:29:16,420.2,411.3,40,412.5,120,0,3160
FINNIFTY02JAN2421050CE.NFO,02/01/2024,09:29:18,420.2,410.65,400,411.95,120,0,3160
FINNIFTY02JAN2421050CE.NFO,02/01/2024,09:29:20,420.2,409.9,640,411.3,120,0,3160
FINNIFTY02JAN2421050CE.NFO,02/01/2024,09:29:21,420.2,408.75,40,410.8,120,0,3160
FINNIFTY02JAN2421050CE.NFO,02/01/2024,09:29:23,420.2,409.5,160,410.9,120,0,3160
FINNIFTY02JAN2421050CE.NFO,02/01/2024,09:29:25,420.2,410.55,40,412.15,120,0,3160
FINNIFTY02JAN2421050CE.NFO,02/01/2024,09:29:26,420.2,408.7,80,409.85,120,0,3160
FINNIFTY02JAN2421050CE.NFO,02/01/2024,09:29:28,420.2,408.35,40,409.7,160,0,3160
FINNIFTY02JAN2421050CE.NFO,02/01/2024,09:29:30,420.2,409.55,40,411.35,200,0,3160
FINNIFTY02JAN2421050CE.NFO,02/01/2024,09:29:32,420.2,409.2,840,410.75,80,0,3160
FINNIFTY02JAN2421050CE.NFO,02/01/2024,09:29:33,420.2,409.35,80,410.55,120,0,3160
FINNIFTY02JAN2421050CE.NFO,02/01/2024,09:29:35,420.2,410.4,40,412.15,80,0,3160
FINNIFTY02JAN2421050CE.NFO,02/01/2024,09:29:37,420.2,411.65,40,413.1,120,0,3160
FINNIFTY02JAN2421050CE.NFO,02/01/2024,09:29:38,420.2,412.1,80,414.1,120,0,3160
FINNIFTY02JAN2421050CE.NFO,02/01/2024,09:29:40,413.85,412.3,80,413.65,200,200,4080
FINNIFTY02JAN2421050CE.NFO,02/01/2024,09:29:42,413.85,412.6,40,413.75,200,0,4080
FINNIFTY02JAN2421050CE.NFO,02/01/2024,09:29:43,413.85,411.15,80,412.5,200,0,4080
FINNIFTY02JAN2421050CE.NFO,02/01/2024,09:29:45,413.85,411.25,80,412.5,200,0,4080
FINNIFTY02JAN2421050CE.NFO,02/01/2024,09:29:47,413.85,410.35,40,411.65,200,0,4080
FINNIFTY02JAN2421050CE.NFO,02/01/2024,09:29:48,413.85,410.05,280,411.4,120,0,4080
FINNIFTY02JAN2421050CE.NFO,02/01/2024,09:29:50,413.85,410.8,80,412.25,320,0,4080
FINNIFTY02JAN2421050CE.NFO,02/01/2024,09:29:52,413.85,411.05,40,412.8,200,0,4080
FINNIFTY02JAN2421050CE.NFO,02/01/2024,09:29:53,413.85,412.55,40,414.5,200,0,4080
FINNIFTY02JAN2421050CE.NFO,02/01/2024,09:29:55,413.85,411.2,160,412.9,200,0,4080
FINNIFTY02JAN2421050CE.NFO,02/01/2024,09:29:57,413.85,411.15,120,412.6,200,0,4080
FINNIFTY02JAN2421050CE.NFO,02/01/2024,09:29:58,413.85,410.45,80,411.7,200,0,4080
FINNIFTY02JAN2421050CE.NFO,02/01/2024,09:30:00,413.85,410.8,200,412.8,120,0,4080
FINNIFTY02JAN2421050CE.NFO,02/01/2024,09:30:02,413.85,412.55,200,414.15,40,0,4080
FINNIFTY02JAN2421050CE.NFO,02/01/2024,09:30:03,413.85,409.5,40,411.15,200,0,4080
FINNIFTY02JAN2421050CE.NFO,02/01/2024,09:30:05,413.85,408.35,80,409.8,120,0,4080
FINNIFTY02JAN2421050CE.NFO,02/01/2024,09:30:07,413.85,407.15,40,408.5,200,0,4080
FINNIFTY02JAN2421050CE.NFO,02/01/2024,09:30:08,413.85,408.2,80,409.75,200,0,4080
FINNIFTY02JAN2421050CE.NFO,02/01/2024,09:30:10,413.85,408.9,280,410.6,200,0,4080
FINNIFTY02JAN2421050CE.NFO,02/01/2024,09:30:12,413.85,409.5,40,410.95,200,0,4080
FINNIFTY02JAN2421050CE.NFO,02/01/2024,09:30:13,413.85,410.25,600,412,40,0,4080
FINNIFTY02JAN2421050CE.NFO,02/01/2024,09:30:15,413.85,412.8,240,414.5,1040,0,4080
FINNIFTY02JAN2421050CE.NFO,02/01/2024,09:30:17,413.85,412.65,40,414.15,80,0,4080
FINNIFTY02JAN2421050CE.NFO,02/01/2024,09:30:18,413.85,414.15,80,415.65,200,0,4080
FINNIFTY02JAN2421050CE.NFO,02/01/2024,09:30:20,413.85,414.65,40,417.2,280,0,4080
FINNIFTY02JAN2421050CE.NFO,02/01/2024,09:30:22,413.85,414.3,240,415.4,200,0,4080
FINNIFTY02JAN2421050CE.NFO,02/01/2024,09:30:23,413.85,413.4,760,415.3,280,0,4080
FINNIFTY02JAN2421050CE.NFO,02/01/2024,09:30:25,413.85,413,560,414.3,200,0,4080
FINNIFTY02JAN2421050CE.NFO,02/01/2024,09:30:27,413.85,411.95,80,413.5,120,0,4080
FINNIFTY02JAN2421050CE.NFO,02/01/2024,09:30:28,413.85,411.65,40,413.3,240,0,4080
FINNIFTY02JAN2421050CE.NFO,02/01/2024,09:30:30,413.85,410.65,40,412.3,320,0,4080
FINNIFTY02JAN2421050CE.NFO,02/01/2024,09:30:32,413.85,409.55,40,411,160,0,4080
FINNIFTY02JAN2421050CE.NFO,02/01/2024,09:30:33,413.85,410.3,40,412,200,0,4080
FINNIFTY02JAN2421050CE.NFO,02/01/2024,09:30:35,413.85,410.85,80,412.2,200,0,4080
FINNIFTY02JAN2421050CE.NFO,02/01/2024,09:30:37,413.85,410.75,80,412.05,120,0,4080
FINNIFTY02JAN2421050CE.NFO,02/01/2024,09:30:38,413.85,410.1,280,411.55,200,0,4080
FINNIFTY02JAN2421050CE.NFO,02/01/2024,09:30:40,413.85,410.75,120,412.75,640,0,4080
FINNIFTY02JAN2421050CE.NFO,02/01/2024,09:30:42,413.85,412.8,160,414.25,200,0,4080
FINNIFTY02JAN2421050CE.NFO,02/01/2024,09:30:43,413.85,411.4,40,413.05,80,0,4080
FINNIFTY02JAN2421050CE.NFO,02/01/2024,09:30:45,413.85,411.9,40,413.25,200,0,4080
FINNIFTY02JAN2421050CE.NFO,02/01/2024,09:30:46,413.85,411.95,200,413.35,200,0,4080
FINNIFTY02JAN2421050CE.NFO,02/01/2024,09:30:48,413.85,411.65,80,412.95,200,0,4080
FINNIFTY02JAN2421050CE.NFO,02/01/2024,09:30:50,413.85,411.5,80,412.9,80,0,4080
FINNIFTY02JAN2421050CE.NFO,02/01/2024,09:30:51,413.85,411.45,240,412.85,80,0,4080
FINNIFTY02JAN2421050CE.NFO,02/01/2024,09:30:53,413.85,411.9,40,412.95,200,0,4080
FINNIFTY02JAN2421050CE.NFO,02/01/2024,09:30:55,413.85,411.3,40,412.5,200,0,4080
FINNIFTY02JAN2421050CE.NFO,02/01/2024,09:30:56,413.85,410.65,240,411.8,240,0,4080
FINNIFTY02JAN2421050CE.NFO,02/01/2024,09:30:58,413.85,410.05,40,411.4,360,0,4080
FINNIFTY02JAN2421050CE.NFO,02/01/2024,09:31:00,413.85,409.25,80,410.35,200,0,4080
FINNIFTY02JAN2421050CE.NFO,02/01/2024,09:31:01,413.85,409.3,40,410.7,120,0,4080
FINNIFTY02JAN2421050CE.NFO,02/01/2024,09:31:03,413.85,408.55,80,409.9,120,0,4080
FINNIFTY02JAN2421050CE.NFO,02/01/2024,09:31:05,413.85,407.3,920,408.85,200,0,4080
FINNIFTY02JAN2421050CE.NFO,02/01/2024,09:31:06,413.85,407.5,40,408.75,200,0,4080
FINNIFTY02JAN2421050CE.NFO,02/01/2024,09:31:08,413.85,407.9,200,409.25,200,0,4080
FINNIFTY02JAN2421050CE.NFO,02/01/2024,09:31:10,413.85,408.45,40,409.8,200,0,4080
FINNIFTY02JAN2421050CE.NFO,02/01/2024,09:31:11,413.85,408.4,160,410.4,520,0,4080
FINNIFTY02JAN2421050CE.NFO,02/01/2024,09:31:13,413.85,406.4,560,407.6,200,0,4080
FINNIFTY02JAN2421050CE.NFO,02/01/2024,09:31:15,413.85,404.4,200,406,120,0,4080
FINNIFTY02JAN2421050CE.NFO,02/01/2024,09:31:16,413.85,404.6,40,406.25,80,0,4080
FINNIFTY02JAN2421050CE.NFO,02/01/2024,09:31:18,413.85,406.05,80,407.85,400,0,4080
FINNIFTY02JAN2421050CE.NFO,02/01/2024,09:31:20,413.85,405.75,320,407.5,40,0,4080
FINNIFTY02JAN2421050CE.NFO,02/01/2024,09:31:21,413.85,405.5,40,406.9,200,0,4080
FINNIFTY02JAN2421050CE.NFO,02/01/2024,09:31:23,413.85,406.95,240,408.45,120,0,4080
FINNIFTY02JAN2421050CE.NFO,02/01/2024,09:31:24,413.85,406.55,80,407.8,200,0,4080
FINNIFTY02JAN2421050CE.NFO,02/01/2024,09:31:26,413.85,408.85,80,410.65,80,0,4080
FINNIFTY02JAN2421050CE.NFO,02/01/2024,09:31:28,413.85,409.2,40,410.8,240,0,4080
FINNIFTY02JAN2421050CE.NFO,02/01/2024,09:31:29,413.85,408.4,560,409.55,40,0,4080
FINNIFTY02JAN2421050CE.NFO,02/01/2024,09:31:31,413.85,408.45,240,409.8,440,0,4080
FINNIFTY02JAN2421050CE.NFO,02/01/2024,09:31:33,413.85,407.65,160,409.1,280,0,4080
FINNIFTY02JAN2421050CE.NFO,02/01/2024,09:31:34,413.85,405.85,80,407.25,160,0,4080
FINNIFTY02JAN2421050CE.NFO,02/01/2024,09:31:36,413.85,405.95,40,407.4,200,0,4080
FINNIFTY02JAN2421050CE.NFO,02/01/2024,09:31:38,413.85,405.7,80,406.9,400,0,4080
FINNIFTY02JAN2421050CE.NFO,02/01/2024,09:31:39,413.85,405.55,40,406.65,120,0,4080
FINNIFTY02JAN2421050CE.NFO,02/01/2024,09:31:41,413.85,403.85,1240,405.9,80,0,4080
FINNIFTY02JAN2421050CE.NFO,02/01/2024,09:31:43,413.85,404.6,40,406.05,440,0,4080
FINNIFTY02JAN2421050CE.NFO,02/01/2024,09:31:44,413.85,405.15,120,406.75,120,0,4080
FINNIFTY02JAN2421050CE.NFO,02/01/2024,09:31:46,413.85,405.6,40,407.5,40,0,4080
FINNIFTY02JAN2421050CE.NFO,02/01/2024,09:31:48,413.85,405.35,80,407.2,240,0,4080
FINNIFTY02JAN2421050CE.NFO,02/01/2024,09:31:50,413.85,406.35,240,407.9,120,0,4080
FINNIFTY02JAN2421050CE.NFO,02/01/2024,09:31:51,413.85,405.8,600,407.25,120,0,4080
FINNIFTY02JAN2421050CE.NFO,02/01/2024,09:31:53,413.85,405,80,406.15,40,0,4080
FINNIFTY02JAN2421050CE.NFO,02/01/2024,09:31:55,413.85,403,40,404.95,360,0,4080
FINNIFTY02JAN2421050CE.NFO,02/01/2024,09:31:56,413.85,403.15,40,404.75,120,0,4080
FINNIFTY02JAN2421050CE.NFO,02/01/2024,09:31:58,413.85,403.95,80,405.2,40,0,4080
FINNIFTY02JAN2421050CE.NFO,02/01/2024,09:32:00,413.85,404.55,80,406.25,120,0,4080
FINNIFTY02JAN2421050CE.NFO,02/01/2024,09:32:01,413.85,403.75,80,405.35,40,0,4080
FINNIFTY02JAN2421050CE.NFO,02/01/2024,09:32:03,413.85,403.25,40,405.1,240,0,4080
FINNIFTY02JAN2421050CE.NFO,02/01/2024,09:32:05,413.85,401.55,280,403.05,240,0,4080
FINNIFTY02JAN2421050CE.NFO,02/01/2024,09:32:06,413.85,401.75,40,403.65,3920,0,4080
FINNIFTY02JAN2421050CE.NFO,02/01/2024,09:32:08,413.85,401.7,80,403.05,240,0,4080
FINNIFTY02JAN2421050CE.NFO,02/01/2024,09:32:10,413.85,401.5,440,403.1,960,0,4080
FINNIFTY02JAN2421050CE.NFO,02/01/2024,09:32:11,413.85,402.7,40,404.35,120,0,4080
FINNIFTY02JAN2421050CE.NFO,02/01/2024,09:32:13,413.85,404.45,40,406.2,240,0,4080
FINNIFTY02JAN2421050CE.NFO,02/01/2024,09:32:14,413.85,403.1,80,404.3,280,0,4080
FINNIFTY02JAN2421050CE.NFO,02/01/2024,09:32:16,413.85,402.05,80,403.5,40,0,4080
FINNIFTY02JAN2421050CE.NFO,02/01/2024,09:32:18,413.85,401.05,40,402.4,200,0,4080
FINNIFTY02JAN2421050CE.NFO,02/01/2024,09:32:19,413.85,398.9,80,400.2,40,0,4080
FINNIFTY02JAN2421050CE.NFO,02/01/2024,09:32:21,413.85,399.25,160,401.1,80,0,4080
FINNIFTY02JAN2421050CE.NFO,02/01/2024,09:32:23,413.85,399.65,40,401.5,160,0,4080
FINNIFTY02JAN2421050CE.NFO,02/01/2024,09:32:24,413.85,399.35,40,400.95,120,0,4080
FINNIFTY02JAN2421050CE.NFO,02/01/2024,09:32:26,413.85,398.95,40,400.9,400,0,4080
FINNIFTY02JAN2421050CE.NFO,02/01/2024,09:32:28,413.85,400.05,120,401.65,440,0,4080
FINNIFTY02JAN2421050CE.NFO,02/01/2024,09:32:29,413.85,400.85,40,402.4,40,0,4080
FINNIFTY02JAN2421050CE.NFO,02/01/2024,09:32:31,413.85,401.6,40,403.2,120,0,4080
FINNIFTY02JAN2421050CE.NFO,02/01/2024,09:32:32,413.85,401.15,560,402.3,40,0,4080
FINNIFTY02JAN2421050CE.NFO,02/01/2024,09:32:34,413.85,401.15,560,402.35,200,0,4080
FINNIFTY02JAN2421050CE.NFO,02/01/2024,09:32:36,413.85,400.6,80,401.85,40,0,4080
FINNIFTY02JAN2421050CE.NFO,02/01/2024,09:32:37,413.85,398.8,360,400.3,120,0,4080
FINNIFTY02JAN2421050CE.NFO,02/01/2024,09:32:39,413.85,398.5,240,400,40,0,4080
FINNIFTY02JAN2421050CE.NFO,02/01/2024,09:32:41,413.85,399.35,40,400.9,80,0,4080
FINNIFTY02JAN2421050CE.NFO,02/01/2024,09:32:42,413.85,398.4,80,399.7,120,0,4080
FINNIFTY02JAN2421050CE.NFO,02/01/2024,09:32:44,413.85,398.5,120,400.5,280,0,4080
FINNIFTY02JAN2421050CE.NFO,02/01/2024,09:32:46,413.85,398.1,200,399.75,40,0,4080
FINNIFTY02JAN2421050CE.NFO,02/01/2024,09:32:47,413.85,398.45,280,400.1,120,0,4080
FINNIFTY02JAN2421050CE.NFO,02/01/2024,09:32:49,413.85,400.35,40,401.75,40,0,4080
FINNIFTY02JAN2421050CE.NFO,02/01/2024,09:32:51,413.85,399.4,40,401,200,0,4080
FINNIFTY02JAN2421050CE.NFO,02/01/2024,09:32:52,413.85,399.4,640,401.1,120,0,4080
FINNIFTY02JAN2421050CE.NFO,02/01/2024,09:32:54,413.85,399.9,40,401.55,360,0,4080
FINNIFTY02JAN2421050CE.NFO,02/01/2024,09:32:56,413.85,400,240,401.4,80,0,4080
FINNIFTY02JAN2421050CE.NFO,02/01/2024,09:32:57,413.85,400.05,80,401.5,40,0,4080
FINNIFTY02JAN2421050CE.NFO,02/01/2024,09:32:59,413.85,400.75,40,402.6,40,0,4080
FINNIFTY02JAN2421050CE.NFO,02/01/2024,09:33:01,413.85,401.3,480,404.2,80,0,4080
FINNIFTY02JAN2421050CE.NFO,02/01/2024,09:33:02,413.85,401.75,40,403.6,320,0,4080
FINNIFTY02JAN2421050CE.NFO,02/01/2024,09:33:04,413.85,401.6,320,402.95,120,0,4080
FINNIFTY02JAN2421050CE.NFO,02/01/2024,09:33:06,413.85,401.8,80,403.15,320,0,4080
FINNIFTY02JAN2421050CE.NFO,02/01/2024,09:33:07,413.85,400.4,200,402.1,80,0,4080
FINNIFTY02JAN2421050CE.NFO,02/01/2024,09:33:09,413.85,401.15,40,402.7,120,0,4080
FINNIFTY02JAN2421050CE.NFO,02/01/2024,09:33:11,413.85,400.85,400,402.2,200,0,4080
FINNIFTY02JAN2421050CE.NFO,02/01/2024,09:33:12,413.85,400.65,40,402,320,0,4080
FINNIFTY02JAN2421050CE.NFO,02/01/2024,09:33:14,413.85,399.3,160,400.65,160,0,4080
FINNIFTY02JAN2421050CE.NFO,02/01/2024,09:33:16,413.85,397.7,120,398.9,160,0,4080
FINNIFTY02JAN2421050CE.NFO,02/01/2024,09:33:17,413.85,397.4,80,398.9,40,0,4080
FINNIFTY02JAN2421050CE.NFO,02/01/2024,09:33:19,413.85,398.6,120,400.5,120,0,4080
FINNIFTY02JAN2421050CE.NFO,02/01/2024,09:33:21,413.85,398.45,40,400.05,240,0,4080
FINNIFTY02JAN2421050CE.NFO,02/01/2024,09:33:22,413.85,398.1,80,399.35,40,0,4080
FINNIFTY02JAN2421050CE.NFO,02/01/2024,09:33:24,413.85,397.45,40,399.05,40,0,4080
FINNIFTY02JAN2421050CE.NFO,02/01/2024,09:33:26,413.85,396,40,397.6,120,0,4080
FINNIFTY02JAN2421050CE.NFO,02/01/2024,09:33:27,413.85,396.15,80,397.95,120,0,4080
FINNIFTY02JAN2421050CE.NFO,02/01/2024,09:33:29,413.85,396.7,80,398,80,0,4080
FINNIFTY02JAN2421050CE.NFO,02/01/2024,09:33:31,413.85,397.9,80,399.45,80,0,4080
FINNIFTY02JAN2421050CE.NFO,02/01/2024,09:33:32,413.85,398.7,40,400.6,200,0,4080
FINNIFTY02JAN2421050CE.NFO,02/01/2024,09:33:34,413.85,398.6,80,400.1,160,0,4080
FINNIFTY02JAN2421050CE.NFO,02/01/2024,09:33:36,413.85,397.95,40,399.4,240,0,4080
FINNIFTY02JAN2421050CE.NFO,02/01/2024,09:33:37,413.85,399.6,40,401.5,400,0,4080
FINNIFTY02JAN2421050CE.NFO,02/01/2024,09:33:39,413.85,399,120,400.6,120,0,4080
FINNIFTY02JAN2421050CE.NFO,02/01/2024,09:33:41,413.85,398.35,80,399.85,120,0,4080
FINNIFTY02JAN2421050CE.NFO,02/01/2024,09:33:42,413.85,399.95,120,401.9,400,0,4080
FINNIFTY02JAN2421050CE.NFO,02/01/2024,09:33:44,413.85,400.45,80,402.1,120,0,4080
FINNIFTY02JAN2421050CE.NFO,02/01/2024,09:33:46,413.85,400.9,80,402.1,80,0,4080
FINNIFTY02JAN2421050CE.NFO,02/01/2024,09:33:47,413.85,400.7,40,402.2,40,0,4080
FINNIFTY02JAN2421050CE.NFO,02/01/2024,09:33:49,413.85,401.15,40,403.05,240,0,4080
FINNIFTY02JAN2421050CE.NFO,02/01/2024,09:33:51,413.85,403.65,240,405.15,160,0,4080
FINNIFTY02JAN2421050CE.NFO,02/01/2024,09:33:52,413.85,404.6,40,406.9,120,0,4080
FINNIFTY02JAN2421050CE.NFO,02/01/2024,09:33:54,413.85,404.65,40,406.2,40,0,4080
FINNIFTY02JAN2421050CE.NFO,02/01/2024,09:33:56,413.85,404.8,40,406.4,40,0,4080
FINNIFTY02JAN2421050CE.NFO,02/01/2024,09:33:57,413.85,404.15,80,405.85,840,0,4080
FINNIFTY02JAN2421050CE.NFO,02/01/2024,09:33:59,413.85,404.4,240,406,80,0,4080
FINNIFTY02JAN2421050CE.NFO,02/01/2024,09:34:01,413.85,404.15,40,405.75,120,0,4080
FINNIFTY02JAN2421050CE.NFO,02/01/2024,09:34:03,413.85,402.55,80,403.8,200,0,4080
FINNIFTY02JAN2421050CE.NFO,02/01/2024,09:34:04,413.85,402.45,40,404.05,120,0,4080
FINNIFTY02JAN2421050CE.NFO,02/01/2024,09:34:06,413.85,402.25,40,403.55,160,0,4080
FINNIFTY02JAN2421050CE.NFO,02/01/2024,09:34:08,413.85,401.5,960,403.1,360,0,4080
FINNIFTY02JAN2421050CE.NFO,02/01/2024,09:34:09,413.85,401.6,280,403.15,120,0,4080
FINNIFTY02JAN2421050CE.NFO,02/01/2024,09:34:11,413.85,400.95,80,402.15,160,0,4080
FINNIFTY02JAN2421050CE.NFO,02/01/2024,09:34:13,413.85,401.2,40,402.65,40,0,4080
FINNIFTY02JAN2421050CE.NFO,02/01/2024,09:34:14,413.85,401.75,160,403.15,200,0,4080
FINNIFTY02JAN2421050CE.NFO,02/01/2024,09:34:16,413.85,401.55,80,402.7,400,0,4080
FINNIFTY02JAN2421050CE.NFO,02/01/2024,09:34:18,413.85,401.15,40,402.95,640,0,4080
FINNIFTY02JAN2421050CE.NFO,02/01/2024,09:34:19,413.85,399.85,40,401.35,40,0,4080
FINNIFTY02JAN2421050CE.NFO,02/01/2024,09:34:21,413.85,399.85,440,401.15,40,0,4080
FINNIFTY02JAN2421050CE.NFO,02/01/2024,09:34:23,413.85,399,320,400.25,120,0,4080
FINNIFTY02JAN2421050CE.NFO,02/01/2024,09:34:24,413.85,397.05,720,398.65,40,0,4080
FINNIFTY02JAN2421050CE.NFO,02/01/2024,09:34:26,413.85,396.85,240,398.35,40,0,4080
FINNIFTY02JAN2421050CE.NFO,02/01/2024,09:34:28,413.85,397.35,40,398.9,160,0,4080
FINNIFTY02JAN2421050CE.NFO,02/01/2024,09:34:29,413.85,397.5,80,398.85,200,0,4080
FINNIFTY02JAN2421050CE.NFO,02/01/2024,09:34:31,413.85,396.9,440,398.55,240,0,4080
FINNIFTY02JAN2421050CE.NFO,02/01/2024,09:34:32,413.85,397.75,40,399.55,360,0,4080
FINNIFTY02JAN2421050CE.NFO,02/01/2024,09:34:34,413.85,398.1,40,399.75,240,0,4080
FINNIFTY02JAN2421050CE.NFO,02/01/2024,09:34:36,413.85,398.35,160,399.85,320,0,4080
FINNIFTY02JAN2421050CE.NFO,02/01/2024,09:34:37,413.85,398.1,80,399.6,280,0,4080
FINNIFTY02JAN2421050CE.NFO,02/01/2024,09:34:39,413.85,397.65,40,398.8,80,0,4080
FINNIFTY02JAN2421050CE.NFO,02/01/2024,09:34:41,413.85,398.2,240,399.9,400,0,4080
FINNIFTY02JAN2421050CE.NFO,02/01/2024,09:34:42,413.85,399.8,80,401.55,160,0,4080
FINNIFTY02JAN2421050CE.NFO,02/01/2024,09:34:44,413.85,399.5,160,400.85,120,0,4080
FINNIFTY02JAN2421050CE.NFO,02/01/2024,09:34:46,413.85,399.7,80,400.75,40,0,4080
FINNIFTY02JAN2421050CE.NFO,02/01/2024,09:34:47,413.85,399.7,40,401.05,200,0,4080
FINNIFTY02JAN2421050CE.NFO,02/01/2024,09:34:49,413.85,399.45,80,400.65,120,0,4080
FINNIFTY02JAN2421050CE.NFO,02/01/2024,09:34:51,413.85,398.95,800,400.5,200,0,4080
FINNIFTY02JAN2421050CE.NFO,02/01/2024,09:34:52,413.85,398.15,80,399.5,160,0,4080
FINNIFTY02JAN2421050CE.NFO,02/01/2024,09:34:54,413.85,398.05,560,399.05,800,0,4080
FINNIFTY02JAN2421050CE.NFO,02/01/2024,09:34:56,413.85,398.1,80,399.25,40,0,4080
FINNIFTY02JAN2421050CE.NFO,02/01/2024,09:34:57,413.85,398.85,40,400.6,400,0,4080
FINNIFTY02JAN2421050CE.NFO,02/01/2024,09:34:59,413.85,400,40,401.7,200,0,4080
FINNIFTY02JAN2421050CE.NFO,02/01/2024,09:35:01,413.85,401.5,40,402.75,120,0,4080
FINNIFTY02JAN2421050CE.NFO,02/01/2024,09:35:02,413.85,401.2,40,402.7,120,0,4080
FINNIFTY02JAN2421050CE.NFO,02/01/2024,09:35:04,413.85,403,200,405.9,200,0,4080
FINNIFTY02JAN2421050CE.NFO,02/01/2024,09:35:06,413.85,402.35,80,403.75,200,0,4080
FINNIFTY02JAN2421050CE.NFO,02/01/2024,09:35:07,413.85,401.95,40,404,120,0,4080
FINNIFTY02JAN2421050CE.NFO,02/01/2024,09:35:09,413.85,402.05,80,403.15,80,0,4080
FINNIFTY02JAN2421050CE.NFO,02/01/2024,09:35:11,413.85,400.95,560,401.9,200,0,4080
FINNIFTY02JAN2421050CE.NFO,02/01/2024,09:35:12,413.85,399.85,120,401.5,120,0,4080
FINNIFTY02JAN2421050CE.NFO,02/01/2024,09:35:14,413.85,400.55,40,402.1,40,0,4080
FINNIFTY02JAN2421050CE.NFO,02/01/2024,09:35:16,413.85,400.55,40,402,40,0,4080
FINNIFTY02JAN2421050CE.NFO,02/01/2024,09:35:17,413.85,400.55,40,402.7,80,0,4080
FINNIFTY02JAN2421050CE.NFO,02/01/2024,09:35:19,413.85,401.4,40,403.05,40,0,4080
FINNIFTY02JAN2421050CE.NFO,02/01/2024,09:35:21,413.85,403.25,40,404.75,200,0,4080
FINNIFTY02JAN2421050CE.NFO,02/01/2024,09:35:22,413.85,402.1,40,403.3,40,0,4080
FINNIFTY02JAN2421050CE.NFO,02/01/2024,09:35:24,413.85,401.95,80,403.25,120,0,4080
FINNIFTY02JAN2421050CE.NFO,02/01/2024,09:35:26,413.85,402.3,80,403.45,40,0,4080
FINNIFTY02JAN2421050CE.NFO,02/01/2024,09:35:27,413.85,401.7,40,403.05,160,0,4080
FINNIFTY02JAN2421050CE.NFO,02/01/2024,09:35:29,413.85,401.65,560,402.75,80,0,4080
FINNIFTY02JAN2421050CE.NFO,02/01/2024,09:35:31,413.85,400.55,80,401.8,360,0,4080
FINNIFTY02JAN2421050CE.NFO,02/01/2024,09:35:32,413.85,400.7,80,401.8,120,0,4080
FINNIFTY02JAN2421050CE.NFO,02/01/2024,09:35:34,413.85,401.2,40,402.75,200,0,4080
FINNIFTY02JAN2421050CE.NFO,02/01/2024,09:35:36,413.85,400.5,80,401.55,120,0,4080
FINNIFTY02JAN2421050CE.NFO,02/01/2024,09:35:37,413.85,399.15,680,400.6,240,0,4080
FINNIFTY02JAN2421050CE.NFO,02/01/2024,09:35:39,413.85,398.9,560,400,240,0,4080
FINNIFTY02JAN2421050CE.NFO,02/01/2024,09:35:41,413.85,399.05,40,400.55,400,0,4080
FINNIFTY02JAN2421050CE.NFO,02/01/2024,09:35:42,413.85,398.7,40,400.15,120,0,4080
FINNIFTY02JAN2421050CE.NFO,02/01/2024,09:35:44,413.85,399.05,80,400.15,200,0,4080
FINNIFTY02JAN2421050CE.NFO,02/01/2024,09:35:46,413.85,397.1,120,398.3,120,0,4080
FINNIFTY02JAN2421050CE.NFO,02/01/2024,09:35:47,413.85,396.4,160,397.75,200,0,4080
FINNIFTY02JAN2421050CE.NFO,02/01/2024,09:35:49,413.85,396.8,40,398.25,520,0,4080
FINNIFTY02JAN2421050CE.NFO,02/01/2024,09:35:51,413.85,397,40,398.6,4960,0,4080
FINNIFTY02JAN2421050CE.NFO,02/01/2024,09:35:52,413.85,397.15,80,398.55,160,0,4080
FINNIFTY02JAN2421050CE.NFO,02/01/2024,09:35:54,413.85,396.2,560,397.35,120,0,4080
FINNIFTY02JAN2421050CE.NFO,02/01/2024,09:35:56,413.85,394.7,80,396.2,40,0,4080
FINNIFTY02JAN2421050CE.NFO,02/01/2024,09:35:57,413.85,395,40,396.9,80,0,4080
FINNIFTY02JAN2421050CE.NFO,02/01/2024,09:35:59,413.85,395.7,40,397.3,40,0,4080
FINNIFTY02JAN2421050CE.NFO,02/01/2024,09:36:01,413.85,394.8,560,396.05,200,0,4080
FINNIFTY02JAN2421050CE.NFO,02/01/2024,09:36:02,413.85,394.7,80,396.25,120,0,4080
FINNIFTY02JAN2421050CE.NFO,02/01/2024,09:36:04,413.85,395.55,40,397.35,200,0,4080
FINNIFTY02JAN2421050CE.NFO,02/01/2024,09:36:06,413.85,395.6,200,397.45,160,0,4080
FINNIFTY02JAN2421050CE.NFO,02/01/2024,09:36:07,413.85,395.95,120,397.95,560,0,4080
FINNIFTY02JAN2421050CE.NFO,02/01/2024,09:36:09,413.85,396.6,240,398,120,0,4080
FINNIFTY02JAN2421050CE.NFO,02/01/2024,09:36:11,413.85,396.6,120,398.05,40,0,4080
FINNIFTY02JAN2421050CE.NFO,02/01/2024,09:36:13,413.85,396.3,40,397.65,320,0,4080
FINNIFTY02JAN2421050CE.NFO,02/01/2024,09:36:14,413.85,394.6,240,396.2,240,0,4080
FINNIFTY02JAN2421050CE.NFO,02/01/2024,09:36:16,413.85,391.1,840,393.85,840,0,4080
FINNIFTY02JAN2421050CE.NFO,02/01/2024,09:36:18,413.85,391.15,680,392.75,320,0,4080
FINNIFTY02JAN2421050CE.NFO,02/01/2024,09:36:19,413.85,391.9,80,394,1680,0,4080
FINNIFTY02JAN2421050CE.NFO,02/01/2024,09:36:21,413.85,391.65,280,392.95,200,0,4080
FINNIFTY02JAN2421050CE.NFO,02/01/2024,09:36:23,413.85,391.7,480,393.2,440,0,4080
FINNIFTY02JAN2421050CE.NFO,02/01/2024,09:36:24,413.85,393.2,80,395.1,80,0,4080
FINNIFTY02JAN2421050CE.NFO,02/01/2024,09:36:26,413.85,394.65,120,396.2,280,0,4080
FINNIFTY02JAN2421050CE.NFO,02/01/2024,09:36:28,413.85,394.3,160,396.55,360,0,4080
FINNIFTY02JAN2421050CE.NFO,02/01/2024,09:36:29,413.85,395.7,120,397.75,200,0,4080
FINNIFTY02JAN2421050CE.NFO,02/01/2024,09:36:31,413.85,396,40,397.4,400,0,4080
FINNIFTY02JAN2421050CE.NFO,02/01/2024,09:36:33,413.85,395,80,396.9,160,0,4080
FINNIFTY02JAN2421050CE.NFO,02/01/2024,09:36:34,413.85,394.8,280,396.2,80,0,4080
FINNIFTY02JAN2421050CE.NFO,02/01/2024,09:36:36,413.85,394.9,80,396.6,40,0,4080
FINNIFTY02JAN2421050CE.NFO,02/01/2024,09:36:38,413.85,394.1,160,395.5,120,0,4080
FINNIFTY02JAN2421050CE.NFO,02/01/2024,09:36:39,413.85,395.35,40,397,40,0,4080
FINNIFTY02JAN2421050CE.NFO,02/01/2024,09:36:41,413.85,396.05,120,397.55,80,0,4080
FINNIFTY02JAN2421050CE.NFO,02/01/2024,09:36:43,413.85,395.8,40,397.1,360,0,4080
FINNIFTY02JAN2421050CE.NFO,02/01/2024,09:36:44,413.85,396.4,40,397.85,120,0,4080
FINNIFTY02JAN2421050CE.NFO,02/01/2024,09:36:46,413.85,396.8,40,398.2,120,0,4080
FINNIFTY02JAN2421050CE.NFO,02/01/2024,09:36:48,413.85,396.65,40,398.2,320,0,4080
FINNIFTY02JAN2421050CE.NFO,02/01/2024,09:36:49,413.85,396.1,80,397.4,40,0,4080
FINNIFTY02JAN2421050CE.NFO,02/01/2024,09:36:51,413.85,396.95,80,398.2,80,0,4080
FINNIFTY02JAN2421050CE.NFO,02/01/2024,09:36:53,413.85,397.2,80,398.5,200,0,4080
FINNIFTY02JAN2421050CE.NFO,02/01/2024,09:36:54,413.85,398,40,399.7,80,0,4080
FINNIFTY02JAN2421050CE.NFO,02/01/2024,09:36:56,413.85,397.65,80,398.8,80,0,4080
FINNIFTY02JAN2421050CE.NFO,02/01/2024,09:36:58,413.85,397.4,40,399,40,0,4080
FINNIFTY02JAN2421050CE.NFO,02/01/2024,09:36:59,413.85,397.65,240,398.8,120,0,4080
FINNIFTY02JAN2421050CE.NFO,02/01/2024,09:37:01,413.85,399.4,40,400.95,120,0,4080
FINNIFTY02JAN2421050CE.NFO,02/01/2024,09:37:03,413.85,399.5,240,400.7,280,0,4080
FINNIFTY02JAN2421050CE.NFO,02/01/2024,09:37:04,413.85,399.9,240,401.3,200,0,4080
FINNIFTY02JAN2421050CE.NFO,02/01/2024,09:37:06,413.85,399.95,40,401.55,40,0,4080
FINNIFTY02JAN2421050CE.NFO,02/01/2024,09:37:08,413.85,399.7,80,401.05,800,0,4080
FINNIFTY02JAN2421050CE.NFO,02/01/2024,09:37:09,413.85,399.15,80,400.35,120,0,4080
FINNIFTY02JAN2421050CE.NFO,02/01/2024,09:37:11,413.85,399.05,240,400.25,200,0,4080
FINNIFTY02JAN2421050CE.NFO,02/01/2024,09:37:13,413.85,398.65,40,399.7,240,0,4080
FINNIFTY02JAN2421050CE.NFO,02/01/2024,09:37:14,413.85,397.85,240,399.3,80,0,4080
FINNIFTY02JAN2421050CE.NFO,02/01/2024,09:37:16,413.85,398.4,40,399.95,40,0,4080
FINNIFTY02JAN2421050CE.NFO,02/01/2024,09:37:18,413.85,398.2,40,399.85,80,0,4080
FINNIFTY02JAN2421050CE.NFO,02/01/2024,09:37:19,413.85,398.55,40,400.1,40,0,4080
FINNIFTY02JAN2421050CE.NFO,02/01/2024,09:37:21,413.85,399.25,240,400.55,280,0,4080
FINNIFTY02JAN2421050CE.NFO,02/01/2024,09:37:23,413.85,399.25,40,400.6,40,0,4080
FINNIFTY02JAN2421050CE.NFO,02/01/2024,09:37:24,413.85,399.85,40,401.25,40,0,4080
FINNIFTY02JAN2421050CE.NFO,02/01/2024,09:37:26,413.85,401.1,40,402.35,120,0,4080
FINNIFTY02JAN2421050CE.NFO,02/01/2024,09:37:28,413.85,401.25,240,402.5,120,0,4080
FINNIFTY02JAN2421050CE.NFO,02/01/2024,09:37:29,413.85,401.75,240,403.4,120,0,4080
FINNIFTY02JAN2421050CE.NFO,02/01/2024,09:37:31,413.85,403.4,80,405.4,240,0,4080
FINNIFTY02JAN2421050CE.NFO,02/01/2024,09:37:33,413.85,403.65,40,405.2,40,0,4080
FINNIFTY02JAN2421050CE.NFO,02/01/2024,09:37:34,413.85,403.8,40,405.1,40,0,4080
FINNIFTY02JAN2421050CE.NFO,02/01/2024,09:37:36,413.85,402.85,600,404.4,120,0,4080
FINNIFTY02JAN2421050CE.NFO,02/01/2024,09:37:38,413.85,401.55,80,402.95,280,0,4080
FINNIFTY02JAN2421050CE.NFO,02/01/2024,09:37:39,413.85,402.35,40,404.05,200,0,4080
FINNIFTY02JAN2421050CE.NFO,02/01/2024,09:37:41,413.85,403.35,40,405,80,0,4080
FINNIFTY02JAN2421050CE.NFO,02/01/2024,09:37:43,413.85,403.3,120,405.05,1080,0,4080
FINNIFTY02JAN2421050CE.NFO,02/01/2024,09:37:44,413.85,402.6,160,403.85,240,0,4080
FINNIFTY02JAN2421050CE.NFO,02/01/2024,09:37:46,413.85,401.15,40,402.8,80,0,4080
FINNIFTY02JAN2421050CE.NFO,02/01/2024,09:37:49,413.85,401.9,40,403.4,200,0,4080
FINNIFTY02JAN2421050CE.NFO,02/01/2024,09:37:51,413.85,402.1,80,403.45,120,0,4080
FINNIFTY02JAN2421050CE.NFO,02/01/2024,09:37:53,413.85,401.4,720,403,760,0,4080
FINNIFTY02JAN2421050CE.NFO,02/01/2024,09:37:54,413.85,402.4,40,403.85,40,0,4080
FINNIFTY02JAN2421050CE.NFO,02/01/2024,09:37:56,413.85,402.5,40,404.15,40,0,4080
FINNIFTY02JAN2421050CE.NFO,02/01/2024,09:37:58,413.85,402.75,80,403.95,320,0,4080
FINNIFTY02JAN2421050CE.NFO,02/01/2024,09:37:59,413.85,401.85,40,403.45,240,0,4080
FINNIFTY02JAN2421050CE.NFO,02/01/2024,09:38:01,413.85,402.2,120,403.7,440,0,4080
FINNIFTY02JAN2421050CE.NFO,02/01/2024,09:38:03,413.85,402.75,160,404.45,240,0,4080
FINNIFTY02JAN2421050CE.NFO,02/01/2024,09:38:04,413.85,402.25,40,403.6,40,0,4080
FINNIFTY02JAN2421050CE.NFO,02/01/2024,09:38:06,413.85,401.8,80,403,200,0,4080
FINNIFTY02JAN2421050CE.NFO,02/01/2024,09:38:08,413.85,401.8,240,402.9,40,0,4080
FINNIFTY02JAN2421050CE.NFO,02/01/2024,09:38:09,413.85,401.75,560,402.75,200,0,4080
FINNIFTY02JAN2421050CE.NFO,02/01/2024,09:38:11,413.85,399.7,880,402.2,80,0,4080
FINNIFTY02JAN2421050CE.NFO,02/01/2024,09:38:13,413.85,400.7,120,402.45,240,0,4080
FINNIFTY02JAN2421050CE.NFO,02/01/2024,09:38:14,413.85,401.75,40,403.15,200,0,4080
FINNIFTY02JAN2421050CE.NFO,02/01/2024,09:38:16,413.85,402.6,240,403.75,40,0,4080
FINNIFTY02JAN2421050CE.NFO,02/01/2024,09:38:18,413.85,401.95,160,403.1,120,0,4080
FINNIFTY02JAN2421050CE.NFO,02/01/2024,09:38:19,413.85,402.1,40,403.8,1440,0,4080
FINNIFTY02JAN2421050CE.NFO,02/01/2024,09:38:21,413.85,403.7,80,404.95,240,0,4080
FINNIFTY02JAN2421050CE.NFO,02/01/2024,09:38:23,413.85,404.15,120,405.65,120,0,4080
FINNIFTY02JAN2421050CE.NFO,02/01/2024,09:38:24,413.85,404.15,560,405.25,160,0,4080
FINNIFTY02JAN2421050CE.NFO,02/01/2024,09:38:26,413.85,403.75,40,405.4,40,0,4080
FINNIFTY02JAN2421050CE.NFO,02/01/2024,09:38:28,413.85,405,160,406.6,440,0,4080
FINNIFTY02JAN2421050CE.NFO,02/01/2024,09:38:29,413.85,404.65,440,406.6,40,0,4080
FINNIFTY02JAN2421050CE.NFO,02/01/2024,09:38:31,413.85,404.8,80,406.3,240,0,4080
FINNIFTY02JAN2421050CE.NFO,02/01/2024,09:38:33,413.85,405,40,406.75,200,0,4080
FINNIFTY02JAN2421050CE.NFO,02/01/2024,09:38:34,413.85,403.8,40,405.4,400,0,4080
FINNIFTY02JAN2421050CE.NFO,02/01/2024,09:38:36,413.85,403.5,240,404.95,440,0,4080
FINNIFTY02JAN2421050CE.NFO,02/01/2024,09:38:38,413.85,405.35,40,407.2,200,0,4080
FINNIFTY02JAN2421050CE.NFO,02/01/2024,09:38:39,413.85,405.65,80,407.1,40,0,4080
FINNIFTY02JAN2421050CE.NFO,02/01/2024,09:38:41,413.85,405.2,560,407.05,80,0,4080
FINNIFTY02JAN2421050CE.NFO,02/01/2024,09:38:43,413.85,404.35,320,406.15,40,0,4080
FINNIFTY02JAN2421050CE.NFO,02/01/2024,09:38:44,413.85,405.45,40,407.25,120,0,4080
FINNIFTY02JAN2421050CE.NFO,02/01/2024,09:38:46,413.85,404.65,80,405.95,200,0,4080
FINNIFTY02JAN2421050CE.NFO,02/01/2024,09:38:48,413.85,404.1,40,405.55,480,0,4080
FINNIFTY02JAN2421050CE.NFO,02/01/2024,09:38:49,413.85,404.5,40,406.25,40,0,4080
FINNIFTY02JAN2421050CE.NFO,02/01/2024,09:38:51,413.85,403.1,800,404.55,120,0,4080
FINNIFTY02JAN2421050CE.NFO,02/01/2024,09:38:53,413.85,404.9,400,406.6,200,0,4080
FINNIFTY02JAN2421050CE.NFO,02/01/2024,09:38:54,413.85,405.5,40,407.1,200,0,4080
FINNIFTY02JAN2421050CE.NFO,02/01/2024,09:38:56,413.85,406.35,40,408,80,0,4080
FINNIFTY02JAN2421050CE.NFO,02/01/2024,09:38:58,413.85,410.2,200,412.9,120,0,4080
FINNIFTY02JAN2421050CE.NFO,02/01/2024,09:38:59,413.85,409.45,40,412.2,360,0,4080
FINNIFTY02JAN2421050CE.NFO,02/01/2024,09:39:01,413.85,410.7,120,412.65,1200,0,4080
FINNIFTY02JAN2421050CE.NFO,02/01/2024,09:39:03,421.7,413.35,40,415.9,360,40,3880
FINNIFTY02JAN2421050CE.NFO,02/01/2024,09:39:03,421.7,413.35,40,415.9,360,0,3880
FINNIFTY02JAN2421050CE.NFO,02/01/2024,09:39:04,421.7,412.6,520,414.9,40,0,3880
FINNIFTY02JAN2421050CE.NFO,02/01/2024,09:39:06,421.7,413.5,200,415.15,40,0,3880
FINNIFTY02JAN2421050CE.NFO,02/01/2024,09:39:08,421.7,413.4,40,415,200,0,3880
FINNIFTY02JAN2421050CE.NFO,02/01/2024,09:39:09,421.7,411.5,280,413.2,120,0,3880
FINNIFTY02JAN2421050CE.NFO,02/01/2024,09:39:11,421.7,411.3,40,412.9,40,0,3880
FINNIFTY02JAN2421050CE.NFO,02/01/2024,09:39:13,421.7,411.7,80,412.95,200,0,3880
FINNIFTY02JAN2421050CE.NFO,02/01/2024,09:39:14,421.7,411.85,40,413.2,200,0,3880
FINNIFTY02JAN2421050CE.NFO,02/01/2024,09:39:16,421.7,410.25,120,411.85,200,0,3880
FINNIFTY02JAN2421050CE.NFO,02/01/2024,09:39:18,421.7,409.1,80,410.7,120,0,3880
FINNIFTY02JAN2421050CE.NFO,02/01/2024,09:39:19,421.7,410.05,40,411.55,120,0,3880
FINNIFTY02JAN2421050CE.NFO,02/01/2024,09:39:21,421.7,411.25,120,412.65,120,0,3880
FINNIFTY02JAN2421050CE.NFO,02/01/2024,09:39:23,421.7,411.65,40,413.35,200,0,3880
FINNIFTY02JAN2421050CE.NFO,02/01/2024,09:39:24,421.7,411,80,412.25,240,0,3880
FINNIFTY02JAN2421050CE.NFO,02/01/2024,09:39:26,421.7,411.95,40,413.85,800,0,3880
FINNIFTY02JAN2421050CE.NFO,02/01/2024,09:39:28,421.7,412.7,40,414.5,40,0,3880
FINNIFTY02JAN2421050CE.NFO,02/01/2024,09:39:29,421.7,411.65,40,413.75,240,0,3880
FINNIFTY02JAN2421050CE.NFO,02/01/2024,09:39:31,421.7,411.35,80,412.6,120,0,3880
FINNIFTY02JAN2421050CE.NFO,02/01/2024,09:39:33,421.7,410.95,80,412.4,240,0,3880
FINNIFTY02JAN2421050CE.NFO,02/01/2024,09:39:34,421.7,411.1,40,412.8,120,0,3880
FINNIFTY02JAN2421050CE.NFO,02/01/2024,09:39:36,421.7,410,80,411.4,200,0,3880
FINNIFTY02JAN2421050CE.NFO,02/01/2024,09:39:38,421.7,409.9,40,411.25,120,0,3880
FINNIFTY02JAN2421050CE.NFO,02/01/2024,09:39:39,421.7,410.65,40,412.1,40,0,3880
FINNIFTY02JAN2421050CE.NFO,02/01/2024,09:39:41,421.7,410.95,400,412.85,40,0,3880
FINNIFTY02JAN2421050CE.NFO,02/01/2024,09:39:43,421.7,411.85,240,413.5,120,0,3880
FINNIFTY02JAN2421050CE.NFO,02/01/2024,09:39:44,421.7,413.75,40,416.3,40,0,3880
FINNIFTY02JAN2421050CE.NFO,02/01/2024,09:39:46,421.7,416.25,40,422.85,80,0,3880
FINNIFTY02JAN2421050CE.NFO,02/01/2024,09:39:48,421.7,413.45,80,415.85,80,0,3880
FINNIFTY02JAN2421050CE.NFO,02/01/2024,09:39:49,421.7,415.15,80,416.85,40,0,3880
FINNIFTY02JAN2421050CE.NFO,02/01/2024,09:39:51,421.7,415.65,200,417.95,40,0,3880
FINNIFTY02JAN2421050CE.NFO,02/01/2024,09:39:53,421.7,414.8,40,416.55,80,0,3880
FINNIFTY02JAN2421050CE.NFO,02/01/2024,09:39:54,421.7,415,40,417,40,0,3880
FINNIFTY02JAN2421050CE.NFO,02/01/2024,09:39:56,421.7,413.55,40,415.55,40,0,3880
FINNIFTY02JAN2421050CE.NFO,02/01/2024,09:39:58,421.7,414.15,160,415.35,40,0,3880
FINNIFTY02JAN2421050CE.NFO,02/01/2024,09:39:59,421.7,413.65,80,415,120,0,3880
FINNIFTY02JAN2421050CE.NFO,02/01/2024,09:40:01,421.7,412.2,40,413.85,120,0,3880
FINNIFTY02JAN2421050CE.NFO,02/01/2024,09:40:03,421.7,415.1,320,416.95,440,0,3880
FINNIFTY02JAN2421050CE.NFO,02/01/2024,09:40:04,421.7,415.05,40,416.5,120,0,3880
FINNIFTY02JAN2421050CE.NFO,02/01/2024,09:40:06,421.7,413.05,40,414.8,120,0,3880
FINNIFTY02JAN2421050CE.NFO,02/01/2024,09:40:08,421.7,413.2,40,415.1,200,0,3880
FINNIFTY02JAN2421050CE.NFO,02/01/2024,09:40:09,421.7,412.65,40,414.55,40,0,3880
FINNIFTY02JAN2421050CE.NFO,02/01/2024,09:40:11,421.7,412.7,80,413.85,80,0,3880
FINNIFTY02JAN2421050CE.NFO,02/01/2024,09:40:13,421.7,412.5,40,413.85,80,0,3880
FINNIFTY02JAN2421050CE.NFO,02/01/2024,09:40:14,421.7,412.6,240,414.15,40,0,3880
FINNIFTY02JAN2421050CE.NFO,02/01/2024,09:40:16,421.7,412.85,400,414.2,320,0,3880
FINNIFTY02JAN2421050CE.NFO,02/01/2024,09:40:18,421.7,414.25,40,416.95,10680,0,3880
FINNIFTY02JAN2421050CE.NFO,02/01/2024,09:40:19,421.7,415.3,40,416.8,120,0,3880
FINNIFTY02JAN2421050CE.NFO,02/01/2024,09:40:21,421.7,415.35,40,416.95,120,0,3880
FINNIFTY02JAN2421050CE.NFO,02/01/2024,09:40:23,421.7,414.2,40,416,120,0,3880
FINNIFTY02JAN2421050CE.NFO,02/01/2024,09:40:24,421.7,414.55,240,415.75,160,0,3880
FINNIFTY02JAN2421050CE.NFO,02/01/2024,09:40:26,421.7,410.6,80,414.65,80,0,3880
FINNIFTY02JAN2421050CE.NFO,02/01/2024,09:40:28,421.7,411,40,412.8,40,0,3880
FINNIFTY02JAN2421050CE.NFO,02/01/2024,09:40:29,421.7,411.55,40,413.65,80,0,3880
FINNIFTY02JAN2421050CE.NFO,02/01/2024,09:40:31,421.7,411.25,40,412.65,80,0,3880
FINNIFTY02JAN2421050CE.NFO,02/01/2024,09:40:33,421.7,410.8,240,412.2,400,0,3880
FINNIFTY02JAN2421050CE.NFO,02/01/2024,09:40:34,421.7,411,80,412.55,240,0,3880
FINNIFTY02JAN2421050CE.NFO,02/01/2024,09:40:36,421.7,412,120,413.65,240,0,3880
FINNIFTY02JAN2421050CE.NFO,02/01/2024,09:40:38,421.7,411.75,200,413.35,200,0,3880
FINNIFTY02JAN2421050CE.NFO,02/01/2024,09:40:39,421.7,411.75,40,413.1,120,0,3880
FINNIFTY02JAN2421050CE.NFO,02/01/2024,09:40:41,421.7,411.15,520,412.9,120,0,3880
FINNIFTY02JAN2421050CE.NFO,02/01/2024,09:40:43,421.7,409.25,720,411.35,480,0,3880
FINNIFTY02JAN2421050CE.NFO,02/01/2024,09:40:45,421.7,409.35,240,410.85,280,0,3880
FINNIFTY02JAN2421050CE.NFO,02/01/2024,09:40:46,421.7,407.85,40,409.45,120,0,3880
FINNIFTY02JAN2421050CE.NFO,02/01/2024,09:40:48,421.7,408.15,240,409.6,320,0,3880
FINNIFTY02JAN2421050CE.NFO,02/01/2024,09:40:50,421.7,408.6,40,410.6,280,0,3880
FINNIFTY02JAN2421050CE.NFO,02/01/2024,09:40:51,421.7,409.5,240,410.85,40,0,3880
FINNIFTY02JAN2421050CE.NFO,02/01/2024,09:40:53,421.7,409.9,40,411.3,120,0,3880
FINNIFTY02JAN2421050CE.NFO,02/01/2024,09:40:55,421.7,411.35,40,412.75,80,0,3880
FINNIFTY02JAN2421050CE.NFO,02/01/2024,09:40:56,421.7,410.35,40,411.8,40,0,3880
FINNIFTY02JAN2421050CE.NFO,02/01/2024,09:40:58,421.7,410,40,411.3,160,0,3880
FINNIFTY02JAN2421050CE.NFO,02/01/2024,09:41:00,421.7,411.75,200,413.85,440,0,3880
FINNIFTY02JAN2421050CE.NFO,02/01/2024,09:41:01,421.7,410.15,40,412.15,2240,0,3880
FINNIFTY02JAN2421050CE.NFO,02/01/2024,09:41:03,421.7,409.85,80,411.2,200,0,3880
FINNIFTY02JAN2421050CE.NFO,02/01/2024,09:41:05,421.7,410.15,80,411.4,160,0,3880
FINNIFTY02JAN2421050CE.NFO,02/01/2024,09:41:06,421.7,410.65,240,412,720,0,3880
FINNIFTY02JAN2421050CE.NFO,02/01/2024,09:41:08,421.7,410.7,80,412.15,80,0,3880
FINNIFTY02JAN2421050CE.NFO,02/01/2024,09:41:10,421.7,409.85,400,411.2,280,0,3880
FINNIFTY02JAN2421050CE.NFO,02/01/2024,09:41:11,421.7,408.7,920,410.35,40,0,3880
FINNIFTY02JAN2421050CE.NFO,02/01/2024,09:41:13,421.7,409.05,40,410.6,40,0,3880
FINNIFTY02JAN2421050CE.NFO,02/01/2024,09:41:15,421.7,409.55,40,411.05,80,0,3880
FINNIFTY02JAN2421050CE.NFO,02/01/2024,09:41:16,421.7,408.95,40,410.9,480,0,3880
FINNIFTY02JAN2421050CE.NFO,02/01/2024,09:41:18,421.7,409.3,240,410.5,160,0,3880
FINNIFTY02JAN2421050CE.NFO,02/01/2024,09:41:20,421.7,408.8,40,411.65,960,0,3880
FINNIFTY02JAN2421050CE.NFO,02/01/2024,09:41:21,421.7,410.1,120,412,40,0,3880
FINNIFTY02JAN2421050CE.NFO,02/01/2024,09:41:23,421.7,410.9,200,412.55,40,0,3880
FINNIFTY02JAN2421050CE.NFO,02/01/2024,09:41:25,421.7,410.75,280,412.2,360,0,3880
FINNIFTY02JAN2421050CE.NFO,02/01/2024,09:41:26,421.7,410.45,40,411.9,120,0,3880
FINNIFTY02JAN2421050CE.NFO,02/01/2024,09:41:28,421.7,410.55,40,412,280,0,3880
FINNIFTY02JAN2421050CE.NFO,02/01/2024,09:41:30,421.7,410.15,80,411.55,440,0,3880
FINNIFTY02JAN2421050CE.NFO,02/01/2024,09:41:31,421.7,410,40,411.85,480,0,3880
FINNIFTY02JAN2421050CE.NFO,02/01/2024,09:41:33,421.7,410.55,120,412.1,800,0,3880
FINNIFTY02JAN2421050CE.NFO,02/01/2024,09:41:35,421.7,410.6,40,411.9,80,0,3880
FINNIFTY02JAN2421050CE.NFO,02/01/2024,09:41:36,421.7,410,80,411.35,320,0,3880
FINNIFTY02JAN2421050CE.NFO,02/01/2024,09:41:38,421.7,409.05,80,410.6,120,0,3880
FINNIFTY02JAN2421050CE.NFO,02/01/2024,09:41:40,421.7,409.35,80,410.55,40,0,3880
FINNIFTY02JAN2421050CE.NFO,02/01/2024,09:41:41,421.7,410.25,600,411.95,40,0,3880
FINNIFTY02JAN2421050CE.NFO,02/01/2024,09:41:43,421.7,410.75,80,411.9,480,0,3880
FINNIFTY02JAN2421050CE.NFO,02/01/2024,09:41:45,421.7,410.9,120,412.25,40,0,3880
FINNIFTY02JAN2421050CE.NFO,02/01/2024,09:41:46,421.7,411.1,40,412.35,80,0,3880
FINNIFTY02JAN2421050CE.NFO,02/01/2024,09:41:48,421.7,410.35,40,411.75,40,0,3880
FINNIFTY02JAN2421050CE.NFO,02/01/2024,09:41:50,421.7,410.1,640,411.7,120,0,3880
FINNIFTY02JAN2421050CE.NFO,02/01/2024,09:41:51,421.7,409.6,40,411.2,320,0,3880
FINNIFTY02JAN2421050CE.NFO,02/01/2024,09:41:53,421.7,409.25,40,410.85,80,0,3880
FINNIFTY02JAN2421050CE.NFO,02/01/2024,09:41:55,421.7,409.75,120,411.15,80,0,3880
FINNIFTY02JAN2421050CE.NFO,02/01/2024,09:41:56,421.7,409.95,80,411,40,0,3880
FINNIFTY02JAN2421050CE.NFO,02/01/2024,09:41:58,421.7,409.45,40,411.1,120,0,3880
FINNIFTY02JAN2421050CE.NFO,02/01/2024,09:42:00,421.7,409.15,800,410.65,200,0,3880
FINNIFTY02JAN2421050CE.NFO,02/01/2024,09:42:01,421.7,406.3,40,408.25,40,0,3880
FINNIFTY02JAN2421050CE.NFO,02/01/2024,09:42:03,421.7,405.85,80,408.5,80,0,3880
FINNIFTY02JAN2421050CE.NFO,02/01/2024,09:42:05,421.7,406.35,240,407.85,520,0,3880
FINNIFTY02JAN2421050CE.NFO,02/01/2024,09:42:06,421.7,403.75,40,405.55,40,0,3880
FINNIFTY02JAN2421050CE.NFO,02/01/2024,09:42:08,421.7,404,40,405.7,120,0,3880
FINNIFTY02JAN2421050CE.NFO,02/01/2024,09:42:10,421.7,405.45,40,407.6,40,0,3880
FINNIFTY02JAN2421050CE.NFO,02/01/2024,09:42:11,421.7,405.65,80,407.05,40,0,3880
FINNIFTY02JAN2421050CE.NFO,02/01/2024,09:42:13,421.7,405.25,80,406.5,40,0,3880
FINNIFTY02JAN2421050CE.NFO,02/01/2024,09:42:15,421.7,405.25,240,406.65,360,0,3880
FINNIFTY02JAN2421050CE.NFO,02/01/2024,09:42:16,421.7,405.35,240,406.85,440,0,3880
FINNIFTY02JAN2421050CE.NFO,02/01/2024,09:42:18,421.7,405.8,120,407.45,1960,0,3880
FINNIFTY02JAN2421050CE.NFO,02/01/2024,09:42:20,421.7,406.9,40,408.4,40,0,3880
FINNIFTY02JAN2421050CE.NFO,02/01/2024,09:42:21,421.7,405.5,1120,407.4,80,0,3880
FINNIFTY02JAN2421050CE.NFO,02/01/2024,09:42:23,421.7,405.35,80,406.85,120,0,3880
FINNIFTY02JAN2421050CE.NFO,02/01/2024,09:42:25,421.7,405.55,40,407.05,40,0,3880
FINNIFTY02JAN2421050CE.NFO,02/01/2024,09:42:26,421.7,405.45,40,407.4,40,0,3880
FINNIFTY02JAN2421050CE.NFO,02/01/2024,09:42:28,421.7,405.2,40,407,80,0,3880
FINNIFTY02JAN2421050CE.NFO,02/01/2024,09:42:30,421.7,406.05,40,407.55,120,0,3880
FINNIFTY02JAN2421050CE.NFO,02/01/2024,09:42:31,421.7,406.95,120,408.3,120,0,3880
FINNIFTY02JAN2421050CE.NFO,02/01/2024,09:42:33,421.7,406.65,80,408.2,200,0,3880
FINNIFTY02JAN2421050CE.NFO,02/01/2024,09:42:35,421.7,406.15,40,407.8,400,0,3880
FINNIFTY02JAN2421050CE.NFO,02/01/2024,09:42:36,421.7,406.4,240,407.75,40,0,3880
FINNIFTY02JAN2421050CE.NFO,02/01/2024,09:42:38,421.7,406.45,40,407.95,40,0,3880
FINNIFTY02JAN2421050CE.NFO,02/01/2024,09:42:40,421.7,407.8,160,409.05,40,0,3880
FINNIFTY02JAN2421050CE.NFO,02/01/2024,09:42:41,421.7,407.15,80,408.4,200,0,3880
FINNIFTY02JAN2421050CE.NFO,02/01/2024,09:42:43,421.7,407.45,40,408.8,80,0,3880
FINNIFTY02JAN2421050CE.NFO,02/01/2024,09:42:45,421.7,408.15,40,409.65,400,0,3880
FINNIFTY02JAN2421050CE.NFO,02/01/2024,09:42:46,421.7,407.5,40,408.85,120,0,3880
FINNIFTY02JAN2421050CE.NFO,02/01/2024,09:42:48,421.7,407.75,40,409.5,720,0,3880
FINNIFTY02JAN2421050CE.NFO,02/01/2024,09:42:50,421.7,407.85,320,409.05,80,0,3880
FINNIFTY02JAN2421050CE.NFO,02/01/2024,09:42:51,421.7,408.4,240,409.75,40,0,3880
FINNIFTY02JAN2421050CE.NFO,02/01/2024,09:42:53,421.7,409.6,320,412,4680,0,3880
FINNIFTY02JAN2421050CE.NFO,02/01/2024,09:42:55,421.7,409.8,40,411.6,880,0,3880
FINNIFTY02JAN2421050CE.NFO,02/01/2024,09:42:56,421.7,410.25,80,411.65,80,0,3880
FINNIFTY02JAN2421050CE.NFO,02/01/2024,09:42:58,421.7,410.7,40,412.05,40,0,3880
FINNIFTY02JAN2421050CE.NFO,02/01/2024,09:43:00,421.7,409.5,600,411.65,400,0,3880
FINNIFTY02JAN2421050CE.NFO,02/01/2024,09:43:01,421.7,408.8,40,410.55,160,0,3880
FINNIFTY02JAN2421050CE.NFO,02/01/2024,09:43:03,421.7,409.65,40,411,40,0,3880
FINNIFTY02JAN2421050CE.NFO,02/01/2024,09:43:05,421.7,410.4,200,412.25,280,0,3880
FINNIFTY02JAN2421050CE.NFO,02/01/2024,09:43:06,421.7,409.6,920,411.25,160,0,3880
FINNIFTY02JAN2421050CE.NFO,02/01/2024,09:43:08,421.7,409.9,240,411.1,200,0,3880
FINNIFTY02JAN2421050CE.NFO,02/01/2024,09:43:10,421.7,409,80,410.4,40,0,3880
FINNIFTY02JAN2421050CE.NFO,02/01/2024,09:43:11,421.7,408.65,80,409.95,120,0,3880
FINNIFTY02JAN2421050CE.NFO,02/01/2024,09:43:13,421.7,406.15,960,407.75,120,0,3880
FINNIFTY02JAN2421050CE.NFO,02/01/2024,09:43:15,421.7,406.6,80,408.05,400,0,3880
FINNIFTY02JAN2421050CE.NFO,02/01/2024,09:43:16,421.7,406.85,80,408.3,40,0,3880
FINNIFTY02JAN2421050CE.NFO,02/01/2024,09:43:18,421.7,405.8,80,407.55,120,0,3880
FINNIFTY02JAN2421050CE.NFO,02/01/2024,09:43:20,421.7,405.6,240,407.05,280,0,3880
FINNIFTY02JAN2421050CE.NFO,02/01/2024,09:43:21,421.7,405.7,80,407.1,40,0,3880
FINNIFTY02JAN2421050CE.NFO,02/01/2024,09:43:23,421.7,405.65,80,406.85,80,0,3880
FINNIFTY02JAN2421050CE.NFO,02/01/2024,09:43:25,421.7,404.65,80,406.4,200,0,3880
FINNIFTY02JAN2421050CE.NFO,02/01/2024,09:43:26,421.7,403.45,80,404.7,40,0,3880
FINNIFTY02JAN2421050CE.NFO,02/01/2024,09:43:28,421.7,403.65,240,405,240,0,3880
FINNIFTY02JAN2421050CE.NFO,02/01/2024,09:43:30,421.7,404.6,40,406.1,1000,0,3880
FINNIFTY02JAN2421050CE.NFO,02/01/2024,09:43:31,421.7,404.7,40,406.05,120,0,3880
FINNIFTY02JAN2421050CE.NFO,02/01/2024,09:43:33,421.7,402.45,400,404.35,120,0,3880
FINNIFTY02JAN2421050CE.NFO,02/01/2024,09:43:35,421.7,402.7,40,404.25,720,0,3880
FINNIFTY02JAN2421050CE.NFO,02/01/2024,09:43:36,421.7,401.35,280,403.5,120,0,3880
FINNIFTY02JAN2421050CE.NFO,02/01/2024,09:43:38,421.7,400.3,760,402.25,680,0,3880
FINNIFTY02JAN2421050CE.NFO,02/01/2024,09:43:40,421.7,400.65,80,402.6,120,0,3880
FINNIFTY02JAN2421050CE.NFO,02/01/2024,09:43:41,421.7,401.3,80,402.6,120,0,3880
FINNIFTY02JAN2421050CE.NFO,02/01/2024,09:43:43,421.7,400.65,400,402.35,240,0,3880
FINNIFTY02JAN2421050CE.NFO,02/01/2024,09:43:45,421.7,400.4,440,402.75,160,0,3880
FINNIFTY02JAN2421050CE.NFO,02/01/2024,09:43:46,421.7,401.1,240,402.45,80,0,3880
FINNIFTY02JAN2421050CE.NFO,02/01/2024,09:43:48,421.7,403.35,120,404.9,80,0,3880
FINNIFTY02JAN2421050CE.NFO,02/01/2024,09:43:50,421.7,403.25,40,404.65,200,0,3880
FINNIFTY02JAN2421050CE.NFO,02/01/2024,09:43:51,421.7,402.3,160,403.85,120,0,3880
FINNIFTY02JAN2421050CE.NFO,02/01/2024,09:43:53,421.7,401.45,80,403.4,200,0,3880
FINNIFTY02JAN2421050CE.NFO,02/01/2024,09:43:55,421.7,401.5,80,402.8,400,0,3880
FINNIFTY02JAN2421050CE.NFO,02/01/2024,09:43:56,421.7,401.15,40,403.1,40,0,3880
FINNIFTY02JAN2421050CE.NFO,02/01/2024,09:43:58,421.7,401.85,40,403.75,240,0,3880
FINNIFTY02JAN2421050CE.NFO,02/01/2024,09:44:00,421.7,402.8,240,404.8,40,0,3880
FINNIFTY02JAN2421050CE.NFO,02/01/2024,09:44:01,421.7,400.9,40,402.75,80,0,3880
FINNIFTY02JAN2421050CE.NFO,02/01/2024,09:44:03,421.7,400.1,80,401.5,440,0,3880
FINNIFTY02JAN2421050CE.NFO,02/01/2024,09:44:05,421.7,398.05,40,399.55,120,0,3880
FINNIFTY02JAN2421050CE.NFO,02/01/2024,09:44:06,421.7,398.5,80,399.95,40,0,3880
FINNIFTY02JAN2421050CE.NFO,02/01/2024,09:44:08,421.7,398.65,160,400,240,0,3880
FINNIFTY02JAN2421050CE.NFO,02/01/2024,09:44:10,421.7,397.4,40,399.35,40,0,3880
FINNIFTY02JAN2421050CE.NFO,02/01/2024,09:44:11,421.7,398.2,40,400.1,360,0,3880
FINNIFTY02JAN2421050CE.NFO,02/01/2024,09:44:13,421.7,399.05,40,400.55,240,0,3880
FINNIFTY02JAN2421050CE.NFO,02/01/2024,09:44:15,421.7,398.75,280,400.55,200,0,3880
FINNIFTY02JAN2421050CE.NFO,02/01/2024,09:44:16,421.7,398.55,40,400.55,40,0,3880
FINNIFTY02JAN2421050CE.NFO,02/01/2024,09:44:18,421.7,395.9,480,398.9,120,0,3880
FINNIFTY02JAN2421050CE.NFO,02/01/2024,09:44:20,421.7,396.15,120,398.05,240,0,3880
FINNIFTY02JAN2421050CE.NFO,02/01/2024,09:44:21,421.7,398.3,40,400,240,0,3880
FINNIFTY02JAN2421050CE.NFO,02/01/2024,09:44:23,421.7,398.25,200,399.9,40,0,3880
FINNIFTY02JAN2421050CE.NFO,02/01/2024,09:44:25,421.7,398.05,240,399.75,120,0,3880
FINNIFTY02JAN2421050CE.NFO,02/01/2024,09:44:26,421.7,398.6,40,401,200,0,3880
FINNIFTY02JAN2421050CE.NFO,02/01/2024,09:44:28,421.7,399.3,120,400.9,240,0,3880
FINNIFTY02JAN2421050CE.NFO,02/01/2024,09:44:30,421.7,398.45,200,400.2,2040,0,3880
FINNIFTY02JAN2421050CE.NFO,02/01/2024,09:44:31,421.7,398.9,40,400.85,200,0,3880
FINNIFTY02JAN2421050CE.NFO,02/01/2024,09:44:33,421.7,398.4,80,400.15,120,0,3880
FINNIFTY02JAN2421050CE.NFO,02/01/2024,09:44:35,421.7,397.4,200,398.85,40,0,3880
FINNIFTY02JAN2421050CE.NFO,02/01/2024,09:44:36,421.7,397.25,40,398.85,80,0,3880
FINNIFTY02JAN2421050CE.NFO,02/01/2024,09:44:38,421.7,398.15,40,400.05,240,0,3880
FINNIFTY02JAN2421050CE.NFO,02/01/2024,09:44:40,421.7,398.45,40,399.95,2440,0,3880
FINNIFTY02JAN2421050CE.NFO,02/01/2024,09:44:41,421.7,399.35,40,401,120,0,3880
FINNIFTY02JAN2421050CE.NFO,02/01/2024,09:44:43,421.7,399.65,120,401.4,400,0,3880
FINNIFTY02JAN2421050CE.NFO,02/01/2024,09:44:45,421.7,399.85,200,401.2,80,0,3880
FINNIFTY02JAN2421050CE.NFO,02/01/2024,09:44:46,421.7,398.95,200,400.35,40,0,3880
FINNIFTY02JAN2421050CE.NFO,02/01/2024,09:44:48,421.7,398,1040,399.75,40,0,3880
FINNIFTY02JAN2421050CE.NFO,02/01/2024,09:44:50,421.7,398.55,200,399.9,120,0,3880
FINNIFTY02JAN2421050CE.NFO,02/01/2024,09:44:51,421.7,398.55,40,400.4,200,0,3880
FINNIFTY02JAN2421050CE.NFO,02/01/2024,09:44:53,421.7,398.65,240,399.95,360,0,3880
FINNIFTY02JAN2421050CE.NFO,02/01/2024,09:44:55,421.7,399.15,80,400.45,40,0,3880
FINNIFTY02JAN2421050CE.NFO,02/01/2024,09:44:56,421.7,398.4,80,399.65,120,0,3880
FINNIFTY02JAN2421050CE.NFO,02/01/2024,09:44:58,421.7,397.8,80,399.2,80,0,3880
FINNIFTY02JAN2421050CE.NFO,02/01/2024,09:45:00,421.7,397.75,280,399.2,40,0,3880
FINNIFTY02JAN2421050CE.NFO,02/01/2024,09:45:01,421.7,396.25,320,397.7,240,0,3880
FINNIFTY02JAN2421050CE.NFO,02/01/2024,09:45:03,421.7,396.8,40,398.7,120,0,3880
FINNIFTY02JAN2421050CE.NFO,02/01/2024,09:45:05,421.7,398.55,40,400.9,200,0,3880
FINNIFTY02JAN2421050CE.NFO,02/01/2024,09:45:06,421.7,397.3,40,398.8,40,0,3880
FINNIFTY02JAN2421050CE.NFO,02/01/2024,09:45:08,421.7,397.05,80,398,40,0,3880
FINNIFTY02JAN2421050CE.NFO,02/01/2024,09:45:10,421.7,397.3,40,398.7,40,0,3880
FINNIFTY02JAN2421050CE.NFO,02/01/2024,09:45:11,421.7,397.9,40,399.25,40,0,3880
FINNIFTY02JAN2421050CE.NFO,02/01/2024,09:45:13,421.7,397.3,40,399.25,40,0,3880
FINNIFTY02JAN2421050CE.NFO,02/01/2024,09:45:15,421.7,392.55,160,399.3,520,0,3880
FINNIFTY02JAN2421050CE.NFO,02/01/2024,09:45:16,421.7,398.05,80,399.4,40,0,3880
FINNIFTY02JAN2421050CE.NFO,02/01/2024,09:45:18,421.7,396.9,200,398.4,40,0,3880
FINNIFTY02JAN2421050CE.NFO,02/01/2024,09:45:20,421.7,397,240,398.4,440,0,3880
FINNIFTY02JAN2421050CE.NFO,02/01/2024,09:45:21,421.7,396.75,80,397.9,160,0,3880
FINNIFTY02JAN2421050CE.NFO,02/01/2024,09:45:23,421.7,395.6,80,397.75,240,0,3880
FINNIFTY02JAN2421050CE.NFO,02/01/2024,09:45:25,421.7,395.4,80,396.55,120,0,3880
FINNIFTY02JAN2421050CE.NFO,02/01/2024,09:45:26,421.7,392.85,40,394.35,40,0,3880
FINNIFTY02JAN2421050CE.NFO,02/01/2024,09:45:28,421.7,393.15,80,394.95,120,0,3880
FINNIFTY02JAN2421050CE.NFO,02/01/2024,09:45:30,421.7,393.55,80,395.05,400,0,3880
FINNIFTY02JAN2421050CE.NFO,02/01/2024,09:45:31,421.7,394.5,40,400.6,40,0,3880
FINNIFTY02JAN2421050CE.NFO,02/01/2024,09:45:33,421.7,394.25,240,395.8,80,0,3880
FINNIFTY02JAN2421050CE.NFO,02/01/2024,09:45:35,421.7,394.85,280,396.15,120,0,3880
FINNIFTY02JAN2421050CE.NFO,02/01/2024,09:45:36,421.7,394.9,80,396.45,200,0,3880
FINNIFTY02JAN2421050CE.NFO,02/01/2024,09:45:38,421.7,394.6,40,396.1,160,0,3880
FINNIFTY02JAN2421050CE.NFO,02/01/2024,09:45:40,421.7,394.7,480,396.15,40,0,3880
FINNIFTY02JAN2421050CE.NFO,02/01/2024,09:45:41,421.7,394.8,80,396.15,120,0,3880
FINNIFTY02JAN2421050CE.NFO,02/01/2024,09:45:43,421.7,394.5,80,395.8,80,0,3880
FINNIFTY02JAN2421050CE.NFO,02/01/2024,09:45:45,421.7,394.15,320,395.65,200,0,3880
FINNIFTY02JAN2421050CE.NFO,02/01/2024,09:45:46,421.7,392.8,40,394.85,40,0,3880
FINNIFTY02JAN2421050CE.NFO,02/01/2024,09:45:48,421.7,391.5,40,393.25,80,0,3880
FINNIFTY02JAN2421050CE.NFO,02/01/2024,09:45:50,421.7,391.5,40,393.2,200,0,3880
FINNIFTY02JAN2421050CE.NFO,02/01/2024,09:45:51,421.7,390.75,120,392.35,160,0,3880
FINNIFTY02JAN2421050CE.NFO,02/01/2024,09:45:53,421.7,390.85,80,392.15,240,0,3880
FINNIFTY02JAN2421050CE.NFO,02/01/2024,09:45:55,421.7,385.85,240,390.75,200,0,3880
FINNIFTY02JAN2421050CE.NFO,02/01/2024,09:45:56,421.7,388.9,400,391.45,600,0,3880
FINNIFTY02JAN2421050CE.NFO,02/01/2024,09:45:58,421.7,388.25,40,390.6,360,0,3880
FINNIFTY02JAN2421050CE.NFO,02/01/2024,09:46:00,421.7,387.7,40,389.7,120,0,3880
FINNIFTY02JAN2421050CE.NFO,02/01/2024,09:46:01,421.7,388.1,80,391.05,200,0,3880
FINNIFTY02JAN2421050CE.NFO,02/01/2024,09:46:03,421.7,387.25,40,389.6,80,0,3880
FINNIFTY02JAN2421050CE.NFO,02/01/2024,09:46:05,421.7,386.6,80,387.85,40,0,3880
FINNIFTY02JAN2421050CE.NFO,02/01/2024,09:46:06,421.7,385.4,400,387.2,400,0,3880
FINNIFTY02JAN2421050CE.NFO,02/01/2024,09:46:08,421.7,387.75,120,389.55,40,0,3880
FINNIFTY02JAN2421050CE.NFO,02/01/2024,09:46:10,421.7,387,920,388.6,40,0,3880
FINNIFTY02JAN2421050CE.NFO,02/01/2024,09:46:11,421.7,386.1,40,387.95,120,0,3880
FINNIFTY02JAN2421050CE.NFO,02/01/2024,09:46:13,421.7,386.5,200,388.35,520,0,3880
FINNIFTY02JAN2421050CE.NFO,02/01/2024,09:46:15,421.7,386.9,40,388.4,120,0,3880
FINNIFTY02JAN2421050CE.NFO,02/01/2024,09:46:16,421.7,388.2,240,389.75,200,0,3880
FINNIFTY02JAN2421050CE.NFO,02/01/2024,09:46:18,421.7,388.8,120,390.55,280,0,3880
FINNIFTY02JAN2421050CE.NFO,02/01/2024,09:46:20,421.7,388.5,80,389.75,440,0,3880
FINNIFTY02JAN2421050CE.NFO,02/01/2024,09:46:21,421.7,388.35,40,390,80,0,3880
FINNIFTY02JAN2421050CE.NFO,02/01/2024,09:46:23,421.7,389,40,390.55,200,0,3880
FINNIFTY02JAN2421050CE.NFO,02/01/2024,09:46:25,421.7,389.4,240,390.85,120,0,3880
FINNIFTY02JAN2421050CE.NFO,02/01/2024,09:46:26,421.7,388.85,40,390.45,120,0,3880
FINNIFTY02JAN2421050CE.NFO,02/01/2024,09:46:28,421.7,389.5,40,391.7,120,0,3880
FINNIFTY02JAN2421050CE.NFO,02/01/2024,09:46:30,421.7,390.8,40,392.7,40,0,3880
FINNIFTY02JAN2421050CE.NFO,02/01/2024,09:46:31,421.7,390.9,120,392.55,120,0,3880
FINNIFTY02JAN2421050CE.NFO,02/01/2024,09:46:33,421.7,391.6,400,393.35,2200,0,3880
FINNIFTY02JAN2421050CE.NFO,02/01/2024,09:46:35,421.7,392.05,80,393.3,240,0,3880
FINNIFTY02JAN2421050CE.NFO,02/01/2024,09:46:36,421.7,391.85,80,393.2,400,0,3880
FINNIFTY02JAN2421050CE.NFO,02/01/2024,09:46:38,421.7,390.8,40,392.4,200,0,3880
FINNIFTY02JAN2421050CE.NFO,02/01/2024,09:46:40,421.7,391.15,80,392.85,80,0,3880
FINNIFTY02JAN2421050CE.NFO,02/01/2024,09:46:41,421.7,391.65,40,393.4,40,0,3880
FINNIFTY02JAN2421050CE.NFO,02/01/2024,09:46:43,421.7,392.35,120,393.75,240,0,3880
FINNIFTY02JAN2421050CE.NFO,02/01/2024,09:46:45,421.7,392.6,40,394.1,240,0,3880
FINNIFTY02JAN2421050CE.NFO,02/01/2024,09:46:46,421.7,392.4,200,393.75,40,0,3880
FINNIFTY02JAN2421050CE.NFO,02/01/2024,09:46:48,421.7,393.05,120,394.9,200,0,3880
FINNIFTY02JAN2421050CE.NFO,02/01/2024,09:46:50,421.7,392.9,120,394.4,200,0,3880
FINNIFTY02JAN2421050CE.NFO,02/01/2024,09:46:51,421.7,394.05,120,395.8,80,0,3880
FINNIFTY02JAN2421050CE.NFO,02/01/2024,09:46:53,421.7,393.9,40,395.45,40,0,3880
FINNIFTY02JAN2421050CE.NFO,02/01/2024,09:46:55,421.7,394,120,395.15,80,0,3880
FINNIFTY02JAN2421050CE.NFO,02/01/2024,09:46:56,421.7,393.75,80,395.25,40,0,3880
FINNIFTY02JAN2421050CE.NFO,02/01/2024,09:46:58,421.7,394.2,40,395.45,80,0,3880
FINNIFTY02JAN2421050CE.NFO,02/01/2024,09:47:00,421.7,393.8,80,395,160,0,3880
FINNIFTY02JAN2421050CE.NFO,02/01/2024,09:47:01,421.7,395.4,40,399.25,120,0,3880
FINNIFTY02JAN2421050CE.NFO,02/01/2024,09:47:03,421.7,397.05,120,399.3,40,0,3880
FINNIFTY02JAN2421050CE.NFO,02/01/2024,09:47:05,421.7,397,40,398.65,80,0,3880
FINNIFTY02JAN2421050CE.NFO,02/01/2024,09:47:07,421.7,395.4,40,396.7,40,0,3880
FINNIFTY02JAN2421050CE.NFO,02/01/2024,09:47:08,421.7,395.3,80,396.75,40,0,3880
FINNIFTY02JAN2421050CE.NFO,02/01/2024,09:47:10,421.7,396.35,80,397.7,40,0,3880
FINNIFTY02JAN2421050CE.NFO,02/01/2024,09:47:12,421.7,396.5,40,397.9,120,0,3880
FINNIFTY02JAN2421050CE.NFO,02/01/2024,09:47:13,421.7,396.85,40,398.25,120,0,3880
FINNIFTY02JAN2421050CE.NFO,02/01/2024,09:47:15,421.7,395.85,280,397.6,320,0,3880
FINNIFTY02JAN2421050CE.NFO,02/01/2024,09:47:16,421.7,396.2,80,397.55,80,0,3880
FINNIFTY02JAN2421050CE.NFO,02/01/2024,09:47:18,421.7,397.7,120,399.1,440,0,3880
FINNIFTY02JAN2421050CE.NFO,02/01/2024,09:47:20,421.7,396.7,40,398.3,40,0,3880
FINNIFTY02JAN2421050CE.NFO,02/01/2024,09:47:21,421.7,397.25,280,398.5,200,0,3880
FINNIFTY02JAN2421050CE.NFO,02/01/2024,09:47:23,421.7,397.75,80,398.8,120,0,3880
FINNIFTY02JAN2421050CE.NFO,02/01/2024,09:47:25,421.7,397.15,40,398.25,200,0,3880
FINNIFTY02JAN2421050CE.NFO,02/01/2024,09:47:26,421.7,397.3,80,398.5,80,0,3880
FINNIFTY02JAN2421050CE.NFO,02/01/2024,09:47:28,421.7,398.5,40,399.9,80,0,3880
FINNIFTY02JAN2421050CE.NFO,02/01/2024,09:47:30,421.7,399.15,160,400.6,200,0,3880
FINNIFTY02JAN2421050CE.NFO,02/01/2024,09:47:31,421.7,400.5,240,402.05,120,0,3880
FINNIFTY02JAN2421050CE.NFO,02/01/2024,09:47:33,421.7,400,440,401.4,40,0,3880
FINNIFTY02JAN2421050CE.NFO,02/01/2024,09:47:35,421.7,400.25,40,401.65,200,0,3880
FINNIFTY02JAN2421050CE.NFO,02/01/2024,09:47:36,421.7,400.3,80,401.7,200,0,3880
FINNIFTY02JAN2421050CE.NFO,02/01/2024,09:47:38,421.7,400.8,80,402.6,280,0,3880
FINNIFTY02JAN2421050CE.NFO,02/01/2024,09:47:40,421.7,400.1,80,401.8,120,0,3880
FINNIFTY02JAN2421050CE.NFO,02/01/2024,09:47:41,421.7,399.75,40,401.2,200,0,3880
FINNIFTY02JAN2421050CE.NFO,02/01/2024,09:47:43,421.7,400.35,40,401.85,200,0,3880
FINNIFTY02JAN2421050CE.NFO,02/01/2024,09:47:45,421.7,400.3,80,401.5,200,0,3880
FINNIFTY02JAN2421050CE.NFO,02/01/2024,09:47:46,421.7,399.1,40,400.6,120,0,3880
FINNIFTY02JAN2421050CE.NFO,02/01/2024,09:47:48,421.7,400.45,80,402.25,360,0,3880
FINNIFTY02JAN2421050CE.NFO,02/01/2024,09:47:50,421.7,400.9,40,402.05,200,0,3880
FINNIFTY02JAN2421050CE.NFO,02/01/2024,09:47:51,421.7,400.85,280,402.35,80,0,3880
FINNIFTY02JAN2421050CE.NFO,02/01/2024,09:47:53,421.7,398.5,80,400.05,200,0,3880
FINNIFTY02JAN2421050CE.NFO,02/01/2024,09:47:55,421.7,396.2,40,398.3,40,0,3880
FINNIFTY02JAN2421050CE.NFO,02/01/2024,09:47:56,421.7,397.9,240,399.7,240,0,3880
FINNIFTY02JAN2421050CE.NFO,02/01/2024,09:47:58,421.7,398.25,40,399.7,200,0,3880
FINNIFTY02JAN2421050CE.NFO,02/01/2024,09:48:00,421.7,398.75,120,400.45,480,0,3880
FINNIFTY02JAN2421050CE.NFO,02/01/2024,09:48:01,421.7,397.8,200,399.15,200,0,3880
FINNIFTY02JAN2421050CE.NFO,02/01/2024,09:48:03,421.7,398,240,399.35,200,0,3880
FINNIFTY02JAN2421050CE.NFO,02/01/2024,09:48:05,421.7,397.05,240,398.35,80,0,3880
FINNIFTY02JAN2421050CE.NFO,02/01/2024,09:48:06,421.7,395.9,40,397.35,200,0,3880
FINNIFTY02JAN2421050CE.NFO,02/01/2024,09:48:08,421.7,396.05,80,397.3,360,0,3880
FINNIFTY02JAN2421050CE.NFO,02/01/2024,09:48:10,421.7,395.7,80,397.2,200,0,3880
FINNIFTY02JAN2421050CE.NFO,02/01/2024,09:48:11,421.7,395.9,80,397.1,80,0,3880
FINNIFTY02JAN2421050CE.NFO,02/01/2024,09:48:13,421.7,396.4,80,397.8,40,0,3880
FINNIFTY02JAN2421050CE.NFO,02/01/2024,09:48:15,421.7,396.7,40,398.1,160,0,3880
FINNIFTY02JAN2421050CE.NFO,02/01/2024,09:48:16,421.7,396.55,320,397.85,200,0,3880
FINNIFTY02JAN2421050CE.NFO,02/01/2024,09:48:18,421.7,394.6,40,396.25,80,0,3880
FINNIFTY02JAN2421050CE.NFO,02/01/2024,09:48:20,421.7,394.3,40,395.7,200,0,3880
FINNIFTY02JAN2421050CE.NFO,02/01/2024,09:48:21,421.7,394.5,40,396,400,0,3880
FINNIFTY02JAN2421050CE.NFO,02/01/2024,09:48:23,421.7,394.45,80,395.7,200,0,3880
FINNIFTY02JAN2421050CE.NFO,02/01/2024,09:48:25,421.7,393.45,80,394.8,320,0,3880
FINNIFTY02JAN2421050CE.NFO,02/01/2024,09:48:26,421.7,393.3,40,394.95,40,0,3880
FINNIFTY02JAN2421050CE.NFO,02/01/2024,09:48:28,421.7,393.5,80,394.95,200,0,3880
FINNIFTY02JAN2421050CE.NFO,02/01/2024,09:48:30,421.7,393.6,120,395.05,200,0,3880
FINNIFTY02JAN2421050CE.NFO,02/01/2024,09:48:31,421.7,394,80,395.2,80,0,3880
FINNIFTY02JAN2421050CE.NFO,02/01/2024,09:48:33,421.7,393.75,80,394.95,200,0,3880
FINNIFTY02JAN2421050CE.NFO,02/01/2024,09:48:35,421.7,392.75,160,393.95,200,0,3880
FINNIFTY02JAN2421050CE.NFO,02/01/2024,09:48:36,421.7,392.45,80,393.9,80,0,3880
FINNIFTY02JAN2421050CE.NFO,02/01/2024,09:48:38,421.7,392.8,160,393.95,200,0,3880
FINNIFTY02JAN2421050CE.NFO,02/01/2024,09:48:40,421.7,392.95,80,394.45,200,0,3880
FINNIFTY02JAN2421050CE.NFO,02/01/2024,09:48:41,421.7,394.85,200,396.2,80,0,3880
FINNIFTY02JAN2421050CE.NFO,02/01/2024,09:48:43,421.7,395.45,40,396.7,200,0,3880
FINNIFTY02JAN2421050CE.NFO,02/01/2024,09:48:45,421.7,395.65,240,396.9,80,0,3880
FINNIFTY02JAN2421050CE.NFO,02/01/2024,09:48:46,421.7,396.45,40,397.95,40,0,3880
FINNIFTY02JAN2421050CE.NFO,02/01/2024,09:48:48,421.7,397,80,398.15,520,0,3880
FINNIFTY02JAN2421050CE.NFO,02/01/2024,09:48:50,421.7,396.8,80,398.2,200,0,3880
FINNIFTY02JAN2421050CE.NFO,02/01/2024,09:48:51,421.7,396.2,80,397.8,80,0,3880
FINNIFTY02JAN2421050CE.NFO,02/01/2024,09:48:53,421.7,396.55,40,397.75,200,0,3880
FINNIFTY02JAN2421050CE.NFO,02/01/2024,09:48:55,421.7,397.6,40,399.2,200,0,3880
FINNIFTY02JAN2421050CE.NFO,02/01/2024,09:48:56,421.7,398,160,399.3,200,0,3880
FINNIFTY02JAN2421050CE.NFO,02/01/2024,09:48:58,421.7,398.35,40,399.6,200,0,3880
FINNIFTY02JAN2421050CE.NFO,02/01/2024,09:49:00,421.7,398.2,40,399.55,200,0,3880
FINNIFTY02JAN2421050CE.NFO,02/01/2024,09:49:01,421.7,398.45,440,400.2,120,0,3880
FINNIFTY02JAN2421050CE.NFO,02/01/2024,09:49:03,421.7,398.85,240,400.05,120,0,3880
FINNIFTY02JAN2421050CE.NFO,02/01/2024,09:49:05,421.7,398.65,200,400.05,640,0,3880
FINNIFTY02JAN2421050CE.NFO,02/01/2024,09:49:06,421.7,397.6,80,398.8,80,0,3880
FINNIFTY02JAN2421050CE.NFO,02/01/2024,09:49:08,421.7,396.6,40,397.9,80,0,3880
FINNIFTY02JAN2421050CE.NFO,02/01/2024,09:49:10,421.7,396.35,80,397.4,160,0,3880
FINNIFTY02JAN2421050CE.NFO,02/01/2024,09:49:11,421.7,395.95,80,397.15,200,0,3880
FINNIFTY02JAN2421050CE.NFO,02/01/2024,09:49:13,421.7,394.6,40,396.1,200,0,3880
FINNIFTY02JAN2421050CE.NFO,02/01/2024,09:49:15,421.7,395.55,40,397.05,200,0,3880
FINNIFTY02JAN2421050CE.NFO,02/01/2024,09:49:17,421.7,395.65,320,397.05,160,0,3880
FINNIFTY02JAN2421050CE.NFO,02/01/2024,09:49:18,421.7,395.9,240,397.15,240,0,3880
FINNIFTY02JAN2421050CE.NFO,02/01/2024,09:49:20,421.7,396.8,40,398.2,80,0,3880
FINNIFTY02JAN2421050CE.NFO,02/01/2024,09:49:22,421.7,396.8,40,398.15,520,0,3880
FINNIFTY02JAN2421050CE.NFO,02/01/2024,09:49:23,421.7,397.45,40,399.35,280,0,3880
FINNIFTY02JAN2421050CE.NFO,02/01/2024,09:49:25,421.7,397.3,200,398.8,200,0,3880
FINNIFTY02JAN2421050CE.NFO,02/01/2024,09:49:27,421.7,397.65,80,398.8,200,0,3880
FINNIFTY02JAN2421050CE.NFO,02/01/2024,09:49:28,421.7,397.35,80,398.4,200,0,3880
FINNIFTY02JAN2421050CE.NFO,02/01/2024,09:49:30,421.7,397.4,80,398.5,200,0,3880
FINNIFTY02JAN2421050CE.NFO,02/01/2024,09:49:32,421.7,395.95,40,397.35,40,0,3880
FINNIFTY02JAN2421050CE.NFO,02/01/2024,09:49:33,421.7,396.35,80,397.3,200,0,3880
FINNIFTY02JAN2421050CE.NFO,02/01/2024,09:49:35,421.7,396.4,280,397.55,200,0,3880
FINNIFTY02JAN2421050CE.NFO,02/01/2024,09:49:37,421.7,396.95,40,398.05,240,0,3880
FINNIFTY02JAN2421050CE.NFO,02/01/2024,09:49:38,421.7,397.05,80,398.4,200,0,3880
FINNIFTY02JAN2421050CE.NFO,02/01/2024,09:49:40,421.7,396.7,40,397.95,80,0,3880
FINNIFTY02JAN2421050CE.NFO,02/01/2024,09:49:42,421.7,397.05,80,398.15,120,0,3880
FINNIFTY02JAN2421050CE.NFO,02/01/2024,09:49:43,421.7,398.35,120,399.65,200,0,3880
FINNIFTY02JAN2421050CE.NFO,02/01/2024,09:49:45,421.7,397.9,240,399.05,80,0,3880
FINNIFTY02JAN2421050CE.NFO,02/01/2024,09:49:47,421.7,398.25,80,399.55,1680,0,3880
FINNIFTY02JAN2421050CE.NFO,02/01/2024,09:49:48,421.7,398.7,80,399.85,200,0,3880
FINNIFTY02JAN2421050CE.NFO,02/01/2024,09:49:50,421.7,399.4,200,401.35,40,0,3880
FINNIFTY02JAN2421050CE.NFO,02/01/2024,09:49:52,421.7,399.65,80,400.7,120,0,3880
FINNIFTY02JAN2421050CE.NFO,02/01/2024,09:49:53,421.7,398.75,240,399.9,200,0,3880
FINNIFTY02JAN2421050CE.NFO,02/01/2024,09:49:55,421.7,397.2,40,399.85,280,0,3880
FINNIFTY02JAN2421050CE.NFO,02/01/2024,09:49:57,421.7,397.95,40,399.05,200,0,3880
FINNIFTY02JAN2421050CE.NFO,02/01/2024,09:49:58,421.7,398.05,160,399.25,200,0,3880
FINNIFTY02JAN2421050CE.NFO,02/01/2024,09:50:00,421.7,398.3,40,400.35,200,0,3880
FINNIFTY02JAN2421050CE.NFO,02/01/2024,09:50:02,421.7,399.15,280,400.35,200,0,3880
FINNIFTY02JAN2421050CE.NFO,02/01/2024,09:50:03,421.7,399.1,80,400.25,200,0,3880
FINNIFTY02JAN2421050CE.NFO,02/01/2024,09:50:05,421.7,399.45,40,400.6,40,0,3880
FINNIFTY02JAN2421050CE.NFO,02/01/2024,09:50:07,421.7,400.75,40,402.2,200,0,3880
FINNIFTY02JAN2421050CE.NFO,02/01/2024,09:50:08,421.7,400.5,120,402.35,1000,0,3880
FINNIFTY02JAN2421050CE.NFO,02/01/2024,09:50:10,421.7,400.2,40,401.35,200,0,3880
FINNIFTY02JAN2421050CE.NFO,02/01/2024,09:50:12,421.7,399.7,40,400.95,40,0,3880
FINNIFTY02JAN2421050CE.NFO,02/01/2024,09:50:13,421.7,398.5,40,399.8,200,0,3880
FINNIFTY02JAN2421050CE.NFO,02/01/2024,09:50:15,421.7,398.65,80,399.75,120,0,3880
FINNIFTY02JAN2421050CE.NFO,02/01/2024,09:50:17,421.7,398.65,80,399.7,200,0,3880
FINNIFTY02JAN2421050CE.NFO,02/01/2024,09:50:18,421.7,398.65,80,399.8,80,0,3880
FINNIFTY02JAN2421050CE.NFO,02/01/2024,09:50:20,421.7,397.85,80,399.2,80,0,3880
FINNIFTY02JAN2421050CE.NFO,02/01/2024,09:50:22,421.7,396.8,80,398.3,160,0,3880
FINNIFTY02JAN2421050CE.NFO,02/01/2024,09:50:23,421.7,396.3,40,397.85,120,0,3880
FINNIFTY02JAN2421050CE.NFO,02/01/2024,09:50:25,421.7,396.9,80,398.1,840,0,3880
FINNIFTY02JAN2421050CE.NFO,02/01/2024,09:50:27,421.7,397.4,40,398.55,120,0,3880
FINNIFTY02JAN2421050CE.NFO,02/01/2024,09:50:28,421.7,396.65,80,397.95,200,0,3880
FINNIFTY02JAN2421050CE.NFO,02/01/2024,09:50:30,421.7,395.65,40,397.2,200,0,3880
FINNIFTY02JAN2421050CE.NFO,02/01/2024,09:50:32,421.7,395.75,40,397.2,200,0,3880
FINNIFTY02JAN2421050CE.NFO,02/01/2024,09:50:33,421.7,395.9,40,397.15,200,0,3880
FINNIFTY02JAN2421050CE.NFO,02/01/2024,09:50:35,421.7,394.25,40,395.85,80,0,3880
FINNIFTY02JAN2421050CE.NFO,02/01/2024,09:50:37,421.7,393.95,40,395.55,200,0,3880
FINNIFTY02JAN2421050CE.NFO,02/01/2024,09:50:38,421.7,393.7,120,395.4,240,0,3880
FINNIFTY02JAN2421050CE.NFO,02/01/2024,09:50:40,421.7,393.85,40,395.15,40,0,3880
FINNIFTY02JAN2421050CE.NFO,02/01/2024,09:50:42,421.7,393.8,80,395.15,200,0,3880
FINNIFTY02JAN2421050CE.NFO,02/01/2024,09:50:43,421.7,392.7,80,393.8,200,0,3880
FINNIFTY02JAN2421050CE.NFO,02/01/2024,09:50:45,421.7,393.3,40,394.8,200,0,3880
FINNIFTY02JAN2421050CE.NFO,02/01/2024,09:50:47,421.7,395.35,40,397.5,200,0,3880
FINNIFTY02JAN2421050CE.NFO,02/01/2024,09:50:48,421.7,396.45,40,397.95,200,0,3880
FINNIFTY02JAN2421050CE.NFO,02/01/2024,09:50:50,421.7,395.7,160,397.25,40,0,3880
FINNIFTY02JAN2421050CE.NFO,02/01/2024,09:50:52,421.7,396.3,120,397.5,400,0,3880
FINNIFTY02JAN2421050CE.NFO,02/01/2024,09:50:53,421.7,397.4,120,399.1,200,0,3880
FINNIFTY02JAN2421050CE.NFO,02/01/2024,09:50:55,421.7,395.85,80,397.25,120,0,3880
FINNIFTY02JAN2421050CE.NFO,02/01/2024,09:50:57,421.7,395.5,40,397.1,120,0,3880
FINNIFTY02JAN2421050CE.NFO,02/01/2024,09:50:58,421.7,395.2,800,396.8,200,0,3880
FINNIFTY02JAN2421050CE.NFO,02/01/2024,09:51:00,421.7,394.55,160,396,80,0,3880
FINNIFTY02JAN2421050CE.NFO,02/01/2024,09:51:02,421.7,395.5,280,396.7,200,0,3880
FINNIFTY02JAN2421050CE.NFO,02/01/2024,09:51:03,421.7,393.45,240,395.55,560,0,3880
FINNIFTY02JAN2421050CE.NFO,02/01/2024,09:51:05,421.7,393.75,40,395,200,0,3880
FINNIFTY02JAN2421050CE.NFO,02/01/2024,09:51:07,421.7,394.4,40,395.9,80,0,3880
FINNIFTY02JAN2421050CE.NFO,02/01/2024,09:51:08,421.7,394.6,80,395.8,200,0,3880
FINNIFTY02JAN2421050CE.NFO,02/01/2024,09:51:10,421.7,394.7,320,396.05,200,0,3880
FINNIFTY02JAN2421050CE.NFO,02/01/2024,09:51:12,421.7,393.85,40,395.35,200,0,3880
FINNIFTY02JAN2421050CE.NFO,02/01/2024,09:51:13,421.7,394.15,40,395.55,40,0,3880
FINNIFTY02JAN2421050CE.NFO,02/01/2024,09:51:15,421.7,392.05,40,394.05,400,0,3880
FINNIFTY02JAN2421050CE.NFO,02/01/2024,09:51:17,421.7,393.1,40,395.2,40,0,3880
FINNIFTY02JAN2421050CE.NFO,02/01/2024,09:51:18,421.7,393.75,80,395.15,480,0,3880
FINNIFTY02JAN2421050CE.NFO,02/01/2024,09:51:20,421.7,394.8,80,396.2,120,0,3880
FINNIFTY02JAN2421050CE.NFO,02/01/2024,09:51:22,421.7,394.65,120,396.1,200,0,3880
FINNIFTY02JAN2421050CE.NFO,02/01/2024,09:51:23,421.7,394.65,40,396,200,0,3880
FINNIFTY02JAN2421050CE.NFO,02/01/2024,09:51:25,421.7,393.75,80,395.05,200,0,3880
FINNIFTY02JAN2421050CE.NFO,02/01/2024,09:51:27,421.7,393.85,40,395.2,200,0,3880
FINNIFTY02JAN2421050CE.NFO,02/01/2024,09:51:29,421.7,395.05,640,396.75,1480,0,3880
FINNIFTY02JAN2421050CE.NFO,02/01/2024,09:51:30,421.7,394.9,80,396.15,200,0,3880
FINNIFTY02JAN2421050CE.NFO,02/01/2024,09:51:32,421.7,394.8,40,396,40,0,3880
FINNIFTY02JAN2421050CE.NFO,02/01/2024,09:51:34,421.7,395.4,40,397.05,40,0,3880
FINNIFTY02JAN2421050CE.NFO,02/01/2024,09:51:35,421.7,396.8,40,398.35,160,0,3880
FINNIFTY02JAN2421050CE.NFO,02/01/2024,09:51:37,421.7,397.1,80,398.1,360,0,3880
FINNIFTY02JAN2421050CE.NFO,02/01/2024,09:51:39,421.7,396.3,320,397.45,200,0,3880
FINNIFTY02JAN2421050CE.NFO,02/01/2024,09:51:40,421.7,397.1,120,398.55,320,0,3880
FINNIFTY02JAN2421050CE.NFO,02/01/2024,09:51:42,421.7,398.15,40,399.4,200,0,3880
FINNIFTY02JAN2421050CE.NFO,02/01/2024,09:51:44,421.7,397.4,280,398.95,400,0,3880
FINNIFTY02JAN2421050CE.NFO,02/01/2024,09:51:45,421.7,396.85,240,398.3,120,0,3880
FINNIFTY02JAN2421050CE.NFO,02/01/2024,09:51:47,421.7,397.2,80,398.5,360,0,3880
FINNIFTY02JAN2421050CE.NFO,02/01/2024,09:51:49,421.7,395.6,40,397.5,520,0,3880
FINNIFTY02JAN2421050CE.NFO,02/01/2024,09:51:50,421.7,396.55,40,397.75,200,0,3880
FINNIFTY02JAN2421050CE.NFO,02/01/2024,09:51:52,421.7,396.7,80,397.95,200,0,3880
FINNIFTY02JAN2421050CE.NFO,02/01/2024,09:51:54,421.7,396.8,80,397.95,440,0,3880
FINNIFTY02JAN2421050CE.NFO,02/01/2024,09:51:55,421.7,397.6,40,398.8,840,0,3880
FINNIFTY02JAN2421050CE.NFO,02/01/2024,09:51:57,421.7,397.15,40,398.45,200,0,3880
FINNIFTY02JAN2421050CE.NFO,02/01/2024,09:51:59,421.7,396.9,120,398.2,40,0,3880
FINNIFTY02JAN2421050CE.NFO,02/01/2024,09:52:00,421.7,396.05,40,397.55,120,0,3880
FINNIFTY02JAN2421050CE.NFO,02/01/2024,09:52:02,421.7,396.55,40,398.05,200,0,3880
FINNIFTY02JAN2421050CE.NFO,02/01/2024,09:52:04,421.7,396.25,80,397.5,760,0,3880
FINNIFTY02JAN2421050CE.NFO,02/01/2024,09:52:05,421.7,396.3,80,397.5,200,0,3880
FINNIFTY02JAN2421050CE.NFO,02/01/2024,09:52:07,421.7,396.65,600,398.05,520,0,3880
FINNIFTY02JAN2421050CE.NFO,02/01/2024,09:52:09,421.7,396.75,240,397.85,80,0,3880
FINNIFTY02JAN2421050CE.NFO,02/01/2024,09:52:10,421.7,394.75,240,396.1,200,0,3880
FINNIFTY02JAN2421050CE.NFO,02/01/2024,09:52:12,421.7,395.3,40,396.9,2120,0,3880
FINNIFTY02JAN2421050CE.NFO,02/01/2024,09:52:14,421.7,395.05,80,396.4,200,0,3880
FINNIFTY02JAN2421050CE.NFO,02/01/2024,09:52:15,421.7,394.15,40,395.55,200,0,3880
FINNIFTY02JAN2421050CE.NFO,02/01/2024,09:52:17,421.7,394.5,80,395.55,200,0,3880
FINNIFTY02JAN2421050CE.NFO,02/01/2024,09:52:19,421.7,394.35,200,395.75,80,0,3880
FINNIFTY02JAN2421050CE.NFO,02/01/2024,09:52:20,421.7,394.9,80,396.15,720,0,3880
FINNIFTY02JAN2421050CE.NFO,02/01/2024,09:52:22,421.7,394.2,80,395.4,200,0,3880
FINNIFTY02JAN2421050CE.NFO,02/01/2024,09:52:24,421.7,394.2,80,395.55,280,0,3880
FINNIFTY02JAN2421050CE.NFO,02/01/2024,09:52:25,421.7,394.05,80,395.2,200,0,3880
FINNIFTY02JAN2421050CE.NFO,02/01/2024,09:52:27,421.7,394.25,240,395.75,200,0,3880
FINNIFTY02JAN2421050CE.NFO,02/01/2024,09:52:29,421.7,394.5,80,395.95,520,0,3880
FINNIFTY02JAN2421050CE.NFO,02/01/2024,09:52:30,421.7,396.2,40,397.5,200,0,3880
FINNIFTY02JAN2421050CE.NFO,02/01/2024,09:52:32,421.7,396.5,40,397.7,280,0,3880
FINNIFTY02JAN2421050CE.NFO,02/01/2024,09:52:33,421.7,395.7,240,396.8,200,0,3880
FINNIFTY02JAN2421050CE.NFO,02/01/2024,09:52:35,421.7,396.1,80,397.05,200,0,3880
FINNIFTY02JAN2421050CE.NFO,02/01/2024,09:52:37,421.7,395.9,280,397.05,200,0,3880
FINNIFTY02JAN2421050CE.NFO,02/01/2024,09:52:38,421.7,394.9,40,396.45,80,0,3880
FINNIFTY02JAN2421050CE.NFO,02/01/2024,09:52:40,421.7,394.85,80,395.95,200,0,3880
FINNIFTY02JAN2421050CE.NFO,02/01/2024,09:52:42,421.7,394.4,40,395.6,200,0,3880
FINNIFTY02JAN2421050CE.NFO,02/01/2024,09:52:43,421.7,394.9,40,396,40,0,3880
FINNIFTY02JAN2421050CE.NFO,02/01/2024,09:52:45,421.7,394.85,80,395.9,200,0,3880
FINNIFTY02JAN2421050CE.NFO,02/01/2024,09:52:47,421.7,394.7,40,395.95,200,0,3880
FINNIFTY02JAN2421050CE.NFO,02/01/2024,09:52:48,421.7,395.25,80,396.55,40,0,3880
FINNIFTY02JAN2421050CE.NFO,02/01/2024,09:52:50,421.7,395.45,40,396.65,160,0,3880
FINNIFTY02JAN2421050CE.NFO,02/01/2024,09:52:52,421.7,394.85,80,396.05,40,0,3880
FINNIFTY02JAN2421050CE.NFO,02/01/2024,09:52:53,421.7,394,160,395.3,200,0,3880
FINNIFTY02JAN2421050CE.NFO,02/01/2024,09:52:55,421.7,394.7,120,396.25,200,0,3880
FINNIFTY02JAN2421050CE.NFO,02/01/2024,09:52:57,421.7,395.05,80,396.2,200,0,3880
FINNIFTY02JAN2421050CE.NFO,02/01/2024,09:52:58,421.7,394.25,80,395.45,240,0,3880
FINNIFTY02JAN2421050CE.NFO,02/01/2024,09:53:00,421.7,393.15,80,394.4,200,0,3880
FINNIFTY02JAN2421050CE.NFO,02/01/2024,09:53:02,421.7,393.2,280,394.45,80,0,3880
FINNIFTY02JAN2421050CE.NFO,02/01/2024,09:53:03,421.7,392.9,280,394.45,40,0,3880
FINNIFTY02JAN2421050CE.NFO,02/01/2024,09:53:05,421.7,393.3,840,394.7,80,0,3880
FINNIFTY02JAN2421050CE.NFO,02/01/2024,09:53:07,421.7,393.65,40,395.1,200,0,3880
FINNIFTY02JAN2421050CE.NFO,02/01/2024,09:53:08,421.7,394.1,40,395.3,200,0,3880
FINNIFTY02JAN2421050CE.NFO,02/01/2024,09:53:10,421.7,393.55,80,394.75,40,0,3880
FINNIFTY02JAN2421050CE.NFO,02/01/2024,09:53:12,421.7,391.85,40,393.55,40,0,3880
FINNIFTY02JAN2421050CE.NFO,02/01/2024,09:53:13,421.7,392.5,40,393.65,200,0,3880
FINNIFTY02JAN2421050CE.NFO,02/01/2024,09:53:15,421.7,391.75,80,393.05,200,0,3880
FINNIFTY02JAN2421050CE.NFO,02/01/2024,09:53:17,421.7,392.35,240,393.7,200,0,3880
FINNIFTY02JAN2421050CE.NFO,02/01/2024,09:53:18,421.7,393.05,80,394.45,200,0,3880
FINNIFTY02JAN2421050CE.NFO,02/01/2024,09:53:20,421.7,392.9,40,394.2,200,0,3880
FINNIFTY02JAN2421050CE.NFO,02/01/2024,09:53:22,421.7,393.1,40,394.5,40,0,3880
FINNIFTY02JAN2421050CE.NFO,02/01/2024,09:53:23,421.7,393.35,240,394.65,480,0,3880
FINNIFTY02JAN2421050CE.NFO,02/01/2024,09:53:25,421.7,393.4,80,394.55,200,0,3880
FINNIFTY02JAN2421050CE.NFO,02/01/2024,09:53:27,421.7,392.25,80,393.4,120,0,3880
FINNIFTY02JAN2421050CE.NFO,02/01/2024,09:53:28,421.7,391.85,280,393.1,200,0,3880
FINNIFTY02JAN2421050CE.NFO,02/01/2024,09:53:30,421.7,391.6,240,392.9,680,0,3880
FINNIFTY02JAN2421050CE.NFO,02/01/2024,09:53:32,421.7,392.65,40,394.1,120,0,3880
FINNIFTY02JAN2421050CE.NFO,02/01/2024,09:53:34,421.7,393.6,40,395.45,40,0,3880
FINNIFTY02JAN2421050CE.NFO,02/01/2024,09:53:35,421.7,395.9,400,397.15,200,0,3880
FINNIFTY02JAN2421050CE.NFO,02/01/2024,09:53:37,421.7,394.65,200,396.35,200,0,3880
FINNIFTY02JAN2421050CE.NFO,02/01/2024,09:53:39,421.7,394.95,40,396.05,200,0,3880
FINNIFTY02JAN2421050CE.NFO,02/01/2024,09:53:40,421.7,394.8,40,396.05,200,0,3880
FINNIFTY02JAN2421050CE.NFO,02/01/2024,09:53:42,421.7,395.7,200,396.9,200,0,3880
FINNIFTY02JAN2421050CE.NFO,02/01/2024,09:53:44,421.7,396.25,120,397.7,120,0,3880
FINNIFTY02JAN2421050CE.NFO,02/01/2024,09:53:46,421.7,396.15,200,397.35,480,0,3880
FINNIFTY02JAN2421050CE.NFO,02/01/2024,09:53:47,421.7,395.85,40,397.25,200,0,3880
FINNIFTY02JAN2421050CE.NFO,02/01/2024,09:53:49,421.7,395.05,40,396.8,80,0,3880
FINNIFTY02JAN2421050CE.NFO,02/01/2024,09:53:51,421.7,395.3,40,397.05,360,0,3880
FINNIFTY02JAN2421050CE.NFO,02/01/2024,09:53:52,421.7,395.65,80,397,120,0,3880
FINNIFTY02JAN2421050CE.NFO,02/01/2024,09:53:54,421.7,395.35,840,396.6,200,0,3880
FINNIFTY02JAN2421050CE.NFO,02/01/2024,09:53:56,421.7,395.6,40,397.5,320,0,3880
FINNIFTY02JAN2421050CE.NFO,02/01/2024,09:53:57,421.7,396.65,40,398.15,200,0,3880
FINNIFTY02JAN2421050CE.NFO,02/01/2024,09:53:59,421.7,398,120,399.4,200,0,3880
FINNIFTY02JAN2421050CE.NFO,02/01/2024,09:54:01,421.7,397.4,240,398.5,200,0,3880
FINNIFTY02JAN2421050CE.NFO,02/01/2024,09:54:02,421.7,397.25,120,398.6,200,0,3880
FINNIFTY02JAN2421050CE.NFO,02/01/2024,09:54:04,421.7,398.4,40,399.95,280,0,3880
FINNIFTY02JAN2421050CE.NFO,02/01/2024,09:54:06,421.7,397.3,40,398.95,280,0,3880
FINNIFTY02JAN2421050CE.NFO,02/01/2024,09:54:07,421.7,398.05,40,399.3,200,0,3880
FINNIFTY02JAN2421050CE.NFO,02/01/2024,09:54:09,421.7,398.2,80,399.25,200,0,3880
FINNIFTY02JAN2421050CE.NFO,02/01/2024,09:54:11,421.7,397.75,80,398.9,200,0,3880
FINNIFTY02JAN2421050CE.NFO,02/01/2024,09:54:12,421.7,397.45,320,398.65,200,0,3880
FINNIFTY02JAN2421050CE.NFO,02/01/2024,09:54:14,421.7,397.3,80,398.3,200,0,3880
FINNIFTY02JAN2421050CE.NFO,02/01/2024,09:54:16,421.7,396.3,40,397.5,160,0,3880
FINNIFTY02JAN2421050CE.NFO,02/01/2024,09:54:17,421.7,396.65,120,398.45,400,0,3880
FINNIFTY02JAN2421050CE.NFO,02/01/2024,09:54:19,421.7,397.4,40,398.7,200,0,3880
FINNIFTY02JAN2421050CE.NFO,02/01/2024,09:54:21,421.7,396.25,80,397.85,240,0,3880
FINNIFTY02JAN2421050CE.NFO,02/01/2024,09:54:22,395.7,393.45,240,394.95,40,240,3680
FINNIFTY02JAN2421050CE.NFO,02/01/2024,09:54:24,395.7,394.2,80,395.4,40,0,3680
FINNIFTY02JAN2421050CE.NFO,02/01/2024,09:54:26,395.7,393.95,40,395.35,200,0,3680
FINNIFTY02JAN2421050CE.NFO,02/01/2024,09:54:27,395.7,393.05,40,394.6,240,0,3680
FINNIFTY02JAN2421050CE.NFO,02/01/2024,09:54:29,395.7,392.8,80,393.9,200,0,3680
FINNIFTY02JAN2421050CE.NFO,02/01/2024,09:54:30,395.7,392.9,80,394.15,80,0,3680
FINNIFTY02JAN2421050CE.NFO,02/01/2024,09:54:32,395.7,392.25,40,393.35,200,0,3680
FINNIFTY02JAN2421050CE.NFO,02/01/2024,09:54:34,395.7,391.7,40,393.05,200,0,3680
FINNIFTY02JAN2421050CE.NFO,02/01/2024,09:54:35,395.7,391.15,80,392.4,200,0,3680
FINNIFTY02JAN2421050CE.NFO,02/01/2024,09:54:37,395.7,390.9,80,391.95,200,0,3680
FINNIFTY02JAN2421050CE.NFO,02/01/2024,09:54:39,395.7,391.4,40,392.9,200,0,3680
FINNIFTY02JAN2421050CE.NFO,02/01/2024,09:54:40,395.7,391.05,80,392.45,200,0,3680
FINNIFTY02JAN2421050CE.NFO,02/01/2024,09:54:42,395.7,390.85,40,392.2,200,0,3680
FINNIFTY02JAN2421050CE.NFO,02/01/2024,09:54:44,395.7,390.9,80,391.9,400,0,3680
FINNIFTY02JAN2421050CE.NFO,02/01/2024,09:54:45,395.7,390.55,120,391.85,400,0,3680
FINNIFTY02JAN2421050CE.NFO,02/01/2024,09:54:47,385.8,385.65,120,388.55,240,280,3680
FINNIFTY02JAN2421050CE.NFO,02/01/2024,09:54:49,385.8,386.05,40,387.7,120,0,3680
FINNIFTY02JAN2421050CE.NFO,02/01/2024,09:54:50,385.8,385.15,120,386.8,400,0,3680
FINNIFTY02JAN2421050CE.NFO,02/01/2024,09:54:52,369.05,365.7,560,370.8,120,680,3680
FINNIFTY02JAN2421050CE.NFO,02/01/2024,09:54:52,355.95,365.7,560,370.8,120,0,3680
FINNIFTY02JAN2421050CE.NFO,02/01/2024,09:54:54,364.5,369.4,280,376.95,240,80,3680
FINNIFTY02JAN2421050CE.NFO,02/01/2024,09:54:55,369.6,374.25,560,377.7,40,80,3680
FINNIFTY02JAN2421050CE.NFO,02/01/2024,09:54:57,369.6,369.7,440,373.65,40,0,3680
FINNIFTY02JAN2421050CE.NFO,02/01/2024,09:54:59,369.6,366.8,200,372.5,400,0,3680
FINNIFTY02JAN2421050CE.NFO,02/01/2024,09:55:00,369.6,369.7,360,373.95,40,0,3680
FINNIFTY02JAN2421050CE.NFO,02/01/2024,09:55:02,369.6,363.45,360,366.4,80,0,3680
FINNIFTY02JAN2421050CE.NFO,02/01/2024,09:55:04,369.6,360.15,400,364.05,240,0,3680
FINNIFTY02JAN2421050CE.NFO,02/01/2024,09:55:05,369.6,362.25,400,366.8,200,0,3680
FINNIFTY02JAN2421050CE.NFO,02/01/2024,09:55:07,369.6,362.45,40,368.75,200,0,3680
FINNIFTY02JAN2421050CE.NFO,02/01/2024,09:55:09,369.6,363.45,40,368.05,80,0,3680
FINNIFTY02JAN2421050CE.NFO,02/01/2024,09:55:10,369.6,365.3,280,367.6,40,0,3680
FINNIFTY02JAN2421050CE.NFO,02/01/2024,09:55:12,369.6,365.15,80,367.05,40,0,3680
FINNIFTY02JAN2421050CE.NFO,02/01/2024,09:55:14,369.6,362.85,160,365.5,240,0,3680
FINNIFTY02JAN2421050CE.NFO,02/01/2024,09:55:15,369.6,364.15,40,366.4,400,0,3680
FINNIFTY02JAN2421050CE.NFO,02/01/2024,09:55:17,369.6,364.2,40,365.9,40,0,3680
FINNIFTY02JAN2421050CE.NFO,02/01/2024,09:55:19,369.6,362.9,80,364.45,320,0,3680
FINNIFTY02JAN2421050CE.NFO,02/01/2024,09:55:20,369.6,355.05,560,361.6,240,0,3680
FINNIFTY02JAN2421050CE.NFO,02/01/2024,09:55:22,369.6,345.2,160,356.65,200,0,3680
FINNIFTY02JAN2421050CE.NFO,02/01/2024,09:55:24,345.2,348.05,120,352,120,200,3680
FINNIFTY02JAN2421050CE.NFO,02/01/2024,09:55:24,345.2,348.05,120,352,120,0,3680
FINNIFTY02JAN2421050CE.NFO,02/01/2024,09:55:25,345.2,349.1,120,354.05,40,0,3680
FINNIFTY02JAN2421050CE.NFO,02/01/2024,09:55:27,345.2,345.95,280,348.4,40,0,3680
FINNIFTY02JAN2421050CE.NFO,02/01/2024,09:55:29,345.2,344.9,80,346,40,0,3680
FINNIFTY02JAN2421050CE.NFO,02/01/2024,09:55:30,345.2,347,560,350.5,360,0,3680
FINNIFTY02JAN2421050CE.NFO,02/01/2024,09:55:32,345.2,346.6,40,349.75,200,0,3680
FINNIFTY02JAN2421050CE.NFO,02/01/2024,09:55:34,345.2,350.05,40,351.8,200,0,3680
FINNIFTY02JAN2421050CE.NFO,02/01/2024,09:55:35,345.2,348.3,320,350.75,240,0,3680
FINNIFTY02JAN2421050CE.NFO,02/01/2024,09:55:37,345.2,346.9,40,348.8,480,0,3680
FINNIFTY02JAN2421050CE.NFO,02/01/2024,09:55:39,348.9,349.8,120,351.6,200,40,3680
FINNIFTY02JAN2421050CE.NFO,02/01/2024,09:55:40,348.9,350.95,120,352.55,40,0,3680
FINNIFTY02JAN2421050CE.NFO,02/01/2024,09:55:42,348.9,350.75,240,352.2,40,0,3680
FINNIFTY02JAN2421050CE.NFO,02/01/2024,09:55:44,348.9,349.95,120,351.2,40,0,3680
FINNIFTY02JAN2421050CE.NFO,02/01/2024,09:55:45,348.9,350.65,120,352.3,80,0,3680
FINNIFTY02JAN2421050CE.NFO,02/01/2024,09:55:47,348.9,351.45,120,353.05,40,0,3680
FINNIFTY02JAN2421050CE.NFO,02/01/2024,09:55:49,348.9,352.05,40,353.85,40,0,3680
FINNIFTY02JAN2421050CE.NFO,02/01/2024,09:55:50,348.9,350,280,351.45,120,0,3680
FINNIFTY02JAN2421050CE.NFO,02/01/2024,09:55:52,348.9,343.6,40,346.1,40,0,3680
FINNIFTY02JAN2421050CE.NFO,02/01/2024,09:55:54,341.7,338.4,40,341.85,240,120,3680
