Ticker,Date,Time,LTP,BuyPrice,BuyQty,SellPrice,SellQty,LTQ,OpenInterest
FINNIFTY02JAN2423500CE.NFO,02/01/2024,09:15:07,0.3,0.2,42520,0.25,80,17080,584440
FINNIFTY02JAN2423500CE.NFO,02/01/2024,09:15:07,0.3,0.2,42520,0.25,80,0,584440
FINNIFTY02JAN2423500CE.NFO,02/01/2024,09:15:07,0.3,0.2,42520,0.25,80,0,584440
FINNIFTY02JAN2423500CE.NFO,02/01/2024,09:15:07,0.15,0.2,42520,0.25,80,0,584440
FINNIFTY02JAN2423500CE.NFO,02/01/2024,09:15:20,0.2,0.2,64800,0.25,5880,3880,584440
FINNIFTY02JAN2423500CE.NFO,02/01/2024,09:15:31,0.2,0.2,104200,0.25,7160,5200,584440
FINNIFTY02JAN2423500CE.NFO,02/01/2024,09:15:40,0.2,0.2,98080,0.25,8080,7760,584440
FINNIFTY02JAN2423500CE.NFO,02/01/2024,09:15:49,0.2,0.2,99440,0.25,8680,240,584440
FINNIFTY02JAN2423500CE.NFO,02/01/2024,09:15:58,0.2,0.2,114480,0.25,8680,2960,584440
FINNIFTY02JAN2423500CE.NFO,02/01/2024,09:16:08,0.2,0.2,122160,0.25,8680,1000,584440
FINNIFTY02JAN2423500CE.NFO,02/01/2024,09:16:16,0.25,0.2,121960,0.25,10160,320,584440
FINNIFTY02JAN2423500CE.NFO,02/01/2024,09:16:24,0.25,0.2,157960,0.25,10160,0,584440
FINNIFTY02JAN2423500CE.NFO,02/01/2024,09:16:32,0.2,0.2,147160,0.25,10160,10800,584440
FINNIFTY02JAN2423500CE.NFO,02/01/2024,09:16:40,0.2,0.2,134360,0.25,16280,12840,584440
FINNIFTY02JAN2423500CE.NFO,02/01/2024,09:16:49,0.25,0.2,133960,0.25,28920,2160,584440
FINNIFTY02JAN2423500CE.NFO,02/01/2024,09:16:56,0.25,0.2,140240,0.25,37240,5960,584440
FINNIFTY02JAN2423500CE.NFO,02/01/2024,09:17:04,0.25,0.2,138440,0.25,48600,3400,584440
FINNIFTY02JAN2423500CE.NFO,02/01/2024,09:17:14,0.2,0.2,137560,0.25,50200,880,584440
FINNIFTY02JAN2423500CE.NFO,02/01/2024,09:17:21,0.2,0.2,136320,0.25,50280,1240,584440
FINNIFTY02JAN2423500CE.NFO,02/01/2024,09:17:29,0.25,0.2,135440,0.25,42720,20160,584680
FINNIFTY02JAN2423500CE.NFO,02/01/2024,09:17:38,0.25,0.2,142640,0.25,42680,40,584680
FINNIFTY02JAN2423500CE.NFO,02/01/2024,09:17:47,0.25,0.2,145520,0.25,44480,0,584680
FINNIFTY02JAN2423500CE.NFO,02/01/2024,09:17:54,0.25,0.2,145520,0.25,44520,0,584680
FINNIFTY02JAN2423500CE.NFO,02/01/2024,09:18:09,0.25,0.2,145520,0.25,40520,4000,584680
FINNIFTY02JAN2423500CE.NFO,02/01/2024,09:18:16,0.25,0.2,157040,0.25,42320,0,584680
FINNIFTY02JAN2423500CE.NFO,02/01/2024,09:18:24,0.25,0.2,165680,0.25,41120,1200,584680
FINNIFTY02JAN2423500CE.NFO,02/01/2024,09:18:31,0.25,0.2,165680,0.25,59120,0,584680
FINNIFTY02JAN2423500CE.NFO,02/01/2024,09:18:38,0.2,0.2,163880,0.25,57320,1800,584680
FINNIFTY02JAN2423500CE.NFO,02/01/2024,09:18:45,0.2,0.2,164080,0.25,57320,0,584680
FINNIFTY02JAN2423500CE.NFO,02/01/2024,09:18:54,0.25,0.2,164080,0.25,56920,400,584680
FINNIFTY02JAN2423500CE.NFO,02/01/2024,09:19:04,0.25,0.2,163880,0.25,54920,200,584680
FINNIFTY02JAN2423500CE.NFO,02/01/2024,09:19:12,0.2,0.2,163800,0.25,56720,80,584680
FINNIFTY02JAN2423500CE.NFO,02/01/2024,09:19:29,0.25,0.2,163800,0.25,56680,40,584680
FINNIFTY02JAN2423500CE.NFO,02/01/2024,09:19:37,0.25,0.2,163800,0.25,62080,0,584680
FINNIFTY02JAN2423500CE.NFO,02/01/2024,09:19:47,0.2,0.2,162040,0.25,61480,1800,584680
FINNIFTY02JAN2423500CE.NFO,02/01/2024,09:19:55,0.25,0.2,155440,0.25,62120,6760,584680
FINNIFTY02JAN2423500CE.NFO,02/01/2024,09:20:03,0.25,0.2,155440,0.25,62120,0,584680
FINNIFTY02JAN2423500CE.NFO,02/01/2024,09:20:27,0.25,0.2,155440,0.25,80120,0,584680
FINNIFTY02JAN2423500CE.NFO,02/01/2024,09:20:34,0.2,0.2,151840,0.25,76520,3600,590040
FINNIFTY02JAN2423500CE.NFO,02/01/2024,09:20:42,0.2,0.2,148240,0.25,79040,3600,590040
FINNIFTY02JAN2423500CE.NFO,02/01/2024,09:20:50,0.25,0.2,142760,0.25,74720,6200,590040
FINNIFTY02JAN2423500CE.NFO,02/01/2024,09:20:59,0.2,0.2,137360,0.25,69040,5680,590040
FINNIFTY02JAN2423500CE.NFO,02/01/2024,09:21:11,0.25,0.2,140480,0.25,66840,3000,590040
FINNIFTY02JAN2423500CE.NFO,02/01/2024,09:21:23,0.2,0.2,127680,0.25,77240,2200,590040
FINNIFTY02JAN2423500CE.NFO,02/01/2024,09:21:35,0.2,0.2,131280,0.25,109040,11400,590040
FINNIFTY02JAN2423500CE.NFO,02/01/2024,09:21:46,0.25,0.2,125680,0.25,108240,6400,590040
FINNIFTY02JAN2423500CE.NFO,02/01/2024,09:21:57,0.25,0.2,113080,0.25,103640,15400,590040
FINNIFTY02JAN2423500CE.NFO,02/01/2024,09:22:09,0.2,0.2,116080,0.25,102840,1800,590040
FINNIFTY02JAN2423500CE.NFO,02/01/2024,09:22:20,0.25,0.2,114480,0.25,113440,1880,590040
FINNIFTY02JAN2423500CE.NFO,02/01/2024,09:22:31,0.25,0.2,116280,0.25,112640,800,590040
FINNIFTY02JAN2423500CE.NFO,02/01/2024,09:22:43,0.25,0.2,139960,0.25,112640,0,590040
FINNIFTY02JAN2423500CE.NFO,02/01/2024,09:22:54,0.2,0.2,217520,0.25,112640,40,590040
FINNIFTY02JAN2423500CE.NFO,02/01/2024,09:23:05,0.25,0.2,148840,0.25,108640,7680,590040
FINNIFTY02JAN2423500CE.NFO,02/01/2024,09:23:16,0.2,0.2,160040,0.25,106640,3400,590040
FINNIFTY02JAN2423500CE.NFO,02/01/2024,09:23:26,0.2,0.2,167560,0.25,108080,0,590040
FINNIFTY02JAN2423500CE.NFO,02/01/2024,09:23:37,0.2,0.2,166760,0.25,107960,920,606360
FINNIFTY02JAN2423500CE.NFO,02/01/2024,09:23:48,0.25,0.2,166000,0.25,104240,4160,606360
FINNIFTY02JAN2423500CE.NFO,02/01/2024,09:23:58,0.2,0.2,165200,0.25,104680,2160,606360
FINNIFTY02JAN2423500CE.NFO,02/01/2024,09:24:09,0.25,0.2,162680,0.25,88760,18600,606360
FINNIFTY02JAN2423500CE.NFO,02/01/2024,09:24:19,0.2,0.2,176800,0.25,88760,280,606360
FINNIFTY02JAN2423500CE.NFO,02/01/2024,09:24:31,0.2,0.2,176800,0.25,88760,0,606360
FINNIFTY02JAN2423500CE.NFO,02/01/2024,09:24:53,0.2,0.2,162000,0.25,88760,400,606360
FINNIFTY02JAN2423500CE.NFO,02/01/2024,09:25:04,0.2,0.2,161200,0.25,88760,800,606360
FINNIFTY02JAN2423500CE.NFO,02/01/2024,09:25:15,0.25,0.2,160920,0.25,94720,680,606360
FINNIFTY02JAN2423500CE.NFO,02/01/2024,09:25:25,0.2,0.2,159720,0.25,94720,1200,606360
FINNIFTY02JAN2423500CE.NFO,02/01/2024,09:25:36,0.2,0.2,147200,0.25,94320,2120,606360
FINNIFTY02JAN2423500CE.NFO,02/01/2024,09:25:47,0.2,0.2,146960,0.25,94320,240,606360
FINNIFTY02JAN2423500CE.NFO,02/01/2024,09:25:58,0.2,0.2,146960,0.25,94280,80,606360
FINNIFTY02JAN2423500CE.NFO,02/01/2024,09:26:09,0.25,0.2,148760,0.25,94080,200,606360
FINNIFTY02JAN2423500CE.NFO,02/01/2024,09:26:21,0.25,0.2,148760,0.25,92280,0,606360
FINNIFTY02JAN2423500CE.NFO,02/01/2024,09:26:46,0.25,0.2,150960,0.25,92280,0,606360
FINNIFTY02JAN2423500CE.NFO,02/01/2024,09:26:59,0.25,0.2,152560,0.25,90080,2240,604160
FINNIFTY02JAN2423500CE.NFO,02/01/2024,09:27:10,0.25,0.2,154320,0.25,88680,1400,604160
FINNIFTY02JAN2423500CE.NFO,02/01/2024,09:27:21,0.25,0.2,154280,0.25,88680,0,604160
FINNIFTY02JAN2423500CE.NFO,02/01/2024,09:27:32,0.25,0.2,154280,0.25,89360,0,604160
FINNIFTY02JAN2423500CE.NFO,02/01/2024,09:27:43,0.2,0.2,152000,0.25,89320,2280,604160
FINNIFTY02JAN2423500CE.NFO,02/01/2024,09:27:55,0.2,0.2,150880,0.25,92200,2880,604160
FINNIFTY02JAN2423500CE.NFO,02/01/2024,09:28:07,0.2,0.2,149240,0.25,101840,1640,604160
FINNIFTY02JAN2423500CE.NFO,02/01/2024,09:28:19,0.2,0.2,143840,0.25,102160,5800,604160
FINNIFTY02JAN2423500CE.NFO,02/01/2024,09:28:31,0.2,0.2,142840,0.25,99960,4000,604160
FINNIFTY02JAN2423500CE.NFO,02/01/2024,09:28:43,0.2,0.2,139040,0.25,101400,0,604160
FINNIFTY02JAN2423500CE.NFO,02/01/2024,09:29:06,0.25,0.2,139040,0.25,105040,200,604160
FINNIFTY02JAN2423500CE.NFO,02/01/2024,09:29:17,0.25,0.2,139040,0.25,104920,0,604160
FINNIFTY02JAN2423500CE.NFO,02/01/2024,09:29:29,0.25,0.2,139040,0.25,106120,0,604160
FINNIFTY02JAN2423500CE.NFO,02/01/2024,09:30:28,0.25,0.2,141040,0.25,106120,0,604160
FINNIFTY02JAN2423500CE.NFO,02/01/2024,09:30:40,0.2,0.2,140240,0.25,100120,6800,610320
FINNIFTY02JAN2423500CE.NFO,02/01/2024,09:30:50,0.25,0.2,140240,0.25,96880,3240,610320
FINNIFTY02JAN2423500CE.NFO,02/01/2024,09:31:01,0.25,0.2,140240,0.25,96880,0,610320
FINNIFTY02JAN2423500CE.NFO,02/01/2024,09:31:13,0.25,0.2,140240,0.25,96840,40,610320
FINNIFTY02JAN2423500CE.NFO,02/01/2024,09:31:24,0.25,0.2,140240,0.25,96320,520,610320
FINNIFTY02JAN2423500CE.NFO,02/01/2024,09:31:35,0.2,0.2,140080,0.25,98480,200,610320
FINNIFTY02JAN2423500CE.NFO,02/01/2024,09:31:57,0.2,0.2,141880,0.25,98480,0,610320
FINNIFTY02JAN2423500CE.NFO,02/01/2024,09:32:08,0.2,0.2,140800,0.25,99680,0,610320
FINNIFTY02JAN2423500CE.NFO,02/01/2024,09:32:19,0.2,0.2,137760,0.25,99680,1200,610320
FINNIFTY02JAN2423500CE.NFO,02/01/2024,09:32:31,0.25,0.2,137760,0.25,98120,3000,620120
FINNIFTY02JAN2423500CE.NFO,02/01/2024,09:33:05,0.25,0.2,137760,0.25,98120,0,620120
FINNIFTY02JAN2423500CE.NFO,02/01/2024,09:33:16,0.25,0.2,137760,0.25,98080,40,620120
FINNIFTY02JAN2423500CE.NFO,02/01/2024,09:33:27,0.2,0.2,137280,0.25,98080,520,620120
FINNIFTY02JAN2423500CE.NFO,02/01/2024,09:33:38,0.2,0.2,137120,0.25,99520,160,620120
FINNIFTY02JAN2423500CE.NFO,02/01/2024,09:33:49,0.2,0.2,137120,0.25,101560,0,620120
FINNIFTY02JAN2423500CE.NFO,02/01/2024,09:34:00,0.25,0.2,137120,0.25,101520,40,620120
FINNIFTY02JAN2423500CE.NFO,02/01/2024,09:34:11,0.25,0.2,137120,0.25,99520,0,620120
FINNIFTY02JAN2423500CE.NFO,02/01/2024,09:34:32,0.25,0.2,137120,0.25,99360,160,620120
FINNIFTY02JAN2423500CE.NFO,02/01/2024,09:34:42,0.25,0.2,137240,0.25,99360,0,620120
FINNIFTY02JAN2423500CE.NFO,02/01/2024,09:35:13,0.25,0.2,137280,0.25,99360,0,620120
FINNIFTY02JAN2423500CE.NFO,02/01/2024,09:35:23,0.25,0.2,137280,0.25,99760,0,620120
FINNIFTY02JAN2423500CE.NFO,02/01/2024,09:36:18,0.25,0.2,140880,0.25,99760,0,620120
FINNIFTY02JAN2423500CE.NFO,02/01/2024,09:36:29,0.2,0.2,140840,0.25,99760,40,620880
FINNIFTY02JAN2423500CE.NFO,02/01/2024,09:36:40,0.25,0.2,140840,0.25,98160,1600,620880
FINNIFTY02JAN2423500CE.NFO,02/01/2024,09:36:50,0.25,0.2,140840,0.25,100160,0,620880
FINNIFTY02JAN2423500CE.NFO,02/01/2024,09:37:22,0.25,0.2,140840,0.25,99520,640,620880
FINNIFTY02JAN2423500CE.NFO,02/01/2024,09:37:42,0.2,0.2,138040,0.25,99520,2800,620880
FINNIFTY02JAN2423500CE.NFO,02/01/2024,09:37:53,0.25,0.2,138040,0.25,100920,400,620880
FINNIFTY02JAN2423500CE.NFO,02/01/2024,09:38:13,0.25,0.2,138040,0.25,100920,0,620880
FINNIFTY02JAN2423500CE.NFO,02/01/2024,09:38:24,0.25,0.2,138040,0.25,98920,0,620880
FINNIFTY02JAN2423500CE.NFO,02/01/2024,09:38:35,0.25,0.2,138120,0.25,98880,40,624480
FINNIFTY02JAN2423500CE.NFO,02/01/2024,09:38:46,0.25,0.2,138200,0.25,98800,80,624480
FINNIFTY02JAN2423500CE.NFO,02/01/2024,09:39:08,0.2,0.2,135440,0.25,104560,2760,624480
FINNIFTY02JAN2423500CE.NFO,02/01/2024,09:39:29,0.25,0.2,135160,0.25,104280,280,624480
FINNIFTY02JAN2423500CE.NFO,02/01/2024,09:39:40,0.2,0.2,134760,0.25,104280,400,624480
FINNIFTY02JAN2423500CE.NFO,02/01/2024,09:40:15,0.2,0.2,133880,0.25,104280,880,624480
FINNIFTY02JAN2423500CE.NFO,02/01/2024,09:40:28,0.2,0.2,132840,0.25,104280,1040,624480
FINNIFTY02JAN2423500CE.NFO,02/01/2024,09:41:05,0.25,0.2,132840,0.25,105680,40,624480
FINNIFTY02JAN2423500CE.NFO,02/01/2024,09:41:16,0.2,0.2,130880,0.25,105680,2000,624480
FINNIFTY02JAN2423500CE.NFO,02/01/2024,09:41:27,0.2,0.2,130880,0.25,107480,0,624480
FINNIFTY02JAN2423500CE.NFO,02/01/2024,09:41:49,0.2,0.2,130720,0.25,107480,0,624480
FINNIFTY02JAN2423500CE.NFO,02/01/2024,09:42:00,0.25,0.2,130720,0.25,110160,200,629720
FINNIFTY02JAN2423500CE.NFO,02/01/2024,09:42:12,0.25,0.2,128920,0.25,108360,1800,629720
FINNIFTY02JAN2423500CE.NFO,02/01/2024,09:42:33,0.25,0.2,127120,0.25,106360,2000,629720
FINNIFTY02JAN2423500CE.NFO,02/01/2024,09:42:44,0.2,0.2,126720,0.25,105960,400,629720
FINNIFTY02JAN2423500CE.NFO,02/01/2024,09:42:54,0.25,0.2,126720,0.25,101960,4000,629720
FINNIFTY02JAN2423500CE.NFO,02/01/2024,09:43:06,0.2,0.2,126680,0.25,101960,40,629720
FINNIFTY02JAN2423500CE.NFO,02/01/2024,09:43:28,0.2,0.2,127080,0.25,101960,0,629720
FINNIFTY02JAN2423500CE.NFO,02/01/2024,09:43:51,0.25,0.2,126680,0.25,101560,400,629720
FINNIFTY02JAN2423500CE.NFO,02/01/2024,09:44:14,0.25,0.2,126680,0.25,101480,80,629720
FINNIFTY02JAN2423500CE.NFO,02/01/2024,09:44:25,0.25,0.2,126680,0.25,101440,40,629720
FINNIFTY02JAN2423500CE.NFO,02/01/2024,09:44:35,0.2,0.2,126640,0.25,101440,40,631440
FINNIFTY02JAN2423500CE.NFO,02/01/2024,09:44:55,0.25,0.2,128560,0.25,101400,40,631440
FINNIFTY02JAN2423500CE.NFO,02/01/2024,09:45:17,0.25,0.2,128560,0.25,101280,120,631440
FINNIFTY02JAN2423500CE.NFO,02/01/2024,09:45:39,0.2,0.2,122000,0.25,101200,4760,631440
FINNIFTY02JAN2423500CE.NFO,02/01/2024,09:45:50,0.2,0.2,105320,0.25,109800,6600,631440
FINNIFTY02JAN2423500CE.NFO,02/01/2024,09:46:01,0.25,0.2,105320,0.25,112640,40,631440
FINNIFTY02JAN2423500CE.NFO,02/01/2024,09:46:12,0.25,0.2,105320,0.25,112600,40,631440
FINNIFTY02JAN2423500CE.NFO,02/01/2024,09:46:34,0.25,0.2,105320,0.25,112600,0,631440
FINNIFTY02JAN2423500CE.NFO,02/01/2024,09:47:37,0.25,0.2,105320,0.25,111400,0,631440
FINNIFTY02JAN2423500CE.NFO,02/01/2024,09:47:48,0.2,0.2,100040,0.25,111360,1280,640840
FINNIFTY02JAN2423500CE.NFO,02/01/2024,09:47:59,0.25,0.2,99080,0.25,110560,1760,640840
FINNIFTY02JAN2423500CE.NFO,02/01/2024,09:48:09,0.25,0.2,99080,0.25,110640,0,640840
FINNIFTY02JAN2423500CE.NFO,02/01/2024,09:48:20,0.25,0.2,99080,0.25,111120,0,640840
FINNIFTY02JAN2423500CE.NFO,02/01/2024,09:48:40,0.25,0.2,99080,0.25,110640,480,640840
FINNIFTY02JAN2423500CE.NFO,02/01/2024,09:48:50,0.25,0.2,117200,0.25,29440,80000,640840
FINNIFTY02JAN2423500CE.NFO,02/01/2024,09:49:00,0.25,0.25,103680,0.3,11280,44440,640840
FINNIFTY02JAN2423500CE.NFO,02/01/2024,09:49:10,0.25,0.25,172880,0.3,30720,1760,640840
FINNIFTY02JAN2423500CE.NFO,02/01/2024,09:49:21,0.25,0.25,188880,0.3,30680,0,640840
FINNIFTY02JAN2423500CE.NFO,02/01/2024,09:49:31,0.25,0.25,191080,0.3,31800,280,640840
FINNIFTY02JAN2423500CE.NFO,02/01/2024,09:49:41,0.25,0.25,167080,0.3,33600,7200,640840
FINNIFTY02JAN2423500CE.NFO,02/01/2024,09:49:51,0.25,0.25,111920,0.3,41280,160,640840
FINNIFTY02JAN2423500CE.NFO,02/01/2024,09:50:01,0.25,0.25,115040,0.3,41680,4080,640840
FINNIFTY02JAN2423500CE.NFO,02/01/2024,09:50:11,0.25,0.25,115040,0.3,41680,0,640840
FINNIFTY02JAN2423500CE.NFO,02/01/2024,09:50:21,0.25,0.25,108880,0.3,43680,400,640840
FINNIFTY02JAN2423500CE.NFO,02/01/2024,09:50:31,0.25,0.25,108760,0.3,51880,120,546320
FINNIFTY02JAN2423500CE.NFO,02/01/2024,09:50:41,0.25,0.25,100760,0.3,52080,8280,546320
FINNIFTY02JAN2423500CE.NFO,02/01/2024,09:50:53,0.25,0.25,100600,0.3,52080,160,546320
FINNIFTY02JAN2423500CE.NFO,02/01/2024,09:51:02,0.3,0.25,80080,0.3,30800,20520,546320
FINNIFTY02JAN2423500CE.NFO,02/01/2024,09:51:13,0.25,0.25,33240,0.3,32520,7240,546320
FINNIFTY02JAN2423500CE.NFO,02/01/2024,09:51:24,0.25,0.25,4720,0.3,32520,15240,546320
FINNIFTY02JAN2423500CE.NFO,02/01/2024,09:51:35,0.3,0.2,212760,0.3,15200,27600,546320
FINNIFTY02JAN2423500CE.NFO,02/01/2024,09:51:46,0.25,0.2,212680,0.25,7560,15840,546320
FINNIFTY02JAN2423500CE.NFO,02/01/2024,09:51:56,0.25,0.25,68960,0.3,22520,5760,546320
FINNIFTY02JAN2423500CE.NFO,02/01/2024,09:52:07,0.25,0.25,54920,0.3,32040,6240,546320
FINNIFTY02JAN2423500CE.NFO,02/01/2024,09:52:17,0.25,0.25,30120,0.3,35040,2000,546320
FINNIFTY02JAN2423500CE.NFO,02/01/2024,09:52:27,0.25,0.25,27360,0.3,44040,1000,546320
FINNIFTY02JAN2423500CE.NFO,02/01/2024,09:52:37,0.25,0.25,28360,0.3,45840,200,546320
FINNIFTY02JAN2423500CE.NFO,02/01/2024,09:52:47,0.25,0.25,37360,0.3,45840,0,546320
FINNIFTY02JAN2423500CE.NFO,02/01/2024,09:52:57,0.3,0.25,34920,0.3,48440,2440,546320
FINNIFTY02JAN2423500CE.NFO,02/01/2024,09:53:08,0.3,0.25,34920,0.3,50080,0,546320
FINNIFTY02JAN2423500CE.NFO,02/01/2024,09:53:18,0.25,0.25,32440,0.3,56480,2480,546320
FINNIFTY02JAN2423500CE.NFO,02/01/2024,09:53:28,0.25,0.25,30960,0.3,56600,1480,537680
FINNIFTY02JAN2423500CE.NFO,02/01/2024,09:53:39,0.25,0.25,20440,0.3,55600,4360,537680
FINNIFTY02JAN2423500CE.NFO,02/01/2024,09:53:50,0.25,0.25,20440,0.3,61000,0,537680
FINNIFTY02JAN2423500CE.NFO,02/01/2024,09:54:00,0.25,0.25,9400,0.3,60200,11040,537680
FINNIFTY02JAN2423500CE.NFO,02/01/2024,09:54:10,0.25,0.25,14800,0.3,41000,27000,537680
FINNIFTY02JAN2423500CE.NFO,02/01/2024,09:54:21,0.25,0.25,24400,0.3,35240,10800,537680
FINNIFTY02JAN2423500CE.NFO,02/01/2024,09:54:31,0.25,0.25,17880,0.3,50840,6520,537680
FINNIFTY02JAN2423500CE.NFO,02/01/2024,09:54:42,0.25,0.25,13160,0.3,52320,6520,537680
FINNIFTY02JAN2423500CE.NFO,02/01/2024,09:54:54,0.25,0.25,3400,0.3,19760,38040,537680
FINNIFTY02JAN2423500CE.NFO,02/01/2024,09:55:06,0.25,0.2,250240,0.25,28240,3520,537680
FINNIFTY02JAN2423500CE.NFO,02/01/2024,09:55:17,0.2,0.2,248640,0.25,41280,1800,537680
FINNIFTY02JAN2423500CE.NFO,02/01/2024,09:55:29,0.2,0.2,234320,0.25,30560,48560,537680
FINNIFTY02JAN2423500CE.NFO,02/01/2024,09:55:42,0.2,0.2,232440,0.25,34160,3600,537680
FINNIFTY02JAN2423500CE.NFO,02/01/2024,09:55:53,0.25,0.2,232440,0.25,42400,1840,537680
FINNIFTY02JAN2423500CE.NFO,02/01/2024,09:56:07,0.25,0.25,42520,0.3,32080,35200,537680
FINNIFTY02JAN2423500CE.NFO,02/01/2024,09:56:20,0.3,0.25,54440,0.3,32320,2080,537680
FINNIFTY02JAN2423500CE.NFO,02/01/2024,09:56:34,0.25,0.25,62520,0.3,36560,5440,566120
FINNIFTY02JAN2423500CE.NFO,02/01/2024,09:56:47,0.25,0.25,62360,0.3,42920,3960,566120
FINNIFTY02JAN2423500CE.NFO,02/01/2024,09:57:00,0.25,0.25,55800,0.3,44320,2680,566120
FINNIFTY02JAN2423500CE.NFO,02/01/2024,09:57:13,0.3,0.25,59440,0.3,28880,15000,566120
FINNIFTY02JAN2423500CE.NFO,02/01/2024,09:57:26,0.3,0.25,101840,0.35,21440,40600,566120
FINNIFTY02JAN2423500CE.NFO,02/01/2024,09:57:39,0.3,0.3,39320,0.35,24840,4720,566120
FINNIFTY02JAN2423500CE.NFO,02/01/2024,09:57:39,0.35,0.3,39320,0.35,24840,0,566120
FINNIFTY02JAN2423500CE.NFO,02/01/2024,09:57:51,0.3,0.3,44920,0.35,32200,8560,566120
FINNIFTY02JAN2423500CE.NFO,02/01/2024,09:58:02,0.3,0.3,45480,0.35,40160,1080,566120
FINNIFTY02JAN2423500CE.NFO,02/01/2024,09:58:14,0.3,0.3,47080,0.35,38800,3600,566120
FINNIFTY02JAN2423500CE.NFO,02/01/2024,09:58:26,0.3,0.3,45520,0.35,42600,2160,566120
FINNIFTY02JAN2423500CE.NFO,02/01/2024,09:58:38,0.3,0.3,44440,0.35,48240,2440,566120
FINNIFTY02JAN2423500CE.NFO,02/01/2024,09:58:49,0.3,0.3,38560,0.35,57960,9840,566120
FINNIFTY02JAN2423500CE.NFO,02/01/2024,09:59:00,0.3,0.3,38360,0.35,57960,0,566120
FINNIFTY02JAN2423500CE.NFO,02/01/2024,09:59:11,0.35,0.3,36320,0.35,48640,760,566120
FINNIFTY02JAN2423500CE.NFO,02/01/2024,09:59:22,0.3,0.3,39640,0.35,55720,1560,566120
FINNIFTY02JAN2423500CE.NFO,02/01/2024,09:59:33,0.35,0.3,39640,0.35,55040,680,595120
FINNIFTY02JAN2423500CE.NFO,02/01/2024,09:59:44,0.35,0.3,41440,0.35,55040,0,595120
FINNIFTY02JAN2423500CE.NFO,02/01/2024,09:59:55,0.3,0.3,41040,0.35,54640,400,595120
FINNIFTY02JAN2423500CE.NFO,02/01/2024,10:00:06,0.35,0.3,42920,0.35,54560,5480,595120
FINNIFTY02JAN2423500CE.NFO,02/01/2024,10:00:17,0.3,0.25,114400,0.3,98160,39400,595120
FINNIFTY02JAN2423500CE.NFO,02/01/2024,10:00:29,0.3,0.25,146840,0.3,40440,61920,595120
FINNIFTY02JAN2423500CE.NFO,02/01/2024,10:00:41,0.3,0.3,45000,0.35,76720,31800,595120
FINNIFTY02JAN2423500CE.NFO,02/01/2024,10:00:52,0.3,0.3,44760,0.35,80080,3600,595120
FINNIFTY02JAN2423500CE.NFO,02/01/2024,10:01:03,0.3,0.3,44760,0.35,78680,3600,595120
FINNIFTY02JAN2423500CE.NFO,02/01/2024,10:01:14,0.3,0.3,43560,0.35,79080,1200,595120
FINNIFTY02JAN2423500CE.NFO,02/01/2024,10:01:26,0.3,0.3,43320,0.35,70680,2040,595120
FINNIFTY02JAN2423500CE.NFO,02/01/2024,10:01:37,0.3,0.3,46400,0.35,73600,18160,595120
FINNIFTY02JAN2423500CE.NFO,02/01/2024,10:01:48,0.3,0.3,45720,0.35,66080,21000,595120
FINNIFTY02JAN2423500CE.NFO,02/01/2024,10:01:59,0.35,0.35,11280,0.4,40600,60000,595120
FINNIFTY02JAN2423500CE.NFO,02/01/2024,10:02:10,0.35,0.35,8800,0.4,41760,4280,595120
FINNIFTY02JAN2423500CE.NFO,02/01/2024,10:02:22,0.35,0.35,9200,0.4,42640,4040,595120
FINNIFTY02JAN2423500CE.NFO,02/01/2024,10:02:22,0.4,0.35,9200,0.4,42640,0,595120
FINNIFTY02JAN2423500CE.NFO,02/01/2024,10:02:32,0.35,0.35,6480,0.4,48000,920,673840
FINNIFTY02JAN2423500CE.NFO,02/01/2024,10:02:43,0.35,0.3,53120,0.35,15280,6120,673840
FINNIFTY02JAN2423500CE.NFO,02/01/2024,10:02:54,0.35,0.3,52720,0.35,17040,2200,673840
FINNIFTY02JAN2423500CE.NFO,02/01/2024,10:03:06,0.3,0.3,49680,0.35,25720,3040,673840
FINNIFTY02JAN2423500CE.NFO,02/01/2024,10:03:18,0.3,0.3,49480,0.35,27280,200,673840
FINNIFTY02JAN2423500CE.NFO,02/01/2024,10:03:30,0.3,0.3,49480,0.35,42920,40,673840
FINNIFTY02JAN2423500CE.NFO,02/01/2024,10:03:41,0.3,0.3,49480,0.35,50120,0,673840
FINNIFTY02JAN2423500CE.NFO,02/01/2024,10:03:52,0.3,0.3,48720,0.35,52120,760,673840
FINNIFTY02JAN2423500CE.NFO,02/01/2024,10:04:03,0.3,0.3,47520,0.35,57480,2400,673840
FINNIFTY02JAN2423500CE.NFO,02/01/2024,10:04:15,0.3,0.3,47520,0.35,57480,0,673840
FINNIFTY02JAN2423500CE.NFO,02/01/2024,10:04:26,0.3,0.3,47240,0.35,56080,280,673840
FINNIFTY02JAN2423500CE.NFO,02/01/2024,10:04:38,0.3,0.3,46560,0.35,56080,680,673840
FINNIFTY02JAN2423500CE.NFO,02/01/2024,10:04:50,0.3,0.3,46040,0.35,56480,720,673840
FINNIFTY02JAN2423500CE.NFO,02/01/2024,10:05:00,0.3,0.3,37320,0.35,54320,2720,673840
FINNIFTY02JAN2423500CE.NFO,02/01/2024,10:05:11,0.3,0.3,36360,0.35,57920,1000,673840
FINNIFTY02JAN2423500CE.NFO,02/01/2024,10:05:22,0.35,0.3,40720,0.35,47560,18000,673840
FINNIFTY02JAN2423500CE.NFO,02/01/2024,10:05:33,0.3,0.3,42120,0.35,51640,400,694080
FINNIFTY02JAN2423500CE.NFO,02/01/2024,10:05:44,0.3,0.3,41600,0.35,51640,520,694080
FINNIFTY02JAN2423500CE.NFO,02/01/2024,10:06:06,0.35,0.3,49600,0.35,1880,36040,694080
FINNIFTY02JAN2423500CE.NFO,02/01/2024,10:06:18,0.4,0.3,98240,0.35,8000,3600,694080
FINNIFTY02JAN2423500CE.NFO,02/01/2024,10:06:30,0.4,0.3,98240,0.35,9560,0,694080
FINNIFTY02JAN2423500CE.NFO,02/01/2024,10:06:42,0.35,0.3,98240,0.35,15360,760,694080
FINNIFTY02JAN2423500CE.NFO,02/01/2024,10:06:53,0.35,0.3,96040,0.35,4600,18400,694080
FINNIFTY02JAN2423500CE.NFO,02/01/2024,10:07:04,0.35,0.35,14640,0.4,50000,6440,694080
FINNIFTY02JAN2423500CE.NFO,02/01/2024,10:07:16,0.35,0.35,15440,0.4,51800,7960,694080
FINNIFTY02JAN2423500CE.NFO,02/01/2024,10:07:27,0.35,0.35,8400,0.4,51840,16880,694080
FINNIFTY02JAN2423500CE.NFO,02/01/2024,10:07:39,0.3,0.3,114240,0.35,13480,17600,694080
FINNIFTY02JAN2423500CE.NFO,02/01/2024,10:07:50,0.3,0.3,114200,0.35,19200,40,694080
FINNIFTY02JAN2423500CE.NFO,02/01/2024,10:08:01,0.35,0.3,114200,0.35,18080,2640,694080
FINNIFTY02JAN2423500CE.NFO,02/01/2024,10:08:12,0.35,0.3,114200,0.35,17960,0,694080
FINNIFTY02JAN2423500CE.NFO,02/01/2024,10:08:23,0.3,0.3,113000,0.35,18960,1200,694080
FINNIFTY02JAN2423500CE.NFO,02/01/2024,10:08:34,0.3,0.3,112960,0.35,24360,40,694080
FINNIFTY02JAN2423500CE.NFO,02/01/2024,10:08:45,0.3,0.3,105040,0.35,28440,12640,752400
FINNIFTY02JAN2423500CE.NFO,02/01/2024,10:08:57,0.3,0.3,103200,0.35,32040,0,752400
FINNIFTY02JAN2423500CE.NFO,02/01/2024,10:09:08,0.3,0.3,96000,0.35,32040,0,752400
FINNIFTY02JAN2423500CE.NFO,02/01/2024,10:09:20,0.3,0.3,93120,0.35,32640,0,752400
FINNIFTY02JAN2423500CE.NFO,02/01/2024,10:09:42,0.3,0.3,93120,0.35,32640,1800,752400
FINNIFTY02JAN2423500CE.NFO,02/01/2024,10:09:54,0.3,0.3,94920,0.35,35440,0,752400
FINNIFTY02JAN2423500CE.NFO,02/01/2024,10:10:16,0.3,0.3,94960,0.35,68440,0,752400
FINNIFTY02JAN2423500CE.NFO,02/01/2024,10:10:27,0.3,0.3,92560,0.35,68840,2400,752400
FINNIFTY02JAN2423500CE.NFO,02/01/2024,10:10:39,0.35,0.3,64840,0.35,71240,6600,752400
FINNIFTY02JAN2423500CE.NFO,02/01/2024,10:10:51,0.35,0.3,64840,0.35,80440,0,752400
FINNIFTY02JAN2423500CE.NFO,02/01/2024,10:11:02,0.35,0.3,64840,0.35,88440,0,752400
FINNIFTY02JAN2423500CE.NFO,02/01/2024,10:11:13,0.3,0.3,62040,0.35,89520,2760,752400
FINNIFTY02JAN2423500CE.NFO,02/01/2024,10:11:23,0.3,0.3,50520,0.35,85120,12280,752400
FINNIFTY02JAN2423500CE.NFO,02/01/2024,10:11:34,0.3,0.3,31600,0.35,78880,14160,773400
FINNIFTY02JAN2423500CE.NFO,02/01/2024,10:11:46,0.3,0.3,9480,0.35,77080,16720,773400
FINNIFTY02JAN2423500CE.NFO,02/01/2024,10:11:56,0.3,0.3,4720,0.35,71360,18040,773400
FINNIFTY02JAN2423500CE.NFO,02/01/2024,10:12:06,0.3,0.3,5240,0.35,71280,6880,773400
FINNIFTY02JAN2423500CE.NFO,02/01/2024,10:12:16,0.3,0.3,15920,0.35,71080,2320,773400
FINNIFTY02JAN2423500CE.NFO,02/01/2024,10:12:26,0.3,0.3,15520,0.35,71320,400,773400
FINNIFTY02JAN2423500CE.NFO,02/01/2024,10:12:37,0.3,0.3,14200,0.35,71320,1320,773400
FINNIFTY02JAN2423500CE.NFO,02/01/2024,10:12:49,0.3,0.3,13120,0.35,71320,1080,773400
FINNIFTY02JAN2423500CE.NFO,02/01/2024,10:13:00,0.3,0.3,14720,0.35,60720,200,773400
FINNIFTY02JAN2423500CE.NFO,02/01/2024,10:13:11,0.3,0.3,12920,0.35,60760,1800,773400
FINNIFTY02JAN2423500CE.NFO,02/01/2024,10:13:22,0.3,0.3,5800,0.35,65640,7200,773400
FINNIFTY02JAN2423500CE.NFO,02/01/2024,10:13:33,0.3,0.25,144240,0.3,18520,11120,773400
FINNIFTY02JAN2423500CE.NFO,02/01/2024,10:13:43,0.3,0.25,144240,0.3,18320,200,773400
FINNIFTY02JAN2423500CE.NFO,02/01/2024,10:13:54,0.3,0.25,144920,0.3,28200,2360,773400
FINNIFTY02JAN2423500CE.NFO,02/01/2024,10:14:04,0.3,0.25,144920,0.3,27760,440,773400
FINNIFTY02JAN2423500CE.NFO,02/01/2024,10:14:15,0.25,0.25,145600,0.3,25960,40,773400
FINNIFTY02JAN2423500CE.NFO,02/01/2024,10:14:25,0.25,0.25,145200,0.3,25960,400,773400
FINNIFTY02JAN2423500CE.NFO,02/01/2024,10:14:35,0.25,0.25,151760,0.3,25960,0,773400
FINNIFTY02JAN2423500CE.NFO,02/01/2024,10:14:46,0.3,0.25,157880,0.3,24880,1080,812400
FINNIFTY02JAN2423500CE.NFO,02/01/2024,10:14:57,0.3,0.25,162080,0.3,29480,0,812400
FINNIFTY02JAN2423500CE.NFO,02/01/2024,10:15:07,0.3,0.25,162080,0.3,28800,680,812400
FINNIFTY02JAN2423500CE.NFO,02/01/2024,10:15:17,0.3,0.25,162080,0.3,28800,0,812400
FINNIFTY02JAN2423500CE.NFO,02/01/2024,10:15:27,0.25,0.25,158680,0.3,34280,1000,812400
FINNIFTY02JAN2423500CE.NFO,02/01/2024,10:15:37,0.25,0.25,158680,0.3,34840,0,812400
FINNIFTY02JAN2423500CE.NFO,02/01/2024,10:15:47,0.25,0.25,158800,0.3,34840,0,812400
FINNIFTY02JAN2423500CE.NFO,02/01/2024,10:15:58,0.25,0.25,158800,0.3,59440,0,812400
FINNIFTY02JAN2423500CE.NFO,02/01/2024,10:16:08,0.3,0.25,159840,0.3,59080,360,812400
FINNIFTY02JAN2423500CE.NFO,02/01/2024,10:16:19,0.3,0.25,154080,0.3,59400,0,812400
FINNIFTY02JAN2423500CE.NFO,02/01/2024,10:16:29,0.3,0.25,148560,0.3,58960,440,812400
FINNIFTY02JAN2423500CE.NFO,02/01/2024,10:16:49,0.3,0.25,148560,0.3,58960,0,812400
FINNIFTY02JAN2423500CE.NFO,02/01/2024,10:17:11,0.25,0.25,147000,0.3,58960,120,812400
FINNIFTY02JAN2423500CE.NFO,02/01/2024,10:17:22,0.3,0.25,145560,0.3,58760,200,812400
FINNIFTY02JAN2423500CE.NFO,02/01/2024,10:17:33,0.3,0.25,145560,0.3,58720,40,812400
FINNIFTY02JAN2423500CE.NFO,02/01/2024,10:17:44,0.3,0.25,145560,0.3,58720,0,812400
FINNIFTY02JAN2423500CE.NFO,02/01/2024,10:17:54,0.3,0.25,142680,0.3,58720,0,812400
FINNIFTY02JAN2423500CE.NFO,02/01/2024,10:18:04,0.25,0.25,142360,0.3,58720,320,811080
FINNIFTY02JAN2423500CE.NFO,02/01/2024,10:18:13,0.25,0.25,142360,0.3,58720,0,811080
FINNIFTY02JAN2423500CE.NFO,02/01/2024,10:18:22,0.25,0.25,142360,0.3,59160,0,811080
FINNIFTY02JAN2423500CE.NFO,02/01/2024,10:18:32,0.25,0.25,141640,0.3,62560,720,811080
FINNIFTY02JAN2423500CE.NFO,02/01/2024,10:18:51,0.25,0.25,141640,0.3,62560,0,811080
FINNIFTY02JAN2423500CE.NFO,02/01/2024,10:19:00,0.25,0.25,141640,0.3,63040,0,811080
FINNIFTY02JAN2423500CE.NFO,02/01/2024,10:19:10,0.25,0.25,137960,0.3,63040,3680,811080
FINNIFTY02JAN2423500CE.NFO,02/01/2024,10:19:20,0.25,0.25,111720,0.3,64840,2840,811080
FINNIFTY02JAN2423500CE.NFO,02/01/2024,10:19:31,0.25,0.25,111720,0.3,64880,0,811080
FINNIFTY02JAN2423500CE.NFO,02/01/2024,10:19:40,0.25,0.25,111760,0.3,64880,0,811080
FINNIFTY02JAN2423500CE.NFO,02/01/2024,10:19:50,0.3,0.25,111760,0.3,64000,920,811080
FINNIFTY02JAN2423500CE.NFO,02/01/2024,10:20:00,0.3,0.25,111760,0.3,62360,40,811080
FINNIFTY02JAN2423500CE.NFO,02/01/2024,10:20:29,0.3,0.25,111760,0.3,62360,0,811080
FINNIFTY02JAN2423500CE.NFO,02/01/2024,10:20:39,0.25,0.25,111720,0.3,62360,40,817720
FINNIFTY02JAN2423500CE.NFO,02/01/2024,10:20:48,0.25,0.25,111720,0.3,62760,0,817720
FINNIFTY02JAN2423500CE.NFO,02/01/2024,10:20:57,0.25,0.25,111720,0.3,62800,0,817720
FINNIFTY02JAN2423500CE.NFO,02/01/2024,10:21:17,0.25,0.25,111400,0.3,62800,320,817720
FINNIFTY02JAN2423500CE.NFO,02/01/2024,10:21:27,0.25,0.25,111320,0.3,62800,80,817720
FINNIFTY02JAN2423500CE.NFO,02/01/2024,10:21:39,0.25,0.25,111320,0.3,62840,0,817720
FINNIFTY02JAN2423500CE.NFO,02/01/2024,10:21:49,0.25,0.25,111280,0.3,62840,40,817720
FINNIFTY02JAN2423500CE.NFO,02/01/2024,10:22:08,0.25,0.25,111280,0.3,62840,0,817720
FINNIFTY02JAN2423500CE.NFO,02/01/2024,10:22:18,0.25,0.25,107680,0.3,62840,3600,817720
FINNIFTY02JAN2423500CE.NFO,02/01/2024,10:22:28,0.25,0.25,107600,0.3,69400,80,817720
FINNIFTY02JAN2423500CE.NFO,02/01/2024,10:23:18,0.3,0.25,109440,0.3,69000,400,817720
FINNIFTY02JAN2423500CE.NFO,02/01/2024,10:23:29,0.3,0.25,107640,0.3,69560,0,817720
FINNIFTY02JAN2423500CE.NFO,02/01/2024,10:23:50,0.25,0.25,107040,0.3,69000,560,821360
FINNIFTY02JAN2423500CE.NFO,02/01/2024,10:24:01,0.25,0.25,107000,0.3,69000,0,821360
FINNIFTY02JAN2423500CE.NFO,02/01/2024,10:24:21,0.25,0.25,107800,0.3,69000,0,821360
FINNIFTY02JAN2423500CE.NFO,02/01/2024,10:24:41,0.3,0.25,107800,0.3,68200,800,821360
FINNIFTY02JAN2423500CE.NFO,02/01/2024,10:25:01,0.3,0.25,107800,0.3,68200,0,821360
FINNIFTY02JAN2423500CE.NFO,02/01/2024,10:25:11,0.25,0.25,107760,0.3,68760,40,821360
FINNIFTY02JAN2423500CE.NFO,02/01/2024,10:25:32,0.25,0.25,102360,0.3,70240,5400,821360
FINNIFTY02JAN2423500CE.NFO,02/01/2024,10:25:42,0.25,0.25,101800,0.3,74000,560,821360
FINNIFTY02JAN2423500CE.NFO,02/01/2024,10:25:52,0.25,0.25,101000,0.3,76000,800,821360
FINNIFTY02JAN2423500CE.NFO,02/01/2024,10:26:03,0.3,0.25,101000,0.3,74800,1200,821360
FINNIFTY02JAN2423500CE.NFO,02/01/2024,10:26:13,0.3,0.25,101000,0.3,74800,0,821360
FINNIFTY02JAN2423500CE.NFO,02/01/2024,10:26:22,0.3,0.25,101000,0.3,73600,1200,821360
FINNIFTY02JAN2423500CE.NFO,02/01/2024,10:26:44,0.3,0.25,100200,0.3,74560,0,821360
FINNIFTY02JAN2423500CE.NFO,02/01/2024,10:27:06,0.3,0.25,100200,0.3,59960,200,825480
FINNIFTY02JAN2423500CE.NFO,02/01/2024,10:27:28,0.3,0.25,100280,0.3,59960,0,825480
FINNIFTY02JAN2423500CE.NFO,02/01/2024,10:27:48,0.25,0.25,100240,0.3,59960,40,825480
FINNIFTY02JAN2423500CE.NFO,02/01/2024,10:28:18,0.25,0.25,100240,0.3,68960,0,825480
FINNIFTY02JAN2423500CE.NFO,02/01/2024,10:28:28,0.25,0.25,100240,0.3,69560,0,825480
FINNIFTY02JAN2423500CE.NFO,02/01/2024,10:28:37,0.25,0.25,100240,0.3,69640,0,825480
FINNIFTY02JAN2423500CE.NFO,02/01/2024,10:28:46,0.25,0.25,100240,0.3,67200,0,825480
FINNIFTY02JAN2423500CE.NFO,02/01/2024,10:28:54,0.25,0.25,100240,0.3,67800,0,825480
FINNIFTY02JAN2423500CE.NFO,02/01/2024,10:29:03,0.3,0.25,100240,0.3,64320,2880,825480
FINNIFTY02JAN2423500CE.NFO,02/01/2024,10:29:12,0.3,0.25,100240,0.3,68520,0,825480
FINNIFTY02JAN2423500CE.NFO,02/01/2024,10:29:21,0.3,0.25,100240,0.3,68000,520,825480
FINNIFTY02JAN2423500CE.NFO,02/01/2024,10:30:03,0.3,0.25,100240,0.3,68000,0,825480
FINNIFTY02JAN2423500CE.NFO,02/01/2024,10:30:32,0.3,0.25,100240,0.3,68040,0,825480
FINNIFTY02JAN2423500CE.NFO,02/01/2024,10:30:51,0.25,0.25,96600,0.3,68040,3640,821880
FINNIFTY02JAN2423500CE.NFO,02/01/2024,10:31:11,0.25,0.25,96600,0.3,68040,0,821880
FINNIFTY02JAN2423500CE.NFO,02/01/2024,10:32:08,0.25,0.25,95600,0.3,68040,1000,821880
FINNIFTY02JAN2423500CE.NFO,02/01/2024,10:32:18,0.25,0.25,95600,0.3,68040,0,821880
FINNIFTY02JAN2423500CE.NFO,02/01/2024,10:32:37,0.25,0.25,95600,0.3,68240,0,821880
FINNIFTY02JAN2423500CE.NFO,02/01/2024,10:32:57,0.25,0.25,45080,0.3,64640,3720,826480
FINNIFTY02JAN2423500CE.NFO,02/01/2024,10:33:05,0.25,0.25,45080,0.3,64640,0,826480
FINNIFTY02JAN2423500CE.NFO,02/01/2024,10:33:14,0.25,0.25,34920,0.3,64600,40,826480
FINNIFTY02JAN2423500CE.NFO,02/01/2024,10:33:23,0.25,0.25,34840,0.3,65200,80,826480
FINNIFTY02JAN2423500CE.NFO,02/01/2024,10:33:33,0.25,0.25,34840,0.3,66200,0,826480
FINNIFTY02JAN2423500CE.NFO,02/01/2024,10:33:52,0.25,0.25,16760,0.3,66200,80,826480
FINNIFTY02JAN2423500CE.NFO,02/01/2024,10:34:01,0.25,0.25,18920,0.3,81840,80,826480
FINNIFTY02JAN2423500CE.NFO,02/01/2024,10:34:11,0.25,0.25,18920,0.3,81840,0,826480
FINNIFTY02JAN2423500CE.NFO,02/01/2024,10:34:21,0.3,0.25,18920,0.3,79440,2400,826480
FINNIFTY02JAN2423500CE.NFO,02/01/2024,10:34:30,0.3,0.25,27520,0.3,79040,400,826480
FINNIFTY02JAN2423500CE.NFO,02/01/2024,10:34:48,0.25,0.25,27000,0.3,79040,520,826480
FINNIFTY02JAN2423500CE.NFO,02/01/2024,10:35:33,0.25,0.25,25160,0.3,79040,0,826480
FINNIFTY02JAN2423500CE.NFO,02/01/2024,10:35:42,0.25,0.25,10160,0.3,80520,15000,828600
FINNIFTY02JAN2423500CE.NFO,02/01/2024,10:35:50,0.25,0.25,10080,0.3,81680,80,828600
FINNIFTY02JAN2423500CE.NFO,02/01/2024,10:35:59,0.25,0.25,9160,0.3,88880,920,828600
FINNIFTY02JAN2423500CE.NFO,02/01/2024,10:36:09,0.25,0.25,12760,0.3,88880,0,828600
FINNIFTY02JAN2423500CE.NFO,02/01/2024,10:36:29,0.25,0.25,16360,0.3,88880,0,828600
FINNIFTY02JAN2423500CE.NFO,02/01/2024,10:36:41,0.3,0.25,17160,0.3,88680,200,828600
FINNIFTY02JAN2423500CE.NFO,02/01/2024,10:36:52,0.25,0.25,16960,0.3,88680,200,828600
FINNIFTY02JAN2423500CE.NFO,02/01/2024,10:37:04,0.25,0.25,16960,0.3,88680,0,828600
FINNIFTY02JAN2423500CE.NFO,02/01/2024,10:38:06,0.25,0.25,20120,0.3,88680,1040,828600
FINNIFTY02JAN2423500CE.NFO,02/01/2024,10:38:16,0.25,0.25,21120,0.3,88680,0,828600
FINNIFTY02JAN2423500CE.NFO,02/01/2024,10:39:15,0.25,0.25,21160,0.3,88680,0,828600
FINNIFTY02JAN2423500CE.NFO,02/01/2024,10:39:26,0.25,0.25,12000,0.3,99440,9200,843200
FINNIFTY02JAN2423500CE.NFO,02/01/2024,10:39:37,0.25,0.25,5440,0.3,103040,6760,843200
FINNIFTY02JAN2423500CE.NFO,02/01/2024,10:39:48,0.25,0.25,5440,0.3,103040,0,843200
FINNIFTY02JAN2423500CE.NFO,02/01/2024,10:40:21,0.25,0.25,5440,0.3,88640,0,843200
FINNIFTY02JAN2423500CE.NFO,02/01/2024,10:40:32,0.25,0.25,7640,0.3,88640,0,843200
FINNIFTY02JAN2423500CE.NFO,02/01/2024,10:40:41,0.3,0.25,7640,0.3,89120,520,843200
FINNIFTY02JAN2423500CE.NFO,02/01/2024,10:40:51,0.3,0.25,7640,0.3,88600,560,843200
FINNIFTY02JAN2423500CE.NFO,02/01/2024,10:41:01,0.25,0.25,5800,0.3,92160,40,843200
FINNIFTY02JAN2423500CE.NFO,02/01/2024,10:41:21,0.25,0.25,5800,0.3,92960,0,843200
FINNIFTY02JAN2423500CE.NFO,02/01/2024,10:41:31,0.25,0.25,4000,0.3,93000,1800,843200
FINNIFTY02JAN2423500CE.NFO,02/01/2024,10:41:41,0.25,0.25,4760,0.3,92760,280,852200
FINNIFTY02JAN2423500CE.NFO,02/01/2024,10:41:51,0.25,0.25,4760,0.3,92760,0,852200
FINNIFTY02JAN2423500CE.NFO,02/01/2024,10:42:01,0.25,0.25,4760,0.3,88560,0,852200
FINNIFTY02JAN2423500CE.NFO,02/01/2024,10:42:11,0.25,0.25,4720,0.3,88560,40,852200
FINNIFTY02JAN2423500CE.NFO,02/01/2024,10:42:51,0.25,0.25,5640,0.3,88560,80,852200
FINNIFTY02JAN2423500CE.NFO,02/01/2024,10:43:01,0.25,0.25,3840,0.3,88560,1800,852200
FINNIFTY02JAN2423500CE.NFO,02/01/2024,10:43:11,0.25,0.25,320,0.3,88560,3600,852200
FINNIFTY02JAN2423500CE.NFO,02/01/2024,10:43:21,0.25,0.2,200600,0.25,26400,2800,852200
FINNIFTY02JAN2423500CE.NFO,02/01/2024,10:43:32,0.25,0.2,201840,0.25,31000,1800,852200
FINNIFTY02JAN2423500CE.NFO,02/01/2024,10:43:41,0.25,0.2,196320,0.25,40000,5440,852200
FINNIFTY02JAN2423500CE.NFO,02/01/2024,10:43:51,0.25,0.2,196320,0.25,39440,560,852200
FINNIFTY02JAN2423500CE.NFO,02/01/2024,10:44:11,0.25,0.2,196320,0.25,39440,0,852200
FINNIFTY02JAN2423500CE.NFO,02/01/2024,10:44:41,0.25,0.2,197440,0.25,38720,720,852200
FINNIFTY02JAN2423500CE.NFO,02/01/2024,10:45:10,0.25,0.2,197440,0.25,38880,0,852200
FINNIFTY02JAN2423500CE.NFO,02/01/2024,10:45:20,0.25,0.2,197440,0.25,38680,200,847360
FINNIFTY02JAN2423500CE.NFO,02/01/2024,10:45:29,0.25,0.2,197440,0.25,38680,0,847360
FINNIFTY02JAN2423500CE.NFO,02/01/2024,10:45:39,0.2,0.2,197280,0.25,38520,160,847360
FINNIFTY02JAN2423500CE.NFO,02/01/2024,10:45:49,0.25,0.2,197280,0.25,37840,680,847360
FINNIFTY02JAN2423500CE.NFO,02/01/2024,10:46:27,0.25,0.2,198360,0.25,37840,0,847360
FINNIFTY02JAN2423500CE.NFO,02/01/2024,10:46:37,0.25,0.2,198360,0.25,37360,480,847360
FINNIFTY02JAN2423500CE.NFO,02/01/2024,10:46:47,0.25,0.2,198360,0.25,36840,520,847360
FINNIFTY02JAN2423500CE.NFO,02/01/2024,10:46:57,0.25,0.2,200160,0.25,35960,880,847360
FINNIFTY02JAN2423500CE.NFO,02/01/2024,10:47:07,0.25,0.2,200160,0.25,35600,360,847360
FINNIFTY02JAN2423500CE.NFO,02/01/2024,10:47:25,0.25,0.2,200160,0.25,34760,840,847360
FINNIFTY02JAN2423500CE.NFO,02/01/2024,10:47:35,0.25,0.2,207360,0.25,34480,280,847360
FINNIFTY02JAN2423500CE.NFO,02/01/2024,10:47:44,0.25,0.2,207360,0.25,36280,200,842400
FINNIFTY02JAN2423500CE.NFO,02/01/2024,10:47:53,0.25,0.2,207360,0.25,29960,6320,842400
FINNIFTY02JAN2423500CE.NFO,02/01/2024,10:48:03,0.25,0.2,207360,0.25,29680,280,842400
FINNIFTY02JAN2423500CE.NFO,02/01/2024,10:48:12,0.25,0.2,207360,0.25,29320,360,842400
FINNIFTY02JAN2423500CE.NFO,02/01/2024,10:48:41,0.25,0.2,207360,0.25,29280,40,842400
FINNIFTY02JAN2423500CE.NFO,02/01/2024,10:49:00,0.25,0.2,207360,0.25,29240,40,842400
FINNIFTY02JAN2423500CE.NFO,02/01/2024,10:49:10,0.25,0.2,207360,0.25,28560,680,842400
FINNIFTY02JAN2423500CE.NFO,02/01/2024,10:49:40,0.25,0.2,207360,0.25,27360,1200,842400
FINNIFTY02JAN2423500CE.NFO,02/01/2024,10:50:58,0.25,0.2,207360,0.25,26760,600,840520
FINNIFTY02JAN2423500CE.NFO,02/01/2024,10:51:08,0.25,0.2,207360,0.25,25560,1200,840520
FINNIFTY02JAN2423500CE.NFO,02/01/2024,10:51:18,0.25,0.2,207360,0.25,22600,3000,840520
FINNIFTY02JAN2423500CE.NFO,02/01/2024,10:51:28,0.25,0.2,208560,0.25,19240,4960,840520
FINNIFTY02JAN2423500CE.NFO,02/01/2024,10:51:38,0.25,0.2,208560,0.25,16360,1080,840520
FINNIFTY02JAN2423500CE.NFO,02/01/2024,10:51:48,0.25,0.2,208560,0.25,12360,400,840520
FINNIFTY02JAN2423500CE.NFO,02/01/2024,10:51:57,0.25,0.2,208560,0.25,15600,2160,840520
FINNIFTY02JAN2423500CE.NFO,02/01/2024,10:52:07,0.25,0.2,208560,0.25,18200,2440,840520
FINNIFTY02JAN2423500CE.NFO,02/01/2024,10:52:36,0.25,0.2,208560,0.25,15800,2400,840520
FINNIFTY02JAN2423500CE.NFO,02/01/2024,10:52:45,0.2,0.2,208520,0.25,19400,40,840520
FINNIFTY02JAN2423500CE.NFO,02/01/2024,10:52:55,0.25,0.2,208480,0.25,13800,9240,840520
FINNIFTY02JAN2423500CE.NFO,02/01/2024,10:53:04,0.25,0.2,208480,0.25,20000,1000,840520
FINNIFTY02JAN2423500CE.NFO,02/01/2024,10:53:14,0.25,0.2,208880,0.25,20000,0,840520
FINNIFTY02JAN2423500CE.NFO,02/01/2024,10:53:23,0.25,0.2,207080,0.25,20000,0,840520
FINNIFTY02JAN2423500CE.NFO,02/01/2024,10:53:51,0.25,0.2,207080,0.25,20320,0,840520
FINNIFTY02JAN2423500CE.NFO,02/01/2024,10:54:19,0.25,0.2,207080,0.25,17920,2400,841320
FINNIFTY02JAN2423500CE.NFO,02/01/2024,10:54:29,0.25,0.2,207080,0.25,17920,0,841320
FINNIFTY02JAN2423500CE.NFO,02/01/2024,10:54:38,0.25,0.2,207080,0.25,18040,0,841320
FINNIFTY02JAN2423500CE.NFO,02/01/2024,10:54:47,0.25,0.2,207080,0.25,18400,0,841320
FINNIFTY02JAN2423500CE.NFO,02/01/2024,10:54:56,0.25,0.2,207080,0.25,18360,40,841320
FINNIFTY02JAN2423500CE.NFO,02/01/2024,10:55:06,0.25,0.2,207080,0.25,18320,40,841320
FINNIFTY02JAN2423500CE.NFO,02/01/2024,10:55:23,0.25,0.2,207080,0.25,18280,40,841320
FINNIFTY02JAN2423500CE.NFO,02/01/2024,10:55:33,0.25,0.2,207080,0.25,20040,40,841320
FINNIFTY02JAN2423500CE.NFO,02/01/2024,10:55:42,0.25,0.2,207080,0.25,20440,0,841320
FINNIFTY02JAN2423500CE.NFO,02/01/2024,10:56:00,0.25,0.2,207080,0.25,20000,440,841320
FINNIFTY02JAN2423500CE.NFO,02/01/2024,10:56:47,0.25,0.2,207080,0.25,20000,0,841320
FINNIFTY02JAN2423500CE.NFO,02/01/2024,10:57:18,0.25,0.2,207040,0.25,19960,80,841320
FINNIFTY02JAN2423500CE.NFO,02/01/2024,10:57:48,0.25,0.2,207040,0.25,19040,920,841320
FINNIFTY02JAN2423500CE.NFO,02/01/2024,10:58:28,0.25,0.2,207040,0.25,19720,1120,841320
FINNIFTY02JAN2423500CE.NFO,02/01/2024,10:59:05,0.25,0.2,207040,0.25,23320,0,841320
FINNIFTY02JAN2423500CE.NFO,02/01/2024,10:59:14,0.25,0.2,207040,0.25,26920,0,841320
FINNIFTY02JAN2423500CE.NFO,02/01/2024,10:59:24,0.25,0.2,207040,0.25,28720,0,841320
FINNIFTY02JAN2423500CE.NFO,02/01/2024,10:59:52,0.25,0.2,207040,0.25,37800,0,841320
FINNIFTY02JAN2423500CE.NFO,02/01/2024,11:00:02,0.25,0.2,206800,0.25,37800,0,841320
FINNIFTY02JAN2423500CE.NFO,02/01/2024,11:00:30,0.25,0.2,206800,0.25,43200,3600,839480
FINNIFTY02JAN2423500CE.NFO,02/01/2024,11:00:39,0.25,0.2,206800,0.25,60240,0,839480
FINNIFTY02JAN2423500CE.NFO,02/01/2024,11:01:46,0.25,0.2,206800,0.25,59840,400,839480
FINNIFTY02JAN2423500CE.NFO,02/01/2024,11:02:06,0.25,0.2,206800,0.25,59840,0,839480
FINNIFTY02JAN2423500CE.NFO,02/01/2024,11:02:26,0.2,0.2,206200,0.25,59840,600,839480
FINNIFTY02JAN2423500CE.NFO,02/01/2024,11:02:55,0.2,0.2,206200,0.25,59840,0,839480
FINNIFTY02JAN2423500CE.NFO,02/01/2024,11:03:22,0.2,0.2,206600,0.25,59840,0,839480
FINNIFTY02JAN2423500CE.NFO,02/01/2024,11:03:32,0.2,0.2,209200,0.25,59840,0,839480
FINNIFTY02JAN2423500CE.NFO,02/01/2024,11:03:41,0.2,0.2,191000,0.25,59840,200,835880
FINNIFTY02JAN2423500CE.NFO,02/01/2024,11:03:51,0.2,0.2,189600,0.25,59840,0,835880
FINNIFTY02JAN2423500CE.NFO,02/01/2024,11:04:09,0.25,0.2,191040,0.25,59800,40,835880
FINNIFTY02JAN2423500CE.NFO,02/01/2024,11:04:28,0.25,0.2,191080,0.25,61600,0,835880
FINNIFTY02JAN2423500CE.NFO,02/01/2024,11:04:38,0.25,0.2,192480,0.25,61240,0,835880
FINNIFTY02JAN2423500CE.NFO,02/01/2024,11:04:56,0.2,0.2,191480,0.25,61240,1000,835880
FINNIFTY02JAN2423500CE.NFO,02/01/2024,11:05:06,0.25,0.2,186080,0.25,61440,1800,835880
FINNIFTY02JAN2423500CE.NFO,02/01/2024,11:06:11,0.25,0.2,186080,0.25,61440,0,835880
FINNIFTY02JAN2423500CE.NFO,02/01/2024,11:06:20,0.25,0.2,184680,0.25,61440,0,835880
FINNIFTY02JAN2423500CE.NFO,02/01/2024,11:06:29,0.25,0.2,183240,0.25,61440,0,835880
FINNIFTY02JAN2423500CE.NFO,02/01/2024,11:06:58,0.25,0.2,182840,0.25,61440,0,835880
FINNIFTY02JAN2423500CE.NFO,02/01/2024,11:07:45,0.2,0.2,182600,0.25,61440,240,836080
FINNIFTY02JAN2423500CE.NFO,02/01/2024,11:07:54,0.2,0.2,184000,0.25,61440,0,836080
FINNIFTY02JAN2423500CE.NFO,02/01/2024,11:08:13,0.25,0.2,182600,0.25,60000,1440,836080
FINNIFTY02JAN2423500CE.NFO,02/01/2024,11:09:37,0.25,0.25,36440,0.3,27720,60120,836080
FINNIFTY02JAN2423500CE.NFO,02/01/2024,11:09:46,0.25,0.25,36440,0.3,27720,0,836080
FINNIFTY02JAN2423500CE.NFO,02/01/2024,11:09:55,0.25,0.25,61760,0.3,14480,80,836080
FINNIFTY02JAN2423500CE.NFO,02/01/2024,11:10:04,0.25,0.25,66560,0.3,14480,240,836080
FINNIFTY02JAN2423500CE.NFO,02/01/2024,11:10:13,0.25,0.25,68000,0.3,14480,1800,836080
FINNIFTY02JAN2423500CE.NFO,02/01/2024,11:10:21,0.25,0.25,68960,0.3,14480,0,836080
FINNIFTY02JAN2423500CE.NFO,02/01/2024,11:10:30,0.25,0.25,75560,0.3,15880,0,836080
FINNIFTY02JAN2423500CE.NFO,02/01/2024,11:10:39,0.25,0.25,76400,0.3,15880,0,836080
FINNIFTY02JAN2423500CE.NFO,02/01/2024,11:10:47,0.25,0.25,76360,0.3,15880,40,836080
FINNIFTY02JAN2423500CE.NFO,02/01/2024,11:10:56,0.3,0.25,76040,0.3,5000,5960,836080
FINNIFTY02JAN2423500CE.NFO,02/01/2024,11:11:05,0.3,0.25,69200,0.3,880,5200,836080
FINNIFTY02JAN2423500CE.NFO,02/01/2024,11:11:14,0.3,0.25,76320,0.3,880,0,836080
FINNIFTY02JAN2423500CE.NFO,02/01/2024,11:11:24,0.3,0.3,18560,0.35,26680,1600,836080
FINNIFTY02JAN2423500CE.NFO,02/01/2024,11:11:34,0.3,0.3,26560,0.35,26080,0,836080
FINNIFTY02JAN2423500CE.NFO,02/01/2024,11:11:42,0.3,0.3,26560,0.35,28880,0,836080
FINNIFTY02JAN2423500CE.NFO,02/01/2024,11:11:51,0.3,0.3,26560,0.35,31080,0,836080
FINNIFTY02JAN2423500CE.NFO,02/01/2024,11:12:01,0.3,0.3,26560,0.35,31680,0,836080
FINNIFTY02JAN2423500CE.NFO,02/01/2024,11:12:11,0.3,0.3,15120,0.35,31680,40,856880
FINNIFTY02JAN2423500CE.NFO,02/01/2024,11:12:20,0.3,0.3,14440,0.35,31080,600,856880
FINNIFTY02JAN2423500CE.NFO,02/01/2024,11:12:29,0.3,0.3,14440,0.35,30680,0,856880
FINNIFTY02JAN2423500CE.NFO,02/01/2024,11:12:38,0.3,0.3,14360,0.35,30680,0,856880
FINNIFTY02JAN2423500CE.NFO,02/01/2024,11:12:47,0.3,0.3,14320,0.35,30680,40,856880
FINNIFTY02JAN2423500CE.NFO,02/01/2024,11:12:56,0.3,0.3,14240,0.35,30680,0,856880
FINNIFTY02JAN2423500CE.NFO,02/01/2024,11:13:13,0.3,0.3,14160,0.35,25280,0,856880
FINNIFTY02JAN2423500CE.NFO,02/01/2024,11:13:22,0.3,0.3,13320,0.35,25280,800,856880
FINNIFTY02JAN2423500CE.NFO,02/01/2024,11:13:32,0.35,0.3,5120,0.35,25120,960,856880
FINNIFTY02JAN2423500CE.NFO,02/01/2024,11:13:42,0.35,0.3,8280,0.35,30520,6960,856880
FINNIFTY02JAN2423500CE.NFO,02/01/2024,11:13:52,0.3,0.3,17240,0.35,32520,40,856880
FINNIFTY02JAN2423500CE.NFO,02/01/2024,11:14:01,0.35,0.3,42480,0.35,22880,1800,856880
FINNIFTY02JAN2423500CE.NFO,02/01/2024,11:14:11,0.35,0.35,44360,0.4,31720,25560,856880
FINNIFTY02JAN2423500CE.NFO,02/01/2024,11:14:20,0.4,0.35,49840,0.4,34160,920,856880
FINNIFTY02JAN2423500CE.NFO,02/01/2024,11:14:29,0.35,0.35,47200,0.4,36960,840,856880
FINNIFTY02JAN2423500CE.NFO,02/01/2024,11:14:38,0.35,0.35,47720,0.4,36440,0,856880
FINNIFTY02JAN2423500CE.NFO,02/01/2024,11:14:47,0.4,0.35,47320,0.4,34720,3320,875480
FINNIFTY02JAN2423500CE.NFO,02/01/2024,11:14:57,0.4,0.35,49120,0.4,36440,40,875480
FINNIFTY02JAN2423500CE.NFO,02/01/2024,11:15:06,0.35,0.35,53760,0.4,58480,800,875480
FINNIFTY02JAN2423500CE.NFO,02/01/2024,11:15:16,0.35,0.35,34760,0.4,61480,18800,875480
FINNIFTY02JAN2423500CE.NFO,02/01/2024,11:15:26,0.35,0.35,33440,0.4,75880,1600,875480
FINNIFTY02JAN2423500CE.NFO,02/01/2024,11:15:36,0.35,0.35,32920,0.4,75400,520,875480
FINNIFTY02JAN2423500CE.NFO,02/01/2024,11:15:46,0.35,0.35,39640,0.4,59960,0,875480
FINNIFTY02JAN2423500CE.NFO,02/01/2024,11:15:57,0.4,0.35,58840,0.4,66320,40,875480
FINNIFTY02JAN2423500CE.NFO,02/01/2024,11:16:07,0.4,0.35,60640,0.4,66320,0,875480
FINNIFTY02JAN2423500CE.NFO,02/01/2024,11:16:17,0.35,0.35,55600,0.4,68440,5040,875480
FINNIFTY02JAN2423500CE.NFO,02/01/2024,11:16:27,0.35,0.35,53640,0.4,85040,1960,875480
FINNIFTY02JAN2423500CE.NFO,02/01/2024,11:16:36,0.35,0.35,51040,0.4,101080,2600,875480
FINNIFTY02JAN2423500CE.NFO,02/01/2024,11:16:45,0.4,0.35,51040,0.4,104640,40,875480
FINNIFTY02JAN2423500CE.NFO,02/01/2024,11:16:54,0.4,0.35,51040,0.4,105640,0,875480
FINNIFTY02JAN2423500CE.NFO,02/01/2024,11:17:03,0.35,0.35,46600,0.4,108440,1440,875480
FINNIFTY02JAN2423500CE.NFO,02/01/2024,11:17:12,0.35,0.35,32720,0.4,113720,21080,875480
FINNIFTY02JAN2423500CE.NFO,02/01/2024,11:17:21,0.35,0.35,12640,0.4,102920,13400,875480
FINNIFTY02JAN2423500CE.NFO,02/01/2024,11:17:30,0.35,0.3,69600,0.35,31960,18640,875480
FINNIFTY02JAN2423500CE.NFO,02/01/2024,11:17:39,0.35,0.3,57000,0.35,45400,0,875480
FINNIFTY02JAN2423500CE.NFO,02/01/2024,11:17:49,0.35,0.3,50320,0.35,50120,80,870560
FINNIFTY02JAN2423500CE.NFO,02/01/2024,11:17:58,0.35,0.3,50400,0.35,52120,0,870560
FINNIFTY02JAN2423500CE.NFO,02/01/2024,11:18:17,0.35,0.3,50800,0.35,52240,0,870560
FINNIFTY02JAN2423500CE.NFO,02/01/2024,11:18:26,0.35,0.3,50400,0.35,52320,1960,870560
FINNIFTY02JAN2423500CE.NFO,02/01/2024,11:18:34,0.35,0.3,52200,0.35,73960,0,870560
FINNIFTY02JAN2423500CE.NFO,02/01/2024,11:18:43,0.35,0.3,52160,0.35,81560,0,870560
FINNIFTY02JAN2423500CE.NFO,02/01/2024,11:18:52,0.35,0.3,52160,0.35,83280,40,870560
FINNIFTY02JAN2423500CE.NFO,02/01/2024,11:19:00,0.3,0.3,52040,0.35,82880,520,870560
FINNIFTY02JAN2423500CE.NFO,02/01/2024,11:19:09,0.3,0.3,50920,0.35,82880,1040,870560
FINNIFTY02JAN2423500CE.NFO,02/01/2024,11:19:17,0.35,0.3,50920,0.35,82840,40,870560
FINNIFTY02JAN2423500CE.NFO,02/01/2024,11:19:25,0.35,0.3,52720,0.35,82840,0,870560
FINNIFTY02JAN2423500CE.NFO,02/01/2024,11:19:42,0.35,0.3,33520,0.35,82840,0,870560
FINNIFTY02JAN2423500CE.NFO,02/01/2024,11:19:58,0.35,0.3,33520,0.35,81040,1800,870560
FINNIFTY02JAN2423500CE.NFO,02/01/2024,11:20:14,0.35,0.3,33520,0.35,84960,0,870560
FINNIFTY02JAN2423500CE.NFO,02/01/2024,11:20:23,0.35,0.3,33520,0.35,84240,0,870560
FINNIFTY02JAN2423500CE.NFO,02/01/2024,11:20:40,0.3,0.3,33480,0.35,84240,40,870560
FINNIFTY02JAN2423500CE.NFO,02/01/2024,11:20:48,0.35,0.3,33480,0.35,83840,1200,871200
FINNIFTY02JAN2423500CE.NFO,02/01/2024,11:20:58,0.35,0.3,50240,0.35,79240,5440,871200
FINNIFTY02JAN2423500CE.NFO,02/01/2024,11:21:06,0.35,0.3,61920,0.35,79240,0,871200
FINNIFTY02JAN2423500CE.NFO,02/01/2024,11:21:33,0.35,0.3,61920,0.35,79240,600,871200
FINNIFTY02JAN2423500CE.NFO,02/01/2024,11:21:41,0.35,0.3,61920,0.35,78840,600,871200
FINNIFTY02JAN2423500CE.NFO,02/01/2024,11:21:49,0.35,0.3,61920,0.35,80840,1800,871200
FINNIFTY02JAN2423500CE.NFO,02/01/2024,11:21:59,0.35,0.3,61920,0.35,79240,1800,871200
FINNIFTY02JAN2423500CE.NFO,02/01/2024,11:22:08,0.35,0.3,61920,0.35,76440,2800,871200
FINNIFTY02JAN2423500CE.NFO,02/01/2024,11:22:17,0.35,0.3,61920,0.35,76680,2560,871200
FINNIFTY02JAN2423500CE.NFO,02/01/2024,11:22:25,0.3,0.3,47480,0.35,76760,920,871200
FINNIFTY02JAN2423500CE.NFO,02/01/2024,11:22:34,0.3,0.3,41840,0.35,76760,0,871200
FINNIFTY02JAN2423500CE.NFO,02/01/2024,11:22:51,0.3,0.3,40440,0.35,76760,0,871200
FINNIFTY02JAN2423500CE.NFO,02/01/2024,11:23:00,0.3,0.3,42240,0.35,76760,0,871200
FINNIFTY02JAN2423500CE.NFO,02/01/2024,11:23:08,0.3,0.3,42240,0.35,76240,0,871200
FINNIFTY02JAN2423500CE.NFO,02/01/2024,11:23:17,0.35,0.3,42240,0.35,77240,2400,871200
FINNIFTY02JAN2423500CE.NFO,02/01/2024,11:23:25,0.3,0.3,39240,0.35,77560,6000,871200
FINNIFTY02JAN2423500CE.NFO,02/01/2024,11:23:33,0.3,0.3,37240,0.35,77640,2000,871200
FINNIFTY02JAN2423500CE.NFO,02/01/2024,11:23:41,0.3,0.3,29400,0.35,77800,3800,887960
FINNIFTY02JAN2423500CE.NFO,02/01/2024,11:23:49,0.3,0.3,25480,0.35,77800,1000,887960
FINNIFTY02JAN2423500CE.NFO,02/01/2024,11:23:57,0.3,0.3,22600,0.35,77800,1760,887960
FINNIFTY02JAN2423500CE.NFO,02/01/2024,11:24:06,0.3,0.3,21800,0.35,77800,1200,887960
FINNIFTY02JAN2423500CE.NFO,02/01/2024,11:24:14,0.35,0.3,19120,0.35,75280,4520,887960
FINNIFTY02JAN2423500CE.NFO,02/01/2024,11:24:22,0.3,0.3,17640,0.35,96680,1680,887960
FINNIFTY02JAN2423500CE.NFO,02/01/2024,11:24:30,0.35,0.3,16720,0.35,98640,5200,887960
FINNIFTY02JAN2423500CE.NFO,02/01/2024,11:24:39,0.3,0.3,10920,0.35,100440,7400,887960
FINNIFTY02JAN2423500CE.NFO,02/01/2024,11:24:47,0.3,0.3,15080,0.35,99800,6520,887960
FINNIFTY02JAN2423500CE.NFO,02/01/2024,11:24:55,0.3,0.3,13400,0.35,98640,8600,887960
FINNIFTY02JAN2423500CE.NFO,02/01/2024,11:25:03,0.3,0.3,12200,0.35,98280,7760,887960
FINNIFTY02JAN2423500CE.NFO,02/01/2024,11:25:11,0.3,0.3,7720,0.35,98240,5920,887960
FINNIFTY02JAN2423500CE.NFO,02/01/2024,11:25:19,0.3,0.3,3720,0.35,99760,7640,887960
FINNIFTY02JAN2423500CE.NFO,02/01/2024,11:25:28,0.3,0.25,65720,0.3,4800,7480,887960
FINNIFTY02JAN2423500CE.NFO,02/01/2024,11:25:36,0.3,0.25,70880,0.3,8000,640,887960
FINNIFTY02JAN2423500CE.NFO,02/01/2024,11:26:08,0.3,0.25,70880,0.3,47400,0,887960
FINNIFTY02JAN2423500CE.NFO,02/01/2024,11:26:16,0.3,0.25,70880,0.3,47400,400,887960
FINNIFTY02JAN2423500CE.NFO,02/01/2024,11:26:24,0.3,0.25,70880,0.3,47120,280,887960
FINNIFTY02JAN2423500CE.NFO,02/01/2024,11:26:32,0.3,0.25,72680,0.3,46720,400,887960
FINNIFTY02JAN2423500CE.NFO,02/01/2024,11:26:40,0.3,0.25,68960,0.3,48520,4480,887960
FINNIFTY02JAN2423500CE.NFO,02/01/2024,11:26:49,0.3,0.25,68960,0.3,48720,0,887960
FINNIFTY02JAN2423500CE.NFO,02/01/2024,11:27:04,0.3,0.25,71360,0.3,48640,80,928240
FINNIFTY02JAN2423500CE.NFO,02/01/2024,11:27:12,0.3,0.25,71400,0.3,54040,0,928240
FINNIFTY02JAN2423500CE.NFO,02/01/2024,11:27:20,0.3,0.25,75440,0.3,71840,200,928240
FINNIFTY02JAN2423500CE.NFO,02/01/2024,11:27:36,0.3,0.25,75440,0.3,71720,120,928240
FINNIFTY02JAN2423500CE.NFO,02/01/2024,11:27:45,0.3,0.25,75440,0.3,71720,0,928240
FINNIFTY02JAN2423500CE.NFO,02/01/2024,11:27:53,0.25,0.25,75040,0.3,71320,400,928240
FINNIFTY02JAN2423500CE.NFO,02/01/2024,11:28:02,0.25,0.25,71440,0.3,71320,0,928240
FINNIFTY02JAN2423500CE.NFO,02/01/2024,11:28:18,0.3,0.25,71440,0.3,71160,160,928240
FINNIFTY02JAN2423500CE.NFO,02/01/2024,11:28:26,0.3,0.25,71440,0.3,70920,240,928240
FINNIFTY02JAN2423500CE.NFO,02/01/2024,11:28:35,0.3,0.25,76400,0.3,70760,160,928240
FINNIFTY02JAN2423500CE.NFO,02/01/2024,11:28:43,0.3,0.25,76400,0.3,72120,480,928240
FINNIFTY02JAN2423500CE.NFO,02/01/2024,11:28:51,0.3,0.25,75960,0.3,79160,120,928240
FINNIFTY02JAN2423500CE.NFO,02/01/2024,11:28:59,0.3,0.25,74920,0.3,78720,440,928240
FINNIFTY02JAN2423500CE.NFO,02/01/2024,11:29:16,0.3,0.25,71320,0.3,78720,0,928240
FINNIFTY02JAN2423500CE.NFO,02/01/2024,11:29:24,0.3,0.25,71280,0.3,78720,0,928240
FINNIFTY02JAN2423500CE.NFO,02/01/2024,11:29:40,0.3,0.25,72160,0.3,77720,1000,928240
FINNIFTY02JAN2423500CE.NFO,02/01/2024,11:29:48,0.3,0.25,74760,0.3,77720,0,928240
FINNIFTY02JAN2423500CE.NFO,02/01/2024,11:29:55,0.3,0.25,74760,0.3,75880,0,928240
FINNIFTY02JAN2423500CE.NFO,02/01/2024,11:30:11,0.3,0.25,76560,0.3,77720,0,928240
FINNIFTY02JAN2423500CE.NFO,02/01/2024,11:30:26,0.3,0.25,78360,0.3,77720,0,928240
FINNIFTY02JAN2423500CE.NFO,02/01/2024,11:30:49,0.3,0.25,78360,0.3,77760,0,928240
FINNIFTY02JAN2423500CE.NFO,02/01/2024,11:31:04,0.25,0.25,80120,0.3,77760,40,926800
FINNIFTY02JAN2423500CE.NFO,02/01/2024,11:31:12,0.25,0.25,81920,0.3,77760,0,926800
FINNIFTY02JAN2423500CE.NFO,02/01/2024,11:31:20,0.3,0.25,81920,0.3,77640,120,926800
FINNIFTY02JAN2423500CE.NFO,02/01/2024,11:31:27,0.3,0.25,82120,0.3,77640,0,926800
FINNIFTY02JAN2423500CE.NFO,02/01/2024,11:31:35,0.3,0.25,82520,0.3,77640,0,926800
FINNIFTY02JAN2423500CE.NFO,02/01/2024,11:31:50,0.3,0.25,82520,0.3,76640,1000,926800
FINNIFTY02JAN2423500CE.NFO,02/01/2024,11:32:15,0.3,0.25,82520,0.3,75640,1000,926800
FINNIFTY02JAN2423500CE.NFO,02/01/2024,11:32:22,0.3,0.25,77360,0.3,75640,0,926800
FINNIFTY02JAN2423500CE.NFO,02/01/2024,11:32:29,0.3,0.25,77360,0.3,75440,200,926800
FINNIFTY02JAN2423500CE.NFO,02/01/2024,11:32:51,0.3,0.25,77360,0.3,73840,1600,928120
FINNIFTY02JAN2423500CE.NFO,02/01/2024,11:32:58,0.3,0.25,77360,0.3,73360,480,928120
FINNIFTY02JAN2423500CE.NFO,02/01/2024,11:33:05,0.3,0.25,77360,0.3,73160,200,928120
FINNIFTY02JAN2423500CE.NFO,02/01/2024,11:33:20,0.3,0.25,77360,0.3,73160,0,928120
FINNIFTY02JAN2423500CE.NFO,02/01/2024,11:33:56,0.3,0.25,77360,0.3,73960,1000,928120
FINNIFTY02JAN2423500CE.NFO,02/01/2024,11:34:02,0.3,0.25,77360,0.3,73960,1800,928120
FINNIFTY02JAN2423500CE.NFO,02/01/2024,11:34:09,0.3,0.25,77360,0.3,73680,280,928120
FINNIFTY02JAN2423500CE.NFO,02/01/2024,11:34:16,0.3,0.25,77360,0.3,73680,0,928120
FINNIFTY02JAN2423500CE.NFO,02/01/2024,11:34:22,0.3,0.25,77360,0.3,73080,600,928120
FINNIFTY02JAN2423500CE.NFO,02/01/2024,11:34:31,0.3,0.25,77360,0.3,73080,0,928120
FINNIFTY02JAN2423500CE.NFO,02/01/2024,11:34:38,0.25,0.25,76560,0.3,73080,800,928120
FINNIFTY02JAN2423500CE.NFO,02/01/2024,11:34:46,0.25,0.25,76560,0.3,73080,0,928120
FINNIFTY02JAN2423500CE.NFO,02/01/2024,11:34:54,0.25,0.25,76560,0.3,73120,0,928120
FINNIFTY02JAN2423500CE.NFO,02/01/2024,11:35:08,0.25,0.25,76560,0.3,73080,0,928120
FINNIFTY02JAN2423500CE.NFO,02/01/2024,11:35:31,0.3,0.25,72960,0.3,58080,9600,928120
FINNIFTY02JAN2423500CE.NFO,02/01/2024,11:35:39,0.3,0.25,73080,0.3,58080,0,928120
FINNIFTY02JAN2423500CE.NFO,02/01/2024,11:36:08,0.3,0.25,72960,0.3,58080,0,928120
FINNIFTY02JAN2423500CE.NFO,02/01/2024,11:37:02,0.25,0.25,71960,0.3,58080,1000,935280
FINNIFTY02JAN2423500CE.NFO,02/01/2024,11:37:17,0.25,0.25,71480,0.3,58080,480,935280
FINNIFTY02JAN2423500CE.NFO,02/01/2024,11:37:24,0.25,0.25,71040,0.3,58080,440,935280
FINNIFTY02JAN2423500CE.NFO,02/01/2024,11:37:33,0.25,0.25,70840,0.3,58080,200,935280
FINNIFTY02JAN2423500CE.NFO,02/01/2024,11:37:49,0.25,0.25,70840,0.3,58080,0,935280
FINNIFTY02JAN2423500CE.NFO,02/01/2024,11:38:04,0.25,0.25,70600,0.3,59560,240,935280
FINNIFTY02JAN2423500CE.NFO,02/01/2024,11:38:13,0.25,0.25,70600,0.3,64000,0,935280
FINNIFTY02JAN2423500CE.NFO,02/01/2024,11:38:21,0.25,0.25,70600,0.3,71400,0,935280
FINNIFTY02JAN2423500CE.NFO,02/01/2024,11:38:28,0.3,0.25,70600,0.3,74120,240,935280
FINNIFTY02JAN2423500CE.NFO,02/01/2024,11:38:35,0.3,0.25,70600,0.3,77080,0,935280
FINNIFTY02JAN2423500CE.NFO,02/01/2024,11:38:43,0.3,0.25,70600,0.3,83000,0,935280
FINNIFTY02JAN2423500CE.NFO,02/01/2024,11:38:51,0.3,0.25,70600,0.3,85960,0,935280
FINNIFTY02JAN2423500CE.NFO,02/01/2024,11:39:12,0.3,0.25,70600,0.3,85920,40,937840
FINNIFTY02JAN2423500CE.NFO,02/01/2024,11:39:25,0.3,0.25,70600,0.3,85920,0,937840
FINNIFTY02JAN2423500CE.NFO,02/01/2024,11:39:31,0.25,0.25,70560,0.3,86320,40,937840
FINNIFTY02JAN2423500CE.NFO,02/01/2024,11:39:38,0.25,0.25,61560,0.3,86320,0,937840
FINNIFTY02JAN2423500CE.NFO,02/01/2024,11:39:57,0.25,0.25,61360,0.3,86320,200,937840
FINNIFTY02JAN2423500CE.NFO,02/01/2024,11:40:04,0.3,0.25,61360,0.3,85960,360,937840
FINNIFTY02JAN2423500CE.NFO,02/01/2024,11:40:16,0.3,0.25,61360,0.3,87240,0,937840
FINNIFTY02JAN2423500CE.NFO,02/01/2024,11:40:35,0.3,0.25,61360,0.3,87280,0,937840
FINNIFTY02JAN2423500CE.NFO,02/01/2024,11:41:00,0.25,0.25,55360,0.3,87280,6000,937840
FINNIFTY02JAN2423500CE.NFO,02/01/2024,11:41:07,0.25,0.25,52840,0.3,87280,2600,937840
FINNIFTY02JAN2423500CE.NFO,02/01/2024,11:41:14,0.25,0.25,52840,0.3,107080,0,937840
FINNIFTY02JAN2423500CE.NFO,02/01/2024,11:41:21,0.25,0.25,52840,0.3,110680,0,937840
FINNIFTY02JAN2423500CE.NFO,02/01/2024,11:41:46,0.3,0.25,52840,0.3,104680,6000,948360
FINNIFTY02JAN2423500CE.NFO,02/01/2024,11:41:55,0.25,0.25,46840,0.3,96040,6000,948360
FINNIFTY02JAN2423500CE.NFO,02/01/2024,11:42:03,0.3,0.25,46840,0.3,99680,3560,948360
FINNIFTY02JAN2423500CE.NFO,02/01/2024,11:42:11,0.25,0.25,43760,0.3,101280,3080,948360
FINNIFTY02JAN2423500CE.NFO,02/01/2024,11:42:19,0.25,0.25,43760,0.3,101280,0,948360
FINNIFTY02JAN2423500CE.NFO,02/01/2024,11:42:41,0.3,0.25,43760,0.3,97080,4200,948360
FINNIFTY02JAN2423500CE.NFO,02/01/2024,11:42:48,0.25,0.25,34560,0.3,96720,11040,948360
FINNIFTY02JAN2423500CE.NFO,02/01/2024,11:42:55,0.3,0.25,34200,0.3,102600,3480,948360
FINNIFTY02JAN2423500CE.NFO,02/01/2024,11:43:03,0.3,0.25,34200,0.3,102120,480,948360
FINNIFTY02JAN2423500CE.NFO,02/01/2024,11:43:10,0.25,0.25,27320,0.3,111120,5400,948360
FINNIFTY02JAN2423500CE.NFO,02/01/2024,11:43:23,0.25,0.25,27320,0.3,114000,0,948360
FINNIFTY02JAN2423500CE.NFO,02/01/2024,11:43:30,0.25,0.25,27320,0.3,113960,0,948360
FINNIFTY02JAN2423500CE.NFO,02/01/2024,11:43:37,0.3,0.25,25520,0.3,111760,2200,948360
FINNIFTY02JAN2423500CE.NFO,02/01/2024,11:43:45,0.3,0.25,25520,0.3,111200,560,948360
FINNIFTY02JAN2423500CE.NFO,02/01/2024,11:43:53,0.3,0.25,26520,0.3,110880,2920,948360
FINNIFTY02JAN2423500CE.NFO,02/01/2024,11:44:09,0.25,0.25,21320,0.3,110880,5200,948360
FINNIFTY02JAN2423500CE.NFO,02/01/2024,11:44:15,0.25,0.25,21280,0.3,109880,1040,948360
FINNIFTY02JAN2423500CE.NFO,02/01/2024,11:44:22,0.3,0.25,21280,0.3,108880,1000,948360
FINNIFTY02JAN2423500CE.NFO,02/01/2024,11:45:17,0.25,0.25,20800,0.3,108880,480,965480
FINNIFTY02JAN2423500CE.NFO,02/01/2024,11:45:31,0.25,0.25,20800,0.3,108880,0,965480
FINNIFTY02JAN2423500CE.NFO,02/01/2024,11:45:44,0.25,0.25,38800,0.3,108880,0,965480
FINNIFTY02JAN2423500CE.NFO,02/01/2024,11:45:51,0.25,0.25,38760,0.3,108880,40,965480
FINNIFTY02JAN2423500CE.NFO,02/01/2024,11:45:58,0.25,0.25,48680,0.3,109920,1880,965480
FINNIFTY02JAN2423500CE.NFO,02/01/2024,11:46:05,0.3,0.25,53480,0.3,110600,1000,965480
FINNIFTY02JAN2423500CE.NFO,02/01/2024,11:46:12,0.25,0.25,53080,0.3,111400,400,965480
FINNIFTY02JAN2423500CE.NFO,02/01/2024,11:46:18,0.25,0.25,54480,0.3,111400,40,965480
FINNIFTY02JAN2423500CE.NFO,02/01/2024,11:46:24,0.25,0.25,54120,0.3,111400,360,965480
FINNIFTY02JAN2423500CE.NFO,02/01/2024,11:46:37,0.25,0.25,54120,0.3,111400,0,965480
FINNIFTY02JAN2423500CE.NFO,02/01/2024,11:46:43,0.3,0.25,53440,0.3,111280,800,965480
FINNIFTY02JAN2423500CE.NFO,02/01/2024,11:46:50,0.25,0.25,53200,0.3,111280,240,965480
FINNIFTY02JAN2423500CE.NFO,02/01/2024,11:46:57,0.3,0.25,53200,0.3,111240,40,965480
FINNIFTY02JAN2423500CE.NFO,02/01/2024,11:47:04,0.25,0.25,52800,0.3,111240,400,965480
FINNIFTY02JAN2423500CE.NFO,02/01/2024,11:47:18,0.25,0.25,51200,0.3,111240,0,965480
FINNIFTY02JAN2423500CE.NFO,02/01/2024,11:47:38,0.25,0.25,51240,0.3,111240,160,965480
FINNIFTY02JAN2423500CE.NFO,02/01/2024,11:48:16,0.3,0.25,52040,0.3,107640,3600,970000
FINNIFTY02JAN2423500CE.NFO,02/01/2024,11:48:22,0.3,0.25,52040,0.3,105840,1800,970000
FINNIFTY02JAN2423500CE.NFO,02/01/2024,11:48:37,0.3,0.25,51880,0.3,105400,600,970000
FINNIFTY02JAN2423500CE.NFO,02/01/2024,11:49:01,0.3,0.25,51880,0.3,105360,40,970000
FINNIFTY02JAN2423500CE.NFO,02/01/2024,11:49:13,0.3,0.25,51880,0.3,106320,40,970000
FINNIFTY02JAN2423500CE.NFO,02/01/2024,11:49:27,0.3,0.25,53680,0.3,106320,0,970000
FINNIFTY02JAN2423500CE.NFO,02/01/2024,11:49:39,0.3,0.25,54480,0.3,106320,0,970000
FINNIFTY02JAN2423500CE.NFO,02/01/2024,11:49:51,0.3,0.25,54480,0.3,108120,0,970000
FINNIFTY02JAN2423500CE.NFO,02/01/2024,11:49:57,0.3,0.25,54480,0.3,108200,0,970000
FINNIFTY02JAN2423500CE.NFO,02/01/2024,11:50:47,0.3,0.25,54480,0.3,110000,0,970000
FINNIFTY02JAN2423500CE.NFO,02/01/2024,11:50:54,0.3,0.25,55120,0.3,110000,0,970000
FINNIFTY02JAN2423500CE.NFO,02/01/2024,11:51:00,0.25,0.25,53320,0.3,108200,1800,964120
FINNIFTY02JAN2423500CE.NFO,02/01/2024,11:51:08,0.25,0.25,51520,0.3,108200,1800,964120
FINNIFTY02JAN2423500CE.NFO,02/01/2024,11:51:15,0.25,0.25,51920,0.3,108200,0,964120
FINNIFTY02JAN2423500CE.NFO,02/01/2024,11:51:27,0.25,0.25,51520,0.3,108200,400,964120
FINNIFTY02JAN2423500CE.NFO,02/01/2024,11:51:34,0.3,0.25,51240,0.3,108160,320,964120
FINNIFTY02JAN2423500CE.NFO,02/01/2024,11:51:40,0.25,0.25,51080,0.3,108160,160,964120
FINNIFTY02JAN2423500CE.NFO,02/01/2024,11:51:47,0.25,0.25,50920,0.3,108160,160,964120
FINNIFTY02JAN2423500CE.NFO,02/01/2024,11:51:53,0.25,0.25,50520,0.3,108160,400,964120
FINNIFTY02JAN2423500CE.NFO,02/01/2024,11:52:05,0.25,0.25,50000,0.3,108160,200,964120
FINNIFTY02JAN2423500CE.NFO,02/01/2024,11:52:11,0.25,0.25,49760,0.3,108160,240,964120
FINNIFTY02JAN2423500CE.NFO,02/01/2024,11:52:17,0.25,0.25,49760,0.3,108160,0,964120
FINNIFTY02JAN2423500CE.NFO,02/01/2024,11:52:29,0.25,0.25,47960,0.3,108160,1800,964120
FINNIFTY02JAN2423500CE.NFO,02/01/2024,11:52:35,0.25,0.25,46160,0.3,108160,1800,964120
FINNIFTY02JAN2423500CE.NFO,02/01/2024,11:52:48,0.25,0.25,46080,0.3,108160,1920,964120
FINNIFTY02JAN2423500CE.NFO,02/01/2024,11:52:54,0.25,0.25,44280,0.3,108160,1800,964120
FINNIFTY02JAN2423500CE.NFO,02/01/2024,11:53:00,0.25,0.25,40200,0.3,108160,2280,964120
FINNIFTY02JAN2423500CE.NFO,02/01/2024,11:53:07,0.25,0.25,34680,0.3,108160,4280,964120
FINNIFTY02JAN2423500CE.NFO,02/01/2024,11:53:14,0.25,0.25,27120,0.3,108160,1800,964120
FINNIFTY02JAN2423500CE.NFO,02/01/2024,11:53:21,0.25,0.25,25280,0.3,108160,1840,964120
FINNIFTY02JAN2423500CE.NFO,02/01/2024,11:53:28,0.25,0.25,23480,0.3,108160,1800,964120
FINNIFTY02JAN2423500CE.NFO,02/01/2024,11:53:35,0.25,0.25,21680,0.3,108160,1800,964120
FINNIFTY02JAN2423500CE.NFO,02/01/2024,11:53:42,0.25,0.25,19880,0.3,108160,1800,964120
FINNIFTY02JAN2423500CE.NFO,02/01/2024,11:53:48,0.25,0.25,18080,0.3,108160,1800,976480
FINNIFTY02JAN2423500CE.NFO,02/01/2024,11:53:54,0.25,0.25,1120,0.3,72960,16960,976480
FINNIFTY02JAN2423500CE.NFO,02/01/2024,11:54:00,0.25,0.25,1120,0.3,71160,0,976480
FINNIFTY02JAN2423500CE.NFO,02/01/2024,11:54:05,0.25,0.2,207280,0.25,50160,1120,976480
FINNIFTY02JAN2423500CE.NFO,02/01/2024,11:54:11,0.25,0.2,208360,0.25,63160,0,976480
FINNIFTY02JAN2423500CE.NFO,02/01/2024,11:54:17,0.25,0.2,208360,0.25,62160,0,976480
FINNIFTY02JAN2423500CE.NFO,02/01/2024,11:54:48,0.25,0.2,211960,0.25,62160,0,976480
FINNIFTY02JAN2423500CE.NFO,02/01/2024,11:54:53,0.25,0.2,215760,0.25,62160,0,976480
FINNIFTY02JAN2423500CE.NFO,02/01/2024,11:54:59,0.25,0.2,215800,0.25,61960,200,976480
FINNIFTY02JAN2423500CE.NFO,02/01/2024,11:55:04,0.25,0.2,237400,0.25,61960,0,976480
FINNIFTY02JAN2423500CE.NFO,02/01/2024,11:55:10,0.25,0.2,251800,0.25,61960,0,976480
FINNIFTY02JAN2423500CE.NFO,02/01/2024,11:55:16,0.25,0.2,251800,0.25,61920,40,976480
FINNIFTY02JAN2423500CE.NFO,02/01/2024,11:55:33,0.25,0.2,251800,0.25,63720,0,976480
FINNIFTY02JAN2423500CE.NFO,02/01/2024,11:55:38,0.25,0.2,251800,0.25,63560,160,976480
FINNIFTY02JAN2423500CE.NFO,02/01/2024,11:55:43,0.25,0.2,251800,0.25,63560,0,976480
FINNIFTY02JAN2423500CE.NFO,02/01/2024,11:55:49,0.25,0.2,251800,0.25,65360,0,976480
FINNIFTY02JAN2423500CE.NFO,02/01/2024,11:55:54,0.25,0.2,251800,0.25,64880,480,976480
FINNIFTY02JAN2423500CE.NFO,02/01/2024,11:56:00,0.25,0.2,251800,0.25,64880,0,976480
FINNIFTY02JAN2423500CE.NFO,02/01/2024,11:56:05,0.25,0.2,251800,0.25,61240,40,976480
FINNIFTY02JAN2423500CE.NFO,02/01/2024,11:56:11,0.25,0.2,251800,0.25,61240,0,976480
FINNIFTY02JAN2423500CE.NFO,02/01/2024,11:56:16,0.25,0.2,253600,0.25,59440,1800,976480
FINNIFTY02JAN2423500CE.NFO,02/01/2024,11:56:27,0.25,0.2,253600,0.25,63040,0,976480
FINNIFTY02JAN2423500CE.NFO,02/01/2024,11:57:11,0.25,0.2,253640,0.25,63040,0,976480
FINNIFTY02JAN2423500CE.NFO,02/01/2024,11:57:49,0.25,0.2,253640,0.25,63640,0,976480
FINNIFTY02JAN2423500CE.NFO,02/01/2024,11:58:36,0.25,0.2,253640,0.25,63080,560,968240
FINNIFTY02JAN2423500CE.NFO,02/01/2024,11:58:42,0.25,0.2,253640,0.25,63080,0,968240
FINNIFTY02JAN2423500CE.NFO,02/01/2024,11:58:48,0.25,0.2,253640,0.25,62880,200,968240
FINNIFTY02JAN2423500CE.NFO,02/01/2024,11:59:22,0.25,0.2,253640,0.25,62880,0,968240
FINNIFTY02JAN2423500CE.NFO,02/01/2024,12:00:24,0.25,0.2,253640,0.25,62280,600,967480
FINNIFTY02JAN2423500CE.NFO,02/01/2024,12:01:04,0.25,0.2,253640,0.25,61680,600,967480
FINNIFTY02JAN2423500CE.NFO,02/01/2024,12:01:55,0.25,0.2,253640,0.25,61520,160,967480
FINNIFTY02JAN2423500CE.NFO,02/01/2024,12:02:13,0.25,0.2,251280,0.25,54080,7440,967480
FINNIFTY02JAN2423500CE.NFO,02/01/2024,12:03:13,0.25,0.2,253080,0.25,54080,0,967480
FINNIFTY02JAN2423500CE.NFO,02/01/2024,12:03:25,0.25,0.2,253080,0.25,57640,40,960040
FINNIFTY02JAN2423500CE.NFO,02/01/2024,12:03:31,0.25,0.2,253080,0.25,57640,0,960040
FINNIFTY02JAN2423500CE.NFO,02/01/2024,12:03:42,0.2,0.2,253120,0.25,57640,40,960040
FINNIFTY02JAN2423500CE.NFO,02/01/2024,12:03:47,0.25,0.2,253120,0.25,57600,40,960040
FINNIFTY02JAN2423500CE.NFO,02/01/2024,12:03:58,0.25,0.2,253120,0.25,57600,0,960040
FINNIFTY02JAN2423500CE.NFO,02/01/2024,12:04:23,0.25,0.2,252960,0.25,57000,0,960040
FINNIFTY02JAN2423500CE.NFO,02/01/2024,12:04:31,0.25,0.2,253120,0.25,56560,440,960040
FINNIFTY02JAN2423500CE.NFO,02/01/2024,12:04:38,0.25,0.2,253120,0.25,60760,0,960040
FINNIFTY02JAN2423500CE.NFO,02/01/2024,12:05:16,0.25,0.2,253120,0.25,60560,200,960040
FINNIFTY02JAN2423500CE.NFO,02/01/2024,12:05:36,0.25,0.2,253120,0.25,60520,40,960040
FINNIFTY02JAN2423500CE.NFO,02/01/2024,12:05:48,0.25,0.2,253120,0.25,59920,0,960040
FINNIFTY02JAN2423500CE.NFO,02/01/2024,12:05:54,0.25,0.2,253120,0.25,59880,40,959880
FINNIFTY02JAN2423500CE.NFO,02/01/2024,12:06:00,0.25,0.2,253120,0.25,59880,0,959880
FINNIFTY02JAN2423500CE.NFO,02/01/2024,12:06:21,0.25,0.2,253120,0.25,59480,400,959880
FINNIFTY02JAN2423500CE.NFO,02/01/2024,12:06:44,0.25,0.2,253120,0.25,59480,0,959880
FINNIFTY02JAN2423500CE.NFO,02/01/2024,12:07:00,0.2,0.2,252520,0.25,59480,600,959880
FINNIFTY02JAN2423500CE.NFO,02/01/2024,12:07:05,0.2,0.2,252520,0.25,61280,0,959880
FINNIFTY02JAN2423500CE.NFO,02/01/2024,12:07:11,0.2,0.2,252920,0.25,61560,0,959880
FINNIFTY02JAN2423500CE.NFO,02/01/2024,12:07:55,0.2,0.2,273120,0.25,61560,1800,959880
FINNIFTY02JAN2423500CE.NFO,02/01/2024,12:08:08,0.2,0.2,273120,0.25,61560,0,959880
FINNIFTY02JAN2423500CE.NFO,02/01/2024,12:08:21,0.2,0.2,273120,0.25,63000,0,959880
FINNIFTY02JAN2423500CE.NFO,02/01/2024,12:08:40,0.25,0.2,251120,0.25,62960,40,959880
FINNIFTY02JAN2423500CE.NFO,02/01/2024,12:08:56,0.25,0.2,251120,0.25,62960,0,959880
FINNIFTY02JAN2423500CE.NFO,02/01/2024,12:09:14,0.2,0.2,249320,0.25,62840,1920,959440
FINNIFTY02JAN2423500CE.NFO,02/01/2024,12:09:20,0.2,0.2,244280,0.25,38240,36000,959440
FINNIFTY02JAN2423500CE.NFO,02/01/2024,12:09:27,0.25,0.2,233480,0.25,36120,12920,959440
FINNIFTY02JAN2423500CE.NFO,02/01/2024,12:09:34,0.2,0.2,229840,0.25,58920,3600,959440
FINNIFTY02JAN2423500CE.NFO,02/01/2024,12:09:40,0.2,0.2,226240,0.25,63080,5200,959440
FINNIFTY02JAN2423500CE.NFO,02/01/2024,12:09:46,0.2,0.2,223440,0.25,75320,3160,959440
FINNIFTY02JAN2423500CE.NFO,02/01/2024,12:09:53,0.2,0.2,221640,0.25,74600,2520,959440
FINNIFTY02JAN2423500CE.NFO,02/01/2024,12:10:00,0.2,0.2,212640,0.25,74600,1800,959440
FINNIFTY02JAN2423500CE.NFO,02/01/2024,12:10:08,0.2,0.2,185680,0.25,74600,5400,959440
FINNIFTY02JAN2423500CE.NFO,02/01/2024,12:10:17,0.2,0.2,183880,0.25,85400,1800,959440
FINNIFTY02JAN2423500CE.NFO,02/01/2024,12:10:32,0.2,0.2,183960,0.25,87200,0,959440
FINNIFTY02JAN2423500CE.NFO,02/01/2024,12:10:40,0.2,0.2,182160,0.25,85400,1800,959440
FINNIFTY02JAN2423500CE.NFO,02/01/2024,12:10:47,0.2,0.2,180080,0.25,87200,2080,959440
FINNIFTY02JAN2423500CE.NFO,02/01/2024,12:10:54,0.2,0.2,180040,0.25,91520,40,959440
FINNIFTY02JAN2423500CE.NFO,02/01/2024,12:11:01,0.2,0.2,158440,0.25,94400,3600,959440
FINNIFTY02JAN2423500CE.NFO,02/01/2024,12:11:15,0.2,0.2,129640,0.25,94400,3600,959440
FINNIFTY02JAN2423500CE.NFO,02/01/2024,12:11:23,0.2,0.2,59280,0.25,94400,8640,959440
FINNIFTY02JAN2423500CE.NFO,02/01/2024,12:11:30,0.2,0.2,7080,0.25,85400,16240,959440
FINNIFTY02JAN2423500CE.NFO,02/01/2024,12:11:37,0.2,0.15,528960,0.2,57440,9440,959440
FINNIFTY02JAN2423500CE.NFO,02/01/2024,12:11:44,0.2,0.15,537040,0.2,66200,240,959440
FINNIFTY02JAN2423500CE.NFO,02/01/2024,12:11:52,0.2,0.15,537040,0.2,66200,40,930080
FINNIFTY02JAN2423500CE.NFO,02/01/2024,12:11:58,0.2,0.15,537040,0.2,66160,0,930080
FINNIFTY02JAN2423500CE.NFO,02/01/2024,12:12:12,0.2,0.15,537040,0.2,66040,120,930080
FINNIFTY02JAN2423500CE.NFO,02/01/2024,12:12:18,0.2,0.15,537040,0.2,74440,40,930080
FINNIFTY02JAN2423500CE.NFO,02/01/2024,12:12:25,0.2,0.15,534240,0.2,74360,80,930080
FINNIFTY02JAN2423500CE.NFO,02/01/2024,12:12:31,0.2,0.15,534240,0.2,73920,440,930080
FINNIFTY02JAN2423500CE.NFO,02/01/2024,12:12:38,0.2,0.15,534240,0.2,73120,0,930080
FINNIFTY02JAN2423500CE.NFO,02/01/2024,12:12:57,0.2,0.15,534240,0.2,74560,0,930080
FINNIFTY02JAN2423500CE.NFO,02/01/2024,12:13:11,0.2,0.15,534240,0.2,74360,200,930080
FINNIFTY02JAN2423500CE.NFO,02/01/2024,12:13:18,0.2,0.15,534240,0.2,74320,40,930080
FINNIFTY02JAN2423500CE.NFO,02/01/2024,12:13:25,0.2,0.15,534240,0.2,74120,200,930080
FINNIFTY02JAN2423500CE.NFO,02/01/2024,12:13:42,0.2,0.15,534240,0.2,74120,0,930080
FINNIFTY02JAN2423500CE.NFO,02/01/2024,12:13:48,0.2,0.15,534240,0.2,74080,40,930080
FINNIFTY02JAN2423500CE.NFO,02/01/2024,12:13:55,0.2,0.15,534240,0.2,74000,80,930080
FINNIFTY02JAN2423500CE.NFO,02/01/2024,12:14:10,0.2,0.15,534240,0.2,73480,520,930080
FINNIFTY02JAN2423500CE.NFO,02/01/2024,12:14:17,0.2,0.15,534240,0.2,73480,0,930080
FINNIFTY02JAN2423500CE.NFO,02/01/2024,12:14:42,0.2,0.15,534240,0.2,73240,240,930080
FINNIFTY02JAN2423500CE.NFO,02/01/2024,12:15:01,0.2,0.15,534240,0.2,72920,320,928720
FINNIFTY02JAN2423500CE.NFO,02/01/2024,12:15:07,0.2,0.15,534240,0.2,72400,520,928720
FINNIFTY02JAN2423500CE.NFO,02/01/2024,12:15:19,0.2,0.15,534160,0.2,72320,80,928720
FINNIFTY02JAN2423500CE.NFO,02/01/2024,12:15:25,0.2,0.15,536840,0.2,70880,1440,928720
FINNIFTY02JAN2423500CE.NFO,02/01/2024,12:15:32,0.2,0.15,536840,0.2,70400,480,928720
FINNIFTY02JAN2423500CE.NFO,02/01/2024,12:15:39,0.2,0.15,536840,0.2,70200,200,928720
FINNIFTY02JAN2423500CE.NFO,02/01/2024,12:15:47,0.2,0.15,536840,0.2,69320,880,928720
FINNIFTY02JAN2423500CE.NFO,02/01/2024,12:15:54,0.2,0.15,536840,0.2,72960,0,928720
FINNIFTY02JAN2423500CE.NFO,02/01/2024,12:16:00,0.15,0.15,536720,0.2,72960,120,928720
FINNIFTY02JAN2423500CE.NFO,02/01/2024,12:16:08,0.15,0.15,536720,0.2,72960,0,928720
FINNIFTY02JAN2423500CE.NFO,02/01/2024,12:16:15,0.2,0.15,536720,0.2,71120,1840,928720
FINNIFTY02JAN2423500CE.NFO,02/01/2024,12:16:22,0.2,0.15,536720,0.2,69320,1800,928720
FINNIFTY02JAN2423500CE.NFO,02/01/2024,12:16:29,0.2,0.15,540320,0.2,69120,200,928720
FINNIFTY02JAN2423500CE.NFO,02/01/2024,12:16:36,0.2,0.15,540320,0.2,68960,160,928720
FINNIFTY02JAN2423500CE.NFO,02/01/2024,12:16:43,0.2,0.15,540320,0.2,69760,0,928720
FINNIFTY02JAN2423500CE.NFO,02/01/2024,12:17:04,0.2,0.15,540280,0.2,69760,0,928720
FINNIFTY02JAN2423500CE.NFO,02/01/2024,12:17:22,0.2,0.15,540280,0.2,70680,0,928720
FINNIFTY02JAN2423500CE.NFO,02/01/2024,12:17:48,0.2,0.15,540280,0.2,69160,1520,928720
FINNIFTY02JAN2423500CE.NFO,02/01/2024,12:17:55,0.2,0.15,540280,0.2,77320,0,928720
FINNIFTY02JAN2423500CE.NFO,02/01/2024,12:18:03,0.2,0.15,540280,0.2,76840,480,920400
FINNIFTY02JAN2423500CE.NFO,02/01/2024,12:18:11,0.2,0.15,540280,0.2,76400,440,920400
FINNIFTY02JAN2423500CE.NFO,02/01/2024,12:18:18,0.2,0.15,540280,0.2,76400,0,920400
FINNIFTY02JAN2423500CE.NFO,02/01/2024,12:19:18,0.2,0.15,540280,0.2,76160,240,920400
FINNIFTY02JAN2423500CE.NFO,02/01/2024,12:19:34,0.2,0.15,504280,0.2,76160,0,920400
FINNIFTY02JAN2423500CE.NFO,02/01/2024,12:20:06,0.2,0.15,504280,0.2,76040,120,920400
FINNIFTY02JAN2423500CE.NFO,02/01/2024,12:20:33,0.2,0.15,504280,0.2,75640,400,920400
FINNIFTY02JAN2423500CE.NFO,02/01/2024,12:20:52,0.2,0.15,504280,0.2,75600,40,918640
FINNIFTY02JAN2423500CE.NFO,02/01/2024,12:20:59,0.2,0.15,502480,0.2,75440,160,918640
FINNIFTY02JAN2423500CE.NFO,02/01/2024,12:21:13,0.2,0.15,504280,0.2,75280,160,918640
FINNIFTY02JAN2423500CE.NFO,02/01/2024,12:21:27,0.2,0.15,504280,0.2,74600,680,918640
FINNIFTY02JAN2423500CE.NFO,02/01/2024,12:21:49,0.2,0.15,504280,0.2,74440,160,918640
FINNIFTY02JAN2423500CE.NFO,02/01/2024,12:21:56,0.2,0.15,504000,0.2,74440,0,918640
FINNIFTY02JAN2423500CE.NFO,02/01/2024,12:22:10,0.2,0.15,503800,0.2,74440,0,918640
FINNIFTY02JAN2423500CE.NFO,02/01/2024,12:22:18,0.2,0.15,503800,0.2,73560,880,918640
FINNIFTY02JAN2423500CE.NFO,02/01/2024,12:22:25,0.2,0.15,503800,0.2,73560,0,918640
FINNIFTY02JAN2423500CE.NFO,02/01/2024,12:22:51,0.2,0.15,503800,0.2,73440,120,918640
FINNIFTY02JAN2423500CE.NFO,02/01/2024,12:22:58,0.2,0.15,503800,0.2,72920,520,918640
FINNIFTY02JAN2423500CE.NFO,02/01/2024,12:23:05,0.2,0.15,503800,0.2,72560,360,918640
FINNIFTY02JAN2423500CE.NFO,02/01/2024,12:23:12,0.2,0.15,503800,0.2,72240,320,918640
FINNIFTY02JAN2423500CE.NFO,02/01/2024,12:23:19,0.2,0.15,503800,0.2,72320,0,918640
FINNIFTY02JAN2423500CE.NFO,02/01/2024,12:23:26,0.2,0.15,503800,0.2,72000,320,918640
FINNIFTY02JAN2423500CE.NFO,02/01/2024,12:23:32,0.2,0.15,503800,0.2,71680,320,918640
FINNIFTY02JAN2423500CE.NFO,02/01/2024,12:23:51,0.2,0.15,503800,0.2,69920,1760,918640
FINNIFTY02JAN2423500CE.NFO,02/01/2024,12:24:02,0.2,0.15,503800,0.2,69920,0,918640
FINNIFTY02JAN2423500CE.NFO,02/01/2024,12:24:22,0.2,0.15,503800,0.2,69600,320,913000
FINNIFTY02JAN2423500CE.NFO,02/01/2024,12:25:25,0.15,0.15,503080,0.2,69600,720,913000
FINNIFTY02JAN2423500CE.NFO,02/01/2024,12:25:39,0.15,0.15,502680,0.2,69600,400,913000
FINNIFTY02JAN2423500CE.NFO,02/01/2024,12:25:45,0.15,0.15,504680,0.2,69600,0,913000
FINNIFTY02JAN2423500CE.NFO,02/01/2024,12:26:11,0.2,0.15,504680,0.2,68400,1200,913000
FINNIFTY02JAN2423500CE.NFO,02/01/2024,12:26:23,0.15,0.15,504680,0.2,68400,400,913000
FINNIFTY02JAN2423500CE.NFO,02/01/2024,12:26:30,0.2,0.15,504680,0.2,68000,400,913000
FINNIFTY02JAN2423500CE.NFO,02/01/2024,12:26:36,0.2,0.15,502680,0.2,68000,0,913000
FINNIFTY02JAN2423500CE.NFO,02/01/2024,12:26:53,0.15,0.15,502560,0.2,68000,120,911880
FINNIFTY02JAN2423500CE.NFO,02/01/2024,12:27:11,0.2,0.15,502560,0.2,66200,1800,911880
FINNIFTY02JAN2423500CE.NFO,02/01/2024,12:27:23,0.2,0.15,502560,0.2,66040,160,911880
FINNIFTY02JAN2423500CE.NFO,02/01/2024,12:27:30,0.2,0.15,502560,0.2,66040,0,911880
FINNIFTY02JAN2423500CE.NFO,02/01/2024,12:28:02,0.2,0.15,502560,0.2,65720,320,911880
FINNIFTY02JAN2423500CE.NFO,02/01/2024,12:28:07,0.2,0.15,502560,0.2,65680,40,911880
FINNIFTY02JAN2423500CE.NFO,02/01/2024,12:28:27,0.2,0.15,502560,0.2,65680,0,911880
FINNIFTY02JAN2423500CE.NFO,02/01/2024,12:29:18,0.15,0.15,498160,0.2,65680,4400,911880
FINNIFTY02JAN2423500CE.NFO,02/01/2024,12:29:24,0.15,0.15,478360,0.2,67480,3600,911880
FINNIFTY02JAN2423500CE.NFO,02/01/2024,12:29:30,0.2,0.15,459160,0.2,71360,480,911880
FINNIFTY02JAN2423500CE.NFO,02/01/2024,12:29:36,0.2,0.15,459160,0.2,72800,0,911880
FINNIFTY02JAN2423500CE.NFO,02/01/2024,12:30:00,0.2,0.15,452880,0.2,72800,0,911880
FINNIFTY02JAN2423500CE.NFO,02/01/2024,12:30:17,0.2,0.15,452880,0.2,74000,0,911880
FINNIFTY02JAN2423500CE.NFO,02/01/2024,12:30:24,0.2,0.15,438480,0.2,74000,0,911880
FINNIFTY02JAN2423500CE.NFO,02/01/2024,12:30:59,0.15,0.15,438440,0.2,74000,40,911600
FINNIFTY02JAN2423500CE.NFO,02/01/2024,12:31:11,0.2,0.15,438440,0.2,73760,280,911600
FINNIFTY02JAN2423500CE.NFO,02/01/2024,12:31:25,0.15,0.15,436680,0.2,73760,1760,911600
FINNIFTY02JAN2423500CE.NFO,02/01/2024,12:31:31,0.15,0.15,436680,0.2,74520,0,911600
FINNIFTY02JAN2423500CE.NFO,02/01/2024,12:31:37,0.2,0.15,436680,0.2,75000,800,911600
FINNIFTY02JAN2423500CE.NFO,02/01/2024,12:31:42,0.2,0.15,440160,0.2,75000,0,911600
FINNIFTY02JAN2423500CE.NFO,02/01/2024,12:31:48,0.2,0.15,440160,0.2,76800,0,911600
FINNIFTY02JAN2423500CE.NFO,02/01/2024,12:32:05,0.2,0.15,440160,0.2,77520,0,911600
FINNIFTY02JAN2423500CE.NFO,02/01/2024,12:32:34,0.2,0.15,429360,0.2,77520,0,911600
FINNIFTY02JAN2423500CE.NFO,02/01/2024,12:32:40,0.2,0.15,425760,0.2,77520,0,911600
FINNIFTY02JAN2423500CE.NFO,02/01/2024,12:32:57,0.2,0.15,422160,0.2,77520,0,911600
FINNIFTY02JAN2423500CE.NFO,02/01/2024,12:33:02,0.15,0.15,421360,0.2,77520,800,911320
FINNIFTY02JAN2423500CE.NFO,02/01/2024,12:33:49,0.15,0.15,419560,0.2,76520,1800,911320
FINNIFTY02JAN2423500CE.NFO,02/01/2024,12:33:55,0.15,0.15,419560,0.2,77280,0,911320
FINNIFTY02JAN2423500CE.NFO,02/01/2024,12:34:01,0.15,0.15,419280,0.2,78480,280,911320
FINNIFTY02JAN2423500CE.NFO,02/01/2024,12:34:19,0.15,0.15,419280,0.2,78480,0,911320
FINNIFTY02JAN2423500CE.NFO,02/01/2024,12:34:25,0.15,0.15,419280,0.2,78440,0,911320
FINNIFTY02JAN2423500CE.NFO,02/01/2024,12:34:36,0.15,0.15,409280,0.2,78440,0,911320
FINNIFTY02JAN2423500CE.NFO,02/01/2024,12:34:42,0.15,0.15,400280,0.2,78440,0,911320
FINNIFTY02JAN2423500CE.NFO,02/01/2024,12:35:17,0.2,0.15,387680,0.2,77440,1000,911320
FINNIFTY02JAN2423500CE.NFO,02/01/2024,12:35:24,0.2,0.15,385880,0.2,77440,0,911320
FINNIFTY02JAN2423500CE.NFO,02/01/2024,12:35:57,0.2,0.15,384440,0.2,77440,0,911320
FINNIFTY02JAN2423500CE.NFO,02/01/2024,12:36:03,0.2,0.15,369800,0.2,77440,0,911320
FINNIFTY02JAN2423500CE.NFO,02/01/2024,12:36:15,0.2,0.15,369800,0.2,77800,0,911320
FINNIFTY02JAN2423500CE.NFO,02/01/2024,12:36:22,0.2,0.15,369800,0.2,73240,0,911320
FINNIFTY02JAN2423500CE.NFO,02/01/2024,12:36:35,0.2,0.15,362600,0.2,73240,0,911320
FINNIFTY02JAN2423500CE.NFO,02/01/2024,12:36:55,0.2,0.15,353600,0.2,73240,0,911320
FINNIFTY02JAN2423500CE.NFO,02/01/2024,12:37:20,0.2,0.15,353600,0.2,73200,40,912120
FINNIFTY02JAN2423500CE.NFO,02/01/2024,12:37:27,0.15,0.15,353480,0.2,76800,120,912120
FINNIFTY02JAN2423500CE.NFO,02/01/2024,12:37:33,0.2,0.15,353480,0.2,76760,40,912120
FINNIFTY02JAN2423500CE.NFO,02/01/2024,12:37:56,0.15,0.15,340800,0.2,76840,80,912120
FINNIFTY02JAN2423500CE.NFO,02/01/2024,12:38:02,0.15,0.15,339000,0.2,76840,0,912120
FINNIFTY02JAN2423500CE.NFO,02/01/2024,12:38:49,0.15,0.15,337400,0.2,76840,0,912120
FINNIFTY02JAN2423500CE.NFO,02/01/2024,12:38:53,0.2,0.15,337400,0.2,75240,1600,912120
FINNIFTY02JAN2423500CE.NFO,02/01/2024,12:38:59,0.15,0.15,335600,0.2,73440,1800,912120
FINNIFTY02JAN2423500CE.NFO,02/01/2024,12:39:04,0.15,0.15,335600,0.2,73680,0,912120
FINNIFTY02JAN2423500CE.NFO,02/01/2024,12:39:09,0.15,0.15,335600,0.2,74280,0,912120
FINNIFTY02JAN2423500CE.NFO,02/01/2024,12:39:15,0.15,0.15,335600,0.2,74320,0,912120
FINNIFTY02JAN2423500CE.NFO,02/01/2024,12:39:24,0.15,0.15,335600,0.2,75240,0,912120
FINNIFTY02JAN2423500CE.NFO,02/01/2024,12:40:25,0.15,0.15,335600,0.2,74440,0,912120
FINNIFTY02JAN2423500CE.NFO,02/01/2024,12:40:31,0.2,0.15,335600,0.2,74240,200,912120
FINNIFTY02JAN2423500CE.NFO,02/01/2024,12:40:37,0.2,0.15,335600,0.2,72520,1720,912120
FINNIFTY02JAN2423500CE.NFO,02/01/2024,12:40:42,0.2,0.15,335600,0.2,72520,0,912120
FINNIFTY02JAN2423500CE.NFO,02/01/2024,12:41:11,0.2,0.15,335600,0.2,72480,40,912120
FINNIFTY02JAN2423500CE.NFO,02/01/2024,12:41:16,0.2,0.15,335000,0.2,71880,600,912120
FINNIFTY02JAN2423500CE.NFO,02/01/2024,12:41:27,0.15,0.15,333200,0.2,71840,1840,912120
FINNIFTY02JAN2423500CE.NFO,02/01/2024,12:41:33,0.15,0.15,333200,0.2,72080,0,912120
FINNIFTY02JAN2423500CE.NFO,02/01/2024,12:41:40,0.15,0.15,331400,0.2,72960,1800,912120
FINNIFTY02JAN2423500CE.NFO,02/01/2024,12:41:47,0.15,0.15,331400,0.2,74160,0,912120
FINNIFTY02JAN2423500CE.NFO,02/01/2024,12:41:53,0.15,0.15,329600,0.2,75640,1800,912120
FINNIFTY02JAN2423500CE.NFO,02/01/2024,12:41:59,0.15,0.15,329600,0.2,77120,0,912120
FINNIFTY02JAN2423500CE.NFO,02/01/2024,12:42:09,0.2,0.15,329560,0.2,77200,120,914160
FINNIFTY02JAN2423500CE.NFO,02/01/2024,12:42:21,0.15,0.15,329200,0.2,77200,360,914160
FINNIFTY02JAN2423500CE.NFO,02/01/2024,12:42:45,0.2,0.15,329200,0.2,77480,120,914160
FINNIFTY02JAN2423500CE.NFO,02/01/2024,12:42:51,0.2,0.15,329200,0.2,77480,0,914160
FINNIFTY02JAN2423500CE.NFO,02/01/2024,12:42:56,0.15,0.15,329160,0.2,77480,40,914160
FINNIFTY02JAN2423500CE.NFO,02/01/2024,12:43:37,0.15,0.15,327360,0.2,77520,0,914160
FINNIFTY02JAN2423500CE.NFO,02/01/2024,12:43:43,0.15,0.15,325560,0.2,77520,0,914160
FINNIFTY02JAN2423500CE.NFO,02/01/2024,12:43:55,0.15,0.15,323760,0.2,77520,0,914160
FINNIFTY02JAN2423500CE.NFO,02/01/2024,12:44:01,0.15,0.15,323920,0.2,77520,0,914160
FINNIFTY02JAN2423500CE.NFO,02/01/2024,12:44:06,0.15,0.15,322120,0.2,77520,0,914160
FINNIFTY02JAN2423500CE.NFO,02/01/2024,12:44:12,0.15,0.15,320320,0.2,78000,0,914160
FINNIFTY02JAN2423500CE.NFO,02/01/2024,12:44:18,0.15,0.15,318520,0.2,78000,0,914160
FINNIFTY02JAN2423500CE.NFO,02/01/2024,12:44:29,0.2,0.15,317560,0.2,77840,160,914160
FINNIFTY02JAN2423500CE.NFO,02/01/2024,12:44:34,0.2,0.15,315760,0.2,77840,0,914160
FINNIFTY02JAN2423500CE.NFO,02/01/2024,12:45:11,0.2,0.15,315760,0.2,77120,0,914160
FINNIFTY02JAN2423500CE.NFO,02/01/2024,12:45:23,0.15,0.15,315480,0.2,77120,280,914160
FINNIFTY02JAN2423500CE.NFO,02/01/2024,12:45:34,0.2,0.15,315480,0.2,48920,36000,914160
FINNIFTY02JAN2423500CE.NFO,02/01/2024,12:45:38,0.15,0.15,315240,0.2,49080,240,914160
FINNIFTY02JAN2423500CE.NFO,02/01/2024,12:45:44,0.15,0.15,315240,0.2,49400,0,914160
FINNIFTY02JAN2423500CE.NFO,02/01/2024,12:45:55,0.2,0.15,315240,0.2,49280,120,914160
FINNIFTY02JAN2423500CE.NFO,02/01/2024,12:46:01,0.2,0.15,320640,0.2,49280,0,914160
FINNIFTY02JAN2423500CE.NFO,02/01/2024,12:46:07,0.2,0.15,326040,0.2,49280,0,914160
FINNIFTY02JAN2423500CE.NFO,02/01/2024,12:46:19,0.2,0.15,326040,0.2,48800,0,914160
FINNIFTY02JAN2423500CE.NFO,02/01/2024,12:46:32,0.15,0.15,325560,0.2,48800,480,914160
FINNIFTY02JAN2423500CE.NFO,02/01/2024,12:46:37,0.15,0.15,325560,0.2,49400,0,914160
FINNIFTY02JAN2423500CE.NFO,02/01/2024,12:47:08,0.2,0.15,326160,0.2,49280,120,914160
FINNIFTY02JAN2423500CE.NFO,02/01/2024,12:47:30,0.2,0.15,324680,0.2,49200,1560,914160
FINNIFTY02JAN2423500CE.NFO,02/01/2024,12:47:35,0.2,0.15,324680,0.2,49040,160,914160
FINNIFTY02JAN2423500CE.NFO,02/01/2024,12:47:52,0.2,0.15,324680,0.2,49040,0,914160
FINNIFTY02JAN2423500CE.NFO,02/01/2024,12:47:58,0.2,0.15,324680,0.2,49160,0,914160
FINNIFTY02JAN2423500CE.NFO,02/01/2024,12:48:04,0.2,0.15,324680,0.2,49120,0,914160
FINNIFTY02JAN2423500CE.NFO,02/01/2024,12:48:15,0.15,0.15,324400,0.2,49120,280,915480
FINNIFTY02JAN2423500CE.NFO,02/01/2024,12:48:25,0.15,0.15,324400,0.2,49120,0,915480
FINNIFTY02JAN2423500CE.NFO,02/01/2024,12:48:31,0.15,0.15,324400,0.2,49160,0,915480
FINNIFTY02JAN2423500CE.NFO,02/01/2024,12:48:37,0.15,0.15,324400,0.2,49120,0,915480
FINNIFTY02JAN2423500CE.NFO,02/01/2024,12:49:01,0.15,0.15,324400,0.2,49160,0,915480
FINNIFTY02JAN2423500CE.NFO,02/01/2024,12:49:07,0.2,0.15,324400,0.2,49120,40,915480
FINNIFTY02JAN2423500CE.NFO,02/01/2024,12:49:12,0.2,0.15,324400,0.2,49080,0,915480
FINNIFTY02JAN2423500CE.NFO,02/01/2024,12:49:46,0.2,0.15,325040,0.2,48920,200,915480
FINNIFTY02JAN2423500CE.NFO,02/01/2024,12:49:51,0.2,0.15,325040,0.2,48880,0,915480
FINNIFTY02JAN2423500CE.NFO,02/01/2024,12:49:57,0.2,0.15,325040,0.2,48920,0,915480
FINNIFTY02JAN2423500CE.NFO,02/01/2024,12:50:08,0.2,0.15,325040,0.2,48880,0,915480
FINNIFTY02JAN2423500CE.NFO,02/01/2024,12:50:13,0.2,0.15,325040,0.2,48920,0,915480
FINNIFTY02JAN2423500CE.NFO,02/01/2024,12:50:19,0.2,0.15,325040,0.2,48880,0,915480
FINNIFTY02JAN2423500CE.NFO,02/01/2024,12:50:37,0.15,0.15,289040,0.2,48920,36000,915480
FINNIFTY02JAN2423500CE.NFO,02/01/2024,12:50:44,0.15,0.15,289040,0.2,52520,0,915480
FINNIFTY02JAN2423500CE.NFO,02/01/2024,12:50:49,0.15,0.15,289040,0.2,52480,0,915480
FINNIFTY02JAN2423500CE.NFO,02/01/2024,12:50:54,0.2,0.15,288440,0.2,67520,1200,915480
FINNIFTY02JAN2423500CE.NFO,02/01/2024,12:51:12,0.15,0.15,286760,0.2,68920,2080,915480
FINNIFTY02JAN2423500CE.NFO,02/01/2024,12:51:18,0.15,0.15,286760,0.2,68920,0,915480
FINNIFTY02JAN2423500CE.NFO,02/01/2024,12:51:31,0.2,0.15,286800,0.2,35320,36000,915480
FINNIFTY02JAN2423500CE.NFO,02/01/2024,12:51:37,0.2,0.15,286760,0.2,41040,0,915480
FINNIFTY02JAN2423500CE.NFO,02/01/2024,12:52:31,0.2,0.15,286760,0.2,40800,240,915480
FINNIFTY02JAN2423500CE.NFO,02/01/2024,12:52:41,0.2,0.15,286760,0.2,40680,120,915480
FINNIFTY02JAN2423500CE.NFO,02/01/2024,12:52:56,0.2,0.15,286760,0.2,42480,0,915480
FINNIFTY02JAN2423500CE.NFO,02/01/2024,12:53:01,0.15,0.15,250760,0.2,61720,36000,915480
FINNIFTY02JAN2423500CE.NFO,02/01/2024,12:53:05,0.15,0.15,250760,0.2,72480,0,915480
FINNIFTY02JAN2423500CE.NFO,02/01/2024,12:53:10,0.15,0.15,250760,0.2,90480,0,915480
FINNIFTY02JAN2423500CE.NFO,02/01/2024,12:53:15,0.15,0.15,250760,0.2,108480,0,915480
FINNIFTY02JAN2423500CE.NFO,02/01/2024,12:53:21,0.15,0.15,250760,0.2,110280,0,915480
FINNIFTY02JAN2423500CE.NFO,02/01/2024,12:53:52,0.2,0.15,250760,0.2,110240,40,915480
FINNIFTY02JAN2423500CE.NFO,02/01/2024,12:54:35,0.2,0.15,250760,0.2,110320,0,915480
FINNIFTY02JAN2423500CE.NFO,02/01/2024,12:54:39,0.2,0.15,250760,0.2,110440,0,915480
FINNIFTY02JAN2423500CE.NFO,02/01/2024,12:54:43,0.2,0.15,250760,0.2,110560,0,915480
FINNIFTY02JAN2423500CE.NFO,02/01/2024,12:54:47,0.2,0.15,250760,0.2,110680,0,915480
FINNIFTY02JAN2423500CE.NFO,02/01/2024,12:54:51,0.2,0.15,250760,0.2,110800,0,915480
FINNIFTY02JAN2423500CE.NFO,02/01/2024,12:54:55,0.2,0.15,250760,0.2,110600,0,915480
FINNIFTY02JAN2423500CE.NFO,02/01/2024,12:54:59,0.15,0.15,250720,0.2,110240,40,925520
FINNIFTY02JAN2423500CE.NFO,02/01/2024,12:55:04,0.15,0.15,250720,0.2,110640,0,925520
FINNIFTY02JAN2423500CE.NFO,02/01/2024,12:55:33,0.15,0.15,250720,0.2,110680,0,925520
FINNIFTY02JAN2423500CE.NFO,02/01/2024,12:55:55,0.15,0.15,250720,0.2,110720,0,925520
FINNIFTY02JAN2423500CE.NFO,02/01/2024,12:55:59,0.15,0.15,250720,0.2,110880,0,925520
FINNIFTY02JAN2423500CE.NFO,02/01/2024,12:56:04,0.15,0.15,246160,0.2,114320,4560,925520
FINNIFTY02JAN2423500CE.NFO,02/01/2024,12:56:09,0.15,0.15,246160,0.2,114280,0,925520
FINNIFTY02JAN2423500CE.NFO,02/01/2024,12:56:30,0.15,0.15,244360,0.2,116080,1800,925520
FINNIFTY02JAN2423500CE.NFO,02/01/2024,12:56:36,0.15,0.15,240960,0.2,116080,3400,925520
FINNIFTY02JAN2423500CE.NFO,02/01/2024,12:56:41,0.15,0.15,240960,0.2,119680,0,925520
FINNIFTY02JAN2423500CE.NFO,02/01/2024,12:56:56,0.15,0.15,240920,0.2,119680,40,927320
FINNIFTY02JAN2423500CE.NFO,02/01/2024,12:57:07,0.15,0.15,240920,0.2,119680,0,927320
FINNIFTY02JAN2423500CE.NFO,02/01/2024,12:57:42,0.2,0.15,240920,0.2,119560,200,927320
FINNIFTY02JAN2423500CE.NFO,02/01/2024,12:58:06,0.2,0.15,240920,0.2,119560,0,927320
FINNIFTY02JAN2423500CE.NFO,02/01/2024,12:58:11,0.15,0.15,240520,0.2,119560,400,927320
FINNIFTY02JAN2423500CE.NFO,02/01/2024,12:58:26,0.15,0.15,235440,0.2,119560,0,927320
FINNIFTY02JAN2423500CE.NFO,02/01/2024,12:59:07,0.15,0.15,235440,0.2,119640,0,927320
FINNIFTY02JAN2423500CE.NFO,02/01/2024,12:59:29,0.2,0.15,235440,0.2,119520,120,927320
FINNIFTY02JAN2423500CE.NFO,02/01/2024,12:59:39,0.2,0.15,235440,0.2,119400,120,927320
FINNIFTY02JAN2423500CE.NFO,02/01/2024,12:59:44,0.2,0.15,235440,0.2,119280,120,927320
FINNIFTY02JAN2423500CE.NFO,02/01/2024,12:59:54,0.2,0.15,237240,0.2,119280,0,927320
FINNIFTY02JAN2423500CE.NFO,02/01/2024,13:00:14,0.15,0.15,231840,0.2,124680,5400,927320
FINNIFTY02JAN2423500CE.NFO,02/01/2024,13:00:19,0.15,0.15,231720,0.2,124680,120,927320
FINNIFTY02JAN2423500CE.NFO,02/01/2024,13:00:34,0.15,0.15,231720,0.2,124680,0,927320
FINNIFTY02JAN2423500CE.NFO,02/01/2024,13:00:39,0.2,0.15,231640,0.2,124600,80,927320
FINNIFTY02JAN2423500CE.NFO,02/01/2024,13:00:56,0.2,0.15,231640,0.2,124600,0,927320
FINNIFTY02JAN2423500CE.NFO,02/01/2024,13:01:02,0.2,0.15,229840,0.2,124600,0,927320
FINNIFTY02JAN2423500CE.NFO,02/01/2024,13:01:13,0.15,0.15,220840,0.2,124600,1800,927320
FINNIFTY02JAN2423500CE.NFO,02/01/2024,13:01:19,0.2,0.15,217240,0.2,125960,440,927320
FINNIFTY02JAN2423500CE.NFO,02/01/2024,13:01:25,0.2,0.15,219040,0.2,125960,0,927320
FINNIFTY02JAN2423500CE.NFO,02/01/2024,13:01:38,0.2,0.15,217240,0.2,125720,240,927320
FINNIFTY02JAN2423500CE.NFO,02/01/2024,13:01:46,0.2,0.15,217240,0.2,125720,0,927320
FINNIFTY02JAN2423500CE.NFO,02/01/2024,13:01:59,0.15,0.15,217200,0.2,125720,40,927320
FINNIFTY02JAN2423500CE.NFO,02/01/2024,13:02:06,0.2,0.15,217200,0.2,123840,1800,927320
FINNIFTY02JAN2423500CE.NFO,02/01/2024,13:02:14,0.15,0.15,216200,0.2,123840,1000,927320
FINNIFTY02JAN2423500CE.NFO,02/01/2024,13:02:22,0.15,0.15,216200,0.2,125640,0,927320
FINNIFTY02JAN2423500CE.NFO,02/01/2024,13:02:30,0.15,0.15,212960,0.2,127440,1440,927320
FINNIFTY02JAN2423500CE.NFO,02/01/2024,13:02:37,0.15,0.15,207240,0.2,127440,3920,927320
FINNIFTY02JAN2423500CE.NFO,02/01/2024,13:02:45,0.15,0.15,203640,0.2,129240,0,927320
FINNIFTY02JAN2423500CE.NFO,02/01/2024,13:03:14,0.15,0.15,201640,0.2,111240,2000,939560
FINNIFTY02JAN2423500CE.NFO,02/01/2024,13:03:20,0.15,0.15,197640,0.2,118440,4000,939560
FINNIFTY02JAN2423500CE.NFO,02/01/2024,13:03:26,0.15,0.15,137640,0.2,118440,0,939560
FINNIFTY02JAN2423500CE.NFO,02/01/2024,13:03:32,0.15,0.15,14320,0.2,48960,72000,939560
FINNIFTY02JAN2423500CE.NFO,02/01/2024,13:03:40,0.15,0.15,12520,0.2,57280,6360,939560
FINNIFTY02JAN2423500CE.NFO,02/01/2024,13:03:48,0.15,0.15,6320,0.2,63760,9920,939560
FINNIFTY02JAN2423500CE.NFO,02/01/2024,13:03:55,0.15,0.15,6000,0.2,58080,5680,939560
FINNIFTY02JAN2423500CE.NFO,02/01/2024,13:04:03,0.15,0.1,677760,0.15,29160,8640,939560
FINNIFTY02JAN2423500CE.NFO,02/01/2024,13:04:13,0.15,0.1,677760,0.15,30760,0,939560
FINNIFTY02JAN2423500CE.NFO,02/01/2024,13:04:23,0.15,0.1,677760,0.15,42480,0,939560
FINNIFTY02JAN2423500CE.NFO,02/01/2024,13:04:32,0.1,0.1,674680,0.15,59000,3120,939560
FINNIFTY02JAN2423500CE.NFO,02/01/2024,13:04:32,0.1,0.1,674680,0.15,59000,0,939560
FINNIFTY02JAN2423500CE.NFO,02/01/2024,13:04:40,0.1,0.1,674440,0.15,63360,240,939560
FINNIFTY02JAN2423500CE.NFO,02/01/2024,13:04:49,0.1,0.1,674440,0.15,63360,0,939560
FINNIFTY02JAN2423500CE.NFO,02/01/2024,13:04:57,0.1,0.1,674440,0.15,70520,0,939560
FINNIFTY02JAN2423500CE.NFO,02/01/2024,13:05:04,0.1,0.1,674360,0.15,70480,120,939560
FINNIFTY02JAN2423500CE.NFO,02/01/2024,13:05:39,0.1,0.1,684280,0.15,70440,160,939560
FINNIFTY02JAN2423500CE.NFO,02/01/2024,13:05:58,0.1,0.1,684120,0.15,72240,160,901320
FINNIFTY02JAN2423500CE.NFO,02/01/2024,13:06:16,0.15,0.1,684120,0.15,71840,400,901320
FINNIFTY02JAN2423500CE.NFO,02/01/2024,13:06:27,0.15,0.1,682320,0.15,70040,1800,901320
FINNIFTY02JAN2423500CE.NFO,02/01/2024,13:06:32,0.1,0.1,682320,0.15,70040,3600,901320
FINNIFTY02JAN2423500CE.NFO,02/01/2024,13:06:37,0.15,0.1,682320,0.15,69800,240,901320
FINNIFTY02JAN2423500CE.NFO,02/01/2024,13:06:42,0.15,0.1,682320,0.15,69720,80,901320
FINNIFTY02JAN2423500CE.NFO,02/01/2024,13:06:53,0.15,0.1,682320,0.15,71520,0,901320
FINNIFTY02JAN2423500CE.NFO,02/01/2024,13:07:04,0.15,0.1,684120,0.15,73320,0,901320
FINNIFTY02JAN2423500CE.NFO,02/01/2024,13:07:09,0.15,0.1,688480,0.15,72280,1040,901320
FINNIFTY02JAN2423500CE.NFO,02/01/2024,13:07:15,0.15,0.1,693880,0.15,72280,0,901320
FINNIFTY02JAN2423500CE.NFO,02/01/2024,13:07:21,0.15,0.1,697480,0.15,72280,0,901320
FINNIFTY02JAN2423500CE.NFO,02/01/2024,13:07:26,0.15,0.1,698480,0.15,72560,0,901320
FINNIFTY02JAN2423500CE.NFO,02/01/2024,13:07:31,0.15,0.1,700280,0.15,72560,0,901320
FINNIFTY02JAN2423500CE.NFO,02/01/2024,13:07:36,0.15,0.1,702080,0.15,72560,0,901320
FINNIFTY02JAN2423500CE.NFO,02/01/2024,13:07:48,0.15,0.1,700280,0.15,70760,1800,901320
FINNIFTY02JAN2423500CE.NFO,02/01/2024,13:07:54,0.15,0.1,700280,0.15,68960,1800,901320
FINNIFTY02JAN2423500CE.NFO,02/01/2024,13:08:06,0.15,0.1,700280,0.15,70680,80,901320
FINNIFTY02JAN2423500CE.NFO,02/01/2024,13:08:12,0.15,0.1,700280,0.15,70680,0,901320
FINNIFTY02JAN2423500CE.NFO,02/01/2024,13:08:24,0.15,0.1,701280,0.15,70680,0,901320
FINNIFTY02JAN2423500CE.NFO,02/01/2024,13:09:13,0.15,0.1,701280,0.15,70440,240,891520
FINNIFTY02JAN2423500CE.NFO,02/01/2024,13:09:45,0.15,0.1,701280,0.15,70360,80,891520
FINNIFTY02JAN2423500CE.NFO,02/01/2024,13:10:01,0.15,0.1,701280,0.15,70520,0,891520
FINNIFTY02JAN2423500CE.NFO,02/01/2024,13:10:06,0.15,0.1,701280,0.15,70680,0,891520
FINNIFTY02JAN2423500CE.NFO,02/01/2024,13:10:12,0.15,0.1,701280,0.15,70360,0,891520
FINNIFTY02JAN2423500CE.NFO,02/01/2024,13:10:24,0.15,0.1,698600,0.15,64080,6280,891520
FINNIFTY02JAN2423500CE.NFO,02/01/2024,13:10:33,0.15,0.1,698600,0.15,63760,320,891520
FINNIFTY02JAN2423500CE.NFO,02/01/2024,13:10:37,0.15,0.1,693200,0.15,67360,0,891520
FINNIFTY02JAN2423500CE.NFO,02/01/2024,13:10:42,0.15,0.1,689600,0.15,67360,0,891520
FINNIFTY02JAN2423500CE.NFO,02/01/2024,13:11:01,0.15,0.1,689600,0.15,67480,0,891520
FINNIFTY02JAN2423500CE.NFO,02/01/2024,13:11:07,0.15,0.1,689600,0.15,67680,0,891520
FINNIFTY02JAN2423500CE.NFO,02/01/2024,13:11:13,0.15,0.1,689600,0.15,68600,0,891520
FINNIFTY02JAN2423500CE.NFO,02/01/2024,13:11:18,0.15,0.1,689600,0.15,66960,1600,891520
FINNIFTY02JAN2423500CE.NFO,02/01/2024,13:11:27,0.15,0.1,689600,0.15,65360,1600,891520
FINNIFTY02JAN2423500CE.NFO,02/01/2024,13:11:38,0.15,0.1,689600,0.15,64560,800,891520
FINNIFTY02JAN2423500CE.NFO,02/01/2024,13:11:45,0.15,0.1,689600,0.15,62960,1600,891520
FINNIFTY02JAN2423500CE.NFO,02/01/2024,13:11:50,0.15,0.1,689600,0.15,62160,800,891520
FINNIFTY02JAN2423500CE.NFO,02/01/2024,13:12:01,0.1,0.1,689000,0.15,62160,600,881400
FINNIFTY02JAN2423500CE.NFO,02/01/2024,13:12:16,0.1,0.1,689000,0.15,62280,0,881400
FINNIFTY02JAN2423500CE.NFO,02/01/2024,13:12:31,0.1,0.1,689000,0.15,63080,0,881400
FINNIFTY02JAN2423500CE.NFO,02/01/2024,13:12:36,0.1,0.1,689000,0.15,63880,0,881400
FINNIFTY02JAN2423500CE.NFO,02/01/2024,13:12:41,0.1,0.1,689000,0.15,65520,0,881400
FINNIFTY02JAN2423500CE.NFO,02/01/2024,13:12:46,0.1,0.1,689000,0.15,65640,0,881400
FINNIFTY02JAN2423500CE.NFO,02/01/2024,13:12:51,0.1,0.1,689000,0.15,65880,0,881400
FINNIFTY02JAN2423500CE.NFO,02/01/2024,13:12:55,0.1,0.1,689000,0.15,65920,0,881400
FINNIFTY02JAN2423500CE.NFO,02/01/2024,13:13:00,0.1,0.1,689000,0.15,66000,0,881400
FINNIFTY02JAN2423500CE.NFO,02/01/2024,13:13:05,0.1,0.1,689000,0.15,65560,0,881400
FINNIFTY02JAN2423500CE.NFO,02/01/2024,13:13:30,0.1,0.1,689040,0.15,65560,0,881400
FINNIFTY02JAN2423500CE.NFO,02/01/2024,13:13:42,0.15,0.1,689000,0.15,65560,40,881400
FINNIFTY02JAN2423500CE.NFO,02/01/2024,13:13:58,0.15,0.1,690800,0.15,65560,0,881400
FINNIFTY02JAN2423500CE.NFO,02/01/2024,13:14:20,0.15,0.1,690800,0.15,65600,0,881400
FINNIFTY02JAN2423500CE.NFO,02/01/2024,13:14:25,0.15,0.1,673600,0.15,65600,0,881400
FINNIFTY02JAN2423500CE.NFO,02/01/2024,13:14:57,0.15,0.1,674480,0.15,65600,0,881400
FINNIFTY02JAN2423500CE.NFO,02/01/2024,13:15:13,0.1,0.1,673080,0.15,65600,1400,880800
FINNIFTY02JAN2423500CE.NFO,02/01/2024,13:15:19,0.1,0.1,673080,0.15,65800,0,880800
FINNIFTY02JAN2423500CE.NFO,02/01/2024,13:15:25,0.1,0.1,673080,0.15,65920,0,880800
FINNIFTY02JAN2423500CE.NFO,02/01/2024,13:15:29,0.1,0.1,673080,0.15,66040,0,880800
FINNIFTY02JAN2423500CE.NFO,02/01/2024,13:15:34,0.1,0.1,673080,0.15,65600,0,880800
FINNIFTY02JAN2423500CE.NFO,02/01/2024,13:15:39,0.1,0.1,673080,0.15,65880,0,880800
FINNIFTY02JAN2423500CE.NFO,02/01/2024,13:16:38,0.1,0.1,673480,0.15,65880,0,880800
FINNIFTY02JAN2423500CE.NFO,02/01/2024,13:16:44,0.1,0.1,671680,0.15,65880,0,880800
FINNIFTY02JAN2423500CE.NFO,02/01/2024,13:16:54,0.1,0.1,669880,0.15,65880,0,880800
FINNIFTY02JAN2423500CE.NFO,02/01/2024,13:17:33,0.1,0.1,666280,0.15,65880,0,880800
FINNIFTY02JAN2423500CE.NFO,02/01/2024,13:17:38,0.1,0.1,664480,0.15,65880,0,880800
FINNIFTY02JAN2423500CE.NFO,02/01/2024,13:17:43,0.1,0.1,662680,0.15,66000,0,880800
FINNIFTY02JAN2423500CE.NFO,02/01/2024,13:17:47,0.1,0.1,660840,0.15,66120,40,880800
FINNIFTY02JAN2423500CE.NFO,02/01/2024,13:17:51,0.1,0.1,659040,0.15,66200,0,880800
FINNIFTY02JAN2423500CE.NFO,02/01/2024,13:17:57,0.1,0.1,659040,0.15,66360,0,880800
FINNIFTY02JAN2423500CE.NFO,02/01/2024,13:18:02,0.1,0.1,659040,0.15,66520,0,880800
FINNIFTY02JAN2423500CE.NFO,02/01/2024,13:18:07,0.1,0.1,659040,0.15,68440,0,880800
FINNIFTY02JAN2423500CE.NFO,02/01/2024,13:18:12,0.1,0.1,659040,0.15,68520,0,880800
FINNIFTY02JAN2423500CE.NFO,02/01/2024,13:18:17,0.1,0.1,659840,0.15,67680,0,880800
FINNIFTY02JAN2423500CE.NFO,02/01/2024,13:18:22,0.1,0.1,661640,0.15,67680,0,880800
FINNIFTY02JAN2423500CE.NFO,02/01/2024,13:18:34,0.1,0.1,661640,0.15,67720,0,880800
FINNIFTY02JAN2423500CE.NFO,02/01/2024,13:19:19,0.1,0.1,661240,0.15,67720,0,880800
FINNIFTY02JAN2423500CE.NFO,02/01/2024,13:19:27,0.1,0.1,663040,0.15,67720,0,880800
FINNIFTY02JAN2423500CE.NFO,02/01/2024,13:19:31,0.1,0.1,666640,0.15,67720,0,880800
FINNIFTY02JAN2423500CE.NFO,02/01/2024,13:19:36,0.1,0.1,668440,0.15,67720,0,880800
FINNIFTY02JAN2423500CE.NFO,02/01/2024,13:20:03,0.1,0.1,668400,0.15,67720,40,879680
FINNIFTY02JAN2423500CE.NFO,02/01/2024,13:20:21,0.1,0.1,632400,0.15,67720,0,879680
FINNIFTY02JAN2423500CE.NFO,02/01/2024,13:20:25,0.1,0.1,614400,0.15,67720,0,879680
FINNIFTY02JAN2423500CE.NFO,02/01/2024,13:20:44,0.1,0.1,607200,0.15,67720,0,879680
FINNIFTY02JAN2423500CE.NFO,02/01/2024,13:20:55,0.1,0.1,598200,0.15,67720,0,879680
FINNIFTY02JAN2423500CE.NFO,02/01/2024,13:21:02,0.1,0.1,598160,0.15,67720,40,879680
FINNIFTY02JAN2423500CE.NFO,02/01/2024,13:21:31,0.1,0.1,597200,0.15,65920,960,879680
FINNIFTY02JAN2423500CE.NFO,02/01/2024,13:21:35,0.1,0.1,597200,0.15,65960,0,879680
FINNIFTY02JAN2423500CE.NFO,02/01/2024,13:21:39,0.1,0.1,597200,0.15,66080,0,879680
FINNIFTY02JAN2423500CE.NFO,02/01/2024,13:21:44,0.1,0.1,597200,0.15,68000,0,879680
FINNIFTY02JAN2423500CE.NFO,02/01/2024,13:21:48,0.1,0.1,597200,0.15,69080,0,879680
FINNIFTY02JAN2423500CE.NFO,02/01/2024,13:21:52,0.1,0.1,597200,0.15,69200,0,879680
FINNIFTY02JAN2423500CE.NFO,02/01/2024,13:21:57,0.1,0.1,597200,0.15,69400,0,879680
FINNIFTY02JAN2423500CE.NFO,02/01/2024,13:22:02,0.1,0.1,597200,0.15,68760,0,879680
FINNIFTY02JAN2423500CE.NFO,02/01/2024,13:22:07,0.15,0.1,597200,0.15,68360,400,879680
FINNIFTY02JAN2423500CE.NFO,02/01/2024,13:22:11,0.15,0.1,597200,0.15,68360,0,879680
FINNIFTY02JAN2423500CE.NFO,02/01/2024,13:22:43,0.15,0.1,596200,0.15,68280,80,879680
FINNIFTY02JAN2423500CE.NFO,02/01/2024,13:23:37,0.15,0.1,596200,0.15,68520,0,879680
FINNIFTY02JAN2423500CE.NFO,02/01/2024,13:23:43,0.15,0.1,596200,0.15,68680,0,879680
FINNIFTY02JAN2423500CE.NFO,02/01/2024,13:23:48,0.1,0.1,595960,0.15,68800,240,879680
FINNIFTY02JAN2423500CE.NFO,02/01/2024,13:23:54,0.1,0.1,595960,0.15,68960,0,879680
FINNIFTY02JAN2423500CE.NFO,02/01/2024,13:24:00,0.1,0.1,595960,0.15,68360,0,879680
FINNIFTY02JAN2423500CE.NFO,02/01/2024,13:24:14,0.1,0.1,595960,0.15,68600,0,879680
FINNIFTY02JAN2423500CE.NFO,02/01/2024,13:24:20,0.1,0.1,595920,0.15,68600,40,880920
FINNIFTY02JAN2423500CE.NFO,02/01/2024,13:24:30,0.1,0.1,595840,0.15,68640,80,880920
FINNIFTY02JAN2423500CE.NFO,02/01/2024,13:24:51,0.1,0.1,595840,0.15,68760,0,880920
FINNIFTY02JAN2423500CE.NFO,02/01/2024,13:24:57,0.1,0.1,595840,0.15,68840,0,880920
FINNIFTY02JAN2423500CE.NFO,02/01/2024,13:25:02,0.1,0.1,595840,0.15,69000,0,880920
FINNIFTY02JAN2423500CE.NFO,02/01/2024,13:25:07,0.1,0.1,595840,0.15,69120,0,880920
FINNIFTY02JAN2423500CE.NFO,02/01/2024,13:25:12,0.15,0.1,595840,0.15,67280,1800,880920
FINNIFTY02JAN2423500CE.NFO,02/01/2024,13:25:17,0.1,0.1,595520,0.15,67000,320,880920
FINNIFTY02JAN2423500CE.NFO,02/01/2024,13:25:22,0.15,0.1,595520,0.15,66840,200,880920
FINNIFTY02JAN2423500CE.NFO,02/01/2024,13:25:27,0.15,0.1,595520,0.15,66800,0,880920
FINNIFTY02JAN2423500CE.NFO,02/01/2024,13:25:33,0.15,0.1,595520,0.15,65240,1800,880920
FINNIFTY02JAN2423500CE.NFO,02/01/2024,13:25:39,0.1,0.1,595120,0.15,65480,400,880920
FINNIFTY02JAN2423500CE.NFO,02/01/2024,13:25:45,0.1,0.1,591520,0.15,66280,3600,880920
FINNIFTY02JAN2423500CE.NFO,02/01/2024,13:25:51,0.1,0.1,591520,0.15,69280,0,880920
FINNIFTY02JAN2423500CE.NFO,02/01/2024,13:25:56,0.1,0.1,591520,0.15,69320,0,880920
FINNIFTY02JAN2423500CE.NFO,02/01/2024,13:26:01,0.1,0.1,590480,0.15,69400,1040,880920
FINNIFTY02JAN2423500CE.NFO,02/01/2024,13:26:06,0.1,0.1,586200,0.15,69440,680,880920
FINNIFTY02JAN2423500CE.NFO,02/01/2024,13:26:11,0.1,0.1,584400,0.15,69280,0,880920
FINNIFTY02JAN2423500CE.NFO,02/01/2024,13:26:16,0.1,0.1,578920,0.15,69200,80,880920
FINNIFTY02JAN2423500CE.NFO,02/01/2024,13:26:21,0.1,0.1,578920,0.15,69200,0,880920
FINNIFTY02JAN2423500CE.NFO,02/01/2024,13:26:26,0.1,0.1,571720,0.15,71000,0,880920
FINNIFTY02JAN2423500CE.NFO,02/01/2024,13:26:32,0.1,0.1,567400,0.15,72000,0,880920
FINNIFTY02JAN2423500CE.NFO,02/01/2024,13:26:37,0.1,0.1,563800,0.15,72000,0,880920
FINNIFTY02JAN2423500CE.NFO,02/01/2024,13:26:59,0.1,0.1,563000,0.15,72000,0,880920
FINNIFTY02JAN2423500CE.NFO,02/01/2024,13:27:19,0.1,0.1,563000,0.15,72040,0,880920
FINNIFTY02JAN2423500CE.NFO,02/01/2024,13:27:24,0.1,0.1,563000,0.15,72160,0,880920
FINNIFTY02JAN2423500CE.NFO,02/01/2024,13:27:28,0.1,0.1,563000,0.15,72240,0,880920
FINNIFTY02JAN2423500CE.NFO,02/01/2024,13:27:32,0.1,0.1,563000,0.15,72360,0,880920
FINNIFTY02JAN2423500CE.NFO,02/01/2024,13:27:37,0.1,0.1,563000,0.15,72000,0,880920
FINNIFTY02JAN2423500CE.NFO,02/01/2024,13:27:50,0.1,0.1,562560,0.15,72000,440,882840
FINNIFTY02JAN2423500CE.NFO,02/01/2024,13:28:03,0.15,0.1,562560,0.15,71440,560,882840
FINNIFTY02JAN2423500CE.NFO,02/01/2024,13:28:07,0.15,0.1,560760,0.15,71440,0,882840
