Ticker,Date,Time,LTP,BuyPrice,BuyQty,SellPrice,SellQty,LTQ,OpenInterest
FINNIFTY02JAN2419900CE.NFO,02/01/2024,10:06:05,1460,1430.75,120,1534.85,560,200,200
FINNIFTY02JAN2419900CE.NFO,02/01/2024,10:06:05,1460,1430.75,120,1534.85,560,0,200
FINNIFTY02JAN2419900CE.NFO,02/01/2024,10:06:05,1460,1430.75,120,1534.85,560,0,200
FINNIFTY02JAN2419900CE.NFO,02/01/2024,10:06:05,1460,1430.75,120,1534.85,560,0,200
FINNIFTY02JAN2419900CE.NFO,02/01/2024,10:06:17,1460,1430.75,120,1470.95,80,0,200
FINNIFTY02JAN2419900CE.NFO,02/01/2024,10:06:29,1460,1452.35,40,1479.45,160,0,200
FINNIFTY02JAN2419900CE.NFO,02/01/2024,10:06:41,1460,1452.45,200,1472.1,120,0,200
FINNIFTY02JAN2419900CE.NFO,02/01/2024,10:06:52,1460,1452.45,200,1471.75,40,0,200
FINNIFTY02JAN2419900CE.NFO,02/01/2024,10:07:03,1460,1452.45,200,1475.5,160,0,200
FINNIFTY02JAN2419900CE.NFO,02/01/2024,10:07:15,1460,1452.45,200,1482.55,40,0,200
FINNIFTY02JAN2419900CE.NFO,02/01/2024,10:07:26,1460,1452.6,40,1479.75,40,0,200
FINNIFTY02JAN2419900CE.NFO,02/01/2024,10:07:38,1460,1452.85,40,1478.5,120,0,200
FINNIFTY02JAN2419900CE.NFO,02/01/2024,10:07:49,1460,1453.15,40,1476.4,120,0,200
FINNIFTY02JAN2419900CE.NFO,02/01/2024,10:08:00,1460,1453.45,40,1473.9,40,0,200
FINNIFTY02JAN2419900CE.NFO,02/01/2024,10:08:11,1460,1453.7,40,1473.6,40,0,200
FINNIFTY02JAN2419900CE.NFO,02/01/2024,10:08:22,1460,1454,40,1472.9,160,0,200
FINNIFTY02JAN2419900CE.NFO,02/01/2024,10:08:33,1460,1454.25,40,1471.65,40,0,200
FINNIFTY02JAN2419900CE.NFO,02/01/2024,10:08:44,1460,1452.35,360,1465.95,160,0,200
FINNIFTY02JAN2419900CE.NFO,02/01/2024,10:08:56,1460,1452.4,200,1467.05,120,0,200
FINNIFTY02JAN2419900CE.NFO,02/01/2024,10:09:07,1460,1452.4,200,1478.85,120,0,200
FINNIFTY02JAN2419900CE.NFO,02/01/2024,10:09:19,1460,1452.4,200,1477.95,160,0,200
FINNIFTY02JAN2419900CE.NFO,02/01/2024,10:09:30,1460,1460.6,40,1479.75,40,0,200
FINNIFTY02JAN2419900CE.NFO,02/01/2024,10:09:42,1460,1460.7,200,1476.3,160,0,200
FINNIFTY02JAN2419900CE.NFO,02/01/2024,10:09:53,1460,1460.7,200,1553.2,400,0,200
FINNIFTY02JAN2419900CE.NFO,02/01/2024,10:10:04,1460,1460.7,200,1474.65,160,0,200
FINNIFTY02JAN2419900CE.NFO,02/01/2024,10:10:15,1460,1460.7,200,1476.65,160,0,200
FINNIFTY02JAN2419900CE.NFO,02/01/2024,10:10:26,1460,1460.5,280,1476.5,160,0,200
FINNIFTY02JAN2419900CE.NFO,02/01/2024,10:10:38,1460,1460.6,200,1472.6,160,0,200
FINNIFTY02JAN2419900CE.NFO,02/01/2024,10:10:49,1460,1460.95,40,1470.5,280,0,200
FINNIFTY02JAN2419900CE.NFO,02/01/2024,10:11:01,1460,1460.7,80,1470.3,40,0,200
FINNIFTY02JAN2419900CE.NFO,02/01/2024,10:11:11,1460,1461,40,1476.7,160,0,200
FINNIFTY02JAN2419900CE.NFO,02/01/2024,10:11:23,1460,1461.3,40,1473.2,160,0,200
FINNIFTY02JAN2419900CE.NFO,02/01/2024,10:11:33,1460,1458.35,200,1467.95,40,0,200
FINNIFTY02JAN2419900CE.NFO,02/01/2024,10:11:44,1460,1456.45,40,1465.35,120,0,200
FINNIFTY02JAN2419900CE.NFO,02/01/2024,10:11:55,1460,1456.65,80,1468.65,160,0,200
FINNIFTY02JAN2419900CE.NFO,02/01/2024,10:12:05,1460,1457.15,120,1470,160,0,200
FINNIFTY02JAN2419900CE.NFO,02/01/2024,10:12:15,1460,1457.45,40,1469.4,160,0,200
FINNIFTY02JAN2419900CE.NFO,02/01/2024,10:12:26,1460,1457.75,40,1469,120,0,200
FINNIFTY02JAN2419900CE.NFO,02/01/2024,10:12:36,1460,1458.15,40,1466.1,40,0,200
FINNIFTY02JAN2419900CE.NFO,02/01/2024,10:12:47,1460,1447.4,160,1460.45,160,0,200
FINNIFTY02JAN2419900CE.NFO,02/01/2024,10:12:59,1460,1447.55,40,1460.4,40,0,200
FINNIFTY02JAN2419900CE.NFO,02/01/2024,10:13:10,1460,1447.55,40,1461.3,120,0,200
FINNIFTY02JAN2419900CE.NFO,02/01/2024,10:13:21,1460,1447.5,40,1457.9,160,0,200
FINNIFTY02JAN2419900CE.NFO,02/01/2024,10:13:32,1460,1447.55,80,1459.9,120,0,200
FINNIFTY02JAN2419900CE.NFO,02/01/2024,10:13:42,1460,1447.55,80,1461.7,40,0,200
FINNIFTY02JAN2419900CE.NFO,02/01/2024,10:13:53,1460,1447.55,80,1461.6,160,0,200
FINNIFTY02JAN2419900CE.NFO,02/01/2024,10:14:03,1460,1447.55,80,1467.2,160,0,200
FINNIFTY02JAN2419900CE.NFO,02/01/2024,10:14:14,1460,1447.55,80,1466.45,160,0,200
FINNIFTY02JAN2419900CE.NFO,02/01/2024,10:14:24,1460,1447.55,80,1465.55,160,0,200
FINNIFTY02JAN2419900CE.NFO,02/01/2024,10:14:34,1460,1447.55,80,1467.35,120,0,200
FINNIFTY02JAN2419900CE.NFO,02/01/2024,10:14:45,1460,1447.55,80,1467.85,160,0,200
FINNIFTY02JAN2419900CE.NFO,02/01/2024,10:14:56,1460,1447.55,80,1466.9,120,0,200
FINNIFTY02JAN2419900CE.NFO,02/01/2024,10:15:06,1460,1456.75,160,1467.4,160,0,200
FINNIFTY02JAN2419900CE.NFO,02/01/2024,10:15:16,1460,1456.85,40,1465.15,120,0,200
FINNIFTY02JAN2419900CE.NFO,02/01/2024,10:15:26,1460,1456.85,40,1466.4,280,0,200
FINNIFTY02JAN2419900CE.NFO,02/01/2024,10:15:36,1460,1456.6,120,1464.4,120,0,200
FINNIFTY02JAN2419900CE.NFO,02/01/2024,10:15:46,1460,1457.15,40,1466.3,520,0,200
FINNIFTY02JAN2419900CE.NFO,02/01/2024,10:15:57,1460,1458.05,40,1466.25,160,0,200
FINNIFTY02JAN2419900CE.NFO,02/01/2024,10:16:07,1460,1456.75,200,1472.25,40,0,200
FINNIFTY02JAN2419900CE.NFO,02/01/2024,10:16:18,1460,1456.75,200,1472.15,200,0,200
FINNIFTY02JAN2419900CE.NFO,02/01/2024,10:16:28,1460,1457.8,40,1472.15,200,0,200
FINNIFTY02JAN2419900CE.NFO,02/01/2024,10:16:38,1460,1457.9,200,1472.15,200,0,200
FINNIFTY02JAN2419900CE.NFO,02/01/2024,10:16:48,1460,1455.5,120,1471.2,40,0,200
FINNIFTY02JAN2419900CE.NFO,02/01/2024,10:16:59,1460,1451.1,120,1467.05,200,0,200
FINNIFTY02JAN2419900CE.NFO,02/01/2024,10:17:10,1460,1444.75,40,1464.2,40,0,200
FINNIFTY02JAN2419900CE.NFO,02/01/2024,10:17:21,1460,1444.6,120,1462.05,40,0,200
FINNIFTY02JAN2419900CE.NFO,02/01/2024,10:17:32,1460,1438.35,40,1460.7,160,0,200
FINNIFTY02JAN2419900CE.NFO,02/01/2024,10:17:43,1460,1439.05,80,1460.6,200,0,200
FINNIFTY02JAN2419900CE.NFO,02/01/2024,10:17:53,1460,1439.95,40,1460.6,200,0,200
FINNIFTY02JAN2419900CE.NFO,02/01/2024,10:18:03,1460,1440.6,40,1460.6,200,0,200
FINNIFTY02JAN2419900CE.NFO,02/01/2024,10:18:12,1460,1440.9,40,1460.6,200,0,200
FINNIFTY02JAN2419900CE.NFO,02/01/2024,10:18:21,1460,1441.2,40,1460.6,200,0,200
FINNIFTY02JAN2419900CE.NFO,02/01/2024,10:18:31,1460,1444.35,120,1460.6,200,0,200
FINNIFTY02JAN2419900CE.NFO,02/01/2024,10:18:40,1460,1442.25,720,1460.6,200,0,200
FINNIFTY02JAN2419900CE.NFO,02/01/2024,10:19:09,1460,1442.25,720,1460.65,440,0,200
FINNIFTY02JAN2419900CE.NFO,02/01/2024,10:19:19,1460,1440.25,40,1459.9,40,0,200
FINNIFTY02JAN2419900CE.NFO,02/01/2024,10:19:30,1460,1440.25,40,1459.6,160,0,200
FINNIFTY02JAN2419900CE.NFO,02/01/2024,10:19:40,1460,1440.25,40,1459.55,200,0,200
FINNIFTY02JAN2419900CE.NFO,02/01/2024,10:19:49,1460,1440.25,40,1459.5,200,0,200
FINNIFTY02JAN2419900CE.NFO,02/01/2024,10:20:28,1460,1444.1,40,1459.5,200,0,200
FINNIFTY02JAN2419900CE.NFO,02/01/2024,10:20:38,1460,1444.2,200,1459.5,200,0,200
FINNIFTY02JAN2419900CE.NFO,02/01/2024,10:21:06,1460,1443.95,120,1459.5,200,0,200
FINNIFTY02JAN2419900CE.NFO,02/01/2024,10:21:16,1460,1441.9,160,1459.2,160,0,200
FINNIFTY02JAN2419900CE.NFO,02/01/2024,10:21:26,1460,1441.9,160,1466.6,600,0,200
FINNIFTY02JAN2419900CE.NFO,02/01/2024,10:21:37,1460,1442,200,1466.5,200,0,200
FINNIFTY02JAN2419900CE.NFO,02/01/2024,10:22:17,1460,1446.35,120,1466.3,240,0,200
FINNIFTY02JAN2419900CE.NFO,02/01/2024,10:22:27,1460,1446.4,120,1465.4,200,0,200
FINNIFTY02JAN2419900CE.NFO,02/01/2024,10:22:37,1460,1444.3,40,1464.2,40,0,200
FINNIFTY02JAN2419900CE.NFO,02/01/2024,10:22:47,1460,1444.5,40,1464.1,200,0,200
FINNIFTY02JAN2419900CE.NFO,02/01/2024,10:22:57,1460,1444.2,120,1463.8,40,0,200
FINNIFTY02JAN2419900CE.NFO,02/01/2024,10:23:07,1460,1444.6,80,1463.6,160,0,200
FINNIFTY02JAN2419900CE.NFO,02/01/2024,10:23:17,1460,1444.3,40,1463.6,160,0,200
FINNIFTY02JAN2419900CE.NFO,02/01/2024,10:23:27,1460,1442.25,200,1463,200,0,200
FINNIFTY02JAN2419900CE.NFO,02/01/2024,10:23:38,1460,1442.45,40,1462.8,40,0,200
FINNIFTY02JAN2419900CE.NFO,02/01/2024,10:23:48,1460,1442.45,40,1459.1,40,0,200
FINNIFTY02JAN2419900CE.NFO,02/01/2024,10:23:59,1460,1440.1,40,1458.75,160,0,200
FINNIFTY02JAN2419900CE.NFO,02/01/2024,10:24:10,1460,1440.35,40,1458.65,200,0,200
FINNIFTY02JAN2419900CE.NFO,02/01/2024,10:24:20,1460,1440.75,40,1458.65,200,0,200
FINNIFTY02JAN2419900CE.NFO,02/01/2024,10:24:30,1460,1441,40,1458.65,200,0,200
FINNIFTY02JAN2419900CE.NFO,02/01/2024,10:24:40,1460,1441.3,40,1458.65,200,0,200
FINNIFTY02JAN2419900CE.NFO,02/01/2024,10:24:49,1460,1441.85,200,1458.65,200,0,200
FINNIFTY02JAN2419900CE.NFO,02/01/2024,10:25:00,1460,1442.8,160,1458.65,200,0,200
FINNIFTY02JAN2419900CE.NFO,02/01/2024,10:25:10,1460,1443.2,40,1458.65,200,0,200
FINNIFTY02JAN2419900CE.NFO,02/01/2024,10:25:21,1460,1443.75,240,1458.65,200,0,200
FINNIFTY02JAN2419900CE.NFO,02/01/2024,10:25:31,1460,1443.95,40,1458.65,200,0,200
FINNIFTY02JAN2419900CE.NFO,02/01/2024,10:25:41,1460,1444.25,40,1458.65,200,0,200
FINNIFTY02JAN2419900CE.NFO,02/01/2024,10:25:51,1460,1444.35,240,1458.65,200,0,200
FINNIFTY02JAN2419900CE.NFO,02/01/2024,10:26:32,1460,1444.8,120,1458.65,200,0,200
FINNIFTY02JAN2419900CE.NFO,02/01/2024,10:26:43,1460,1440.65,40,1457.75,40,0,200
FINNIFTY02JAN2419900CE.NFO,02/01/2024,10:26:54,1460,1441,280,1456.7,160,0,200
FINNIFTY02JAN2419900CE.NFO,02/01/2024,10:27:04,1460,1441.25,40,1456.6,200,0,200
FINNIFTY02JAN2419900CE.NFO,02/01/2024,10:27:16,1460,1441.35,240,1456.6,200,0,200
FINNIFTY02JAN2419900CE.NFO,02/01/2024,10:27:27,1460,1442.1,40,1456.6,200,0,200
FINNIFTY02JAN2419900CE.NFO,02/01/2024,10:27:37,1460,1442.4,80,1456.7,40,0,200
FINNIFTY02JAN2419900CE.NFO,02/01/2024,10:27:47,1460,1442.7,40,1463.5,200,0,200
FINNIFTY02JAN2419900CE.NFO,02/01/2024,10:27:58,1460,1442.95,120,1463.5,200,0,200
FINNIFTY02JAN2419900CE.NFO,02/01/2024,10:28:07,1460,1443.25,40,1463.5,200,0,200
FINNIFTY02JAN2419900CE.NFO,02/01/2024,10:28:17,1460,1443.35,240,1463.5,200,0,200
FINNIFTY02JAN2419900CE.NFO,02/01/2024,10:29:02,1460,1443.35,240,1462.85,40,0,200
FINNIFTY02JAN2419900CE.NFO,02/01/2024,10:29:11,1460,1443.35,240,1462.75,200,0,200
FINNIFTY02JAN2419900CE.NFO,02/01/2024,10:29:38,1460,1443.5,40,1462.75,200,0,200
FINNIFTY02JAN2419900CE.NFO,02/01/2024,10:29:46,1460,1449,160,1462.75,200,0,200
FINNIFTY02JAN2419900CE.NFO,02/01/2024,10:29:54,1460,1449.1,80,1462.75,200,0,200
FINNIFTY02JAN2419900CE.NFO,02/01/2024,10:30:03,1460,1449.4,40,1462.75,200,0,200
FINNIFTY02JAN2419900CE.NFO,02/01/2024,10:30:12,1460,1449.9,40,1462.75,200,0,200
FINNIFTY02JAN2419900CE.NFO,02/01/2024,10:30:21,1460,1450.6,120,1467.2,600,0,200
FINNIFTY02JAN2419900CE.NFO,02/01/2024,10:30:31,1460,1450.85,120,1467.15,240,0,200
FINNIFTY02JAN2419900CE.NFO,02/01/2024,10:30:40,1460,1451.15,40,1471.5,840,0,200
FINNIFTY02JAN2419900CE.NFO,02/01/2024,10:30:50,1460,1451.45,80,1471.45,200,0,200
FINNIFTY02JAN2419900CE.NFO,02/01/2024,10:31:00,1460,1451.65,40,1471.45,200,0,200
FINNIFTY02JAN2419900CE.NFO,02/01/2024,10:31:09,1460,1451.9,40,1471.35,40,0,200
FINNIFTY02JAN2419900CE.NFO,02/01/2024,10:31:18,1460,1452.25,40,1471.05,40,0,200
FINNIFTY02JAN2419900CE.NFO,02/01/2024,10:31:36,1460,1452.65,560,1475.75,240,0,200
FINNIFTY02JAN2419900CE.NFO,02/01/2024,10:31:46,1460,1452.65,560,1480.1,840,0,200
FINNIFTY02JAN2419900CE.NFO,02/01/2024,10:31:57,1460,1452.65,560,1484.25,200,0,200
FINNIFTY02JAN2419900CE.NFO,02/01/2024,10:32:07,1460,1452.65,560,1484.05,40,0,200
FINNIFTY02JAN2419900CE.NFO,02/01/2024,10:32:36,1460,1452.8,40,1484.05,40,0,200
FINNIFTY02JAN2419900CE.NFO,02/01/2024,10:32:45,1460,1453.1,40,1484.05,40,0,200
FINNIFTY02JAN2419900CE.NFO,02/01/2024,10:32:55,1460,1460.95,40,1484.05,40,0,200
FINNIFTY02JAN2419900CE.NFO,02/01/2024,10:33:05,1460,1461.25,40,1484.1,160,0,200
FINNIFTY02JAN2419900CE.NFO,02/01/2024,10:33:14,1460,1461.75,40,1484.05,160,0,200
FINNIFTY02JAN2419900CE.NFO,02/01/2024,10:33:23,1460,1462.95,40,1484.05,160,0,200
FINNIFTY02JAN2419900CE.NFO,02/01/2024,10:33:32,1460,1463.25,40,1484.05,160,0,200
FINNIFTY02JAN2419900CE.NFO,02/01/2024,10:33:41,1460,1460.75,40,1484.05,160,0,200
FINNIFTY02JAN2419900CE.NFO,02/01/2024,10:33:51,1460,1460.75,200,1484.05,160,0,200
FINNIFTY02JAN2419900CE.NFO,02/01/2024,10:34:00,1460,1460.7,120,1484.05,160,0,200
FINNIFTY02JAN2419900CE.NFO,02/01/2024,10:34:10,1460,1460.65,40,1484.05,160,0,200
FINNIFTY02JAN2419900CE.NFO,02/01/2024,10:34:20,1460,1461.35,40,1484.05,160,0,200
FINNIFTY02JAN2419900CE.NFO,02/01/2024,10:34:29,1460,1461.75,40,1484.05,160,0,200
FINNIFTY02JAN2419900CE.NFO,02/01/2024,10:34:38,1460,1462.65,40,1484.05,160,0,200
FINNIFTY02JAN2419900CE.NFO,02/01/2024,10:34:47,1460,1460.65,200,1484.05,160,0,200
FINNIFTY02JAN2419900CE.NFO,02/01/2024,10:35:05,1460,1460.75,40,1484.05,160,0,200
FINNIFTY02JAN2419900CE.NFO,02/01/2024,10:35:14,1460,1458.65,240,1484.05,160,0,200
FINNIFTY02JAN2419900CE.NFO,02/01/2024,10:35:23,1460,1458.75,200,1484.05,160,0,200
FINNIFTY02JAN2419900CE.NFO,02/01/2024,10:35:32,1460,1458.85,40,1484.05,160,0,200
FINNIFTY02JAN2419900CE.NFO,02/01/2024,10:35:58,1460,1459.05,40,1484.05,160,0,200
FINNIFTY02JAN2419900CE.NFO,02/01/2024,10:36:07,1460,1459.6,120,1484.05,160,0,200
FINNIFTY02JAN2419900CE.NFO,02/01/2024,10:36:17,1460,1459.9,40,1484.05,160,0,200
FINNIFTY02JAN2419900CE.NFO,02/01/2024,10:36:28,1460,1455.2,120,1484.05,160,0,200
FINNIFTY02JAN2419900CE.NFO,02/01/2024,10:36:40,1460,1448.9,40,1472.35,160,0,200
FINNIFTY02JAN2419900CE.NFO,02/01/2024,10:36:51,1460,1444.45,200,1472.25,80,0,200
FINNIFTY02JAN2419900CE.NFO,02/01/2024,10:37:02,1460,1442.45,40,1472.25,80,0,200
FINNIFTY02JAN2419900CE.NFO,02/01/2024,10:37:14,1460,1442.95,80,1472.25,80,0,200
FINNIFTY02JAN2419900CE.NFO,02/01/2024,10:37:25,1460,1443.35,40,1472.25,80,0,200
FINNIFTY02JAN2419900CE.NFO,02/01/2024,10:37:36,1460,1443.7,120,1472.25,80,0,200
FINNIFTY02JAN2419900CE.NFO,02/01/2024,10:37:46,1460,1443.85,40,1472.25,80,0,200
FINNIFTY02JAN2419900CE.NFO,02/01/2024,10:38:05,1460,1447.2,160,1465,160,0,200
FINNIFTY02JAN2419900CE.NFO,02/01/2024,10:38:15,1460,1447.55,240,1464.9,80,0,200
FINNIFTY02JAN2419900CE.NFO,02/01/2024,10:38:25,1460,1447.75,40,1464.9,80,0,200
FINNIFTY02JAN2419900CE.NFO,02/01/2024,10:39:03,1460,1447.15,120,1464.9,80,0,200
FINNIFTY02JAN2419900CE.NFO,02/01/2024,10:39:14,1460,1447.75,40,1464.55,160,0,200
FINNIFTY02JAN2419900CE.NFO,02/01/2024,10:39:25,1460,1447.35,40,1464.45,200,0,200
FINNIFTY02JAN2419900CE.NFO,02/01/2024,10:39:36,1460,1447.25,40,1464.45,200,0,200
FINNIFTY02JAN2419900CE.NFO,02/01/2024,10:39:47,1460,1447.3,40,1464.45,200,0,200
FINNIFTY02JAN2419900CE.NFO,02/01/2024,10:39:58,1460,1445.15,40,1464.45,200,0,200
FINNIFTY02JAN2419900CE.NFO,02/01/2024,10:40:20,1460,1445.25,320,1461.1,40,0,200
FINNIFTY02JAN2419900CE.NFO,02/01/2024,10:40:30,1460,1445.25,320,1461,200,0,200
FINNIFTY02JAN2419900CE.NFO,02/01/2024,10:40:40,1460,1445.7,40,1461,200,0,200
FINNIFTY02JAN2419900CE.NFO,02/01/2024,10:40:50,1460,1446.3,40,1461,200,0,200
FINNIFTY02JAN2419900CE.NFO,02/01/2024,10:41:00,1460,1447.6,120,1461,200,0,200
FINNIFTY02JAN2419900CE.NFO,02/01/2024,10:41:10,1460,1447.7,200,1461,200,0,200
FINNIFTY02JAN2419900CE.NFO,02/01/2024,10:41:20,1460,1448.5,40,1461,200,0,200
FINNIFTY02JAN2419900CE.NFO,02/01/2024,10:41:30,1460,1448.8,40,1461.05,440,0,200
FINNIFTY02JAN2419900CE.NFO,02/01/2024,10:41:40,1460,1449.2,40,1465.6,960,0,200
FINNIFTY02JAN2419900CE.NFO,02/01/2024,10:41:50,1460,1449.45,40,1465.6,960,0,200
FINNIFTY02JAN2419900CE.NFO,02/01/2024,10:42:00,1460,1449.75,40,1465.6,960,0,200
FINNIFTY02JAN2419900CE.NFO,02/01/2024,10:42:10,1460,1451.2,160,1465.6,960,0,200
FINNIFTY02JAN2419900CE.NFO,02/01/2024,10:42:21,1460,1451.5,40,1465.6,960,0,200
FINNIFTY02JAN2419900CE.NFO,02/01/2024,10:42:31,1460,1451.9,40,1465.6,960,0,200
FINNIFTY02JAN2419900CE.NFO,02/01/2024,10:42:40,1460,1452.2,40,1465.6,960,0,200
FINNIFTY02JAN2419900CE.NFO,02/01/2024,10:42:50,1460,1452.3,320,1465.6,960,0,200
FINNIFTY02JAN2419900CE.NFO,02/01/2024,10:43:01,1460,1452.9,40,1465.55,200,0,200
FINNIFTY02JAN2419900CE.NFO,02/01/2024,10:43:11,1460,1453.25,40,1465.55,200,0,200
FINNIFTY02JAN2419900CE.NFO,02/01/2024,10:43:20,1460,1453.45,80,1465.55,200,0,200
FINNIFTY02JAN2419900CE.NFO,02/01/2024,10:43:30,1460,1453.3,40,1465.55,200,0,200
FINNIFTY02JAN2419900CE.NFO,02/01/2024,10:43:40,1460,1453.6,40,1465.55,200,0,200
FINNIFTY02JAN2419900CE.NFO,02/01/2024,10:43:50,1460,1453.9,40,1465.55,200,0,200
FINNIFTY02JAN2419900CE.NFO,02/01/2024,10:44:00,1460,1454.65,40,1465.55,200,0,200
FINNIFTY02JAN2419900CE.NFO,02/01/2024,10:44:10,1460,1454.95,80,1465.55,240,0,200
FINNIFTY02JAN2419900CE.NFO,02/01/2024,10:44:19,1460,1455.5,40,1465.5,200,0,200
FINNIFTY02JAN2419900CE.NFO,02/01/2024,10:44:29,1460,1456.4,40,1469.85,200,0,200
FINNIFTY02JAN2419900CE.NFO,02/01/2024,10:44:40,1460,1456.85,40,1469.8,200,0,200
FINNIFTY02JAN2419900CE.NFO,02/01/2024,10:44:50,1460,1457.15,40,1469.8,200,0,200
FINNIFTY02JAN2419900CE.NFO,02/01/2024,10:45:00,1460,1457.45,40,1469.8,200,0,200
FINNIFTY02JAN2419900CE.NFO,02/01/2024,10:45:09,1460,1458.25,40,1469.8,200,0,200
FINNIFTY02JAN2419900CE.NFO,02/01/2024,10:45:19,1460,1400.9,200,1469.8,200,0,200
FINNIFTY02JAN2419900CE.NFO,02/01/2024,10:45:29,1460,1401.1,160,1469.8,200,0,200
FINNIFTY02JAN2419900CE.NFO,02/01/2024,10:45:38,1460,1402.35,200,1469.8,200,0,200
FINNIFTY02JAN2419900CE.NFO,02/01/2024,10:45:48,1460,1403.55,160,1469.8,200,0,200
FINNIFTY02JAN2419900CE.NFO,02/01/2024,10:45:58,1460,1403.65,200,1469.8,200,0,200
FINNIFTY02JAN2419900CE.NFO,02/01/2024,10:46:36,1460,1404.8,400,1469.8,200,0,200
FINNIFTY02JAN2419900CE.NFO,02/01/2024,10:46:46,1460,1408.2,200,1469.85,240,0,200
FINNIFTY02JAN2419900CE.NFO,02/01/2024,10:46:56,1460,1408.4,200,1469.9,600,0,200
FINNIFTY02JAN2419900CE.NFO,02/01/2024,10:47:06,1460,1408.4,200,1469.8,200,0,200
FINNIFTY02JAN2419900CE.NFO,02/01/2024,10:47:34,1460,1408.4,200,1469.85,240,0,200
FINNIFTY02JAN2419900CE.NFO,02/01/2024,10:47:44,1460,1409.2,40,1469.8,200,0,200
FINNIFTY02JAN2419900CE.NFO,02/01/2024,10:47:53,1460,1409.5,40,1469.8,200,0,200
FINNIFTY02JAN2419900CE.NFO,02/01/2024,10:48:02,1460,1409.6,200,1469.8,200,0,200
FINNIFTY02JAN2419900CE.NFO,02/01/2024,10:48:12,1460,1411.9,40,1469.8,200,0,200
FINNIFTY02JAN2419900CE.NFO,02/01/2024,10:48:21,1460,1412,200,1469.8,200,0,200
FINNIFTY02JAN2419900CE.NFO,02/01/2024,10:48:40,1460,1412,200,1469.9,600,0,200
FINNIFTY02JAN2419900CE.NFO,02/01/2024,10:48:49,1460,1412,200,1469.75,240,0,200
FINNIFTY02JAN2419900CE.NFO,02/01/2024,10:49:09,1460,1412,200,1473.75,840,0,200
FINNIFTY02JAN2419900CE.NFO,02/01/2024,10:49:30,1460,1412,200,1473.7,200,0,200
FINNIFTY02JAN2419900CE.NFO,02/01/2024,10:50:36,1460,1412,200,1473.75,840,0,200
FINNIFTY02JAN2419900CE.NFO,02/01/2024,10:50:57,1460,1412,200,1473.7,200,0,200
FINNIFTY02JAN2419900CE.NFO,02/01/2024,10:52:35,1460,1412,200,1469.95,40,0,200
FINNIFTY02JAN2419900CE.NFO,02/01/2024,10:52:45,1460,1412,200,1469.85,200,0,200
FINNIFTY02JAN2419900CE.NFO,02/01/2024,10:55:32,1460,1412.2,40,1469.65,40,0,200
FINNIFTY02JAN2419900CE.NFO,02/01/2024,10:55:41,1460,1412.3,200,1469.55,200,0,200
FINNIFTY02JAN2419900CE.NFO,02/01/2024,10:57:07,1460,1412.3,200,1463.25,40,0,200
FINNIFTY02JAN2419900CE.NFO,02/01/2024,10:57:17,1460,1412.3,200,1463.15,200,0,200
FINNIFTY02JAN2419900CE.NFO,02/01/2024,10:57:47,1460,1412.3,200,1465.45,600,0,200
FINNIFTY02JAN2419900CE.NFO,02/01/2024,10:57:57,1460,1412.3,200,1467.6,600,0,200
FINNIFTY02JAN2419900CE.NFO,02/01/2024,10:58:08,1460,1412.3,200,1471.85,40,0,200
FINNIFTY02JAN2419900CE.NFO,02/01/2024,10:58:27,1460,1412.3,200,1471.8,40,0,200
FINNIFTY02JAN2419900CE.NFO,02/01/2024,10:59:04,1460,1412.3,200,1471.15,40,0,200
FINNIFTY02JAN2419900CE.NFO,02/01/2024,10:59:14,1460,1412.3,200,1471.05,200,0,200
FINNIFTY02JAN2419900CE.NFO,02/01/2024,11:00:29,1460,1412.3,200,1465.5,40,0,200
FINNIFTY02JAN2419900CE.NFO,02/01/2024,11:00:39,1460,1412.3,200,1465.2,40,0,200
FINNIFTY02JAN2419900CE.NFO,02/01/2024,11:00:48,1460,1412.3,200,1465.1,200,0,200
FINNIFTY02JAN2419900CE.NFO,02/01/2024,11:01:26,1460,1412.3,200,1462.7,160,0,200
FINNIFTY02JAN2419900CE.NFO,02/01/2024,11:01:36,1460,1412.3,200,1462.6,200,0,200
FINNIFTY02JAN2419900CE.NFO,02/01/2024,11:02:25,1460,1412.3,200,1460.3,40,0,200
FINNIFTY02JAN2419900CE.NFO,02/01/2024,11:02:35,1460,1412.3,200,1460.2,200,0,200
FINNIFTY02JAN2419900CE.NFO,02/01/2024,11:02:54,1460,1412.3,200,1460.25,200,0,200
FINNIFTY02JAN2419900CE.NFO,02/01/2024,11:03:31,1460,1412.3,200,1460.3,40,0,200
FINNIFTY02JAN2419900CE.NFO,02/01/2024,11:03:40,1460,1412.3,200,1462.55,720,0,200
FINNIFTY02JAN2419900CE.NFO,02/01/2024,11:04:08,1460,1412.3,200,1462.55,520,0,200
FINNIFTY02JAN2419900CE.NFO,02/01/2024,11:04:17,1460,1412.3,200,1464.65,200,0,200
FINNIFTY02JAN2419900CE.NFO,02/01/2024,11:05:32,1460,1412.3,200,1464.7,480,0,200
FINNIFTY02JAN2419900CE.NFO,02/01/2024,11:06:10,1460,1412.5,40,1464.65,320,0,200
FINNIFTY02JAN2419900CE.NFO,02/01/2024,11:06:19,1460,1412.6,320,1464.65,320,0,200
FINNIFTY02JAN2419900CE.NFO,02/01/2024,11:07:26,1460,1412.6,320,1460.8,40,0,200
FINNIFTY02JAN2419900CE.NFO,02/01/2024,11:07:36,1460,1412.7,40,1460.7,200,0,200
FINNIFTY02JAN2419900CE.NFO,02/01/2024,11:07:44,1460,1412.75,240,1460.7,200,0,200
FINNIFTY02JAN2419900CE.NFO,02/01/2024,11:07:53,1460,1412.85,320,1460.7,200,0,200
FINNIFTY02JAN2419900CE.NFO,02/01/2024,11:08:03,1460,1412.85,320,1460.55,40,0,200
FINNIFTY02JAN2419900CE.NFO,02/01/2024,11:08:12,1460,1412.85,320,1460.3,40,0,200
FINNIFTY02JAN2419900CE.NFO,02/01/2024,11:08:21,1460,1412.85,320,1459.9,40,0,200
FINNIFTY02JAN2419900CE.NFO,02/01/2024,11:08:30,1460,1412.85,320,1463.05,720,0,200
FINNIFTY02JAN2419900CE.NFO,02/01/2024,11:09:08,1460,1412.85,120,1463.05,720,0,200
FINNIFTY02JAN2419900CE.NFO,02/01/2024,11:09:36,1460,1412.95,40,1463,200,0,200
FINNIFTY02JAN2419900CE.NFO,02/01/2024,11:09:54,1460,1413,40,1463,200,0,200
FINNIFTY02JAN2419900CE.NFO,02/01/2024,11:10:03,1460,1413.1,320,1463,200,0,200
FINNIFTY02JAN2419900CE.NFO,02/01/2024,11:11:04,1460,1413.25,40,1460.55,280,0,200
FINNIFTY02JAN2419900CE.NFO,02/01/2024,11:11:13,1460,1413.55,40,1460.45,200,0,200
FINNIFTY02JAN2419900CE.NFO,02/01/2024,11:11:23,1460,1413.65,320,1460.45,200,0,200
FINNIFTY02JAN2419900CE.NFO,02/01/2024,11:11:32,1460,1413.8,40,1460.3,160,0,200
FINNIFTY02JAN2419900CE.NFO,02/01/2024,11:11:42,1460,1413.9,120,1460.25,200,0,200
FINNIFTY02JAN2419900CE.NFO,02/01/2024,11:11:51,1460,1413.95,120,1462.7,720,0,200
FINNIFTY02JAN2419900CE.NFO,02/01/2024,11:12:00,1460,1413.95,120,1464.85,600,0,200
FINNIFTY02JAN2419900CE.NFO,02/01/2024,11:12:19,1460,1413.95,120,1464.8,200,0,200
FINNIFTY02JAN2419900CE.NFO,02/01/2024,11:13:03,1460,1413.9,120,1464.8,200,0,200
FINNIFTY02JAN2419900CE.NFO,02/01/2024,11:13:31,1460,1413.9,120,1464.85,600,0,200
FINNIFTY02JAN2419900CE.NFO,02/01/2024,11:13:41,1460,1413.95,120,1464.8,200,0,200
FINNIFTY02JAN2419900CE.NFO,02/01/2024,11:15:05,1460,1413.95,120,1460.35,40,0,200
FINNIFTY02JAN2419900CE.NFO,02/01/2024,11:15:15,1460,1413.95,120,1460.25,200,0,200
FINNIFTY02JAN2419900CE.NFO,02/01/2024,11:16:25,1460,1413.95,120,1462.55,480,0,200
FINNIFTY02JAN2419900CE.NFO,02/01/2024,11:17:29,1460,1413.95,120,1461.3,40,0,200
FINNIFTY02JAN2419900CE.NFO,02/01/2024,11:17:38,1460,1413.95,120,1461.05,40,0,200
FINNIFTY02JAN2419900CE.NFO,02/01/2024,11:17:47,1460,1413.95,120,1463.65,480,0,200
FINNIFTY02JAN2419900CE.NFO,02/01/2024,11:18:06,1460,1413.95,120,1468,360,0,200
FINNIFTY02JAN2419900CE.NFO,02/01/2024,11:18:16,1460,1413.95,120,1470.1,200,0,200
FINNIFTY02JAN2419900CE.NFO,02/01/2024,11:19:33,1460,1413.95,120,1465.3,40,0,200
FINNIFTY02JAN2419900CE.NFO,02/01/2024,11:19:41,1460,1413.95,120,1465.2,200,0,200
FINNIFTY02JAN2419900CE.NFO,02/01/2024,11:20:57,1460,1415,400,1467.5,200,0,200
FINNIFTY02JAN2419900CE.NFO,02/01/2024,11:21:05,1460,1416.15,160,1467.5,200,0,200
FINNIFTY02JAN2419900CE.NFO,02/01/2024,11:21:14,1460,1416.25,200,1467.5,200,0,200
FINNIFTY02JAN2419900CE.NFO,02/01/2024,11:21:23,1460,1416.55,400,1469.65,200,0,200
FINNIFTY02JAN2419900CE.NFO,02/01/2024,11:21:32,1460,1416.75,160,1469.65,200,0,200
FINNIFTY02JAN2419900CE.NFO,02/01/2024,11:21:57,1460,1418.55,400,1471.85,480,0,200
FINNIFTY02JAN2419900CE.NFO,02/01/2024,11:22:06,1460,1418.75,120,1471.85,480,0,200
FINNIFTY02JAN2419900CE.NFO,02/01/2024,11:22:15,1460,1460.1,120,1471.85,480,0,200
FINNIFTY02JAN2419900CE.NFO,02/01/2024,11:22:24,1460,1460.4,40,1471.85,480,0,200
FINNIFTY02JAN2419900CE.NFO,02/01/2024,11:22:33,1460,1460.35,120,1471.85,480,0,200
FINNIFTY02JAN2419900CE.NFO,02/01/2024,11:22:41,1460,1460.45,200,1471.85,480,0,200
FINNIFTY02JAN2419900CE.NFO,02/01/2024,11:22:50,1460,1460.65,40,1471.85,480,0,200
FINNIFTY02JAN2419900CE.NFO,02/01/2024,11:22:59,1460,1460.6,120,1470.2,40,0,200
FINNIFTY02JAN2419900CE.NFO,02/01/2024,11:23:08,1460,1384.35,400,1470.1,200,0,200
FINNIFTY02JAN2419900CE.NFO,02/01/2024,11:23:16,1460,1385.7,400,1470.1,200,0,200
FINNIFTY02JAN2419900CE.NFO,02/01/2024,11:23:25,1460,1386.2,400,1470.1,200,0,200
FINNIFTY02JAN2419900CE.NFO,02/01/2024,11:23:32,1460,1409.7,400,1470.1,200,0,200
FINNIFTY02JAN2419900CE.NFO,02/01/2024,11:23:41,1460,1417.9,400,1470.1,200,0,200
FINNIFTY02JAN2419900CE.NFO,02/01/2024,11:23:48,1460,1418,400,1470.1,200,0,200
FINNIFTY02JAN2419900CE.NFO,02/01/2024,11:24:05,1460,1423.05,400,1468.6,40,0,200
FINNIFTY02JAN2419900CE.NFO,02/01/2024,11:24:13,1460,1423.25,40,1468.5,200,0,200
FINNIFTY02JAN2419900CE.NFO,02/01/2024,11:25:26,1460,1423.55,40,1468.5,200,0,200
FINNIFTY02JAN2419900CE.NFO,02/01/2024,11:25:36,1460,1423.65,200,1468.5,200,0,200
FINNIFTY02JAN2419900CE.NFO,02/01/2024,11:26:31,1460,1423.6,200,1468.5,200,0,200
FINNIFTY02JAN2419900CE.NFO,02/01/2024,11:27:04,1460,1423.6,200,1468.55,200,0,200
FINNIFTY02JAN2419900CE.NFO,02/01/2024,11:27:27,1460,1423.65,200,1461.75,40,0,200
FINNIFTY02JAN2419900CE.NFO,02/01/2024,11:27:35,1460,1423.65,200,1461.65,200,0,200
FINNIFTY02JAN2419900CE.NFO,02/01/2024,11:28:25,1460,1423.65,200,1534.2,560,0,200
FINNIFTY02JAN2419900CE.NFO,02/01/2024,11:28:34,1460,1423.6,200,1534.2,560,0,200
FINNIFTY02JAN2419900CE.NFO,02/01/2024,11:29:31,1460,1423.65,200,1534.15,200,0,200
FINNIFTY02JAN2419900CE.NFO,02/01/2024,11:31:03,1460,1423.6,200,1534.2,360,0,200
FINNIFTY02JAN2419900CE.NFO,02/01/2024,11:31:11,1460,1423.65,200,1534.15,200,0,200
FINNIFTY02JAN2419900CE.NFO,02/01/2024,11:31:26,1460,1425.05,160,1534.15,200,0,200
FINNIFTY02JAN2419900CE.NFO,02/01/2024,11:31:34,1460,1425.15,200,1534.15,200,0,200
FINNIFTY02JAN2419900CE.NFO,02/01/2024,11:32:14,1460,1425.35,400,1534.15,200,0,200
FINNIFTY02JAN2419900CE.NFO,02/01/2024,11:32:21,1460,1425.5,160,1534.15,200,0,200
FINNIFTY02JAN2419900CE.NFO,02/01/2024,11:32:36,1460,1425.55,160,1534.15,200,0,200
FINNIFTY02JAN2419900CE.NFO,02/01/2024,11:32:50,1460,1425.6,400,1534.15,200,0,200
FINNIFTY02JAN2419900CE.NFO,02/01/2024,11:32:57,1460,1427.4,160,1534.15,200,0,200
FINNIFTY02JAN2419900CE.NFO,02/01/2024,11:33:04,1460,1427.5,200,1534.15,200,0,200
FINNIFTY02JAN2419900CE.NFO,02/01/2024,11:33:12,1460,1428.3,40,1534.15,200,0,200
FINNIFTY02JAN2419900CE.NFO,02/01/2024,11:33:19,1460,1428.4,200,1534.15,200,0,200
FINNIFTY02JAN2419900CE.NFO,02/01/2024,11:37:32,1460,1428.35,200,1534.15,200,0,200
FINNIFTY02JAN2419900CE.NFO,02/01/2024,11:37:48,1460,1428.4,200,1534.15,200,0,200
FINNIFTY02JAN2419900CE.NFO,02/01/2024,11:38:03,1460,1428.65,240,1534.15,200,0,200
FINNIFTY02JAN2419900CE.NFO,02/01/2024,11:38:12,1460,1428.85,40,1534.15,200,0,200
FINNIFTY02JAN2419900CE.NFO,02/01/2024,11:38:20,1460,1429.25,400,1534.15,200,0,200
FINNIFTY02JAN2419900CE.NFO,02/01/2024,11:38:28,1460,1430.25,400,1534.15,200,0,200
FINNIFTY02JAN2419900CE.NFO,02/01/2024,11:38:35,1460,1432.95,400,1534.15,200,0,200
FINNIFTY02JAN2419900CE.NFO,02/01/2024,11:38:42,1460,1434,400,1534.15,200,0,200
FINNIFTY02JAN2419900CE.NFO,02/01/2024,11:38:51,1460,1434.15,160,1534.15,200,0,200
FINNIFTY02JAN2419900CE.NFO,02/01/2024,11:38:58,1460,1434.2,160,1534.15,200,0,200
FINNIFTY02JAN2419900CE.NFO,02/01/2024,11:41:36,1460,1434.15,160,1534.2,360,0,200
FINNIFTY02JAN2419900CE.NFO,02/01/2024,11:41:45,1460,1384.4,360,1534.2,360,0,200
FINNIFTY02JAN2419900CE.NFO,02/01/2024,11:42:02,1460,1384.45,200,1534.15,200,0,200
FINNIFTY02JAN2419900CE.NFO,02/01/2024,11:44:36,1460,1384.4,360,1534.2,360,0,200
FINNIFTY02JAN2419900CE.NFO,02/01/2024,11:45:30,1460,1384.45,200,1534.15,200,0,200
FINNIFTY02JAN2419900CE.NFO,02/01/2024,11:48:03,1460,1384.4,360,1534.2,360,0,200
FINNIFTY02JAN2419900CE.NFO,02/01/2024,11:48:10,1460,1384.45,200,1534.15,200,0,200
FINNIFTY02JAN2419900CE.NFO,02/01/2024,11:49:26,1460,1384.8,440,1530.6,400,0,200
FINNIFTY02JAN2419900CE.NFO,02/01/2024,11:49:32,1460,1384.9,600,1529.3,400,0,200
FINNIFTY02JAN2419900CE.NFO,02/01/2024,11:49:38,1460,1384.9,600,1518.55,440,0,200
FINNIFTY02JAN2419900CE.NFO,02/01/2024,11:49:44,1460,1384.9,600,1506.3,400,0,200
FINNIFTY02JAN2419900CE.NFO,02/01/2024,11:49:51,1460,1384.9,600,1505.2,40,0,200
FINNIFTY02JAN2419900CE.NFO,02/01/2024,11:49:57,1460,1384.9,600,1505.1,200,0,200
FINNIFTY02JAN2419900CE.NFO,02/01/2024,11:50:09,1460,1385.25,440,1504.9,40,0,200
FINNIFTY02JAN2419900CE.NFO,02/01/2024,11:50:16,1460,1391.2,400,1504.8,320,0,200
FINNIFTY02JAN2419900CE.NFO,02/01/2024,11:50:22,1460,1394.2,400,1504.8,320,0,200
FINNIFTY02JAN2419900CE.NFO,02/01/2024,11:50:29,1460,1394.5,40,1504.8,320,0,200
FINNIFTY02JAN2419900CE.NFO,02/01/2024,11:50:35,1460,1394.6,200,1504.8,320,0,200
FINNIFTY02JAN2419900CE.NFO,02/01/2024,11:50:53,1460,1394.6,200,1503.75,160,0,200
FINNIFTY02JAN2419900CE.NFO,02/01/2024,11:51:00,1460,1394.6,200,1502.55,160,0,200
FINNIFTY02JAN2419900CE.NFO,02/01/2024,11:51:07,1460,1395.6,200,1502.45,200,0,200
FINNIFTY02JAN2419900CE.NFO,02/01/2024,11:51:14,1460,1395.75,120,1502.45,200,0,200
FINNIFTY02JAN2419900CE.NFO,02/01/2024,11:51:30,1460,1396.05,160,1502.45,200,0,200
FINNIFTY02JAN2419900CE.NFO,02/01/2024,11:51:32,1460,1396.15,200,1502.45,200,0,200
FINNIFTY02JAN2419900CE.NFO,02/01/2024,11:52:34,1460,1396.4,160,1502.45,200,0,200
FINNIFTY02JAN2419900CE.NFO,02/01/2024,11:52:41,1460,1396.5,200,1502.45,200,0,200
FINNIFTY02JAN2419900CE.NFO,02/01/2024,11:53:05,1460,1396.7,400,1502.45,200,0,200
FINNIFTY02JAN2419900CE.NFO,02/01/2024,11:53:13,1460,1396.95,160,1500.8,400,0,200
FINNIFTY02JAN2419900CE.NFO,02/01/2024,11:53:20,1460,1397.05,200,1500.25,40,0,200
FINNIFTY02JAN2419900CE.NFO,02/01/2024,11:53:27,1460,1397.05,200,1500.15,200,0,200
FINNIFTY02JAN2419900CE.NFO,02/01/2024,11:53:47,1460,1397.05,200,1499.95,160,0,200
FINNIFTY02JAN2419900CE.NFO,02/01/2024,11:53:54,1460,1397.05,200,1499.85,200,0,200
FINNIFTY02JAN2419900CE.NFO,02/01/2024,11:54:22,1460,1397.25,160,1499.85,200,0,200
FINNIFTY02JAN2419900CE.NFO,02/01/2024,11:54:28,1460,1397.35,200,1499.85,200,0,200
FINNIFTY02JAN2419900CE.NFO,02/01/2024,11:55:04,1460,1397.35,200,1499.9,200,0,200
FINNIFTY02JAN2419900CE.NFO,02/01/2024,11:55:32,1460,1397.35,200,1499.85,200,0,200
FINNIFTY02JAN2419900CE.NFO,02/01/2024,11:55:59,1460,1397.6,240,1499.85,200,0,200
FINNIFTY02JAN2419900CE.NFO,02/01/2024,11:56:05,1460,1397.8,40,1499.85,200,0,200
FINNIFTY02JAN2419900CE.NFO,02/01/2024,12:00:30,1460,1399.1,400,1499.85,200,0,200
FINNIFTY02JAN2419900CE.NFO,02/01/2024,12:00:36,1460,1399.3,40,1499.85,200,0,200
FINNIFTY02JAN2419900CE.NFO,02/01/2024,12:00:42,1460,1399.3,160,1499.85,200,0,200
FINNIFTY02JAN2419900CE.NFO,02/01/2024,12:00:49,1460,1401.2,200,1499.85,200,0,200
FINNIFTY02JAN2419900CE.NFO,02/01/2024,12:00:56,1460,1402.8,400,1499.85,200,0,200
FINNIFTY02JAN2419900CE.NFO,02/01/2024,12:01:03,1460,1403.1,160,1499.85,200,0,200
FINNIFTY02JAN2419900CE.NFO,02/01/2024,12:01:11,1460,1403.2,200,1499.85,200,0,200
FINNIFTY02JAN2419900CE.NFO,02/01/2024,12:04:03,1460,1403.15,200,1499.85,200,0,200
FINNIFTY02JAN2419900CE.NFO,02/01/2024,12:04:09,1460,1403.2,200,1499.85,200,0,200
FINNIFTY02JAN2419900CE.NFO,02/01/2024,12:04:37,1460,1403.2,200,1499.9,200,0,200
FINNIFTY02JAN2419900CE.NFO,02/01/2024,12:05:35,1460,1403.15,200,1499.9,200,0,200
FINNIFTY02JAN2419900CE.NFO,02/01/2024,12:10:07,1460,1403.4,400,1499.85,200,0,200
FINNIFTY02JAN2419900CE.NFO,02/01/2024,12:10:16,1460,1403.65,400,1499.85,200,0,200
FINNIFTY02JAN2419900CE.NFO,02/01/2024,12:10:24,1460,1405.75,40,1499.85,200,0,200
FINNIFTY02JAN2419900CE.NFO,02/01/2024,12:10:31,1460,1406.05,40,1499.85,200,0,200
FINNIFTY02JAN2419900CE.NFO,02/01/2024,12:10:39,1460,1406.15,240,1499.85,200,0,200
FINNIFTY02JAN2419900CE.NFO,02/01/2024,12:11:36,1460,1406.15,240,1499.9,200,0,200
FINNIFTY02JAN2419900CE.NFO,02/01/2024,12:12:04,1460,1406.3,40,1499.85,200,0,200
FINNIFTY02JAN2419900CE.NFO,02/01/2024,12:12:11,1460,1406.55,40,1499.85,200,0,200
FINNIFTY02JAN2419900CE.NFO,02/01/2024,12:12:18,1460,1406.85,40,1499.85,200,0,200
FINNIFTY02JAN2419900CE.NFO,02/01/2024,12:12:24,1460,1407.15,40,1499.85,200,0,200
FINNIFTY02JAN2419900CE.NFO,02/01/2024,12:12:31,1460,1407.45,40,1499.85,200,0,200
FINNIFTY02JAN2419900CE.NFO,02/01/2024,12:12:37,1460,1407.75,40,1499.85,200,0,200
FINNIFTY02JAN2419900CE.NFO,02/01/2024,12:12:43,1460,1408.05,40,1499.85,200,0,200
FINNIFTY02JAN2419900CE.NFO,02/01/2024,12:12:50,1460,1408.15,240,1499.85,200,0,200
FINNIFTY02JAN2419900CE.NFO,02/01/2024,12:14:02,1460,1408.3,40,1499.85,200,0,200
FINNIFTY02JAN2419900CE.NFO,02/01/2024,12:14:09,1460,1408.6,40,1499.85,200,0,200
FINNIFTY02JAN2419900CE.NFO,02/01/2024,12:14:16,1460,1408.9,40,1499.85,200,0,200
FINNIFTY02JAN2419900CE.NFO,02/01/2024,12:14:23,1460,1409.2,40,1499.85,200,0,200
FINNIFTY02JAN2419900CE.NFO,02/01/2024,12:14:29,1460,1409.5,40,1499.85,200,0,200
FINNIFTY02JAN2419900CE.NFO,02/01/2024,12:14:35,1460,1409.8,40,1499.85,200,0,200
FINNIFTY02JAN2419900CE.NFO,02/01/2024,12:14:42,1460,1410.1,40,1499.85,200,0,200
FINNIFTY02JAN2419900CE.NFO,02/01/2024,12:14:48,1460,1410.4,40,1499.85,200,0,200
FINNIFTY02JAN2419900CE.NFO,02/01/2024,12:14:54,1460,1410.5,240,1499.85,200,0,200
FINNIFTY02JAN2419900CE.NFO,02/01/2024,12:15:06,1460,1410.5,240,1499.9,200,0,200
FINNIFTY02JAN2419900CE.NFO,02/01/2024,12:16:07,1460,1410.65,40,1499.85,200,0,200
FINNIFTY02JAN2419900CE.NFO,02/01/2024,12:16:14,1460,1410.75,40,1499.85,200,0,200
FINNIFTY02JAN2419900CE.NFO,02/01/2024,12:17:03,1460,1410.9,40,1499.85,200,0,200
FINNIFTY02JAN2419900CE.NFO,02/01/2024,12:17:12,1460,1411.15,400,1499.9,200,0,200
FINNIFTY02JAN2419900CE.NFO,02/01/2024,12:17:21,1460,1411.55,400,1499.85,200,0,200
FINNIFTY02JAN2419900CE.NFO,02/01/2024,12:17:30,1460,1411.85,400,1499.85,200,0,200
FINNIFTY02JAN2419900CE.NFO,02/01/2024,12:17:38,1460,1412.3,400,1499.85,200,0,200
FINNIFTY02JAN2419900CE.NFO,02/01/2024,12:17:46,1460,1413.2,400,1499.85,200,0,200
FINNIFTY02JAN2419900CE.NFO,02/01/2024,12:17:54,1460,1413.65,400,1499.85,200,0,200
FINNIFTY02JAN2419900CE.NFO,02/01/2024,12:18:02,1460,1413.95,40,1499.85,200,0,200
FINNIFTY02JAN2419900CE.NFO,02/01/2024,12:18:10,1460,1414,200,1499.85,200,0,200
FINNIFTY02JAN2419900CE.NFO,02/01/2024,12:18:17,1460,1414.5,400,1499.85,200,0,200
FINNIFTY02JAN2419900CE.NFO,02/01/2024,12:18:25,1460,1414.7,400,1499.85,200,0,200
FINNIFTY02JAN2419900CE.NFO,02/01/2024,12:18:32,1460,1414.7,160,1499.85,200,0,200
FINNIFTY02JAN2419900CE.NFO,02/01/2024,12:18:47,1460,1414.75,400,1499.85,200,0,200
FINNIFTY02JAN2419900CE.NFO,02/01/2024,12:18:55,1460,1415,400,1499.85,200,0,200
FINNIFTY02JAN2419900CE.NFO,02/01/2024,12:19:02,1460,1415.25,400,1499.85,200,0,200
FINNIFTY02JAN2419900CE.NFO,02/01/2024,12:19:10,1460,1416,400,1499.85,200,0,200
FINNIFTY02JAN2419900CE.NFO,02/01/2024,12:19:17,1460,1416.35,240,1499.85,200,0,200
FINNIFTY02JAN2419900CE.NFO,02/01/2024,12:19:25,1460,1416.8,400,1499.85,200,0,200
FINNIFTY02JAN2419900CE.NFO,02/01/2024,12:19:33,1460,1417.05,400,1499.85,200,0,200
FINNIFTY02JAN2419900CE.NFO,02/01/2024,12:19:42,1460,1417.4,160,1499.85,200,0,200
FINNIFTY02JAN2419900CE.NFO,02/01/2024,12:19:49,1460,1417.5,200,1499.85,200,0,200
FINNIFTY02JAN2419900CE.NFO,02/01/2024,12:20:05,1460,1417.5,200,1499.9,200,0,200
FINNIFTY02JAN2419900CE.NFO,02/01/2024,12:21:05,1460,1417.5,200,1499.85,200,0,200
FINNIFTY02JAN2419900CE.NFO,02/01/2024,12:25:31,1460,1417.5,200,1499.7,40,0,200
FINNIFTY02JAN2419900CE.NFO,02/01/2024,12:25:38,1460,1417.5,200,1499.6,200,0,200
FINNIFTY02JAN2419900CE.NFO,02/01/2024,12:27:29,1460,1417.7,40,1499.4,40,0,200
FINNIFTY02JAN2419900CE.NFO,02/01/2024,12:27:35,1460,1417.8,320,1499.3,320,0,200
FINNIFTY02JAN2419900CE.NFO,02/01/2024,12:28:33,1460,1417.95,40,1499.15,40,0,200
FINNIFTY02JAN2419900CE.NFO,02/01/2024,12:28:57,1460,1418.95,320,1497.95,40,0,200
FINNIFTY02JAN2419900CE.NFO,02/01/2024,12:29:03,1460,1418.95,320,1497.85,320,0,200
FINNIFTY02JAN2419900CE.NFO,02/01/2024,12:30:05,1460,1419.1,40,1497.7,40,0,200
FINNIFTY02JAN2419900CE.NFO,02/01/2024,12:30:11,1460,1419.2,320,1497.6,320,0,200
FINNIFTY02JAN2419900CE.NFO,02/01/2024,12:30:17,1460,1419.2,200,1497.6,200,0,200
FINNIFTY02JAN2419900CE.NFO,02/01/2024,12:30:29,1460,1419.4,40,1497.4,40,0,200
FINNIFTY02JAN2419900CE.NFO,02/01/2024,12:30:35,1460,1419.5,320,1497.3,320,0,200
FINNIFTY02JAN2419900CE.NFO,02/01/2024,12:31:36,1460,1419.5,120,1497.3,120,0,200
FINNIFTY02JAN2419900CE.NFO,02/01/2024,12:31:48,1460,1419.65,40,1497.15,40,0,200
FINNIFTY02JAN2419900CE.NFO,02/01/2024,12:31:53,1460,1419.75,320,1497.05,320,0,200
FINNIFTY02JAN2419900CE.NFO,02/01/2024,12:33:02,1460,1419.9,40,1496.9,40,0,200
FINNIFTY02JAN2419900CE.NFO,02/01/2024,12:33:07,1460,1420,320,1496.8,320,0,200
FINNIFTY02JAN2419900CE.NFO,02/01/2024,12:34:36,1460,1420.15,40,1496.65,40,0,200
FINNIFTY02JAN2419900CE.NFO,02/01/2024,12:34:42,1460,1420.25,320,1496.55,320,0,200
FINNIFTY02JAN2419900CE.NFO,02/01/2024,12:36:02,1460,1420.4,40,1496.4,40,0,200
FINNIFTY02JAN2419900CE.NFO,02/01/2024,12:36:21,1460,1421.25,40,1495.6,160,0,200
FINNIFTY02JAN2419900CE.NFO,02/01/2024,12:36:27,1460,1421.55,40,1495.6,160,0,200
FINNIFTY02JAN2419900CE.NFO,02/01/2024,12:36:34,1460,1421.65,320,1495.6,160,0,200
FINNIFTY02JAN2419900CE.NFO,02/01/2024,12:37:32,1460,1421.8,40,1495.55,40,0,200
FINNIFTY02JAN2419900CE.NFO,02/01/2024,12:37:38,1460,1421.9,320,1495.25,40,0,200
FINNIFTY02JAN2419900CE.NFO,02/01/2024,12:37:44,1460,1421.9,320,1494.95,40,0,200
FINNIFTY02JAN2419900CE.NFO,02/01/2024,12:37:50,1460,1421.9,320,1494.85,320,0,200
FINNIFTY02JAN2419900CE.NFO,02/01/2024,12:39:03,1460,1422.05,40,1494.7,40,0,200
FINNIFTY02JAN2419900CE.NFO,02/01/2024,12:39:09,1460,1422.15,320,1494.6,320,0,200
FINNIFTY02JAN2419900CE.NFO,02/01/2024,12:40:36,1460,1422.3,40,1494.45,40,0,200
FINNIFTY02JAN2419900CE.NFO,02/01/2024,12:41:16,1460,1424.2,320,1492.55,320,0,200
FINNIFTY02JAN2419900CE.NFO,02/01/2024,12:42:32,1460,1424.35,40,1492.4,40,0,200
FINNIFTY02JAN2419900CE.NFO,02/01/2024,12:42:38,1460,1424.45,320,1492.1,40,0,200
FINNIFTY02JAN2419900CE.NFO,02/01/2024,12:42:44,1460,1424.45,320,1492,120,0,200
FINNIFTY02JAN2419900CE.NFO,02/01/2024,12:43:43,1460,1424.45,320,1491.85,40,0,200
FINNIFTY02JAN2419900CE.NFO,02/01/2024,12:43:49,1460,1424.45,320,1491.75,320,0,200
FINNIFTY02JAN2419900CE.NFO,02/01/2024,12:44:06,1460,1424.6,40,1491.75,320,0,200
FINNIFTY02JAN2419900CE.NFO,02/01/2024,12:44:12,1460,1424.85,40,1491.75,320,0,200
FINNIFTY02JAN2419900CE.NFO,02/01/2024,12:44:17,1460,1425.15,40,1491.75,320,0,200
FINNIFTY02JAN2419900CE.NFO,02/01/2024,12:44:23,1460,1425.25,320,1491.75,320,0,200
FINNIFTY02JAN2419900CE.NFO,02/01/2024,12:45:05,1460,1425.25,320,1491.6,40,0,200
FINNIFTY02JAN2419900CE.NFO,02/01/2024,12:45:10,1460,1425.25,320,1491.3,40,0,200
FINNIFTY02JAN2419900CE.NFO,02/01/2024,12:45:17,1460,1425.25,320,1491,40,0,200
FINNIFTY02JAN2419900CE.NFO,02/01/2024,12:45:23,1460,1425.25,320,1490.7,40,0,200
FINNIFTY02JAN2419900CE.NFO,02/01/2024,12:45:28,1460,1425.25,320,1490.6,320,0,200
FINNIFTY02JAN2419900CE.NFO,02/01/2024,12:45:33,1460,1425.4,40,1490.6,320,0,200
FINNIFTY02JAN2419900CE.NFO,02/01/2024,12:45:38,1460,1425.5,320,1490.6,320,0,200
FINNIFTY02JAN2419900CE.NFO,02/01/2024,12:46:32,1460,1425.5,320,1490.45,40,0,200
FINNIFTY02JAN2419900CE.NFO,02/01/2024,12:46:37,1460,1425.5,320,1490.15,40,0,200
FINNIFTY02JAN2419900CE.NFO,02/01/2024,12:46:41,1460,1425.5,320,1490.05,320,0,200
FINNIFTY02JAN2419900CE.NFO,02/01/2024,12:47:03,1460,1425.5,120,1490.05,320,0,200
FINNIFTY02JAN2419900CE.NFO,02/01/2024,12:48:03,1460,1425.5,120,1490.05,120,0,200
FINNIFTY02JAN2419900CE.NFO,02/01/2024,12:48:48,1460,1425.65,40,1489.9,40,0,200
FINNIFTY02JAN2419900CE.NFO,02/01/2024,12:48:55,1460,1425.75,320,1489.8,320,0,200
FINNIFTY02JAN2419900CE.NFO,02/01/2024,12:50:02,1460,1425.75,120,1489.8,120,0,200
FINNIFTY02JAN2419900CE.NFO,02/01/2024,12:51:36,1460,1425.9,40,1489.65,40,0,200
FINNIFTY02JAN2419900CE.NFO,02/01/2024,12:51:56,1460,1426.9,320,1488.65,320,0,200
FINNIFTY02JAN2419900CE.NFO,02/01/2024,12:53:05,1460,1427.05,40,1488.5,40,0,200
FINNIFTY02JAN2419900CE.NFO,02/01/2024,12:53:10,1460,1427.15,320,1488.4,320,0,200
FINNIFTY02JAN2419900CE.NFO,02/01/2024,12:54:34,1460,1427.3,40,1488.25,40,0,200
FINNIFTY02JAN2419900CE.NFO,02/01/2024,12:54:39,1460,1427.4,320,1488.15,320,0,200
FINNIFTY02JAN2419900CE.NFO,02/01/2024,12:56:03,1460,1427.55,40,1488,40,0,200
FINNIFTY02JAN2419900CE.NFO,02/01/2024,12:56:08,1460,1427.65,320,1487.9,320,0,200
FINNIFTY02JAN2419900CE.NFO,02/01/2024,12:57:32,1460,1427.8,40,1487.75,40,0,200
FINNIFTY02JAN2419900CE.NFO,02/01/2024,12:57:42,1460,1428.35,40,1487.25,160,0,200
FINNIFTY02JAN2419900CE.NFO,02/01/2024,12:57:46,1460,1428.65,40,1487.25,160,0,200
FINNIFTY02JAN2419900CE.NFO,02/01/2024,12:57:51,1460,1428.75,320,1487.25,160,0,200
FINNIFTY02JAN2419900CE.NFO,02/01/2024,12:59:06,1460,1428.75,120,1487.25,40,0,200
FINNIFTY02JAN2419900CE.NFO,02/01/2024,13:01:45,1460,1428.9,40,1487.2,40,0,200
FINNIFTY02JAN2419900CE.NFO,02/01/2024,13:01:51,1460,1429,120,1487.15,200,0,200
FINNIFTY02JAN2419900CE.NFO,02/01/2024,13:02:29,1460,1429.15,40,1486.9,40,0,200
FINNIFTY02JAN2419900CE.NFO,02/01/2024,13:02:36,1460,1429.25,320,1486.8,320,0,200
FINNIFTY02JAN2419900CE.NFO,02/01/2024,13:03:31,1460,1429.25,120,1486.8,120,0,200
FINNIFTY02JAN2419900CE.NFO,02/01/2024,13:03:47,1460,1429.35,40,1486.7,40,0,200
FINNIFTY02JAN2419900CE.NFO,02/01/2024,13:04:22,1460,1429.6,40,1486.55,320,0,200
FINNIFTY02JAN2419900CE.NFO,02/01/2024,13:05:33,1460,1429.65,40,1486.4,40,0,200
FINNIFTY02JAN2419900CE.NFO,02/01/2024,13:05:39,1460,1429.75,320,1486.3,320,0,200
FINNIFTY02JAN2419900CE.NFO,02/01/2024,13:07:03,1460,1429.9,40,1486.15,40,0,200
FINNIFTY02JAN2419900CE.NFO,02/01/2024,13:07:20,1460,1430.6,320,1485.45,320,0,200
FINNIFTY02JAN2419900CE.NFO,02/01/2024,13:08:37,1460,1430.6,120,1485.45,120,0,200
FINNIFTY02JAN2419900CE.NFO,02/01/2024,13:08:56,1460,1430.75,40,1485.3,40,0,200
FINNIFTY02JAN2419900CE.NFO,02/01/2024,13:09:01,1460,1430.95,40,1485.2,320,0,200
FINNIFTY02JAN2419900CE.NFO,02/01/2024,13:09:44,1460,1431,40,1485.2,320,0,200
FINNIFTY02JAN2419900CE.NFO,02/01/2024,13:09:50,1460,1431.1,320,1485.2,320,0,200
FINNIFTY02JAN2419900CE.NFO,02/01/2024,13:10:01,1460,1431.1,320,1485.15,120,0,200
FINNIFTY02JAN2419900CE.NFO,02/01/2024,13:10:06,1460,1431.2,40,1485.05,40,0,200
FINNIFTY02JAN2419900CE.NFO,02/01/2024,13:10:11,1460,1431.2,40,1484.95,320,0,200
FINNIFTY02JAN2419900CE.NFO,02/01/2024,13:11:32,1460,1431.2,40,1484.8,40,0,200
FINNIFTY02JAN2419900CE.NFO,02/01/2024,13:11:38,1460,1431.2,40,1484.5,40,0,200
FINNIFTY02JAN2419900CE.NFO,02/01/2024,13:11:44,1460,1431.2,40,1484.25,40,0,200
FINNIFTY02JAN2419900CE.NFO,02/01/2024,13:11:50,1460,1431.2,40,1483.95,40,0,200
FINNIFTY02JAN2419900CE.NFO,02/01/2024,13:11:55,1460,1431.2,40,1483.85,120,0,200
FINNIFTY02JAN2419900CE.NFO,02/01/2024,13:12:10,1460,1431.2,40,1483.7,40,0,200
FINNIFTY02JAN2419900CE.NFO,02/01/2024,13:12:15,1460,1431.2,40,1483.6,320,0,200
FINNIFTY02JAN2419900CE.NFO,02/01/2024,13:13:35,1460,1431.2,40,1483.45,40,0,200
FINNIFTY02JAN2419900CE.NFO,02/01/2024,13:13:41,1460,1431.2,40,1483.15,40,0,200
FINNIFTY02JAN2419900CE.NFO,02/01/2024,13:13:47,1460,1431.2,40,1482.85,40,0,200
FINNIFTY02JAN2419900CE.NFO,02/01/2024,13:13:53,1460,1431.2,40,1482.55,40,0,200
FINNIFTY02JAN2419900CE.NFO,02/01/2024,13:13:58,1460,1431.2,40,1482.25,40,0,200
FINNIFTY02JAN2419900CE.NFO,02/01/2024,13:14:04,1460,1431.2,40,1481.95,40,0,200
FINNIFTY02JAN2419900CE.NFO,02/01/2024,13:14:09,1460,1431.2,40,1481.75,40,0,200
FINNIFTY02JAN2419900CE.NFO,02/01/2024,13:14:35,1460,1431.15,40,1481.75,40,0,200
FINNIFTY02JAN2419900CE.NFO,02/01/2024,13:17:14,1460,1431.2,40,1481.6,120,0,200
FINNIFTY02JAN2419900CE.NFO,02/01/2024,13:17:19,1460,1431.2,40,1481.45,40,0,200
FINNIFTY02JAN2419900CE.NFO,02/01/2024,13:17:23,1460,1431.2,40,1481.35,320,0,200
FINNIFTY02JAN2419900CE.NFO,02/01/2024,13:18:33,1460,1431.2,40,1481.25,40,0,200
FINNIFTY02JAN2419900CE.NFO,02/01/2024,13:18:39,1460,1431.2,40,1481.2,40,0,200
FINNIFTY02JAN2419900CE.NFO,02/01/2024,13:18:43,1460,1431.2,40,1480.9,40,0,200
FINNIFTY02JAN2419900CE.NFO,02/01/2024,13:18:49,1460,1431.2,40,1480.65,40,0,200
FINNIFTY02JAN2419900CE.NFO,02/01/2024,13:18:54,1460,1431.2,40,1480.55,320,0,200
FINNIFTY02JAN2419900CE.NFO,02/01/2024,13:20:03,1460,1431.2,40,1480.4,40,0,200
FINNIFTY02JAN2419900CE.NFO,02/01/2024,13:20:07,1460,1431.2,40,1480.3,320,0,200
FINNIFTY02JAN2419900CE.NFO,02/01/2024,13:21:35,1460,1431.2,40,1480.15,40,0,200
FINNIFTY02JAN2419900CE.NFO,02/01/2024,13:21:39,1460,1431.2,40,1479.85,40,0,200
FINNIFTY02JAN2419900CE.NFO,02/01/2024,13:21:43,1460,1431.2,40,1479.55,40,0,200
FINNIFTY02JAN2419900CE.NFO,02/01/2024,13:21:47,1460,1431.2,40,1479.25,40,0,200
FINNIFTY02JAN2419900CE.NFO,02/01/2024,13:21:52,1460,1431.2,40,1479,40,0,200
FINNIFTY02JAN2419900CE.NFO,02/01/2024,13:21:57,1460,1431.2,40,1478.7,40,0,200
FINNIFTY02JAN2419900CE.NFO,02/01/2024,13:22:02,1460,1431.2,40,1478.4,40,0,200
FINNIFTY02JAN2419900CE.NFO,02/01/2024,13:22:06,1460,1431.2,40,1478.15,40,0,200
FINNIFTY02JAN2419900CE.NFO,02/01/2024,13:22:11,1460,1431.2,40,1478.05,320,0,200
FINNIFTY02JAN2419900CE.NFO,02/01/2024,13:23:31,1460,1431.2,40,1477.9,40,0,200
FINNIFTY02JAN2419900CE.NFO,02/01/2024,13:23:37,1460,1431.2,40,1477.6,40,0,200
FINNIFTY02JAN2419900CE.NFO,02/01/2024,13:23:42,1460,1431.2,40,1477.5,120,0,200
FINNIFTY02JAN2419900CE.NFO,02/01/2024,13:23:53,1460,1431.2,40,1477.35,40,0,200
FINNIFTY02JAN2419900CE.NFO,02/01/2024,13:23:59,1460,1431.2,40,1477.25,120,0,200
FINNIFTY02JAN2419900CE.NFO,02/01/2024,13:24:04,1460,1431.2,40,1477.1,40,0,200
FINNIFTY02JAN2419900CE.NFO,02/01/2024,13:24:09,1460,1431.2,40,1476.8,40,0,200
FINNIFTY02JAN2419900CE.NFO,02/01/2024,13:24:14,1460,1431.2,40,1476.5,40,0,200
FINNIFTY02JAN2419900CE.NFO,02/01/2024,13:24:19,1460,1431.2,40,1476.4,320,0,200
FINNIFTY02JAN2419900CE.NFO,02/01/2024,13:24:35,1460,1431.15,40,1476.4,320,0,200
FINNIFTY02JAN2419900CE.NFO,02/01/2024,13:25:11,1460,1431.2,40,1476.4,320,0,200
FINNIFTY02JAN2419900CE.NFO,02/01/2024,13:25:32,1460,1431.2,40,1476.25,40,0,200
FINNIFTY02JAN2419900CE.NFO,02/01/2024,13:25:38,1460,1431.2,40,1476,40,0,200
FINNIFTY02JAN2419900CE.NFO,02/01/2024,13:25:44,1460,1431.2,40,1475.7,40,0,200
FINNIFTY02JAN2419900CE.NFO,02/01/2024,13:25:50,1460,1431.2,40,1475.4,40,0,200
FINNIFTY02JAN2419900CE.NFO,02/01/2024,13:25:56,1460,1431.2,40,1475.3,320,0,200
FINNIFTY02JAN2419900CE.NFO,02/01/2024,13:27:04,1460,1431.2,40,1475.2,40,0,200
FINNIFTY02JAN2419900CE.NFO,02/01/2024,13:27:28,1460,1431.2,40,1475.15,40,0,200
FINNIFTY02JAN2419900CE.NFO,02/01/2024,13:27:32,1460,1431.2,40,1474.95,40,0,200
FINNIFTY02JAN2419900CE.NFO,02/01/2024,13:27:36,1460,1431.2,40,1474.9,40,0,200
FINNIFTY02JAN2419900CE.NFO,02/01/2024,13:27:41,1460,1431.2,40,1474.6,40,0,200
FINNIFTY02JAN2419900CE.NFO,02/01/2024,13:27:46,1460,1431.2,40,1474.3,40,0,200
FINNIFTY02JAN2419900CE.NFO,02/01/2024,13:27:49,1460,1431.2,40,1474.05,40,0,200
FINNIFTY02JAN2419900CE.NFO,02/01/2024,13:27:54,1460,1431.2,40,1473.75,40,0,200
FINNIFTY02JAN2419900CE.NFO,02/01/2024,13:27:58,1460,1431.2,40,1473.65,320,0,200
FINNIFTY02JAN2419900CE.NFO,02/01/2024,13:29:01,1460,1431.2,40,1473.5,40,0,200
FINNIFTY02JAN2419900CE.NFO,02/01/2024,13:29:06,1460,1431.2,40,1473.4,320,0,200
FINNIFTY02JAN2419900CE.NFO,02/01/2024,13:30:36,1460,1431.2,40,1473.25,40,0,200
FINNIFTY02JAN2419900CE.NFO,02/01/2024,13:30:42,1460,1431.2,40,1473.15,320,0,200
FINNIFTY02JAN2419900CE.NFO,02/01/2024,13:31:02,1460,1431.15,40,1473.15,320,0,200
FINNIFTY02JAN2419900CE.NFO,02/01/2024,13:32:05,1460,1431.2,40,1473,40,0,200
FINNIFTY02JAN2419900CE.NFO,02/01/2024,13:32:10,1460,1431.2,40,1472.75,40,0,200
FINNIFTY02JAN2419900CE.NFO,02/01/2024,13:32:16,1460,1431.2,40,1472.45,40,0,200
FINNIFTY02JAN2419900CE.NFO,02/01/2024,13:32:22,1460,1431.2,40,1472.15,40,0,200
FINNIFTY02JAN2419900CE.NFO,02/01/2024,13:32:27,1460,1431.2,40,1471.85,40,0,200
FINNIFTY02JAN2419900CE.NFO,02/01/2024,13:32:32,1460,1431.2,40,1471.55,40,0,200
FINNIFTY02JAN2419900CE.NFO,02/01/2024,13:32:37,1460,1431.2,40,1471.25,40,0,200
FINNIFTY02JAN2419900CE.NFO,02/01/2024,13:32:43,1460,1431.2,40,1470.95,40,0,200
FINNIFTY02JAN2419900CE.NFO,02/01/2024,13:32:49,1460,1431.2,40,1470.85,120,0,200
FINNIFTY02JAN2419900CE.NFO,02/01/2024,13:33:19,1460,1431.2,40,1470.75,40,0,200
FINNIFTY02JAN2419900CE.NFO,02/01/2024,13:33:32,1460,1431.2,40,1470.7,40,0,200
FINNIFTY02JAN2419900CE.NFO,02/01/2024,13:33:37,1460,1431.2,40,1470.45,40,0,200
FINNIFTY02JAN2419900CE.NFO,02/01/2024,13:33:42,1460,1431.2,40,1470.4,200,0,200
FINNIFTY02JAN2419900CE.NFO,02/01/2024,13:34:04,1460,1431.2,40,1470.15,40,0,200
FINNIFTY02JAN2419900CE.NFO,02/01/2024,13:34:09,1460,1431.2,40,1469.85,40,0,200
FINNIFTY02JAN2419900CE.NFO,02/01/2024,13:34:14,1460,1431.2,40,1469.55,40,0,200
FINNIFTY02JAN2419900CE.NFO,02/01/2024,13:34:20,1460,1431.2,40,1469.25,40,0,200
FINNIFTY02JAN2419900CE.NFO,02/01/2024,13:34:25,1460,1431.2,40,1469,40,0,200
FINNIFTY02JAN2419900CE.NFO,02/01/2024,13:34:31,1460,1431.2,40,1468.7,40,0,200
FINNIFTY02JAN2419900CE.NFO,02/01/2024,13:34:38,1460,1431.2,40,1468.45,40,0,200
FINNIFTY02JAN2419900CE.NFO,02/01/2024,13:34:44,1460,1431.2,40,1468.25,40,0,200
FINNIFTY02JAN2419900CE.NFO,02/01/2024,13:35:03,1460,1431.15,40,1468.25,40,0,200
FINNIFTY02JAN2419900CE.NFO,02/01/2024,13:35:14,1460,1431.2,40,1467.9,40,0,200
FINNIFTY02JAN2419900CE.NFO,02/01/2024,13:35:19,1460,1431.2,40,1467.6,40,0,200
FINNIFTY02JAN2419900CE.NFO,02/01/2024,13:35:25,1460,1431.2,40,1467.5,320,0,200
FINNIFTY02JAN2419900CE.NFO,02/01/2024,13:36:32,1460,1431.15,40,1467.5,120,0,200
FINNIFTY02JAN2419900CE.NFO,02/01/2024,13:36:37,1460,1431.2,40,1467.35,40,0,200
FINNIFTY02JAN2419900CE.NFO,02/01/2024,13:36:42,1460,1431.2,40,1467.05,40,0,200
FINNIFTY02JAN2419900CE.NFO,02/01/2024,13:36:48,1460,1431.2,40,1466.75,40,0,200
FINNIFTY02JAN2419900CE.NFO,02/01/2024,13:36:54,1460,1431.2,40,1466.5,40,0,200
FINNIFTY02JAN2419900CE.NFO,02/01/2024,13:37:00,1460,1431.2,40,1466.2,40,0,200
FINNIFTY02JAN2419900CE.NFO,02/01/2024,13:37:06,1460,1431.2,40,1466.1,320,0,200
FINNIFTY02JAN2419900CE.NFO,02/01/2024,13:38:04,1460,1431.15,40,1466.1,120,0,200
FINNIFTY02JAN2419900CE.NFO,02/01/2024,13:39:20,1460,1431.2,40,1465.95,40,0,200
FINNIFTY02JAN2419900CE.NFO,02/01/2024,13:39:26,1460,1431.2,40,1465.75,40,0,200
FINNIFTY02JAN2419900CE.NFO,02/01/2024,13:39:40,1460,1431.2,40,1465.7,40,0,200
FINNIFTY02JAN2419900CE.NFO,02/01/2024,13:39:45,1460,1431.2,40,1465.4,40,0,200
FINNIFTY02JAN2419900CE.NFO,02/01/2024,13:39:50,1460,1431.2,40,1465.3,320,0,200
FINNIFTY02JAN2419900CE.NFO,02/01/2024,13:41:01,1460,1431.2,40,1465.3,120,0,200
FINNIFTY02JAN2419900CE.NFO,02/01/2024,13:41:15,1460,1431.2,40,1465.15,40,0,200
FINNIFTY02JAN2419900CE.NFO,02/01/2024,13:41:20,1460,1431.2,40,1465.05,320,0,200
FINNIFTY02JAN2419900CE.NFO,02/01/2024,13:41:31,1460,1431.2,40,1526.3,400,0,200
FINNIFTY02JAN2419900CE.NFO,02/01/2024,13:42:01,1460,1431.15,40,1526.25,400,0,200
FINNIFTY02JAN2419900CE.NFO,02/01/2024,13:42:28,1460,1431.2,40,1525.2,400,0,200
FINNIFTY02JAN2419900CE.NFO,02/01/2024,13:42:33,1460,1431.2,40,1524.9,40,0,200
FINNIFTY02JAN2419900CE.NFO,02/01/2024,13:42:38,1460,1431.2,40,1524.6,40,0,200
FINNIFTY02JAN2419900CE.NFO,02/01/2024,13:42:44,1460,1431.15,40,1524.35,400,0,200
FINNIFTY02JAN2419900CE.NFO,02/01/2024,13:42:49,1460,1431.2,40,1523.95,400,0,200
FINNIFTY02JAN2419900CE.NFO,02/01/2024,13:42:55,1460,1431.2,40,1522.4,40,0,200
FINNIFTY02JAN2419900CE.NFO,02/01/2024,13:43:00,1460,1431.2,40,1522.25,400,0,200
FINNIFTY02JAN2419900CE.NFO,02/01/2024,13:43:31,1460,1431.2,40,1522.3,360,0,200
FINNIFTY02JAN2419900CE.NFO,02/01/2024,13:44:04,1460,1431.2,40,1522.25,160,0,200
FINNIFTY02JAN2419900CE.NFO,02/01/2024,13:46:28,1460,1431.2,40,1522.2,400,0,200
FINNIFTY02JAN2419900CE.NFO,02/01/2024,13:46:33,1460,1431.2,40,1522.25,160,0,200
FINNIFTY02JAN2419900CE.NFO,02/01/2024,13:46:41,1460,1431.2,40,1522.2,400,0,200
FINNIFTY02JAN2419900CE.NFO,02/01/2024,13:47:05,1460,1431.15,40,1522.2,400,0,200
FINNIFTY02JAN2419900CE.NFO,02/01/2024,13:47:27,1460,1431.2,40,1522.25,160,0,200
FINNIFTY02JAN2419900CE.NFO,02/01/2024,13:50:14,1460,1431.2,40,1522.2,400,0,200
FINNIFTY02JAN2419900CE.NFO,02/01/2024,13:50:25,1460,1431.2,40,1522.25,160,0,200
FINNIFTY02JAN2419900CE.NFO,02/01/2024,13:52:05,1460,1431.2,40,1521.8,400,0,200
FINNIFTY02JAN2419900CE.NFO,02/01/2024,13:52:23,1460,1431.2,40,1521.5,400,0,200
FINNIFTY02JAN2419900CE.NFO,02/01/2024,13:52:33,1460,1431.2,40,1520.75,400,0,200
FINNIFTY02JAN2419900CE.NFO,02/01/2024,13:52:38,1460,1431.2,40,1518.35,400,0,200
FINNIFTY02JAN2419900CE.NFO,02/01/2024,13:52:44,1460,1431.2,40,1517.85,160,0,200
FINNIFTY02JAN2419900CE.NFO,02/01/2024,13:52:49,1460,1431.2,40,1517.8,400,0,200
FINNIFTY02JAN2419900CE.NFO,02/01/2024,13:52:55,1460,1431.2,40,1516.85,400,0,200
FINNIFTY02JAN2419900CE.NFO,02/01/2024,13:52:59,1460,1431.2,40,1516.9,160,0,200
FINNIFTY02JAN2419900CE.NFO,02/01/2024,13:53:13,1460,1431.2,40,1516.3,160,0,200
FINNIFTY02JAN2419900CE.NFO,02/01/2024,13:53:19,1460,1431.2,40,1516.05,400,0,200
FINNIFTY02JAN2419900CE.NFO,02/01/2024,13:53:25,1460,1431.2,40,1515.95,400,0,200
FINNIFTY02JAN2419900CE.NFO,02/01/2024,13:53:31,1460,1431.2,40,1514.4,400,0,200
FINNIFTY02JAN2419900CE.NFO,02/01/2024,13:53:37,1460,1431.2,40,1512.75,400,0,200
FINNIFTY02JAN2419900CE.NFO,02/01/2024,13:53:43,1460,1431.2,40,1512.55,160,0,200
FINNIFTY02JAN2419900CE.NFO,02/01/2024,13:54:34,1460,1431.15,40,1512.55,160,0,200
FINNIFTY02JAN2419900CE.NFO,02/01/2024,13:54:39,1460,1431.2,40,1512.55,160,0,200
FINNIFTY02JAN2419900CE.NFO,02/01/2024,13:56:02,1460,1431.15,40,1512.55,160,0,200
FINNIFTY02JAN2419900CE.NFO,02/01/2024,13:56:34,1460,1431.15,40,1512.6,160,0,200
FINNIFTY02JAN2419900CE.NFO,02/01/2024,14:04:11,1460,1431.2,40,1512.25,400,0,200
FINNIFTY02JAN2419900CE.NFO,02/01/2024,14:04:17,1460,1431.2,40,1511.75,160,0,200
FINNIFTY02JAN2419900CE.NFO,02/01/2024,14:05:33,1460,1431.2,40,1511.8,160,0,200
FINNIFTY02JAN2419900CE.NFO,02/01/2024,14:05:43,1460,1431.2,40,1511.75,160,0,200
FINNIFTY02JAN2419900CE.NFO,02/01/2024,14:06:03,1460,1431.15,40,1511.75,160,0,200
FINNIFTY02JAN2419900CE.NFO,02/01/2024,14:06:42,1460,1431.2,40,1511.75,160,0,200
FINNIFTY02JAN2419900CE.NFO,02/01/2024,14:09:31,1460,1431.15,40,1511.75,160,0,200
FINNIFTY02JAN2419900CE.NFO,02/01/2024,14:09:47,1460,1431.2,40,1511.75,160,0,200
FINNIFTY02JAN2419900CE.NFO,02/01/2024,14:11:34,1460,1431.2,40,1511.8,160,0,200
FINNIFTY02JAN2419900CE.NFO,02/01/2024,14:11:47,1460,1431.2,40,1511.75,160,0,200
FINNIFTY02JAN2419900CE.NFO,02/01/2024,14:13:02,1460,1431.2,40,1511.8,160,0,200
FINNIFTY02JAN2419900CE.NFO,02/01/2024,14:13:10,1460,1431.2,40,1511.75,160,0,200
FINNIFTY02JAN2419900CE.NFO,02/01/2024,14:14:09,1460,1431.55,440,1511.75,160,0,200
FINNIFTY02JAN2419900CE.NFO,02/01/2024,14:14:15,1460,1431.45,160,1511.75,160,0,200
FINNIFTY02JAN2419900CE.NFO,02/01/2024,14:14:33,1460,1431.45,160,1511.8,160,0,200
FINNIFTY02JAN2419900CE.NFO,02/01/2024,14:15:13,1460,1431.45,160,1511.75,160,0,200
FINNIFTY02JAN2419900CE.NFO,02/01/2024,14:17:06,1460,1431.4,160,1511.75,160,0,200
FINNIFTY02JAN2419900CE.NFO,02/01/2024,14:17:37,1460,1431.45,160,1511.75,160,0,200
FINNIFTY02JAN2419900CE.NFO,02/01/2024,14:19:03,1460,1431.4,160,1511.75,160,0,200
FINNIFTY02JAN2419900CE.NFO,02/01/2024,14:19:10,1460,1431.45,160,1511.75,160,0,200
FINNIFTY02JAN2419900CE.NFO,02/01/2024,14:19:24,1460,1431.5,80,1511.7,80,0,200
FINNIFTY02JAN2419900CE.NFO,02/01/2024,14:50:35,1460,1431.55,80,1511.4,40,0,200
FINNIFTY02JAN2419900CE.NFO,02/01/2024,14:52:01,1460,1431.5,80,1511.45,80,0,200
FINNIFTY02JAN2419900CE.NFO,02/01/2024,14:59:49,1460,1431.55,240,1511.4,240,0,200
FINNIFTY02JAN2419900CE.NFO,02/01/2024,15:01:06,1460,1431.55,160,1511.4,160,0,200
FINNIFTY02JAN2419900CE.NFO,02/01/2024,15:01:13,1460,1452.9,120,1460.4,40,0,200
FINNIFTY02JAN2419900CE.NFO,02/01/2024,15:01:21,1460,1453.6,120,1460.35,160,0,200
FINNIFTY02JAN2419900CE.NFO,02/01/2024,15:01:36,1460,1453.6,120,1460.3,160,0,200
FINNIFTY02JAN2419900CE.NFO,02/01/2024,15:02:00,1460,1454.6,40,1462.05,400,0,200
FINNIFTY02JAN2419900CE.NFO,02/01/2024,15:02:08,1460,1455.9,120,1462.05,400,0,200
FINNIFTY02JAN2419900CE.NFO,02/01/2024,15:02:15,1460,1458.75,120,1463.85,400,0,200
FINNIFTY02JAN2419900CE.NFO,02/01/2024,15:02:23,1460,1457.25,120,1465.8,240,0,200
FINNIFTY02JAN2419900CE.NFO,02/01/2024,15:02:31,1460,1457.25,120,1464.2,40,0,200
FINNIFTY02JAN2419900CE.NFO,02/01/2024,15:02:39,1460,1457.25,120,1464.1,160,0,200
FINNIFTY02JAN2419900CE.NFO,02/01/2024,15:03:57,1460,1458.6,120,1464.15,160,0,200
FINNIFTY02JAN2419900CE.NFO,02/01/2024,15:04:05,1460,1462.15,120,1468.3,400,0,200
FINNIFTY02JAN2419900CE.NFO,02/01/2024,15:04:21,1460,1460.95,120,1467.8,240,0,200
FINNIFTY02JAN2419900CE.NFO,02/01/2024,15:04:37,1460,1459.15,120,1467.15,40,0,200
FINNIFTY02JAN2419900CE.NFO,02/01/2024,15:04:44,1460,1459.15,120,1467.1,160,0,200
FINNIFTY02JAN2419900CE.NFO,02/01/2024,15:04:51,1460,1461.75,120,1467.05,160,0,200
FINNIFTY02JAN2419900CE.NFO,02/01/2024,15:05:08,1460,1463.2,120,1467.1,120,0,200
FINNIFTY02JAN2419900CE.NFO,02/01/2024,15:05:33,1460,1460.45,120,1467.05,120,0,200
FINNIFTY02JAN2419900CE.NFO,02/01/2024,15:06:12,1460,1458.15,120,1467.05,240,0,200
FINNIFTY02JAN2419900CE.NFO,02/01/2024,15:06:21,1460,1453.9,520,1462.4,240,0,200
FINNIFTY02JAN2419900CE.NFO,02/01/2024,15:06:29,1460,1451.7,120,1462.25,240,0,200
FINNIFTY02JAN2419900CE.NFO,02/01/2024,15:06:37,1460,1450.85,400,1461.85,40,0,200
FINNIFTY02JAN2419900CE.NFO,02/01/2024,15:07:08,1460,1452.95,40,1459.65,40,0,200
FINNIFTY02JAN2419900CE.NFO,02/01/2024,15:07:17,1460,1450.9,120,1456,120,0,200
FINNIFTY02JAN2419900CE.NFO,02/01/2024,15:07:26,1460,1448.6,160,1454.7,120,0,200
FINNIFTY02JAN2419900CE.NFO,02/01/2024,15:07:35,1460,1447.1,40,1454.55,80,0,200
FINNIFTY02JAN2419900CE.NFO,02/01/2024,15:07:45,1460,1440.1,280,1454.5,80,0,200
FINNIFTY02JAN2419900CE.NFO,02/01/2024,15:08:05,1460,1436.4,120,1454.5,80,0,200
FINNIFTY02JAN2419900CE.NFO,02/01/2024,15:08:16,1460,1436.7,40,1454.5,80,0,200
FINNIFTY02JAN2419900CE.NFO,02/01/2024,15:08:26,1460,1439.15,40,1454.5,80,0,200
FINNIFTY02JAN2419900CE.NFO,02/01/2024,15:08:34,1460,1439.25,160,1454.5,80,0,200
FINNIFTY02JAN2419900CE.NFO,02/01/2024,15:09:02,1460,1439.25,160,1454.55,80,0,200
FINNIFTY02JAN2419900CE.NFO,02/01/2024,15:09:31,1460,1439.25,160,1454.5,80,0,200
FINNIFTY02JAN2419900CE.NFO,02/01/2024,15:10:02,1460,1439.2,160,1454.5,80,0,200
FINNIFTY02JAN2419900CE.NFO,02/01/2024,15:10:13,1460,1435.6,160,1454.5,80,0,200
FINNIFTY02JAN2419900CE.NFO,02/01/2024,15:10:33,1460,1435.6,160,1454.55,80,0,200
FINNIFTY02JAN2419900CE.NFO,02/01/2024,15:10:45,1460,1435.75,120,1454.5,80,0,200
FINNIFTY02JAN2419900CE.NFO,02/01/2024,15:10:55,1460,1436.4,40,1454.5,80,0,200
FINNIFTY02JAN2419900CE.NFO,02/01/2024,15:11:05,1460,1436.6,40,1454.5,80,0,200
FINNIFTY02JAN2419900CE.NFO,02/01/2024,15:11:24,1460,1437.1,40,1454.5,80,0,200
FINNIFTY02JAN2419900CE.NFO,02/01/2024,15:11:34,1460,1438.25,40,1454.5,80,0,200
FINNIFTY02JAN2419900CE.NFO,02/01/2024,15:11:44,1460,1441.55,40,1454.5,80,0,200
FINNIFTY02JAN2419900CE.NFO,02/01/2024,15:11:53,1460,1387.6,880,1454.5,80,0,200
FINNIFTY02JAN2419900CE.NFO,02/01/2024,15:13:11,1460,1387.65,400,1454.5,80,0,200
FINNIFTY02JAN2419900CE.NFO,02/01/2024,15:14:26,1460,1387.65,400,1449.2,240,0,200
FINNIFTY02JAN2419900CE.NFO,02/01/2024,15:14:36,1460,1387.65,400,1448.9,80,0,200
FINNIFTY02JAN2419900CE.NFO,02/01/2024,15:14:45,1460,1387.65,400,1450.65,360,0,200
FINNIFTY02JAN2419900CE.NFO,02/01/2024,15:14:53,1460,1387.65,400,1451.85,480,0,200
FINNIFTY02JAN2419900CE.NFO,02/01/2024,15:15:01,1460,1353.45,400,1451.8,40,0,200
FINNIFTY02JAN2419900CE.NFO,02/01/2024,15:15:09,1460,1353.75,400,1451.35,120,0,200
FINNIFTY02JAN2419900CE.NFO,02/01/2024,15:15:18,1460,1354.05,400,1452.1,120,0,200
FINNIFTY02JAN2419900CE.NFO,02/01/2024,15:15:27,1460,1354.25,400,1449.95,120,0,200
FINNIFTY02JAN2419900CE.NFO,02/01/2024,15:15:36,1460,1354.45,400,1450.35,120,0,200
FINNIFTY02JAN2419900CE.NFO,02/01/2024,15:16:09,1460,1354.55,240,1449.25,240,0,200
FINNIFTY02JAN2419900CE.NFO,02/01/2024,15:16:18,1460,1355.05,400,1449.25,240,0,200
FINNIFTY02JAN2419900CE.NFO,02/01/2024,15:16:28,1460,1355.15,400,1449.25,240,0,200
FINNIFTY02JAN2419900CE.NFO,02/01/2024,15:16:47,1460,1355.35,40,1449.2,360,0,200
FINNIFTY02JAN2419900CE.NFO,02/01/2024,15:16:56,1460,1355.7,40,1449.15,80,0,200
FINNIFTY02JAN2419900CE.NFO,02/01/2024,15:17:05,1460,1355.7,40,1449.1,40,0,200
FINNIFTY02JAN2419900CE.NFO,02/01/2024,15:17:15,1460,1355.7,40,1449.05,40,0,200
FINNIFTY02JAN2419900CE.NFO,02/01/2024,15:17:24,1460,1355.7,40,1449.15,40,0,200
FINNIFTY02JAN2419900CE.NFO,02/01/2024,15:17:33,1460,1356.1,400,1449.15,40,0,200
FINNIFTY02JAN2419900CE.NFO,02/01/2024,15:17:42,1460,1356.7,400,1449.25,240,0,200
FINNIFTY02JAN2419900CE.NFO,02/01/2024,15:17:52,1460,1357.2,40,1449.25,240,0,200
FINNIFTY02JAN2419900CE.NFO,02/01/2024,15:18:00,1460,1357.6,40,1449.25,240,0,200
FINNIFTY02JAN2419900CE.NFO,02/01/2024,15:18:08,1460,1358,400,1660.85,760,0,200
FINNIFTY02JAN2419900CE.NFO,02/01/2024,15:18:16,1460,1358.5,120,1660.85,760,0,200
FINNIFTY02JAN2419900CE.NFO,02/01/2024,15:18:33,1460,1358.6,400,1660.85,760,0,200
FINNIFTY02JAN2419900CE.NFO,02/01/2024,15:18:41,1460,1358.9,400,1660.75,240,0,200
FINNIFTY02JAN2419900CE.NFO,02/01/2024,15:18:50,1460,1359.8,240,1660.75,240,0,200
FINNIFTY02JAN2419900CE.NFO,02/01/2024,15:18:58,1460,1360,40,1660.75,240,0,200
FINNIFTY02JAN2419900CE.NFO,02/01/2024,15:19:22,1460,1360,40,1660.8,120,0,200
FINNIFTY02JAN2419900CE.NFO,02/01/2024,15:19:30,1460,1360.1,240,1660.7,240,0,200
FINNIFTY02JAN2419900CE.NFO,02/01/2024,15:24:38,1460,1360.1,240,1660.2,40,0,200
FINNIFTY02JAN2419900CE.NFO,02/01/2024,15:24:48,1460,1360.5,40,1658.65,40,0,200
FINNIFTY02JAN2419900CE.NFO,02/01/2024,15:24:57,1460,1360.5,40,1658.55,40,0,200
FINNIFTY02JAN2419900CE.NFO,02/01/2024,15:25:07,1460,1360.4,80,1658.55,400,0,200
FINNIFTY02JAN2419900CE.NFO,02/01/2024,15:25:27,1460,1360.4,80,1658.25,400,0,200
FINNIFTY02JAN2419900CE.NFO,02/01/2024,15:25:37,1460,1360.4,80,1657.45,40,0,200
FINNIFTY02JAN2419900CE.NFO,02/01/2024,15:25:47,1460,1360.35,40,1657.1,1600,0,200
FINNIFTY02JAN2419900CE.NFO,02/01/2024,15:27:15,1460,1360.35,240,1657,240,0,200
FINNIFTY02JAN2419900CE.NFO,02/01/2024,15:27:24,1460,1360.35,240,1656.95,1600,0,200
FINNIFTY02JAN2419900CE.NFO,02/01/2024,15:27:41,1460,1360.25,1600,1656.95,1600,0,200
