Ticker,Date,Time,LTP,BuyPrice,BuyQty,SellPrice,SellQty,LTQ,OpenInterest
FINNIFTY02JAN2420150PE.NFO,02/01/2024,09:15:02,0.2,0.2,11400,0.45,480,1200,30160
FINNIFTY02JAN2420150PE.NFO,02/01/2024,09:15:02,0.2,0.2,11400,0.45,480,0,30160
FINNIFTY02JAN2420150PE.NFO,02/01/2024,09:15:02,0.2,0.2,11400,0.45,480,0,30160
FINNIFTY02JAN2420150PE.NFO,02/01/2024,09:15:02,0.2,0.2,11400,0.45,480,0,30160
FINNIFTY02JAN2420150PE.NFO,02/01/2024,09:15:16,0.2,0.2,11400,0.35,2320,0,30160
FINNIFTY02JAN2420150PE.NFO,02/01/2024,09:15:28,0.25,0.2,9200,0.35,2720,3640,30160
FINNIFTY02JAN2420150PE.NFO,02/01/2024,09:15:28,0.25,0.2,9200,0.35,2720,0,30160
FINNIFTY02JAN2420150PE.NFO,02/01/2024,09:15:39,0.25,0.25,40,0.35,2800,200,30160
FINNIFTY02JAN2420150PE.NFO,02/01/2024,09:15:50,0.25,0.25,200,0.35,2720,120,30160
FINNIFTY02JAN2420150PE.NFO,02/01/2024,09:16:00,0.25,0.25,40,0.35,2800,5960,30160
FINNIFTY02JAN2420150PE.NFO,02/01/2024,09:16:00,0.3,0.25,40,0.35,2800,0,30160
FINNIFTY02JAN2420150PE.NFO,02/01/2024,09:16:12,0.25,0.25,120,0.35,2800,2640,30160
FINNIFTY02JAN2420150PE.NFO,02/01/2024,09:16:22,0.25,0.2,17960,0.25,2520,560,30160
FINNIFTY02JAN2420150PE.NFO,02/01/2024,09:16:31,0.25,0.2,20120,0.25,1920,800,30160
FINNIFTY02JAN2420150PE.NFO,02/01/2024,09:16:41,0.25,0.2,20120,0.25,2000,0,30160
FINNIFTY02JAN2420150PE.NFO,02/01/2024,09:16:50,0.25,0.2,20240,0.25,2000,0,30160
FINNIFTY02JAN2420150PE.NFO,02/01/2024,09:17:00,0.25,0.25,240,0.3,8840,2760,30160
FINNIFTY02JAN2420150PE.NFO,02/01/2024,09:17:10,0.25,0.2,19520,0.25,5600,400,30160
FINNIFTY02JAN2420150PE.NFO,02/01/2024,09:17:19,0.25,0.2,19520,0.25,5760,0,30160
FINNIFTY02JAN2420150PE.NFO,02/01/2024,09:17:29,0.25,0.2,19640,0.25,2840,0,30160
FINNIFTY02JAN2420150PE.NFO,02/01/2024,09:17:39,0.25,0.25,40,0.3,7520,2840,36120
FINNIFTY02JAN2420150PE.NFO,02/01/2024,09:17:48,0.25,0.2,64520,0.25,1760,40,36120
FINNIFTY02JAN2420150PE.NFO,02/01/2024,09:17:58,0.25,0.2,64520,0.25,2200,0,36120
FINNIFTY02JAN2420150PE.NFO,02/01/2024,09:18:07,0.25,0.2,21800,0.25,2200,0,36120
FINNIFTY02JAN2420150PE.NFO,02/01/2024,09:18:17,0.25,0.2,30120,0.25,2200,0,36120
FINNIFTY02JAN2420150PE.NFO,02/01/2024,09:18:26,0.25,0.25,40,0.3,12560,2200,36120
FINNIFTY02JAN2420150PE.NFO,02/01/2024,09:18:36,0.25,0.2,53560,0.25,280,1240,36120
FINNIFTY02JAN2420150PE.NFO,02/01/2024,09:18:46,0.25,0.25,40,0.3,12680,0,36120
FINNIFTY02JAN2420150PE.NFO,02/01/2024,09:18:55,0.25,0.25,1000,0.3,13800,0,36120
FINNIFTY02JAN2420150PE.NFO,02/01/2024,09:19:15,0.25,0.25,1000,0.3,12000,0,36120
FINNIFTY02JAN2420150PE.NFO,02/01/2024,09:19:55,0.3,0.25,1000,0.3,13240,400,36120
FINNIFTY02JAN2420150PE.NFO,02/01/2024,09:20:06,0.3,0.25,2280,0.3,13480,0,36120
FINNIFTY02JAN2420150PE.NFO,02/01/2024,09:20:16,0.3,0.25,2280,0.3,15800,0,36120
FINNIFTY02JAN2420150PE.NFO,02/01/2024,09:20:26,0.25,0.25,2160,0.3,14600,120,36120
FINNIFTY02JAN2420150PE.NFO,02/01/2024,09:20:36,0.3,0.25,2160,0.3,14480,120,37280
FINNIFTY02JAN2420150PE.NFO,02/01/2024,09:20:45,0.3,0.25,3840,0.3,13800,680,37280
FINNIFTY02JAN2420150PE.NFO,02/01/2024,09:20:55,0.3,0.25,5000,0.3,15160,240,37280
FINNIFTY02JAN2420150PE.NFO,02/01/2024,09:21:04,0.3,0.25,5000,0.3,14680,240,37280
FINNIFTY02JAN2420150PE.NFO,02/01/2024,09:21:14,0.3,0.25,5000,0.3,14440,240,37280
FINNIFTY02JAN2420150PE.NFO,02/01/2024,09:21:25,0.3,0.25,19760,0.3,13960,600,37280
FINNIFTY02JAN2420150PE.NFO,02/01/2024,09:21:35,0.3,0.25,19760,0.3,10400,160,37280
FINNIFTY02JAN2420150PE.NFO,02/01/2024,09:21:45,0.3,0.25,30320,0.3,10520,360,37280
FINNIFTY02JAN2420150PE.NFO,02/01/2024,09:21:55,0.3,0.25,30480,0.3,10920,1440,37280
FINNIFTY02JAN2420150PE.NFO,02/01/2024,09:22:06,0.3,0.25,30680,0.3,10640,280,37280
FINNIFTY02JAN2420150PE.NFO,02/01/2024,09:22:18,0.3,0.25,30880,0.3,10600,400,37280
FINNIFTY02JAN2420150PE.NFO,02/01/2024,09:22:30,0.3,0.25,30680,0.3,10400,600,37280
FINNIFTY02JAN2420150PE.NFO,02/01/2024,09:22:40,0.3,0.25,30680,0.3,8400,200,37280
FINNIFTY02JAN2420150PE.NFO,02/01/2024,09:22:50,0.3,0.25,30680,0.3,8400,0,37280
FINNIFTY02JAN2420150PE.NFO,02/01/2024,09:23:47,0.3,0.25,30680,0.3,14920,400,37280
FINNIFTY02JAN2420150PE.NFO,02/01/2024,09:24:05,0.3,0.25,31080,0.3,16720,0,37280
FINNIFTY02JAN2420150PE.NFO,02/01/2024,09:24:14,0.3,0.25,31080,0.3,18600,120,37280
FINNIFTY02JAN2420150PE.NFO,02/01/2024,09:24:34,0.3,0.25,31080,0.3,18600,0,37280
FINNIFTY02JAN2420150PE.NFO,02/01/2024,09:24:45,0.25,0.25,30720,0.3,18600,360,37280
FINNIFTY02JAN2420150PE.NFO,02/01/2024,09:24:54,0.25,0.25,30360,0.3,18600,360,37280
FINNIFTY02JAN2420150PE.NFO,02/01/2024,09:25:05,0.25,0.25,31520,0.3,16800,640,37280
FINNIFTY02JAN2420150PE.NFO,02/01/2024,09:25:16,0.25,0.25,31200,0.3,18600,320,37280
FINNIFTY02JAN2420150PE.NFO,02/01/2024,09:25:26,0.25,0.25,30880,0.3,18600,320,37280
FINNIFTY02JAN2420150PE.NFO,02/01/2024,09:25:36,0.25,0.25,30480,0.3,18600,400,37280
FINNIFTY02JAN2420150PE.NFO,02/01/2024,09:25:46,0.25,0.25,28480,0.3,16560,2000,37280
FINNIFTY02JAN2420150PE.NFO,02/01/2024,09:25:55,0.25,0.25,27720,0.3,18360,760,37280
FINNIFTY02JAN2420150PE.NFO,02/01/2024,09:26:06,0.25,0.25,27360,0.3,18360,360,37280
FINNIFTY02JAN2420150PE.NFO,02/01/2024,09:26:15,0.25,0.25,27000,0.3,16800,360,37280
FINNIFTY02JAN2420150PE.NFO,02/01/2024,09:26:26,0.25,0.25,23960,0.3,11960,1960,37280
FINNIFTY02JAN2420150PE.NFO,02/01/2024,09:26:36,0.25,0.25,23960,0.3,11960,0,37280
FINNIFTY02JAN2420150PE.NFO,02/01/2024,09:26:46,0.25,0.25,23880,0.3,10200,80,35960
FINNIFTY02JAN2420150PE.NFO,02/01/2024,09:26:57,0.3,0.25,23880,0.3,10320,120,35960
FINNIFTY02JAN2420150PE.NFO,02/01/2024,09:27:07,0.3,0.25,23840,0.3,12320,1080,35960
FINNIFTY02JAN2420150PE.NFO,02/01/2024,09:27:18,0.3,0.25,23880,0.3,11560,1000,35960
FINNIFTY02JAN2420150PE.NFO,02/01/2024,09:27:28,0.3,0.25,25280,0.3,10680,680,35960
FINNIFTY02JAN2420150PE.NFO,02/01/2024,09:27:37,0.3,0.25,25240,0.3,9960,720,35960
FINNIFTY02JAN2420150PE.NFO,02/01/2024,09:27:47,0.3,0.25,25240,0.3,9920,280,35960
FINNIFTY02JAN2420150PE.NFO,02/01/2024,09:27:57,0.3,0.25,25240,0.3,9600,80,35960
FINNIFTY02JAN2420150PE.NFO,02/01/2024,09:28:17,0.3,0.25,25240,0.3,13320,0,35960
FINNIFTY02JAN2420150PE.NFO,02/01/2024,09:31:20,0.3,0.25,25240,0.3,13160,0,35960
FINNIFTY02JAN2420150PE.NFO,02/01/2024,09:31:39,0.3,0.25,25240,0.3,13200,0,35960
FINNIFTY02JAN2420150PE.NFO,02/01/2024,09:31:49,0.3,0.25,25240,0.3,13080,0,35960
FINNIFTY02JAN2420150PE.NFO,02/01/2024,09:32:18,0.3,0.25,25240,0.3,13200,120,38000
FINNIFTY02JAN2420150PE.NFO,02/01/2024,09:32:28,0.3,0.25,25240,0.3,13200,0,38000
FINNIFTY02JAN2420150PE.NFO,02/01/2024,09:32:58,0.3,0.25,25480,0.3,13400,40,38120
FINNIFTY02JAN2420150PE.NFO,02/01/2024,09:33:07,0.3,0.25,25480,0.3,13400,0,38120
FINNIFTY02JAN2420150PE.NFO,02/01/2024,09:33:17,0.3,0.25,25480,0.3,13320,80,38120
FINNIFTY02JAN2420150PE.NFO,02/01/2024,09:33:27,0.3,0.25,25480,0.3,13240,80,38120
FINNIFTY02JAN2420150PE.NFO,02/01/2024,09:34:41,0.3,0.25,25480,0.3,15360,0,38120
FINNIFTY02JAN2420150PE.NFO,02/01/2024,09:34:50,0.3,0.25,25080,0.3,15600,0,38120
FINNIFTY02JAN2420150PE.NFO,02/01/2024,09:35:37,0.3,0.25,25080,0.3,18080,0,38120
FINNIFTY02JAN2420150PE.NFO,02/01/2024,09:35:46,0.3,0.25,25080,0.3,16720,1600,38320
FINNIFTY02JAN2420150PE.NFO,02/01/2024,09:35:56,0.3,0.25,25080,0.3,16360,120,38320
FINNIFTY02JAN2420150PE.NFO,02/01/2024,09:36:05,0.3,0.25,25080,0.3,16160,200,38320
FINNIFTY02JAN2420150PE.NFO,02/01/2024,09:36:24,0.3,0.25,25080,0.3,15920,240,38320
FINNIFTY02JAN2420150PE.NFO,02/01/2024,09:36:33,0.3,0.25,25080,0.3,15720,200,38320
FINNIFTY02JAN2420150PE.NFO,02/01/2024,09:36:43,0.3,0.25,25080,0.3,16160,0,38320
FINNIFTY02JAN2420150PE.NFO,02/01/2024,09:37:36,0.3,0.25,25080,0.3,16000,160,38320
FINNIFTY02JAN2420150PE.NFO,02/01/2024,09:37:45,0.3,0.25,25080,0.3,16000,0,38320
FINNIFTY02JAN2420150PE.NFO,02/01/2024,09:37:53,0.3,0.25,25080,0.3,16040,0,38320
FINNIFTY02JAN2420150PE.NFO,02/01/2024,09:38:02,0.3,0.25,25080,0.3,16120,0,38320
FINNIFTY02JAN2420150PE.NFO,02/01/2024,09:38:10,0.3,0.25,25080,0.3,16000,0,38320
FINNIFTY02JAN2420150PE.NFO,02/01/2024,09:38:29,0.25,0.25,24840,0.3,16240,240,38320
FINNIFTY02JAN2420150PE.NFO,02/01/2024,09:38:38,0.25,0.25,24560,0.3,16000,280,37040
FINNIFTY02JAN2420150PE.NFO,02/01/2024,09:38:48,0.25,0.25,24400,0.3,16000,160,37040
FINNIFTY02JAN2420150PE.NFO,02/01/2024,09:38:57,0.25,0.25,24160,0.3,16240,240,37040
FINNIFTY02JAN2420150PE.NFO,02/01/2024,09:39:07,0.25,0.25,23720,0.3,16000,440,37040
FINNIFTY02JAN2420150PE.NFO,02/01/2024,09:39:16,0.25,0.25,23040,0.3,17800,680,37040
FINNIFTY02JAN2420150PE.NFO,02/01/2024,09:39:35,0.3,0.25,23040,0.3,17680,120,37040
FINNIFTY02JAN2420150PE.NFO,02/01/2024,09:40:05,0.25,0.25,22840,0.3,17680,200,37040
FINNIFTY02JAN2420150PE.NFO,02/01/2024,09:40:16,0.25,0.25,22840,0.3,16480,0,37040
FINNIFTY02JAN2420150PE.NFO,02/01/2024,09:40:26,0.25,0.25,22320,0.3,16480,520,37040
FINNIFTY02JAN2420150PE.NFO,02/01/2024,09:40:36,0.25,0.25,22040,0.3,16480,280,37040
FINNIFTY02JAN2420150PE.NFO,02/01/2024,09:40:47,0.25,0.25,21800,0.3,19800,240,37040
FINNIFTY02JAN2420150PE.NFO,02/01/2024,09:40:57,0.3,0.25,20280,0.3,21560,1560,37040
FINNIFTY02JAN2420150PE.NFO,02/01/2024,09:41:08,0.3,0.25,20280,0.3,22760,0,37040
FINNIFTY02JAN2420150PE.NFO,02/01/2024,09:41:18,0.3,0.25,20280,0.3,21560,0,37040
FINNIFTY02JAN2420150PE.NFO,02/01/2024,09:41:37,0.25,0.25,18760,0.3,23360,1520,38560
FINNIFTY02JAN2420150PE.NFO,02/01/2024,09:41:57,0.25,0.25,7000,0.3,23360,0,38560
FINNIFTY02JAN2420150PE.NFO,02/01/2024,09:42:06,0.25,0.25,6800,0.3,23360,200,38560
FINNIFTY02JAN2420150PE.NFO,02/01/2024,09:42:17,0.25,0.25,6800,0.3,20360,0,38560
FINNIFTY02JAN2420150PE.NFO,02/01/2024,09:42:35,0.25,0.25,5280,0.3,20320,1560,38560
FINNIFTY02JAN2420150PE.NFO,02/01/2024,09:42:44,0.25,0.25,4080,0.3,22120,1200,38560
FINNIFTY02JAN2420150PE.NFO,02/01/2024,09:43:03,0.25,0.25,3840,0.3,22120,1520,38560
FINNIFTY02JAN2420150PE.NFO,02/01/2024,09:43:24,0.25,0.25,3800,0.3,22120,40,38560
FINNIFTY02JAN2420150PE.NFO,02/01/2024,09:43:34,0.25,0.2,53800,0.25,5520,8080,38560
FINNIFTY02JAN2420150PE.NFO,02/01/2024,09:43:53,0.25,0.2,43320,0.25,3120,2040,38560
FINNIFTY02JAN2420150PE.NFO,02/01/2024,09:44:12,0.25,0.2,46080,0.25,4520,720,38560
FINNIFTY02JAN2420150PE.NFO,02/01/2024,09:44:21,0.25,0.2,46080,0.25,7440,400,38560
FINNIFTY02JAN2420150PE.NFO,02/01/2024,09:44:30,0.2,0.2,62080,0.25,7440,200,38560
FINNIFTY02JAN2420150PE.NFO,02/01/2024,09:44:39,0.25,0.2,62080,0.25,9880,1000,35680
FINNIFTY02JAN2420150PE.NFO,02/01/2024,09:44:58,0.2,0.2,64040,0.25,8520,120,35680
FINNIFTY02JAN2420150PE.NFO,02/01/2024,09:45:07,0.2,0.2,65160,0.25,9920,1160,35680
FINNIFTY02JAN2420150PE.NFO,02/01/2024,09:45:16,0.2,0.2,65080,0.25,9920,80,35680
FINNIFTY02JAN2420150PE.NFO,02/01/2024,09:45:26,0.2,0.2,65040,0.25,9920,40,35680
FINNIFTY02JAN2420150PE.NFO,02/01/2024,09:45:35,0.2,0.2,65040,0.25,9920,0,35680
FINNIFTY02JAN2420150PE.NFO,02/01/2024,09:45:45,0.25,0.2,65400,0.25,8240,40,35680
FINNIFTY02JAN2420150PE.NFO,02/01/2024,09:46:04,0.2,0.2,65360,0.25,9880,400,35680
FINNIFTY02JAN2420150PE.NFO,02/01/2024,09:46:14,0.25,0.2,67640,0.25,11240,1160,35680
FINNIFTY02JAN2420150PE.NFO,02/01/2024,09:46:24,0.25,0.2,73000,0.25,10800,600,35680
FINNIFTY02JAN2420150PE.NFO,02/01/2024,09:46:34,0.25,0.2,73000,0.25,10800,240,35680
FINNIFTY02JAN2420150PE.NFO,02/01/2024,09:46:43,0.25,0.2,73000,0.25,10360,200,35680
FINNIFTY02JAN2420150PE.NFO,02/01/2024,09:46:52,0.25,0.2,73000,0.25,10200,160,35680
FINNIFTY02JAN2420150PE.NFO,02/01/2024,09:47:11,0.25,0.2,72840,0.25,10000,360,35680
FINNIFTY02JAN2420150PE.NFO,02/01/2024,09:47:47,0.2,0.2,72800,0.25,10000,40,34440
FINNIFTY02JAN2420150PE.NFO,02/01/2024,09:47:56,0.2,0.2,72520,0.25,10000,280,34440
FINNIFTY02JAN2420150PE.NFO,02/01/2024,09:48:06,0.2,0.2,72280,0.25,10000,240,34440
FINNIFTY02JAN2420150PE.NFO,02/01/2024,09:48:15,0.25,0.25,13800,0.3,8720,7440,34440
FINNIFTY02JAN2420150PE.NFO,02/01/2024,09:48:23,0.25,0.25,13680,0.3,8720,120,34440
FINNIFTY02JAN2420150PE.NFO,02/01/2024,09:48:32,0.25,0.25,14240,0.3,11680,440,34440
FINNIFTY02JAN2420150PE.NFO,02/01/2024,09:48:42,0.25,0.2,74400,0.25,200,2520,34440
FINNIFTY02JAN2420150PE.NFO,02/01/2024,09:48:51,0.25,0.2,74480,0.3,9960,240,34440
FINNIFTY02JAN2420150PE.NFO,02/01/2024,09:49:00,0.25,0.25,880,0.3,10120,200,34440
FINNIFTY02JAN2420150PE.NFO,02/01/2024,09:49:10,0.25,0.25,3000,0.3,10040,400,34440
FINNIFTY02JAN2420150PE.NFO,02/01/2024,09:49:19,0.3,0.25,2920,0.3,10000,40,34440
FINNIFTY02JAN2420150PE.NFO,02/01/2024,09:49:29,0.25,0.25,1840,0.3,10000,120,34440
FINNIFTY02JAN2420150PE.NFO,02/01/2024,09:49:56,0.25,0.2,71760,0.3,10080,160,34440
FINNIFTY02JAN2420150PE.NFO,02/01/2024,09:50:05,0.2,0.2,73480,0.25,40,40,34440
FINNIFTY02JAN2420150PE.NFO,02/01/2024,09:50:14,0.2,0.2,73320,0.3,7240,120,34440
FINNIFTY02JAN2420150PE.NFO,02/01/2024,09:50:23,0.25,0.25,10960,0.3,10360,80,34440
FINNIFTY02JAN2420150PE.NFO,02/01/2024,09:50:31,0.25,0.25,2040,0.3,8560,80,34440
FINNIFTY02JAN2420150PE.NFO,02/01/2024,09:50:41,0.25,0.2,72520,0.25,40,600,36480
FINNIFTY02JAN2420150PE.NFO,02/01/2024,09:50:50,0.25,0.2,74320,0.3,8640,40,36480
FINNIFTY02JAN2420150PE.NFO,02/01/2024,09:50:58,0.25,0.2,74240,0.3,8560,0,36480
FINNIFTY02JAN2420150PE.NFO,02/01/2024,09:51:28,0.25,0.2,72520,0.3,8560,40,36480
FINNIFTY02JAN2420150PE.NFO,02/01/2024,09:51:37,0.25,0.2,73880,0.25,240,1600,36480
FINNIFTY02JAN2420150PE.NFO,02/01/2024,09:51:47,0.25,0.2,75680,0.25,200,40,36480
FINNIFTY02JAN2420150PE.NFO,02/01/2024,09:53:08,0.25,0.2,77480,0.25,200,40,36480
FINNIFTY02JAN2420150PE.NFO,02/01/2024,09:53:18,0.25,0.25,5520,0.3,8480,400,36480
FINNIFTY02JAN2420150PE.NFO,02/01/2024,09:53:27,0.25,0.25,1840,0.3,8200,400,36480
FINNIFTY02JAN2420150PE.NFO,02/01/2024,09:53:36,0.25,0.25,20040,0.3,7600,1000,36480
FINNIFTY02JAN2420150PE.NFO,02/01/2024,09:53:46,0.3,0.25,33440,0.3,7880,160,36480
FINNIFTY02JAN2420150PE.NFO,02/01/2024,09:53:55,0.25,0.25,35000,0.3,7840,120,36480
FINNIFTY02JAN2420150PE.NFO,02/01/2024,09:54:04,0.25,0.25,34880,0.3,7360,200,36480
FINNIFTY02JAN2420150PE.NFO,02/01/2024,09:54:31,0.25,0.25,37600,0.3,7120,520,36480
FINNIFTY02JAN2420150PE.NFO,02/01/2024,09:54:40,0.25,0.25,37400,0.3,7120,200,36480
FINNIFTY02JAN2420150PE.NFO,02/01/2024,09:54:50,0.25,0.25,36360,0.3,7120,1040,36480
FINNIFTY02JAN2420150PE.NFO,02/01/2024,09:55:01,0.25,0.25,37000,0.3,7120,720,36480
FINNIFTY02JAN2420150PE.NFO,02/01/2024,09:55:12,0.25,0.25,32800,0.3,8920,1040,36480
FINNIFTY02JAN2420150PE.NFO,02/01/2024,09:55:22,0.25,0.25,32320,0.3,8920,480,36480
FINNIFTY02JAN2420150PE.NFO,02/01/2024,09:55:42,0.3,0.25,33720,0.3,8320,1000,36480
FINNIFTY02JAN2420150PE.NFO,02/01/2024,09:55:52,0.25,0.25,30360,0.3,8320,200,36480
FINNIFTY02JAN2420150PE.NFO,02/01/2024,09:56:04,0.3,0.25,32640,0.3,8240,960,36480
FINNIFTY02JAN2420150PE.NFO,02/01/2024,09:56:16,0.3,0.25,31800,0.3,7760,1320,36480
FINNIFTY02JAN2420150PE.NFO,02/01/2024,09:56:29,0.25,0.25,21400,0.3,7760,360,36480
FINNIFTY02JAN2420150PE.NFO,02/01/2024,09:56:41,0.25,0.25,20760,0.3,13800,640,34800
FINNIFTY02JAN2420150PE.NFO,02/01/2024,09:56:53,0.25,0.25,17000,0.3,15880,2000,34800
FINNIFTY02JAN2420150PE.NFO,02/01/2024,09:57:05,0.2,0.2,70640,0.25,10680,3040,34800
FINNIFTY02JAN2420150PE.NFO,02/01/2024,09:57:18,0.25,0.2,72760,0.25,15880,2000,34800
FINNIFTY02JAN2420150PE.NFO,02/01/2024,09:57:31,0.25,0.2,72760,0.25,9960,2320,34800
FINNIFTY02JAN2420150PE.NFO,02/01/2024,09:57:43,0.2,0.2,71800,0.25,16880,2200,34800
FINNIFTY02JAN2420150PE.NFO,02/01/2024,09:57:54,0.2,0.2,70720,0.25,16880,1040,34800
FINNIFTY02JAN2420150PE.NFO,02/01/2024,09:58:05,0.2,0.2,72560,0.25,16880,0,34800
FINNIFTY02JAN2420150PE.NFO,02/01/2024,09:58:16,0.25,0.2,71920,0.25,17280,680,34800
FINNIFTY02JAN2420150PE.NFO,02/01/2024,09:58:28,0.25,0.2,71480,0.25,18920,720,34800
FINNIFTY02JAN2420150PE.NFO,02/01/2024,09:58:41,0.25,0.2,71440,0.25,20440,520,34800
FINNIFTY02JAN2420150PE.NFO,02/01/2024,09:58:51,0.25,0.2,71440,0.25,12880,40,34800
FINNIFTY02JAN2420150PE.NFO,02/01/2024,09:59:02,0.25,0.2,69440,0.25,18600,360,34800
FINNIFTY02JAN2420150PE.NFO,02/01/2024,09:59:13,0.25,0.2,69440,0.25,12480,40,34800
FINNIFTY02JAN2420150PE.NFO,02/01/2024,09:59:26,0.25,0.2,64040,0.25,12480,0,34800
FINNIFTY02JAN2420150PE.NFO,02/01/2024,09:59:37,0.25,0.2,70240,0.25,11880,600,35520
FINNIFTY02JAN2420150PE.NFO,02/01/2024,09:59:59,0.25,0.2,70240,0.25,11840,280,35520
FINNIFTY02JAN2420150PE.NFO,02/01/2024,10:00:10,0.25,0.2,70160,0.25,17520,440,35520
FINNIFTY02JAN2420150PE.NFO,02/01/2024,10:00:22,0.25,0.2,70160,0.25,17160,360,35520
FINNIFTY02JAN2420150PE.NFO,02/01/2024,10:00:35,0.25,0.2,70160,0.25,17160,0,35520
FINNIFTY02JAN2420150PE.NFO,02/01/2024,10:01:08,0.2,0.2,69920,0.25,18960,240,35520
FINNIFTY02JAN2420150PE.NFO,02/01/2024,10:01:19,0.2,0.2,69480,0.25,18760,440,35520
FINNIFTY02JAN2420150PE.NFO,02/01/2024,10:01:31,0.2,0.2,69320,0.25,20320,160,35520
FINNIFTY02JAN2420150PE.NFO,02/01/2024,10:01:41,0.2,0.2,68520,0.25,20320,800,35520
FINNIFTY02JAN2420150PE.NFO,02/01/2024,10:01:52,0.2,0.2,68200,0.25,20320,280,35520
FINNIFTY02JAN2420150PE.NFO,02/01/2024,10:02:02,0.2,0.2,67920,0.25,22120,280,35520
FINNIFTY02JAN2420150PE.NFO,02/01/2024,10:02:43,0.2,0.2,67920,0.25,22120,0,35520
FINNIFTY02JAN2420150PE.NFO,02/01/2024,10:03:14,0.2,0.2,67600,0.25,22360,320,37560
FINNIFTY02JAN2420150PE.NFO,02/01/2024,10:03:27,0.2,0.2,67120,0.25,22120,480,37560
FINNIFTY02JAN2420150PE.NFO,02/01/2024,10:03:39,0.25,0.2,67120,0.25,22000,120,37560
FINNIFTY02JAN2420150PE.NFO,02/01/2024,10:03:50,0.2,0.2,66920,0.25,25360,200,37560
FINNIFTY02JAN2420150PE.NFO,02/01/2024,10:04:00,0.2,0.2,66720,0.25,25360,200,37560
FINNIFTY02JAN2420150PE.NFO,02/01/2024,10:04:21,0.2,0.2,66480,0.25,25360,240,37560
FINNIFTY02JAN2420150PE.NFO,02/01/2024,10:04:31,0.2,0.2,66040,0.25,27320,760,37560
FINNIFTY02JAN2420150PE.NFO,02/01/2024,10:04:41,0.25,0.2,66040,0.25,26120,4560,37560
FINNIFTY02JAN2420150PE.NFO,02/01/2024,10:04:52,0.2,0.2,65720,0.25,22880,2000,37560
FINNIFTY02JAN2420150PE.NFO,02/01/2024,10:05:02,0.25,0.2,64560,0.25,26160,1320,37560
FINNIFTY02JAN2420150PE.NFO,02/01/2024,10:05:13,0.25,0.2,64560,0.25,22720,80,37560
FINNIFTY02JAN2420150PE.NFO,02/01/2024,10:05:23,0.25,0.2,64560,0.25,22280,440,37560
FINNIFTY02JAN2420150PE.NFO,02/01/2024,10:05:33,0.25,0.2,64560,0.25,22160,360,37560
FINNIFTY02JAN2420150PE.NFO,02/01/2024,10:05:43,0.2,0.2,52440,0.25,22720,1600,41600
FINNIFTY02JAN2420150PE.NFO,02/01/2024,10:05:53,0.2,0.2,36080,0.25,22440,560,41600
FINNIFTY02JAN2420150PE.NFO,02/01/2024,10:06:03,0.25,0.2,36080,0.25,22040,400,41600
FINNIFTY02JAN2420150PE.NFO,02/01/2024,10:06:24,0.25,0.2,36080,0.25,21680,120,41600
FINNIFTY02JAN2420150PE.NFO,02/01/2024,10:06:34,0.25,0.2,36080,0.25,21160,520,41600
FINNIFTY02JAN2420150PE.NFO,02/01/2024,10:06:44,0.25,0.2,43280,0.25,20800,360,41600
FINNIFTY02JAN2420150PE.NFO,02/01/2024,10:06:55,0.25,0.2,55040,0.25,20760,40,41600
FINNIFTY02JAN2420150PE.NFO,02/01/2024,10:07:16,0.25,0.2,55040,0.25,20400,360,41600
FINNIFTY02JAN2420150PE.NFO,02/01/2024,10:07:26,0.2,0.2,54920,0.25,20400,120,41600
FINNIFTY02JAN2420150PE.NFO,02/01/2024,10:07:37,0.2,0.2,54520,0.25,20400,400,41600
FINNIFTY02JAN2420150PE.NFO,02/01/2024,10:07:48,0.2,0.2,55800,0.25,20400,520,41600
FINNIFTY02JAN2420150PE.NFO,02/01/2024,10:07:58,0.2,0.2,55760,0.25,20400,40,41600
FINNIFTY02JAN2420150PE.NFO,02/01/2024,10:08:08,0.25,0.2,55760,0.25,20400,80,41600
FINNIFTY02JAN2420150PE.NFO,02/01/2024,10:08:18,0.25,0.2,55760,0.25,20320,80,41600
FINNIFTY02JAN2420150PE.NFO,02/01/2024,10:08:28,0.25,0.2,55760,0.25,20200,40,41600
FINNIFTY02JAN2420150PE.NFO,02/01/2024,10:08:38,0.25,0.2,55760,0.25,20080,120,41600
FINNIFTY02JAN2420150PE.NFO,02/01/2024,10:08:48,0.25,0.2,57600,0.25,19560,680,44560
FINNIFTY02JAN2420150PE.NFO,02/01/2024,10:08:58,0.25,0.2,57600,0.25,19480,320,44560
FINNIFTY02JAN2420150PE.NFO,02/01/2024,10:09:08,0.25,0.2,57600,0.25,18680,560,44560
FINNIFTY02JAN2420150PE.NFO,02/01/2024,10:09:37,0.25,0.2,55800,0.25,19600,0,44560
FINNIFTY02JAN2420150PE.NFO,02/01/2024,10:09:57,0.25,0.2,55800,0.25,19200,160,44560
FINNIFTY02JAN2420150PE.NFO,02/01/2024,10:10:07,0.25,0.2,55800,0.25,19040,160,44560
FINNIFTY02JAN2420150PE.NFO,02/01/2024,10:10:17,0.25,0.2,55800,0.25,19240,240,44560
FINNIFTY02JAN2420150PE.NFO,02/01/2024,10:10:26,0.25,0.2,55800,0.25,14640,440,44560
FINNIFTY02JAN2420150PE.NFO,02/01/2024,10:10:36,0.25,0.2,55800,0.25,17560,200,44560
FINNIFTY02JAN2420150PE.NFO,02/01/2024,10:10:46,0.25,0.2,55800,0.25,17440,120,44560
FINNIFTY02JAN2420150PE.NFO,02/01/2024,10:10:56,0.25,0.2,55800,0.25,17280,160,44560
FINNIFTY02JAN2420150PE.NFO,02/01/2024,10:11:16,0.25,0.2,56480,0.25,17720,1800,44560
FINNIFTY02JAN2420150PE.NFO,02/01/2024,10:11:26,0.25,0.2,56480,0.25,17480,240,44560
FINNIFTY02JAN2420150PE.NFO,02/01/2024,10:11:36,0.25,0.2,56880,0.25,17280,200,44560
FINNIFTY02JAN2420150PE.NFO,02/01/2024,10:12:32,0.25,0.2,56880,0.25,17160,120,46800
FINNIFTY02JAN2420150PE.NFO,02/01/2024,10:12:43,0.25,0.2,56880,0.25,16840,320,46800
FINNIFTY02JAN2420150PE.NFO,02/01/2024,10:12:54,0.25,0.2,57360,0.25,19200,360,46800
FINNIFTY02JAN2420150PE.NFO,02/01/2024,10:13:14,0.25,0.2,57360,0.25,19200,0,46800
FINNIFTY02JAN2420150PE.NFO,02/01/2024,10:14:14,0.2,0.2,57000,0.25,19440,360,46800
FINNIFTY02JAN2420150PE.NFO,02/01/2024,10:14:24,0.2,0.2,56680,0.25,19200,320,46800
FINNIFTY02JAN2420150PE.NFO,02/01/2024,10:14:34,0.2,0.2,56400,0.25,19200,280,46800
FINNIFTY02JAN2420150PE.NFO,02/01/2024,10:14:45,0.2,0.2,57800,0.25,20800,600,47480
FINNIFTY02JAN2420150PE.NFO,02/01/2024,10:14:54,0.2,0.2,57560,0.25,19800,1240,47480
FINNIFTY02JAN2420150PE.NFO,02/01/2024,10:15:04,0.2,0.2,55760,0.25,21600,1800,47480
FINNIFTY02JAN2420150PE.NFO,02/01/2024,10:15:14,0.2,0.2,55760,0.25,21600,0,47480
FINNIFTY02JAN2420150PE.NFO,02/01/2024,10:15:24,0.2,0.2,55560,0.25,21600,200,47480
FINNIFTY02JAN2420150PE.NFO,02/01/2024,10:15:34,0.25,0.2,55480,0.25,19800,1880,47480
FINNIFTY02JAN2420150PE.NFO,02/01/2024,10:15:53,0.25,0.2,55480,0.25,19600,200,47480
FINNIFTY02JAN2420150PE.NFO,02/01/2024,10:16:13,0.2,0.2,55400,0.25,19600,80,47480
FINNIFTY02JAN2420150PE.NFO,02/01/2024,10:16:23,0.2,0.2,54680,0.25,19600,720,47480
FINNIFTY02JAN2420150PE.NFO,02/01/2024,10:16:52,0.2,0.2,54160,0.25,21400,520,47480
FINNIFTY02JAN2420150PE.NFO,02/01/2024,10:17:02,0.2,0.2,52800,0.25,22960,1360,47480
FINNIFTY02JAN2420150PE.NFO,02/01/2024,10:17:12,0.25,0.2,52800,0.25,16360,360,47480
FINNIFTY02JAN2420150PE.NFO,02/01/2024,10:17:22,0.25,0.2,52800,0.25,19040,440,47480
FINNIFTY02JAN2420150PE.NFO,02/01/2024,10:17:32,0.25,0.2,52800,0.25,18760,280,47480
FINNIFTY02JAN2420150PE.NFO,02/01/2024,10:17:42,0.25,0.2,52800,0.25,18320,440,47480
FINNIFTY02JAN2420150PE.NFO,02/01/2024,10:17:51,0.2,0.2,52480,0.25,20120,320,46080
FINNIFTY02JAN2420150PE.NFO,02/01/2024,10:18:20,0.2,0.2,51200,0.25,23480,1280,46080
FINNIFTY02JAN2420150PE.NFO,02/01/2024,10:18:30,0.2,0.2,48760,0.25,25280,640,46080
FINNIFTY02JAN2420150PE.NFO,02/01/2024,10:20:14,0.25,0.2,48760,0.25,23280,2000,46080
FINNIFTY02JAN2420150PE.NFO,02/01/2024,10:20:33,0.25,0.2,50560,0.25,25080,0,46080
FINNIFTY02JAN2420150PE.NFO,02/01/2024,10:21:42,0.2,0.2,48600,0.25,28200,160,45880
FINNIFTY02JAN2420150PE.NFO,02/01/2024,10:21:52,0.2,0.2,31360,0.25,28200,120,45880
FINNIFTY02JAN2420150PE.NFO,02/01/2024,10:22:11,0.2,0.2,31360,0.25,28200,0,45880
FINNIFTY02JAN2420150PE.NFO,02/01/2024,10:22:21,0.2,0.2,28160,0.25,28440,0,45880
FINNIFTY02JAN2420150PE.NFO,02/01/2024,10:22:41,0.2,0.2,28520,0.25,26000,1600,45880
FINNIFTY02JAN2420150PE.NFO,02/01/2024,10:22:51,0.2,0.2,28520,0.25,25920,0,45880
FINNIFTY02JAN2420150PE.NFO,02/01/2024,10:23:01,0.2,0.2,28480,0.25,25920,40,45880
FINNIFTY02JAN2420150PE.NFO,02/01/2024,10:23:11,0.2,0.2,28480,0.25,26120,0,45880
FINNIFTY02JAN2420150PE.NFO,02/01/2024,10:23:21,0.2,0.2,28280,0.25,25880,240,45880
FINNIFTY02JAN2420150PE.NFO,02/01/2024,10:23:31,0.25,0.2,27680,0.25,25680,800,45880
FINNIFTY02JAN2420150PE.NFO,02/01/2024,10:23:41,0.25,0.2,27680,0.25,25560,120,45880
FINNIFTY02JAN2420150PE.NFO,02/01/2024,10:24:02,0.2,0.2,26960,0.25,25800,720,44480
FINNIFTY02JAN2420150PE.NFO,02/01/2024,10:24:12,0.25,0.2,26960,0.25,25760,40,44480
FINNIFTY02JAN2420150PE.NFO,02/01/2024,10:24:22,0.25,0.2,29960,0.25,19240,40,44480
FINNIFTY02JAN2420150PE.NFO,02/01/2024,10:25:26,0.25,0.2,28160,0.25,22320,40,44480
FINNIFTY02JAN2420150PE.NFO,02/01/2024,10:25:57,0.25,0.2,28160,0.25,22520,40,44480
FINNIFTY02JAN2420150PE.NFO,02/01/2024,10:26:31,0.25,0.2,29960,0.25,22200,320,44480
FINNIFTY02JAN2420150PE.NFO,02/01/2024,10:26:42,0.25,0.2,38960,0.25,21960,0,44480
FINNIFTY02JAN2420150PE.NFO,02/01/2024,10:27:05,0.2,0.2,42040,0.25,21960,440,44560
FINNIFTY02JAN2420150PE.NFO,02/01/2024,10:27:16,0.2,0.2,41520,0.25,21960,520,44560
FINNIFTY02JAN2420150PE.NFO,02/01/2024,10:27:37,0.2,0.2,41400,0.25,22200,120,44560
FINNIFTY02JAN2420150PE.NFO,02/01/2024,10:28:08,0.2,0.2,32400,0.25,22200,0,44560
FINNIFTY02JAN2420150PE.NFO,02/01/2024,10:28:29,0.2,0.2,23880,0.25,22200,5840,44560
FINNIFTY02JAN2420150PE.NFO,02/01/2024,10:29:28,0.2,0.2,28840,0.25,20480,440,44560
FINNIFTY02JAN2420150PE.NFO,02/01/2024,10:30:11,0.2,0.2,25840,0.25,20200,360,39560
FINNIFTY02JAN2420150PE.NFO,02/01/2024,10:30:22,0.25,0.2,25840,0.25,23280,40,39560
FINNIFTY02JAN2420150PE.NFO,02/01/2024,10:30:34,0.25,0.2,28520,0.25,23400,120,39560
FINNIFTY02JAN2420150PE.NFO,02/01/2024,10:30:44,0.25,0.2,25840,0.25,23360,40,39560
FINNIFTY02JAN2420150PE.NFO,02/01/2024,10:30:54,0.25,0.2,25840,0.25,23160,200,39560
FINNIFTY02JAN2420150PE.NFO,02/01/2024,10:31:14,0.25,0.2,27640,0.25,23120,40,39560
FINNIFTY02JAN2420150PE.NFO,02/01/2024,10:31:33,0.25,0.2,26720,0.25,23080,40,39560
FINNIFTY02JAN2420150PE.NFO,02/01/2024,10:31:44,0.25,0.2,27640,0.25,22880,200,39560
FINNIFTY02JAN2420150PE.NFO,02/01/2024,10:31:55,0.25,0.2,27640,0.25,22520,360,39560
FINNIFTY02JAN2420150PE.NFO,02/01/2024,10:32:05,0.25,0.2,28480,0.25,22440,80,39560
FINNIFTY02JAN2420150PE.NFO,02/01/2024,10:33:15,0.25,0.2,28480,0.25,22440,0,39560
FINNIFTY02JAN2420150PE.NFO,02/01/2024,10:33:25,0.25,0.2,28480,0.25,22200,0,39560
FINNIFTY02JAN2420150PE.NFO,02/01/2024,10:36:38,0.2,0.2,28040,0.25,22200,440,40520
FINNIFTY02JAN2420150PE.NFO,02/01/2024,10:36:50,0.2,0.2,26320,0.25,23640,920,40520
FINNIFTY02JAN2420150PE.NFO,02/01/2024,10:37:13,0.2,0.2,26280,0.25,23640,0,40520
FINNIFTY02JAN2420150PE.NFO,02/01/2024,10:37:25,0.2,0.2,26200,0.25,23640,80,40520
FINNIFTY02JAN2420150PE.NFO,02/01/2024,10:37:47,0.25,0.2,26200,0.25,23000,640,40520
FINNIFTY02JAN2420150PE.NFO,02/01/2024,10:38:27,0.2,0.2,26160,0.25,22800,240,40520
FINNIFTY02JAN2420150PE.NFO,02/01/2024,10:38:37,0.2,0.2,25880,0.25,22800,280,40520
FINNIFTY02JAN2420150PE.NFO,02/01/2024,10:38:47,0.2,0.2,25680,0.25,22800,200,41880
FINNIFTY02JAN2420150PE.NFO,02/01/2024,10:38:58,0.2,0.2,25600,0.25,22800,80,41880
FINNIFTY02JAN2420150PE.NFO,02/01/2024,10:41:21,0.25,0.2,25600,0.25,22760,40,41880
FINNIFTY02JAN2420150PE.NFO,02/01/2024,10:41:52,0.2,0.2,25320,0.25,19640,520,41920
FINNIFTY02JAN2420150PE.NFO,02/01/2024,10:42:03,0.2,0.2,25040,0.25,25520,280,41920
FINNIFTY02JAN2420150PE.NFO,02/01/2024,10:42:14,0.2,0.2,22120,0.25,25520,240,41920
FINNIFTY02JAN2420150PE.NFO,02/01/2024,10:42:35,0.2,0.2,22040,0.25,25520,80,41920
FINNIFTY02JAN2420150PE.NFO,02/01/2024,10:42:45,0.2,0.2,24440,0.25,25520,160,41920
FINNIFTY02JAN2420150PE.NFO,02/01/2024,10:42:56,0.2,0.2,24200,0.25,25520,240,41920
FINNIFTY02JAN2420150PE.NFO,02/01/2024,10:43:07,0.2,0.2,23920,0.25,25520,280,41920
FINNIFTY02JAN2420150PE.NFO,02/01/2024,10:43:17,0.2,0.2,23720,0.25,25520,200,41920
FINNIFTY02JAN2420150PE.NFO,02/01/2024,10:43:28,0.2,0.2,23560,0.25,26960,160,41920
FINNIFTY02JAN2420150PE.NFO,02/01/2024,10:43:39,0.2,0.2,23520,0.25,26960,40,41920
FINNIFTY02JAN2420150PE.NFO,02/01/2024,10:43:49,0.2,0.2,22600,0.25,27200,160,41920
FINNIFTY02JAN2420150PE.NFO,02/01/2024,10:43:59,0.2,0.2,19600,0.25,27200,120,41920
FINNIFTY02JAN2420150PE.NFO,02/01/2024,10:44:09,0.2,0.2,11840,0.25,26960,480,41920
FINNIFTY02JAN2420150PE.NFO,02/01/2024,10:44:20,0.2,0.2,10720,0.25,26720,200,41920
FINNIFTY02JAN2420150PE.NFO,02/01/2024,10:44:30,0.2,0.2,10480,0.25,26520,440,41920
FINNIFTY02JAN2420150PE.NFO,02/01/2024,10:44:40,0.2,0.2,10160,0.25,26480,600,41920
FINNIFTY02JAN2420150PE.NFO,02/01/2024,10:44:51,0.2,0.2,9840,0.25,29480,320,41920
FINNIFTY02JAN2420150PE.NFO,02/01/2024,10:45:01,0.2,0.2,9600,0.25,29480,240,41920
FINNIFTY02JAN2420150PE.NFO,02/01/2024,10:45:12,0.15,0.15,70760,0.2,12760,14280,41920
FINNIFTY02JAN2420150PE.NFO,02/01/2024,10:45:12,0.15,0.15,70760,0.2,12760,0,41920
FINNIFTY02JAN2420150PE.NFO,02/01/2024,10:45:22,0.15,0.15,71120,0.2,14360,360,41920
FINNIFTY02JAN2420150PE.NFO,02/01/2024,10:45:32,0.15,0.15,71280,0.2,12360,2160,41920
FINNIFTY02JAN2420150PE.NFO,02/01/2024,10:45:42,0.15,0.15,71440,0.2,12360,240,41920
FINNIFTY02JAN2420150PE.NFO,02/01/2024,10:45:52,0.15,0.15,71360,0.2,12360,80,41920
FINNIFTY02JAN2420150PE.NFO,02/01/2024,10:46:02,0.15,0.15,71760,0.2,16720,80,41920
FINNIFTY02JAN2420150PE.NFO,02/01/2024,10:46:12,0.15,0.15,71640,0.2,16720,120,41920
FINNIFTY02JAN2420150PE.NFO,02/01/2024,10:46:22,0.15,0.15,71600,0.2,16720,40,41920
FINNIFTY02JAN2420150PE.NFO,02/01/2024,10:46:31,0.15,0.15,71560,0.2,15720,1040,41920
FINNIFTY02JAN2420150PE.NFO,02/01/2024,10:46:41,0.15,0.15,70960,0.2,15520,800,41920
FINNIFTY02JAN2420150PE.NFO,02/01/2024,10:46:51,0.15,0.15,72040,0.2,16560,920,41920
FINNIFTY02JAN2420150PE.NFO,02/01/2024,10:47:02,0.15,0.15,62880,0.2,15240,160,41920
FINNIFTY02JAN2420150PE.NFO,02/01/2024,10:47:12,0.15,0.15,66400,0.2,16560,80,41920
FINNIFTY02JAN2420150PE.NFO,02/01/2024,10:47:22,0.2,0.15,83440,0.2,15040,200,41920
FINNIFTY02JAN2420150PE.NFO,02/01/2024,10:47:32,0.15,0.15,88440,0.2,20200,440,41920
FINNIFTY02JAN2420150PE.NFO,02/01/2024,10:48:53,0.15,0.15,88200,0.2,20200,240,30960
FINNIFTY02JAN2420150PE.NFO,02/01/2024,10:49:14,0.15,0.15,91040,0.2,20000,440,30960
FINNIFTY02JAN2420150PE.NFO,02/01/2024,10:49:24,0.15,0.15,90800,0.2,20000,240,30960
FINNIFTY02JAN2420150PE.NFO,02/01/2024,10:49:35,0.15,0.15,90520,0.2,20000,280,30960
FINNIFTY02JAN2420150PE.NFO,02/01/2024,10:49:45,0.15,0.15,90360,0.2,20000,160,30960
FINNIFTY02JAN2420150PE.NFO,02/01/2024,10:50:27,0.15,0.15,90320,0.2,20000,0,30960
FINNIFTY02JAN2420150PE.NFO,02/01/2024,10:50:58,0.15,0.15,90320,0.2,21800,0,30960
FINNIFTY02JAN2420150PE.NFO,02/01/2024,10:51:07,0.15,0.15,90920,0.2,20000,0,30960
FINNIFTY02JAN2420150PE.NFO,02/01/2024,10:51:17,0.15,0.15,90720,0.2,20000,200,30760
FINNIFTY02JAN2420150PE.NFO,02/01/2024,10:51:37,0.15,0.15,90480,0.2,20000,240,30760
FINNIFTY02JAN2420150PE.NFO,02/01/2024,10:51:57,0.15,0.15,90240,0.2,20400,240,30760
FINNIFTY02JAN2420150PE.NFO,02/01/2024,10:52:06,0.15,0.15,90240,0.2,20800,0,30760
FINNIFTY02JAN2420150PE.NFO,02/01/2024,10:55:37,0.2,0.15,90240,0.2,20600,200,31440
FINNIFTY02JAN2420150PE.NFO,02/01/2024,10:56:05,0.2,0.15,93040,0.2,20600,0,31440
FINNIFTY02JAN2420150PE.NFO,02/01/2024,10:56:23,0.15,0.15,92680,0.2,20600,360,31440
FINNIFTY02JAN2420150PE.NFO,02/01/2024,10:56:33,0.2,0.15,92680,0.2,20360,240,31440
FINNIFTY02JAN2420150PE.NFO,02/01/2024,10:56:52,0.15,0.15,92280,0.2,20360,400,31000
FINNIFTY02JAN2420150PE.NFO,02/01/2024,10:57:02,0.2,0.15,92280,0.2,20240,120,31000
FINNIFTY02JAN2420150PE.NFO,02/01/2024,10:57:51,0.15,0.15,92240,0.2,20240,40,31000
FINNIFTY02JAN2420150PE.NFO,02/01/2024,10:58:01,0.2,0.15,91920,0.2,19720,840,31000
FINNIFTY02JAN2420150PE.NFO,02/01/2024,10:58:11,0.15,0.15,91600,0.2,19960,320,31000
FINNIFTY02JAN2420150PE.NFO,02/01/2024,10:58:20,0.15,0.15,91520,0.2,19720,80,31000
FINNIFTY02JAN2420150PE.NFO,02/01/2024,10:58:39,0.15,0.15,91440,0.2,19720,80,31000
FINNIFTY02JAN2420150PE.NFO,02/01/2024,10:58:48,0.15,0.15,91400,0.2,19720,40,31000
FINNIFTY02JAN2420150PE.NFO,02/01/2024,10:59:07,0.15,0.15,91800,0.2,19720,0,31000
FINNIFTY02JAN2420150PE.NFO,02/01/2024,11:00:07,0.2,0.15,92360,0.2,19640,3680,30880
FINNIFTY02JAN2420150PE.NFO,02/01/2024,11:03:27,0.2,0.15,92400,0.2,19640,0,30880
FINNIFTY02JAN2420150PE.NFO,02/01/2024,11:08:44,0.15,0.15,92440,0.2,19640,40,32520
FINNIFTY02JAN2420150PE.NFO,02/01/2024,11:09:21,0.15,0.15,92440,0.2,23200,0,32520
FINNIFTY02JAN2420150PE.NFO,02/01/2024,11:09:58,0.15,0.15,84600,0.2,12480,0,32520
FINNIFTY02JAN2420150PE.NFO,02/01/2024,11:10:53,0.2,0.15,84600,0.2,8800,2160,32520
FINNIFTY02JAN2420150PE.NFO,02/01/2024,11:12:07,0.2,0.15,84600,0.2,8400,400,34440
FINNIFTY02JAN2420150PE.NFO,02/01/2024,11:12:16,0.2,0.15,84600,0.2,9240,200,34440
FINNIFTY02JAN2420150PE.NFO,02/01/2024,11:12:25,0.2,0.2,9680,0.25,19480,9040,34440
FINNIFTY02JAN2420150PE.NFO,02/01/2024,11:12:43,0.2,0.2,3520,0.25,13120,0,34440
FINNIFTY02JAN2420150PE.NFO,02/01/2024,11:12:52,0.2,0.2,19280,0.25,16600,240,34440
FINNIFTY02JAN2420150PE.NFO,02/01/2024,11:13:01,0.2,0.2,12320,0.25,13400,3800,34440
FINNIFTY02JAN2420150PE.NFO,02/01/2024,11:13:11,0.2,0.2,13240,0.25,13640,880,34440
FINNIFTY02JAN2420150PE.NFO,02/01/2024,11:13:20,0.25,0.2,16840,0.25,13320,80,34440
FINNIFTY02JAN2420150PE.NFO,02/01/2024,11:13:30,0.25,0.2,13240,0.25,11680,0,34440
FINNIFTY02JAN2420150PE.NFO,02/01/2024,11:13:41,0.25,0.2,13240,0.25,19200,0,34440
FINNIFTY02JAN2420150PE.NFO,02/01/2024,11:13:51,0.25,0.2,16680,0.25,19520,0,34440
FINNIFTY02JAN2420150PE.NFO,02/01/2024,11:14:00,0.25,0.2,16680,0.25,19640,0,34440
FINNIFTY02JAN2420150PE.NFO,02/01/2024,11:14:10,0.25,0.2,16680,0.25,19800,0,34440
FINNIFTY02JAN2420150PE.NFO,02/01/2024,11:14:19,0.25,0.2,16680,0.25,19880,0,34440
FINNIFTY02JAN2420150PE.NFO,02/01/2024,11:15:07,0.25,0.2,13360,0.25,16280,0,34440
FINNIFTY02JAN2420150PE.NFO,02/01/2024,11:15:17,0.2,0.2,8320,0.25,23000,6560,34440
FINNIFTY02JAN2420150PE.NFO,02/01/2024,11:15:27,0.2,0.2,8240,0.25,24880,80,34440
FINNIFTY02JAN2420150PE.NFO,02/01/2024,11:15:37,0.2,0.2,8120,0.25,25280,120,34440
FINNIFTY02JAN2420150PE.NFO,02/01/2024,11:15:48,0.25,0.2,9920,0.25,22280,200,34440
FINNIFTY02JAN2420150PE.NFO,02/01/2024,11:15:58,0.25,0.2,98400,0.25,25200,360,34440
FINNIFTY02JAN2420150PE.NFO,02/01/2024,11:16:08,0.25,0.2,98400,0.25,25000,200,34440
FINNIFTY02JAN2420150PE.NFO,02/01/2024,11:16:18,0.25,0.2,98400,0.25,23200,1800,34440
FINNIFTY02JAN2420150PE.NFO,02/01/2024,11:16:27,0.25,0.2,99160,0.25,21760,1440,34440
FINNIFTY02JAN2420150PE.NFO,02/01/2024,11:16:37,0.25,0.2,99160,0.25,23080,0,34440
FINNIFTY02JAN2420150PE.NFO,02/01/2024,11:17:24,0.25,0.2,99160,0.25,23680,0,34440
FINNIFTY02JAN2420150PE.NFO,02/01/2024,11:17:34,0.25,0.2,99160,0.25,20880,2800,34440
FINNIFTY02JAN2420150PE.NFO,02/01/2024,11:17:53,0.25,0.2,99160,0.25,19360,1520,31440
FINNIFTY02JAN2420150PE.NFO,02/01/2024,11:18:11,0.25,0.2,99160,0.25,17760,1600,31440
FINNIFTY02JAN2420150PE.NFO,02/01/2024,11:18:39,0.25,0.2,99160,0.25,16240,1520,31440
FINNIFTY02JAN2420150PE.NFO,02/01/2024,11:18:49,0.25,0.2,95520,0.25,16160,1640,31440
FINNIFTY02JAN2420150PE.NFO,02/01/2024,11:18:58,0.25,0.2,95520,0.25,16160,0,31440
FINNIFTY02JAN2420150PE.NFO,02/01/2024,11:19:07,0.25,0.2,93800,0.25,16160,0,31440
FINNIFTY02JAN2420150PE.NFO,02/01/2024,11:19:25,0.25,0.2,93800,0.25,17200,0,31440
FINNIFTY02JAN2420150PE.NFO,02/01/2024,11:19:34,0.25,0.2,95560,0.25,17200,0,31440
FINNIFTY02JAN2420150PE.NFO,02/01/2024,11:20:19,0.25,0.2,93760,0.25,17200,0,31440
FINNIFTY02JAN2420150PE.NFO,02/01/2024,11:20:28,0.25,0.2,77560,0.25,17200,0,31440
FINNIFTY02JAN2420150PE.NFO,02/01/2024,11:20:37,0.25,0.2,77560,0.25,16440,760,31440
FINNIFTY02JAN2420150PE.NFO,02/01/2024,11:21:24,0.25,0.2,77560,0.25,3600,11040,28960
FINNIFTY02JAN2420150PE.NFO,02/01/2024,11:22:40,0.2,0.2,77320,0.25,10000,240,28960
FINNIFTY02JAN2420150PE.NFO,02/01/2024,11:22:50,0.2,0.2,77120,0.25,11160,200,28960
FINNIFTY02JAN2420150PE.NFO,02/01/2024,11:22:59,0.2,0.2,76920,0.25,11280,200,28960
FINNIFTY02JAN2420150PE.NFO,02/01/2024,11:23:09,0.2,0.2,76920,0.25,11360,0,28960
FINNIFTY02JAN2420150PE.NFO,02/01/2024,11:23:18,0.2,0.2,76920,0.25,11520,0,28960
FINNIFTY02JAN2420150PE.NFO,02/01/2024,11:23:27,0.2,0.2,76800,0.25,11560,0,28960
FINNIFTY02JAN2420150PE.NFO,02/01/2024,11:24:22,0.25,0.2,76600,0.25,11000,2040,35680
FINNIFTY02JAN2420150PE.NFO,02/01/2024,11:25:36,0.2,0.2,76400,0.25,11000,200,35680
FINNIFTY02JAN2420150PE.NFO,02/01/2024,11:25:45,0.2,0.2,76400,0.25,11760,0,35680
FINNIFTY02JAN2420150PE.NFO,02/01/2024,11:25:54,0.2,0.2,76400,0.25,11800,0,35680
FINNIFTY02JAN2420150PE.NFO,02/01/2024,11:26:13,0.2,0.2,76080,0.25,11800,280,35680
FINNIFTY02JAN2420150PE.NFO,02/01/2024,11:26:22,0.2,0.2,75880,0.25,12120,200,35680
FINNIFTY02JAN2420150PE.NFO,02/01/2024,11:26:31,0.2,0.2,75880,0.25,12200,0,35680
FINNIFTY02JAN2420150PE.NFO,02/01/2024,11:26:41,0.25,0.2,75880,0.25,11960,320,35680
FINNIFTY02JAN2420150PE.NFO,02/01/2024,11:27:36,0.2,0.2,75680,0.25,11960,200,38120
FINNIFTY02JAN2420150PE.NFO,02/01/2024,11:27:45,0.2,0.2,75480,0.25,12160,200,38120
FINNIFTY02JAN2420150PE.NFO,02/01/2024,11:27:55,0.2,0.2,75480,0.25,12280,0,38120
FINNIFTY02JAN2420150PE.NFO,02/01/2024,11:28:04,0.2,0.2,75480,0.25,12360,0,38120
FINNIFTY02JAN2420150PE.NFO,02/01/2024,11:28:13,0.2,0.2,75440,0.25,12640,40,38120
FINNIFTY02JAN2420150PE.NFO,02/01/2024,11:28:22,0.2,0.2,75280,0.25,12400,160,38120
FINNIFTY02JAN2420150PE.NFO,02/01/2024,11:28:31,0.2,0.2,75120,0.25,12520,160,38120
FINNIFTY02JAN2420150PE.NFO,02/01/2024,11:28:40,0.2,0.2,75080,0.25,12680,40,38120
FINNIFTY02JAN2420150PE.NFO,02/01/2024,11:28:49,0.2,0.2,75040,0.25,12760,40,38120
FINNIFTY02JAN2420150PE.NFO,02/01/2024,11:29:07,0.2,0.2,74960,0.25,12880,80,38120
FINNIFTY02JAN2420150PE.NFO,02/01/2024,11:29:16,0.25,0.2,74960,0.25,12800,80,38120
FINNIFTY02JAN2420150PE.NFO,02/01/2024,11:29:35,0.25,0.2,75280,0.25,12800,0,38120
FINNIFTY02JAN2420150PE.NFO,02/01/2024,11:31:05,0.2,0.2,75200,0.25,12800,80,38600
FINNIFTY02JAN2420150PE.NFO,02/01/2024,11:31:59,0.2,0.2,74880,0.25,12880,320,38600
FINNIFTY02JAN2420150PE.NFO,02/01/2024,11:32:08,0.2,0.2,74680,0.25,13120,200,38600
FINNIFTY02JAN2420150PE.NFO,02/01/2024,11:32:27,0.2,0.2,74440,0.25,13080,280,38600
FINNIFTY02JAN2420150PE.NFO,02/01/2024,11:32:45,0.2,0.2,74440,0.25,13080,0,38600
FINNIFTY02JAN2420150PE.NFO,02/01/2024,11:33:39,0.2,0.2,74240,0.25,13080,200,38560
FINNIFTY02JAN2420150PE.NFO,02/01/2024,11:34:14,0.2,0.2,74040,0.25,13080,200,38560
FINNIFTY02JAN2420150PE.NFO,02/01/2024,11:34:22,0.2,0.2,73840,0.25,13080,200,38560
FINNIFTY02JAN2420150PE.NFO,02/01/2024,11:34:32,0.2,0.2,73640,0.25,13080,200,38560
FINNIFTY02JAN2420150PE.NFO,02/01/2024,11:34:59,0.2,0.2,61040,0.25,13080,0,38560
FINNIFTY02JAN2420150PE.NFO,02/01/2024,11:35:08,0.2,0.2,56240,0.25,13080,0,38560
FINNIFTY02JAN2420150PE.NFO,02/01/2024,11:35:18,0.2,0.2,56040,0.25,13080,200,38560
FINNIFTY02JAN2420150PE.NFO,02/01/2024,11:35:45,0.2,0.2,55840,0.25,13080,200,38560
FINNIFTY02JAN2420150PE.NFO,02/01/2024,11:35:53,0.25,0.2,55840,0.25,13040,40,38560
FINNIFTY02JAN2420150PE.NFO,02/01/2024,11:36:02,0.25,0.2,55840,0.25,13040,40,38600
FINNIFTY02JAN2420150PE.NFO,02/01/2024,11:36:21,0.25,0.2,55840,0.25,12960,80,38600
FINNIFTY02JAN2420150PE.NFO,02/01/2024,11:36:30,0.2,0.2,57440,0.25,12960,200,38600
FINNIFTY02JAN2420150PE.NFO,02/01/2024,11:37:26,0.25,0.2,57440,0.25,12920,40,38600
FINNIFTY02JAN2420150PE.NFO,02/01/2024,11:38:04,0.25,0.2,57440,0.25,12840,80,38600
FINNIFTY02JAN2420150PE.NFO,02/01/2024,11:38:14,0.25,0.2,57440,0.25,12760,80,38600
FINNIFTY02JAN2420150PE.NFO,02/01/2024,11:38:24,0.25,0.2,57440,0.25,12720,40,38600
FINNIFTY02JAN2420150PE.NFO,02/01/2024,11:38:53,0.25,0.2,57440,0.25,12640,80,38840
FINNIFTY02JAN2420150PE.NFO,02/01/2024,11:39:39,0.25,0.2,57440,0.25,12600,40,38840
FINNIFTY02JAN2420150PE.NFO,02/01/2024,11:41:09,0.25,0.2,57440,0.25,12600,0,38840
FINNIFTY02JAN2420150PE.NFO,02/01/2024,11:41:39,0.2,0.2,57240,0.25,12600,200,38840
FINNIFTY02JAN2420150PE.NFO,02/01/2024,11:41:49,0.2,0.2,56800,0.25,12600,440,38720
FINNIFTY02JAN2420150PE.NFO,02/01/2024,11:41:59,0.2,0.2,56520,0.25,12640,280,38720
FINNIFTY02JAN2420150PE.NFO,02/01/2024,11:42:28,0.25,0.2,56520,0.25,12000,640,38720
FINNIFTY02JAN2420150PE.NFO,02/01/2024,11:42:38,0.25,0.2,56520,0.25,11200,800,38720
FINNIFTY02JAN2420150PE.NFO,02/01/2024,11:42:47,0.25,0.2,56520,0.25,11160,0,38720
FINNIFTY02JAN2420150PE.NFO,02/01/2024,11:43:06,0.25,0.2,56520,0.25,10920,240,38720
FINNIFTY02JAN2420150PE.NFO,02/01/2024,11:43:15,0.25,0.2,56200,0.25,14200,320,38720
FINNIFTY02JAN2420150PE.NFO,02/01/2024,11:43:24,0.25,0.2,56200,0.25,14200,0,38720
FINNIFTY02JAN2420150PE.NFO,02/01/2024,11:43:34,0.2,0.2,56080,0.25,14200,120,38720
FINNIFTY02JAN2420150PE.NFO,02/01/2024,11:43:43,0.25,0.2,56080,0.25,14200,600,38720
FINNIFTY02JAN2420150PE.NFO,02/01/2024,11:43:53,0.25,0.2,56080,0.25,14000,200,38720
FINNIFTY02JAN2420150PE.NFO,02/01/2024,11:44:03,0.25,0.2,56080,0.25,13880,920,38720
FINNIFTY02JAN2420150PE.NFO,02/01/2024,11:44:31,0.25,0.2,56080,0.25,10280,5000,38720
FINNIFTY02JAN2420150PE.NFO,02/01/2024,11:44:49,0.25,0.2,56080,0.25,10280,0,38720
FINNIFTY02JAN2420150PE.NFO,02/01/2024,11:44:58,0.25,0.2,56080,0.25,10240,0,38720
FINNIFTY02JAN2420150PE.NFO,02/01/2024,11:45:35,0.25,0.2,56080,0.25,10320,0,38720
FINNIFTY02JAN2420150PE.NFO,02/01/2024,11:45:45,0.2,0.2,54840,0.25,10320,1240,42920
FINNIFTY02JAN2420150PE.NFO,02/01/2024,11:45:54,0.2,0.2,53560,0.25,10320,1280,42920
FINNIFTY02JAN2420150PE.NFO,02/01/2024,11:46:03,0.2,0.2,56640,0.25,10320,720,42920
FINNIFTY02JAN2420150PE.NFO,02/01/2024,11:46:13,0.2,0.2,75080,0.25,10560,680,42920
FINNIFTY02JAN2420150PE.NFO,02/01/2024,11:46:22,0.2,0.2,73040,0.25,21680,280,42920
FINNIFTY02JAN2420150PE.NFO,02/01/2024,11:46:32,0.2,0.2,72840,0.25,21680,200,42920
FINNIFTY02JAN2420150PE.NFO,02/01/2024,11:46:41,0.2,0.2,72720,0.25,21680,120,42920
FINNIFTY02JAN2420150PE.NFO,02/01/2024,11:46:50,0.2,0.2,70720,0.25,22080,200,42920
FINNIFTY02JAN2420150PE.NFO,02/01/2024,11:47:17,0.2,0.2,69960,0.25,22080,0,42920
FINNIFTY02JAN2420150PE.NFO,02/01/2024,11:47:59,0.2,0.2,69760,0.25,22080,200,45480
FINNIFTY02JAN2420150PE.NFO,02/01/2024,11:48:17,0.2,0.2,11680,0.25,22080,0,45480
FINNIFTY02JAN2420150PE.NFO,02/01/2024,11:48:26,0.2,0.2,2560,0.25,3000,13120,45480
FINNIFTY02JAN2420150PE.NFO,02/01/2024,11:48:34,0.2,0.15,72120,0.25,3000,2800,45480
FINNIFTY02JAN2420150PE.NFO,02/01/2024,11:48:44,0.2,0.15,73920,0.25,3000,0,45480
FINNIFTY02JAN2420150PE.NFO,02/01/2024,11:50:56,0.2,0.2,1080,0.25,3000,0,45480
FINNIFTY02JAN2420150PE.NFO,02/01/2024,11:51:05,0.2,0.15,73920,0.25,3240,0,45480
FINNIFTY02JAN2420150PE.NFO,02/01/2024,11:51:50,0.2,0.15,75720,0.25,3000,360,32800
FINNIFTY02JAN2420150PE.NFO,02/01/2024,11:51:59,0.2,0.2,1360,0.25,4040,200,32800
FINNIFTY02JAN2420150PE.NFO,02/01/2024,11:52:08,0.2,0.2,480,0.25,4040,40,32800
FINNIFTY02JAN2420150PE.NFO,02/01/2024,11:52:18,0.2,0.15,73920,0.25,4040,240,32800
FINNIFTY02JAN2420150PE.NFO,02/01/2024,11:52:36,0.2,0.2,1840,0.25,3800,0,32800
FINNIFTY02JAN2420150PE.NFO,02/01/2024,11:53:39,0.2,0.2,1520,0.25,3800,0,32800
FINNIFTY02JAN2420150PE.NFO,02/01/2024,11:54:58,0.2,0.2,2240,0.25,3800,80,32800
FINNIFTY02JAN2420150PE.NFO,02/01/2024,11:55:07,0.2,0.2,1400,0.25,3800,40,33360
FINNIFTY02JAN2420150PE.NFO,02/01/2024,11:55:34,0.2,0.2,3400,0.25,3640,400,33360
FINNIFTY02JAN2420150PE.NFO,02/01/2024,11:55:52,0.2,0.2,1160,0.25,3640,0,33360
FINNIFTY02JAN2420150PE.NFO,02/01/2024,11:56:01,0.2,0.2,1680,0.25,3640,280,33360
FINNIFTY02JAN2420150PE.NFO,02/01/2024,11:56:09,0.25,0.2,2200,0.25,3120,520,33360
FINNIFTY02JAN2420150PE.NFO,02/01/2024,11:56:18,0.25,0.2,880,0.25,2120,1000,33360
FINNIFTY02JAN2420150PE.NFO,02/01/2024,11:56:26,0.25,0.2,4920,0.25,1440,1000,33360
FINNIFTY02JAN2420150PE.NFO,02/01/2024,11:56:51,0.25,0.2,4920,0.25,1440,0,33360
FINNIFTY02JAN2420150PE.NFO,02/01/2024,11:57:00,0.2,0.2,4680,0.25,1280,400,33640
FINNIFTY02JAN2420150PE.NFO,02/01/2024,11:57:09,0.2,0.2,4680,0.25,1320,0,33640
FINNIFTY02JAN2420150PE.NFO,02/01/2024,11:57:35,0.2,0.2,3240,0.25,1320,0,33640
FINNIFTY02JAN2420150PE.NFO,02/01/2024,11:59:02,0.25,0.2,4040,0.25,1360,160,33640
FINNIFTY02JAN2420150PE.NFO,02/01/2024,11:59:12,0.2,0.2,3920,0.25,1120,120,33640
FINNIFTY02JAN2420150PE.NFO,02/01/2024,11:59:20,0.2,0.2,3800,0.25,1120,120,33640
FINNIFTY02JAN2420150PE.NFO,02/01/2024,11:59:29,0.2,0.2,3840,0.25,2760,0,33640
FINNIFTY02JAN2420150PE.NFO,02/01/2024,11:59:37,0.2,0.2,5280,0.25,1120,0,33640
FINNIFTY02JAN2420150PE.NFO,02/01/2024,11:59:54,0.2,0.2,5080,0.25,2760,200,33800
FINNIFTY02JAN2420150PE.NFO,02/01/2024,12:00:03,0.2,0.2,4960,0.25,1120,120,33800
FINNIFTY02JAN2420150PE.NFO,02/01/2024,12:00:12,0.2,0.2,3760,0.25,1120,200,33800
FINNIFTY02JAN2420150PE.NFO,02/01/2024,12:00:30,0.2,0.2,3440,0.25,2760,320,33800
FINNIFTY02JAN2420150PE.NFO,02/01/2024,12:00:48,0.2,0.2,3360,0.25,1040,160,33800
FINNIFTY02JAN2420150PE.NFO,02/01/2024,12:00:57,0.2,0.2,3160,0.25,2680,200,33800
FINNIFTY02JAN2420150PE.NFO,02/01/2024,12:02:09,0.2,0.2,2760,0.25,1040,400,33800
FINNIFTY02JAN2420150PE.NFO,02/01/2024,12:02:18,0.2,0.2,1640,0.25,2680,320,33800
FINNIFTY02JAN2420150PE.NFO,02/01/2024,12:02:53,0.25,0.2,1640,0.25,4080,40,33800
FINNIFTY02JAN2420150PE.NFO,02/01/2024,12:03:01,0.25,0.2,4280,0.25,2440,0,33800
FINNIFTY02JAN2420150PE.NFO,02/01/2024,12:03:10,0.2,0.2,4040,0.25,4080,240,34960
FINNIFTY02JAN2420150PE.NFO,02/01/2024,12:03:19,0.2,0.2,2320,0.25,2800,480,34960
FINNIFTY02JAN2420150PE.NFO,02/01/2024,12:03:28,0.2,0.2,2240,0.25,2800,80,34960
FINNIFTY02JAN2420150PE.NFO,02/01/2024,12:03:37,0.2,0.2,3520,0.25,4440,0,34960
FINNIFTY02JAN2420150PE.NFO,02/01/2024,12:03:46,0.2,0.2,2120,0.25,2800,120,34960
FINNIFTY02JAN2420150PE.NFO,02/01/2024,12:03:55,0.2,0.15,72120,0.2,200,880,34960
FINNIFTY02JAN2420150PE.NFO,02/01/2024,12:04:03,0.2,0.15,72120,0.25,4080,200,34960
FINNIFTY02JAN2420150PE.NFO,02/01/2024,12:04:12,0.2,0.2,960,0.25,4320,320,34960
FINNIFTY02JAN2420150PE.NFO,02/01/2024,12:04:22,0.2,0.2,2080,0.25,2120,80,34960
FINNIFTY02JAN2420150PE.NFO,02/01/2024,12:04:31,0.2,0.2,880,0.25,2280,0,34960
FINNIFTY02JAN2420150PE.NFO,02/01/2024,12:04:40,0.2,0.2,2000,0.25,4080,80,34960
FINNIFTY02JAN2420150PE.NFO,02/01/2024,12:04:49,0.25,0.2,800,0.25,2080,200,34960
FINNIFTY02JAN2420150PE.NFO,02/01/2024,12:04:58,0.25,0.2,800,0.25,2000,80,34960
FINNIFTY02JAN2420150PE.NFO,02/01/2024,12:05:07,0.25,0.2,1920,0.25,4040,200,34960
FINNIFTY02JAN2420150PE.NFO,02/01/2024,12:05:16,0.2,0.2,640,0.25,2240,80,34960
FINNIFTY02JAN2420150PE.NFO,02/01/2024,12:05:25,0.25,0.2,640,0.25,4680,160,34960
FINNIFTY02JAN2420150PE.NFO,02/01/2024,12:05:34,0.25,0.2,1840,0.25,4520,160,34960
FINNIFTY02JAN2420150PE.NFO,02/01/2024,12:05:43,0.25,0.2,1720,0.25,2560,280,34960
FINNIFTY02JAN2420150PE.NFO,02/01/2024,12:06:00,0.25,0.2,520,0.25,2400,160,35280
FINNIFTY02JAN2420150PE.NFO,02/01/2024,12:06:09,0.25,0.2,920,0.25,2320,80,35280
FINNIFTY02JAN2420150PE.NFO,02/01/2024,12:06:18,0.25,0.2,920,0.25,2240,80,35280
FINNIFTY02JAN2420150PE.NFO,02/01/2024,12:06:27,0.25,0.2,920,0.25,2160,80,35280
FINNIFTY02JAN2420150PE.NFO,02/01/2024,12:06:44,0.2,0.15,72400,0.25,4280,1560,35280
FINNIFTY02JAN2420150PE.NFO,02/01/2024,12:06:52,0.2,0.15,72840,0.2,400,480,35280
FINNIFTY02JAN2420150PE.NFO,02/01/2024,12:07:09,0.2,0.15,72600,0.25,3960,400,35280
FINNIFTY02JAN2420150PE.NFO,02/01/2024,12:08:02,0.2,0.15,72320,0.25,2160,0,35280
FINNIFTY02JAN2420150PE.NFO,02/01/2024,12:08:36,0.2,0.15,72560,0.25,5600,280,35280
FINNIFTY02JAN2420150PE.NFO,02/01/2024,12:10:02,0.2,0.15,73440,0.25,6160,80,36440
FINNIFTY02JAN2420150PE.NFO,02/01/2024,12:10:20,0.2,0.2,600,0.25,6160,120,36440
FINNIFTY02JAN2420150PE.NFO,02/01/2024,12:10:30,0.2,0.15,73440,0.25,6160,120,36440
FINNIFTY02JAN2420150PE.NFO,02/01/2024,12:11:06,0.2,0.15,73440,0.25,6760,0,36440
FINNIFTY02JAN2420150PE.NFO,02/01/2024,12:11:33,0.2,0.15,74240,0.25,6760,80,36440
FINNIFTY02JAN2420150PE.NFO,02/01/2024,12:11:43,0.2,0.2,13200,0.25,6760,0,36440
FINNIFTY02JAN2420150PE.NFO,02/01/2024,12:11:52,0.2,0.2,13160,0.25,6760,40,36440
FINNIFTY02JAN2420150PE.NFO,02/01/2024,12:12:09,0.2,0.2,13080,0.25,6760,80,36440
FINNIFTY02JAN2420150PE.NFO,02/01/2024,12:12:18,0.2,0.2,14440,0.25,6760,200,36440
FINNIFTY02JAN2420150PE.NFO,02/01/2024,12:12:27,0.2,0.2,12800,0.25,6760,80,36440
FINNIFTY02JAN2420150PE.NFO,02/01/2024,12:12:36,0.2,0.2,12720,0.25,6760,80,36440
FINNIFTY02JAN2420150PE.NFO,02/01/2024,12:12:53,0.2,0.2,14200,0.25,5960,0,36440
FINNIFTY02JAN2420150PE.NFO,02/01/2024,12:13:36,0.2,0.2,12720,0.25,5760,0,36440
FINNIFTY02JAN2420150PE.NFO,02/01/2024,12:13:45,0.2,0.2,13960,0.25,5760,120,36440
FINNIFTY02JAN2420150PE.NFO,02/01/2024,12:13:53,0.2,0.2,12480,0.25,5760,120,36440
FINNIFTY02JAN2420150PE.NFO,02/01/2024,12:14:02,0.25,0.2,13840,0.25,5680,80,36440
FINNIFTY02JAN2420150PE.NFO,02/01/2024,12:14:11,0.25,0.2,12480,0.25,5520,160,36440
FINNIFTY02JAN2420150PE.NFO,02/01/2024,12:14:19,0.25,0.2,12480,0.25,3800,80,36440
FINNIFTY02JAN2420150PE.NFO,02/01/2024,12:14:28,0.25,0.2,13600,0.25,3720,240,36440
FINNIFTY02JAN2420150PE.NFO,02/01/2024,12:14:36,0.25,0.2,12320,0.25,5720,40,36440
FINNIFTY02JAN2420150PE.NFO,02/01/2024,12:14:45,0.25,0.2,12320,0.25,5680,40,36440
FINNIFTY02JAN2420150PE.NFO,02/01/2024,12:14:54,0.2,0.2,12280,0.25,6320,40,36440
FINNIFTY02JAN2420150PE.NFO,02/01/2024,12:15:03,0.25,0.2,13600,0.25,6160,160,37080
FINNIFTY02JAN2420150PE.NFO,02/01/2024,12:15:12,0.25,0.2,12240,0.25,5920,320,37080
FINNIFTY02JAN2420150PE.NFO,02/01/2024,12:15:20,0.25,0.2,13560,0.25,4040,80,37080
FINNIFTY02JAN2420150PE.NFO,02/01/2024,12:15:29,0.25,0.2,12240,0.25,5920,160,37080
FINNIFTY02JAN2420150PE.NFO,02/01/2024,12:15:39,0.25,0.2,12240,0.25,6800,160,37080
FINNIFTY02JAN2420150PE.NFO,02/01/2024,12:15:49,0.25,0.2,12240,0.25,6720,80,37080
FINNIFTY02JAN2420150PE.NFO,02/01/2024,12:15:59,0.25,0.2,13560,0.25,6800,160,37080
FINNIFTY02JAN2420150PE.NFO,02/01/2024,12:16:09,0.25,0.2,12240,0.25,6600,120,37080
FINNIFTY02JAN2420150PE.NFO,02/01/2024,12:16:19,0.25,0.2,12240,0.25,6600,240,37080
FINNIFTY02JAN2420150PE.NFO,02/01/2024,12:16:29,0.25,0.2,11160,0.25,3240,240,37080
FINNIFTY02JAN2420150PE.NFO,02/01/2024,12:17:10,0.25,0.2,12480,0.25,1920,920,37080
FINNIFTY02JAN2420150PE.NFO,02/01/2024,12:17:22,0.25,0.2,11280,0.25,1760,4480,37080
FINNIFTY02JAN2420150PE.NFO,02/01/2024,12:17:32,0.25,0.2,16280,0.25,1720,480,37080
FINNIFTY02JAN2420150PE.NFO,02/01/2024,12:17:41,0.25,0.2,21920,0.25,1240,720,37080
FINNIFTY02JAN2420150PE.NFO,02/01/2024,12:17:51,0.25,0.2,21920,0.25,720,520,37080
FINNIFTY02JAN2420150PE.NFO,02/01/2024,12:18:00,0.25,0.2,20640,0.25,3360,3760,40320
FINNIFTY02JAN2420150PE.NFO,02/01/2024,12:18:09,0.25,0.2,22160,0.25,2880,480,40320
FINNIFTY02JAN2420150PE.NFO,02/01/2024,12:18:19,0.25,0.2,22160,0.25,2640,240,40320
FINNIFTY02JAN2420150PE.NFO,02/01/2024,12:18:28,0.25,0.2,22160,0.25,680,1960,40320
FINNIFTY02JAN2420150PE.NFO,02/01/2024,12:18:37,0.25,0.2,20520,0.25,2440,1920,40320
FINNIFTY02JAN2420150PE.NFO,02/01/2024,12:18:47,0.25,0.2,20520,0.25,2400,40,40320
FINNIFTY02JAN2420150PE.NFO,02/01/2024,12:19:27,0.25,0.2,18720,0.25,3040,0,40320
FINNIFTY02JAN2420150PE.NFO,02/01/2024,12:19:37,0.25,0.2,16920,0.25,3040,0,40320
FINNIFTY02JAN2420150PE.NFO,02/01/2024,12:19:47,0.25,0.2,7520,0.25,3040,0,40320
FINNIFTY02JAN2420150PE.NFO,02/01/2024,12:20:52,0.2,0.2,7240,0.25,2800,280,40320
FINNIFTY02JAN2420150PE.NFO,02/01/2024,12:21:02,0.2,0.2,7000,0.25,3040,240,43880
FINNIFTY02JAN2420150PE.NFO,02/01/2024,12:21:11,0.2,0.2,6840,0.25,2840,360,43880
FINNIFTY02JAN2420150PE.NFO,02/01/2024,12:21:21,0.2,0.2,14800,0.25,3520,560,43880
FINNIFTY02JAN2420150PE.NFO,02/01/2024,12:21:31,0.2,0.2,14480,0.25,3760,320,43880
FINNIFTY02JAN2420150PE.NFO,02/01/2024,12:21:40,0.2,0.2,15880,0.25,3520,200,43880
FINNIFTY02JAN2420150PE.NFO,02/01/2024,12:21:50,0.2,0.2,14880,0.25,3520,1000,43880
FINNIFTY02JAN2420150PE.NFO,02/01/2024,12:22:00,0.2,0.2,14880,0.25,3960,0,43880
FINNIFTY02JAN2420150PE.NFO,02/01/2024,12:22:10,0.2,0.2,19920,0.25,4200,80,43880
FINNIFTY02JAN2420150PE.NFO,02/01/2024,12:22:19,0.25,0.2,20480,0.25,3960,200,43880
FINNIFTY02JAN2420150PE.NFO,02/01/2024,12:22:28,0.25,0.2,19680,0.25,3960,0,43880
FINNIFTY02JAN2420150PE.NFO,02/01/2024,12:22:37,0.25,0.2,18880,0.25,3960,0,43880
FINNIFTY02JAN2420150PE.NFO,02/01/2024,12:22:54,0.25,0.2,14800,0.25,3960,0,43880
FINNIFTY02JAN2420150PE.NFO,02/01/2024,12:23:03,0.2,0.2,14720,0.25,3960,80,43880
FINNIFTY02JAN2420150PE.NFO,02/01/2024,12:23:12,0.2,0.2,7520,0.25,4000,0,43880
FINNIFTY02JAN2420150PE.NFO,02/01/2024,12:23:22,0.2,0.2,7520,0.25,4080,0,43880
FINNIFTY02JAN2420150PE.NFO,02/01/2024,12:23:31,0.2,0.2,6040,0.25,4160,0,43880
FINNIFTY02JAN2420150PE.NFO,02/01/2024,12:23:48,0.2,0.2,6800,0.25,4080,160,43880
FINNIFTY02JAN2420150PE.NFO,02/01/2024,12:24:06,0.25,0.2,6800,0.25,3800,280,43280
FINNIFTY02JAN2420150PE.NFO,02/01/2024,12:24:34,0.2,0.2,5800,0.25,3800,80,43280
FINNIFTY02JAN2420150PE.NFO,02/01/2024,12:24:44,0.2,0.2,6560,0.25,3800,0,43280
FINNIFTY02JAN2420150PE.NFO,02/01/2024,12:24:53,0.2,0.2,6480,0.25,4040,80,43280
FINNIFTY02JAN2420150PE.NFO,02/01/2024,12:25:11,0.2,0.2,5200,0.25,4040,520,43280
FINNIFTY02JAN2420150PE.NFO,02/01/2024,12:25:38,0.2,0.2,5800,0.25,4040,80,43280
FINNIFTY02JAN2420150PE.NFO,02/01/2024,12:25:47,0.25,0.2,5720,0.25,4240,1040,43280
FINNIFTY02JAN2420150PE.NFO,02/01/2024,12:25:56,0.2,0.2,5680,0.25,4240,40,43280
FINNIFTY02JAN2420150PE.NFO,02/01/2024,12:26:04,0.25,0.2,6040,0.25,3360,2000,43280
FINNIFTY02JAN2420150PE.NFO,02/01/2024,12:26:22,0.2,0.2,5880,0.25,4480,160,43280
FINNIFTY02JAN2420150PE.NFO,02/01/2024,12:26:31,0.2,0.2,7680,0.25,4480,0,43280
FINNIFTY02JAN2420150PE.NFO,02/01/2024,12:26:48,0.2,0.2,7080,0.25,4480,600,43280
FINNIFTY02JAN2420150PE.NFO,02/01/2024,12:26:57,0.2,0.2,5280,0.25,4240,0,43280
FINNIFTY02JAN2420150PE.NFO,02/01/2024,12:27:15,0.2,0.2,5200,0.25,4240,80,44880
FINNIFTY02JAN2420150PE.NFO,02/01/2024,12:27:32,0.2,0.2,5360,0.25,4480,0,44880
FINNIFTY02JAN2420150PE.NFO,02/01/2024,12:27:41,0.2,0.2,6000,0.25,4240,0,44880
FINNIFTY02JAN2420150PE.NFO,02/01/2024,12:27:50,0.2,0.2,7920,0.25,3320,1240,44880
FINNIFTY02JAN2420150PE.NFO,02/01/2024,12:27:59,0.2,0.2,9680,0.25,3320,40,44880
FINNIFTY02JAN2420150PE.NFO,02/01/2024,12:28:08,0.2,0.2,9680,0.25,4320,0,44880
FINNIFTY02JAN2420150PE.NFO,02/01/2024,12:28:53,0.2,0.2,11840,0.25,4320,0,44880
FINNIFTY02JAN2420150PE.NFO,02/01/2024,12:29:02,0.2,0.2,9680,0.25,4320,0,44880
FINNIFTY02JAN2420150PE.NFO,02/01/2024,12:29:46,0.2,0.2,7880,0.25,4320,0,44880
FINNIFTY02JAN2420150PE.NFO,02/01/2024,12:30:03,0.2,0.2,4920,0.25,4320,0,44880
FINNIFTY02JAN2420150PE.NFO,02/01/2024,12:30:31,0.2,0.2,4840,0.25,4320,80,45040
FINNIFTY02JAN2420150PE.NFO,02/01/2024,12:30:48,0.2,0.2,4800,0.25,4320,40,45040
FINNIFTY02JAN2420150PE.NFO,02/01/2024,12:31:33,0.2,0.2,4720,0.25,4320,80,45040
FINNIFTY02JAN2420150PE.NFO,02/01/2024,12:31:51,0.2,0.2,4640,0.25,4320,80,45040
FINNIFTY02JAN2420150PE.NFO,02/01/2024,12:32:00,0.2,0.2,4640,0.25,4640,0,45040
FINNIFTY02JAN2420150PE.NFO,02/01/2024,12:32:08,0.2,0.2,4640,0.25,6120,0,45040
FINNIFTY02JAN2420150PE.NFO,02/01/2024,12:32:17,0.2,0.2,4640,0.25,4680,0,45040
FINNIFTY02JAN2420150PE.NFO,02/01/2024,12:32:42,0.2,0.2,4520,0.25,4680,120,45040
FINNIFTY02JAN2420150PE.NFO,02/01/2024,12:33:40,0.2,0.2,4520,0.25,5080,0,45040
FINNIFTY02JAN2420150PE.NFO,02/01/2024,12:34:40,0.25,0.2,4520,0.25,5120,40,45440
FINNIFTY02JAN2420150PE.NFO,02/01/2024,12:34:49,0.25,0.2,4520,0.25,5040,80,45440
FINNIFTY02JAN2420150PE.NFO,02/01/2024,12:35:18,0.25,0.2,5000,0.25,4920,0,45440
FINNIFTY02JAN2420150PE.NFO,02/01/2024,12:35:38,0.25,0.2,5800,0.25,4480,200,45440
FINNIFTY02JAN2420150PE.NFO,02/01/2024,12:35:56,0.25,0.2,5320,0.25,4480,0,45440
FINNIFTY02JAN2420150PE.NFO,02/01/2024,12:36:06,0.25,0.2,4520,0.25,4840,0,45440
FINNIFTY02JAN2420150PE.NFO,02/01/2024,12:36:25,0.2,0.2,3200,0.25,4840,1320,45240
FINNIFTY02JAN2420150PE.NFO,02/01/2024,12:36:34,0.2,0.2,3080,0.25,4480,120,45240
FINNIFTY02JAN2420150PE.NFO,02/01/2024,12:36:44,0.2,0.2,3080,0.25,4720,0,45240
FINNIFTY02JAN2420150PE.NFO,02/01/2024,12:36:53,0.2,0.2,3080,0.25,5120,0,45240
FINNIFTY02JAN2420150PE.NFO,02/01/2024,12:37:01,0.2,0.2,3080,0.25,5880,0,45240
FINNIFTY02JAN2420150PE.NFO,02/01/2024,12:38:11,0.25,0.2,3080,0.25,5680,200,45240
FINNIFTY02JAN2420150PE.NFO,02/01/2024,12:39:14,0.25,0.2,3080,0.25,5440,240,46480
FINNIFTY02JAN2420150PE.NFO,02/01/2024,12:40:04,0.25,0.2,3080,0.25,5440,0,46480
FINNIFTY02JAN2420150PE.NFO,02/01/2024,12:40:22,0.25,0.2,3080,0.25,5480,0,46480
FINNIFTY02JAN2420150PE.NFO,02/01/2024,12:40:40,0.25,0.2,3080,0.25,5440,40,46480
FINNIFTY02JAN2420150PE.NFO,02/01/2024,12:40:49,0.25,0.2,3080,0.25,5440,0,46480
FINNIFTY02JAN2420150PE.NFO,02/01/2024,12:41:41,0.25,0.2,3080,0.25,5640,40,46480
FINNIFTY02JAN2420150PE.NFO,02/01/2024,12:43:10,0.25,0.2,3080,0.25,5600,40,46240
FINNIFTY02JAN2420150PE.NFO,02/01/2024,12:43:19,0.25,0.2,3080,0.25,5520,80,46240
FINNIFTY02JAN2420150PE.NFO,02/01/2024,12:43:28,0.25,0.2,3080,0.25,5480,40,46240
FINNIFTY02JAN2420150PE.NFO,02/01/2024,12:43:54,0.25,0.2,3080,0.25,5480,0,46240
FINNIFTY02JAN2420150PE.NFO,02/01/2024,12:45:21,0.25,0.2,3080,0.25,5200,40,46240
FINNIFTY02JAN2420150PE.NFO,02/01/2024,12:45:30,0.2,0.2,1840,0.25,5200,1240,46240
FINNIFTY02JAN2420150PE.NFO,02/01/2024,12:46:04,0.2,0.15,61920,0.25,5200,1800,46240
FINNIFTY02JAN2420150PE.NFO,02/01/2024,12:46:30,0.2,0.15,61920,0.2,7160,1120,46240
FINNIFTY02JAN2420150PE.NFO,02/01/2024,12:46:56,0.2,0.15,62760,0.2,6840,320,46240
FINNIFTY02JAN2420150PE.NFO,02/01/2024,12:47:23,0.2,0.15,62760,0.2,6640,200,46240
FINNIFTY02JAN2420150PE.NFO,02/01/2024,12:47:32,0.2,0.15,62760,0.2,6480,160,46240
FINNIFTY02JAN2420150PE.NFO,02/01/2024,12:49:20,0.2,0.15,62760,0.2,6320,160,44440
FINNIFTY02JAN2420150PE.NFO,02/01/2024,12:49:29,0.2,0.15,62760,0.2,6120,200,44440
FINNIFTY02JAN2420150PE.NFO,02/01/2024,12:50:30,0.2,0.15,62760,0.2,7440,40,44440
FINNIFTY02JAN2420150PE.NFO,02/01/2024,12:50:57,0.2,0.15,62840,0.2,7440,0,44440
FINNIFTY02JAN2420150PE.NFO,02/01/2024,12:51:24,0.2,0.15,62760,0.2,7200,240,44040
FINNIFTY02JAN2420150PE.NFO,02/01/2024,12:51:34,0.2,0.15,62760,0.2,7000,200,44040
FINNIFTY02JAN2420150PE.NFO,02/01/2024,12:52:44,0.2,0.15,63720,0.2,7000,0,44040
FINNIFTY02JAN2420150PE.NFO,02/01/2024,12:52:53,0.2,0.15,63120,0.2,7760,0,44040
FINNIFTY02JAN2420150PE.NFO,02/01/2024,12:54:01,0.2,0.15,63120,0.2,7040,480,43520
FINNIFTY02JAN2420150PE.NFO,02/01/2024,12:54:10,0.2,0.15,63120,0.2,7360,0,43520
FINNIFTY02JAN2420150PE.NFO,02/01/2024,12:55:27,0.2,0.15,63360,0.2,7360,0,43520
FINNIFTY02JAN2420150PE.NFO,02/01/2024,12:55:36,0.2,0.15,63360,0.2,7320,40,43520
FINNIFTY02JAN2420150PE.NFO,02/01/2024,12:57:28,0.2,0.15,63360,0.2,7320,0,43520
FINNIFTY02JAN2420150PE.NFO,02/01/2024,12:58:48,0.15,0.15,63280,0.2,7320,80,43520
FINNIFTY02JAN2420150PE.NFO,02/01/2024,12:58:57,0.15,0.15,63280,0.2,7640,0,43520
FINNIFTY02JAN2420150PE.NFO,02/01/2024,13:02:09,0.15,0.15,63320,0.2,7640,0,43520
FINNIFTY02JAN2420150PE.NFO,02/01/2024,13:02:27,0.15,0.15,62520,0.2,7640,640,43520
FINNIFTY02JAN2420150PE.NFO,02/01/2024,13:02:47,0.15,0.15,62520,0.2,7640,0,43520
FINNIFTY02JAN2420150PE.NFO,02/01/2024,13:03:06,0.15,0.15,62520,0.2,11240,0,43520
FINNIFTY02JAN2420150PE.NFO,02/01/2024,13:04:15,0.15,0.15,62480,0.2,11240,0,43520
FINNIFTY02JAN2420150PE.NFO,02/01/2024,13:04:25,0.15,0.15,62080,0.2,11520,400,44160
FINNIFTY02JAN2420150PE.NFO,02/01/2024,13:04:35,0.15,0.15,61760,0.2,11760,320,44160
FINNIFTY02JAN2420150PE.NFO,02/01/2024,13:04:45,0.15,0.15,62600,0.2,11160,1120,44160
FINNIFTY02JAN2420150PE.NFO,02/01/2024,13:04:55,0.2,0.15,62160,0.2,10920,680,44160
FINNIFTY02JAN2420150PE.NFO,02/01/2024,13:05:04,0.15,0.15,61920,0.2,10720,440,44160
FINNIFTY02JAN2420150PE.NFO,02/01/2024,13:05:14,0.15,0.15,58480,0.2,10720,3440,44160
FINNIFTY02JAN2420150PE.NFO,02/01/2024,13:05:23,0.15,0.15,56480,0.2,10520,2200,44160
FINNIFTY02JAN2420150PE.NFO,02/01/2024,13:05:32,0.2,0.15,56400,0.2,10280,320,44160
FINNIFTY02JAN2420150PE.NFO,02/01/2024,13:05:40,0.2,0.15,56400,0.2,10080,200,44160
FINNIFTY02JAN2420150PE.NFO,02/01/2024,13:05:49,0.2,0.15,56400,0.2,13280,0,44160
FINNIFTY02JAN2420150PE.NFO,02/01/2024,13:07:00,0.2,0.15,56400,0.2,12080,1200,43160
FINNIFTY02JAN2420150PE.NFO,02/01/2024,13:07:09,0.2,0.15,56400,0.2,17720,160,43160
FINNIFTY02JAN2420150PE.NFO,02/01/2024,13:07:18,0.2,0.15,56400,0.2,17760,200,43160
FINNIFTY02JAN2420150PE.NFO,02/01/2024,13:07:26,0.2,0.15,56400,0.2,19360,200,43160
FINNIFTY02JAN2420150PE.NFO,02/01/2024,13:07:35,0.2,0.15,56400,0.2,20160,200,43160
FINNIFTY02JAN2420150PE.NFO,02/01/2024,13:07:53,0.2,0.15,56400,0.2,20080,80,43160
FINNIFTY02JAN2420150PE.NFO,02/01/2024,13:08:02,0.2,0.15,56400,0.2,19160,920,43160
FINNIFTY02JAN2420150PE.NFO,02/01/2024,13:08:13,0.2,0.15,56400,0.2,18840,320,43160
FINNIFTY02JAN2420150PE.NFO,02/01/2024,13:08:22,0.2,0.15,56160,0.2,18600,480,43160
FINNIFTY02JAN2420150PE.NFO,02/01/2024,13:08:31,0.15,0.15,55720,0.2,18400,640,43160
FINNIFTY02JAN2420150PE.NFO,02/01/2024,13:08:40,0.15,0.15,55320,0.2,18400,400,43160
FINNIFTY02JAN2420150PE.NFO,02/01/2024,13:09:07,0.15,0.15,55200,0.2,18400,120,44240
FINNIFTY02JAN2420150PE.NFO,02/01/2024,13:09:17,0.15,0.15,54200,0.2,18160,0,44240
FINNIFTY02JAN2420150PE.NFO,02/01/2024,13:09:34,0.15,0.15,53400,0.2,18120,840,44240
FINNIFTY02JAN2420150PE.NFO,02/01/2024,13:11:03,0.2,0.15,53920,0.2,7040,10000,44240
FINNIFTY02JAN2420150PE.NFO,02/01/2024,13:11:12,0.2,0.15,53920,0.2,6800,240,44240
FINNIFTY02JAN2420150PE.NFO,02/01/2024,13:11:29,0.2,0.15,53920,0.2,9200,280,44240
FINNIFTY02JAN2420150PE.NFO,02/01/2024,13:11:39,0.2,0.15,53920,0.2,8800,400,44240
FINNIFTY02JAN2420150PE.NFO,02/01/2024,13:13:23,0.2,0.15,53920,0.2,8800,0,44240
FINNIFTY02JAN2420150PE.NFO,02/01/2024,13:14:06,0.2,0.15,52480,0.2,8960,0,44240
FINNIFTY02JAN2420150PE.NFO,02/01/2024,13:14:15,0.2,0.15,52480,0.2,8760,200,49200
FINNIFTY02JAN2420150PE.NFO,02/01/2024,13:14:32,0.2,0.15,53920,0.2,8760,0,49200
FINNIFTY02JAN2420150PE.NFO,02/01/2024,13:14:49,0.15,0.15,43920,0.2,10800,10000,49200
FINNIFTY02JAN2420150PE.NFO,02/01/2024,13:15:24,0.2,0.15,43920,0.2,10760,40,49200
FINNIFTY02JAN2420150PE.NFO,02/01/2024,13:16:42,0.2,0.15,43920,0.2,21880,0,49200
FINNIFTY02JAN2420150PE.NFO,02/01/2024,13:19:15,0.2,0.15,43920,0.2,24280,0,49200
FINNIFTY02JAN2420150PE.NFO,02/01/2024,13:19:32,0.2,0.15,43920,0.2,24400,0,49200
FINNIFTY02JAN2420150PE.NFO,02/01/2024,13:21:14,0.15,0.15,42480,0.2,23920,1440,49240
FINNIFTY02JAN2420150PE.NFO,02/01/2024,13:21:56,0.15,0.15,42480,0.2,13600,0,49240
FINNIFTY02JAN2420150PE.NFO,02/01/2024,13:22:04,0.15,0.15,11520,0.2,13600,0,49240
FINNIFTY02JAN2420150PE.NFO,02/01/2024,13:22:13,0.15,0.15,440,0.2,13840,15120,49240
FINNIFTY02JAN2420150PE.NFO,02/01/2024,13:22:21,0.15,0.15,80,0.2,11400,400,49240
FINNIFTY02JAN2420150PE.NFO,02/01/2024,13:22:30,0.15,0.15,5000,0.2,13200,0,49240
FINNIFTY02JAN2420150PE.NFO,02/01/2024,13:22:47,0.15,0.15,5040,0.2,11400,0,49240
FINNIFTY02JAN2420150PE.NFO,02/01/2024,13:22:56,0.15,0.15,5000,0.2,13200,0,49240
FINNIFTY02JAN2420150PE.NFO,02/01/2024,13:24:05,0.2,0.15,5000,0.2,3880,3600,49240
FINNIFTY02JAN2420150PE.NFO,02/01/2024,13:24:13,0.2,0.15,5000,0.2,3880,0,49240
FINNIFTY02JAN2420150PE.NFO,02/01/2024,13:24:30,0.2,0.15,5040,0.2,5520,160,35480
FINNIFTY02JAN2420150PE.NFO,02/01/2024,13:24:39,0.2,0.15,5040,0.2,5480,80,35480
FINNIFTY02JAN2420150PE.NFO,02/01/2024,13:24:48,0.2,0.15,5040,0.2,5480,0,35480
FINNIFTY02JAN2420150PE.NFO,02/01/2024,13:24:57,0.2,0.15,5000,0.2,5720,0,35480
FINNIFTY02JAN2420150PE.NFO,02/01/2024,13:25:06,0.2,0.15,5000,0.2,5360,80,35480
FINNIFTY02JAN2420150PE.NFO,02/01/2024,13:25:16,0.2,0.15,5080,0.2,3600,0,35480
FINNIFTY02JAN2420150PE.NFO,02/01/2024,13:25:25,0.2,0.15,5040,0.2,5400,0,35480
FINNIFTY02JAN2420150PE.NFO,02/01/2024,13:25:34,0.2,0.15,5080,0.2,3560,0,35480
FINNIFTY02JAN2420150PE.NFO,02/01/2024,13:25:52,0.2,0.15,5080,0.2,5360,0,35480
FINNIFTY02JAN2420150PE.NFO,02/01/2024,13:26:09,0.2,0.15,5040,0.2,3600,0,35480
FINNIFTY02JAN2420150PE.NFO,02/01/2024,13:26:18,0.2,0.15,5080,0.2,5240,160,35480
FINNIFTY02JAN2420150PE.NFO,02/01/2024,13:26:26,0.2,0.15,5080,0.2,3360,40,35480
FINNIFTY02JAN2420150PE.NFO,02/01/2024,13:26:35,0.2,0.15,5040,0.2,3360,0,35480
FINNIFTY02JAN2420150PE.NFO,02/01/2024,13:26:44,0.2,0.15,5080,0.2,4600,40,35480
FINNIFTY02JAN2420150PE.NFO,02/01/2024,13:26:52,0.2,0.15,5040,0.2,4560,40,35480
FINNIFTY02JAN2420150PE.NFO,02/01/2024,13:27:09,0.2,0.15,5040,0.2,6320,40,35240
FINNIFTY02JAN2420150PE.NFO,02/01/2024,13:27:18,0.2,0.15,5080,0.2,4520,0,35240
FINNIFTY02JAN2420150PE.NFO,02/01/2024,13:27:26,0.2,0.15,5040,0.2,4760,0,35240
FINNIFTY02JAN2420150PE.NFO,02/01/2024,13:27:35,0.2,0.15,5080,0.2,6520,40,35240
FINNIFTY02JAN2420150PE.NFO,02/01/2024,13:27:43,0.2,0.15,5040,0.2,4720,0,35240
FINNIFTY02JAN2420150PE.NFO,02/01/2024,13:28:25,0.15,0.15,4960,0.2,6280,160,35240
FINNIFTY02JAN2420150PE.NFO,02/01/2024,13:28:34,0.15,0.15,4920,0.2,4480,0,35240
FINNIFTY02JAN2420150PE.NFO,02/01/2024,13:29:33,0.2,0.15,4960,0.2,6080,200,35240
FINNIFTY02JAN2420150PE.NFO,02/01/2024,13:29:42,0.2,0.15,4920,0.2,6080,0,35240
FINNIFTY02JAN2420150PE.NFO,02/01/2024,13:30:42,0.2,0.15,6720,0.2,6080,0,35240
FINNIFTY02JAN2420150PE.NFO,02/01/2024,13:30:51,0.2,0.15,6720,0.2,6840,400,35200
FINNIFTY02JAN2420150PE.NFO,02/01/2024,13:31:00,0.15,0.15,6440,0.2,6840,280,35200
FINNIFTY02JAN2420150PE.NFO,02/01/2024,13:31:09,0.15,0.15,6240,0.2,4800,200,35200
FINNIFTY02JAN2420150PE.NFO,02/01/2024,13:31:36,0.15,0.15,6240,0.2,4800,0,35200
FINNIFTY02JAN2420150PE.NFO,02/01/2024,13:31:45,0.2,0.15,6240,0.2,6760,80,35200
FINNIFTY02JAN2420150PE.NFO,02/01/2024,13:31:54,0.2,0.15,6240,0.2,6600,160,35200
FINNIFTY02JAN2420150PE.NFO,02/01/2024,13:32:03,0.2,0.15,6240,0.2,6440,160,35200
FINNIFTY02JAN2420150PE.NFO,02/01/2024,13:32:12,0.2,0.15,6240,0.2,6400,80,35200
FINNIFTY02JAN2420150PE.NFO,02/01/2024,13:32:21,0.2,0.15,6240,0.2,6160,40,35200
FINNIFTY02JAN2420150PE.NFO,02/01/2024,13:32:30,0.2,0.15,6240,0.2,4360,0,35200
FINNIFTY02JAN2420150PE.NFO,02/01/2024,13:33:15,0.2,0.15,6240,0.2,2800,280,35680
FINNIFTY02JAN2420150PE.NFO,02/01/2024,13:33:50,0.2,0.15,6120,0.2,4080,0,35680
FINNIFTY02JAN2420150PE.NFO,02/01/2024,13:36:42,0.2,0.15,6120,0.2,7080,0,35680
FINNIFTY02JAN2420150PE.NFO,02/01/2024,13:37:20,0.2,0.15,4480,0.2,7080,0,35680
FINNIFTY02JAN2420150PE.NFO,02/01/2024,13:37:56,0.2,0.15,4480,0.2,5280,0,35680
FINNIFTY02JAN2420150PE.NFO,02/01/2024,13:40:06,0.2,0.15,4480,0.2,8880,0,35680
FINNIFTY02JAN2420150PE.NFO,02/01/2024,13:40:15,0.2,0.15,4480,0.2,8960,0,35680
FINNIFTY02JAN2420150PE.NFO,02/01/2024,13:41:13,0.2,0.15,4400,0.2,8960,0,35680
FINNIFTY02JAN2420150PE.NFO,02/01/2024,13:41:31,0.2,0.15,4400,0.2,6120,0,35680
FINNIFTY02JAN2420150PE.NFO,02/01/2024,13:42:56,0.15,0.15,4400,0.2,8960,80,35400
FINNIFTY02JAN2420150PE.NFO,02/01/2024,13:43:56,0.15,0.15,4360,0.2,8960,40,35400
FINNIFTY02JAN2420150PE.NFO,02/01/2024,13:44:04,0.15,0.15,4320,0.2,8960,40,35400
FINNIFTY02JAN2420150PE.NFO,02/01/2024,13:44:13,0.15,0.15,4280,0.2,8960,40,35400
FINNIFTY02JAN2420150PE.NFO,02/01/2024,13:44:21,0.15,0.15,4240,0.2,8960,40,35400
FINNIFTY02JAN2420150PE.NFO,02/01/2024,13:44:30,0.15,0.15,4080,0.2,8960,160,35400
FINNIFTY02JAN2420150PE.NFO,02/01/2024,13:44:46,0.15,0.15,4080,0.2,7080,0,35400
FINNIFTY02JAN2420150PE.NFO,02/01/2024,13:45:03,0.15,0.15,4040,0.2,7080,40,35400
FINNIFTY02JAN2420150PE.NFO,02/01/2024,13:45:12,0.15,0.15,4040,0.2,8920,0,35400
FINNIFTY02JAN2420150PE.NFO,02/01/2024,13:45:21,0.15,0.15,4040,0.2,8960,0,35400
FINNIFTY02JAN2420150PE.NFO,02/01/2024,13:45:29,0.15,0.15,4000,0.2,8960,40,35400
FINNIFTY02JAN2420150PE.NFO,02/01/2024,13:45:37,0.15,0.15,4000,0.2,8960,0,35400
FINNIFTY02JAN2420150PE.NFO,02/01/2024,13:45:45,0.15,0.15,3960,0.2,8960,40,35400
FINNIFTY02JAN2420150PE.NFO,02/01/2024,13:45:53,0.15,0.15,3920,0.2,8960,40,35400
FINNIFTY02JAN2420150PE.NFO,02/01/2024,13:46:01,0.15,0.15,3880,0.2,8960,40,35400
FINNIFTY02JAN2420150PE.NFO,02/01/2024,13:46:19,0.15,0.15,3880,0.2,8960,0,35400
FINNIFTY02JAN2420150PE.NFO,02/01/2024,13:46:27,0.2,0.15,3800,0.2,6200,200,35400
FINNIFTY02JAN2420150PE.NFO,02/01/2024,13:46:52,0.2,0.15,4560,0.2,7240,240,35400
FINNIFTY02JAN2420150PE.NFO,02/01/2024,13:47:00,0.15,0.15,4360,0.2,7240,200,35400
FINNIFTY02JAN2420150PE.NFO,02/01/2024,13:47:09,0.2,0.15,4320,0.2,7040,240,35400
FINNIFTY02JAN2420150PE.NFO,02/01/2024,13:47:17,0.15,0.15,4280,0.2,7040,40,35400
FINNIFTY02JAN2420150PE.NFO,02/01/2024,13:47:34,0.2,0.15,4280,0.2,6800,240,35400
FINNIFTY02JAN2420150PE.NFO,02/01/2024,13:48:01,0.2,0.15,2800,0.2,5880,0,35400
FINNIFTY02JAN2420150PE.NFO,02/01/2024,13:48:09,0.2,0.15,680,0.2,5880,0,35400
FINNIFTY02JAN2420150PE.NFO,02/01/2024,13:48:18,0.2,0.15,2680,0.2,6520,200,34760
FINNIFTY02JAN2420150PE.NFO,02/01/2024,13:48:27,0.2,0.15,2680,0.2,6320,200,34760
FINNIFTY02JAN2420150PE.NFO,02/01/2024,13:49:33,0.2,0.15,2600,0.2,4000,200,34760
FINNIFTY02JAN2420150PE.NFO,02/01/2024,13:49:42,0.2,0.15,2560,0.2,5800,200,34760
FINNIFTY02JAN2420150PE.NFO,02/01/2024,13:49:50,0.2,0.15,1720,0.2,5560,0,34760
FINNIFTY02JAN2420150PE.NFO,02/01/2024,13:49:58,0.2,0.15,1680,0.2,1480,520,34760
FINNIFTY02JAN2420150PE.NFO,02/01/2024,13:50:06,0.15,0.15,2400,0.2,5160,40,34760
FINNIFTY02JAN2420150PE.NFO,02/01/2024,13:50:15,0.2,0.15,1440,0.2,3480,440,34760
FINNIFTY02JAN2420150PE.NFO,02/01/2024,13:50:24,0.2,0.15,3200,0.2,4760,0,34760
FINNIFTY02JAN2420150PE.NFO,02/01/2024,13:50:33,0.2,0.15,3200,0.2,3480,0,34760
FINNIFTY02JAN2420150PE.NFO,02/01/2024,13:50:42,0.2,0.15,3160,0.2,4760,0,34760
FINNIFTY02JAN2420150PE.NFO,02/01/2024,13:50:51,0.2,0.15,3160,0.2,5000,0,34760
FINNIFTY02JAN2420150PE.NFO,02/01/2024,13:51:00,0.2,0.15,1600,0.2,4760,0,34760
FINNIFTY02JAN2420150PE.NFO,02/01/2024,13:51:10,0.15,0.15,1720,0.2,4760,1600,33840
FINNIFTY02JAN2420150PE.NFO,02/01/2024,13:51:19,0.15,0.15,1600,0.2,4760,280,33840
FINNIFTY02JAN2420150PE.NFO,02/01/2024,13:51:28,0.15,0.15,1760,0.2,1680,80,33840
FINNIFTY02JAN2420150PE.NFO,02/01/2024,13:51:37,0.15,0.15,1720,0.2,1680,40,33840
FINNIFTY02JAN2420150PE.NFO,02/01/2024,13:51:46,0.15,0.15,1760,0.2,2960,0,33840
FINNIFTY02JAN2420150PE.NFO,02/01/2024,13:51:55,0.15,0.15,1080,0.2,1680,40,33840
FINNIFTY02JAN2420150PE.NFO,02/01/2024,13:52:04,0.15,0.15,1640,0.2,4760,120,33840
FINNIFTY02JAN2420150PE.NFO,02/01/2024,13:52:13,0.15,0.15,920,0.2,4760,120,33840
FINNIFTY02JAN2420150PE.NFO,02/01/2024,13:52:22,0.2,0.15,3120,0.2,2760,200,33840
FINNIFTY02JAN2420150PE.NFO,02/01/2024,13:52:32,0.2,0.15,3040,0.25,960,1480,33840
FINNIFTY02JAN2420150PE.NFO,02/01/2024,13:52:41,0.2,0.15,4640,0.25,3080,1040,33840
FINNIFTY02JAN2420150PE.NFO,02/01/2024,13:52:51,0.2,0.15,5880,0.25,4160,1240,33840
FINNIFTY02JAN2420150PE.NFO,02/01/2024,13:53:00,0.15,0.15,6040,0.2,160,120,33840
FINNIFTY02JAN2420150PE.NFO,02/01/2024,13:53:09,0.15,0.15,8200,0.2,200,80,33840
FINNIFTY02JAN2420150PE.NFO,02/01/2024,13:53:18,0.2,0.15,7840,0.25,2680,2680,33840
FINNIFTY02JAN2420150PE.NFO,02/01/2024,13:53:28,0.2,0.15,7840,0.25,5920,760,33840
FINNIFTY02JAN2420150PE.NFO,02/01/2024,13:53:38,0.15,0.15,7080,0.2,200,1080,33840
FINNIFTY02JAN2420150PE.NFO,02/01/2024,13:53:47,0.15,0.15,4000,0.2,7240,760,33840
FINNIFTY02JAN2420150PE.NFO,02/01/2024,13:53:57,0.15,0.15,2200,0.2,12320,1880,33840
FINNIFTY02JAN2420150PE.NFO,02/01/2024,13:54:06,0.15,0.15,1880,0.2,15560,400,33840
FINNIFTY02JAN2420150PE.NFO,02/01/2024,13:54:16,0.15,0.15,1880,0.2,14200,80,39080
FINNIFTY02JAN2420150PE.NFO,02/01/2024,13:54:25,0.15,0.15,1680,0.2,12720,200,39080
FINNIFTY02JAN2420150PE.NFO,02/01/2024,13:54:35,0.1,0.1,121040,0.15,8440,2480,39080
FINNIFTY02JAN2420150PE.NFO,02/01/2024,13:54:35,0.1,0.1,121040,0.15,8440,0,39080
FINNIFTY02JAN2420150PE.NFO,02/01/2024,13:54:44,0.1,0.1,121800,0.15,12640,320,39080
FINNIFTY02JAN2420150PE.NFO,02/01/2024,13:54:53,0.1,0.1,121760,0.15,11440,40,39080
FINNIFTY02JAN2420150PE.NFO,02/01/2024,13:55:12,0.1,0.1,121760,0.15,13280,0,39080
FINNIFTY02JAN2420150PE.NFO,02/01/2024,13:55:21,0.1,0.1,121760,0.15,13320,0,39080
FINNIFTY02JAN2420150PE.NFO,02/01/2024,13:55:30,0.1,0.1,121760,0.15,13240,0,39080
FINNIFTY02JAN2420150PE.NFO,02/01/2024,13:55:38,0.1,0.1,125360,0.15,13240,0,39080
FINNIFTY02JAN2420150PE.NFO,02/01/2024,13:55:47,0.15,0.1,125360,0.15,13160,80,39080
FINNIFTY02JAN2420150PE.NFO,02/01/2024,13:55:56,0.15,0.1,125360,0.15,13360,0,39080
FINNIFTY02JAN2420150PE.NFO,02/01/2024,13:56:04,0.15,0.1,125360,0.15,11560,0,39080
FINNIFTY02JAN2420150PE.NFO,02/01/2024,13:56:13,0.15,0.1,125360,0.15,13400,0,39080
FINNIFTY02JAN2420150PE.NFO,02/01/2024,13:56:56,0.15,0.1,125360,0.15,13320,80,39080
FINNIFTY02JAN2420150PE.NFO,02/01/2024,13:57:05,0.15,0.1,125360,0.15,13320,0,39080
FINNIFTY02JAN2420150PE.NFO,02/01/2024,13:57:48,0.15,0.1,125360,0.15,13360,0,39080
FINNIFTY02JAN2420150PE.NFO,02/01/2024,13:57:57,0.15,0.1,125360,0.15,12920,400,39320
FINNIFTY02JAN2420150PE.NFO,02/01/2024,13:58:05,0.15,0.1,125360,0.15,18320,0,39320
FINNIFTY02JAN2420150PE.NFO,02/01/2024,13:58:13,0.15,0.1,125360,0.15,18360,0,39320
FINNIFTY02JAN2420150PE.NFO,02/01/2024,13:58:30,0.15,0.1,125360,0.15,18320,0,39320
FINNIFTY02JAN2420150PE.NFO,02/01/2024,13:58:56,0.15,0.1,121760,0.15,18320,0,39320
FINNIFTY02JAN2420150PE.NFO,02/01/2024,13:59:04,0.15,0.1,121480,0.15,18280,320,39320
FINNIFTY02JAN2420150PE.NFO,02/01/2024,13:59:13,0.15,0.1,121480,0.15,18280,0,39320
FINNIFTY02JAN2420150PE.NFO,02/01/2024,13:59:48,0.1,0.1,121360,0.15,18320,120,39320
FINNIFTY02JAN2420150PE.NFO,02/01/2024,13:59:57,0.1,0.1,121320,0.15,18280,40,39320
FINNIFTY02JAN2420150PE.NFO,02/01/2024,14:00:06,0.1,0.1,112240,0.15,18280,80,39320
FINNIFTY02JAN2420150PE.NFO,02/01/2024,14:00:15,0.1,0.1,112240,0.15,18680,0,39320
FINNIFTY02JAN2420150PE.NFO,02/01/2024,14:00:23,0.15,0.1,112240,0.15,18600,80,39320
FINNIFTY02JAN2420150PE.NFO,02/01/2024,14:00:32,0.15,0.1,112240,0.15,18600,0,39320
FINNIFTY02JAN2420150PE.NFO,02/01/2024,14:00:40,0.15,0.1,106840,0.15,18640,0,39320
FINNIFTY02JAN2420150PE.NFO,02/01/2024,14:01:32,0.15,0.1,105040,0.15,18640,0,39320
FINNIFTY02JAN2420150PE.NFO,02/01/2024,14:01:50,0.15,0.1,77720,0.15,18680,0,39320
FINNIFTY02JAN2420150PE.NFO,02/01/2024,14:01:59,0.15,0.1,77720,0.15,18600,0,39320
FINNIFTY02JAN2420150PE.NFO,02/01/2024,14:02:16,0.15,0.1,77720,0.15,17640,1000,39320
FINNIFTY02JAN2420150PE.NFO,02/01/2024,14:02:33,0.15,0.1,77720,0.15,17640,0,39320
FINNIFTY02JAN2420150PE.NFO,02/01/2024,14:02:42,0.15,0.1,77720,0.15,17680,0,39320
FINNIFTY02JAN2420150PE.NFO,02/01/2024,14:02:50,0.15,0.1,77720,0.15,17640,0,39320
FINNIFTY02JAN2420150PE.NFO,02/01/2024,14:03:25,0.15,0.1,77720,0.15,15800,0,39320
FINNIFTY02JAN2420150PE.NFO,02/01/2024,14:03:34,0.15,0.1,77720,0.15,16920,680,39320
FINNIFTY02JAN2420150PE.NFO,02/01/2024,14:03:43,0.15,0.1,77720,0.15,13240,1880,39320
FINNIFTY02JAN2420150PE.NFO,02/01/2024,14:03:52,0.15,0.1,77720,0.15,14400,640,39320
FINNIFTY02JAN2420150PE.NFO,02/01/2024,14:04:02,0.15,0.1,77720,0.15,14320,80,39320
FINNIFTY02JAN2420150PE.NFO,02/01/2024,14:04:11,0.15,0.1,77720,0.15,12320,200,39320
FINNIFTY02JAN2420150PE.NFO,02/01/2024,14:04:20,0.15,0.1,77720,0.15,14000,120,39320
FINNIFTY02JAN2420150PE.NFO,02/01/2024,14:04:30,0.15,0.1,77720,0.15,13920,80,39320
FINNIFTY02JAN2420150PE.NFO,02/01/2024,14:04:39,0.15,0.1,77720,0.15,15840,1680,39320
FINNIFTY02JAN2420150PE.NFO,02/01/2024,14:04:49,0.15,0.1,77720,0.15,19440,40,39320
FINNIFTY02JAN2420150PE.NFO,02/01/2024,14:04:58,0.15,0.1,77720,0.15,15840,0,39320
FINNIFTY02JAN2420150PE.NFO,02/01/2024,14:05:34,0.15,0.1,77720,0.15,19360,40,39320
FINNIFTY02JAN2420150PE.NFO,02/01/2024,14:05:43,0.15,0.1,77720,0.15,19240,120,39320
FINNIFTY02JAN2420150PE.NFO,02/01/2024,14:05:51,0.15,0.1,77720,0.15,19160,80,39320
FINNIFTY02JAN2420150PE.NFO,02/01/2024,14:06:00,0.15,0.1,77720,0.15,19120,40,39320
FINNIFTY02JAN2420150PE.NFO,02/01/2024,14:06:16,0.15,0.1,77720,0.15,19080,40,40240
FINNIFTY02JAN2420150PE.NFO,02/01/2024,14:06:58,0.15,0.1,77720,0.15,19000,80,40240
FINNIFTY02JAN2420150PE.NFO,02/01/2024,14:08:37,0.15,0.1,77720,0.15,19000,0,40240
FINNIFTY02JAN2420150PE.NFO,02/01/2024,14:08:53,0.15,0.1,77720,0.15,19600,0,40240
FINNIFTY02JAN2420150PE.NFO,02/01/2024,14:09:02,0.15,0.1,77720,0.15,19400,200,40240
FINNIFTY02JAN2420150PE.NFO,02/01/2024,14:09:22,0.15,0.1,77720,0.15,19360,40,40240
FINNIFTY02JAN2420150PE.NFO,02/01/2024,14:09:31,0.15,0.1,77720,0.15,18960,400,40240
FINNIFTY02JAN2420150PE.NFO,02/01/2024,14:09:41,0.15,0.1,77720,0.15,17120,3000,40240
FINNIFTY02JAN2420150PE.NFO,02/01/2024,14:10:13,0.1,0.1,78920,0.15,15360,200,40240
FINNIFTY02JAN2420150PE.NFO,02/01/2024,14:10:24,0.1,0.1,78760,0.15,17120,160,40240
FINNIFTY02JAN2420150PE.NFO,02/01/2024,14:10:34,0.1,0.1,78720,0.15,15320,40,40240
FINNIFTY02JAN2420150PE.NFO,02/01/2024,14:10:44,0.1,0.1,78720,0.15,17560,0,40240
FINNIFTY02JAN2420150PE.NFO,02/01/2024,14:10:54,0.1,0.1,78560,0.15,17560,160,40240
FINNIFTY02JAN2420150PE.NFO,02/01/2024,14:11:04,0.1,0.1,78360,0.15,17720,200,40240
FINNIFTY02JAN2420150PE.NFO,02/01/2024,14:11:16,0.1,0.1,78080,0.15,18160,280,40240
FINNIFTY02JAN2420150PE.NFO,02/01/2024,14:11:28,0.1,0.1,77960,0.15,15360,1120,40240
FINNIFTY02JAN2420150PE.NFO,02/01/2024,14:11:38,0.1,0.1,77960,0.15,17320,0,40240
FINNIFTY02JAN2420150PE.NFO,02/01/2024,14:12:08,0.1,0.1,77960,0.15,13720,0,40240
FINNIFTY02JAN2420150PE.NFO,02/01/2024,14:13:06,0.1,0.1,77720,0.15,18160,240,42480
FINNIFTY02JAN2420150PE.NFO,02/01/2024,14:13:16,0.1,0.1,77480,0.15,18320,360,42480
FINNIFTY02JAN2420150PE.NFO,02/01/2024,14:13:27,0.1,0.1,77120,0.15,18160,480,42480
FINNIFTY02JAN2420150PE.NFO,02/01/2024,14:13:37,0.1,0.1,76880,0.15,13480,1360,42480
FINNIFTY02JAN2420150PE.NFO,02/01/2024,14:13:48,0.1,0.1,77840,0.15,14280,40,42480
FINNIFTY02JAN2420150PE.NFO,02/01/2024,14:13:58,0.1,0.1,77840,0.15,14280,0,42480
FINNIFTY02JAN2420150PE.NFO,02/01/2024,14:14:09,0.15,0.1,77840,0.15,14160,120,42480
FINNIFTY02JAN2420150PE.NFO,02/01/2024,14:14:20,0.15,0.1,77840,0.15,14160,0,42480
FINNIFTY02JAN2420150PE.NFO,02/01/2024,14:14:50,0.15,0.1,77840,0.15,9840,4320,42480
FINNIFTY02JAN2420150PE.NFO,02/01/2024,14:14:59,0.15,0.1,77840,0.15,9720,120,42480
FINNIFTY02JAN2420150PE.NFO,02/01/2024,14:15:09,0.15,0.1,77840,0.15,9720,0,42480
FINNIFTY02JAN2420150PE.NFO,02/01/2024,14:15:18,0.15,0.1,77840,0.15,9520,160,43840
FINNIFTY02JAN2420150PE.NFO,02/01/2024,14:15:28,0.15,0.1,77840,0.15,9400,120,43840
FINNIFTY02JAN2420150PE.NFO,02/01/2024,14:15:57,0.15,0.1,77840,0.15,9960,0,43840
FINNIFTY02JAN2420150PE.NFO,02/01/2024,14:17:01,0.15,0.1,77760,0.15,9960,0,43840
FINNIFTY02JAN2420150PE.NFO,02/01/2024,14:17:37,0.15,0.1,77680,0.15,9960,0,43840
FINNIFTY02JAN2420150PE.NFO,02/01/2024,14:17:47,0.15,0.1,77680,0.15,9760,200,43840
FINNIFTY02JAN2420150PE.NFO,02/01/2024,14:17:57,0.15,0.1,77680,0.15,9640,120,43840
FINNIFTY02JAN2420150PE.NFO,02/01/2024,14:19:27,0.1,0.1,77400,0.15,9640,280,44280
FINNIFTY02JAN2420150PE.NFO,02/01/2024,14:19:38,0.1,0.1,76480,0.15,11640,920,44280
FINNIFTY02JAN2420150PE.NFO,02/01/2024,14:19:48,0.1,0.1,76240,0.15,12640,240,44280
FINNIFTY02JAN2420150PE.NFO,02/01/2024,14:19:57,0.1,0.1,76000,0.15,13440,240,44280
FINNIFTY02JAN2420150PE.NFO,02/01/2024,14:20:07,0.1,0.1,75480,0.15,16040,520,44280
FINNIFTY02JAN2420150PE.NFO,02/01/2024,14:20:17,0.1,0.1,75360,0.15,16040,120,44280
FINNIFTY02JAN2420150PE.NFO,02/01/2024,14:20:36,0.1,0.1,75240,0.15,16040,120,44280
FINNIFTY02JAN2420150PE.NFO,02/01/2024,14:20:45,0.1,0.1,67960,0.15,16040,80,44280
FINNIFTY02JAN2420150PE.NFO,02/01/2024,14:20:54,0.1,0.1,67840,0.15,16040,120,44280
FINNIFTY02JAN2420150PE.NFO,02/01/2024,14:21:03,0.1,0.1,67800,0.15,16040,40,44280
FINNIFTY02JAN2420150PE.NFO,02/01/2024,14:21:13,0.1,0.1,19680,0.15,16040,120,44280
FINNIFTY02JAN2420150PE.NFO,02/01/2024,14:21:22,0.1,0.1,19600,0.15,16040,80,44280
FINNIFTY02JAN2420150PE.NFO,02/01/2024,14:21:31,0.1,0.1,14160,0.15,15040,80,44280
FINNIFTY02JAN2420150PE.NFO,02/01/2024,14:21:40,0.15,0.1,14120,0.15,14760,440,44280
FINNIFTY02JAN2420150PE.NFO,02/01/2024,14:21:49,0.1,0.1,13960,0.15,14560,360,44280
FINNIFTY02JAN2420150PE.NFO,02/01/2024,14:21:59,0.1,0.1,13880,0.15,14600,80,44280
FINNIFTY02JAN2420150PE.NFO,02/01/2024,14:22:08,0.1,0.1,13720,0.15,14560,160,44280
FINNIFTY02JAN2420150PE.NFO,02/01/2024,14:22:17,0.1,0.1,13640,0.15,14560,80,44280
FINNIFTY02JAN2420150PE.NFO,02/01/2024,14:22:26,0.1,0.1,13320,0.15,14560,320,44280
FINNIFTY02JAN2420150PE.NFO,02/01/2024,14:22:55,0.1,0.1,13200,0.15,12760,120,44280
FINNIFTY02JAN2420150PE.NFO,02/01/2024,14:23:04,0.1,0.1,13080,0.15,14560,0,44280
FINNIFTY02JAN2420150PE.NFO,02/01/2024,14:24:44,0.15,0.1,13080,0.15,13560,1000,45000
FINNIFTY02JAN2420150PE.NFO,02/01/2024,14:25:29,0.15,0.1,13080,0.15,14040,0,45000
FINNIFTY02JAN2420150PE.NFO,02/01/2024,14:25:56,0.15,0.1,13080,0.15,15040,0,45000
FINNIFTY02JAN2420150PE.NFO,02/01/2024,14:26:22,0.15,0.1,13080,0.15,14960,80,45000
FINNIFTY02JAN2420150PE.NFO,02/01/2024,14:26:50,0.15,0.1,13080,0.15,14920,40,45000
FINNIFTY02JAN2420150PE.NFO,02/01/2024,14:27:43,0.15,0.1,13080,0.15,14920,0,45000
FINNIFTY02JAN2420150PE.NFO,02/01/2024,14:28:20,0.15,0.1,13080,0.15,14600,320,44520
FINNIFTY02JAN2420150PE.NFO,02/01/2024,14:28:55,0.15,0.1,13080,0.15,14520,80,44520
FINNIFTY02JAN2420150PE.NFO,02/01/2024,14:29:21,0.15,0.1,13080,0.15,14320,200,44520
FINNIFTY02JAN2420150PE.NFO,02/01/2024,14:30:55,0.15,0.1,13080,0.15,14240,80,45120
FINNIFTY02JAN2420150PE.NFO,02/01/2024,14:31:13,0.15,0.1,13080,0.15,14240,0,45120
FINNIFTY02JAN2420150PE.NFO,02/01/2024,14:31:58,0.15,0.1,13080,0.15,14000,240,45120
FINNIFTY02JAN2420150PE.NFO,02/01/2024,14:32:07,0.15,0.1,13080,0.15,13480,520,45120
FINNIFTY02JAN2420150PE.NFO,02/01/2024,14:32:16,0.15,0.1,13080,0.15,13000,480,45120
FINNIFTY02JAN2420150PE.NFO,02/01/2024,14:32:35,0.15,0.1,13080,0.15,12960,40,45120
FINNIFTY02JAN2420150PE.NFO,02/01/2024,14:32:44,0.15,0.1,13080,0.15,11040,160,45120
FINNIFTY02JAN2420150PE.NFO,02/01/2024,14:32:53,0.15,0.1,13080,0.15,10960,120,45120
FINNIFTY02JAN2420150PE.NFO,02/01/2024,14:33:01,0.15,0.1,11280,0.15,9400,480,45120
FINNIFTY02JAN2420150PE.NFO,02/01/2024,14:33:10,0.15,0.1,11280,0.15,11000,80,45120
FINNIFTY02JAN2420150PE.NFO,02/01/2024,14:33:20,0.15,0.1,11280,0.15,10520,440,46080
FINNIFTY02JAN2420150PE.NFO,02/01/2024,14:33:30,0.15,0.1,11280,0.15,10400,120,46080
FINNIFTY02JAN2420150PE.NFO,02/01/2024,14:33:39,0.15,0.1,11280,0.15,10360,40,46080
FINNIFTY02JAN2420150PE.NFO,02/01/2024,14:33:49,0.15,0.1,11280,0.15,10240,120,46080
FINNIFTY02JAN2420150PE.NFO,02/01/2024,14:33:58,0.15,0.1,11280,0.15,10160,80,46080
FINNIFTY02JAN2420150PE.NFO,02/01/2024,14:34:07,0.1,0.1,10280,0.15,10120,1040,46080
FINNIFTY02JAN2420150PE.NFO,02/01/2024,14:34:26,0.15,0.1,10280,0.15,8280,40,46080
FINNIFTY02JAN2420150PE.NFO,02/01/2024,14:35:00,0.15,0.1,10280,0.15,10040,40,46080
FINNIFTY02JAN2420150PE.NFO,02/01/2024,14:35:09,0.15,0.1,10280,0.15,8200,40,46080
FINNIFTY02JAN2420150PE.NFO,02/01/2024,14:35:19,0.15,0.1,11240,0.15,8040,600,46080
FINNIFTY02JAN2420150PE.NFO,02/01/2024,14:35:29,0.15,0.1,11240,0.15,7920,80,46080
FINNIFTY02JAN2420150PE.NFO,02/01/2024,14:35:38,0.15,0.1,11240,0.15,7840,80,46080
FINNIFTY02JAN2420150PE.NFO,02/01/2024,14:35:47,0.15,0.1,11240,0.15,7800,40,46080
FINNIFTY02JAN2420150PE.NFO,02/01/2024,14:35:56,0.15,0.1,11240,0.15,6840,960,46080
FINNIFTY02JAN2420150PE.NFO,02/01/2024,14:36:05,0.15,0.1,11240,0.15,5080,120,46080
FINNIFTY02JAN2420150PE.NFO,02/01/2024,14:36:14,0.15,0.1,11240,0.15,5000,80,46080
FINNIFTY02JAN2420150PE.NFO,02/01/2024,14:36:23,0.15,0.1,11240,0.15,4920,80,43720
FINNIFTY02JAN2420150PE.NFO,02/01/2024,14:36:42,0.15,0.1,11240,0.15,4840,80,43720
FINNIFTY02JAN2420150PE.NFO,02/01/2024,14:36:50,0.15,0.1,11240,0.15,7760,40,43720
FINNIFTY02JAN2420150PE.NFO,02/01/2024,14:37:00,0.15,0.1,11240,0.15,5880,80,43720
FINNIFTY02JAN2420150PE.NFO,02/01/2024,14:37:17,0.15,0.1,11240,0.15,8000,80,43720
FINNIFTY02JAN2420150PE.NFO,02/01/2024,14:37:26,0.15,0.1,11120,0.15,7360,760,43720
FINNIFTY02JAN2420150PE.NFO,02/01/2024,14:37:36,0.15,0.1,11120,0.15,7360,0,43720
FINNIFTY02JAN2420150PE.NFO,02/01/2024,14:37:57,0.1,0.1,11080,0.15,7360,40,43720
FINNIFTY02JAN2420150PE.NFO,02/01/2024,14:38:09,0.15,0.1,11080,0.15,7000,360,43720
FINNIFTY02JAN2420150PE.NFO,02/01/2024,14:38:20,0.15,0.1,11080,0.15,6680,360,43720
FINNIFTY02JAN2420150PE.NFO,02/01/2024,14:38:33,0.15,0.1,10680,0.15,6440,600,43720
FINNIFTY02JAN2420150PE.NFO,02/01/2024,14:38:45,0.15,0.1,10680,0.15,6040,520,43720
FINNIFTY02JAN2420150PE.NFO,02/01/2024,14:38:55,0.15,0.1,10680,0.15,4000,240,43720
FINNIFTY02JAN2420150PE.NFO,02/01/2024,14:39:05,0.15,0.1,9320,0.15,3720,280,43720
FINNIFTY02JAN2420150PE.NFO,02/01/2024,14:39:15,0.15,0.1,10360,0.15,3520,240,42520
FINNIFTY02JAN2420150PE.NFO,02/01/2024,14:39:25,0.15,0.1,10360,0.15,3240,240,42520
FINNIFTY02JAN2420150PE.NFO,02/01/2024,14:39:34,0.15,0.1,10360,0.15,4800,240,42520
FINNIFTY02JAN2420150PE.NFO,02/01/2024,14:39:44,0.15,0.1,10040,0.15,6160,760,42520
FINNIFTY02JAN2420150PE.NFO,02/01/2024,14:39:55,0.15,0.1,10040,0.15,5840,320,42520
FINNIFTY02JAN2420150PE.NFO,02/01/2024,14:40:06,0.15,0.1,10040,0.15,3720,320,42520
FINNIFTY02JAN2420150PE.NFO,02/01/2024,14:40:16,0.15,0.15,1800,0.2,2440,4320,42520
FINNIFTY02JAN2420150PE.NFO,02/01/2024,14:40:25,0.15,0.1,12160,0.15,640,2080,42520
FINNIFTY02JAN2420150PE.NFO,02/01/2024,14:40:36,0.15,0.1,12160,0.15,2080,520,42520
FINNIFTY02JAN2420150PE.NFO,02/01/2024,14:40:48,0.15,0.15,1120,0.2,6880,6000,42520
FINNIFTY02JAN2420150PE.NFO,02/01/2024,14:40:59,0.15,0.1,14240,0.15,40,1040,42520
FINNIFTY02JAN2420150PE.NFO,02/01/2024,14:41:09,0.15,0.1,14400,0.15,4600,200,42520
FINNIFTY02JAN2420150PE.NFO,02/01/2024,14:41:19,0.15,0.1,14480,0.15,2880,0,42520
FINNIFTY02JAN2420150PE.NFO,02/01/2024,14:41:29,0.15,0.1,14720,0.15,4480,0,42520
FINNIFTY02JAN2420150PE.NFO,02/01/2024,14:41:39,0.15,0.1,14720,0.15,3120,0,42520
FINNIFTY02JAN2420150PE.NFO,02/01/2024,14:42:08,0.15,0.1,14800,0.15,4720,0,42520
FINNIFTY02JAN2420150PE.NFO,02/01/2024,14:42:45,0.15,0.1,14800,0.15,3120,0,42520
FINNIFTY02JAN2420150PE.NFO,02/01/2024,14:42:54,0.15,0.1,14800,0.15,4720,0,42520
FINNIFTY02JAN2420150PE.NFO,02/01/2024,14:44:19,0.15,0.1,14880,0.15,4280,240,44600
FINNIFTY02JAN2420150PE.NFO,02/01/2024,14:44:29,0.15,0.1,14880,0.15,2440,240,44600
FINNIFTY02JAN2420150PE.NFO,02/01/2024,14:44:40,0.15,0.1,14960,0.15,3800,240,44600
FINNIFTY02JAN2420150PE.NFO,02/01/2024,14:44:50,0.15,0.1,14960,0.15,3800,0,44600
FINNIFTY02JAN2420150PE.NFO,02/01/2024,14:45:00,0.15,0.1,15040,0.15,4040,0,44600
FINNIFTY02JAN2420150PE.NFO,02/01/2024,14:45:09,0.15,0.1,15040,0.15,2440,0,44600
FINNIFTY02JAN2420150PE.NFO,02/01/2024,14:45:19,0.15,0.1,15040,0.15,4040,0,44600
FINNIFTY02JAN2420150PE.NFO,02/01/2024,14:45:29,0.15,0.1,15120,0.15,4040,0,44600
FINNIFTY02JAN2420150PE.NFO,02/01/2024,14:45:38,0.15,0.1,15120,0.15,3440,0,44600
FINNIFTY02JAN2420150PE.NFO,02/01/2024,14:45:57,0.1,0.1,15040,0.15,5080,80,44640
FINNIFTY02JAN2420150PE.NFO,02/01/2024,14:46:07,0.1,0.1,14640,0.15,5080,400,44640
FINNIFTY02JAN2420150PE.NFO,02/01/2024,14:46:16,0.1,0.1,14720,0.15,5080,2560,44640
FINNIFTY02JAN2420150PE.NFO,02/01/2024,14:46:25,0.1,0.1,12360,0.15,3800,2360,44640
FINNIFTY02JAN2420150PE.NFO,02/01/2024,14:46:35,0.1,0.1,8240,0.15,5240,240,44640
FINNIFTY02JAN2420150PE.NFO,02/01/2024,14:46:45,0.1,0.1,9000,0.15,5480,240,44640
FINNIFTY02JAN2420150PE.NFO,02/01/2024,14:46:54,0.1,0.1,8800,0.15,5240,200,44640
FINNIFTY02JAN2420150PE.NFO,02/01/2024,14:47:03,0.1,0.1,8600,0.15,3640,200,44640
FINNIFTY02JAN2420150PE.NFO,02/01/2024,14:47:13,0.1,0.1,7360,0.15,5240,160,44640
FINNIFTY02JAN2420150PE.NFO,02/01/2024,14:47:50,0.1,0.1,7000,0.15,5240,360,44640
FINNIFTY02JAN2420150PE.NFO,02/01/2024,14:48:17,0.15,0.1,7560,0.15,6600,400,43280
FINNIFTY02JAN2420150PE.NFO,02/01/2024,14:48:27,0.15,0.1,7240,0.15,8160,560,43280
FINNIFTY02JAN2420150PE.NFO,02/01/2024,14:48:36,0.15,0.1,6960,0.15,6080,560,43280
FINNIFTY02JAN2420150PE.NFO,02/01/2024,14:48:46,0.15,0.1,11200,0.15,5840,240,43280
FINNIFTY02JAN2420150PE.NFO,02/01/2024,14:48:55,0.15,0.1,14080,0.15,5760,80,43280
FINNIFTY02JAN2420150PE.NFO,02/01/2024,14:49:50,0.15,0.1,14080,0.15,6560,0,43280
FINNIFTY02JAN2420150PE.NFO,02/01/2024,14:50:00,0.15,0.1,14080,0.15,7040,0,43280
FINNIFTY02JAN2420150PE.NFO,02/01/2024,14:50:19,0.15,0.1,14080,0.15,7080,0,43280
FINNIFTY02JAN2420150PE.NFO,02/01/2024,14:51:06,0.15,0.1,15520,0.15,8480,0,43280
FINNIFTY02JAN2420150PE.NFO,02/01/2024,14:51:15,0.15,0.1,15520,0.15,10280,0,43280
FINNIFTY02JAN2420150PE.NFO,02/01/2024,14:51:34,0.1,0.1,15400,0.15,8680,120,43280
FINNIFTY02JAN2420150PE.NFO,02/01/2024,14:51:43,0.1,0.1,6920,0.15,10240,0,43280
FINNIFTY02JAN2420150PE.NFO,02/01/2024,14:51:52,0.1,0.1,3360,0.15,10240,40,43280
FINNIFTY02JAN2420150PE.NFO,02/01/2024,14:52:03,0.1,0.1,920,0.15,5760,3880,43280
FINNIFTY02JAN2420150PE.NFO,02/01/2024,14:52:13,0.15,0.1,720,0.15,5720,280,43280
FINNIFTY02JAN2420150PE.NFO,02/01/2024,14:52:23,0.1,0.1,520,0.15,5720,280,43280
FINNIFTY02JAN2420150PE.NFO,02/01/2024,14:52:32,0.1,0.1,960,0.15,5720,640,43280
FINNIFTY02JAN2420150PE.NFO,02/01/2024,14:52:42,0.1,0.1,640,0.15,5720,280,43280
FINNIFTY02JAN2420150PE.NFO,02/01/2024,14:52:52,0.1,0.1,760,0.15,5720,280,43280
FINNIFTY02JAN2420150PE.NFO,02/01/2024,14:53:01,0.1,0.1,560,0.15,5920,200,43280
FINNIFTY02JAN2420150PE.NFO,02/01/2024,14:53:10,0.1,0.1,680,0.15,5720,240,43280
FINNIFTY02JAN2420150PE.NFO,02/01/2024,14:53:20,0.1,0.1,440,0.15,5720,1120,43280
FINNIFTY02JAN2420150PE.NFO,02/01/2024,14:53:29,0.1,0.1,520,0.15,5720,320,43280
FINNIFTY02JAN2420150PE.NFO,02/01/2024,14:53:39,0.1,0.1,480,0.15,3440,400,43280
FINNIFTY02JAN2420150PE.NFO,02/01/2024,14:53:48,0.1,0.1,640,0.15,3440,120,43280
FINNIFTY02JAN2420150PE.NFO,02/01/2024,14:53:57,0.1,0.1,400,0.15,3440,240,43280
FINNIFTY02JAN2420150PE.NFO,02/01/2024,14:54:07,0.1,0.1,640,0.15,3440,120,43280
FINNIFTY02JAN2420150PE.NFO,02/01/2024,14:54:16,0.1,0.1,440,0.15,3440,200,43280
FINNIFTY02JAN2420150PE.NFO,02/01/2024,14:54:26,0.1,0.1,400,0.15,3480,160,36400
FINNIFTY02JAN2420150PE.NFO,02/01/2024,14:54:37,0.1,0.1,10680,0.15,2400,1880,36400
FINNIFTY02JAN2420150PE.NFO,02/01/2024,14:54:47,0.1,0.1,10560,0.15,2400,120,36400
FINNIFTY02JAN2420150PE.NFO,02/01/2024,14:54:57,0.1,0.1,10120,0.15,2240,480,36400
FINNIFTY02JAN2420150PE.NFO,02/01/2024,14:55:07,0.1,0.1,9880,0.15,4680,280,36400
FINNIFTY02JAN2420150PE.NFO,02/01/2024,14:55:17,0.1,0.1,9920,0.15,4880,280,36400
FINNIFTY02JAN2420150PE.NFO,02/01/2024,14:55:27,0.1,0.1,10320,0.15,4880,280,36400
FINNIFTY02JAN2420150PE.NFO,02/01/2024,14:55:36,0.1,0.1,10120,0.15,5880,200,36400
FINNIFTY02JAN2420150PE.NFO,02/01/2024,14:55:46,0.1,0.1,840,0.15,4440,3840,36400
FINNIFTY02JAN2420150PE.NFO,02/01/2024,14:55:55,0.05,0.05,39920,0.1,1200,1680,36400
FINNIFTY02JAN2420150PE.NFO,02/01/2024,14:55:55,0.05,0.05,39920,0.1,1200,0,36400
FINNIFTY02JAN2420150PE.NFO,02/01/2024,14:56:05,0.05,0.05,39840,0.1,40,1240,36400
FINNIFTY02JAN2420150PE.NFO,02/01/2024,14:56:14,0.05,0.05,39840,0.1,40,0,36400
FINNIFTY02JAN2420150PE.NFO,02/01/2024,14:56:43,0.05,0.05,31200,0.1,40,0,36400
FINNIFTY02JAN2420150PE.NFO,02/01/2024,14:56:52,0.05,0.05,24800,0.1,40,200,36400
FINNIFTY02JAN2420150PE.NFO,02/01/2024,14:57:02,0.1,0.1,1120,0.15,4640,40,36400
FINNIFTY02JAN2420150PE.NFO,02/01/2024,14:57:12,0.05,0.1,520,0.15,4440,200,36400
FINNIFTY02JAN2420150PE.NFO,02/01/2024,14:57:22,0.1,0.1,40,0.15,4600,1880,34640
FINNIFTY02JAN2420150PE.NFO,02/01/2024,14:57:32,0.1,0.1,360,0.15,5800,120,34640
FINNIFTY02JAN2420150PE.NFO,02/01/2024,14:57:42,0.1,0.1,40,0.15,5760,80,34640
FINNIFTY02JAN2420150PE.NFO,02/01/2024,14:57:52,0.1,0.05,22920,0.15,5760,0,34640
FINNIFTY02JAN2420150PE.NFO,02/01/2024,14:58:01,0.1,0.1,800,0.15,7720,0,34640
FINNIFTY02JAN2420150PE.NFO,02/01/2024,14:58:10,0.1,0.1,560,0.15,5760,0,34640
FINNIFTY02JAN2420150PE.NFO,02/01/2024,14:58:20,0.1,0.1,480,0.15,5760,120,34640
FINNIFTY02JAN2420150PE.NFO,02/01/2024,14:58:29,0.1,0.05,12240,0.15,5760,160,34640
FINNIFTY02JAN2420150PE.NFO,02/01/2024,14:58:38,0.1,0.05,12240,0.1,240,0,34640
FINNIFTY02JAN2420150PE.NFO,02/01/2024,14:58:47,0.1,0.05,12240,0.1,160,80,34640
FINNIFTY02JAN2420150PE.NFO,02/01/2024,14:58:56,0.1,0.05,12240,0.1,160,0,34640
FINNIFTY02JAN2420150PE.NFO,02/01/2024,14:59:35,0.1,0.05,12240,0.15,5400,160,34640
FINNIFTY02JAN2420150PE.NFO,02/01/2024,14:59:56,0.1,0.05,3240,0.15,5400,0,34640
FINNIFTY02JAN2420150PE.NFO,02/01/2024,15:00:06,0.1,0.05,440,0.15,5400,0,34640
FINNIFTY02JAN2420150PE.NFO,02/01/2024,15:01:27,0.1,0.05,240,0.15,2400,440,34080
FINNIFTY02JAN2420150PE.NFO,02/01/2024,15:01:36,0.1,0.05,1680,0.15,2400,40,34080
FINNIFTY02JAN2420150PE.NFO,02/01/2024,15:01:46,0.1,0.05,4920,0.15,2400,160,34080
FINNIFTY02JAN2420150PE.NFO,02/01/2024,15:01:56,0.1,0.05,3120,0.15,2400,0,34080
FINNIFTY02JAN2420150PE.NFO,02/01/2024,15:02:05,0.1,0.05,3120,0.15,2400,80,34080
FINNIFTY02JAN2420150PE.NFO,02/01/2024,15:02:15,0.1,0.05,3240,0.15,2960,40,34080
FINNIFTY02JAN2420150PE.NFO,02/01/2024,15:02:25,0.05,0.05,2920,0.15,2960,200,34080
FINNIFTY02JAN2420150PE.NFO,02/01/2024,15:02:54,0.05,0.05,3280,0.15,2960,40,34080
FINNIFTY02JAN2420150PE.NFO,02/01/2024,15:03:04,0.05,0.05,3280,0.15,4760,0,34080
FINNIFTY02JAN2420150PE.NFO,02/01/2024,15:03:13,0.05,0.05,2880,0.15,5760,0,34080
FINNIFTY02JAN2420150PE.NFO,02/01/2024,15:03:32,0.05,0.05,3440,0.15,5960,0,34080
FINNIFTY02JAN2420150PE.NFO,02/01/2024,15:04:00,0.05,0.05,3440,0.1,2520,0,34080
FINNIFTY02JAN2420150PE.NFO,02/01/2024,15:04:20,0.05,0.05,3440,0.1,480,0,34080
FINNIFTY02JAN2420150PE.NFO,02/01/2024,15:05:20,0.1,0.05,3440,0.15,2960,120,33520
FINNIFTY02JAN2420150PE.NFO,02/01/2024,15:05:30,0.1,0.05,3160,0.1,2440,0,33520
FINNIFTY02JAN2420150PE.NFO,02/01/2024,15:06:10,0.1,0.05,3160,0.1,2480,0,33520
FINNIFTY02JAN2420150PE.NFO,02/01/2024,15:06:32,0.05,0,0,0.1,2320,240,33520
FINNIFTY02JAN2420150PE.NFO,02/01/2024,15:06:52,0.05,0,0,0.1,2360,0,33520
FINNIFTY02JAN2420150PE.NFO,02/01/2024,15:07:02,0.05,0,0,0.1,2560,0,33520
FINNIFTY02JAN2420150PE.NFO,02/01/2024,15:07:11,0.05,0,0,0.05,240,0,33520
FINNIFTY02JAN2420150PE.NFO,02/01/2024,15:07:22,0.05,0,0,0.1,2360,240,33520
FINNIFTY02JAN2420150PE.NFO,02/01/2024,15:07:58,0.05,0,0,0.1,2320,0,33520
FINNIFTY02JAN2420150PE.NFO,02/01/2024,15:08:11,0.05,0,0,0.1,520,0,33520
FINNIFTY02JAN2420150PE.NFO,02/01/2024,15:08:23,0.05,0,0,0.1,560,0,33520
FINNIFTY02JAN2420150PE.NFO,02/01/2024,15:08:58,0.05,0,0,0.1,520,0,33520
FINNIFTY02JAN2420150PE.NFO,02/01/2024,15:09:08,0.05,0,0,0.1,560,0,33520
FINNIFTY02JAN2420150PE.NFO,02/01/2024,15:09:38,0.05,0,0,0.05,1000,0,33520
FINNIFTY02JAN2420150PE.NFO,02/01/2024,15:09:59,0.05,0,0,0.1,560,0,33520
FINNIFTY02JAN2420150PE.NFO,02/01/2024,15:10:34,0.05,0,0,0.1,1560,0,33520
FINNIFTY02JAN2420150PE.NFO,02/01/2024,15:11:59,0.05,0.05,680,0.1,1720,0,33520
FINNIFTY02JAN2420150PE.NFO,02/01/2024,15:12:09,0.05,0.05,680,0.1,3520,0,33520
FINNIFTY02JAN2420150PE.NFO,02/01/2024,15:12:19,0.1,0.05,680,0.1,3520,40,33280
FINNIFTY02JAN2420150PE.NFO,02/01/2024,15:12:29,0.1,0.05,680,0.1,3440,80,33280
FINNIFTY02JAN2420150PE.NFO,02/01/2024,15:12:39,0.1,0.05,680,0.1,3320,400,33280
FINNIFTY02JAN2420150PE.NFO,02/01/2024,15:12:49,0.1,0.05,680,0.1,3160,160,33280
FINNIFTY02JAN2420150PE.NFO,02/01/2024,15:13:00,0.1,0.05,680,0.1,3080,80,33280
FINNIFTY02JAN2420150PE.NFO,02/01/2024,15:13:10,0.05,0,0,0.05,4520,680,33280
FINNIFTY02JAN2420150PE.NFO,02/01/2024,15:13:42,0.05,0,0,0.05,4600,0,33280
FINNIFTY02JAN2420150PE.NFO,02/01/2024,15:20:55,0.05,0,0,0.05,4520,0,33280
FINNIFTY02JAN2420150PE.NFO,02/01/2024,15:21:34,0.05,0,0,0.05,4600,0,33280
FINNIFTY02JAN2420150PE.NFO,02/01/2024,15:21:44,0.05,0,0,0.05,4680,0,33280
FINNIFTY02JAN2420150PE.NFO,02/01/2024,15:21:53,0.05,0,0,0.05,5280,0,33280
FINNIFTY02JAN2420150PE.NFO,02/01/2024,15:22:39,0.05,0,0,0.05,5240,0,33280
FINNIFTY02JAN2420150PE.NFO,02/01/2024,15:22:58,0.05,0,0,0.05,5200,0,33280
FINNIFTY02JAN2420150PE.NFO,02/01/2024,15:25:44,0.05,0,0,0.05,4880,360,32720
FINNIFTY02JAN2420150PE.NFO,02/01/2024,15:25:54,0.05,0,0,0.05,8480,0,32720
FINNIFTY02JAN2420150PE.NFO,02/01/2024,15:26:15,0.05,0,0,0.05,8680,0,32720
FINNIFTY02JAN2420150PE.NFO,02/01/2024,15:28:00,0.05,0,0,0.05,8480,0,32720
FINNIFTY02JAN2420150PE.NFO,02/01/2024,15:28:31,0.05,0,0,0.05,8680,0,32720
FINNIFTY02JAN2420150PE.NFO,02/01/2024,15:28:42,0.05,0,0,0.05,8480,0,32720
FINNIFTY02JAN2420150PE.NFO,02/01/2024,15:29:03,0.05,0,0,0.05,8520,0,32720
FINNIFTY02JAN2420150PE.NFO,02/01/2024,15:29:13,0.05,0,0,0.05,9960,0,32720
FINNIFTY02JAN2420150PE.NFO,02/01/2024,15:29:45,0.05,0,0,0.05,8320,0,32720
FINNIFTY02JAN2420150PE.NFO,02/01/2024,15:30:00,0.05,0,0,0.05,8240,0,32720
