Ticker,Date,Time,LTP,BuyPrice,BuyQty,SellPrice,SellQty,LTQ,OpenInterest
FINNIFTY02JAN2421100PE.NFO,02/01/2024,09:15:00,1.95,1.3,200,1.35,160,7000,1983640
FINNIFTY02JAN2421100PE.NFO,02/01/2024,09:15:00,1.95,1.3,200,1.35,160,0,1983640
FINNIFTY02JAN2421100PE.NFO,02/01/2024,09:15:00,1.95,1.3,200,1.35,160,0,1983640
FINNIFTY02JAN2421100PE.NFO,02/01/2024,09:15:00,1.2,1.3,200,1.35,160,0,1983640
FINNIFTY02JAN2421100PE.NFO,02/01/2024,09:15:01,1.25,1.15,1400,1.25,1080,8920,1983640
FINNIFTY02JAN2421100PE.NFO,02/01/2024,09:15:01,1.15,1.15,1400,1.25,1080,0,1983640
FINNIFTY02JAN2421100PE.NFO,02/01/2024,09:15:02,1.45,1.4,1520,1.45,200,25400,1983640
FINNIFTY02JAN2421100PE.NFO,02/01/2024,09:15:03,1.2,1.15,1680,1.2,280,36760,1983640
FINNIFTY02JAN2421100PE.NFO,02/01/2024,09:15:03,1.1,1.15,1680,1.2,280,0,1983640
FINNIFTY02JAN2421100PE.NFO,02/01/2024,09:15:04,1.2,1.2,2480,1.25,1840,33720,1983640
FINNIFTY02JAN2421100PE.NFO,02/01/2024,09:15:05,1.3,1.25,2120,1.3,2120,55120,1983640
FINNIFTY02JAN2421100PE.NFO,02/01/2024,09:15:05,1.3,1.3,2240,1.35,160,8080,1983640
FINNIFTY02JAN2421100PE.NFO,02/01/2024,09:15:06,1.1,1.1,800,1.15,4480,40520,1983640
FINNIFTY02JAN2421100PE.NFO,02/01/2024,09:15:07,1,1,12920,1.05,3400,20720,1983640
FINNIFTY02JAN2421100PE.NFO,02/01/2024,09:15:07,1,1,12920,1.05,3400,0,1983640
FINNIFTY02JAN2421100PE.NFO,02/01/2024,09:15:08,1.05,1,6480,1.05,11480,29160,1983640
FINNIFTY02JAN2421100PE.NFO,02/01/2024,09:15:09,1,1,7400,1.05,11720,40440,1983640
FINNIFTY02JAN2421100PE.NFO,02/01/2024,09:15:09,0.9,1,7400,1.05,11720,0,1983640
FINNIFTY02JAN2421100PE.NFO,02/01/2024,09:15:11,1.1,1.05,3640,1.1,17240,57960,1983640
FINNIFTY02JAN2421100PE.NFO,02/01/2024,09:15:12,1.05,1.05,14840,1.1,18960,18160,1983640
FINNIFTY02JAN2421100PE.NFO,02/01/2024,09:15:13,1,1,8000,1.05,9600,121600,1983640
FINNIFTY02JAN2421100PE.NFO,02/01/2024,09:15:14,0.95,0.9,48680,0.95,9840,32840,1983640
FINNIFTY02JAN2421100PE.NFO,02/01/2024,09:15:15,0.95,0.9,54080,0.95,880,96520,1983640
FINNIFTY02JAN2421100PE.NFO,02/01/2024,09:15:15,1,0.95,18160,1,19280,1920,1983640
FINNIFTY02JAN2421100PE.NFO,02/01/2024,09:15:16,1,0.95,18040,1,26160,28040,1983640
FINNIFTY02JAN2421100PE.NFO,02/01/2024,09:15:17,1,1,16960,1.05,1440,93520,1983640
FINNIFTY02JAN2421100PE.NFO,02/01/2024,09:15:18,1.05,1,16480,1.05,6480,25560,1983640
FINNIFTY02JAN2421100PE.NFO,02/01/2024,09:15:20,0.95,0.95,137960,1,27520,89880,1983640
FINNIFTY02JAN2421100PE.NFO,02/01/2024,09:15:21,0.95,0.95,124720,1,41640,37680,1983640
FINNIFTY02JAN2421100PE.NFO,02/01/2024,09:15:22,1,0.95,131920,1,35400,22320,1983640
FINNIFTY02JAN2421100PE.NFO,02/01/2024,09:15:22,0.95,0.95,107560,1,48720,8200,1983640
FINNIFTY02JAN2421100PE.NFO,02/01/2024,09:15:23,1,0.95,103560,1,36320,31000,1983640
FINNIFTY02JAN2421100PE.NFO,02/01/2024,09:15:24,0.95,0.95,72680,1,33120,44960,1983640
FINNIFTY02JAN2421100PE.NFO,02/01/2024,09:15:26,1,0.95,41000,1,41000,33080,1983640
FINNIFTY02JAN2421100PE.NFO,02/01/2024,09:15:27,1,0.95,22400,1,83760,42320,1983640
FINNIFTY02JAN2421100PE.NFO,02/01/2024,09:15:28,0.9,0.9,63720,0.95,16120,47120,1983640
FINNIFTY02JAN2421100PE.NFO,02/01/2024,09:15:29,0.95,0.9,78800,0.95,58360,25760,1983640
FINNIFTY02JAN2421100PE.NFO,02/01/2024,09:15:29,0.9,0.9,78040,0.95,61400,2920,1983640
FINNIFTY02JAN2421100PE.NFO,02/01/2024,09:15:30,0.95,0.9,61120,0.95,55600,82160,1983640
FINNIFTY02JAN2421100PE.NFO,02/01/2024,09:15:32,0.95,0.9,43960,0.95,70160,33960,1983640
FINNIFTY02JAN2421100PE.NFO,02/01/2024,09:15:33,0.9,0.9,30960,0.95,82120,22880,1983640
FINNIFTY02JAN2421100PE.NFO,02/01/2024,09:15:34,0.95,0.9,31320,0.95,68880,32160,1983640
FINNIFTY02JAN2421100PE.NFO,02/01/2024,09:15:35,0.95,0.9,30840,0.95,79440,78120,1983640
FINNIFTY02JAN2421100PE.NFO,02/01/2024,09:15:35,0.85,0.9,30840,0.95,79440,0,1983640
FINNIFTY02JAN2421100PE.NFO,02/01/2024,09:15:35,0.95,0.9,41720,0.95,58760,2880,1983640
FINNIFTY02JAN2421100PE.NFO,02/01/2024,09:15:36,0.9,0.9,47320,0.95,48800,36120,1983640
FINNIFTY02JAN2421100PE.NFO,02/01/2024,09:15:37,0.9,0.9,48520,0.95,34880,49840,1983640
FINNIFTY02JAN2421100PE.NFO,02/01/2024,09:15:39,0.9,0.9,54640,0.95,48920,22480,1983640
FINNIFTY02JAN2421100PE.NFO,02/01/2024,09:15:40,0.9,0.9,101600,0.95,37480,72000,1983640
FINNIFTY02JAN2421100PE.NFO,02/01/2024,09:15:41,0.9,0.9,96840,0.95,45320,40520,1983640
FINNIFTY02JAN2421100PE.NFO,02/01/2024,09:15:42,0.95,0.9,102480,0.95,35480,22600,1983640
FINNIFTY02JAN2421100PE.NFO,02/01/2024,09:15:43,0.95,0.9,103080,0.95,56960,50360,1983640
FINNIFTY02JAN2421100PE.NFO,02/01/2024,09:15:43,0.95,0.9,119240,0.95,34440,5640,1983640
FINNIFTY02JAN2421100PE.NFO,02/01/2024,09:15:44,0.95,0.9,121360,0.95,1440,31160,1983640
FINNIFTY02JAN2421100PE.NFO,02/01/2024,09:15:46,0.95,0.9,99560,0.95,43120,61120,1983640
FINNIFTY02JAN2421100PE.NFO,02/01/2024,09:15:47,0.95,0.9,98200,0.95,67640,21680,1983640
FINNIFTY02JAN2421100PE.NFO,02/01/2024,09:15:48,0.95,0.9,78520,0.95,55600,69320,1983640
FINNIFTY02JAN2421100PE.NFO,02/01/2024,09:15:49,0.95,0.9,94640,0.95,48160,31880,1983640
FINNIFTY02JAN2421100PE.NFO,02/01/2024,09:15:50,0.95,0.9,103200,0.95,95640,146280,1983640
FINNIFTY02JAN2421100PE.NFO,02/01/2024,09:15:50,0.9,0.9,89320,0.95,95120,18360,1983640
FINNIFTY02JAN2421100PE.NFO,02/01/2024,09:15:51,0.95,0.9,71800,0.95,129360,33240,1983640
FINNIFTY02JAN2421100PE.NFO,02/01/2024,09:15:53,0.9,0.85,207240,0.9,33240,38440,1983640
FINNIFTY02JAN2421100PE.NFO,02/01/2024,09:15:54,0.9,0.9,26160,0.95,137960,49600,1983640
FINNIFTY02JAN2421100PE.NFO,02/01/2024,09:15:55,0.9,0.85,200200,0.9,53720,18360,1983640
FINNIFTY02JAN2421100PE.NFO,02/01/2024,09:15:56,0.9,0.85,185720,0.9,42400,56920,1983640
FINNIFTY02JAN2421100PE.NFO,02/01/2024,09:15:57,0.95,0.9,158440,0.95,131800,61960,1983640
FINNIFTY02JAN2421100PE.NFO,02/01/2024,09:15:57,0.95,0.9,157600,0.95,132960,4600,1983640
FINNIFTY02JAN2421100PE.NFO,02/01/2024,09:15:58,0.95,0.9,139920,0.95,134560,12880,1983640
FINNIFTY02JAN2421100PE.NFO,02/01/2024,09:16:00,0.9,0.9,131160,0.95,143320,36920,1983640
FINNIFTY02JAN2421100PE.NFO,02/01/2024,09:16:01,0.9,0.85,124720,0.9,87560,193120,1983640
FINNIFTY02JAN2421100PE.NFO,02/01/2024,09:16:02,0.9,0.85,117720,0.9,214200,43840,1983640
FINNIFTY02JAN2421100PE.NFO,02/01/2024,09:16:03,0.9,0.85,174520,0.9,229360,25880,1983640
FINNIFTY02JAN2421100PE.NFO,02/01/2024,09:16:04,0.9,0.85,166000,0.9,255040,35880,1983640
FINNIFTY02JAN2421100PE.NFO,02/01/2024,09:16:04,0.9,0.85,164880,0.9,208440,2600,1983640
FINNIFTY02JAN2421100PE.NFO,02/01/2024,09:16:06,0.9,0.85,200960,0.9,184720,36000,1983640
FINNIFTY02JAN2421100PE.NFO,02/01/2024,09:16:07,0.85,0.85,204120,0.9,238480,26840,1983640
FINNIFTY02JAN2421100PE.NFO,02/01/2024,09:16:08,0.85,0.85,168360,0.9,266160,6720,1983640
FINNIFTY02JAN2421100PE.NFO,02/01/2024,09:16:09,0.9,0.85,99440,0.9,268480,40480,1983640
FINNIFTY02JAN2421100PE.NFO,02/01/2024,09:16:10,0.9,0.85,174640,0.9,242080,27960,1983640
FINNIFTY02JAN2421100PE.NFO,02/01/2024,09:16:10,0.85,0.85,171440,0.9,243880,1680,1983640
FINNIFTY02JAN2421100PE.NFO,02/01/2024,09:16:11,0.85,0.85,164640,0.9,259160,25760,1983640
FINNIFTY02JAN2421100PE.NFO,02/01/2024,09:16:13,0.9,0.85,168560,0.9,277240,19120,1983640
FINNIFTY02JAN2421100PE.NFO,02/01/2024,09:16:14,0.9,0.85,219320,0.9,233000,7840,1983640
FINNIFTY02JAN2421100PE.NFO,02/01/2024,09:16:15,0.85,0.85,150280,0.9,267160,15320,1983640
FINNIFTY02JAN2421100PE.NFO,02/01/2024,09:16:16,0.85,0.85,198040,0.9,249240,22080,1983640
FINNIFTY02JAN2421100PE.NFO,02/01/2024,09:16:17,0.85,0.85,216560,0.9,239560,19480,1983640
FINNIFTY02JAN2421100PE.NFO,02/01/2024,09:16:18,0.85,0.85,224000,0.9,245320,14800,1983640
FINNIFTY02JAN2421100PE.NFO,02/01/2024,09:16:18,0.85,0.85,153320,0.9,272520,1280,1983640
FINNIFTY02JAN2421100PE.NFO,02/01/2024,09:16:20,0.85,0.85,269160,0.9,245000,2560,1983640
FINNIFTY02JAN2421100PE.NFO,02/01/2024,09:16:21,0.85,0.85,255000,0.9,240400,33080,1983640
FINNIFTY02JAN2421100PE.NFO,02/01/2024,09:16:22,0.9,0.85,295280,0.9,233120,10800,1983640
FINNIFTY02JAN2421100PE.NFO,02/01/2024,09:16:23,0.9,0.85,350480,0.9,226600,23200,1983640
FINNIFTY02JAN2421100PE.NFO,02/01/2024,09:16:24,0.85,0.85,394160,0.9,258720,12600,1983640
FINNIFTY02JAN2421100PE.NFO,02/01/2024,09:16:25,0.85,0.85,447520,0.9,227960,9360,1983640
FINNIFTY02JAN2421100PE.NFO,02/01/2024,09:16:25,0.9,0.85,467440,0.9,204400,7600,1983640
FINNIFTY02JAN2421100PE.NFO,02/01/2024,09:16:26,0.9,0.85,482960,0.9,198400,18400,1983640
FINNIFTY02JAN2421100PE.NFO,02/01/2024,09:16:28,0.9,0.85,479560,0.9,137640,38360,1983640
FINNIFTY02JAN2421100PE.NFO,02/01/2024,09:16:29,0.85,0.85,476960,0.9,162280,47240,1983640
FINNIFTY02JAN2421100PE.NFO,02/01/2024,09:16:30,0.9,0.85,429640,0.9,118840,94520,1983640
FINNIFTY02JAN2421100PE.NFO,02/01/2024,09:16:31,0.9,0.85,466360,0.9,74520,20680,1983640
FINNIFTY02JAN2421100PE.NFO,02/01/2024,09:16:32,0.9,0.85,448320,0.9,8840,74680,1983640
FINNIFTY02JAN2421100PE.NFO,02/01/2024,09:16:32,0.9,0.85,449240,0.9,2600,3840,1983640
FINNIFTY02JAN2421100PE.NFO,02/01/2024,09:16:33,0.95,0.9,160000,0.95,152320,44840,1983640
FINNIFTY02JAN2421100PE.NFO,02/01/2024,09:16:35,0.9,0.9,192920,0.95,142200,8280,1983640
FINNIFTY02JAN2421100PE.NFO,02/01/2024,09:16:36,0.9,0.9,171240,0.95,183720,16680,1983640
FINNIFTY02JAN2421100PE.NFO,02/01/2024,09:16:37,0.95,0.9,200080,0.95,145320,19160,1983640
FINNIFTY02JAN2421100PE.NFO,02/01/2024,09:16:38,0.9,0.9,171760,0.95,158280,2840,1983640
FINNIFTY02JAN2421100PE.NFO,02/01/2024,09:16:39,0.9,0.9,172080,0.95,165560,32280,1983640
FINNIFTY02JAN2421100PE.NFO,02/01/2024,09:16:40,0.95,0.9,173920,0.95,154240,7000,1983640
FINNIFTY02JAN2421100PE.NFO,02/01/2024,09:16:40,0.95,0.9,186520,0.95,133680,3400,1983640
FINNIFTY02JAN2421100PE.NFO,02/01/2024,09:16:41,0.9,0.85,455800,0.9,56440,93600,1983640
FINNIFTY02JAN2421100PE.NFO,02/01/2024,09:16:43,0.85,0.85,459080,0.9,23560,48000,1983640
FINNIFTY02JAN2421100PE.NFO,02/01/2024,09:16:44,0.9,0.9,57280,0.95,186680,54120,1983640
FINNIFTY02JAN2421100PE.NFO,02/01/2024,09:16:45,0.85,0.85,517200,0.9,81400,25800,1983640
FINNIFTY02JAN2421100PE.NFO,02/01/2024,09:16:46,0.85,0.85,502240,0.9,166920,7160,1983640
FINNIFTY02JAN2421100PE.NFO,02/01/2024,09:16:47,0.85,0.85,523520,0.9,168520,4280,1983640
FINNIFTY02JAN2421100PE.NFO,02/01/2024,09:16:48,0.85,0.85,486280,0.9,178040,13640,1983640
FINNIFTY02JAN2421100PE.NFO,02/01/2024,09:16:48,0.9,0.85,495920,0.9,168840,1480,1983640
FINNIFTY02JAN2421100PE.NFO,02/01/2024,09:16:50,0.85,0.85,513160,0.9,176320,12840,1983640
FINNIFTY02JAN2421100PE.NFO,02/01/2024,09:16:51,0.85,0.85,505360,0.9,195880,16120,1983640
FINNIFTY02JAN2421100PE.NFO,02/01/2024,09:16:52,0.85,0.85,520560,0.9,171840,12720,1983640
FINNIFTY02JAN2421100PE.NFO,02/01/2024,09:16:53,0.85,0.85,496760,0.9,220920,13000,1983640
FINNIFTY02JAN2421100PE.NFO,02/01/2024,09:16:54,0.9,0.85,566160,0.9,141720,30080,1983640
FINNIFTY02JAN2421100PE.NFO,02/01/2024,09:16:54,0.9,0.85,565200,0.9,138720,3200,1983640
FINNIFTY02JAN2421100PE.NFO,02/01/2024,09:16:55,0.9,0.85,595960,0.9,200,110360,1983640
FINNIFTY02JAN2421100PE.NFO,02/01/2024,09:16:57,0.95,0.9,151560,0.95,171480,38600,1983640
FINNIFTY02JAN2421100PE.NFO,02/01/2024,09:16:58,0.9,0.9,161840,0.95,148000,29560,1983640
FINNIFTY02JAN2421100PE.NFO,02/01/2024,09:16:59,0.95,0.9,157760,0.95,220880,73760,1983640
FINNIFTY02JAN2421100PE.NFO,02/01/2024,09:17:00,0.9,0.9,61080,0.95,213280,74240,1983640
FINNIFTY02JAN2421100PE.NFO,02/01/2024,09:17:01,0.9,0.9,119720,0.95,137320,37240,1983640
FINNIFTY02JAN2421100PE.NFO,02/01/2024,09:17:01,0.9,0.9,151120,0.95,126520,3120,1983640
FINNIFTY02JAN2421100PE.NFO,02/01/2024,09:17:03,0.95,0.9,154200,0.95,124360,52960,1983640
FINNIFTY02JAN2421100PE.NFO,02/01/2024,09:17:04,0.9,0.85,591600,0.9,89120,56240,1983640
FINNIFTY02JAN2421100PE.NFO,02/01/2024,09:17:05,0.85,0.85,600560,0.9,124200,39840,1983640
FINNIFTY02JAN2421100PE.NFO,02/01/2024,09:17:06,0.85,0.85,603200,0.9,96280,13160,1983640
FINNIFTY02JAN2421100PE.NFO,02/01/2024,09:17:07,0.9,0.85,582840,0.9,114400,2160,1983640
FINNIFTY02JAN2421100PE.NFO,02/01/2024,09:17:08,0.85,0.85,640000,0.9,61800,26960,1983640
FINNIFTY02JAN2421100PE.NFO,02/01/2024,09:17:08,0.85,0.85,642160,0.9,66120,3760,1983640
FINNIFTY02JAN2421100PE.NFO,02/01/2024,09:17:10,0.95,0.9,125120,0.95,236400,44760,1983640
FINNIFTY02JAN2421100PE.NFO,02/01/2024,09:17:11,0.95,0.9,164960,0.95,235920,34840,1983640
FINNIFTY02JAN2421100PE.NFO,02/01/2024,09:17:12,0.95,0.9,180760,0.95,236440,18040,1983640
FINNIFTY02JAN2421100PE.NFO,02/01/2024,09:17:13,0.95,0.9,199000,0.95,259240,11720,1983640
FINNIFTY02JAN2421100PE.NFO,02/01/2024,09:17:14,0.95,0.9,222000,0.95,226920,23840,1983640
FINNIFTY02JAN2421100PE.NFO,02/01/2024,09:17:14,0.95,0.9,220080,0.95,222840,1120,1983640
FINNIFTY02JAN2421100PE.NFO,02/01/2024,09:17:16,0.95,0.9,250040,0.95,223200,28800,1983640
FINNIFTY02JAN2421100PE.NFO,02/01/2024,09:17:17,0.95,0.9,232960,0.95,231280,37600,1983640
FINNIFTY02JAN2421100PE.NFO,02/01/2024,09:17:18,0.95,0.9,274560,0.95,180200,19160,1983640
FINNIFTY02JAN2421100PE.NFO,02/01/2024,09:17:19,0.95,0.9,283440,0.95,209440,7560,1983640
FINNIFTY02JAN2421100PE.NFO,02/01/2024,09:17:20,0.95,0.9,281960,0.95,201680,13400,1983640
FINNIFTY02JAN2421100PE.NFO,02/01/2024,09:17:20,0.95,0.9,265720,0.95,195400,0,1983640
FINNIFTY02JAN2421100PE.NFO,02/01/2024,09:17:21,0.9,0.9,276880,0.95,190040,11520,1983640
FINNIFTY02JAN2421100PE.NFO,02/01/2024,09:17:23,0.9,0.9,329680,0.95,197880,18280,1983640
FINNIFTY02JAN2421100PE.NFO,02/01/2024,09:17:24,0.95,0.9,348280,0.95,186040,11360,1983640
FINNIFTY02JAN2421100PE.NFO,02/01/2024,09:17:25,0.9,0.9,377120,0.95,197320,12440,1983640
FINNIFTY02JAN2421100PE.NFO,02/01/2024,09:17:26,0.95,0.9,379040,0.95,209240,23600,2514680
FINNIFTY02JAN2421100PE.NFO,02/01/2024,09:17:27,0.95,0.9,400920,0.95,218320,4240,2514680
FINNIFTY02JAN2421100PE.NFO,02/01/2024,09:17:27,0.9,0.9,413320,0.95,197400,12800,2514680
FINNIFTY02JAN2421100PE.NFO,02/01/2024,09:17:29,0.95,0.9,410320,0.95,194080,11520,2514680
FINNIFTY02JAN2421100PE.NFO,02/01/2024,09:17:30,0.95,0.95,339320,1,209200,178120,2514680
FINNIFTY02JAN2421100PE.NFO,02/01/2024,09:17:31,0.95,0.95,394320,1,252760,10080,2514680
FINNIFTY02JAN2421100PE.NFO,02/01/2024,09:17:32,0.95,0.95,345080,1,257720,12280,2514680
FINNIFTY02JAN2421100PE.NFO,02/01/2024,09:17:33,1,0.95,280680,1,272240,8640,2514680
FINNIFTY02JAN2421100PE.NFO,02/01/2024,09:17:34,0.95,0.95,311760,1,248880,3200,2514680
FINNIFTY02JAN2421100PE.NFO,02/01/2024,09:17:35,1,0.95,315840,1,235440,13920,2514680
FINNIFTY02JAN2421100PE.NFO,02/01/2024,09:17:36,1,0.95,287600,1,229520,11520,2514680
FINNIFTY02JAN2421100PE.NFO,02/01/2024,09:17:37,0.95,0.95,319320,1,207960,7680,2514680
FINNIFTY02JAN2421100PE.NFO,02/01/2024,09:17:38,0.95,0.95,317400,1,191360,28720,2514680
FINNIFTY02JAN2421100PE.NFO,02/01/2024,09:17:39,0.95,0.95,339880,1,187480,11360,2514680
FINNIFTY02JAN2421100PE.NFO,02/01/2024,09:17:40,1,0.95,338680,1,186040,2240,2514680
FINNIFTY02JAN2421100PE.NFO,02/01/2024,09:17:41,0.95,0.95,336440,1,184200,8840,2514680
FINNIFTY02JAN2421100PE.NFO,02/01/2024,09:17:42,0.95,0.95,307160,1,194880,23160,2514680
FINNIFTY02JAN2421100PE.NFO,02/01/2024,09:17:43,0.95,0.95,329440,1,197400,12680,2514680
FINNIFTY02JAN2421100PE.NFO,02/01/2024,09:17:44,1,0.95,331000,1,194200,6920,2514680
FINNIFTY02JAN2421100PE.NFO,02/01/2024,09:17:45,0.95,0.95,317360,1,234520,6480,2514680
FINNIFTY02JAN2421100PE.NFO,02/01/2024,09:17:46,0.95,0.95,359680,1,185600,7920,2514680
FINNIFTY02JAN2421100PE.NFO,02/01/2024,09:17:47,0.95,0.95,359360,1,185600,320,2514680
FINNIFTY02JAN2421100PE.NFO,02/01/2024,09:17:48,0.95,0.95,359920,1,215760,15880,2514680
FINNIFTY02JAN2421100PE.NFO,02/01/2024,09:17:49,0.95,0.95,348480,1,221640,11920,2514680
FINNIFTY02JAN2421100PE.NFO,02/01/2024,09:17:50,0.95,0.95,339760,1,219520,15440,2514680
FINNIFTY02JAN2421100PE.NFO,02/01/2024,09:17:51,1,0.95,362600,1,220440,29440,2514680
FINNIFTY02JAN2421100PE.NFO,02/01/2024,09:17:52,0.95,0.95,391960,1,196400,16400,2514680
FINNIFTY02JAN2421100PE.NFO,02/01/2024,09:17:53,0.95,0.95,390160,1,180560,6840,2514680
FINNIFTY02JAN2421100PE.NFO,02/01/2024,09:17:54,0.95,0.95,387760,1,177160,6560,2514680
FINNIFTY02JAN2421100PE.NFO,02/01/2024,09:17:55,1,0.95,388520,1,146200,32000,2514680
FINNIFTY02JAN2421100PE.NFO,02/01/2024,09:17:56,1,0.95,398120,1,96800,72280,2514680
FINNIFTY02JAN2421100PE.NFO,02/01/2024,09:17:57,1,0.95,380040,1,72600,84600,2514680
FINNIFTY02JAN2421100PE.NFO,02/01/2024,09:17:58,1,1,46400,1.05,239600,72240,2514680
FINNIFTY02JAN2421100PE.NFO,02/01/2024,09:17:59,1,1,114000,1.05,212960,97360,2514680
FINNIFTY02JAN2421100PE.NFO,02/01/2024,09:18:00,1.05,1,115280,1.05,214320,4720,2514680
FINNIFTY02JAN2421100PE.NFO,02/01/2024,09:18:01,1.05,1,180200,1.05,195800,15760,2514680
FINNIFTY02JAN2421100PE.NFO,02/01/2024,09:18:02,1,1,195680,1.05,187800,26000,2514680
FINNIFTY02JAN2421100PE.NFO,02/01/2024,09:18:03,1,1,209280,1.05,190200,16680,2514680
FINNIFTY02JAN2421100PE.NFO,02/01/2024,09:18:04,1,1,212960,1.05,159360,41160,2514680
FINNIFTY02JAN2421100PE.NFO,02/01/2024,09:18:05,1,1,122720,1.05,204680,42760,2514680
FINNIFTY02JAN2421100PE.NFO,02/01/2024,09:18:06,1,1,124160,1.05,204280,600,2514680
FINNIFTY02JAN2421100PE.NFO,02/01/2024,09:18:07,1,1,69320,1.05,262160,6240,2514680
FINNIFTY02JAN2421100PE.NFO,02/01/2024,09:18:08,1.05,1,177160,1.05,197560,12160,2514680
FINNIFTY02JAN2421100PE.NFO,02/01/2024,09:18:09,1,1,163840,1.05,198240,15320,2514680
FINNIFTY02JAN2421100PE.NFO,02/01/2024,09:18:10,1,1,168760,1.05,232440,8520,2514680
FINNIFTY02JAN2421100PE.NFO,02/01/2024,09:18:11,1,1,167880,1.05,231120,6760,2514680
FINNIFTY02JAN2421100PE.NFO,02/01/2024,09:18:12,1.05,1,169600,1.05,232720,8240,2514680
FINNIFTY02JAN2421100PE.NFO,02/01/2024,09:18:13,1.05,1,169600,1.05,230920,0,2514680
FINNIFTY02JAN2421100PE.NFO,02/01/2024,09:18:14,1.05,1,171000,1.05,234320,11680,2514680
FINNIFTY02JAN2421100PE.NFO,02/01/2024,09:18:15,1.05,1,167880,1.05,236840,7760,2514680
FINNIFTY02JAN2421100PE.NFO,02/01/2024,09:18:16,1.05,1,170520,1.05,230080,8600,2514680
FINNIFTY02JAN2421100PE.NFO,02/01/2024,09:18:17,1.05,1,360040,1.05,216480,12600,2514680
FINNIFTY02JAN2421100PE.NFO,02/01/2024,09:18:18,1.05,1,359960,1.05,213920,14760,2514680
FINNIFTY02JAN2421100PE.NFO,02/01/2024,09:18:19,1.05,1,361760,1.05,208520,4680,2514680
FINNIFTY02JAN2421100PE.NFO,02/01/2024,09:18:20,1.05,1,393600,1.05,45200,85440,2514680
FINNIFTY02JAN2421100PE.NFO,02/01/2024,09:18:21,1.15,1.1,88640,1.15,135360,79320,2514680
FINNIFTY02JAN2421100PE.NFO,02/01/2024,09:18:22,1.1,1.05,270000,1.1,116880,71000,2514680
FINNIFTY02JAN2421100PE.NFO,02/01/2024,09:18:23,1.1,1.05,294520,1.1,135800,47600,2514680
FINNIFTY02JAN2421100PE.NFO,02/01/2024,09:18:24,1.1,1.05,303960,1.1,94720,25000,2514680
FINNIFTY02JAN2421100PE.NFO,02/01/2024,09:18:25,1.1,1.1,107440,1.15,125520,70480,2514680
FINNIFTY02JAN2421100PE.NFO,02/01/2024,09:18:26,1.1,1.05,306640,1.1,103560,86120,2514680
FINNIFTY02JAN2421100PE.NFO,02/01/2024,09:18:27,1.1,1.05,259040,1.1,125960,55160,2514680
FINNIFTY02JAN2421100PE.NFO,02/01/2024,09:18:28,1.1,1.05,258040,1.1,136800,21080,2514680
FINNIFTY02JAN2421100PE.NFO,02/01/2024,09:18:29,1.05,1.05,257520,1.1,140680,26680,2514680
FINNIFTY02JAN2421100PE.NFO,02/01/2024,09:18:30,1.1,1.05,251080,1.1,148840,8880,2514680
FINNIFTY02JAN2421100PE.NFO,02/01/2024,09:18:31,1.1,1.05,246800,1.1,152040,11200,2514680
FINNIFTY02JAN2421100PE.NFO,02/01/2024,09:18:32,1.1,1.05,283360,1.1,119720,4680,2514680
FINNIFTY02JAN2421100PE.NFO,02/01/2024,09:18:33,1.05,1.05,283680,1.1,129160,520,2514680
FINNIFTY02JAN2421100PE.NFO,02/01/2024,09:18:34,1.1,1.05,298920,1.1,133680,3400,2514680
FINNIFTY02JAN2421100PE.NFO,02/01/2024,09:18:35,1.1,1.1,148400,1.15,93680,126160,2514680
FINNIFTY02JAN2421100PE.NFO,02/01/2024,09:18:36,1.1,1.1,96560,1.15,145320,8120,2514680
FINNIFTY02JAN2421100PE.NFO,02/01/2024,09:18:37,1.05,1.05,287400,1.1,86520,30200,2514680
FINNIFTY02JAN2421100PE.NFO,02/01/2024,09:18:38,1.05,1.05,281640,1.1,68680,13880,2514680
FINNIFTY02JAN2421100PE.NFO,02/01/2024,09:18:39,1.05,1.05,252720,1.1,122360,16200,2514680
FINNIFTY02JAN2421100PE.NFO,02/01/2024,09:18:40,1.05,1.05,252760,1.1,122320,480,2514680
FINNIFTY02JAN2421100PE.NFO,02/01/2024,09:18:41,1.05,1.05,276880,1.1,89880,9400,2514680
FINNIFTY02JAN2421100PE.NFO,02/01/2024,09:18:42,1.1,1.05,274280,1.1,63360,11720,2514680
FINNIFTY02JAN2421100PE.NFO,02/01/2024,09:18:43,1.1,1.05,261640,1.1,57560,115120,2514680
FINNIFTY02JAN2421100PE.NFO,02/01/2024,09:18:44,1.05,1.05,250760,1.1,61880,68840,2514680
FINNIFTY02JAN2421100PE.NFO,02/01/2024,09:18:45,1.1,1.1,26080,1.15,216560,26160,2514680
FINNIFTY02JAN2421100PE.NFO,02/01/2024,09:18:46,1.15,1.1,28360,1.15,217400,400,2514680
FINNIFTY02JAN2421100PE.NFO,02/01/2024,09:18:47,1.1,1.05,249200,1.1,18920,32680,2514680
FINNIFTY02JAN2421100PE.NFO,02/01/2024,09:18:48,1.1,1.05,230360,1.1,78840,82240,2514680
FINNIFTY02JAN2421100PE.NFO,02/01/2024,09:18:49,1.1,1.05,213280,1.1,96800,11680,2514680
FINNIFTY02JAN2421100PE.NFO,02/01/2024,09:18:50,1.05,1.05,247240,1.1,114400,9160,2514680
FINNIFTY02JAN2421100PE.NFO,02/01/2024,09:18:51,1.1,1.05,174800,1.1,207880,33440,2514680
FINNIFTY02JAN2421100PE.NFO,02/01/2024,09:18:52,1.05,1.05,119800,1.1,226240,37960,2514680
FINNIFTY02JAN2421100PE.NFO,02/01/2024,09:18:53,1.05,1.05,134760,1.1,197960,13880,2514680
FINNIFTY02JAN2421100PE.NFO,02/01/2024,09:18:54,1,1,436360,1.05,131160,78600,2514680
FINNIFTY02JAN2421100PE.NFO,02/01/2024,09:18:55,1.05,1,441680,1.05,197200,22400,2514680
FINNIFTY02JAN2421100PE.NFO,02/01/2024,09:18:56,1,1,438720,1.05,182200,11120,2514680
FINNIFTY02JAN2421100PE.NFO,02/01/2024,09:18:57,1.05,1,457280,1.05,170040,16400,2514680
FINNIFTY02JAN2421100PE.NFO,02/01/2024,09:18:58,1.05,1,432080,1.05,206880,15240,2514680
FINNIFTY02JAN2421100PE.NFO,02/01/2024,09:18:59,1,1,469440,1.05,164400,29520,2514680
FINNIFTY02JAN2421100PE.NFO,02/01/2024,09:19:00,1.05,1,479920,1.05,158480,720,2514680
FINNIFTY02JAN2421100PE.NFO,02/01/2024,09:19:01,1,1,428920,1.05,202240,32680,2514680
FINNIFTY02JAN2421100PE.NFO,02/01/2024,09:19:02,1,1,456560,1.05,185720,7240,2514680
FINNIFTY02JAN2421100PE.NFO,02/01/2024,09:19:03,1,1,381360,1.05,197640,54080,2514680
FINNIFTY02JAN2421100PE.NFO,02/01/2024,09:19:04,1,1,366600,1.05,206600,16640,2514680
FINNIFTY02JAN2421100PE.NFO,02/01/2024,09:19:05,1,1,354920,1.05,204160,13280,2514680
FINNIFTY02JAN2421100PE.NFO,02/01/2024,09:19:06,1,1,351880,1.05,202480,1400,2514680
FINNIFTY02JAN2421100PE.NFO,02/01/2024,09:19:07,1.05,1,347840,1.05,189640,22480,2514680
FINNIFTY02JAN2421100PE.NFO,02/01/2024,09:19:08,1.05,1,381240,1.05,150280,11480,2514680
FINNIFTY02JAN2421100PE.NFO,02/01/2024,09:19:09,1,1,504400,1.05,143000,27320,2514680
FINNIFTY02JAN2421100PE.NFO,02/01/2024,09:19:10,1.05,1,499480,1.05,162280,11280,2514680
FINNIFTY02JAN2421100PE.NFO,02/01/2024,09:19:11,1.05,1,479840,1.05,148080,38040,2514680
FINNIFTY02JAN2421100PE.NFO,02/01/2024,09:19:12,1.05,1,494680,1.05,114280,28640,2514680
FINNIFTY02JAN2421100PE.NFO,02/01/2024,09:19:13,1.05,1,476400,1.05,116240,960,2514680
FINNIFTY02JAN2421100PE.NFO,02/01/2024,09:19:14,1.05,1,454800,1.05,136160,3840,2514680
FINNIFTY02JAN2421100PE.NFO,02/01/2024,09:19:15,1,1,401960,1.05,132400,163160,2514680
FINNIFTY02JAN2421100PE.NFO,02/01/2024,09:19:16,1,1,430800,1.05,178320,16960,2514680
FINNIFTY02JAN2421100PE.NFO,02/01/2024,09:19:17,1.05,1,443720,1.05,222120,6200,2514680
FINNIFTY02JAN2421100PE.NFO,02/01/2024,09:19:18,1,1,466360,1.05,212520,12320,2514680
FINNIFTY02JAN2421100PE.NFO,02/01/2024,09:19:19,1,1,463120,1.05,212880,10320,2514680
FINNIFTY02JAN2421100PE.NFO,02/01/2024,09:19:20,1,1,461560,1.05,214000,1400,2514680
FINNIFTY02JAN2421100PE.NFO,02/01/2024,09:19:21,1.05,1,476840,1.05,224800,15240,2514680
FINNIFTY02JAN2421100PE.NFO,02/01/2024,09:19:22,1.05,1,436480,1.05,261120,12560,2514680
FINNIFTY02JAN2421100PE.NFO,02/01/2024,09:19:23,1,1,461920,1.05,214120,5720,2514680
FINNIFTY02JAN2421100PE.NFO,02/01/2024,09:19:24,1.05,1,467360,1.05,198040,14440,2514680
FINNIFTY02JAN2421100PE.NFO,02/01/2024,09:19:25,1,1,441240,1.05,229840,4000,2514680
FINNIFTY02JAN2421100PE.NFO,02/01/2024,09:19:26,1.05,1,440760,1.05,230400,800,2514680
FINNIFTY02JAN2421100PE.NFO,02/01/2024,09:19:27,1,1,426440,1.05,240800,6320,2514680
FINNIFTY02JAN2421100PE.NFO,02/01/2024,09:19:28,1.05,1,439520,1.05,175600,28040,2514680
FINNIFTY02JAN2421100PE.NFO,02/01/2024,09:19:29,1.05,1,499280,1.05,94520,30880,2514680
FINNIFTY02JAN2421100PE.NFO,02/01/2024,09:19:30,1.1,1.05,242160,1.1,230200,101400,2514680
FINNIFTY02JAN2421100PE.NFO,02/01/2024,09:19:31,1.1,1.05,275280,1.1,170760,45680,2514680
FINNIFTY02JAN2421100PE.NFO,02/01/2024,09:19:32,1.1,1.05,248960,1.1,124800,156840,2514680
FINNIFTY02JAN2421100PE.NFO,02/01/2024,09:19:33,1.15,1.1,88160,1.15,178280,66040,2514680
FINNIFTY02JAN2421100PE.NFO,02/01/2024,09:19:34,1.1,1.05,284880,1.1,212440,59760,2514680
FINNIFTY02JAN2421100PE.NFO,02/01/2024,09:19:35,1.05,1.05,328280,1.1,230720,48040,2514680
FINNIFTY02JAN2421100PE.NFO,02/01/2024,09:19:36,1.1,1.05,309680,1.1,236280,29280,2514680
FINNIFTY02JAN2421100PE.NFO,02/01/2024,09:19:37,1.1,1.05,371680,1.1,186680,21000,2514680
FINNIFTY02JAN2421100PE.NFO,02/01/2024,09:19:38,1.05,1.05,334640,1.1,229600,7520,2514680
FINNIFTY02JAN2421100PE.NFO,02/01/2024,09:19:39,1.1,1.05,375280,1.1,184640,7320,2514680
FINNIFTY02JAN2421100PE.NFO,02/01/2024,09:19:40,1.1,1.05,359440,1.1,210560,7560,2514680
FINNIFTY02JAN2421100PE.NFO,02/01/2024,09:19:41,1.1,1.05,332960,1.1,222240,2800,2514680
FINNIFTY02JAN2421100PE.NFO,02/01/2024,09:19:42,1.1,1.05,340400,1.1,211080,14480,2514680
FINNIFTY02JAN2421100PE.NFO,02/01/2024,09:19:43,1.1,1.05,332480,1.1,202600,11920,2514680
FINNIFTY02JAN2421100PE.NFO,02/01/2024,09:19:44,1.1,1.05,322400,1.1,176320,6480,2514680
FINNIFTY02JAN2421100PE.NFO,02/01/2024,09:19:45,1.05,1.05,313280,1.1,200440,14120,2514680
FINNIFTY02JAN2421100PE.NFO,02/01/2024,09:19:46,1.05,1.05,279280,1.1,203960,20000,2514680
FINNIFTY02JAN2421100PE.NFO,02/01/2024,09:19:47,1.1,1.05,288360,1.1,202200,25400,2514680
FINNIFTY02JAN2421100PE.NFO,02/01/2024,09:19:48,1.1,1.05,250000,1.1,192680,20000,2514680
FINNIFTY02JAN2421100PE.NFO,02/01/2024,09:19:49,1.05,1.05,244040,1.1,193640,11400,2514680
FINNIFTY02JAN2421100PE.NFO,02/01/2024,09:19:50,1.1,1.05,264880,1.1,170320,12880,2514680
FINNIFTY02JAN2421100PE.NFO,02/01/2024,09:19:51,1.05,1.05,240400,1.1,185480,24880,2514680
FINNIFTY02JAN2421100PE.NFO,02/01/2024,09:19:52,1.05,1.05,250560,1.1,190560,8600,2514680
FINNIFTY02JAN2421100PE.NFO,02/01/2024,09:19:53,1.1,1.05,234000,1.1,186000,5360,2514680
FINNIFTY02JAN2421100PE.NFO,02/01/2024,09:19:54,1.05,1.05,164160,1.1,185120,22640,2514680
FINNIFTY02JAN2421100PE.NFO,02/01/2024,09:19:55,1.05,1,514680,1.05,202960,125280,2514680
FINNIFTY02JAN2421100PE.NFO,02/01/2024,09:19:56,1.05,1,505200,1.05,196280,8080,2514680
FINNIFTY02JAN2421100PE.NFO,02/01/2024,09:19:57,1.05,1,526560,1.05,187120,5640,2514680
FINNIFTY02JAN2421100PE.NFO,02/01/2024,09:19:58,1.05,1,531000,1.05,210040,11440,2514680
FINNIFTY02JAN2421100PE.NFO,02/01/2024,09:19:59,1.05,1,498160,1.05,251960,16280,2514680
FINNIFTY02JAN2421100PE.NFO,02/01/2024,09:20:00,1.05,1,505320,1.05,234000,25880,2514680
FINNIFTY02JAN2421100PE.NFO,02/01/2024,09:20:01,1.05,1,527680,1.05,233680,20360,2514680
FINNIFTY02JAN2421100PE.NFO,02/01/2024,09:20:02,1.05,1,506600,1.05,265720,27920,2514680
FINNIFTY02JAN2421100PE.NFO,02/01/2024,09:20:03,1,1,441080,1.05,308600,9120,2514680
FINNIFTY02JAN2421100PE.NFO,02/01/2024,09:20:04,1,1,443600,1.05,197640,25360,2514680
FINNIFTY02JAN2421100PE.NFO,02/01/2024,09:20:05,1.05,1,481480,1.05,144920,20040,2514680
FINNIFTY02JAN2421100PE.NFO,02/01/2024,09:20:06,1,1,478320,1.05,147360,9880,2514680
FINNIFTY02JAN2421100PE.NFO,02/01/2024,09:20:07,1,1,472760,1.05,143560,19200,2514680
FINNIFTY02JAN2421100PE.NFO,02/01/2024,09:20:08,1.05,1,464400,1.05,187120,10240,2514680
FINNIFTY02JAN2421100PE.NFO,02/01/2024,09:20:09,1,1,482200,1.05,189040,12640,2514680
FINNIFTY02JAN2421100PE.NFO,02/01/2024,09:20:10,1,1,450280,1.05,201240,7760,2514680
FINNIFTY02JAN2421100PE.NFO,02/01/2024,09:20:11,1,1,447680,1.05,205400,5720,2514680
FINNIFTY02JAN2421100PE.NFO,02/01/2024,09:20:12,1,1,427560,1.05,208280,8000,2514680
FINNIFTY02JAN2421100PE.NFO,02/01/2024,09:20:13,1,1,423160,1.05,205240,11200,2514680
FINNIFTY02JAN2421100PE.NFO,02/01/2024,09:20:14,1,1,421520,1.05,202080,9080,2514680
FINNIFTY02JAN2421100PE.NFO,02/01/2024,09:20:15,1,1,448960,1.05,175240,10640,2514680
FINNIFTY02JAN2421100PE.NFO,02/01/2024,09:20:16,1.05,1,452960,1.05,152640,10280,2514680
FINNIFTY02JAN2421100PE.NFO,02/01/2024,09:20:17,1.05,1,465160,1.05,166400,13440,2514680
FINNIFTY02JAN2421100PE.NFO,02/01/2024,09:20:18,1,1,433360,1.05,156560,12680,2514680
FINNIFTY02JAN2421100PE.NFO,02/01/2024,09:20:19,1.05,1,432960,1.05,185800,440,2514680
FINNIFTY02JAN2421100PE.NFO,02/01/2024,09:20:20,1,1,418120,1.05,184320,9280,2514680
FINNIFTY02JAN2421100PE.NFO,02/01/2024,09:20:21,1.05,1,431640,1.05,181560,4080,2514680
FINNIFTY02JAN2421100PE.NFO,02/01/2024,09:20:22,1.05,1,432440,1.05,142560,2480,2514680
FINNIFTY02JAN2421100PE.NFO,02/01/2024,09:20:23,1,1,470320,1.05,142680,6920,2514680
FINNIFTY02JAN2421100PE.NFO,02/01/2024,09:20:24,1,1,470800,1.05,138720,2920,2514680
FINNIFTY02JAN2421100PE.NFO,02/01/2024,09:20:25,1,1,435440,1.05,174800,7440,2514680
FINNIFTY02JAN2421100PE.NFO,02/01/2024,09:20:26,1,1,428800,1.05,160280,8360,2514680
FINNIFTY02JAN2421100PE.NFO,02/01/2024,09:20:27,1,1,474480,1.05,172880,9640,3490920
FINNIFTY02JAN2421100PE.NFO,02/01/2024,09:20:28,1,1,582840,1.05,167880,5160,3490920
FINNIFTY02JAN2421100PE.NFO,02/01/2024,09:20:29,1.05,1,571880,1.05,77840,172920,3490920
FINNIFTY02JAN2421100PE.NFO,02/01/2024,09:20:30,1.1,1.05,154600,1.1,143720,162120,3490920
FINNIFTY02JAN2421100PE.NFO,02/01/2024,09:20:32,1.1,1.05,292640,1.1,122000,291440,3490920
FINNIFTY02JAN2421100PE.NFO,02/01/2024,09:20:32,1.1,1.05,288920,1.1,129560,28960,3490920
FINNIFTY02JAN2421100PE.NFO,02/01/2024,09:20:33,1.05,1.05,258720,1.1,156240,137000,3490920
FINNIFTY02JAN2421100PE.NFO,02/01/2024,09:20:34,1.05,1.05,260880,1.1,159000,13880,3490920
FINNIFTY02JAN2421100PE.NFO,02/01/2024,09:20:35,1.05,1.05,271200,1.1,175720,10640,3490920
FINNIFTY02JAN2421100PE.NFO,02/01/2024,09:20:36,1.05,1.05,263040,1.1,207920,13880,3490920
FINNIFTY02JAN2421100PE.NFO,02/01/2024,09:20:37,1.1,1.05,286360,1.1,171720,9440,3490920
FINNIFTY02JAN2421100PE.NFO,02/01/2024,09:20:39,1.05,1.05,258040,1.1,223520,14920,3490920
FINNIFTY02JAN2421100PE.NFO,02/01/2024,09:20:39,1.1,1.05,247640,1.1,241280,4480,3490920
FINNIFTY02JAN2421100PE.NFO,02/01/2024,09:20:40,1.05,1.05,260760,1.1,232240,17320,3490920
FINNIFTY02JAN2421100PE.NFO,02/01/2024,09:20:41,1.1,1.05,201440,1.1,279920,20280,3490920
FINNIFTY02JAN2421100PE.NFO,02/01/2024,09:20:42,1.1,1.05,180480,1.1,246040,27000,3490920
FINNIFTY02JAN2421100PE.NFO,02/01/2024,09:20:43,1.05,1.05,86640,1.1,249560,62840,3490920
FINNIFTY02JAN2421100PE.NFO,02/01/2024,09:20:45,1.05,1.05,60480,1.1,305240,83760,3490920
FINNIFTY02JAN2421100PE.NFO,02/01/2024,09:20:45,1.05,1.05,87000,1.1,310960,9080,3490920
FINNIFTY02JAN2421100PE.NFO,02/01/2024,09:20:46,1.05,1.05,123600,1.1,282080,27840,3490920
FINNIFTY02JAN2421100PE.NFO,02/01/2024,09:20:47,1.05,1.05,68440,1.1,309400,41200,3490920
FINNIFTY02JAN2421100PE.NFO,02/01/2024,09:20:48,1.05,1.05,76440,1.1,341400,194320,3490920
FINNIFTY02JAN2421100PE.NFO,02/01/2024,09:20:49,1.05,1.05,158840,1.1,299840,87960,3490920
FINNIFTY02JAN2421100PE.NFO,02/01/2024,09:20:50,1.1,1.05,158160,1.1,332680,9360,3490920
FINNIFTY02JAN2421100PE.NFO,02/01/2024,09:20:51,1.05,1.05,139200,1.1,332520,7200,3490920
FINNIFTY02JAN2421100PE.NFO,02/01/2024,09:20:52,1.05,1.05,110600,1.1,332720,4440,3490920
FINNIFTY02JAN2421100PE.NFO,02/01/2024,09:20:53,1.05,1.05,136680,1.1,329520,12360,3490920
FINNIFTY02JAN2421100PE.NFO,02/01/2024,09:20:54,1.05,1.05,123320,1.1,326440,9160,3490920
FINNIFTY02JAN2421100PE.NFO,02/01/2024,09:20:56,1.1,1.05,130200,1.1,341440,18480,3490920
FINNIFTY02JAN2421100PE.NFO,02/01/2024,09:20:57,1.05,1.05,110760,1.1,349320,104360,3490920
FINNIFTY02JAN2421100PE.NFO,02/01/2024,09:20:57,1.05,1.05,97120,1.1,350040,6680,3490920
FINNIFTY02JAN2421100PE.NFO,02/01/2024,09:20:58,1.05,1.05,159040,1.1,321520,3360,3490920
FINNIFTY02JAN2421100PE.NFO,02/01/2024,09:20:59,1.1,1.05,136800,1.1,325560,14360,3490920
FINNIFTY02JAN2421100PE.NFO,02/01/2024,09:21:00,1.05,1.05,189720,1.1,324920,18360,3490920
FINNIFTY02JAN2421100PE.NFO,02/01/2024,09:21:01,1.05,1.05,118960,1.1,374320,55080,3490920
FINNIFTY02JAN2421100PE.NFO,02/01/2024,09:21:02,1.05,1.05,118440,1.1,338760,151480,3490920
FINNIFTY02JAN2421100PE.NFO,02/01/2024,09:21:03,1.05,1.05,107720,1.1,335200,34400,3490920
FINNIFTY02JAN2421100PE.NFO,02/01/2024,09:21:04,1.1,1.05,129040,1.1,339440,19120,3490920
FINNIFTY02JAN2421100PE.NFO,02/01/2024,09:21:05,1.05,1.05,42000,1.1,398040,73240,3490920
FINNIFTY02JAN2421100PE.NFO,02/01/2024,09:21:06,1.05,1.05,147200,1.1,352400,79520,3490920
FINNIFTY02JAN2421100PE.NFO,02/01/2024,09:21:07,1.05,1,619600,1.05,81680,86120,3490920
FINNIFTY02JAN2421100PE.NFO,02/01/2024,09:21:08,1.05,1.05,112360,1.1,379840,42800,3490920
FINNIFTY02JAN2421100PE.NFO,02/01/2024,09:21:09,1.1,1.05,112000,1.1,378240,5760,3490920
FINNIFTY02JAN2421100PE.NFO,02/01/2024,09:21:10,1.1,1.05,162480,1.1,332960,5640,3490920
FINNIFTY02JAN2421100PE.NFO,02/01/2024,09:21:11,1.05,1.05,147400,1.1,342840,3920,3490920
FINNIFTY02JAN2421100PE.NFO,02/01/2024,09:21:12,1.05,1.05,103760,1.1,326320,213600,3490920
FINNIFTY02JAN2421100PE.NFO,02/01/2024,09:21:13,1.05,1,691560,1.05,80880,38800,3490920
FINNIFTY02JAN2421100PE.NFO,02/01/2024,09:21:14,1.1,1.05,108080,1.1,370760,33360,3490920
FINNIFTY02JAN2421100PE.NFO,02/01/2024,09:21:15,1.1,1.05,129880,1.1,324240,117120,3490920
FINNIFTY02JAN2421100PE.NFO,02/01/2024,09:21:16,1.1,1.05,182960,1.1,315840,10840,3490920
FINNIFTY02JAN2421100PE.NFO,02/01/2024,09:21:17,1.05,1.05,240960,1.1,307080,9440,3490920
FINNIFTY02JAN2421100PE.NFO,02/01/2024,09:21:18,1.05,1.05,255480,1.1,324520,9240,3490920
FINNIFTY02JAN2421100PE.NFO,02/01/2024,09:21:19,1.05,1.05,258040,1.1,418000,10080,3490920
FINNIFTY02JAN2421100PE.NFO,02/01/2024,09:21:20,1.1,1.05,258640,1.1,399680,11000,3490920
FINNIFTY02JAN2421100PE.NFO,02/01/2024,09:21:21,1.05,1.05,255120,1.1,393280,6520,3490920
FINNIFTY02JAN2421100PE.NFO,02/01/2024,09:21:22,1.1,1.05,249800,1.1,399160,3520,3490920
FINNIFTY02JAN2421100PE.NFO,02/01/2024,09:21:23,1.1,1.05,91640,1.1,415640,220960,3490920
FINNIFTY02JAN2421100PE.NFO,02/01/2024,09:21:24,1.1,1.05,114240,1.1,432680,3280,3490920
FINNIFTY02JAN2421100PE.NFO,02/01/2024,09:21:25,1.05,1.05,169240,1.1,408120,7360,3490920
FINNIFTY02JAN2421100PE.NFO,02/01/2024,09:21:26,1.05,1.05,186880,1.1,433440,9880,3490920
FINNIFTY02JAN2421100PE.NFO,02/01/2024,09:21:27,1.05,1.05,184280,1.1,469320,7880,3490920
FINNIFTY02JAN2421100PE.NFO,02/01/2024,09:21:28,1.1,1.05,202400,1.1,452680,39640,3490920
FINNIFTY02JAN2421100PE.NFO,02/01/2024,09:21:29,1.1,1.05,101280,1.1,488320,49280,3490920
FINNIFTY02JAN2421100PE.NFO,02/01/2024,09:21:30,1.1,1.05,200880,1.1,462960,3840,3490920
FINNIFTY02JAN2421100PE.NFO,02/01/2024,09:21:31,1.05,1.05,230400,1.1,454200,9400,3490920
FINNIFTY02JAN2421100PE.NFO,02/01/2024,09:21:32,1.05,1.05,138920,1.1,481560,15040,3490920
FINNIFTY02JAN2421100PE.NFO,02/01/2024,09:21:33,1.1,1.05,261960,1.1,452560,9320,3490920
FINNIFTY02JAN2421100PE.NFO,02/01/2024,09:21:34,1.1,1.05,273680,1.1,456760,10760,3490920
FINNIFTY02JAN2421100PE.NFO,02/01/2024,09:21:35,1.1,1.05,271240,1.1,439360,8080,3490920
FINNIFTY02JAN2421100PE.NFO,02/01/2024,09:21:36,1.05,1.05,264400,1.1,431040,11720,3490920
FINNIFTY02JAN2421100PE.NFO,02/01/2024,09:21:37,1.1,1.05,180880,1.1,476360,12720,3490920
FINNIFTY02JAN2421100PE.NFO,02/01/2024,09:21:38,1.1,1.05,253840,1.1,448760,2760,3490920
FINNIFTY02JAN2421100PE.NFO,02/01/2024,09:21:39,1.05,1.05,259560,1.1,422960,15040,3490920
FINNIFTY02JAN2421100PE.NFO,02/01/2024,09:21:40,1.05,1.05,249760,1.1,424120,5680,3490920
FINNIFTY02JAN2421100PE.NFO,02/01/2024,09:21:41,1.1,1.05,260120,1.1,403880,4200,3490920
FINNIFTY02JAN2421100PE.NFO,02/01/2024,09:21:42,1.1,1.05,263680,1.1,410120,16000,3490920
FINNIFTY02JAN2421100PE.NFO,02/01/2024,09:21:43,1.1,1.05,258160,1.1,451880,7840,3490920
FINNIFTY02JAN2421100PE.NFO,02/01/2024,09:21:44,1.1,1.05,270200,1.1,462200,7400,3490920
FINNIFTY02JAN2421100PE.NFO,02/01/2024,09:21:45,1.1,1.05,268280,1.1,460400,3760,3490920
FINNIFTY02JAN2421100PE.NFO,02/01/2024,09:21:46,1.1,1.05,271040,1.1,435240,21320,3490920
FINNIFTY02JAN2421100PE.NFO,02/01/2024,09:21:47,1.1,1.05,242000,1.1,457840,27000,3490920
FINNIFTY02JAN2421100PE.NFO,02/01/2024,09:21:48,1.1,1.05,242520,1.1,434560,22400,3490920
FINNIFTY02JAN2421100PE.NFO,02/01/2024,09:21:49,1.05,1.05,264440,1.1,428400,26120,3490920
FINNIFTY02JAN2421100PE.NFO,02/01/2024,09:21:50,1.1,1.05,313400,1.1,428760,7240,3490920
FINNIFTY02JAN2421100PE.NFO,02/01/2024,09:21:51,1.05,1.05,311320,1.1,430360,10240,3490920
FINNIFTY02JAN2421100PE.NFO,02/01/2024,09:21:53,1.1,1.05,342040,1.1,395520,7600,3490920
FINNIFTY02JAN2421100PE.NFO,02/01/2024,09:21:53,1.1,1.05,349200,1.1,394240,3040,3490920
FINNIFTY02JAN2421100PE.NFO,02/01/2024,09:21:54,1.1,1.05,337320,1.1,387680,24640,3490920
FINNIFTY02JAN2421100PE.NFO,02/01/2024,09:21:55,1.1,1.05,331840,1.1,378840,12640,3490920
FINNIFTY02JAN2421100PE.NFO,02/01/2024,09:21:56,1.05,1.05,339800,1.1,361320,9560,3490920
FINNIFTY02JAN2421100PE.NFO,02/01/2024,09:21:57,1.05,1.05,290040,1.1,399120,16760,3490920
FINNIFTY02JAN2421100PE.NFO,02/01/2024,09:21:58,1.05,1.05,326200,1.1,383880,18760,3490920
FINNIFTY02JAN2421100PE.NFO,02/01/2024,09:21:59,1.1,1.05,312280,1.1,376200,15120,3490920
FINNIFTY02JAN2421100PE.NFO,02/01/2024,09:22:00,1.05,1.05,286200,1.1,429640,11160,3490920
FINNIFTY02JAN2421100PE.NFO,02/01/2024,09:22:01,1.05,1.05,283200,1.1,449080,12920,3490920
FINNIFTY02JAN2421100PE.NFO,02/01/2024,09:22:02,1.1,1.05,283400,1.1,443720,32120,3490920
FINNIFTY02JAN2421100PE.NFO,02/01/2024,09:22:03,1.1,1.05,297000,1.1,485480,5080,3490920
FINNIFTY02JAN2421100PE.NFO,02/01/2024,09:22:04,1.1,1.05,260120,1.1,438200,25960,3490920
FINNIFTY02JAN2421100PE.NFO,02/01/2024,09:22:05,1.05,1.05,242840,1.1,433240,13280,3490920
FINNIFTY02JAN2421100PE.NFO,02/01/2024,09:22:06,1.05,1.05,296840,1.1,436760,10240,3490920
FINNIFTY02JAN2421100PE.NFO,02/01/2024,09:22:07,1.05,1.05,299080,1.1,453320,6160,3490920
FINNIFTY02JAN2421100PE.NFO,02/01/2024,09:22:08,1.1,1.05,298400,1.1,441680,4320,3490920
FINNIFTY02JAN2421100PE.NFO,02/01/2024,09:22:10,1.1,1.05,290640,1.1,439080,9920,3490920
FINNIFTY02JAN2421100PE.NFO,02/01/2024,09:22:11,1.05,1.05,264720,1.1,454160,14840,3490920
FINNIFTY02JAN2421100PE.NFO,02/01/2024,09:22:11,1.1,1.05,222560,1.1,456920,21880,3490920
FINNIFTY02JAN2421100PE.NFO,02/01/2024,09:22:12,1.05,1.05,264320,1.1,450240,8520,3490920
FINNIFTY02JAN2421100PE.NFO,02/01/2024,09:22:13,1.05,1.05,214680,1.1,481920,10920,3490920
FINNIFTY02JAN2421100PE.NFO,02/01/2024,09:22:15,1.1,1.05,211840,1.1,498720,7880,3490920
FINNIFTY02JAN2421100PE.NFO,02/01/2024,09:22:16,1.1,1.05,166840,1.1,547800,10320,3490920
FINNIFTY02JAN2421100PE.NFO,02/01/2024,09:22:17,1.05,1.05,208480,1.1,507000,32360,3490920
FINNIFTY02JAN2421100PE.NFO,02/01/2024,09:22:17,1.05,1.05,203200,1.1,490280,8000,3490920
FINNIFTY02JAN2421100PE.NFO,02/01/2024,09:22:18,1.05,1.05,206040,1.1,486440,13920,3490920
FINNIFTY02JAN2421100PE.NFO,02/01/2024,09:22:19,1.05,1.05,206400,1.1,500680,3920,3490920
FINNIFTY02JAN2421100PE.NFO,02/01/2024,09:22:20,1.1,1.05,202080,1.1,482680,12440,3490920
FINNIFTY02JAN2421100PE.NFO,02/01/2024,09:22:21,1.1,1.05,199520,1.1,468400,34240,3490920
FINNIFTY02JAN2421100PE.NFO,02/01/2024,09:22:22,1.05,1.05,197040,1.1,450080,37040,3490920
FINNIFTY02JAN2421100PE.NFO,02/01/2024,09:22:24,1.05,1.05,197240,1.1,460520,28400,3490920
FINNIFTY02JAN2421100PE.NFO,02/01/2024,09:22:25,1.05,1.05,206360,1.1,459080,12160,3490920
FINNIFTY02JAN2421100PE.NFO,02/01/2024,09:22:25,1.05,1.05,215080,1.1,456800,2720,3490920
FINNIFTY02JAN2421100PE.NFO,02/01/2024,09:22:26,1.05,1.05,199080,1.1,477960,10960,3490920
FINNIFTY02JAN2421100PE.NFO,02/01/2024,09:22:27,1.1,1.05,274120,1.1,451760,8800,3490920
FINNIFTY02JAN2421100PE.NFO,02/01/2024,09:22:28,1.05,1.05,265160,1.1,445040,11800,3490920
FINNIFTY02JAN2421100PE.NFO,02/01/2024,09:22:29,1.05,1.05,262680,1.1,443840,9080,3490920
FINNIFTY02JAN2421100PE.NFO,02/01/2024,09:22:31,1.05,1.05,261200,1.1,466480,9600,3490920
FINNIFTY02JAN2421100PE.NFO,02/01/2024,09:22:32,1.05,1.05,276640,1.1,468880,7640,3490920
FINNIFTY02JAN2421100PE.NFO,02/01/2024,09:22:33,1.05,1.05,255720,1.1,479320,3800,3490920
FINNIFTY02JAN2421100PE.NFO,02/01/2024,09:22:33,1.05,1.05,250320,1.1,482920,40,3490920
FINNIFTY02JAN2421100PE.NFO,02/01/2024,09:22:34,1.1,1.05,238600,1.1,487880,11280,3490920
FINNIFTY02JAN2421100PE.NFO,02/01/2024,09:22:35,1.1,1.05,156280,1.1,517800,8080,3490920
FINNIFTY02JAN2421100PE.NFO,02/01/2024,09:22:36,1.05,1.05,224960,1.1,483440,5680,3490920
FINNIFTY02JAN2421100PE.NFO,02/01/2024,09:22:37,1.05,1.05,137720,1.1,500840,24120,3490920
FINNIFTY02JAN2421100PE.NFO,02/01/2024,09:22:38,1.05,1.05,214840,1.1,476640,7240,3490920
FINNIFTY02JAN2421100PE.NFO,02/01/2024,09:22:39,1.1,1.05,212600,1.1,464080,2240,3490920
FINNIFTY02JAN2421100PE.NFO,02/01/2024,09:22:40,1.05,1.05,174120,1.1,478720,5200,3490920
FINNIFTY02JAN2421100PE.NFO,02/01/2024,09:22:41,1.1,1.05,142560,1.1,473840,10200,3490920
FINNIFTY02JAN2421100PE.NFO,02/01/2024,09:22:42,1.05,1.05,157760,1.1,482400,4160,3490920
FINNIFTY02JAN2421100PE.NFO,02/01/2024,09:22:43,1.05,1.05,190840,1.1,476360,680,3490920
FINNIFTY02JAN2421100PE.NFO,02/01/2024,09:22:44,1.05,1.05,165960,1.1,489720,7320,3490920
FINNIFTY02JAN2421100PE.NFO,02/01/2024,09:22:45,1.05,1.05,68320,1.1,521800,15840,3490920
FINNIFTY02JAN2421100PE.NFO,02/01/2024,09:22:46,1.05,1.05,90920,1.1,492040,10120,3490920
FINNIFTY02JAN2421100PE.NFO,02/01/2024,09:22:47,1.05,1.05,63200,1.1,489600,9480,3490920
FINNIFTY02JAN2421100PE.NFO,02/01/2024,09:22:48,1,1,696880,1.05,97720,54560,3490920
FINNIFTY02JAN2421100PE.NFO,02/01/2024,09:22:49,1.05,1,693280,1.05,306760,7880,3490920
FINNIFTY02JAN2421100PE.NFO,02/01/2024,09:22:50,1,1,688000,1.05,335480,5000,3490920
FINNIFTY02JAN2421100PE.NFO,02/01/2024,09:22:51,1,1,632480,1.05,420200,5040,3490920
FINNIFTY02JAN2421100PE.NFO,02/01/2024,09:22:52,1.05,1,647200,1.05,413600,5600,3490920
FINNIFTY02JAN2421100PE.NFO,02/01/2024,09:22:53,1.05,1,644240,1.05,418720,2520,3490920
FINNIFTY02JAN2421100PE.NFO,02/01/2024,09:22:54,1,1,643520,1.05,410960,840,3490920
FINNIFTY02JAN2421100PE.NFO,02/01/2024,09:22:55,1,1,640440,1.05,418960,4080,3490920
FINNIFTY02JAN2421100PE.NFO,02/01/2024,09:22:56,1,1,640560,1.05,401200,9120,3490920
FINNIFTY02JAN2421100PE.NFO,02/01/2024,09:22:57,1.05,1,673280,1.05,364800,9120,3490920
FINNIFTY02JAN2421100PE.NFO,02/01/2024,09:22:58,1.05,1,668600,1.05,379240,5720,3490920
FINNIFTY02JAN2421100PE.NFO,02/01/2024,09:22:59,1,1,662640,1.05,376560,10200,3490920
FINNIFTY02JAN2421100PE.NFO,02/01/2024,09:23:00,1.05,1,598440,1.05,414600,14040,3490920
FINNIFTY02JAN2421100PE.NFO,02/01/2024,09:23:01,1,1,644600,1.05,353520,5000,3490920
FINNIFTY02JAN2421100PE.NFO,02/01/2024,09:23:02,1,1,636720,1.05,362040,10400,3490920
FINNIFTY02JAN2421100PE.NFO,02/01/2024,09:23:03,1,1,626600,1.05,375240,8960,3490920
FINNIFTY02JAN2421100PE.NFO,02/01/2024,09:23:04,1,1,574320,1.05,382560,33600,3490920
FINNIFTY02JAN2421100PE.NFO,02/01/2024,09:23:05,1,1,580120,1.05,378840,5960,3490920
FINNIFTY02JAN2421100PE.NFO,02/01/2024,09:23:06,1.05,1,611400,1.05,343480,8600,3490920
FINNIFTY02JAN2421100PE.NFO,02/01/2024,09:23:07,1.05,1,609840,1.05,327000,2240,3490920
FINNIFTY02JAN2421100PE.NFO,02/01/2024,09:23:08,1.05,1,605600,1.05,326200,11560,3490920
FINNIFTY02JAN2421100PE.NFO,02/01/2024,09:23:09,1,1,595600,1.05,357160,11440,3490920
FINNIFTY02JAN2421100PE.NFO,02/01/2024,09:23:10,1.05,1,580320,1.05,378840,8760,3490920
FINNIFTY02JAN2421100PE.NFO,02/01/2024,09:23:11,1.05,1,554840,1.05,404040,7040,3490920
FINNIFTY02JAN2421100PE.NFO,02/01/2024,09:23:12,1.05,1,574560,1.05,413880,1160,3490920
FINNIFTY02JAN2421100PE.NFO,02/01/2024,09:23:13,1,1,593240,1.05,377400,7080,3490920
FINNIFTY02JAN2421100PE.NFO,02/01/2024,09:23:14,1,1,590000,1.05,397160,5400,3490920
FINNIFTY02JAN2421100PE.NFO,02/01/2024,09:23:15,1.05,1,573920,1.05,413880,5920,3490920
FINNIFTY02JAN2421100PE.NFO,02/01/2024,09:23:16,1.05,1,601440,1.05,372000,5040,3490920
FINNIFTY02JAN2421100PE.NFO,02/01/2024,09:23:17,1.05,1,614360,1.05,367680,4600,3490920
FINNIFTY02JAN2421100PE.NFO,02/01/2024,09:23:18,1.05,1,615480,1.05,360120,7080,3490920
FINNIFTY02JAN2421100PE.NFO,02/01/2024,09:23:19,1.05,1,601400,1.05,372400,1400,3490920
FINNIFTY02JAN2421100PE.NFO,02/01/2024,09:23:20,1.05,1,593000,1.05,358760,27600,3490920
FINNIFTY02JAN2421100PE.NFO,02/01/2024,09:23:21,1.05,1,571440,1.05,362320,7800,3490920
FINNIFTY02JAN2421100PE.NFO,02/01/2024,09:23:22,1.05,1,560200,1.05,368280,10520,3490920
FINNIFTY02JAN2421100PE.NFO,02/01/2024,09:23:23,1.05,1,578080,1.05,349560,2200,3490920
FINNIFTY02JAN2421100PE.NFO,02/01/2024,09:23:24,1,1,590480,1.05,335160,4920,3490920
FINNIFTY02JAN2421100PE.NFO,02/01/2024,09:23:25,1,1,618520,1.05,329720,9400,3490920
FINNIFTY02JAN2421100PE.NFO,02/01/2024,09:23:26,1.05,1,588440,1.05,356160,8800,3490920
FINNIFTY02JAN2421100PE.NFO,02/01/2024,09:23:27,1,1,575920,1.05,358000,10120,4477360
FINNIFTY02JAN2421100PE.NFO,02/01/2024,09:23:28,1,1,603360,1.05,330960,3080,4477360
FINNIFTY02JAN2421100PE.NFO,02/01/2024,09:23:29,1,1,601840,1.05,322480,4000,4477360
FINNIFTY02JAN2421100PE.NFO,02/01/2024,09:23:30,1.05,1,597080,1.05,319840,6640,4477360
FINNIFTY02JAN2421100PE.NFO,02/01/2024,09:23:31,1.05,1,636320,1.05,332480,4160,4477360
FINNIFTY02JAN2421100PE.NFO,02/01/2024,09:23:32,1.05,1,667680,1.05,325840,5880,4477360
FINNIFTY02JAN2421100PE.NFO,02/01/2024,09:23:33,1.05,1,682400,1.05,280560,47840,4477360
FINNIFTY02JAN2421100PE.NFO,02/01/2024,09:23:34,1.05,1,615760,1.05,93080,298120,4477360
FINNIFTY02JAN2421100PE.NFO,02/01/2024,09:23:35,1.1,1.05,96440,1.1,312120,140840,4477360
FINNIFTY02JAN2421100PE.NFO,02/01/2024,09:23:36,1.05,1,600600,1.05,152200,77040,4477360
FINNIFTY02JAN2421100PE.NFO,02/01/2024,09:23:37,1,1,620080,1.05,105760,137880,4477360
FINNIFTY02JAN2421100PE.NFO,02/01/2024,09:23:39,1.05,1.05,130880,1.1,367480,41560,4477360
FINNIFTY02JAN2421100PE.NFO,02/01/2024,09:23:40,1.05,1.05,108240,1.1,399400,164240,4477360
FINNIFTY02JAN2421100PE.NFO,02/01/2024,09:23:41,1,1,673280,1.05,102480,42400,4477360
FINNIFTY02JAN2421100PE.NFO,02/01/2024,09:23:42,1.1,1.05,144680,1.1,390040,55600,4477360
FINNIFTY02JAN2421100PE.NFO,02/01/2024,09:23:43,1.1,1.05,158640,1.1,390960,2360,4477360
FINNIFTY02JAN2421100PE.NFO,02/01/2024,09:23:44,1.1,1.05,158880,1.1,389560,2680,4477360
FINNIFTY02JAN2421100PE.NFO,02/01/2024,09:23:45,1.1,1.05,190760,1.1,420120,3760,4477360
FINNIFTY02JAN2421100PE.NFO,02/01/2024,09:23:46,1.1,1.05,263480,1.1,436680,7000,4477360
FINNIFTY02JAN2421100PE.NFO,02/01/2024,09:23:46,1.1,1.05,264480,1.1,436680,0,4477360
FINNIFTY02JAN2421100PE.NFO,02/01/2024,09:23:47,1.1,1.05,325760,1.1,402120,9400,4477360
FINNIFTY02JAN2421100PE.NFO,02/01/2024,09:23:48,1.05,1.05,277120,1.1,438120,32000,4477360
FINNIFTY02JAN2421100PE.NFO,02/01/2024,09:23:50,1.05,1.05,266600,1.1,444040,19680,4477360
FINNIFTY02JAN2421100PE.NFO,02/01/2024,09:23:51,1.05,1,663720,1.05,207160,199400,4477360
FINNIFTY02JAN2421100PE.NFO,02/01/2024,09:23:51,1,1,667600,1.05,209400,320,4477360
FINNIFTY02JAN2421100PE.NFO,02/01/2024,09:23:52,1.05,1,655160,1.05,240560,228080,4477360
FINNIFTY02JAN2421100PE.NFO,02/01/2024,09:23:53,1,1,608760,1.05,329840,1000,4477360
FINNIFTY02JAN2421100PE.NFO,02/01/2024,09:23:54,1.05,1,619200,1.05,329920,320,4477360
FINNIFTY02JAN2421100PE.NFO,02/01/2024,09:23:55,1,1,614320,1.05,330200,3880,4477360
FINNIFTY02JAN2421100PE.NFO,02/01/2024,09:23:56,1.05,1,615800,1.05,320880,3120,4477360
FINNIFTY02JAN2421100PE.NFO,02/01/2024,09:23:58,1.05,1,618320,1.05,331520,1480,4477360
FINNIFTY02JAN2421100PE.NFO,02/01/2024,09:23:59,1.05,1,614760,1.05,348080,3680,4477360
FINNIFTY02JAN2421100PE.NFO,02/01/2024,09:24:00,1.05,1,621960,1.05,355600,11840,4477360
FINNIFTY02JAN2421100PE.NFO,02/01/2024,09:24:01,1.05,1,647520,1.05,238840,66960,4477360
FINNIFTY02JAN2421100PE.NFO,02/01/2024,09:24:02,1.05,1.05,91880,1.1,422240,113240,4477360
FINNIFTY02JAN2421100PE.NFO,02/01/2024,09:24:03,1.05,1.05,186880,1.1,466120,110600,4477360
FINNIFTY02JAN2421100PE.NFO,02/01/2024,09:24:03,1.1,1.05,241720,1.1,464360,1480,4477360
FINNIFTY02JAN2421100PE.NFO,02/01/2024,09:24:04,1.05,1.05,307080,1.1,461200,3160,4477360
FINNIFTY02JAN2421100PE.NFO,02/01/2024,09:24:06,1.05,1.05,336320,1.1,464120,4960,4477360
FINNIFTY02JAN2421100PE.NFO,02/01/2024,09:24:07,1.05,1.05,355080,1.1,463280,1520,4477360
FINNIFTY02JAN2421100PE.NFO,02/01/2024,09:24:08,1.1,1.05,361600,1.1,488400,5400,4477360
FINNIFTY02JAN2421100PE.NFO,02/01/2024,09:24:09,1.05,1.05,361280,1.1,466800,4440,4477360
FINNIFTY02JAN2421100PE.NFO,02/01/2024,09:24:10,1.05,1.05,349400,1.1,479680,8240,4477360
FINNIFTY02JAN2421100PE.NFO,02/01/2024,09:24:10,1.05,1.05,351120,1.1,492240,2400,4477360
FINNIFTY02JAN2421100PE.NFO,02/01/2024,09:24:11,1.05,1.05,317680,1.1,513120,4520,4477360
FINNIFTY02JAN2421100PE.NFO,02/01/2024,09:24:13,1.1,1.05,322200,1.1,511560,4200,4477360
FINNIFTY02JAN2421100PE.NFO,02/01/2024,09:24:14,1.05,1.05,155680,1.1,432080,189400,4477360
FINNIFTY02JAN2421100PE.NFO,02/01/2024,09:24:15,1.05,1.05,156920,1.1,432480,6320,4477360
FINNIFTY02JAN2421100PE.NFO,02/01/2024,09:24:16,1.05,1.05,132360,1.1,504120,20040,4477360
FINNIFTY02JAN2421100PE.NFO,02/01/2024,09:24:16,1.1,1.05,131400,1.1,505360,40,4477360
FINNIFTY02JAN2421100PE.NFO,02/01/2024,09:24:17,1.05,1.05,166360,1.1,515360,7640,4477360
FINNIFTY02JAN2421100PE.NFO,02/01/2024,09:24:18,1.1,1.05,233880,1.1,474880,3040,4477360
FINNIFTY02JAN2421100PE.NFO,02/01/2024,09:24:19,1.1,1.05,272840,1.1,493000,1800,4477360
FINNIFTY02JAN2421100PE.NFO,02/01/2024,09:24:20,1.1,1.05,271320,1.1,505120,520,4477360
FINNIFTY02JAN2421100PE.NFO,02/01/2024,09:24:21,1.1,1.05,323960,1.1,498880,1000,4477360
FINNIFTY02JAN2421100PE.NFO,02/01/2024,09:24:22,1.05,1.05,320040,1.1,554760,1880,4477360
FINNIFTY02JAN2421100PE.NFO,02/01/2024,09:24:23,1.1,1.05,297320,1.1,586840,5000,4477360
FINNIFTY02JAN2421100PE.NFO,02/01/2024,09:24:24,1.1,1.05,296560,1.1,582360,13960,4477360
FINNIFTY02JAN2421100PE.NFO,02/01/2024,09:24:25,1.05,1.05,268280,1.1,591720,6680,4477360
FINNIFTY02JAN2421100PE.NFO,02/01/2024,09:24:26,1.1,1.05,343640,1.1,546840,5280,4477360
FINNIFTY02JAN2421100PE.NFO,02/01/2024,09:24:28,1.05,1.05,386360,1.1,557920,11320,4477360
FINNIFTY02JAN2421100PE.NFO,02/01/2024,09:24:29,1.1,1.05,403760,1.1,555280,9120,4477360
FINNIFTY02JAN2421100PE.NFO,02/01/2024,09:24:30,1.1,1.05,404600,1.1,551480,3160,4477360
FINNIFTY02JAN2421100PE.NFO,02/01/2024,09:24:31,1.1,1.05,400800,1.1,560360,11840,4477360
FINNIFTY02JAN2421100PE.NFO,02/01/2024,09:24:32,1.1,1.05,403960,1.1,554360,3160,4477360
FINNIFTY02JAN2421100PE.NFO,02/01/2024,09:24:33,1.1,1.05,401760,1.1,572360,1520,4477360
FINNIFTY02JAN2421100PE.NFO,02/01/2024,09:24:34,1.05,1.05,401560,1.1,562000,3200,4477360
FINNIFTY02JAN2421100PE.NFO,02/01/2024,09:24:35,1.1,1.05,403120,1.1,576320,3280,4477360
FINNIFTY02JAN2421100PE.NFO,02/01/2024,09:24:35,1.05,1.05,401240,1.1,580280,120,4477360
FINNIFTY02JAN2421100PE.NFO,02/01/2024,09:24:36,1.05,1.05,371880,1.1,567280,4440,4477360
FINNIFTY02JAN2421100PE.NFO,02/01/2024,09:24:38,1.1,1.05,304760,1.1,598200,5160,4477360
FINNIFTY02JAN2421100PE.NFO,02/01/2024,09:24:39,1.1,1.05,264240,1.1,599440,880,4477360
FINNIFTY02JAN2421100PE.NFO,02/01/2024,09:24:40,1.1,1.05,253120,1.1,609120,9040,4477360
FINNIFTY02JAN2421100PE.NFO,02/01/2024,09:24:40,1.05,1.05,261240,1.1,608360,1800,4477360
FINNIFTY02JAN2421100PE.NFO,02/01/2024,09:24:41,1.1,1.05,231040,1.1,608120,7880,4477360
FINNIFTY02JAN2421100PE.NFO,02/01/2024,09:24:43,1.1,1.05,230680,1.1,596920,8520,4477360
FINNIFTY02JAN2421100PE.NFO,02/01/2024,09:24:44,1.05,1.05,241640,1.1,562720,3440,4477360
FINNIFTY02JAN2421100PE.NFO,02/01/2024,09:24:45,1.05,1.05,51400,1.1,602880,9080,4477360
FINNIFTY02JAN2421100PE.NFO,02/01/2024,09:24:45,1.05,1.05,59480,1.1,602880,2240,4477360
FINNIFTY02JAN2421100PE.NFO,02/01/2024,09:24:46,1.05,1,754760,1.05,297200,44760,4477360
FINNIFTY02JAN2421100PE.NFO,02/01/2024,09:24:48,1,1,738080,1.05,359320,18480,4477360
FINNIFTY02JAN2421100PE.NFO,02/01/2024,09:24:49,1,1,763800,1.05,403400,8800,4477360
FINNIFTY02JAN2421100PE.NFO,02/01/2024,09:24:50,1.05,1,747160,1.05,383640,20000,4477360
FINNIFTY02JAN2421100PE.NFO,02/01/2024,09:24:50,1.05,1,747160,1.05,407040,0,4477360
FINNIFTY02JAN2421100PE.NFO,02/01/2024,09:24:51,1,1,731680,1.05,410240,12640,4477360
FINNIFTY02JAN2421100PE.NFO,02/01/2024,09:24:53,1.05,1,747840,1.05,431520,34040,4477360
FINNIFTY02JAN2421100PE.NFO,02/01/2024,09:24:54,1.05,1,742320,1.05,372440,97200,4477360
FINNIFTY02JAN2421100PE.NFO,02/01/2024,09:24:55,1.05,1,742240,1.05,311760,16680,4477360
FINNIFTY02JAN2421100PE.NFO,02/01/2024,09:24:55,1.05,1,742240,1.05,292600,1720,4477360
FINNIFTY02JAN2421100PE.NFO,02/01/2024,09:24:56,1.05,1,738800,1.05,217280,10720,4477360
FINNIFTY02JAN2421100PE.NFO,02/01/2024,09:24:58,1.05,1.05,124800,1.1,389360,302640,4477360
FINNIFTY02JAN2421100PE.NFO,02/01/2024,09:24:59,1.1,1.05,212160,1.1,404360,7280,4477360
FINNIFTY02JAN2421100PE.NFO,02/01/2024,09:25:00,1.05,1.05,202280,1.1,401040,5520,4477360
FINNIFTY02JAN2421100PE.NFO,02/01/2024,09:25:00,1.1,1.05,201880,1.1,400480,840,4477360
FINNIFTY02JAN2421100PE.NFO,02/01/2024,09:25:01,1.05,1,713280,1.05,72280,218760,4477360
FINNIFTY02JAN2421100PE.NFO,02/01/2024,09:25:03,1.05,1,694400,1.05,30560,99040,4477360
FINNIFTY02JAN2421100PE.NFO,02/01/2024,09:25:04,1.05,1,705080,1.05,97760,70680,4477360
FINNIFTY02JAN2421100PE.NFO,02/01/2024,09:25:05,1,1,714440,1.05,105920,90200,4477360
FINNIFTY02JAN2421100PE.NFO,02/01/2024,09:25:06,1.05,1,712800,1.05,84960,2000,4477360
FINNIFTY02JAN2421100PE.NFO,02/01/2024,09:25:07,1.05,1,710080,1.05,125560,4440,4477360
FINNIFTY02JAN2421100PE.NFO,02/01/2024,09:25:08,1.05,1,706720,1.05,136280,5360,4477360
FINNIFTY02JAN2421100PE.NFO,02/01/2024,09:25:09,1.05,1,705440,1.05,173920,3680,4477360
FINNIFTY02JAN2421100PE.NFO,02/01/2024,09:25:10,1.05,1,693280,1.05,268080,4720,4477360
FINNIFTY02JAN2421100PE.NFO,02/01/2024,09:25:11,1.05,1,701600,1.05,269520,2440,4477360
FINNIFTY02JAN2421100PE.NFO,02/01/2024,09:25:12,1.05,1,700760,1.05,256880,3320,4477360
FINNIFTY02JAN2421100PE.NFO,02/01/2024,09:25:13,1,1,698360,1.05,263520,600,4477360
FINNIFTY02JAN2421100PE.NFO,02/01/2024,09:25:14,1.05,1,695480,1.05,277640,2960,4477360
FINNIFTY02JAN2421100PE.NFO,02/01/2024,09:25:14,1.05,1,696600,1.05,279400,40,4477360
FINNIFTY02JAN2421100PE.NFO,02/01/2024,09:25:15,1.05,1,694640,1.05,354320,2680,4477360
FINNIFTY02JAN2421100PE.NFO,02/01/2024,09:25:17,1.05,1,701640,1.05,373880,2960,4477360
FINNIFTY02JAN2421100PE.NFO,02/01/2024,09:25:18,1,1,700920,1.05,408520,1000,4477360
FINNIFTY02JAN2421100PE.NFO,02/01/2024,09:25:19,1,1,692400,1.05,409440,7040,4477360
FINNIFTY02JAN2421100PE.NFO,02/01/2024,09:25:20,1,1,698240,1.05,412200,2040,4477360
FINNIFTY02JAN2421100PE.NFO,02/01/2024,09:25:21,1,1,696880,1.05,426360,4640,4477360
FINNIFTY02JAN2421100PE.NFO,02/01/2024,09:25:22,1,1,691440,1.05,426200,4680,4477360
FINNIFTY02JAN2421100PE.NFO,02/01/2024,09:25:23,1,1,690640,1.05,424480,5160,4477360
FINNIFTY02JAN2421100PE.NFO,02/01/2024,09:25:23,1,1,681960,1.05,426000,2400,4477360
FINNIFTY02JAN2421100PE.NFO,02/01/2024,09:25:24,1,1,678560,1.05,425640,1720,4477360
FINNIFTY02JAN2421100PE.NFO,02/01/2024,09:25:25,1,1,713480,1.05,424040,7200,4477360
FINNIFTY02JAN2421100PE.NFO,02/01/2024,09:25:26,1,1,727240,1.05,426400,4640,4477360
FINNIFTY02JAN2421100PE.NFO,02/01/2024,09:25:27,1.05,1,724960,1.05,424520,2320,4477360
FINNIFTY02JAN2421100PE.NFO,02/01/2024,09:25:28,1,1,685040,1.05,422520,10640,4477360
FINNIFTY02JAN2421100PE.NFO,02/01/2024,09:25:29,1,1,710280,1.05,423080,3240,4477360
FINNIFTY02JAN2421100PE.NFO,02/01/2024,09:25:31,1,1,672400,1.05,426200,12040,4477360
FINNIFTY02JAN2421100PE.NFO,02/01/2024,09:25:32,1,1,694840,1.05,420120,3120,4477360
FINNIFTY02JAN2421100PE.NFO,02/01/2024,09:25:33,1,1,703400,1.05,421680,6280,4477360
FINNIFTY02JAN2421100PE.NFO,02/01/2024,09:25:34,1.05,1,701200,1.05,421920,920,4477360
FINNIFTY02JAN2421100PE.NFO,02/01/2024,09:25:35,1.05,1,700880,1.05,422640,760,4477360
FINNIFTY02JAN2421100PE.NFO,02/01/2024,09:25:36,1.05,1,701760,1.05,422360,2400,4477360
FINNIFTY02JAN2421100PE.NFO,02/01/2024,09:25:36,1.05,1,705440,1.05,422480,2400,4477360
FINNIFTY02JAN2421100PE.NFO,02/01/2024,09:25:37,1.05,1,703720,1.05,418600,3080,4477360
FINNIFTY02JAN2421100PE.NFO,02/01/2024,09:25:38,1.05,1,703640,1.05,403800,13240,4477360
FINNIFTY02JAN2421100PE.NFO,02/01/2024,09:25:39,1.05,1,702920,1.05,376520,7680,4477360
FINNIFTY02JAN2421100PE.NFO,02/01/2024,09:25:40,1.05,1,702200,1.05,361760,5840,4477360
FINNIFTY02JAN2421100PE.NFO,02/01/2024,09:25:41,1.05,1,700120,1.05,360600,2680,4477360
FINNIFTY02JAN2421100PE.NFO,02/01/2024,09:25:42,1.05,1,710880,1.05,399560,4520,4477360
FINNIFTY02JAN2421100PE.NFO,02/01/2024,09:25:43,1.05,1,712400,1.05,396760,10920,4477360
FINNIFTY02JAN2421100PE.NFO,02/01/2024,09:25:44,1,1,713680,1.05,392720,3840,4477360
FINNIFTY02JAN2421100PE.NFO,02/01/2024,09:25:45,1.05,1,713640,1.05,384920,6880,4477360
FINNIFTY02JAN2421100PE.NFO,02/01/2024,09:25:46,1.05,1,713560,1.05,389880,14640,4477360
FINNIFTY02JAN2421100PE.NFO,02/01/2024,09:25:47,1.05,1,705520,1.05,397720,13560,4477360
FINNIFTY02JAN2421100PE.NFO,02/01/2024,09:25:49,1,1,705560,1.05,394160,6440,4477360
FINNIFTY02JAN2421100PE.NFO,02/01/2024,09:25:50,1.05,1,703680,1.05,353240,11320,4477360
FINNIFTY02JAN2421100PE.NFO,02/01/2024,09:25:51,1.05,1,704680,1.05,377800,4280,4477360
FINNIFTY02JAN2421100PE.NFO,02/01/2024,09:25:52,1,1,700440,1.05,380920,5880,4477360
FINNIFTY02JAN2421100PE.NFO,02/01/2024,09:25:53,1,1,691760,1.05,376840,11000,4477360
FINNIFTY02JAN2421100PE.NFO,02/01/2024,09:25:54,1,1,692600,1.05,373000,5600,4477360
FINNIFTY02JAN2421100PE.NFO,02/01/2024,09:25:55,1,1,686280,1.05,365320,11720,4477360
FINNIFTY02JAN2421100PE.NFO,02/01/2024,09:25:56,1,1,684760,1.05,366760,4680,4477360
FINNIFTY02JAN2421100PE.NFO,02/01/2024,09:25:57,1,1,680880,1.05,358600,10680,4477360
FINNIFTY02JAN2421100PE.NFO,02/01/2024,09:25:58,1,1,679600,1.05,360320,3000,4477360
FINNIFTY02JAN2421100PE.NFO,02/01/2024,09:25:59,1,1,673840,1.05,359480,3800,4477360
FINNIFTY02JAN2421100PE.NFO,02/01/2024,09:26:00,1,1,672720,1.05,386760,4520,4477360
FINNIFTY02JAN2421100PE.NFO,02/01/2024,09:26:01,1.05,1,652760,1.05,387680,11880,4477360
FINNIFTY02JAN2421100PE.NFO,02/01/2024,09:26:02,1.05,1,662600,1.05,386240,5800,4477360
FINNIFTY02JAN2421100PE.NFO,02/01/2024,09:26:03,1,1,644040,1.05,381640,7120,4477360
FINNIFTY02JAN2421100PE.NFO,02/01/2024,09:26:04,1,1,648240,1.05,377760,4920,4477360
FINNIFTY02JAN2421100PE.NFO,02/01/2024,09:26:05,1.05,1,647160,1.05,378280,1400,4477360
FINNIFTY02JAN2421100PE.NFO,02/01/2024,09:26:06,1.05,1,647080,1.05,377720,840,4477360
FINNIFTY02JAN2421100PE.NFO,02/01/2024,09:26:07,1.05,1,645840,1.05,378000,2560,4477360
FINNIFTY02JAN2421100PE.NFO,02/01/2024,09:26:08,1,1,641640,1.05,385040,10360,4477360
FINNIFTY02JAN2421100PE.NFO,02/01/2024,09:26:09,1,1,644560,1.05,384880,520,4477360
FINNIFTY02JAN2421100PE.NFO,02/01/2024,09:26:10,1.05,1,643680,1.05,391880,2280,4477360
FINNIFTY02JAN2421100PE.NFO,02/01/2024,09:26:11,1,1,643960,1.05,389040,3520,4477360
FINNIFTY02JAN2421100PE.NFO,02/01/2024,09:26:12,1,1,660320,1.05,389000,3000,4477360
FINNIFTY02JAN2421100PE.NFO,02/01/2024,09:26:13,1.05,1,655800,1.05,444320,6880,4477360
FINNIFTY02JAN2421100PE.NFO,02/01/2024,09:26:14,1,1,631600,1.05,435080,13600,4477360
FINNIFTY02JAN2421100PE.NFO,02/01/2024,09:26:15,1.05,1,613880,1.05,437560,15040,4477360
FINNIFTY02JAN2421100PE.NFO,02/01/2024,09:26:16,1.05,1,612160,1.05,306760,83280,4477360
FINNIFTY02JAN2421100PE.NFO,02/01/2024,09:26:17,1,1,516400,1.05,273120,203120,4477360
FINNIFTY02JAN2421100PE.NFO,02/01/2024,09:26:18,1,1,406680,1.05,269000,124760,4477360
FINNIFTY02JAN2421100PE.NFO,02/01/2024,09:26:19,1,1,416080,1.05,229520,11480,4477360
FINNIFTY02JAN2421100PE.NFO,02/01/2024,09:26:20,1,1,408880,1.05,248840,11160,4477360
FINNIFTY02JAN2421100PE.NFO,02/01/2024,09:26:21,1,1,418080,1.05,322720,10640,4477360
FINNIFTY02JAN2421100PE.NFO,02/01/2024,09:26:22,1,1,423720,1.05,361000,1520,4477360
FINNIFTY02JAN2421100PE.NFO,02/01/2024,09:26:23,1.05,1,428720,1.05,371280,6920,4477360
FINNIFTY02JAN2421100PE.NFO,02/01/2024,09:26:24,1,1,418400,1.05,366520,16800,4477360
FINNIFTY02JAN2421100PE.NFO,02/01/2024,09:26:25,1,1,491440,1.05,360200,3720,4477360
FINNIFTY02JAN2421100PE.NFO,02/01/2024,09:26:26,1.05,1,491400,1.05,359120,1200,4477360
FINNIFTY02JAN2421100PE.NFO,02/01/2024,09:26:27,1.05,1,473200,1.05,376120,6000,4477360
FINNIFTY02JAN2421100PE.NFO,02/01/2024,09:26:28,1.05,1,591000,1.05,359040,11880,4778040
FINNIFTY02JAN2421100PE.NFO,02/01/2024,09:26:29,1.05,1,589400,1.05,329560,18640,4778040
FINNIFTY02JAN2421100PE.NFO,02/01/2024,09:26:30,1,1,579440,1.05,314240,50760,4778040
FINNIFTY02JAN2421100PE.NFO,02/01/2024,09:26:30,1.05,1,600600,1.05,262080,1960,4778040
FINNIFTY02JAN2421100PE.NFO,02/01/2024,09:26:31,1.05,1.05,109920,1.1,325080,222600,4778040
FINNIFTY02JAN2421100PE.NFO,02/01/2024,09:26:32,1.05,1.05,265280,1.1,343680,24560,4778040
FINNIFTY02JAN2421100PE.NFO,02/01/2024,09:26:33,1.1,1.05,269080,1.1,339800,10640,4778040
FINNIFTY02JAN2421100PE.NFO,02/01/2024,09:26:34,1.05,1.05,292040,1.1,341320,11040,4778040
FINNIFTY02JAN2421100PE.NFO,02/01/2024,09:26:35,1.05,1.05,290760,1.1,340200,14080,4778040
FINNIFTY02JAN2421100PE.NFO,02/01/2024,09:26:36,1.1,1.05,290080,1.1,331080,19800,4778040
FINNIFTY02JAN2421100PE.NFO,02/01/2024,09:26:37,1.1,1.05,305440,1.1,319760,22520,4778040
FINNIFTY02JAN2421100PE.NFO,02/01/2024,09:26:38,1.05,1.05,304840,1.1,275600,60440,4778040
FINNIFTY02JAN2421100PE.NFO,02/01/2024,09:26:39,1.05,1.05,290640,1.1,266600,40200,4778040
FINNIFTY02JAN2421100PE.NFO,02/01/2024,09:26:40,1.05,1.05,292720,1.1,256280,17840,4778040
FINNIFTY02JAN2421100PE.NFO,02/01/2024,09:26:41,1.05,1.05,275040,1.1,254120,36080,4778040
FINNIFTY02JAN2421100PE.NFO,02/01/2024,09:26:42,1.05,1.05,247520,1.1,270480,28720,4778040
FINNIFTY02JAN2421100PE.NFO,02/01/2024,09:26:43,1.05,1.05,115280,1.1,306440,184840,4778040
FINNIFTY02JAN2421100PE.NFO,02/01/2024,09:26:44,1.05,1.05,167520,1.1,344960,20320,4778040
FINNIFTY02JAN2421100PE.NFO,02/01/2024,09:26:45,1.1,1.05,136600,1.1,431240,24800,4778040
FINNIFTY02JAN2421100PE.NFO,02/01/2024,09:26:46,1.1,1.05,161280,1.1,462880,26800,4778040
FINNIFTY02JAN2421100PE.NFO,02/01/2024,09:26:47,1.05,1.05,165080,1.1,456440,28400,4778040
FINNIFTY02JAN2421100PE.NFO,02/01/2024,09:26:48,1.1,1.05,163840,1.1,456320,5840,4778040
FINNIFTY02JAN2421100PE.NFO,02/01/2024,09:26:49,1.05,1,766000,1.05,90680,196200,4778040
FINNIFTY02JAN2421100PE.NFO,02/01/2024,09:26:50,1.05,1,750480,1.05,305600,79120,4778040
FINNIFTY02JAN2421100PE.NFO,02/01/2024,09:26:51,1.05,1,746440,1.05,326760,6320,4778040
FINNIFTY02JAN2421100PE.NFO,02/01/2024,09:26:52,1,1,745440,1.05,363640,8200,4778040
FINNIFTY02JAN2421100PE.NFO,02/01/2024,09:26:53,1.05,1,727280,1.05,376880,8760,4778040
FINNIFTY02JAN2421100PE.NFO,02/01/2024,09:26:54,1.05,1,733880,1.05,421440,20480,4778040
FINNIFTY02JAN2421100PE.NFO,02/01/2024,09:26:55,1,1,736320,1.05,490200,23520,4778040
FINNIFTY02JAN2421100PE.NFO,02/01/2024,09:26:56,1,1,734480,1.05,495040,3600,4778040
FINNIFTY02JAN2421100PE.NFO,02/01/2024,09:26:57,1,1,745640,1.05,479560,45520,4778040
FINNIFTY02JAN2421100PE.NFO,02/01/2024,09:26:58,1.05,1,740640,1.05,486000,12840,4778040
FINNIFTY02JAN2421100PE.NFO,02/01/2024,09:26:59,1,1,719120,1.05,487080,10200,4778040
FINNIFTY02JAN2421100PE.NFO,02/01/2024,09:27:00,1.05,1,714960,1.05,498320,5440,4778040
FINNIFTY02JAN2421100PE.NFO,02/01/2024,09:27:01,1,1,716880,1.05,498000,3840,4778040
FINNIFTY02JAN2421100PE.NFO,02/01/2024,09:27:02,1.05,1,710120,1.05,486280,13840,4778040
FINNIFTY02JAN2421100PE.NFO,02/01/2024,09:27:03,1.05,1,677640,1.05,473840,17560,4778040
FINNIFTY02JAN2421100PE.NFO,02/01/2024,09:27:04,1,1,674400,1.05,471480,14400,4778040
FINNIFTY02JAN2421100PE.NFO,02/01/2024,09:27:05,1,1,672480,1.05,423080,9600,4778040
FINNIFTY02JAN2421100PE.NFO,02/01/2024,09:27:06,1.05,1,726360,1.05,434200,23200,4778040
FINNIFTY02JAN2421100PE.NFO,02/01/2024,09:27:07,1.05,1,724520,1.05,396560,72960,4778040
FINNIFTY02JAN2421100PE.NFO,02/01/2024,09:27:08,1.05,1,719800,1.05,363840,47400,4778040
FINNIFTY02JAN2421100PE.NFO,02/01/2024,09:27:09,1.05,1,718040,1.05,355200,20560,4778040
FINNIFTY02JAN2421100PE.NFO,02/01/2024,09:27:10,1.05,1,722120,1.05,341920,13120,4778040
FINNIFTY02JAN2421100PE.NFO,02/01/2024,09:27:11,1,1,737760,1.05,293920,14400,4778040
FINNIFTY02JAN2421100PE.NFO,02/01/2024,09:27:12,1,1,738440,1.05,168240,11800,4778040
FINNIFTY02JAN2421100PE.NFO,02/01/2024,09:27:13,1.05,1,737880,1.05,158040,8680,4778040
FINNIFTY02JAN2421100PE.NFO,02/01/2024,09:27:14,1.05,1,678040,1.05,124000,255080,4778040
FINNIFTY02JAN2421100PE.NFO,02/01/2024,09:27:15,1.05,1,680960,1.05,119880,9440,4778040
FINNIFTY02JAN2421100PE.NFO,02/01/2024,09:27:16,1.05,1,740920,1.05,113000,103240,4778040
FINNIFTY02JAN2421100PE.NFO,02/01/2024,09:27:17,1,1,720720,1.05,121600,82240,4778040
FINNIFTY02JAN2421100PE.NFO,02/01/2024,09:27:18,1,1,726080,1.05,122600,5880,4778040
FINNIFTY02JAN2421100PE.NFO,02/01/2024,09:27:19,1.05,1,724560,1.05,128760,98680,4778040
FINNIFTY02JAN2421100PE.NFO,02/01/2024,09:27:21,1.05,1,725360,1.05,181000,8600,4778040
FINNIFTY02JAN2421100PE.NFO,02/01/2024,09:27:21,1,1,724280,1.05,252320,9080,4778040
FINNIFTY02JAN2421100PE.NFO,02/01/2024,09:27:22,1,1,718000,1.05,299120,5800,4778040
FINNIFTY02JAN2421100PE.NFO,02/01/2024,09:27:23,1,1,719000,1.05,372640,7240,4778040
FINNIFTY02JAN2421100PE.NFO,02/01/2024,09:27:25,1.05,1,718520,1.05,378440,10960,4778040
FINNIFTY02JAN2421100PE.NFO,02/01/2024,09:27:25,1,1,716880,1.05,376240,5920,4778040
FINNIFTY02JAN2421100PE.NFO,02/01/2024,09:27:26,1.05,1,715560,1.05,375920,6200,4778040
FINNIFTY02JAN2421100PE.NFO,02/01/2024,09:27:27,1.05,1,716000,1.05,370680,2800,4778040
FINNIFTY02JAN2421100PE.NFO,02/01/2024,09:27:28,1,1,710200,1.05,376440,11960,4778040
FINNIFTY02JAN2421100PE.NFO,02/01/2024,09:27:29,1,1,708480,1.05,381320,6680,4778040
FINNIFTY02JAN2421100PE.NFO,02/01/2024,09:27:31,1,1,713120,1.05,379040,3760,4778040
FINNIFTY02JAN2421100PE.NFO,02/01/2024,09:27:32,1.05,1,713520,1.05,379080,1360,4778040
FINNIFTY02JAN2421100PE.NFO,02/01/2024,09:27:33,1,1,706120,1.05,386880,1800,4778040
FINNIFTY02JAN2421100PE.NFO,02/01/2024,09:27:34,1.05,1,704120,1.05,383120,6120,4778040
FINNIFTY02JAN2421100PE.NFO,02/01/2024,09:27:35,1.05,1,690640,1.05,423240,21520,4778040
FINNIFTY02JAN2421100PE.NFO,02/01/2024,09:27:36,1.05,1,671320,1.05,443440,11200,4778040
FINNIFTY02JAN2421100PE.NFO,02/01/2024,09:27:37,1.05,1,676960,1.05,441920,2760,4778040
FINNIFTY02JAN2421100PE.NFO,02/01/2024,09:27:38,1.05,1,710080,1.05,388720,54840,4778040
FINNIFTY02JAN2421100PE.NFO,02/01/2024,09:27:39,1.05,1,712720,1.05,374000,11480,4778040
FINNIFTY02JAN2421100PE.NFO,02/01/2024,09:27:40,1.05,1,707280,1.05,422920,6560,4778040
FINNIFTY02JAN2421100PE.NFO,02/01/2024,09:27:41,1.05,1,705240,1.05,425200,2400,4778040
FINNIFTY02JAN2421100PE.NFO,02/01/2024,09:27:42,1,1,706040,1.05,420800,7240,4778040
FINNIFTY02JAN2421100PE.NFO,02/01/2024,09:27:43,1.05,1,706400,1.05,437400,2360,4778040
FINNIFTY02JAN2421100PE.NFO,02/01/2024,09:27:44,1.05,1,701520,1.05,441240,5480,4778040
FINNIFTY02JAN2421100PE.NFO,02/01/2024,09:27:45,1.05,1,700400,1.05,440480,1480,4778040
FINNIFTY02JAN2421100PE.NFO,02/01/2024,09:27:46,1.05,1,699320,1.05,444120,3000,4778040
FINNIFTY02JAN2421100PE.NFO,02/01/2024,09:27:47,1.05,1,695520,1.05,444360,2920,4778040
FINNIFTY02JAN2421100PE.NFO,02/01/2024,09:27:48,1.05,1,697960,1.05,441960,1720,4778040
FINNIFTY02JAN2421100PE.NFO,02/01/2024,09:27:49,1,1,680640,1.05,446920,17520,4778040
FINNIFTY02JAN2421100PE.NFO,02/01/2024,09:27:50,1.05,1,672520,1.05,443760,8840,4778040
FINNIFTY02JAN2421100PE.NFO,02/01/2024,09:27:51,1.05,1,640040,1.05,443760,27560,4778040
FINNIFTY02JAN2421100PE.NFO,02/01/2024,09:27:52,1,1,591320,1.05,472000,30880,4778040
FINNIFTY02JAN2421100PE.NFO,02/01/2024,09:27:53,1.05,1,604880,1.05,446680,74160,4778040
FINNIFTY02JAN2421100PE.NFO,02/01/2024,09:27:54,1,1,597800,1.05,462240,12240,4778040
FINNIFTY02JAN2421100PE.NFO,02/01/2024,09:27:55,1.05,1,603160,1.05,475960,8560,4778040
FINNIFTY02JAN2421100PE.NFO,02/01/2024,09:27:56,1,1,590640,1.05,548360,15400,4778040
FINNIFTY02JAN2421100PE.NFO,02/01/2024,09:27:57,1.05,1,618840,1.05,549680,3880,4778040
FINNIFTY02JAN2421100PE.NFO,02/01/2024,09:27:58,1.05,1,628440,1.05,520200,49880,4778040
FINNIFTY02JAN2421100PE.NFO,02/01/2024,09:27:59,1,1,600080,1.05,551680,42680,4778040
FINNIFTY02JAN2421100PE.NFO,02/01/2024,09:28:00,1,1,570560,1.05,549240,18720,4778040
FINNIFTY02JAN2421100PE.NFO,02/01/2024,09:28:01,1.05,1,514800,1.05,538760,54800,4778040
FINNIFTY02JAN2421100PE.NFO,02/01/2024,09:28:02,1,1,540840,1.05,562640,9760,4778040
FINNIFTY02JAN2421100PE.NFO,02/01/2024,09:28:03,1.05,1,538440,1.05,608360,7040,4778040
FINNIFTY02JAN2421100PE.NFO,02/01/2024,09:28:04,1.05,1,427640,1.05,614200,8440,4778040
FINNIFTY02JAN2421100PE.NFO,02/01/2024,09:28:05,1,0.95,653280,1,75840,249640,4778040
FINNIFTY02JAN2421100PE.NFO,02/01/2024,09:28:06,1,0.95,663400,1,311440,162960,4778040
FINNIFTY02JAN2421100PE.NFO,02/01/2024,09:28:07,1,0.95,661040,1,424680,3160,4778040
FINNIFTY02JAN2421100PE.NFO,02/01/2024,09:28:08,1,0.95,660840,1,502920,8040,4778040
FINNIFTY02JAN2421100PE.NFO,02/01/2024,09:28:09,1,0.95,650960,1,577120,4880,4778040
FINNIFTY02JAN2421100PE.NFO,02/01/2024,09:28:10,1,0.95,655360,1,610120,4880,4778040
FINNIFTY02JAN2421100PE.NFO,02/01/2024,09:28:11,1,0.95,652840,1,608200,14120,4778040
FINNIFTY02JAN2421100PE.NFO,02/01/2024,09:28:12,0.95,0.95,649480,1,621320,13840,4778040
FINNIFTY02JAN2421100PE.NFO,02/01/2024,09:28:13,0.95,0.95,618400,1,621000,17320,4778040
FINNIFTY02JAN2421100PE.NFO,02/01/2024,09:28:14,0.95,0.95,612600,1,597800,37880,4778040
FINNIFTY02JAN2421100PE.NFO,02/01/2024,09:28:15,1,0.95,566560,1,580440,35520,4778040
FINNIFTY02JAN2421100PE.NFO,02/01/2024,09:28:16,0.95,0.95,512520,1,582880,4640,4778040
FINNIFTY02JAN2421100PE.NFO,02/01/2024,09:28:17,1,0.95,495480,1,554600,36880,4778040
FINNIFTY02JAN2421100PE.NFO,02/01/2024,09:28:18,0.95,0.95,480840,1,538400,30200,4778040
FINNIFTY02JAN2421100PE.NFO,02/01/2024,09:28:19,1,0.95,451880,1,530120,41200,4778040
FINNIFTY02JAN2421100PE.NFO,02/01/2024,09:28:20,0.95,0.95,444960,1,532000,8880,4778040
FINNIFTY02JAN2421100PE.NFO,02/01/2024,09:28:21,1,0.95,375760,1,514880,29040,4778040
FINNIFTY02JAN2421100PE.NFO,02/01/2024,09:28:22,0.95,0.95,335320,1,498040,32720,4778040
FINNIFTY02JAN2421100PE.NFO,02/01/2024,09:28:23,1,0.95,278160,1,467680,37600,4778040
FINNIFTY02JAN2421100PE.NFO,02/01/2024,09:28:24,0.95,0.95,57680,1,356360,155840,4778040
FINNIFTY02JAN2421100PE.NFO,02/01/2024,09:28:25,0.95,0.95,114400,1,347160,137440,4778040
FINNIFTY02JAN2421100PE.NFO,02/01/2024,09:28:26,0.95,0.95,157760,1,385400,18160,4778040
FINNIFTY02JAN2421100PE.NFO,02/01/2024,09:28:27,1,0.95,170920,1,386360,12760,4778040
FINNIFTY02JAN2421100PE.NFO,02/01/2024,09:28:28,1,0.95,213320,1,418200,7120,4778040
FINNIFTY02JAN2421100PE.NFO,02/01/2024,09:28:29,0.95,0.95,213360,1,476240,4360,4778040
FINNIFTY02JAN2421100PE.NFO,02/01/2024,09:28:30,0.95,0.95,201720,1,542160,2800,4778040
FINNIFTY02JAN2421100PE.NFO,02/01/2024,09:28:31,1,0.95,209520,1,544840,4520,4778040
FINNIFTY02JAN2421100PE.NFO,02/01/2024,09:28:32,0.95,0.95,184120,1,537400,5040,4778040
FINNIFTY02JAN2421100PE.NFO,02/01/2024,09:28:33,0.95,0.95,151360,1,540920,10320,4778040
FINNIFTY02JAN2421100PE.NFO,02/01/2024,09:28:34,1,0.95,38400,1,499480,102560,4778040
FINNIFTY02JAN2421100PE.NFO,02/01/2024,09:28:35,0.95,0.95,99800,1,504040,103320,4778040
FINNIFTY02JAN2421100PE.NFO,02/01/2024,09:28:36,0.95,0.95,103600,1,528440,187320,4778040
FINNIFTY02JAN2421100PE.NFO,02/01/2024,09:28:37,0.95,0.9,755280,0.95,109240,134240,4778040
FINNIFTY02JAN2421100PE.NFO,02/01/2024,09:28:37,0.9,0.9,754840,0.95,114200,2120,4778040
FINNIFTY02JAN2421100PE.NFO,02/01/2024,09:28:38,0.95,0.95,67680,1,561880,70200,4778040
FINNIFTY02JAN2421100PE.NFO,02/01/2024,09:28:39,0.95,0.9,743760,0.95,135160,47200,4778040
FINNIFTY02JAN2421100PE.NFO,02/01/2024,09:28:41,0.95,0.9,751400,0.95,163920,4800,4778040
FINNIFTY02JAN2421100PE.NFO,02/01/2024,09:28:42,0.9,0.9,745640,0.95,185200,11160,4778040
FINNIFTY02JAN2421100PE.NFO,02/01/2024,09:28:43,0.9,0.9,743920,0.95,187600,5880,4778040
FINNIFTY02JAN2421100PE.NFO,02/01/2024,09:28:44,0.9,0.9,741760,0.95,187120,5400,4778040
FINNIFTY02JAN2421100PE.NFO,02/01/2024,09:28:45,0.95,0.9,741560,0.95,193880,5840,4778040
FINNIFTY02JAN2421100PE.NFO,02/01/2024,09:28:46,0.95,0.9,738480,0.95,194160,8680,4778040
FINNIFTY02JAN2421100PE.NFO,02/01/2024,09:28:47,0.95,0.9,785680,0.95,146400,5960,4778040
FINNIFTY02JAN2421100PE.NFO,02/01/2024,09:28:48,0.95,0.9,785440,0.95,182120,8600,4778040
FINNIFTY02JAN2421100PE.NFO,02/01/2024,09:28:49,0.95,0.9,784880,0.95,183120,3160,4778040
FINNIFTY02JAN2421100PE.NFO,02/01/2024,09:28:50,0.95,0.9,785280,0.95,187160,10520,4778040
FINNIFTY02JAN2421100PE.NFO,02/01/2024,09:28:51,0.95,0.9,784320,0.95,188240,7880,4778040
FINNIFTY02JAN2421100PE.NFO,02/01/2024,09:28:52,0.9,0.9,781120,0.95,189800,6280,4778040
FINNIFTY02JAN2421100PE.NFO,02/01/2024,09:28:53,0.95,0.9,778960,0.95,143240,16920,4778040
FINNIFTY02JAN2421100PE.NFO,02/01/2024,09:28:54,0.9,0.9,772800,0.95,117640,23280,4778040
FINNIFTY02JAN2421100PE.NFO,02/01/2024,09:28:55,0.9,0.9,765000,0.95,170160,15160,4778040
FINNIFTY02JAN2421100PE.NFO,02/01/2024,09:28:56,0.95,0.9,755720,0.95,163440,17160,4778040
FINNIFTY02JAN2421100PE.NFO,02/01/2024,09:28:57,0.9,0.9,746160,0.95,168680,19360,4778040
FINNIFTY02JAN2421100PE.NFO,02/01/2024,09:28:58,0.9,0.9,740560,0.95,155080,19760,4778040
FINNIFTY02JAN2421100PE.NFO,02/01/2024,09:28:59,0.9,0.9,735080,0.95,151160,13000,4778040
FINNIFTY02JAN2421100PE.NFO,02/01/2024,09:29:00,0.95,0.9,730800,0.95,150520,12160,4778040
FINNIFTY02JAN2421100PE.NFO,02/01/2024,09:29:01,0.95,0.9,729640,0.95,139720,4720,4778040
FINNIFTY02JAN2421100PE.NFO,02/01/2024,09:29:02,0.9,0.9,742120,0.95,144240,18840,4778040
FINNIFTY02JAN2421100PE.NFO,02/01/2024,09:29:03,0.95,0.9,741400,0.95,197760,6080,4778040
FINNIFTY02JAN2421100PE.NFO,02/01/2024,09:29:04,0.9,0.9,744720,0.95,103200,74080,4778040
FINNIFTY02JAN2421100PE.NFO,02/01/2024,09:29:05,0.95,0.9,744400,0.95,56360,48640,4778040
FINNIFTY02JAN2421100PE.NFO,02/01/2024,09:29:06,0.95,0.9,746600,0.95,52880,2680,4778040
FINNIFTY02JAN2421100PE.NFO,02/01/2024,09:29:07,0.95,0.95,186440,1,517800,168960,4778040
FINNIFTY02JAN2421100PE.NFO,02/01/2024,09:29:08,1,0.95,212080,1,646960,15400,4778040
FINNIFTY02JAN2421100PE.NFO,02/01/2024,09:29:09,1,0.95,273120,1,644920,6600,4778040
FINNIFTY02JAN2421100PE.NFO,02/01/2024,09:29:10,1,0.95,270640,1,656640,8600,4778040
FINNIFTY02JAN2421100PE.NFO,02/01/2024,09:29:11,1,0.95,268360,1,648120,9400,4778040
FINNIFTY02JAN2421100PE.NFO,02/01/2024,09:29:12,1,0.95,285800,1,649000,9560,4778040
FINNIFTY02JAN2421100PE.NFO,02/01/2024,09:29:13,0.95,0.95,283560,1,656280,2520,4778040
FINNIFTY02JAN2421100PE.NFO,02/01/2024,09:29:14,0.95,0.95,280280,1,655640,4160,4778040
FINNIFTY02JAN2421100PE.NFO,02/01/2024,09:29:15,1,0.95,280840,1,653400,3480,4778040
FINNIFTY02JAN2421100PE.NFO,02/01/2024,09:29:16,0.95,0.95,278120,1,653080,5880,4778040
FINNIFTY02JAN2421100PE.NFO,02/01/2024,09:29:17,0.95,0.95,236960,1,647880,31320,4778040
FINNIFTY02JAN2421100PE.NFO,02/01/2024,09:29:18,0.95,0.95,117400,1,645320,50960,4778040
FINNIFTY02JAN2421100PE.NFO,02/01/2024,09:29:19,0.9,0.9,781600,0.95,92400,93920,4778040
FINNIFTY02JAN2421100PE.NFO,02/01/2024,09:29:20,0.95,0.9,724920,0.95,206520,55240,4778040
FINNIFTY02JAN2421100PE.NFO,02/01/2024,09:29:21,0.95,0.9,696520,0.95,196520,54360,4778040
FINNIFTY02JAN2421100PE.NFO,02/01/2024,09:29:22,0.95,0.9,676920,0.95,203720,25200,4778040
FINNIFTY02JAN2421100PE.NFO,02/01/2024,09:29:23,0.95,0.9,658840,0.95,338760,32000,4778040
FINNIFTY02JAN2421100PE.NFO,02/01/2024,09:29:24,0.95,0.9,641800,0.95,402560,37600,4778040
FINNIFTY02JAN2421100PE.NFO,02/01/2024,09:29:25,0.95,0.9,615240,0.95,438040,45560,4778040
FINNIFTY02JAN2421100PE.NFO,02/01/2024,09:29:26,0.9,0.9,597000,0.95,438840,33760,4778040
FINNIFTY02JAN2421100PE.NFO,02/01/2024,09:29:27,0.9,0.9,576280,0.95,448320,23320,4778040
FINNIFTY02JAN2421100PE.NFO,02/01/2024,09:29:28,0.95,0.9,564560,0.95,459400,16520,4778040
FINNIFTY02JAN2421100PE.NFO,02/01/2024,09:29:29,0.9,0.9,560120,0.95,458120,16960,5246880
FINNIFTY02JAN2421100PE.NFO,02/01/2024,09:29:30,0.95,0.9,557960,0.95,478800,2920,5246880
FINNIFTY02JAN2421100PE.NFO,02/01/2024,09:29:31,0.9,0.9,553440,0.95,478920,21760,5246880
FINNIFTY02JAN2421100PE.NFO,02/01/2024,09:29:32,0.95,0.9,550040,0.95,479880,21720,5246880
FINNIFTY02JAN2421100PE.NFO,02/01/2024,09:29:33,0.9,0.9,548200,0.95,460920,25480,5246880
FINNIFTY02JAN2421100PE.NFO,02/01/2024,09:29:34,0.9,0.9,537400,0.95,431880,32120,5246880
FINNIFTY02JAN2421100PE.NFO,02/01/2024,09:29:35,0.9,0.9,496200,0.95,465760,11320,5246880
FINNIFTY02JAN2421100PE.NFO,02/01/2024,09:29:36,0.9,0.9,536760,0.95,457720,15400,5246880
FINNIFTY02JAN2421100PE.NFO,02/01/2024,09:29:37,0.9,0.9,536720,0.95,457440,40,5246880
FINNIFTY02JAN2421100PE.NFO,02/01/2024,09:29:38,0.95,0.9,507920,0.95,449400,9880,5246880
FINNIFTY02JAN2421100PE.NFO,02/01/2024,09:29:39,0.95,0.9,504720,0.95,448680,1960,5246880
FINNIFTY02JAN2421100PE.NFO,02/01/2024,09:29:40,0.9,0.9,607080,0.95,445680,2080,5246880
FINNIFTY02JAN2421100PE.NFO,02/01/2024,09:29:41,0.95,0.9,606840,0.95,444480,1000,5246880
FINNIFTY02JAN2421100PE.NFO,02/01/2024,09:29:42,0.95,0.9,606000,0.95,444920,920,5246880
FINNIFTY02JAN2421100PE.NFO,02/01/2024,09:29:43,0.95,0.9,615320,0.95,462720,9360,5246880
FINNIFTY02JAN2421100PE.NFO,02/01/2024,09:29:44,0.95,0.9,612760,0.95,458480,5840,5246880
FINNIFTY02JAN2421100PE.NFO,02/01/2024,09:29:45,0.95,0.9,612800,0.95,458400,0,5246880
FINNIFTY02JAN2421100PE.NFO,02/01/2024,09:29:46,0.9,0.9,611400,0.95,453760,4400,5246880
FINNIFTY02JAN2421100PE.NFO,02/01/2024,09:29:47,0.9,0.9,609600,0.95,453080,3360,5246880
FINNIFTY02JAN2421100PE.NFO,02/01/2024,09:29:48,0.95,0.9,607480,0.95,453800,2920,5246880
FINNIFTY02JAN2421100PE.NFO,02/01/2024,09:29:49,0.9,0.9,601480,0.95,451040,9800,5246880
FINNIFTY02JAN2421100PE.NFO,02/01/2024,09:29:50,0.95,0.9,599480,0.95,440680,11680,5246880
FINNIFTY02JAN2421100PE.NFO,02/01/2024,09:29:51,0.95,0.9,538680,0.95,318280,182440,5246880
FINNIFTY02JAN2421100PE.NFO,02/01/2024,09:29:52,0.95,0.9,538200,0.95,260560,62120,5246880
FINNIFTY02JAN2421100PE.NFO,02/01/2024,09:29:53,0.9,0.9,525920,0.95,287280,35520,5246880
FINNIFTY02JAN2421100PE.NFO,02/01/2024,09:29:54,0.95,0.9,527080,0.95,246240,101160,5246880
FINNIFTY02JAN2421100PE.NFO,02/01/2024,09:29:55,0.9,0.9,392400,0.95,278400,91440,5246880
FINNIFTY02JAN2421100PE.NFO,02/01/2024,09:29:56,0.9,0.9,308200,0.95,289720,87440,5246880
FINNIFTY02JAN2421100PE.NFO,02/01/2024,09:29:57,0.9,0.9,220960,0.95,257240,65600,5246880
FINNIFTY02JAN2421100PE.NFO,02/01/2024,09:29:58,0.9,0.9,133120,0.95,359160,62000,5246880
FINNIFTY02JAN2421100PE.NFO,02/01/2024,09:29:59,0.9,0.85,851800,0.9,150920,99000,5246880
FINNIFTY02JAN2421100PE.NFO,02/01/2024,09:30:00,0.9,0.85,841360,0.9,261480,53080,5246880
FINNIFTY02JAN2421100PE.NFO,02/01/2024,09:30:01,0.9,0.85,834880,0.9,260000,37840,5246880
FINNIFTY02JAN2421100PE.NFO,02/01/2024,09:30:02,0.85,0.85,809960,0.9,279920,25560,5246880
FINNIFTY02JAN2421100PE.NFO,02/01/2024,09:30:03,0.9,0.85,811840,0.9,378920,12760,5246880
FINNIFTY02JAN2421100PE.NFO,02/01/2024,09:30:04,0.85,0.85,810880,0.9,377000,8880,5246880
FINNIFTY02JAN2421100PE.NFO,02/01/2024,09:30:05,0.85,0.85,810920,0.9,377000,0,5246880
FINNIFTY02JAN2421100PE.NFO,02/01/2024,09:30:06,0.9,0.85,805600,0.9,377040,2240,5246880
FINNIFTY02JAN2421100PE.NFO,02/01/2024,09:30:07,0.85,0.85,803320,0.9,376760,3640,5246880
FINNIFTY02JAN2421100PE.NFO,02/01/2024,09:30:08,0.85,0.85,802520,0.9,394800,3080,5246880
FINNIFTY02JAN2421100PE.NFO,02/01/2024,09:30:09,0.9,0.85,824480,0.9,389480,3080,5246880
FINNIFTY02JAN2421100PE.NFO,02/01/2024,09:30:10,0.9,0.85,824480,0.9,389880,0,5246880
FINNIFTY02JAN2421100PE.NFO,02/01/2024,09:30:11,0.9,0.85,817080,0.9,395200,4760,5246880
FINNIFTY02JAN2421100PE.NFO,02/01/2024,09:30:12,0.9,0.85,811840,0.9,392360,9840,5246880
FINNIFTY02JAN2421100PE.NFO,02/01/2024,09:30:13,0.85,0.85,809240,0.9,389240,4160,5246880
FINNIFTY02JAN2421100PE.NFO,02/01/2024,09:30:14,0.85,0.85,805760,0.9,388760,2560,5246880
FINNIFTY02JAN2421100PE.NFO,02/01/2024,09:30:15,0.9,0.85,806080,0.9,385760,3520,5246880
FINNIFTY02JAN2421100PE.NFO,02/01/2024,09:30:16,0.9,0.85,802800,0.9,382440,6040,5246880
FINNIFTY02JAN2421100PE.NFO,02/01/2024,09:30:17,0.9,0.85,800560,0.9,378400,4560,5246880
FINNIFTY02JAN2421100PE.NFO,02/01/2024,09:30:18,0.9,0.85,798920,0.9,379880,4520,5246880
FINNIFTY02JAN2421100PE.NFO,02/01/2024,09:30:19,0.9,0.85,782680,0.9,407440,1680,5246880
FINNIFTY02JAN2421100PE.NFO,02/01/2024,09:30:20,0.9,0.85,771840,0.9,386280,5760,5246880
FINNIFTY02JAN2421100PE.NFO,02/01/2024,09:30:21,0.9,0.85,770520,0.9,384520,2760,5246880
FINNIFTY02JAN2421100PE.NFO,02/01/2024,09:30:22,0.9,0.85,759840,0.9,374280,1240,5246880
FINNIFTY02JAN2421100PE.NFO,02/01/2024,09:30:23,0.9,0.85,756160,0.9,374440,120,5246880
FINNIFTY02JAN2421100PE.NFO,02/01/2024,09:30:24,0.9,0.85,745360,0.9,375360,2520,5246880
FINNIFTY02JAN2421100PE.NFO,02/01/2024,09:30:25,0.9,0.85,717800,0.9,372840,4240,5246880
FINNIFTY02JAN2421100PE.NFO,02/01/2024,09:30:26,0.85,0.85,712200,0.9,371960,2720,5246880
FINNIFTY02JAN2421100PE.NFO,02/01/2024,09:30:27,0.85,0.85,707000,0.9,375840,6880,5246880
FINNIFTY02JAN2421100PE.NFO,02/01/2024,09:30:28,0.85,0.85,705920,0.9,376400,1360,5246880
FINNIFTY02JAN2421100PE.NFO,02/01/2024,09:30:29,0.9,0.85,705880,0.9,376320,80,5246880
FINNIFTY02JAN2421100PE.NFO,02/01/2024,09:30:30,0.9,0.85,702720,0.9,380800,8280,5246880
FINNIFTY02JAN2421100PE.NFO,02/01/2024,09:30:31,0.9,0.85,702240,0.9,381920,840,5246880
FINNIFTY02JAN2421100PE.NFO,02/01/2024,09:30:32,0.9,0.85,694920,0.9,380320,10600,5246880
FINNIFTY02JAN2421100PE.NFO,02/01/2024,09:30:33,0.9,0.85,694720,0.9,379720,2080,5246880
FINNIFTY02JAN2421100PE.NFO,02/01/2024,09:30:34,0.9,0.85,693960,0.9,363760,15680,5246880
FINNIFTY02JAN2421100PE.NFO,02/01/2024,09:30:35,0.9,0.85,690680,0.9,356240,9120,5246880
FINNIFTY02JAN2421100PE.NFO,02/01/2024,09:30:36,0.9,0.85,688640,0.9,358560,2320,5246880
FINNIFTY02JAN2421100PE.NFO,02/01/2024,09:30:37,0.9,0.85,687040,0.9,307880,8680,5246880
FINNIFTY02JAN2421100PE.NFO,02/01/2024,09:30:38,0.9,0.85,684520,0.9,343040,2600,5246880
FINNIFTY02JAN2421100PE.NFO,02/01/2024,09:30:39,0.9,0.85,682560,0.9,343680,7120,5246880
FINNIFTY02JAN2421100PE.NFO,02/01/2024,09:30:40,0.85,0.85,674240,0.9,347880,10440,5246880
FINNIFTY02JAN2421100PE.NFO,02/01/2024,09:30:41,0.9,0.85,662000,0.9,347200,11040,5246880
FINNIFTY02JAN2421100PE.NFO,02/01/2024,09:30:42,0.85,0.85,657680,0.9,346200,8080,5246880
FINNIFTY02JAN2421100PE.NFO,02/01/2024,09:30:43,0.85,0.85,657360,0.9,344080,2280,5246880
FINNIFTY02JAN2421100PE.NFO,02/01/2024,09:30:44,0.9,0.85,657080,0.9,360560,7080,5246880
FINNIFTY02JAN2421100PE.NFO,02/01/2024,09:30:45,0.9,0.85,652080,0.9,358760,8200,5246880
FINNIFTY02JAN2421100PE.NFO,02/01/2024,09:30:46,0.9,0.85,641240,0.9,356040,14080,5246880
FINNIFTY02JAN2421100PE.NFO,02/01/2024,09:30:47,0.9,0.85,737400,0.9,353080,4080,5246880
FINNIFTY02JAN2421100PE.NFO,02/01/2024,09:30:48,0.9,0.85,737120,0.9,341600,8600,5246880
FINNIFTY02JAN2421100PE.NFO,02/01/2024,09:30:49,0.9,0.85,735160,0.9,341680,5360,5246880
FINNIFTY02JAN2421100PE.NFO,02/01/2024,09:30:50,0.85,0.85,728080,0.9,341640,7760,5246880
FINNIFTY02JAN2421100PE.NFO,02/01/2024,09:30:51,0.9,0.85,723040,0.9,335920,10400,5246880
FINNIFTY02JAN2421100PE.NFO,02/01/2024,09:30:52,0.9,0.85,752000,0.9,332960,3160,5246880
FINNIFTY02JAN2421100PE.NFO,02/01/2024,09:30:54,0.9,0.85,750800,0.9,344760,5560,5246880
FINNIFTY02JAN2421100PE.NFO,02/01/2024,09:30:54,0.9,0.85,750800,0.9,344720,40,5246880
FINNIFTY02JAN2421100PE.NFO,02/01/2024,09:30:55,0.9,0.85,745880,0.9,348200,8640,5246880
FINNIFTY02JAN2421100PE.NFO,02/01/2024,09:30:56,0.9,0.85,743720,0.9,349200,4680,5246880
FINNIFTY02JAN2421100PE.NFO,02/01/2024,09:30:57,0.9,0.85,733040,0.9,352920,9680,5246880
FINNIFTY02JAN2421100PE.NFO,02/01/2024,09:30:59,0.9,0.85,734280,0.9,359400,2240,5246880
FINNIFTY02JAN2421100PE.NFO,02/01/2024,09:30:59,0.9,0.85,741920,0.9,359320,0,5246880
FINNIFTY02JAN2421100PE.NFO,02/01/2024,09:31:00,0.9,0.85,723560,0.9,352760,4120,5246880
FINNIFTY02JAN2421100PE.NFO,02/01/2024,09:31:01,0.9,0.85,723560,0.9,352760,2960,5246880
FINNIFTY02JAN2421100PE.NFO,02/01/2024,09:31:02,0.85,0.85,727160,0.9,350960,6080,5246880
FINNIFTY02JAN2421100PE.NFO,02/01/2024,09:31:04,0.9,0.85,727480,0.9,346240,3120,5246880
FINNIFTY02JAN2421100PE.NFO,02/01/2024,09:31:04,0.85,0.85,727080,0.9,347200,400,5246880
FINNIFTY02JAN2421100PE.NFO,02/01/2024,09:31:05,0.85,0.85,717520,0.9,356000,8640,5246880
FINNIFTY02JAN2421100PE.NFO,02/01/2024,09:31:06,0.85,0.85,719320,0.9,350560,4880,5246880
FINNIFTY02JAN2421100PE.NFO,02/01/2024,09:31:07,0.85,0.85,716600,0.9,350000,5760,5246880
FINNIFTY02JAN2421100PE.NFO,02/01/2024,09:31:08,0.85,0.85,743480,0.9,359720,2720,5246880
FINNIFTY02JAN2421100PE.NFO,02/01/2024,09:31:09,0.85,0.85,740840,0.9,361200,2800,5246880
FINNIFTY02JAN2421100PE.NFO,02/01/2024,09:31:11,0.85,0.85,739680,0.9,362400,12520,5246880
FINNIFTY02JAN2421100PE.NFO,02/01/2024,09:31:11,0.85,0.85,738720,0.9,361400,1000,5246880
FINNIFTY02JAN2421100PE.NFO,02/01/2024,09:31:12,0.85,0.85,734440,0.9,361960,2560,5246880
FINNIFTY02JAN2421100PE.NFO,02/01/2024,09:31:13,0.85,0.85,735000,0.9,363600,1360,5246880
FINNIFTY02JAN2421100PE.NFO,02/01/2024,09:31:14,0.9,0.85,734400,0.9,365240,1360,5246880
FINNIFTY02JAN2421100PE.NFO,02/01/2024,09:31:16,0.9,0.85,731560,0.9,366360,6440,5246880
FINNIFTY02JAN2421100PE.NFO,02/01/2024,09:31:17,0.9,0.85,789360,0.9,365560,4880,5246880
FINNIFTY02JAN2421100PE.NFO,02/01/2024,09:31:17,0.9,0.85,789360,0.9,364520,80,5246880
FINNIFTY02JAN2421100PE.NFO,02/01/2024,09:31:18,0.9,0.85,774640,0.9,356480,24360,5246880
FINNIFTY02JAN2421100PE.NFO,02/01/2024,09:31:19,0.9,0.85,771400,0.9,344400,13680,5246880
FINNIFTY02JAN2421100PE.NFO,02/01/2024,09:31:20,0.85,0.85,771120,0.9,357920,9920,5246880
FINNIFTY02JAN2421100PE.NFO,02/01/2024,09:31:22,0.85,0.85,766240,0.9,351440,11960,5246880
FINNIFTY02JAN2421100PE.NFO,02/01/2024,09:31:22,0.9,0.85,766040,0.9,342800,8200,5246880
FINNIFTY02JAN2421100PE.NFO,02/01/2024,09:31:23,0.85,0.85,758440,0.9,343280,9720,5246880
FINNIFTY02JAN2421100PE.NFO,02/01/2024,09:31:24,0.9,0.85,752720,0.9,346400,7600,5246880
FINNIFTY02JAN2421100PE.NFO,02/01/2024,09:31:25,0.85,0.85,745400,0.9,350080,6280,5246880
FINNIFTY02JAN2421100PE.NFO,02/01/2024,09:31:26,0.9,0.85,739960,0.9,347800,8040,5246880
FINNIFTY02JAN2421100PE.NFO,02/01/2024,09:31:28,0.85,0.85,738960,0.9,346880,2160,5246880
FINNIFTY02JAN2421100PE.NFO,02/01/2024,09:31:28,0.85,0.85,739040,0.9,346800,0,5246880
FINNIFTY02JAN2421100PE.NFO,02/01/2024,09:31:29,0.9,0.85,739840,0.9,345640,1440,5246880
FINNIFTY02JAN2421100PE.NFO,02/01/2024,09:31:30,0.85,0.85,734080,0.9,345760,6840,5246880
FINNIFTY02JAN2421100PE.NFO,02/01/2024,09:31:31,0.9,0.85,734920,0.9,346440,160,5246880
FINNIFTY02JAN2421100PE.NFO,02/01/2024,09:31:32,0.85,0.85,732640,0.9,342000,5040,5246880
FINNIFTY02JAN2421100PE.NFO,02/01/2024,09:31:33,0.85,0.85,731160,0.9,354840,3080,5246880
FINNIFTY02JAN2421100PE.NFO,02/01/2024,09:31:34,0.9,0.85,726720,0.9,353480,4880,5246880
FINNIFTY02JAN2421100PE.NFO,02/01/2024,09:31:35,0.9,0.85,722480,0.9,350760,6960,5246880
FINNIFTY02JAN2421100PE.NFO,02/01/2024,09:31:36,0.9,0.85,721080,0.9,345840,7760,5246880
FINNIFTY02JAN2421100PE.NFO,02/01/2024,09:31:37,0.9,0.85,722000,0.9,341920,240,5246880
FINNIFTY02JAN2421100PE.NFO,02/01/2024,09:31:38,0.85,0.85,720440,0.9,340640,1960,5246880
FINNIFTY02JAN2421100PE.NFO,02/01/2024,09:31:39,0.85,0.85,720240,0.9,344320,200,5246880
FINNIFTY02JAN2421100PE.NFO,02/01/2024,09:31:40,0.9,0.85,720160,0.9,359560,320,5246880
FINNIFTY02JAN2421100PE.NFO,02/01/2024,09:31:41,0.9,0.85,720200,0.9,357200,1040,5246880
FINNIFTY02JAN2421100PE.NFO,02/01/2024,09:31:42,0.9,0.85,720160,0.9,349920,4280,5246880
FINNIFTY02JAN2421100PE.NFO,02/01/2024,09:31:43,0.9,0.85,720160,0.9,281040,26120,5246880
FINNIFTY02JAN2421100PE.NFO,02/01/2024,09:31:44,0.9,0.85,720200,0.9,391160,1800,5246880
FINNIFTY02JAN2421100PE.NFO,02/01/2024,09:31:45,0.9,0.85,756120,0.9,358960,8520,5246880
FINNIFTY02JAN2421100PE.NFO,02/01/2024,09:31:46,0.9,0.85,755160,0.9,393640,13480,5246880
FINNIFTY02JAN2421100PE.NFO,02/01/2024,09:31:48,0.85,0.85,747640,0.9,395920,14000,5246880
FINNIFTY02JAN2421100PE.NFO,02/01/2024,09:31:49,0.9,0.85,746800,0.9,390600,4280,5246880
FINNIFTY02JAN2421100PE.NFO,02/01/2024,09:31:49,0.85,0.85,746760,0.9,388200,1000,5246880
FINNIFTY02JAN2421100PE.NFO,02/01/2024,09:31:50,0.9,0.85,746480,0.9,384200,2520,5246880
FINNIFTY02JAN2421100PE.NFO,02/01/2024,09:31:52,0.85,0.85,744680,0.9,376600,6880,5246880
FINNIFTY02JAN2421100PE.NFO,02/01/2024,09:31:53,0.9,0.85,745840,0.9,374600,2000,5246880
FINNIFTY02JAN2421100PE.NFO,02/01/2024,09:31:53,0.85,0.85,744080,0.9,376920,1800,5246880
FINNIFTY02JAN2421100PE.NFO,02/01/2024,09:31:54,0.85,0.85,739600,0.9,378760,5000,5246880
FINNIFTY02JAN2421100PE.NFO,02/01/2024,09:31:55,0.9,0.85,737800,0.9,377680,2920,5246880
FINNIFTY02JAN2421100PE.NFO,02/01/2024,09:31:57,0.9,0.85,736040,0.9,391400,3040,5246880
FINNIFTY02JAN2421100PE.NFO,02/01/2024,09:31:58,0.9,0.85,735160,0.9,393640,1520,5246880
FINNIFTY02JAN2421100PE.NFO,02/01/2024,09:31:58,0.9,0.85,735200,0.9,393640,0,5246880
FINNIFTY02JAN2421100PE.NFO,02/01/2024,09:31:59,0.85,0.85,734760,0.9,393040,920,5246880
FINNIFTY02JAN2421100PE.NFO,02/01/2024,09:32:00,0.85,0.85,734160,0.9,390360,2840,5246880
FINNIFTY02JAN2421100PE.NFO,02/01/2024,09:32:01,0.9,0.85,734200,0.9,386000,2680,5246880
FINNIFTY02JAN2421100PE.NFO,02/01/2024,09:32:02,0.9,0.85,733720,0.9,382000,3360,5246880
FINNIFTY02JAN2421100PE.NFO,02/01/2024,09:32:03,0.85,0.85,730280,0.9,384400,5400,5246880
FINNIFTY02JAN2421100PE.NFO,02/01/2024,09:32:05,0.9,0.85,725400,0.9,380360,9160,5246880
FINNIFTY02JAN2421100PE.NFO,02/01/2024,09:32:05,0.9,0.85,725400,0.9,386560,1000,5246880
FINNIFTY02JAN2421100PE.NFO,02/01/2024,09:32:06,0.9,0.85,723160,0.9,378400,13200,5246880
FINNIFTY02JAN2421100PE.NFO,02/01/2024,09:32:07,0.85,0.85,721320,0.9,371080,4800,5246880
FINNIFTY02JAN2421100PE.NFO,02/01/2024,09:32:08,0.85,0.85,721120,0.9,373480,3080,5246880
FINNIFTY02JAN2421100PE.NFO,02/01/2024,09:32:09,0.9,0.85,720280,0.9,375880,3160,5246880
FINNIFTY02JAN2421100PE.NFO,02/01/2024,09:32:11,0.9,0.85,715680,0.9,362120,25480,5246880
FINNIFTY02JAN2421100PE.NFO,02/01/2024,09:32:11,0.85,0.85,715200,0.9,362640,440,5246880
FINNIFTY02JAN2421100PE.NFO,02/01/2024,09:32:12,0.9,0.85,714520,0.9,362600,2560,5246880
FINNIFTY02JAN2421100PE.NFO,02/01/2024,09:32:13,0.85,0.85,712120,0.9,361760,1880,5246880
FINNIFTY02JAN2421100PE.NFO,02/01/2024,09:32:14,0.85,0.85,711040,0.9,363360,2040,5246880
FINNIFTY02JAN2421100PE.NFO,02/01/2024,09:32:15,0.9,0.85,705080,0.9,366360,7920,5246880
FINNIFTY02JAN2421100PE.NFO,02/01/2024,09:32:17,0.9,0.85,685600,0.9,366680,12960,5246880
FINNIFTY02JAN2421100PE.NFO,02/01/2024,09:32:17,0.85,0.85,676880,0.9,367520,6840,5246880
FINNIFTY02JAN2421100PE.NFO,02/01/2024,09:32:18,0.9,0.85,677680,0.9,370160,10040,5246880
FINNIFTY02JAN2421100PE.NFO,02/01/2024,09:32:19,0.85,0.85,661240,0.9,385520,20720,5246880
FINNIFTY02JAN2421100PE.NFO,02/01/2024,09:32:20,0.85,0.85,650200,0.9,369320,13000,5246880
FINNIFTY02JAN2421100PE.NFO,02/01/2024,09:32:21,0.9,0.85,645640,0.9,295040,4040,5246880
FINNIFTY02JAN2421100PE.NFO,02/01/2024,09:32:22,0.9,0.85,635920,0.9,330720,3200,5246880
FINNIFTY02JAN2421100PE.NFO,02/01/2024,09:32:24,0.9,0.85,628120,0.9,330840,8000,5246880
FINNIFTY02JAN2421100PE.NFO,02/01/2024,09:32:24,0.85,0.85,626520,0.9,335680,2200,5246880
FINNIFTY02JAN2421100PE.NFO,02/01/2024,09:32:25,0.85,0.85,669040,0.9,351640,22680,5246880
FINNIFTY02JAN2421100PE.NFO,02/01/2024,09:32:27,0.85,0.85,664760,0.9,368000,4320,5246880
FINNIFTY02JAN2421100PE.NFO,02/01/2024,09:32:27,0.85,0.85,664760,0.9,368000,0,5246880
FINNIFTY02JAN2421100PE.NFO,02/01/2024,09:32:28,0.9,0.85,657640,0.9,367640,7680,5246880
FINNIFTY02JAN2421100PE.NFO,02/01/2024,09:32:29,0.9,0.85,655560,0.9,374480,2360,5246880
FINNIFTY02JAN2421100PE.NFO,02/01/2024,09:32:30,0.9,0.85,652360,0.9,374040,3040,5209160
FINNIFTY02JAN2421100PE.NFO,02/01/2024,09:32:32,0.9,0.85,651760,0.9,370160,5280,5209160
FINNIFTY02JAN2421100PE.NFO,02/01/2024,09:32:33,0.9,0.85,651040,0.9,370240,800,5209160
FINNIFTY02JAN2421100PE.NFO,02/01/2024,09:32:33,0.85,0.85,650360,0.9,370080,720,5209160
FINNIFTY02JAN2421100PE.NFO,02/01/2024,09:32:34,0.9,0.85,668360,0.9,367560,2920,5209160
FINNIFTY02JAN2421100PE.NFO,02/01/2024,09:32:35,0.9,0.85,678680,0.9,375200,480,5209160
FINNIFTY02JAN2421100PE.NFO,02/01/2024,09:32:36,0.85,0.85,674640,0.9,380280,4120,5209160
FINNIFTY02JAN2421100PE.NFO,02/01/2024,09:32:37,0.9,0.85,662000,0.9,388720,11560,5209160
FINNIFTY02JAN2421100PE.NFO,02/01/2024,09:32:38,0.9,0.85,660560,0.9,388320,3000,5209160
FINNIFTY02JAN2421100PE.NFO,02/01/2024,09:32:39,0.9,0.85,650280,0.9,387760,15960,5209160
FINNIFTY02JAN2421100PE.NFO,02/01/2024,09:32:40,0.9,0.85,640400,0.9,387280,12280,5209160
FINNIFTY02JAN2421100PE.NFO,02/01/2024,09:32:41,0.9,0.85,699520,0.9,400120,560,5209160
FINNIFTY02JAN2421100PE.NFO,02/01/2024,09:32:42,0.9,0.85,699480,0.9,408240,1840,5209160
FINNIFTY02JAN2421100PE.NFO,02/01/2024,09:32:43,0.85,0.85,698320,0.9,409680,5560,5209160
FINNIFTY02JAN2421100PE.NFO,02/01/2024,09:32:44,0.9,0.85,769840,0.9,409280,2360,5209160
FINNIFTY02JAN2421100PE.NFO,02/01/2024,09:32:45,0.9,0.85,769080,0.9,406760,3160,5209160
FINNIFTY02JAN2421100PE.NFO,02/01/2024,09:32:46,0.85,0.85,771280,0.9,406520,600,5209160
FINNIFTY02JAN2421100PE.NFO,02/01/2024,09:32:47,0.85,0.85,769440,0.9,406680,800,5209160
FINNIFTY02JAN2421100PE.NFO,02/01/2024,09:32:48,0.85,0.85,767040,0.9,406280,1320,5209160
FINNIFTY02JAN2421100PE.NFO,02/01/2024,09:32:49,0.9,0.85,767000,0.9,401720,4160,5209160
FINNIFTY02JAN2421100PE.NFO,02/01/2024,09:32:50,0.9,0.85,765960,0.9,397720,5160,5209160
FINNIFTY02JAN2421100PE.NFO,02/01/2024,09:32:51,0.85,0.85,764880,0.9,398200,2040,5209160
FINNIFTY02JAN2421100PE.NFO,02/01/2024,09:32:52,0.85,0.85,781880,0.9,395760,1120,5209160
FINNIFTY02JAN2421100PE.NFO,02/01/2024,09:32:53,0.9,0.85,784320,0.9,388520,2720,5209160
FINNIFTY02JAN2421100PE.NFO,02/01/2024,09:32:54,0.9,0.85,784320,0.9,340320,80,5209160
FINNIFTY02JAN2421100PE.NFO,02/01/2024,09:32:55,0.9,0.85,782440,0.9,392840,2400,5209160
FINNIFTY02JAN2421100PE.NFO,02/01/2024,09:32:56,0.9,0.85,782400,0.9,391880,80,5209160
FINNIFTY02JAN2421100PE.NFO,02/01/2024,09:32:57,0.85,0.85,782920,0.9,392760,400,5209160
FINNIFTY02JAN2421100PE.NFO,02/01/2024,09:32:58,0.85,0.85,782600,0.9,388400,1160,5209160
FINNIFTY02JAN2421100PE.NFO,02/01/2024,09:32:59,0.9,0.85,781040,0.9,390400,2680,5209160
FINNIFTY02JAN2421100PE.NFO,02/01/2024,09:33:00,0.9,0.85,779480,0.9,338640,11000,5209160
FINNIFTY02JAN2421100PE.NFO,02/01/2024,09:33:01,0.85,0.85,778160,0.9,379760,2320,5209160
FINNIFTY02JAN2421100PE.NFO,02/01/2024,09:33:02,0.9,0.85,779120,0.9,380640,2320,5209160
FINNIFTY02JAN2421100PE.NFO,02/01/2024,09:33:04,0.85,0.85,777560,0.9,378800,2720,5209160
FINNIFTY02JAN2421100PE.NFO,02/01/2024,09:33:04,0.85,0.85,777560,0.9,378800,0,5209160
FINNIFTY02JAN2421100PE.NFO,02/01/2024,09:33:05,0.9,0.85,777480,0.9,378640,1480,5209160
FINNIFTY02JAN2421100PE.NFO,02/01/2024,09:33:06,0.9,0.85,780480,0.9,377560,1200,5209160
FINNIFTY02JAN2421100PE.NFO,02/01/2024,09:33:08,0.85,0.85,776440,0.9,378360,4520,5209160
FINNIFTY02JAN2421100PE.NFO,02/01/2024,09:33:09,0.85,0.85,775240,0.9,370880,2960,5209160
FINNIFTY02JAN2421100PE.NFO,02/01/2024,09:33:09,0.85,0.85,775200,0.9,370880,0,5209160
FINNIFTY02JAN2421100PE.NFO,02/01/2024,09:33:10,0.9,0.85,775240,0.9,372400,320,5209160
FINNIFTY02JAN2421100PE.NFO,02/01/2024,09:33:11,0.85,0.85,777040,0.9,374920,920,5209160
FINNIFTY02JAN2421100PE.NFO,02/01/2024,09:33:12,0.9,0.85,776000,0.9,371560,3800,5209160
FINNIFTY02JAN2421100PE.NFO,02/01/2024,09:33:14,0.85,0.85,776360,0.9,371960,720,5209160
FINNIFTY02JAN2421100PE.NFO,02/01/2024,09:33:15,0.9,0.85,775520,0.9,456760,3040,5209160
FINNIFTY02JAN2421100PE.NFO,02/01/2024,09:33:16,0.9,0.85,775160,0.9,457400,1440,5209160
FINNIFTY02JAN2421100PE.NFO,02/01/2024,09:33:16,0.9,0.85,775120,0.9,459080,0,5209160
FINNIFTY02JAN2421100PE.NFO,02/01/2024,09:33:17,0.9,0.85,772720,0.9,460800,480,5209160
FINNIFTY02JAN2421100PE.NFO,02/01/2024,09:33:18,0.9,0.85,785680,0.9,459760,2120,5209160
FINNIFTY02JAN2421100PE.NFO,02/01/2024,09:33:20,0.85,0.85,784120,0.9,459320,3280,5209160
FINNIFTY02JAN2421100PE.NFO,02/01/2024,09:33:21,0.9,0.85,784040,0.9,453560,4720,5209160
FINNIFTY02JAN2421100PE.NFO,02/01/2024,09:33:21,0.85,0.85,783680,0.9,457600,400,5209160
FINNIFTY02JAN2421100PE.NFO,02/01/2024,09:33:22,0.9,0.85,784080,0.9,491760,40,5209160
FINNIFTY02JAN2421100PE.NFO,02/01/2024,09:33:23,0.9,0.85,780760,0.9,491840,5920,5209160
FINNIFTY02JAN2421100PE.NFO,02/01/2024,09:33:24,0.9,0.85,780320,0.9,498360,480,5209160
FINNIFTY02JAN2421100PE.NFO,02/01/2024,09:33:25,0.85,0.85,769040,0.9,498000,7960,5209160
FINNIFTY02JAN2421100PE.NFO,02/01/2024,09:33:27,0.9,0.85,769880,0.9,477800,3720,5209160
FINNIFTY02JAN2421100PE.NFO,02/01/2024,09:33:28,0.9,0.85,769480,0.9,471840,440,5209160
FINNIFTY02JAN2421100PE.NFO,02/01/2024,09:33:28,0.85,0.85,769480,0.9,479040,40,5209160
FINNIFTY02JAN2421100PE.NFO,02/01/2024,09:33:29,0.9,0.85,770200,0.9,486360,760,5209160
FINNIFTY02JAN2421100PE.NFO,02/01/2024,09:33:30,0.9,0.85,770240,0.9,485480,880,5209160
FINNIFTY02JAN2421100PE.NFO,02/01/2024,09:33:31,0.9,0.85,770200,0.9,474680,1880,5209160
FINNIFTY02JAN2421100PE.NFO,02/01/2024,09:33:32,0.9,0.85,770160,0.9,534840,40,5209160
FINNIFTY02JAN2421100PE.NFO,02/01/2024,09:33:33,0.9,0.85,769360,0.9,528560,7200,5209160
FINNIFTY02JAN2421100PE.NFO,02/01/2024,09:33:35,0.9,0.85,781560,0.9,528680,5440,5209160
FINNIFTY02JAN2421100PE.NFO,02/01/2024,09:33:36,0.85,0.85,778520,0.9,532960,3960,5209160
FINNIFTY02JAN2421100PE.NFO,02/01/2024,09:33:37,0.85,0.85,778920,0.9,528640,440,5209160
FINNIFTY02JAN2421100PE.NFO,02/01/2024,09:33:37,0.85,0.85,779320,0.9,492600,0,5209160
FINNIFTY02JAN2421100PE.NFO,02/01/2024,09:33:38,0.85,0.85,778080,0.9,510840,2520,5209160
FINNIFTY02JAN2421100PE.NFO,02/01/2024,09:33:39,0.9,0.85,774920,0.9,528680,5840,5209160
FINNIFTY02JAN2421100PE.NFO,02/01/2024,09:33:40,0.9,0.85,774440,0.9,517080,1040,5209160
FINNIFTY02JAN2421100PE.NFO,02/01/2024,09:33:41,0.9,0.85,774480,0.9,532160,1240,5209160
FINNIFTY02JAN2421100PE.NFO,02/01/2024,09:33:43,0.85,0.85,773560,0.9,510080,1400,5209160
FINNIFTY02JAN2421100PE.NFO,02/01/2024,09:33:44,0.85,0.85,767280,0.9,539440,1080,5209160
FINNIFTY02JAN2421100PE.NFO,02/01/2024,09:33:44,0.9,0.85,766800,0.9,538000,560,5209160
FINNIFTY02JAN2421100PE.NFO,02/01/2024,09:33:45,0.9,0.85,769800,0.9,496440,2440,5209160
FINNIFTY02JAN2421100PE.NFO,02/01/2024,09:33:46,0.9,0.85,769440,0.9,536360,1440,5209160
FINNIFTY02JAN2421100PE.NFO,02/01/2024,09:33:47,0.85,0.85,767240,0.9,497400,2320,5209160
FINNIFTY02JAN2421100PE.NFO,02/01/2024,09:33:48,0.9,0.85,766960,0.9,504560,1240,5209160
FINNIFTY02JAN2421100PE.NFO,02/01/2024,09:33:50,0.9,0.85,765920,0.9,500720,2960,5209160
FINNIFTY02JAN2421100PE.NFO,02/01/2024,09:33:51,0.9,0.85,764680,0.9,500680,2520,5209160
FINNIFTY02JAN2421100PE.NFO,02/01/2024,09:33:52,0.9,0.85,764720,0.9,501520,1560,5209160
FINNIFTY02JAN2421100PE.NFO,02/01/2024,09:33:53,0.85,0.85,762920,0.9,535840,2200,5209160
FINNIFTY02JAN2421100PE.NFO,02/01/2024,09:33:54,0.85,0.85,760520,0.9,496680,2400,5209160
FINNIFTY02JAN2421100PE.NFO,02/01/2024,09:33:55,0.85,0.85,758960,0.9,456800,1360,5209160
FINNIFTY02JAN2421100PE.NFO,02/01/2024,09:33:56,0.85,0.85,758040,0.9,456040,1880,5209160
FINNIFTY02JAN2421100PE.NFO,02/01/2024,09:33:57,0.85,0.85,758680,0.9,456480,1360,5209160
FINNIFTY02JAN2421100PE.NFO,02/01/2024,09:33:58,0.9,0.85,757880,0.9,457000,1680,5209160
FINNIFTY02JAN2421100PE.NFO,02/01/2024,09:33:59,0.85,0.85,756120,0.9,449440,1840,5209160
FINNIFTY02JAN2421100PE.NFO,02/01/2024,09:34:00,0.9,0.85,755640,0.9,454320,5520,5209160
FINNIFTY02JAN2421100PE.NFO,02/01/2024,09:34:01,0.9,0.85,754760,0.9,457000,1120,5209160
FINNIFTY02JAN2421100PE.NFO,02/01/2024,09:34:02,0.85,0.85,758160,0.9,454600,1240,5209160
FINNIFTY02JAN2421100PE.NFO,02/01/2024,09:34:03,0.9,0.85,757200,0.9,455760,960,5209160
FINNIFTY02JAN2421100PE.NFO,02/01/2024,09:34:03,0.9,0.85,757200,0.9,414240,3760,5209160
FINNIFTY02JAN2421100PE.NFO,02/01/2024,09:34:04,0.9,0.85,755720,0.9,422720,23160,5209160
FINNIFTY02JAN2421100PE.NFO,02/01/2024,09:34:05,0.9,0.85,756160,0.9,426560,1000,5209160
