Ticker,Date,Time,LTP,BuyPrice,BuyQty,SellPrice,SellQty,LTQ,OpenInterest
FINNIFTY02JAN2422050PE.NFO,02/01/2024,15:06:26,691.8,635,240,692.4,520,480,1000
FINNIFTY02JAN2422050PE.NFO,02/01/2024,15:06:26,691.75,635,240,692.4,520,0,1000
FINNIFTY02JAN2422050PE.NFO,02/01/2024,15:06:26,691.9,635,240,692.4,520,0,1000
FINNIFTY02JAN2422050PE.NFO,02/01/2024,15:06:26,691.75,635,240,692.4,520,0,1000
FINNIFTY02JAN2422050PE.NFO,02/01/2024,15:06:38,691.75,692,80,694.5,160,0,1000
FINNIFTY02JAN2422050PE.NFO,02/01/2024,15:06:48,691.75,691,80,693.25,160,0,1000
FINNIFTY02JAN2422050PE.NFO,02/01/2024,15:06:57,691.75,662.35,160,692.4,120,0,1000
FINNIFTY02JAN2422050PE.NFO,02/01/2024,15:07:07,691.95,691.55,80,694.1,40,480,1000
FINNIFTY02JAN2422050PE.NFO,02/01/2024,15:07:07,691.95,691.55,80,694.1,40,0,1000
FINNIFTY02JAN2422050PE.NFO,02/01/2024,15:07:17,691.95,693.65,200,696.3,40,0,1000
FINNIFTY02JAN2422050PE.NFO,02/01/2024,15:07:28,696.25,696.3,80,699.6,80,480,1000
FINNIFTY02JAN2422050PE.NFO,02/01/2024,15:07:28,696.25,696.3,80,699.6,80,0,1000
FINNIFTY02JAN2422050PE.NFO,02/01/2024,15:07:30,696.25,696.95,120,699.6,240,0,1000
FINNIFTY02JAN2422050PE.NFO,02/01/2024,15:07:31,696.25,697.1,200,699.8,480,0,1000
FINNIFTY02JAN2422050PE.NFO,02/01/2024,15:07:32,696.25,697.35,200,700.8,40,0,1000
FINNIFTY02JAN2422050PE.NFO,02/01/2024,15:07:33,696.25,697.55,40,700.6,480,0,1000
FINNIFTY02JAN2422050PE.NFO,02/01/2024,15:07:34,696.25,697.65,200,700.5,480,0,1000
FINNIFTY02JAN2422050PE.NFO,02/01/2024,15:07:35,696.25,697.85,80,700.35,160,0,1000
FINNIFTY02JAN2422050PE.NFO,02/01/2024,15:07:36,696.25,697.85,120,700.45,200,0,1000
FINNIFTY02JAN2422050PE.NFO,02/01/2024,15:07:37,696.25,697.85,120,700.4,200,0,1000
FINNIFTY02JAN2422050PE.NFO,02/01/2024,15:07:38,696.25,698.15,80,700.6,480,0,1000
FINNIFTY02JAN2422050PE.NFO,02/01/2024,15:07:39,696.25,698.3,80,702.2,480,0,1000
FINNIFTY02JAN2422050PE.NFO,02/01/2024,15:07:40,696.25,698.8,40,701.5,160,0,1000
FINNIFTY02JAN2422050PE.NFO,02/01/2024,15:07:41,696.25,699.35,200,703.5,80,0,1000
FINNIFTY02JAN2422050PE.NFO,02/01/2024,15:07:42,696.25,700.4,80,711.2,80,0,1000
FINNIFTY02JAN2422050PE.NFO,02/01/2024,15:07:43,696.25,701.2,640,709.85,200,0,1000
FINNIFTY02JAN2422050PE.NFO,02/01/2024,15:07:44,696.25,700,200,708.4,200,0,1000
FINNIFTY02JAN2422050PE.NFO,02/01/2024,15:07:45,696.25,700.45,40,705.7,120,0,1000
FINNIFTY02JAN2422050PE.NFO,02/01/2024,15:07:46,696.25,700.65,120,703.7,40,0,1000
FINNIFTY02JAN2422050PE.NFO,02/01/2024,15:07:47,696.25,701.25,200,703.8,80,0,1000
FINNIFTY02JAN2422050PE.NFO,02/01/2024,15:07:48,696.25,702.25,80,705,240,0,1000
FINNIFTY02JAN2422050PE.NFO,02/01/2024,15:07:49,696.25,701.7,80,704.75,120,0,1000
FINNIFTY02JAN2422050PE.NFO,02/01/2024,15:07:50,696.25,701.8,160,704.9,120,0,1000
FINNIFTY02JAN2422050PE.NFO,02/01/2024,15:07:51,696.25,701.9,40,704.35,240,0,1000
FINNIFTY02JAN2422050PE.NFO,02/01/2024,15:07:52,696.25,701.3,120,704.25,40,0,1000
FINNIFTY02JAN2422050PE.NFO,02/01/2024,15:07:53,696.25,701.75,40,704.9,40,0,1000
FINNIFTY02JAN2422050PE.NFO,02/01/2024,15:07:54,696.25,702.05,40,711.2,200,0,1000
FINNIFTY02JAN2422050PE.NFO,02/01/2024,15:07:55,696.25,702.1,120,709,160,0,1000
FINNIFTY02JAN2422050PE.NFO,02/01/2024,15:07:56,696.25,702.6,240,707.05,40,0,1000
FINNIFTY02JAN2422050PE.NFO,02/01/2024,15:07:57,696.25,703.05,40,705.75,40,0,1000
FINNIFTY02JAN2422050PE.NFO,02/01/2024,15:07:58,696.25,703.1,80,705.7,240,0,1000
FINNIFTY02JAN2422050PE.NFO,02/01/2024,15:07:59,696.25,703.1,80,705.8,240,0,1000
FINNIFTY02JAN2422050PE.NFO,02/01/2024,15:08:00,696.25,703.6,80,711.3,80,0,1000
FINNIFTY02JAN2422050PE.NFO,02/01/2024,15:08:01,696.25,704.05,40,710.25,160,0,1000
FINNIFTY02JAN2422050PE.NFO,02/01/2024,15:08:02,696.25,704.55,160,708,200,0,1000
FINNIFTY02JAN2422050PE.NFO,02/01/2024,15:08:03,696.25,704.9,200,708.05,800,0,1000
FINNIFTY02JAN2422050PE.NFO,02/01/2024,15:08:04,696.25,703.35,80,707.25,40,0,1000
FINNIFTY02JAN2422050PE.NFO,02/01/2024,15:08:05,696.25,704,40,706.95,200,0,1000
FINNIFTY02JAN2422050PE.NFO,02/01/2024,15:08:06,696.25,704,40,706.95,40,0,1000
FINNIFTY02JAN2422050PE.NFO,02/01/2024,15:08:07,696.25,703.55,200,706.5,120,0,1000
FINNIFTY02JAN2422050PE.NFO,02/01/2024,15:08:08,696.25,701.8,200,705.45,200,0,1000
FINNIFTY02JAN2422050PE.NFO,02/01/2024,15:08:09,696.25,702.35,40,705.3,120,0,1000
FINNIFTY02JAN2422050PE.NFO,02/01/2024,15:08:10,696.25,702.3,160,704.95,200,0,1000
FINNIFTY02JAN2422050PE.NFO,02/01/2024,15:08:11,696.25,701.65,80,704.4,200,0,1000
FINNIFTY02JAN2422050PE.NFO,02/01/2024,15:08:12,696.25,701.05,40,704,560,0,1000
FINNIFTY02JAN2422050PE.NFO,02/01/2024,15:08:13,696.25,701,40,703.55,320,0,1000
FINNIFTY02JAN2422050PE.NFO,02/01/2024,15:08:14,696.25,701.25,80,704,80,0,1000
FINNIFTY02JAN2422050PE.NFO,02/01/2024,15:08:15,696.25,701.35,80,704.2,560,0,1000
FINNIFTY02JAN2422050PE.NFO,02/01/2024,15:08:16,696.25,700.6,80,703.35,200,0,1000
FINNIFTY02JAN2422050PE.NFO,02/01/2024,15:08:17,696.25,700.1,80,702.65,400,0,1000
FINNIFTY02JAN2422050PE.NFO,02/01/2024,15:08:18,696.25,700.1,80,702.3,200,0,1000
FINNIFTY02JAN2422050PE.NFO,02/01/2024,15:08:19,696.25,699.35,200,702.2,200,0,1000
FINNIFTY02JAN2422050PE.NFO,02/01/2024,15:08:20,696.25,699.4,240,702,160,0,1000
FINNIFTY02JAN2422050PE.NFO,02/01/2024,15:08:21,696.25,699.55,200,702.5,200,0,1000
FINNIFTY02JAN2422050PE.NFO,02/01/2024,15:08:22,696.25,699.75,160,703.6,120,0,1000
FINNIFTY02JAN2422050PE.NFO,02/01/2024,15:08:23,696.25,699.85,120,702.35,200,0,1000
FINNIFTY02JAN2422050PE.NFO,02/01/2024,15:08:24,696.25,699.75,200,703.45,200,0,1000
FINNIFTY02JAN2422050PE.NFO,02/01/2024,15:08:25,696.25,700,200,702.7,160,0,1000
FINNIFTY02JAN2422050PE.NFO,02/01/2024,15:08:26,696.25,700.15,120,702.75,160,0,1000
FINNIFTY02JAN2422050PE.NFO,02/01/2024,15:08:27,696.25,700.25,200,702.9,160,0,1000
FINNIFTY02JAN2422050PE.NFO,02/01/2024,15:08:28,696.25,700.6,40,705.65,200,0,1000
FINNIFTY02JAN2422050PE.NFO,02/01/2024,15:08:29,696.25,700.05,80,703.9,40,0,1000
FINNIFTY02JAN2422050PE.NFO,02/01/2024,15:08:30,696.25,700.3,80,703.05,240,0,1000
FINNIFTY02JAN2422050PE.NFO,02/01/2024,15:08:31,696.25,700.4,40,702.8,160,0,1000
FINNIFTY02JAN2422050PE.NFO,02/01/2024,15:08:32,696.25,700.45,80,702.6,400,0,1000
FINNIFTY02JAN2422050PE.NFO,02/01/2024,15:08:33,696.25,700.5,80,702.65,80,0,1000
FINNIFTY02JAN2422050PE.NFO,02/01/2024,15:08:34,696.25,699.75,160,702.4,600,0,1000
FINNIFTY02JAN2422050PE.NFO,02/01/2024,15:08:35,696.25,699.85,280,702.8,200,0,1000
FINNIFTY02JAN2422050PE.NFO,02/01/2024,15:08:36,696.25,700.45,40,702.8,80,0,1000
FINNIFTY02JAN2422050PE.NFO,02/01/2024,15:08:37,696.25,700.5,80,702.6,160,0,1000
FINNIFTY02JAN2422050PE.NFO,02/01/2024,15:08:38,696.25,700.5,80,702.8,80,0,1000
FINNIFTY02JAN2422050PE.NFO,02/01/2024,15:08:39,696.25,700.65,80,703.05,240,0,1000
FINNIFTY02JAN2422050PE.NFO,02/01/2024,15:08:40,696.25,700.95,40,703.4,80,0,1000
FINNIFTY02JAN2422050PE.NFO,02/01/2024,15:08:41,696.25,701,80,704.4,240,0,1000
FINNIFTY02JAN2422050PE.NFO,02/01/2024,15:08:42,696.25,701,80,703.5,360,0,1000
FINNIFTY02JAN2422050PE.NFO,02/01/2024,15:08:43,696.25,701.35,160,704.15,600,0,1000
FINNIFTY02JAN2422050PE.NFO,02/01/2024,15:08:44,696.25,701.5,80,704.05,160,0,1000
FINNIFTY02JAN2422050PE.NFO,02/01/2024,15:08:45,696.25,701.75,80,704.1,240,0,1000
FINNIFTY02JAN2422050PE.NFO,02/01/2024,15:08:46,696.25,701.7,40,703.65,160,0,1000
FINNIFTY02JAN2422050PE.NFO,02/01/2024,15:08:47,696.25,701.8,200,704.7,440,0,1000
FINNIFTY02JAN2422050PE.NFO,02/01/2024,15:08:48,696.25,702.15,240,705.05,240,0,1000
FINNIFTY02JAN2422050PE.NFO,02/01/2024,15:08:49,696.25,702.75,200,705.55,240,0,1000
FINNIFTY02JAN2422050PE.NFO,02/01/2024,15:08:50,696.25,703.25,120,705.9,200,0,1000
FINNIFTY02JAN2422050PE.NFO,02/01/2024,15:08:51,696.25,702.45,80,705.15,880,0,1000
FINNIFTY02JAN2422050PE.NFO,02/01/2024,15:08:52,696.25,702.5,160,705,440,0,1000
FINNIFTY02JAN2422050PE.NFO,02/01/2024,15:08:53,696.25,702.75,40,705.1,80,0,1000
FINNIFTY02JAN2422050PE.NFO,02/01/2024,15:08:54,696.25,703.15,200,705.9,200,0,1000
FINNIFTY02JAN2422050PE.NFO,02/01/2024,15:08:55,696.25,704.1,200,708.65,40,0,1000
FINNIFTY02JAN2422050PE.NFO,02/01/2024,15:08:56,696.25,704.1,80,706.8,200,0,1000
FINNIFTY02JAN2422050PE.NFO,02/01/2024,15:08:57,696.25,704.05,40,706.55,120,0,1000
FINNIFTY02JAN2422050PE.NFO,02/01/2024,15:08:58,696.25,704.35,40,706.85,120,0,1000
FINNIFTY02JAN2422050PE.NFO,02/01/2024,15:08:59,696.25,704.4,200,707.15,160,0,1000
FINNIFTY02JAN2422050PE.NFO,02/01/2024,15:09:00,696.25,704.55,240,707.4,560,0,1000
FINNIFTY02JAN2422050PE.NFO,02/01/2024,15:09:01,696.25,705.05,40,709.5,40,0,1000
FINNIFTY02JAN2422050PE.NFO,02/01/2024,15:09:02,696.25,704.8,80,707.05,80,0,1000
FINNIFTY02JAN2422050PE.NFO,02/01/2024,15:09:03,696.25,703.4,120,705.85,40,0,1000
FINNIFTY02JAN2422050PE.NFO,02/01/2024,15:09:04,696.25,703.2,80,705.6,120,0,1000
FINNIFTY02JAN2422050PE.NFO,02/01/2024,15:09:05,696.25,702.65,80,705.25,40,0,1000
FINNIFTY02JAN2422050PE.NFO,02/01/2024,15:09:06,696.25,703.55,160,705.3,80,0,1000
FINNIFTY02JAN2422050PE.NFO,02/01/2024,15:09:07,696.25,704.2,40,706.4,200,0,1000
FINNIFTY02JAN2422050PE.NFO,02/01/2024,15:09:08,696.25,704.1,80,706.3,160,0,1000
FINNIFTY02JAN2422050PE.NFO,02/01/2024,15:09:09,696.25,703.35,200,705.65,160,0,1000
FINNIFTY02JAN2422050PE.NFO,02/01/2024,15:09:10,696.25,702.95,80,705.3,80,0,1000
FINNIFTY02JAN2422050PE.NFO,02/01/2024,15:09:11,696.25,702.9,80,705.2,360,0,1000
FINNIFTY02JAN2422050PE.NFO,02/01/2024,15:09:12,696.25,703.4,160,705.95,360,0,1000
FINNIFTY02JAN2422050PE.NFO,02/01/2024,15:09:13,696.25,704.15,160,705.95,80,0,1000
FINNIFTY02JAN2422050PE.NFO,02/01/2024,15:09:14,696.25,703.55,80,705.7,200,0,1000
FINNIFTY02JAN2422050PE.NFO,02/01/2024,15:09:15,696.25,703.25,80,705.35,160,0,1000
FINNIFTY02JAN2422050PE.NFO,02/01/2024,15:09:16,696.25,703.25,160,705.55,80,0,1000
FINNIFTY02JAN2422050PE.NFO,02/01/2024,15:09:17,696.25,703.3,120,705.7,160,0,1000
FINNIFTY02JAN2422050PE.NFO,02/01/2024,15:09:18,696.25,703,160,705.3,320,0,1000
FINNIFTY02JAN2422050PE.NFO,02/01/2024,15:09:19,696.25,703.1,160,705.2,400,0,1000
FINNIFTY02JAN2422050PE.NFO,02/01/2024,15:09:20,696.25,702.8,80,704.85,360,0,1000
FINNIFTY02JAN2422050PE.NFO,02/01/2024,15:09:21,696.25,702.55,160,704.55,200,0,1000
FINNIFTY02JAN2422050PE.NFO,02/01/2024,15:09:22,696.25,702.7,80,704.9,40,0,1000
FINNIFTY02JAN2422050PE.NFO,02/01/2024,15:09:23,696.25,702.75,80,705,200,0,1000
FINNIFTY02JAN2422050PE.NFO,02/01/2024,15:09:24,696.25,703.25,160,705.95,1480,0,1000
FINNIFTY02JAN2422050PE.NFO,02/01/2024,15:09:25,696.25,703.05,80,705.6,80,0,1000
FINNIFTY02JAN2422050PE.NFO,02/01/2024,15:09:26,696.25,703.1,80,705.3,120,0,1000
FINNIFTY02JAN2422050PE.NFO,02/01/2024,15:09:27,696.25,702.95,160,705.1,80,0,1000
FINNIFTY02JAN2422050PE.NFO,02/01/2024,15:09:28,696.25,703.45,160,707.35,40,0,1000
FINNIFTY02JAN2422050PE.NFO,02/01/2024,15:09:29,696.25,703.6,40,705.9,280,0,1000
FINNIFTY02JAN2422050PE.NFO,02/01/2024,15:09:30,696.25,703.2,40,705.6,440,0,1000
FINNIFTY02JAN2422050PE.NFO,02/01/2024,15:09:31,696.25,703.4,160,705.95,240,0,1000
FINNIFTY02JAN2422050PE.NFO,02/01/2024,15:09:32,696.25,703.65,160,705.8,80,0,1000
FINNIFTY02JAN2422050PE.NFO,02/01/2024,15:09:33,696.25,703.75,240,706.25,400,0,1000
FINNIFTY02JAN2422050PE.NFO,02/01/2024,15:09:34,696.25,704.1,40,706.2,360,0,1000
FINNIFTY02JAN2422050PE.NFO,02/01/2024,15:09:35,696.25,704.05,160,706.3,360,0,1000
FINNIFTY02JAN2422050PE.NFO,02/01/2024,15:09:36,696.25,704.35,160,706.4,160,0,1000
FINNIFTY02JAN2422050PE.NFO,02/01/2024,15:09:37,696.25,704.2,120,706.05,360,0,1000
FINNIFTY02JAN2422050PE.NFO,02/01/2024,15:09:38,696.25,704.15,160,706.65,720,0,1000
FINNIFTY02JAN2422050PE.NFO,02/01/2024,15:09:39,696.25,704.35,80,707,160,0,1000
FINNIFTY02JAN2422050PE.NFO,02/01/2024,15:09:40,696.25,704.55,120,706.95,80,0,1000
FINNIFTY02JAN2422050PE.NFO,02/01/2024,15:09:41,696.25,704.65,40,707.15,120,0,1000
FINNIFTY02JAN2422050PE.NFO,02/01/2024,15:09:42,696.25,705.1,80,707.5,160,0,1000
FINNIFTY02JAN2422050PE.NFO,02/01/2024,15:09:43,696.25,705.1,120,707.3,240,0,1000
FINNIFTY02JAN2422050PE.NFO,02/01/2024,15:09:44,696.25,704.35,120,706.6,160,0,1000
FINNIFTY02JAN2422050PE.NFO,02/01/2024,15:09:45,696.25,704.55,120,706.4,240,0,1000
FINNIFTY02JAN2422050PE.NFO,02/01/2024,15:09:46,696.25,704.55,40,706,240,0,1000
FINNIFTY02JAN2422050PE.NFO,02/01/2024,15:09:47,696.25,704.55,40,706.35,760,0,1000
FINNIFTY02JAN2422050PE.NFO,02/01/2024,15:09:48,696.25,704.6,160,706.9,600,0,1000
FINNIFTY02JAN2422050PE.NFO,02/01/2024,15:09:49,696.25,704.75,200,707,160,0,1000
FINNIFTY02JAN2422050PE.NFO,02/01/2024,15:09:50,696.25,704.7,160,706.95,80,0,1000
FINNIFTY02JAN2422050PE.NFO,02/01/2024,15:09:51,696.25,704.75,120,706.9,160,0,1000
FINNIFTY02JAN2422050PE.NFO,02/01/2024,15:09:52,696.25,704.6,80,706.6,160,0,1000
FINNIFTY02JAN2422050PE.NFO,02/01/2024,15:09:53,696.25,704.75,120,706.75,200,0,1000
FINNIFTY02JAN2422050PE.NFO,02/01/2024,15:09:54,696.25,704.6,80,706.4,200,0,1000
FINNIFTY02JAN2422050PE.NFO,02/01/2024,15:09:55,696.25,703.7,200,705.9,160,0,1000
FINNIFTY02JAN2422050PE.NFO,02/01/2024,15:09:56,696.25,703.75,80,705.5,640,0,1000
FINNIFTY02JAN2422050PE.NFO,02/01/2024,15:09:57,696.25,703.75,240,705.4,160,0,1000
FINNIFTY02JAN2422050PE.NFO,02/01/2024,15:09:58,696.25,703.9,200,706.1,880,0,1000
FINNIFTY02JAN2422050PE.NFO,02/01/2024,15:09:59,696.25,704.2,120,715.9,40,0,1000
FINNIFTY02JAN2422050PE.NFO,02/01/2024,15:10:00,696.25,704.6,40,712,40,0,1000
FINNIFTY02JAN2422050PE.NFO,02/01/2024,15:10:01,696.25,704.6,40,707.65,40,0,1000
FINNIFTY02JAN2422050PE.NFO,02/01/2024,15:10:02,696.25,704.6,80,707.15,200,0,1000
FINNIFTY02JAN2422050PE.NFO,02/01/2024,15:10:03,696.25,705.25,200,710.9,40,0,1000
FINNIFTY02JAN2422050PE.NFO,02/01/2024,15:10:04,696.25,705.55,80,708.45,200,0,1000
FINNIFTY02JAN2422050PE.NFO,02/01/2024,15:10:05,696.25,705.65,80,708.25,200,0,1000
FINNIFTY02JAN2422050PE.NFO,02/01/2024,15:10:06,696.25,706.15,120,708.5,160,0,1000
FINNIFTY02JAN2422050PE.NFO,02/01/2024,15:10:07,696.25,706.7,200,708.9,200,0,1000
FINNIFTY02JAN2422050PE.NFO,02/01/2024,15:10:08,696.25,706.7,40,708.8,40,0,1000
FINNIFTY02JAN2422050PE.NFO,02/01/2024,15:10:09,696.25,706.3,40,708.3,240,0,1000
FINNIFTY02JAN2422050PE.NFO,02/01/2024,15:10:10,696.25,705.75,80,708.05,80,0,1000
FINNIFTY02JAN2422050PE.NFO,02/01/2024,15:10:11,696.25,706,40,708.05,200,0,1000
FINNIFTY02JAN2422050PE.NFO,02/01/2024,15:10:12,696.25,705.15,80,707.4,520,0,1000
FINNIFTY02JAN2422050PE.NFO,02/01/2024,15:10:13,696.25,705.45,80,707.75,160,0,1000
FINNIFTY02JAN2422050PE.NFO,02/01/2024,15:10:14,696.25,705.65,80,707.65,80,0,1000
FINNIFTY02JAN2422050PE.NFO,02/01/2024,15:10:15,696.25,705.4,160,707.4,240,0,1000
FINNIFTY02JAN2422050PE.NFO,02/01/2024,15:10:16,696.25,705.35,120,707.15,160,0,1000
FINNIFTY02JAN2422050PE.NFO,02/01/2024,15:10:17,696.25,705,120,706.7,200,0,1000
FINNIFTY02JAN2422050PE.NFO,02/01/2024,15:10:18,696.25,704.65,80,706.7,160,0,1000
FINNIFTY02JAN2422050PE.NFO,02/01/2024,15:10:19,696.25,704.75,40,706.45,200,0,1000
FINNIFTY02JAN2422050PE.NFO,02/01/2024,15:10:20,696.25,704.85,80,706.6,160,0,1000
FINNIFTY02JAN2422050PE.NFO,02/01/2024,15:10:22,696.25,705.35,80,707.55,80,0,1000
FINNIFTY02JAN2422050PE.NFO,02/01/2024,15:10:23,696.25,706.3,160,708.75,160,0,1000
FINNIFTY02JAN2422050PE.NFO,02/01/2024,15:10:24,696.25,706.6,80,708.65,360,0,1000
FINNIFTY02JAN2422050PE.NFO,02/01/2024,15:10:25,696.25,706.65,80,708.6,200,0,1000
FINNIFTY02JAN2422050PE.NFO,02/01/2024,15:10:26,696.25,706.35,120,708.5,320,0,1000
FINNIFTY02JAN2422050PE.NFO,02/01/2024,15:10:28,696.25,706.45,200,708.55,240,0,1000
FINNIFTY02JAN2422050PE.NFO,02/01/2024,15:10:28,696.25,706.45,40,708.4,360,0,1000
FINNIFTY02JAN2422050PE.NFO,02/01/2024,15:10:29,696.25,706.65,40,708.85,440,0,1000
FINNIFTY02JAN2422050PE.NFO,02/01/2024,15:10:30,696.25,706.85,40,708.95,240,0,1000
FINNIFTY02JAN2422050PE.NFO,02/01/2024,15:10:31,696.25,707.1,160,709.7,200,0,1000
FINNIFTY02JAN2422050PE.NFO,02/01/2024,15:10:32,696.25,707.35,120,709.3,440,0,1000
FINNIFTY02JAN2422050PE.NFO,02/01/2024,15:10:33,696.25,707.45,80,710.55,80,0,1000
FINNIFTY02JAN2422050PE.NFO,02/01/2024,15:10:34,696.25,708.3,240,710.05,80,0,1000
FINNIFTY02JAN2422050PE.NFO,02/01/2024,15:10:35,696.25,708.6,80,711.6,40,0,1000
FINNIFTY02JAN2422050PE.NFO,02/01/2024,15:10:36,696.25,707.8,200,710.8,680,0,1000
FINNIFTY02JAN2422050PE.NFO,02/01/2024,15:10:37,696.25,708.25,40,711.05,40,0,1000
FINNIFTY02JAN2422050PE.NFO,02/01/2024,15:10:38,696.25,708.4,80,710.95,120,0,1000
FINNIFTY02JAN2422050PE.NFO,02/01/2024,15:10:39,696.25,708.8,360,711.6,240,0,1000
FINNIFTY02JAN2422050PE.NFO,02/01/2024,15:10:40,696.25,708.85,40,711.35,40,0,1000
FINNIFTY02JAN2422050PE.NFO,02/01/2024,15:10:41,696.25,708.75,120,711,40,0,1000
FINNIFTY02JAN2422050PE.NFO,02/01/2024,15:10:42,696.25,707.6,240,710.5,40,0,1000
FINNIFTY02JAN2422050PE.NFO,02/01/2024,15:10:43,696.25,653.25,400,709.65,240,0,1000
FINNIFTY02JAN2422050PE.NFO,02/01/2024,15:10:44,696.25,655.55,200,709.3,40,0,1000
FINNIFTY02JAN2422050PE.NFO,02/01/2024,15:10:45,696.25,658.9,200,709.3,40,0,1000
FINNIFTY02JAN2422050PE.NFO,02/01/2024,15:10:46,696.25,660.7,400,711.55,80,0,1000
FINNIFTY02JAN2422050PE.NFO,02/01/2024,15:10:47,696.25,663.75,120,709.25,40,0,1000
FINNIFTY02JAN2422050PE.NFO,02/01/2024,15:10:48,696.25,666.7,240,709.45,40,0,1000
FINNIFTY02JAN2422050PE.NFO,02/01/2024,15:10:49,696.25,669.95,80,709.25,40,0,1000
FINNIFTY02JAN2422050PE.NFO,02/01/2024,15:10:50,696.25,672.35,240,708.25,640,0,1000
FINNIFTY02JAN2422050PE.NFO,02/01/2024,15:10:51,696.25,674.6,80,708,240,0,1000
FINNIFTY02JAN2422050PE.NFO,02/01/2024,15:10:52,696.25,677.05,200,707.75,400,0,1000
FINNIFTY02JAN2422050PE.NFO,02/01/2024,15:10:53,696.25,679.75,160,707.2,200,0,1000
FINNIFTY02JAN2422050PE.NFO,02/01/2024,15:10:54,696.25,682.4,320,708,240,0,1000
FINNIFTY02JAN2422050PE.NFO,02/01/2024,15:10:55,696.25,685.7,400,707.85,40,0,1000
FINNIFTY02JAN2422050PE.NFO,02/01/2024,15:10:56,696.25,688.3,120,708.45,120,0,1000
FINNIFTY02JAN2422050PE.NFO,02/01/2024,15:10:57,696.25,691.75,360,708.2,120,0,1000
FINNIFTY02JAN2422050PE.NFO,02/01/2024,15:10:58,696.25,694.9,280,708.4,440,0,1000
FINNIFTY02JAN2422050PE.NFO,02/01/2024,15:10:59,696.25,698.3,200,708.1,200,0,1000
FINNIFTY02JAN2422050PE.NFO,02/01/2024,15:11:00,696.25,702.25,120,708.3,40,0,1000
FINNIFTY02JAN2422050PE.NFO,02/01/2024,15:11:01,696.25,705.8,160,708.4,40,0,1000
FINNIFTY02JAN2422050PE.NFO,02/01/2024,15:11:02,696.25,706.15,80,708.4,40,0,1000
FINNIFTY02JAN2422050PE.NFO,02/01/2024,15:11:03,696.25,706.75,200,709.6,240,0,1000
FINNIFTY02JAN2422050PE.NFO,02/01/2024,15:11:04,696.25,706.85,80,709.05,40,0,1000
FINNIFTY02JAN2422050PE.NFO,02/01/2024,15:11:05,696.25,706.95,120,709.05,40,0,1000
FINNIFTY02JAN2422050PE.NFO,02/01/2024,15:11:06,696.25,707.05,80,709.15,120,0,1000
FINNIFTY02JAN2422050PE.NFO,02/01/2024,15:11:07,696.25,707.25,80,709.35,80,0,1000
FINNIFTY02JAN2422050PE.NFO,02/01/2024,15:11:08,696.25,706.95,40,708.65,40,0,1000
FINNIFTY02JAN2422050PE.NFO,02/01/2024,15:11:09,696.25,706.3,120,708.5,40,0,1000
FINNIFTY02JAN2422050PE.NFO,02/01/2024,15:11:10,696.25,706.4,120,708.65,40,0,1000
FINNIFTY02JAN2422050PE.NFO,02/01/2024,15:11:11,696.25,706.4,120,708.4,240,0,1000
FINNIFTY02JAN2422050PE.NFO,02/01/2024,15:11:12,696.25,706.4,40,707.95,280,0,1000
FINNIFTY02JAN2422050PE.NFO,02/01/2024,15:11:13,696.25,706.4,40,707.65,40,0,1000
FINNIFTY02JAN2422050PE.NFO,02/01/2024,15:11:14,696.25,706.4,40,707.05,40,0,1000
FINNIFTY02JAN2422050PE.NFO,02/01/2024,15:11:15,706.4,704.3,40,706.9,240,40,1480
FINNIFTY02JAN2422050PE.NFO,02/01/2024,15:11:15,706.4,704.3,40,706.9,240,0,1480
FINNIFTY02JAN2422050PE.NFO,02/01/2024,15:11:16,706.4,704.4,80,706.7,120,0,1480
FINNIFTY02JAN2422050PE.NFO,02/01/2024,15:11:17,706.4,704.6,80,706.7,120,0,1480
FINNIFTY02JAN2422050PE.NFO,02/01/2024,15:11:18,706.4,704.65,80,706.7,40,0,1480
FINNIFTY02JAN2422050PE.NFO,02/01/2024,15:11:19,706.4,704.7,40,706.35,240,0,1480
FINNIFTY02JAN2422050PE.NFO,02/01/2024,15:11:20,706.4,704.7,40,705.85,440,0,1480
FINNIFTY02JAN2422050PE.NFO,02/01/2024,15:11:21,706.4,703.5,200,706.55,80,0,1480
FINNIFTY02JAN2422050PE.NFO,02/01/2024,15:11:22,706.4,703.85,80,706.35,40,0,1480
FINNIFTY02JAN2422050PE.NFO,02/01/2024,15:11:23,706.4,704,80,705.9,240,0,1480
FINNIFTY02JAN2422050PE.NFO,02/01/2024,15:11:24,706.4,703.85,40,705.8,800,0,1480
FINNIFTY02JAN2422050PE.NFO,02/01/2024,15:11:25,706.4,703.85,40,705.5,240,0,1480
FINNIFTY02JAN2422050PE.NFO,02/01/2024,15:11:26,706.4,703.85,40,705.4,80,0,1480
FINNIFTY02JAN2422050PE.NFO,02/01/2024,15:11:27,706.4,703.85,40,705.3,80,0,1480
FINNIFTY02JAN2422050PE.NFO,02/01/2024,15:11:28,706.4,703.85,40,705.05,440,0,1480
FINNIFTY02JAN2422050PE.NFO,02/01/2024,15:11:29,706.4,703.85,40,704.35,200,0,1480
FINNIFTY02JAN2422050PE.NFO,02/01/2024,15:11:30,706.4,703.85,40,704.4,160,0,1480
FINNIFTY02JAN2422050PE.NFO,02/01/2024,15:11:31,706.4,703.85,40,704.9,1520,0,1480
FINNIFTY02JAN2422050PE.NFO,02/01/2024,15:11:32,706.4,703.85,40,704.55,200,0,1480
FINNIFTY02JAN2422050PE.NFO,02/01/2024,15:11:33,706.4,703.85,40,704.45,200,0,1480
FINNIFTY02JAN2422050PE.NFO,02/01/2024,15:11:34,706.4,703.85,40,704.2,80,0,1480
FINNIFTY02JAN2422050PE.NFO,02/01/2024,15:11:35,706.4,703.85,40,704.3,200,0,1480
FINNIFTY02JAN2422050PE.NFO,02/01/2024,15:11:36,706.4,703.85,40,703.95,200,0,1480
FINNIFTY02JAN2422050PE.NFO,02/01/2024,15:11:37,703.85,701.4,80,703.8,120,40,1480
FINNIFTY02JAN2422050PE.NFO,02/01/2024,15:11:38,703.85,701.65,80,704,280,0,1480
FINNIFTY02JAN2422050PE.NFO,02/01/2024,15:11:39,703.85,702.7,40,705.4,560,0,1480
FINNIFTY02JAN2422050PE.NFO,02/01/2024,15:11:40,703.85,703,80,705.4,80,0,1480
FINNIFTY02JAN2422050PE.NFO,02/01/2024,15:11:41,703.85,703.35,80,705.1,80,0,1480
FINNIFTY02JAN2422050PE.NFO,02/01/2024,15:11:42,703.85,702.45,360,705.05,40,0,1480
FINNIFTY02JAN2422050PE.NFO,02/01/2024,15:11:43,703.85,702.85,80,705.1,120,0,1480
FINNIFTY02JAN2422050PE.NFO,02/01/2024,15:11:44,703.85,703.15,80,704.95,80,0,1480
FINNIFTY02JAN2422050PE.NFO,02/01/2024,15:11:45,703.85,703.4,80,705.8,240,0,1480
FINNIFTY02JAN2422050PE.NFO,02/01/2024,15:11:46,703.85,703.05,40,705.15,40,0,1480
FINNIFTY02JAN2422050PE.NFO,02/01/2024,15:11:47,703.85,703.35,40,705.75,160,0,1480
FINNIFTY02JAN2422050PE.NFO,02/01/2024,15:11:48,703.85,702.75,40,704.85,120,0,1480
FINNIFTY02JAN2422050PE.NFO,02/01/2024,15:11:49,703.85,703.05,40,704.65,120,0,1480
FINNIFTY02JAN2422050PE.NFO,02/01/2024,15:11:50,703.85,703.4,40,704.9,120,0,1480
FINNIFTY02JAN2422050PE.NFO,02/01/2024,15:11:51,703.85,703.65,40,706.1,840,0,1480
FINNIFTY02JAN2422050PE.NFO,02/01/2024,15:11:52,703.85,704,40,705.9,120,0,1480
FINNIFTY02JAN2422050PE.NFO,02/01/2024,15:11:53,703.85,704.4,40,706.4,200,0,1480
FINNIFTY02JAN2422050PE.NFO,02/01/2024,15:11:54,703.85,704.45,80,706.5,1000,0,1480
FINNIFTY02JAN2422050PE.NFO,02/01/2024,15:11:55,703.85,704.3,80,706.05,200,0,1480
FINNIFTY02JAN2422050PE.NFO,02/01/2024,15:11:56,703.85,704.5,40,706.5,120,0,1480
FINNIFTY02JAN2422050PE.NFO,02/01/2024,15:11:57,703.85,703.45,80,705.8,280,0,1480
FINNIFTY02JAN2422050PE.NFO,02/01/2024,15:11:58,703.85,703.7,40,705.75,120,0,1480
FINNIFTY02JAN2422050PE.NFO,02/01/2024,15:11:59,703.85,703.95,80,705.65,80,0,1480
FINNIFTY02JAN2422050PE.NFO,02/01/2024,15:12:00,703.85,704.05,80,706,880,0,1480
FINNIFTY02JAN2422050PE.NFO,02/01/2024,15:12:01,703.85,704,80,705.8,40,0,1480
FINNIFTY02JAN2422050PE.NFO,02/01/2024,15:12:02,703.85,704.15,40,705.8,40,0,1480
FINNIFTY02JAN2422050PE.NFO,02/01/2024,15:12:03,703.85,658.4,200,705.85,40,0,1480
FINNIFTY02JAN2422050PE.NFO,02/01/2024,15:12:04,703.85,662.9,120,706.65,160,0,1480
FINNIFTY02JAN2422050PE.NFO,02/01/2024,15:12:05,703.85,667.6,160,706,200,0,1480
FINNIFTY02JAN2422050PE.NFO,02/01/2024,15:12:06,703.85,672.9,80,706.1,120,0,1480
FINNIFTY02JAN2422050PE.NFO,02/01/2024,15:12:07,703.85,677.75,120,705.8,200,0,1480
FINNIFTY02JAN2422050PE.NFO,02/01/2024,15:12:08,703.85,682.45,200,706.05,40,0,1480
FINNIFTY02JAN2422050PE.NFO,02/01/2024,15:12:09,703.85,688.3,80,706.2,80,0,1480
FINNIFTY02JAN2422050PE.NFO,02/01/2024,15:12:10,703.85,693.75,120,706.2,120,0,1480
FINNIFTY02JAN2422050PE.NFO,02/01/2024,15:12:11,703.85,698.4,200,706.75,120,0,1480
FINNIFTY02JAN2422050PE.NFO,02/01/2024,15:12:12,703.85,703.35,120,706.5,160,0,1480
FINNIFTY02JAN2422050PE.NFO,02/01/2024,15:12:13,703.85,703.9,80,706.05,80,0,1480
FINNIFTY02JAN2422050PE.NFO,02/01/2024,15:12:14,703.85,703.05,40,705.55,240,0,1480
FINNIFTY02JAN2422050PE.NFO,02/01/2024,15:12:15,703.85,703.5,80,705.4,80,0,1480
FINNIFTY02JAN2422050PE.NFO,02/01/2024,15:12:16,703.85,703.7,80,705.35,40,0,1480
FINNIFTY02JAN2422050PE.NFO,02/01/2024,15:12:17,703.85,703.05,80,705.4,120,0,1480
FINNIFTY02JAN2422050PE.NFO,02/01/2024,15:12:18,703.85,703.55,80,705.6,40,0,1480
FINNIFTY02JAN2422050PE.NFO,02/01/2024,15:12:19,703.85,704.05,40,705.75,80,0,1480
FINNIFTY02JAN2422050PE.NFO,02/01/2024,15:12:20,703.85,704.6,40,706.45,40,0,1480
FINNIFTY02JAN2422050PE.NFO,02/01/2024,15:12:21,703.85,704.4,40,706.35,120,0,1480
FINNIFTY02JAN2422050PE.NFO,02/01/2024,15:12:22,703.85,704.5,40,706.25,40,0,1480
FINNIFTY02JAN2422050PE.NFO,02/01/2024,15:12:23,703.85,704.5,120,706.7,240,0,1480
FINNIFTY02JAN2422050PE.NFO,02/01/2024,15:12:24,703.85,704.8,80,706.5,120,0,1480
FINNIFTY02JAN2422050PE.NFO,02/01/2024,15:12:25,703.85,704.8,80,706.4,120,0,1480
FINNIFTY02JAN2422050PE.NFO,02/01/2024,15:12:26,703.85,704.05,80,706.4,120,0,1480
FINNIFTY02JAN2422050PE.NFO,02/01/2024,15:12:27,703.85,704.4,80,706.4,120,0,1480
FINNIFTY02JAN2422050PE.NFO,02/01/2024,15:12:28,703.85,704.85,40,706.8,40,0,1480
FINNIFTY02JAN2422050PE.NFO,02/01/2024,15:12:29,703.85,705.45,80,707.2,120,0,1480
FINNIFTY02JAN2422050PE.NFO,02/01/2024,15:12:30,703.85,705.45,80,707.35,240,0,1480
FINNIFTY02JAN2422050PE.NFO,02/01/2024,15:12:32,703.85,706.15,40,707.7,40,0,1480
FINNIFTY02JAN2422050PE.NFO,02/01/2024,15:12:33,703.85,706.25,40,707.7,40,0,1480
FINNIFTY02JAN2422050PE.NFO,02/01/2024,15:12:34,703.85,706.75,40,707.7,40,0,1480
FINNIFTY02JAN2422050PE.NFO,02/01/2024,15:12:35,703.85,707.1,120,707.7,40,0,1480
FINNIFTY02JAN2422050PE.NFO,02/01/2024,15:12:36,703.85,707.1,40,707.7,40,0,1480
FINNIFTY02JAN2422050PE.NFO,02/01/2024,15:12:37,703.85,706.45,40,707.7,40,0,1480
FINNIFTY02JAN2422050PE.NFO,02/01/2024,15:12:38,703.85,705.6,160,707.55,640,0,1480
FINNIFTY02JAN2422050PE.NFO,02/01/2024,15:12:39,703.85,706.15,200,707.65,80,0,1480
FINNIFTY02JAN2422050PE.NFO,02/01/2024,15:12:40,703.85,706.35,160,707.65,80,0,1480
FINNIFTY02JAN2422050PE.NFO,02/01/2024,15:12:41,703.85,706.85,40,707.7,40,0,1480
FINNIFTY02JAN2422050PE.NFO,02/01/2024,15:12:42,707.7,707.15,40,708.65,80,40,1440
FINNIFTY02JAN2422050PE.NFO,02/01/2024,15:12:42,707.7,707.15,40,708.65,80,0,1440
FINNIFTY02JAN2422050PE.NFO,02/01/2024,15:12:43,707.7,706.6,200,708.45,240,0,1440
FINNIFTY02JAN2422050PE.NFO,02/01/2024,15:12:44,707.7,706.15,120,707.8,320,0,1440
FINNIFTY02JAN2422050PE.NFO,02/01/2024,15:12:45,707.7,706.1,40,707.65,440,0,1440
FINNIFTY02JAN2422050PE.NFO,02/01/2024,15:12:46,707.7,705.45,80,707.55,320,0,1440
FINNIFTY02JAN2422050PE.NFO,02/01/2024,15:12:47,707.7,705.75,80,707.5,160,0,1440
FINNIFTY02JAN2422050PE.NFO,02/01/2024,15:12:48,707.7,705.6,80,707.4,240,0,1440
FINNIFTY02JAN2422050PE.NFO,02/01/2024,15:12:49,707.7,704.7,80,707.1,840,0,1440
FINNIFTY02JAN2422050PE.NFO,02/01/2024,15:12:50,707.7,704.9,80,706.85,800,0,1440
FINNIFTY02JAN2422050PE.NFO,02/01/2024,15:12:51,707.7,705,40,706.9,80,0,1440
FINNIFTY02JAN2422050PE.NFO,02/01/2024,15:12:52,707.7,705.55,40,707.55,80,0,1440
FINNIFTY02JAN2422050PE.NFO,02/01/2024,15:12:53,707.7,706.15,40,708.2,200,0,1440
FINNIFTY02JAN2422050PE.NFO,02/01/2024,15:12:54,707.7,706.7,40,708.75,240,0,1440
FINNIFTY02JAN2422050PE.NFO,02/01/2024,15:12:55,707.7,706.85,40,708.5,240,0,1440
FINNIFTY02JAN2422050PE.NFO,02/01/2024,15:12:56,707.7,706.2,200,708,240,0,1440
FINNIFTY02JAN2422050PE.NFO,02/01/2024,15:12:57,707.7,706.45,80,708,240,0,1440
FINNIFTY02JAN2422050PE.NFO,02/01/2024,15:12:58,707.7,706.3,120,708.15,1320,0,1440
FINNIFTY02JAN2422050PE.NFO,02/01/2024,15:12:59,707.7,706.55,80,708.15,80,0,1440
FINNIFTY02JAN2422050PE.NFO,02/01/2024,15:13:00,707.7,706.7,80,708.55,200,0,1440
FINNIFTY02JAN2422050PE.NFO,02/01/2024,15:13:01,707.7,706.7,200,708.35,200,0,1440
FINNIFTY02JAN2422050PE.NFO,02/01/2024,15:13:02,707.7,706.05,160,707.9,200,0,1440
FINNIFTY02JAN2422050PE.NFO,02/01/2024,15:13:03,707.7,705.5,120,707.3,240,0,1440
FINNIFTY02JAN2422050PE.NFO,02/01/2024,15:13:04,707.7,705.55,200,707.35,200,0,1440
FINNIFTY02JAN2422050PE.NFO,02/01/2024,15:13:05,707.7,705.4,120,707.35,80,0,1440
FINNIFTY02JAN2422050PE.NFO,02/01/2024,15:13:06,707.7,705.75,80,707.4,80,0,1440
FINNIFTY02JAN2422050PE.NFO,02/01/2024,15:13:07,707.7,705.85,200,707.5,80,0,1440
FINNIFTY02JAN2422050PE.NFO,02/01/2024,15:13:08,707.7,705.4,120,707.95,200,0,1440
FINNIFTY02JAN2422050PE.NFO,02/01/2024,15:13:09,707.7,705.6,80,708.1,1440,0,1440
FINNIFTY02JAN2422050PE.NFO,02/01/2024,15:13:10,707.7,706.05,80,707.85,1000,0,1440
FINNIFTY02JAN2422050PE.NFO,02/01/2024,15:13:11,707.7,706.1,120,707.85,80,0,1440
FINNIFTY02JAN2422050PE.NFO,02/01/2024,15:13:12,707.7,706.25,80,708.2,240,0,1440
FINNIFTY02JAN2422050PE.NFO,02/01/2024,15:13:13,707.7,706.25,120,707.9,80,0,1440
FINNIFTY02JAN2422050PE.NFO,02/01/2024,15:13:14,707.7,706.25,120,707.75,80,0,1440
FINNIFTY02JAN2422050PE.NFO,02/01/2024,15:13:15,707.7,705.35,40,707.6,240,0,1440
FINNIFTY02JAN2422050PE.NFO,02/01/2024,15:13:16,707.7,703.15,240,707.1,240,0,1440
FINNIFTY02JAN2422050PE.NFO,02/01/2024,15:13:17,707.7,704.6,120,706.7,400,0,1440
FINNIFTY02JAN2422050PE.NFO,02/01/2024,15:13:18,707.7,704.7,120,706.4,80,0,1440
FINNIFTY02JAN2422050PE.NFO,02/01/2024,15:13:19,707.7,704.8,40,706.55,240,0,1440
FINNIFTY02JAN2422050PE.NFO,02/01/2024,15:13:20,707.7,704.05,320,706.5,480,0,1440
FINNIFTY02JAN2422050PE.NFO,02/01/2024,15:13:21,707.7,704.35,80,706.35,160,0,1440
FINNIFTY02JAN2422050PE.NFO,02/01/2024,15:13:22,707.7,704.6,80,706.2,80,0,1440
FINNIFTY02JAN2422050PE.NFO,02/01/2024,15:13:23,707.7,704.7,160,706.6,240,0,1440
FINNIFTY02JAN2422050PE.NFO,02/01/2024,15:13:24,707.7,704.75,80,706.35,160,0,1440
FINNIFTY02JAN2422050PE.NFO,02/01/2024,15:13:25,707.7,704.8,40,706.35,160,0,1440
FINNIFTY02JAN2422050PE.NFO,02/01/2024,15:13:26,707.7,704.85,120,706.45,80,0,1440
FINNIFTY02JAN2422050PE.NFO,02/01/2024,15:13:27,707.7,704.1,40,706.4,80,0,1440
FINNIFTY02JAN2422050PE.NFO,02/01/2024,15:13:28,707.7,704.65,40,706.8,240,0,1440
FINNIFTY02JAN2422050PE.NFO,02/01/2024,15:13:29,707.7,704.8,120,706.75,200,0,1440
FINNIFTY02JAN2422050PE.NFO,02/01/2024,15:13:30,707.7,704.75,80,707.05,2400,0,1440
FINNIFTY02JAN2422050PE.NFO,02/01/2024,15:13:37,707.7,705.7,40,707.45,320,0,1440
FINNIFTY02JAN2422050PE.NFO,02/01/2024,15:13:47,707.7,705.45,120,707.3,80,0,1440
FINNIFTY02JAN2422050PE.NFO,02/01/2024,15:13:57,707.7,693.85,80,706.85,80,0,1440
FINNIFTY02JAN2422050PE.NFO,02/01/2024,15:14:08,707.7,704.1,40,706.45,160,0,1440
FINNIFTY02JAN2422050PE.NFO,02/01/2024,15:14:18,707.7,703.4,80,705.9,240,0,1440
FINNIFTY02JAN2422050PE.NFO,02/01/2024,15:14:28,704.05,702.7,80,704.35,120,360,1440
FINNIFTY02JAN2422050PE.NFO,02/01/2024,15:14:30,704.05,702,80,704.25,80,0,1440
FINNIFTY02JAN2422050PE.NFO,02/01/2024,15:14:31,704.05,702.25,40,704.1,40,0,1440
FINNIFTY02JAN2422050PE.NFO,02/01/2024,15:14:32,704.05,702.5,120,704.4,80,0,1440
FINNIFTY02JAN2422050PE.NFO,02/01/2024,15:14:33,704.05,702.8,160,703.8,120,0,1440
FINNIFTY02JAN2422050PE.NFO,02/01/2024,15:14:34,704.05,702.95,80,704.1,120,0,1440
FINNIFTY02JAN2422050PE.NFO,02/01/2024,15:14:36,704.05,701.75,80,703.6,120,0,1440
FINNIFTY02JAN2422050PE.NFO,02/01/2024,15:14:37,704.05,702.1,40,703.75,80,0,1440
FINNIFTY02JAN2422050PE.NFO,02/01/2024,15:14:37,704.05,702.2,120,703.7,400,0,1440
FINNIFTY02JAN2422050PE.NFO,02/01/2024,15:14:38,704.05,701.35,80,703.5,80,0,1440
FINNIFTY02JAN2422050PE.NFO,02/01/2024,15:14:39,704.05,701.65,80,703.45,80,0,1440
FINNIFTY02JAN2422050PE.NFO,02/01/2024,15:14:41,704.05,701.45,120,703.05,320,0,1440
FINNIFTY02JAN2422050PE.NFO,02/01/2024,15:14:42,704.05,701.4,280,703.05,120,0,1440
FINNIFTY02JAN2422050PE.NFO,02/01/2024,15:14:43,704.05,701.8,80,703,120,0,1440
FINNIFTY02JAN2422050PE.NFO,02/01/2024,15:14:43,704.05,701.7,40,703,120,0,1440
FINNIFTY02JAN2422050PE.NFO,02/01/2024,15:14:44,704.05,700.85,40,702.85,120,0,1440
FINNIFTY02JAN2422050PE.NFO,02/01/2024,15:14:46,704.05,700.5,80,701.95,240,0,1440
FINNIFTY02JAN2422050PE.NFO,02/01/2024,15:14:47,704.05,700.65,120,701.95,160,0,1440
FINNIFTY02JAN2422050PE.NFO,02/01/2024,15:14:48,704.05,701.3,80,702.75,240,0,1440
FINNIFTY02JAN2422050PE.NFO,02/01/2024,15:14:48,704.05,701.25,80,702.75,160,0,1440
FINNIFTY02JAN2422050PE.NFO,02/01/2024,15:14:49,704.05,700.95,120,702.7,80,0,1440
FINNIFTY02JAN2422050PE.NFO,02/01/2024,15:14:50,704.05,701.5,40,702.7,80,0,1440
FINNIFTY02JAN2422050PE.NFO,02/01/2024,15:14:52,704.05,701.45,120,702.55,80,0,1440
FINNIFTY02JAN2422050PE.NFO,02/01/2024,15:14:53,704.05,700.65,120,702.35,400,0,1440
FINNIFTY02JAN2422050PE.NFO,02/01/2024,15:14:54,704.05,700.75,120,702.3,240,0,1440
FINNIFTY02JAN2422050PE.NFO,02/01/2024,15:14:54,704.05,700.75,120,702.2,400,0,1440
FINNIFTY02JAN2422050PE.NFO,02/01/2024,15:14:55,704.05,700.9,120,702.25,80,0,1440
FINNIFTY02JAN2422050PE.NFO,02/01/2024,15:14:56,704.05,686.05,160,702.35,80,0,1440
FINNIFTY02JAN2422050PE.NFO,02/01/2024,15:14:57,704.05,693.15,160,702.35,80,0,1440
FINNIFTY02JAN2422050PE.NFO,02/01/2024,15:14:58,704.05,698.45,200,702.35,80,0,1440
FINNIFTY02JAN2422050PE.NFO,02/01/2024,15:14:59,704.05,700.5,80,702.5,240,0,1440
FINNIFTY02JAN2422050PE.NFO,02/01/2024,15:15:00,704.05,700.75,120,702.5,240,0,1440
FINNIFTY02JAN2422050PE.NFO,02/01/2024,15:15:01,704.05,700.95,200,702.5,240,0,1440
FINNIFTY02JAN2422050PE.NFO,02/01/2024,15:15:02,704.05,700.3,40,702.5,240,0,1440
FINNIFTY02JAN2422050PE.NFO,02/01/2024,15:15:03,704.05,701.6,120,702.5,160,0,1440
FINNIFTY02JAN2422050PE.NFO,02/01/2024,15:15:04,704.05,701.7,200,703.45,240,0,1440
FINNIFTY02JAN2422050PE.NFO,02/01/2024,15:15:05,704.05,701.85,200,703.35,120,0,1440
FINNIFTY02JAN2422050PE.NFO,02/01/2024,15:15:06,704.05,701.4,160,701.9,120,0,1440
FINNIFTY02JAN2422050PE.NFO,02/01/2024,15:15:07,704.05,700.45,40,703.2,120,0,1440
FINNIFTY02JAN2422050PE.NFO,02/01/2024,15:15:08,704.05,701.1,200,703.1,80,0,1440
FINNIFTY02JAN2422050PE.NFO,02/01/2024,15:15:09,704.05,701.2,200,703.1,80,0,1440
FINNIFTY02JAN2422050PE.NFO,02/01/2024,15:15:10,704.05,701.35,40,703.1,80,0,1440
FINNIFTY02JAN2422050PE.NFO,02/01/2024,15:15:11,704.05,701.6,160,703.1,80,0,1440
FINNIFTY02JAN2422050PE.NFO,02/01/2024,15:15:12,704.05,701.7,200,703.35,80,0,1440
FINNIFTY02JAN2422050PE.NFO,02/01/2024,15:15:13,704.05,701.45,80,703.15,80,0,1440
FINNIFTY02JAN2422050PE.NFO,02/01/2024,15:15:14,704.05,700.95,80,702.7,120,0,1440
FINNIFTY02JAN2422050PE.NFO,02/01/2024,15:15:15,704.05,701,120,702.2,120,0,1440
FINNIFTY02JAN2422050PE.NFO,02/01/2024,15:15:16,704.05,701.05,80,702.55,80,0,1440
FINNIFTY02JAN2422050PE.NFO,02/01/2024,15:15:17,704.05,701,40,702.8,80,0,1440
FINNIFTY02JAN2422050PE.NFO,02/01/2024,15:15:18,704.05,701,120,702.25,80,0,1440
FINNIFTY02JAN2422050PE.NFO,02/01/2024,15:15:19,704.05,701,40,702.15,120,0,1440
FINNIFTY02JAN2422050PE.NFO,02/01/2024,15:15:20,704.05,701,40,702.2,80,0,1440
FINNIFTY02JAN2422050PE.NFO,02/01/2024,15:15:23,704.05,701,40,702.15,160,0,1440
FINNIFTY02JAN2422050PE.NFO,02/01/2024,15:15:24,704.05,701.1,40,702.85,80,0,1440
FINNIFTY02JAN2422050PE.NFO,02/01/2024,15:15:25,704.05,701.05,80,702.85,160,0,1440
FINNIFTY02JAN2422050PE.NFO,02/01/2024,15:15:26,704.05,701.15,80,702.75,80,0,1440
FINNIFTY02JAN2422050PE.NFO,02/01/2024,15:15:28,704.05,701.25,40,703.15,80,0,1440
FINNIFTY02JAN2422050PE.NFO,02/01/2024,15:15:29,704.05,701.3,40,703.15,80,0,1440
FINNIFTY02JAN2422050PE.NFO,02/01/2024,15:15:31,704.05,701.8,80,704,80,0,1440
FINNIFTY02JAN2422050PE.NFO,02/01/2024,15:15:41,704.05,702.05,40,704.65,80,0,1440
FINNIFTY02JAN2422050PE.NFO,02/01/2024,15:15:52,704.05,703.15,40,706.8,80,0,1440
FINNIFTY02JAN2422050PE.NFO,02/01/2024,15:16:02,704.05,703.35,80,705.8,80,0,1440
FINNIFTY02JAN2422050PE.NFO,02/01/2024,15:16:12,704.05,701.85,80,704.9,200,0,1440
FINNIFTY02JAN2422050PE.NFO,02/01/2024,15:16:21,704.05,702.4,40,704.3,80,0,1440
FINNIFTY02JAN2422050PE.NFO,02/01/2024,15:16:31,704.05,703.35,80,705.65,80,0,1440
FINNIFTY02JAN2422050PE.NFO,02/01/2024,15:16:41,704.05,702,40,704.65,80,0,1440
FINNIFTY02JAN2422050PE.NFO,02/01/2024,15:16:50,704.05,702.8,160,705.45,80,0,1440
FINNIFTY02JAN2422050PE.NFO,02/01/2024,15:17:00,704.05,702.65,80,704.55,80,0,1440
FINNIFTY02JAN2422050PE.NFO,02/01/2024,15:17:10,704.05,702.5,80,704.1,80,0,1440
FINNIFTY02JAN2422050PE.NFO,02/01/2024,15:17:20,704.05,702.2,80,704.9,80,0,1440
FINNIFTY02JAN2422050PE.NFO,02/01/2024,15:17:30,704.05,702.15,40,704.4,80,0,1440
FINNIFTY02JAN2422050PE.NFO,02/01/2024,15:17:40,704.05,702,40,704.25,40,0,1440
FINNIFTY02JAN2422050PE.NFO,02/01/2024,15:17:50,704.05,701.3,80,702.7,120,0,1440
FINNIFTY02JAN2422050PE.NFO,02/01/2024,15:18:00,704.05,701.6,80,702.05,160,0,1440
FINNIFTY02JAN2422050PE.NFO,02/01/2024,15:18:10,701.2,701,40,701.2,40,80,1080
FINNIFTY02JAN2422050PE.NFO,02/01/2024,15:18:19,701.2,701,40,701.4,40,0,1080
FINNIFTY02JAN2422050PE.NFO,02/01/2024,15:18:29,701.2,701.2,80,701.4,80,0,1080
FINNIFTY02JAN2422050PE.NFO,02/01/2024,15:18:39,701.2,701,40,701.2,80,0,1080
FINNIFTY02JAN2422050PE.NFO,02/01/2024,15:18:48,697.85,698.15,40,700.1,160,80,1080
FINNIFTY02JAN2422050PE.NFO,02/01/2024,15:18:58,697.85,699.45,40,701,120,0,1080
FINNIFTY02JAN2422050PE.NFO,02/01/2024,15:19:07,697.85,699.85,40,701.1,120,0,1080
FINNIFTY02JAN2422050PE.NFO,02/01/2024,15:19:17,697.85,700.9,40,703.05,120,0,1080
FINNIFTY02JAN2422050PE.NFO,02/01/2024,15:19:26,697.85,700.85,40,703,160,0,1080
FINNIFTY02JAN2422050PE.NFO,02/01/2024,15:19:36,697.85,701.1,80,703.05,120,0,1080
FINNIFTY02JAN2422050PE.NFO,02/01/2024,15:19:46,697.85,700.9,80,702.9,120,0,1080
FINNIFTY02JAN2422050PE.NFO,02/01/2024,15:19:56,697.85,701.1,40,702.7,120,0,1080
FINNIFTY02JAN2422050PE.NFO,02/01/2024,15:20:07,697.85,701.35,40,703.8,160,0,1080
FINNIFTY02JAN2422050PE.NFO,02/01/2024,15:20:19,697.85,701.25,40,703.5,120,0,1080
FINNIFTY02JAN2422050PE.NFO,02/01/2024,15:20:31,697.85,701.75,40,704.75,120,0,1080
FINNIFTY02JAN2422050PE.NFO,02/01/2024,15:20:40,697.85,701.1,80,704.35,120,0,1080
FINNIFTY02JAN2422050PE.NFO,02/01/2024,15:20:50,697.85,700.5,40,704.25,120,0,1080
FINNIFTY02JAN2422050PE.NFO,02/01/2024,15:21:00,697.85,701.35,80,704.05,120,0,1080
FINNIFTY02JAN2422050PE.NFO,02/01/2024,15:21:10,697.85,701.1,80,703.55,120,0,1080
FINNIFTY02JAN2422050PE.NFO,02/01/2024,15:21:20,697.85,701.5,80,704.1,120,0,1080
FINNIFTY02JAN2422050PE.NFO,02/01/2024,15:21:30,697.85,701.6,80,703.9,120,0,1080
FINNIFTY02JAN2422050PE.NFO,02/01/2024,15:21:39,697.85,701.5,160,703.4,80,0,1080
FINNIFTY02JAN2422050PE.NFO,02/01/2024,15:21:48,697.85,700.55,560,703.65,120,0,1080
FINNIFTY02JAN2422050PE.NFO,02/01/2024,15:21:57,697.85,701.25,40,702.5,120,0,1080
FINNIFTY02JAN2422050PE.NFO,02/01/2024,15:22:06,697.85,701.65,80,702.85,120,0,1080
FINNIFTY02JAN2422050PE.NFO,02/01/2024,15:22:15,697.85,701.75,40,703.75,80,0,1080
FINNIFTY02JAN2422050PE.NFO,02/01/2024,15:22:25,697.85,701.55,40,703.5,120,0,1080
FINNIFTY02JAN2422050PE.NFO,02/01/2024,15:22:34,697.85,701.5,40,703.45,120,0,1080
FINNIFTY02JAN2422050PE.NFO,02/01/2024,15:22:43,697.85,701.95,40,703.3,200,0,1080
FINNIFTY02JAN2422050PE.NFO,02/01/2024,15:22:53,697.85,702.1,80,703.05,120,0,1080
FINNIFTY02JAN2422050PE.NFO,02/01/2024,15:23:03,697.85,701.7,80,702.8,120,0,1080
FINNIFTY02JAN2422050PE.NFO,02/01/2024,15:23:13,697.85,702.65,80,704.1,200,0,1080
FINNIFTY02JAN2422050PE.NFO,02/01/2024,15:23:23,697.85,701.2,80,703.9,120,0,1080
FINNIFTY02JAN2422050PE.NFO,02/01/2024,15:23:32,697.85,702.2,40,703.85,120,0,1080
FINNIFTY02JAN2422050PE.NFO,02/01/2024,15:23:42,697.85,702.2,80,704.35,120,0,1080
FINNIFTY02JAN2422050PE.NFO,02/01/2024,15:23:52,697.85,702,80,703.05,40,0,1080
FINNIFTY02JAN2422050PE.NFO,02/01/2024,15:24:01,697.85,702.15,40,703.65,80,0,1080
FINNIFTY02JAN2422050PE.NFO,02/01/2024,15:24:11,697.85,702.3,80,703.5,200,0,1080
FINNIFTY02JAN2422050PE.NFO,02/01/2024,15:24:20,697.85,702.45,80,704.2,120,0,1080
FINNIFTY02JAN2422050PE.NFO,02/01/2024,15:24:30,697.85,702.75,40,703.9,120,0,1080
FINNIFTY02JAN2422050PE.NFO,02/01/2024,15:24:40,697.85,702.45,40,704.4,120,0,1080
FINNIFTY02JAN2422050PE.NFO,02/01/2024,15:24:50,697.85,702.4,80,703.6,120,0,1080
FINNIFTY02JAN2422050PE.NFO,02/01/2024,15:24:59,697.85,702.2,40,704.05,120,0,1080
FINNIFTY02JAN2422050PE.NFO,02/01/2024,15:25:09,697.85,702.65,40,703.95,120,0,1080
FINNIFTY02JAN2422050PE.NFO,02/01/2024,15:25:19,697.85,702.9,80,703.85,120,0,1080
FINNIFTY02JAN2422050PE.NFO,02/01/2024,15:25:29,697.85,701.9,200,704.05,320,0,1080
FINNIFTY02JAN2422050PE.NFO,02/01/2024,15:25:39,697.85,701.75,280,704.05,320,0,1080
FINNIFTY02JAN2422050PE.NFO,02/01/2024,15:25:49,697.85,702.1,80,704,120,0,1080
FINNIFTY02JAN2422050PE.NFO,02/01/2024,15:25:59,697.85,702.55,80,704.05,160,0,1080
FINNIFTY02JAN2422050PE.NFO,02/01/2024,15:26:09,697.85,703,80,704,120,0,1080
FINNIFTY02JAN2422050PE.NFO,02/01/2024,15:26:19,697.85,702.3,80,704.05,240,0,1080
FINNIFTY02JAN2422050PE.NFO,02/01/2024,15:26:29,697.85,703,80,704.05,160,0,1080
FINNIFTY02JAN2422050PE.NFO,02/01/2024,15:26:48,697.85,703.55,80,704.05,160,0,1080
FINNIFTY02JAN2422050PE.NFO,02/01/2024,15:26:58,697.85,702.3,80,704.05,160,0,1080
FINNIFTY02JAN2422050PE.NFO,02/01/2024,15:27:08,697.85,702.35,80,704.05,160,0,1080
FINNIFTY02JAN2422050PE.NFO,02/01/2024,15:27:17,697.85,702.4,80,704.05,160,0,1080
FINNIFTY02JAN2422050PE.NFO,02/01/2024,15:27:27,697.85,702.55,80,704.05,160,0,1080
FINNIFTY02JAN2422050PE.NFO,02/01/2024,15:27:36,697.85,702.65,80,704.05,160,0,1080
FINNIFTY02JAN2422050PE.NFO,02/01/2024,15:27:55,697.85,702.8,80,704.05,160,0,1080
FINNIFTY02JAN2422050PE.NFO,02/01/2024,15:28:05,702.85,702.85,120,704.05,120,40,1000
FINNIFTY02JAN2422050PE.NFO,02/01/2024,15:28:15,702.85,702.85,40,704.05,120,0,1000
FINNIFTY02JAN2422050PE.NFO,02/01/2024,15:28:26,702.85,703,80,704.05,120,0,1000
FINNIFTY02JAN2422050PE.NFO,02/01/2024,15:28:46,702.85,703,160,704.8,80,0,1000
FINNIFTY02JAN2422050PE.NFO,02/01/2024,15:28:57,702.85,700.65,80,704.8,80,0,1000
FINNIFTY02JAN2422050PE.NFO,02/01/2024,15:29:08,702.85,700.65,80,704.85,80,0,1000
FINNIFTY02JAN2422050PE.NFO,02/01/2024,15:29:17,702.85,701.05,200,704.8,80,0,1000
FINNIFTY02JAN2422050PE.NFO,02/01/2024,15:29:28,702.85,701.3,200,704.8,80,0,1000
FINNIFTY02JAN2422050PE.NFO,02/01/2024,15:29:38,702.85,701.3,200,704.75,80,0,1000
FINNIFTY02JAN2422050PE.NFO,02/01/2024,15:29:52,702.85,701.5,160,704.75,80,0,1000
FINNIFTY02JAN2422050PE.NFO,02/01/2024,15:30:02,702.85,701.3,200,705.3,120,0,1000
