Ticker,Date,Time,LTP,BuyPrice,BuyQty,SellPrice,SellQty,LTQ,OpenInterest
FINNIFTY02JAN2420800CE.NFO,02/01/2024,09:56:19,549,537.2,40,547.75,200,560,1240
FINNIFTY02JAN2420800CE.NFO,02/01/2024,09:56:19,548.2,537.2,40,547.75,200,0,1240
FINNIFTY02JAN2420800CE.NFO,02/01/2024,09:56:19,549,537.2,40,547.75,200,0,1240
FINNIFTY02JAN2420800CE.NFO,02/01/2024,09:56:19,548.2,537.2,40,547.75,200,0,1240
FINNIFTY02JAN2420800CE.NFO,02/01/2024,09:56:31,548.2,552,520,556.85,200,0,1240
FINNIFTY02JAN2420800CE.NFO,02/01/2024,09:56:33,548.2,549,520,553,400,0,1240
FINNIFTY02JAN2420800CE.NFO,02/01/2024,09:56:34,548.2,551,520,554.25,80,0,1240
FINNIFTY02JAN2420800CE.NFO,02/01/2024,09:56:36,548.2,541.4,40,550.35,80,0,1240
FINNIFTY02JAN2420800CE.NFO,02/01/2024,09:56:38,548.2,535.65,560,547.45,280,0,1240
FINNIFTY02JAN2420800CE.NFO,02/01/2024,09:56:39,548.2,536.1,40,540.95,200,0,1240
FINNIFTY02JAN2420800CE.NFO,02/01/2024,09:56:41,548.2,535,520,539.95,200,0,1240
FINNIFTY02JAN2420800CE.NFO,02/01/2024,09:56:43,548.2,517.25,2480,537.65,80,0,1240
FINNIFTY02JAN2420800CE.NFO,02/01/2024,09:56:44,548.2,518.7,40,535,520,0,1240
FINNIFTY02JAN2420800CE.NFO,02/01/2024,09:56:46,528,526,520,529.95,200,240,1640
FINNIFTY02JAN2420800CE.NFO,02/01/2024,09:56:46,528,526,520,529.95,200,0,1640
FINNIFTY02JAN2420800CE.NFO,02/01/2024,09:56:48,528,519.05,40,523.9,40,0,1640
FINNIFTY02JAN2420800CE.NFO,02/01/2024,09:56:49,528,522.25,80,526.6,40,0,1640
FINNIFTY02JAN2420800CE.NFO,02/01/2024,09:56:51,525,524,520,529.95,40,80,1640
FINNIFTY02JAN2420800CE.NFO,02/01/2024,09:56:51,525,524,520,529.95,40,0,1640
FINNIFTY02JAN2420800CE.NFO,02/01/2024,09:56:53,525,526.05,200,529.45,200,0,1640
FINNIFTY02JAN2420800CE.NFO,02/01/2024,09:56:54,525,526.55,40,535.9,120,0,1640
FINNIFTY02JAN2420800CE.NFO,02/01/2024,09:56:56,525,532,520,535,40,0,1640
FINNIFTY02JAN2420800CE.NFO,02/01/2024,09:56:58,525,529,520,532.25,80,0,1640
FINNIFTY02JAN2420800CE.NFO,02/01/2024,09:56:59,525,526.3,280,530.85,320,0,1640
FINNIFTY02JAN2420800CE.NFO,02/01/2024,09:57:01,525,525.05,400,529.3,200,0,1640
FINNIFTY02JAN2420800CE.NFO,02/01/2024,09:57:03,525,521,520,523.85,200,0,1640
FINNIFTY02JAN2420800CE.NFO,02/01/2024,09:57:04,525,516.55,200,520.2,200,0,1640
FINNIFTY02JAN2420800CE.NFO,02/01/2024,09:57:06,525,512.75,40,517.85,1920,0,1640
FINNIFTY02JAN2420800CE.NFO,02/01/2024,09:57:07,525,510,560,512.75,200,0,1640
FINNIFTY02JAN2420800CE.NFO,02/01/2024,09:57:09,503.8,505.05,200,508.5,200,40,1640
FINNIFTY02JAN2420800CE.NFO,02/01/2024,09:57:09,503.8,505.05,200,508.5,200,0,1640
FINNIFTY02JAN2420800CE.NFO,02/01/2024,09:57:11,503.8,501.6,80,509.75,120,0,1640
FINNIFTY02JAN2420800CE.NFO,02/01/2024,09:57:12,503.8,497.25,400,501.85,480,0,1640
FINNIFTY02JAN2420800CE.NFO,02/01/2024,09:57:14,491.7,490.5,200,492.85,200,80,1640
FINNIFTY02JAN2420800CE.NFO,02/01/2024,09:57:14,491.7,490.5,200,492.85,200,0,1640
FINNIFTY02JAN2420800CE.NFO,02/01/2024,09:57:16,491.7,483.75,4800,490.55,120,0,1640
FINNIFTY02JAN2420800CE.NFO,02/01/2024,09:57:17,491.7,482.5,560,486.85,600,0,1640
FINNIFTY02JAN2420800CE.NFO,02/01/2024,09:57:19,491.7,483.7,40,493.45,80,0,1640
FINNIFTY02JAN2420800CE.NFO,02/01/2024,09:57:21,491.7,500.05,600,503.9,440,0,1640
FINNIFTY02JAN2420800CE.NFO,02/01/2024,09:57:22,491.7,494,1160,500,560,0,1640
FINNIFTY02JAN2420800CE.NFO,02/01/2024,09:57:24,491.7,492,560,494.75,200,0,1640
FINNIFTY02JAN2420800CE.NFO,02/01/2024,09:57:26,491.7,491,600,495.45,280,0,1640
FINNIFTY02JAN2420800CE.NFO,02/01/2024,09:57:27,491.7,488.15,120,490.75,160,0,1640
FINNIFTY02JAN2420800CE.NFO,02/01/2024,09:57:29,491.7,485.05,40,491.5,640,0,1640
FINNIFTY02JAN2420800CE.NFO,02/01/2024,09:57:31,491.7,494.7,400,499.3,40,0,1640
FINNIFTY02JAN2420800CE.NFO,02/01/2024,09:57:32,491.7,503.6,1000,512.5,480,0,1640
FINNIFTY02JAN2420800CE.NFO,02/01/2024,09:57:34,491.7,503.85,6000,510.9,560,0,1640
FINNIFTY02JAN2420800CE.NFO,02/01/2024,09:57:36,491.7,508.4,200,512.75,320,0,1640
FINNIFTY02JAN2420800CE.NFO,02/01/2024,09:57:37,491.7,509.05,120,516.75,400,0,1640
FINNIFTY02JAN2420800CE.NFO,02/01/2024,09:57:39,491.7,511.25,360,516.45,200,0,1640
FINNIFTY02JAN2420800CE.NFO,02/01/2024,09:57:41,491.7,514.3,480,518.95,40,0,1640
FINNIFTY02JAN2420800CE.NFO,02/01/2024,09:57:42,491.7,513.3,600,518.85,960,0,1640
FINNIFTY02JAN2420800CE.NFO,02/01/2024,09:57:44,491.7,514.5,360,519.2,360,0,1640
FINNIFTY02JAN2420800CE.NFO,02/01/2024,09:57:46,491.7,512.25,80,516.4,200,0,1640
FINNIFTY02JAN2420800CE.NFO,02/01/2024,09:57:47,491.7,508.2,160,513.8,480,0,1640
FINNIFTY02JAN2420800CE.NFO,02/01/2024,09:57:49,491.7,512.4,320,516.25,3360,0,1640
FINNIFTY02JAN2420800CE.NFO,02/01/2024,09:57:51,491.7,516.3,360,519.35,120,0,1640
FINNIFTY02JAN2420800CE.NFO,02/01/2024,09:57:52,491.7,523.15,320,527.75,40,0,1640
FINNIFTY02JAN2420800CE.NFO,02/01/2024,09:57:54,491.7,524.55,240,528.95,160,0,1640
FINNIFTY02JAN2420800CE.NFO,02/01/2024,09:57:56,491.7,520.3,760,524.15,40,0,1640
FINNIFTY02JAN2420800CE.NFO,02/01/2024,09:57:57,491.7,514.35,1200,521.3,400,0,1640
FINNIFTY02JAN2420800CE.NFO,02/01/2024,09:57:59,491.7,514.65,240,519.5,240,0,1640
FINNIFTY02JAN2420800CE.NFO,02/01/2024,09:58:01,491.7,517.4,400,521.05,40,0,1640
FINNIFTY02JAN2420800CE.NFO,02/01/2024,09:58:02,491.7,512.05,120,516.8,120,0,1640
FINNIFTY02JAN2420800CE.NFO,02/01/2024,09:58:04,491.7,510.5,40,514.55,2000,0,1640
FINNIFTY02JAN2420800CE.NFO,02/01/2024,09:58:06,491.7,511.05,240,514.4,440,0,1640
FINNIFTY02JAN2420800CE.NFO,02/01/2024,09:58:08,491.7,510.3,40,514.85,360,0,1640
FINNIFTY02JAN2420800CE.NFO,02/01/2024,09:58:09,491.7,513.25,120,516.3,360,0,1640
FINNIFTY02JAN2420800CE.NFO,02/01/2024,09:58:11,491.7,511,600,514.45,280,0,1640
FINNIFTY02JAN2420800CE.NFO,02/01/2024,09:58:13,504.05,503.25,240,507.9,200,80,1640
FINNIFTY02JAN2420800CE.NFO,02/01/2024,09:58:14,503.45,504.3,80,507.05,200,80,1640
FINNIFTY02JAN2420800CE.NFO,02/01/2024,09:58:16,503.45,502.8,200,505.55,680,0,1640
FINNIFTY02JAN2420800CE.NFO,02/01/2024,09:58:18,503.45,503.65,480,509.8,480,0,1640
FINNIFTY02JAN2420800CE.NFO,02/01/2024,09:58:19,503.45,502.2,200,505.95,240,0,1640
FINNIFTY02JAN2420800CE.NFO,02/01/2024,09:58:21,501.05,498.75,200,501.4,120,80,1640
FINNIFTY02JAN2420800CE.NFO,02/01/2024,09:58:23,501.05,496,40,499.65,200,0,1640
FINNIFTY02JAN2420800CE.NFO,02/01/2024,09:58:24,501.05,471.15,40,493.5,600,0,1640
FINNIFTY02JAN2420800CE.NFO,02/01/2024,09:58:26,501.05,488.75,200,491.25,80,0,1640
FINNIFTY02JAN2420800CE.NFO,02/01/2024,09:58:28,501.05,488.3,40,490.95,240,0,1640
FINNIFTY02JAN2420800CE.NFO,02/01/2024,09:58:29,501.05,485.7,200,488.9,80,0,1640
FINNIFTY02JAN2420800CE.NFO,02/01/2024,09:58:31,501.05,484.9,40,488.05,120,0,1640
FINNIFTY02JAN2420800CE.NFO,02/01/2024,09:58:32,501.05,487.85,1240,491.8,80,0,1640
FINNIFTY02JAN2420800CE.NFO,02/01/2024,09:58:34,501.05,493.8,160,497.2,240,0,1640
FINNIFTY02JAN2420800CE.NFO,02/01/2024,09:58:36,501.05,497.55,240,501.6,200,0,1640
FINNIFTY02JAN2420800CE.NFO,02/01/2024,09:58:37,500.3,499.05,200,501.6,160,120,1640
FINNIFTY02JAN2420800CE.NFO,02/01/2024,09:58:39,500.3,498.6,240,502.6,200,0,1640
FINNIFTY02JAN2420800CE.NFO,02/01/2024,09:58:41,500.3,502.8,40,505.5,200,0,1640
FINNIFTY02JAN2420800CE.NFO,02/01/2024,09:58:42,500.3,506.3,40,508.6,160,0,1640
FINNIFTY02JAN2420800CE.NFO,02/01/2024,09:58:44,500.3,504.35,120,507.25,1200,0,1640
FINNIFTY02JAN2420800CE.NFO,02/01/2024,09:58:46,500.3,497.9,160,500.45,200,0,1640
FINNIFTY02JAN2420800CE.NFO,02/01/2024,09:58:47,500.3,500.4,200,502.95,80,0,1640
FINNIFTY02JAN2420800CE.NFO,02/01/2024,09:58:49,500.3,502.4,40,505.1,480,0,1640
FINNIFTY02JAN2420800CE.NFO,02/01/2024,09:58:51,500.3,501.5,120,504.3,800,0,1640
FINNIFTY02JAN2420800CE.NFO,02/01/2024,09:58:52,500.3,504.75,40,508.15,600,0,1640
FINNIFTY02JAN2420800CE.NFO,02/01/2024,09:58:54,500.3,507.4,360,510.5,960,0,1640
FINNIFTY02JAN2420800CE.NFO,02/01/2024,09:58:56,500.3,508.75,760,511.85,160,0,1640
FINNIFTY02JAN2420800CE.NFO,02/01/2024,09:58:57,500.3,510.25,640,513.05,200,0,1640
FINNIFTY02JAN2420800CE.NFO,02/01/2024,09:58:59,500.3,506.4,240,509.9,680,0,1640
FINNIFTY02JAN2420800CE.NFO,02/01/2024,09:59:01,500.3,507.3,920,511,1000,0,1640
FINNIFTY02JAN2420800CE.NFO,02/01/2024,09:59:02,500.3,508.25,120,511.3,200,0,1640
FINNIFTY02JAN2420800CE.NFO,02/01/2024,09:59:04,500.3,507.85,360,510.95,240,0,1640
FINNIFTY02JAN2420800CE.NFO,02/01/2024,09:59:06,500.3,505.7,360,509.45,80,0,1640
FINNIFTY02JAN2420800CE.NFO,02/01/2024,09:59:07,500.3,503.35,120,507.8,360,0,1640
FINNIFTY02JAN2420800CE.NFO,02/01/2024,09:59:09,500.3,500.35,120,503.7,240,0,1640
FINNIFTY02JAN2420800CE.NFO,02/01/2024,09:59:11,500.3,499.45,200,502.65,160,0,1640
FINNIFTY02JAN2420800CE.NFO,02/01/2024,09:59:12,500.3,496.25,360,500.65,360,0,1640
FINNIFTY02JAN2420800CE.NFO,02/01/2024,09:59:14,500.3,495.1,120,498.05,80,0,1640
FINNIFTY02JAN2420800CE.NFO,02/01/2024,09:59:16,500.3,496.15,1200,498.95,120,0,1640
FINNIFTY02JAN2420800CE.NFO,02/01/2024,09:59:17,500.3,498,760,501.95,80,0,1640
FINNIFTY02JAN2420800CE.NFO,02/01/2024,09:59:19,500.3,495.85,40,499.2,240,0,1640
FINNIFTY02JAN2420800CE.NFO,02/01/2024,09:59:21,500.3,498.35,200,501.1,920,0,1640
FINNIFTY02JAN2420800CE.NFO,02/01/2024,09:59:22,500.3,496.65,120,499.5,360,0,1640
FINNIFTY02JAN2420800CE.NFO,02/01/2024,09:59:24,500.3,495.6,120,498.05,80,0,1640
FINNIFTY02JAN2420800CE.NFO,02/01/2024,09:59:26,500.3,491.05,120,493.4,120,0,1640
FINNIFTY02JAN2420800CE.NFO,02/01/2024,09:59:27,500.3,491.55,40,495.75,560,0,1640
FINNIFTY02JAN2420800CE.NFO,02/01/2024,09:59:29,500.3,494.35,240,497.6,200,0,1640
FINNIFTY02JAN2420800CE.NFO,02/01/2024,09:59:30,500.3,493.3,240,497.3,40,0,1640
FINNIFTY02JAN2420800CE.NFO,02/01/2024,09:59:32,500.3,494.5,120,497.8,120,0,1640
FINNIFTY02JAN2420800CE.NFO,02/01/2024,09:59:34,500.3,498.35,640,502.95,80,0,1640
FINNIFTY02JAN2420800CE.NFO,02/01/2024,09:59:35,500.3,498.6,40,501.85,120,0,1640
FINNIFTY02JAN2420800CE.NFO,02/01/2024,09:59:37,500.3,500.45,40,503.45,200,0,1640
FINNIFTY02JAN2420800CE.NFO,02/01/2024,09:59:39,500.3,504.65,120,508.1,40,0,1640
FINNIFTY02JAN2420800CE.NFO,02/01/2024,09:59:40,500.3,509.15,120,512.1,40,0,1640
FINNIFTY02JAN2420800CE.NFO,02/01/2024,09:59:42,500.3,508,600,512.35,3080,0,1640
FINNIFTY02JAN2420800CE.NFO,02/01/2024,09:59:44,500.3,510.05,240,513.7,4000,0,1640
FINNIFTY02JAN2420800CE.NFO,02/01/2024,09:59:45,500.3,512.05,120,516.15,360,0,1640
FINNIFTY02JAN2420800CE.NFO,02/01/2024,09:59:47,500.3,513.2,320,517.15,280,0,1640
FINNIFTY02JAN2420800CE.NFO,02/01/2024,09:59:49,500.3,512.1,320,515.3,40,0,1640
FINNIFTY02JAN2420800CE.NFO,02/01/2024,09:59:50,500.3,515,600,518.6,40,0,1640
FINNIFTY02JAN2420800CE.NFO,02/01/2024,09:59:52,500.3,512.2,120,515.15,440,0,1640
FINNIFTY02JAN2420800CE.NFO,02/01/2024,09:59:54,500.3,513,120,515.55,40,0,1640
FINNIFTY02JAN2420800CE.NFO,02/01/2024,09:59:55,500.3,507.1,80,514,600,0,1640
FINNIFTY02JAN2420800CE.NFO,02/01/2024,09:59:57,500.3,508.3,120,512.85,560,0,1640
FINNIFTY02JAN2420800CE.NFO,02/01/2024,09:59:59,500.3,507.65,120,510.7,40,0,1640
FINNIFTY02JAN2420800CE.NFO,02/01/2024,10:00:00,500.3,508.15,120,511.9,360,0,1640
FINNIFTY02JAN2420800CE.NFO,02/01/2024,10:00:02,500.3,504.3,280,508.6,400,0,1640
FINNIFTY02JAN2420800CE.NFO,02/01/2024,10:00:04,500.3,509.15,200,511.7,40,0,1640
FINNIFTY02JAN2420800CE.NFO,02/01/2024,10:00:05,500.3,505.1,40,509.15,200,0,1640
FINNIFTY02JAN2420800CE.NFO,02/01/2024,10:00:07,500.3,505.5,200,508.05,80,0,1640
FINNIFTY02JAN2420800CE.NFO,02/01/2024,10:00:09,500.3,506.2,240,508.6,80,0,1640
FINNIFTY02JAN2420800CE.NFO,02/01/2024,10:00:10,500.3,505.35,40,508.85,200,0,1640
FINNIFTY02JAN2420800CE.NFO,02/01/2024,10:00:12,500.3,505.3,40,508.85,6560,0,1640
FINNIFTY02JAN2420800CE.NFO,02/01/2024,10:00:14,500.3,505.3,360,507.8,80,0,1640
FINNIFTY02JAN2420800CE.NFO,02/01/2024,10:00:15,500.3,506.6,120,508.95,200,0,1640
FINNIFTY02JAN2420800CE.NFO,02/01/2024,10:00:17,500.3,506.35,120,508.85,600,0,1640
FINNIFTY02JAN2420800CE.NFO,02/01/2024,10:00:19,500.3,508.2,480,511.75,40,0,1640
FINNIFTY02JAN2420800CE.NFO,02/01/2024,10:00:20,500.3,513,600,517.9,160,0,1640
FINNIFTY02JAN2420800CE.NFO,02/01/2024,10:00:22,500.3,515.15,160,520.75,160,0,1640
FINNIFTY02JAN2420800CE.NFO,02/01/2024,10:00:24,500.3,517.55,200,521.5,200,0,1640
FINNIFTY02JAN2420800CE.NFO,02/01/2024,10:00:26,500.3,518.9,880,522.2,960,0,1640
FINNIFTY02JAN2420800CE.NFO,02/01/2024,10:00:27,500.3,521.85,200,525.6,40,0,1640
FINNIFTY02JAN2420800CE.NFO,02/01/2024,10:00:29,500.3,524.65,160,527.6,240,0,1640
FINNIFTY02JAN2420800CE.NFO,02/01/2024,10:00:31,500.3,522.1,120,524.65,320,0,1640
FINNIFTY02JAN2420800CE.NFO,02/01/2024,10:00:32,500.3,518.75,600,522.7,1200,0,1640
FINNIFTY02JAN2420800CE.NFO,02/01/2024,10:00:34,500.3,518.25,40,520.9,240,0,1640
FINNIFTY02JAN2420800CE.NFO,02/01/2024,10:00:36,500.3,518.85,200,522.6,200,0,1640
FINNIFTY02JAN2420800CE.NFO,02/01/2024,10:00:37,500.3,516.25,40,520.6,360,0,1640
FINNIFTY02JAN2420800CE.NFO,02/01/2024,10:00:39,500.3,515.25,40,518.65,240,0,1640
FINNIFTY02JAN2420800CE.NFO,02/01/2024,10:00:41,500.3,512.1,240,515.75,80,0,1640
FINNIFTY02JAN2420800CE.NFO,02/01/2024,10:00:42,500.3,515.35,80,518.25,80,0,1640
FINNIFTY02JAN2420800CE.NFO,02/01/2024,10:00:44,500.3,514.55,40,517.6,360,0,1640
FINNIFTY02JAN2420800CE.NFO,02/01/2024,10:00:46,500.3,505.6,40,509.4,1240,0,1640
FINNIFTY02JAN2420800CE.NFO,02/01/2024,10:00:47,500.3,508.15,200,511.5,40,0,1640
FINNIFTY02JAN2420800CE.NFO,02/01/2024,10:00:49,500.3,508.2,440,511.45,360,0,1640
FINNIFTY02JAN2420800CE.NFO,02/01/2024,10:00:51,500.3,507,120,509.65,200,0,1640
FINNIFTY02JAN2420800CE.NFO,02/01/2024,10:00:52,500.3,504.4,360,508.2,40,0,1640
FINNIFTY02JAN2420800CE.NFO,02/01/2024,10:00:54,500.3,507.8,680,511,40,0,1640
FINNIFTY02JAN2420800CE.NFO,02/01/2024,10:00:56,500.3,509.25,40,512.75,680,0,1640
FINNIFTY02JAN2420800CE.NFO,02/01/2024,10:00:57,500.3,508.05,160,510.8,200,0,1640
FINNIFTY02JAN2420800CE.NFO,02/01/2024,10:00:59,500.3,507.65,40,509.85,80,0,1640
FINNIFTY02JAN2420800CE.NFO,02/01/2024,10:01:01,500.3,507.3,360,513.65,40,0,1640
FINNIFTY02JAN2420800CE.NFO,02/01/2024,10:01:02,500.3,506.8,120,509.25,600,0,1640
FINNIFTY02JAN2420800CE.NFO,02/01/2024,10:01:04,500.3,508.1,120,510.95,360,0,1640
FINNIFTY02JAN2420800CE.NFO,02/01/2024,10:01:06,500.3,508.85,120,511.45,120,0,1640
FINNIFTY02JAN2420800CE.NFO,02/01/2024,10:01:07,500.3,510.1,240,513.15,40,0,1640
FINNIFTY02JAN2420800CE.NFO,02/01/2024,10:01:09,500.3,513.7,120,516.4,600,0,1640
FINNIFTY02JAN2420800CE.NFO,02/01/2024,10:01:11,500.3,511.5,120,514.85,200,0,1640
FINNIFTY02JAN2420800CE.NFO,02/01/2024,10:01:12,500.3,511.7,160,513.95,200,0,1640
FINNIFTY02JAN2420800CE.NFO,02/01/2024,10:01:14,500.3,513.45,120,517,40,0,1640
FINNIFTY02JAN2420800CE.NFO,02/01/2024,10:01:16,500.3,512.55,200,515.7,160,0,1640
FINNIFTY02JAN2420800CE.NFO,02/01/2024,10:01:17,500.3,514.8,80,517.9,920,0,1640
FINNIFTY02JAN2420800CE.NFO,02/01/2024,10:01:19,500.3,517.95,360,521.75,120,0,1640
FINNIFTY02JAN2420800CE.NFO,02/01/2024,10:01:21,500.3,520.55,200,525.65,40,0,1640
FINNIFTY02JAN2420800CE.NFO,02/01/2024,10:01:22,500.3,521.45,200,523.9,120,0,1640
FINNIFTY02JAN2420800CE.NFO,02/01/2024,10:01:24,500.3,524.35,40,528.05,40,0,1640
FINNIFTY02JAN2420800CE.NFO,02/01/2024,10:01:26,528.2,527.1,40,529.2,120,40,1640
FINNIFTY02JAN2420800CE.NFO,02/01/2024,10:01:27,528.2,525.15,200,527.5,40,0,1640
FINNIFTY02JAN2420800CE.NFO,02/01/2024,10:01:29,528.2,527.75,120,529.8,40,0,1640
FINNIFTY02JAN2420800CE.NFO,02/01/2024,10:01:31,528.2,523.7,40,526.05,80,0,1640
FINNIFTY02JAN2420800CE.NFO,02/01/2024,10:01:32,528.2,523.25,40,525.95,640,0,1640
FINNIFTY02JAN2420800CE.NFO,02/01/2024,10:01:34,528.2,521.3,120,523.6,200,0,1640
FINNIFTY02JAN2420800CE.NFO,02/01/2024,10:01:36,528.2,521.4,120,523.55,80,0,1640
FINNIFTY02JAN2420800CE.NFO,02/01/2024,10:01:37,528.2,523.35,80,525.9,80,0,1640
FINNIFTY02JAN2420800CE.NFO,02/01/2024,10:01:39,528.2,524.25,120,526.6,80,0,1640
FINNIFTY02JAN2420800CE.NFO,02/01/2024,10:01:41,528.2,523.9,120,526.15,120,0,1640
FINNIFTY02JAN2420800CE.NFO,02/01/2024,10:01:42,528.2,525.7,40,528.75,40,0,1640
FINNIFTY02JAN2420800CE.NFO,02/01/2024,10:01:44,528.2,523.35,240,526.3,40,0,1640
FINNIFTY02JAN2420800CE.NFO,02/01/2024,10:01:46,528.2,524.9,120,527.2,160,0,1640
FINNIFTY02JAN2420800CE.NFO,02/01/2024,10:01:47,528.2,528.35,40,530.55,80,0,1640
FINNIFTY02JAN2420800CE.NFO,02/01/2024,10:01:49,528.2,529.25,120,532.1,360,0,1640
FINNIFTY02JAN2420800CE.NFO,02/01/2024,10:01:51,528.2,525.2,40,527.75,120,0,1640
FINNIFTY02JAN2420800CE.NFO,02/01/2024,10:01:52,528.2,528,120,530.65,400,0,1640
FINNIFTY02JAN2420800CE.NFO,02/01/2024,10:01:54,528.2,528.05,40,530,120,0,1640
FINNIFTY02JAN2420800CE.NFO,02/01/2024,10:01:56,528.2,525.35,40,527.15,80,0,1640
FINNIFTY02JAN2420800CE.NFO,02/01/2024,10:01:57,528.2,525.9,40,527.85,40,0,1640
FINNIFTY02JAN2420800CE.NFO,02/01/2024,10:01:59,528.2,522.7,40,524.75,200,0,1640
FINNIFTY02JAN2420800CE.NFO,02/01/2024,10:02:01,528.2,522.4,200,525.55,120,0,1640
FINNIFTY02JAN2420800CE.NFO,02/01/2024,10:02:02,528.2,524.7,200,527.85,240,0,1640
FINNIFTY02JAN2420800CE.NFO,02/01/2024,10:02:04,528.2,526.25,120,528.55,160,0,1640
FINNIFTY02JAN2420800CE.NFO,02/01/2024,10:02:06,528.2,526.05,40,528.55,40,0,1640
FINNIFTY02JAN2420800CE.NFO,02/01/2024,10:02:07,528.2,528.8,200,532.65,440,0,1640
FINNIFTY02JAN2420800CE.NFO,02/01/2024,10:02:09,528.2,533,920,536.4,240,0,1640
FINNIFTY02JAN2420800CE.NFO,02/01/2024,10:02:11,528.2,531.9,40,535.8,200,0,1640
FINNIFTY02JAN2420800CE.NFO,02/01/2024,10:02:12,528.2,533.25,600,536.7,280,0,1640
FINNIFTY02JAN2420800CE.NFO,02/01/2024,10:02:14,528.2,533.45,320,536.35,160,0,1640
FINNIFTY02JAN2420800CE.NFO,02/01/2024,10:02:16,528.2,535.2,120,538.8,9200,0,1640
FINNIFTY02JAN2420800CE.NFO,02/01/2024,10:02:17,528.2,531.45,120,534.15,400,0,1640
FINNIFTY02JAN2420800CE.NFO,02/01/2024,10:02:19,528.2,529.65,40,531.7,120,0,1640
FINNIFTY02JAN2420800CE.NFO,02/01/2024,10:02:21,528.2,526.85,120,529.15,360,0,1640
FINNIFTY02JAN2420800CE.NFO,02/01/2024,10:02:22,528.2,527.95,40,530.85,240,0,1640
FINNIFTY02JAN2420800CE.NFO,02/01/2024,10:02:24,528.2,528.8,120,531.1,160,0,1640
FINNIFTY02JAN2420800CE.NFO,02/01/2024,10:02:26,528.2,526.95,40,529.15,200,0,1640
FINNIFTY02JAN2420800CE.NFO,02/01/2024,10:02:27,528.2,527.15,40,529.3,120,0,1640
FINNIFTY02JAN2420800CE.NFO,02/01/2024,10:02:29,528.2,527.25,200,529.7,160,0,1640
FINNIFTY02JAN2420800CE.NFO,02/01/2024,10:02:31,528.2,527.95,200,530.6,280,0,1640
FINNIFTY02JAN2420800CE.NFO,02/01/2024,10:02:32,528.2,528.35,200,531.5,200,0,1640
FINNIFTY02JAN2420800CE.NFO,02/01/2024,10:02:34,528.2,529.2,40,531.6,120,0,1640
FINNIFTY02JAN2420800CE.NFO,02/01/2024,10:02:36,528.2,532.6,400,535.45,120,0,1640
FINNIFTY02JAN2420800CE.NFO,02/01/2024,10:02:37,528.2,532.55,40,534.75,200,0,1640
FINNIFTY02JAN2420800CE.NFO,02/01/2024,10:02:39,528.2,533.05,120,535.55,80,0,1640
FINNIFTY02JAN2420800CE.NFO,02/01/2024,10:02:41,528.2,534.7,240,537.35,80,0,1640
FINNIFTY02JAN2420800CE.NFO,02/01/2024,10:02:42,528.2,532.45,200,535.35,40,0,1640
FINNIFTY02JAN2420800CE.NFO,02/01/2024,10:02:44,528.2,533.2,200,535.75,200,0,1640
FINNIFTY02JAN2420800CE.NFO,02/01/2024,10:02:46,528.2,533.85,40,535.85,240,0,1640
FINNIFTY02JAN2420800CE.NFO,02/01/2024,10:02:47,528.2,532.75,40,534.65,80,0,1640
FINNIFTY02JAN2420800CE.NFO,02/01/2024,10:02:49,528.2,530.45,240,533.4,120,0,1640
FINNIFTY02JAN2420800CE.NFO,02/01/2024,10:02:51,528.2,531.2,120,533.45,120,0,1640
FINNIFTY02JAN2420800CE.NFO,02/01/2024,10:02:52,528.2,532.2,40,535.5,320,0,1640
FINNIFTY02JAN2420800CE.NFO,02/01/2024,10:02:54,528.2,535,1160,537.65,160,0,1640
FINNIFTY02JAN2420800CE.NFO,02/01/2024,10:02:56,528.2,538.05,80,541.9,40,0,1640
FINNIFTY02JAN2420800CE.NFO,02/01/2024,10:02:57,528.2,538.85,40,541.45,40,0,1640
FINNIFTY02JAN2420800CE.NFO,02/01/2024,10:02:59,528.2,538.45,40,540.5,320,0,1640
FINNIFTY02JAN2420800CE.NFO,02/01/2024,10:03:01,528.2,538.2,400,541.05,120,0,1640
FINNIFTY02JAN2420800CE.NFO,02/01/2024,10:03:02,528.2,539.9,200,542.6,400,0,1640
FINNIFTY02JAN2420800CE.NFO,02/01/2024,10:03:04,528.2,538.5,40,540.8,120,0,1640
FINNIFTY02JAN2420800CE.NFO,02/01/2024,10:03:06,528.2,536.4,160,539.4,1120,0,1640
FINNIFTY02JAN2420800CE.NFO,02/01/2024,10:03:07,528.2,529.65,240,537.5,80,0,1640
FINNIFTY02JAN2420800CE.NFO,02/01/2024,10:03:09,528.2,537,120,540.15,200,0,1640
FINNIFTY02JAN2420800CE.NFO,02/01/2024,10:03:11,528.2,538.25,40,540.35,120,0,1640
FINNIFTY02JAN2420800CE.NFO,02/01/2024,10:03:12,547.2,544.35,40,547.7,1440,280,1680
FINNIFTY02JAN2420800CE.NFO,02/01/2024,10:03:14,547.2,543.25,40,546.15,120,0,1680
FINNIFTY02JAN2420800CE.NFO,02/01/2024,10:03:16,547.2,544.3,40,550.4,2760,0,1680
FINNIFTY02JAN2420800CE.NFO,02/01/2024,10:03:17,547.2,547.95,120,550.9,80,0,1680
FINNIFTY02JAN2420800CE.NFO,02/01/2024,10:03:19,547.2,547.05,40,550.2,120,0,1680
FINNIFTY02JAN2420800CE.NFO,02/01/2024,10:03:21,547.2,545.65,40,548.5,40,0,1680
FINNIFTY02JAN2420800CE.NFO,02/01/2024,10:03:22,547.2,542.1,80,544.85,40,0,1680
FINNIFTY02JAN2420800CE.NFO,02/01/2024,10:03:24,547.2,542.5,120,545.05,80,0,1680
FINNIFTY02JAN2420800CE.NFO,02/01/2024,10:03:26,547.2,544.3,1320,547.85,200,0,1680
FINNIFTY02JAN2420800CE.NFO,02/01/2024,10:03:27,547.2,543.5,40,545.8,120,0,1680
FINNIFTY02JAN2420800CE.NFO,02/01/2024,10:03:29,547.2,545.05,40,547.55,120,0,1680
FINNIFTY02JAN2420800CE.NFO,02/01/2024,10:03:31,547.2,544.2,40,547.45,120,0,1680
FINNIFTY02JAN2420800CE.NFO,02/01/2024,10:03:32,547.2,543,40,544.95,80,0,1680
FINNIFTY02JAN2420800CE.NFO,02/01/2024,10:03:34,547.2,540.95,40,543.65,40,0,1680
FINNIFTY02JAN2420800CE.NFO,02/01/2024,10:03:36,547.2,540.45,80,543.25,40,0,1680
FINNIFTY02JAN2420800CE.NFO,02/01/2024,10:03:37,547.2,540.5,40,543,40,0,1680
FINNIFTY02JAN2420800CE.NFO,02/01/2024,10:03:39,547.2,538.95,40,541.5,240,0,1680
FINNIFTY02JAN2420800CE.NFO,02/01/2024,10:03:41,547.2,536.95,40,539.5,120,0,1680
FINNIFTY02JAN2420800CE.NFO,02/01/2024,10:03:42,547.2,539.35,40,542.85,160,0,1680
FINNIFTY02JAN2420800CE.NFO,02/01/2024,10:03:44,547.2,538.6,120,540.95,200,0,1680
FINNIFTY02JAN2420800CE.NFO,02/01/2024,10:03:46,547.2,538.2,120,540.4,40,0,1680
FINNIFTY02JAN2420800CE.NFO,02/01/2024,10:03:47,547.2,535.75,240,539.35,160,0,1680
FINNIFTY02JAN2420800CE.NFO,02/01/2024,10:03:49,547.2,537.2,120,539.8,240,0,1680
FINNIFTY02JAN2420800CE.NFO,02/01/2024,10:03:51,547.2,538.3,160,540.5,120,0,1680
FINNIFTY02JAN2420800CE.NFO,02/01/2024,10:03:52,547.2,539.55,280,543.8,200,0,1680
FINNIFTY02JAN2420800CE.NFO,02/01/2024,10:03:54,547.2,540.35,40,542.5,120,0,1680
FINNIFTY02JAN2420800CE.NFO,02/01/2024,10:03:56,547.2,541.1,240,543.55,200,0,1680
FINNIFTY02JAN2420800CE.NFO,02/01/2024,10:03:57,547.2,541.55,120,543.7,80,0,1680
FINNIFTY02JAN2420800CE.NFO,02/01/2024,10:03:59,547.2,540.8,160,543.95,3040,0,1680
FINNIFTY02JAN2420800CE.NFO,02/01/2024,10:04:01,547.2,544.5,120,547.05,120,0,1680
FINNIFTY02JAN2420800CE.NFO,02/01/2024,10:04:02,547.2,546.4,120,549.1,120,0,1680
FINNIFTY02JAN2420800CE.NFO,02/01/2024,10:04:04,547.2,548.05,120,550.75,80,0,1680
FINNIFTY02JAN2420800CE.NFO,02/01/2024,10:04:06,547.2,548.7,120,550.95,160,0,1680
FINNIFTY02JAN2420800CE.NFO,02/01/2024,10:04:07,547.2,548.5,40,551.1,120,0,1680
FINNIFTY02JAN2420800CE.NFO,02/01/2024,10:04:09,547.2,550.35,40,553.95,280,0,1680
FINNIFTY02JAN2420800CE.NFO,02/01/2024,10:04:11,547.2,552.9,120,555.4,120,0,1680
FINNIFTY02JAN2420800CE.NFO,02/01/2024,10:04:12,547.2,553.75,120,557,560,0,1680
FINNIFTY02JAN2420800CE.NFO,02/01/2024,10:04:14,547.2,555.6,120,558.25,120,0,1680
FINNIFTY02JAN2420800CE.NFO,02/01/2024,10:04:16,547.2,555.75,80,558.4,160,0,1680
FINNIFTY02JAN2420800CE.NFO,02/01/2024,10:04:17,547.2,552.2,280,555.55,40,0,1680
FINNIFTY02JAN2420800CE.NFO,02/01/2024,10:04:19,547.2,551.55,400,554.4,160,0,1680
FINNIFTY02JAN2420800CE.NFO,02/01/2024,10:04:21,547.2,552.35,80,555.5,1120,0,1680
FINNIFTY02JAN2420800CE.NFO,02/01/2024,10:04:22,547.2,555.85,40,558.55,120,0,1680
FINNIFTY02JAN2420800CE.NFO,02/01/2024,10:04:24,547.2,553.45,360,556.55,120,0,1680
FINNIFTY02JAN2420800CE.NFO,02/01/2024,10:04:26,547.2,553.65,40,556.25,200,0,1680
FINNIFTY02JAN2420800CE.NFO,02/01/2024,10:04:27,547.2,553.95,80,556.85,200,0,1680
FINNIFTY02JAN2420800CE.NFO,02/01/2024,10:04:29,547.2,554.7,120,556.95,200,0,1680
FINNIFTY02JAN2420800CE.NFO,02/01/2024,10:04:31,547.2,554.35,160,556.85,120,0,1680
FINNIFTY02JAN2420800CE.NFO,02/01/2024,10:04:32,547.2,555.55,40,559.45,200,0,1680
FINNIFTY02JAN2420800CE.NFO,02/01/2024,10:04:34,547.2,560,560,566,560,0,1680
FINNIFTY02JAN2420800CE.NFO,02/01/2024,10:04:36,547.2,563.15,1440,567.75,1320,0,1680
FINNIFTY02JAN2420800CE.NFO,02/01/2024,10:04:37,547.2,563,360,566.3,240,0,1680
FINNIFTY02JAN2420800CE.NFO,02/01/2024,10:04:39,547.2,563.9,40,567.6,120,0,1680
FINNIFTY02JAN2420800CE.NFO,02/01/2024,10:04:41,547.2,561.15,40,563.9,160,0,1680
FINNIFTY02JAN2420800CE.NFO,02/01/2024,10:04:42,547.2,558.1,120,560.6,80,0,1680
FINNIFTY02JAN2420800CE.NFO,02/01/2024,10:04:44,547.2,557.2,120,560.2,120,0,1680
FINNIFTY02JAN2420800CE.NFO,02/01/2024,10:04:46,547.2,556.65,160,559.05,40,0,1680
FINNIFTY02JAN2420800CE.NFO,02/01/2024,10:04:47,547.2,555.1,40,557.55,840,0,1680
FINNIFTY02JAN2420800CE.NFO,02/01/2024,10:04:49,547.2,551.7,40,554.7,200,0,1680
FINNIFTY02JAN2420800CE.NFO,02/01/2024,10:04:51,547.2,553.2,40,556.4,520,0,1680
FINNIFTY02JAN2420800CE.NFO,02/01/2024,10:04:52,547.2,555.65,240,558.9,40,0,1680
FINNIFTY02JAN2420800CE.NFO,02/01/2024,10:04:54,547.2,552.7,120,555.05,80,0,1680
FINNIFTY02JAN2420800CE.NFO,02/01/2024,10:04:56,547.2,551.85,120,554.4,80,0,1680
FINNIFTY02JAN2420800CE.NFO,02/01/2024,10:04:57,547.2,552,40,554.35,40,0,1680
FINNIFTY02JAN2420800CE.NFO,02/01/2024,10:04:59,547.2,552.65,240,556.8,40,0,1680
FINNIFTY02JAN2420800CE.NFO,02/01/2024,10:05:01,547.2,558,560,563,560,0,1680
FINNIFTY02JAN2420800CE.NFO,02/01/2024,10:05:02,547.2,557.95,40,561.1,240,0,1680
FINNIFTY02JAN2420800CE.NFO,02/01/2024,10:05:04,547.2,557.35,40,560.1,80,0,1680
FINNIFTY02JAN2420800CE.NFO,02/01/2024,10:05:06,547.2,557.2,40,559.4,120,0,1680
FINNIFTY02JAN2420800CE.NFO,02/01/2024,10:05:07,547.2,556.35,160,559.45,120,0,1680
FINNIFTY02JAN2420800CE.NFO,02/01/2024,10:05:09,547.2,555.7,40,557.6,80,0,1680
FINNIFTY02JAN2420800CE.NFO,02/01/2024,10:05:11,547.2,555.7,80,558.2,200,0,1680
FINNIFTY02JAN2420800CE.NFO,02/01/2024,10:05:12,547.2,556.35,120,559.2,40,0,1680
FINNIFTY02JAN2420800CE.NFO,02/01/2024,10:05:14,547.2,554.45,40,557.65,120,0,1680
FINNIFTY02JAN2420800CE.NFO,02/01/2024,10:05:16,547.2,554.25,120,556.6,240,0,1680
FINNIFTY02JAN2420800CE.NFO,02/01/2024,10:05:17,553.2,553.05,40,555.95,200,40,1680
FINNIFTY02JAN2420800CE.NFO,02/01/2024,10:05:17,553.2,553.05,40,555.95,200,0,1680
FINNIFTY02JAN2420800CE.NFO,02/01/2024,10:05:19,553.2,552.15,40,555,80,0,1680
FINNIFTY02JAN2420800CE.NFO,02/01/2024,10:05:21,553.2,552.4,40,555.85,120,0,1680
FINNIFTY02JAN2420800CE.NFO,02/01/2024,10:05:22,553.2,554.05,40,556.7,240,0,1680
FINNIFTY02JAN2420800CE.NFO,02/01/2024,10:05:24,553.2,551.5,80,554.05,80,0,1680
FINNIFTY02JAN2420800CE.NFO,02/01/2024,10:05:26,553.2,552.9,200,555.15,40,0,1680
FINNIFTY02JAN2420800CE.NFO,02/01/2024,10:05:27,553.2,553.35,40,555.65,40,0,1680
FINNIFTY02JAN2420800CE.NFO,02/01/2024,10:05:29,553.2,555.75,40,558.1,80,0,1680
FINNIFTY02JAN2420800CE.NFO,02/01/2024,10:05:31,553.2,555.85,80,558.45,320,0,1680
FINNIFTY02JAN2420800CE.NFO,02/01/2024,10:05:32,553.2,555.2,40,557.7,120,0,1680
FINNIFTY02JAN2420800CE.NFO,02/01/2024,10:05:34,553.2,555.95,120,558.8,320,0,1680
FINNIFTY02JAN2420800CE.NFO,02/01/2024,10:05:36,553.2,555.15,40,558.6,120,0,1680
FINNIFTY02JAN2420800CE.NFO,02/01/2024,10:05:37,553.2,555.95,40,558.2,480,0,1680
FINNIFTY02JAN2420800CE.NFO,02/01/2024,10:05:39,553.2,556.85,40,559.5,120,0,1680
FINNIFTY02JAN2420800CE.NFO,02/01/2024,10:05:41,553.2,555.8,40,558.05,40,0,1680
FINNIFTY02JAN2420800CE.NFO,02/01/2024,10:05:42,553.2,553.15,200,556.6,520,0,1680
FINNIFTY02JAN2420800CE.NFO,02/01/2024,10:05:44,553.2,553,40,555.4,40,0,1680
FINNIFTY02JAN2420800CE.NFO,02/01/2024,10:05:46,553.2,554.7,40,556.8,80,0,1680
FINNIFTY02JAN2420800CE.NFO,02/01/2024,10:05:47,553.2,553.45,40,555.8,40,0,1680
FINNIFTY02JAN2420800CE.NFO,02/01/2024,10:05:49,553.2,552.6,160,555.05,240,0,1680
FINNIFTY02JAN2420800CE.NFO,02/01/2024,10:05:51,553.2,549.2,40,552,280,0,1680
FINNIFTY02JAN2420800CE.NFO,02/01/2024,10:05:52,553.2,550.1,120,553.55,1560,0,1680
FINNIFTY02JAN2420800CE.NFO,02/01/2024,10:05:54,553.2,550,40,552.15,80,0,1680
FINNIFTY02JAN2420800CE.NFO,02/01/2024,10:05:56,553.2,551.25,120,554.1,200,0,1680
FINNIFTY02JAN2420800CE.NFO,02/01/2024,10:05:57,553.2,552.5,120,556.95,1040,0,1680
FINNIFTY02JAN2420800CE.NFO,02/01/2024,10:05:59,553.2,553.45,40,556,160,0,1680
FINNIFTY02JAN2420800CE.NFO,02/01/2024,10:06:01,553.2,552.15,40,555.5,80,0,1680
FINNIFTY02JAN2420800CE.NFO,02/01/2024,10:06:02,553.2,554.65,40,557.75,200,0,1680
FINNIFTY02JAN2420800CE.NFO,02/01/2024,10:06:04,553.2,557.45,40,559.9,80,0,1680
FINNIFTY02JAN2420800CE.NFO,02/01/2024,10:06:06,553.2,558.7,200,562.05,400,0,1680
FINNIFTY02JAN2420800CE.NFO,02/01/2024,10:06:07,553.2,559.9,80,562.45,240,0,1680
FINNIFTY02JAN2420800CE.NFO,02/01/2024,10:06:09,553.2,562,520,565.55,120,0,1680
FINNIFTY02JAN2420800CE.NFO,02/01/2024,10:06:11,553.2,563.8,80,567.9,40,0,1680
FINNIFTY02JAN2420800CE.NFO,02/01/2024,10:06:12,553.2,564.05,200,567.4,120,0,1680
FINNIFTY02JAN2420800CE.NFO,02/01/2024,10:06:14,553.2,565.45,80,568.85,40,0,1680
FINNIFTY02JAN2420800CE.NFO,02/01/2024,10:06:16,553.2,565.25,40,568.35,80,0,1680
FINNIFTY02JAN2420800CE.NFO,02/01/2024,10:06:17,553.2,565.3,80,568.5,80,0,1680
FINNIFTY02JAN2420800CE.NFO,02/01/2024,10:06:19,553.2,567.35,120,573.3,1760,0,1680
FINNIFTY02JAN2420800CE.NFO,02/01/2024,10:06:21,553.2,572.5,40,577.65,3560,0,1680
FINNIFTY02JAN2420800CE.NFO,02/01/2024,10:06:22,553.2,571.3,40,574.9,80,0,1680
FINNIFTY02JAN2420800CE.NFO,02/01/2024,10:06:24,553.2,571.35,800,574.5,40,0,1680
FINNIFTY02JAN2420800CE.NFO,02/01/2024,10:06:26,553.2,574.55,160,578.85,160,0,1680
FINNIFTY02JAN2420800CE.NFO,02/01/2024,10:06:27,553.2,574.05,40,578,520,0,1680
FINNIFTY02JAN2420800CE.NFO,02/01/2024,10:06:29,553.2,568.8,1560,572.75,120,0,1680
FINNIFTY02JAN2420800CE.NFO,02/01/2024,10:06:31,553.2,569.05,120,572.05,40,0,1680
FINNIFTY02JAN2420800CE.NFO,02/01/2024,10:06:32,553.2,567.45,40,569.95,520,0,1680
FINNIFTY02JAN2420800CE.NFO,02/01/2024,10:06:34,553.2,564.65,80,567.5,80,0,1680
FINNIFTY02JAN2420800CE.NFO,02/01/2024,10:06:36,553.2,566.1,160,572.35,3480,0,1680
FINNIFTY02JAN2420800CE.NFO,02/01/2024,10:06:37,553.2,566.35,40,569.4,240,0,1680
FINNIFTY02JAN2420800CE.NFO,02/01/2024,10:06:39,553.2,567.35,40,570.05,2640,0,1680
FINNIFTY02JAN2420800CE.NFO,02/01/2024,10:06:41,553.2,568.15,120,570.5,40,0,1680
FINNIFTY02JAN2420800CE.NFO,02/01/2024,10:06:43,553.2,565.55,360,569.05,120,0,1680
FINNIFTY02JAN2420800CE.NFO,02/01/2024,10:06:44,553.2,566.05,200,568.55,120,0,1680
FINNIFTY02JAN2420800CE.NFO,02/01/2024,10:06:46,553.2,567.15,40,569.35,40,0,1680
FINNIFTY02JAN2420800CE.NFO,02/01/2024,10:06:48,553.2,568.15,160,570.5,200,0,1680
FINNIFTY02JAN2420800CE.NFO,02/01/2024,10:06:49,553.2,567.25,120,570.25,40,0,1680
FINNIFTY02JAN2420800CE.NFO,02/01/2024,10:06:51,553.2,565.75,40,568.15,40,0,1680
FINNIFTY02JAN2420800CE.NFO,02/01/2024,10:06:53,553.2,565.3,40,568.3,280,0,1680
FINNIFTY02JAN2420800CE.NFO,02/01/2024,10:06:54,553.2,563.3,40,566.5,120,0,1680
FINNIFTY02JAN2420800CE.NFO,02/01/2024,10:06:56,553.2,566.85,120,569.5,200,0,1680
FINNIFTY02JAN2420800CE.NFO,02/01/2024,10:06:58,553.2,566.6,40,569.35,160,0,1680
FINNIFTY02JAN2420800CE.NFO,02/01/2024,10:06:59,553.2,566.4,40,569.3,160,0,1680
FINNIFTY02JAN2420800CE.NFO,02/01/2024,10:07:01,553.2,569.2,40,572.45,200,0,1680
FINNIFTY02JAN2420800CE.NFO,02/01/2024,10:07:03,553.2,569.45,40,572.3,200,0,1680
FINNIFTY02JAN2420800CE.NFO,02/01/2024,10:07:04,553.2,570,520,573.75,80,0,1680
FINNIFTY02JAN2420800CE.NFO,02/01/2024,10:07:06,553.2,574.05,120,577.55,320,0,1680
FINNIFTY02JAN2420800CE.NFO,02/01/2024,10:07:08,553.2,571.75,160,575.3,360,0,1680
FINNIFTY02JAN2420800CE.NFO,02/01/2024,10:07:09,553.2,572.15,40,575.85,40,0,1680
FINNIFTY02JAN2420800CE.NFO,02/01/2024,10:07:11,553.2,576.05,120,591.75,40,0,1680
FINNIFTY02JAN2420800CE.NFO,02/01/2024,10:07:13,580,578.1,360,581.85,360,80,1800
FINNIFTY02JAN2420800CE.NFO,02/01/2024,10:07:13,580,578.1,360,581.85,360,0,1800
FINNIFTY02JAN2420800CE.NFO,02/01/2024,10:07:14,580,576.9,120,581.65,120,0,1800
FINNIFTY02JAN2420800CE.NFO,02/01/2024,10:07:16,580,578.05,200,581.55,80,0,1800
FINNIFTY02JAN2420800CE.NFO,02/01/2024,10:07:18,580,579.25,40,582.9,240,0,1800
FINNIFTY02JAN2420800CE.NFO,02/01/2024,10:07:19,580,578.6,40,581.35,120,0,1800
FINNIFTY02JAN2420800CE.NFO,02/01/2024,10:07:21,580,575.65,360,579.05,40,0,1800
FINNIFTY02JAN2420800CE.NFO,02/01/2024,10:07:23,580,573.35,40,576.4,200,0,1800
FINNIFTY02JAN2420800CE.NFO,02/01/2024,10:07:24,580,574.3,80,576.85,40,0,1800
FINNIFTY02JAN2420800CE.NFO,02/01/2024,10:07:26,580,571.55,120,574.1,40,0,1800
FINNIFTY02JAN2420800CE.NFO,02/01/2024,10:07:28,580,570.5,360,573.65,40,0,1800
FINNIFTY02JAN2420800CE.NFO,02/01/2024,10:07:29,580,569.5,40,572.45,40,0,1800
FINNIFTY02JAN2420800CE.NFO,02/01/2024,10:07:31,580,569.5,80,572,40,0,1800
FINNIFTY02JAN2420800CE.NFO,02/01/2024,10:07:33,580,569.85,40,573.1,160,0,1800
FINNIFTY02JAN2420800CE.NFO,02/01/2024,10:07:34,580,570.45,160,574.95,3880,0,1800
FINNIFTY02JAN2420800CE.NFO,02/01/2024,10:07:36,580,573.9,40,577.65,40,0,1800
FINNIFTY02JAN2420800CE.NFO,02/01/2024,10:07:38,580,573.7,40,576.6,640,0,1800
FINNIFTY02JAN2420800CE.NFO,02/01/2024,10:07:39,580,572.65,40,575.25,120,0,1800
FINNIFTY02JAN2420800CE.NFO,02/01/2024,10:07:41,580,571.45,120,573.85,120,0,1800
FINNIFTY02JAN2420800CE.NFO,02/01/2024,10:07:43,580,573.6,120,576.2,200,0,1800
FINNIFTY02JAN2420800CE.NFO,02/01/2024,10:07:44,580,573,200,575.9,80,0,1800
FINNIFTY02JAN2420800CE.NFO,02/01/2024,10:07:46,580,572.5,120,574.75,80,0,1800
FINNIFTY02JAN2420800CE.NFO,02/01/2024,10:07:48,580,572.2,40,574.85,920,0,1800
FINNIFTY02JAN2420800CE.NFO,02/01/2024,10:07:49,580,569.75,40,572.15,40,0,1800
FINNIFTY02JAN2420800CE.NFO,02/01/2024,10:07:51,580,569.65,120,571.85,240,0,1800
FINNIFTY02JAN2420800CE.NFO,02/01/2024,10:07:53,580,569.2,40,571.9,120,0,1800
FINNIFTY02JAN2420800CE.NFO,02/01/2024,10:07:54,580,567.35,40,570.45,40,0,1800
FINNIFTY02JAN2420800CE.NFO,02/01/2024,10:07:56,580,564.9,40,568.35,80,0,1800
FINNIFTY02JAN2420800CE.NFO,02/01/2024,10:07:58,580,567.8,400,570.6,40,0,1800
FINNIFTY02JAN2420800CE.NFO,02/01/2024,10:07:59,580,568.7,40,571.2,40,0,1800
FINNIFTY02JAN2420800CE.NFO,02/01/2024,10:08:01,580,567.35,40,569.95,40,0,1800
FINNIFTY02JAN2420800CE.NFO,02/01/2024,10:08:03,580,568.85,320,571.5,40,0,1800
FINNIFTY02JAN2420800CE.NFO,02/01/2024,10:08:04,580,570.4,80,573,120,0,1800
FINNIFTY02JAN2420800CE.NFO,02/01/2024,10:08:06,580,568.55,40,571.3,480,0,1800
FINNIFTY02JAN2420800CE.NFO,02/01/2024,10:08:08,580,567.15,40,570.5,240,0,1800
FINNIFTY02JAN2420800CE.NFO,02/01/2024,10:08:09,580,567.15,120,570.25,80,0,1800
FINNIFTY02JAN2420800CE.NFO,02/01/2024,10:08:11,580,567.3,40,570.4,120,0,1800
FINNIFTY02JAN2420800CE.NFO,02/01/2024,10:08:13,580,567.2,120,569.65,40,0,1800
FINNIFTY02JAN2420800CE.NFO,02/01/2024,10:08:14,580,566.6,40,569.25,400,0,1800
FINNIFTY02JAN2420800CE.NFO,02/01/2024,10:08:16,580,569.4,40,572.7,40,0,1800
FINNIFTY02JAN2420800CE.NFO,02/01/2024,10:08:18,580,567.9,160,571.1,200,0,1800
FINNIFTY02JAN2420800CE.NFO,02/01/2024,10:08:19,580,567.75,40,570.15,160,0,1800
FINNIFTY02JAN2420800CE.NFO,02/01/2024,10:08:21,580,567.6,200,570.8,40,0,1800
FINNIFTY02JAN2420800CE.NFO,02/01/2024,10:08:23,580,566.95,40,569.4,120,0,1800
FINNIFTY02JAN2420800CE.NFO,02/01/2024,10:08:24,580,565.95,40,568.65,80,0,1800
FINNIFTY02JAN2420800CE.NFO,02/01/2024,10:08:26,580,564.85,40,567.65,400,0,1800
FINNIFTY02JAN2420800CE.NFO,02/01/2024,10:08:28,580,564.55,80,567.2,160,0,1800
FINNIFTY02JAN2420800CE.NFO,02/01/2024,10:08:29,580,564.55,40,567.6,800,0,1800
FINNIFTY02JAN2420800CE.NFO,02/01/2024,10:08:31,580,565.25,40,568.95,120,0,1800
FINNIFTY02JAN2420800CE.NFO,02/01/2024,10:08:33,580,565.9,120,568.55,200,0,1800
FINNIFTY02JAN2420800CE.NFO,02/01/2024,10:08:34,568.4,565.65,80,567.95,720,80,1720
FINNIFTY02JAN2420800CE.NFO,02/01/2024,10:08:36,568.4,565.8,40,568.2,40,0,1720
FINNIFTY02JAN2420800CE.NFO,02/01/2024,10:08:38,568.4,561.5,80,563.1,40,0,1720
FINNIFTY02JAN2420800CE.NFO,02/01/2024,10:08:39,568.4,560.95,80,563.25,120,0,1720
FINNIFTY02JAN2420800CE.NFO,02/01/2024,10:08:41,568.4,560.1,40,563,120,0,1720
FINNIFTY02JAN2420800CE.NFO,02/01/2024,10:08:43,568.4,556.6,560,559.75,40,0,1720
FINNIFTY02JAN2420800CE.NFO,02/01/2024,10:08:44,568.4,560.75,80,563.55,40,0,1720
FINNIFTY02JAN2420800CE.NFO,02/01/2024,10:08:46,568.4,560.35,40,563.45,1760,0,1720
FINNIFTY02JAN2420800CE.NFO,02/01/2024,10:08:48,568.4,558.45,40,561.15,240,0,1720
FINNIFTY02JAN2420800CE.NFO,02/01/2024,10:08:50,568.4,560.5,40,562.55,120,0,1720
FINNIFTY02JAN2420800CE.NFO,02/01/2024,10:08:51,568.4,561,80,563.05,120,0,1720
FINNIFTY02JAN2420800CE.NFO,02/01/2024,10:08:53,568.4,561.5,40,564.3,200,0,1720
FINNIFTY02JAN2420800CE.NFO,02/01/2024,10:08:55,568.4,562.25,120,564.3,40,0,1720
FINNIFTY02JAN2420800CE.NFO,02/01/2024,10:08:56,568.4,563.2,160,565.85,120,0,1720
FINNIFTY02JAN2420800CE.NFO,02/01/2024,10:08:58,568.4,561.55,120,564.35,240,0,1720
FINNIFTY02JAN2420800CE.NFO,02/01/2024,10:09:00,568.4,559.85,480,562.4,160,0,1720
FINNIFTY02JAN2420800CE.NFO,02/01/2024,10:09:01,568.4,560.95,160,563.55,80,0,1720
FINNIFTY02JAN2420800CE.NFO,02/01/2024,10:09:03,568.4,564.2,120,566.25,120,0,1720
FINNIFTY02JAN2420800CE.NFO,02/01/2024,10:09:05,568.4,566.9,40,570.05,240,0,1720
FINNIFTY02JAN2420800CE.NFO,02/01/2024,10:09:06,568.4,572.65,40,577,520,0,1720
FINNIFTY02JAN2420800CE.NFO,02/01/2024,10:09:08,568.4,572.75,200,575.65,40,0,1720
FINNIFTY02JAN2420800CE.NFO,02/01/2024,10:09:10,568.4,574.2,200,577.95,200,0,1720
FINNIFTY02JAN2420800CE.NFO,02/01/2024,10:09:11,568.4,575.2,120,579.55,2480,0,1720
FINNIFTY02JAN2420800CE.NFO,02/01/2024,10:09:13,568.4,575.85,80,578.6,160,0,1720
FINNIFTY02JAN2420800CE.NFO,02/01/2024,10:09:15,568.4,576.3,40,579,160,0,1720
FINNIFTY02JAN2420800CE.NFO,02/01/2024,10:09:16,568.4,572.85,40,576.25,360,0,1720
FINNIFTY02JAN2420800CE.NFO,02/01/2024,10:09:18,568.4,571.4,520,575,200,0,1720
FINNIFTY02JAN2420800CE.NFO,02/01/2024,10:09:20,568.4,573.25,40,575.5,40,0,1720
FINNIFTY02JAN2420800CE.NFO,02/01/2024,10:09:21,568.4,573.6,120,575.8,40,0,1720
FINNIFTY02JAN2420800CE.NFO,02/01/2024,10:09:23,568.4,574.45,40,576.8,240,0,1720
FINNIFTY02JAN2420800CE.NFO,02/01/2024,10:09:25,568.4,573.9,120,576,240,0,1720
FINNIFTY02JAN2420800CE.NFO,02/01/2024,10:09:26,568.4,575.3,240,578.3,40,0,1720
FINNIFTY02JAN2420800CE.NFO,02/01/2024,10:09:28,568.4,575.95,80,577.55,80,0,1720
FINNIFTY02JAN2420800CE.NFO,02/01/2024,10:09:30,568.4,573.45,40,575.9,200,0,1720
FINNIFTY02JAN2420800CE.NFO,02/01/2024,10:09:31,568.4,574.85,40,577.35,160,0,1720
FINNIFTY02JAN2420800CE.NFO,02/01/2024,10:09:33,568.4,573.8,40,576.25,80,0,1720
FINNIFTY02JAN2420800CE.NFO,02/01/2024,10:09:34,568.4,573.4,120,575.9,120,0,1720
FINNIFTY02JAN2420800CE.NFO,02/01/2024,10:09:36,568.4,573.8,120,575.95,40,0,1720
FINNIFTY02JAN2420800CE.NFO,02/01/2024,10:09:38,568.4,572.85,40,575.15,80,0,1720
FINNIFTY02JAN2420800CE.NFO,02/01/2024,10:09:39,568.4,572.5,360,575.65,240,0,1720
FINNIFTY02JAN2420800CE.NFO,02/01/2024,10:09:41,568.4,570.35,80,572.35,80,0,1720
FINNIFTY02JAN2420800CE.NFO,02/01/2024,10:09:43,568.4,570.6,40,572.8,280,0,1720
FINNIFTY02JAN2420800CE.NFO,02/01/2024,10:09:44,568.4,568.9,40,571.45,120,0,1720
FINNIFTY02JAN2420800CE.NFO,02/01/2024,10:09:46,568.4,569.75,40,572.25,200,0,1720
FINNIFTY02JAN2420800CE.NFO,02/01/2024,10:09:48,568.4,572.05,40,574.7,80,0,1720
FINNIFTY02JAN2420800CE.NFO,02/01/2024,10:09:49,568.4,570.1,40,573.05,120,0,1720
FINNIFTY02JAN2420800CE.NFO,02/01/2024,10:09:51,568.4,572,120,574.2,40,0,1720
FINNIFTY02JAN2420800CE.NFO,02/01/2024,10:09:53,568.4,573.05,40,575.9,1720,0,1720
FINNIFTY02JAN2420800CE.NFO,02/01/2024,10:09:54,568.4,573,240,575,80,0,1720
FINNIFTY02JAN2420800CE.NFO,02/01/2024,10:09:56,568.4,571.2,40,573.95,120,0,1720
FINNIFTY02JAN2420800CE.NFO,02/01/2024,10:09:58,568.4,569.1,120,571.45,200,0,1720
FINNIFTY02JAN2420800CE.NFO,02/01/2024,10:09:59,568.4,569.45,40,571.6,40,0,1720
FINNIFTY02JAN2420800CE.NFO,02/01/2024,10:10:01,568.4,569.1,40,572.1,120,0,1720
FINNIFTY02JAN2420800CE.NFO,02/01/2024,10:10:03,568.4,569.15,120,571.85,40,0,1720
FINNIFTY02JAN2420800CE.NFO,02/01/2024,10:10:04,568.4,571.1,40,574.8,40,0,1720
FINNIFTY02JAN2420800CE.NFO,02/01/2024,10:10:06,568.4,570.9,120,573.3,120,0,1720
FINNIFTY02JAN2420800CE.NFO,02/01/2024,10:10:08,568.4,571.7,40,573.8,120,0,1720
FINNIFTY02JAN2420800CE.NFO,02/01/2024,10:10:09,568.4,570.1,80,572.35,120,0,1720
FINNIFTY02JAN2420800CE.NFO,02/01/2024,10:10:11,568.4,570.05,120,572.05,40,0,1720
FINNIFTY02JAN2420800CE.NFO,02/01/2024,10:10:13,568.4,570.45,40,572.95,120,0,1720
FINNIFTY02JAN2420800CE.NFO,02/01/2024,10:10:14,568.4,571.9,360,574.75,320,0,1720
FINNIFTY02JAN2420800CE.NFO,02/01/2024,10:10:16,568.4,569.8,40,572.35,80,0,1720
FINNIFTY02JAN2420800CE.NFO,02/01/2024,10:10:18,568.4,565.6,40,568.35,40,0,1720
FINNIFTY02JAN2420800CE.NFO,02/01/2024,10:10:19,568.4,564.7,120,568.2,40,0,1720
FINNIFTY02JAN2420800CE.NFO,02/01/2024,10:10:21,568.4,565.7,40,568.6,80,0,1720
FINNIFTY02JAN2420800CE.NFO,02/01/2024,10:10:23,568.4,565.45,40,567.75,120,0,1720
FINNIFTY02JAN2420800CE.NFO,02/01/2024,10:10:24,568.4,563.1,80,565.8,40,0,1720
FINNIFTY02JAN2420800CE.NFO,02/01/2024,10:10:26,568.4,563.5,40,567.45,40,0,1720
FINNIFTY02JAN2420800CE.NFO,02/01/2024,10:10:28,568.4,566.35,120,568.8,200,0,1720
FINNIFTY02JAN2420800CE.NFO,02/01/2024,10:10:29,568.4,565.8,80,568.2,80,0,1720
FINNIFTY02JAN2420800CE.NFO,02/01/2024,10:10:31,568.4,567.45,40,570.2,80,0,1720
FINNIFTY02JAN2420800CE.NFO,02/01/2024,10:10:33,568.4,568.85,40,571.2,40,0,1720
FINNIFTY02JAN2420800CE.NFO,02/01/2024,10:10:34,568.4,568.25,120,570.2,80,0,1720
FINNIFTY02JAN2420800CE.NFO,02/01/2024,10:10:36,568.4,567.85,40,569.8,520,0,1720
FINNIFTY02JAN2420800CE.NFO,02/01/2024,10:10:38,568.4,565.4,80,568.9,320,0,1720
FINNIFTY02JAN2420800CE.NFO,02/01/2024,10:10:39,568.4,565.9,40,568.4,200,0,1720
FINNIFTY02JAN2420800CE.NFO,02/01/2024,10:10:41,568.4,566.65,40,569,40,0,1720
FINNIFTY02JAN2420800CE.NFO,02/01/2024,10:10:43,568.4,565.8,40,568.15,80,0,1720
FINNIFTY02JAN2420800CE.NFO,02/01/2024,10:10:44,568.4,564.2,40,567.25,400,0,1720
FINNIFTY02JAN2420800CE.NFO,02/01/2024,10:10:46,568.4,564.05,40,566.6,320,0,1720
FINNIFTY02JAN2420800CE.NFO,02/01/2024,10:10:48,568.4,565,40,567.8,200,0,1720
FINNIFTY02JAN2420800CE.NFO,02/01/2024,10:10:49,568.4,564.45,120,566.7,240,0,1720
FINNIFTY02JAN2420800CE.NFO,02/01/2024,10:10:51,568.4,563.6,80,565.8,40,0,1720
FINNIFTY02JAN2420800CE.NFO,02/01/2024,10:10:53,568.4,564,40,566.5,360,0,1720
FINNIFTY02JAN2420800CE.NFO,02/01/2024,10:10:54,568.4,566.55,40,569.05,120,0,1720
FINNIFTY02JAN2420800CE.NFO,02/01/2024,10:10:56,568.4,566.15,40,568.65,80,0,1720
FINNIFTY02JAN2420800CE.NFO,02/01/2024,10:10:58,568.4,565.2,80,568.35,120,0,1720
FINNIFTY02JAN2420800CE.NFO,02/01/2024,10:10:59,568.4,565.7,120,568.05,360,0,1720
FINNIFTY02JAN2420800CE.NFO,02/01/2024,10:11:01,568.4,566.45,80,568.85,80,0,1720
FINNIFTY02JAN2420800CE.NFO,02/01/2024,10:11:03,568.4,567.75,40,570.35,40,0,1720
FINNIFTY02JAN2420800CE.NFO,02/01/2024,10:11:04,568.4,567.4,80,569.95,120,0,1720
FINNIFTY02JAN2420800CE.NFO,02/01/2024,10:11:06,568.4,567.9,40,570.15,280,0,1720
FINNIFTY02JAN2420800CE.NFO,02/01/2024,10:11:08,568.4,569.2,40,596.05,120,0,1720
FINNIFTY02JAN2420800CE.NFO,02/01/2024,10:11:09,568.4,570.55,40,573.95,40,0,1720
FINNIFTY02JAN2420800CE.NFO,02/01/2024,10:11:11,568.4,571.4,80,573.65,40,0,1720
FINNIFTY02JAN2420800CE.NFO,02/01/2024,10:11:13,568.4,568.75,360,572,360,0,1720
FINNIFTY02JAN2420800CE.NFO,02/01/2024,10:11:14,568.4,569.15,40,571.65,40,0,1720
FINNIFTY02JAN2420800CE.NFO,02/01/2024,10:11:16,568.4,570.6,120,572.9,120,0,1720
FINNIFTY02JAN2420800CE.NFO,02/01/2024,10:11:18,568.4,568.45,40,570.95,680,0,1720
FINNIFTY02JAN2420800CE.NFO,02/01/2024,10:11:19,568.4,568.05,40,570.55,120,0,1720
FINNIFTY02JAN2420800CE.NFO,02/01/2024,10:11:21,568.4,568.5,120,570.8,200,0,1720
FINNIFTY02JAN2420800CE.NFO,02/01/2024,10:11:23,568.4,567.2,200,569.35,240,0,1720
FINNIFTY02JAN2420800CE.NFO,02/01/2024,10:11:24,568.4,567.65,120,570.4,40,0,1720
FINNIFTY02JAN2420800CE.NFO,02/01/2024,10:11:26,568.4,566.2,120,568.05,280,0,1720
FINNIFTY02JAN2420800CE.NFO,02/01/2024,10:11:28,568.4,565.7,40,567.75,160,0,1720
FINNIFTY02JAN2420800CE.NFO,02/01/2024,10:11:29,568.4,566.1,40,568.65,80,0,1720
FINNIFTY02JAN2420800CE.NFO,02/01/2024,10:11:31,568.4,564.35,120,566.9,40,0,1720
FINNIFTY02JAN2420800CE.NFO,02/01/2024,10:11:33,568.4,561.6,80,563.8,80,0,1720
FINNIFTY02JAN2420800CE.NFO,02/01/2024,10:11:34,568.4,559.4,40,563.05,80,0,1720
FINNIFTY02JAN2420800CE.NFO,02/01/2024,10:11:36,568.4,560.35,80,563.95,600,0,1720
FINNIFTY02JAN2420800CE.NFO,02/01/2024,10:11:38,568.4,557.65,80,561.9,680,0,1720
FINNIFTY02JAN2420800CE.NFO,02/01/2024,10:11:39,568.4,560.65,120,564.55,160,0,1720
FINNIFTY02JAN2420800CE.NFO,02/01/2024,10:11:41,568.4,562.35,40,564.55,40,0,1720
FINNIFTY02JAN2420800CE.NFO,02/01/2024,10:11:43,568.4,560.75,200,563.1,40,0,1720
FINNIFTY02JAN2420800CE.NFO,02/01/2024,10:11:44,568.4,560,80,562.35,40,0,1720
FINNIFTY02JAN2420800CE.NFO,02/01/2024,10:11:46,568.4,559.25,160,561.65,40,0,1720
FINNIFTY02JAN2420800CE.NFO,02/01/2024,10:11:48,568.4,559.4,40,562,80,0,1720
FINNIFTY02JAN2420800CE.NFO,02/01/2024,10:11:49,568.4,558.85,40,562,120,0,1720
FINNIFTY02JAN2420800CE.NFO,02/01/2024,10:11:51,568.4,561.4,120,564.85,40,0,1720
FINNIFTY02JAN2420800CE.NFO,02/01/2024,10:11:53,568.4,563.35,80,566.05,120,0,1720
FINNIFTY02JAN2420800CE.NFO,02/01/2024,10:11:54,568.4,562.9,280,565.35,40,0,1720
FINNIFTY02JAN2420800CE.NFO,02/01/2024,10:11:56,568.4,561.75,40,564.25,120,0,1720
FINNIFTY02JAN2420800CE.NFO,02/01/2024,10:11:58,568.4,561.6,80,563.95,40,0,1720
FINNIFTY02JAN2420800CE.NFO,02/01/2024,10:11:59,568.4,561.7,40,563.9,120,0,1720
FINNIFTY02JAN2420800CE.NFO,02/01/2024,10:12:01,568.4,562.85,200,570.9,40,0,1720
FINNIFTY02JAN2420800CE.NFO,02/01/2024,10:12:03,568.4,564.7,120,566.9,240,0,1720
FINNIFTY02JAN2420800CE.NFO,02/01/2024,10:12:04,568.4,564.85,40,567.95,360,0,1720
FINNIFTY02JAN2420800CE.NFO,02/01/2024,10:12:06,568.4,564.65,40,566.85,240,0,1720
FINNIFTY02JAN2420800CE.NFO,02/01/2024,10:12:08,568.4,566.55,40,569.3,120,0,1720
FINNIFTY02JAN2420800CE.NFO,02/01/2024,10:12:09,568.4,565.75,40,568.1,40,0,1720
FINNIFTY02JAN2420800CE.NFO,02/01/2024,10:12:11,568.4,564.4,40,566.65,80,0,1720
FINNIFTY02JAN2420800CE.NFO,02/01/2024,10:12:13,568.4,564.35,120,566.2,40,0,1720
FINNIFTY02JAN2420800CE.NFO,02/01/2024,10:12:14,568.4,564.7,40,567.05,40,0,1720
FINNIFTY02JAN2420800CE.NFO,02/01/2024,10:12:16,568.4,564.65,80,566.65,120,0,1720
FINNIFTY02JAN2420800CE.NFO,02/01/2024,10:12:18,568.4,564.7,40,567.15,200,0,1720
FINNIFTY02JAN2420800CE.NFO,02/01/2024,10:12:19,568.4,565.3,40,567.85,240,0,1720
FINNIFTY02JAN2420800CE.NFO,02/01/2024,10:12:21,568.4,564.5,120,566.85,120,0,1720
FINNIFTY02JAN2420800CE.NFO,02/01/2024,10:12:23,568.4,563.7,40,566.05,40,0,1720
FINNIFTY02JAN2420800CE.NFO,02/01/2024,10:12:24,568.4,564,120,565.85,120,0,1720
FINNIFTY02JAN2420800CE.NFO,02/01/2024,10:12:26,568.4,563.35,80,565.6,80,0,1720
FINNIFTY02JAN2420800CE.NFO,02/01/2024,10:12:28,568.4,561.95,120,564.8,40,0,1720
FINNIFTY02JAN2420800CE.NFO,02/01/2024,10:12:29,568.4,562.15,120,564.55,120,0,1720
FINNIFTY02JAN2420800CE.NFO,02/01/2024,10:12:31,568.4,562.2,320,565.25,200,0,1720
FINNIFTY02JAN2420800CE.NFO,02/01/2024,10:12:32,568.4,560.55,40,563.25,120,0,1720
FINNIFTY02JAN2420800CE.NFO,02/01/2024,10:12:34,568.4,561.55,120,563.85,120,0,1720
FINNIFTY02JAN2420800CE.NFO,02/01/2024,10:12:36,568.4,561.35,40,563.65,40,0,1720
FINNIFTY02JAN2420800CE.NFO,02/01/2024,10:12:37,568.4,560.25,40,563.85,40,0,1720
FINNIFTY02JAN2420800CE.NFO,02/01/2024,10:12:39,568.4,555.45,320,559.95,400,0,1720
FINNIFTY02JAN2420800CE.NFO,02/01/2024,10:12:41,568.4,554.45,80,557.45,120,0,1720
FINNIFTY02JAN2420800CE.NFO,02/01/2024,10:12:42,568.4,553.35,160,557,520,0,1720
FINNIFTY02JAN2420800CE.NFO,02/01/2024,10:12:44,554.9,551.05,80,554.95,200,40,1640
FINNIFTY02JAN2420800CE.NFO,02/01/2024,10:12:46,554.9,549.5,1520,552.8,120,0,1640
FINNIFTY02JAN2420800CE.NFO,02/01/2024,10:12:47,554.9,553.75,40,556.7,40,0,1640
FINNIFTY02JAN2420800CE.NFO,02/01/2024,10:12:49,554.9,551.45,200,554.8,320,0,1640
FINNIFTY02JAN2420800CE.NFO,02/01/2024,10:12:51,554.9,554.25,240,557.25,360,0,1640
FINNIFTY02JAN2420800CE.NFO,02/01/2024,10:12:52,554.9,555.55,40,558.25,120,0,1640
FINNIFTY02JAN2420800CE.NFO,02/01/2024,10:12:54,554.9,555.6,120,559.1,2280,0,1640
FINNIFTY02JAN2420800CE.NFO,02/01/2024,10:12:56,554.9,554.9,40,557.45,120,0,1640
FINNIFTY02JAN2420800CE.NFO,02/01/2024,10:12:57,554.9,556.25,40,558.8,80,0,1640
FINNIFTY02JAN2420800CE.NFO,02/01/2024,10:12:59,554.9,553.95,120,556.45,120,0,1640
FINNIFTY02JAN2420800CE.NFO,02/01/2024,10:13:01,554.9,556.15,40,559,440,0,1640
FINNIFTY02JAN2420800CE.NFO,02/01/2024,10:13:02,554.9,557.9,40,560.1,40,0,1640
FINNIFTY02JAN2420800CE.NFO,02/01/2024,10:13:04,554.9,557.4,160,560.05,240,0,1640
FINNIFTY02JAN2420800CE.NFO,02/01/2024,10:13:06,554.9,557.6,200,559.85,440,0,1640
FINNIFTY02JAN2420800CE.NFO,02/01/2024,10:13:07,554.9,558.05,40,560.85,1040,0,1640
FINNIFTY02JAN2420800CE.NFO,02/01/2024,10:13:09,554.9,557.2,40,558.9,120,0,1640
FINNIFTY02JAN2420800CE.NFO,02/01/2024,10:13:11,554.9,554.3,80,557.15,200,0,1640
FINNIFTY02JAN2420800CE.NFO,02/01/2024,10:13:12,554.9,552.8,120,555.15,80,0,1640
FINNIFTY02JAN2420800CE.NFO,02/01/2024,10:13:14,554.9,553.15,40,555.75,40,0,1640
FINNIFTY02JAN2420800CE.NFO,02/01/2024,10:13:16,554.9,553.4,40,555.2,40,0,1640
FINNIFTY02JAN2420800CE.NFO,02/01/2024,10:13:17,554.9,550.5,200,554.55,200,0,1640
FINNIFTY02JAN2420800CE.NFO,02/01/2024,10:13:19,554.9,551.1,160,553.7,160,0,1640
FINNIFTY02JAN2420800CE.NFO,02/01/2024,10:13:21,554.9,550.55,40,553,80,0,1640
FINNIFTY02JAN2420800CE.NFO,02/01/2024,10:13:22,554.9,551.3,40,554.3,40,0,1640
FINNIFTY02JAN2420800CE.NFO,02/01/2024,10:13:24,554.9,552.6,120,555.65,360,0,1640
FINNIFTY02JAN2420800CE.NFO,02/01/2024,10:13:26,554.9,553.1,40,554.95,120,0,1640
FINNIFTY02JAN2420800CE.NFO,02/01/2024,10:13:27,554.9,553.4,120,556.3,40,0,1640
FINNIFTY02JAN2420800CE.NFO,02/01/2024,10:13:29,554.9,554.25,40,556.65,160,0,1640
FINNIFTY02JAN2420800CE.NFO,02/01/2024,10:13:31,554.9,554.5,40,556.3,80,0,1640
FINNIFTY02JAN2420800CE.NFO,02/01/2024,10:13:33,554.9,554.65,120,556.85,440,0,1640
FINNIFTY02JAN2420800CE.NFO,02/01/2024,10:13:34,554.9,552.7,200,555.05,80,0,1640
FINNIFTY02JAN2420800CE.NFO,02/01/2024,10:13:36,554.9,554.3,120,557.7,80,0,1640
FINNIFTY02JAN2420800CE.NFO,02/01/2024,10:13:38,554.9,556.35,200,559.15,40,0,1640
FINNIFTY02JAN2420800CE.NFO,02/01/2024,10:13:39,554.9,557.5,40,559.75,40,0,1640
FINNIFTY02JAN2420800CE.NFO,02/01/2024,10:13:41,554.9,557.65,120,560,120,0,1640
FINNIFTY02JAN2420800CE.NFO,02/01/2024,10:13:43,554.9,556.7,120,559.05,120,0,1640
FINNIFTY02JAN2420800CE.NFO,02/01/2024,10:13:44,554.9,556.05,80,558.35,160,0,1640
FINNIFTY02JAN2420800CE.NFO,02/01/2024,10:13:46,554.9,555.4,80,558.3,1880,0,1640
FINNIFTY02JAN2420800CE.NFO,02/01/2024,10:13:48,554.9,555.05,40,557,440,0,1640
FINNIFTY02JAN2420800CE.NFO,02/01/2024,10:13:49,554.9,556.45,40,558.9,80,0,1640
FINNIFTY02JAN2420800CE.NFO,02/01/2024,10:13:51,554.9,556.65,40,559,80,0,1640
FINNIFTY02JAN2420800CE.NFO,02/01/2024,10:13:53,554.9,555.85,80,558.05,240,0,1640
FINNIFTY02JAN2420800CE.NFO,02/01/2024,10:13:54,554.9,555.1,40,557.45,120,0,1640
FINNIFTY02JAN2420800CE.NFO,02/01/2024,10:13:56,554.9,555.9,80,558.25,440,0,1640
FINNIFTY02JAN2420800CE.NFO,02/01/2024,10:13:58,554.9,557.05,80,559.4,240,0,1640
FINNIFTY02JAN2420800CE.NFO,02/01/2024,10:13:59,554.9,556.35,40,559.1,1800,0,1640
FINNIFTY02JAN2420800CE.NFO,02/01/2024,10:14:01,554.9,559.45,40,563.35,4000,0,1640
FINNIFTY02JAN2420800CE.NFO,02/01/2024,10:14:03,554.9,561.45,40,564.15,40,0,1640
FINNIFTY02JAN2420800CE.NFO,02/01/2024,10:14:04,554.9,560.7,120,563.4,40,0,1640
FINNIFTY02JAN2420800CE.NFO,02/01/2024,10:14:06,554.9,560.9,40,563,80,0,1640
FINNIFTY02JAN2420800CE.NFO,02/01/2024,10:14:08,554.9,562.3,40,564.85,40,0,1640
FINNIFTY02JAN2420800CE.NFO,02/01/2024,10:14:09,554.9,563.1,240,566.75,360,0,1640
FINNIFTY02JAN2420800CE.NFO,02/01/2024,10:14:11,554.9,561.75,40,564.25,40,0,1640
FINNIFTY02JAN2420800CE.NFO,02/01/2024,10:14:13,554.9,560.85,40,563.15,120,0,1640
FINNIFTY02JAN2420800CE.NFO,02/01/2024,10:14:14,554.9,562.55,40,565.2,120,0,1640
FINNIFTY02JAN2420800CE.NFO,02/01/2024,10:14:16,554.9,561.75,80,564.25,1160,0,1640
FINNIFTY02JAN2420800CE.NFO,02/01/2024,10:14:18,554.9,560.1,40,562.2,40,0,1640
FINNIFTY02JAN2420800CE.NFO,02/01/2024,10:14:19,554.9,561.75,80,564.25,920,0,1640
FINNIFTY02JAN2420800CE.NFO,02/01/2024,10:14:21,554.9,561.8,40,563.45,240,0,1640
FINNIFTY02JAN2420800CE.NFO,02/01/2024,10:14:23,554.9,560.5,40,562.45,520,0,1640
FINNIFTY02JAN2420800CE.NFO,02/01/2024,10:14:24,554.9,559.5,40,562,40,0,1640
FINNIFTY02JAN2420800CE.NFO,02/01/2024,10:14:26,554.9,561.4,200,563.6,40,0,1640
FINNIFTY02JAN2420800CE.NFO,02/01/2024,10:14:28,554.9,562.15,40,565.55,80,0,1640
FINNIFTY02JAN2420800CE.NFO,02/01/2024,10:14:29,554.9,562.4,120,564.9,40,0,1640
FINNIFTY02JAN2420800CE.NFO,02/01/2024,10:14:31,554.9,563.45,80,565.75,640,0,1640
FINNIFTY02JAN2420800CE.NFO,02/01/2024,10:14:33,554.9,563.05,40,565.6,160,0,1640
FINNIFTY02JAN2420800CE.NFO,02/01/2024,10:14:35,554.9,564.4,120,567,240,0,1640
FINNIFTY02JAN2420800CE.NFO,02/01/2024,10:14:36,554.9,566.2,40,569.25,120,0,1640
FINNIFTY02JAN2420800CE.NFO,02/01/2024,10:14:38,554.9,565.85,120,568.95,280,0,1640
FINNIFTY02JAN2420800CE.NFO,02/01/2024,10:14:40,554.9,566.05,40,568.2,240,0,1640
FINNIFTY02JAN2420800CE.NFO,02/01/2024,10:14:41,554.9,564.15,120,566.8,120,0,1640
FINNIFTY02JAN2420800CE.NFO,02/01/2024,10:14:43,554.9,563,40,565.45,80,0,1640
FINNIFTY02JAN2420800CE.NFO,02/01/2024,10:14:45,554.9,562.2,40,564.75,480,0,1640
FINNIFTY02JAN2420800CE.NFO,02/01/2024,10:14:46,554.9,563.3,80,565.45,40,0,1640
FINNIFTY02JAN2420800CE.NFO,02/01/2024,10:14:48,554.9,562.35,40,564.6,280,0,1640
FINNIFTY02JAN2420800CE.NFO,02/01/2024,10:14:50,554.9,561.1,40,563.3,80,0,1640
FINNIFTY02JAN2420800CE.NFO,02/01/2024,10:14:51,554.9,563,160,565.25,40,0,1640
FINNIFTY02JAN2420800CE.NFO,02/01/2024,10:14:53,554.9,562.35,40,564.35,280,0,1640
FINNIFTY02JAN2420800CE.NFO,02/01/2024,10:14:55,554.9,561.55,40,563.85,120,0,1640
FINNIFTY02JAN2420800CE.NFO,02/01/2024,10:14:56,554.9,560.6,40,563,40,0,1640
FINNIFTY02JAN2420800CE.NFO,02/01/2024,10:14:58,554.9,560.3,40,562.6,200,0,1640
FINNIFTY02JAN2420800CE.NFO,02/01/2024,10:15:00,554.9,562,520,566.85,120,0,1640
FINNIFTY02JAN2420800CE.NFO,02/01/2024,10:15:01,554.9,563.4,40,565.55,40,0,1640
FINNIFTY02JAN2420800CE.NFO,02/01/2024,10:15:03,554.9,562.2,40,564.2,240,0,1640
FINNIFTY02JAN2420800CE.NFO,02/01/2024,10:15:05,554.9,562.5,40,564.35,240,0,1640
FINNIFTY02JAN2420800CE.NFO,02/01/2024,10:15:06,554.9,561.65,80,563.85,80,0,1640
FINNIFTY02JAN2420800CE.NFO,02/01/2024,10:15:08,554.9,560.2,120,562.15,80,0,1640
FINNIFTY02JAN2420800CE.NFO,02/01/2024,10:15:10,554.9,561.7,120,563.75,240,0,1640
FINNIFTY02JAN2420800CE.NFO,02/01/2024,10:15:11,554.9,560.3,40,562.15,40,0,1640
FINNIFTY02JAN2420800CE.NFO,02/01/2024,10:15:13,554.9,560.3,40,562,240,0,1640
FINNIFTY02JAN2420800CE.NFO,02/01/2024,10:15:15,554.9,560.95,40,563.2,40,0,1640
FINNIFTY02JAN2420800CE.NFO,02/01/2024,10:15:16,554.9,561.7,40,563.85,40,0,1640
FINNIFTY02JAN2420800CE.NFO,02/01/2024,10:15:18,554.9,562.3,40,564.25,120,0,1640
FINNIFTY02JAN2420800CE.NFO,02/01/2024,10:15:20,554.9,562.15,40,564.4,40,0,1640
FINNIFTY02JAN2420800CE.NFO,02/01/2024,10:15:21,554.9,563,120,565,240,0,1640
FINNIFTY02JAN2420800CE.NFO,02/01/2024,10:15:23,554.9,561.7,40,563.25,40,0,1640
FINNIFTY02JAN2420800CE.NFO,02/01/2024,10:15:25,554.9,561.45,40,563.45,40,0,1640
FINNIFTY02JAN2420800CE.NFO,02/01/2024,10:15:26,554.9,561.5,40,563.05,80,0,1640
FINNIFTY02JAN2420800CE.NFO,02/01/2024,10:15:28,554.9,560.5,40,562.15,40,0,1640
FINNIFTY02JAN2420800CE.NFO,02/01/2024,10:15:31,554.9,559.65,40,561.55,80,0,1640
FINNIFTY02JAN2420800CE.NFO,02/01/2024,10:15:33,554.9,559,40,561.2,40,0,1640
FINNIFTY02JAN2420800CE.NFO,02/01/2024,10:15:35,554.9,559,40,560.9,200,0,1640
FINNIFTY02JAN2420800CE.NFO,02/01/2024,10:15:36,554.9,559.1,40,561.25,80,0,1640
FINNIFTY02JAN2420800CE.NFO,02/01/2024,10:15:38,554.9,559.6,40,561.6,40,0,1640
FINNIFTY02JAN2420800CE.NFO,02/01/2024,10:15:40,554.9,560.1,120,562.2,40,0,1640
FINNIFTY02JAN2420800CE.NFO,02/01/2024,10:15:41,554.9,560.35,40,562.2,40,0,1640
FINNIFTY02JAN2420800CE.NFO,02/01/2024,10:15:43,554.9,560.7,120,562.65,120,0,1640
FINNIFTY02JAN2420800CE.NFO,02/01/2024,10:15:45,554.9,561.6,120,563.8,840,0,1640
FINNIFTY02JAN2420800CE.NFO,02/01/2024,10:15:46,554.9,562.55,80,564.9,40,0,1640
FINNIFTY02JAN2420800CE.NFO,02/01/2024,10:15:48,554.9,563.5,80,565.6,120,0,1640
FINNIFTY02JAN2420800CE.NFO,02/01/2024,10:15:50,554.9,564.15,120,566.55,240,0,1640
FINNIFTY02JAN2420800CE.NFO,02/01/2024,10:15:51,554.9,563.65,40,566.1,80,0,1640
FINNIFTY02JAN2420800CE.NFO,02/01/2024,10:15:53,554.9,562.35,40,565.5,200,0,1640
FINNIFTY02JAN2420800CE.NFO,02/01/2024,10:15:55,554.9,561.25,40,563.75,200,0,1640
FINNIFTY02JAN2420800CE.NFO,02/01/2024,10:15:56,554.9,561.8,40,563.75,160,0,1640
FINNIFTY02JAN2420800CE.NFO,02/01/2024,10:15:58,554.9,561.8,40,563.3,40,0,1640
FINNIFTY02JAN2420800CE.NFO,02/01/2024,10:16:00,554.9,562.3,40,564.5,40,0,1640
FINNIFTY02JAN2420800CE.NFO,02/01/2024,10:16:01,554.9,560.85,120,563.75,80,0,1640
FINNIFTY02JAN2420800CE.NFO,02/01/2024,10:16:03,554.9,560.75,240,563.1,160,0,1640
FINNIFTY02JAN2420800CE.NFO,02/01/2024,10:16:05,554.9,561.2,40,564.15,80,0,1640
FINNIFTY02JAN2420800CE.NFO,02/01/2024,10:16:06,554.9,562.45,40,565.55,240,0,1640
FINNIFTY02JAN2420800CE.NFO,02/01/2024,10:16:08,554.9,562.95,40,565.5,80,0,1640
FINNIFTY02JAN2420800CE.NFO,02/01/2024,10:16:10,554.9,563.7,40,565.75,240,0,1640
FINNIFTY02JAN2420800CE.NFO,02/01/2024,10:16:11,554.9,564,40,565.95,120,0,1640
FINNIFTY02JAN2420800CE.NFO,02/01/2024,10:16:13,554.9,561.95,40,564.35,120,0,1640
FINNIFTY02JAN2420800CE.NFO,02/01/2024,10:16:15,554.9,563.3,120,565.45,80,0,1640
FINNIFTY02JAN2420800CE.NFO,02/01/2024,10:16:16,554.9,562.25,320,564.55,280,0,1640
FINNIFTY02JAN2420800CE.NFO,02/01/2024,10:16:18,554.9,562.3,80,564.45,160,0,1640
FINNIFTY02JAN2420800CE.NFO,02/01/2024,10:16:20,554.9,562.25,40,564.1,40,0,1640
FINNIFTY02JAN2420800CE.NFO,02/01/2024,10:16:21,554.9,562.6,40,566.15,40,0,1640
FINNIFTY02JAN2420800CE.NFO,02/01/2024,10:16:23,554.9,563.5,40,565.9,120,0,1640
FINNIFTY02JAN2420800CE.NFO,02/01/2024,10:16:25,554.9,563.7,120,565.8,120,0,1640
FINNIFTY02JAN2420800CE.NFO,02/01/2024,10:16:26,554.9,563.25,80,565.15,40,0,1640
FINNIFTY02JAN2420800CE.NFO,02/01/2024,10:16:28,554.9,563.25,40,565.9,40,0,1640
FINNIFTY02JAN2420800CE.NFO,02/01/2024,10:16:30,554.9,563.3,120,565.1,40,0,1640
FINNIFTY02JAN2420800CE.NFO,02/01/2024,10:16:31,554.9,563.6,40,565.65,120,0,1640
FINNIFTY02JAN2420800CE.NFO,02/01/2024,10:16:33,554.9,562.8,40,564.5,80,0,1640
FINNIFTY02JAN2420800CE.NFO,02/01/2024,10:16:35,554.9,562.8,40,564.65,160,0,1640
FINNIFTY02JAN2420800CE.NFO,02/01/2024,10:16:36,554.9,562.95,80,565.25,200,0,1640
FINNIFTY02JAN2420800CE.NFO,02/01/2024,10:16:38,554.9,562.85,40,564.35,200,0,1640
FINNIFTY02JAN2420800CE.NFO,02/01/2024,10:16:40,554.9,562.2,120,564.2,120,0,1640
FINNIFTY02JAN2420800CE.NFO,02/01/2024,10:16:41,554.9,562.8,120,564.6,40,0,1640
FINNIFTY02JAN2420800CE.NFO,02/01/2024,10:16:43,554.9,562.1,40,564.15,40,0,1640
FINNIFTY02JAN2420800CE.NFO,02/01/2024,10:16:45,554.9,561.65,40,563.3,640,0,1640
FINNIFTY02JAN2420800CE.NFO,02/01/2024,10:16:46,554.9,559.8,40,561.85,40,0,1640
FINNIFTY02JAN2420800CE.NFO,02/01/2024,10:16:48,554.9,558.1,40,560,40,0,1640
FINNIFTY02JAN2420800CE.NFO,02/01/2024,10:16:50,554.9,556.75,40,558.6,440,0,1640
FINNIFTY02JAN2420800CE.NFO,02/01/2024,10:16:51,554.9,555.35,120,557.65,1360,0,1640
FINNIFTY02JAN2420800CE.NFO,02/01/2024,10:16:53,554.9,555.2,40,557.3,40,0,1640
FINNIFTY02JAN2420800CE.NFO,02/01/2024,10:16:55,554.9,555.05,40,556.55,320,0,1640
FINNIFTY02JAN2420800CE.NFO,02/01/2024,10:16:56,555,555,200,555.85,40,120,1640
FINNIFTY02JAN2420800CE.NFO,02/01/2024,10:16:58,555,553.6,40,556.45,2080,200,1640
FINNIFTY02JAN2420800CE.NFO,02/01/2024,10:17:00,555,553.8,160,556.1,80,0,1640
FINNIFTY02JAN2420800CE.NFO,02/01/2024,10:17:01,555,554.55,40,556.85,80,0,1640
FINNIFTY02JAN2420800CE.NFO,02/01/2024,10:17:03,555,552.85,160,555.2,40,0,1640
FINNIFTY02JAN2420800CE.NFO,02/01/2024,10:17:05,555,552.5,40,554.6,280,0,1640
FINNIFTY02JAN2420800CE.NFO,02/01/2024,10:17:06,555,549.05,40,551.65,120,0,1640
FINNIFTY02JAN2420800CE.NFO,02/01/2024,10:17:08,555,549.7,120,553.1,240,0,1640
FINNIFTY02JAN2420800CE.NFO,02/01/2024,10:17:10,555,550.6,120,553.25,120,0,1640
FINNIFTY02JAN2420800CE.NFO,02/01/2024,10:17:11,555,551,40,553.5,40,0,1640
FINNIFTY02JAN2420800CE.NFO,02/01/2024,10:17:13,555,550.9,120,553.3,120,0,1640
FINNIFTY02JAN2420800CE.NFO,02/01/2024,10:17:15,555,549.4,80,551.8,40,0,1640
FINNIFTY02JAN2420800CE.NFO,02/01/2024,10:17:16,555,547.4,40,549.8,40,0,1640
FINNIFTY02JAN2420800CE.NFO,02/01/2024,10:17:18,555,548.45,280,550.8,40,0,1640
FINNIFTY02JAN2420800CE.NFO,02/01/2024,10:17:20,555,548.9,320,550.85,200,0,1640
FINNIFTY02JAN2420800CE.NFO,02/01/2024,10:17:21,555,546.45,120,549,80,0,1640
FINNIFTY02JAN2420800CE.NFO,02/01/2024,10:17:23,555,545.95,80,547.55,40,0,1640
FINNIFTY02JAN2420800CE.NFO,02/01/2024,10:17:25,545.95,542.05,200,545.35,240,80,1640
FINNIFTY02JAN2420800CE.NFO,02/01/2024,10:17:26,545.95,543.2,40,546,560,0,1640
FINNIFTY02JAN2420800CE.NFO,02/01/2024,10:17:28,545.95,543,120,545.45,40,0,1640
FINNIFTY02JAN2420800CE.NFO,02/01/2024,10:17:30,545.95,545.55,200,548.3,160,0,1640
FINNIFTY02JAN2420800CE.NFO,02/01/2024,10:17:31,545.95,546.55,40,549.5,320,0,1640
FINNIFTY02JAN2420800CE.NFO,02/01/2024,10:17:33,545.95,546.6,40,549.2,120,0,1640
FINNIFTY02JAN2420800CE.NFO,02/01/2024,10:17:34,545.95,547.9,40,550.05,40,0,1640
FINNIFTY02JAN2420800CE.NFO,02/01/2024,10:17:36,545.95,549.3,120,551.3,80,0,1640
FINNIFTY02JAN2420800CE.NFO,02/01/2024,10:17:38,545.95,548.7,40,551.05,40,0,1640
FINNIFTY02JAN2420800CE.NFO,02/01/2024,10:17:41,545.95,548.9,80,551.15,80,0,1640
FINNIFTY02JAN2420800CE.NFO,02/01/2024,10:17:43,545.95,549.15,120,551.95,40,0,1640
FINNIFTY02JAN2420800CE.NFO,02/01/2024,10:17:45,545.95,549.45,40,551.85,240,0,1640
FINNIFTY02JAN2420800CE.NFO,02/01/2024,10:17:46,545.95,551.6,40,554.05,120,0,1640
FINNIFTY02JAN2420800CE.NFO,02/01/2024,10:17:48,545.95,551.45,120,553.5,80,0,1640
FINNIFTY02JAN2420800CE.NFO,02/01/2024,10:17:50,545.95,550,40,551.95,80,0,1640
FINNIFTY02JAN2420800CE.NFO,02/01/2024,10:17:51,545.95,549.95,40,551.4,40,0,1640
FINNIFTY02JAN2420800CE.NFO,02/01/2024,10:17:53,545.95,551.1,40,553.15,40,0,1640
FINNIFTY02JAN2420800CE.NFO,02/01/2024,10:17:55,545.95,551,40,552.9,80,0,1640
FINNIFTY02JAN2420800CE.NFO,02/01/2024,10:17:56,545.95,549.85,40,551.65,40,0,1640
FINNIFTY02JAN2420800CE.NFO,02/01/2024,10:17:58,545.95,549.9,40,551.85,40,0,1640
FINNIFTY02JAN2420800CE.NFO,02/01/2024,10:18:00,545.95,551.7,40,553.95,40,0,1640
FINNIFTY02JAN2420800CE.NFO,02/01/2024,10:18:01,545.95,553.4,120,555.65,40,0,1640
FINNIFTY02JAN2420800CE.NFO,02/01/2024,10:18:03,545.95,552.1,40,554.45,120,0,1640
FINNIFTY02JAN2420800CE.NFO,02/01/2024,10:18:05,545.95,551.35,40,553.2,40,0,1640
FINNIFTY02JAN2420800CE.NFO,02/01/2024,10:18:06,545.95,551.8,120,554.2,120,0,1640
FINNIFTY02JAN2420800CE.NFO,02/01/2024,10:18:08,545.95,552.45,40,554.35,40,0,1640
FINNIFTY02JAN2420800CE.NFO,02/01/2024,10:18:10,545.95,552.75,80,555.15,280,0,1640
FINNIFTY02JAN2420800CE.NFO,02/01/2024,10:18:11,545.95,553.2,80,555.3,120,0,1640
FINNIFTY02JAN2420800CE.NFO,02/01/2024,10:18:13,545.95,553.7,40,555.85,40,0,1640
FINNIFTY02JAN2420800CE.NFO,02/01/2024,10:18:15,545.95,552.9,320,554.35,40,0,1640
FINNIFTY02JAN2420800CE.NFO,02/01/2024,10:18:16,545.95,551.6,240,553.55,120,0,1640
FINNIFTY02JAN2420800CE.NFO,02/01/2024,10:18:18,545.95,550.4,40,552.75,40,0,1640
FINNIFTY02JAN2420800CE.NFO,02/01/2024,10:18:20,545.95,550.1,200,553.45,680,0,1640
FINNIFTY02JAN2420800CE.NFO,02/01/2024,10:18:21,545.95,549.55,40,551.7,40,0,1640
FINNIFTY02JAN2420800CE.NFO,02/01/2024,10:18:23,545.95,549.75,40,551.95,200,0,1640
FINNIFTY02JAN2420800CE.NFO,02/01/2024,10:18:25,545.95,549.05,40,550.65,40,0,1640
FINNIFTY02JAN2420800CE.NFO,02/01/2024,10:18:26,545.95,548,80,550.25,80,0,1640
FINNIFTY02JAN2420800CE.NFO,02/01/2024,10:18:28,545.95,548.1,120,550.2,280,0,1640
FINNIFTY02JAN2420800CE.NFO,02/01/2024,10:18:30,545.95,547.5,40,549.6,40,0,1640
FINNIFTY02JAN2420800CE.NFO,02/01/2024,10:18:31,545.95,546.6,40,548.8,120,0,1640
FINNIFTY02JAN2420800CE.NFO,02/01/2024,10:18:33,545.95,546.6,40,549.1,360,0,1640
FINNIFTY02JAN2420800CE.NFO,02/01/2024,10:18:35,545.95,547.8,40,550.4,720,0,1640
FINNIFTY02JAN2420800CE.NFO,02/01/2024,10:18:36,545.95,549,40,551.15,40,0,1640
FINNIFTY02JAN2420800CE.NFO,02/01/2024,10:18:38,545.95,547.3,40,549.1,40,0,1640
FINNIFTY02JAN2420800CE.NFO,02/01/2024,10:18:40,545.95,547.75,120,549.85,80,0,1640
FINNIFTY02JAN2420800CE.NFO,02/01/2024,10:18:41,545.95,548.9,40,551.15,160,0,1640
FINNIFTY02JAN2420800CE.NFO,02/01/2024,10:18:43,545.95,548.9,40,550.75,440,0,1640
FINNIFTY02JAN2420800CE.NFO,02/01/2024,10:18:45,545.95,547.85,40,549.6,80,0,1640
FINNIFTY02JAN2420800CE.NFO,02/01/2024,10:18:46,545.95,547.85,40,549.8,120,0,1640
FINNIFTY02JAN2420800CE.NFO,02/01/2024,10:18:48,545.95,549.2,40,551.45,120,0,1640
FINNIFTY02JAN2420800CE.NFO,02/01/2024,10:18:50,545.95,550.65,120,552.8,40,0,1640
FINNIFTY02JAN2420800CE.NFO,02/01/2024,10:18:51,545.95,551.1,120,553.6,240,0,1640
FINNIFTY02JAN2420800CE.NFO,02/01/2024,10:18:53,545.95,551.35,120,553.65,40,0,1640
FINNIFTY02JAN2420800CE.NFO,02/01/2024,10:18:55,545.95,550.75,40,552.65,360,0,1640
FINNIFTY02JAN2420800CE.NFO,02/01/2024,10:18:56,545.95,550.55,40,552.75,40,0,1640
FINNIFTY02JAN2420800CE.NFO,02/01/2024,10:18:58,545.95,550.2,40,552.65,40,0,1640
FINNIFTY02JAN2420800CE.NFO,02/01/2024,10:19:00,545.95,550.4,120,552.5,40,0,1640
FINNIFTY02JAN2420800CE.NFO,02/01/2024,10:19:01,545.95,548.9,40,550.6,80,0,1640
FINNIFTY02JAN2420800CE.NFO,02/01/2024,10:19:03,545.95,549.75,120,552.2,40,0,1640
FINNIFTY02JAN2420800CE.NFO,02/01/2024,10:19:05,545.95,549.8,40,551.6,40,0,1640
FINNIFTY02JAN2420800CE.NFO,02/01/2024,10:19:06,545.95,549.45,120,551.2,80,0,1640
FINNIFTY02JAN2420800CE.NFO,02/01/2024,10:19:08,545.95,548.55,280,550.95,240,0,1640
FINNIFTY02JAN2420800CE.NFO,02/01/2024,10:19:10,545.95,548,40,550.2,120,0,1640
FINNIFTY02JAN2420800CE.NFO,02/01/2024,10:19:11,545.95,548.3,120,550.25,120,0,1640
FINNIFTY02JAN2420800CE.NFO,02/01/2024,10:19:13,545.95,546.5,280,548.9,120,0,1640
FINNIFTY02JAN2420800CE.NFO,02/01/2024,10:19:15,545.95,545.55,120,548.1,200,0,1640
FINNIFTY02JAN2420800CE.NFO,02/01/2024,10:19:16,545.95,543.75,40,546.1,40,0,1640
FINNIFTY02JAN2420800CE.NFO,02/01/2024,10:19:18,545.95,545.05,80,548.4,360,0,1640
FINNIFTY02JAN2420800CE.NFO,02/01/2024,10:19:20,545.95,545,40,546.9,80,0,1640
FINNIFTY02JAN2420800CE.NFO,02/01/2024,10:19:21,545.95,545.3,120,547.85,80,0,1640
FINNIFTY02JAN2420800CE.NFO,02/01/2024,10:19:23,545.95,546.8,40,548.75,40,0,1640
FINNIFTY02JAN2420800CE.NFO,02/01/2024,10:19:25,545.95,545.15,120,547.55,160,0,1640
FINNIFTY02JAN2420800CE.NFO,02/01/2024,10:19:26,545.95,545.95,40,548.05,40,0,1640
FINNIFTY02JAN2420800CE.NFO,02/01/2024,10:19:28,545.95,546.05,120,548.15,40,0,1640
FINNIFTY02JAN2420800CE.NFO,02/01/2024,10:19:30,545.95,546.6,40,549.2,760,0,1640
FINNIFTY02JAN2420800CE.NFO,02/01/2024,10:19:31,545.95,548.2,160,550.6,520,0,1640
FINNIFTY02JAN2420800CE.NFO,02/01/2024,10:19:33,545.95,549.05,120,551.25,80,0,1640
FINNIFTY02JAN2420800CE.NFO,02/01/2024,10:19:35,545.95,548.3,280,550.45,40,0,1640
FINNIFTY02JAN2420800CE.NFO,02/01/2024,10:19:36,545.95,548.15,40,550,40,0,1640
FINNIFTY02JAN2420800CE.NFO,02/01/2024,10:19:38,545.95,549.05,40,551.25,40,0,1640
FINNIFTY02JAN2420800CE.NFO,02/01/2024,10:19:40,545.95,549.9,120,552.15,40,0,1640
FINNIFTY02JAN2420800CE.NFO,02/01/2024,10:19:41,545.95,550.7,40,552.45,80,0,1640
FINNIFTY02JAN2420800CE.NFO,02/01/2024,10:19:43,545.95,550.8,120,552.95,120,0,1640
FINNIFTY02JAN2420800CE.NFO,02/01/2024,10:19:45,545.95,550.8,120,552.75,80,0,1640
FINNIFTY02JAN2420800CE.NFO,02/01/2024,10:19:46,545.95,549.8,80,551.8,120,0,1640
FINNIFTY02JAN2420800CE.NFO,02/01/2024,10:19:48,545.95,549.75,120,552.1,200,0,1640
FINNIFTY02JAN2420800CE.NFO,02/01/2024,10:19:50,545.95,550.35,40,552.3,40,0,1640
FINNIFTY02JAN2420800CE.NFO,02/01/2024,10:19:52,545.95,550.05,120,552.15,120,0,1640
FINNIFTY02JAN2420800CE.NFO,02/01/2024,10:19:53,545.95,550.6,40,552.45,40,0,1640
FINNIFTY02JAN2420800CE.NFO,02/01/2024,10:19:55,545.95,551.45,40,553.85,80,0,1640
FINNIFTY02JAN2420800CE.NFO,02/01/2024,10:19:57,545.95,552.75,40,554.85,120,0,1640
FINNIFTY02JAN2420800CE.NFO,02/01/2024,10:19:58,545.95,553.3,40,555.7,80,0,1640
FINNIFTY02JAN2420800CE.NFO,02/01/2024,10:20:00,545.95,551.75,40,554.05,80,0,1640
FINNIFTY02JAN2420800CE.NFO,02/01/2024,10:20:02,545.95,552.6,40,554.7,560,0,1640
FINNIFTY02JAN2420800CE.NFO,02/01/2024,10:20:03,545.95,553.8,40,556.1,80,0,1640
FINNIFTY02JAN2420800CE.NFO,02/01/2024,10:20:05,545.95,552.7,40,554.6,320,0,1640
FINNIFTY02JAN2420800CE.NFO,02/01/2024,10:20:07,545.95,552.7,40,554.5,440,0,1640
FINNIFTY02JAN2420800CE.NFO,02/01/2024,10:20:08,545.95,551.25,40,553.7,80,0,1640
FINNIFTY02JAN2420800CE.NFO,02/01/2024,10:20:10,545.95,551.3,40,553,120,0,1640
FINNIFTY02JAN2420800CE.NFO,02/01/2024,10:20:12,545.95,549.7,40,552.45,40,0,1640
FINNIFTY02JAN2420800CE.NFO,02/01/2024,10:20:13,545.95,550.25,40,552.85,40,0,1640
FINNIFTY02JAN2420800CE.NFO,02/01/2024,10:20:15,545.95,551.55,40,553.9,640,0,1640
FINNIFTY02JAN2420800CE.NFO,02/01/2024,10:20:17,545.95,550.25,120,552.95,160,0,1640
FINNIFTY02JAN2420800CE.NFO,02/01/2024,10:20:18,545.95,551,40,552.85,80,0,1640
FINNIFTY02JAN2420800CE.NFO,02/01/2024,10:20:20,545.95,551.05,80,553,120,0,1640
FINNIFTY02JAN2420800CE.NFO,02/01/2024,10:20:22,545.95,549.9,80,551.95,40,0,1640
FINNIFTY02JAN2420800CE.NFO,02/01/2024,10:20:23,545.95,548.05,120,550.1,40,0,1640
FINNIFTY02JAN2420800CE.NFO,02/01/2024,10:20:25,545.95,549.5,40,552.1,40,0,1640
FINNIFTY02JAN2420800CE.NFO,02/01/2024,10:20:27,545.95,550,40,552.05,40,0,1640
FINNIFTY02JAN2420800CE.NFO,02/01/2024,10:20:28,545.95,551.25,40,553.9,200,0,1640
FINNIFTY02JAN2420800CE.NFO,02/01/2024,10:20:30,545.95,551.65,120,553.8,40,0,1640
FINNIFTY02JAN2420800CE.NFO,02/01/2024,10:20:31,545.95,551.3,40,552.95,40,0,1640
FINNIFTY02JAN2420800CE.NFO,02/01/2024,10:20:33,545.95,550.45,40,552.75,160,0,1640
FINNIFTY02JAN2420800CE.NFO,02/01/2024,10:20:35,545.95,550.55,40,552.45,160,0,1640
FINNIFTY02JAN2420800CE.NFO,02/01/2024,10:20:36,545.95,551.25,40,553.25,40,0,1640
FINNIFTY02JAN2420800CE.NFO,02/01/2024,10:20:38,545.95,552.65,40,554.8,80,0,1640
FINNIFTY02JAN2420800CE.NFO,02/01/2024,10:20:40,545.95,552.65,40,554.1,80,0,1640
FINNIFTY02JAN2420800CE.NFO,02/01/2024,10:20:41,545.95,551.95,80,553.95,200,0,1640
FINNIFTY02JAN2420800CE.NFO,02/01/2024,10:20:43,545.95,552.05,120,554.1,80,0,1640
FINNIFTY02JAN2420800CE.NFO,02/01/2024,10:20:45,545.95,551.2,240,553.25,80,0,1640
FINNIFTY02JAN2420800CE.NFO,02/01/2024,10:20:46,545.95,551.9,40,553.8,80,0,1640
FINNIFTY02JAN2420800CE.NFO,02/01/2024,10:20:48,545.95,551.25,40,553.3,40,0,1640
FINNIFTY02JAN2420800CE.NFO,02/01/2024,10:20:50,545.95,550.65,40,552.6,680,0,1640
FINNIFTY02JAN2420800CE.NFO,02/01/2024,10:20:51,545.95,550.45,40,552.75,520,0,1640
FINNIFTY02JAN2420800CE.NFO,02/01/2024,10:20:53,545.95,550.55,40,552.7,440,0,1640
FINNIFTY02JAN2420800CE.NFO,02/01/2024,10:20:55,545.95,549.85,40,551.85,80,0,1640
FINNIFTY02JAN2420800CE.NFO,02/01/2024,10:20:56,545.95,550.3,40,552.35,80,0,1640
FINNIFTY02JAN2420800CE.NFO,02/01/2024,10:20:58,545.95,550.5,120,552.4,80,0,1640
FINNIFTY02JAN2420800CE.NFO,02/01/2024,10:21:00,545.95,550.35,40,551.9,840,0,1640
FINNIFTY02JAN2420800CE.NFO,02/01/2024,10:21:01,545.95,548,40,549.75,80,0,1640
FINNIFTY02JAN2420800CE.NFO,02/01/2024,10:21:03,545.95,548,40,550,240,0,1640
FINNIFTY02JAN2420800CE.NFO,02/01/2024,10:21:05,545.95,547.95,320,549.1,40,0,1640
FINNIFTY02JAN2420800CE.NFO,02/01/2024,10:21:06,545.95,546.65,40,548.65,400,0,1640
FINNIFTY02JAN2420800CE.NFO,02/01/2024,10:21:08,545.95,546.75,120,549,960,0,1640
FINNIFTY02JAN2420800CE.NFO,02/01/2024,10:21:10,545.95,546.4,40,548.2,80,0,1640
FINNIFTY02JAN2420800CE.NFO,02/01/2024,10:21:11,545.95,547.1,120,549.8,360,0,1640
FINNIFTY02JAN2420800CE.NFO,02/01/2024,10:21:13,545.95,548.5,40,551.3,120,0,1640
FINNIFTY02JAN2420800CE.NFO,02/01/2024,10:21:15,545.95,548.7,40,550.9,40,0,1640
FINNIFTY02JAN2420800CE.NFO,02/01/2024,10:21:16,545.95,549.55,80,551.7,120,0,1640
FINNIFTY02JAN2420800CE.NFO,02/01/2024,10:21:18,545.95,550.85,40,553.2,40,0,1640
FINNIFTY02JAN2420800CE.NFO,02/01/2024,10:21:20,545.95,552.25,120,554.3,40,0,1640
FINNIFTY02JAN2420800CE.NFO,02/01/2024,10:21:21,545.95,552.8,40,554.85,40,0,1640
FINNIFTY02JAN2420800CE.NFO,02/01/2024,10:21:23,545.95,554.05,320,556.95,3040,0,1640
FINNIFTY02JAN2420800CE.NFO,02/01/2024,10:21:25,545.95,555.75,40,558.45,680,0,1640
FINNIFTY02JAN2420800CE.NFO,02/01/2024,10:21:26,545.95,556.3,120,559.15,840,0,1640
FINNIFTY02JAN2420800CE.NFO,02/01/2024,10:21:28,545.95,557.4,200,560.15,40,0,1640
FINNIFTY02JAN2420800CE.NFO,02/01/2024,10:21:30,545.95,558.8,200,562.2,160,0,1640
FINNIFTY02JAN2420800CE.NFO,02/01/2024,10:21:32,545.95,559.3,40,561.45,200,0,1640
FINNIFTY02JAN2420800CE.NFO,02/01/2024,10:21:33,545.95,558.2,40,560.6,240,0,1640
FINNIFTY02JAN2420800CE.NFO,02/01/2024,10:21:35,545.95,556.4,160,559.1,80,0,1640
FINNIFTY02JAN2420800CE.NFO,02/01/2024,10:21:37,545.95,556.75,40,558.6,440,0,1640
FINNIFTY02JAN2420800CE.NFO,02/01/2024,10:21:38,545.95,556.8,40,558.65,160,0,1640
FINNIFTY02JAN2420800CE.NFO,02/01/2024,10:21:40,545.95,557,40,558.85,200,0,1640
FINNIFTY02JAN2420800CE.NFO,02/01/2024,10:21:42,545.95,553.9,40,556.25,40,0,1640
FINNIFTY02JAN2420800CE.NFO,02/01/2024,10:21:43,545.95,555.45,80,557.9,40,0,1640
FINNIFTY02JAN2420800CE.NFO,02/01/2024,10:21:45,545.95,556.1,80,558.3,40,0,1640
FINNIFTY02JAN2420800CE.NFO,02/01/2024,10:21:47,545.95,556.85,40,559.15,80,0,1640
FINNIFTY02JAN2420800CE.NFO,02/01/2024,10:21:48,545.95,557.85,120,560.05,200,0,1640
FINNIFTY02JAN2420800CE.NFO,02/01/2024,10:21:50,545.95,557.9,80,559.9,160,0,1640
FINNIFTY02JAN2420800CE.NFO,02/01/2024,10:21:52,545.95,556.95,120,558.8,120,0,1640
FINNIFTY02JAN2420800CE.NFO,02/01/2024,10:21:53,545.95,556.9,40,559.55,2080,0,1640
FINNIFTY02JAN2420800CE.NFO,02/01/2024,10:21:55,545.95,557.3,40,558.8,40,0,1640
FINNIFTY02JAN2420800CE.NFO,02/01/2024,10:21:57,545.95,555.25,40,557.35,240,0,1640
FINNIFTY02JAN2420800CE.NFO,02/01/2024,10:21:58,545.95,554.25,240,556.35,40,0,1640
FINNIFTY02JAN2420800CE.NFO,02/01/2024,10:22:00,545.95,553.15,40,555.25,40,0,1640
FINNIFTY02JAN2420800CE.NFO,02/01/2024,10:22:02,545.95,553.35,40,555.3,40,0,1640
FINNIFTY02JAN2420800CE.NFO,02/01/2024,10:22:03,545.95,553.8,40,555.65,80,0,1640
FINNIFTY02JAN2420800CE.NFO,02/01/2024,10:22:05,545.95,552.05,40,553.95,200,0,1640
FINNIFTY02JAN2420800CE.NFO,02/01/2024,10:22:07,545.95,551.55,120,553.65,40,0,1640
FINNIFTY02JAN2420800CE.NFO,02/01/2024,10:22:08,545.95,552.6,80,554.8,120,0,1640
FINNIFTY02JAN2420800CE.NFO,02/01/2024,10:22:10,545.95,551.3,40,553.55,240,0,1640
FINNIFTY02JAN2420800CE.NFO,02/01/2024,10:22:12,545.95,551.6,120,553.95,40,0,1640
FINNIFTY02JAN2420800CE.NFO,02/01/2024,10:22:13,545.95,551.65,40,553.65,80,0,1640
FINNIFTY02JAN2420800CE.NFO,02/01/2024,10:22:15,545.95,549.95,240,552.6,160,0,1640
FINNIFTY02JAN2420800CE.NFO,02/01/2024,10:22:17,545.95,548.65,40,550.65,80,0,1640
FINNIFTY02JAN2420800CE.NFO,02/01/2024,10:22:18,545.95,550.5,40,552.85,80,0,1640
FINNIFTY02JAN2420800CE.NFO,02/01/2024,10:22:20,545.95,549.7,80,551.95,40,0,1640
FINNIFTY02JAN2420800CE.NFO,02/01/2024,10:22:22,545.95,549.6,120,551.35,80,0,1640
FINNIFTY02JAN2420800CE.NFO,02/01/2024,10:22:23,545.95,549.4,120,551.85,1720,0,1640
FINNIFTY02JAN2420800CE.NFO,02/01/2024,10:22:25,545.95,548.5,120,550.6,40,0,1640
FINNIFTY02JAN2420800CE.NFO,02/01/2024,10:22:27,545.95,549.2,40,551.65,120,0,1640
FINNIFTY02JAN2420800CE.NFO,02/01/2024,10:22:28,545.95,549.25,40,550.85,40,0,1640
FINNIFTY02JAN2420800CE.NFO,02/01/2024,10:22:30,545.95,549.55,40,551.6,40,0,1640
FINNIFTY02JAN2420800CE.NFO,02/01/2024,10:22:32,545.95,550,80,552.35,320,0,1640
FINNIFTY02JAN2420800CE.NFO,02/01/2024,10:22:33,545.95,549.7,80,551.65,80,0,1640
FINNIFTY02JAN2420800CE.NFO,02/01/2024,10:22:35,545.95,549.25,40,551.35,40,0,1640
FINNIFTY02JAN2420800CE.NFO,02/01/2024,10:22:37,545.95,548.2,120,550.2,40,0,1640
FINNIFTY02JAN2420800CE.NFO,02/01/2024,10:22:38,545.95,548.4,40,550.25,360,0,1640
FINNIFTY02JAN2420800CE.NFO,02/01/2024,10:22:40,545.95,548.05,80,549.95,40,0,1640
FINNIFTY02JAN2420800CE.NFO,02/01/2024,10:22:42,545.95,547.15,40,549.8,200,0,1640
FINNIFTY02JAN2420800CE.NFO,02/01/2024,10:22:43,545.95,547.7,80,550,80,0,1640
FINNIFTY02JAN2420800CE.NFO,02/01/2024,10:22:45,545.95,547.85,40,550.35,1360,0,1640
FINNIFTY02JAN2420800CE.NFO,02/01/2024,10:22:47,545.95,549.05,120,551.25,80,0,1640
FINNIFTY02JAN2420800CE.NFO,02/01/2024,10:22:48,545.95,550.15,40,552.7,80,0,1640
FINNIFTY02JAN2420800CE.NFO,02/01/2024,10:22:50,545.95,549.2,120,551.25,40,0,1640
FINNIFTY02JAN2420800CE.NFO,02/01/2024,10:22:52,545.95,547.55,120,549.55,40,0,1640
FINNIFTY02JAN2420800CE.NFO,02/01/2024,10:22:53,545.95,547.5,40,549.3,40,0,1640
FINNIFTY02JAN2420800CE.NFO,02/01/2024,10:22:55,545.95,546.6,80,548.5,40,0,1640
FINNIFTY02JAN2420800CE.NFO,02/01/2024,10:22:57,545.95,546.85,120,549.4,240,0,1640
FINNIFTY02JAN2420800CE.NFO,02/01/2024,10:22:58,545.95,547.05,80,549.1,160,0,1640
FINNIFTY02JAN2420800CE.NFO,02/01/2024,10:23:00,545.95,547.4,120,549.9,120,0,1640
FINNIFTY02JAN2420800CE.NFO,02/01/2024,10:23:02,545.95,548.1,40,550.25,80,0,1640
FINNIFTY02JAN2420800CE.NFO,02/01/2024,10:23:03,545.95,549,40,551.6,160,0,1640
FINNIFTY02JAN2420800CE.NFO,02/01/2024,10:23:05,545.95,549.05,40,550.9,200,0,1640
FINNIFTY02JAN2420800CE.NFO,02/01/2024,10:23:07,545.95,548.3,40,550.5,120,0,1640
FINNIFTY02JAN2420800CE.NFO,02/01/2024,10:23:08,545.95,548.25,40,550,40,0,1640
FINNIFTY02JAN2420800CE.NFO,02/01/2024,10:23:10,545.95,548.35,120,550.5,440,0,1640
FINNIFTY02JAN2420800CE.NFO,02/01/2024,10:23:12,545.95,548.3,40,550.45,120,0,1640
FINNIFTY02JAN2420800CE.NFO,02/01/2024,10:23:13,545.95,548.8,40,550.75,80,0,1640
FINNIFTY02JAN2420800CE.NFO,02/01/2024,10:23:15,545.95,548.05,120,550.1,40,0,1640
FINNIFTY02JAN2420800CE.NFO,02/01/2024,10:23:17,545.95,547.8,40,549.65,40,0,1640
FINNIFTY02JAN2420800CE.NFO,02/01/2024,10:23:18,545.95,547.05,40,548.75,80,0,1640
FINNIFTY02JAN2420800CE.NFO,02/01/2024,10:23:20,545.95,546.45,40,548.55,80,0,1640
FINNIFTY02JAN2420800CE.NFO,02/01/2024,10:23:22,545.95,546.5,40,548.25,80,0,1640
FINNIFTY02JAN2420800CE.NFO,02/01/2024,10:23:23,545.95,546.35,40,548.75,240,0,1640
FINNIFTY02JAN2420800CE.NFO,02/01/2024,10:23:25,545.95,548.5,40,550.95,800,0,1640
FINNIFTY02JAN2420800CE.NFO,02/01/2024,10:23:27,545.95,548.55,120,550.85,40,0,1640
FINNIFTY02JAN2420800CE.NFO,02/01/2024,10:23:28,545.95,549.1,80,551.25,40,0,1640
FINNIFTY02JAN2420800CE.NFO,02/01/2024,10:23:30,545.95,549.7,80,551.65,120,0,1640
FINNIFTY02JAN2420800CE.NFO,02/01/2024,10:23:32,545.95,548.05,80,550.5,80,0,1640
FINNIFTY02JAN2420800CE.NFO,02/01/2024,10:23:33,545.95,547.6,40,550.25,1280,0,1640
FINNIFTY02JAN2420800CE.NFO,02/01/2024,10:23:35,545.95,548.25,80,550.25,40,0,1640
FINNIFTY02JAN2420800CE.NFO,02/01/2024,10:23:37,545.95,547.9,40,550.1,40,0,1640
FINNIFTY02JAN2420800CE.NFO,02/01/2024,10:23:38,545.95,548.15,120,550.2,40,0,1640
FINNIFTY02JAN2420800CE.NFO,02/01/2024,10:23:40,545.95,548.05,40,550.2,80,0,1640
FINNIFTY02JAN2420800CE.NFO,02/01/2024,10:23:42,545.95,547.05,280,549.2,80,0,1640
FINNIFTY02JAN2420800CE.NFO,02/01/2024,10:23:43,545.95,547.05,40,548.9,120,0,1640
FINNIFTY02JAN2420800CE.NFO,02/01/2024,10:23:45,545.95,547.55,40,549.55,400,0,1640
FINNIFTY02JAN2420800CE.NFO,02/01/2024,10:23:47,545.95,546.9,40,548.85,80,0,1640
FINNIFTY02JAN2420800CE.NFO,02/01/2024,10:23:48,545.95,547.2,80,549.4,240,0,1640
FINNIFTY02JAN2420800CE.NFO,02/01/2024,10:23:50,545.95,546.2,40,548.45,80,0,1640
FINNIFTY02JAN2420800CE.NFO,02/01/2024,10:23:52,545.95,543.4,200,546.8,120,0,1640
FINNIFTY02JAN2420800CE.NFO,02/01/2024,10:23:53,545.95,543.7,40,546.65,1560,0,1640
FINNIFTY02JAN2420800CE.NFO,02/01/2024,10:23:55,545.95,546,560,548.95,1040,0,1640
FINNIFTY02JAN2420800CE.NFO,02/01/2024,10:23:57,545.95,544.5,40,547,120,0,1640
FINNIFTY02JAN2420800CE.NFO,02/01/2024,10:23:58,545.95,544.85,80,547.2,80,0,1640
FINNIFTY02JAN2420800CE.NFO,02/01/2024,10:24:00,545.95,544.85,40,547.1,120,0,1640
FINNIFTY02JAN2420800CE.NFO,02/01/2024,10:24:02,545.95,547.65,40,549.65,160,0,1640
FINNIFTY02JAN2420800CE.NFO,02/01/2024,10:24:03,545.95,547.85,80,550.3,40,0,1640
FINNIFTY02JAN2420800CE.NFO,02/01/2024,10:24:05,545.95,548.95,40,551.75,840,0,1640
FINNIFTY02JAN2420800CE.NFO,02/01/2024,10:24:07,545.95,550.05,40,552.65,400,0,1640
FINNIFTY02JAN2420800CE.NFO,02/01/2024,10:24:08,545.95,550.65,40,552.9,80,0,1640
FINNIFTY02JAN2420800CE.NFO,02/01/2024,10:24:10,545.95,549.7,40,551.55,120,0,1640
FINNIFTY02JAN2420800CE.NFO,02/01/2024,10:24:12,545.95,548.4,120,550.7,240,0,1640
FINNIFTY02JAN2420800CE.NFO,02/01/2024,10:24:13,545.95,547.3,80,549.85,120,0,1640
FINNIFTY02JAN2420800CE.NFO,02/01/2024,10:24:15,545.95,546.6,40,548.85,40,0,1640
FINNIFTY02JAN2420800CE.NFO,02/01/2024,10:24:17,545.95,548.1,80,550.6,640,0,1640
FINNIFTY02JAN2420800CE.NFO,02/01/2024,10:24:18,545.95,547.8,600,550.4,400,0,1640
FINNIFTY02JAN2420800CE.NFO,02/01/2024,10:24:20,545.95,548.6,120,550.7,120,0,1640
FINNIFTY02JAN2420800CE.NFO,02/01/2024,10:24:22,545.95,546.9,40,549.15,80,0,1640
FINNIFTY02JAN2420800CE.NFO,02/01/2024,10:24:24,545.95,547.1,160,549.6,280,0,1640
FINNIFTY02JAN2420800CE.NFO,02/01/2024,10:24:25,545.95,548.45,120,550.9,400,0,1640
FINNIFTY02JAN2420800CE.NFO,02/01/2024,10:24:27,545.95,548.7,40,550.65,40,0,1640
FINNIFTY02JAN2420800CE.NFO,02/01/2024,10:24:29,545.95,548.15,40,550.4,40,0,1640
FINNIFTY02JAN2420800CE.NFO,02/01/2024,10:24:30,545.95,548.25,40,550.6,40,0,1640
FINNIFTY02JAN2420800CE.NFO,02/01/2024,10:24:32,545.95,549.2,120,551.4,40,0,1640
FINNIFTY02JAN2420800CE.NFO,02/01/2024,10:24:34,545.95,550.7,120,552.85,760,0,1640
FINNIFTY02JAN2420800CE.NFO,02/01/2024,10:24:35,545.95,550.1,280,552.25,520,0,1640
FINNIFTY02JAN2420800CE.NFO,02/01/2024,10:24:37,545.95,548.5,40,550.75,120,0,1640
FINNIFTY02JAN2420800CE.NFO,02/01/2024,10:24:39,545.95,549.45,40,551.75,40,0,1640
FINNIFTY02JAN2420800CE.NFO,02/01/2024,10:24:40,545.95,549.35,80,551.8,280,0,1640
FINNIFTY02JAN2420800CE.NFO,02/01/2024,10:24:42,545.95,549.55,80,551.55,240,0,1640
FINNIFTY02JAN2420800CE.NFO,02/01/2024,10:24:44,545.95,549.05,120,550.95,40,0,1640
FINNIFTY02JAN2420800CE.NFO,02/01/2024,10:24:45,545.95,547.25,80,549.15,40,0,1640
FINNIFTY02JAN2420800CE.NFO,02/01/2024,10:24:47,545.95,547.3,40,549.15,120,0,1640
FINNIFTY02JAN2420800CE.NFO,02/01/2024,10:24:49,545.95,548.1,40,550.3,320,0,1640
FINNIFTY02JAN2420800CE.NFO,02/01/2024,10:24:50,545.95,548.15,40,549.9,40,0,1640
FINNIFTY02JAN2420800CE.NFO,02/01/2024,10:24:52,545.95,546.8,120,549.35,80,0,1640
FINNIFTY02JAN2420800CE.NFO,02/01/2024,10:24:54,545.95,547.5,120,549.55,240,0,1640
FINNIFTY02JAN2420800CE.NFO,02/01/2024,10:24:55,545.95,547.35,40,549.4,40,0,1640
FINNIFTY02JAN2420800CE.NFO,02/01/2024,10:24:57,545.95,547,40,549.15,80,0,1640
FINNIFTY02JAN2420800CE.NFO,02/01/2024,10:24:59,545.95,549.1,200,551.9,80,0,1640
FINNIFTY02JAN2420800CE.NFO,02/01/2024,10:25:00,545.95,548.6,80,551.25,120,0,1640
FINNIFTY02JAN2420800CE.NFO,02/01/2024,10:25:02,545.95,547.35,40,550.15,80,0,1640
FINNIFTY02JAN2420800CE.NFO,02/01/2024,10:25:04,545.95,547.6,40,549.9,40,0,1640
FINNIFTY02JAN2420800CE.NFO,02/01/2024,10:25:05,545.95,547.25,40,549.55,40,0,1640
FINNIFTY02JAN2420800CE.NFO,02/01/2024,10:25:07,545.95,547.75,40,550,40,0,1640
FINNIFTY02JAN2420800CE.NFO,02/01/2024,10:25:09,545.95,548.2,120,550.35,200,0,1640
FINNIFTY02JAN2420800CE.NFO,02/01/2024,10:25:10,545.95,549.1,40,551.75,240,0,1640
FINNIFTY02JAN2420800CE.NFO,02/01/2024,10:25:12,545.95,550.3,120,553,560,0,1640
FINNIFTY02JAN2420800CE.NFO,02/01/2024,10:25:14,545.95,551.3,80,553.45,80,0,1640
FINNIFTY02JAN2420800CE.NFO,02/01/2024,10:25:15,545.95,552.25,40,554.95,1160,0,1640
FINNIFTY02JAN2420800CE.NFO,02/01/2024,10:25:17,545.95,552.15,40,553.85,120,0,1640
FINNIFTY02JAN2420800CE.NFO,02/01/2024,10:25:19,545.95,550.05,240,552.55,280,0,1640
FINNIFTY02JAN2420800CE.NFO,02/01/2024,10:25:20,545.95,549.2,80,551.3,40,0,1640
FINNIFTY02JAN2420800CE.NFO,02/01/2024,10:25:22,545.95,550.65,40,553,1160,0,1640
FINNIFTY02JAN2420800CE.NFO,02/01/2024,10:25:24,545.95,551.45,120,553.45,200,0,1640
FINNIFTY02JAN2420800CE.NFO,02/01/2024,10:25:25,545.95,551.35,40,553.7,240,0,1640
FINNIFTY02JAN2420800CE.NFO,02/01/2024,10:25:27,545.95,551.25,40,552.85,40,0,1640
FINNIFTY02JAN2420800CE.NFO,02/01/2024,10:25:29,545.95,550.65,40,552.7,80,0,1640
FINNIFTY02JAN2420800CE.NFO,02/01/2024,10:25:30,545.95,551,80,552.95,200,0,1640
FINNIFTY02JAN2420800CE.NFO,02/01/2024,10:25:32,545.95,550.05,40,551.85,80,0,1640
FINNIFTY02JAN2420800CE.NFO,02/01/2024,10:25:34,545.95,551.1,40,553,40,0,1640
FINNIFTY02JAN2420800CE.NFO,02/01/2024,10:25:35,545.95,552.4,40,554.4,40,0,1640
FINNIFTY02JAN2420800CE.NFO,02/01/2024,10:25:37,545.95,551.9,40,554.1,80,0,1640
FINNIFTY02JAN2420800CE.NFO,02/01/2024,10:25:39,545.95,551.05,40,552.95,240,0,1640
FINNIFTY02JAN2420800CE.NFO,02/01/2024,10:25:40,545.95,551.45,40,553.95,2240,0,1640
FINNIFTY02JAN2420800CE.NFO,02/01/2024,10:25:42,545.95,551.75,80,553.7,120,0,1640
FINNIFTY02JAN2420800CE.NFO,02/01/2024,10:25:44,545.95,551.1,40,553.15,80,0,1640
FINNIFTY02JAN2420800CE.NFO,02/01/2024,10:25:45,545.95,551.25,40,553.45,240,0,1640
FINNIFTY02JAN2420800CE.NFO,02/01/2024,10:25:47,545.95,551.95,40,554.7,240,0,1640
FINNIFTY02JAN2420800CE.NFO,02/01/2024,10:25:49,545.95,552.85,40,554.6,40,0,1640
FINNIFTY02JAN2420800CE.NFO,02/01/2024,10:25:50,545.95,553.6,40,555.6,80,0,1640
FINNIFTY02JAN2420800CE.NFO,02/01/2024,10:25:52,545.95,553.5,40,555.15,120,0,1640
FINNIFTY02JAN2420800CE.NFO,02/01/2024,10:25:54,545.95,553.8,40,555.35,200,0,1640
FINNIFTY02JAN2420800CE.NFO,02/01/2024,10:25:55,545.95,553.8,40,555.3,40,0,1640
FINNIFTY02JAN2420800CE.NFO,02/01/2024,10:25:57,545.95,551.35,40,553.75,120,0,1640
FINNIFTY02JAN2420800CE.NFO,02/01/2024,10:25:59,545.95,553.1,200,555.35,40,0,1640
FINNIFTY02JAN2420800CE.NFO,02/01/2024,10:26:00,545.95,553.4,40,555.4,120,0,1640
FINNIFTY02JAN2420800CE.NFO,02/01/2024,10:26:02,545.95,552.75,40,554.8,200,0,1640
FINNIFTY02JAN2420800CE.NFO,02/01/2024,10:26:04,545.95,552.4,40,554.45,80,0,1640
FINNIFTY02JAN2420800CE.NFO,02/01/2024,10:26:05,545.95,551.7,40,553.65,40,0,1640
FINNIFTY02JAN2420800CE.NFO,02/01/2024,10:26:07,545.95,550.75,40,552.75,40,0,1640
FINNIFTY02JAN2420800CE.NFO,02/01/2024,10:26:09,545.95,551.8,40,553.95,80,0,1640
FINNIFTY02JAN2420800CE.NFO,02/01/2024,10:26:10,545.95,552.6,80,554.65,40,0,1640
FINNIFTY02JAN2420800CE.NFO,02/01/2024,10:26:12,545.95,551.75,40,553.4,40,0,1640
FINNIFTY02JAN2420800CE.NFO,02/01/2024,10:26:14,545.95,551.2,40,553.4,1040,0,1640
FINNIFTY02JAN2420800CE.NFO,02/01/2024,10:26:15,545.95,552,560,554.7,40,0,1640
FINNIFTY02JAN2420800CE.NFO,02/01/2024,10:26:17,545.95,552,120,554,80,0,1640
FINNIFTY02JAN2420800CE.NFO,02/01/2024,10:26:19,545.95,552.6,40,554.9,120,0,1640
FINNIFTY02JAN2420800CE.NFO,02/01/2024,10:26:20,545.95,551.75,40,553.45,80,0,1640
FINNIFTY02JAN2420800CE.NFO,02/01/2024,10:26:22,545.95,550.65,40,552.5,40,0,1640
FINNIFTY02JAN2420800CE.NFO,02/01/2024,10:26:24,545.95,551.05,40,553.95,5880,0,1640
FINNIFTY02JAN2420800CE.NFO,02/01/2024,10:26:25,545.95,550.3,40,552.8,120,0,1640
FINNIFTY02JAN2420800CE.NFO,02/01/2024,10:26:27,545.95,550.45,80,552.5,200,0,1640
FINNIFTY02JAN2420800CE.NFO,02/01/2024,10:26:29,545.95,550.6,40,552.6,400,0,1640
FINNIFTY02JAN2420800CE.NFO,02/01/2024,10:26:30,545.95,550.05,280,552.1,120,0,1640
FINNIFTY02JAN2420800CE.NFO,02/01/2024,10:26:32,545.95,548.1,40,550.5,80,0,1640
FINNIFTY02JAN2420800CE.NFO,02/01/2024,10:26:34,545.95,543.95,200,548.8,320,0,1640
FINNIFTY02JAN2420800CE.NFO,02/01/2024,10:26:35,545.95,544.15,40,546.9,80,0,1640
FINNIFTY02JAN2420800CE.NFO,02/01/2024,10:26:37,545.95,543.5,120,546.5,80,0,1640
FINNIFTY02JAN2420800CE.NFO,02/01/2024,10:26:39,545.95,545.05,80,547.6,40,0,1640
FINNIFTY02JAN2420800CE.NFO,02/01/2024,10:26:40,545.95,545.35,40,547.65,80,0,1640
FINNIFTY02JAN2420800CE.NFO,02/01/2024,10:26:42,545.95,546.1,40,548.65,40,0,1640
FINNIFTY02JAN2420800CE.NFO,02/01/2024,10:26:44,545.95,544.4,40,546.35,160,0,1640
FINNIFTY02JAN2420800CE.NFO,02/01/2024,10:26:46,545.95,545.1,40,547.25,40,0,1640
FINNIFTY02JAN2420800CE.NFO,02/01/2024,10:26:47,545.95,544.45,40,547.95,80,0,1640
FINNIFTY02JAN2420800CE.NFO,02/01/2024,10:26:49,545.95,546.45,200,548.65,80,0,1640
FINNIFTY02JAN2420800CE.NFO,02/01/2024,10:26:51,545.95,547.75,120,549.95,200,0,1640
FINNIFTY02JAN2420800CE.NFO,02/01/2024,10:26:52,545.95,545.4,40,547.75,40,0,1640
FINNIFTY02JAN2420800CE.NFO,02/01/2024,10:26:54,545.95,547.55,40,549.75,80,0,1640
FINNIFTY02JAN2420800CE.NFO,02/01/2024,10:26:56,545.95,547.05,80,548.95,520,0,1640
FINNIFTY02JAN2420800CE.NFO,02/01/2024,10:26:57,545.95,546.7,40,549.35,120,0,1640
FINNIFTY02JAN2420800CE.NFO,02/01/2024,10:26:59,545.95,547.25,200,549.4,280,0,1640
FINNIFTY02JAN2420800CE.NFO,02/01/2024,10:27:01,545.95,546,160,548.3,120,0,1640
FINNIFTY02JAN2420800CE.NFO,02/01/2024,10:27:02,545.95,547.05,120,549.25,40,0,1640
FINNIFTY02JAN2420800CE.NFO,02/01/2024,10:27:04,545.95,546.2,40,549.2,480,0,1640
FINNIFTY02JAN2420800CE.NFO,02/01/2024,10:27:06,545.95,545.25,120,547.75,80,0,1640
FINNIFTY02JAN2420800CE.NFO,02/01/2024,10:27:07,545.95,545.15,40,547.2,280,0,1640
FINNIFTY02JAN2420800CE.NFO,02/01/2024,10:27:09,547.35,546.05,80,548.2,40,80,1240
FINNIFTY02JAN2420800CE.NFO,02/01/2024,10:27:11,547.35,547.1,120,549.55,120,0,1240
FINNIFTY02JAN2420800CE.NFO,02/01/2024,10:27:12,547.35,544.3,40,548.25,200,0,1240
FINNIFTY02JAN2420800CE.NFO,02/01/2024,10:27:14,547.35,547.2,120,549.9,120,0,1240
FINNIFTY02JAN2420800CE.NFO,02/01/2024,10:27:16,547.35,548.05,120,550.25,40,0,1240
FINNIFTY02JAN2420800CE.NFO,02/01/2024,10:27:17,547.35,548.35,200,550.95,40,0,1240
FINNIFTY02JAN2420800CE.NFO,02/01/2024,10:27:19,547.35,547.95,120,550.2,120,0,1240
FINNIFTY02JAN2420800CE.NFO,02/01/2024,10:27:21,547.35,549.55,80,551.9,1040,0,1240
FINNIFTY02JAN2420800CE.NFO,02/01/2024,10:27:22,547.35,549.7,40,551.3,120,0,1240
FINNIFTY02JAN2420800CE.NFO,02/01/2024,10:27:24,547.35,549.55,40,552,40,0,1240
FINNIFTY02JAN2420800CE.NFO,02/01/2024,10:27:26,547.35,549.95,120,552,40,0,1240
FINNIFTY02JAN2420800CE.NFO,02/01/2024,10:27:27,547.35,550.3,80,552.6,40,0,1240
FINNIFTY02JAN2420800CE.NFO,02/01/2024,10:27:29,547.35,549.05,360,551.25,120,0,1240
FINNIFTY02JAN2420800CE.NFO,02/01/2024,10:27:30,547.35,550.65,80,552.9,40,0,1240
FINNIFTY02JAN2420800CE.NFO,02/01/2024,10:27:32,547.35,551.5,40,553.9,400,0,1240
FINNIFTY02JAN2420800CE.NFO,02/01/2024,10:27:33,547.35,551.9,40,553.85,120,0,1240
FINNIFTY02JAN2420800CE.NFO,02/01/2024,10:27:35,547.35,551.4,120,553.85,1360,0,1240
FINNIFTY02JAN2420800CE.NFO,02/01/2024,10:27:37,547.35,552.7,80,557.3,4280,0,1240
FINNIFTY02JAN2420800CE.NFO,02/01/2024,10:27:38,547.35,553.45,120,555.9,120,0,1240
FINNIFTY02JAN2420800CE.NFO,02/01/2024,10:27:40,547.35,553.85,200,556.45,40,0,1240
FINNIFTY02JAN2420800CE.NFO,02/01/2024,10:27:42,547.35,554.65,120,557,40,0,1240
FINNIFTY02JAN2420800CE.NFO,02/01/2024,10:27:43,547.35,555.4,40,557.75,40,0,1240
FINNIFTY02JAN2420800CE.NFO,02/01/2024,10:27:45,547.35,555.3,120,558.05,40,0,1240
FINNIFTY02JAN2420800CE.NFO,02/01/2024,10:27:47,547.35,553.7,280,555.75,40,0,1240
FINNIFTY02JAN2420800CE.NFO,02/01/2024,10:27:48,547.35,552.2,80,555.2,40,0,1240
FINNIFTY02JAN2420800CE.NFO,02/01/2024,10:27:50,547.35,553.65,120,555.7,120,0,1240
FINNIFTY02JAN2420800CE.NFO,02/01/2024,10:27:52,547.35,552.1,40,553.95,40,0,1240
FINNIFTY02JAN2420800CE.NFO,02/01/2024,10:27:53,547.35,551.3,280,553.25,200,0,1240
FINNIFTY02JAN2420800CE.NFO,02/01/2024,10:27:55,547.35,552.2,120,554.55,80,0,1240
FINNIFTY02JAN2420800CE.NFO,02/01/2024,10:27:57,547.35,552.1,40,553.85,120,0,1240
FINNIFTY02JAN2420800CE.NFO,02/01/2024,10:27:58,547.35,551.35,80,553.4,80,0,1240
FINNIFTY02JAN2420800CE.NFO,02/01/2024,10:28:00,547.35,552.45,40,554.75,40,0,1240
FINNIFTY02JAN2420800CE.NFO,02/01/2024,10:28:02,547.35,552.9,40,554.85,40,0,1240
FINNIFTY02JAN2420800CE.NFO,02/01/2024,10:28:03,547.35,553.4,120,555.25,200,0,1240
FINNIFTY02JAN2420800CE.NFO,02/01/2024,10:28:05,547.35,552.3,120,554.7,200,0,1240
FINNIFTY02JAN2420800CE.NFO,02/01/2024,10:28:07,547.35,552.05,40,554,200,0,1240
FINNIFTY02JAN2420800CE.NFO,02/01/2024,10:28:08,547.35,552.05,40,553.85,40,0,1240
FINNIFTY02JAN2420800CE.NFO,02/01/2024,10:28:10,547.35,552.9,40,555.1,120,0,1240
FINNIFTY02JAN2420800CE.NFO,02/01/2024,10:28:12,547.35,552.2,40,554.5,120,0,1240
FINNIFTY02JAN2420800CE.NFO,02/01/2024,10:28:13,547.35,553.4,120,556.05,80,0,1240
FINNIFTY02JAN2420800CE.NFO,02/01/2024,10:28:15,547.35,554.1,120,556.35,120,0,1240
FINNIFTY02JAN2420800CE.NFO,02/01/2024,10:28:17,547.35,554.25,80,556.5,160,0,1240
FINNIFTY02JAN2420800CE.NFO,02/01/2024,10:28:18,547.35,554.15,40,555.75,120,0,1240
FINNIFTY02JAN2420800CE.NFO,02/01/2024,10:28:20,547.35,553.2,40,555.6,120,0,1240
FINNIFTY02JAN2420800CE.NFO,02/01/2024,10:28:22,547.35,553.8,120,555.8,80,0,1240
FINNIFTY02JAN2420800CE.NFO,02/01/2024,10:28:23,547.35,553.15,120,555.4,200,0,1240
FINNIFTY02JAN2420800CE.NFO,02/01/2024,10:28:25,547.35,552.2,40,554.6,280,0,1240
FINNIFTY02JAN2420800CE.NFO,02/01/2024,10:28:27,547.35,552.6,40,554.2,80,0,1240
FINNIFTY02JAN2420800CE.NFO,02/01/2024,10:28:28,547.35,551.75,160,553.75,80,0,1240
FINNIFTY02JAN2420800CE.NFO,02/01/2024,10:28:30,547.35,551.7,40,553.3,120,0,1240
FINNIFTY02JAN2420800CE.NFO,02/01/2024,10:28:32,547.35,550.95,40,553.35,80,0,1240
FINNIFTY02JAN2420800CE.NFO,02/01/2024,10:28:34,547.35,551.6,120,553.65,160,0,1240
FINNIFTY02JAN2420800CE.NFO,02/01/2024,10:28:35,547.35,552.2,120,554.2,120,0,1240
FINNIFTY02JAN2420800CE.NFO,02/01/2024,10:28:37,547.35,552.8,40,554.65,120,0,1240
FINNIFTY02JAN2420800CE.NFO,02/01/2024,10:28:39,547.35,553.05,80,555.5,40,0,1240
FINNIFTY02JAN2420800CE.NFO,02/01/2024,10:28:40,547.35,553.1,40,554.8,80,0,1240
FINNIFTY02JAN2420800CE.NFO,02/01/2024,10:28:42,547.35,553.3,40,555.4,120,0,1240
FINNIFTY02JAN2420800CE.NFO,02/01/2024,10:28:44,547.35,553.45,40,555.4,120,0,1240
FINNIFTY02JAN2420800CE.NFO,02/01/2024,10:28:45,547.35,553.45,40,555.5,120,0,1240
FINNIFTY02JAN2420800CE.NFO,02/01/2024,10:28:47,547.35,553.45,40,555.7,160,0,1240
FINNIFTY02JAN2420800CE.NFO,02/01/2024,10:28:49,547.35,553,120,555.1,120,0,1240
FINNIFTY02JAN2420800CE.NFO,02/01/2024,10:28:50,547.35,551.65,120,553.8,160,0,1240
FINNIFTY02JAN2420800CE.NFO,02/01/2024,10:28:52,547.35,551.75,40,553.7,40,0,1240
FINNIFTY02JAN2420800CE.NFO,02/01/2024,10:28:54,547.35,551.9,40,554.1,120,0,1240
FINNIFTY02JAN2420800CE.NFO,02/01/2024,10:28:55,547.35,551.3,40,553.65,120,0,1240
FINNIFTY02JAN2420800CE.NFO,02/01/2024,10:28:57,547.35,552.2,80,554.15,40,0,1240
FINNIFTY02JAN2420800CE.NFO,02/01/2024,10:28:59,547.35,551.85,40,553.8,80,0,1240
FINNIFTY02JAN2420800CE.NFO,02/01/2024,10:29:00,547.35,551.05,280,553.35,40,0,1240
FINNIFTY02JAN2420800CE.NFO,02/01/2024,10:29:02,547.35,551.35,200,553.6,320,0,1240
FINNIFTY02JAN2420800CE.NFO,02/01/2024,10:29:04,547.35,551.85,80,553.85,80,0,1240
FINNIFTY02JAN2420800CE.NFO,02/01/2024,10:29:05,547.35,553.7,40,556.1,280,0,1240
FINNIFTY02JAN2420800CE.NFO,02/01/2024,10:29:07,547.35,553.6,40,556.05,320,0,1240
FINNIFTY02JAN2420800CE.NFO,02/01/2024,10:29:09,547.35,553,120,554.95,120,0,1240
FINNIFTY02JAN2420800CE.NFO,02/01/2024,10:29:11,547.35,553.05,120,554.85,120,0,1240
FINNIFTY02JAN2420800CE.NFO,02/01/2024,10:29:12,547.35,553.45,80,555.65,80,0,1240
FINNIFTY02JAN2420800CE.NFO,02/01/2024,10:29:14,547.35,554.65,40,556.6,80,0,1240
FINNIFTY02JAN2420800CE.NFO,02/01/2024,10:29:16,547.35,553.6,120,555.6,80,0,1240
FINNIFTY02JAN2420800CE.NFO,02/01/2024,10:29:17,547.35,554.25,120,556.3,280,0,1240
FINNIFTY02JAN2420800CE.NFO,02/01/2024,10:29:19,547.35,554.65,120,556.9,40,0,1240
FINNIFTY02JAN2420800CE.NFO,02/01/2024,10:29:21,547.35,555.65,120,558.2,40,0,1240
FINNIFTY02JAN2420800CE.NFO,02/01/2024,10:29:22,547.35,557.65,80,560.2,320,0,1240
FINNIFTY02JAN2420800CE.NFO,02/01/2024,10:29:24,547.35,557.35,240,559.7,40,0,1240
FINNIFTY02JAN2420800CE.NFO,02/01/2024,10:29:26,547.35,555.35,120,557.35,120,0,1240
FINNIFTY02JAN2420800CE.NFO,02/01/2024,10:29:27,547.35,555.55,40,557.25,160,0,1240
FINNIFTY02JAN2420800CE.NFO,02/01/2024,10:29:29,547.35,554.65,80,556.4,120,0,1240
FINNIFTY02JAN2420800CE.NFO,02/01/2024,10:29:31,547.35,554,800,556.7,360,0,1240
FINNIFTY02JAN2420800CE.NFO,02/01/2024,10:29:32,547.35,553.55,40,555.95,80,0,1240
FINNIFTY02JAN2420800CE.NFO,02/01/2024,10:29:34,547.35,553.95,40,555.9,200,0,1240
FINNIFTY02JAN2420800CE.NFO,02/01/2024,10:29:36,547.35,553.35,40,555.25,120,0,1240
FINNIFTY02JAN2420800CE.NFO,02/01/2024,10:29:37,547.35,553.35,40,555,160,0,1240
FINNIFTY02JAN2420800CE.NFO,02/01/2024,10:29:39,547.35,554.05,120,556.75,200,0,1240
FINNIFTY02JAN2420800CE.NFO,02/01/2024,10:29:41,547.35,554.4,40,556,120,0,1240
FINNIFTY02JAN2420800CE.NFO,02/01/2024,10:29:42,547.35,553.4,280,555.45,80,0,1240
FINNIFTY02JAN2420800CE.NFO,02/01/2024,10:29:44,547.35,553.5,120,555.4,80,0,1240
FINNIFTY02JAN2420800CE.NFO,02/01/2024,10:29:46,547.35,554.5,40,556.95,560,0,1240
FINNIFTY02JAN2420800CE.NFO,02/01/2024,10:29:47,547.35,554.7,160,556.65,80,0,1240
FINNIFTY02JAN2420800CE.NFO,02/01/2024,10:29:49,547.35,553.6,280,555.7,160,0,1240
FINNIFTY02JAN2420800CE.NFO,02/01/2024,10:29:51,547.35,553.6,40,554.9,120,0,1240
FINNIFTY02JAN2420800CE.NFO,02/01/2024,10:29:52,547.35,553.7,80,555.7,120,0,1240
FINNIFTY02JAN2420800CE.NFO,02/01/2024,10:29:54,547.35,552.65,360,554.85,120,0,1240
FINNIFTY02JAN2420800CE.NFO,02/01/2024,10:29:56,547.35,552.55,80,554.8,120,0,1240
FINNIFTY02JAN2420800CE.NFO,02/01/2024,10:29:57,547.35,552.45,120,554.25,120,0,1240
FINNIFTY02JAN2420800CE.NFO,02/01/2024,10:29:59,547.35,552.8,120,555.15,80,0,1240
FINNIFTY02JAN2420800CE.NFO,02/01/2024,10:30:01,547.35,553.95,40,556.55,160,0,1240
FINNIFTY02JAN2420800CE.NFO,02/01/2024,10:30:02,547.35,554.2,40,556.65,160,0,1240
FINNIFTY02JAN2420800CE.NFO,02/01/2024,10:30:04,547.35,556.15,120,559.6,120,0,1240
FINNIFTY02JAN2420800CE.NFO,02/01/2024,10:30:06,547.35,555.3,200,558.9,320,0,1240
FINNIFTY02JAN2420800CE.NFO,02/01/2024,10:30:07,547.35,555.4,40,557.9,40,0,1240
FINNIFTY02JAN2420800CE.NFO,02/01/2024,10:30:09,547.35,556,40,558.4,120,0,1240
FINNIFTY02JAN2420800CE.NFO,02/01/2024,10:30:11,547.35,555.05,40,556.75,600,0,1240
FINNIFTY02JAN2420800CE.NFO,02/01/2024,10:30:12,547.35,555.4,40,557.9,280,0,1240
FINNIFTY02JAN2420800CE.NFO,02/01/2024,10:30:14,547.35,557.05,40,558.7,120,0,1240
FINNIFTY02JAN2420800CE.NFO,02/01/2024,10:30:16,547.35,557.5,40,559.1,120,0,1240
FINNIFTY02JAN2420800CE.NFO,02/01/2024,10:30:17,547.35,558.1,40,560.35,80,0,1240
FINNIFTY02JAN2420800CE.NFO,02/01/2024,10:30:19,547.35,559.1,40,562.95,40,0,1240
FINNIFTY02JAN2420800CE.NFO,02/01/2024,10:30:21,547.35,562.25,40,564.8,120,0,1240
FINNIFTY02JAN2420800CE.NFO,02/01/2024,10:30:22,547.35,562.2,40,564.7,120,0,1240
FINNIFTY02JAN2420800CE.NFO,02/01/2024,10:30:24,547.35,559.65,40,561.95,360,0,1240
FINNIFTY02JAN2420800CE.NFO,02/01/2024,10:30:26,547.35,560.2,40,562.25,280,0,1240
FINNIFTY02JAN2420800CE.NFO,02/01/2024,10:30:27,547.35,560.3,40,562.35,120,0,1240
FINNIFTY02JAN2420800CE.NFO,02/01/2024,10:30:29,547.35,560.25,80,562.25,120,0,1240
FINNIFTY02JAN2420800CE.NFO,02/01/2024,10:30:30,547.35,560.1,40,562.15,40,0,1240
FINNIFTY02JAN2420800CE.NFO,02/01/2024,10:30:32,547.35,561.35,120,563.45,160,0,1240
FINNIFTY02JAN2420800CE.NFO,02/01/2024,10:30:34,547.35,562.5,40,565.1,240,0,1240
FINNIFTY02JAN2420800CE.NFO,02/01/2024,10:30:35,547.35,561.95,120,564.35,80,0,1240
FINNIFTY02JAN2420800CE.NFO,02/01/2024,10:30:37,547.35,560.35,40,562.7,80,0,1240
FINNIFTY02JAN2420800CE.NFO,02/01/2024,10:30:39,547.35,561.9,120,564.6,160,0,1240
FINNIFTY02JAN2420800CE.NFO,02/01/2024,10:30:40,547.35,562.4,40,564.95,80,0,1240
FINNIFTY02JAN2420800CE.NFO,02/01/2024,10:30:42,547.35,562.7,120,565.15,240,0,1240
FINNIFTY02JAN2420800CE.NFO,02/01/2024,10:30:44,547.35,563.15,40,565.15,120,0,1240
FINNIFTY02JAN2420800CE.NFO,02/01/2024,10:30:45,547.35,563,520,565.6,80,0,1240
FINNIFTY02JAN2420800CE.NFO,02/01/2024,10:30:47,547.35,563.5,40,565.9,120,0,1240
FINNIFTY02JAN2420800CE.NFO,02/01/2024,10:30:49,547.35,564.05,240,566.4,40,0,1240
FINNIFTY02JAN2420800CE.NFO,02/01/2024,10:30:50,547.35,562.25,40,564.6,520,0,1240
FINNIFTY02JAN2420800CE.NFO,02/01/2024,10:30:52,547.35,563,520,565.35,40,0,1240
FINNIFTY02JAN2420800CE.NFO,02/01/2024,10:30:54,547.35,563.1,40,565.6,280,0,1240
FINNIFTY02JAN2420800CE.NFO,02/01/2024,10:30:55,547.35,563.45,80,565.95,480,0,1240
