Ticker,Date,Time,LTP,BuyPrice,BuyQty,SellPrice,SellQty,LTQ,OpenInterest
FINNIFTY02JAN2422100CE.NFO,02/01/2024,09:15:00,0.7,0.55,42720,0.6,12520,10960,1580040
FINNIFTY02JAN2422100CE.NFO,02/01/2024,09:15:00,0.7,0.55,42720,0.6,12520,0,1580040
FINNIFTY02JAN2422100CE.NFO,02/01/2024,09:15:00,0.7,0.55,42720,0.6,12520,0,1580040
FINNIFTY02JAN2422100CE.NFO,02/01/2024,09:15:00,0.55,0.55,42720,0.6,12520,0,1580040
FINNIFTY02JAN2422100CE.NFO,02/01/2024,09:15:02,0.6,0.55,11400,0.6,21880,35400,1580040
FINNIFTY02JAN2422100CE.NFO,02/01/2024,09:15:03,0.6,0.55,9560,0.6,22680,5160,1580040
FINNIFTY02JAN2422100CE.NFO,02/01/2024,09:15:04,0.55,0.55,560,0.6,23640,13800,1580040
FINNIFTY02JAN2422100CE.NFO,02/01/2024,09:15:06,0.6,0.55,40440,0.6,62160,7880,1580040
FINNIFTY02JAN2422100CE.NFO,02/01/2024,09:15:08,0.6,0.55,41200,0.6,63080,3520,1580040
FINNIFTY02JAN2422100CE.NFO,02/01/2024,09:15:09,0.55,0.55,67200,0.6,101560,3440,1580040
FINNIFTY02JAN2422100CE.NFO,02/01/2024,09:15:10,0.55,0.5,87160,0.55,123960,38600,1580040
FINNIFTY02JAN2422100CE.NFO,02/01/2024,09:15:12,0.5,0.5,62400,0.55,131160,31480,1580040
FINNIFTY02JAN2422100CE.NFO,02/01/2024,09:15:12,0.5,0.5,62400,0.55,131160,0,1580040
FINNIFTY02JAN2422100CE.NFO,02/01/2024,09:15:13,0.5,0.5,96840,0.55,132640,1800,1580040
FINNIFTY02JAN2422100CE.NFO,02/01/2024,09:15:15,0.5,0.5,103840,0.55,139840,8120,1580040
FINNIFTY02JAN2422100CE.NFO,02/01/2024,09:15:16,0.55,0.5,122440,0.55,135040,13040,1580040
FINNIFTY02JAN2422100CE.NFO,02/01/2024,09:15:18,0.5,0.5,128640,0.55,135840,9040,1580040
FINNIFTY02JAN2422100CE.NFO,02/01/2024,09:15:19,0.5,0.5,135120,0.55,139200,15000,1580040
FINNIFTY02JAN2422100CE.NFO,02/01/2024,09:15:21,0.5,0.5,143360,0.55,134880,19400,1580040
FINNIFTY02JAN2422100CE.NFO,02/01/2024,09:15:22,0.5,0.5,176600,0.55,177240,10800,1580040
FINNIFTY02JAN2422100CE.NFO,02/01/2024,09:15:24,0.55,0.5,179640,0.55,178640,8480,1580040
FINNIFTY02JAN2422100CE.NFO,02/01/2024,09:15:25,0.5,0.5,176920,0.55,201360,2600,1580040
FINNIFTY02JAN2422100CE.NFO,02/01/2024,09:15:26,0.5,0.5,174400,0.55,212160,4960,1580040
FINNIFTY02JAN2422100CE.NFO,02/01/2024,09:15:28,0.55,0.5,175240,0.55,220160,6000,1580040
FINNIFTY02JAN2422100CE.NFO,02/01/2024,09:15:29,0.5,0.5,160520,0.55,223320,4600,1580040
FINNIFTY02JAN2422100CE.NFO,02/01/2024,09:15:31,0.5,0.5,172320,0.55,225480,12120,1580040
FINNIFTY02JAN2422100CE.NFO,02/01/2024,09:15:32,0.5,0.5,161760,0.55,233680,10720,1580040
FINNIFTY02JAN2422100CE.NFO,02/01/2024,09:15:34,0.5,0.5,150120,0.55,238400,15520,1580040
FINNIFTY02JAN2422100CE.NFO,02/01/2024,09:15:35,0.5,0.5,135280,0.55,240280,8920,1580040
FINNIFTY02JAN2422100CE.NFO,02/01/2024,09:15:36,0.5,0.5,94200,0.55,254800,13080,1580040
FINNIFTY02JAN2422100CE.NFO,02/01/2024,09:15:38,0.5,0.45,380880,0.5,119680,84160,1580040
FINNIFTY02JAN2422100CE.NFO,02/01/2024,09:15:38,0.45,0.45,380880,0.5,119680,0,1580040
FINNIFTY02JAN2422100CE.NFO,02/01/2024,09:15:39,0.5,0.45,369200,0.5,142360,16240,1580040
FINNIFTY02JAN2422100CE.NFO,02/01/2024,09:15:41,0.5,0.45,370640,0.5,147640,3640,1580040
FINNIFTY02JAN2422100CE.NFO,02/01/2024,09:15:42,0.5,0.45,370640,0.5,147600,40,1580040
FINNIFTY02JAN2422100CE.NFO,02/01/2024,09:15:44,0.5,0.45,370520,0.5,149680,280,1580040
FINNIFTY02JAN2422100CE.NFO,02/01/2024,09:15:45,0.5,0.45,370520,0.5,157840,0,1580040
FINNIFTY02JAN2422100CE.NFO,02/01/2024,09:15:46,0.5,0.45,371160,0.5,187440,1000,1580040
FINNIFTY02JAN2422100CE.NFO,02/01/2024,09:15:48,0.45,0.45,369200,0.5,205040,1800,1580040
FINNIFTY02JAN2422100CE.NFO,02/01/2024,09:15:50,0.45,0.45,369080,0.5,216800,120,1580040
FINNIFTY02JAN2422100CE.NFO,02/01/2024,09:15:51,0.45,0.45,367480,0.5,223000,1600,1580040
FINNIFTY02JAN2422100CE.NFO,02/01/2024,09:15:52,0.5,0.45,362200,0.5,227080,8280,1580040
FINNIFTY02JAN2422100CE.NFO,02/01/2024,09:15:54,0.45,0.45,361320,0.5,227920,1000,1580040
FINNIFTY02JAN2422100CE.NFO,02/01/2024,09:15:55,0.45,0.45,361320,0.5,230720,0,1580040
FINNIFTY02JAN2422100CE.NFO,02/01/2024,09:15:57,0.45,0.45,360960,0.5,231000,2320,1580040
FINNIFTY02JAN2422100CE.NFO,02/01/2024,09:15:58,0.5,0.45,371160,0.5,229760,20800,1580040
FINNIFTY02JAN2422100CE.NFO,02/01/2024,09:16:00,0.5,0.45,392760,0.5,231560,0,1580040
FINNIFTY02JAN2422100CE.NFO,02/01/2024,09:16:01,0.45,0.45,395960,0.5,241640,2920,1580040
FINNIFTY02JAN2422100CE.NFO,02/01/2024,09:16:03,0.5,0.45,403800,0.5,245200,22680,1580040
FINNIFTY02JAN2422100CE.NFO,02/01/2024,09:16:04,0.5,0.45,388600,0.5,248640,4480,1580040
FINNIFTY02JAN2422100CE.NFO,02/01/2024,09:16:05,0.5,0.45,378440,0.5,252120,18160,1580040
FINNIFTY02JAN2422100CE.NFO,02/01/2024,09:16:07,0.45,0.45,376880,0.5,251960,4640,1580040
FINNIFTY02JAN2422100CE.NFO,02/01/2024,09:16:08,0.45,0.45,377080,0.5,253400,1000,1580040
FINNIFTY02JAN2422100CE.NFO,02/01/2024,09:16:10,0.5,0.45,376880,0.5,285040,3040,1580040
FINNIFTY02JAN2422100CE.NFO,02/01/2024,09:16:11,0.45,0.45,378400,0.5,285000,120,1580040
FINNIFTY02JAN2422100CE.NFO,02/01/2024,09:16:13,0.45,0.45,379160,0.5,287200,1920,1580040
FINNIFTY02JAN2422100CE.NFO,02/01/2024,09:16:14,0.45,0.45,410160,0.5,293040,8080,1580040
FINNIFTY02JAN2422100CE.NFO,02/01/2024,09:16:16,0.45,0.45,404240,0.5,300600,6800,1580040
FINNIFTY02JAN2422100CE.NFO,02/01/2024,09:16:17,0.45,0.45,405680,0.5,300600,0,1580040
FINNIFTY02JAN2422100CE.NFO,02/01/2024,09:16:18,0.45,0.45,404120,0.5,317600,1600,1580040
FINNIFTY02JAN2422100CE.NFO,02/01/2024,09:16:20,0.45,0.45,403640,0.5,319880,360,1580040
FINNIFTY02JAN2422100CE.NFO,02/01/2024,09:16:21,0.45,0.45,403640,0.5,319880,0,1580040
FINNIFTY02JAN2422100CE.NFO,02/01/2024,09:16:23,0.5,0.45,402000,0.5,321880,1680,1580040
FINNIFTY02JAN2422100CE.NFO,02/01/2024,09:16:24,0.45,0.45,376120,0.5,327200,23560,1580040
FINNIFTY02JAN2422100CE.NFO,02/01/2024,09:16:26,0.45,0.45,364160,0.5,325880,6640,1580040
FINNIFTY02JAN2422100CE.NFO,02/01/2024,09:16:27,0.45,0.45,330680,0.5,328040,22640,1580040
FINNIFTY02JAN2422100CE.NFO,02/01/2024,09:16:29,0.45,0.45,295600,0.5,337440,6800,1580040
FINNIFTY02JAN2422100CE.NFO,02/01/2024,09:16:30,0.45,0.45,300160,0.5,351440,9800,1580040
FINNIFTY02JAN2422100CE.NFO,02/01/2024,09:16:32,0.5,0.45,316880,0.5,355480,4400,1580040
FINNIFTY02JAN2422100CE.NFO,02/01/2024,09:16:33,0.45,0.45,314840,0.5,362680,240,1580040
FINNIFTY02JAN2422100CE.NFO,02/01/2024,09:16:35,0.45,0.45,314840,0.5,365520,0,1580040
FINNIFTY02JAN2422100CE.NFO,02/01/2024,09:16:36,0.45,0.45,315080,0.5,366000,2560,1580040
FINNIFTY02JAN2422100CE.NFO,02/01/2024,09:16:37,0.5,0.45,338120,0.5,371720,3680,1580040
FINNIFTY02JAN2422100CE.NFO,02/01/2024,09:16:39,0.45,0.45,354720,0.5,395240,1800,1580040
FINNIFTY02JAN2422100CE.NFO,02/01/2024,09:16:40,0.45,0.45,352720,0.5,397040,2000,1580040
FINNIFTY02JAN2422100CE.NFO,02/01/2024,09:16:42,0.45,0.45,352120,0.5,400720,600,1580040
FINNIFTY02JAN2422100CE.NFO,02/01/2024,09:16:43,0.5,0.45,347320,0.5,410880,6640,1580040
FINNIFTY02JAN2422100CE.NFO,02/01/2024,09:16:44,0.45,0.45,348400,0.5,413000,9600,1580040
FINNIFTY02JAN2422100CE.NFO,02/01/2024,09:16:46,0.45,0.45,347280,0.5,425080,1480,1580040
FINNIFTY02JAN2422100CE.NFO,02/01/2024,09:16:47,0.45,0.45,353560,0.5,427400,2320,1580040
FINNIFTY02JAN2422100CE.NFO,02/01/2024,09:16:49,0.45,0.45,355040,0.5,430440,3080,1580040
FINNIFTY02JAN2422100CE.NFO,02/01/2024,09:16:50,0.45,0.45,355520,0.5,432440,2880,1580040
FINNIFTY02JAN2422100CE.NFO,02/01/2024,09:16:51,0.45,0.45,354360,0.5,432520,3600,1580040
FINNIFTY02JAN2422100CE.NFO,02/01/2024,09:16:53,0.45,0.45,352120,0.5,433120,4800,1580040
FINNIFTY02JAN2422100CE.NFO,02/01/2024,09:16:54,0.45,0.45,322840,0.5,433080,13160,1580040
FINNIFTY02JAN2422100CE.NFO,02/01/2024,09:16:56,0.45,0.45,291840,0.5,434920,7640,1580040
FINNIFTY02JAN2422100CE.NFO,02/01/2024,09:16:57,0.5,0.45,294680,0.5,435440,8480,1580040
FINNIFTY02JAN2422100CE.NFO,02/01/2024,09:16:59,0.45,0.45,284960,0.5,457840,10080,1580040
FINNIFTY02JAN2422100CE.NFO,02/01/2024,09:17:00,0.45,0.45,281960,0.5,461000,4000,1580040
FINNIFTY02JAN2422100CE.NFO,02/01/2024,09:17:02,0.45,0.45,324040,0.5,488280,4600,1580040
FINNIFTY02JAN2422100CE.NFO,02/01/2024,09:17:03,0.45,0.45,324040,0.5,488320,0,1580040
FINNIFTY02JAN2422100CE.NFO,02/01/2024,09:17:05,0.45,0.45,340320,0.5,490120,0,1580040
FINNIFTY02JAN2422100CE.NFO,02/01/2024,09:17:06,0.45,0.45,340320,0.5,490080,0,1580040
FINNIFTY02JAN2422100CE.NFO,02/01/2024,09:17:08,0.45,0.45,327600,0.5,490480,11840,1580040
FINNIFTY02JAN2422100CE.NFO,02/01/2024,09:17:09,0.5,0.45,289520,0.5,506880,3880,1580040
FINNIFTY02JAN2422100CE.NFO,02/01/2024,09:17:11,0.45,0.45,275520,0.5,506680,11720,1580040
FINNIFTY02JAN2422100CE.NFO,02/01/2024,09:17:12,0.45,0.45,245880,0.5,515960,11640,1580040
FINNIFTY02JAN2422100CE.NFO,02/01/2024,09:17:14,0.45,0.45,135400,0.5,475120,59360,1580040
FINNIFTY02JAN2422100CE.NFO,02/01/2024,09:17:15,0.45,0.45,186960,0.5,491400,21840,1580040
FINNIFTY02JAN2422100CE.NFO,02/01/2024,09:17:17,0.5,0.45,170880,0.5,492520,26000,1580040
FINNIFTY02JAN2422100CE.NFO,02/01/2024,09:17:18,0.45,0.4,622480,0.45,119040,56960,1580040
FINNIFTY02JAN2422100CE.NFO,02/01/2024,09:17:18,0.4,0.4,622480,0.45,119040,0,1580040
FINNIFTY02JAN2422100CE.NFO,02/01/2024,09:17:19,0.45,0.4,628480,0.45,172040,40,1580040
FINNIFTY02JAN2422100CE.NFO,02/01/2024,09:17:21,0.4,0.4,632000,0.45,259880,960,1580040
FINNIFTY02JAN2422100CE.NFO,02/01/2024,09:17:22,0.4,0.4,647400,0.45,259640,11760,1746320
FINNIFTY02JAN2422100CE.NFO,02/01/2024,09:17:23,0.4,0.4,668600,0.45,259640,0,1746320
FINNIFTY02JAN2422100CE.NFO,02/01/2024,09:17:25,0.45,0.4,687600,0.45,260440,9200,1746320
FINNIFTY02JAN2422100CE.NFO,02/01/2024,09:17:26,0.45,0.4,696200,0.45,258600,7840,1746320
FINNIFTY02JAN2422100CE.NFO,02/01/2024,09:17:28,0.45,0.4,696200,0.45,258600,0,1746320
FINNIFTY02JAN2422100CE.NFO,02/01/2024,09:17:29,0.45,0.4,732880,0.45,365720,38800,1746320
FINNIFTY02JAN2422100CE.NFO,02/01/2024,09:17:30,0.45,0.4,733240,0.45,377720,3960,1746320
FINNIFTY02JAN2422100CE.NFO,02/01/2024,09:17:32,0.45,0.4,733240,0.45,377440,1200,1746320
FINNIFTY02JAN2422100CE.NFO,02/01/2024,09:17:33,0.4,0.4,741000,0.45,356120,39840,1746320
FINNIFTY02JAN2422100CE.NFO,02/01/2024,09:17:35,0.4,0.4,740240,0.45,333360,47280,1746320
FINNIFTY02JAN2422100CE.NFO,02/01/2024,09:17:36,0.4,0.4,740240,0.45,333360,0,1746320
FINNIFTY02JAN2422100CE.NFO,02/01/2024,09:17:38,0.4,0.4,742040,0.45,325360,13920,1746320
FINNIFTY02JAN2422100CE.NFO,02/01/2024,09:17:39,0.4,0.4,742040,0.45,332560,0,1746320
FINNIFTY02JAN2422100CE.NFO,02/01/2024,09:17:41,0.45,0.4,736280,0.45,324360,35520,1746320
FINNIFTY02JAN2422100CE.NFO,02/01/2024,09:17:42,0.4,0.4,734480,0.45,325160,2800,1746320
FINNIFTY02JAN2422100CE.NFO,02/01/2024,09:17:44,0.4,0.4,732960,0.45,325000,3480,1746320
FINNIFTY02JAN2422100CE.NFO,02/01/2024,09:17:45,0.4,0.4,730200,0.45,336960,2760,1746320
FINNIFTY02JAN2422100CE.NFO,02/01/2024,09:17:47,0.4,0.4,727160,0.45,336760,5040,1746320
FINNIFTY02JAN2422100CE.NFO,02/01/2024,09:17:48,0.4,0.4,728960,0.45,338840,1800,1746320
FINNIFTY02JAN2422100CE.NFO,02/01/2024,09:17:50,0.45,0.4,744680,0.45,353640,1880,1746320
FINNIFTY02JAN2422100CE.NFO,02/01/2024,09:17:51,0.45,0.4,753080,0.45,340880,1800,1746320
FINNIFTY02JAN2422100CE.NFO,02/01/2024,09:17:53,0.45,0.4,765040,0.45,352240,4200,1746320
FINNIFTY02JAN2422100CE.NFO,02/01/2024,09:17:54,0.45,0.4,767800,0.45,292200,33880,1746320
FINNIFTY02JAN2422100CE.NFO,02/01/2024,09:17:56,0.45,0.4,767720,0.45,286600,5600,1746320
FINNIFTY02JAN2422100CE.NFO,02/01/2024,09:17:57,0.45,0.4,767200,0.45,316480,2320,1746320
FINNIFTY02JAN2422100CE.NFO,02/01/2024,09:17:59,0.45,0.4,767200,0.45,317240,0,1746320
FINNIFTY02JAN2422100CE.NFO,02/01/2024,09:18:00,0.45,0.4,767200,0.45,299040,960,1746320
FINNIFTY02JAN2422100CE.NFO,02/01/2024,09:18:01,0.45,0.45,228040,0.5,322000,285560,1746320
FINNIFTY02JAN2422100CE.NFO,02/01/2024,09:18:03,0.45,0.45,231640,0.5,323000,0,1746320
FINNIFTY02JAN2422100CE.NFO,02/01/2024,09:18:05,0.45,0.45,287040,0.5,320000,6800,1746320
FINNIFTY02JAN2422100CE.NFO,02/01/2024,09:18:06,0.5,0.45,290640,0.5,320000,1800,1746320
FINNIFTY02JAN2422100CE.NFO,02/01/2024,09:18:07,0.5,0.45,295040,0.5,323000,3840,1746320
FINNIFTY02JAN2422100CE.NFO,02/01/2024,09:18:09,0.45,0.45,310800,0.5,324560,3320,1746320
FINNIFTY02JAN2422100CE.NFO,02/01/2024,09:18:10,0.45,0.45,329440,0.5,325800,0,1746320
FINNIFTY02JAN2422100CE.NFO,02/01/2024,09:18:12,0.45,0.45,332840,0.5,328360,1400,1746320
FINNIFTY02JAN2422100CE.NFO,02/01/2024,09:18:13,0.45,0.45,334000,0.5,326600,520,1746320
FINNIFTY02JAN2422100CE.NFO,02/01/2024,09:18:15,0.5,0.45,335000,0.5,323040,3600,1746320
FINNIFTY02JAN2422100CE.NFO,02/01/2024,09:18:16,0.5,0.45,336160,0.5,320600,2440,1746320
FINNIFTY02JAN2422100CE.NFO,02/01/2024,09:18:18,0.45,0.45,336760,0.5,322960,1760,1746320
FINNIFTY02JAN2422100CE.NFO,02/01/2024,09:18:19,0.45,0.45,343560,0.5,323520,1240,1746320
FINNIFTY02JAN2422100CE.NFO,02/01/2024,09:18:21,0.45,0.45,343440,0.5,323720,120,1746320
FINNIFTY02JAN2422100CE.NFO,02/01/2024,09:18:22,0.45,0.45,343840,0.5,332120,17840,1746320
FINNIFTY02JAN2422100CE.NFO,02/01/2024,09:18:24,0.5,0.45,339560,0.5,334080,12800,1746320
FINNIFTY02JAN2422100CE.NFO,02/01/2024,09:18:25,0.5,0.45,335960,0.5,334040,1800,1746320
FINNIFTY02JAN2422100CE.NFO,02/01/2024,09:18:27,0.5,0.45,335000,0.5,333240,800,1746320
FINNIFTY02JAN2422100CE.NFO,02/01/2024,09:18:28,0.5,0.45,335000,0.5,336640,3000,1746320
FINNIFTY02JAN2422100CE.NFO,02/01/2024,09:18:30,0.5,0.45,335000,0.5,336640,0,1746320
FINNIFTY02JAN2422100CE.NFO,02/01/2024,09:18:31,0.5,0.45,335000,0.5,334840,1800,1746320
FINNIFTY02JAN2422100CE.NFO,02/01/2024,09:18:32,0.5,0.45,335000,0.5,334960,120,1746320
FINNIFTY02JAN2422100CE.NFO,02/01/2024,09:18:34,0.45,0.45,335080,0.5,334960,200,1746320
FINNIFTY02JAN2422100CE.NFO,02/01/2024,09:18:35,0.5,0.45,335080,0.5,333320,1800,1746320
FINNIFTY02JAN2422100CE.NFO,02/01/2024,09:18:37,0.5,0.45,335480,0.5,330840,5400,1746320
FINNIFTY02JAN2422100CE.NFO,02/01/2024,09:18:38,0.5,0.45,335480,0.5,331120,1880,1746320
FINNIFTY02JAN2422100CE.NFO,02/01/2024,09:18:39,0.5,0.45,335480,0.5,332720,0,1746320
FINNIFTY02JAN2422100CE.NFO,02/01/2024,09:18:41,0.5,0.45,335480,0.5,334520,0,1746320
FINNIFTY02JAN2422100CE.NFO,02/01/2024,09:18:43,0.45,0.45,335680,0.5,337520,1800,1746320
FINNIFTY02JAN2422100CE.NFO,02/01/2024,09:18:45,0.45,0.45,334840,0.5,348680,0,1746320
FINNIFTY02JAN2422100CE.NFO,02/01/2024,09:18:46,0.5,0.45,334840,0.5,350360,120,1746320
FINNIFTY02JAN2422100CE.NFO,02/01/2024,09:18:48,0.5,0.45,334120,0.5,348200,5600,1746320
FINNIFTY02JAN2422100CE.NFO,02/01/2024,09:18:49,0.5,0.45,334520,0.5,345000,3600,1746320
FINNIFTY02JAN2422100CE.NFO,02/01/2024,09:18:51,0.45,0.45,333880,0.5,349400,5480,1746320
FINNIFTY02JAN2422100CE.NFO,02/01/2024,09:18:52,0.45,0.45,333440,0.5,349400,440,1746320
FINNIFTY02JAN2422100CE.NFO,02/01/2024,09:18:54,0.45,0.45,335000,0.5,349400,240,1746320
FINNIFTY02JAN2422100CE.NFO,02/01/2024,09:18:55,0.45,0.45,334840,0.5,349480,1160,1746320
FINNIFTY02JAN2422100CE.NFO,02/01/2024,09:18:57,0.45,0.45,335680,0.5,349920,1160,1746320
FINNIFTY02JAN2422100CE.NFO,02/01/2024,09:18:58,0.45,0.45,335440,0.5,349920,240,1746320
FINNIFTY02JAN2422100CE.NFO,02/01/2024,09:18:59,0.45,0.45,334880,0.5,349920,560,1746320
FINNIFTY02JAN2422100CE.NFO,02/01/2024,09:19:01,0.45,0.45,336200,0.5,350280,440,1746320
FINNIFTY02JAN2422100CE.NFO,02/01/2024,09:19:03,0.45,0.45,332640,0.5,351400,9200,1746320
FINNIFTY02JAN2422100CE.NFO,02/01/2024,09:19:04,0.5,0.45,363200,0.5,353680,1200,1746320
FINNIFTY02JAN2422100CE.NFO,02/01/2024,09:19:06,0.45,0.45,363240,0.5,354240,1800,1746320
FINNIFTY02JAN2422100CE.NFO,02/01/2024,09:19:07,0.45,0.45,362200,0.5,354640,1040,1746320
FINNIFTY02JAN2422100CE.NFO,02/01/2024,09:19:08,0.5,0.45,362520,0.5,353640,1600,1746320
FINNIFTY02JAN2422100CE.NFO,02/01/2024,09:19:10,0.5,0.45,362520,0.5,354000,40,1746320
FINNIFTY02JAN2422100CE.NFO,02/01/2024,09:19:11,0.45,0.45,362280,0.5,355400,240,1746320
FINNIFTY02JAN2422100CE.NFO,02/01/2024,09:19:13,0.45,0.45,408000,0.5,356960,3200,1746320
FINNIFTY02JAN2422100CE.NFO,02/01/2024,09:19:14,0.45,0.45,407880,0.5,362000,9000,1746320
FINNIFTY02JAN2422100CE.NFO,02/01/2024,09:19:16,0.45,0.45,408240,0.5,366440,3600,1746320
FINNIFTY02JAN2422100CE.NFO,02/01/2024,09:19:17,0.5,0.45,408240,0.5,364640,1800,1746320
FINNIFTY02JAN2422100CE.NFO,02/01/2024,09:19:19,0.5,0.45,407680,0.5,365960,5400,1746320
FINNIFTY02JAN2422100CE.NFO,02/01/2024,09:19:20,0.45,0.45,402440,0.5,366280,5600,1746320
FINNIFTY02JAN2422100CE.NFO,02/01/2024,09:19:22,0.5,0.45,402440,0.5,364920,1400,1746320
FINNIFTY02JAN2422100CE.NFO,02/01/2024,09:19:23,0.45,0.45,396280,0.5,363200,6160,1746320
FINNIFTY02JAN2422100CE.NFO,02/01/2024,09:19:24,0.5,0.45,397080,0.5,362920,200,1746320
FINNIFTY02JAN2422100CE.NFO,02/01/2024,09:19:26,0.45,0.45,396880,0.5,362880,1800,1746320
FINNIFTY02JAN2422100CE.NFO,02/01/2024,09:19:27,0.45,0.45,396880,0.5,363880,0,1746320
FINNIFTY02JAN2422100CE.NFO,02/01/2024,09:19:29,0.45,0.45,396880,0.5,364480,0,1746320
FINNIFTY02JAN2422100CE.NFO,02/01/2024,09:19:30,0.5,0.45,396880,0.5,364320,160,1746320
FINNIFTY02JAN2422100CE.NFO,02/01/2024,09:19:32,0.5,0.45,395280,0.5,361120,3160,1746320
FINNIFTY02JAN2422100CE.NFO,02/01/2024,09:19:33,0.45,0.45,390480,0.5,361960,4800,1746320
FINNIFTY02JAN2422100CE.NFO,02/01/2024,09:19:35,0.45,0.45,390480,0.5,361960,0,1746320
FINNIFTY02JAN2422100CE.NFO,02/01/2024,09:19:37,0.45,0.45,389920,0.5,362200,560,1746320
FINNIFTY02JAN2422100CE.NFO,02/01/2024,09:19:38,0.45,0.45,389920,0.5,364400,0,1746320
FINNIFTY02JAN2422100CE.NFO,02/01/2024,09:19:40,0.5,0.45,382720,0.5,364400,7240,1746320
FINNIFTY02JAN2422100CE.NFO,02/01/2024,09:19:41,0.5,0.45,382720,0.5,352680,0,1746320
FINNIFTY02JAN2422100CE.NFO,02/01/2024,09:19:43,0.45,0.45,378800,0.5,350840,3920,1746320
FINNIFTY02JAN2422100CE.NFO,02/01/2024,09:19:45,0.5,0.45,378560,0.5,338240,16200,1746320
FINNIFTY02JAN2422100CE.NFO,02/01/2024,09:19:46,0.45,0.45,378120,0.5,336680,1880,1746320
FINNIFTY02JAN2422100CE.NFO,02/01/2024,09:19:48,0.5,0.45,383200,0.5,318720,15480,1746320
FINNIFTY02JAN2422100CE.NFO,02/01/2024,09:19:50,0.45,0.45,375840,0.5,300120,22280,1746320
FINNIFTY02JAN2422100CE.NFO,02/01/2024,09:19:51,0.45,0.45,330880,0.5,305280,920,1746320
FINNIFTY02JAN2422100CE.NFO,02/01/2024,09:19:53,0.45,0.45,332200,0.5,306000,480,1746320
FINNIFTY02JAN2422100CE.NFO,02/01/2024,09:19:55,0.5,0.45,330920,0.5,306600,880,1746320
FINNIFTY02JAN2422100CE.NFO,02/01/2024,09:19:56,0.45,0.45,330760,0.5,310920,2520,1746320
FINNIFTY02JAN2422100CE.NFO,02/01/2024,09:19:58,0.45,0.45,330280,0.5,312680,480,1746320
FINNIFTY02JAN2422100CE.NFO,02/01/2024,09:20:00,0.45,0.45,328160,0.5,312720,360,1746320
FINNIFTY02JAN2422100CE.NFO,02/01/2024,09:20:01,0.5,0.45,314520,0.5,312560,5920,1746320
FINNIFTY02JAN2422100CE.NFO,02/01/2024,09:20:03,0.5,0.45,310120,0.5,295000,23520,1746320
FINNIFTY02JAN2422100CE.NFO,02/01/2024,09:20:05,0.45,0.45,293920,0.5,293240,3600,1746320
FINNIFTY02JAN2422100CE.NFO,02/01/2024,09:20:06,0.45,0.45,282280,0.5,291040,8240,1746320
FINNIFTY02JAN2422100CE.NFO,02/01/2024,09:20:08,0.45,0.45,282280,0.5,291040,0,1746320
FINNIFTY02JAN2422100CE.NFO,02/01/2024,09:20:10,0.45,0.45,280200,0.5,290080,6680,1746320
FINNIFTY02JAN2422100CE.NFO,02/01/2024,09:20:11,0.5,0.45,147880,0.5,225280,174160,1746320
FINNIFTY02JAN2422100CE.NFO,02/01/2024,09:20:13,0.45,0.45,200400,0.5,225360,3360,1746320
FINNIFTY02JAN2422100CE.NFO,02/01/2024,09:20:15,0.45,0.45,197240,0.5,225360,3200,1746320
FINNIFTY02JAN2422100CE.NFO,02/01/2024,09:20:16,0.45,0.45,157120,0.5,227160,11520,1746320
FINNIFTY02JAN2422100CE.NFO,02/01/2024,09:20:18,0.45,0.45,156480,0.5,232120,16640,1746320
FINNIFTY02JAN2422100CE.NFO,02/01/2024,09:20:20,0.45,0.45,136360,0.5,235520,7040,1746320
FINNIFTY02JAN2422100CE.NFO,02/01/2024,09:20:21,0.4,0.4,628440,0.45,294480,82840,1746320
FINNIFTY02JAN2422100CE.NFO,02/01/2024,09:20:23,0.4,0.4,639800,0.45,337920,0,1746320
FINNIFTY02JAN2422100CE.NFO,02/01/2024,09:20:25,0.4,0.4,639800,0.45,356800,0,1746320
FINNIFTY02JAN2422100CE.NFO,02/01/2024,09:20:26,0.4,0.4,639520,0.45,356520,280,1843600
FINNIFTY02JAN2422100CE.NFO,02/01/2024,09:20:28,0.4,0.4,639200,0.45,358320,320,1843600
FINNIFTY02JAN2422100CE.NFO,02/01/2024,09:20:29,0.4,0.4,637400,0.45,376320,1800,1843600
FINNIFTY02JAN2422100CE.NFO,02/01/2024,09:20:31,0.4,0.4,633120,0.45,397520,4200,1843600
FINNIFTY02JAN2422100CE.NFO,02/01/2024,09:20:33,0.4,0.4,633120,0.45,399720,0,1843600
FINNIFTY02JAN2422100CE.NFO,02/01/2024,09:20:34,0.45,0.4,636680,0.45,404080,1800,1843600
FINNIFTY02JAN2422100CE.NFO,02/01/2024,09:20:36,0.45,0.4,650840,0.45,426400,3600,1843600
FINNIFTY02JAN2422100CE.NFO,02/01/2024,09:20:38,0.4,0.4,655840,0.45,426400,400,1843600
FINNIFTY02JAN2422100CE.NFO,02/01/2024,09:20:39,0.4,0.4,655840,0.45,425240,0,1843600
FINNIFTY02JAN2422100CE.NFO,02/01/2024,09:20:41,0.45,0.4,654240,0.45,432280,2200,1843600
FINNIFTY02JAN2422100CE.NFO,02/01/2024,09:20:43,0.45,0.4,654240,0.45,432520,0,1843600
FINNIFTY02JAN2422100CE.NFO,02/01/2024,09:20:44,0.4,0.4,643080,0.45,434320,11160,1843600
FINNIFTY02JAN2422100CE.NFO,02/01/2024,09:20:46,0.45,0.4,642760,0.45,439320,2120,1843600
FINNIFTY02JAN2422100CE.NFO,02/01/2024,09:20:48,0.45,0.4,642760,0.45,437240,2080,1843600
FINNIFTY02JAN2422100CE.NFO,02/01/2024,09:20:49,0.45,0.4,640960,0.45,438040,2800,1843600
FINNIFTY02JAN2422100CE.NFO,02/01/2024,09:20:51,0.45,0.4,640960,0.45,439160,560,1843600
FINNIFTY02JAN2422100CE.NFO,02/01/2024,09:20:53,0.4,0.4,628160,0.45,439160,200,1843600
FINNIFTY02JAN2422100CE.NFO,02/01/2024,09:20:54,0.4,0.4,628160,0.45,439200,0,1843600
FINNIFTY02JAN2422100CE.NFO,02/01/2024,09:20:56,0.4,0.4,828160,0.45,439200,0,1843600
FINNIFTY02JAN2422100CE.NFO,02/01/2024,09:20:58,0.4,0.4,828160,0.45,440440,0,1843600
FINNIFTY02JAN2422100CE.NFO,02/01/2024,09:20:59,0.45,0.4,828240,0.45,439920,800,1843600
FINNIFTY02JAN2422100CE.NFO,02/01/2024,09:21:01,0.45,0.4,829040,0.45,433640,6320,1843600
FINNIFTY02JAN2422100CE.NFO,02/01/2024,09:21:03,0.4,0.4,828920,0.45,443040,120,1843600
FINNIFTY02JAN2422100CE.NFO,02/01/2024,09:21:04,0.45,0.4,829600,0.45,440840,6880,1843600
FINNIFTY02JAN2422100CE.NFO,02/01/2024,09:21:06,0.45,0.4,829600,0.45,441160,400,1843600
FINNIFTY02JAN2422100CE.NFO,02/01/2024,09:21:08,0.45,0.4,831000,0.45,440560,5040,1843600
FINNIFTY02JAN2422100CE.NFO,02/01/2024,09:21:09,0.4,0.4,828680,0.45,441560,2720,1843600
FINNIFTY02JAN2422100CE.NFO,02/01/2024,09:21:11,0.4,0.4,826600,0.45,442400,3800,1843600
FINNIFTY02JAN2422100CE.NFO,02/01/2024,09:21:13,0.45,0.4,826560,0.45,442160,1920,1843600
FINNIFTY02JAN2422100CE.NFO,02/01/2024,09:21:14,0.45,0.4,826760,0.45,443320,1280,1843600
FINNIFTY02JAN2422100CE.NFO,02/01/2024,09:21:16,0.45,0.4,820080,0.45,431360,2920,1843600
FINNIFTY02JAN2422100CE.NFO,02/01/2024,09:21:18,0.45,0.4,823400,0.45,445320,1280,1843600
FINNIFTY02JAN2422100CE.NFO,02/01/2024,09:21:19,0.45,0.4,828400,0.45,442680,3600,1843600
FINNIFTY02JAN2422100CE.NFO,02/01/2024,09:21:21,0.4,0.4,828320,0.45,443320,40,1843600
FINNIFTY02JAN2422100CE.NFO,02/01/2024,09:21:23,0.4,0.4,827320,0.45,443320,1000,1843600
FINNIFTY02JAN2422100CE.NFO,02/01/2024,09:21:24,0.4,0.4,827320,0.45,443320,0,1843600
FINNIFTY02JAN2422100CE.NFO,02/01/2024,09:21:26,0.4,0.4,842640,0.45,442520,880,1843600
FINNIFTY02JAN2422100CE.NFO,02/01/2024,09:21:28,0.45,0.4,855280,0.45,441720,2600,1843600
FINNIFTY02JAN2422100CE.NFO,02/01/2024,09:21:29,0.4,0.4,869160,0.45,443200,1960,1843600
FINNIFTY02JAN2422100CE.NFO,02/01/2024,09:21:34,0.45,0.4,871800,0.45,440600,11320,1843600
FINNIFTY02JAN2422100CE.NFO,02/01/2024,09:21:46,0.45,0.4,865880,0.45,466280,8040,1843600
FINNIFTY02JAN2422100CE.NFO,02/01/2024,09:21:56,0.45,0.4,883400,0.45,469520,7000,1843600
FINNIFTY02JAN2422100CE.NFO,02/01/2024,09:22:08,0.45,0.4,897080,0.45,467360,3360,1843600
FINNIFTY02JAN2422100CE.NFO,02/01/2024,09:22:20,0.4,0.4,895040,0.45,467320,5520,1843600
FINNIFTY02JAN2422100CE.NFO,02/01/2024,09:22:31,0.45,0.4,902920,0.45,473600,3600,1843600
FINNIFTY02JAN2422100CE.NFO,02/01/2024,09:22:42,0.4,0.4,908840,0.45,482760,7920,1843600
FINNIFTY02JAN2422100CE.NFO,02/01/2024,09:22:54,0.45,0.4,908680,0.45,482760,2440,1843600
FINNIFTY02JAN2422100CE.NFO,02/01/2024,09:23:05,0.4,0.4,907080,0.45,485280,4840,1843600
FINNIFTY02JAN2422100CE.NFO,02/01/2024,09:23:15,0.45,0.4,892560,0.45,488880,7760,1843600
FINNIFTY02JAN2422100CE.NFO,02/01/2024,09:23:26,0.45,0.4,891480,0.45,487320,4760,1872760
FINNIFTY02JAN2422100CE.NFO,02/01/2024,09:23:36,0.45,0.4,885440,0.45,477600,8040,1872760
FINNIFTY02JAN2422100CE.NFO,02/01/2024,09:23:47,0.4,0.4,884280,0.45,481920,2680,1872760
FINNIFTY02JAN2422100CE.NFO,02/01/2024,09:23:58,0.45,0.4,884280,0.45,480800,7360,1872760
FINNIFTY02JAN2422100CE.NFO,02/01/2024,09:24:09,0.4,0.4,882880,0.45,481440,3200,1872760
FINNIFTY02JAN2422100CE.NFO,02/01/2024,09:24:19,0.4,0.4,886120,0.45,484160,3800,1872760
FINNIFTY02JAN2422100CE.NFO,02/01/2024,09:24:30,0.45,0.4,881560,0.45,482680,9720,1872760
FINNIFTY02JAN2422100CE.NFO,02/01/2024,09:24:41,0.4,0.4,879600,0.45,480840,5840,1872760
FINNIFTY02JAN2422100CE.NFO,02/01/2024,09:24:52,0.4,0.4,873080,0.45,479080,10440,1872760
FINNIFTY02JAN2422100CE.NFO,02/01/2024,09:25:03,0.45,0.4,853200,0.45,587080,4480,1872760
FINNIFTY02JAN2422100CE.NFO,02/01/2024,09:25:14,0.45,0.4,828720,0.45,596920,2120,1872760
FINNIFTY02JAN2422100CE.NFO,02/01/2024,09:25:25,0.4,0.4,809240,0.45,593360,12640,1872760
FINNIFTY02JAN2422100CE.NFO,02/01/2024,09:25:36,0.4,0.4,812600,0.45,609400,4160,1872760
FINNIFTY02JAN2422100CE.NFO,02/01/2024,09:25:47,0.45,0.4,811440,0.45,633880,8600,1872760
FINNIFTY02JAN2422100CE.NFO,02/01/2024,09:25:58,0.45,0.4,769400,0.45,656280,17840,1872760
FINNIFTY02JAN2422100CE.NFO,02/01/2024,09:26:08,0.45,0.4,759160,0.45,666920,12000,1872760
FINNIFTY02JAN2422100CE.NFO,02/01/2024,09:26:20,0.4,0.4,736320,0.45,671160,20800,1872760
FINNIFTY02JAN2422100CE.NFO,02/01/2024,09:26:30,0.45,0.4,731080,0.45,670080,7120,1890000
FINNIFTY02JAN2422100CE.NFO,02/01/2024,09:26:32,0.45,0.4,730840,0.45,688080,2240,1890000
FINNIFTY02JAN2422100CE.NFO,02/01/2024,09:26:33,0.4,0.4,727920,0.45,682120,7920,1890000
FINNIFTY02JAN2422100CE.NFO,02/01/2024,09:26:35,0.45,0.4,726760,0.45,678800,3480,1890000
FINNIFTY02JAN2422100CE.NFO,02/01/2024,09:26:37,0.4,0.4,721600,0.45,678800,5160,1890000
FINNIFTY02JAN2422100CE.NFO,02/01/2024,09:26:38,0.45,0.4,721440,0.45,677000,1960,1890000
FINNIFTY02JAN2422100CE.NFO,02/01/2024,09:26:40,0.45,0.4,719280,0.45,674400,4760,1890000
FINNIFTY02JAN2422100CE.NFO,02/01/2024,09:26:42,0.4,0.4,717320,0.45,676000,1960,1890000
FINNIFTY02JAN2422100CE.NFO,02/01/2024,09:26:43,0.4,0.4,707960,0.45,674200,5640,1890000
FINNIFTY02JAN2422100CE.NFO,02/01/2024,09:26:45,0.4,0.4,709440,0.45,690600,3920,1890000
FINNIFTY02JAN2422100CE.NFO,02/01/2024,09:26:47,0.4,0.4,710840,0.45,689000,2320,1890000
FINNIFTY02JAN2422100CE.NFO,02/01/2024,09:26:48,0.45,0.4,708600,0.45,686920,2280,1890000
FINNIFTY02JAN2422100CE.NFO,02/01/2024,09:26:50,0.45,0.4,708200,0.45,685360,2200,1890000
FINNIFTY02JAN2422100CE.NFO,02/01/2024,09:26:52,0.4,0.4,708040,0.45,685360,160,1890000
FINNIFTY02JAN2422100CE.NFO,02/01/2024,09:26:53,0.45,0.4,708040,0.45,683840,1440,1890000
FINNIFTY02JAN2422100CE.NFO,02/01/2024,09:26:55,0.4,0.4,709320,0.45,680840,3360,1890000
FINNIFTY02JAN2422100CE.NFO,02/01/2024,09:26:57,0.45,0.4,709120,0.45,680600,440,1890000
FINNIFTY02JAN2422100CE.NFO,02/01/2024,09:26:58,0.4,0.4,707920,0.45,684400,1200,1890000
FINNIFTY02JAN2422100CE.NFO,02/01/2024,09:27:00,0.45,0.4,707840,0.45,684360,120,1890000
FINNIFTY02JAN2422100CE.NFO,02/01/2024,09:27:02,0.45,0.4,707840,0.45,684040,320,1890000
FINNIFTY02JAN2422100CE.NFO,02/01/2024,09:27:03,0.45,0.4,707840,0.45,684000,40,1890000
FINNIFTY02JAN2422100CE.NFO,02/01/2024,09:27:05,0.45,0.4,707840,0.45,684000,0,1890000
FINNIFTY02JAN2422100CE.NFO,02/01/2024,09:27:08,0.4,0.4,706040,0.45,684000,1800,1890000
FINNIFTY02JAN2422100CE.NFO,02/01/2024,09:27:10,0.4,0.4,706040,0.45,684000,0,1890000
FINNIFTY02JAN2422100CE.NFO,02/01/2024,09:27:11,0.4,0.4,704240,0.45,683480,2320,1890000
FINNIFTY02JAN2422100CE.NFO,02/01/2024,09:27:13,0.4,0.4,703040,0.45,687280,1200,1890000
FINNIFTY02JAN2422100CE.NFO,02/01/2024,09:27:15,0.4,0.4,701840,0.45,689280,1200,1890000
FINNIFTY02JAN2422100CE.NFO,02/01/2024,09:27:16,0.4,0.4,694800,0.45,689280,1520,1890000
FINNIFTY02JAN2422100CE.NFO,02/01/2024,09:27:18,0.4,0.4,699480,0.45,689280,840,1890000
FINNIFTY02JAN2422100CE.NFO,02/01/2024,09:27:20,0.45,0.4,699440,0.45,691200,80,1890000
FINNIFTY02JAN2422100CE.NFO,02/01/2024,09:27:21,0.45,0.4,699440,0.45,690600,1000,1890000
FINNIFTY02JAN2422100CE.NFO,02/01/2024,09:27:23,0.45,0.4,699440,0.45,689800,800,1890000
FINNIFTY02JAN2422100CE.NFO,02/01/2024,09:27:25,0.45,0.4,699440,0.45,689000,800,1890000
FINNIFTY02JAN2422100CE.NFO,02/01/2024,09:27:26,0.45,0.4,699440,0.45,688000,1000,1890000
FINNIFTY02JAN2422100CE.NFO,02/01/2024,09:27:28,0.45,0.4,699440,0.45,688000,0,1890000
FINNIFTY02JAN2422100CE.NFO,02/01/2024,09:27:32,0.4,0.4,698240,0.45,688000,1200,1890000
FINNIFTY02JAN2422100CE.NFO,02/01/2024,09:27:43,0.4,0.4,695560,0.45,688880,2680,1890000
FINNIFTY02JAN2422100CE.NFO,02/01/2024,09:27:54,0.45,0.4,673560,0.45,684400,2000,1890000
FINNIFTY02JAN2422100CE.NFO,02/01/2024,09:28:07,0.45,0.4,672640,0.45,687800,3080,1890000
FINNIFTY02JAN2422100CE.NFO,02/01/2024,09:28:19,0.45,0.4,643600,0.45,681240,7240,1890000
FINNIFTY02JAN2422100CE.NFO,02/01/2024,09:28:30,0.4,0.4,644880,0.45,673440,8320,1890000
FINNIFTY02JAN2422100CE.NFO,02/01/2024,09:28:42,0.4,0.4,629440,0.45,687640,15440,1890000
FINNIFTY02JAN2422100CE.NFO,02/01/2024,09:28:54,0.45,0.4,627880,0.45,688680,2000,1890000
FINNIFTY02JAN2422100CE.NFO,02/01/2024,09:29:05,0.45,0.4,618080,0.45,689880,1080,1890000
FINNIFTY02JAN2422100CE.NFO,02/01/2024,09:29:17,0.45,0.4,618080,0.45,689800,80,1890000
FINNIFTY02JAN2422100CE.NFO,02/01/2024,09:29:29,0.45,0.4,641920,0.45,718880,28680,1857200
FINNIFTY02JAN2422100CE.NFO,02/01/2024,09:29:40,0.45,0.4,693240,0.45,717760,3080,1857200
FINNIFTY02JAN2422100CE.NFO,02/01/2024,09:29:52,0.4,0.4,739240,0.45,722560,4000,1857200
FINNIFTY02JAN2422100CE.NFO,02/01/2024,09:30:04,0.4,0.4,739200,0.45,721280,40,1857200
FINNIFTY02JAN2422100CE.NFO,02/01/2024,09:30:15,0.45,0.4,737240,0.45,715760,8440,1857200
FINNIFTY02JAN2422100CE.NFO,02/01/2024,09:30:27,0.4,0.4,736360,0.45,717200,880,1857200
FINNIFTY02JAN2422100CE.NFO,02/01/2024,09:30:39,0.45,0.4,711200,0.45,736840,25320,1857200
FINNIFTY02JAN2422100CE.NFO,02/01/2024,09:30:50,0.4,0.4,711600,0.45,736800,80,1857200
FINNIFTY02JAN2422100CE.NFO,02/01/2024,09:31:01,0.45,0.4,711480,0.45,737120,400,1857200
FINNIFTY02JAN2422100CE.NFO,02/01/2024,09:31:12,0.4,0.4,661920,0.45,739440,40760,1857200
FINNIFTY02JAN2422100CE.NFO,02/01/2024,09:31:24,0.45,0.4,634960,0.45,744320,66480,1857200
FINNIFTY02JAN2422100CE.NFO,02/01/2024,09:31:30,0.45,0.4,632760,0.45,751120,9800,1857200
FINNIFTY02JAN2422100CE.NFO,02/01/2024,09:31:31,0.45,0.4,627760,0.45,750240,6920,1857200
FINNIFTY02JAN2422100CE.NFO,02/01/2024,09:31:33,0.45,0.4,627760,0.45,747560,1160,1857200
FINNIFTY02JAN2422100CE.NFO,02/01/2024,09:31:35,0.45,0.4,626760,0.45,743560,6200,1857200
FINNIFTY02JAN2422100CE.NFO,02/01/2024,09:31:36,0.45,0.4,626360,0.45,744760,2400,1857200
FINNIFTY02JAN2422100CE.NFO,02/01/2024,09:31:38,0.45,0.4,617360,0.45,744640,1920,1857200
FINNIFTY02JAN2422100CE.NFO,02/01/2024,09:31:40,0.4,0.4,613760,0.45,746760,1800,1857200
FINNIFTY02JAN2422100CE.NFO,02/01/2024,09:31:41,0.45,0.4,615680,0.45,635800,127800,1857200
FINNIFTY02JAN2422100CE.NFO,02/01/2024,09:31:43,0.45,0.4,613760,0.45,614560,27640,1857200
FINNIFTY02JAN2422100CE.NFO,02/01/2024,09:31:45,0.4,0.4,625040,0.45,616360,1800,1857200
FINNIFTY02JAN2422100CE.NFO,02/01/2024,09:31:46,0.4,0.4,640840,0.45,615160,1600,1857200
FINNIFTY02JAN2422100CE.NFO,02/01/2024,09:31:48,0.4,0.4,645200,0.45,616960,1000,1857200
FINNIFTY02JAN2422100CE.NFO,02/01/2024,09:31:50,0.4,0.4,645600,0.45,616960,0,1857200
FINNIFTY02JAN2422100CE.NFO,02/01/2024,09:31:52,0.4,0.4,644440,0.45,618760,1200,1857200
FINNIFTY02JAN2422100CE.NFO,02/01/2024,09:31:53,0.45,0.4,640400,0.45,621560,4800,1857200
FINNIFTY02JAN2422100CE.NFO,02/01/2024,09:31:55,0.45,0.4,640400,0.45,621560,0,1857200
FINNIFTY02JAN2422100CE.NFO,02/01/2024,09:31:57,0.45,0.4,640400,0.45,657760,400,1857200
FINNIFTY02JAN2422100CE.NFO,02/01/2024,09:31:58,0.4,0.4,640280,0.45,661360,120,1857200
FINNIFTY02JAN2422100CE.NFO,02/01/2024,09:32:00,0.4,0.4,640280,0.45,662960,0,1857200
FINNIFTY02JAN2422100CE.NFO,02/01/2024,09:32:03,0.4,0.4,300680,0.45,658040,5240,1857200
FINNIFTY02JAN2422100CE.NFO,02/01/2024,09:32:05,0.45,0.4,312680,0.45,659600,240,1857200
FINNIFTY02JAN2422100CE.NFO,02/01/2024,09:32:08,0.4,0.4,310600,0.45,661400,1600,1857200
FINNIFTY02JAN2422100CE.NFO,02/01/2024,09:32:13,0.4,0.4,311080,0.45,661400,0,1857200
FINNIFTY02JAN2422100CE.NFO,02/01/2024,09:32:15,0.4,0.4,311080,0.45,661520,0,1857200
FINNIFTY02JAN2422100CE.NFO,02/01/2024,09:32:16,0.4,0.4,308080,0.45,663320,3000,1857200
FINNIFTY02JAN2422100CE.NFO,02/01/2024,09:32:18,0.45,0.4,306440,0.45,665080,1640,1857200
FINNIFTY02JAN2422100CE.NFO,02/01/2024,09:32:20,0.4,0.4,298720,0.45,666880,520,1857200
FINNIFTY02JAN2422100CE.NFO,02/01/2024,09:32:21,0.4,0.4,268080,0.45,666880,40,1857200
FINNIFTY02JAN2422100CE.NFO,02/01/2024,09:32:23,0.4,0.4,244080,0.45,662080,0,1857200
FINNIFTY02JAN2422100CE.NFO,02/01/2024,09:32:25,0.4,0.4,244080,0.45,626680,0,1857200
FINNIFTY02JAN2422100CE.NFO,02/01/2024,09:32:26,0.45,0.4,244080,0.45,625960,720,1785280
FINNIFTY02JAN2422100CE.NFO,02/01/2024,09:32:28,0.45,0.4,244080,0.45,625960,0,1785280
FINNIFTY02JAN2422100CE.NFO,02/01/2024,09:32:33,0.45,0.4,236880,0.45,625960,0,1785280
FINNIFTY02JAN2422100CE.NFO,02/01/2024,09:32:34,0.45,0.4,233760,0.45,624280,2400,1785280
FINNIFTY02JAN2422100CE.NFO,02/01/2024,09:32:36,0.4,0.4,164000,0.45,525480,25720,1785280
FINNIFTY02JAN2422100CE.NFO,02/01/2024,09:32:38,0.4,0.4,164000,0.45,525480,0,1785280
FINNIFTY02JAN2422100CE.NFO,02/01/2024,09:32:39,0.4,0.4,70480,0.45,461920,74480,1785280
FINNIFTY02JAN2422100CE.NFO,02/01/2024,09:32:41,0.4,0.35,728040,0.4,148480,44680,1785280
FINNIFTY02JAN2422100CE.NFO,02/01/2024,09:32:43,0.35,0.35,727240,0.4,305760,1000,1785280
FINNIFTY02JAN2422100CE.NFO,02/01/2024,09:32:43,0.35,0.35,727240,0.4,305760,0,1785280
FINNIFTY02JAN2422100CE.NFO,02/01/2024,09:32:44,0.4,0.35,749560,0.4,162000,201440,1785280
FINNIFTY02JAN2422100CE.NFO,02/01/2024,09:32:46,0.4,0.4,214880,0.45,196920,170120,1785280
FINNIFTY02JAN2422100CE.NFO,02/01/2024,09:32:47,0.4,0.4,216360,0.45,196480,14800,1785280
FINNIFTY02JAN2422100CE.NFO,02/01/2024,09:32:49,0.4,0.4,228960,0.45,212080,1800,1785280
FINNIFTY02JAN2422100CE.NFO,02/01/2024,09:32:51,0.4,0.4,234360,0.45,212080,3600,1785280
FINNIFTY02JAN2422100CE.NFO,02/01/2024,09:32:52,0.4,0.4,231920,0.45,285840,1600,1785280
FINNIFTY02JAN2422100CE.NFO,02/01/2024,09:32:54,0.4,0.4,229080,0.45,286800,3200,1785280
FINNIFTY02JAN2422100CE.NFO,02/01/2024,09:32:56,0.45,0.4,217920,0.45,277280,11720,1785280
FINNIFTY02JAN2422100CE.NFO,02/01/2024,09:32:57,0.4,0.4,217320,0.45,276640,600,1785280
FINNIFTY02JAN2422100CE.NFO,02/01/2024,09:32:59,0.4,0.4,217320,0.45,276640,0,1785280
FINNIFTY02JAN2422100CE.NFO,02/01/2024,09:33:04,0.4,0.4,216240,0.45,276680,200,1785280
FINNIFTY02JAN2422100CE.NFO,02/01/2024,09:33:05,0.4,0.4,216200,0.45,276680,40,1785280
FINNIFTY02JAN2422100CE.NFO,02/01/2024,09:33:07,0.4,0.4,215800,0.45,277880,400,1785280
FINNIFTY02JAN2422100CE.NFO,02/01/2024,09:33:09,0.4,0.4,214600,0.45,279880,1200,1785280
FINNIFTY02JAN2422100CE.NFO,02/01/2024,09:33:10,0.4,0.4,211000,0.45,280560,0,1785280
FINNIFTY02JAN2422100CE.NFO,02/01/2024,09:33:12,0.4,0.4,185800,0.45,280960,0,1785280
FINNIFTY02JAN2422100CE.NFO,02/01/2024,09:33:15,0.4,0.4,187520,0.45,280080,80,1785280
FINNIFTY02JAN2422100CE.NFO,02/01/2024,09:33:17,0.4,0.4,188360,0.45,280080,40,1785280
FINNIFTY02JAN2422100CE.NFO,02/01/2024,09:33:18,0.4,0.4,187240,0.45,272760,10120,1785280
FINNIFTY02JAN2422100CE.NFO,02/01/2024,09:33:20,0.4,0.4,185440,0.45,272760,0,1785280
FINNIFTY02JAN2422100CE.NFO,02/01/2024,09:33:22,0.4,0.4,187240,0.45,272720,0,1785280
FINNIFTY02JAN2422100CE.NFO,02/01/2024,09:33:25,0.4,0.4,187560,0.45,272760,0,1785280
FINNIFTY02JAN2422100CE.NFO,02/01/2024,09:33:27,0.4,0.4,187560,0.45,272920,0,1785280
FINNIFTY02JAN2422100CE.NFO,02/01/2024,09:33:28,0.4,0.4,185960,0.45,271240,3400,1785280
FINNIFTY02JAN2422100CE.NFO,02/01/2024,09:33:30,0.45,0.4,183640,0.45,254920,18520,1785280
FINNIFTY02JAN2422100CE.NFO,02/01/2024,09:33:32,0.45,0.4,183640,0.45,238280,16680,1785280
FINNIFTY02JAN2422100CE.NFO,02/01/2024,09:33:34,0.4,0.4,183040,0.45,226160,11920,1785280
FINNIFTY02JAN2422100CE.NFO,02/01/2024,09:33:35,0.45,0.4,194760,0.45,236560,9800,1785280
FINNIFTY02JAN2422100CE.NFO,02/01/2024,09:33:37,0.4,0.4,210680,0.45,231400,5720,1785280
FINNIFTY02JAN2422100CE.NFO,02/01/2024,09:33:39,0.45,0.4,214320,0.45,212960,12600,1785280
FINNIFTY02JAN2422100CE.NFO,02/01/2024,09:33:40,0.45,0.4,230280,0.45,195040,20680,1785280
FINNIFTY02JAN2422100CE.NFO,02/01/2024,09:33:42,0.45,0.4,226560,0.45,133560,61320,1785280
FINNIFTY02JAN2422100CE.NFO,02/01/2024,09:33:44,0.45,0.4,236760,0.45,153560,1800,1785280
FINNIFTY02JAN2422100CE.NFO,02/01/2024,09:33:45,0.45,0.4,264960,0.45,145160,3600,1785280
FINNIFTY02JAN2422100CE.NFO,02/01/2024,09:33:47,0.45,0.4,264840,0.45,148480,1920,1785280
FINNIFTY02JAN2422100CE.NFO,02/01/2024,09:33:49,0.4,0.4,264080,0.45,149120,10000,1785280
FINNIFTY02JAN2422100CE.NFO,02/01/2024,09:33:50,0.45,0.4,266720,0.45,147320,1800,1785280
FINNIFTY02JAN2422100CE.NFO,02/01/2024,09:33:52,0.4,0.4,267160,0.45,144320,13200,1785280
FINNIFTY02JAN2422100CE.NFO,02/01/2024,09:33:55,0.4,0.4,267040,0.45,144840,0,1785280
FINNIFTY02JAN2422100CE.NFO,02/01/2024,09:33:59,0.4,0.4,267040,0.45,244800,0,1785280
FINNIFTY02JAN2422100CE.NFO,02/01/2024,09:34:01,0.4,0.4,267040,0.45,244840,0,1785280
FINNIFTY02JAN2422100CE.NFO,02/01/2024,09:34:02,0.45,0.4,267040,0.45,242000,2800,1785280
FINNIFTY02JAN2422100CE.NFO,02/01/2024,09:34:04,0.45,0.4,267040,0.45,242080,0,1785280
FINNIFTY02JAN2422100CE.NFO,02/01/2024,09:34:06,0.45,0.4,267040,0.45,243080,0,1785280
FINNIFTY02JAN2422100CE.NFO,02/01/2024,09:34:07,0.45,0.4,267040,0.45,243040,40,1785280
FINNIFTY02JAN2422100CE.NFO,02/01/2024,09:34:09,0.4,0.4,267000,0.45,243080,40,1785280
FINNIFTY02JAN2422100CE.NFO,02/01/2024,09:34:12,0.4,0.4,241360,0.45,236000,0,1785280
FINNIFTY02JAN2422100CE.NFO,02/01/2024,09:34:14,0.4,0.4,240680,0.45,243880,10800,1785280
FINNIFTY02JAN2422100CE.NFO,02/01/2024,09:34:16,0.4,0.4,239480,0.45,249320,7160,1785280
FINNIFTY02JAN2422100CE.NFO,02/01/2024,09:34:17,0.4,0.4,293760,0.45,249360,1800,1785280
FINNIFTY02JAN2422100CE.NFO,02/01/2024,09:34:19,0.4,0.4,347800,0.45,252080,4200,1785280
FINNIFTY02JAN2422100CE.NFO,02/01/2024,09:34:21,0.4,0.4,454720,0.45,267960,21800,1785280
FINNIFTY02JAN2422100CE.NFO,02/01/2024,09:34:22,0.4,0.4,560720,0.45,283160,1800,1785280
FINNIFTY02JAN2422100CE.NFO,02/01/2024,09:34:24,0.4,0.4,666960,0.45,284000,1800,1785280
FINNIFTY02JAN2422100CE.NFO,02/01/2024,09:34:26,0.4,0.4,772520,0.45,285440,1800,1785280
FINNIFTY02JAN2422100CE.NFO,02/01/2024,09:34:27,0.4,0.4,825560,0.45,285440,0,1785280
FINNIFTY02JAN2422100CE.NFO,02/01/2024,09:34:29,0.4,0.4,825520,0.45,285440,0,1785280
FINNIFTY02JAN2422100CE.NFO,02/01/2024,09:34:33,0.4,0.4,830920,0.45,285440,0,1785280
FINNIFTY02JAN2422100CE.NFO,02/01/2024,09:34:35,0.4,0.4,830920,0.45,285480,0,1785280
FINNIFTY02JAN2422100CE.NFO,02/01/2024,09:34:38,0.4,0.4,831680,0.45,292560,10000,1785280
FINNIFTY02JAN2422100CE.NFO,02/01/2024,09:34:40,0.4,0.4,831640,0.45,292600,40,1785280
FINNIFTY02JAN2422100CE.NFO,02/01/2024,09:34:41,0.4,0.4,831240,0.45,292400,600,1785280
FINNIFTY02JAN2422100CE.NFO,02/01/2024,09:34:43,0.4,0.4,830840,0.45,292400,400,1785280
FINNIFTY02JAN2422100CE.NFO,02/01/2024,09:34:45,0.45,0.4,830840,0.45,291120,1040,1785280
FINNIFTY02JAN2422100CE.NFO,02/01/2024,09:34:46,0.4,0.4,831320,0.45,290200,40,1785280
FINNIFTY02JAN2422100CE.NFO,02/01/2024,09:34:50,0.4,0.4,832440,0.45,290640,1000,1785280
FINNIFTY02JAN2422100CE.NFO,02/01/2024,09:34:53,0.4,0.4,832480,0.45,290800,2000,1785280
FINNIFTY02JAN2422100CE.NFO,02/01/2024,09:34:56,0.4,0.4,831960,0.45,290800,520,1785280
FINNIFTY02JAN2422100CE.NFO,02/01/2024,09:34:58,0.4,0.4,833080,0.45,291920,1040,1785280
FINNIFTY02JAN2422100CE.NFO,02/01/2024,09:34:59,0.4,0.4,833320,0.45,291960,0,1785280
FINNIFTY02JAN2422100CE.NFO,02/01/2024,09:35:01,0.4,0.4,832800,0.45,291960,520,1785280
FINNIFTY02JAN2422100CE.NFO,02/01/2024,09:35:03,0.4,0.4,832640,0.45,293040,5160,1785280
FINNIFTY02JAN2422100CE.NFO,02/01/2024,09:35:04,0.45,0.4,832640,0.45,292760,280,1785280
FINNIFTY02JAN2422100CE.NFO,02/01/2024,09:35:06,0.45,0.4,832640,0.45,284680,7240,1785280
FINNIFTY02JAN2422100CE.NFO,02/01/2024,09:35:08,0.45,0.4,832640,0.45,286120,0,1785280
FINNIFTY02JAN2422100CE.NFO,02/01/2024,09:35:09,0.4,0.4,831640,0.45,286160,1000,1785280
FINNIFTY02JAN2422100CE.NFO,02/01/2024,09:35:11,0.4,0.4,831640,0.45,286160,0,1785280
FINNIFTY02JAN2422100CE.NFO,02/01/2024,09:35:14,0.4,0.4,832560,0.45,286440,520,1785280
FINNIFTY02JAN2422100CE.NFO,02/01/2024,09:35:16,0.4,0.4,832560,0.45,286440,0,1785280
FINNIFTY02JAN2422100CE.NFO,02/01/2024,09:35:21,0.4,0.4,833440,0.45,285600,0,1785280
FINNIFTY02JAN2422100CE.NFO,02/01/2024,09:35:23,0.4,0.4,835240,0.45,285600,0,1785280
FINNIFTY02JAN2422100CE.NFO,02/01/2024,09:35:24,0.4,0.4,835240,0.45,286240,0,1785280
FINNIFTY02JAN2422100CE.NFO,02/01/2024,09:35:29,0.45,0.4,835640,0.45,286640,200,1956720
FINNIFTY02JAN2422100CE.NFO,02/01/2024,09:35:34,0.45,0.4,835640,0.45,286680,80,1956720
FINNIFTY02JAN2422100CE.NFO,02/01/2024,09:35:44,0.4,0.4,836720,0.45,307440,20480,1956720
FINNIFTY02JAN2422100CE.NFO,02/01/2024,09:35:55,0.4,0.4,836320,0.45,317680,22320,1956720
FINNIFTY02JAN2422100CE.NFO,02/01/2024,09:36:06,0.45,0.4,790240,0.45,315120,32440,1956720
FINNIFTY02JAN2422100CE.NFO,02/01/2024,09:36:17,0.4,0.4,726160,0.45,318120,1120,1956720
FINNIFTY02JAN2422100CE.NFO,02/01/2024,09:36:29,0.45,0.4,641960,0.45,342320,19120,1956720
FINNIFTY02JAN2422100CE.NFO,02/01/2024,09:36:39,0.45,0.4,572880,0.45,341320,1680,1956720
FINNIFTY02JAN2422100CE.NFO,02/01/2024,09:36:50,0.4,0.4,489720,0.45,346920,560,1956720
FINNIFTY02JAN2422100CE.NFO,02/01/2024,09:37:01,0.4,0.4,375480,0.45,350560,1040,1956720
FINNIFTY02JAN2422100CE.NFO,02/01/2024,09:37:12,0.35,0.35,673320,0.4,283480,325000,1956720
FINNIFTY02JAN2422100CE.NFO,02/01/2024,09:37:22,0.4,0.35,673320,0.4,354080,4240,1956720
FINNIFTY02JAN2422100CE.NFO,02/01/2024,09:37:31,0.4,0.35,739000,0.4,354280,95840,1956720
FINNIFTY02JAN2422100CE.NFO,02/01/2024,09:37:32,0.4,0.35,745600,0.4,354920,2840,1956720
FINNIFTY02JAN2422100CE.NFO,02/01/2024,09:37:34,0.4,0.35,746360,0.4,353360,1800,1956720
FINNIFTY02JAN2422100CE.NFO,02/01/2024,09:37:36,0.4,0.35,748040,0.4,354400,3000,1956720
FINNIFTY02JAN2422100CE.NFO,02/01/2024,09:37:37,0.4,0.35,749760,0.4,362040,3000,1956720
FINNIFTY02JAN2422100CE.NFO,02/01/2024,09:37:39,0.4,0.35,751560,0.4,363480,0,1956720
FINNIFTY02JAN2422100CE.NFO,02/01/2024,09:37:41,0.4,0.35,751560,0.4,363400,80,1956720
FINNIFTY02JAN2422100CE.NFO,02/01/2024,09:37:42,0.4,0.35,753080,0.4,362960,1600,1956720
FINNIFTY02JAN2422100CE.NFO,02/01/2024,09:37:44,0.4,0.35,753080,0.4,363480,0,1956720
FINNIFTY02JAN2422100CE.NFO,02/01/2024,09:37:46,0.4,0.35,754520,0.4,481280,0,1956720
FINNIFTY02JAN2422100CE.NFO,02/01/2024,09:37:47,0.4,0.35,757400,0.4,481040,240,1956720
FINNIFTY02JAN2422100CE.NFO,02/01/2024,09:37:49,0.4,0.35,760280,0.4,481040,0,1956720
FINNIFTY02JAN2422100CE.NFO,02/01/2024,09:37:55,0.4,0.35,760280,0.4,481000,40,1956720
FINNIFTY02JAN2422100CE.NFO,02/01/2024,09:37:59,0.4,0.35,760280,0.4,481000,0,1956720
FINNIFTY02JAN2422100CE.NFO,02/01/2024,09:38:00,0.4,0.35,760280,0.4,480960,40,1956720
FINNIFTY02JAN2422100CE.NFO,02/01/2024,09:38:04,0.4,0.35,760760,0.4,481360,1200,1956720
FINNIFTY02JAN2422100CE.NFO,02/01/2024,09:38:05,0.4,0.35,760760,0.4,481320,40,1956720
FINNIFTY02JAN2422100CE.NFO,02/01/2024,09:38:07,0.4,0.35,760880,0.4,480440,1080,1956720
FINNIFTY02JAN2422100CE.NFO,02/01/2024,09:38:12,0.4,0.35,760920,0.4,480840,1400,1956720
FINNIFTY02JAN2422100CE.NFO,02/01/2024,09:38:17,0.35,0.35,750320,0.4,480840,10000,1956720
FINNIFTY02JAN2422100CE.NFO,02/01/2024,09:38:20,0.35,0.35,739680,0.4,480840,10000,1956720
FINNIFTY02JAN2422100CE.NFO,02/01/2024,09:38:22,0.35,0.35,739680,0.4,486240,0,1956720
FINNIFTY02JAN2422100CE.NFO,02/01/2024,09:38:23,0.4,0.35,749400,0.4,486080,1800,1956720
FINNIFTY02JAN2422100CE.NFO,02/01/2024,09:38:25,0.4,0.35,751120,0.4,495080,1800,1874640
FINNIFTY02JAN2422100CE.NFO,02/01/2024,09:38:26,0.35,0.35,741360,0.4,504080,10000,1874640
FINNIFTY02JAN2422100CE.NFO,02/01/2024,09:38:28,0.35,0.35,741080,0.4,504080,0,1874640
FINNIFTY02JAN2422100CE.NFO,02/01/2024,09:38:34,0.35,0.35,740400,0.4,511280,2720,1874640
FINNIFTY02JAN2422100CE.NFO,02/01/2024,09:38:45,0.35,0.35,741080,0.4,510440,2520,1874640
FINNIFTY02JAN2422100CE.NFO,02/01/2024,09:38:56,0.4,0.35,775240,0.4,512200,2640,1874640
FINNIFTY02JAN2422100CE.NFO,02/01/2024,09:39:07,0.4,0.35,1388800,0.4,522360,10040,1874640
FINNIFTY02JAN2422100CE.NFO,02/01/2024,09:39:18,0.4,0.35,1190120,0.4,490760,4800,1874640
FINNIFTY02JAN2422100CE.NFO,02/01/2024,09:39:28,0.4,0.35,1190120,0.4,502760,0,1874640
FINNIFTY02JAN2422100CE.NFO,02/01/2024,09:39:39,0.4,0.35,1187480,0.4,525160,1880,1874640
FINNIFTY02JAN2422100CE.NFO,02/01/2024,09:39:50,0.35,0.35,1187440,0.4,526800,40,1874640
FINNIFTY02JAN2422100CE.NFO,02/01/2024,09:40:01,0.4,0.35,1187720,0.4,529960,1120,1874640
FINNIFTY02JAN2422100CE.NFO,02/01/2024,09:40:14,0.4,0.35,1187720,0.4,530760,160,1874640
FINNIFTY02JAN2422100CE.NFO,02/01/2024,09:40:27,0.4,0.35,1213640,0.4,531160,3320,1874640
FINNIFTY02JAN2422100CE.NFO,02/01/2024,09:40:39,0.35,0.35,1214840,0.4,532000,1600,1874640
FINNIFTY02JAN2422100CE.NFO,02/01/2024,09:40:52,0.4,0.35,1215720,0.4,530000,1280,1874640
FINNIFTY02JAN2422100CE.NFO,02/01/2024,09:41:05,0.4,0.4,1089480,0.45,179800,482840,1874640
FINNIFTY02JAN2422100CE.NFO,02/01/2024,09:41:16,0.4,0.4,1095280,0.45,181240,3160,1874640
FINNIFTY02JAN2422100CE.NFO,02/01/2024,09:41:27,0.45,0.4,1109240,0.45,178040,6120,1874640
FINNIFTY02JAN2422100CE.NFO,02/01/2024,09:41:30,0.4,0.4,1109600,0.45,147400,33800,1965840
FINNIFTY02JAN2422100CE.NFO,02/01/2024,09:41:32,0.4,0.4,1109600,0.45,141760,0,1965840
FINNIFTY02JAN2422100CE.NFO,02/01/2024,09:41:34,0.4,0.4,1109600,0.45,128080,0,1965840
FINNIFTY02JAN2422100CE.NFO,02/01/2024,09:41:35,0.4,0.4,1114000,0.45,148600,1000,1965840
FINNIFTY02JAN2422100CE.NFO,02/01/2024,09:41:37,0.4,0.4,1115800,0.45,143840,0,1965840
FINNIFTY02JAN2422100CE.NFO,02/01/2024,09:41:38,0.45,0.4,1118600,0.45,136400,3600,1965840
FINNIFTY02JAN2422100CE.NFO,02/01/2024,09:41:40,0.45,0.4,1124360,0.45,95880,3600,1965840
FINNIFTY02JAN2422100CE.NFO,02/01/2024,09:41:42,0.45,0.4,1131840,0.45,39360,18400,1965840
FINNIFTY02JAN2422100CE.NFO,02/01/2024,09:41:43,0.45,0.4,1134240,0.45,15720,22560,1965840
FINNIFTY02JAN2422100CE.NFO,02/01/2024,09:41:45,0.45,0.45,158400,0.5,191720,27320,1965840
FINNIFTY02JAN2422100CE.NFO,02/01/2024,09:41:47,0.45,0.4,1073440,0.45,331840,253200,1965840
FINNIFTY02JAN2422100CE.NFO,02/01/2024,09:41:48,0.45,0.4,1073760,0.45,340480,0,1965840
FINNIFTY02JAN2422100CE.NFO,02/01/2024,09:41:50,0.45,0.4,1072880,0.45,376520,0,1965840
FINNIFTY02JAN2422100CE.NFO,02/01/2024,09:41:52,0.4,0.4,1072760,0.45,371320,5320,1965840
FINNIFTY02JAN2422100CE.NFO,02/01/2024,09:41:53,0.4,0.4,1084200,0.45,372120,0,1965840
FINNIFTY02JAN2422100CE.NFO,02/01/2024,09:41:55,0.4,0.4,1114200,0.45,372120,0,1965840
FINNIFTY02JAN2422100CE.NFO,02/01/2024,09:41:56,0.4,0.4,1137000,0.45,372120,0,1965840
FINNIFTY02JAN2422100CE.NFO,02/01/2024,09:41:58,0.4,0.4,1157720,0.45,358800,0,1965840
FINNIFTY02JAN2422100CE.NFO,02/01/2024,09:42:00,0.45,0.4,1162320,0.45,358760,5400,1965840
FINNIFTY02JAN2422100CE.NFO,02/01/2024,09:42:01,0.45,0.4,1161400,0.45,357880,0,1965840
FINNIFTY02JAN2422100CE.NFO,02/01/2024,09:42:03,0.45,0.4,1160520,0.45,377960,800,1965840
FINNIFTY02JAN2422100CE.NFO,02/01/2024,09:42:05,0.45,0.4,1160520,0.45,377960,0,1965840
FINNIFTY02JAN2422100CE.NFO,02/01/2024,09:42:06,0.45,0.4,1161960,0.45,394160,1800,1965840
FINNIFTY02JAN2422100CE.NFO,02/01/2024,09:42:08,0.45,0.4,1161960,0.45,393760,400,1965840
FINNIFTY02JAN2422100CE.NFO,02/01/2024,09:42:10,0.4,0.4,1162080,0.45,392760,1040,1965840
FINNIFTY02JAN2422100CE.NFO,02/01/2024,09:42:11,0.4,0.4,1163880,0.45,392760,0,1965840
FINNIFTY02JAN2422100CE.NFO,02/01/2024,09:42:14,0.4,0.4,1158080,0.45,392760,40,1965840
FINNIFTY02JAN2422100CE.NFO,02/01/2024,09:42:16,0.4,0.4,1154840,0.45,392760,0,1965840
FINNIFTY02JAN2422100CE.NFO,02/01/2024,09:42:18,0.45,0.4,1154840,0.45,391160,1600,1965840
FINNIFTY02JAN2422100CE.NFO,02/01/2024,09:42:19,0.45,0.4,1157200,0.45,392600,0,1965840
FINNIFTY02JAN2422100CE.NFO,02/01/2024,09:42:21,0.45,0.4,1157200,0.45,391600,1000,1965840
FINNIFTY02JAN2422100CE.NFO,02/01/2024,09:42:23,0.45,0.4,1157320,0.45,392800,0,1965840
FINNIFTY02JAN2422100CE.NFO,02/01/2024,09:42:27,0.45,0.4,1157320,0.45,392320,0,1965840
FINNIFTY02JAN2422100CE.NFO,02/01/2024,09:42:31,0.45,0.4,1157560,0.45,392320,0,1965840
FINNIFTY02JAN2422100CE.NFO,02/01/2024,09:42:33,0.4,0.4,1156360,0.45,392320,1200,1965840
FINNIFTY02JAN2422100CE.NFO,02/01/2024,09:42:37,0.45,0.4,1156640,0.45,392400,400,1965840
FINNIFTY02JAN2422100CE.NFO,02/01/2024,09:42:39,0.45,0.4,1156720,0.45,392000,400,1965840
FINNIFTY02JAN2422100CE.NFO,02/01/2024,09:42:42,0.45,0.4,1156920,0.45,392480,0,1965840
FINNIFTY02JAN2422100CE.NFO,02/01/2024,09:42:44,0.45,0.4,1156920,0.45,392360,120,1965840
FINNIFTY02JAN2422100CE.NFO,02/01/2024,09:42:46,0.45,0.4,1152720,0.45,391400,0,1965840
FINNIFTY02JAN2422100CE.NFO,02/01/2024,09:42:47,0.45,0.4,1159240,0.45,391400,0,1965840
FINNIFTY02JAN2422100CE.NFO,02/01/2024,09:42:50,0.45,0.4,1159200,0.45,389280,12200,1965840
FINNIFTY02JAN2422100CE.NFO,02/01/2024,09:42:52,0.45,0.4,1159200,0.45,389280,0,1965840
FINNIFTY02JAN2422100CE.NFO,02/01/2024,09:42:54,0.45,0.4,1069200,0.45,419680,0,1965840
FINNIFTY02JAN2422100CE.NFO,02/01/2024,09:42:57,0.45,0.4,1069200,0.45,419960,200,1965840
FINNIFTY02JAN2422100CE.NFO,02/01/2024,09:42:59,0.45,0.4,1069120,0.45,419880,160,1965840
FINNIFTY02JAN2422100CE.NFO,02/01/2024,09:43:00,0.45,0.4,1069120,0.45,419880,0,1965840
FINNIFTY02JAN2422100CE.NFO,02/01/2024,09:43:04,0.45,0.4,1067320,0.45,419840,40,1965840
FINNIFTY02JAN2422100CE.NFO,02/01/2024,09:43:05,0.45,0.4,1067320,0.45,420760,40,1965840
FINNIFTY02JAN2422100CE.NFO,02/01/2024,09:43:09,0.45,0.4,1067280,0.45,420720,120,1965840
FINNIFTY02JAN2422100CE.NFO,02/01/2024,09:43:10,0.45,0.4,1068800,0.45,420280,600,1965840
FINNIFTY02JAN2422100CE.NFO,02/01/2024,09:43:12,0.45,0.4,1068560,0.45,421080,0,1965840
FINNIFTY02JAN2422100CE.NFO,02/01/2024,09:43:15,0.45,0.4,1068560,0.45,420680,400,1965840
FINNIFTY02JAN2422100CE.NFO,02/01/2024,09:43:17,0.45,0.4,1069480,0.45,420600,1040,1965840
FINNIFTY02JAN2422100CE.NFO,02/01/2024,09:43:19,0.45,0.4,1069840,0.45,421440,600,1965840
FINNIFTY02JAN2422100CE.NFO,02/01/2024,09:43:22,0.4,0.4,1068160,0.45,421440,1760,1965840
FINNIFTY02JAN2422100CE.NFO,02/01/2024,09:43:23,0.4,0.4,1067920,0.45,421440,240,1965840
FINNIFTY02JAN2422100CE.NFO,02/01/2024,09:43:25,0.4,0.4,1069280,0.45,421440,0,1965840
FINNIFTY02JAN2422100CE.NFO,02/01/2024,09:43:28,0.4,0.4,1068480,0.45,421440,1040,1965840
FINNIFTY02JAN2422100CE.NFO,02/01/2024,09:43:39,0.45,0.4,1067120,0.45,421560,2760,1965840
FINNIFTY02JAN2422100CE.NFO,02/01/2024,09:43:51,0.45,0.4,1067760,0.45,420360,3280,1965840
FINNIFTY02JAN2422100CE.NFO,02/01/2024,09:44:01,0.45,0.4,1069040,0.45,422200,2480,1965840
FINNIFTY02JAN2422100CE.NFO,02/01/2024,09:44:13,0.45,0.4,1069760,0.45,419040,12000,1965840
FINNIFTY02JAN2422100CE.NFO,02/01/2024,09:44:24,0.45,0.4,1075200,0.45,421800,10720,1965840
FINNIFTY02JAN2422100CE.NFO,02/01/2024,09:44:35,0.45,0.4,1079520,0.45,439800,12360,1944400
FINNIFTY02JAN2422100CE.NFO,02/01/2024,09:44:45,0.45,0.4,1080080,0.45,441920,2120,1944400
FINNIFTY02JAN2422100CE.NFO,02/01/2024,09:44:55,0.45,0.4,1078240,0.45,442000,3680,1944400
FINNIFTY02JAN2422100CE.NFO,02/01/2024,09:45:06,0.45,0.4,1072440,0.45,442640,11960,1944400
FINNIFTY02JAN2422100CE.NFO,02/01/2024,09:45:17,0.4,0.4,1071160,0.45,442640,4600,1944400
FINNIFTY02JAN2422100CE.NFO,02/01/2024,09:45:28,0.45,0.4,1072880,0.45,444880,4240,1944400
FINNIFTY02JAN2422100CE.NFO,02/01/2024,09:45:39,0.45,0.4,1074480,0.45,443040,2000,1944400
FINNIFTY02JAN2422100CE.NFO,02/01/2024,09:45:50,0.45,0.4,1078040,0.45,445160,5680,1944400
FINNIFTY02JAN2422100CE.NFO,02/01/2024,09:46:01,0.45,0.4,1082440,0.45,411480,12520,1944400
FINNIFTY02JAN2422100CE.NFO,02/01/2024,09:46:12,0.5,0.45,443160,0.5,460800,340360,1944400
FINNIFTY02JAN2422100CE.NFO,02/01/2024,09:46:23,0.45,0.45,417200,0.5,463600,74400,1944400
FINNIFTY02JAN2422100CE.NFO,02/01/2024,09:46:31,0.45,0.45,104760,0.5,146360,140840,1944400
FINNIFTY02JAN2422100CE.NFO,02/01/2024,09:46:32,0.45,0.4,1039400,0.45,424800,129720,1944400
FINNIFTY02JAN2422100CE.NFO,02/01/2024,09:46:34,0.45,0.4,1060200,0.45,432560,17680,1944400
FINNIFTY02JAN2422100CE.NFO,02/01/2024,09:46:37,0.45,0.4,1062960,0.45,443160,4200,1944400
FINNIFTY02JAN2422100CE.NFO,02/01/2024,09:46:39,0.4,0.4,1062640,0.45,443320,920,1944400
FINNIFTY02JAN2422100CE.NFO,02/01/2024,09:46:40,0.4,0.4,1062760,0.45,443320,0,1944400
FINNIFTY02JAN2422100CE.NFO,02/01/2024,09:46:42,0.4,0.4,1064240,0.45,443320,0,1944400
FINNIFTY02JAN2422100CE.NFO,02/01/2024,09:46:49,0.4,0.4,1062200,0.45,443320,520,1944400
FINNIFTY02JAN2422100CE.NFO,02/01/2024,09:46:50,0.4,0.4,1059600,0.45,443320,2600,1944400
FINNIFTY02JAN2422100CE.NFO,02/01/2024,09:46:54,0.4,0.4,1061120,0.45,443320,0,1944400
FINNIFTY02JAN2422100CE.NFO,02/01/2024,09:47:02,0.45,0.4,1061120,0.45,443080,240,1944400
FINNIFTY02JAN2422100CE.NFO,02/01/2024,09:47:03,0.45,0.4,1061120,0.45,443080,0,1944400
FINNIFTY02JAN2422100CE.NFO,02/01/2024,09:47:05,0.4,0.4,1060080,0.45,443080,320,1944400
FINNIFTY02JAN2422100CE.NFO,02/01/2024,09:47:07,0.45,0.4,1059600,0.45,441480,2280,1944400
FINNIFTY02JAN2422100CE.NFO,02/01/2024,09:47:08,0.4,0.4,1059520,0.45,441240,80,1944400
FINNIFTY02JAN2422100CE.NFO,02/01/2024,09:47:10,0.4,0.4,1060240,0.45,441160,0,1944400
FINNIFTY02JAN2422100CE.NFO,02/01/2024,09:47:12,0.45,0.4,1060400,0.45,439880,1760,1944400
FINNIFTY02JAN2422100CE.NFO,02/01/2024,09:47:13,0.45,0.4,1060400,0.45,439840,0,1944400
FINNIFTY02JAN2422100CE.NFO,02/01/2024,09:47:15,0.45,0.4,1060400,0.45,446840,200,1944400
FINNIFTY02JAN2422100CE.NFO,02/01/2024,09:47:17,0.45,0.4,1060400,0.45,446840,0,1944400
FINNIFTY02JAN2422100CE.NFO,02/01/2024,09:47:22,0.45,0.4,1059640,0.45,446800,80,1944400
FINNIFTY02JAN2422100CE.NFO,02/01/2024,09:47:28,0.45,0.4,1060360,0.45,447800,0,1944400
FINNIFTY02JAN2422100CE.NFO,02/01/2024,09:47:35,0.45,0.4,1060360,0.45,446800,0,1944400
FINNIFTY02JAN2422100CE.NFO,02/01/2024,09:47:38,0.45,0.4,1060360,0.45,454800,0,1944400
FINNIFTY02JAN2422100CE.NFO,02/01/2024,09:47:40,0.4,0.4,1059120,0.45,454920,640,1988640
FINNIFTY02JAN2422100CE.NFO,02/01/2024,09:47:43,0.45,0.4,1057280,0.45,454560,3600,1988640
FINNIFTY02JAN2422100CE.NFO,02/01/2024,09:47:48,0.45,0.4,1058520,0.45,454600,1880,1988640
FINNIFTY02JAN2422100CE.NFO,02/01/2024,09:47:52,0.45,0.4,1058640,0.45,452360,2880,1988640
FINNIFTY02JAN2422100CE.NFO,02/01/2024,09:47:53,0.4,0.4,1058560,0.45,451600,2520,1988640
FINNIFTY02JAN2422100CE.NFO,02/01/2024,09:47:55,0.45,0.4,1054560,0.45,459040,5680,1988640
FINNIFTY02JAN2422100CE.NFO,02/01/2024,09:47:57,0.45,0.4,1054720,0.45,458280,960,1988640
FINNIFTY02JAN2422100CE.NFO,02/01/2024,09:48:00,0.45,0.4,1054720,0.45,458160,120,1988640
FINNIFTY02JAN2422100CE.NFO,02/01/2024,09:48:08,0.45,0.4,1054920,0.45,456280,1880,1988640
FINNIFTY02JAN2422100CE.NFO,02/01/2024,09:48:11,0.45,0.4,1055480,0.45,457720,0,1988640
FINNIFTY02JAN2422100CE.NFO,02/01/2024,09:48:18,0.4,0.4,1052960,0.45,457720,1800,1988640
FINNIFTY02JAN2422100CE.NFO,02/01/2024,09:48:21,0.4,0.4,1052960,0.45,457720,0,1988640
FINNIFTY02JAN2422100CE.NFO,02/01/2024,09:48:26,0.4,0.4,1051160,0.45,457960,1800,1988640
FINNIFTY02JAN2422100CE.NFO,02/01/2024,09:48:28,0.4,0.4,1051880,0.45,457720,0,1988640
FINNIFTY02JAN2422100CE.NFO,02/01/2024,09:48:39,0.4,0.4,1050160,0.45,457720,1800,1988640
FINNIFTY02JAN2422100CE.NFO,02/01/2024,09:48:49,0.4,0.4,1049760,0.45,459560,2400,1988640
FINNIFTY02JAN2422100CE.NFO,02/01/2024,09:49:00,0.4,0.4,1049360,0.45,461000,3440,1988640
FINNIFTY02JAN2422100CE.NFO,02/01/2024,09:49:10,0.4,0.4,1049560,0.45,461000,600,1988640
FINNIFTY02JAN2422100CE.NFO,02/01/2024,09:49:20,0.4,0.4,1048120,0.45,462840,3280,1988640
FINNIFTY02JAN2422100CE.NFO,02/01/2024,09:49:31,0.4,0.4,1046040,0.45,462840,2000,1988640
FINNIFTY02JAN2422100CE.NFO,02/01/2024,09:49:41,0.45,0.4,1058720,0.45,465840,43240,1988640
FINNIFTY02JAN2422100CE.NFO,02/01/2024,09:49:51,0.4,0.4,1056480,0.45,479800,800,1988640
FINNIFTY02JAN2422100CE.NFO,02/01/2024,09:50:00,0.45,0.4,1063720,0.45,484200,4160,1988640
FINNIFTY02JAN2422100CE.NFO,02/01/2024,09:50:11,0.4,0.4,1063880,0.45,486640,7960,1988640
FINNIFTY02JAN2422100CE.NFO,02/01/2024,09:50:21,0.45,0.4,261440,0.45,470920,4800,1988640
FINNIFTY02JAN2422100CE.NFO,02/01/2024,09:50:30,0.4,0.4,245280,0.45,497520,27960,1988640
FINNIFTY02JAN2422100CE.NFO,02/01/2024,09:50:34,0.4,0.4,243320,0.45,497520,1000,1979600
FINNIFTY02JAN2422100CE.NFO,02/01/2024,09:50:35,0.4,0.4,256480,0.45,497520,400,1979600
FINNIFTY02JAN2422100CE.NFO,02/01/2024,09:50:37,0.4,0.4,283480,0.45,497520,0,1979600
FINNIFTY02JAN2422100CE.NFO,02/01/2024,09:50:38,0.4,0.4,301080,0.45,497520,400,1979600
FINNIFTY02JAN2422100CE.NFO,02/01/2024,09:50:40,0.4,0.4,301080,0.45,497520,0,1979600
FINNIFTY02JAN2422100CE.NFO,02/01/2024,09:50:42,0.4,0.4,301080,0.45,499320,0,1979600
FINNIFTY02JAN2422100CE.NFO,02/01/2024,09:50:47,0.4,0.4,1104480,0.45,497680,0,1979600
FINNIFTY02JAN2422100CE.NFO,02/01/2024,09:50:48,0.4,0.4,1501080,0.45,498040,0,1979600
FINNIFTY02JAN2422100CE.NFO,02/01/2024,09:50:51,0.45,0.4,1500960,0.45,491040,640,1979600
FINNIFTY02JAN2422100CE.NFO,02/01/2024,09:50:53,0.45,0.4,1501000,0.45,492400,80,1979600
FINNIFTY02JAN2422100CE.NFO,02/01/2024,09:50:55,0.45,0.4,1501000,0.45,492480,120,1979600
FINNIFTY02JAN2422100CE.NFO,02/01/2024,09:50:56,0.45,0.4,1501000,0.45,492600,120,1979600
FINNIFTY02JAN2422100CE.NFO,02/01/2024,09:50:58,0.45,0.4,1501000,0.45,492600,80,1979600
FINNIFTY02JAN2422100CE.NFO,02/01/2024,09:51:00,0.45,0.4,1501000,0.45,492480,120,1979600
FINNIFTY02JAN2422100CE.NFO,02/01/2024,09:51:01,0.45,0.4,1501000,0.45,492400,80,1979600
FINNIFTY02JAN2422100CE.NFO,02/01/2024,09:51:03,0.45,0.4,1501000,0.45,492280,120,1979600
FINNIFTY02JAN2422100CE.NFO,02/01/2024,09:51:04,0.45,0.4,1501000,0.45,492200,80,1979600
FINNIFTY02JAN2422100CE.NFO,02/01/2024,09:51:06,0.4,0.4,1501560,0.45,507360,2320,1979600
FINNIFTY02JAN2422100CE.NFO,02/01/2024,09:51:08,0.45,0.4,1501560,0.45,507240,120,1979600
FINNIFTY02JAN2422100CE.NFO,02/01/2024,09:51:09,0.45,0.4,1500600,0.45,509360,1120,1979600
FINNIFTY02JAN2422100CE.NFO,02/01/2024,09:51:11,0.45,0.4,1500640,0.45,514880,120,1979600
FINNIFTY02JAN2422100CE.NFO,02/01/2024,09:51:13,0.45,0.4,1500640,0.45,514760,120,1979600
FINNIFTY02JAN2422100CE.NFO,02/01/2024,09:51:14,0.45,0.4,1500640,0.45,514680,80,1979600
FINNIFTY02JAN2422100CE.NFO,02/01/2024,09:51:16,0.45,0.4,1500640,0.45,514600,80,1979600
FINNIFTY02JAN2422100CE.NFO,02/01/2024,09:51:18,0.45,0.4,1500640,0.45,514560,40,1979600
FINNIFTY02JAN2422100CE.NFO,02/01/2024,09:51:19,0.45,0.4,1500400,0.45,515680,320,1979600
FINNIFTY02JAN2422100CE.NFO,02/01/2024,09:51:21,0.45,0.4,1500440,0.45,515560,120,1979600
FINNIFTY02JAN2422100CE.NFO,02/01/2024,09:51:22,0.45,0.4,1500440,0.45,514680,640,1979600
FINNIFTY02JAN2422100CE.NFO,02/01/2024,09:51:24,0.45,0.4,1500440,0.45,513160,80,1979600
FINNIFTY02JAN2422100CE.NFO,02/01/2024,09:51:26,0.45,0.4,1500440,0.45,514760,80,1979600
FINNIFTY02JAN2422100CE.NFO,02/01/2024,09:51:28,0.45,0.4,1500440,0.45,514480,40,1979600
FINNIFTY02JAN2422100CE.NFO,02/01/2024,09:51:29,0.45,0.4,1500440,0.45,515920,40,1979600
FINNIFTY02JAN2422100CE.NFO,02/01/2024,09:51:35,0.4,0.4,1495840,0.45,518520,5240,1979600
FINNIFTY02JAN2422100CE.NFO,02/01/2024,09:51:45,0.45,0.4,1496400,0.45,519680,2760,1979600
FINNIFTY02JAN2422100CE.NFO,02/01/2024,09:51:56,0.45,0.4,1496440,0.45,520240,1600,1979600
FINNIFTY02JAN2422100CE.NFO,02/01/2024,09:52:06,0.45,0.4,1496560,0.45,520560,960,1979600
FINNIFTY02JAN2422100CE.NFO,02/01/2024,09:52:17,0.45,0.4,1496560,0.45,520080,520,1979600
FINNIFTY02JAN2422100CE.NFO,02/01/2024,09:52:27,0.45,0.4,1496440,0.45,515320,13560,1979600
FINNIFTY02JAN2422100CE.NFO,02/01/2024,09:52:37,0.45,0.4,1497080,0.45,518560,3520,1979600
FINNIFTY02JAN2422100CE.NFO,02/01/2024,09:52:47,0.45,0.4,1496560,0.45,520200,1520,1979600
FINNIFTY02JAN2422100CE.NFO,02/01/2024,09:52:57,0.45,0.4,1496560,0.45,517760,1000,1979600
FINNIFTY02JAN2422100CE.NFO,02/01/2024,09:53:07,0.45,0.4,1496560,0.45,517920,800,1979600
FINNIFTY02JAN2422100CE.NFO,02/01/2024,09:53:18,0.45,0.4,1495880,0.45,517280,3120,1979600
FINNIFTY02JAN2422100CE.NFO,02/01/2024,09:53:28,0.45,0.4,1495800,0.45,522600,760,1990600
FINNIFTY02JAN2422100CE.NFO,02/01/2024,09:53:39,0.45,0.4,1495400,0.45,504680,6040,1990600
FINNIFTY02JAN2422100CE.NFO,02/01/2024,09:53:49,0.45,0.4,1493600,0.45,505720,2600,1990600
FINNIFTY02JAN2422100CE.NFO,02/01/2024,09:54:00,0.45,0.4,1493600,0.45,502080,2440,1990600
FINNIFTY02JAN2422100CE.NFO,02/01/2024,09:54:10,0.45,0.4,1492960,0.45,502160,1320,1990600
FINNIFTY02JAN2422100CE.NFO,02/01/2024,09:54:20,0.45,0.4,1492960,0.45,496440,600,1990600
FINNIFTY02JAN2422100CE.NFO,02/01/2024,09:54:31,0.45,0.4,1491040,0.45,472760,840,1990600
FINNIFTY02JAN2422100CE.NFO,02/01/2024,09:54:32,0.45,0.4,1492840,0.45,467120,440,1990600
FINNIFTY02JAN2422100CE.NFO,02/01/2024,09:54:34,0.45,0.4,1491040,0.45,467440,120,1990600
FINNIFTY02JAN2422100CE.NFO,02/01/2024,09:54:36,0.45,0.4,1490920,0.45,468320,200,1990600
FINNIFTY02JAN2422100CE.NFO,02/01/2024,09:54:37,0.45,0.4,1490920,0.45,499560,120,1990600
FINNIFTY02JAN2422100CE.NFO,02/01/2024,09:54:39,0.45,0.4,1490920,0.45,494240,80,1990600
FINNIFTY02JAN2422100CE.NFO,02/01/2024,09:54:40,0.45,0.4,1490920,0.45,493440,120,1990600
FINNIFTY02JAN2422100CE.NFO,02/01/2024,09:54:42,0.45,0.4,1490880,0.45,492320,160,1990600
FINNIFTY02JAN2422100CE.NFO,02/01/2024,09:54:44,0.45,0.4,1492680,0.45,491400,80,1990600
FINNIFTY02JAN2422100CE.NFO,02/01/2024,09:54:45,0.4,0.4,1490800,0.45,502080,200,1990600
FINNIFTY02JAN2422100CE.NFO,02/01/2024,09:54:47,0.45,0.4,1492560,0.45,495560,4920,1990600
FINNIFTY02JAN2422100CE.NFO,02/01/2024,09:54:49,0.45,0.4,1492560,0.45,490880,120,1990600
FINNIFTY02JAN2422100CE.NFO,02/01/2024,09:54:50,0.4,0.4,1491200,0.45,498280,480,1990600
FINNIFTY02JAN2422100CE.NFO,02/01/2024,09:54:52,0.4,0.4,1490240,0.45,491280,40,1990600
FINNIFTY02JAN2422100CE.NFO,02/01/2024,09:54:54,0.45,0.4,1489360,0.45,498360,40,1990600
FINNIFTY02JAN2422100CE.NFO,02/01/2024,09:54:55,0.4,0.4,1487760,0.45,499800,1600,1990600
FINNIFTY02JAN2422100CE.NFO,02/01/2024,09:54:57,0.4,0.4,1487760,0.45,500240,0,1990600
FINNIFTY02JAN2422100CE.NFO,02/01/2024,09:54:59,0.4,0.4,1489560,0.45,500680,0,1990600
FINNIFTY02JAN2422100CE.NFO,02/01/2024,09:55:00,0.45,0.4,1487760,0.45,491600,9000,1990600
FINNIFTY02JAN2422100CE.NFO,02/01/2024,09:55:02,0.45,0.4,1492240,0.45,487480,3480,1990600
FINNIFTY02JAN2422100CE.NFO,02/01/2024,09:55:04,0.45,0.4,1491360,0.45,480840,5840,1990600
FINNIFTY02JAN2422100CE.NFO,02/01/2024,09:55:05,0.45,0.4,1492240,0.45,485760,0,1990600
FINNIFTY02JAN2422100CE.NFO,02/01/2024,09:55:07,0.45,0.4,1491360,0.45,485520,0,1990600
FINNIFTY02JAN2422100CE.NFO,02/01/2024,09:55:09,0.45,0.4,1492240,0.45,478320,7200,1990600
FINNIFTY02JAN2422100CE.NFO,02/01/2024,09:55:12,0.4,0.4,1490840,0.45,473720,6000,1990600
FINNIFTY02JAN2422100CE.NFO,02/01/2024,09:55:15,0.45,0.4,1490840,0.45,473720,1800,1990600
FINNIFTY02JAN2422100CE.NFO,02/01/2024,09:55:17,0.45,0.4,1489960,0.45,458240,10200,1990600
FINNIFTY02JAN2422100CE.NFO,02/01/2024,09:55:18,0.45,0.4,1489960,0.45,454800,3400,1990600
FINNIFTY02JAN2422100CE.NFO,02/01/2024,09:55:22,0.45,0.4,1490840,0.45,460120,0,1990600
FINNIFTY02JAN2422100CE.NFO,02/01/2024,09:55:23,0.45,0.4,1489960,0.45,460360,0,1990600
FINNIFTY02JAN2422100CE.NFO,02/01/2024,09:55:25,0.45,0.4,1489880,0.45,459560,880,1990600
FINNIFTY02JAN2422100CE.NFO,02/01/2024,09:55:28,0.45,0.4,1490760,0.45,459320,0,1990600
FINNIFTY02JAN2422100CE.NFO,02/01/2024,09:55:41,0.45,0.4,1484160,0.45,447600,25880,1990600
FINNIFTY02JAN2422100CE.NFO,02/01/2024,09:55:53,0.45,0.4,1485040,0.45,445440,1520,1990600
FINNIFTY02JAN2422100CE.NFO,02/01/2024,09:56:06,0.4,0.4,1476120,0.45,449920,9600,1990600
FINNIFTY02JAN2422100CE.NFO,02/01/2024,09:56:19,0.45,0.45,707920,0.5,203960,403800,1990600
FINNIFTY02JAN2422100CE.NFO,02/01/2024,09:56:30,0.45,0.45,733080,0.5,284200,9400,1990600
FINNIFTY02JAN2422100CE.NFO,02/01/2024,09:56:31,0.5,0.45,733200,0.5,283320,40,1990600
FINNIFTY02JAN2422100CE.NFO,02/01/2024,09:56:33,0.5,0.45,733200,0.5,304560,0,2111720
FINNIFTY02JAN2422100CE.NFO,02/01/2024,09:56:35,0.5,0.45,733200,0.5,304160,400,2111720
FINNIFTY02JAN2422100CE.NFO,02/01/2024,09:56:36,0.5,0.45,733200,0.5,301400,3600,2111720
FINNIFTY02JAN2422100CE.NFO,02/01/2024,09:56:38,0.5,0.45,735000,0.5,302640,6400,2111720
FINNIFTY02JAN2422100CE.NFO,02/01/2024,09:56:40,0.5,0.45,735000,0.5,307000,0,2111720
FINNIFTY02JAN2422100CE.NFO,02/01/2024,09:56:41,0.5,0.45,735000,0.5,312720,40,2111720
FINNIFTY02JAN2422100CE.NFO,02/01/2024,09:56:43,0.5,0.45,734960,0.5,313120,80,2111720
FINNIFTY02JAN2422100CE.NFO,02/01/2024,09:56:45,0.5,0.45,734960,0.5,312840,40,2111720
FINNIFTY02JAN2422100CE.NFO,02/01/2024,09:56:46,0.5,0.45,742800,0.5,307240,80,2111720
FINNIFTY02JAN2422100CE.NFO,02/01/2024,09:56:48,0.5,0.45,742840,0.5,304320,1840,2111720
FINNIFTY02JAN2422100CE.NFO,02/01/2024,09:56:50,0.45,0.45,740120,0.5,303400,4480,2111720
FINNIFTY02JAN2422100CE.NFO,02/01/2024,09:56:51,0.5,0.45,739120,0.5,302480,1920,2111720
FINNIFTY02JAN2422100CE.NFO,02/01/2024,09:56:53,0.5,0.45,724720,0.5,299960,1800,2111720
FINNIFTY02JAN2422100CE.NFO,02/01/2024,09:56:55,0.5,0.45,739120,0.5,297680,1840,2111720
FINNIFTY02JAN2422100CE.NFO,02/01/2024,09:56:56,0.45,0.45,724080,0.5,286280,19760,2111720
FINNIFTY02JAN2422100CE.NFO,02/01/2024,09:56:58,0.5,0.45,724080,0.5,290320,1840,2111720
FINNIFTY02JAN2422100CE.NFO,02/01/2024,09:57:00,0.5,0.45,724040,0.5,291600,40,2111720
FINNIFTY02JAN2422100CE.NFO,02/01/2024,09:57:01,0.45,0.45,724600,0.5,283240,7440,2111720
FINNIFTY02JAN2422100CE.NFO,02/01/2024,09:57:03,0.45,0.45,724600,0.5,283240,0,2111720
FINNIFTY02JAN2422100CE.NFO,02/01/2024,09:57:05,0.45,0.45,724040,0.5,282520,1120,2111720
FINNIFTY02JAN2422100CE.NFO,02/01/2024,09:57:06,0.45,0.45,723920,0.5,275760,80,2111720
FINNIFTY02JAN2422100CE.NFO,02/01/2024,09:57:08,0.5,0.45,722080,0.5,250840,7680,2111720
FINNIFTY02JAN2422100CE.NFO,02/01/2024,09:57:10,0.5,0.45,722120,0.5,225400,40,2111720
FINNIFTY02JAN2422100CE.NFO,02/01/2024,09:57:11,0.5,0.45,722080,0.5,190080,2000,2111720
FINNIFTY02JAN2422100CE.NFO,02/01/2024,09:57:13,0.5,0.5,201280,0.55,218200,87080,2111720
FINNIFTY02JAN2422100CE.NFO,02/01/2024,09:57:15,0.5,0.5,214120,0.55,234080,680,2111720
FINNIFTY02JAN2422100CE.NFO,02/01/2024,09:57:16,0.5,0.5,214600,0.55,237680,400,2111720
FINNIFTY02JAN2422100CE.NFO,02/01/2024,09:57:18,0.5,0.5,210720,0.55,236240,3640,2111720
FINNIFTY02JAN2422100CE.NFO,02/01/2024,09:57:20,0.5,0.5,207160,0.55,234680,6800,2111720
FINNIFTY02JAN2422100CE.NFO,02/01/2024,09:57:21,0.55,0.5,189160,0.55,233640,8520,2111720
FINNIFTY02JAN2422100CE.NFO,02/01/2024,09:57:23,0.55,0.5,203400,0.55,225760,5920,2111720
FINNIFTY02JAN2422100CE.NFO,02/01/2024,09:57:24,0.55,0.5,203400,0.55,228560,360,2111720
FINNIFTY02JAN2422100CE.NFO,02/01/2024,09:57:26,0.55,0.5,203400,0.55,228520,0,2111720
FINNIFTY02JAN2422100CE.NFO,02/01/2024,09:57:28,0.5,0.5,202880,0.55,225280,5400,2111720
FINNIFTY02JAN2422100CE.NFO,02/01/2024,09:57:29,0.5,0.5,202400,0.55,225840,7480,2111720
FINNIFTY02JAN2422100CE.NFO,02/01/2024,09:57:39,0.5,0.45,658120,0.5,274240,123200,2111720
FINNIFTY02JAN2422100CE.NFO,02/01/2024,09:57:50,0.5,0.45,684040,0.5,257600,44040,2111720
FINNIFTY02JAN2422100CE.NFO,02/01/2024,09:58:02,0.45,0.45,684040,0.5,270560,4040,2111720
FINNIFTY02JAN2422100CE.NFO,02/01/2024,09:58:14,0.5,0.45,684440,0.5,260240,3120,2111720
FINNIFTY02JAN2422100CE.NFO,02/01/2024,09:58:25,0.5,0.45,685000,0.5,257480,18760,2111720
FINNIFTY02JAN2422100CE.NFO,02/01/2024,09:58:37,0.45,0.45,669640,0.5,253000,16680,2111720
FINNIFTY02JAN2422100CE.NFO,02/01/2024,09:58:48,0.5,0.45,649000,0.5,228640,46800,2111720
FINNIFTY02JAN2422100CE.NFO,02/01/2024,09:58:59,0.5,0.5,147440,0.55,256200,156120,2111720
FINNIFTY02JAN2422100CE.NFO,02/01/2024,09:59:10,0.5,0.5,151240,0.55,248440,6440,2111720
FINNIFTY02JAN2422100CE.NFO,02/01/2024,09:59:21,0.55,0.5,158200,0.55,231600,29320,2111720
FINNIFTY02JAN2422100CE.NFO,02/01/2024,09:59:32,0.55,0.5,215080,0.55,233640,20000,2111720
FINNIFTY02JAN2422100CE.NFO,02/01/2024,09:59:43,0.55,0.5,195000,0.55,210920,22160,2124880
FINNIFTY02JAN2422100CE.NFO,02/01/2024,09:59:55,0.55,0.5,209920,0.55,190760,24640,2124880
FINNIFTY02JAN2422100CE.NFO,02/01/2024,10:00:06,0.55,0.5,206240,0.55,189760,3480,2124880
FINNIFTY02JAN2422100CE.NFO,02/01/2024,10:00:17,0.55,0.5,207160,0.55,187680,1200,2124880
FINNIFTY02JAN2422100CE.NFO,02/01/2024,10:00:28,0.5,0.5,208880,0.55,187560,1880,2124880
FINNIFTY02JAN2422100CE.NFO,02/01/2024,10:00:40,0.5,0.5,207080,0.55,189040,360,2124880
FINNIFTY02JAN2422100CE.NFO,02/01/2024,10:00:52,0.55,0.5,208760,0.55,183360,1520,2124880
FINNIFTY02JAN2422100CE.NFO,02/01/2024,10:01:03,0.5,0.5,207920,0.55,187440,5440,2124880
FINNIFTY02JAN2422100CE.NFO,02/01/2024,10:01:14,0.5,0.5,200920,0.55,181320,6000,2124880
FINNIFTY02JAN2422100CE.NFO,02/01/2024,10:01:25,0.55,0.5,201320,0.55,182680,4120,2124880
FINNIFTY02JAN2422100CE.NFO,02/01/2024,10:01:36,0.5,0.5,200280,0.55,187840,16760,2124880
FINNIFTY02JAN2422100CE.NFO,02/01/2024,10:01:47,0.55,0.5,205160,0.55,168840,36040,2124880
FINNIFTY02JAN2422100CE.NFO,02/01/2024,10:01:58,0.55,0.5,206560,0.55,156960,39400,2124880
FINNIFTY02JAN2422100CE.NFO,02/01/2024,10:02:10,0.55,0.5,215800,0.55,148800,23200,2124880
FINNIFTY02JAN2422100CE.NFO,02/01/2024,10:02:21,0.5,0.5,208360,0.55,136680,11280,2124880
FINNIFTY02JAN2422100CE.NFO,02/01/2024,10:02:31,0.55,0.5,208280,0.55,135520,4240,2044680
FINNIFTY02JAN2422100CE.NFO,02/01/2024,10:02:42,0.55,0.5,102440,0.55,146960,192720,2044680
FINNIFTY02JAN2422100CE.NFO,02/01/2024,10:02:53,0.5,0.5,101640,0.55,207840,14320,2044680
FINNIFTY02JAN2422100CE.NFO,02/01/2024,10:03:05,0.55,0.5,95520,0.55,206640,9960,2044680
FINNIFTY02JAN2422100CE.NFO,02/01/2024,10:03:17,0.55,0.5,128320,0.55,207320,12320,2044680
FINNIFTY02JAN2422100CE.NFO,02/01/2024,10:03:29,0.55,0.5,121760,0.55,207720,18440,2044680
FINNIFTY02JAN2422100CE.NFO,02/01/2024,10:03:40,0.55,0.5,123200,0.55,205160,3800,2044680
FINNIFTY02JAN2422100CE.NFO,02/01/2024,10:03:52,0.5,0.45,634640,0.5,205120,86320,2044680
FINNIFTY02JAN2422100CE.NFO,02/01/2024,10:04:03,0.5,0.45,634520,0.5,204440,3960,2044680
FINNIFTY02JAN2422100CE.NFO,02/01/2024,10:04:14,0.5,0.45,628560,0.5,194880,10720,2044680
FINNIFTY02JAN2422100CE.NFO,02/01/2024,10:04:26,0.45,0.45,629400,0.5,205600,16120,2044680
FINNIFTY02JAN2422100CE.NFO,02/01/2024,10:04:37,0.45,0.45,631160,0.5,218320,17560,2044680
FINNIFTY02JAN2422100CE.NFO,02/01/2024,10:04:49,0.5,0.45,635960,0.5,242960,12640,2044680
FINNIFTY02JAN2422100CE.NFO,02/01/2024,10:05:00,0.45,0.45,639000,0.5,212720,6120,2044680
FINNIFTY02JAN2422100CE.NFO,02/01/2024,10:05:11,0.5,0.45,639720,0.5,212960,6240,2044680
FINNIFTY02JAN2422100CE.NFO,02/01/2024,10:05:22,0.45,0.45,632000,0.5,213120,13560,2044680
FINNIFTY02JAN2422100CE.NFO,02/01/2024,10:05:32,0.45,0.45,623360,0.5,202280,12440,2044680
FINNIFTY02JAN2422100CE.NFO,02/01/2024,10:05:43,0.5,0.45,634160,0.5,200640,15560,2004000
FINNIFTY02JAN2422100CE.NFO,02/01/2024,10:05:54,0.45,0.45,637640,0.5,139280,76560,2004000
FINNIFTY02JAN2422100CE.NFO,02/01/2024,10:06:06,0.45,0.45,629240,0.5,136320,12920,2004000
FINNIFTY02JAN2422100CE.NFO,02/01/2024,10:06:17,0.45,0.45,626480,0.5,137200,2520,2004000
FINNIFTY02JAN2422100CE.NFO,02/01/2024,10:06:30,0.45,0.45,623480,0.5,144080,4560,2004000
FINNIFTY02JAN2422100CE.NFO,02/01/2024,10:06:41,0.45,0.45,624160,0.5,144520,600,2004000
FINNIFTY02JAN2422100CE.NFO,02/01/2024,10:06:53,0.45,0.45,623400,0.5,143640,0,2004000
FINNIFTY02JAN2422100CE.NFO,02/01/2024,10:07:04,0.5,0.45,619520,0.5,76320,11920,2004000
FINNIFTY02JAN2422100CE.NFO,02/01/2024,10:07:16,0.5,0.45,618400,0.5,128040,3000,2004000
FINNIFTY02JAN2422100CE.NFO,02/01/2024,10:07:27,0.5,0.45,613400,0.5,127160,11040,2004000
FINNIFTY02JAN2422100CE.NFO,02/01/2024,10:07:38,0.45,0.45,611800,0.5,125360,2200,2004000
FINNIFTY02JAN2422100CE.NFO,02/01/2024,10:07:49,0.45,0.45,609680,0.5,124960,3720,2004000
FINNIFTY02JAN2422100CE.NFO,02/01/2024,10:08:00,0.5,0.45,609480,0.5,126440,80,2004000
FINNIFTY02JAN2422100CE.NFO,02/01/2024,10:08:11,0.45,0.45,607960,0.5,128240,320,2004000
FINNIFTY02JAN2422100CE.NFO,02/01/2024,10:08:22,0.5,0.45,607240,0.5,126120,2280,2004000
FINNIFTY02JAN2422100CE.NFO,02/01/2024,10:08:34,0.45,0.45,598800,0.5,128040,7240,1995840
FINNIFTY02JAN2422100CE.NFO,02/01/2024,10:08:45,0.5,0.45,599920,0.5,126320,1800,1995840
FINNIFTY02JAN2422100CE.NFO,02/01/2024,10:08:56,0.45,0.45,599840,0.5,126320,120,1995840
FINNIFTY02JAN2422100CE.NFO,02/01/2024,10:09:08,0.45,0.45,600040,0.5,126320,600,1995840
FINNIFTY02JAN2422100CE.NFO,02/01/2024,10:09:19,0.5,0.45,601520,0.5,103160,8320,1995840
FINNIFTY02JAN2422100CE.NFO,02/01/2024,10:09:31,0.5,0.45,599160,0.5,121080,2680,1995840
FINNIFTY02JAN2422100CE.NFO,02/01/2024,10:09:42,0.5,0.45,566200,0.5,120360,160,1995840
FINNIFTY02JAN2422100CE.NFO,02/01/2024,10:09:53,0.5,0.45,564440,0.5,114200,6800,1995840
FINNIFTY02JAN2422100CE.NFO,02/01/2024,10:10:04,0.5,0.5,83440,0.55,169520,109960,1995840
FINNIFTY02JAN2422100CE.NFO,02/01/2024,10:10:15,0.5,0.5,87080,0.55,170400,2600,1995840
FINNIFTY02JAN2422100CE.NFO,02/01/2024,10:10:27,0.5,0.5,93720,0.55,180160,28160,1995840
FINNIFTY02JAN2422100CE.NFO,02/01/2024,10:10:38,0.5,0.5,91200,0.55,181480,9520,1995840
FINNIFTY02JAN2422100CE.NFO,02/01/2024,10:10:50,0.5,0.5,87360,0.55,181640,14120,1995840
FINNIFTY02JAN2422100CE.NFO,02/01/2024,10:11:01,0.55,0.5,90840,0.55,166840,4080,1995840
FINNIFTY02JAN2422100CE.NFO,02/01/2024,10:11:12,0.55,0.5,92960,0.55,168880,3560,1995840
FINNIFTY02JAN2422100CE.NFO,02/01/2024,10:11:23,0.45,0.45,500400,0.5,154720,75560,1995840
FINNIFTY02JAN2422100CE.NFO,02/01/2024,10:11:34,0.45,0.45,502320,0.5,160280,40,2005880
FINNIFTY02JAN2422100CE.NFO,02/01/2024,10:11:45,0.45,0.45,502280,0.5,160840,40,2005880
FINNIFTY02JAN2422100CE.NFO,02/01/2024,10:11:55,0.45,0.45,499160,0.5,161840,3200,2005880
FINNIFTY02JAN2422100CE.NFO,02/01/2024,10:12:05,0.45,0.45,504680,0.5,173880,11240,2005880
FINNIFTY02JAN2422100CE.NFO,02/01/2024,10:12:15,0.5,0.45,504920,0.5,175800,480,2005880
FINNIFTY02JAN2422100CE.NFO,02/01/2024,10:12:26,0.45,0.45,505400,0.5,186840,9200,2005880
FINNIFTY02JAN2422100CE.NFO,02/01/2024,10:12:36,0.45,0.45,507440,0.5,190600,80,2005880
FINNIFTY02JAN2422100CE.NFO,02/01/2024,10:12:48,0.5,0.45,508240,0.5,188960,2480,2005880
FINNIFTY02JAN2422100CE.NFO,02/01/2024,10:13:00,0.5,0.45,507480,0.5,184920,0,2005880
FINNIFTY02JAN2422100CE.NFO,02/01/2024,10:13:11,0.5,0.45,497560,0.5,164480,3040,2005880
FINNIFTY02JAN2422100CE.NFO,02/01/2024,10:13:21,0.5,0.45,498600,0.5,176120,0,2005880
FINNIFTY02JAN2422100CE.NFO,02/01/2024,10:13:32,0.45,0.45,497560,0.5,175960,1040,2005880
FINNIFTY02JAN2422100CE.NFO,02/01/2024,10:13:43,0.45,0.45,499680,0.5,175760,0,2005880
FINNIFTY02JAN2422100CE.NFO,02/01/2024,10:13:53,0.5,0.45,498800,0.5,176880,200,2005880
FINNIFTY02JAN2422100CE.NFO,02/01/2024,10:14:04,0.45,0.45,487640,0.5,177880,12000,2005880
FINNIFTY02JAN2422100CE.NFO,02/01/2024,10:14:14,0.5,0.45,492560,0.5,178640,14200,2005880
FINNIFTY02JAN2422100CE.NFO,02/01/2024,10:14:24,0.5,0.45,493120,0.5,180080,2520,2005880
FINNIFTY02JAN2422100CE.NFO,02/01/2024,10:14:35,0.5,0.45,501960,0.5,180640,15320,2003280
FINNIFTY02JAN2422100CE.NFO,02/01/2024,10:14:46,0.5,0.45,520760,0.5,179840,5320,2003280
FINNIFTY02JAN2422100CE.NFO,02/01/2024,10:14:56,0.45,0.45,516760,0.5,180600,4000,2003280
FINNIFTY02JAN2422100CE.NFO,02/01/2024,10:15:06,0.5,0.45,516760,0.5,167800,520,2003280
FINNIFTY02JAN2422100CE.NFO,02/01/2024,10:15:16,0.5,0.45,516760,0.5,198160,120,2003280
FINNIFTY02JAN2422100CE.NFO,02/01/2024,10:15:27,0.5,0.45,516720,0.5,197920,440,2003280
FINNIFTY02JAN2422100CE.NFO,02/01/2024,10:15:37,0.5,0.45,520080,0.5,203200,9600,2003280
FINNIFTY02JAN2422100CE.NFO,02/01/2024,10:15:47,0.5,0.45,540840,0.5,202040,0,2003280
FINNIFTY02JAN2422100CE.NFO,02/01/2024,10:15:57,0.5,0.45,533360,0.5,188800,2040,2003280
FINNIFTY02JAN2422100CE.NFO,02/01/2024,10:16:08,0.5,0.45,535480,0.5,196920,6040,2003280
FINNIFTY02JAN2422100CE.NFO,02/01/2024,10:16:18,0.5,0.45,534640,0.5,198760,0,2003280
FINNIFTY02JAN2422100CE.NFO,02/01/2024,10:16:29,0.45,0.45,534120,0.5,203120,520,2003280
FINNIFTY02JAN2422100CE.NFO,02/01/2024,10:16:39,0.45,0.45,537280,0.5,202320,7840,2003280
FINNIFTY02JAN2422100CE.NFO,02/01/2024,10:16:49,0.5,0.45,535480,0.5,202280,2760,2003280
FINNIFTY02JAN2422100CE.NFO,02/01/2024,10:17:00,0.5,0.45,538880,0.5,182880,11000,2003280
FINNIFTY02JAN2422100CE.NFO,02/01/2024,10:17:11,0.5,0.45,529640,0.5,163480,20680,2003280
FINNIFTY02JAN2422100CE.NFO,02/01/2024,10:17:22,0.5,0.45,530400,0.5,173880,11480,2003280
FINNIFTY02JAN2422100CE.NFO,02/01/2024,10:17:33,0.45,0.45,528160,0.5,166640,8680,2005080
FINNIFTY02JAN2422100CE.NFO,02/01/2024,10:17:44,0.5,0.45,531040,0.5,172600,560,2005080
FINNIFTY02JAN2422100CE.NFO,02/01/2024,10:17:54,0.5,0.45,531800,0.5,172320,120,2005080
FINNIFTY02JAN2422100CE.NFO,02/01/2024,10:18:03,0.5,0.45,531600,0.5,169880,2640,2005080
FINNIFTY02JAN2422100CE.NFO,02/01/2024,10:18:13,0.45,0.45,531480,0.5,169760,360,2005080
FINNIFTY02JAN2422100CE.NFO,02/01/2024,10:18:22,0.45,0.45,529880,0.5,175240,800,2005080
FINNIFTY02JAN2422100CE.NFO,02/01/2024,10:18:32,0.45,0.45,531040,0.5,177640,40,2005080
FINNIFTY02JAN2422100CE.NFO,02/01/2024,10:18:41,0.5,0.45,531040,0.5,152080,10960,2005080
FINNIFTY02JAN2422100CE.NFO,02/01/2024,10:18:50,0.55,0.5,141000,0.55,221560,98160,2005080
FINNIFTY02JAN2422100CE.NFO,02/01/2024,10:19:00,0.5,0.5,135560,0.55,219440,200,2005080
FINNIFTY02JAN2422100CE.NFO,02/01/2024,10:19:10,0.5,0.5,140280,0.55,204880,1000,2005080
FINNIFTY02JAN2422100CE.NFO,02/01/2024,10:19:20,0.5,0.5,135280,0.55,209160,840,2005080
FINNIFTY02JAN2422100CE.NFO,02/01/2024,10:19:30,0.5,0.5,133920,0.55,209880,4800,2005080
FINNIFTY02JAN2422100CE.NFO,02/01/2024,10:19:31,0.5,0.5,134040,0.55,209160,0,2005080
FINNIFTY02JAN2422100CE.NFO,02/01/2024,10:19:33,0.5,0.5,134160,0.55,209160,0,2005080
FINNIFTY02JAN2422100CE.NFO,02/01/2024,10:19:34,0.5,0.5,135840,0.55,209160,0,2005080
FINNIFTY02JAN2422100CE.NFO,02/01/2024,10:19:36,0.5,0.5,136000,0.55,187240,25640,2005080
FINNIFTY02JAN2422100CE.NFO,02/01/2024,10:19:38,0.5,0.5,136080,0.55,187480,0,2005080
FINNIFTY02JAN2422100CE.NFO,02/01/2024,10:19:39,0.5,0.5,156160,0.55,187480,0,2005080
FINNIFTY02JAN2422100CE.NFO,02/01/2024,10:19:43,0.55,0.5,154360,0.55,185680,1800,2005080
FINNIFTY02JAN2422100CE.NFO,02/01/2024,10:19:44,0.55,0.5,163520,0.55,187600,2120,2005080
FINNIFTY02JAN2422100CE.NFO,02/01/2024,10:19:46,0.55,0.5,170600,0.55,188400,0,2005080
FINNIFTY02JAN2422100CE.NFO,02/01/2024,10:19:48,0.55,0.5,170600,0.55,188520,40,2005080
FINNIFTY02JAN2422100CE.NFO,02/01/2024,10:19:51,0.55,0.5,170680,0.55,188560,480,2005080
FINNIFTY02JAN2422100CE.NFO,02/01/2024,10:19:53,0.55,0.5,170600,0.55,188680,80,2005080
FINNIFTY02JAN2422100CE.NFO,02/01/2024,10:19:54,0.55,0.5,170600,0.55,188680,0,2005080
FINNIFTY02JAN2422100CE.NFO,02/01/2024,10:19:56,0.55,0.5,165200,0.55,187600,1080,2005080
FINNIFTY02JAN2422100CE.NFO,02/01/2024,10:19:58,0.5,0.5,159760,0.55,187600,40,2005080
FINNIFTY02JAN2422100CE.NFO,02/01/2024,10:19:59,0.5,0.5,159680,0.55,187600,80,2005080
FINNIFTY02JAN2422100CE.NFO,02/01/2024,10:20:01,0.5,0.5,159600,0.55,187600,80,2005080
FINNIFTY02JAN2422100CE.NFO,02/01/2024,10:20:03,0.5,0.5,159800,0.55,188600,0,2005080
FINNIFTY02JAN2422100CE.NFO,02/01/2024,10:20:04,0.5,0.5,160040,0.55,189600,40,2005080
FINNIFTY02JAN2422100CE.NFO,02/01/2024,10:20:06,0.5,0.5,160160,0.55,190600,0,2005080
FINNIFTY02JAN2422100CE.NFO,02/01/2024,10:20:08,0.5,0.5,159960,0.55,191400,200,2005080
FINNIFTY02JAN2422100CE.NFO,02/01/2024,10:20:09,0.5,0.5,159960,0.55,191400,0,2005080
FINNIFTY02JAN2422100CE.NFO,02/01/2024,10:20:11,0.5,0.5,159960,0.55,192400,0,2005080
FINNIFTY02JAN2422100CE.NFO,02/01/2024,10:20:13,0.5,0.5,159880,0.55,192520,0,2005080
FINNIFTY02JAN2422100CE.NFO,02/01/2024,10:20:14,0.5,0.5,125080,0.55,193520,3600,2005080
FINNIFTY02JAN2422100CE.NFO,02/01/2024,10:20:16,0.5,0.5,125200,0.55,195000,1000,2005080
FINNIFTY02JAN2422100CE.NFO,02/01/2024,10:20:17,0.55,0.5,118000,0.55,194960,40,2005080
FINNIFTY02JAN2422100CE.NFO,02/01/2024,10:20:19,0.55,0.5,118080,0.55,194080,0,2005080
FINNIFTY02JAN2422100CE.NFO,02/01/2024,10:20:22,0.55,0.5,118080,0.55,194000,80,2005080
FINNIFTY02JAN2422100CE.NFO,02/01/2024,10:20:24,0.5,0.5,118000,0.55,194880,320,2005080
FINNIFTY02JAN2422100CE.NFO,02/01/2024,10:20:26,0.5,0.5,102160,0.55,195040,9920,2005080
FINNIFTY02JAN2422100CE.NFO,02/01/2024,10:20:27,0.5,0.5,101640,0.55,195040,400,2005080
FINNIFTY02JAN2422100CE.NFO,02/01/2024,10:20:29,0.5,0.5,108000,0.55,195040,40,2005080
FINNIFTY02JAN2422100CE.NFO,02/01/2024,10:20:38,0.55,0.5,120840,0.55,178000,28720,2046760
FINNIFTY02JAN2422100CE.NFO,02/01/2024,10:20:48,0.55,0.5,169640,0.55,180240,3040,2046760
FINNIFTY02JAN2422100CE.NFO,02/01/2024,10:20:57,0.5,0.5,110160,0.55,224760,3480,2046760
FINNIFTY02JAN2422100CE.NFO,02/01/2024,10:21:06,0.5,0.5,103000,0.55,229960,31080,2046760
FINNIFTY02JAN2422100CE.NFO,02/01/2024,10:21:17,0.5,0.5,91080,0.55,228680,12160,2046760
FINNIFTY02JAN2422100CE.NFO,02/01/2024,10:21:27,0.5,0.45,523920,0.5,125160,78760,2046760
FINNIFTY02JAN2422100CE.NFO,02/01/2024,10:21:38,0.5,0.45,523320,0.5,144600,3360,2046760
FINNIFTY02JAN2422100CE.NFO,02/01/2024,10:21:48,0.5,0.45,522880,0.5,192520,480,2046760
FINNIFTY02JAN2422100CE.NFO,02/01/2024,10:21:58,0.5,0.45,523080,0.5,190760,2640,2046760
FINNIFTY02JAN2422100CE.NFO,02/01/2024,10:22:08,0.5,0.45,524480,0.5,191360,6480,2046760
FINNIFTY02JAN2422100CE.NFO,02/01/2024,10:22:17,0.45,0.45,524280,0.5,190360,200,2046760
FINNIFTY02JAN2422100CE.NFO,02/01/2024,10:22:28,0.45,0.45,523400,0.5,247200,3560,2046760
FINNIFTY02JAN2422100CE.NFO,02/01/2024,10:22:37,0.45,0.45,522720,0.5,245800,1880,2046760
FINNIFTY02JAN2422100CE.NFO,02/01/2024,10:22:47,0.45,0.45,523160,0.5,245640,440,2046760
FINNIFTY02JAN2422100CE.NFO,02/01/2024,10:22:58,0.45,0.45,523040,0.5,247400,120,2046760
FINNIFTY02JAN2422100CE.NFO,02/01/2024,10:23:08,0.45,0.45,525000,0.5,249640,24920,2046760
FINNIFTY02JAN2422100CE.NFO,02/01/2024,10:23:18,0.5,0.45,525280,0.5,248920,2440,2046760
FINNIFTY02JAN2422100CE.NFO,02/01/2024,10:23:28,0.5,0.45,525280,0.5,256640,1680,2046760
FINNIFTY02JAN2422100CE.NFO,02/01/2024,10:23:39,0.5,0.45,525280,0.5,257840,480,2064280
FINNIFTY02JAN2422100CE.NFO,02/01/2024,10:23:49,0.5,0.45,526240,0.5,257840,0,2064280
FINNIFTY02JAN2422100CE.NFO,02/01/2024,10:24:00,0.45,0.45,524160,0.5,260520,120,2064280
FINNIFTY02JAN2422100CE.NFO,02/01/2024,10:24:10,0.5,0.45,526160,0.5,261080,1120,2064280
FINNIFTY02JAN2422100CE.NFO,02/01/2024,10:24:21,0.45,0.45,525280,0.5,246800,920,2064280
FINNIFTY02JAN2422100CE.NFO,02/01/2024,10:24:31,0.45,0.45,523480,0.5,246760,1800,2064280
FINNIFTY02JAN2422100CE.NFO,02/01/2024,10:24:40,0.45,0.45,523520,0.5,246800,0,2064280
FINNIFTY02JAN2422100CE.NFO,02/01/2024,10:24:50,0.5,0.45,523560,0.5,248080,40,2064280
FINNIFTY02JAN2422100CE.NFO,02/01/2024,10:25:00,0.45,0.45,523480,0.5,247920,80,2064280
FINNIFTY02JAN2422100CE.NFO,02/01/2024,10:25:11,0.45,0.45,523240,0.5,247440,3240,2064280
FINNIFTY02JAN2422100CE.NFO,02/01/2024,10:25:21,0.45,0.45,516520,0.5,253680,6680,2064280
FINNIFTY02JAN2422100CE.NFO,02/01/2024,10:25:32,0.45,0.45,516520,0.5,252840,0,2064280
FINNIFTY02JAN2422100CE.NFO,02/01/2024,10:25:42,0.45,0.45,513080,0.5,258000,440,2064280
FINNIFTY02JAN2422100CE.NFO,02/01/2024,10:25:52,0.45,0.45,514280,0.5,265880,0,2064280
FINNIFTY02JAN2422100CE.NFO,02/01/2024,10:26:02,0.5,0.45,515680,0.5,270400,2040,2064280
FINNIFTY02JAN2422100CE.NFO,02/01/2024,10:26:12,0.5,0.45,515880,0.5,270280,600,2064280
FINNIFTY02JAN2422100CE.NFO,02/01/2024,10:26:22,0.5,0.45,515840,0.5,270200,40,2064280
FINNIFTY02JAN2422100CE.NFO,02/01/2024,10:26:32,0.45,0.45,515760,0.5,276680,80,2064280
FINNIFTY02JAN2422100CE.NFO,02/01/2024,10:26:43,0.45,0.45,515000,0.5,275760,1800,2072200
FINNIFTY02JAN2422100CE.NFO,02/01/2024,10:26:54,0.5,0.45,515000,0.5,272920,80,2072200
FINNIFTY02JAN2422100CE.NFO,02/01/2024,10:27:05,0.5,0.45,515760,0.5,272680,800,2072200
FINNIFTY02JAN2422100CE.NFO,02/01/2024,10:27:16,0.45,0.45,508960,0.5,275920,6120,2072200
FINNIFTY02JAN2422100CE.NFO,02/01/2024,10:27:27,0.45,0.45,504320,0.5,276840,5400,2072200
FINNIFTY02JAN2422100CE.NFO,02/01/2024,10:27:38,0.45,0.45,503520,0.5,276920,800,2072200
FINNIFTY02JAN2422100CE.NFO,02/01/2024,10:27:48,0.5,0.45,503440,0.5,280560,560,2072200
FINNIFTY02JAN2422100CE.NFO,02/01/2024,10:27:58,0.45,0.45,500840,0.5,311360,800,2072200
FINNIFTY02JAN2422100CE.NFO,02/01/2024,10:28:07,0.45,0.45,500160,0.5,324640,1720,2072200
FINNIFTY02JAN2422100CE.NFO,02/01/2024,10:28:17,0.5,0.45,500120,0.5,324120,720,2072200
FINNIFTY02JAN2422100CE.NFO,02/01/2024,10:28:27,0.5,0.45,498480,0.5,331840,2120,2072200
FINNIFTY02JAN2422100CE.NFO,02/01/2024,10:28:37,0.45,0.45,492000,0.5,331920,5400,2072200
FINNIFTY02JAN2422100CE.NFO,02/01/2024,10:28:45,0.45,0.45,489600,0.5,335080,3680,2072200
FINNIFTY02JAN2422100CE.NFO,02/01/2024,10:28:54,0.45,0.45,488400,0.5,335840,1800,2072200
FINNIFTY02JAN2422100CE.NFO,02/01/2024,10:29:02,0.5,0.45,486000,0.5,335600,4080,2072200
FINNIFTY02JAN2422100CE.NFO,02/01/2024,10:29:12,0.5,0.45,485320,0.5,336600,3000,2072200
FINNIFTY02JAN2422100CE.NFO,02/01/2024,10:29:20,0.5,0.45,484640,0.5,335160,4240,2072200
FINNIFTY02JAN2422100CE.NFO,02/01/2024,10:29:30,0.5,0.45,485560,0.5,340240,480,2072200
FINNIFTY02JAN2422100CE.NFO,02/01/2024,10:29:46,0.45,0.45,479800,0.5,341240,3680,2097800
FINNIFTY02JAN2422100CE.NFO,02/01/2024,10:29:55,0.45,0.45,458080,0.5,341240,19800,2097800
FINNIFTY02JAN2422100CE.NFO,02/01/2024,10:30:03,0.45,0.45,446840,0.5,343320,16160,2097800
FINNIFTY02JAN2422100CE.NFO,02/01/2024,10:30:12,0.45,0.45,444360,0.5,344840,6360,2097800
FINNIFTY02JAN2422100CE.NFO,02/01/2024,10:30:22,0.45,0.45,444360,0.5,345960,0,2097800
FINNIFTY02JAN2422100CE.NFO,02/01/2024,10:30:32,0.45,0.45,438120,0.5,346120,3600,2097800
FINNIFTY02JAN2422100CE.NFO,02/01/2024,10:30:41,0.45,0.45,436600,0.5,345960,3600,2097800
FINNIFTY02JAN2422100CE.NFO,02/01/2024,10:30:51,0.5,0.45,437160,0.5,346920,1160,2097800
FINNIFTY02JAN2422100CE.NFO,02/01/2024,10:31:01,0.5,0.45,432080,0.5,345440,4200,2097800
FINNIFTY02JAN2422100CE.NFO,02/01/2024,10:31:10,0.5,0.45,414000,0.5,344840,6720,2097800
FINNIFTY02JAN2422100CE.NFO,02/01/2024,10:31:19,0.5,0.45,413240,0.5,344600,1200,2097800
FINNIFTY02JAN2422100CE.NFO,02/01/2024,10:31:27,0.45,0.45,413200,0.5,345280,1840,2097800
FINNIFTY02JAN2422100CE.NFO,02/01/2024,10:31:37,0.45,0.45,146160,0.5,326920,283120,2097800
FINNIFTY02JAN2422100CE.NFO,02/01/2024,10:31:47,0.45,0.45,133520,0.5,330520,31000,2097800
FINNIFTY02JAN2422100CE.NFO,02/01/2024,10:31:58,0.45,0.45,122640,0.5,332120,19400,2097800
FINNIFTY02JAN2422100CE.NFO,02/01/2024,10:32:08,0.45,0.45,85440,0.5,337640,48960,2097800
FINNIFTY02JAN2422100CE.NFO,02/01/2024,10:32:18,0.45,0.45,99000,0.5,337400,5200,2097800
FINNIFTY02JAN2422100CE.NFO,02/01/2024,10:32:27,0.5,0.45,108000,0.5,328920,7600,2097800
FINNIFTY02JAN2422100CE.NFO,02/01/2024,10:32:31,0.45,0.45,103160,0.5,341440,4960,2097800
FINNIFTY02JAN2422100CE.NFO,02/01/2024,10:32:32,0.45,0.45,103160,0.5,341440,0,2097800
FINNIFTY02JAN2422100CE.NFO,02/01/2024,10:32:34,0.45,0.45,96040,0.5,341440,6200,2148640
FINNIFTY02JAN2422100CE.NFO,02/01/2024,10:32:36,0.45,0.45,87280,0.5,341920,4600,2148640
FINNIFTY02JAN2422100CE.NFO,02/01/2024,10:32:37,0.45,0.45,68920,0.5,343920,20600,2148640
FINNIFTY02JAN2422100CE.NFO,02/01/2024,10:32:39,0.45,0.45,60960,0.5,342080,7280,2148640
FINNIFTY02JAN2422100CE.NFO,02/01/2024,10:32:41,0.45,0.4,1406160,0.45,155760,55880,2148640
FINNIFTY02JAN2422100CE.NFO,02/01/2024,10:32:42,0.45,0.4,1409760,0.45,117800,13600,2148640
FINNIFTY02JAN2422100CE.NFO,02/01/2024,10:32:44,0.45,0.4,1412120,0.45,173560,4000,2148640
FINNIFTY02JAN2422100CE.NFO,02/01/2024,10:32:46,0.45,0.4,1410880,0.45,177920,0,2148640
FINNIFTY02JAN2422100CE.NFO,02/01/2024,10:32:49,0.45,0.4,1410880,0.45,179320,0,2148640
FINNIFTY02JAN2422100CE.NFO,02/01/2024,10:32:51,0.45,0.4,1411640,0.45,180520,1800,2148640
FINNIFTY02JAN2422100CE.NFO,02/01/2024,10:32:52,0.45,0.4,1412160,0.45,164920,1600,2148640
FINNIFTY02JAN2422100CE.NFO,02/01/2024,10:32:54,0.45,0.4,1412160,0.45,155040,600,2148640
FINNIFTY02JAN2422100CE.NFO,02/01/2024,10:32:56,0.45,0.4,1414720,0.45,155600,4280,2148640
FINNIFTY02JAN2422100CE.NFO,02/01/2024,10:32:57,0.45,0.4,1414840,0.45,166040,400,2148640
FINNIFTY02JAN2422100CE.NFO,02/01/2024,10:32:59,0.45,0.4,1414840,0.45,189720,0,2148640
FINNIFTY02JAN2422100CE.NFO,02/01/2024,10:33:01,0.4,0.4,1411240,0.45,181040,1840,2148640
FINNIFTY02JAN2422100CE.NFO,02/01/2024,10:33:02,0.45,0.4,1411240,0.45,179640,320,2148640
FINNIFTY02JAN2422100CE.NFO,02/01/2024,10:33:04,0.4,0.4,1411200,0.45,199200,80,2148640
FINNIFTY02JAN2422100CE.NFO,02/01/2024,10:33:06,0.4,0.4,1413320,0.45,201080,2480,2148640
FINNIFTY02JAN2422100CE.NFO,02/01/2024,10:33:07,0.4,0.4,1413400,0.45,205360,640,2148640
FINNIFTY02JAN2422100CE.NFO,02/01/2024,10:33:09,0.45,0.4,1413400,0.45,197520,640,2148640
FINNIFTY02JAN2422100CE.NFO,02/01/2024,10:33:10,0.45,0.4,1413600,0.45,197000,1480,2148640
FINNIFTY02JAN2422100CE.NFO,02/01/2024,10:33:12,0.4,0.4,1411720,0.45,207440,80,2148640
FINNIFTY02JAN2422100CE.NFO,02/01/2024,10:33:14,0.4,0.4,1409920,0.45,208840,0,2148640
FINNIFTY02JAN2422100CE.NFO,02/01/2024,10:33:17,0.45,0.4,1412360,0.45,201360,640,2148640
FINNIFTY02JAN2422100CE.NFO,02/01/2024,10:33:19,0.45,0.4,1413800,0.45,192880,2040,2148640
FINNIFTY02JAN2422100CE.NFO,02/01/2024,10:33:20,0.45,0.4,1413800,0.45,194600,80,2148640
FINNIFTY02JAN2422100CE.NFO,02/01/2024,10:33:22,0.45,0.4,1413800,0.45,194640,0,2148640
FINNIFTY02JAN2422100CE.NFO,02/01/2024,10:33:24,0.45,0.4,1413800,0.45,220000,0,2148640
FINNIFTY02JAN2422100CE.NFO,02/01/2024,10:33:25,0.45,0.4,1414960,0.45,189480,4400,2148640
FINNIFTY02JAN2422100CE.NFO,02/01/2024,10:33:27,0.45,0.4,1414960,0.45,219600,0,2148640
FINNIFTY02JAN2422100CE.NFO,02/01/2024,10:33:29,0.45,0.4,1414960,0.45,219760,0,2148640
FINNIFTY02JAN2422100CE.NFO,02/01/2024,10:33:32,0.4,0.4,1416160,0.45,224040,1680,2148640
FINNIFTY02JAN2422100CE.NFO,02/01/2024,10:33:34,0.4,0.4,1416160,0.45,224040,0,2148640
FINNIFTY02JAN2422100CE.NFO,02/01/2024,10:33:35,0.45,0.4,1416160,0.45,222360,600,2148640
FINNIFTY02JAN2422100CE.NFO,02/01/2024,10:33:37,0.45,0.4,1419000,0.45,205600,4400,2148640
FINNIFTY02JAN2422100CE.NFO,02/01/2024,10:33:38,0.45,0.4,1419000,0.45,196680,800,2148640
FINNIFTY02JAN2422100CE.NFO,02/01/2024,10:33:40,0.4,0.4,1422320,0.45,233400,6600,2148640
FINNIFTY02JAN2422100CE.NFO,02/01/2024,10:33:42,0.45,0.4,1424120,0.45,225720,3600,2148640
FINNIFTY02JAN2422100CE.NFO,02/01/2024,10:33:44,0.45,0.4,1379600,0.45,236560,7240,2148640
FINNIFTY02JAN2422100CE.NFO,02/01/2024,10:33:45,0.4,0.4,1286000,0.45,246960,7200,2148640
FINNIFTY02JAN2422100CE.NFO,02/01/2024,10:33:47,0.45,0.4,1197800,0.45,245440,4400,2148640
FINNIFTY02JAN2422100CE.NFO,02/01/2024,10:33:48,0.45,0.4,1111440,0.45,244560,4480,2148640
FINNIFTY02JAN2422100CE.NFO,02/01/2024,10:33:50,0.45,0.4,1025000,0.45,244120,0,2148640
FINNIFTY02JAN2422100CE.NFO,02/01/2024,10:33:52,0.45,0.4,936800,0.45,244160,400,2148640
FINNIFTY02JAN2422100CE.NFO,02/01/2024,10:33:53,0.45,0.4,841400,0.45,247080,1800,2148640
FINNIFTY02JAN2422100CE.NFO,02/01/2024,10:33:55,0.4,0.4,753000,0.45,248880,800,2148640
FINNIFTY02JAN2422100CE.NFO,02/01/2024,10:33:57,0.4,0.4,657920,0.45,239080,11600,2148640
FINNIFTY02JAN2422100CE.NFO,02/01/2024,10:33:58,0.4,0.4,610640,0.45,244480,1800,2148640
FINNIFTY02JAN2422100CE.NFO,02/01/2024,10:34:00,0.4,0.4,612320,0.45,244880,0,2148640
FINNIFTY02JAN2422100CE.NFO,02/01/2024,10:34:01,0.4,0.4,615080,0.45,246680,0,2148640
FINNIFTY02JAN2422100CE.NFO,02/01/2024,10:34:03,0.45,0.4,615040,0.45,244880,1800,2148640
FINNIFTY02JAN2422100CE.NFO,02/01/2024,10:34:05,0.45,0.4,613200,0.45,246680,0,2148640
FINNIFTY02JAN2422100CE.NFO,02/01/2024,10:34:06,0.45,0.4,614200,0.45,245680,4120,2148640
FINNIFTY02JAN2422100CE.NFO,02/01/2024,10:34:08,0.45,0.4,613400,0.45,247320,640,2148640
FINNIFTY02JAN2422100CE.NFO,02/01/2024,10:34:10,0.45,0.4,614400,0.45,246920,40,2148640
FINNIFTY02JAN2422100CE.NFO,02/01/2024,10:34:11,0.45,0.4,613480,0.45,247280,0,2148640
FINNIFTY02JAN2422100CE.NFO,02/01/2024,10:34:13,0.45,0.4,614480,0.45,247280,0,2148640
FINNIFTY02JAN2422100CE.NFO,02/01/2024,10:34:15,0.45,0.4,615480,0.45,247280,0,2148640
FINNIFTY02JAN2422100CE.NFO,02/01/2024,10:34:16,0.4,0.4,646080,0.45,247320,2640,2148640
FINNIFTY02JAN2422100CE.NFO,02/01/2024,10:34:18,0.45,0.4,667680,0.45,247280,5440,2148640
FINNIFTY02JAN2422100CE.NFO,02/01/2024,10:34:21,0.45,0.4,665880,0.45,253600,0,2148640
FINNIFTY02JAN2422100CE.NFO,02/01/2024,10:34:26,0.45,0.4,667680,0.45,252320,800,2148640
FINNIFTY02JAN2422100CE.NFO,02/01/2024,10:34:28,0.45,0.4,668000,0.45,247840,4120,2148640
FINNIFTY02JAN2422100CE.NFO,02/01/2024,10:34:29,0.45,0.4,668000,0.45,247040,800,2148640
FINNIFTY02JAN2422100CE.NFO,02/01/2024,10:34:39,0.45,0.4,666680,0.45,242760,4800,2148640
FINNIFTY02JAN2422100CE.NFO,02/01/2024,10:34:48,0.4,0.4,661320,0.45,244760,12200,2148640
FINNIFTY02JAN2422100CE.NFO,02/01/2024,10:34:57,0.45,0.4,662440,0.45,245800,4800,2148640
FINNIFTY02JAN2422100CE.NFO,02/01/2024,10:35:06,0.45,0.4,655280,0.45,257320,480,2148640
FINNIFTY02JAN2422100CE.NFO,02/01/2024,10:35:15,0.45,0.4,640880,0.45,258640,2200,2148640
FINNIFTY02JAN2422100CE.NFO,02/01/2024,10:35:23,0.45,0.4,640880,0.45,263520,1800,2148640
FINNIFTY02JAN2422100CE.NFO,02/01/2024,10:35:32,0.45,0.4,655280,0.45,269000,0,2148640
FINNIFTY02JAN2422100CE.NFO,02/01/2024,10:35:41,0.45,0.4,810080,0.45,271240,4720,2155040
FINNIFTY02JAN2422100CE.NFO,02/01/2024,10:35:50,0.45,0.4,813720,0.45,275480,4560,2155040
FINNIFTY02JAN2422100CE.NFO,02/01/2024,10:35:59,0.4,0.4,733200,0.45,266840,13120,2155040
FINNIFTY02JAN2422100CE.NFO,02/01/2024,10:36:08,0.4,0.4,687760,0.45,268040,10960,2155040
FINNIFTY02JAN2422100CE.NFO,02/01/2024,10:36:18,0.45,0.4,666280,0.45,314320,3640,2155040
FINNIFTY02JAN2422100CE.NFO,02/01/2024,10:36:29,0.45,0.4,671000,0.45,312840,8240,2155040
FINNIFTY02JAN2422100CE.NFO,02/01/2024,10:36:40,0.4,0.4,665800,0.45,311960,9040,2155040
FINNIFTY02JAN2422100CE.NFO,02/01/2024,10:36:52,0.45,0.4,641920,0.45,297040,1400,2155040
FINNIFTY02JAN2422100CE.NFO,02/01/2024,10:37:03,0.45,0.4,634080,0.45,296040,7040,2155040
FINNIFTY02JAN2422100CE.NFO,02/01/2024,10:37:14,0.45,0.4,632720,0.45,255920,4480,2155040
FINNIFTY02JAN2422100CE.NFO,02/01/2024,10:37:25,0.45,0.4,630760,0.45,256240,2440,2155040
FINNIFTY02JAN2422100CE.NFO,02/01/2024,10:37:36,0.45,0.4,630520,0.45,256920,5040,2155040
FINNIFTY02JAN2422100CE.NFO,02/01/2024,10:37:46,0.45,0.4,630520,0.45,255400,1520,2155040
FINNIFTY02JAN2422100CE.NFO,02/01/2024,10:37:56,0.45,0.4,629240,0.45,255880,8720,2155040
FINNIFTY02JAN2422100CE.NFO,02/01/2024,10:38:06,0.4,0.4,622920,0.45,260560,8840,2155040
FINNIFTY02JAN2422100CE.NFO,02/01/2024,10:38:15,0.45,0.4,624720,0.45,257480,2680,2155040
FINNIFTY02JAN2422100CE.NFO,02/01/2024,10:38:25,0.45,0.4,624680,0.45,256800,800,2155040
FINNIFTY02JAN2422100CE.NFO,02/01/2024,10:38:34,0.45,0.4,624680,0.45,257000,240,2155040
FINNIFTY02JAN2422100CE.NFO,02/01/2024,10:38:43,0.45,0.4,621440,0.45,255600,640,2163920
FINNIFTY02JAN2422100CE.NFO,02/01/2024,10:38:53,0.45,0.4,620880,0.45,256680,2080,2163920
FINNIFTY02JAN2422100CE.NFO,02/01/2024,10:39:04,0.45,0.4,706400,0.45,231200,26880,2163920
FINNIFTY02JAN2422100CE.NFO,02/01/2024,10:39:15,0.45,0.4,696120,0.45,232600,1640,2163920
FINNIFTY02JAN2422100CE.NFO,02/01/2024,10:39:26,0.4,0.4,674520,0.45,234240,1800,2163920
FINNIFTY02JAN2422100CE.NFO,02/01/2024,10:39:37,0.4,0.4,674400,0.45,235720,3920,2163920
FINNIFTY02JAN2422100CE.NFO,02/01/2024,10:39:47,0.4,0.4,672000,0.45,237400,2400,2163920
FINNIFTY02JAN2422100CE.NFO,02/01/2024,10:39:58,0.45,0.4,660120,0.45,231680,6480,2163920
FINNIFTY02JAN2422100CE.NFO,02/01/2024,10:40:09,0.45,0.4,656120,0.45,233640,7640,2163920
FINNIFTY02JAN2422100CE.NFO,02/01/2024,10:40:20,0.45,0.4,658800,0.45,232640,1080,2163920
FINNIFTY02JAN2422100CE.NFO,02/01/2024,10:40:31,0.45,0.4,641240,0.45,224000,2000,2163920
FINNIFTY02JAN2422100CE.NFO,02/01/2024,10:40:41,0.45,0.4,630520,0.45,223120,2240,2163920
FINNIFTY02JAN2422100CE.NFO,02/01/2024,10:40:51,0.45,0.4,630520,0.45,216320,7440,2163920
FINNIFTY02JAN2422100CE.NFO,02/01/2024,10:41:01,0.45,0.4,610720,0.45,216800,40,2163920
FINNIFTY02JAN2422100CE.NFO,02/01/2024,10:41:11,0.4,0.4,607400,0.45,217400,8880,2163920
FINNIFTY02JAN2422100CE.NFO,02/01/2024,10:41:21,0.4,0.4,606320,0.45,218800,2040,2163920
FINNIFTY02JAN2422100CE.NFO,02/01/2024,10:41:30,0.4,0.4,605680,0.45,219040,3000,2163920
FINNIFTY02JAN2422100CE.NFO,02/01/2024,10:41:40,0.4,0.4,605000,0.45,221040,2000,2205960
FINNIFTY02JAN2422100CE.NFO,02/01/2024,10:41:51,0.4,0.4,604880,0.45,221040,120,2205960
FINNIFTY02JAN2422100CE.NFO,02/01/2024,10:42:01,0.45,0.4,604320,0.45,217920,3920,2205960
FINNIFTY02JAN2422100CE.NFO,02/01/2024,10:42:11,0.45,0.4,604720,0.45,211400,240,2205960
FINNIFTY02JAN2422100CE.NFO,02/01/2024,10:42:21,0.45,0.4,600960,0.45,216880,1880,2205960
FINNIFTY02JAN2422100CE.NFO,02/01/2024,10:42:31,0.4,0.4,593560,0.45,216200,5600,2205960
FINNIFTY02JAN2422100CE.NFO,02/01/2024,10:42:41,0.45,0.4,593240,0.45,218000,1000,2205960
FINNIFTY02JAN2422100CE.NFO,02/01/2024,10:42:51,0.45,0.4,593360,0.45,217840,200,2205960
FINNIFTY02JAN2422100CE.NFO,02/01/2024,10:43:01,0.45,0.4,593280,0.45,215720,1560,2205960
FINNIFTY02JAN2422100CE.NFO,02/01/2024,10:43:11,0.45,0.4,591480,0.45,213560,3200,2205960
FINNIFTY02JAN2422100CE.NFO,02/01/2024,10:43:21,0.45,0.4,591480,0.45,211840,1720,2205960
FINNIFTY02JAN2422100CE.NFO,02/01/2024,10:43:31,0.4,0.4,594000,0.45,211720,2960,2205960
FINNIFTY02JAN2422100CE.NFO,02/01/2024,10:43:41,0.4,0.4,593640,0.45,214440,960,2205960
FINNIFTY02JAN2422100CE.NFO,02/01/2024,10:43:51,0.4,0.4,590800,0.45,214440,160,2205960
FINNIFTY02JAN2422100CE.NFO,02/01/2024,10:44:00,0.4,0.4,192960,0.45,214400,0,2205960
FINNIFTY02JAN2422100CE.NFO,02/01/2024,10:44:10,0.45,0.4,195000,0.45,260400,1640,2205960
FINNIFTY02JAN2422100CE.NFO,02/01/2024,10:44:20,0.45,0.4,175040,0.45,260240,160,2205960
FINNIFTY02JAN2422100CE.NFO,02/01/2024,10:44:30,0.4,0.4,171880,0.45,258680,1760,2205960
FINNIFTY02JAN2422100CE.NFO,02/01/2024,10:44:41,0.45,0.4,231960,0.45,257480,760,2221440
FINNIFTY02JAN2422100CE.NFO,02/01/2024,10:44:51,0.45,0.4,231960,0.45,254600,1640,2221440
FINNIFTY02JAN2422100CE.NFO,02/01/2024,10:45:00,0.4,0.4,228640,0.45,255640,3720,2221440
FINNIFTY02JAN2422100CE.NFO,02/01/2024,10:45:10,0.4,0.4,229720,0.45,260440,6200,2221440
FINNIFTY02JAN2422100CE.NFO,02/01/2024,10:45:19,0.45,0.4,222960,0.45,257880,2560,2221440
FINNIFTY02JAN2422100CE.NFO,02/01/2024,10:45:29,0.4,0.4,207160,0.45,271560,18120,2221440
FINNIFTY02JAN2422100CE.NFO,02/01/2024,10:45:39,0.4,0.4,196480,0.45,285520,8200,2221440
FINNIFTY02JAN2422100CE.NFO,02/01/2024,10:45:48,0.4,0.4,210480,0.45,289960,10480,2221440
FINNIFTY02JAN2422100CE.NFO,02/01/2024,10:45:58,0.4,0.4,205080,0.45,291160,4480,2221440
FINNIFTY02JAN2422100CE.NFO,02/01/2024,10:46:08,0.4,0.4,207040,0.45,294160,6440,2221440
FINNIFTY02JAN2422100CE.NFO,02/01/2024,10:46:17,0.4,0.4,203960,0.45,296880,3280,2221440
FINNIFTY02JAN2422100CE.NFO,02/01/2024,10:46:27,0.4,0.4,203600,0.45,295640,6360,2221440
FINNIFTY02JAN2422100CE.NFO,02/01/2024,10:46:36,0.4,0.4,213600,0.45,296240,1480,2221440
FINNIFTY02JAN2422100CE.NFO,02/01/2024,10:46:46,0.4,0.4,216080,0.45,296800,4400,2221440
FINNIFTY02JAN2422100CE.NFO,02/01/2024,10:46:56,0.4,0.4,218760,0.45,302200,11240,2221440
FINNIFTY02JAN2422100CE.NFO,02/01/2024,10:47:06,0.4,0.4,160920,0.45,306320,6040,2221440
FINNIFTY02JAN2422100CE.NFO,02/01/2024,10:47:16,0.4,0.4,161360,0.45,307320,3560,2221440
FINNIFTY02JAN2422100CE.NFO,02/01/2024,10:47:25,0.4,0.4,162880,0.45,307320,0,2221440
FINNIFTY02JAN2422100CE.NFO,02/01/2024,10:47:35,0.4,0.4,167400,0.45,306720,7200,2221440
FINNIFTY02JAN2422100CE.NFO,02/01/2024,10:47:44,0.4,0.4,166640,0.45,310440,3600,2177760
FINNIFTY02JAN2422100CE.NFO,02/01/2024,10:47:53,0.4,0.4,169440,0.45,310440,600,2177760
FINNIFTY02JAN2422100CE.NFO,02/01/2024,10:48:03,0.4,0.4,173760,0.45,310600,5040,2177760
FINNIFTY02JAN2422100CE.NFO,02/01/2024,10:48:12,0.4,0.4,202880,0.45,309480,4040,2177760
FINNIFTY02JAN2422100CE.NFO,02/01/2024,10:48:21,0.4,0.4,195880,0.45,311320,14960,2177760
