Ticker,Date,Time,LTP,BuyPrice,BuyQty,SellPrice,SellQty,LTQ,OpenInterest
FINNIFTY02JAN2422150CE.NFO,02/01/2024,09:15:00,0.7,0.35,320,0.65,440,3240,0
FINNIFTY02JAN2422150CE.NFO,02/01/2024,09:15:00,0.7,0.35,320,0.65,440,0,0
FINNIFTY02JAN2422150CE.NFO,02/01/2024,09:15:00,0.7,0.35,320,0.65,440,0,0
FINNIFTY02JAN2422150CE.NFO,02/01/2024,09:15:00,0.1,0.35,320,0.65,440,0,0
FINNIFTY02JAN2422150CE.NFO,02/01/2024,09:15:07,0.5,0.5,24120,0.55,25400,11480,421680
FINNIFTY02JAN2422150CE.NFO,02/01/2024,09:15:20,0.45,0.45,23080,0.5,47720,47560,421680
FINNIFTY02JAN2422150CE.NFO,02/01/2024,09:15:31,0.45,0.45,64840,0.5,101280,8160,421680
FINNIFTY02JAN2422150CE.NFO,02/01/2024,09:15:40,0.5,0.45,76800,0.5,103960,6880,421680
FINNIFTY02JAN2422150CE.NFO,02/01/2024,09:15:49,0.5,0.45,77200,0.5,104880,2120,421680
FINNIFTY02JAN2422150CE.NFO,02/01/2024,09:15:58,0.5,0.45,83040,0.5,109240,9160,421680
FINNIFTY02JAN2422150CE.NFO,02/01/2024,09:16:08,0.45,0.45,92720,0.5,115760,16960,421680
FINNIFTY02JAN2422150CE.NFO,02/01/2024,09:16:16,0.45,0.45,78040,0.5,115400,22320,421680
FINNIFTY02JAN2422150CE.NFO,02/01/2024,09:16:25,0.45,0.4,167440,0.45,127600,103840,421680
FINNIFTY02JAN2422150CE.NFO,02/01/2024,09:16:32,0.4,0.4,166080,0.45,132040,42680,421680
FINNIFTY02JAN2422150CE.NFO,02/01/2024,09:16:40,0.45,0.4,186000,0.45,133040,33040,421680
FINNIFTY02JAN2422150CE.NFO,02/01/2024,09:16:49,0.45,0.4,179680,0.45,137560,10960,421680
FINNIFTY02JAN2422150CE.NFO,02/01/2024,09:16:56,0.45,0.4,183120,0.45,125560,14800,421680
FINNIFTY02JAN2422150CE.NFO,02/01/2024,09:17:04,0.45,0.4,185440,0.45,116200,35520,421680
FINNIFTY02JAN2422150CE.NFO,02/01/2024,09:17:14,0.45,0.45,122880,0.5,82040,100720,421680
FINNIFTY02JAN2422150CE.NFO,02/01/2024,09:17:21,0.45,0.45,111480,0.5,92120,4040,421680
FINNIFTY02JAN2422150CE.NFO,02/01/2024,09:17:29,0.45,0.45,127000,0.5,98280,46200,429880
FINNIFTY02JAN2422150CE.NFO,02/01/2024,09:17:38,0.45,0.45,126840,0.5,107160,11280,429880
FINNIFTY02JAN2422150CE.NFO,02/01/2024,09:17:47,0.45,0.45,109800,0.5,109560,10000,429880
FINNIFTY02JAN2422150CE.NFO,02/01/2024,09:17:54,0.45,0.45,92520,0.5,112520,32920,429880
FINNIFTY02JAN2422150CE.NFO,02/01/2024,09:18:01,0.45,0.45,91200,0.5,113400,7880,429880
FINNIFTY02JAN2422150CE.NFO,02/01/2024,09:18:09,0.45,0.45,52840,0.5,120960,33440,429880
FINNIFTY02JAN2422150CE.NFO,02/01/2024,09:18:16,0.45,0.45,45560,0.5,131120,58840,429880
FINNIFTY02JAN2422150CE.NFO,02/01/2024,09:18:24,0.4,0.4,217960,0.45,92280,29360,429880
FINNIFTY02JAN2422150CE.NFO,02/01/2024,09:18:31,0.4,0.4,216760,0.45,105160,1320,429880
FINNIFTY02JAN2422150CE.NFO,02/01/2024,09:18:38,0.45,0.4,222440,0.45,120520,4360,429880
FINNIFTY02JAN2422150CE.NFO,02/01/2024,09:18:45,0.45,0.4,223480,0.45,112240,1200,429880
FINNIFTY02JAN2422150CE.NFO,02/01/2024,09:18:54,0.45,0.4,244600,0.45,114280,520,429880
FINNIFTY02JAN2422150CE.NFO,02/01/2024,09:19:04,0.45,0.4,248400,0.45,128080,10040,429880
FINNIFTY02JAN2422150CE.NFO,02/01/2024,09:19:12,0.45,0.4,251960,0.45,136760,5480,429880
FINNIFTY02JAN2422150CE.NFO,02/01/2024,09:19:21,0.45,0.4,252080,0.45,138760,3760,429880
FINNIFTY02JAN2422150CE.NFO,02/01/2024,09:19:29,0.45,0.4,247480,0.45,141040,3120,429880
FINNIFTY02JAN2422150CE.NFO,02/01/2024,09:19:30,0.45,0.4,247480,0.45,141040,0,429880
FINNIFTY02JAN2422150CE.NFO,02/01/2024,09:19:32,0.45,0.4,249720,0.45,117560,80,429880
FINNIFTY02JAN2422150CE.NFO,02/01/2024,09:19:34,0.45,0.4,249720,0.45,117520,40,429880
FINNIFTY02JAN2422150CE.NFO,02/01/2024,09:19:35,0.45,0.4,247920,0.45,117520,0,429880
FINNIFTY02JAN2422150CE.NFO,02/01/2024,09:19:39,0.45,0.4,251640,0.45,124520,200,429880
FINNIFTY02JAN2422150CE.NFO,02/01/2024,09:19:40,0.45,0.4,251240,0.45,123960,600,429880
FINNIFTY02JAN2422150CE.NFO,02/01/2024,09:19:42,0.45,0.4,250040,0.45,123920,0,429880
FINNIFTY02JAN2422150CE.NFO,02/01/2024,09:19:44,0.45,0.4,252160,0.45,123920,1800,429880
FINNIFTY02JAN2422150CE.NFO,02/01/2024,09:19:45,0.45,0.4,250360,0.45,123920,0,429880
FINNIFTY02JAN2422150CE.NFO,02/01/2024,09:19:47,0.45,0.4,250360,0.45,129520,0,429880
FINNIFTY02JAN2422150CE.NFO,02/01/2024,09:19:50,0.45,0.4,250360,0.45,128240,480,429880
FINNIFTY02JAN2422150CE.NFO,02/01/2024,09:19:52,0.45,0.4,249880,0.45,129720,320,429880
FINNIFTY02JAN2422150CE.NFO,02/01/2024,09:19:53,0.45,0.4,251720,0.45,127920,2200,429880
FINNIFTY02JAN2422150CE.NFO,02/01/2024,09:19:55,0.45,0.4,249960,0.45,128440,0,429880
FINNIFTY02JAN2422150CE.NFO,02/01/2024,09:19:57,0.45,0.4,250000,0.45,137640,800,429880
FINNIFTY02JAN2422150CE.NFO,02/01/2024,09:19:58,0.45,0.4,250000,0.45,134840,1000,429880
FINNIFTY02JAN2422150CE.NFO,02/01/2024,09:20:00,0.45,0.4,234920,0.45,145520,1520,429880
FINNIFTY02JAN2422150CE.NFO,02/01/2024,09:20:02,0.45,0.4,224120,0.45,143480,240,429880
FINNIFTY02JAN2422150CE.NFO,02/01/2024,09:20:03,0.45,0.4,222360,0.45,146080,200,429880
FINNIFTY02JAN2422150CE.NFO,02/01/2024,09:20:05,0.45,0.4,224360,0.45,144640,1440,429880
FINNIFTY02JAN2422150CE.NFO,02/01/2024,09:20:07,0.45,0.4,222960,0.45,144400,200,429880
FINNIFTY02JAN2422150CE.NFO,02/01/2024,09:20:08,0.45,0.4,222960,0.45,144400,0,429880
FINNIFTY02JAN2422150CE.NFO,02/01/2024,09:20:10,0.4,0.4,224640,0.45,144400,120,429880
FINNIFTY02JAN2422150CE.NFO,02/01/2024,09:20:12,0.4,0.4,222040,0.45,144400,400,429880
FINNIFTY02JAN2422150CE.NFO,02/01/2024,09:20:13,0.45,0.4,220800,0.45,144000,4000,429880
FINNIFTY02JAN2422150CE.NFO,02/01/2024,09:20:17,0.45,0.4,222600,0.45,147520,80,429880
FINNIFTY02JAN2422150CE.NFO,02/01/2024,09:20:18,0.45,0.4,224240,0.45,150240,1800,429880
FINNIFTY02JAN2422150CE.NFO,02/01/2024,09:20:22,0.45,0.4,222440,0.45,150240,0,429880
FINNIFTY02JAN2422150CE.NFO,02/01/2024,09:20:23,0.45,0.4,223320,0.45,150200,40,483960
FINNIFTY02JAN2422150CE.NFO,02/01/2024,09:20:25,0.45,0.4,224720,0.45,150520,80,483960
FINNIFTY02JAN2422150CE.NFO,02/01/2024,09:20:27,0.45,0.4,222920,0.45,153000,40,483960
FINNIFTY02JAN2422150CE.NFO,02/01/2024,09:20:28,0.45,0.4,222920,0.45,155000,40,483960
FINNIFTY02JAN2422150CE.NFO,02/01/2024,09:20:34,0.45,0.4,205360,0.45,158640,1800,483960
FINNIFTY02JAN2422150CE.NFO,02/01/2024,09:20:42,0.45,0.4,217960,0.45,156360,2960,483960
FINNIFTY02JAN2422150CE.NFO,02/01/2024,09:20:50,0.4,0.4,217840,0.45,157760,120,483960
FINNIFTY02JAN2422150CE.NFO,02/01/2024,09:20:59,0.45,0.4,217440,0.45,186200,640,483960
FINNIFTY02JAN2422150CE.NFO,02/01/2024,09:21:11,0.4,0.4,213040,0.45,186280,6360,483960
FINNIFTY02JAN2422150CE.NFO,02/01/2024,09:21:23,0.4,0.4,206560,0.45,184240,5280,483960
FINNIFTY02JAN2422150CE.NFO,02/01/2024,09:21:35,0.45,0.4,206840,0.45,189040,3920,483960
FINNIFTY02JAN2422150CE.NFO,02/01/2024,09:21:46,0.45,0.4,205600,0.45,188480,1280,483960
FINNIFTY02JAN2422150CE.NFO,02/01/2024,09:21:57,0.4,0.4,203480,0.45,188680,320,483960
FINNIFTY02JAN2422150CE.NFO,02/01/2024,09:22:09,0.4,0.4,203640,0.45,190200,120,483960
FINNIFTY02JAN2422150CE.NFO,02/01/2024,09:22:20,0.4,0.4,203480,0.45,188400,120,483960
FINNIFTY02JAN2422150CE.NFO,02/01/2024,09:22:31,0.4,0.4,208160,0.45,195000,1320,483960
FINNIFTY02JAN2422150CE.NFO,02/01/2024,09:22:43,0.45,0.4,209040,0.45,181640,640,483960
FINNIFTY02JAN2422150CE.NFO,02/01/2024,09:22:54,0.4,0.4,207800,0.45,181640,1240,483960
FINNIFTY02JAN2422150CE.NFO,02/01/2024,09:23:05,0.4,0.4,179800,0.45,183640,1520,483960
FINNIFTY02JAN2422150CE.NFO,02/01/2024,09:23:16,0.4,0.4,164320,0.45,183400,3120,483960
FINNIFTY02JAN2422150CE.NFO,02/01/2024,09:23:27,0.45,0.4,164520,0.45,186200,2600,488760
FINNIFTY02JAN2422150CE.NFO,02/01/2024,09:23:37,0.4,0.4,163560,0.45,195200,480,488760
FINNIFTY02JAN2422150CE.NFO,02/01/2024,09:23:48,0.4,0.4,160760,0.45,198680,1240,488760
FINNIFTY02JAN2422150CE.NFO,02/01/2024,09:23:59,0.45,0.4,119800,0.45,208360,5200,488760
FINNIFTY02JAN2422150CE.NFO,02/01/2024,09:24:09,0.45,0.4,134680,0.45,206400,160,488760
FINNIFTY02JAN2422150CE.NFO,02/01/2024,09:24:20,0.4,0.4,133200,0.45,209160,1480,488760
FINNIFTY02JAN2422150CE.NFO,02/01/2024,09:24:31,0.4,0.4,136480,0.45,210080,5920,488760
FINNIFTY02JAN2422150CE.NFO,02/01/2024,09:24:42,0.4,0.4,135160,0.45,210080,1320,488760
FINNIFTY02JAN2422150CE.NFO,02/01/2024,09:24:53,0.45,0.4,134960,0.45,207880,400,488760
FINNIFTY02JAN2422150CE.NFO,02/01/2024,09:25:04,0.45,0.4,94560,0.45,209640,3120,488760
FINNIFTY02JAN2422150CE.NFO,02/01/2024,09:25:15,0.4,0.4,72560,0.45,211200,4000,488760
FINNIFTY02JAN2422150CE.NFO,02/01/2024,09:25:26,0.45,0.4,88800,0.45,213000,2200,488760
FINNIFTY02JAN2422150CE.NFO,02/01/2024,09:25:36,0.45,0.4,90600,0.45,211240,0,488760
FINNIFTY02JAN2422150CE.NFO,02/01/2024,09:25:47,0.4,0.4,88800,0.45,207600,3800,488760
FINNIFTY02JAN2422150CE.NFO,02/01/2024,09:25:58,0.4,0.4,88760,0.45,208640,1800,488760
FINNIFTY02JAN2422150CE.NFO,02/01/2024,09:26:09,0.4,0.4,87360,0.45,208800,520,488760
FINNIFTY02JAN2422150CE.NFO,02/01/2024,09:26:21,0.45,0.4,100760,0.45,194480,10840,488760
FINNIFTY02JAN2422150CE.NFO,02/01/2024,09:26:33,0.45,0.4,105360,0.45,191560,10760,493040
FINNIFTY02JAN2422150CE.NFO,02/01/2024,09:26:46,0.4,0.4,103480,0.45,190320,4920,493040
FINNIFTY02JAN2422150CE.NFO,02/01/2024,09:26:59,0.45,0.4,105960,0.45,195680,3640,493040
FINNIFTY02JAN2422150CE.NFO,02/01/2024,09:27:10,0.45,0.4,105960,0.45,196600,0,493040
FINNIFTY02JAN2422150CE.NFO,02/01/2024,09:27:21,0.4,0.4,107560,0.45,195640,4160,493040
FINNIFTY02JAN2422150CE.NFO,02/01/2024,09:27:32,0.45,0.4,154880,0.45,245800,280,493040
FINNIFTY02JAN2422150CE.NFO,02/01/2024,09:27:44,0.4,0.4,155400,0.45,245600,40,493040
FINNIFTY02JAN2422150CE.NFO,02/01/2024,09:27:55,0.4,0.4,155840,0.45,246080,1120,493040
FINNIFTY02JAN2422150CE.NFO,02/01/2024,09:28:08,0.4,0.4,153560,0.45,237920,3680,493040
FINNIFTY02JAN2422150CE.NFO,02/01/2024,09:28:19,0.45,0.4,153560,0.45,237880,40,493040
FINNIFTY02JAN2422150CE.NFO,02/01/2024,09:28:31,0.45,0.4,152600,0.45,236920,1000,493040
FINNIFTY02JAN2422150CE.NFO,02/01/2024,09:28:43,0.4,0.4,152040,0.45,236680,840,493040
FINNIFTY02JAN2422150CE.NFO,02/01/2024,09:28:55,0.45,0.4,151040,0.45,236400,880,493040
FINNIFTY02JAN2422150CE.NFO,02/01/2024,09:29:06,0.45,0.4,149240,0.45,235840,120,493040
FINNIFTY02JAN2422150CE.NFO,02/01/2024,09:29:18,0.45,0.4,149680,0.45,235720,3200,493040
FINNIFTY02JAN2422150CE.NFO,02/01/2024,09:29:29,0.45,0.4,151280,0.45,233400,2360,487440
FINNIFTY02JAN2422150CE.NFO,02/01/2024,09:29:41,0.45,0.4,151360,0.45,233880,400,487440
FINNIFTY02JAN2422150CE.NFO,02/01/2024,09:29:53,0.45,0.4,149520,0.45,230960,4600,487440
FINNIFTY02JAN2422150CE.NFO,02/01/2024,09:30:04,0.4,0.4,113240,0.45,235840,29960,487440
FINNIFTY02JAN2422150CE.NFO,02/01/2024,09:30:16,0.4,0.35,294600,0.4,165320,106360,487440
FINNIFTY02JAN2422150CE.NFO,02/01/2024,09:30:28,0.4,0.35,294560,0.4,172600,1000,487440
FINNIFTY02JAN2422150CE.NFO,02/01/2024,09:30:30,0.4,0.35,290520,0.4,176160,5200,487440
FINNIFTY02JAN2422150CE.NFO,02/01/2024,09:30:33,0.4,0.35,290520,0.4,177560,0,487440
FINNIFTY02JAN2422150CE.NFO,02/01/2024,09:30:37,0.4,0.35,290520,0.4,177520,40,487440
FINNIFTY02JAN2422150CE.NFO,02/01/2024,09:30:40,0.4,0.35,294920,0.4,177480,40,487440
FINNIFTY02JAN2422150CE.NFO,02/01/2024,09:30:42,0.4,0.35,294920,0.4,176920,560,487440
FINNIFTY02JAN2422150CE.NFO,02/01/2024,09:30:47,0.35,0.35,294880,0.4,176920,40,487440
FINNIFTY02JAN2422150CE.NFO,02/01/2024,09:30:50,0.35,0.35,294880,0.4,176920,0,487440
FINNIFTY02JAN2422150CE.NFO,02/01/2024,09:30:55,0.4,0.35,294880,0.4,176920,80,487440
FINNIFTY02JAN2422150CE.NFO,02/01/2024,09:30:57,0.4,0.35,294880,0.4,176920,0,487440
FINNIFTY02JAN2422150CE.NFO,02/01/2024,09:31:00,0.4,0.35,294880,0.4,176840,0,487440
FINNIFTY02JAN2422150CE.NFO,02/01/2024,09:31:03,0.4,0.35,295840,0.4,178680,200,487440
FINNIFTY02JAN2422150CE.NFO,02/01/2024,09:31:05,0.4,0.35,296000,0.4,185800,1000,487440
FINNIFTY02JAN2422150CE.NFO,02/01/2024,09:31:07,0.4,0.35,296800,0.4,185800,0,487440
FINNIFTY02JAN2422150CE.NFO,02/01/2024,09:31:13,0.35,0.35,294800,0.4,185560,3600,487440
FINNIFTY02JAN2422150CE.NFO,02/01/2024,09:31:15,0.4,0.35,294960,0.4,185720,1200,487440
FINNIFTY02JAN2422150CE.NFO,02/01/2024,09:31:16,0.4,0.35,294960,0.4,188920,0,487440
FINNIFTY02JAN2422150CE.NFO,02/01/2024,09:31:18,0.4,0.35,295160,0.4,188880,1000,487440
FINNIFTY02JAN2422150CE.NFO,02/01/2024,09:31:20,0.4,0.35,293560,0.4,188440,1640,487440
FINNIFTY02JAN2422150CE.NFO,02/01/2024,09:31:21,0.35,0.35,292760,0.4,190640,800,487440
FINNIFTY02JAN2422150CE.NFO,02/01/2024,09:31:23,0.35,0.35,292360,0.4,190160,480,487440
FINNIFTY02JAN2422150CE.NFO,02/01/2024,09:31:25,0.35,0.35,291440,0.4,190160,920,487440
FINNIFTY02JAN2422150CE.NFO,02/01/2024,09:31:26,0.35,0.35,289600,0.4,191560,2240,487440
FINNIFTY02JAN2422150CE.NFO,02/01/2024,09:31:28,0.35,0.35,288080,0.4,201120,1920,487440
FINNIFTY02JAN2422150CE.NFO,02/01/2024,09:31:35,0.4,0.35,287840,0.4,201680,3240,487440
FINNIFTY02JAN2422150CE.NFO,02/01/2024,09:31:46,0.4,0.35,290200,0.4,198560,8160,487440
FINNIFTY02JAN2422150CE.NFO,02/01/2024,09:31:57,0.4,0.35,290960,0.4,198480,1680,487440
FINNIFTY02JAN2422150CE.NFO,02/01/2024,09:32:08,0.4,0.35,290960,0.4,198440,1000,487440
FINNIFTY02JAN2422150CE.NFO,02/01/2024,09:32:19,0.4,0.35,291040,0.4,198920,80,487440
FINNIFTY02JAN2422150CE.NFO,02/01/2024,09:32:31,0.4,0.35,286840,0.4,194880,5600,517240
FINNIFTY02JAN2422150CE.NFO,02/01/2024,09:32:43,0.35,0.35,284440,0.4,196280,7680,517240
FINNIFTY02JAN2422150CE.NFO,02/01/2024,09:32:54,0.35,0.35,284080,0.4,196680,2720,517240
FINNIFTY02JAN2422150CE.NFO,02/01/2024,09:33:05,0.4,0.35,163240,0.4,198280,6680,517240
FINNIFTY02JAN2422150CE.NFO,02/01/2024,09:33:16,0.35,0.35,162960,0.4,200440,5080,517240
FINNIFTY02JAN2422150CE.NFO,02/01/2024,09:33:27,0.4,0.35,169280,0.4,199880,3840,517240
FINNIFTY02JAN2422150CE.NFO,02/01/2024,09:33:38,0.4,0.35,179720,0.4,186640,5000,517240
FINNIFTY02JAN2422150CE.NFO,02/01/2024,09:33:49,0.4,0.35,180280,0.4,187120,1880,517240
FINNIFTY02JAN2422150CE.NFO,02/01/2024,09:34:00,0.4,0.35,182000,0.4,187280,1720,517240
FINNIFTY02JAN2422150CE.NFO,02/01/2024,09:34:11,0.4,0.35,180880,0.4,201280,5600,517240
FINNIFTY02JAN2422150CE.NFO,02/01/2024,09:34:21,0.4,0.35,182360,0.4,206920,3880,517240
FINNIFTY02JAN2422150CE.NFO,02/01/2024,09:34:32,0.4,0.35,181480,0.4,208320,0,517240
FINNIFTY02JAN2422150CE.NFO,02/01/2024,09:34:42,0.35,0.35,179400,0.4,207920,2280,517240
FINNIFTY02JAN2422150CE.NFO,02/01/2024,09:34:53,0.35,0.35,175760,0.4,204080,3640,517240
FINNIFTY02JAN2422150CE.NFO,02/01/2024,09:35:03,0.35,0.35,170960,0.4,206840,4000,517240
FINNIFTY02JAN2422150CE.NFO,02/01/2024,09:35:14,0.4,0.35,175000,0.4,207160,8720,517240
FINNIFTY02JAN2422150CE.NFO,02/01/2024,09:35:24,0.35,0.35,176520,0.4,205560,11240,517240
FINNIFTY02JAN2422150CE.NFO,02/01/2024,09:35:34,0.4,0.35,177520,0.4,205600,5720,548320
FINNIFTY02JAN2422150CE.NFO,02/01/2024,09:35:45,0.4,0.35,180840,0.4,205520,6480,548320
FINNIFTY02JAN2422150CE.NFO,02/01/2024,09:35:55,0.4,0.35,173920,0.4,193400,8880,548320
FINNIFTY02JAN2422150CE.NFO,02/01/2024,09:36:07,0.35,0.35,180320,0.4,193200,2800,548320
FINNIFTY02JAN2422150CE.NFO,02/01/2024,09:36:18,0.4,0.35,195200,0.4,198320,3920,548320
FINNIFTY02JAN2422150CE.NFO,02/01/2024,09:36:29,0.4,0.35,196160,0.4,198240,1000,548320
FINNIFTY02JAN2422150CE.NFO,02/01/2024,09:36:40,0.4,0.35,196160,0.4,197800,40,548320
FINNIFTY02JAN2422150CE.NFO,02/01/2024,09:37:01,0.4,0.35,197440,0.4,210080,800,548320
FINNIFTY02JAN2422150CE.NFO,02/01/2024,09:37:12,0.4,0.35,183440,0.4,215360,120,548320
FINNIFTY02JAN2422150CE.NFO,02/01/2024,09:37:22,0.4,0.35,184840,0.4,215360,0,548320
FINNIFTY02JAN2422150CE.NFO,02/01/2024,09:37:32,0.35,0.35,184800,0.4,215240,160,548320
FINNIFTY02JAN2422150CE.NFO,02/01/2024,09:37:43,0.35,0.35,181160,0.4,218840,3640,548320
FINNIFTY02JAN2422150CE.NFO,02/01/2024,09:37:53,0.4,0.35,176240,0.4,218680,600,548320
FINNIFTY02JAN2422150CE.NFO,02/01/2024,09:38:03,0.4,0.35,175120,0.4,220400,1240,548320
FINNIFTY02JAN2422150CE.NFO,02/01/2024,09:38:14,0.4,0.35,174760,0.4,221720,80,548320
FINNIFTY02JAN2422150CE.NFO,02/01/2024,09:38:24,0.4,0.35,174760,0.4,221720,0,548320
FINNIFTY02JAN2422150CE.NFO,02/01/2024,09:38:46,0.4,0.35,174840,0.4,220840,0,548320
FINNIFTY02JAN2422150CE.NFO,02/01/2024,09:38:56,0.35,0.35,174480,0.4,222000,360,561600
FINNIFTY02JAN2422150CE.NFO,02/01/2024,09:39:08,0.35,0.35,172960,0.4,222880,600,561600
FINNIFTY02JAN2422150CE.NFO,02/01/2024,09:39:18,0.4,0.35,169560,0.4,224400,3360,561600
FINNIFTY02JAN2422150CE.NFO,02/01/2024,09:39:29,0.35,0.35,196800,0.4,224400,280,561600
FINNIFTY02JAN2422150CE.NFO,02/01/2024,09:39:40,0.35,0.35,195920,0.4,229280,0,561600
FINNIFTY02JAN2422150CE.NFO,02/01/2024,09:39:51,0.35,0.35,212560,0.4,225360,5040,561600
FINNIFTY02JAN2422150CE.NFO,02/01/2024,09:40:02,0.35,0.35,212240,0.4,225360,320,561600
FINNIFTY02JAN2422150CE.NFO,02/01/2024,09:40:16,0.4,0.35,212240,0.4,226520,240,561600
FINNIFTY02JAN2422150CE.NFO,02/01/2024,09:40:28,0.4,0.35,212240,0.4,224120,2400,561600
FINNIFTY02JAN2422150CE.NFO,02/01/2024,09:40:54,0.4,0.35,212400,0.4,202440,80,561600
FINNIFTY02JAN2422150CE.NFO,02/01/2024,09:41:05,0.4,0.35,218240,0.4,208440,1200,561600
FINNIFTY02JAN2422150CE.NFO,02/01/2024,09:41:16,0.45,0.4,150920,0.45,74600,222000,561600
FINNIFTY02JAN2422150CE.NFO,02/01/2024,09:41:27,0.45,0.4,145680,0.45,56040,37400,637240
FINNIFTY02JAN2422150CE.NFO,02/01/2024,09:41:38,0.4,0.4,146440,0.45,57000,800,637240
FINNIFTY02JAN2422150CE.NFO,02/01/2024,09:41:49,0.4,0.4,152960,0.45,65040,4080,637240
FINNIFTY02JAN2422150CE.NFO,02/01/2024,09:42:00,0.45,0.45,276680,0.5,42000,72880,637240
FINNIFTY02JAN2422150CE.NFO,02/01/2024,09:42:12,0.45,0.45,280080,0.5,62720,12440,637240
FINNIFTY02JAN2422150CE.NFO,02/01/2024,09:42:22,0.5,0.45,291440,0.5,61400,5600,637240
FINNIFTY02JAN2422150CE.NFO,02/01/2024,09:42:33,0.5,0.45,289800,0.5,75680,9360,637240
FINNIFTY02JAN2422150CE.NFO,02/01/2024,09:42:44,0.45,0.45,290320,0.5,90360,3120,637240
FINNIFTY02JAN2422150CE.NFO,02/01/2024,09:42:55,0.45,0.4,212000,0.45,188040,150120,637240
FINNIFTY02JAN2422150CE.NFO,02/01/2024,09:43:06,0.45,0.4,211720,0.45,180560,3600,637240
FINNIFTY02JAN2422150CE.NFO,02/01/2024,09:43:17,0.45,0.4,213400,0.45,171600,2800,637240
FINNIFTY02JAN2422150CE.NFO,02/01/2024,09:43:28,0.4,0.4,217360,0.45,172160,2520,637240
FINNIFTY02JAN2422150CE.NFO,02/01/2024,09:43:30,0.4,0.4,217360,0.45,172160,0,637240
FINNIFTY02JAN2422150CE.NFO,02/01/2024,09:43:32,0.4,0.4,217920,0.45,172160,400,637240
FINNIFTY02JAN2422150CE.NFO,02/01/2024,09:43:35,0.4,0.4,220200,0.45,172160,0,637240
FINNIFTY02JAN2422150CE.NFO,02/01/2024,09:43:37,0.45,0.4,220200,0.45,171960,200,637240
FINNIFTY02JAN2422150CE.NFO,02/01/2024,09:43:44,0.45,0.4,219800,0.45,176240,0,637240
FINNIFTY02JAN2422150CE.NFO,02/01/2024,09:43:47,0.4,0.4,220120,0.45,173880,3080,637240
FINNIFTY02JAN2422150CE.NFO,02/01/2024,09:43:49,0.45,0.4,220120,0.45,173800,80,637240
FINNIFTY02JAN2422150CE.NFO,02/01/2024,09:43:50,0.45,0.4,220120,0.45,173800,0,637240
FINNIFTY02JAN2422150CE.NFO,02/01/2024,09:43:55,0.4,0.4,219920,0.45,173720,280,637240
FINNIFTY02JAN2422150CE.NFO,02/01/2024,09:44:00,0.4,0.4,219920,0.45,173720,0,637240
FINNIFTY02JAN2422150CE.NFO,02/01/2024,09:44:02,0.4,0.4,220000,0.45,173720,0,637240
FINNIFTY02JAN2422150CE.NFO,02/01/2024,09:44:07,0.45,0.4,220000,0.45,173280,440,637240
FINNIFTY02JAN2422150CE.NFO,02/01/2024,09:44:12,0.4,0.4,219000,0.45,173400,1240,637240
FINNIFTY02JAN2422150CE.NFO,02/01/2024,09:44:16,0.45,0.4,219000,0.45,173600,40,637240
FINNIFTY02JAN2422150CE.NFO,02/01/2024,09:44:18,0.45,0.4,219000,0.45,173480,120,637240
FINNIFTY02JAN2422150CE.NFO,02/01/2024,09:44:20,0.45,0.4,219000,0.45,172960,520,637240
FINNIFTY02JAN2422150CE.NFO,02/01/2024,09:44:21,0.45,0.4,219000,0.45,172960,0,637240
FINNIFTY02JAN2422150CE.NFO,02/01/2024,09:44:23,0.45,0.4,204600,0.45,172960,0,637240
FINNIFTY02JAN2422150CE.NFO,02/01/2024,09:44:25,0.45,0.4,205440,0.45,172360,1600,637240
FINNIFTY02JAN2422150CE.NFO,02/01/2024,09:44:35,0.45,0.4,405440,0.45,172360,0,637240
FINNIFTY02JAN2422150CE.NFO,02/01/2024,09:44:45,0.45,0.4,405440,0.45,168040,4600,564080
FINNIFTY02JAN2422150CE.NFO,02/01/2024,09:44:56,0.45,0.4,405440,0.45,176640,80,564080
FINNIFTY02JAN2422150CE.NFO,02/01/2024,09:45:07,0.45,0.4,405640,0.45,171360,4840,564080
FINNIFTY02JAN2422150CE.NFO,02/01/2024,09:45:17,0.45,0.4,406040,0.45,170640,1600,564080
FINNIFTY02JAN2422150CE.NFO,02/01/2024,09:45:28,0.45,0.4,205160,0.45,174680,80,564080
FINNIFTY02JAN2422150CE.NFO,02/01/2024,09:45:39,0.4,0.4,203760,0.45,175160,920,564080
FINNIFTY02JAN2422150CE.NFO,02/01/2024,09:45:50,0.4,0.4,201240,0.45,183520,1200,564080
FINNIFTY02JAN2422150CE.NFO,02/01/2024,09:46:01,0.4,0.4,200960,0.45,183080,680,564080
FINNIFTY02JAN2422150CE.NFO,02/01/2024,09:46:12,0.45,0.4,214040,0.45,182120,80,564080
FINNIFTY02JAN2422150CE.NFO,02/01/2024,09:46:23,0.4,0.4,212640,0.45,183000,920,564080
FINNIFTY02JAN2422150CE.NFO,02/01/2024,09:46:34,0.4,0.4,198040,0.45,180280,1080,564080
FINNIFTY02JAN2422150CE.NFO,02/01/2024,09:46:44,0.4,0.4,194440,0.45,189280,0,564080
FINNIFTY02JAN2422150CE.NFO,02/01/2024,09:47:05,0.45,0.4,194440,0.45,189040,240,564080
FINNIFTY02JAN2422150CE.NFO,02/01/2024,09:47:16,0.45,0.4,193920,0.45,187600,2440,564080
FINNIFTY02JAN2422150CE.NFO,02/01/2024,09:47:26,0.45,0.4,193920,0.45,237600,0,564080
FINNIFTY02JAN2422150CE.NFO,02/01/2024,09:47:37,0.45,0.4,193920,0.45,254240,160,575400
FINNIFTY02JAN2422150CE.NFO,02/01/2024,09:47:48,0.45,0.4,194040,0.45,254280,80,575400
FINNIFTY02JAN2422150CE.NFO,02/01/2024,09:47:59,0.4,0.4,193600,0.45,253080,1640,575400
FINNIFTY02JAN2422150CE.NFO,02/01/2024,09:48:10,0.45,0.4,193600,0.45,253440,3920,575400
FINNIFTY02JAN2422150CE.NFO,02/01/2024,09:48:20,0.45,0.4,193600,0.45,254280,600,575400
FINNIFTY02JAN2422150CE.NFO,02/01/2024,09:48:30,0.4,0.4,192840,0.45,254320,360,575400
FINNIFTY02JAN2422150CE.NFO,02/01/2024,09:48:50,0.4,0.4,192160,0.45,252960,2880,575400
FINNIFTY02JAN2422150CE.NFO,02/01/2024,09:49:00,0.4,0.4,392160,0.45,254360,0,575400
FINNIFTY02JAN2422150CE.NFO,02/01/2024,09:49:10,0.4,0.4,391000,0.45,252480,1160,575400
FINNIFTY02JAN2422150CE.NFO,02/01/2024,09:49:21,0.4,0.4,390880,0.45,252480,120,575400
FINNIFTY02JAN2422150CE.NFO,02/01/2024,09:49:32,0.45,0.4,390880,0.45,249080,1800,575400
FINNIFTY02JAN2422150CE.NFO,02/01/2024,09:49:41,0.4,0.4,390840,0.45,252120,40,575400
FINNIFTY02JAN2422150CE.NFO,02/01/2024,09:49:51,0.45,0.4,390320,0.45,248640,4640,575400
FINNIFTY02JAN2422150CE.NFO,02/01/2024,09:50:01,0.45,0.4,391520,0.45,249120,0,575400
FINNIFTY02JAN2422150CE.NFO,02/01/2024,09:50:31,0.4,0.4,381360,0.45,249320,10400,585320
FINNIFTY02JAN2422150CE.NFO,02/01/2024,09:50:41,0.4,0.4,384960,0.45,258320,0,585320
FINNIFTY02JAN2422150CE.NFO,02/01/2024,09:50:53,0.4,0.4,384560,0.45,259520,0,585320
FINNIFTY02JAN2422150CE.NFO,02/01/2024,09:51:03,0.45,0.4,390720,0.45,264880,400,585320
FINNIFTY02JAN2422150CE.NFO,02/01/2024,09:51:24,0.45,0.4,391320,0.45,264880,0,585320
FINNIFTY02JAN2422150CE.NFO,02/01/2024,09:51:35,0.45,0.4,391720,0.45,266480,0,585320
FINNIFTY02JAN2422150CE.NFO,02/01/2024,09:51:57,0.4,0.4,383520,0.45,266520,600,585320
FINNIFTY02JAN2422150CE.NFO,02/01/2024,09:52:07,0.4,0.4,383720,0.45,266480,200,585320
FINNIFTY02JAN2422150CE.NFO,02/01/2024,09:52:17,0.4,0.4,383320,0.45,267920,0,585320
FINNIFTY02JAN2422150CE.NFO,02/01/2024,09:52:27,0.4,0.4,382920,0.45,267920,400,585320
FINNIFTY02JAN2422150CE.NFO,02/01/2024,09:52:37,0.4,0.4,382560,0.45,267880,760,585320
FINNIFTY02JAN2422150CE.NFO,02/01/2024,09:52:57,0.4,0.4,381960,0.45,267880,200,585320
FINNIFTY02JAN2422150CE.NFO,02/01/2024,09:53:18,0.4,0.4,344360,0.45,269320,1600,585320
FINNIFTY02JAN2422150CE.NFO,02/01/2024,09:53:29,0.4,0.4,344680,0.45,269280,80,585320
FINNIFTY02JAN2422150CE.NFO,02/01/2024,09:53:39,0.4,0.4,343880,0.45,269280,400,587240
FINNIFTY02JAN2422150CE.NFO,02/01/2024,09:53:50,0.45,0.4,344960,0.45,267480,1840,587240
FINNIFTY02JAN2422150CE.NFO,02/01/2024,09:54:00,0.45,0.4,344960,0.45,268280,0,587240
FINNIFTY02JAN2422150CE.NFO,02/01/2024,09:54:10,0.45,0.4,144960,0.45,268280,0,587240
FINNIFTY02JAN2422150CE.NFO,02/01/2024,09:54:21,0.45,0.4,144880,0.45,268440,0,587240
FINNIFTY02JAN2422150CE.NFO,02/01/2024,09:54:31,0.45,0.4,144480,0.45,268400,80,587240
FINNIFTY02JAN2422150CE.NFO,02/01/2024,09:54:42,0.4,0.4,144080,0.45,269400,760,587240
FINNIFTY02JAN2422150CE.NFO,02/01/2024,09:54:54,0.4,0.4,140960,0.45,258320,8600,587240
FINNIFTY02JAN2422150CE.NFO,02/01/2024,09:55:06,0.4,0.4,140080,0.45,258600,2120,587240
FINNIFTY02JAN2422150CE.NFO,02/01/2024,09:55:18,0.4,0.4,139200,0.45,259880,0,587240
FINNIFTY02JAN2422150CE.NFO,02/01/2024,09:55:29,0.4,0.4,139440,0.45,260800,240,587240
FINNIFTY02JAN2422150CE.NFO,02/01/2024,09:55:42,0.4,0.4,138080,0.45,262160,880,587240
FINNIFTY02JAN2422150CE.NFO,02/01/2024,09:55:53,0.4,0.4,138040,0.45,262160,40,587240
FINNIFTY02JAN2422150CE.NFO,02/01/2024,09:56:07,0.45,0.4,139400,0.45,250360,4240,587240
FINNIFTY02JAN2422150CE.NFO,02/01/2024,09:56:20,0.45,0.4,202560,0.45,115040,11680,587240
FINNIFTY02JAN2422150CE.NFO,02/01/2024,09:56:34,0.45,0.45,177840,0.5,194720,143600,690560
FINNIFTY02JAN2422150CE.NFO,02/01/2024,09:56:47,0.5,0.45,177400,0.5,172040,1120,690560
FINNIFTY02JAN2422150CE.NFO,02/01/2024,09:57:00,0.5,0.45,177320,0.5,155880,13800,690560
FINNIFTY02JAN2422150CE.NFO,02/01/2024,09:57:13,0.5,0.45,178240,0.5,150600,3880,690560
FINNIFTY02JAN2422150CE.NFO,02/01/2024,09:57:27,0.5,0.45,191320,0.5,144920,20560,690560
FINNIFTY02JAN2422150CE.NFO,02/01/2024,09:57:39,0.45,0.45,198720,0.5,161160,1720,690560
FINNIFTY02JAN2422150CE.NFO,02/01/2024,09:57:51,0.5,0.45,199080,0.5,144160,1920,690560
FINNIFTY02JAN2422150CE.NFO,02/01/2024,09:58:03,0.5,0.45,199040,0.5,150760,240,690560
FINNIFTY02JAN2422150CE.NFO,02/01/2024,09:58:14,0.45,0.45,189440,0.5,151160,800,690560
FINNIFTY02JAN2422150CE.NFO,02/01/2024,09:58:26,0.45,0.45,189240,0.5,150360,800,690560
FINNIFTY02JAN2422150CE.NFO,02/01/2024,09:58:38,0.45,0.45,182040,0.5,150520,12040,690560
FINNIFTY02JAN2422150CE.NFO,02/01/2024,09:58:49,0.5,0.45,178840,0.5,146400,7680,690560
FINNIFTY02JAN2422150CE.NFO,02/01/2024,09:59:00,0.5,0.45,178800,0.5,144320,1720,690560
FINNIFTY02JAN2422150CE.NFO,02/01/2024,09:59:11,0.45,0.45,170200,0.5,142920,3000,690560
FINNIFTY02JAN2422150CE.NFO,02/01/2024,09:59:22,0.5,0.45,178320,0.5,73640,117760,690560
FINNIFTY02JAN2422150CE.NFO,02/01/2024,09:59:33,0.5,0.5,161960,0.55,106320,37080,634480
FINNIFTY02JAN2422150CE.NFO,02/01/2024,09:59:44,0.55,0.5,165560,0.55,84840,240,634480
FINNIFTY02JAN2422150CE.NFO,02/01/2024,09:59:55,0.55,0.5,152400,0.55,77640,560,634480
FINNIFTY02JAN2422150CE.NFO,02/01/2024,10:00:06,0.55,0.5,145040,0.55,77120,4360,634480
FINNIFTY02JAN2422150CE.NFO,02/01/2024,10:00:17,0.5,0.5,144640,0.55,71120,1240,634480
FINNIFTY02JAN2422150CE.NFO,02/01/2024,10:00:29,0.5,0.5,145160,0.55,63440,320,634480
FINNIFTY02JAN2422150CE.NFO,02/01/2024,10:00:41,0.5,0.45,121200,0.5,130640,160920,634480
FINNIFTY02JAN2422150CE.NFO,02/01/2024,10:00:52,0.5,0.45,121480,0.5,130840,6880,634480
FINNIFTY02JAN2422150CE.NFO,02/01/2024,10:01:04,0.5,0.45,122400,0.5,129040,1800,634480
FINNIFTY02JAN2422150CE.NFO,02/01/2024,10:01:14,0.5,0.45,114560,0.5,133480,2760,634480
FINNIFTY02JAN2422150CE.NFO,02/01/2024,10:01:26,0.55,0.5,89480,0.55,60480,138680,634480
FINNIFTY02JAN2422150CE.NFO,02/01/2024,10:01:37,0.55,0.5,86040,0.55,68320,40,634480
FINNIFTY02JAN2422150CE.NFO,02/01/2024,10:01:48,0.5,0.5,86200,0.55,67840,80,634480
FINNIFTY02JAN2422150CE.NFO,02/01/2024,10:01:59,0.5,0.45,124040,0.5,111600,79800,634480
FINNIFTY02JAN2422150CE.NFO,02/01/2024,10:02:10,0.55,0.5,100560,0.55,66560,113480,634480
FINNIFTY02JAN2422150CE.NFO,02/01/2024,10:02:22,0.5,0.45,132680,0.5,64120,92520,634480
FINNIFTY02JAN2422150CE.NFO,02/01/2024,10:02:32,0.5,0.45,136640,0.5,81600,400,530600
FINNIFTY02JAN2422150CE.NFO,02/01/2024,10:02:43,0.5,0.45,135760,0.5,82160,320,530600
FINNIFTY02JAN2422150CE.NFO,02/01/2024,10:02:54,0.5,0.45,135560,0.5,84920,0,530600
FINNIFTY02JAN2422150CE.NFO,02/01/2024,10:03:06,0.45,0.45,147400,0.5,84320,2560,530600
FINNIFTY02JAN2422150CE.NFO,02/01/2024,10:03:18,0.45,0.45,143000,0.5,84120,4600,530600
FINNIFTY02JAN2422150CE.NFO,02/01/2024,10:03:30,0.45,0.45,145480,0.5,78920,6000,530600
FINNIFTY02JAN2422150CE.NFO,02/01/2024,10:03:41,0.45,0.45,148480,0.5,79160,1800,530600
FINNIFTY02JAN2422150CE.NFO,02/01/2024,10:03:52,0.45,0.45,148480,0.5,100360,0,530600
FINNIFTY02JAN2422150CE.NFO,02/01/2024,10:04:03,0.5,0.45,145760,0.5,103840,3080,530600
FINNIFTY02JAN2422150CE.NFO,02/01/2024,10:04:15,0.5,0.45,145760,0.5,104320,0,530600
FINNIFTY02JAN2422150CE.NFO,02/01/2024,10:04:26,0.5,0.45,148560,0.5,104240,2000,530600
FINNIFTY02JAN2422150CE.NFO,02/01/2024,10:04:38,0.5,0.45,148560,0.5,104240,0,530600
FINNIFTY02JAN2422150CE.NFO,02/01/2024,10:04:50,0.5,0.45,148360,0.5,104560,80,530600
FINNIFTY02JAN2422150CE.NFO,02/01/2024,10:05:00,0.5,0.45,129560,0.5,103200,4040,530600
FINNIFTY02JAN2422150CE.NFO,02/01/2024,10:05:12,0.5,0.45,129160,0.5,102560,880,530600
FINNIFTY02JAN2422150CE.NFO,02/01/2024,10:05:22,0.5,0.45,130840,0.5,105320,3200,530600
FINNIFTY02JAN2422150CE.NFO,02/01/2024,10:05:33,0.5,0.45,134000,0.5,90560,20640,529800
FINNIFTY02JAN2422150CE.NFO,02/01/2024,10:05:44,0.5,0.45,133520,0.5,90120,440,529800
FINNIFTY02JAN2422150CE.NFO,02/01/2024,10:05:55,0.5,0.45,132120,0.5,90480,1720,529800
FINNIFTY02JAN2422150CE.NFO,02/01/2024,10:06:06,0.45,0.45,131000,0.5,89800,920,529800
FINNIFTY02JAN2422150CE.NFO,02/01/2024,10:06:18,0.45,0.45,129360,0.5,88000,2400,529800
FINNIFTY02JAN2422150CE.NFO,02/01/2024,10:06:30,0.45,0.45,126760,0.5,88720,3400,529800
FINNIFTY02JAN2422150CE.NFO,02/01/2024,10:06:42,0.45,0.45,126400,0.5,88760,360,529800
FINNIFTY02JAN2422150CE.NFO,02/01/2024,10:06:53,0.5,0.45,126360,0.5,87680,200,529800
FINNIFTY02JAN2422150CE.NFO,02/01/2024,10:07:04,0.45,0.45,124040,0.5,88400,2160,529800
FINNIFTY02JAN2422150CE.NFO,02/01/2024,10:07:16,0.45,0.45,123560,0.5,88360,520,529800
FINNIFTY02JAN2422150CE.NFO,02/01/2024,10:07:28,0.5,0.45,121840,0.5,72680,3520,529800
FINNIFTY02JAN2422150CE.NFO,02/01/2024,10:07:39,0.45,0.45,119040,0.5,81280,2760,529800
FINNIFTY02JAN2422150CE.NFO,02/01/2024,10:07:50,0.45,0.45,117400,0.5,80960,2120,529800
FINNIFTY02JAN2422150CE.NFO,02/01/2024,10:08:01,0.45,0.45,115360,0.5,81000,1840,529800
FINNIFTY02JAN2422150CE.NFO,02/01/2024,10:08:12,0.45,0.45,115480,0.5,134720,360,529800
FINNIFTY02JAN2422150CE.NFO,02/01/2024,10:08:23,0.45,0.45,113600,0.5,134240,2280,529800
FINNIFTY02JAN2422150CE.NFO,02/01/2024,10:08:34,0.45,0.45,111040,0.5,134040,2560,527560
FINNIFTY02JAN2422150CE.NFO,02/01/2024,10:08:45,0.45,0.45,109800,0.5,136400,3040,527560
FINNIFTY02JAN2422150CE.NFO,02/01/2024,10:08:57,0.45,0.45,118440,0.5,126400,2160,527560
FINNIFTY02JAN2422150CE.NFO,02/01/2024,10:09:08,0.45,0.45,127960,0.5,127280,0,527560
FINNIFTY02JAN2422150CE.NFO,02/01/2024,10:09:20,0.45,0.45,125800,0.5,126920,3600,527560
FINNIFTY02JAN2422150CE.NFO,02/01/2024,10:09:31,0.45,0.45,127360,0.5,126520,40,527560
FINNIFTY02JAN2422150CE.NFO,02/01/2024,10:09:43,0.45,0.45,119240,0.5,126320,3520,527560
FINNIFTY02JAN2422150CE.NFO,02/01/2024,10:09:54,0.45,0.45,117760,0.5,126320,1520,527560
FINNIFTY02JAN2422150CE.NFO,02/01/2024,10:10:05,0.45,0.45,117320,0.5,126320,2400,527560
FINNIFTY02JAN2422150CE.NFO,02/01/2024,10:10:16,0.45,0.45,117240,0.5,126320,80,527560
FINNIFTY02JAN2422150CE.NFO,02/01/2024,10:10:27,0.45,0.45,115480,0.5,125840,160,527560
FINNIFTY02JAN2422150CE.NFO,02/01/2024,10:10:39,0.45,0.45,118840,0.5,126240,40,527560
FINNIFTY02JAN2422150CE.NFO,02/01/2024,10:10:51,0.5,0.45,118800,0.5,86040,80,527560
FINNIFTY02JAN2422150CE.NFO,02/01/2024,10:11:02,0.45,0.45,168720,0.5,87680,80,527560
FINNIFTY02JAN2422150CE.NFO,02/01/2024,10:11:13,0.45,0.45,118680,0.5,87680,40,527560
FINNIFTY02JAN2422150CE.NFO,02/01/2024,10:11:23,0.45,0.45,116880,0.5,88680,0,527560
FINNIFTY02JAN2422150CE.NFO,02/01/2024,10:11:34,0.5,0.45,92320,0.5,126320,30880,523160
FINNIFTY02JAN2422150CE.NFO,02/01/2024,10:11:46,0.45,0.45,92240,0.5,131640,1880,523160
FINNIFTY02JAN2422150CE.NFO,02/01/2024,10:11:56,0.45,0.45,127280,0.5,101040,41320,523160
FINNIFTY02JAN2422150CE.NFO,02/01/2024,10:12:06,0.45,0.45,105440,0.5,129040,440,523160
FINNIFTY02JAN2422150CE.NFO,02/01/2024,10:12:16,0.45,0.45,90920,0.5,128880,120,523160
FINNIFTY02JAN2422150CE.NFO,02/01/2024,10:12:27,0.5,0.45,89520,0.5,119960,2560,523160
FINNIFTY02JAN2422150CE.NFO,02/01/2024,10:12:37,0.5,0.45,89560,0.5,121040,480,523160
FINNIFTY02JAN2422150CE.NFO,02/01/2024,10:12:49,0.5,0.45,89160,0.5,122280,520,523160
FINNIFTY02JAN2422150CE.NFO,02/01/2024,10:13:00,0.45,0.45,88400,0.5,123960,760,523160
FINNIFTY02JAN2422150CE.NFO,02/01/2024,10:13:11,0.45,0.45,76160,0.5,123560,12240,523160
FINNIFTY02JAN2422150CE.NFO,02/01/2024,10:13:22,0.45,0.45,75680,0.5,123960,480,523160
FINNIFTY02JAN2422150CE.NFO,02/01/2024,10:13:33,0.45,0.45,75600,0.5,123880,160,523160
FINNIFTY02JAN2422150CE.NFO,02/01/2024,10:13:43,0.45,0.45,75760,0.5,123080,40,523160
FINNIFTY02JAN2422150CE.NFO,02/01/2024,10:13:54,0.45,0.45,73520,0.5,91360,36760,523160
FINNIFTY02JAN2422150CE.NFO,02/01/2024,10:14:04,0.5,0.45,73480,0.5,89800,960,523160
FINNIFTY02JAN2422150CE.NFO,02/01/2024,10:14:15,0.45,0.45,74480,0.5,90040,920,523160
FINNIFTY02JAN2422150CE.NFO,02/01/2024,10:14:25,0.5,0.45,79560,0.5,88840,1120,523160
FINNIFTY02JAN2422150CE.NFO,02/01/2024,10:14:35,0.45,0.45,89400,0.5,86280,3080,562200
FINNIFTY02JAN2422150CE.NFO,02/01/2024,10:14:46,0.5,0.45,89400,0.5,85720,560,562200
FINNIFTY02JAN2422150CE.NFO,02/01/2024,10:14:57,0.5,0.45,89400,0.5,85120,1120,562200
FINNIFTY02JAN2422150CE.NFO,02/01/2024,10:15:07,0.45,0.45,89280,0.5,85600,120,562200
FINNIFTY02JAN2422150CE.NFO,02/01/2024,10:15:17,0.5,0.45,89440,0.5,84640,600,562200
FINNIFTY02JAN2422150CE.NFO,02/01/2024,10:15:27,0.45,0.45,89400,0.5,91960,720,562200
FINNIFTY02JAN2422150CE.NFO,02/01/2024,10:15:38,0.45,0.45,87920,0.5,99880,400,562200
FINNIFTY02JAN2422150CE.NFO,02/01/2024,10:15:47,0.45,0.45,88760,0.5,99880,0,562200
FINNIFTY02JAN2422150CE.NFO,02/01/2024,10:15:58,0.45,0.45,88800,0.5,99880,0,562200
FINNIFTY02JAN2422150CE.NFO,02/01/2024,10:16:08,0.45,0.45,88080,0.5,99880,240,562200
FINNIFTY02JAN2422150CE.NFO,02/01/2024,10:16:19,0.45,0.45,85760,0.5,99120,1920,562200
FINNIFTY02JAN2422150CE.NFO,02/01/2024,10:16:29,0.45,0.45,85960,0.5,104600,0,562200
FINNIFTY02JAN2422150CE.NFO,02/01/2024,10:16:39,0.45,0.45,78160,0.5,103720,120,562200
FINNIFTY02JAN2422150CE.NFO,02/01/2024,10:16:49,0.45,0.45,78640,0.5,99120,0,562200
FINNIFTY02JAN2422150CE.NFO,02/01/2024,10:17:00,0.5,0.45,78440,0.5,98440,200,562200
FINNIFTY02JAN2422150CE.NFO,02/01/2024,10:17:11,0.5,0.45,78440,0.5,104200,0,562200
FINNIFTY02JAN2422150CE.NFO,02/01/2024,10:17:22,0.45,0.45,77000,0.5,102160,2400,562200
FINNIFTY02JAN2422150CE.NFO,02/01/2024,10:17:33,0.45,0.45,76960,0.5,102800,600,562080
FINNIFTY02JAN2422150CE.NFO,02/01/2024,10:17:44,0.45,0.45,76800,0.5,104160,80,562080
FINNIFTY02JAN2422150CE.NFO,02/01/2024,10:17:54,0.5,0.45,76800,0.5,103560,120,562080
FINNIFTY02JAN2422150CE.NFO,02/01/2024,10:18:04,0.45,0.45,77080,0.5,103000,400,562080
FINNIFTY02JAN2422150CE.NFO,02/01/2024,10:18:13,0.5,0.45,77440,0.5,93640,9000,562080
FINNIFTY02JAN2422150CE.NFO,02/01/2024,10:18:22,0.5,0.45,80480,0.5,61440,33720,562080
FINNIFTY02JAN2422150CE.NFO,02/01/2024,10:18:32,0.5,0.5,83320,0.55,41800,79280,562080
FINNIFTY02JAN2422150CE.NFO,02/01/2024,10:18:41,0.5,0.5,176720,0.55,59120,6600,562080
FINNIFTY02JAN2422150CE.NFO,02/01/2024,10:18:51,0.5,0.5,172400,0.55,63120,7080,562080
FINNIFTY02JAN2422150CE.NFO,02/01/2024,10:19:00,0.5,0.5,272440,0.55,63120,0,562080
FINNIFTY02JAN2422150CE.NFO,02/01/2024,10:19:10,0.5,0.5,270920,0.55,111920,2120,562080
FINNIFTY02JAN2422150CE.NFO,02/01/2024,10:19:21,0.5,0.5,268720,0.55,111120,3200,562080
FINNIFTY02JAN2422150CE.NFO,02/01/2024,10:19:31,0.5,0.5,264600,0.55,111000,4200,562080
FINNIFTY02JAN2422150CE.NFO,02/01/2024,10:19:41,0.5,0.5,269800,0.55,125400,10160,562080
FINNIFTY02JAN2422150CE.NFO,02/01/2024,10:19:50,0.5,0.5,269720,0.55,125560,80,562080
FINNIFTY02JAN2422150CE.NFO,02/01/2024,10:20:00,0.5,0.5,270040,0.55,200680,80,562080
FINNIFTY02JAN2422150CE.NFO,02/01/2024,10:20:10,0.5,0.45,152560,0.5,31800,19480,562080
FINNIFTY02JAN2422150CE.NFO,02/01/2024,10:20:19,0.5,0.45,152200,0.5,60560,360,562080
FINNIFTY02JAN2422150CE.NFO,02/01/2024,10:20:29,0.45,0.45,151400,0.5,60960,120,562080
FINNIFTY02JAN2422150CE.NFO,02/01/2024,10:20:48,0.5,0.45,154800,0.5,67320,1000,597560
FINNIFTY02JAN2422150CE.NFO,02/01/2024,10:20:57,0.5,0.45,154800,0.5,69240,1960,597560
FINNIFTY02JAN2422150CE.NFO,02/01/2024,10:21:07,0.45,0.45,153000,0.5,75600,1800,597560
FINNIFTY02JAN2422150CE.NFO,02/01/2024,10:21:17,0.45,0.45,145840,0.5,79520,1760,597560
FINNIFTY02JAN2422150CE.NFO,02/01/2024,10:21:28,0.45,0.45,143000,0.5,83120,3040,597560
FINNIFTY02JAN2422150CE.NFO,02/01/2024,10:21:39,0.45,0.45,142800,0.5,165680,0,597560
FINNIFTY02JAN2422150CE.NFO,02/01/2024,10:21:49,0.45,0.45,142800,0.5,166120,0,597560
FINNIFTY02JAN2422150CE.NFO,02/01/2024,10:21:58,0.45,0.45,243080,0.5,166280,40,597560
FINNIFTY02JAN2422150CE.NFO,02/01/2024,10:22:08,0.45,0.45,148480,0.5,166280,0,597560
FINNIFTY02JAN2422150CE.NFO,02/01/2024,10:22:18,0.45,0.45,142680,0.5,166200,720,597560
FINNIFTY02JAN2422150CE.NFO,02/01/2024,10:22:28,0.45,0.45,129280,0.5,167280,5000,597560
FINNIFTY02JAN2422150CE.NFO,02/01/2024,10:22:38,0.45,0.45,124040,0.5,166120,600,597560
FINNIFTY02JAN2422150CE.NFO,02/01/2024,10:22:48,0.45,0.45,120480,0.5,165240,3560,597560
FINNIFTY02JAN2422150CE.NFO,02/01/2024,10:22:58,0.45,0.45,107080,0.5,188240,20000,597560
FINNIFTY02JAN2422150CE.NFO,02/01/2024,10:23:08,0.45,0.45,108880,0.5,195840,0,597560
FINNIFTY02JAN2422150CE.NFO,02/01/2024,10:23:18,0.5,0.45,108880,0.5,197960,1000,597560
FINNIFTY02JAN2422150CE.NFO,02/01/2024,10:23:29,0.5,0.45,108880,0.5,196640,80,597560
FINNIFTY02JAN2422150CE.NFO,02/01/2024,10:23:39,0.5,0.45,108880,0.5,196920,0,597560
FINNIFTY02JAN2422150CE.NFO,02/01/2024,10:23:50,0.5,0.45,108680,0.5,196000,2000,612040
FINNIFTY02JAN2422150CE.NFO,02/01/2024,10:24:01,0.5,0.45,108200,0.5,203000,920,612040
FINNIFTY02JAN2422150CE.NFO,02/01/2024,10:24:11,0.5,0.45,108200,0.5,182160,80,612040
FINNIFTY02JAN2422150CE.NFO,02/01/2024,10:24:21,0.5,0.45,108200,0.5,182200,0,612040
FINNIFTY02JAN2422150CE.NFO,02/01/2024,10:24:41,0.45,0.45,106400,0.5,189400,1800,612040
FINNIFTY02JAN2422150CE.NFO,02/01/2024,10:24:50,0.45,0.45,106400,0.5,191440,0,612040
FINNIFTY02JAN2422150CE.NFO,02/01/2024,10:25:01,0.5,0.45,106400,0.5,190040,1400,612040
FINNIFTY02JAN2422150CE.NFO,02/01/2024,10:25:11,0.5,0.45,106400,0.5,193680,0,612040
FINNIFTY02JAN2422150CE.NFO,02/01/2024,10:25:22,0.5,0.45,106600,0.5,191880,0,612040
FINNIFTY02JAN2422150CE.NFO,02/01/2024,10:25:32,0.45,0.45,104800,0.5,191880,1800,612040
FINNIFTY02JAN2422150CE.NFO,02/01/2024,10:25:43,0.45,0.45,104800,0.5,191880,0,612040
FINNIFTY02JAN2422150CE.NFO,02/01/2024,10:25:53,0.45,0.45,109800,0.5,191880,0,612040
FINNIFTY02JAN2422150CE.NFO,02/01/2024,10:26:03,0.45,0.45,109200,0.5,193680,600,612040
FINNIFTY02JAN2422150CE.NFO,02/01/2024,10:26:13,0.5,0.45,109200,0.5,192080,1800,612040
FINNIFTY02JAN2422150CE.NFO,02/01/2024,10:26:23,0.5,0.45,108960,0.5,192080,0,612040
FINNIFTY02JAN2422150CE.NFO,02/01/2024,10:26:33,0.5,0.45,106960,0.5,190520,2000,616760
FINNIFTY02JAN2422150CE.NFO,02/01/2024,10:26:44,0.45,0.45,106280,0.5,188440,1320,616760
FINNIFTY02JAN2422150CE.NFO,02/01/2024,10:26:55,0.5,0.45,108000,0.5,244600,120,616760
FINNIFTY02JAN2422150CE.NFO,02/01/2024,10:27:06,0.45,0.45,107800,0.5,244600,200,616760
FINNIFTY02JAN2422150CE.NFO,02/01/2024,10:27:17,0.45,0.45,107400,0.5,245400,440,616760
FINNIFTY02JAN2422150CE.NFO,02/01/2024,10:27:28,0.45,0.45,103000,0.5,244560,1160,616760
FINNIFTY02JAN2422150CE.NFO,02/01/2024,10:27:38,0.5,0.45,110360,0.5,244080,480,616760
FINNIFTY02JAN2422150CE.NFO,02/01/2024,10:27:48,0.45,0.45,101360,0.5,242280,1800,616760
FINNIFTY02JAN2422150CE.NFO,02/01/2024,10:27:58,0.5,0.45,108560,0.5,244000,80,616760
FINNIFTY02JAN2422150CE.NFO,02/01/2024,10:28:08,0.45,0.45,100960,0.5,242400,400,616760
FINNIFTY02JAN2422150CE.NFO,02/01/2024,10:28:18,0.5,0.45,108160,0.5,242160,240,616760
FINNIFTY02JAN2422150CE.NFO,02/01/2024,10:28:28,0.5,0.45,106360,0.5,240600,1800,616760
FINNIFTY02JAN2422150CE.NFO,02/01/2024,10:28:37,0.45,0.45,106240,0.5,240600,120,616760
FINNIFTY02JAN2422150CE.NFO,02/01/2024,10:28:46,0.45,0.45,103120,0.5,239880,0,616760
FINNIFTY02JAN2422150CE.NFO,02/01/2024,10:28:54,0.45,0.45,106240,0.5,239840,0,616760
FINNIFTY02JAN2422150CE.NFO,02/01/2024,10:29:03,0.45,0.45,103840,0.5,239840,0,616760
FINNIFTY02JAN2422150CE.NFO,02/01/2024,10:29:12,0.45,0.45,106240,0.5,240560,0,616760
FINNIFTY02JAN2422150CE.NFO,02/01/2024,10:29:21,0.45,0.45,106480,0.5,240600,0,616760
FINNIFTY02JAN2422150CE.NFO,02/01/2024,10:29:30,0.45,0.45,103360,0.5,237200,0,616760
FINNIFTY02JAN2422150CE.NFO,02/01/2024,10:29:39,0.45,0.45,114960,0.5,234440,40,621080
FINNIFTY02JAN2422150CE.NFO,02/01/2024,10:29:47,0.45,0.45,111600,0.5,234440,0,621080
FINNIFTY02JAN2422150CE.NFO,02/01/2024,10:29:55,0.45,0.45,111640,0.5,234440,0,621080
FINNIFTY02JAN2422150CE.NFO,02/01/2024,10:30:04,0.45,0.45,112600,0.5,231120,1920,621080
FINNIFTY02JAN2422150CE.NFO,02/01/2024,10:30:13,0.5,0.45,111200,0.5,227920,1400,621080
FINNIFTY02JAN2422150CE.NFO,02/01/2024,10:30:23,0.5,0.45,111400,0.5,227040,0,621080
FINNIFTY02JAN2422150CE.NFO,02/01/2024,10:30:32,0.45,0.45,109400,0.5,228520,1800,621080
FINNIFTY02JAN2422150CE.NFO,02/01/2024,10:30:42,0.45,0.45,102160,0.5,227680,40,621080
FINNIFTY02JAN2422150CE.NFO,02/01/2024,10:30:51,0.45,0.45,109360,0.5,228560,0,621080
FINNIFTY02JAN2422150CE.NFO,02/01/2024,10:31:01,0.45,0.45,109400,0.5,228520,200,621080
FINNIFTY02JAN2422150CE.NFO,02/01/2024,10:31:11,0.45,0.45,109400,0.5,228520,0,621080
FINNIFTY02JAN2422150CE.NFO,02/01/2024,10:31:20,0.45,0.45,109200,0.5,235360,0,621080
FINNIFTY02JAN2422150CE.NFO,02/01/2024,10:31:28,0.45,0.45,48600,0.5,220680,35640,621080
FINNIFTY02JAN2422150CE.NFO,02/01/2024,10:31:38,0.4,0.4,155240,0.45,87240,19120,621080
FINNIFTY02JAN2422150CE.NFO,02/01/2024,10:31:47,0.45,0.4,141640,0.45,85920,1920,621080
FINNIFTY02JAN2422150CE.NFO,02/01/2024,10:31:58,0.45,0.4,141640,0.45,104160,1800,621080
FINNIFTY02JAN2422150CE.NFO,02/01/2024,10:32:08,0.45,0.4,141640,0.45,104160,0,621080
FINNIFTY02JAN2422150CE.NFO,02/01/2024,10:32:18,0.45,0.4,144840,0.45,104200,160,621080
FINNIFTY02JAN2422150CE.NFO,02/01/2024,10:32:27,0.45,0.4,144840,0.45,104200,0,621080
FINNIFTY02JAN2422150CE.NFO,02/01/2024,10:32:37,0.45,0.45,149840,0.5,187520,102160,645800
FINNIFTY02JAN2422150CE.NFO,02/01/2024,10:32:47,0.45,0.45,146560,0.5,189720,8040,645800
FINNIFTY02JAN2422150CE.NFO,02/01/2024,10:32:57,0.45,0.45,296920,0.5,193960,6320,645800
FINNIFTY02JAN2422150CE.NFO,02/01/2024,10:33:06,0.45,0.45,285400,0.5,194680,7200,645800
FINNIFTY02JAN2422150CE.NFO,02/01/2024,10:33:15,0.45,0.45,292080,0.5,195280,680,645800
FINNIFTY02JAN2422150CE.NFO,02/01/2024,10:33:24,0.45,0.45,292960,0.5,198400,0,645800
FINNIFTY02JAN2422150CE.NFO,02/01/2024,10:33:33,0.5,0.45,287040,0.5,203600,8880,645800
FINNIFTY02JAN2422150CE.NFO,02/01/2024,10:33:42,0.45,0.45,265320,0.5,214760,23800,645800
FINNIFTY02JAN2422150CE.NFO,02/01/2024,10:33:52,0.45,0.45,250840,0.5,212800,26000,645800
FINNIFTY02JAN2422150CE.NFO,02/01/2024,10:34:01,0.45,0.4,150160,0.45,252440,37720,645800
FINNIFTY02JAN2422150CE.NFO,02/01/2024,10:34:11,0.4,0.4,139160,0.45,255360,1120,645800
FINNIFTY02JAN2422150CE.NFO,02/01/2024,10:34:21,0.4,0.4,115840,0.45,256360,840,645800
FINNIFTY02JAN2422150CE.NFO,02/01/2024,10:34:30,0.45,0.4,113080,0.45,256240,120,645800
FINNIFTY02JAN2422150CE.NFO,02/01/2024,10:34:39,0.45,0.4,114680,0.45,256240,0,645800
FINNIFTY02JAN2422150CE.NFO,02/01/2024,10:34:49,0.45,0.4,114280,0.45,256200,40,645800
FINNIFTY02JAN2422150CE.NFO,02/01/2024,10:34:58,0.45,0.4,114280,0.45,256200,0,645800
FINNIFTY02JAN2422150CE.NFO,02/01/2024,10:35:06,0.45,0.4,112560,0.45,256200,0,645800
FINNIFTY02JAN2422150CE.NFO,02/01/2024,10:35:15,0.45,0.4,112560,0.45,256320,1800,645800
FINNIFTY02JAN2422150CE.NFO,02/01/2024,10:35:24,0.45,0.4,114160,0.45,254720,0,645800
FINNIFTY02JAN2422150CE.NFO,02/01/2024,10:35:33,0.45,0.4,114160,0.45,255600,0,645800
FINNIFTY02JAN2422150CE.NFO,02/01/2024,10:35:42,0.45,0.4,114160,0.45,254720,0,645800
FINNIFTY02JAN2422150CE.NFO,02/01/2024,10:35:50,0.4,0.4,115960,0.45,255440,1800,694320
FINNIFTY02JAN2422150CE.NFO,02/01/2024,10:35:59,0.4,0.4,114160,0.45,256320,0,694320
FINNIFTY02JAN2422150CE.NFO,02/01/2024,10:36:09,0.45,0.4,112560,0.45,256640,640,694320
FINNIFTY02JAN2422150CE.NFO,02/01/2024,10:36:18,0.45,0.4,112160,0.45,256480,400,694320
FINNIFTY02JAN2422150CE.NFO,02/01/2024,10:36:29,0.4,0.4,101840,0.45,254840,1480,694320
FINNIFTY02JAN2422150CE.NFO,02/01/2024,10:36:41,0.4,0.4,90120,0.45,254840,11240,694320
FINNIFTY02JAN2422150CE.NFO,02/01/2024,10:36:52,0.4,0.4,76520,0.45,254840,0,694320
FINNIFTY02JAN2422150CE.NFO,02/01/2024,10:37:04,0.4,0.4,77240,0.45,254840,0,694320
FINNIFTY02JAN2422150CE.NFO,02/01/2024,10:37:15,0.45,0.4,61320,0.45,251280,18160,694320
FINNIFTY02JAN2422150CE.NFO,02/01/2024,10:37:26,0.45,0.4,61880,0.45,251280,0,694320
FINNIFTY02JAN2422150CE.NFO,02/01/2024,10:37:37,0.4,0.4,259480,0.45,225520,50880,694320
FINNIFTY02JAN2422150CE.NFO,02/01/2024,10:37:47,0.4,0.4,259480,0.45,225560,0,694320
FINNIFTY02JAN2422150CE.NFO,02/01/2024,10:38:06,0.45,0.4,259080,0.45,222920,4240,694320
FINNIFTY02JAN2422150CE.NFO,02/01/2024,10:38:25,0.45,0.4,259080,0.45,222920,0,694320
FINNIFTY02JAN2422150CE.NFO,02/01/2024,10:38:44,0.45,0.4,258720,0.45,222600,320,700560
FINNIFTY02JAN2422150CE.NFO,02/01/2024,10:38:54,0.45,0.4,258000,0.45,224280,0,700560
FINNIFTY02JAN2422150CE.NFO,02/01/2024,10:39:16,0.4,0.4,257240,0.45,225240,1800,700560
FINNIFTY02JAN2422150CE.NFO,02/01/2024,10:39:26,0.45,0.4,257240,0.45,225440,1480,700560
FINNIFTY02JAN2422150CE.NFO,02/01/2024,10:39:37,0.45,0.4,257240,0.45,218800,5720,700560
FINNIFTY02JAN2422150CE.NFO,02/01/2024,10:39:48,0.45,0.4,257720,0.45,219120,600,700560
FINNIFTY02JAN2422150CE.NFO,02/01/2024,10:39:59,0.45,0.4,257720,0.45,219240,0,700560
FINNIFTY02JAN2422150CE.NFO,02/01/2024,10:40:10,0.45,0.4,257720,0.45,219200,0,700560
FINNIFTY02JAN2422150CE.NFO,02/01/2024,10:40:21,0.45,0.4,261280,0.45,217680,4920,700560
FINNIFTY02JAN2422150CE.NFO,02/01/2024,10:40:41,0.45,0.4,261280,0.45,218520,400,700560
FINNIFTY02JAN2422150CE.NFO,02/01/2024,10:40:51,0.45,0.4,261280,0.45,218520,0,700560
FINNIFTY02JAN2422150CE.NFO,02/01/2024,10:41:11,0.45,0.4,261280,0.45,219440,0,700560
FINNIFTY02JAN2422150CE.NFO,02/01/2024,10:41:21,0.45,0.4,260400,0.45,217400,0,700560
FINNIFTY02JAN2422150CE.NFO,02/01/2024,10:41:31,0.45,0.4,261280,0.45,248120,0,700560
FINNIFTY02JAN2422150CE.NFO,02/01/2024,10:41:41,0.4,0.4,261360,0.45,249160,1800,687560
FINNIFTY02JAN2422150CE.NFO,02/01/2024,10:41:51,0.4,0.4,261360,0.45,249160,0,687560
FINNIFTY02JAN2422150CE.NFO,02/01/2024,10:42:32,0.4,0.4,259360,0.45,249720,2240,687560
FINNIFTY02JAN2422150CE.NFO,02/01/2024,10:42:41,0.45,0.4,261280,0.45,251440,1120,687560
FINNIFTY02JAN2422150CE.NFO,02/01/2024,10:42:51,0.45,0.4,261280,0.45,249720,800,687560
FINNIFTY02JAN2422150CE.NFO,02/01/2024,10:43:02,0.4,0.4,260360,0.45,249800,800,687560
FINNIFTY02JAN2422150CE.NFO,02/01/2024,10:43:21,0.4,0.4,260480,0.45,249800,0,687560
FINNIFTY02JAN2422150CE.NFO,02/01/2024,10:44:01,0.4,0.4,259600,0.45,249800,0,687560
FINNIFTY02JAN2422150CE.NFO,02/01/2024,10:44:11,0.4,0.4,260480,0.45,249800,0,687560
FINNIFTY02JAN2422150CE.NFO,02/01/2024,10:44:20,0.4,0.4,259600,0.45,249800,0,687560
FINNIFTY02JAN2422150CE.NFO,02/01/2024,10:44:31,0.4,0.4,260480,0.45,249840,0,687560
FINNIFTY02JAN2422150CE.NFO,02/01/2024,10:44:51,0.4,0.4,260440,0.45,249760,120,681360
FINNIFTY02JAN2422150CE.NFO,02/01/2024,10:45:10,0.4,0.4,282600,0.45,258600,30000,681360
FINNIFTY02JAN2422150CE.NFO,02/01/2024,10:45:20,0.4,0.4,281040,0.45,260000,7000,681360
FINNIFTY02JAN2422150CE.NFO,02/01/2024,10:45:29,0.4,0.4,268760,0.45,260000,25000,681360
FINNIFTY02JAN2422150CE.NFO,02/01/2024,10:45:39,0.4,0.4,262960,0.45,259200,6600,681360
FINNIFTY02JAN2422150CE.NFO,02/01/2024,10:45:49,0.4,0.4,252320,0.45,259160,10920,681360
FINNIFTY02JAN2422150CE.NFO,02/01/2024,10:45:58,0.4,0.4,217200,0.45,258080,10080,681360
FINNIFTY02JAN2422150CE.NFO,02/01/2024,10:46:08,0.4,0.4,207440,0.45,257560,9240,681360
FINNIFTY02JAN2422150CE.NFO,02/01/2024,10:46:18,0.4,0.4,161400,0.45,256800,15600,681360
FINNIFTY02JAN2422150CE.NFO,02/01/2024,10:46:27,0.4,0.4,153840,0.45,256800,7560,681360
FINNIFTY02JAN2422150CE.NFO,02/01/2024,10:46:37,0.4,0.4,213760,0.45,256640,1000,681360
FINNIFTY02JAN2422150CE.NFO,02/01/2024,10:46:47,0.4,0.4,209720,0.45,255840,4360,681360
FINNIFTY02JAN2422150CE.NFO,02/01/2024,10:46:57,0.4,0.4,135320,0.45,256120,17240,681360
FINNIFTY02JAN2422150CE.NFO,02/01/2024,10:47:07,0.4,0.4,196840,0.45,257040,600,681360
FINNIFTY02JAN2422150CE.NFO,02/01/2024,10:47:25,0.4,0.4,192720,0.45,256120,3640,681360
FINNIFTY02JAN2422150CE.NFO,02/01/2024,10:47:35,0.4,0.4,190920,0.45,256120,1800,681360
FINNIFTY02JAN2422150CE.NFO,02/01/2024,10:47:44,0.4,0.4,102760,0.45,256720,19080,659480
FINNIFTY02JAN2422150CE.NFO,02/01/2024,10:47:53,0.4,0.4,105840,0.45,254000,200,659480
FINNIFTY02JAN2422150CE.NFO,02/01/2024,10:48:12,0.4,0.4,164960,0.45,254000,2400,659480
FINNIFTY02JAN2422150CE.NFO,02/01/2024,10:48:22,0.4,0.4,101520,0.45,254000,6600,659480
FINNIFTY02JAN2422150CE.NFO,02/01/2024,10:48:50,0.4,0.4,99720,0.45,254000,1800,659480
FINNIFTY02JAN2422150CE.NFO,02/01/2024,10:49:10,0.45,0.4,157080,0.45,253320,1600,659480
FINNIFTY02JAN2422150CE.NFO,02/01/2024,10:49:21,0.45,0.4,156200,0.45,253320,0,659480
FINNIFTY02JAN2422150CE.NFO,02/01/2024,10:49:31,0.45,0.4,157080,0.45,253320,0,659480
FINNIFTY02JAN2422150CE.NFO,02/01/2024,10:49:58,0.45,0.4,156200,0.45,252600,0,659480
FINNIFTY02JAN2422150CE.NFO,02/01/2024,10:50:08,0.45,0.4,157080,0.45,253800,0,659480
FINNIFTY02JAN2422150CE.NFO,02/01/2024,10:50:18,0.45,0.4,157080,0.45,267160,0,659480
FINNIFTY02JAN2422150CE.NFO,02/01/2024,10:50:27,0.4,0.4,155280,0.45,270560,1800,659480
FINNIFTY02JAN2422150CE.NFO,02/01/2024,10:50:37,0.4,0.4,151880,0.45,270560,40,659480
FINNIFTY02JAN2422150CE.NFO,02/01/2024,10:50:48,0.45,0.4,154360,0.45,273880,1280,683360
FINNIFTY02JAN2422150CE.NFO,02/01/2024,10:50:58,0.4,0.4,154200,0.45,253480,40,683360
FINNIFTY02JAN2422150CE.NFO,02/01/2024,10:51:08,0.45,0.4,154320,0.45,260640,320,683360
FINNIFTY02JAN2422150CE.NFO,02/01/2024,10:51:18,0.45,0.4,154320,0.45,260440,0,683360
FINNIFTY02JAN2422150CE.NFO,02/01/2024,10:51:28,0.45,0.4,156120,0.45,258840,3000,683360
FINNIFTY02JAN2422150CE.NFO,02/01/2024,10:51:58,0.45,0.4,156120,0.45,260440,0,683360
FINNIFTY02JAN2422150CE.NFO,02/01/2024,10:52:07,0.4,0.4,154320,0.45,260560,1800,683360
FINNIFTY02JAN2422150CE.NFO,02/01/2024,10:52:16,0.4,0.4,154320,0.45,260560,0,683360
FINNIFTY02JAN2422150CE.NFO,02/01/2024,10:52:55,0.4,0.4,156600,0.45,259680,0,683360
FINNIFTY02JAN2422150CE.NFO,02/01/2024,10:53:05,0.45,0.4,162160,0.45,256840,8000,683360
FINNIFTY02JAN2422150CE.NFO,02/01/2024,10:53:32,0.45,0.4,159920,0.45,252240,5720,683360
FINNIFTY02JAN2422150CE.NFO,02/01/2024,10:54:00,0.45,0.4,160640,0.45,263960,0,683360
FINNIFTY02JAN2422150CE.NFO,02/01/2024,10:54:09,0.45,0.4,160640,0.45,263520,960,684200
FINNIFTY02JAN2422150CE.NFO,02/01/2024,10:54:19,0.45,0.4,159240,0.45,261920,1400,684200
FINNIFTY02JAN2422150CE.NFO,02/01/2024,10:54:29,0.45,0.4,159240,0.45,262120,0,684200
FINNIFTY02JAN2422150CE.NFO,02/01/2024,10:54:38,0.4,0.4,157880,0.45,262120,1240,684200
FINNIFTY02JAN2422150CE.NFO,02/01/2024,10:54:47,0.4,0.4,155000,0.45,262920,3080,684200
FINNIFTY02JAN2422150CE.NFO,02/01/2024,10:54:57,0.45,0.4,155000,0.45,259080,2960,684200
FINNIFTY02JAN2422150CE.NFO,02/01/2024,10:55:15,0.45,0.4,154400,0.45,260880,0,684200
FINNIFTY02JAN2422150CE.NFO,02/01/2024,10:55:33,0.4,0.4,154360,0.45,260880,40,684200
FINNIFTY02JAN2422150CE.NFO,02/01/2024,10:55:42,0.4,0.4,154360,0.45,262080,0,684200
FINNIFTY02JAN2422150CE.NFO,02/01/2024,10:55:51,0.4,0.4,154360,0.45,263280,0,684200
FINNIFTY02JAN2422150CE.NFO,02/01/2024,10:56:09,0.45,0.4,153480,0.45,263240,920,684200
FINNIFTY02JAN2422150CE.NFO,02/01/2024,10:56:18,0.4,0.4,142880,0.45,263240,7240,684200
FINNIFTY02JAN2422150CE.NFO,02/01/2024,10:56:27,0.45,0.4,146240,0.45,262520,520,684200
FINNIFTY02JAN2422150CE.NFO,02/01/2024,10:56:36,0.45,0.4,146240,0.45,262240,280,688800
FINNIFTY02JAN2422150CE.NFO,02/01/2024,10:56:47,0.4,0.4,195880,0.45,260080,760,688800
FINNIFTY02JAN2422150CE.NFO,02/01/2024,10:56:58,0.4,0.4,195440,0.45,245680,440,688800
FINNIFTY02JAN2422150CE.NFO,02/01/2024,10:57:08,0.4,0.4,194920,0.45,253280,520,688800
FINNIFTY02JAN2422150CE.NFO,02/01/2024,10:57:18,0.4,0.4,194080,0.45,254240,960,688800
FINNIFTY02JAN2422150CE.NFO,02/01/2024,10:57:28,0.4,0.4,193760,0.45,254880,320,688800
FINNIFTY02JAN2422150CE.NFO,02/01/2024,10:57:38,0.45,0.4,193480,0.45,254600,600,688800
FINNIFTY02JAN2422150CE.NFO,02/01/2024,10:57:49,0.45,0.4,194360,0.45,254000,120,688800
FINNIFTY02JAN2422150CE.NFO,02/01/2024,10:57:59,0.45,0.4,193480,0.45,252120,1040,688800
FINNIFTY02JAN2422150CE.NFO,02/01/2024,10:58:09,0.4,0.4,193400,0.45,252080,160,688800
FINNIFTY02JAN2422150CE.NFO,02/01/2024,10:58:19,0.4,0.4,192400,0.45,253680,1080,688800
FINNIFTY02JAN2422150CE.NFO,02/01/2024,10:58:28,0.45,0.4,192400,0.45,251000,2960,688800
FINNIFTY02JAN2422150CE.NFO,02/01/2024,10:58:38,0.4,0.4,191000,0.45,246760,4840,688800
FINNIFTY02JAN2422150CE.NFO,02/01/2024,10:58:56,0.45,0.4,191120,0.45,246640,120,688800
FINNIFTY02JAN2422150CE.NFO,02/01/2024,10:59:05,0.4,0.4,187480,0.45,245120,3520,688800
FINNIFTY02JAN2422150CE.NFO,02/01/2024,10:59:15,0.45,0.4,187400,0.45,245080,240,688800
FINNIFTY02JAN2422150CE.NFO,02/01/2024,10:59:24,0.4,0.4,186600,0.45,245080,320,688800
FINNIFTY02JAN2422150CE.NFO,02/01/2024,10:59:34,0.4,0.4,186480,0.45,244600,120,688800
FINNIFTY02JAN2422150CE.NFO,02/01/2024,10:59:43,0.4,0.4,186400,0.45,244600,80,696280
FINNIFTY02JAN2422150CE.NFO,02/01/2024,10:59:52,0.4,0.4,184600,0.45,244600,1800,696280
FINNIFTY02JAN2422150CE.NFO,02/01/2024,11:00:11,0.4,0.4,153640,0.45,244600,3960,696280
FINNIFTY02JAN2422150CE.NFO,02/01/2024,11:00:20,0.4,0.4,144760,0.45,244760,7200,696280
FINNIFTY02JAN2422150CE.NFO,02/01/2024,11:00:30,0.4,0.4,135360,0.45,251960,7400,696280
FINNIFTY02JAN2422150CE.NFO,02/01/2024,11:00:39,0.4,0.4,147280,0.45,251080,19240,696280
FINNIFTY02JAN2422150CE.NFO,02/01/2024,11:00:49,0.4,0.4,106760,0.45,251080,11800,696280
FINNIFTY02JAN2422150CE.NFO,02/01/2024,11:00:58,0.4,0.4,104960,0.45,251080,1800,696280
FINNIFTY02JAN2422150CE.NFO,02/01/2024,11:01:08,0.4,0.4,142280,0.45,251080,6400,696280
FINNIFTY02JAN2422150CE.NFO,02/01/2024,11:01:18,0.4,0.4,140760,0.45,250440,2400,696280
FINNIFTY02JAN2422150CE.NFO,02/01/2024,11:01:28,0.4,0.4,138960,0.45,252240,920,696280
FINNIFTY02JAN2422150CE.NFO,02/01/2024,11:01:46,0.4,0.4,106280,0.45,252240,400,696280
FINNIFTY02JAN2422150CE.NFO,02/01/2024,11:01:56,0.4,0.4,104440,0.45,253160,1840,696280
FINNIFTY02JAN2422150CE.NFO,02/01/2024,11:02:06,0.4,0.4,136720,0.45,253160,0,696280
FINNIFTY02JAN2422150CE.NFO,02/01/2024,11:02:16,0.4,0.4,128640,0.45,252720,2800,696280
FINNIFTY02JAN2422150CE.NFO,02/01/2024,11:02:36,0.45,0.4,132480,0.45,253440,2800,696280
FINNIFTY02JAN2422150CE.NFO,02/01/2024,11:02:55,0.4,0.4,127080,0.45,253440,120,706880
FINNIFTY02JAN2422150CE.NFO,02/01/2024,11:03:04,0.4,0.4,123480,0.45,253680,3600,706880
FINNIFTY02JAN2422150CE.NFO,02/01/2024,11:03:13,0.4,0.4,131000,0.45,253680,2360,706880
FINNIFTY02JAN2422150CE.NFO,02/01/2024,11:03:22,0.4,0.4,124440,0.45,253680,1280,706880
FINNIFTY02JAN2422150CE.NFO,02/01/2024,11:03:32,0.4,0.35,203560,0.4,50120,75240,706880
FINNIFTY02JAN2422150CE.NFO,02/01/2024,11:03:41,0.4,0.35,204880,0.4,64080,0,706880
FINNIFTY02JAN2422150CE.NFO,02/01/2024,11:03:51,0.4,0.35,202480,0.4,64120,1200,706880
FINNIFTY02JAN2422150CE.NFO,02/01/2024,11:04:00,0.4,0.35,202480,0.4,63840,280,706880
FINNIFTY02JAN2422150CE.NFO,02/01/2024,11:04:09,0.4,0.35,202480,0.4,52480,6320,706880
FINNIFTY02JAN2422150CE.NFO,02/01/2024,11:04:19,0.4,0.35,200680,0.4,63520,600,706880
FINNIFTY02JAN2422150CE.NFO,02/01/2024,11:04:28,0.4,0.35,200680,0.4,63520,0,706880
FINNIFTY02JAN2422150CE.NFO,02/01/2024,11:04:38,0.35,0.35,200440,0.4,63520,240,706880
FINNIFTY02JAN2422150CE.NFO,02/01/2024,11:04:56,0.35,0.35,200440,0.4,63520,0,706880
FINNIFTY02JAN2422150CE.NFO,02/01/2024,11:05:33,0.4,0.35,200440,0.4,70440,1800,706880
FINNIFTY02JAN2422150CE.NFO,02/01/2024,11:05:43,0.4,0.35,200440,0.4,70560,0,706880
FINNIFTY02JAN2422150CE.NFO,02/01/2024,11:05:52,0.4,0.35,200400,0.4,70560,0,706880
FINNIFTY02JAN2422150CE.NFO,02/01/2024,11:06:20,0.35,0.3,214120,0.35,284520,227240,749000
FINNIFTY02JAN2422150CE.NFO,02/01/2024,11:06:29,0.35,0.3,173080,0.35,302040,2080,749000
FINNIFTY02JAN2422150CE.NFO,02/01/2024,11:06:39,0.35,0.3,130680,0.35,299440,2840,749000
FINNIFTY02JAN2422150CE.NFO,02/01/2024,11:06:48,0.35,0.3,149680,0.35,299560,40,749000
FINNIFTY02JAN2422150CE.NFO,02/01/2024,11:06:58,0.35,0.3,149680,0.35,326680,0,749000
FINNIFTY02JAN2422150CE.NFO,02/01/2024,11:07:08,0.3,0.3,149640,0.35,326280,440,749000
FINNIFTY02JAN2422150CE.NFO,02/01/2024,11:07:17,0.35,0.3,148720,0.35,304640,120,749000
FINNIFTY02JAN2422150CE.NFO,02/01/2024,11:07:27,0.35,0.3,149640,0.35,312240,0,749000
FINNIFTY02JAN2422150CE.NFO,02/01/2024,11:07:36,0.35,0.3,148200,0.35,312240,0,749000
FINNIFTY02JAN2422150CE.NFO,02/01/2024,11:07:45,0.35,0.3,148160,0.35,303080,9160,749000
FINNIFTY02JAN2422150CE.NFO,02/01/2024,11:07:54,0.35,0.3,148160,0.35,301360,1400,749000
FINNIFTY02JAN2422150CE.NFO,02/01/2024,11:08:04,0.35,0.3,142720,0.35,292200,9560,749000
FINNIFTY02JAN2422150CE.NFO,02/01/2024,11:08:13,0.3,0.3,142640,0.35,292160,440,749000
FINNIFTY02JAN2422150CE.NFO,02/01/2024,11:08:22,0.3,0.3,142640,0.35,292160,0,749000
FINNIFTY02JAN2422150CE.NFO,02/01/2024,11:08:31,0.35,0.3,128240,0.35,287440,4760,749000
FINNIFTY02JAN2422150CE.NFO,02/01/2024,11:08:40,0.35,0.3,172480,0.35,130960,269440,610600
FINNIFTY02JAN2422150CE.NFO,02/01/2024,11:08:50,0.35,0.35,342200,0.4,120160,78240,610600
FINNIFTY02JAN2422150CE.NFO,02/01/2024,11:09:00,0.35,0.35,340640,0.4,119480,1600,610600
FINNIFTY02JAN2422150CE.NFO,02/01/2024,11:09:09,0.35,0.35,340640,0.4,121440,0,610600
FINNIFTY02JAN2422150CE.NFO,02/01/2024,11:09:19,0.35,0.35,340000,0.4,129600,800,610600
FINNIFTY02JAN2422150CE.NFO,02/01/2024,11:09:28,0.35,0.35,341840,0.4,130320,0,610600
FINNIFTY02JAN2422150CE.NFO,02/01/2024,11:09:38,0.35,0.35,341840,0.4,130280,0,610600
FINNIFTY02JAN2422150CE.NFO,02/01/2024,11:09:46,0.35,0.35,341840,0.4,129560,0,610600
FINNIFTY02JAN2422150CE.NFO,02/01/2024,11:09:55,0.4,0.35,327440,0.4,111440,5400,610600
FINNIFTY02JAN2422150CE.NFO,02/01/2024,11:10:13,0.4,0.35,96720,0.4,102880,0,610600
FINNIFTY02JAN2422150CE.NFO,02/01/2024,11:10:21,0.4,0.35,109360,0.4,99720,2280,610600
FINNIFTY02JAN2422150CE.NFO,02/01/2024,11:10:30,0.4,0.4,314360,0.45,37840,99000,610600
FINNIFTY02JAN2422150CE.NFO,02/01/2024,11:10:39,0.4,0.4,313160,0.45,37880,1200,610600
FINNIFTY02JAN2422150CE.NFO,02/01/2024,11:10:48,0.4,0.4,313800,0.45,38920,4640,610600
FINNIFTY02JAN2422150CE.NFO,02/01/2024,11:10:56,0.4,0.4,246080,0.45,79240,190600,610600
FINNIFTY02JAN2422150CE.NFO,02/01/2024,11:11:05,0.45,0.4,261240,0.45,79480,30560,610600
FINNIFTY02JAN2422150CE.NFO,02/01/2024,11:11:14,0.45,0.4,259040,0.45,77480,32200,610600
FINNIFTY02JAN2422150CE.NFO,02/01/2024,11:11:24,0.5,0.45,64840,0.5,74400,96920,610600
FINNIFTY02JAN2422150CE.NFO,02/01/2024,11:11:31,0.45,0.4,250120,0.45,190440,122160,610600
FINNIFTY02JAN2422150CE.NFO,02/01/2024,11:11:33,0.45,0.4,252280,0.45,192520,6400,610600
FINNIFTY02JAN2422150CE.NFO,02/01/2024,11:11:34,0.45,0.4,252560,0.45,192880,5200,610600
FINNIFTY02JAN2422150CE.NFO,02/01/2024,11:11:36,0.4,0.4,253680,0.45,193200,5760,610600
FINNIFTY02JAN2422150CE.NFO,02/01/2024,11:11:38,0.45,0.4,252240,0.45,192640,5680,610600
FINNIFTY02JAN2422150CE.NFO,02/01/2024,11:11:39,0.45,0.4,252760,0.45,195200,5720,828800
FINNIFTY02JAN2422150CE.NFO,02/01/2024,11:11:41,0.45,0.4,252920,0.45,195400,5200,828800
FINNIFTY02JAN2422150CE.NFO,02/01/2024,11:11:42,0.45,0.4,254120,0.45,158960,5560,828800
FINNIFTY02JAN2422150CE.NFO,02/01/2024,11:11:44,0.45,0.4,255240,0.45,139160,5120,828800
FINNIFTY02JAN2422150CE.NFO,02/01/2024,11:11:46,0.45,0.4,256120,0.45,138280,9840,828800
FINNIFTY02JAN2422150CE.NFO,02/01/2024,11:11:47,0.45,0.4,256440,0.45,143960,4400,828800
FINNIFTY02JAN2422150CE.NFO,02/01/2024,11:11:49,0.45,0.4,256280,0.45,139480,6640,828800
FINNIFTY02JAN2422150CE.NFO,02/01/2024,11:11:51,0.45,0.4,256280,0.45,135480,4000,828800
FINNIFTY02JAN2422150CE.NFO,02/01/2024,11:11:52,0.45,0.4,255760,0.45,141480,5320,828800
FINNIFTY02JAN2422150CE.NFO,02/01/2024,11:11:54,0.45,0.4,257560,0.45,137080,4400,828800
FINNIFTY02JAN2422150CE.NFO,02/01/2024,11:11:55,0.45,0.4,257560,0.45,131880,5200,828800
FINNIFTY02JAN2422150CE.NFO,02/01/2024,11:11:57,0.45,0.4,257560,0.45,125600,4600,828800
FINNIFTY02JAN2422150CE.NFO,02/01/2024,11:11:59,0.45,0.4,257560,0.45,120880,4600,828800
FINNIFTY02JAN2422150CE.NFO,02/01/2024,11:12:00,0.45,0.4,257560,0.45,115880,5000,828800
FINNIFTY02JAN2422150CE.NFO,02/01/2024,11:12:02,0.45,0.4,257640,0.45,87600,6200,828800
FINNIFTY02JAN2422150CE.NFO,02/01/2024,11:12:04,0.5,0.45,43480,0.5,69480,24800,828800
FINNIFTY02JAN2422150CE.NFO,02/01/2024,11:12:05,0.5,0.45,47600,0.5,55440,6800,828800
FINNIFTY02JAN2422150CE.NFO,02/01/2024,11:12:07,0.5,0.45,47600,0.5,51840,5400,828800
FINNIFTY02JAN2422150CE.NFO,02/01/2024,11:12:09,0.5,0.45,48840,0.5,52600,5520,828800
FINNIFTY02JAN2422150CE.NFO,02/01/2024,11:12:10,0.5,0.45,48600,0.5,52440,3040,828800
FINNIFTY02JAN2422150CE.NFO,02/01/2024,11:12:12,0.5,0.45,48600,0.5,51680,0,828800
FINNIFTY02JAN2422150CE.NFO,02/01/2024,11:12:13,0.5,0.45,48600,0.5,51720,0,828800
FINNIFTY02JAN2422150CE.NFO,02/01/2024,11:12:15,0.45,0.45,43240,0.5,54520,240,828800
FINNIFTY02JAN2422150CE.NFO,02/01/2024,11:12:17,0.45,0.45,45080,0.5,52720,1800,828800
FINNIFTY02JAN2422150CE.NFO,02/01/2024,11:12:18,0.45,0.45,47680,0.5,52640,200,828800
FINNIFTY02JAN2422150CE.NFO,02/01/2024,11:12:21,0.45,0.45,47680,0.5,56440,0,828800
FINNIFTY02JAN2422150CE.NFO,02/01/2024,11:12:23,0.45,0.45,48160,0.5,58720,400,828800
FINNIFTY02JAN2422150CE.NFO,02/01/2024,11:12:25,0.45,0.45,48160,0.5,58640,0,828800
FINNIFTY02JAN2422150CE.NFO,02/01/2024,11:12:26,0.45,0.45,50000,0.5,59360,0,828800
FINNIFTY02JAN2422150CE.NFO,02/01/2024,11:12:28,0.45,0.45,47320,0.5,57640,2680,828800
FINNIFTY02JAN2422150CE.NFO,02/01/2024,11:12:29,0.45,0.45,47320,0.5,57640,0,828800
FINNIFTY02JAN2422150CE.NFO,02/01/2024,11:12:31,0.45,0.45,45680,0.5,67200,1760,828800
FINNIFTY02JAN2422150CE.NFO,02/01/2024,11:12:34,0.45,0.4,45400,0.45,28760,30360,828800
FINNIFTY02JAN2422150CE.NFO,02/01/2024,11:12:36,0.45,0.4,47120,0.45,38560,0,828800
FINNIFTY02JAN2422150CE.NFO,02/01/2024,11:12:38,0.45,0.4,60520,0.45,38560,0,828800
FINNIFTY02JAN2422150CE.NFO,02/01/2024,11:12:39,0.45,0.4,81760,0.45,38560,0,828800
FINNIFTY02JAN2422150CE.NFO,02/01/2024,11:12:43,0.45,0.4,99360,0.45,40600,0,828800
FINNIFTY02JAN2422150CE.NFO,02/01/2024,11:12:44,0.45,0.4,103240,0.45,36400,5400,828800
FINNIFTY02JAN2422150CE.NFO,02/01/2024,11:12:46,0.45,0.45,266120,0.5,63240,17400,828800
FINNIFTY02JAN2422150CE.NFO,02/01/2024,11:12:47,0.45,0.45,270640,0.5,77520,0,828800
FINNIFTY02JAN2422150CE.NFO,02/01/2024,11:12:50,0.45,0.45,270120,0.5,77000,520,828800
FINNIFTY02JAN2422150CE.NFO,02/01/2024,11:12:52,0.5,0.45,271000,0.5,74560,1800,828800
FINNIFTY02JAN2422150CE.NFO,02/01/2024,11:12:54,0.45,0.45,270120,0.5,76160,1600,828800
FINNIFTY02JAN2422150CE.NFO,02/01/2024,11:12:55,0.45,0.45,260920,0.5,74400,0,828800
FINNIFTY02JAN2422150CE.NFO,02/01/2024,11:12:57,0.45,0.45,265640,0.5,74400,0,828800
FINNIFTY02JAN2422150CE.NFO,02/01/2024,11:12:58,0.45,0.45,273200,0.5,74040,0,828800
FINNIFTY02JAN2422150CE.NFO,02/01/2024,11:13:00,0.5,0.45,272160,0.5,66640,3680,828800
FINNIFTY02JAN2422150CE.NFO,02/01/2024,11:13:02,0.5,0.45,272960,0.5,66440,2000,828800
FINNIFTY02JAN2422150CE.NFO,02/01/2024,11:13:03,0.5,0.45,272960,0.5,74120,0,828800
FINNIFTY02JAN2422150CE.NFO,02/01/2024,11:13:05,0.45,0.45,272160,0.5,75920,800,828800
FINNIFTY02JAN2422150CE.NFO,02/01/2024,11:13:07,0.45,0.45,273360,0.5,75920,0,828800
FINNIFTY02JAN2422150CE.NFO,02/01/2024,11:13:08,0.45,0.45,272920,0.5,77760,280,828800
FINNIFTY02JAN2422150CE.NFO,02/01/2024,11:13:10,0.45,0.45,272920,0.5,61320,0,828800
FINNIFTY02JAN2422150CE.NFO,02/01/2024,11:13:11,0.5,0.45,271120,0.5,68760,3600,828800
FINNIFTY02JAN2422150CE.NFO,02/01/2024,11:13:13,0.5,0.45,271120,0.5,68760,0,828800
FINNIFTY02JAN2422150CE.NFO,02/01/2024,11:13:18,0.5,0.45,272320,0.5,68440,560,828800
FINNIFTY02JAN2422150CE.NFO,02/01/2024,11:13:19,0.5,0.45,271400,0.5,77040,240,828800
FINNIFTY02JAN2422150CE.NFO,02/01/2024,11:13:22,0.5,0.45,270920,0.5,78440,200,828800
FINNIFTY02JAN2422150CE.NFO,02/01/2024,11:13:26,0.5,0.45,272400,0.5,63320,840,828800
FINNIFTY02JAN2422150CE.NFO,02/01/2024,11:13:27,0.5,0.45,272400,0.5,59160,3520,828800
FINNIFTY02JAN2422150CE.NFO,02/01/2024,11:13:29,0.5,0.45,272400,0.5,57960,0,828800
FINNIFTY02JAN2422150CE.NFO,02/01/2024,11:13:32,0.5,0.5,35840,0.55,45600,25360,828800
FINNIFTY02JAN2422150CE.NFO,02/01/2024,11:13:42,0.5,0.45,67920,0.5,54120,25960,828800
FINNIFTY02JAN2422150CE.NFO,02/01/2024,11:13:52,0.5,0.5,222200,0.55,17120,73480,828800
FINNIFTY02JAN2422150CE.NFO,02/01/2024,11:14:02,0.55,0.5,208040,0.55,63040,74560,828800
FINNIFTY02JAN2422150CE.NFO,02/01/2024,11:14:11,0.55,0.5,207240,0.55,54520,2400,828800
FINNIFTY02JAN2422150CE.NFO,02/01/2024,11:14:20,0.55,0.5,207960,0.55,27600,3840,828800
FINNIFTY02JAN2422150CE.NFO,02/01/2024,11:14:29,0.55,0.5,200080,0.55,34200,7440,828800
FINNIFTY02JAN2422150CE.NFO,02/01/2024,11:14:31,0.55,0.5,200080,0.55,34200,0,828800
FINNIFTY02JAN2422150CE.NFO,02/01/2024,11:14:33,0.55,0.5,200440,0.55,12520,15920,828800
FINNIFTY02JAN2422150CE.NFO,02/01/2024,11:14:35,0.55,0.5,175320,0.55,97680,41200,828800
FINNIFTY02JAN2422150CE.NFO,02/01/2024,11:14:36,0.55,0.5,177440,0.55,98160,2400,828800
FINNIFTY02JAN2422150CE.NFO,02/01/2024,11:14:38,0.55,0.5,177440,0.55,98920,200,828800
FINNIFTY02JAN2422150CE.NFO,02/01/2024,11:14:39,0.5,0.5,177640,0.55,98920,720,897160
FINNIFTY02JAN2422150CE.NFO,02/01/2024,11:14:41,0.55,0.5,182960,0.55,97160,1760,897160
FINNIFTY02JAN2422150CE.NFO,02/01/2024,11:14:43,0.55,0.5,182920,0.55,96960,200,897160
FINNIFTY02JAN2422150CE.NFO,02/01/2024,11:14:44,0.55,0.5,185000,0.55,93120,200,897160
FINNIFTY02JAN2422150CE.NFO,02/01/2024,11:14:46,0.55,0.5,185000,0.55,92920,200,897160
FINNIFTY02JAN2422150CE.NFO,02/01/2024,11:14:48,0.55,0.5,185000,0.55,92560,1800,897160
FINNIFTY02JAN2422150CE.NFO,02/01/2024,11:14:49,0.5,0.5,177800,0.55,93360,5600,897160
FINNIFTY02JAN2422150CE.NFO,02/01/2024,11:14:51,0.55,0.5,176680,0.55,92520,4200,897160
FINNIFTY02JAN2422150CE.NFO,02/01/2024,11:14:53,0.5,0.5,175400,0.55,92440,1600,897160
FINNIFTY02JAN2422150CE.NFO,02/01/2024,11:14:54,0.55,0.5,177880,0.55,91120,4000,897160
FINNIFTY02JAN2422150CE.NFO,02/01/2024,11:14:57,0.55,0.5,177880,0.55,94240,0,897160
FINNIFTY02JAN2422150CE.NFO,02/01/2024,11:15:01,0.55,0.5,177880,0.55,91480,2400,897160
FINNIFTY02JAN2422150CE.NFO,02/01/2024,11:15:02,0.55,0.5,177880,0.55,89520,1840,897160
FINNIFTY02JAN2422150CE.NFO,02/01/2024,11:15:06,0.55,0.5,174440,0.55,76920,1800,897160
FINNIFTY02JAN2422150CE.NFO,02/01/2024,11:15:10,0.55,0.5,178040,0.55,77560,0,897160
FINNIFTY02JAN2422150CE.NFO,02/01/2024,11:15:13,0.55,0.5,178040,0.55,84560,200,897160
FINNIFTY02JAN2422150CE.NFO,02/01/2024,11:15:15,0.55,0.5,178200,0.55,84360,1800,897160
FINNIFTY02JAN2422150CE.NFO,02/01/2024,11:15:20,0.55,0.5,178200,0.55,84360,0,897160
FINNIFTY02JAN2422150CE.NFO,02/01/2024,11:15:21,0.55,0.5,178200,0.55,84280,400,897160
FINNIFTY02JAN2422150CE.NFO,02/01/2024,11:15:23,0.55,0.5,178200,0.55,82200,1720,897160
FINNIFTY02JAN2422150CE.NFO,02/01/2024,11:15:26,0.55,0.5,178240,0.55,75280,6760,897160
FINNIFTY02JAN2422150CE.NFO,02/01/2024,11:15:36,0.55,0.5,178240,0.55,46960,18960,897160
FINNIFTY02JAN2422150CE.NFO,02/01/2024,11:15:47,0.55,0.5,175880,0.55,53640,3240,897160
FINNIFTY02JAN2422150CE.NFO,02/01/2024,11:15:57,0.5,0.5,176880,0.55,51480,3680,897160
FINNIFTY02JAN2422150CE.NFO,02/01/2024,11:16:07,0.5,0.5,176880,0.55,51480,0,897160
FINNIFTY02JAN2422150CE.NFO,02/01/2024,11:16:17,0.5,0.5,173720,0.55,51120,0,897160
FINNIFTY02JAN2422150CE.NFO,02/01/2024,11:16:27,0.5,0.5,174800,0.55,51120,0,897160
FINNIFTY02JAN2422150CE.NFO,02/01/2024,11:16:36,0.55,0.5,172920,0.55,39800,4440,897160
FINNIFTY02JAN2422150CE.NFO,02/01/2024,11:16:45,0.55,0.5,163400,0.55,49000,7200,897160
FINNIFTY02JAN2422150CE.NFO,02/01/2024,11:16:54,0.5,0.5,140800,0.55,49680,24480,897160
FINNIFTY02JAN2422150CE.NFO,02/01/2024,11:17:03,0.5,0.5,119880,0.55,50480,22400,897160
FINNIFTY02JAN2422150CE.NFO,02/01/2024,11:17:13,0.5,0.45,21560,0.5,64720,35400,897160
FINNIFTY02JAN2422150CE.NFO,02/01/2024,11:17:21,0.5,0.45,21560,0.5,64480,200,897160
FINNIFTY02JAN2422150CE.NFO,02/01/2024,11:17:30,0.5,0.45,73560,0.5,63880,2960,897160
FINNIFTY02JAN2422150CE.NFO,02/01/2024,11:17:39,0.5,0.45,176000,0.5,69040,2880,897160
FINNIFTY02JAN2422150CE.NFO,02/01/2024,11:17:49,0.5,0.45,176040,0.5,75640,840,900320
FINNIFTY02JAN2422150CE.NFO,02/01/2024,11:17:58,0.5,0.45,176040,0.5,75640,0,900320
FINNIFTY02JAN2422150CE.NFO,02/01/2024,11:18:08,0.45,0.45,173720,0.5,75200,1120,900320
FINNIFTY02JAN2422150CE.NFO,02/01/2024,11:18:17,0.5,0.45,173520,0.5,79440,1200,900320
FINNIFTY02JAN2422150CE.NFO,02/01/2024,11:18:26,0.5,0.45,174280,0.5,80720,720,900320
FINNIFTY02JAN2422150CE.NFO,02/01/2024,11:18:34,0.5,0.45,174200,0.5,80560,720,900320
FINNIFTY02JAN2422150CE.NFO,02/01/2024,11:18:43,0.45,0.45,176160,0.5,81600,4800,900320
FINNIFTY02JAN2422150CE.NFO,02/01/2024,11:18:52,0.5,0.45,177240,0.5,83920,4280,900320
FINNIFTY02JAN2422150CE.NFO,02/01/2024,11:19:00,0.5,0.45,176160,0.5,89440,520,900320
FINNIFTY02JAN2422150CE.NFO,02/01/2024,11:19:09,0.45,0.45,177240,0.5,89160,3280,900320
FINNIFTY02JAN2422150CE.NFO,02/01/2024,11:19:17,0.5,0.45,177800,0.5,92360,5360,900320
FINNIFTY02JAN2422150CE.NFO,02/01/2024,11:19:25,0.45,0.4,57160,0.45,73600,47880,900320
FINNIFTY02JAN2422150CE.NFO,02/01/2024,11:19:34,0.45,0.4,57800,0.45,78800,5400,900320
FINNIFTY02JAN2422150CE.NFO,02/01/2024,11:19:42,0.45,0.4,60240,0.45,80680,3440,900320
FINNIFTY02JAN2422150CE.NFO,02/01/2024,11:19:50,0.45,0.4,60200,0.45,78080,920,900320
FINNIFTY02JAN2422150CE.NFO,02/01/2024,11:19:58,0.45,0.4,58360,0.45,77880,240,900320
FINNIFTY02JAN2422150CE.NFO,02/01/2024,11:20:06,0.45,0.4,60080,0.45,79760,3120,900320
FINNIFTY02JAN2422150CE.NFO,02/01/2024,11:20:15,0.45,0.4,60200,0.45,80400,240,900320
FINNIFTY02JAN2422150CE.NFO,02/01/2024,11:20:23,0.4,0.4,61080,0.45,78520,6600,900320
FINNIFTY02JAN2422150CE.NFO,02/01/2024,11:20:31,0.45,0.4,74480,0.45,92880,1440,900320
FINNIFTY02JAN2422150CE.NFO,02/01/2024,11:20:40,0.45,0.4,75000,0.45,89280,4200,887280
FINNIFTY02JAN2422150CE.NFO,02/01/2024,11:20:49,0.45,0.4,75000,0.45,86400,3440,887280
FINNIFTY02JAN2422150CE.NFO,02/01/2024,11:20:58,0.45,0.4,75000,0.45,86000,480,887280
FINNIFTY02JAN2422150CE.NFO,02/01/2024,11:21:07,0.45,0.4,74960,0.45,85720,280,887280
FINNIFTY02JAN2422150CE.NFO,02/01/2024,11:21:15,0.45,0.4,74960,0.45,86040,80,887280
FINNIFTY02JAN2422150CE.NFO,02/01/2024,11:21:24,0.45,0.4,74880,0.45,84400,1320,887280
FINNIFTY02JAN2422150CE.NFO,02/01/2024,11:21:33,0.45,0.4,46880,0.45,82600,2200,887280
FINNIFTY02JAN2422150CE.NFO,02/01/2024,11:21:41,0.45,0.4,47880,0.45,82400,200,887280
FINNIFTY02JAN2422150CE.NFO,02/01/2024,11:21:50,0.45,0.4,48880,0.45,81600,400,887280
FINNIFTY02JAN2422150CE.NFO,02/01/2024,11:21:59,0.45,0.4,48880,0.45,81600,0,887280
FINNIFTY02JAN2422150CE.NFO,02/01/2024,11:22:17,0.45,0.4,48880,0.45,80920,200,887280
FINNIFTY02JAN2422150CE.NFO,02/01/2024,11:22:26,0.45,0.4,52040,0.45,79320,3160,887280
FINNIFTY02JAN2422150CE.NFO,02/01/2024,11:22:34,0.45,0.4,57440,0.45,79320,400,887280
FINNIFTY02JAN2422150CE.NFO,02/01/2024,11:22:43,0.45,0.4,57400,0.45,79120,240,887280
FINNIFTY02JAN2422150CE.NFO,02/01/2024,11:23:00,0.45,0.4,55600,0.45,77120,2000,887280
FINNIFTY02JAN2422150CE.NFO,02/01/2024,11:23:17,0.45,0.4,55600,0.45,77120,0,887280
FINNIFTY02JAN2422150CE.NFO,02/01/2024,11:23:41,0.45,0.4,59480,0.45,76440,680,884480
FINNIFTY02JAN2422150CE.NFO,02/01/2024,11:23:49,0.45,0.4,59480,0.45,78080,480,884480
FINNIFTY02JAN2422150CE.NFO,02/01/2024,11:23:58,0.45,0.4,59480,0.45,76080,400,884480
FINNIFTY02JAN2422150CE.NFO,02/01/2024,11:24:06,0.45,0.4,61280,0.45,75640,200,884480
FINNIFTY02JAN2422150CE.NFO,02/01/2024,11:24:14,0.45,0.4,79800,0.45,75040,1000,884480
FINNIFTY02JAN2422150CE.NFO,02/01/2024,11:24:30,0.45,0.4,79800,0.45,76480,360,884480
FINNIFTY02JAN2422150CE.NFO,02/01/2024,11:24:39,0.45,0.4,79840,0.45,76120,360,884480
FINNIFTY02JAN2422150CE.NFO,02/01/2024,11:24:47,0.45,0.4,79800,0.45,76240,720,884480
FINNIFTY02JAN2422150CE.NFO,02/01/2024,11:24:55,0.45,0.4,79840,0.45,75880,360,884480
FINNIFTY02JAN2422150CE.NFO,02/01/2024,11:25:03,0.45,0.4,83000,0.45,75680,200,884480
FINNIFTY02JAN2422150CE.NFO,02/01/2024,11:25:28,0.45,0.4,83000,0.45,76560,0,884480
FINNIFTY02JAN2422150CE.NFO,02/01/2024,11:25:45,0.45,0.4,97000,0.45,78360,0,884480
FINNIFTY02JAN2422150CE.NFO,02/01/2024,11:26:16,0.45,0.4,97000,0.45,77480,0,884480
FINNIFTY02JAN2422150CE.NFO,02/01/2024,11:26:24,0.45,0.4,95200,0.45,77480,0,884480
FINNIFTY02JAN2422150CE.NFO,02/01/2024,11:26:32,0.45,0.4,94800,0.45,77480,0,884480
FINNIFTY02JAN2422150CE.NFO,02/01/2024,11:27:36,0.45,0.4,95760,0.45,79320,0,884480
FINNIFTY02JAN2422150CE.NFO,02/01/2024,11:27:54,0.45,0.4,95800,0.45,78440,0,884480
FINNIFTY02JAN2422150CE.NFO,02/01/2024,11:28:02,0.45,0.4,95800,0.45,78480,800,885280
FINNIFTY02JAN2422150CE.NFO,02/01/2024,11:28:18,0.45,0.4,81800,0.45,78480,0,885280
FINNIFTY02JAN2422150CE.NFO,02/01/2024,11:28:26,0.45,0.4,66920,0.45,72360,15840,885280
FINNIFTY02JAN2422150CE.NFO,02/01/2024,11:28:35,0.45,0.4,61360,0.45,72160,200,885280
FINNIFTY02JAN2422150CE.NFO,02/01/2024,11:28:43,0.45,0.4,61400,0.45,73920,240,885280
FINNIFTY02JAN2422150CE.NFO,02/01/2024,11:28:59,0.45,0.4,61400,0.45,73920,0,885280
FINNIFTY02JAN2422150CE.NFO,02/01/2024,11:29:08,0.45,0.4,61400,0.45,74800,0,885280
FINNIFTY02JAN2422150CE.NFO,02/01/2024,11:29:16,0.4,0.4,57440,0.45,74760,2120,885280
FINNIFTY02JAN2422150CE.NFO,02/01/2024,11:29:32,0.4,0.4,60040,0.45,74760,0,885280
FINNIFTY02JAN2422150CE.NFO,02/01/2024,11:29:40,0.4,0.4,59080,0.45,74760,960,885280
FINNIFTY02JAN2422150CE.NFO,02/01/2024,11:29:48,0.4,0.4,59080,0.45,74760,0,885280
FINNIFTY02JAN2422150CE.NFO,02/01/2024,11:29:55,0.4,0.4,59040,0.45,74760,0,885280
FINNIFTY02JAN2422150CE.NFO,02/01/2024,11:30:03,0.4,0.4,58880,0.45,74760,160,873360
FINNIFTY02JAN2422150CE.NFO,02/01/2024,11:30:19,0.45,0.4,58920,0.45,74720,40,873360
FINNIFTY02JAN2422150CE.NFO,02/01/2024,11:30:34,0.45,0.4,58920,0.45,74320,0,873360
FINNIFTY02JAN2422150CE.NFO,02/01/2024,11:30:42,0.45,0.4,58920,0.45,74720,0,873360
FINNIFTY02JAN2422150CE.NFO,02/01/2024,11:30:49,0.45,0.4,58880,0.45,74720,0,873360
FINNIFTY02JAN2422150CE.NFO,02/01/2024,11:30:57,0.45,0.4,58920,0.45,79640,3600,873360
FINNIFTY02JAN2422150CE.NFO,02/01/2024,11:31:04,0.45,0.4,58920,0.45,79640,0,873360
FINNIFTY02JAN2422150CE.NFO,02/01/2024,11:31:12,0.45,0.4,62560,0.45,79320,320,873360
FINNIFTY02JAN2422150CE.NFO,02/01/2024,11:31:20,0.45,0.4,62480,0.45,79320,0,873360
FINNIFTY02JAN2422150CE.NFO,02/01/2024,11:31:28,0.45,0.4,62520,0.45,79320,0,873360
FINNIFTY02JAN2422150CE.NFO,02/01/2024,11:31:35,0.45,0.4,62560,0.45,81120,0,873360
FINNIFTY02JAN2422150CE.NFO,02/01/2024,11:31:42,0.45,0.4,62520,0.45,82920,0,873360
FINNIFTY02JAN2422150CE.NFO,02/01/2024,11:31:50,0.45,0.4,62480,0.45,83320,0,873360
FINNIFTY02JAN2422150CE.NFO,02/01/2024,11:31:58,0.45,0.4,62480,0.45,83360,0,873360
FINNIFTY02JAN2422150CE.NFO,02/01/2024,11:32:15,0.4,0.4,64240,0.45,83360,40,873360
FINNIFTY02JAN2422150CE.NFO,02/01/2024,11:32:22,0.4,0.4,62440,0.45,83360,0,873360
FINNIFTY02JAN2422150CE.NFO,02/01/2024,11:32:37,0.45,0.4,62440,0.45,83400,40,873360
FINNIFTY02JAN2422150CE.NFO,02/01/2024,11:32:58,0.4,0.4,76560,0.45,83400,16640,877320
FINNIFTY02JAN2422150CE.NFO,02/01/2024,11:33:12,0.4,0.4,76560,0.45,83400,0,877320
FINNIFTY02JAN2422150CE.NFO,02/01/2024,11:33:27,0.4,0.4,77440,0.45,83000,0,877320
FINNIFTY02JAN2422150CE.NFO,02/01/2024,11:33:41,0.4,0.4,77440,0.45,82120,0,877320
FINNIFTY02JAN2422150CE.NFO,02/01/2024,11:33:49,0.45,0.4,77440,0.45,82680,80,877320
FINNIFTY02JAN2422150CE.NFO,02/01/2024,11:34:31,0.45,0.4,76520,0.45,83960,0,877320
FINNIFTY02JAN2422150CE.NFO,02/01/2024,11:34:47,0.45,0.4,77400,0.45,94680,80,877320
FINNIFTY02JAN2422150CE.NFO,02/01/2024,11:35:16,0.45,0.4,76560,0.45,94680,0,877320
FINNIFTY02JAN2422150CE.NFO,02/01/2024,11:35:31,0.45,0.4,76400,0.45,94600,80,877320
FINNIFTY02JAN2422150CE.NFO,02/01/2024,11:35:39,0.45,0.4,76520,0.45,94280,320,877320
FINNIFTY02JAN2422150CE.NFO,02/01/2024,11:35:47,0.45,0.4,76520,0.45,94280,0,877320
FINNIFTY02JAN2422150CE.NFO,02/01/2024,11:36:24,0.45,0.4,74720,0.45,92880,0,877320
FINNIFTY02JAN2422150CE.NFO,02/01/2024,11:36:31,0.45,0.4,76520,0.45,115880,0,877320
FINNIFTY02JAN2422150CE.NFO,02/01/2024,11:36:54,0.45,0.4,74720,0.45,114480,0,877320
FINNIFTY02JAN2422150CE.NFO,02/01/2024,11:37:02,0.4,0.4,75320,0.45,96480,320,886360
FINNIFTY02JAN2422150CE.NFO,02/01/2024,11:37:10,0.4,0.4,71720,0.45,96480,0,886360
FINNIFTY02JAN2422150CE.NFO,02/01/2024,11:37:25,0.4,0.4,71120,0.45,92480,440,886360
FINNIFTY02JAN2422150CE.NFO,02/01/2024,11:37:33,0.4,0.4,72360,0.45,92480,240,886360
FINNIFTY02JAN2422150CE.NFO,02/01/2024,11:37:41,0.4,0.4,72360,0.45,92480,0,886360
FINNIFTY02JAN2422150CE.NFO,02/01/2024,11:38:36,0.45,0.4,70200,0.45,68840,6000,886360
FINNIFTY02JAN2422150CE.NFO,02/01/2024,11:38:43,0.45,0.4,72640,0.45,75600,3800,883360
FINNIFTY02JAN2422150CE.NFO,02/01/2024,11:38:52,0.4,0.4,74120,0.45,85600,960,883360
FINNIFTY02JAN2422150CE.NFO,02/01/2024,11:39:00,0.45,0.4,74120,0.45,85560,40,883360
FINNIFTY02JAN2422150CE.NFO,02/01/2024,11:39:06,0.45,0.4,74120,0.45,85560,0,883360
FINNIFTY02JAN2422150CE.NFO,02/01/2024,11:39:19,0.4,0.4,71160,0.45,85560,1400,883360
FINNIFTY02JAN2422150CE.NFO,02/01/2024,11:39:25,0.4,0.4,69760,0.45,85560,1400,883360
FINNIFTY02JAN2422150CE.NFO,02/01/2024,11:39:31,0.4,0.4,69760,0.45,85560,0,883360
FINNIFTY02JAN2422150CE.NFO,02/01/2024,11:39:44,0.4,0.4,71720,0.45,84880,1880,883360
FINNIFTY02JAN2422150CE.NFO,02/01/2024,11:39:51,0.4,0.4,70120,0.45,84840,1640,883360
FINNIFTY02JAN2422150CE.NFO,02/01/2024,11:39:58,0.4,0.4,69240,0.45,84840,880,883360
FINNIFTY02JAN2422150CE.NFO,02/01/2024,11:40:04,0.4,0.4,69240,0.45,84840,0,883360
FINNIFTY02JAN2422150CE.NFO,02/01/2024,11:40:10,0.4,0.4,69000,0.45,84840,240,883360
FINNIFTY02JAN2422150CE.NFO,02/01/2024,11:40:16,0.4,0.4,69000,0.45,84840,0,883360
FINNIFTY02JAN2422150CE.NFO,02/01/2024,11:40:35,0.4,0.4,68680,0.45,84840,320,883360
FINNIFTY02JAN2422150CE.NFO,02/01/2024,11:40:41,0.4,0.4,68480,0.45,84840,200,883360
FINNIFTY02JAN2422150CE.NFO,02/01/2024,11:40:47,0.4,0.4,68200,0.45,84840,0,883360
FINNIFTY02JAN2422150CE.NFO,02/01/2024,11:41:00,0.4,0.4,70000,0.45,81840,0,883360
FINNIFTY02JAN2422150CE.NFO,02/01/2024,11:41:14,0.4,0.4,71800,0.45,81840,0,883360
FINNIFTY02JAN2422150CE.NFO,02/01/2024,11:41:21,0.4,0.4,70160,0.45,81880,1640,883360
FINNIFTY02JAN2422150CE.NFO,02/01/2024,11:41:29,0.4,0.4,70600,0.45,81880,400,883360
FINNIFTY02JAN2422150CE.NFO,02/01/2024,11:41:37,0.4,0.4,68640,0.45,81000,2200,883360
FINNIFTY02JAN2422150CE.NFO,02/01/2024,11:41:46,0.4,0.4,62720,0.45,82080,6720,889240
FINNIFTY02JAN2422150CE.NFO,02/01/2024,11:41:55,0.45,0.4,62400,0.45,86760,1880,889240
FINNIFTY02JAN2422150CE.NFO,02/01/2024,11:42:03,0.45,0.4,63080,0.45,88160,360,889240
FINNIFTY02JAN2422150CE.NFO,02/01/2024,11:42:11,0.45,0.4,63080,0.45,93320,80,889240
FINNIFTY02JAN2422150CE.NFO,02/01/2024,11:42:19,0.45,0.4,62240,0.45,92760,240,889240
FINNIFTY02JAN2422150CE.NFO,02/01/2024,11:42:27,0.45,0.4,63120,0.45,91840,0,889240
FINNIFTY02JAN2422150CE.NFO,02/01/2024,11:42:34,0.45,0.4,61800,0.45,91480,1800,889240
FINNIFTY02JAN2422150CE.NFO,02/01/2024,11:42:41,0.45,0.4,52320,0.45,84880,10800,889240
FINNIFTY02JAN2422150CE.NFO,02/01/2024,11:42:48,0.45,0.4,51840,0.45,85120,240,889240
FINNIFTY02JAN2422150CE.NFO,02/01/2024,11:42:55,0.45,0.4,52360,0.45,85160,200,889240
FINNIFTY02JAN2422150CE.NFO,02/01/2024,11:43:03,0.45,0.4,52120,0.45,85000,160,889240
FINNIFTY02JAN2422150CE.NFO,02/01/2024,11:43:10,0.45,0.4,52160,0.45,85280,240,889240
FINNIFTY02JAN2422150CE.NFO,02/01/2024,11:43:16,0.45,0.4,53040,0.45,85120,120,889240
FINNIFTY02JAN2422150CE.NFO,02/01/2024,11:43:23,0.45,0.4,49000,0.45,84920,4600,889240
FINNIFTY02JAN2422150CE.NFO,02/01/2024,11:43:31,0.45,0.4,49920,0.45,84320,200,889240
FINNIFTY02JAN2422150CE.NFO,02/01/2024,11:43:38,0.45,0.4,53520,0.45,83400,120,889240
FINNIFTY02JAN2422150CE.NFO,02/01/2024,11:43:45,0.45,0.4,51800,0.45,83320,2480,889240
FINNIFTY02JAN2422150CE.NFO,02/01/2024,11:43:53,0.45,0.4,67560,0.45,83680,160,889240
FINNIFTY02JAN2422150CE.NFO,02/01/2024,11:44:01,0.45,0.4,67000,0.45,83160,1520,889240
FINNIFTY02JAN2422150CE.NFO,02/01/2024,11:44:09,0.45,0.4,67000,0.45,83520,0,889240
FINNIFTY02JAN2422150CE.NFO,02/01/2024,11:44:15,0.45,0.4,66960,0.45,83320,0,889240
FINNIFTY02JAN2422150CE.NFO,02/01/2024,11:44:37,0.45,0.4,67000,0.45,82920,0,889240
FINNIFTY02JAN2422150CE.NFO,02/01/2024,11:44:44,0.4,0.4,66680,0.45,83320,280,893720
FINNIFTY02JAN2422150CE.NFO,02/01/2024,11:45:03,0.4,0.4,64880,0.45,84160,0,893720
FINNIFTY02JAN2422150CE.NFO,02/01/2024,11:45:23,0.4,0.4,66680,0.45,85160,0,893720
FINNIFTY02JAN2422150CE.NFO,02/01/2024,11:45:38,0.4,0.4,64880,0.45,91120,0,893720
FINNIFTY02JAN2422150CE.NFO,02/01/2024,11:45:58,0.4,0.4,64720,0.45,91240,1280,893720
FINNIFTY02JAN2422150CE.NFO,02/01/2024,11:46:05,0.4,0.4,61440,0.45,90840,1480,893720
FINNIFTY02JAN2422150CE.NFO,02/01/2024,11:46:12,0.4,0.4,61200,0.45,90840,240,893720
FINNIFTY02JAN2422150CE.NFO,02/01/2024,11:46:18,0.4,0.4,58840,0.45,89720,0,893720
FINNIFTY02JAN2422150CE.NFO,02/01/2024,11:46:24,0.4,0.4,56240,0.45,89720,800,893720
FINNIFTY02JAN2422150CE.NFO,02/01/2024,11:46:30,0.4,0.35,113880,0.4,57920,47920,893720
FINNIFTY02JAN2422150CE.NFO,02/01/2024,11:46:37,0.4,0.35,121520,0.4,65360,0,893720
FINNIFTY02JAN2422150CE.NFO,02/01/2024,11:46:43,0.4,0.35,126320,0.4,67200,0,893720
FINNIFTY02JAN2422150CE.NFO,02/01/2024,11:46:50,0.4,0.35,126320,0.4,67720,400,893720
FINNIFTY02JAN2422150CE.NFO,02/01/2024,11:46:57,0.4,0.35,135320,0.4,67720,0,893720
FINNIFTY02JAN2422150CE.NFO,02/01/2024,11:47:04,0.4,0.35,135320,0.4,64120,0,893720
FINNIFTY02JAN2422150CE.NFO,02/01/2024,11:47:57,0.4,0.35,135720,0.4,69880,0,893720
FINNIFTY02JAN2422150CE.NFO,02/01/2024,11:48:29,0.4,0.35,134680,0.4,69480,0,893720
FINNIFTY02JAN2422150CE.NFO,02/01/2024,11:48:43,0.35,0.35,130080,0.4,69880,1000,899800
FINNIFTY02JAN2422150CE.NFO,02/01/2024,11:48:55,0.35,0.35,131120,0.4,69880,0,899800
FINNIFTY02JAN2422150CE.NFO,02/01/2024,11:49:01,0.35,0.35,131080,0.4,69480,0,899800
FINNIFTY02JAN2422150CE.NFO,02/01/2024,11:49:07,0.35,0.35,131120,0.4,69480,0,899800
FINNIFTY02JAN2422150CE.NFO,02/01/2024,11:49:13,0.35,0.35,131120,0.4,70480,0,899800
FINNIFTY02JAN2422150CE.NFO,02/01/2024,11:49:20,0.35,0.35,131120,0.4,70680,0,899800
FINNIFTY02JAN2422150CE.NFO,02/01/2024,11:49:27,0.35,0.35,131080,0.4,70680,0,899800
FINNIFTY02JAN2422150CE.NFO,02/01/2024,11:49:45,0.35,0.35,131120,0.4,71080,0,899800
FINNIFTY02JAN2422150CE.NFO,02/01/2024,11:49:51,0.35,0.35,125720,0.4,71080,0,899800
FINNIFTY02JAN2422150CE.NFO,02/01/2024,11:50:10,0.4,0.35,126240,0.4,70200,2000,899800
FINNIFTY02JAN2422150CE.NFO,02/01/2024,11:50:29,0.4,0.35,126200,0.4,70200,0,899800
FINNIFTY02JAN2422150CE.NFO,02/01/2024,11:50:41,0.35,0.35,126120,0.4,69800,120,899800
FINNIFTY02JAN2422150CE.NFO,02/01/2024,11:51:27,0.35,0.35,126120,0.4,69800,0,899800
FINNIFTY02JAN2422150CE.NFO,02/01/2024,11:51:59,0.4,0.35,126120,0.4,70040,400,899400
FINNIFTY02JAN2422150CE.NFO,02/01/2024,11:52:35,0.4,0.35,126080,0.4,70040,0,899400
FINNIFTY02JAN2422150CE.NFO,02/01/2024,11:52:42,0.4,0.35,126120,0.4,70040,0,899400
FINNIFTY02JAN2422150CE.NFO,02/01/2024,11:52:54,0.4,0.35,126120,0.4,69040,0,899400
FINNIFTY02JAN2422150CE.NFO,02/01/2024,11:53:07,0.4,0.35,126120,0.4,68640,400,899400
FINNIFTY02JAN2422150CE.NFO,02/01/2024,11:53:21,0.4,0.35,126120,0.4,69240,0,899400
FINNIFTY02JAN2422150CE.NFO,02/01/2024,11:53:42,0.4,0.35,126120,0.4,69160,0,899400
FINNIFTY02JAN2422150CE.NFO,02/01/2024,11:53:54,0.4,0.35,126080,0.4,69160,0,899400
FINNIFTY02JAN2422150CE.NFO,02/01/2024,11:54:00,0.35,0.35,125880,0.4,68960,200,898600
FINNIFTY02JAN2422150CE.NFO,02/01/2024,11:54:05,0.35,0.35,126760,0.4,68960,40,898600
FINNIFTY02JAN2422150CE.NFO,02/01/2024,11:54:17,0.35,0.35,122080,0.4,68080,640,898600
FINNIFTY02JAN2422150CE.NFO,02/01/2024,11:54:35,0.35,0.35,122080,0.4,68080,0,898600
FINNIFTY02JAN2422150CE.NFO,02/01/2024,11:54:42,0.35,0.35,122080,0.4,69480,0,898600
FINNIFTY02JAN2422150CE.NFO,02/01/2024,11:54:48,0.35,0.35,122080,0.4,69080,0,898600
FINNIFTY02JAN2422150CE.NFO,02/01/2024,11:54:59,0.4,0.35,122040,0.4,67840,280,898600
FINNIFTY02JAN2422150CE.NFO,02/01/2024,11:55:05,0.4,0.35,122040,0.4,69640,0,898600
FINNIFTY02JAN2422150CE.NFO,02/01/2024,11:55:10,0.4,0.35,122080,0.4,71240,0,898600
FINNIFTY02JAN2422150CE.NFO,02/01/2024,11:55:22,0.4,0.35,122040,0.4,72120,0,898600
FINNIFTY02JAN2422150CE.NFO,02/01/2024,11:55:27,0.4,0.35,122080,0.4,72120,0,898600
FINNIFTY02JAN2422150CE.NFO,02/01/2024,11:55:33,0.4,0.35,121160,0.4,71720,0,898600
FINNIFTY02JAN2422150CE.NFO,02/01/2024,11:55:38,0.4,0.35,121200,0.4,71720,0,898600
FINNIFTY02JAN2422150CE.NFO,02/01/2024,11:55:54,0.4,0.35,122080,0.4,71720,0,898600
FINNIFTY02JAN2422150CE.NFO,02/01/2024,11:56:00,0.4,0.35,122040,0.4,71720,0,898600
FINNIFTY02JAN2422150CE.NFO,02/01/2024,11:56:05,0.4,0.35,121200,0.4,71720,0,898600
FINNIFTY02JAN2422150CE.NFO,02/01/2024,11:56:16,0.4,0.35,121160,0.4,71720,0,898600
FINNIFTY02JAN2422150CE.NFO,02/01/2024,11:56:22,0.4,0.35,121200,0.4,71720,0,898600
FINNIFTY02JAN2422150CE.NFO,02/01/2024,11:56:27,0.4,0.35,121160,0.4,72720,0,898600
FINNIFTY02JAN2422150CE.NFO,02/01/2024,11:56:39,0.4,0.35,121200,0.4,72720,0,898600
FINNIFTY02JAN2422150CE.NFO,02/01/2024,11:56:44,0.4,0.35,121160,0.4,72720,0,898600
FINNIFTY02JAN2422150CE.NFO,02/01/2024,11:56:49,0.35,0.35,121120,0.4,72720,40,898800
FINNIFTY02JAN2422150CE.NFO,02/01/2024,11:57:00,0.35,0.35,121120,0.4,73720,0,898800
FINNIFTY02JAN2422150CE.NFO,02/01/2024,11:57:05,0.35,0.35,112120,0.4,73720,0,898800
FINNIFTY02JAN2422150CE.NFO,02/01/2024,11:57:36,0.4,0.35,112120,0.4,73000,720,898800
FINNIFTY02JAN2422150CE.NFO,02/01/2024,11:57:43,0.4,0.35,112120,0.4,72920,80,898800
FINNIFTY02JAN2422150CE.NFO,02/01/2024,11:58:16,0.4,0.35,112120,0.4,72920,0,898800
FINNIFTY02JAN2422150CE.NFO,02/01/2024,11:58:22,0.4,0.35,113000,0.4,75120,0,898800
FINNIFTY02JAN2422150CE.NFO,02/01/2024,11:58:29,0.35,0.35,112880,0.4,75520,120,898800
FINNIFTY02JAN2422150CE.NFO,02/01/2024,11:58:36,0.35,0.35,112840,0.4,75520,40,898800
FINNIFTY02JAN2422150CE.NFO,02/01/2024,11:58:42,0.35,0.35,112080,0.4,75520,760,898800
FINNIFTY02JAN2422150CE.NFO,02/01/2024,11:58:48,0.35,0.35,112000,0.4,72520,80,898800
FINNIFTY02JAN2422150CE.NFO,02/01/2024,11:58:53,0.35,0.35,111880,0.4,72120,120,898800
FINNIFTY02JAN2422150CE.NFO,02/01/2024,11:58:59,0.35,0.35,111760,0.4,72120,120,898800
FINNIFTY02JAN2422150CE.NFO,02/01/2024,11:59:05,0.35,0.35,111640,0.4,72520,120,898800
FINNIFTY02JAN2422150CE.NFO,02/01/2024,11:59:10,0.35,0.35,111600,0.4,72520,40,898800
FINNIFTY02JAN2422150CE.NFO,02/01/2024,11:59:16,0.35,0.35,111520,0.4,72520,80,898800
FINNIFTY02JAN2422150CE.NFO,02/01/2024,11:59:22,0.35,0.35,111400,0.4,72120,120,898800
FINNIFTY02JAN2422150CE.NFO,02/01/2024,11:59:27,0.35,0.35,111320,0.4,71520,80,898800
FINNIFTY02JAN2422150CE.NFO,02/01/2024,11:59:33,0.35,0.35,111240,0.4,71120,80,898800
FINNIFTY02JAN2422150CE.NFO,02/01/2024,11:59:38,0.35,0.35,111120,0.4,71520,120,898800
FINNIFTY02JAN2422150CE.NFO,02/01/2024,11:59:44,0.35,0.35,111040,0.4,71520,80,898800
FINNIFTY02JAN2422150CE.NFO,02/01/2024,11:59:50,0.35,0.35,110960,0.4,71520,80,898080
FINNIFTY02JAN2422150CE.NFO,02/01/2024,12:00:02,0.35,0.35,110960,0.4,71520,0,898080
FINNIFTY02JAN2422150CE.NFO,02/01/2024,12:00:43,0.35,0.35,112760,0.4,71520,0,898080
FINNIFTY02JAN2422150CE.NFO,02/01/2024,12:00:50,0.35,0.35,112480,0.4,71520,280,898080
FINNIFTY02JAN2422150CE.NFO,02/01/2024,12:01:04,0.35,0.35,112520,0.4,71520,0,898080
FINNIFTY02JAN2422150CE.NFO,02/01/2024,12:01:11,0.35,0.35,112440,0.4,71520,40,898080
FINNIFTY02JAN2422150CE.NFO,02/01/2024,12:01:37,0.35,0.35,112440,0.4,71520,0,898080
FINNIFTY02JAN2422150CE.NFO,02/01/2024,12:02:30,0.4,0.35,112680,0.4,69000,5400,898080
FINNIFTY02JAN2422150CE.NFO,02/01/2024,12:02:36,0.4,0.35,113280,0.4,68840,1800,898080
FINNIFTY02JAN2422150CE.NFO,02/01/2024,12:02:48,0.35,0.35,122200,0.4,70520,80,903000
FINNIFTY02JAN2422150CE.NFO,02/01/2024,12:03:00,0.35,0.35,122160,0.4,70520,40,903000
FINNIFTY02JAN2422150CE.NFO,02/01/2024,12:03:06,0.35,0.35,122120,0.4,70520,40,903000
FINNIFTY02JAN2422150CE.NFO,02/01/2024,12:03:13,0.35,0.35,122120,0.4,70920,0,903000
FINNIFTY02JAN2422150CE.NFO,02/01/2024,12:03:25,0.35,0.35,121160,0.4,71800,80,903000
FINNIFTY02JAN2422150CE.NFO,02/01/2024,12:03:32,0.35,0.35,121120,0.4,71800,40,903000
FINNIFTY02JAN2422150CE.NFO,02/01/2024,12:03:37,0.35,0.35,121120,0.4,72600,0,903000
FINNIFTY02JAN2422150CE.NFO,02/01/2024,12:03:52,0.35,0.35,121120,0.4,73000,0,903000
FINNIFTY02JAN2422150CE.NFO,02/01/2024,12:04:04,0.35,0.35,119320,0.4,73000,0,903000
FINNIFTY02JAN2422150CE.NFO,02/01/2024,12:04:23,0.35,0.35,119280,0.4,73000,40,903000
FINNIFTY02JAN2422150CE.NFO,02/01/2024,12:04:31,0.35,0.35,120000,0.4,72120,160,903000
FINNIFTY02JAN2422150CE.NFO,02/01/2024,12:04:38,0.35,0.35,118920,0.4,73000,200,903000
FINNIFTY02JAN2422150CE.NFO,02/01/2024,12:04:44,0.35,0.35,118800,0.4,73000,120,903000
FINNIFTY02JAN2422150CE.NFO,02/01/2024,12:04:50,0.35,0.35,118680,0.4,73000,120,903000
FINNIFTY02JAN2422150CE.NFO,02/01/2024,12:04:56,0.35,0.35,118640,0.4,73000,40,903000
FINNIFTY02JAN2422150CE.NFO,02/01/2024,12:05:03,0.35,0.35,118520,0.4,73000,120,903000
FINNIFTY02JAN2422150CE.NFO,02/01/2024,12:05:09,0.35,0.35,118480,0.4,73000,40,903000
FINNIFTY02JAN2422150CE.NFO,02/01/2024,12:05:23,0.35,0.35,113640,0.4,72920,320,903000
FINNIFTY02JAN2422150CE.NFO,02/01/2024,12:05:30,0.35,0.35,113640,0.4,72920,0,903000
FINNIFTY02JAN2422150CE.NFO,02/01/2024,12:05:48,0.4,0.35,113640,0.4,72880,40,903080
FINNIFTY02JAN2422150CE.NFO,02/01/2024,12:06:06,0.4,0.35,115240,0.4,72880,0,903080
FINNIFTY02JAN2422150CE.NFO,02/01/2024,12:06:44,0.35,0.35,115200,0.4,72880,40,903080
FINNIFTY02JAN2422150CE.NFO,02/01/2024,12:07:17,0.35,0.35,115200,0.4,72880,0,903080
FINNIFTY02JAN2422150CE.NFO,02/01/2024,12:07:29,0.35,0.35,114640,0.4,72880,560,903080
FINNIFTY02JAN2422150CE.NFO,02/01/2024,12:07:35,0.35,0.35,105640,0.4,72880,0,903080
FINNIFTY02JAN2422150CE.NFO,02/01/2024,12:07:42,0.35,0.35,48040,0.4,72880,0,903080
FINNIFTY02JAN2422150CE.NFO,02/01/2024,12:07:48,0.35,0.35,46840,0.4,72880,1200,903080
FINNIFTY02JAN2422150CE.NFO,02/01/2024,12:07:55,0.35,0.35,46840,0.4,72880,0,903080
FINNIFTY02JAN2422150CE.NFO,02/01/2024,12:08:08,0.35,0.35,45640,0.4,72880,1200,903080
FINNIFTY02JAN2422150CE.NFO,02/01/2024,12:08:15,0.35,0.35,45640,0.4,72880,0,903080
FINNIFTY02JAN2422150CE.NFO,02/01/2024,12:08:21,0.4,0.35,50800,0.4,70840,7200,903080
FINNIFTY02JAN2422150CE.NFO,02/01/2024,12:08:28,0.35,0.35,50560,0.4,70840,240,903080
FINNIFTY02JAN2422150CE.NFO,02/01/2024,12:08:40,0.35,0.35,48320,0.4,70840,640,903080
FINNIFTY02JAN2422150CE.NFO,02/01/2024,12:09:08,0.35,0.35,49360,0.4,69880,0,903080
FINNIFTY02JAN2422150CE.NFO,02/01/2024,12:09:20,0.35,0.35,49400,0.4,70160,440,911200
FINNIFTY02JAN2422150CE.NFO,02/01/2024,12:09:53,0.35,0.35,51920,0.4,74480,0,911200
FINNIFTY02JAN2422150CE.NFO,02/01/2024,12:10:09,0.35,0.35,51800,0.4,74480,120,911200
FINNIFTY02JAN2422150CE.NFO,02/01/2024,12:10:17,0.35,0.35,51480,0.4,74080,320,911200
FINNIFTY02JAN2422150CE.NFO,02/01/2024,12:10:25,0.35,0.35,50080,0.4,74080,1400,911200
FINNIFTY02JAN2422150CE.NFO,02/01/2024,12:10:40,0.35,0.35,50080,0.4,74080,0,911200
FINNIFTY02JAN2422150CE.NFO,02/01/2024,12:10:54,0.35,0.35,49080,0.4,74080,1000,911200
FINNIFTY02JAN2422150CE.NFO,02/01/2024,12:11:09,0.35,0.35,48840,0.4,74080,240,911200
FINNIFTY02JAN2422150CE.NFO,02/01/2024,12:11:23,0.35,0.35,48800,0.4,74080,40,911200
FINNIFTY02JAN2422150CE.NFO,02/01/2024,12:12:18,0.35,0.35,48800,0.4,74080,0,911200
FINNIFTY02JAN2422150CE.NFO,02/01/2024,12:13:18,0.35,0.35,48800,0.4,78080,0,911200
FINNIFTY02JAN2422150CE.NFO,02/01/2024,12:13:42,0.35,0.35,48760,0.4,78080,40,913480
FINNIFTY02JAN2422150CE.NFO,02/01/2024,12:14:03,0.35,0.35,48760,0.4,78080,0,913480
FINNIFTY02JAN2422150CE.NFO,02/01/2024,12:14:17,0.35,0.35,48680,0.4,78080,80,913480
FINNIFTY02JAN2422150CE.NFO,02/01/2024,12:14:30,0.35,0.35,48680,0.4,78080,0,913480
FINNIFTY02JAN2422150CE.NFO,02/01/2024,12:14:42,0.35,0.35,45720,0.4,78080,1800,913480
FINNIFTY02JAN2422150CE.NFO,02/01/2024,12:14:48,0.35,0.35,43920,0.4,76280,1800,915400
FINNIFTY02JAN2422150CE.NFO,02/01/2024,12:14:55,0.35,0.35,44640,0.4,76280,0,915400
FINNIFTY02JAN2422150CE.NFO,02/01/2024,12:15:07,0.4,0.35,43840,0.4,75560,800,915400
FINNIFTY02JAN2422150CE.NFO,02/01/2024,12:15:19,0.4,0.35,43880,0.4,77000,0,915400
FINNIFTY02JAN2422150CE.NFO,02/01/2024,12:15:25,0.35,0.35,42080,0.4,76040,1800,915400
FINNIFTY02JAN2422150CE.NFO,02/01/2024,12:15:32,0.35,0.35,41880,0.4,76040,200,915400
FINNIFTY02JAN2422150CE.NFO,02/01/2024,12:15:39,0.35,0.35,40880,0.4,76040,1000,915400
FINNIFTY02JAN2422150CE.NFO,02/01/2024,12:16:36,0.35,0.35,41280,0.4,76040,640,915400
FINNIFTY02JAN2422150CE.NFO,02/01/2024,12:16:43,0.4,0.35,41800,0.4,78160,3360,915400
FINNIFTY02JAN2422150CE.NFO,02/01/2024,12:17:05,0.35,0.35,42680,0.4,77160,1040,915400
FINNIFTY02JAN2422150CE.NFO,02/01/2024,12:17:14,0.35,0.35,48000,0.4,76040,2160,915400
FINNIFTY02JAN2422150CE.NFO,02/01/2024,12:17:22,0.35,0.35,48000,0.4,76440,0,915400
FINNIFTY02JAN2422150CE.NFO,02/01/2024,12:17:31,0.4,0.35,47960,0.4,75880,200,915400
FINNIFTY02JAN2422150CE.NFO,02/01/2024,12:17:39,0.35,0.35,49080,0.4,76080,600,915400
FINNIFTY02JAN2422150CE.NFO,02/01/2024,12:17:48,0.35,0.35,49080,0.4,76080,0,915400
FINNIFTY02JAN2422150CE.NFO,02/01/2024,12:17:55,0.4,0.35,49080,0.4,77400,400,919720
FINNIFTY02JAN2422150CE.NFO,02/01/2024,12:18:03,0.4,0.35,49080,0.4,77400,0,919720
FINNIFTY02JAN2422150CE.NFO,02/01/2024,12:18:26,0.35,0.35,48960,0.4,76920,120,919720
FINNIFTY02JAN2422150CE.NFO,02/01/2024,12:18:33,0.35,0.35,48760,0.4,76080,0,919720
FINNIFTY02JAN2422150CE.NFO,02/01/2024,12:19:03,0.35,0.35,48960,0.4,76960,840,919720
FINNIFTY02JAN2422150CE.NFO,02/01/2024,12:19:18,0.35,0.35,48960,0.4,74720,0,919720
FINNIFTY02JAN2422150CE.NFO,02/01/2024,12:19:42,0.35,0.35,48920,0.4,75760,40,919720
FINNIFTY02JAN2422150CE.NFO,02/01/2024,12:19:50,0.4,0.35,48920,0.4,76160,200,919720
FINNIFTY02JAN2422150CE.NFO,02/01/2024,12:19:58,0.4,0.35,48920,0.4,76280,0,919720
FINNIFTY02JAN2422150CE.NFO,02/01/2024,12:20:26,0.4,0.35,48920,0.4,75400,0,919720
FINNIFTY02JAN2422150CE.NFO,02/01/2024,12:20:33,0.4,0.35,53720,0.4,69040,14000,919720
FINNIFTY02JAN2422150CE.NFO,02/01/2024,12:21:06,0.4,0.35,54600,0.4,68160,0,919720
FINNIFTY02JAN2422150CE.NFO,02/01/2024,12:21:27,0.4,0.35,54600,0.4,68920,0,919720
FINNIFTY02JAN2422150CE.NFO,02/01/2024,12:21:34,0.4,0.35,54600,0.4,70160,0,919720
FINNIFTY02JAN2422150CE.NFO,02/01/2024,12:21:42,0.4,0.35,56400,0.4,72160,0,919720
FINNIFTY02JAN2422150CE.NFO,02/01/2024,12:21:49,0.4,0.35,56400,0.4,72360,0,919720
FINNIFTY02JAN2422150CE.NFO,02/01/2024,12:21:56,0.4,0.35,56400,0.4,72560,0,919720
FINNIFTY02JAN2422150CE.NFO,02/01/2024,12:22:02,0.4,0.35,56400,0.4,72600,160,921320
FINNIFTY02JAN2422150CE.NFO,02/01/2024,12:22:10,0.4,0.35,57200,0.4,72560,40,921320
FINNIFTY02JAN2422150CE.NFO,02/01/2024,12:22:18,0.4,0.35,57200,0.4,72560,0,921320
FINNIFTY02JAN2422150CE.NFO,02/01/2024,12:22:25,0.4,0.35,58200,0.4,74720,0,921320
FINNIFTY02JAN2422150CE.NFO,02/01/2024,12:22:58,0.35,0.35,58120,0.4,75360,80,921320
FINNIFTY02JAN2422150CE.NFO,02/01/2024,12:23:05,0.35,0.35,58120,0.4,75360,0,921320
FINNIFTY02JAN2422150CE.NFO,02/01/2024,12:23:12,0.35,0.35,67880,0.4,78440,18000,921320
FINNIFTY02JAN2422150CE.NFO,02/01/2024,12:23:45,0.35,0.35,70680,0.4,78040,1200,921320
FINNIFTY02JAN2422150CE.NFO,02/01/2024,12:23:57,0.35,0.35,70680,0.4,78040,0,921320
FINNIFTY02JAN2422150CE.NFO,02/01/2024,12:24:02,0.35,0.35,71080,0.4,78040,2000,921520
FINNIFTY02JAN2422150CE.NFO,02/01/2024,12:24:34,0.35,0.35,71080,0.4,78040,0,921520
FINNIFTY02JAN2422150CE.NFO,02/01/2024,12:24:59,0.4,0.35,71080,0.4,78040,200,921520
FINNIFTY02JAN2422150CE.NFO,02/01/2024,12:25:11,0.4,0.35,70840,0.4,77440,1000,921520
FINNIFTY02JAN2422150CE.NFO,02/01/2024,12:25:25,0.4,0.35,70840,0.4,78320,0,921520
FINNIFTY02JAN2422150CE.NFO,02/01/2024,12:25:32,0.4,0.35,70840,0.4,77440,0,921520
FINNIFTY02JAN2422150CE.NFO,02/01/2024,12:26:36,0.4,0.35,69680,0.4,80280,5400,921520
FINNIFTY02JAN2422150CE.NFO,02/01/2024,12:26:42,0.4,0.35,59560,0.4,83120,30600,921520
FINNIFTY02JAN2422150CE.NFO,02/01/2024,12:26:47,0.4,0.35,59560,0.4,78120,5000,921520
FINNIFTY02JAN2422150CE.NFO,02/01/2024,12:26:53,0.4,0.35,59560,0.4,79240,5400,940840
FINNIFTY02JAN2422150CE.NFO,02/01/2024,12:26:59,0.4,0.35,60440,0.4,88880,4400,940840
FINNIFTY02JAN2422150CE.NFO,02/01/2024,12:27:05,0.4,0.35,60480,0.4,85680,3200,940840
FINNIFTY02JAN2422150CE.NFO,02/01/2024,12:27:17,0.4,0.35,59480,0.4,88560,2000,940840
FINNIFTY02JAN2422150CE.NFO,02/01/2024,12:27:36,0.4,0.35,62680,0.4,87760,800,940840
FINNIFTY02JAN2422150CE.NFO,02/01/2024,12:27:41,0.4,0.35,62680,0.4,87560,0,940840
FINNIFTY02JAN2422150CE.NFO,02/01/2024,12:27:48,0.4,0.35,62680,0.4,88200,160,940840
FINNIFTY02JAN2422150CE.NFO,02/01/2024,12:27:55,0.4,0.35,62040,0.4,87320,4000,940840
FINNIFTY02JAN2422150CE.NFO,02/01/2024,12:28:02,0.4,0.35,62040,0.4,87320,0,940840
FINNIFTY02JAN2422150CE.NFO,02/01/2024,12:28:07,0.35,0.35,60240,0.4,88800,2000,940840
FINNIFTY02JAN2422150CE.NFO,02/01/2024,12:28:14,0.4,0.35,59640,0.4,87400,2000,940840
FINNIFTY02JAN2422150CE.NFO,02/01/2024,12:28:21,0.4,0.35,59640,0.4,87680,600,940840
FINNIFTY02JAN2422150CE.NFO,02/01/2024,12:28:27,0.4,0.35,58760,0.4,88840,0,940840
FINNIFTY02JAN2422150CE.NFO,02/01/2024,12:28:34,0.4,0.35,58560,0.4,88640,400,940840
FINNIFTY02JAN2422150CE.NFO,02/01/2024,12:28:39,0.35,0.35,56680,0.4,97280,3280,940840
FINNIFTY02JAN2422150CE.NFO,02/01/2024,12:28:46,0.4,0.35,54680,0.4,96120,2800,940840
FINNIFTY02JAN2422150CE.NFO,02/01/2024,12:28:52,0.4,0.35,55720,0.4,95520,3000,940840
FINNIFTY02JAN2422150CE.NFO,02/01/2024,12:28:58,0.4,0.35,55200,0.4,96000,1880,940840
FINNIFTY02JAN2422150CE.NFO,02/01/2024,12:29:04,0.35,0.35,54840,0.4,95600,1200,940840
FINNIFTY02JAN2422150CE.NFO,02/01/2024,12:29:11,0.35,0.3,207840,0.35,97120,68880,940840
FINNIFTY02JAN2422150CE.NFO,02/01/2024,12:29:18,0.35,0.3,208760,0.35,99400,9960,940840
FINNIFTY02JAN2422150CE.NFO,02/01/2024,12:29:24,0.35,0.3,208760,0.35,102880,520,940840
FINNIFTY02JAN2422150CE.NFO,02/01/2024,12:29:30,0.3,0.3,208680,0.35,102880,80,940840
FINNIFTY02JAN2422150CE.NFO,02/01/2024,12:29:36,0.35,0.3,241160,0.35,102000,8000,940840
FINNIFTY02JAN2422150CE.NFO,02/01/2024,12:29:42,0.35,0.3,241160,0.35,102240,720,940840
FINNIFTY02JAN2422150CE.NFO,02/01/2024,12:29:48,0.35,0.3,241280,0.35,100840,2000,940840
FINNIFTY02JAN2422150CE.NFO,02/01/2024,12:30:00,0.35,0.3,241280,0.35,101800,200,939200
FINNIFTY02JAN2422150CE.NFO,02/01/2024,12:30:12,0.35,0.3,240840,0.35,95480,11840,939200
FINNIFTY02JAN2422150CE.NFO,02/01/2024,12:30:24,0.35,0.3,240840,0.35,94760,720,939200
FINNIFTY02JAN2422150CE.NFO,02/01/2024,12:30:30,0.35,0.3,240840,0.35,94760,0,939200
FINNIFTY02JAN2422150CE.NFO,02/01/2024,12:30:36,0.35,0.3,233640,0.35,93960,800,939200
FINNIFTY02JAN2422150CE.NFO,02/01/2024,12:30:41,0.35,0.3,232320,0.35,93720,1560,939200
FINNIFTY02JAN2422150CE.NFO,02/01/2024,12:30:53,0.35,0.3,232320,0.35,93720,0,939200
FINNIFTY02JAN2422150CE.NFO,02/01/2024,12:31:05,0.35,0.3,232320,0.35,93560,160,939200
FINNIFTY02JAN2422150CE.NFO,02/01/2024,12:31:11,0.35,0.3,232280,0.35,93560,0,939200
FINNIFTY02JAN2422150CE.NFO,02/01/2024,12:31:25,0.35,0.3,232320,0.35,93160,400,939200
FINNIFTY02JAN2422150CE.NFO,02/01/2024,12:31:37,0.35,0.3,231880,0.35,94680,840,939200
FINNIFTY02JAN2422150CE.NFO,02/01/2024,12:32:06,0.35,0.3,231880,0.35,94000,680,939200
FINNIFTY02JAN2422150CE.NFO,02/01/2024,12:32:11,0.35,0.3,231880,0.35,94000,0,939200
FINNIFTY02JAN2422150CE.NFO,02/01/2024,12:32:17,0.35,0.3,231880,0.35,90000,4000,939200
FINNIFTY02JAN2422150CE.NFO,02/01/2024,12:32:29,0.35,0.3,231880,0.35,88040,2000,939200
FINNIFTY02JAN2422150CE.NFO,02/01/2024,12:32:34,0.35,0.3,231880,0.35,86520,2000,939200
FINNIFTY02JAN2422150CE.NFO,02/01/2024,12:32:46,0.35,0.3,222880,0.35,87440,200,939200
FINNIFTY02JAN2422150CE.NFO,02/01/2024,12:32:51,0.35,0.3,222880,0.35,84880,3200,939200
FINNIFTY02JAN2422150CE.NFO,02/01/2024,12:32:57,0.35,0.3,222880,0.35,84480,1800,940600
FINNIFTY02JAN2422150CE.NFO,02/01/2024,12:33:08,0.35,0.3,222880,0.35,84840,40,940600
