Ticker,Date,Time,LTP,BuyPrice,BuyQty,SellPrice,SellQty,LTQ,OpenInterest
FINNIFTY02JAN2421700PE.NFO,02/01/2024,09:15:02,282.35,280.25,80,286,40,120,72560
FINNIFTY02JAN2421700PE.NFO,02/01/2024,09:15:02,274.35,280.25,80,286,40,0,72560
FINNIFTY02JAN2421700PE.NFO,02/01/2024,09:15:02,282.35,280.25,80,286,40,0,72560
FINNIFTY02JAN2421700PE.NFO,02/01/2024,09:15:02,274.35,280.25,80,286,40,0,72560
FINNIFTY02JAN2421700PE.NFO,02/01/2024,09:15:03,286.15,284.5,80,287.55,120,400,72560
FINNIFTY02JAN2421700PE.NFO,02/01/2024,09:15:03,286.15,284.5,80,287.55,120,0,72560
FINNIFTY02JAN2421700PE.NFO,02/01/2024,09:15:04,304.5,292.65,80,297.45,40,320,72560
FINNIFTY02JAN2421700PE.NFO,02/01/2024,09:15:04,304.5,292.65,80,297.45,40,0,72560
FINNIFTY02JAN2421700PE.NFO,02/01/2024,09:15:05,290.2,279.75,80,285.15,40,120,72560
FINNIFTY02JAN2421700PE.NFO,02/01/2024,09:15:06,288.7,283.8,40,287.2,40,120,72560
FINNIFTY02JAN2421700PE.NFO,02/01/2024,09:15:06,288.7,283.55,40,286.4,40,0,72560
FINNIFTY02JAN2421700PE.NFO,02/01/2024,09:15:07,287.9,288.35,200,290.65,120,280,72560
FINNIFTY02JAN2421700PE.NFO,02/01/2024,09:15:08,288.4,286.55,120,288.9,1280,80,72560
FINNIFTY02JAN2421700PE.NFO,02/01/2024,09:15:09,290.9,292.8,40,294.85,40,40,72560
FINNIFTY02JAN2421700PE.NFO,02/01/2024,09:15:10,296.55,296.7,40,299.2,280,440,72560
FINNIFTY02JAN2421700PE.NFO,02/01/2024,09:15:12,294.35,294.2,40,296.1,400,80,72560
FINNIFTY02JAN2421700PE.NFO,02/01/2024,09:15:13,296.1,293.4,280,295.4,120,40,72560
FINNIFTY02JAN2421700PE.NFO,02/01/2024,09:15:14,296.1,293.05,80,294.8,480,0,72560
FINNIFTY02JAN2421700PE.NFO,02/01/2024,09:15:15,294.65,294.6,200,296.15,40,1160,72560
FINNIFTY02JAN2421700PE.NFO,02/01/2024,09:15:16,296.55,295.85,80,297.85,280,120,72560
FINNIFTY02JAN2421700PE.NFO,02/01/2024,09:15:16,296.55,296.3,200,298.2,40,0,72560
FINNIFTY02JAN2421700PE.NFO,02/01/2024,09:15:17,295.6,294.55,40,296.25,160,120,72560
FINNIFTY02JAN2421700PE.NFO,02/01/2024,09:15:18,292.55,291.25,280,293.3,160,400,72560
FINNIFTY02JAN2421700PE.NFO,02/01/2024,09:15:19,290.9,290.15,400,292,160,40,72560
FINNIFTY02JAN2421700PE.NFO,02/01/2024,09:15:21,292.95,292.45,80,294,80,400,72560
FINNIFTY02JAN2421700PE.NFO,02/01/2024,09:15:22,295.3,293.9,400,295.7,80,10800,72560
FINNIFTY02JAN2421700PE.NFO,02/01/2024,09:15:23,295,293.5,40,295,120,7400,72560
FINNIFTY02JAN2421700PE.NFO,02/01/2024,09:15:23,295,294.3,400,295.65,40,0,72560
FINNIFTY02JAN2421700PE.NFO,02/01/2024,09:15:24,295,294.55,440,295.75,40,0,72560
FINNIFTY02JAN2421700PE.NFO,02/01/2024,09:15:26,295,294,560,295.35,160,0,72560
FINNIFTY02JAN2421700PE.NFO,02/01/2024,09:15:27,295.8,294.95,400,296,40,480,72560
FINNIFTY02JAN2421700PE.NFO,02/01/2024,09:15:28,295,293.7,200,294.9,280,40,72560
FINNIFTY02JAN2421700PE.NFO,02/01/2024,09:15:29,295,292.8,400,293.8,40,0,72560
FINNIFTY02JAN2421700PE.NFO,02/01/2024,09:15:30,292,292.4,320,293.6,40,80,72560
FINNIFTY02JAN2421700PE.NFO,02/01/2024,09:15:30,292,291.15,360,292.35,40,0,72560
FINNIFTY02JAN2421700PE.NFO,02/01/2024,09:15:31,292,291.4,320,292.7,40,0,72560
FINNIFTY02JAN2421700PE.NFO,02/01/2024,09:15:33,292,291.95,320,292.9,280,0,72560
FINNIFTY02JAN2421700PE.NFO,02/01/2024,09:15:34,292,292.95,400,293.85,40,0,72560
FINNIFTY02JAN2421700PE.NFO,02/01/2024,09:15:35,292,293.5,360,294.45,80,0,72560
FINNIFTY02JAN2421700PE.NFO,02/01/2024,09:15:36,294.35,293.6,320,294.35,40,40,72560
FINNIFTY02JAN2421700PE.NFO,02/01/2024,09:15:37,293.05,292.4,160,293.6,40,280,72560
FINNIFTY02JAN2421700PE.NFO,02/01/2024,09:15:37,293.05,292.75,200,294,160,0,72560
FINNIFTY02JAN2421700PE.NFO,02/01/2024,09:15:38,293.05,292.05,80,293.25,560,0,72560
FINNIFTY02JAN2421700PE.NFO,02/01/2024,09:15:40,290.9,290.2,160,291.1,40,800,72560
FINNIFTY02JAN2421700PE.NFO,02/01/2024,09:15:41,290.9,290.2,160,291.3,80,0,72560
FINNIFTY02JAN2421700PE.NFO,02/01/2024,09:15:42,290.9,290.25,200,291.45,40,0,72560
FINNIFTY02JAN2421700PE.NFO,02/01/2024,09:15:43,291.45,290.35,360,291.45,200,40,72560
FINNIFTY02JAN2421700PE.NFO,02/01/2024,09:15:44,289.85,288.85,200,289.95,120,40,72560
FINNIFTY02JAN2421700PE.NFO,02/01/2024,09:15:44,289.85,289.35,80,290.45,120,0,72560
FINNIFTY02JAN2421700PE.NFO,02/01/2024,09:15:45,289.5,288.8,160,289.8,40,40,72560
FINNIFTY02JAN2421700PE.NFO,02/01/2024,09:15:47,289.5,289.55,160,290.6,40,0,72560
FINNIFTY02JAN2421700PE.NFO,02/01/2024,09:15:48,290.35,290.35,120,291.45,40,40,72560
FINNIFTY02JAN2421700PE.NFO,02/01/2024,09:15:49,291.3,292.1,360,293.05,80,40,72560
FINNIFTY02JAN2421700PE.NFO,02/01/2024,09:15:50,291.3,292.95,80,293.95,80,0,72560
FINNIFTY02JAN2421700PE.NFO,02/01/2024,09:15:51,291.3,292.15,80,293.3,120,0,72560
FINNIFTY02JAN2421700PE.NFO,02/01/2024,09:15:51,291.3,292.2,200,293.45,320,0,72560
FINNIFTY02JAN2421700PE.NFO,02/01/2024,09:15:53,292,292.15,80,293.2,80,280,72560
FINNIFTY02JAN2421700PE.NFO,02/01/2024,09:15:54,294,292.4,40,293.3,40,40,72560
FINNIFTY02JAN2421700PE.NFO,02/01/2024,09:15:55,294,292.55,160,293.7,40,0,72560
FINNIFTY02JAN2421700PE.NFO,02/01/2024,09:15:56,292.1,294.05,80,294.95,80,40,72560
FINNIFTY02JAN2421700PE.NFO,02/01/2024,09:15:57,294,293.3,80,294.2,40,40,72560
FINNIFTY02JAN2421700PE.NFO,02/01/2024,09:15:58,294,293.9,80,294.85,40,0,72560
FINNIFTY02JAN2421700PE.NFO,02/01/2024,09:15:58,294,293.7,200,294.7,80,0,72560
FINNIFTY02JAN2421700PE.NFO,02/01/2024,09:15:59,294,292.35,80,293.3,80,0,72560
FINNIFTY02JAN2421700PE.NFO,02/01/2024,09:16:01,294,292.5,640,293.45,80,0,72560
FINNIFTY02JAN2421700PE.NFO,02/01/2024,09:16:02,294,292.15,80,293,560,0,72560
FINNIFTY02JAN2421700PE.NFO,02/01/2024,09:16:03,294,291.8,560,292.6,200,0,72560
FINNIFTY02JAN2421700PE.NFO,02/01/2024,09:16:04,294,291.75,120,292.35,560,0,72560
FINNIFTY02JAN2421700PE.NFO,02/01/2024,09:16:05,292.35,290.5,40,291.5,120,40,72560
FINNIFTY02JAN2421700PE.NFO,02/01/2024,09:16:05,292.35,290.15,40,291.1,160,0,72560
FINNIFTY02JAN2421700PE.NFO,02/01/2024,09:16:07,289.8,287.35,560,288.45,40,1000,72560
FINNIFTY02JAN2421700PE.NFO,02/01/2024,09:16:08,286.2,286.4,840,287.5,560,200,72560
FINNIFTY02JAN2421700PE.NFO,02/01/2024,09:16:09,287.6,287.2,200,288.15,200,40,72560
FINNIFTY02JAN2421700PE.NFO,02/01/2024,09:16:10,288.5,288,760,288.85,40,200,72560
FINNIFTY02JAN2421700PE.NFO,02/01/2024,09:16:11,288.5,288.1,120,289.15,40,0,72560
FINNIFTY02JAN2421700PE.NFO,02/01/2024,09:16:11,288.5,288.4,200,289.55,200,0,72560
FINNIFTY02JAN2421700PE.NFO,02/01/2024,09:16:12,290.05,287.8,240,288.65,560,400,72560
FINNIFTY02JAN2421700PE.NFO,02/01/2024,09:16:14,288.25,288.45,240,289.35,40,40,72560
FINNIFTY02JAN2421700PE.NFO,02/01/2024,09:16:15,288.25,289.95,120,290.85,560,0,72560
FINNIFTY02JAN2421700PE.NFO,02/01/2024,09:16:16,289.65,290.25,40,291.35,40,1680,72560
FINNIFTY02JAN2421700PE.NFO,02/01/2024,09:16:17,290.45,290.3,80,291.15,560,200,72560
FINNIFTY02JAN2421700PE.NFO,02/01/2024,09:16:18,290.45,290.65,40,291.5,200,0,72560
FINNIFTY02JAN2421700PE.NFO,02/01/2024,09:16:19,291.55,291.05,40,291.85,200,40,72560
FINNIFTY02JAN2421700PE.NFO,02/01/2024,09:16:19,291.55,291.6,280,292.35,40,0,72560
FINNIFTY02JAN2421700PE.NFO,02/01/2024,09:16:21,291.55,292.2,560,293.05,40,0,72560
FINNIFTY02JAN2421700PE.NFO,02/01/2024,09:16:22,291.55,294.05,600,294.85,40,0,72560
FINNIFTY02JAN2421700PE.NFO,02/01/2024,09:16:23,295,293.9,560,294.8,680,80,72560
FINNIFTY02JAN2421700PE.NFO,02/01/2024,09:16:24,295,294.3,560,295.1,560,0,72560
FINNIFTY02JAN2421700PE.NFO,02/01/2024,09:16:25,295,295.15,560,296.05,40,0,72560
FINNIFTY02JAN2421700PE.NFO,02/01/2024,09:16:26,295.8,295.8,200,296.55,600,80,72560
FINNIFTY02JAN2421700PE.NFO,02/01/2024,09:16:26,295.8,296.1,600,297,40,0,72560
FINNIFTY02JAN2421700PE.NFO,02/01/2024,09:16:27,295.8,296.05,560,296.95,560,440,72560
FINNIFTY02JAN2421700PE.NFO,02/01/2024,09:16:29,297.15,295.85,560,296.65,560,40,72560
FINNIFTY02JAN2421700PE.NFO,02/01/2024,09:16:30,294.8,293.8,560,294.7,560,800,72560
FINNIFTY02JAN2421700PE.NFO,02/01/2024,09:16:31,293.6,293.7,560,294.5,120,200,72560
FINNIFTY02JAN2421700PE.NFO,02/01/2024,09:16:32,293.6,294.95,560,295.8,680,0,72560
FINNIFTY02JAN2421700PE.NFO,02/01/2024,09:16:33,293.6,295.45,200,296.05,40,0,72560
FINNIFTY02JAN2421700PE.NFO,02/01/2024,09:16:33,293.6,295.55,680,296.05,40,0,72560
FINNIFTY02JAN2421700PE.NFO,02/01/2024,09:16:34,293.6,295.3,560,296.05,40,0,72560
FINNIFTY02JAN2421700PE.NFO,02/01/2024,09:16:36,293.6,293.75,560,294.6,560,0,72560
FINNIFTY02JAN2421700PE.NFO,02/01/2024,09:16:37,293.6,294.35,560,295.2,320,0,72560
FINNIFTY02JAN2421700PE.NFO,02/01/2024,09:16:38,293.6,295.4,600,296.05,40,0,72560
FINNIFTY02JAN2421700PE.NFO,02/01/2024,09:16:39,295.65,295.5,600,296.05,40,200,72560
FINNIFTY02JAN2421700PE.NFO,02/01/2024,09:16:40,295.65,294.85,600,295.75,560,0,72560
FINNIFTY02JAN2421700PE.NFO,02/01/2024,09:16:41,295.65,294.05,80,294.9,560,0,72560
FINNIFTY02JAN2421700PE.NFO,02/01/2024,09:16:41,295.65,294.35,80,295,560,0,72560
FINNIFTY02JAN2421700PE.NFO,02/01/2024,09:16:42,294.8,293.8,560,294.7,40,40,72560
FINNIFTY02JAN2421700PE.NFO,02/01/2024,09:16:44,294.8,293.65,40,294.55,40,0,72560
FINNIFTY02JAN2421700PE.NFO,02/01/2024,09:16:45,292.7,290.5,560,291.35,600,120,72560
FINNIFTY02JAN2421700PE.NFO,02/01/2024,09:16:46,290.5,290.9,560,291.65,40,200,72560
FINNIFTY02JAN2421700PE.NFO,02/01/2024,09:16:47,290.5,290.4,680,291.25,560,0,72560
FINNIFTY02JAN2421700PE.NFO,02/01/2024,09:16:48,290.5,289.65,560,290.6,680,0,72560
FINNIFTY02JAN2421700PE.NFO,02/01/2024,09:16:48,290.5,289.4,160,290.4,760,0,72560
FINNIFTY02JAN2421700PE.NFO,02/01/2024,09:16:49,290.5,288.55,240,289.45,120,0,72560
FINNIFTY02JAN2421700PE.NFO,02/01/2024,09:16:51,290.5,289.95,1000,290.85,40,0,72560
FINNIFTY02JAN2421700PE.NFO,02/01/2024,09:16:52,290.5,289.4,600,290.25,560,0,72560
FINNIFTY02JAN2421700PE.NFO,02/01/2024,09:16:53,290.5,290.75,400,291.5,560,0,72560
FINNIFTY02JAN2421700PE.NFO,02/01/2024,09:16:54,290.5,291.9,400,292.65,560,0,72560
FINNIFTY02JAN2421700PE.NFO,02/01/2024,09:16:55,292.2,291.7,280,292.55,560,200,72560
FINNIFTY02JAN2421700PE.NFO,02/01/2024,09:16:55,292.2,291.45,200,292.3,560,0,72560
FINNIFTY02JAN2421700PE.NFO,02/01/2024,09:16:57,292.2,291.8,120,292.65,560,80,72560
FINNIFTY02JAN2421700PE.NFO,02/01/2024,09:16:58,292.2,290.5,160,291.35,560,0,72560
FINNIFTY02JAN2421700PE.NFO,02/01/2024,09:16:59,290.4,290.1,40,290.85,760,120,72560
FINNIFTY02JAN2421700PE.NFO,02/01/2024,09:17:00,290.5,290.6,40,291.55,600,80,72560
FINNIFTY02JAN2421700PE.NFO,02/01/2024,09:17:01,290.9,290.3,80,291.4,240,40,72560
FINNIFTY02JAN2421700PE.NFO,02/01/2024,09:17:02,290.9,292.1,40,292.75,40,0,72560
FINNIFTY02JAN2421700PE.NFO,02/01/2024,09:17:02,290.9,292.1,600,292.95,40,0,72560
FINNIFTY02JAN2421700PE.NFO,02/01/2024,09:17:04,291.9,291,560,291.85,40,1720,72560
FINNIFTY02JAN2421700PE.NFO,02/01/2024,09:17:05,291.1,291.6,560,292.4,280,1000,72560
FINNIFTY02JAN2421700PE.NFO,02/01/2024,09:17:06,291.1,291.4,560,292.1,40,0,72560
FINNIFTY02JAN2421700PE.NFO,02/01/2024,09:17:07,291.1,290.45,560,291.3,40,0,72560
FINNIFTY02JAN2421700PE.NFO,02/01/2024,09:17:08,291.1,290.45,560,291.05,240,0,72560
FINNIFTY02JAN2421700PE.NFO,02/01/2024,09:17:08,291.1,291.1,560,291.6,200,0,72560
FINNIFTY02JAN2421700PE.NFO,02/01/2024,09:17:09,291.1,291.2,560,291.6,200,0,72560
FINNIFTY02JAN2421700PE.NFO,02/01/2024,09:17:11,292.1,292,560,292.85,40,440,72560
FINNIFTY02JAN2421700PE.NFO,02/01/2024,09:17:12,292.1,292,560,292.1,40,0,72560
FINNIFTY02JAN2421700PE.NFO,02/01/2024,09:17:13,292.1,291.25,40,292.1,160,40,72560
FINNIFTY02JAN2421700PE.NFO,02/01/2024,09:17:14,292.1,291.35,80,292.2,40,0,72560
FINNIFTY02JAN2421700PE.NFO,02/01/2024,09:17:15,292.1,291.15,200,292,760,0,72560
FINNIFTY02JAN2421700PE.NFO,02/01/2024,09:17:15,292.1,291.2,560,291.95,40,0,72560
FINNIFTY02JAN2421700PE.NFO,02/01/2024,09:17:17,292.1,290.4,560,291.15,40,0,72560
FINNIFTY02JAN2421700PE.NFO,02/01/2024,09:17:18,290.15,288.7,600,289.45,40,200,72560
FINNIFTY02JAN2421700PE.NFO,02/01/2024,09:17:19,290.15,288,120,288.9,80,0,72560
FINNIFTY02JAN2421700PE.NFO,02/01/2024,09:17:20,290.15,288.15,80,289,800,0,72560
FINNIFTY02JAN2421700PE.NFO,02/01/2024,09:17:21,290.15,288.05,160,288.85,560,0,72560
FINNIFTY02JAN2421700PE.NFO,02/01/2024,09:17:21,290.15,288.3,600,289.05,80,0,72560
FINNIFTY02JAN2421700PE.NFO,02/01/2024,09:17:23,290.15,288.2,680,289.05,40,0,72560
FINNIFTY02JAN2421700PE.NFO,02/01/2024,09:17:24,288.1,287.9,560,288.7,40,360,72560
FINNIFTY02JAN2421700PE.NFO,02/01/2024,09:17:25,288.1,289.8,560,290.3,40,0,72560
FINNIFTY02JAN2421700PE.NFO,02/01/2024,09:17:26,288.1,288.75,160,289.4,40,0,72560
FINNIFTY02JAN2421700PE.NFO,02/01/2024,09:17:27,288.1,289.65,560,290.35,80,0,72560
FINNIFTY02JAN2421700PE.NFO,02/01/2024,09:17:28,291.2,291.1,40,291.65,40,240,62400
FINNIFTY02JAN2421700PE.NFO,02/01/2024,09:17:28,291.15,291.3,560,291.65,40,200,62400
FINNIFTY02JAN2421700PE.NFO,02/01/2024,09:17:30,291.65,291.7,560,292.55,600,40,62400
FINNIFTY02JAN2421700PE.NFO,02/01/2024,09:17:31,291.65,291.65,560,292.55,560,0,62400
FINNIFTY02JAN2421700PE.NFO,02/01/2024,09:17:32,291.65,289.6,40,290.4,560,0,62400
FINNIFTY02JAN2421700PE.NFO,02/01/2024,09:17:33,290.4,290.75,560,291.65,560,400,62400
FINNIFTY02JAN2421700PE.NFO,02/01/2024,09:17:34,290.4,290.9,560,291.8,680,0,62400
FINNIFTY02JAN2421700PE.NFO,02/01/2024,09:17:35,290.4,291.15,560,292,120,0,62400
FINNIFTY02JAN2421700PE.NFO,02/01/2024,09:17:36,292,291.2,720,292.1,560,200,62400
FINNIFTY02JAN2421700PE.NFO,02/01/2024,09:17:37,292,291.45,560,292.15,40,0,62400
FINNIFTY02JAN2421700PE.NFO,02/01/2024,09:17:38,292,289.55,560,290.25,40,0,62400
FINNIFTY02JAN2421700PE.NFO,02/01/2024,09:17:39,292,291.7,560,292.4,40,0,62400
FINNIFTY02JAN2421700PE.NFO,02/01/2024,09:17:40,292,293.15,560,293.85,40,0,62400
FINNIFTY02JAN2421700PE.NFO,02/01/2024,09:17:41,292,293.4,40,294.2,160,0,62400
FINNIFTY02JAN2421700PE.NFO,02/01/2024,09:17:42,294.1,292.9,560,293.6,40,120,62400
FINNIFTY02JAN2421700PE.NFO,02/01/2024,09:17:43,293.6,292.9,560,293.75,560,40,62400
FINNIFTY02JAN2421700PE.NFO,02/01/2024,09:17:44,293.6,293.45,560,294.2,40,40,62400
FINNIFTY02JAN2421700PE.NFO,02/01/2024,09:17:45,293.6,293.5,40,294.5,80,0,62400
FINNIFTY02JAN2421700PE.NFO,02/01/2024,09:17:46,293.6,294.25,600,295.1,80,0,62400
FINNIFTY02JAN2421700PE.NFO,02/01/2024,09:17:47,293.6,294.5,40,295.35,640,0,62400
FINNIFTY02JAN2421700PE.NFO,02/01/2024,09:17:48,293.6,293.6,680,294.5,560,0,62400
FINNIFTY02JAN2421700PE.NFO,02/01/2024,09:17:49,293.6,293.35,560,294.2,680,0,62400
FINNIFTY02JAN2421700PE.NFO,02/01/2024,09:17:50,292.7,292.65,560,293.55,560,40,62400
FINNIFTY02JAN2421700PE.NFO,02/01/2024,09:17:51,292.7,292.4,40,293.25,720,0,62400
FINNIFTY02JAN2421700PE.NFO,02/01/2024,09:17:52,292.7,292.5,560,293.4,720,0,62400
FINNIFTY02JAN2421700PE.NFO,02/01/2024,09:17:53,292.4,292.1,160,292.9,560,800,62400
FINNIFTY02JAN2421700PE.NFO,02/01/2024,09:17:54,292.4,292.3,560,293.05,40,0,62400
FINNIFTY02JAN2421700PE.NFO,02/01/2024,09:17:55,292.4,293.55,560,294.35,240,0,62400
FINNIFTY02JAN2421700PE.NFO,02/01/2024,09:17:56,292.4,293.3,560,294.15,560,0,62400
FINNIFTY02JAN2421700PE.NFO,02/01/2024,09:17:57,293.85,292.7,40,293.55,40,520,62400
FINNIFTY02JAN2421700PE.NFO,02/01/2024,09:17:58,293.85,292.4,560,293.2,120,0,62400
FINNIFTY02JAN2421700PE.NFO,02/01/2024,09:17:59,293.25,292.7,40,293.6,720,200,62400
FINNIFTY02JAN2421700PE.NFO,02/01/2024,09:18:00,293.9,293.35,560,294.3,600,280,62400
FINNIFTY02JAN2421700PE.NFO,02/01/2024,09:18:01,293.9,292.85,560,293.7,40,0,62400
FINNIFTY02JAN2421700PE.NFO,02/01/2024,09:18:02,293.9,291.45,560,292.3,560,0,62400
FINNIFTY02JAN2421700PE.NFO,02/01/2024,09:18:03,293.9,289.85,560,290.75,560,0,62400
FINNIFTY02JAN2421700PE.NFO,02/01/2024,09:18:04,293.9,290.35,560,291.2,280,0,62400
FINNIFTY02JAN2421700PE.NFO,02/01/2024,09:18:05,291,290.6,640,291,1120,400,62400
FINNIFTY02JAN2421700PE.NFO,02/01/2024,09:18:06,291,290.4,640,291.2,120,1120,62400
FINNIFTY02JAN2421700PE.NFO,02/01/2024,09:18:07,291,289.85,560,290.75,80,0,62400
FINNIFTY02JAN2421700PE.NFO,02/01/2024,09:18:08,291,289.15,720,290.05,160,0,62400
FINNIFTY02JAN2421700PE.NFO,02/01/2024,09:18:09,290.65,289.6,200,290.6,200,560,62400
FINNIFTY02JAN2421700PE.NFO,02/01/2024,09:18:10,290.65,290.3,80,291.05,160,0,62400
FINNIFTY02JAN2421700PE.NFO,02/01/2024,09:18:11,290.65,291.85,640,292.6,400,0,62400
FINNIFTY02JAN2421700PE.NFO,02/01/2024,09:18:12,290.65,291.3,200,292.35,120,0,62400
FINNIFTY02JAN2421700PE.NFO,02/01/2024,09:18:13,290.65,290.65,640,291.35,200,0,62400
FINNIFTY02JAN2421700PE.NFO,02/01/2024,09:18:14,290.65,290.8,320,291.55,160,0,62400
FINNIFTY02JAN2421700PE.NFO,02/01/2024,09:18:15,290.65,291.1,200,291.8,200,0,62400
FINNIFTY02JAN2421700PE.NFO,02/01/2024,09:18:16,290.65,292.75,200,293.35,120,0,62400
FINNIFTY02JAN2421700PE.NFO,02/01/2024,09:18:17,290.65,293,280,293.7,120,0,62400
FINNIFTY02JAN2421700PE.NFO,02/01/2024,09:18:18,290.65,294.25,120,294.9,280,0,62400
FINNIFTY02JAN2421700PE.NFO,02/01/2024,09:18:19,290.65,295.1,200,295.75,200,0,62400
FINNIFTY02JAN2421700PE.NFO,02/01/2024,09:18:20,296.05,295.35,200,296,80,40,62400
FINNIFTY02JAN2421700PE.NFO,02/01/2024,09:18:21,296.75,296.6,40,296.95,120,40,62400
FINNIFTY02JAN2421700PE.NFO,02/01/2024,09:18:22,296.6,295.05,200,295.95,120,40,62400
FINNIFTY02JAN2421700PE.NFO,02/01/2024,09:18:23,296.6,294.25,200,295,200,0,62400
FINNIFTY02JAN2421700PE.NFO,02/01/2024,09:18:24,296.6,294.95,320,295.85,120,0,62400
FINNIFTY02JAN2421700PE.NFO,02/01/2024,09:18:25,296.6,296.1,640,296.65,200,0,62400
FINNIFTY02JAN2421700PE.NFO,02/01/2024,09:18:26,296.6,295.55,640,296.3,160,0,62400
FINNIFTY02JAN2421700PE.NFO,02/01/2024,09:18:27,296.6,295.1,200,295.75,200,0,62400
FINNIFTY02JAN2421700PE.NFO,02/01/2024,09:18:28,294.9,293.75,760,294.45,40,40,62400
FINNIFTY02JAN2421700PE.NFO,02/01/2024,09:18:29,294.45,293.7,200,294.4,120,40,62400
FINNIFTY02JAN2421700PE.NFO,02/01/2024,09:18:30,294.45,294.15,760,294.85,280,0,62400
FINNIFTY02JAN2421700PE.NFO,02/01/2024,09:18:31,294.45,294.25,200,294.95,200,0,62400
FINNIFTY02JAN2421700PE.NFO,02/01/2024,09:18:32,294.45,295,200,295.7,200,0,62400
FINNIFTY02JAN2421700PE.NFO,02/01/2024,09:18:33,294.45,294.25,80,294.85,200,0,62400
FINNIFTY02JAN2421700PE.NFO,02/01/2024,09:18:34,294.45,293.9,640,294.75,560,0,62400
FINNIFTY02JAN2421700PE.NFO,02/01/2024,09:18:35,294.8,294.35,640,294.95,160,40,62400
FINNIFTY02JAN2421700PE.NFO,02/01/2024,09:18:36,294.8,294.05,200,294.65,280,0,62400
FINNIFTY02JAN2421700PE.NFO,02/01/2024,09:18:37,294.8,293.4,200,294.1,120,0,62400
FINNIFTY02JAN2421700PE.NFO,02/01/2024,09:18:38,293.35,292.6,200,293.3,400,480,62400
FINNIFTY02JAN2421700PE.NFO,02/01/2024,09:18:39,293.35,292.7,200,293.4,320,0,62400
FINNIFTY02JAN2421700PE.NFO,02/01/2024,09:18:40,293.35,292.75,120,293.45,280,0,62400
FINNIFTY02JAN2421700PE.NFO,02/01/2024,09:18:41,293.35,292.9,200,293.65,280,0,62400
FINNIFTY02JAN2421700PE.NFO,02/01/2024,09:18:42,293.35,292.4,760,293.15,280,0,62400
FINNIFTY02JAN2421700PE.NFO,02/01/2024,09:18:43,293.35,292.8,80,293.05,200,0,62400
FINNIFTY02JAN2421700PE.NFO,02/01/2024,09:18:44,292.8,290.45,640,291.15,200,80,62400
FINNIFTY02JAN2421700PE.NFO,02/01/2024,09:18:45,292.8,290.55,560,291.4,80,0,62400
FINNIFTY02JAN2421700PE.NFO,02/01/2024,09:18:46,292.8,291.15,160,291.9,400,0,62400
FINNIFTY02JAN2421700PE.NFO,02/01/2024,09:18:47,292.8,291.15,160,291.95,400,0,62400
FINNIFTY02JAN2421700PE.NFO,02/01/2024,09:18:48,292.8,290.85,160,291.6,320,0,62400
FINNIFTY02JAN2421700PE.NFO,02/01/2024,09:18:49,292.8,290.5,160,291.3,240,0,62400
FINNIFTY02JAN2421700PE.NFO,02/01/2024,09:18:50,292.8,290.05,160,290.8,360,0,62400
FINNIFTY02JAN2421700PE.NFO,02/01/2024,09:18:51,290,289.35,160,290,360,40,62400
FINNIFTY02JAN2421700PE.NFO,02/01/2024,09:18:52,290,289,160,289.65,360,0,62400
FINNIFTY02JAN2421700PE.NFO,02/01/2024,09:18:53,290,289.15,240,289.85,160,0,62400
FINNIFTY02JAN2421700PE.NFO,02/01/2024,09:18:54,289,289.5,760,290.25,560,40,62400
FINNIFTY02JAN2421700PE.NFO,02/01/2024,09:18:55,289,289.25,160,289.9,440,0,62400
FINNIFTY02JAN2421700PE.NFO,02/01/2024,09:18:56,289,289.8,200,290.65,240,0,62400
FINNIFTY02JAN2421700PE.NFO,02/01/2024,09:18:57,289,289.9,640,290.5,160,0,62400
FINNIFTY02JAN2421700PE.NFO,02/01/2024,09:18:58,289,289.4,160,290.3,240,0,62400
FINNIFTY02JAN2421700PE.NFO,02/01/2024,09:18:59,289,289.45,120,290.15,360,0,62400
FINNIFTY02JAN2421700PE.NFO,02/01/2024,09:19:00,289.05,289,160,289.95,160,240,62400
FINNIFTY02JAN2421700PE.NFO,02/01/2024,09:19:01,289.05,288.6,160,289.35,440,0,62400
FINNIFTY02JAN2421700PE.NFO,02/01/2024,09:19:02,289.05,288.8,160,289.6,280,0,62400
FINNIFTY02JAN2421700PE.NFO,02/01/2024,09:19:03,290.3,290.25,760,291.1,80,80,62400
FINNIFTY02JAN2421700PE.NFO,02/01/2024,09:19:04,290.3,289.55,80,290.2,320,0,62400
FINNIFTY02JAN2421700PE.NFO,02/01/2024,09:19:05,290.1,289.65,280,290.55,320,80,62400
FINNIFTY02JAN2421700PE.NFO,02/01/2024,09:19:06,290.1,288.85,640,289.6,200,0,62400
FINNIFTY02JAN2421700PE.NFO,02/01/2024,09:19:07,290.1,289,640,289.65,120,0,62400
FINNIFTY02JAN2421700PE.NFO,02/01/2024,09:19:08,290.1,288.85,640,289.5,80,0,62400
FINNIFTY02JAN2421700PE.NFO,02/01/2024,09:19:09,290.1,290.05,640,290.75,120,0,62400
FINNIFTY02JAN2421700PE.NFO,02/01/2024,09:19:10,290.1,289.15,640,289.85,160,0,62400
FINNIFTY02JAN2421700PE.NFO,02/01/2024,09:19:11,290.1,288,80,288.45,160,0,62400
FINNIFTY02JAN2421700PE.NFO,02/01/2024,09:19:12,287,285.95,440,286.65,160,280,62400
FINNIFTY02JAN2421700PE.NFO,02/01/2024,09:19:13,287,286.1,720,286.85,120,0,62400
FINNIFTY02JAN2421700PE.NFO,02/01/2024,09:19:14,287,286.2,640,286.9,160,0,62400
FINNIFTY02JAN2421700PE.NFO,02/01/2024,09:19:15,287,284.85,200,285.65,160,0,62400
FINNIFTY02JAN2421700PE.NFO,02/01/2024,09:19:16,287,285.15,640,285.85,160,0,62400
FINNIFTY02JAN2421700PE.NFO,02/01/2024,09:19:17,287,285.75,80,286.35,160,0,62400
FINNIFTY02JAN2421700PE.NFO,02/01/2024,09:19:18,287,284.6,80,285.2,80,0,62400
FINNIFTY02JAN2421700PE.NFO,02/01/2024,09:19:19,287,285.6,840,286.35,80,0,62400
FINNIFTY02JAN2421700PE.NFO,02/01/2024,09:19:20,287,285.35,160,286.05,80,0,62400
FINNIFTY02JAN2421700PE.NFO,02/01/2024,09:19:21,285.65,285.05,720,285.85,80,120,62400
FINNIFTY02JAN2421700PE.NFO,02/01/2024,09:19:22,286.4,286.4,120,287.15,120,40,62400
FINNIFTY02JAN2421700PE.NFO,02/01/2024,09:19:23,286.4,287.3,880,288.1,200,0,62400
FINNIFTY02JAN2421700PE.NFO,02/01/2024,09:19:24,286.4,288.3,560,289.05,240,0,62400
FINNIFTY02JAN2421700PE.NFO,02/01/2024,09:19:25,286.4,287.85,80,288.55,160,0,62400
FINNIFTY02JAN2421700PE.NFO,02/01/2024,09:19:26,287.85,288.3,560,289.1,80,120,62400
FINNIFTY02JAN2421700PE.NFO,02/01/2024,09:19:27,287.85,288.35,680,289.1,200,0,62400
FINNIFTY02JAN2421700PE.NFO,02/01/2024,09:19:28,287.85,288.2,200,288.9,200,0,62400
FINNIFTY02JAN2421700PE.NFO,02/01/2024,09:19:29,288.8,287.85,840,288.65,160,40,62400
FINNIFTY02JAN2421700PE.NFO,02/01/2024,09:19:30,288.1,287.4,400,288.15,160,120,62400
FINNIFTY02JAN2421700PE.NFO,02/01/2024,09:19:31,288.1,287.15,560,287.9,560,0,62400
FINNIFTY02JAN2421700PE.NFO,02/01/2024,09:19:32,288.1,286.25,120,286.95,560,0,62400
FINNIFTY02JAN2421700PE.NFO,02/01/2024,09:19:33,288.1,287.1,320,287.75,560,0,62400
FINNIFTY02JAN2421700PE.NFO,02/01/2024,09:19:34,286.65,285.65,200,286.25,120,40,62400
FINNIFTY02JAN2421700PE.NFO,02/01/2024,09:19:35,285.6,285.3,120,285.95,640,40,62400
FINNIFTY02JAN2421700PE.NFO,02/01/2024,09:19:36,285.6,285.3,120,286,560,0,62400
FINNIFTY02JAN2421700PE.NFO,02/01/2024,09:19:37,285.6,285.6,200,286.25,200,0,62400
FINNIFTY02JAN2421700PE.NFO,02/01/2024,09:19:38,285.6,285.7,200,286.4,640,0,62400
FINNIFTY02JAN2421700PE.NFO,02/01/2024,09:19:39,286.45,286.65,120,287.3,200,120,62400
FINNIFTY02JAN2421700PE.NFO,02/01/2024,09:19:40,286.45,286.5,760,287.2,760,0,62400
FINNIFTY02JAN2421700PE.NFO,02/01/2024,09:19:41,286.45,286,200,286.65,560,0,62400
FINNIFTY02JAN2421700PE.NFO,02/01/2024,09:19:42,286.45,286.5,320,287.15,560,0,62400
FINNIFTY02JAN2421700PE.NFO,02/01/2024,09:19:43,286.45,286.8,760,287.55,640,0,62400
FINNIFTY02JAN2421700PE.NFO,02/01/2024,09:19:44,286.75,286.6,200,287.2,120,120,62400
FINNIFTY02JAN2421700PE.NFO,02/01/2024,09:19:45,286.75,287,640,287.7,200,0,62400
FINNIFTY02JAN2421700PE.NFO,02/01/2024,09:19:46,286.75,286.35,320,287,200,0,62400
FINNIFTY02JAN2421700PE.NFO,02/01/2024,09:19:47,286.75,285.6,800,286.3,240,0,62400
FINNIFTY02JAN2421700PE.NFO,02/01/2024,09:19:48,286.75,285.9,560,286.55,120,0,62400
FINNIFTY02JAN2421700PE.NFO,02/01/2024,09:19:49,286.75,285.25,800,286,800,0,62400
FINNIFTY02JAN2421700PE.NFO,02/01/2024,09:19:50,286.75,285.2,240,285.9,720,0,62400
FINNIFTY02JAN2421700PE.NFO,02/01/2024,09:19:51,286.75,285.95,240,286.55,160,0,62400
FINNIFTY02JAN2421700PE.NFO,02/01/2024,09:19:52,287.1,286.95,640,287.6,40,40,62400
FINNIFTY02JAN2421700PE.NFO,02/01/2024,09:19:53,288.95,288.25,640,289,240,40,62400
FINNIFTY02JAN2421700PE.NFO,02/01/2024,09:19:54,288.95,288.35,240,289,560,0,62400
FINNIFTY02JAN2421700PE.NFO,02/01/2024,09:19:55,288.95,287.4,840,288.1,600,0,62400
FINNIFTY02JAN2421700PE.NFO,02/01/2024,09:19:56,288.95,288.2,640,288.9,760,0,62400
FINNIFTY02JAN2421700PE.NFO,02/01/2024,09:19:57,288.95,289,160,289.6,160,0,62400
FINNIFTY02JAN2421700PE.NFO,02/01/2024,09:19:58,288.95,289.25,680,289.95,560,0,62400
FINNIFTY02JAN2421700PE.NFO,02/01/2024,09:19:59,288.95,289.35,560,290.05,720,0,62400
FINNIFTY02JAN2421700PE.NFO,02/01/2024,09:20:00,288.8,288.95,560,289.6,240,240,62400
FINNIFTY02JAN2421700PE.NFO,02/01/2024,09:20:01,289.95,289.4,400,290.2,240,400,62400
FINNIFTY02JAN2421700PE.NFO,02/01/2024,09:20:02,290.05,289.4,240,290.05,560,80,62400
FINNIFTY02JAN2421700PE.NFO,02/01/2024,09:20:03,289.6,288.75,920,289.45,240,200,62400
FINNIFTY02JAN2421700PE.NFO,02/01/2024,09:20:04,289.35,287.95,240,288.6,280,40,62400
FINNIFTY02JAN2421700PE.NFO,02/01/2024,09:20:05,289.35,287.25,240,287.9,560,0,62400
FINNIFTY02JAN2421700PE.NFO,02/01/2024,09:20:06,289.35,286.75,40,287.1,560,0,62400
FINNIFTY02JAN2421700PE.NFO,02/01/2024,09:20:07,289.35,287.05,640,287.7,80,0,62400
FINNIFTY02JAN2421700PE.NFO,02/01/2024,09:20:08,287.5,286.8,200,287.35,560,40,62400
FINNIFTY02JAN2421700PE.NFO,02/01/2024,09:20:09,287.3,286.8,200,287.4,560,40,62400
FINNIFTY02JAN2421700PE.NFO,02/01/2024,09:20:10,286.95,286.25,120,286.9,280,240,62400
FINNIFTY02JAN2421700PE.NFO,02/01/2024,09:20:11,286.95,285.9,360,286.65,600,0,62400
FINNIFTY02JAN2421700PE.NFO,02/01/2024,09:20:12,286.35,285.75,280,286.6,40,40,62400
FINNIFTY02JAN2421700PE.NFO,02/01/2024,09:20:13,286.45,285.5,280,286.25,560,40,62400
FINNIFTY02JAN2421700PE.NFO,02/01/2024,09:20:14,286.1,286,200,286.75,560,40,62400
FINNIFTY02JAN2421700PE.NFO,02/01/2024,09:20:15,286.15,285.35,200,285.95,120,40,62400
FINNIFTY02JAN2421700PE.NFO,02/01/2024,09:20:16,286.45,286.35,360,287.05,40,40,62400
FINNIFTY02JAN2421700PE.NFO,02/01/2024,09:20:17,288.7,287.55,200,288.35,560,40,62400
FINNIFTY02JAN2421700PE.NFO,02/01/2024,09:20:18,288.05,287.15,200,287.85,560,40,62400
FINNIFTY02JAN2421700PE.NFO,02/01/2024,09:20:19,288.05,287.15,120,287.8,560,40,62400
FINNIFTY02JAN2421700PE.NFO,02/01/2024,09:20:20,288.15,286.5,200,287.2,640,40,62400
FINNIFTY02JAN2421700PE.NFO,02/01/2024,09:20:21,287.65,287,120,287.65,600,40,62400
FINNIFTY02JAN2421700PE.NFO,02/01/2024,09:20:22,287.5,287.15,400,287.85,280,40,62400
FINNIFTY02JAN2421700PE.NFO,02/01/2024,09:20:23,287.8,287.25,520,288,760,40,62400
FINNIFTY02JAN2421700PE.NFO,02/01/2024,09:20:24,287.95,287.6,560,288.3,280,40,62400
FINNIFTY02JAN2421700PE.NFO,02/01/2024,09:20:25,287.95,287.9,440,288.65,640,0,62400
FINNIFTY02JAN2421700PE.NFO,02/01/2024,09:20:26,287.95,288.15,200,288.8,160,0,62400
FINNIFTY02JAN2421700PE.NFO,02/01/2024,09:20:27,289.15,288.6,240,289.25,40,40,62360
FINNIFTY02JAN2421700PE.NFO,02/01/2024,09:20:28,289.4,289.25,320,289.85,120,40,62360
FINNIFTY02JAN2421700PE.NFO,02/01/2024,09:20:29,289.4,288.15,440,288.9,40,0,62360
FINNIFTY02JAN2421700PE.NFO,02/01/2024,09:20:30,289,287.9,240,288.5,120,40,62360
FINNIFTY02JAN2421700PE.NFO,02/01/2024,09:20:31,289,288.9,680,289.65,560,0,62360
FINNIFTY02JAN2421700PE.NFO,02/01/2024,09:20:33,289,289.3,240,289.95,200,0,62360
FINNIFTY02JAN2421700PE.NFO,02/01/2024,09:20:33,289,289.5,400,290.25,120,0,62360
FINNIFTY02JAN2421700PE.NFO,02/01/2024,09:20:34,289.4,289.25,440,290,640,40,62360
FINNIFTY02JAN2421700PE.NFO,02/01/2024,09:20:35,290.15,289.65,520,290.45,920,40,62360
FINNIFTY02JAN2421700PE.NFO,02/01/2024,09:20:36,290.15,289.05,240,289.75,120,0,62360
FINNIFTY02JAN2421700PE.NFO,02/01/2024,09:20:37,290.4,289.75,400,290.4,200,40,62360
FINNIFTY02JAN2421700PE.NFO,02/01/2024,09:20:38,290.4,289.45,400,290.1,200,0,62360
FINNIFTY02JAN2421700PE.NFO,02/01/2024,09:20:40,290.4,289.6,240,290.3,120,0,62360
FINNIFTY02JAN2421700PE.NFO,02/01/2024,09:20:40,290.4,289.8,280,290.4,240,0,62360
FINNIFTY02JAN2421700PE.NFO,02/01/2024,09:20:41,290.4,288.2,240,289.05,600,0,62360
FINNIFTY02JAN2421700PE.NFO,02/01/2024,09:20:42,289,288.05,440,288.8,640,80,62360
FINNIFTY02JAN2421700PE.NFO,02/01/2024,09:20:43,288.9,288.1,560,288.8,240,1400,62360
FINNIFTY02JAN2421700PE.NFO,02/01/2024,09:20:44,288.9,287.45,240,288.15,680,0,62360
FINNIFTY02JAN2421700PE.NFO,02/01/2024,09:20:46,288.9,287,800,287.8,560,0,62360
FINNIFTY02JAN2421700PE.NFO,02/01/2024,09:20:46,287.35,286.65,360,287.35,520,40,62360
FINNIFTY02JAN2421700PE.NFO,02/01/2024,09:20:47,287.35,286.55,840,287.3,560,0,62360
FINNIFTY02JAN2421700PE.NFO,02/01/2024,09:20:48,287.35,286.15,280,286.85,640,0,62360
FINNIFTY02JAN2421700PE.NFO,02/01/2024,09:20:49,287.35,286.3,840,287.05,640,0,62360
FINNIFTY02JAN2421700PE.NFO,02/01/2024,09:20:50,287.35,285.65,640,286.4,640,0,62360
FINNIFTY02JAN2421700PE.NFO,02/01/2024,09:20:51,286,285.65,880,286.4,560,40,62360
FINNIFTY02JAN2421700PE.NFO,02/01/2024,09:20:52,286,285.3,760,286.05,280,0,62360
FINNIFTY02JAN2421700PE.NFO,02/01/2024,09:20:53,285.95,285.2,640,285.95,600,120,62360
FINNIFTY02JAN2421700PE.NFO,02/01/2024,09:20:54,285.95,285.75,400,286.5,680,0,62360
FINNIFTY02JAN2421700PE.NFO,02/01/2024,09:20:55,285.95,285.9,560,286.6,560,0,62360
FINNIFTY02JAN2421700PE.NFO,02/01/2024,09:20:56,285.95,285.75,280,286.45,640,0,62360
FINNIFTY02JAN2421700PE.NFO,02/01/2024,09:20:58,285.95,286.75,360,287.5,640,0,62360
FINNIFTY02JAN2421700PE.NFO,02/01/2024,09:20:58,285.95,286.75,960,287.55,640,0,62360
FINNIFTY02JAN2421700PE.NFO,02/01/2024,09:20:59,287.55,286.6,280,287.3,640,40,62360
FINNIFTY02JAN2421700PE.NFO,02/01/2024,09:21:00,287.55,287.35,160,288.15,40,40,62360
FINNIFTY02JAN2421700PE.NFO,02/01/2024,09:21:01,287.55,286.35,640,287.15,680,0,62360
FINNIFTY02JAN2421700PE.NFO,02/01/2024,09:21:02,287.55,286.8,400,287.55,600,0,62360
FINNIFTY02JAN2421700PE.NFO,02/01/2024,09:21:03,287.55,285.9,280,286.55,120,0,62360
FINNIFTY02JAN2421700PE.NFO,02/01/2024,09:21:04,285,284.25,480,285.05,560,40,62360
FINNIFTY02JAN2421700PE.NFO,02/01/2024,09:21:05,285,282.7,280,283.35,640,0,62360
FINNIFTY02JAN2421700PE.NFO,02/01/2024,09:21:06,282,280.05,280,280.9,80,160,62360
FINNIFTY02JAN2421700PE.NFO,02/01/2024,09:21:07,280,279.5,280,280.4,80,4360,62360
FINNIFTY02JAN2421700PE.NFO,02/01/2024,09:21:08,280,278.75,40,279.55,200,0,62360
FINNIFTY02JAN2421700PE.NFO,02/01/2024,09:21:09,278.75,279.85,200,280.85,320,40,62360
FINNIFTY02JAN2421700PE.NFO,02/01/2024,09:21:10,280,278.5,160,279.3,160,40,62360
FINNIFTY02JAN2421700PE.NFO,02/01/2024,09:21:11,280,277.1,80,277.7,160,0,62360
FINNIFTY02JAN2421700PE.NFO,02/01/2024,09:21:12,277.95,277.2,760,278.1,160,200,62360
FINNIFTY02JAN2421700PE.NFO,02/01/2024,09:21:13,277.95,278.2,880,278.95,40,0,62360
FINNIFTY02JAN2421700PE.NFO,02/01/2024,09:21:14,278.55,279.35,560,280.05,160,40,62360
FINNIFTY02JAN2421700PE.NFO,02/01/2024,09:21:15,278.55,279.3,1080,280.15,80,0,62360
FINNIFTY02JAN2421700PE.NFO,02/01/2024,09:21:16,279.8,280.7,600,281.4,160,80,62360
FINNIFTY02JAN2421700PE.NFO,02/01/2024,09:21:17,279.8,280.25,480,281.1,80,0,62360
FINNIFTY02JAN2421700PE.NFO,02/01/2024,09:21:18,279.8,280,160,280.65,640,0,62360
FINNIFTY02JAN2421700PE.NFO,02/01/2024,09:21:19,279.8,279.8,640,280.55,240,0,62360
FINNIFTY02JAN2421700PE.NFO,02/01/2024,09:21:20,279.8,280.3,160,280.95,120,0,62360
FINNIFTY02JAN2421700PE.NFO,02/01/2024,09:21:21,279.8,279.65,720,280.35,80,0,62360
FINNIFTY02JAN2421700PE.NFO,02/01/2024,09:21:22,279.8,279.2,120,279.8,240,40,62360
FINNIFTY02JAN2421700PE.NFO,02/01/2024,09:21:23,279.8,279.3,800,280,120,0,62360
FINNIFTY02JAN2421700PE.NFO,02/01/2024,09:21:24,279.1,278.45,200,279.05,40,400,62360
FINNIFTY02JAN2421700PE.NFO,02/01/2024,09:21:25,279.1,277.4,200,278.05,40,0,62360
FINNIFTY02JAN2421700PE.NFO,02/01/2024,09:21:26,279.1,275.9,120,276.6,240,0,62360
FINNIFTY02JAN2421700PE.NFO,02/01/2024,09:21:27,274.5,273.8,200,274.6,40,200,62360
FINNIFTY02JAN2421700PE.NFO,02/01/2024,09:21:28,270.3,272.25,160,273.15,80,4440,62360
FINNIFTY02JAN2421700PE.NFO,02/01/2024,09:21:28,270.3,272.25,160,273.15,80,0,62360
FINNIFTY02JAN2421700PE.NFO,02/01/2024,09:21:29,270.3,273.3,120,274.1,280,0,62360
FINNIFTY02JAN2421700PE.NFO,02/01/2024,09:21:30,274.85,273.85,80,274.7,120,400,62360
FINNIFTY02JAN2421700PE.NFO,02/01/2024,09:21:31,274.85,273.75,80,274.45,200,0,62360
FINNIFTY02JAN2421700PE.NFO,02/01/2024,09:21:32,274.85,273.15,640,273.8,40,0,62360
FINNIFTY02JAN2421700PE.NFO,02/01/2024,09:21:33,271.55,271.35,200,272,40,80,62360
FINNIFTY02JAN2421700PE.NFO,02/01/2024,09:21:34,271.55,272.15,120,272.9,120,0,62360
FINNIFTY02JAN2421700PE.NFO,02/01/2024,09:21:35,271.55,273.85,200,274.45,40,0,62360
FINNIFTY02JAN2421700PE.NFO,02/01/2024,09:21:36,271.55,275.35,40,276.05,160,0,62360
FINNIFTY02JAN2421700PE.NFO,02/01/2024,09:21:37,276.55,274.25,120,274.85,200,40,62360
FINNIFTY02JAN2421700PE.NFO,02/01/2024,09:21:38,274.75,274.65,760,275.45,800,40,62360
FINNIFTY02JAN2421700PE.NFO,02/01/2024,09:21:39,274.75,275.55,560,276.2,80,0,62360
FINNIFTY02JAN2421700PE.NFO,02/01/2024,09:21:40,274.75,274.95,920,275.7,160,0,62360
FINNIFTY02JAN2421700PE.NFO,02/01/2024,09:21:41,274.75,275.35,800,276.05,160,0,62360
FINNIFTY02JAN2421700PE.NFO,02/01/2024,09:21:42,274.75,276,280,276.75,600,0,62360
FINNIFTY02JAN2421700PE.NFO,02/01/2024,09:21:43,274.75,276,560,276.75,280,0,62360
FINNIFTY02JAN2421700PE.NFO,02/01/2024,09:21:44,274.75,276.55,120,277.1,80,0,62360
FINNIFTY02JAN2421700PE.NFO,02/01/2024,09:21:45,276.95,276.4,120,277.05,280,120,62360
FINNIFTY02JAN2421700PE.NFO,02/01/2024,09:21:46,276.95,276.35,120,277,80,0,62360
FINNIFTY02JAN2421700PE.NFO,02/01/2024,09:21:47,276.95,276.6,120,277.2,40,0,62360
FINNIFTY02JAN2421700PE.NFO,02/01/2024,09:21:48,276.95,276.65,200,277.35,80,0,62360
FINNIFTY02JAN2421700PE.NFO,02/01/2024,09:21:49,276.95,276.3,160,276.9,120,0,62360
FINNIFTY02JAN2421700PE.NFO,02/01/2024,09:21:50,276.95,276.65,280,277.15,80,0,62360
FINNIFTY02JAN2421700PE.NFO,02/01/2024,09:21:51,276.95,276.5,640,277.2,400,0,62360
FINNIFTY02JAN2421700PE.NFO,02/01/2024,09:21:53,276.95,276.45,840,277.1,80,0,62360
FINNIFTY02JAN2421700PE.NFO,02/01/2024,09:21:54,276.95,276.35,120,277,160,0,62360
FINNIFTY02JAN2421700PE.NFO,02/01/2024,09:21:55,276.95,275.95,560,276.6,280,0,62360
FINNIFTY02JAN2421700PE.NFO,02/01/2024,09:21:56,276.95,275.4,40,276,160,0,62360
FINNIFTY02JAN2421700PE.NFO,02/01/2024,09:21:57,276.95,275.35,40,275.9,160,0,62360
FINNIFTY02JAN2421700PE.NFO,02/01/2024,09:21:57,276.95,275.1,640,275.8,40,0,62360
FINNIFTY02JAN2421700PE.NFO,02/01/2024,09:21:58,276.95,274.75,600,275.25,160,0,62360
FINNIFTY02JAN2421700PE.NFO,02/01/2024,09:21:59,274.75,273.35,120,273.95,80,600,62360
FINNIFTY02JAN2421700PE.NFO,02/01/2024,09:22:00,274.75,274.1,160,274.85,80,0,62360
FINNIFTY02JAN2421700PE.NFO,02/01/2024,09:22:01,274.75,274.75,120,275.4,40,0,62360
FINNIFTY02JAN2421700PE.NFO,02/01/2024,09:22:02,274.75,274.75,200,275.5,80,0,62360
FINNIFTY02JAN2421700PE.NFO,02/01/2024,09:22:03,274.75,273.85,40,274.65,240,0,62360
FINNIFTY02JAN2421700PE.NFO,02/01/2024,09:22:04,274.75,275.1,120,275.85,120,0,62360
FINNIFTY02JAN2421700PE.NFO,02/01/2024,09:22:05,274.75,275.35,160,276.05,120,0,62360
FINNIFTY02JAN2421700PE.NFO,02/01/2024,09:22:06,274.75,275.5,160,276.15,80,0,62360
FINNIFTY02JAN2421700PE.NFO,02/01/2024,09:22:07,274.75,276.05,120,276.7,160,0,62360
FINNIFTY02JAN2421700PE.NFO,02/01/2024,09:22:08,274.75,276.4,120,276.95,160,0,62360
FINNIFTY02JAN2421700PE.NFO,02/01/2024,09:22:09,274.75,276.2,80,276.85,80,0,62360
FINNIFTY02JAN2421700PE.NFO,02/01/2024,09:22:11,274.75,276.2,120,276.8,160,0,62360
FINNIFTY02JAN2421700PE.NFO,02/01/2024,09:22:12,274.75,276,760,276.65,40,0,62360
FINNIFTY02JAN2421700PE.NFO,02/01/2024,09:22:12,274.75,276.25,120,276.95,40,0,62360
FINNIFTY02JAN2421700PE.NFO,02/01/2024,09:22:13,274.75,275.55,120,276.25,160,0,62360
FINNIFTY02JAN2421700PE.NFO,02/01/2024,09:22:14,274.75,276,320,276.65,160,0,62360
FINNIFTY02JAN2421700PE.NFO,02/01/2024,09:22:16,274.75,276.2,40,276.8,160,0,62360
FINNIFTY02JAN2421700PE.NFO,02/01/2024,09:22:17,277.8,277.7,80,278.25,80,120,62360
FINNIFTY02JAN2421700PE.NFO,02/01/2024,09:22:18,277.8,277.9,40,278.6,200,0,62360
FINNIFTY02JAN2421700PE.NFO,02/01/2024,09:22:19,277.8,277.5,120,278.2,120,0,62360
FINNIFTY02JAN2421700PE.NFO,02/01/2024,09:22:20,277.8,277.45,200,278.1,40,0,62360
FINNIFTY02JAN2421700PE.NFO,02/01/2024,09:22:21,277.8,277.95,120,278.5,120,0,62360
FINNIFTY02JAN2421700PE.NFO,02/01/2024,09:22:21,277.8,278.1,120,278.8,280,0,62360
FINNIFTY02JAN2421700PE.NFO,02/01/2024,09:22:22,277.8,277.85,120,278.4,120,0,62360
FINNIFTY02JAN2421700PE.NFO,02/01/2024,09:22:23,279,279.05,760,279.8,160,280,62360
FINNIFTY02JAN2421700PE.NFO,02/01/2024,09:22:25,279,278.9,200,279.5,200,0,62360
FINNIFTY02JAN2421700PE.NFO,02/01/2024,09:22:26,280.4,279.95,720,280.75,120,80,62360
FINNIFTY02JAN2421700PE.NFO,02/01/2024,09:22:26,280.4,279.55,200,280.15,200,0,62360
FINNIFTY02JAN2421700PE.NFO,02/01/2024,09:22:27,280.4,280.55,280,281.2,120,0,62360
FINNIFTY02JAN2421700PE.NFO,02/01/2024,09:22:28,280.4,282.15,200,282.8,120,0,62360
FINNIFTY02JAN2421700PE.NFO,02/01/2024,09:22:29,280.4,281.55,120,282.2,160,0,62360
FINNIFTY02JAN2421700PE.NFO,02/01/2024,09:22:30,280.4,280.7,200,281.4,120,0,62360
FINNIFTY02JAN2421700PE.NFO,02/01/2024,09:22:31,281.4,281.25,120,281.9,440,40,62360
FINNIFTY02JAN2421700PE.NFO,02/01/2024,09:22:32,281.1,281,120,281.7,840,40,62360
FINNIFTY02JAN2421700PE.NFO,02/01/2024,09:22:34,281.1,282.35,120,282.95,200,0,62360
FINNIFTY02JAN2421700PE.NFO,02/01/2024,09:22:35,281.1,282.35,120,283.05,720,0,62360
FINNIFTY02JAN2421700PE.NFO,02/01/2024,09:22:36,281.1,283.65,480,284.4,640,0,62360
FINNIFTY02JAN2421700PE.NFO,02/01/2024,09:22:37,281.1,283.15,640,283.85,240,0,62360
FINNIFTY02JAN2421700PE.NFO,02/01/2024,09:22:38,281.1,282.85,200,283.55,120,0,62360
FINNIFTY02JAN2421700PE.NFO,02/01/2024,09:22:39,281.1,282.8,640,283.55,800,0,62360
FINNIFTY02JAN2421700PE.NFO,02/01/2024,09:22:40,281.1,281.8,200,282.55,600,0,62360
FINNIFTY02JAN2421700PE.NFO,02/01/2024,09:22:41,281.1,282.5,160,283.25,120,0,62360
FINNIFTY02JAN2421700PE.NFO,02/01/2024,09:22:42,281.1,282.8,200,283.55,160,0,62360
FINNIFTY02JAN2421700PE.NFO,02/01/2024,09:22:43,281.1,283.1,360,283.8,120,0,62360
FINNIFTY02JAN2421700PE.NFO,02/01/2024,09:22:44,281.1,282.65,200,283.3,120,0,62360
FINNIFTY02JAN2421700PE.NFO,02/01/2024,09:22:45,283.45,282.85,720,283.55,80,800,62360
FINNIFTY02JAN2421700PE.NFO,02/01/2024,09:22:46,283.45,282.8,840,283.55,200,0,62360
FINNIFTY02JAN2421700PE.NFO,02/01/2024,09:22:47,283.45,281.75,200,282.4,160,0,62360
FINNIFTY02JAN2421700PE.NFO,02/01/2024,09:22:48,283.45,282,200,282.7,120,0,62360
FINNIFTY02JAN2421700PE.NFO,02/01/2024,09:22:49,283.45,283.25,720,284,160,0,62360
FINNIFTY02JAN2421700PE.NFO,02/01/2024,09:22:50,283.45,282.8,120,283.45,120,0,62360
FINNIFTY02JAN2421700PE.NFO,02/01/2024,09:22:51,283.45,281.35,240,282.05,80,0,62360
FINNIFTY02JAN2421700PE.NFO,02/01/2024,09:22:52,283.45,281.05,120,281.7,560,0,62360
FINNIFTY02JAN2421700PE.NFO,02/01/2024,09:22:53,283.45,280.65,760,281.35,40,0,62360
FINNIFTY02JAN2421700PE.NFO,02/01/2024,09:22:54,283.45,280.7,160,281.35,160,0,62360
FINNIFTY02JAN2421700PE.NFO,02/01/2024,09:22:55,283.45,281.1,760,281.9,640,0,62360
FINNIFTY02JAN2421700PE.NFO,02/01/2024,09:22:56,283.45,281.25,200,282,760,0,62360
FINNIFTY02JAN2421700PE.NFO,02/01/2024,09:22:57,283.45,280.8,120,281.5,160,0,62360
FINNIFTY02JAN2421700PE.NFO,02/01/2024,09:22:58,280.8,279.65,240,280.3,80,200,62360
FINNIFTY02JAN2421700PE.NFO,02/01/2024,09:22:59,280.8,279.7,280,280.35,40,0,62360
FINNIFTY02JAN2421700PE.NFO,02/01/2024,09:23:00,280.8,280.35,680,281.1,760,0,62360
FINNIFTY02JAN2421700PE.NFO,02/01/2024,09:23:01,280.8,280.4,240,281.1,640,0,62360
FINNIFTY02JAN2421700PE.NFO,02/01/2024,09:23:02,280.8,280.55,880,281.2,40,0,62360
FINNIFTY02JAN2421700PE.NFO,02/01/2024,09:23:03,280.8,280.8,800,281.4,240,0,62360
FINNIFTY02JAN2421700PE.NFO,02/01/2024,09:23:04,280.8,281,880,281.75,200,800,62360
FINNIFTY02JAN2421700PE.NFO,02/01/2024,09:23:05,280.8,279.75,240,280.4,640,0,62360
FINNIFTY02JAN2421700PE.NFO,02/01/2024,09:23:06,280.8,278.9,720,279.65,120,0,62360
FINNIFTY02JAN2421700PE.NFO,02/01/2024,09:23:07,280.8,277.3,40,277.95,560,0,62360
FINNIFTY02JAN2421700PE.NFO,02/01/2024,09:23:08,280.8,276.4,240,277.05,640,0,62360
FINNIFTY02JAN2421700PE.NFO,02/01/2024,09:23:09,280.8,276.35,240,277.05,40,0,62360
FINNIFTY02JAN2421700PE.NFO,02/01/2024,09:23:10,280.8,276.55,320,277.3,560,0,62360
FINNIFTY02JAN2421700PE.NFO,02/01/2024,09:23:10,280.8,276.5,800,277.25,560,0,62360
FINNIFTY02JAN2421700PE.NFO,02/01/2024,09:23:11,280.8,277.75,240,278.45,640,0,62360
FINNIFTY02JAN2421700PE.NFO,02/01/2024,09:23:12,280.8,278.6,320,279.3,120,0,62360
FINNIFTY02JAN2421700PE.NFO,02/01/2024,09:23:13,280.8,277.2,240,277.95,280,0,62360
FINNIFTY02JAN2421700PE.NFO,02/01/2024,09:23:14,280.8,277.15,280,277.8,120,0,62360
FINNIFTY02JAN2421700PE.NFO,02/01/2024,09:23:15,280.8,277.05,320,277.65,40,0,62360
FINNIFTY02JAN2421700PE.NFO,02/01/2024,09:23:16,277.8,276.65,240,277.3,280,440,62360
FINNIFTY02JAN2421700PE.NFO,02/01/2024,09:23:17,277.8,275.2,280,275.85,1120,0,62360
FINNIFTY02JAN2421700PE.NFO,02/01/2024,09:23:18,276,276.15,560,276.85,80,120,62360
FINNIFTY02JAN2421700PE.NFO,02/01/2024,09:23:19,276,276.6,200,277.35,240,0,62360
FINNIFTY02JAN2421700PE.NFO,02/01/2024,09:23:20,276,276.35,920,277.1,160,0,62360
FINNIFTY02JAN2421700PE.NFO,02/01/2024,09:23:21,276,277.1,320,277.85,200,0,62360
FINNIFTY02JAN2421700PE.NFO,02/01/2024,09:23:22,276,276.55,560,277.3,200,0,62360
FINNIFTY02JAN2421700PE.NFO,02/01/2024,09:23:23,276,276.5,240,277.15,80,0,62360
FINNIFTY02JAN2421700PE.NFO,02/01/2024,09:23:24,276,276.55,160,277.3,720,0,62360
FINNIFTY02JAN2421700PE.NFO,02/01/2024,09:23:25,277.3,276.45,40,277.15,720,40,62360
FINNIFTY02JAN2421700PE.NFO,02/01/2024,09:23:26,277.3,277.65,240,278,200,0,62360
FINNIFTY02JAN2421700PE.NFO,02/01/2024,09:23:27,278,277.15,120,277.8,120,200,62360
FINNIFTY02JAN2421700PE.NFO,02/01/2024,09:23:28,278,277.85,400,278.55,120,0,62360
FINNIFTY02JAN2421700PE.NFO,02/01/2024,09:23:29,278,279.3,240,279.95,120,0,62360
FINNIFTY02JAN2421700PE.NFO,02/01/2024,09:23:31,278,278.9,160,279.6,160,0,62360
FINNIFTY02JAN2421700PE.NFO,02/01/2024,09:23:32,278,277.95,160,278.5,120,0,62360
FINNIFTY02JAN2421700PE.NFO,02/01/2024,09:23:33,278,276.95,240,277.6,40,0,62360
FINNIFTY02JAN2421700PE.NFO,02/01/2024,09:23:34,278,277.05,240,277.65,40,0,62360
FINNIFTY02JAN2421700PE.NFO,02/01/2024,09:23:35,278,277.25,120,277.85,40,0,62360
FINNIFTY02JAN2421700PE.NFO,02/01/2024,09:23:36,277.95,277.3,40,277.95,760,120,65120
FINNIFTY02JAN2421700PE.NFO,02/01/2024,09:23:37,277.95,276.5,240,277.15,560,0,65120
FINNIFTY02JAN2421700PE.NFO,02/01/2024,09:23:37,277.95,276.4,160,277.15,160,0,65120
FINNIFTY02JAN2421700PE.NFO,02/01/2024,09:23:38,277.95,276.4,240,277.1,640,0,65120
FINNIFTY02JAN2421700PE.NFO,02/01/2024,09:23:39,277.95,276.35,840,277.1,120,0,65120
FINNIFTY02JAN2421700PE.NFO,02/01/2024,09:23:40,276.25,276.5,240,277.15,600,120,65120
FINNIFTY02JAN2421700PE.NFO,02/01/2024,09:23:41,276.25,277.1,1000,277.8,120,0,65120
FINNIFTY02JAN2421700PE.NFO,02/01/2024,09:23:42,277.3,277.7,280,278.45,640,120,65120
FINNIFTY02JAN2421700PE.NFO,02/01/2024,09:23:43,277.3,277.4,280,278.1,840,0,65120
FINNIFTY02JAN2421700PE.NFO,02/01/2024,09:23:44,277.3,277.25,240,277.9,280,0,65120
FINNIFTY02JAN2421700PE.NFO,02/01/2024,09:23:45,277.3,277.3,120,277.95,560,0,65120
FINNIFTY02JAN2421700PE.NFO,02/01/2024,09:23:47,277.3,278.05,280,278.7,80,0,65120
FINNIFTY02JAN2421700PE.NFO,02/01/2024,09:23:48,277.3,278.95,560,279.65,800,0,65120
FINNIFTY02JAN2421700PE.NFO,02/01/2024,09:23:48,277.3,279.05,240,279.7,160,0,65120
FINNIFTY02JAN2421700PE.NFO,02/01/2024,09:23:49,278.7,279.1,280,279.8,680,80,65120
FINNIFTY02JAN2421700PE.NFO,02/01/2024,09:23:50,278.7,279.1,200,279.75,160,0,65120
FINNIFTY02JAN2421700PE.NFO,02/01/2024,09:23:51,278.7,279.15,200,279.75,160,0,65120
FINNIFTY02JAN2421700PE.NFO,02/01/2024,09:23:53,278.7,278.4,40,279.15,320,0,65120
FINNIFTY02JAN2421700PE.NFO,02/01/2024,09:23:54,279.1,278.9,160,279.6,280,40,65120
FINNIFTY02JAN2421700PE.NFO,02/01/2024,09:23:55,279.1,279.15,360,279.85,160,0,65120
FINNIFTY02JAN2421700PE.NFO,02/01/2024,09:23:56,279.1,279.6,200,280.25,160,0,65120
FINNIFTY02JAN2421700PE.NFO,02/01/2024,09:23:57,279.1,279.65,200,280.3,160,0,65120
FINNIFTY02JAN2421700PE.NFO,02/01/2024,09:23:57,279.1,279.8,280,280.45,160,0,65120
FINNIFTY02JAN2421700PE.NFO,02/01/2024,09:23:58,279.1,280.6,240,281.3,880,0,65120
FINNIFTY02JAN2421700PE.NFO,02/01/2024,09:23:59,279.1,280.6,320,281.25,240,0,65120
FINNIFTY02JAN2421700PE.NFO,02/01/2024,09:24:00,281.7,281.05,320,281.8,760,200,65120
FINNIFTY02JAN2421700PE.NFO,02/01/2024,09:24:01,281.7,282,240,282.7,760,0,65120
FINNIFTY02JAN2421700PE.NFO,02/01/2024,09:24:02,281.7,282.05,640,282.8,160,0,65120
FINNIFTY02JAN2421700PE.NFO,02/01/2024,09:24:04,282.95,281.9,320,282.7,720,120,65120
FINNIFTY02JAN2421700PE.NFO,02/01/2024,09:24:05,282.3,281,760,281.75,240,200,65120
FINNIFTY02JAN2421700PE.NFO,02/01/2024,09:24:06,282.3,279.95,120,280.6,840,0,65120
FINNIFTY02JAN2421700PE.NFO,02/01/2024,09:24:06,282.3,279.8,120,280.5,640,0,65120
FINNIFTY02JAN2421700PE.NFO,02/01/2024,09:24:07,282.3,280.45,800,281.1,240,0,65120
FINNIFTY02JAN2421700PE.NFO,02/01/2024,09:24:08,281.05,280.4,320,281.05,440,200,65120
FINNIFTY02JAN2421700PE.NFO,02/01/2024,09:24:09,280.75,280.2,120,280.9,240,40,65120
FINNIFTY02JAN2421700PE.NFO,02/01/2024,09:24:11,280.75,279.9,400,280.6,160,0,65120
FINNIFTY02JAN2421700PE.NFO,02/01/2024,09:24:12,280.75,279.1,40,279.65,760,0,65120
FINNIFTY02JAN2421700PE.NFO,02/01/2024,09:24:13,279.1,278.75,320,279.4,200,40,65120
FINNIFTY02JAN2421700PE.NFO,02/01/2024,09:24:13,279.1,278.9,320,279.55,200,0,65120
FINNIFTY02JAN2421700PE.NFO,02/01/2024,09:24:14,279.1,278.65,120,279.2,120,0,65120
FINNIFTY02JAN2421700PE.NFO,02/01/2024,09:24:16,279.1,279.8,320,280.5,360,0,65120
FINNIFTY02JAN2421700PE.NFO,02/01/2024,09:24:17,279.1,280.25,400,281,680,0,65120
FINNIFTY02JAN2421700PE.NFO,02/01/2024,09:24:18,280.4,280.55,320,281.15,400,40,65120
FINNIFTY02JAN2421700PE.NFO,02/01/2024,09:24:19,280.4,280.7,520,281.4,400,0,65120
FINNIFTY02JAN2421700PE.NFO,02/01/2024,09:24:20,280.4,281.6,480,282.3,400,0,65120
FINNIFTY02JAN2421700PE.NFO,02/01/2024,09:24:21,280.4,282.05,400,282.65,400,0,65120
FINNIFTY02JAN2421700PE.NFO,02/01/2024,09:24:22,280.4,282.3,360,282.9,80,0,65120
FINNIFTY02JAN2421700PE.NFO,02/01/2024,09:24:23,280.4,283.05,320,283.65,400,0,65120
FINNIFTY02JAN2421700PE.NFO,02/01/2024,09:24:24,283.35,283,400,283.65,400,160,65120
FINNIFTY02JAN2421700PE.NFO,02/01/2024,09:24:25,283.35,282.95,400,283.55,400,0,65120
FINNIFTY02JAN2421700PE.NFO,02/01/2024,09:24:26,283.35,282.75,80,283.45,960,0,65120
FINNIFTY02JAN2421700PE.NFO,02/01/2024,09:24:27,283.35,283.2,720,283.9,320,0,65120
FINNIFTY02JAN2421700PE.NFO,02/01/2024,09:24:27,283.9,283.2,720,283.9,240,80,65120
FINNIFTY02JAN2421700PE.NFO,02/01/2024,09:24:28,283.9,282.9,400,283.35,200,0,65120
FINNIFTY02JAN2421700PE.NFO,02/01/2024,09:24:29,283.35,282.8,400,283.3,80,120,65120
FINNIFTY02JAN2421700PE.NFO,02/01/2024,09:24:30,283.35,283.2,640,283.95,560,80,65120
FINNIFTY02JAN2421700PE.NFO,02/01/2024,09:24:31,283.35,282.7,560,283.4,120,0,65120
FINNIFTY02JAN2421700PE.NFO,02/01/2024,09:24:32,283.35,283,400,283.7,560,0,65120
FINNIFTY02JAN2421700PE.NFO,02/01/2024,09:24:34,283.05,283.2,240,284,400,40,65120
FINNIFTY02JAN2421700PE.NFO,02/01/2024,09:24:35,283.05,283.15,320,283.85,960,0,65120
FINNIFTY02JAN2421700PE.NFO,02/01/2024,09:24:36,283.05,282.9,400,283.6,400,0,65120
FINNIFTY02JAN2421700PE.NFO,02/01/2024,09:24:36,283.05,281.85,560,282.7,320,0,65120
FINNIFTY02JAN2421700PE.NFO,02/01/2024,09:24:37,280.95,280.9,400,281.45,40,240,65120
FINNIFTY02JAN2421700PE.NFO,02/01/2024,09:24:39,280.95,280.75,400,281.5,400,0,65120
FINNIFTY02JAN2421700PE.NFO,02/01/2024,09:24:40,281.9,281.65,400,282.35,320,40,65120
FINNIFTY02JAN2421700PE.NFO,02/01/2024,09:24:41,281.9,281.25,320,281.9,320,0,65120
FINNIFTY02JAN2421700PE.NFO,02/01/2024,09:24:41,281.9,280.85,240,281.45,320,0,65120
FINNIFTY02JAN2421700PE.NFO,02/01/2024,09:24:42,281.9,280.85,640,281.65,360,0,65120
FINNIFTY02JAN2421700PE.NFO,02/01/2024,09:24:44,281.9,280.2,320,280.9,320,0,65120
FINNIFTY02JAN2421700PE.NFO,02/01/2024,09:24:45,281.9,281,320,281.55,560,0,65120
FINNIFTY02JAN2421700PE.NFO,02/01/2024,09:24:46,281.1,280.2,640,280.95,400,40,65120
FINNIFTY02JAN2421700PE.NFO,02/01/2024,09:24:46,281.1,280.3,840,280.95,280,0,65120
FINNIFTY02JAN2421700PE.NFO,02/01/2024,09:24:47,281.1,280.75,240,281.3,200,0,65120
FINNIFTY02JAN2421700PE.NFO,02/01/2024,09:24:49,280,279.6,400,280.25,120,160,65120
FINNIFTY02JAN2421700PE.NFO,02/01/2024,09:24:50,280,279.1,360,279.75,160,0,65120
FINNIFTY02JAN2421700PE.NFO,02/01/2024,09:24:51,280,279.15,400,279.9,640,0,65120
FINNIFTY02JAN2421700PE.NFO,02/01/2024,09:24:51,280,279.45,280,280.1,160,0,65120
FINNIFTY02JAN2421700PE.NFO,02/01/2024,09:24:52,280,280.7,80,281.35,160,0,65120
FINNIFTY02JAN2421700PE.NFO,02/01/2024,09:24:54,280,280,320,280.6,120,0,65120
FINNIFTY02JAN2421700PE.NFO,02/01/2024,09:24:55,280,281.6,240,282.2,40,0,65120
FINNIFTY02JAN2421700PE.NFO,02/01/2024,09:24:56,280,282.55,240,283.1,120,0,65120
FINNIFTY02JAN2421700PE.NFO,02/01/2024,09:24:56,280,282.5,240,283.1,120,0,65120
FINNIFTY02JAN2421700PE.NFO,02/01/2024,09:24:57,280,281.95,320,282.65,720,0,65120
FINNIFTY02JAN2421700PE.NFO,02/01/2024,09:24:59,283,282.75,40,283.35,400,240,65120
FINNIFTY02JAN2421700PE.NFO,02/01/2024,09:25:00,283,283.55,640,284.3,120,0,65120
FINNIFTY02JAN2421700PE.NFO,02/01/2024,09:25:01,283.75,283.35,80,284.1,320,40,65120
FINNIFTY02JAN2421700PE.NFO,02/01/2024,09:25:01,283.75,283.55,200,284.2,200,0,65120
FINNIFTY02JAN2421700PE.NFO,02/01/2024,09:25:02,283,282.3,280,282.95,280,40,65120
FINNIFTY02JAN2421700PE.NFO,02/01/2024,09:25:03,283,282.15,360,282.85,160,0,65120
FINNIFTY02JAN2421700PE.NFO,02/01/2024,09:25:04,283,282.2,200,282.75,320,0,65120
FINNIFTY02JAN2421700PE.NFO,02/01/2024,09:25:05,283,282.3,280,283,240,0,65120
FINNIFTY02JAN2421700PE.NFO,02/01/2024,09:25:06,283,282.35,280,282.95,120,0,65120
FINNIFTY02JAN2421700PE.NFO,02/01/2024,09:25:07,282.7,280.85,880,281.65,680,40,65120
FINNIFTY02JAN2421700PE.NFO,02/01/2024,09:25:09,282.7,281.8,280,282.45,200,0,65120
FINNIFTY02JAN2421700PE.NFO,02/01/2024,09:25:10,282.7,282.1,280,282.8,640,0,65120
FINNIFTY02JAN2421700PE.NFO,02/01/2024,09:25:11,282.7,283.1,280,283.8,280,40,65120
FINNIFTY02JAN2421700PE.NFO,02/01/2024,09:25:12,282.7,282.6,880,283.3,280,0,65120
FINNIFTY02JAN2421700PE.NFO,02/01/2024,09:25:13,282.7,282.6,80,283.25,280,0,65120
FINNIFTY02JAN2421700PE.NFO,02/01/2024,09:25:14,282.7,282.8,200,283.45,120,0,65120
FINNIFTY02JAN2421700PE.NFO,02/01/2024,09:25:15,282.7,282.85,80,283.5,200,0,65120
FINNIFTY02JAN2421700PE.NFO,02/01/2024,09:25:15,282.7,283.1,360,283.8,800,0,65120
FINNIFTY02JAN2421700PE.NFO,02/01/2024,09:25:16,282.7,283.3,120,283.85,800,0,65120
FINNIFTY02JAN2421700PE.NFO,02/01/2024,09:25:18,283.3,282.65,200,283.3,680,40,65120
FINNIFTY02JAN2421700PE.NFO,02/01/2024,09:25:19,282.7,282.25,280,282.85,160,120,65120
FINNIFTY02JAN2421700PE.NFO,02/01/2024,09:25:20,282.7,282.35,280,283.1,720,0,65120
FINNIFTY02JAN2421700PE.NFO,02/01/2024,09:25:21,283.1,281.2,760,281.9,160,40,65120
FINNIFTY02JAN2421700PE.NFO,02/01/2024,09:25:22,281.95,281.35,920,282.1,640,440,65120
FINNIFTY02JAN2421700PE.NFO,02/01/2024,09:25:23,281.95,281.6,920,282.35,120,0,65120
FINNIFTY02JAN2421700PE.NFO,02/01/2024,09:25:24,281.95,281.35,120,282.05,760,0,65120
FINNIFTY02JAN2421700PE.NFO,02/01/2024,09:25:25,281.6,281.65,120,282.3,560,40,65120
FINNIFTY02JAN2421700PE.NFO,02/01/2024,09:25:25,281.6,281.9,200,282.55,120,0,65120
FINNIFTY02JAN2421700PE.NFO,02/01/2024,09:25:26,281.05,280.95,200,281.55,720,40,65120
FINNIFTY02JAN2421700PE.NFO,02/01/2024,09:25:27,280.4,280.4,160,281,160,40,65120
FINNIFTY02JAN2421700PE.NFO,02/01/2024,09:25:28,280.4,280.7,880,281.45,200,0,65120
FINNIFTY02JAN2421700PE.NFO,02/01/2024,09:25:29,280.4,279.95,280,280.7,760,0,65120
FINNIFTY02JAN2421700PE.NFO,02/01/2024,09:25:30,280.4,279.65,560,280.4,240,0,65120
FINNIFTY02JAN2421700PE.NFO,02/01/2024,09:25:31,280.4,279.1,40,279.75,240,0,65120
FINNIFTY02JAN2421700PE.NFO,02/01/2024,09:25:33,280.4,278.35,280,279,760,0,65120
FINNIFTY02JAN2421700PE.NFO,02/01/2024,09:25:34,280.4,278.05,280,278.75,640,0,65120
FINNIFTY02JAN2421700PE.NFO,02/01/2024,09:25:35,280.4,277.5,520,278.25,800,0,65120
FINNIFTY02JAN2421700PE.NFO,02/01/2024,09:25:36,278.65,277.4,280,278.1,40,80,65120
FINNIFTY02JAN2421700PE.NFO,02/01/2024,09:25:37,278.65,278.3,360,279.1,640,0,65120
FINNIFTY02JAN2421700PE.NFO,02/01/2024,09:25:37,278.65,278.6,280,279.25,640,0,65120
FINNIFTY02JAN2421700PE.NFO,02/01/2024,09:25:38,278.65,278.2,160,278.8,40,0,65120
FINNIFTY02JAN2421700PE.NFO,02/01/2024,09:25:39,278.65,278.95,120,279.65,720,0,65120
FINNIFTY02JAN2421700PE.NFO,02/01/2024,09:25:40,278.65,279.25,240,279.9,40,0,65120
FINNIFTY02JAN2421700PE.NFO,02/01/2024,09:25:41,278.65,278.55,240,279.2,40,0,65120
FINNIFTY02JAN2421700PE.NFO,02/01/2024,09:25:42,278.65,277.95,120,278.55,560,0,65120
FINNIFTY02JAN2421700PE.NFO,02/01/2024,09:25:43,278.65,278.2,120,278.8,640,0,65120
FINNIFTY02JAN2421700PE.NFO,02/01/2024,09:25:44,278.3,278.65,320,279.35,560,40,65120
FINNIFTY02JAN2421700PE.NFO,02/01/2024,09:25:45,278.3,278.2,280,278.95,680,0,65120
FINNIFTY02JAN2421700PE.NFO,02/01/2024,09:25:46,278.3,278.8,920,279.55,680,0,65120
FINNIFTY02JAN2421700PE.NFO,02/01/2024,09:25:47,279,278.55,240,279.2,240,240,65120
FINNIFTY02JAN2421700PE.NFO,02/01/2024,09:25:48,279,279.25,160,279.85,240,0,65120
FINNIFTY02JAN2421700PE.NFO,02/01/2024,09:25:49,279,280,160,280.6,120,0,65120
FINNIFTY02JAN2421700PE.NFO,02/01/2024,09:25:50,279,279.65,160,280.3,120,0,65120
FINNIFTY02JAN2421700PE.NFO,02/01/2024,09:25:51,279,279.7,120,280.3,120,0,65120
FINNIFTY02JAN2421700PE.NFO,02/01/2024,09:25:52,279,279.3,920,280,120,0,65120
FINNIFTY02JAN2421700PE.NFO,02/01/2024,09:25:53,279,279.05,120,279.65,640,0,65120
FINNIFTY02JAN2421700PE.NFO,02/01/2024,09:25:54,278.3,277.15,240,277.95,800,80,65120
FINNIFTY02JAN2421700PE.NFO,02/01/2024,09:25:55,276.7,276.9,960,277.6,40,120,65120
FINNIFTY02JAN2421700PE.NFO,02/01/2024,09:25:56,277.15,276.65,40,277.3,560,40,65120
FINNIFTY02JAN2421700PE.NFO,02/01/2024,09:25:57,277.15,276.05,160,276.55,120,0,65120
FINNIFTY02JAN2421700PE.NFO,02/01/2024,09:25:58,277.15,276.35,240,277.1,680,0,65120
FINNIFTY02JAN2421700PE.NFO,02/01/2024,09:25:59,277.15,276.05,160,276.6,720,0,65120
FINNIFTY02JAN2421700PE.NFO,02/01/2024,09:26:00,276,275.35,160,276,720,400,65120
FINNIFTY02JAN2421700PE.NFO,02/01/2024,09:26:01,275,274.9,120,275.5,120,80,65120
FINNIFTY02JAN2421700PE.NFO,02/01/2024,09:26:02,275,275.45,240,275.95,200,0,65120
FINNIFTY02JAN2421700PE.NFO,02/01/2024,09:26:03,276,275.4,40,276,200,40,65120
FINNIFTY02JAN2421700PE.NFO,02/01/2024,09:26:04,276,275.55,40,276.2,640,0,65120
FINNIFTY02JAN2421700PE.NFO,02/01/2024,09:26:05,276,275.55,160,276.2,680,0,65120
FINNIFTY02JAN2421700PE.NFO,02/01/2024,09:26:06,276,275.1,160,275.7,120,0,65120
FINNIFTY02JAN2421700PE.NFO,02/01/2024,09:26:07,276,275.5,120,276.15,600,0,65120
FINNIFTY02JAN2421700PE.NFO,02/01/2024,09:26:08,276,275.2,40,275.85,160,0,65120
FINNIFTY02JAN2421700PE.NFO,02/01/2024,09:26:09,276,275.6,160,276.2,640,0,65120
FINNIFTY02JAN2421700PE.NFO,02/01/2024,09:26:10,276,275.45,240,276.05,640,0,65120
FINNIFTY02JAN2421700PE.NFO,02/01/2024,09:26:11,276,276,40,276.25,560,40,65120
FINNIFTY02JAN2421700PE.NFO,02/01/2024,09:26:12,276,275.3,200,276.05,640,40,65120
FINNIFTY02JAN2421700PE.NFO,02/01/2024,09:26:13,276,274.1,120,274.75,120,0,65120
FINNIFTY02JAN2421700PE.NFO,02/01/2024,09:26:14,272.4,271.8,240,272.6,120,520,65120
FINNIFTY02JAN2421700PE.NFO,02/01/2024,09:26:15,262,258.55,400,261.3,80,4960,65120
FINNIFTY02JAN2421700PE.NFO,02/01/2024,09:26:15,262,258.55,400,261.3,80,0,65120
FINNIFTY02JAN2421700PE.NFO,02/01/2024,09:26:16,264.1,262.5,40,264.6,40,7840,65120
FINNIFTY02JAN2421700PE.NFO,02/01/2024,09:26:16,241.1,262.5,40,264.6,40,0,65120
FINNIFTY02JAN2421700PE.NFO,02/01/2024,09:26:17,263.4,262.35,40,263.35,80,6480,65120
FINNIFTY02JAN2421700PE.NFO,02/01/2024,09:26:18,257.55,257.3,80,258.1,40,4000,65120
FINNIFTY02JAN2421700PE.NFO,02/01/2024,09:26:20,257.65,257.65,120,258.8,120,80,65120
FINNIFTY02JAN2421700PE.NFO,02/01/2024,09:26:21,258.2,256.95,160,257.8,280,760,65120
FINNIFTY02JAN2421700PE.NFO,02/01/2024,09:26:22,258.2,257.6,160,258.35,160,0,65120
FINNIFTY02JAN2421700PE.NFO,02/01/2024,09:26:23,258.2,257.95,80,258.65,40,0,65120
FINNIFTY02JAN2421700PE.NFO,02/01/2024,09:26:24,258.2,258.75,80,259.7,120,0,65120
FINNIFTY02JAN2421700PE.NFO,02/01/2024,09:26:25,258.2,258.7,80,259.6,160,0,65120
FINNIFTY02JAN2421700PE.NFO,02/01/2024,09:26:26,258.2,260.5,120,261.1,120,0,65120
FINNIFTY02JAN2421700PE.NFO,02/01/2024,09:26:27,258.2,260.2,80,260.8,40,0,65120
FINNIFTY02JAN2421700PE.NFO,02/01/2024,09:26:28,260.7,259.9,80,260.8,80,40,67160
FINNIFTY02JAN2421700PE.NFO,02/01/2024,09:26:29,260.7,256.05,120,256.85,280,0,67160
FINNIFTY02JAN2421700PE.NFO,02/01/2024,09:26:30,260.7,253,160,253.8,120,0,67160
FINNIFTY02JAN2421700PE.NFO,02/01/2024,09:26:31,253.3,252.7,160,253.35,560,560,67160
FINNIFTY02JAN2421700PE.NFO,02/01/2024,09:26:32,253.3,252,40,252.5,120,0,67160
FINNIFTY02JAN2421700PE.NFO,02/01/2024,09:26:33,253.3,253.55,160,254.15,120,0,67160
FINNIFTY02JAN2421700PE.NFO,02/01/2024,09:26:34,253.7,253.75,40,254.2,120,40,67160
FINNIFTY02JAN2421700PE.NFO,02/01/2024,09:26:35,254,253.35,160,254.05,120,120,67160
FINNIFTY02JAN2421700PE.NFO,02/01/2024,09:26:36,254.85,253.45,160,254.2,160,40,67160
FINNIFTY02JAN2421700PE.NFO,02/01/2024,09:26:37,253.3,252.75,160,253.45,640,80,67160
FINNIFTY02JAN2421700PE.NFO,02/01/2024,09:26:38,248.3,248.3,120,249.1,320,40,67160
FINNIFTY02JAN2421700PE.NFO,02/01/2024,09:26:39,245.55,244.8,80,245.15,80,280,67160
FINNIFTY02JAN2421700PE.NFO,02/01/2024,09:26:40,241.6,240.95,40,242.45,80,480,67160
FINNIFTY02JAN2421700PE.NFO,02/01/2024,09:26:41,242.5,242.1,200,243.15,80,40,67160
FINNIFTY02JAN2421700PE.NFO,02/01/2024,09:26:42,243.3,242,160,242.8,160,40,67160
FINNIFTY02JAN2421700PE.NFO,02/01/2024,09:26:43,244.15,242.25,160,243.1,120,120,67160
FINNIFTY02JAN2421700PE.NFO,02/01/2024,09:26:44,242.5,240.45,80,241.2,40,80,67160
FINNIFTY02JAN2421700PE.NFO,02/01/2024,09:26:45,242.5,236.9,160,237.55,160,0,67160
FINNIFTY02JAN2421700PE.NFO,02/01/2024,09:26:46,236.15,236,80,236.85,200,40,67160
FINNIFTY02JAN2421700PE.NFO,02/01/2024,09:26:46,236.15,236,80,236.85,200,0,67160
FINNIFTY02JAN2421700PE.NFO,02/01/2024,09:26:47,233.1,233.1,120,233.85,280,320,67160
FINNIFTY02JAN2421700PE.NFO,02/01/2024,09:26:47,233.1,233.1,120,233.85,280,0,67160
FINNIFTY02JAN2421700PE.NFO,02/01/2024,09:26:48,235.75,235.1,80,235.75,120,520,67160
FINNIFTY02JAN2421700PE.NFO,02/01/2024,09:26:48,232.1,235.1,80,235.75,120,0,67160
FINNIFTY02JAN2421700PE.NFO,02/01/2024,09:26:49,236.55,236.15,80,236.8,240,80,67160
FINNIFTY02JAN2421700PE.NFO,02/01/2024,09:26:50,237.3,237.1,200,237.95,240,200,67160
FINNIFTY02JAN2421700PE.NFO,02/01/2024,09:26:51,237.1,236.1,360,236.95,160,200,67160
FINNIFTY02JAN2421700PE.NFO,02/01/2024,09:26:52,235.6,235.1,80,235.8,240,40,67160
FINNIFTY02JAN2421700PE.NFO,02/01/2024,09:26:53,236.45,235.95,240,236.95,240,80,67160
FINNIFTY02JAN2421700PE.NFO,02/01/2024,09:26:54,239,238.95,80,239.85,160,40,67160
FINNIFTY02JAN2421700PE.NFO,02/01/2024,09:26:55,242.55,241.55,520,242.3,80,80,67160
FINNIFTY02JAN2421700PE.NFO,02/01/2024,09:26:56,241.15,241,240,241.75,240,240,67160
FINNIFTY02JAN2421700PE.NFO,02/01/2024,09:26:57,241.7,241.7,160,242.65,160,40,67160
FINNIFTY02JAN2421700PE.NFO,02/01/2024,09:26:58,243.45,243.4,680,243.95,240,40,67160
FINNIFTY02JAN2421700PE.NFO,02/01/2024,09:26:59,244.9,244.4,160,245,40,1000,67160
FINNIFTY02JAN2421700PE.NFO,02/01/2024,09:27:00,244.9,244,240,244.75,280,0,67160
FINNIFTY02JAN2421700PE.NFO,02/01/2024,09:27:01,242.4,241.1,240,241.8,80,240,67160
FINNIFTY02JAN2421700PE.NFO,02/01/2024,09:27:02,242.4,238.8,240,239.65,640,0,67160
FINNIFTY02JAN2421700PE.NFO,02/01/2024,09:27:03,241.85,239.6,360,240.55,400,160,67160
FINNIFTY02JAN2421700PE.NFO,02/01/2024,09:27:04,240.15,238.85,240,239.5,640,400,67160
FINNIFTY02JAN2421700PE.NFO,02/01/2024,09:27:05,240.8,240.75,240,241.4,240,120,67160
FINNIFTY02JAN2421700PE.NFO,02/01/2024,09:27:06,240.8,241.25,240,242.1,400,0,67160
FINNIFTY02JAN2421700PE.NFO,02/01/2024,09:27:07,242.05,241.35,200,241.9,80,160,67160
FINNIFTY02JAN2421700PE.NFO,02/01/2024,09:27:08,240.85,239.85,80,240.55,120,40,67160
FINNIFTY02JAN2421700PE.NFO,02/01/2024,09:27:09,239.4,238.35,320,239,80,440,67160
FINNIFTY02JAN2421700PE.NFO,02/01/2024,09:27:10,239.4,238.75,200,239.45,120,0,67160
FINNIFTY02JAN2421700PE.NFO,02/01/2024,09:27:11,240.15,241.15,280,241.75,160,120,67160
FINNIFTY02JAN2421700PE.NFO,02/01/2024,09:27:12,242.65,242.35,280,242.95,80,120,67160
FINNIFTY02JAN2421700PE.NFO,02/01/2024,09:27:13,241.55,240.8,280,241.45,40,40,67160
FINNIFTY02JAN2421700PE.NFO,02/01/2024,09:27:14,238.7,240.05,280,240.75,240,80,67160
FINNIFTY02JAN2421700PE.NFO,02/01/2024,09:27:15,238.7,241.9,640,242.85,760,0,67160
FINNIFTY02JAN2421700PE.NFO,02/01/2024,09:27:16,238.7,242.75,280,243.7,120,0,67160
FINNIFTY02JAN2421700PE.NFO,02/01/2024,09:27:17,238.7,242.5,40,243.15,320,0,67160
FINNIFTY02JAN2421700PE.NFO,02/01/2024,09:27:18,238.7,242.1,200,242.7,200,0,67160
FINNIFTY02JAN2421700PE.NFO,02/01/2024,09:27:19,238.7,241.7,200,242.3,200,0,67160
FINNIFTY02JAN2421700PE.NFO,02/01/2024,09:27:20,238.7,242.55,520,243.25,280,0,67160
FINNIFTY02JAN2421700PE.NFO,02/01/2024,09:27:21,243.05,242.35,120,242.95,680,1240,67160
FINNIFTY02JAN2421700PE.NFO,02/01/2024,09:27:22,243.05,241.6,200,242.2,280,0,67160
FINNIFTY02JAN2421700PE.NFO,02/01/2024,09:27:23,243.05,241.1,360,241.75,40,0,67160
FINNIFTY02JAN2421700PE.NFO,02/01/2024,09:27:24,242.3,241,360,241.7,1000,80,67160
FINNIFTY02JAN2421700PE.NFO,02/01/2024,09:27:25,243,242.65,360,243.25,200,40,67160
FINNIFTY02JAN2421700PE.NFO,02/01/2024,09:27:26,244.8,244.1,320,244.8,200,800,67160
FINNIFTY02JAN2421700PE.NFO,02/01/2024,09:27:27,244.8,246,240,246.5,240,0,67160
FINNIFTY02JAN2421700PE.NFO,02/01/2024,09:27:28,244.8,245.75,400,246.6,80,0,67160
FINNIFTY02JAN2421700PE.NFO,02/01/2024,09:27:29,244.8,245.9,360,246.6,400,0,67160
FINNIFTY02JAN2421700PE.NFO,02/01/2024,09:27:30,246.75,246.1,400,246.7,40,880,67160
FINNIFTY02JAN2421700PE.NFO,02/01/2024,09:27:31,246.75,245.8,360,246.5,160,0,67160
FINNIFTY02JAN2421700PE.NFO,02/01/2024,09:27:32,248.8,248.5,120,249.4,240,120,67160
FINNIFTY02JAN2421700PE.NFO,02/01/2024,09:27:33,248.45,247,480,247.7,360,1840,67160
FINNIFTY02JAN2421700PE.NFO,02/01/2024,09:27:34,247.9,247.65,320,248.2,280,400,67160
FINNIFTY02JAN2421700PE.NFO,02/01/2024,09:27:35,247.9,246.05,480,246.65,240,0,67160
FINNIFTY02JAN2421700PE.NFO,02/01/2024,09:27:36,247.9,244.55,240,245.05,240,0,67160
FINNIFTY02JAN2421700PE.NFO,02/01/2024,09:27:37,244.4,243.75,240,244.15,240,40,67160
FINNIFTY02JAN2421700PE.NFO,02/01/2024,09:27:38,245,243.9,240,244.45,200,40,67160
FINNIFTY02JAN2421700PE.NFO,02/01/2024,09:27:39,245,244.25,240,244.7,40,0,67160
FINNIFTY02JAN2421700PE.NFO,02/01/2024,09:27:40,245.4,244.8,680,245.45,560,400,67160
FINNIFTY02JAN2421700PE.NFO,02/01/2024,09:27:41,244.95,244.7,440,245.4,400,40,67160
FINNIFTY02JAN2421700PE.NFO,02/01/2024,09:27:42,245.25,244.4,520,245.05,240,200,67160
FINNIFTY02JAN2421700PE.NFO,02/01/2024,09:27:43,245.25,243.25,80,243.85,200,0,67160
FINNIFTY02JAN2421700PE.NFO,02/01/2024,09:27:44,243.05,243.3,400,243.85,240,40,67160
FINNIFTY02JAN2421700PE.NFO,02/01/2024,09:27:45,243.05,244.75,480,245.45,560,0,67160
FINNIFTY02JAN2421700PE.NFO,02/01/2024,09:27:46,243.05,244.7,200,245.25,120,0,67160
FINNIFTY02JAN2421700PE.NFO,02/01/2024,09:27:47,243.05,244.8,360,245.35,80,0,67160
FINNIFTY02JAN2421700PE.NFO,02/01/2024,09:27:48,243.05,245.3,360,245.8,40,0,67160
FINNIFTY02JAN2421700PE.NFO,02/01/2024,09:27:49,243.05,243.35,200,243.8,400,0,67160
FINNIFTY02JAN2421700PE.NFO,02/01/2024,09:27:50,243.05,242.7,280,243.3,280,0,67160
FINNIFTY02JAN2421700PE.NFO,02/01/2024,09:27:51,243.05,242.5,280,242.95,40,0,67160
FINNIFTY02JAN2421700PE.NFO,02/01/2024,09:27:52,241.6,238.9,40,239.55,280,600,67160
FINNIFTY02JAN2421700PE.NFO,02/01/2024,09:27:53,237.4,236.85,360,237.45,560,200,67160
FINNIFTY02JAN2421700PE.NFO,02/01/2024,09:27:54,237.4,237.95,360,238.55,200,0,67160
FINNIFTY02JAN2421700PE.NFO,02/01/2024,09:27:55,236.35,236.25,160,236.95,160,320,67160
FINNIFTY02JAN2421700PE.NFO,02/01/2024,09:27:56,236.35,236.75,320,237.5,280,0,67160
FINNIFTY02JAN2421700PE.NFO,02/01/2024,09:27:57,234.35,233.9,280,234.55,120,320,67160
FINNIFTY02JAN2421700PE.NFO,02/01/2024,09:27:58,233.05,232.8,80,233.9,240,10120,67160
FINNIFTY02JAN2421700PE.NFO,02/01/2024,09:27:58,223.25,232.8,80,233.9,240,0,67160
FINNIFTY02JAN2421700PE.NFO,02/01/2024,09:27:59,229.15,228.7,120,229.5,760,1160,67160
FINNIFTY02JAN2421700PE.NFO,02/01/2024,09:28:00,230.95,230.45,80,231.2,560,40,67160
FINNIFTY02JAN2421700PE.NFO,02/01/2024,09:28:01,231.35,230.2,440,231.4,960,1120,67160
FINNIFTY02JAN2421700PE.NFO,02/01/2024,09:28:02,232.2,232,520,232.7,520,480,67160
FINNIFTY02JAN2421700PE.NFO,02/01/2024,09:28:03,228.9,228.1,360,228.75,360,800,67160
FINNIFTY02JAN2421700PE.NFO,02/01/2024,09:28:04,226.75,227.75,440,228.45,360,200,67160
FINNIFTY02JAN2421700PE.NFO,02/01/2024,09:28:05,226.75,227.3,400,227.9,280,0,67160
FINNIFTY02JAN2421700PE.NFO,02/01/2024,09:28:06,229.7,229.7,320,230.35,240,120,67160
FINNIFTY02JAN2421700PE.NFO,02/01/2024,09:28:07,231.15,230.9,1000,231.65,560,200,67160
FINNIFTY02JAN2421700PE.NFO,02/01/2024,09:28:08,231.15,231.2,320,231.7,80,0,67160
FINNIFTY02JAN2421700PE.NFO,02/01/2024,09:28:09,231.15,231.55,320,232,320,0,67160
FINNIFTY02JAN2421700PE.NFO,02/01/2024,09:28:10,231.15,232,400,232.7,560,0,67160
FINNIFTY02JAN2421700PE.NFO,02/01/2024,09:28:11,232.95,232.45,320,233.05,400,40,67160
FINNIFTY02JAN2421700PE.NFO,02/01/2024,09:28:12,232.95,232.25,400,232.9,240,0,67160
FINNIFTY02JAN2421700PE.NFO,02/01/2024,09:28:13,232.95,233.25,400,233.85,240,0,67160
FINNIFTY02JAN2421700PE.NFO,02/01/2024,09:28:14,232.95,233.2,560,233.95,80,0,67160
FINNIFTY02JAN2421700PE.NFO,02/01/2024,09:28:15,232.95,233.85,320,234.4,400,40,67160
FINNIFTY02JAN2421700PE.NFO,02/01/2024,09:28:16,232.95,233.2,400,233.85,480,0,67160
FINNIFTY02JAN2421700PE.NFO,02/01/2024,09:28:17,232.95,233.1,400,233.8,520,0,67160
FINNIFTY02JAN2421700PE.NFO,02/01/2024,09:28:18,232.95,233.65,400,234.45,1240,0,67160
FINNIFTY02JAN2421700PE.NFO,02/01/2024,09:28:19,232.95,233.5,320,234.1,280,0,67160
FINNIFTY02JAN2421700PE.NFO,02/01/2024,09:28:20,235.55,235.25,400,235.8,280,160,67160
FINNIFTY02JAN2421700PE.NFO,02/01/2024,09:28:21,235.55,232.45,520,233.3,360,0,67160
FINNIFTY02JAN2421700PE.NFO,02/01/2024,09:28:22,233.2,233.25,320,233.8,160,40,67160
FINNIFTY02JAN2421700PE.NFO,02/01/2024,09:28:23,233.2,232.5,800,233.25,200,0,67160
FINNIFTY02JAN2421700PE.NFO,02/01/2024,09:28:24,232.55,231.35,640,231.95,320,200,67160
FINNIFTY02JAN2421700PE.NFO,02/01/2024,09:28:25,231.85,229.25,320,229.85,120,40,67160
FINNIFTY02JAN2421700PE.NFO,02/01/2024,09:28:26,231.85,230.3,360,230.85,40,0,67160
FINNIFTY02JAN2421700PE.NFO,02/01/2024,09:28:27,231.9,230.95,560,231.65,280,1840,67160
FINNIFTY02JAN2421700PE.NFO,02/01/2024,09:28:28,231.9,232,280,232.5,200,0,67160
FINNIFTY02JAN2421700PE.NFO,02/01/2024,09:28:29,232.55,231.3,280,232.1,1200,40,67160
FINNIFTY02JAN2421700PE.NFO,02/01/2024,09:28:30,230.25,230.6,360,231.1,240,80,67160
FINNIFTY02JAN2421700PE.NFO,02/01/2024,09:28:31,230.25,231.75,760,232.45,120,0,67160
FINNIFTY02JAN2421700PE.NFO,02/01/2024,09:28:32,230.25,232.55,200,233.05,120,0,67160
FINNIFTY02JAN2421700PE.NFO,02/01/2024,09:28:33,230.25,234.05,440,234.8,320,0,67160
FINNIFTY02JAN2421700PE.NFO,02/01/2024,09:28:34,230.25,234.85,360,235.4,40,0,67160
FINNIFTY02JAN2421700PE.NFO,02/01/2024,09:28:35,235.95,235.55,440,236.2,80,120,67160
FINNIFTY02JAN2421700PE.NFO,02/01/2024,09:28:36,235.95,234.85,480,235.5,120,0,67160
FINNIFTY02JAN2421700PE.NFO,02/01/2024,09:28:37,236.1,235.4,360,236.3,360,1160,67160
FINNIFTY02JAN2421700PE.NFO,02/01/2024,09:28:38,236.1,236.75,280,237.6,480,0,67160
FINNIFTY02JAN2421700PE.NFO,02/01/2024,09:28:39,236.1,237.35,40,238.35,40,0,67160
FINNIFTY02JAN2421700PE.NFO,02/01/2024,09:28:40,236.1,235.85,560,236.55,40,0,67160
FINNIFTY02JAN2421700PE.NFO,02/01/2024,09:28:41,236.1,235.9,440,236.65,600,0,67160
FINNIFTY02JAN2421700PE.NFO,02/01/2024,09:28:42,236.2,236,440,236.75,120,80,67160
FINNIFTY02JAN2421700PE.NFO,02/01/2024,09:28:43,236.2,236.25,360,236.95,80,0,67160
FINNIFTY02JAN2421700PE.NFO,02/01/2024,09:28:44,236.15,236.6,720,237.4,200,40,67160
FINNIFTY02JAN2421700PE.NFO,02/01/2024,09:28:45,236.25,235.9,280,236.35,40,280,67160
FINNIFTY02JAN2421700PE.NFO,02/01/2024,09:28:46,236.5,235.5,600,236.2,600,400,67160
FINNIFTY02JAN2421700PE.NFO,02/01/2024,09:28:47,236.5,234.35,360,235,80,0,67160
FINNIFTY02JAN2421700PE.NFO,02/01/2024,09:28:48,234.95,234.8,480,235.45,160,800,67160
FINNIFTY02JAN2421700PE.NFO,02/01/2024,09:28:49,234.95,235.9,480,236.5,80,0,67160
FINNIFTY02JAN2421700PE.NFO,02/01/2024,09:28:50,234.95,235.5,280,236.15,40,0,67160
FINNIFTY02JAN2421700PE.NFO,02/01/2024,09:28:51,235.9,235.25,280,235.85,40,440,67160
FINNIFTY02JAN2421700PE.NFO,02/01/2024,09:28:52,235.9,235.35,360,236.05,40,0,67160
FINNIFTY02JAN2421700PE.NFO,02/01/2024,09:28:53,235.9,235.85,280,236.45,80,0,67160
FINNIFTY02JAN2421700PE.NFO,02/01/2024,09:28:54,235.9,235.55,360,236.15,120,80,67160
FINNIFTY02JAN2421700PE.NFO,02/01/2024,09:28:55,235.9,237.1,360,237.65,240,0,67160
FINNIFTY02JAN2421700PE.NFO,02/01/2024,09:28:56,235.9,237.55,360,238.1,80,0,67160
FINNIFTY02JAN2421700PE.NFO,02/01/2024,09:28:57,235.9,237.9,280,238.45,680,0,67160
FINNIFTY02JAN2421700PE.NFO,02/01/2024,09:28:58,235.9,237.65,480,238.25,40,0,67160
FINNIFTY02JAN2421700PE.NFO,02/01/2024,09:28:59,238.6,238.45,440,239.05,40,200,67160
FINNIFTY02JAN2421700PE.NFO,02/01/2024,09:29:00,239.1,239.65,480,240.6,2080,40,67160
FINNIFTY02JAN2421700PE.NFO,02/01/2024,09:29:01,239.05,238,520,238.5,560,40,67160
FINNIFTY02JAN2421700PE.NFO,02/01/2024,09:29:02,240.15,239.6,560,240.15,80,120,67160
FINNIFTY02JAN2421700PE.NFO,02/01/2024,09:29:03,240.85,240.3,520,240.95,40,80,67160
FINNIFTY02JAN2421700PE.NFO,02/01/2024,09:29:04,241.5,239.8,200,240.35,160,120,67160
FINNIFTY02JAN2421700PE.NFO,02/01/2024,09:29:05,240.7,240.5,280,241.15,40,520,67160
FINNIFTY02JAN2421700PE.NFO,02/01/2024,09:29:06,240.7,240.75,760,241.55,40,0,67160
FINNIFTY02JAN2421700PE.NFO,02/01/2024,09:29:07,240.7,240.5,360,241.15,600,0,67160
FINNIFTY02JAN2421700PE.NFO,02/01/2024,09:29:08,240.7,240.7,360,241.35,40,0,67160
FINNIFTY02JAN2421700PE.NFO,02/01/2024,09:29:09,240.7,240.8,720,241.6,600,0,67160
FINNIFTY02JAN2421700PE.NFO,02/01/2024,09:29:10,240.7,239.5,280,240.2,280,0,67160
FINNIFTY02JAN2421700PE.NFO,02/01/2024,09:29:11,240.7,239.35,360,239.95,560,0,67160
FINNIFTY02JAN2421700PE.NFO,02/01/2024,09:29:12,239.15,237.6,360,238.2,560,240,67160
FINNIFTY02JAN2421700PE.NFO,02/01/2024,09:29:13,237.65,238.1,280,238.7,80,80,67160
FINNIFTY02JAN2421700PE.NFO,02/01/2024,09:29:14,237.65,238.3,360,238.85,80,0,67160
FINNIFTY02JAN2421700PE.NFO,02/01/2024,09:29:15,237.65,239.05,560,239.7,560,0,67160
FINNIFTY02JAN2421700PE.NFO,02/01/2024,09:29:16,237.65,239.8,840,240.5,560,0,67160
FINNIFTY02JAN2421700PE.NFO,02/01/2024,09:29:17,237.65,239.4,680,240.1,360,0,67160
FINNIFTY02JAN2421700PE.NFO,02/01/2024,09:29:18,237.65,240.4,280,240.95,80,0,67160
FINNIFTY02JAN2421700PE.NFO,02/01/2024,09:29:19,237.65,240.45,560,241.1,80,0,67160
FINNIFTY02JAN2421700PE.NFO,02/01/2024,09:29:20,241.5,241.35,280,241.95,200,40,67160
FINNIFTY02JAN2421700PE.NFO,02/01/2024,09:29:21,241.5,241.25,360,241.85,40,0,67160
FINNIFTY02JAN2421700PE.NFO,02/01/2024,09:29:22,241.5,241.45,560,242.2,360,0,67160
FINNIFTY02JAN2421700PE.NFO,02/01/2024,09:29:23,241.7,241.5,640,242.1,40,40,67160
FINNIFTY02JAN2421700PE.NFO,02/01/2024,09:29:24,241.7,241.15,560,241.8,560,0,67160
FINNIFTY02JAN2421700PE.NFO,02/01/2024,09:29:25,240.3,240.35,360,240.9,360,1000,67160
FINNIFTY02JAN2421700PE.NFO,02/01/2024,09:29:26,240.3,242.15,480,242.85,320,0,67160
FINNIFTY02JAN2421700PE.NFO,02/01/2024,09:29:27,240.3,242.55,720,243.25,680,0,67160
FINNIFTY02JAN2421700PE.NFO,02/01/2024,09:29:28,240.3,242.6,560,243.3,480,0,67160
FINNIFTY02JAN2421700PE.NFO,02/01/2024,09:29:29,242.4,242.45,360,243,360,520,67160
FINNIFTY02JAN2421700PE.NFO,02/01/2024,09:29:30,242,241.3,560,242.05,80,40,76360
FINNIFTY02JAN2421700PE.NFO,02/01/2024,09:29:31,241.8,241.3,360,241.9,280,40,76360
FINNIFTY02JAN2421700PE.NFO,02/01/2024,09:29:32,241.8,241.25,160,241.7,360,0,76360
FINNIFTY02JAN2421700PE.NFO,02/01/2024,09:29:33,241.8,241.75,360,242.35,360,0,76360
FINNIFTY02JAN2421700PE.NFO,02/01/2024,09:29:34,242,241.75,560,242.35,560,80,76360
FINNIFTY02JAN2421700PE.NFO,02/01/2024,09:29:35,242,240.15,360,240.75,360,0,76360
FINNIFTY02JAN2421700PE.NFO,02/01/2024,09:29:36,242,239,1480,239.8,200,0,76360
FINNIFTY02JAN2421700PE.NFO,02/01/2024,09:29:37,242,239.35,200,239.8,360,0,76360
FINNIFTY02JAN2421700PE.NFO,02/01/2024,09:29:38,242,238.6,280,239.15,360,0,76360
FINNIFTY02JAN2421700PE.NFO,02/01/2024,09:29:39,242,238.7,120,239.25,360,0,76360
FINNIFTY02JAN2421700PE.NFO,02/01/2024,09:29:40,242,238.8,240,239.25,360,0,76360
FINNIFTY02JAN2421700PE.NFO,02/01/2024,09:29:41,242,238.85,600,239.65,680,0,76360
FINNIFTY02JAN2421700PE.NFO,02/01/2024,09:29:42,242,238.75,520,239.25,360,0,76360
FINNIFTY02JAN2421700PE.NFO,02/01/2024,09:29:43,242,239.95,240,240.45,280,0,76360
FINNIFTY02JAN2421700PE.NFO,02/01/2024,09:29:44,240.85,239.6,320,240.3,480,120,76360
FINNIFTY02JAN2421700PE.NFO,02/01/2024,09:29:45,240.5,240.35,240,240.8,240,40,76360
FINNIFTY02JAN2421700PE.NFO,02/01/2024,09:29:46,240.85,240.75,600,241.4,640,200,76360
FINNIFTY02JAN2421700PE.NFO,02/01/2024,09:29:47,240.85,240.6,520,241.25,240,0,76360
FINNIFTY02JAN2421700PE.NFO,02/01/2024,09:29:48,240.9,240.2,280,240.85,360,80,76360
FINNIFTY02JAN2421700PE.NFO,02/01/2024,09:29:49,240.9,239.8,480,240.5,480,0,76360
FINNIFTY02JAN2421700PE.NFO,02/01/2024,09:29:50,240.9,239.85,640,240.45,240,0,76360
FINNIFTY02JAN2421700PE.NFO,02/01/2024,09:29:51,240.9,240.15,760,240.9,640,0,76360
FINNIFTY02JAN2421700PE.NFO,02/01/2024,09:29:52,240,239.65,360,240.2,240,400,76360
FINNIFTY02JAN2421700PE.NFO,02/01/2024,09:29:53,240,239.2,480,239.75,400,0,76360
FINNIFTY02JAN2421700PE.NFO,02/01/2024,09:29:54,240,239.55,640,240.2,480,440,76360
FINNIFTY02JAN2421700PE.NFO,02/01/2024,09:29:55,240,239.55,560,240.2,200,0,76360
FINNIFTY02JAN2421700PE.NFO,02/01/2024,09:29:56,240,240.15,600,240.8,560,0,76360
FINNIFTY02JAN2421700PE.NFO,02/01/2024,09:29:57,240.7,240.65,680,241.25,480,120,76360
FINNIFTY02JAN2421700PE.NFO,02/01/2024,09:29:58,240.7,240.75,800,241.35,480,0,76360
FINNIFTY02JAN2421700PE.NFO,02/01/2024,09:29:59,240.7,239.6,320,240.25,480,0,76360
FINNIFTY02JAN2421700PE.NFO,02/01/2024,09:30:00,240.6,239.8,240,240.25,320,80,76360
FINNIFTY02JAN2421700PE.NFO,02/01/2024,09:30:01,237.9,238.15,400,238.7,480,880,76360
FINNIFTY02JAN2421700PE.NFO,02/01/2024,09:30:02,238.6,238.85,1280,239.6,120,440,76360
FINNIFTY02JAN2421700PE.NFO,02/01/2024,09:30:03,241.05,241.55,480,242.1,400,200,76360
FINNIFTY02JAN2421700PE.NFO,02/01/2024,09:30:04,242.3,241.95,680,242.55,240,600,76360
FINNIFTY02JAN2421700PE.NFO,02/01/2024,09:30:05,242.45,242.6,480,243.15,240,80,76360
FINNIFTY02JAN2421700PE.NFO,02/01/2024,09:30:06,242.45,242.95,400,243.55,560,0,76360
FINNIFTY02JAN2421700PE.NFO,02/01/2024,09:30:07,242.45,243.4,440,244.1,640,0,76360
FINNIFTY02JAN2421700PE.NFO,02/01/2024,09:30:08,242.45,243.3,400,243.95,640,0,76360
FINNIFTY02JAN2421700PE.NFO,02/01/2024,09:30:09,242.45,242.2,80,242.95,920,0,76360
FINNIFTY02JAN2421700PE.NFO,02/01/2024,09:30:10,242.45,241.6,320,242.3,880,0,76360
FINNIFTY02JAN2421700PE.NFO,02/01/2024,09:30:11,242.45,241.7,240,242.35,400,0,76360
FINNIFTY02JAN2421700PE.NFO,02/01/2024,09:30:12,242.45,241.35,400,241.95,640,0,76360
FINNIFTY02JAN2421700PE.NFO,02/01/2024,09:30:13,242.45,240.3,640,241,840,0,76360
FINNIFTY02JAN2421700PE.NFO,02/01/2024,09:30:14,242.45,238.35,840,239.1,240,0,76360
FINNIFTY02JAN2421700PE.NFO,02/01/2024,09:30:15,242.45,238.35,520,238.95,240,0,76360
FINNIFTY02JAN2421700PE.NFO,02/01/2024,09:30:16,242.45,238.65,440,239.3,840,0,76360
FINNIFTY02JAN2421700PE.NFO,02/01/2024,09:30:17,242.45,238.35,760,239.05,360,0,76360
FINNIFTY02JAN2421700PE.NFO,02/01/2024,09:30:18,237.3,237.35,560,238.05,680,560,76360
FINNIFTY02JAN2421700PE.NFO,02/01/2024,09:30:19,236.9,235.3,400,235.9,360,40,76360
FINNIFTY02JAN2421700PE.NFO,02/01/2024,09:30:20,234.25,235.45,40,236.25,120,800,76360
FINNIFTY02JAN2421700PE.NFO,02/01/2024,09:30:21,234.25,236.75,360,237.45,720,0,76360
FINNIFTY02JAN2421700PE.NFO,02/01/2024,09:30:22,237.5,237.35,360,238,240,40,76360
FINNIFTY02JAN2421700PE.NFO,02/01/2024,09:30:23,237.5,237.45,640,238.15,240,0,76360
FINNIFTY02JAN2421700PE.NFO,02/01/2024,09:30:24,238.4,238.2,480,238.9,320,80,76360
FINNIFTY02JAN2421700PE.NFO,02/01/2024,09:30:25,238.4,238.35,840,239.2,720,0,76360
FINNIFTY02JAN2421700PE.NFO,02/01/2024,09:30:26,238.4,238.4,560,239.05,360,0,76360
FINNIFTY02JAN2421700PE.NFO,02/01/2024,09:30:27,239.45,239.45,440,240.05,600,120,76360
FINNIFTY02JAN2421700PE.NFO,02/01/2024,09:30:28,240.05,239.45,480,240.05,360,120,76360
FINNIFTY02JAN2421700PE.NFO,02/01/2024,09:30:29,240.05,240.6,200,241.25,640,0,76360
FINNIFTY02JAN2421700PE.NFO,02/01/2024,09:30:30,240.9,241.15,560,241.6,280,40,76360
FINNIFTY02JAN2421700PE.NFO,02/01/2024,09:30:31,240.9,241.15,360,241.95,320,0,76360
FINNIFTY02JAN2421700PE.NFO,02/01/2024,09:30:32,240.9,241.3,920,241.95,360,0,76360
FINNIFTY02JAN2421700PE.NFO,02/01/2024,09:30:33,240.9,240.45,480,241.1,680,0,76360
FINNIFTY02JAN2421700PE.NFO,02/01/2024,09:30:34,240.9,240.65,600,241.3,400,0,76360
FINNIFTY02JAN2421700PE.NFO,02/01/2024,09:30:35,240.9,240.2,840,240.85,520,0,76360
FINNIFTY02JAN2421700PE.NFO,02/01/2024,09:30:36,240.9,240.15,520,240.8,280,0,76360
FINNIFTY02JAN2421700PE.NFO,02/01/2024,09:30:37,240.9,239.85,400,240.5,680,0,76360
FINNIFTY02JAN2421700PE.NFO,02/01/2024,09:30:38,240.75,240.95,760,241.75,1160,40,76360
FINNIFTY02JAN2421700PE.NFO,02/01/2024,09:30:39,241.5,240.45,720,241.05,520,40,76360
FINNIFTY02JAN2421700PE.NFO,02/01/2024,09:30:40,241.5,238.8,440,239.55,880,0,76360
FINNIFTY02JAN2421700PE.NFO,02/01/2024,09:30:41,241.5,238.1,600,238.85,800,0,76360
FINNIFTY02JAN2421700PE.NFO,02/01/2024,09:30:42,241.5,238.1,840,238.85,520,0,76360
FINNIFTY02JAN2421700PE.NFO,02/01/2024,09:30:43,241.5,239.55,640,240.15,520,0,76360
FINNIFTY02JAN2421700PE.NFO,02/01/2024,09:30:44,241.5,239.8,520,240.4,520,0,76360
FINNIFTY02JAN2421700PE.NFO,02/01/2024,09:30:45,239.7,238.95,1280,239.55,520,40,76360
FINNIFTY02JAN2421700PE.NFO,02/01/2024,09:30:46,239.7,239.4,720,240.05,520,0,76360
FINNIFTY02JAN2421700PE.NFO,02/01/2024,09:30:47,239.7,239.15,600,239.8,520,0,76360
FINNIFTY02JAN2421700PE.NFO,02/01/2024,09:30:48,239.7,238.95,160,239.65,840,0,76360
FINNIFTY02JAN2421700PE.NFO,02/01/2024,09:30:49,239.7,239.45,760,240.1,640,0,76360
FINNIFTY02JAN2421700PE.NFO,02/01/2024,09:30:50,239.7,239.35,1160,240,280,0,76360
FINNIFTY02JAN2421700PE.NFO,02/01/2024,09:30:52,239.7,239.75,720,240.5,1160,0,76360
FINNIFTY02JAN2421700PE.NFO,02/01/2024,09:30:52,239.7,239.65,520,240.15,280,0,76360
FINNIFTY02JAN2421700PE.NFO,02/01/2024,09:30:53,239.7,239.3,600,240,800,0,76360
FINNIFTY02JAN2421700PE.NFO,02/01/2024,09:30:54,240.6,240.05,1400,240.75,40,40,76360
FINNIFTY02JAN2421700PE.NFO,02/01/2024,09:30:55,240.05,240.1,720,240.75,520,840,76360
FINNIFTY02JAN2421700PE.NFO,02/01/2024,09:30:57,240.05,240.6,1200,241.25,520,0,76360
FINNIFTY02JAN2421700PE.NFO,02/01/2024,09:30:57,240.05,241,760,241.5,40,0,76360
FINNIFTY02JAN2421700PE.NFO,02/01/2024,09:30:58,241.4,240.75,600,241.4,480,40,76360
FINNIFTY02JAN2421700PE.NFO,02/01/2024,09:30:59,241.5,241.4,480,241.8,40,40,76360
FINNIFTY02JAN2421700PE.NFO,02/01/2024,09:31:00,241.8,241.95,320,242.55,600,40,76360
FINNIFTY02JAN2421700PE.NFO,02/01/2024,09:31:02,241.8,241.95,600,242.65,40,0,76360
FINNIFTY02JAN2421700PE.NFO,02/01/2024,09:31:02,241.8,242.4,1120,243,40,0,76360
FINNIFTY02JAN2421700PE.NFO,02/01/2024,09:31:03,243,242.7,280,243.15,40,40,76360
FINNIFTY02JAN2421700PE.NFO,02/01/2024,09:31:04,242.85,243.3,280,244,560,80,76360
FINNIFTY02JAN2421700PE.NFO,02/01/2024,09:31:05,244.25,243.35,400,244.05,600,40,76360
FINNIFTY02JAN2421700PE.NFO,02/01/2024,09:31:06,243.3,243.5,520,244.15,280,160,76360
FINNIFTY02JAN2421700PE.NFO,02/01/2024,09:31:08,243.3,243.15,440,243.7,320,0,76360
FINNIFTY02JAN2421700PE.NFO,02/01/2024,09:31:09,243.3,242.75,520,243.45,720,0,76360
FINNIFTY02JAN2421700PE.NFO,02/01/2024,09:31:09,243.3,242.85,320,243.4,320,0,76360
FINNIFTY02JAN2421700PE.NFO,02/01/2024,09:31:10,243.3,242.65,600,243.35,600,0,76360
FINNIFTY02JAN2421700PE.NFO,02/01/2024,09:31:11,243.65,242.8,1560,243.5,120,40,76360
FINNIFTY02JAN2421700PE.NFO,02/01/2024,09:31:12,243.9,243.7,720,244.5,1040,160,76360
FINNIFTY02JAN2421700PE.NFO,02/01/2024,09:31:13,244.65,244.55,400,245.25,720,160,76360
FINNIFTY02JAN2421700PE.NFO,02/01/2024,09:31:15,246.45,246.2,640,247,600,80,76360
FINNIFTY02JAN2421700PE.NFO,02/01/2024,09:31:15,246.3,246.3,480,247,680,560,76360
FINNIFTY02JAN2421700PE.NFO,02/01/2024,09:31:16,246.35,246.7,480,247.5,720,80,76360
FINNIFTY02JAN2421700PE.NFO,02/01/2024,09:31:17,246.35,245.3,1000,246.05,680,0,76360
FINNIFTY02JAN2421700PE.NFO,02/01/2024,09:31:18,246.35,244.95,680,245.55,320,0,76360
FINNIFTY02JAN2421700PE.NFO,02/01/2024,09:31:19,246.35,244.95,400,245.6,480,0,76360
FINNIFTY02JAN2421700PE.NFO,02/01/2024,09:31:21,246.35,245.55,400,246.15,480,0,76360
FINNIFTY02JAN2421700PE.NFO,02/01/2024,09:31:21,246.35,245.65,520,246.25,480,0,76360
FINNIFTY02JAN2421700PE.NFO,02/01/2024,09:31:22,246.1,245.05,480,245.7,640,40,76360
FINNIFTY02JAN2421700PE.NFO,02/01/2024,09:31:23,244.7,244.3,440,245,760,280,76360
FINNIFTY02JAN2421700PE.NFO,02/01/2024,09:31:24,244.7,244.55,360,245.3,680,0,76360
FINNIFTY02JAN2421700PE.NFO,02/01/2024,09:31:26,242.45,241.95,360,242.7,760,3280,76360
FINNIFTY02JAN2421700PE.NFO,02/01/2024,09:31:26,242.45,241.65,240,242.25,360,0,76360
FINNIFTY02JAN2421700PE.NFO,02/01/2024,09:31:27,242.45,241.8,680,242.5,280,0,76360
FINNIFTY02JAN2421700PE.NFO,02/01/2024,09:31:28,242.45,242.25,680,242.9,400,0,76360
FINNIFTY02JAN2421700PE.NFO,02/01/2024,09:31:29,242.45,242.55,1440,243.3,520,0,76360
FINNIFTY02JAN2421700PE.NFO,02/01/2024,09:31:31,242.45,242.6,600,243.4,1160,0,76360
FINNIFTY02JAN2421700PE.NFO,02/01/2024,09:31:32,242.45,243.2,480,243.9,680,0,76360
FINNIFTY02JAN2421700PE.NFO,02/01/2024,09:31:32,242.45,243.6,880,244.35,200,0,76360
FINNIFTY02JAN2421700PE.NFO,02/01/2024,09:31:33,242.45,243.35,400,243.85,200,0,76360
FINNIFTY02JAN2421700PE.NFO,02/01/2024,09:31:34,245,244.85,760,245.45,80,240,76360
FINNIFTY02JAN2421700PE.NFO,02/01/2024,09:31:35,245,245.5,480,246.1,400,0,76360
FINNIFTY02JAN2421700PE.NFO,02/01/2024,09:31:36,245,245.15,760,245.85,400,0,76360
FINNIFTY02JAN2421700PE.NFO,02/01/2024,09:31:37,245,245.4,1240,246.05,280,0,76360
FINNIFTY02JAN2421700PE.NFO,02/01/2024,09:31:38,245,245.5,1040,246.25,120,0,76360
FINNIFTY02JAN2421700PE.NFO,02/01/2024,09:31:39,245,245.45,360,246,440,0,76360
FINNIFTY02JAN2421700PE.NFO,02/01/2024,09:31:40,246,245.85,960,246.55,400,40,76360
FINNIFTY02JAN2421700PE.NFO,02/01/2024,09:31:41,247,246.45,240,247.1,680,480,76360
FINNIFTY02JAN2421700PE.NFO,02/01/2024,09:31:43,247,246.4,560,246.95,400,0,76360
FINNIFTY02JAN2421700PE.NFO,02/01/2024,09:31:44,247,246.2,1600,246.95,400,0,76360
FINNIFTY02JAN2421700PE.NFO,02/01/2024,09:31:44,247,245.95,560,246.5,320,0,76360
FINNIFTY02JAN2421700PE.NFO,02/01/2024,09:31:45,247,245.95,840,246.6,120,0,76360
FINNIFTY02JAN2421700PE.NFO,02/01/2024,09:31:46,245,245.25,800,245.9,320,40,76360
FINNIFTY02JAN2421700PE.NFO,02/01/2024,09:31:47,245,245.45,680,246,240,0,76360
FINNIFTY02JAN2421700PE.NFO,02/01/2024,09:31:48,245,244.55,560,245.2,480,0,76360
FINNIFTY02JAN2421700PE.NFO,02/01/2024,09:31:49,245,244.5,1080,245.25,800,0,76360
FINNIFTY02JAN2421700PE.NFO,02/01/2024,09:31:51,245,245.05,560,245.55,280,0,76360
FINNIFTY02JAN2421700PE.NFO,02/01/2024,09:31:51,245,245.1,440,245.65,440,0,76360
FINNIFTY02JAN2421700PE.NFO,02/01/2024,09:31:52,245,245.95,760,246.55,400,0,76360
FINNIFTY02JAN2421700PE.NFO,02/01/2024,09:31:53,245,246.55,480,247.15,40,0,76360
FINNIFTY02JAN2421700PE.NFO,02/01/2024,09:31:54,248,247.6,440,248.45,600,160,76360
FINNIFTY02JAN2421700PE.NFO,02/01/2024,09:31:56,248,247.95,680,248.6,360,0,76360
FINNIFTY02JAN2421700PE.NFO,02/01/2024,09:31:56,248,248.05,560,248.75,360,0,76360
FINNIFTY02JAN2421700PE.NFO,02/01/2024,09:31:57,248,247.75,480,248.4,600,0,76360
FINNIFTY02JAN2421700PE.NFO,02/01/2024,09:31:58,248,246.6,1600,247.3,280,0,76360
FINNIFTY02JAN2421700PE.NFO,02/01/2024,09:31:59,248,246.55,800,247.25,400,0,76360
FINNIFTY02JAN2421700PE.NFO,02/01/2024,09:32:00,248,247.05,640,247.7,280,0,76360
FINNIFTY02JAN2421700PE.NFO,02/01/2024,09:32:02,248,247.25,600,247.85,640,0,76360
FINNIFTY02JAN2421700PE.NFO,02/01/2024,09:32:02,248,247.25,600,247.85,480,0,76360
FINNIFTY02JAN2421700PE.NFO,02/01/2024,09:32:03,248,247.95,600,248.65,640,0,76360
FINNIFTY02JAN2421700PE.NFO,02/01/2024,09:32:04,249.6,249.1,400,249.6,400,80,76360
FINNIFTY02JAN2421700PE.NFO,02/01/2024,09:32:05,250,248.65,520,249.25,480,80,76360
FINNIFTY02JAN2421700PE.NFO,02/01/2024,09:32:07,250,249.35,600,250,520,0,76360
FINNIFTY02JAN2421700PE.NFO,02/01/2024,09:32:07,250,248.45,600,249.15,600,0,76360
FINNIFTY02JAN2421700PE.NFO,02/01/2024,09:32:08,250,249.5,600,250.2,600,0,76360
FINNIFTY02JAN2421700PE.NFO,02/01/2024,09:32:09,250,249.4,960,250,400,0,76360
FINNIFTY02JAN2421700PE.NFO,02/01/2024,09:32:10,250,248.65,600,249.25,480,40,76360
FINNIFTY02JAN2421700PE.NFO,02/01/2024,09:32:11,250,248.2,600,248.95,40,0,76360
FINNIFTY02JAN2421700PE.NFO,02/01/2024,09:32:13,250,246.3,600,246.95,480,0,76360
FINNIFTY02JAN2421700PE.NFO,02/01/2024,09:32:13,250,246.45,520,247.1,480,0,76360
FINNIFTY02JAN2421700PE.NFO,02/01/2024,09:32:14,247.25,247.8,720,248.45,40,80,76360
FINNIFTY02JAN2421700PE.NFO,02/01/2024,09:32:15,247.25,248.8,520,249.25,280,0,76360
FINNIFTY02JAN2421700PE.NFO,02/01/2024,09:32:16,247.25,249.15,600,249.8,480,0,76360
FINNIFTY02JAN2421700PE.NFO,02/01/2024,09:32:18,247.25,250.1,600,250.75,400,0,76360
FINNIFTY02JAN2421700PE.NFO,02/01/2024,09:32:18,247.25,249.95,520,250.65,520,0,76360
FINNIFTY02JAN2421700PE.NFO,02/01/2024,09:32:19,252.6,252.25,520,252.9,440,80,76360
FINNIFTY02JAN2421700PE.NFO,02/01/2024,09:32:20,252.6,251.7,640,252.45,200,0,76360
FINNIFTY02JAN2421700PE.NFO,02/01/2024,09:32:21,251.65,251.45,200,252.15,80,40,76360
FINNIFTY02JAN2421700PE.NFO,02/01/2024,09:32:22,251.65,251.25,200,251.95,80,0,76360
FINNIFTY02JAN2421700PE.NFO,02/01/2024,09:32:23,251.7,252.35,200,253,200,1240,76360
FINNIFTY02JAN2421700PE.NFO,02/01/2024,09:32:24,251.7,252.2,80,252.85,280,0,76360
FINNIFTY02JAN2421700PE.NFO,02/01/2024,09:32:26,251.7,252.5,640,253.15,440,0,76360
FINNIFTY02JAN2421700PE.NFO,02/01/2024,09:32:26,251.7,251.8,560,252.5,280,0,76360
FINNIFTY02JAN2421700PE.NFO,02/01/2024,09:32:27,251.7,251,80,251.55,200,0,76360
FINNIFTY02JAN2421700PE.NFO,02/01/2024,09:32:28,251.7,250.3,280,250.95,400,0,76360
FINNIFTY02JAN2421700PE.NFO,02/01/2024,09:32:29,251.7,249.5,280,250.2,440,0,76360
FINNIFTY02JAN2421700PE.NFO,02/01/2024,09:32:30,251.7,249.6,640,250.25,280,0,76360
FINNIFTY02JAN2421700PE.NFO,02/01/2024,09:32:31,251.7,249.7,280,250.35,280,0,76360
FINNIFTY02JAN2421700PE.NFO,02/01/2024,09:32:32,251.7,250,680,250.7,520,0,76360
FINNIFTY02JAN2421700PE.NFO,02/01/2024,09:32:34,250.1,250,280,250.65,200,40,78400
FINNIFTY02JAN2421700PE.NFO,02/01/2024,09:32:34,250.1,249.9,280,250.5,640,0,78400
FINNIFTY02JAN2421700PE.NFO,02/01/2024,09:32:35,250.1,250.4,280,251.05,280,0,78400
FINNIFTY02JAN2421700PE.NFO,02/01/2024,09:32:36,250.1,250.85,280,251.55,400,0,78400
FINNIFTY02JAN2421700PE.NFO,02/01/2024,09:32:37,252,251.75,280,252.35,760,1840,78400
FINNIFTY02JAN2421700PE.NFO,02/01/2024,09:32:38,251.75,252,480,252.75,960,600,78400
FINNIFTY02JAN2421700PE.NFO,02/01/2024,09:32:39,251.75,252.35,360,252.95,360,0,78400
FINNIFTY02JAN2421700PE.NFO,02/01/2024,09:32:40,251.75,252.5,440,253.15,360,0,78400
FINNIFTY02JAN2421700PE.NFO,02/01/2024,09:32:41,251.75,251.65,640,252.3,360,0,78400
FINNIFTY02JAN2421700PE.NFO,02/01/2024,09:32:42,252.4,251.95,920,252.6,280,40,78400
FINNIFTY02JAN2421700PE.NFO,02/01/2024,09:32:43,252.4,253,360,253.6,280,0,78400
FINNIFTY02JAN2421700PE.NFO,02/01/2024,09:32:44,252.4,252.05,920,252.8,640,0,78400
FINNIFTY02JAN2421700PE.NFO,02/01/2024,09:32:45,252.55,252.5,520,253.3,960,360,78400
FINNIFTY02JAN2421700PE.NFO,02/01/2024,09:32:46,252.55,252.6,120,253.25,920,0,78400
FINNIFTY02JAN2421700PE.NFO,02/01/2024,09:32:47,252,251.75,320,252.45,240,440,78400
FINNIFTY02JAN2421700PE.NFO,02/01/2024,09:32:48,252.9,250.55,640,251.2,240,120,78400
FINNIFTY02JAN2421700PE.NFO,02/01/2024,09:32:49,252.9,250.85,320,251.45,240,0,78400
FINNIFTY02JAN2421700PE.NFO,02/01/2024,09:32:50,252.9,249.7,320,250.4,560,0,78400
FINNIFTY02JAN2421700PE.NFO,02/01/2024,09:32:51,252.9,251.15,320,251.75,320,0,78400
FINNIFTY02JAN2421700PE.NFO,02/01/2024,09:32:52,252.9,251.1,440,251.75,640,0,78400
FINNIFTY02JAN2421700PE.NFO,02/01/2024,09:32:53,253.2,251.35,320,252.05,320,200,78400
FINNIFTY02JAN2421700PE.NFO,02/01/2024,09:32:54,253.2,250.65,320,251.25,240,0,78400
FINNIFTY02JAN2421700PE.NFO,02/01/2024,09:32:55,253.2,250.9,320,251.5,240,0,78400
FINNIFTY02JAN2421700PE.NFO,02/01/2024,09:32:56,253.2,251.2,320,251.8,320,0,78400
FINNIFTY02JAN2421700PE.NFO,02/01/2024,09:32:57,253.2,251,560,251.65,320,0,78400
FINNIFTY02JAN2421700PE.NFO,02/01/2024,09:32:58,253.2,250.9,320,251.6,760,0,78400
FINNIFTY02JAN2421700PE.NFO,02/01/2024,09:32:59,253.2,249.55,320,250.15,240,0,78400
FINNIFTY02JAN2421700PE.NFO,02/01/2024,09:33:00,253.2,249.25,320,249.9,320,0,78400
FINNIFTY02JAN2421700PE.NFO,02/01/2024,09:33:01,253.2,249.1,1000,249.85,240,0,78400
FINNIFTY02JAN2421700PE.NFO,02/01/2024,09:33:02,253.2,248.9,640,249.55,320,0,78400
FINNIFTY02JAN2421700PE.NFO,02/01/2024,09:33:03,253.2,249.15,240,249.8,240,0,78400
FINNIFTY02JAN2421700PE.NFO,02/01/2024,09:33:04,253.2,249.35,320,250,640,0,78400
FINNIFTY02JAN2421700PE.NFO,02/01/2024,09:33:05,249.15,249.4,200,250,880,80,78400
FINNIFTY02JAN2421700PE.NFO,02/01/2024,09:33:07,249.15,249.45,400,250.1,400,0,78400
FINNIFTY02JAN2421700PE.NFO,02/01/2024,09:33:08,249.15,250.2,400,250.85,640,0,78400
FINNIFTY02JAN2421700PE.NFO,02/01/2024,09:33:08,249.15,249.85,320,250.5,800,0,78400
FINNIFTY02JAN2421700PE.NFO,02/01/2024,09:33:09,250.1,249.7,400,250.3,320,40,78400
FINNIFTY02JAN2421700PE.NFO,02/01/2024,09:33:10,250.1,250,400,250.6,320,0,78400
FINNIFTY02JAN2421700PE.NFO,02/01/2024,09:33:12,250.1,250.35,400,251,960,0,78400
FINNIFTY02JAN2421700PE.NFO,02/01/2024,09:33:13,250.25,250.85,920,251.55,520,120,78400
FINNIFTY02JAN2421700PE.NFO,02/01/2024,09:33:13,250.25,250.75,280,251.35,320,0,78400
FINNIFTY02JAN2421700PE.NFO,02/01/2024,09:33:14,250.25,251.85,360,252.45,400,0,78400
FINNIFTY02JAN2421700PE.NFO,02/01/2024,09:33:15,250.25,252.7,360,253.3,560,0,78400
FINNIFTY02JAN2421700PE.NFO,02/01/2024,09:33:16,250.25,253.75,360,254.5,400,0,78400
FINNIFTY02JAN2421700PE.NFO,02/01/2024,09:33:18,250.25,253.2,360,253.8,400,0,78400
FINNIFTY02JAN2421700PE.NFO,02/01/2024,09:33:19,252.35,252,400,252.6,400,40,78400
FINNIFTY02JAN2421700PE.NFO,02/01/2024,09:33:19,252.35,252.3,80,252.85,200,0,78400
FINNIFTY02JAN2421700PE.NFO,02/01/2024,09:33:20,252.35,252.65,640,253.35,320,0,78400
FINNIFTY02JAN2421700PE.NFO,02/01/2024,09:33:21,252.35,252.15,120,252.75,200,0,78400
FINNIFTY02JAN2421700PE.NFO,02/01/2024,09:33:23,252.35,252.75,640,253.4,200,0,78400
FINNIFTY02JAN2421700PE.NFO,02/01/2024,09:33:24,252.35,253.3,1000,254.05,760,0,78400
FINNIFTY02JAN2421700PE.NFO,02/01/2024,09:33:24,252.35,253.6,640,254.25,320,0,78400
FINNIFTY02JAN2421700PE.NFO,02/01/2024,09:33:25,254.8,254.65,40,255.35,80,400,78400
FINNIFTY02JAN2421700PE.NFO,02/01/2024,09:33:26,254.8,254.25,240,254.85,120,0,78400
FINNIFTY02JAN2421700PE.NFO,02/01/2024,09:33:28,254.8,254.45,240,255.25,760,0,78400
FINNIFTY02JAN2421700PE.NFO,02/01/2024,09:33:29,254.8,254.35,120,254.95,200,0,78400
FINNIFTY02JAN2421700PE.NFO,02/01/2024,09:33:29,254.8,254.25,200,254.85,200,0,78400
FINNIFTY02JAN2421700PE.NFO,02/01/2024,09:33:30,254.8,253.2,120,253.8,200,0,78400
FINNIFTY02JAN2421700PE.NFO,02/01/2024,09:33:31,254.8,252.95,720,253.7,760,0,78400
FINNIFTY02JAN2421700PE.NFO,02/01/2024,09:33:33,254.8,251.75,120,252.3,120,0,78400
FINNIFTY02JAN2421700PE.NFO,02/01/2024,09:33:34,254.8,252.3,1000,253.05,760,0,78400
FINNIFTY02JAN2421700PE.NFO,02/01/2024,09:33:34,254.8,252.55,640,253.2,200,0,78400
FINNIFTY02JAN2421700PE.NFO,02/01/2024,09:33:35,253.55,253.05,640,253.75,640,80,78400
FINNIFTY02JAN2421700PE.NFO,02/01/2024,09:33:36,253.55,252.8,560,253.5,1240,0,78400
FINNIFTY02JAN2421700PE.NFO,02/01/2024,09:33:37,251.6,250.95,240,251.6,40,80,78400
FINNIFTY02JAN2421700PE.NFO,02/01/2024,09:33:39,251.6,251.45,640,252.05,200,0,78400
FINNIFTY02JAN2421700PE.NFO,02/01/2024,09:33:40,251.6,251.9,640,252.55,160,0,78400
FINNIFTY02JAN2421700PE.NFO,02/01/2024,09:33:40,251.6,251.65,680,252.45,840,0,78400
FINNIFTY02JAN2421700PE.NFO,02/01/2024,09:33:41,251.6,252.55,560,253.25,720,0,78400
FINNIFTY02JAN2421700PE.NFO,02/01/2024,09:33:42,251.6,251.3,640,251.9,160,0,78400
FINNIFTY02JAN2421700PE.NFO,02/01/2024,09:33:44,251.6,249.9,640,250.45,80,0,78400
FINNIFTY02JAN2421700PE.NFO,02/01/2024,09:33:45,251.6,249.85,600,250.5,200,0,78400
FINNIFTY02JAN2421700PE.NFO,02/01/2024,09:33:45,251.6,249.6,160,250.3,640,0,78400
FINNIFTY02JAN2421700PE.NFO,02/01/2024,09:33:46,251.6,250.65,640,251.4,760,0,78400
FINNIFTY02JAN2421700PE.NFO,02/01/2024,09:33:47,251.6,250.35,640,251,160,0,78400
FINNIFTY02JAN2421700PE.NFO,02/01/2024,09:33:48,251.6,250,600,250.65,160,0,78400
FINNIFTY02JAN2421700PE.NFO,02/01/2024,09:33:50,251.6,248.85,720,249.55,80,0,78400
FINNIFTY02JAN2421700PE.NFO,02/01/2024,09:33:51,251.6,247.2,120,247.9,80,0,78400
FINNIFTY02JAN2421700PE.NFO,02/01/2024,09:33:52,251.6,247.3,640,247.9,160,0,78400
FINNIFTY02JAN2421700PE.NFO,02/01/2024,09:33:53,251.6,245.7,640,246.55,160,0,78400
FINNIFTY02JAN2421700PE.NFO,02/01/2024,09:33:54,251.6,246,760,246.7,640,0,78400
FINNIFTY02JAN2421700PE.NFO,02/01/2024,09:33:55,246.5,246,680,246.65,80,40,78400
FINNIFTY02JAN2421700PE.NFO,02/01/2024,09:33:56,246.5,246.2,560,246.85,160,0,78400
FINNIFTY02JAN2421700PE.NFO,02/01/2024,09:33:57,246.5,246.5,120,247.15,560,0,78400
FINNIFTY02JAN2421700PE.NFO,02/01/2024,09:33:58,246.5,246.25,560,247,720,0,78400
FINNIFTY02JAN2421700PE.NFO,02/01/2024,09:33:59,246.5,246.35,640,246.95,160,0,78400
FINNIFTY02JAN2421700PE.NFO,02/01/2024,09:34:00,246.5,247.55,640,248.2,160,0,78400
FINNIFTY02JAN2421700PE.NFO,02/01/2024,09:34:01,246.5,246.65,720,247.35,720,0,78400
FINNIFTY02JAN2421700PE.NFO,02/01/2024,09:34:01,246.5,246.65,640,247.35,840,0,78400
FINNIFTY02JAN2421700PE.NFO,02/01/2024,09:34:02,246.5,248.05,640,248.75,720,0,78400
FINNIFTY02JAN2421700PE.NFO,02/01/2024,09:34:03,249,248.45,640,249.1,160,80,78400
FINNIFTY02JAN2421700PE.NFO,02/01/2024,09:34:04,249,248.45,640,249.1,760,0,78400
FINNIFTY02JAN2421700PE.NFO,02/01/2024,09:34:06,249,248.85,560,249.5,80,0,78400
FINNIFTY02JAN2421700PE.NFO,02/01/2024,09:34:07,249,249,640,249.6,160,0,78400
FINNIFTY02JAN2421700PE.NFO,02/01/2024,09:34:08,249.8,249.5,560,250.2,840,280,78400
FINNIFTY02JAN2421700PE.NFO,02/01/2024,09:34:08,249.8,249.8,120,250.4,160,0,78400
FINNIFTY02JAN2421700PE.NFO,02/01/2024,09:34:09,249.8,249.45,120,250,80,0,78400
FINNIFTY02JAN2421700PE.NFO,02/01/2024,09:34:10,249.8,249.7,120,250.35,80,0,78400
FINNIFTY02JAN2421700PE.NFO,02/01/2024,09:34:12,249.8,249.75,320,250.35,80,0,78400
FINNIFTY02JAN2421700PE.NFO,02/01/2024,09:34:13,249.8,249.75,120,250.3,160,0,78400
FINNIFTY02JAN2421700PE.NFO,02/01/2024,09:34:13,249.8,249.7,640,250.3,160,0,78400
FINNIFTY02JAN2421700PE.NFO,02/01/2024,09:34:14,249.8,249.3,640,249.95,160,0,78400
FINNIFTY02JAN2421700PE.NFO,02/01/2024,09:34:15,249.8,249.55,120,250.1,80,0,78400
FINNIFTY02JAN2421700PE.NFO,02/01/2024,09:34:16,249.8,249.8,120,250.4,640,0,78400
FINNIFTY02JAN2421700PE.NFO,02/01/2024,09:34:18,249.8,249.8,120,250.4,160,0,78400
FINNIFTY02JAN2421700PE.NFO,02/01/2024,09:34:19,249.8,251.2,640,251.85,280,0,78400
FINNIFTY02JAN2421700PE.NFO,02/01/2024,09:34:19,249.8,251.15,40,251.75,720,0,78400
FINNIFTY02JAN2421700PE.NFO,02/01/2024,09:34:20,249.8,250.4,120,251.05,160,0,78400
FINNIFTY02JAN2421700PE.NFO,02/01/2024,09:34:21,249.8,251.75,120,252,80,0,78400
FINNIFTY02JAN2421700PE.NFO,02/01/2024,09:34:23,252.1,252.05,240,252.75,160,280,78400
FINNIFTY02JAN2421700PE.NFO,02/01/2024,09:34:24,252.1,253.6,80,254.2,560,0,78400
FINNIFTY02JAN2421700PE.NFO,02/01/2024,09:34:24,252.1,253.7,1000,254.45,720,0,78400
FINNIFTY02JAN2421700PE.NFO,02/01/2024,09:34:25,252.1,254.15,120,254.75,160,0,78400
FINNIFTY02JAN2421700PE.NFO,02/01/2024,09:34:26,252.1,254.35,120,254.95,160,0,78400
FINNIFTY02JAN2421700PE.NFO,02/01/2024,09:34:27,254.4,253.4,640,254,160,40,78400
FINNIFTY02JAN2421700PE.NFO,02/01/2024,09:34:28,254.4,253.15,640,253.75,160,0,78400
FINNIFTY02JAN2421700PE.NFO,02/01/2024,09:34:30,254.4,254.45,160,254.95,80,0,78400
FINNIFTY02JAN2421700PE.NFO,02/01/2024,09:34:30,254.4,254.3,80,254.9,80,0,78400
FINNIFTY02JAN2421700PE.NFO,02/01/2024,09:34:31,254.4,253.9,520,254.5,640,0,78400
FINNIFTY02JAN2421700PE.NFO,02/01/2024,09:34:32,254.4,253.15,160,253.75,640,0,78400
FINNIFTY02JAN2421700PE.NFO,02/01/2024,09:34:34,254.4,252.75,560,253.4,160,0,78400
FINNIFTY02JAN2421700PE.NFO,02/01/2024,09:34:34,254.4,252.45,720,253.1,80,0,78400
FINNIFTY02JAN2421700PE.NFO,02/01/2024,09:34:35,254.4,252.8,640,253.45,80,0,78400
FINNIFTY02JAN2421700PE.NFO,02/01/2024,09:34:36,254.4,252.65,160,253.25,160,0,78400
FINNIFTY02JAN2421700PE.NFO,02/01/2024,09:34:37,254.4,252.8,80,253.35,160,0,78400
FINNIFTY02JAN2421700PE.NFO,02/01/2024,09:34:38,254.4,253.2,160,253.8,640,0,78400
FINNIFTY02JAN2421700PE.NFO,02/01/2024,09:34:39,254.4,253.25,560,253.9,160,0,78400
FINNIFTY02JAN2421700PE.NFO,02/01/2024,09:34:40,254.4,252.55,80,253.2,280,0,78400
FINNIFTY02JAN2421700PE.NFO,02/01/2024,09:34:41,254.4,251.55,560,252.25,560,0,78400
FINNIFTY02JAN2421700PE.NFO,02/01/2024,09:34:42,254.4,250.8,120,251.4,160,0,78400
FINNIFTY02JAN2421700PE.NFO,02/01/2024,09:34:43,254.4,251.15,160,251.75,560,0,78400
FINNIFTY02JAN2421700PE.NFO,02/01/2024,09:34:44,254.4,251.35,680,252.05,800,0,78400
FINNIFTY02JAN2421700PE.NFO,02/01/2024,09:34:45,254.4,251.45,80,252.1,640,0,78400
FINNIFTY02JAN2421700PE.NFO,02/01/2024,09:34:46,254.4,251.2,1000,251.9,160,0,78400
FINNIFTY02JAN2421700PE.NFO,02/01/2024,09:34:48,254.4,251.35,80,251.95,160,0,78400
FINNIFTY02JAN2421700PE.NFO,02/01/2024,09:34:49,254.4,251.65,160,252.3,680,0,78400
FINNIFTY02JAN2421700PE.NFO,02/01/2024,09:34:50,254.4,251.7,80,252.3,200,0,78400
FINNIFTY02JAN2421700PE.NFO,02/01/2024,09:34:51,254.4,251.9,640,252.55,160,0,78400
FINNIFTY02JAN2421700PE.NFO,02/01/2024,09:34:52,254.4,252.5,680,253.2,840,0,78400
FINNIFTY02JAN2421700PE.NFO,02/01/2024,09:34:53,254.4,252.9,80,253.55,160,0,78400
FINNIFTY02JAN2421700PE.NFO,02/01/2024,09:34:54,254.4,253.4,160,254,160,0,78400
FINNIFTY02JAN2421700PE.NFO,02/01/2024,09:34:55,254.4,252.7,80,253.3,720,0,78400
FINNIFTY02JAN2421700PE.NFO,02/01/2024,09:34:56,254.4,253.05,80,253.65,80,0,78400
FINNIFTY02JAN2421700PE.NFO,02/01/2024,09:34:57,253.6,252.1,120,252.65,160,400,78400
FINNIFTY02JAN2421700PE.NFO,02/01/2024,09:34:57,253.6,252.35,160,252.9,80,0,78400
FINNIFTY02JAN2421700PE.NFO,02/01/2024,09:34:58,253.6,251.05,640,251.7,80,0,78400
FINNIFTY02JAN2421700PE.NFO,02/01/2024,09:34:59,250.75,250.6,120,251.25,640,200,78400
FINNIFTY02JAN2421700PE.NFO,02/01/2024,09:35:00,250.75,248.95,40,249.9,600,0,78400
FINNIFTY02JAN2421700PE.NFO,02/01/2024,09:35:01,249.55,249.2,120,249.85,640,40,78400
FINNIFTY02JAN2421700PE.NFO,02/01/2024,09:35:02,249.55,249.85,120,250.5,760,0,78400
FINNIFTY02JAN2421700PE.NFO,02/01/2024,09:35:03,249.55,248.9,640,249.55,120,0,78400
FINNIFTY02JAN2421700PE.NFO,02/01/2024,09:35:04,248.85,247.65,800,248.3,120,320,78400
FINNIFTY02JAN2421700PE.NFO,02/01/2024,09:35:05,248.85,249.05,40,249.7,640,0,78400
FINNIFTY02JAN2421700PE.NFO,02/01/2024,09:35:06,248.65,249.05,160,249.65,640,120,78400
FINNIFTY02JAN2421700PE.NFO,02/01/2024,09:35:07,248.65,248.55,40,249.15,120,0,78400
