Ticker,Date,Time,LTP,BuyPrice,BuyQty,SellPrice,SellQty,LTQ,OpenInterest
FINNIFTY02JAN2421900CE.NFO,02/01/2024,09:15:00,1.05,0.7,5360,0.75,5920,23280,2200600
FINNIFTY02JAN2421900CE.NFO,02/01/2024,09:15:00,1.05,0.7,5360,0.75,5920,0,2200600
FINNIFTY02JAN2421900CE.NFO,02/01/2024,09:15:00,1.05,0.7,5360,0.75,5920,0,2200600
FINNIFTY02JAN2421900CE.NFO,02/01/2024,09:15:00,0.6,0.7,5360,0.75,5920,0,2200600
FINNIFTY02JAN2421900CE.NFO,02/01/2024,09:15:02,0.7,0.7,13480,0.75,8800,57560,2200600
FINNIFTY02JAN2421900CE.NFO,02/01/2024,09:15:04,0.65,0.65,3240,0.7,29680,56240,2200600
FINNIFTY02JAN2421900CE.NFO,02/01/2024,09:15:05,0.65,0.6,31080,0.65,4760,44400,2200600
FINNIFTY02JAN2421900CE.NFO,02/01/2024,09:15:07,0.65,0.6,52160,0.65,29760,18040,2200600
FINNIFTY02JAN2421900CE.NFO,02/01/2024,09:15:09,0.65,0.6,108560,0.65,53880,34320,2200600
FINNIFTY02JAN2421900CE.NFO,02/01/2024,09:15:10,0.6,0.6,148840,0.65,71160,20080,2200600
FINNIFTY02JAN2421900CE.NFO,02/01/2024,09:15:12,0.65,0.6,192120,0.65,82280,16640,2200600
FINNIFTY02JAN2421900CE.NFO,02/01/2024,09:15:13,0.6,0.6,196000,0.65,86320,25880,2200600
FINNIFTY02JAN2421900CE.NFO,02/01/2024,09:15:15,0.6,0.6,205480,0.65,86200,27920,2200600
FINNIFTY02JAN2421900CE.NFO,02/01/2024,09:15:17,0.6,0.6,190840,0.65,88280,13000,2200600
FINNIFTY02JAN2421900CE.NFO,02/01/2024,09:15:18,0.65,0.6,216680,0.65,139800,16960,2200600
FINNIFTY02JAN2421900CE.NFO,02/01/2024,09:15:20,0.6,0.6,163600,0.65,153000,91200,2200600
FINNIFTY02JAN2421900CE.NFO,02/01/2024,09:15:22,0.6,0.6,139400,0.65,157960,86920,2200600
FINNIFTY02JAN2421900CE.NFO,02/01/2024,09:15:23,0.6,0.6,106400,0.65,161080,48480,2200600
FINNIFTY02JAN2421900CE.NFO,02/01/2024,09:15:25,0.6,0.55,282480,0.6,169520,103400,2200600
FINNIFTY02JAN2421900CE.NFO,02/01/2024,09:15:25,0.55,0.55,282480,0.6,169520,0,2200600
FINNIFTY02JAN2421900CE.NFO,02/01/2024,09:15:26,0.55,0.55,290160,0.6,196400,13200,2200600
FINNIFTY02JAN2421900CE.NFO,02/01/2024,09:15:28,0.55,0.55,295360,0.6,233440,22520,2200600
FINNIFTY02JAN2421900CE.NFO,02/01/2024,09:15:30,0.6,0.55,313560,0.6,206000,115080,2200600
FINNIFTY02JAN2421900CE.NFO,02/01/2024,09:15:31,0.55,0.55,312600,0.6,246400,17400,2200600
FINNIFTY02JAN2421900CE.NFO,02/01/2024,09:15:33,0.6,0.55,351360,0.6,239920,15200,2200600
FINNIFTY02JAN2421900CE.NFO,02/01/2024,09:15:35,0.55,0.55,351200,0.6,253880,34040,2200600
FINNIFTY02JAN2421900CE.NFO,02/01/2024,09:15:36,0.55,0.55,313920,0.6,252400,57920,2200600
FINNIFTY02JAN2421900CE.NFO,02/01/2024,09:15:38,0.55,0.55,281240,0.6,275800,54320,2200600
FINNIFTY02JAN2421900CE.NFO,02/01/2024,09:15:39,0.6,0.55,293080,0.6,315480,7360,2200600
FINNIFTY02JAN2421900CE.NFO,02/01/2024,09:15:41,0.6,0.55,293120,0.6,362440,14080,2200600
FINNIFTY02JAN2421900CE.NFO,02/01/2024,09:15:43,0.6,0.55,258480,0.6,149480,232360,2200600
FINNIFTY02JAN2421900CE.NFO,02/01/2024,09:15:44,0.55,0.55,253560,0.6,234200,38480,2200600
FINNIFTY02JAN2421900CE.NFO,02/01/2024,09:15:46,0.6,0.55,252720,0.6,213840,45160,2200600
FINNIFTY02JAN2421900CE.NFO,02/01/2024,09:15:47,0.6,0.55,1092160,0.6,54000,114920,2200600
FINNIFTY02JAN2421900CE.NFO,02/01/2024,09:15:49,0.6,0.55,1122760,0.6,194960,6120,2200600
FINNIFTY02JAN2421900CE.NFO,02/01/2024,09:15:51,0.6,0.55,1122160,0.6,267080,5240,2200600
FINNIFTY02JAN2421900CE.NFO,02/01/2024,09:15:52,0.6,0.55,1138280,0.6,267680,31360,2200600
FINNIFTY02JAN2421900CE.NFO,02/01/2024,09:15:54,0.55,0.55,1137320,0.6,257920,12320,2200600
FINNIFTY02JAN2421900CE.NFO,02/01/2024,09:15:56,0.6,0.55,1139960,0.6,253200,12120,2200600
FINNIFTY02JAN2421900CE.NFO,02/01/2024,09:15:57,0.6,0.55,1135320,0.6,249040,16360,2200600
FINNIFTY02JAN2421900CE.NFO,02/01/2024,09:15:59,0.55,0.55,1130560,0.6,244960,23600,2200600
FINNIFTY02JAN2421900CE.NFO,02/01/2024,09:16:00,0.55,0.55,1133400,0.6,250800,25160,2200600
FINNIFTY02JAN2421900CE.NFO,02/01/2024,09:16:02,0.6,0.55,1116720,0.6,288360,57000,2200600
FINNIFTY02JAN2421900CE.NFO,02/01/2024,09:16:04,0.55,0.55,1143000,0.6,346640,15280,2200600
FINNIFTY02JAN2421900CE.NFO,02/01/2024,09:16:05,0.55,0.55,1145960,0.6,385320,32600,2200600
FINNIFTY02JAN2421900CE.NFO,02/01/2024,09:16:07,0.6,0.55,1141440,0.6,410920,11000,2200600
FINNIFTY02JAN2421900CE.NFO,02/01/2024,09:16:09,0.6,0.55,1164440,0.6,484760,15320,2200600
FINNIFTY02JAN2421900CE.NFO,02/01/2024,09:16:10,0.6,0.55,1168280,0.6,514120,14720,2200600
FINNIFTY02JAN2421900CE.NFO,02/01/2024,09:16:12,0.6,0.55,1189400,0.6,533520,29920,2200600
FINNIFTY02JAN2421900CE.NFO,02/01/2024,09:16:13,0.55,0.55,1211560,0.6,544640,10920,2200600
FINNIFTY02JAN2421900CE.NFO,02/01/2024,09:16:15,0.55,0.55,1210040,0.6,546360,2520,2200600
FINNIFTY02JAN2421900CE.NFO,02/01/2024,09:16:17,0.55,0.55,1207200,0.6,565440,24000,2200600
FINNIFTY02JAN2421900CE.NFO,02/01/2024,09:16:18,0.6,0.55,1207400,0.6,567160,4520,2200600
FINNIFTY02JAN2421900CE.NFO,02/01/2024,09:16:20,0.55,0.55,1206480,0.6,566520,1840,2200600
FINNIFTY02JAN2421900CE.NFO,02/01/2024,09:16:21,0.6,0.55,1204280,0.6,555400,16760,2200600
FINNIFTY02JAN2421900CE.NFO,02/01/2024,09:16:23,0.55,0.55,1191560,0.6,549080,22720,2200600
FINNIFTY02JAN2421900CE.NFO,02/01/2024,09:16:25,0.55,0.55,1182640,0.6,559360,11640,2200600
FINNIFTY02JAN2421900CE.NFO,02/01/2024,09:16:26,0.55,0.55,1179200,0.6,571720,7040,2200600
FINNIFTY02JAN2421900CE.NFO,02/01/2024,09:16:28,0.6,0.55,1181720,0.6,564240,23920,2200600
FINNIFTY02JAN2421900CE.NFO,02/01/2024,09:16:30,0.55,0.55,1173200,0.6,582760,35000,2200600
FINNIFTY02JAN2421900CE.NFO,02/01/2024,09:16:31,0.55,0.55,1172760,0.6,599720,14600,2200600
FINNIFTY02JAN2421900CE.NFO,02/01/2024,09:16:33,0.6,0.55,1175000,0.6,557200,90480,2200600
FINNIFTY02JAN2421900CE.NFO,02/01/2024,09:16:34,0.55,0.55,1166520,0.6,568120,7880,2200600
FINNIFTY02JAN2421900CE.NFO,02/01/2024,09:16:36,0.6,0.6,157120,0.65,260760,447040,2200600
FINNIFTY02JAN2421900CE.NFO,02/01/2024,09:16:38,0.6,0.6,176480,0.65,323240,8760,2200600
FINNIFTY02JAN2421900CE.NFO,02/01/2024,09:16:39,0.65,0.6,652840,0.65,301560,23440,2200600
FINNIFTY02JAN2421900CE.NFO,02/01/2024,09:16:41,0.65,0.6,1028920,0.65,270560,71800,2200600
FINNIFTY02JAN2421900CE.NFO,02/01/2024,09:16:42,0.65,0.6,1063200,0.65,260920,13400,2200600
FINNIFTY02JAN2421900CE.NFO,02/01/2024,09:16:44,0.6,0.6,1056400,0.65,273320,115960,2200600
FINNIFTY02JAN2421900CE.NFO,02/01/2024,09:16:46,0.6,0.6,1071240,0.65,362240,31320,2200600
FINNIFTY02JAN2421900CE.NFO,02/01/2024,09:16:47,0.6,0.6,1096120,0.65,433200,4120,2200600
FINNIFTY02JAN2421900CE.NFO,02/01/2024,09:16:49,0.6,0.6,1042280,0.65,494960,105560,2200600
FINNIFTY02JAN2421900CE.NFO,02/01/2024,09:16:50,0.65,0.6,974280,0.65,711800,201440,2200600
FINNIFTY02JAN2421900CE.NFO,02/01/2024,09:16:52,0.6,0.6,1027240,0.65,685000,10440,2200600
FINNIFTY02JAN2421900CE.NFO,02/01/2024,09:16:54,0.65,0.6,1014440,0.65,611760,21800,2200600
FINNIFTY02JAN2421900CE.NFO,02/01/2024,09:16:55,0.6,0.6,998400,0.65,557360,19120,2200600
FINNIFTY02JAN2421900CE.NFO,02/01/2024,09:16:57,0.6,0.6,985680,0.65,496200,13120,2200600
FINNIFTY02JAN2421900CE.NFO,02/01/2024,09:16:58,0.65,0.6,962400,0.65,473440,42840,2200600
FINNIFTY02JAN2421900CE.NFO,02/01/2024,09:17:00,0.65,0.6,1551800,0.65,446800,40400,2200600
FINNIFTY02JAN2421900CE.NFO,02/01/2024,09:17:02,0.65,0.6,1540520,0.65,453640,23880,2200600
FINNIFTY02JAN2421900CE.NFO,02/01/2024,09:17:03,0.6,0.6,1535800,0.65,453440,8480,2200600
FINNIFTY02JAN2421900CE.NFO,02/01/2024,09:17:05,0.65,0.6,1536960,0.65,555960,12440,2200600
FINNIFTY02JAN2421900CE.NFO,02/01/2024,09:17:07,0.6,0.6,1522200,0.65,539240,15200,2200600
FINNIFTY02JAN2421900CE.NFO,02/01/2024,09:17:08,0.6,0.6,1518600,0.65,540800,22560,2200600
FINNIFTY02JAN2421900CE.NFO,02/01/2024,09:17:10,0.6,0.6,1521760,0.65,539360,5920,2200600
FINNIFTY02JAN2421900CE.NFO,02/01/2024,09:17:11,0.65,0.6,1519920,0.65,537760,3880,2200600
FINNIFTY02JAN2421900CE.NFO,02/01/2024,09:17:13,0.6,0.6,1515160,0.65,534080,8360,2200600
FINNIFTY02JAN2421900CE.NFO,02/01/2024,09:17:15,0.65,0.6,1512560,0.65,607600,880,2200600
FINNIFTY02JAN2421900CE.NFO,02/01/2024,09:17:16,0.65,0.6,1512520,0.65,607080,1840,2200600
FINNIFTY02JAN2421900CE.NFO,02/01/2024,09:17:18,0.6,0.6,1516000,0.65,605200,5280,2200600
FINNIFTY02JAN2421900CE.NFO,02/01/2024,09:17:19,0.6,0.6,1527360,0.65,603720,3320,2200600
FINNIFTY02JAN2421900CE.NFO,02/01/2024,09:17:21,0.6,0.6,1529520,0.65,605440,2600,2200600
FINNIFTY02JAN2421900CE.NFO,02/01/2024,09:17:22,0.6,0.6,1521400,0.65,592120,21560,3658920
FINNIFTY02JAN2421900CE.NFO,02/01/2024,09:17:24,0.6,0.6,1509760,0.65,581320,27960,3658920
FINNIFTY02JAN2421900CE.NFO,02/01/2024,09:17:26,0.6,0.6,1497840,0.65,558320,36600,3658920
FINNIFTY02JAN2421900CE.NFO,02/01/2024,09:17:27,0.6,0.6,1485680,0.65,548400,22760,3658920
FINNIFTY02JAN2421900CE.NFO,02/01/2024,09:17:29,0.6,0.6,1480240,0.65,531960,23040,3658920
FINNIFTY02JAN2421900CE.NFO,02/01/2024,09:17:30,0.6,0.6,1473800,0.65,534880,10960,3658920
FINNIFTY02JAN2421900CE.NFO,02/01/2024,09:17:32,0.6,0.6,1469880,0.65,530800,10840,3658920
FINNIFTY02JAN2421900CE.NFO,02/01/2024,09:17:34,0.6,0.6,1465920,0.65,545880,6240,3658920
FINNIFTY02JAN2421900CE.NFO,02/01/2024,09:17:35,0.6,0.6,2061000,0.65,549000,8880,3658920
FINNIFTY02JAN2421900CE.NFO,02/01/2024,09:17:37,0.6,0.6,2038320,0.65,556360,21960,3658920
FINNIFTY02JAN2421900CE.NFO,02/01/2024,09:17:38,0.6,0.6,2034000,0.65,556200,17480,3658920
FINNIFTY02JAN2421900CE.NFO,02/01/2024,09:17:40,0.6,0.6,2021840,0.65,537440,34640,3658920
FINNIFTY02JAN2421900CE.NFO,02/01/2024,09:17:42,0.6,0.6,1984880,0.65,526600,45800,3658920
FINNIFTY02JAN2421900CE.NFO,02/01/2024,09:17:43,0.6,0.6,1972320,0.65,516160,35600,3658920
FINNIFTY02JAN2421900CE.NFO,02/01/2024,09:17:45,0.6,0.6,1948520,0.65,510440,38040,3658920
FINNIFTY02JAN2421900CE.NFO,02/01/2024,09:17:46,0.6,0.6,1926560,0.65,554640,32120,3658920
FINNIFTY02JAN2421900CE.NFO,02/01/2024,09:17:48,0.6,0.6,1855320,0.65,558520,46920,3658920
FINNIFTY02JAN2421900CE.NFO,02/01/2024,09:17:50,0.6,0.6,1820200,0.65,566360,24840,3658920
FINNIFTY02JAN2421900CE.NFO,02/01/2024,09:17:51,0.6,0.6,1786880,0.65,568560,27080,3658920
FINNIFTY02JAN2421900CE.NFO,02/01/2024,09:17:53,0.6,0.6,1749480,0.65,575920,42320,3658920
FINNIFTY02JAN2421900CE.NFO,02/01/2024,09:17:54,0.6,0.6,1732480,0.65,605040,36960,3658920
FINNIFTY02JAN2421900CE.NFO,02/01/2024,09:17:56,0.6,0.6,1743720,0.65,599560,24160,3658920
FINNIFTY02JAN2421900CE.NFO,02/01/2024,09:17:58,0.6,0.6,1726040,0.65,605480,21040,3658920
FINNIFTY02JAN2421900CE.NFO,02/01/2024,09:17:59,0.6,0.6,1699360,0.65,606720,27840,3658920
FINNIFTY02JAN2421900CE.NFO,02/01/2024,09:18:01,0.6,0.6,852560,0.65,579920,29760,3658920
FINNIFTY02JAN2421900CE.NFO,02/01/2024,09:18:02,0.6,0.6,332960,0.65,564640,53480,3658920
FINNIFTY02JAN2421900CE.NFO,02/01/2024,09:18:04,0.6,0.55,1385680,0.6,667040,344160,3658920
FINNIFTY02JAN2421900CE.NFO,02/01/2024,09:18:06,0.6,0.55,1385840,0.6,673520,1960,3658920
FINNIFTY02JAN2421900CE.NFO,02/01/2024,09:18:07,0.6,0.55,1386960,0.6,698720,3360,3658920
FINNIFTY02JAN2421900CE.NFO,02/01/2024,09:18:09,0.6,0.55,1401760,0.6,694800,2240,3658920
FINNIFTY02JAN2421900CE.NFO,02/01/2024,09:18:10,0.6,0.55,1400920,0.6,675520,8800,3658920
FINNIFTY02JAN2421900CE.NFO,02/01/2024,09:18:12,0.6,0.55,1426080,0.6,678280,10040,3658920
FINNIFTY02JAN2421900CE.NFO,02/01/2024,09:18:14,0.6,0.55,1357320,0.6,557240,152040,3658920
FINNIFTY02JAN2421900CE.NFO,02/01/2024,09:18:16,0.6,0.55,1382200,0.6,601160,6760,3658920
FINNIFTY02JAN2421900CE.NFO,02/01/2024,09:18:17,0.6,0.55,1401800,0.6,677480,3200,3658920
FINNIFTY02JAN2421900CE.NFO,02/01/2024,09:18:19,0.6,0.55,1432640,0.6,684640,12280,3658920
FINNIFTY02JAN2421900CE.NFO,02/01/2024,09:18:20,0.6,0.55,1452560,0.6,706520,8640,3658920
FINNIFTY02JAN2421900CE.NFO,02/01/2024,09:18:22,0.6,0.55,1452520,0.6,718920,1800,3658920
FINNIFTY02JAN2421900CE.NFO,02/01/2024,09:18:24,0.55,0.55,1455520,0.6,720320,3400,3658920
FINNIFTY02JAN2421900CE.NFO,02/01/2024,09:18:25,0.6,0.55,1448280,0.6,709160,15200,3658920
FINNIFTY02JAN2421900CE.NFO,02/01/2024,09:18:27,0.55,0.55,1446080,0.6,703000,8640,3658920
FINNIFTY02JAN2421900CE.NFO,02/01/2024,09:18:29,0.6,0.55,1446480,0.6,693320,9400,3658920
FINNIFTY02JAN2421900CE.NFO,02/01/2024,09:18:30,0.6,0.55,1446840,0.6,678880,105280,3658920
FINNIFTY02JAN2421900CE.NFO,02/01/2024,09:18:32,0.55,0.55,1438240,0.6,688040,9000,3658920
FINNIFTY02JAN2421900CE.NFO,02/01/2024,09:18:33,0.6,0.55,1436600,0.6,680920,6680,3658920
FINNIFTY02JAN2421900CE.NFO,02/01/2024,09:18:35,0.55,0.55,1436840,0.6,662680,19440,3658920
FINNIFTY02JAN2421900CE.NFO,02/01/2024,09:18:36,0.55,0.55,1436080,0.6,663640,7800,3658920
FINNIFTY02JAN2421900CE.NFO,02/01/2024,09:18:38,0.6,0.55,1440400,0.6,662600,5720,3658920
FINNIFTY02JAN2421900CE.NFO,02/01/2024,09:18:40,0.6,0.55,1481400,0.6,668080,2120,3658920
FINNIFTY02JAN2421900CE.NFO,02/01/2024,09:18:41,0.55,0.55,1498480,0.6,703000,24640,3658920
FINNIFTY02JAN2421900CE.NFO,02/01/2024,09:18:43,0.6,0.55,1498840,0.6,687440,28600,3658920
FINNIFTY02JAN2421900CE.NFO,02/01/2024,09:18:44,0.6,0.55,1493360,0.6,682080,9920,3658920
FINNIFTY02JAN2421900CE.NFO,02/01/2024,09:18:46,0.55,0.55,1491520,0.6,694280,2800,3658920
FINNIFTY02JAN2421900CE.NFO,02/01/2024,09:18:48,0.55,0.55,1486280,0.6,698280,13400,3658920
FINNIFTY02JAN2421900CE.NFO,02/01/2024,09:18:49,0.6,0.55,1484200,0.6,973680,4760,3658920
FINNIFTY02JAN2421900CE.NFO,02/01/2024,09:18:51,0.6,0.55,1484920,0.6,1001200,3720,3658920
FINNIFTY02JAN2421900CE.NFO,02/01/2024,09:18:53,0.6,0.55,1505200,0.6,1003160,4960,3658920
FINNIFTY02JAN2421900CE.NFO,02/01/2024,09:18:54,0.55,0.55,1501680,0.6,999560,7120,3658920
FINNIFTY02JAN2421900CE.NFO,02/01/2024,09:18:56,0.6,0.55,1501760,0.6,984480,8080,3658920
FINNIFTY02JAN2421900CE.NFO,02/01/2024,09:18:57,0.6,0.55,1503600,0.6,972120,9760,3658920
FINNIFTY02JAN2421900CE.NFO,02/01/2024,09:18:59,0.6,0.55,1501480,0.6,966960,10680,3658920
FINNIFTY02JAN2421900CE.NFO,02/01/2024,09:19:01,0.55,0.55,1501400,0.6,965360,2000,3658920
FINNIFTY02JAN2421900CE.NFO,02/01/2024,09:19:02,0.6,0.55,1498400,0.6,963200,5160,3658920
FINNIFTY02JAN2421900CE.NFO,02/01/2024,09:19:04,0.55,0.55,1495520,0.6,963600,2880,3658920
FINNIFTY02JAN2421900CE.NFO,02/01/2024,09:19:06,0.6,0.55,1538040,0.6,960360,5040,3658920
FINNIFTY02JAN2421900CE.NFO,02/01/2024,09:19:07,0.6,0.55,1592880,0.6,958960,3960,3658920
FINNIFTY02JAN2421900CE.NFO,02/01/2024,09:19:09,0.55,0.55,1592320,0.6,948080,11480,3658920
FINNIFTY02JAN2421900CE.NFO,02/01/2024,09:19:10,0.6,0.55,1593720,0.6,944360,3120,3658920
FINNIFTY02JAN2421900CE.NFO,02/01/2024,09:19:12,0.6,0.55,1593200,0.6,938960,7240,3658920
FINNIFTY02JAN2421900CE.NFO,02/01/2024,09:19:14,0.6,0.55,1593120,0.6,937040,3760,3658920
FINNIFTY02JAN2421900CE.NFO,02/01/2024,09:19:15,0.6,0.55,1595120,0.6,936200,560,3658920
FINNIFTY02JAN2421900CE.NFO,02/01/2024,09:19:17,0.55,0.55,1583160,0.6,939720,6680,3658920
FINNIFTY02JAN2421900CE.NFO,02/01/2024,09:19:19,0.55,0.55,1575760,0.6,941640,0,3658920
FINNIFTY02JAN2421900CE.NFO,02/01/2024,09:19:20,0.6,0.55,1574080,0.6,935800,7680,3658920
FINNIFTY02JAN2421900CE.NFO,02/01/2024,09:19:22,0.55,0.55,1569560,0.6,932920,8840,3658920
FINNIFTY02JAN2421900CE.NFO,02/01/2024,09:19:23,0.55,0.55,1566080,0.6,935640,5280,3658920
FINNIFTY02JAN2421900CE.NFO,02/01/2024,09:19:25,0.55,0.55,1546640,0.6,937520,18160,3658920
FINNIFTY02JAN2421900CE.NFO,02/01/2024,09:19:27,0.55,0.55,1544920,0.6,933480,13080,3658920
FINNIFTY02JAN2421900CE.NFO,02/01/2024,09:19:28,0.55,0.55,1544040,0.6,933440,7720,3658920
FINNIFTY02JAN2421900CE.NFO,02/01/2024,09:19:30,0.6,0.55,1545360,0.6,927720,9680,3658920
FINNIFTY02JAN2421900CE.NFO,02/01/2024,09:19:32,0.6,0.55,1543760,0.6,914240,7760,3658920
FINNIFTY02JAN2421900CE.NFO,02/01/2024,09:19:34,0.6,0.55,1530960,0.6,913520,17640,3658920
FINNIFTY02JAN2421900CE.NFO,02/01/2024,09:19:35,0.6,0.55,1521560,0.6,912840,12760,3658920
FINNIFTY02JAN2421900CE.NFO,02/01/2024,09:19:37,0.6,0.55,1520360,0.6,908000,5440,3658920
FINNIFTY02JAN2421900CE.NFO,02/01/2024,09:19:39,0.6,0.55,1508000,0.6,892800,26960,3658920
FINNIFTY02JAN2421900CE.NFO,02/01/2024,09:19:40,0.55,0.55,1495200,0.6,891920,16000,3658920
FINNIFTY02JAN2421900CE.NFO,02/01/2024,09:19:42,0.6,0.55,1503760,0.6,983760,8640,3658920
FINNIFTY02JAN2421900CE.NFO,02/01/2024,09:19:44,0.6,0.55,1490080,0.6,982720,21840,3658920
FINNIFTY02JAN2421900CE.NFO,02/01/2024,09:19:45,0.55,0.55,1485160,0.6,968720,14760,3658920
FINNIFTY02JAN2421900CE.NFO,02/01/2024,09:19:47,0.6,0.55,1462240,0.6,952360,39640,3658920
FINNIFTY02JAN2421900CE.NFO,02/01/2024,09:19:49,0.6,0.55,1462120,0.6,936080,13480,3658920
FINNIFTY02JAN2421900CE.NFO,02/01/2024,09:19:50,0.6,0.55,1422840,0.6,931600,6520,3658920
FINNIFTY02JAN2421900CE.NFO,02/01/2024,09:19:52,0.6,0.55,1322160,0.6,933320,1800,3658920
FINNIFTY02JAN2421900CE.NFO,02/01/2024,09:19:54,0.55,0.55,1321680,0.6,931560,2280,3658920
FINNIFTY02JAN2421900CE.NFO,02/01/2024,09:19:55,0.6,0.55,1321680,0.6,925000,6560,3658920
FINNIFTY02JAN2421900CE.NFO,02/01/2024,09:19:57,0.6,0.55,1319840,0.6,926040,440,3658920
FINNIFTY02JAN2421900CE.NFO,02/01/2024,09:19:59,0.55,0.55,1287360,0.6,917040,11800,3658920
FINNIFTY02JAN2421900CE.NFO,02/01/2024,09:20:00,0.6,0.55,1276840,0.6,905120,12800,3658920
FINNIFTY02JAN2421900CE.NFO,02/01/2024,09:20:02,0.55,0.55,1279320,0.6,899720,10040,3658920
FINNIFTY02JAN2421900CE.NFO,02/01/2024,09:20:04,0.6,0.55,1282000,0.6,899840,4560,3658920
FINNIFTY02JAN2421900CE.NFO,02/01/2024,09:20:05,0.6,0.55,1284760,0.6,897000,1080,3658920
FINNIFTY02JAN2421900CE.NFO,02/01/2024,09:20:07,0.55,0.55,1273360,0.6,897920,16880,3658920
FINNIFTY02JAN2421900CE.NFO,02/01/2024,09:20:09,0.6,0.55,1269240,0.6,900400,7240,3658920
FINNIFTY02JAN2421900CE.NFO,02/01/2024,09:20:10,0.6,0.55,1272120,0.6,906000,9480,3658920
FINNIFTY02JAN2421900CE.NFO,02/01/2024,09:20:12,0.55,0.55,1260640,0.6,907800,10800,3658920
FINNIFTY02JAN2421900CE.NFO,02/01/2024,09:20:14,0.6,0.55,1264200,0.6,903520,5400,3658920
FINNIFTY02JAN2421900CE.NFO,02/01/2024,09:20:15,0.55,0.55,1269200,0.6,905000,5520,3658920
FINNIFTY02JAN2421900CE.NFO,02/01/2024,09:20:17,0.55,0.55,1273520,0.6,905640,6200,3658920
FINNIFTY02JAN2421900CE.NFO,02/01/2024,09:20:19,0.6,0.55,1261000,0.6,907320,19040,3658920
FINNIFTY02JAN2421900CE.NFO,02/01/2024,09:20:20,0.6,0.55,1260680,0.6,905400,8880,3658920
FINNIFTY02JAN2421900CE.NFO,02/01/2024,09:20:22,0.6,0.55,1257920,0.6,900960,7240,3658920
FINNIFTY02JAN2421900CE.NFO,02/01/2024,09:20:24,0.6,0.55,1254320,0.6,897800,9000,4143320
FINNIFTY02JAN2421900CE.NFO,02/01/2024,09:20:25,0.55,0.55,1240240,0.6,894320,15880,4143320
FINNIFTY02JAN2421900CE.NFO,02/01/2024,09:20:27,0.6,0.55,1236640,0.6,890120,9600,4143320
FINNIFTY02JAN2421900CE.NFO,02/01/2024,09:20:29,0.55,0.55,1221760,0.6,884080,22280,4143320
FINNIFTY02JAN2421900CE.NFO,02/01/2024,09:20:30,0.6,0.55,1216880,0.6,876760,8200,4143320
FINNIFTY02JAN2421900CE.NFO,02/01/2024,09:20:31,0.55,0.55,1210800,0.6,875000,8520,4143320
FINNIFTY02JAN2421900CE.NFO,02/01/2024,09:20:33,0.55,0.55,1201760,0.6,874600,7200,4143320
FINNIFTY02JAN2421900CE.NFO,02/01/2024,09:20:35,0.6,0.55,1196760,0.6,870520,10920,4143320
FINNIFTY02JAN2421900CE.NFO,02/01/2024,09:20:36,0.55,0.55,1160760,0.6,869120,8200,4143320
FINNIFTY02JAN2421900CE.NFO,02/01/2024,09:20:38,0.55,0.55,1157960,0.6,939280,7800,4143320
FINNIFTY02JAN2421900CE.NFO,02/01/2024,09:20:40,0.55,0.55,1146640,0.6,939280,5400,4143320
FINNIFTY02JAN2421900CE.NFO,02/01/2024,09:20:41,0.55,0.55,611800,0.6,936480,6000,4143320
FINNIFTY02JAN2421900CE.NFO,02/01/2024,09:20:43,0.55,0.55,211440,0.6,915080,357480,4143320
FINNIFTY02JAN2421900CE.NFO,02/01/2024,09:20:45,0.55,0.5,2451760,0.55,171920,276480,4143320
FINNIFTY02JAN2421900CE.NFO,02/01/2024,09:20:45,0.5,0.5,2451760,0.55,171920,0,4143320
FINNIFTY02JAN2421900CE.NFO,02/01/2024,09:20:46,0.55,0.5,2457640,0.55,275480,27560,4143320
FINNIFTY02JAN2421900CE.NFO,02/01/2024,09:20:48,0.55,0.5,2457480,0.55,452960,5760,4143320
FINNIFTY02JAN2421900CE.NFO,02/01/2024,09:20:50,0.55,0.5,2390880,0.55,314280,254600,4143320
FINNIFTY02JAN2421900CE.NFO,02/01/2024,09:20:51,0.5,0.5,2387680,0.55,422560,4440,4143320
FINNIFTY02JAN2421900CE.NFO,02/01/2024,09:20:53,0.55,0.5,2387680,0.55,465280,5760,4143320
FINNIFTY02JAN2421900CE.NFO,02/01/2024,09:20:55,0.55,0.5,2387680,0.55,505040,2200,4143320
FINNIFTY02JAN2421900CE.NFO,02/01/2024,09:20:56,0.5,0.5,2375440,0.55,501040,14480,4143320
FINNIFTY02JAN2421900CE.NFO,02/01/2024,09:20:58,0.5,0.5,2393200,0.55,496840,6240,4143320
FINNIFTY02JAN2421900CE.NFO,02/01/2024,09:21:00,0.55,0.5,2393120,0.55,583240,1840,4143320
FINNIFTY02JAN2421900CE.NFO,02/01/2024,09:21:01,0.55,0.5,2379680,0.55,578880,24080,4143320
FINNIFTY02JAN2421900CE.NFO,02/01/2024,09:21:03,0.5,0.5,2375920,0.55,588880,7000,4143320
FINNIFTY02JAN2421900CE.NFO,02/01/2024,09:21:05,0.55,0.5,2375480,0.55,585160,4400,4143320
FINNIFTY02JAN2421900CE.NFO,02/01/2024,09:21:06,0.5,0.5,2361560,0.55,589000,22440,4143320
FINNIFTY02JAN2421900CE.NFO,02/01/2024,09:21:08,0.5,0.5,2350080,0.55,571360,21960,4143320
FINNIFTY02JAN2421900CE.NFO,02/01/2024,09:21:10,0.5,0.5,2343600,0.55,570440,16360,4143320
FINNIFTY02JAN2421900CE.NFO,02/01/2024,09:21:11,0.55,0.5,2336360,0.55,499560,19680,4143320
FINNIFTY02JAN2421900CE.NFO,02/01/2024,09:21:13,0.5,0.5,2377600,0.55,341080,256880,4143320
FINNIFTY02JAN2421900CE.NFO,02/01/2024,09:21:15,0.55,0.55,258600,0.6,644680,296880,4143320
FINNIFTY02JAN2421900CE.NFO,02/01/2024,09:21:16,0.6,0.55,694360,0.6,654160,3600,4143320
FINNIFTY02JAN2421900CE.NFO,02/01/2024,09:21:18,0.55,0.55,716000,0.6,743600,14680,4143320
FINNIFTY02JAN2421900CE.NFO,02/01/2024,09:21:20,0.55,0.55,753760,0.6,745960,1880,4143320
FINNIFTY02JAN2421900CE.NFO,02/01/2024,09:21:21,0.55,0.55,758920,0.6,768440,5080,4143320
FINNIFTY02JAN2421900CE.NFO,02/01/2024,09:21:23,0.6,0.55,781960,0.6,773000,12160,4143320
FINNIFTY02JAN2421900CE.NFO,02/01/2024,09:21:25,0.6,0.55,804360,0.6,774400,23320,4143320
FINNIFTY02JAN2421900CE.NFO,02/01/2024,09:21:26,0.55,0.55,825760,0.6,775640,13440,4143320
FINNIFTY02JAN2421900CE.NFO,02/01/2024,09:21:28,0.55,0.55,832240,0.6,773120,9080,4143320
FINNIFTY02JAN2421900CE.NFO,02/01/2024,09:21:30,0.55,0.55,828840,0.6,772800,6000,4143320
FINNIFTY02JAN2421900CE.NFO,02/01/2024,09:21:32,0.55,0.55,829640,0.6,770960,4240,4143320
FINNIFTY02JAN2421900CE.NFO,02/01/2024,09:21:33,0.55,0.55,822120,0.6,770640,5240,4143320
FINNIFTY02JAN2421900CE.NFO,02/01/2024,09:21:35,0.55,0.55,705800,0.6,708200,151880,4143320
FINNIFTY02JAN2421900CE.NFO,02/01/2024,09:21:37,0.6,0.55,750440,0.6,706560,2440,4143320
FINNIFTY02JAN2421900CE.NFO,02/01/2024,09:21:38,0.6,0.55,740560,0.6,715760,10920,4143320
FINNIFTY02JAN2421900CE.NFO,02/01/2024,09:21:40,0.6,0.55,758640,0.6,714960,2320,4143320
FINNIFTY02JAN2421900CE.NFO,02/01/2024,09:21:42,0.6,0.55,770920,0.6,674520,19800,4143320
FINNIFTY02JAN2421900CE.NFO,02/01/2024,09:21:43,0.6,0.55,774920,0.6,668520,17000,4143320
FINNIFTY02JAN2421900CE.NFO,02/01/2024,09:21:45,0.55,0.55,777520,0.6,656600,13360,4143320
FINNIFTY02JAN2421900CE.NFO,02/01/2024,09:21:47,0.6,0.55,777320,0.6,773400,1000,4143320
FINNIFTY02JAN2421900CE.NFO,02/01/2024,09:21:48,0.55,0.55,789760,0.6,769560,5760,4143320
FINNIFTY02JAN2421900CE.NFO,02/01/2024,09:21:50,0.6,0.55,785680,0.6,769440,4040,4143320
FINNIFTY02JAN2421900CE.NFO,02/01/2024,09:21:52,0.6,0.55,784880,0.6,763000,5000,4143320
FINNIFTY02JAN2421900CE.NFO,02/01/2024,09:21:53,0.6,0.55,784080,0.6,762600,1240,4143320
FINNIFTY02JAN2421900CE.NFO,02/01/2024,09:21:55,0.55,0.55,778400,0.6,758360,11480,4143320
FINNIFTY02JAN2421900CE.NFO,02/01/2024,09:21:57,0.6,0.55,771120,0.6,747680,21000,4143320
FINNIFTY02JAN2421900CE.NFO,02/01/2024,09:21:58,0.6,0.55,776600,0.6,735720,21120,4143320
FINNIFTY02JAN2421900CE.NFO,02/01/2024,09:22:00,0.55,0.55,774480,0.6,727400,14320,4143320
FINNIFTY02JAN2421900CE.NFO,02/01/2024,09:22:02,0.55,0.55,772400,0.6,732880,640,4143320
FINNIFTY02JAN2421900CE.NFO,02/01/2024,09:22:03,0.55,0.55,770320,0.6,732960,2200,4143320
FINNIFTY02JAN2421900CE.NFO,02/01/2024,09:22:05,0.6,0.55,769120,0.6,761720,3640,4143320
FINNIFTY02JAN2421900CE.NFO,02/01/2024,09:22:07,0.6,0.55,822640,0.6,753720,11160,4143320
FINNIFTY02JAN2421900CE.NFO,02/01/2024,09:22:08,0.55,0.55,824200,0.6,751360,1240,4143320
FINNIFTY02JAN2421900CE.NFO,02/01/2024,09:22:10,0.6,0.55,821800,0.6,752200,1520,4143320
FINNIFTY02JAN2421900CE.NFO,02/01/2024,09:22:12,0.55,0.55,864160,0.6,744400,6000,4143320
FINNIFTY02JAN2421900CE.NFO,02/01/2024,09:22:13,0.55,0.55,865280,0.6,764240,840,4143320
FINNIFTY02JAN2421900CE.NFO,02/01/2024,09:22:15,0.55,0.55,860200,0.6,762560,6960,4143320
FINNIFTY02JAN2421900CE.NFO,02/01/2024,09:22:17,0.6,0.55,857800,0.6,762480,2520,4143320
FINNIFTY02JAN2421900CE.NFO,02/01/2024,09:22:18,0.55,0.55,855960,0.6,756240,4160,4143320
FINNIFTY02JAN2421900CE.NFO,02/01/2024,09:22:20,0.55,0.55,859200,0.6,724520,37280,4143320
FINNIFTY02JAN2421900CE.NFO,02/01/2024,09:22:22,0.55,0.55,873520,0.6,724200,4680,4143320
FINNIFTY02JAN2421900CE.NFO,02/01/2024,09:22:23,0.6,0.55,871560,0.6,720840,13800,4143320
FINNIFTY02JAN2421900CE.NFO,02/01/2024,09:22:25,0.6,0.55,877200,0.6,716120,11560,4143320
FINNIFTY02JAN2421900CE.NFO,02/01/2024,09:22:26,0.55,0.55,909880,0.6,714400,3080,4143320
FINNIFTY02JAN2421900CE.NFO,02/01/2024,09:22:28,0.55,0.55,924800,0.6,713200,8880,4143320
FINNIFTY02JAN2421900CE.NFO,02/01/2024,09:22:31,0.55,0.55,928400,0.6,866280,2720,4143320
FINNIFTY02JAN2421900CE.NFO,02/01/2024,09:22:32,0.6,0.55,927920,0.6,864560,2800,4143320
FINNIFTY02JAN2421900CE.NFO,02/01/2024,09:22:34,0.55,0.55,929520,0.6,864560,1160,4143320
FINNIFTY02JAN2421900CE.NFO,02/01/2024,09:22:36,0.55,0.55,927840,0.6,865720,1400,4143320
FINNIFTY02JAN2421900CE.NFO,02/01/2024,09:22:37,0.55,0.55,927720,0.6,862760,1320,4143320
FINNIFTY02JAN2421900CE.NFO,02/01/2024,09:22:39,0.55,0.55,926360,0.6,863040,2160,4143320
FINNIFTY02JAN2421900CE.NFO,02/01/2024,09:22:40,0.6,0.55,923680,0.6,840360,10960,4143320
FINNIFTY02JAN2421900CE.NFO,02/01/2024,09:22:42,0.55,0.55,922680,0.6,833960,6960,4143320
FINNIFTY02JAN2421900CE.NFO,02/01/2024,09:22:44,0.55,0.55,903520,0.6,832320,19200,4143320
FINNIFTY02JAN2421900CE.NFO,02/01/2024,09:22:45,0.55,0.55,906320,0.6,834320,2040,4143320
FINNIFTY02JAN2421900CE.NFO,02/01/2024,09:22:47,0.6,0.55,888840,0.6,832520,21240,4143320
FINNIFTY02JAN2421900CE.NFO,02/01/2024,09:22:49,0.6,0.55,841760,0.6,827840,6240,4143320
FINNIFTY02JAN2421900CE.NFO,02/01/2024,09:22:50,0.55,0.55,828960,0.6,828840,9760,4143320
FINNIFTY02JAN2421900CE.NFO,02/01/2024,09:22:52,0.55,0.55,784760,0.6,826880,19520,4143320
FINNIFTY02JAN2421900CE.NFO,02/01/2024,09:22:53,0.55,0.55,792520,0.6,831400,8760,4143320
FINNIFTY02JAN2421900CE.NFO,02/01/2024,09:22:55,0.55,0.55,759400,0.6,830440,2920,4143320
FINNIFTY02JAN2421900CE.NFO,02/01/2024,09:22:57,0.55,0.55,754440,0.6,827680,7600,4143320
FINNIFTY02JAN2421900CE.NFO,02/01/2024,09:22:58,0.6,0.55,749640,0.6,824600,8680,4143320
FINNIFTY02JAN2421900CE.NFO,02/01/2024,09:23:00,0.55,0.55,746840,0.6,819240,9560,4143320
FINNIFTY02JAN2421900CE.NFO,02/01/2024,09:23:02,0.55,0.55,746720,0.6,808480,11880,4143320
FINNIFTY02JAN2421900CE.NFO,02/01/2024,09:23:03,0.55,0.55,746240,0.6,808400,1560,4143320
FINNIFTY02JAN2421900CE.NFO,02/01/2024,09:23:05,0.6,0.55,769400,0.6,810040,6280,4143320
FINNIFTY02JAN2421900CE.NFO,02/01/2024,09:23:06,0.6,0.55,898920,0.6,805480,46680,4143320
FINNIFTY02JAN2421900CE.NFO,02/01/2024,09:23:08,0.55,0.55,979720,0.6,792040,14280,4143320
FINNIFTY02JAN2421900CE.NFO,02/01/2024,09:23:10,0.55,0.55,1048000,0.6,787000,8720,4143320
FINNIFTY02JAN2421900CE.NFO,02/01/2024,09:23:11,0.55,0.55,1069040,0.6,787240,4120,4143320
FINNIFTY02JAN2421900CE.NFO,02/01/2024,09:23:13,0.6,0.55,1059400,0.6,783200,20880,4143320
FINNIFTY02JAN2421900CE.NFO,02/01/2024,09:23:14,0.55,0.55,1060400,0.6,786600,1920,4143320
FINNIFTY02JAN2421900CE.NFO,02/01/2024,09:23:16,0.6,0.55,1054880,0.6,785680,7280,4143320
FINNIFTY02JAN2421900CE.NFO,02/01/2024,09:23:18,0.55,0.55,1049200,0.6,783360,3600,4143320
FINNIFTY02JAN2421900CE.NFO,02/01/2024,09:23:19,0.55,0.55,1050120,0.6,784080,880,4143320
FINNIFTY02JAN2421900CE.NFO,02/01/2024,09:23:21,0.6,0.55,1045720,0.6,778640,9840,4143320
FINNIFTY02JAN2421900CE.NFO,02/01/2024,09:23:23,0.55,0.55,1043080,0.6,772920,4440,4143320
FINNIFTY02JAN2421900CE.NFO,02/01/2024,09:23:24,0.55,0.55,995080,0.6,769760,15040,4374760
FINNIFTY02JAN2421900CE.NFO,02/01/2024,09:23:26,0.55,0.55,992280,0.6,769760,1600,4374760
FINNIFTY02JAN2421900CE.NFO,02/01/2024,09:23:27,0.55,0.55,991080,0.6,789480,2480,4374760
FINNIFTY02JAN2421900CE.NFO,02/01/2024,09:23:29,0.55,0.55,990240,0.6,789720,800,4374760
FINNIFTY02JAN2421900CE.NFO,02/01/2024,09:23:31,0.6,0.55,984200,0.6,789120,6880,4374760
FINNIFTY02JAN2421900CE.NFO,02/01/2024,09:23:32,0.55,0.55,985400,0.6,788120,800,4374760
FINNIFTY02JAN2421900CE.NFO,02/01/2024,09:23:34,0.55,0.55,983760,0.6,788000,1800,4374760
FINNIFTY02JAN2421900CE.NFO,02/01/2024,09:23:36,0.55,0.55,981440,0.6,789560,2360,4374760
FINNIFTY02JAN2421900CE.NFO,02/01/2024,09:23:37,0.55,0.55,979800,0.6,787920,1600,4374760
FINNIFTY02JAN2421900CE.NFO,02/01/2024,09:23:39,0.55,0.55,977120,0.6,788920,2680,4374760
FINNIFTY02JAN2421900CE.NFO,02/01/2024,09:23:41,0.55,0.55,970720,0.6,828520,3600,4374760
FINNIFTY02JAN2421900CE.NFO,02/01/2024,09:23:42,0.55,0.55,966960,0.6,827840,3360,4374760
FINNIFTY02JAN2421900CE.NFO,02/01/2024,09:23:44,0.55,0.55,951200,0.6,827120,2440,4374760
FINNIFTY02JAN2421900CE.NFO,02/01/2024,09:23:46,0.6,0.55,942640,0.6,830280,2200,4374760
FINNIFTY02JAN2421900CE.NFO,02/01/2024,09:23:47,0.55,0.55,942040,0.6,829920,1200,4374760
FINNIFTY02JAN2421900CE.NFO,02/01/2024,09:23:49,0.55,0.55,941040,0.6,832600,1000,4374760
FINNIFTY02JAN2421900CE.NFO,02/01/2024,09:23:51,0.6,0.55,940920,0.6,823200,10520,4374760
FINNIFTY02JAN2421900CE.NFO,02/01/2024,09:23:52,0.6,0.55,935400,0.6,821000,10320,4374760
FINNIFTY02JAN2421900CE.NFO,02/01/2024,09:23:54,0.55,0.55,917120,0.6,816040,8920,4374760
FINNIFTY02JAN2421900CE.NFO,02/01/2024,09:23:56,0.55,0.55,916080,0.6,812200,5040,4374760
FINNIFTY02JAN2421900CE.NFO,02/01/2024,09:23:57,0.6,0.55,916160,0.6,799600,14280,4374760
FINNIFTY02JAN2421900CE.NFO,02/01/2024,09:23:59,0.55,0.55,915480,0.6,810440,3240,4374760
FINNIFTY02JAN2421900CE.NFO,02/01/2024,09:24:01,0.6,0.55,915480,0.6,804080,8160,4374760
FINNIFTY02JAN2421900CE.NFO,02/01/2024,09:24:02,0.55,0.55,913880,0.6,804560,1760,4374760
FINNIFTY02JAN2421900CE.NFO,02/01/2024,09:24:04,0.55,0.55,910320,0.6,800960,5360,4374760
FINNIFTY02JAN2421900CE.NFO,02/01/2024,09:24:06,0.55,0.55,910640,0.6,792640,7920,4374760
FINNIFTY02JAN2421900CE.NFO,02/01/2024,09:24:07,0.55,0.55,905000,0.6,799800,5640,4374760
FINNIFTY02JAN2421900CE.NFO,02/01/2024,09:24:09,0.55,0.55,860240,0.6,803600,14520,4374760
FINNIFTY02JAN2421900CE.NFO,02/01/2024,09:24:11,0.55,0.55,888440,0.6,800920,8480,4374760
FINNIFTY02JAN2421900CE.NFO,02/01/2024,09:24:12,0.6,0.55,884200,0.6,792120,14040,4374760
FINNIFTY02JAN2421900CE.NFO,02/01/2024,09:24:14,0.55,0.55,881600,0.6,828880,800,4374760
FINNIFTY02JAN2421900CE.NFO,02/01/2024,09:24:15,0.6,0.55,881080,0.6,869880,4120,4374760
FINNIFTY02JAN2421900CE.NFO,02/01/2024,09:24:17,0.55,0.55,875600,0.6,871680,5680,4374760
FINNIFTY02JAN2421900CE.NFO,02/01/2024,09:24:19,0.55,0.55,875600,0.6,872680,0,4374760
FINNIFTY02JAN2421900CE.NFO,02/01/2024,09:24:20,0.6,0.55,875480,0.6,867680,8600,4374760
FINNIFTY02JAN2421900CE.NFO,02/01/2024,09:24:22,0.6,0.55,875440,0.6,865440,640,4374760
FINNIFTY02JAN2421900CE.NFO,02/01/2024,09:24:24,0.6,0.55,875440,0.6,876320,120,4374760
FINNIFTY02JAN2421900CE.NFO,02/01/2024,09:24:25,0.6,0.55,876920,0.6,871040,5600,4374760
FINNIFTY02JAN2421900CE.NFO,02/01/2024,09:24:27,0.6,0.55,876520,0.6,869880,760,4374760
FINNIFTY02JAN2421900CE.NFO,02/01/2024,09:24:28,0.6,0.55,876520,0.6,864480,5600,4374760
FINNIFTY02JAN2421900CE.NFO,02/01/2024,09:24:30,0.55,0.55,872640,0.6,866880,2080,4374760
FINNIFTY02JAN2421900CE.NFO,02/01/2024,09:24:32,0.55,0.55,834000,0.6,865720,16800,4374760
FINNIFTY02JAN2421900CE.NFO,02/01/2024,09:24:34,0.55,0.55,813160,0.6,888320,11560,4374760
FINNIFTY02JAN2421900CE.NFO,02/01/2024,09:24:35,0.55,0.55,791000,0.6,888320,7760,4374760
FINNIFTY02JAN2421900CE.NFO,02/01/2024,09:24:37,0.55,0.55,710840,0.6,888720,12480,4374760
FINNIFTY02JAN2421900CE.NFO,02/01/2024,09:24:38,0.55,0.55,672280,0.6,888040,27040,4374760
FINNIFTY02JAN2421900CE.NFO,02/01/2024,09:24:40,0.55,0.55,666040,0.6,912720,14720,4374760
FINNIFTY02JAN2421900CE.NFO,02/01/2024,09:24:42,0.55,0.55,557600,0.6,928880,19720,4374760
FINNIFTY02JAN2421900CE.NFO,02/01/2024,09:24:43,0.55,0.55,293000,0.6,914640,185200,4374760
FINNIFTY02JAN2421900CE.NFO,02/01/2024,09:24:45,0.5,0.5,2499720,0.55,719400,219760,4374760
FINNIFTY02JAN2421900CE.NFO,02/01/2024,09:24:47,0.55,0.5,2499760,0.55,804560,360,4374760
FINNIFTY02JAN2421900CE.NFO,02/01/2024,09:24:48,0.55,0.5,2500640,0.55,849400,2480,4374760
FINNIFTY02JAN2421900CE.NFO,02/01/2024,09:24:50,0.5,0.5,2400240,0.55,851520,960,4374760
FINNIFTY02JAN2421900CE.NFO,02/01/2024,09:24:52,0.5,0.5,2401840,0.55,850040,2280,4374760
FINNIFTY02JAN2421900CE.NFO,02/01/2024,09:24:53,0.5,0.5,2402160,0.55,857240,2840,4374760
FINNIFTY02JAN2421900CE.NFO,02/01/2024,09:24:55,0.5,0.5,2398040,0.55,857880,4000,4374760
FINNIFTY02JAN2421900CE.NFO,02/01/2024,09:24:57,0.5,0.5,2401520,0.55,854160,12880,4374760
FINNIFTY02JAN2421900CE.NFO,02/01/2024,09:24:58,0.55,0.5,2400240,0.55,872360,3720,4374760
FINNIFTY02JAN2421900CE.NFO,02/01/2024,09:25:00,0.5,0.5,2402680,0.55,873160,4640,4374760
FINNIFTY02JAN2421900CE.NFO,02/01/2024,09:25:02,0.55,0.5,2406360,0.55,870080,13680,4374760
FINNIFTY02JAN2421900CE.NFO,02/01/2024,09:25:03,0.55,0.5,2404680,0.55,870480,5600,4374760
FINNIFTY02JAN2421900CE.NFO,02/01/2024,09:25:05,0.55,0.5,2404720,0.55,877920,1240,4374760
FINNIFTY02JAN2421900CE.NFO,02/01/2024,09:25:07,0.55,0.5,2404960,0.55,892720,4280,4374760
FINNIFTY02JAN2421900CE.NFO,02/01/2024,09:25:08,0.55,0.5,2405160,0.55,901960,2080,4374760
FINNIFTY02JAN2421900CE.NFO,02/01/2024,09:25:10,0.55,0.5,2405320,0.55,911120,2840,4374760
FINNIFTY02JAN2421900CE.NFO,02/01/2024,09:25:12,0.55,0.5,2405600,0.55,907000,2880,4374760
FINNIFTY02JAN2421900CE.NFO,02/01/2024,09:25:13,0.55,0.5,2405320,0.55,913000,360,4374760
FINNIFTY02JAN2421900CE.NFO,02/01/2024,09:25:15,0.55,0.5,2403680,0.55,913400,40,4374760
FINNIFTY02JAN2421900CE.NFO,02/01/2024,09:25:17,0.5,0.5,2405400,0.55,915000,1880,4374760
FINNIFTY02JAN2421900CE.NFO,02/01/2024,09:25:18,0.55,0.5,2405360,0.55,913600,240,4374760
FINNIFTY02JAN2421900CE.NFO,02/01/2024,09:25:20,0.55,0.5,2406680,0.55,911360,5120,4374760
FINNIFTY02JAN2421900CE.NFO,02/01/2024,09:25:22,0.55,0.5,2406600,0.55,912440,800,4374760
FINNIFTY02JAN2421900CE.NFO,02/01/2024,09:25:23,0.55,0.5,2406480,0.55,913160,2600,4374760
FINNIFTY02JAN2421900CE.NFO,02/01/2024,09:25:25,0.5,0.5,2406080,0.55,913360,400,4374760
FINNIFTY02JAN2421900CE.NFO,02/01/2024,09:25:27,0.5,0.5,2407720,0.55,913040,480,4374760
FINNIFTY02JAN2421900CE.NFO,02/01/2024,09:25:28,0.5,0.5,2413720,0.55,911320,2720,4374760
FINNIFTY02JAN2421900CE.NFO,02/01/2024,09:25:31,0.5,0.5,2417720,0.55,912960,3480,4374760
FINNIFTY02JAN2421900CE.NFO,02/01/2024,09:25:33,0.5,0.5,2420840,0.55,920720,280,4374760
FINNIFTY02JAN2421900CE.NFO,02/01/2024,09:25:34,0.55,0.5,2428800,0.55,917640,16640,4374760
FINNIFTY02JAN2421900CE.NFO,02/01/2024,09:25:36,0.5,0.5,2428320,0.55,916840,2480,4374760
FINNIFTY02JAN2421900CE.NFO,02/01/2024,09:25:38,0.5,0.5,2432040,0.55,912760,9600,4374760
FINNIFTY02JAN2421900CE.NFO,02/01/2024,09:25:39,0.55,0.5,2432040,0.55,912920,80,4374760
FINNIFTY02JAN2421900CE.NFO,02/01/2024,09:25:41,0.5,0.5,2431800,0.55,915120,240,4374760
FINNIFTY02JAN2421900CE.NFO,02/01/2024,09:25:43,0.5,0.5,2431760,0.55,915040,120,4374760
FINNIFTY02JAN2421900CE.NFO,02/01/2024,09:25:44,0.55,0.5,2428800,0.55,904000,14000,4374760
FINNIFTY02JAN2421900CE.NFO,02/01/2024,09:25:46,0.55,0.5,2428760,0.55,902040,400,4374760
FINNIFTY02JAN2421900CE.NFO,02/01/2024,09:25:47,0.5,0.5,2425640,0.55,898720,3120,4374760
FINNIFTY02JAN2421900CE.NFO,02/01/2024,09:25:49,0.5,0.5,2416000,0.55,902320,7840,4374760
FINNIFTY02JAN2421900CE.NFO,02/01/2024,09:25:51,0.55,0.5,2417800,0.55,900720,3400,4374760
FINNIFTY02JAN2421900CE.NFO,02/01/2024,09:25:52,0.5,0.5,2415960,0.55,900640,1920,4374760
FINNIFTY02JAN2421900CE.NFO,02/01/2024,09:25:54,0.5,0.5,2409880,0.55,899400,7360,4374760
FINNIFTY02JAN2421900CE.NFO,02/01/2024,09:25:56,0.55,0.5,2409200,0.55,893440,8080,4374760
FINNIFTY02JAN2421900CE.NFO,02/01/2024,09:25:57,0.55,0.5,2398760,0.55,892440,4240,4374760
FINNIFTY02JAN2421900CE.NFO,02/01/2024,09:25:59,0.5,0.5,2387880,0.55,890640,3640,4374760
FINNIFTY02JAN2421900CE.NFO,02/01/2024,09:26:01,0.55,0.5,2386000,0.55,885920,12560,4374760
FINNIFTY02JAN2421900CE.NFO,02/01/2024,09:26:02,0.55,0.5,2385840,0.55,885720,1960,4374760
FINNIFTY02JAN2421900CE.NFO,02/01/2024,09:26:04,0.5,0.5,2366000,0.55,884600,3600,4374760
FINNIFTY02JAN2421900CE.NFO,02/01/2024,09:26:06,0.55,0.5,2364000,0.55,881000,5600,4374760
FINNIFTY02JAN2421900CE.NFO,02/01/2024,09:26:07,0.55,0.5,2363920,0.55,872800,8320,4374760
FINNIFTY02JAN2421900CE.NFO,02/01/2024,09:26:09,0.55,0.5,2363920,0.55,864120,2800,4374760
FINNIFTY02JAN2421900CE.NFO,02/01/2024,09:26:11,0.5,0.5,2358280,0.55,869320,5600,4374760
FINNIFTY02JAN2421900CE.NFO,02/01/2024,09:26:12,0.5,0.5,2358240,0.55,871120,40,4374760
FINNIFTY02JAN2421900CE.NFO,02/01/2024,09:26:14,0.5,0.5,2358200,0.55,871120,40,4374760
FINNIFTY02JAN2421900CE.NFO,02/01/2024,09:26:16,0.5,0.5,2357360,0.55,839080,2720,4374760
FINNIFTY02JAN2421900CE.NFO,02/01/2024,09:26:17,0.55,0.5,2352600,0.55,802480,16560,4374760
FINNIFTY02JAN2421900CE.NFO,02/01/2024,09:26:19,0.55,0.5,2348080,0.55,796000,15880,4374760
FINNIFTY02JAN2421900CE.NFO,02/01/2024,09:26:21,0.5,0.5,2347920,0.55,792880,3160,4374760
FINNIFTY02JAN2421900CE.NFO,02/01/2024,09:26:22,0.55,0.5,2346880,0.55,792200,2520,4374760
FINNIFTY02JAN2421900CE.NFO,02/01/2024,09:26:24,0.5,0.5,2346600,0.55,792640,440,4594800
FINNIFTY02JAN2421900CE.NFO,02/01/2024,09:26:26,0.5,0.5,2340680,0.55,793920,5160,4594800
FINNIFTY02JAN2421900CE.NFO,02/01/2024,09:26:27,0.5,0.5,2338880,0.55,793720,2000,4594800
FINNIFTY02JAN2421900CE.NFO,02/01/2024,09:26:29,0.5,0.5,2339080,0.55,794960,1560,4594800
FINNIFTY02JAN2421900CE.NFO,02/01/2024,09:26:30,0.55,0.5,2338720,0.55,795480,440,4594800
FINNIFTY02JAN2421900CE.NFO,02/01/2024,09:26:31,0.5,0.5,2338000,0.55,794320,1960,4594800
FINNIFTY02JAN2421900CE.NFO,02/01/2024,09:26:33,0.5,0.5,2330800,0.55,786200,16120,4594800
FINNIFTY02JAN2421900CE.NFO,02/01/2024,09:26:35,0.5,0.5,2322920,0.55,786600,7920,4594800
FINNIFTY02JAN2421900CE.NFO,02/01/2024,09:26:36,0.5,0.5,2321120,0.55,786600,1800,4594800
FINNIFTY02JAN2421900CE.NFO,02/01/2024,09:26:38,0.5,0.5,2310000,0.55,786760,11440,4594800
FINNIFTY02JAN2421900CE.NFO,02/01/2024,09:26:40,0.55,0.5,2309880,0.55,781520,5600,4594800
FINNIFTY02JAN2421900CE.NFO,02/01/2024,09:26:41,0.5,0.5,2305720,0.55,771680,14080,4594800
FINNIFTY02JAN2421900CE.NFO,02/01/2024,09:26:43,0.5,0.5,2305200,0.55,769320,2320,4594800
FINNIFTY02JAN2421900CE.NFO,02/01/2024,09:26:45,0.55,0.5,2303480,0.55,765800,8920,4594800
FINNIFTY02JAN2421900CE.NFO,02/01/2024,09:26:46,0.55,0.5,2298000,0.55,856000,6200,4594800
FINNIFTY02JAN2421900CE.NFO,02/01/2024,09:26:48,0.5,0.5,2290840,0.55,861920,7840,4594800
FINNIFTY02JAN2421900CE.NFO,02/01/2024,09:26:50,0.5,0.5,2288200,0.55,854720,2600,4594800
FINNIFTY02JAN2421900CE.NFO,02/01/2024,09:26:51,0.5,0.5,2286320,0.55,852320,3520,4594800
FINNIFTY02JAN2421900CE.NFO,02/01/2024,09:26:53,0.55,0.5,2281200,0.55,850640,6720,4594800
FINNIFTY02JAN2421900CE.NFO,02/01/2024,09:26:55,0.5,0.5,2277960,0.55,848600,5440,4594800
FINNIFTY02JAN2421900CE.NFO,02/01/2024,09:26:56,0.5,0.5,2274120,0.55,848120,4240,4594800
FINNIFTY02JAN2421900CE.NFO,02/01/2024,09:26:58,0.55,0.5,2271400,0.55,839800,10960,4594800
FINNIFTY02JAN2421900CE.NFO,02/01/2024,09:27:00,0.55,0.5,2280200,0.55,845280,1880,4594800
FINNIFTY02JAN2421900CE.NFO,02/01/2024,09:27:01,0.5,0.5,2279080,0.55,830480,24120,4594800
FINNIFTY02JAN2421900CE.NFO,02/01/2024,09:27:03,0.55,0.5,2278800,0.55,827720,3040,4594800
FINNIFTY02JAN2421900CE.NFO,02/01/2024,09:27:05,0.5,0.5,2268280,0.55,823320,14360,4594800
FINNIFTY02JAN2421900CE.NFO,02/01/2024,09:27:06,0.55,0.5,2231760,0.55,824960,36800,4594800
FINNIFTY02JAN2421900CE.NFO,02/01/2024,09:27:08,0.5,0.5,2231640,0.55,823800,1200,4594800
FINNIFTY02JAN2421900CE.NFO,02/01/2024,09:27:10,0.5,0.5,2230400,0.55,823760,1240,4594800
FINNIFTY02JAN2421900CE.NFO,02/01/2024,09:27:11,0.5,0.5,2230320,0.55,823760,80,4594800
FINNIFTY02JAN2421900CE.NFO,02/01/2024,09:27:13,0.55,0.5,2230320,0.55,820840,4720,4594800
FINNIFTY02JAN2421900CE.NFO,02/01/2024,09:27:15,0.55,0.5,2229520,0.55,821040,2560,4594800
FINNIFTY02JAN2421900CE.NFO,02/01/2024,09:27:16,0.5,0.5,2227680,0.55,819120,3600,4594800
FINNIFTY02JAN2421900CE.NFO,02/01/2024,09:27:18,0.5,0.5,2226080,0.55,819120,1600,4594800
FINNIFTY02JAN2421900CE.NFO,02/01/2024,09:27:20,0.55,0.5,2226080,0.55,917440,40,4594800
FINNIFTY02JAN2421900CE.NFO,02/01/2024,09:27:21,0.5,0.5,2231600,0.55,915480,2720,4594800
FINNIFTY02JAN2421900CE.NFO,02/01/2024,09:27:23,0.55,0.5,2231600,0.55,914680,800,4594800
FINNIFTY02JAN2421900CE.NFO,02/01/2024,09:27:25,0.55,0.5,2231600,0.55,913160,1520,4594800
FINNIFTY02JAN2421900CE.NFO,02/01/2024,09:27:26,0.5,0.5,2231480,0.55,909960,3480,4594800
FINNIFTY02JAN2421900CE.NFO,02/01/2024,09:27:28,0.5,0.5,2229680,0.55,909800,1800,4594800
FINNIFTY02JAN2421900CE.NFO,02/01/2024,09:27:30,0.55,0.5,2229600,0.55,914600,3000,4594800
FINNIFTY02JAN2421900CE.NFO,02/01/2024,09:27:32,0.55,0.5,2208600,0.55,935360,23200,4594800
FINNIFTY02JAN2421900CE.NFO,02/01/2024,09:27:43,0.55,0.5,2150200,0.55,924080,69480,4594800
FINNIFTY02JAN2421900CE.NFO,02/01/2024,09:27:54,0.5,0.5,2127680,0.55,911280,38400,4594800
FINNIFTY02JAN2421900CE.NFO,02/01/2024,09:28:07,0.5,0.5,2078000,0.55,900200,75640,4594800
FINNIFTY02JAN2421900CE.NFO,02/01/2024,09:28:19,0.5,0.5,2060000,0.55,875240,41080,4594800
FINNIFTY02JAN2421900CE.NFO,02/01/2024,09:28:30,0.55,0.5,2159440,0.55,1035120,46200,4594800
FINNIFTY02JAN2421900CE.NFO,02/01/2024,09:28:42,0.55,0.5,2149400,0.55,1023440,22360,4594800
FINNIFTY02JAN2421900CE.NFO,02/01/2024,09:28:54,0.5,0.5,2141200,0.55,1003320,28400,4594800
FINNIFTY02JAN2421900CE.NFO,02/01/2024,09:29:05,0.55,0.5,2114360,0.55,1032360,62760,4594800
FINNIFTY02JAN2421900CE.NFO,02/01/2024,09:29:17,0.55,0.5,1995240,0.55,1120880,136440,4594800
FINNIFTY02JAN2421900CE.NFO,02/01/2024,09:29:29,0.55,0.5,1944720,0.55,1102880,70640,4829600
FINNIFTY02JAN2421900CE.NFO,02/01/2024,09:29:40,0.55,0.5,1909320,0.55,1093960,45000,4829600
FINNIFTY02JAN2421900CE.NFO,02/01/2024,09:29:52,0.55,0.5,1897000,0.55,1193680,32760,4829600
FINNIFTY02JAN2421900CE.NFO,02/01/2024,09:30:03,0.5,0.5,1934800,0.55,1176720,78680,4829600
FINNIFTY02JAN2421900CE.NFO,02/01/2024,09:30:15,0.5,0.5,2075120,0.55,1255440,51160,4829600
FINNIFTY02JAN2421900CE.NFO,02/01/2024,09:30:27,0.55,0.5,2069480,0.55,1213240,29720,4829600
FINNIFTY02JAN2421900CE.NFO,02/01/2024,09:30:31,0.55,0.5,2059920,0.55,1210200,25640,4829600
FINNIFTY02JAN2421900CE.NFO,02/01/2024,09:30:32,0.55,0.5,2059760,0.55,1206760,7600,4829600
FINNIFTY02JAN2421900CE.NFO,02/01/2024,09:30:34,0.55,0.5,2056600,0.55,1173320,23200,4829600
FINNIFTY02JAN2421900CE.NFO,02/01/2024,09:30:35,0.55,0.5,2054960,0.55,1183640,7360,4829600
FINNIFTY02JAN2421900CE.NFO,02/01/2024,09:30:37,0.55,0.5,2053320,0.55,1175160,7920,4829600
FINNIFTY02JAN2421900CE.NFO,02/01/2024,09:30:39,0.55,0.5,2053320,0.55,1142000,20560,4829600
FINNIFTY02JAN2421900CE.NFO,02/01/2024,09:30:40,0.55,0.5,2053200,0.55,1153760,4000,4829600
FINNIFTY02JAN2421900CE.NFO,02/01/2024,09:30:42,0.55,0.5,2050080,0.55,1147760,7040,4829600
FINNIFTY02JAN2421900CE.NFO,02/01/2024,09:30:44,0.55,0.5,2048080,0.55,1137640,8600,4829600
FINNIFTY02JAN2421900CE.NFO,02/01/2024,09:30:45,0.55,0.5,2049720,0.55,1165760,12480,4829600
FINNIFTY02JAN2421900CE.NFO,02/01/2024,09:30:47,0.55,0.5,2049720,0.55,1158560,7000,4829600
FINNIFTY02JAN2421900CE.NFO,02/01/2024,09:30:49,0.55,0.5,2028720,0.55,1182880,27480,4829600
FINNIFTY02JAN2421900CE.NFO,02/01/2024,09:30:50,0.55,0.5,2027520,0.55,1201920,7440,4829600
FINNIFTY02JAN2421900CE.NFO,02/01/2024,09:30:52,0.55,0.5,2027680,0.55,1178720,10720,4829600
FINNIFTY02JAN2421900CE.NFO,02/01/2024,09:30:54,0.55,0.5,2010640,0.55,1194840,27120,4829600
FINNIFTY02JAN2421900CE.NFO,02/01/2024,09:30:55,0.55,0.5,2009880,0.55,1176320,10200,4829600
FINNIFTY02JAN2421900CE.NFO,02/01/2024,09:30:57,0.55,0.5,1997880,0.55,1162000,44920,4829600
FINNIFTY02JAN2421900CE.NFO,02/01/2024,09:30:59,0.55,0.5,1997880,0.55,1143000,16920,4829600
FINNIFTY02JAN2421900CE.NFO,02/01/2024,09:31:00,0.55,0.5,1997840,0.55,1142760,2040,4829600
FINNIFTY02JAN2421900CE.NFO,02/01/2024,09:31:02,0.55,0.5,1997280,0.55,1142640,14000,4829600
FINNIFTY02JAN2421900CE.NFO,02/01/2024,09:31:04,0.55,0.5,1997240,0.55,1126360,5280,4829600
FINNIFTY02JAN2421900CE.NFO,02/01/2024,09:31:05,0.55,0.5,1990040,0.55,1119960,15280,4829600
FINNIFTY02JAN2421900CE.NFO,02/01/2024,09:31:07,0.55,0.5,1989840,0.55,1098040,14160,4829600
FINNIFTY02JAN2421900CE.NFO,02/01/2024,09:31:09,0.55,0.5,1989840,0.55,1088400,8960,4829600
FINNIFTY02JAN2421900CE.NFO,02/01/2024,09:31:10,0.55,0.5,1988800,0.55,1077560,22280,4829600
FINNIFTY02JAN2421900CE.NFO,02/01/2024,09:31:12,0.55,0.5,1988720,0.55,1060400,7920,4829600
FINNIFTY02JAN2421900CE.NFO,02/01/2024,09:31:14,0.55,0.5,1988680,0.55,1053040,8800,4829600
FINNIFTY02JAN2421900CE.NFO,02/01/2024,09:31:15,0.55,0.5,1988680,0.55,1048720,3800,4829600
FINNIFTY02JAN2421900CE.NFO,02/01/2024,09:31:17,0.55,0.5,1988600,0.55,1048200,2240,4829600
FINNIFTY02JAN2421900CE.NFO,02/01/2024,09:31:19,0.55,0.5,1984960,0.55,1060000,8880,4829600
FINNIFTY02JAN2421900CE.NFO,02/01/2024,09:31:20,0.5,0.5,1985200,0.55,1061040,3520,4829600
FINNIFTY02JAN2421900CE.NFO,02/01/2024,09:31:22,0.55,0.5,1984120,0.55,1060520,1600,4829600
FINNIFTY02JAN2421900CE.NFO,02/01/2024,09:31:24,0.5,0.5,1965320,0.55,1054440,25000,4829600
FINNIFTY02JAN2421900CE.NFO,02/01/2024,09:31:25,0.55,0.5,1965040,0.55,1052320,2480,4829600
FINNIFTY02JAN2421900CE.NFO,02/01/2024,09:31:27,0.55,0.5,1970080,0.55,982280,70880,4829600
FINNIFTY02JAN2421900CE.NFO,02/01/2024,09:31:29,0.55,0.5,1968760,0.55,961480,24600,4829600
FINNIFTY02JAN2421900CE.NFO,02/01/2024,09:31:31,0.55,0.5,1967440,0.55,934280,19880,4829600
FINNIFTY02JAN2421900CE.NFO,02/01/2024,09:31:32,0.55,0.5,1967440,0.55,921680,9400,4829600
FINNIFTY02JAN2421900CE.NFO,02/01/2024,09:31:34,0.55,0.5,1968520,0.55,933480,2000,4829600
FINNIFTY02JAN2421900CE.NFO,02/01/2024,09:31:36,0.5,0.5,1968280,0.55,937240,240,4829600
FINNIFTY02JAN2421900CE.NFO,02/01/2024,09:31:37,0.55,0.5,1964720,0.55,933880,3560,4829600
FINNIFTY02JAN2421900CE.NFO,02/01/2024,09:31:39,0.55,0.5,1962920,0.55,932120,3560,4829600
FINNIFTY02JAN2421900CE.NFO,02/01/2024,09:31:41,0.55,0.5,1962920,0.55,927560,4560,4829600
FINNIFTY02JAN2421900CE.NFO,02/01/2024,09:31:42,0.55,0.5,1930960,0.55,824080,82800,4829600
FINNIFTY02JAN2421900CE.NFO,02/01/2024,09:31:44,0.55,0.5,1929080,0.55,874760,2880,4829600
FINNIFTY02JAN2421900CE.NFO,02/01/2024,09:31:46,0.55,0.5,1929080,0.55,888640,4040,4829600
FINNIFTY02JAN2421900CE.NFO,02/01/2024,09:31:47,0.55,0.5,1919080,0.55,851680,16480,4829600
FINNIFTY02JAN2421900CE.NFO,02/01/2024,09:31:49,0.55,0.5,1920280,0.55,833800,8040,4829600
FINNIFTY02JAN2421900CE.NFO,02/01/2024,09:31:51,0.55,0.5,1920280,0.55,867360,2080,4829600
FINNIFTY02JAN2421900CE.NFO,02/01/2024,09:31:53,0.55,0.5,1918960,0.55,769760,63560,4829600
FINNIFTY02JAN2421900CE.NFO,02/01/2024,09:31:54,0.55,0.5,1923800,0.55,788160,19240,4829600
FINNIFTY02JAN2421900CE.NFO,02/01/2024,09:31:56,0.55,0.5,1923720,0.55,785440,9760,4829600
FINNIFTY02JAN2421900CE.NFO,02/01/2024,09:31:58,0.55,0.5,1923640,0.55,785560,240,4829600
FINNIFTY02JAN2421900CE.NFO,02/01/2024,09:32:01,0.55,0.5,1922080,0.55,778760,6920,4829600
FINNIFTY02JAN2421900CE.NFO,02/01/2024,09:32:03,0.5,0.5,1917680,0.55,767000,16640,4829600
FINNIFTY02JAN2421900CE.NFO,02/01/2024,09:32:04,0.55,0.5,1916040,0.55,757960,10880,4829600
FINNIFTY02JAN2421900CE.NFO,02/01/2024,09:32:06,0.55,0.5,1916000,0.55,784360,440,4829600
FINNIFTY02JAN2421900CE.NFO,02/01/2024,09:32:07,0.55,0.5,1916000,0.55,800200,1760,4829600
FINNIFTY02JAN2421900CE.NFO,02/01/2024,09:32:09,0.55,0.5,1916000,0.55,840840,1920,4829600
FINNIFTY02JAN2421900CE.NFO,02/01/2024,09:32:11,0.55,0.5,1917440,0.55,899880,760,4829600
FINNIFTY02JAN2421900CE.NFO,02/01/2024,09:32:12,0.55,0.5,1911320,0.55,897080,66200,4829600
FINNIFTY02JAN2421900CE.NFO,02/01/2024,09:32:14,0.55,0.5,1908040,0.55,954440,2040,4829600
FINNIFTY02JAN2421900CE.NFO,02/01/2024,09:32:16,0.5,0.5,1907240,0.55,996840,800,4829600
FINNIFTY02JAN2421900CE.NFO,02/01/2024,09:32:17,0.5,0.5,1904040,0.55,988840,11200,4829600
FINNIFTY02JAN2421900CE.NFO,02/01/2024,09:32:19,0.55,0.5,1903640,0.55,984160,5080,4829600
FINNIFTY02JAN2421900CE.NFO,02/01/2024,09:32:21,0.55,0.5,1903560,0.55,983320,880,4829600
FINNIFTY02JAN2421900CE.NFO,02/01/2024,09:32:22,0.55,0.5,1903080,0.55,983680,40,4829600
FINNIFTY02JAN2421900CE.NFO,02/01/2024,09:32:24,0.55,0.5,1903560,0.55,967440,11040,4829600
FINNIFTY02JAN2421900CE.NFO,02/01/2024,09:32:26,0.55,0.5,1903640,0.55,962960,15400,4878040
FINNIFTY02JAN2421900CE.NFO,02/01/2024,09:32:27,0.55,0.5,1903480,0.55,954520,8600,4878040
FINNIFTY02JAN2421900CE.NFO,02/01/2024,09:32:29,0.55,0.5,1903480,0.55,948040,3600,4878040
FINNIFTY02JAN2421900CE.NFO,02/01/2024,09:32:30,0.55,0.5,1903600,0.55,924560,19200,4878040
FINNIFTY02JAN2421900CE.NFO,02/01/2024,09:32:32,0.55,0.5,1901560,0.55,928960,4160,4878040
FINNIFTY02JAN2421900CE.NFO,02/01/2024,09:32:33,0.55,0.5,1901560,0.55,923640,2280,4878040
FINNIFTY02JAN2421900CE.NFO,02/01/2024,09:32:35,0.55,0.5,1900760,0.55,926160,2200,4878040
FINNIFTY02JAN2421900CE.NFO,02/01/2024,09:32:36,0.5,0.5,1895360,0.55,925320,6240,4878040
FINNIFTY02JAN2421900CE.NFO,02/01/2024,09:32:38,0.5,0.5,1893400,0.55,924960,1960,4878040
FINNIFTY02JAN2421900CE.NFO,02/01/2024,09:32:40,0.55,0.5,1893720,0.55,924160,2800,4878040
FINNIFTY02JAN2421900CE.NFO,02/01/2024,09:32:41,0.55,0.5,1891920,0.55,919120,7600,4878040
FINNIFTY02JAN2421900CE.NFO,02/01/2024,09:32:43,0.55,0.5,1891280,0.55,918800,480,4878040
FINNIFTY02JAN2421900CE.NFO,02/01/2024,09:32:45,0.55,0.5,1893080,0.55,957760,0,4878040
FINNIFTY02JAN2421900CE.NFO,02/01/2024,09:32:46,0.5,0.5,1893040,0.55,957920,40,4878040
FINNIFTY02JAN2421900CE.NFO,02/01/2024,09:32:48,0.55,0.5,1892240,0.55,956440,2280,4878040
FINNIFTY02JAN2421900CE.NFO,02/01/2024,09:32:50,0.55,0.5,1898480,0.55,962480,2600,4878040
FINNIFTY02JAN2421900CE.NFO,02/01/2024,09:32:51,0.55,0.5,1899560,0.55,964920,1960,4878040
FINNIFTY02JAN2421900CE.NFO,02/01/2024,09:32:53,0.55,0.5,1899080,0.55,966280,80,4878040
FINNIFTY02JAN2421900CE.NFO,02/01/2024,09:32:54,0.55,0.5,1898920,0.55,964640,1800,4878040
FINNIFTY02JAN2421900CE.NFO,02/01/2024,09:32:56,0.55,0.5,1898920,0.55,962240,2400,4878040
FINNIFTY02JAN2421900CE.NFO,02/01/2024,09:32:58,0.55,0.5,1898920,0.55,962240,0,4878040
FINNIFTY02JAN2421900CE.NFO,02/01/2024,09:32:59,0.55,0.5,1899400,0.55,962240,0,4878040
FINNIFTY02JAN2421900CE.NFO,02/01/2024,09:33:01,0.55,0.5,1899400,0.55,943320,12640,4878040
FINNIFTY02JAN2421900CE.NFO,02/01/2024,09:33:03,0.5,0.5,1899240,0.55,949040,560,4878040
FINNIFTY02JAN2421900CE.NFO,02/01/2024,09:33:04,0.55,0.5,1891560,0.55,950040,8000,4878040
FINNIFTY02JAN2421900CE.NFO,02/01/2024,09:33:06,0.55,0.5,1888440,0.55,945160,6680,4878040
FINNIFTY02JAN2421900CE.NFO,02/01/2024,09:33:07,0.5,0.5,1884600,0.55,944760,3600,4878040
FINNIFTY02JAN2421900CE.NFO,02/01/2024,09:33:09,0.5,0.5,1871680,0.55,1002960,12920,4878040
FINNIFTY02JAN2421900CE.NFO,02/01/2024,09:33:11,0.55,0.5,1867960,0.55,997800,6680,4878040
FINNIFTY02JAN2421900CE.NFO,02/01/2024,09:33:12,0.5,0.5,1865840,0.55,998240,2200,4878040
FINNIFTY02JAN2421900CE.NFO,02/01/2024,09:33:14,0.5,0.5,1862440,0.55,998240,3400,4878040
FINNIFTY02JAN2421900CE.NFO,02/01/2024,09:33:16,0.55,0.5,1862920,0.55,995360,3680,4878040
FINNIFTY02JAN2421900CE.NFO,02/01/2024,09:33:17,0.55,0.5,1862920,0.55,993560,1800,4878040
FINNIFTY02JAN2421900CE.NFO,02/01/2024,09:33:19,0.55,0.5,1862720,0.55,989960,6040,4878040
FINNIFTY02JAN2421900CE.NFO,02/01/2024,09:33:20,0.55,0.5,1862720,0.55,983680,6280,4878040
FINNIFTY02JAN2421900CE.NFO,02/01/2024,09:33:22,0.55,0.5,1862720,0.55,980440,3640,4878040
FINNIFTY02JAN2421900CE.NFO,02/01/2024,09:33:24,0.5,0.5,1852640,0.55,980440,9640,4878040
FINNIFTY02JAN2421900CE.NFO,02/01/2024,09:33:25,0.55,0.5,1850840,0.55,979000,3240,4878040
FINNIFTY02JAN2421900CE.NFO,02/01/2024,09:33:27,0.5,0.5,1850440,0.55,996160,3040,4878040
FINNIFTY02JAN2421900CE.NFO,02/01/2024,09:33:29,0.5,0.5,1850000,0.55,974240,720,4878040
FINNIFTY02JAN2421900CE.NFO,02/01/2024,09:33:37,0.5,0.5,1842640,0.55,976800,16080,4878040
FINNIFTY02JAN2421900CE.NFO,02/01/2024,09:33:48,0.5,0.5,1839080,0.55,967040,14920,4878040
FINNIFTY02JAN2421900CE.NFO,02/01/2024,09:33:59,0.55,0.5,1826600,0.55,943600,36200,4878040
FINNIFTY02JAN2421900CE.NFO,02/01/2024,09:34:11,0.55,0.5,1827080,0.55,937360,8240,4878040
FINNIFTY02JAN2421900CE.NFO,02/01/2024,09:34:21,0.5,0.5,1825360,0.55,980440,24200,4878040
FINNIFTY02JAN2421900CE.NFO,02/01/2024,09:34:31,0.55,0.5,1830480,0.55,976400,5480,4878040
FINNIFTY02JAN2421900CE.NFO,02/01/2024,09:34:42,0.5,0.5,1822800,0.55,984200,19200,4878040
FINNIFTY02JAN2421900CE.NFO,02/01/2024,09:34:52,0.5,0.5,1813680,0.55,974560,12280,4878040
FINNIFTY02JAN2421900CE.NFO,02/01/2024,09:35:03,0.55,0.5,1832880,0.55,956720,28440,4878040
FINNIFTY02JAN2421900CE.NFO,02/01/2024,09:35:23,0.55,0.5,1864920,0.55,861440,101600,4878040
FINNIFTY02JAN2421900CE.NFO,02/01/2024,09:35:34,0.5,0.5,1834280,0.55,829360,35800,4914000
FINNIFTY02JAN2421900CE.NFO,02/01/2024,09:35:44,0.55,0.5,1832240,0.55,863360,5320,4914000
FINNIFTY02JAN2421900CE.NFO,02/01/2024,09:35:55,0.5,0.5,1819800,0.55,857760,17160,4914000
FINNIFTY02JAN2421900CE.NFO,02/01/2024,09:36:06,0.55,0.5,1816160,0.55,835360,24760,4914000
FINNIFTY02JAN2421900CE.NFO,02/01/2024,09:36:17,0.55,0.5,1821080,0.55,813600,25560,4914000
FINNIFTY02JAN2421900CE.NFO,02/01/2024,09:36:29,0.5,0.5,1819640,0.55,796360,18840,4914000
FINNIFTY02JAN2421900CE.NFO,02/01/2024,09:36:39,0.5,0.5,1819400,0.55,813360,2760,4914000
FINNIFTY02JAN2421900CE.NFO,02/01/2024,09:36:50,0.5,0.5,1813440,0.55,810520,9120,4914000
FINNIFTY02JAN2421900CE.NFO,02/01/2024,09:37:01,0.5,0.5,1789120,0.55,800960,15600,4914000
FINNIFTY02JAN2421900CE.NFO,02/01/2024,09:37:12,0.5,0.5,1785240,0.55,794400,9960,4914000
FINNIFTY02JAN2421900CE.NFO,02/01/2024,09:37:22,0.5,0.5,1774600,0.55,791480,14760,4914000
FINNIFTY02JAN2421900CE.NFO,02/01/2024,09:37:32,0.55,0.5,1772680,0.55,776280,10400,4914000
FINNIFTY02JAN2421900CE.NFO,02/01/2024,09:37:42,0.55,0.5,1863080,0.55,759680,3120,4914000
FINNIFTY02JAN2421900CE.NFO,02/01/2024,09:37:52,0.5,0.5,1858000,0.55,756120,15160,4914000
FINNIFTY02JAN2421900CE.NFO,02/01/2024,09:38:02,0.5,0.5,1845520,0.55,740680,27720,4914000
FINNIFTY02JAN2421900CE.NFO,02/01/2024,09:38:13,0.55,0.5,1844720,0.55,732920,10760,4914000
FINNIFTY02JAN2421900CE.NFO,02/01/2024,09:38:23,0.5,0.5,1840360,0.55,730720,6360,4914000
FINNIFTY02JAN2421900CE.NFO,02/01/2024,09:38:34,0.55,0.5,1826880,0.55,762360,26040,4927200
FINNIFTY02JAN2421900CE.NFO,02/01/2024,09:38:45,0.5,0.5,1815560,0.55,755040,19280,4927200
FINNIFTY02JAN2421900CE.NFO,02/01/2024,09:38:56,0.55,0.5,1804560,0.55,750680,16160,4927200
FINNIFTY02JAN2421900CE.NFO,02/01/2024,09:39:07,0.55,0.5,1813480,0.55,585480,160120,4927200
FINNIFTY02JAN2421900CE.NFO,02/01/2024,09:39:18,0.55,0.55,254920,0.6,860240,639400,4927200
FINNIFTY02JAN2421900CE.NFO,02/01/2024,09:39:28,0.55,0.5,1753720,0.55,79080,86800,4927200
FINNIFTY02JAN2421900CE.NFO,02/01/2024,09:39:30,0.55,0.5,1755040,0.55,353320,24400,4927200
FINNIFTY02JAN2421900CE.NFO,02/01/2024,09:39:32,0.55,0.5,1754360,0.55,481240,6560,4927200
FINNIFTY02JAN2421900CE.NFO,02/01/2024,09:39:33,0.55,0.5,1754360,0.55,576840,200,4927200
FINNIFTY02JAN2421900CE.NFO,02/01/2024,09:39:35,0.5,0.5,1753680,0.55,575280,3760,4927200
FINNIFTY02JAN2421900CE.NFO,02/01/2024,09:39:37,0.55,0.5,1754480,0.55,619000,1800,4927200
FINNIFTY02JAN2421900CE.NFO,02/01/2024,09:39:38,0.5,0.5,1754080,0.55,629320,320,4927200
FINNIFTY02JAN2421900CE.NFO,02/01/2024,09:39:40,0.55,0.5,1753240,0.55,628280,1040,4927200
FINNIFTY02JAN2421900CE.NFO,02/01/2024,09:39:42,0.5,0.5,1759880,0.55,573920,62920,4927200
FINNIFTY02JAN2421900CE.NFO,02/01/2024,09:39:43,0.5,0.5,1760800,0.55,579800,0,4927200
FINNIFTY02JAN2421900CE.NFO,02/01/2024,09:39:45,0.55,0.5,1762520,0.55,578600,600,4927200
FINNIFTY02JAN2421900CE.NFO,02/01/2024,09:39:47,0.55,0.5,1759680,0.55,523400,20200,4927200
FINNIFTY02JAN2421900CE.NFO,02/01/2024,09:39:48,0.55,0.5,1761400,0.55,209480,105280,4927200
FINNIFTY02JAN2421900CE.NFO,02/01/2024,09:39:50,0.55,0.55,124200,0.6,589440,98720,4927200
FINNIFTY02JAN2421900CE.NFO,02/01/2024,09:39:52,0.55,0.55,442640,0.6,636720,39520,4927200
FINNIFTY02JAN2421900CE.NFO,02/01/2024,09:39:53,0.55,0.55,443760,0.6,677440,1280,4927200
FINNIFTY02JAN2421900CE.NFO,02/01/2024,09:39:55,0.6,0.55,443920,0.6,706880,8280,4927200
FINNIFTY02JAN2421900CE.NFO,02/01/2024,09:39:57,0.55,0.55,458560,0.6,724360,1680,4927200
FINNIFTY02JAN2421900CE.NFO,02/01/2024,09:39:58,0.6,0.55,458560,0.6,718960,11400,4927200
FINNIFTY02JAN2421900CE.NFO,02/01/2024,09:40:00,0.6,0.55,456680,0.6,723680,11480,4927200
FINNIFTY02JAN2421900CE.NFO,02/01/2024,09:40:02,0.6,0.55,306680,0.6,711880,16760,4927200
FINNIFTY02JAN2421900CE.NFO,02/01/2024,09:40:03,0.6,0.55,293200,0.6,715120,4920,4927200
FINNIFTY02JAN2421900CE.NFO,02/01/2024,09:40:05,0.55,0.5,1998760,0.55,106240,100720,4927200
FINNIFTY02JAN2421900CE.NFO,02/01/2024,09:40:07,0.55,0.5,2012680,0.55,100040,56800,4927200
FINNIFTY02JAN2421900CE.NFO,02/01/2024,09:40:08,0.55,0.5,2013160,0.55,69520,41040,4927200
FINNIFTY02JAN2421900CE.NFO,02/01/2024,09:40:10,0.55,0.55,161920,0.6,623960,66120,4927200
FINNIFTY02JAN2421900CE.NFO,02/01/2024,09:40:12,0.6,0.55,186720,0.6,654400,1160,4927200
FINNIFTY02JAN2421900CE.NFO,02/01/2024,09:40:13,0.6,0.55,232320,0.6,673600,3600,4927200
FINNIFTY02JAN2421900CE.NFO,02/01/2024,09:40:15,0.6,0.55,379160,0.6,686880,1120,4927200
FINNIFTY02JAN2421900CE.NFO,02/01/2024,09:40:17,0.6,0.55,451120,0.6,686400,40,4927200
FINNIFTY02JAN2421900CE.NFO,02/01/2024,09:40:18,0.6,0.55,485520,0.6,686400,0,4927200
FINNIFTY02JAN2421900CE.NFO,02/01/2024,09:40:20,0.55,0.55,501080,0.6,684600,2040,4927200
FINNIFTY02JAN2421900CE.NFO,02/01/2024,09:40:22,0.55,0.55,500880,0.6,684760,200,4927200
FINNIFTY02JAN2421900CE.NFO,02/01/2024,09:40:23,0.55,0.55,600880,0.6,684640,0,4927200
FINNIFTY02JAN2421900CE.NFO,02/01/2024,09:40:25,0.6,0.55,600880,0.6,684480,160,4927200
FINNIFTY02JAN2421900CE.NFO,02/01/2024,09:40:27,0.6,0.55,600880,0.6,684360,120,4927200
FINNIFTY02JAN2421900CE.NFO,02/01/2024,09:40:28,0.6,0.55,600880,0.6,721960,200,4927200
FINNIFTY02JAN2421900CE.NFO,02/01/2024,09:40:30,0.6,0.55,600760,0.6,719640,1920,4927200
FINNIFTY02JAN2421900CE.NFO,02/01/2024,09:40:31,0.6,0.55,602560,0.6,721320,120,4927200
FINNIFTY02JAN2421900CE.NFO,02/01/2024,09:40:33,0.6,0.55,603240,0.6,721280,40,4927200
FINNIFTY02JAN2421900CE.NFO,02/01/2024,09:40:35,0.6,0.55,600760,0.6,721240,1840,4927200
FINNIFTY02JAN2421900CE.NFO,02/01/2024,09:40:36,0.6,0.55,600760,0.6,721280,0,4927200
FINNIFTY02JAN2421900CE.NFO,02/01/2024,09:40:38,0.55,0.55,598280,0.6,737600,2960,4927200
FINNIFTY02JAN2421900CE.NFO,02/01/2024,09:40:40,0.6,0.55,597880,0.6,736640,1400,4927200
FINNIFTY02JAN2421900CE.NFO,02/01/2024,09:40:41,0.6,0.55,598160,0.6,735560,2240,4927200
FINNIFTY02JAN2421900CE.NFO,02/01/2024,09:40:43,0.55,0.55,509520,0.6,735760,6760,4927200
FINNIFTY02JAN2421900CE.NFO,02/01/2024,09:40:45,0.55,0.55,391520,0.6,736040,400,4927200
FINNIFTY02JAN2421900CE.NFO,02/01/2024,09:40:47,0.55,0.55,312160,0.6,714040,15160,4927200
FINNIFTY02JAN2421900CE.NFO,02/01/2024,09:40:48,0.6,0.55,308760,0.6,722280,18280,4927200
FINNIFTY02JAN2421900CE.NFO,02/01/2024,09:40:50,0.6,0.55,307520,0.6,722120,0,4927200
FINNIFTY02JAN2421900CE.NFO,02/01/2024,09:40:52,0.6,0.55,309440,0.6,719760,2360,4927200
FINNIFTY02JAN2421900CE.NFO,02/01/2024,09:40:53,0.6,0.55,309320,0.6,719440,320,4927200
FINNIFTY02JAN2421900CE.NFO,02/01/2024,09:40:55,0.55,0.55,409240,0.6,704200,1840,4927200
FINNIFTY02JAN2421900CE.NFO,02/01/2024,09:40:57,0.55,0.55,409080,0.6,704040,120,4927200
FINNIFTY02JAN2421900CE.NFO,02/01/2024,09:40:58,0.6,0.55,427080,0.6,704360,960,4927200
FINNIFTY02JAN2421900CE.NFO,02/01/2024,09:41:00,0.6,0.55,442920,0.6,703800,2800,4927200
FINNIFTY02JAN2421900CE.NFO,02/01/2024,09:41:02,0.55,0.55,445120,0.6,699680,6720,4927200
FINNIFTY02JAN2421900CE.NFO,02/01/2024,09:41:03,0.6,0.55,627200,0.6,696400,3880,4927200
FINNIFTY02JAN2421900CE.NFO,02/01/2024,09:41:05,0.6,0.55,625840,0.6,694440,2200,4927200
FINNIFTY02JAN2421900CE.NFO,02/01/2024,09:41:07,0.6,0.55,625680,0.6,691800,1640,4927200
FINNIFTY02JAN2421900CE.NFO,02/01/2024,09:41:08,0.55,0.55,645080,0.6,692560,2320,4927200
FINNIFTY02JAN2421900CE.NFO,02/01/2024,09:41:10,0.55,0.55,680480,0.6,689240,2920,4927200
FINNIFTY02JAN2421900CE.NFO,02/01/2024,09:41:12,0.55,0.55,681720,0.6,689200,2360,4927200
FINNIFTY02JAN2421900CE.NFO,02/01/2024,09:41:13,0.6,0.55,696680,0.6,687640,2360,4927200
FINNIFTY02JAN2421900CE.NFO,02/01/2024,09:41:15,0.6,0.55,697160,0.6,688400,1360,4927200
FINNIFTY02JAN2421900CE.NFO,02/01/2024,09:41:17,0.6,0.55,697840,0.6,690680,0,4927200
FINNIFTY02JAN2421900CE.NFO,02/01/2024,09:41:18,0.55,0.55,698480,0.6,704200,10280,4927200
FINNIFTY02JAN2421900CE.NFO,02/01/2024,09:41:20,0.55,0.55,735520,0.6,708160,13280,4927200
FINNIFTY02JAN2421900CE.NFO,02/01/2024,09:41:22,0.55,0.55,724360,0.6,707760,11920,4927200
FINNIFTY02JAN2421900CE.NFO,02/01/2024,09:41:23,0.55,0.55,735840,0.6,707720,0,4927200
FINNIFTY02JAN2421900CE.NFO,02/01/2024,09:41:25,0.55,0.55,741840,0.6,716720,0,4927200
FINNIFTY02JAN2421900CE.NFO,02/01/2024,09:41:27,0.55,0.55,755640,0.6,718520,0,4927200
FINNIFTY02JAN2421900CE.NFO,02/01/2024,09:41:28,0.6,0.55,770600,0.6,720400,1720,4914920
FINNIFTY02JAN2421900CE.NFO,02/01/2024,09:41:31,0.55,0.55,798360,0.6,716600,5320,4914920
FINNIFTY02JAN2421900CE.NFO,02/01/2024,09:41:33,0.6,0.55,798120,0.6,712400,4440,4914920
FINNIFTY02JAN2421900CE.NFO,02/01/2024,09:41:34,0.55,0.55,795000,0.6,714000,2840,4914920
FINNIFTY02JAN2421900CE.NFO,02/01/2024,09:41:36,0.6,0.55,795000,0.6,712200,4440,4914920
FINNIFTY02JAN2421900CE.NFO,02/01/2024,09:41:38,0.6,0.55,794400,0.6,710000,2200,4914920
FINNIFTY02JAN2421900CE.NFO,02/01/2024,09:41:39,0.6,0.55,796120,0.6,707200,5800,4914920
FINNIFTY02JAN2421900CE.NFO,02/01/2024,09:41:41,0.55,0.55,793920,0.6,702760,5080,4914920
FINNIFTY02JAN2421900CE.NFO,02/01/2024,09:41:42,0.55,0.55,789040,0.6,703600,6000,4914920
FINNIFTY02JAN2421900CE.NFO,02/01/2024,09:41:44,0.55,0.55,782440,0.6,706400,7880,4914920
FINNIFTY02JAN2421900CE.NFO,02/01/2024,09:41:46,0.55,0.55,777280,0.6,706400,5760,4914920
FINNIFTY02JAN2421900CE.NFO,02/01/2024,09:41:47,0.55,0.55,784240,0.6,706560,2200,4914920
FINNIFTY02JAN2421900CE.NFO,02/01/2024,09:41:49,0.6,0.55,780600,0.6,706240,3040,4914920
FINNIFTY02JAN2421900CE.NFO,02/01/2024,09:41:51,0.55,0.55,873320,0.6,715120,7240,4914920
FINNIFTY02JAN2421900CE.NFO,02/01/2024,09:41:52,0.55,0.55,867560,0.6,715520,11760,4914920
FINNIFTY02JAN2421900CE.NFO,02/01/2024,09:41:54,0.55,0.55,862400,0.6,717440,7640,4914920
FINNIFTY02JAN2421900CE.NFO,02/01/2024,09:41:56,0.55,0.55,858480,0.6,722280,4480,4914920
FINNIFTY02JAN2421900CE.NFO,02/01/2024,09:41:57,0.55,0.55,854080,0.6,727240,5800,4914920
FINNIFTY02JAN2421900CE.NFO,02/01/2024,09:41:59,0.55,0.55,849760,0.6,732240,4320,4914920
FINNIFTY02JAN2421900CE.NFO,02/01/2024,09:42:00,0.6,0.55,843640,0.6,738440,11200,4914920
FINNIFTY02JAN2421900CE.NFO,02/01/2024,09:42:02,0.6,0.55,843600,0.6,740560,1520,4914920
FINNIFTY02JAN2421900CE.NFO,02/01/2024,09:42:04,0.6,0.55,843560,0.6,742360,0,4914920
FINNIFTY02JAN2421900CE.NFO,02/01/2024,09:42:05,0.55,0.55,840400,0.6,743360,1800,4914920
FINNIFTY02JAN2421900CE.NFO,02/01/2024,09:42:07,0.6,0.55,840400,0.6,742760,600,4914920
FINNIFTY02JAN2421900CE.NFO,02/01/2024,09:42:09,0.6,0.55,840680,0.6,728160,200,4914920
FINNIFTY02JAN2421900CE.NFO,02/01/2024,09:42:10,0.6,0.55,813680,0.6,730520,4960,4914920
FINNIFTY02JAN2421900CE.NFO,02/01/2024,09:42:12,0.6,0.55,782800,0.6,730520,0,4914920
FINNIFTY02JAN2421900CE.NFO,02/01/2024,09:42:14,0.6,0.55,783080,0.6,724760,5760,4914920
FINNIFTY02JAN2421900CE.NFO,02/01/2024,09:42:15,0.6,0.55,783960,0.6,723520,360,4914920
FINNIFTY02JAN2421900CE.NFO,02/01/2024,09:42:17,0.55,0.55,780800,0.6,724400,2000,4914920
FINNIFTY02JAN2421900CE.NFO,02/01/2024,09:42:19,0.6,0.55,781880,0.6,721720,1880,4914920
FINNIFTY02JAN2421900CE.NFO,02/01/2024,09:42:20,0.55,0.55,780800,0.6,722600,200,4914920
FINNIFTY02JAN2421900CE.NFO,02/01/2024,09:42:22,0.6,0.55,782400,0.6,721800,800,4914920
FINNIFTY02JAN2421900CE.NFO,02/01/2024,09:42:23,0.6,0.55,781440,0.6,718160,4000,4914920
FINNIFTY02JAN2421900CE.NFO,02/01/2024,09:42:25,0.6,0.55,780440,0.6,716360,2800,4914920
FINNIFTY02JAN2421900CE.NFO,02/01/2024,09:42:27,0.6,0.55,783760,0.6,715160,320,4914920
FINNIFTY02JAN2421900CE.NFO,02/01/2024,09:42:28,0.6,0.55,782960,0.6,713160,5800,4914920
FINNIFTY02JAN2421900CE.NFO,02/01/2024,09:42:33,0.6,0.55,783960,0.6,714360,1400,4914920
FINNIFTY02JAN2421900CE.NFO,02/01/2024,09:42:43,0.55,0.55,745600,0.6,747600,39240,4914920
FINNIFTY02JAN2421900CE.NFO,02/01/2024,09:42:54,0.55,0.55,717360,0.6,759840,32080,4914920
FINNIFTY02JAN2421900CE.NFO,02/01/2024,09:43:05,0.55,0.55,764440,0.6,768040,47880,4914920
FINNIFTY02JAN2421900CE.NFO,02/01/2024,09:43:17,0.6,0.55,769560,0.6,783520,46960,4914920
FINNIFTY02JAN2421900CE.NFO,02/01/2024,09:43:28,0.55,0.55,746440,0.6,804240,31720,4914920
FINNIFTY02JAN2421900CE.NFO,02/01/2024,09:43:39,0.6,0.55,754240,0.6,838440,8640,4914920
FINNIFTY02JAN2421900CE.NFO,02/01/2024,09:43:51,0.55,0.55,716000,0.6,835040,42160,4914920
FINNIFTY02JAN2421900CE.NFO,02/01/2024,09:44:01,0.6,0.55,714760,0.6,825920,12160,4914920
FINNIFTY02JAN2421900CE.NFO,02/01/2024,09:44:13,0.55,0.55,258400,0.6,785000,55120,4914920
FINNIFTY02JAN2421900CE.NFO,02/01/2024,09:44:24,0.55,0.5,1973360,0.55,508960,215080,4914920
FINNIFTY02JAN2421900CE.NFO,02/01/2024,09:44:31,0.55,0.5,1973520,0.55,526080,5160,5265520
FINNIFTY02JAN2421900CE.NFO,02/01/2024,09:44:32,0.55,0.5,1973440,0.55,522160,600,5265520
FINNIFTY02JAN2421900CE.NFO,02/01/2024,09:44:34,0.55,0.5,1972640,0.55,529760,5640,5265520
FINNIFTY02JAN2421900CE.NFO,02/01/2024,09:44:36,0.55,0.5,1972800,0.55,529760,320,5265520
FINNIFTY02JAN2421900CE.NFO,02/01/2024,09:44:37,0.5,0.5,1997160,0.55,541440,1360,5265520
FINNIFTY02JAN2421900CE.NFO,02/01/2024,09:44:39,0.5,0.5,1996080,0.55,541800,1080,5265520
FINNIFTY02JAN2421900CE.NFO,02/01/2024,09:44:41,0.55,0.5,1997040,0.55,543440,4280,5265520
FINNIFTY02JAN2421900CE.NFO,02/01/2024,09:44:42,0.55,0.5,1998680,0.55,527480,6160,5265520
FINNIFTY02JAN2421900CE.NFO,02/01/2024,09:44:44,0.5,0.5,1998040,0.55,536800,1360,5265520
FINNIFTY02JAN2421900CE.NFO,02/01/2024,09:44:47,0.5,0.5,2022640,0.55,536760,1400,5265520
FINNIFTY02JAN2421900CE.NFO,02/01/2024,09:44:49,0.55,0.5,2022640,0.55,534920,1000,5265520
FINNIFTY02JAN2421900CE.NFO,02/01/2024,09:44:51,0.55,0.5,2022640,0.55,538160,0,5265520
FINNIFTY02JAN2421900CE.NFO,02/01/2024,09:44:52,0.55,0.5,2022640,0.55,541760,0,5265520
FINNIFTY02JAN2421900CE.NFO,02/01/2024,09:44:54,0.5,0.5,2022120,0.55,543000,520,5265520
FINNIFTY02JAN2421900CE.NFO,02/01/2024,09:44:56,0.55,0.5,2021120,0.55,542200,1800,5265520
FINNIFTY02JAN2421900CE.NFO,02/01/2024,09:44:57,0.55,0.5,2017160,0.55,541960,4240,5265520
FINNIFTY02JAN2421900CE.NFO,02/01/2024,09:44:59,0.55,0.5,2017680,0.55,539600,3480,5265520
FINNIFTY02JAN2421900CE.NFO,02/01/2024,09:45:01,0.55,0.5,2021440,0.55,519640,12120,5265520
FINNIFTY02JAN2421900CE.NFO,02/01/2024,09:45:02,0.55,0.5,2019520,0.55,526520,10880,5265520
FINNIFTY02JAN2421900CE.NFO,02/01/2024,09:45:04,0.55,0.5,2019600,0.55,504080,1960,5265520
FINNIFTY02JAN2421900CE.NFO,02/01/2024,09:45:06,0.55,0.5,2019480,0.55,500560,13680,5265520
FINNIFTY02JAN2421900CE.NFO,02/01/2024,09:45:07,0.55,0.5,2019400,0.55,490000,9680,5265520
FINNIFTY02JAN2421900CE.NFO,02/01/2024,09:45:09,0.55,0.5,2019400,0.55,489760,240,5265520
FINNIFTY02JAN2421900CE.NFO,02/01/2024,09:45:11,0.55,0.5,2019400,0.55,488680,600,5265520
FINNIFTY02JAN2421900CE.NFO,02/01/2024,09:45:12,0.5,0.5,2013400,0.55,507280,9600,5265520
FINNIFTY02JAN2421900CE.NFO,02/01/2024,09:45:14,0.5,0.5,2012000,0.55,508360,3200,5265520
FINNIFTY02JAN2421900CE.NFO,02/01/2024,09:45:16,0.5,0.5,2011960,0.55,508360,0,5265520
FINNIFTY02JAN2421900CE.NFO,02/01/2024,09:45:17,0.55,0.5,2010560,0.55,499920,13440,5265520
FINNIFTY02JAN2421900CE.NFO,02/01/2024,09:45:19,0.55,0.5,2010600,0.55,404120,103800,5265520
FINNIFTY02JAN2421900CE.NFO,02/01/2024,09:45:21,0.55,0.5,1976880,0.55,74920,301120,5265520
FINNIFTY02JAN2421900CE.NFO,02/01/2024,09:45:22,0.6,0.55,452120,0.6,566560,52960,5265520
FINNIFTY02JAN2421900CE.NFO,02/01/2024,09:45:24,0.6,0.55,500000,0.6,571320,7320,5265520
FINNIFTY02JAN2421900CE.NFO,02/01/2024,09:45:26,0.55,0.55,547360,0.6,574520,5160,5265520
FINNIFTY02JAN2421900CE.NFO,02/01/2024,09:45:27,0.55,0.55,533520,0.6,581360,7800,5265520
FINNIFTY02JAN2421900CE.NFO,02/01/2024,09:45:29,0.55,0.55,467440,0.6,591920,36720,5265520
FINNIFTY02JAN2421900CE.NFO,02/01/2024,09:45:30,0.6,0.55,311880,0.6,594600,280,5265520
FINNIFTY02JAN2421900CE.NFO,02/01/2024,09:45:32,0.55,0.5,2017400,0.55,191720,263600,5265520
FINNIFTY02JAN2421900CE.NFO,02/01/2024,09:45:34,0.5,0.5,2018120,0.55,270480,160,5265520
FINNIFTY02JAN2421900CE.NFO,02/01/2024,09:45:35,0.5,0.5,2018200,0.55,340680,0,5265520
FINNIFTY02JAN2421900CE.NFO,02/01/2024,09:45:37,0.55,0.5,2018400,0.55,354400,5000,5265520
FINNIFTY02JAN2421900CE.NFO,02/01/2024,09:45:39,0.55,0.5,2018600,0.55,355800,7120,5265520
FINNIFTY02JAN2421900CE.NFO,02/01/2024,09:45:40,0.55,0.5,2019040,0.55,352840,5920,5265520
FINNIFTY02JAN2421900CE.NFO,02/01/2024,09:45:42,0.55,0.5,2022240,0.55,344960,56640,5265520
FINNIFTY02JAN2421900CE.NFO,02/01/2024,09:45:44,0.55,0.5,2022200,0.55,219480,105520,5265520
FINNIFTY02JAN2421900CE.NFO,02/01/2024,09:45:45,0.55,0.5,2036360,0.55,204360,7200,5265520
FINNIFTY02JAN2421900CE.NFO,02/01/2024,09:45:47,0.55,0.5,2037040,0.55,200040,7760,5265520
FINNIFTY02JAN2421900CE.NFO,02/01/2024,09:45:49,0.55,0.5,2037920,0.55,163400,20760,5265520
FINNIFTY02JAN2421900CE.NFO,02/01/2024,09:45:50,0.55,0.5,2010440,0.55,21520,138280,5265520
FINNIFTY02JAN2421900CE.NFO,02/01/2024,09:45:52,0.55,0.55,156200,0.6,636560,9600,5265520
FINNIFTY02JAN2421900CE.NFO,02/01/2024,09:45:54,0.6,0.55,153800,0.6,667720,1360,5265520
FINNIFTY02JAN2421900CE.NFO,02/01/2024,09:45:55,0.6,0.55,152000,0.6,684440,4600,5265520
FINNIFTY02JAN2421900CE.NFO,02/01/2024,09:45:57,0.55,0.55,147600,0.6,706760,4520,5265520
FINNIFTY02JAN2421900CE.NFO,02/01/2024,09:45:59,0.55,0.55,165640,0.6,714360,24920,5265520
FINNIFTY02JAN2421900CE.NFO,02/01/2024,09:46:00,0.6,0.55,166800,0.6,712800,7400,5265520
FINNIFTY02JAN2421900CE.NFO,02/01/2024,09:46:02,0.55,0.55,169360,0.6,713000,1600,5265520
FINNIFTY02JAN2421900CE.NFO,02/01/2024,09:46:04,0.55,0.55,172120,0.6,717480,3600,5265520
FINNIFTY02JAN2421900CE.NFO,02/01/2024,09:46:05,0.6,0.55,181800,0.6,712240,5000,5265520
FINNIFTY02JAN2421900CE.NFO,02/01/2024,09:46:07,0.6,0.55,490440,0.6,711920,2840,5265520
FINNIFTY02JAN2421900CE.NFO,02/01/2024,09:46:09,0.6,0.55,790800,0.6,712680,0,5265520
FINNIFTY02JAN2421900CE.NFO,02/01/2024,09:46:10,0.6,0.55,840560,0.6,714640,480,5265520
FINNIFTY02JAN2421900CE.NFO,02/01/2024,09:46:12,0.6,0.55,838360,0.6,718160,0,5265520
FINNIFTY02JAN2421900CE.NFO,02/01/2024,09:46:14,0.55,0.55,835440,0.6,718680,1120,5265520
FINNIFTY02JAN2421900CE.NFO,02/01/2024,09:46:15,0.55,0.55,403160,0.6,720480,0,5265520
FINNIFTY02JAN2421900CE.NFO,02/01/2024,09:46:17,0.55,0.55,122480,0.6,700880,25040,5265520
FINNIFTY02JAN2421900CE.NFO,02/01/2024,09:46:19,0.55,0.5,2028000,0.55,119480,91360,5265520
FINNIFTY02JAN2421900CE.NFO,02/01/2024,09:46:20,0.55,0.5,2026680,0.55,149360,10120,5265520
FINNIFTY02JAN2421900CE.NFO,02/01/2024,09:46:22,0.55,0.5,2020520,0.55,177800,14520,5265520
FINNIFTY02JAN2421900CE.NFO,02/01/2024,09:46:24,0.5,0.5,2018720,0.55,214160,2040,5265520
FINNIFTY02JAN2421900CE.NFO,02/01/2024,09:46:25,0.5,0.5,2016960,0.55,210200,2400,5265520
FINNIFTY02JAN2421900CE.NFO,02/01/2024,09:46:27,0.5,0.5,2015160,0.55,204800,1800,5265520
FINNIFTY02JAN2421900CE.NFO,02/01/2024,09:46:29,0.55,0.5,2013360,0.55,170080,5600,5265520
FINNIFTY02JAN2421900CE.NFO,02/01/2024,09:46:31,0.55,0.5,2011760,0.55,148040,13600,5265520
FINNIFTY02JAN2421900CE.NFO,02/01/2024,09:46:33,0.55,0.55,225640,0.6,647800,130560,5265520
FINNIFTY02JAN2421900CE.NFO,02/01/2024,09:46:34,0.6,0.55,418120,0.6,653480,160,5265520
FINNIFTY02JAN2421900CE.NFO,02/01/2024,09:46:36,0.55,0.55,435360,0.6,659960,12640,5265520
FINNIFTY02JAN2421900CE.NFO,02/01/2024,09:46:38,0.55,0.55,421840,0.6,676240,8600,5265520
FINNIFTY02JAN2421900CE.NFO,02/01/2024,09:46:39,0.55,0.55,428040,0.6,681440,0,5265520
FINNIFTY02JAN2421900CE.NFO,02/01/2024,09:46:41,0.55,0.55,425280,0.6,681280,5520,5265520
FINNIFTY02JAN2421900CE.NFO,02/01/2024,09:46:43,0.55,0.55,423600,0.6,677720,1920,5265520
FINNIFTY02JAN2421900CE.NFO,02/01/2024,09:46:44,0.55,0.55,423480,0.6,677720,120,5265520
FINNIFTY02JAN2421900CE.NFO,02/01/2024,09:46:46,0.6,0.55,424080,0.6,676440,1000,5265520
FINNIFTY02JAN2421900CE.NFO,02/01/2024,09:46:48,0.6,0.55,423560,0.6,624000,40680,5265520
FINNIFTY02JAN2421900CE.NFO,02/01/2024,09:46:49,0.6,0.55,419960,0.6,635920,0,5265520
FINNIFTY02JAN2421900CE.NFO,02/01/2024,09:46:51,0.6,0.55,422560,0.6,634080,1800,5265520
FINNIFTY02JAN2421900CE.NFO,02/01/2024,09:46:53,0.55,0.55,427560,0.6,634080,400,5265520
FINNIFTY02JAN2421900CE.NFO,02/01/2024,09:46:54,0.55,0.55,429960,0.6,633880,1400,5265520
FINNIFTY02JAN2421900CE.NFO,02/01/2024,09:46:56,0.55,0.55,435440,0.6,634440,10000,5265520
FINNIFTY02JAN2421900CE.NFO,02/01/2024,09:46:58,0.55,0.55,439080,0.6,634400,0,5265520
FINNIFTY02JAN2421900CE.NFO,02/01/2024,09:46:59,0.6,0.55,453480,0.6,632120,2280,5265520
FINNIFTY02JAN2421900CE.NFO,02/01/2024,09:47:01,0.6,0.55,454080,0.6,626360,7120,5265520
FINNIFTY02JAN2421900CE.NFO,02/01/2024,09:47:04,0.6,0.55,454960,0.6,625480,0,5265520
FINNIFTY02JAN2421900CE.NFO,02/01/2024,09:47:06,0.6,0.55,453560,0.6,624600,2000,5265520
FINNIFTY02JAN2421900CE.NFO,02/01/2024,09:47:08,0.55,0.55,454240,0.6,624600,400,5265520
FINNIFTY02JAN2421900CE.NFO,02/01/2024,09:47:09,0.55,0.55,432640,0.6,624600,1800,5265520
FINNIFTY02JAN2421900CE.NFO,02/01/2024,09:47:14,0.55,0.55,431040,0.6,624440,1160,5265520
FINNIFTY02JAN2421900CE.NFO,02/01/2024,09:47:18,0.55,0.55,430240,0.6,623360,1880,5265520
FINNIFTY02JAN2421900CE.NFO,02/01/2024,09:47:19,0.55,0.55,434280,0.6,623360,160,5265520
FINNIFTY02JAN2421900CE.NFO,02/01/2024,09:47:21,0.55,0.55,434400,0.6,610560,14600,5265520
FINNIFTY02JAN2421900CE.NFO,02/01/2024,09:47:24,0.55,0.55,434240,0.6,650560,400,5265520
FINNIFTY02JAN2421900CE.NFO,02/01/2024,09:47:26,0.55,0.55,433240,0.6,652080,1000,5265520
FINNIFTY02JAN2421900CE.NFO,02/01/2024,09:47:28,0.55,0.55,433880,0.6,652080,0,5044960
FINNIFTY02JAN2421900CE.NFO,02/01/2024,09:47:29,0.55,0.55,424600,0.6,652080,5560,5044960
FINNIFTY02JAN2421900CE.NFO,02/01/2024,09:47:30,0.55,0.55,421720,0.6,652080,1920,5044960
FINNIFTY02JAN2421900CE.NFO,02/01/2024,09:47:32,0.55,0.55,418320,0.6,652360,2520,5044960
FINNIFTY02JAN2421900CE.NFO,02/01/2024,09:47:33,0.55,0.55,418240,0.6,652360,80,5044960
FINNIFTY02JAN2421900CE.NFO,02/01/2024,09:47:35,0.55,0.55,418240,0.6,653360,80,5044960
FINNIFTY02JAN2421900CE.NFO,02/01/2024,09:47:37,0.6,0.55,426600,0.6,653000,360,5044960
FINNIFTY02JAN2421900CE.NFO,02/01/2024,09:47:38,0.6,0.55,419800,0.6,651200,8600,5044960
FINNIFTY02JAN2421900CE.NFO,02/01/2024,09:47:40,0.6,0.55,421720,0.6,651320,0,5044960
FINNIFTY02JAN2421900CE.NFO,02/01/2024,09:47:42,0.55,0.55,419640,0.6,651440,2000,5044960
FINNIFTY02JAN2421900CE.NFO,02/01/2024,09:47:43,0.55,0.55,422360,0.6,651160,4800,5044960
FINNIFTY02JAN2421900CE.NFO,02/01/2024,09:47:45,0.55,0.55,416680,0.6,654200,5840,5044960
FINNIFTY02JAN2421900CE.NFO,02/01/2024,09:47:46,0.55,0.55,420360,0.6,651760,3600,5044960
FINNIFTY02JAN2421900CE.NFO,02/01/2024,09:47:48,0.6,0.55,420800,0.6,648920,4400,5044960
FINNIFTY02JAN2421900CE.NFO,02/01/2024,09:47:50,0.6,0.55,420800,0.6,648000,1880,5044960
FINNIFTY02JAN2421900CE.NFO,02/01/2024,09:47:51,0.55,0.55,422080,0.6,645440,5920,5044960
FINNIFTY02JAN2421900CE.NFO,02/01/2024,09:47:53,0.55,0.55,424160,0.6,648200,11640,5044960
FINNIFTY02JAN2421900CE.NFO,02/01/2024,09:47:55,0.55,0.55,441400,0.6,644520,9000,5044960
FINNIFTY02JAN2421900CE.NFO,02/01/2024,09:47:56,0.55,0.55,436200,0.6,650440,21680,5044960
FINNIFTY02JAN2421900CE.NFO,02/01/2024,09:47:58,0.55,0.55,436400,0.6,651760,4000,5044960
FINNIFTY02JAN2421900CE.NFO,02/01/2024,09:48:00,0.55,0.55,436080,0.6,651720,800,5044960
FINNIFTY02JAN2421900CE.NFO,02/01/2024,09:48:01,0.6,0.55,437880,0.6,645960,5760,5044960
FINNIFTY02JAN2421900CE.NFO,02/01/2024,09:48:04,0.55,0.55,439840,0.6,643240,4000,5044960
FINNIFTY02JAN2421900CE.NFO,02/01/2024,09:48:06,0.55,0.55,439240,0.6,643240,0,5044960
FINNIFTY02JAN2421900CE.NFO,02/01/2024,09:48:08,0.6,0.55,438880,0.6,627160,22600,5044960
FINNIFTY02JAN2421900CE.NFO,02/01/2024,09:48:09,0.55,0.55,438480,0.6,627520,4240,5044960
FINNIFTY02JAN2421900CE.NFO,02/01/2024,09:48:11,0.6,0.55,440040,0.6,625720,1800,5044960
FINNIFTY02JAN2421900CE.NFO,02/01/2024,09:48:13,0.6,0.55,440440,0.6,625760,1040,5044960
FINNIFTY02JAN2421900CE.NFO,02/01/2024,09:48:14,0.55,0.55,438360,0.6,627080,3800,5044960
FINNIFTY02JAN2421900CE.NFO,02/01/2024,09:48:16,0.55,0.55,438160,0.6,628720,3480,5044960
FINNIFTY02JAN2421900CE.NFO,02/01/2024,09:48:18,0.55,0.55,437120,0.6,628720,1000,5044960
FINNIFTY02JAN2421900CE.NFO,02/01/2024,09:48:19,0.55,0.55,438320,0.6,628720,0,5044960
FINNIFTY02JAN2421900CE.NFO,02/01/2024,09:48:21,0.55,0.55,441680,0.6,629560,400,5044960
FINNIFTY02JAN2421900CE.NFO,02/01/2024,09:48:22,0.55,0.55,439600,0.6,630480,1800,5044960
FINNIFTY02JAN2421900CE.NFO,02/01/2024,09:48:24,0.55,0.55,442960,0.6,629760,960,5044960
FINNIFTY02JAN2421900CE.NFO,02/01/2024,09:48:26,0.55,0.55,444760,0.6,629760,0,5044960
FINNIFTY02JAN2421900CE.NFO,02/01/2024,09:48:27,0.55,0.55,442160,0.6,629920,4800,5044960
FINNIFTY02JAN2421900CE.NFO,02/01/2024,09:48:29,0.55,0.55,439880,0.6,628600,4080,5044960
FINNIFTY02JAN2421900CE.NFO,02/01/2024,09:48:39,0.55,0.55,459560,0.6,633000,23840,5044960
FINNIFTY02JAN2421900CE.NFO,02/01/2024,09:48:49,0.55,0.55,433800,0.6,633800,11600,5044960
FINNIFTY02JAN2421900CE.NFO,02/01/2024,09:49:00,0.55,0.55,421240,0.6,617920,39640,5044960
FINNIFTY02JAN2421900CE.NFO,02/01/2024,09:49:10,0.55,0.55,420640,0.6,610720,27520,5044960
FINNIFTY02JAN2421900CE.NFO,02/01/2024,09:49:20,0.55,0.55,501360,0.6,604040,29480,5044960
FINNIFTY02JAN2421900CE.NFO,02/01/2024,09:49:30,0.6,0.55,492800,0.6,601840,12960,5044960
FINNIFTY02JAN2421900CE.NFO,02/01/2024,09:49:32,0.6,0.55,483800,0.6,601840,0,5044960
FINNIFTY02JAN2421900CE.NFO,02/01/2024,09:49:33,0.55,0.55,481760,0.6,603680,1800,5044960
FINNIFTY02JAN2421900CE.NFO,02/01/2024,09:49:35,0.55,0.55,483800,0.6,606080,0,5044960
FINNIFTY02JAN2421900CE.NFO,02/01/2024,09:49:37,0.6,0.55,483800,0.6,605840,240,5044960
FINNIFTY02JAN2421900CE.NFO,02/01/2024,09:49:38,0.6,0.55,492800,0.6,604840,0,5044960
FINNIFTY02JAN2421900CE.NFO,02/01/2024,09:49:40,0.55,0.55,512520,0.6,602840,2280,5044960
FINNIFTY02JAN2421900CE.NFO,02/01/2024,09:49:41,0.55,0.55,570920,0.6,604040,1800,5044960
FINNIFTY02JAN2421900CE.NFO,02/01/2024,09:49:43,0.55,0.55,776320,0.6,620040,0,5044960
FINNIFTY02JAN2421900CE.NFO,02/01/2024,09:49:45,0.55,0.55,984120,0.6,620040,0,5044960
FINNIFTY02JAN2421900CE.NFO,02/01/2024,09:49:46,0.55,0.55,986920,0.6,620280,2480,5044960
FINNIFTY02JAN2421900CE.NFO,02/01/2024,09:49:48,0.55,0.55,986320,0.6,620960,1800,5044960
FINNIFTY02JAN2421900CE.NFO,02/01/2024,09:49:50,0.55,0.55,980320,0.6,618840,4800,5044960
FINNIFTY02JAN2421900CE.NFO,02/01/2024,09:49:51,0.55,0.55,958720,0.6,628840,0,5044960
FINNIFTY02JAN2421900CE.NFO,02/01/2024,09:49:53,0.55,0.55,962920,0.6,629440,1800,5044960
FINNIFTY02JAN2421900CE.NFO,02/01/2024,09:49:55,0.55,0.55,961120,0.6,630040,1800,5044960
FINNIFTY02JAN2421900CE.NFO,02/01/2024,09:49:56,0.55,0.55,959920,0.6,629840,1400,5044960
FINNIFTY02JAN2421900CE.NFO,02/01/2024,09:49:58,0.6,0.55,957320,0.6,624920,7840,5044960
FINNIFTY02JAN2421900CE.NFO,02/01/2024,09:50:00,0.55,0.55,953720,0.6,624600,2720,5044960
FINNIFTY02JAN2421900CE.NFO,02/01/2024,09:50:01,0.6,0.55,950120,0.6,627280,10680,5044960
FINNIFTY02JAN2421900CE.NFO,02/01/2024,09:50:03,0.55,0.55,946400,0.6,643080,3600,5044960
FINNIFTY02JAN2421900CE.NFO,02/01/2024,09:50:05,0.55,0.55,944240,0.6,651880,4400,5044960
FINNIFTY02JAN2421900CE.NFO,02/01/2024,09:50:06,0.55,0.55,945120,0.6,651800,1800,5044960
FINNIFTY02JAN2421900CE.NFO,02/01/2024,09:50:08,0.55,0.55,943120,0.6,651800,1400,5044960
FINNIFTY02JAN2421900CE.NFO,02/01/2024,09:50:09,0.55,0.55,941080,0.6,651800,2000,5044960
FINNIFTY02JAN2421900CE.NFO,02/01/2024,09:50:11,0.55,0.55,941080,0.6,651840,0,5044960
FINNIFTY02JAN2421900CE.NFO,02/01/2024,09:50:13,0.55,0.55,939280,0.6,659840,1800,5044960
FINNIFTY02JAN2421900CE.NFO,02/01/2024,09:50:14,0.6,0.55,944840,0.6,613680,52480,5044960
FINNIFTY02JAN2421900CE.NFO,02/01/2024,09:50:16,0.6,0.55,944800,0.6,603800,9600,5044960
FINNIFTY02JAN2421900CE.NFO,02/01/2024,09:50:18,0.55,0.55,942760,0.6,606760,2040,5044960
FINNIFTY02JAN2421900CE.NFO,02/01/2024,09:50:19,0.55,0.55,942720,0.6,606760,40,5044960
FINNIFTY02JAN2421900CE.NFO,02/01/2024,09:50:21,0.55,0.55,942720,0.6,607600,0,5044960
FINNIFTY02JAN2421900CE.NFO,02/01/2024,09:50:23,0.55,0.55,939040,0.6,608560,3880,5044960
FINNIFTY02JAN2421900CE.NFO,02/01/2024,09:50:24,0.55,0.55,913120,0.6,610320,6120,5044960
FINNIFTY02JAN2421900CE.NFO,02/01/2024,09:50:26,0.55,0.55,888840,0.6,609960,9440,5044960
FINNIFTY02JAN2421900CE.NFO,02/01/2024,09:50:28,0.55,0.55,887920,0.6,616320,3000,5167440
FINNIFTY02JAN2421900CE.NFO,02/01/2024,09:50:29,0.6,0.55,887920,0.6,615400,960,5167440
FINNIFTY02JAN2421900CE.NFO,02/01/2024,09:50:31,0.6,0.55,887920,0.6,614440,960,5167440
FINNIFTY02JAN2421900CE.NFO,02/01/2024,09:50:32,0.6,0.55,886120,0.6,613360,3120,5167440
FINNIFTY02JAN2421900CE.NFO,02/01/2024,09:50:34,0.6,0.55,886120,0.6,624840,1320,5167440
FINNIFTY02JAN2421900CE.NFO,02/01/2024,09:50:36,0.6,0.55,885240,0.6,779120,4080,5167440
FINNIFTY02JAN2421900CE.NFO,02/01/2024,09:50:37,0.55,0.55,878880,0.6,777480,3600,5167440
FINNIFTY02JAN2421900CE.NFO,02/01/2024,09:50:39,0.6,0.55,883440,0.6,775680,1800,5167440
FINNIFTY02JAN2421900CE.NFO,02/01/2024,09:50:40,0.6,0.55,882840,0.6,773880,2400,5167440
FINNIFTY02JAN2421900CE.NFO,02/01/2024,09:50:42,0.6,0.55,883720,0.6,771320,1800,5167440
FINNIFTY02JAN2421900CE.NFO,02/01/2024,09:50:44,0.6,0.55,878800,0.6,771320,6720,5167440
FINNIFTY02JAN2421900CE.NFO,02/01/2024,09:50:45,0.6,0.55,878800,0.6,769480,1840,5167440
FINNIFTY02JAN2421900CE.NFO,02/01/2024,09:50:47,0.6,0.55,879400,0.6,771680,4200,5167440
FINNIFTY02JAN2421900CE.NFO,02/01/2024,09:50:49,0.6,0.55,879520,0.6,771680,0,5167440
FINNIFTY02JAN2421900CE.NFO,02/01/2024,09:50:50,0.6,0.55,879400,0.6,771080,600,5167440
FINNIFTY02JAN2421900CE.NFO,02/01/2024,09:50:52,0.6,0.55,879440,0.6,771080,0,5167440
FINNIFTY02JAN2421900CE.NFO,02/01/2024,09:50:53,0.6,0.55,879560,0.6,771080,0,5167440
FINNIFTY02JAN2421900CE.NFO,02/01/2024,09:50:55,0.55,0.55,875240,0.6,771040,4200,5167440
FINNIFTY02JAN2421900CE.NFO,02/01/2024,09:50:57,0.55,0.55,876120,0.6,674880,100040,5167440
FINNIFTY02JAN2421900CE.NFO,02/01/2024,09:50:58,0.6,0.55,876120,0.6,679720,80,5167440
FINNIFTY02JAN2421900CE.NFO,02/01/2024,09:51:00,0.6,0.55,876080,0.6,679120,680,5167440
FINNIFTY02JAN2421900CE.NFO,02/01/2024,09:51:02,0.6,0.55,874560,0.6,673480,6520,5167440
FINNIFTY02JAN2421900CE.NFO,02/01/2024,09:51:03,0.6,0.55,874560,0.6,673480,0,5167440
FINNIFTY02JAN2421900CE.NFO,02/01/2024,09:51:05,0.6,0.55,873960,0.6,672320,200,5167440
FINNIFTY02JAN2421900CE.NFO,02/01/2024,09:51:06,0.6,0.55,873840,0.6,674280,0,5167440
FINNIFTY02JAN2421900CE.NFO,02/01/2024,09:51:08,0.55,0.55,878880,0.6,672400,40,5167440
FINNIFTY02JAN2421900CE.NFO,02/01/2024,09:51:10,0.55,0.55,880000,0.6,676240,200,5167440
FINNIFTY02JAN2421900CE.NFO,02/01/2024,09:51:11,0.55,0.55,879880,0.6,677240,0,5167440
FINNIFTY02JAN2421900CE.NFO,02/01/2024,09:51:13,0.55,0.55,875240,0.6,677120,5960,5167440
FINNIFTY02JAN2421900CE.NFO,02/01/2024,09:51:15,0.55,0.55,876320,0.6,676120,120,5167440
FINNIFTY02JAN2421900CE.NFO,02/01/2024,09:51:16,0.55,0.55,875320,0.6,683520,1000,5167440
FINNIFTY02JAN2421900CE.NFO,02/01/2024,09:51:20,0.55,0.55,871760,0.6,683520,4000,5167440
FINNIFTY02JAN2421900CE.NFO,02/01/2024,09:51:21,0.6,0.55,870360,0.6,683120,1960,5167440
FINNIFTY02JAN2421900CE.NFO,02/01/2024,09:51:23,0.6,0.55,870360,0.6,683120,0,5167440
FINNIFTY02JAN2421900CE.NFO,02/01/2024,09:51:24,0.55,0.55,869960,0.6,683120,400,5167440
FINNIFTY02JAN2421900CE.NFO,02/01/2024,09:51:26,0.6,0.55,869960,0.6,683040,80,5167440
FINNIFTY02JAN2421900CE.NFO,02/01/2024,09:51:28,0.55,0.55,869880,0.6,682440,680,5167440
FINNIFTY02JAN2421900CE.NFO,02/01/2024,09:51:30,0.6,0.55,871680,0.6,682400,640,5167440
FINNIFTY02JAN2421900CE.NFO,02/01/2024,09:51:35,0.55,0.55,871600,0.6,683040,80,5167440
FINNIFTY02JAN2421900CE.NFO,02/01/2024,09:51:45,0.6,0.55,847920,0.6,675520,16440,5167440
FINNIFTY02JAN2421900CE.NFO,02/01/2024,09:51:56,0.55,0.55,839280,0.6,675040,10120,5167440
FINNIFTY02JAN2421900CE.NFO,02/01/2024,09:52:06,0.6,0.55,850800,0.6,695680,11840,5167440
FINNIFTY02JAN2421900CE.NFO,02/01/2024,09:52:16,0.6,0.55,847200,0.6,689920,8520,5167440
FINNIFTY02JAN2421900CE.NFO,02/01/2024,09:52:26,0.6,0.55,840000,0.6,692880,16440,5167440
FINNIFTY02JAN2421900CE.NFO,02/01/2024,09:52:37,0.55,0.55,839000,0.6,686680,3600,5167440
FINNIFTY02JAN2421900CE.NFO,02/01/2024,09:52:47,0.55,0.55,822680,0.6,685680,17920,5167440
FINNIFTY02JAN2421900CE.NFO,02/01/2024,09:52:57,0.55,0.55,872480,0.6,684920,2600,5167440
FINNIFTY02JAN2421900CE.NFO,02/01/2024,09:53:07,0.6,0.55,944640,0.6,690720,10600,5167440
FINNIFTY02JAN2421900CE.NFO,02/01/2024,09:53:17,0.6,0.55,942320,0.6,692360,2280,5167440
FINNIFTY02JAN2421900CE.NFO,02/01/2024,09:53:28,0.6,0.55,942400,0.6,693320,3480,5103120
FINNIFTY02JAN2421900CE.NFO,02/01/2024,09:53:39,0.6,0.55,944440,0.6,679880,3960,5103120
FINNIFTY02JAN2421900CE.NFO,02/01/2024,09:53:49,0.55,0.55,935240,0.6,666400,26080,5103120
FINNIFTY02JAN2421900CE.NFO,02/01/2024,09:54:00,0.6,0.55,934880,0.6,674120,2280,5103120
FINNIFTY02JAN2421900CE.NFO,02/01/2024,09:54:10,0.6,0.55,921440,0.6,673440,19560,5103120
FINNIFTY02JAN2421900CE.NFO,02/01/2024,09:54:20,0.6,0.55,920640,0.6,666920,7520,5103120
FINNIFTY02JAN2421900CE.NFO,02/01/2024,09:54:30,0.55,0.55,962640,0.6,676640,3160,5103120
FINNIFTY02JAN2421900CE.NFO,02/01/2024,09:54:41,0.6,0.55,963360,0.6,676240,4320,5103120
FINNIFTY02JAN2421900CE.NFO,02/01/2024,09:54:53,0.6,0.55,964560,0.6,632960,37640,5103120
FINNIFTY02JAN2421900CE.NFO,02/01/2024,09:55:06,0.6,0.55,974480,0.6,628440,114240,5103120
FINNIFTY02JAN2421900CE.NFO,02/01/2024,09:55:17,0.55,0.55,964720,0.6,621360,20480,5103120
FINNIFTY02JAN2421900CE.NFO,02/01/2024,09:55:28,0.6,0.55,987960,0.6,595000,29840,5103120
FINNIFTY02JAN2421900CE.NFO,02/01/2024,09:55:41,0.55,0.55,993240,0.6,579280,86760,5103120
FINNIFTY02JAN2421900CE.NFO,02/01/2024,09:55:53,0.6,0.55,982880,0.6,581400,78600,5103120
FINNIFTY02JAN2421900CE.NFO,02/01/2024,09:56:06,0.6,0.55,974960,0.6,528400,61600,5103120
FINNIFTY02JAN2421900CE.NFO,02/01/2024,09:56:19,0.55,0.55,926880,0.6,218520,128400,5103120
FINNIFTY02JAN2421900CE.NFO,02/01/2024,09:56:31,0.65,0.6,189360,0.65,545560,198400,5169160
FINNIFTY02JAN2421900CE.NFO,02/01/2024,09:56:33,0.65,0.6,189840,0.65,547920,520,5169160
FINNIFTY02JAN2421900CE.NFO,02/01/2024,09:56:34,0.6,0.6,189040,0.65,583920,4400,5169160
FINNIFTY02JAN2421900CE.NFO,02/01/2024,09:56:36,0.6,0.6,189680,0.65,582520,2600,5169160
FINNIFTY02JAN2421900CE.NFO,02/01/2024,09:56:38,0.65,0.6,193800,0.65,582120,1240,5169160
FINNIFTY02JAN2421900CE.NFO,02/01/2024,09:56:39,0.6,0.6,194960,0.65,590960,11240,5169160
FINNIFTY02JAN2421900CE.NFO,02/01/2024,09:56:41,0.6,0.6,193160,0.65,589160,4120,5169160
FINNIFTY02JAN2421900CE.NFO,02/01/2024,09:56:43,0.6,0.6,207400,0.65,587520,3080,5169160
FINNIFTY02JAN2421900CE.NFO,02/01/2024,09:56:44,0.65,0.6,206520,0.65,579160,11160,5169160
FINNIFTY02JAN2421900CE.NFO,02/01/2024,09:56:46,0.65,0.6,258800,0.65,554840,10000,5169160
FINNIFTY02JAN2421900CE.NFO,02/01/2024,09:56:48,0.65,0.6,312640,0.65,558120,5880,5169160
FINNIFTY02JAN2421900CE.NFO,02/01/2024,09:56:49,0.65,0.6,502000,0.65,381440,15480,5169160
FINNIFTY02JAN2421900CE.NFO,02/01/2024,09:56:51,0.65,0.6,533920,0.65,370000,20920,5169160
FINNIFTY02JAN2421900CE.NFO,02/01/2024,09:56:53,0.6,0.6,517880,0.65,355560,3560,5169160
FINNIFTY02JAN2421900CE.NFO,02/01/2024,09:56:54,0.65,0.6,530080,0.65,368240,3200,5169160
FINNIFTY02JAN2421900CE.NFO,02/01/2024,09:56:56,0.65,0.6,530080,0.65,357760,10800,5169160
FINNIFTY02JAN2421900CE.NFO,02/01/2024,09:56:58,0.65,0.6,530080,0.65,276320,62280,5169160
FINNIFTY02JAN2421900CE.NFO,02/01/2024,09:56:59,0.6,0.6,529520,0.65,283200,13440,5169160
FINNIFTY02JAN2421900CE.NFO,02/01/2024,09:57:01,0.65,0.6,512960,0.65,244320,10120,5169160
FINNIFTY02JAN2421900CE.NFO,02/01/2024,09:57:03,0.6,0.6,533400,0.65,243600,1720,5169160
FINNIFTY02JAN2421900CE.NFO,02/01/2024,09:57:04,0.6,0.6,553280,0.65,243080,200,5169160
FINNIFTY02JAN2421900CE.NFO,02/01/2024,09:57:06,0.65,0.6,550120,0.65,194040,24240,5169160
FINNIFTY02JAN2421900CE.NFO,02/01/2024,09:57:08,0.7,0.65,112000,0.7,457160,164720,5169160
FINNIFTY02JAN2421900CE.NFO,02/01/2024,09:57:09,0.7,0.65,280800,0.7,454840,8440,5169160
FINNIFTY02JAN2421900CE.NFO,02/01/2024,09:57:11,0.65,0.65,367000,0.7,449200,8160,5169160
FINNIFTY02JAN2421900CE.NFO,02/01/2024,09:57:13,0.65,0.65,364240,0.7,456240,1800,5169160
FINNIFTY02JAN2421900CE.NFO,02/01/2024,09:57:14,0.7,0.65,360160,0.7,404280,50280,5169160
FINNIFTY02JAN2421900CE.NFO,02/01/2024,09:57:16,0.65,0.65,359560,0.7,402560,1640,5169160
FINNIFTY02JAN2421900CE.NFO,02/01/2024,09:57:18,0.65,0.65,355680,0.7,248680,19920,5169160
FINNIFTY02JAN2421900CE.NFO,02/01/2024,09:57:19,0.65,0.65,342360,0.7,247880,38920,5169160
FINNIFTY02JAN2421900CE.NFO,02/01/2024,09:57:21,0.7,0.65,268040,0.7,244200,35440,5169160
FINNIFTY02JAN2421900CE.NFO,02/01/2024,09:57:22,0.7,0.65,272840,0.7,254680,2680,5169160
FINNIFTY02JAN2421900CE.NFO,02/01/2024,09:57:24,0.65,0.65,216080,0.7,259120,6680,5169160
FINNIFTY02JAN2421900CE.NFO,02/01/2024,09:57:26,0.65,0.65,185680,0.7,269760,1760,5169160
FINNIFTY02JAN2421900CE.NFO,02/01/2024,09:57:27,0.7,0.65,199160,0.7,269000,1000,5169160
FINNIFTY02JAN2421900CE.NFO,02/01/2024,09:57:29,0.65,0.65,195560,0.7,267400,5160,5169160
FINNIFTY02JAN2421900CE.NFO,02/01/2024,09:57:30,0.7,0.65,188040,0.7,267400,2200,5169160
FINNIFTY02JAN2421900CE.NFO,02/01/2024,09:57:32,0.6,0.6,522840,0.65,149600,129360,5169160
FINNIFTY02JAN2421900CE.NFO,02/01/2024,09:57:33,0.65,0.6,525920,0.65,253960,5280,5169160
FINNIFTY02JAN2421900CE.NFO,02/01/2024,09:57:35,0.65,0.6,527160,0.65,252000,8760,5169160
FINNIFTY02JAN2421900CE.NFO,02/01/2024,09:57:37,0.6,0.6,527760,0.65,284280,11240,5169160
FINNIFTY02JAN2421900CE.NFO,02/01/2024,09:57:38,0.65,0.6,527880,0.65,279120,15960,5169160
FINNIFTY02JAN2421900CE.NFO,02/01/2024,09:57:40,0.6,0.6,528680,0.65,299440,24720,5169160
FINNIFTY02JAN2421900CE.NFO,02/01/2024,09:57:42,0.65,0.6,529920,0.65,310800,15440,5169160
FINNIFTY02JAN2421900CE.NFO,02/01/2024,09:57:43,0.65,0.6,531680,0.65,297760,23160,5169160
FINNIFTY02JAN2421900CE.NFO,02/01/2024,09:57:45,0.65,0.6,499280,0.65,312760,46520,5169160
FINNIFTY02JAN2421900CE.NFO,02/01/2024,09:57:47,0.65,0.6,497800,0.65,317080,15560,5169160
FINNIFTY02JAN2421900CE.NFO,02/01/2024,09:57:48,0.6,0.6,491080,0.65,312760,12200,5169160
FINNIFTY02JAN2421900CE.NFO,02/01/2024,09:57:50,0.65,0.6,489760,0.65,304560,17600,5169160
FINNIFTY02JAN2421900CE.NFO,02/01/2024,09:57:51,0.6,0.6,488280,0.65,307840,2400,5169160
FINNIFTY02JAN2421900CE.NFO,02/01/2024,09:57:53,0.65,0.6,484800,0.65,309880,25880,5169160
FINNIFTY02JAN2421900CE.NFO,02/01/2024,09:57:55,0.6,0.6,484240,0.65,318400,1600,5169160
FINNIFTY02JAN2421900CE.NFO,02/01/2024,09:57:56,0.6,0.6,482720,0.65,320120,5200,5169160
FINNIFTY02JAN2421900CE.NFO,02/01/2024,09:57:58,0.65,0.6,433400,0.65,322480,2800,5169160
FINNIFTY02JAN2421900CE.NFO,02/01/2024,09:58:00,0.65,0.6,429480,0.65,324200,3280,5169160
FINNIFTY02JAN2421900CE.NFO,02/01/2024,09:58:01,0.6,0.6,387000,0.65,321800,7480,5169160
FINNIFTY02JAN2421900CE.NFO,02/01/2024,09:58:03,0.65,0.6,349360,0.65,320520,2720,5169160
FINNIFTY02JAN2421900CE.NFO,02/01/2024,09:58:05,0.65,0.6,346520,0.65,317960,5280,5169160
FINNIFTY02JAN2421900CE.NFO,02/01/2024,09:58:06,0.65,0.6,344800,0.65,310360,9400,5169160
FINNIFTY02JAN2421900CE.NFO,02/01/2024,09:58:08,0.65,0.6,342560,0.65,311160,2600,5169160
FINNIFTY02JAN2421900CE.NFO,02/01/2024,09:58:10,0.6,0.6,339600,0.65,297960,12600,5169160
FINNIFTY02JAN2421900CE.NFO,02/01/2024,09:58:11,0.65,0.6,335480,0.65,291840,10520,5169160
FINNIFTY02JAN2421900CE.NFO,02/01/2024,09:58:13,0.65,0.6,344320,0.65,290440,5160,5169160
FINNIFTY02JAN2421900CE.NFO,02/01/2024,09:58:15,0.65,0.6,596720,0.65,216960,3600,5169160
FINNIFTY02JAN2421900CE.NFO,02/01/2024,09:58:16,0.65,0.6,595080,0.65,222720,13160,5169160
FINNIFTY02JAN2421900CE.NFO,02/01/2024,09:58:18,0.65,0.6,597280,0.65,254680,9200,5169160
FINNIFTY02JAN2421900CE.NFO,02/01/2024,09:58:20,0.65,0.6,591880,0.65,291720,13000,5169160
FINNIFTY02JAN2421900CE.NFO,02/01/2024,09:58:21,0.6,0.6,568600,0.65,208800,105160,5169160
FINNIFTY02JAN2421900CE.NFO,02/01/2024,09:58:23,0.6,0.6,560880,0.65,203640,23640,5169160
FINNIFTY02JAN2421900CE.NFO,02/01/2024,09:58:25,0.6,0.6,557880,0.65,214120,6640,5169160
FINNIFTY02JAN2421900CE.NFO,02/01/2024,09:58:26,0.65,0.6,557760,0.65,272480,2040,5169160
FINNIFTY02JAN2421900CE.NFO,02/01/2024,09:58:28,0.65,0.6,555600,0.65,271360,3480,5169160
FINNIFTY02JAN2421900CE.NFO,02/01/2024,09:58:29,0.65,0.6,544920,0.65,256960,4720,5169160
FINNIFTY02JAN2421900CE.NFO,02/01/2024,09:58:30,0.6,0.6,543080,0.65,260560,1840,5169160
FINNIFTY02JAN2421900CE.NFO,02/01/2024,09:58:32,0.65,0.6,579080,0.65,260080,16800,5169160
FINNIFTY02JAN2421900CE.NFO,02/01/2024,09:58:33,0.65,0.6,578200,0.65,243800,1200,5169160
FINNIFTY02JAN2421900CE.NFO,02/01/2024,09:58:35,0.65,0.6,583600,0.65,234320,3360,5169160
FINNIFTY02JAN2421900CE.NFO,02/01/2024,09:58:37,0.65,0.6,593280,0.65,118280,69880,5169160
FINNIFTY02JAN2421900CE.NFO,02/01/2024,09:58:38,0.65,0.6,587080,0.65,143800,17840,5169160
FINNIFTY02JAN2421900CE.NFO,02/01/2024,09:58:40,0.65,0.6,587200,0.65,119920,21520,5169160
FINNIFTY02JAN2421900CE.NFO,02/01/2024,09:58:42,0.65,0.6,588800,0.65,138040,640,5169160
FINNIFTY02JAN2421900CE.NFO,02/01/2024,09:58:43,0.65,0.6,560880,0.65,121080,15920,5169160
FINNIFTY02JAN2421900CE.NFO,02/01/2024,09:58:45,0.65,0.6,556920,0.65,79600,13400,5169160
FINNIFTY02JAN2421900CE.NFO,02/01/2024,09:58:46,0.7,0.65,132440,0.7,489040,74440,5169160
FINNIFTY02JAN2421900CE.NFO,02/01/2024,09:58:48,0.65,0.65,139320,0.7,479160,19720,5169160
FINNIFTY02JAN2421900CE.NFO,02/01/2024,09:58:50,0.7,0.65,139440,0.7,448800,10440,5169160
FINNIFTY02JAN2421900CE.NFO,02/01/2024,09:58:51,0.65,0.65,65200,0.7,450120,7560,5169160
FINNIFTY02JAN2421900CE.NFO,02/01/2024,09:58:53,0.65,0.6,588280,0.65,125880,66680,5169160
FINNIFTY02JAN2421900CE.NFO,02/01/2024,09:58:55,0.65,0.6,598440,0.65,49520,48680,5169160
FINNIFTY02JAN2421900CE.NFO,02/01/2024,09:58:56,0.65,0.65,133960,0.7,404520,62960,5169160
FINNIFTY02JAN2421900CE.NFO,02/01/2024,09:58:58,0.65,0.65,186320,0.7,436240,2680,5169160
FINNIFTY02JAN2421900CE.NFO,02/01/2024,09:59:00,0.65,0.65,110840,0.7,431560,55920,5169160
FINNIFTY02JAN2421900CE.NFO,02/01/2024,09:59:01,0.65,0.65,199520,0.7,429440,6160,5169160
FINNIFTY02JAN2421900CE.NFO,02/01/2024,09:59:03,0.65,0.65,194840,0.7,432000,4800,5169160
FINNIFTY02JAN2421900CE.NFO,02/01/2024,09:59:05,0.7,0.65,164800,0.7,398400,50080,5169160
FINNIFTY02JAN2421900CE.NFO,02/01/2024,09:59:06,0.7,0.65,167280,0.7,304280,88200,5169160
FINNIFTY02JAN2421900CE.NFO,02/01/2024,09:59:08,0.7,0.65,209000,0.7,318600,2040,5169160
FINNIFTY02JAN2421900CE.NFO,02/01/2024,09:59:10,0.7,0.65,219000,0.7,337240,3320,5169160
FINNIFTY02JAN2421900CE.NFO,02/01/2024,09:59:11,0.65,0.65,204520,0.7,357440,80,5169160
FINNIFTY02JAN2421900CE.NFO,02/01/2024,09:59:13,0.7,0.65,218960,0.7,360760,280,5169160
FINNIFTY02JAN2421900CE.NFO,02/01/2024,09:59:15,0.7,0.65,218920,0.7,359320,960,5169160
FINNIFTY02JAN2421900CE.NFO,02/01/2024,09:59:16,0.65,0.65,216720,0.7,344760,2400,5169160
FINNIFTY02JAN2421900CE.NFO,02/01/2024,09:59:18,0.65,0.65,203840,0.7,348640,8720,5169160
FINNIFTY02JAN2421900CE.NFO,02/01/2024,09:59:20,0.65,0.65,201400,0.7,341720,14760,5169160
FINNIFTY02JAN2421900CE.NFO,02/01/2024,09:59:21,0.65,0.65,202320,0.7,352840,2520,5169160
FINNIFTY02JAN2421900CE.NFO,02/01/2024,09:59:23,0.7,0.65,83760,0.7,353880,5520,5169160
FINNIFTY02JAN2421900CE.NFO,02/01/2024,09:59:25,0.7,0.65,148280,0.7,353680,2560,5169160
FINNIFTY02JAN2421900CE.NFO,02/01/2024,09:59:26,0.7,0.65,148240,0.7,351920,1880,5169160
FINNIFTY02JAN2421900CE.NFO,02/01/2024,09:59:28,0.7,0.65,152040,0.7,350720,400,5380160
FINNIFTY02JAN2421900CE.NFO,02/01/2024,09:59:31,0.7,0.65,163880,0.7,324920,17320,5380160
FINNIFTY02JAN2421900CE.NFO,02/01/2024,09:59:32,0.7,0.65,162680,0.7,321520,7400,5380160
FINNIFTY02JAN2421900CE.NFO,02/01/2024,09:59:34,0.65,0.65,159320,0.7,329120,5320,5380160
FINNIFTY02JAN2421900CE.NFO,02/01/2024,09:59:36,0.65,0.65,155320,0.7,338280,8840,5380160
FINNIFTY02JAN2421900CE.NFO,02/01/2024,09:59:37,0.65,0.65,154400,0.7,335800,4680,5380160
FINNIFTY02JAN2421900CE.NFO,02/01/2024,09:59:39,0.65,0.65,71400,0.7,324520,2520,5380160
FINNIFTY02JAN2421900CE.NFO,02/01/2024,09:59:40,0.65,0.65,153920,0.7,321400,8880,5380160
FINNIFTY02JAN2421900CE.NFO,02/01/2024,09:59:42,0.7,0.65,156560,0.7,318040,3960,5380160
FINNIFTY02JAN2421900CE.NFO,02/01/2024,09:59:44,0.65,0.65,90120,0.7,325240,1640,5380160
FINNIFTY02JAN2421900CE.NFO,02/01/2024,09:59:45,0.7,0.65,154840,0.7,314520,1840,5380160
FINNIFTY02JAN2421900CE.NFO,02/01/2024,09:59:47,0.7,0.65,214280,0.7,311440,5320,5380160
FINNIFTY02JAN2421900CE.NFO,02/01/2024,09:59:49,0.65,0.65,254400,0.7,318880,800,5380160
FINNIFTY02JAN2421900CE.NFO,02/01/2024,09:59:50,0.7,0.65,271800,0.7,309960,2600,5380160
FINNIFTY02JAN2421900CE.NFO,02/01/2024,09:59:52,0.65,0.65,268760,0.7,317000,1400,5380160
FINNIFTY02JAN2421900CE.NFO,02/01/2024,09:59:54,0.7,0.65,211480,0.7,318040,2800,5380160
FINNIFTY02JAN2421900CE.NFO,02/01/2024,09:59:55,0.65,0.65,276960,0.7,317160,400,5380160
FINNIFTY02JAN2421900CE.NFO,02/01/2024,09:59:57,0.65,0.65,276840,0.7,317760,120,5380160
FINNIFTY02JAN2421900CE.NFO,02/01/2024,09:59:59,0.7,0.65,275360,0.7,312120,7080,5380160
FINNIFTY02JAN2421900CE.NFO,02/01/2024,10:00:00,0.65,0.65,263720,0.7,310440,6120,5380160
FINNIFTY02JAN2421900CE.NFO,02/01/2024,10:00:02,0.7,0.65,275280,0.7,308640,4760,5380160
FINNIFTY02JAN2421900CE.NFO,02/01/2024,10:00:04,0.7,0.65,273520,0.7,308480,280,5380160
FINNIFTY02JAN2421900CE.NFO,02/01/2024,10:00:05,0.7,0.65,261720,0.7,309040,5840,5380160
FINNIFTY02JAN2421900CE.NFO,02/01/2024,10:00:07,0.7,0.65,261760,0.7,353080,80,5380160
FINNIFTY02JAN2421900CE.NFO,02/01/2024,10:00:09,0.7,0.65,193280,0.7,371240,3880,5380160
FINNIFTY02JAN2421900CE.NFO,02/01/2024,10:00:10,0.7,0.65,258080,0.7,370200,1920,5380160
FINNIFTY02JAN2421900CE.NFO,02/01/2024,10:00:12,0.7,0.65,267840,0.7,361760,7640,5380160
FINNIFTY02JAN2421900CE.NFO,02/01/2024,10:00:13,0.7,0.65,265480,0.7,372920,720,5380160
FINNIFTY02JAN2421900CE.NFO,02/01/2024,10:00:15,0.7,0.65,265280,0.7,371880,1280,5380160
FINNIFTY02JAN2421900CE.NFO,02/01/2024,10:00:17,0.7,0.65,152480,0.7,372440,8320,5380160
FINNIFTY02JAN2421900CE.NFO,02/01/2024,10:00:18,0.7,0.65,216800,0.7,379720,7640,5380160
FINNIFTY02JAN2421900CE.NFO,02/01/2024,10:00:20,0.65,0.65,141240,0.7,374520,18240,5380160
FINNIFTY02JAN2421900CE.NFO,02/01/2024,10:00:22,0.7,0.65,185000,0.7,347840,4760,5380160
FINNIFTY02JAN2421900CE.NFO,02/01/2024,10:00:23,0.65,0.65,184440,0.7,354240,2480,5380160
FINNIFTY02JAN2421900CE.NFO,02/01/2024,10:00:25,0.7,0.65,185920,0.7,351680,560,5380160
FINNIFTY02JAN2421900CE.NFO,02/01/2024,10:00:27,0.65,0.65,183080,0.7,355080,2880,5380160
FINNIFTY02JAN2421900CE.NFO,02/01/2024,10:00:28,0.7,0.65,173080,0.7,356120,920,5380160
FINNIFTY02JAN2421900CE.NFO,02/01/2024,10:00:31,0.7,0.65,164480,0.7,345800,17720,5380160
FINNIFTY02JAN2421900CE.NFO,02/01/2024,10:00:33,0.65,0.65,108720,0.7,290840,7560,5380160
FINNIFTY02JAN2421900CE.NFO,02/01/2024,10:00:34,0.65,0.65,107800,0.7,287160,10920,5380160
FINNIFTY02JAN2421900CE.NFO,02/01/2024,10:00:36,0.65,0.65,86760,0.7,283640,40200,5380160
FINNIFTY02JAN2421900CE.NFO,02/01/2024,10:00:38,0.65,0.6,441800,0.65,166320,40560,5380160
FINNIFTY02JAN2421900CE.NFO,02/01/2024,10:00:39,0.65,0.6,440120,0.65,168000,27000,5380160
FINNIFTY02JAN2421900CE.NFO,02/01/2024,10:00:41,0.6,0.6,445120,0.65,218120,4400,5380160
