Ticker,Date,Time,LTP,BuyPrice,BuyQty,SellPrice,SellQty,LTQ,OpenInterest
FINNIFTY02JAN2421800CE.NFO,02/01/2024,09:15:00,0.9,0.7,3240,0.75,80,16320,2694640
FINNIFTY02JAN2421800CE.NFO,02/01/2024,09:15:00,0.9,0.7,3240,0.75,80,0,2694640
FINNIFTY02JAN2421800CE.NFO,02/01/2024,09:15:00,0.95,0.7,3240,0.75,80,0,2694640
FINNIFTY02JAN2421800CE.NFO,02/01/2024,09:15:00,0.7,0.7,3240,0.75,80,0,2694640
FINNIFTY02JAN2421800CE.NFO,02/01/2024,09:15:02,0.9,0.9,4120,0.95,8040,74320,2694640
FINNIFTY02JAN2421800CE.NFO,02/01/2024,09:15:03,0.95,0.95,3800,1,27120,71520,2694640
FINNIFTY02JAN2421800CE.NFO,02/01/2024,09:15:03,1,0.95,3800,1,27120,0,2694640
FINNIFTY02JAN2421800CE.NFO,02/01/2024,09:15:05,0.85,0.85,18720,0.9,6200,94440,2694640
FINNIFTY02JAN2421800CE.NFO,02/01/2024,09:15:07,0.9,0.85,42400,0.9,53920,185320,2694640
FINNIFTY02JAN2421800CE.NFO,02/01/2024,09:15:08,0.85,0.8,45640,0.85,46200,255320,2694640
FINNIFTY02JAN2421800CE.NFO,02/01/2024,09:15:10,0.9,0.85,63680,0.9,87960,96840,2694640
FINNIFTY02JAN2421800CE.NFO,02/01/2024,09:15:12,0.85,0.8,79080,0.85,61120,160400,2694640
FINNIFTY02JAN2421800CE.NFO,02/01/2024,09:15:13,0.8,0.8,49120,0.85,90880,36920,2694640
FINNIFTY02JAN2421800CE.NFO,02/01/2024,09:15:15,0.8,0.8,31800,0.85,167920,145880,2694640
FINNIFTY02JAN2421800CE.NFO,02/01/2024,09:15:17,0.8,0.8,61640,0.85,158520,94080,2694640
FINNIFTY02JAN2421800CE.NFO,02/01/2024,09:15:18,0.9,0.85,51880,0.9,120760,240160,2694640
FINNIFTY02JAN2421800CE.NFO,02/01/2024,09:15:20,0.8,0.8,93960,0.85,87320,68240,2694640
FINNIFTY02JAN2421800CE.NFO,02/01/2024,09:15:21,0.8,0.8,62760,0.85,99200,61760,2694640
FINNIFTY02JAN2421800CE.NFO,02/01/2024,09:15:23,0.75,0.75,112560,0.8,53480,84720,2694640
FINNIFTY02JAN2421800CE.NFO,02/01/2024,09:15:25,0.75,0.75,67160,0.8,113600,77200,2694640
FINNIFTY02JAN2421800CE.NFO,02/01/2024,09:15:26,0.75,0.7,211080,0.75,33960,124520,2694640
FINNIFTY02JAN2421800CE.NFO,02/01/2024,09:15:28,0.7,0.7,174200,0.75,44760,23600,2694640
FINNIFTY02JAN2421800CE.NFO,02/01/2024,09:15:30,0.75,0.75,33440,0.8,132920,91200,2694640
FINNIFTY02JAN2421800CE.NFO,02/01/2024,09:15:31,0.75,0.75,56200,0.8,123080,39560,2694640
FINNIFTY02JAN2421800CE.NFO,02/01/2024,09:15:33,0.75,0.75,46000,0.8,112600,31880,2694640
FINNIFTY02JAN2421800CE.NFO,02/01/2024,09:15:34,0.7,0.7,164120,0.75,88120,88240,2694640
FINNIFTY02JAN2421800CE.NFO,02/01/2024,09:15:36,0.7,0.7,154160,0.75,61040,75720,2694640
FINNIFTY02JAN2421800CE.NFO,02/01/2024,09:15:38,0.8,0.75,92600,0.8,116200,108280,2694640
FINNIFTY02JAN2421800CE.NFO,02/01/2024,09:15:39,0.75,0.75,89040,0.8,138040,66480,2694640
FINNIFTY02JAN2421800CE.NFO,02/01/2024,09:15:41,0.75,0.75,79600,0.8,112640,77560,2694640
FINNIFTY02JAN2421800CE.NFO,02/01/2024,09:15:43,0.75,0.75,79520,0.8,120000,29320,2694640
FINNIFTY02JAN2421800CE.NFO,02/01/2024,09:15:44,0.8,0.8,50800,0.85,116760,196760,2694640
FINNIFTY02JAN2421800CE.NFO,02/01/2024,09:15:46,0.8,0.8,63480,0.85,123080,37320,2694640
FINNIFTY02JAN2421800CE.NFO,02/01/2024,09:15:47,0.75,0.75,117480,0.8,71040,129040,2694640
FINNIFTY02JAN2421800CE.NFO,02/01/2024,09:15:49,0.8,0.8,43560,0.85,86760,64280,2694640
FINNIFTY02JAN2421800CE.NFO,02/01/2024,09:15:51,0.75,0.75,87040,0.8,86440,102120,2694640
FINNIFTY02JAN2421800CE.NFO,02/01/2024,09:15:52,0.75,0.75,103560,0.8,129080,26240,2694640
FINNIFTY02JAN2421800CE.NFO,02/01/2024,09:15:54,0.75,0.75,132040,0.8,161880,11640,2694640
FINNIFTY02JAN2421800CE.NFO,02/01/2024,09:15:56,0.75,0.75,126080,0.8,149960,30960,2694640
FINNIFTY02JAN2421800CE.NFO,02/01/2024,09:15:57,0.75,0.75,117320,0.8,186920,32640,2694640
FINNIFTY02JAN2421800CE.NFO,02/01/2024,09:15:59,0.8,0.75,208480,0.8,201600,33160,2694640
FINNIFTY02JAN2421800CE.NFO,02/01/2024,09:16:00,0.75,0.75,253520,0.8,292960,80520,2694640
FINNIFTY02JAN2421800CE.NFO,02/01/2024,09:16:02,0.75,0.75,56480,0.8,265960,68720,2694640
FINNIFTY02JAN2421800CE.NFO,02/01/2024,09:16:04,0.7,0.7,557320,0.75,149360,60320,2694640
FINNIFTY02JAN2421800CE.NFO,02/01/2024,09:16:05,0.7,0.7,550960,0.75,149160,16720,2694640
FINNIFTY02JAN2421800CE.NFO,02/01/2024,09:16:07,0.75,0.7,583840,0.75,149680,30880,2694640
FINNIFTY02JAN2421800CE.NFO,02/01/2024,09:16:09,0.75,0.75,31480,0.8,355200,135880,2694640
FINNIFTY02JAN2421800CE.NFO,02/01/2024,09:16:10,0.75,0.7,734160,0.75,101680,124360,2694640
FINNIFTY02JAN2421800CE.NFO,02/01/2024,09:16:12,0.75,0.75,48400,0.8,354120,69800,2694640
FINNIFTY02JAN2421800CE.NFO,02/01/2024,09:16:13,0.7,0.7,679280,0.75,102640,65440,2694640
FINNIFTY02JAN2421800CE.NFO,02/01/2024,09:16:15,0.8,0.75,105960,0.8,339880,54240,2694640
FINNIFTY02JAN2421800CE.NFO,02/01/2024,09:16:17,0.75,0.7,655600,0.75,146960,63560,2694640
FINNIFTY02JAN2421800CE.NFO,02/01/2024,09:16:18,0.75,0.75,15640,0.8,352880,47600,2694640
FINNIFTY02JAN2421800CE.NFO,02/01/2024,09:16:20,0.7,0.7,646640,0.75,320520,25840,2694640
FINNIFTY02JAN2421800CE.NFO,02/01/2024,09:16:21,0.7,0.7,648520,0.75,360280,29720,2694640
FINNIFTY02JAN2421800CE.NFO,02/01/2024,09:16:23,0.7,0.7,731200,0.75,498400,28480,2694640
FINNIFTY02JAN2421800CE.NFO,02/01/2024,09:16:25,0.7,0.7,769440,0.75,599000,64640,2694640
FINNIFTY02JAN2421800CE.NFO,02/01/2024,09:16:26,0.7,0.7,772280,0.75,685400,30160,2694640
FINNIFTY02JAN2421800CE.NFO,02/01/2024,09:16:28,0.7,0.7,762160,0.75,695400,17880,2694640
FINNIFTY02JAN2421800CE.NFO,02/01/2024,09:16:29,0.7,0.7,737640,0.75,693600,23880,2694640
FINNIFTY02JAN2421800CE.NFO,02/01/2024,09:16:31,0.7,0.7,649800,0.75,672360,59760,2694640
FINNIFTY02JAN2421800CE.NFO,02/01/2024,09:16:33,0.7,0.7,465320,0.75,671000,139360,2694640
FINNIFTY02JAN2421800CE.NFO,02/01/2024,09:16:34,0.75,0.7,45800,0.75,695600,328320,2694640
FINNIFTY02JAN2421800CE.NFO,02/01/2024,09:16:34,0.65,0.7,45800,0.75,695600,0,2694640
FINNIFTY02JAN2421800CE.NFO,02/01/2024,09:16:36,0.65,0.65,888360,0.7,149880,63000,2694640
FINNIFTY02JAN2421800CE.NFO,02/01/2024,09:16:38,0.7,0.65,881000,0.7,130840,45640,2694640
FINNIFTY02JAN2421800CE.NFO,02/01/2024,09:16:39,0.65,0.65,898880,0.7,167040,34640,2694640
FINNIFTY02JAN2421800CE.NFO,02/01/2024,09:16:41,0.7,0.7,343080,0.75,656120,236720,2694640
FINNIFTY02JAN2421800CE.NFO,02/01/2024,09:16:42,0.7,0.7,358640,0.75,654200,49880,2694640
FINNIFTY02JAN2421800CE.NFO,02/01/2024,09:16:44,0.7,0.7,359560,0.75,560440,64440,2694640
FINNIFTY02JAN2421800CE.NFO,02/01/2024,09:16:45,0.7,0.7,195920,0.75,587360,64680,2694640
FINNIFTY02JAN2421800CE.NFO,02/01/2024,09:16:47,0.7,0.7,310120,0.75,582280,17800,2694640
FINNIFTY02JAN2421800CE.NFO,02/01/2024,09:16:49,0.7,0.7,474240,0.75,637880,6200,2694640
FINNIFTY02JAN2421800CE.NFO,02/01/2024,09:16:50,0.75,0.7,454920,0.75,619880,55840,2694640
FINNIFTY02JAN2421800CE.NFO,02/01/2024,09:16:52,0.7,0.7,418560,0.75,622320,37200,2694640
FINNIFTY02JAN2421800CE.NFO,02/01/2024,09:16:53,0.7,0.7,237200,0.75,619400,131160,2694640
FINNIFTY02JAN2421800CE.NFO,02/01/2024,09:16:55,0.7,0.7,74160,0.75,570320,204440,2694640
FINNIFTY02JAN2421800CE.NFO,02/01/2024,09:16:57,0.7,0.65,1010520,0.7,100920,67160,2694640
FINNIFTY02JAN2421800CE.NFO,02/01/2024,09:16:58,0.75,0.7,115080,0.75,572080,98840,2694640
FINNIFTY02JAN2421800CE.NFO,02/01/2024,09:17:00,0.7,0.7,130520,0.75,504880,249920,2694640
FINNIFTY02JAN2421800CE.NFO,02/01/2024,09:17:02,0.7,0.7,355560,0.75,512720,21720,2694640
FINNIFTY02JAN2421800CE.NFO,02/01/2024,09:17:03,0.75,0.7,559720,0.75,504880,7880,2694640
FINNIFTY02JAN2421800CE.NFO,02/01/2024,09:17:05,0.75,0.7,591200,0.75,494040,8840,2694640
FINNIFTY02JAN2421800CE.NFO,02/01/2024,09:17:06,0.7,0.7,598040,0.75,497640,17960,2694640
FINNIFTY02JAN2421800CE.NFO,02/01/2024,09:17:08,0.75,0.7,600720,0.75,487520,5560,2694640
FINNIFTY02JAN2421800CE.NFO,02/01/2024,09:17:10,0.75,0.7,614280,0.75,492080,29240,2694640
FINNIFTY02JAN2421800CE.NFO,02/01/2024,09:17:11,0.75,0.7,616000,0.75,490920,6920,2694640
FINNIFTY02JAN2421800CE.NFO,02/01/2024,09:17:13,0.7,0.7,614360,0.75,488000,9240,2694640
FINNIFTY02JAN2421800CE.NFO,02/01/2024,09:17:14,0.7,0.7,642160,0.75,562920,35360,2694640
FINNIFTY02JAN2421800CE.NFO,02/01/2024,09:17:16,0.75,0.7,639600,0.75,562200,22440,2694640
FINNIFTY02JAN2421800CE.NFO,02/01/2024,09:17:18,0.7,0.7,643160,0.75,557320,4120,2694640
FINNIFTY02JAN2421800CE.NFO,02/01/2024,09:17:19,0.7,0.7,640320,0.75,647280,8160,2694640
FINNIFTY02JAN2421800CE.NFO,02/01/2024,09:17:21,0.75,0.7,639000,0.75,763560,7960,2694640
FINNIFTY02JAN2421800CE.NFO,02/01/2024,09:17:22,0.75,0.7,723160,0.75,760360,7960,4193120
FINNIFTY02JAN2421800CE.NFO,02/01/2024,09:17:24,0.75,0.7,273240,0.75,771080,439040,4193120
FINNIFTY02JAN2421800CE.NFO,02/01/2024,09:17:26,0.75,0.7,126720,0.75,758320,99800,4193120
FINNIFTY02JAN2421800CE.NFO,02/01/2024,09:17:27,0.7,0.65,1400840,0.7,369480,133760,4193120
FINNIFTY02JAN2421800CE.NFO,02/01/2024,09:17:29,0.75,0.7,593240,0.75,749440,543720,4193120
FINNIFTY02JAN2421800CE.NFO,02/01/2024,09:17:30,0.75,0.7,1761440,0.75,786680,21280,4193120
FINNIFTY02JAN2421800CE.NFO,02/01/2024,09:17:32,0.75,0.7,1753480,0.75,811080,20680,4193120
FINNIFTY02JAN2421800CE.NFO,02/01/2024,09:17:33,0.75,0.7,1753960,0.75,795880,14880,4193120
FINNIFTY02JAN2421800CE.NFO,02/01/2024,09:17:35,0.75,0.7,1749760,0.75,790920,11360,4193120
FINNIFTY02JAN2421800CE.NFO,02/01/2024,09:17:37,0.7,0.7,1745640,0.75,785760,15800,4193120
FINNIFTY02JAN2421800CE.NFO,02/01/2024,09:17:38,0.75,0.7,1699840,0.75,1165040,10600,4193120
FINNIFTY02JAN2421800CE.NFO,02/01/2024,09:17:40,0.75,0.7,818560,0.75,1160200,18520,4193120
FINNIFTY02JAN2421800CE.NFO,02/01/2024,09:17:42,0.75,0.7,48640,0.75,1118800,128880,4193120
FINNIFTY02JAN2421800CE.NFO,02/01/2024,09:17:43,0.75,0.7,99720,0.75,1027680,163640,4193120
FINNIFTY02JAN2421800CE.NFO,02/01/2024,09:17:45,0.75,0.7,301840,0.75,1022600,12320,4193120
FINNIFTY02JAN2421800CE.NFO,02/01/2024,09:17:46,0.75,0.7,391960,0.75,1010760,18640,4193120
FINNIFTY02JAN2421800CE.NFO,02/01/2024,09:17:48,0.75,0.7,380640,0.75,1007480,27600,4193120
FINNIFTY02JAN2421800CE.NFO,02/01/2024,09:17:49,0.75,0.7,431440,0.75,998240,35040,4193120
FINNIFTY02JAN2421800CE.NFO,02/01/2024,09:17:51,0.75,0.7,507200,0.75,978560,19360,4193120
FINNIFTY02JAN2421800CE.NFO,02/01/2024,09:17:53,0.75,0.7,638120,0.75,1018040,54360,4193120
FINNIFTY02JAN2421800CE.NFO,02/01/2024,09:17:54,0.75,0.7,662040,0.75,1007240,27200,4193120
FINNIFTY02JAN2421800CE.NFO,02/01/2024,09:17:56,0.75,0.7,666640,0.75,1018960,53160,4193120
FINNIFTY02JAN2421800CE.NFO,02/01/2024,09:17:57,0.75,0.7,650360,0.75,1088560,32080,4193120
FINNIFTY02JAN2421800CE.NFO,02/01/2024,09:17:59,0.75,0.7,674720,0.75,1121800,20960,4193120
FINNIFTY02JAN2421800CE.NFO,02/01/2024,09:18:01,0.75,0.7,648000,0.75,1113560,16560,4193120
FINNIFTY02JAN2421800CE.NFO,02/01/2024,09:18:02,0.7,0.7,626760,0.75,1101160,39160,4193120
FINNIFTY02JAN2421800CE.NFO,02/01/2024,09:18:04,0.75,0.7,608360,0.75,1089960,12600,4193120
FINNIFTY02JAN2421800CE.NFO,02/01/2024,09:18:05,0.75,0.7,428760,0.75,1082880,13240,4193120
FINNIFTY02JAN2421800CE.NFO,02/01/2024,09:18:07,0.75,0.7,349000,0.75,1061640,24760,4193120
FINNIFTY02JAN2421800CE.NFO,02/01/2024,09:18:09,0.7,0.7,165280,0.75,981080,192520,4193120
FINNIFTY02JAN2421800CE.NFO,02/01/2024,09:18:10,0.75,0.7,177600,0.75,973280,38840,4193120
FINNIFTY02JAN2421800CE.NFO,02/01/2024,09:18:12,0.7,0.7,159240,0.75,974800,13440,4193120
FINNIFTY02JAN2421800CE.NFO,02/01/2024,09:18:14,0.7,0.7,156080,0.75,969560,15120,4193120
FINNIFTY02JAN2421800CE.NFO,02/01/2024,09:18:15,0.7,0.7,141360,0.75,975840,11560,4193120
FINNIFTY02JAN2421800CE.NFO,02/01/2024,09:18:17,0.7,0.7,122400,0.75,984320,31840,4193120
FINNIFTY02JAN2421800CE.NFO,02/01/2024,09:18:19,0.75,0.7,118920,0.75,984200,6680,4193120
FINNIFTY02JAN2421800CE.NFO,02/01/2024,09:18:20,0.75,0.7,104440,0.75,973240,20040,4193120
FINNIFTY02JAN2421800CE.NFO,02/01/2024,09:18:22,0.7,0.7,157600,0.75,987880,28520,4193120
FINNIFTY02JAN2421800CE.NFO,02/01/2024,09:18:24,0.75,0.7,210240,0.75,988080,14760,4193120
FINNIFTY02JAN2421800CE.NFO,02/01/2024,09:18:25,0.7,0.7,195000,0.75,982680,33160,4193120
FINNIFTY02JAN2421800CE.NFO,02/01/2024,09:18:27,0.75,0.7,171600,0.75,944680,47200,4193120
FINNIFTY02JAN2421800CE.NFO,02/01/2024,09:18:28,0.7,0.7,150680,0.75,910960,59080,4193120
FINNIFTY02JAN2421800CE.NFO,02/01/2024,09:18:30,0.7,0.7,140320,0.75,884360,18920,4193120
FINNIFTY02JAN2421800CE.NFO,02/01/2024,09:18:32,0.7,0.7,135040,0.75,893320,33720,4193120
FINNIFTY02JAN2421800CE.NFO,02/01/2024,09:18:33,0.7,0.7,131400,0.75,898640,8280,4193120
FINNIFTY02JAN2421800CE.NFO,02/01/2024,09:18:35,0.75,0.7,103040,0.75,887000,41880,4193120
FINNIFTY02JAN2421800CE.NFO,02/01/2024,09:18:36,0.7,0.7,75280,0.75,923040,13360,4193120
FINNIFTY02JAN2421800CE.NFO,02/01/2024,09:18:38,0.7,0.7,77520,0.75,921280,7800,4193120
FINNIFTY02JAN2421800CE.NFO,02/01/2024,09:18:40,0.75,0.7,50080,0.75,933360,15880,4193120
FINNIFTY02JAN2421800CE.NFO,02/01/2024,09:18:41,0.7,0.65,1434280,0.7,241160,220920,4193120
FINNIFTY02JAN2421800CE.NFO,02/01/2024,09:18:43,0.65,0.65,1432000,0.7,273040,21760,4193120
FINNIFTY02JAN2421800CE.NFO,02/01/2024,09:18:44,0.65,0.65,1432360,0.7,526360,4560,4193120
FINNIFTY02JAN2421800CE.NFO,02/01/2024,09:18:46,0.7,0.65,1427200,0.7,559560,12280,4193120
FINNIFTY02JAN2421800CE.NFO,02/01/2024,09:18:48,0.75,0.7,1332680,0.75,652840,656360,4193120
FINNIFTY02JAN2421800CE.NFO,02/01/2024,09:18:49,0.7,0.7,1661400,0.75,700160,6960,4193120
FINNIFTY02JAN2421800CE.NFO,02/01/2024,09:18:51,0.7,0.7,1651400,0.75,676280,31080,4193120
FINNIFTY02JAN2421800CE.NFO,02/01/2024,09:18:53,0.7,0.7,1633720,0.75,682440,37200,4193120
FINNIFTY02JAN2421800CE.NFO,02/01/2024,09:18:54,0.7,0.7,1625720,0.75,679120,11880,4193120
FINNIFTY02JAN2421800CE.NFO,02/01/2024,09:18:56,0.7,0.7,1620880,0.75,773520,9320,4193120
FINNIFTY02JAN2421800CE.NFO,02/01/2024,09:18:57,0.75,0.7,2471080,0.75,626280,93160,4193120
FINNIFTY02JAN2421800CE.NFO,02/01/2024,09:18:59,0.75,0.7,3586360,0.75,880280,15560,4193120
FINNIFTY02JAN2421800CE.NFO,02/01/2024,09:19:01,0.7,0.7,3579520,0.75,880120,11080,4193120
FINNIFTY02JAN2421800CE.NFO,02/01/2024,09:19:02,0.75,0.7,3576600,0.75,878640,5000,4193120
FINNIFTY02JAN2421800CE.NFO,02/01/2024,09:19:04,0.75,0.7,3563000,0.75,1058080,17160,4193120
FINNIFTY02JAN2421800CE.NFO,02/01/2024,09:19:05,0.75,0.7,3563400,0.75,1060240,2880,4193120
FINNIFTY02JAN2421800CE.NFO,02/01/2024,09:19:07,0.7,0.7,3555680,0.75,1059680,13320,4193120
FINNIFTY02JAN2421800CE.NFO,02/01/2024,09:19:09,0.75,0.7,3553200,0.75,1245800,8080,4193120
FINNIFTY02JAN2421800CE.NFO,02/01/2024,09:19:10,0.7,0.7,3548080,0.75,1243560,720,4193120
FINNIFTY02JAN2421800CE.NFO,02/01/2024,09:19:12,0.7,0.7,3548080,0.75,1234720,14480,4193120
FINNIFTY02JAN2421800CE.NFO,02/01/2024,09:19:14,0.7,0.7,3544960,0.75,1233280,20000,4193120
FINNIFTY02JAN2421800CE.NFO,02/01/2024,09:19:15,0.75,0.7,3543440,0.75,1231400,3800,4193120
FINNIFTY02JAN2421800CE.NFO,02/01/2024,09:19:17,0.7,0.7,3543280,0.75,1229320,4240,4193120
FINNIFTY02JAN2421800CE.NFO,02/01/2024,09:19:18,0.75,0.7,3519360,0.75,1227120,4200,4193120
FINNIFTY02JAN2421800CE.NFO,02/01/2024,09:19:20,0.7,0.7,3516960,0.75,1223320,5160,4193120
FINNIFTY02JAN2421800CE.NFO,02/01/2024,09:19:22,0.75,0.7,3520400,0.75,1216280,5280,4193120
FINNIFTY02JAN2421800CE.NFO,02/01/2024,09:19:23,0.75,0.7,3519000,0.75,1219280,10480,4193120
FINNIFTY02JAN2421800CE.NFO,02/01/2024,09:19:25,0.7,0.7,3515240,0.75,1194680,36720,4193120
FINNIFTY02JAN2421800CE.NFO,02/01/2024,09:19:26,0.75,0.7,3514840,0.75,1195480,1600,4193120
FINNIFTY02JAN2421800CE.NFO,02/01/2024,09:19:28,0.7,0.7,3507120,0.75,1183720,17240,4193120
FINNIFTY02JAN2421800CE.NFO,02/01/2024,09:19:31,0.7,0.7,3499040,0.75,1154440,37960,4193120
FINNIFTY02JAN2421800CE.NFO,02/01/2024,09:19:33,0.7,0.7,3480840,0.75,1142440,4320,4193120
FINNIFTY02JAN2421800CE.NFO,02/01/2024,09:19:34,0.7,0.7,3488480,0.75,1156920,8760,4193120
FINNIFTY02JAN2421800CE.NFO,02/01/2024,09:19:36,0.7,0.7,3488160,0.75,1171040,5160,4193120
FINNIFTY02JAN2421800CE.NFO,02/01/2024,09:19:38,0.7,0.7,3477440,0.75,1172080,12200,4193120
FINNIFTY02JAN2421800CE.NFO,02/01/2024,09:19:39,0.7,0.7,3475760,0.75,1171120,6400,4193120
FINNIFTY02JAN2421800CE.NFO,02/01/2024,09:19:41,0.7,0.7,3475240,0.75,1170160,4560,4193120
FINNIFTY02JAN2421800CE.NFO,02/01/2024,09:19:43,0.7,0.7,3481920,0.75,1188040,3520,4193120
FINNIFTY02JAN2421800CE.NFO,02/01/2024,09:19:44,0.75,0.7,3476400,0.75,1188760,6600,4193120
FINNIFTY02JAN2421800CE.NFO,02/01/2024,09:19:46,0.75,0.7,3482800,0.75,1183360,5800,4193120
FINNIFTY02JAN2421800CE.NFO,02/01/2024,09:19:48,0.75,0.7,3477360,0.75,1177960,9160,4193120
FINNIFTY02JAN2421800CE.NFO,02/01/2024,09:19:49,0.7,0.7,3475440,0.75,1175600,6440,4193120
FINNIFTY02JAN2421800CE.NFO,02/01/2024,09:19:51,0.75,0.7,3473920,0.75,1281240,2120,4193120
FINNIFTY02JAN2421800CE.NFO,02/01/2024,09:19:53,0.75,0.7,3472320,0.75,1285640,5800,4193120
FINNIFTY02JAN2421800CE.NFO,02/01/2024,09:19:54,0.7,0.7,3467640,0.75,1285160,8280,4193120
FINNIFTY02JAN2421800CE.NFO,02/01/2024,09:19:56,0.75,0.7,3454680,0.75,1281080,14240,4193120
FINNIFTY02JAN2421800CE.NFO,02/01/2024,09:19:58,0.75,0.7,3450520,0.75,1283240,5960,4193120
FINNIFTY02JAN2421800CE.NFO,02/01/2024,09:19:59,0.7,0.7,3446600,0.75,1271080,17560,4193120
FINNIFTY02JAN2421800CE.NFO,02/01/2024,09:20:01,0.7,0.7,3441040,0.75,1260120,20800,4193120
FINNIFTY02JAN2421800CE.NFO,02/01/2024,09:20:03,0.7,0.7,3427800,0.75,1250680,25640,4193120
FINNIFTY02JAN2421800CE.NFO,02/01/2024,09:20:04,0.7,0.7,3391840,0.75,1261280,25920,4193120
FINNIFTY02JAN2421800CE.NFO,02/01/2024,09:20:06,0.7,0.7,3369880,0.75,1251360,33880,4193120
FINNIFTY02JAN2421800CE.NFO,02/01/2024,09:20:08,0.7,0.7,3377360,0.75,1246480,16680,4193120
FINNIFTY02JAN2421800CE.NFO,02/01/2024,09:20:09,0.75,0.7,3349400,0.75,1244480,30400,4193120
FINNIFTY02JAN2421800CE.NFO,02/01/2024,09:20:11,0.7,0.7,3346360,0.75,1235840,6040,4193120
FINNIFTY02JAN2421800CE.NFO,02/01/2024,09:20:13,0.7,0.7,3357720,0.75,1242160,1360,4193120
FINNIFTY02JAN2421800CE.NFO,02/01/2024,09:20:14,0.7,0.7,3346520,0.75,1242720,10240,4193120
FINNIFTY02JAN2421800CE.NFO,02/01/2024,09:20:16,0.7,0.7,3342720,0.75,1209280,15280,4193120
FINNIFTY02JAN2421800CE.NFO,02/01/2024,09:20:18,0.7,0.7,3341680,0.75,1223480,2440,4193120
FINNIFTY02JAN2421800CE.NFO,02/01/2024,09:20:19,0.75,0.7,3344760,0.75,1232640,3280,4193120
FINNIFTY02JAN2421800CE.NFO,02/01/2024,09:20:21,0.75,0.7,3334760,0.75,1205560,10800,4193120
FINNIFTY02JAN2421800CE.NFO,02/01/2024,09:20:23,0.7,0.7,3324920,0.75,1182600,14320,4193120
FINNIFTY02JAN2421800CE.NFO,02/01/2024,09:20:24,0.7,0.7,3319560,0.75,1179400,6680,4905160
FINNIFTY02JAN2421800CE.NFO,02/01/2024,09:20:26,0.75,0.7,3319920,0.75,1200240,840,4905160
FINNIFTY02JAN2421800CE.NFO,02/01/2024,09:20:28,0.75,0.7,3315080,0.75,1192640,15120,4905160
FINNIFTY02JAN2421800CE.NFO,02/01/2024,09:20:29,0.75,0.7,3311800,0.75,1187760,5000,4905160
FINNIFTY02JAN2421800CE.NFO,02/01/2024,09:20:30,0.7,0.7,3312280,0.75,1190840,1080,4905160
FINNIFTY02JAN2421800CE.NFO,02/01/2024,09:20:32,0.7,0.7,3305120,0.75,1191560,8120,4905160
FINNIFTY02JAN2421800CE.NFO,02/01/2024,09:20:34,0.7,0.7,3305440,0.75,1188520,6720,4905160
FINNIFTY02JAN2421800CE.NFO,02/01/2024,09:20:35,0.7,0.7,3292800,0.75,1186720,15200,4905160
FINNIFTY02JAN2421800CE.NFO,02/01/2024,09:20:37,0.75,0.7,3287880,0.75,1187280,5720,4905160
FINNIFTY02JAN2421800CE.NFO,02/01/2024,09:20:39,0.7,0.7,3286960,0.75,1185200,3640,4905160
FINNIFTY02JAN2421800CE.NFO,02/01/2024,09:20:40,0.75,0.7,3283960,0.75,1183360,6400,4905160
FINNIFTY02JAN2421800CE.NFO,02/01/2024,09:20:42,0.75,0.7,3265920,0.75,1180160,21880,4905160
FINNIFTY02JAN2421800CE.NFO,02/01/2024,09:20:44,0.7,0.7,3248000,0.75,1175600,18480,4905160
FINNIFTY02JAN2421800CE.NFO,02/01/2024,09:20:45,0.7,0.7,3233040,0.75,1175280,15080,4905160
FINNIFTY02JAN2421800CE.NFO,02/01/2024,09:20:47,0.75,0.7,3235280,0.75,1171000,2520,4905160
FINNIFTY02JAN2421800CE.NFO,02/01/2024,09:20:49,0.75,0.7,3234760,0.75,1170920,7600,4905160
FINNIFTY02JAN2421800CE.NFO,02/01/2024,09:20:50,0.7,0.7,3227560,0.75,1169800,8480,4905160
FINNIFTY02JAN2421800CE.NFO,02/01/2024,09:20:52,0.7,0.7,3224600,0.75,1167160,5600,4905160
FINNIFTY02JAN2421800CE.NFO,02/01/2024,09:20:54,0.7,0.7,3222160,0.75,1168240,6320,4905160
FINNIFTY02JAN2421800CE.NFO,02/01/2024,09:20:55,0.7,0.7,3219840,0.75,1168400,2440,4905160
FINNIFTY02JAN2421800CE.NFO,02/01/2024,09:20:57,0.75,0.7,3213920,0.75,1167400,8480,4905160
FINNIFTY02JAN2421800CE.NFO,02/01/2024,09:20:59,0.7,0.7,3205640,0.75,1166640,9400,4905160
FINNIFTY02JAN2421800CE.NFO,02/01/2024,09:21:00,0.75,0.7,3180960,0.75,1166160,26440,4905160
FINNIFTY02JAN2421800CE.NFO,02/01/2024,09:21:02,0.75,0.7,3145680,0.75,1160920,46400,4905160
FINNIFTY02JAN2421800CE.NFO,02/01/2024,09:21:04,0.7,0.7,3141080,0.75,1126160,11520,4905160
FINNIFTY02JAN2421800CE.NFO,02/01/2024,09:21:05,0.7,0.7,3134360,0.75,1136960,11880,4905160
FINNIFTY02JAN2421800CE.NFO,02/01/2024,09:21:07,0.7,0.7,3113520,0.75,1139280,27640,4905160
FINNIFTY02JAN2421800CE.NFO,02/01/2024,09:21:09,0.7,0.7,3150880,0.75,1122360,36200,4905160
FINNIFTY02JAN2421800CE.NFO,02/01/2024,09:21:10,0.7,0.7,3155720,0.75,1118840,3960,4905160
FINNIFTY02JAN2421800CE.NFO,02/01/2024,09:21:12,0.7,0.7,3133320,0.75,1126600,29000,4905160
FINNIFTY02JAN2421800CE.NFO,02/01/2024,09:21:14,0.75,0.7,3129680,0.75,1125960,6840,4905160
FINNIFTY02JAN2421800CE.NFO,02/01/2024,09:21:15,0.75,0.7,3066160,0.75,1112160,9040,4905160
FINNIFTY02JAN2421800CE.NFO,02/01/2024,09:21:17,0.7,0.7,3071320,0.75,1117200,4920,4905160
FINNIFTY02JAN2421800CE.NFO,02/01/2024,09:21:19,0.7,0.7,3070760,0.75,1125720,1960,4905160
FINNIFTY02JAN2421800CE.NFO,02/01/2024,09:21:20,0.7,0.7,3048160,0.75,1130400,24200,4905160
FINNIFTY02JAN2421800CE.NFO,02/01/2024,09:21:22,0.7,0.7,3032480,0.75,1128800,18160,4905160
FINNIFTY02JAN2421800CE.NFO,02/01/2024,09:21:24,0.75,0.7,3024520,0.75,1122000,14160,4905160
FINNIFTY02JAN2421800CE.NFO,02/01/2024,09:21:25,0.75,0.7,3014760,0.75,1122200,16720,4905160
FINNIFTY02JAN2421800CE.NFO,02/01/2024,09:21:27,0.75,0.7,3007320,0.75,1115400,13960,4905160
FINNIFTY02JAN2421800CE.NFO,02/01/2024,09:21:29,0.75,0.7,2989240,0.75,1079240,44520,4905160
FINNIFTY02JAN2421800CE.NFO,02/01/2024,09:21:30,0.75,0.7,2996840,0.75,1053680,32920,4905160
FINNIFTY02JAN2421800CE.NFO,02/01/2024,09:21:32,0.7,0.7,3016680,0.75,1249360,1760,4905160
FINNIFTY02JAN2421800CE.NFO,02/01/2024,09:21:34,0.75,0.7,3012920,0.75,1233320,16760,4905160
FINNIFTY02JAN2421800CE.NFO,02/01/2024,09:21:35,0.7,0.7,3003520,0.75,1240440,4560,4905160
FINNIFTY02JAN2421800CE.NFO,02/01/2024,09:21:37,0.7,0.7,3003440,0.75,1234480,8880,4905160
FINNIFTY02JAN2421800CE.NFO,02/01/2024,09:21:39,0.75,0.7,3001800,0.75,1234200,3320,4905160
FINNIFTY02JAN2421800CE.NFO,02/01/2024,09:21:40,0.7,0.7,2997560,0.75,1229160,9040,4905160
FINNIFTY02JAN2421800CE.NFO,02/01/2024,09:21:42,0.7,0.7,2982280,0.75,1221920,2720,4905160
FINNIFTY02JAN2421800CE.NFO,02/01/2024,09:21:44,0.75,0.7,2956720,0.75,1220400,32160,4905160
FINNIFTY02JAN2421800CE.NFO,02/01/2024,09:21:45,0.7,0.7,2955360,0.75,1218480,3440,4905160
FINNIFTY02JAN2421800CE.NFO,02/01/2024,09:21:47,0.7,0.7,2956640,0.75,1216920,2120,4905160
FINNIFTY02JAN2421800CE.NFO,02/01/2024,09:21:49,0.7,0.7,2956600,0.75,1218280,1080,4905160
FINNIFTY02JAN2421800CE.NFO,02/01/2024,09:21:50,0.7,0.7,2952240,0.75,1203360,6880,4905160
FINNIFTY02JAN2421800CE.NFO,02/01/2024,09:21:52,0.75,0.7,2955680,0.75,1094440,11960,4905160
FINNIFTY02JAN2421800CE.NFO,02/01/2024,09:21:54,0.7,0.7,2954000,0.75,1005960,3320,4905160
FINNIFTY02JAN2421800CE.NFO,02/01/2024,09:21:55,0.75,0.7,2949040,0.75,923480,5840,4905160
FINNIFTY02JAN2421800CE.NFO,02/01/2024,09:21:57,0.7,0.7,2954320,0.75,817880,2840,4905160
FINNIFTY02JAN2421800CE.NFO,02/01/2024,09:21:59,0.7,0.7,2954040,0.75,719720,17040,4905160
FINNIFTY02JAN2421800CE.NFO,02/01/2024,09:22:00,0.75,0.7,2953640,0.75,600320,32600,4905160
FINNIFTY02JAN2421800CE.NFO,02/01/2024,09:22:02,0.75,0.7,2950280,0.75,486640,34640,4905160
FINNIFTY02JAN2421800CE.NFO,02/01/2024,09:22:04,0.7,0.7,2946640,0.75,445440,6560,4905160
FINNIFTY02JAN2421800CE.NFO,02/01/2024,09:22:05,0.7,0.7,2938440,0.75,444040,8800,4905160
FINNIFTY02JAN2421800CE.NFO,02/01/2024,09:22:07,0.75,0.7,2937560,0.75,428040,3920,4905160
FINNIFTY02JAN2421800CE.NFO,02/01/2024,09:22:09,0.7,0.7,2937440,0.75,422320,7920,4905160
FINNIFTY02JAN2421800CE.NFO,02/01/2024,09:22:10,0.7,0.7,2935280,0.75,397400,36640,4905160
FINNIFTY02JAN2421800CE.NFO,02/01/2024,09:22:12,0.7,0.7,2934840,0.75,415320,21560,4905160
FINNIFTY02JAN2421800CE.NFO,02/01/2024,09:22:14,0.7,0.7,2914440,0.75,434040,24440,4905160
FINNIFTY02JAN2421800CE.NFO,02/01/2024,09:22:15,0.75,0.7,2905680,0.75,421760,10120,4905160
FINNIFTY02JAN2421800CE.NFO,02/01/2024,09:22:17,0.7,0.7,2902640,0.75,538360,5200,4905160
FINNIFTY02JAN2421800CE.NFO,02/01/2024,09:22:19,0.75,0.7,2902840,0.75,545520,2960,4905160
FINNIFTY02JAN2421800CE.NFO,02/01/2024,09:22:20,0.75,0.7,2901360,0.75,523080,4520,4905160
FINNIFTY02JAN2421800CE.NFO,02/01/2024,09:22:22,0.75,0.7,2900080,0.75,536800,4120,4905160
FINNIFTY02JAN2421800CE.NFO,02/01/2024,09:22:24,0.75,0.7,3348800,0.75,536040,12320,4905160
FINNIFTY02JAN2421800CE.NFO,02/01/2024,09:22:25,0.75,0.7,3349520,0.75,517040,2440,4905160
FINNIFTY02JAN2421800CE.NFO,02/01/2024,09:22:27,0.75,0.7,3321040,0.75,521280,34840,4905160
FINNIFTY02JAN2421800CE.NFO,02/01/2024,09:22:28,0.7,0.7,3311040,0.75,519200,13160,4905160
FINNIFTY02JAN2421800CE.NFO,02/01/2024,09:22:30,0.75,0.7,3309880,0.75,527320,2880,4905160
FINNIFTY02JAN2421800CE.NFO,02/01/2024,09:22:32,0.75,0.7,3307600,0.75,522280,4120,4905160
FINNIFTY02JAN2421800CE.NFO,02/01/2024,09:22:33,0.75,0.7,3306400,0.75,523640,1560,4905160
FINNIFTY02JAN2421800CE.NFO,02/01/2024,09:22:35,0.7,0.7,3299520,0.75,521480,5240,4905160
FINNIFTY02JAN2421800CE.NFO,02/01/2024,09:22:37,0.75,0.7,3312600,0.75,480680,16200,4905160
FINNIFTY02JAN2421800CE.NFO,02/01/2024,09:22:38,0.75,0.7,3311680,0.75,492720,23160,4905160
FINNIFTY02JAN2421800CE.NFO,02/01/2024,09:22:40,0.75,0.7,3286640,0.75,484320,27080,4905160
FINNIFTY02JAN2421800CE.NFO,02/01/2024,09:22:41,0.7,0.7,3283240,0.75,483520,4200,4905160
FINNIFTY02JAN2421800CE.NFO,02/01/2024,09:22:43,0.75,0.7,3279560,0.75,450480,13720,4905160
FINNIFTY02JAN2421800CE.NFO,02/01/2024,09:22:45,0.75,0.7,3255840,0.75,582240,38400,4905160
FINNIFTY02JAN2421800CE.NFO,02/01/2024,09:22:46,0.75,0.7,3251080,0.75,528840,25160,4905160
FINNIFTY02JAN2421800CE.NFO,02/01/2024,09:22:48,0.75,0.7,3249760,0.75,552960,5280,4905160
FINNIFTY02JAN2421800CE.NFO,02/01/2024,09:22:50,0.75,0.7,3245520,0.75,537920,13000,4905160
FINNIFTY02JAN2421800CE.NFO,02/01/2024,09:22:51,0.75,0.7,3245880,0.75,509200,3440,4905160
FINNIFTY02JAN2421800CE.NFO,02/01/2024,09:22:53,0.7,0.7,3244480,0.75,534840,4520,4905160
FINNIFTY02JAN2421800CE.NFO,02/01/2024,09:22:54,0.7,0.7,3240400,0.75,535920,6720,4905160
FINNIFTY02JAN2421800CE.NFO,02/01/2024,09:22:56,0.7,0.7,3237400,0.75,496080,10880,4905160
FINNIFTY02JAN2421800CE.NFO,02/01/2024,09:22:58,0.75,0.7,3228000,0.75,509640,13560,4905160
FINNIFTY02JAN2421800CE.NFO,02/01/2024,09:22:59,0.75,0.7,4073440,0.75,429120,41800,4905160
FINNIFTY02JAN2421800CE.NFO,02/01/2024,09:23:01,0.7,0.7,5182320,0.75,484960,15240,4905160
FINNIFTY02JAN2421800CE.NFO,02/01/2024,09:23:03,0.7,0.7,5146440,0.75,494960,44120,4905160
FINNIFTY02JAN2421800CE.NFO,02/01/2024,09:23:04,0.7,0.7,5128080,0.75,496360,19240,4905160
FINNIFTY02JAN2421800CE.NFO,02/01/2024,09:23:06,0.75,0.7,5106360,0.75,492240,26040,4905160
FINNIFTY02JAN2421800CE.NFO,02/01/2024,09:23:07,0.7,0.7,4127240,0.75,461240,93560,4905160
FINNIFTY02JAN2421800CE.NFO,02/01/2024,09:23:09,0.75,0.7,2409120,0.75,464320,2880,4905160
FINNIFTY02JAN2421800CE.NFO,02/01/2024,09:23:11,0.7,0.7,1499480,0.75,471760,5280,4905160
FINNIFTY02JAN2421800CE.NFO,02/01/2024,09:23:12,0.75,0.7,239040,0.75,451280,21680,4905160
FINNIFTY02JAN2421800CE.NFO,02/01/2024,09:23:14,0.7,0.7,259120,0.75,433160,25160,4905160
FINNIFTY02JAN2421800CE.NFO,02/01/2024,09:23:15,0.7,0.7,244800,0.75,459360,17240,4905160
FINNIFTY02JAN2421800CE.NFO,02/01/2024,09:23:17,0.7,0.7,204120,0.75,460280,6200,4905160
FINNIFTY02JAN2421800CE.NFO,02/01/2024,09:23:19,0.75,0.7,246640,0.75,459960,6280,4905160
FINNIFTY02JAN2421800CE.NFO,02/01/2024,09:23:20,0.75,0.7,240400,0.75,454720,4880,4905160
FINNIFTY02JAN2421800CE.NFO,02/01/2024,09:23:22,0.7,0.7,239720,0.75,462840,11720,4905160
FINNIFTY02JAN2421800CE.NFO,02/01/2024,09:23:23,0.7,0.7,242480,0.75,461600,3360,5740280
FINNIFTY02JAN2421800CE.NFO,02/01/2024,09:23:25,0.7,0.7,172040,0.75,462120,27560,5740280
FINNIFTY02JAN2421800CE.NFO,02/01/2024,09:23:27,0.7,0.7,220520,0.75,460880,14160,5740280
FINNIFTY02JAN2421800CE.NFO,02/01/2024,09:23:28,0.7,0.7,231840,0.75,462600,9120,5740280
FINNIFTY02JAN2421800CE.NFO,02/01/2024,09:23:30,0.75,0.7,217320,0.75,422080,31360,5740280
FINNIFTY02JAN2421800CE.NFO,02/01/2024,09:23:32,0.7,0.7,214640,0.75,408160,29880,5740280
FINNIFTY02JAN2421800CE.NFO,02/01/2024,09:23:34,0.75,0.7,226760,0.75,403760,2760,5740280
FINNIFTY02JAN2421800CE.NFO,02/01/2024,09:23:35,0.75,0.7,245960,0.75,396080,34920,5740280
FINNIFTY02JAN2421800CE.NFO,02/01/2024,09:23:37,0.75,0.7,266880,0.75,399080,3120,5740280
FINNIFTY02JAN2421800CE.NFO,02/01/2024,09:23:39,0.75,0.7,257280,0.75,398520,24320,5740280
FINNIFTY02JAN2421800CE.NFO,02/01/2024,09:23:40,0.7,0.7,385920,0.75,405240,22480,5740280
FINNIFTY02JAN2421800CE.NFO,02/01/2024,09:23:42,0.7,0.7,390360,0.75,404200,14880,5740280
FINNIFTY02JAN2421800CE.NFO,02/01/2024,09:23:44,0.75,0.7,392240,0.75,402200,3920,5740280
FINNIFTY02JAN2421800CE.NFO,02/01/2024,09:23:45,0.7,0.7,392160,0.75,398560,320,5740280
FINNIFTY02JAN2421800CE.NFO,02/01/2024,09:23:47,0.75,0.7,388720,0.75,396560,3480,5740280
FINNIFTY02JAN2421800CE.NFO,02/01/2024,09:23:49,0.75,0.7,383480,0.75,396480,9680,5740280
FINNIFTY02JAN2421800CE.NFO,02/01/2024,09:23:50,0.7,0.7,349520,0.75,390400,45560,5740280
FINNIFTY02JAN2421800CE.NFO,02/01/2024,09:23:52,0.75,0.7,272960,0.75,389560,4120,5740280
FINNIFTY02JAN2421800CE.NFO,02/01/2024,09:23:54,0.75,0.7,90880,0.75,399440,12160,5740280
FINNIFTY02JAN2421800CE.NFO,02/01/2024,09:23:55,0.7,0.7,126760,0.75,413200,20160,5740280
FINNIFTY02JAN2421800CE.NFO,02/01/2024,09:23:57,0.75,0.7,117160,0.75,412840,11320,5740280
FINNIFTY02JAN2421800CE.NFO,02/01/2024,09:23:59,0.7,0.7,120280,0.75,416440,4720,5740280
FINNIFTY02JAN2421800CE.NFO,02/01/2024,09:24:00,0.7,0.7,137680,0.75,414360,3560,5740280
FINNIFTY02JAN2421800CE.NFO,02/01/2024,09:24:02,0.75,0.7,129400,0.75,420720,12920,5740280
FINNIFTY02JAN2421800CE.NFO,02/01/2024,09:24:04,0.7,0.7,124880,0.75,425520,4240,5740280
FINNIFTY02JAN2421800CE.NFO,02/01/2024,09:24:05,0.65,0.65,1387440,0.7,141760,82400,5740280
FINNIFTY02JAN2421800CE.NFO,02/01/2024,09:24:07,0.65,0.65,1409280,0.7,106360,89080,5740280
FINNIFTY02JAN2421800CE.NFO,02/01/2024,09:24:09,0.7,0.65,1389240,0.7,171000,23120,5740280
FINNIFTY02JAN2421800CE.NFO,02/01/2024,09:24:10,0.65,0.65,1375360,0.7,176960,24920,5740280
FINNIFTY02JAN2421800CE.NFO,02/01/2024,09:24:12,0.65,0.65,3121960,0.7,159800,4360,5740280
FINNIFTY02JAN2421800CE.NFO,02/01/2024,09:24:14,0.65,0.65,3358560,0.7,164920,20680,5740280
FINNIFTY02JAN2421800CE.NFO,02/01/2024,09:24:15,0.7,0.65,4211400,0.7,193360,31920,5740280
FINNIFTY02JAN2421800CE.NFO,02/01/2024,09:24:17,0.65,0.65,5082040,0.7,209280,5760,5740280
FINNIFTY02JAN2421800CE.NFO,02/01/2024,09:24:19,0.65,0.65,5327880,0.7,201160,8360,5740280
FINNIFTY02JAN2421800CE.NFO,02/01/2024,09:24:20,0.65,0.65,5323640,0.7,208640,11680,5740280
FINNIFTY02JAN2421800CE.NFO,02/01/2024,09:24:22,0.65,0.65,5317680,0.7,204480,6040,5740280
FINNIFTY02JAN2421800CE.NFO,02/01/2024,09:24:24,0.7,0.65,5319840,0.7,209160,240,5740280
FINNIFTY02JAN2421800CE.NFO,02/01/2024,09:24:25,0.7,0.65,5318080,0.7,232480,1920,5740280
FINNIFTY02JAN2421800CE.NFO,02/01/2024,09:24:27,0.7,0.65,5317600,0.7,228680,7680,5740280
FINNIFTY02JAN2421800CE.NFO,02/01/2024,09:24:29,0.65,0.65,5315480,0.7,241360,6920,5740280
FINNIFTY02JAN2421800CE.NFO,02/01/2024,09:24:30,0.7,0.65,5313920,0.7,228720,3120,5740280
FINNIFTY02JAN2421800CE.NFO,02/01/2024,09:24:32,0.7,0.65,5315240,0.7,213720,17440,5740280
FINNIFTY02JAN2421800CE.NFO,02/01/2024,09:24:34,0.7,0.65,5314800,0.7,197600,6040,5740280
FINNIFTY02JAN2421800CE.NFO,02/01/2024,09:24:35,0.7,0.65,5315480,0.7,214360,5240,5740280
FINNIFTY02JAN2421800CE.NFO,02/01/2024,09:24:37,0.7,0.65,5315680,0.7,198080,6200,5740280
FINNIFTY02JAN2421800CE.NFO,02/01/2024,09:24:39,0.7,0.65,5313440,0.7,215520,17400,5740280
FINNIFTY02JAN2421800CE.NFO,02/01/2024,09:24:40,0.7,0.65,5315720,0.7,247520,8960,5740280
FINNIFTY02JAN2421800CE.NFO,02/01/2024,09:24:42,0.7,0.65,5312360,0.7,296840,8600,5740280
FINNIFTY02JAN2421800CE.NFO,02/01/2024,09:24:44,0.65,0.65,5309120,0.7,295680,7440,5740280
FINNIFTY02JAN2421800CE.NFO,02/01/2024,09:24:45,0.65,0.65,5307600,0.7,311600,2720,5740280
FINNIFTY02JAN2421800CE.NFO,02/01/2024,09:24:47,0.65,0.65,5307120,0.7,322160,1840,5740280
FINNIFTY02JAN2421800CE.NFO,02/01/2024,09:24:49,0.65,0.65,5238080,0.7,1204640,15960,5740280
FINNIFTY02JAN2421800CE.NFO,02/01/2024,09:24:50,0.65,0.65,5242200,0.7,2054040,11760,5740280
FINNIFTY02JAN2421800CE.NFO,02/01/2024,09:24:52,0.65,0.65,5186680,0.7,2084880,3080,5740280
FINNIFTY02JAN2421800CE.NFO,02/01/2024,09:24:54,0.7,0.65,5181080,0.7,2112680,8560,5740280
FINNIFTY02JAN2421800CE.NFO,02/01/2024,09:24:55,0.65,0.65,5180800,0.7,2113240,3000,5740280
FINNIFTY02JAN2421800CE.NFO,02/01/2024,09:24:57,0.65,0.65,5182240,0.7,2113960,10120,5740280
FINNIFTY02JAN2421800CE.NFO,02/01/2024,09:24:59,0.65,0.65,5166640,0.7,2110840,19920,5740280
FINNIFTY02JAN2421800CE.NFO,02/01/2024,09:25:00,0.7,0.65,5159800,0.7,2103600,10080,5740280
FINNIFTY02JAN2421800CE.NFO,02/01/2024,09:25:02,0.65,0.65,5158960,0.7,2123360,37200,5740280
FINNIFTY02JAN2421800CE.NFO,02/01/2024,09:25:04,0.65,0.65,5055360,0.7,2133000,1320,5740280
FINNIFTY02JAN2421800CE.NFO,02/01/2024,09:25:05,0.65,0.65,5035800,0.7,2134520,2840,5740280
FINNIFTY02JAN2421800CE.NFO,02/01/2024,09:25:07,0.7,0.65,5038840,0.7,2130920,6160,5740280
FINNIFTY02JAN2421800CE.NFO,02/01/2024,09:25:09,0.65,0.65,4724680,0.7,2131520,4600,5740280
FINNIFTY02JAN2421800CE.NFO,02/01/2024,09:25:11,0.65,0.65,4682840,0.7,2106640,26440,5740280
FINNIFTY02JAN2421800CE.NFO,02/01/2024,09:25:12,0.65,0.65,4658480,0.7,2105840,22280,5740280
FINNIFTY02JAN2421800CE.NFO,02/01/2024,09:25:14,0.65,0.65,4660000,0.7,2111880,1320,5740280
FINNIFTY02JAN2421800CE.NFO,02/01/2024,09:25:16,0.65,0.65,4620680,0.7,2111960,21920,5740280
FINNIFTY02JAN2421800CE.NFO,02/01/2024,09:25:17,0.65,0.65,4618480,0.7,2157800,9080,5740280
FINNIFTY02JAN2421800CE.NFO,02/01/2024,09:25:19,0.65,0.65,4613480,0.7,2155160,4800,5740280
FINNIFTY02JAN2421800CE.NFO,02/01/2024,09:25:21,0.65,0.65,4612640,0.7,2157200,1440,5740280
FINNIFTY02JAN2421800CE.NFO,02/01/2024,09:25:22,0.7,0.65,4610360,0.7,2153080,2880,5740280
FINNIFTY02JAN2421800CE.NFO,02/01/2024,09:25:24,0.65,0.65,4603600,0.7,2161680,8160,5740280
FINNIFTY02JAN2421800CE.NFO,02/01/2024,09:25:26,0.65,0.65,4597840,0.7,2161680,5520,5740280
FINNIFTY02JAN2421800CE.NFO,02/01/2024,09:25:27,0.65,0.65,4594240,0.7,2157040,6480,5740280
FINNIFTY02JAN2421800CE.NFO,02/01/2024,09:25:29,0.7,0.65,4571520,0.7,2157560,2400,5740280
FINNIFTY02JAN2421800CE.NFO,02/01/2024,09:25:31,0.65,0.65,4570680,0.7,2156040,800,5740280
FINNIFTY02JAN2421800CE.NFO,02/01/2024,09:25:32,0.65,0.65,4563040,0.7,2148720,3120,5740280
FINNIFTY02JAN2421800CE.NFO,02/01/2024,09:25:34,0.65,0.65,4561200,0.7,2148960,1960,5740280
FINNIFTY02JAN2421800CE.NFO,02/01/2024,09:25:36,0.65,0.65,4556800,0.7,2211760,4440,5740280
FINNIFTY02JAN2421800CE.NFO,02/01/2024,09:25:37,0.65,0.65,4550360,0.7,2211440,9320,5740280
FINNIFTY02JAN2421800CE.NFO,02/01/2024,09:25:39,0.65,0.65,4549600,0.7,2211360,840,5740280
FINNIFTY02JAN2421800CE.NFO,02/01/2024,09:25:41,0.65,0.65,4549760,0.7,2218840,800,5740280
FINNIFTY02JAN2421800CE.NFO,02/01/2024,09:25:42,0.65,0.65,4549680,0.7,2196280,640,5740280
FINNIFTY02JAN2421800CE.NFO,02/01/2024,09:25:44,0.65,0.65,4547840,0.7,2194920,6200,5740280
FINNIFTY02JAN2421800CE.NFO,02/01/2024,09:25:46,0.65,0.65,4539160,0.7,2192160,11200,5740280
FINNIFTY02JAN2421800CE.NFO,02/01/2024,09:25:47,0.65,0.65,4535240,0.7,2191120,3920,5740280
FINNIFTY02JAN2421800CE.NFO,02/01/2024,09:25:49,0.65,0.65,4536840,0.7,2191120,3960,5740280
FINNIFTY02JAN2421800CE.NFO,02/01/2024,09:25:51,0.65,0.65,4526680,0.7,2193480,13840,5740280
FINNIFTY02JAN2421800CE.NFO,02/01/2024,09:25:52,0.65,0.65,4517680,0.7,2193320,7040,5740280
FINNIFTY02JAN2421800CE.NFO,02/01/2024,09:25:54,0.7,0.65,4520200,0.7,2193240,80,5740280
FINNIFTY02JAN2421800CE.NFO,02/01/2024,09:25:56,0.7,0.65,4516280,0.7,2198160,3440,5740280
FINNIFTY02JAN2421800CE.NFO,02/01/2024,09:25:57,0.65,0.65,4514360,0.7,2201680,1600,5740280
FINNIFTY02JAN2421800CE.NFO,02/01/2024,09:25:59,0.65,0.65,4514640,0.7,2202560,2040,5740280
FINNIFTY02JAN2421800CE.NFO,02/01/2024,09:26:01,0.7,0.65,4512280,0.7,2208360,3920,5740280
FINNIFTY02JAN2421800CE.NFO,02/01/2024,09:26:02,0.65,0.65,4509640,0.7,2208360,1000,5740280
FINNIFTY02JAN2421800CE.NFO,02/01/2024,09:26:04,0.65,0.65,4506200,0.7,2211560,5000,5740280
FINNIFTY02JAN2421800CE.NFO,02/01/2024,09:26:06,0.65,0.65,4500600,0.7,2212960,6960,5740280
FINNIFTY02JAN2421800CE.NFO,02/01/2024,09:26:07,0.7,0.65,4497640,0.7,2220400,6360,5740280
FINNIFTY02JAN2421800CE.NFO,02/01/2024,09:26:09,0.65,0.65,4498640,0.7,2224960,40,5740280
FINNIFTY02JAN2421800CE.NFO,02/01/2024,09:26:10,0.65,0.65,4496720,0.7,2343800,3920,5740280
FINNIFTY02JAN2421800CE.NFO,02/01/2024,09:26:12,0.65,0.65,4497000,0.7,2340000,2320,5740280
FINNIFTY02JAN2421800CE.NFO,02/01/2024,09:26:14,0.7,0.65,4499080,0.7,2333680,11560,5740280
FINNIFTY02JAN2421800CE.NFO,02/01/2024,09:26:15,0.7,0.65,4500800,0.7,2301600,21960,5740280
FINNIFTY02JAN2421800CE.NFO,02/01/2024,09:26:17,0.7,0.65,4451520,0.7,2260920,96120,5740280
FINNIFTY02JAN2421800CE.NFO,02/01/2024,09:26:19,0.7,0.65,4454000,0.7,2244560,15640,5740280
FINNIFTY02JAN2421800CE.NFO,02/01/2024,09:26:20,0.65,0.65,4457680,0.7,2242400,5480,5740280
FINNIFTY02JAN2421800CE.NFO,02/01/2024,09:26:22,0.65,0.65,4448120,0.7,2243720,19760,5740280
FINNIFTY02JAN2421800CE.NFO,02/01/2024,09:26:24,0.65,0.65,4441080,0.7,2279040,16240,6174000
FINNIFTY02JAN2421800CE.NFO,02/01/2024,09:26:25,0.65,0.65,4439160,0.7,2273360,12280,6174000
FINNIFTY02JAN2421800CE.NFO,02/01/2024,09:26:27,0.65,0.65,4439720,0.7,2274000,1320,6174000
FINNIFTY02JAN2421800CE.NFO,02/01/2024,09:26:29,0.7,0.65,4430720,0.7,2272960,14080,6174000
FINNIFTY02JAN2421800CE.NFO,02/01/2024,09:26:31,0.7,0.65,4440640,0.7,2265840,11160,6174000
FINNIFTY02JAN2421800CE.NFO,02/01/2024,09:26:33,0.7,0.65,4436080,0.7,1369800,8320,6174000
FINNIFTY02JAN2421800CE.NFO,02/01/2024,09:26:34,0.7,0.65,4433200,0.7,309880,484160,6174000
FINNIFTY02JAN2421800CE.NFO,02/01/2024,09:26:36,0.7,0.65,4431080,0.7,229760,95640,6174000
FINNIFTY02JAN2421800CE.NFO,02/01/2024,09:26:38,0.7,0.65,4427800,0.7,356840,61440,6174000
FINNIFTY02JAN2421800CE.NFO,02/01/2024,09:26:39,0.7,0.65,4420240,0.7,355360,18600,6174000
FINNIFTY02JAN2421800CE.NFO,02/01/2024,09:26:41,0.7,0.65,4420760,0.7,448960,17600,6174000
FINNIFTY02JAN2421800CE.NFO,02/01/2024,09:26:43,0.65,0.65,4431640,0.7,131160,331040,6174000
FINNIFTY02JAN2421800CE.NFO,02/01/2024,09:26:44,0.65,0.65,4426400,0.7,136040,5680,6174000
FINNIFTY02JAN2421800CE.NFO,02/01/2024,09:26:46,0.7,0.65,4421160,0.7,485760,7840,6174000
FINNIFTY02JAN2421800CE.NFO,02/01/2024,09:26:48,0.65,0.65,4543640,0.7,464840,14320,6174000
FINNIFTY02JAN2421800CE.NFO,02/01/2024,09:26:49,0.65,0.65,4635160,0.7,476280,11000,6174000
FINNIFTY02JAN2421800CE.NFO,02/01/2024,09:26:51,0.65,0.65,4628080,0.7,464960,18840,6174000
FINNIFTY02JAN2421800CE.NFO,02/01/2024,09:26:53,0.65,0.65,4396600,0.7,485160,4960,6174000
FINNIFTY02JAN2421800CE.NFO,02/01/2024,09:26:54,0.7,0.65,4396760,0.7,496080,2680,6174000
FINNIFTY02JAN2421800CE.NFO,02/01/2024,09:26:56,0.65,0.65,4378480,0.7,480800,39480,6174000
FINNIFTY02JAN2421800CE.NFO,02/01/2024,09:26:58,0.7,0.65,4355040,0.7,510480,23320,6174000
FINNIFTY02JAN2421800CE.NFO,02/01/2024,09:26:59,0.7,0.65,4353200,0.7,521640,2920,6174000
FINNIFTY02JAN2421800CE.NFO,02/01/2024,09:27:01,0.7,0.65,4354000,0.7,554560,2360,6174000
FINNIFTY02JAN2421800CE.NFO,02/01/2024,09:27:03,0.7,0.65,4354000,0.7,540520,2800,6174000
FINNIFTY02JAN2421800CE.NFO,02/01/2024,09:27:04,0.65,0.65,4340000,0.7,558080,14840,6174000
FINNIFTY02JAN2421800CE.NFO,02/01/2024,09:27:06,0.65,0.65,4329880,0.7,558320,13760,6174000
FINNIFTY02JAN2421800CE.NFO,02/01/2024,09:27:08,0.7,0.65,4299040,0.7,551680,45640,6174000
FINNIFTY02JAN2421800CE.NFO,02/01/2024,09:27:09,0.7,0.65,4294240,0.7,576360,71560,6174000
FINNIFTY02JAN2421800CE.NFO,02/01/2024,09:27:11,0.65,0.65,4284960,0.7,488040,76360,6174000
FINNIFTY02JAN2421800CE.NFO,02/01/2024,09:27:12,0.7,0.65,4284120,0.7,467560,23240,6174000
FINNIFTY02JAN2421800CE.NFO,02/01/2024,09:27:14,0.7,0.65,4273560,0.7,452440,36320,6174000
FINNIFTY02JAN2421800CE.NFO,02/01/2024,09:27:16,0.7,0.65,4271120,0.7,577680,12840,6174000
FINNIFTY02JAN2421800CE.NFO,02/01/2024,09:27:17,0.7,0.65,4271080,0.7,573640,4840,6174000
FINNIFTY02JAN2421800CE.NFO,02/01/2024,09:27:19,0.7,0.65,4270200,0.7,579360,3840,6174000
FINNIFTY02JAN2421800CE.NFO,02/01/2024,09:27:21,0.65,0.65,4270200,0.7,573200,4800,6174000
FINNIFTY02JAN2421800CE.NFO,02/01/2024,09:27:23,0.7,0.65,4270080,0.7,570440,2840,6174000
FINNIFTY02JAN2421800CE.NFO,02/01/2024,09:27:24,0.7,0.65,4270080,0.7,570920,4200,6174000
FINNIFTY02JAN2421800CE.NFO,02/01/2024,09:27:26,0.7,0.65,4269400,0.7,565520,160,6174000
FINNIFTY02JAN2421800CE.NFO,02/01/2024,09:27:28,0.65,0.65,4265160,0.7,574640,11800,6174000
FINNIFTY02JAN2421800CE.NFO,02/01/2024,09:27:29,0.65,0.65,4264080,0.7,574120,1840,6174000
FINNIFTY02JAN2421800CE.NFO,02/01/2024,09:27:30,0.65,0.65,4263880,0.7,573880,120,6174000
FINNIFTY02JAN2421800CE.NFO,02/01/2024,09:27:32,0.65,0.65,4258640,0.7,584080,4440,6174000
FINNIFTY02JAN2421800CE.NFO,02/01/2024,09:27:33,0.7,0.65,4259640,0.7,524360,20680,6174000
FINNIFTY02JAN2421800CE.NFO,02/01/2024,09:27:35,0.65,0.65,4252520,0.7,549120,10840,6174000
FINNIFTY02JAN2421800CE.NFO,02/01/2024,09:27:37,0.65,0.65,4246000,0.7,546440,9040,6174000
FINNIFTY02JAN2421800CE.NFO,02/01/2024,09:27:38,0.7,0.65,4240520,0.7,565760,10360,6174000
FINNIFTY02JAN2421800CE.NFO,02/01/2024,09:27:40,0.7,0.65,4240080,0.7,573720,11680,6174000
FINNIFTY02JAN2421800CE.NFO,02/01/2024,09:27:42,0.7,0.65,4238960,0.7,581960,9480,6174000
FINNIFTY02JAN2421800CE.NFO,02/01/2024,09:27:43,0.7,0.65,4233560,0.7,581840,7520,6174000
FINNIFTY02JAN2421800CE.NFO,02/01/2024,09:27:45,0.65,0.65,4233480,0.7,608960,10880,6174000
FINNIFTY02JAN2421800CE.NFO,02/01/2024,09:27:47,0.65,0.65,4231240,0.7,594560,8000,6174000
FINNIFTY02JAN2421800CE.NFO,02/01/2024,09:27:48,0.7,0.65,4230800,0.7,591480,2800,6174000
FINNIFTY02JAN2421800CE.NFO,02/01/2024,09:27:50,0.65,0.65,4228680,0.7,606880,2400,6174000
FINNIFTY02JAN2421800CE.NFO,02/01/2024,09:27:52,0.65,0.65,4230760,0.7,606680,1640,6174000
FINNIFTY02JAN2421800CE.NFO,02/01/2024,09:27:53,0.7,0.65,4231000,0.7,605280,2320,6174000
FINNIFTY02JAN2421800CE.NFO,02/01/2024,09:27:55,0.7,0.65,4230960,0.7,571800,13680,6174000
FINNIFTY02JAN2421800CE.NFO,02/01/2024,09:27:57,0.7,0.65,4227440,0.7,575520,11200,6174000
FINNIFTY02JAN2421800CE.NFO,02/01/2024,09:27:58,0.7,0.65,4209560,0.7,546960,34920,6174000
FINNIFTY02JAN2421800CE.NFO,02/01/2024,09:28:00,0.7,0.65,4213440,0.7,389200,85240,6174000
FINNIFTY02JAN2421800CE.NFO,02/01/2024,09:28:02,0.65,0.65,4204680,0.7,324200,53320,6174000
FINNIFTY02JAN2421800CE.NFO,02/01/2024,09:28:03,0.7,0.65,4184080,0.7,85000,280280,6174000
FINNIFTY02JAN2421800CE.NFO,02/01/2024,09:28:05,0.65,0.65,4174880,0.7,1076480,745240,6174000
FINNIFTY02JAN2421800CE.NFO,02/01/2024,09:28:07,0.7,0.65,4150040,0.7,1055520,71240,6174000
FINNIFTY02JAN2421800CE.NFO,02/01/2024,09:28:08,0.65,0.65,4149040,0.7,1064160,19880,6174000
FINNIFTY02JAN2421800CE.NFO,02/01/2024,09:28:10,0.7,0.65,4121840,0.7,1282280,33080,6174000
FINNIFTY02JAN2421800CE.NFO,02/01/2024,09:28:12,0.7,0.65,4142480,0.7,1358720,5000,6174000
FINNIFTY02JAN2421800CE.NFO,02/01/2024,09:28:13,0.65,0.65,4136720,0.7,1416520,10320,6174000
FINNIFTY02JAN2421800CE.NFO,02/01/2024,09:28:15,0.65,0.65,4140000,0.7,1538080,4360,6174000
FINNIFTY02JAN2421800CE.NFO,02/01/2024,09:28:17,0.7,0.65,4152280,0.7,1576320,5680,6174000
FINNIFTY02JAN2421800CE.NFO,02/01/2024,09:28:18,0.7,0.65,4166040,0.7,1571360,6920,6174000
FINNIFTY02JAN2421800CE.NFO,02/01/2024,09:28:20,0.7,0.65,4164440,0.7,1543480,34080,6174000
FINNIFTY02JAN2421800CE.NFO,02/01/2024,09:28:21,0.7,0.65,4163080,0.7,1520480,26360,6174000
FINNIFTY02JAN2421800CE.NFO,02/01/2024,09:28:23,0.7,0.65,4160400,0.7,1504240,20920,6174000
FINNIFTY02JAN2421800CE.NFO,02/01/2024,09:28:25,0.7,0.65,4154960,0.7,1485160,10840,6174000
FINNIFTY02JAN2421800CE.NFO,02/01/2024,09:28:26,0.65,0.65,4154000,0.7,1261400,2040,6174000
FINNIFTY02JAN2421800CE.NFO,02/01/2024,09:28:28,0.65,0.65,4148600,0.7,1263360,5600,6174000
FINNIFTY02JAN2421800CE.NFO,02/01/2024,09:28:31,0.7,0.65,4118280,0.7,1207400,85120,6174000
FINNIFTY02JAN2421800CE.NFO,02/01/2024,09:28:33,0.65,0.65,4118040,0.7,1180960,23320,6174000
FINNIFTY02JAN2421800CE.NFO,02/01/2024,09:28:34,0.65,0.65,4081200,0.7,1212200,76600,6174000
FINNIFTY02JAN2421800CE.NFO,02/01/2024,09:28:36,0.7,0.65,4079720,0.7,1191960,37400,6174000
FINNIFTY02JAN2421800CE.NFO,02/01/2024,09:28:38,0.7,0.65,4050320,0.7,1227400,37800,6174000
FINNIFTY02JAN2421800CE.NFO,02/01/2024,09:28:39,0.7,0.65,4048480,0.7,1283160,5520,6174000
FINNIFTY02JAN2421800CE.NFO,02/01/2024,09:28:41,0.7,0.65,4045440,0.7,1284560,3440,6174000
FINNIFTY02JAN2421800CE.NFO,02/01/2024,09:28:43,0.7,0.65,4041840,0.7,1283640,6360,6174000
FINNIFTY02JAN2421800CE.NFO,02/01/2024,09:28:44,0.65,0.65,4040280,0.7,1282000,5320,6174000
FINNIFTY02JAN2421800CE.NFO,02/01/2024,09:28:46,0.7,0.65,4039360,0.7,1279080,3880,6174000
FINNIFTY02JAN2421800CE.NFO,02/01/2024,09:28:48,0.7,0.65,4036840,0.7,1293280,3960,6174000
FINNIFTY02JAN2421800CE.NFO,02/01/2024,09:28:49,0.7,0.65,4035320,0.7,1490480,5440,6174000
FINNIFTY02JAN2421800CE.NFO,02/01/2024,09:28:51,0.65,0.65,4036200,0.7,1524760,5640,6174000
FINNIFTY02JAN2421800CE.NFO,02/01/2024,09:28:53,0.7,0.65,4041000,0.7,1521960,8040,6174000
FINNIFTY02JAN2421800CE.NFO,02/01/2024,09:28:54,0.7,0.65,4038760,0.7,1512360,10680,6174000
FINNIFTY02JAN2421800CE.NFO,02/01/2024,09:28:56,0.7,0.65,4037800,0.7,1502320,12480,6174000
FINNIFTY02JAN2421800CE.NFO,02/01/2024,09:28:58,0.65,0.65,4029920,0.7,1502640,9160,6174000
FINNIFTY02JAN2421800CE.NFO,02/01/2024,09:28:59,0.65,0.65,4025480,0.7,1520680,7680,6174000
FINNIFTY02JAN2421800CE.NFO,02/01/2024,09:29:01,0.65,0.65,4009640,0.7,1524280,15080,6174000
FINNIFTY02JAN2421800CE.NFO,02/01/2024,09:29:03,0.65,0.65,4007200,0.7,1523680,2960,6174000
FINNIFTY02JAN2421800CE.NFO,02/01/2024,09:29:04,0.65,0.65,4005920,0.7,1548640,4560,6174000
FINNIFTY02JAN2421800CE.NFO,02/01/2024,09:29:06,0.7,0.65,4001040,0.7,1595360,5880,6174000
FINNIFTY02JAN2421800CE.NFO,02/01/2024,09:29:08,0.65,0.65,4000640,0.7,1786520,760,6174000
FINNIFTY02JAN2421800CE.NFO,02/01/2024,09:29:09,0.65,0.65,3998720,0.7,2000520,3960,6174000
FINNIFTY02JAN2421800CE.NFO,02/01/2024,09:29:11,0.65,0.65,3996360,0.7,2013520,4400,6174000
FINNIFTY02JAN2421800CE.NFO,02/01/2024,09:29:13,0.7,0.65,3993960,0.7,2049880,12080,6174000
FINNIFTY02JAN2421800CE.NFO,02/01/2024,09:29:14,0.7,0.65,3969360,0.7,2043480,11920,6174000
FINNIFTY02JAN2421800CE.NFO,02/01/2024,09:29:16,0.7,0.65,3967840,0.7,2021720,36440,6174000
FINNIFTY02JAN2421800CE.NFO,02/01/2024,09:29:18,0.7,0.65,3967880,0.7,2010320,12200,6174000
FINNIFTY02JAN2421800CE.NFO,02/01/2024,09:29:19,0.65,0.65,3968360,0.7,2007520,5560,6174000
FINNIFTY02JAN2421800CE.NFO,02/01/2024,09:29:21,0.65,0.65,3966800,0.7,2037440,17080,6174000
FINNIFTY02JAN2421800CE.NFO,02/01/2024,09:29:23,0.7,0.65,3959800,0.7,1996280,44240,6174000
FINNIFTY02JAN2421800CE.NFO,02/01/2024,09:29:24,0.7,0.65,3953440,0.7,1984880,6160,6340960
FINNIFTY02JAN2421800CE.NFO,02/01/2024,09:29:26,0.65,0.65,3937680,0.7,1948240,26680,6340960
FINNIFTY02JAN2421800CE.NFO,02/01/2024,09:29:28,0.65,0.65,3930480,0.7,1951400,12680,6340960
FINNIFTY02JAN2421800CE.NFO,02/01/2024,09:29:29,0.7,0.65,3929360,0.7,1944680,4840,6340960
FINNIFTY02JAN2421800CE.NFO,02/01/2024,09:29:32,0.7,0.65,3926440,0.7,1937480,12160,6340960
FINNIFTY02JAN2421800CE.NFO,02/01/2024,09:29:33,0.65,0.65,3884440,0.7,1938240,3920,6340960
FINNIFTY02JAN2421800CE.NFO,02/01/2024,09:29:35,0.7,0.65,3864040,0.7,1942240,23120,6340960
FINNIFTY02JAN2421800CE.NFO,02/01/2024,09:29:37,0.7,0.65,3844040,0.7,2005120,7520,6340960
FINNIFTY02JAN2421800CE.NFO,02/01/2024,09:29:38,0.7,0.65,3843960,0.7,1971800,37440,6340960
FINNIFTY02JAN2421800CE.NFO,02/01/2024,09:29:40,0.7,0.65,3849080,0.7,1934320,40720,6340960
FINNIFTY02JAN2421800CE.NFO,02/01/2024,09:29:42,0.7,0.65,3849000,0.7,1921080,17880,6340960
FINNIFTY02JAN2421800CE.NFO,02/01/2024,09:29:43,0.65,0.65,3848520,0.7,1896720,18560,6340960
FINNIFTY02JAN2421800CE.NFO,02/01/2024,09:29:45,0.7,0.65,3849040,0.7,1871960,21560,6340960
FINNIFTY02JAN2421800CE.NFO,02/01/2024,09:29:47,0.65,0.65,3846800,0.7,1870160,4840,6340960
FINNIFTY02JAN2421800CE.NFO,02/01/2024,09:29:48,0.7,0.65,3848040,0.7,1867360,3040,6340960
FINNIFTY02JAN2421800CE.NFO,02/01/2024,09:29:50,0.65,0.65,3846680,0.7,1843160,22360,6340960
FINNIFTY02JAN2421800CE.NFO,02/01/2024,09:29:52,0.65,0.65,3842840,0.7,1843000,3560,6340960
FINNIFTY02JAN2421800CE.NFO,02/01/2024,09:29:53,0.7,0.65,3841040,0.7,1840680,6120,6340960
FINNIFTY02JAN2421800CE.NFO,02/01/2024,09:29:55,0.65,0.65,3835080,0.7,1838760,5280,6340960
FINNIFTY02JAN2421800CE.NFO,02/01/2024,09:29:57,0.7,0.65,3834920,0.7,1838520,960,6340960
FINNIFTY02JAN2421800CE.NFO,02/01/2024,09:29:58,0.65,0.65,3835160,0.7,1832480,5160,6340960
FINNIFTY02JAN2421800CE.NFO,02/01/2024,09:30:00,0.7,0.65,3833280,0.7,1822440,14280,6340960
FINNIFTY02JAN2421800CE.NFO,02/01/2024,09:30:01,0.65,0.65,3832760,0.7,1819000,4720,6340960
FINNIFTY02JAN2421800CE.NFO,02/01/2024,09:30:03,0.65,0.65,3825880,0.7,1827400,6320,6340960
FINNIFTY02JAN2421800CE.NFO,02/01/2024,09:30:05,0.7,0.65,3824080,0.7,1827120,2520,6340960
FINNIFTY02JAN2421800CE.NFO,02/01/2024,09:30:06,0.65,0.65,3822920,0.7,1827040,2840,6340960
FINNIFTY02JAN2421800CE.NFO,02/01/2024,09:30:08,0.65,0.65,3820080,0.7,1824200,4920,6340960
FINNIFTY02JAN2421800CE.NFO,02/01/2024,09:30:10,0.7,0.65,3819880,0.7,1824240,240,6340960
FINNIFTY02JAN2421800CE.NFO,02/01/2024,09:30:11,0.65,0.65,3821560,0.7,1824720,1520,6340960
FINNIFTY02JAN2421800CE.NFO,02/01/2024,09:30:13,0.7,0.65,3820320,0.7,1813800,2600,6340960
FINNIFTY02JAN2421800CE.NFO,02/01/2024,09:30:15,0.7,0.65,3820400,0.7,1813080,1720,6340960
FINNIFTY02JAN2421800CE.NFO,02/01/2024,09:30:16,0.7,0.65,3820320,0.7,1809280,3880,6340960
FINNIFTY02JAN2421800CE.NFO,02/01/2024,09:30:18,0.65,0.65,3815440,0.7,1802200,12120,6340960
FINNIFTY02JAN2421800CE.NFO,02/01/2024,09:30:20,0.7,0.65,3804760,0.7,1889880,20400,6340960
FINNIFTY02JAN2421800CE.NFO,02/01/2024,09:30:21,0.7,0.65,3792400,0.7,1879640,32880,6340960
FINNIFTY02JAN2421800CE.NFO,02/01/2024,09:30:23,0.65,0.65,3790480,0.7,1879040,4920,6340960
FINNIFTY02JAN2421800CE.NFO,02/01/2024,09:30:25,0.7,0.65,3776720,0.7,1855720,26120,6340960
FINNIFTY02JAN2421800CE.NFO,02/01/2024,09:30:26,0.7,0.65,3771800,0.7,1857240,10120,6340960
FINNIFTY02JAN2421800CE.NFO,02/01/2024,09:30:28,0.65,0.65,3769240,0.7,1850480,8560,6340960
FINNIFTY02JAN2421800CE.NFO,02/01/2024,09:30:30,0.65,0.65,3765480,0.7,1844880,8240,6340960
FINNIFTY02JAN2421800CE.NFO,02/01/2024,09:30:31,0.65,0.65,3764200,0.7,1844680,320,6340960
FINNIFTY02JAN2421800CE.NFO,02/01/2024,09:30:33,0.65,0.65,3761600,0.7,1843360,3480,6340960
FINNIFTY02JAN2421800CE.NFO,02/01/2024,09:30:34,0.65,0.65,3762920,0.7,1843040,400,6340960
FINNIFTY02JAN2421800CE.NFO,02/01/2024,09:30:36,0.7,0.65,3762720,0.7,1841680,1360,6340960
FINNIFTY02JAN2421800CE.NFO,02/01/2024,09:30:38,0.65,0.65,3760880,0.7,1831200,5320,6340960
FINNIFTY02JAN2421800CE.NFO,02/01/2024,09:30:39,0.65,0.65,3762240,0.7,1876280,2160,6340960
FINNIFTY02JAN2421800CE.NFO,02/01/2024,09:30:41,0.7,0.65,3758520,0.7,1847240,21560,6340960
FINNIFTY02JAN2421800CE.NFO,02/01/2024,09:30:43,0.7,0.65,3758400,0.7,1837760,14680,6340960
FINNIFTY02JAN2421800CE.NFO,02/01/2024,09:30:44,0.7,0.65,3755280,0.7,1832320,11960,6340960
FINNIFTY02JAN2421800CE.NFO,02/01/2024,09:30:46,0.7,0.65,3756560,0.7,1825920,5120,6340960
FINNIFTY02JAN2421800CE.NFO,02/01/2024,09:30:48,0.65,0.65,3756760,0.7,1823320,2680,6340960
FINNIFTY02JAN2421800CE.NFO,02/01/2024,09:30:49,0.65,0.65,3753560,0.7,1821400,5560,6340960
FINNIFTY02JAN2421800CE.NFO,02/01/2024,09:30:51,0.7,0.65,3751240,0.7,1817680,6080,6340960
FINNIFTY02JAN2421800CE.NFO,02/01/2024,09:30:52,0.65,0.65,3750680,0.7,1817600,3520,6340960
FINNIFTY02JAN2421800CE.NFO,02/01/2024,09:30:54,0.7,0.65,3749720,0.7,1800560,19160,6340960
FINNIFTY02JAN2421800CE.NFO,02/01/2024,09:30:56,0.65,0.65,3744920,0.7,1799440,6000,6340960
FINNIFTY02JAN2421800CE.NFO,02/01/2024,09:30:57,0.65,0.65,3743320,0.7,1789160,9080,6340960
FINNIFTY02JAN2421800CE.NFO,02/01/2024,09:30:59,0.7,0.65,3745080,0.7,1785160,4600,6340960
FINNIFTY02JAN2421800CE.NFO,02/01/2024,09:31:01,0.65,0.65,3743240,0.7,1786800,1880,6340960
FINNIFTY02JAN2421800CE.NFO,02/01/2024,09:31:02,0.7,0.65,3743200,0.7,1787560,200,6340960
FINNIFTY02JAN2421800CE.NFO,02/01/2024,09:31:04,0.65,0.65,3746040,0.7,1786560,960,6340960
FINNIFTY02JAN2421800CE.NFO,02/01/2024,09:31:06,0.65,0.65,3744960,0.7,1782600,6880,6340960
FINNIFTY02JAN2421800CE.NFO,02/01/2024,09:31:07,0.7,0.65,3744880,0.7,1785560,2760,6340960
FINNIFTY02JAN2421800CE.NFO,02/01/2024,09:31:09,0.7,0.65,3744840,0.7,1782800,4600,6340960
FINNIFTY02JAN2421800CE.NFO,02/01/2024,09:31:11,0.7,0.65,3745800,0.7,1621200,158360,6340960
FINNIFTY02JAN2421800CE.NFO,02/01/2024,09:31:12,0.7,0.65,3743240,0.7,1626360,2920,6340960
FINNIFTY02JAN2421800CE.NFO,02/01/2024,09:31:14,0.7,0.65,3742880,0.7,1625560,1120,6340960
FINNIFTY02JAN2421800CE.NFO,02/01/2024,09:31:16,0.65,0.65,3742840,0.7,1623760,1840,6340960
FINNIFTY02JAN2421800CE.NFO,02/01/2024,09:31:17,0.7,0.65,3741400,0.7,1621880,2120,6340960
FINNIFTY02JAN2421800CE.NFO,02/01/2024,09:31:19,0.7,0.65,3741080,0.7,1620680,1520,6340960
FINNIFTY02JAN2421800CE.NFO,02/01/2024,09:31:21,0.7,0.65,3738680,0.7,1619400,4640,6340960
FINNIFTY02JAN2421800CE.NFO,02/01/2024,09:31:22,0.7,0.65,3737560,0.7,1606440,3280,6340960
FINNIFTY02JAN2421800CE.NFO,02/01/2024,09:31:24,0.65,0.65,3737080,0.7,1603160,3760,6340960
FINNIFTY02JAN2421800CE.NFO,02/01/2024,09:31:26,0.7,0.65,3736080,0.7,1602480,1080,6340960
FINNIFTY02JAN2421800CE.NFO,02/01/2024,09:31:27,0.7,0.65,3736840,0.7,1590640,12120,6340960
FINNIFTY02JAN2421800CE.NFO,02/01/2024,09:31:29,0.65,0.65,3734240,0.7,1590640,2600,6340960
FINNIFTY02JAN2421800CE.NFO,02/01/2024,09:31:31,0.65,0.65,3733840,0.7,1583960,9680,6340960
FINNIFTY02JAN2421800CE.NFO,02/01/2024,09:31:33,0.7,0.65,3732680,0.7,1582320,3040,6340960
FINNIFTY02JAN2421800CE.NFO,02/01/2024,09:31:34,0.7,0.65,3732600,0.7,1584080,0,6340960
FINNIFTY02JAN2421800CE.NFO,02/01/2024,09:31:36,0.7,0.65,3732600,0.7,1585280,560,6340960
FINNIFTY02JAN2421800CE.NFO,02/01/2024,09:31:38,0.7,0.65,3732680,0.7,1583680,1240,6340960
FINNIFTY02JAN2421800CE.NFO,02/01/2024,09:31:39,0.7,0.65,3732640,0.7,1580960,2640,6340960
FINNIFTY02JAN2421800CE.NFO,02/01/2024,09:31:41,0.7,0.65,3732040,0.7,1577360,4200,6340960
FINNIFTY02JAN2421800CE.NFO,02/01/2024,09:31:43,0.65,0.65,3731640,0.7,1577360,80,6340960
FINNIFTY02JAN2421800CE.NFO,02/01/2024,09:31:44,0.65,0.65,3714880,0.7,1586040,15640,6340960
FINNIFTY02JAN2421800CE.NFO,02/01/2024,09:31:46,0.65,0.65,3713320,0.7,1586040,3320,6340960
FINNIFTY02JAN2421800CE.NFO,02/01/2024,09:31:48,0.65,0.65,3713800,0.7,1585560,1800,6340960
FINNIFTY02JAN2421800CE.NFO,02/01/2024,09:31:49,0.65,0.65,3711800,0.7,1559800,28560,6340960
FINNIFTY02JAN2421800CE.NFO,02/01/2024,09:31:51,0.65,0.65,3714800,0.7,1559120,1400,6340960
FINNIFTY02JAN2421800CE.NFO,02/01/2024,09:31:53,0.65,0.65,3712400,0.7,1558800,2720,6340960
FINNIFTY02JAN2421800CE.NFO,02/01/2024,09:31:54,0.65,0.65,3710440,0.7,1558440,1440,6340960
FINNIFTY02JAN2421800CE.NFO,02/01/2024,09:31:56,0.65,0.65,3706000,0.7,1552920,9760,6340960
FINNIFTY02JAN2421800CE.NFO,02/01/2024,09:31:58,0.65,0.65,3703480,0.7,1550840,5960,6340960
FINNIFTY02JAN2421800CE.NFO,02/01/2024,09:31:59,0.65,0.65,3703280,0.7,1558000,120,6340960
FINNIFTY02JAN2421800CE.NFO,02/01/2024,09:32:01,0.7,0.65,3701120,0.7,1549360,11280,6340960
FINNIFTY02JAN2421800CE.NFO,02/01/2024,09:32:03,0.7,0.65,3701640,0.7,1547080,2240,6340960
FINNIFTY02JAN2421800CE.NFO,02/01/2024,09:32:04,0.65,0.65,3697520,0.7,1549960,3120,6340960
FINNIFTY02JAN2421800CE.NFO,02/01/2024,09:32:06,0.7,0.65,3697240,0.7,1547880,2240,6340960
FINNIFTY02JAN2421800CE.NFO,02/01/2024,09:32:08,0.7,0.65,3682560,0.7,1546720,18080,6340960
FINNIFTY02JAN2421800CE.NFO,02/01/2024,09:32:09,0.65,0.65,3681680,0.7,1543680,3760,6340960
FINNIFTY02JAN2421800CE.NFO,02/01/2024,09:32:11,0.7,0.65,3681520,0.7,1539560,4320,6340960
FINNIFTY02JAN2421800CE.NFO,02/01/2024,09:32:13,0.7,0.65,3681120,0.7,1541080,560,6340960
FINNIFTY02JAN2421800CE.NFO,02/01/2024,09:32:14,0.65,0.65,3676880,0.7,1539440,5240,6340960
FINNIFTY02JAN2421800CE.NFO,02/01/2024,09:32:16,0.65,0.65,3676800,0.7,1628440,1080,6340960
FINNIFTY02JAN2421800CE.NFO,02/01/2024,09:32:18,0.7,0.65,3677040,0.7,1622760,5640,6340960
FINNIFTY02JAN2421800CE.NFO,02/01/2024,09:32:19,0.65,0.65,3676120,0.7,1619920,2520,6340960
FINNIFTY02JAN2421800CE.NFO,02/01/2024,09:32:21,0.7,0.65,3668920,0.7,1619800,6880,6340960
FINNIFTY02JAN2421800CE.NFO,02/01/2024,09:32:23,0.65,0.65,3663120,0.7,1618440,8360,6340960
FINNIFTY02JAN2421800CE.NFO,02/01/2024,09:32:24,0.7,0.65,3661680,0.7,1614160,11000,6340960
FINNIFTY02JAN2421800CE.NFO,02/01/2024,09:32:26,0.7,0.65,3658240,0.7,1612280,4640,6353920
FINNIFTY02JAN2421800CE.NFO,02/01/2024,09:32:27,0.65,0.65,3657680,0.7,1610080,5120,6353920
FINNIFTY02JAN2421800CE.NFO,02/01/2024,09:32:29,0.7,0.65,3657520,0.7,1580160,28120,6353920
FINNIFTY02JAN2421800CE.NFO,02/01/2024,09:32:31,0.65,0.65,3657360,0.7,1561760,16760,6353920
FINNIFTY02JAN2421800CE.NFO,02/01/2024,09:32:33,0.65,0.65,3656240,0.7,1565520,1080,6353920
FINNIFTY02JAN2421800CE.NFO,02/01/2024,09:32:34,0.65,0.65,3654400,0.7,1559800,5760,6353920
FINNIFTY02JAN2421800CE.NFO,02/01/2024,09:32:36,0.7,0.65,3653080,0.7,1553560,7560,6353920
FINNIFTY02JAN2421800CE.NFO,02/01/2024,09:32:37,0.7,0.65,3651800,0.7,1549800,3960,6353920
FINNIFTY02JAN2421800CE.NFO,02/01/2024,09:32:39,0.7,0.65,3646920,0.7,1547480,6880,6353920
FINNIFTY02JAN2421800CE.NFO,02/01/2024,09:32:41,0.65,0.65,3642560,0.7,1546720,4120,6353920
FINNIFTY02JAN2421800CE.NFO,02/01/2024,09:32:42,0.65,0.65,3641680,0.7,1546760,1040,6353920
FINNIFTY02JAN2421800CE.NFO,02/01/2024,09:32:44,0.65,0.65,3639640,0.7,1546880,3000,6353920
FINNIFTY02JAN2421800CE.NFO,02/01/2024,09:32:46,0.65,0.65,3637040,0.7,1548080,2800,6353920
FINNIFTY02JAN2421800CE.NFO,02/01/2024,09:32:47,0.65,0.65,3637200,0.7,1546280,2520,6353920
FINNIFTY02JAN2421800CE.NFO,02/01/2024,09:32:49,0.7,0.65,3632880,0.7,1587080,6680,6353920
FINNIFTY02JAN2421800CE.NFO,02/01/2024,09:32:51,0.7,0.65,3632880,0.7,1575320,11800,6353920
FINNIFTY02JAN2421800CE.NFO,02/01/2024,09:32:52,0.7,0.65,3632440,0.7,1575920,440,6353920
FINNIFTY02JAN2421800CE.NFO,02/01/2024,09:32:54,0.65,0.65,3631000,0.7,1580320,3920,6353920
FINNIFTY02JAN2421800CE.NFO,02/01/2024,09:32:55,0.7,0.65,3629920,0.7,1580120,200,6353920
FINNIFTY02JAN2421800CE.NFO,02/01/2024,09:32:57,0.7,0.65,3623880,0.7,1579520,6920,6353920
FINNIFTY02JAN2421800CE.NFO,02/01/2024,09:32:59,0.7,0.65,3623680,0.7,1603400,1240,6353920
FINNIFTY02JAN2421800CE.NFO,02/01/2024,09:33:00,0.65,0.65,3621600,0.7,1600600,4920,6353920
FINNIFTY02JAN2421800CE.NFO,02/01/2024,09:33:02,0.65,0.65,3620720,0.7,1596800,4160,6353920
FINNIFTY02JAN2421800CE.NFO,02/01/2024,09:33:04,0.65,0.65,3618520,0.7,1592640,6240,6353920
FINNIFTY02JAN2421800CE.NFO,02/01/2024,09:33:05,0.7,0.65,3613640,0.7,1591200,5400,6353920
FINNIFTY02JAN2421800CE.NFO,02/01/2024,09:33:07,0.65,0.65,3613240,0.7,1592320,520,6353920
FINNIFTY02JAN2421800CE.NFO,02/01/2024,09:33:08,0.65,0.65,3609960,0.7,1591640,4000,6353920
FINNIFTY02JAN2421800CE.NFO,02/01/2024,09:33:10,0.65,0.65,3601040,0.7,1582200,16720,6353920
FINNIFTY02JAN2421800CE.NFO,02/01/2024,09:33:12,0.65,0.65,3591560,0.7,1581920,7720,6353920
FINNIFTY02JAN2421800CE.NFO,02/01/2024,09:33:13,0.65,0.65,3592600,0.7,1580280,2720,6353920
FINNIFTY02JAN2421800CE.NFO,02/01/2024,09:33:15,0.7,0.65,3589200,0.7,1580920,2640,6353920
FINNIFTY02JAN2421800CE.NFO,02/01/2024,09:33:17,0.65,0.65,3584440,0.7,1581680,5000,6353920
FINNIFTY02JAN2421800CE.NFO,02/01/2024,09:33:18,0.7,0.65,3586120,0.7,1582200,1440,6353920
FINNIFTY02JAN2421800CE.NFO,02/01/2024,09:33:20,0.7,0.65,3590200,0.7,1618560,5280,6353920
FINNIFTY02JAN2421800CE.NFO,02/01/2024,09:33:22,0.65,0.65,3594360,0.7,1612400,8360,6353920
FINNIFTY02JAN2421800CE.NFO,02/01/2024,09:33:23,0.65,0.65,3571360,0.7,1610680,11520,6353920
FINNIFTY02JAN2421800CE.NFO,02/01/2024,09:33:25,0.7,0.65,3565360,0.7,1607920,6960,6353920
FINNIFTY02JAN2421800CE.NFO,02/01/2024,09:33:26,0.65,0.65,3566880,0.7,1594000,21400,6353920
FINNIFTY02JAN2421800CE.NFO,02/01/2024,09:33:28,0.65,0.65,3552080,0.7,1578040,9200,6353920
FINNIFTY02JAN2421800CE.NFO,02/01/2024,09:33:30,0.65,0.65,3546640,0.7,1577360,6440,6353920
FINNIFTY02JAN2421800CE.NFO,02/01/2024,09:33:31,0.7,0.65,3516240,0.7,1583720,32600,6353920
FINNIFTY02JAN2421800CE.NFO,02/01/2024,09:33:33,0.65,0.65,3508280,0.7,1583840,11640,6353920
FINNIFTY02JAN2421800CE.NFO,02/01/2024,09:33:35,0.7,0.65,3503000,0.7,1574760,9680,6353920
FINNIFTY02JAN2421800CE.NFO,02/01/2024,09:33:36,0.7,0.65,3501760,0.7,1562240,15600,6353920
FINNIFTY02JAN2421800CE.NFO,02/01/2024,09:33:38,0.7,0.65,3496040,0.7,1547000,12000,6353920
FINNIFTY02JAN2421800CE.NFO,02/01/2024,09:33:40,0.65,0.65,3486240,0.7,1553400,9800,6353920
FINNIFTY02JAN2421800CE.NFO,02/01/2024,09:33:41,0.7,0.65,3485120,0.7,1593840,5920,6353920
FINNIFTY02JAN2421800CE.NFO,02/01/2024,09:33:43,0.65,0.65,3479600,0.7,1634800,9920,6353920
FINNIFTY02JAN2421800CE.NFO,02/01/2024,09:33:45,0.7,0.65,3479800,0.7,1674720,5280,6353920
FINNIFTY02JAN2421800CE.NFO,02/01/2024,09:33:46,0.7,0.65,3479800,0.7,1671160,3560,6353920
FINNIFTY02JAN2421800CE.NFO,02/01/2024,09:33:48,0.65,0.65,3473000,0.7,1666480,11480,6353920
FINNIFTY02JAN2421800CE.NFO,02/01/2024,09:33:50,0.65,0.65,3460880,0.7,1652320,16520,6353920
FINNIFTY02JAN2421800CE.NFO,02/01/2024,09:33:51,0.65,0.65,3457280,0.7,1661280,3640,6353920
FINNIFTY02JAN2421800CE.NFO,02/01/2024,09:33:53,0.7,0.65,3463000,0.7,1660920,400,6353920
FINNIFTY02JAN2421800CE.NFO,02/01/2024,09:33:55,0.7,0.65,3459960,0.7,1660000,4840,6353920
FINNIFTY02JAN2421800CE.NFO,02/01/2024,09:33:56,0.7,0.65,3459360,0.7,1659600,1000,6353920
FINNIFTY02JAN2421800CE.NFO,02/01/2024,09:33:58,0.7,0.65,3459160,0.7,1658600,520,6353920
FINNIFTY02JAN2421800CE.NFO,02/01/2024,09:34:00,0.7,0.65,3452240,0.7,1657760,6440,6353920
FINNIFTY02JAN2421800CE.NFO,02/01/2024,09:34:01,0.7,0.65,3452400,0.7,1714120,600,6353920
FINNIFTY02JAN2421800CE.NFO,02/01/2024,09:34:03,0.7,0.65,3451960,0.7,1711280,3280,6353920
FINNIFTY02JAN2421800CE.NFO,02/01/2024,09:34:05,0.65,0.65,3449200,0.7,1710840,2520,6353920
FINNIFTY02JAN2421800CE.NFO,02/01/2024,09:34:06,0.7,0.65,3445920,0.7,1711040,4600,6353920
FINNIFTY02JAN2421800CE.NFO,02/01/2024,09:34:08,0.7,0.65,3426040,0.7,1703240,26200,6353920
FINNIFTY02JAN2421800CE.NFO,02/01/2024,09:34:10,0.65,0.65,3421960,0.7,1701760,5320,6353920
FINNIFTY02JAN2421800CE.NFO,02/01/2024,09:34:11,0.7,0.65,3414960,0.7,1657520,26760,6353920
FINNIFTY02JAN2421800CE.NFO,02/01/2024,09:34:13,0.7,0.65,3414800,0.7,1654040,27160,6353920
FINNIFTY02JAN2421800CE.NFO,02/01/2024,09:34:15,0.65,0.65,3412160,0.7,1636200,18480,6353920
FINNIFTY02JAN2421800CE.NFO,02/01/2024,09:34:16,0.7,0.65,3412880,0.7,1578640,43600,6353920
FINNIFTY02JAN2421800CE.NFO,02/01/2024,09:34:18,0.7,0.65,3412880,0.7,1554040,21960,6353920
FINNIFTY02JAN2421800CE.NFO,02/01/2024,09:34:20,0.7,0.65,3412880,0.7,1535120,22440,6353920
FINNIFTY02JAN2421800CE.NFO,02/01/2024,09:34:21,0.65,0.65,3410880,0.7,1529360,11200,6353920
FINNIFTY02JAN2421800CE.NFO,02/01/2024,09:34:23,0.7,0.65,3408480,0.7,1519000,11240,6353920
FINNIFTY02JAN2421800CE.NFO,02/01/2024,09:34:25,0.7,0.65,3407960,0.7,1511120,9040,6353920
FINNIFTY02JAN2421800CE.NFO,02/01/2024,09:34:26,0.7,0.65,3407840,0.7,1477240,1800,6353920
FINNIFTY02JAN2421800CE.NFO,02/01/2024,09:34:28,0.7,0.65,3406760,0.7,1478480,31200,6353920
FINNIFTY02JAN2421800CE.NFO,02/01/2024,09:34:31,0.7,0.65,3397920,0.7,1449400,36920,6353920
FINNIFTY02JAN2421800CE.NFO,02/01/2024,09:34:32,0.7,0.65,3397880,0.7,1417640,15120,6353920
FINNIFTY02JAN2421800CE.NFO,02/01/2024,09:34:34,0.65,0.65,3399560,0.7,1436800,160,6353920
FINNIFTY02JAN2421800CE.NFO,02/01/2024,09:34:35,0.65,0.65,3395800,0.7,1445280,3560,6353920
FINNIFTY02JAN2421800CE.NFO,02/01/2024,09:34:37,0.7,0.65,3394520,0.7,1445160,1160,6353920
FINNIFTY02JAN2421800CE.NFO,02/01/2024,09:34:39,0.65,0.65,3393920,0.7,1444200,640,6353920
FINNIFTY02JAN2421800CE.NFO,02/01/2024,09:34:40,0.7,0.65,3391680,0.7,1364560,37920,6353920
FINNIFTY02JAN2421800CE.NFO,02/01/2024,09:34:42,0.65,0.65,3382320,0.7,1380320,10600,6353920
FINNIFTY02JAN2421800CE.NFO,02/01/2024,09:34:44,0.65,0.65,3378680,0.7,1411840,3600,6353920
FINNIFTY02JAN2421800CE.NFO,02/01/2024,09:34:45,0.7,0.65,3375000,0.7,1404960,11960,6353920
FINNIFTY02JAN2421800CE.NFO,02/01/2024,09:34:47,0.7,0.65,3375000,0.7,1406040,0,6353920
FINNIFTY02JAN2421800CE.NFO,02/01/2024,09:34:49,0.7,0.65,3374520,0.7,1405200,840,6353920
FINNIFTY02JAN2421800CE.NFO,02/01/2024,09:34:50,0.65,0.65,3375160,0.7,1403920,680,6353920
FINNIFTY02JAN2421800CE.NFO,02/01/2024,09:34:52,0.65,0.65,3374040,0.7,1401560,4360,6353920
FINNIFTY02JAN2421800CE.NFO,02/01/2024,09:34:54,0.7,0.65,3374080,0.7,1390040,10880,6353920
FINNIFTY02JAN2421800CE.NFO,02/01/2024,09:34:55,0.7,0.65,3373880,0.7,1387880,2320,6353920
FINNIFTY02JAN2421800CE.NFO,02/01/2024,09:34:57,0.65,0.65,3372320,0.7,1383160,6200,6353920
FINNIFTY02JAN2421800CE.NFO,02/01/2024,09:34:59,0.7,0.65,3361840,0.7,1379440,14200,6353920
FINNIFTY02JAN2421800CE.NFO,02/01/2024,09:35:00,0.7,0.65,3361800,0.7,1488240,3120,6353920
FINNIFTY02JAN2421800CE.NFO,02/01/2024,09:35:02,0.7,0.65,3363800,0.7,1432240,0,6353920
FINNIFTY02JAN2421800CE.NFO,02/01/2024,09:35:04,0.7,0.65,3363760,0.7,1466200,2000,6353920
FINNIFTY02JAN2421800CE.NFO,02/01/2024,09:35:05,0.7,0.65,3362640,0.7,1465680,1680,6353920
FINNIFTY02JAN2421800CE.NFO,02/01/2024,09:35:07,0.7,0.65,3360000,0.7,1461520,4800,6353920
FINNIFTY02JAN2421800CE.NFO,02/01/2024,09:35:09,0.65,0.65,3359640,0.7,1460360,1560,6353920
FINNIFTY02JAN2421800CE.NFO,02/01/2024,09:35:10,0.65,0.65,3359440,0.7,1459920,2040,6353920
FINNIFTY02JAN2421800CE.NFO,02/01/2024,09:35:12,0.7,0.65,3359320,0.7,1424200,36160,6353920
FINNIFTY02JAN2421800CE.NFO,02/01/2024,09:35:14,0.7,0.65,3356640,0.7,1414480,22080,6353920
FINNIFTY02JAN2421800CE.NFO,02/01/2024,09:35:15,0.7,0.65,3349680,0.7,1409800,10600,6353920
FINNIFTY02JAN2421800CE.NFO,02/01/2024,09:35:17,0.7,0.65,3347800,0.7,1392560,18880,6353920
FINNIFTY02JAN2421800CE.NFO,02/01/2024,09:35:19,0.65,0.65,3192000,0.7,1231760,163240,6353920
FINNIFTY02JAN2421800CE.NFO,02/01/2024,09:35:20,0.65,0.65,3192080,0.7,1209680,9280,6353920
FINNIFTY02JAN2421800CE.NFO,02/01/2024,09:35:22,0.7,0.65,3187160,0.7,1216080,12200,6353920
FINNIFTY02JAN2421800CE.NFO,02/01/2024,09:35:24,0.7,0.65,3184640,0.7,1185720,30840,6353920
FINNIFTY02JAN2421800CE.NFO,02/01/2024,09:35:25,0.65,0.65,3180760,0.7,1297600,21280,6203280
FINNIFTY02JAN2421800CE.NFO,02/01/2024,09:35:27,0.65,0.65,3168800,0.7,1297720,9120,6203280
FINNIFTY02JAN2421800CE.NFO,02/01/2024,09:35:29,0.7,0.65,3170960,0.7,1346440,11960,6203280
FINNIFTY02JAN2421800CE.NFO,02/01/2024,09:35:30,0.65,0.65,3168200,0.7,1315080,3440,6203280
FINNIFTY02JAN2421800CE.NFO,02/01/2024,09:35:32,0.65,0.65,3167640,0.7,1329680,18840,6203280
FINNIFTY02JAN2421800CE.NFO,02/01/2024,09:35:34,0.7,0.65,3167520,0.7,1327480,2320,6203280
FINNIFTY02JAN2421800CE.NFO,02/01/2024,09:35:35,0.7,0.65,3169240,0.7,1301480,11640,6203280
FINNIFTY02JAN2421800CE.NFO,02/01/2024,09:35:37,0.65,0.65,3161280,0.7,1319280,14400,6203280
FINNIFTY02JAN2421800CE.NFO,02/01/2024,09:35:39,0.7,0.65,3159040,0.7,1322680,3920,6203280
FINNIFTY02JAN2421800CE.NFO,02/01/2024,09:35:40,0.7,0.65,3157880,0.7,1320160,3880,6203280
FINNIFTY02JAN2421800CE.NFO,02/01/2024,09:35:42,0.7,0.65,3154760,0.7,1315120,6320,6203280
FINNIFTY02JAN2421800CE.NFO,02/01/2024,09:35:44,0.7,0.65,3152880,0.7,1309040,13200,6203280
FINNIFTY02JAN2421800CE.NFO,02/01/2024,09:35:45,0.7,0.65,3150400,0.7,1309440,5960,6203280
FINNIFTY02JAN2421800CE.NFO,02/01/2024,09:35:47,0.7,0.65,3149640,0.7,1290920,17920,6203280
FINNIFTY02JAN2421800CE.NFO,02/01/2024,09:35:49,0.7,0.65,3147880,0.7,1274680,18800,6203280
FINNIFTY02JAN2421800CE.NFO,02/01/2024,09:35:50,0.65,0.65,3146640,0.7,1282040,1000,6203280
FINNIFTY02JAN2421800CE.NFO,02/01/2024,09:35:52,0.65,0.65,3147200,0.7,1274240,12520,6203280
FINNIFTY02JAN2421800CE.NFO,02/01/2024,09:35:54,0.7,0.65,3147040,0.7,1273000,1400,6203280
FINNIFTY02JAN2421800CE.NFO,02/01/2024,09:35:55,0.7,0.65,3141000,0.7,1232680,30080,6203280
FINNIFTY02JAN2421800CE.NFO,02/01/2024,09:35:57,0.7,0.65,3140440,0.7,1244240,1760,6203280
FINNIFTY02JAN2421800CE.NFO,02/01/2024,09:35:59,0.7,0.65,3138320,0.7,1215960,14720,6203280
FINNIFTY02JAN2421800CE.NFO,02/01/2024,09:36:00,0.65,0.65,3136960,0.7,1255960,8560,6203280
FINNIFTY02JAN2421800CE.NFO,02/01/2024,09:36:02,0.65,0.65,3129520,0.7,1223800,19200,6203280
FINNIFTY02JAN2421800CE.NFO,02/01/2024,09:36:04,0.65,0.65,3123160,0.7,1250520,9600,6203280
FINNIFTY02JAN2421800CE.NFO,02/01/2024,09:36:05,0.65,0.65,3121880,0.7,1248240,3360,6203280
FINNIFTY02JAN2421800CE.NFO,02/01/2024,09:36:07,0.65,0.65,3119320,0.7,1242920,7120,6203280
FINNIFTY02JAN2421800CE.NFO,02/01/2024,09:36:09,0.7,0.65,3118680,0.7,1244600,120,6203280
FINNIFTY02JAN2421800CE.NFO,02/01/2024,09:36:10,0.65,0.65,3116840,0.7,1230000,15640,6203280
FINNIFTY02JAN2421800CE.NFO,02/01/2024,09:36:12,0.65,0.65,3109320,0.7,1231720,6640,6203280
FINNIFTY02JAN2421800CE.NFO,02/01/2024,09:36:14,0.7,0.65,3109880,0.7,1220480,16320,6203280
FINNIFTY02JAN2421800CE.NFO,02/01/2024,09:36:15,0.7,0.65,3108880,0.7,1220240,1240,6203280
FINNIFTY02JAN2421800CE.NFO,02/01/2024,09:36:17,0.7,0.65,3108800,0.7,1213720,9600,6203280
FINNIFTY02JAN2421800CE.NFO,02/01/2024,09:36:19,0.65,0.65,3095280,0.7,1174280,14560,6203280
FINNIFTY02JAN2421800CE.NFO,02/01/2024,09:36:20,0.7,0.65,3090720,0.7,1212600,600,6203280
FINNIFTY02JAN2421800CE.NFO,02/01/2024,09:36:22,0.65,0.65,3090560,0.7,1209000,3760,6203280
FINNIFTY02JAN2421800CE.NFO,02/01/2024,09:36:24,0.65,0.65,3086400,0.7,1210000,4360,6203280
FINNIFTY02JAN2421800CE.NFO,02/01/2024,09:36:25,0.7,0.65,3082920,0.7,1208120,2760,6203280
FINNIFTY02JAN2421800CE.NFO,02/01/2024,09:36:27,0.65,0.65,3068600,0.7,1198520,26320,6203280
FINNIFTY02JAN2421800CE.NFO,02/01/2024,09:36:29,0.65,0.65,3064640,0.7,1198600,3160,6203280
FINNIFTY02JAN2421800CE.NFO,02/01/2024,09:36:30,0.65,0.65,3060960,0.7,1195440,7600,6203280
FINNIFTY02JAN2421800CE.NFO,02/01/2024,09:36:32,0.65,0.65,3060440,0.7,1196160,520,6203280
FINNIFTY02JAN2421800CE.NFO,02/01/2024,09:36:33,0.7,0.65,3061200,0.7,1193680,1640,6203280
FINNIFTY02JAN2421800CE.NFO,02/01/2024,09:36:35,0.65,0.65,3057720,0.7,1197200,3880,6203280
FINNIFTY02JAN2421800CE.NFO,02/01/2024,09:36:37,0.65,0.65,3056320,0.7,1199160,600,6203280
FINNIFTY02JAN2421800CE.NFO,02/01/2024,09:36:38,0.65,0.65,3052720,0.7,1199040,4000,6203280
FINNIFTY02JAN2421800CE.NFO,02/01/2024,09:36:40,0.65,0.65,3048240,0.7,1198000,5360,6203280
FINNIFTY02JAN2421800CE.NFO,02/01/2024,09:36:42,0.65,0.65,3044400,0.7,1197840,3960,6203280
FINNIFTY02JAN2421800CE.NFO,02/01/2024,09:36:43,0.65,0.65,3038880,0.7,1197840,5800,6203280
FINNIFTY02JAN2421800CE.NFO,02/01/2024,09:36:45,0.65,0.65,3035440,0.7,1197920,3480,6203280
FINNIFTY02JAN2421800CE.NFO,02/01/2024,09:36:47,0.65,0.65,3034160,0.7,1197360,760,6203280
FINNIFTY02JAN2421800CE.NFO,02/01/2024,09:36:48,0.65,0.65,3029520,0.7,1195560,4720,6203280
FINNIFTY02JAN2421800CE.NFO,02/01/2024,09:36:50,0.65,0.65,3022040,0.7,1195520,7080,6203280
FINNIFTY02JAN2421800CE.NFO,02/01/2024,09:36:52,0.65,0.65,3018880,0.7,1195160,4040,6203280
FINNIFTY02JAN2421800CE.NFO,02/01/2024,09:36:53,0.65,0.65,3010960,0.7,1195160,7000,6203280
FINNIFTY02JAN2421800CE.NFO,02/01/2024,09:36:55,0.7,0.65,3010440,0.7,1188840,7920,6203280
FINNIFTY02JAN2421800CE.NFO,02/01/2024,09:36:57,0.7,0.65,3008880,0.7,1190040,2200,6203280
FINNIFTY02JAN2421800CE.NFO,02/01/2024,09:36:58,0.7,0.65,3008800,0.7,1191480,360,6203280
FINNIFTY02JAN2421800CE.NFO,02/01/2024,09:37:00,0.7,0.65,3001640,0.7,1190520,8120,6203280
FINNIFTY02JAN2421800CE.NFO,02/01/2024,09:37:02,0.7,0.65,3002960,0.7,1159440,5920,6203280
FINNIFTY02JAN2421800CE.NFO,02/01/2024,09:37:03,0.7,0.65,3001320,0.7,1174760,2760,6203280
FINNIFTY02JAN2421800CE.NFO,02/01/2024,09:37:05,0.65,0.65,3001240,0.7,1176280,400,6203280
FINNIFTY02JAN2421800CE.NFO,02/01/2024,09:37:07,0.7,0.65,3000400,0.7,1174360,2720,6203280
FINNIFTY02JAN2421800CE.NFO,02/01/2024,09:37:08,0.7,0.65,2997440,0.7,1167080,11280,6203280
FINNIFTY02JAN2421800CE.NFO,02/01/2024,09:37:10,0.7,0.65,2997520,0.7,1158080,7200,6203280
FINNIFTY02JAN2421800CE.NFO,02/01/2024,09:37:12,0.7,0.65,2997440,0.7,1155680,5760,6203280
FINNIFTY02JAN2421800CE.NFO,02/01/2024,09:37:13,0.7,0.65,2997440,0.7,1145440,10800,6203280
FINNIFTY02JAN2421800CE.NFO,02/01/2024,09:37:15,0.65,0.65,2995120,0.7,1118520,7080,6203280
FINNIFTY02JAN2421800CE.NFO,02/01/2024,09:37:17,0.65,0.65,2991960,0.7,1124000,4400,6203280
FINNIFTY02JAN2421800CE.NFO,02/01/2024,09:37:18,0.7,0.65,2991920,0.7,1122920,1120,6203280
FINNIFTY02JAN2421800CE.NFO,02/01/2024,09:37:20,0.65,0.65,2991240,0.7,1124280,1840,6203280
FINNIFTY02JAN2421800CE.NFO,02/01/2024,09:37:22,0.7,0.65,2988600,0.7,1131360,4480,6203280
FINNIFTY02JAN2421800CE.NFO,02/01/2024,09:37:23,0.65,0.65,2984640,0.7,1139200,3480,6203280
FINNIFTY02JAN2421800CE.NFO,02/01/2024,09:37:25,0.7,0.65,2982840,0.7,1136280,5320,6203280
FINNIFTY02JAN2421800CE.NFO,02/01/2024,09:37:27,0.7,0.65,2981240,0.7,1135480,3080,6203280
FINNIFTY02JAN2421800CE.NFO,02/01/2024,09:37:28,0.65,0.65,2979640,0.7,1134720,1600,6203280
FINNIFTY02JAN2421800CE.NFO,02/01/2024,09:37:31,0.65,0.65,2979640,0.7,1116680,80,6203280
FINNIFTY02JAN2421800CE.NFO,02/01/2024,09:37:32,0.65,0.65,2979480,0.7,1139680,480,6203280
FINNIFTY02JAN2421800CE.NFO,02/01/2024,09:37:34,0.7,0.65,2979120,0.7,1133160,1640,6203280
FINNIFTY02JAN2421800CE.NFO,02/01/2024,09:37:36,0.7,0.65,2979120,0.7,1125880,0,6203280
FINNIFTY02JAN2421800CE.NFO,02/01/2024,09:37:37,0.65,0.65,2975880,0.7,1134120,3520,6203280
FINNIFTY02JAN2421800CE.NFO,02/01/2024,09:37:39,0.7,0.65,2975880,0.7,1131720,1800,6203280
FINNIFTY02JAN2421800CE.NFO,02/01/2024,09:37:41,0.65,0.65,2975600,0.7,1131040,640,6203280
FINNIFTY02JAN2421800CE.NFO,02/01/2024,09:37:42,0.7,0.65,2975440,0.7,1085560,680,6203280
FINNIFTY02JAN2421800CE.NFO,02/01/2024,09:37:44,0.7,0.65,2975400,0.7,1114720,15840,6203280
FINNIFTY02JAN2421800CE.NFO,02/01/2024,09:37:46,0.7,0.65,2965720,0.7,1111720,14240,6203280
FINNIFTY02JAN2421800CE.NFO,02/01/2024,09:37:47,0.7,0.65,2968840,0.7,1110880,4760,6203280
FINNIFTY02JAN2421800CE.NFO,02/01/2024,09:37:49,0.7,0.65,2965440,0.7,1092840,4200,6203280
FINNIFTY02JAN2421800CE.NFO,02/01/2024,09:37:50,0.65,0.65,2962080,0.7,1091000,6480,6203280
FINNIFTY02JAN2421800CE.NFO,02/01/2024,09:37:52,0.7,0.65,2962080,0.7,1110840,520,6203280
FINNIFTY02JAN2421800CE.NFO,02/01/2024,09:37:54,0.65,0.65,2960800,0.7,1110280,400,6203280
FINNIFTY02JAN2421800CE.NFO,02/01/2024,09:37:55,0.7,0.65,2961120,0.7,1107120,3080,6203280
FINNIFTY02JAN2421800CE.NFO,02/01/2024,09:37:57,0.7,0.65,2961160,0.7,1109000,120,6203280
FINNIFTY02JAN2421800CE.NFO,02/01/2024,09:37:59,0.65,0.65,2961120,0.7,1111800,1560,6203280
FINNIFTY02JAN2421800CE.NFO,02/01/2024,09:38:00,0.7,0.65,2962080,0.7,1112000,1800,6203280
FINNIFTY02JAN2421800CE.NFO,02/01/2024,09:38:02,0.7,0.65,2961360,0.7,1104040,9000,6203280
FINNIFTY02JAN2421800CE.NFO,02/01/2024,09:38:04,0.65,0.65,2960480,0.7,1088120,9320,6203280
FINNIFTY02JAN2421800CE.NFO,02/01/2024,09:38:05,0.7,0.65,2957400,0.7,1081680,9440,6203280
FINNIFTY02JAN2421800CE.NFO,02/01/2024,09:38:07,0.65,0.65,2957360,0.7,1083280,40,6203280
FINNIFTY02JAN2421800CE.NFO,02/01/2024,09:38:09,0.7,0.65,2956520,0.7,1079440,4520,6203280
FINNIFTY02JAN2421800CE.NFO,02/01/2024,09:38:10,0.65,0.65,2953920,0.7,1079520,2480,6203280
FINNIFTY02JAN2421800CE.NFO,02/01/2024,09:38:12,0.7,0.65,2952360,0.7,1053720,2000,6203280
FINNIFTY02JAN2421800CE.NFO,02/01/2024,09:38:13,0.7,0.65,2951240,0.7,1048320,3000,6203280
FINNIFTY02JAN2421800CE.NFO,02/01/2024,09:38:15,0.7,0.65,2951520,0.7,1047560,1880,6203280
FINNIFTY02JAN2421800CE.NFO,02/01/2024,09:38:17,0.65,0.65,2951400,0.7,1069200,16400,6203280
FINNIFTY02JAN2421800CE.NFO,02/01/2024,09:38:18,0.65,0.65,2949600,0.7,1189160,1480,6203280
FINNIFTY02JAN2421800CE.NFO,02/01/2024,09:38:20,0.65,0.65,2948640,0.7,1188880,1720,6203280
FINNIFTY02JAN2421800CE.NFO,02/01/2024,09:38:22,0.7,0.65,2949000,0.7,1228040,15560,6203280
FINNIFTY02JAN2421800CE.NFO,02/01/2024,09:38:23,0.7,0.65,2948000,0.7,1264760,1360,6203280
FINNIFTY02JAN2421800CE.NFO,02/01/2024,09:38:25,0.65,0.65,2946200,0.7,1251800,13360,6212760
FINNIFTY02JAN2421800CE.NFO,02/01/2024,09:38:26,0.65,0.65,2944960,0.7,1210760,6760,6212760
FINNIFTY02JAN2421800CE.NFO,02/01/2024,09:38:28,0.65,0.65,2938600,0.7,1239240,6640,6212760
FINNIFTY02JAN2421800CE.NFO,02/01/2024,09:38:31,0.7,0.65,2939560,0.7,1237640,1680,6212760
FINNIFTY02JAN2421800CE.NFO,02/01/2024,09:38:33,0.65,0.65,2939400,0.7,1236560,1120,6212760
FINNIFTY02JAN2421800CE.NFO,02/01/2024,09:38:34,0.65,0.65,2938360,0.7,1236240,3400,6212760
FINNIFTY02JAN2421800CE.NFO,02/01/2024,09:38:36,0.7,0.65,2937360,0.7,1235240,2480,6212760
FINNIFTY02JAN2421800CE.NFO,02/01/2024,09:38:38,0.65,0.65,2934560,0.7,1184040,15280,6212760
FINNIFTY02JAN2421800CE.NFO,02/01/2024,09:38:39,0.65,0.65,2931960,0.7,1185440,3640,6212760
FINNIFTY02JAN2421800CE.NFO,02/01/2024,09:38:41,0.65,0.65,2931760,0.7,1182520,3200,6212760
FINNIFTY02JAN2421800CE.NFO,02/01/2024,09:38:43,0.65,0.65,2929680,0.7,1222720,2080,6212760
FINNIFTY02JAN2421800CE.NFO,02/01/2024,09:38:44,0.65,0.65,2930280,0.7,1198200,2280,6212760
FINNIFTY02JAN2421800CE.NFO,02/01/2024,09:38:46,0.65,0.65,2929600,0.7,1198200,680,6212760
FINNIFTY02JAN2421800CE.NFO,02/01/2024,09:38:48,0.65,0.65,2929040,0.7,1198400,600,6212760
FINNIFTY02JAN2421800CE.NFO,02/01/2024,09:38:49,0.65,0.65,2930760,0.7,1175000,0,6212760
FINNIFTY02JAN2421800CE.NFO,02/01/2024,09:38:51,0.65,0.65,2927960,0.7,1197760,4440,6212760
FINNIFTY02JAN2421800CE.NFO,02/01/2024,09:38:53,0.7,0.65,2928720,0.7,1212440,440,6212760
FINNIFTY02JAN2421800CE.NFO,02/01/2024,09:38:54,0.65,0.65,2927400,0.7,1172000,5760,6212760
FINNIFTY02JAN2421800CE.NFO,02/01/2024,09:38:56,0.65,0.65,2927320,0.7,1206320,1840,6212760
FINNIFTY02JAN2421800CE.NFO,02/01/2024,09:38:58,0.65,0.65,2925360,0.7,1177160,10080,6212760
FINNIFTY02JAN2421800CE.NFO,02/01/2024,09:38:59,0.65,0.65,2923320,0.7,1180360,5240,6212760
FINNIFTY02JAN2421800CE.NFO,02/01/2024,09:39:01,0.7,0.65,2928960,0.7,268240,11640,6212760
FINNIFTY02JAN2421800CE.NFO,02/01/2024,09:39:02,0.7,0.7,330560,0.75,157480,236400,6212760
FINNIFTY02JAN2421800CE.NFO,02/01/2024,09:39:04,0.75,0.7,518800,0.75,155400,20840,6212760
FINNIFTY02JAN2421800CE.NFO,02/01/2024,09:39:06,0.75,0.7,488800,0.75,1160560,10080,6212760
FINNIFTY02JAN2421800CE.NFO,02/01/2024,09:39:07,0.75,0.7,566520,0.75,1254280,8960,6212760
FINNIFTY02JAN2421800CE.NFO,02/01/2024,09:39:09,0.75,0.7,568920,0.75,1251320,6800,6212760
FINNIFTY02JAN2421800CE.NFO,02/01/2024,09:39:11,0.75,0.7,567400,0.75,1212160,1880,6212760
FINNIFTY02JAN2421800CE.NFO,02/01/2024,09:39:12,0.7,0.7,575360,0.75,1220040,11120,6212760
FINNIFTY02JAN2421800CE.NFO,02/01/2024,09:39:14,0.7,0.7,678440,0.75,1257480,9160,6212760
FINNIFTY02JAN2421800CE.NFO,02/01/2024,09:39:16,0.7,0.7,767840,0.75,1263720,2880,6212760
FINNIFTY02JAN2421800CE.NFO,02/01/2024,09:39:17,0.7,0.7,762600,0.75,1266520,6640,6212760
FINNIFTY02JAN2421800CE.NFO,02/01/2024,09:39:19,0.7,0.7,764560,0.75,1248320,2800,6212760
FINNIFTY02JAN2421800CE.NFO,02/01/2024,09:39:21,0.7,0.7,764560,0.75,1232160,5800,6212760
FINNIFTY02JAN2421800CE.NFO,02/01/2024,09:39:22,0.75,0.7,703360,0.75,1249000,24520,6212760
FINNIFTY02JAN2421800CE.NFO,02/01/2024,09:39:24,0.75,0.7,752200,0.75,1245440,560,6212760
FINNIFTY02JAN2421800CE.NFO,02/01/2024,09:39:25,0.75,0.7,721640,0.75,1264400,22800,6212760
FINNIFTY02JAN2421800CE.NFO,02/01/2024,09:39:27,0.75,0.7,738760,0.75,1250920,960,6212760
FINNIFTY02JAN2421800CE.NFO,02/01/2024,09:39:29,0.75,0.7,735240,0.75,1241880,10080,6212760
FINNIFTY02JAN2421800CE.NFO,02/01/2024,09:39:30,0.75,0.7,734640,0.75,1240360,1120,6212760
FINNIFTY02JAN2421800CE.NFO,02/01/2024,09:39:31,0.75,0.7,731040,0.75,1278520,560,6212760
FINNIFTY02JAN2421800CE.NFO,02/01/2024,09:39:33,0.75,0.7,434480,0.75,1235160,9600,6212760
FINNIFTY02JAN2421800CE.NFO,02/01/2024,09:39:35,0.75,0.7,450520,0.75,1256280,7200,6212760
FINNIFTY02JAN2421800CE.NFO,02/01/2024,09:39:36,0.75,0.7,450320,0.75,1236680,80,6212760
FINNIFTY02JAN2421800CE.NFO,02/01/2024,09:39:38,0.75,0.7,444840,0.75,1233880,6360,6212760
FINNIFTY02JAN2421800CE.NFO,02/01/2024,09:39:40,0.75,0.7,442480,0.75,1240000,6200,6212760
FINNIFTY02JAN2421800CE.NFO,02/01/2024,09:39:41,0.75,0.7,441480,0.75,1231000,4240,6212760
FINNIFTY02JAN2421800CE.NFO,02/01/2024,09:39:43,0.75,0.7,440840,0.75,1231320,480,6212760
FINNIFTY02JAN2421800CE.NFO,02/01/2024,09:39:45,0.7,0.7,434640,0.75,1229760,12080,6212760
FINNIFTY02JAN2421800CE.NFO,02/01/2024,09:39:46,0.7,0.7,426280,0.75,1228480,11920,6212760
FINNIFTY02JAN2421800CE.NFO,02/01/2024,09:39:48,0.7,0.7,466720,0.75,1226640,8640,6212760
FINNIFTY02JAN2421800CE.NFO,02/01/2024,09:39:50,0.75,0.7,562240,0.75,1250040,2440,6212760
FINNIFTY02JAN2421800CE.NFO,02/01/2024,09:39:51,0.75,0.7,589440,0.75,1246880,17880,6212760
FINNIFTY02JAN2421800CE.NFO,02/01/2024,09:39:53,0.7,0.7,587040,0.75,1255880,4200,6212760
FINNIFTY02JAN2421800CE.NFO,02/01/2024,09:39:55,0.75,0.7,498640,0.75,1246360,3240,6212760
FINNIFTY02JAN2421800CE.NFO,02/01/2024,09:39:56,0.7,0.7,497000,0.75,1272480,3800,6212760
FINNIFTY02JAN2421800CE.NFO,02/01/2024,09:39:58,0.75,0.7,1369120,0.75,1284520,3240,6212760
FINNIFTY02JAN2421800CE.NFO,02/01/2024,09:40:00,0.75,0.7,2492200,0.75,1254960,10760,6212760
FINNIFTY02JAN2421800CE.NFO,02/01/2024,09:40:01,0.7,0.7,2487400,0.75,1261360,4440,6212760
FINNIFTY02JAN2421800CE.NFO,02/01/2024,09:40:03,0.75,0.7,2487320,0.75,1257800,1480,6212760
FINNIFTY02JAN2421800CE.NFO,02/01/2024,09:40:05,0.7,0.7,2484800,0.75,1292680,7400,6212760
FINNIFTY02JAN2421800CE.NFO,02/01/2024,09:40:06,0.75,0.7,2484000,0.75,1289840,1040,6212760
FINNIFTY02JAN2421800CE.NFO,02/01/2024,09:40:08,0.7,0.7,4206800,0.75,1259560,10720,6212760
FINNIFTY02JAN2421800CE.NFO,02/01/2024,09:40:10,0.75,0.7,4481280,0.75,1278720,560,6212760
FINNIFTY02JAN2421800CE.NFO,02/01/2024,09:40:11,0.7,0.7,4480160,0.75,1275480,2200,6212760
FINNIFTY02JAN2421800CE.NFO,02/01/2024,09:40:13,0.7,0.7,4479680,0.75,1302520,2040,6212760
FINNIFTY02JAN2421800CE.NFO,02/01/2024,09:40:15,0.75,0.7,4479480,0.75,1275120,4600,6212760
FINNIFTY02JAN2421800CE.NFO,02/01/2024,09:40:16,0.75,0.7,4479560,0.75,1297120,2040,6212760
FINNIFTY02JAN2421800CE.NFO,02/01/2024,09:40:18,0.75,0.7,4480480,0.75,1255640,3720,6212760
FINNIFTY02JAN2421800CE.NFO,02/01/2024,09:40:20,0.75,0.7,4481040,0.75,1253240,3640,6212760
FINNIFTY02JAN2421800CE.NFO,02/01/2024,09:40:21,0.75,0.7,4480120,0.75,1264920,12880,6212760
FINNIFTY02JAN2421800CE.NFO,02/01/2024,09:40:23,0.7,0.7,4478520,0.75,1250880,1200,6212760
FINNIFTY02JAN2421800CE.NFO,02/01/2024,09:40:25,0.7,0.7,4478360,0.75,1257200,6760,6212760
FINNIFTY02JAN2421800CE.NFO,02/01/2024,09:40:26,0.75,0.7,4478360,0.75,1273440,40,6212760
FINNIFTY02JAN2421800CE.NFO,02/01/2024,09:40:28,0.75,0.7,4478280,0.75,1272360,880,6212760
FINNIFTY02JAN2421800CE.NFO,02/01/2024,09:40:30,0.75,0.7,4468920,0.75,1238760,41560,6212760
FINNIFTY02JAN2421800CE.NFO,02/01/2024,09:40:31,0.75,0.7,4466720,0.75,1198280,14880,6212760
FINNIFTY02JAN2421800CE.NFO,02/01/2024,09:40:33,0.75,0.7,4466720,0.75,1183320,1920,6212760
FINNIFTY02JAN2421800CE.NFO,02/01/2024,09:40:35,0.75,0.7,4466120,0.75,1206040,14960,6212760
FINNIFTY02JAN2421800CE.NFO,02/01/2024,09:40:36,0.7,0.7,4465040,0.75,1184840,3040,6212760
FINNIFTY02JAN2421800CE.NFO,02/01/2024,09:40:38,0.7,0.7,4464440,0.75,1214040,640,6212760
FINNIFTY02JAN2421800CE.NFO,02/01/2024,09:40:40,0.75,0.7,4464840,0.75,1178880,11360,6212760
FINNIFTY02JAN2421800CE.NFO,02/01/2024,09:40:41,0.75,0.7,4460880,0.75,1183320,20360,6212760
FINNIFTY02JAN2421800CE.NFO,02/01/2024,09:40:43,0.75,0.7,4454760,0.75,1146960,12920,6212760
FINNIFTY02JAN2421800CE.NFO,02/01/2024,09:40:45,0.7,0.7,3715960,0.75,1152120,5040,6212760
FINNIFTY02JAN2421800CE.NFO,02/01/2024,09:40:46,0.75,0.7,2659560,0.75,1179160,3880,6212760
FINNIFTY02JAN2421800CE.NFO,02/01/2024,09:40:48,0.7,0.7,2456320,0.75,1293400,2360,6212760
FINNIFTY02JAN2421800CE.NFO,02/01/2024,09:40:50,0.7,0.7,2456240,0.75,1382520,16400,6212760
FINNIFTY02JAN2421800CE.NFO,02/01/2024,09:40:51,0.7,0.7,2450960,0.75,1374560,5280,6212760
FINNIFTY02JAN2421800CE.NFO,02/01/2024,09:40:53,0.75,0.7,2448200,0.75,1355520,5320,6212760
FINNIFTY02JAN2421800CE.NFO,02/01/2024,09:40:55,0.75,0.7,2441520,0.75,1380320,13520,6212760
FINNIFTY02JAN2421800CE.NFO,02/01/2024,09:40:56,0.7,0.7,2438640,0.75,1344520,30960,6212760
FINNIFTY02JAN2421800CE.NFO,02/01/2024,09:40:58,0.75,0.7,2438640,0.75,1322960,2760,6212760
FINNIFTY02JAN2421800CE.NFO,02/01/2024,09:41:00,0.75,0.7,2436640,0.75,1348000,6920,6212760
FINNIFTY02JAN2421800CE.NFO,02/01/2024,09:41:01,0.75,0.7,2433160,0.75,1344320,3200,6212760
FINNIFTY02JAN2421800CE.NFO,02/01/2024,09:41:03,0.7,0.7,2430360,0.75,1345320,3000,6212760
FINNIFTY02JAN2421800CE.NFO,02/01/2024,09:41:05,0.75,0.7,2428520,0.75,1300560,21760,6212760
FINNIFTY02JAN2421800CE.NFO,02/01/2024,09:41:06,0.7,0.7,2323040,0.75,1337520,62400,6212760
FINNIFTY02JAN2421800CE.NFO,02/01/2024,09:41:08,0.75,0.7,2363800,0.75,1317440,7720,6212760
FINNIFTY02JAN2421800CE.NFO,02/01/2024,09:41:10,0.7,0.7,2363440,0.75,1319720,7880,6212760
FINNIFTY02JAN2421800CE.NFO,02/01/2024,09:41:11,0.75,0.7,2360640,0.75,1344520,17200,6212760
FINNIFTY02JAN2421800CE.NFO,02/01/2024,09:41:13,0.75,0.7,2360120,0.75,1343640,2680,6212760
FINNIFTY02JAN2421800CE.NFO,02/01/2024,09:41:15,0.7,0.7,2359840,0.75,1330200,4360,6212760
FINNIFTY02JAN2421800CE.NFO,02/01/2024,09:41:16,0.75,0.7,2357160,0.75,1391120,4240,6212760
FINNIFTY02JAN2421800CE.NFO,02/01/2024,09:41:18,0.75,0.7,2355160,0.75,1386240,8240,6212760
FINNIFTY02JAN2421800CE.NFO,02/01/2024,09:41:20,0.75,0.7,2353920,0.75,1325040,16840,6212760
FINNIFTY02JAN2421800CE.NFO,02/01/2024,09:41:21,0.75,0.7,2352160,0.75,1320080,4760,6212760
FINNIFTY02JAN2421800CE.NFO,02/01/2024,09:41:23,0.75,0.7,2351560,0.75,1330600,2880,6212760
FINNIFTY02JAN2421800CE.NFO,02/01/2024,09:41:25,0.7,0.7,2351640,0.75,1359720,1520,6212760
FINNIFTY02JAN2421800CE.NFO,02/01/2024,09:41:26,0.75,0.7,2349560,0.75,1359680,2080,6447520
FINNIFTY02JAN2421800CE.NFO,02/01/2024,09:41:28,0.75,0.7,2347840,0.75,1334640,2000,6447520
FINNIFTY02JAN2421800CE.NFO,02/01/2024,09:41:31,0.75,0.7,2340960,0.75,1366800,7240,6447520
FINNIFTY02JAN2421800CE.NFO,02/01/2024,09:41:32,0.7,0.7,2341920,0.75,1365680,1200,6447520
FINNIFTY02JAN2421800CE.NFO,02/01/2024,09:41:34,0.75,0.7,2337080,0.75,1366160,5440,6447520
FINNIFTY02JAN2421800CE.NFO,02/01/2024,09:41:36,0.75,0.7,2336960,0.75,1363040,480,6447520
FINNIFTY02JAN2421800CE.NFO,02/01/2024,09:41:37,0.75,0.7,2335160,0.75,1369680,400,6447520
FINNIFTY02JAN2421800CE.NFO,02/01/2024,09:41:39,0.75,0.7,2335160,0.75,1358880,10800,6447520
FINNIFTY02JAN2421800CE.NFO,02/01/2024,09:41:41,0.75,0.7,2333480,0.75,1317040,5000,6447520
FINNIFTY02JAN2421800CE.NFO,02/01/2024,09:41:42,0.75,0.7,2335000,0.75,1320080,1400,6447520
FINNIFTY02JAN2421800CE.NFO,02/01/2024,09:41:44,0.75,0.7,2335040,0.75,1355760,1320,6447520
FINNIFTY02JAN2421800CE.NFO,02/01/2024,09:41:46,0.75,0.7,2335040,0.75,1355800,40,6447520
FINNIFTY02JAN2421800CE.NFO,02/01/2024,09:41:47,0.7,0.7,2330120,0.75,1363520,6040,6447520
FINNIFTY02JAN2421800CE.NFO,02/01/2024,09:41:49,0.75,0.7,2330200,0.75,1341960,40,6447520
FINNIFTY02JAN2421800CE.NFO,02/01/2024,09:41:51,0.75,0.7,2330720,0.75,1362960,600,6447520
FINNIFTY02JAN2421800CE.NFO,02/01/2024,09:41:52,0.75,0.7,2330720,0.75,1359280,4400,6447520
FINNIFTY02JAN2421800CE.NFO,02/01/2024,09:41:54,0.7,0.7,2327320,0.75,1357920,4800,6447520
FINNIFTY02JAN2421800CE.NFO,02/01/2024,09:41:56,0.7,0.7,2323320,0.75,1359800,1600,6447520
FINNIFTY02JAN2421800CE.NFO,02/01/2024,09:41:57,0.7,0.7,2312000,0.75,1338080,11400,6447520
FINNIFTY02JAN2421800CE.NFO,02/01/2024,09:41:59,0.7,0.7,2146880,0.75,1328160,129280,6447520
FINNIFTY02JAN2421800CE.NFO,02/01/2024,09:42:01,0.7,0.7,2183360,0.75,1326640,13040,6447520
FINNIFTY02JAN2421800CE.NFO,02/01/2024,09:42:02,0.7,0.7,2177640,0.75,1446120,5280,6447520
FINNIFTY02JAN2421800CE.NFO,02/01/2024,09:42:04,0.7,0.7,2175800,0.75,1442720,6320,6447520
FINNIFTY02JAN2421800CE.NFO,02/01/2024,09:42:06,0.7,0.7,2176200,0.75,1443000,480,6447520
FINNIFTY02JAN2421800CE.NFO,02/01/2024,09:42:07,0.7,0.7,2174360,0.75,1406800,17160,6447520
FINNIFTY02JAN2421800CE.NFO,02/01/2024,09:42:09,0.75,0.7,2174480,0.75,1404600,9400,6447520
FINNIFTY02JAN2421800CE.NFO,02/01/2024,09:42:11,0.75,0.7,2174680,0.75,1454920,5920,6447520
FINNIFTY02JAN2421800CE.NFO,02/01/2024,09:42:12,0.75,0.7,2174080,0.75,1445920,0,6447520
FINNIFTY02JAN2421800CE.NFO,02/01/2024,09:42:14,0.7,0.7,2174960,0.75,1444480,11080,6447520
FINNIFTY02JAN2421800CE.NFO,02/01/2024,09:42:16,0.7,0.7,2146680,0.75,1443160,29280,6447520
FINNIFTY02JAN2421800CE.NFO,02/01/2024,09:42:17,0.75,0.7,2144560,0.75,1406920,2800,6447520
FINNIFTY02JAN2421800CE.NFO,02/01/2024,09:42:19,0.7,0.7,2143320,0.75,1430560,17240,6447520
FINNIFTY02JAN2421800CE.NFO,02/01/2024,09:42:21,0.75,0.7,2141360,0.75,1432640,7080,6447520
FINNIFTY02JAN2421800CE.NFO,02/01/2024,09:42:22,0.75,0.7,2141320,0.75,1437320,3920,6447520
FINNIFTY02JAN2421800CE.NFO,02/01/2024,09:42:24,0.75,0.7,2141320,0.75,1469240,720,6447520
FINNIFTY02JAN2421800CE.NFO,02/01/2024,09:42:26,0.7,0.7,2140440,0.75,1472560,520,6447520
FINNIFTY02JAN2421800CE.NFO,02/01/2024,09:42:27,0.75,0.7,2137560,0.75,1468320,3520,6447520
FINNIFTY02JAN2421800CE.NFO,02/01/2024,09:42:29,0.75,0.7,2124760,0.75,1459040,15600,6447520
FINNIFTY02JAN2421800CE.NFO,02/01/2024,09:42:30,0.75,0.7,2121120,0.75,1425800,6120,6447520
FINNIFTY02JAN2421800CE.NFO,02/01/2024,09:42:32,0.75,0.7,2116320,0.75,1424840,5600,6447520
FINNIFTY02JAN2421800CE.NFO,02/01/2024,09:42:34,0.75,0.7,2118600,0.75,1458480,5520,6447520
FINNIFTY02JAN2421800CE.NFO,02/01/2024,09:42:35,0.75,0.7,2116440,0.75,1454840,1680,6447520
FINNIFTY02JAN2421800CE.NFO,02/01/2024,09:42:37,0.75,0.7,2113680,0.75,1430920,4240,6447520
FINNIFTY02JAN2421800CE.NFO,02/01/2024,09:42:39,0.7,0.7,2111080,0.75,1427640,5640,6447520
FINNIFTY02JAN2421800CE.NFO,02/01/2024,09:42:40,0.75,0.7,2111040,0.75,1433760,3320,6447520
FINNIFTY02JAN2421800CE.NFO,02/01/2024,09:42:42,0.7,0.7,2111000,0.75,1436120,3040,6447520
FINNIFTY02JAN2421800CE.NFO,02/01/2024,09:42:43,0.75,0.7,2111000,0.75,1437440,2040,6447520
FINNIFTY02JAN2421800CE.NFO,02/01/2024,09:42:45,0.7,0.7,2101880,0.75,1415160,23160,6447520
FINNIFTY02JAN2421800CE.NFO,02/01/2024,09:42:47,0.7,0.7,2103800,0.75,1462400,3240,6447520
FINNIFTY02JAN2421800CE.NFO,02/01/2024,09:42:48,0.75,0.7,2104560,0.75,1459600,4800,6447520
FINNIFTY02JAN2421800CE.NFO,02/01/2024,09:42:50,0.75,0.7,2107040,0.75,1456560,3440,6447520
FINNIFTY02JAN2421800CE.NFO,02/01/2024,09:42:51,0.75,0.7,2107040,0.75,1431160,2520,6447520
FINNIFTY02JAN2421800CE.NFO,02/01/2024,09:42:53,0.75,0.7,2103640,0.75,1447200,5960,6447520
FINNIFTY02JAN2421800CE.NFO,02/01/2024,09:42:55,0.75,0.7,2103680,0.75,1438840,1560,6447520
FINNIFTY02JAN2421800CE.NFO,02/01/2024,09:42:57,0.75,0.7,2103960,0.75,1372640,49240,6447520
FINNIFTY02JAN2421800CE.NFO,02/01/2024,09:42:58,0.75,0.7,2093000,0.75,1246920,154200,6447520
FINNIFTY02JAN2421800CE.NFO,02/01/2024,09:43:00,0.75,0.7,2093000,0.75,1000160,22640,6447520
FINNIFTY02JAN2421800CE.NFO,02/01/2024,09:43:02,0.75,0.7,2092200,0.75,992120,18840,6447520
FINNIFTY02JAN2421800CE.NFO,02/01/2024,09:43:03,0.75,0.7,2091840,0.75,995400,480,6447520
FINNIFTY02JAN2421800CE.NFO,02/01/2024,09:43:05,0.7,0.7,2091600,0.75,992080,2680,6447520
FINNIFTY02JAN2421800CE.NFO,02/01/2024,09:43:06,0.75,0.7,2120840,0.75,952680,2960,6447520
FINNIFTY02JAN2421800CE.NFO,02/01/2024,09:43:08,0.75,0.7,2120840,0.75,965000,320,6447520
FINNIFTY02JAN2421800CE.NFO,02/01/2024,09:43:10,0.7,0.7,2118920,0.75,967160,14520,6447520
FINNIFTY02JAN2421800CE.NFO,02/01/2024,09:43:11,0.75,0.7,2118840,0.75,1198600,2960,6447520
FINNIFTY02JAN2421800CE.NFO,02/01/2024,09:43:13,0.75,0.7,2114920,0.75,1195720,3280,6447520
FINNIFTY02JAN2421800CE.NFO,02/01/2024,09:43:15,0.75,0.7,2111200,0.75,1230480,6280,6447520
FINNIFTY02JAN2421800CE.NFO,02/01/2024,09:43:16,0.7,0.7,2108600,0.75,1218640,15200,6447520
FINNIFTY02JAN2421800CE.NFO,02/01/2024,09:43:18,0.7,0.7,2106200,0.75,1218680,2400,6447520
FINNIFTY02JAN2421800CE.NFO,02/01/2024,09:43:20,0.7,0.7,2099960,0.75,1238840,4040,6447520
FINNIFTY02JAN2421800CE.NFO,02/01/2024,09:43:21,0.75,0.7,2108560,0.75,1194960,15160,6447520
FINNIFTY02JAN2421800CE.NFO,02/01/2024,09:43:23,0.75,0.7,2107760,0.75,1187680,5760,6447520
FINNIFTY02JAN2421800CE.NFO,02/01/2024,09:43:25,0.7,0.7,2095280,0.75,1233920,13480,6447520
FINNIFTY02JAN2421800CE.NFO,02/01/2024,09:43:26,0.75,0.7,2096240,0.75,1215960,18800,6447520
FINNIFTY02JAN2421800CE.NFO,02/01/2024,09:43:28,0.75,0.7,2094440,0.75,1172840,5280,6447520
FINNIFTY02JAN2421800CE.NFO,02/01/2024,09:43:29,0.75,0.7,2091120,0.75,1173240,4960,6447520
FINNIFTY02JAN2421800CE.NFO,02/01/2024,09:43:31,0.75,0.7,2089320,0.75,1211680,1840,6447520
FINNIFTY02JAN2421800CE.NFO,02/01/2024,09:43:32,0.7,0.7,2087520,0.75,1211680,1800,6447520
FINNIFTY02JAN2421800CE.NFO,02/01/2024,09:43:34,0.7,0.7,2082320,0.75,1157120,15800,6447520
FINNIFTY02JAN2421800CE.NFO,02/01/2024,09:43:36,0.7,0.7,2080200,0.75,1200280,1840,6447520
FINNIFTY02JAN2421800CE.NFO,02/01/2024,09:43:37,0.7,0.7,2079080,0.75,1177320,2600,6447520
FINNIFTY02JAN2421800CE.NFO,02/01/2024,09:43:39,0.75,0.7,2075560,0.75,1234960,13400,6447520
FINNIFTY02JAN2421800CE.NFO,02/01/2024,09:43:41,0.75,0.7,2075360,0.75,1203960,8720,6447520
FINNIFTY02JAN2421800CE.NFO,02/01/2024,09:43:42,0.7,0.7,2072920,0.75,1225520,2480,6447520
FINNIFTY02JAN2421800CE.NFO,02/01/2024,09:43:44,0.7,0.7,2066400,0.75,1187760,6080,6447520
FINNIFTY02JAN2421800CE.NFO,02/01/2024,09:43:46,0.7,0.7,2060360,0.75,1218240,13080,6447520
FINNIFTY02JAN2421800CE.NFO,02/01/2024,09:43:47,0.7,0.7,2056640,0.75,1179760,4520,6447520
FINNIFTY02JAN2421800CE.NFO,02/01/2024,09:43:49,0.7,0.7,2055680,0.75,1185160,3640,6447520
FINNIFTY02JAN2421800CE.NFO,02/01/2024,09:43:50,0.7,0.7,2024320,0.75,1201360,480,6447520
FINNIFTY02JAN2421800CE.NFO,02/01/2024,09:43:52,0.7,0.7,2024240,0.75,1199560,2440,6447520
FINNIFTY02JAN2421800CE.NFO,02/01/2024,09:43:54,0.7,0.7,2024200,0.75,1161320,0,6447520
FINNIFTY02JAN2421800CE.NFO,02/01/2024,09:43:55,0.7,0.7,2024080,0.75,1162360,120,6447520
FINNIFTY02JAN2421800CE.NFO,02/01/2024,09:43:57,0.75,0.7,2026640,0.75,1198280,2600,6447520
FINNIFTY02JAN2421800CE.NFO,02/01/2024,09:43:59,0.7,0.7,2025520,0.75,1175160,3000,6447520
FINNIFTY02JAN2421800CE.NFO,02/01/2024,09:44:00,0.7,0.7,2024920,0.75,1192920,2120,6447520
FINNIFTY02JAN2421800CE.NFO,02/01/2024,09:44:02,0.75,0.7,2023360,0.75,1151680,27120,6447520
FINNIFTY02JAN2421800CE.NFO,02/01/2024,09:44:04,0.75,0.7,2024280,0.75,1101200,20040,6447520
FINNIFTY02JAN2421800CE.NFO,02/01/2024,09:44:05,0.7,0.7,2022280,0.75,1124200,3880,6447520
FINNIFTY02JAN2421800CE.NFO,02/01/2024,09:44:07,0.75,0.7,2022280,0.75,1125840,9160,6447520
FINNIFTY02JAN2421800CE.NFO,02/01/2024,09:44:09,0.7,0.7,2021160,0.75,1124720,3040,6447520
FINNIFTY02JAN2421800CE.NFO,02/01/2024,09:44:10,0.75,0.7,2019840,0.75,1075800,12920,6447520
FINNIFTY02JAN2421800CE.NFO,02/01/2024,09:44:12,0.75,0.7,2019800,0.75,1103680,11840,6447520
FINNIFTY02JAN2421800CE.NFO,02/01/2024,09:44:13,0.75,0.7,2017680,0.75,1102720,3960,6447520
FINNIFTY02JAN2421800CE.NFO,02/01/2024,09:44:15,0.7,0.7,2001600,0.75,1063240,16320,6447520
FINNIFTY02JAN2421800CE.NFO,02/01/2024,09:44:17,0.7,0.7,1997360,0.75,1141840,5400,6447520
FINNIFTY02JAN2421800CE.NFO,02/01/2024,09:44:18,0.7,0.7,1993280,0.75,1041640,68240,6447520
FINNIFTY02JAN2421800CE.NFO,02/01/2024,09:44:20,0.7,0.7,1988520,0.75,1018680,27840,6447520
FINNIFTY02JAN2421800CE.NFO,02/01/2024,09:44:22,0.7,0.7,1987440,0.75,1057160,920,6447520
FINNIFTY02JAN2421800CE.NFO,02/01/2024,09:44:23,0.75,0.7,1990920,0.75,1010320,9200,6447520
FINNIFTY02JAN2421800CE.NFO,02/01/2024,09:44:25,0.7,0.7,1987920,0.75,1073720,4840,6447520
FINNIFTY02JAN2421800CE.NFO,02/01/2024,09:44:27,0.7,0.7,1987880,0.75,1035400,40,6415520
FINNIFTY02JAN2421800CE.NFO,02/01/2024,09:44:28,0.7,0.7,1987640,0.75,1037240,16240,6415520
FINNIFTY02JAN2421800CE.NFO,02/01/2024,09:44:30,0.7,0.7,1986560,0.75,1055560,3400,6415520
FINNIFTY02JAN2421800CE.NFO,02/01/2024,09:44:32,0.7,0.7,1985760,0.75,1017520,1120,6415520
FINNIFTY02JAN2421800CE.NFO,02/01/2024,09:44:33,0.75,0.7,1984480,0.75,1016080,3120,6415520
FINNIFTY02JAN2421800CE.NFO,02/01/2024,09:44:35,0.75,0.7,1984320,0.75,1046960,6920,6415520
FINNIFTY02JAN2421800CE.NFO,02/01/2024,09:44:37,0.75,0.7,1982640,0.75,1053800,3600,6415520
FINNIFTY02JAN2421800CE.NFO,02/01/2024,09:44:38,0.7,0.7,1981000,0.75,1075520,3320,6415520
FINNIFTY02JAN2421800CE.NFO,02/01/2024,09:44:40,0.75,0.7,1979200,0.75,1027080,11600,6415520
FINNIFTY02JAN2421800CE.NFO,02/01/2024,09:44:42,0.75,0.7,1983000,0.75,1047160,1000,6415520
FINNIFTY02JAN2421800CE.NFO,02/01/2024,09:44:43,0.7,0.7,1991400,0.75,1011920,9960,6415520
FINNIFTY02JAN2421800CE.NFO,02/01/2024,09:44:45,0.7,0.7,1988760,0.75,1042760,2520,6415520
FINNIFTY02JAN2421800CE.NFO,02/01/2024,09:44:47,0.7,0.7,1990440,0.75,1014320,0,6415520
FINNIFTY02JAN2421800CE.NFO,02/01/2024,09:44:48,0.75,0.7,1988680,0.75,1037120,680,6415520
FINNIFTY02JAN2421800CE.NFO,02/01/2024,09:44:50,0.75,0.7,1988680,0.75,1030200,0,6415520
FINNIFTY02JAN2421800CE.NFO,02/01/2024,09:44:51,0.75,0.7,1988760,0.75,1021520,19440,6415520
FINNIFTY02JAN2421800CE.NFO,02/01/2024,09:44:53,0.75,0.7,1987720,0.75,1099400,5000,6415520
FINNIFTY02JAN2421800CE.NFO,02/01/2024,09:44:55,0.7,0.7,1986920,0.75,1080640,800,6415520
FINNIFTY02JAN2421800CE.NFO,02/01/2024,09:44:56,0.75,0.7,1986920,0.75,1086360,2280,6415520
FINNIFTY02JAN2421800CE.NFO,02/01/2024,09:44:58,0.7,0.7,1986560,0.75,1049760,18920,6415520
FINNIFTY02JAN2421800CE.NFO,02/01/2024,09:45:00,0.75,0.7,1987760,0.75,1067400,15400,6415520
FINNIFTY02JAN2421800CE.NFO,02/01/2024,09:45:02,0.75,0.7,1986160,0.75,1034880,2800,6415520
FINNIFTY02JAN2421800CE.NFO,02/01/2024,09:45:03,0.75,0.7,1936640,0.75,1051360,71520,6415520
FINNIFTY02JAN2421800CE.NFO,02/01/2024,09:45:05,0.75,0.7,1938600,0.75,970600,20800,6415520
FINNIFTY02JAN2421800CE.NFO,02/01/2024,09:45:07,0.75,0.7,1937120,0.75,994560,18800,6415520
FINNIFTY02JAN2421800CE.NFO,02/01/2024,09:45:08,0.75,0.7,1930520,0.75,1015320,13480,6415520
FINNIFTY02JAN2421800CE.NFO,02/01/2024,09:45:10,0.75,0.7,1925120,0.75,1013400,7480,6415520
FINNIFTY02JAN2421800CE.NFO,02/01/2024,09:45:12,0.7,0.7,1921520,0.75,975240,6400,6415520
FINNIFTY02JAN2421800CE.NFO,02/01/2024,09:45:13,0.7,0.7,1921840,0.75,995000,4200,6415520
FINNIFTY02JAN2421800CE.NFO,02/01/2024,09:45:15,0.75,0.7,1920000,0.75,1013000,1800,6415520
FINNIFTY02JAN2421800CE.NFO,02/01/2024,09:45:17,0.7,0.7,1918920,0.75,993280,1160,6415520
FINNIFTY02JAN2421800CE.NFO,02/01/2024,09:45:18,0.75,0.7,1917640,0.75,983560,4600,6415520
FINNIFTY02JAN2421800CE.NFO,02/01/2024,09:45:20,0.7,0.7,1918480,0.75,979000,320,6415520
FINNIFTY02JAN2421800CE.NFO,02/01/2024,09:45:22,0.75,0.7,1920120,0.75,987040,11600,6415520
FINNIFTY02JAN2421800CE.NFO,02/01/2024,09:45:23,0.75,0.7,1917080,0.75,966560,17040,6415520
FINNIFTY02JAN2421800CE.NFO,02/01/2024,09:45:25,0.7,0.7,1916720,0.75,1104200,440,6415520
FINNIFTY02JAN2421800CE.NFO,02/01/2024,09:45:27,0.75,0.7,1915000,0.75,1082400,1040,6415520
FINNIFTY02JAN2421800CE.NFO,02/01/2024,09:45:28,0.75,0.7,1901280,0.75,1112440,15360,6415520
FINNIFTY02JAN2421800CE.NFO,02/01/2024,09:45:30,0.7,0.7,1898320,0.75,1080200,2960,6415520
FINNIFTY02JAN2421800CE.NFO,02/01/2024,09:45:32,0.75,0.7,1898560,0.75,1096600,12840,6415520
FINNIFTY02JAN2421800CE.NFO,02/01/2024,09:45:33,0.75,0.7,1898520,0.75,1083640,4560,6415520
FINNIFTY02JAN2421800CE.NFO,02/01/2024,09:45:35,0.75,0.7,1898520,0.75,1099800,1640,6415520
FINNIFTY02JAN2421800CE.NFO,02/01/2024,09:45:37,0.75,0.7,1898520,0.75,1074760,5240,6415520
FINNIFTY02JAN2421800CE.NFO,02/01/2024,09:45:38,0.75,0.7,1895360,0.75,1067560,2920,6415520
FINNIFTY02JAN2421800CE.NFO,02/01/2024,09:45:40,0.7,0.7,1892360,0.75,1095880,3480,6415520
FINNIFTY02JAN2421800CE.NFO,02/01/2024,09:45:42,0.75,0.7,1891000,0.75,1091880,6120,6415520
FINNIFTY02JAN2421800CE.NFO,02/01/2024,09:45:43,0.7,0.7,1889280,0.75,1064920,1000,6415520
