Ticker,Date,Time,LTP,BuyPrice,BuyQty,SellPrice,SellQty,LTQ,OpenInterest
FINNIFTY02JAN2421450CE.NFO,02/01/2024,09:15:00,49,36.1,80,37.05,320,1800,0
FINNIFTY02JAN2421450CE.NFO,02/01/2024,09:15:00,49,36.1,80,37.05,320,0,0
FINNIFTY02JAN2421450CE.NFO,02/01/2024,09:15:00,49,36.1,80,37.05,320,0,0
FINNIFTY02JAN2421450CE.NFO,02/01/2024,09:15:00,35.85,36.1,80,37.05,320,0,0
FINNIFTY02JAN2421450CE.NFO,02/01/2024,09:15:01,34.1,34.05,40,34.35,240,20040,2285240
FINNIFTY02JAN2421450CE.NFO,02/01/2024,09:15:01,33.3,34.05,40,34.35,240,0,2285240
FINNIFTY02JAN2421450CE.NFO,02/01/2024,09:15:03,25.35,24.15,120,25.15,680,68800,2285240
FINNIFTY02JAN2421450CE.NFO,02/01/2024,09:15:03,24,24.15,120,25.15,680,0,2285240
FINNIFTY02JAN2421450CE.NFO,02/01/2024,09:15:04,26.65,26.65,320,26.75,160,68960,2285240
FINNIFTY02JAN2421450CE.NFO,02/01/2024,09:15:06,27.65,27.45,400,27.65,40,118560,2285240
FINNIFTY02JAN2421450CE.NFO,02/01/2024,09:15:08,26.8,26.8,560,26.9,40,67680,2285240
FINNIFTY02JAN2421450CE.NFO,02/01/2024,09:15:09,24.7,24.7,560,24.8,80,78320,2285240
FINNIFTY02JAN2421450CE.NFO,02/01/2024,09:15:11,25.45,25.5,160,25.7,880,265080,2285240
FINNIFTY02JAN2421450CE.NFO,02/01/2024,09:15:11,22,25.5,160,25.7,880,0,2285240
FINNIFTY02JAN2421450CE.NFO,02/01/2024,09:15:13,24.65,24.6,240,24.7,120,138360,2285240
FINNIFTY02JAN2421450CE.NFO,02/01/2024,09:15:14,23.5,23.45,360,23.5,160,81480,2285240
FINNIFTY02JAN2421450CE.NFO,02/01/2024,09:15:16,21,21,560,21.15,400,137120,2285240
FINNIFTY02JAN2421450CE.NFO,02/01/2024,09:15:16,20.8,21,560,21.15,400,0,2285240
FINNIFTY02JAN2421450CE.NFO,02/01/2024,09:15:17,22.75,22.55,520,22.75,400,178240,2285240
FINNIFTY02JAN2421450CE.NFO,02/01/2024,09:15:19,24,24,400,24.15,400,86840,2285240
FINNIFTY02JAN2421450CE.NFO,02/01/2024,09:15:21,22.6,22.5,1040,22.65,920,95040,2285240
FINNIFTY02JAN2421450CE.NFO,02/01/2024,09:15:22,22.45,22.45,1040,22.7,1840,118840,2285240
FINNIFTY02JAN2421450CE.NFO,02/01/2024,09:15:24,22.05,22.05,1360,22.15,120,93640,2285240
FINNIFTY02JAN2421450CE.NFO,02/01/2024,09:15:26,22.5,22.5,280,22.6,440,109440,2285240
FINNIFTY02JAN2421450CE.NFO,02/01/2024,09:15:27,22.4,22.25,1000,22.4,640,88360,2285240
FINNIFTY02JAN2421450CE.NFO,02/01/2024,09:15:29,22.85,22.75,280,22.85,1120,74440,2285240
FINNIFTY02JAN2421450CE.NFO,02/01/2024,09:15:30,22.95,22.9,1640,23,80,57760,2285240
FINNIFTY02JAN2421450CE.NFO,02/01/2024,09:15:32,22.2,22.2,9200,22.3,160,86720,2285240
FINNIFTY02JAN2421450CE.NFO,02/01/2024,09:15:34,21.5,21.5,120,21.7,3640,82320,2285240
FINNIFTY02JAN2421450CE.NFO,02/01/2024,09:15:35,21.8,21.65,840,21.8,1640,77200,2285240
FINNIFTY02JAN2421450CE.NFO,02/01/2024,09:15:37,22.25,22.25,2680,22.45,600,69800,2285240
FINNIFTY02JAN2421450CE.NFO,02/01/2024,09:15:39,22.8,22.6,2720,22.8,160,72880,2285240
FINNIFTY02JAN2421450CE.NFO,02/01/2024,09:15:40,23.95,23.8,2200,24,880,95840,2285240
FINNIFTY02JAN2421450CE.NFO,02/01/2024,09:15:42,23.5,23.25,1720,23.5,280,102080,2285240
FINNIFTY02JAN2421450CE.NFO,02/01/2024,09:15:43,23.7,23.55,2080,23.7,240,86000,2285240
FINNIFTY02JAN2421450CE.NFO,02/01/2024,09:15:45,23.95,23.8,680,23.95,1360,73440,2285240
FINNIFTY02JAN2421450CE.NFO,02/01/2024,09:15:47,23.45,23.5,440,23.6,280,113880,2285240
FINNIFTY02JAN2421450CE.NFO,02/01/2024,09:15:48,23,23,720,23.05,200,73600,2285240
FINNIFTY02JAN2421450CE.NFO,02/01/2024,09:15:50,22.8,22.55,2360,22.8,3280,70320,2285240
FINNIFTY02JAN2421450CE.NFO,02/01/2024,09:15:52,23.1,22.95,1840,23.1,40,86320,2285240
FINNIFTY02JAN2421450CE.NFO,02/01/2024,09:15:53,22.95,22.95,360,23.15,1280,87480,2285240
FINNIFTY02JAN2421450CE.NFO,02/01/2024,09:15:55,23,22.8,2080,23,2040,87440,2285240
FINNIFTY02JAN2421450CE.NFO,02/01/2024,09:15:56,22.3,22.3,80,22.35,440,97880,2285240
FINNIFTY02JAN2421450CE.NFO,02/01/2024,09:15:58,22,22,17040,22.1,1760,67080,2285240
FINNIFTY02JAN2421450CE.NFO,02/01/2024,09:16:00,21.8,21.75,120,21.85,360,141520,2285240
FINNIFTY02JAN2421450CE.NFO,02/01/2024,09:16:01,20.1,20.1,4560,20.2,560,167240,2285240
FINNIFTY02JAN2421450CE.NFO,02/01/2024,09:16:01,20.1,20.1,4560,20.2,560,0,2285240
FINNIFTY02JAN2421450CE.NFO,02/01/2024,09:16:03,20.15,20.05,1560,20.2,760,117800,2285240
FINNIFTY02JAN2421450CE.NFO,02/01/2024,09:16:03,20,20.05,1560,20.2,760,0,2285240
FINNIFTY02JAN2421450CE.NFO,02/01/2024,09:16:04,20.15,20.15,3160,20.3,1120,123920,2285240
FINNIFTY02JAN2421450CE.NFO,02/01/2024,09:16:06,21.3,21.25,320,21.3,80,162880,2285240
FINNIFTY02JAN2421450CE.NFO,02/01/2024,09:16:08,22.5,22.4,1840,22.5,240,125880,2285240
FINNIFTY02JAN2421450CE.NFO,02/01/2024,09:16:09,21.55,21.5,2320,21.6,600,99560,2285240
FINNIFTY02JAN2421450CE.NFO,02/01/2024,09:16:11,22.3,22.25,120,22.3,400,93600,2285240
FINNIFTY02JAN2421450CE.NFO,02/01/2024,09:16:13,22.7,22.7,360,22.75,480,81400,2285240
FINNIFTY02JAN2421450CE.NFO,02/01/2024,09:16:14,22.6,22.6,880,22.7,1600,71080,2285240
FINNIFTY02JAN2421450CE.NFO,02/01/2024,09:16:16,21.45,21.4,1680,21.5,600,115880,2285240
FINNIFTY02JAN2421450CE.NFO,02/01/2024,09:16:17,21.75,21.65,1960,21.75,680,62200,2285240
FINNIFTY02JAN2421450CE.NFO,02/01/2024,09:16:19,22,21.85,1600,22,2360,62800,2285240
FINNIFTY02JAN2421450CE.NFO,02/01/2024,09:16:21,21.45,21.35,480,21.45,720,54600,2285240
FINNIFTY02JAN2421450CE.NFO,02/01/2024,09:16:22,20.4,20.4,1320,20.55,1240,67480,2285240
FINNIFTY02JAN2421450CE.NFO,02/01/2024,09:16:24,20.4,20.4,2120,20.5,2160,70320,2285240
FINNIFTY02JAN2421450CE.NFO,02/01/2024,09:16:25,20.3,20.2,1360,20.3,1680,62080,2285240
FINNIFTY02JAN2421450CE.NFO,02/01/2024,09:16:27,20.2,20.1,1840,20.2,280,87200,2285240
FINNIFTY02JAN2421450CE.NFO,02/01/2024,09:16:29,20.25,20.2,440,20.3,3240,78760,2285240
FINNIFTY02JAN2421450CE.NFO,02/01/2024,09:16:30,20.8,20.7,3000,20.8,320,63760,2285240
FINNIFTY02JAN2421450CE.NFO,02/01/2024,09:16:32,20.55,20.55,400,20.6,840,49680,2285240
FINNIFTY02JAN2421450CE.NFO,02/01/2024,09:16:34,20.2,20.2,1320,20.3,1520,53880,2285240
FINNIFTY02JAN2421450CE.NFO,02/01/2024,09:16:35,20.95,20.8,2880,20.95,2160,38760,2285240
FINNIFTY02JAN2421450CE.NFO,02/01/2024,09:16:37,20.45,20.45,1400,20.55,560,35800,2285240
FINNIFTY02JAN2421450CE.NFO,02/01/2024,09:16:38,20.45,20.35,2720,20.45,200,50320,2285240
FINNIFTY02JAN2421450CE.NFO,02/01/2024,09:16:40,20.35,20.15,4360,20.3,1840,66240,2285240
FINNIFTY02JAN2421450CE.NFO,02/01/2024,09:16:42,20.3,20.3,400,20.4,6320,41880,2285240
FINNIFTY02JAN2421450CE.NFO,02/01/2024,09:16:43,20.5,20.5,120,20.6,3360,55000,2285240
FINNIFTY02JAN2421450CE.NFO,02/01/2024,09:16:45,21.5,21.5,1040,21.55,320,42600,2285240
FINNIFTY02JAN2421450CE.NFO,02/01/2024,09:16:46,21.35,21.3,200,21.35,360,36040,2285240
FINNIFTY02JAN2421450CE.NFO,02/01/2024,09:16:48,21.95,21.95,720,22.05,2640,74320,2285240
FINNIFTY02JAN2421450CE.NFO,02/01/2024,09:16:50,22.2,22.2,240,22.25,40,54520,2285240
FINNIFTY02JAN2421450CE.NFO,02/01/2024,09:16:51,21.8,21.8,800,21.95,4720,82360,2285240
FINNIFTY02JAN2421450CE.NFO,02/01/2024,09:16:53,21.05,21.05,3640,21.15,1480,50600,2285240
FINNIFTY02JAN2421450CE.NFO,02/01/2024,09:16:54,20.7,20.55,2240,20.7,3000,74920,2285240
FINNIFTY02JAN2421450CE.NFO,02/01/2024,09:16:56,20.75,20.65,920,20.7,520,77640,2285240
FINNIFTY02JAN2421450CE.NFO,02/01/2024,09:16:58,21.15,21.15,2800,21.2,200,56960,2285240
FINNIFTY02JAN2421450CE.NFO,02/01/2024,09:16:59,21.3,21.2,2920,21.3,1440,56360,2285240
FINNIFTY02JAN2421450CE.NFO,02/01/2024,09:17:01,20.8,20.7,1960,20.8,240,184720,2285240
FINNIFTY02JAN2421450CE.NFO,02/01/2024,09:17:02,20.35,20.25,3160,20.35,1600,87000,2285240
FINNIFTY02JAN2421450CE.NFO,02/01/2024,09:17:04,20.3,20.3,1800,20.4,1480,104200,2285240
FINNIFTY02JAN2421450CE.NFO,02/01/2024,09:17:06,20.5,20.45,2400,20.55,1880,41320,2285240
FINNIFTY02JAN2421450CE.NFO,02/01/2024,09:17:07,20.9,20.8,3960,20.9,400,72800,2285240
FINNIFTY02JAN2421450CE.NFO,02/01/2024,09:17:09,20.6,20.6,6480,20.75,3120,46640,2285240
FINNIFTY02JAN2421450CE.NFO,02/01/2024,09:17:10,20.55,20.45,2200,20.55,3320,29360,2285240
FINNIFTY02JAN2421450CE.NFO,02/01/2024,09:17:12,20.3,20.3,5120,20.4,1760,41800,2285240
FINNIFTY02JAN2421450CE.NFO,02/01/2024,09:17:14,20.5,20.4,4360,20.5,1480,39320,2285240
FINNIFTY02JAN2421450CE.NFO,02/01/2024,09:17:15,20.5,20.4,3080,20.5,5040,26880,2285240
FINNIFTY02JAN2421450CE.NFO,02/01/2024,09:17:17,20.75,20.65,120,20.75,1240,70400,2285240
FINNIFTY02JAN2421450CE.NFO,02/01/2024,09:17:18,21.3,21.25,2480,21.3,120,48760,2285240
FINNIFTY02JAN2421450CE.NFO,02/01/2024,09:17:20,21.7,21.6,760,21.65,160,51880,2285240
FINNIFTY02JAN2421450CE.NFO,02/01/2024,09:17:22,21.4,21.35,2400,21.4,440,48720,3733880
FINNIFTY02JAN2421450CE.NFO,02/01/2024,09:17:23,21.45,21.4,3200,21.45,40,39200,3733880
FINNIFTY02JAN2421450CE.NFO,02/01/2024,09:17:25,21.15,21.05,2240,21.15,2080,55280,3733880
FINNIFTY02JAN2421450CE.NFO,02/01/2024,09:17:26,21.25,21.1,3840,21.25,5720,54640,3733880
FINNIFTY02JAN2421450CE.NFO,02/01/2024,09:17:28,20.85,20.75,1000,20.85,3360,103720,3733880
FINNIFTY02JAN2421450CE.NFO,02/01/2024,09:17:30,20.65,20.55,2600,20.65,4040,32000,3733880
FINNIFTY02JAN2421450CE.NFO,02/01/2024,09:17:31,20.8,20.75,2280,20.85,1160,41760,3733880
FINNIFTY02JAN2421450CE.NFO,02/01/2024,09:17:33,21.05,21.05,1920,21.15,3120,53240,3733880
FINNIFTY02JAN2421450CE.NFO,02/01/2024,09:17:34,20.85,20.8,2560,20.9,1920,35120,3733880
FINNIFTY02JAN2421450CE.NFO,02/01/2024,09:17:36,20.5,20.5,7160,20.55,240,63240,3733880
FINNIFTY02JAN2421450CE.NFO,02/01/2024,09:17:38,21.4,21.4,2840,21.45,560,42520,3733880
FINNIFTY02JAN2421450CE.NFO,02/01/2024,09:17:39,20.55,20.5,1600,20.55,3360,39680,3733880
FINNIFTY02JAN2421450CE.NFO,02/01/2024,09:17:41,20.35,20.2,4880,20.35,2240,93960,3733880
FINNIFTY02JAN2421450CE.NFO,02/01/2024,09:17:42,20.4,20.4,2200,20.5,1200,50120,3733880
FINNIFTY02JAN2421450CE.NFO,02/01/2024,09:17:44,20.5,20.45,3320,20.55,1360,65560,3733880
FINNIFTY02JAN2421450CE.NFO,02/01/2024,09:17:46,20.35,20.25,1880,20.35,1440,52760,3733880
FINNIFTY02JAN2421450CE.NFO,02/01/2024,09:17:47,20.15,20.05,4240,20.15,840,54360,3733880
FINNIFTY02JAN2421450CE.NFO,02/01/2024,09:17:49,20.45,20.45,2960,20.5,5440,51800,3733880
FINNIFTY02JAN2421450CE.NFO,02/01/2024,09:17:50,20.65,20.65,4400,20.75,1840,55640,3733880
FINNIFTY02JAN2421450CE.NFO,02/01/2024,09:17:52,20.45,20.4,960,20.45,2000,35120,3733880
FINNIFTY02JAN2421450CE.NFO,02/01/2024,09:17:54,20.45,20.45,1000,20.55,4640,30080,3733880
FINNIFTY02JAN2421450CE.NFO,02/01/2024,09:17:55,20.35,20.2,4480,20.3,1120,35480,3733880
FINNIFTY02JAN2421450CE.NFO,02/01/2024,09:17:57,20.45,20.45,920,20.55,4760,32600,3733880
FINNIFTY02JAN2421450CE.NFO,02/01/2024,09:17:58,20.55,20.55,200,20.65,5520,37320,3733880
FINNIFTY02JAN2421450CE.NFO,02/01/2024,09:18:00,20.4,20.3,560,20.35,240,58240,3733880
FINNIFTY02JAN2421450CE.NFO,02/01/2024,09:18:01,20.65,20.65,1800,20.75,5200,94240,3733880
FINNIFTY02JAN2421450CE.NFO,02/01/2024,09:18:03,21.4,21.4,4560,21.45,120,51720,3733880
FINNIFTY02JAN2421450CE.NFO,02/01/2024,09:18:05,21.2,21.2,5040,21.3,3440,100520,3733880
FINNIFTY02JAN2421450CE.NFO,02/01/2024,09:18:06,21.35,21.3,7600,21.4,960,60760,3733880
FINNIFTY02JAN2421450CE.NFO,02/01/2024,09:18:08,21.65,21.65,3760,21.75,5200,55560,3733880
FINNIFTY02JAN2421450CE.NFO,02/01/2024,09:18:10,21.4,21.4,3880,21.45,480,49400,3733880
FINNIFTY02JAN2421450CE.NFO,02/01/2024,09:18:11,20.8,20.75,5520,20.85,2440,62320,3733880
FINNIFTY02JAN2421450CE.NFO,02/01/2024,09:18:13,20.95,20.9,3800,20.95,160,40880,3733880
FINNIFTY02JAN2421450CE.NFO,02/01/2024,09:18:15,21.1,21,3160,21.1,2640,28240,3733880
FINNIFTY02JAN2421450CE.NFO,02/01/2024,09:18:16,20.6,20.55,2200,20.6,3560,34360,3733880
FINNIFTY02JAN2421450CE.NFO,02/01/2024,09:18:18,20.35,20.25,2160,20.3,40,59240,3733880
FINNIFTY02JAN2421450CE.NFO,02/01/2024,09:18:20,20.05,20.05,1120,20.15,3920,85840,3733880
FINNIFTY02JAN2421450CE.NFO,02/01/2024,09:18:21,20.2,20.2,5320,20.3,3120,100960,3733880
FINNIFTY02JAN2421450CE.NFO,02/01/2024,09:18:23,20.75,20.65,4680,20.75,40,47200,3733880
FINNIFTY02JAN2421450CE.NFO,02/01/2024,09:18:24,20.45,20.45,4040,20.55,3280,44200,3733880
FINNIFTY02JAN2421450CE.NFO,02/01/2024,09:18:26,20.45,20.45,3000,20.55,3360,45080,3733880
FINNIFTY02JAN2421450CE.NFO,02/01/2024,09:18:28,20.75,20.7,2960,20.8,3800,37840,3733880
FINNIFTY02JAN2421450CE.NFO,02/01/2024,09:18:29,20.75,20.75,320,20.8,2160,36880,3733880
FINNIFTY02JAN2421450CE.NFO,02/01/2024,09:18:31,20.5,20.4,3640,20.5,6880,46800,3733880
FINNIFTY02JAN2421450CE.NFO,02/01/2024,09:18:33,20.45,20.4,2800,20.5,5160,66400,3733880
FINNIFTY02JAN2421450CE.NFO,02/01/2024,09:18:34,20.85,20.85,1320,20.9,1760,30960,3733880
FINNIFTY02JAN2421450CE.NFO,02/01/2024,09:18:36,20.85,20.85,2600,20.95,4600,43520,3733880
FINNIFTY02JAN2421450CE.NFO,02/01/2024,09:18:37,20.85,20.85,2640,20.9,80,27240,3733880
FINNIFTY02JAN2421450CE.NFO,02/01/2024,09:18:39,21.1,21.1,5120,21.2,2840,32840,3733880
FINNIFTY02JAN2421450CE.NFO,02/01/2024,09:18:40,21,20.95,240,21,2640,58120,3733880
FINNIFTY02JAN2421450CE.NFO,02/01/2024,09:18:42,20.95,21,1200,21.05,1280,35240,3733880
FINNIFTY02JAN2421450CE.NFO,02/01/2024,09:18:44,21.25,21.25,3800,21.3,40,39160,3733880
FINNIFTY02JAN2421450CE.NFO,02/01/2024,09:18:45,21.6,21.5,10760,21.6,3840,87520,3733880
FINNIFTY02JAN2421450CE.NFO,02/01/2024,09:18:47,21.45,21.45,480,21.5,2720,48000,3733880
FINNIFTY02JAN2421450CE.NFO,02/01/2024,09:18:48,21.25,21.2,3080,21.3,4480,55240,3733880
FINNIFTY02JAN2421450CE.NFO,02/01/2024,09:18:50,21.65,21.6,2840,21.65,1640,64000,3733880
FINNIFTY02JAN2421450CE.NFO,02/01/2024,09:18:52,21.9,21.8,3720,21.85,600,58800,3733880
FINNIFTY02JAN2421450CE.NFO,02/01/2024,09:18:53,21.65,21.55,3360,21.65,3600,84960,3733880
FINNIFTY02JAN2421450CE.NFO,02/01/2024,09:18:55,21.7,21.7,6320,21.8,120,39120,3733880
FINNIFTY02JAN2421450CE.NFO,02/01/2024,09:18:57,21.7,21.7,120,21.75,1520,37200,3733880
FINNIFTY02JAN2421450CE.NFO,02/01/2024,09:18:58,21.75,21.7,5280,21.75,40,50320,3733880
FINNIFTY02JAN2421450CE.NFO,02/01/2024,09:19:00,21.8,21.8,40,21.85,4360,48840,3733880
FINNIFTY02JAN2421450CE.NFO,02/01/2024,09:19:01,21.9,21.9,1680,21.95,1480,125840,3733880
FINNIFTY02JAN2421450CE.NFO,02/01/2024,09:19:03,21.4,21.4,160,21.45,3480,96200,3733880
FINNIFTY02JAN2421450CE.NFO,02/01/2024,09:19:05,21.4,21.4,3480,21.5,4120,41720,3733880
FINNIFTY02JAN2421450CE.NFO,02/01/2024,09:19:06,21.85,21.75,5280,21.85,3680,38080,3733880
FINNIFTY02JAN2421450CE.NFO,02/01/2024,09:19:08,21.55,21.5,1320,21.6,5040,28120,3733880
FINNIFTY02JAN2421450CE.NFO,02/01/2024,09:19:09,21.85,21.8,3920,21.85,840,33720,3733880
FINNIFTY02JAN2421450CE.NFO,02/01/2024,09:19:11,22.2,22.2,1840,22.25,3680,46480,3733880
FINNIFTY02JAN2421450CE.NFO,02/01/2024,09:19:13,22.85,22.75,920,22.8,1040,134880,3733880
FINNIFTY02JAN2421450CE.NFO,02/01/2024,09:19:14,23.1,23.05,1440,23.1,640,55680,3733880
FINNIFTY02JAN2421450CE.NFO,02/01/2024,09:19:16,23.2,23.2,2000,23.3,2280,89200,3733880
FINNIFTY02JAN2421450CE.NFO,02/01/2024,09:19:18,23.1,23,3120,23.1,2320,62000,3733880
FINNIFTY02JAN2421450CE.NFO,02/01/2024,09:19:19,23.15,23.05,2240,23.15,3840,75840,3733880
FINNIFTY02JAN2421450CE.NFO,02/01/2024,09:19:21,23,23,4080,23.1,4880,54800,3733880
FINNIFTY02JAN2421450CE.NFO,02/01/2024,09:19:23,22.4,22.35,2240,22.4,80,60000,3733880
FINNIFTY02JAN2421450CE.NFO,02/01/2024,09:19:24,22,22,2920,22.1,6560,66400,3733880
FINNIFTY02JAN2421450CE.NFO,02/01/2024,09:19:26,22.35,22.3,480,22.35,2840,62760,3733880
FINNIFTY02JAN2421450CE.NFO,02/01/2024,09:19:27,21.9,21.8,6160,21.9,3280,50800,3733880
FINNIFTY02JAN2421450CE.NFO,02/01/2024,09:19:29,22.1,22.05,2080,22.15,6040,34840,3733880
FINNIFTY02JAN2421450CE.NFO,02/01/2024,09:19:30,22.25,22.25,4840,22.35,2720,23280,3733880
FINNIFTY02JAN2421450CE.NFO,02/01/2024,09:19:32,22.8,22.65,1600,22.75,2200,42160,3733880
FINNIFTY02JAN2421450CE.NFO,02/01/2024,09:19:34,22.85,22.85,4240,22.95,4360,39640,3733880
FINNIFTY02JAN2421450CE.NFO,02/01/2024,09:19:35,23,22.9,3640,23,2920,58200,3733880
FINNIFTY02JAN2421450CE.NFO,02/01/2024,09:19:37,22.85,22.8,4200,22.9,3360,29760,3733880
FINNIFTY02JAN2421450CE.NFO,02/01/2024,09:19:39,22.6,22.55,120,22.6,4080,46120,3733880
FINNIFTY02JAN2421450CE.NFO,02/01/2024,09:19:40,22.8,22.8,480,22.85,4320,27040,3733880
FINNIFTY02JAN2421450CE.NFO,02/01/2024,09:19:42,22.65,22.55,2840,22.65,5760,30160,3733880
FINNIFTY02JAN2421450CE.NFO,02/01/2024,09:19:44,22.7,22.65,2440,22.7,200,45120,3733880
FINNIFTY02JAN2421450CE.NFO,02/01/2024,09:19:45,22.55,22.55,1560,22.6,480,40520,3733880
FINNIFTY02JAN2421450CE.NFO,02/01/2024,09:19:47,22.85,22.85,3480,22.95,4240,31600,3733880
FINNIFTY02JAN2421450CE.NFO,02/01/2024,09:19:49,23.05,22.95,4120,23.05,3160,33000,3733880
FINNIFTY02JAN2421450CE.NFO,02/01/2024,09:19:50,22.8,22.85,1320,22.95,4560,55000,3733880
FINNIFTY02JAN2421450CE.NFO,02/01/2024,09:19:52,22.35,22.35,2440,22.4,3160,59800,3733880
FINNIFTY02JAN2421450CE.NFO,02/01/2024,09:19:54,22,22,4280,22.1,3280,118520,3733880
FINNIFTY02JAN2421450CE.NFO,02/01/2024,09:19:55,22.1,22.05,920,22.1,1240,61360,3733880
FINNIFTY02JAN2421450CE.NFO,02/01/2024,09:19:57,21.65,21.6,7720,21.7,3640,52520,3733880
FINNIFTY02JAN2421450CE.NFO,02/01/2024,09:19:59,21.6,21.5,5960,21.6,4000,67640,3733880
FINNIFTY02JAN2421450CE.NFO,02/01/2024,09:20:00,21.4,21.4,3480,21.45,80,89520,3733880
FINNIFTY02JAN2421450CE.NFO,02/01/2024,09:20:02,21.35,21.35,320,21.4,5000,91040,3733880
FINNIFTY02JAN2421450CE.NFO,02/01/2024,09:20:04,21.9,21.85,600,21.9,720,76040,3733880
FINNIFTY02JAN2421450CE.NFO,02/01/2024,09:20:05,22.4,22.4,2200,22.45,80,55600,3733880
FINNIFTY02JAN2421450CE.NFO,02/01/2024,09:20:07,22.25,22.2,1680,22.25,160,27760,3733880
FINNIFTY02JAN2421450CE.NFO,02/01/2024,09:20:09,22.2,22.2,2200,22.25,200,36800,3733880
FINNIFTY02JAN2421450CE.NFO,02/01/2024,09:20:10,22.45,22.45,1640,22.5,40,29160,3733880
FINNIFTY02JAN2421450CE.NFO,02/01/2024,09:20:12,22.6,22.6,3240,22.65,80,28920,3733880
FINNIFTY02JAN2421450CE.NFO,02/01/2024,09:20:14,22.6,22.55,5440,22.6,320,42920,3733880
FINNIFTY02JAN2421450CE.NFO,02/01/2024,09:20:15,22.5,22.5,320,22.55,3640,39760,3733880
FINNIFTY02JAN2421450CE.NFO,02/01/2024,09:20:17,22.2,22.1,4320,22.2,6080,54800,3733880
FINNIFTY02JAN2421450CE.NFO,02/01/2024,09:20:19,22.1,22.05,2400,22.1,1080,27760,3733880
FINNIFTY02JAN2421450CE.NFO,02/01/2024,09:20:20,22.2,22.15,3440,22.25,5400,40680,3733880
FINNIFTY02JAN2421450CE.NFO,02/01/2024,09:20:22,22.1,22.1,4440,22.2,5480,31960,3733880
FINNIFTY02JAN2421450CE.NFO,02/01/2024,09:20:24,22.2,22.1,4600,22.2,4360,32680,4467760
FINNIFTY02JAN2421450CE.NFO,02/01/2024,09:20:25,22.1,21.95,3560,22.05,4160,41520,4467760
FINNIFTY02JAN2421450CE.NFO,02/01/2024,09:20:27,21.7,21.7,40,21.75,1160,21720,4467760
FINNIFTY02JAN2421450CE.NFO,02/01/2024,09:20:29,21.7,21.7,4040,21.75,400,37800,4467760
FINNIFTY02JAN2421450CE.NFO,02/01/2024,09:20:30,21.9,21.85,2120,21.95,5400,26840,4467760
FINNIFTY02JAN2421450CE.NFO,02/01/2024,09:20:32,21.7,21.6,6120,21.7,4760,25520,4467760
FINNIFTY02JAN2421450CE.NFO,02/01/2024,09:20:34,21.7,21.65,4760,21.75,1840,32720,4467760
FINNIFTY02JAN2421450CE.NFO,02/01/2024,09:20:36,21.5,21.5,2200,21.6,5640,41000,4467760
FINNIFTY02JAN2421450CE.NFO,02/01/2024,09:20:37,21.4,21.35,5880,21.45,1920,21600,4467760
FINNIFTY02JAN2421450CE.NFO,02/01/2024,09:20:39,21.35,21.35,1080,21.45,6520,39160,4467760
FINNIFTY02JAN2421450CE.NFO,02/01/2024,09:20:41,21.9,21.9,520,21.95,2440,22680,4467760
FINNIFTY02JAN2421450CE.NFO,02/01/2024,09:20:42,21.95,21.9,3760,21.95,360,23200,4467760
FINNIFTY02JAN2421450CE.NFO,02/01/2024,09:20:44,21.85,21.75,4680,21.85,3040,36480,4467760
FINNIFTY02JAN2421450CE.NFO,02/01/2024,09:20:46,22.25,22.15,5240,22.25,5360,17440,4467760
FINNIFTY02JAN2421450CE.NFO,02/01/2024,09:20:47,22.5,22.45,3520,22.5,1880,32320,4467760
FINNIFTY02JAN2421450CE.NFO,02/01/2024,09:20:49,22.45,22.4,7560,22.5,2600,33160,4467760
FINNIFTY02JAN2421450CE.NFO,02/01/2024,09:20:51,22.9,22.95,40,23,17120,62840,4467760
FINNIFTY02JAN2421450CE.NFO,02/01/2024,09:20:52,22.95,22.85,1080,22.95,7400,75960,4467760
FINNIFTY02JAN2421450CE.NFO,02/01/2024,09:20:54,22.85,22.75,5680,22.85,3720,50520,4467760
FINNIFTY02JAN2421450CE.NFO,02/01/2024,09:20:56,22.75,22.75,1880,22.85,4600,25160,4467760
FINNIFTY02JAN2421450CE.NFO,02/01/2024,09:20:57,22.75,22.7,40,22.75,4120,35200,4467760
FINNIFTY02JAN2421450CE.NFO,02/01/2024,09:20:59,22.5,22.45,2360,22.55,2640,36640,4467760
FINNIFTY02JAN2421450CE.NFO,02/01/2024,09:21:01,22.35,22.35,4680,22.45,2880,52760,4467760
FINNIFTY02JAN2421450CE.NFO,02/01/2024,09:21:02,22.2,22.1,4280,22.2,7040,37440,4467760
FINNIFTY02JAN2421450CE.NFO,02/01/2024,09:21:04,22.8,22.75,8480,22.85,4160,59080,4467760
FINNIFTY02JAN2421450CE.NFO,02/01/2024,09:21:06,23.85,23.85,3920,23.95,4160,192760,4467760
FINNIFTY02JAN2421450CE.NFO,02/01/2024,09:21:07,26,26,960,26.1,2000,636240,4467760
FINNIFTY02JAN2421450CE.NFO,02/01/2024,09:21:09,25.75,25.7,1200,25.8,1640,202840,4467760
FINNIFTY02JAN2421450CE.NFO,02/01/2024,09:21:11,26.75,26.65,1160,26.75,960,143200,4467760
FINNIFTY02JAN2421450CE.NFO,02/01/2024,09:21:12,26.45,26.4,5280,26.5,1400,158080,4467760
FINNIFTY02JAN2421450CE.NFO,02/01/2024,09:21:14,25.35,25.35,2280,25.45,4560,122520,4467760
FINNIFTY02JAN2421450CE.NFO,02/01/2024,09:21:16,25.35,25.2,3160,25.3,560,111000,4467760
FINNIFTY02JAN2421450CE.NFO,02/01/2024,09:21:17,25.3,25.15,4200,25.3,1440,74280,4467760
FINNIFTY02JAN2421450CE.NFO,02/01/2024,09:21:19,25.75,25.85,2680,25.9,680,64040,4467760
FINNIFTY02JAN2421450CE.NFO,02/01/2024,09:21:21,25.4,25.3,3240,25.4,1560,69640,4467760
FINNIFTY02JAN2421450CE.NFO,02/01/2024,09:21:22,25.8,25.7,2520,25.8,240,63760,4467760
FINNIFTY02JAN2421450CE.NFO,02/01/2024,09:21:24,25.95,25.85,4000,25.95,1480,78800,4467760
FINNIFTY02JAN2421450CE.NFO,02/01/2024,09:21:26,26.75,26.75,2600,26.85,4000,92200,4467760
FINNIFTY02JAN2421450CE.NFO,02/01/2024,09:21:27,28.3,28.15,120,28.25,240,156000,4467760
FINNIFTY02JAN2421450CE.NFO,02/01/2024,09:21:29,28.3,28.15,320,28.3,160,365200,4467760
FINNIFTY02JAN2421450CE.NFO,02/01/2024,09:21:30,28.1,28.1,3760,28.25,800,189760,4467760
FINNIFTY02JAN2421450CE.NFO,02/01/2024,09:21:32,28.55,28.55,2320,28.7,480,158080,4467760
FINNIFTY02JAN2421450CE.NFO,02/01/2024,09:21:34,29.15,29.15,1160,29.3,800,123480,4467760
FINNIFTY02JAN2421450CE.NFO,02/01/2024,09:21:35,28.6,28.5,2960,28.65,1880,99640,4467760
FINNIFTY02JAN2421450CE.NFO,02/01/2024,09:21:37,28.2,28.1,120,28.2,160,155560,4467760
FINNIFTY02JAN2421450CE.NFO,02/01/2024,09:21:39,27.75,27.75,1680,27.85,680,99240,4467760
FINNIFTY02JAN2421450CE.NFO,02/01/2024,09:21:40,27.5,27.5,1520,27.6,1200,75800,4467760
FINNIFTY02JAN2421450CE.NFO,02/01/2024,09:21:42,27.1,27.15,2240,27.25,520,84360,4467760
FINNIFTY02JAN2421450CE.NFO,02/01/2024,09:21:44,27,27,400,27.15,4560,82760,4467760
FINNIFTY02JAN2421450CE.NFO,02/01/2024,09:21:45,27.1,27.1,80,27.2,2160,69720,4467760
FINNIFTY02JAN2421450CE.NFO,02/01/2024,09:21:47,26.9,26.8,240,26.9,1160,73360,4467760
FINNIFTY02JAN2421450CE.NFO,02/01/2024,09:21:49,26.85,26.85,40,26.9,160,72800,4467760
FINNIFTY02JAN2421450CE.NFO,02/01/2024,09:21:50,26.65,26.65,1320,26.75,1720,63880,4467760
FINNIFTY02JAN2421450CE.NFO,02/01/2024,09:21:52,27.05,26.9,2800,27,520,59320,4467760
FINNIFTY02JAN2421450CE.NFO,02/01/2024,09:21:54,26.7,26.7,600,26.8,2560,52880,4467760
FINNIFTY02JAN2421450CE.NFO,02/01/2024,09:21:55,27.1,27,3600,27.1,440,48680,4467760
FINNIFTY02JAN2421450CE.NFO,02/01/2024,09:21:57,27.65,27.55,1840,27.65,1440,67360,4467760
FINNIFTY02JAN2421450CE.NFO,02/01/2024,09:21:59,28.3,28.25,800,28.35,1840,56800,4467760
FINNIFTY02JAN2421450CE.NFO,02/01/2024,09:22:00,27.85,27.85,1920,28,5520,82640,4467760
FINNIFTY02JAN2421450CE.NFO,02/01/2024,09:22:02,27.65,27.5,5040,27.65,2320,79320,4467760
FINNIFTY02JAN2421450CE.NFO,02/01/2024,09:22:04,27.35,27.35,2440,27.45,240,51120,4467760
FINNIFTY02JAN2421450CE.NFO,02/01/2024,09:22:05,27.25,27.15,1080,27.25,2240,101720,4467760
FINNIFTY02JAN2421450CE.NFO,02/01/2024,09:22:07,26.8,26.7,880,26.8,4360,73480,4467760
FINNIFTY02JAN2421450CE.NFO,02/01/2024,09:22:09,26.75,26.6,4160,26.75,4720,69200,4467760
FINNIFTY02JAN2421450CE.NFO,02/01/2024,09:22:10,26.65,26.55,3880,26.65,2120,59920,4467760
FINNIFTY02JAN2421450CE.NFO,02/01/2024,09:22:12,26.6,26.6,3400,26.7,3240,70000,4467760
FINNIFTY02JAN2421450CE.NFO,02/01/2024,09:22:14,26.8,26.75,480,26.8,40,41960,4467760
FINNIFTY02JAN2421450CE.NFO,02/01/2024,09:22:15,26.65,26.55,160,26.65,5920,30920,4467760
FINNIFTY02JAN2421450CE.NFO,02/01/2024,09:22:17,25.85,25.75,360,25.85,3600,126920,4467760
FINNIFTY02JAN2421450CE.NFO,02/01/2024,09:22:19,26.1,26,2360,26.1,4120,48800,4467760
FINNIFTY02JAN2421450CE.NFO,02/01/2024,09:22:20,25.9,25.8,3320,25.9,480,33200,4467760
FINNIFTY02JAN2421450CE.NFO,02/01/2024,09:22:22,25.95,25.85,920,25.95,4200,46360,4467760
FINNIFTY02JAN2421450CE.NFO,02/01/2024,09:22:24,25.35,25.35,2200,25.4,400,42400,4467760
FINNIFTY02JAN2421450CE.NFO,02/01/2024,09:22:25,25.05,25.05,520,25.15,3560,44800,4467760
FINNIFTY02JAN2421450CE.NFO,02/01/2024,09:22:27,24.7,24.65,1520,24.75,1800,165040,4467760
FINNIFTY02JAN2421450CE.NFO,02/01/2024,09:22:29,24.55,24.5,520,24.55,640,59320,4467760
FINNIFTY02JAN2421450CE.NFO,02/01/2024,09:22:30,24.85,24.75,1240,24.85,3280,51720,4467760
FINNIFTY02JAN2421450CE.NFO,02/01/2024,09:22:32,24.75,24.65,1200,24.75,2760,48200,4467760
FINNIFTY02JAN2421450CE.NFO,02/01/2024,09:22:34,24.4,24.25,2120,24.35,3320,46000,4467760
FINNIFTY02JAN2421450CE.NFO,02/01/2024,09:22:35,23.85,23.75,2760,23.85,2880,81800,4467760
FINNIFTY02JAN2421450CE.NFO,02/01/2024,09:22:37,24.3,24.3,2040,24.4,3280,57680,4467760
FINNIFTY02JAN2421450CE.NFO,02/01/2024,09:22:39,24.1,24.1,1880,24.2,4760,45600,4467760
FINNIFTY02JAN2421450CE.NFO,02/01/2024,09:22:40,24.25,24.15,6720,24.3,4160,27960,4467760
FINNIFTY02JAN2421450CE.NFO,02/01/2024,09:22:42,24.3,24.2,4760,24.3,2560,35760,4467760
FINNIFTY02JAN2421450CE.NFO,02/01/2024,09:22:44,24.1,24,3320,24.1,2520,40880,4467760
FINNIFTY02JAN2421450CE.NFO,02/01/2024,09:22:45,24,23.9,1640,24,5000,24040,4467760
FINNIFTY02JAN2421450CE.NFO,02/01/2024,09:22:47,24.4,24.4,2400,24.5,6800,61640,4467760
FINNIFTY02JAN2421450CE.NFO,02/01/2024,09:22:49,23.95,23.85,3440,23.95,1040,33120,4467760
FINNIFTY02JAN2421450CE.NFO,02/01/2024,09:22:50,24.15,24.2,2840,24.3,5080,42800,4467760
FINNIFTY02JAN2421450CE.NFO,02/01/2024,09:22:52,25,24.9,4720,25.05,6240,69440,4467760
FINNIFTY02JAN2421450CE.NFO,02/01/2024,09:22:54,24.95,24.9,2680,25,4160,22360,4467760
FINNIFTY02JAN2421450CE.NFO,02/01/2024,09:22:56,24.75,24.75,120,24.8,1360,36280,4467760
FINNIFTY02JAN2421450CE.NFO,02/01/2024,09:22:57,25.35,25.25,720,25.35,4600,32280,4467760
FINNIFTY02JAN2421450CE.NFO,02/01/2024,09:22:59,25.55,25.45,1240,25.55,2520,30840,4467760
FINNIFTY02JAN2421450CE.NFO,02/01/2024,09:23:01,25.15,25.1,2320,25.2,2240,56520,4467760
FINNIFTY02JAN2421450CE.NFO,02/01/2024,09:23:02,25.15,25.15,4520,25.25,1240,51440,4467760
FINNIFTY02JAN2421450CE.NFO,02/01/2024,09:23:04,25.05,25,2280,25.15,4840,49040,4467760
FINNIFTY02JAN2421450CE.NFO,02/01/2024,09:23:06,25.85,25.8,1800,25.9,5800,45600,4467760
FINNIFTY02JAN2421450CE.NFO,02/01/2024,09:23:07,26.8,26.8,4360,26.85,400,64240,4467760
FINNIFTY02JAN2421450CE.NFO,02/01/2024,09:23:09,26.75,26.75,2680,26.9,3760,62160,4467760
FINNIFTY02JAN2421450CE.NFO,02/01/2024,09:23:11,26.75,26.7,1560,26.8,1160,47720,4467760
FINNIFTY02JAN2421450CE.NFO,02/01/2024,09:23:12,26.25,26.15,1880,26.25,680,43680,4467760
FINNIFTY02JAN2421450CE.NFO,02/01/2024,09:23:14,26.8,26.65,80,26.75,4160,35560,4467760
FINNIFTY02JAN2421450CE.NFO,02/01/2024,09:23:16,26.7,26.7,40,26.8,9960,39640,4467760
FINNIFTY02JAN2421450CE.NFO,02/01/2024,09:23:17,27.55,27.5,5280,27.6,2240,60560,4467760
FINNIFTY02JAN2421450CE.NFO,02/01/2024,09:23:19,27,27,1000,27.1,4240,68360,4467760
FINNIFTY02JAN2421450CE.NFO,02/01/2024,09:23:21,26.9,26.8,3280,26.9,280,46880,4467760
FINNIFTY02JAN2421450CE.NFO,02/01/2024,09:23:22,26.8,26.7,640,26.8,4000,51240,4467760
FINNIFTY02JAN2421450CE.NFO,02/01/2024,09:23:24,26.85,26.85,3040,26.95,1480,31600,4752960
FINNIFTY02JAN2421450CE.NFO,02/01/2024,09:23:26,26.65,26.55,1240,26.65,720,29080,4752960
FINNIFTY02JAN2421450CE.NFO,02/01/2024,09:23:27,26.5,26.45,720,26.5,40,48200,4752960
FINNIFTY02JAN2421450CE.NFO,02/01/2024,09:23:29,26.1,26,17720,26.1,1160,34720,4752960
FINNIFTY02JAN2421450CE.NFO,02/01/2024,09:23:31,25.85,25.85,400,25.95,6840,72040,4752960
FINNIFTY02JAN2421450CE.NFO,02/01/2024,09:23:32,26.65,26.55,2560,26.65,40,49960,4752960
FINNIFTY02JAN2421450CE.NFO,02/01/2024,09:23:34,26.6,26.6,40,26.7,5720,34680,4752960
FINNIFTY02JAN2421450CE.NFO,02/01/2024,09:23:36,26.7,26.65,120,26.7,2600,25200,4752960
FINNIFTY02JAN2421450CE.NFO,02/01/2024,09:23:37,27.15,27.1,560,27.2,4880,40600,4752960
FINNIFTY02JAN2421450CE.NFO,02/01/2024,09:23:39,27.45,27.35,4040,27.45,2000,45000,4752960
FINNIFTY02JAN2421450CE.NFO,02/01/2024,09:23:41,26.9,26.85,920,26.95,2920,47760,4752960
FINNIFTY02JAN2421450CE.NFO,02/01/2024,09:23:42,26.65,26.7,1200,26.75,240,41400,4752960
FINNIFTY02JAN2421450CE.NFO,02/01/2024,09:23:44,26.85,26.75,4000,26.85,1600,29920,4752960
FINNIFTY02JAN2421450CE.NFO,02/01/2024,09:23:46,26.75,26.75,1720,26.85,2760,20240,4752960
FINNIFTY02JAN2421450CE.NFO,02/01/2024,09:23:47,26.3,26.2,5520,26.3,200,52720,4752960
FINNIFTY02JAN2421450CE.NFO,02/01/2024,09:23:49,26.05,26.05,40,26.1,5400,61160,4752960
FINNIFTY02JAN2421450CE.NFO,02/01/2024,09:23:51,25.7,25.7,4000,25.8,3680,51600,4752960
FINNIFTY02JAN2421450CE.NFO,02/01/2024,09:23:52,26,25.95,2760,26.05,1720,51960,4752960
FINNIFTY02JAN2421450CE.NFO,02/01/2024,09:23:54,25.8,25.75,1960,25.8,760,21360,4752960
FINNIFTY02JAN2421450CE.NFO,02/01/2024,09:23:56,25.3,25.3,2920,25.4,1400,40280,4752960
FINNIFTY02JAN2421450CE.NFO,02/01/2024,09:23:57,25.3,25.3,3120,25.4,2560,36320,4752960
FINNIFTY02JAN2421450CE.NFO,02/01/2024,09:23:59,25.1,25,960,25.1,4560,85040,4752960
FINNIFTY02JAN2421450CE.NFO,02/01/2024,09:24:01,24.6,24.55,880,24.6,1520,61960,4752960
FINNIFTY02JAN2421450CE.NFO,02/01/2024,09:24:02,24.35,24.3,240,24.35,2360,39000,4752960
FINNIFTY02JAN2421450CE.NFO,02/01/2024,09:24:04,24.9,24.8,1200,24.9,9880,42000,4752960
FINNIFTY02JAN2421450CE.NFO,02/01/2024,09:24:06,25.25,25.25,2480,25.3,1120,47360,4752960
FINNIFTY02JAN2421450CE.NFO,02/01/2024,09:24:07,25.1,25.05,1200,25.15,4960,35440,4752960
FINNIFTY02JAN2421450CE.NFO,02/01/2024,09:24:09,25.25,25.25,160,25.3,3080,37120,4752960
FINNIFTY02JAN2421450CE.NFO,02/01/2024,09:24:11,25.45,25.35,3280,25.45,2600,16600,4752960
FINNIFTY02JAN2421450CE.NFO,02/01/2024,09:24:12,25.7,25.7,5760,25.8,1120,33320,4752960
FINNIFTY02JAN2421450CE.NFO,02/01/2024,09:24:14,25.75,25.7,560,25.75,2400,36480,4752960
FINNIFTY02JAN2421450CE.NFO,02/01/2024,09:24:16,25.1,25.05,120,25.1,3600,50800,4752960
FINNIFTY02JAN2421450CE.NFO,02/01/2024,09:24:17,25.05,25.05,560,25.15,6240,40600,4752960
FINNIFTY02JAN2421450CE.NFO,02/01/2024,09:24:19,24.95,24.85,3600,24.95,3120,31440,4752960
FINNIFTY02JAN2421450CE.NFO,02/01/2024,09:24:21,24.5,24.5,1040,24.6,6800,27080,4752960
FINNIFTY02JAN2421450CE.NFO,02/01/2024,09:24:22,24.2,24.15,1840,24.2,1160,38800,4752960
FINNIFTY02JAN2421450CE.NFO,02/01/2024,09:24:24,23.9,23.9,5400,24.05,2720,120160,4752960
FINNIFTY02JAN2421450CE.NFO,02/01/2024,09:24:26,24.35,24.3,280,24.35,2960,53000,4752960
FINNIFTY02JAN2421450CE.NFO,02/01/2024,09:24:27,24.05,24.05,3080,24.15,1480,56320,4752960
FINNIFTY02JAN2421450CE.NFO,02/01/2024,09:24:29,24.2,24.2,1080,24.25,1920,36840,4752960
FINNIFTY02JAN2421450CE.NFO,02/01/2024,09:24:31,24.15,24,6120,24.15,3560,32320,4752960
FINNIFTY02JAN2421450CE.NFO,02/01/2024,09:24:32,24.15,24.05,3560,24.1,120,40680,4752960
FINNIFTY02JAN2421450CE.NFO,02/01/2024,09:24:34,23.65,23.7,1640,23.75,1640,54320,4752960
FINNIFTY02JAN2421450CE.NFO,02/01/2024,09:24:36,24,23.9,840,24,4080,32760,4752960
FINNIFTY02JAN2421450CE.NFO,02/01/2024,09:24:37,24.65,24.65,800,24.7,1880,43880,4752960
FINNIFTY02JAN2421450CE.NFO,02/01/2024,09:24:39,24.5,24.4,4480,24.5,5280,27920,4752960
FINNIFTY02JAN2421450CE.NFO,02/01/2024,09:24:41,24.45,24.35,2600,24.45,3280,17200,4752960
FINNIFTY02JAN2421450CE.NFO,02/01/2024,09:24:42,24.45,24.35,5440,24.45,1880,22920,4752960
FINNIFTY02JAN2421450CE.NFO,02/01/2024,09:24:44,24.6,24.55,1160,24.65,5240,24560,4752960
FINNIFTY02JAN2421450CE.NFO,02/01/2024,09:24:46,24.6,24.6,640,24.65,1920,28320,4752960
FINNIFTY02JAN2421450CE.NFO,02/01/2024,09:24:47,24.7,24.7,3400,24.75,40,32040,4752960
FINNIFTY02JAN2421450CE.NFO,02/01/2024,09:24:49,25.25,25.1,11160,25.25,4040,44920,4752960
FINNIFTY02JAN2421450CE.NFO,02/01/2024,09:24:51,25.4,25.3,1680,25.4,3840,20760,4752960
FINNIFTY02JAN2421450CE.NFO,02/01/2024,09:24:52,24.75,24.8,3040,24.85,600,56400,4752960
FINNIFTY02JAN2421450CE.NFO,02/01/2024,09:24:54,24.8,24.75,2600,24.8,1440,25120,4752960
FINNIFTY02JAN2421450CE.NFO,02/01/2024,09:24:56,24.15,24.05,5000,24.15,920,42560,4752960
FINNIFTY02JAN2421450CE.NFO,02/01/2024,09:24:57,24.1,24.1,1080,24.2,4800,51360,4752960
FINNIFTY02JAN2421450CE.NFO,02/01/2024,09:24:59,23.6,23.6,3520,23.7,2320,42520,4752960
FINNIFTY02JAN2421450CE.NFO,02/01/2024,09:25:01,23.2,23.15,3640,23.25,2080,171880,4752960
FINNIFTY02JAN2421450CE.NFO,02/01/2024,09:25:02,24.1,24,4960,24.1,1760,91640,4752960
FINNIFTY02JAN2421450CE.NFO,02/01/2024,09:25:04,24,23.9,1440,24,5120,31160,4752960
FINNIFTY02JAN2421450CE.NFO,02/01/2024,09:25:06,23.85,23.8,3640,23.9,1520,45520,4752960
FINNIFTY02JAN2421450CE.NFO,02/01/2024,09:25:07,24.45,24.45,840,24.5,640,43160,4752960
FINNIFTY02JAN2421450CE.NFO,02/01/2024,09:25:09,24,23.95,3960,24.05,2240,20600,4752960
FINNIFTY02JAN2421450CE.NFO,02/01/2024,09:25:11,23.55,23.55,2760,23.6,1080,27360,4752960
FINNIFTY02JAN2421450CE.NFO,02/01/2024,09:25:13,23.75,23.65,4600,23.75,120,25200,4752960
FINNIFTY02JAN2421450CE.NFO,02/01/2024,09:25:14,23.65,23.55,3520,23.65,3440,22520,4752960
FINNIFTY02JAN2421450CE.NFO,02/01/2024,09:25:16,23.3,23.3,1040,23.4,7240,17560,4752960
FINNIFTY02JAN2421450CE.NFO,02/01/2024,09:25:18,23.65,23.55,5440,23.65,720,25160,4752960
FINNIFTY02JAN2421450CE.NFO,02/01/2024,09:25:19,23.95,23.85,3360,23.95,1280,31000,4752960
FINNIFTY02JAN2421450CE.NFO,02/01/2024,09:25:21,24.4,24.35,1040,24.4,80,27720,4752960
FINNIFTY02JAN2421450CE.NFO,02/01/2024,09:25:23,24.45,24.35,1840,24.45,5760,28680,4752960
FINNIFTY02JAN2421450CE.NFO,02/01/2024,09:25:24,24.2,24.15,3560,24.25,40,13800,4752960
FINNIFTY02JAN2421450CE.NFO,02/01/2024,09:25:26,24.2,24.1,2560,24.2,3960,20040,4752960
FINNIFTY02JAN2421450CE.NFO,02/01/2024,09:25:28,24.8,24.7,360,24.75,2520,28760,4752960
FINNIFTY02JAN2421450CE.NFO,02/01/2024,09:25:29,25,24.9,6280,25.05,4520,63400,4752960
FINNIFTY02JAN2421450CE.NFO,02/01/2024,09:25:31,25.2,25.15,3440,25.25,2280,29160,4752960
FINNIFTY02JAN2421450CE.NFO,02/01/2024,09:25:33,25.6,25.5,240,25.6,4400,49720,4752960
FINNIFTY02JAN2421450CE.NFO,02/01/2024,09:25:34,25.75,25.75,4440,25.85,560,65320,4752960
FINNIFTY02JAN2421450CE.NFO,02/01/2024,09:25:36,25.95,25.9,3800,26,17240,40200,4752960
FINNIFTY02JAN2421450CE.NFO,02/01/2024,09:25:38,25.75,25.7,2800,25.75,40,68360,4752960
FINNIFTY02JAN2421450CE.NFO,02/01/2024,09:25:39,25.45,25.35,320,25.4,80,32560,4752960
FINNIFTY02JAN2421450CE.NFO,02/01/2024,09:25:41,25.25,25.25,3160,25.35,2400,50560,4752960
FINNIFTY02JAN2421450CE.NFO,02/01/2024,09:25:43,25.8,25.8,720,25.85,1920,21800,4752960
FINNIFTY02JAN2421450CE.NFO,02/01/2024,09:25:44,25.55,25.55,440,25.65,4360,34000,4752960
FINNIFTY02JAN2421450CE.NFO,02/01/2024,09:25:46,25.65,25.55,2640,25.6,40,21560,4752960
FINNIFTY02JAN2421450CE.NFO,02/01/2024,09:25:48,25.6,25.55,400,25.6,2040,42480,4752960
FINNIFTY02JAN2421450CE.NFO,02/01/2024,09:25:49,25.05,25.05,1920,25.15,3320,31200,4752960
FINNIFTY02JAN2421450CE.NFO,02/01/2024,09:25:51,25.15,25.1,4160,25.2,1400,55680,4752960
FINNIFTY02JAN2421450CE.NFO,02/01/2024,09:25:53,25.25,25.15,3200,25.25,2800,47760,4752960
FINNIFTY02JAN2421450CE.NFO,02/01/2024,09:25:54,25.9,25.8,3480,25.9,2480,31280,4752960
FINNIFTY02JAN2421450CE.NFO,02/01/2024,09:25:56,26.5,26.4,1480,26.5,3720,99040,4752960
FINNIFTY02JAN2421450CE.NFO,02/01/2024,09:25:58,26.85,26.8,1440,26.85,1160,55960,4752960
FINNIFTY02JAN2421450CE.NFO,02/01/2024,09:25:59,26.85,26.85,1200,26.95,4000,74120,4752960
FINNIFTY02JAN2421450CE.NFO,02/01/2024,09:26:01,27.2,27.15,1640,27.2,2360,120000,4752960
FINNIFTY02JAN2421450CE.NFO,02/01/2024,09:26:03,26.9,26.8,2800,26.9,1120,76760,4752960
FINNIFTY02JAN2421450CE.NFO,02/01/2024,09:26:04,26.75,26.75,5600,26.85,1320,39880,4752960
FINNIFTY02JAN2421450CE.NFO,02/01/2024,09:26:06,26.9,26.8,4600,26.9,1800,33040,4752960
FINNIFTY02JAN2421450CE.NFO,02/01/2024,09:26:08,26.7,26.65,4240,26.7,160,55200,4752960
FINNIFTY02JAN2421450CE.NFO,02/01/2024,09:26:09,26.85,26.85,2760,26.95,520,42920,4752960
FINNIFTY02JAN2421450CE.NFO,02/01/2024,09:26:11,26.85,26.75,5120,26.85,520,41040,4752960
FINNIFTY02JAN2421450CE.NFO,02/01/2024,09:26:13,26.85,26.85,680,26.95,5200,27640,4752960
FINNIFTY02JAN2421450CE.NFO,02/01/2024,09:26:14,28.45,28.45,3160,28.5,160,147880,4752960
FINNIFTY02JAN2421450CE.NFO,02/01/2024,09:26:16,44.45,44.45,1000,46,120,1022280,4752960
FINNIFTY02JAN2421450CE.NFO,02/01/2024,09:26:18,35.4,35.35,600,35.65,120,836840,4752960
FINNIFTY02JAN2421450CE.NFO,02/01/2024,09:26:19,36.65,36.45,440,36.7,360,300760,4752960
FINNIFTY02JAN2421450CE.NFO,02/01/2024,09:26:21,36.05,36,80,36.1,160,222200,4752960
FINNIFTY02JAN2421450CE.NFO,02/01/2024,09:26:23,35.65,35.4,1760,35.65,80,195200,4752960
FINNIFTY02JAN2421450CE.NFO,02/01/2024,09:26:24,35.1,34.9,2520,35.1,1080,151400,4718000
FINNIFTY02JAN2421450CE.NFO,02/01/2024,09:26:26,34.8,34.8,1440,34.95,1200,183360,4718000
FINNIFTY02JAN2421450CE.NFO,02/01/2024,09:26:28,35.5,35.35,240,35.45,400,221880,4718000
FINNIFTY02JAN2421450CE.NFO,02/01/2024,09:26:29,39.2,38.95,360,39.15,280,199000,4718000
FINNIFTY02JAN2421450CE.NFO,02/01/2024,09:26:31,40.45,40.3,880,40.5,600,288800,4718000
FINNIFTY02JAN2421450CE.NFO,02/01/2024,09:26:32,39.75,39.65,240,39.8,520,252600,4718000
FINNIFTY02JAN2421450CE.NFO,02/01/2024,09:26:34,39.9,39.9,2200,40.05,320,204800,4718000
FINNIFTY02JAN2421450CE.NFO,02/01/2024,09:26:36,39.85,39.95,80,40.05,480,151800,4718000
FINNIFTY02JAN2421450CE.NFO,02/01/2024,09:26:37,42.5,42.5,80,42.55,480,145600,4718000
FINNIFTY02JAN2421450CE.NFO,02/01/2024,09:26:39,46.05,45.85,280,46.05,400,229360,4718000
FINNIFTY02JAN2421450CE.NFO,02/01/2024,09:26:41,44.4,44.25,480,44.4,280,291800,4718000
FINNIFTY02JAN2421450CE.NFO,02/01/2024,09:26:42,44.9,44.8,1120,45,80,225280,4718000
FINNIFTY02JAN2421450CE.NFO,02/01/2024,09:26:44,46.95,46.65,1240,46.9,80,215920,4718000
FINNIFTY02JAN2421450CE.NFO,02/01/2024,09:26:46,49.55,49.35,880,49.55,40,247160,4718000
FINNIFTY02JAN2421450CE.NFO,02/01/2024,09:26:46,49.9,49.35,880,49.55,40,0,4718000
FINNIFTY02JAN2421450CE.NFO,02/01/2024,09:26:47,48.65,48.65,40,48.8,80,292760,4718000
FINNIFTY02JAN2421450CE.NFO,02/01/2024,09:26:47,51.85,48.65,40,48.8,80,0,4718000
FINNIFTY02JAN2421450CE.NFO,02/01/2024,09:26:49,46.6,46.4,40,46.65,440,225640,4718000
FINNIFTY02JAN2421450CE.NFO,02/01/2024,09:26:51,48.1,48.15,680,48.3,1680,198240,4718000
FINNIFTY02JAN2421450CE.NFO,02/01/2024,09:26:52,48.3,48.05,1120,48.3,320,172600,4718000
FINNIFTY02JAN2421450CE.NFO,02/01/2024,09:26:54,45.9,45.6,1200,45.8,320,210880,4718000
FINNIFTY02JAN2421450CE.NFO,02/01/2024,09:26:56,44.65,44.65,520,44.8,520,219560,4718000
FINNIFTY02JAN2421450CE.NFO,02/01/2024,09:26:57,43.9,43.75,1920,43.9,320,180000,4718000
FINNIFTY02JAN2421450CE.NFO,02/01/2024,09:26:59,42.8,42.8,120,42.9,480,139160,4718000
FINNIFTY02JAN2421450CE.NFO,02/01/2024,09:27:01,44.85,44.7,240,44.85,600,209520,4718000
FINNIFTY02JAN2421450CE.NFO,02/01/2024,09:27:02,45.9,45.9,560,46.05,280,149360,4718000
FINNIFTY02JAN2421450CE.NFO,02/01/2024,09:27:04,46.05,45.9,120,46.05,600,139880,4718000
FINNIFTY02JAN2421450CE.NFO,02/01/2024,09:27:06,45.85,45.7,1400,45.85,280,129240,4718000
FINNIFTY02JAN2421450CE.NFO,02/01/2024,09:27:07,46.5,46.3,640,46.5,600,104880,4718000
FINNIFTY02JAN2421450CE.NFO,02/01/2024,09:27:09,47.55,47.65,880,47.8,40,148200,4718000
FINNIFTY02JAN2421450CE.NFO,02/01/2024,09:27:11,46.05,45.85,680,46.05,360,153640,4718000
FINNIFTY02JAN2421450CE.NFO,02/01/2024,09:27:12,45.75,45.75,440,45.95,240,134680,4718000
FINNIFTY02JAN2421450CE.NFO,02/01/2024,09:27:14,45.6,45.45,1480,45.65,1160,103600,4718000
FINNIFTY02JAN2421450CE.NFO,02/01/2024,09:27:16,45.05,44.9,480,45.05,440,92560,4718000
FINNIFTY02JAN2421450CE.NFO,02/01/2024,09:27:18,44.85,44.9,640,45.1,1000,146800,4718000
FINNIFTY02JAN2421450CE.NFO,02/01/2024,09:27:19,44.7,44.45,2120,44.7,720,73960,4718000
FINNIFTY02JAN2421450CE.NFO,02/01/2024,09:27:21,45,45.15,160,45.3,880,106520,4718000
FINNIFTY02JAN2421450CE.NFO,02/01/2024,09:27:23,45,45,1800,45.2,960,88040,4718000
FINNIFTY02JAN2421450CE.NFO,02/01/2024,09:27:24,45.25,45.1,1480,45.25,600,88040,4718000
FINNIFTY02JAN2421450CE.NFO,02/01/2024,09:27:26,43.65,43.5,1520,43.65,1480,83520,4718000
FINNIFTY02JAN2421450CE.NFO,02/01/2024,09:27:28,42.55,42.4,720,42.55,120,96000,4718000
FINNIFTY02JAN2421450CE.NFO,02/01/2024,09:27:29,42.55,42.45,360,42.55,240,100680,4718000
FINNIFTY02JAN2421450CE.NFO,02/01/2024,09:27:31,42.2,42.15,440,42.3,1520,67520,4718000
FINNIFTY02JAN2421450CE.NFO,02/01/2024,09:27:33,41.6,41.55,360,41.7,680,140080,4718000
FINNIFTY02JAN2421450CE.NFO,02/01/2024,09:27:34,42.25,42.2,520,42.3,480,103600,4718000
FINNIFTY02JAN2421450CE.NFO,02/01/2024,09:27:36,43.75,43.55,1520,43.7,1960,94080,4718000
FINNIFTY02JAN2421450CE.NFO,02/01/2024,09:27:38,43.65,43.65,280,43.75,360,65680,4718000
FINNIFTY02JAN2421450CE.NFO,02/01/2024,09:27:39,43.55,43.55,1200,43.7,8240,61080,4718000
FINNIFTY02JAN2421450CE.NFO,02/01/2024,09:27:41,43.85,43.7,360,43.85,360,64440,4718000
FINNIFTY02JAN2421450CE.NFO,02/01/2024,09:27:43,44.35,44.2,1360,44.4,320,47920,4718000
FINNIFTY02JAN2421450CE.NFO,02/01/2024,09:27:44,43.6,43.55,840,43.75,1680,69400,4718000
FINNIFTY02JAN2421450CE.NFO,02/01/2024,09:27:46,43.1,43.05,2960,43.2,240,47240,4718000
FINNIFTY02JAN2421450CE.NFO,02/01/2024,09:27:48,43.3,43.2,160,43.3,2560,49520,4718000
FINNIFTY02JAN2421450CE.NFO,02/01/2024,09:27:49,44,44,1240,44.1,1520,70200,4718000
FINNIFTY02JAN2421450CE.NFO,02/01/2024,09:27:51,45.05,45.05,80,45.1,720,75560,4718000
FINNIFTY02JAN2421450CE.NFO,02/01/2024,09:27:53,48.4,48.2,720,48.4,2480,155800,4718000
FINNIFTY02JAN2421450CE.NFO,02/01/2024,09:27:54,47.75,47.65,360,47.75,1720,118840,4718000
FINNIFTY02JAN2421450CE.NFO,02/01/2024,09:27:56,48.55,48.35,520,48.55,560,153840,4718000
FINNIFTY02JAN2421450CE.NFO,02/01/2024,09:27:58,50,50,240,51.15,120,489360,4718000
FINNIFTY02JAN2421450CE.NFO,02/01/2024,09:27:58,58.25,50,240,51.15,120,0,4718000
FINNIFTY02JAN2421450CE.NFO,02/01/2024,09:27:59,53,52.8,1760,53,1440,265240,4718000
FINNIFTY02JAN2421450CE.NFO,02/01/2024,09:28:01,52.1,52,2640,52.25,960,347360,4718000
FINNIFTY02JAN2421450CE.NFO,02/01/2024,09:28:03,54.4,54.35,40,54.55,800,158920,4718000
FINNIFTY02JAN2421450CE.NFO,02/01/2024,09:28:04,54.2,53.95,1080,54.2,320,150240,4718000
FINNIFTY02JAN2421450CE.NFO,02/01/2024,09:28:06,52.4,52.2,1200,52.45,1720,152800,4718000
FINNIFTY02JAN2421450CE.NFO,02/01/2024,09:28:08,51.6,51.5,240,51.6,400,118160,4718000
FINNIFTY02JAN2421450CE.NFO,02/01/2024,09:28:09,51.5,51.25,800,51.5,1160,89080,4718000
FINNIFTY02JAN2421450CE.NFO,02/01/2024,09:28:11,51.2,50.95,280,51.15,720,87640,4718000
FINNIFTY02JAN2421450CE.NFO,02/01/2024,09:28:13,50.2,50.2,480,50.4,2040,118640,4718000
FINNIFTY02JAN2421450CE.NFO,02/01/2024,09:28:14,50.15,49.9,1280,50.15,320,86280,4718000
FINNIFTY02JAN2421450CE.NFO,02/01/2024,09:28:16,50.5,50.25,1640,50.4,2000,94360,4718000
FINNIFTY02JAN2421450CE.NFO,02/01/2024,09:28:18,49.45,49.5,720,49.75,1800,68880,4718000
FINNIFTY02JAN2421450CE.NFO,02/01/2024,09:28:19,50,49.8,1720,50,1200,90480,4718000
FINNIFTY02JAN2421450CE.NFO,02/01/2024,09:28:21,50.1,49.9,1360,50.1,1120,77040,4718000
FINNIFTY02JAN2421450CE.NFO,02/01/2024,09:28:23,50.8,50.6,80,50.8,1320,72760,4718000
FINNIFTY02JAN2421450CE.NFO,02/01/2024,09:28:24,51.4,51.45,80,51.65,1720,66480,4718000
FINNIFTY02JAN2421450CE.NFO,02/01/2024,09:28:26,52,52,2160,52.2,560,113560,4718000
FINNIFTY02JAN2421450CE.NFO,02/01/2024,09:28:28,51.35,51.15,240,51.35,1760,91440,4718000
FINNIFTY02JAN2421450CE.NFO,02/01/2024,09:28:29,51.7,51.5,80,51.65,280,77280,4718000
FINNIFTY02JAN2421450CE.NFO,02/01/2024,09:28:31,50.75,50.7,1120,50.85,640,175600,4718000
FINNIFTY02JAN2421450CE.NFO,02/01/2024,09:28:33,49.2,49.1,600,49.2,240,191920,4718000
FINNIFTY02JAN2421450CE.NFO,02/01/2024,09:28:34,48.6,48.4,1400,48.6,120,111680,4718000
FINNIFTY02JAN2421450CE.NFO,02/01/2024,09:28:36,47.4,47.3,80,47.4,1320,144640,4718000
FINNIFTY02JAN2421450CE.NFO,02/01/2024,09:28:38,47.3,47.3,880,47.45,1480,105880,4718000
FINNIFTY02JAN2421450CE.NFO,02/01/2024,09:28:39,47.8,47.6,1600,47.8,1040,64400,4718000
FINNIFTY02JAN2421450CE.NFO,02/01/2024,09:28:41,48.55,48.4,1440,48.6,120,84680,4718000
FINNIFTY02JAN2421450CE.NFO,02/01/2024,09:28:43,48.05,48.05,2080,48.25,800,51560,4718000
FINNIFTY02JAN2421450CE.NFO,02/01/2024,09:28:44,48.25,48.25,2200,48.5,2920,58880,4718000
FINNIFTY02JAN2421450CE.NFO,02/01/2024,09:28:46,49.5,49.35,280,49.55,2240,55040,4718000
FINNIFTY02JAN2421450CE.NFO,02/01/2024,09:28:48,49.2,49,600,49.15,1040,44080,4718000
FINNIFTY02JAN2421450CE.NFO,02/01/2024,09:28:49,48.2,48.15,1520,48.45,3680,43800,4718000
FINNIFTY02JAN2421450CE.NFO,02/01/2024,09:28:51,48.95,48.75,720,49,160,49720,4718000
FINNIFTY02JAN2421450CE.NFO,02/01/2024,09:28:53,48.45,48.45,1120,48.7,1480,33120,4718000
FINNIFTY02JAN2421450CE.NFO,02/01/2024,09:28:54,48.15,48,12000,48.15,1560,44520,4718000
FINNIFTY02JAN2421450CE.NFO,02/01/2024,09:28:56,47.5,47.25,2120,47.5,1200,60240,4718000
FINNIFTY02JAN2421450CE.NFO,02/01/2024,09:28:58,47.2,47.15,1040,47.3,120,60600,4718000
FINNIFTY02JAN2421450CE.NFO,02/01/2024,09:28:59,47,46.75,840,47,3120,68600,4718000
FINNIFTY02JAN2421450CE.NFO,02/01/2024,09:29:01,46.55,46.55,560,46.75,360,128600,4718000
FINNIFTY02JAN2421450CE.NFO,02/01/2024,09:29:03,45.75,45.65,800,45.85,1360,67160,4718000
FINNIFTY02JAN2421450CE.NFO,02/01/2024,09:29:04,46,46,1320,46.2,160,108560,4718000
FINNIFTY02JAN2421450CE.NFO,02/01/2024,09:29:06,45.05,45.05,120,45.2,1000,77440,4718000
FINNIFTY02JAN2421450CE.NFO,02/01/2024,09:29:08,44.65,44.75,80,44.9,240,61120,4718000
FINNIFTY02JAN2421450CE.NFO,02/01/2024,09:29:09,44.95,44.8,480,44.95,520,61320,4718000
FINNIFTY02JAN2421450CE.NFO,02/01/2024,09:29:11,45.55,45.55,680,45.75,880,74360,4718000
FINNIFTY02JAN2421450CE.NFO,02/01/2024,09:29:13,46.65,46.5,1400,46.65,40,63080,4718000
FINNIFTY02JAN2421450CE.NFO,02/01/2024,09:29:14,46.5,46.35,1560,46.55,2360,64760,4718000
FINNIFTY02JAN2421450CE.NFO,02/01/2024,09:29:16,45.65,45.45,2080,45.65,160,50960,4718000
FINNIFTY02JAN2421450CE.NFO,02/01/2024,09:29:18,45.45,45.45,640,45.65,1880,30040,4718000
FINNIFTY02JAN2421450CE.NFO,02/01/2024,09:29:19,45.6,45.5,120,45.6,960,43600,4718000
FINNIFTY02JAN2421450CE.NFO,02/01/2024,09:29:21,45.35,45.2,40,45.35,800,79480,4718000
FINNIFTY02JAN2421450CE.NFO,02/01/2024,09:29:23,44.95,44.8,1120,45,1560,55680,4718000
FINNIFTY02JAN2421450CE.NFO,02/01/2024,09:29:24,45.55,45.35,1760,45.55,2520,41520,4914440
FINNIFTY02JAN2421450CE.NFO,02/01/2024,09:29:26,44.5,44.35,880,44.55,520,36000,4914440
FINNIFTY02JAN2421450CE.NFO,02/01/2024,09:29:28,44.3,44.25,40,44.35,1640,67160,4914440
FINNIFTY02JAN2421450CE.NFO,02/01/2024,09:29:29,44.5,44.35,1120,44.5,120,36240,4914440
FINNIFTY02JAN2421450CE.NFO,02/01/2024,09:29:31,44.95,44.95,400,45.15,1960,44240,4914440
FINNIFTY02JAN2421450CE.NFO,02/01/2024,09:29:33,44.55,44.6,80,44.75,40,41880,4914440
FINNIFTY02JAN2421450CE.NFO,02/01/2024,09:29:34,44.95,44.95,2400,45.1,120,31640,4914440
FINNIFTY02JAN2421450CE.NFO,02/01/2024,09:29:36,46.1,46,440,46.1,640,39080,4914440
FINNIFTY02JAN2421450CE.NFO,02/01/2024,09:29:38,45.9,45.85,360,46,1240,34080,4914440
FINNIFTY02JAN2421450CE.NFO,02/01/2024,09:29:39,46.7,46.55,1320,46.75,680,56760,4914440
FINNIFTY02JAN2421450CE.NFO,02/01/2024,09:29:41,46.6,46.4,1400,46.6,720,50560,4914440
FINNIFTY02JAN2421450CE.NFO,02/01/2024,09:29:43,45.75,45.65,2080,45.8,80,62720,4914440
FINNIFTY02JAN2421450CE.NFO,02/01/2024,09:29:44,45.65,45.6,360,45.8,2840,37680,4914440
FINNIFTY02JAN2421450CE.NFO,02/01/2024,09:29:46,45.35,45.25,520,45.4,200,31520,4914440
FINNIFTY02JAN2421450CE.NFO,02/01/2024,09:29:48,45.25,45.05,960,45.2,360,30800,4914440
FINNIFTY02JAN2421450CE.NFO,02/01/2024,09:29:49,45.9,45.85,80,46,480,71760,4914440
FINNIFTY02JAN2421450CE.NFO,02/01/2024,09:29:51,46.2,46.05,1040,46.2,240,25080,4914440
FINNIFTY02JAN2421450CE.NFO,02/01/2024,09:29:53,46.3,46.15,720,46.35,2640,14200,4914440
FINNIFTY02JAN2421450CE.NFO,02/01/2024,09:29:54,45.9,45.9,160,46.05,160,60680,4914440
FINNIFTY02JAN2421450CE.NFO,02/01/2024,09:29:56,45.6,45.45,600,45.6,2200,50120,4914440
FINNIFTY02JAN2421450CE.NFO,02/01/2024,09:29:58,45.4,45.4,680,45.55,1240,23960,4914440
FINNIFTY02JAN2421450CE.NFO,02/01/2024,09:29:59,45.6,45.6,1120,45.7,240,41400,4914440
FINNIFTY02JAN2421450CE.NFO,02/01/2024,09:30:01,46.6,46.45,1080,46.6,280,263640,4914440
FINNIFTY02JAN2421450CE.NFO,02/01/2024,09:30:03,44.3,44.3,3960,44.5,800,120040,4914440
FINNIFTY02JAN2421450CE.NFO,02/01/2024,09:30:04,43.8,43.6,3800,43.8,1120,103840,4914440
FINNIFTY02JAN2421450CE.NFO,02/01/2024,09:30:06,42.65,42.55,320,42.65,240,110600,4914440
FINNIFTY02JAN2421450CE.NFO,02/01/2024,09:30:08,43.1,42.9,1280,43.05,1800,136040,4914440
FINNIFTY02JAN2421450CE.NFO,02/01/2024,09:30:09,43.4,43.4,2800,43.55,120,82840,4914440
FINNIFTY02JAN2421450CE.NFO,02/01/2024,09:30:11,44.15,44.15,800,44.3,4320,88160,4914440
FINNIFTY02JAN2421450CE.NFO,02/01/2024,09:30:13,44.75,44.8,720,44.95,560,83520,4914440
FINNIFTY02JAN2421450CE.NFO,02/01/2024,09:30:14,45.75,45.8,40,45.9,1680,72080,4914440
FINNIFTY02JAN2421450CE.NFO,02/01/2024,09:30:16,45.95,45.9,2360,46.05,1920,92000,4914440
FINNIFTY02JAN2421450CE.NFO,02/01/2024,09:30:18,46.55,46.5,1680,46.7,1680,81320,4914440
FINNIFTY02JAN2421450CE.NFO,02/01/2024,09:30:19,48.15,48.15,640,48.25,320,110240,4914440
FINNIFTY02JAN2421450CE.NFO,02/01/2024,09:30:21,46.85,46.85,920,47.05,1280,116760,4914440
FINNIFTY02JAN2421450CE.NFO,02/01/2024,09:30:23,47.05,47,80,47.15,1440,94160,4914440
FINNIFTY02JAN2421450CE.NFO,02/01/2024,09:30:24,46.55,46.25,1280,46.45,3720,37400,4914440
FINNIFTY02JAN2421450CE.NFO,02/01/2024,09:30:26,46.15,46,6080,46.15,880,53880,4914440
FINNIFTY02JAN2421450CE.NFO,02/01/2024,09:30:28,45.8,45.65,240,45.8,2600,45080,4914440
FINNIFTY02JAN2421450CE.NFO,02/01/2024,09:30:29,45.25,45.2,80,45.3,1240,32320,4914440
FINNIFTY02JAN2421450CE.NFO,02/01/2024,09:30:31,44.5,44.45,960,44.6,200,119200,4914440
FINNIFTY02JAN2421450CE.NFO,02/01/2024,09:30:33,44.8,44.7,1720,44.8,80,44720,4914440
FINNIFTY02JAN2421450CE.NFO,02/01/2024,09:30:34,45.25,45.1,80,45.25,2840,30560,4914440
FINNIFTY02JAN2421450CE.NFO,02/01/2024,09:30:36,45,44.9,640,45.05,200,23320,4914440
FINNIFTY02JAN2421450CE.NFO,02/01/2024,09:30:38,44.65,44.45,1720,44.6,120,42160,4914440
FINNIFTY02JAN2421450CE.NFO,02/01/2024,09:30:39,44.6,44.5,1080,44.65,80,40680,4914440
FINNIFTY02JAN2421450CE.NFO,02/01/2024,09:30:41,46.15,46.15,320,46.3,3240,33080,4914440
FINNIFTY02JAN2421450CE.NFO,02/01/2024,09:30:43,45.3,45.15,1640,45.25,120,41400,4914440
FINNIFTY02JAN2421450CE.NFO,02/01/2024,09:30:44,45.7,45.5,2720,45.7,1280,57040,4914440
FINNIFTY02JAN2421450CE.NFO,02/01/2024,09:30:46,45.7,45.7,40,45.8,240,25600,4914440
FINNIFTY02JAN2421450CE.NFO,02/01/2024,09:30:48,45.45,45.4,280,45.55,2240,22360,4914440
FINNIFTY02JAN2421450CE.NFO,02/01/2024,09:30:49,45.65,45.5,760,45.65,2480,16880,4914440
FINNIFTY02JAN2421450CE.NFO,02/01/2024,09:30:51,45.45,45.35,40,45.45,1760,25640,4914440
FINNIFTY02JAN2421450CE.NFO,02/01/2024,09:30:53,45.15,45.15,4320,45.35,320,16520,4914440
FINNIFTY02JAN2421450CE.NFO,02/01/2024,09:30:54,45.1,45,200,45.15,1200,27800,4914440
FINNIFTY02JAN2421450CE.NFO,02/01/2024,09:30:56,44.85,44.7,2160,44.85,1000,20320,4914440
FINNIFTY02JAN2421450CE.NFO,02/01/2024,09:30:58,44.75,44.55,320,44.7,1160,35360,4914440
FINNIFTY02JAN2421450CE.NFO,02/01/2024,09:30:59,44.35,44.25,360,44.4,1480,41280,4914440
FINNIFTY02JAN2421450CE.NFO,02/01/2024,09:31:01,43.55,43.55,2360,43.7,560,96920,4914440
FINNIFTY02JAN2421450CE.NFO,02/01/2024,09:31:03,43.15,43.2,1960,43.35,80,89280,4914440
FINNIFTY02JAN2421450CE.NFO,02/01/2024,09:31:04,42.45,42.35,1920,42.5,1880,69960,4914440
FINNIFTY02JAN2421450CE.NFO,02/01/2024,09:31:06,42.35,42.35,200,42.45,760,71160,4914440
FINNIFTY02JAN2421450CE.NFO,02/01/2024,09:31:07,42.65,42.65,1160,42.85,2640,55960,4914440
FINNIFTY02JAN2421450CE.NFO,02/01/2024,09:31:09,43.15,43.15,1480,43.25,120,61600,4914440
FINNIFTY02JAN2421450CE.NFO,02/01/2024,09:31:11,43,43,1600,43.05,2840,51720,4914440
FINNIFTY02JAN2421450CE.NFO,02/01/2024,09:31:12,42.35,42.35,1520,42.45,240,45600,4914440
FINNIFTY02JAN2421450CE.NFO,02/01/2024,09:31:14,41.25,41.15,2440,41.3,2280,146640,4914440
FINNIFTY02JAN2421450CE.NFO,02/01/2024,09:31:16,40.65,40.55,400,40.65,840,97000,4914440
FINNIFTY02JAN2421450CE.NFO,02/01/2024,09:31:17,41.5,41.55,1880,41.65,80,78640,4914440
FINNIFTY02JAN2421450CE.NFO,02/01/2024,09:31:19,41.65,41.65,3200,41.8,160,79440,4914440
FINNIFTY02JAN2421450CE.NFO,02/01/2024,09:31:21,41.45,41.3,1720,41.45,1680,44560,4914440
FINNIFTY02JAN2421450CE.NFO,02/01/2024,09:31:22,42.55,42.45,1200,42.6,160,45880,4914440
FINNIFTY02JAN2421450CE.NFO,02/01/2024,09:31:24,41.8,41.65,3120,41.8,920,50240,4914440
FINNIFTY02JAN2421450CE.NFO,02/01/2024,09:31:26,43.65,43.6,280,43.65,1560,79600,4914440
FINNIFTY02JAN2421450CE.NFO,02/01/2024,09:31:27,43.7,43.5,2200,43.7,2800,55520,4914440
FINNIFTY02JAN2421450CE.NFO,02/01/2024,09:31:29,43.2,43.05,320,43.2,280,26960,4914440
FINNIFTY02JAN2421450CE.NFO,02/01/2024,09:31:30,43.1,43,560,43.1,1000,37880,4914440
FINNIFTY02JAN2421450CE.NFO,02/01/2024,09:31:32,42.85,42.7,1760,42.85,160,57960,4914440
FINNIFTY02JAN2421450CE.NFO,02/01/2024,09:31:34,41.85,41.65,4080,41.85,160,44720,4914440
FINNIFTY02JAN2421450CE.NFO,02/01/2024,09:31:35,41.85,41.75,560,41.85,360,34160,4914440
FINNIFTY02JAN2421450CE.NFO,02/01/2024,09:31:37,41.5,41.35,1080,41.5,1240,49560,4914440
FINNIFTY02JAN2421450CE.NFO,02/01/2024,09:31:39,41.45,41.4,1480,41.6,4360,33440,4914440
FINNIFTY02JAN2421450CE.NFO,02/01/2024,09:31:40,41.1,41.1,440,41.25,2360,49800,4914440
FINNIFTY02JAN2421450CE.NFO,02/01/2024,09:31:42,40.9,40.9,840,41,480,68120,4914440
FINNIFTY02JAN2421450CE.NFO,02/01/2024,09:31:44,41.15,41.15,1480,41.25,1720,50480,4914440
FINNIFTY02JAN2421450CE.NFO,02/01/2024,09:31:45,41.85,41.8,320,41.95,2800,31160,4914440
FINNIFTY02JAN2421450CE.NFO,02/01/2024,09:31:47,41.35,41.25,200,41.35,200,57520,4914440
FINNIFTY02JAN2421450CE.NFO,02/01/2024,09:31:49,41.7,41.55,3520,41.7,1720,31960,4914440
FINNIFTY02JAN2421450CE.NFO,02/01/2024,09:31:51,41.75,41.7,1440,41.9,3520,34640,4914440
FINNIFTY02JAN2421450CE.NFO,02/01/2024,09:31:52,40.8,40.8,1600,40.9,40,53040,4914440
FINNIFTY02JAN2421450CE.NFO,02/01/2024,09:31:54,39.35,39.15,40,39.4,480,212120,4914440
FINNIFTY02JAN2421450CE.NFO,02/01/2024,09:31:56,39.85,39.75,40,39.8,160,85040,4914440
FINNIFTY02JAN2421450CE.NFO,02/01/2024,09:31:57,40.2,40.05,2440,40.2,920,99440,4914440
FINNIFTY02JAN2421450CE.NFO,02/01/2024,09:31:59,40.45,40.3,2400,40.45,1680,57080,4914440
FINNIFTY02JAN2421450CE.NFO,02/01/2024,09:32:01,39.65,39.65,2640,39.8,2280,97320,4914440
FINNIFTY02JAN2421450CE.NFO,02/01/2024,09:32:02,40.1,39.95,1640,40.1,1840,54000,4914440
FINNIFTY02JAN2421450CE.NFO,02/01/2024,09:32:04,38.6,38.6,1280,38.7,2280,84240,4914440
FINNIFTY02JAN2421450CE.NFO,02/01/2024,09:32:06,38.6,38.6,1080,38.7,1680,102640,4914440
FINNIFTY02JAN2421450CE.NFO,02/01/2024,09:32:07,38.65,38.55,2040,38.7,600,84560,4914440
FINNIFTY02JAN2421450CE.NFO,02/01/2024,09:32:09,38.4,38.35,2400,38.5,720,99000,4914440
FINNIFTY02JAN2421450CE.NFO,02/01/2024,09:32:11,38.7,38.55,2680,38.7,2160,89080,4914440
FINNIFTY02JAN2421450CE.NFO,02/01/2024,09:32:12,40.1,39.95,560,40.1,520,90840,4914440
FINNIFTY02JAN2421450CE.NFO,02/01/2024,09:32:14,39.5,39.3,3960,39.5,560,70640,4914440
FINNIFTY02JAN2421450CE.NFO,02/01/2024,09:32:16,38.85,38.8,160,38.85,440,44680,4914440
FINNIFTY02JAN2421450CE.NFO,02/01/2024,09:32:17,38.65,38.6,840,38.7,240,47160,4914440
FINNIFTY02JAN2421450CE.NFO,02/01/2024,09:32:19,37.05,36.9,960,37.05,2040,145080,4914440
FINNIFTY02JAN2421450CE.NFO,02/01/2024,09:32:21,36.85,36.8,840,37,3760,90760,4914440
FINNIFTY02JAN2421450CE.NFO,02/01/2024,09:32:22,37.6,37.6,400,37.75,2520,71320,4914440
FINNIFTY02JAN2421450CE.NFO,02/01/2024,09:32:24,37.7,37.65,40,37.7,1760,98400,4914440
FINNIFTY02JAN2421450CE.NFO,02/01/2024,09:32:25,36.7,36.7,480,36.8,2640,68720,6012960
FINNIFTY02JAN2421450CE.NFO,02/01/2024,09:32:27,37.55,37.6,160,37.7,2080,86160,6012960
FINNIFTY02JAN2421450CE.NFO,02/01/2024,09:32:29,38,37.95,80,38,1680,61760,6012960
FINNIFTY02JAN2421450CE.NFO,02/01/2024,09:32:30,38.6,38.4,3400,38.6,2680,62440,6012960
FINNIFTY02JAN2421450CE.NFO,02/01/2024,09:32:32,38.25,38.25,80,38.35,1800,62280,6012960
FINNIFTY02JAN2421450CE.NFO,02/01/2024,09:32:34,38.15,38,1440,38.15,760,40600,6012960
FINNIFTY02JAN2421450CE.NFO,02/01/2024,09:32:35,38,37.9,1440,38,160,36840,6012960
FINNIFTY02JAN2421450CE.NFO,02/01/2024,09:32:37,37.4,37.3,840,37.4,1480,58200,6012960
FINNIFTY02JAN2421450CE.NFO,02/01/2024,09:32:39,37,36.85,2640,37,4680,84840,6012960
FINNIFTY02JAN2421450CE.NFO,02/01/2024,09:32:40,36.95,36.85,40,36.9,2160,73080,6012960
FINNIFTY02JAN2421450CE.NFO,02/01/2024,09:32:42,37.1,36.95,800,37.1,1720,45480,6012960
FINNIFTY02JAN2421450CE.NFO,02/01/2024,09:32:44,37,36.85,200,36.9,1840,32800,6012960
FINNIFTY02JAN2421450CE.NFO,02/01/2024,09:32:45,36.25,36.25,1720,36.35,160,65920,6012960
FINNIFTY02JAN2421450CE.NFO,02/01/2024,09:32:47,36.95,36.8,2600,37,4280,62720,6012960
FINNIFTY02JAN2421450CE.NFO,02/01/2024,09:32:49,37.85,37.7,1840,37.85,1080,59000,6012960
FINNIFTY02JAN2421450CE.NFO,02/01/2024,09:32:50,37.65,37.55,720,37.65,1840,66120,6012960
FINNIFTY02JAN2421450CE.NFO,02/01/2024,09:32:52,37.3,37.35,120,37.45,2160,50880,6012960
FINNIFTY02JAN2421450CE.NFO,02/01/2024,09:32:54,37.4,37.35,480,37.45,1400,44800,6012960
FINNIFTY02JAN2421450CE.NFO,02/01/2024,09:32:55,37.75,37.65,1720,37.75,360,30640,6012960
FINNIFTY02JAN2421450CE.NFO,02/01/2024,09:32:57,37.6,37.55,560,37.7,4680,37200,6012960
FINNIFTY02JAN2421450CE.NFO,02/01/2024,09:32:59,37.85,37.7,2120,37.9,1160,26320,6012960
FINNIFTY02JAN2421450CE.NFO,02/01/2024,09:33:00,38.25,38.25,80,38.35,2080,73400,6012960
FINNIFTY02JAN2421450CE.NFO,02/01/2024,09:33:02,38.65,38.6,680,38.65,680,62000,6012960
FINNIFTY02JAN2421450CE.NFO,02/01/2024,09:33:04,38.25,38.25,1680,38.4,880,34600,6012960
FINNIFTY02JAN2421450CE.NFO,02/01/2024,09:33:05,38.1,38.05,2800,38.25,2960,32160,6012960
FINNIFTY02JAN2421450CE.NFO,02/01/2024,09:33:07,38,38,2840,38.05,80,68800,6012960
FINNIFTY02JAN2421450CE.NFO,02/01/2024,09:33:09,38,37.8,4520,38,1960,55560,6012960
FINNIFTY02JAN2421450CE.NFO,02/01/2024,09:33:10,38.05,37.95,40,38.05,24200,36040,6012960
FINNIFTY02JAN2421450CE.NFO,02/01/2024,09:33:12,37.8,37.7,2680,37.8,320,28680,6012960
FINNIFTY02JAN2421450CE.NFO,02/01/2024,09:33:14,37.35,37.15,40,37.3,840,58440,6012960
FINNIFTY02JAN2421450CE.NFO,02/01/2024,09:33:15,36.25,36.15,40,36.25,440,106240,6012960
FINNIFTY02JAN2421450CE.NFO,02/01/2024,09:33:17,35.85,35.75,1320,35.85,1600,134720,6012960
FINNIFTY02JAN2421450CE.NFO,02/01/2024,09:33:19,36.7,36.6,1200,36.7,120,96400,6012960
FINNIFTY02JAN2421450CE.NFO,02/01/2024,09:33:20,36.3,36.3,2760,36.45,2440,42520,6012960
FINNIFTY02JAN2421450CE.NFO,02/01/2024,09:33:22,36.6,36.45,4600,36.6,2760,23320,6012960
FINNIFTY02JAN2421450CE.NFO,02/01/2024,09:33:24,35.85,35.85,760,35.9,840,47640,6012960
FINNIFTY02JAN2421450CE.NFO,02/01/2024,09:33:25,34.8,34.75,40,34.8,1680,139600,6012960
FINNIFTY02JAN2421450CE.NFO,02/01/2024,09:33:27,35.35,35.35,1800,35.45,520,103040,6012960
FINNIFTY02JAN2421450CE.NFO,02/01/2024,09:33:29,35.3,35.3,2360,35.4,1200,44120,6012960
FINNIFTY02JAN2421450CE.NFO,02/01/2024,09:33:30,35.9,35.9,1920,36.05,1520,48840,6012960
FINNIFTY02JAN2421450CE.NFO,02/01/2024,09:33:32,36.2,36.2,1000,36.3,1080,41480,6012960
FINNIFTY02JAN2421450CE.NFO,02/01/2024,09:33:34,36.5,36.45,160,36.55,1720,52920,6012960
FINNIFTY02JAN2421450CE.NFO,02/01/2024,09:33:35,35.9,35.85,880,35.9,80,51560,6012960
FINNIFTY02JAN2421450CE.NFO,02/01/2024,09:33:37,36.95,37,760,37.05,920,57400,6012960
FINNIFTY02JAN2421450CE.NFO,02/01/2024,09:33:39,36.9,36.7,1360,36.85,2720,41400,6012960
FINNIFTY02JAN2421450CE.NFO,02/01/2024,09:33:40,36.8,36.7,800,36.8,1480,22800,6012960
FINNIFTY02JAN2421450CE.NFO,02/01/2024,09:33:42,37.05,37,200,37.05,1680,29080,6012960
FINNIFTY02JAN2421450CE.NFO,02/01/2024,09:33:44,37.85,37.75,480,37.85,4280,62560,6012960
FINNIFTY02JAN2421450CE.NFO,02/01/2024,09:33:45,38.1,38.1,800,38.25,3160,59880,6012960
FINNIFTY02JAN2421450CE.NFO,02/01/2024,09:33:47,37.85,37.8,1600,37.9,2320,39440,6012960
FINNIFTY02JAN2421450CE.NFO,02/01/2024,09:33:49,38.1,37.9,2080,38.05,3240,28200,6012960
FINNIFTY02JAN2421450CE.NFO,02/01/2024,09:33:50,39.35,39.4,480,39.5,2000,72640,6012960
FINNIFTY02JAN2421450CE.NFO,02/01/2024,09:33:52,39.8,39.75,720,39.85,80,50760,6012960
FINNIFTY02JAN2421450CE.NFO,02/01/2024,09:33:54,40.3,40.3,360,40.4,1040,137520,6012960
FINNIFTY02JAN2421450CE.NFO,02/01/2024,09:33:55,39.8,39.8,40,39.85,400,70600,6012960
FINNIFTY02JAN2421450CE.NFO,02/01/2024,09:33:57,40.1,40.1,440,40.25,2920,51600,6012960
FINNIFTY02JAN2421450CE.NFO,02/01/2024,09:33:59,40.1,39.9,1800,40.1,2880,73760,6012960
FINNIFTY02JAN2421450CE.NFO,02/01/2024,09:34:00,39.25,39.25,3080,39.4,440,80280,6012960
FINNIFTY02JAN2421450CE.NFO,02/01/2024,09:34:02,39,38.9,80,39,840,77520,6012960
FINNIFTY02JAN2421450CE.NFO,02/01/2024,09:34:04,38.65,38.65,160,38.75,1680,61520,6012960
FINNIFTY02JAN2421450CE.NFO,02/01/2024,09:34:05,38.6,38.5,40,38.6,2000,35840,6012960
FINNIFTY02JAN2421450CE.NFO,02/01/2024,09:34:07,38.15,38.15,2080,38.3,880,34080,6012960
FINNIFTY02JAN2421450CE.NFO,02/01/2024,09:34:09,38.35,38.35,560,38.5,3480,73200,6012960
FINNIFTY02JAN2421450CE.NFO,02/01/2024,09:34:10,37.8,37.8,3400,38,3800,32480,6012960
FINNIFTY02JAN2421450CE.NFO,02/01/2024,09:34:12,37.9,37.75,1800,37.9,200,35920,6012960
FINNIFTY02JAN2421450CE.NFO,02/01/2024,09:34:14,38.35,38.25,520,38.35,120,28880,6012960
FINNIFTY02JAN2421450CE.NFO,02/01/2024,09:34:15,38.1,38.1,3160,38.25,3800,31240,6012960
FINNIFTY02JAN2421450CE.NFO,02/01/2024,09:34:17,37.5,37.35,2480,37.5,1680,24400,6012960
FINNIFTY02JAN2421450CE.NFO,02/01/2024,09:34:19,36.95,36.95,600,37.05,600,106920,6012960
FINNIFTY02JAN2421450CE.NFO,02/01/2024,09:34:20,37.4,37.3,880,37.4,2000,30840,6012960
FINNIFTY02JAN2421450CE.NFO,02/01/2024,09:34:22,36.75,36.75,1960,36.9,1640,41480,6012960
FINNIFTY02JAN2421450CE.NFO,02/01/2024,09:34:24,35.9,35.9,2040,36.05,1920,57120,6012960
FINNIFTY02JAN2421450CE.NFO,02/01/2024,09:34:25,35.65,35.5,240,35.6,2560,45800,6012960
FINNIFTY02JAN2421450CE.NFO,02/01/2024,09:34:27,35.7,35.6,2520,35.75,120,61720,6012960
FINNIFTY02JAN2421450CE.NFO,02/01/2024,09:34:29,35.95,35.9,520,36,920,49920,6012960
FINNIFTY02JAN2421450CE.NFO,02/01/2024,09:34:30,35.75,35.75,840,35.8,680,45920,6012960
FINNIFTY02JAN2421450CE.NFO,02/01/2024,09:34:32,36,35.95,160,36.05,2840,49360,6012960
FINNIFTY02JAN2421450CE.NFO,02/01/2024,09:34:34,36.4,36.25,1040,36.4,920,30640,6012960
FINNIFTY02JAN2421450CE.NFO,02/01/2024,09:34:35,36.25,36.25,2640,36.35,600,37080,6012960
FINNIFTY02JAN2421450CE.NFO,02/01/2024,09:34:37,36.4,36.35,160,36.4,1200,23440,6012960
FINNIFTY02JAN2421450CE.NFO,02/01/2024,09:34:39,36,36.05,40,36.1,800,48120,6012960
FINNIFTY02JAN2421450CE.NFO,02/01/2024,09:34:40,35.95,35.9,80,36,2040,59080,6012960
FINNIFTY02JAN2421450CE.NFO,02/01/2024,09:34:42,36.8,36.8,520,36.95,5000,33880,6012960
FINNIFTY02JAN2421450CE.NFO,02/01/2024,09:34:44,37,36.85,1320,37,1440,41840,6012960
FINNIFTY02JAN2421450CE.NFO,02/01/2024,09:34:45,36.7,36.7,1440,36.85,840,21840,6012960
FINNIFTY02JAN2421450CE.NFO,02/01/2024,09:34:47,36.8,36.65,3760,36.8,1680,14960,6012960
FINNIFTY02JAN2421450CE.NFO,02/01/2024,09:34:49,37,36.85,160,36.95,2840,14560,6012960
FINNIFTY02JAN2421450CE.NFO,02/01/2024,09:34:50,36.95,36.8,1920,36.95,2240,26400,6012960
FINNIFTY02JAN2421450CE.NFO,02/01/2024,09:34:52,36,36,80,36.1,2000,34240,6012960
FINNIFTY02JAN2421450CE.NFO,02/01/2024,09:34:54,35.85,35.7,1200,35.85,1640,24720,6012960
FINNIFTY02JAN2421450CE.NFO,02/01/2024,09:34:55,36.3,36.15,640,36.3,3160,52120,6012960
FINNIFTY02JAN2421450CE.NFO,02/01/2024,09:34:57,36.25,36.1,2960,36.25,2920,37080,6012960
FINNIFTY02JAN2421450CE.NFO,02/01/2024,09:34:59,37.55,37.55,240,37.7,3160,72040,6012960
FINNIFTY02JAN2421450CE.NFO,02/01/2024,09:35:00,37.2,37.2,2400,37.35,1400,139280,6012960
FINNIFTY02JAN2421450CE.NFO,02/01/2024,09:35:02,37.6,37.6,3280,37.75,1640,69080,6012960
FINNIFTY02JAN2421450CE.NFO,02/01/2024,09:35:04,37.75,37.6,2440,37.75,2960,45360,6012960
FINNIFTY02JAN2421450CE.NFO,02/01/2024,09:35:05,37.6,37.45,1080,37.6,2160,81640,6012960
FINNIFTY02JAN2421450CE.NFO,02/01/2024,09:35:07,37.45,37.3,2200,37.45,1960,29560,6012960
FINNIFTY02JAN2421450CE.NFO,02/01/2024,09:35:09,37.35,37.35,1360,37.5,560,28960,6012960
FINNIFTY02JAN2421450CE.NFO,02/01/2024,09:35:10,36.95,36.9,1040,37,2240,36240,6012960
FINNIFTY02JAN2421450CE.NFO,02/01/2024,09:35:12,36.3,36.3,120,36.4,120,44920,6012960
FINNIFTY02JAN2421450CE.NFO,02/01/2024,09:35:14,36.8,36.8,1440,36.95,3120,25920,6012960
FINNIFTY02JAN2421450CE.NFO,02/01/2024,09:35:15,36.55,36.5,8440,36.65,2720,30600,6012960
FINNIFTY02JAN2421450CE.NFO,02/01/2024,09:35:17,36.35,36.35,80,36.5,4680,28160,6012960
FINNIFTY02JAN2421450CE.NFO,02/01/2024,09:35:19,37.2,37.3,1480,37.4,760,36880,6012960
FINNIFTY02JAN2421450CE.NFO,02/01/2024,09:35:20,38.5,38.45,760,38.6,2920,48640,6012960
FINNIFTY02JAN2421450CE.NFO,02/01/2024,09:35:22,37.9,37.75,680,37.9,1960,41240,6012960
FINNIFTY02JAN2421450CE.NFO,02/01/2024,09:35:24,37.7,37.55,1720,37.7,2880,23720,6012960
FINNIFTY02JAN2421450CE.NFO,02/01/2024,09:35:25,37.85,37.8,200,37.95,3440,23920,6721040
FINNIFTY02JAN2421450CE.NFO,02/01/2024,09:35:27,37.65,37.55,760,37.7,1200,26760,6721040
FINNIFTY02JAN2421450CE.NFO,02/01/2024,09:35:29,37.55,37.55,240,37.7,2680,19720,6721040
FINNIFTY02JAN2421450CE.NFO,02/01/2024,09:35:30,37,36.9,1840,37,600,45240,6721040
FINNIFTY02JAN2421450CE.NFO,02/01/2024,09:35:32,37.2,37.2,3560,37.35,800,20400,6721040
FINNIFTY02JAN2421450CE.NFO,02/01/2024,09:35:34,37.25,37.15,120,37.3,4720,24920,6721040
FINNIFTY02JAN2421450CE.NFO,02/01/2024,09:35:35,36.95,36.95,3080,37.1,2120,21080,6721040
FINNIFTY02JAN2421450CE.NFO,02/01/2024,09:35:37,36.65,36.55,440,36.65,200,25120,6721040
FINNIFTY02JAN2421450CE.NFO,02/01/2024,09:35:39,36.45,36.35,320,36.45,560,26000,6721040
FINNIFTY02JAN2421450CE.NFO,02/01/2024,09:35:40,36,36,19120,36.1,1960,26520,6721040
FINNIFTY02JAN2421450CE.NFO,02/01/2024,09:35:42,36.05,36,17560,36.1,1760,17880,6721040
FINNIFTY02JAN2421450CE.NFO,02/01/2024,09:35:44,36.05,36,18160,36.15,1000,20560,6721040
FINNIFTY02JAN2421450CE.NFO,02/01/2024,09:35:45,35,35,56040,35.1,840,111080,6721040
FINNIFTY02JAN2421450CE.NFO,02/01/2024,09:35:47,34.6,34.5,3160,34.65,280,129520,6721040
FINNIFTY02JAN2421450CE.NFO,02/01/2024,09:35:49,35,35,1520,35.1,1480,96840,6721040
FINNIFTY02JAN2421450CE.NFO,02/01/2024,09:35:50,35,35,400,35.1,280,56800,6721040
FINNIFTY02JAN2421450CE.NFO,02/01/2024,09:35:52,34.8,34.8,1600,34.95,5240,35720,6721040
FINNIFTY02JAN2421450CE.NFO,02/01/2024,09:35:54,34.6,34.5,2960,34.65,1520,32280,6721040
FINNIFTY02JAN2421450CE.NFO,02/01/2024,09:35:55,33.7,33.65,40,33.8,3120,168360,6721040
FINNIFTY02JAN2421450CE.NFO,02/01/2024,09:35:57,33.35,33.35,600,33.5,2560,105080,6721040
FINNIFTY02JAN2421450CE.NFO,02/01/2024,09:35:59,34,33.9,2040,34.05,800,53560,6721040
FINNIFTY02JAN2421450CE.NFO,02/01/2024,09:36:00,33.3,33.3,800,33.4,1480,75720,6721040
FINNIFTY02JAN2421450CE.NFO,02/01/2024,09:36:02,33.35,33.3,80,33.35,560,92640,6721040
FINNIFTY02JAN2421450CE.NFO,02/01/2024,09:36:04,33.65,33.55,280,33.65,920,52680,6721040
FINNIFTY02JAN2421450CE.NFO,02/01/2024,09:36:05,33.95,33.95,40,34,1400,69080,6721040
FINNIFTY02JAN2421450CE.NFO,02/01/2024,09:36:07,33.75,33.75,2600,33.9,440,65440,6721040
FINNIFTY02JAN2421450CE.NFO,02/01/2024,09:36:09,34.35,34.3,40,34.35,1920,50000,6721040
FINNIFTY02JAN2421450CE.NFO,02/01/2024,09:36:10,34.25,34.15,1640,34.3,600,57280,6721040
FINNIFTY02JAN2421450CE.NFO,02/01/2024,09:36:12,34.3,34.15,1120,34.25,2560,56040,6721040
FINNIFTY02JAN2421450CE.NFO,02/01/2024,09:36:14,33.4,33.3,480,33.4,2480,52280,6721040
FINNIFTY02JAN2421450CE.NFO,02/01/2024,09:36:16,33.1,33,7200,33.1,1600,67120,6721040
FINNIFTY02JAN2421450CE.NFO,02/01/2024,09:36:17,32.25,32.25,1960,32.35,1560,201320,6721040
FINNIFTY02JAN2421450CE.NFO,02/01/2024,09:36:19,32.25,32.3,1080,32.4,360,125000,6721040
FINNIFTY02JAN2421450CE.NFO,02/01/2024,09:36:21,32.3,32.35,40,32.4,1400,109240,6721040
FINNIFTY02JAN2421450CE.NFO,02/01/2024,09:36:22,32.35,32.3,520,32.4,2400,61160,6721040
FINNIFTY02JAN2421450CE.NFO,02/01/2024,09:36:24,33,32.9,3280,33,2240,48880,6721040
FINNIFTY02JAN2421450CE.NFO,02/01/2024,09:36:26,33.65,33.65,3440,33.75,1160,54520,6721040
FINNIFTY02JAN2421450CE.NFO,02/01/2024,09:36:27,33.3,33.3,1560,33.45,3120,42920,6721040
FINNIFTY02JAN2421450CE.NFO,02/01/2024,09:36:29,34.5,34.35,3320,34.5,2760,52720,6721040
FINNIFTY02JAN2421450CE.NFO,02/01/2024,09:36:31,34.4,34.4,2400,34.5,520,61400,6721040
FINNIFTY02JAN2421450CE.NFO,02/01/2024,09:36:32,34,33.95,400,34.05,720,64920,6721040
FINNIFTY02JAN2421450CE.NFO,02/01/2024,09:36:34,34,34,960,34.15,3440,35400,6721040
FINNIFTY02JAN2421450CE.NFO,02/01/2024,09:36:36,34.15,34.05,2040,34.15,1640,36840,6721040
FINNIFTY02JAN2421450CE.NFO,02/01/2024,09:36:37,33.9,33.8,2520,33.9,1040,45280,6721040
FINNIFTY02JAN2421450CE.NFO,02/01/2024,09:36:39,34.05,33.95,560,34.05,1960,68880,6721040
FINNIFTY02JAN2421450CE.NFO,02/01/2024,09:36:41,34.75,34.6,40,34.7,4040,48080,6721040
FINNIFTY02JAN2421450CE.NFO,02/01/2024,09:36:42,34.45,34.4,40,34.5,1080,49360,6721040
FINNIFTY02JAN2421450CE.NFO,02/01/2024,09:36:44,34.7,34.7,40,34.8,3280,91440,6721040
FINNIFTY02JAN2421450CE.NFO,02/01/2024,09:36:46,34.9,34.8,1320,34.95,2040,54720,6721040
FINNIFTY02JAN2421450CE.NFO,02/01/2024,09:36:47,34.75,34.7,4120,34.8,520,40320,6721040
FINNIFTY02JAN2421450CE.NFO,02/01/2024,09:36:49,34.55,34.45,1240,34.55,400,46120,6721040
FINNIFTY02JAN2421450CE.NFO,02/01/2024,09:36:51,34.8,34.75,1840,34.8,1360,37360,6721040
FINNIFTY02JAN2421450CE.NFO,02/01/2024,09:36:52,34.9,34.8,1080,34.9,3720,23280,6721040
FINNIFTY02JAN2421450CE.NFO,02/01/2024,09:36:54,35.2,35.2,1480,35.3,240,61040,6721040
FINNIFTY02JAN2421450CE.NFO,02/01/2024,09:36:56,35.1,35.1,920,35.15,3080,39640,6721040
FINNIFTY02JAN2421450CE.NFO,02/01/2024,09:36:57,34.85,34.85,1600,34.95,240,29320,6721040
FINNIFTY02JAN2421450CE.NFO,02/01/2024,09:36:59,35.4,35.25,1200,35.35,1160,32040,6721040
FINNIFTY02JAN2421450CE.NFO,02/01/2024,09:37:01,36.05,36,480,36.05,40,84440,6721040
FINNIFTY02JAN2421450CE.NFO,02/01/2024,09:37:02,35.95,35.8,320,35.95,4640,48440,6721040
FINNIFTY02JAN2421450CE.NFO,02/01/2024,09:37:04,36.1,35.95,40,36.1,2640,63640,6721040
FINNIFTY02JAN2421450CE.NFO,02/01/2024,09:37:06,36.15,36.15,560,36.3,2080,45160,6721040
FINNIFTY02JAN2421450CE.NFO,02/01/2024,09:37:07,36.05,35.95,1520,36.05,1720,54760,6721040
FINNIFTY02JAN2421450CE.NFO,02/01/2024,09:37:09,35.9,35.85,2480,36,1880,63960,6721040
FINNIFTY02JAN2421450CE.NFO,02/01/2024,09:37:11,35.8,35.75,2160,35.8,80,47280,6721040
FINNIFTY02JAN2421450CE.NFO,02/01/2024,09:37:12,35.55,35.55,480,35.6,1160,45760,6721040
FINNIFTY02JAN2421450CE.NFO,02/01/2024,09:37:14,35.5,35.5,120,35.55,120,58920,6721040
FINNIFTY02JAN2421450CE.NFO,02/01/2024,09:37:16,35.5,35.35,3200,35.5,3600,31400,6721040
FINNIFTY02JAN2421450CE.NFO,02/01/2024,09:37:17,35.35,35.2,120,35.35,4840,24520,6721040
FINNIFTY02JAN2421450CE.NFO,02/01/2024,09:37:19,35.65,35.55,40,35.65,3120,26880,6721040
FINNIFTY02JAN2421450CE.NFO,02/01/2024,09:37:21,35.95,35.85,920,35.95,2880,23880,6721040
FINNIFTY02JAN2421450CE.NFO,02/01/2024,09:37:22,36,35.85,1960,36,4720,23040,6721040
FINNIFTY02JAN2421450CE.NFO,02/01/2024,09:37:24,36,36.05,1800,36.2,4640,29920,6721040
FINNIFTY02JAN2421450CE.NFO,02/01/2024,09:37:26,37,36.9,4360,37,19080,44560,6721040
FINNIFTY02JAN2421450CE.NFO,02/01/2024,09:37:27,37.15,37.1,40,37.2,3040,46840,6721040
FINNIFTY02JAN2421450CE.NFO,02/01/2024,09:37:29,37.25,37.2,120,37.35,2280,55000,6721040
FINNIFTY02JAN2421450CE.NFO,02/01/2024,09:37:31,38.15,38.1,2880,38.25,3640,74760,6721040
FINNIFTY02JAN2421450CE.NFO,02/01/2024,09:37:32,38.35,38.35,1320,38.5,1680,69160,6721040
FINNIFTY02JAN2421450CE.NFO,02/01/2024,09:37:34,38.75,38.6,1400,38.75,4560,55880,6721040
FINNIFTY02JAN2421450CE.NFO,02/01/2024,09:37:36,38.5,38.5,80,38.65,2720,63200,6721040
FINNIFTY02JAN2421450CE.NFO,02/01/2024,09:37:37,37.35,37.35,840,37.5,1480,49560,6721040
FINNIFTY02JAN2421450CE.NFO,02/01/2024,09:37:39,38.1,37.95,2200,38.05,40,56080,6721040
FINNIFTY02JAN2421450CE.NFO,02/01/2024,09:37:41,38.65,38.5,2840,38.65,1000,69080,6721040
FINNIFTY02JAN2421450CE.NFO,02/01/2024,09:37:42,39,38.95,1400,39.15,1800,82480,6721040
FINNIFTY02JAN2421450CE.NFO,02/01/2024,09:37:44,38.5,38.4,2720,38.55,3480,40360,6721040
FINNIFTY02JAN2421450CE.NFO,02/01/2024,09:37:46,37.5,37.4,2840,37.6,2920,60480,6721040
FINNIFTY02JAN2421450CE.NFO,02/01/2024,09:37:47,37.55,37.4,2800,37.55,2960,53160,6721040
FINNIFTY02JAN2421450CE.NFO,02/01/2024,09:37:49,37.75,37.6,1080,37.75,1240,22880,6721040
FINNIFTY02JAN2421450CE.NFO,02/01/2024,09:37:51,37.95,37.8,2200,38,3040,48640,6721040
FINNIFTY02JAN2421450CE.NFO,02/01/2024,09:37:52,37.8,37.7,1680,37.8,1520,33640,6721040
FINNIFTY02JAN2421450CE.NFO,02/01/2024,09:37:54,38.05,38.05,160,38.2,1640,29200,6721040
FINNIFTY02JAN2421450CE.NFO,02/01/2024,09:37:56,38.1,38.1,560,38.25,3480,29880,6721040
FINNIFTY02JAN2421450CE.NFO,02/01/2024,09:37:57,38.35,38.35,1600,38.5,1040,24080,6721040
FINNIFTY02JAN2421450CE.NFO,02/01/2024,09:37:59,38,38,1440,38.1,1840,39040,6721040
FINNIFTY02JAN2421450CE.NFO,02/01/2024,09:38:01,37.8,37.8,440,37.95,2400,41440,6721040
FINNIFTY02JAN2421450CE.NFO,02/01/2024,09:38:02,38.1,38,680,38.15,1720,37440,6721040
FINNIFTY02JAN2421450CE.NFO,02/01/2024,09:38:04,38.05,37.9,320,38,1040,31520,6721040
FINNIFTY02JAN2421450CE.NFO,02/01/2024,09:38:06,37.7,37.55,2760,37.7,640,30800,6721040
FINNIFTY02JAN2421450CE.NFO,02/01/2024,09:38:07,37.6,37.55,400,37.65,920,25600,6721040
FINNIFTY02JAN2421450CE.NFO,02/01/2024,09:38:09,37.65,37.5,760,37.65,2720,32760,6721040
FINNIFTY02JAN2421450CE.NFO,02/01/2024,09:38:11,37.3,37.15,2120,37.3,2760,34040,6721040
FINNIFTY02JAN2421450CE.NFO,02/01/2024,09:38:12,37.2,37.15,760,37.3,3440,81720,6721040
FINNIFTY02JAN2421450CE.NFO,02/01/2024,09:38:14,37.75,37.65,1800,37.8,840,28400,6721040
FINNIFTY02JAN2421450CE.NFO,02/01/2024,09:38:16,38.15,38.25,40,38.35,2240,37240,6721040
FINNIFTY02JAN2421450CE.NFO,02/01/2024,09:38:17,37.9,37.9,1400,38.05,2160,50000,6721040
FINNIFTY02JAN2421450CE.NFO,02/01/2024,09:38:19,38.05,38.1,360,38.25,1480,31840,6721040
FINNIFTY02JAN2421450CE.NFO,02/01/2024,09:38:21,38.95,38.85,120,39,10400,61200,6721040
FINNIFTY02JAN2421450CE.NFO,02/01/2024,09:38:22,39.4,39.2,4480,39.4,1880,46920,6721040
FINNIFTY02JAN2421450CE.NFO,02/01/2024,09:38:24,39.2,39.2,600,39.3,200,82720,6721040
FINNIFTY02JAN2421450CE.NFO,02/01/2024,09:38:26,39.1,39,1880,39.15,2800,73840,7255960
FINNIFTY02JAN2421450CE.NFO,02/01/2024,09:38:27,40.55,40.35,1440,40.55,800,230000,7255960
FINNIFTY02JAN2421450CE.NFO,02/01/2024,09:38:29,40.05,39.9,640,40.05,760,71200,7255960
FINNIFTY02JAN2421450CE.NFO,02/01/2024,09:38:31,39.9,39.9,200,40,400,59200,7255960
FINNIFTY02JAN2421450CE.NFO,02/01/2024,09:38:32,39.95,39.8,1880,40,3440,53840,7255960
FINNIFTY02JAN2421450CE.NFO,02/01/2024,09:38:34,39.3,39.15,1880,39.3,480,54880,7255960
FINNIFTY02JAN2421450CE.NFO,02/01/2024,09:38:36,38.7,38.65,360,38.8,2640,59320,7255960
FINNIFTY02JAN2421450CE.NFO,02/01/2024,09:38:37,40.35,40.3,40,40.35,1200,65000,7255960
FINNIFTY02JAN2421450CE.NFO,02/01/2024,09:38:39,40.1,40.1,760,40.2,3160,46560,7255960
FINNIFTY02JAN2421450CE.NFO,02/01/2024,09:38:41,40.45,40.45,2040,40.6,1360,69320,7255960
FINNIFTY02JAN2421450CE.NFO,02/01/2024,09:38:42,39.75,39.6,200,39.75,1440,48800,7255960
FINNIFTY02JAN2421450CE.NFO,02/01/2024,09:38:44,39.75,39.75,760,39.9,1600,36960,7255960
FINNIFTY02JAN2421450CE.NFO,02/01/2024,09:38:46,39.55,39.55,120,39.7,2040,39720,7255960
FINNIFTY02JAN2421450CE.NFO,02/01/2024,09:38:47,39.3,39.15,3880,39.3,1560,59200,7255960
FINNIFTY02JAN2421450CE.NFO,02/01/2024,09:38:49,39.35,39.2,480,39.3,1640,85080,7255960
FINNIFTY02JAN2421450CE.NFO,02/01/2024,09:38:51,39.15,39.05,160,39.15,480,36400,7255960
FINNIFTY02JAN2421450CE.NFO,02/01/2024,09:38:52,39.35,39.35,120,39.4,1360,46280,7255960
FINNIFTY02JAN2421450CE.NFO,02/01/2024,09:38:54,40.1,40.05,640,40.2,2160,48480,7255960
FINNIFTY02JAN2421450CE.NFO,02/01/2024,09:38:56,40.85,40.7,2680,40.85,1080,50680,7255960
FINNIFTY02JAN2421450CE.NFO,02/01/2024,09:38:57,42.85,42.8,1920,42.95,2080,193040,7255960
FINNIFTY02JAN2421450CE.NFO,02/01/2024,09:38:59,43.2,43.15,400,43.25,400,134960,7255960
FINNIFTY02JAN2421450CE.NFO,02/01/2024,09:39:01,42.4,42.4,1760,42.65,1880,216840,7255960
FINNIFTY02JAN2421450CE.NFO,02/01/2024,09:39:02,44.6,44.4,680,44.6,40,445040,7255960
FINNIFTY02JAN2421450CE.NFO,02/01/2024,09:39:04,44.3,44.2,1040,44.4,1240,210160,7255960
FINNIFTY02JAN2421450CE.NFO,02/01/2024,09:39:06,44.25,44.25,720,44.45,960,138200,7255960
FINNIFTY02JAN2421450CE.NFO,02/01/2024,09:39:07,44.5,44.35,160,44.5,240,98960,7255960
FINNIFTY02JAN2421450CE.NFO,02/01/2024,09:39:09,43.95,43.75,1040,43.95,1520,85400,7255960
FINNIFTY02JAN2421450CE.NFO,02/01/2024,09:39:11,43.15,43.15,1600,43.45,2360,102360,7255960
FINNIFTY02JAN2421450CE.NFO,02/01/2024,09:39:12,43.3,43.3,1680,43.5,1800,82200,7255960
FINNIFTY02JAN2421450CE.NFO,02/01/2024,09:39:14,43.7,43.5,2280,43.7,2080,32360,7255960
FINNIFTY02JAN2421450CE.NFO,02/01/2024,09:39:16,43.4,43.3,1120,43.45,320,51480,7255960
FINNIFTY02JAN2421450CE.NFO,02/01/2024,09:39:17,41.9,41.7,2120,41.9,440,67760,7255960
FINNIFTY02JAN2421450CE.NFO,02/01/2024,09:39:19,42.45,42.35,1520,42.55,1040,70320,7255960
FINNIFTY02JAN2421450CE.NFO,02/01/2024,09:39:21,43.2,43.05,1640,43.2,240,50040,7255960
FINNIFTY02JAN2421450CE.NFO,02/01/2024,09:39:22,43.2,43.05,1200,43.2,360,60240,7255960
FINNIFTY02JAN2421450CE.NFO,02/01/2024,09:39:24,43.15,43.1,560,43.3,2080,44560,7255960
FINNIFTY02JAN2421450CE.NFO,02/01/2024,09:39:26,43.2,43.25,40,43.45,720,50800,7255960
FINNIFTY02JAN2421450CE.NFO,02/01/2024,09:39:27,44.55,44.4,1320,44.55,160,67160,7255960
FINNIFTY02JAN2421450CE.NFO,02/01/2024,09:39:29,44.4,44.3,120,44.45,840,67120,7255960
FINNIFTY02JAN2421450CE.NFO,02/01/2024,09:39:31,43.45,43.45,320,43.55,720,54640,7255960
FINNIFTY02JAN2421450CE.NFO,02/01/2024,09:39:32,43.3,43.3,1280,43.5,3200,45760,7255960
FINNIFTY02JAN2421450CE.NFO,02/01/2024,09:39:34,43.3,43.25,2600,43.5,2560,37400,7255960
FINNIFTY02JAN2421450CE.NFO,02/01/2024,09:39:36,42.55,42.35,2840,42.55,1840,71080,7255960
FINNIFTY02JAN2421450CE.NFO,02/01/2024,09:39:37,42.65,42.45,2560,42.65,2120,74680,7255960
FINNIFTY02JAN2421450CE.NFO,02/01/2024,09:39:39,42.75,42.75,1480,42.9,840,36760,7255960
FINNIFTY02JAN2421450CE.NFO,02/01/2024,09:39:41,43.15,43,1720,43.2,1160,37560,7255960
FINNIFTY02JAN2421450CE.NFO,02/01/2024,09:39:42,43.7,43.6,320,43.75,1520,56080,7255960
FINNIFTY02JAN2421450CE.NFO,02/01/2024,09:39:44,44.75,44.55,2320,44.75,1680,64560,7255960
FINNIFTY02JAN2421450CE.NFO,02/01/2024,09:39:46,46.8,46.7,40,46.8,320,172440,7255960
FINNIFTY02JAN2421450CE.NFO,02/01/2024,09:39:47,45.15,45.15,1080,45.35,320,149720,7255960
FINNIFTY02JAN2421450CE.NFO,02/01/2024,09:39:49,46.35,46.3,1120,46.55,2000,93840,7255960
FINNIFTY02JAN2421450CE.NFO,02/01/2024,09:39:51,46.35,46.2,1840,46.45,2560,84960,7255960
FINNIFTY02JAN2421450CE.NFO,02/01/2024,09:39:52,45.6,45.5,320,45.7,3120,110720,7255960
FINNIFTY02JAN2421450CE.NFO,02/01/2024,09:39:54,45.7,45.5,960,45.7,640,67120,7255960
FINNIFTY02JAN2421450CE.NFO,02/01/2024,09:39:56,45.1,45.05,120,45.25,640,94120,7255960
FINNIFTY02JAN2421450CE.NFO,02/01/2024,09:39:57,45.25,45.05,80,45.2,1640,104360,7255960
FINNIFTY02JAN2421450CE.NFO,02/01/2024,09:39:59,44.8,44.7,520,44.9,2280,74560,7255960
FINNIFTY02JAN2421450CE.NFO,02/01/2024,09:40:01,43.65,43.55,1320,43.7,80,105240,7255960
FINNIFTY02JAN2421450CE.NFO,02/01/2024,09:40:02,45.7,45.55,1320,45.75,1640,133560,7255960
FINNIFTY02JAN2421450CE.NFO,02/01/2024,09:40:04,45.75,45.75,400,45.9,2640,97080,7255960
FINNIFTY02JAN2421450CE.NFO,02/01/2024,09:40:06,44.2,44,880,44.2,760,46400,7255960
FINNIFTY02JAN2421450CE.NFO,02/01/2024,09:40:07,44,43.95,320,44.05,320,55200,7255960
FINNIFTY02JAN2421450CE.NFO,02/01/2024,09:40:09,44.4,44.2,160,44.35,80,59840,7255960
FINNIFTY02JAN2421450CE.NFO,02/01/2024,09:40:11,44.15,43.95,1080,44.15,1200,22200,7255960
FINNIFTY02JAN2421450CE.NFO,02/01/2024,09:40:12,43.5,43.45,480,43.6,640,52160,7255960
FINNIFTY02JAN2421450CE.NFO,02/01/2024,09:40:14,43.7,43.7,80,43.8,200,43920,7255960
FINNIFTY02JAN2421450CE.NFO,02/01/2024,09:40:16,44,43.8,2320,44,240,40560,7255960
FINNIFTY02JAN2421450CE.NFO,02/01/2024,09:40:17,44.8,44.75,1080,44.85,160,30640,7255960
FINNIFTY02JAN2421450CE.NFO,02/01/2024,09:40:19,45.85,45.6,1120,45.8,480,50840,7255960
FINNIFTY02JAN2421450CE.NFO,02/01/2024,09:40:21,45.75,45.75,80,45.8,1600,62560,7255960
FINNIFTY02JAN2421450CE.NFO,02/01/2024,09:40:22,44.85,44.85,1240,45,440,57240,7255960
FINNIFTY02JAN2421450CE.NFO,02/01/2024,09:40:24,45.3,45.1,800,45.3,1880,33400,7255960
FINNIFTY02JAN2421450CE.NFO,02/01/2024,09:40:26,44.8,44.65,800,44.8,3200,47760,7255960
FINNIFTY02JAN2421450CE.NFO,02/01/2024,09:40:27,43.6,43.45,520,43.6,1040,84440,7255960
FINNIFTY02JAN2421450CE.NFO,02/01/2024,09:40:29,43.4,43.2,1480,43.4,840,121840,7255960
FINNIFTY02JAN2421450CE.NFO,02/01/2024,09:40:31,43,43,4200,43.2,1320,82120,7255960
FINNIFTY02JAN2421450CE.NFO,02/01/2024,09:40:32,42.85,42.7,1680,42.9,560,65720,7255960
FINNIFTY02JAN2421450CE.NFO,02/01/2024,09:40:34,42.8,42.8,1520,43,11000,55920,7255960
FINNIFTY02JAN2421450CE.NFO,02/01/2024,09:40:36,43.25,43.05,2640,43.25,1640,59760,7255960
FINNIFTY02JAN2421450CE.NFO,02/01/2024,09:40:37,43.55,43.4,1560,43.6,2640,53600,7255960
FINNIFTY02JAN2421450CE.NFO,02/01/2024,09:40:39,43.6,43.45,720,43.65,1440,28960,7255960
FINNIFTY02JAN2421450CE.NFO,02/01/2024,09:40:41,44.2,44,1400,44.15,2720,38120,7255960
FINNIFTY02JAN2421450CE.NFO,02/01/2024,09:40:42,42.7,42.5,1000,42.7,1440,53040,7255960
FINNIFTY02JAN2421450CE.NFO,02/01/2024,09:40:44,42.7,42.5,1480,42.7,3320,90920,7255960
FINNIFTY02JAN2421450CE.NFO,02/01/2024,09:40:46,41.25,41.3,1120,41.45,240,50920,7255960
FINNIFTY02JAN2421450CE.NFO,02/01/2024,09:40:48,41.1,41,4920,41.1,160,110440,7255960
FINNIFTY02JAN2421450CE.NFO,02/01/2024,09:40:49,41.7,41.7,400,41.9,3000,88040,7255960
FINNIFTY02JAN2421450CE.NFO,02/01/2024,09:40:51,41.55,41.55,240,41.75,3200,52080,7255960
FINNIFTY02JAN2421450CE.NFO,02/01/2024,09:40:53,42.1,42,120,42.1,1080,43640,7255960
FINNIFTY02JAN2421450CE.NFO,02/01/2024,09:40:54,43.2,43.05,2880,43.25,120,48960,7255960
FINNIFTY02JAN2421450CE.NFO,02/01/2024,09:40:56,42.3,42.3,240,42.45,1440,40520,7255960
FINNIFTY02JAN2421450CE.NFO,02/01/2024,09:40:58,42.15,42.1,80,42.2,360,28600,7255960
FINNIFTY02JAN2421450CE.NFO,02/01/2024,09:40:59,43.4,43.2,840,43.4,2680,46800,7255960
FINNIFTY02JAN2421450CE.NFO,02/01/2024,09:41:01,42.2,42,1520,42.25,1920,55920,7255960
FINNIFTY02JAN2421450CE.NFO,02/01/2024,09:41:03,42.1,42.05,1800,42.3,4160,34280,7255960
FINNIFTY02JAN2421450CE.NFO,02/01/2024,09:41:04,42.5,42.35,1200,42.5,560,25520,7255960
FINNIFTY02JAN2421450CE.NFO,02/01/2024,09:41:06,42.6,42.6,80,42.75,160,33120,7255960
FINNIFTY02JAN2421450CE.NFO,02/01/2024,09:41:08,42.95,42.75,1040,42.95,1960,28400,7255960
FINNIFTY02JAN2421450CE.NFO,02/01/2024,09:41:09,42.45,42.2,3640,42.45,2400,27680,7255960
FINNIFTY02JAN2421450CE.NFO,02/01/2024,09:41:11,42.05,42.05,3880,42.3,240,28400,7255960
FINNIFTY02JAN2421450CE.NFO,02/01/2024,09:41:13,41.9,41.75,80,41.9,2360,50440,7255960
FINNIFTY02JAN2421450CE.NFO,02/01/2024,09:41:14,42.15,42.05,2040,42.2,1040,40560,7255960
FINNIFTY02JAN2421450CE.NFO,02/01/2024,09:41:16,42.2,42.05,1240,42.25,600,21800,7255960
FINNIFTY02JAN2421450CE.NFO,02/01/2024,09:41:18,42,41.85,1080,42.05,1120,21280,7255960
FINNIFTY02JAN2421450CE.NFO,02/01/2024,09:41:19,41.45,41.45,120,41.6,1880,23840,7255960
FINNIFTY02JAN2421450CE.NFO,02/01/2024,09:41:21,42.15,42.15,1760,42.35,1760,40400,7255960
FINNIFTY02JAN2421450CE.NFO,02/01/2024,09:41:23,42.9,42.75,40,42.9,2400,20440,7255960
FINNIFTY02JAN2421450CE.NFO,02/01/2024,09:41:24,42.8,42.8,240,42.95,2320,17320,7255960
FINNIFTY02JAN2421450CE.NFO,02/01/2024,09:41:26,42.65,42.45,1040,42.65,1680,20120,7295560
FINNIFTY02JAN2421450CE.NFO,02/01/2024,09:41:28,42.75,42.65,80,42.8,3080,25880,7295560
FINNIFTY02JAN2421450CE.NFO,02/01/2024,09:41:29,42.25,42.4,1680,42.6,2400,15520,7295560
FINNIFTY02JAN2421450CE.NFO,02/01/2024,09:41:31,41.8,41.8,3440,42,360,40520,7295560
FINNIFTY02JAN2421450CE.NFO,02/01/2024,09:41:32,42.7,42.55,80,42.7,2160,18600,7295560
FINNIFTY02JAN2421450CE.NFO,02/01/2024,09:41:34,42.95,42.75,1360,42.95,1240,25400,7295560
FINNIFTY02JAN2421450CE.NFO,02/01/2024,09:41:36,42.9,42.75,400,42.9,600,30960,7295560
FINNIFTY02JAN2421450CE.NFO,02/01/2024,09:41:37,42.35,42.15,4880,42.35,3680,14760,7295560
FINNIFTY02JAN2421450CE.NFO,02/01/2024,09:41:39,42,41.8,2040,42,3640,28320,7295560
FINNIFTY02JAN2421450CE.NFO,02/01/2024,09:41:41,42.95,42.85,40,42.95,440,28520,7295560
FINNIFTY02JAN2421450CE.NFO,02/01/2024,09:41:42,42.9,42.8,2160,42.95,120,16760,7295560
FINNIFTY02JAN2421450CE.NFO,02/01/2024,09:41:44,43.1,42.9,1880,43.1,1320,34680,7295560
FINNIFTY02JAN2421450CE.NFO,02/01/2024,09:41:46,43.25,43.1,40,43.25,840,41400,7295560
FINNIFTY02JAN2421450CE.NFO,02/01/2024,09:41:47,42.7,42.7,120,42.75,80,26400,7295560
FINNIFTY02JAN2421450CE.NFO,02/01/2024,09:41:49,43.15,43,1720,43.15,3280,16000,7295560
FINNIFTY02JAN2421450CE.NFO,02/01/2024,09:41:51,42.35,42.15,1200,42.35,2720,31120,7295560
FINNIFTY02JAN2421450CE.NFO,02/01/2024,09:41:52,42.05,42.05,200,42.2,280,25560,7295560
FINNIFTY02JAN2421450CE.NFO,02/01/2024,09:41:54,42.1,42.15,1560,42.3,600,46960,7295560
FINNIFTY02JAN2421450CE.NFO,02/01/2024,09:41:56,42.35,42.4,160,42.5,320,22880,7295560
FINNIFTY02JAN2421450CE.NFO,02/01/2024,09:41:57,42.6,42.4,1360,42.6,1960,20280,7295560
FINNIFTY02JAN2421450CE.NFO,02/01/2024,09:41:59,42.55,42.35,240,42.5,1800,19880,7295560
FINNIFTY02JAN2421450CE.NFO,02/01/2024,09:42:01,40.35,40.25,400,40.35,960,299560,7295560
FINNIFTY02JAN2421450CE.NFO,02/01/2024,09:42:02,39.5,39.4,2040,39.6,880,66600,7295560
FINNIFTY02JAN2421450CE.NFO,02/01/2024,09:42:04,40,40,280,40.05,80,90720,7295560
FINNIFTY02JAN2421450CE.NFO,02/01/2024,09:42:06,39.25,39.15,400,39.3,360,69480,7295560
FINNIFTY02JAN2421450CE.NFO,02/01/2024,09:42:07,39,39,120,39.2,3000,89040,7295560
FINNIFTY02JAN2421450CE.NFO,02/01/2024,09:42:09,39.75,39.6,4480,39.8,960,112040,7295560
FINNIFTY02JAN2421450CE.NFO,02/01/2024,09:42:11,39.7,39.65,4640,39.9,1520,90920,7295560
FINNIFTY02JAN2421450CE.NFO,02/01/2024,09:42:12,39.65,39.5,1280,39.65,1720,35560,7295560
FINNIFTY02JAN2421450CE.NFO,02/01/2024,09:42:14,39.75,39.5,2480,39.75,1640,58560,7295560
FINNIFTY02JAN2421450CE.NFO,02/01/2024,09:42:16,39.35,39.25,640,39.4,40,56960,7295560
FINNIFTY02JAN2421450CE.NFO,02/01/2024,09:42:17,39.75,39.75,1200,39.85,80,19960,7295560
FINNIFTY02JAN2421450CE.NFO,02/01/2024,09:42:19,40.8,40.6,520,40.75,840,62360,7295560
FINNIFTY02JAN2421450CE.NFO,02/01/2024,09:42:21,40,39.95,400,40.05,3440,46240,7295560
FINNIFTY02JAN2421450CE.NFO,02/01/2024,09:42:22,40,39.85,120,40,2480,37640,7295560
FINNIFTY02JAN2421450CE.NFO,02/01/2024,09:42:24,39.95,39.85,120,39.95,720,34120,7295560
FINNIFTY02JAN2421450CE.NFO,02/01/2024,09:42:26,39.55,39.4,3240,39.55,11440,28480,7295560
FINNIFTY02JAN2421450CE.NFO,02/01/2024,09:42:27,39.35,39.3,680,39.45,3720,32840,7295560
FINNIFTY02JAN2421450CE.NFO,02/01/2024,09:42:29,39.7,39.65,2320,39.85,1080,31960,7295560
FINNIFTY02JAN2421450CE.NFO,02/01/2024,09:42:31,40.3,40.3,640,40.45,2920,32000,7295560
FINNIFTY02JAN2421450CE.NFO,02/01/2024,09:42:32,40.2,40.2,960,40.35,1160,40720,7295560
FINNIFTY02JAN2421450CE.NFO,02/01/2024,09:42:34,40.05,39.95,2960,40.05,40,38920,7295560
FINNIFTY02JAN2421450CE.NFO,02/01/2024,09:42:36,40.25,40.15,80,40.25,13920,30120,7295560
FINNIFTY02JAN2421450CE.NFO,02/01/2024,09:42:37,40.25,40.05,1440,40.25,13920,15720,7295560
FINNIFTY02JAN2421450CE.NFO,02/01/2024,09:42:39,41,40.95,40,41,6720,37160,7295560
FINNIFTY02JAN2421450CE.NFO,02/01/2024,09:42:41,40.35,40.35,120,40.45,120,44000,7295560
FINNIFTY02JAN2421450CE.NFO,02/01/2024,09:42:42,41,40.8,3160,41,2680,26360,7295560
FINNIFTY02JAN2421450CE.NFO,02/01/2024,09:42:44,41.2,41.1,160,41.25,1680,31640,7295560
FINNIFTY02JAN2421450CE.NFO,02/01/2024,09:42:46,40.85,40.7,960,40.85,920,26440,7295560
FINNIFTY02JAN2421450CE.NFO,02/01/2024,09:42:47,40.7,40.6,2920,40.75,160,23680,7295560
FINNIFTY02JAN2421450CE.NFO,02/01/2024,09:42:49,41,40.85,1320,41,840,37040,7295560
FINNIFTY02JAN2421450CE.NFO,02/01/2024,09:42:51,41.2,41.2,600,41.3,2760,28280,7295560
FINNIFTY02JAN2421450CE.NFO,02/01/2024,09:42:52,41.85,41.85,40,41.95,4400,29000,7295560
FINNIFTY02JAN2421450CE.NFO,02/01/2024,09:42:54,42.05,42,920,42.2,4080,52240,7295560
FINNIFTY02JAN2421450CE.NFO,02/01/2024,09:42:56,42.65,42.5,440,42.65,600,58320,7295560
FINNIFTY02JAN2421450CE.NFO,02/01/2024,09:42:58,42.6,42.45,1120,42.6,360,43200,7295560
FINNIFTY02JAN2421450CE.NFO,02/01/2024,09:42:59,42.75,42.6,2080,42.75,360,35040,7295560
FINNIFTY02JAN2421450CE.NFO,02/01/2024,09:43:01,41.3,41.2,2640,41.35,40,51080,7295560
FINNIFTY02JAN2421450CE.NFO,02/01/2024,09:43:03,41.9,41.75,440,41.9,520,25680,7295560
FINNIFTY02JAN2421450CE.NFO,02/01/2024,09:43:04,42.75,42.75,1280,42.95,880,39200,7295560
FINNIFTY02JAN2421450CE.NFO,02/01/2024,09:43:06,42.2,42.15,2920,42.35,1760,38040,7295560
FINNIFTY02JAN2421450CE.NFO,02/01/2024,09:43:08,42.05,42.1,800,42.2,80,19680,7295560
FINNIFTY02JAN2421450CE.NFO,02/01/2024,09:43:09,41.8,41.6,2680,41.8,2240,21440,7295560
FINNIFTY02JAN2421450CE.NFO,02/01/2024,09:43:11,41.65,41.5,1280,41.65,1640,23840,7295560
FINNIFTY02JAN2421450CE.NFO,02/01/2024,09:43:13,40.5,40.5,320,40.65,2640,43040,7295560
FINNIFTY02JAN2421450CE.NFO,02/01/2024,09:43:14,40.25,40.25,1080,40.4,480,46680,7295560
FINNIFTY02JAN2421450CE.NFO,02/01/2024,09:43:16,40.4,40.4,2600,40.55,120,28600,7295560
FINNIFTY02JAN2421450CE.NFO,02/01/2024,09:43:18,40.15,40.15,1920,40.35,2640,28440,7295560
FINNIFTY02JAN2421450CE.NFO,02/01/2024,09:43:19,39.8,39.65,1640,39.8,2000,77440,7295560
FINNIFTY02JAN2421450CE.NFO,02/01/2024,09:43:21,39.8,39.8,320,39.9,440,59640,7295560
FINNIFTY02JAN2421450CE.NFO,02/01/2024,09:43:23,39.8,39.65,40,39.8,3400,36240,7295560
FINNIFTY02JAN2421450CE.NFO,02/01/2024,09:43:24,39.3,39.15,400,39.3,360,86920,7295560
FINNIFTY02JAN2421450CE.NFO,02/01/2024,09:43:26,38.5,38.5,4480,38.7,2120,35120,7295560
FINNIFTY02JAN2421450CE.NFO,02/01/2024,09:43:28,38.95,38.8,600,38.95,960,66000,7295560
FINNIFTY02JAN2421450CE.NFO,02/01/2024,09:43:29,39.3,39.3,960,39.5,3440,59240,7295560
FINNIFTY02JAN2421450CE.NFO,02/01/2024,09:43:31,39.3,39.15,3280,39.3,400,37640,7295560
FINNIFTY02JAN2421450CE.NFO,02/01/2024,09:43:33,39.05,39,1160,39.15,3120,70400,7295560
FINNIFTY02JAN2421450CE.NFO,02/01/2024,09:43:34,38.3,38.25,1120,38.4,1360,135640,7295560
FINNIFTY02JAN2421450CE.NFO,02/01/2024,09:43:36,38.05,38,1160,38.05,1600,46520,7295560
FINNIFTY02JAN2421450CE.NFO,02/01/2024,09:43:38,37.1,37.1,1880,37.2,160,69920,7295560
FINNIFTY02JAN2421450CE.NFO,02/01/2024,09:43:39,36.85,36.9,1640,37,1400,138480,7295560
FINNIFTY02JAN2421450CE.NFO,02/01/2024,09:43:41,37.3,37.3,1800,37.4,160,71400,7295560
FINNIFTY02JAN2421450CE.NFO,02/01/2024,09:43:43,37.35,37.25,200,37.4,1040,29320,7295560
FINNIFTY02JAN2421450CE.NFO,02/01/2024,09:43:44,36.35,36.4,600,36.6,1920,107080,7295560
FINNIFTY02JAN2421450CE.NFO,02/01/2024,09:43:46,37.2,37,2400,37.15,40,66520,7295560
FINNIFTY02JAN2421450CE.NFO,02/01/2024,09:43:48,38.4,38.3,80,38.4,1920,61720,7295560
FINNIFTY02JAN2421450CE.NFO,02/01/2024,09:43:49,38.1,37.95,1160,38.1,360,41120,7295560
FINNIFTY02JAN2421450CE.NFO,02/01/2024,09:43:51,37.65,37.55,1920,37.7,400,56760,7295560
FINNIFTY02JAN2421450CE.NFO,02/01/2024,09:43:53,37.2,37.05,160,37.2,1040,71840,7295560
FINNIFTY02JAN2421450CE.NFO,02/01/2024,09:43:54,36.7,36.65,2280,36.85,440,51600,7295560
FINNIFTY02JAN2421450CE.NFO,02/01/2024,09:43:56,36.55,36.35,2160,36.5,40,66880,7295560
FINNIFTY02JAN2421450CE.NFO,02/01/2024,09:43:58,37.15,36.95,320,37.1,1520,46720,7295560
FINNIFTY02JAN2421450CE.NFO,02/01/2024,09:43:59,37.7,37.55,320,37.7,40,54200,7295560
FINNIFTY02JAN2421450CE.NFO,02/01/2024,09:44:01,36.95,36.75,120,36.95,3400,89760,7295560
FINNIFTY02JAN2421450CE.NFO,02/01/2024,09:44:03,36,35.85,600,36,2280,194040,7295560
FINNIFTY02JAN2421450CE.NFO,02/01/2024,09:44:04,35.1,34.95,440,35.1,160,195600,7295560
FINNIFTY02JAN2421450CE.NFO,02/01/2024,09:44:06,35.15,35.15,1040,35.35,1600,79560,7295560
FINNIFTY02JAN2421450CE.NFO,02/01/2024,09:44:08,35.2,35,6120,35.2,1880,69760,7295560
FINNIFTY02JAN2421450CE.NFO,02/01/2024,09:44:09,34.75,34.6,1280,34.75,1160,52320,7295560
FINNIFTY02JAN2421450CE.NFO,02/01/2024,09:44:11,35,34.9,520,35,1680,70680,7295560
FINNIFTY02JAN2421450CE.NFO,02/01/2024,09:44:13,35.4,35.4,40,35.45,800,39640,7295560
FINNIFTY02JAN2421450CE.NFO,02/01/2024,09:44:14,35.4,35.3,160,35.45,80,65920,7295560
FINNIFTY02JAN2421450CE.NFO,02/01/2024,09:44:16,35.15,35.15,600,35.3,1400,36440,7295560
FINNIFTY02JAN2421450CE.NFO,02/01/2024,09:44:18,34.4,34.35,1640,34.5,3720,44400,7295560
FINNIFTY02JAN2421450CE.NFO,02/01/2024,09:44:19,34.1,34.1,480,34.2,2760,118600,7295560
FINNIFTY02JAN2421450CE.NFO,02/01/2024,09:44:21,34.95,34.95,2520,35.1,1200,70800,7295560
FINNIFTY02JAN2421450CE.NFO,02/01/2024,09:44:23,35,34.85,2720,35,1120,62080,7295560
FINNIFTY02JAN2421450CE.NFO,02/01/2024,09:44:24,34.85,34.9,200,35,120,60160,7295560
FINNIFTY02JAN2421450CE.NFO,02/01/2024,09:44:26,34.85,34.85,2000,35,3680,71200,7845200
FINNIFTY02JAN2421450CE.NFO,02/01/2024,09:44:28,35.5,35.45,320,35.55,520,39400,7845200
FINNIFTY02JAN2421450CE.NFO,02/01/2024,09:44:29,34.95,35,80,35.1,2680,44600,7845200
FINNIFTY02JAN2421450CE.NFO,02/01/2024,09:44:31,35.25,35.15,3160,35.25,40,31280,7845200
FINNIFTY02JAN2421450CE.NFO,02/01/2024,09:44:33,35.1,35.1,3080,35.25,400,50560,7845200
FINNIFTY02JAN2421450CE.NFO,02/01/2024,09:44:34,34.65,34.5,6080,34.65,200,33720,7845200
FINNIFTY02JAN2421450CE.NFO,02/01/2024,09:44:36,34.1,34.1,360,34.2,1680,45480,7845200
FINNIFTY02JAN2421450CE.NFO,02/01/2024,09:44:38,34.55,34.55,2280,34.7,760,39320,7845200
FINNIFTY02JAN2421450CE.NFO,02/01/2024,09:44:39,34.85,34.75,400,34.85,200,36800,7845200
FINNIFTY02JAN2421450CE.NFO,02/01/2024,09:44:41,35.55,35.4,5040,35.55,280,33360,7845200
FINNIFTY02JAN2421450CE.NFO,02/01/2024,09:44:43,35.5,35.4,2240,35.5,1400,24920,7845200
FINNIFTY02JAN2421450CE.NFO,02/01/2024,09:44:44,35.7,35.55,2840,35.7,3440,31480,7845200
FINNIFTY02JAN2421450CE.NFO,02/01/2024,09:44:46,35.2,35.1,2520,35.2,1520,22560,7845200
FINNIFTY02JAN2421450CE.NFO,02/01/2024,09:44:48,35.2,35,2280,35.2,3560,25080,7845200
FINNIFTY02JAN2421450CE.NFO,02/01/2024,09:44:49,35.1,35,3120,35.15,2200,28360,7845200
FINNIFTY02JAN2421450CE.NFO,02/01/2024,09:44:51,34.9,34.8,1200,34.9,2400,24320,7845200
FINNIFTY02JAN2421450CE.NFO,02/01/2024,09:44:53,34.85,34.85,1840,35,1760,23480,7845200
FINNIFTY02JAN2421450CE.NFO,02/01/2024,09:44:54,35.2,35.05,1600,35.2,3000,32120,7845200
FINNIFTY02JAN2421450CE.NFO,02/01/2024,09:44:56,34.5,34.5,2680,34.65,3720,46480,7845200
FINNIFTY02JAN2421450CE.NFO,02/01/2024,09:44:58,34.45,34.3,3080,34.45,1440,50320,7845200
FINNIFTY02JAN2421450CE.NFO,02/01/2024,09:44:59,34.05,34.05,1520,34.2,3920,52240,7845200
FINNIFTY02JAN2421450CE.NFO,02/01/2024,09:45:01,33.05,33.05,520,33.2,1440,354160,7845200
FINNIFTY02JAN2421450CE.NFO,02/01/2024,09:45:03,33.4,33.4,320,33.5,1000,134960,7845200
FINNIFTY02JAN2421450CE.NFO,02/01/2024,09:45:04,34.3,34.2,2440,34.35,320,105120,7845200
FINNIFTY02JAN2421450CE.NFO,02/01/2024,09:45:06,33.8,33.65,2360,33.8,1840,128080,7845200
FINNIFTY02JAN2421450CE.NFO,02/01/2024,09:45:08,33.75,33.6,1520,33.75,1280,53320,7845200
FINNIFTY02JAN2421450CE.NFO,02/01/2024,09:45:09,33.6,33.6,720,33.75,1800,41960,7845200
FINNIFTY02JAN2421450CE.NFO,02/01/2024,09:45:11,34,33.9,640,34.05,360,66000,7845200
FINNIFTY02JAN2421450CE.NFO,02/01/2024,09:45:13,34.4,34.35,280,34.45,3200,36560,7845200
FINNIFTY02JAN2421450CE.NFO,02/01/2024,09:45:14,33.9,33.9,440,34.05,3040,34960,7845200
FINNIFTY02JAN2421450CE.NFO,02/01/2024,09:45:16,34.15,34.05,1360,34.2,2080,48200,7845200
FINNIFTY02JAN2421450CE.NFO,02/01/2024,09:45:18,33.8,33.7,120,33.85,2840,34000,7845200
FINNIFTY02JAN2421450CE.NFO,02/01/2024,09:45:19,33.35,33.35,960,33.5,1960,43360,7845200
FINNIFTY02JAN2421450CE.NFO,02/01/2024,09:45:21,33.25,33.25,560,33.4,3280,33440,7845200
FINNIFTY02JAN2421450CE.NFO,02/01/2024,09:45:23,32.8,32.75,2040,32.9,1760,77880,7845200
FINNIFTY02JAN2421450CE.NFO,02/01/2024,09:45:24,32.45,32.45,640,32.6,1920,60560,7845200
FINNIFTY02JAN2421450CE.NFO,02/01/2024,09:45:26,31.45,31.3,1120,31.45,2200,177840,7845200
FINNIFTY02JAN2421450CE.NFO,02/01/2024,09:45:28,31.6,31.45,3840,31.55,40,121720,7845200
FINNIFTY02JAN2421450CE.NFO,02/01/2024,09:45:29,31.8,31.65,4120,31.8,3440,99040,7845200
FINNIFTY02JAN2421450CE.NFO,02/01/2024,09:45:31,31.65,31.65,1280,31.75,920,63320,7845200
FINNIFTY02JAN2421450CE.NFO,02/01/2024,09:45:33,32.1,32.1,1240,32.25,960,102240,7845200
FINNIFTY02JAN2421450CE.NFO,02/01/2024,09:45:34,32.15,32.15,800,32.3,2040,55200,7845200
FINNIFTY02JAN2421450CE.NFO,02/01/2024,09:45:36,32.4,32.4,120,32.45,720,30480,7845200
FINNIFTY02JAN2421450CE.NFO,02/01/2024,09:45:38,32.15,32,9520,32.15,320,55680,7845200
FINNIFTY02JAN2421450CE.NFO,02/01/2024,09:45:39,32.3,32.2,1600,32.35,1840,49840,7845200
FINNIFTY02JAN2421450CE.NFO,02/01/2024,09:45:41,32.15,32.15,1920,32.3,1600,22400,7845200
FINNIFTY02JAN2421450CE.NFO,02/01/2024,09:45:43,32.1,32.1,1160,32.15,400,38520,7845200
FINNIFTY02JAN2421450CE.NFO,02/01/2024,09:45:44,32.1,32.05,1280,32.2,4720,53080,7845200
FINNIFTY02JAN2421450CE.NFO,02/01/2024,09:45:46,32,31.9,1200,32.05,1840,102560,7845200
FINNIFTY02JAN2421450CE.NFO,02/01/2024,09:45:48,30.8,30.65,1520,30.8,2800,225280,7845200
FINNIFTY02JAN2421450CE.NFO,02/01/2024,09:45:49,30.9,30.9,3760,31.05,2960,117360,7845200
FINNIFTY02JAN2421450CE.NFO,02/01/2024,09:45:51,30.65,30.6,1840,30.7,160,97640,7845200
FINNIFTY02JAN2421450CE.NFO,02/01/2024,09:45:53,30.25,30.15,80,30.25,160,157080,7845200
FINNIFTY02JAN2421450CE.NFO,02/01/2024,09:45:54,30,30,44400,30.05,3040,112400,7845200
FINNIFTY02JAN2421450CE.NFO,02/01/2024,09:45:56,29.4,29.4,1000,29.5,360,408840,7845200
FINNIFTY02JAN2421450CE.NFO,02/01/2024,09:45:58,29.65,29.65,2880,29.75,840,128080,7845200
FINNIFTY02JAN2421450CE.NFO,02/01/2024,09:45:59,29,28.95,1200,29.1,1200,119000,7845200
FINNIFTY02JAN2421450CE.NFO,02/01/2024,09:46:01,28.5,28.5,480,28.55,1800,186960,7845200
FINNIFTY02JAN2421450CE.NFO,02/01/2024,09:46:03,29.1,29,600,29.1,1280,176000,7845200
FINNIFTY02JAN2421450CE.NFO,02/01/2024,09:46:04,28.1,28.1,720,28.2,1000,123760,7845200
FINNIFTY02JAN2421450CE.NFO,02/01/2024,09:46:06,27.75,27.6,2760,27.75,560,200400,7845200
FINNIFTY02JAN2421450CE.NFO,02/01/2024,09:46:08,28.75,28.7,40,28.75,2360,90880,7845200
FINNIFTY02JAN2421450CE.NFO,02/01/2024,09:46:09,28.5,28.5,1520,28.55,80,114560,7845200
FINNIFTY02JAN2421450CE.NFO,02/01/2024,09:46:11,28.1,28.1,1640,28.2,440,118920,7845200
FINNIFTY02JAN2421450CE.NFO,02/01/2024,09:46:13,27.9,27.85,1920,28,3200,65720,7845200
FINNIFTY02JAN2421450CE.NFO,02/01/2024,09:46:14,28.35,28.35,3400,28.5,1840,68400,7845200
FINNIFTY02JAN2421450CE.NFO,02/01/2024,09:46:16,29,28.85,1760,29,19600,57760,7845200
FINNIFTY02JAN2421450CE.NFO,02/01/2024,09:46:18,28.85,28.85,120,28.95,1400,106440,7845200
FINNIFTY02JAN2421450CE.NFO,02/01/2024,09:46:19,28.95,28.85,720,28.95,720,52440,7845200
FINNIFTY02JAN2421450CE.NFO,02/01/2024,09:46:21,28.75,28.8,840,28.9,3600,46120,7845200
FINNIFTY02JAN2421450CE.NFO,02/01/2024,09:46:23,29.15,29.15,280,29.25,1840,47000,7845200
FINNIFTY02JAN2421450CE.NFO,02/01/2024,09:46:24,29.2,29.05,2280,29.2,1680,64560,7845200
FINNIFTY02JAN2421450CE.NFO,02/01/2024,09:46:26,28.85,28.75,960,28.85,320,74120,7845200
FINNIFTY02JAN2421450CE.NFO,02/01/2024,09:46:28,29.1,28.95,480,29.1,2680,54640,7845200
FINNIFTY02JAN2421450CE.NFO,02/01/2024,09:46:29,29.75,29.65,2640,29.8,1440,51160,7845200
FINNIFTY02JAN2421450CE.NFO,02/01/2024,09:46:31,29.75,29.75,760,29.85,520,92280,7845200
FINNIFTY02JAN2421450CE.NFO,02/01/2024,09:46:33,30.2,30.05,2920,30.2,3240,43440,7845200
FINNIFTY02JAN2421450CE.NFO,02/01/2024,09:46:34,30.4,30.4,2040,30.55,2760,60960,7845200
FINNIFTY02JAN2421450CE.NFO,02/01/2024,09:46:36,30.25,30.15,1160,30.25,120,45400,7845200
FINNIFTY02JAN2421450CE.NFO,02/01/2024,09:46:38,29.9,29.9,2800,30,1280,61280,7845200
FINNIFTY02JAN2421450CE.NFO,02/01/2024,09:46:39,30.1,30,120,30.1,1600,69520,7845200
