Ticker,Date,Time,LTP,BuyPrice,BuyQty,SellPrice,SellQty,LTQ,OpenInterest
FINNIFTY02JAN2420700PE.NFO,02/01/2024,09:15:02,0.4,0.4,31880,0.45,104680,55640,1053400
FINNIFTY02JAN2420700PE.NFO,02/01/2024,09:15:02,0.4,0.4,31880,0.45,104680,0,1053400
FINNIFTY02JAN2420700PE.NFO,02/01/2024,09:15:02,0.6,0.4,31880,0.45,104680,0,1053400
FINNIFTY02JAN2420700PE.NFO,02/01/2024,09:15:02,0.4,0.4,31880,0.45,104680,0,1053400
FINNIFTY02JAN2420700PE.NFO,02/01/2024,09:15:16,0.4,0.4,109160,0.45,111640,207920,1053400
FINNIFTY02JAN2420700PE.NFO,02/01/2024,09:15:28,0.4,0.4,55720,0.45,113560,61280,1053400
FINNIFTY02JAN2420700PE.NFO,02/01/2024,09:15:39,0.4,0.35,199040,0.4,100360,59480,1053400
FINNIFTY02JAN2420700PE.NFO,02/01/2024,09:15:39,0.35,0.35,199040,0.4,100360,0,1053400
FINNIFTY02JAN2420700PE.NFO,02/01/2024,09:15:50,0.4,0.35,209840,0.4,222840,20840,1053400
FINNIFTY02JAN2420700PE.NFO,02/01/2024,09:16:00,0.35,0.35,265160,0.4,236320,16200,1053400
FINNIFTY02JAN2420700PE.NFO,02/01/2024,09:16:12,0.4,0.35,285960,0.4,237200,13560,1053400
FINNIFTY02JAN2420700PE.NFO,02/01/2024,09:16:22,0.35,0.35,284760,0.4,235400,3600,1053400
FINNIFTY02JAN2420700PE.NFO,02/01/2024,09:16:31,0.4,0.35,248480,0.4,229960,8560,1053400
FINNIFTY02JAN2420700PE.NFO,02/01/2024,09:16:41,0.35,0.35,191960,0.4,223560,9600,1053400
FINNIFTY02JAN2420700PE.NFO,02/01/2024,09:16:50,0.35,0.35,191200,0.4,226000,880,1053400
FINNIFTY02JAN2420700PE.NFO,02/01/2024,09:17:00,0.4,0.35,214920,0.4,213400,16280,1053400
FINNIFTY02JAN2420700PE.NFO,02/01/2024,09:17:10,0.4,0.35,237080,0.4,209040,9440,1053400
FINNIFTY02JAN2420700PE.NFO,02/01/2024,09:17:19,0.35,0.35,236760,0.4,208640,80,1053400
FINNIFTY02JAN2420700PE.NFO,02/01/2024,09:17:29,0.35,0.35,241200,0.4,231200,25000,1053400
FINNIFTY02JAN2420700PE.NFO,02/01/2024,09:17:39,0.4,0.35,259200,0.4,234200,600,1265360
FINNIFTY02JAN2420700PE.NFO,02/01/2024,09:17:48,0.4,0.35,251280,0.4,242400,8720,1265360
FINNIFTY02JAN2420700PE.NFO,02/01/2024,09:17:58,0.4,0.35,269640,0.4,214680,27840,1265360
FINNIFTY02JAN2420700PE.NFO,02/01/2024,09:18:07,0.4,0.4,342840,0.45,113960,223520,1265360
FINNIFTY02JAN2420700PE.NFO,02/01/2024,09:18:17,0.4,0.4,342320,0.45,311240,32840,1265360
FINNIFTY02JAN2420700PE.NFO,02/01/2024,09:18:27,0.4,0.4,709680,0.45,366800,52600,1265360
FINNIFTY02JAN2420700PE.NFO,02/01/2024,09:18:36,0.4,0.4,1107080,0.45,352800,4560,1265360
FINNIFTY02JAN2420700PE.NFO,02/01/2024,09:18:46,0.45,0.4,1097960,0.45,352200,11000,1265360
FINNIFTY02JAN2420700PE.NFO,02/01/2024,09:18:55,0.4,0.4,1082040,0.45,352200,17520,1265360
FINNIFTY02JAN2420700PE.NFO,02/01/2024,09:19:06,0.4,0.4,1056320,0.45,453200,35880,1265360
FINNIFTY02JAN2420700PE.NFO,02/01/2024,09:19:16,0.4,0.4,1028080,0.45,460160,26960,1265360
FINNIFTY02JAN2420700PE.NFO,02/01/2024,09:19:26,0.4,0.4,928520,0.45,469120,102160,1265360
FINNIFTY02JAN2420700PE.NFO,02/01/2024,09:19:35,0.4,0.4,901840,0.45,457520,36360,1265360
FINNIFTY02JAN2420700PE.NFO,02/01/2024,09:19:45,0.4,0.4,884760,0.45,463760,33760,1265360
FINNIFTY02JAN2420700PE.NFO,02/01/2024,09:19:56,0.4,0.4,854000,0.45,452840,47720,1265360
FINNIFTY02JAN2420700PE.NFO,02/01/2024,09:20:06,0.4,0.35,249000,0.4,555400,83280,1265360
FINNIFTY02JAN2420700PE.NFO,02/01/2024,09:20:16,0.4,0.35,1070320,0.4,540280,31640,1265360
FINNIFTY02JAN2420700PE.NFO,02/01/2024,09:20:26,0.4,0.35,1468400,0.4,543240,4800,1265360
FINNIFTY02JAN2420700PE.NFO,02/01/2024,09:20:36,0.4,0.35,1466600,0.4,532480,8000,1642800
FINNIFTY02JAN2420700PE.NFO,02/01/2024,09:20:45,0.4,0.35,1464560,0.4,509520,30400,1642800
FINNIFTY02JAN2420700PE.NFO,02/01/2024,09:20:55,0.35,0.35,1474120,0.4,505680,4440,1642800
FINNIFTY02JAN2420700PE.NFO,02/01/2024,09:21:04,0.4,0.35,1475200,0.4,474080,32400,1642800
FINNIFTY02JAN2420700PE.NFO,02/01/2024,09:21:15,0.4,0.35,1471040,0.4,345560,157240,1642800
FINNIFTY02JAN2420700PE.NFO,02/01/2024,09:21:25,0.4,0.35,1477280,0.4,282200,62760,1642800
FINNIFTY02JAN2420700PE.NFO,02/01/2024,09:21:35,0.4,0.35,1477600,0.4,148400,117680,1642800
FINNIFTY02JAN2420700PE.NFO,02/01/2024,09:21:45,0.4,0.4,208640,0.45,466440,157560,1642800
FINNIFTY02JAN2420700PE.NFO,02/01/2024,09:21:55,0.4,0.4,164800,0.45,562200,41160,1642800
FINNIFTY02JAN2420700PE.NFO,02/01/2024,09:22:07,0.4,0.35,1500600,0.4,381440,105480,1642800
FINNIFTY02JAN2420700PE.NFO,02/01/2024,09:22:19,0.4,0.35,1512800,0.4,409360,34760,1642800
FINNIFTY02JAN2420700PE.NFO,02/01/2024,09:22:30,0.4,0.35,1513840,0.4,389720,32360,1642800
FINNIFTY02JAN2420700PE.NFO,02/01/2024,09:22:40,0.4,0.35,1513640,0.4,386960,9560,1642800
FINNIFTY02JAN2420700PE.NFO,02/01/2024,09:22:50,0.4,0.35,1511840,0.4,376480,16440,1642800
FINNIFTY02JAN2420700PE.NFO,02/01/2024,09:23:00,0.4,0.35,1516080,0.4,364440,17040,1642800
FINNIFTY02JAN2420700PE.NFO,02/01/2024,09:23:09,0.35,0.35,1508440,0.4,364320,11640,1642800
FINNIFTY02JAN2420700PE.NFO,02/01/2024,09:23:19,0.4,0.35,1508840,0.4,362920,3600,1642800
FINNIFTY02JAN2420700PE.NFO,02/01/2024,09:23:28,0.35,0.35,1504080,0.4,363240,9440,1642800
FINNIFTY02JAN2420700PE.NFO,02/01/2024,09:23:37,0.4,0.35,1503560,0.4,359200,1960,1660480
FINNIFTY02JAN2420700PE.NFO,02/01/2024,09:23:47,0.4,0.35,1502520,0.4,359360,5520,1660480
FINNIFTY02JAN2420700PE.NFO,02/01/2024,09:23:56,0.35,0.35,1501880,0.4,358040,2480,1660480
FINNIFTY02JAN2420700PE.NFO,02/01/2024,09:24:05,0.4,0.35,1481720,0.4,354680,21760,1660480
FINNIFTY02JAN2420700PE.NFO,02/01/2024,09:24:15,0.4,0.35,1481600,0.4,355040,1560,1660480
FINNIFTY02JAN2420700PE.NFO,02/01/2024,09:24:24,0.35,0.35,1468840,0.4,352880,13760,1660480
FINNIFTY02JAN2420700PE.NFO,02/01/2024,09:24:35,0.35,0.35,1459640,0.4,356680,12600,1660480
FINNIFTY02JAN2420700PE.NFO,02/01/2024,09:24:45,0.35,0.35,1457600,0.4,356680,2080,1660480
FINNIFTY02JAN2420700PE.NFO,02/01/2024,09:24:55,0.35,0.35,1457400,0.4,361960,240,1660480
FINNIFTY02JAN2420700PE.NFO,02/01/2024,09:25:05,0.35,0.35,1438960,0.4,374120,1760,1660480
FINNIFTY02JAN2420700PE.NFO,02/01/2024,09:25:16,0.35,0.35,1436160,0.4,381360,3200,1660480
FINNIFTY02JAN2420700PE.NFO,02/01/2024,09:25:26,0.35,0.35,1426960,0.4,421520,3080,1660480
FINNIFTY02JAN2420700PE.NFO,02/01/2024,09:25:36,0.4,0.35,1406720,0.4,445760,23200,1660480
FINNIFTY02JAN2420700PE.NFO,02/01/2024,09:25:46,0.4,0.35,1406040,0.4,441360,4320,1660480
FINNIFTY02JAN2420700PE.NFO,02/01/2024,09:25:56,0.4,0.35,1404840,0.4,423600,21720,1660480
FINNIFTY02JAN2420700PE.NFO,02/01/2024,09:26:06,0.4,0.35,1395440,0.4,430640,16440,1660480
FINNIFTY02JAN2420700PE.NFO,02/01/2024,09:26:15,0.4,0.35,1394800,0.4,407000,24720,1660480
FINNIFTY02JAN2420700PE.NFO,02/01/2024,09:26:26,0.4,0.35,1375480,0.4,353840,60160,1660480
FINNIFTY02JAN2420700PE.NFO,02/01/2024,09:26:36,0.4,0.35,1395960,0.4,363960,14080,1704360
FINNIFTY02JAN2420700PE.NFO,02/01/2024,09:26:46,0.4,0.35,1394720,0.4,361040,5640,1704360
FINNIFTY02JAN2420700PE.NFO,02/01/2024,09:26:57,0.35,0.35,1392120,0.4,357920,5520,1704360
FINNIFTY02JAN2420700PE.NFO,02/01/2024,09:27:08,0.35,0.35,1392280,0.4,357400,8440,1704360
FINNIFTY02JAN2420700PE.NFO,02/01/2024,09:27:18,0.4,0.35,1386920,0.4,358600,8160,1704360
FINNIFTY02JAN2420700PE.NFO,02/01/2024,09:27:28,0.4,0.35,1386920,0.4,361400,8320,1704360
FINNIFTY02JAN2420700PE.NFO,02/01/2024,09:27:38,0.4,0.35,1386920,0.4,576400,2320,1704360
FINNIFTY02JAN2420700PE.NFO,02/01/2024,09:27:48,0.4,0.35,1386920,0.4,576080,80,1704360
FINNIFTY02JAN2420700PE.NFO,02/01/2024,09:27:57,0.4,0.35,1386760,0.4,560400,17200,1704360
FINNIFTY02JAN2420700PE.NFO,02/01/2024,09:28:07,0.35,0.35,1382360,0.4,533400,22960,1704360
FINNIFTY02JAN2420700PE.NFO,02/01/2024,09:28:18,0.35,0.35,1376440,0.4,521840,22840,1704360
FINNIFTY02JAN2420700PE.NFO,02/01/2024,09:28:28,0.35,0.35,1348280,0.4,526600,6520,1704360
FINNIFTY02JAN2420700PE.NFO,02/01/2024,09:28:41,0.35,0.35,1358280,0.4,531160,3080,1704360
FINNIFTY02JAN2420700PE.NFO,02/01/2024,09:28:55,0.4,0.35,1358200,0.4,515320,11120,1704360
FINNIFTY02JAN2420700PE.NFO,02/01/2024,09:29:05,0.4,0.35,1357080,0.4,504560,9720,1704360
FINNIFTY02JAN2420700PE.NFO,02/01/2024,09:29:16,0.4,0.35,1343440,0.4,502680,5080,1704360
FINNIFTY02JAN2420700PE.NFO,02/01/2024,09:29:28,0.35,0.35,758760,0.4,535360,532280,2169120
FINNIFTY02JAN2420700PE.NFO,02/01/2024,09:29:38,0.35,0.3,679040,0.35,474760,65760,2169120
FINNIFTY02JAN2420700PE.NFO,02/01/2024,09:29:38,0.3,0.3,679040,0.35,474760,0,2169120
FINNIFTY02JAN2420700PE.NFO,02/01/2024,09:29:48,0.35,0.3,735960,0.35,644600,18440,2169120
FINNIFTY02JAN2420700PE.NFO,02/01/2024,09:29:58,0.35,0.3,723840,0.35,653240,13600,2169120
FINNIFTY02JAN2420700PE.NFO,02/01/2024,09:30:08,0.4,0.35,571520,0.4,587040,294400,2169120
FINNIFTY02JAN2420700PE.NFO,02/01/2024,09:30:18,0.35,0.35,1393280,0.4,666880,10800,2169120
FINNIFTY02JAN2420700PE.NFO,02/01/2024,09:30:28,0.4,0.35,1393360,0.4,651960,23280,2169120
FINNIFTY02JAN2420700PE.NFO,02/01/2024,09:30:30,0.4,0.35,1393360,0.4,640360,8400,2169120
FINNIFTY02JAN2420700PE.NFO,02/01/2024,09:30:31,0.4,0.35,1393360,0.4,636360,3520,2169120
FINNIFTY02JAN2420700PE.NFO,02/01/2024,09:30:32,0.35,0.35,1393160,0.4,644640,200,2169120
FINNIFTY02JAN2420700PE.NFO,02/01/2024,09:30:35,0.35,0.35,1393160,0.4,642720,0,2169120
FINNIFTY02JAN2420700PE.NFO,02/01/2024,09:30:36,0.35,0.35,1393120,0.4,644640,40,2169120
FINNIFTY02JAN2420700PE.NFO,02/01/2024,09:30:37,0.4,0.35,1393120,0.4,642600,120,2169120
FINNIFTY02JAN2420700PE.NFO,02/01/2024,09:30:38,0.4,0.35,1394720,0.4,642600,0,2169120
FINNIFTY02JAN2420700PE.NFO,02/01/2024,09:30:40,0.4,0.35,1394720,0.4,644520,0,2169120
FINNIFTY02JAN2420700PE.NFO,02/01/2024,09:30:41,0.4,0.35,1396400,0.4,644520,0,2169120
FINNIFTY02JAN2420700PE.NFO,02/01/2024,09:30:45,0.35,0.35,1396320,0.4,644520,80,2169120
FINNIFTY02JAN2420700PE.NFO,02/01/2024,09:30:46,0.35,0.35,1396320,0.4,644520,0,2169120
FINNIFTY02JAN2420700PE.NFO,02/01/2024,09:30:47,0.35,0.35,1387320,0.4,644520,0,2169120
FINNIFTY02JAN2420700PE.NFO,02/01/2024,09:30:48,0.35,0.35,1380120,0.4,644520,0,2169120
FINNIFTY02JAN2420700PE.NFO,02/01/2024,09:30:49,0.35,0.35,1380840,0.4,644520,0,2169120
FINNIFTY02JAN2420700PE.NFO,02/01/2024,09:30:54,0.35,0.35,1354920,0.4,644520,0,2169120
FINNIFTY02JAN2420700PE.NFO,02/01/2024,09:30:54,0.35,0.35,1352840,0.4,643440,3600,2169120
FINNIFTY02JAN2420700PE.NFO,02/01/2024,09:30:56,0.4,0.35,1351160,0.4,643360,80,2169120
FINNIFTY02JAN2420700PE.NFO,02/01/2024,09:30:57,0.4,0.35,1351160,0.4,643800,0,2169120
FINNIFTY02JAN2420700PE.NFO,02/01/2024,09:30:59,0.4,0.35,1351160,0.4,645200,400,2169120
FINNIFTY02JAN2420700PE.NFO,02/01/2024,09:31:00,0.4,0.35,1351160,0.4,647000,0,2169120
FINNIFTY02JAN2420700PE.NFO,02/01/2024,09:31:01,0.4,0.35,1351560,0.4,647160,0,2169120
FINNIFTY02JAN2420700PE.NFO,02/01/2024,09:31:02,0.35,0.35,1346120,0.4,652120,10000,2169120
FINNIFTY02JAN2420700PE.NFO,02/01/2024,09:31:03,0.4,0.35,1347800,0.4,650320,3600,2169120
FINNIFTY02JAN2420700PE.NFO,02/01/2024,09:31:04,0.4,0.35,1347600,0.4,646960,5600,2169120
FINNIFTY02JAN2420700PE.NFO,02/01/2024,09:31:06,0.4,0.35,1347600,0.4,645160,1800,2169120
FINNIFTY02JAN2420700PE.NFO,02/01/2024,09:31:07,0.35,0.35,1347880,0.4,634240,10000,2169120
FINNIFTY02JAN2420700PE.NFO,02/01/2024,09:31:08,0.35,0.35,1347840,0.4,634240,0,2169120
FINNIFTY02JAN2420700PE.NFO,02/01/2024,09:31:11,0.4,0.35,1347840,0.4,632840,1400,2169120
FINNIFTY02JAN2420700PE.NFO,02/01/2024,09:31:15,0.35,0.35,1347640,0.4,632840,200,2169120
FINNIFTY02JAN2420700PE.NFO,02/01/2024,09:31:15,0.35,0.35,1484440,0.4,632840,0,2169120
FINNIFTY02JAN2420700PE.NFO,02/01/2024,09:31:16,0.4,0.35,1747640,0.4,627880,280,2169120
FINNIFTY02JAN2420700PE.NFO,02/01/2024,09:31:17,0.4,0.35,2147640,0.4,628240,0,2169120
FINNIFTY02JAN2420700PE.NFO,02/01/2024,09:31:18,0.4,0.35,2547640,0.4,628240,0,2169120
FINNIFTY02JAN2420700PE.NFO,02/01/2024,09:31:20,0.4,0.35,2947640,0.4,630640,0,2169120
FINNIFTY02JAN2420700PE.NFO,02/01/2024,09:31:25,0.35,0.35,2947560,0.4,632560,80,2169120
FINNIFTY02JAN2420700PE.NFO,02/01/2024,09:31:26,0.35,0.35,2948400,0.4,632960,1800,2169120
FINNIFTY02JAN2420700PE.NFO,02/01/2024,09:31:27,0.35,0.35,2948400,0.4,635720,0,2169120
FINNIFTY02JAN2420700PE.NFO,02/01/2024,09:31:27,0.35,0.35,2948320,0.4,635720,80,2169120
FINNIFTY02JAN2420700PE.NFO,02/01/2024,09:31:30,0.4,0.35,2948320,0.4,629120,1800,2169120
FINNIFTY02JAN2420700PE.NFO,02/01/2024,09:31:40,0.4,0.35,2949840,0.4,627840,2520,2169120
FINNIFTY02JAN2420700PE.NFO,02/01/2024,09:31:49,0.4,0.35,2949840,0.4,632760,840,2169120
FINNIFTY02JAN2420700PE.NFO,02/01/2024,09:31:59,0.35,0.35,2950040,0.4,667240,18360,2169120
FINNIFTY02JAN2420700PE.NFO,02/01/2024,09:32:08,0.35,0.35,2949560,0.4,666640,2880,2169120
FINNIFTY02JAN2420700PE.NFO,02/01/2024,09:32:18,0.4,0.35,2949560,0.4,700000,40,2169120
FINNIFTY02JAN2420700PE.NFO,02/01/2024,09:32:28,0.4,0.35,2966360,0.4,692440,4680,2169120
FINNIFTY02JAN2420700PE.NFO,02/01/2024,09:32:38,0.4,0.35,2966360,0.4,689880,5840,2235080
FINNIFTY02JAN2420700PE.NFO,02/01/2024,09:32:48,0.4,0.35,2966360,0.4,664560,6120,2235080
FINNIFTY02JAN2420700PE.NFO,02/01/2024,09:32:58,0.35,0.35,2966320,0.4,683600,360,2235080
FINNIFTY02JAN2420700PE.NFO,02/01/2024,09:33:08,0.4,0.35,2965840,0.4,680800,6720,2235080
FINNIFTY02JAN2420700PE.NFO,02/01/2024,09:33:17,0.35,0.35,2967160,0.4,677760,7040,2235080
FINNIFTY02JAN2420700PE.NFO,02/01/2024,09:33:27,0.4,0.35,2967160,0.4,674680,680,2235080
FINNIFTY02JAN2420700PE.NFO,02/01/2024,09:33:36,0.35,0.35,2967000,0.4,673920,3480,2235080
FINNIFTY02JAN2420700PE.NFO,02/01/2024,09:33:46,0.4,0.35,2969000,0.4,673480,1680,2235080
FINNIFTY02JAN2420700PE.NFO,02/01/2024,09:33:55,0.35,0.35,2982920,0.4,673600,2120,2235080
FINNIFTY02JAN2420700PE.NFO,02/01/2024,09:34:05,0.4,0.35,2982480,0.4,651680,2320,2235080
FINNIFTY02JAN2420700PE.NFO,02/01/2024,09:34:14,0.35,0.35,2981360,0.4,667640,15480,2235080
FINNIFTY02JAN2420700PE.NFO,02/01/2024,09:34:23,0.35,0.35,2982760,0.4,667720,920,2235080
FINNIFTY02JAN2420700PE.NFO,02/01/2024,09:34:32,0.35,0.35,2981000,0.4,667680,10040,2235080
FINNIFTY02JAN2420700PE.NFO,02/01/2024,09:34:41,0.35,0.35,2981800,0.4,664280,1560,2235080
FINNIFTY02JAN2420700PE.NFO,02/01/2024,09:34:50,0.4,0.35,2981560,0.4,650160,2200,2235080
FINNIFTY02JAN2420700PE.NFO,02/01/2024,09:35:00,0.4,0.35,2983400,0.4,659120,3240,2235080
FINNIFTY02JAN2420700PE.NFO,02/01/2024,09:35:09,0.4,0.35,2983400,0.4,659200,80,2235080
FINNIFTY02JAN2420700PE.NFO,02/01/2024,09:35:18,0.35,0.35,2986120,0.4,663880,400,2235080
FINNIFTY02JAN2420700PE.NFO,02/01/2024,09:35:28,0.4,0.35,2986120,0.4,661440,1480,2235080
FINNIFTY02JAN2420700PE.NFO,02/01/2024,09:35:37,0.4,0.35,2992400,0.4,660800,1800,2242280
FINNIFTY02JAN2420700PE.NFO,02/01/2024,09:35:46,0.4,0.35,2992800,0.4,658240,480,2242280
FINNIFTY02JAN2420700PE.NFO,02/01/2024,09:35:56,0.4,0.35,2992840,0.4,662160,0,2242280
FINNIFTY02JAN2420700PE.NFO,02/01/2024,09:36:06,0.4,0.35,2992440,0.4,656200,7080,2242280
FINNIFTY02JAN2420700PE.NFO,02/01/2024,09:36:15,0.35,0.35,2992240,0.4,656520,200,2242280
FINNIFTY02JAN2420700PE.NFO,02/01/2024,09:36:24,0.35,0.35,2990520,0.4,656840,23840,2242280
FINNIFTY02JAN2420700PE.NFO,02/01/2024,09:36:34,0.4,0.35,2980520,0.4,657960,10120,2242280
FINNIFTY02JAN2420700PE.NFO,02/01/2024,09:36:43,0.35,0.35,2958720,0.4,658320,20680,2242280
FINNIFTY02JAN2420700PE.NFO,02/01/2024,09:36:52,0.35,0.35,2948240,0.4,657880,15600,2242280
FINNIFTY02JAN2420700PE.NFO,02/01/2024,09:37:00,0.35,0.35,2948240,0.4,658040,0,2242280
FINNIFTY02JAN2420700PE.NFO,02/01/2024,09:37:09,0.35,0.35,2954160,0.4,622640,480,2242280
FINNIFTY02JAN2420700PE.NFO,02/01/2024,09:37:19,0.35,0.35,4557920,0.4,620000,240,2242280
FINNIFTY02JAN2420700PE.NFO,02/01/2024,09:37:27,0.4,0.35,4549600,0.4,592600,8400,2242280
FINNIFTY02JAN2420700PE.NFO,02/01/2024,09:37:36,0.4,0.35,4527800,0.4,337800,250560,2242280
FINNIFTY02JAN2420700PE.NFO,02/01/2024,09:37:45,0.4,0.35,2927640,0.4,367360,21160,2242280
FINNIFTY02JAN2420700PE.NFO,02/01/2024,09:37:53,0.4,0.35,2924160,0.4,415440,4160,2242280
FINNIFTY02JAN2420700PE.NFO,02/01/2024,09:38:02,0.35,0.35,2902680,0.4,415240,20240,2242280
FINNIFTY02JAN2420700PE.NFO,02/01/2024,09:38:10,0.4,0.35,2894000,0.4,428640,10200,2242280
FINNIFTY02JAN2420700PE.NFO,02/01/2024,09:38:19,0.4,0.35,2894000,0.4,420840,13960,2242280
FINNIFTY02JAN2420700PE.NFO,02/01/2024,09:38:29,0.35,0.35,2875560,0.4,434960,7000,2242280
FINNIFTY02JAN2420700PE.NFO,02/01/2024,09:38:39,0.4,0.35,2875400,0.4,433800,960,2334800
FINNIFTY02JAN2420700PE.NFO,02/01/2024,09:38:48,0.35,0.35,2866160,0.4,439200,9440,2334800
FINNIFTY02JAN2420700PE.NFO,02/01/2024,09:38:58,0.35,0.35,2862680,0.4,436480,3320,2334800
FINNIFTY02JAN2420700PE.NFO,02/01/2024,09:39:07,0.35,0.35,2844200,0.4,445360,19520,2334800
FINNIFTY02JAN2420700PE.NFO,02/01/2024,09:39:17,0.35,0.35,2843360,0.4,465720,360,2334800
FINNIFTY02JAN2420700PE.NFO,02/01/2024,09:39:26,0.4,0.35,4467680,0.4,538560,480,2334800
FINNIFTY02JAN2420700PE.NFO,02/01/2024,09:39:35,0.35,0.35,4465760,0.4,534160,5960,2334800
FINNIFTY02JAN2420700PE.NFO,02/01/2024,09:39:44,0.35,0.35,4462640,0.4,538680,4320,2334800
FINNIFTY02JAN2420700PE.NFO,02/01/2024,09:39:55,0.35,0.35,4459200,0.4,543040,3040,2334800
FINNIFTY02JAN2420700PE.NFO,02/01/2024,09:40:06,0.35,0.35,4436600,0.4,452160,121040,2334800
FINNIFTY02JAN2420700PE.NFO,02/01/2024,09:40:16,0.35,0.35,4425480,0.4,418360,77080,2334800
FINNIFTY02JAN2420700PE.NFO,02/01/2024,09:40:26,0.35,0.35,4423200,0.4,421880,4560,2334800
FINNIFTY02JAN2420700PE.NFO,02/01/2024,09:40:37,0.35,0.35,4421360,0.4,426400,2080,2334800
FINNIFTY02JAN2420700PE.NFO,02/01/2024,09:40:47,0.35,0.35,4419440,0.4,426320,1920,2334800
FINNIFTY02JAN2420700PE.NFO,02/01/2024,09:40:57,0.4,0.35,4419200,0.4,395800,14040,2334800
FINNIFTY02JAN2420700PE.NFO,02/01/2024,09:41:08,0.4,0.35,4418880,0.4,415000,440,2334800
FINNIFTY02JAN2420700PE.NFO,02/01/2024,09:41:18,0.35,0.35,4414120,0.4,415640,4760,2334800
FINNIFTY02JAN2420700PE.NFO,02/01/2024,09:41:28,0.35,0.35,4413920,0.4,407880,13600,2334800
FINNIFTY02JAN2420700PE.NFO,02/01/2024,09:41:38,0.35,0.35,4413720,0.4,408160,400,2352520
FINNIFTY02JAN2420700PE.NFO,02/01/2024,09:41:47,0.35,0.35,4408400,0.4,407800,5400,2352520
FINNIFTY02JAN2420700PE.NFO,02/01/2024,09:41:57,0.35,0.35,4395160,0.4,408960,11880,2352520
FINNIFTY02JAN2420700PE.NFO,02/01/2024,09:42:07,0.4,0.35,4396240,0.4,388040,9680,2352520
FINNIFTY02JAN2420700PE.NFO,02/01/2024,09:42:17,0.35,0.35,4396120,0.4,383360,26440,2352520
FINNIFTY02JAN2420700PE.NFO,02/01/2024,09:42:27,0.35,0.35,4394800,0.4,391360,1320,2352520
FINNIFTY02JAN2420700PE.NFO,02/01/2024,09:42:35,0.4,0.35,4394800,0.4,374000,120,2352520
FINNIFTY02JAN2420700PE.NFO,02/01/2024,09:42:44,0.35,0.35,4394680,0.4,391880,560,2352520
FINNIFTY02JAN2420700PE.NFO,02/01/2024,09:42:54,0.35,0.35,4391000,0.4,392240,3640,2352520
FINNIFTY02JAN2420700PE.NFO,02/01/2024,09:43:04,0.35,0.35,4387440,0.4,392840,3600,2352520
FINNIFTY02JAN2420700PE.NFO,02/01/2024,09:43:14,0.35,0.35,4373840,0.4,394680,13840,2352520
FINNIFTY02JAN2420700PE.NFO,02/01/2024,09:43:24,0.35,0.35,4375080,0.4,417680,200,2352520
FINNIFTY02JAN2420700PE.NFO,02/01/2024,09:43:34,0.35,0.35,4375000,0.4,417800,80,2352520
FINNIFTY02JAN2420700PE.NFO,02/01/2024,09:43:44,0.4,0.35,4374000,0.4,418560,2320,2352520
FINNIFTY02JAN2420700PE.NFO,02/01/2024,09:43:53,0.35,0.35,4373800,0.4,419120,240,2352520
FINNIFTY02JAN2420700PE.NFO,02/01/2024,09:44:03,0.4,0.35,4373640,0.4,406160,640,2352520
FINNIFTY02JAN2420700PE.NFO,02/01/2024,09:44:12,0.35,0.35,4376680,0.4,422880,2800,2352520
FINNIFTY02JAN2420700PE.NFO,02/01/2024,09:44:21,0.35,0.35,4355720,0.4,410480,34520,2352520
FINNIFTY02JAN2420700PE.NFO,02/01/2024,09:44:31,0.35,0.35,4339440,0.4,410480,14560,2352520
FINNIFTY02JAN2420700PE.NFO,02/01/2024,09:44:40,0.4,0.35,4333760,0.4,393000,5880,2363200
FINNIFTY02JAN2420700PE.NFO,02/01/2024,09:44:49,0.35,0.35,4330600,0.4,410400,2760,2363200
FINNIFTY02JAN2420700PE.NFO,02/01/2024,09:44:58,0.35,0.35,4329040,0.4,409120,1400,2363200
FINNIFTY02JAN2420700PE.NFO,02/01/2024,09:45:07,0.35,0.35,4330400,0.4,408160,1040,2363200
FINNIFTY02JAN2420700PE.NFO,02/01/2024,09:45:16,0.35,0.35,4330400,0.4,455440,0,2363200
FINNIFTY02JAN2420700PE.NFO,02/01/2024,09:45:26,0.35,0.35,4324560,0.4,455080,4400,2363200
FINNIFTY02JAN2420700PE.NFO,02/01/2024,09:45:36,0.4,0.35,4319200,0.4,447920,13560,2363200
FINNIFTY02JAN2420700PE.NFO,02/01/2024,09:45:45,0.4,0.35,4319200,0.4,449720,0,2363200
FINNIFTY02JAN2420700PE.NFO,02/01/2024,09:45:54,0.35,0.35,4315280,0.4,453680,2480,2363200
FINNIFTY02JAN2420700PE.NFO,02/01/2024,09:46:04,0.4,0.35,4308680,0.4,445840,8320,2363200
FINNIFTY02JAN2420700PE.NFO,02/01/2024,09:46:14,0.4,0.35,4308680,0.4,439720,800,2363200
FINNIFTY02JAN2420700PE.NFO,02/01/2024,09:46:24,0.4,0.35,4308520,0.4,460400,600,2363200
FINNIFTY02JAN2420700PE.NFO,02/01/2024,09:46:34,0.4,0.35,4307320,0.4,462120,1280,2363200
FINNIFTY02JAN2420700PE.NFO,02/01/2024,09:46:43,0.35,0.35,4297160,0.4,462520,10200,2363200
FINNIFTY02JAN2420700PE.NFO,02/01/2024,09:46:52,0.35,0.35,4285720,0.4,462640,11800,2363200
FINNIFTY02JAN2420700PE.NFO,02/01/2024,09:47:01,0.35,0.35,4275160,0.4,462640,10560,2363200
FINNIFTY02JAN2420700PE.NFO,02/01/2024,09:47:11,0.35,0.35,4266560,0.4,466360,10720,2363200
FINNIFTY02JAN2420700PE.NFO,02/01/2024,09:47:20,0.35,0.35,4266320,0.4,454080,10720,2363200
FINNIFTY02JAN2420700PE.NFO,02/01/2024,09:47:29,0.35,0.35,187640,0.4,204040,18840,2363200
FINNIFTY02JAN2420700PE.NFO,02/01/2024,09:47:38,0.35,0.3,1116080,0.35,406600,205880,2403520
FINNIFTY02JAN2420700PE.NFO,02/01/2024,09:47:47,0.35,0.3,1119120,0.35,402400,11040,2403520
FINNIFTY02JAN2420700PE.NFO,02/01/2024,09:47:56,0.35,0.3,1132920,0.35,385280,55240,2403520
FINNIFTY02JAN2420700PE.NFO,02/01/2024,09:48:06,0.3,0.3,1133480,0.35,385040,5920,2403520
FINNIFTY02JAN2420700PE.NFO,02/01/2024,09:48:15,0.35,0.3,733480,0.35,387920,160,2403520
FINNIFTY02JAN2420700PE.NFO,02/01/2024,09:48:23,0.3,0.3,748880,0.35,377440,21840,2403520
FINNIFTY02JAN2420700PE.NFO,02/01/2024,09:48:32,0.35,0.3,740720,0.35,386680,12040,2403520
FINNIFTY02JAN2420700PE.NFO,02/01/2024,09:48:42,0.35,0.3,742200,0.35,384200,4960,2403520
FINNIFTY02JAN2420700PE.NFO,02/01/2024,09:48:51,0.3,0.3,743160,0.35,383800,2160,2403520
FINNIFTY02JAN2420700PE.NFO,02/01/2024,09:49:00,0.35,0.3,1534320,0.35,377840,6520,2403520
FINNIFTY02JAN2420700PE.NFO,02/01/2024,09:49:10,0.35,0.3,1937240,0.35,384960,3520,2403520
FINNIFTY02JAN2420700PE.NFO,02/01/2024,09:49:19,0.35,0.3,1936560,0.35,417480,3040,2403520
FINNIFTY02JAN2420700PE.NFO,02/01/2024,09:49:29,0.3,0.3,1937640,0.35,419440,4600,2403520
FINNIFTY02JAN2420700PE.NFO,02/01/2024,09:49:38,0.3,0.3,1938560,0.35,429520,80,2403520
FINNIFTY02JAN2420700PE.NFO,02/01/2024,09:49:47,0.3,0.3,1956480,0.35,428880,640,2403520
FINNIFTY02JAN2420700PE.NFO,02/01/2024,09:49:56,0.3,0.3,1956760,0.35,429480,200,2403520
FINNIFTY02JAN2420700PE.NFO,02/01/2024,09:50:05,0.3,0.3,1958160,0.35,429240,400,2403520
FINNIFTY02JAN2420700PE.NFO,02/01/2024,09:50:14,0.3,0.3,1957880,0.35,440800,280,2403520
FINNIFTY02JAN2420700PE.NFO,02/01/2024,09:50:23,0.35,0.3,1959800,0.35,441360,1800,2403520
FINNIFTY02JAN2420700PE.NFO,02/01/2024,09:50:32,0.3,0.3,1959440,0.35,443160,960,2403520
FINNIFTY02JAN2420700PE.NFO,02/01/2024,09:50:41,0.35,0.3,1959240,0.35,442560,800,2339920
FINNIFTY02JAN2420700PE.NFO,02/01/2024,09:50:50,0.35,0.3,1959240,0.35,442800,0,2339920
FINNIFTY02JAN2420700PE.NFO,02/01/2024,09:50:59,0.3,0.3,1957800,0.35,442800,1440,2339920
FINNIFTY02JAN2420700PE.NFO,02/01/2024,09:51:08,0.3,0.3,1957800,0.35,442800,0,2339920
FINNIFTY02JAN2420700PE.NFO,02/01/2024,09:51:18,0.35,0.3,1959200,0.35,442560,1000,2339920
FINNIFTY02JAN2420700PE.NFO,02/01/2024,09:51:28,0.3,0.3,1959000,0.35,444360,200,2339920
FINNIFTY02JAN2420700PE.NFO,02/01/2024,09:51:38,0.3,0.3,1959520,0.35,442440,3880,2339920
FINNIFTY02JAN2420700PE.NFO,02/01/2024,09:51:47,0.3,0.3,1959520,0.35,442440,0,2339920
FINNIFTY02JAN2420700PE.NFO,02/01/2024,09:51:56,0.3,0.3,1959320,0.35,442440,200,2339920
FINNIFTY02JAN2420700PE.NFO,02/01/2024,09:52:05,0.3,0.3,1960760,0.35,442440,160,2339920
FINNIFTY02JAN2420700PE.NFO,02/01/2024,09:52:14,0.35,0.3,1960760,0.35,443680,200,2339920
FINNIFTY02JAN2420700PE.NFO,02/01/2024,09:52:23,0.3,0.3,1959840,0.35,444880,1520,2339920
FINNIFTY02JAN2420700PE.NFO,02/01/2024,09:52:32,0.3,0.3,1962720,0.35,445480,400,2339920
FINNIFTY02JAN2420700PE.NFO,02/01/2024,09:52:50,0.3,0.3,1962560,0.35,445400,160,2339920
FINNIFTY02JAN2420700PE.NFO,02/01/2024,09:52:59,0.3,0.3,1962560,0.35,445400,0,2339920
FINNIFTY02JAN2420700PE.NFO,02/01/2024,09:53:09,0.3,0.3,1962080,0.35,445280,600,2339920
FINNIFTY02JAN2420700PE.NFO,02/01/2024,09:53:18,0.3,0.3,1961960,0.35,445280,120,2339920
FINNIFTY02JAN2420700PE.NFO,02/01/2024,09:53:27,0.35,0.3,1954160,0.35,445360,1920,2339920
FINNIFTY02JAN2420700PE.NFO,02/01/2024,09:53:36,0.3,0.3,1954040,0.35,411200,2280,2350000
FINNIFTY02JAN2420700PE.NFO,02/01/2024,09:53:46,0.35,0.3,1954000,0.35,413360,1000,2350000
FINNIFTY02JAN2420700PE.NFO,02/01/2024,09:53:55,0.3,0.3,1953880,0.35,412960,760,2350000
FINNIFTY02JAN2420700PE.NFO,02/01/2024,09:54:04,0.3,0.3,1953880,0.35,413600,0,2350000
FINNIFTY02JAN2420700PE.NFO,02/01/2024,09:54:13,0.3,0.3,1953680,0.35,413000,200,2350000
FINNIFTY02JAN2420700PE.NFO,02/01/2024,09:54:21,0.3,0.3,1951360,0.35,412720,400,2350000
FINNIFTY02JAN2420700PE.NFO,02/01/2024,09:54:31,0.3,0.3,1948640,0.35,414760,2720,2350000
FINNIFTY02JAN2420700PE.NFO,02/01/2024,09:54:41,0.3,0.3,1948240,0.35,416560,400,2350000
FINNIFTY02JAN2420700PE.NFO,02/01/2024,09:54:50,0.3,0.3,1949960,0.35,416320,200,2350000
FINNIFTY02JAN2420700PE.NFO,02/01/2024,09:55:01,0.35,0.3,1912120,0.35,363960,117960,2350000
FINNIFTY02JAN2420700PE.NFO,02/01/2024,09:55:12,0.35,0.35,448480,0.4,464480,210520,2350000
FINNIFTY02JAN2420700PE.NFO,02/01/2024,09:55:22,0.35,0.35,1249520,0.4,464280,2960,2350000
FINNIFTY02JAN2420700PE.NFO,02/01/2024,09:55:32,0.35,0.35,1648160,0.4,463200,8640,2350000
FINNIFTY02JAN2420700PE.NFO,02/01/2024,09:55:43,0.35,0.35,1646800,0.4,465520,9920,2350000
FINNIFTY02JAN2420700PE.NFO,02/01/2024,09:55:52,0.4,0.35,1648240,0.4,465840,920,2350000
FINNIFTY02JAN2420700PE.NFO,02/01/2024,09:56:04,0.35,0.35,1645080,0.4,444920,35360,2350000
FINNIFTY02JAN2420700PE.NFO,02/01/2024,09:56:16,0.35,0.35,1641280,0.4,409480,14160,2350000
FINNIFTY02JAN2420700PE.NFO,02/01/2024,09:56:29,0.35,0.35,1643320,0.4,410160,7880,2350000
FINNIFTY02JAN2420700PE.NFO,02/01/2024,09:56:41,0.35,0.35,1624800,0.4,406440,1760,2373000
FINNIFTY02JAN2420700PE.NFO,02/01/2024,09:56:53,0.35,0.35,1615000,0.4,402920,13280,2373000
FINNIFTY02JAN2420700PE.NFO,02/01/2024,09:57:05,0.35,0.35,1602000,0.4,351440,59960,2373000
FINNIFTY02JAN2420700PE.NFO,02/01/2024,09:57:18,0.4,0.4,312480,0.45,259600,512360,2373000
FINNIFTY02JAN2420700PE.NFO,02/01/2024,09:57:31,0.4,0.4,704840,0.45,270080,21880,2373000
FINNIFTY02JAN2420700PE.NFO,02/01/2024,09:57:43,0.35,0.35,1573880,0.4,449520,224280,2373000
FINNIFTY02JAN2420700PE.NFO,02/01/2024,09:57:54,0.4,0.4,1278960,0.45,157440,542760,2373000
FINNIFTY02JAN2420700PE.NFO,02/01/2024,09:58:05,0.4,0.4,2877760,0.45,178520,22880,2373000
FINNIFTY02JAN2420700PE.NFO,02/01/2024,09:58:17,0.4,0.4,2866960,0.45,270760,69200,2373000
FINNIFTY02JAN2420700PE.NFO,02/01/2024,09:58:28,0.45,0.4,2843240,0.45,293040,30480,2373000
FINNIFTY02JAN2420700PE.NFO,02/01/2024,09:58:41,0.4,0.4,2812080,0.45,229840,38400,2373000
FINNIFTY02JAN2420700PE.NFO,02/01/2024,09:58:52,0.4,0.4,2793320,0.45,220600,24360,2373000
FINNIFTY02JAN2420700PE.NFO,02/01/2024,09:59:02,0.4,0.4,106040,0.45,227120,57320,2373000
FINNIFTY02JAN2420700PE.NFO,02/01/2024,09:59:13,0.4,0.35,3137000,0.4,652880,121800,2373000
FINNIFTY02JAN2420700PE.NFO,02/01/2024,09:59:26,0.35,0.35,3117520,0.4,671720,18480,2373000
FINNIFTY02JAN2420700PE.NFO,02/01/2024,09:59:37,0.4,0.35,3094120,0.4,678120,29360,2597960
FINNIFTY02JAN2420700PE.NFO,02/01/2024,09:59:48,0.4,0.35,3069480,0.4,654760,32480,2597960
FINNIFTY02JAN2420700PE.NFO,02/01/2024,09:59:59,0.35,0.35,3049880,0.4,710960,27800,2597960
FINNIFTY02JAN2420700PE.NFO,02/01/2024,10:00:10,0.4,0.35,3043400,0.4,711320,10800,2597960
FINNIFTY02JAN2420700PE.NFO,02/01/2024,10:00:22,0.4,0.35,3057840,0.4,740120,12000,2597960
FINNIFTY02JAN2420700PE.NFO,02/01/2024,10:00:35,0.35,0.35,3083440,0.4,708280,108040,2597960
FINNIFTY02JAN2420700PE.NFO,02/01/2024,10:00:47,0.4,0.35,3058120,0.4,703680,38400,2597960
FINNIFTY02JAN2420700PE.NFO,02/01/2024,10:00:58,0.35,0.35,3099040,0.4,769800,2000,2597960
FINNIFTY02JAN2420700PE.NFO,02/01/2024,10:01:08,0.35,0.35,3049520,0.4,745080,61600,2597960
FINNIFTY02JAN2420700PE.NFO,02/01/2024,10:01:19,0.35,0.35,3031040,0.4,778480,24520,2597960
FINNIFTY02JAN2420700PE.NFO,02/01/2024,10:01:30,0.4,0.35,3031040,0.4,765120,1720,2597960
FINNIFTY02JAN2420700PE.NFO,02/01/2024,10:01:31,0.4,0.35,3031040,0.4,656720,0,2597960
FINNIFTY02JAN2420700PE.NFO,02/01/2024,10:01:32,0.4,0.35,3030720,0.4,667000,320,2597960
FINNIFTY02JAN2420700PE.NFO,02/01/2024,10:01:33,0.4,0.35,3022400,0.4,745560,10120,2597960
FINNIFTY02JAN2420700PE.NFO,02/01/2024,10:01:34,0.4,0.35,3022440,0.4,649800,0,2597960
FINNIFTY02JAN2420700PE.NFO,02/01/2024,10:01:35,0.4,0.35,3022440,0.4,670640,0,2597960
FINNIFTY02JAN2420700PE.NFO,02/01/2024,10:01:36,0.4,0.35,3022400,0.4,662120,0,2597960
FINNIFTY02JAN2420700PE.NFO,02/01/2024,10:01:37,0.4,0.35,3022400,0.4,775200,0,2597960
FINNIFTY02JAN2420700PE.NFO,02/01/2024,10:01:38,0.4,0.35,3022440,0.4,775200,0,2597960
FINNIFTY02JAN2420700PE.NFO,02/01/2024,10:01:39,0.35,0.35,3022320,0.4,776640,120,2597960
FINNIFTY02JAN2420700PE.NFO,02/01/2024,10:01:40,0.35,0.35,3021920,0.4,776640,360,2597960
FINNIFTY02JAN2420700PE.NFO,02/01/2024,10:01:41,0.35,0.35,3021960,0.4,788840,0,2597960
FINNIFTY02JAN2420700PE.NFO,02/01/2024,10:01:42,0.35,0.35,3021920,0.4,788720,0,2597960
FINNIFTY02JAN2420700PE.NFO,02/01/2024,10:01:43,0.35,0.35,3007760,0.4,776520,14200,2597960
FINNIFTY02JAN2420700PE.NFO,02/01/2024,10:01:45,0.35,0.35,3007880,0.4,776520,40,2597960
FINNIFTY02JAN2420700PE.NFO,02/01/2024,10:01:46,0.35,0.35,3007840,0.4,776520,0,2597960
FINNIFTY02JAN2420700PE.NFO,02/01/2024,10:01:47,0.35,0.35,3007880,0.4,776520,0,2597960
FINNIFTY02JAN2420700PE.NFO,02/01/2024,10:01:48,0.35,0.35,3007840,0.4,776520,0,2597960
FINNIFTY02JAN2420700PE.NFO,02/01/2024,10:01:49,0.35,0.35,3007880,0.4,776520,0,2597960
FINNIFTY02JAN2420700PE.NFO,02/01/2024,10:01:50,0.35,0.35,3007840,0.4,776520,40,2597960
FINNIFTY02JAN2420700PE.NFO,02/01/2024,10:01:51,0.35,0.35,3009200,0.4,697560,0,2597960
FINNIFTY02JAN2420700PE.NFO,02/01/2024,10:01:52,0.35,0.35,3007840,0.4,697640,0,2597960
FINNIFTY02JAN2420700PE.NFO,02/01/2024,10:01:53,0.35,0.35,3007840,0.4,741440,0,2597960
FINNIFTY02JAN2420700PE.NFO,02/01/2024,10:01:54,0.4,0.35,3005800,0.4,771240,7200,2597960
FINNIFTY02JAN2420700PE.NFO,02/01/2024,10:01:55,0.35,0.35,3005000,0.4,748880,3360,2597960
FINNIFTY02JAN2420700PE.NFO,02/01/2024,10:01:56,0.35,0.35,3005000,0.4,652800,0,2597960
FINNIFTY02JAN2420700PE.NFO,02/01/2024,10:01:58,0.35,0.35,3004960,0.4,736480,40,2597960
FINNIFTY02JAN2420700PE.NFO,02/01/2024,10:01:59,0.4,0.35,3004960,0.4,649560,1040,2597960
FINNIFTY02JAN2420700PE.NFO,02/01/2024,10:02:00,0.35,0.35,3004600,0.4,745000,360,2597960
FINNIFTY02JAN2420700PE.NFO,02/01/2024,10:02:01,0.35,0.35,3004600,0.4,724080,0,2597960
FINNIFTY02JAN2420700PE.NFO,02/01/2024,10:02:02,0.4,0.35,3004600,0.4,764080,1200,2597960
FINNIFTY02JAN2420700PE.NFO,02/01/2024,10:02:03,0.4,0.35,3004600,0.4,669600,0,2597960
FINNIFTY02JAN2420700PE.NFO,02/01/2024,10:02:04,0.4,0.35,3003000,0.4,726360,3600,2597960
FINNIFTY02JAN2420700PE.NFO,02/01/2024,10:02:05,0.35,0.35,3002200,0.4,704600,1200,2597960
FINNIFTY02JAN2420700PE.NFO,02/01/2024,10:02:06,0.35,0.35,3001000,0.4,734600,1200,2597960
FINNIFTY02JAN2420700PE.NFO,02/01/2024,10:02:07,0.35,0.35,2997960,0.4,745400,3000,2597960
FINNIFTY02JAN2420700PE.NFO,02/01/2024,10:02:08,0.4,0.35,2996200,0.4,771240,1800,2597960
FINNIFTY02JAN2420700PE.NFO,02/01/2024,10:02:09,0.4,0.35,2996200,0.4,707480,0,2597960
FINNIFTY02JAN2420700PE.NFO,02/01/2024,10:02:10,0.4,0.35,2994600,0.4,774000,2080,2597960
FINNIFTY02JAN2420700PE.NFO,02/01/2024,10:02:11,0.35,0.35,2993720,0.4,745040,880,2597960
FINNIFTY02JAN2420700PE.NFO,02/01/2024,10:02:12,0.4,0.35,2993720,0.4,875720,1800,2597960
FINNIFTY02JAN2420700PE.NFO,02/01/2024,10:02:13,0.4,0.35,2993720,0.4,874680,840,2597960
FINNIFTY02JAN2420700PE.NFO,02/01/2024,10:02:14,0.4,0.35,2993680,0.4,874880,0,2597960
FINNIFTY02JAN2420700PE.NFO,02/01/2024,10:02:15,0.4,0.35,2993720,0.4,874600,280,2597960
FINNIFTY02JAN2420700PE.NFO,02/01/2024,10:02:16,0.4,0.35,2993720,0.4,851840,600,2597960
FINNIFTY02JAN2420700PE.NFO,02/01/2024,10:02:17,0.35,0.35,2991720,0.4,865800,3800,2597960
FINNIFTY02JAN2420700PE.NFO,02/01/2024,10:02:18,0.35,0.35,2991720,0.4,865880,0,2597960
FINNIFTY02JAN2420700PE.NFO,02/01/2024,10:02:20,0.4,0.35,2991720,0.4,865760,80,2597960
FINNIFTY02JAN2420700PE.NFO,02/01/2024,10:02:21,0.4,0.35,2991720,0.4,865800,0,2597960
FINNIFTY02JAN2420700PE.NFO,02/01/2024,10:02:22,0.4,0.35,2991680,0.4,865120,680,2597960
FINNIFTY02JAN2420700PE.NFO,02/01/2024,10:02:23,0.35,0.35,2990120,0.4,865120,1600,2597960
FINNIFTY02JAN2420700PE.NFO,02/01/2024,10:02:24,0.35,0.35,2989960,0.4,846920,160,2597960
FINNIFTY02JAN2420700PE.NFO,02/01/2024,10:02:25,0.4,0.35,2989960,0.4,866880,1000,2597960
FINNIFTY02JAN2420700PE.NFO,02/01/2024,10:02:26,0.35,0.35,2990160,0.4,879960,40,2597960
FINNIFTY02JAN2420700PE.NFO,02/01/2024,10:02:27,0.4,0.35,2990160,0.4,879920,40,2597960
FINNIFTY02JAN2420700PE.NFO,02/01/2024,10:02:28,0.4,0.35,2990160,0.4,784480,0,2597960
FINNIFTY02JAN2420700PE.NFO,02/01/2024,10:02:29,0.4,0.35,2989760,0.4,807040,0,2597960
FINNIFTY02JAN2420700PE.NFO,02/01/2024,10:02:30,0.4,0.35,2989920,0.4,887120,1800,2597960
FINNIFTY02JAN2420700PE.NFO,02/01/2024,10:02:31,0.4,0.35,2989920,0.4,885320,1800,2597960
FINNIFTY02JAN2420700PE.NFO,02/01/2024,10:02:32,0.4,0.35,2989920,0.4,885320,0,2597960
FINNIFTY02JAN2420700PE.NFO,02/01/2024,10:02:34,0.4,0.35,2989920,0.4,883720,1400,2579920
FINNIFTY02JAN2420700PE.NFO,02/01/2024,10:02:35,0.4,0.35,2989880,0.4,883720,0,2579920
FINNIFTY02JAN2420700PE.NFO,02/01/2024,10:02:36,0.4,0.35,2989920,0.4,881080,3200,2579920
FINNIFTY02JAN2420700PE.NFO,02/01/2024,10:02:37,0.4,0.35,2989920,0.4,885080,0,2579920
FINNIFTY02JAN2420700PE.NFO,02/01/2024,10:02:38,0.4,0.35,2989920,0.4,770480,800,2579920
FINNIFTY02JAN2420700PE.NFO,02/01/2024,10:02:39,0.4,0.35,2989920,0.4,809120,1800,2579920
FINNIFTY02JAN2420700PE.NFO,02/01/2024,10:02:40,0.4,0.35,2989920,0.4,799160,0,2579920
FINNIFTY02JAN2420700PE.NFO,02/01/2024,10:02:41,0.35,0.35,2988120,0.4,853440,1800,2579920
FINNIFTY02JAN2420700PE.NFO,02/01/2024,10:02:42,0.35,0.35,2988120,0.4,856160,0,2579920
FINNIFTY02JAN2420700PE.NFO,02/01/2024,10:02:43,0.35,0.35,2986320,0.4,836720,1800,2579920
FINNIFTY02JAN2420700PE.NFO,02/01/2024,10:02:44,0.35,0.35,2986320,0.4,880560,0,2579920
FINNIFTY02JAN2420700PE.NFO,02/01/2024,10:02:45,0.35,0.35,2984720,0.4,852800,1600,2579920
FINNIFTY02JAN2420700PE.NFO,02/01/2024,10:02:46,0.35,0.35,2983120,0.4,839360,1600,2579920
FINNIFTY02JAN2420700PE.NFO,02/01/2024,10:02:47,0.35,0.35,2983080,0.4,864880,40,2579920
FINNIFTY02JAN2420700PE.NFO,02/01/2024,10:02:48,0.35,0.35,2983880,0.4,864880,0,2579920
FINNIFTY02JAN2420700PE.NFO,02/01/2024,10:02:49,0.4,0.35,2983880,0.4,874960,1000,2579920
FINNIFTY02JAN2420700PE.NFO,02/01/2024,10:02:50,0.4,0.35,2983880,0.4,799920,0,2579920
FINNIFTY02JAN2420700PE.NFO,02/01/2024,10:02:51,0.4,0.35,2983880,0.4,883840,0,2579920
FINNIFTY02JAN2420700PE.NFO,02/01/2024,10:02:53,0.4,0.35,2983840,0.4,884800,0,2579920
FINNIFTY02JAN2420700PE.NFO,02/01/2024,10:02:54,0.4,0.35,2983880,0.4,885160,0,2579920
FINNIFTY02JAN2420700PE.NFO,02/01/2024,10:02:57,0.35,0.35,2983720,0.4,885160,120,2579920
FINNIFTY02JAN2420700PE.NFO,02/01/2024,10:02:58,0.35,0.35,2982840,0.4,883880,1360,2579920
FINNIFTY02JAN2420700PE.NFO,02/01/2024,10:02:59,0.4,0.35,2982880,0.4,883000,920,2579920
FINNIFTY02JAN2420700PE.NFO,02/01/2024,10:03:00,0.35,0.35,2982840,0.4,883000,40,2579920
FINNIFTY02JAN2420700PE.NFO,02/01/2024,10:03:01,0.4,0.35,2982840,0.4,883000,400,2579920
FINNIFTY02JAN2420700PE.NFO,02/01/2024,10:03:02,0.4,0.35,2982840,0.4,883000,0,2579920
FINNIFTY02JAN2420700PE.NFO,02/01/2024,10:03:07,0.4,0.35,2982840,0.4,812160,0,2579920
FINNIFTY02JAN2420700PE.NFO,02/01/2024,10:03:08,0.4,0.35,2982840,0.4,865880,200,2579920
FINNIFTY02JAN2420700PE.NFO,02/01/2024,10:03:09,0.4,0.35,2983080,0.4,870480,1280,2579920
FINNIFTY02JAN2420700PE.NFO,02/01/2024,10:03:10,0.4,0.35,2982840,0.4,840320,0,2579920
FINNIFTY02JAN2420700PE.NFO,02/01/2024,10:03:11,0.4,0.35,2982800,0.4,807680,0,2579920
FINNIFTY02JAN2420700PE.NFO,02/01/2024,10:03:12,0.35,0.35,2981840,0.4,874720,960,2579920
FINNIFTY02JAN2420700PE.NFO,02/01/2024,10:03:13,0.4,0.35,2981840,0.4,855840,80,2579920
FINNIFTY02JAN2420700PE.NFO,02/01/2024,10:03:14,0.35,0.35,2981800,0.4,881640,240,2579920
FINNIFTY02JAN2420700PE.NFO,02/01/2024,10:03:15,0.35,0.35,2981760,0.4,863960,1880,2579920
FINNIFTY02JAN2420700PE.NFO,02/01/2024,10:03:16,0.35,0.35,2981440,0.4,776840,320,2579920
FINNIFTY02JAN2420700PE.NFO,02/01/2024,10:03:17,0.35,0.35,2981320,0.4,878880,80,2579920
FINNIFTY02JAN2420700PE.NFO,02/01/2024,10:03:18,0.35,0.35,2981240,0.4,879840,80,2579920
FINNIFTY02JAN2420700PE.NFO,02/01/2024,10:03:19,0.35,0.35,2981160,0.4,879840,80,2579920
FINNIFTY02JAN2420700PE.NFO,02/01/2024,10:03:20,0.35,0.35,2981120,0.4,879840,80,2579920
FINNIFTY02JAN2420700PE.NFO,02/01/2024,10:03:21,0.35,0.35,2980920,0.4,879840,800,2579920
FINNIFTY02JAN2420700PE.NFO,02/01/2024,10:03:22,0.35,0.35,2980560,0.4,867840,12200,2579920
FINNIFTY02JAN2420700PE.NFO,02/01/2024,10:03:23,0.35,0.35,2978320,0.4,867840,2200,2579920
FINNIFTY02JAN2420700PE.NFO,02/01/2024,10:03:24,0.4,0.35,2977680,0.4,859240,9000,2579920
FINNIFTY02JAN2420700PE.NFO,02/01/2024,10:03:25,0.4,0.35,2975880,0.4,847640,13200,2579920
FINNIFTY02JAN2420700PE.NFO,02/01/2024,10:03:26,0.4,0.35,2975920,0.4,847840,0,2579920
FINNIFTY02JAN2420700PE.NFO,02/01/2024,10:03:27,0.4,0.35,2976160,0.4,847840,0,2579920
FINNIFTY02JAN2420700PE.NFO,02/01/2024,10:03:28,0.4,0.35,2976280,0.4,849640,0,2579920
FINNIFTY02JAN2420700PE.NFO,02/01/2024,10:03:30,0.4,0.35,2976320,0.4,847640,1800,2579920
FINNIFTY02JAN2420700PE.NFO,02/01/2024,10:03:31,0.4,0.35,2976320,0.4,847640,0,2579920
FINNIFTY02JAN2420700PE.NFO,02/01/2024,10:03:32,0.4,0.35,2976560,0.4,788400,0,2579920
FINNIFTY02JAN2420700PE.NFO,02/01/2024,10:03:33,0.4,0.35,2976560,0.4,753600,0,2579920
FINNIFTY02JAN2420700PE.NFO,02/01/2024,10:03:34,0.4,0.35,2976560,0.4,821760,520,2579920
FINNIFTY02JAN2420700PE.NFO,02/01/2024,10:03:35,0.4,0.35,2976560,0.4,749040,0,2579920
FINNIFTY02JAN2420700PE.NFO,02/01/2024,10:03:36,0.4,0.35,2976520,0.4,753120,0,2579920
FINNIFTY02JAN2420700PE.NFO,02/01/2024,10:03:37,0.35,0.35,2976520,0.4,847360,40,2579920
FINNIFTY02JAN2420700PE.NFO,02/01/2024,10:03:38,0.35,0.35,2976520,0.4,847360,0,2579920
FINNIFTY02JAN2420700PE.NFO,02/01/2024,10:03:40,0.35,0.35,2976520,0.4,847480,0,2579920
FINNIFTY02JAN2420700PE.NFO,02/01/2024,10:03:41,0.4,0.35,2976520,0.4,840080,7200,2579920
FINNIFTY02JAN2420700PE.NFO,02/01/2024,10:03:42,0.35,0.35,2976440,0.4,840280,40,2579920
FINNIFTY02JAN2420700PE.NFO,02/01/2024,10:03:43,0.35,0.35,2972840,0.4,840280,3640,2579920
FINNIFTY02JAN2420700PE.NFO,02/01/2024,10:03:44,0.35,0.35,2972480,0.4,840280,360,2579920
FINNIFTY02JAN2420700PE.NFO,02/01/2024,10:03:45,0.4,0.35,2972480,0.4,840080,200,2579920
FINNIFTY02JAN2420700PE.NFO,02/01/2024,10:03:49,0.35,0.35,2972240,0.4,840080,40,2579920
FINNIFTY02JAN2420700PE.NFO,02/01/2024,10:03:51,0.35,0.35,2972200,0.4,840080,40,2579920
FINNIFTY02JAN2420700PE.NFO,02/01/2024,10:03:52,0.35,0.35,2972160,0.4,840440,40,2579920
FINNIFTY02JAN2420700PE.NFO,02/01/2024,10:03:53,0.35,0.35,2972160,0.4,840440,0,2579920
FINNIFTY02JAN2420700PE.NFO,02/01/2024,10:03:55,0.35,0.35,2971920,0.4,840440,400,2579920
FINNIFTY02JAN2420700PE.NFO,02/01/2024,10:03:56,0.35,0.35,2971400,0.4,840440,560,2579920
FINNIFTY02JAN2420700PE.NFO,02/01/2024,10:03:57,0.35,0.35,2971400,0.4,840480,0,2579920
FINNIFTY02JAN2420700PE.NFO,02/01/2024,10:03:58,0.35,0.35,2970800,0.4,840480,400,2579920
FINNIFTY02JAN2420700PE.NFO,02/01/2024,10:03:59,0.35,0.35,2971000,0.4,784240,0,2579920
FINNIFTY02JAN2420700PE.NFO,02/01/2024,10:04:00,0.35,0.35,2969800,0.4,839480,920,2579920
FINNIFTY02JAN2420700PE.NFO,02/01/2024,10:04:01,0.35,0.35,2969240,0.4,846080,560,2579920
FINNIFTY02JAN2420700PE.NFO,02/01/2024,10:04:02,0.35,0.35,2969160,0.4,840800,80,2579920
FINNIFTY02JAN2420700PE.NFO,02/01/2024,10:04:03,0.35,0.35,2969120,0.4,816040,40,2579920
FINNIFTY02JAN2420700PE.NFO,02/01/2024,10:04:04,0.35,0.35,2968760,0.4,845640,400,2579920
FINNIFTY02JAN2420700PE.NFO,02/01/2024,10:04:05,0.35,0.35,2968680,0.4,846080,40,2579920
FINNIFTY02JAN2420700PE.NFO,02/01/2024,10:04:06,0.35,0.35,2968680,0.4,846080,0,2579920
FINNIFTY02JAN2420700PE.NFO,02/01/2024,10:04:08,0.35,0.35,2968680,0.4,848600,0,2579920
FINNIFTY02JAN2420700PE.NFO,02/01/2024,10:04:09,0.35,0.35,2968680,0.4,848600,40,2579920
FINNIFTY02JAN2420700PE.NFO,02/01/2024,10:04:10,0.4,0.35,2968600,0.4,848520,120,2579920
FINNIFTY02JAN2420700PE.NFO,02/01/2024,10:04:11,0.4,0.35,2968640,0.4,848520,0,2579920
FINNIFTY02JAN2420700PE.NFO,02/01/2024,10:04:12,0.35,0.35,2968520,0.4,848520,80,2579920
FINNIFTY02JAN2420700PE.NFO,02/01/2024,10:04:13,0.4,0.35,2968520,0.4,848040,480,2579920
FINNIFTY02JAN2420700PE.NFO,02/01/2024,10:04:15,0.4,0.35,2968560,0.4,848040,0,2579920
FINNIFTY02JAN2420700PE.NFO,02/01/2024,10:04:16,0.35,0.35,2968520,0.4,848040,40,2579920
FINNIFTY02JAN2420700PE.NFO,02/01/2024,10:04:17,0.35,0.35,2968120,0.4,848040,400,2579920
FINNIFTY02JAN2420700PE.NFO,02/01/2024,10:04:18,0.35,0.35,2966280,0.4,848040,1800,2579920
FINNIFTY02JAN2420700PE.NFO,02/01/2024,10:04:19,0.35,0.35,2965080,0.4,848040,1200,2579920
FINNIFTY02JAN2420700PE.NFO,02/01/2024,10:04:20,0.35,0.35,2964880,0.4,848080,200,2579920
FINNIFTY02JAN2420700PE.NFO,02/01/2024,10:04:21,0.35,0.35,2962240,0.4,848080,2640,2579920
FINNIFTY02JAN2420700PE.NFO,02/01/2024,10:04:23,0.35,0.35,2962240,0.4,848080,40,2579920
FINNIFTY02JAN2420700PE.NFO,02/01/2024,10:04:24,0.35,0.35,2962200,0.4,799560,0,2579920
FINNIFTY02JAN2420700PE.NFO,02/01/2024,10:04:25,0.35,0.35,2962200,0.4,792840,0,2579920
FINNIFTY02JAN2420700PE.NFO,02/01/2024,10:04:26,0.35,0.35,2961920,0.4,821760,320,2579920
FINNIFTY02JAN2420700PE.NFO,02/01/2024,10:04:27,0.35,0.35,2962120,0.4,848080,0,2579920
FINNIFTY02JAN2420700PE.NFO,02/01/2024,10:04:28,0.4,0.35,2961880,0.4,835200,240,2579920
FINNIFTY02JAN2420700PE.NFO,02/01/2024,10:04:29,0.4,0.35,2960680,0.4,809160,1200,2579920
FINNIFTY02JAN2420700PE.NFO,02/01/2024,10:04:30,0.4,0.35,2960680,0.4,809120,40,2579920
FINNIFTY02JAN2420700PE.NFO,02/01/2024,10:04:31,0.35,0.35,2960160,0.4,832520,520,2579920
FINNIFTY02JAN2420700PE.NFO,02/01/2024,10:04:32,0.35,0.35,2959680,0.4,832520,480,2579920
FINNIFTY02JAN2420700PE.NFO,02/01/2024,10:04:33,0.4,0.35,2958920,0.4,855560,800,2579920
FINNIFTY02JAN2420700PE.NFO,02/01/2024,10:04:35,0.35,0.35,2958880,0.4,855560,40,2579920
FINNIFTY02JAN2420700PE.NFO,02/01/2024,10:04:38,0.4,0.35,2958880,0.4,850960,2000,2579920
FINNIFTY02JAN2420700PE.NFO,02/01/2024,10:04:39,0.4,0.35,2955280,0.4,849960,7200,2579920
FINNIFTY02JAN2420700PE.NFO,02/01/2024,10:04:40,0.4,0.35,2953480,0.4,835760,16000,2579920
FINNIFTY02JAN2420700PE.NFO,02/01/2024,10:04:41,0.4,0.35,2951720,0.4,833160,4400,2579920
FINNIFTY02JAN2420700PE.NFO,02/01/2024,10:04:42,0.4,0.35,2951960,0.4,829560,3600,2579920
FINNIFTY02JAN2420700PE.NFO,02/01/2024,10:04:43,0.35,0.35,2951760,0.4,827640,1960,2579920
FINNIFTY02JAN2420700PE.NFO,02/01/2024,10:04:44,0.35,0.35,2951760,0.4,827640,0,2579920
FINNIFTY02JAN2420700PE.NFO,02/01/2024,10:04:45,0.35,0.35,2951400,0.4,774800,400,2579920
FINNIFTY02JAN2420700PE.NFO,02/01/2024,10:04:46,0.4,0.35,2951400,0.4,723880,160,2579920
FINNIFTY02JAN2420700PE.NFO,02/01/2024,10:04:47,0.4,0.35,2951360,0.4,810280,0,2579920
FINNIFTY02JAN2420700PE.NFO,02/01/2024,10:04:48,0.4,0.35,2951320,0.4,769480,880,2579920
FINNIFTY02JAN2420700PE.NFO,02/01/2024,10:04:49,0.35,0.35,2950920,0.4,790120,400,2579920
FINNIFTY02JAN2420700PE.NFO,02/01/2024,10:04:50,0.35,0.35,2950360,0.4,825000,520,2579920
FINNIFTY02JAN2420700PE.NFO,02/01/2024,10:04:51,0.4,0.35,2949960,0.4,827360,1120,2579920
FINNIFTY02JAN2420700PE.NFO,02/01/2024,10:04:52,0.4,0.35,2949960,0.4,825880,1440,2579920
FINNIFTY02JAN2420700PE.NFO,02/01/2024,10:04:53,0.4,0.35,2950000,0.4,821520,1440,2579920
FINNIFTY02JAN2420700PE.NFO,02/01/2024,10:04:54,0.4,0.35,2950000,0.4,817800,3240,2579920
FINNIFTY02JAN2420700PE.NFO,02/01/2024,10:04:55,0.35,0.35,2948960,0.4,819480,2480,2579920
FINNIFTY02JAN2420700PE.NFO,02/01/2024,10:04:56,0.35,0.35,2946440,0.4,818040,3920,2579920
FINNIFTY02JAN2420700PE.NFO,02/01/2024,10:04:57,0.35,0.35,2944440,0.4,826600,3440,2579920
FINNIFTY02JAN2420700PE.NFO,02/01/2024,10:04:58,0.4,0.35,2944440,0.4,802800,720,2579920
FINNIFTY02JAN2420700PE.NFO,02/01/2024,10:04:59,0.4,0.35,2944440,0.4,727560,1440,2579920
FINNIFTY02JAN2420700PE.NFO,02/01/2024,10:05:00,0.35,0.35,2943880,0.4,770600,1680,2579920
FINNIFTY02JAN2420700PE.NFO,02/01/2024,10:05:01,0.35,0.35,2943840,0.4,816320,40,2579920
FINNIFTY02JAN2420700PE.NFO,02/01/2024,10:05:02,0.35,0.35,2943840,0.4,782520,0,2579920
FINNIFTY02JAN2420700PE.NFO,02/01/2024,10:05:03,0.35,0.35,2941840,0.4,823200,1800,2579920
FINNIFTY02JAN2420700PE.NFO,02/01/2024,10:05:04,0.4,0.35,2942080,0.4,825040,80,2579920
FINNIFTY02JAN2420700PE.NFO,02/01/2024,10:05:05,0.4,0.35,2942080,0.4,824240,800,2579920
FINNIFTY02JAN2420700PE.NFO,02/01/2024,10:05:06,0.4,0.35,2942040,0.4,824240,0,2579920
FINNIFTY02JAN2420700PE.NFO,02/01/2024,10:05:07,0.4,0.35,2942040,0.4,716920,0,2579920
FINNIFTY02JAN2420700PE.NFO,02/01/2024,10:05:08,0.4,0.35,2942040,0.4,713240,800,2579920
FINNIFTY02JAN2420700PE.NFO,02/01/2024,10:05:09,0.4,0.35,2940520,0.4,735920,1680,2579920
FINNIFTY02JAN2420700PE.NFO,02/01/2024,10:05:10,0.4,0.35,2940520,0.4,737480,0,2579920
FINNIFTY02JAN2420700PE.NFO,02/01/2024,10:05:11,0.4,0.35,2940520,0.4,805440,0,2579920
FINNIFTY02JAN2420700PE.NFO,02/01/2024,10:05:12,0.35,0.35,2940240,0.4,774640,280,2579920
FINNIFTY02JAN2420700PE.NFO,02/01/2024,10:05:13,0.35,0.35,2940240,0.4,790640,0,2579920
FINNIFTY02JAN2420700PE.NFO,02/01/2024,10:05:14,0.35,0.35,2940280,0.4,762320,0,2579920
FINNIFTY02JAN2420700PE.NFO,02/01/2024,10:05:15,0.35,0.35,2940280,0.4,823800,0,2579920
FINNIFTY02JAN2420700PE.NFO,02/01/2024,10:05:16,0.35,0.35,2940280,0.4,824800,0,2579920
FINNIFTY02JAN2420700PE.NFO,02/01/2024,10:05:17,0.4,0.35,2939840,0.4,824760,440,2579920
FINNIFTY02JAN2420700PE.NFO,02/01/2024,10:05:20,0.4,0.35,2939840,0.4,824680,80,2579920
FINNIFTY02JAN2420700PE.NFO,02/01/2024,10:05:21,0.4,0.35,2939840,0.4,824680,0,2579920
FINNIFTY02JAN2420700PE.NFO,02/01/2024,10:05:22,0.4,0.35,2938040,0.4,824600,1880,2579920
FINNIFTY02JAN2420700PE.NFO,02/01/2024,10:05:24,0.4,0.35,2938040,0.4,822920,1680,2579920
FINNIFTY02JAN2420700PE.NFO,02/01/2024,10:05:25,0.35,0.35,2937240,0.4,822920,800,2579920
FINNIFTY02JAN2420700PE.NFO,02/01/2024,10:05:27,0.4,0.35,2937240,0.4,822880,40,2579920
FINNIFTY02JAN2420700PE.NFO,02/01/2024,10:05:28,0.35,0.35,2936640,0.4,822880,600,2579920
FINNIFTY02JAN2420700PE.NFO,02/01/2024,10:05:29,0.35,0.35,2936640,0.4,822880,0,2579920
FINNIFTY02JAN2420700PE.NFO,02/01/2024,10:05:31,0.35,0.35,2936640,0.4,823280,0,2579920
FINNIFTY02JAN2420700PE.NFO,02/01/2024,10:05:32,0.35,0.35,2936640,0.4,756480,0,2579920
FINNIFTY02JAN2420700PE.NFO,02/01/2024,10:05:34,0.35,0.35,2936640,0.4,771360,0,2579920
FINNIFTY02JAN2420700PE.NFO,02/01/2024,10:05:35,0.35,0.35,2936640,0.4,768120,0,2579920
FINNIFTY02JAN2420700PE.NFO,02/01/2024,10:05:36,0.35,0.35,2936680,0.4,820840,0,2579920
FINNIFTY02JAN2420700PE.NFO,02/01/2024,10:05:37,0.35,0.35,2936640,0.4,809360,0,2579920
FINNIFTY02JAN2420700PE.NFO,02/01/2024,10:05:38,0.35,0.35,2936640,0.4,836280,0,2579920
FINNIFTY02JAN2420700PE.NFO,02/01/2024,10:05:39,0.35,0.35,2936360,0.4,836280,280,2559920
FINNIFTY02JAN2420700PE.NFO,02/01/2024,10:05:40,0.4,0.35,2936360,0.4,715600,400,2559920
FINNIFTY02JAN2420700PE.NFO,02/01/2024,10:05:42,0.35,0.35,2936440,0.4,774320,80,2559920
FINNIFTY02JAN2420700PE.NFO,02/01/2024,10:05:43,0.35,0.35,2937360,0.4,835800,0,2559920
FINNIFTY02JAN2420700PE.NFO,02/01/2024,10:05:44,0.4,0.35,2937360,0.4,835400,400,2559920
FINNIFTY02JAN2420700PE.NFO,02/01/2024,10:05:49,0.4,0.35,2936080,0.4,835200,1240,2559920
FINNIFTY02JAN2420700PE.NFO,02/01/2024,10:05:50,0.4,0.35,2936320,0.4,835200,0,2559920
FINNIFTY02JAN2420700PE.NFO,02/01/2024,10:05:52,0.4,0.35,2936320,0.4,834800,400,2559920
FINNIFTY02JAN2420700PE.NFO,02/01/2024,10:05:53,0.4,0.35,2936320,0.4,834520,80,2559920
FINNIFTY02JAN2420700PE.NFO,02/01/2024,10:05:54,0.4,0.35,2936320,0.4,834440,80,2559920
FINNIFTY02JAN2420700PE.NFO,02/01/2024,10:05:55,0.4,0.35,2936120,0.4,835000,240,2559920
FINNIFTY02JAN2420700PE.NFO,02/01/2024,10:05:57,0.4,0.35,2936120,0.4,759000,0,2559920
FINNIFTY02JAN2420700PE.NFO,02/01/2024,10:05:58,0.35,0.35,2935280,0.4,747960,600,2559920
FINNIFTY02JAN2420700PE.NFO,02/01/2024,10:05:59,0.35,0.35,2935280,0.4,762120,0,2559920
FINNIFTY02JAN2420700PE.NFO,02/01/2024,10:06:00,0.4,0.35,2935280,0.4,759800,880,2559920
FINNIFTY02JAN2420700PE.NFO,02/01/2024,10:06:01,0.4,0.35,2938400,0.4,735120,7040,2559920
FINNIFTY02JAN2420700PE.NFO,02/01/2024,10:06:02,0.4,0.35,2938400,0.4,782960,0,2559920
FINNIFTY02JAN2420700PE.NFO,02/01/2024,10:06:06,0.4,0.35,2935280,0.4,823440,3120,2559920
FINNIFTY02JAN2420700PE.NFO,02/01/2024,10:06:07,0.4,0.35,2935280,0.4,823640,0,2559920
FINNIFTY02JAN2420700PE.NFO,02/01/2024,10:06:09,0.35,0.35,2935000,0.4,824200,280,2559920
FINNIFTY02JAN2420700PE.NFO,02/01/2024,10:06:10,0.35,0.35,2935000,0.4,823320,0,2559920
FINNIFTY02JAN2420700PE.NFO,02/01/2024,10:06:11,0.4,0.35,2935000,0.4,822720,600,2559920
FINNIFTY02JAN2420700PE.NFO,02/01/2024,10:06:12,0.35,0.35,2935640,0.4,820200,2760,2559920
FINNIFTY02JAN2420700PE.NFO,02/01/2024,10:06:13,0.4,0.35,2935640,0.4,820080,120,2559920
FINNIFTY02JAN2420700PE.NFO,02/01/2024,10:06:15,0.35,0.35,2934720,0.4,820080,40,2559920
FINNIFTY02JAN2420700PE.NFO,02/01/2024,10:06:17,0.35,0.35,2935600,0.4,820080,0,2559920
FINNIFTY02JAN2420700PE.NFO,02/01/2024,10:06:18,0.35,0.35,2934720,0.4,820080,0,2559920
FINNIFTY02JAN2420700PE.NFO,02/01/2024,10:06:19,0.4,0.35,2936520,0.4,820760,120,2559920
FINNIFTY02JAN2420700PE.NFO,02/01/2024,10:06:20,0.4,0.35,2939200,0.4,820760,0,2559920
FINNIFTY02JAN2420700PE.NFO,02/01/2024,10:06:21,0.4,0.35,2938320,0.4,820760,0,2559920
FINNIFTY02JAN2420700PE.NFO,02/01/2024,10:06:23,0.4,0.35,2938320,0.4,817560,3000,2559920
FINNIFTY02JAN2420700PE.NFO,02/01/2024,10:06:24,0.4,0.35,2938320,0.4,817480,80,2559920
FINNIFTY02JAN2420700PE.NFO,02/01/2024,10:06:25,0.4,0.35,2938320,0.4,815600,1880,2559920
FINNIFTY02JAN2420700PE.NFO,02/01/2024,10:06:26,0.4,0.35,2939200,0.4,815800,0,2559920
FINNIFTY02JAN2420700PE.NFO,02/01/2024,10:06:27,0.4,0.35,2939200,0.4,812360,3440,2559920
FINNIFTY02JAN2420700PE.NFO,02/01/2024,10:06:29,0.4,0.35,2939200,0.4,808760,0,2559920
FINNIFTY02JAN2420700PE.NFO,02/01/2024,10:06:30,0.4,0.35,2938320,0.4,801520,40,2559920
FINNIFTY02JAN2420700PE.NFO,02/01/2024,10:06:31,0.35,0.35,2937520,0.4,782280,800,2559920
FINNIFTY02JAN2420700PE.NFO,02/01/2024,10:06:32,0.4,0.35,2937520,0.4,771480,880,2559920
FINNIFTY02JAN2420700PE.NFO,02/01/2024,10:06:33,0.4,0.35,2937520,0.4,748080,0,2559920
FINNIFTY02JAN2420700PE.NFO,02/01/2024,10:06:34,0.4,0.35,2937760,0.4,737280,0,2559920
FINNIFTY02JAN2420700PE.NFO,02/01/2024,10:06:35,0.35,0.35,2937600,0.4,735400,240,2559920
FINNIFTY02JAN2420700PE.NFO,02/01/2024,10:06:36,0.4,0.35,2937600,0.4,726200,9000,2559920
FINNIFTY02JAN2420700PE.NFO,02/01/2024,10:06:37,0.4,0.35,2937360,0.4,726120,80,2559920
FINNIFTY02JAN2420700PE.NFO,02/01/2024,10:06:38,0.4,0.35,2937360,0.4,726080,40,2559920
FINNIFTY02JAN2420700PE.NFO,02/01/2024,10:06:39,0.4,0.35,2937360,0.4,634800,0,2559920
FINNIFTY02JAN2420700PE.NFO,02/01/2024,10:06:41,0.4,0.35,2937360,0.4,667320,0,2559920
FINNIFTY02JAN2420700PE.NFO,02/01/2024,10:06:42,0.4,0.35,2937360,0.4,650480,1400,2559920
FINNIFTY02JAN2420700PE.NFO,02/01/2024,10:06:43,0.4,0.35,2937360,0.4,723080,0,2559920
FINNIFTY02JAN2420700PE.NFO,02/01/2024,10:06:47,0.4,0.35,2937360,0.4,724240,600,2559920
FINNIFTY02JAN2420700PE.NFO,02/01/2024,10:06:49,0.4,0.35,2937360,0.4,723640,600,2559920
FINNIFTY02JAN2420700PE.NFO,02/01/2024,10:06:52,0.4,0.35,2937360,0.4,723720,0,2559920
FINNIFTY02JAN2420700PE.NFO,02/01/2024,10:06:54,0.4,0.35,2937600,0.4,723360,0,2559920
FINNIFTY02JAN2420700PE.NFO,02/01/2024,10:06:55,0.4,0.35,2937360,0.4,723360,0,2559920
FINNIFTY02JAN2420700PE.NFO,02/01/2024,10:06:58,0.35,0.35,2937240,0.4,723360,120,2559920
FINNIFTY02JAN2420700PE.NFO,02/01/2024,10:06:59,0.35,0.35,2937240,0.4,714480,0,2559920
FINNIFTY02JAN2420700PE.NFO,02/01/2024,10:07:00,0.35,0.35,2937240,0.4,647360,0,2559920
FINNIFTY02JAN2420700PE.NFO,02/01/2024,10:07:01,0.4,0.35,2937240,0.4,722320,80,2559920
FINNIFTY02JAN2420700PE.NFO,02/01/2024,10:07:02,0.4,0.35,2937240,0.4,635600,0,2559920
FINNIFTY02JAN2420700PE.NFO,02/01/2024,10:07:03,0.4,0.35,2937240,0.4,664240,1800,2559920
FINNIFTY02JAN2420700PE.NFO,02/01/2024,10:07:04,0.4,0.35,2937240,0.4,647880,200,2559920
FINNIFTY02JAN2420700PE.NFO,02/01/2024,10:07:05,0.4,0.35,2937240,0.4,720280,0,2559920
FINNIFTY02JAN2420700PE.NFO,02/01/2024,10:07:07,0.4,0.35,2938120,0.4,720160,40,2559920
FINNIFTY02JAN2420700PE.NFO,02/01/2024,10:07:09,0.4,0.35,2938120,0.4,720360,0,2559920
FINNIFTY02JAN2420700PE.NFO,02/01/2024,10:07:12,0.4,0.35,2934760,0.4,720360,0,2559920
FINNIFTY02JAN2420700PE.NFO,02/01/2024,10:07:15,0.4,0.35,2937240,0.4,720360,0,2559920
FINNIFTY02JAN2420700PE.NFO,02/01/2024,10:07:17,0.4,0.35,2937240,0.4,721600,0,2559920
FINNIFTY02JAN2420700PE.NFO,02/01/2024,10:07:18,0.4,0.35,2937240,0.4,699120,0,2559920
FINNIFTY02JAN2420700PE.NFO,02/01/2024,10:07:19,0.4,0.35,2937240,0.4,703120,0,2559920
FINNIFTY02JAN2420700PE.NFO,02/01/2024,10:07:21,0.4,0.35,2937160,0.4,710240,160,2559920
FINNIFTY02JAN2420700PE.NFO,02/01/2024,10:07:22,0.4,0.35,2937160,0.4,710320,0,2559920
FINNIFTY02JAN2420700PE.NFO,02/01/2024,10:07:23,0.4,0.35,2936760,0.4,654440,40,2559920
FINNIFTY02JAN2420700PE.NFO,02/01/2024,10:07:24,0.4,0.35,2936760,0.4,647240,0,2559920
FINNIFTY02JAN2420700PE.NFO,02/01/2024,10:07:25,0.4,0.35,2936760,0.4,684560,0,2559920
FINNIFTY02JAN2420700PE.NFO,02/01/2024,10:07:30,0.4,0.35,2937160,0.4,708280,40,2559920
FINNIFTY02JAN2420700PE.NFO,02/01/2024,10:07:37,0.35,0.35,2937040,0.4,726080,120,2559920
FINNIFTY02JAN2420700PE.NFO,02/01/2024,10:07:48,0.35,0.35,2936720,0.4,725360,320,2559920
FINNIFTY02JAN2420700PE.NFO,02/01/2024,10:07:58,0.4,0.35,2933120,0.4,726240,80,2559920
FINNIFTY02JAN2420700PE.NFO,02/01/2024,10:08:08,0.35,0.35,2931320,0.4,734640,2280,2559920
FINNIFTY02JAN2420700PE.NFO,02/01/2024,10:08:18,0.35,0.35,2930240,0.4,734760,2000,2559920
FINNIFTY02JAN2420700PE.NFO,02/01/2024,10:08:28,0.35,0.35,2928360,0.4,736240,4000,2559920
FINNIFTY02JAN2420700PE.NFO,02/01/2024,10:08:38,0.35,0.35,2927560,0.4,651400,800,2559920
FINNIFTY02JAN2420700PE.NFO,02/01/2024,10:08:48,0.4,0.35,2926240,0.4,740200,920,2554120
FINNIFTY02JAN2420700PE.NFO,02/01/2024,10:08:58,0.4,0.35,2926240,0.4,740480,120,2554120
FINNIFTY02JAN2420700PE.NFO,02/01/2024,10:09:08,0.35,0.35,2927000,0.4,747320,120,2554120
FINNIFTY02JAN2420700PE.NFO,02/01/2024,10:09:18,0.4,0.35,2926000,0.4,747480,3920,2554120
FINNIFTY02JAN2420700PE.NFO,02/01/2024,10:09:28,0.35,0.35,2925360,0.4,752880,640,2554120
FINNIFTY02JAN2420700PE.NFO,02/01/2024,10:09:37,0.35,0.35,2924960,0.4,752680,440,2554120
FINNIFTY02JAN2420700PE.NFO,02/01/2024,10:09:47,0.35,0.35,2925600,0.4,756040,5000,2554120
FINNIFTY02JAN2420700PE.NFO,02/01/2024,10:09:57,0.4,0.35,2925600,0.4,770400,40,2554120
FINNIFTY02JAN2420700PE.NFO,02/01/2024,10:10:07,0.4,0.35,2925520,0.4,768320,2200,2554120
FINNIFTY02JAN2420700PE.NFO,02/01/2024,10:10:17,0.35,0.35,2925480,0.4,769720,80,2554120
FINNIFTY02JAN2420700PE.NFO,02/01/2024,10:10:27,0.35,0.35,2923040,0.4,753680,3320,2554120
FINNIFTY02JAN2420700PE.NFO,02/01/2024,10:10:37,0.35,0.35,2917160,0.4,754080,5400,2554120
FINNIFTY02JAN2420700PE.NFO,02/01/2024,10:10:47,0.35,0.35,2914360,0.4,748040,8800,2554120
FINNIFTY02JAN2420700PE.NFO,02/01/2024,10:10:57,0.35,0.35,2913480,0.4,754760,1320,2554120
FINNIFTY02JAN2420700PE.NFO,02/01/2024,10:11:06,0.4,0.35,2913280,0.4,745400,5480,2554120
FINNIFTY02JAN2420700PE.NFO,02/01/2024,10:11:16,0.35,0.35,2913160,0.4,751800,6000,2554120
FINNIFTY02JAN2420700PE.NFO,02/01/2024,10:11:26,0.4,0.35,2913160,0.4,740080,3480,2554120
FINNIFTY02JAN2420700PE.NFO,02/01/2024,10:11:36,0.4,0.35,2913160,0.4,726000,1240,2554120
FINNIFTY02JAN2420700PE.NFO,02/01/2024,10:11:45,0.35,0.35,2912200,0.4,657280,5600,2554480
FINNIFTY02JAN2420700PE.NFO,02/01/2024,10:11:54,0.4,0.35,2912360,0.4,756440,160,2554480
FINNIFTY02JAN2420700PE.NFO,02/01/2024,10:12:13,0.4,0.35,2915400,0.4,745320,200,2554480
FINNIFTY02JAN2420700PE.NFO,02/01/2024,10:12:23,0.4,0.35,2915400,0.4,724560,8280,2554480
FINNIFTY02JAN2420700PE.NFO,02/01/2024,10:12:32,0.4,0.35,2915400,0.4,748640,2200,2554480
FINNIFTY02JAN2420700PE.NFO,02/01/2024,10:12:43,0.4,0.35,2915640,0.4,730400,9240,2554480
FINNIFTY02JAN2420700PE.NFO,02/01/2024,10:12:54,0.4,0.35,2915640,0.4,739080,320,2554480
FINNIFTY02JAN2420700PE.NFO,02/01/2024,10:13:04,0.4,0.35,2915640,0.4,736680,2400,2554480
FINNIFTY02JAN2420700PE.NFO,02/01/2024,10:13:15,0.4,0.35,2915640,0.4,730520,7040,2554480
FINNIFTY02JAN2420700PE.NFO,02/01/2024,10:13:24,0.4,0.35,2915920,0.4,666560,400,2554480
FINNIFTY02JAN2420700PE.NFO,02/01/2024,10:13:34,0.4,0.35,3014160,0.4,687600,45000,2554480
FINNIFTY02JAN2420700PE.NFO,02/01/2024,10:13:44,0.4,0.35,3012480,0.4,668640,11080,2554480
FINNIFTY02JAN2420700PE.NFO,02/01/2024,10:13:54,0.4,0.35,3013360,0.4,677640,0,2554480
FINNIFTY02JAN2420700PE.NFO,02/01/2024,10:14:04,0.4,0.35,3013120,0.4,665000,3160,2554480
FINNIFTY02JAN2420700PE.NFO,02/01/2024,10:14:15,0.35,0.35,3013200,0.4,669480,5160,2554480
FINNIFTY02JAN2420700PE.NFO,02/01/2024,10:14:24,0.35,0.35,3010880,0.4,632400,40360,2554480
FINNIFTY02JAN2420700PE.NFO,02/01/2024,10:14:34,0.35,0.35,3009840,0.4,629560,4280,2554480
FINNIFTY02JAN2420700PE.NFO,02/01/2024,10:14:45,0.35,0.35,3009720,0.4,629160,520,2509040
FINNIFTY02JAN2420700PE.NFO,02/01/2024,10:14:55,0.35,0.35,3009680,0.4,628440,760,2509040
FINNIFTY02JAN2420700PE.NFO,02/01/2024,10:15:04,0.4,0.35,3009280,0.4,621480,560,2509040
FINNIFTY02JAN2420700PE.NFO,02/01/2024,10:15:14,0.4,0.35,3009360,0.4,629000,80,2509040
FINNIFTY02JAN2420700PE.NFO,02/01/2024,10:15:25,0.4,0.35,3008760,0.4,625480,1240,2509040
FINNIFTY02JAN2420700PE.NFO,02/01/2024,10:15:34,0.4,0.35,3008760,0.4,636840,160,2509040
FINNIFTY02JAN2420700PE.NFO,02/01/2024,10:15:44,0.4,0.35,3008680,0.4,672360,480,2509040
FINNIFTY02JAN2420700PE.NFO,02/01/2024,10:15:53,0.4,0.35,3007840,0.4,668280,4120,2509040
FINNIFTY02JAN2420700PE.NFO,02/01/2024,10:16:03,0.4,0.35,3007760,0.4,655360,4000,2509040
FINNIFTY02JAN2420700PE.NFO,02/01/2024,10:16:13,0.4,0.35,3008160,0.4,650680,4280,2509040
FINNIFTY02JAN2420700PE.NFO,02/01/2024,10:16:24,0.4,0.35,3008360,0.4,646400,4320,2509040
FINNIFTY02JAN2420700PE.NFO,02/01/2024,10:16:33,0.4,0.35,3008520,0.4,644960,3040,2509040
FINNIFTY02JAN2420700PE.NFO,02/01/2024,10:16:43,0.4,0.35,3008160,0.4,644640,4880,2509040
FINNIFTY02JAN2420700PE.NFO,02/01/2024,10:16:53,0.4,0.35,3007520,0.4,640560,3920,2509040
FINNIFTY02JAN2420700PE.NFO,02/01/2024,10:17:02,0.4,0.35,3007520,0.4,696640,3120,2509040
FINNIFTY02JAN2420700PE.NFO,02/01/2024,10:17:12,0.4,0.35,3007520,0.4,656800,22320,2509040
FINNIFTY02JAN2420700PE.NFO,02/01/2024,10:17:22,0.35,0.35,3007240,0.4,652280,6000,2509040
FINNIFTY02JAN2420700PE.NFO,02/01/2024,10:17:32,0.4,0.4,677360,0.45,173080,539080,2509040
FINNIFTY02JAN2420700PE.NFO,02/01/2024,10:17:42,0.4,0.4,399440,0.45,523120,79560,2603800
FINNIFTY02JAN2420700PE.NFO,02/01/2024,10:17:52,0.4,0.35,1485720,0.4,647920,269480,2603800
FINNIFTY02JAN2420700PE.NFO,02/01/2024,10:18:01,0.35,0.35,1485400,0.4,656440,7240,2603800
FINNIFTY02JAN2420700PE.NFO,02/01/2024,10:18:10,0.35,0.35,1473760,0.4,694920,1960,2603800
FINNIFTY02JAN2420700PE.NFO,02/01/2024,10:18:20,0.35,0.35,1481840,0.4,696080,1480,2603800
FINNIFTY02JAN2420700PE.NFO,02/01/2024,10:18:30,0.35,0.35,1481400,0.4,709440,3440,2603800
FINNIFTY02JAN2420700PE.NFO,02/01/2024,10:18:31,0.35,0.35,1480600,0.4,709440,800,2603800
FINNIFTY02JAN2420700PE.NFO,02/01/2024,10:18:33,0.4,0.35,1480520,0.4,708880,80,2603800
FINNIFTY02JAN2420700PE.NFO,02/01/2024,10:18:34,0.35,0.35,1478600,0.4,709360,2000,2603800
FINNIFTY02JAN2420700PE.NFO,02/01/2024,10:18:35,0.4,0.35,1478600,0.4,708160,1200,2603800
FINNIFTY02JAN2420700PE.NFO,02/01/2024,10:18:37,0.4,0.35,1479400,0.4,708560,80,2603800
FINNIFTY02JAN2420700PE.NFO,02/01/2024,10:18:38,0.35,0.35,1479080,0.4,709040,400,2603800
FINNIFTY02JAN2420700PE.NFO,02/01/2024,10:18:39,0.35,0.35,1478560,0.4,708960,680,2603800
FINNIFTY02JAN2420700PE.NFO,02/01/2024,10:18:40,0.35,0.35,1478360,0.4,708880,280,2603800
FINNIFTY02JAN2420700PE.NFO,02/01/2024,10:18:41,0.4,0.35,1478280,0.4,708800,80,2603800
FINNIFTY02JAN2420700PE.NFO,02/01/2024,10:18:42,0.35,0.35,1478480,0.4,708800,400,2603800
FINNIFTY02JAN2420700PE.NFO,02/01/2024,10:18:43,0.35,0.35,1478280,0.4,708720,280,2603800
FINNIFTY02JAN2420700PE.NFO,02/01/2024,10:18:44,0.4,0.35,1478200,0.4,708640,80,2603800
FINNIFTY02JAN2420700PE.NFO,02/01/2024,10:18:45,0.35,0.35,1478080,0.4,694240,200,2603800
FINNIFTY02JAN2420700PE.NFO,02/01/2024,10:18:46,0.35,0.35,1477280,0.4,694640,880,2603800
FINNIFTY02JAN2420700PE.NFO,02/01/2024,10:18:47,0.35,0.35,1477160,0.4,694560,280,2603800
FINNIFTY02JAN2420700PE.NFO,02/01/2024,10:18:48,0.4,0.35,1477080,0.4,694480,80,2603800
FINNIFTY02JAN2420700PE.NFO,02/01/2024,10:18:50,0.4,0.35,1477160,0.4,693920,80,2603800
FINNIFTY02JAN2420700PE.NFO,02/01/2024,10:18:51,0.4,0.35,1477160,0.4,693840,80,2603800
FINNIFTY02JAN2420700PE.NFO,02/01/2024,10:18:52,0.4,0.35,1477080,0.4,693760,80,2603800
FINNIFTY02JAN2420700PE.NFO,02/01/2024,10:18:54,0.4,0.35,1477160,0.4,694160,80,2603800
FINNIFTY02JAN2420700PE.NFO,02/01/2024,10:18:55,0.4,0.35,1477240,0.4,694080,80,2603800
FINNIFTY02JAN2420700PE.NFO,02/01/2024,10:18:56,0.4,0.35,1477240,0.4,694000,80,2603800
FINNIFTY02JAN2420700PE.NFO,02/01/2024,10:18:57,0.4,0.35,1477160,0.4,693920,80,2603800
FINNIFTY02JAN2420700PE.NFO,02/01/2024,10:18:59,0.4,0.35,1477240,0.4,693840,80,2603800
FINNIFTY02JAN2420700PE.NFO,02/01/2024,10:19:00,0.4,0.35,1477160,0.4,694120,80,2603800
FINNIFTY02JAN2420700PE.NFO,02/01/2024,10:19:01,0.4,0.35,1478040,0.4,686240,320,2603800
FINNIFTY02JAN2420700PE.NFO,02/01/2024,10:19:02,0.4,0.35,1478040,0.4,693120,320,2603800
FINNIFTY02JAN2420700PE.NFO,02/01/2024,10:19:03,0.4,0.35,1478040,0.4,692800,320,2603800
FINNIFTY02JAN2420700PE.NFO,02/01/2024,10:19:04,0.4,0.35,1478040,0.4,692480,320,2603800
FINNIFTY02JAN2420700PE.NFO,02/01/2024,10:19:05,0.4,0.35,1478040,0.4,692120,360,2603800
FINNIFTY02JAN2420700PE.NFO,02/01/2024,10:19:06,0.4,0.35,1478040,0.4,691800,320,2603800
FINNIFTY02JAN2420700PE.NFO,02/01/2024,10:19:07,0.4,0.35,1478040,0.4,691440,360,2603800
FINNIFTY02JAN2420700PE.NFO,02/01/2024,10:19:08,0.4,0.35,1478080,0.4,680320,320,2603800
FINNIFTY02JAN2420700PE.NFO,02/01/2024,10:19:09,0.4,0.35,1478120,0.4,676400,320,2603800
FINNIFTY02JAN2420700PE.NFO,02/01/2024,10:19:10,0.4,0.35,1478080,0.4,676040,360,2603800
FINNIFTY02JAN2420700PE.NFO,02/01/2024,10:19:11,0.4,0.35,1478120,0.4,675640,400,2603800
FINNIFTY02JAN2420700PE.NFO,02/01/2024,10:19:12,0.4,0.35,1478080,0.4,675280,360,2603800
FINNIFTY02JAN2420700PE.NFO,02/01/2024,10:19:13,0.4,0.35,1478160,0.4,682600,320,2603800
FINNIFTY02JAN2420700PE.NFO,02/01/2024,10:19:14,0.4,0.35,1478360,0.4,680440,2160,2603800
FINNIFTY02JAN2420700PE.NFO,02/01/2024,10:19:15,0.4,0.35,1478520,0.4,524160,680,2603800
FINNIFTY02JAN2420700PE.NFO,02/01/2024,10:19:16,0.4,0.35,1479800,0.4,491400,2160,2603800
FINNIFTY02JAN2420700PE.NFO,02/01/2024,10:19:17,0.4,0.35,1431360,0.4,93080,390400,2603800
FINNIFTY02JAN2420700PE.NFO,02/01/2024,10:19:18,0.4,0.35,1423040,0.4,58240,49960,2603800
FINNIFTY02JAN2420700PE.NFO,02/01/2024,10:19:19,0.4,0.35,1437400,0.4,93880,61200,2603800
FINNIFTY02JAN2420700PE.NFO,02/01/2024,10:19:20,0.4,0.4,294320,0.45,411680,84680,2603800
FINNIFTY02JAN2420700PE.NFO,02/01/2024,10:19:21,0.4,0.4,297040,0.45,425320,80,2603800
FINNIFTY02JAN2420700PE.NFO,02/01/2024,10:19:22,0.45,0.4,297040,0.45,473880,80,2603800
FINNIFTY02JAN2420700PE.NFO,02/01/2024,10:19:23,0.45,0.4,297040,0.45,488280,0,2603800
FINNIFTY02JAN2420700PE.NFO,02/01/2024,10:19:24,0.45,0.4,297040,0.45,506280,0,2603800
FINNIFTY02JAN2420700PE.NFO,02/01/2024,10:19:25,0.45,0.4,122520,0.45,521080,0,2603800
FINNIFTY02JAN2420700PE.NFO,02/01/2024,10:19:26,0.45,0.4,142320,0.45,524640,40,2603800
FINNIFTY02JAN2420700PE.NFO,02/01/2024,10:19:27,0.4,0.4,133200,0.45,502160,48600,2603800
FINNIFTY02JAN2420700PE.NFO,02/01/2024,10:19:28,0.4,0.4,131400,0.45,501760,0,2603800
FINNIFTY02JAN2420700PE.NFO,02/01/2024,10:19:36,0.45,0.4,134480,0.45,501160,200,2603800
FINNIFTY02JAN2420700PE.NFO,02/01/2024,10:19:46,0.4,0.35,1407280,0.4,523800,96320,2603800
FINNIFTY02JAN2420700PE.NFO,02/01/2024,10:19:55,0.35,0.35,1402960,0.4,538200,1200,2603800
FINNIFTY02JAN2420700PE.NFO,02/01/2024,10:20:04,0.4,0.35,1407360,0.4,537400,3000,2603800
FINNIFTY02JAN2420700PE.NFO,02/01/2024,10:20:14,0.4,0.35,1408320,0.4,539920,200,2603800
FINNIFTY02JAN2420700PE.NFO,02/01/2024,10:20:24,0.4,0.35,1408320,0.4,541320,400,2603800
FINNIFTY02JAN2420700PE.NFO,02/01/2024,10:20:33,0.4,0.35,1407760,0.4,539320,1200,2603800
FINNIFTY02JAN2420700PE.NFO,02/01/2024,10:20:43,0.35,0.35,1405000,0.4,541920,2200,2616720
FINNIFTY02JAN2420700PE.NFO,02/01/2024,10:20:53,0.4,0.35,1407200,0.4,540640,1000,2616720
FINNIFTY02JAN2420700PE.NFO,02/01/2024,10:21:03,0.4,0.35,1407200,0.4,542440,0,2616720
FINNIFTY02JAN2420700PE.NFO,02/01/2024,10:21:12,0.35,0.35,1407040,0.4,542040,160,2616720
FINNIFTY02JAN2420700PE.NFO,02/01/2024,10:21:22,0.35,0.35,1406800,0.4,545320,240,2616720
FINNIFTY02JAN2420700PE.NFO,02/01/2024,10:21:32,0.4,0.35,1401800,0.4,547280,8200,2616720
FINNIFTY02JAN2420700PE.NFO,02/01/2024,10:21:42,0.35,0.35,1401600,0.4,552160,240,2616720
FINNIFTY02JAN2420700PE.NFO,02/01/2024,10:21:52,0.35,0.35,169840,0.4,519840,26200,2616720
FINNIFTY02JAN2420700PE.NFO,02/01/2024,10:22:02,0.35,0.35,251240,0.4,597640,5560,2616720
FINNIFTY02JAN2420700PE.NFO,02/01/2024,10:22:11,0.4,0.35,255560,0.4,734120,11600,2616720
FINNIFTY02JAN2420700PE.NFO,02/01/2024,10:22:21,0.4,0.35,294600,0.4,737080,4680,2616720
FINNIFTY02JAN2420700PE.NFO,02/01/2024,10:22:31,0.35,0.35,237840,0.4,738040,6800,2616720
FINNIFTY02JAN2420700PE.NFO,02/01/2024,10:22:41,0.35,0.35,173800,0.4,739560,8560,2616720
FINNIFTY02JAN2420700PE.NFO,02/01/2024,10:22:51,0.35,0.35,435240,0.4,738680,10200,2616720
FINNIFTY02JAN2420700PE.NFO,02/01/2024,10:23:01,0.35,0.35,433440,0.4,767960,3600,2616720
FINNIFTY02JAN2420700PE.NFO,02/01/2024,10:23:11,0.35,0.35,419720,0.4,774000,6200,2616720
FINNIFTY02JAN2420700PE.NFO,02/01/2024,10:23:21,0.35,0.35,415760,0.4,774000,1800,2616720
FINNIFTY02JAN2420700PE.NFO,02/01/2024,10:23:31,0.35,0.35,421520,0.4,652600,400,2616720
FINNIFTY02JAN2420700PE.NFO,02/01/2024,10:23:42,0.35,0.35,421520,0.4,654240,1960,2638280
FINNIFTY02JAN2420700PE.NFO,02/01/2024,10:23:52,0.35,0.35,418440,0.4,657160,4120,2638280
FINNIFTY02JAN2420700PE.NFO,02/01/2024,10:24:02,0.35,0.35,408320,0.4,668960,10760,2638280
FINNIFTY02JAN2420700PE.NFO,02/01/2024,10:24:12,0.35,0.35,410120,0.4,671200,0,2638280
FINNIFTY02JAN2420700PE.NFO,02/01/2024,10:24:22,0.35,0.35,410120,0.4,670840,0,2638280
FINNIFTY02JAN2420700PE.NFO,02/01/2024,10:24:32,0.4,0.35,404320,0.4,671000,200,2638280
FINNIFTY02JAN2420700PE.NFO,02/01/2024,10:24:52,0.4,0.35,406120,0.4,670640,0,2638280
FINNIFTY02JAN2420700PE.NFO,02/01/2024,10:25:04,0.4,0.35,406120,0.4,672440,0,2638280
FINNIFTY02JAN2420700PE.NFO,02/01/2024,10:25:16,0.4,0.35,406120,0.4,673680,200,2638280
FINNIFTY02JAN2420700PE.NFO,02/01/2024,10:25:37,0.35,0.35,403720,0.4,673680,600,2638280
FINNIFTY02JAN2420700PE.NFO,02/01/2024,10:25:47,0.4,0.35,407640,0.4,669800,8080,2638280
FINNIFTY02JAN2420700PE.NFO,02/01/2024,10:25:57,0.4,0.35,429200,0.4,668400,5320,2638280
FINNIFTY02JAN2420700PE.NFO,02/01/2024,10:26:08,0.4,0.35,434520,0.4,667640,3760,2638280
FINNIFTY02JAN2420700PE.NFO,02/01/2024,10:26:19,0.4,0.35,441520,0.4,666960,40,2638280
FINNIFTY02JAN2420700PE.NFO,02/01/2024,10:26:31,0.4,0.35,441520,0.4,667240,1960,2638280
FINNIFTY02JAN2420700PE.NFO,02/01/2024,10:26:42,0.4,0.35,441760,0.4,666600,1520,2649560
FINNIFTY02JAN2420700PE.NFO,02/01/2024,10:26:54,0.4,0.35,441760,0.4,666760,240,2649560
FINNIFTY02JAN2420700PE.NFO,02/01/2024,10:27:05,0.35,0.35,440840,0.4,645160,920,2649560
FINNIFTY02JAN2420700PE.NFO,02/01/2024,10:27:16,0.35,0.35,438680,0.4,652360,2160,2649560
FINNIFTY02JAN2420700PE.NFO,02/01/2024,10:27:27,0.35,0.35,437720,0.4,657320,960,2649560
FINNIFTY02JAN2420700PE.NFO,02/01/2024,10:27:37,0.4,0.35,436680,0.4,657240,80,2649560
FINNIFTY02JAN2420700PE.NFO,02/01/2024,10:27:47,0.4,0.35,409120,0.4,656360,0,2649560
FINNIFTY02JAN2420700PE.NFO,02/01/2024,10:27:58,0.4,0.35,408720,0.4,657640,0,2649560
FINNIFTY02JAN2420700PE.NFO,02/01/2024,10:28:08,0.4,0.35,408720,0.4,657920,80,2649560
FINNIFTY02JAN2420700PE.NFO,02/01/2024,10:28:19,0.4,0.35,408480,0.4,657920,0,2649560
FINNIFTY02JAN2420700PE.NFO,02/01/2024,10:28:29,0.35,0.35,408120,0.4,657920,600,2649560
FINNIFTY02JAN2420700PE.NFO,02/01/2024,10:28:39,0.35,0.35,404520,0.4,656560,2800,2649560
FINNIFTY02JAN2420700PE.NFO,02/01/2024,10:28:48,0.35,0.35,406680,0.4,656560,0,2649560
FINNIFTY02JAN2420700PE.NFO,02/01/2024,10:28:58,0.4,0.35,406640,0.4,656360,240,2649560
FINNIFTY02JAN2420700PE.NFO,02/01/2024,10:29:09,0.4,0.35,407080,0.4,656440,1080,2649560
FINNIFTY02JAN2420700PE.NFO,02/01/2024,10:29:18,0.4,0.35,406480,0.4,657280,0,2649560
FINNIFTY02JAN2420700PE.NFO,02/01/2024,10:29:28,0.4,0.35,421760,0.4,649840,240,2649560
FINNIFTY02JAN2420700PE.NFO,02/01/2024,10:29:38,0.4,0.35,420880,0.4,649480,0,2649560
FINNIFTY02JAN2420700PE.NFO,02/01/2024,10:29:59,0.35,0.35,420760,0.4,655440,120,2653480
FINNIFTY02JAN2420700PE.NFO,02/01/2024,10:30:11,0.35,0.35,420440,0.4,655680,200,2653480
FINNIFTY02JAN2420700PE.NFO,02/01/2024,10:30:22,0.35,0.35,421800,0.4,656720,2920,2653480
FINNIFTY02JAN2420700PE.NFO,02/01/2024,10:30:34,0.4,0.35,420040,0.4,658400,80,2653480
FINNIFTY02JAN2420700PE.NFO,02/01/2024,10:30:44,0.35,0.35,418160,0.4,649400,1880,2653480
FINNIFTY02JAN2420700PE.NFO,02/01/2024,10:30:54,0.35,0.35,415440,0.4,649400,1840,2653480
FINNIFTY02JAN2420700PE.NFO,02/01/2024,10:31:04,0.35,0.35,123320,0.4,631440,37120,2653480
FINNIFTY02JAN2420700PE.NFO,02/01/2024,10:31:14,0.35,0.3,1645280,0.35,263040,79760,2653480
FINNIFTY02JAN2420700PE.NFO,02/01/2024,10:31:24,0.35,0.3,1645440,0.35,377320,560,2653480
FINNIFTY02JAN2420700PE.NFO,02/01/2024,10:31:34,0.35,0.3,1643840,0.35,288160,2080,2653480
FINNIFTY02JAN2420700PE.NFO,02/01/2024,10:31:44,0.3,0.3,1644640,0.35,304080,520,2653480
FINNIFTY02JAN2420700PE.NFO,02/01/2024,10:31:55,0.35,0.3,1644280,0.35,515360,7040,2653480
FINNIFTY02JAN2420700PE.NFO,02/01/2024,10:32:06,0.35,0.3,1648120,0.35,574360,11040,2653480
FINNIFTY02JAN2420700PE.NFO,02/01/2024,10:32:16,0.35,0.3,1648800,0.35,593240,5320,2653480
FINNIFTY02JAN2420700PE.NFO,02/01/2024,10:32:26,0.35,0.3,1647920,0.35,593240,0,2653480
FINNIFTY02JAN2420700PE.NFO,02/01/2024,10:32:36,0.35,0.3,1617400,0.35,592960,3200,2653480
FINNIFTY02JAN2420700PE.NFO,02/01/2024,10:32:46,0.35,0.3,1588600,0.35,592960,0,2653480
FINNIFTY02JAN2420700PE.NFO,02/01/2024,10:32:56,0.35,0.3,1603000,0.35,593840,0,2653480
FINNIFTY02JAN2420700PE.NFO,02/01/2024,10:33:06,0.3,0.3,1602080,0.35,594160,2200,2645200
FINNIFTY02JAN2420700PE.NFO,02/01/2024,10:33:15,0.3,0.3,1601240,0.35,595960,840,2645200
FINNIFTY02JAN2420700PE.NFO,02/01/2024,10:33:25,0.35,0.3,1612160,0.35,602400,21000,2645200
FINNIFTY02JAN2420700PE.NFO,02/01/2024,10:33:34,0.35,0.3,1612160,0.35,603360,0,2645200
FINNIFTY02JAN2420700PE.NFO,02/01/2024,10:33:44,0.35,0.3,1604720,0.35,603120,0,2645200
FINNIFTY02JAN2420700PE.NFO,02/01/2024,10:33:55,0.35,0.3,1598400,0.35,595160,0,2645200
FINNIFTY02JAN2420700PE.NFO,02/01/2024,10:34:05,0.35,0.3,1605600,0.35,587920,0,2645200
FINNIFTY02JAN2420700PE.NFO,02/01/2024,10:34:14,0.3,0.3,1614120,0.35,381360,19600,2645200
FINNIFTY02JAN2420700PE.NFO,02/01/2024,10:34:24,0.3,0.3,1613320,0.35,381360,800,2645200
FINNIFTY02JAN2420700PE.NFO,02/01/2024,10:34:34,0.35,0.3,1613640,0.35,382920,1000,2645200
FINNIFTY02JAN2420700PE.NFO,02/01/2024,10:34:43,0.35,0.3,1630600,0.35,312200,83400,2645200
FINNIFTY02JAN2420700PE.NFO,02/01/2024,10:34:53,0.35,0.35,152240,0.4,369840,320560,2645200
FINNIFTY02JAN2420700PE.NFO,02/01/2024,10:35:03,0.35,0.35,153520,0.4,368440,200,2645200
FINNIFTY02JAN2420700PE.NFO,02/01/2024,10:35:13,0.35,0.35,153200,0.4,369240,320,2645200
FINNIFTY02JAN2420700PE.NFO,02/01/2024,10:35:23,0.4,0.35,181800,0.4,301320,10200,2645200
FINNIFTY02JAN2420700PE.NFO,02/01/2024,10:35:33,0.35,0.35,183160,0.4,301320,440,2645200
FINNIFTY02JAN2420700PE.NFO,02/01/2024,10:35:43,0.35,0.35,183360,0.4,301560,6680,2684360
FINNIFTY02JAN2420700PE.NFO,02/01/2024,10:35:53,0.35,0.35,185520,0.4,304400,6400,2684360
FINNIFTY02JAN2420700PE.NFO,02/01/2024,10:36:03,0.4,0.35,185520,0.4,303280,3000,2684360
FINNIFTY02JAN2420700PE.NFO,02/01/2024,10:36:13,0.4,0.35,177360,0.4,292480,2800,2684360
FINNIFTY02JAN2420700PE.NFO,02/01/2024,10:36:25,0.35,0.35,173080,0.4,298880,7840,2684360
FINNIFTY02JAN2420700PE.NFO,02/01/2024,10:36:38,0.35,0.35,179040,0.4,299400,8040,2684360
FINNIFTY02JAN2420700PE.NFO,02/01/2024,10:36:50,0.35,0.35,571520,0.4,283560,9120,2684360
FINNIFTY02JAN2420700PE.NFO,02/01/2024,10:37:02,0.35,0.35,594760,0.4,282920,2720,2684360
FINNIFTY02JAN2420700PE.NFO,02/01/2024,10:37:14,0.35,0.35,578880,0.4,278280,6440,2684360
FINNIFTY02JAN2420700PE.NFO,02/01/2024,10:37:25,0.35,0.35,578880,0.4,280080,0,2684360
FINNIFTY02JAN2420700PE.NFO,02/01/2024,10:37:36,0.35,0.35,314960,0.4,280520,0,2684360
FINNIFTY02JAN2420700PE.NFO,02/01/2024,10:37:47,0.35,0.35,324560,0.4,280520,400,2684360
FINNIFTY02JAN2420700PE.NFO,02/01/2024,10:37:57,0.35,0.35,325360,0.4,280520,0,2684360
FINNIFTY02JAN2420700PE.NFO,02/01/2024,10:38:07,0.35,0.35,294760,0.4,280520,0,2684360
FINNIFTY02JAN2420700PE.NFO,02/01/2024,10:38:17,0.35,0.3,1591080,0.35,455080,269360,2684360
FINNIFTY02JAN2420700PE.NFO,02/01/2024,10:38:27,0.35,0.3,1591240,0.35,490600,960,2684360
FINNIFTY02JAN2420700PE.NFO,02/01/2024,10:38:37,0.35,0.3,1591240,0.35,489520,600,2684360
FINNIFTY02JAN2420700PE.NFO,02/01/2024,10:38:48,0.35,0.3,1591600,0.35,490960,0,2684360
FINNIFTY02JAN2420700PE.NFO,02/01/2024,10:38:58,0.3,0.3,1590880,0.35,490960,720,2660040
FINNIFTY02JAN2420700PE.NFO,02/01/2024,10:39:10,0.35,0.35,570320,0.4,320200,434880,2660040
FINNIFTY02JAN2420700PE.NFO,02/01/2024,10:39:23,0.4,0.35,135600,0.4,326200,3400,2660040
FINNIFTY02JAN2420700PE.NFO,02/01/2024,10:39:33,0.4,0.35,121000,0.4,268040,64200,2660040
FINNIFTY02JAN2420700PE.NFO,02/01/2024,10:39:44,0.4,0.35,428520,0.4,268400,1720,2660040
FINNIFTY02JAN2420700PE.NFO,02/01/2024,10:39:55,0.4,0.35,425640,0.4,268040,4880,2660040
FINNIFTY02JAN2420700PE.NFO,02/01/2024,10:40:06,0.35,0.35,421840,0.4,274680,4240,2660040
FINNIFTY02JAN2420700PE.NFO,02/01/2024,10:40:17,0.35,0.35,416280,0.4,262040,5960,2660040
FINNIFTY02JAN2420700PE.NFO,02/01/2024,10:40:28,0.4,0.35,457680,0.4,262000,1000,2660040
FINNIFTY02JAN2420700PE.NFO,02/01/2024,10:40:38,0.4,0.35,457680,0.4,261520,520,2660040
FINNIFTY02JAN2420700PE.NFO,02/01/2024,10:40:48,0.4,0.35,455680,0.4,262040,2920,2660040
FINNIFTY02JAN2420700PE.NFO,02/01/2024,10:40:59,0.35,0.35,450440,0.4,264240,4840,2660040
FINNIFTY02JAN2420700PE.NFO,02/01/2024,10:41:10,0.35,0.35,449920,0.4,268400,560,2660040
FINNIFTY02JAN2420700PE.NFO,02/01/2024,10:41:21,0.35,0.35,449800,0.4,269360,120,2660040
FINNIFTY02JAN2420700PE.NFO,02/01/2024,10:41:31,0.35,0.35,198200,0.4,268040,1600,2660040
FINNIFTY02JAN2420700PE.NFO,02/01/2024,10:41:41,0.35,0.35,149480,0.4,290520,57720,2660040
FINNIFTY02JAN2420700PE.NFO,02/01/2024,10:41:53,0.35,0.35,147040,0.4,291160,120,2669680
FINNIFTY02JAN2420700PE.NFO,02/01/2024,10:42:03,0.35,0.3,1569400,0.35,460160,128080,2669680
FINNIFTY02JAN2420700PE.NFO,02/01/2024,10:42:14,0.35,0.3,1569320,0.35,553000,200,2669680
FINNIFTY02JAN2420700PE.NFO,02/01/2024,10:42:24,0.35,0.3,1569320,0.35,553000,0,2669680
FINNIFTY02JAN2420700PE.NFO,02/01/2024,10:42:35,0.35,0.3,1569320,0.35,553040,0,2669680
FINNIFTY02JAN2420700PE.NFO,02/01/2024,10:42:45,0.35,0.3,1529760,0.35,554720,6000,2669680
FINNIFTY02JAN2420700PE.NFO,02/01/2024,10:42:56,0.35,0.3,1418600,0.35,555200,2400,2669680
FINNIFTY02JAN2420700PE.NFO,02/01/2024,10:43:07,0.35,0.3,1385880,0.35,239680,88920,2669680
FINNIFTY02JAN2420700PE.NFO,02/01/2024,10:43:17,0.35,0.35,308760,0.4,366560,189440,2669680
FINNIFTY02JAN2420700PE.NFO,02/01/2024,10:43:28,0.35,0.35,289760,0.4,369280,80,2669680
FINNIFTY02JAN2420700PE.NFO,02/01/2024,10:43:39,0.35,0.35,311360,0.4,369280,0,2669680
FINNIFTY02JAN2420700PE.NFO,02/01/2024,10:43:49,0.35,0.3,1362880,0.35,498840,131480,2669680
FINNIFTY02JAN2420700PE.NFO,02/01/2024,10:43:59,0.35,0.3,1362800,0.35,571000,640,2669680
FINNIFTY02JAN2420700PE.NFO,02/01/2024,10:44:10,0.35,0.3,1362400,0.35,570520,160,2669680
FINNIFTY02JAN2420700PE.NFO,02/01/2024,10:44:20,0.35,0.3,1362560,0.35,570960,200,2669680
FINNIFTY02JAN2420700PE.NFO,02/01/2024,10:44:30,0.35,0.3,1362560,0.35,569040,1440,2669680
FINNIFTY02JAN2420700PE.NFO,02/01/2024,10:44:40,0.35,0.3,1364360,0.35,571240,7920,2669680
FINNIFTY02JAN2420700PE.NFO,02/01/2024,10:44:51,0.35,0.3,1364280,0.35,571440,280,2638520
FINNIFTY02JAN2420700PE.NFO,02/01/2024,10:45:01,0.35,0.3,1364320,0.35,571240,200,2638520
FINNIFTY02JAN2420700PE.NFO,02/01/2024,10:45:12,0.3,0.3,1363960,0.35,571240,360,2638520
FINNIFTY02JAN2420700PE.NFO,02/01/2024,10:45:22,0.3,0.3,1282960,0.35,570880,0,2638520
FINNIFTY02JAN2420700PE.NFO,02/01/2024,10:45:32,0.3,0.3,1277520,0.35,589240,0,2638520
FINNIFTY02JAN2420700PE.NFO,02/01/2024,10:46:41,0.35,0.3,1278200,0.35,585760,3720,2638520
FINNIFTY02JAN2420700PE.NFO,02/01/2024,10:46:51,0.35,0.3,1278440,0.35,587320,3360,2638520
FINNIFTY02JAN2420700PE.NFO,02/01/2024,10:47:02,0.35,0.3,1278720,0.35,587680,1520,2638520
FINNIFTY02JAN2420700PE.NFO,02/01/2024,10:47:12,0.35,0.3,1294200,0.35,273000,324640,2638520
FINNIFTY02JAN2420700PE.NFO,02/01/2024,10:47:22,0.35,0.3,1294000,0.35,333760,1160,2638520
FINNIFTY02JAN2420700PE.NFO,02/01/2024,10:47:33,0.35,0.3,1294000,0.35,332360,1400,2638520
FINNIFTY02JAN2420700PE.NFO,02/01/2024,10:47:53,0.3,0.3,1293400,0.35,335800,600,2346280
FINNIFTY02JAN2420700PE.NFO,02/01/2024,10:48:14,0.3,0.3,1293400,0.35,353400,0,2346280
FINNIFTY02JAN2420700PE.NFO,02/01/2024,10:48:34,0.3,0.3,1293400,0.35,355200,0,2346280
FINNIFTY02JAN2420700PE.NFO,02/01/2024,10:48:43,0.3,0.3,1293400,0.35,358360,0,2346280
FINNIFTY02JAN2420700PE.NFO,02/01/2024,10:49:03,0.3,0.3,1292840,0.35,357440,560,2346280
FINNIFTY02JAN2420700PE.NFO,02/01/2024,10:49:14,0.3,0.3,1292040,0.35,312720,5400,2346280
FINNIFTY02JAN2420700PE.NFO,02/01/2024,10:49:25,0.35,0.35,117200,0.4,278480,293560,2346280
FINNIFTY02JAN2420700PE.NFO,02/01/2024,10:49:35,0.35,0.35,119280,0.4,277880,960,2346280
FINNIFTY02JAN2420700PE.NFO,02/01/2024,10:49:45,0.35,0.35,121880,0.4,241880,1160,2346280
FINNIFTY02JAN2420700PE.NFO,02/01/2024,10:49:55,0.35,0.35,120400,0.4,241960,1560,2346280
FINNIFTY02JAN2420700PE.NFO,02/01/2024,10:50:05,0.35,0.3,1299960,0.35,317960,125000,2346280
FINNIFTY02JAN2420700PE.NFO,02/01/2024,10:50:17,0.3,0.3,1290640,0.35,317960,120,2346280
FINNIFTY02JAN2420700PE.NFO,02/01/2024,10:50:27,0.3,0.3,1299800,0.35,317960,40,2346280
FINNIFTY02JAN2420700PE.NFO,02/01/2024,10:50:38,0.3,0.3,1299800,0.35,318680,0,2346280
FINNIFTY02JAN2420700PE.NFO,02/01/2024,10:51:57,0.35,0.35,306520,0.4,369600,153200,2334880
FINNIFTY02JAN2420700PE.NFO,02/01/2024,10:52:07,0.35,0.35,81480,0.4,375080,47360,2334880
FINNIFTY02JAN2420700PE.NFO,02/01/2024,10:52:16,0.35,0.35,93240,0.4,373400,14280,2334880
FINNIFTY02JAN2420700PE.NFO,02/01/2024,10:52:26,0.4,0.35,94880,0.4,372800,760,2334880
FINNIFTY02JAN2420700PE.NFO,02/01/2024,10:52:36,0.4,0.35,94880,0.4,372800,0,2334880
FINNIFTY02JAN2420700PE.NFO,02/01/2024,10:52:46,0.35,0.3,1280440,0.35,191640,75840,2334880
FINNIFTY02JAN2420700PE.NFO,02/01/2024,10:52:55,0.35,0.3,1280840,0.35,168360,8360,2334880
FINNIFTY02JAN2420700PE.NFO,02/01/2024,10:53:05,0.35,0.3,1280840,0.35,166880,1480,2334880
FINNIFTY02JAN2420700PE.NFO,02/01/2024,10:53:15,0.3,0.3,1282760,0.35,136680,2000,2334880
FINNIFTY02JAN2420700PE.NFO,02/01/2024,10:53:24,0.3,0.3,1282760,0.35,136640,0,2334880
FINNIFTY02JAN2420700PE.NFO,02/01/2024,10:53:34,0.35,0.3,1281440,0.35,133320,4920,2334880
FINNIFTY02JAN2420700PE.NFO,02/01/2024,10:53:44,0.35,0.3,1284160,0.35,115360,840,2332040
FINNIFTY02JAN2420700PE.NFO,02/01/2024,10:53:53,0.35,0.3,1286920,0.35,112360,12600,2332040
FINNIFTY02JAN2420700PE.NFO,02/01/2024,10:54:03,0.35,0.3,1286920,0.35,131640,4680,2332040
FINNIFTY02JAN2420700PE.NFO,02/01/2024,10:54:12,0.3,0.3,1286720,0.35,131640,200,2332040
FINNIFTY02JAN2420700PE.NFO,02/01/2024,10:54:22,0.35,0.3,1287360,0.35,105360,5400,2332040
FINNIFTY02JAN2420700PE.NFO,02/01/2024,10:54:31,0.35,0.3,1289040,0.35,102160,7200,2332040
FINNIFTY02JAN2420700PE.NFO,02/01/2024,10:54:40,0.35,0.3,1292880,0.35,74440,81560,2332040
FINNIFTY02JAN2420700PE.NFO,02/01/2024,10:54:50,0.35,0.3,1290600,0.35,103200,320,2332040
FINNIFTY02JAN2420700PE.NFO,02/01/2024,10:54:59,0.35,0.3,1290600,0.35,103200,0,2332040
FINNIFTY02JAN2420700PE.NFO,02/01/2024,10:55:18,0.35,0.3,1292840,0.35,95280,880,2332040
FINNIFTY02JAN2420700PE.NFO,02/01/2024,10:55:26,0.35,0.3,1291960,0.35,100840,440,2332040
FINNIFTY02JAN2420700PE.NFO,02/01/2024,10:55:37,0.35,0.3,1289080,0.35,119240,4080,2332040
FINNIFTY02JAN2420700PE.NFO,02/01/2024,10:55:46,0.35,0.3,1289960,0.35,121000,40,2332040
FINNIFTY02JAN2420700PE.NFO,02/01/2024,10:55:55,0.35,0.3,1290880,0.35,122800,0,2332040
FINNIFTY02JAN2420700PE.NFO,02/01/2024,10:56:05,0.35,0.3,1289400,0.35,102560,600,2332040
FINNIFTY02JAN2420700PE.NFO,02/01/2024,10:56:14,0.3,0.3,1289880,0.35,121920,400,2332040
FINNIFTY02JAN2420700PE.NFO,02/01/2024,10:56:23,0.35,0.3,1290240,0.35,101360,3760,2332040
FINNIFTY02JAN2420700PE.NFO,02/01/2024,10:56:33,0.35,0.3,1289360,0.35,120840,280,2332040
FINNIFTY02JAN2420700PE.NFO,02/01/2024,10:56:42,0.3,0.3,1289320,0.35,121720,40,2358560
FINNIFTY02JAN2420700PE.NFO,02/01/2024,10:56:52,0.35,0.3,1298920,0.35,94600,39480,2358560
FINNIFTY02JAN2420700PE.NFO,02/01/2024,10:57:03,0.35,0.35,361120,0.4,226920,84600,2358560
FINNIFTY02JAN2420700PE.NFO,02/01/2024,10:57:12,0.35,0.35,362120,0.4,229040,1560,2358560
FINNIFTY02JAN2420700PE.NFO,02/01/2024,10:57:22,0.4,0.35,114320,0.4,228840,200,2358560
FINNIFTY02JAN2420700PE.NFO,02/01/2024,10:57:32,0.35,0.3,1268880,0.35,293200,119960,2358560
FINNIFTY02JAN2420700PE.NFO,02/01/2024,10:57:42,0.35,0.3,1292880,0.35,312520,200,2358560
FINNIFTY02JAN2420700PE.NFO,02/01/2024,10:57:51,0.35,0.3,1292680,0.35,311360,4000,2358560
FINNIFTY02JAN2420700PE.NFO,02/01/2024,10:58:01,0.35,0.3,1292280,0.35,311920,4120,2358560
FINNIFTY02JAN2420700PE.NFO,02/01/2024,10:58:11,0.35,0.3,1292600,0.35,313280,1520,2358560
FINNIFTY02JAN2420700PE.NFO,02/01/2024,10:58:29,0.35,0.3,1291680,0.35,314720,0,2358560
FINNIFTY02JAN2420700PE.NFO,02/01/2024,10:58:39,0.3,0.3,1291080,0.35,315880,200,2358560
FINNIFTY02JAN2420700PE.NFO,02/01/2024,10:59:07,0.3,0.3,1292800,0.35,315920,0,2358560
FINNIFTY02JAN2420700PE.NFO,02/01/2024,10:59:17,0.3,0.3,1293680,0.35,318600,40,2358560
FINNIFTY02JAN2420700PE.NFO,02/01/2024,10:59:37,0.3,0.3,1293440,0.35,316560,240,2358560
FINNIFTY02JAN2420700PE.NFO,02/01/2024,10:59:47,0.3,0.3,1294720,0.35,316760,0,2358560
FINNIFTY02JAN2420700PE.NFO,02/01/2024,10:59:57,0.3,0.3,1294720,0.35,318560,0,2358560
FINNIFTY02JAN2420700PE.NFO,02/01/2024,11:00:07,0.3,0.3,1294600,0.35,318560,120,2332800
FINNIFTY02JAN2420700PE.NFO,02/01/2024,11:00:16,0.35,0.3,1293360,0.35,317480,1800,2332800
FINNIFTY02JAN2420700PE.NFO,02/01/2024,11:00:26,0.35,0.3,1293360,0.35,318160,0,2332800
FINNIFTY02JAN2420700PE.NFO,02/01/2024,11:00:36,0.35,0.3,1293360,0.35,316880,1280,2332800
FINNIFTY02JAN2420700PE.NFO,02/01/2024,11:00:45,0.35,0.3,1293760,0.35,315520,0,2332800
FINNIFTY02JAN2420700PE.NFO,02/01/2024,11:00:55,0.35,0.3,1293760,0.35,315480,40,2332800
FINNIFTY02JAN2420700PE.NFO,02/01/2024,11:01:04,0.35,0.3,1293760,0.35,261480,0,2332800
FINNIFTY02JAN2420700PE.NFO,02/01/2024,11:01:14,0.35,0.3,1293760,0.35,144480,0,2332800
FINNIFTY02JAN2420700PE.NFO,02/01/2024,11:01:23,0.4,0.35,280200,0.4,230080,115360,2332800
FINNIFTY02JAN2420700PE.NFO,02/01/2024,11:01:33,0.35,0.35,284040,0.4,215440,640,2332800
FINNIFTY02JAN2420700PE.NFO,02/01/2024,11:01:43,0.35,0.35,282760,0.4,216320,400,2332800
FINNIFTY02JAN2420700PE.NFO,02/01/2024,11:01:52,0.35,0.35,282520,0.4,221320,1440,2332800
FINNIFTY02JAN2420700PE.NFO,02/01/2024,11:02:02,0.35,0.35,284320,0.4,221560,0,2332800
FINNIFTY02JAN2420700PE.NFO,02/01/2024,11:02:11,0.35,0.35,282520,0.4,222000,0,2332800
FINNIFTY02JAN2420700PE.NFO,02/01/2024,11:02:21,0.35,0.35,282520,0.4,223200,0,2332800
FINNIFTY02JAN2420700PE.NFO,02/01/2024,11:02:31,0.35,0.35,282520,0.4,224400,0,2332800
FINNIFTY02JAN2420700PE.NFO,02/01/2024,11:02:40,0.35,0.35,282160,0.4,225120,1800,2332800
FINNIFTY02JAN2420700PE.NFO,02/01/2024,11:02:49,0.35,0.35,282840,0.4,225360,280,2332800
FINNIFTY02JAN2420700PE.NFO,02/01/2024,11:02:59,0.4,0.35,282840,0.4,225240,120,2386680
FINNIFTY02JAN2420700PE.NFO,02/01/2024,11:03:08,0.4,0.35,282840,0.4,225320,0,2386680
FINNIFTY02JAN2420700PE.NFO,02/01/2024,11:03:17,0.4,0.35,282840,0.4,224720,600,2386680
FINNIFTY02JAN2420700PE.NFO,02/01/2024,11:03:54,0.4,0.35,282840,0.4,210000,15360,2386680
FINNIFTY02JAN2420700PE.NFO,02/01/2024,11:04:03,0.4,0.35,114720,0.4,209320,0,2386680
FINNIFTY02JAN2420700PE.NFO,02/01/2024,11:04:13,0.35,0.3,1306880,0.35,131800,114920,2386680
FINNIFTY02JAN2420700PE.NFO,02/01/2024,11:04:22,0.35,0.3,1308080,0.35,135960,1920,2386680
FINNIFTY02JAN2420700PE.NFO,02/01/2024,11:04:32,0.35,0.3,1308120,0.35,135960,0,2386680
FINNIFTY02JAN2420700PE.NFO,02/01/2024,11:04:41,0.35,0.3,1308120,0.35,139560,0,2386680
FINNIFTY02JAN2420700PE.NFO,02/01/2024,11:04:59,0.35,0.3,1308120,0.35,137960,1800,2386680
FINNIFTY02JAN2420700PE.NFO,02/01/2024,11:05:08,0.35,0.3,1309120,0.35,133120,8200,2386680
FINNIFTY02JAN2420700PE.NFO,02/01/2024,11:05:18,0.35,0.3,1309120,0.35,134080,0,2386680
FINNIFTY02JAN2420700PE.NFO,02/01/2024,11:05:27,0.35,0.35,333480,0.4,214680,116120,2386680
FINNIFTY02JAN2420700PE.NFO,02/01/2024,11:05:36,0.35,0.35,331760,0.4,221880,0,2386680
FINNIFTY02JAN2420700PE.NFO,02/01/2024,11:05:46,0.35,0.35,655160,0.4,221880,0,2386680
FINNIFTY02JAN2420700PE.NFO,02/01/2024,11:05:55,0.4,0.35,655160,0.4,217760,480,2382760
FINNIFTY02JAN2420700PE.NFO,02/01/2024,11:06:05,0.35,0.35,656800,0.4,216680,1080,2382760
FINNIFTY02JAN2420700PE.NFO,02/01/2024,11:06:14,0.4,0.35,654640,0.4,212160,8320,2382760
FINNIFTY02JAN2420700PE.NFO,02/01/2024,11:06:24,0.4,0.35,653840,0.4,214040,2320,2382760
FINNIFTY02JAN2420700PE.NFO,02/01/2024,11:06:33,0.4,0.35,653840,0.4,214040,0,2382760
FINNIFTY02JAN2420700PE.NFO,02/01/2024,11:06:43,0.4,0.35,653800,0.4,213840,0,2382760
FINNIFTY02JAN2420700PE.NFO,02/01/2024,11:06:52,0.4,0.35,653640,0.4,209880,2120,2382760
FINNIFTY02JAN2420700PE.NFO,02/01/2024,11:07:02,0.35,0.35,651600,0.4,209200,2280,2382760
FINNIFTY02JAN2420700PE.NFO,02/01/2024,11:07:11,0.4,0.35,651480,0.4,192280,280,2382760
FINNIFTY02JAN2420700PE.NFO,02/01/2024,11:07:21,0.4,0.35,651480,0.4,181600,9360,2382760
FINNIFTY02JAN2420700PE.NFO,02/01/2024,11:07:30,0.4,0.35,650400,0.4,181800,1960,2382760
FINNIFTY02JAN2420700PE.NFO,02/01/2024,11:07:39,0.4,0.35,650400,0.4,163000,520,2382760
FINNIFTY02JAN2420700PE.NFO,02/01/2024,11:07:48,0.4,0.35,650400,0.4,161720,1280,2382760
FINNIFTY02JAN2420700PE.NFO,02/01/2024,11:07:58,0.4,0.35,650400,0.4,181120,320,2382760
FINNIFTY02JAN2420700PE.NFO,02/01/2024,11:08:07,0.4,0.35,650360,0.4,181320,80,2382760
FINNIFTY02JAN2420700PE.NFO,02/01/2024,11:08:16,0.4,0.35,650360,0.4,165840,400,2382760
FINNIFTY02JAN2420700PE.NFO,02/01/2024,11:08:25,0.4,0.35,649800,0.4,186520,960,2382760
FINNIFTY02JAN2420700PE.NFO,02/01/2024,11:08:34,0.4,0.35,649800,0.4,158120,8320,2382760
FINNIFTY02JAN2420700PE.NFO,02/01/2024,11:08:44,0.4,0.35,651400,0.4,176160,4400,2382760
FINNIFTY02JAN2420700PE.NFO,02/01/2024,11:08:53,0.4,0.35,651720,0.4,154120,4240,2381760
FINNIFTY02JAN2420700PE.NFO,02/01/2024,11:09:03,0.4,0.35,651680,0.4,172680,840,2381760
FINNIFTY02JAN2420700PE.NFO,02/01/2024,11:09:12,0.4,0.35,651680,0.4,146200,4040,2381760
FINNIFTY02JAN2420700PE.NFO,02/01/2024,11:09:21,0.4,0.35,650520,0.4,163080,6400,2381760
FINNIFTY02JAN2420700PE.NFO,02/01/2024,11:09:30,0.35,0.35,651400,0.4,153200,12760,2381760
FINNIFTY02JAN2420700PE.NFO,02/01/2024,11:09:40,0.4,0.35,651400,0.4,73920,43680,2381760
FINNIFTY02JAN2420700PE.NFO,02/01/2024,11:09:49,0.4,0.35,670200,0.4,110920,2840,2381760
FINNIFTY02JAN2420700PE.NFO,02/01/2024,11:09:59,0.4,0.35,663000,0.4,98520,400,2381760
FINNIFTY02JAN2420700PE.NFO,02/01/2024,11:10:08,0.4,0.35,669720,0.4,106560,2320,2381760
FINNIFTY02JAN2420700PE.NFO,02/01/2024,11:10:17,0.4,0.35,685000,0.4,95160,600,2381760
FINNIFTY02JAN2420700PE.NFO,02/01/2024,11:10:26,0.4,0.4,94600,0.45,105320,41040,2381760
FINNIFTY02JAN2420700PE.NFO,02/01/2024,11:10:36,0.4,0.35,631640,0.4,318840,82080,2381760
FINNIFTY02JAN2420700PE.NFO,02/01/2024,11:10:44,0.4,0.35,629360,0.4,316640,200,2381760
FINNIFTY02JAN2420700PE.NFO,02/01/2024,11:10:54,0.4,0.35,597720,0.4,279680,9040,2381760
FINNIFTY02JAN2420700PE.NFO,02/01/2024,11:11:03,0.4,0.35,638360,0.4,309080,54160,2381760
FINNIFTY02JAN2420700PE.NFO,02/01/2024,11:11:12,0.4,0.35,642720,0.4,264680,33800,2381760
FINNIFTY02JAN2420700PE.NFO,02/01/2024,11:11:21,0.4,0.35,628600,0.4,175800,64520,2381760
FINNIFTY02JAN2420700PE.NFO,02/01/2024,11:11:31,0.45,0.4,71000,0.45,219240,163160,2381760
FINNIFTY02JAN2420700PE.NFO,02/01/2024,11:11:40,0.45,0.4,77240,0.45,215320,3800,2381760
FINNIFTY02JAN2420700PE.NFO,02/01/2024,11:11:48,0.45,0.4,77240,0.45,212080,3600,2361040
FINNIFTY02JAN2420700PE.NFO,02/01/2024,11:11:57,0.45,0.4,77240,0.45,210120,3000,2361040
FINNIFTY02JAN2420700PE.NFO,02/01/2024,11:12:07,0.45,0.4,120520,0.45,188880,6200,2361040
FINNIFTY02JAN2420700PE.NFO,02/01/2024,11:12:16,0.45,0.4,121160,0.45,194160,4080,2361040
FINNIFTY02JAN2420700PE.NFO,02/01/2024,11:12:25,0.45,0.4,134520,0.45,177160,31400,2361040
FINNIFTY02JAN2420700PE.NFO,02/01/2024,11:12:34,0.45,0.4,134560,0.45,167320,10600,2361040
FINNIFTY02JAN2420700PE.NFO,02/01/2024,11:12:43,0.45,0.4,137520,0.45,168360,7200,2361040
FINNIFTY02JAN2420700PE.NFO,02/01/2024,11:12:52,0.45,0.4,152920,0.45,174040,39280,2361040
FINNIFTY02JAN2420700PE.NFO,02/01/2024,11:13:01,0.45,0.4,141040,0.45,169800,7240,2361040
FINNIFTY02JAN2420700PE.NFO,02/01/2024,11:13:11,0.55,0.5,81520,0.55,68760,167000,2361040
FINNIFTY02JAN2420700PE.NFO,02/01/2024,11:13:20,0.55,0.5,87240,0.55,78280,64280,2361040
FINNIFTY02JAN2420700PE.NFO,02/01/2024,11:13:30,0.5,0.5,88360,0.55,70400,14880,2361040
FINNIFTY02JAN2420700PE.NFO,02/01/2024,11:13:41,0.55,0.5,98040,0.55,84320,15760,2361040
FINNIFTY02JAN2420700PE.NFO,02/01/2024,11:13:51,0.55,0.5,106920,0.55,91160,15920,2361040
FINNIFTY02JAN2420700PE.NFO,02/01/2024,11:14:01,0.55,0.5,66480,0.55,127160,58360,2361040
FINNIFTY02JAN2420700PE.NFO,02/01/2024,11:14:10,0.5,0.45,103320,0.5,125160,54040,2361040
FINNIFTY02JAN2420700PE.NFO,02/01/2024,11:14:20,0.5,0.45,94760,0.5,123240,19400,2361040
FINNIFTY02JAN2420700PE.NFO,02/01/2024,11:14:29,0.5,0.45,92600,0.5,117280,13920,2361040
FINNIFTY02JAN2420700PE.NFO,02/01/2024,11:14:38,0.5,0.45,93600,0.5,115680,9640,2361040
FINNIFTY02JAN2420700PE.NFO,02/01/2024,11:14:47,0.5,0.45,91920,0.5,97800,8040,2439040
FINNIFTY02JAN2420700PE.NFO,02/01/2024,11:14:57,0.5,0.45,95320,0.5,96040,33400,2439040
FINNIFTY02JAN2420700PE.NFO,02/01/2024,11:15:07,0.5,0.45,95800,0.5,51160,33120,2439040
FINNIFTY02JAN2420700PE.NFO,02/01/2024,11:15:18,0.55,0.5,105600,0.55,59640,63360,2439040
FINNIFTY02JAN2420700PE.NFO,02/01/2024,11:15:27,0.6,0.55,77520,0.6,93760,34280,2439040
FINNIFTY02JAN2420700PE.NFO,02/01/2024,11:15:37,0.6,0.55,68520,0.6,97000,31280,2439040
FINNIFTY02JAN2420700PE.NFO,02/01/2024,11:15:48,0.6,0.6,60360,0.65,94800,310840,2439040
FINNIFTY02JAN2420700PE.NFO,02/01/2024,11:15:48,0.7,0.6,60360,0.65,94800,0,2439040
FINNIFTY02JAN2420700PE.NFO,02/01/2024,11:15:58,0.6,0.6,75280,0.65,113640,37720,2439040
FINNIFTY02JAN2420700PE.NFO,02/01/2024,11:16:08,0.6,0.55,57320,0.6,65440,227760,2439040
FINNIFTY02JAN2420700PE.NFO,02/01/2024,11:16:18,0.6,0.55,60240,0.6,80880,16200,2439040
FINNIFTY02JAN2420700PE.NFO,02/01/2024,11:16:28,0.6,0.55,59240,0.6,67720,58760,2439040
FINNIFTY02JAN2420700PE.NFO,02/01/2024,11:16:30,0.6,0.55,59240,0.6,56640,10600,2439040
FINNIFTY02JAN2420700PE.NFO,02/01/2024,11:16:31,0.6,0.55,59600,0.6,58200,1120,2439040
FINNIFTY02JAN2420700PE.NFO,02/01/2024,11:16:32,0.6,0.55,61440,0.6,53040,6600,2439040
FINNIFTY02JAN2420700PE.NFO,02/01/2024,11:16:33,0.6,0.55,61400,0.6,52600,2240,2439040
FINNIFTY02JAN2420700PE.NFO,02/01/2024,11:16:34,0.6,0.55,99800,0.6,46600,3400,2439040
FINNIFTY02JAN2420700PE.NFO,02/01/2024,11:16:35,0.65,0.6,74240,0.65,93720,13040,2439040
FINNIFTY02JAN2420700PE.NFO,02/01/2024,11:16:35,0.65,0.6,79720,0.65,93840,8200,2439040
FINNIFTY02JAN2420700PE.NFO,02/01/2024,11:16:36,0.65,0.6,79880,0.65,93440,2000,2439040
FINNIFTY02JAN2420700PE.NFO,02/01/2024,11:16:38,0.65,0.6,80520,0.65,89240,5200,2439040
FINNIFTY02JAN2420700PE.NFO,02/01/2024,11:16:38,0.65,0.6,80560,0.65,85680,3600,2439040
FINNIFTY02JAN2420700PE.NFO,02/01/2024,11:16:39,0.65,0.6,80160,0.65,82080,4000,2439040
FINNIFTY02JAN2420700PE.NFO,02/01/2024,11:16:40,0.65,0.6,80360,0.65,77640,5000,2439040
FINNIFTY02JAN2420700PE.NFO,02/01/2024,11:16:41,0.65,0.6,82200,0.65,73760,4800,2439040
FINNIFTY02JAN2420700PE.NFO,02/01/2024,11:16:42,0.65,0.6,82200,0.65,71320,2200,2439040
FINNIFTY02JAN2420700PE.NFO,02/01/2024,11:16:44,0.65,0.6,83840,0.65,62400,6160,2439040
FINNIFTY02JAN2420700PE.NFO,02/01/2024,11:16:45,0.65,0.6,83640,0.65,67920,3000,2439040
FINNIFTY02JAN2420700PE.NFO,02/01/2024,11:16:45,0.65,0.6,83440,0.65,64920,3600,2439040
FINNIFTY02JAN2420700PE.NFO,02/01/2024,11:16:46,0.65,0.6,84240,0.65,57600,4880,2439040
FINNIFTY02JAN2420700PE.NFO,02/01/2024,11:16:48,0.65,0.6,84160,0.65,55600,5480,2439040
FINNIFTY02JAN2420700PE.NFO,02/01/2024,11:16:48,0.65,0.6,84160,0.65,56440,1800,2439040
FINNIFTY02JAN2420700PE.NFO,02/01/2024,11:16:49,0.65,0.6,85080,0.65,53080,5200,2439040
FINNIFTY02JAN2420700PE.NFO,02/01/2024,11:16:50,0.65,0.6,85040,0.65,42800,3400,2439040
FINNIFTY02JAN2420700PE.NFO,02/01/2024,11:16:51,0.65,0.6,85800,0.65,46040,5520,2439040
FINNIFTY02JAN2420700PE.NFO,02/01/2024,11:16:52,0.65,0.6,84200,0.65,44960,4720,2439040
FINNIFTY02JAN2420700PE.NFO,02/01/2024,11:16:53,0.65,0.6,84160,0.65,37920,240,2439040
FINNIFTY02JAN2420700PE.NFO,02/01/2024,11:16:54,0.65,0.6,23840,0.65,27800,80520,2439040
FINNIFTY02JAN2420700PE.NFO,02/01/2024,11:16:55,0.65,0.6,48600,0.65,75280,7800,2439040
FINNIFTY02JAN2420700PE.NFO,02/01/2024,11:16:56,0.65,0.6,54040,0.65,77680,4000,2439040
FINNIFTY02JAN2420700PE.NFO,02/01/2024,11:16:57,0.65,0.6,54040,0.65,74800,2800,2439040
FINNIFTY02JAN2420700PE.NFO,02/01/2024,11:16:58,0.65,0.6,54040,0.65,73960,2600,2439040
FINNIFTY02JAN2420700PE.NFO,02/01/2024,11:16:59,0.65,0.6,54040,0.65,71800,3200,2439040
FINNIFTY02JAN2420700PE.NFO,02/01/2024,11:17:00,0.65,0.6,54120,0.65,71600,1880,2439040
FINNIFTY02JAN2420700PE.NFO,02/01/2024,11:17:01,0.65,0.6,54320,0.65,71280,3600,2439040
FINNIFTY02JAN2420700PE.NFO,02/01/2024,11:17:02,0.6,0.6,54120,0.65,72240,200,2439040
FINNIFTY02JAN2420700PE.NFO,02/01/2024,11:17:03,0.65,0.6,55160,0.65,74720,2800,2439040
FINNIFTY02JAN2420700PE.NFO,02/01/2024,11:17:04,0.65,0.6,55120,0.65,75120,1400,2439040
FINNIFTY02JAN2420700PE.NFO,02/01/2024,11:17:05,0.65,0.6,54960,0.65,75920,1200,2439040
FINNIFTY02JAN2420700PE.NFO,02/01/2024,11:17:06,0.65,0.6,55160,0.65,76960,400,2439040
FINNIFTY02JAN2420700PE.NFO,02/01/2024,11:17:07,0.65,0.6,56960,0.65,79400,1200,2439040
FINNIFTY02JAN2420700PE.NFO,02/01/2024,11:17:09,0.6,0.6,55760,0.65,82600,3600,2439040
FINNIFTY02JAN2420700PE.NFO,02/01/2024,11:17:09,0.65,0.6,53560,0.65,82400,600,2439040
FINNIFTY02JAN2420700PE.NFO,02/01/2024,11:17:11,0.65,0.6,52960,0.65,83440,1200,2439040
FINNIFTY02JAN2420700PE.NFO,02/01/2024,11:17:11,0.65,0.6,52600,0.65,82640,2960,2439040
FINNIFTY02JAN2420700PE.NFO,02/01/2024,11:17:13,0.65,0.6,52760,0.65,83520,600,2439040
FINNIFTY02JAN2420700PE.NFO,02/01/2024,11:17:13,0.65,0.6,52760,0.65,82720,800,2439040
FINNIFTY02JAN2420700PE.NFO,02/01/2024,11:17:15,0.6,0.6,49120,0.65,85280,9280,2439040
FINNIFTY02JAN2420700PE.NFO,02/01/2024,11:17:16,0.6,0.6,51320,0.65,86200,14600,2439040
FINNIFTY02JAN2420700PE.NFO,02/01/2024,11:17:16,0.65,0.6,50440,0.65,86000,1400,2439040
FINNIFTY02JAN2420700PE.NFO,02/01/2024,11:17:18,0.6,0.55,96880,0.6,60040,27840,2439040
FINNIFTY02JAN2420700PE.NFO,02/01/2024,11:17:18,0.6,0.55,97080,0.6,61640,200,2439040
FINNIFTY02JAN2420700PE.NFO,02/01/2024,11:17:19,0.6,0.55,98040,0.6,74800,1000,2439040
FINNIFTY02JAN2420700PE.NFO,02/01/2024,11:17:20,0.6,0.55,98160,0.6,74640,400,2439040
FINNIFTY02JAN2420700PE.NFO,02/01/2024,11:17:22,0.6,0.55,99040,0.6,75840,1000,2439040
FINNIFTY02JAN2420700PE.NFO,02/01/2024,11:17:23,0.6,0.55,97600,0.6,77280,1880,2439040
FINNIFTY02JAN2420700PE.NFO,02/01/2024,11:17:24,0.6,0.55,97600,0.6,76080,1200,2439040
FINNIFTY02JAN2420700PE.NFO,02/01/2024,11:17:24,0.6,0.55,97600,0.6,75680,400,2439040
FINNIFTY02JAN2420700PE.NFO,02/01/2024,11:17:25,0.6,0.55,97760,0.6,74880,800,2439040
FINNIFTY02JAN2420700PE.NFO,02/01/2024,11:17:26,0.6,0.55,97760,0.6,75160,1000,2439040
FINNIFTY02JAN2420700PE.NFO,02/01/2024,11:17:27,0.6,0.55,97760,0.6,74760,400,2439040
FINNIFTY02JAN2420700PE.NFO,02/01/2024,11:17:28,0.6,0.55,96800,0.6,74360,840,2439040
FINNIFTY02JAN2420700PE.NFO,02/01/2024,11:17:29,0.6,0.55,96800,0.6,73560,1200,2439040
FINNIFTY02JAN2420700PE.NFO,02/01/2024,11:17:34,0.55,0.55,90280,0.6,73960,10040,2439040
FINNIFTY02JAN2420700PE.NFO,02/01/2024,11:17:43,0.6,0.55,87760,0.6,75320,11160,2439040
FINNIFTY02JAN2420700PE.NFO,02/01/2024,11:17:53,0.55,0.55,84400,0.6,86280,9960,2560280
FINNIFTY02JAN2420700PE.NFO,02/01/2024,11:18:02,0.55,0.55,83120,0.6,85320,7800,2560280
FINNIFTY02JAN2420700PE.NFO,02/01/2024,11:18:11,0.6,0.55,90160,0.6,86800,7360,2560280
FINNIFTY02JAN2420700PE.NFO,02/01/2024,11:18:21,0.6,0.55,86600,0.6,85080,8560,2560280
FINNIFTY02JAN2420700PE.NFO,02/01/2024,11:18:30,0.6,0.55,82080,0.6,83680,7480,2560280
FINNIFTY02JAN2420700PE.NFO,02/01/2024,11:18:40,0.6,0.55,66120,0.6,79960,19800,2560280
FINNIFTY02JAN2420700PE.NFO,02/01/2024,11:18:49,0.6,0.55,61920,0.6,81800,9320,2560280
FINNIFTY02JAN2420700PE.NFO,02/01/2024,11:18:58,0.6,0.55,61680,0.6,104960,5800,2560280
FINNIFTY02JAN2420700PE.NFO,02/01/2024,11:19:07,0.6,0.55,61680,0.6,99800,7400,2560280
FINNIFTY02JAN2420700PE.NFO,02/01/2024,11:19:16,0.6,0.55,62240,0.6,93240,6800,2560280
FINNIFTY02JAN2420700PE.NFO,02/01/2024,11:19:25,0.55,0.55,62040,0.6,104760,18000,2560280
FINNIFTY02JAN2420700PE.NFO,02/01/2024,11:19:34,0.6,0.55,68840,0.6,98280,11080,2560280
FINNIFTY02JAN2420700PE.NFO,02/01/2024,11:19:43,0.6,0.55,73880,0.6,95480,16000,2560280
FINNIFTY02JAN2420700PE.NFO,02/01/2024,11:19:52,0.6,0.55,87000,0.6,89920,21400,2560280
FINNIFTY02JAN2420700PE.NFO,02/01/2024,11:20:01,0.6,0.55,116920,0.6,88080,10400,2560280
FINNIFTY02JAN2420700PE.NFO,02/01/2024,11:20:10,0.55,0.55,116840,0.6,91120,8440,2560280
FINNIFTY02JAN2420700PE.NFO,02/01/2024,11:20:19,0.6,0.55,117720,0.6,88200,4560,2560280
FINNIFTY02JAN2420700PE.NFO,02/01/2024,11:20:28,0.55,0.55,122800,0.6,89280,3120,2560280
FINNIFTY02JAN2420700PE.NFO,02/01/2024,11:20:38,0.6,0.55,125000,0.6,89120,7920,2560280
FINNIFTY02JAN2420700PE.NFO,02/01/2024,11:20:47,0.6,0.55,129440,0.6,93160,9120,2666800
FINNIFTY02JAN2420700PE.NFO,02/01/2024,11:20:56,0.6,0.55,131320,0.6,92680,5680,2666800
FINNIFTY02JAN2420700PE.NFO,02/01/2024,11:21:05,0.6,0.55,132240,0.6,91640,9080,2666800
FINNIFTY02JAN2420700PE.NFO,02/01/2024,11:21:15,0.6,0.55,128920,0.6,89520,7200,2666800
FINNIFTY02JAN2420700PE.NFO,02/01/2024,11:21:24,0.6,0.55,112280,0.6,70320,98040,2666800
FINNIFTY02JAN2420700PE.NFO,02/01/2024,11:21:34,0.6,0.55,122000,0.6,78440,4920,2666800
FINNIFTY02JAN2420700PE.NFO,02/01/2024,11:21:43,0.6,0.55,118200,0.6,81880,10160,2666800
FINNIFTY02JAN2420700PE.NFO,02/01/2024,11:21:52,0.6,0.55,124280,0.6,83560,11600,2666800
FINNIFTY02JAN2420700PE.NFO,02/01/2024,11:22:02,0.6,0.55,121000,0.6,110280,5840,2666800
FINNIFTY02JAN2420700PE.NFO,02/01/2024,11:22:11,0.55,0.55,119320,0.6,113520,2800,2666800
FINNIFTY02JAN2420700PE.NFO,02/01/2024,11:22:21,0.55,0.55,113640,0.6,118480,7520,2666800
FINNIFTY02JAN2420700PE.NFO,02/01/2024,11:22:31,0.6,0.55,110200,0.6,125320,7480,2666800
FINNIFTY02JAN2420700PE.NFO,02/01/2024,11:22:40,0.55,0.55,102080,0.6,141720,21040,2666800
FINNIFTY02JAN2420700PE.NFO,02/01/2024,11:22:50,0.55,0.5,140400,0.55,118000,62720,2666800
FINNIFTY02JAN2420700PE.NFO,02/01/2024,11:23:00,0.5,0.5,136240,0.55,112480,400,2666800
