Ticker,Date,Time,LTP,BuyPrice,BuyQty,SellPrice,SellQty,LTQ,OpenInterest
FINNIFTY02JAN2422900CE.NFO,02/01/2024,09:15:06,0.3,0.25,5520,0.3,6000,6120,86880
FINNIFTY02JAN2422900CE.NFO,02/01/2024,09:15:06,0.3,0.25,5520,0.3,6000,0,86880
FINNIFTY02JAN2422900CE.NFO,02/01/2024,09:15:06,0.3,0.25,5520,0.3,6000,0,86880
FINNIFTY02JAN2422900CE.NFO,02/01/2024,09:15:06,0.2,0.25,5520,0.3,6000,0,86880
FINNIFTY02JAN2422900CE.NFO,02/01/2024,09:15:19,0.25,0.25,19360,0.3,7360,8480,86880
FINNIFTY02JAN2422900CE.NFO,02/01/2024,09:15:31,0.25,0.25,18440,0.3,7360,1080,86880
FINNIFTY02JAN2422900CE.NFO,02/01/2024,09:15:40,0.25,0.25,24120,0.3,7360,1520,86880
FINNIFTY02JAN2422900CE.NFO,02/01/2024,09:15:49,0.25,0.25,21880,0.3,12040,9560,86880
FINNIFTY02JAN2422900CE.NFO,02/01/2024,09:15:57,0.3,0.25,22840,0.3,12480,1800,86880
FINNIFTY02JAN2422900CE.NFO,02/01/2024,09:16:08,0.3,0.25,22040,0.3,13880,2040,86880
FINNIFTY02JAN2422900CE.NFO,02/01/2024,09:16:16,0.3,0.25,21640,0.3,14760,1320,86880
FINNIFTY02JAN2422900CE.NFO,02/01/2024,09:16:24,0.3,0.25,21640,0.3,15760,0,86880
FINNIFTY02JAN2422900CE.NFO,02/01/2024,09:16:40,0.3,0.25,21640,0.3,15960,0,86880
FINNIFTY02JAN2422900CE.NFO,02/01/2024,09:17:04,0.3,0.25,23440,0.3,7400,4320,86880
FINNIFTY02JAN2422900CE.NFO,02/01/2024,09:17:13,0.25,0.25,19760,0.3,13480,3680,86880
FINNIFTY02JAN2422900CE.NFO,02/01/2024,09:17:21,0.25,0.25,21520,0.3,13480,40,86880
FINNIFTY02JAN2422900CE.NFO,02/01/2024,09:17:29,0.25,0.25,21520,0.3,13480,0,86880
FINNIFTY02JAN2422900CE.NFO,02/01/2024,09:17:54,0.25,0.25,19720,0.3,20880,0,86880
FINNIFTY02JAN2422900CE.NFO,02/01/2024,09:18:01,0.25,0.25,19720,0.3,22680,0,86880
FINNIFTY02JAN2422900CE.NFO,02/01/2024,09:18:15,0.25,0.25,22600,0.3,22680,0,86880
FINNIFTY02JAN2422900CE.NFO,02/01/2024,09:18:24,0.25,0.25,24040,0.3,23280,0,86880
FINNIFTY02JAN2422900CE.NFO,02/01/2024,09:18:31,0.25,0.25,24040,0.3,29280,0,86880
FINNIFTY02JAN2422900CE.NFO,02/01/2024,09:19:04,0.3,0.25,23840,0.3,28960,520,94400
FINNIFTY02JAN2422900CE.NFO,02/01/2024,09:19:12,0.25,0.25,23760,0.3,28960,80,94400
FINNIFTY02JAN2422900CE.NFO,02/01/2024,09:19:21,0.3,0.25,23760,0.3,28920,40,94400
FINNIFTY02JAN2422900CE.NFO,02/01/2024,09:19:29,0.3,0.25,23760,0.3,29280,0,94400
FINNIFTY02JAN2422900CE.NFO,02/01/2024,09:19:47,0.25,0.25,21960,0.3,29280,1800,94400
FINNIFTY02JAN2422900CE.NFO,02/01/2024,09:19:55,0.25,0.25,21520,0.3,29280,440,94400
FINNIFTY02JAN2422900CE.NFO,02/01/2024,09:20:19,0.3,0.25,21520,0.3,29240,40,94400
FINNIFTY02JAN2422900CE.NFO,02/01/2024,09:20:26,0.3,0.25,21520,0.3,30240,0,94400
FINNIFTY02JAN2422900CE.NFO,02/01/2024,09:20:42,0.3,0.25,21520,0.3,29240,0,94400
FINNIFTY02JAN2422900CE.NFO,02/01/2024,09:20:49,0.3,0.25,22520,0.3,28680,560,96000
FINNIFTY02JAN2422900CE.NFO,02/01/2024,09:20:59,0.3,0.25,22520,0.3,28320,360,96000
FINNIFTY02JAN2422900CE.NFO,02/01/2024,09:21:11,0.25,0.25,21720,0.3,29760,1200,96000
FINNIFTY02JAN2422900CE.NFO,02/01/2024,09:21:23,0.25,0.25,22360,0.3,29880,280,96000
FINNIFTY02JAN2422900CE.NFO,02/01/2024,09:21:35,0.3,0.25,33160,0.3,27480,2400,96000
FINNIFTY02JAN2422900CE.NFO,02/01/2024,09:21:46,0.3,0.25,40600,0.3,27880,600,96000
FINNIFTY02JAN2422900CE.NFO,02/01/2024,09:21:57,0.25,0.25,40600,0.3,25040,4600,96000
FINNIFTY02JAN2422900CE.NFO,02/01/2024,09:22:08,0.3,0.25,40600,0.3,26480,960,96000
FINNIFTY02JAN2422900CE.NFO,02/01/2024,09:22:20,0.35,0.3,21120,0.35,25400,27200,96000
FINNIFTY02JAN2422900CE.NFO,02/01/2024,09:22:20,0.35,0.3,21120,0.35,25400,0,96000
FINNIFTY02JAN2422900CE.NFO,02/01/2024,09:22:31,0.35,0.3,14440,0.35,40200,10880,96000
FINNIFTY02JAN2422900CE.NFO,02/01/2024,09:22:43,0.35,0.3,14440,0.35,40320,0,96000
FINNIFTY02JAN2422900CE.NFO,02/01/2024,09:22:54,0.35,0.3,11640,0.35,40320,0,96000
FINNIFTY02JAN2422900CE.NFO,02/01/2024,09:23:15,0.3,0.3,11200,0.35,43920,200,96000
FINNIFTY02JAN2422900CE.NFO,02/01/2024,09:23:26,0.3,0.3,6480,0.35,42320,2880,107520
FINNIFTY02JAN2422900CE.NFO,02/01/2024,09:23:37,0.25,0.25,64120,0.3,32600,8400,107520
FINNIFTY02JAN2422900CE.NFO,02/01/2024,09:23:47,0.25,0.25,66440,0.3,32600,0,107520
FINNIFTY02JAN2422900CE.NFO,02/01/2024,09:23:58,0.25,0.25,69200,0.3,31240,1440,107520
FINNIFTY02JAN2422900CE.NFO,02/01/2024,09:24:09,0.25,0.25,74000,0.3,33960,1640,107520
FINNIFTY02JAN2422900CE.NFO,02/01/2024,09:24:19,0.25,0.25,73440,0.3,33960,560,107520
FINNIFTY02JAN2422900CE.NFO,02/01/2024,09:24:31,0.25,0.25,77040,0.3,33960,0,107520
FINNIFTY02JAN2422900CE.NFO,02/01/2024,09:24:41,0.25,0.25,77520,0.3,36360,0,107520
FINNIFTY02JAN2422900CE.NFO,02/01/2024,09:25:03,0.25,0.25,74880,0.3,35960,1600,107520
FINNIFTY02JAN2422900CE.NFO,02/01/2024,09:25:14,0.25,0.25,74600,0.3,37080,280,107520
FINNIFTY02JAN2422900CE.NFO,02/01/2024,09:25:25,0.25,0.25,73400,0.3,37080,1160,107520
FINNIFTY02JAN2422900CE.NFO,02/01/2024,09:25:36,0.25,0.25,55160,0.3,41400,1680,107520
FINNIFTY02JAN2422900CE.NFO,02/01/2024,09:25:47,0.25,0.25,56680,0.3,43080,280,107520
FINNIFTY02JAN2422900CE.NFO,02/01/2024,09:25:58,0.25,0.25,54680,0.3,43080,0,107520
FINNIFTY02JAN2422900CE.NFO,02/01/2024,09:26:08,0.3,0.25,54760,0.3,42920,160,107520
FINNIFTY02JAN2422900CE.NFO,02/01/2024,09:26:21,0.3,0.25,55160,0.3,41560,1840,107520
FINNIFTY02JAN2422900CE.NFO,02/01/2024,09:26:33,0.3,0.25,55400,0.3,40000,5400,106640
FINNIFTY02JAN2422900CE.NFO,02/01/2024,09:26:45,0.25,0.25,57400,0.3,41200,3920,106640
FINNIFTY02JAN2422900CE.NFO,02/01/2024,09:26:58,0.3,0.25,56080,0.3,41760,3320,106640
FINNIFTY02JAN2422900CE.NFO,02/01/2024,09:27:10,0.25,0.25,55640,0.3,43320,440,106640
FINNIFTY02JAN2422900CE.NFO,02/01/2024,09:27:21,0.25,0.25,55640,0.3,43280,0,106640
FINNIFTY02JAN2422900CE.NFO,02/01/2024,09:27:43,0.25,0.25,54640,0.3,43280,200,106640
FINNIFTY02JAN2422900CE.NFO,02/01/2024,09:27:54,0.25,0.25,52600,0.3,44720,1760,106640
FINNIFTY02JAN2422900CE.NFO,02/01/2024,09:28:07,0.25,0.25,53080,0.3,44720,0,106640
FINNIFTY02JAN2422900CE.NFO,02/01/2024,09:29:17,0.25,0.25,53080,0.3,45520,0,106640
FINNIFTY02JAN2422900CE.NFO,02/01/2024,09:30:28,0.3,0.25,53080,0.3,44920,600,103680
FINNIFTY02JAN2422900CE.NFO,02/01/2024,09:30:39,0.3,0.25,53080,0.3,45000,0,103680
FINNIFTY02JAN2422900CE.NFO,02/01/2024,09:31:01,0.25,0.25,52480,0.3,45000,600,103680
FINNIFTY02JAN2422900CE.NFO,02/01/2024,09:31:12,0.25,0.25,52480,0.3,45000,0,103680
FINNIFTY02JAN2422900CE.NFO,02/01/2024,09:32:19,0.3,0.25,52480,0.3,44960,40,103680
FINNIFTY02JAN2422900CE.NFO,02/01/2024,09:32:31,0.3,0.25,51040,0.3,44960,0,103680
FINNIFTY02JAN2422900CE.NFO,02/01/2024,09:32:42,0.3,0.25,51040,0.3,44840,120,104200
FINNIFTY02JAN2422900CE.NFO,02/01/2024,09:32:54,0.25,0.25,48800,0.3,47840,3600,104200
FINNIFTY02JAN2422900CE.NFO,02/01/2024,09:33:05,0.25,0.25,50000,0.3,51560,1200,104200
FINNIFTY02JAN2422900CE.NFO,02/01/2024,09:33:15,0.25,0.25,50000,0.3,51560,0,104200
FINNIFTY02JAN2422900CE.NFO,02/01/2024,09:33:27,0.25,0.25,50000,0.3,53360,0,104200
FINNIFTY02JAN2422900CE.NFO,02/01/2024,09:34:11,0.3,0.25,50000,0.3,53280,80,104200
FINNIFTY02JAN2422900CE.NFO,02/01/2024,09:34:32,0.3,0.25,50000,0.3,53240,40,104200
FINNIFTY02JAN2422900CE.NFO,02/01/2024,09:34:53,0.3,0.25,50000,0.3,53240,0,104200
FINNIFTY02JAN2422900CE.NFO,02/01/2024,09:35:34,0.3,0.25,50400,0.3,53240,0,104200
FINNIFTY02JAN2422900CE.NFO,02/01/2024,09:36:50,0.3,0.25,50400,0.3,53400,0,104200
FINNIFTY02JAN2422900CE.NFO,02/01/2024,09:37:01,0.3,0.25,50800,0.3,53400,0,104200
FINNIFTY02JAN2422900CE.NFO,02/01/2024,09:37:22,0.3,0.25,50800,0.3,48600,4800,102560
FINNIFTY02JAN2422900CE.NFO,02/01/2024,09:38:13,0.3,0.25,50800,0.3,48600,0,102560
FINNIFTY02JAN2422900CE.NFO,02/01/2024,09:39:08,0.25,0.25,48680,0.3,48600,2120,102560
FINNIFTY02JAN2422900CE.NFO,02/01/2024,09:39:29,0.25,0.25,48360,0.3,48600,320,102560
FINNIFTY02JAN2422900CE.NFO,02/01/2024,09:39:39,0.25,0.25,47800,0.3,52200,560,102560
FINNIFTY02JAN2422900CE.NFO,02/01/2024,09:39:50,0.25,0.25,47800,0.3,52200,0,102560
FINNIFTY02JAN2422900CE.NFO,02/01/2024,09:40:15,0.25,0.25,47800,0.3,52800,0,102560
FINNIFTY02JAN2422900CE.NFO,02/01/2024,09:40:28,0.25,0.25,47800,0.3,52600,0,102560
FINNIFTY02JAN2422900CE.NFO,02/01/2024,09:41:05,0.25,0.25,45400,0.3,53200,0,102560
FINNIFTY02JAN2422900CE.NFO,02/01/2024,09:41:38,0.25,0.25,44960,0.3,53200,0,102560
FINNIFTY02JAN2422900CE.NFO,02/01/2024,09:42:22,0.25,0.25,45000,0.3,53200,0,102560
FINNIFTY02JAN2422900CE.NFO,02/01/2024,09:42:33,0.3,0.25,47400,0.3,53160,40,105240
FINNIFTY02JAN2422900CE.NFO,02/01/2024,09:42:54,0.25,0.25,47360,0.3,54960,40,105240
FINNIFTY02JAN2422900CE.NFO,02/01/2024,09:43:17,0.25,0.25,47360,0.3,54960,0,105240
FINNIFTY02JAN2422900CE.NFO,02/01/2024,09:43:28,0.25,0.25,44960,0.3,54960,0,105240
FINNIFTY02JAN2422900CE.NFO,02/01/2024,09:43:40,0.25,0.25,43760,0.3,54960,0,105240
FINNIFTY02JAN2422900CE.NFO,02/01/2024,09:43:51,0.25,0.25,41280,0.3,54560,480,105240
FINNIFTY02JAN2422900CE.NFO,02/01/2024,09:44:02,0.25,0.25,41280,0.3,54560,0,105240
FINNIFTY02JAN2422900CE.NFO,02/01/2024,09:44:13,0.25,0.25,43680,0.3,53960,0,105240
FINNIFTY02JAN2422900CE.NFO,02/01/2024,09:45:28,0.25,0.25,23680,0.3,53960,0,105240
FINNIFTY02JAN2422900CE.NFO,02/01/2024,09:45:39,0.25,0.25,18280,0.3,53960,0,105240
FINNIFTY02JAN2422900CE.NFO,02/01/2024,09:45:50,0.25,0.25,11800,0.3,54080,1680,105240
FINNIFTY02JAN2422900CE.NFO,02/01/2024,09:46:12,0.25,0.25,31000,0.3,54080,0,105240
FINNIFTY02JAN2422900CE.NFO,02/01/2024,09:46:23,0.25,0.25,38200,0.3,54080,0,105240
FINNIFTY02JAN2422900CE.NFO,02/01/2024,09:46:54,0.25,0.25,34880,0.3,54080,4200,105240
FINNIFTY02JAN2422900CE.NFO,02/01/2024,09:47:05,0.3,0.25,35520,0.3,53640,5880,105240
FINNIFTY02JAN2422900CE.NFO,02/01/2024,09:47:16,0.25,0.25,20720,0.3,53640,400,105240
FINNIFTY02JAN2422900CE.NFO,02/01/2024,09:47:26,0.25,0.25,33320,0.3,53640,0,105240
FINNIFTY02JAN2422900CE.NFO,02/01/2024,09:47:48,0.25,0.25,13520,0.3,53640,0,105240
FINNIFTY02JAN2422900CE.NFO,02/01/2024,09:47:59,0.3,0.25,12200,0.3,53080,560,109720
FINNIFTY02JAN2422900CE.NFO,02/01/2024,09:48:09,0.25,0.25,11040,0.3,53920,1160,109720
FINNIFTY02JAN2422900CE.NFO,02/01/2024,09:48:20,0.25,0.25,11040,0.3,53080,0,109720
FINNIFTY02JAN2422900CE.NFO,02/01/2024,09:48:40,0.3,0.25,12800,0.3,52680,440,109720
FINNIFTY02JAN2422900CE.NFO,02/01/2024,09:48:50,0.3,0.25,21520,0.3,52280,800,109720
FINNIFTY02JAN2422900CE.NFO,02/01/2024,09:49:00,0.25,0.25,29160,0.3,52280,1000,109720
FINNIFTY02JAN2422900CE.NFO,02/01/2024,09:49:10,0.3,0.25,30960,0.3,50480,1800,109720
FINNIFTY02JAN2422900CE.NFO,02/01/2024,09:49:21,0.25,0.25,31720,0.3,50480,2480,109720
FINNIFTY02JAN2422900CE.NFO,02/01/2024,09:49:41,0.25,0.25,33520,0.3,50280,0,109720
FINNIFTY02JAN2422900CE.NFO,02/01/2024,09:49:51,0.25,0.25,22400,0.3,50280,760,109720
FINNIFTY02JAN2422900CE.NFO,02/01/2024,09:50:21,0.25,0.25,24200,0.3,50280,0,109720
FINNIFTY02JAN2422900CE.NFO,02/01/2024,09:50:41,0.25,0.25,20600,0.3,50280,1200,108120
FINNIFTY02JAN2422900CE.NFO,02/01/2024,09:50:52,0.25,0.25,24080,0.3,50280,0,108120
FINNIFTY02JAN2422900CE.NFO,02/01/2024,09:51:56,0.3,0.25,24080,0.3,49480,2280,108120
FINNIFTY02JAN2422900CE.NFO,02/01/2024,09:52:07,0.25,0.2,108480,0.25,30080,26600,108120
FINNIFTY02JAN2422900CE.NFO,02/01/2024,09:52:17,0.25,0.2,109040,0.25,48840,320,108120
FINNIFTY02JAN2422900CE.NFO,02/01/2024,09:52:27,0.25,0.2,109040,0.25,57840,0,108120
FINNIFTY02JAN2422900CE.NFO,02/01/2024,09:52:37,0.25,0.2,110680,0.25,58880,2160,108120
FINNIFTY02JAN2422900CE.NFO,02/01/2024,09:52:57,0.25,0.2,110920,0.25,58600,320,108120
FINNIFTY02JAN2422900CE.NFO,02/01/2024,09:53:08,0.25,0.2,119560,0.25,58600,0,108120
FINNIFTY02JAN2422900CE.NFO,02/01/2024,09:53:18,0.25,0.2,137200,0.25,56800,0,108120
FINNIFTY02JAN2422900CE.NFO,02/01/2024,09:53:28,0.2,0.2,137120,0.25,55160,80,108120
FINNIFTY02JAN2422900CE.NFO,02/01/2024,09:53:39,0.25,0.2,137280,0.25,55080,920,127840
FINNIFTY02JAN2422900CE.NFO,02/01/2024,09:53:50,0.25,0.2,137280,0.25,55240,160,127840
FINNIFTY02JAN2422900CE.NFO,02/01/2024,09:54:00,0.25,0.2,137280,0.25,55200,40,127840
FINNIFTY02JAN2422900CE.NFO,02/01/2024,09:54:20,0.25,0.2,137280,0.25,55160,40,127840
FINNIFTY02JAN2422900CE.NFO,02/01/2024,09:54:31,0.25,0.2,137280,0.25,55000,160,127840
FINNIFTY02JAN2422900CE.NFO,02/01/2024,09:54:42,0.25,0.2,137280,0.25,54640,360,127840
FINNIFTY02JAN2422900CE.NFO,02/01/2024,09:54:53,0.25,0.2,140040,0.25,46600,17520,127840
FINNIFTY02JAN2422900CE.NFO,02/01/2024,09:55:06,0.25,0.2,139600,0.25,46160,440,127840
FINNIFTY02JAN2422900CE.NFO,02/01/2024,09:55:29,0.25,0.2,137800,0.25,48560,0,127840
FINNIFTY02JAN2422900CE.NFO,02/01/2024,09:55:42,0.2,0.2,137280,0.25,48560,520,127840
FINNIFTY02JAN2422900CE.NFO,02/01/2024,09:56:06,0.25,0.2,137280,0.25,46560,2360,127840
FINNIFTY02JAN2422900CE.NFO,02/01/2024,09:56:20,0.2,0.2,137200,0.25,41440,3400,127840
FINNIFTY02JAN2422900CE.NFO,02/01/2024,09:56:33,0.3,0.25,100600,0.3,32440,41040,122800
FINNIFTY02JAN2422900CE.NFO,02/01/2024,09:56:46,0.25,0.25,99520,0.3,32280,3240,122800
FINNIFTY02JAN2422900CE.NFO,02/01/2024,09:57:00,0.3,0.25,98280,0.3,32720,1920,122800
FINNIFTY02JAN2422900CE.NFO,02/01/2024,09:57:13,0.3,0.25,98280,0.3,24240,1040,122800
FINNIFTY02JAN2422900CE.NFO,02/01/2024,09:57:26,0.25,0.25,89840,0.3,27120,1640,122800
FINNIFTY02JAN2422900CE.NFO,02/01/2024,09:57:39,0.25,0.25,98520,0.3,31160,1160,122800
FINNIFTY02JAN2422900CE.NFO,02/01/2024,09:57:51,0.3,0.25,98400,0.3,30920,240,122800
FINNIFTY02JAN2422900CE.NFO,02/01/2024,09:58:02,0.3,0.25,98400,0.3,31120,0,122800
FINNIFTY02JAN2422900CE.NFO,02/01/2024,09:58:14,0.3,0.25,98400,0.3,30920,200,122800
FINNIFTY02JAN2422900CE.NFO,02/01/2024,09:58:25,0.25,0.25,101120,0.3,30680,400,122800
FINNIFTY02JAN2422900CE.NFO,02/01/2024,09:58:37,0.3,0.25,99960,0.3,22240,400,122800
FINNIFTY02JAN2422900CE.NFO,02/01/2024,09:58:49,0.3,0.25,104720,0.3,21760,480,122800
FINNIFTY02JAN2422900CE.NFO,02/01/2024,09:58:59,0.3,0.25,108280,0.3,29800,0,122800
FINNIFTY02JAN2422900CE.NFO,02/01/2024,09:59:11,0.3,0.3,19280,0.35,34640,23120,122800
FINNIFTY02JAN2422900CE.NFO,02/01/2024,09:59:22,0.3,0.3,32160,0.35,39680,80,122800
FINNIFTY02JAN2422900CE.NFO,02/01/2024,09:59:33,0.3,0.3,26760,0.35,43600,0,122800
FINNIFTY02JAN2422900CE.NFO,02/01/2024,10:00:06,0.3,0.3,28640,0.35,40840,5600,130160
FINNIFTY02JAN2422900CE.NFO,02/01/2024,10:00:17,0.3,0.3,26840,0.35,42360,0,130160
FINNIFTY02JAN2422900CE.NFO,02/01/2024,10:00:29,0.35,0.3,26840,0.35,42320,40,130160
FINNIFTY02JAN2422900CE.NFO,02/01/2024,10:00:41,0.35,0.3,26840,0.35,42600,0,130160
FINNIFTY02JAN2422900CE.NFO,02/01/2024,10:00:52,0.3,0.25,116840,0.3,20200,52600,130160
FINNIFTY02JAN2422900CE.NFO,02/01/2024,10:01:03,0.3,0.25,122120,0.3,9400,15000,130160
FINNIFTY02JAN2422900CE.NFO,02/01/2024,10:01:14,0.35,0.3,55640,0.35,47400,9560,130160
FINNIFTY02JAN2422900CE.NFO,02/01/2024,10:01:26,0.35,0.3,57440,0.35,34240,0,130160
FINNIFTY02JAN2422900CE.NFO,02/01/2024,10:01:37,0.35,0.3,50600,0.35,36120,10200,130160
FINNIFTY02JAN2422900CE.NFO,02/01/2024,10:01:47,0.35,0.3,55240,0.35,40600,0,130160
FINNIFTY02JAN2422900CE.NFO,02/01/2024,10:01:59,0.3,0.3,51360,0.35,38800,40,130160
FINNIFTY02JAN2422900CE.NFO,02/01/2024,10:02:10,0.3,0.3,50920,0.35,38600,0,130160
FINNIFTY02JAN2422900CE.NFO,02/01/2024,10:02:31,0.3,0.3,41680,0.35,42200,0,130160
FINNIFTY02JAN2422900CE.NFO,02/01/2024,10:02:42,0.3,0.3,9600,0.35,35920,36040,172640
FINNIFTY02JAN2422900CE.NFO,02/01/2024,10:02:53,0.3,0.25,144160,0.3,25560,16200,172640
FINNIFTY02JAN2422900CE.NFO,02/01/2024,10:03:05,0.3,0.25,144160,0.3,25560,0,172640
FINNIFTY02JAN2422900CE.NFO,02/01/2024,10:03:17,0.3,0.25,145080,0.3,25560,0,172640
FINNIFTY02JAN2422900CE.NFO,02/01/2024,10:03:30,0.3,0.25,145080,0.3,23520,2040,172640
FINNIFTY02JAN2422900CE.NFO,02/01/2024,10:03:41,0.3,0.25,145080,0.3,47960,960,172640
FINNIFTY02JAN2422900CE.NFO,02/01/2024,10:03:52,0.3,0.25,145080,0.3,48080,40,172640
FINNIFTY02JAN2422900CE.NFO,02/01/2024,10:04:03,0.3,0.25,144160,0.3,44280,1840,172640
FINNIFTY02JAN2422900CE.NFO,02/01/2024,10:04:15,0.3,0.3,56480,0.35,48320,32560,172640
FINNIFTY02JAN2422900CE.NFO,02/01/2024,10:04:26,0.3,0.3,44040,0.35,55440,800,172640
FINNIFTY02JAN2422900CE.NFO,02/01/2024,10:04:37,0.3,0.3,51120,0.35,53960,1920,172640
FINNIFTY02JAN2422900CE.NFO,02/01/2024,10:04:49,0.3,0.3,51880,0.35,52120,480,172640
FINNIFTY02JAN2422900CE.NFO,02/01/2024,10:05:00,0.3,0.3,50880,0.35,52120,1000,172640
FINNIFTY02JAN2422900CE.NFO,02/01/2024,10:05:11,0.3,0.3,50880,0.35,50680,0,172640
FINNIFTY02JAN2422900CE.NFO,02/01/2024,10:05:22,0.3,0.25,159760,0.3,54560,31960,172640
FINNIFTY02JAN2422900CE.NFO,02/01/2024,10:05:33,0.3,0.25,159520,0.3,55360,0,172640
FINNIFTY02JAN2422900CE.NFO,02/01/2024,10:05:44,0.3,0.25,163520,0.3,55320,0,172640
FINNIFTY02JAN2422900CE.NFO,02/01/2024,10:05:55,0.3,0.25,147920,0.3,57160,0,172640
FINNIFTY02JAN2422900CE.NFO,02/01/2024,10:06:06,0.3,0.25,147920,0.3,53520,0,172640
FINNIFTY02JAN2422900CE.NFO,02/01/2024,10:06:18,0.3,0.25,149720,0.3,53520,0,172640
FINNIFTY02JAN2422900CE.NFO,02/01/2024,10:06:42,0.3,0.25,149600,0.3,54600,880,147360
FINNIFTY02JAN2422900CE.NFO,02/01/2024,10:06:53,0.3,0.25,149600,0.3,54720,0,147360
FINNIFTY02JAN2422900CE.NFO,02/01/2024,10:07:04,0.3,0.25,149720,0.3,54720,0,147360
FINNIFTY02JAN2422900CE.NFO,02/01/2024,10:07:16,0.3,0.25,149720,0.3,53920,40,147360
FINNIFTY02JAN2422900CE.NFO,02/01/2024,10:07:27,0.3,0.25,149720,0.3,53920,0,147360
FINNIFTY02JAN2422900CE.NFO,02/01/2024,10:07:38,0.25,0.25,149680,0.3,53920,40,147360
FINNIFTY02JAN2422900CE.NFO,02/01/2024,10:07:49,0.3,0.25,149680,0.3,53760,160,147360
FINNIFTY02JAN2422900CE.NFO,02/01/2024,10:08:01,0.25,0.25,142640,0.3,52720,7040,147360
FINNIFTY02JAN2422900CE.NFO,02/01/2024,10:08:12,0.25,0.25,142600,0.3,56160,40,147360
FINNIFTY02JAN2422900CE.NFO,02/01/2024,10:08:23,0.25,0.25,142600,0.3,56160,0,147360
FINNIFTY02JAN2422900CE.NFO,02/01/2024,10:08:45,0.3,0.25,140800,0.3,56000,160,147440
FINNIFTY02JAN2422900CE.NFO,02/01/2024,10:08:56,0.3,0.25,144920,0.3,56000,0,147440
FINNIFTY02JAN2422900CE.NFO,02/01/2024,10:09:20,0.3,0.25,144920,0.3,56040,0,147440
FINNIFTY02JAN2422900CE.NFO,02/01/2024,10:09:42,0.3,0.25,145920,0.3,56000,0,147440
FINNIFTY02JAN2422900CE.NFO,02/01/2024,10:09:54,0.3,0.25,145920,0.3,56120,0,147440
FINNIFTY02JAN2422900CE.NFO,02/01/2024,10:10:05,0.3,0.25,145920,0.3,50960,5200,147440
FINNIFTY02JAN2422900CE.NFO,02/01/2024,10:10:16,0.3,0.25,142040,0.3,50960,0,147440
FINNIFTY02JAN2422900CE.NFO,02/01/2024,10:10:27,0.3,0.25,142040,0.3,51000,0,147440
FINNIFTY02JAN2422900CE.NFO,02/01/2024,10:10:39,0.3,0.25,142040,0.3,48840,4400,147440
FINNIFTY02JAN2422900CE.NFO,02/01/2024,10:10:50,0.25,0.25,141800,0.3,48840,240,147440
FINNIFTY02JAN2422900CE.NFO,02/01/2024,10:11:02,0.25,0.25,131000,0.3,50400,0,147440
FINNIFTY02JAN2422900CE.NFO,02/01/2024,10:11:12,0.25,0.25,147560,0.3,50360,0,147440
FINNIFTY02JAN2422900CE.NFO,02/01/2024,10:11:34,0.25,0.25,147560,0.3,48840,0,147440
FINNIFTY02JAN2422900CE.NFO,02/01/2024,10:11:45,0.3,0.25,149360,0.3,48800,40,152240
FINNIFTY02JAN2422900CE.NFO,02/01/2024,10:12:06,0.3,0.25,129400,0.3,50320,0,152240
FINNIFTY02JAN2422900CE.NFO,02/01/2024,10:12:16,0.3,0.25,131200,0.3,50320,0,152240
FINNIFTY02JAN2422900CE.NFO,02/01/2024,10:12:37,0.25,0.25,130080,0.3,53840,1120,152240
FINNIFTY02JAN2422900CE.NFO,02/01/2024,10:12:49,0.25,0.25,130080,0.3,53840,0,152240
FINNIFTY02JAN2422900CE.NFO,02/01/2024,10:13:00,0.25,0.25,121080,0.3,53840,1800,152240
FINNIFTY02JAN2422900CE.NFO,02/01/2024,10:13:11,0.25,0.25,108480,0.3,57160,0,152240
FINNIFTY02JAN2422900CE.NFO,02/01/2024,10:13:22,0.25,0.25,110280,0.3,55640,0,152240
FINNIFTY02JAN2422900CE.NFO,02/01/2024,10:13:32,0.25,0.25,110280,0.3,44840,0,152240
FINNIFTY02JAN2422900CE.NFO,02/01/2024,10:13:43,0.25,0.25,107080,0.3,53560,3200,152240
FINNIFTY02JAN2422900CE.NFO,02/01/2024,10:13:54,0.25,0.25,107080,0.3,53560,0,152240
FINNIFTY02JAN2422900CE.NFO,02/01/2024,10:14:46,0.25,0.25,108560,0.3,52040,0,152240
FINNIFTY02JAN2422900CE.NFO,02/01/2024,10:15:06,0.25,0.25,107080,0.3,55000,0,152240
FINNIFTY02JAN2422900CE.NFO,02/01/2024,10:15:16,0.25,0.25,107080,0.3,56440,0,152240
FINNIFTY02JAN2422900CE.NFO,02/01/2024,10:15:47,0.25,0.25,103320,0.3,56440,160,152240
FINNIFTY02JAN2422900CE.NFO,02/01/2024,10:15:57,0.25,0.25,102320,0.3,56440,0,152240
FINNIFTY02JAN2422900CE.NFO,02/01/2024,10:16:08,0.25,0.25,102320,0.3,56480,0,152240
FINNIFTY02JAN2422900CE.NFO,02/01/2024,10:16:18,0.25,0.25,102320,0.3,56440,0,152240
FINNIFTY02JAN2422900CE.NFO,02/01/2024,10:16:29,0.25,0.25,84320,0.3,56440,0,152240
FINNIFTY02JAN2422900CE.NFO,02/01/2024,10:17:33,0.3,0.25,84160,0.3,55520,320,152240
FINNIFTY02JAN2422900CE.NFO,02/01/2024,10:17:44,0.3,0.25,84160,0.3,55520,0,152240
FINNIFTY02JAN2422900CE.NFO,02/01/2024,10:17:54,0.3,0.25,84160,0.3,57040,0,152240
FINNIFTY02JAN2422900CE.NFO,02/01/2024,10:18:04,0.25,0.25,67760,0.3,57040,200,152240
FINNIFTY02JAN2422900CE.NFO,02/01/2024,10:18:32,0.25,0.25,80840,0.3,55520,1320,152240
FINNIFTY02JAN2422900CE.NFO,02/01/2024,10:18:50,0.25,0.25,80840,0.3,55160,0,152240
FINNIFTY02JAN2422900CE.NFO,02/01/2024,10:19:31,0.25,0.25,81440,0.3,55160,0,152240
FINNIFTY02JAN2422900CE.NFO,02/01/2024,10:20:09,0.25,0.25,78560,0.3,55160,0,152240
FINNIFTY02JAN2422900CE.NFO,02/01/2024,10:20:29,0.25,0.25,77960,0.3,56680,0,152240
FINNIFTY02JAN2422900CE.NFO,02/01/2024,10:20:39,0.3,0.25,76760,0.3,33080,37320,152520
FINNIFTY02JAN2422900CE.NFO,02/01/2024,10:20:48,0.3,0.25,76760,0.3,33080,0,152520
FINNIFTY02JAN2422900CE.NFO,02/01/2024,10:21:17,0.3,0.25,76760,0.3,40760,0,152520
FINNIFTY02JAN2422900CE.NFO,02/01/2024,10:22:28,0.3,0.25,76760,0.3,39240,1520,152520
FINNIFTY02JAN2422900CE.NFO,02/01/2024,10:22:58,0.3,0.25,55160,0.3,39240,0,152520
FINNIFTY02JAN2422900CE.NFO,02/01/2024,10:23:39,0.3,0.25,51560,0.3,39240,0,152520
FINNIFTY02JAN2422900CE.NFO,02/01/2024,10:24:00,0.25,0.25,51320,0.3,39240,240,131120
FINNIFTY02JAN2422900CE.NFO,02/01/2024,10:25:52,0.25,0.25,51320,0.3,39240,0,131120
FINNIFTY02JAN2422900CE.NFO,02/01/2024,10:31:58,0.25,0.25,49720,0.3,41040,1600,131360
FINNIFTY02JAN2422900CE.NFO,02/01/2024,10:32:37,0.25,0.25,49720,0.3,42480,0,131360
FINNIFTY02JAN2422900CE.NFO,02/01/2024,10:32:46,0.25,0.25,48200,0.3,42480,1520,131360
FINNIFTY02JAN2422900CE.NFO,02/01/2024,10:32:56,0.25,0.25,48200,0.3,45720,0,131360
FINNIFTY02JAN2422900CE.NFO,02/01/2024,10:34:11,0.25,0.25,48160,0.3,45720,40,131360
FINNIFTY02JAN2422900CE.NFO,02/01/2024,10:34:21,0.25,0.25,45440,0.3,47160,920,131360
FINNIFTY02JAN2422900CE.NFO,02/01/2024,10:35:15,0.3,0.25,45440,0.3,45640,1520,131360
FINNIFTY02JAN2422900CE.NFO,02/01/2024,10:35:50,0.3,0.25,45440,0.3,43800,0,131360
FINNIFTY02JAN2422900CE.NFO,02/01/2024,10:37:04,0.3,0.25,46240,0.3,42280,0,131360
FINNIFTY02JAN2422900CE.NFO,02/01/2024,10:37:15,0.3,0.25,46800,0.3,42280,0,131360
FINNIFTY02JAN2422900CE.NFO,02/01/2024,10:37:26,0.3,0.25,45000,0.3,40080,400,133280
FINNIFTY02JAN2422900CE.NFO,02/01/2024,10:37:46,0.25,0.25,44480,0.3,43400,520,133280
FINNIFTY02JAN2422900CE.NFO,02/01/2024,10:37:56,0.25,0.25,44480,0.3,43560,0,133280
FINNIFTY02JAN2422900CE.NFO,02/01/2024,10:38:44,0.25,0.25,44200,0.3,43560,0,133280
FINNIFTY02JAN2422900CE.NFO,02/01/2024,10:39:04,0.25,0.25,43760,0.3,41320,4040,132760
FINNIFTY02JAN2422900CE.NFO,02/01/2024,10:39:37,0.25,0.25,40760,0.3,41320,3000,132760
FINNIFTY02JAN2422900CE.NFO,02/01/2024,10:39:48,0.25,0.25,40760,0.3,41320,0,132760
FINNIFTY02JAN2422900CE.NFO,02/01/2024,10:40:51,0.3,0.25,40760,0.3,39480,40,132760
FINNIFTY02JAN2422900CE.NFO,02/01/2024,10:41:01,0.3,0.25,40760,0.3,39480,0,132760
FINNIFTY02JAN2422900CE.NFO,02/01/2024,10:42:01,0.25,0.25,40720,0.3,41280,40,128120
FINNIFTY02JAN2422900CE.NFO,02/01/2024,10:42:11,0.25,0.25,40720,0.3,41280,0,128120
FINNIFTY02JAN2422900CE.NFO,02/01/2024,10:45:58,0.25,0.25,38960,0.3,43080,0,128120
FINNIFTY02JAN2422900CE.NFO,02/01/2024,10:47:44,0.3,0.25,38960,0.3,43000,80,128120
FINNIFTY02JAN2422900CE.NFO,02/01/2024,10:51:38,0.3,0.25,38960,0.3,42560,440,128080
FINNIFTY02JAN2422900CE.NFO,02/01/2024,10:51:57,0.25,0.25,38560,0.3,39240,400,128080
FINNIFTY02JAN2422900CE.NFO,02/01/2024,10:53:41,0.3,0.25,38560,0.3,40960,80,128080
FINNIFTY02JAN2422900CE.NFO,02/01/2024,10:54:00,0.3,0.25,38560,0.3,40960,0,128080
FINNIFTY02JAN2422900CE.NFO,02/01/2024,10:54:56,0.3,0.25,38560,0.3,40760,0,128080
FINNIFTY02JAN2422900CE.NFO,02/01/2024,10:55:14,0.25,0.25,37360,0.3,42640,1200,127960
FINNIFTY02JAN2422900CE.NFO,02/01/2024,10:55:23,0.25,0.25,31080,0.3,42640,1200,127960
FINNIFTY02JAN2422900CE.NFO,02/01/2024,10:56:09,0.25,0.25,32080,0.3,42640,0,127960
FINNIFTY02JAN2422900CE.NFO,02/01/2024,10:56:36,0.25,0.25,32080,0.3,43640,0,127960
FINNIFTY02JAN2422900CE.NFO,02/01/2024,10:56:58,0.25,0.25,31960,0.3,40040,120,127960
FINNIFTY02JAN2422900CE.NFO,02/01/2024,10:57:28,0.25,0.25,31960,0.3,43640,0,127960
FINNIFTY02JAN2422900CE.NFO,02/01/2024,10:57:38,0.25,0.25,31760,0.3,43640,200,127960
FINNIFTY02JAN2422900CE.NFO,02/01/2024,10:57:48,0.25,0.25,31760,0.3,46360,0,127960
FINNIFTY02JAN2422900CE.NFO,02/01/2024,10:59:05,0.25,0.25,30840,0.3,46360,920,127960
FINNIFTY02JAN2422900CE.NFO,02/01/2024,10:59:24,0.25,0.25,29280,0.3,46880,1560,127960
FINNIFTY02JAN2422900CE.NFO,02/01/2024,10:59:34,0.3,0.25,29600,0.3,45080,1800,127960
FINNIFTY02JAN2422900CE.NFO,02/01/2024,10:59:52,0.25,0.25,28560,0.3,44160,1040,126360
FINNIFTY02JAN2422900CE.NFO,02/01/2024,11:00:01,0.25,0.25,29400,0.3,44160,0,126360
FINNIFTY02JAN2422900CE.NFO,02/01/2024,11:00:20,0.25,0.25,29320,0.3,44160,0,126360
FINNIFTY02JAN2422900CE.NFO,02/01/2024,11:00:30,0.25,0.25,29400,0.3,42560,0,126360
FINNIFTY02JAN2422900CE.NFO,02/01/2024,11:01:08,0.3,0.25,24600,0.3,45800,20160,126360
FINNIFTY02JAN2422900CE.NFO,02/01/2024,11:01:18,0.3,0.25,26400,0.3,44040,0,126360
FINNIFTY02JAN2422900CE.NFO,02/01/2024,11:01:27,0.3,0.25,26400,0.3,46040,0,126360
FINNIFTY02JAN2422900CE.NFO,02/01/2024,11:01:46,0.3,0.25,26400,0.3,45640,400,126360
FINNIFTY02JAN2422900CE.NFO,02/01/2024,11:03:31,0.3,0.25,26400,0.3,45680,0,126360
FINNIFTY02JAN2422900CE.NFO,02/01/2024,11:04:00,0.3,0.25,26400,0.3,47480,0,126360
FINNIFTY02JAN2422900CE.NFO,02/01/2024,11:04:19,0.3,0.25,26400,0.3,47280,0,126360
FINNIFTY02JAN2422900CE.NFO,02/01/2024,11:04:47,0.25,0.25,6640,0.3,37120,11920,116320
FINNIFTY02JAN2422900CE.NFO,02/01/2024,11:06:11,0.3,0.25,24720,0.3,36160,40,110960
FINNIFTY02JAN2422900CE.NFO,02/01/2024,11:06:20,0.3,0.25,24720,0.3,40160,0,110960
FINNIFTY02JAN2422900CE.NFO,02/01/2024,11:06:29,0.25,0.25,6480,0.3,41960,160,110960
FINNIFTY02JAN2422900CE.NFO,02/01/2024,11:06:58,0.25,0.25,4680,0.3,41960,1800,110960
FINNIFTY02JAN2422900CE.NFO,02/01/2024,11:07:45,0.25,0.25,23560,0.3,41960,0,110960
FINNIFTY02JAN2422900CE.NFO,02/01/2024,11:08:59,0.3,0.25,23560,0.3,40400,40,110960
FINNIFTY02JAN2422900CE.NFO,02/01/2024,11:09:09,0.3,0.25,23560,0.3,40400,0,110960
FINNIFTY02JAN2422900CE.NFO,02/01/2024,11:09:19,0.3,0.25,23560,0.3,44000,0,110960
FINNIFTY02JAN2422900CE.NFO,02/01/2024,11:09:28,0.25,0.25,26040,0.3,44000,3280,110960
FINNIFTY02JAN2422900CE.NFO,02/01/2024,11:09:37,0.25,0.25,26040,0.3,44000,0,110960
FINNIFTY02JAN2422900CE.NFO,02/01/2024,11:09:55,0.25,0.25,21160,0.3,35320,0,110960
FINNIFTY02JAN2422900CE.NFO,02/01/2024,11:10:04,0.3,0.25,21160,0.3,33520,3600,110960
FINNIFTY02JAN2422900CE.NFO,02/01/2024,11:10:21,0.3,0.25,24760,0.3,32880,640,110960
FINNIFTY02JAN2422900CE.NFO,02/01/2024,11:10:30,0.3,0.25,24760,0.3,30280,2600,110960
FINNIFTY02JAN2422900CE.NFO,02/01/2024,11:10:39,0.3,0.25,25840,0.3,32800,280,110960
FINNIFTY02JAN2422900CE.NFO,02/01/2024,11:10:47,0.3,0.25,25800,0.3,34440,920,110960
FINNIFTY02JAN2422900CE.NFO,02/01/2024,11:10:56,0.3,0.3,28360,0.35,11840,39600,110960
FINNIFTY02JAN2422900CE.NFO,02/01/2024,11:11:05,0.3,0.3,24480,0.35,25480,400,110960
FINNIFTY02JAN2422900CE.NFO,02/01/2024,11:11:14,0.3,0.3,30400,0.35,28240,240,110960
FINNIFTY02JAN2422900CE.NFO,02/01/2024,11:11:24,0.3,0.3,26920,0.35,23600,0,110960
FINNIFTY02JAN2422900CE.NFO,02/01/2024,11:11:33,0.3,0.3,26880,0.35,27200,40,110960
FINNIFTY02JAN2422900CE.NFO,02/01/2024,11:11:42,0.3,0.3,30480,0.35,28200,0,110960
FINNIFTY02JAN2422900CE.NFO,02/01/2024,11:11:51,0.3,0.3,30480,0.35,30000,0,110960
FINNIFTY02JAN2422900CE.NFO,02/01/2024,11:12:10,0.3,0.3,26880,0.35,25400,0,110960
FINNIFTY02JAN2422900CE.NFO,02/01/2024,11:12:28,0.35,0.3,30480,0.35,30880,680,125440
FINNIFTY02JAN2422900CE.NFO,02/01/2024,11:12:38,0.35,0.3,27040,0.35,27160,4240,125440
FINNIFTY02JAN2422900CE.NFO,02/01/2024,11:12:47,0.35,0.35,35120,0.4,56080,16640,125440
FINNIFTY02JAN2422900CE.NFO,02/01/2024,11:12:55,0.4,0.35,41720,0.4,55160,80,125440
FINNIFTY02JAN2422900CE.NFO,02/01/2024,11:12:55,0.4,0.35,41720,0.4,55160,0,125440
FINNIFTY02JAN2422900CE.NFO,02/01/2024,11:13:13,0.35,0.35,43200,0.4,51320,480,125440
FINNIFTY02JAN2422900CE.NFO,02/01/2024,11:13:22,0.4,0.35,43200,0.4,52880,120,125440
FINNIFTY02JAN2422900CE.NFO,02/01/2024,11:13:32,0.4,0.35,36880,0.4,51200,0,125440
FINNIFTY02JAN2422900CE.NFO,02/01/2024,11:13:42,0.4,0.35,42160,0.4,62320,0,125440
FINNIFTY02JAN2422900CE.NFO,02/01/2024,11:13:52,0.4,0.35,42160,0.4,61240,1080,125440
FINNIFTY02JAN2422900CE.NFO,02/01/2024,11:14:01,0.4,0.35,42160,0.4,44880,13360,125440
FINNIFTY02JAN2422900CE.NFO,02/01/2024,11:14:10,0.45,0.4,35920,0.45,39960,18680,125440
FINNIFTY02JAN2422900CE.NFO,02/01/2024,11:14:10,0.45,0.4,35920,0.45,39960,0,125440
FINNIFTY02JAN2422900CE.NFO,02/01/2024,11:14:20,0.4,0.4,33160,0.45,50560,5600,125440
FINNIFTY02JAN2422900CE.NFO,02/01/2024,11:14:28,0.4,0.4,33160,0.45,52720,0,125440
FINNIFTY02JAN2422900CE.NFO,02/01/2024,11:14:37,0.45,0.4,36440,0.45,35120,17760,125440
FINNIFTY02JAN2422900CE.NFO,02/01/2024,11:14:47,0.45,0.4,36440,0.45,38320,0,125440
FINNIFTY02JAN2422900CE.NFO,02/01/2024,11:14:56,0.45,0.4,36440,0.45,38160,40,141960
FINNIFTY02JAN2422900CE.NFO,02/01/2024,11:15:06,0.45,0.4,34680,0.45,41760,0,141960
FINNIFTY02JAN2422900CE.NFO,02/01/2024,11:15:26,0.4,0.4,32080,0.45,48360,6200,141960
FINNIFTY02JAN2422900CE.NFO,02/01/2024,11:15:35,0.4,0.4,33760,0.45,52720,0,141960
FINNIFTY02JAN2422900CE.NFO,02/01/2024,11:16:07,0.4,0.4,24600,0.45,49400,9120,141960
FINNIFTY02JAN2422900CE.NFO,02/01/2024,11:16:26,0.4,0.4,22560,0.45,48960,2080,141960
FINNIFTY02JAN2422900CE.NFO,02/01/2024,11:16:45,0.4,0.4,32480,0.45,48680,840,141960
FINNIFTY02JAN2422900CE.NFO,02/01/2024,11:16:54,0.45,0.4,31720,0.45,45360,5120,141960
FINNIFTY02JAN2422900CE.NFO,02/01/2024,11:17:03,0.45,0.4,16680,0.45,36120,1840,141960
FINNIFTY02JAN2422900CE.NFO,02/01/2024,11:17:12,0.45,0.4,18360,0.45,39040,40,141960
FINNIFTY02JAN2422900CE.NFO,02/01/2024,11:17:30,0.4,0.4,16360,0.45,39040,1400,141960
FINNIFTY02JAN2422900CE.NFO,02/01/2024,11:17:49,0.4,0.35,19720,0.4,37280,27120,120800
FINNIFTY02JAN2422900CE.NFO,02/01/2024,11:17:58,0.4,0.35,20120,0.4,37160,120,120800
FINNIFTY02JAN2422900CE.NFO,02/01/2024,11:18:07,0.4,0.35,19920,0.4,37120,240,120800
FINNIFTY02JAN2422900CE.NFO,02/01/2024,11:18:17,0.4,0.35,19920,0.4,36880,0,120800
FINNIFTY02JAN2422900CE.NFO,02/01/2024,11:18:25,0.4,0.35,17160,0.4,37000,520,120800
FINNIFTY02JAN2422900CE.NFO,02/01/2024,11:18:34,0.4,0.35,29320,0.4,36960,40,120800
FINNIFTY02JAN2422900CE.NFO,02/01/2024,11:18:43,0.4,0.35,29320,0.4,36960,0,120800
FINNIFTY02JAN2422900CE.NFO,02/01/2024,11:18:52,0.4,0.35,29320,0.4,37280,0,120800
FINNIFTY02JAN2422900CE.NFO,02/01/2024,11:19:08,0.4,0.35,23720,0.4,38720,4960,120800
FINNIFTY02JAN2422900CE.NFO,02/01/2024,11:19:34,0.4,0.35,23720,0.4,38720,0,120800
FINNIFTY02JAN2422900CE.NFO,02/01/2024,11:20:06,0.35,0.35,18680,0.4,38680,760,120800
FINNIFTY02JAN2422900CE.NFO,02/01/2024,11:20:14,0.35,0.35,22040,0.4,38680,0,120800
FINNIFTY02JAN2422900CE.NFO,02/01/2024,11:20:23,0.35,0.35,19480,0.4,38600,160,120800
FINNIFTY02JAN2422900CE.NFO,02/01/2024,11:20:40,0.35,0.35,22840,0.4,38360,0,120800
FINNIFTY02JAN2422900CE.NFO,02/01/2024,11:20:58,0.35,0.35,18120,0.4,36880,4200,110480
FINNIFTY02JAN2422900CE.NFO,02/01/2024,11:21:15,0.4,0.35,21000,0.4,36920,200,110480
FINNIFTY02JAN2422900CE.NFO,02/01/2024,11:21:24,0.4,0.35,21000,0.4,36920,0,110480
FINNIFTY02JAN2422900CE.NFO,02/01/2024,11:23:00,0.4,0.35,21000,0.4,36880,40,110480
FINNIFTY02JAN2422900CE.NFO,02/01/2024,11:23:17,0.4,0.35,21000,0.4,36880,0,110480
FINNIFTY02JAN2422900CE.NFO,02/01/2024,11:23:57,0.35,0.35,18440,0.4,36880,40,110440
FINNIFTY02JAN2422900CE.NFO,02/01/2024,11:24:22,0.35,0.35,11600,0.4,36880,0,110440
FINNIFTY02JAN2422900CE.NFO,02/01/2024,11:25:19,0.35,0.35,3360,0.4,32520,4520,110440
FINNIFTY02JAN2422900CE.NFO,02/01/2024,11:25:28,0.35,0.35,1080,0.4,30240,2280,110440
FINNIFTY02JAN2422900CE.NFO,02/01/2024,11:25:36,0.35,0.35,3480,0.4,32040,0,110440
FINNIFTY02JAN2422900CE.NFO,02/01/2024,11:25:44,0.35,0.35,6040,0.4,30240,80,110440
FINNIFTY02JAN2422900CE.NFO,02/01/2024,11:25:52,0.35,0.35,6040,0.4,30240,0,110440
FINNIFTY02JAN2422900CE.NFO,02/01/2024,11:26:00,0.35,0.35,2600,0.4,30240,1240,110440
FINNIFTY02JAN2422900CE.NFO,02/01/2024,11:27:04,0.35,0.35,5640,0.4,30240,0,110440
FINNIFTY02JAN2422900CE.NFO,02/01/2024,11:27:19,0.35,0.35,5640,0.4,31240,0,110440
FINNIFTY02JAN2422900CE.NFO,02/01/2024,11:27:36,0.35,0.35,5640,0.4,34360,0,110440
FINNIFTY02JAN2422900CE.NFO,02/01/2024,11:27:45,0.35,0.35,2640,0.4,34360,800,111640
FINNIFTY02JAN2422900CE.NFO,02/01/2024,11:27:53,0.35,0.35,1040,0.4,34360,1600,111640
FINNIFTY02JAN2422900CE.NFO,02/01/2024,11:28:02,0.35,0.3,37040,0.35,19080,1800,111640
FINNIFTY02JAN2422900CE.NFO,02/01/2024,11:28:10,0.35,0.3,37040,0.35,19720,200,111640
FINNIFTY02JAN2422900CE.NFO,02/01/2024,11:28:18,0.35,0.3,37720,0.35,19720,0,111640
FINNIFTY02JAN2422900CE.NFO,02/01/2024,11:28:26,0.35,0.3,38520,0.35,19520,240,111640
FINNIFTY02JAN2422900CE.NFO,02/01/2024,11:28:43,0.35,0.3,38520,0.35,19480,40,111640
FINNIFTY02JAN2422900CE.NFO,02/01/2024,11:28:51,0.35,0.3,38520,0.35,19800,0,111640
FINNIFTY02JAN2422900CE.NFO,02/01/2024,11:30:26,0.35,0.3,34960,0.35,19800,0,111640
FINNIFTY02JAN2422900CE.NFO,02/01/2024,11:32:22,0.35,0.3,33160,0.35,32360,0,111640
FINNIFTY02JAN2422900CE.NFO,02/01/2024,11:32:58,0.35,0.3,32360,0.35,32360,0,111640
FINNIFTY02JAN2422900CE.NFO,02/01/2024,11:33:05,0.35,0.3,31560,0.35,35080,0,111640
FINNIFTY02JAN2422900CE.NFO,02/01/2024,11:35:08,0.3,0.3,29320,0.35,35080,40,110880
FINNIFTY02JAN2422900CE.NFO,02/01/2024,11:35:47,0.3,0.3,31520,0.35,35080,0,110880
FINNIFTY02JAN2422900CE.NFO,02/01/2024,11:35:54,0.35,0.3,31520,0.35,35040,40,110880
FINNIFTY02JAN2422900CE.NFO,02/01/2024,11:36:01,0.35,0.3,31520,0.35,35560,0,110880
FINNIFTY02JAN2422900CE.NFO,02/01/2024,11:36:39,0.35,0.3,31520,0.35,35040,0,110880
FINNIFTY02JAN2422900CE.NFO,02/01/2024,11:36:46,0.3,0.3,28800,0.35,35040,520,110880
FINNIFTY02JAN2422900CE.NFO,02/01/2024,11:37:02,0.3,0.3,31000,0.35,35040,0,110880
FINNIFTY02JAN2422900CE.NFO,02/01/2024,11:37:17,0.3,0.3,28480,0.35,35040,320,110880
FINNIFTY02JAN2422900CE.NFO,02/01/2024,11:37:24,0.3,0.3,28280,0.35,35040,200,110880
FINNIFTY02JAN2422900CE.NFO,02/01/2024,11:37:33,0.3,0.3,28080,0.35,35040,200,110880
FINNIFTY02JAN2422900CE.NFO,02/01/2024,11:37:41,0.3,0.3,30280,0.35,35040,0,110880
FINNIFTY02JAN2422900CE.NFO,02/01/2024,11:37:48,0.3,0.3,30320,0.35,35040,0,110880
FINNIFTY02JAN2422900CE.NFO,02/01/2024,11:38:43,0.3,0.3,28080,0.35,35040,40,110880
FINNIFTY02JAN2422900CE.NFO,02/01/2024,11:38:59,0.3,0.3,29840,0.35,35040,40,111640
FINNIFTY02JAN2422900CE.NFO,02/01/2024,11:39:06,0.3,0.3,29800,0.35,35040,40,111640
FINNIFTY02JAN2422900CE.NFO,02/01/2024,11:39:57,0.3,0.3,27800,0.35,35040,200,111640
FINNIFTY02JAN2422900CE.NFO,02/01/2024,11:40:41,0.3,0.3,27600,0.35,35040,200,111640
FINNIFTY02JAN2422900CE.NFO,02/01/2024,11:40:47,0.3,0.3,26720,0.35,35040,880,111640
FINNIFTY02JAN2422900CE.NFO,02/01/2024,11:40:53,0.3,0.25,26000,0.35,33560,3360,111640
FINNIFTY02JAN2422900CE.NFO,02/01/2024,11:41:00,0.3,0.25,25760,0.35,34720,0,111640
FINNIFTY02JAN2422900CE.NFO,02/01/2024,11:41:14,0.3,0.3,5680,0.35,34760,800,111640
FINNIFTY02JAN2422900CE.NFO,02/01/2024,11:41:21,0.3,0.3,2000,0.35,34720,2680,111640
FINNIFTY02JAN2422900CE.NFO,02/01/2024,11:41:29,0.3,0.25,23520,0.3,14160,4360,111640
FINNIFTY02JAN2422900CE.NFO,02/01/2024,11:41:37,0.3,0.25,23520,0.3,13880,720,111640
FINNIFTY02JAN2422900CE.NFO,02/01/2024,11:41:46,0.3,0.25,24200,0.3,12760,1600,115160
FINNIFTY02JAN2422900CE.NFO,02/01/2024,11:41:55,0.3,0.25,22400,0.3,12360,0,115160
FINNIFTY02JAN2422900CE.NFO,02/01/2024,11:43:53,0.3,0.25,20600,0.3,17240,240,115160
FINNIFTY02JAN2422900CE.NFO,02/01/2024,11:44:01,0.25,0.25,20360,0.3,17240,40,115160
FINNIFTY02JAN2422900CE.NFO,02/01/2024,11:44:29,0.25,0.25,21800,0.3,15720,0,115160
FINNIFTY02JAN2422900CE.NFO,02/01/2024,11:44:37,0.25,0.25,22000,0.3,15720,0,115160
FINNIFTY02JAN2422900CE.NFO,02/01/2024,11:44:50,0.25,0.25,20800,0.3,15720,0,115160
FINNIFTY02JAN2422900CE.NFO,02/01/2024,11:45:57,0.25,0.25,20240,0.3,17240,560,113320
FINNIFTY02JAN2422900CE.NFO,02/01/2024,11:46:04,0.25,0.25,19920,0.3,17240,320,113320
FINNIFTY02JAN2422900CE.NFO,02/01/2024,11:46:11,0.25,0.25,19640,0.3,17240,280,113320
FINNIFTY02JAN2422900CE.NFO,02/01/2024,11:46:50,0.25,0.25,19440,0.3,17240,200,113320
FINNIFTY02JAN2422900CE.NFO,02/01/2024,11:47:10,0.25,0.25,18200,0.3,17240,0,113320
FINNIFTY02JAN2422900CE.NFO,02/01/2024,11:47:44,0.25,0.25,17240,0.3,17240,40,113320
FINNIFTY02JAN2422900CE.NFO,02/01/2024,11:48:04,0.3,0.25,18200,0.3,16120,80,114680
FINNIFTY02JAN2422900CE.NFO,02/01/2024,11:49:20,0.3,0.25,18200,0.3,16120,0,114680
FINNIFTY02JAN2422900CE.NFO,02/01/2024,11:51:00,0.3,0.25,28200,0.3,16120,0,114680
FINNIFTY02JAN2422900CE.NFO,02/01/2024,11:51:08,0.3,0.25,18200,0.3,16120,0,114680
FINNIFTY02JAN2422900CE.NFO,02/01/2024,11:53:07,0.25,0.25,18000,0.3,16120,200,114600
FINNIFTY02JAN2422900CE.NFO,02/01/2024,11:54:29,0.25,0.25,10800,0.3,16120,40,114800
FINNIFTY02JAN2422900CE.NFO,02/01/2024,11:56:00,0.25,0.25,7200,0.3,16120,0,114800
FINNIFTY02JAN2422900CE.NFO,02/01/2024,11:58:03,0.25,0.25,9000,0.3,16120,0,114800
FINNIFTY02JAN2422900CE.NFO,02/01/2024,11:59:32,0.25,0.25,9000,0.3,16400,0,114800
FINNIFTY02JAN2422900CE.NFO,02/01/2024,12:00:01,0.25,0.25,9000,0.3,17960,0,114800
FINNIFTY02JAN2422900CE.NFO,02/01/2024,12:00:42,0.3,0.25,9000,0.3,17920,40,114800
FINNIFTY02JAN2422900CE.NFO,02/01/2024,12:00:57,0.3,0.25,10000,0.3,19440,0,114800
FINNIFTY02JAN2422900CE.NFO,02/01/2024,12:01:04,0.3,0.25,14000,0.3,19440,0,114800
FINNIFTY02JAN2422900CE.NFO,02/01/2024,12:01:49,0.3,0.25,14040,0.3,19440,0,114800
FINNIFTY02JAN2422900CE.NFO,02/01/2024,12:03:00,0.3,0.25,16920,0.3,24520,0,114800
FINNIFTY02JAN2422900CE.NFO,02/01/2024,12:05:23,0.3,0.25,11920,0.3,24640,0,114800
FINNIFTY02JAN2422900CE.NFO,02/01/2024,12:05:42,0.25,0.25,10840,0.3,24640,120,114800
FINNIFTY02JAN2422900CE.NFO,02/01/2024,12:06:49,0.25,0.25,11800,0.3,24520,0,114800
FINNIFTY02JAN2422900CE.NFO,02/01/2024,12:07:23,0.25,0.25,10440,0.3,24520,400,114800
FINNIFTY02JAN2422900CE.NFO,02/01/2024,12:07:29,0.25,0.25,10120,0.3,24520,320,114800
FINNIFTY02JAN2422900CE.NFO,02/01/2024,12:07:35,0.25,0.25,9760,0.3,24520,360,114800
FINNIFTY02JAN2422900CE.NFO,02/01/2024,12:08:08,0.25,0.25,8120,0.3,24560,200,114800
FINNIFTY02JAN2422900CE.NFO,02/01/2024,12:08:14,0.25,0.25,10520,0.3,24560,0,114800
FINNIFTY02JAN2422900CE.NFO,02/01/2024,12:08:40,0.25,0.25,7280,0.3,24560,1440,114800
FINNIFTY02JAN2422900CE.NFO,02/01/2024,12:08:48,0.25,0.25,5200,0.3,24560,2080,114800
FINNIFTY02JAN2422900CE.NFO,02/01/2024,12:08:55,0.25,0.25,5200,0.3,24680,0,114800
FINNIFTY02JAN2422900CE.NFO,02/01/2024,12:09:02,0.25,0.25,840,0.3,24560,4400,114880
FINNIFTY02JAN2422900CE.NFO,02/01/2024,12:09:08,0.25,0.25,840,0.3,24560,0,114880
FINNIFTY02JAN2422900CE.NFO,02/01/2024,12:09:14,0.25,0.25,840,0.3,24520,0,114880
FINNIFTY02JAN2422900CE.NFO,02/01/2024,12:09:27,0.25,0.25,840,0.3,24560,0,114880
FINNIFTY02JAN2422900CE.NFO,02/01/2024,12:09:34,0.25,0.25,840,0.3,25360,0,114880
FINNIFTY02JAN2422900CE.NFO,02/01/2024,12:09:40,0.25,0.2,101760,0.3,23840,840,114880
FINNIFTY02JAN2422900CE.NFO,02/01/2024,12:10:08,0.25,0.2,102200,0.25,18360,40,114880
FINNIFTY02JAN2422900CE.NFO,02/01/2024,12:10:17,0.25,0.2,102080,0.25,22400,160,114880
FINNIFTY02JAN2422900CE.NFO,02/01/2024,12:10:47,0.2,0.2,99600,0.25,23080,320,114880
FINNIFTY02JAN2422900CE.NFO,02/01/2024,12:11:23,0.2,0.2,101280,0.25,23080,0,114880
FINNIFTY02JAN2422900CE.NFO,02/01/2024,12:11:37,0.2,0.2,102240,0.25,23080,0,114880
FINNIFTY02JAN2422900CE.NFO,02/01/2024,12:11:51,0.2,0.2,102320,0.25,24600,400,114880
FINNIFTY02JAN2422900CE.NFO,02/01/2024,12:11:58,0.2,0.2,91760,0.25,24600,0,114880
FINNIFTY02JAN2422900CE.NFO,02/01/2024,12:12:05,0.2,0.2,91600,0.25,25320,160,114680
FINNIFTY02JAN2422900CE.NFO,02/01/2024,12:12:25,0.2,0.2,90640,0.25,25480,0,114680
FINNIFTY02JAN2422900CE.NFO,02/01/2024,12:12:31,0.2,0.2,89680,0.25,25480,0,114680
FINNIFTY02JAN2422900CE.NFO,02/01/2024,12:12:38,0.2,0.2,89200,0.25,25480,0,114680
FINNIFTY02JAN2422900CE.NFO,02/01/2024,12:12:44,0.2,0.2,89200,0.25,26720,0,114680
FINNIFTY02JAN2422900CE.NFO,02/01/2024,12:12:57,0.2,0.2,88920,0.25,26720,40,114680
FINNIFTY02JAN2422900CE.NFO,02/01/2024,12:13:03,0.2,0.2,87720,0.25,26720,1200,114680
FINNIFTY02JAN2422900CE.NFO,02/01/2024,12:13:25,0.25,0.2,87000,0.25,26640,80,114680
FINNIFTY02JAN2422900CE.NFO,02/01/2024,12:13:36,0.25,0.2,90600,0.25,26640,0,114680
FINNIFTY02JAN2422900CE.NFO,02/01/2024,12:13:48,0.2,0.2,89600,0.25,26640,1000,114680
FINNIFTY02JAN2422900CE.NFO,02/01/2024,12:13:55,0.2,0.2,71600,0.25,26640,0,114680
FINNIFTY02JAN2422900CE.NFO,02/01/2024,12:14:03,0.2,0.2,54320,0.25,27440,0,114680
FINNIFTY02JAN2422900CE.NFO,02/01/2024,12:14:24,0.2,0.2,32960,0.25,26640,0,114680
FINNIFTY02JAN2422900CE.NFO,02/01/2024,12:14:30,0.2,0.2,26240,0.25,24520,3120,114680
FINNIFTY02JAN2422900CE.NFO,02/01/2024,12:15:07,0.2,0.2,21280,0.25,24520,5000,114720
FINNIFTY02JAN2422900CE.NFO,02/01/2024,12:15:13,0.2,0.2,9400,0.25,24520,0,114720
FINNIFTY02JAN2422900CE.NFO,02/01/2024,12:15:19,0.2,0.15,160480,0.2,14280,24600,114720
FINNIFTY02JAN2422900CE.NFO,02/01/2024,12:15:25,0.2,0.15,160480,0.2,14120,160,114720
FINNIFTY02JAN2422900CE.NFO,02/01/2024,12:15:32,0.2,0.15,160480,0.2,26040,0,114720
FINNIFTY02JAN2422900CE.NFO,02/01/2024,12:15:39,0.2,0.15,160480,0.2,25160,880,114720
FINNIFTY02JAN2422900CE.NFO,02/01/2024,12:15:47,0.2,0.15,163880,0.2,24600,560,114720
FINNIFTY02JAN2422900CE.NFO,02/01/2024,12:16:07,0.2,0.15,166760,0.2,26080,0,114720
FINNIFTY02JAN2422900CE.NFO,02/01/2024,12:16:15,0.15,0.15,166680,0.2,24600,1520,114720
FINNIFTY02JAN2422900CE.NFO,02/01/2024,12:16:15,0.15,0.15,166680,0.2,24600,0,114720
FINNIFTY02JAN2422900CE.NFO,02/01/2024,12:16:22,0.15,0.15,166680,0.2,26240,0,114720
FINNIFTY02JAN2422900CE.NFO,02/01/2024,12:16:29,0.15,0.15,164880,0.2,26240,0,114720
FINNIFTY02JAN2422900CE.NFO,02/01/2024,12:16:36,0.15,0.15,157680,0.2,26200,0,114720
FINNIFTY02JAN2422900CE.NFO,02/01/2024,12:16:43,0.15,0.15,157680,0.2,26480,0,114720
FINNIFTY02JAN2422900CE.NFO,02/01/2024,12:16:50,0.15,0.15,157680,0.2,26520,0,114720
FINNIFTY02JAN2422900CE.NFO,02/01/2024,12:17:04,0.15,0.15,157640,0.2,26480,0,114720
FINNIFTY02JAN2422900CE.NFO,02/01/2024,12:17:13,0.15,0.15,157640,0.2,28000,0,114720
FINNIFTY02JAN2422900CE.NFO,02/01/2024,12:17:39,0.15,0.15,157640,0.2,27960,0,114720
FINNIFTY02JAN2422900CE.NFO,02/01/2024,12:17:47,0.2,0.15,157640,0.2,29320,440,114720
FINNIFTY02JAN2422900CE.NFO,02/01/2024,12:18:03,0.2,0.15,157640,0.2,29080,240,109560
FINNIFTY02JAN2422900CE.NFO,02/01/2024,12:18:11,0.2,0.15,157640,0.2,28680,400,109560
FINNIFTY02JAN2422900CE.NFO,02/01/2024,12:18:25,0.2,0.15,136040,0.2,28680,0,109560
FINNIFTY02JAN2422900CE.NFO,02/01/2024,12:19:58,0.2,0.15,136040,0.2,27160,1520,109560
FINNIFTY02JAN2422900CE.NFO,02/01/2024,12:20:33,0.2,0.15,125840,0.2,27160,0,109560
FINNIFTY02JAN2422900CE.NFO,02/01/2024,12:20:39,0.2,0.15,115040,0.2,27160,0,109560
FINNIFTY02JAN2422900CE.NFO,02/01/2024,12:21:27,0.2,0.15,115040,0.2,26960,200,108480
FINNIFTY02JAN2422900CE.NFO,02/01/2024,12:21:34,0.2,0.15,115040,0.2,27000,0,108480
FINNIFTY02JAN2422900CE.NFO,02/01/2024,12:21:42,0.2,0.15,115040,0.2,26960,0,108480
FINNIFTY02JAN2422900CE.NFO,02/01/2024,12:21:55,0.2,0.15,115040,0.2,27000,0,108480
FINNIFTY02JAN2422900CE.NFO,02/01/2024,12:22:10,0.2,0.15,115040,0.2,26960,0,108480
FINNIFTY02JAN2422900CE.NFO,02/01/2024,12:22:18,0.2,0.15,115800,0.2,25080,480,108480
FINNIFTY02JAN2422900CE.NFO,02/01/2024,12:22:25,0.2,0.15,115800,0.2,21000,200,108480
FINNIFTY02JAN2422900CE.NFO,02/01/2024,12:22:32,0.2,0.15,115800,0.2,24600,0,108480
FINNIFTY02JAN2422900CE.NFO,02/01/2024,12:22:45,0.2,0.15,115800,0.2,24520,80,108480
FINNIFTY02JAN2422900CE.NFO,02/01/2024,12:22:51,0.2,0.15,116680,0.2,24520,4800,108480
FINNIFTY02JAN2422900CE.NFO,02/01/2024,12:23:05,0.2,0.15,117760,0.2,26120,200,108480
FINNIFTY02JAN2422900CE.NFO,02/01/2024,12:23:26,0.2,0.15,117760,0.2,25760,0,108480
FINNIFTY02JAN2422900CE.NFO,02/01/2024,12:23:32,0.2,0.15,117760,0.2,25680,0,108480
FINNIFTY02JAN2422900CE.NFO,02/01/2024,12:24:28,0.2,0.15,117720,0.2,25680,0,108480
FINNIFTY02JAN2422900CE.NFO,02/01/2024,12:25:11,0.2,0.15,117720,0.2,25600,80,107560
FINNIFTY02JAN2422900CE.NFO,02/01/2024,12:25:24,0.2,0.15,117720,0.2,24600,0,107560
FINNIFTY02JAN2422900CE.NFO,02/01/2024,12:25:39,0.2,0.15,117720,0.2,24520,80,107560
FINNIFTY02JAN2422900CE.NFO,02/01/2024,12:25:58,0.2,0.15,117720,0.2,24440,80,107560
FINNIFTY02JAN2422900CE.NFO,02/01/2024,12:26:29,0.2,0.15,117720,0.2,24360,80,107560
FINNIFTY02JAN2422900CE.NFO,02/01/2024,12:29:59,0.2,0.15,117720,0.2,24360,0,107560
FINNIFTY02JAN2422900CE.NFO,02/01/2024,12:32:40,0.2,0.15,117720,0.2,24400,0,107560
FINNIFTY02JAN2422900CE.NFO,02/01/2024,12:35:43,0.15,0.15,116280,0.2,24400,1520,107560
FINNIFTY02JAN2422900CE.NFO,02/01/2024,12:35:50,0.15,0.15,116280,0.2,25400,0,107560
FINNIFTY02JAN2422900CE.NFO,02/01/2024,12:35:56,0.15,0.15,116280,0.2,26000,0,107560
FINNIFTY02JAN2422900CE.NFO,02/01/2024,12:38:38,0.15,0.15,116200,0.2,26000,80,107560
FINNIFTY02JAN2422900CE.NFO,02/01/2024,12:39:58,0.15,0.15,116200,0.2,26000,0,107560
FINNIFTY02JAN2422900CE.NFO,02/01/2024,12:40:18,0.15,0.15,116240,0.2,26000,0,107560
FINNIFTY02JAN2422900CE.NFO,02/01/2024,12:41:05,0.15,0.15,116640,0.2,26000,0,107560
FINNIFTY02JAN2422900CE.NFO,02/01/2024,12:41:22,0.15,0.15,116240,0.2,26000,0,107560
FINNIFTY02JAN2422900CE.NFO,02/01/2024,12:41:33,0.15,0.15,90320,0.2,26000,0,107560
FINNIFTY02JAN2422900CE.NFO,02/01/2024,12:41:53,0.15,0.15,91840,0.2,26000,0,107560
FINNIFTY02JAN2422900CE.NFO,02/01/2024,12:41:58,0.15,0.15,91800,0.2,26000,40,107560
FINNIFTY02JAN2422900CE.NFO,02/01/2024,12:42:15,0.15,0.15,91800,0.2,26000,0,107560
FINNIFTY02JAN2422900CE.NFO,02/01/2024,12:42:32,0.2,0.15,91800,0.2,25720,280,107560
FINNIFTY02JAN2422900CE.NFO,02/01/2024,12:42:56,0.2,0.15,91080,0.2,24200,1520,107560
FINNIFTY02JAN2422900CE.NFO,02/01/2024,12:43:13,0.2,0.15,92600,0.2,23880,320,107560
FINNIFTY02JAN2422900CE.NFO,02/01/2024,12:43:43,0.2,0.15,92600,0.2,25960,0,107560
FINNIFTY02JAN2422900CE.NFO,02/01/2024,12:44:39,0.15,0.15,92320,0.2,25960,280,107560
FINNIFTY02JAN2422900CE.NFO,02/01/2024,12:44:44,0.15,0.15,92320,0.2,26920,0,107560
FINNIFTY02JAN2422900CE.NFO,02/01/2024,12:44:49,0.15,0.15,92320,0.2,26320,0,107560
FINNIFTY02JAN2422900CE.NFO,02/01/2024,12:45:05,0.15,0.15,74320,0.2,26320,0,107560
FINNIFTY02JAN2422900CE.NFO,02/01/2024,12:45:10,0.15,0.15,72320,0.2,26320,0,107560
FINNIFTY02JAN2422900CE.NFO,02/01/2024,12:46:07,0.15,0.15,73520,0.2,26320,0,107560
FINNIFTY02JAN2422900CE.NFO,02/01/2024,12:46:13,0.15,0.15,72320,0.2,26320,0,107560
FINNIFTY02JAN2422900CE.NFO,02/01/2024,12:49:57,0.15,0.15,72160,0.2,26320,160,107240
FINNIFTY02JAN2422900CE.NFO,02/01/2024,12:50:37,0.15,0.15,72160,0.2,26320,0,107240
FINNIFTY02JAN2422900CE.NFO,02/01/2024,12:50:49,0.15,0.15,70360,0.2,26320,0,107240
FINNIFTY02JAN2422900CE.NFO,02/01/2024,12:52:45,0.15,0.15,70400,0.2,26320,0,107240
FINNIFTY02JAN2422900CE.NFO,02/01/2024,12:54:29,0.15,0.15,66080,0.2,26320,0,107240
FINNIFTY02JAN2422900CE.NFO,02/01/2024,12:54:39,0.15,0.15,49760,0.2,26320,0,107240
FINNIFTY02JAN2422900CE.NFO,02/01/2024,12:54:43,0.15,0.15,49760,0.2,26400,0,107240
FINNIFTY02JAN2422900CE.NFO,02/01/2024,12:54:47,0.15,0.15,31760,0.2,26400,0,107240
FINNIFTY02JAN2422900CE.NFO,02/01/2024,12:54:55,0.15,0.15,28080,0.2,22720,3680,107240
FINNIFTY02JAN2422900CE.NFO,02/01/2024,12:55:27,0.15,0.15,27960,0.2,22720,0,107240
FINNIFTY02JAN2422900CE.NFO,02/01/2024,12:55:33,0.15,0.15,27920,0.2,22720,0,107240
FINNIFTY02JAN2422900CE.NFO,02/01/2024,12:59:01,0.2,0.15,27920,0.2,21200,1520,107240
FINNIFTY02JAN2422900CE.NFO,02/01/2024,12:59:39,0.2,0.15,27920,0.2,24800,0,107240
FINNIFTY02JAN2422900CE.NFO,02/01/2024,13:00:08,0.2,0.15,27880,0.2,24800,0,107240
FINNIFTY02JAN2422900CE.NFO,02/01/2024,13:01:31,0.2,0.15,27880,0.2,27400,0,107240
FINNIFTY02JAN2422900CE.NFO,02/01/2024,13:01:38,0.15,0.15,14360,0.2,27400,13520,107240
FINNIFTY02JAN2422900CE.NFO,02/01/2024,13:01:46,0.15,0.15,10320,0.2,22800,1120,107240
FINNIFTY02JAN2422900CE.NFO,02/01/2024,13:01:52,0.15,0.1,177680,0.15,14640,10840,107240
FINNIFTY02JAN2422900CE.NFO,02/01/2024,13:01:59,0.15,0.1,172320,0.15,20360,680,107240
FINNIFTY02JAN2422900CE.NFO,02/01/2024,13:02:06,0.15,0.1,172320,0.15,20400,0,107240
FINNIFTY02JAN2422900CE.NFO,02/01/2024,13:02:21,0.15,0.1,172320,0.15,20360,0,107240
FINNIFTY02JAN2422900CE.NFO,02/01/2024,13:02:29,0.15,0.1,172320,0.15,20400,0,107240
FINNIFTY02JAN2422900CE.NFO,02/01/2024,13:03:14,0.15,0.1,172240,0.15,23960,0,107240
FINNIFTY02JAN2422900CE.NFO,02/01/2024,13:03:25,0.15,0.1,172200,0.15,23960,0,107240
FINNIFTY02JAN2422900CE.NFO,02/01/2024,13:03:48,0.1,0.1,172160,0.15,24760,40,104320
FINNIFTY02JAN2422900CE.NFO,02/01/2024,13:03:48,0.1,0.1,172160,0.15,24760,0,104320
FINNIFTY02JAN2422900CE.NFO,02/01/2024,13:04:23,0.1,0.1,172160,0.15,24760,0,104320
FINNIFTY02JAN2422900CE.NFO,02/01/2024,13:04:40,0.15,0.1,170360,0.15,23920,40,104320
FINNIFTY02JAN2422900CE.NFO,02/01/2024,13:05:28,0.1,0.1,170320,0.15,23920,40,104320
FINNIFTY02JAN2422900CE.NFO,02/01/2024,13:07:21,0.1,0.1,170320,0.15,23920,0,104320
FINNIFTY02JAN2422900CE.NFO,02/01/2024,13:09:23,0.1,0.1,148720,0.15,23920,0,104320
FINNIFTY02JAN2422900CE.NFO,02/01/2024,13:09:29,0.1,0.1,116320,0.15,23920,0,104320
FINNIFTY02JAN2422900CE.NFO,02/01/2024,13:11:01,0.1,0.1,115920,0.15,23920,400,104320
FINNIFTY02JAN2422900CE.NFO,02/01/2024,13:11:07,0.1,0.1,115920,0.15,23960,0,104320
FINNIFTY02JAN2422900CE.NFO,02/01/2024,13:11:18,0.1,0.1,97920,0.15,23960,0,104320
FINNIFTY02JAN2422900CE.NFO,02/01/2024,13:11:38,0.1,0.1,94320,0.15,23960,0,104320
FINNIFTY02JAN2422900CE.NFO,02/01/2024,13:12:21,0.1,0.1,94200,0.15,24000,120,104320
FINNIFTY02JAN2422900CE.NFO,02/01/2024,13:12:26,0.1,0.1,94200,0.15,24000,0,104320
FINNIFTY02JAN2422900CE.NFO,02/01/2024,13:12:41,0.1,0.1,92680,0.15,24600,1520,104320
FINNIFTY02JAN2422900CE.NFO,02/01/2024,13:12:46,0.1,0.1,92560,0.15,25800,120,104320
FINNIFTY02JAN2422900CE.NFO,02/01/2024,13:13:05,0.1,0.1,85360,0.15,26240,0,104320
FINNIFTY02JAN2422900CE.NFO,02/01/2024,13:13:10,0.1,0.1,78160,0.15,26240,0,104320
FINNIFTY02JAN2422900CE.NFO,02/01/2024,13:14:57,0.1,0.1,79960,0.15,26240,0,104320
FINNIFTY02JAN2422900CE.NFO,02/01/2024,13:16:12,0.1,0.1,79920,0.15,27000,40,104320
FINNIFTY02JAN2422900CE.NFO,02/01/2024,13:16:26,0.15,0.1,79920,0.15,26200,80,104320
FINNIFTY02JAN2422900CE.NFO,02/01/2024,13:17:03,0.15,0.1,79920,0.15,26240,0,104320
FINNIFTY02JAN2422900CE.NFO,02/01/2024,13:17:19,0.15,0.1,79920,0.15,26200,40,104320
FINNIFTY02JAN2422900CE.NFO,02/01/2024,13:21:48,0.15,0.1,78120,0.15,28000,0,104320
FINNIFTY02JAN2422900CE.NFO,02/01/2024,13:22:49,0.15,0.1,70920,0.15,26200,0,104320
FINNIFTY02JAN2422900CE.NFO,02/01/2024,13:22:54,0.15,0.1,70920,0.15,27760,240,104240
FINNIFTY02JAN2422900CE.NFO,02/01/2024,13:24:00,0.15,0.1,62920,0.15,26720,0,104240
FINNIFTY02JAN2422900CE.NFO,02/01/2024,13:24:09,0.15,0.1,58600,0.15,28520,0,104240
FINNIFTY02JAN2422900CE.NFO,02/01/2024,13:24:36,0.1,0.1,52040,0.15,26480,1160,104000
FINNIFTY02JAN2422900CE.NFO,02/01/2024,13:24:41,0.1,0.1,52040,0.15,26480,0,104000
FINNIFTY02JAN2422900CE.NFO,02/01/2024,13:24:46,0.1,0.1,51040,0.15,28280,1000,104000
FINNIFTY02JAN2422900CE.NFO,02/01/2024,13:25:11,0.1,0.1,51040,0.15,34040,0,104000
FINNIFTY02JAN2422900CE.NFO,02/01/2024,13:26:37,0.1,0.1,47440,0.15,34080,0,104000
FINNIFTY02JAN2422900CE.NFO,02/01/2024,13:26:42,0.1,0.1,47440,0.15,31400,0,104000
FINNIFTY02JAN2422900CE.NFO,02/01/2024,13:26:50,0.1,0.1,42040,0.15,29600,2640,104000
FINNIFTY02JAN2422900CE.NFO,02/01/2024,13:26:55,0.1,0.1,42040,0.15,30800,0,104000
FINNIFTY02JAN2422900CE.NFO,02/01/2024,13:26:59,0.1,0.1,42040,0.15,34400,0,104000
FINNIFTY02JAN2422900CE.NFO,02/01/2024,13:27:09,0.1,0.1,42040,0.15,35000,0,104000
FINNIFTY02JAN2422900CE.NFO,02/01/2024,13:27:28,0.1,0.1,25640,0.15,35000,0,104000
FINNIFTY02JAN2422900CE.NFO,02/01/2024,13:27:32,0.1,0.1,22040,0.15,35000,0,104000
FINNIFTY02JAN2422900CE.NFO,02/01/2024,13:29:19,0.1,0.1,22040,0.15,38000,0,104000
FINNIFTY02JAN2422900CE.NFO,02/01/2024,13:29:48,0.1,0.1,21200,0.15,38000,840,104000
FINNIFTY02JAN2422900CE.NFO,02/01/2024,13:30:25,0.1,0.1,21200,0.15,37640,0,104000
FINNIFTY02JAN2422900CE.NFO,02/01/2024,13:30:53,0.1,0.1,19400,0.15,37680,0,104000
FINNIFTY02JAN2422900CE.NFO,02/01/2024,13:31:19,0.1,0.1,18840,0.15,37680,560,104000
FINNIFTY02JAN2422900CE.NFO,02/01/2024,13:31:24,0.1,0.1,12480,0.15,27680,6360,104000
FINNIFTY02JAN2422900CE.NFO,02/01/2024,13:31:35,0.1,0.1,10080,0.15,29480,2400,104000
FINNIFTY02JAN2422900CE.NFO,02/01/2024,13:31:41,0.1,0.1,9880,0.15,38480,200,104000
FINNIFTY02JAN2422900CE.NFO,02/01/2024,13:31:53,0.1,0.1,9920,0.15,37880,0,104000
FINNIFTY02JAN2422900CE.NFO,02/01/2024,13:32:05,0.1,0.1,8080,0.15,34920,1800,104000
FINNIFTY02JAN2422900CE.NFO,02/01/2024,13:32:10,0.1,0.1,8080,0.15,38520,0,104000
FINNIFTY02JAN2422900CE.NFO,02/01/2024,13:32:44,0.1,0.1,5880,0.15,40320,2200,104000
FINNIFTY02JAN2422900CE.NFO,02/01/2024,13:32:50,0.1,0.1,5920,0.15,25920,0,104000
FINNIFTY02JAN2422900CE.NFO,02/01/2024,13:32:55,0.1,0.05,133920,0.1,14600,7000,104000
FINNIFTY02JAN2422900CE.NFO,02/01/2024,13:33:00,0.1,0.05,133920,0.1,24040,1400,107120
FINNIFTY02JAN2422900CE.NFO,02/01/2024,13:33:05,0.05,0.05,135680,0.1,23520,280,107120
FINNIFTY02JAN2422900CE.NFO,02/01/2024,13:33:05,0.05,0.05,135680,0.1,23520,0,107120
FINNIFTY02JAN2422900CE.NFO,02/01/2024,13:33:20,0.1,0.05,135680,0.1,22200,80,107120
FINNIFTY02JAN2422900CE.NFO,02/01/2024,13:33:53,0.1,0.05,135680,0.1,22040,0,107120
FINNIFTY02JAN2422900CE.NFO,02/01/2024,13:33:59,0.1,0.05,135680,0.1,27440,0,107120
FINNIFTY02JAN2422900CE.NFO,02/01/2024,13:34:26,0.1,0.05,136280,0.1,27440,0,107120
FINNIFTY02JAN2422900CE.NFO,02/01/2024,13:35:26,0.1,0.05,136280,0.1,27480,0,107120
FINNIFTY02JAN2422900CE.NFO,02/01/2024,13:37:12,0.1,0.05,136280,0.1,27600,0,107120
FINNIFTY02JAN2422900CE.NFO,02/01/2024,13:42:44,0.1,0.05,132680,0.1,27600,0,107120
FINNIFTY02JAN2422900CE.NFO,02/01/2024,13:42:50,0.1,0.05,114320,0.1,28920,0,107120
FINNIFTY02JAN2422900CE.NFO,02/01/2024,13:43:21,0.1,0.05,114320,0.1,27520,0,107120
FINNIFTY02JAN2422900CE.NFO,02/01/2024,13:45:48,0.05,0.05,114280,0.1,27520,40,105480
FINNIFTY02JAN2422900CE.NFO,02/01/2024,13:46:28,0.05,0.05,114280,0.1,29120,0,105480
FINNIFTY02JAN2422900CE.NFO,02/01/2024,13:47:57,0.05,0.05,112480,0.1,18080,0,105480
FINNIFTY02JAN2422900CE.NFO,02/01/2024,13:50:25,0.05,0.05,95200,0.1,32480,0,105480
FINNIFTY02JAN2422900CE.NFO,02/01/2024,13:50:31,0.05,0.05,95200,0.1,16000,0,105480
FINNIFTY02JAN2422900CE.NFO,02/01/2024,13:51:01,0.1,0.1,12040,0.15,8640,18000,105480
FINNIFTY02JAN2422900CE.NFO,02/01/2024,13:51:07,0.1,0.1,12040,0.15,17400,0,105480
FINNIFTY02JAN2422900CE.NFO,02/01/2024,13:51:12,0.1,0.1,12040,0.15,15000,0,105480
FINNIFTY02JAN2422900CE.NFO,02/01/2024,13:51:17,0.1,0.1,12040,0.15,20400,0,105480
FINNIFTY02JAN2422900CE.NFO,02/01/2024,13:51:39,0.1,0.1,13800,0.15,21720,40,88440
FINNIFTY02JAN2422900CE.NFO,02/01/2024,13:52:29,0.1,0.1,13800,0.15,13240,0,88440
FINNIFTY02JAN2422900CE.NFO,02/01/2024,13:53:00,0.1,0.1,13800,0.15,17280,0,88440
FINNIFTY02JAN2422900CE.NFO,02/01/2024,13:53:26,0.15,0.1,13800,0.15,17320,40,88440
FINNIFTY02JAN2422900CE.NFO,02/01/2024,13:53:32,0.15,0.1,13800,0.15,20360,160,88440
FINNIFTY02JAN2422900CE.NFO,02/01/2024,13:53:38,0.15,0.1,13800,0.15,20120,240,88440
FINNIFTY02JAN2422900CE.NFO,02/01/2024,13:53:44,0.15,0.1,13800,0.15,19880,240,88440
FINNIFTY02JAN2422900CE.NFO,02/01/2024,13:53:49,0.15,0.1,13800,0.15,18000,80,88440
FINNIFTY02JAN2422900CE.NFO,02/01/2024,13:53:55,0.15,0.1,13800,0.15,17840,160,88440
FINNIFTY02JAN2422900CE.NFO,02/01/2024,13:54:18,0.1,0.1,12880,0.15,21000,920,88400
FINNIFTY02JAN2422900CE.NFO,02/01/2024,13:54:39,0.1,0.1,8760,0.15,19200,4160,88400
FINNIFTY02JAN2422900CE.NFO,02/01/2024,13:54:45,0.1,0.1,8720,0.15,19200,0,88400
FINNIFTY02JAN2422900CE.NFO,02/01/2024,13:54:56,0.1,0.1,7760,0.15,21000,960,88400
FINNIFTY02JAN2422900CE.NFO,02/01/2024,13:55:12,0.1,0.1,6960,0.15,19640,840,88400
FINNIFTY02JAN2422900CE.NFO,02/01/2024,13:55:18,0.1,0.1,6920,0.15,19640,0,88400
FINNIFTY02JAN2422900CE.NFO,02/01/2024,13:58:10,0.1,0.1,6560,0.15,17840,400,82480
FINNIFTY02JAN2422900CE.NFO,02/01/2024,13:58:15,0.1,0.1,6520,0.15,17840,0,82480
FINNIFTY02JAN2422900CE.NFO,02/01/2024,13:59:12,0.15,0.1,6520,0.15,19560,80,82480
FINNIFTY02JAN2422900CE.NFO,02/01/2024,13:59:17,0.15,0.1,7720,0.15,17720,40,82480
FINNIFTY02JAN2422900CE.NFO,02/01/2024,13:59:21,0.15,0.1,6520,0.15,17680,40,82480
FINNIFTY02JAN2422900CE.NFO,02/01/2024,13:59:26,0.15,0.1,6320,0.15,17560,320,82480
FINNIFTY02JAN2422900CE.NFO,02/01/2024,13:59:30,0.15,0.1,6360,0.15,17520,40,82480
FINNIFTY02JAN2422900CE.NFO,02/01/2024,13:59:35,0.15,0.1,6320,0.15,17480,40,82480
FINNIFTY02JAN2422900CE.NFO,02/01/2024,13:59:39,0.15,0.1,6360,0.15,17440,40,82480
FINNIFTY02JAN2422900CE.NFO,02/01/2024,13:59:43,0.15,0.1,6360,0.15,19200,40,82480
FINNIFTY02JAN2422900CE.NFO,02/01/2024,13:59:47,0.15,0.1,6320,0.15,17360,40,82480
FINNIFTY02JAN2422900CE.NFO,02/01/2024,13:59:52,0.15,0.1,6080,0.15,17120,520,82480
FINNIFTY02JAN2422900CE.NFO,02/01/2024,13:59:58,0.15,0.1,6040,0.15,17120,0,82480
FINNIFTY02JAN2422900CE.NFO,02/01/2024,14:00:02,0.1,0.1,5840,0.15,18920,200,82480
FINNIFTY02JAN2422900CE.NFO,02/01/2024,14:00:07,0.15,0.1,5880,0.15,18880,40,82080
FINNIFTY02JAN2422900CE.NFO,02/01/2024,14:00:11,0.15,0.1,5840,0.15,18880,0,82080
FINNIFTY02JAN2422900CE.NFO,02/01/2024,14:00:19,0.15,0.1,5880,0.15,17680,0,82080
FINNIFTY02JAN2422900CE.NFO,02/01/2024,14:00:22,0.15,0.1,5840,0.15,17680,0,82080
FINNIFTY02JAN2422900CE.NFO,02/01/2024,14:02:19,0.1,0.1,5400,0.15,17680,440,82080
FINNIFTY02JAN2422900CE.NFO,02/01/2024,14:02:24,0.1,0.1,3160,0.15,19480,2240,82080
FINNIFTY02JAN2422900CE.NFO,02/01/2024,14:02:30,0.1,0.1,3000,0.15,17080,200,82080
FINNIFTY02JAN2422900CE.NFO,02/01/2024,14:02:35,0.1,0.1,2960,0.15,17080,0,82080
FINNIFTY02JAN2422900CE.NFO,02/01/2024,14:02:39,0.1,0.1,3000,0.15,16480,0,82080
FINNIFTY02JAN2422900CE.NFO,02/01/2024,14:02:43,0.1,0.1,2800,0.15,16480,160,82080
FINNIFTY02JAN2422900CE.NFO,02/01/2024,14:03:00,0.1,0.1,2800,0.15,16480,0,82080
FINNIFTY02JAN2422900CE.NFO,02/01/2024,14:03:26,0.1,0.1,2120,0.15,16480,680,81920
FINNIFTY02JAN2422900CE.NFO,02/01/2024,14:03:32,0.1,0.1,2080,0.15,19640,40,81920
FINNIFTY02JAN2422900CE.NFO,02/01/2024,14:03:56,0.1,0.1,2120,0.15,17080,0,81920
FINNIFTY02JAN2422900CE.NFO,02/01/2024,14:04:01,0.1,0.1,2080,0.15,15280,0,81920
FINNIFTY02JAN2422900CE.NFO,02/01/2024,14:04:12,0.15,0.1,2120,0.15,16600,40,81920
FINNIFTY02JAN2422900CE.NFO,02/01/2024,14:04:17,0.15,0.1,2120,0.15,17960,280,81920
FINNIFTY02JAN2422900CE.NFO,02/01/2024,14:04:24,0.15,0.1,2080,0.15,15240,1000,81920
FINNIFTY02JAN2422900CE.NFO,02/01/2024,14:04:30,0.1,0.05,101640,0.15,17480,480,81920
FINNIFTY02JAN2422900CE.NFO,02/01/2024,14:04:36,0.05,0.05,99680,0.1,8720,1280,81920
FINNIFTY02JAN2422900CE.NFO,02/01/2024,14:04:42,0.05,0.05,99680,0.1,7680,0,81920
FINNIFTY02JAN2422900CE.NFO,02/01/2024,14:04:48,0.05,0.05,99440,0.1,8440,240,81920
FINNIFTY02JAN2422900CE.NFO,02/01/2024,14:04:54,0.05,0.05,99440,0.1,9040,0,81920
FINNIFTY02JAN2422900CE.NFO,02/01/2024,14:05:34,0.1,0.05,100360,0.1,8160,880,81920
FINNIFTY02JAN2422900CE.NFO,02/01/2024,14:06:22,0.1,0.05,100360,0.1,8360,0,81920
FINNIFTY02JAN2422900CE.NFO,02/01/2024,14:06:49,0.1,0.05,93160,0.1,10200,0,81920
FINNIFTY02JAN2422900CE.NFO,02/01/2024,14:07:03,0.1,0.05,93160,0.1,12640,0,81920
FINNIFTY02JAN2422900CE.NFO,02/01/2024,14:07:19,0.1,0.05,93360,0.1,12240,400,79040
FINNIFTY02JAN2422900CE.NFO,02/01/2024,14:07:32,0.1,0.05,93360,0.1,12240,0,79040
FINNIFTY02JAN2422900CE.NFO,02/01/2024,14:08:17,0.1,0.05,91560,0.1,12240,0,79040
FINNIFTY02JAN2422900CE.NFO,02/01/2024,14:09:15,0.1,0.05,91560,0.1,11040,1200,79040
FINNIFTY02JAN2422900CE.NFO,02/01/2024,14:09:21,0.1,0.05,91560,0.1,9840,1200,79040
FINNIFTY02JAN2422900CE.NFO,02/01/2024,14:11:06,0.1,0.05,87560,0.1,13360,0,79040
FINNIFTY02JAN2422900CE.NFO,02/01/2024,14:11:59,0.1,0.05,67160,0.1,13360,0,79040
FINNIFTY02JAN2422900CE.NFO,02/01/2024,14:12:05,0.1,0.05,65360,0.1,13400,0,79040
FINNIFTY02JAN2422900CE.NFO,02/01/2024,14:12:25,0.1,0.05,61760,0.1,13400,0,79040
FINNIFTY02JAN2422900CE.NFO,02/01/2024,14:12:30,0.1,0.05,54560,0.1,13360,0,79040
FINNIFTY02JAN2422900CE.NFO,02/01/2024,14:13:18,0.1,0.05,54560,0.1,13280,0,79040
FINNIFTY02JAN2422900CE.NFO,02/01/2024,14:14:03,0.1,0.05,55160,0.1,12200,1080,78080
FINNIFTY02JAN2422900CE.NFO,02/01/2024,14:14:47,0.1,0.05,55160,0.1,12320,0,78080
FINNIFTY02JAN2422900CE.NFO,02/01/2024,14:15:06,0.05,0.05,54320,0.1,12320,840,78080
FINNIFTY02JAN2422900CE.NFO,02/01/2024,14:15:13,0.05,0.05,50000,0.1,12320,0,78080
FINNIFTY02JAN2422900CE.NFO,02/01/2024,14:15:20,0.05,0.05,50000,0.1,13120,0,78080
FINNIFTY02JAN2422900CE.NFO,02/01/2024,14:16:42,0.1,0.05,50480,0.1,12960,200,77000
FINNIFTY02JAN2422900CE.NFO,02/01/2024,14:17:01,0.1,0.05,50480,0.1,12720,240,77000
FINNIFTY02JAN2422900CE.NFO,02/01/2024,14:17:38,0.1,0.05,50480,0.1,12520,0,77000
FINNIFTY02JAN2422900CE.NFO,02/01/2024,14:18:11,0.1,0.05,50480,0.1,12320,200,76560
FINNIFTY02JAN2422900CE.NFO,02/01/2024,14:18:17,0.1,0.05,50480,0.1,10560,1760,76560
FINNIFTY02JAN2422900CE.NFO,02/01/2024,14:18:24,0.1,0.05,50480,0.1,12840,440,76560
FINNIFTY02JAN2422900CE.NFO,02/01/2024,14:18:31,0.1,0.05,50480,0.1,12560,320,76560
FINNIFTY02JAN2422900CE.NFO,02/01/2024,14:19:04,0.1,0.05,50480,0.1,12560,0,76560
FINNIFTY02JAN2422900CE.NFO,02/01/2024,14:19:18,0.1,0.05,50480,0.1,15440,120,76560
FINNIFTY02JAN2422900CE.NFO,02/01/2024,14:19:25,0.1,0.05,50480,0.1,15960,280,76560
FINNIFTY02JAN2422900CE.NFO,02/01/2024,14:19:33,0.1,0.05,50480,0.1,15880,960,76560
FINNIFTY02JAN2422900CE.NFO,02/01/2024,14:19:40,0.1,0.05,50480,0.1,15600,480,76560
FINNIFTY02JAN2422900CE.NFO,02/01/2024,14:19:47,0.1,0.05,50480,0.1,15280,320,76560
FINNIFTY02JAN2422900CE.NFO,02/01/2024,14:20:00,0.1,0.05,50480,0.1,15240,40,76560
FINNIFTY02JAN2422900CE.NFO,02/01/2024,14:20:07,0.1,0.05,50480,0.1,15120,120,76560
FINNIFTY02JAN2422900CE.NFO,02/01/2024,14:20:32,0.1,0.05,49480,0.1,15120,0,76560
FINNIFTY02JAN2422900CE.NFO,02/01/2024,14:20:44,0.1,0.05,48880,0.1,15120,0,76560
FINNIFTY02JAN2422900CE.NFO,02/01/2024,14:21:39,0.1,0.05,48880,0.1,15080,40,75360
FINNIFTY02JAN2422900CE.NFO,02/01/2024,14:21:58,0.1,0.05,48880,0.1,15200,0,75360
FINNIFTY02JAN2422900CE.NFO,02/01/2024,14:22:44,0.1,0.05,48880,0.1,14720,480,75360
FINNIFTY02JAN2422900CE.NFO,02/01/2024,14:22:51,0.1,0.05,48880,0.1,12720,800,75360
FINNIFTY02JAN2422900CE.NFO,02/01/2024,14:23:11,0.05,0.05,48480,0.1,15440,400,75360
FINNIFTY02JAN2422900CE.NFO,02/01/2024,14:23:48,0.05,0.05,47800,0.1,15840,680,75360
FINNIFTY02JAN2422900CE.NFO,02/01/2024,14:23:55,0.05,0.05,47000,0.1,15840,800,75360
FINNIFTY02JAN2422900CE.NFO,02/01/2024,14:24:19,0.05,0.05,41560,0.1,15840,40,75360
FINNIFTY02JAN2422900CE.NFO,02/01/2024,14:25:29,0.05,0.05,41560,0.1,17360,0,75360
FINNIFTY02JAN2422900CE.NFO,02/01/2024,14:27:06,0.1,0.05,41560,0.1,15840,1520,75360
FINNIFTY02JAN2422900CE.NFO,02/01/2024,14:29:50,0.05,0.05,41000,0.1,15840,560,75360
FINNIFTY02JAN2422900CE.NFO,02/01/2024,14:29:57,0.05,0.05,40200,0.1,15840,800,75360
FINNIFTY02JAN2422900CE.NFO,02/01/2024,14:30:11,0.05,0.05,39800,0.1,15880,400,75360
FINNIFTY02JAN2422900CE.NFO,02/01/2024,14:30:18,0.05,0.05,38160,0.1,15880,1640,75360
FINNIFTY02JAN2422900CE.NFO,02/01/2024,14:30:24,0.05,0.05,33440,0.1,15840,4720,75360
FINNIFTY02JAN2422900CE.NFO,02/01/2024,14:30:33,0.05,0.05,33520,0.1,15840,0,75360
FINNIFTY02JAN2422900CE.NFO,02/01/2024,14:30:39,0.05,0.05,33440,0.1,15880,0,75360
FINNIFTY02JAN2422900CE.NFO,02/01/2024,14:30:52,0.1,0.05,33440,0.1,10240,1320,75360
FINNIFTY02JAN2422900CE.NFO,02/01/2024,14:30:59,0.1,0.05,28040,0.1,9320,6680,75360
FINNIFTY02JAN2422900CE.NFO,02/01/2024,14:31:07,0.05,0.05,23360,0.1,10360,4880,75360
FINNIFTY02JAN2422900CE.NFO,02/01/2024,14:31:14,0.1,0.05,23360,0.1,20360,200,75360
FINNIFTY02JAN2422900CE.NFO,02/01/2024,14:31:20,0.1,0.05,25160,0.1,20440,0,75360
FINNIFTY02JAN2422900CE.NFO,02/01/2024,14:31:27,0.1,0.05,25160,0.1,20200,200,75360
FINNIFTY02JAN2422900CE.NFO,02/01/2024,14:31:34,0.1,0.05,25160,0.1,19800,440,75360
FINNIFTY02JAN2422900CE.NFO,02/01/2024,14:31:41,0.1,0.05,43160,0.1,19800,0,75360
FINNIFTY02JAN2422900CE.NFO,02/01/2024,14:31:48,0.1,0.05,59360,0.1,19800,0,75360
FINNIFTY02JAN2422900CE.NFO,02/01/2024,14:31:55,0.1,0.05,91760,0.1,20800,400,75360
FINNIFTY02JAN2422900CE.NFO,02/01/2024,14:32:02,0.1,0.05,73760,0.1,20800,0,75360
FINNIFTY02JAN2422900CE.NFO,02/01/2024,14:32:09,0.1,0.05,84560,0.1,20600,200,75360
FINNIFTY02JAN2422900CE.NFO,02/01/2024,14:32:17,0.1,0.05,122360,0.1,20200,400,75360
FINNIFTY02JAN2422900CE.NFO,02/01/2024,14:32:31,0.1,0.05,122360,0.1,22000,0,75360
FINNIFTY02JAN2422900CE.NFO,02/01/2024,14:35:06,0.1,0.05,120560,0.1,20200,1800,70720
FINNIFTY02JAN2422900CE.NFO,02/01/2024,14:35:33,0.1,0.05,120560,0.1,20960,0,70720
FINNIFTY02JAN2422900CE.NFO,02/01/2024,14:37:24,0.1,0.05,120560,0.1,20960,40,68920
FINNIFTY02JAN2422900CE.NFO,02/01/2024,14:37:39,0.05,0.05,120520,0.1,20960,40,68920
FINNIFTY02JAN2422900CE.NFO,02/01/2024,14:38:29,0.05,0.05,19840,0.1,10640,0,68920
FINNIFTY02JAN2422900CE.NFO,02/01/2024,14:38:36,0.05,0.05,8200,0.1,8880,11640,68920
FINNIFTY02JAN2422900CE.NFO,02/01/2024,14:38:43,0.05,0.05,7280,0.1,17280,920,68920
FINNIFTY02JAN2422900CE.NFO,02/01/2024,14:38:50,0.1,0.05,8320,0.1,21840,1640,68920
FINNIFTY02JAN2422900CE.NFO,02/01/2024,14:38:57,0.1,0.05,8400,0.1,21840,0,68920
FINNIFTY02JAN2422900CE.NFO,02/01/2024,14:39:11,0.1,0.05,8320,0.1,21880,0,68920
FINNIFTY02JAN2422900CE.NFO,02/01/2024,14:39:18,0.1,0.05,8400,0.1,21840,0,68920
FINNIFTY02JAN2422900CE.NFO,02/01/2024,14:39:32,0.1,0.05,8320,0.1,21840,0,68920
FINNIFTY02JAN2422900CE.NFO,02/01/2024,14:40:25,0.1,0.05,8320,0.1,21640,200,68680
FINNIFTY02JAN2422900CE.NFO,02/01/2024,14:40:34,0.1,0.05,8320,0.1,20120,800,68680
FINNIFTY02JAN2422900CE.NFO,02/01/2024,14:40:56,0.1,0.05,3600,0.1,14480,0,68680
FINNIFTY02JAN2422900CE.NFO,02/01/2024,14:42:13,0.1,0.05,8000,0.1,14360,0,68680
FINNIFTY02JAN2422900CE.NFO,02/01/2024,14:42:45,0.1,0.05,4400,0.1,14400,0,68680
FINNIFTY02JAN2422900CE.NFO,02/01/2024,14:43:06,0.1,0.05,4400,0.1,18320,0,68680
FINNIFTY02JAN2422900CE.NFO,02/01/2024,14:43:13,0.1,0.05,7800,0.1,18320,0,68680
FINNIFTY02JAN2422900CE.NFO,02/01/2024,14:43:20,0.1,0.05,7720,0.1,19640,0,68680
FINNIFTY02JAN2422900CE.NFO,02/01/2024,14:44:13,0.1,0.05,4400,0.1,14720,0,68680
FINNIFTY02JAN2422900CE.NFO,02/01/2024,14:44:21,0.1,0.05,10800,0.1,14840,0,68680
FINNIFTY02JAN2422900CE.NFO,02/01/2024,14:44:28,0.1,0.05,12240,0.1,14840,0,68680
FINNIFTY02JAN2422900CE.NFO,02/01/2024,14:44:36,0.1,0.05,9120,0.1,14840,0,68680
FINNIFTY02JAN2422900CE.NFO,02/01/2024,14:45:18,0.1,0.05,4800,0.1,14840,0,68680
FINNIFTY02JAN2422900CE.NFO,02/01/2024,14:45:32,0.1,0.05,4800,0.1,18320,0,68680
FINNIFTY02JAN2422900CE.NFO,02/01/2024,14:45:39,0.1,0.05,7760,0.1,18360,0,68680
FINNIFTY02JAN2422900CE.NFO,02/01/2024,14:45:47,0.1,0.05,9200,0.1,17800,0,68680
FINNIFTY02JAN2422900CE.NFO,02/01/2024,14:46:00,0.1,0.05,9120,0.1,17800,0,68680
FINNIFTY02JAN2422900CE.NFO,02/01/2024,14:46:14,0.1,0.05,9120,0.1,17680,240,67680
FINNIFTY02JAN2422900CE.NFO,02/01/2024,14:46:20,0.1,0.05,7680,0.1,18880,0,67680
FINNIFTY02JAN2422900CE.NFO,02/01/2024,14:46:27,0.1,0.05,7680,0.1,18680,200,67680
FINNIFTY02JAN2422900CE.NFO,02/01/2024,14:46:34,0.1,0.05,4800,0.1,14160,440,67680
FINNIFTY02JAN2422900CE.NFO,02/01/2024,14:46:41,0.1,0.05,11600,0.1,17360,0,67680
FINNIFTY02JAN2422900CE.NFO,02/01/2024,14:46:48,0.1,0.05,13040,0.1,17320,0,67680
FINNIFTY02JAN2422900CE.NFO,02/01/2024,14:47:36,0.1,0.05,13040,0.1,17800,0,67680
FINNIFTY02JAN2422900CE.NFO,02/01/2024,14:47:43,0.1,0.05,13120,0.1,17800,0,67680
FINNIFTY02JAN2422900CE.NFO,02/01/2024,14:47:57,0.1,0.05,7360,0.1,17800,0,67680
FINNIFTY02JAN2422900CE.NFO,02/01/2024,14:48:50,0.1,0.05,7360,0.1,17880,0,67680
FINNIFTY02JAN2422900CE.NFO,02/01/2024,14:49:09,0.1,0.05,7360,0.1,17480,400,68360
FINNIFTY02JAN2422900CE.NFO,02/01/2024,14:49:22,0.1,0.05,7280,0.1,17480,0,68360
FINNIFTY02JAN2422900CE.NFO,02/01/2024,14:50:15,0.1,0.05,7280,0.1,16680,800,68360
FINNIFTY02JAN2422900CE.NFO,02/01/2024,14:51:01,0.1,0.05,4800,0.1,13040,0,68360
FINNIFTY02JAN2422900CE.NFO,02/01/2024,14:51:34,0.1,0.05,7840,0.1,13040,0,68360
FINNIFTY02JAN2422900CE.NFO,02/01/2024,14:52:09,0.1,0.05,7040,0.1,16000,0,68360
FINNIFTY02JAN2422900CE.NFO,02/01/2024,14:52:23,0.05,0.05,6000,0.1,16360,1040,68040
FINNIFTY02JAN2422900CE.NFO,02/01/2024,14:53:31,0.05,0.05,4200,0.1,15680,0,68040
FINNIFTY02JAN2422900CE.NFO,02/01/2024,14:53:39,0.05,0.05,4160,0.1,15680,40,68040
FINNIFTY02JAN2422900CE.NFO,02/01/2024,14:53:54,0.05,0.05,4160,0.1,15680,0,68040
FINNIFTY02JAN2422900CE.NFO,02/01/2024,14:54:01,0.05,0.05,4160,0.1,15720,0,68040
FINNIFTY02JAN2422900CE.NFO,02/01/2024,14:54:08,0.05,0.05,4160,0.1,15960,0,68040
FINNIFTY02JAN2422900CE.NFO,02/01/2024,14:54:59,0.1,0.05,4240,0.1,14640,1240,66960
FINNIFTY02JAN2422900CE.NFO,02/01/2024,14:56:02,0.1,0.05,4240,0.1,16160,0,66960
FINNIFTY02JAN2422900CE.NFO,02/01/2024,14:57:40,0.1,0.05,4240,0.1,16080,0,66960
FINNIFTY02JAN2422900CE.NFO,02/01/2024,14:57:53,0.1,0.05,4240,0.1,16040,40,66960
FINNIFTY02JAN2422900CE.NFO,02/01/2024,14:58:08,0.1,0.05,4240,0.1,16000,40,66960
FINNIFTY02JAN2422900CE.NFO,02/01/2024,14:58:15,0.1,0.05,4240,0.1,15960,40,66960
FINNIFTY02JAN2422900CE.NFO,02/01/2024,14:58:22,0.1,0.05,4240,0.1,15920,40,66960
FINNIFTY02JAN2422900CE.NFO,02/01/2024,14:58:29,0.1,0.05,4240,0.1,17120,0,66960
FINNIFTY02JAN2422900CE.NFO,02/01/2024,14:58:35,0.1,0.05,5360,0.1,18480,40,66960
FINNIFTY02JAN2422900CE.NFO,02/01/2024,14:58:42,0.1,0.05,5360,0.1,18440,40,66960
FINNIFTY02JAN2422900CE.NFO,02/01/2024,14:58:57,0.1,0.05,5360,0.1,18280,160,66960
FINNIFTY02JAN2422900CE.NFO,02/01/2024,14:59:04,0.1,0.05,5360,0.1,18200,80,66960
FINNIFTY02JAN2422900CE.NFO,02/01/2024,14:59:11,0.1,0.05,5360,0.1,17680,160,66960
FINNIFTY02JAN2422900CE.NFO,02/01/2024,14:59:18,0.1,0.05,5360,0.1,18200,80,66960
FINNIFTY02JAN2422900CE.NFO,02/01/2024,14:59:25,0.1,0.05,5360,0.1,18360,120,66960
FINNIFTY02JAN2422900CE.NFO,02/01/2024,14:59:34,0.1,0.05,5360,0.1,18200,160,66960
FINNIFTY02JAN2422900CE.NFO,02/01/2024,14:59:42,0.1,0.05,5360,0.1,17760,440,66960
FINNIFTY02JAN2422900CE.NFO,02/01/2024,14:59:50,0.1,0.05,5360,0.1,17360,240,66960
FINNIFTY02JAN2422900CE.NFO,02/01/2024,14:59:58,0.1,0.05,5360,0.1,16880,480,66960
FINNIFTY02JAN2422900CE.NFO,02/01/2024,15:00:06,0.1,0.05,5360,0.1,16560,320,66960
FINNIFTY02JAN2422900CE.NFO,02/01/2024,15:00:14,0.1,0.05,5280,0.1,16520,40,66960
FINNIFTY02JAN2422900CE.NFO,02/01/2024,15:00:29,0.1,0.05,5280,0.1,16320,200,66960
FINNIFTY02JAN2422900CE.NFO,02/01/2024,15:00:43,0.1,0.05,5280,0.1,15600,720,66960
FINNIFTY02JAN2422900CE.NFO,02/01/2024,15:00:51,0.1,0.05,5280,0.1,13800,1840,66960
FINNIFTY02JAN2422900CE.NFO,02/01/2024,15:00:58,0.1,0.05,5280,0.1,13400,400,66960
FINNIFTY02JAN2422900CE.NFO,02/01/2024,15:01:06,0.1,0.05,5280,0.1,12840,520,66960
FINNIFTY02JAN2422900CE.NFO,02/01/2024,15:01:14,0.1,0.05,5280,0.1,10360,1080,66960
FINNIFTY02JAN2422900CE.NFO,02/01/2024,15:01:21,0.05,0.05,5240,0.1,10360,40,66960
FINNIFTY02JAN2422900CE.NFO,02/01/2024,15:01:36,0.1,0.05,5240,0.1,11680,160,66960
FINNIFTY02JAN2422900CE.NFO,02/01/2024,15:01:45,0.1,0.05,5240,0.1,11240,440,66960
FINNIFTY02JAN2422900CE.NFO,02/01/2024,15:01:52,0.1,0.05,5240,0.1,10800,440,66960
FINNIFTY02JAN2422900CE.NFO,02/01/2024,15:02:01,0.1,0.05,5240,0.1,9920,880,66960
FINNIFTY02JAN2422900CE.NFO,02/01/2024,15:02:08,0.1,0.05,6440,0.1,10000,0,66960
FINNIFTY02JAN2422900CE.NFO,02/01/2024,15:02:32,0.1,0.05,5400,0.1,10000,0,66960
FINNIFTY02JAN2422900CE.NFO,02/01/2024,15:03:09,0.1,0.05,5400,0.1,9600,400,66960
FINNIFTY02JAN2422900CE.NFO,02/01/2024,15:04:14,0.1,0.05,5800,0.1,9280,320,67560
FINNIFTY02JAN2422900CE.NFO,02/01/2024,15:04:22,0.05,0.05,3080,0.1,7760,3400,67560
FINNIFTY02JAN2422900CE.NFO,02/01/2024,15:04:30,0.05,0.05,1880,0.1,7760,1200,67560
FINNIFTY02JAN2422900CE.NFO,02/01/2024,15:04:45,0.05,0.05,2040,0.1,8960,0,67560
FINNIFTY02JAN2422900CE.NFO,02/01/2024,15:04:52,0.05,0.05,2240,0.1,8960,0,67560
FINNIFTY02JAN2422900CE.NFO,02/01/2024,15:05:00,0.05,0.05,2240,0.1,9040,0,67560
FINNIFTY02JAN2422900CE.NFO,02/01/2024,15:05:08,0.1,0.05,2240,0.1,8600,800,67560
FINNIFTY02JAN2422900CE.NFO,02/01/2024,15:05:17,0.1,0.05,2240,0.1,8800,0,67560
FINNIFTY02JAN2422900CE.NFO,02/01/2024,15:05:25,0.1,0.05,2240,0.1,9040,0,67560
FINNIFTY02JAN2422900CE.NFO,02/01/2024,15:05:33,0.1,0.05,2240,0.1,9400,0,67560
FINNIFTY02JAN2422900CE.NFO,02/01/2024,15:05:41,0.1,0.05,3440,0.1,9800,0,67560
FINNIFTY02JAN2422900CE.NFO,02/01/2024,15:05:48,0.1,0.05,3440,0.1,10000,0,67560
FINNIFTY02JAN2422900CE.NFO,02/01/2024,15:05:56,0.1,0.05,3440,0.1,9920,80,67560
FINNIFTY02JAN2422900CE.NFO,02/01/2024,15:06:04,0.1,0.05,3440,0.1,8440,1480,67560
FINNIFTY02JAN2422900CE.NFO,02/01/2024,15:06:13,0.1,0.05,3440,0.1,8800,0,67560
FINNIFTY02JAN2422900CE.NFO,02/01/2024,15:06:21,0.1,0.05,3560,0.1,9520,480,67520
FINNIFTY02JAN2422900CE.NFO,02/01/2024,15:06:30,0.1,0.05,3680,0.1,10040,680,67520
FINNIFTY02JAN2422900CE.NFO,02/01/2024,15:06:37,0.1,0.05,3680,0.1,11040,0,67520
FINNIFTY02JAN2422900CE.NFO,02/01/2024,15:06:45,0.1,0.05,3680,0.1,11400,400,67520
FINNIFTY02JAN2422900CE.NFO,02/01/2024,15:07:01,0.1,0.05,3680,0.1,11000,400,67520
FINNIFTY02JAN2422900CE.NFO,02/01/2024,15:07:09,0.1,0.05,3680,0.1,7720,2520,67520
FINNIFTY02JAN2422900CE.NFO,02/01/2024,15:07:18,0.1,0.05,4880,0.1,7560,160,67520
FINNIFTY02JAN2422900CE.NFO,02/01/2024,15:07:27,0.1,0.05,4880,0.1,7080,480,67520
FINNIFTY02JAN2422900CE.NFO,02/01/2024,15:07:36,0.05,0.05,4760,0.1,6320,880,67520
FINNIFTY02JAN2422900CE.NFO,02/01/2024,15:07:46,0.05,0.05,7120,0.1,5640,960,67520
FINNIFTY02JAN2422900CE.NFO,02/01/2024,15:07:55,0.1,0.05,7040,0.1,5000,720,67520
FINNIFTY02JAN2422900CE.NFO,02/01/2024,15:08:05,0.05,0.05,7320,0.1,5000,560,67520
FINNIFTY02JAN2422900CE.NFO,02/01/2024,15:08:16,0.05,0.05,7160,0.1,5000,160,67520
FINNIFTY02JAN2422900CE.NFO,02/01/2024,15:08:26,0.05,0.05,6080,0.1,5400,0,67520
FINNIFTY02JAN2422900CE.NFO,02/01/2024,15:08:35,0.1,0.05,6080,0.1,5280,400,67520
FINNIFTY02JAN2422900CE.NFO,02/01/2024,15:08:44,0.1,0.05,7280,0.1,4520,1440,67520
FINNIFTY02JAN2422900CE.NFO,02/01/2024,15:08:53,0.1,0.05,7280,0.1,4160,560,67520
FINNIFTY02JAN2422900CE.NFO,02/01/2024,15:09:03,0.1,0.05,8160,0.1,3680,480,67520
FINNIFTY02JAN2422900CE.NFO,02/01/2024,15:09:13,0.1,0.05,8160,0.1,5320,80,67520
FINNIFTY02JAN2422900CE.NFO,02/01/2024,15:09:22,0.1,0.05,8160,0.1,4920,400,70080
FINNIFTY02JAN2422900CE.NFO,02/01/2024,15:09:42,0.1,0.05,8160,0.1,4640,280,70080
FINNIFTY02JAN2422900CE.NFO,02/01/2024,15:10:03,0.1,0.05,8160,0.1,4560,80,70080
FINNIFTY02JAN2422900CE.NFO,02/01/2024,15:10:14,0.1,0.05,7960,0.1,4480,440,70080
FINNIFTY02JAN2422900CE.NFO,02/01/2024,15:10:24,0.1,0.05,7960,0.1,4400,80,70080
FINNIFTY02JAN2422900CE.NFO,02/01/2024,15:10:35,0.1,0.05,6520,0.1,4400,0,70080
FINNIFTY02JAN2422900CE.NFO,02/01/2024,15:10:46,0.05,0.05,7080,0.1,4400,40,70080
FINNIFTY02JAN2422900CE.NFO,02/01/2024,15:10:56,0.05,0.05,6920,0.1,4400,160,70080
FINNIFTY02JAN2422900CE.NFO,02/01/2024,15:11:06,0.05,0.05,6880,0.1,4400,40,70080
FINNIFTY02JAN2422900CE.NFO,02/01/2024,15:11:16,0.05,0.05,6880,0.1,4400,0,70080
FINNIFTY02JAN2422900CE.NFO,02/01/2024,15:12:12,0.05,0.05,6840,0.1,4400,40,70080
FINNIFTY02JAN2422900CE.NFO,02/01/2024,15:12:22,0.05,0.05,6920,0.1,4400,80,70040
FINNIFTY02JAN2422900CE.NFO,02/01/2024,15:12:31,0.05,0.05,6880,0.1,4400,40,70040
FINNIFTY02JAN2422900CE.NFO,02/01/2024,15:12:41,0.05,0.05,6920,0.1,6200,240,70040
FINNIFTY02JAN2422900CE.NFO,02/01/2024,15:12:51,0.05,0.05,6920,0.1,6200,200,70040
FINNIFTY02JAN2422900CE.NFO,02/01/2024,15:14:09,0.05,0.05,6120,0.1,6200,800,70040
FINNIFTY02JAN2422900CE.NFO,02/01/2024,15:14:18,0.05,0.05,6120,0.1,6200,0,70040
FINNIFTY02JAN2422900CE.NFO,02/01/2024,15:14:37,0.05,0.05,6000,0.1,6200,120,70040
FINNIFTY02JAN2422900CE.NFO,02/01/2024,15:14:46,0.05,0.05,6000,0.1,6960,0,70040
FINNIFTY02JAN2422900CE.NFO,02/01/2024,15:15:10,0.05,0.05,3920,0.1,6960,2080,70040
FINNIFTY02JAN2422900CE.NFO,02/01/2024,15:15:19,0.05,0,0,0.1,6120,4480,66240
FINNIFTY02JAN2422900CE.NFO,02/01/2024,15:15:28,0.05,0,0,0.1,6720,0,66240
FINNIFTY02JAN2422900CE.NFO,02/01/2024,15:15:37,0.05,0,0,0.1,6720,640,66240
FINNIFTY02JAN2422900CE.NFO,02/01/2024,15:15:44,0.05,0,0,0.1,10720,0,66240
FINNIFTY02JAN2422900CE.NFO,02/01/2024,15:15:52,0.05,0,0,0.1,10840,0,66240
FINNIFTY02JAN2422900CE.NFO,02/01/2024,15:16:01,0.05,0,0,0.1,11080,0,66240
FINNIFTY02JAN2422900CE.NFO,02/01/2024,15:16:10,0.05,0,0,0.1,12720,200,66240
FINNIFTY02JAN2422900CE.NFO,02/01/2024,15:17:25,0.05,0,0,0.05,480,0,66240
FINNIFTY02JAN2422900CE.NFO,02/01/2024,15:18:59,0.05,0,0,0.05,560,0,66240
FINNIFTY02JAN2422900CE.NFO,02/01/2024,15:20:13,0.05,0,0,0.05,600,0,66240
FINNIFTY02JAN2422900CE.NFO,02/01/2024,15:21:03,0.05,0,0,0.05,640,0,66240
FINNIFTY02JAN2422900CE.NFO,02/01/2024,15:21:19,0.05,0,0,0.05,40,640,66080
FINNIFTY02JAN2422900CE.NFO,02/01/2024,15:21:27,0.05,0,0,0.05,200,0,66080
FINNIFTY02JAN2422900CE.NFO,02/01/2024,15:22:23,0.05,0,0,0.05,400,0,66080
FINNIFTY02JAN2422900CE.NFO,02/01/2024,15:22:31,0.05,0,0,0.05,440,0,66080
FINNIFTY02JAN2422900CE.NFO,02/01/2024,15:23:23,0.05,0,0,0.05,400,0,66080
FINNIFTY02JAN2422900CE.NFO,02/01/2024,15:23:33,0.05,0,0,0.05,320,80,66080
FINNIFTY02JAN2422900CE.NFO,02/01/2024,15:23:52,0.05,0,0,0.05,80,320,66080
FINNIFTY02JAN2422900CE.NFO,02/01/2024,15:24:29,0.05,0,0,0.05,120,0,66080
FINNIFTY02JAN2422900CE.NFO,02/01/2024,15:25:38,0.05,0,0,0.05,160,0,66080
FINNIFTY02JAN2422900CE.NFO,02/01/2024,15:26:28,0.05,0,0,0.05,320,0,66080
FINNIFTY02JAN2422900CE.NFO,02/01/2024,15:28:19,0.05,0,0,0.05,2120,0,66080
FINNIFTY02JAN2422900CE.NFO,02/01/2024,15:28:28,0.05,0,0,0.05,2160,0,66080
FINNIFTY02JAN2422900CE.NFO,02/01/2024,15:28:46,0.05,0,0,0.05,2200,0,66080
FINNIFTY02JAN2422900CE.NFO,02/01/2024,15:29:12,0.05,0,0,0.05,4000,0,66080
FINNIFTY02JAN2422900CE.NFO,02/01/2024,15:29:21,0.05,0,0,0.05,4120,0,66080
FINNIFTY02JAN2422900CE.NFO,02/01/2024,15:29:32,0.05,0,0,0.05,2160,0,66080
FINNIFTY02JAN2422900CE.NFO,02/01/2024,15:29:51,0.05,0,0,0.05,1760,400,66920
FINNIFTY02JAN2422900CE.NFO,02/01/2024,15:30:01,0.05,0,0,0.05,4480,0,66920
