Ticker,Date,Time,LTP,BuyPrice,BuyQty,SellPrice,SellQty,LTQ,OpenInterest
FINNIFTY02JAN2421650PE.NFO,02/01/2024,09:15:01,211,217.3,80,218.25,40,80,64000
FINNIFTY02JAN2421650PE.NFO,02/01/2024,09:15:01,216.5,217.3,80,218.25,40,0,64000
FINNIFTY02JAN2421650PE.NFO,02/01/2024,09:15:01,216.5,217.3,80,218.25,40,0,64000
FINNIFTY02JAN2421650PE.NFO,02/01/2024,09:15:01,211,217.3,80,218.25,40,0,64000
FINNIFTY02JAN2421650PE.NFO,02/01/2024,09:15:02,231.9,229.65,40,239.2,240,640,64000
FINNIFTY02JAN2421650PE.NFO,02/01/2024,09:15:02,231.9,229.65,40,239.2,240,0,64000
FINNIFTY02JAN2421650PE.NFO,02/01/2024,09:15:03,240.75,236.4,80,238.25,80,840,64000
FINNIFTY02JAN2421650PE.NFO,02/01/2024,09:15:03,240.75,236.4,80,238.25,80,0,64000
FINNIFTY02JAN2421650PE.NFO,02/01/2024,09:15:04,242.45,243.9,160,244.9,80,400,64000
FINNIFTY02JAN2421650PE.NFO,02/01/2024,09:15:04,252.1,243.9,160,244.9,80,0,64000
FINNIFTY02JAN2421650PE.NFO,02/01/2024,09:15:05,236.15,230.95,200,235.1,40,400,64000
FINNIFTY02JAN2421650PE.NFO,02/01/2024,09:15:06,241.8,236.9,40,239.35,80,160,64000
FINNIFTY02JAN2421650PE.NFO,02/01/2024,09:15:07,241.8,238.75,160,241.25,80,0,64000
FINNIFTY02JAN2421650PE.NFO,02/01/2024,09:15:07,241.8,239,200,241.25,80,0,64000
FINNIFTY02JAN2421650PE.NFO,02/01/2024,09:15:08,239.45,237.8,80,238.65,120,1120,64000
FINNIFTY02JAN2421650PE.NFO,02/01/2024,09:15:09,239.2,243.75,80,245.2,40,80,64000
FINNIFTY02JAN2421650PE.NFO,02/01/2024,09:15:10,247.8,246.8,40,250.35,120,520,64000
FINNIFTY02JAN2421650PE.NFO,02/01/2024,09:15:11,245.1,243.55,120,245.3,80,400,64000
FINNIFTY02JAN2421650PE.NFO,02/01/2024,09:15:13,247.3,244.2,200,245.9,120,360,64000
FINNIFTY02JAN2421650PE.NFO,02/01/2024,09:15:14,243.85,244.2,40,244.75,80,120,64000
FINNIFTY02JAN2421650PE.NFO,02/01/2024,09:15:15,245.4,244.8,40,246.05,40,120,64000
FINNIFTY02JAN2421650PE.NFO,02/01/2024,09:15:16,247.05,247.4,120,248.8,360,40,64000
FINNIFTY02JAN2421650PE.NFO,02/01/2024,09:15:17,247.05,246.2,80,248,360,0,64000
FINNIFTY02JAN2421650PE.NFO,02/01/2024,09:15:17,247.05,245.15,200,246.25,40,0,64000
FINNIFTY02JAN2421650PE.NFO,02/01/2024,09:15:18,243.65,242.65,40,244.1,360,600,64000
FINNIFTY02JAN2421650PE.NFO,02/01/2024,09:15:19,242,240.9,400,242,360,240,64000
FINNIFTY02JAN2421650PE.NFO,02/01/2024,09:15:21,241.85,243.15,200,243.9,360,80,64000
FINNIFTY02JAN2421650PE.NFO,02/01/2024,09:15:22,243.5,244.75,400,245.6,360,80,64000
FINNIFTY02JAN2421650PE.NFO,02/01/2024,09:15:23,244.65,243.6,40,244.4,360,40,64000
FINNIFTY02JAN2421650PE.NFO,02/01/2024,09:15:24,244.65,245.2,40,245.9,360,0,64000
FINNIFTY02JAN2421650PE.NFO,02/01/2024,09:15:24,244.65,244.95,400,245.6,360,0,64000
FINNIFTY02JAN2421650PE.NFO,02/01/2024,09:15:26,244.65,244.45,40,245.1,360,0,64000
FINNIFTY02JAN2421650PE.NFO,02/01/2024,09:15:27,245.3,245.35,40,246.1,360,40,64000
FINNIFTY02JAN2421650PE.NFO,02/01/2024,09:15:28,245.3,244.2,40,244.9,360,0,64000
FINNIFTY02JAN2421650PE.NFO,02/01/2024,09:15:29,243.55,243.25,440,243.9,360,360,64000
FINNIFTY02JAN2421650PE.NFO,02/01/2024,09:15:30,243.55,242.55,440,243.4,360,0,64000
FINNIFTY02JAN2421650PE.NFO,02/01/2024,09:15:31,243.55,242,400,242.6,360,0,64000
FINNIFTY02JAN2421650PE.NFO,02/01/2024,09:15:31,242.5,241.95,400,242.7,400,40,64000
FINNIFTY02JAN2421650PE.NFO,02/01/2024,09:15:33,242.5,242.3,400,242.9,360,0,64000
FINNIFTY02JAN2421650PE.NFO,02/01/2024,09:15:34,242.5,243.35,400,243.9,400,0,64000
FINNIFTY02JAN2421650PE.NFO,02/01/2024,09:15:35,242.5,243.75,480,244.5,400,0,64000
FINNIFTY02JAN2421650PE.NFO,02/01/2024,09:15:36,243.75,243.9,200,244.6,40,40,64000
FINNIFTY02JAN2421650PE.NFO,02/01/2024,09:15:37,243.75,242.9,40,243.7,360,0,64000
FINNIFTY02JAN2421650PE.NFO,02/01/2024,09:15:37,243.75,243.2,400,244,360,0,64000
FINNIFTY02JAN2421650PE.NFO,02/01/2024,09:15:38,243.75,242.5,400,243.3,360,0,64000
FINNIFTY02JAN2421650PE.NFO,02/01/2024,09:15:40,243.75,240.8,400,241.5,40,0,64000
FINNIFTY02JAN2421650PE.NFO,02/01/2024,09:15:41,243.75,240.7,40,241.4,360,0,64000
FINNIFTY02JAN2421650PE.NFO,02/01/2024,09:15:42,243.75,240.7,400,241.5,360,0,64000
FINNIFTY02JAN2421650PE.NFO,02/01/2024,09:15:43,243.75,241,40,241.7,360,0,64000
FINNIFTY02JAN2421650PE.NFO,02/01/2024,09:15:44,240,239.4,40,240.2,360,880,64000
FINNIFTY02JAN2421650PE.NFO,02/01/2024,09:15:45,240,239.3,120,240.1,400,0,64000
FINNIFTY02JAN2421650PE.NFO,02/01/2024,09:15:45,240,239.3,40,240,360,0,64000
FINNIFTY02JAN2421650PE.NFO,02/01/2024,09:15:47,240,239.95,80,240.65,40,0,64000
FINNIFTY02JAN2421650PE.NFO,02/01/2024,09:15:48,241.3,240.8,360,241.55,40,120,64000
FINNIFTY02JAN2421650PE.NFO,02/01/2024,09:15:49,242.65,242.5,120,243.1,40,40,64000
FINNIFTY02JAN2421650PE.NFO,02/01/2024,09:15:50,242.65,243.45,200,244.1,360,0,64000
FINNIFTY02JAN2421650PE.NFO,02/01/2024,09:15:51,242.65,242.55,200,243.4,360,0,64000
FINNIFTY02JAN2421650PE.NFO,02/01/2024,09:15:51,242.65,242.65,40,243.5,40,0,64000
FINNIFTY02JAN2421650PE.NFO,02/01/2024,09:15:52,242.65,242.55,120,243.25,40,0,64000
FINNIFTY02JAN2421650PE.NFO,02/01/2024,09:15:54,243.65,242.95,40,243.5,360,40,64000
FINNIFTY02JAN2421650PE.NFO,02/01/2024,09:15:55,243.65,243.1,40,243.8,360,0,64000
FINNIFTY02JAN2421650PE.NFO,02/01/2024,09:15:56,243.65,244.35,40,245.1,360,0,64000
FINNIFTY02JAN2421650PE.NFO,02/01/2024,09:15:57,243.65,243.85,40,244.6,360,0,64000
FINNIFTY02JAN2421650PE.NFO,02/01/2024,09:15:58,244.3,244.05,40,244.75,80,40,64000
FINNIFTY02JAN2421650PE.NFO,02/01/2024,09:15:59,244.3,243.1,160,244,360,0,64000
FINNIFTY02JAN2421650PE.NFO,02/01/2024,09:15:59,244.3,242.65,40,243.3,360,0,64000
FINNIFTY02JAN2421650PE.NFO,02/01/2024,09:16:01,244.3,242.6,200,243.6,120,0,64000
FINNIFTY02JAN2421650PE.NFO,02/01/2024,09:16:02,244.3,242.4,160,243.15,560,0,64000
FINNIFTY02JAN2421650PE.NFO,02/01/2024,09:16:03,243,242.35,120,242.95,560,160,64000
FINNIFTY02JAN2421650PE.NFO,02/01/2024,09:16:04,243,241.75,160,242.5,360,0,64000
FINNIFTY02JAN2421650PE.NFO,02/01/2024,09:16:05,240.6,241.05,40,241.6,120,120,64000
FINNIFTY02JAN2421650PE.NFO,02/01/2024,09:16:05,240.6,240.7,40,241.2,520,0,64000
FINNIFTY02JAN2421650PE.NFO,02/01/2024,09:16:07,240.6,237.75,120,238.65,680,0,64000
FINNIFTY02JAN2421650PE.NFO,02/01/2024,09:16:08,237.8,237,120,237.6,360,400,64000
FINNIFTY02JAN2421650PE.NFO,02/01/2024,09:16:09,237.8,237.6,200,238.3,360,0,64000
FINNIFTY02JAN2421650PE.NFO,02/01/2024,09:16:10,237.8,238.3,40,239,480,0,64000
FINNIFTY02JAN2421650PE.NFO,02/01/2024,09:16:11,238.5,240.1,80,241.05,520,720,64000
FINNIFTY02JAN2421650PE.NFO,02/01/2024,09:16:12,239.2,238.8,320,239.5,920,200,64000
FINNIFTY02JAN2421650PE.NFO,02/01/2024,09:16:12,239.2,238.15,40,238.8,440,0,64000
FINNIFTY02JAN2421650PE.NFO,02/01/2024,09:16:14,239.2,239.05,120,239.6,920,0,64000
FINNIFTY02JAN2421650PE.NFO,02/01/2024,09:16:15,239.2,240.4,480,241.1,560,0,64000
FINNIFTY02JAN2421650PE.NFO,02/01/2024,09:16:16,240.2,240.75,120,241.5,560,40,64000
FINNIFTY02JAN2421650PE.NFO,02/01/2024,09:16:17,240.2,240.85,160,241.5,120,0,64000
FINNIFTY02JAN2421650PE.NFO,02/01/2024,09:16:18,240.2,241.05,120,241.7,360,0,64000
FINNIFTY02JAN2421650PE.NFO,02/01/2024,09:16:19,240.2,241.4,120,242.1,440,0,64000
FINNIFTY02JAN2421650PE.NFO,02/01/2024,09:16:19,240.2,242.05,280,242.7,600,0,64000
FINNIFTY02JAN2421650PE.NFO,02/01/2024,09:16:20,240.2,242.9,200,243.7,520,0,64000
FINNIFTY02JAN2421650PE.NFO,02/01/2024,09:16:22,240.2,244.4,400,245.05,120,0,64000
FINNIFTY02JAN2421650PE.NFO,02/01/2024,09:16:23,240.2,244.2,440,245,560,0,64000
FINNIFTY02JAN2421650PE.NFO,02/01/2024,09:16:24,240.2,244.4,360,245.15,680,0,64000
FINNIFTY02JAN2421650PE.NFO,02/01/2024,09:16:25,240.2,245.5,40,246.2,120,0,64000
FINNIFTY02JAN2421650PE.NFO,02/01/2024,09:16:26,240.2,245.8,360,246.3,120,0,64000
FINNIFTY02JAN2421650PE.NFO,02/01/2024,09:16:27,247.3,246.1,40,246.75,600,80,64000
FINNIFTY02JAN2421650PE.NFO,02/01/2024,09:16:27,247.3,246.3,280,247,40,0,64000
FINNIFTY02JAN2421650PE.NFO,02/01/2024,09:16:29,247.3,246.15,320,246.85,560,0,64000
FINNIFTY02JAN2421650PE.NFO,02/01/2024,09:16:30,247.3,244.2,40,244.9,920,0,64000
FINNIFTY02JAN2421650PE.NFO,02/01/2024,09:16:31,247.3,244,240,244.75,560,0,64000
FINNIFTY02JAN2421650PE.NFO,02/01/2024,09:16:32,245,245.2,520,246,80,80,64000
FINNIFTY02JAN2421650PE.NFO,02/01/2024,09:16:33,245,245.4,400,246.1,560,0,64000
FINNIFTY02JAN2421650PE.NFO,02/01/2024,09:16:34,245,245.9,160,246.5,560,0,64000
FINNIFTY02JAN2421650PE.NFO,02/01/2024,09:16:34,245,245.7,400,246.15,40,0,64000
FINNIFTY02JAN2421650PE.NFO,02/01/2024,09:16:35,245,243.8,240,244.5,560,0,64000
FINNIFTY02JAN2421650PE.NFO,02/01/2024,09:16:37,244,244.65,80,245.2,40,40,64000
FINNIFTY02JAN2421650PE.NFO,02/01/2024,09:16:38,245.25,245.7,80,246.3,40,120,64000
FINNIFTY02JAN2421650PE.NFO,02/01/2024,09:16:39,245.25,245.55,280,246.3,40,0,64000
FINNIFTY02JAN2421650PE.NFO,02/01/2024,09:16:40,245.25,245.15,240,245.8,40,0,64000
FINNIFTY02JAN2421650PE.NFO,02/01/2024,09:16:41,245,244.4,160,245.1,720,120,64000
FINNIFTY02JAN2421650PE.NFO,02/01/2024,09:16:41,244.45,244.45,1040,245.1,560,40,64000
FINNIFTY02JAN2421650PE.NFO,02/01/2024,09:16:42,244.45,244.15,120,244.9,960,0,64000
FINNIFTY02JAN2421650PE.NFO,02/01/2024,09:16:44,244.8,244,40,244.75,80,80,64000
FINNIFTY02JAN2421650PE.NFO,02/01/2024,09:16:45,243,240.95,160,241.6,920,400,64000
FINNIFTY02JAN2421650PE.NFO,02/01/2024,09:16:46,241.5,241.2,160,241.9,360,480,64000
FINNIFTY02JAN2421650PE.NFO,02/01/2024,09:16:47,241.4,240.9,120,241.4,400,120,64000
FINNIFTY02JAN2421650PE.NFO,02/01/2024,09:16:48,241.4,240.1,160,240.75,560,0,64000
FINNIFTY02JAN2421650PE.NFO,02/01/2024,09:16:49,240,239.2,600,239.85,560,120,64000
FINNIFTY02JAN2421650PE.NFO,02/01/2024,09:16:49,240,239.1,120,239.7,920,0,64000
FINNIFTY02JAN2421650PE.NFO,02/01/2024,09:16:51,240.1,240.35,200,241,560,80,64000
FINNIFTY02JAN2421650PE.NFO,02/01/2024,09:16:52,240.1,240.45,80,241,920,0,64000
FINNIFTY02JAN2421650PE.NFO,02/01/2024,09:16:53,240.1,241.05,40,241.75,560,0,64000
FINNIFTY02JAN2421650PE.NFO,02/01/2024,09:16:54,240.1,242.1,360,242.85,560,0,64000
FINNIFTY02JAN2421650PE.NFO,02/01/2024,09:16:55,240.1,242.05,80,242.7,640,0,64000
FINNIFTY02JAN2421650PE.NFO,02/01/2024,09:16:55,240.1,241.7,160,242.4,520,0,64000
FINNIFTY02JAN2421650PE.NFO,02/01/2024,09:16:56,242.25,242.3,80,243.1,920,40,64000
FINNIFTY02JAN2421650PE.NFO,02/01/2024,09:16:58,242.25,240.95,40,241.5,1000,0,64000
FINNIFTY02JAN2421650PE.NFO,02/01/2024,09:16:59,240.25,240.3,160,241,1040,280,64000
FINNIFTY02JAN2421650PE.NFO,02/01/2024,09:17:00,240.25,240.7,200,241.4,360,0,64000
FINNIFTY02JAN2421650PE.NFO,02/01/2024,09:17:01,240.25,240.6,160,241.4,360,0,64000
FINNIFTY02JAN2421650PE.NFO,02/01/2024,09:17:02,242.05,242.2,520,243,920,40,64000
FINNIFTY02JAN2421650PE.NFO,02/01/2024,09:17:02,242.3,242.3,160,243.1,960,40,64000
FINNIFTY02JAN2421650PE.NFO,02/01/2024,09:17:03,242.4,240.65,160,241.5,440,4560,64000
FINNIFTY02JAN2421650PE.NFO,02/01/2024,09:17:05,242.35,241.8,200,242.5,360,280,64000
FINNIFTY02JAN2421650PE.NFO,02/01/2024,09:17:06,242.35,241.5,160,242.2,360,0,64000
FINNIFTY02JAN2421650PE.NFO,02/01/2024,09:17:07,241.1,240.75,160,241.35,80,80,64000
FINNIFTY02JAN2421650PE.NFO,02/01/2024,09:17:08,241.1,240.35,360,241.2,360,0,64000
FINNIFTY02JAN2421650PE.NFO,02/01/2024,09:17:09,241.1,241.45,320,242.1,520,0,64000
FINNIFTY02JAN2421650PE.NFO,02/01/2024,09:17:09,241.1,241.4,360,242.1,520,0,64000
FINNIFTY02JAN2421650PE.NFO,02/01/2024,09:17:11,241.1,242.25,240,243,440,0,64000
FINNIFTY02JAN2421650PE.NFO,02/01/2024,09:17:12,241.1,242.25,160,242.9,360,0,64000
FINNIFTY02JAN2421650PE.NFO,02/01/2024,09:17:13,241.1,241.7,120,242.3,360,0,64000
FINNIFTY02JAN2421650PE.NFO,02/01/2024,09:17:14,241.1,241.75,360,242.4,400,0,64000
FINNIFTY02JAN2421650PE.NFO,02/01/2024,09:17:15,241.1,241.4,120,242.1,1040,0,64000
FINNIFTY02JAN2421650PE.NFO,02/01/2024,09:17:15,241.1,241.3,200,242.1,680,0,64000
FINNIFTY02JAN2421650PE.NFO,02/01/2024,09:17:17,241.1,240.6,320,241.3,360,0,64000
FINNIFTY02JAN2421650PE.NFO,02/01/2024,09:17:18,241.1,239.35,160,240,360,0,64000
FINNIFTY02JAN2421650PE.NFO,02/01/2024,09:17:19,239.25,238.6,160,239.1,360,280,64000
FINNIFTY02JAN2421650PE.NFO,02/01/2024,09:17:20,239,238.5,440,239.15,560,400,64000
FINNIFTY02JAN2421650PE.NFO,02/01/2024,09:17:21,239,238.5,240,238.9,360,0,64000
FINNIFTY02JAN2421650PE.NFO,02/01/2024,09:17:21,239,238.75,200,239.35,560,0,64000
FINNIFTY02JAN2421650PE.NFO,02/01/2024,09:17:22,239,238.1,320,238.7,440,0,64000
FINNIFTY02JAN2421650PE.NFO,02/01/2024,09:17:24,239,238.2,320,238.9,360,0,64000
FINNIFTY02JAN2421650PE.NFO,02/01/2024,09:17:25,239,239.85,440,240.8,600,0,64000
FINNIFTY02JAN2421650PE.NFO,02/01/2024,09:17:26,239,239.25,440,239.8,560,0,64000
FINNIFTY02JAN2421650PE.NFO,02/01/2024,09:17:27,239,239.95,160,240.6,360,0,64000
FINNIFTY02JAN2421650PE.NFO,02/01/2024,09:17:28,240.1,241.45,160,242,40,40,63280
FINNIFTY02JAN2421650PE.NFO,02/01/2024,09:17:28,240.1,241.6,320,242.2,40,0,63280
FINNIFTY02JAN2421650PE.NFO,02/01/2024,09:17:30,240.1,242.1,160,242.65,200,0,63280
FINNIFTY02JAN2421650PE.NFO,02/01/2024,09:17:31,240.1,242,40,242.65,200,0,63280
FINNIFTY02JAN2421650PE.NFO,02/01/2024,09:17:32,240.55,239.9,320,240.5,40,80,63280
FINNIFTY02JAN2421650PE.NFO,02/01/2024,09:17:33,240.55,241.2,160,241.7,120,0,63280
FINNIFTY02JAN2421650PE.NFO,02/01/2024,09:17:34,240.55,241.25,240,241.9,160,0,63280
FINNIFTY02JAN2421650PE.NFO,02/01/2024,09:17:35,240.55,241.45,320,242.1,160,0,63280
FINNIFTY02JAN2421650PE.NFO,02/01/2024,09:17:36,240.55,241.5,320,242.2,40,0,63280
FINNIFTY02JAN2421650PE.NFO,02/01/2024,09:17:37,240.55,241.7,200,242.4,1160,0,63280
FINNIFTY02JAN2421650PE.NFO,02/01/2024,09:17:38,239.6,239.75,160,240.45,160,440,63280
FINNIFTY02JAN2421650PE.NFO,02/01/2024,09:17:39,241.2,241.8,720,242.6,160,40,63280
FINNIFTY02JAN2421650PE.NFO,02/01/2024,09:17:40,241.2,243.4,560,244.1,160,0,63280
FINNIFTY02JAN2421650PE.NFO,02/01/2024,09:17:41,241.2,243.65,40,244.3,320,0,63280
FINNIFTY02JAN2421650PE.NFO,02/01/2024,09:17:42,241.2,243.9,1040,244.65,720,0,63280
FINNIFTY02JAN2421650PE.NFO,02/01/2024,09:17:43,241.2,243.2,240,243.8,240,0,63280
FINNIFTY02JAN2421650PE.NFO,02/01/2024,09:17:44,241.2,243.65,200,244.35,320,0,63280
FINNIFTY02JAN2421650PE.NFO,02/01/2024,09:17:45,241.2,243.7,600,244.6,320,0,63280
FINNIFTY02JAN2421650PE.NFO,02/01/2024,09:17:46,241.2,244.45,200,245.1,160,0,63280
FINNIFTY02JAN2421650PE.NFO,02/01/2024,09:17:47,241.2,244.3,240,245,320,0,63280
FINNIFTY02JAN2421650PE.NFO,02/01/2024,09:17:48,241.2,243.85,200,244.6,1240,0,63280
FINNIFTY02JAN2421650PE.NFO,02/01/2024,09:17:49,241.2,243.7,320,244.25,160,0,63280
FINNIFTY02JAN2421650PE.NFO,02/01/2024,09:17:50,242.45,242.95,200,243.6,200,80,63280
FINNIFTY02JAN2421650PE.NFO,02/01/2024,09:17:51,242.45,242.65,160,243.3,280,0,63280
FINNIFTY02JAN2421650PE.NFO,02/01/2024,09:17:52,242.45,242.8,160,243.45,280,0,63280
FINNIFTY02JAN2421650PE.NFO,02/01/2024,09:17:53,242.45,242.3,200,243,440,0,63280
FINNIFTY02JAN2421650PE.NFO,02/01/2024,09:17:54,242.45,242.4,1320,243.2,40,0,63280
FINNIFTY02JAN2421650PE.NFO,02/01/2024,09:17:55,242.45,243.75,160,244.35,160,0,63280
FINNIFTY02JAN2421650PE.NFO,02/01/2024,09:17:56,242.45,243.45,280,244.15,320,0,63280
FINNIFTY02JAN2421650PE.NFO,02/01/2024,09:17:57,242.45,242.85,440,243.55,160,0,63280
FINNIFTY02JAN2421650PE.NFO,02/01/2024,09:17:58,242.45,242.75,160,243.5,240,0,63280
FINNIFTY02JAN2421650PE.NFO,02/01/2024,09:17:59,244.05,243,40,243.7,960,80,63280
FINNIFTY02JAN2421650PE.NFO,02/01/2024,09:18:00,244.05,243.5,120,244.15,320,0,63280
FINNIFTY02JAN2421650PE.NFO,02/01/2024,09:18:01,244.05,243.2,40,243.85,880,0,63280
FINNIFTY02JAN2421650PE.NFO,02/01/2024,09:18:02,243.35,242.25,40,242.9,360,40,63280
FINNIFTY02JAN2421650PE.NFO,02/01/2024,09:18:03,241.2,240.5,200,241.25,880,640,63280
FINNIFTY02JAN2421650PE.NFO,02/01/2024,09:18:04,241.2,240.55,240,241.3,320,0,63280
FINNIFTY02JAN2421650PE.NFO,02/01/2024,09:18:05,241.2,240.85,280,241.55,320,0,63280
FINNIFTY02JAN2421650PE.NFO,02/01/2024,09:18:06,241.4,240.75,40,241.35,160,80,63280
FINNIFTY02JAN2421650PE.NFO,02/01/2024,09:18:07,241.4,240.25,40,240.85,320,0,63280
FINNIFTY02JAN2421650PE.NFO,02/01/2024,09:18:08,241.4,239.6,280,240.25,320,0,63280
FINNIFTY02JAN2421650PE.NFO,02/01/2024,09:18:09,240.2,239.95,360,240.65,280,280,63280
FINNIFTY02JAN2421650PE.NFO,02/01/2024,09:18:10,240.2,240.45,400,241.15,280,0,63280
FINNIFTY02JAN2421650PE.NFO,02/01/2024,09:18:11,240.2,241.65,160,242.2,320,0,63280
FINNIFTY02JAN2421650PE.NFO,02/01/2024,09:18:12,242,241.7,200,242.2,160,240,63280
FINNIFTY02JAN2421650PE.NFO,02/01/2024,09:18:13,241.1,240.85,240,241.4,360,200,63280
FINNIFTY02JAN2421650PE.NFO,02/01/2024,09:18:14,241.1,241,280,241.5,240,0,63280
FINNIFTY02JAN2421650PE.NFO,02/01/2024,09:18:15,241.4,241.25,360,241.8,240,40,63280
FINNIFTY02JAN2421650PE.NFO,02/01/2024,09:18:16,241.4,242.7,360,243.35,120,0,63280
FINNIFTY02JAN2421650PE.NFO,02/01/2024,09:18:17,241.4,243.25,400,243.75,240,0,63280
FINNIFTY02JAN2421650PE.NFO,02/01/2024,09:18:18,241.4,244.3,120,244.9,360,0,63280
FINNIFTY02JAN2421650PE.NFO,02/01/2024,09:18:19,241.4,245.15,120,245.55,120,0,63280
FINNIFTY02JAN2421650PE.NFO,02/01/2024,09:18:20,247.25,246.55,200,247.05,400,120,63280
FINNIFTY02JAN2421650PE.NFO,02/01/2024,09:18:21,247.25,246.35,40,246.8,120,0,63280
FINNIFTY02JAN2421650PE.NFO,02/01/2024,09:18:22,246.35,245.35,440,245.85,80,400,63280
FINNIFTY02JAN2421650PE.NFO,02/01/2024,09:18:23,244.6,244.6,320,245.1,120,160,63280
FINNIFTY02JAN2421650PE.NFO,02/01/2024,09:18:24,244.6,245.5,120,246.05,280,0,63280
FINNIFTY02JAN2421650PE.NFO,02/01/2024,09:18:25,244.6,246.2,200,246.8,360,0,63280
FINNIFTY02JAN2421650PE.NFO,02/01/2024,09:18:26,244.6,245.9,160,246.4,160,0,63280
FINNIFTY02JAN2421650PE.NFO,02/01/2024,09:18:27,244.6,245.3,440,245.9,120,0,63280
FINNIFTY02JAN2421650PE.NFO,02/01/2024,09:18:28,244.6,243.75,200,244.3,80,0,63280
FINNIFTY02JAN2421650PE.NFO,02/01/2024,09:18:29,244.6,243.95,200,244.45,160,0,63280
FINNIFTY02JAN2421650PE.NFO,02/01/2024,09:18:30,244.6,244.4,200,244.95,40,0,63280
FINNIFTY02JAN2421650PE.NFO,02/01/2024,09:18:31,244.6,244.5,200,245,80,0,63280
FINNIFTY02JAN2421650PE.NFO,02/01/2024,09:18:32,244.6,245.5,40,245.85,80,0,63280
FINNIFTY02JAN2421650PE.NFO,02/01/2024,09:18:33,245.5,244.4,240,244.85,80,40,63280
FINNIFTY02JAN2421650PE.NFO,02/01/2024,09:18:34,245.5,244.1,280,244.65,80,0,63280
FINNIFTY02JAN2421650PE.NFO,02/01/2024,09:18:35,244.7,244.1,120,244.7,520,600,63280
FINNIFTY02JAN2421650PE.NFO,02/01/2024,09:18:36,244.7,244.3,200,244.9,640,0,63280
FINNIFTY02JAN2421650PE.NFO,02/01/2024,09:18:37,244.7,243.6,400,244.2,440,0,63280
FINNIFTY02JAN2421650PE.NFO,02/01/2024,09:18:38,244.7,242.85,520,243.45,560,0,63280
FINNIFTY02JAN2421650PE.NFO,02/01/2024,09:18:39,244.7,242.9,280,243.55,640,0,63280
FINNIFTY02JAN2421650PE.NFO,02/01/2024,09:18:40,242.7,242.9,280,243.5,640,400,63280
FINNIFTY02JAN2421650PE.NFO,02/01/2024,09:18:41,243.75,243.4,280,243.95,120,40,63280
FINNIFTY02JAN2421650PE.NFO,02/01/2024,09:18:42,243.75,242.75,120,243.25,560,0,63280
FINNIFTY02JAN2421650PE.NFO,02/01/2024,09:18:43,243.75,242.95,280,243.5,640,0,63280
FINNIFTY02JAN2421650PE.NFO,02/01/2024,09:18:44,243.75,240.75,320,241.4,1000,0,63280
FINNIFTY02JAN2421650PE.NFO,02/01/2024,09:18:45,243.75,241.25,80,241.7,440,0,63280
FINNIFTY02JAN2421650PE.NFO,02/01/2024,09:18:46,243.75,241.45,320,242.05,560,0,63280
FINNIFTY02JAN2421650PE.NFO,02/01/2024,09:18:47,243.75,241.5,120,242.05,160,0,63280
FINNIFTY02JAN2421650PE.NFO,02/01/2024,09:18:48,243.75,241.1,200,241.65,640,0,63280
FINNIFTY02JAN2421650PE.NFO,02/01/2024,09:18:49,242,240.95,320,241.5,360,40,63280
FINNIFTY02JAN2421650PE.NFO,02/01/2024,09:18:50,242,240.35,200,240.9,200,0,63280
FINNIFTY02JAN2421650PE.NFO,02/01/2024,09:18:51,242,239.65,200,240.2,560,0,63280
FINNIFTY02JAN2421650PE.NFO,02/01/2024,09:18:52,242,239.45,200,240,160,0,63280
FINNIFTY02JAN2421650PE.NFO,02/01/2024,09:18:53,240,239.7,320,240.3,640,120,63280
FINNIFTY02JAN2421650PE.NFO,02/01/2024,09:18:54,240,239.9,200,240.4,640,0,63280
FINNIFTY02JAN2421650PE.NFO,02/01/2024,09:18:55,240,239.85,120,240.35,160,0,63280
FINNIFTY02JAN2421650PE.NFO,02/01/2024,09:18:56,240,240.35,200,240.95,240,0,63280
FINNIFTY02JAN2421650PE.NFO,02/01/2024,09:18:57,240,240.2,200,240.75,160,0,63280
FINNIFTY02JAN2421650PE.NFO,02/01/2024,09:18:58,240.95,240.3,200,240.85,160,120,63280
FINNIFTY02JAN2421650PE.NFO,02/01/2024,09:18:59,239.5,239.8,320,240.3,560,200,63280
FINNIFTY02JAN2421650PE.NFO,02/01/2024,09:19:00,239.7,239.6,120,240.1,360,120,63280
FINNIFTY02JAN2421650PE.NFO,02/01/2024,09:19:01,239.45,239,120,239.45,80,40,63280
FINNIFTY02JAN2421650PE.NFO,02/01/2024,09:19:02,238.6,239.2,240,239.8,120,40,63280
FINNIFTY02JAN2421650PE.NFO,02/01/2024,09:19:03,238.6,240.65,120,241.2,160,0,63280
FINNIFTY02JAN2421650PE.NFO,02/01/2024,09:19:04,238.6,239.75,240,240.4,720,0,63280
FINNIFTY02JAN2421650PE.NFO,02/01/2024,09:19:05,238.6,240.1,120,240.7,560,0,63280
FINNIFTY02JAN2421650PE.NFO,02/01/2024,09:19:06,239.35,238.75,40,239.25,160,80,63280
FINNIFTY02JAN2421650PE.NFO,02/01/2024,09:19:07,239.5,239.05,160,239.55,120,120,63280
FINNIFTY02JAN2421650PE.NFO,02/01/2024,09:19:08,239.5,239.15,240,239.65,80,0,63280
FINNIFTY02JAN2421650PE.NFO,02/01/2024,09:19:09,239.5,240.25,80,240.8,200,0,63280
FINNIFTY02JAN2421650PE.NFO,02/01/2024,09:19:10,239.3,238.7,240,239.2,80,40,63280
FINNIFTY02JAN2421650PE.NFO,02/01/2024,09:19:11,239.3,238.35,40,238.75,80,0,63280
FINNIFTY02JAN2421650PE.NFO,02/01/2024,09:19:12,236.65,236.2,80,236.55,40,1840,63280
FINNIFTY02JAN2421650PE.NFO,02/01/2024,09:19:13,236.75,236.35,120,236.85,120,640,63280
FINNIFTY02JAN2421650PE.NFO,02/01/2024,09:19:14,236.75,236.4,440,237.05,320,0,63280
FINNIFTY02JAN2421650PE.NFO,02/01/2024,09:19:15,236.2,235.4,240,236.05,240,320,63280
FINNIFTY02JAN2421650PE.NFO,02/01/2024,09:19:16,234.65,235.4,240,236,240,40,63280
FINNIFTY02JAN2421650PE.NFO,02/01/2024,09:19:17,235.45,235.95,280,236.5,240,80,63280
FINNIFTY02JAN2421650PE.NFO,02/01/2024,09:19:18,235.45,234.8,80,235.35,160,40,63280
FINNIFTY02JAN2421650PE.NFO,02/01/2024,09:19:19,235.45,235.65,360,236.25,240,0,63280
FINNIFTY02JAN2421650PE.NFO,02/01/2024,09:19:20,235.45,235.45,120,235.95,240,0,63280
FINNIFTY02JAN2421650PE.NFO,02/01/2024,09:19:21,235.45,235.3,40,235.9,120,0,63280
FINNIFTY02JAN2421650PE.NFO,02/01/2024,09:19:22,235.45,236.75,80,237.4,240,0,63280
FINNIFTY02JAN2421650PE.NFO,02/01/2024,09:19:23,235.45,237.6,120,238.1,240,0,63280
FINNIFTY02JAN2421650PE.NFO,02/01/2024,09:19:24,235.45,238.55,120,239.05,240,0,63280
FINNIFTY02JAN2421650PE.NFO,02/01/2024,09:19:25,235.45,237.95,280,238.7,800,0,63280
FINNIFTY02JAN2421650PE.NFO,02/01/2024,09:19:26,235.45,237.8,160,238.45,200,0,63280
FINNIFTY02JAN2421650PE.NFO,02/01/2024,09:19:27,235.45,238.9,80,239.35,120,0,63280
FINNIFTY02JAN2421650PE.NFO,02/01/2024,09:19:28,235.45,238.4,200,238.95,120,0,63280
FINNIFTY02JAN2421650PE.NFO,02/01/2024,09:19:29,235.45,238.1,80,238.65,200,0,63280
FINNIFTY02JAN2421650PE.NFO,02/01/2024,09:19:30,237.85,237.7,80,238.2,160,40,63280
FINNIFTY02JAN2421650PE.NFO,02/01/2024,09:19:31,237.25,237.45,440,238,560,40,63280
FINNIFTY02JAN2421650PE.NFO,02/01/2024,09:19:32,237.25,236.4,520,237.1,920,0,63280
FINNIFTY02JAN2421650PE.NFO,02/01/2024,09:19:33,237.25,237.3,280,237.85,160,0,63280
FINNIFTY02JAN2421650PE.NFO,02/01/2024,09:19:34,237.25,235.85,40,236.35,200,0,63280
FINNIFTY02JAN2421650PE.NFO,02/01/2024,09:19:35,237.25,235.5,120,236.15,840,0,63280
FINNIFTY02JAN2421650PE.NFO,02/01/2024,09:19:36,237.25,235.5,160,236.1,480,0,63280
FINNIFTY02JAN2421650PE.NFO,02/01/2024,09:19:37,237.25,235.7,200,236.35,200,0,63280
FINNIFTY02JAN2421650PE.NFO,02/01/2024,09:19:38,237.25,235.9,120,236.4,120,0,63280
FINNIFTY02JAN2421650PE.NFO,02/01/2024,09:19:39,237.25,236.8,120,237.45,400,0,63280
FINNIFTY02JAN2421650PE.NFO,02/01/2024,09:19:40,236.9,236.75,80,237.2,120,40,63280
FINNIFTY02JAN2421650PE.NFO,02/01/2024,09:19:41,236.9,236.15,280,236.65,120,0,63280
FINNIFTY02JAN2421650PE.NFO,02/01/2024,09:19:42,236.9,236.7,240,237.3,560,0,63280
FINNIFTY02JAN2421650PE.NFO,02/01/2024,09:19:43,236.9,237.05,80,237.55,120,0,63280
FINNIFTY02JAN2421650PE.NFO,02/01/2024,09:19:44,236.9,236.8,280,237.35,80,0,63280
FINNIFTY02JAN2421650PE.NFO,02/01/2024,09:19:45,236.9,237.25,80,237.85,200,0,63280
FINNIFTY02JAN2421650PE.NFO,02/01/2024,09:19:46,237.25,236.6,120,237.15,160,40,63280
FINNIFTY02JAN2421650PE.NFO,02/01/2024,09:19:47,237.25,235.9,40,236.3,200,0,63280
FINNIFTY02JAN2421650PE.NFO,02/01/2024,09:19:48,236.4,236.15,240,236.65,40,640,63280
FINNIFTY02JAN2421650PE.NFO,02/01/2024,09:19:49,235.95,235.55,240,236.1,120,120,63280
FINNIFTY02JAN2421650PE.NFO,02/01/2024,09:19:50,235.95,235.45,240,236.05,600,0,63280
FINNIFTY02JAN2421650PE.NFO,02/01/2024,09:19:51,235.95,236.25,400,236.7,40,0,63280
FINNIFTY02JAN2421650PE.NFO,02/01/2024,09:19:52,237.6,237.2,200,237.85,240,80,63280
FINNIFTY02JAN2421650PE.NFO,02/01/2024,09:19:53,239.1,238.45,680,239.15,840,80,63280
FINNIFTY02JAN2421650PE.NFO,02/01/2024,09:19:54,239.1,238.6,240,239.15,560,0,63280
FINNIFTY02JAN2421650PE.NFO,02/01/2024,09:19:55,239.1,237.7,240,238.25,560,0,63280
FINNIFTY02JAN2421650PE.NFO,02/01/2024,09:19:56,239.1,238.5,160,238.95,80,0,63280
FINNIFTY02JAN2421650PE.NFO,02/01/2024,09:19:57,239.1,239.25,120,239.7,80,0,63280
FINNIFTY02JAN2421650PE.NFO,02/01/2024,09:19:58,239.1,239.6,240,240.1,560,0,63280
FINNIFTY02JAN2421650PE.NFO,02/01/2024,09:19:59,239.1,239.6,120,240.1,200,0,63280
FINNIFTY02JAN2421650PE.NFO,02/01/2024,09:20:00,239.6,239.2,160,239.7,80,280,63280
FINNIFTY02JAN2421650PE.NFO,02/01/2024,09:20:01,239.6,239.8,160,240.35,80,0,63280
FINNIFTY02JAN2421650PE.NFO,02/01/2024,09:20:02,240.05,239.7,320,240.2,560,320,63280
FINNIFTY02JAN2421650PE.NFO,02/01/2024,09:20:03,239.8,239,120,239.6,120,40,63280
FINNIFTY02JAN2421650PE.NFO,02/01/2024,09:20:04,239.5,238.15,200,238.7,240,40,63280
FINNIFTY02JAN2421650PE.NFO,02/01/2024,09:20:05,239.5,237.55,320,238.05,560,0,63280
FINNIFTY02JAN2421650PE.NFO,02/01/2024,09:20:06,237.1,236.6,360,237.15,80,120,63280
FINNIFTY02JAN2421650PE.NFO,02/01/2024,09:20:07,237.2,237.35,320,237.9,40,40,63280
FINNIFTY02JAN2421650PE.NFO,02/01/2024,09:20:08,237.6,237,320,237.5,560,40,63280
FINNIFTY02JAN2421650PE.NFO,02/01/2024,09:20:09,237.5,237,360,237.55,560,40,63280
FINNIFTY02JAN2421650PE.NFO,02/01/2024,09:20:10,236.75,236.4,240,236.95,160,480,63280
FINNIFTY02JAN2421650PE.NFO,02/01/2024,09:20:11,236.75,236.15,200,236.75,160,0,63280
FINNIFTY02JAN2421650PE.NFO,02/01/2024,09:20:12,236.45,236.25,120,236.8,480,40,63280
FINNIFTY02JAN2421650PE.NFO,02/01/2024,09:20:13,236.55,235.8,280,236.4,680,40,63280
FINNIFTY02JAN2421650PE.NFO,02/01/2024,09:20:14,236.2,236.3,320,236.85,560,40,63280
FINNIFTY02JAN2421650PE.NFO,02/01/2024,09:20:15,236.2,235.5,160,236.15,640,0,63280
FINNIFTY02JAN2421650PE.NFO,02/01/2024,09:20:16,236.55,236.75,200,237.2,560,40,63280
FINNIFTY02JAN2421650PE.NFO,02/01/2024,09:20:17,238.9,237.9,400,238.45,560,960,63280
FINNIFTY02JAN2421650PE.NFO,02/01/2024,09:20:18,237.95,237.5,440,237.95,520,200,63280
FINNIFTY02JAN2421650PE.NFO,02/01/2024,09:20:19,238.2,237.3,80,237.85,200,40,63280
FINNIFTY02JAN2421650PE.NFO,02/01/2024,09:20:20,238.25,236.65,1000,237.25,200,40,63280
FINNIFTY02JAN2421650PE.NFO,02/01/2024,09:20:21,237.75,237.2,400,237.75,520,40,63280
FINNIFTY02JAN2421650PE.NFO,02/01/2024,09:20:22,237.6,237.45,320,238,640,40,63280
FINNIFTY02JAN2421650PE.NFO,02/01/2024,09:20:23,237.9,237.55,120,238.1,920,40,63280
FINNIFTY02JAN2421650PE.NFO,02/01/2024,09:20:24,238.1,237.95,280,238.45,560,40,63280
FINNIFTY02JAN2421650PE.NFO,02/01/2024,09:20:25,238.45,238.15,280,238.7,200,40,63280
FINNIFTY02JAN2421650PE.NFO,02/01/2024,09:20:26,238.45,238.4,280,238.95,680,0,63280
FINNIFTY02JAN2421650PE.NFO,02/01/2024,09:20:27,238.45,238.9,280,239.4,560,0,63280
FINNIFTY02JAN2421650PE.NFO,02/01/2024,09:20:28,238.45,239.45,200,240.05,240,0,63280
FINNIFTY02JAN2421650PE.NFO,02/01/2024,09:20:29,238.45,238.35,280,238.95,80,0,63280
FINNIFTY02JAN2421650PE.NFO,02/01/2024,09:20:30,238.45,238.05,280,238.6,80,0,63280
FINNIFTY02JAN2421650PE.NFO,02/01/2024,09:20:31,238.45,239.2,280,239.75,640,0,63280
FINNIFTY02JAN2421650PE.NFO,02/01/2024,09:20:33,238.45,239.6,280,240.1,560,0,63280
FINNIFTY02JAN2421650PE.NFO,02/01/2024,09:20:33,238.45,239.7,400,240.3,200,0,63280
FINNIFTY02JAN2421650PE.NFO,02/01/2024,09:20:34,238.45,239.5,280,240.1,560,0,63280
FINNIFTY02JAN2421650PE.NFO,02/01/2024,09:20:35,240.25,239.95,160,240.5,200,40,60280
FINNIFTY02JAN2421650PE.NFO,02/01/2024,09:20:36,240.25,239.2,240,239.75,200,0,60280
FINNIFTY02JAN2421650PE.NFO,02/01/2024,09:20:37,240.25,240.15,120,240.55,120,0,60280
FINNIFTY02JAN2421650PE.NFO,02/01/2024,09:20:38,240.15,239.65,360,240.25,160,40,60280
FINNIFTY02JAN2421650PE.NFO,02/01/2024,09:20:40,240.15,239.85,280,240.4,560,0,60280
FINNIFTY02JAN2421650PE.NFO,02/01/2024,09:20:40,240.15,240.05,160,240.6,600,0,60280
FINNIFTY02JAN2421650PE.NFO,02/01/2024,09:20:41,240.15,238.45,120,239.15,200,0,60280
FINNIFTY02JAN2421650PE.NFO,02/01/2024,09:20:42,238.95,238.35,160,238.85,160,80,60280
FINNIFTY02JAN2421650PE.NFO,02/01/2024,09:20:43,238.95,238.25,560,238.95,400,0,60280
FINNIFTY02JAN2421650PE.NFO,02/01/2024,09:20:44,238.1,237.65,200,238.25,720,40,60280
FINNIFTY02JAN2421650PE.NFO,02/01/2024,09:20:46,238.1,237.25,400,237.85,200,0,60280
FINNIFTY02JAN2421650PE.NFO,02/01/2024,09:20:46,238.1,237,40,237.4,80,0,60280
FINNIFTY02JAN2421650PE.NFO,02/01/2024,09:20:47,237,236.95,400,237.45,640,40,60280
FINNIFTY02JAN2421650PE.NFO,02/01/2024,09:20:48,237,236.35,280,236.9,160,0,60280
FINNIFTY02JAN2421650PE.NFO,02/01/2024,09:20:49,237,236.55,200,237.15,200,0,60280
FINNIFTY02JAN2421650PE.NFO,02/01/2024,09:20:50,237,235.9,80,236.5,200,0,60280
FINNIFTY02JAN2421650PE.NFO,02/01/2024,09:20:51,237,235.9,280,236.45,120,0,60280
FINNIFTY02JAN2421650PE.NFO,02/01/2024,09:20:52,235.9,235.5,640,236.1,160,40,60280
FINNIFTY02JAN2421650PE.NFO,02/01/2024,09:20:53,235.9,235.45,200,236.1,1120,0,60280
FINNIFTY02JAN2421650PE.NFO,02/01/2024,09:20:54,235.9,236.15,400,236.6,560,0,60280
FINNIFTY02JAN2421650PE.NFO,02/01/2024,09:20:55,235.9,236.1,200,236.7,280,0,60280
FINNIFTY02JAN2421650PE.NFO,02/01/2024,09:20:56,235.9,236.05,200,236.55,760,0,60280
FINNIFTY02JAN2421650PE.NFO,02/01/2024,09:20:58,235.9,237.1,200,237.6,560,0,60280
FINNIFTY02JAN2421650PE.NFO,02/01/2024,09:20:58,235.9,237.1,320,237.65,600,0,60280
FINNIFTY02JAN2421650PE.NFO,02/01/2024,09:20:59,235.9,236.85,320,237.4,560,0,60280
FINNIFTY02JAN2421650PE.NFO,02/01/2024,09:21:00,237.8,237.7,80,238.3,240,80,60280
FINNIFTY02JAN2421650PE.NFO,02/01/2024,09:21:01,236.7,236.75,120,237.15,40,80,60280
FINNIFTY02JAN2421650PE.NFO,02/01/2024,09:21:02,236.7,237.15,320,237.65,560,0,60280
FINNIFTY02JAN2421650PE.NFO,02/01/2024,09:21:03,236.7,236.1,320,236.65,80,0,60280
FINNIFTY02JAN2421650PE.NFO,02/01/2024,09:21:04,235.5,234.55,320,235.2,560,640,60280
FINNIFTY02JAN2421650PE.NFO,02/01/2024,09:21:05,233.7,232.9,160,233.4,160,680,60280
FINNIFTY02JAN2421650PE.NFO,02/01/2024,09:21:06,231.8,230.5,40,231.05,80,320,60280
FINNIFTY02JAN2421650PE.NFO,02/01/2024,09:21:07,230.4,230.05,160,230.7,80,8040,60280
FINNIFTY02JAN2421650PE.NFO,02/01/2024,09:21:08,230.9,229.3,160,229.7,200,120,60280
FINNIFTY02JAN2421650PE.NFO,02/01/2024,09:21:09,229.7,230.45,40,230.95,160,320,60280
FINNIFTY02JAN2421650PE.NFO,02/01/2024,09:21:10,229.7,229,200,229.65,160,0,60280
FINNIFTY02JAN2421650PE.NFO,02/01/2024,09:21:11,229.7,227.55,120,228,120,0,60280
FINNIFTY02JAN2421650PE.NFO,02/01/2024,09:21:12,227.9,227.75,240,228.4,160,160,60280
FINNIFTY02JAN2421650PE.NFO,02/01/2024,09:21:13,229.4,228.65,360,229.25,560,160,60280
FINNIFTY02JAN2421650PE.NFO,02/01/2024,09:21:14,229.4,229.65,560,230.15,120,0,60280
FINNIFTY02JAN2421650PE.NFO,02/01/2024,09:21:15,229.4,229.75,200,230.35,120,0,60280
FINNIFTY02JAN2421650PE.NFO,02/01/2024,09:21:16,229.4,231.05,200,231.75,320,0,60280
FINNIFTY02JAN2421650PE.NFO,02/01/2024,09:21:17,231.3,230.75,200,231.3,120,560,60280
FINNIFTY02JAN2421650PE.NFO,02/01/2024,09:21:18,231.3,230.4,120,230.85,560,0,60280
FINNIFTY02JAN2421650PE.NFO,02/01/2024,09:21:19,230.2,230.1,240,230.75,800,640,60280
FINNIFTY02JAN2421650PE.NFO,02/01/2024,09:21:20,230.2,230.65,40,231.15,560,0,60280
FINNIFTY02JAN2421650PE.NFO,02/01/2024,09:21:21,230.05,230.1,80,230.6,560,40,60280
FINNIFTY02JAN2421650PE.NFO,02/01/2024,09:21:22,229.8,229.45,560,229.9,120,160,60280
FINNIFTY02JAN2421650PE.NFO,02/01/2024,09:21:23,229.8,229.65,680,230.25,560,0,60280
FINNIFTY02JAN2421650PE.NFO,02/01/2024,09:21:24,229.8,228.8,280,229.3,560,0,60280
FINNIFTY02JAN2421650PE.NFO,02/01/2024,09:21:25,229.8,227.75,160,228.3,720,0,60280
FINNIFTY02JAN2421650PE.NFO,02/01/2024,09:21:26,226.35,226.25,80,226.75,280,960,60280
FINNIFTY02JAN2421650PE.NFO,02/01/2024,09:21:27,224.8,224.2,240,225,360,1520,60280
FINNIFTY02JAN2421650PE.NFO,02/01/2024,09:21:28,222.95,222.8,160,223.55,40,4480,60280
FINNIFTY02JAN2421650PE.NFO,02/01/2024,09:21:29,224.05,223.65,280,224.45,320,40,60280
FINNIFTY02JAN2421650PE.NFO,02/01/2024,09:21:30,224.3,224.4,160,224.85,40,40,60280
FINNIFTY02JAN2421650PE.NFO,02/01/2024,09:21:31,223.25,224.2,120,224.6,320,80,60280
FINNIFTY02JAN2421650PE.NFO,02/01/2024,09:21:32,224.35,223.5,280,224.05,80,80,60280
FINNIFTY02JAN2421650PE.NFO,02/01/2024,09:21:33,224.35,221.85,160,222.3,360,0,60280
FINNIFTY02JAN2421650PE.NFO,02/01/2024,09:21:34,223,222.4,880,223,280,40,60280
FINNIFTY02JAN2421650PE.NFO,02/01/2024,09:21:35,223,224.1,280,224.75,120,0,60280
FINNIFTY02JAN2421650PE.NFO,02/01/2024,09:21:36,223,225.6,560,226.2,480,0,60280
FINNIFTY02JAN2421650PE.NFO,02/01/2024,09:21:37,225.9,224.45,800,225.05,40,40,60280
FINNIFTY02JAN2421650PE.NFO,02/01/2024,09:21:38,225.9,225,40,225.5,280,0,60280
FINNIFTY02JAN2421650PE.NFO,02/01/2024,09:21:39,225.9,225.85,560,226.4,280,0,60280
FINNIFTY02JAN2421650PE.NFO,02/01/2024,09:21:40,225.9,225.4,160,225.85,160,0,60280
FINNIFTY02JAN2421650PE.NFO,02/01/2024,09:21:41,225.9,225.65,560,226.2,160,0,60280
FINNIFTY02JAN2421650PE.NFO,02/01/2024,09:21:42,225.9,226.3,720,226.9,720,0,60280
FINNIFTY02JAN2421650PE.NFO,02/01/2024,09:21:43,225.9,226.3,1040,226.85,240,0,60280
FINNIFTY02JAN2421650PE.NFO,02/01/2024,09:21:44,225.9,226.9,480,227.4,360,0,60280
FINNIFTY02JAN2421650PE.NFO,02/01/2024,09:21:45,227.2,226.7,320,227.25,440,40,60280
FINNIFTY02JAN2421650PE.NFO,02/01/2024,09:21:46,227.2,226.75,200,227.2,240,0,60280
FINNIFTY02JAN2421650PE.NFO,02/01/2024,09:21:47,227.2,226.95,400,227.5,600,0,60280
FINNIFTY02JAN2421650PE.NFO,02/01/2024,09:21:48,227.2,227.2,120,227.55,560,0,60280
FINNIFTY02JAN2421650PE.NFO,02/01/2024,09:21:49,227.2,226.7,120,227.15,560,0,60280
FINNIFTY02JAN2421650PE.NFO,02/01/2024,09:21:50,227.2,227.1,80,227.35,560,0,60280
FINNIFTY02JAN2421650PE.NFO,02/01/2024,09:21:51,227.2,226.8,120,227.3,360,0,60280
FINNIFTY02JAN2421650PE.NFO,02/01/2024,09:21:53,227.2,226.85,160,227.35,240,0,60280
FINNIFTY02JAN2421650PE.NFO,02/01/2024,09:21:54,227.2,226.65,520,227.2,360,0,60280
FINNIFTY02JAN2421650PE.NFO,02/01/2024,09:21:55,227.2,226.25,560,226.7,240,0,60280
FINNIFTY02JAN2421650PE.NFO,02/01/2024,09:21:56,227.2,225.75,40,226.2,280,0,60280
FINNIFTY02JAN2421650PE.NFO,02/01/2024,09:21:57,227.2,225.7,80,226.1,40,0,60280
FINNIFTY02JAN2421650PE.NFO,02/01/2024,09:21:57,227.2,225.5,280,226.05,640,0,60280
FINNIFTY02JAN2421650PE.NFO,02/01/2024,09:21:58,225.1,224.85,40,225.45,400,40,60280
FINNIFTY02JAN2421650PE.NFO,02/01/2024,09:21:59,225.1,223.65,240,224.15,320,0,60280
FINNIFTY02JAN2421650PE.NFO,02/01/2024,09:22:00,224.05,224.6,40,224.95,120,40,60280
FINNIFTY02JAN2421650PE.NFO,02/01/2024,09:22:01,223.65,225.1,40,225.45,120,120,60280
FINNIFTY02JAN2421650PE.NFO,02/01/2024,09:22:02,225.45,225.2,80,225.6,160,80,60280
FINNIFTY02JAN2421650PE.NFO,02/01/2024,09:22:03,225.2,224.25,200,224.7,240,40,60280
FINNIFTY02JAN2421650PE.NFO,02/01/2024,09:22:04,225.2,225.45,120,225.95,200,0,60280
FINNIFTY02JAN2421650PE.NFO,02/01/2024,09:22:05,225.2,225.65,160,226.15,80,0,60280
FINNIFTY02JAN2421650PE.NFO,02/01/2024,09:22:06,225.2,225.8,200,226.35,80,0,60280
FINNIFTY02JAN2421650PE.NFO,02/01/2024,09:22:07,225.2,226.5,40,226.85,120,0,60280
FINNIFTY02JAN2421650PE.NFO,02/01/2024,09:22:08,227.15,226.7,200,227.15,560,80,60280
FINNIFTY02JAN2421650PE.NFO,02/01/2024,09:22:09,227.15,226.65,120,227.05,80,0,60280
FINNIFTY02JAN2421650PE.NFO,02/01/2024,09:22:11,227.15,226.45,640,227,240,0,60280
FINNIFTY02JAN2421650PE.NFO,02/01/2024,09:22:12,227.15,226.35,200,226.85,120,0,60280
FINNIFTY02JAN2421650PE.NFO,02/01/2024,09:22:12,227.15,226.65,200,227.15,600,0,60280
FINNIFTY02JAN2421650PE.NFO,02/01/2024,09:22:13,227.15,225.85,240,226.35,120,0,60280
FINNIFTY02JAN2421650PE.NFO,02/01/2024,09:22:14,227.15,226.4,120,226.85,120,0,60280
FINNIFTY02JAN2421650PE.NFO,02/01/2024,09:22:16,227.15,226.6,200,227,560,0,60280
FINNIFTY02JAN2421650PE.NFO,02/01/2024,09:22:17,227.45,228.05,80,228.25,120,1560,60280
FINNIFTY02JAN2421650PE.NFO,02/01/2024,09:22:18,228.5,228.1,200,228.6,120,40,60280
FINNIFTY02JAN2421650PE.NFO,02/01/2024,09:22:19,228.5,227.75,200,228.25,320,0,60280
FINNIFTY02JAN2421650PE.NFO,02/01/2024,09:22:20,228.1,227.6,320,228.2,200,400,60280
FINNIFTY02JAN2421650PE.NFO,02/01/2024,09:22:21,228.1,228.15,80,228.6,360,0,60280
FINNIFTY02JAN2421650PE.NFO,02/01/2024,09:22:21,228.1,228.3,40,228.75,200,0,60280
FINNIFTY02JAN2421650PE.NFO,02/01/2024,09:22:22,228.1,227.95,240,228.6,160,0,60280
FINNIFTY02JAN2421650PE.NFO,02/01/2024,09:22:23,228.1,229.35,40,229.75,200,0,60280
FINNIFTY02JAN2421650PE.NFO,02/01/2024,09:22:25,228.1,229.05,40,229.4,200,0,60280
FINNIFTY02JAN2421650PE.NFO,02/01/2024,09:22:26,228.1,230.1,680,230.65,240,0,60280
FINNIFTY02JAN2421650PE.NFO,02/01/2024,09:22:26,228.1,229.75,160,230.2,240,0,60280
FINNIFTY02JAN2421650PE.NFO,02/01/2024,09:22:27,228.1,230.7,160,231.25,120,0,60280
FINNIFTY02JAN2421650PE.NFO,02/01/2024,09:22:28,228.1,232.25,120,232.85,240,0,60280
FINNIFTY02JAN2421650PE.NFO,02/01/2024,09:22:29,231.9,231.75,40,232.2,240,80,60280
FINNIFTY02JAN2421650PE.NFO,02/01/2024,09:22:30,231.9,231,120,231.35,120,0,60280
FINNIFTY02JAN2421650PE.NFO,02/01/2024,09:22:31,231.9,231.4,80,231.9,400,0,60280
FINNIFTY02JAN2421650PE.NFO,02/01/2024,09:22:32,231.9,231.15,40,231.65,240,0,60280
FINNIFTY02JAN2421650PE.NFO,02/01/2024,09:22:34,231.9,232.5,40,233,240,0,60280
FINNIFTY02JAN2421650PE.NFO,02/01/2024,09:22:35,231.9,232.55,120,232.95,120,0,60280
FINNIFTY02JAN2421650PE.NFO,02/01/2024,09:22:36,231.9,233.75,120,234.2,120,0,60280
FINNIFTY02JAN2421650PE.NFO,02/01/2024,09:22:37,231.9,233.45,40,233.8,240,0,60280
FINNIFTY02JAN2421650PE.NFO,02/01/2024,09:22:38,232.7,232.95,320,233.55,120,40,60280
FINNIFTY02JAN2421650PE.NFO,02/01/2024,09:22:39,232.7,233,160,233.5,160,0,60280
FINNIFTY02JAN2421650PE.NFO,02/01/2024,09:22:40,233.2,232.05,120,232.5,120,200,60280
FINNIFTY02JAN2421650PE.NFO,02/01/2024,09:22:41,233.2,232.75,280,233.3,280,0,60280
FINNIFTY02JAN2421650PE.NFO,02/01/2024,09:22:42,233.2,233.05,200,233.55,160,0,60280
FINNIFTY02JAN2421650PE.NFO,02/01/2024,09:22:43,233.2,233.35,360,233.9,560,0,60280
FINNIFTY02JAN2421650PE.NFO,02/01/2024,09:22:44,233.2,232.85,120,233.35,280,0,60280
FINNIFTY02JAN2421650PE.NFO,02/01/2024,09:22:45,233.2,233.05,40,233.55,240,0,60280
FINNIFTY02JAN2421650PE.NFO,02/01/2024,09:22:46,233.65,233.05,80,233.6,240,40,60280
FINNIFTY02JAN2421650PE.NFO,02/01/2024,09:22:47,233.65,231.8,40,232.3,200,0,60280
FINNIFTY02JAN2421650PE.NFO,02/01/2024,09:22:48,233.65,232.15,200,232.65,160,0,60280
FINNIFTY02JAN2421650PE.NFO,02/01/2024,09:22:49,232.7,233.5,120,233.9,120,40,60280
FINNIFTY02JAN2421650PE.NFO,02/01/2024,09:22:50,232.7,233.05,120,233.55,200,0,60280
FINNIFTY02JAN2421650PE.NFO,02/01/2024,09:22:51,232.7,231.6,40,232.1,120,0,60280
FINNIFTY02JAN2421650PE.NFO,02/01/2024,09:22:52,231.2,231.25,240,231.75,560,40,60280
FINNIFTY02JAN2421650PE.NFO,02/01/2024,09:22:53,231.2,230.95,240,231.45,120,0,60280
FINNIFTY02JAN2421650PE.NFO,02/01/2024,09:22:55,231.2,231.35,320,231.95,120,0,60280
FINNIFTY02JAN2421650PE.NFO,02/01/2024,09:22:56,231.2,231.45,120,232,240,0,60280
FINNIFTY02JAN2421650PE.NFO,02/01/2024,09:22:57,231.2,231,120,231.55,240,0,60280
FINNIFTY02JAN2421650PE.NFO,02/01/2024,09:22:58,231.2,229.9,240,230.4,560,0,60280
FINNIFTY02JAN2421650PE.NFO,02/01/2024,09:22:59,231.2,230,240,230.5,560,0,60280
FINNIFTY02JAN2421650PE.NFO,02/01/2024,09:23:00,231.2,230.6,240,231.1,120,0,60280
FINNIFTY02JAN2421650PE.NFO,02/01/2024,09:23:01,231.2,230.6,240,231.15,560,0,60280
FINNIFTY02JAN2421650PE.NFO,02/01/2024,09:23:02,231.2,230.85,240,231.35,80,0,60280
FINNIFTY02JAN2421650PE.NFO,02/01/2024,09:23:03,231.2,230.95,160,231.55,240,0,60280
FINNIFTY02JAN2421650PE.NFO,02/01/2024,09:23:04,231.2,231.3,240,231.85,160,0,60280
FINNIFTY02JAN2421650PE.NFO,02/01/2024,09:23:05,231.2,229.95,120,230.4,80,0,60280
FINNIFTY02JAN2421650PE.NFO,02/01/2024,09:23:06,231.2,229.2,120,229.7,200,0,60280
FINNIFTY02JAN2421650PE.NFO,02/01/2024,09:23:07,231.2,227.5,40,227.9,560,0,60280
FINNIFTY02JAN2421650PE.NFO,02/01/2024,09:23:08,227.05,226.75,160,227.15,560,40,60280
FINNIFTY02JAN2421650PE.NFO,02/01/2024,09:23:09,227.05,226.65,240,227.2,400,0,60280
FINNIFTY02JAN2421650PE.NFO,02/01/2024,09:23:10,227.05,226.9,240,227.4,560,0,60280
FINNIFTY02JAN2421650PE.NFO,02/01/2024,09:23:10,227.05,226.85,160,227.35,560,0,60280
FINNIFTY02JAN2421650PE.NFO,02/01/2024,09:23:11,227.05,227.95,320,228.55,560,0,60280
FINNIFTY02JAN2421650PE.NFO,02/01/2024,09:23:12,227.05,228.95,360,229.45,560,0,60280
FINNIFTY02JAN2421650PE.NFO,02/01/2024,09:23:13,228,227.55,120,228.1,240,200,60280
FINNIFTY02JAN2421650PE.NFO,02/01/2024,09:23:14,228,227.45,360,227.95,800,0,60280
FINNIFTY02JAN2421650PE.NFO,02/01/2024,09:23:15,228,227.35,400,227.8,560,0,60280
FINNIFTY02JAN2421650PE.NFO,02/01/2024,09:23:16,228,226.9,240,227.45,760,0,60280
FINNIFTY02JAN2421650PE.NFO,02/01/2024,09:23:17,228,225.5,360,225.95,40,0,60280
FINNIFTY02JAN2421650PE.NFO,02/01/2024,09:23:18,228,226.35,440,227,1040,0,60280
FINNIFTY02JAN2421650PE.NFO,02/01/2024,09:23:19,228,226.85,160,227.5,360,0,60280
FINNIFTY02JAN2421650PE.NFO,02/01/2024,09:23:20,228,226.65,240,227.25,1040,0,60280
FINNIFTY02JAN2421650PE.NFO,02/01/2024,09:23:21,228,227.45,120,227.95,240,0,60280
FINNIFTY02JAN2421650PE.NFO,02/01/2024,09:23:22,228,226.9,120,227.4,360,0,60280
FINNIFTY02JAN2421650PE.NFO,02/01/2024,09:23:23,228,226.7,400,227.2,40,0,60280
FINNIFTY02JAN2421650PE.NFO,02/01/2024,09:23:24,228,226.9,240,227.35,200,0,60280
FINNIFTY02JAN2421650PE.NFO,02/01/2024,09:23:25,228,226.7,240,227.2,320,0,60280
FINNIFTY02JAN2421650PE.NFO,02/01/2024,09:23:26,228.2,227.95,240,228.25,40,40,60280
FINNIFTY02JAN2421650PE.NFO,02/01/2024,09:23:27,228.3,227.35,240,227.85,120,80,59280
FINNIFTY02JAN2421650PE.NFO,02/01/2024,09:23:28,228.3,228.15,240,228.6,120,0,59280
FINNIFTY02JAN2421650PE.NFO,02/01/2024,09:23:29,228.3,229.55,240,229.9,120,0,59280
FINNIFTY02JAN2421650PE.NFO,02/01/2024,09:23:31,230.2,229.1,80,229.5,120,40,59280
FINNIFTY02JAN2421650PE.NFO,02/01/2024,09:23:32,230.2,228.05,40,228.65,360,0,59280
FINNIFTY02JAN2421650PE.NFO,02/01/2024,09:23:33,230.2,227.15,160,227.7,280,0,59280
FINNIFTY02JAN2421650PE.NFO,02/01/2024,09:23:34,230.2,227.25,240,227.75,160,0,59280
FINNIFTY02JAN2421650PE.NFO,02/01/2024,09:23:35,230.2,227.4,480,228,560,0,59280
FINNIFTY02JAN2421650PE.NFO,02/01/2024,09:23:36,230.2,227.45,80,228,560,0,59280
FINNIFTY02JAN2421650PE.NFO,02/01/2024,09:23:37,230.2,226.65,400,227.25,560,0,59280
FINNIFTY02JAN2421650PE.NFO,02/01/2024,09:23:37,230.2,226.7,280,227.2,160,0,59280
FINNIFTY02JAN2421650PE.NFO,02/01/2024,09:23:38,230.2,226.65,200,227.15,160,0,59280
FINNIFTY02JAN2421650PE.NFO,02/01/2024,09:23:39,230.2,226.65,280,227.2,560,0,59280
FINNIFTY02JAN2421650PE.NFO,02/01/2024,09:23:40,230.2,226.75,280,227.25,560,0,59280
FINNIFTY02JAN2421650PE.NFO,02/01/2024,09:23:41,230.2,227.5,120,227.9,80,0,59280
FINNIFTY02JAN2421650PE.NFO,02/01/2024,09:23:42,230.2,228.05,200,228.5,80,0,59280
FINNIFTY02JAN2421650PE.NFO,02/01/2024,09:23:43,230.2,227.65,240,228.15,160,0,59280
FINNIFTY02JAN2421650PE.NFO,02/01/2024,09:23:44,230.2,227.45,200,228,360,0,59280
FINNIFTY02JAN2421650PE.NFO,02/01/2024,09:23:45,230.2,227.65,160,228.1,80,0,59280
FINNIFTY02JAN2421650PE.NFO,02/01/2024,09:23:46,228.35,227.85,280,228.3,40,120,59280
FINNIFTY02JAN2421650PE.NFO,02/01/2024,09:23:48,228.3,229.15,240,229.65,120,40,59280
FINNIFTY02JAN2421650PE.NFO,02/01/2024,09:23:49,228.3,228.85,160,229.4,280,0,59280
FINNIFTY02JAN2421650PE.NFO,02/01/2024,09:23:49,228.3,229.35,120,229.9,280,0,59280
FINNIFTY02JAN2421650PE.NFO,02/01/2024,09:23:50,228.3,229.25,200,229.8,320,0,59280
FINNIFTY02JAN2421650PE.NFO,02/01/2024,09:23:53,228.3,228.6,40,229.2,480,0,59280
FINNIFTY02JAN2421650PE.NFO,02/01/2024,09:23:54,229.2,229.15,120,229.65,120,40,59280
FINNIFTY02JAN2421650PE.NFO,02/01/2024,09:23:55,229.2,229.4,120,229.9,440,0,59280
FINNIFTY02JAN2421650PE.NFO,02/01/2024,09:23:56,229.2,229.7,920,230.4,1160,0,59280
FINNIFTY02JAN2421650PE.NFO,02/01/2024,09:23:57,229.2,229.85,120,230.35,280,0,59280
FINNIFTY02JAN2421650PE.NFO,02/01/2024,09:23:57,229.2,230,40,230.4,160,0,59280
FINNIFTY02JAN2421650PE.NFO,02/01/2024,09:23:58,230.4,230.75,360,231.35,440,80,59280
FINNIFTY02JAN2421650PE.NFO,02/01/2024,09:23:59,230.4,230.75,320,231.25,320,0,59280
FINNIFTY02JAN2421650PE.NFO,02/01/2024,09:24:00,230.4,231.2,160,231.85,520,0,59280
FINNIFTY02JAN2421650PE.NFO,02/01/2024,09:24:01,232,232.15,320,232.75,400,80,59280
FINNIFTY02JAN2421650PE.NFO,02/01/2024,09:24:02,232.9,232.25,360,232.8,80,40,59280
FINNIFTY02JAN2421650PE.NFO,02/01/2024,09:24:04,232.9,232.1,40,232.7,400,0,59280
FINNIFTY02JAN2421650PE.NFO,02/01/2024,09:24:05,232.9,231.35,320,231.85,400,0,59280
FINNIFTY02JAN2421650PE.NFO,02/01/2024,09:24:06,232.9,230.1,360,230.6,320,0,59280
FINNIFTY02JAN2421650PE.NFO,02/01/2024,09:24:06,232.9,230,360,230.6,840,0,59280
FINNIFTY02JAN2421650PE.NFO,02/01/2024,09:24:07,232.9,230.75,120,231.25,360,0,59280
FINNIFTY02JAN2421650PE.NFO,02/01/2024,09:24:08,232.9,230.65,440,231.15,560,0,59280
FINNIFTY02JAN2421650PE.NFO,02/01/2024,09:24:09,231,230.45,320,231,320,40,59280
FINNIFTY02JAN2421650PE.NFO,02/01/2024,09:24:11,231,230.15,480,230.75,320,0,59280
FINNIFTY02JAN2421650PE.NFO,02/01/2024,09:24:12,231,229.15,320,229.7,400,0,59280
FINNIFTY02JAN2421650PE.NFO,02/01/2024,09:24:13,231,229,320,229.5,440,0,59280
FINNIFTY02JAN2421650PE.NFO,02/01/2024,09:24:13,231,229.05,160,229.6,280,0,59280
FINNIFTY02JAN2421650PE.NFO,02/01/2024,09:24:14,231,228.8,320,229.3,320,0,59280
FINNIFTY02JAN2421650PE.NFO,02/01/2024,09:24:16,231,230.05,200,230.6,320,0,59280
FINNIFTY02JAN2421650PE.NFO,02/01/2024,09:24:17,230.8,230.45,440,230.95,240,200,59280
FINNIFTY02JAN2421650PE.NFO,02/01/2024,09:24:18,231,230.7,360,231.3,520,120,59280
FINNIFTY02JAN2421650PE.NFO,02/01/2024,09:24:19,231,231,440,231.55,880,0,59280
FINNIFTY02JAN2421650PE.NFO,02/01/2024,09:24:20,231,231.9,520,232.4,560,0,59280
FINNIFTY02JAN2421650PE.NFO,02/01/2024,09:24:21,231,232.3,400,232.8,560,0,59280
FINNIFTY02JAN2421650PE.NFO,02/01/2024,09:24:22,231,232.55,120,233.1,880,0,59280
FINNIFTY02JAN2421650PE.NFO,02/01/2024,09:24:23,231,233.3,320,233.8,560,0,59280
FINNIFTY02JAN2421650PE.NFO,02/01/2024,09:24:24,231,233.25,480,233.8,560,0,59280
FINNIFTY02JAN2421650PE.NFO,02/01/2024,09:24:25,231,233.2,120,233.7,440,0,59280
FINNIFTY02JAN2421650PE.NFO,02/01/2024,09:24:26,231,232.95,80,233.45,400,0,59280
FINNIFTY02JAN2421650PE.NFO,02/01/2024,09:24:27,231,233.45,440,234,160,0,59280
FINNIFTY02JAN2421650PE.NFO,02/01/2024,09:24:27,231,233.45,360,234,160,0,59280
FINNIFTY02JAN2421650PE.NFO,02/01/2024,09:24:28,233.7,233.15,80,233.7,1040,80,59280
FINNIFTY02JAN2421650PE.NFO,02/01/2024,09:24:29,233.7,233,120,233.45,320,0,59280
FINNIFTY02JAN2421650PE.NFO,02/01/2024,09:24:30,233.95,233.5,120,234.05,320,40,59280
FINNIFTY02JAN2421650PE.NFO,02/01/2024,09:24:31,233.95,232.9,240,233.4,320,0,59280
FINNIFTY02JAN2421650PE.NFO,02/01/2024,09:24:32,233.95,233.25,520,233.8,560,0,59280
FINNIFTY02JAN2421650PE.NFO,02/01/2024,09:24:34,233.1,233.45,480,234.05,320,40,59280
FINNIFTY02JAN2421650PE.NFO,02/01/2024,09:24:35,233.1,233.3,160,233.9,1040,0,59280
FINNIFTY02JAN2421650PE.NFO,02/01/2024,09:24:36,233.1,233.2,120,233.75,960,0,59280
FINNIFTY02JAN2421650PE.NFO,02/01/2024,09:24:36,233.1,232.1,40,232.85,1040,0,59280
FINNIFTY02JAN2421650PE.NFO,02/01/2024,09:24:37,233.1,231.15,440,231.65,400,0,59280
FINNIFTY02JAN2421650PE.NFO,02/01/2024,09:24:39,233.1,231.1,120,231.55,360,0,59280
FINNIFTY02JAN2421650PE.NFO,02/01/2024,09:24:40,233.1,231.9,520,232.45,560,0,59280
FINNIFTY02JAN2421650PE.NFO,02/01/2024,09:24:41,233.1,231.55,200,231.95,360,0,59280
FINNIFTY02JAN2421650PE.NFO,02/01/2024,09:24:41,233.1,231.1,120,231.6,480,0,59280
FINNIFTY02JAN2421650PE.NFO,02/01/2024,09:24:42,233.1,231.2,120,231.7,480,0,59280
FINNIFTY02JAN2421650PE.NFO,02/01/2024,09:24:44,231,230.8,80,231,360,80,59280
FINNIFTY02JAN2421650PE.NFO,02/01/2024,09:24:45,231.2,231.2,600,231.65,560,120,59280
FINNIFTY02JAN2421650PE.NFO,02/01/2024,09:24:46,231.2,230.45,320,231.1,1200,0,59280
FINNIFTY02JAN2421650PE.NFO,02/01/2024,09:24:46,231.2,230.6,360,231.15,480,0,59280
FINNIFTY02JAN2421650PE.NFO,02/01/2024,09:24:47,231.2,230.95,360,231.45,560,0,59280
FINNIFTY02JAN2421650PE.NFO,02/01/2024,09:24:49,230.35,229.8,160,230.4,520,80,59280
FINNIFTY02JAN2421650PE.NFO,02/01/2024,09:24:50,230.35,229.3,360,229.85,440,0,59280
FINNIFTY02JAN2421650PE.NFO,02/01/2024,09:24:51,230.35,229.4,560,230,560,0,59280
FINNIFTY02JAN2421650PE.NFO,02/01/2024,09:24:51,230.35,229.75,360,230.25,960,0,59280
FINNIFTY02JAN2421650PE.NFO,02/01/2024,09:24:52,230.35,230.85,40,231.45,680,0,59280
FINNIFTY02JAN2421650PE.NFO,02/01/2024,09:24:54,230.35,230.15,360,230.7,520,0,59280
FINNIFTY02JAN2421650PE.NFO,02/01/2024,09:24:55,230.35,231.75,280,232.3,360,0,59280
FINNIFTY02JAN2421650PE.NFO,02/01/2024,09:24:56,230.35,232.65,80,233.25,1160,0,59280
FINNIFTY02JAN2421650PE.NFO,02/01/2024,09:24:56,230.35,232.6,360,233.1,440,0,59280
FINNIFTY02JAN2421650PE.NFO,02/01/2024,09:24:57,230.35,232.15,520,232.7,560,0,59280
FINNIFTY02JAN2421650PE.NFO,02/01/2024,09:24:59,230.35,232.85,520,233.45,520,0,59280
FINNIFTY02JAN2421650PE.NFO,02/01/2024,09:25:00,233.2,233.7,360,234.2,360,40,59280
FINNIFTY02JAN2421650PE.NFO,02/01/2024,09:25:01,234,233.5,360,234.1,520,80,59280
FINNIFTY02JAN2421650PE.NFO,02/01/2024,09:25:01,233.7,233.65,640,234.2,600,40,59280
FINNIFTY02JAN2421650PE.NFO,02/01/2024,09:25:02,233.7,232.45,400,233,360,0,59280
FINNIFTY02JAN2421650PE.NFO,02/01/2024,09:25:03,233.7,232.4,520,232.9,360,0,59280
FINNIFTY02JAN2421650PE.NFO,02/01/2024,09:25:04,233.7,232.3,160,232.8,400,0,59280
FINNIFTY02JAN2421650PE.NFO,02/01/2024,09:25:05,233.7,232.45,440,232.95,360,0,59280
FINNIFTY02JAN2421650PE.NFO,02/01/2024,09:25:06,233.7,232.5,360,232.95,360,0,59280
FINNIFTY02JAN2421650PE.NFO,02/01/2024,09:25:07,231.45,231.05,440,231.65,200,80,59280
FINNIFTY02JAN2421650PE.NFO,02/01/2024,09:25:09,231.45,232,360,232.5,360,0,59280
FINNIFTY02JAN2421650PE.NFO,02/01/2024,09:25:10,231.45,232.3,40,232.9,600,0,59280
FINNIFTY02JAN2421650PE.NFO,02/01/2024,09:25:11,231.45,233.35,360,233.9,600,0,59280
FINNIFTY02JAN2421650PE.NFO,02/01/2024,09:25:12,231.45,232.75,1080,233.3,440,0,59280
FINNIFTY02JAN2421650PE.NFO,02/01/2024,09:25:13,231.45,232.75,400,233.35,160,0,59280
FINNIFTY02JAN2421650PE.NFO,02/01/2024,09:25:14,231.45,232.9,160,233.4,200,0,59280
FINNIFTY02JAN2421650PE.NFO,02/01/2024,09:25:15,231.45,233.05,120,233.6,360,0,59280
FINNIFTY02JAN2421650PE.NFO,02/01/2024,09:25:15,231.45,233.3,240,233.85,400,0,59280
FINNIFTY02JAN2421650PE.NFO,02/01/2024,09:25:16,231.45,233.3,360,233.85,160,0,59280
FINNIFTY02JAN2421650PE.NFO,02/01/2024,09:25:18,231.45,232.7,240,233.25,400,0,59280
FINNIFTY02JAN2421650PE.NFO,02/01/2024,09:25:19,231.45,232.4,200,232.8,160,0,59280
FINNIFTY02JAN2421650PE.NFO,02/01/2024,09:25:20,231.45,232.5,480,233.05,400,0,59280
FINNIFTY02JAN2421650PE.NFO,02/01/2024,09:25:21,232.1,231.35,440,231.95,40,880,59280
FINNIFTY02JAN2421650PE.NFO,02/01/2024,09:25:22,232.1,231.6,240,232.1,160,0,59280
FINNIFTY02JAN2421650PE.NFO,02/01/2024,09:25:23,232.1,231.9,160,232.4,240,40,59280
FINNIFTY02JAN2421650PE.NFO,02/01/2024,09:25:24,232.15,231.55,240,232.1,560,1000,59280
FINNIFTY02JAN2421650PE.NFO,02/01/2024,09:25:25,232.15,231.75,720,232.35,560,0,59280
FINNIFTY02JAN2421650PE.NFO,02/01/2024,09:25:25,232.15,232.05,240,232.65,640,0,59280
FINNIFTY02JAN2421650PE.NFO,02/01/2024,09:25:26,232.15,231,240,231.6,560,0,59280
FINNIFTY02JAN2421650PE.NFO,02/01/2024,09:25:27,231.25,230.5,240,231.1,560,40,59280
FINNIFTY02JAN2421650PE.NFO,02/01/2024,09:25:28,231.25,230.95,40,231.55,560,0,59280
FINNIFTY02JAN2421650PE.NFO,02/01/2024,09:25:29,231.25,230.1,360,230.75,720,0,59280
FINNIFTY02JAN2421650PE.NFO,02/01/2024,09:25:30,231.25,230.05,240,230.7,840,0,59280
FINNIFTY02JAN2421650PE.NFO,02/01/2024,09:25:31,231.25,229.5,240,230.05,120,0,59280
FINNIFTY02JAN2421650PE.NFO,02/01/2024,09:25:32,231.25,228.55,240,229.1,560,0,59280
FINNIFTY02JAN2421650PE.NFO,02/01/2024,09:25:33,231.25,228.4,400,228.95,600,0,59280
FINNIFTY02JAN2421650PE.NFO,02/01/2024,09:25:34,231.25,227.8,440,228.35,80,0,59280
FINNIFTY02JAN2421650PE.NFO,02/01/2024,09:25:36,231.25,227.65,280,228.15,40,0,59280
FINNIFTY02JAN2421650PE.NFO,02/01/2024,09:25:37,231.25,228.05,360,228.6,560,0,59280
FINNIFTY02JAN2421650PE.NFO,02/01/2024,09:25:38,231.25,228.5,360,229.05,560,0,59280
FINNIFTY02JAN2421650PE.NFO,02/01/2024,09:25:39,228.4,229.25,280,229.75,760,40,59280
FINNIFTY02JAN2421650PE.NFO,02/01/2024,09:25:40,228.4,229.75,280,230.25,560,0,59280
FINNIFTY02JAN2421650PE.NFO,02/01/2024,09:25:41,228.4,229.3,440,229.75,120,0,59280
FINNIFTY02JAN2421650PE.NFO,02/01/2024,09:25:42,228.4,228.15,160,228.6,120,0,59280
FINNIFTY02JAN2421650PE.NFO,02/01/2024,09:25:43,228.4,228.55,440,229.05,560,0,59280
FINNIFTY02JAN2421650PE.NFO,02/01/2024,09:25:44,228.4,228.75,160,229.2,120,0,59280
FINNIFTY02JAN2421650PE.NFO,02/01/2024,09:25:45,228.4,228.65,280,229.1,160,0,59280
FINNIFTY02JAN2421650PE.NFO,02/01/2024,09:25:46,228.4,229,360,229.5,40,0,59280
FINNIFTY02JAN2421650PE.NFO,02/01/2024,09:25:47,228.4,228.6,200,229.15,760,0,59280
FINNIFTY02JAN2421650PE.NFO,02/01/2024,09:25:48,228.4,229.2,280,229.75,120,0,59280
FINNIFTY02JAN2421650PE.NFO,02/01/2024,09:25:48,228.4,229.3,280,229.8,600,0,59280
FINNIFTY02JAN2421650PE.NFO,02/01/2024,09:25:49,228.4,230.05,280,230.5,40,0,59280
FINNIFTY02JAN2421650PE.NFO,02/01/2024,09:25:50,228.4,229.95,600,230.6,120,0,59280
FINNIFTY02JAN2421650PE.NFO,02/01/2024,09:25:51,228.4,229.8,680,230.4,560,0,59280
FINNIFTY02JAN2421650PE.NFO,02/01/2024,09:25:52,230.95,229.75,80,230.3,760,160,59280
FINNIFTY02JAN2421650PE.NFO,02/01/2024,09:25:53,229.75,229.15,360,229.75,560,80,59280
FINNIFTY02JAN2421650PE.NFO,02/01/2024,09:25:54,229.75,228,40,228.3,120,0,59280
FINNIFTY02JAN2421650PE.NFO,02/01/2024,09:25:55,228,226.85,160,227.35,40,40,59280
FINNIFTY02JAN2421650PE.NFO,02/01/2024,09:25:56,228,226.85,360,227.4,560,0,59280
FINNIFTY02JAN2421650PE.NFO,02/01/2024,09:25:57,228,226.15,120,226.7,640,0,59280
FINNIFTY02JAN2421650PE.NFO,02/01/2024,09:25:58,228,226.1,240,226.7,360,0,59280
FINNIFTY02JAN2421650PE.NFO,02/01/2024,09:25:59,228,226.15,320,226.7,560,0,59280
FINNIFTY02JAN2421650PE.NFO,02/01/2024,09:26:00,225.8,225.3,440,225.95,560,40,59280
FINNIFTY02JAN2421650PE.NFO,02/01/2024,09:26:01,225.8,224.75,440,225.35,560,0,59280
FINNIFTY02JAN2421650PE.NFO,02/01/2024,09:26:02,225.8,225.75,320,226.3,560,0,59280
FINNIFTY02JAN2421650PE.NFO,02/01/2024,09:26:03,225.8,226,320,226.5,560,0,59280
FINNIFTY02JAN2421650PE.NFO,02/01/2024,09:26:04,225.8,225.85,160,226.4,600,0,59280
FINNIFTY02JAN2421650PE.NFO,02/01/2024,09:26:05,225.8,225.4,240,225.9,560,0,59280
FINNIFTY02JAN2421650PE.NFO,02/01/2024,09:26:07,225.8,225.4,400,225.95,560,0,59280
FINNIFTY02JAN2421650PE.NFO,02/01/2024,09:26:08,225.8,225.6,160,226.15,560,0,59280
FINNIFTY02JAN2421650PE.NFO,02/01/2024,09:26:09,225.8,225.6,480,226.15,560,0,59280
FINNIFTY02JAN2421650PE.NFO,02/01/2024,09:26:10,225.8,225.8,200,226.25,560,0,59280
FINNIFTY02JAN2421650PE.NFO,02/01/2024,09:26:11,225.8,225.8,160,226.35,560,0,59280
FINNIFTY02JAN2421650PE.NFO,02/01/2024,09:26:12,225.8,225.5,160,226.05,560,0,59280
FINNIFTY02JAN2421650PE.NFO,02/01/2024,09:26:13,224.35,224.25,160,224.8,80,40,59280
FINNIFTY02JAN2421650PE.NFO,02/01/2024,09:26:14,222.9,222.45,320,222.9,560,2200,59280
FINNIFTY02JAN2421650PE.NFO,02/01/2024,09:26:15,214.55,214.55,960,215.9,480,6600,59280
FINNIFTY02JAN2421650PE.NFO,02/01/2024,09:26:16,205.05,205,240,205.8,800,9280,59280
FINNIFTY02JAN2421650PE.NFO,02/01/2024,09:26:16,196.95,205,240,205.8,800,0,59280
FINNIFTY02JAN2421650PE.NFO,02/01/2024,09:26:17,212,206.95,80,208.7,40,6720,59280
FINNIFTY02JAN2421650PE.NFO,02/01/2024,09:26:18,210.2,210.2,160,210.7,40,4800,59280
FINNIFTY02JAN2421650PE.NFO,02/01/2024,09:26:19,207.3,207.4,160,208.15,160,720,59280
FINNIFTY02JAN2421650PE.NFO,02/01/2024,09:26:20,206.4,205.9,160,206.95,160,880,59280
FINNIFTY02JAN2421650PE.NFO,02/01/2024,09:26:21,207,207.8,240,208.5,80,640,59280
FINNIFTY02JAN2421650PE.NFO,02/01/2024,09:26:22,207.2,207.95,240,208.6,320,520,59280
FINNIFTY02JAN2421650PE.NFO,02/01/2024,09:26:23,208.5,209.05,160,209.6,320,280,59280
FINNIFTY02JAN2421650PE.NFO,02/01/2024,09:26:24,209.65,209.7,320,210.35,840,1080,59280
FINNIFTY02JAN2421650PE.NFO,02/01/2024,09:26:25,209.5,210.65,320,211.25,520,200,59280
FINNIFTY02JAN2421650PE.NFO,02/01/2024,09:26:26,211.5,210.7,600,211.3,440,120,59280
FINNIFTY02JAN2421650PE.NFO,02/01/2024,09:26:27,211.5,210.25,240,210.65,800,0,59280
FINNIFTY02JAN2421650PE.NFO,02/01/2024,09:26:28,209.45,208.55,400,209.1,240,240,59280
FINNIFTY02JAN2421650PE.NFO,02/01/2024,09:26:29,205.3,204.45,120,204.85,240,360,59280
FINNIFTY02JAN2421650PE.NFO,02/01/2024,09:26:31,203.45,202.85,120,203.65,400,1000,59280
FINNIFTY02JAN2421650PE.NFO,02/01/2024,09:26:32,202.4,202.1,160,202.7,600,80,59280
FINNIFTY02JAN2421650PE.NFO,02/01/2024,09:26:33,202.95,203.6,560,204.45,560,760,59280
FINNIFTY02JAN2421650PE.NFO,02/01/2024,09:26:34,204,203.65,560,204.5,600,80,59280
FINNIFTY02JAN2421650PE.NFO,02/01/2024,09:26:35,204.15,203.5,40,204.15,400,800,59280
FINNIFTY02JAN2421650PE.NFO,02/01/2024,09:26:36,203.8,203.5,680,204.15,400,40,59280
FINNIFTY02JAN2421650PE.NFO,02/01/2024,09:26:37,203.95,202.9,920,203.6,400,40,59280
FINNIFTY02JAN2421650PE.NFO,02/01/2024,09:26:38,200.6,198.7,200,199.25,240,200,59280
FINNIFTY02JAN2421650PE.NFO,02/01/2024,09:26:39,194.6,194.45,480,195.6,80,1480,59280
FINNIFTY02JAN2421650PE.NFO,02/01/2024,09:26:39,194,194.45,480,195.6,80,0,59280
FINNIFTY02JAN2421650PE.NFO,02/01/2024,09:26:40,191.4,191.4,80,192.75,40,280,59280
FINNIFTY02JAN2421650PE.NFO,02/01/2024,09:26:40,191.4,191.4,80,192.75,40,0,59280
FINNIFTY02JAN2421650PE.NFO,02/01/2024,09:26:41,192.65,192.8,240,193.6,400,280,59280
FINNIFTY02JAN2421650PE.NFO,02/01/2024,09:26:42,192.65,192.35,440,193.1,400,0,59280
FINNIFTY02JAN2421650PE.NFO,02/01/2024,09:26:43,192.95,192.7,80,193.55,480,400,59280
FINNIFTY02JAN2421650PE.NFO,02/01/2024,09:26:44,191.6,190.7,80,191.45,400,120,59280
FINNIFTY02JAN2421650PE.NFO,02/01/2024,09:26:45,190.45,187.1,560,187.9,40,80,59280
FINNIFTY02JAN2421650PE.NFO,02/01/2024,09:26:45,190.45,187.1,560,187.9,40,0,59280
FINNIFTY02JAN2421650PE.NFO,02/01/2024,09:26:46,186.3,186.3,240,187.2,200,1520,59280
FINNIFTY02JAN2421650PE.NFO,02/01/2024,09:26:46,186.25,186.3,240,187.2,200,0,59280
FINNIFTY02JAN2421650PE.NFO,02/01/2024,09:26:47,185.05,183.1,40,183.85,240,680,59280
FINNIFTY02JAN2421650PE.NFO,02/01/2024,09:26:47,184.75,183.1,40,183.85,240,0,59280
FINNIFTY02JAN2421650PE.NFO,02/01/2024,09:26:48,185.8,185.5,240,186.15,200,400,59280
FINNIFTY02JAN2421650PE.NFO,02/01/2024,09:26:48,182.9,185.5,240,186.15,200,0,59280
FINNIFTY02JAN2421650PE.NFO,02/01/2024,09:26:49,186.4,186.55,120,186.9,120,1040,59280
FINNIFTY02JAN2421650PE.NFO,02/01/2024,09:26:50,187.55,187.4,160,188,80,1920,59280
FINNIFTY02JAN2421650PE.NFO,02/01/2024,09:26:51,187.95,186.5,120,187.35,480,280,59280
FINNIFTY02JAN2421650PE.NFO,02/01/2024,09:26:52,186.2,185.5,280,186.1,280,920,59280
FINNIFTY02JAN2421650PE.NFO,02/01/2024,09:26:53,186.3,186.3,560,187.1,80,480,59280
FINNIFTY02JAN2421650PE.NFO,02/01/2024,09:26:54,188.45,189,480,189.9,360,1200,59280
FINNIFTY02JAN2421650PE.NFO,02/01/2024,09:26:55,192.65,191.8,120,192.85,160,2200,59280
FINNIFTY02JAN2421650PE.NFO,02/01/2024,09:26:56,192.35,191.3,640,191.95,280,80,59280
FINNIFTY02JAN2421650PE.NFO,02/01/2024,09:26:57,191.8,192.05,240,192.85,200,400,59280
FINNIFTY02JAN2421650PE.NFO,02/01/2024,09:26:58,194.25,193.7,920,194.3,240,160,59280
FINNIFTY02JAN2421650PE.NFO,02/01/2024,09:26:59,194.25,194.6,160,195.25,80,80,59280
FINNIFTY02JAN2421650PE.NFO,02/01/2024,09:27:00,194.85,194.35,200,194.95,800,240,59280
FINNIFTY02JAN2421650PE.NFO,02/01/2024,09:27:01,192.4,191.4,320,192.1,80,1440,59280
FINNIFTY02JAN2421650PE.NFO,02/01/2024,09:27:02,190.6,189.25,240,189.95,280,40,59280
FINNIFTY02JAN2421650PE.NFO,02/01/2024,09:27:03,190.9,190.1,120,190.75,880,600,59280
FINNIFTY02JAN2421650PE.NFO,02/01/2024,09:27:04,190,189.45,40,189.8,360,400,59280
FINNIFTY02JAN2421650PE.NFO,02/01/2024,09:27:05,189.85,191,1000,191.65,280,1680,59280
FINNIFTY02JAN2421650PE.NFO,02/01/2024,09:27:06,192.4,191.65,200,192.3,200,320,59280
FINNIFTY02JAN2421650PE.NFO,02/01/2024,09:27:07,192.4,191.65,200,192.25,240,0,59280
FINNIFTY02JAN2421650PE.NFO,02/01/2024,09:27:08,192.05,190.4,200,191.05,320,520,59280
FINNIFTY02JAN2421650PE.NFO,02/01/2024,09:27:09,189.5,188.85,400,189.5,80,1360,59280
FINNIFTY02JAN2421650PE.NFO,02/01/2024,09:27:10,189.15,189.25,280,189.85,160,280,59280
FINNIFTY02JAN2421650PE.NFO,02/01/2024,09:27:11,191.8,191.55,320,192.15,160,160,59280
FINNIFTY02JAN2421650PE.NFO,02/01/2024,09:27:12,193.05,192.75,320,193.4,600,520,59280
FINNIFTY02JAN2421650PE.NFO,02/01/2024,09:27:13,191.85,191.3,200,191.9,560,2360,59280
FINNIFTY02JAN2421650PE.NFO,02/01/2024,09:27:14,191.65,190.55,320,191.1,240,40,59280
FINNIFTY02JAN2421650PE.NFO,02/01/2024,09:27:15,191.1,192.45,440,193,40,640,59280
FINNIFTY02JAN2421650PE.NFO,02/01/2024,09:27:16,191.1,193.15,360,193.9,280,0,59280
FINNIFTY02JAN2421650PE.NFO,02/01/2024,09:27:17,191.1,192.85,600,193.55,440,0,59280
FINNIFTY02JAN2421650PE.NFO,02/01/2024,09:27:18,192.5,192.45,400,193.1,120,120,59280
FINNIFTY02JAN2421650PE.NFO,02/01/2024,09:27:19,192.5,192.05,400,192.6,160,0,59280
FINNIFTY02JAN2421650PE.NFO,02/01/2024,09:27:20,192.5,192.95,320,193.65,1000,0,59280
FINNIFTY02JAN2421650PE.NFO,02/01/2024,09:27:21,194,192.65,400,193.35,760,200,59280
FINNIFTY02JAN2421650PE.NFO,02/01/2024,09:27:22,192.65,191.9,600,192.55,200,1920,59280
FINNIFTY02JAN2421650PE.NFO,02/01/2024,09:27:23,192.65,191.55,680,192.1,360,0,59280
FINNIFTY02JAN2421650PE.NFO,02/01/2024,09:27:24,192.65,191.5,440,192.05,200,0,59280
FINNIFTY02JAN2421650PE.NFO,02/01/2024,09:27:25,191.8,192.9,320,193.55,200,80,59280
FINNIFTY02JAN2421650PE.NFO,02/01/2024,09:27:26,195,194.65,440,195.2,240,160,59280
FINNIFTY02JAN2421650PE.NFO,02/01/2024,09:27:27,196,196.25,360,196.85,560,400,59280
FINNIFTY02JAN2421650PE.NFO,02/01/2024,09:27:28,196,196.05,440,196.7,240,0,59280
FINNIFTY02JAN2421650PE.NFO,02/01/2024,09:27:29,196,196.25,880,196.8,280,0,59280
FINNIFTY02JAN2421650PE.NFO,02/01/2024,09:27:30,196.7,196.45,320,196.95,280,120,59280
FINNIFTY02JAN2421650PE.NFO,02/01/2024,09:27:30,196.7,196.45,280,196.95,520,0,59280
FINNIFTY02JAN2421650PE.NFO,02/01/2024,09:27:31,196.6,197.25,320,197.85,600,600,59280
FINNIFTY02JAN2421650PE.NFO,02/01/2024,09:27:32,198.3,198.05,400,198.7,440,240,59280
FINNIFTY02JAN2421650PE.NFO,02/01/2024,09:27:33,198.2,198.2,200,198.75,560,560,59280
FINNIFTY02JAN2421650PE.NFO,02/01/2024,09:27:34,197.4,197.15,360,197.75,320,360,59280
FINNIFTY02JAN2421650PE.NFO,02/01/2024,09:27:35,196,195.75,200,196.45,400,80,59280
FINNIFTY02JAN2421650PE.NFO,02/01/2024,09:27:36,196,194.05,440,194.75,480,0,59280
FINNIFTY02JAN2421650PE.NFO,02/01/2024,09:27:37,196,194.5,440,195.15,400,0,59280
FINNIFTY02JAN2421650PE.NFO,02/01/2024,09:27:38,195.2,194.3,200,194.95,560,40,59280
FINNIFTY02JAN2421650PE.NFO,02/01/2024,09:27:39,195.2,195.45,200,196.05,360,0,59280
FINNIFTY02JAN2421650PE.NFO,02/01/2024,09:27:40,195.2,194.2,360,194.8,840,0,59280
FINNIFTY02JAN2421650PE.NFO,02/01/2024,09:27:41,195.2,195,160,195.65,520,0,59280
FINNIFTY02JAN2421650PE.NFO,02/01/2024,09:27:42,194.45,193.75,400,194.45,360,1320,59280
FINNIFTY02JAN2421650PE.NFO,02/01/2024,09:27:43,194.45,193.25,400,193.85,440,0,59280
FINNIFTY02JAN2421650PE.NFO,02/01/2024,09:27:44,194.45,194.7,160,195.3,600,0,59280
FINNIFTY02JAN2421650PE.NFO,02/01/2024,09:27:46,194.45,195.05,120,195.6,600,0,59280
FINNIFTY02JAN2421650PE.NFO,02/01/2024,09:27:46,194.45,195.95,200,196.45,360,0,59280
FINNIFTY02JAN2421650PE.NFO,02/01/2024,09:27:47,195.75,195.2,360,195.8,160,40,59280
FINNIFTY02JAN2421650PE.NFO,02/01/2024,09:27:48,195.2,194.4,600,195.1,360,40,59280
FINNIFTY02JAN2421650PE.NFO,02/01/2024,09:27:49,195.2,193.3,440,193.9,520,0,59280
FINNIFTY02JAN2421650PE.NFO,02/01/2024,09:27:51,195.2,192.8,480,193.4,400,0,59280
FINNIFTY02JAN2421650PE.NFO,02/01/2024,09:27:52,190,189.4,40,190.25,40,520,59280
FINNIFTY02JAN2421650PE.NFO,02/01/2024,09:27:53,188.8,187.3,480,188,920,280,59280
FINNIFTY02JAN2421650PE.NFO,02/01/2024,09:27:54,187.45,188.45,360,188.95,280,120,59280
FINNIFTY02JAN2421650PE.NFO,02/01/2024,09:27:55,187,187.1,40,187.55,520,120,59280
FINNIFTY02JAN2421650PE.NFO,02/01/2024,09:27:56,187,187.35,400,187.95,360,0,59280
FINNIFTY02JAN2421650PE.NFO,02/01/2024,09:27:57,185,184.45,600,185.1,360,2720,59280
FINNIFTY02JAN2421650PE.NFO,02/01/2024,09:27:58,185.1,183.6,360,184.6,40,10600,59280
FINNIFTY02JAN2421650PE.NFO,02/01/2024,09:27:58,175.15,183.6,360,184.6,40,0,59280
FINNIFTY02JAN2421650PE.NFO,02/01/2024,09:27:59,179.45,179.5,480,180.35,240,4520,59280
FINNIFTY02JAN2421650PE.NFO,02/01/2024,09:28:00,181.1,181.15,360,181.8,360,1520,59280
FINNIFTY02JAN2421650PE.NFO,02/01/2024,09:28:01,181.5,181.05,360,181.65,520,1120,59280
FINNIFTY02JAN2421650PE.NFO,02/01/2024,09:28:02,181.25,182.7,360,183.4,520,200,59280
FINNIFTY02JAN2421650PE.NFO,02/01/2024,09:28:03,179,178.9,360,179.7,880,160,59280
FINNIFTY02JAN2421650PE.NFO,02/01/2024,09:28:04,177.7,178.35,440,179.2,880,880,59280
FINNIFTY02JAN2421650PE.NFO,02/01/2024,09:28:05,178.8,178.1,520,178.95,800,800,59280
FINNIFTY02JAN2421650PE.NFO,02/01/2024,09:28:06,180.5,180.35,1040,181,280,800,59280
FINNIFTY02JAN2421650PE.NFO,02/01/2024,09:28:07,181,181.75,40,182.3,880,480,59280
FINNIFTY02JAN2421650PE.NFO,02/01/2024,09:28:08,181.75,182,440,182.5,160,80,59280
FINNIFTY02JAN2421650PE.NFO,02/01/2024,09:28:09,183.2,182.25,360,182.8,520,640,59280
FINNIFTY02JAN2421650PE.NFO,02/01/2024,09:28:10,182.8,182.75,360,183.35,520,320,59280
FINNIFTY02JAN2421650PE.NFO,02/01/2024,09:28:11,183.3,183,160,183.7,360,1840,59280
FINNIFTY02JAN2421650PE.NFO,02/01/2024,09:28:12,183.3,182.9,440,183.4,360,0,59280
FINNIFTY02JAN2421650PE.NFO,02/01/2024,09:28:13,183.3,183.95,40,184.35,160,120,59280
FINNIFTY02JAN2421650PE.NFO,02/01/2024,09:28:14,183.95,184.1,240,184.6,280,80,59280
FINNIFTY02JAN2421650PE.NFO,02/01/2024,09:28:15,183.8,184.4,360,185,440,120,59280
FINNIFTY02JAN2421650PE.NFO,02/01/2024,09:28:16,184,183.8,240,184.45,440,440,59280
FINNIFTY02JAN2421650PE.NFO,02/01/2024,09:28:17,183.2,183.8,80,184.25,280,240,59280
FINNIFTY02JAN2421650PE.NFO,02/01/2024,09:28:18,185,184.25,240,185,520,1280,59280
FINNIFTY02JAN2421650PE.NFO,02/01/2024,09:28:19,185,184.2,320,184.65,280,0,59280
FINNIFTY02JAN2421650PE.NFO,02/01/2024,09:28:20,185.95,185.9,920,186.35,440,840,59280
FINNIFTY02JAN2421650PE.NFO,02/01/2024,09:28:21,183.6,183.05,400,183.8,160,40,59280
FINNIFTY02JAN2421650PE.NFO,02/01/2024,09:28:22,183.6,183.85,240,184.5,160,0,59280
FINNIFTY02JAN2421650PE.NFO,02/01/2024,09:28:23,183.6,183.1,320,183.8,200,0,59280
FINNIFTY02JAN2421650PE.NFO,02/01/2024,09:28:24,183.6,181.95,1120,182.65,280,0,59280
FINNIFTY02JAN2421650PE.NFO,02/01/2024,09:28:25,182.55,180.1,240,180.6,640,120,59280
FINNIFTY02JAN2421650PE.NFO,02/01/2024,09:28:26,180.6,181.05,160,181.6,280,40,59280
FINNIFTY02JAN2421650PE.NFO,02/01/2024,09:28:27,182,181.8,40,182.25,440,40,59280
FINNIFTY02JAN2421650PE.NFO,02/01/2024,09:28:28,182,182.65,160,183.3,920,0,59280
FINNIFTY02JAN2421650PE.NFO,02/01/2024,09:28:29,183.2,182.05,40,182.65,440,40,59280
FINNIFTY02JAN2421650PE.NFO,02/01/2024,09:28:30,183.2,181.15,400,181.85,520,0,59280
FINNIFTY02JAN2421650PE.NFO,02/01/2024,09:28:31,183.2,182.45,160,183.05,520,0,59280
FINNIFTY02JAN2421650PE.NFO,02/01/2024,09:28:32,183.05,183.05,40,183.6,600,40,59280
FINNIFTY02JAN2421650PE.NFO,02/01/2024,09:28:33,183.05,184.55,400,185.2,520,0,59280
FINNIFTY02JAN2421650PE.NFO,02/01/2024,09:28:34,183.05,185.25,480,185.9,520,0,59280
FINNIFTY02JAN2421650PE.NFO,02/01/2024,09:28:35,183.05,186.15,320,186.65,520,0,59280
FINNIFTY02JAN2421650PE.NFO,02/01/2024,09:28:36,185.95,185.35,960,186.1,1120,280,59280
FINNIFTY02JAN2421650PE.NFO,02/01/2024,09:28:37,187.45,186,360,186.8,440,480,59280
FINNIFTY02JAN2421650PE.NFO,02/01/2024,09:28:38,187.7,187.35,440,187.95,360,240,59280
FINNIFTY02JAN2421650PE.NFO,02/01/2024,09:28:39,187.6,187.85,280,188.65,360,1400,59280
FINNIFTY02JAN2421650PE.NFO,02/01/2024,09:28:40,187.25,186.55,520,187.2,440,200,59280
FINNIFTY02JAN2421650PE.NFO,02/01/2024,09:28:41,187.25,186.5,360,187.2,440,0,59280
FINNIFTY02JAN2421650PE.NFO,02/01/2024,09:28:42,187.25,186.65,360,187.25,360,0,59280
FINNIFTY02JAN2421650PE.NFO,02/01/2024,09:28:43,187.25,186.85,200,187.55,440,0,59280
FINNIFTY02JAN2421650PE.NFO,02/01/2024,09:28:44,187.25,187.25,360,187.95,440,0,59280
FINNIFTY02JAN2421650PE.NFO,02/01/2024,09:28:45,187.25,186.35,360,187.05,640,0,59280
FINNIFTY02JAN2421650PE.NFO,02/01/2024,09:28:46,187.25,186.15,200,186.85,1160,0,59280
FINNIFTY02JAN2421650PE.NFO,02/01/2024,09:28:47,185,184.95,640,185.65,680,400,59280
FINNIFTY02JAN2421650PE.NFO,02/01/2024,09:28:48,185.05,185.4,840,186.15,560,40,59280
FINNIFTY02JAN2421650PE.NFO,02/01/2024,09:28:49,185.05,186.55,40,187.05,520,0,59280
FINNIFTY02JAN2421650PE.NFO,02/01/2024,09:28:50,186.55,186.05,640,186.55,240,160,59280
FINNIFTY02JAN2421650PE.NFO,02/01/2024,09:28:51,186.55,185.85,560,186.35,240,0,59280
FINNIFTY02JAN2421650PE.NFO,02/01/2024,09:28:52,186.55,186,560,186.55,320,0,59280
FINNIFTY02JAN2421650PE.NFO,02/01/2024,09:28:53,186,186.4,1200,187.05,560,40,59280
FINNIFTY02JAN2421650PE.NFO,02/01/2024,09:28:54,186,186.25,560,186.75,240,0,59280
FINNIFTY02JAN2421650PE.NFO,02/01/2024,09:28:55,186.9,187.6,1000,188.25,480,200,59280
FINNIFTY02JAN2421650PE.NFO,02/01/2024,09:28:56,188.7,188.1,560,188.75,320,40,59280
FINNIFTY02JAN2421650PE.NFO,02/01/2024,09:28:57,188.7,188.35,560,189.05,1400,0,59280
FINNIFTY02JAN2421650PE.NFO,02/01/2024,09:28:58,188.7,188.2,560,188.75,160,0,59280
FINNIFTY02JAN2421650PE.NFO,02/01/2024,09:28:59,188.25,189,520,189.6,480,40,59280
FINNIFTY02JAN2421650PE.NFO,02/01/2024,09:29:00,188.25,190,440,190.85,480,0,59280
FINNIFTY02JAN2421650PE.NFO,02/01/2024,09:29:01,188.25,188.35,280,189.05,320,0,59280
FINNIFTY02JAN2421650PE.NFO,02/01/2024,09:29:02,190.4,190.1,160,190.65,320,160,59280
FINNIFTY02JAN2421650PE.NFO,02/01/2024,09:29:03,190.45,190.85,280,191.55,560,200,59280
FINNIFTY02JAN2421650PE.NFO,02/01/2024,09:29:04,191.95,190.2,160,190.95,560,40,59280
FINNIFTY02JAN2421650PE.NFO,02/01/2024,09:29:05,190.7,190.8,520,191.55,560,280,59280
FINNIFTY02JAN2421650PE.NFO,02/01/2024,09:29:06,192.25,191.35,360,192,560,200,59280
FINNIFTY02JAN2421650PE.NFO,02/01/2024,09:29:07,192.25,191,480,191.55,280,0,59280
FINNIFTY02JAN2421650PE.NFO,02/01/2024,09:29:08,192.25,191.25,440,191.8,280,0,59280
FINNIFTY02JAN2421650PE.NFO,02/01/2024,09:29:09,192.25,191.4,440,191.95,160,0,59280
FINNIFTY02JAN2421650PE.NFO,02/01/2024,09:29:10,191.3,190.05,360,190.75,600,400,59280
FINNIFTY02JAN2421650PE.NFO,02/01/2024,09:29:11,190.95,189.8,160,190.4,480,40,59280
FINNIFTY02JAN2421650PE.NFO,02/01/2024,09:29:12,189.15,188.25,40,188.65,520,480,59280
FINNIFTY02JAN2421650PE.NFO,02/01/2024,09:29:13,189.1,188.7,360,189.35,520,200,59280
FINNIFTY02JAN2421650PE.NFO,02/01/2024,09:29:14,189.1,188.8,440,189.45,600,0,59280
FINNIFTY02JAN2421650PE.NFO,02/01/2024,09:29:15,190.15,189.55,640,190.25,640,440,59280
FINNIFTY02JAN2421650PE.NFO,02/01/2024,09:29:16,190.15,190.45,200,190.95,440,0,59280
FINNIFTY02JAN2421650PE.NFO,02/01/2024,09:29:17,190.15,190,560,190.65,280,0,59280
FINNIFTY02JAN2421650PE.NFO,02/01/2024,09:29:18,190.15,190.95,560,191.5,520,0,59280
FINNIFTY02JAN2421650PE.NFO,02/01/2024,09:29:19,190.15,191.05,360,191.6,440,0,59280
FINNIFTY02JAN2421650PE.NFO,02/01/2024,09:29:20,192,191.8,1240,192.45,120,120,59280
FINNIFTY02JAN2421650PE.NFO,02/01/2024,09:29:21,192,191.75,160,192.25,280,0,59280
FINNIFTY02JAN2421650PE.NFO,02/01/2024,09:29:22,192,192,560,192.65,400,0,59280
FINNIFTY02JAN2421650PE.NFO,02/01/2024,09:29:23,191.65,192,1040,192.65,440,200,59280
FINNIFTY02JAN2421650PE.NFO,02/01/2024,09:29:24,191.65,191.75,560,192.3,360,0,59280
FINNIFTY02JAN2421650PE.NFO,02/01/2024,09:29:25,191.3,190.95,200,191.45,480,80,59280
FINNIFTY02JAN2421650PE.NFO,02/01/2024,09:29:26,191.55,192.7,920,193.45,400,120,59280
FINNIFTY02JAN2421650PE.NFO,02/01/2024,09:29:27,191.55,193.2,560,193.7,360,0,59280
FINNIFTY02JAN2421650PE.NFO,02/01/2024,09:29:28,193.25,193.2,560,193.8,440,120,68880
FINNIFTY02JAN2421650PE.NFO,02/01/2024,09:29:29,193.25,193.05,200,193.5,360,0,68880
FINNIFTY02JAN2421650PE.NFO,02/01/2024,09:29:30,193.25,191.9,640,192.5,120,0,68880
FINNIFTY02JAN2421650PE.NFO,02/01/2024,09:29:31,193.25,191.8,720,192.4,360,0,68880
FINNIFTY02JAN2421650PE.NFO,02/01/2024,09:29:32,193.25,191.7,760,192.3,560,0,68880
FINNIFTY02JAN2421650PE.NFO,02/01/2024,09:29:33,193.25,192.2,640,192.85,440,0,68880
FINNIFTY02JAN2421650PE.NFO,02/01/2024,09:29:34,193.25,192.05,720,192.7,440,0,68880
FINNIFTY02JAN2421650PE.NFO,02/01/2024,09:29:35,191.65,190.8,760,191.45,440,80,68880
FINNIFTY02JAN2421650PE.NFO,02/01/2024,09:29:36,190.5,189.75,720,190.35,560,80,68880
FINNIFTY02JAN2421650PE.NFO,02/01/2024,09:29:37,190.5,189.9,200,190.4,400,0,68880
FINNIFTY02JAN2421650PE.NFO,02/01/2024,09:29:38,190.25,189.2,440,189.7,400,40,68880
FINNIFTY02JAN2421650PE.NFO,02/01/2024,09:29:39,190.25,189.35,120,189.9,1360,0,68880
FINNIFTY02JAN2421650PE.NFO,02/01/2024,09:29:40,190.25,189.35,640,189.85,560,0,68880
FINNIFTY02JAN2421650PE.NFO,02/01/2024,09:29:41,190.2,189.55,640,190.2,480,40,68880
FINNIFTY02JAN2421650PE.NFO,02/01/2024,09:29:42,190.2,189.25,640,189.85,560,0,68880
FINNIFTY02JAN2421650PE.NFO,02/01/2024,09:29:43,189.8,190.5,80,191.1,720,40,68880
FINNIFTY02JAN2421650PE.NFO,02/01/2024,09:29:44,189.8,190.25,640,190.85,520,0,68880
FINNIFTY02JAN2421650PE.NFO,02/01/2024,09:29:45,190.95,190.85,200,191.35,480,40,68880
FINNIFTY02JAN2421650PE.NFO,02/01/2024,09:29:46,191.55,191.35,640,191.95,600,280,68880
FINNIFTY02JAN2421650PE.NFO,02/01/2024,09:29:47,191.25,191.25,200,191.75,480,1800,68880
FINNIFTY02JAN2421650PE.NFO,02/01/2024,09:29:48,191.25,190.75,160,191.3,640,0,68880
FINNIFTY02JAN2421650PE.NFO,02/01/2024,09:29:49,191.25,190.3,320,190.95,200,0,68880
FINNIFTY02JAN2421650PE.NFO,02/01/2024,09:29:50,191.25,190.5,360,190.95,400,0,68880
FINNIFTY02JAN2421650PE.NFO,02/01/2024,09:29:51,191.25,190.7,760,191.3,200,0,68880
FINNIFTY02JAN2421650PE.NFO,02/01/2024,09:29:52,190.25,190.2,240,190.75,240,40,68880
FINNIFTY02JAN2421650PE.NFO,02/01/2024,09:29:53,190.25,189.8,560,190.35,640,0,68880
FINNIFTY02JAN2421650PE.NFO,02/01/2024,09:29:54,190.8,190.3,40,190.65,600,200,68880
FINNIFTY02JAN2421650PE.NFO,02/01/2024,09:29:55,190,190.15,560,190.7,600,1840,68880
FINNIFTY02JAN2421650PE.NFO,02/01/2024,09:29:56,190,190.65,560,191.25,360,0,68880
FINNIFTY02JAN2421650PE.NFO,02/01/2024,09:29:57,190,191.2,1120,191.8,640,0,68880
FINNIFTY02JAN2421650PE.NFO,02/01/2024,09:29:58,190,191.3,240,191.85,640,0,68880
FINNIFTY02JAN2421650PE.NFO,02/01/2024,09:29:59,190.2,190.15,640,190.85,880,1920,68880
FINNIFTY02JAN2421650PE.NFO,02/01/2024,09:30:00,190,190.2,40,190.8,640,80,68880
FINNIFTY02JAN2421650PE.NFO,02/01/2024,09:30:01,188.45,188.45,120,189,200,4360,68880
FINNIFTY02JAN2421650PE.NFO,02/01/2024,09:30:02,188.6,189.4,920,189.95,640,1920,68880
FINNIFTY02JAN2421650PE.NFO,02/01/2024,09:30:03,189.7,192,360,192.55,640,480,68880
FINNIFTY02JAN2421650PE.NFO,02/01/2024,09:30:04,192.3,192.45,600,193,640,1800,68880
FINNIFTY02JAN2421650PE.NFO,02/01/2024,09:30:05,192.3,193,960,193.6,720,0,68880
FINNIFTY02JAN2421650PE.NFO,02/01/2024,09:30:06,194.8,194.55,560,195,840,800,68880
FINNIFTY02JAN2421650PE.NFO,02/01/2024,09:30:07,194.8,193.9,120,194.6,1000,0,68880
FINNIFTY02JAN2421650PE.NFO,02/01/2024,09:30:08,193.95,193.8,560,194.3,640,480,68880
FINNIFTY02JAN2421650PE.NFO,02/01/2024,09:30:09,193.95,192.6,400,193.3,720,0,68880
FINNIFTY02JAN2421650PE.NFO,02/01/2024,09:30:10,193.95,192.1,560,192.75,760,0,68880
FINNIFTY02JAN2421650PE.NFO,02/01/2024,09:30:11,193.95,192.15,560,192.85,640,0,68880
FINNIFTY02JAN2421650PE.NFO,02/01/2024,09:30:12,193.95,191.85,80,192.45,840,0,68880
FINNIFTY02JAN2421650PE.NFO,02/01/2024,09:30:13,193.95,190.8,680,191.35,200,0,68880
FINNIFTY02JAN2421650PE.NFO,02/01/2024,09:30:14,189.7,189,320,189.7,1480,1920,68880
FINNIFTY02JAN2421650PE.NFO,02/01/2024,09:30:15,189.7,188.85,520,189.45,440,0,68880
FINNIFTY02JAN2421650PE.NFO,02/01/2024,09:30:16,189.7,189.2,360,189.85,680,0,68880
FINNIFTY02JAN2421650PE.NFO,02/01/2024,09:30:17,189.7,188.9,320,189.5,520,0,68880
FINNIFTY02JAN2421650PE.NFO,02/01/2024,09:30:18,188.5,187.95,840,188.6,600,40,68880
FINNIFTY02JAN2421650PE.NFO,02/01/2024,09:30:19,188.5,186,560,186.55,600,0,68880
FINNIFTY02JAN2421650PE.NFO,02/01/2024,09:30:20,186.15,186.05,80,186.75,400,1920,68880
FINNIFTY02JAN2421650PE.NFO,02/01/2024,09:30:21,186.55,187.3,360,187.85,600,40,68880
FINNIFTY02JAN2421650PE.NFO,02/01/2024,09:30:22,186.55,188,120,188.6,600,0,68880
FINNIFTY02JAN2421650PE.NFO,02/01/2024,09:30:23,186.55,188.05,840,188.65,400,0,68880
FINNIFTY02JAN2421650PE.NFO,02/01/2024,09:30:24,189.1,188.8,560,189.4,200,120,68880
FINNIFTY02JAN2421650PE.NFO,02/01/2024,09:30:25,189.1,188.95,760,189.65,600,0,68880
FINNIFTY02JAN2421650PE.NFO,02/01/2024,09:30:26,189.1,189.05,600,189.65,600,0,68880
FINNIFTY02JAN2421650PE.NFO,02/01/2024,09:30:27,189.1,190,360,190.55,600,0,68880
FINNIFTY02JAN2421650PE.NFO,02/01/2024,09:30:28,189.1,190,560,190.6,680,0,68880
FINNIFTY02JAN2421650PE.NFO,02/01/2024,09:30:29,189.1,191.15,560,191.75,600,0,68880
FINNIFTY02JAN2421650PE.NFO,02/01/2024,09:30:30,190.3,190.2,560,190.7,600,40,68880
FINNIFTY02JAN2421650PE.NFO,02/01/2024,09:30:31,191.75,191.95,760,192.6,600,840,68880
FINNIFTY02JAN2421650PE.NFO,02/01/2024,09:30:32,191.75,192,480,192.6,680,0,68880
FINNIFTY02JAN2421650PE.NFO,02/01/2024,09:30:33,191.9,191.45,200,192.1,680,720,68880
FINNIFTY02JAN2421650PE.NFO,02/01/2024,09:30:34,191.9,191.2,600,191.75,600,0,68880
FINNIFTY02JAN2421650PE.NFO,02/01/2024,09:30:35,191.9,190.85,120,191.35,600,0,68880
FINNIFTY02JAN2421650PE.NFO,02/01/2024,09:30:36,190.9,190.75,600,191.25,600,240,68880
FINNIFTY02JAN2421650PE.NFO,02/01/2024,09:30:37,190.9,190.4,120,190.95,600,0,68880
FINNIFTY02JAN2421650PE.NFO,02/01/2024,09:30:38,190.9,191.55,880,192.2,400,0,68880
FINNIFTY02JAN2421650PE.NFO,02/01/2024,09:30:39,190.9,190.95,560,191.6,680,0,68880
FINNIFTY02JAN2421650PE.NFO,02/01/2024,09:30:40,190.05,189.45,560,190.25,1200,160,68880
FINNIFTY02JAN2421650PE.NFO,02/01/2024,09:30:41,189.1,188.75,160,189.35,680,80,68880
FINNIFTY02JAN2421650PE.NFO,02/01/2024,09:30:42,189.1,188.7,920,189.35,680,0,68880
FINNIFTY02JAN2421650PE.NFO,02/01/2024,09:30:43,189.1,190.2,680,190.75,600,0,68880
FINNIFTY02JAN2421650PE.NFO,02/01/2024,09:30:44,189.1,190.35,120,191.05,1240,0,68880
FINNIFTY02JAN2421650PE.NFO,02/01/2024,09:30:45,189.1,189.6,1040,190.2,600,0,68880
FINNIFTY02JAN2421650PE.NFO,02/01/2024,09:30:46,189.1,189.95,800,190.6,720,0,68880
FINNIFTY02JAN2421650PE.NFO,02/01/2024,09:30:47,189.1,189.75,560,190.4,640,0,68880
FINNIFTY02JAN2421650PE.NFO,02/01/2024,09:30:48,189.1,189.6,560,190.1,640,0,68880
FINNIFTY02JAN2421650PE.NFO,02/01/2024,09:30:49,189.55,190,1160,190.65,760,40,68880
FINNIFTY02JAN2421650PE.NFO,02/01/2024,09:30:50,190.3,190.05,680,190.5,640,560,68880
FINNIFTY02JAN2421650PE.NFO,02/01/2024,09:30:52,190.3,190.35,920,190.95,400,0,68880
FINNIFTY02JAN2421650PE.NFO,02/01/2024,09:30:52,190.3,190.2,560,190.75,640,0,68880
FINNIFTY02JAN2421650PE.NFO,02/01/2024,09:30:53,190.3,189.9,280,190.55,1200,0,68880
FINNIFTY02JAN2421650PE.NFO,02/01/2024,09:30:54,190.3,190.75,800,191.25,400,0,68880
FINNIFTY02JAN2421650PE.NFO,02/01/2024,09:30:55,190.3,190.65,920,191.2,520,0,68880
FINNIFTY02JAN2421650PE.NFO,02/01/2024,09:30:56,190.3,191.1,1040,191.75,400,0,68880
FINNIFTY02JAN2421650PE.NFO,02/01/2024,09:30:58,191.25,191.45,560,192,840,160,68880
FINNIFTY02JAN2421650PE.NFO,02/01/2024,09:30:58,191.25,191.35,680,191.9,720,0,68880
FINNIFTY02JAN2421650PE.NFO,02/01/2024,09:30:59,191.25,191.55,400,192.15,480,0,68880
FINNIFTY02JAN2421650PE.NFO,02/01/2024,09:31:00,193,192.65,400,193.25,1040,200,68880
FINNIFTY02JAN2421650PE.NFO,02/01/2024,09:31:01,193,192.35,560,192.95,720,0,68880
FINNIFTY02JAN2421650PE.NFO,02/01/2024,09:31:03,193,193.3,240,193.85,480,0,68880
FINNIFTY02JAN2421650PE.NFO,02/01/2024,09:31:03,193,193.05,400,193.6,480,0,68880
FINNIFTY02JAN2421650PE.NFO,02/01/2024,09:31:04,193,193.8,400,194.35,640,0,68880
FINNIFTY02JAN2421650PE.NFO,02/01/2024,09:31:05,193,194,640,194.65,1120,0,68880
FINNIFTY02JAN2421650PE.NFO,02/01/2024,09:31:06,193,193.95,560,194.4,720,0,68880
FINNIFTY02JAN2421650PE.NFO,02/01/2024,09:31:07,193,193.85,400,194.4,720,0,68880
FINNIFTY02JAN2421650PE.NFO,02/01/2024,09:31:08,193,193.55,560,194.3,1560,0,68880
FINNIFTY02JAN2421650PE.NFO,02/01/2024,09:31:10,193,192.85,400,193.45,560,0,68880
FINNIFTY02JAN2421650PE.NFO,02/01/2024,09:31:10,193,193.55,400,194.15,1280,0,68880
FINNIFTY02JAN2421650PE.NFO,02/01/2024,09:31:11,193,193.4,960,194.05,240,0,68880
FINNIFTY02JAN2421650PE.NFO,02/01/2024,09:31:12,192.65,194.25,520,194.8,480,280,68880
FINNIFTY02JAN2421650PE.NFO,02/01/2024,09:31:13,195.3,195,400,195.6,720,800,68880
FINNIFTY02JAN2421650PE.NFO,02/01/2024,09:31:15,197.1,196.8,720,197.5,720,480,68880
FINNIFTY02JAN2421650PE.NFO,02/01/2024,09:31:15,197.1,196.85,560,197.4,920,0,68880
FINNIFTY02JAN2421650PE.NFO,02/01/2024,09:31:16,197.65,197.2,520,197.95,760,200,68880
FINNIFTY02JAN2421650PE.NFO,02/01/2024,09:31:17,197.65,195.9,920,196.6,1200,0,68880
FINNIFTY02JAN2421650PE.NFO,02/01/2024,09:31:18,197.65,195.5,560,196.05,640,0,68880
FINNIFTY02JAN2421650PE.NFO,02/01/2024,09:31:19,196,195.5,600,196,400,120,68880
FINNIFTY02JAN2421650PE.NFO,02/01/2024,09:31:21,196.6,196,600,196.6,600,80,68880
FINNIFTY02JAN2421650PE.NFO,02/01/2024,09:31:21,196.6,196.05,960,196.7,640,0,68880
FINNIFTY02JAN2421650PE.NFO,02/01/2024,09:31:22,196.6,195.6,560,196.2,920,0,68880
FINNIFTY02JAN2421650PE.NFO,02/01/2024,09:31:23,195,194.8,920,195.5,1200,560,68880
FINNIFTY02JAN2421650PE.NFO,02/01/2024,09:31:24,195.75,195.15,280,195.75,680,40,68880
FINNIFTY02JAN2421650PE.NFO,02/01/2024,09:31:26,194.15,192.4,240,192.95,640,40,68880
FINNIFTY02JAN2421650PE.NFO,02/01/2024,09:31:26,194.15,192.1,400,192.65,800,0,68880
FINNIFTY02JAN2421650PE.NFO,02/01/2024,09:31:27,194.15,192.35,840,192.95,960,0,68880
FINNIFTY02JAN2421650PE.NFO,02/01/2024,09:31:28,194.15,192.75,240,193.4,640,0,68880
FINNIFTY02JAN2421650PE.NFO,02/01/2024,09:31:29,194.15,193.2,600,193.8,760,0,68880
FINNIFTY02JAN2421650PE.NFO,02/01/2024,09:31:31,193.75,193.25,400,193.8,680,1840,68880
FINNIFTY02JAN2421650PE.NFO,02/01/2024,09:31:32,193.75,193.8,520,194.25,280,0,68880
FINNIFTY02JAN2421650PE.NFO,02/01/2024,09:31:32,193.75,194.2,1240,194.8,280,0,68880
FINNIFTY02JAN2421650PE.NFO,02/01/2024,09:31:33,193.75,193.8,800,194.4,960,0,68880
FINNIFTY02JAN2421650PE.NFO,02/01/2024,09:31:34,193.75,195.2,760,196.1,560,0,68880
FINNIFTY02JAN2421650PE.NFO,02/01/2024,09:31:35,193.75,196.05,640,196.6,640,0,68880
FINNIFTY02JAN2421650PE.NFO,02/01/2024,09:31:36,193.75,195.7,640,196.3,440,0,68880
FINNIFTY02JAN2421650PE.NFO,02/01/2024,09:31:37,196.25,196,360,196.55,400,40,68880
FINNIFTY02JAN2421650PE.NFO,02/01/2024,09:31:38,196,196.15,360,196.6,120,80,68880
FINNIFTY02JAN2421650PE.NFO,02/01/2024,09:31:39,196.6,195.95,760,196.5,920,120,68880
FINNIFTY02JAN2421650PE.NFO,02/01/2024,09:31:40,196.6,196.5,360,197,560,0,68880
FINNIFTY02JAN2421650PE.NFO,02/01/2024,09:31:41,196.6,197,240,197.6,1960,400,68880
FINNIFTY02JAN2421650PE.NFO,02/01/2024,09:31:43,197.8,196.95,560,197.45,520,80,68880
FINNIFTY02JAN2421650PE.NFO,02/01/2024,09:31:44,197.8,196.85,240,197.4,640,0,68880
FINNIFTY02JAN2421650PE.NFO,02/01/2024,09:31:44,197.8,196.45,480,197,1080,0,68880
FINNIFTY02JAN2421650PE.NFO,02/01/2024,09:31:45,196.4,196.5,240,196.95,520,80,68880
FINNIFTY02JAN2421650PE.NFO,02/01/2024,09:31:46,196.4,195.7,520,196.4,520,0,68880
FINNIFTY02JAN2421650PE.NFO,02/01/2024,09:31:47,196.4,195.75,280,196.3,520,0,68880
FINNIFTY02JAN2421650PE.NFO,02/01/2024,09:31:48,195.95,195.15,680,195.65,760,1880,68880
FINNIFTY02JAN2421650PE.NFO,02/01/2024,09:31:49,196.05,195.1,560,195.75,880,80,68880
FINNIFTY02JAN2421650PE.NFO,02/01/2024,09:31:51,196.05,195.6,80,196.1,680,0,68880
FINNIFTY02JAN2421650PE.NFO,02/01/2024,09:31:51,196.05,195.65,560,196.15,760,0,68880
FINNIFTY02JAN2421650PE.NFO,02/01/2024,09:31:52,196.05,196.45,560,197.05,760,0,68880
FINNIFTY02JAN2421650PE.NFO,02/01/2024,09:31:53,196.05,197,680,197.6,760,0,68880
FINNIFTY02JAN2421650PE.NFO,02/01/2024,09:31:54,198.4,198.1,200,198.65,760,2440,68880
FINNIFTY02JAN2421650PE.NFO,02/01/2024,09:31:56,198.4,198.45,920,199,680,0,68880
FINNIFTY02JAN2421650PE.NFO,02/01/2024,09:31:56,198.4,198.6,80,199.15,760,0,68880
FINNIFTY02JAN2421650PE.NFO,02/01/2024,09:31:57,198.4,198.15,680,198.7,680,0,68880
FINNIFTY02JAN2421650PE.NFO,02/01/2024,09:31:58,198.4,197.25,560,197.7,240,0,68880
FINNIFTY02JAN2421650PE.NFO,02/01/2024,09:31:59,197.75,197.05,240,197.6,560,320,68880
FINNIFTY02JAN2421650PE.NFO,02/01/2024,09:32:00,197.75,197.5,800,198.1,480,0,68880
FINNIFTY02JAN2421650PE.NFO,02/01/2024,09:32:02,197.75,197.6,520,198.2,720,0,68880
FINNIFTY02JAN2421650PE.NFO,02/01/2024,09:32:02,197.75,197.65,240,198.3,1720,0,68880
FINNIFTY02JAN2421650PE.NFO,02/01/2024,09:32:03,197.75,198.4,560,199,720,0,68880
FINNIFTY02JAN2421650PE.NFO,02/01/2024,09:32:04,200,199.55,560,200,680,160,68880
FINNIFTY02JAN2421650PE.NFO,02/01/2024,09:32:05,200,199,80,199.55,680,0,68880
FINNIFTY02JAN2421650PE.NFO,02/01/2024,09:32:07,200,199.7,560,200.3,680,0,68880
FINNIFTY02JAN2421650PE.NFO,02/01/2024,09:32:07,200,198.85,560,199.5,800,0,68880
FINNIFTY02JAN2421650PE.NFO,02/01/2024,09:32:08,199.5,199.9,560,200.45,760,1440,68880
FINNIFTY02JAN2421650PE.NFO,02/01/2024,09:32:09,200,199.75,560,200.45,680,40,68880
FINNIFTY02JAN2421650PE.NFO,02/01/2024,09:32:10,200,198.95,600,199.65,680,0,68880
FINNIFTY02JAN2421650PE.NFO,02/01/2024,09:32:11,200,198.6,1360,199.2,680,0,68880
FINNIFTY02JAN2421650PE.NFO,02/01/2024,09:32:13,200,196.7,760,197.25,680,0,68880
FINNIFTY02JAN2421650PE.NFO,02/01/2024,09:32:13,200,196.85,600,197.45,680,0,68880
FINNIFTY02JAN2421650PE.NFO,02/01/2024,09:32:14,200,198.2,280,198.8,1000,0,68880
FINNIFTY02JAN2421650PE.NFO,02/01/2024,09:32:15,200,199.2,560,199.7,240,0,68880
FINNIFTY02JAN2421650PE.NFO,02/01/2024,09:32:16,200,199.5,800,200.15,680,0,68880
FINNIFTY02JAN2421650PE.NFO,02/01/2024,09:32:18,200.4,200.45,560,201,720,80,68880
FINNIFTY02JAN2421650PE.NFO,02/01/2024,09:32:18,200.4,200.3,360,200.85,840,0,68880
FINNIFTY02JAN2421650PE.NFO,02/01/2024,09:32:19,202.3,202.5,120,202.95,440,720,68880
FINNIFTY02JAN2421650PE.NFO,02/01/2024,09:32:20,202.5,202.05,560,202.7,800,120,68880
FINNIFTY02JAN2421650PE.NFO,02/01/2024,09:32:21,202.1,201.75,520,202.3,440,40,68880
FINNIFTY02JAN2421650PE.NFO,02/01/2024,09:32:22,202.1,201.55,480,202.05,240,0,68880
FINNIFTY02JAN2421650PE.NFO,02/01/2024,09:32:23,202.1,202.7,240,203.15,240,0,68880
FINNIFTY02JAN2421650PE.NFO,02/01/2024,09:32:24,202.1,202.5,1040,203.15,760,0,68880
FINNIFTY02JAN2421650PE.NFO,02/01/2024,09:32:26,202.1,202.9,360,203.5,680,0,68880
FINNIFTY02JAN2421650PE.NFO,02/01/2024,09:32:26,202.1,202.25,560,202.75,680,0,68880
FINNIFTY02JAN2421650PE.NFO,02/01/2024,09:32:27,202.3,201.35,560,202,960,40,68880
FINNIFTY02JAN2421650PE.NFO,02/01/2024,09:32:28,200.75,200.7,560,201.4,1320,120,68880
FINNIFTY02JAN2421650PE.NFO,02/01/2024,09:32:29,200.5,200,680,200.6,560,1800,74640
FINNIFTY02JAN2421650PE.NFO,02/01/2024,09:32:30,200.95,200.05,600,200.65,600,120,74640
FINNIFTY02JAN2421650PE.NFO,02/01/2024,09:32:31,200.35,200.15,440,200.75,480,40,74640
FINNIFTY02JAN2421650PE.NFO,02/01/2024,09:32:32,200.75,200.5,640,201.05,160,40,74640
FINNIFTY02JAN2421650PE.NFO,02/01/2024,09:32:34,200.75,200.55,280,201.15,840,0,74640
FINNIFTY02JAN2421650PE.NFO,02/01/2024,09:32:34,200.75,200.35,680,200.9,600,0,74640
FINNIFTY02JAN2421650PE.NFO,02/01/2024,09:32:35,200.75,200.9,280,201.45,240,0,74640
FINNIFTY02JAN2421650PE.NFO,02/01/2024,09:32:36,201.1,201.3,720,201.9,600,40,74640
FINNIFTY02JAN2421650PE.NFO,02/01/2024,09:32:37,202.15,202.1,600,202.7,240,160,74640
FINNIFTY02JAN2421650PE.NFO,02/01/2024,09:32:38,202.15,202.4,1040,203.05,520,0,74640
FINNIFTY02JAN2421650PE.NFO,02/01/2024,09:32:39,203.3,202.8,520,203.35,720,120,74640
FINNIFTY02JAN2421650PE.NFO,02/01/2024,09:32:40,203.45,202.95,840,203.5,280,40,74640
FINNIFTY02JAN2421650PE.NFO,02/01/2024,09:32:41,202.5,202.15,280,202.7,640,400,74640
FINNIFTY02JAN2421650PE.NFO,02/01/2024,09:32:42,202.5,202.4,1200,203,160,0,74640
FINNIFTY02JAN2421650PE.NFO,02/01/2024,09:32:43,202.5,203.4,840,203.95,520,0,74640
FINNIFTY02JAN2421650PE.NFO,02/01/2024,09:32:44,203.4,202.55,360,203.1,280,480,74640
FINNIFTY02JAN2421650PE.NFO,02/01/2024,09:32:45,203.05,203,280,203.65,1040,40,74640
FINNIFTY02JAN2421650PE.NFO,02/01/2024,09:32:46,203.05,203,320,203.55,360,0,74640
FINNIFTY02JAN2421650PE.NFO,02/01/2024,09:32:47,203,202.35,440,202.9,720,400,74640
FINNIFTY02JAN2421650PE.NFO,02/01/2024,09:32:48,201.7,201.05,640,201.6,360,680,74640
FINNIFTY02JAN2421650PE.NFO,02/01/2024,09:32:49,201.7,201.3,680,201.85,240,0,74640
FINNIFTY02JAN2421650PE.NFO,02/01/2024,09:32:50,201.7,200.2,640,200.75,360,0,74640
FINNIFTY02JAN2421650PE.NFO,02/01/2024,09:32:51,201.7,201.5,1200,202.15,960,0,74640
FINNIFTY02JAN2421650PE.NFO,02/01/2024,09:32:52,201.7,201.6,400,202.1,800,0,74640
FINNIFTY02JAN2421650PE.NFO,02/01/2024,09:32:53,203.2,201.75,640,202.35,520,120,74640
FINNIFTY02JAN2421650PE.NFO,02/01/2024,09:32:54,203.2,201.1,640,201.65,360,0,74640
FINNIFTY02JAN2421650PE.NFO,02/01/2024,09:32:55,203.2,201.35,680,201.95,920,0,74640
FINNIFTY02JAN2421650PE.NFO,02/01/2024,09:32:56,201.7,201.65,640,202.25,560,160,74640
FINNIFTY02JAN2421650PE.NFO,02/01/2024,09:32:57,201.7,201.55,280,202.1,1440,40,74640
FINNIFTY02JAN2421650PE.NFO,02/01/2024,09:32:58,201.15,201.3,880,201.95,640,40,74640
FINNIFTY02JAN2421650PE.NFO,02/01/2024,09:32:59,201.15,200.05,560,200.6,560,0,74640
FINNIFTY02JAN2421650PE.NFO,02/01/2024,09:33:00,201.15,200,1800,200.3,560,0,74640
FINNIFTY02JAN2421650PE.NFO,02/01/2024,09:33:01,200,199.65,720,200.15,200,3640,74640
FINNIFTY02JAN2421650PE.NFO,02/01/2024,09:33:02,200.2,199.5,280,199.95,40,120,74640
FINNIFTY02JAN2421650PE.NFO,02/01/2024,09:33:03,200.2,199.75,280,200.2,920,0,74640
FINNIFTY02JAN2421650PE.NFO,02/01/2024,09:33:04,200.2,199.95,720,200.35,560,0,74640
FINNIFTY02JAN2421650PE.NFO,02/01/2024,09:33:05,200.2,199.7,1440,200.35,560,0,74640
FINNIFTY02JAN2421650PE.NFO,02/01/2024,09:33:07,199.95,199.95,760,200.5,560,360,74640
FINNIFTY02JAN2421650PE.NFO,02/01/2024,09:33:08,199.95,200.6,760,201.2,560,0,74640
FINNIFTY02JAN2421650PE.NFO,02/01/2024,09:33:08,199.95,200.2,1040,200.75,360,0,74640
FINNIFTY02JAN2421650PE.NFO,02/01/2024,09:33:09,199.95,200.1,480,200.6,280,400,74640
FINNIFTY02JAN2421650PE.NFO,02/01/2024,09:33:10,199.95,200.35,760,200.95,560,0,74640
FINNIFTY02JAN2421650PE.NFO,02/01/2024,09:33:12,199.95,200.75,760,201.3,680,0,74640
FINNIFTY02JAN2421650PE.NFO,02/01/2024,09:33:13,199.95,201.05,560,201.7,560,0,74640
FINNIFTY02JAN2421650PE.NFO,02/01/2024,09:33:14,199.95,201.75,760,202.35,680,0,74640
FINNIFTY02JAN2421650PE.NFO,02/01/2024,09:33:15,199.95,203.05,760,203.6,560,0,74640
FINNIFTY02JAN2421650PE.NFO,02/01/2024,09:33:16,203.7,204.1,760,204.75,600,120,74640
FINNIFTY02JAN2421650PE.NFO,02/01/2024,09:33:18,203.7,203.5,520,204.1,280,0,74640
FINNIFTY02JAN2421650PE.NFO,02/01/2024,09:33:19,203.7,202.35,1240,203,720,0,74640
FINNIFTY02JAN2421650PE.NFO,02/01/2024,09:33:19,203.7,202.6,680,203.2,560,0,74640
FINNIFTY02JAN2421650PE.NFO,02/01/2024,09:33:20,203.7,203.05,720,203.7,960,0,74640
FINNIFTY02JAN2421650PE.NFO,02/01/2024,09:33:21,202.55,202.5,720,203.15,800,80,74640
FINNIFTY02JAN2421650PE.NFO,02/01/2024,09:33:23,202.55,203.15,960,203.8,1280,0,74640
FINNIFTY02JAN2421650PE.NFO,02/01/2024,09:33:24,202.55,203.7,680,204.35,920,0,74640
FINNIFTY02JAN2421650PE.NFO,02/01/2024,09:33:24,202.55,204,400,204.6,960,0,74640
FINNIFTY02JAN2421650PE.NFO,02/01/2024,09:33:25,202.55,205.05,400,205.7,40,0,74640
FINNIFTY02JAN2421650PE.NFO,02/01/2024,09:33:26,202.55,204.55,680,205.2,280,0,74640
FINNIFTY02JAN2421650PE.NFO,02/01/2024,09:33:28,202.55,204.85,400,205.45,840,0,74640
FINNIFTY02JAN2421650PE.NFO,02/01/2024,09:33:29,205.35,204.7,680,205.3,840,920,74640
FINNIFTY02JAN2421650PE.NFO,02/01/2024,09:33:29,205.35,204.6,800,205.2,840,0,74640
FINNIFTY02JAN2421650PE.NFO,02/01/2024,09:33:30,204.2,203.55,680,204.1,280,40,74640
FINNIFTY02JAN2421650PE.NFO,02/01/2024,09:33:31,204.1,203.35,1280,204,680,800,74640
FINNIFTY02JAN2421650PE.NFO,02/01/2024,09:33:33,202.55,202.1,720,202.65,80,40,74640
FINNIFTY02JAN2421650PE.NFO,02/01/2024,09:33:34,202.55,202.75,720,203.3,120,0,74640
FINNIFTY02JAN2421650PE.NFO,02/01/2024,09:33:34,202.55,202.95,720,203.5,120,0,74640
FINNIFTY02JAN2421650PE.NFO,02/01/2024,09:33:35,203.7,203.45,720,204,560,40,74640
FINNIFTY02JAN2421650PE.NFO,02/01/2024,09:33:36,203.3,203.25,840,203.85,680,160,74640
FINNIFTY02JAN2421650PE.NFO,02/01/2024,09:33:37,203.85,201.55,280,202.1,960,320,74640
FINNIFTY02JAN2421650PE.NFO,02/01/2024,09:33:39,203.85,201.95,280,202.45,560,0,74640
FINNIFTY02JAN2421650PE.NFO,02/01/2024,09:33:40,203.85,202.35,720,202.95,760,0,74640
FINNIFTY02JAN2421650PE.NFO,02/01/2024,09:33:40,203.85,202.15,720,202.75,640,0,74640
FINNIFTY02JAN2421650PE.NFO,02/01/2024,09:33:41,203.85,202.95,440,203.5,640,0,74640
FINNIFTY02JAN2421650PE.NFO,02/01/2024,09:33:42,202.45,201.75,320,202.3,640,120,74640
FINNIFTY02JAN2421650PE.NFO,02/01/2024,09:33:44,201,200.6,280,200.9,560,40,74640
FINNIFTY02JAN2421650PE.NFO,02/01/2024,09:33:45,201,200.3,480,200.9,560,0,74640
FINNIFTY02JAN2421650PE.NFO,02/01/2024,09:33:45,201,200.05,520,200.65,560,0,74640
FINNIFTY02JAN2421650PE.NFO,02/01/2024,09:33:46,200.6,201.2,480,201.75,560,440,74640
FINNIFTY02JAN2421650PE.NFO,02/01/2024,09:33:47,200.6,200.85,280,201.4,680,0,74640
FINNIFTY02JAN2421650PE.NFO,02/01/2024,09:33:48,200.6,200.6,760,201.2,480,0,74640
FINNIFTY02JAN2421650PE.NFO,02/01/2024,09:33:49,200.6,199.6,1080,200.25,560,0,74640
FINNIFTY02JAN2421650PE.NFO,02/01/2024,09:33:50,198.8,198.1,280,198.6,400,80,74640
FINNIFTY02JAN2421650PE.NFO,02/01/2024,09:33:51,198.4,198.1,480,198.65,560,40,74640
FINNIFTY02JAN2421650PE.NFO,02/01/2024,09:33:52,197.25,196.65,560,197.4,400,80,74640
FINNIFTY02JAN2421650PE.NFO,02/01/2024,09:33:53,197.25,196.45,280,196.85,40,0,74640
FINNIFTY02JAN2421650PE.NFO,02/01/2024,09:33:54,197.25,197.25,440,197.8,560,0,74640
FINNIFTY02JAN2421650PE.NFO,02/01/2024,09:33:55,197.25,197.2,440,197.7,40,0,74640
FINNIFTY02JAN2421650PE.NFO,02/01/2024,09:33:56,197.2,196.95,560,197.5,560,40,74640
FINNIFTY02JAN2421650PE.NFO,02/01/2024,09:33:57,197.2,197.4,560,197.9,560,0,74640
FINNIFTY02JAN2421650PE.NFO,02/01/2024,09:33:58,197.2,197.25,440,197.75,560,0,74640
FINNIFTY02JAN2421650PE.NFO,02/01/2024,09:33:59,197.2,198.05,440,198.65,560,0,74640
FINNIFTY02JAN2421650PE.NFO,02/01/2024,09:34:01,198.3,197.35,480,198.1,480,240,74640
FINNIFTY02JAN2421650PE.NFO,02/01/2024,09:34:02,198.3,198.95,440,199.5,560,0,74640
FINNIFTY02JAN2421650PE.NFO,02/01/2024,09:34:02,198.3,198.75,560,199.45,160,0,74640
FINNIFTY02JAN2421650PE.NFO,02/01/2024,09:34:03,198.3,199.15,440,199.7,560,0,74640
FINNIFTY02JAN2421650PE.NFO,02/01/2024,09:34:04,198.9,198.95,320,199.45,320,1240,74640
FINNIFTY02JAN2421650PE.NFO,02/01/2024,09:34:06,198.9,199.35,440,199.9,80,0,74640
FINNIFTY02JAN2421650PE.NFO,02/01/2024,09:34:07,198.9,199.5,440,200.05,240,0,74640
FINNIFTY02JAN2421650PE.NFO,02/01/2024,09:34:08,198.9,199.9,560,200.45,480,0,74640
FINNIFTY02JAN2421650PE.NFO,02/01/2024,09:34:08,198.9,200.25,160,200.7,320,0,74640
FINNIFTY02JAN2421650PE.NFO,02/01/2024,09:34:09,198.9,199.9,440,200.45,800,0,74640
FINNIFTY02JAN2421650PE.NFO,02/01/2024,09:34:10,198.9,200.25,280,200.8,600,0,74640
FINNIFTY02JAN2421650PE.NFO,02/01/2024,09:34:11,198.9,200.45,560,200.95,440,0,74640
FINNIFTY02JAN2421650PE.NFO,02/01/2024,09:34:13,198.9,200.05,560,200.65,440,0,74640
FINNIFTY02JAN2421650PE.NFO,02/01/2024,09:34:14,198.9,199.7,160,200.25,400,0,74640
FINNIFTY02JAN2421650PE.NFO,02/01/2024,09:34:14,198.9,199.8,440,200.3,280,0,74640
FINNIFTY02JAN2421650PE.NFO,02/01/2024,09:34:15,198.9,199.9,440,200.5,280,0,74640
FINNIFTY02JAN2421650PE.NFO,02/01/2024,09:34:16,198.9,200.25,560,200.8,560,0,74640
FINNIFTY02JAN2421650PE.NFO,02/01/2024,09:34:18,200.4,200.25,400,200.8,560,40,74640
FINNIFTY02JAN2421650PE.NFO,02/01/2024,09:34:19,200.4,201.65,560,202.2,640,0,74640
FINNIFTY02JAN2421650PE.NFO,02/01/2024,09:34:19,200.4,201.65,40,202.05,280,0,74640
FINNIFTY02JAN2421650PE.NFO,02/01/2024,09:34:20,201.65,200.8,1320,201.5,640,40,74640
FINNIFTY02JAN2421650PE.NFO,02/01/2024,09:34:21,201.65,202.15,440,202.6,160,0,74640
FINNIFTY02JAN2421650PE.NFO,02/01/2024,09:34:23,203.2,202.6,440,203.2,200,1480,74640
FINNIFTY02JAN2421650PE.NFO,02/01/2024,09:34:24,203.2,203.5,840,204.2,600,0,74640
FINNIFTY02JAN2421650PE.NFO,02/01/2024,09:34:25,203.2,204.55,160,205,280,0,74640
FINNIFTY02JAN2421650PE.NFO,02/01/2024,09:34:26,204.6,204.6,560,205.05,440,40,74640
FINNIFTY02JAN2421650PE.NFO,02/01/2024,09:34:27,204.8,204.4,200,204.9,280,40,74640
FINNIFTY02JAN2421650PE.NFO,02/01/2024,09:34:27,204.8,204.1,560,204.65,440,0,74640
FINNIFTY02JAN2421650PE.NFO,02/01/2024,09:34:28,204.55,203.4,560,204,1120,840,74640
FINNIFTY02JAN2421650PE.NFO,02/01/2024,09:34:29,204.55,204.5,600,205.1,560,0,74640
FINNIFTY02JAN2421650PE.NFO,02/01/2024,09:34:30,204.55,204.65,160,205.2,1120,0,74640
FINNIFTY02JAN2421650PE.NFO,02/01/2024,09:34:31,204.55,204.3,800,204.8,280,0,74640
FINNIFTY02JAN2421650PE.NFO,02/01/2024,09:34:32,204.55,203.55,440,204.1,560,0,74640
FINNIFTY02JAN2421650PE.NFO,02/01/2024,09:34:34,203.65,203.15,560,203.7,600,160,74640
FINNIFTY02JAN2421650PE.NFO,02/01/2024,09:34:34,203.65,203.1,1320,203.7,560,0,74640
FINNIFTY02JAN2421650PE.NFO,02/01/2024,09:34:35,203.65,203.25,440,203.7,560,0,74640
FINNIFTY02JAN2421650PE.NFO,02/01/2024,09:34:36,203.65,203,1360,203.6,280,0,74640
FINNIFTY02JAN2421650PE.NFO,02/01/2024,09:34:37,203.65,202.75,560,203.3,520,0,74640
FINNIFTY02JAN2421650PE.NFO,02/01/2024,09:34:38,204.3,203.55,560,204.15,1120,40,74640
FINNIFTY02JAN2421650PE.NFO,02/01/2024,09:34:39,204.3,203.9,320,204.35,280,0,74640
FINNIFTY02JAN2421650PE.NFO,02/01/2024,09:34:40,204.3,204.1,280,204.6,440,0,74640
FINNIFTY02JAN2421650PE.NFO,02/01/2024,09:34:41,202.85,202.1,920,202.7,440,880,74640
FINNIFTY02JAN2421650PE.NFO,02/01/2024,09:34:42,202.85,201.25,400,201.8,280,0,74640
FINNIFTY02JAN2421650PE.NFO,02/01/2024,09:34:43,202.85,201.25,1080,201.9,560,0,74640
FINNIFTY02JAN2421650PE.NFO,02/01/2024,09:34:44,202.85,202.05,480,202.5,560,0,74640
FINNIFTY02JAN2421650PE.NFO,02/01/2024,09:34:45,202.85,201.9,520,202.45,840,0,74640
FINNIFTY02JAN2421650PE.NFO,02/01/2024,09:34:46,202.85,201.6,760,202.25,1000,0,74640
FINNIFTY02JAN2421650PE.NFO,02/01/2024,09:34:47,201.85,201.85,560,202.45,1080,120,74640
FINNIFTY02JAN2421650PE.NFO,02/01/2024,09:34:48,201.85,201.55,800,202.15,840,0,74640
FINNIFTY02JAN2421650PE.NFO,02/01/2024,09:34:49,202.65,202.1,480,202.7,720,80,74640
FINNIFTY02JAN2421650PE.NFO,02/01/2024,09:34:50,202.65,201.95,520,202.5,560,0,74640
FINNIFTY02JAN2421650PE.NFO,02/01/2024,09:34:51,202.65,202.75,160,203.3,560,0,74640
FINNIFTY02JAN2421650PE.NFO,02/01/2024,09:34:52,203.6,202.85,280,203.4,440,200,74640
FINNIFTY02JAN2421650PE.NFO,02/01/2024,09:34:53,203.6,203.5,840,204.1,560,0,74640
FINNIFTY02JAN2421650PE.NFO,02/01/2024,09:34:55,203.6,203.1,280,203.65,240,840,74640
FINNIFTY02JAN2421650PE.NFO,02/01/2024,09:34:56,203.6,203.45,280,204,240,0,74640
FINNIFTY02JAN2421650PE.NFO,02/01/2024,09:34:57,203.6,202.45,400,203,80,40,74640
FINNIFTY02JAN2421650PE.NFO,02/01/2024,09:34:57,203.6,202.75,400,203.3,560,0,74640
FINNIFTY02JAN2421650PE.NFO,02/01/2024,09:34:58,203.6,201.65,240,202.05,160,0,74640
FINNIFTY02JAN2421650PE.NFO,02/01/2024,09:34:59,201.3,201.05,240,201.55,400,1200,74640
FINNIFTY02JAN2421650PE.NFO,02/01/2024,09:35:00,199.8,199.55,240,200.15,400,80,74640
FINNIFTY02JAN2421650PE.NFO,02/01/2024,09:35:01,199.8,199.65,240,200.15,360,0,74640
FINNIFTY02JAN2421650PE.NFO,02/01/2024,09:35:02,199.8,200.2,440,200.8,160,0,74640
FINNIFTY02JAN2421650PE.NFO,02/01/2024,09:35:03,199.8,199.35,400,199.95,520,0,74640
FINNIFTY02JAN2421650PE.NFO,02/01/2024,09:35:04,198.3,198.2,160,198.75,520,160,74640
