Ticker,Date,Time,LTP,BuyPrice,BuyQty,SellPrice,SellQty,LTQ,OpenInterest
FINNIFTY02JAN2419200PE.NFO,02/01/2024,09:15:15,0.25,0.2,720,0.45,1320,80,33760
FINNIFTY02JAN2419200PE.NFO,02/01/2024,09:15:15,0.2,0.2,720,0.45,1320,0,33760
FINNIFTY02JAN2419200PE.NFO,02/01/2024,09:15:15,0.25,0.2,720,0.45,1320,0,33760
FINNIFTY02JAN2419200PE.NFO,02/01/2024,09:15:15,0.2,0.2,720,0.45,1320,0,33760
FINNIFTY02JAN2419200PE.NFO,02/01/2024,09:15:27,0.2,0.15,10840,0.25,7680,720,33760
FINNIFTY02JAN2419200PE.NFO,02/01/2024,09:15:39,0.2,0.2,160,0.25,7680,840,33760
FINNIFTY02JAN2419200PE.NFO,02/01/2024,09:16:12,0.2,0.15,10840,0.25,8520,160,33760
FINNIFTY02JAN2419200PE.NFO,02/01/2024,09:16:21,0.2,0.2,400,0.25,9360,0,33760
FINNIFTY02JAN2419200PE.NFO,02/01/2024,09:16:50,0.2,0.2,320,0.25,9360,80,33760
FINNIFTY02JAN2419200PE.NFO,02/01/2024,09:17:00,0.2,0.2,320,0.25,9360,0,33760
FINNIFTY02JAN2419200PE.NFO,02/01/2024,09:17:10,0.2,0.2,320,0.25,9600,0,33760
FINNIFTY02JAN2419200PE.NFO,02/01/2024,09:17:29,0.2,0.2,120,0.25,9600,200,33760
FINNIFTY02JAN2419200PE.NFO,02/01/2024,09:17:38,0.2,0.2,120,0.25,9600,0,33760
FINNIFTY02JAN2419200PE.NFO,02/01/2024,09:17:57,0.2,0.2,120,0.25,9520,0,33760
FINNIFTY02JAN2419200PE.NFO,02/01/2024,09:18:36,0.2,0.2,120,0.25,10120,0,33760
FINNIFTY02JAN2419200PE.NFO,02/01/2024,09:18:45,0.2,0.15,22480,0.2,840,120,33760
FINNIFTY02JAN2419200PE.NFO,02/01/2024,09:18:55,0.2,0.15,22480,0.2,480,0,33760
FINNIFTY02JAN2419200PE.NFO,02/01/2024,09:19:05,0.2,0.15,22480,0.2,1040,0,33760
FINNIFTY02JAN2419200PE.NFO,02/01/2024,09:19:25,0.2,0.15,22480,0.25,10760,400,33760
FINNIFTY02JAN2419200PE.NFO,02/01/2024,09:19:35,0.2,0.15,22480,0.25,11560,0,33760
FINNIFTY02JAN2419200PE.NFO,02/01/2024,09:19:45,0.2,0.15,22480,0.2,960,0,33760
FINNIFTY02JAN2419200PE.NFO,02/01/2024,09:20:05,0.2,0.15,22880,0.2,960,0,33760
FINNIFTY02JAN2419200PE.NFO,02/01/2024,09:20:16,0.2,0.15,22880,0.25,10920,0,33760
FINNIFTY02JAN2419200PE.NFO,02/01/2024,09:20:26,0.2,0.2,400,0.25,11560,0,33760
FINNIFTY02JAN2419200PE.NFO,02/01/2024,09:20:54,0.2,0.15,22480,0.2,1400,400,33760
FINNIFTY02JAN2419200PE.NFO,02/01/2024,09:21:04,0.2,0.15,22480,0.2,1960,0,33760
FINNIFTY02JAN2419200PE.NFO,02/01/2024,09:21:14,0.2,0.15,23840,0.2,1560,1040,33760
FINNIFTY02JAN2419200PE.NFO,02/01/2024,09:21:24,0.2,0.15,23880,0.2,200,320,33760
FINNIFTY02JAN2419200PE.NFO,02/01/2024,09:21:35,0.2,0.15,23400,0.25,11920,1080,33760
FINNIFTY02JAN2419200PE.NFO,02/01/2024,09:21:35,0.15,0.15,23400,0.25,11920,0,33760
FINNIFTY02JAN2419200PE.NFO,02/01/2024,09:21:45,0.2,0.15,23400,0.2,2960,0,33760
FINNIFTY02JAN2419200PE.NFO,02/01/2024,09:21:55,0.2,0.15,23840,0.2,2960,0,33760
FINNIFTY02JAN2419200PE.NFO,02/01/2024,09:22:40,0.2,0.15,22520,0.2,3520,0,33760
FINNIFTY02JAN2419200PE.NFO,02/01/2024,09:22:50,0.2,0.15,22520,0.2,4000,0,33760
FINNIFTY02JAN2419200PE.NFO,02/01/2024,09:23:18,0.2,0.15,22520,0.2,3600,400,33760
FINNIFTY02JAN2419200PE.NFO,02/01/2024,09:23:28,0.2,0.15,20880,0.2,3840,0,33760
FINNIFTY02JAN2419200PE.NFO,02/01/2024,09:23:37,0.25,0.2,1840,0.25,13000,3960,33960
FINNIFTY02JAN2419200PE.NFO,02/01/2024,09:23:56,0.25,0.2,2480,0.25,12840,160,33960
FINNIFTY02JAN2419200PE.NFO,02/01/2024,09:24:05,0.25,0.2,2480,0.25,12400,440,33960
FINNIFTY02JAN2419200PE.NFO,02/01/2024,09:24:14,0.25,0.2,2480,0.25,12320,80,33960
FINNIFTY02JAN2419200PE.NFO,02/01/2024,09:24:24,0.25,0.2,2480,0.25,12240,80,33960
FINNIFTY02JAN2419200PE.NFO,02/01/2024,09:24:54,0.25,0.2,2480,0.25,12120,120,33960
FINNIFTY02JAN2419200PE.NFO,02/01/2024,09:25:04,0.25,0.2,3160,0.25,11880,280,33960
FINNIFTY02JAN2419200PE.NFO,02/01/2024,09:25:15,0.25,0.2,3160,0.25,11880,80,33960
FINNIFTY02JAN2419200PE.NFO,02/01/2024,09:25:26,0.25,0.2,3160,0.25,11520,360,33960
FINNIFTY02JAN2419200PE.NFO,02/01/2024,09:25:36,0.25,0.2,3160,0.25,10960,560,33960
FINNIFTY02JAN2419200PE.NFO,02/01/2024,09:25:46,0.25,0.2,3160,0.25,9080,1880,33960
FINNIFTY02JAN2419200PE.NFO,02/01/2024,09:25:55,0.25,0.2,3160,0.25,7480,1600,33960
FINNIFTY02JAN2419200PE.NFO,02/01/2024,09:26:05,0.25,0.2,3160,0.25,5200,2280,33960
FINNIFTY02JAN2419200PE.NFO,02/01/2024,09:26:15,0.25,0.2,3160,0.25,4600,1320,33960
FINNIFTY02JAN2419200PE.NFO,02/01/2024,09:26:25,0.25,0.2,2680,0.25,2680,2400,33960
FINNIFTY02JAN2419200PE.NFO,02/01/2024,09:26:35,0.25,0.2,2680,0.25,2560,0,33960
FINNIFTY02JAN2419200PE.NFO,02/01/2024,09:26:46,0.2,0.2,1880,0.25,2560,800,35560
FINNIFTY02JAN2419200PE.NFO,02/01/2024,09:26:57,0.2,0.15,20920,0.2,1680,2520,35560
FINNIFTY02JAN2419200PE.NFO,02/01/2024,09:27:07,0.15,0.15,20800,0.2,1680,120,35560
FINNIFTY02JAN2419200PE.NFO,02/01/2024,09:27:17,0.15,0.15,20680,0.2,1680,120,35560
FINNIFTY02JAN2419200PE.NFO,02/01/2024,09:27:27,0.15,0.15,20680,0.2,1680,0,35560
FINNIFTY02JAN2419200PE.NFO,02/01/2024,09:27:57,0.2,0.15,20680,0.2,1400,280,35560
FINNIFTY02JAN2419200PE.NFO,02/01/2024,09:28:07,0.2,0.15,20680,0.2,1200,200,35560
FINNIFTY02JAN2419200PE.NFO,02/01/2024,09:28:17,0.2,0.15,20760,0.25,2240,1000,35560
FINNIFTY02JAN2419200PE.NFO,02/01/2024,09:28:28,0.25,0.2,1560,0.25,3360,680,35560
FINNIFTY02JAN2419200PE.NFO,02/01/2024,09:28:41,0.2,0.2,1120,0.25,3360,440,35560
FINNIFTY02JAN2419200PE.NFO,02/01/2024,09:28:54,0.25,0.2,1320,0.25,2640,800,35560
FINNIFTY02JAN2419200PE.NFO,02/01/2024,09:29:05,0.25,0.2,1440,0.25,1080,2080,35560
FINNIFTY02JAN2419200PE.NFO,02/01/2024,09:29:15,0.25,0.2,1440,0.25,1080,0,35560
FINNIFTY02JAN2419200PE.NFO,02/01/2024,09:29:28,0.25,0.2,1440,0.25,1280,0,35560
FINNIFTY02JAN2419200PE.NFO,02/01/2024,09:29:38,0.25,0.2,1440,0.25,1480,0,35560
FINNIFTY02JAN2419200PE.NFO,02/01/2024,09:29:48,0.25,0.2,8640,0.25,1480,0,35560
FINNIFTY02JAN2419200PE.NFO,02/01/2024,09:30:38,0.2,0.2,8560,0.25,1480,80,38080
FINNIFTY02JAN2419200PE.NFO,02/01/2024,09:30:58,0.25,0.2,8480,0.25,880,680,38080
FINNIFTY02JAN2419200PE.NFO,02/01/2024,09:31:20,0.25,0.2,8600,0.25,960,280,38080
FINNIFTY02JAN2419200PE.NFO,02/01/2024,09:31:39,0.2,0.2,8560,0.25,960,40,38080
FINNIFTY02JAN2419200PE.NFO,02/01/2024,09:31:49,0.2,0.2,8440,0.25,960,120,38080
FINNIFTY02JAN2419200PE.NFO,02/01/2024,09:32:08,0.3,0.2,9040,0.3,120,560,38080
FINNIFTY02JAN2419200PE.NFO,02/01/2024,09:32:08,0.3,0.2,9040,0.3,120,0,38080
FINNIFTY02JAN2419200PE.NFO,02/01/2024,09:32:18,0.3,0.2,8920,0.3,640,0,38080
FINNIFTY02JAN2419200PE.NFO,02/01/2024,09:32:28,0.3,0.2,8960,0.3,640,0,38080
FINNIFTY02JAN2419200PE.NFO,02/01/2024,09:32:37,0.3,0.2,8920,0.3,640,0,38080
FINNIFTY02JAN2419200PE.NFO,02/01/2024,09:32:58,0.3,0.2,8960,0.3,640,0,38080
FINNIFTY02JAN2419200PE.NFO,02/01/2024,09:33:07,0.3,0.2,8920,0.3,640,0,38080
FINNIFTY02JAN2419200PE.NFO,02/01/2024,09:33:17,0.25,0.2,8360,0.3,440,1040,38560
FINNIFTY02JAN2419200PE.NFO,02/01/2024,09:33:26,0.25,0.2,9360,0.3,560,520,38560
FINNIFTY02JAN2419200PE.NFO,02/01/2024,09:33:36,0.25,0.2,9360,0.3,560,520,38560
FINNIFTY02JAN2419200PE.NFO,02/01/2024,09:33:45,0.25,0.2,9360,0.3,2440,120,38560
FINNIFTY02JAN2419200PE.NFO,02/01/2024,09:34:05,0.25,0.2,9680,0.3,2840,600,38560
FINNIFTY02JAN2419200PE.NFO,02/01/2024,09:34:14,0.25,0.2,9680,0.25,30840,0,38560
FINNIFTY02JAN2419200PE.NFO,02/01/2024,09:34:23,0.25,0.2,9680,0.25,480,0,38560
FINNIFTY02JAN2419200PE.NFO,02/01/2024,09:34:59,0.25,0.2,9680,0.25,360,120,38560
FINNIFTY02JAN2419200PE.NFO,02/01/2024,09:35:08,0.25,0.2,9680,0.25,240,120,38560
FINNIFTY02JAN2419200PE.NFO,02/01/2024,09:35:17,0.25,0.2,9680,0.25,240,0,38560
FINNIFTY02JAN2419200PE.NFO,02/01/2024,09:35:27,0.25,0.2,9640,0.25,120,160,38560
FINNIFTY02JAN2419200PE.NFO,02/01/2024,09:35:46,0.25,0.2,9600,0.3,33440,320,36800
FINNIFTY02JAN2419200PE.NFO,02/01/2024,09:35:56,0.25,0.2,9600,0.25,200,0,36800
FINNIFTY02JAN2419200PE.NFO,02/01/2024,09:36:24,0.25,0.2,9600,0.3,33520,240,36800
FINNIFTY02JAN2419200PE.NFO,02/01/2024,09:36:33,0.25,0.2,10800,0.3,33520,120,36800
FINNIFTY02JAN2419200PE.NFO,02/01/2024,09:36:42,0.25,0.2,9600,0.3,33440,0,36800
FINNIFTY02JAN2419200PE.NFO,02/01/2024,09:36:51,0.25,0.2,10840,0.3,33440,120,36800
FINNIFTY02JAN2419200PE.NFO,02/01/2024,09:37:27,0.2,0.2,9560,0.3,33440,40,36800
FINNIFTY02JAN2419200PE.NFO,02/01/2024,09:38:10,0.2,0.2,9520,0.3,33440,40,36800
FINNIFTY02JAN2419200PE.NFO,02/01/2024,09:38:28,0.2,0.2,9520,0.3,33440,0,36800
FINNIFTY02JAN2419200PE.NFO,02/01/2024,09:39:25,0.2,0.2,9520,0.25,920,0,36800
FINNIFTY02JAN2419200PE.NFO,02/01/2024,09:39:44,0.2,0.2,9640,0.3,33440,1240,36760
FINNIFTY02JAN2419200PE.NFO,02/01/2024,09:39:54,0.2,0.2,9640,0.25,1160,0,36760
FINNIFTY02JAN2419200PE.NFO,02/01/2024,09:40:05,0.2,0.2,9640,0.25,1480,0,36760
FINNIFTY02JAN2419200PE.NFO,02/01/2024,09:41:07,0.2,0.2,9600,0.25,1480,40,36760
FINNIFTY02JAN2419200PE.NFO,02/01/2024,09:41:28,0.2,0.2,9560,0.25,1520,40,36760
FINNIFTY02JAN2419200PE.NFO,02/01/2024,09:42:16,0.2,0.2,9560,0.25,1520,0,36760
FINNIFTY02JAN2419200PE.NFO,02/01/2024,09:42:26,0.2,0.2,9560,0.25,1560,0,36760
FINNIFTY02JAN2419200PE.NFO,02/01/2024,09:45:07,0.2,0.2,9440,0.25,1560,120,36680
FINNIFTY02JAN2419200PE.NFO,02/01/2024,09:45:16,0.2,0.2,9440,0.25,1720,0,36680
FINNIFTY02JAN2419200PE.NFO,02/01/2024,09:45:25,0.2,0.2,9040,0.25,1720,400,36680
FINNIFTY02JAN2419200PE.NFO,02/01/2024,09:45:45,0.2,0.2,9040,0.25,1720,0,36680
FINNIFTY02JAN2419200PE.NFO,02/01/2024,09:46:04,0.25,0.2,9040,0.25,1600,120,36680
FINNIFTY02JAN2419200PE.NFO,02/01/2024,09:46:14,0.2,0.2,8840,0.25,1520,480,36680
FINNIFTY02JAN2419200PE.NFO,02/01/2024,09:46:24,0.2,0.2,8800,0.25,1520,40,36680
FINNIFTY02JAN2419200PE.NFO,02/01/2024,09:46:33,0.25,0.2,8800,0.25,1440,120,36680
FINNIFTY02JAN2419200PE.NFO,02/01/2024,09:46:52,0.25,0.2,8800,0.25,1800,0,36680
FINNIFTY02JAN2419200PE.NFO,02/01/2024,09:52:14,0.2,0.2,8760,0.25,1800,40,36760
FINNIFTY02JAN2419200PE.NFO,02/01/2024,09:52:41,0.2,0.2,8760,0.25,1800,0,36760
FINNIFTY02JAN2419200PE.NFO,02/01/2024,09:53:18,0.2,0.2,8760,0.25,2000,0,36760
FINNIFTY02JAN2419200PE.NFO,02/01/2024,09:53:55,0.2,0.2,8760,0.25,2040,0,36760
FINNIFTY02JAN2419200PE.NFO,02/01/2024,09:54:40,0.2,0.2,7360,0.25,2040,1400,36760
FINNIFTY02JAN2419200PE.NFO,02/01/2024,09:54:50,0.2,0.2,7360,0.25,5000,0,36760
FINNIFTY02JAN2419200PE.NFO,02/01/2024,09:55:01,0.2,0.2,8000,0.25,5000,480,36760
FINNIFTY02JAN2419200PE.NFO,02/01/2024,09:55:11,0.2,0.2,8000,0.25,5400,0,36760
FINNIFTY02JAN2419200PE.NFO,02/01/2024,09:56:03,0.2,0.2,7800,0.25,5400,200,36760
FINNIFTY02JAN2419200PE.NFO,02/01/2024,09:56:41,0.2,0.2,7800,0.25,5400,0,36760
FINNIFTY02JAN2419200PE.NFO,02/01/2024,09:56:53,0.2,0.2,6000,0.25,4280,680,36760
FINNIFTY02JAN2419200PE.NFO,02/01/2024,09:57:05,0.2,0.2,5920,0.25,4280,80,36760
FINNIFTY02JAN2419200PE.NFO,02/01/2024,09:57:17,0.2,0.2,7000,0.25,4280,0,36760
FINNIFTY02JAN2419200PE.NFO,02/01/2024,09:57:30,0.2,0.2,6960,0.25,4280,0,36760
FINNIFTY02JAN2419200PE.NFO,02/01/2024,09:57:54,0.2,0.2,6760,0.25,5280,200,36760
FINNIFTY02JAN2419200PE.NFO,02/01/2024,09:58:05,0.2,0.2,6760,0.25,5280,0,36760
FINNIFTY02JAN2419200PE.NFO,02/01/2024,09:58:16,0.2,0.2,6560,0.25,5280,200,36760
FINNIFTY02JAN2419200PE.NFO,02/01/2024,09:58:28,0.2,0.2,6560,0.25,6720,0,36760
FINNIFTY02JAN2419200PE.NFO,02/01/2024,09:58:41,0.2,0.2,5520,0.25,5720,0,36760
FINNIFTY02JAN2419200PE.NFO,02/01/2024,09:59:02,0.2,0.2,6520,0.25,6720,0,36760
FINNIFTY02JAN2419200PE.NFO,02/01/2024,09:59:13,0.2,0.2,6480,0.25,6680,0,36760
FINNIFTY02JAN2419200PE.NFO,02/01/2024,09:59:25,0.2,0.2,5520,0.25,5720,0,36760
FINNIFTY02JAN2419200PE.NFO,02/01/2024,09:59:58,0.2,0.2,5280,0.25,6680,240,37360
FINNIFTY02JAN2419200PE.NFO,02/01/2024,10:00:10,0.2,0.2,5080,0.25,5720,200,37360
FINNIFTY02JAN2419200PE.NFO,02/01/2024,10:00:22,0.2,0.2,4880,0.25,6680,200,37360
FINNIFTY02JAN2419200PE.NFO,02/01/2024,10:00:47,0.2,0.2,4880,0.25,6680,0,37360
FINNIFTY02JAN2419200PE.NFO,02/01/2024,10:00:57,0.2,0.2,4880,0.25,7280,0,37360
FINNIFTY02JAN2419200PE.NFO,02/01/2024,10:01:08,0.2,0.2,4000,0.25,7280,0,37360
FINNIFTY02JAN2419200PE.NFO,02/01/2024,10:03:14,0.2,0.2,3480,0.25,7280,520,37960
FINNIFTY02JAN2419200PE.NFO,02/01/2024,10:03:27,0.2,0.2,3480,0.25,7280,0,37960
FINNIFTY02JAN2419200PE.NFO,02/01/2024,10:03:50,0.2,0.2,3200,0.25,7280,280,37960
FINNIFTY02JAN2419200PE.NFO,02/01/2024,10:04:10,0.2,0.2,3200,0.25,7960,0,37960
FINNIFTY02JAN2419200PE.NFO,02/01/2024,10:04:20,0.2,0.2,3000,0.25,8120,200,37960
FINNIFTY02JAN2419200PE.NFO,02/01/2024,10:04:30,0.2,0.2,3000,0.25,8360,0,37960
FINNIFTY02JAN2419200PE.NFO,02/01/2024,10:04:41,0.2,0.2,3000,0.25,8280,0,37960
FINNIFTY02JAN2419200PE.NFO,02/01/2024,10:05:02,0.2,0.2,2520,0.25,8280,480,37960
FINNIFTY02JAN2419200PE.NFO,02/01/2024,10:05:12,0.2,0.2,2520,0.25,8280,0,37960
FINNIFTY02JAN2419200PE.NFO,02/01/2024,10:06:23,0.2,0.2,1840,0.25,8280,680,38600
FINNIFTY02JAN2419200PE.NFO,02/01/2024,10:06:34,0.2,0.2,1840,0.25,8560,0,38600
FINNIFTY02JAN2419200PE.NFO,02/01/2024,10:08:18,0.2,0.2,1800,0.25,8560,40,38600
FINNIFTY02JAN2419200PE.NFO,02/01/2024,10:08:28,0.2,0.2,1800,0.25,8560,0,38600
FINNIFTY02JAN2419200PE.NFO,02/01/2024,10:08:58,0.2,0.2,1640,0.25,8560,160,38160
FINNIFTY02JAN2419200PE.NFO,02/01/2024,10:09:08,0.2,0.2,1640,0.25,8560,0,38160
FINNIFTY02JAN2419200PE.NFO,02/01/2024,10:10:26,0.2,0.15,17080,0.2,1320,1640,38160
FINNIFTY02JAN2419200PE.NFO,02/01/2024,10:11:26,0.2,0.15,17400,0.2,1120,200,38160
FINNIFTY02JAN2419200PE.NFO,02/01/2024,10:11:35,0.2,0.15,17400,0.2,920,200,38160
FINNIFTY02JAN2419200PE.NFO,02/01/2024,10:12:12,0.2,0.15,17400,0.2,920,0,38160
FINNIFTY02JAN2419200PE.NFO,02/01/2024,10:16:43,0.2,0.15,15600,0.2,920,0,38160
FINNIFTY02JAN2419200PE.NFO,02/01/2024,10:18:58,0.2,0.15,15720,0.2,920,0,38160
FINNIFTY02JAN2419200PE.NFO,02/01/2024,10:19:08,0.2,0.15,10320,0.2,920,0,38160
FINNIFTY02JAN2419200PE.NFO,02/01/2024,10:19:17,0.2,0.15,6720,0.2,920,0,38160
FINNIFTY02JAN2419200PE.NFO,02/01/2024,10:25:57,0.2,0.15,6720,0.2,240,680,37080
FINNIFTY02JAN2419200PE.NFO,02/01/2024,10:26:07,0.2,0.2,80,0.25,8560,1560,37080
FINNIFTY02JAN2419200PE.NFO,02/01/2024,10:26:31,0.2,0.15,7520,0.25,8400,240,37080
FINNIFTY02JAN2419200PE.NFO,02/01/2024,10:26:42,0.25,0.2,920,0.25,8080,1160,37160
FINNIFTY02JAN2419200PE.NFO,02/01/2024,10:26:54,0.25,0.2,920,0.25,7800,280,37160
FINNIFTY02JAN2419200PE.NFO,02/01/2024,10:27:05,0.2,0.2,720,0.25,8000,200,37160
FINNIFTY02JAN2419200PE.NFO,02/01/2024,10:27:15,0.2,0.2,640,0.25,8000,80,37160
FINNIFTY02JAN2419200PE.NFO,02/01/2024,10:27:37,0.25,0.2,640,0.25,8000,80,37160
FINNIFTY02JAN2419200PE.NFO,02/01/2024,10:27:47,0.25,0.2,640,0.25,9800,0,37160
FINNIFTY02JAN2419200PE.NFO,02/01/2024,10:28:08,0.25,0.2,640,0.25,9720,80,37160
FINNIFTY02JAN2419200PE.NFO,02/01/2024,10:28:18,0.25,0.2,640,0.25,9720,0,37160
FINNIFTY02JAN2419200PE.NFO,02/01/2024,10:29:28,0.25,0.2,640,0.25,9440,280,37160
FINNIFTY02JAN2419200PE.NFO,02/01/2024,10:29:49,0.25,0.2,800,0.25,9840,0,37160
FINNIFTY02JAN2419200PE.NFO,02/01/2024,10:30:22,0.25,0.2,800,0.25,9760,80,37480
FINNIFTY02JAN2419200PE.NFO,02/01/2024,10:30:33,0.25,0.2,800,0.25,9680,80,37480
FINNIFTY02JAN2419200PE.NFO,02/01/2024,10:30:44,0.25,0.2,800,0.25,9280,0,37480
FINNIFTY02JAN2419200PE.NFO,02/01/2024,10:31:55,0.25,0.2,800,0.25,9160,120,37480
FINNIFTY02JAN2419200PE.NFO,02/01/2024,10:32:05,0.2,0.2,280,0.25,9560,920,37480
FINNIFTY02JAN2419200PE.NFO,02/01/2024,10:32:16,0.25,0.15,9120,0.25,9280,280,37480
FINNIFTY02JAN2419200PE.NFO,02/01/2024,10:32:56,0.2,0.2,3320,0.25,9280,200,37440
FINNIFTY02JAN2419200PE.NFO,02/01/2024,10:34:14,0.2,0.15,8320,0.25,9280,1200,37440
FINNIFTY02JAN2419200PE.NFO,02/01/2024,10:34:33,0.2,0.15,8320,0.25,9280,0,37440
FINNIFTY02JAN2419200PE.NFO,02/01/2024,10:35:33,0.2,0.2,1800,0.25,9280,0,37440
FINNIFTY02JAN2419200PE.NFO,02/01/2024,10:36:13,0.2,0.15,8320,0.25,9280,0,37440
FINNIFTY02JAN2419200PE.NFO,02/01/2024,10:36:37,0.2,0.15,8320,0.2,1720,80,38640
FINNIFTY02JAN2419200PE.NFO,02/01/2024,10:36:49,0.2,0.15,8320,0.2,1200,1320,38640
FINNIFTY02JAN2419200PE.NFO,02/01/2024,10:37:13,0.2,0.15,8320,0.2,1800,0,38640
FINNIFTY02JAN2419200PE.NFO,02/01/2024,10:40:59,0.2,0.15,8280,0.2,1800,0,38640
FINNIFTY02JAN2419200PE.NFO,02/01/2024,10:42:55,0.2,0.15,8280,0.2,2280,0,38640
FINNIFTY02JAN2419200PE.NFO,02/01/2024,10:43:28,0.2,0.15,8280,0.2,1800,0,38640
FINNIFTY02JAN2419200PE.NFO,02/01/2024,10:43:49,0.2,0.15,8280,0.2,2280,0,38640
FINNIFTY02JAN2419200PE.NFO,02/01/2024,10:44:09,0.2,0.15,8280,0.2,2080,200,38240
FINNIFTY02JAN2419200PE.NFO,02/01/2024,10:44:20,0.2,0.15,8280,0.2,2040,0,38240
FINNIFTY02JAN2419200PE.NFO,02/01/2024,10:44:30,0.2,0.15,8280,0.2,2000,0,38240
FINNIFTY02JAN2419200PE.NFO,02/01/2024,10:46:41,0.2,0.15,8280,0.2,1800,200,38040
FINNIFTY02JAN2419200PE.NFO,02/01/2024,10:47:12,0.2,0.15,7360,0.2,1320,0,38040
FINNIFTY02JAN2419200PE.NFO,02/01/2024,10:49:13,0.2,0.15,7360,0.2,1120,200,37840
FINNIFTY02JAN2419200PE.NFO,02/01/2024,10:50:48,0.2,0.15,7960,0.2,1120,0,37840
FINNIFTY02JAN2419200PE.NFO,02/01/2024,10:51:37,0.2,0.15,6160,0.2,1400,0,37840
FINNIFTY02JAN2419200PE.NFO,02/01/2024,10:51:47,0.2,0.15,6160,0.2,1120,0,37840
FINNIFTY02JAN2419200PE.NFO,02/01/2024,10:53:24,0.2,0.15,9760,0.2,1400,0,37840
FINNIFTY02JAN2419200PE.NFO,02/01/2024,10:53:44,0.2,0.15,11560,0.2,1400,0,37840
FINNIFTY02JAN2419200PE.NFO,02/01/2024,10:56:05,0.2,0.15,10960,0.2,1400,0,37840
FINNIFTY02JAN2419200PE.NFO,02/01/2024,10:59:17,0.2,0.15,10960,0.2,7040,0,37840
FINNIFTY02JAN2419200PE.NFO,02/01/2024,11:02:11,0.2,0.15,10960,0.2,7320,0,37840
FINNIFTY02JAN2419200PE.NFO,02/01/2024,11:09:58,0.2,0.15,10960,0.2,5920,0,37840
FINNIFTY02JAN2419200PE.NFO,02/01/2024,11:10:44,0.2,0.15,9960,0.2,7120,0,37840
FINNIFTY02JAN2419200PE.NFO,02/01/2024,11:10:53,0.2,0.15,9960,0.2,5920,0,37840
FINNIFTY02JAN2419200PE.NFO,02/01/2024,11:12:16,0.2,0.15,9960,0.2,5720,200,37640
FINNIFTY02JAN2419200PE.NFO,02/01/2024,11:14:00,0.2,0.15,9960,0.2,6920,0,37640
FINNIFTY02JAN2419200PE.NFO,02/01/2024,11:14:57,0.2,0.15,10000,0.2,6320,0,37640
FINNIFTY02JAN2419200PE.NFO,02/01/2024,11:15:07,0.2,0.15,10000,0.2,5720,0,37640
FINNIFTY02JAN2419200PE.NFO,02/01/2024,11:15:17,0.2,0.15,10000,0.2,6880,200,37440
FINNIFTY02JAN2419200PE.NFO,02/01/2024,11:15:27,0.2,0.15,10000,0.2,6880,0,37440
FINNIFTY02JAN2419200PE.NFO,02/01/2024,11:15:47,0.2,0.15,10000,0.2,6680,200,37440
FINNIFTY02JAN2419200PE.NFO,02/01/2024,11:15:58,0.2,0.15,10000,0.2,4880,1800,37440
FINNIFTY02JAN2419200PE.NFO,02/01/2024,11:16:27,0.2,0.15,10000,0.2,4680,200,37440
FINNIFTY02JAN2419200PE.NFO,02/01/2024,11:18:39,0.2,0.15,9960,0.2,4680,0,37440
FINNIFTY02JAN2419200PE.NFO,02/01/2024,11:20:37,0.2,0.15,9960,0.2,4000,0,37440
FINNIFTY02JAN2419200PE.NFO,02/01/2024,11:20:46,0.2,0.15,9960,0.2,4680,0,37440
FINNIFTY02JAN2419200PE.NFO,02/01/2024,11:21:05,0.2,0.15,9960,0.2,4000,0,37440
FINNIFTY02JAN2419200PE.NFO,02/01/2024,11:21:15,0.2,0.15,9960,0.2,4680,0,37440
FINNIFTY02JAN2419200PE.NFO,02/01/2024,11:25:45,0.2,0.15,9960,0.2,4000,0,37440
FINNIFTY02JAN2419200PE.NFO,02/01/2024,11:26:03,0.2,0.15,9960,0.2,4680,0,37440
FINNIFTY02JAN2419200PE.NFO,02/01/2024,11:26:13,0.2,0.15,9960,0.2,4000,0,37440
FINNIFTY02JAN2419200PE.NFO,02/01/2024,11:26:22,0.15,0.15,9760,0.2,4720,200,35440
FINNIFTY02JAN2419200PE.NFO,02/01/2024,11:33:03,0.15,0.15,9760,0.2,4680,0,35440
FINNIFTY02JAN2419200PE.NFO,02/01/2024,11:33:29,0.15,0.15,9760,0.2,4040,0,35440
FINNIFTY02JAN2419200PE.NFO,02/01/2024,11:33:47,0.15,0.15,9760,0.2,4720,0,35440
FINNIFTY02JAN2419200PE.NFO,02/01/2024,11:34:05,0.15,0.15,9560,0.2,4720,200,35640
FINNIFTY02JAN2419200PE.NFO,02/01/2024,11:35:17,0.15,0.15,9360,0.2,4720,200,35640
FINNIFTY02JAN2419200PE.NFO,02/01/2024,11:37:17,0.15,0.15,8360,0.2,4720,1000,36040
FINNIFTY02JAN2419200PE.NFO,02/01/2024,11:41:00,0.15,0.15,7840,0.2,4720,520,36960
FINNIFTY02JAN2419200PE.NFO,02/01/2024,11:41:59,0.15,0.15,7840,0.2,4760,0,36960
FINNIFTY02JAN2419200PE.NFO,02/01/2024,11:42:28,0.2,0.15,7840,0.2,3800,280,37480
FINNIFTY02JAN2419200PE.NFO,02/01/2024,11:42:38,0.2,0.15,7840,0.2,4280,200,37480
FINNIFTY02JAN2419200PE.NFO,02/01/2024,11:43:43,0.2,0.15,7840,0.2,3400,200,37480
FINNIFTY02JAN2419200PE.NFO,02/01/2024,11:44:02,0.2,0.15,7840,0.2,3880,200,37480
FINNIFTY02JAN2419200PE.NFO,02/01/2024,11:45:54,0.15,0.15,7440,0.2,3880,400,36600
FINNIFTY02JAN2419200PE.NFO,02/01/2024,11:46:03,0.15,0.15,7240,0.2,3880,200,36600
FINNIFTY02JAN2419200PE.NFO,02/01/2024,11:46:13,0.15,0.15,7040,0.2,3880,200,36600
FINNIFTY02JAN2419200PE.NFO,02/01/2024,11:46:41,0.15,0.15,7600,0.2,3880,400,36600
FINNIFTY02JAN2419200PE.NFO,02/01/2024,11:46:50,0.15,0.15,7400,0.2,3880,200,36600
FINNIFTY02JAN2419200PE.NFO,02/01/2024,11:46:59,0.15,0.15,7400,0.2,3880,0,36600
FINNIFTY02JAN2419200PE.NFO,02/01/2024,11:52:36,0.15,0.15,7200,0.2,3880,200,37600
FINNIFTY02JAN2419200PE.NFO,02/01/2024,11:52:45,0.15,0.15,7200,0.2,3880,0,37600
FINNIFTY02JAN2419200PE.NFO,02/01/2024,11:57:09,0.15,0.15,7200,0.2,3920,0,37600
FINNIFTY02JAN2419200PE.NFO,02/01/2024,12:02:18,0.15,0.15,7000,0.2,3920,200,37800
FINNIFTY02JAN2419200PE.NFO,02/01/2024,12:02:44,0.15,0.15,7000,0.2,3920,0,37800
FINNIFTY02JAN2419200PE.NFO,02/01/2024,12:04:21,0.15,0.15,7000,0.2,3840,0,37800
FINNIFTY02JAN2419200PE.NFO,02/01/2024,12:04:31,0.15,0.15,7000,0.2,3920,0,37800
FINNIFTY02JAN2419200PE.NFO,02/01/2024,12:10:20,0.15,0.15,7000,0.2,3880,0,37800
FINNIFTY02JAN2419200PE.NFO,02/01/2024,12:15:59,0.15,0.15,6240,0.2,3880,1520,38000
FINNIFTY02JAN2419200PE.NFO,02/01/2024,12:16:08,0.15,0.15,6240,0.2,3880,0,38000
FINNIFTY02JAN2419200PE.NFO,02/01/2024,12:17:21,0.2,0.15,5480,0.2,3720,200,38000
FINNIFTY02JAN2419200PE.NFO,02/01/2024,12:17:32,0.2,0.15,6160,0.2,3720,0,38000
FINNIFTY02JAN2419200PE.NFO,02/01/2024,12:20:52,0.2,0.15,6160,0.2,3680,40,38640
FINNIFTY02JAN2419200PE.NFO,02/01/2024,12:21:11,0.2,0.15,6160,0.2,3480,200,38640
FINNIFTY02JAN2419200PE.NFO,02/01/2024,12:21:21,0.2,0.15,6160,0.2,4360,0,38640
FINNIFTY02JAN2419200PE.NFO,02/01/2024,12:22:54,0.2,0.15,6160,0.2,4240,120,38640
FINNIFTY02JAN2419200PE.NFO,02/01/2024,12:23:48,0.2,0.15,6160,0.2,4240,0,38640
FINNIFTY02JAN2419200PE.NFO,02/01/2024,12:24:44,0.15,0.15,6080,0.2,4240,80,38440
FINNIFTY02JAN2419200PE.NFO,02/01/2024,12:24:53,0.15,0.15,5880,0.2,4240,200,38440
FINNIFTY02JAN2419200PE.NFO,02/01/2024,12:26:14,0.15,0.15,2280,0.2,4240,0,38440
FINNIFTY02JAN2419200PE.NFO,02/01/2024,12:27:32,0.15,0.15,2280,0.2,4440,0,38440
FINNIFTY02JAN2419200PE.NFO,02/01/2024,12:27:49,0.15,0.15,2280,0.2,4480,0,38440
FINNIFTY02JAN2419200PE.NFO,02/01/2024,12:32:50,0.15,0.15,2280,0.2,4400,0,38440
FINNIFTY02JAN2419200PE.NFO,02/01/2024,12:33:06,0.15,0.15,1640,0.2,4400,0,38440
FINNIFTY02JAN2419200PE.NFO,02/01/2024,12:33:31,0.15,0.15,1640,0.2,4680,0,38440
FINNIFTY02JAN2419200PE.NFO,02/01/2024,12:38:02,0.2,0.15,1640,0.2,4560,200,38720
FINNIFTY02JAN2419200PE.NFO,02/01/2024,12:39:40,0.15,0.1,57240,0.15,2000,2120,38520
FINNIFTY02JAN2419200PE.NFO,02/01/2024,12:39:40,0.1,0.1,57240,0.15,2000,0,38520
FINNIFTY02JAN2419200PE.NFO,02/01/2024,12:40:04,0.15,0.1,51840,0.15,2000,0,38520
FINNIFTY02JAN2419200PE.NFO,02/01/2024,12:40:13,0.15,0.1,51840,0.15,2200,0,38520
FINNIFTY02JAN2419200PE.NFO,02/01/2024,12:43:10,0.15,0.1,52680,0.15,2200,0,38520
FINNIFTY02JAN2419200PE.NFO,02/01/2024,12:45:55,0.15,0.1,52880,0.15,2200,0,38520
FINNIFTY02JAN2419200PE.NFO,02/01/2024,12:46:04,0.15,0.1,53040,0.15,2200,0,38520
FINNIFTY02JAN2419200PE.NFO,02/01/2024,12:46:13,0.15,0.1,53200,0.15,2200,0,38520
FINNIFTY02JAN2419200PE.NFO,02/01/2024,12:48:09,0.15,0.1,46000,0.15,2200,0,38520
FINNIFTY02JAN2419200PE.NFO,02/01/2024,12:49:29,0.15,0.1,29800,0.15,2200,0,38520
FINNIFTY02JAN2419200PE.NFO,02/01/2024,12:50:57,0.15,0.1,29880,0.15,2200,0,38520
FINNIFTY02JAN2419200PE.NFO,02/01/2024,12:51:34,0.15,0.1,30000,0.15,2200,0,38520
FINNIFTY02JAN2419200PE.NFO,02/01/2024,12:57:53,0.1,0.1,24520,0.15,2200,5480,40240
FINNIFTY02JAN2419200PE.NFO,02/01/2024,12:58:02,0.1,0.1,24520,0.15,4960,0,40240
FINNIFTY02JAN2419200PE.NFO,02/01/2024,12:58:11,0.1,0.1,24520,0.15,8680,0,40240
FINNIFTY02JAN2419200PE.NFO,02/01/2024,12:58:48,0.1,0.1,24520,0.15,10000,0,40240
FINNIFTY02JAN2419200PE.NFO,02/01/2024,13:00:41,0.1,0.1,24720,0.15,10000,0,40240
FINNIFTY02JAN2419200PE.NFO,02/01/2024,13:00:57,0.1,0.1,17520,0.15,10000,0,40240
FINNIFTY02JAN2419200PE.NFO,02/01/2024,13:02:09,0.1,0.1,8520,0.15,10000,0,40240
FINNIFTY02JAN2419200PE.NFO,02/01/2024,13:02:18,0.1,0.1,7200,0.15,8680,1320,45720
FINNIFTY02JAN2419200PE.NFO,02/01/2024,13:02:27,0.1,0.1,6840,0.15,3160,360,45720
FINNIFTY02JAN2419200PE.NFO,02/01/2024,13:02:37,0.1,0.1,200,0.15,3680,7240,45720
FINNIFTY02JAN2419200PE.NFO,02/01/2024,13:02:47,0.1,0.05,15760,0.1,960,2840,45720
FINNIFTY02JAN2419200PE.NFO,02/01/2024,13:03:33,0.1,0.1,320,0.15,3680,0,45720
FINNIFTY02JAN2419200PE.NFO,02/01/2024,13:03:43,0.1,0.1,320,0.15,5480,0,45720
FINNIFTY02JAN2419200PE.NFO,02/01/2024,13:03:53,0.1,0.1,960,0.15,5480,0,45720
FINNIFTY02JAN2419200PE.NFO,02/01/2024,13:04:15,0.1,0.1,1200,0.15,5480,0,45720
FINNIFTY02JAN2419200PE.NFO,02/01/2024,13:04:25,0.1,0.1,1160,0.15,5480,0,45720
FINNIFTY02JAN2419200PE.NFO,02/01/2024,13:04:45,0.1,0.1,1120,0.15,5480,40,42880
FINNIFTY02JAN2419200PE.NFO,02/01/2024,13:06:51,0.1,0.1,1000,0.15,5480,120,42920
FINNIFTY02JAN2419200PE.NFO,02/01/2024,13:07:00,0.1,0.1,1000,0.15,5480,0,42920
FINNIFTY02JAN2419200PE.NFO,02/01/2024,13:12:14,0.1,0.05,17080,0.1,2480,2640,42920
FINNIFTY02JAN2419200PE.NFO,02/01/2024,13:12:40,0.1,0.05,17040,0.1,4640,0,42920
FINNIFTY02JAN2419200PE.NFO,02/01/2024,13:19:32,0.1,0.05,17280,0.1,6440,0,42920
FINNIFTY02JAN2419200PE.NFO,02/01/2024,13:21:13,0.1,0.05,17280,0.1,6240,200,41280
FINNIFTY02JAN2419200PE.NFO,02/01/2024,13:22:47,0.1,0.05,17280,0.1,6480,0,41280
FINNIFTY02JAN2419200PE.NFO,02/01/2024,13:24:48,0.1,0.05,17400,0.1,6640,0,41280
FINNIFTY02JAN2419200PE.NFO,02/01/2024,13:25:15,0.1,0.05,17360,0.1,6640,0,41280
FINNIFTY02JAN2419200PE.NFO,02/01/2024,13:26:00,0.1,0.05,16200,0.1,6720,720,41080
FINNIFTY02JAN2419200PE.NFO,02/01/2024,13:29:51,0.1,0.05,16200,0.1,6680,40,40840
FINNIFTY02JAN2419200PE.NFO,02/01/2024,13:30:16,0.1,0.05,16200,0.1,6680,0,40840
FINNIFTY02JAN2419200PE.NFO,02/01/2024,13:33:06,0.1,0.05,16200,0.1,5240,3680,40840
FINNIFTY02JAN2419200PE.NFO,02/01/2024,13:33:41,0.1,0.05,16200,0.1,5240,0,40840
FINNIFTY02JAN2419200PE.NFO,02/01/2024,13:33:50,0.1,0.05,16080,0.1,5240,0,40840
FINNIFTY02JAN2419200PE.NFO,02/01/2024,13:35:58,0.1,0.05,16080,0.1,7040,0,40840
FINNIFTY02JAN2419200PE.NFO,02/01/2024,13:37:20,0.1,0.05,16200,0.1,7040,0,40840
FINNIFTY02JAN2419200PE.NFO,02/01/2024,13:39:49,0.1,0.05,16120,0.1,7080,0,40840
FINNIFTY02JAN2419200PE.NFO,02/01/2024,13:39:57,0.1,0.05,16120,0.1,6600,480,41240
FINNIFTY02JAN2419200PE.NFO,02/01/2024,13:44:13,0.1,0.05,14320,0.1,6600,0,41240
FINNIFTY02JAN2419200PE.NFO,02/01/2024,13:48:00,0.1,0.05,15200,0.1,4400,0,41240
FINNIFTY02JAN2419200PE.NFO,02/01/2024,13:48:26,0.1,0.05,15160,0.1,6400,0,41240
FINNIFTY02JAN2419200PE.NFO,02/01/2024,13:48:52,0.1,0.05,15160,0.1,5400,0,41240
FINNIFTY02JAN2419200PE.NFO,02/01/2024,13:49:09,0.1,0.05,15160,0.1,6400,0,41240
FINNIFTY02JAN2419200PE.NFO,02/01/2024,13:49:33,0.1,0.05,15160,0.1,4400,0,41240
FINNIFTY02JAN2419200PE.NFO,02/01/2024,13:49:42,0.1,0.05,15280,0.1,6200,200,41160
FINNIFTY02JAN2419200PE.NFO,02/01/2024,13:49:50,0.1,0.05,15280,0.1,4200,0,41160
FINNIFTY02JAN2419200PE.NFO,02/01/2024,13:50:33,0.1,0.05,15280,0.1,4080,120,41160
FINNIFTY02JAN2419200PE.NFO,02/01/2024,13:50:41,0.1,0.05,15280,0.1,5640,440,41160
FINNIFTY02JAN2419200PE.NFO,02/01/2024,13:50:51,0.1,0.05,15280,0.1,3080,560,41160
FINNIFTY02JAN2419200PE.NFO,02/01/2024,13:51:00,0.1,0.05,15280,0.1,3040,40,41160
FINNIFTY02JAN2419200PE.NFO,02/01/2024,13:52:31,0.1,0.05,16840,0.1,2600,440,40760
FINNIFTY02JAN2419200PE.NFO,02/01/2024,13:52:41,0.1,0.05,15320,0.1,2600,0,40760
FINNIFTY02JAN2419200PE.NFO,02/01/2024,13:52:51,0.1,0.05,16800,0.1,2280,320,40760
FINNIFTY02JAN2419200PE.NFO,02/01/2024,13:53:08,0.05,0.05,16360,0.1,4280,400,40760
FINNIFTY02JAN2419200PE.NFO,02/01/2024,13:53:08,0.05,0.05,16360,0.1,4280,0,40760
FINNIFTY02JAN2419200PE.NFO,02/01/2024,13:53:18,0.05,0.05,14760,0.1,4320,1800,40760
FINNIFTY02JAN2419200PE.NFO,02/01/2024,13:53:28,0.05,0.05,11160,0.1,4280,3640,40760
FINNIFTY02JAN2419200PE.NFO,02/01/2024,13:53:38,0.05,0.05,7160,0.1,4280,4000,40760
FINNIFTY02JAN2419200PE.NFO,02/01/2024,13:53:47,0.1,0.05,4400,0.1,4280,3800,40760
FINNIFTY02JAN2419200PE.NFO,02/01/2024,13:53:56,0.05,0.05,2400,0.1,2920,3360,40760
FINNIFTY02JAN2419200PE.NFO,02/01/2024,13:54:06,0.05,0.05,2400,0.1,15520,0,40760
FINNIFTY02JAN2419200PE.NFO,02/01/2024,13:54:16,0.1,0.05,3280,0.1,15360,160,38000
FINNIFTY02JAN2419200PE.NFO,02/01/2024,13:54:25,0.1,0.05,4200,0.1,12840,2520,38000
FINNIFTY02JAN2419200PE.NFO,02/01/2024,13:54:34,0.1,0.05,4200,0.1,13200,1920,38000
FINNIFTY02JAN2419200PE.NFO,02/01/2024,13:54:44,0.1,0.05,4200,0.1,12000,1200,38000
FINNIFTY02JAN2419200PE.NFO,02/01/2024,13:55:02,0.1,0.05,4200,0.1,12000,0,38000
FINNIFTY02JAN2419200PE.NFO,02/01/2024,13:59:04,0.05,0.05,3000,0.1,11960,1240,37520
FINNIFTY02JAN2419200PE.NFO,02/01/2024,13:59:13,0.05,0.05,2320,0.1,12160,2200,37520
FINNIFTY02JAN2419200PE.NFO,02/01/2024,13:59:22,0.05,0.05,1440,0.1,12160,880,37520
FINNIFTY02JAN2419200PE.NFO,02/01/2024,13:59:30,0.05,0.05,3520,0.1,12320,800,37520
FINNIFTY02JAN2419200PE.NFO,02/01/2024,13:59:39,0.05,0.05,400,0.1,8720,4160,37520
FINNIFTY02JAN2419200PE.NFO,02/01/2024,13:59:47,0.05,0.05,800,0.1,5520,3720,37520
FINNIFTY02JAN2419200PE.NFO,02/01/2024,13:59:56,0.05,0,0,0.05,320,2080,37520
FINNIFTY02JAN2419200PE.NFO,02/01/2024,14:00:05,0.05,0,0,0.05,800,0,37520
FINNIFTY02JAN2419200PE.NFO,02/01/2024,14:00:32,0.05,0.05,1800,0.1,3320,840,36120
FINNIFTY02JAN2419200PE.NFO,02/01/2024,14:00:57,0.05,0.05,1360,0.1,3320,160,36120
FINNIFTY02JAN2419200PE.NFO,02/01/2024,14:01:06,0.05,0.05,1120,0.1,3320,240,36120
FINNIFTY02JAN2419200PE.NFO,02/01/2024,14:01:15,0.05,0.05,1080,0.1,3320,40,36120
FINNIFTY02JAN2419200PE.NFO,02/01/2024,14:02:15,0.05,0.05,1000,0.1,3320,80,36120
FINNIFTY02JAN2419200PE.NFO,02/01/2024,14:03:07,0.05,0.05,840,0.1,4640,160,36120
FINNIFTY02JAN2419200PE.NFO,02/01/2024,14:03:16,0.05,0.05,840,0.1,6440,0,36120
FINNIFTY02JAN2419200PE.NFO,02/01/2024,14:03:25,0.1,0.05,840,0.1,6280,160,36520
FINNIFTY02JAN2419200PE.NFO,02/01/2024,14:03:34,0.1,0.05,840,0.1,5880,400,36520
FINNIFTY02JAN2419200PE.NFO,02/01/2024,14:03:52,0.1,0.05,840,0.1,6880,800,36520
FINNIFTY02JAN2419200PE.NFO,02/01/2024,14:04:10,0.05,0.05,440,0.1,5080,400,36520
FINNIFTY02JAN2419200PE.NFO,02/01/2024,14:04:20,0.05,0,0,0.1,5080,640,36520
FINNIFTY02JAN2419200PE.NFO,02/01/2024,14:04:58,0.05,0,0,0.1,5080,0,36520
FINNIFTY02JAN2419200PE.NFO,02/01/2024,14:05:25,0.05,0.05,240,0.1,5080,0,36520
FINNIFTY02JAN2419200PE.NFO,02/01/2024,14:05:34,0.05,0.05,1240,0.1,5080,0,36520
FINNIFTY02JAN2419200PE.NFO,02/01/2024,14:06:16,0.05,0.05,1240,0.1,5160,0,36520
FINNIFTY02JAN2419200PE.NFO,02/01/2024,14:06:58,0.1,0.05,1240,0.1,4760,480,36520
FINNIFTY02JAN2419200PE.NFO,02/01/2024,14:07:07,0.1,0.05,1240,0.1,4360,400,36520
FINNIFTY02JAN2419200PE.NFO,02/01/2024,14:07:32,0.1,0.05,1240,0.1,6520,0,36520
FINNIFTY02JAN2419200PE.NFO,02/01/2024,14:09:02,0.1,0.05,1240,0.1,6400,1200,36520
FINNIFTY02JAN2419200PE.NFO,02/01/2024,14:09:12,0.1,0.05,1240,0.1,5080,800,36520
FINNIFTY02JAN2419200PE.NFO,02/01/2024,14:09:22,0.1,0.05,1240,0.1,2520,800,36920
FINNIFTY02JAN2419200PE.NFO,02/01/2024,14:09:41,0.05,0,0,0.1,3400,1240,36920
FINNIFTY02JAN2419200PE.NFO,02/01/2024,14:09:50,0.05,0.05,240,0.1,3400,0,36920
FINNIFTY02JAN2419200PE.NFO,02/01/2024,14:10:00,0.1,0.05,280,0.1,2280,800,36920
FINNIFTY02JAN2419200PE.NFO,02/01/2024,14:10:12,0.1,0.05,2080,0.1,200,1520,36920
FINNIFTY02JAN2419200PE.NFO,02/01/2024,14:10:34,0.05,0.05,1640,0.1,200,560,36920
FINNIFTY02JAN2419200PE.NFO,02/01/2024,14:11:03,0.1,0.05,1960,0.15,1640,480,36920
FINNIFTY02JAN2419200PE.NFO,02/01/2024,14:11:16,0.1,0.05,1840,0.15,1760,640,36920
FINNIFTY02JAN2419200PE.NFO,02/01/2024,14:11:28,0.1,0.05,1840,0.15,1760,520,36920
FINNIFTY02JAN2419200PE.NFO,02/01/2024,14:11:38,0.1,0.05,1840,0.1,600,0,36920
FINNIFTY02JAN2419200PE.NFO,02/01/2024,14:11:48,0.1,0.05,1640,0.1,600,0,36920
FINNIFTY02JAN2419200PE.NFO,02/01/2024,14:12:08,0.1,0.05,1640,0.1,720,0,36920
FINNIFTY02JAN2419200PE.NFO,02/01/2024,14:12:56,0.1,0.05,1640,0.1,320,400,37240
FINNIFTY02JAN2419200PE.NFO,02/01/2024,14:13:16,0.15,0.1,400,0.15,960,1120,37240
FINNIFTY02JAN2419200PE.NFO,02/01/2024,14:13:26,0.1,0.1,320,0.15,800,320,37240
FINNIFTY02JAN2419200PE.NFO,02/01/2024,14:13:37,0.15,0.1,280,0.15,720,240,37240
FINNIFTY02JAN2419200PE.NFO,02/01/2024,14:13:48,0.15,0.1,240,0.15,560,200,37240
FINNIFTY02JAN2419200PE.NFO,02/01/2024,14:13:58,0.15,0.1,240,0.15,2320,80,37240
FINNIFTY02JAN2419200PE.NFO,02/01/2024,14:14:19,0.1,0.1,200,0.15,640,320,37240
FINNIFTY02JAN2419200PE.NFO,02/01/2024,14:14:30,0.1,0.1,200,0.15,640,0,37240
FINNIFTY02JAN2419200PE.NFO,02/01/2024,14:15:18,0.1,0.05,3240,0.1,160,200,37160
FINNIFTY02JAN2419200PE.NFO,02/01/2024,14:15:47,0.1,0.05,3240,0.1,160,0,37160
FINNIFTY02JAN2419200PE.NFO,02/01/2024,14:17:37,0.1,0.05,3520,0.1,160,0,37160
FINNIFTY02JAN2419200PE.NFO,02/01/2024,14:19:06,0.05,0.05,1920,0.1,160,1200,37080
FINNIFTY02JAN2419200PE.NFO,02/01/2024,14:19:16,0.05,0.05,440,0.1,200,1600,37080
FINNIFTY02JAN2419200PE.NFO,02/01/2024,14:19:27,0.05,0,0,0.05,280,2080,37080
FINNIFTY02JAN2419200PE.NFO,02/01/2024,14:19:38,0.05,0,0,0.1,1760,280,37080
FINNIFTY02JAN2419200PE.NFO,02/01/2024,14:20:17,0.05,0,0,0.1,1760,0,37080
FINNIFTY02JAN2419200PE.NFO,02/01/2024,14:23:23,0.05,0.05,200,0.1,1800,80,36800
FINNIFTY02JAN2419200PE.NFO,02/01/2024,14:23:32,0.05,0.05,200,0.1,1800,0,36800
FINNIFTY02JAN2419200PE.NFO,02/01/2024,14:23:50,0.1,0.05,200,0.1,1680,120,36800
FINNIFTY02JAN2419200PE.NFO,02/01/2024,14:23:59,0.1,0.05,200,0.1,1760,160,36800
FINNIFTY02JAN2419200PE.NFO,02/01/2024,14:25:10,0.1,0.05,200,0.1,1760,0,36800
FINNIFTY02JAN2419200PE.NFO,02/01/2024,14:25:29,0.1,0.05,80,0.1,1760,0,36800
FINNIFTY02JAN2419200PE.NFO,02/01/2024,14:28:20,0.1,0.05,80,0.1,1840,0,36800
FINNIFTY02JAN2419200PE.NFO,02/01/2024,14:29:56,0.1,0.05,80,0.1,1640,320,36720
FINNIFTY02JAN2419200PE.NFO,02/01/2024,14:30:06,0.1,0.05,80,0.1,1320,320,36720
FINNIFTY02JAN2419200PE.NFO,02/01/2024,14:30:15,0.05,0.05,40,0.1,120,1320,36680
FINNIFTY02JAN2419200PE.NFO,02/01/2024,14:30:25,0.05,0.05,40,0.1,360,0,36680
FINNIFTY02JAN2419200PE.NFO,02/01/2024,14:30:35,0.05,0,0,0.15,2680,480,36680
FINNIFTY02JAN2419200PE.NFO,02/01/2024,14:30:45,0.05,0,0,0.15,2840,0,36680
FINNIFTY02JAN2419200PE.NFO,02/01/2024,14:31:04,0.1,0.05,280,0.15,2840,40,36680
FINNIFTY02JAN2419200PE.NFO,02/01/2024,14:31:13,0.1,0,0,0.15,2840,0,36680
FINNIFTY02JAN2419200PE.NFO,02/01/2024,14:31:40,0.1,0,0,0.15,2680,0,36680
FINNIFTY02JAN2419200PE.NFO,02/01/2024,14:31:49,0.1,0.05,240,0.15,2680,40,36680
FINNIFTY02JAN2419200PE.NFO,02/01/2024,14:31:58,0.05,0.05,80,0.15,2680,160,36680
FINNIFTY02JAN2419200PE.NFO,02/01/2024,14:32:16,0.05,0.05,80,0.1,360,0,36680
FINNIFTY02JAN2419200PE.NFO,02/01/2024,14:33:20,0.05,0.05,80,0.1,400,0,36680
FINNIFTY02JAN2419200PE.NFO,02/01/2024,14:33:30,0.05,0.05,80,0.1,1720,0,36680
FINNIFTY02JAN2419200PE.NFO,02/01/2024,14:34:34,0.05,0,0,0.1,1560,480,36520
FINNIFTY02JAN2419200PE.NFO,02/01/2024,14:35:00,0.05,0,0,0.1,1720,0,36520
FINNIFTY02JAN2419200PE.NFO,02/01/2024,14:38:08,0.1,0,0,0.1,1520,200,36600
FINNIFTY02JAN2419200PE.NFO,02/01/2024,14:38:20,0.1,0.05,240,0.1,1520,0,36600
FINNIFTY02JAN2419200PE.NFO,02/01/2024,14:38:33,0.1,0.05,240,0.1,1000,520,36600
FINNIFTY02JAN2419200PE.NFO,02/01/2024,14:38:45,0.1,0.05,2040,0.1,800,120,36600
FINNIFTY02JAN2419200PE.NFO,02/01/2024,14:38:55,0.1,0.05,1840,0.1,800,0,36600
FINNIFTY02JAN2419200PE.NFO,02/01/2024,14:39:25,0.1,0.05,2000,0.1,960,0,36600
FINNIFTY02JAN2419200PE.NFO,02/01/2024,14:39:44,0.05,0.05,2000,0.1,1000,200,36600
FINNIFTY02JAN2419200PE.NFO,02/01/2024,14:40:05,0.05,0.05,2600,0.1,1000,0,36600
FINNIFTY02JAN2419200PE.NFO,02/01/2024,14:40:25,0.05,0.05,2600,0.1,1160,0,36600
FINNIFTY02JAN2419200PE.NFO,02/01/2024,14:40:36,0.1,0.05,2600,0.1,640,840,36600
FINNIFTY02JAN2419200PE.NFO,02/01/2024,14:40:47,0.1,0.05,2600,0.1,520,0,36600
FINNIFTY02JAN2419200PE.NFO,02/01/2024,14:40:58,0.1,0.05,2600,0.1,480,0,36600
FINNIFTY02JAN2419200PE.NFO,02/01/2024,14:41:09,0.1,0.05,2600,0.1,440,0,36600
FINNIFTY02JAN2419200PE.NFO,02/01/2024,14:42:08,0.1,0.05,2000,0.1,600,0,36600
FINNIFTY02JAN2419200PE.NFO,02/01/2024,14:42:45,0.1,0.05,2000,0.1,440,0,36600
FINNIFTY02JAN2419200PE.NFO,02/01/2024,14:46:06,0.1,0.05,2000,0.1,560,120,36600
FINNIFTY02JAN2419200PE.NFO,02/01/2024,14:46:34,0.1,0.05,2000,0.1,400,0,36600
FINNIFTY02JAN2419200PE.NFO,02/01/2024,14:47:41,0.1,0.05,2000,0.1,280,120,36600
FINNIFTY02JAN2419200PE.NFO,02/01/2024,14:50:19,0.1,0.05,2000,0.1,280,0,36600
FINNIFTY02JAN2419200PE.NFO,02/01/2024,14:50:47,0.1,0.05,2000,0.1,520,0,36600
FINNIFTY02JAN2419200PE.NFO,02/01/2024,14:51:06,0.1,0.05,2000,0.1,360,0,36600
FINNIFTY02JAN2419200PE.NFO,02/01/2024,14:51:25,0.1,0.05,2000,0.1,440,120,36600
FINNIFTY02JAN2419200PE.NFO,02/01/2024,14:53:38,0.1,0.05,1800,0.1,440,0,36600
FINNIFTY02JAN2419200PE.NFO,02/01/2024,14:55:17,0.05,0.05,800,0.1,440,1000,36680
FINNIFTY02JAN2419200PE.NFO,02/01/2024,14:57:42,0.05,0.05,800,0.1,1400,0,36680
FINNIFTY02JAN2419200PE.NFO,02/01/2024,14:59:06,0.05,0.05,160,0.1,1400,0,36680
FINNIFTY02JAN2419200PE.NFO,02/01/2024,14:59:35,0.05,0,0,0.1,1400,160,36680
FINNIFTY02JAN2419200PE.NFO,02/01/2024,14:59:46,0.05,0,0,0.1,1400,160,36680
FINNIFTY02JAN2419200PE.NFO,02/01/2024,15:00:06,0.05,0,0,0.1,1440,0,36680
FINNIFTY02JAN2419200PE.NFO,02/01/2024,15:01:26,0.05,0,0,0.1,1400,0,36680
FINNIFTY02JAN2419200PE.NFO,02/01/2024,15:02:44,0.05,0,0,0.1,1440,0,36680
FINNIFTY02JAN2419200PE.NFO,02/01/2024,15:14:33,0.05,0,0,0.05,1080,0,36680
FINNIFTY02JAN2419200PE.NFO,02/01/2024,15:17:45,0.05,0,0,0.05,4720,0,36680
FINNIFTY02JAN2419200PE.NFO,02/01/2024,15:18:53,0.05,0,0,0.05,4760,0,36680
FINNIFTY02JAN2419200PE.NFO,02/01/2024,15:25:14,0.05,0,0,0.05,4760,40,36520
FINNIFTY02JAN2419200PE.NFO,02/01/2024,15:25:24,0.05,0,0,0.05,4760,0,36520
FINNIFTY02JAN2419200PE.NFO,02/01/2024,15:26:04,0.05,0,0,0.05,5600,0,36520
FINNIFTY02JAN2419200PE.NFO,02/01/2024,15:26:34,0.05,0,0,0.05,4760,0,36520
FINNIFTY02JAN2419200PE.NFO,02/01/2024,15:26:43,0.05,0,0,0.05,5600,0,36520
FINNIFTY02JAN2419200PE.NFO,02/01/2024,15:29:02,0.05,0,0,0.05,6000,0,36520
FINNIFTY02JAN2419200PE.NFO,02/01/2024,15:29:23,0.05,0,0,0.05,5920,0,36520
FINNIFTY02JAN2419200PE.NFO,02/01/2024,15:29:59,0.05,0,0,0.05,2200,0,36520
