Ticker,Date,Time,LTP,BuyPrice,BuyQty,SellPrice,SellQty,LTQ,OpenInterest
FINNIFTY02JAN2420500CE.NFO,02/01/2024,15:03:01,858.1,856.25,80,859.4,200,120,1560
FINNIFTY02JAN2420500CE.NFO,02/01/2024,15:03:01,858.1,856.25,80,859.4,200,0,1560
FINNIFTY02JAN2420500CE.NFO,02/01/2024,15:03:01,858.1,856.25,80,859.4,200,0,1560
FINNIFTY02JAN2420500CE.NFO,02/01/2024,15:03:01,858.1,856.25,80,859.4,200,0,1560
FINNIFTY02JAN2420500CE.NFO,02/01/2024,15:03:08,858.1,857.35,200,860.2,240,0,1560
FINNIFTY02JAN2420500CE.NFO,02/01/2024,15:03:15,858.1,857.7,160,860.1,40,0,1560
FINNIFTY02JAN2420500CE.NFO,02/01/2024,15:03:22,858.1,856.6,80,858.95,200,0,1560
FINNIFTY02JAN2420500CE.NFO,02/01/2024,15:03:29,858.1,855.4,80,858.2,200,0,1560
FINNIFTY02JAN2420500CE.NFO,02/01/2024,15:03:31,858.1,856.05,80,858.85,200,0,1560
FINNIFTY02JAN2420500CE.NFO,02/01/2024,15:03:33,858.1,856.35,200,859.85,600,0,1560
FINNIFTY02JAN2420500CE.NFO,02/01/2024,15:03:34,858.1,857.05,80,859.85,240,0,1560
FINNIFTY02JAN2420500CE.NFO,02/01/2024,15:03:36,858.1,856.35,80,859.2,80,0,1560
FINNIFTY02JAN2420500CE.NFO,02/01/2024,15:03:38,858.1,856.8,120,859.9,160,0,1560
FINNIFTY02JAN2420500CE.NFO,02/01/2024,15:03:39,858.1,857.25,160,860.65,200,0,1560
FINNIFTY02JAN2420500CE.NFO,02/01/2024,15:03:41,858.1,856.9,160,859.85,200,0,1560
FINNIFTY02JAN2420500CE.NFO,02/01/2024,15:03:43,858.1,857.35,80,860.3,200,0,1560
FINNIFTY02JAN2420500CE.NFO,02/01/2024,15:03:44,858.1,857.75,80,860.3,200,0,1560
FINNIFTY02JAN2420500CE.NFO,02/01/2024,15:03:46,858.1,857.75,120,860.65,200,0,1560
FINNIFTY02JAN2420500CE.NFO,02/01/2024,15:03:48,858.1,857.1,80,860.05,200,0,1560
FINNIFTY02JAN2420500CE.NFO,02/01/2024,15:03:49,858.1,857.55,80,860.05,200,0,1560
FINNIFTY02JAN2420500CE.NFO,02/01/2024,15:03:51,858.1,858.15,80,861.1,80,0,1560
FINNIFTY02JAN2420500CE.NFO,02/01/2024,15:03:52,858.1,859.15,160,862.25,200,0,1560
FINNIFTY02JAN2420500CE.NFO,02/01/2024,15:03:54,858.1,858.25,560,861.35,200,0,1560
FINNIFTY02JAN2420500CE.NFO,02/01/2024,15:03:56,858.1,858,200,860.9,200,0,1560
FINNIFTY02JAN2420500CE.NFO,02/01/2024,15:03:57,858.1,858.6,80,861.65,200,0,1560
FINNIFTY02JAN2420500CE.NFO,02/01/2024,15:03:59,858.1,858.4,80,861.4,200,0,1560
FINNIFTY02JAN2420500CE.NFO,02/01/2024,15:04:01,858.1,859.65,80,862.35,200,0,1560
FINNIFTY02JAN2420500CE.NFO,02/01/2024,15:04:02,858.1,861.3,200,865.65,320,0,1560
FINNIFTY02JAN2420500CE.NFO,02/01/2024,15:04:04,858.1,859.75,400,863.85,240,0,1560
FINNIFTY02JAN2420500CE.NFO,02/01/2024,15:04:06,858.1,861,80,864.2,160,0,1560
FINNIFTY02JAN2420500CE.NFO,02/01/2024,15:04:07,858.1,861.65,80,864.15,40,0,1560
FINNIFTY02JAN2420500CE.NFO,02/01/2024,15:04:09,858.1,860.85,400,864,160,0,1560
FINNIFTY02JAN2420500CE.NFO,02/01/2024,15:04:11,858.1,861.45,160,864.9,680,0,1560
FINNIFTY02JAN2420500CE.NFO,02/01/2024,15:04:12,858.1,861.55,160,864.6,40,0,1560
FINNIFTY02JAN2420500CE.NFO,02/01/2024,15:04:14,858.1,861.25,120,864.3,80,0,1560
FINNIFTY02JAN2420500CE.NFO,02/01/2024,15:04:16,858.1,855.85,80,863.3,200,0,1560
FINNIFTY02JAN2420500CE.NFO,02/01/2024,15:04:17,858.1,859.1,400,862.2,200,0,1560
FINNIFTY02JAN2420500CE.NFO,02/01/2024,15:04:19,858.1,859.55,80,862.2,200,0,1560
FINNIFTY02JAN2420500CE.NFO,02/01/2024,15:04:21,858.1,860.15,80,863.15,200,0,1560
FINNIFTY02JAN2420500CE.NFO,02/01/2024,15:04:22,858.1,859.7,80,862.9,400,0,1560
FINNIFTY02JAN2420500CE.NFO,02/01/2024,15:04:24,858.1,858.85,680,862.05,200,0,1560
FINNIFTY02JAN2420500CE.NFO,02/01/2024,15:04:26,858.1,858.75,200,861.5,200,0,1560
FINNIFTY02JAN2420500CE.NFO,02/01/2024,15:04:27,858.1,859.35,160,862.4,200,0,1560
FINNIFTY02JAN2420500CE.NFO,02/01/2024,15:04:29,858.1,859.05,160,861.8,40,0,1560
FINNIFTY02JAN2420500CE.NFO,02/01/2024,15:04:30,858.1,858.95,80,861.7,40,0,1560
FINNIFTY02JAN2420500CE.NFO,02/01/2024,15:04:32,858.1,859.35,80,861.7,40,0,1560
FINNIFTY02JAN2420500CE.NFO,02/01/2024,15:04:33,858.1,859,80,861.9,40,0,1560
FINNIFTY02JAN2420500CE.NFO,02/01/2024,15:04:35,858.1,840.8,160,861.05,40,0,1560
FINNIFTY02JAN2420500CE.NFO,02/01/2024,15:04:37,858.1,853.9,200,860.8,40,0,1560
FINNIFTY02JAN2420500CE.NFO,02/01/2024,15:04:38,858.1,857.15,360,860.2,200,0,1560
FINNIFTY02JAN2420500CE.NFO,02/01/2024,15:04:40,858.1,857.45,80,860.1,40,0,1560
FINNIFTY02JAN2420500CE.NFO,02/01/2024,15:04:42,858.1,858,280,861,40,0,1560
FINNIFTY02JAN2420500CE.NFO,02/01/2024,15:04:43,858.1,858.7,120,861.55,80,0,1560
FINNIFTY02JAN2420500CE.NFO,02/01/2024,15:04:45,858.1,858.5,80,861.55,80,0,1560
FINNIFTY02JAN2420500CE.NFO,02/01/2024,15:04:47,858.1,858.3,80,861.1,360,0,1560
FINNIFTY02JAN2420500CE.NFO,02/01/2024,15:04:48,858.1,858.45,160,860.9,80,0,1560
FINNIFTY02JAN2420500CE.NFO,02/01/2024,15:04:50,858.1,859.2,200,861.9,40,0,1560
FINNIFTY02JAN2420500CE.NFO,02/01/2024,15:04:52,858.1,860.8,80,863.75,160,0,1560
FINNIFTY02JAN2420500CE.NFO,02/01/2024,15:04:53,858.1,860.35,80,863.55,40,0,1560
FINNIFTY02JAN2420500CE.NFO,02/01/2024,15:04:55,858.1,860.25,80,863.15,80,0,1560
FINNIFTY02JAN2420500CE.NFO,02/01/2024,15:04:57,858.1,861.1,80,863.95,40,0,1560
FINNIFTY02JAN2420500CE.NFO,02/01/2024,15:04:58,858.1,862.05,120,864.65,40,0,1560
FINNIFTY02JAN2420500CE.NFO,02/01/2024,15:05:00,858.1,861.9,80,864.85,40,0,1560
FINNIFTY02JAN2420500CE.NFO,02/01/2024,15:05:02,858.1,862.8,360,866,40,0,1560
FINNIFTY02JAN2420500CE.NFO,02/01/2024,15:05:03,858.1,862.55,80,865.55,200,0,1560
FINNIFTY02JAN2420500CE.NFO,02/01/2024,15:05:05,858.1,861.05,160,864.45,360,0,1560
FINNIFTY02JAN2420500CE.NFO,02/01/2024,15:05:07,858.1,861.4,160,864.45,40,0,1560
FINNIFTY02JAN2420500CE.NFO,02/01/2024,15:05:08,858.1,861.1,200,863.7,40,0,1560
FINNIFTY02JAN2420500CE.NFO,02/01/2024,15:05:10,858.1,861.65,160,864.2,40,0,1560
FINNIFTY02JAN2420500CE.NFO,02/01/2024,15:05:12,858.1,862.2,80,865,40,0,1560
FINNIFTY02JAN2420500CE.NFO,02/01/2024,15:05:13,858.1,862.3,80,864.85,200,0,1560
FINNIFTY02JAN2420500CE.NFO,02/01/2024,15:05:15,858.1,861.35,80,864.35,120,0,1560
FINNIFTY02JAN2420500CE.NFO,02/01/2024,15:05:17,858.1,860.8,80,863.75,40,0,1560
FINNIFTY02JAN2420500CE.NFO,02/01/2024,15:05:18,858.1,860.65,200,863.5,40,0,1560
FINNIFTY02JAN2420500CE.NFO,02/01/2024,15:05:20,858.1,860.5,80,863.2,320,0,1560
FINNIFTY02JAN2420500CE.NFO,02/01/2024,15:05:22,858.1,860.3,160,862.85,40,0,1560
FINNIFTY02JAN2420500CE.NFO,02/01/2024,15:05:23,858.1,860.45,80,862.8,40,0,1560
FINNIFTY02JAN2420500CE.NFO,02/01/2024,15:05:25,858.1,860.85,200,863.7,40,0,1560
FINNIFTY02JAN2420500CE.NFO,02/01/2024,15:05:27,858.1,860.65,80,863.35,360,0,1560
FINNIFTY02JAN2420500CE.NFO,02/01/2024,15:05:28,858.1,859.55,80,862.45,40,0,1560
FINNIFTY02JAN2420500CE.NFO,02/01/2024,15:05:30,858.1,860,40,862.45,40,0,1560
FINNIFTY02JAN2420500CE.NFO,02/01/2024,15:05:32,858.1,860.15,80,862.5,40,0,1560
FINNIFTY02JAN2420500CE.NFO,02/01/2024,15:05:33,858.1,860,200,863.05,40,0,1560
FINNIFTY02JAN2420500CE.NFO,02/01/2024,15:05:35,858.1,860.3,80,862.95,120,0,1560
FINNIFTY02JAN2420500CE.NFO,02/01/2024,15:05:37,858.1,860,80,862.65,40,0,1560
FINNIFTY02JAN2420500CE.NFO,02/01/2024,15:05:38,858.1,860.2,80,862.8,40,0,1560
FINNIFTY02JAN2420500CE.NFO,02/01/2024,15:05:40,858.1,860.15,80,862.8,40,0,1560
FINNIFTY02JAN2420500CE.NFO,02/01/2024,15:05:42,858.1,860.55,200,863.55,160,0,1560
FINNIFTY02JAN2420500CE.NFO,02/01/2024,15:05:43,858.1,860.55,200,863.5,40,0,1560
FINNIFTY02JAN2420500CE.NFO,02/01/2024,15:05:45,858.1,859.85,160,863.1,160,0,1560
FINNIFTY02JAN2420500CE.NFO,02/01/2024,15:05:47,858.1,860.8,200,863.25,40,0,1560
FINNIFTY02JAN2420500CE.NFO,02/01/2024,15:05:48,858.1,860.35,160,863.45,200,0,1560
FINNIFTY02JAN2420500CE.NFO,02/01/2024,15:05:50,858.1,860.65,80,863.4,40,0,1560
FINNIFTY02JAN2420500CE.NFO,02/01/2024,15:05:52,858.1,859.95,80,862.95,160,0,1560
FINNIFTY02JAN2420500CE.NFO,02/01/2024,15:05:53,858.1,859.2,80,862,160,0,1560
FINNIFTY02JAN2420500CE.NFO,02/01/2024,15:05:55,858.1,858.75,80,861.7,80,0,1560
FINNIFTY02JAN2420500CE.NFO,02/01/2024,15:05:57,858.1,858.8,80,861.6,80,0,1560
FINNIFTY02JAN2420500CE.NFO,02/01/2024,15:05:58,858.1,859.5,320,862.75,160,0,1560
FINNIFTY02JAN2420500CE.NFO,02/01/2024,15:06:00,858.1,860.7,40,863.7,80,0,1560
FINNIFTY02JAN2420500CE.NFO,02/01/2024,15:06:02,858.1,860.2,160,863.1,80,0,1560
FINNIFTY02JAN2420500CE.NFO,02/01/2024,15:06:03,858.1,859.8,80,862.7,80,0,1560
FINNIFTY02JAN2420500CE.NFO,02/01/2024,15:06:05,858.1,860.1,80,863.1,80,0,1560
FINNIFTY02JAN2420500CE.NFO,02/01/2024,15:06:07,858.1,860.45,80,863.1,80,0,1560
FINNIFTY02JAN2420500CE.NFO,02/01/2024,15:06:08,858.1,859.75,160,862.8,120,0,1560
FINNIFTY02JAN2420500CE.NFO,02/01/2024,15:06:10,858.1,858.75,200,862.55,80,0,1560
FINNIFTY02JAN2420500CE.NFO,02/01/2024,15:06:12,858.1,859.3,400,862.35,80,0,1560
FINNIFTY02JAN2420500CE.NFO,02/01/2024,15:06:13,858.1,858.55,400,862.3,80,0,1560
FINNIFTY02JAN2420500CE.NFO,02/01/2024,15:06:15,858.1,858.05,160,860.05,120,0,1560
FINNIFTY02JAN2420500CE.NFO,02/01/2024,15:06:17,858.1,858.05,160,861.15,120,0,1560
FINNIFTY02JAN2420500CE.NFO,02/01/2024,15:06:18,858.1,857.25,120,860.15,120,0,1560
FINNIFTY02JAN2420500CE.NFO,02/01/2024,15:06:20,858.1,856.75,200,860.7,80,0,1560
FINNIFTY02JAN2420500CE.NFO,02/01/2024,15:06:22,856.8,856.4,80,857.35,80,40,1680
FINNIFTY02JAN2420500CE.NFO,02/01/2024,15:06:22,856.8,856.4,80,857.35,80,0,1680
FINNIFTY02JAN2420500CE.NFO,02/01/2024,15:06:23,855.95,855.6,360,858.8,120,80,1680
FINNIFTY02JAN2420500CE.NFO,02/01/2024,15:06:23,855.95,855.6,360,858.8,120,0,1680
FINNIFTY02JAN2420500CE.NFO,02/01/2024,15:06:25,855.95,856.4,120,858.8,120,0,1680
FINNIFTY02JAN2420500CE.NFO,02/01/2024,15:06:27,855.95,856.6,120,860.9,160,0,1680
FINNIFTY02JAN2420500CE.NFO,02/01/2024,15:06:28,855.95,856.55,80,860.7,160,0,1680
FINNIFTY02JAN2420500CE.NFO,02/01/2024,15:06:30,855.95,854.7,240,860.5,80,0,1680
FINNIFTY02JAN2420500CE.NFO,02/01/2024,15:06:31,855.95,855.05,80,860.5,80,0,1680
FINNIFTY02JAN2420500CE.NFO,02/01/2024,15:06:32,855.95,853.8,80,860.25,80,0,1680
FINNIFTY02JAN2420500CE.NFO,02/01/2024,15:06:34,855.95,853.6,160,859.75,80,0,1680
FINNIFTY02JAN2420500CE.NFO,02/01/2024,15:06:36,855.95,853.8,600,859.65,80,0,1680
FINNIFTY02JAN2420500CE.NFO,02/01/2024,15:06:37,855.95,854.35,360,859.55,80,0,1680
FINNIFTY02JAN2420500CE.NFO,02/01/2024,15:06:39,855.95,854.5,160,859.25,80,0,1680
FINNIFTY02JAN2420500CE.NFO,02/01/2024,15:06:41,855.95,853.85,360,858.95,160,0,1680
FINNIFTY02JAN2420500CE.NFO,02/01/2024,15:06:42,855.95,854.55,80,858.6,80,0,1680
FINNIFTY02JAN2420500CE.NFO,02/01/2024,15:06:44,855.95,855.4,80,858.85,80,0,1680
FINNIFTY02JAN2420500CE.NFO,02/01/2024,15:06:46,855.95,855.6,200,859.15,160,0,1680
FINNIFTY02JAN2420500CE.NFO,02/01/2024,15:06:47,855.95,856,80,861.25,80,0,1680
FINNIFTY02JAN2420500CE.NFO,02/01/2024,15:06:49,855.95,856.05,80,860.65,80,0,1680
FINNIFTY02JAN2420500CE.NFO,02/01/2024,15:06:51,855.95,855.6,80,859.85,80,0,1680
FINNIFTY02JAN2420500CE.NFO,02/01/2024,15:06:52,855.95,855.95,40,859.55,80,0,1680
FINNIFTY02JAN2420500CE.NFO,02/01/2024,15:06:54,855.95,856,80,861.75,80,0,1680
FINNIFTY02JAN2420500CE.NFO,02/01/2024,15:06:56,855.95,856,200,861.1,80,0,1680
FINNIFTY02JAN2420500CE.NFO,02/01/2024,15:06:57,855.95,856.45,80,860.55,80,0,1680
FINNIFTY02JAN2420500CE.NFO,02/01/2024,15:06:59,855.95,854.95,40,860,80,0,1680
FINNIFTY02JAN2420500CE.NFO,02/01/2024,15:07:01,855.95,855.85,320,862.05,80,0,1680
FINNIFTY02JAN2420500CE.NFO,02/01/2024,15:07:02,855.95,855.35,80,861.65,80,0,1680
FINNIFTY02JAN2420500CE.NFO,02/01/2024,15:07:04,855.95,854.4,80,859.75,80,0,1680
FINNIFTY02JAN2420500CE.NFO,02/01/2024,15:07:06,855.95,854.75,200,859.45,80,0,1680
FINNIFTY02JAN2420500CE.NFO,02/01/2024,15:07:07,855.95,854.9,80,859.25,160,0,1680
FINNIFTY02JAN2420500CE.NFO,02/01/2024,15:07:09,855.95,854.15,80,859.15,80,0,1680
FINNIFTY02JAN2420500CE.NFO,02/01/2024,15:07:11,855.95,853.3,160,859.15,80,0,1680
FINNIFTY02JAN2420500CE.NFO,02/01/2024,15:07:12,855.95,853.25,160,858.35,120,0,1680
FINNIFTY02JAN2420500CE.NFO,02/01/2024,15:07:14,855.95,853.45,80,858.25,160,0,1680
FINNIFTY02JAN2420500CE.NFO,02/01/2024,15:07:16,855.95,853.25,160,857.2,120,0,1680
FINNIFTY02JAN2420500CE.NFO,02/01/2024,15:07:17,855.95,852.2,200,856.2,120,0,1680
FINNIFTY02JAN2420500CE.NFO,02/01/2024,15:07:19,855.95,851.8,80,855.65,120,0,1680
FINNIFTY02JAN2420500CE.NFO,02/01/2024,15:07:21,855.95,851.7,440,856.5,80,0,1680
FINNIFTY02JAN2420500CE.NFO,02/01/2024,15:07:22,855.95,852.3,40,854.7,120,0,1680
FINNIFTY02JAN2420500CE.NFO,02/01/2024,15:07:24,855.95,852.05,80,854.7,120,0,1680
FINNIFTY02JAN2420500CE.NFO,02/01/2024,15:07:26,855.95,850.7,200,854.6,80,0,1680
FINNIFTY02JAN2420500CE.NFO,02/01/2024,15:07:27,855.95,850.25,200,854.45,80,0,1680
FINNIFTY02JAN2420500CE.NFO,02/01/2024,15:07:29,855.95,849.6,80,854.45,160,0,1680
FINNIFTY02JAN2420500CE.NFO,02/01/2024,15:07:32,855.95,848.3,200,854.35,240,0,1680
FINNIFTY02JAN2420500CE.NFO,02/01/2024,15:07:33,855.95,848.45,200,853.3,80,0,1680
FINNIFTY02JAN2420500CE.NFO,02/01/2024,15:07:35,855.95,848.7,200,853.35,160,0,1680
FINNIFTY02JAN2420500CE.NFO,02/01/2024,15:07:37,855.95,848.7,560,853.35,80,0,1680
FINNIFTY02JAN2420500CE.NFO,02/01/2024,15:07:38,855.95,848.15,200,853.1,80,0,1680
FINNIFTY02JAN2420500CE.NFO,02/01/2024,15:07:40,855.95,847.55,120,852.9,80,0,1680
FINNIFTY02JAN2420500CE.NFO,02/01/2024,15:07:42,855.95,846.1,40,852.8,80,0,1680
FINNIFTY02JAN2420500CE.NFO,02/01/2024,15:07:43,855.95,844.65,120,852.75,80,0,1680
FINNIFTY02JAN2420500CE.NFO,02/01/2024,15:07:45,855.95,846.2,200,852.5,80,0,1680
FINNIFTY02JAN2420500CE.NFO,02/01/2024,15:07:47,855.95,845.1,80,852.45,80,0,1680
FINNIFTY02JAN2420500CE.NFO,02/01/2024,15:07:48,855.95,844.2,120,852.25,80,0,1680
FINNIFTY02JAN2420500CE.NFO,02/01/2024,15:07:50,855.95,844.5,160,852.1,80,0,1680
FINNIFTY02JAN2420500CE.NFO,02/01/2024,15:07:52,855.95,844.8,80,852.1,80,0,1680
FINNIFTY02JAN2420500CE.NFO,02/01/2024,15:07:53,855.95,844.3,720,852.1,80,0,1680
FINNIFTY02JAN2420500CE.NFO,02/01/2024,15:07:55,855.95,840.7,120,852,80,0,1680
FINNIFTY02JAN2420500CE.NFO,02/01/2024,15:07:57,855.95,843.5,160,852,80,0,1680
FINNIFTY02JAN2420500CE.NFO,02/01/2024,15:07:58,855.95,843.45,40,852,80,0,1680
FINNIFTY02JAN2420500CE.NFO,02/01/2024,15:08:00,855.95,842.75,560,852,80,0,1680
FINNIFTY02JAN2420500CE.NFO,02/01/2024,15:08:02,855.95,841.75,440,852,80,0,1680
FINNIFTY02JAN2420500CE.NFO,02/01/2024,15:08:03,855.95,841.25,200,852,80,0,1680
FINNIFTY02JAN2420500CE.NFO,02/01/2024,15:08:05,855.95,841.9,200,852,80,0,1680
FINNIFTY02JAN2420500CE.NFO,02/01/2024,15:08:07,855.95,842.6,400,851.9,160,0,1680
FINNIFTY02JAN2420500CE.NFO,02/01/2024,15:08:08,855.95,843.4,160,851.85,80,0,1680
FINNIFTY02JAN2420500CE.NFO,02/01/2024,15:08:10,855.95,844.2,120,851.65,80,0,1680
FINNIFTY02JAN2420500CE.NFO,02/01/2024,15:08:12,855.95,845.15,200,851.55,80,0,1680
FINNIFTY02JAN2420500CE.NFO,02/01/2024,15:08:13,855.95,845.1,400,851.4,80,0,1680
FINNIFTY02JAN2420500CE.NFO,02/01/2024,15:08:15,855.95,845.4,80,851.2,80,0,1680
FINNIFTY02JAN2420500CE.NFO,02/01/2024,15:08:17,855.95,845.9,160,850.9,80,0,1680
FINNIFTY02JAN2420500CE.NFO,02/01/2024,15:08:18,855.95,846.6,360,850.8,80,0,1680
FINNIFTY02JAN2420500CE.NFO,02/01/2024,15:08:20,855.95,846.6,160,850.7,80,0,1680
FINNIFTY02JAN2420500CE.NFO,02/01/2024,15:08:22,855.95,846.55,240,850.6,160,0,1680
FINNIFTY02JAN2420500CE.NFO,02/01/2024,15:08:23,855.95,846.55,200,925.25,160,0,1680
FINNIFTY02JAN2420500CE.NFO,02/01/2024,15:08:25,855.95,846.4,240,856.75,160,0,1680
FINNIFTY02JAN2420500CE.NFO,02/01/2024,15:08:27,855.95,846.45,80,856.55,80,0,1680
FINNIFTY02JAN2420500CE.NFO,02/01/2024,15:08:28,855.95,846.3,200,856.25,80,0,1680
FINNIFTY02JAN2420500CE.NFO,02/01/2024,15:08:30,855.95,846.65,80,856.15,80,0,1680
FINNIFTY02JAN2420500CE.NFO,02/01/2024,15:08:35,855.95,846.65,80,855.75,80,0,1680
FINNIFTY02JAN2420500CE.NFO,02/01/2024,15:08:44,855.95,845.1,240,854.55,160,0,1680
FINNIFTY02JAN2420500CE.NFO,02/01/2024,15:08:52,855.95,844.3,80,852.15,80,0,1680
FINNIFTY02JAN2420500CE.NFO,02/01/2024,15:09:02,855.95,842.1,200,851.85,80,0,1680
FINNIFTY02JAN2420500CE.NFO,02/01/2024,15:09:12,855.95,843.45,200,851.05,80,0,1680
FINNIFTY02JAN2420500CE.NFO,02/01/2024,15:09:21,855.95,844.55,200,850.85,160,0,1680
FINNIFTY02JAN2420500CE.NFO,02/01/2024,15:09:31,855.95,843.1,480,850.25,80,0,1680
FINNIFTY02JAN2420500CE.NFO,02/01/2024,15:09:41,855.95,841.85,120,850,80,0,1680
FINNIFTY02JAN2420500CE.NFO,02/01/2024,15:09:52,855.95,842.45,80,849.3,80,0,1680
FINNIFTY02JAN2420500CE.NFO,02/01/2024,15:10:02,855.95,842.15,80,848.5,80,0,1680
FINNIFTY02JAN2420500CE.NFO,02/01/2024,15:10:13,855.95,841.4,80,848.3,80,0,1680
FINNIFTY02JAN2420500CE.NFO,02/01/2024,15:10:24,855.95,840.75,80,847.65,80,0,1680
FINNIFTY02JAN2420500CE.NFO,02/01/2024,15:10:34,855.95,838.3,80,847.3,80,0,1680
FINNIFTY02JAN2420500CE.NFO,02/01/2024,15:10:45,855.95,839.45,400,847.75,160,0,1680
FINNIFTY02JAN2420500CE.NFO,02/01/2024,15:10:56,855.95,840.75,160,847.55,160,0,1680
FINNIFTY02JAN2420500CE.NFO,02/01/2024,15:11:05,855.95,840.2,80,846.35,80,0,1680
FINNIFTY02JAN2420500CE.NFO,02/01/2024,15:11:15,855.95,842.25,80,845.75,160,0,1680
FINNIFTY02JAN2420500CE.NFO,02/01/2024,15:11:25,855.95,843.6,360,847.1,80,0,1680
FINNIFTY02JAN2420500CE.NFO,02/01/2024,15:11:35,855.95,844.85,160,854,80,0,1680
FINNIFTY02JAN2420500CE.NFO,02/01/2024,15:11:44,855.95,844,400,853.15,80,0,1680
FINNIFTY02JAN2420500CE.NFO,02/01/2024,15:11:53,855.95,842.75,160,852.1,80,0,1680
FINNIFTY02JAN2420500CE.NFO,02/01/2024,15:12:02,855.95,843.3,80,851.3,80,0,1680
FINNIFTY02JAN2420500CE.NFO,02/01/2024,15:12:11,855.95,842.7,40,850.5,80,0,1680
FINNIFTY02JAN2420500CE.NFO,02/01/2024,15:12:21,855.95,842.35,40,849.2,80,0,1680
FINNIFTY02JAN2420500CE.NFO,02/01/2024,15:12:32,855.95,802.85,240,847.9,80,0,1680
FINNIFTY02JAN2420500CE.NFO,02/01/2024,15:12:33,855.95,811.5,160,847.85,160,0,1680
FINNIFTY02JAN2420500CE.NFO,02/01/2024,15:12:35,855.95,820.8,200,847.7,80,0,1680
FINNIFTY02JAN2420500CE.NFO,02/01/2024,15:12:37,855.95,829.2,480,847.7,80,0,1680
FINNIFTY02JAN2420500CE.NFO,02/01/2024,15:12:38,855.95,839.85,360,847.5,80,0,1680
FINNIFTY02JAN2420500CE.NFO,02/01/2024,15:12:40,855.95,840.95,160,847.05,80,0,1680
FINNIFTY02JAN2420500CE.NFO,02/01/2024,15:12:42,855.95,840.5,400,847.05,80,0,1680
FINNIFTY02JAN2420500CE.NFO,02/01/2024,15:12:43,855.95,841.15,360,847.05,80,0,1680
FINNIFTY02JAN2420500CE.NFO,02/01/2024,15:12:45,855.95,841.4,400,846.85,80,0,1680
FINNIFTY02JAN2420500CE.NFO,02/01/2024,15:12:47,855.95,841.6,80,846.25,80,0,1680
FINNIFTY02JAN2420500CE.NFO,02/01/2024,15:12:48,855.95,842.05,360,845.95,80,0,1680
FINNIFTY02JAN2420500CE.NFO,02/01/2024,15:12:50,855.95,842.25,400,845.75,80,0,1680
FINNIFTY02JAN2420500CE.NFO,02/01/2024,15:12:52,855.95,842,80,845.55,80,0,1680
FINNIFTY02JAN2420500CE.NFO,02/01/2024,15:12:53,855.95,841.05,80,845.3,80,0,1680
FINNIFTY02JAN2420500CE.NFO,02/01/2024,15:12:55,855.95,841.1,80,845.15,80,0,1680
FINNIFTY02JAN2420500CE.NFO,02/01/2024,15:12:57,855.95,841.2,200,844.85,80,0,1680
FINNIFTY02JAN2420500CE.NFO,02/01/2024,15:12:58,855.95,841.3,80,844.55,80,0,1680
FINNIFTY02JAN2420500CE.NFO,02/01/2024,15:13:00,855.95,841.1,80,844.55,80,0,1680
FINNIFTY02JAN2420500CE.NFO,02/01/2024,15:13:02,855.95,841.3,160,844.5,80,0,1680
FINNIFTY02JAN2420500CE.NFO,02/01/2024,15:13:03,855.95,841.8,160,850.05,80,0,1680
FINNIFTY02JAN2420500CE.NFO,02/01/2024,15:13:05,855.95,841.95,80,849.85,80,0,1680
FINNIFTY02JAN2420500CE.NFO,02/01/2024,15:13:08,855.95,841.3,120,849.5,160,0,1680
FINNIFTY02JAN2420500CE.NFO,02/01/2024,15:13:10,855.95,841.4,80,849.1,80,0,1680
FINNIFTY02JAN2420500CE.NFO,02/01/2024,15:13:12,855.95,841.55,80,848.8,80,0,1680
FINNIFTY02JAN2420500CE.NFO,02/01/2024,15:13:13,855.95,841.65,80,848.5,80,0,1680
FINNIFTY02JAN2420500CE.NFO,02/01/2024,15:13:15,855.95,841.75,200,848.5,80,0,1680
FINNIFTY02JAN2420500CE.NFO,02/01/2024,15:13:17,855.95,842.55,160,848,80,0,1680
FINNIFTY02JAN2420500CE.NFO,02/01/2024,15:13:18,855.95,842.8,80,847.5,80,0,1680
FINNIFTY02JAN2420500CE.NFO,02/01/2024,15:13:20,855.95,843,80,847.15,160,0,1680
FINNIFTY02JAN2420500CE.NFO,02/01/2024,15:13:22,855.95,843.15,80,846.65,80,0,1680
FINNIFTY02JAN2420500CE.NFO,02/01/2024,15:13:23,855.95,843.2,80,846.55,80,0,1680
FINNIFTY02JAN2420500CE.NFO,02/01/2024,15:13:25,855.95,843.35,80,846.25,80,0,1680
FINNIFTY02JAN2420500CE.NFO,02/01/2024,15:13:27,855.95,843.4,80,846,80,0,1680
FINNIFTY02JAN2420500CE.NFO,02/01/2024,15:13:28,855.95,842.65,720,846,80,0,1680
FINNIFTY02JAN2420500CE.NFO,02/01/2024,15:13:31,855.95,841.1,200,845.75,80,0,1680
FINNIFTY02JAN2420500CE.NFO,02/01/2024,15:13:40,855.95,841.3,240,845.05,160,0,1680
FINNIFTY02JAN2420500CE.NFO,02/01/2024,15:13:50,855.95,842.2,80,845.7,80,0,1680
FINNIFTY02JAN2420500CE.NFO,02/01/2024,15:13:59,855.95,842.4,160,1042.5,160,0,1680
FINNIFTY02JAN2420500CE.NFO,02/01/2024,15:14:08,855.95,842.6,400,935.95,80,0,1680
FINNIFTY02JAN2420500CE.NFO,02/01/2024,15:14:17,855.95,843.5,80,935.05,80,0,1680
FINNIFTY02JAN2420500CE.NFO,02/01/2024,15:14:27,855.95,844.25,80,847.95,80,0,1680
FINNIFTY02JAN2420500CE.NFO,02/01/2024,15:14:36,855.95,845.25,160,849.2,120,0,1680
FINNIFTY02JAN2420500CE.NFO,02/01/2024,15:14:45,855.95,846.8,160,850.2,80,0,1680
FINNIFTY02JAN2420500CE.NFO,02/01/2024,15:14:53,855.95,846.8,80,849.65,80,0,1680
FINNIFTY02JAN2420500CE.NFO,02/01/2024,15:15:01,855.95,846.95,80,850.45,160,0,1680
FINNIFTY02JAN2420500CE.NFO,02/01/2024,15:15:10,855.95,846,600,849.75,80,0,1680
FINNIFTY02JAN2420500CE.NFO,02/01/2024,15:15:18,855.95,846.7,400,850.95,80,0,1680
FINNIFTY02JAN2420500CE.NFO,02/01/2024,15:15:27,855.95,846.3,160,849.5,160,0,1680
FINNIFTY02JAN2420500CE.NFO,02/01/2024,15:15:31,855.95,846.4,80,849.05,80,0,1680
FINNIFTY02JAN2420500CE.NFO,02/01/2024,15:15:33,855.95,845,200,849.05,80,0,1680
FINNIFTY02JAN2420500CE.NFO,02/01/2024,15:15:35,855.95,844.65,560,848.95,80,0,1680
FINNIFTY02JAN2420500CE.NFO,02/01/2024,15:15:36,855.95,844.7,240,848.75,80,0,1680
FINNIFTY02JAN2420500CE.NFO,02/01/2024,15:15:38,855.95,844.8,80,848.45,80,0,1680
FINNIFTY02JAN2420500CE.NFO,02/01/2024,15:15:40,855.95,844.95,80,848.15,160,0,1680
FINNIFTY02JAN2420500CE.NFO,02/01/2024,15:15:41,855.95,845.05,80,848.05,80,0,1680
FINNIFTY02JAN2420500CE.NFO,02/01/2024,15:15:43,855.95,844.1,80,847.75,80,0,1680
FINNIFTY02JAN2420500CE.NFO,02/01/2024,15:15:46,855.95,844.15,160,847.65,80,0,1680
FINNIFTY02JAN2420500CE.NFO,02/01/2024,15:15:50,855.95,844.55,400,847.65,80,0,1680
FINNIFTY02JAN2420500CE.NFO,02/01/2024,15:15:51,855.95,844.15,160,847.35,80,0,1680
FINNIFTY02JAN2420500CE.NFO,02/01/2024,15:15:53,855.95,844.2,80,847.3,80,0,1680
FINNIFTY02JAN2420500CE.NFO,02/01/2024,15:15:56,855.95,844.25,80,847.2,80,0,1680
FINNIFTY02JAN2420500CE.NFO,02/01/2024,15:15:58,855.95,844.35,80,847.05,80,0,1680
FINNIFTY02JAN2420500CE.NFO,02/01/2024,15:16:00,855.95,844.4,80,846.95,80,0,1680
FINNIFTY02JAN2420500CE.NFO,02/01/2024,15:16:01,855.95,844.4,80,853.9,200,0,1680
FINNIFTY02JAN2420500CE.NFO,02/01/2024,15:16:03,855.95,844.45,80,853.55,80,0,1680
FINNIFTY02JAN2420500CE.NFO,02/01/2024,15:16:05,855.95,844.5,200,853.45,80,0,1680
FINNIFTY02JAN2420500CE.NFO,02/01/2024,15:16:06,855.95,844.9,400,853.45,80,0,1680
FINNIFTY02JAN2420500CE.NFO,02/01/2024,15:16:08,855.95,844.9,160,853.35,80,0,1680
FINNIFTY02JAN2420500CE.NFO,02/01/2024,15:16:10,855.95,845,160,853.35,80,0,1680
FINNIFTY02JAN2420500CE.NFO,02/01/2024,15:16:11,855.95,845.5,320,853.25,80,0,1680
FINNIFTY02JAN2420500CE.NFO,02/01/2024,15:16:13,855.95,845.75,80,853.15,80,0,1680
FINNIFTY02JAN2420500CE.NFO,02/01/2024,15:16:15,855.95,845.8,80,853.05,80,0,1680
FINNIFTY02JAN2420500CE.NFO,02/01/2024,15:16:20,855.95,845.85,160,852.95,80,0,1680
FINNIFTY02JAN2420500CE.NFO,02/01/2024,15:16:23,855.95,844.55,160,852.95,80,0,1680
FINNIFTY02JAN2420500CE.NFO,02/01/2024,15:16:25,855.95,844.7,80,852.65,80,0,1680
FINNIFTY02JAN2420500CE.NFO,02/01/2024,15:16:28,855.95,844.8,80,852.05,80,0,1680
FINNIFTY02JAN2420500CE.NFO,02/01/2024,15:16:30,855.95,844.8,80,851.95,160,0,1680
FINNIFTY02JAN2420500CE.NFO,02/01/2024,15:16:38,855.95,844.85,80,851.25,80,0,1680
FINNIFTY02JAN2420500CE.NFO,02/01/2024,15:16:47,855.95,845.1,80,850.85,80,0,1680
FINNIFTY02JAN2420500CE.NFO,02/01/2024,15:16:56,855.95,845.55,80,850.15,80,0,1680
FINNIFTY02JAN2420500CE.NFO,02/01/2024,15:17:06,855.95,845.7,80,849.35,80,0,1680
FINNIFTY02JAN2420500CE.NFO,02/01/2024,15:17:15,855.95,844.4,120,848.15,80,0,1680
FINNIFTY02JAN2420500CE.NFO,02/01/2024,15:17:24,855.95,845.35,80,849.25,80,0,1680
FINNIFTY02JAN2420500CE.NFO,02/01/2024,15:17:33,855.95,845.55,80,848.75,80,0,1680
FINNIFTY02JAN2420500CE.NFO,02/01/2024,15:17:42,855.95,845.65,400,1042.9,80,0,1680
FINNIFTY02JAN2420500CE.NFO,02/01/2024,15:17:52,855.95,846.1,240,1042.5,80,0,1680
FINNIFTY02JAN2420500CE.NFO,02/01/2024,15:18:00,855.95,845.9,400,1042.4,80,0,1680
FINNIFTY02JAN2420500CE.NFO,02/01/2024,15:18:09,855.95,846.7,120,944,160,0,1680
FINNIFTY02JAN2420500CE.NFO,02/01/2024,15:18:17,855.95,847.25,160,939.95,760,0,1680
FINNIFTY02JAN2420500CE.NFO,02/01/2024,15:18:25,855.95,846.7,80,939.45,80,0,1680
FINNIFTY02JAN2420500CE.NFO,02/01/2024,15:18:33,855.95,847.2,400,939.25,160,0,1680
FINNIFTY02JAN2420500CE.NFO,02/01/2024,15:18:42,855.95,847.95,400,898.35,160,0,1680
FINNIFTY02JAN2420500CE.NFO,02/01/2024,15:18:51,855.95,848.7,400,898.25,160,0,1680
FINNIFTY02JAN2420500CE.NFO,02/01/2024,15:18:58,855.95,848.4,160,897.95,80,0,1680
FINNIFTY02JAN2420500CE.NFO,02/01/2024,15:19:14,855.95,846.6,400,897.75,160,0,1680
FINNIFTY02JAN2420500CE.NFO,02/01/2024,15:19:22,855.95,846.55,160,897.55,80,0,1680
FINNIFTY02JAN2420500CE.NFO,02/01/2024,15:19:30,855.95,846.4,80,869.4,80,0,1680
FINNIFTY02JAN2420500CE.NFO,02/01/2024,15:19:38,855.95,846.7,160,869.2,80,0,1680
FINNIFTY02JAN2420500CE.NFO,02/01/2024,15:19:46,855.95,846.65,80,869,160,0,1680
FINNIFTY02JAN2420500CE.NFO,02/01/2024,15:19:56,855.95,846.65,80,868.9,80,0,1680
FINNIFTY02JAN2420500CE.NFO,02/01/2024,15:20:04,855.95,845.7,200,868.7,80,0,1680
FINNIFTY02JAN2420500CE.NFO,02/01/2024,15:20:13,855.95,845.85,400,868.3,160,0,1680
FINNIFTY02JAN2420500CE.NFO,02/01/2024,15:20:22,855.95,846.1,80,867.9,80,0,1680
FINNIFTY02JAN2420500CE.NFO,02/01/2024,15:20:30,855.95,846.4,80,867.4,80,0,1680
FINNIFTY02JAN2420500CE.NFO,02/01/2024,15:20:46,855.95,846.4,80,867.2,160,0,1680
FINNIFTY02JAN2420500CE.NFO,02/01/2024,15:20:54,855.95,846.55,80,854.65,80,0,1680
FINNIFTY02JAN2420500CE.NFO,02/01/2024,15:21:02,855.95,847.05,80,853.7,80,0,1680
FINNIFTY02JAN2420500CE.NFO,02/01/2024,15:21:11,855.95,847.05,80,853.35,80,0,1680
FINNIFTY02JAN2420500CE.NFO,02/01/2024,15:21:18,855.95,846.8,80,852.25,80,0,1680
FINNIFTY02JAN2420500CE.NFO,02/01/2024,15:21:26,855.95,846.85,80,851.85,160,0,1680
FINNIFTY02JAN2420500CE.NFO,02/01/2024,15:21:34,855.95,846.85,80,851.65,80,0,1680
FINNIFTY02JAN2420500CE.NFO,02/01/2024,15:21:44,855.95,846.9,80,850.75,80,0,1680
FINNIFTY02JAN2420500CE.NFO,02/01/2024,15:21:59,855.95,847.1,160,850.15,80,0,1680
FINNIFTY02JAN2420500CE.NFO,02/01/2024,15:22:07,855.95,847.15,160,849.75,80,0,1680
FINNIFTY02JAN2420500CE.NFO,02/01/2024,15:22:15,855.95,846,80,849,80,0,1680
FINNIFTY02JAN2420500CE.NFO,02/01/2024,15:22:23,855.95,846.05,80,848.8,80,0,1680
FINNIFTY02JAN2420500CE.NFO,02/01/2024,15:22:30,855.95,846.2,80,848.75,160,0,1680
FINNIFTY02JAN2420500CE.NFO,02/01/2024,15:22:38,855.95,846.55,80,848.5,80,0,1680
FINNIFTY02JAN2420500CE.NFO,02/01/2024,15:22:46,855.95,845.5,400,850.5,160,0,1680
FINNIFTY02JAN2420500CE.NFO,02/01/2024,15:22:54,855.95,845.6,80,850.2,80,0,1680
FINNIFTY02JAN2420500CE.NFO,02/01/2024,15:23:04,855.95,845.7,80,850,80,0,1680
FINNIFTY02JAN2420500CE.NFO,02/01/2024,15:23:13,855.95,845.85,160,849.7,80,0,1680
FINNIFTY02JAN2420500CE.NFO,02/01/2024,15:23:23,855.95,846.05,160,849.1,80,0,1680
FINNIFTY02JAN2420500CE.NFO,02/01/2024,15:23:32,855.95,846.4,80,849.95,80,0,1680
FINNIFTY02JAN2420500CE.NFO,02/01/2024,15:23:41,855.95,846.25,80,849.75,80,0,1680
FINNIFTY02JAN2420500CE.NFO,02/01/2024,15:23:51,855.95,846.5,80,848.8,80,0,1680
FINNIFTY02JAN2420500CE.NFO,02/01/2024,15:24:00,855.95,845.25,240,848.65,80,0,1680
FINNIFTY02JAN2420500CE.NFO,02/01/2024,15:24:09,855.95,845.45,80,848.45,80,0,1680
FINNIFTY02JAN2420500CE.NFO,02/01/2024,15:24:19,855.95,845.55,80,848.25,80,0,1680
FINNIFTY02JAN2420500CE.NFO,02/01/2024,15:24:29,855.95,845.75,80,848,80,0,1680
FINNIFTY02JAN2420500CE.NFO,02/01/2024,15:24:49,855.95,845.25,80,854.55,80,0,1680
FINNIFTY02JAN2420500CE.NFO,02/01/2024,15:24:58,855.95,845.35,80,853.65,80,0,1680
FINNIFTY02JAN2420500CE.NFO,02/01/2024,15:25:07,855.95,845.4,80,853.15,80,0,1680
FINNIFTY02JAN2420500CE.NFO,02/01/2024,15:25:17,855.95,845.8,80,851.75,80,0,1680
FINNIFTY02JAN2420500CE.NFO,02/01/2024,15:25:27,855.95,846,80,850.45,400,0,1680
FINNIFTY02JAN2420500CE.NFO,02/01/2024,15:25:37,855.95,845.05,80,850.15,80,0,1680
FINNIFTY02JAN2420500CE.NFO,02/01/2024,15:25:48,855.95,845.2,80,849.75,80,0,1680
FINNIFTY02JAN2420500CE.NFO,02/01/2024,15:25:58,855.95,845.55,80,849.25,160,0,1680
FINNIFTY02JAN2420500CE.NFO,02/01/2024,15:26:08,855.95,844.8,160,848.4,80,0,1680
FINNIFTY02JAN2420500CE.NFO,02/01/2024,15:26:17,855.95,845.75,80,847.45,80,0,1680
FINNIFTY02JAN2420500CE.NFO,02/01/2024,15:26:27,855.95,844.45,80,848.7,80,0,1680
FINNIFTY02JAN2420500CE.NFO,02/01/2024,15:26:37,855.95,845.1,80,847.9,80,0,1680
FINNIFTY02JAN2420500CE.NFO,02/01/2024,15:26:46,855.95,845.25,80,847.3,80,0,1680
FINNIFTY02JAN2420500CE.NFO,02/01/2024,15:26:56,855.95,845.3,80,847.2,80,0,1680
FINNIFTY02JAN2420500CE.NFO,02/01/2024,15:27:05,855.95,843.95,120,853.7,400,0,1680
FINNIFTY02JAN2420500CE.NFO,02/01/2024,15:27:15,855.95,844.05,120,852.9,200,0,1680
FINNIFTY02JAN2420500CE.NFO,02/01/2024,15:27:24,855.95,844.05,120,852.85,200,0,1680
FINNIFTY02JAN2420500CE.NFO,02/01/2024,15:27:32,855.95,844.3,80,852.85,200,0,1680
FINNIFTY02JAN2420500CE.NFO,02/01/2024,15:27:42,855.95,844.2,160,853.35,80,0,1680
FINNIFTY02JAN2420500CE.NFO,02/01/2024,15:27:50,855.95,844.25,80,853.35,80,0,1680
FINNIFTY02JAN2420500CE.NFO,02/01/2024,15:28:09,855.95,843.65,80,853.25,200,0,1680
FINNIFTY02JAN2420500CE.NFO,02/01/2024,15:28:27,855.95,843.7,80,852.55,400,0,1680
FINNIFTY02JAN2420500CE.NFO,02/01/2024,15:28:36,855.95,844,80,852.35,200,0,1680
FINNIFTY02JAN2420500CE.NFO,02/01/2024,15:28:45,855.95,844.2,320,851.95,80,0,1680
FINNIFTY02JAN2420500CE.NFO,02/01/2024,15:28:53,855.95,844.3,80,851.7,80,0,1680
FINNIFTY02JAN2420500CE.NFO,02/01/2024,15:29:10,855.95,844.65,80,851.3,200,0,1680
FINNIFTY02JAN2420500CE.NFO,02/01/2024,15:29:20,855.95,844.7,80,851.25,80,0,1680
FINNIFTY02JAN2420500CE.NFO,02/01/2024,15:29:40,855.95,844.9,80,851,200,0,1680
FINNIFTY02JAN2420500CE.NFO,02/01/2024,15:29:50,855.95,845,80,850.75,80,0,1680
FINNIFTY02JAN2420500CE.NFO,02/01/2024,15:30:00,855.95,843.5,120,855,400,0,1680
