Ticker,Date,Time,LTP,BuyPrice,BuyQty,SellPrice,SellQty,LTQ,OpenInterest
FINNIFTY02JAN2419900PE.NFO,02/01/2024,09:15:02,0.1,0.25,1200,0.85,200,400,51960
FINNIFTY02JAN2419900PE.NFO,02/01/2024,09:15:02,0.1,0.25,1200,0.85,200,0,51960
FINNIFTY02JAN2419900PE.NFO,02/01/2024,09:15:02,0.1,0.25,1200,0.85,200,0,51960
FINNIFTY02JAN2419900PE.NFO,02/01/2024,09:15:02,0.1,0.25,1200,0.85,200,0,51960
FINNIFTY02JAN2419900PE.NFO,02/01/2024,09:15:16,0.25,0.25,21120,0.7,720,1960,51960
FINNIFTY02JAN2419900PE.NFO,02/01/2024,09:15:16,0.35,0.25,21120,0.7,720,0,51960
FINNIFTY02JAN2419900PE.NFO,02/01/2024,09:15:28,0.25,0.25,17200,0.6,2320,3920,51960
FINNIFTY02JAN2419900PE.NFO,02/01/2024,09:15:39,0.25,0.25,18000,0.4,2720,0,51960
FINNIFTY02JAN2419900PE.NFO,02/01/2024,09:15:50,0.4,0.25,18000,0.4,4240,200,51960
FINNIFTY02JAN2419900PE.NFO,02/01/2024,09:15:50,0.4,0.25,18000,0.4,4240,0,51960
FINNIFTY02JAN2419900PE.NFO,02/01/2024,09:16:00,0.4,0.25,17920,0.35,2400,0,51960
FINNIFTY02JAN2419900PE.NFO,02/01/2024,09:16:12,0.25,0.25,16760,0.3,5480,1360,51960
FINNIFTY02JAN2419900PE.NFO,02/01/2024,09:16:21,0.25,0.25,17320,0.3,5480,0,51960
FINNIFTY02JAN2419900PE.NFO,02/01/2024,09:16:41,0.25,0.25,16680,0.3,5480,640,51960
FINNIFTY02JAN2419900PE.NFO,02/01/2024,09:16:50,0.25,0.25,16480,0.3,6920,200,51960
FINNIFTY02JAN2419900PE.NFO,02/01/2024,09:17:00,0.25,0.25,16280,0.3,6920,200,51960
FINNIFTY02JAN2419900PE.NFO,02/01/2024,09:17:10,0.25,0.25,16400,0.3,7480,0,51960
FINNIFTY02JAN2419900PE.NFO,02/01/2024,09:17:19,0.25,0.25,13920,0.3,10720,2480,51960
FINNIFTY02JAN2419900PE.NFO,02/01/2024,09:17:29,0.25,0.25,27760,0.3,12280,4520,51440
FINNIFTY02JAN2419900PE.NFO,02/01/2024,09:17:38,0.25,0.25,25000,0.3,18040,3040,51440
FINNIFTY02JAN2419900PE.NFO,02/01/2024,09:17:48,0.25,0.25,22120,0.3,22680,3040,51440
FINNIFTY02JAN2419900PE.NFO,02/01/2024,09:17:58,0.25,0.25,19080,0.3,24440,3040,51440
FINNIFTY02JAN2419900PE.NFO,02/01/2024,09:18:07,0.25,0.25,19080,0.3,24440,0,51440
FINNIFTY02JAN2419900PE.NFO,02/01/2024,09:18:16,0.25,0.25,20480,0.3,24440,0,51440
FINNIFTY02JAN2419900PE.NFO,02/01/2024,09:18:36,0.25,0.2,50160,0.25,22960,21560,51440
FINNIFTY02JAN2419900PE.NFO,02/01/2024,09:18:46,0.25,0.2,77440,0.25,30480,0,51440
FINNIFTY02JAN2419900PE.NFO,02/01/2024,09:18:55,0.25,0.2,77880,0.25,30480,0,51440
FINNIFTY02JAN2419900PE.NFO,02/01/2024,09:19:45,0.25,0.2,77880,0.25,32280,0,51440
FINNIFTY02JAN2419900PE.NFO,02/01/2024,09:19:55,0.25,0.2,77880,0.25,34320,400,51440
FINNIFTY02JAN2419900PE.NFO,02/01/2024,09:20:06,0.25,0.2,77800,0.25,34320,0,51440
FINNIFTY02JAN2419900PE.NFO,02/01/2024,09:21:04,0.25,0.2,77800,0.25,35120,720,79600
FINNIFTY02JAN2419900PE.NFO,02/01/2024,09:21:14,0.25,0.2,77760,0.25,33720,1440,79600
FINNIFTY02JAN2419900PE.NFO,02/01/2024,09:21:25,0.2,0.2,81600,0.25,35960,520,79600
FINNIFTY02JAN2419900PE.NFO,02/01/2024,09:21:35,0.25,0.2,81560,0.25,34560,1440,79600
FINNIFTY02JAN2419900PE.NFO,02/01/2024,09:21:45,0.25,0.2,81720,0.25,34560,0,79600
FINNIFTY02JAN2419900PE.NFO,02/01/2024,09:22:18,0.25,0.2,82320,0.25,34320,0,79600
FINNIFTY02JAN2419900PE.NFO,02/01/2024,09:23:09,0.25,0.2,82240,0.25,34280,40,79600
FINNIFTY02JAN2419900PE.NFO,02/01/2024,09:23:37,0.25,0.2,82240,0.25,34000,280,79360
FINNIFTY02JAN2419900PE.NFO,02/01/2024,09:23:56,0.25,0.2,82240,0.25,34120,120,79360
FINNIFTY02JAN2419900PE.NFO,02/01/2024,09:24:05,0.25,0.2,82240,0.25,33560,560,79360
FINNIFTY02JAN2419900PE.NFO,02/01/2024,09:24:14,0.25,0.2,82800,0.25,33480,80,79360
FINNIFTY02JAN2419900PE.NFO,02/01/2024,09:24:24,0.25,0.2,83200,0.25,33440,40,79360
FINNIFTY02JAN2419900PE.NFO,02/01/2024,09:24:45,0.25,0.2,83200,0.25,33400,40,79360
FINNIFTY02JAN2419900PE.NFO,02/01/2024,09:24:54,0.25,0.2,83120,0.25,30800,1560,79360
FINNIFTY02JAN2419900PE.NFO,02/01/2024,09:25:05,0.25,0.2,83120,0.25,30560,680,79360
FINNIFTY02JAN2419900PE.NFO,02/01/2024,09:25:16,0.25,0.2,83120,0.25,33840,40,79360
FINNIFTY02JAN2419900PE.NFO,02/01/2024,09:25:26,0.25,0.2,83120,0.25,33440,400,79360
FINNIFTY02JAN2419900PE.NFO,02/01/2024,09:25:36,0.25,0.2,83120,0.25,32960,480,79360
FINNIFTY02JAN2419900PE.NFO,02/01/2024,09:25:46,0.25,0.2,83120,0.25,29840,1840,79360
FINNIFTY02JAN2419900PE.NFO,02/01/2024,09:25:55,0.25,0.2,83120,0.25,26920,1880,79360
FINNIFTY02JAN2419900PE.NFO,02/01/2024,09:26:05,0.25,0.2,83120,0.25,25160,1760,79360
FINNIFTY02JAN2419900PE.NFO,02/01/2024,09:26:15,0.25,0.2,82720,0.25,22480,880,79360
FINNIFTY02JAN2419900PE.NFO,02/01/2024,09:26:25,0.25,0.2,82720,0.25,11120,5920,79360
FINNIFTY02JAN2419900PE.NFO,02/01/2024,09:26:36,0.3,0.25,12600,0.3,26040,12320,80360
FINNIFTY02JAN2419900PE.NFO,02/01/2024,09:26:46,0.3,0.25,15040,0.3,31480,2560,80360
FINNIFTY02JAN2419900PE.NFO,02/01/2024,09:26:57,0.25,0.25,11200,0.3,36040,4080,80360
FINNIFTY02JAN2419900PE.NFO,02/01/2024,09:27:07,0.25,0.25,9360,0.3,40840,1600,80360
FINNIFTY02JAN2419900PE.NFO,02/01/2024,09:27:18,0.25,0.25,9320,0.3,42280,80,80360
FINNIFTY02JAN2419900PE.NFO,02/01/2024,09:27:28,0.25,0.25,9280,0.3,42040,0,80360
FINNIFTY02JAN2419900PE.NFO,02/01/2024,09:27:37,0.25,0.25,7840,0.3,46480,1440,80360
FINNIFTY02JAN2419900PE.NFO,02/01/2024,09:27:47,0.25,0.25,7840,0.3,46480,0,80360
FINNIFTY02JAN2419900PE.NFO,02/01/2024,09:28:07,0.25,0.25,6280,0.3,47920,1560,80360
FINNIFTY02JAN2419900PE.NFO,02/01/2024,09:28:17,0.3,0.25,6280,0.3,49360,800,80360
FINNIFTY02JAN2419900PE.NFO,02/01/2024,09:28:28,0.3,0.25,8080,0.3,48280,1080,80360
FINNIFTY02JAN2419900PE.NFO,02/01/2024,09:28:41,0.25,0.25,7880,0.3,48760,200,80360
FINNIFTY02JAN2419900PE.NFO,02/01/2024,09:28:54,0.3,0.25,8880,0.3,47960,800,80360
FINNIFTY02JAN2419900PE.NFO,02/01/2024,09:29:05,0.3,0.25,8880,0.3,46280,1680,80360
FINNIFTY02JAN2419900PE.NFO,02/01/2024,09:29:28,0.3,0.25,8880,0.3,46280,0,80360
FINNIFTY02JAN2419900PE.NFO,02/01/2024,09:29:48,0.25,0.25,8400,0.3,46280,480,91720
FINNIFTY02JAN2419900PE.NFO,02/01/2024,09:29:58,0.25,0.25,8400,0.3,46280,0,91720
FINNIFTY02JAN2419900PE.NFO,02/01/2024,09:30:58,0.3,0.25,8400,0.3,45800,480,91720
FINNIFTY02JAN2419900PE.NFO,02/01/2024,09:31:20,0.3,0.25,8400,0.3,45520,280,91720
FINNIFTY02JAN2419900PE.NFO,02/01/2024,09:31:30,0.3,0.25,8400,0.3,45520,0,91720
FINNIFTY02JAN2419900PE.NFO,02/01/2024,09:31:59,0.25,0.25,8360,0.3,45520,40,91720
FINNIFTY02JAN2419900PE.NFO,02/01/2024,09:32:08,0.3,0.25,8360,0.3,45120,400,91720
FINNIFTY02JAN2419900PE.NFO,02/01/2024,09:32:18,0.25,0.25,8280,0.3,45120,80,91720
FINNIFTY02JAN2419900PE.NFO,02/01/2024,09:32:28,0.3,0.25,8280,0.3,45040,80,91720
FINNIFTY02JAN2419900PE.NFO,02/01/2024,09:32:38,0.25,0.25,7040,0.3,45040,3600,91120
FINNIFTY02JAN2419900PE.NFO,02/01/2024,09:32:48,0.25,0.25,7040,0.3,45040,0,91120
FINNIFTY02JAN2419900PE.NFO,02/01/2024,09:32:58,0.3,0.25,7040,0.3,45000,40,91120
FINNIFTY02JAN2419900PE.NFO,02/01/2024,09:33:07,0.3,0.25,7040,0.3,45000,0,91120
FINNIFTY02JAN2419900PE.NFO,02/01/2024,09:33:27,0.3,0.25,8480,0.3,45360,80,91120
FINNIFTY02JAN2419900PE.NFO,02/01/2024,09:33:36,0.3,0.25,8480,0.3,45280,80,91120
FINNIFTY02JAN2419900PE.NFO,02/01/2024,09:33:46,0.3,0.25,8480,0.3,45200,80,91120
FINNIFTY02JAN2419900PE.NFO,02/01/2024,09:33:55,0.25,0.25,5680,0.3,45120,1880,91120
FINNIFTY02JAN2419900PE.NFO,02/01/2024,09:34:05,0.3,0.25,8320,0.3,45040,80,91120
FINNIFTY02JAN2419900PE.NFO,02/01/2024,09:34:14,0.3,0.25,8320,0.3,45040,0,91120
FINNIFTY02JAN2419900PE.NFO,02/01/2024,09:34:23,0.25,0.25,8040,0.3,45040,280,91120
FINNIFTY02JAN2419900PE.NFO,02/01/2024,09:34:32,0.25,0.25,6600,0.3,45040,440,91120
FINNIFTY02JAN2419900PE.NFO,02/01/2024,09:34:50,0.25,0.25,5600,0.3,46840,1000,91120
FINNIFTY02JAN2419900PE.NFO,02/01/2024,09:34:59,0.25,0.25,5480,0.3,46760,200,91120
FINNIFTY02JAN2419900PE.NFO,02/01/2024,09:35:09,0.25,0.25,6040,0.3,46680,1040,91120
FINNIFTY02JAN2419900PE.NFO,02/01/2024,09:35:18,0.25,0.25,6360,0.3,46680,280,91120
FINNIFTY02JAN2419900PE.NFO,02/01/2024,09:35:27,0.3,0.25,6280,0.3,46600,160,91120
FINNIFTY02JAN2419900PE.NFO,02/01/2024,09:35:46,0.3,0.25,6560,0.3,46320,320,89720
FINNIFTY02JAN2419900PE.NFO,02/01/2024,09:36:15,0.25,0.25,6520,0.3,46320,40,89720
FINNIFTY02JAN2419900PE.NFO,02/01/2024,09:36:24,0.25,0.25,5760,0.3,45840,1240,89720
FINNIFTY02JAN2419900PE.NFO,02/01/2024,09:36:33,0.3,0.25,6560,0.3,46160,80,89720
FINNIFTY02JAN2419900PE.NFO,02/01/2024,09:36:51,0.3,0.25,6560,0.3,46080,80,89720
FINNIFTY02JAN2419900PE.NFO,02/01/2024,09:37:09,0.25,0.25,5640,0.3,46080,920,89720
FINNIFTY02JAN2419900PE.NFO,02/01/2024,09:38:02,0.25,0.25,5640,0.3,46080,0,89720
FINNIFTY02JAN2419900PE.NFO,02/01/2024,09:38:10,0.25,0.25,5560,0.3,46080,80,89720
FINNIFTY02JAN2419900PE.NFO,02/01/2024,09:38:29,0.3,0.25,6560,0.3,45760,320,89720
FINNIFTY02JAN2419900PE.NFO,02/01/2024,09:39:35,0.25,0.25,6360,0.3,45760,200,90480
FINNIFTY02JAN2419900PE.NFO,02/01/2024,09:40:05,0.25,0.25,6120,0.3,45760,240,90480
FINNIFTY02JAN2419900PE.NFO,02/01/2024,09:40:26,0.25,0.25,5920,0.3,45760,200,90480
FINNIFTY02JAN2419900PE.NFO,02/01/2024,09:40:36,0.25,0.25,5720,0.3,45760,200,90480
FINNIFTY02JAN2419900PE.NFO,02/01/2024,09:40:47,0.25,0.25,5400,0.3,45760,320,90480
FINNIFTY02JAN2419900PE.NFO,02/01/2024,09:40:57,0.2,0.2,79440,0.25,37440,5440,90480
FINNIFTY02JAN2419900PE.NFO,02/01/2024,09:41:18,0.2,0.2,80400,0.25,37200,40,90480
FINNIFTY02JAN2419900PE.NFO,02/01/2024,09:41:57,0.2,0.2,80360,0.25,37200,40,90480
FINNIFTY02JAN2419900PE.NFO,02/01/2024,09:42:06,0.2,0.2,80320,0.25,37200,40,90480
FINNIFTY02JAN2419900PE.NFO,02/01/2024,09:42:17,0.2,0.2,80320,0.25,37200,0,90480
FINNIFTY02JAN2419900PE.NFO,02/01/2024,09:42:44,0.2,0.2,80320,0.25,39000,0,90480
FINNIFTY02JAN2419900PE.NFO,02/01/2024,09:44:58,0.2,0.2,81560,0.25,39000,0,90480
FINNIFTY02JAN2419900PE.NFO,02/01/2024,09:46:04,0.25,0.2,81560,0.25,39600,80,90480
FINNIFTY02JAN2419900PE.NFO,02/01/2024,09:46:14,0.25,0.2,81560,0.25,39320,280,90480
FINNIFTY02JAN2419900PE.NFO,02/01/2024,09:46:34,0.25,0.2,81560,0.25,39240,80,90480
FINNIFTY02JAN2419900PE.NFO,02/01/2024,09:46:43,0.25,0.2,81560,0.25,39240,0,90480
FINNIFTY02JAN2419900PE.NFO,02/01/2024,09:47:20,0.25,0.2,82000,0.25,38800,200,90480
FINNIFTY02JAN2419900PE.NFO,02/01/2024,09:48:42,0.25,0.2,81200,0.25,38800,0,90480
FINNIFTY02JAN2419900PE.NFO,02/01/2024,09:56:53,0.2,0.2,72240,0.25,35880,2920,90280
FINNIFTY02JAN2419900PE.NFO,02/01/2024,09:57:05,0.2,0.2,72040,0.25,35880,200,90280
FINNIFTY02JAN2419900PE.NFO,02/01/2024,09:57:18,0.25,0.2,78520,0.25,44640,1000,90280
FINNIFTY02JAN2419900PE.NFO,02/01/2024,09:57:30,0.25,0.2,71320,0.25,38520,320,90280
FINNIFTY02JAN2419900PE.NFO,02/01/2024,09:57:43,0.2,0.2,70720,0.25,46120,600,90280
FINNIFTY02JAN2419900PE.NFO,02/01/2024,09:57:54,0.2,0.2,70280,0.25,46360,440,90280
FINNIFTY02JAN2419900PE.NFO,02/01/2024,09:58:05,0.2,0.2,70280,0.25,46360,0,90280
FINNIFTY02JAN2419900PE.NFO,02/01/2024,09:58:16,0.2,0.2,73480,0.25,46360,400,90280
FINNIFTY02JAN2419900PE.NFO,02/01/2024,09:58:28,0.25,0.2,77440,0.25,47280,720,90280
FINNIFTY02JAN2419900PE.NFO,02/01/2024,09:58:41,0.25,0.2,77720,0.25,41120,600,90280
FINNIFTY02JAN2419900PE.NFO,02/01/2024,09:58:51,0.25,0.2,73040,0.25,46880,40,90280
FINNIFTY02JAN2419900PE.NFO,02/01/2024,09:59:02,0.25,0.2,77800,0.25,42920,360,90280
FINNIFTY02JAN2419900PE.NFO,02/01/2024,09:59:13,0.25,0.2,73040,0.25,37080,40,90280
FINNIFTY02JAN2419900PE.NFO,02/01/2024,09:59:26,0.25,0.2,69440,0.25,44680,0,90280
FINNIFTY02JAN2419900PE.NFO,02/01/2024,09:59:37,0.25,0.2,77920,0.25,44320,360,92120
FINNIFTY02JAN2419900PE.NFO,02/01/2024,09:59:48,0.25,0.2,77920,0.25,44320,0,92120
FINNIFTY02JAN2419900PE.NFO,02/01/2024,09:59:59,0.25,0.2,77880,0.25,44040,320,92120
FINNIFTY02JAN2419900PE.NFO,02/01/2024,10:00:10,0.25,0.2,78040,0.25,41400,440,92120
FINNIFTY02JAN2419900PE.NFO,02/01/2024,10:00:22,0.25,0.2,78040,0.25,43240,360,92120
FINNIFTY02JAN2419900PE.NFO,02/01/2024,10:00:35,0.25,0.2,78040,0.25,43240,0,92120
FINNIFTY02JAN2419900PE.NFO,02/01/2024,10:01:08,0.2,0.2,77800,0.25,43240,240,92120
FINNIFTY02JAN2419900PE.NFO,02/01/2024,10:01:19,0.2,0.2,77360,0.25,43240,440,92120
FINNIFTY02JAN2419900PE.NFO,02/01/2024,10:01:30,0.2,0.2,77200,0.25,43240,160,92120
FINNIFTY02JAN2419900PE.NFO,02/01/2024,10:01:52,0.2,0.2,77200,0.25,43240,0,92120
FINNIFTY02JAN2419900PE.NFO,02/01/2024,10:02:02,0.25,0.2,77200,0.25,39640,3600,92120
FINNIFTY02JAN2419900PE.NFO,02/01/2024,10:02:43,0.25,0.2,77200,0.25,39640,0,92120
FINNIFTY02JAN2419900PE.NFO,02/01/2024,10:03:39,0.25,0.2,77200,0.25,35800,3600,92120
FINNIFTY02JAN2419900PE.NFO,02/01/2024,10:03:50,0.2,0.2,77000,0.25,35800,200,92120
FINNIFTY02JAN2419900PE.NFO,02/01/2024,10:04:00,0.2,0.2,76800,0.25,39280,200,92120
FINNIFTY02JAN2419900PE.NFO,02/01/2024,10:04:10,0.25,0.2,76800,0.25,16080,16000,92120
FINNIFTY02JAN2419900PE.NFO,02/01/2024,10:04:21,0.2,0.2,76480,0.25,19680,320,92120
FINNIFTY02JAN2419900PE.NFO,02/01/2024,10:04:31,0.2,0.2,58480,0.25,21120,18000,92120
FINNIFTY02JAN2419900PE.NFO,02/01/2024,10:04:41,0.2,0.2,56840,0.25,31560,1800,92120
FINNIFTY02JAN2419900PE.NFO,02/01/2024,10:04:52,0.2,0.2,56560,0.25,43080,280,92120
FINNIFTY02JAN2419900PE.NFO,02/01/2024,10:05:02,0.2,0.2,54840,0.25,42840,1720,92120
FINNIFTY02JAN2419900PE.NFO,02/01/2024,10:05:12,0.2,0.2,40360,0.25,42840,0,92120
FINNIFTY02JAN2419900PE.NFO,02/01/2024,10:05:23,0.2,0.2,40120,0.25,42840,240,92120
FINNIFTY02JAN2419900PE.NFO,02/01/2024,10:05:43,0.2,0.2,40080,0.25,43080,0,92120
FINNIFTY02JAN2419900PE.NFO,02/01/2024,10:05:53,0.2,0.2,39840,0.25,43080,240,96480
FINNIFTY02JAN2419900PE.NFO,02/01/2024,10:06:03,0.2,0.2,9040,0.25,42880,8760,96480
FINNIFTY02JAN2419900PE.NFO,02/01/2024,10:06:13,0.2,0.2,9040,0.25,35280,0,96480
FINNIFTY02JAN2419900PE.NFO,02/01/2024,10:06:24,0.2,0.15,100800,0.2,29840,8360,96480
FINNIFTY02JAN2419900PE.NFO,02/01/2024,10:07:37,0.2,0.15,100800,0.2,29840,0,96480
FINNIFTY02JAN2419900PE.NFO,02/01/2024,10:08:08,0.2,0.15,100840,0.2,29840,0,96480
FINNIFTY02JAN2419900PE.NFO,02/01/2024,10:08:38,0.2,0.15,100800,0.2,30400,0,96480
FINNIFTY02JAN2419900PE.NFO,02/01/2024,10:08:58,0.2,0.15,100800,0.2,30600,40,95120
FINNIFTY02JAN2419900PE.NFO,02/01/2024,10:09:08,0.2,0.15,100800,0.2,37280,280,95120
FINNIFTY02JAN2419900PE.NFO,02/01/2024,10:09:18,0.2,0.15,100800,0.2,37040,240,95120
FINNIFTY02JAN2419900PE.NFO,02/01/2024,10:11:16,0.2,0.15,100800,0.2,35200,1840,95120
FINNIFTY02JAN2419900PE.NFO,02/01/2024,10:11:26,0.2,0.15,102560,0.2,35000,200,95120
FINNIFTY02JAN2419900PE.NFO,02/01/2024,10:12:13,0.2,0.15,102560,0.2,38000,600,92600
FINNIFTY02JAN2419900PE.NFO,02/01/2024,10:13:04,0.2,0.15,102560,0.2,38000,0,92600
FINNIFTY02JAN2419900PE.NFO,02/01/2024,10:13:14,0.2,0.15,102600,0.2,38000,0,92600
FINNIFTY02JAN2419900PE.NFO,02/01/2024,10:14:04,0.2,0.15,102600,0.2,37200,800,92600
FINNIFTY02JAN2419900PE.NFO,02/01/2024,10:14:34,0.2,0.15,102600,0.2,37200,0,92600
FINNIFTY02JAN2419900PE.NFO,02/01/2024,10:14:45,0.2,0.15,103160,0.2,37200,0,92600
FINNIFTY02JAN2419900PE.NFO,02/01/2024,10:15:04,0.2,0.15,103160,0.2,37160,40,91800
FINNIFTY02JAN2419900PE.NFO,02/01/2024,10:15:44,0.2,0.15,103160,0.2,36920,240,91800
FINNIFTY02JAN2419900PE.NFO,02/01/2024,10:16:23,0.15,0.15,102280,0.2,36920,960,91800
FINNIFTY02JAN2419900PE.NFO,02/01/2024,10:16:52,0.15,0.15,102280,0.2,36920,0,91800
FINNIFTY02JAN2419900PE.NFO,02/01/2024,10:18:58,0.15,0.15,86840,0.2,37160,0,91800
FINNIFTY02JAN2419900PE.NFO,02/01/2024,10:19:55,0.15,0.15,77840,0.2,36920,0,91800
FINNIFTY02JAN2419900PE.NFO,02/01/2024,10:21:42,0.15,0.15,77680,0.2,36920,160,90600
FINNIFTY02JAN2419900PE.NFO,02/01/2024,10:21:52,0.15,0.15,77520,0.2,36920,120,90600
FINNIFTY02JAN2419900PE.NFO,02/01/2024,10:22:21,0.15,0.15,54120,0.2,36920,0,90600
FINNIFTY02JAN2419900PE.NFO,02/01/2024,10:22:41,0.2,0.15,54120,0.2,37000,160,90600
FINNIFTY02JAN2419900PE.NFO,02/01/2024,10:24:52,0.15,0.15,54080,0.2,36760,40,90440
FINNIFTY02JAN2419900PE.NFO,02/01/2024,10:25:57,0.2,0.15,54080,0.2,36120,640,90440
FINNIFTY02JAN2419900PE.NFO,02/01/2024,10:26:07,0.2,0.15,54080,0.2,35480,640,90440
FINNIFTY02JAN2419900PE.NFO,02/01/2024,10:26:31,0.2,0.15,54080,0.2,35320,160,90440
FINNIFTY02JAN2419900PE.NFO,02/01/2024,10:26:42,0.2,0.15,54080,0.2,33800,1520,90440
FINNIFTY02JAN2419900PE.NFO,02/01/2024,10:26:54,0.2,0.15,54080,0.2,33560,240,90440
FINNIFTY02JAN2419900PE.NFO,02/01/2024,10:27:05,0.15,0.15,53720,0.2,31760,280,90440
FINNIFTY02JAN2419900PE.NFO,02/01/2024,10:27:16,0.15,0.15,52880,0.2,31760,840,90440
FINNIFTY02JAN2419900PE.NFO,02/01/2024,10:27:37,0.2,0.15,52880,0.2,31680,80,90440
FINNIFTY02JAN2419900PE.NFO,02/01/2024,10:28:08,0.2,0.15,52920,0.2,31600,80,90440
FINNIFTY02JAN2419900PE.NFO,02/01/2024,10:28:29,0.2,0.15,52920,0.2,32000,0,90440
FINNIFTY02JAN2419900PE.NFO,02/01/2024,10:29:28,0.15,0.15,52640,0.2,31760,520,90440
FINNIFTY02JAN2419900PE.NFO,02/01/2024,10:30:22,0.2,0.15,52640,0.2,31680,80,91160
FINNIFTY02JAN2419900PE.NFO,02/01/2024,10:30:34,0.2,0.15,52640,0.2,31840,80,91160
FINNIFTY02JAN2419900PE.NFO,02/01/2024,10:31:04,0.2,0.15,52680,0.2,31600,0,91160
FINNIFTY02JAN2419900PE.NFO,02/01/2024,10:31:55,0.2,0.15,52680,0.2,31520,80,91160
FINNIFTY02JAN2419900PE.NFO,02/01/2024,10:32:05,0.2,0.15,52680,0.2,31200,560,91160
FINNIFTY02JAN2419900PE.NFO,02/01/2024,10:34:14,0.2,0.15,52680,0.2,32400,0,91160
FINNIFTY02JAN2419900PE.NFO,02/01/2024,10:36:38,0.15,0.15,52440,0.2,32400,240,90960
FINNIFTY02JAN2419900PE.NFO,02/01/2024,10:36:50,0.15,0.15,51920,0.2,32400,520,90960
FINNIFTY02JAN2419900PE.NFO,02/01/2024,10:37:13,0.15,0.15,51880,0.2,32400,0,90960
FINNIFTY02JAN2419900PE.NFO,02/01/2024,10:37:25,0.15,0.15,51800,0.2,32400,80,90960
FINNIFTY02JAN2419900PE.NFO,02/01/2024,10:38:27,0.15,0.15,51760,0.2,32200,240,90960
FINNIFTY02JAN2419900PE.NFO,02/01/2024,10:38:37,0.15,0.15,51480,0.2,32200,280,90960
FINNIFTY02JAN2419900PE.NFO,02/01/2024,10:38:47,0.15,0.15,51280,0.2,32200,200,91520
FINNIFTY02JAN2419900PE.NFO,02/01/2024,10:38:58,0.15,0.15,51200,0.2,33640,80,91520
FINNIFTY02JAN2419900PE.NFO,02/01/2024,10:41:52,0.15,0.15,51160,0.2,33640,40,91520
FINNIFTY02JAN2419900PE.NFO,02/01/2024,10:42:03,0.2,0.15,51160,0.2,33440,200,91520
FINNIFTY02JAN2419900PE.NFO,02/01/2024,10:42:55,0.2,0.15,51120,0.2,33440,0,91520
FINNIFTY02JAN2419900PE.NFO,02/01/2024,10:44:09,0.2,0.15,51120,0.2,33240,200,91520
FINNIFTY02JAN2419900PE.NFO,02/01/2024,10:44:30,0.2,0.15,51120,0.2,33000,240,91520
FINNIFTY02JAN2419900PE.NFO,02/01/2024,10:45:42,0.15,0.15,50920,0.2,33000,200,90880
FINNIFTY02JAN2419900PE.NFO,02/01/2024,10:45:52,0.15,0.15,50840,0.2,33000,80,90880
FINNIFTY02JAN2419900PE.NFO,02/01/2024,10:46:02,0.15,0.15,50760,0.2,33000,80,90880
FINNIFTY02JAN2419900PE.NFO,02/01/2024,10:46:12,0.15,0.15,50640,0.2,33000,120,90880
FINNIFTY02JAN2419900PE.NFO,02/01/2024,10:46:22,0.15,0.15,50600,0.2,33000,40,90880
FINNIFTY02JAN2419900PE.NFO,02/01/2024,10:46:31,0.15,0.15,50560,0.2,33000,40,90880
FINNIFTY02JAN2419900PE.NFO,02/01/2024,10:46:41,0.2,0.15,31080,0.2,52800,17920,90880
FINNIFTY02JAN2419900PE.NFO,02/01/2024,10:46:51,0.15,0.15,21480,0.2,53080,9800,90880
FINNIFTY02JAN2419900PE.NFO,02/01/2024,10:47:02,0.15,0.15,18880,0.2,53880,2600,90880
FINNIFTY02JAN2419900PE.NFO,02/01/2024,10:47:12,0.15,0.15,14480,0.2,53880,2600,90880
FINNIFTY02JAN2419900PE.NFO,02/01/2024,10:47:22,0.1,0.1,122520,0.15,59960,10840,90880
FINNIFTY02JAN2419900PE.NFO,02/01/2024,10:47:32,0.15,0.1,122520,0.15,59760,200,90880
FINNIFTY02JAN2419900PE.NFO,02/01/2024,10:47:53,0.15,0.1,122520,0.15,59560,200,90880
FINNIFTY02JAN2419900PE.NFO,02/01/2024,10:49:13,0.15,0.1,122520,0.15,59360,200,88800
FINNIFTY02JAN2419900PE.NFO,02/01/2024,10:49:24,0.15,0.1,122520,0.15,59360,0,88800
FINNIFTY02JAN2419900PE.NFO,02/01/2024,10:50:58,0.15,0.1,122520,0.15,59280,80,88400
FINNIFTY02JAN2419900PE.NFO,02/01/2024,10:51:37,0.15,0.1,122520,0.15,59240,40,88400
FINNIFTY02JAN2419900PE.NFO,02/01/2024,10:51:47,0.1,0.1,122320,0.15,59240,200,88400
FINNIFTY02JAN2419900PE.NFO,02/01/2024,10:55:26,0.1,0.1,122320,0.15,59240,0,88400
FINNIFTY02JAN2419900PE.NFO,02/01/2024,10:56:14,0.1,0.1,122240,0.15,59240,80,88400
FINNIFTY02JAN2419900PE.NFO,02/01/2024,10:57:22,0.1,0.1,122240,0.15,59240,0,88400
FINNIFTY02JAN2419900PE.NFO,02/01/2024,10:57:51,0.1,0.1,122320,0.15,59480,0,88400
FINNIFTY02JAN2419900PE.NFO,02/01/2024,10:58:01,0.15,0.1,122320,0.15,59280,200,88400
FINNIFTY02JAN2419900PE.NFO,02/01/2024,10:58:29,0.15,0.1,122320,0.15,59080,200,88320
FINNIFTY02JAN2419900PE.NFO,02/01/2024,10:58:57,0.15,0.1,122240,0.15,58800,40,88320
FINNIFTY02JAN2419900PE.NFO,02/01/2024,10:59:17,0.15,0.1,122240,0.15,66000,0,88320
FINNIFTY02JAN2419900PE.NFO,02/01/2024,11:01:14,0.15,0.1,82240,0.15,66000,0,88320
FINNIFTY02JAN2419900PE.NFO,02/01/2024,11:01:33,0.15,0.1,67840,0.15,66000,0,88320
FINNIFTY02JAN2419900PE.NFO,02/01/2024,11:02:21,0.15,0.1,60640,0.15,66000,0,88320
FINNIFTY02JAN2419900PE.NFO,02/01/2024,11:02:58,0.1,0.1,60600,0.15,66000,40,88120
FINNIFTY02JAN2419900PE.NFO,02/01/2024,11:03:08,0.1,0.1,61000,0.15,66000,0,88120
FINNIFTY02JAN2419900PE.NFO,02/01/2024,11:03:27,0.1,0.1,61040,0.15,66000,0,88120
FINNIFTY02JAN2419900PE.NFO,02/01/2024,11:06:33,0.1,0.1,57440,0.15,66000,0,88120
FINNIFTY02JAN2419900PE.NFO,02/01/2024,11:08:53,0.15,0.1,57440,0.15,65880,120,88080
FINNIFTY02JAN2419900PE.NFO,02/01/2024,11:09:12,0.15,0.1,57440,0.15,65880,0,88080
FINNIFTY02JAN2419900PE.NFO,02/01/2024,11:09:58,0.15,0.1,55640,0.15,52920,0,88080
FINNIFTY02JAN2419900PE.NFO,02/01/2024,11:10:26,0.15,0.1,46640,0.15,54720,0,88080
FINNIFTY02JAN2419900PE.NFO,02/01/2024,11:12:07,0.15,0.1,46640,0.15,54520,200,87960
FINNIFTY02JAN2419900PE.NFO,02/01/2024,11:12:16,0.15,0.1,46640,0.15,54320,200,87960
FINNIFTY02JAN2419900PE.NFO,02/01/2024,11:12:25,0.15,0.1,49120,0.15,58320,40,87960
FINNIFTY02JAN2419900PE.NFO,02/01/2024,11:12:34,0.15,0.1,49120,0.15,58280,40,87960
FINNIFTY02JAN2419900PE.NFO,02/01/2024,11:12:43,0.15,0.1,46640,0.15,54680,0,87960
FINNIFTY02JAN2419900PE.NFO,02/01/2024,11:13:20,0.15,0.1,49120,0.15,54480,200,87960
FINNIFTY02JAN2419900PE.NFO,02/01/2024,11:13:30,0.15,0.1,46640,0.15,40080,0,87960
FINNIFTY02JAN2419900PE.NFO,02/01/2024,11:13:41,0.1,0.1,46480,0.15,50880,160,87960
FINNIFTY02JAN2419900PE.NFO,02/01/2024,11:14:00,0.15,0.1,48960,0.15,49880,1000,87960
FINNIFTY02JAN2419900PE.NFO,02/01/2024,11:14:10,0.15,0.1,48960,0.15,49480,400,87960
FINNIFTY02JAN2419900PE.NFO,02/01/2024,11:14:19,0.15,0.1,47160,0.15,53080,0,87960
FINNIFTY02JAN2419900PE.NFO,02/01/2024,11:14:29,0.15,0.1,45360,0.15,63760,0,87960
FINNIFTY02JAN2419900PE.NFO,02/01/2024,11:14:47,0.15,0.1,45360,0.15,63560,200,85840
FINNIFTY02JAN2419900PE.NFO,02/01/2024,11:14:57,0.15,0.1,45360,0.15,62520,1040,85840
FINNIFTY02JAN2419900PE.NFO,02/01/2024,11:15:07,0.15,0.1,42880,0.15,49640,400,85840
FINNIFTY02JAN2419900PE.NFO,02/01/2024,11:15:17,0.15,0.1,45440,0.15,21040,33880,85840
FINNIFTY02JAN2419900PE.NFO,02/01/2024,11:15:27,0.15,0.1,50080,0.15,1800,23440,85840
FINNIFTY02JAN2419900PE.NFO,02/01/2024,11:15:37,0.2,0.15,3200,0.2,41760,2120,85840
FINNIFTY02JAN2419900PE.NFO,02/01/2024,11:15:48,0.15,0.15,5840,0.2,45680,12520,85840
FINNIFTY02JAN2419900PE.NFO,02/01/2024,11:15:58,0.15,0.15,16080,0.2,69320,0,85840
FINNIFTY02JAN2419900PE.NFO,02/01/2024,11:16:08,0.15,0.15,16080,0.2,76720,0,85840
FINNIFTY02JAN2419900PE.NFO,02/01/2024,11:16:37,0.15,0.15,15240,0.2,75280,1440,85840
FINNIFTY02JAN2419900PE.NFO,02/01/2024,11:16:46,0.2,0.15,17040,0.2,73280,2000,85840
FINNIFTY02JAN2419900PE.NFO,02/01/2024,11:16:56,0.2,0.15,39280,0.2,71360,3000,85840
FINNIFTY02JAN2419900PE.NFO,02/01/2024,11:17:05,0.2,0.15,44680,0.2,66360,5000,85840
FINNIFTY02JAN2419900PE.NFO,02/01/2024,11:18:11,0.2,0.15,44680,0.2,69040,0,85840
FINNIFTY02JAN2419900PE.NFO,02/01/2024,11:18:39,0.2,0.15,44560,0.2,70720,0,85840
FINNIFTY02JAN2419900PE.NFO,02/01/2024,11:20:01,0.2,0.15,44560,0.2,71120,0,85840
FINNIFTY02JAN2419900PE.NFO,02/01/2024,11:20:56,0.2,0.15,44640,0.2,71120,0,85840
FINNIFTY02JAN2419900PE.NFO,02/01/2024,11:21:52,0.2,0.15,44640,0.2,70120,1000,92600
FINNIFTY02JAN2419900PE.NFO,02/01/2024,11:22:11,0.2,0.15,44560,0.2,68320,1800,92600
FINNIFTY02JAN2419900PE.NFO,02/01/2024,11:22:30,0.15,0.15,44200,0.2,68920,360,92600
FINNIFTY02JAN2419900PE.NFO,02/01/2024,11:22:40,0.15,0.15,43800,0.2,68920,400,92600
FINNIFTY02JAN2419900PE.NFO,02/01/2024,11:22:50,0.15,0.15,43600,0.2,68920,200,92600
FINNIFTY02JAN2419900PE.NFO,02/01/2024,11:22:59,0.15,0.15,43600,0.2,70960,0,92600
FINNIFTY02JAN2419900PE.NFO,02/01/2024,11:23:18,0.15,0.15,43600,0.2,71360,0,92600
FINNIFTY02JAN2419900PE.NFO,02/01/2024,11:23:36,0.15,0.15,22000,0.2,71360,0,92600
FINNIFTY02JAN2419900PE.NFO,02/01/2024,11:24:13,0.15,0.15,21800,0.2,71360,200,90680
FINNIFTY02JAN2419900PE.NFO,02/01/2024,11:24:40,0.15,0.15,21800,0.2,71280,0,90680
FINNIFTY02JAN2419900PE.NFO,02/01/2024,11:24:58,0.15,0.15,21600,0.2,71280,200,90680
FINNIFTY02JAN2419900PE.NFO,02/01/2024,11:25:26,0.15,0.15,21560,0.2,71280,0,90680
FINNIFTY02JAN2419900PE.NFO,02/01/2024,11:26:13,0.15,0.15,21360,0.2,71280,200,90680
FINNIFTY02JAN2419900PE.NFO,02/01/2024,11:26:22,0.15,0.15,21160,0.2,71280,200,90680
FINNIFTY02JAN2419900PE.NFO,02/01/2024,11:27:36,0.15,0.15,20960,0.2,71280,200,90680
FINNIFTY02JAN2419900PE.NFO,02/01/2024,11:30:47,0.15,0.15,20960,0.2,71280,0,90680
FINNIFTY02JAN2419900PE.NFO,02/01/2024,11:31:14,0.15,0.15,20960,0.2,71680,0,90680
FINNIFTY02JAN2419900PE.NFO,02/01/2024,11:32:27,0.15,0.15,20760,0.2,71680,200,90680
FINNIFTY02JAN2419900PE.NFO,02/01/2024,11:33:47,0.15,0.15,20560,0.2,71680,200,90680
FINNIFTY02JAN2419900PE.NFO,02/01/2024,11:34:22,0.15,0.15,20320,0.2,71680,240,90680
FINNIFTY02JAN2419900PE.NFO,02/01/2024,11:34:32,0.15,0.15,20080,0.2,71680,240,90680
FINNIFTY02JAN2419900PE.NFO,02/01/2024,11:35:45,0.15,0.15,19680,0.2,71680,400,90680
FINNIFTY02JAN2419900PE.NFO,02/01/2024,11:35:53,0.15,0.15,22160,0.2,70240,1120,90680
FINNIFTY02JAN2419900PE.NFO,02/01/2024,11:36:21,0.15,0.15,21960,0.2,70240,200,89360
FINNIFTY02JAN2419900PE.NFO,02/01/2024,11:36:39,0.15,0.15,26320,0.2,52880,200,89360
FINNIFTY02JAN2419900PE.NFO,02/01/2024,11:36:49,0.15,0.15,15880,0.2,59280,0,89360
FINNIFTY02JAN2419900PE.NFO,02/01/2024,11:37:08,0.15,0.15,14080,0.2,59480,0,89360
FINNIFTY02JAN2419900PE.NFO,02/01/2024,11:39:02,0.15,0.15,15840,0.2,59480,0,89360
FINNIFTY02JAN2419900PE.NFO,02/01/2024,11:41:59,0.15,0.15,17640,0.2,59520,0,89360
FINNIFTY02JAN2419900PE.NFO,02/01/2024,11:42:09,0.2,0.15,17640,0.2,51840,7680,89760
FINNIFTY02JAN2419900PE.NFO,02/01/2024,11:42:19,0.15,0.15,15760,0.2,51840,80,89760
FINNIFTY02JAN2419900PE.NFO,02/01/2024,11:42:28,0.2,0.15,17560,0.2,51520,320,89760
FINNIFTY02JAN2419900PE.NFO,02/01/2024,11:42:38,0.2,0.15,15760,0.2,51000,480,89760
FINNIFTY02JAN2419900PE.NFO,02/01/2024,11:42:47,0.2,0.15,17560,0.2,50920,80,89760
FINNIFTY02JAN2419900PE.NFO,02/01/2024,11:42:56,0.2,0.15,15760,0.2,50720,200,89760
FINNIFTY02JAN2419900PE.NFO,02/01/2024,11:43:06,0.2,0.15,15760,0.2,50520,200,89760
FINNIFTY02JAN2419900PE.NFO,02/01/2024,11:43:43,0.2,0.15,15760,0.2,50080,440,89760
FINNIFTY02JAN2419900PE.NFO,02/01/2024,11:43:53,0.2,0.15,17560,0.2,49880,200,89760
FINNIFTY02JAN2419900PE.NFO,02/01/2024,11:44:03,0.2,0.15,17560,0.2,50480,840,89760
FINNIFTY02JAN2419900PE.NFO,02/01/2024,11:45:35,0.2,0.15,17560,0.2,50840,0,89760
FINNIFTY02JAN2419900PE.NFO,02/01/2024,11:45:45,0.15,0.15,15120,0.2,50840,640,89760
FINNIFTY02JAN2419900PE.NFO,02/01/2024,11:45:54,0.15,0.15,7640,0.2,48320,7080,89760
FINNIFTY02JAN2419900PE.NFO,02/01/2024,11:46:03,0.15,0.15,7000,0.2,48320,640,89760
FINNIFTY02JAN2419900PE.NFO,02/01/2024,11:46:13,0.15,0.15,8120,0.2,46840,2240,89760
FINNIFTY02JAN2419900PE.NFO,02/01/2024,11:46:22,0.15,0.15,7920,0.2,46600,200,89760
FINNIFTY02JAN2419900PE.NFO,02/01/2024,11:46:41,0.15,0.15,8400,0.2,46600,480,89760
FINNIFTY02JAN2419900PE.NFO,02/01/2024,11:46:50,0.15,0.15,8400,0.2,46600,0,89760
FINNIFTY02JAN2419900PE.NFO,02/01/2024,11:47:50,0.15,0.15,10200,0.2,46600,0,89760
FINNIFTY02JAN2419900PE.NFO,02/01/2024,11:47:59,0.15,0.15,9960,0.2,46600,240,85120
FINNIFTY02JAN2419900PE.NFO,02/01/2024,11:48:17,0.15,0.15,9760,0.2,46400,200,85120
FINNIFTY02JAN2419900PE.NFO,02/01/2024,11:52:08,0.15,0.15,9520,0.2,46400,240,85120
FINNIFTY02JAN2419900PE.NFO,02/01/2024,11:52:36,0.2,0.15,10680,0.2,42800,3840,85120
FINNIFTY02JAN2419900PE.NFO,02/01/2024,11:56:00,0.15,0.15,10440,0.2,42800,240,85400
FINNIFTY02JAN2419900PE.NFO,02/01/2024,11:56:26,0.15,0.15,10440,0.2,42800,0,85400
FINNIFTY02JAN2419900PE.NFO,02/01/2024,11:57:09,0.15,0.15,10440,0.2,42840,0,85400
FINNIFTY02JAN2419900PE.NFO,02/01/2024,11:57:18,0.15,0.15,8680,0.2,43080,0,85400
FINNIFTY02JAN2419900PE.NFO,02/01/2024,12:00:48,0.15,0.15,8480,0.2,42840,200,85640
FINNIFTY02JAN2419900PE.NFO,02/01/2024,12:02:09,0.15,0.15,8280,0.2,42840,200,85640
FINNIFTY02JAN2419900PE.NFO,02/01/2024,12:02:18,0.15,0.15,8000,0.2,42840,280,85640
FINNIFTY02JAN2419900PE.NFO,02/01/2024,12:02:35,0.15,0.15,8000,0.2,42760,0,85640
FINNIFTY02JAN2419900PE.NFO,02/01/2024,12:03:19,0.15,0.15,6960,0.2,42360,440,86320
FINNIFTY02JAN2419900PE.NFO,02/01/2024,12:04:12,0.15,0.15,8360,0.2,42360,0,86320
FINNIFTY02JAN2419900PE.NFO,02/01/2024,12:04:22,0.15,0.15,8360,0.2,42280,0,86320
FINNIFTY02JAN2419900PE.NFO,02/01/2024,12:04:31,0.15,0.15,7960,0.2,41960,400,86320
FINNIFTY02JAN2419900PE.NFO,02/01/2024,12:05:25,0.15,0.15,7960,0.2,41960,0,86320
FINNIFTY02JAN2419900PE.NFO,02/01/2024,12:10:11,0.15,0.15,7960,0.2,41880,0,86320
FINNIFTY02JAN2419900PE.NFO,02/01/2024,12:10:20,0.15,0.15,7960,0.2,41920,0,86320
FINNIFTY02JAN2419900PE.NFO,02/01/2024,12:12:36,0.15,0.15,7960,0.2,42120,0,86320
FINNIFTY02JAN2419900PE.NFO,02/01/2024,12:17:10,0.2,0.15,7960,0.2,41240,680,87120
FINNIFTY02JAN2419900PE.NFO,02/01/2024,12:17:22,0.2,0.15,7960,0.2,40880,400,87120
FINNIFTY02JAN2419900PE.NFO,02/01/2024,12:19:27,0.2,0.15,7960,0.2,40880,0,87120
FINNIFTY02JAN2419900PE.NFO,02/01/2024,12:20:52,0.2,0.15,7960,0.2,40680,200,86040
FINNIFTY02JAN2419900PE.NFO,02/01/2024,12:21:11,0.2,0.15,7960,0.2,40480,200,85840
FINNIFTY02JAN2419900PE.NFO,02/01/2024,12:21:40,0.2,0.15,7960,0.2,40280,200,85840
FINNIFTY02JAN2419900PE.NFO,02/01/2024,12:23:48,0.15,0.15,5600,0.2,40280,1800,85840
FINNIFTY02JAN2419900PE.NFO,02/01/2024,12:24:16,0.15,0.15,5600,0.2,40280,0,85840
FINNIFTY02JAN2419900PE.NFO,02/01/2024,12:24:25,0.15,0.15,4160,0.2,38840,1440,85440
FINNIFTY02JAN2419900PE.NFO,02/01/2024,12:24:34,0.15,0.15,4560,0.2,12120,1440,85440
FINNIFTY02JAN2419900PE.NFO,02/01/2024,12:24:44,0.15,0.1,51640,0.2,12360,25520,85440
FINNIFTY02JAN2419900PE.NFO,02/01/2024,12:24:53,0.15,0.1,56680,0.15,9080,9080,85440
FINNIFTY02JAN2419900PE.NFO,02/01/2024,12:25:02,0.15,0.1,56680,0.15,11960,0,85440
FINNIFTY02JAN2419900PE.NFO,02/01/2024,12:25:11,0.15,0.1,57040,0.15,11640,320,85440
FINNIFTY02JAN2419900PE.NFO,02/01/2024,12:25:29,0.15,0.1,57040,0.15,11640,0,85440
FINNIFTY02JAN2419900PE.NFO,02/01/2024,12:25:56,0.15,0.1,57040,0.15,11120,520,85440
FINNIFTY02JAN2419900PE.NFO,02/01/2024,12:26:14,0.1,0.1,56960,0.15,11120,80,85440
FINNIFTY02JAN2419900PE.NFO,02/01/2024,12:26:31,0.15,0.1,58760,0.15,5040,5440,85440
FINNIFTY02JAN2419900PE.NFO,02/01/2024,12:26:57,0.1,0.1,58640,0.15,8280,120,88080
FINNIFTY02JAN2419900PE.NFO,02/01/2024,12:27:06,0.1,0.1,58640,0.15,8920,0,88080
FINNIFTY02JAN2419900PE.NFO,02/01/2024,12:27:32,0.15,0.1,58640,0.15,8880,40,88080
FINNIFTY02JAN2419900PE.NFO,02/01/2024,12:27:50,0.15,0.1,58640,0.15,9040,0,88080
FINNIFTY02JAN2419900PE.NFO,02/01/2024,12:28:35,0.15,0.1,58640,0.15,7240,1800,88080
FINNIFTY02JAN2419900PE.NFO,02/01/2024,12:28:44,0.15,0.1,58640,0.15,13400,0,88080
FINNIFTY02JAN2419900PE.NFO,02/01/2024,12:30:03,0.15,0.1,58640,0.15,9800,1800,88280
FINNIFTY02JAN2419900PE.NFO,02/01/2024,12:31:33,0.1,0.1,58560,0.15,11600,80,88280
FINNIFTY02JAN2419900PE.NFO,02/01/2024,12:31:42,0.1,0.1,58480,0.15,11600,80,88280
FINNIFTY02JAN2419900PE.NFO,02/01/2024,12:32:00,0.1,0.1,58480,0.15,11600,0,88280
FINNIFTY02JAN2419900PE.NFO,02/01/2024,12:32:42,0.1,0.1,58480,0.15,13400,0,88280
FINNIFTY02JAN2419900PE.NFO,02/01/2024,12:33:23,0.1,0.1,56400,0.15,11320,2080,86720
FINNIFTY02JAN2419900PE.NFO,02/01/2024,12:33:57,0.15,0.1,56400,0.15,12040,1200,86720
FINNIFTY02JAN2419900PE.NFO,02/01/2024,12:35:28,0.15,0.1,56400,0.15,10240,1800,86720
FINNIFTY02JAN2419900PE.NFO,02/01/2024,12:35:38,0.15,0.1,56400,0.15,13960,2200,86720
FINNIFTY02JAN2419900PE.NFO,02/01/2024,12:36:15,0.15,0.1,56400,0.15,13920,40,84480
FINNIFTY02JAN2419900PE.NFO,02/01/2024,12:36:34,0.15,0.1,56400,0.15,9280,1000,84480
FINNIFTY02JAN2419900PE.NFO,02/01/2024,12:37:37,0.15,0.1,56400,0.15,9280,0,84480
FINNIFTY02JAN2419900PE.NFO,02/01/2024,12:39:05,0.15,0.1,56400,0.15,7280,200,84520
FINNIFTY02JAN2419900PE.NFO,02/01/2024,12:39:23,0.15,0.1,56400,0.15,7280,0,84520
FINNIFTY02JAN2419900PE.NFO,02/01/2024,12:39:31,0.15,0.1,56400,0.15,9480,0,84520
FINNIFTY02JAN2419900PE.NFO,02/01/2024,12:40:22,0.15,0.1,56400,0.15,7720,0,84520
FINNIFTY02JAN2419900PE.NFO,02/01/2024,12:40:32,0.15,0.1,56400,0.15,10960,1600,84520
FINNIFTY02JAN2419900PE.NFO,02/01/2024,12:40:58,0.15,0.1,56400,0.15,10960,0,84520
FINNIFTY02JAN2419900PE.NFO,02/01/2024,12:42:00,0.15,0.1,56400,0.15,12160,0,84520
FINNIFTY02JAN2419900PE.NFO,02/01/2024,12:42:09,0.15,0.1,56400,0.15,12120,40,84560
FINNIFTY02JAN2419900PE.NFO,02/01/2024,12:43:37,0.15,0.1,56400,0.15,13360,0,84560
FINNIFTY02JAN2419900PE.NFO,02/01/2024,12:48:53,0.15,0.1,56400,0.15,13240,0,84560
FINNIFTY02JAN2419900PE.NFO,02/01/2024,12:50:03,0.15,0.1,56400,0.15,13160,0,84560
FINNIFTY02JAN2419900PE.NFO,02/01/2024,12:51:52,0.15,0.1,56400,0.15,12720,680,84600
FINNIFTY02JAN2419900PE.NFO,02/01/2024,12:54:01,0.15,0.1,56400,0.15,12000,480,84600
FINNIFTY02JAN2419900PE.NFO,02/01/2024,12:54:10,0.15,0.1,56400,0.15,11680,320,85760
FINNIFTY02JAN2419900PE.NFO,02/01/2024,12:59:41,0.15,0.1,56400,0.15,11680,0,85760
FINNIFTY02JAN2419900PE.NFO,02/01/2024,13:01:42,0.15,0.1,56400,0.15,11440,240,86080
FINNIFTY02JAN2419900PE.NFO,02/01/2024,13:02:27,0.1,0.1,56200,0.15,11440,200,86080
FINNIFTY02JAN2419900PE.NFO,02/01/2024,13:02:37,0.1,0.1,56000,0.15,11440,240,86080
FINNIFTY02JAN2419900PE.NFO,02/01/2024,13:02:47,0.15,0.15,3400,0.2,520,13120,86080
FINNIFTY02JAN2419900PE.NFO,02/01/2024,13:02:57,0.15,0.15,5960,0.2,1520,360,86080
FINNIFTY02JAN2419900PE.NFO,02/01/2024,13:03:15,0.15,0.15,4040,0.2,1520,120,97120
FINNIFTY02JAN2419900PE.NFO,02/01/2024,13:03:24,0.15,0.15,5760,0.2,1520,80,97120
FINNIFTY02JAN2419900PE.NFO,02/01/2024,13:03:33,0.15,0.15,3960,0.2,1520,1800,97120
FINNIFTY02JAN2419900PE.NFO,02/01/2024,13:03:53,0.15,0.15,3960,0.2,1440,0,97120
FINNIFTY02JAN2419900PE.NFO,02/01/2024,13:05:31,0.2,0.15,3960,0.2,1240,200,97120
FINNIFTY02JAN2419900PE.NFO,02/01/2024,13:06:16,0.2,0.15,3960,0.2,1560,0,97120
FINNIFTY02JAN2419900PE.NFO,02/01/2024,13:06:51,0.15,0.15,3400,0.2,1560,560,96920
FINNIFTY02JAN2419900PE.NFO,02/01/2024,13:07:00,0.15,0.15,2160,0.2,1560,1600,96920
FINNIFTY02JAN2419900PE.NFO,02/01/2024,13:07:35,0.15,0.15,5960,0.2,1560,0,96920
FINNIFTY02JAN2419900PE.NFO,02/01/2024,13:07:44,0.15,0.15,5640,0.2,1560,320,96920
FINNIFTY02JAN2419900PE.NFO,02/01/2024,13:08:31,0.15,0.15,5240,0.2,1560,400,96920
FINNIFTY02JAN2419900PE.NFO,02/01/2024,13:08:40,0.15,0.15,4760,0.2,1560,480,96920
FINNIFTY02JAN2419900PE.NFO,02/01/2024,13:08:59,0.15,0.15,4560,0.2,1560,1800,96920
FINNIFTY02JAN2419900PE.NFO,02/01/2024,13:09:43,0.15,0.15,5480,0.2,2400,0,96920
FINNIFTY02JAN2419900PE.NFO,02/01/2024,13:10:37,0.15,0.15,4960,0.2,2400,520,95680
FINNIFTY02JAN2419900PE.NFO,02/01/2024,13:11:03,0.2,0.15,4960,0.2,2160,800,95680
FINNIFTY02JAN2419900PE.NFO,02/01/2024,13:11:12,0.2,0.15,8760,0.2,1720,440,95680
FINNIFTY02JAN2419900PE.NFO,02/01/2024,13:11:21,0.2,0.15,8760,0.2,1520,200,95680
FINNIFTY02JAN2419900PE.NFO,02/01/2024,13:11:29,0.2,0.15,8760,0.2,1320,200,95680
FINNIFTY02JAN2419900PE.NFO,02/01/2024,13:11:39,0.2,0.15,8760,0.2,1120,200,95680
FINNIFTY02JAN2419900PE.NFO,02/01/2024,13:11:48,0.2,0.15,8760,0.2,920,200,95680
FINNIFTY02JAN2419900PE.NFO,02/01/2024,13:11:57,0.15,0.15,6800,0.2,920,1040,95680
FINNIFTY02JAN2419900PE.NFO,02/01/2024,13:12:14,0.15,0.15,6680,0.2,2760,120,95200
FINNIFTY02JAN2419900PE.NFO,02/01/2024,13:12:23,0.15,0.15,6680,0.2,2600,0,95200
FINNIFTY02JAN2419900PE.NFO,02/01/2024,13:17:08,0.15,0.15,4760,0.2,2600,2080,95320
FINNIFTY02JAN2419900PE.NFO,02/01/2024,13:17:16,0.15,0.15,5400,0.2,2960,0,95320
FINNIFTY02JAN2419900PE.NFO,02/01/2024,13:17:24,0.2,0.15,5240,0.2,2920,40,95320
FINNIFTY02JAN2419900PE.NFO,02/01/2024,13:18:06,0.2,0.15,5240,0.2,2800,120,93560
FINNIFTY02JAN2419900PE.NFO,02/01/2024,13:18:23,0.15,0.15,4960,0.2,5600,280,93560
FINNIFTY02JAN2419900PE.NFO,02/01/2024,13:18:40,0.15,0.15,2160,0.2,5920,4080,93560
FINNIFTY02JAN2419900PE.NFO,02/01/2024,13:18:49,0.15,0.15,1000,0.2,4120,1800,93560
FINNIFTY02JAN2419900PE.NFO,02/01/2024,13:19:06,0.15,0.15,1640,0.2,7360,0,93560
FINNIFTY02JAN2419900PE.NFO,02/01/2024,13:21:13,0.15,0.15,720,0.2,7160,1120,92400
FINNIFTY02JAN2419900PE.NFO,02/01/2024,13:21:47,0.2,0.15,2440,0.2,1120,7880,92400
FINNIFTY02JAN2419900PE.NFO,02/01/2024,13:22:04,0.15,0.15,1720,0.2,1120,280,92400
FINNIFTY02JAN2419900PE.NFO,02/01/2024,13:22:12,0.15,0.15,2120,0.25,4320,80,92400
FINNIFTY02JAN2419900PE.NFO,02/01/2024,13:22:21,0.15,0.15,1520,0.2,9520,40,92400
FINNIFTY02JAN2419900PE.NFO,02/01/2024,13:22:30,0.15,0.15,1160,0.2,9520,600,92400
FINNIFTY02JAN2419900PE.NFO,02/01/2024,13:23:57,0.15,0.15,1240,0.2,8120,240,92400
FINNIFTY02JAN2419900PE.NFO,02/01/2024,13:24:05,0.15,0.1,44600,0.2,8120,3160,92400
FINNIFTY02JAN2419900PE.NFO,02/01/2024,13:24:22,0.15,0.1,38560,0.2,9240,2520,89400
FINNIFTY02JAN2419900PE.NFO,02/01/2024,13:25:16,0.15,0.1,38760,0.2,11880,7120,89400
FINNIFTY02JAN2419900PE.NFO,02/01/2024,13:25:34,0.15,0.1,39520,0.15,2240,0,89400
FINNIFTY02JAN2419900PE.NFO,02/01/2024,13:25:43,0.15,0.1,39520,0.15,6920,0,89400
FINNIFTY02JAN2419900PE.NFO,02/01/2024,13:26:18,0.15,0.1,39520,0.15,4640,480,89400
FINNIFTY02JAN2419900PE.NFO,02/01/2024,13:26:26,0.15,0.1,39520,0.15,4440,200,89400
FINNIFTY02JAN2419900PE.NFO,02/01/2024,13:27:35,0.15,0.1,39800,0.15,7080,0,89400
FINNIFTY02JAN2419900PE.NFO,02/01/2024,13:28:00,0.15,0.1,39800,0.15,6800,280,84440
FINNIFTY02JAN2419900PE.NFO,02/01/2024,13:30:51,0.15,0.1,37040,0.15,6800,0,84440
FINNIFTY02JAN2419900PE.NFO,02/01/2024,13:33:15,0.15,0.1,38000,0.15,9200,480,84440
FINNIFTY02JAN2419900PE.NFO,02/01/2024,13:33:24,0.15,0.1,38000,0.15,9000,200,84440
FINNIFTY02JAN2419900PE.NFO,02/01/2024,13:33:50,0.15,0.1,37000,0.15,9000,0,84440
FINNIFTY02JAN2419900PE.NFO,02/01/2024,13:34:09,0.15,0.1,37960,0.15,1800,5400,84440
FINNIFTY02JAN2419900PE.NFO,02/01/2024,13:34:17,0.15,0.15,3360,0.2,8120,1000,84440
FINNIFTY02JAN2419900PE.NFO,02/01/2024,13:34:26,0.15,0.15,4680,0.2,9120,0,84440
FINNIFTY02JAN2419900PE.NFO,02/01/2024,13:34:36,0.15,0.15,5160,0.2,9120,0,84440
FINNIFTY02JAN2419900PE.NFO,02/01/2024,13:35:04,0.15,0.15,7160,0.2,11160,200,84440
FINNIFTY02JAN2419900PE.NFO,02/01/2024,13:35:13,0.15,0.15,5280,0.2,9120,600,84440
FINNIFTY02JAN2419900PE.NFO,02/01/2024,13:35:22,0.15,0.15,6400,0.2,9560,40,84440
FINNIFTY02JAN2419900PE.NFO,02/01/2024,13:35:31,0.15,0.15,5960,0.2,10720,360,84440
FINNIFTY02JAN2419900PE.NFO,02/01/2024,13:36:24,0.15,0.15,5600,0.2,9560,360,85840
FINNIFTY02JAN2419900PE.NFO,02/01/2024,13:36:33,0.15,0.15,5480,0.2,11600,80,85840
FINNIFTY02JAN2419900PE.NFO,02/01/2024,13:36:42,0.15,0.15,5480,0.2,11480,0,85840
FINNIFTY02JAN2419900PE.NFO,02/01/2024,13:37:20,0.15,0.15,4440,0.2,11480,0,85840
FINNIFTY02JAN2419900PE.NFO,02/01/2024,13:39:15,0.15,0.15,3000,0.2,11720,1520,86200
FINNIFTY02JAN2419900PE.NFO,02/01/2024,13:39:23,0.15,0.15,1680,0.2,11480,320,86200
FINNIFTY02JAN2419900PE.NFO,02/01/2024,13:39:41,0.15,0.1,36960,0.2,13040,2480,86200
FINNIFTY02JAN2419900PE.NFO,02/01/2024,13:39:49,0.15,0.1,38000,0.15,2880,0,86200
FINNIFTY02JAN2419900PE.NFO,02/01/2024,13:41:13,0.15,0.1,38000,0.15,6440,0,86200
FINNIFTY02JAN2419900PE.NFO,02/01/2024,13:42:31,0.15,0.1,37560,0.15,6440,0,86200
FINNIFTY02JAN2419900PE.NFO,02/01/2024,13:43:21,0.15,0.1,38000,0.15,8040,200,88280
FINNIFTY02JAN2419900PE.NFO,02/01/2024,13:43:56,0.15,0.1,33160,0.15,8040,0,88280
FINNIFTY02JAN2419900PE.NFO,02/01/2024,13:44:04,0.15,0.1,32720,0.15,6240,1800,88280
FINNIFTY02JAN2419900PE.NFO,02/01/2024,13:44:21,0.15,0.1,32720,0.15,5360,880,88280
FINNIFTY02JAN2419900PE.NFO,02/01/2024,13:44:30,0.15,0.1,33160,0.15,3560,0,88280
FINNIFTY02JAN2419900PE.NFO,02/01/2024,13:44:38,0.15,0.1,19520,0.15,3560,0,88280
FINNIFTY02JAN2419900PE.NFO,02/01/2024,13:45:29,0.15,0.1,19520,0.2,9320,1800,85400
FINNIFTY02JAN2419900PE.NFO,02/01/2024,13:45:37,0.15,0.1,19520,0.2,9280,0,85400
FINNIFTY02JAN2419900PE.NFO,02/01/2024,13:46:10,0.15,0.1,19520,0.2,1760,0,85400
FINNIFTY02JAN2419900PE.NFO,02/01/2024,13:46:19,0.15,0.1,19520,0.15,9360,2720,85400
FINNIFTY02JAN2419900PE.NFO,02/01/2024,13:46:27,0.15,0.1,19520,0.15,9120,240,85400
FINNIFTY02JAN2419900PE.NFO,02/01/2024,13:46:52,0.15,0.1,19520,0.15,8880,240,85400
FINNIFTY02JAN2419900PE.NFO,02/01/2024,13:47:43,0.15,0.1,19520,0.15,12160,0,85400
FINNIFTY02JAN2419900PE.NFO,02/01/2024,13:48:00,0.15,0.1,17720,0.15,9080,200,85400
FINNIFTY02JAN2419900PE.NFO,02/01/2024,13:48:09,0.15,0.1,16360,0.15,9080,0,85400
FINNIFTY02JAN2419900PE.NFO,02/01/2024,13:48:27,0.15,0.1,18440,0.15,8760,320,81200
FINNIFTY02JAN2419900PE.NFO,02/01/2024,13:48:44,0.15,0.1,18440,0.15,8760,0,81200
FINNIFTY02JAN2419900PE.NFO,02/01/2024,13:48:52,0.15,0.1,12680,0.15,13440,0,81200
FINNIFTY02JAN2419900PE.NFO,02/01/2024,13:49:24,0.15,0.1,12680,0.15,13520,0,81200
FINNIFTY02JAN2419900PE.NFO,02/01/2024,13:49:33,0.15,0.1,10600,0.15,9840,200,81200
FINNIFTY02JAN2419900PE.NFO,02/01/2024,13:49:50,0.15,0.1,11960,0.15,10240,200,81200
FINNIFTY02JAN2419900PE.NFO,02/01/2024,13:49:58,0.15,0.1,12520,0.15,10040,200,81200
FINNIFTY02JAN2419900PE.NFO,02/01/2024,13:50:15,0.15,0.1,12520,0.15,9800,240,81200
FINNIFTY02JAN2419900PE.NFO,02/01/2024,13:50:33,0.15,0.1,11960,0.15,8960,0,81200
FINNIFTY02JAN2419900PE.NFO,02/01/2024,13:50:51,0.15,0.1,10600,0.15,10040,0,81200
FINNIFTY02JAN2419900PE.NFO,02/01/2024,13:51:00,0.15,0.1,10600,0.15,9000,2240,81200
FINNIFTY02JAN2419900PE.NFO,02/01/2024,13:51:10,0.15,0.1,11960,0.15,7440,2400,81240
FINNIFTY02JAN2419900PE.NFO,02/01/2024,13:51:37,0.1,0.1,9680,0.15,6560,200,81240
FINNIFTY02JAN2419900PE.NFO,02/01/2024,13:51:46,0.1,0.1,9720,0.15,6560,0,81240
FINNIFTY02JAN2419900PE.NFO,02/01/2024,13:51:55,0.1,0.1,4000,0.15,9200,160,81240
FINNIFTY02JAN2419900PE.NFO,02/01/2024,13:52:04,0.1,0.1,6040,0.15,9200,0,81240
FINNIFTY02JAN2419900PE.NFO,02/01/2024,13:52:22,0.1,0.1,5720,0.15,6280,600,81240
FINNIFTY02JAN2419900PE.NFO,02/01/2024,13:52:32,0.15,0.1,5800,0.15,1120,1120,81240
FINNIFTY02JAN2419900PE.NFO,02/01/2024,13:52:41,0.15,0.1,5720,0.15,840,280,81240
FINNIFTY02JAN2419900PE.NFO,02/01/2024,13:52:51,0.15,0.1,5720,0.15,2640,840,81240
FINNIFTY02JAN2419900PE.NFO,02/01/2024,13:53:09,0.1,0.1,5320,0.15,1800,400,81240
FINNIFTY02JAN2419900PE.NFO,02/01/2024,13:53:18,0.1,0.1,4320,0.15,2240,2520,81240
FINNIFTY02JAN2419900PE.NFO,02/01/2024,13:53:28,0.15,0.1,2520,0.15,1760,3200,81240
FINNIFTY02JAN2419900PE.NFO,02/01/2024,13:53:38,0.1,0.1,58880,0.15,4320,3840,81240
FINNIFTY02JAN2419900PE.NFO,02/01/2024,13:53:47,0.1,0.1,56400,0.15,9600,2800,81240
FINNIFTY02JAN2419900PE.NFO,02/01/2024,13:53:57,0.1,0.1,54400,0.15,11000,2000,81240
FINNIFTY02JAN2419900PE.NFO,02/01/2024,13:54:06,0.15,0.1,56200,0.15,19720,5760,81240
FINNIFTY02JAN2419900PE.NFO,02/01/2024,13:54:16,0.15,0.1,56200,0.15,19560,160,83800
FINNIFTY02JAN2419900PE.NFO,02/01/2024,13:54:25,0.15,0.1,55720,0.15,17720,2480,83800
FINNIFTY02JAN2419900PE.NFO,02/01/2024,13:54:35,0.15,0.1,55720,0.15,16040,1680,83800
FINNIFTY02JAN2419900PE.NFO,02/01/2024,13:54:44,0.1,0.1,55320,0.15,16360,1200,83800
FINNIFTY02JAN2419900PE.NFO,02/01/2024,13:54:53,0.1,0.1,55120,0.15,16360,200,83800
FINNIFTY02JAN2419900PE.NFO,02/01/2024,13:55:12,0.1,0.1,4600,0.15,16360,0,83800
FINNIFTY02JAN2419900PE.NFO,02/01/2024,13:55:47,0.1,0.1,4400,0.15,16360,200,83800
FINNIFTY02JAN2419900PE.NFO,02/01/2024,13:55:56,0.1,0.1,7640,0.15,16360,480,83800
FINNIFTY02JAN2419900PE.NFO,02/01/2024,13:56:04,0.1,0.1,8480,0.15,16360,80,83800
FINNIFTY02JAN2419900PE.NFO,02/01/2024,13:56:56,0.1,0.1,8200,0.15,16360,440,83800
FINNIFTY02JAN2419900PE.NFO,02/01/2024,13:57:30,0.1,0.1,8200,0.15,16320,0,83800
FINNIFTY02JAN2419900PE.NFO,02/01/2024,13:57:39,0.1,0.1,8200,0.15,16280,0,83800
FINNIFTY02JAN2419900PE.NFO,02/01/2024,13:57:56,0.1,0.1,8200,0.15,16320,0,83800
FINNIFTY02JAN2419900PE.NFO,02/01/2024,13:58:47,0.1,0.1,5280,0.15,16320,2000,83000
FINNIFTY02JAN2419900PE.NFO,02/01/2024,13:58:56,0.1,0.1,3160,0.15,16320,5000,83000
FINNIFTY02JAN2419900PE.NFO,02/01/2024,13:59:04,0.1,0.1,40,0.15,15360,2240,83000
FINNIFTY02JAN2419900PE.NFO,02/01/2024,13:59:13,0.1,0.05,91960,0.1,11520,7480,83000
FINNIFTY02JAN2419900PE.NFO,02/01/2024,13:59:13,0.05,0.05,91960,0.1,11520,0,83000
FINNIFTY02JAN2419900PE.NFO,02/01/2024,13:59:22,0.05,0.05,91160,0.1,11200,1120,83000
FINNIFTY02JAN2419900PE.NFO,02/01/2024,13:59:30,0.05,0.05,90120,0.1,13440,1800,83000
FINNIFTY02JAN2419900PE.NFO,02/01/2024,13:59:39,0.05,0.05,88640,0.1,13440,1480,83000
FINNIFTY02JAN2419900PE.NFO,02/01/2024,13:59:48,0.05,0.05,88280,0.1,12840,960,83000
FINNIFTY02JAN2419900PE.NFO,02/01/2024,13:59:56,0.05,0.05,87480,0.1,17480,800,83000
FINNIFTY02JAN2419900PE.NFO,02/01/2024,14:00:06,0.05,0.05,87400,0.1,16520,1040,83000
FINNIFTY02JAN2419900PE.NFO,02/01/2024,14:00:23,0.05,0.05,86520,0.1,16520,0,83000
FINNIFTY02JAN2419900PE.NFO,02/01/2024,14:00:32,0.1,0.05,87240,0.1,17280,200,78560
FINNIFTY02JAN2419900PE.NFO,02/01/2024,14:00:57,0.1,0.05,82360,0.15,1160,16440,78560
FINNIFTY02JAN2419900PE.NFO,02/01/2024,14:01:15,0.1,0.1,11520,0.2,5600,480,78560
FINNIFTY02JAN2419900PE.NFO,02/01/2024,14:01:24,0.1,0.1,4760,0.2,5600,0,78560
FINNIFTY02JAN2419900PE.NFO,02/01/2024,14:01:32,0.1,0.1,6560,0.2,7000,0,78560
FINNIFTY02JAN2419900PE.NFO,02/01/2024,14:01:41,0.1,0.1,5880,0.2,7000,240,78560
FINNIFTY02JAN2419900PE.NFO,02/01/2024,14:02:07,0.1,0.1,4680,0.15,5840,200,78560
FINNIFTY02JAN2419900PE.NFO,02/01/2024,14:02:42,0.1,0.1,4720,0.15,4080,40,78560
FINNIFTY02JAN2419900PE.NFO,02/01/2024,14:03:07,0.1,0.1,4640,0.15,4440,0,78560
FINNIFTY02JAN2419900PE.NFO,02/01/2024,14:03:25,0.15,0.1,6440,0.2,5600,80,81680
FINNIFTY02JAN2419900PE.NFO,02/01/2024,14:03:34,0.15,0.1,4760,0.2,5600,2080,81680
FINNIFTY02JAN2419900PE.NFO,02/01/2024,14:03:43,0.15,0.1,6240,0.2,2440,0,81680
FINNIFTY02JAN2419900PE.NFO,02/01/2024,14:03:52,0.15,0.1,2480,0.2,5120,3280,81680
FINNIFTY02JAN2419900PE.NFO,02/01/2024,14:04:01,0.15,0.1,4520,0.2,5120,0,81680
FINNIFTY02JAN2419900PE.NFO,02/01/2024,14:04:11,0.15,0.1,29240,0.15,400,0,81680
FINNIFTY02JAN2419900PE.NFO,02/01/2024,14:04:20,0.1,0.1,29600,0.15,4040,1200,81680
FINNIFTY02JAN2419900PE.NFO,02/01/2024,14:04:30,0.1,0.1,28200,0.15,560,480,81680
FINNIFTY02JAN2419900PE.NFO,02/01/2024,14:04:39,0.15,0.1,27760,0.15,40,1400,81680
FINNIFTY02JAN2419900PE.NFO,02/01/2024,14:04:49,0.15,0.1,27760,0.2,5400,400,81680
FINNIFTY02JAN2419900PE.NFO,02/01/2024,14:04:58,0.15,0.1,27760,0.2,5480,0,81680
FINNIFTY02JAN2419900PE.NFO,02/01/2024,14:05:07,0.15,0.1,27280,0.15,120,80,81680
FINNIFTY02JAN2419900PE.NFO,02/01/2024,14:05:17,0.15,0.1,27280,0.15,120,0,81680
FINNIFTY02JAN2419900PE.NFO,02/01/2024,14:05:51,0.15,0.1,27280,0.15,40,0,81680
FINNIFTY02JAN2419900PE.NFO,02/01/2024,14:06:41,0.15,0.1,27280,0.2,5120,40,78600
FINNIFTY02JAN2419900PE.NFO,02/01/2024,14:06:49,0.15,0.1,27280,0.15,280,0,78600
FINNIFTY02JAN2419900PE.NFO,02/01/2024,14:06:58,0.15,0.1,26520,0.2,1720,5600,78600
FINNIFTY02JAN2419900PE.NFO,02/01/2024,14:07:07,0.15,0.1,26600,0.2,3720,2680,78600
FINNIFTY02JAN2419900PE.NFO,02/01/2024,14:07:16,0.15,0.1,26600,0.15,120,0,78600
FINNIFTY02JAN2419900PE.NFO,02/01/2024,14:07:24,0.15,0.1,13840,0.15,120,0,78600
FINNIFTY02JAN2419900PE.NFO,02/01/2024,14:07:32,0.15,0.1,2280,0.15,1680,0,78600
FINNIFTY02JAN2419900PE.NFO,02/01/2024,14:08:04,0.15,0.1,2320,0.15,1600,0,78600
FINNIFTY02JAN2419900PE.NFO,02/01/2024,14:08:20,0.15,0.1,2280,0.2,5560,0,78600
FINNIFTY02JAN2419900PE.NFO,02/01/2024,14:08:28,0.15,0.1,4080,0.2,5560,0,78600
FINNIFTY02JAN2419900PE.NFO,02/01/2024,14:08:45,0.15,0.1,4080,0.2,9320,0,78600
FINNIFTY02JAN2419900PE.NFO,02/01/2024,14:09:02,0.15,0.1,2320,0.2,7360,1200,78600
FINNIFTY02JAN2419900PE.NFO,02/01/2024,14:09:12,0.15,0.1,4120,0.2,5800,800,78600
FINNIFTY02JAN2419900PE.NFO,02/01/2024,14:09:22,0.15,0.1,4440,0.2,5800,800,80120
FINNIFTY02JAN2419900PE.NFO,02/01/2024,14:09:31,0.15,0.1,5440,0.15,120,0,80120
FINNIFTY02JAN2419900PE.NFO,02/01/2024,14:09:41,0.15,0.1,5440,0.15,80,40,80120
FINNIFTY02JAN2419900PE.NFO,02/01/2024,14:09:50,0.15,0.1,5320,0.15,80,0,80120
FINNIFTY02JAN2419900PE.NFO,02/01/2024,14:10:00,0.15,0.1,5320,0.2,5560,800,80120
FINNIFTY02JAN2419900PE.NFO,02/01/2024,14:10:13,0.15,0.1,5320,0.2,5480,1520,80120
FINNIFTY02JAN2419900PE.NFO,02/01/2024,14:10:24,0.15,0.1,5320,0.15,80,0,80120
FINNIFTY02JAN2419900PE.NFO,02/01/2024,14:11:04,0.15,0.1,5800,0.2,5560,400,80120
FINNIFTY02JAN2419900PE.NFO,02/01/2024,14:11:16,0.15,0.1,5760,0.2,5800,880,80120
FINNIFTY02JAN2419900PE.NFO,02/01/2024,14:11:28,0.15,0.1,5320,0.15,120,400,80120
FINNIFTY02JAN2419900PE.NFO,02/01/2024,14:11:48,0.15,0.1,5280,0.15,3680,0,80120
FINNIFTY02JAN2419900PE.NFO,02/01/2024,14:12:47,0.15,0.1,5280,0.15,4040,0,80120
FINNIFTY02JAN2419900PE.NFO,02/01/2024,14:12:56,0.15,0.1,5280,0.15,2960,400,80760
FINNIFTY02JAN2419900PE.NFO,02/01/2024,14:13:16,0.15,0.1,5280,0.15,3040,1040,80760
FINNIFTY02JAN2419900PE.NFO,02/01/2024,14:13:26,0.15,0.1,5280,0.15,1440,240,80760
FINNIFTY02JAN2419900PE.NFO,02/01/2024,14:13:37,0.15,0.1,5840,0.15,3040,440,80760
FINNIFTY02JAN2419900PE.NFO,02/01/2024,14:13:48,0.15,0.1,5840,0.15,2480,360,80760
FINNIFTY02JAN2419900PE.NFO,02/01/2024,14:13:58,0.15,0.1,5840,0.15,1240,240,80760
FINNIFTY02JAN2419900PE.NFO,02/01/2024,14:14:09,0.1,0.1,5760,0.15,1240,80,80760
FINNIFTY02JAN2419900PE.NFO,02/01/2024,14:14:20,0.15,0.1,5760,0.15,2040,240,80760
FINNIFTY02JAN2419900PE.NFO,02/01/2024,14:15:18,0.15,0.1,5760,0.15,2400,280,82720
FINNIFTY02JAN2419900PE.NFO,02/01/2024,14:15:28,0.15,0.1,5760,0.15,2400,0,82720
FINNIFTY02JAN2419900PE.NFO,02/01/2024,14:15:38,0.15,0.1,5760,0.15,2080,0,82720
FINNIFTY02JAN2419900PE.NFO,02/01/2024,14:15:47,0.15,0.1,5760,0.15,2120,0,82720
FINNIFTY02JAN2419900PE.NFO,02/01/2024,14:16:33,0.15,0.1,5760,0.15,3360,0,82720
FINNIFTY02JAN2419900PE.NFO,02/01/2024,14:19:06,0.1,0.1,4560,0.15,3360,1200,82840
FINNIFTY02JAN2419900PE.NFO,02/01/2024,14:19:17,0.1,0.1,3600,0.15,3360,1520,82840
FINNIFTY02JAN2419900PE.NFO,02/01/2024,14:19:27,0.1,0.1,2080,0.15,3360,2000,82840
FINNIFTY02JAN2419900PE.NFO,02/01/2024,14:19:38,0.05,0.05,77640,0.1,3760,4520,82840
FINNIFTY02JAN2419900PE.NFO,02/01/2024,14:19:48,0.05,0.05,76960,0.1,4400,1200,82840
FINNIFTY02JAN2419900PE.NFO,02/01/2024,14:19:57,0.05,0.05,75960,0.1,4400,1000,82840
FINNIFTY02JAN2419900PE.NFO,02/01/2024,14:20:07,0.05,0.05,75480,0.1,4680,480,82840
FINNIFTY02JAN2419900PE.NFO,02/01/2024,14:20:17,0.05,0.05,76240,0.1,4680,0,82840
FINNIFTY02JAN2419900PE.NFO,02/01/2024,14:20:26,0.05,0.05,43840,0.1,9080,0,82840
FINNIFTY02JAN2419900PE.NFO,02/01/2024,14:20:36,0.1,0.05,43840,0.1,9040,40,82840
FINNIFTY02JAN2419900PE.NFO,02/01/2024,14:20:54,0.1,0.05,36640,0.1,9040,0,82840
FINNIFTY02JAN2419900PE.NFO,02/01/2024,14:21:03,0.1,0.05,34840,0.1,9320,0,82840
FINNIFTY02JAN2419900PE.NFO,02/01/2024,14:21:22,0.1,0.05,34720,0.1,9320,0,82840
FINNIFTY02JAN2419900PE.NFO,02/01/2024,14:21:40,0.05,0.05,34440,0.1,9320,280,81120
FINNIFTY02JAN2419900PE.NFO,02/01/2024,14:21:49,0.05,0.05,35840,0.1,9320,0,81120
FINNIFTY02JAN2419900PE.NFO,02/01/2024,14:22:26,0.1,0.05,35840,0.1,7520,1800,81120
FINNIFTY02JAN2419900PE.NFO,02/01/2024,14:22:45,0.05,0.05,35000,0.1,5880,800,81120
FINNIFTY02JAN2419900PE.NFO,02/01/2024,14:22:55,0.05,0.05,34200,0.1,9440,800,81120
FINNIFTY02JAN2419900PE.NFO,02/01/2024,14:23:04,0.05,0.05,32400,0.1,9440,0,81120
FINNIFTY02JAN2419900PE.NFO,02/01/2024,14:23:13,0.1,0.05,32400,0.1,9360,80,81120
FINNIFTY02JAN2419900PE.NFO,02/01/2024,14:23:50,0.1,0.05,32400,0.1,9240,120,81120
FINNIFTY02JAN2419900PE.NFO,02/01/2024,14:23:59,0.1,0.05,32400,0.1,9080,160,81120
FINNIFTY02JAN2419900PE.NFO,02/01/2024,14:24:26,0.1,0.05,32400,0.1,10880,0,81120
FINNIFTY02JAN2419900PE.NFO,02/01/2024,14:26:13,0.1,0.05,56400,0.1,10880,0,81120
FINNIFTY02JAN2419900PE.NFO,02/01/2024,14:26:50,0.1,0.05,56400,0.1,12080,600,79760
FINNIFTY02JAN2419900PE.NFO,02/01/2024,14:26:59,0.1,0.05,56400,0.1,12080,0,79760
FINNIFTY02JAN2419900PE.NFO,02/01/2024,14:28:10,0.1,0.05,56400,0.1,11840,240,79160
FINNIFTY02JAN2419900PE.NFO,02/01/2024,14:28:29,0.1,0.05,56400,0.1,13200,0,79160
FINNIFTY02JAN2419900PE.NFO,02/01/2024,14:29:12,0.1,0.05,56400,0.1,13240,0,79160
FINNIFTY02JAN2419900PE.NFO,02/01/2024,14:29:57,0.1,0.05,56400,0.1,13040,280,79160
FINNIFTY02JAN2419900PE.NFO,02/01/2024,14:30:06,0.1,0.05,56400,0.1,12240,800,79160
FINNIFTY02JAN2419900PE.NFO,02/01/2024,14:30:16,0.1,0.05,56400,0.1,9560,3080,79160
FINNIFTY02JAN2419900PE.NFO,02/01/2024,14:30:35,0.1,0.05,52760,0.1,800,9160,79160
FINNIFTY02JAN2419900PE.NFO,02/01/2024,14:30:45,0.1,0.05,56360,0.15,1320,880,79160
FINNIFTY02JAN2419900PE.NFO,02/01/2024,14:31:31,0.1,0.1,3720,0.15,4480,480,79160
FINNIFTY02JAN2419900PE.NFO,02/01/2024,14:31:40,0.1,0.1,5520,0.15,5320,280,79160
FINNIFTY02JAN2419900PE.NFO,02/01/2024,14:31:49,0.1,0.1,5840,0.15,5320,120,79160
FINNIFTY02JAN2419900PE.NFO,02/01/2024,14:31:58,0.1,0.1,5720,0.15,5320,120,79160
FINNIFTY02JAN2419900PE.NFO,02/01/2024,14:32:16,0.1,0.1,5720,0.15,5320,0,79160
FINNIFTY02JAN2419900PE.NFO,02/01/2024,14:32:26,0.1,0.1,6080,0.15,800,120,79160
FINNIFTY02JAN2419900PE.NFO,02/01/2024,14:32:44,0.1,0.1,5920,0.15,640,80,79160
FINNIFTY02JAN2419900PE.NFO,02/01/2024,14:33:01,0.1,0.1,5720,0.15,3080,120,79160
FINNIFTY02JAN2419900PE.NFO,02/01/2024,14:33:20,0.1,0.1,5600,0.15,3080,120,79720
FINNIFTY02JAN2419900PE.NFO,02/01/2024,14:33:58,0.1,0.1,5480,0.15,3080,120,79720
FINNIFTY02JAN2419900PE.NFO,02/01/2024,14:34:35,0.15,0.1,5480,0.15,1560,400,79720
FINNIFTY02JAN2419900PE.NFO,02/01/2024,14:35:29,0.15,0.1,5480,0.15,1840,0,79720
FINNIFTY02JAN2419900PE.NFO,02/01/2024,14:35:38,0.1,0.1,5400,0.15,2680,80,79720
FINNIFTY02JAN2419900PE.NFO,02/01/2024,14:35:47,0.1,0.1,5360,0.15,1560,40,79720
FINNIFTY02JAN2419900PE.NFO,02/01/2024,14:35:56,0.1,0.1,7120,0.15,1560,40,79720
FINNIFTY02JAN2419900PE.NFO,02/01/2024,14:36:05,0.1,0.1,5800,0.15,1560,1000,79720
FINNIFTY02JAN2419900PE.NFO,02/01/2024,14:36:23,0.15,0.1,2200,0.15,160,3080,81520
FINNIFTY02JAN2419900PE.NFO,02/01/2024,14:36:33,0.1,0.1,2120,0.15,160,120,81520
FINNIFTY02JAN2419900PE.NFO,02/01/2024,14:36:41,0.1,0.1,2960,0.15,160,0,81520
FINNIFTY02JAN2419900PE.NFO,02/01/2024,14:36:50,0.1,0.1,2160,0.15,1280,600,81520
FINNIFTY02JAN2419900PE.NFO,02/01/2024,14:37:00,0.1,0.1,1000,0.15,360,0,81520
FINNIFTY02JAN2419900PE.NFO,02/01/2024,14:37:17,0.1,0.1,1920,0.15,1320,640,81520
FINNIFTY02JAN2419900PE.NFO,02/01/2024,14:37:26,0.1,0.1,1400,0.15,1280,800,81520
FINNIFTY02JAN2419900PE.NFO,02/01/2024,14:37:36,0.15,0.1,1400,0.15,1800,240,81520
FINNIFTY02JAN2419900PE.NFO,02/01/2024,14:37:46,0.15,0.1,240,0.2,1280,800,81520
FINNIFTY02JAN2419900PE.NFO,02/01/2024,14:37:57,0.15,0.1,640,0.15,2120,1040,81520
FINNIFTY02JAN2419900PE.NFO,02/01/2024,14:38:08,0.15,0.1,440,0.25,3040,2840,81520
FINNIFTY02JAN2419900PE.NFO,02/01/2024,14:38:20,0.15,0.1,2200,0.15,160,560,81520
FINNIFTY02JAN2419900PE.NFO,02/01/2024,14:38:33,0.15,0.1,3800,0.15,400,1000,81520
FINNIFTY02JAN2419900PE.NFO,02/01/2024,14:38:45,0.15,0.1,7760,0.15,320,80,81520
FINNIFTY02JAN2419900PE.NFO,02/01/2024,14:38:55,0.15,0.1,7920,0.15,320,0,81520
FINNIFTY02JAN2419900PE.NFO,02/01/2024,14:39:34,0.15,0.1,7920,0.15,400,0,81520
FINNIFTY02JAN2419900PE.NFO,02/01/2024,14:39:44,0.15,0.1,7920,0.15,440,0,81520
FINNIFTY02JAN2419900PE.NFO,02/01/2024,14:40:05,0.15,0.1,7960,0.15,1080,0,81520
FINNIFTY02JAN2419900PE.NFO,02/01/2024,14:40:16,0.15,0.1,8000,0.15,520,160,86400
FINNIFTY02JAN2419900PE.NFO,02/01/2024,14:40:36,0.15,0.1,8000,0.15,160,1080,86400
FINNIFTY02JAN2419900PE.NFO,02/01/2024,14:40:48,0.1,0.1,7840,0.15,1640,160,86400
FINNIFTY02JAN2419900PE.NFO,02/01/2024,14:40:59,0.1,0.1,7840,0.15,520,0,86400
FINNIFTY02JAN2419900PE.NFO,02/01/2024,14:41:09,0.1,0.1,7840,0.15,1280,0,86400
FINNIFTY02JAN2419900PE.NFO,02/01/2024,14:41:19,0.1,0.1,7840,0.15,1720,0,86400
FINNIFTY02JAN2419900PE.NFO,02/01/2024,14:41:29,0.1,0.1,7840,0.15,720,0,86400
FINNIFTY02JAN2419900PE.NFO,02/01/2024,14:41:39,0.1,0.1,7840,0.15,760,0,86400
FINNIFTY02JAN2419900PE.NFO,02/01/2024,14:42:08,0.1,0.1,7840,0.15,1880,0,86400
FINNIFTY02JAN2419900PE.NFO,02/01/2024,14:45:00,0.1,0.1,7840,0.15,400,0,86400
FINNIFTY02JAN2419900PE.NFO,02/01/2024,14:45:38,0.1,0.1,7840,0.15,2000,0,86400
FINNIFTY02JAN2419900PE.NFO,02/01/2024,14:46:06,0.15,0.1,7840,0.15,1920,80,86680
FINNIFTY02JAN2419900PE.NFO,02/01/2024,14:46:35,0.15,0.1,7840,0.15,1920,0,86680
FINNIFTY02JAN2419900PE.NFO,02/01/2024,14:46:44,0.15,0.1,7840,0.15,2120,0,86680
FINNIFTY02JAN2419900PE.NFO,02/01/2024,14:46:54,0.1,0.1,7520,0.15,2320,320,86680
FINNIFTY02JAN2419900PE.NFO,02/01/2024,14:47:03,0.1,0.1,6360,0.15,4080,1920,86680
FINNIFTY02JAN2419900PE.NFO,02/01/2024,14:47:13,0.1,0.1,6120,0.15,4080,1280,86680
FINNIFTY02JAN2419900PE.NFO,02/01/2024,14:47:22,0.1,0.1,6040,0.15,4080,80,86680
FINNIFTY02JAN2419900PE.NFO,02/01/2024,14:47:31,0.1,0.1,5240,0.15,8880,120,86680
FINNIFTY02JAN2419900PE.NFO,02/01/2024,14:47:41,0.15,0.1,5240,0.15,8920,80,86680
FINNIFTY02JAN2419900PE.NFO,02/01/2024,14:47:50,0.1,0.1,5200,0.15,8920,40,86680
FINNIFTY02JAN2419900PE.NFO,02/01/2024,14:47:59,0.1,0.1,4960,0.15,8960,240,86680
FINNIFTY02JAN2419900PE.NFO,02/01/2024,14:48:08,0.1,0.1,2040,0.15,8920,0,86680
FINNIFTY02JAN2419900PE.NFO,02/01/2024,14:49:13,0.1,0.1,3920,0.15,6400,0,86680
FINNIFTY02JAN2419900PE.NFO,02/01/2024,14:50:00,0.1,0.1,2360,0.15,6400,440,89000
FINNIFTY02JAN2419900PE.NFO,02/01/2024,14:50:29,0.1,0.1,3400,0.15,6400,80,89000
FINNIFTY02JAN2419900PE.NFO,02/01/2024,14:51:06,0.1,0.1,3040,0.15,5720,0,89000
FINNIFTY02JAN2419900PE.NFO,02/01/2024,14:51:15,0.1,0.1,1920,0.15,5680,0,89000
FINNIFTY02JAN2419900PE.NFO,02/01/2024,14:51:25,0.15,0.1,3480,0.15,5600,80,89440
FINNIFTY02JAN2419900PE.NFO,02/01/2024,14:52:03,0.1,0.1,2320,0.15,6360,40,89440
FINNIFTY02JAN2419900PE.NFO,02/01/2024,14:52:32,0.1,0.1,3280,0.15,6360,160,89440
FINNIFTY02JAN2419900PE.NFO,02/01/2024,14:52:52,0.1,0.1,1520,0.15,6320,0,89440
FINNIFTY02JAN2419900PE.NFO,02/01/2024,14:53:20,0.1,0.1,1280,0.15,4520,240,89440
FINNIFTY02JAN2419900PE.NFO,02/01/2024,14:53:29,0.1,0.05,48280,0.1,2040,1680,89440
FINNIFTY02JAN2419900PE.NFO,02/01/2024,14:53:38,0.1,0.05,47200,0.1,2040,0,89440
FINNIFTY02JAN2419900PE.NFO,02/01/2024,14:54:07,0.1,0.05,47200,0.1,2560,0,89440
FINNIFTY02JAN2419900PE.NFO,02/01/2024,14:54:26,0.1,0.05,47360,0.1,2400,160,89120
FINNIFTY02JAN2419900PE.NFO,02/01/2024,14:54:37,0.1,0.05,47360,0.1,2360,40,89120
FINNIFTY02JAN2419900PE.NFO,02/01/2024,14:54:47,0.1,0.05,47360,0.1,1400,960,89120
FINNIFTY02JAN2419900PE.NFO,02/01/2024,14:54:57,0.1,0.05,45680,0.15,1760,1400,89120
FINNIFTY02JAN2419900PE.NFO,02/01/2024,14:55:07,0.1,0.05,45680,0.15,1760,0,89120
FINNIFTY02JAN2419900PE.NFO,02/01/2024,14:55:27,0.1,0.05,45680,0.15,2720,0,89120
FINNIFTY02JAN2419900PE.NFO,02/01/2024,14:55:36,0.1,0.05,53000,0.15,4520,1320,89120
FINNIFTY02JAN2419900PE.NFO,02/01/2024,14:55:46,0.1,0.1,40,0.15,4520,40,89120
FINNIFTY02JAN2419900PE.NFO,02/01/2024,14:55:55,0.1,0.1,40,0.15,7120,0,89120
FINNIFTY02JAN2419900PE.NFO,02/01/2024,14:56:05,0.1,0.05,55160,0.15,7120,0,89120
FINNIFTY02JAN2419900PE.NFO,02/01/2024,14:56:14,0.1,0.05,59360,0.15,7120,40,89120
FINNIFTY02JAN2419900PE.NFO,02/01/2024,14:56:24,0.1,0.05,59680,0.15,7120,0,89120
FINNIFTY02JAN2419900PE.NFO,02/01/2024,14:57:42,0.1,0.05,59640,0.15,7080,0,89120
FINNIFTY02JAN2419900PE.NFO,02/01/2024,14:58:20,0.1,0.05,51800,0.1,200,0,89120
FINNIFTY02JAN2419900PE.NFO,02/01/2024,14:59:35,0.1,0.05,49600,0.1,360,1600,89000
FINNIFTY02JAN2419900PE.NFO,02/01/2024,14:59:46,0.05,0.05,45040,0.1,600,1080,89000
FINNIFTY02JAN2419900PE.NFO,02/01/2024,14:59:56,0.05,0.05,28040,0.1,2520,800,89000
FINNIFTY02JAN2419900PE.NFO,02/01/2024,15:00:06,0.05,0.05,27560,0.1,3320,480,89000
FINNIFTY02JAN2419900PE.NFO,02/01/2024,15:00:16,0.05,0.05,25760,0.1,3720,0,89000
FINNIFTY02JAN2419900PE.NFO,02/01/2024,15:00:26,0.05,0.05,26560,0.1,3720,0,89000
FINNIFTY02JAN2419900PE.NFO,02/01/2024,15:00:37,0.05,0.05,27960,0.1,4120,400,88680
FINNIFTY02JAN2419900PE.NFO,02/01/2024,15:00:47,0.05,0.05,25520,0.1,4120,2400,88680
FINNIFTY02JAN2419900PE.NFO,02/01/2024,15:00:57,0.05,0.05,22120,0.1,5120,1600,88680
FINNIFTY02JAN2419900PE.NFO,02/01/2024,15:01:07,0.05,0.05,23240,0.1,5120,1080,88680
FINNIFTY02JAN2419900PE.NFO,02/01/2024,15:01:17,0.05,0.05,25160,0.1,5120,640,88680
FINNIFTY02JAN2419900PE.NFO,02/01/2024,15:01:36,0.05,0.05,25000,0.1,7680,160,88680
FINNIFTY02JAN2419900PE.NFO,02/01/2024,15:01:46,0.05,0.05,24520,0.1,7680,480,88680
FINNIFTY02JAN2419900PE.NFO,02/01/2024,15:01:56,0.05,0.05,24640,0.1,7680,680,88680
FINNIFTY02JAN2419900PE.NFO,02/01/2024,15:02:05,0.05,0.05,25440,0.1,7680,0,88680
FINNIFTY02JAN2419900PE.NFO,02/01/2024,15:02:15,0.05,0.05,26040,0.1,7680,200,88680
FINNIFTY02JAN2419900PE.NFO,02/01/2024,15:02:25,0.05,0.05,25560,0.1,7680,480,88680
FINNIFTY02JAN2419900PE.NFO,02/01/2024,15:02:54,0.05,0.05,25200,0.1,7680,360,88680
FINNIFTY02JAN2419900PE.NFO,02/01/2024,15:03:23,0.05,0.05,24840,0.1,7680,360,88680
FINNIFTY02JAN2419900PE.NFO,02/01/2024,15:03:51,0.05,0.05,19400,0.1,7680,2240,81160
FINNIFTY02JAN2419900PE.NFO,02/01/2024,15:04:00,0.05,0.05,18480,0.1,6760,920,81160
FINNIFTY02JAN2419900PE.NFO,02/01/2024,15:04:20,0.05,0.05,14840,0.1,3160,3640,81160
FINNIFTY02JAN2419900PE.NFO,02/01/2024,15:05:00,0.05,0.05,14840,0.1,3240,0,81160
FINNIFTY02JAN2419900PE.NFO,02/01/2024,15:05:30,0.05,0.05,14800,0.1,3240,40,81160
FINNIFTY02JAN2419900PE.NFO,02/01/2024,15:06:32,0.05,0.05,14640,0.1,3240,160,74320
FINNIFTY02JAN2419900PE.NFO,02/01/2024,15:07:11,0.05,0.05,14000,0.1,3240,640,74320
FINNIFTY02JAN2419900PE.NFO,02/01/2024,15:07:34,0.1,0.05,14000,0.1,3200,80,74320
FINNIFTY02JAN2419900PE.NFO,02/01/2024,15:07:46,0.1,0.05,14000,0.1,4680,320,74320
FINNIFTY02JAN2419900PE.NFO,02/01/2024,15:07:58,0.1,0.05,14000,0.1,3960,160,74320
FINNIFTY02JAN2419900PE.NFO,02/01/2024,15:08:11,0.1,0.05,14000,0.1,5800,320,74320
FINNIFTY02JAN2419900PE.NFO,02/01/2024,15:08:35,0.1,0.05,14000,0.1,7240,0,74320
FINNIFTY02JAN2419900PE.NFO,02/01/2024,15:08:47,0.1,0.05,14000,0.1,8240,0,74320
FINNIFTY02JAN2419900PE.NFO,02/01/2024,15:08:58,0.1,0.05,14000,0.1,8120,0,74320
FINNIFTY02JAN2419900PE.NFO,02/01/2024,15:09:08,0.1,0.05,14000,0.1,8200,0,74320
FINNIFTY02JAN2419900PE.NFO,02/01/2024,15:09:28,0.05,0.05,12200,0.1,8200,1800,73840
FINNIFTY02JAN2419900PE.NFO,02/01/2024,15:09:59,0.05,0.05,11320,0.1,8200,880,73840
FINNIFTY02JAN2419900PE.NFO,02/01/2024,15:10:12,0.1,0.05,11320,0.1,8080,120,73840
FINNIFTY02JAN2419900PE.NFO,02/01/2024,15:10:23,0.1,0.05,11320,0.1,7840,240,73840
FINNIFTY02JAN2419900PE.NFO,02/01/2024,15:10:34,0.05,0.05,3960,0.1,7840,7360,73840
FINNIFTY02JAN2419900PE.NFO,02/01/2024,15:10:46,0.1,0.05,3960,0.1,7800,40,73840
FINNIFTY02JAN2419900PE.NFO,02/01/2024,15:10:58,0.1,0.05,3960,0.1,7640,160,73840
FINNIFTY02JAN2419900PE.NFO,02/01/2024,15:11:08,0.1,0.05,3960,0.1,7600,40,73840
FINNIFTY02JAN2419900PE.NFO,02/01/2024,15:11:19,0.1,0.05,3960,0.1,7600,0,73840
FINNIFTY02JAN2419900PE.NFO,02/01/2024,15:11:29,0.05,0.05,2200,0.1,7600,1760,73840
FINNIFTY02JAN2419900PE.NFO,02/01/2024,15:11:49,0.05,0.05,2160,0.1,7600,40,73840
FINNIFTY02JAN2419900PE.NFO,02/01/2024,15:12:19,0.1,0.05,2160,0.1,7520,80,73840
FINNIFTY02JAN2419900PE.NFO,02/01/2024,15:12:29,0.1,0.05,2760,0.1,7440,80,66040
FINNIFTY02JAN2419900PE.NFO,02/01/2024,15:12:39,0.1,0.05,2760,0.1,7240,200,66040
FINNIFTY02JAN2419900PE.NFO,02/01/2024,15:12:49,0.1,0.05,2760,0.1,7080,160,66040
FINNIFTY02JAN2419900PE.NFO,02/01/2024,15:13:00,0.1,0.05,2760,0.1,7000,80,66040
FINNIFTY02JAN2419900PE.NFO,02/01/2024,15:13:21,0.05,0.05,3560,0.1,2720,1000,66040
FINNIFTY02JAN2419900PE.NFO,02/01/2024,15:13:42,0.05,0.05,1560,0.1,2720,2000,66040
FINNIFTY02JAN2419900PE.NFO,02/01/2024,15:13:52,0.05,0.05,40,0.1,2720,1520,66040
FINNIFTY02JAN2419900PE.NFO,02/01/2024,15:14:43,0.05,0.05,40,0.1,2720,160,66040
FINNIFTY02JAN2419900PE.NFO,02/01/2024,15:15:04,0.05,0,0,0.1,3520,0,66040
FINNIFTY02JAN2419900PE.NFO,02/01/2024,15:15:37,0.05,0,0,0.1,3800,1600,67240
FINNIFTY02JAN2419900PE.NFO,02/01/2024,15:15:57,0.05,0,0,0.1,3800,0,67240
FINNIFTY02JAN2419900PE.NFO,02/01/2024,15:16:46,0.05,0.05,680,0.1,3960,720,67240
FINNIFTY02JAN2419900PE.NFO,02/01/2024,15:16:55,0.05,0,0,0.1,3840,400,67240
FINNIFTY02JAN2419900PE.NFO,02/01/2024,15:17:05,0.05,0,0,0.1,3840,200,67240
FINNIFTY02JAN2419900PE.NFO,02/01/2024,15:17:15,0.05,0,0,0.1,3840,40,67240
FINNIFTY02JAN2419900PE.NFO,02/01/2024,15:19:31,0.05,0,0,0.1,3920,0,67240
FINNIFTY02JAN2419900PE.NFO,02/01/2024,15:19:41,0.05,0,0,0.1,3840,80,67160
FINNIFTY02JAN2419900PE.NFO,02/01/2024,15:20:25,0.05,0,0,0.1,3840,0,67160
FINNIFTY02JAN2419900PE.NFO,02/01/2024,15:20:45,0.05,0,0,0.1,3880,0,67160
FINNIFTY02JAN2419900PE.NFO,02/01/2024,15:21:05,0.05,0,0,0.1,3920,0,67160
FINNIFTY02JAN2419900PE.NFO,02/01/2024,15:21:15,0.05,0,0,0.1,4000,0,67160
FINNIFTY02JAN2419900PE.NFO,02/01/2024,15:21:25,0.05,0,0,0.1,3920,80,67160
FINNIFTY02JAN2419900PE.NFO,02/01/2024,15:21:43,0.05,0,0,0.1,3880,0,67160
FINNIFTY02JAN2419900PE.NFO,02/01/2024,15:22:29,0.05,0,0,0.1,3800,320,67160
FINNIFTY02JAN2419900PE.NFO,02/01/2024,15:25:04,0.05,0,0,0.1,3560,0,67160
FINNIFTY02JAN2419900PE.NFO,02/01/2024,15:25:14,0.05,0,0,0.1,6640,0,67160
FINNIFTY02JAN2419900PE.NFO,02/01/2024,15:25:24,0.05,0,0,0.1,5920,0,67160
FINNIFTY02JAN2419900PE.NFO,02/01/2024,15:25:33,0.05,0,0,0.1,5200,0,67160
FINNIFTY02JAN2419900PE.NFO,02/01/2024,15:27:12,0.05,0,0,0.1,7000,0,67160
FINNIFTY02JAN2419900PE.NFO,02/01/2024,15:28:21,0.05,0,0,0.1,5480,0,67160
FINNIFTY02JAN2419900PE.NFO,02/01/2024,15:28:41,0.05,0,0,0.05,3960,0,67160
FINNIFTY02JAN2419900PE.NFO,02/01/2024,15:29:13,0.05,0,0,0.05,5760,0,67160
FINNIFTY02JAN2419900PE.NFO,02/01/2024,15:29:23,0.05,0,0,0.05,7080,0,67160
FINNIFTY02JAN2419900PE.NFO,02/01/2024,15:29:45,0.05,0,0,0.05,1120,2600,67440
FINNIFTY02JAN2419900PE.NFO,02/01/2024,15:30:00,0.05,0,0,0.05,1040,0,67440
