Ticker,Date,Time,LTP,BuyPrice,BuyQty,SellPrice,SellQty,LTQ,OpenInterest
FINNIFTY02JAN2421350PE.NFO,02/01/2024,09:15:00,8,15.5,360,16,600,4640,1469160
FINNIFTY02JAN2421350PE.NFO,02/01/2024,09:15:00,8,15.5,360,16,600,0,1469160
FINNIFTY02JAN2421350PE.NFO,02/01/2024,09:15:00,23.7,15.5,360,16,600,0,1469160
FINNIFTY02JAN2421350PE.NFO,02/01/2024,09:15:00,8,15.5,360,16,600,0,1469160
FINNIFTY02JAN2421350PE.NFO,02/01/2024,09:15:00,14,14,160,16.85,320,2120,1469160
FINNIFTY02JAN2421350PE.NFO,02/01/2024,09:15:01,18.45,16.8,200,18.35,360,13840,1469160
FINNIFTY02JAN2421350PE.NFO,02/01/2024,09:15:03,21.25,20.85,80,21.35,40,39920,1469160
FINNIFTY02JAN2421350PE.NFO,02/01/2024,09:15:03,25,20.85,80,21.35,40,0,1469160
FINNIFTY02JAN2421350PE.NFO,02/01/2024,09:15:04,24.35,24.3,80,25,640,54160,1469160
FINNIFTY02JAN2421350PE.NFO,02/01/2024,09:15:04,28.9,24.3,80,25,640,0,1469160
FINNIFTY02JAN2421350PE.NFO,02/01/2024,09:15:05,21.95,21.75,120,22.15,840,45360,1469160
FINNIFTY02JAN2421350PE.NFO,02/01/2024,09:15:06,20.5,20.5,40,20.6,80,55720,1469160
FINNIFTY02JAN2421350PE.NFO,02/01/2024,09:15:07,20.15,20.15,240,20.45,40,29920,1469160
FINNIFTY02JAN2421350PE.NFO,02/01/2024,09:15:08,20.65,20.6,80,20.7,80,45760,1469160
FINNIFTY02JAN2421350PE.NFO,02/01/2024,09:15:09,21.1,21.05,80,21.1,240,62040,1469160
FINNIFTY02JAN2421350PE.NFO,02/01/2024,09:15:09,21.5,21.45,80,21.6,600,4200,1469160
FINNIFTY02JAN2421350PE.NFO,02/01/2024,09:15:10,24,24,240,24.3,40,104400,1469160
FINNIFTY02JAN2421350PE.NFO,02/01/2024,09:15:11,23.75,23.05,400,23.35,240,90000,1469160
FINNIFTY02JAN2421350PE.NFO,02/01/2024,09:15:12,24.2,23.5,160,24.15,840,76160,1469160
FINNIFTY02JAN2421350PE.NFO,02/01/2024,09:15:14,22.15,22.05,280,22.15,200,60720,1469160
FINNIFTY02JAN2421350PE.NFO,02/01/2024,09:15:15,20.85,20.8,440,20.95,320,49880,1469160
FINNIFTY02JAN2421350PE.NFO,02/01/2024,09:15:16,21.45,21.55,80,21.6,560,69880,1469160
FINNIFTY02JAN2421350PE.NFO,02/01/2024,09:15:17,21.65,21.6,680,21.7,200,56160,1469160
FINNIFTY02JAN2421350PE.NFO,02/01/2024,09:15:18,20.65,20.5,920,20.65,400,109800,1469160
FINNIFTY02JAN2421350PE.NFO,02/01/2024,09:15:18,21.05,21.05,280,21.2,160,8720,1469160
FINNIFTY02JAN2421350PE.NFO,02/01/2024,09:15:19,20.1,20.1,720,20.2,80,37200,1469160
FINNIFTY02JAN2421350PE.NFO,02/01/2024,09:15:20,20.2,20.05,360,20.2,440,66720,1469160
FINNIFTY02JAN2421350PE.NFO,02/01/2024,09:15:22,20.4,20.4,120,20.55,680,34360,1469160
FINNIFTY02JAN2421350PE.NFO,02/01/2024,09:15:23,20.05,20,680,20.1,680,68480,1469160
FINNIFTY02JAN2421350PE.NFO,02/01/2024,09:15:24,20.8,20.8,40,20.9,2280,42320,1469160
FINNIFTY02JAN2421350PE.NFO,02/01/2024,09:15:24,20.7,20.6,1120,20.75,560,8680,1469160
FINNIFTY02JAN2421350PE.NFO,02/01/2024,09:15:25,20.65,20.6,720,20.65,2080,35320,1469160
FINNIFTY02JAN2421350PE.NFO,02/01/2024,09:15:27,20.85,20.75,1160,20.85,640,46520,1469160
FINNIFTY02JAN2421350PE.NFO,02/01/2024,09:15:28,20.2,20.15,1280,20.25,600,26480,1469160
FINNIFTY02JAN2421350PE.NFO,02/01/2024,09:15:29,19.8,19.8,240,19.9,520,50080,1469160
FINNIFTY02JAN2421350PE.NFO,02/01/2024,09:15:30,19.6,19.6,240,19.75,2160,43600,1469160
FINNIFTY02JAN2421350PE.NFO,02/01/2024,09:15:31,19.25,19.2,120,19.3,720,59560,1469160
FINNIFTY02JAN2421350PE.NFO,02/01/2024,09:15:31,19.15,19,480,19.15,2040,5720,1469160
FINNIFTY02JAN2421350PE.NFO,02/01/2024,09:15:32,19.05,19.05,480,19.15,1600,32440,1469160
FINNIFTY02JAN2421350PE.NFO,02/01/2024,09:15:34,19.35,19.3,2320,19.45,1040,29320,1469160
FINNIFTY02JAN2421350PE.NFO,02/01/2024,09:15:35,19.55,19.45,2080,19.55,40,54080,1469160
FINNIFTY02JAN2421350PE.NFO,02/01/2024,09:15:36,19.4,19.45,400,19.55,1200,68120,1469160
FINNIFTY02JAN2421350PE.NFO,02/01/2024,09:15:37,19.65,19.6,320,19.75,2440,31440,1469160
FINNIFTY02JAN2421350PE.NFO,02/01/2024,09:15:38,19.35,19.35,280,19.45,1440,37080,1469160
FINNIFTY02JAN2421350PE.NFO,02/01/2024,09:15:38,19.25,19.1,1520,19.25,1040,8960,1469160
FINNIFTY02JAN2421350PE.NFO,02/01/2024,09:15:39,18.75,18.75,80,18.8,1760,43560,1469160
FINNIFTY02JAN2421350PE.NFO,02/01/2024,09:15:41,18.8,18.75,920,18.9,2200,36080,1469160
FINNIFTY02JAN2421350PE.NFO,02/01/2024,09:15:42,18.6,18.65,80,18.7,80,38640,1469160
FINNIFTY02JAN2421350PE.NFO,02/01/2024,09:15:43,18.4,18.35,80,18.45,1240,46240,1469160
FINNIFTY02JAN2421350PE.NFO,02/01/2024,09:15:44,18.35,18.25,1120,18.35,360,28560,1469160
FINNIFTY02JAN2421350PE.NFO,02/01/2024,09:15:45,18.1,18.05,1840,18.1,160,32520,1469160
FINNIFTY02JAN2421350PE.NFO,02/01/2024,09:15:45,18.05,18.05,120,18.15,1920,3880,1469160
FINNIFTY02JAN2421350PE.NFO,02/01/2024,09:15:46,18.05,18.05,3240,18.1,40,31120,1469160
FINNIFTY02JAN2421350PE.NFO,02/01/2024,09:15:48,18.4,18.4,1160,18.5,760,52840,1469160
FINNIFTY02JAN2421350PE.NFO,02/01/2024,09:15:49,19.1,19.05,1960,19.2,2520,36400,1469160
FINNIFTY02JAN2421350PE.NFO,02/01/2024,09:15:50,19.3,19.15,920,19.3,920,33120,1469160
FINNIFTY02JAN2421350PE.NFO,02/01/2024,09:15:51,19.3,19.25,400,19.3,240,40360,1469160
FINNIFTY02JAN2421350PE.NFO,02/01/2024,09:15:52,19.1,19,480,19.1,2680,36320,1469160
FINNIFTY02JAN2421350PE.NFO,02/01/2024,09:15:52,19,18.9,2880,19,800,1240,1469160
FINNIFTY02JAN2421350PE.NFO,02/01/2024,09:15:53,18.9,18.9,400,19,2400,42760,1469160
FINNIFTY02JAN2421350PE.NFO,02/01/2024,09:15:55,18.75,18.7,160,18.8,1880,32920,1469160
FINNIFTY02JAN2421350PE.NFO,02/01/2024,09:15:56,19.15,19,160,19.15,2920,48720,1469160
FINNIFTY02JAN2421350PE.NFO,02/01/2024,09:15:57,18.95,18.95,520,19,2000,34080,1469160
FINNIFTY02JAN2421350PE.NFO,02/01/2024,09:15:58,18.6,18.6,1440,18.7,1480,51280,1469160
FINNIFTY02JAN2421350PE.NFO,02/01/2024,09:15:59,18.15,18.15,1000,18.2,280,69360,1469160
FINNIFTY02JAN2421350PE.NFO,02/01/2024,09:15:59,18.05,18,40520,18.05,2600,6480,1469160
FINNIFTY02JAN2421350PE.NFO,02/01/2024,09:16:00,17.4,17.4,600,17.45,80,119080,1469160
FINNIFTY02JAN2421350PE.NFO,02/01/2024,09:16:02,16.35,16.35,320,16.4,400,120480,1469160
FINNIFTY02JAN2421350PE.NFO,02/01/2024,09:16:03,16.25,16.2,920,16.3,2200,68000,1469160
FINNIFTY02JAN2421350PE.NFO,02/01/2024,09:16:04,16.1,16.05,3560,16.15,200,111200,1469160
FINNIFTY02JAN2421350PE.NFO,02/01/2024,09:16:05,15.5,15.45,2240,15.55,1000,89400,1469160
FINNIFTY02JAN2421350PE.NFO,02/01/2024,09:16:06,15.7,15.65,1600,15.75,1840,82040,1469160
FINNIFTY02JAN2421350PE.NFO,02/01/2024,09:16:06,15.3,15.3,1200,15.4,920,12720,1469160
FINNIFTY02JAN2421350PE.NFO,02/01/2024,09:16:08,15.5,15.5,200,15.6,5360,86960,1469160
FINNIFTY02JAN2421350PE.NFO,02/01/2024,09:16:09,15.75,15.75,5480,15.85,920,126200,1469160
FINNIFTY02JAN2421350PE.NFO,02/01/2024,09:16:10,16.05,16.05,960,16.1,440,50480,1469160
FINNIFTY02JAN2421350PE.NFO,02/01/2024,09:16:11,17,16.9,2440,17,5680,39840,1469160
FINNIFTY02JAN2421350PE.NFO,02/01/2024,09:16:12,16.35,16.25,1640,16.3,120,54040,1469160
FINNIFTY02JAN2421350PE.NFO,02/01/2024,09:16:12,16.1,16.05,3120,16.15,600,13120,1469160
FINNIFTY02JAN2421350PE.NFO,02/01/2024,09:16:13,16.35,16.25,2600,16.35,280,47280,1469160
FINNIFTY02JAN2421350PE.NFO,02/01/2024,09:16:15,16.65,16.6,1840,16.7,1200,42200,1469160
FINNIFTY02JAN2421350PE.NFO,02/01/2024,09:16:16,16.6,16.65,160,16.75,3600,30000,1469160
FINNIFTY02JAN2421350PE.NFO,02/01/2024,09:16:17,16.85,16.85,2600,16.95,920,45840,1469160
FINNIFTY02JAN2421350PE.NFO,02/01/2024,09:16:18,17.3,17.2,1520,17.3,1640,29680,1469160
FINNIFTY02JAN2421350PE.NFO,02/01/2024,09:16:19,17.2,17.15,240,17.2,1040,30440,1469160
FINNIFTY02JAN2421350PE.NFO,02/01/2024,09:16:20,17.7,17.6,2840,17.7,1360,44440,1469160
FINNIFTY02JAN2421350PE.NFO,02/01/2024,09:16:20,17.8,17.75,2480,17.85,1800,6440,1469160
FINNIFTY02JAN2421350PE.NFO,02/01/2024,09:16:21,18.15,18.1,1680,18.2,360,26280,1469160
FINNIFTY02JAN2421350PE.NFO,02/01/2024,09:16:23,18.65,18.7,80,18.8,1120,46000,1469160
FINNIFTY02JAN2421350PE.NFO,02/01/2024,09:16:24,18.15,18.05,280,18.15,3680,43040,1469160
FINNIFTY02JAN2421350PE.NFO,02/01/2024,09:16:25,18.65,18.5,1880,18.6,1280,37280,1469160
FINNIFTY02JAN2421350PE.NFO,02/01/2024,09:16:26,18.65,18.6,280,18.65,1080,30560,1469160
FINNIFTY02JAN2421350PE.NFO,02/01/2024,09:16:27,18.85,18.75,1600,18.85,480,55400,1469160
FINNIFTY02JAN2421350PE.NFO,02/01/2024,09:16:27,18.9,18.9,1320,19,320,7320,1469160
FINNIFTY02JAN2421350PE.NFO,02/01/2024,09:16:28,18.95,18.85,1640,18.95,2760,33320,1469160
FINNIFTY02JAN2421350PE.NFO,02/01/2024,09:16:30,18.4,18.3,1120,18.4,3480,59680,1469160
FINNIFTY02JAN2421350PE.NFO,02/01/2024,09:16:31,18.1,18.1,2600,18.25,3680,28800,1469160
FINNIFTY02JAN2421350PE.NFO,02/01/2024,09:16:32,18.35,18.35,2880,18.5,1680,45280,1469160
FINNIFTY02JAN2421350PE.NFO,02/01/2024,09:16:33,18.65,18.65,3160,18.8,3840,41000,1469160
FINNIFTY02JAN2421350PE.NFO,02/01/2024,09:16:34,18.9,18.8,2880,18.9,120,34000,1469160
FINNIFTY02JAN2421350PE.NFO,02/01/2024,09:16:35,18,18,3800,18.1,1640,108360,1469160
FINNIFTY02JAN2421350PE.NFO,02/01/2024,09:16:35,18.1,18.1,3280,18.2,1800,5760,1469160
FINNIFTY02JAN2421350PE.NFO,02/01/2024,09:16:37,18.55,18.45,80,18.55,4600,56200,1469160
FINNIFTY02JAN2421350PE.NFO,02/01/2024,09:16:38,18.7,18.7,360,18.8,3360,25680,1469160
FINNIFTY02JAN2421350PE.NFO,02/01/2024,09:16:39,18.6,18.6,5600,18.7,1400,30120,1469160
FINNIFTY02JAN2421350PE.NFO,02/01/2024,09:16:40,18.35,18.25,960,18.35,2800,27440,1469160
FINNIFTY02JAN2421350PE.NFO,02/01/2024,09:16:41,18.35,18.3,480,18.35,1240,36440,1469160
FINNIFTY02JAN2421350PE.NFO,02/01/2024,09:16:42,18.15,18,5480,18.15,5160,40200,1469160
FINNIFTY02JAN2421350PE.NFO,02/01/2024,09:16:42,18,18,3200,18.1,3080,4680,1469160
FINNIFTY02JAN2421350PE.NFO,02/01/2024,09:16:43,18,18,6400,18.1,1720,50400,1469160
FINNIFTY02JAN2421350PE.NFO,02/01/2024,09:16:45,17.05,17,11640,17.1,880,39040,1469160
FINNIFTY02JAN2421350PE.NFO,02/01/2024,09:16:46,17.05,17.05,2840,17.15,3520,35120,1469160
FINNIFTY02JAN2421350PE.NFO,02/01/2024,09:16:47,17.2,17.2,3120,17.25,80,34280,1469160
FINNIFTY02JAN2421350PE.NFO,02/01/2024,09:16:48,17.1,17.05,2560,17.1,560,31440,1469160
FINNIFTY02JAN2421350PE.NFO,02/01/2024,09:16:49,16.7,16.7,1600,16.8,3400,18360,1469160
FINNIFTY02JAN2421350PE.NFO,02/01/2024,09:16:50,16.9,16.8,2120,16.9,3160,27640,1469160
FINNIFTY02JAN2421350PE.NFO,02/01/2024,09:16:50,16.95,16.95,840,17.05,3480,9360,1469160
FINNIFTY02JAN2421350PE.NFO,02/01/2024,09:16:52,17.1,17,1080,17.1,5760,29360,1469160
FINNIFTY02JAN2421350PE.NFO,02/01/2024,09:16:53,16.7,16.7,400,16.8,5240,41040,1469160
FINNIFTY02JAN2421350PE.NFO,02/01/2024,09:16:54,17.05,17.05,2000,17.1,800,34440,1469160
FINNIFTY02JAN2421350PE.NFO,02/01/2024,09:16:55,17.3,17.25,1920,17.3,800,31920,1469160
FINNIFTY02JAN2421350PE.NFO,02/01/2024,09:16:56,17,17,360,17.05,2880,33360,1469160
FINNIFTY02JAN2421350PE.NFO,02/01/2024,09:16:56,17.1,17.1,960,17.15,640,5120,1469160
FINNIFTY02JAN2421350PE.NFO,02/01/2024,09:16:57,16.9,16.9,3000,17,4720,27800,1469160
FINNIFTY02JAN2421350PE.NFO,02/01/2024,09:16:59,16.9,16.8,3080,16.9,2080,30920,1469160
FINNIFTY02JAN2421350PE.NFO,02/01/2024,09:17:00,16.25,16.2,1240,16.3,3280,58200,1469160
FINNIFTY02JAN2421350PE.NFO,02/01/2024,09:17:01,16.2,16.2,1240,16.25,600,69800,1469160
FINNIFTY02JAN2421350PE.NFO,02/01/2024,09:17:02,16.75,16.65,5960,16.75,560,111040,1469160
FINNIFTY02JAN2421350PE.NFO,02/01/2024,09:17:03,16.4,16.35,1360,16.4,80,80840,1469160
FINNIFTY02JAN2421350PE.NFO,02/01/2024,09:17:03,16.45,16.4,320,16.45,800,9240,1469160
FINNIFTY02JAN2421350PE.NFO,02/01/2024,09:17:05,16.9,16.8,1800,16.9,5360,24480,1469160
FINNIFTY02JAN2421350PE.NFO,02/01/2024,09:17:06,16.75,16.75,1240,16.8,2520,26040,1469160
FINNIFTY02JAN2421350PE.NFO,02/01/2024,09:17:07,16.5,16.45,3120,16.55,3760,30360,1469160
FINNIFTY02JAN2421350PE.NFO,02/01/2024,09:17:08,16.6,16.6,5080,16.65,2040,47440,1469160
FINNIFTY02JAN2421350PE.NFO,02/01/2024,09:17:09,16.9,16.8,5160,16.9,2880,19840,1469160
FINNIFTY02JAN2421350PE.NFO,02/01/2024,09:17:10,17,16.95,3680,17,6440,16880,1469160
FINNIFTY02JAN2421350PE.NFO,02/01/2024,09:17:10,17.15,17.1,8760,17.2,2280,9000,1469160
FINNIFTY02JAN2421350PE.NFO,02/01/2024,09:17:12,17.2,17.15,960,17.2,3080,23040,1469160
FINNIFTY02JAN2421350PE.NFO,02/01/2024,09:17:13,16.95,16.9,80,16.95,3480,40000,1469160
FINNIFTY02JAN2421350PE.NFO,02/01/2024,09:17:14,16.95,16.9,200,16.95,3120,33280,1469160
FINNIFTY02JAN2421350PE.NFO,02/01/2024,09:17:15,16.85,16.85,4120,16.95,7960,27720,1469160
FINNIFTY02JAN2421350PE.NFO,02/01/2024,09:17:16,16.75,16.65,1280,16.75,8240,60480,1469160
FINNIFTY02JAN2421350PE.NFO,02/01/2024,09:17:16,16.7,16.6,11000,16.7,2520,2320,1469160
FINNIFTY02JAN2421350PE.NFO,02/01/2024,09:17:18,16.2,16.1,880,16.15,920,44840,1469160
FINNIFTY02JAN2421350PE.NFO,02/01/2024,09:17:19,15.95,15.9,1280,16,15480,106960,1469160
FINNIFTY02JAN2421350PE.NFO,02/01/2024,09:17:20,16.1,16.05,8280,16.1,1840,57400,1469160
FINNIFTY02JAN2421350PE.NFO,02/01/2024,09:17:21,16.05,16,4440,16.05,880,26080,1469160
FINNIFTY02JAN2421350PE.NFO,02/01/2024,09:17:22,16,15.95,2040,16,6680,33120,1469160
FINNIFTY02JAN2421350PE.NFO,02/01/2024,09:17:22,15.95,15.9,6960,16,4320,11000,1469160
FINNIFTY02JAN2421350PE.NFO,02/01/2024,09:17:23,16.15,16.1,320,16.15,6440,22600,1469160
FINNIFTY02JAN2421350PE.NFO,02/01/2024,09:17:25,16.5,16.45,1680,16.5,600,39040,1469160
FINNIFTY02JAN2421350PE.NFO,02/01/2024,09:17:26,16.4,16.4,7440,16.45,920,17880,2826080
FINNIFTY02JAN2421350PE.NFO,02/01/2024,09:17:27,16.65,16.55,8880,16.65,3520,29240,2826080
FINNIFTY02JAN2421350PE.NFO,02/01/2024,09:17:28,17.05,17.05,1320,17.15,9600,69680,2826080
FINNIFTY02JAN2421350PE.NFO,02/01/2024,09:17:29,17.45,17.35,4360,17.45,6880,31080,2826080
FINNIFTY02JAN2421350PE.NFO,02/01/2024,09:17:29,17.35,17.35,3800,17.45,7800,3280,2826080
FINNIFTY02JAN2421350PE.NFO,02/01/2024,09:17:31,17.5,17.5,760,17.6,6000,30240,2826080
FINNIFTY02JAN2421350PE.NFO,02/01/2024,09:17:32,17.65,17.55,8200,17.65,2800,33880,2826080
FINNIFTY02JAN2421350PE.NFO,02/01/2024,09:17:33,17.3,17.2,3960,17.3,4920,50240,2826080
FINNIFTY02JAN2421350PE.NFO,02/01/2024,09:17:34,17.3,17.25,6080,17.3,40,34520,2826080
FINNIFTY02JAN2421350PE.NFO,02/01/2024,09:17:35,17.25,17.15,680,17.2,2520,25480,2826080
FINNIFTY02JAN2421350PE.NFO,02/01/2024,09:17:36,17.15,17.15,4080,17.25,5640,4000,2826080
FINNIFTY02JAN2421350PE.NFO,02/01/2024,09:17:37,17.15,17.1,7040,17.2,2840,31360,2826080
FINNIFTY02JAN2421350PE.NFO,02/01/2024,09:17:38,16.45,16.5,40,16.55,880,39320,2826080
FINNIFTY02JAN2421350PE.NFO,02/01/2024,09:17:39,17.3,17.25,1120,17.3,1320,28720,2826080
FINNIFTY02JAN2421350PE.NFO,02/01/2024,09:17:40,17.65,17.7,5280,17.8,9240,26280,2826080
FINNIFTY02JAN2421350PE.NFO,02/01/2024,09:17:41,18,18,9040,18.1,400,45080,2826080
FINNIFTY02JAN2421350PE.NFO,02/01/2024,09:17:42,18.1,18.1,5920,18.2,3080,1920,2826080
FINNIFTY02JAN2421350PE.NFO,02/01/2024,09:17:43,17.85,17.85,1040,17.9,3240,35320,2826080
FINNIFTY02JAN2421350PE.NFO,02/01/2024,09:17:44,17.85,17.8,9400,17.9,3880,36560,2826080
FINNIFTY02JAN2421350PE.NFO,02/01/2024,09:17:45,18.15,18.05,5000,18.15,2240,62800,2826080
FINNIFTY02JAN2421350PE.NFO,02/01/2024,09:17:46,18.25,18.25,5120,18.35,3920,37600,2826080
FINNIFTY02JAN2421350PE.NFO,02/01/2024,09:17:47,18.6,18.5,3240,18.6,2920,43200,2826080
FINNIFTY02JAN2421350PE.NFO,02/01/2024,09:17:48,18.1,18.1,7760,18.2,1960,50640,2826080
FINNIFTY02JAN2421350PE.NFO,02/01/2024,09:17:49,18.05,18,8200,18.1,4480,5800,2826080
FINNIFTY02JAN2421350PE.NFO,02/01/2024,09:17:50,17.75,17.7,6160,17.8,2480,49280,2826080
FINNIFTY02JAN2421350PE.NFO,02/01/2024,09:17:51,17.6,17.5,40,17.6,8800,70160,2826080
FINNIFTY02JAN2421350PE.NFO,02/01/2024,09:17:52,17.6,17.5,7880,17.6,3560,29600,2826080
FINNIFTY02JAN2421350PE.NFO,02/01/2024,09:17:53,17.5,17.45,1680,17.5,1040,48240,2826080
FINNIFTY02JAN2421350PE.NFO,02/01/2024,09:17:54,18.05,18,4880,18.1,7400,34320,2826080
FINNIFTY02JAN2421350PE.NFO,02/01/2024,09:17:55,18.05,17.95,6840,18.05,3200,1680,2826080
FINNIFTY02JAN2421350PE.NFO,02/01/2024,09:17:56,17.9,17.8,8240,17.9,1160,23760,2826080
FINNIFTY02JAN2421350PE.NFO,02/01/2024,09:17:57,17.75,17.65,6840,17.75,3880,31600,2826080
FINNIFTY02JAN2421350PE.NFO,02/01/2024,09:17:58,17.6,17.6,7000,17.65,360,19080,2826080
FINNIFTY02JAN2421350PE.NFO,02/01/2024,09:17:59,17.9,17.8,11480,17.9,2080,18840,2826080
FINNIFTY02JAN2421350PE.NFO,02/01/2024,09:18:00,17.6,17.65,8280,17.7,120,46360,2826080
FINNIFTY02JAN2421350PE.NFO,02/01/2024,09:18:01,17.7,17.6,120,17.65,2280,92880,2826080
FINNIFTY02JAN2421350PE.NFO,02/01/2024,09:18:02,17.4,17.4,5080,17.5,4560,25080,2826080
FINNIFTY02JAN2421350PE.NFO,02/01/2024,09:18:03,17.1,17,19600,17.1,1960,58360,2826080
FINNIFTY02JAN2421350PE.NFO,02/01/2024,09:18:04,17,17.05,40,17.1,4280,33480,2826080
FINNIFTY02JAN2421350PE.NFO,02/01/2024,09:18:05,17.15,17.1,120,17.15,7640,26840,2826080
FINNIFTY02JAN2421350PE.NFO,02/01/2024,09:18:06,17.05,17,80,17.05,7040,25920,2826080
FINNIFTY02JAN2421350PE.NFO,02/01/2024,09:18:07,16.7,16.7,6840,16.8,6160,28360,2826080
FINNIFTY02JAN2421350PE.NFO,02/01/2024,09:18:08,16.7,16.7,1400,16.75,5440,1480,2826080
FINNIFTY02JAN2421350PE.NFO,02/01/2024,09:18:09,17,16.95,6120,17,2840,24920,2826080
FINNIFTY02JAN2421350PE.NFO,02/01/2024,09:18:10,16.8,16.8,6160,16.9,7440,34520,2826080
FINNIFTY02JAN2421350PE.NFO,02/01/2024,09:18:11,17.25,17.25,4000,17.35,8040,25160,2826080
FINNIFTY02JAN2421350PE.NFO,02/01/2024,09:18:12,17.45,17.35,3080,17.45,8400,27360,2826080
FINNIFTY02JAN2421350PE.NFO,02/01/2024,09:18:13,17.1,17.1,3000,17.2,8840,13040,2826080
FINNIFTY02JAN2421350PE.NFO,02/01/2024,09:18:14,17.35,17.25,5640,17.35,7080,25920,2826080
FINNIFTY02JAN2421350PE.NFO,02/01/2024,09:18:15,17.2,17.15,1880,17.2,5040,4400,2826080
FINNIFTY02JAN2421350PE.NFO,02/01/2024,09:18:16,17.65,17.6,5080,17.7,2600,28720,2826080
FINNIFTY02JAN2421350PE.NFO,02/01/2024,09:18:17,17.9,17.8,11000,17.9,1560,14000,2826080
FINNIFTY02JAN2421350PE.NFO,02/01/2024,09:18:18,18.3,18.3,4920,18.35,3240,33560,2826080
FINNIFTY02JAN2421350PE.NFO,02/01/2024,09:18:19,18.65,18.65,4760,18.75,2720,63480,2826080
FINNIFTY02JAN2421350PE.NFO,02/01/2024,09:18:20,19.5,19.5,6640,19.55,80,182720,2826080
FINNIFTY02JAN2421350PE.NFO,02/01/2024,09:18:21,19.3,19.35,1840,19.4,3000,12080,2826080
FINNIFTY02JAN2421350PE.NFO,02/01/2024,09:18:22,19,18.95,400,19,2960,48440,2826080
FINNIFTY02JAN2421350PE.NFO,02/01/2024,09:18:23,18.7,18.65,1320,18.7,880,88040,2826080
FINNIFTY02JAN2421350PE.NFO,02/01/2024,09:18:24,19.15,19.1,5520,19.2,3640,52200,2826080
FINNIFTY02JAN2421350PE.NFO,02/01/2024,09:18:25,19.65,19.55,1160,19.6,280,40120,2826080
FINNIFTY02JAN2421350PE.NFO,02/01/2024,09:18:26,19.25,19.25,3040,19.3,880,46640,2826080
FINNIFTY02JAN2421350PE.NFO,02/01/2024,09:18:27,18.85,18.75,7480,18.85,3480,65640,2826080
FINNIFTY02JAN2421350PE.NFO,02/01/2024,09:18:28,18.6,18.5,2240,18.55,2200,13680,2826080
FINNIFTY02JAN2421350PE.NFO,02/01/2024,09:18:29,18.6,18.55,1600,18.6,8640,46520,2826080
FINNIFTY02JAN2421350PE.NFO,02/01/2024,09:18:30,18.75,18.7,2280,18.75,2640,46680,2826080
FINNIFTY02JAN2421350PE.NFO,02/01/2024,09:18:31,18.75,18.65,800,18.7,1320,30960,2826080
FINNIFTY02JAN2421350PE.NFO,02/01/2024,09:18:32,19,18.95,1240,19,2400,27880,2826080
FINNIFTY02JAN2421350PE.NFO,02/01/2024,09:18:33,19.1,19.1,6920,19.2,2800,35360,2826080
FINNIFTY02JAN2421350PE.NFO,02/01/2024,09:18:34,19,18.95,2360,19.05,2040,70000,2826080
FINNIFTY02JAN2421350PE.NFO,02/01/2024,09:18:35,18.9,18.85,40,18.9,1000,5960,2826080
FINNIFTY02JAN2421350PE.NFO,02/01/2024,09:18:36,18.95,18.9,5000,19,5880,59680,2826080
FINNIFTY02JAN2421350PE.NFO,02/01/2024,09:18:37,18.75,18.75,760,18.8,2040,52960,2826080
FINNIFTY02JAN2421350PE.NFO,02/01/2024,09:18:38,18.35,18.35,3280,18.45,9160,39480,2826080
FINNIFTY02JAN2421350PE.NFO,02/01/2024,09:18:39,18.25,18.25,3280,18.35,5720,46480,2826080
FINNIFTY02JAN2421350PE.NFO,02/01/2024,09:18:40,18.1,18.15,5480,18.2,1000,34680,2826080
FINNIFTY02JAN2421350PE.NFO,02/01/2024,09:18:41,18.35,18.3,7920,18.4,4960,34600,2826080
FINNIFTY02JAN2421350PE.NFO,02/01/2024,09:18:42,18.15,18.15,680,18.2,4640,3880,2826080
FINNIFTY02JAN2421350PE.NFO,02/01/2024,09:18:43,18.25,18.2,5320,18.25,80,27520,2826080
FINNIFTY02JAN2421350PE.NFO,02/01/2024,09:18:44,17.7,17.7,3240,17.8,6560,51560,2826080
FINNIFTY02JAN2421350PE.NFO,02/01/2024,09:18:45,17.55,17.55,9720,17.65,2960,35200,2826080
FINNIFTY02JAN2421350PE.NFO,02/01/2024,09:18:46,17.8,17.7,1680,17.75,2720,27080,2826080
FINNIFTY02JAN2421350PE.NFO,02/01/2024,09:18:47,17.65,17.65,7080,17.75,3680,26000,2826080
FINNIFTY02JAN2421350PE.NFO,02/01/2024,09:18:48,17.6,17.55,2480,17.65,6640,5000,2826080
FINNIFTY02JAN2421350PE.NFO,02/01/2024,09:18:49,17.65,17.6,320,17.65,5560,24120,2826080
FINNIFTY02JAN2421350PE.NFO,02/01/2024,09:18:50,17.3,17.35,2920,17.4,3360,23880,2826080
FINNIFTY02JAN2421350PE.NFO,02/01/2024,09:18:51,17.2,17.2,2240,17.25,7520,27080,2826080
FINNIFTY02JAN2421350PE.NFO,02/01/2024,09:18:52,17.05,17.05,1480,17.1,5440,40480,2826080
FINNIFTY02JAN2421350PE.NFO,02/01/2024,09:18:53,17.05,17.05,7600,17.15,7240,39720,2826080
FINNIFTY02JAN2421350PE.NFO,02/01/2024,09:18:54,17.1,17.1,960,17.15,2680,15480,2826080
FINNIFTY02JAN2421350PE.NFO,02/01/2024,09:18:55,17.15,17.15,9360,17.2,520,4360,2826080
FINNIFTY02JAN2421350PE.NFO,02/01/2024,09:18:56,17.1,17,7280,17.05,2000,42720,2826080
FINNIFTY02JAN2421350PE.NFO,02/01/2024,09:18:57,17.15,17.15,480,17.2,4920,21040,2826080
FINNIFTY02JAN2421350PE.NFO,02/01/2024,09:18:58,17.3,17.2,10680,17.3,2680,32880,2826080
FINNIFTY02JAN2421350PE.NFO,02/01/2024,09:18:59,17.2,17.2,1640,17.25,1200,19280,2826080
FINNIFTY02JAN2421350PE.NFO,02/01/2024,09:19:00,17.1,17.1,560,17.15,6120,70200,2826080
FINNIFTY02JAN2421350PE.NFO,02/01/2024,09:19:01,16.75,16.7,5040,16.75,1360,96240,2826080
FINNIFTY02JAN2421350PE.NFO,02/01/2024,09:19:02,17,16.95,9640,17,1240,12400,2826080
FINNIFTY02JAN2421350PE.NFO,02/01/2024,09:19:03,17.45,17.45,600,17.5,4840,39560,2826080
FINNIFTY02JAN2421350PE.NFO,02/01/2024,09:19:04,17.15,17.1,6680,17.2,4800,34000,2826080
FINNIFTY02JAN2421350PE.NFO,02/01/2024,09:19:05,17.15,17.15,4720,17.25,6280,30840,2826080
FINNIFTY02JAN2421350PE.NFO,02/01/2024,09:19:06,16.9,16.75,6000,16.8,320,25160,2826080
FINNIFTY02JAN2421350PE.NFO,02/01/2024,09:19:07,16.9,16.85,800,16.9,5960,22640,2826080
FINNIFTY02JAN2421350PE.NFO,02/01/2024,09:19:08,16.85,16.85,120,16.9,5440,4200,2826080
FINNIFTY02JAN2421350PE.NFO,02/01/2024,09:19:09,17.15,17.15,9200,17.2,920,17720,2826080
FINNIFTY02JAN2421350PE.NFO,02/01/2024,09:19:10,16.85,16.8,3360,16.85,320,22480,2826080
FINNIFTY02JAN2421350PE.NFO,02/01/2024,09:19:11,16.65,16.65,1000,16.7,3320,27440,2826080
FINNIFTY02JAN2421350PE.NFO,02/01/2024,09:19:12,16.5,16.45,5520,16.55,6040,35320,2826080
FINNIFTY02JAN2421350PE.NFO,02/01/2024,09:19:13,16.35,16.35,240,16.4,3720,157160,2826080
FINNIFTY02JAN2421350PE.NFO,02/01/2024,09:19:14,16.15,16.15,2800,16.2,1520,49720,2826080
FINNIFTY02JAN2421350PE.NFO,02/01/2024,09:19:15,16.15,16.1,3880,16.15,400,6520,2826080
FINNIFTY02JAN2421350PE.NFO,02/01/2024,09:19:16,16.3,16.3,760,16.35,3640,29880,2826080
FINNIFTY02JAN2421350PE.NFO,02/01/2024,09:19:17,16.35,16.3,8920,16.4,840,37880,2826080
FINNIFTY02JAN2421350PE.NFO,02/01/2024,09:19:18,16.3,16.25,1480,16.3,3640,36760,2826080
FINNIFTY02JAN2421350PE.NFO,02/01/2024,09:19:19,16.4,16.4,120,16.45,5200,11880,2826080
FINNIFTY02JAN2421350PE.NFO,02/01/2024,09:19:20,16.35,16.25,7920,16.35,2080,26800,2826080
FINNIFTY02JAN2421350PE.NFO,02/01/2024,09:19:21,16.65,16.65,4880,16.7,2040,19880,2826080
FINNIFTY02JAN2421350PE.NFO,02/01/2024,09:19:22,16.7,16.7,5080,16.75,2040,6400,2826080
FINNIFTY02JAN2421350PE.NFO,02/01/2024,09:19:23,16.95,16.9,2400,16.95,4640,24200,2826080
FINNIFTY02JAN2421350PE.NFO,02/01/2024,09:19:24,17.25,17.2,6000,17.25,2040,33960,2826080
FINNIFTY02JAN2421350PE.NFO,02/01/2024,09:19:25,17.1,17.05,4440,17.1,1560,25160,2826080
FINNIFTY02JAN2421350PE.NFO,02/01/2024,09:19:26,16.95,16.9,7360,16.95,920,21280,2826080
FINNIFTY02JAN2421350PE.NFO,02/01/2024,09:19:27,17.05,17.05,40,17.1,4480,33520,2826080
FINNIFTY02JAN2421350PE.NFO,02/01/2024,09:19:28,16.85,16.8,8040,16.85,320,53280,2826080
FINNIFTY02JAN2421350PE.NFO,02/01/2024,09:19:29,16.9,16.85,5920,16.9,1440,3560,2826080
FINNIFTY02JAN2421350PE.NFO,02/01/2024,09:19:30,16.65,16.65,840,16.7,8640,15360,2826080
FINNIFTY02JAN2421350PE.NFO,02/01/2024,09:19:31,16.7,16.6,9840,16.7,4960,12600,2826080
FINNIFTY02JAN2421350PE.NFO,02/01/2024,09:19:32,16.65,16.6,11120,16.7,7440,19240,2826080
FINNIFTY02JAN2421350PE.NFO,02/01/2024,09:19:33,16.85,16.75,9320,16.85,5160,19920,2826080
FINNIFTY02JAN2421350PE.NFO,02/01/2024,09:19:34,16.45,16.45,2320,16.55,7600,18040,2826080
FINNIFTY02JAN2421350PE.NFO,02/01/2024,09:19:35,16.3,16.25,8440,16.3,160,37360,2826080
FINNIFTY02JAN2421350PE.NFO,02/01/2024,09:19:36,16.3,16.25,80,16.3,5440,14600,2826080
FINNIFTY02JAN2421350PE.NFO,02/01/2024,09:19:37,16.4,16.4,2520,16.45,1600,22800,2826080
FINNIFTY02JAN2421350PE.NFO,02/01/2024,09:19:38,16.5,16.45,6280,16.5,120,19760,2826080
FINNIFTY02JAN2421350PE.NFO,02/01/2024,09:19:39,16.65,16.65,600,16.7,4080,15760,2826080
FINNIFTY02JAN2421350PE.NFO,02/01/2024,09:19:40,16.7,16.6,10880,16.7,7800,13760,2826080
FINNIFTY02JAN2421350PE.NFO,02/01/2024,09:19:41,16.6,16.5,6000,16.6,6520,9440,2826080
FINNIFTY02JAN2421350PE.NFO,02/01/2024,09:19:42,16.5,16.5,1920,16.55,7400,22080,2826080
FINNIFTY02JAN2421350PE.NFO,02/01/2024,09:19:43,16.7,16.65,6840,16.7,1800,24880,2826080
FINNIFTY02JAN2421350PE.NFO,02/01/2024,09:19:44,16.7,16.55,9440,16.65,4880,14840,2826080
FINNIFTY02JAN2421350PE.NFO,02/01/2024,09:19:45,16.65,16.65,1240,16.7,2680,11760,2826080
FINNIFTY02JAN2421350PE.NFO,02/01/2024,09:19:46,16.45,16.4,6320,16.45,1680,51320,2826080
FINNIFTY02JAN2421350PE.NFO,02/01/2024,09:19:47,16.2,16.15,760,16.2,5120,62600,2826080
FINNIFTY02JAN2421350PE.NFO,02/01/2024,09:19:48,16.25,16.25,240,16.3,4760,52800,2826080
FINNIFTY02JAN2421350PE.NFO,02/01/2024,09:19:49,16.1,16.05,6160,16.1,1960,66760,2826080
FINNIFTY02JAN2421350PE.NFO,02/01/2024,09:19:50,15.9,15.85,5600,15.95,9240,65800,2826080
FINNIFTY02JAN2421350PE.NFO,02/01/2024,09:19:51,16,15.95,240,16,6080,70880,2826080
FINNIFTY02JAN2421350PE.NFO,02/01/2024,09:19:52,16.1,16.1,3600,16.15,2000,95640,2826080
FINNIFTY02JAN2421350PE.NFO,02/01/2024,09:19:53,16.6,16.65,6000,16.7,3640,41320,2826080
FINNIFTY02JAN2421350PE.NFO,02/01/2024,09:19:54,16.6,16.55,1960,16.65,9080,17320,2826080
FINNIFTY02JAN2421350PE.NFO,02/01/2024,09:19:55,16.35,16.35,2160,16.4,6040,19000,2826080
FINNIFTY02JAN2421350PE.NFO,02/01/2024,09:19:56,16.55,16.55,200,16.6,4240,20600,2826080
FINNIFTY02JAN2421350PE.NFO,02/01/2024,09:19:57,16.7,16.7,4560,16.75,2280,16520,2826080
FINNIFTY02JAN2421350PE.NFO,02/01/2024,09:19:58,16.75,16.75,3800,16.8,5120,18440,2826080
FINNIFTY02JAN2421350PE.NFO,02/01/2024,09:19:59,16.95,16.85,5920,16.95,9400,20760,2826080
FINNIFTY02JAN2421350PE.NFO,02/01/2024,09:20:00,16.7,16.65,2240,16.7,400,23600,2826080
FINNIFTY02JAN2421350PE.NFO,02/01/2024,09:20:01,16.85,16.8,7120,16.85,840,59720,2826080
FINNIFTY02JAN2421350PE.NFO,02/01/2024,09:20:02,16.75,16.7,1120,16.75,2360,33240,2826080
FINNIFTY02JAN2421350PE.NFO,02/01/2024,09:20:03,16.6,16.5,9360,16.6,2200,34960,2826080
FINNIFTY02JAN2421350PE.NFO,02/01/2024,09:20:04,16.5,16.4,5840,16.5,7480,21280,2826080
FINNIFTY02JAN2421350PE.NFO,02/01/2024,09:20:05,16.15,16.1,2080,16.15,2960,30800,2826080
FINNIFTY02JAN2421350PE.NFO,02/01/2024,09:20:06,16.1,16.05,1160,16.1,5360,29080,2826080
FINNIFTY02JAN2421350PE.NFO,02/01/2024,09:20:07,16.15,16.05,5840,16.15,11680,16240,2826080
FINNIFTY02JAN2421350PE.NFO,02/01/2024,09:20:08,16.1,16,9360,16.1,7360,14520,2826080
FINNIFTY02JAN2421350PE.NFO,02/01/2024,09:20:09,16.15,16.1,2960,16.15,4520,17880,2826080
FINNIFTY02JAN2421350PE.NFO,02/01/2024,09:20:10,15.85,15.85,1200,15.9,8280,30440,2826080
FINNIFTY02JAN2421350PE.NFO,02/01/2024,09:20:11,15.75,15.75,6120,15.8,2760,33400,2826080
FINNIFTY02JAN2421350PE.NFO,02/01/2024,09:20:12,15.75,15.7,3560,15.75,920,15320,2826080
FINNIFTY02JAN2421350PE.NFO,02/01/2024,09:20:13,15.65,15.65,5760,15.7,4560,15160,2826080
FINNIFTY02JAN2421350PE.NFO,02/01/2024,09:20:14,15.7,15.65,5000,15.7,2520,18760,2826080
FINNIFTY02JAN2421350PE.NFO,02/01/2024,09:20:15,15.65,15.65,3680,15.75,7880,33480,2826080
FINNIFTY02JAN2421350PE.NFO,02/01/2024,09:20:16,16,15.95,3480,16,4640,17480,2826080
FINNIFTY02JAN2421350PE.NFO,02/01/2024,09:20:17,16.5,16.5,320,16.55,6440,31040,2826080
FINNIFTY02JAN2421350PE.NFO,02/01/2024,09:20:18,16.35,16.25,1960,16.35,6760,31760,2826080
FINNIFTY02JAN2421350PE.NFO,02/01/2024,09:20:19,16.3,16.25,3200,16.3,2640,12240,2826080
FINNIFTY02JAN2421350PE.NFO,02/01/2024,09:20:20,16.15,16.1,6400,16.15,320,17040,2826080
FINNIFTY02JAN2421350PE.NFO,02/01/2024,09:20:21,16.2,16.1,7200,16.2,8240,15080,2826080
FINNIFTY02JAN2421350PE.NFO,02/01/2024,09:20:22,16.2,16.15,4800,16.2,4800,3720,2826080
FINNIFTY02JAN2421350PE.NFO,02/01/2024,09:20:23,16.3,16.25,3080,16.3,5280,14960,2826080
FINNIFTY02JAN2421350PE.NFO,02/01/2024,09:20:24,16.25,16.3,1800,16.35,5600,10880,2826080
FINNIFTY02JAN2421350PE.NFO,02/01/2024,09:20:25,16.65,16.65,1320,16.7,7640,18360,2826080
FINNIFTY02JAN2421350PE.NFO,02/01/2024,09:20:26,16.6,16.5,5840,16.6,11480,12000,2826080
FINNIFTY02JAN2421350PE.NFO,02/01/2024,09:20:27,16.6,16.6,7640,16.65,960,13560,2826080
FINNIFTY02JAN2421350PE.NFO,02/01/2024,09:20:28,16.7,16.7,7200,16.75,2720,11520,3996520
FINNIFTY02JAN2421350PE.NFO,02/01/2024,09:20:29,16.75,16.7,3440,16.75,2160,13160,3996520
FINNIFTY02JAN2421350PE.NFO,02/01/2024,09:20:30,16.65,16.6,240,16.65,7960,23480,3996520
FINNIFTY02JAN2421350PE.NFO,02/01/2024,09:20:31,16.8,16.7,2000,16.75,6840,20600,3996520
FINNIFTY02JAN2421350PE.NFO,02/01/2024,09:20:32,16.8,16.75,5560,16.8,120,13120,3996520
FINNIFTY02JAN2421350PE.NFO,02/01/2024,09:20:34,16.8,16.75,1640,16.8,3720,28760,3996520
FINNIFTY02JAN2421350PE.NFO,02/01/2024,09:20:34,16.7,16.7,3360,16.75,1280,3360,3996520
FINNIFTY02JAN2421350PE.NFO,02/01/2024,09:20:35,17,16.95,400,17,12440,20320,3996520
FINNIFTY02JAN2421350PE.NFO,02/01/2024,09:20:36,16.85,16.8,4560,16.85,520,28200,3996520
FINNIFTY02JAN2421350PE.NFO,02/01/2024,09:20:37,17.15,17.1,5720,17.15,280,14960,3996520
FINNIFTY02JAN2421350PE.NFO,02/01/2024,09:20:38,16.95,16.95,2560,17,3200,25240,3996520
FINNIFTY02JAN2421350PE.NFO,02/01/2024,09:20:39,17,16.9,5680,17,11680,29280,3996520
FINNIFTY02JAN2421350PE.NFO,02/01/2024,09:20:41,16.65,16.65,2960,16.7,4360,28960,3996520
FINNIFTY02JAN2421350PE.NFO,02/01/2024,09:20:41,16.65,16.65,5240,16.7,2080,1520,3996520
FINNIFTY02JAN2421350PE.NFO,02/01/2024,09:20:42,16.7,16.65,6920,16.75,9000,24200,3996520
FINNIFTY02JAN2421350PE.NFO,02/01/2024,09:20:43,16.7,16.7,2880,16.75,3280,23160,3996520
FINNIFTY02JAN2421350PE.NFO,02/01/2024,09:20:44,16.15,16.15,880,16.2,4040,123400,3996520
FINNIFTY02JAN2421350PE.NFO,02/01/2024,09:20:45,16,15.95,5320,16,5040,123120,3996520
FINNIFTY02JAN2421350PE.NFO,02/01/2024,09:20:47,15.95,15.9,3200,15.95,7160,42440,3996520
FINNIFTY02JAN2421350PE.NFO,02/01/2024,09:20:48,15.95,15.95,1680,16,28360,21840,3996520
FINNIFTY02JAN2421350PE.NFO,02/01/2024,09:20:48,16,16,240,16.05,4080,32880,3996520
FINNIFTY02JAN2421350PE.NFO,02/01/2024,09:20:49,16,15.95,3120,16,26640,17960,3996520
FINNIFTY02JAN2421350PE.NFO,02/01/2024,09:20:50,15.8,15.8,40,15.85,8960,43720,3996520
FINNIFTY02JAN2421350PE.NFO,02/01/2024,09:20:51,15.75,15.7,2760,15.75,1760,23640,3996520
FINNIFTY02JAN2421350PE.NFO,02/01/2024,09:20:52,15.7,15.65,440,15.7,8720,38600,3996520
FINNIFTY02JAN2421350PE.NFO,02/01/2024,09:20:53,15.6,15.6,4480,15.7,12000,34520,3996520
FINNIFTY02JAN2421350PE.NFO,02/01/2024,09:20:54,15.7,15.7,2360,15.75,4480,16360,3996520
FINNIFTY02JAN2421350PE.NFO,02/01/2024,09:20:55,15.95,15.9,5360,15.95,5080,18960,3996520
FINNIFTY02JAN2421350PE.NFO,02/01/2024,09:20:56,15.65,15.6,7120,15.65,1200,18240,3996520
FINNIFTY02JAN2421350PE.NFO,02/01/2024,09:20:57,16,15.95,6960,16,4400,24440,3996520
FINNIFTY02JAN2421350PE.NFO,02/01/2024,09:20:59,16.05,16.05,680,16.1,8240,29560,3996520
FINNIFTY02JAN2421350PE.NFO,02/01/2024,09:21:00,16.1,16.05,8880,16.15,5840,9360,3996520
FINNIFTY02JAN2421350PE.NFO,02/01/2024,09:21:00,16.1,16.1,5320,16.2,8920,7560,3996520
FINNIFTY02JAN2421350PE.NFO,02/01/2024,09:21:01,15.8,15.8,1480,15.85,5600,45040,3996520
FINNIFTY02JAN2421350PE.NFO,02/01/2024,09:21:02,15.85,15.8,2680,15.85,40,17520,3996520
FINNIFTY02JAN2421350PE.NFO,02/01/2024,09:21:03,15.7,15.65,3960,15.7,3840,23520,3996520
FINNIFTY02JAN2421350PE.NFO,02/01/2024,09:21:04,15.5,15.45,2400,15.5,1800,26680,3996520
FINNIFTY02JAN2421350PE.NFO,02/01/2024,09:21:05,15.1,15.05,5040,15.1,4320,161480,3996520
FINNIFTY02JAN2421350PE.NFO,02/01/2024,09:21:06,14.9,14.85,1720,14.9,1840,127080,3996520
FINNIFTY02JAN2421350PE.NFO,02/01/2024,09:21:07,15.25,15.25,3720,15.3,4240,272600,3996520
FINNIFTY02JAN2421350PE.NFO,02/01/2024,09:21:08,15.35,15.3,3680,15.35,560,60400,3996520
FINNIFTY02JAN2421350PE.NFO,02/01/2024,09:21:09,15.2,15.2,2160,15.25,3000,81600,3996520
FINNIFTY02JAN2421350PE.NFO,02/01/2024,09:21:10,15.05,15.05,480,15.1,8360,34320,3996520
FINNIFTY02JAN2421350PE.NFO,02/01/2024,09:21:11,14.75,14.7,6360,14.75,2320,46320,3996520
FINNIFTY02JAN2421350PE.NFO,02/01/2024,09:21:12,14.65,14.65,120,14.7,6880,55560,3996520
FINNIFTY02JAN2421350PE.NFO,02/01/2024,09:21:13,14.7,14.65,4960,14.7,1160,80720,3996520
FINNIFTY02JAN2421350PE.NFO,02/01/2024,09:21:14,14.85,14.8,7240,14.9,5240,91040,3996520
FINNIFTY02JAN2421350PE.NFO,02/01/2024,09:21:15,14.95,14.9,3080,14.95,1120,44840,3996520
FINNIFTY02JAN2421350PE.NFO,02/01/2024,09:21:16,15.25,15.25,5320,15.3,120,47120,3996520
FINNIFTY02JAN2421350PE.NFO,02/01/2024,09:21:17,15.35,15.35,1200,15.4,9480,24920,3996520
FINNIFTY02JAN2421350PE.NFO,02/01/2024,09:21:18,15.2,15.2,4760,15.25,360,23720,3996520
FINNIFTY02JAN2421350PE.NFO,02/01/2024,09:21:19,15.25,15.2,320,15.25,3520,40560,3996520
FINNIFTY02JAN2421350PE.NFO,02/01/2024,09:21:20,15.35,15.3,3880,15.35,1680,34320,3996520
FINNIFTY02JAN2421350PE.NFO,02/01/2024,09:21:21,15.2,15.2,7880,15.3,5640,19080,3996520
FINNIFTY02JAN2421350PE.NFO,02/01/2024,09:21:22,15.05,15,5120,15.05,6160,12800,3996520
FINNIFTY02JAN2421350PE.NFO,02/01/2024,09:21:23,14.9,14.8,6320,14.9,7080,28920,3996520
FINNIFTY02JAN2421350PE.NFO,02/01/2024,09:21:24,14.7,14.7,6520,14.75,1000,15520,3996520
FINNIFTY02JAN2421350PE.NFO,02/01/2024,09:21:25,14.6,14.55,6640,14.6,2040,24760,3996520
FINNIFTY02JAN2421350PE.NFO,02/01/2024,09:21:26,14.45,14.4,320,14.45,4680,56920,3996520
FINNIFTY02JAN2421350PE.NFO,02/01/2024,09:21:27,14.3,14.25,1840,14.3,5960,79800,3996520
FINNIFTY02JAN2421350PE.NFO,02/01/2024,09:21:28,14.25,14.2,2920,14.25,1840,242800,3996520
FINNIFTY02JAN2421350PE.NFO,02/01/2024,09:21:29,14.2,14.2,3880,14.25,240,98960,3996520
FINNIFTY02JAN2421350PE.NFO,02/01/2024,09:21:30,14.65,14.6,3600,14.65,2640,50200,3996520
FINNIFTY02JAN2421350PE.NFO,02/01/2024,09:21:31,14.55,14.5,4600,14.55,880,59680,3996520
FINNIFTY02JAN2421350PE.NFO,02/01/2024,09:21:32,14.5,14.45,40,14.5,1680,27880,3996520
FINNIFTY02JAN2421350PE.NFO,02/01/2024,09:21:33,14.2,14.2,1480,14.25,3120,53200,3996520
FINNIFTY02JAN2421350PE.NFO,02/01/2024,09:21:34,14.5,14.45,5080,14.5,1400,36080,3996520
FINNIFTY02JAN2421350PE.NFO,02/01/2024,09:21:35,14.7,14.65,3560,14.75,5840,39640,3996520
FINNIFTY02JAN2421350PE.NFO,02/01/2024,09:21:36,15.05,15.05,9800,15.1,4640,30240,3996520
FINNIFTY02JAN2421350PE.NFO,02/01/2024,09:21:37,14.95,14.95,3320,15,4960,43280,3996520
FINNIFTY02JAN2421350PE.NFO,02/01/2024,09:21:38,14.9,14.85,8200,14.95,4680,43480,3996520
FINNIFTY02JAN2421350PE.NFO,02/01/2024,09:21:39,15,14.9,9720,15,9520,22560,3996520
FINNIFTY02JAN2421350PE.NFO,02/01/2024,09:21:40,15,14.95,5480,15,960,21480,3996520
FINNIFTY02JAN2421350PE.NFO,02/01/2024,09:21:41,15,14.95,10720,15.05,6400,24640,3996520
FINNIFTY02JAN2421350PE.NFO,02/01/2024,09:21:42,15.2,15.1,9560,15.2,7680,30400,3996520
FINNIFTY02JAN2421350PE.NFO,02/01/2024,09:21:43,15.3,15.25,2000,15.3,2520,28120,3996520
FINNIFTY02JAN2421350PE.NFO,02/01/2024,09:21:44,15.25,15.2,24360,15.25,2680,54280,3996520
FINNIFTY02JAN2421350PE.NFO,02/01/2024,09:21:45,15.3,15.3,2960,15.35,2480,38040,3996520
FINNIFTY02JAN2421350PE.NFO,02/01/2024,09:21:46,15.3,15.25,5160,15.3,3360,36240,3996520
FINNIFTY02JAN2421350PE.NFO,02/01/2024,09:21:47,15.3,15.25,1920,15.3,2240,31960,3996520
FINNIFTY02JAN2421350PE.NFO,02/01/2024,09:21:48,15.15,15.15,9200,15.25,6520,59160,3996520
FINNIFTY02JAN2421350PE.NFO,02/01/2024,09:21:49,15.05,15.05,3480,15.1,4800,23040,3996520
FINNIFTY02JAN2421350PE.NFO,02/01/2024,09:21:50,15.05,15.05,8840,15.15,11480,34680,3996520
FINNIFTY02JAN2421350PE.NFO,02/01/2024,09:21:51,15.15,15.1,8720,15.15,1800,20040,3996520
FINNIFTY02JAN2421350PE.NFO,02/01/2024,09:21:52,15,15,1600,15.05,6240,27880,3996520
FINNIFTY02JAN2421350PE.NFO,02/01/2024,09:21:54,15.15,15.1,1800,15.15,11360,18720,3996520
FINNIFTY02JAN2421350PE.NFO,02/01/2024,09:21:55,15,15,80,15.05,10640,16080,3996520
FINNIFTY02JAN2421350PE.NFO,02/01/2024,09:21:56,14.95,14.9,4200,14.95,4760,11280,3996520
FINNIFTY02JAN2421350PE.NFO,02/01/2024,09:21:57,14.9,14.85,3960,14.9,2040,16360,3996520
FINNIFTY02JAN2421350PE.NFO,02/01/2024,09:21:58,14.8,14.75,7960,14.8,1160,35400,3996520
FINNIFTY02JAN2421350PE.NFO,02/01/2024,09:21:59,14.75,14.7,8080,14.75,2120,27080,3996520
FINNIFTY02JAN2421350PE.NFO,02/01/2024,09:22:00,14.75,14.75,1800,14.8,2720,14920,3996520
FINNIFTY02JAN2421350PE.NFO,02/01/2024,09:22:01,14.75,14.75,9560,14.85,4960,88720,3996520
FINNIFTY02JAN2421350PE.NFO,02/01/2024,09:22:02,14.85,14.85,3440,14.9,8720,29120,3996520
FINNIFTY02JAN2421350PE.NFO,02/01/2024,09:22:03,14.9,14.9,1280,14.95,7560,23200,3996520
FINNIFTY02JAN2421350PE.NFO,02/01/2024,09:22:03,14.65,14.65,3840,14.7,2000,8720,3996520
FINNIFTY02JAN2421350PE.NFO,02/01/2024,09:22:04,14.85,14.85,5520,14.9,2120,28520,3996520
FINNIFTY02JAN2421350PE.NFO,02/01/2024,09:22:05,14.75,14.7,120,14.75,8920,16960,3996520
FINNIFTY02JAN2421350PE.NFO,02/01/2024,09:22:06,14.9,14.9,7680,14.95,1440,19880,3996520
FINNIFTY02JAN2421350PE.NFO,02/01/2024,09:22:07,15.1,15.05,2680,15.1,6800,17600,3996520
FINNIFTY02JAN2421350PE.NFO,02/01/2024,09:22:08,15.1,15.05,200,15.1,6920,20480,3996520
FINNIFTY02JAN2421350PE.NFO,02/01/2024,09:22:09,15.05,15.05,2840,15.1,6880,14480,3996520
FINNIFTY02JAN2421350PE.NFO,02/01/2024,09:22:10,15,15,10520,15.1,8960,17240,3996520
FINNIFTY02JAN2421350PE.NFO,02/01/2024,09:22:12,14.95,14.9,5960,14.95,2920,23600,3996520
FINNIFTY02JAN2421350PE.NFO,02/01/2024,09:22:13,14.9,14.85,3520,14.9,5800,19400,3996520
FINNIFTY02JAN2421350PE.NFO,02/01/2024,09:22:13,14.8,14.75,5160,14.8,2840,11840,3996520
FINNIFTY02JAN2421350PE.NFO,02/01/2024,09:22:14,14.85,14.85,11400,14.95,7240,31720,3996520
FINNIFTY02JAN2421350PE.NFO,02/01/2024,09:22:15,15.05,15,8760,15.05,1520,27600,3996520
FINNIFTY02JAN2421350PE.NFO,02/01/2024,09:22:16,15.35,15.25,12640,15.35,8160,62280,3996520
FINNIFTY02JAN2421350PE.NFO,02/01/2024,09:22:18,15.5,15.4,10320,15.5,10360,37000,3996520
FINNIFTY02JAN2421350PE.NFO,02/01/2024,09:22:19,15.5,15.45,1840,15.5,8760,24320,3996520
FINNIFTY02JAN2421350PE.NFO,02/01/2024,09:22:20,15.35,15.3,9200,15.35,320,23280,3996520
FINNIFTY02JAN2421350PE.NFO,02/01/2024,09:22:21,15.5,15.45,6360,15.5,2080,30920,3996520
FINNIFTY02JAN2421350PE.NFO,02/01/2024,09:22:22,15.3,15.3,3080,15.35,2120,33320,3996520
FINNIFTY02JAN2421350PE.NFO,02/01/2024,09:22:22,15.3,15.3,6080,15.35,40,3960,3996520
FINNIFTY02JAN2421350PE.NFO,02/01/2024,09:22:23,15.65,15.6,3720,15.65,1800,33840,3996520
FINNIFTY02JAN2421350PE.NFO,02/01/2024,09:22:24,15.55,15.55,1800,15.6,3280,41320,3996520
FINNIFTY02JAN2421350PE.NFO,02/01/2024,09:22:26,15.7,15.65,7600,15.7,400,32000,3996520
FINNIFTY02JAN2421350PE.NFO,02/01/2024,09:22:27,15.65,15.6,1120,15.65,5480,40520,3996520
FINNIFTY02JAN2421350PE.NFO,02/01/2024,09:22:27,15.7,15.7,2960,15.75,1560,8200,3996520
FINNIFTY02JAN2421350PE.NFO,02/01/2024,09:22:28,16.05,16.05,4840,16.15,10600,46400,3996520
FINNIFTY02JAN2421350PE.NFO,02/01/2024,09:22:29,16.1,16.1,7560,16.2,6640,27200,3996520
FINNIFTY02JAN2421350PE.NFO,02/01/2024,09:22:30,15.85,15.85,2800,15.9,5320,27200,3996520
FINNIFTY02JAN2421350PE.NFO,02/01/2024,09:22:31,16.05,15.95,7800,16,40,23480,3996520
FINNIFTY02JAN2421350PE.NFO,02/01/2024,09:22:32,15.95,15.95,8720,16.05,6800,26080,3996520
FINNIFTY02JAN2421350PE.NFO,02/01/2024,09:22:33,16.3,16.25,3400,16.3,4880,17760,3996520
FINNIFTY02JAN2421350PE.NFO,02/01/2024,09:22:34,16.35,16.3,10680,16.4,11320,15640,3996520
FINNIFTY02JAN2421350PE.NFO,02/01/2024,09:22:35,16.6,16.6,1720,16.65,3480,46480,3996520
FINNIFTY02JAN2421350PE.NFO,02/01/2024,09:22:36,16.55,16.55,800,16.6,6400,25640,3996520
FINNIFTY02JAN2421350PE.NFO,02/01/2024,09:22:37,16.4,16.35,4640,16.4,2200,47080,3996520
FINNIFTY02JAN2421350PE.NFO,02/01/2024,09:22:38,16.45,16.35,6240,16.45,6560,22120,3996520
FINNIFTY02JAN2421350PE.NFO,02/01/2024,09:22:39,16.4,16.35,1920,16.4,5320,16560,3996520
FINNIFTY02JAN2421350PE.NFO,02/01/2024,09:22:41,16.3,16.25,9400,16.3,80,25760,3996520
FINNIFTY02JAN2421350PE.NFO,02/01/2024,09:22:42,16.5,16.45,3400,16.5,4600,16680,3996520
FINNIFTY02JAN2421350PE.NFO,02/01/2024,09:22:43,16.4,16.4,280,16.45,2080,12160,3996520
FINNIFTY02JAN2421350PE.NFO,02/01/2024,09:22:44,16.55,16.55,1280,16.6,11520,22720,3996520
FINNIFTY02JAN2421350PE.NFO,02/01/2024,09:22:45,16.35,16.35,2520,16.4,2320,23280,3996520
FINNIFTY02JAN2421350PE.NFO,02/01/2024,09:22:46,16.45,16.4,7400,16.45,680,17120,3996520
FINNIFTY02JAN2421350PE.NFO,02/01/2024,09:22:47,16.15,16.1,4600,16.15,2440,76800,3996520
FINNIFTY02JAN2421350PE.NFO,02/01/2024,09:22:48,16.25,16.2,9240,16.25,2120,14240,3996520
FINNIFTY02JAN2421350PE.NFO,02/01/2024,09:22:49,16.5,16.45,7640,16.55,10480,20200,3996520
FINNIFTY02JAN2421350PE.NFO,02/01/2024,09:22:50,16.45,16.5,1520,16.55,8760,28680,3996520
FINNIFTY02JAN2421350PE.NFO,02/01/2024,09:22:51,16.3,16.3,2560,16.35,2160,22080,3996520
FINNIFTY02JAN2421350PE.NFO,02/01/2024,09:22:52,16.15,16.1,4280,16.15,360,44120,3996520
FINNIFTY02JAN2421350PE.NFO,02/01/2024,09:22:53,16.1,16.05,7320,16.1,1240,20840,3996520
FINNIFTY02JAN2421350PE.NFO,02/01/2024,09:22:54,16.1,16.05,6760,16.1,200,20200,3996520
FINNIFTY02JAN2421350PE.NFO,02/01/2024,09:22:55,16.3,16.3,1120,16.4,12640,30520,3996520
FINNIFTY02JAN2421350PE.NFO,02/01/2024,09:22:56,16.25,16.25,2120,16.3,7400,21800,3996520
FINNIFTY02JAN2421350PE.NFO,02/01/2024,09:22:57,16.3,16.3,5080,16.35,640,12480,3996520
FINNIFTY02JAN2421350PE.NFO,02/01/2024,09:22:58,16,16,7920,16.1,4920,20720,3996520
FINNIFTY02JAN2421350PE.NFO,02/01/2024,09:22:59,16.1,16.1,2480,16.15,560,20600,3996520
FINNIFTY02JAN2421350PE.NFO,02/01/2024,09:23:00,16.3,16.25,7520,16.3,1520,28480,3996520
FINNIFTY02JAN2421350PE.NFO,02/01/2024,09:23:01,16.2,16.15,2840,16.2,1840,30640,3996520
FINNIFTY02JAN2421350PE.NFO,02/01/2024,09:23:02,16.35,16.35,120,16.4,10720,45840,3996520
FINNIFTY02JAN2421350PE.NFO,02/01/2024,09:23:03,16.5,16.45,8360,16.5,8720,11440,3996520
FINNIFTY02JAN2421350PE.NFO,02/01/2024,09:23:04,16.45,16.35,8560,16.45,5440,31840,3996520
FINNIFTY02JAN2421350PE.NFO,02/01/2024,09:23:05,16.15,16.1,2440,16.15,5120,43040,3996520
FINNIFTY02JAN2421350PE.NFO,02/01/2024,09:23:06,15.9,15.95,120,16,4280,35120,3996520
FINNIFTY02JAN2421350PE.NFO,02/01/2024,09:23:07,15.75,15.65,7960,15.75,4240,31480,3996520
FINNIFTY02JAN2421350PE.NFO,02/01/2024,09:23:08,15.55,15.5,2920,15.55,1320,37640,3996520
FINNIFTY02JAN2421350PE.NFO,02/01/2024,09:23:09,15.5,15.5,40,15.55,8240,36880,3996520
FINNIFTY02JAN2421350PE.NFO,02/01/2024,09:23:10,15.65,15.65,3280,15.7,2200,28320,3996520
FINNIFTY02JAN2421350PE.NFO,02/01/2024,09:23:11,15.95,15.85,6640,15.95,10440,23160,3996520
FINNIFTY02JAN2421350PE.NFO,02/01/2024,09:23:12,15.95,15.9,6000,15.95,2680,18760,3996520
FINNIFTY02JAN2421350PE.NFO,02/01/2024,09:23:13,15.75,15.75,760,15.8,8720,22800,3996520
FINNIFTY02JAN2421350PE.NFO,02/01/2024,09:23:14,15.8,15.7,440,15.75,4560,17760,3996520
FINNIFTY02JAN2421350PE.NFO,02/01/2024,09:23:15,15.75,15.65,12520,15.75,6160,22920,3996520
FINNIFTY02JAN2421350PE.NFO,02/01/2024,09:23:16,15.7,15.6,1920,15.65,5160,14480,3996520
FINNIFTY02JAN2421350PE.NFO,02/01/2024,09:23:17,15.3,15.3,4920,15.35,1720,22880,3996520
FINNIFTY02JAN2421350PE.NFO,02/01/2024,09:23:18,15.5,15.5,5240,15.55,1520,12440,3996520
FINNIFTY02JAN2421350PE.NFO,02/01/2024,09:23:19,15.65,15.65,8640,15.75,5640,19320,3996520
FINNIFTY02JAN2421350PE.NFO,02/01/2024,09:23:20,15.7,15.6,7440,15.7,8520,12400,3996520
FINNIFTY02JAN2421350PE.NFO,02/01/2024,09:23:21,15.7,15.75,3880,15.8,4840,16680,3996520
FINNIFTY02JAN2421350PE.NFO,02/01/2024,09:23:22,15.8,15.75,2240,15.8,4440,13600,3996520
FINNIFTY02JAN2421350PE.NFO,02/01/2024,09:23:23,15.6,15.55,6000,15.65,8920,13600,3996520
FINNIFTY02JAN2421350PE.NFO,02/01/2024,09:23:24,15.65,15.6,4920,15.65,840,15320,3996520
FINNIFTY02JAN2421350PE.NFO,02/01/2024,09:23:25,15.65,15.6,8800,15.7,12000,13480,3996520
FINNIFTY02JAN2421350PE.NFO,02/01/2024,09:23:26,15.9,15.85,6880,15.9,1800,8560,3996520
FINNIFTY02JAN2421350PE.NFO,02/01/2024,09:23:27,15.75,15.75,11360,15.85,6280,15720,3996520
FINNIFTY02JAN2421350PE.NFO,02/01/2024,09:23:28,15.9,15.9,80,15.95,10080,12560,4663240
FINNIFTY02JAN2421350PE.NFO,02/01/2024,09:23:29,16.2,16.15,6320,16.2,2000,24760,4663240
FINNIFTY02JAN2421350PE.NFO,02/01/2024,09:23:30,16.4,16.35,6840,16.4,1080,31680,4663240
FINNIFTY02JAN2421350PE.NFO,02/01/2024,09:23:30,16.25,16.2,3080,16.25,1440,15440,4663240
FINNIFTY02JAN2421350PE.NFO,02/01/2024,09:23:31,16.05,15.95,9160,16.05,5320,21960,4663240
FINNIFTY02JAN2421350PE.NFO,02/01/2024,09:23:32,15.9,15.9,2680,15.95,4040,14160,4663240
FINNIFTY02JAN2421350PE.NFO,02/01/2024,09:23:33,15.9,15.85,7840,15.9,1400,10720,4663240
FINNIFTY02JAN2421350PE.NFO,02/01/2024,09:23:34,16.05,16.05,40,16.1,7400,14000,4663240
FINNIFTY02JAN2421350PE.NFO,02/01/2024,09:23:35,16.05,16.05,10320,16.15,8360,17720,4663240
FINNIFTY02JAN2421350PE.NFO,02/01/2024,09:23:37,15.95,15.9,1280,15.95,6640,18920,4663240
FINNIFTY02JAN2421350PE.NFO,02/01/2024,09:23:38,15.9,15.85,3120,15.9,1800,15600,4663240
FINNIFTY02JAN2421350PE.NFO,02/01/2024,09:23:38,15.85,15.85,3440,15.9,3160,4320,4663240
FINNIFTY02JAN2421350PE.NFO,02/01/2024,09:23:39,15.95,15.9,3520,15.95,2000,18560,4663240
FINNIFTY02JAN2421350PE.NFO,02/01/2024,09:23:40,15.95,15.9,6120,16,8840,10720,4663240
FINNIFTY02JAN2421350PE.NFO,02/01/2024,09:23:41,16.15,16.1,1320,16.15,4200,14560,4663240
FINNIFTY02JAN2421350PE.NFO,02/01/2024,09:23:42,16.3,16.3,5320,16.35,2720,21960,4663240
FINNIFTY02JAN2421350PE.NFO,02/01/2024,09:23:43,16.3,16.25,920,16.3,5480,11360,4663240
FINNIFTY02JAN2421350PE.NFO,02/01/2024,09:23:44,16.25,16.15,7960,16.25,15520,9520,4663240
FINNIFTY02JAN2421350PE.NFO,02/01/2024,09:23:45,16.2,16.15,8160,16.25,14800,9680,4663240
FINNIFTY02JAN2421350PE.NFO,02/01/2024,09:23:46,16.25,16.15,7920,16.25,7520,6520,4663240
FINNIFTY02JAN2421350PE.NFO,02/01/2024,09:23:48,16.5,16.5,4080,16.55,2400,26160,4663240
FINNIFTY02JAN2421350PE.NFO,02/01/2024,09:23:49,16.35,16.3,7040,16.35,720,16320,4663240
FINNIFTY02JAN2421350PE.NFO,02/01/2024,09:23:49,16.45,16.45,800,16.5,7200,2280,4663240
FINNIFTY02JAN2421350PE.NFO,02/01/2024,09:23:50,16.35,16.3,5280,16.35,3760,20320,4663240
FINNIFTY02JAN2421350PE.NFO,02/01/2024,09:23:51,16.3,16.3,5680,16.35,1480,12480,4663240
FINNIFTY02JAN2421350PE.NFO,02/01/2024,09:23:53,16.2,16.15,8160,16.25,6320,11040,4663240
FINNIFTY02JAN2421350PE.NFO,02/01/2024,09:23:54,16.3,16.25,8400,16.35,5800,25400,4663240
FINNIFTY02JAN2421350PE.NFO,02/01/2024,09:23:55,16.3,16.25,4280,16.3,3760,20480,4663240
FINNIFTY02JAN2421350PE.NFO,02/01/2024,09:23:56,16.3,16.3,6560,16.35,240,15640,4663240
FINNIFTY02JAN2421350PE.NFO,02/01/2024,09:23:57,16.45,16.4,5400,16.45,3640,10160,4663240
FINNIFTY02JAN2421350PE.NFO,02/01/2024,09:23:57,16.4,16.4,8280,16.45,1880,1240,4663240
FINNIFTY02JAN2421350PE.NFO,02/01/2024,09:23:58,16.55,16.5,10960,16.55,200,32800,4663240
FINNIFTY02JAN2421350PE.NFO,02/01/2024,09:23:59,16.6,16.55,9320,16.6,280,23280,4663240
FINNIFTY02JAN2421350PE.NFO,02/01/2024,09:24:00,16.6,16.5,1600,16.55,5720,29760,4663240
FINNIFTY02JAN2421350PE.NFO,02/01/2024,09:24:01,16.75,16.7,6240,16.8,7320,19040,4663240
FINNIFTY02JAN2421350PE.NFO,02/01/2024,09:24:02,16.8,16.8,1400,16.85,5280,17120,4663240
FINNIFTY02JAN2421350PE.NFO,02/01/2024,09:24:03,16.7,16.7,80,16.75,6040,33840,4663240
FINNIFTY02JAN2421350PE.NFO,02/01/2024,09:24:05,16.6,16.55,2000,16.6,2320,29400,4663240
FINNIFTY02JAN2421350PE.NFO,02/01/2024,09:24:06,16.4,16.35,6320,16.4,2280,61720,4663240
FINNIFTY02JAN2421350PE.NFO,02/01/2024,09:24:07,16.4,16.4,5720,16.45,240,35280,4663240
FINNIFTY02JAN2421350PE.NFO,02/01/2024,09:24:07,16.5,16.45,3400,16.5,5200,2000,4663240
FINNIFTY02JAN2421350PE.NFO,02/01/2024,09:24:08,16.45,16.4,2200,16.45,1720,7440,4663240
FINNIFTY02JAN2421350PE.NFO,02/01/2024,09:24:09,16.4,16.35,80,16.4,7960,14240,4663240
FINNIFTY02JAN2421350PE.NFO,02/01/2024,09:24:10,16.25,16.2,6680,16.25,4240,14000,4663240
FINNIFTY02JAN2421350PE.NFO,02/01/2024,09:24:12,16.1,16.1,80,16.15,11800,19040,4663240
FINNIFTY02JAN2421350PE.NFO,02/01/2024,09:24:13,16,15.95,8560,16,120,29800,4663240
FINNIFTY02JAN2421350PE.NFO,02/01/2024,09:24:14,16,16,40,16.05,8720,22920,4663240
FINNIFTY02JAN2421350PE.NFO,02/01/2024,09:24:14,16,15.95,6280,16,1160,4760,4663240
FINNIFTY02JAN2421350PE.NFO,02/01/2024,09:24:15,16.1,16.1,8680,16.2,8440,26440,4663240
FINNIFTY02JAN2421350PE.NFO,02/01/2024,09:24:17,16.4,16.3,6800,16.4,15360,15080,4663240
FINNIFTY02JAN2421350PE.NFO,02/01/2024,09:24:18,16.4,16.3,3520,16.4,9960,9240,4663240
FINNIFTY02JAN2421350PE.NFO,02/01/2024,09:24:19,16.4,16.35,320,16.4,8160,14320,4663240
FINNIFTY02JAN2421350PE.NFO,02/01/2024,09:24:20,16.4,16.45,5600,16.5,2400,26520,4663240
FINNIFTY02JAN2421350PE.NFO,02/01/2024,09:24:21,16.6,16.55,7920,16.65,6800,23080,4663240
FINNIFTY02JAN2421350PE.NFO,02/01/2024,09:24:22,16.6,16.6,7760,16.65,1680,14840,4663240
FINNIFTY02JAN2421350PE.NFO,02/01/2024,09:24:23,16.75,16.7,2880,16.75,1920,51640,4663240
FINNIFTY02JAN2421350PE.NFO,02/01/2024,09:24:24,16.8,16.8,9480,16.9,11040,35560,4663240
FINNIFTY02JAN2421350PE.NFO,02/01/2024,09:24:25,16.75,16.7,1720,16.75,5040,23680,4663240
FINNIFTY02JAN2421350PE.NFO,02/01/2024,09:24:26,16.75,16.75,360,16.8,8400,14360,4663240
FINNIFTY02JAN2421350PE.NFO,02/01/2024,09:24:27,16.85,16.8,4440,16.85,7520,22160,4663240
FINNIFTY02JAN2421350PE.NFO,02/01/2024,09:24:28,16.75,16.7,2200,16.75,4280,41280,4663240
FINNIFTY02JAN2421350PE.NFO,02/01/2024,09:24:28,16.75,16.7,640,16.75,7560,2280,4663240
FINNIFTY02JAN2421350PE.NFO,02/01/2024,09:24:29,16.7,16.65,2240,16.7,4160,17880,4663240
FINNIFTY02JAN2421350PE.NFO,02/01/2024,09:24:30,16.8,16.75,40,16.8,6200,14040,4663240
FINNIFTY02JAN2421350PE.NFO,02/01/2024,09:24:31,16.65,16.55,7800,16.65,9600,14040,4663240
FINNIFTY02JAN2421350PE.NFO,02/01/2024,09:24:32,16.7,16.65,2320,16.7,2880,17560,4663240
FINNIFTY02JAN2421350PE.NFO,02/01/2024,09:24:34,16.65,16.6,8080,16.7,7000,32080,4663240
FINNIFTY02JAN2421350PE.NFO,02/01/2024,09:24:35,16.6,16.55,680,16.6,7920,11160,4663240
FINNIFTY02JAN2421350PE.NFO,02/01/2024,09:24:36,16.55,16.45,3560,16.55,11360,21760,4663240
FINNIFTY02JAN2421350PE.NFO,02/01/2024,09:24:36,16.3,16.25,2080,16.3,3480,5600,4663240
FINNIFTY02JAN2421350PE.NFO,02/01/2024,09:24:37,16.1,16.05,5320,16.1,2000,24920,4663240
FINNIFTY02JAN2421350PE.NFO,02/01/2024,09:24:39,16.05,16.05,3480,16.1,2680,20960,4663240
FINNIFTY02JAN2421350PE.NFO,02/01/2024,09:24:40,16.15,16.15,4240,16.25,7880,22440,4663240
FINNIFTY02JAN2421350PE.NFO,02/01/2024,09:24:41,16,16,15640,16.1,8280,17960,4663240
FINNIFTY02JAN2421350PE.NFO,02/01/2024,09:24:41,15.9,15.9,7240,15.95,40,15480,4663240
FINNIFTY02JAN2421350PE.NFO,02/01/2024,09:24:42,16.05,16,520,16.05,11600,24480,4663240
FINNIFTY02JAN2421350PE.NFO,02/01/2024,09:24:43,16,15.9,6960,16,10560,39880,4663240
FINNIFTY02JAN2421350PE.NFO,02/01/2024,09:24:45,16.05,16,11200,16.05,840,25000,4663240
FINNIFTY02JAN2421350PE.NFO,02/01/2024,09:24:46,15.85,15.85,3280,15.9,4320,19040,4663240
FINNIFTY02JAN2421350PE.NFO,02/01/2024,09:24:47,16,15.95,5240,16,8840,16120,4663240
FINNIFTY02JAN2421350PE.NFO,02/01/2024,09:24:47,15.95,15.9,11160,15.95,3440,2440,4663240
FINNIFTY02JAN2421350PE.NFO,02/01/2024,09:24:48,15.85,15.85,6920,15.9,1480,46080,4663240
FINNIFTY02JAN2421350PE.NFO,02/01/2024,09:24:50,15.65,15.65,1920,15.7,7600,34200,4663240
FINNIFTY02JAN2421350PE.NFO,02/01/2024,09:24:51,15.75,15.7,4560,15.75,5080,23560,4663240
FINNIFTY02JAN2421350PE.NFO,02/01/2024,09:24:52,15.95,15.9,5400,15.95,2920,16720,4663240
FINNIFTY02JAN2421350PE.NFO,02/01/2024,09:24:52,15.9,15.95,320,16,18240,2280,4663240
FINNIFTY02JAN2421350PE.NFO,02/01/2024,09:24:53,15.8,15.8,7240,15.85,440,36440,4663240
FINNIFTY02JAN2421350PE.NFO,02/01/2024,09:24:55,16.05,16.05,7840,16.15,16240,27280,4663240
FINNIFTY02JAN2421350PE.NFO,02/01/2024,09:24:56,16.4,16.4,14440,16.5,3880,25520,4663240
FINNIFTY02JAN2421350PE.NFO,02/01/2024,09:24:57,16.4,16.35,5560,16.4,80,32080,4663240
FINNIFTY02JAN2421350PE.NFO,02/01/2024,09:24:57,16.35,16.3,7840,16.4,7240,6800,4663240
FINNIFTY02JAN2421350PE.NFO,02/01/2024,09:24:58,16.35,16.35,7800,16.45,6560,22120,4663240
FINNIFTY02JAN2421350PE.NFO,02/01/2024,09:25:00,16.25,16.25,9440,16.35,7320,33320,4663240
FINNIFTY02JAN2421350PE.NFO,02/01/2024,09:25:01,16.35,16.3,2520,16.35,1600,96200,4663240
FINNIFTY02JAN2421350PE.NFO,02/01/2024,09:25:02,16.45,16.35,6760,16.45,8800,26080,4663240
FINNIFTY02JAN2421350PE.NFO,02/01/2024,09:25:02,16.35,16.35,1440,16.4,5920,22880,4663240
FINNIFTY02JAN2421350PE.NFO,02/01/2024,09:25:03,16.2,16.1,13400,16.2,9120,17000,4663240
FINNIFTY02JAN2421350PE.NFO,02/01/2024,09:25:04,16.35,16.3,7400,16.4,7080,10680,4663240
FINNIFTY02JAN2421350PE.NFO,02/01/2024,09:25:05,16.35,16.3,3920,16.35,640,16040,4663240
FINNIFTY02JAN2421350PE.NFO,02/01/2024,09:25:06,16.25,16.2,3040,16.25,2560,13400,4663240
FINNIFTY02JAN2421350PE.NFO,02/01/2024,09:25:07,16,16,5600,16.05,7160,9000,4663240
FINNIFTY02JAN2421350PE.NFO,02/01/2024,09:25:08,16.1,16.05,4520,16.1,2040,26920,4663240
FINNIFTY02JAN2421350PE.NFO,02/01/2024,09:25:09,16.1,16.1,2440,16.15,4160,19360,4663240
FINNIFTY02JAN2421350PE.NFO,02/01/2024,09:25:10,16.4,16.35,5320,16.4,400,23640,4663240
FINNIFTY02JAN2421350PE.NFO,02/01/2024,09:25:11,16.35,16.3,6280,16.35,840,13600,4663240
FINNIFTY02JAN2421350PE.NFO,02/01/2024,09:25:12,16.25,16.2,5920,16.25,1160,17760,4663240
FINNIFTY02JAN2421350PE.NFO,02/01/2024,09:25:14,16.2,16.15,7080,16.25,10800,18800,4663240
FINNIFTY02JAN2421350PE.NFO,02/01/2024,09:25:15,16.25,16.2,7200,16.25,3280,11960,4663240
FINNIFTY02JAN2421350PE.NFO,02/01/2024,09:25:16,16.2,16.2,11280,16.25,3960,12400,4663240
FINNIFTY02JAN2421350PE.NFO,02/01/2024,09:25:16,16.25,16.25,2840,16.3,8480,960,4663240
FINNIFTY02JAN2421350PE.NFO,02/01/2024,09:25:17,16.25,16.15,3440,16.25,8120,13680,4663240
FINNIFTY02JAN2421350PE.NFO,02/01/2024,09:25:18,16.15,16.1,8400,16.15,40,11240,4663240
FINNIFTY02JAN2421350PE.NFO,02/01/2024,09:25:19,16.15,16.15,7280,16.25,12040,14680,4663240
FINNIFTY02JAN2421350PE.NFO,02/01/2024,09:25:20,16.1,16,10560,16.05,4720,13560,4663240
FINNIFTY02JAN2421350PE.NFO,02/01/2024,09:25:21,15.85,15.85,7280,15.9,1360,14120,4663240
FINNIFTY02JAN2421350PE.NFO,02/01/2024,09:25:23,15.95,15.9,4280,16,14520,12320,4663240
FINNIFTY02JAN2421350PE.NFO,02/01/2024,09:25:24,15.95,15.9,3440,15.95,1920,19400,4663240
FINNIFTY02JAN2421350PE.NFO,02/01/2024,09:25:25,16.05,16,3120,16.05,5080,5080,4663240
FINNIFTY02JAN2421350PE.NFO,02/01/2024,09:25:26,15.95,15.9,2080,16,11760,10040,4663240
FINNIFTY02JAN2421350PE.NFO,02/01/2024,09:25:27,15.75,15.65,11200,15.75,4760,33680,4663240
FINNIFTY02JAN2421350PE.NFO,02/01/2024,09:25:28,15.8,15.8,8080,15.85,2360,16760,4663240
FINNIFTY02JAN2421350PE.NFO,02/01/2024,09:25:29,15.75,15.65,12440,15.75,4680,23360,4663240
FINNIFTY02JAN2421350PE.NFO,02/01/2024,09:25:30,15.7,15.65,120,15.7,6160,16920,4663240
FINNIFTY02JAN2421350PE.NFO,02/01/2024,09:25:30,15.65,15.65,6640,15.75,9040,4920,4663240
FINNIFTY02JAN2421350PE.NFO,02/01/2024,09:25:31,15.6,15.6,40,15.65,9440,9000,4663240
FINNIFTY02JAN2421350PE.NFO,02/01/2024,09:25:32,15.4,15.3,10880,15.4,13920,69000,4663240
FINNIFTY02JAN2421350PE.NFO,02/01/2024,09:25:33,15.25,15.25,11000,15.35,7920,29600,4663240
FINNIFTY02JAN2421350PE.NFO,02/01/2024,09:25:34,15.25,15.25,720,15.3,6960,30440,4663240
FINNIFTY02JAN2421350PE.NFO,02/01/2024,09:25:36,15.2,15.15,8720,15.25,12520,27120,4663240
FINNIFTY02JAN2421350PE.NFO,02/01/2024,09:25:37,15.35,15.35,9560,15.4,2880,20360,4663240
FINNIFTY02JAN2421350PE.NFO,02/01/2024,09:25:38,15.5,15.45,8880,15.5,360,31760,4663240
FINNIFTY02JAN2421350PE.NFO,02/01/2024,09:25:39,15.65,15.55,9080,15.65,7560,17880,4663240
FINNIFTY02JAN2421350PE.NFO,02/01/2024,09:25:40,15.65,15.65,7960,15.75,12360,14520,4663240
FINNIFTY02JAN2421350PE.NFO,02/01/2024,09:25:41,15.7,15.6,8920,15.7,6560,12320,4663240
FINNIFTY02JAN2421350PE.NFO,02/01/2024,09:25:42,15.35,15.35,5160,15.4,7400,9160,4663240
FINNIFTY02JAN2421350PE.NFO,02/01/2024,09:25:43,15.5,15.5,2720,15.55,4120,10080,4663240
FINNIFTY02JAN2421350PE.NFO,02/01/2024,09:25:44,15.65,15.55,4320,15.6,2960,7720,4663240
FINNIFTY02JAN2421350PE.NFO,02/01/2024,09:25:45,15.55,15.55,4360,15.6,6160,13120,4663240
FINNIFTY02JAN2421350PE.NFO,02/01/2024,09:25:46,15.6,15.6,8320,15.65,360,20080,4663240
FINNIFTY02JAN2421350PE.NFO,02/01/2024,09:25:47,15.65,15.55,5280,15.6,3720,10360,4663240
FINNIFTY02JAN2421350PE.NFO,02/01/2024,09:25:48,15.65,15.65,11680,15.75,5160,16040,4663240
FINNIFTY02JAN2421350PE.NFO,02/01/2024,09:25:48,15.7,15.65,9000,15.7,440,280,4663240
FINNIFTY02JAN2421350PE.NFO,02/01/2024,09:25:49,15.95,15.9,1680,15.95,7120,27000,4663240
FINNIFTY02JAN2421350PE.NFO,02/01/2024,09:25:50,15.9,15.9,920,15.95,13880,11160,4663240
FINNIFTY02JAN2421350PE.NFO,02/01/2024,09:25:51,15.85,15.85,9000,15.95,11760,13400,4663240
FINNIFTY02JAN2421350PE.NFO,02/01/2024,09:25:52,15.75,15.75,1240,15.8,13200,12240,4663240
FINNIFTY02JAN2421350PE.NFO,02/01/2024,09:25:53,15.7,15.6,7720,15.7,8920,25520,4663240
FINNIFTY02JAN2421350PE.NFO,02/01/2024,09:25:54,15.4,15.35,7440,15.4,15680,28280,4663240
FINNIFTY02JAN2421350PE.NFO,02/01/2024,09:25:55,15.25,15.25,5320,15.3,1720,33800,4663240
FINNIFTY02JAN2421350PE.NFO,02/01/2024,09:25:56,15.4,15.35,720,15.4,10400,17120,4663240
FINNIFTY02JAN2421350PE.NFO,02/01/2024,09:25:57,15.25,15.25,1880,15.3,6560,17480,4663240
FINNIFTY02JAN2421350PE.NFO,02/01/2024,09:25:58,15.25,15.25,6160,15.35,12040,40120,4663240
FINNIFTY02JAN2421350PE.NFO,02/01/2024,09:25:59,15.35,15.3,3120,15.35,3680,40040,4663240
FINNIFTY02JAN2421350PE.NFO,02/01/2024,09:26:00,15.1,15.05,4920,15.1,7640,82920,4663240
FINNIFTY02JAN2421350PE.NFO,02/01/2024,09:26:01,14.9,14.85,9360,14.9,6680,58800,4663240
FINNIFTY02JAN2421350PE.NFO,02/01/2024,09:26:02,15,15,7200,15.05,3560,42480,4663240
FINNIFTY02JAN2421350PE.NFO,02/01/2024,09:26:03,15.05,15.05,11960,15.1,680,26440,4663240
FINNIFTY02JAN2421350PE.NFO,02/01/2024,09:26:04,15,15,400,15.05,10240,15640,4663240
FINNIFTY02JAN2421350PE.NFO,02/01/2024,09:26:05,14.9,14.85,5760,14.9,1400,12920,4663240
FINNIFTY02JAN2421350PE.NFO,02/01/2024,09:26:06,14.8,14.75,8360,14.85,11880,54440,4663240
FINNIFTY02JAN2421350PE.NFO,02/01/2024,09:26:07,14.8,14.8,12480,14.85,40,14640,4663240
FINNIFTY02JAN2421350PE.NFO,02/01/2024,09:26:08,14.8,14.8,10360,14.85,2720,19440,4663240
FINNIFTY02JAN2421350PE.NFO,02/01/2024,09:26:09,14.9,14.85,7360,14.9,3040,15360,4663240
FINNIFTY02JAN2421350PE.NFO,02/01/2024,09:26:10,14.95,14.9,560,14.95,9680,25040,4663240
FINNIFTY02JAN2421350PE.NFO,02/01/2024,09:26:11,15,14.95,4880,15.05,16040,29880,4663240
FINNIFTY02JAN2421350PE.NFO,02/01/2024,09:26:12,14.8,14.85,5080,14.9,10640,28080,4663240
FINNIFTY02JAN2421350PE.NFO,02/01/2024,09:26:13,14.6,14.6,4240,14.65,6440,46720,4663240
FINNIFTY02JAN2421350PE.NFO,02/01/2024,09:26:14,14.3,14.3,880,14.35,8240,111360,4663240
FINNIFTY02JAN2421350PE.NFO,02/01/2024,09:26:15,13.9,13.9,1400,14.05,1560,282200,4663240
FINNIFTY02JAN2421350PE.NFO,02/01/2024,09:26:16,13.75,13.65,280,13.75,200,441480,4663240
FINNIFTY02JAN2421350PE.NFO,02/01/2024,09:26:17,13.75,13.7,2160,13.85,360,486960,4663240
FINNIFTY02JAN2421350PE.NFO,02/01/2024,09:26:18,13.8,13.75,480,13.8,880,306760,4663240
FINNIFTY02JAN2421350PE.NFO,02/01/2024,09:26:19,13.35,13.3,3240,13.4,1480,140800,4663240
FINNIFTY02JAN2421350PE.NFO,02/01/2024,09:26:20,13.15,13.1,3120,13.15,400,90520,4663240
FINNIFTY02JAN2421350PE.NFO,02/01/2024,09:26:21,13.15,13.05,5280,13.15,2880,135120,4663240
FINNIFTY02JAN2421350PE.NFO,02/01/2024,09:26:22,13.2,13.2,3280,13.25,1560,83240,4663240
FINNIFTY02JAN2421350PE.NFO,02/01/2024,09:26:23,13.55,13.5,480,13.55,3400,62680,4663240
FINNIFTY02JAN2421350PE.NFO,02/01/2024,09:26:24,13.6,13.6,2480,13.65,680,57720,4663240
FINNIFTY02JAN2421350PE.NFO,02/01/2024,09:26:25,13.8,13.75,3560,13.8,4680,56000,4663240
FINNIFTY02JAN2421350PE.NFO,02/01/2024,09:26:26,13.85,13.8,1520,13.85,4920,100760,4663240
FINNIFTY02JAN2421350PE.NFO,02/01/2024,09:26:27,14,13.95,8240,14.05,8000,105720,5172520
FINNIFTY02JAN2421350PE.NFO,02/01/2024,09:26:28,14.2,14.15,320,14.2,5480,123960,5172520
FINNIFTY02JAN2421350PE.NFO,02/01/2024,09:26:29,13.85,13.8,640,13.85,4880,135200,5172520
FINNIFTY02JAN2421350PE.NFO,02/01/2024,09:26:30,13.85,13.85,4360,13.95,4400,165200,5172520
FINNIFTY02JAN2421350PE.NFO,02/01/2024,09:26:31,14,13.9,3800,14,4480,126680,5172520
FINNIFTY02JAN2421350PE.NFO,02/01/2024,09:26:32,14.05,14.05,760,14.1,2920,141160,5172520
FINNIFTY02JAN2421350PE.NFO,02/01/2024,09:26:33,14.05,14.05,200,14.1,3360,80040,5172520
FINNIFTY02JAN2421350PE.NFO,02/01/2024,09:26:34,14.1,14.1,3400,14.15,1320,76200,5172520
FINNIFTY02JAN2421350PE.NFO,02/01/2024,09:26:35,13.9,13.9,2960,13.95,3360,107880,5172520
FINNIFTY02JAN2421350PE.NFO,02/01/2024,09:26:36,13.9,13.85,5840,13.9,1640,88920,5172520
FINNIFTY02JAN2421350PE.NFO,02/01/2024,09:26:37,13.6,13.6,2080,13.65,3200,97600,5172520
FINNIFTY02JAN2421350PE.NFO,02/01/2024,09:26:38,13.2,13.1,3040,13.2,2760,174720,5172520
FINNIFTY02JAN2421350PE.NFO,02/01/2024,09:26:39,12.8,12.75,2560,12.8,320,163560,5172520
FINNIFTY02JAN2421350PE.NFO,02/01/2024,09:26:40,12.65,12.6,3600,12.65,2520,125680,5172520
FINNIFTY02JAN2421350PE.NFO,02/01/2024,09:26:41,12.5,12.5,3080,12.6,6400,113800,5172520
FINNIFTY02JAN2421350PE.NFO,02/01/2024,09:26:42,12.3,12.3,680,12.35,440,105560,5172520
FINNIFTY02JAN2421350PE.NFO,02/01/2024,09:26:43,12,12,280,12.05,3160,251200,5172520
FINNIFTY02JAN2421350PE.NFO,02/01/2024,09:26:44,11.5,11.5,6240,11.6,3840,125160,5172520
FINNIFTY02JAN2421350PE.NFO,02/01/2024,09:26:45,11.35,11.35,2640,11.45,3960,206040,5172520
FINNIFTY02JAN2421350PE.NFO,02/01/2024,09:26:46,11.15,11.15,80,11.2,1840,164200,5172520
FINNIFTY02JAN2421350PE.NFO,02/01/2024,09:26:47,11,11,3400,11.05,320,176680,5172520
FINNIFTY02JAN2421350PE.NFO,02/01/2024,09:26:48,11.1,11.1,1560,11.15,120,147560,5172520
FINNIFTY02JAN2421350PE.NFO,02/01/2024,09:26:49,10.95,10.9,640,10.95,3040,105480,5172520
FINNIFTY02JAN2421350PE.NFO,02/01/2024,09:26:50,10.95,10.95,520,11,3760,166440,5172520
FINNIFTY02JAN2421350PE.NFO,02/01/2024,09:26:51,10.9,10.9,4120,11,1520,116560,5172520
FINNIFTY02JAN2421350PE.NFO,02/01/2024,09:26:52,10.85,10.85,4760,10.95,3280,91480,5172520
FINNIFTY02JAN2421350PE.NFO,02/01/2024,09:26:53,11.35,11.35,2960,11.4,1320,95720,5172520
FINNIFTY02JAN2421350PE.NFO,02/01/2024,09:26:54,11.4,11.4,5520,11.45,1040,144400,5172520
FINNIFTY02JAN2421350PE.NFO,02/01/2024,09:26:55,11.85,11.85,2760,11.9,4360,114200,5172520
FINNIFTY02JAN2421350PE.NFO,02/01/2024,09:26:56,11.6,11.55,3000,11.6,4920,155400,5172520
FINNIFTY02JAN2421350PE.NFO,02/01/2024,09:26:57,11.7,11.7,5760,11.8,7120,81200,5172520
FINNIFTY02JAN2421350PE.NFO,02/01/2024,09:26:58,11.85,11.85,1440,11.9,5360,50720,5172520
FINNIFTY02JAN2421350PE.NFO,02/01/2024,09:26:59,11.8,11.8,3880,11.85,5120,78760,5172520
FINNIFTY02JAN2421350PE.NFO,02/01/2024,09:27:00,11.55,11.5,4320,11.55,480,139520,5172520
FINNIFTY02JAN2421350PE.NFO,02/01/2024,09:27:01,11.5,11.45,4200,11.5,1280,101760,5172520
FINNIFTY02JAN2421350PE.NFO,02/01/2024,09:27:02,11.55,11.55,3040,11.6,3760,153760,5172520
FINNIFTY02JAN2421350PE.NFO,02/01/2024,09:27:03,11.6,11.6,5480,11.65,2640,73840,5172520
FINNIFTY02JAN2421350PE.NFO,02/01/2024,09:27:04,11.55,11.5,6640,11.6,9520,107520,5172520
FINNIFTY02JAN2421350PE.NFO,02/01/2024,09:27:05,11.7,11.65,7920,11.7,3200,135680,5172520
FINNIFTY02JAN2421350PE.NFO,02/01/2024,09:27:06,11.7,11.7,7160,11.75,1680,94680,5172520
FINNIFTY02JAN2421350PE.NFO,02/01/2024,09:27:07,11.7,11.7,7520,11.75,4400,70560,5172520
FINNIFTY02JAN2421350PE.NFO,02/01/2024,09:27:08,11.6,11.55,6760,11.6,200,152760,5172520
FINNIFTY02JAN2421350PE.NFO,02/01/2024,09:27:09,11.7,11.65,2840,11.7,6960,95640,5172520
FINNIFTY02JAN2421350PE.NFO,02/01/2024,09:27:10,11.85,11.85,3760,11.9,9520,74960,5172520
FINNIFTY02JAN2421350PE.NFO,02/01/2024,09:27:11,11.85,11.8,13080,11.85,1000,71880,5172520
FINNIFTY02JAN2421350PE.NFO,02/01/2024,09:27:12,11.6,11.6,560,11.65,5800,94360,5172520
FINNIFTY02JAN2421350PE.NFO,02/01/2024,09:27:13,11.4,11.3,10720,11.4,12520,65560,5172520
FINNIFTY02JAN2421350PE.NFO,02/01/2024,09:27:14,11.65,11.6,5560,11.65,4680,70880,5172520
FINNIFTY02JAN2421350PE.NFO,02/01/2024,09:27:15,11.75,11.7,6760,11.75,6920,58960,5172520
FINNIFTY02JAN2421350PE.NFO,02/01/2024,09:27:16,11.7,11.65,9600,11.75,12600,45840,5172520
FINNIFTY02JAN2421350PE.NFO,02/01/2024,09:27:17,11.7,11.65,10600,11.7,1280,78920,5172520
FINNIFTY02JAN2421350PE.NFO,02/01/2024,09:27:18,11.55,11.5,6600,11.55,3560,37240,5172520
FINNIFTY02JAN2421350PE.NFO,02/01/2024,09:27:19,11.7,11.65,12920,11.75,13800,40080,5172520
FINNIFTY02JAN2421350PE.NFO,02/01/2024,09:27:21,11.6,11.55,600,11.6,10640,90160,5172520
FINNIFTY02JAN2421350PE.NFO,02/01/2024,09:27:22,11.45,11.45,1600,11.5,9400,50520,5172520
FINNIFTY02JAN2421350PE.NFO,02/01/2024,09:27:23,11.4,11.4,120,11.45,14440,76360,5172520
FINNIFTY02JAN2421350PE.NFO,02/01/2024,09:27:24,11.25,11.25,8200,11.3,2520,43920,5172520
FINNIFTY02JAN2421350PE.NFO,02/01/2024,09:27:25,11.45,11.45,1880,11.5,21880,54040,5172520
FINNIFTY02JAN2421350PE.NFO,02/01/2024,09:27:26,11.5,11.5,14440,11.6,6720,76920,5172520
FINNIFTY02JAN2421350PE.NFO,02/01/2024,09:27:27,11.8,11.75,1160,11.8,14240,73360,5172520
FINNIFTY02JAN2421350PE.NFO,02/01/2024,09:27:28,11.7,11.7,7760,11.75,4520,67080,5172520
FINNIFTY02JAN2421350PE.NFO,02/01/2024,09:27:29,11.75,11.75,3200,11.85,35640,65920,5172520
FINNIFTY02JAN2421350PE.NFO,02/01/2024,09:27:30,11.7,11.75,1840,11.8,9920,61320,5172520
FINNIFTY02JAN2421350PE.NFO,02/01/2024,09:27:30,11.8,11.75,4640,11.8,7880,31400,5172520
FINNIFTY02JAN2421350PE.NFO,02/01/2024,09:27:31,11.8,11.75,15560,11.85,20600,24840,5172520
FINNIFTY02JAN2421350PE.NFO,02/01/2024,09:27:32,11.9,11.9,6480,11.95,8240,136400,5172520
FINNIFTY02JAN2421350PE.NFO,02/01/2024,09:27:33,11.85,11.85,2680,11.9,11560,48040,5172520
FINNIFTY02JAN2421350PE.NFO,02/01/2024,09:27:34,11.8,11.75,7920,11.8,2120,59120,5172520
FINNIFTY02JAN2421350PE.NFO,02/01/2024,09:27:35,11.65,11.6,5480,11.65,5320,40640,5172520
FINNIFTY02JAN2421350PE.NFO,02/01/2024,09:27:36,11.45,11.4,5360,11.45,200,76040,5172520
FINNIFTY02JAN2421350PE.NFO,02/01/2024,09:27:37,11.55,11.55,7520,11.6,4160,60720,5172520
FINNIFTY02JAN2421350PE.NFO,02/01/2024,09:27:38,11.6,11.55,11160,11.6,13160,45000,5172520
FINNIFTY02JAN2421350PE.NFO,02/01/2024,09:27:39,11.7,11.7,13440,11.75,3120,65600,5172520
FINNIFTY02JAN2421350PE.NFO,02/01/2024,09:27:40,11.5,11.45,18960,11.5,120,31360,5172520
FINNIFTY02JAN2421350PE.NFO,02/01/2024,09:27:41,11.6,11.55,5240,11.6,7720,74920,5172520
FINNIFTY02JAN2421350PE.NFO,02/01/2024,09:27:42,11.5,11.45,40,11.5,11120,58120,5172520
FINNIFTY02JAN2421350PE.NFO,02/01/2024,09:27:43,11.45,11.4,5000,11.45,4160,42960,5172520
FINNIFTY02JAN2421350PE.NFO,02/01/2024,09:27:44,11.55,11.5,7880,11.55,4280,66880,5172520
FINNIFTY02JAN2421350PE.NFO,02/01/2024,09:27:46,11.6,11.6,3160,11.65,8120,37520,5172520
FINNIFTY02JAN2421350PE.NFO,02/01/2024,09:27:46,11.7,11.7,9560,11.75,6000,25480,5172520
FINNIFTY02JAN2421350PE.NFO,02/01/2024,09:27:47,11.55,11.55,11400,11.65,11360,54760,5172520
FINNIFTY02JAN2421350PE.NFO,02/01/2024,09:27:48,11.5,11.5,4920,11.55,11320,34120,5172520
FINNIFTY02JAN2421350PE.NFO,02/01/2024,09:27:49,11.35,11.35,2680,11.4,13360,56880,5172520
FINNIFTY02JAN2421350PE.NFO,02/01/2024,09:27:51,11.3,11.3,3960,11.35,8440,58640,5172520
FINNIFTY02JAN2421350PE.NFO,02/01/2024,09:27:51,11.05,11.05,11520,11.1,760,84480,5172520
FINNIFTY02JAN2421350PE.NFO,02/01/2024,09:27:52,10.6,10.6,6520,10.65,4960,297920,5172520
FINNIFTY02JAN2421350PE.NFO,02/01/2024,09:27:53,10.7,10.65,320,10.7,10360,101080,5172520
FINNIFTY02JAN2421350PE.NFO,02/01/2024,09:27:54,10.6,10.55,3400,10.6,7080,73800,5172520
FINNIFTY02JAN2421350PE.NFO,02/01/2024,09:27:55,10.55,10.55,1400,10.6,9080,108880,5172520
FINNIFTY02JAN2421350PE.NFO,02/01/2024,09:27:56,10.25,10.2,12560,10.3,9600,77640,5172520
FINNIFTY02JAN2421350PE.NFO,02/01/2024,09:27:57,10.15,10.1,40,10.15,3680,328480,5172520
FINNIFTY02JAN2421350PE.NFO,02/01/2024,09:27:58,9.85,9.85,1760,9.9,3360,299880,5172520
FINNIFTY02JAN2421350PE.NFO,02/01/2024,09:27:59,9.95,9.9,2040,9.95,3280,125400,5172520
FINNIFTY02JAN2421350PE.NFO,02/01/2024,09:28:00,10,9.95,5960,10,1760,141280,5172520
FINNIFTY02JAN2421350PE.NFO,02/01/2024,09:28:01,9.9,9.9,3800,9.95,6240,96960,5172520
FINNIFTY02JAN2421350PE.NFO,02/01/2024,09:28:02,9.7,9.65,8360,9.7,1880,158520,5172520
FINNIFTY02JAN2421350PE.NFO,02/01/2024,09:28:03,9.6,9.6,4240,9.65,4440,151360,5172520
FINNIFTY02JAN2421350PE.NFO,02/01/2024,09:28:04,9.45,9.45,6000,9.5,3560,89480,5172520
FINNIFTY02JAN2421350PE.NFO,02/01/2024,09:28:05,9.6,9.6,7000,9.65,5280,62280,5172520
FINNIFTY02JAN2421350PE.NFO,02/01/2024,09:28:06,9.75,9.7,8320,9.75,1520,95000,5172520
FINNIFTY02JAN2421350PE.NFO,02/01/2024,09:28:07,9.85,9.8,6360,9.85,2520,61400,5172520
FINNIFTY02JAN2421350PE.NFO,02/01/2024,09:28:08,9.8,9.8,40,9.85,8120,88520,5172520
FINNIFTY02JAN2421350PE.NFO,02/01/2024,09:28:09,9.8,9.8,3920,9.85,7840,74720,5172520
FINNIFTY02JAN2421350PE.NFO,02/01/2024,09:28:10,9.85,9.8,3240,9.85,12520,36720,5172520
FINNIFTY02JAN2421350PE.NFO,02/01/2024,09:28:11,9.6,9.55,7320,9.6,4200,53160,5172520
FINNIFTY02JAN2421350PE.NFO,02/01/2024,09:28:12,9.7,9.65,12160,9.7,1160,60800,5172520
FINNIFTY02JAN2421350PE.NFO,02/01/2024,09:28:13,9.65,9.6,7640,9.65,4960,53840,5172520
FINNIFTY02JAN2421350PE.NFO,02/01/2024,09:28:15,9.6,9.55,10880,9.6,2240,78120,5172520
FINNIFTY02JAN2421350PE.NFO,02/01/2024,09:28:15,9.6,9.6,8240,9.65,2080,54600,5172520
FINNIFTY02JAN2421350PE.NFO,02/01/2024,09:28:16,9.65,9.65,8360,9.7,6320,85520,5172520
FINNIFTY02JAN2421350PE.NFO,02/01/2024,09:28:17,9.8,9.8,11080,9.85,240,77520,5172520
FINNIFTY02JAN2421350PE.NFO,02/01/2024,09:28:18,9.8,9.75,13120,9.8,840,29720,5172520
FINNIFTY02JAN2421350PE.NFO,02/01/2024,09:28:19,9.9,9.9,80,9.95,8080,109960,5172520
FINNIFTY02JAN2421350PE.NFO,02/01/2024,09:28:20,9.75,9.7,5480,9.75,12760,45360,5172520
FINNIFTY02JAN2421350PE.NFO,02/01/2024,09:28:21,9.7,9.65,5320,9.7,6760,72280,5172520
FINNIFTY02JAN2421350PE.NFO,02/01/2024,09:28:23,9.6,9.55,11200,9.65,10240,64200,5172520
FINNIFTY02JAN2421350PE.NFO,02/01/2024,09:28:24,9.65,9.6,9120,9.65,11800,43200,5172520
FINNIFTY02JAN2421350PE.NFO,02/01/2024,09:28:25,9.35,9.3,3800,9.35,6000,143200,5172520
FINNIFTY02JAN2421350PE.NFO,02/01/2024,09:28:26,9.35,9.35,7800,9.4,7560,73400,5172520
FINNIFTY02JAN2421350PE.NFO,02/01/2024,09:28:27,9.55,9.55,13960,9.6,800,68680,5172520
FINNIFTY02JAN2421350PE.NFO,02/01/2024,09:28:28,9.6,9.6,6360,9.65,9480,67240,5172520
FINNIFTY02JAN2421350PE.NFO,02/01/2024,09:28:29,9.65,9.6,7720,9.65,11960,63320,5172520
FINNIFTY02JAN2421350PE.NFO,02/01/2024,09:28:30,9.5,9.5,2520,9.55,12320,63400,5172520
FINNIFTY02JAN2421350PE.NFO,02/01/2024,09:28:30,9.55,9.5,12000,9.6,14480,57320,5172520
FINNIFTY02JAN2421350PE.NFO,02/01/2024,09:28:31,9.55,9.55,3280,9.6,12800,38280,5172520
FINNIFTY02JAN2421350PE.NFO,02/01/2024,09:28:32,9.6,9.6,4720,9.65,10160,53560,5172520
FINNIFTY02JAN2421350PE.NFO,02/01/2024,09:28:33,9.7,9.65,3560,9.7,12040,55480,5172520
FINNIFTY02JAN2421350PE.NFO,02/01/2024,09:28:34,9.7,9.7,14040,9.8,11160,59520,5172520
FINNIFTY02JAN2421350PE.NFO,02/01/2024,09:28:35,9.8,9.7,15200,9.8,11360,55120,5172520
FINNIFTY02JAN2421350PE.NFO,02/01/2024,09:28:36,9.85,9.75,14560,9.85,6880,141200,5172520
FINNIFTY02JAN2421350PE.NFO,02/01/2024,09:28:38,9.95,9.9,17480,10,35480,147480,5172520
FINNIFTY02JAN2421350PE.NFO,02/01/2024,09:28:39,10.05,10.05,6200,10.1,9600,94880,5172520
FINNIFTY02JAN2421350PE.NFO,02/01/2024,09:28:40,10,10,3800,10.05,10600,75640,5172520
FINNIFTY02JAN2421350PE.NFO,02/01/2024,09:28:41,10.05,10,6720,10.05,14320,89640,5172520
FINNIFTY02JAN2421350PE.NFO,02/01/2024,09:28:42,10.1,10.05,12960,10.1,7640,62200,5172520
FINNIFTY02JAN2421350PE.NFO,02/01/2024,09:28:43,10.15,10.1,4880,10.15,5960,56080,5172520
FINNIFTY02JAN2421350PE.NFO,02/01/2024,09:28:44,10.15,10.1,12760,10.15,3440,87480,5172520
FINNIFTY02JAN2421350PE.NFO,02/01/2024,09:28:45,10,10,18440,10.05,4040,38200,5172520
FINNIFTY02JAN2421350PE.NFO,02/01/2024,09:28:46,10,10,15720,10.05,7880,46080,5172520
FINNIFTY02JAN2421350PE.NFO,02/01/2024,09:28:47,9.85,9.8,6160,9.85,7680,70400,5172520
FINNIFTY02JAN2421350PE.NFO,02/01/2024,09:28:48,9.8,9.75,15080,9.8,4720,6360,5172520
FINNIFTY02JAN2421350PE.NFO,02/01/2024,09:28:49,9.95,9.9,13640,9.95,8480,34680,5172520
FINNIFTY02JAN2421350PE.NFO,02/01/2024,09:28:50,9.9,9.9,20160,9.95,5800,40120,5172520
FINNIFTY02JAN2421350PE.NFO,02/01/2024,09:28:51,9.9,9.9,8240,9.95,21240,49120,5172520
FINNIFTY02JAN2421350PE.NFO,02/01/2024,09:28:52,9.95,9.9,9840,9.95,18960,56360,5172520
FINNIFTY02JAN2421350PE.NFO,02/01/2024,09:28:53,10,9.9,19280,10,29680,48080,5172520
FINNIFTY02JAN2421350PE.NFO,02/01/2024,09:28:54,9.9,9.9,2480,9.95,11240,44000,5172520
FINNIFTY02JAN2421350PE.NFO,02/01/2024,09:28:55,10.1,10.05,15480,10.1,6840,50320,5172520
FINNIFTY02JAN2421350PE.NFO,02/01/2024,09:28:56,10.15,10.15,3160,10.2,11520,67880,5172520
FINNIFTY02JAN2421350PE.NFO,02/01/2024,09:28:57,10.05,10.05,9280,10.1,6080,58240,5172520
FINNIFTY02JAN2421350PE.NFO,02/01/2024,09:28:58,9.95,10,3040,10.05,11200,66360,5172520
FINNIFTY02JAN2421350PE.NFO,02/01/2024,09:28:59,10.15,10.15,3600,10.2,8240,36560,5172520
FINNIFTY02JAN2421350PE.NFO,02/01/2024,09:29:00,10.15,10.15,1120,10.2,13400,162400,5172520
FINNIFTY02JAN2421350PE.NFO,02/01/2024,09:29:01,10,10,3960,10.05,14320,157760,5172520
FINNIFTY02JAN2421350PE.NFO,02/01/2024,09:29:02,10.2,10.15,3440,10.2,13600,140760,5172520
FINNIFTY02JAN2421350PE.NFO,02/01/2024,09:29:03,10.35,10.35,7760,10.4,3880,97200,5172520
FINNIFTY02JAN2421350PE.NFO,02/01/2024,09:29:04,10.3,10.2,5760,10.25,8880,97200,5172520
FINNIFTY02JAN2421350PE.NFO,02/01/2024,09:29:05,10.45,10.35,12360,10.4,440,63120,5172520
FINNIFTY02JAN2421350PE.NFO,02/01/2024,09:29:06,10.4,10.4,19080,10.45,1760,70360,5172520
FINNIFTY02JAN2421350PE.NFO,02/01/2024,09:29:07,10.3,10.3,80,10.35,15720,36840,5172520
FINNIFTY02JAN2421350PE.NFO,02/01/2024,09:29:08,10.3,10.3,2440,10.35,12400,18360,5172520
FINNIFTY02JAN2421350PE.NFO,02/01/2024,09:29:09,10.35,10.35,6080,10.4,10160,7120,5172520
FINNIFTY02JAN2421350PE.NFO,02/01/2024,09:29:10,10.2,10.2,14440,10.25,6360,20200,5172520
FINNIFTY02JAN2421350PE.NFO,02/01/2024,09:29:11,10,10,24920,10.05,120,26000,5172520
FINNIFTY02JAN2421350PE.NFO,02/01/2024,09:29:12,9.9,9.9,7440,9.95,7480,71240,5172520
FINNIFTY02JAN2421350PE.NFO,02/01/2024,09:29:13,10,9.95,9160,10,9960,45960,5172520
FINNIFTY02JAN2421350PE.NFO,02/01/2024,09:29:14,10,10,7600,10.05,12120,22680,5172520
FINNIFTY02JAN2421350PE.NFO,02/01/2024,09:29:15,10.2,10.2,8640,10.25,8240,38560,5172520
FINNIFTY02JAN2421350PE.NFO,02/01/2024,09:29:16,10.15,10.1,19960,10.2,11880,24720,5172520
FINNIFTY02JAN2421350PE.NFO,02/01/2024,09:29:17,10.2,10.2,8080,10.25,6040,19440,5172520
FINNIFTY02JAN2421350PE.NFO,02/01/2024,09:29:18,10.4,10.4,6320,10.45,17640,44840,5172520
FINNIFTY02JAN2421350PE.NFO,02/01/2024,09:29:19,10.45,10.4,12120,10.45,7440,35920,5172520
FINNIFTY02JAN2421350PE.NFO,02/01/2024,09:29:20,10.45,10.4,15600,10.5,22400,49800,5172520
FINNIFTY02JAN2421350PE.NFO,02/01/2024,09:29:21,10.45,10.45,11720,10.5,6280,38000,5172520
FINNIFTY02JAN2421350PE.NFO,02/01/2024,09:29:22,10.55,10.5,18000,10.55,40,58800,5172520
FINNIFTY02JAN2421350PE.NFO,02/01/2024,09:29:23,10.5,10.5,14840,10.55,4440,46960,5172520
FINNIFTY02JAN2421350PE.NFO,02/01/2024,09:29:24,10.45,10.45,6120,10.5,9560,30200,5172520
FINNIFTY02JAN2421350PE.NFO,02/01/2024,09:29:25,10.45,10.4,2800,10.45,16600,31440,5172520
FINNIFTY02JAN2421350PE.NFO,02/01/2024,09:29:26,10.6,10.55,14640,10.6,3800,67840,5172520
FINNIFTY02JAN2421350PE.NFO,02/01/2024,09:29:27,10.7,10.6,14080,10.7,21000,40680,5172520
FINNIFTY02JAN2421350PE.NFO,02/01/2024,09:29:28,10.65,10.6,6360,10.65,9560,40000,5172520
FINNIFTY02JAN2421350PE.NFO,02/01/2024,09:29:29,10.7,10.65,80,10.7,21320,29960,6255680
FINNIFTY02JAN2421350PE.NFO,02/01/2024,09:29:30,10.4,10.35,16200,10.45,16000,59600,6255680
FINNIFTY02JAN2421350PE.NFO,02/01/2024,09:29:31,10.35,10.35,3880,10.4,22000,32160,6255680
FINNIFTY02JAN2421350PE.NFO,02/01/2024,09:29:32,10.4,10.35,8200,10.4,9720,41920,6255680
FINNIFTY02JAN2421350PE.NFO,02/01/2024,09:29:33,10.4,10.4,720,10.45,14320,18720,6255680
FINNIFTY02JAN2421350PE.NFO,02/01/2024,09:29:34,10.4,10.4,11880,10.5,20040,80560,6255680
FINNIFTY02JAN2421350PE.NFO,02/01/2024,09:29:35,10.25,10.25,7720,10.3,8280,35960,6255680
FINNIFTY02JAN2421350PE.NFO,02/01/2024,09:29:36,10.2,10.1,13600,10.15,7680,34000,6255680
FINNIFTY02JAN2421350PE.NFO,02/01/2024,09:29:37,10.1,10.1,20920,10.2,17320,17520,6255680
FINNIFTY02JAN2421350PE.NFO,02/01/2024,09:29:38,10.05,10.05,11720,10.1,6040,44520,6255680
FINNIFTY02JAN2421350PE.NFO,02/01/2024,09:29:39,10.05,10.05,17760,10.15,15360,22280,6255680
FINNIFTY02JAN2421350PE.NFO,02/01/2024,09:29:40,10.1,10.05,11480,10.1,7720,440,6255680
FINNIFTY02JAN2421350PE.NFO,02/01/2024,09:29:41,10.05,10.05,13000,10.1,7840,25040,6255680
FINNIFTY02JAN2421350PE.NFO,02/01/2024,09:29:42,10,10,15160,10.05,8480,32280,6255680
FINNIFTY02JAN2421350PE.NFO,02/01/2024,09:29:43,10.2,10.15,40,10.2,15320,60160,6255680
FINNIFTY02JAN2421350PE.NFO,02/01/2024,09:29:44,10.1,10.05,19880,10.15,12440,47720,6255680
FINNIFTY02JAN2421350PE.NFO,02/01/2024,09:29:45,10.2,10.15,16640,10.2,5640,22600,6255680
FINNIFTY02JAN2421350PE.NFO,02/01/2024,09:29:46,10.2,10.2,19600,10.3,15960,21480,6255680
FINNIFTY02JAN2421350PE.NFO,02/01/2024,09:29:47,10.2,10.2,16840,10.25,5000,28160,6255680
FINNIFTY02JAN2421350PE.NFO,02/01/2024,09:29:48,10.25,10.25,11800,10.3,9640,27440,6255680
FINNIFTY02JAN2421350PE.NFO,02/01/2024,09:29:49,10.2,10.15,2880,10.2,15640,25600,6255680
FINNIFTY02JAN2421350PE.NFO,02/01/2024,09:29:50,10.2,10.15,2760,10.2,16400,9280,6255680
FINNIFTY02JAN2421350PE.NFO,02/01/2024,09:29:51,10.05,10,80,10.05,13800,135680,6255680
FINNIFTY02JAN2421350PE.NFO,02/01/2024,09:29:52,9.9,9.9,17720,10,18600,55840,6255680
FINNIFTY02JAN2421350PE.NFO,02/01/2024,09:29:53,10,9.9,16040,10,17800,20800,6255680
FINNIFTY02JAN2421350PE.NFO,02/01/2024,09:29:54,10,10,11640,10.05,7520,80400,6255680
FINNIFTY02JAN2421350PE.NFO,02/01/2024,09:29:55,9.95,9.95,8480,10,8520,39080,6255680
FINNIFTY02JAN2421350PE.NFO,02/01/2024,09:29:56,9.9,9.9,10960,9.95,5760,19440,6255680
FINNIFTY02JAN2421350PE.NFO,02/01/2024,09:29:57,9.95,9.9,11400,9.95,7360,24880,6255680
FINNIFTY02JAN2421350PE.NFO,02/01/2024,09:29:58,10,10,4880,10.05,15840,39480,6255680
FINNIFTY02JAN2421350PE.NFO,02/01/2024,09:29:59,9.85,9.85,10600,9.9,10920,32120,6255680
FINNIFTY02JAN2421350PE.NFO,02/01/2024,09:30:00,9.7,9.7,4080,9.75,7960,106680,6255680
FINNIFTY02JAN2421350PE.NFO,02/01/2024,09:30:01,9.2,9.15,3280,9.2,9720,153040,6255680
FINNIFTY02JAN2421350PE.NFO,02/01/2024,09:30:02,9.55,9.5,2360,9.55,9560,109320,6255680
FINNIFTY02JAN2421350PE.NFO,02/01/2024,09:30:03,9.85,9.85,6640,9.9,6720,89760,6255680
FINNIFTY02JAN2421350PE.NFO,02/01/2024,09:30:04,9.9,9.9,5200,9.95,11600,89520,6255680
FINNIFTY02JAN2421350PE.NFO,02/01/2024,09:30:05,9.9,9.85,7440,9.9,18400,49000,6255680
FINNIFTY02JAN2421350PE.NFO,02/01/2024,09:30:06,10.05,10.05,12280,10.1,3840,58440,6255680
FINNIFTY02JAN2421350PE.NFO,02/01/2024,09:30:07,9.95,9.95,3880,10,9640,23320,6255680
FINNIFTY02JAN2421350PE.NFO,02/01/2024,09:30:08,9.95,9.95,4920,10,8040,94080,6255680
FINNIFTY02JAN2421350PE.NFO,02/01/2024,09:30:09,9.8,9.75,12040,9.8,2520,59840,6255680
FINNIFTY02JAN2421350PE.NFO,02/01/2024,09:30:10,9.8,9.8,2600,9.85,12720,33160,6255680
FINNIFTY02JAN2421350PE.NFO,02/01/2024,09:30:11,9.8,9.75,9160,9.8,5520,65120,6255680
FINNIFTY02JAN2421350PE.NFO,02/01/2024,09:30:12,9.65,9.7,7200,9.75,8440,23720,6255680
FINNIFTY02JAN2421350PE.NFO,02/01/2024,09:30:13,9.65,9.65,13480,9.7,2840,5440,6255680
FINNIFTY02JAN2421350PE.NFO,02/01/2024,09:30:14,9.4,9.35,7120,9.4,9640,47040,6255680
FINNIFTY02JAN2421350PE.NFO,02/01/2024,09:30:15,9.3,9.3,19680,9.4,9240,33280,6255680
FINNIFTY02JAN2421350PE.NFO,02/01/2024,09:30:16,9.45,9.45,11400,9.5,7000,29040,6255680
FINNIFTY02JAN2421350PE.NFO,02/01/2024,09:30:17,9.4,9.4,7600,9.45,9680,27640,6255680
FINNIFTY02JAN2421350PE.NFO,02/01/2024,09:30:18,9.35,9.3,8360,9.35,7000,14800,6255680
FINNIFTY02JAN2421350PE.NFO,02/01/2024,09:30:19,9.05,9.05,13880,9.15,14480,51240,6255680
FINNIFTY02JAN2421350PE.NFO,02/01/2024,09:30:20,9.15,9.1,14920,9.15,480,192520,6255680
FINNIFTY02JAN2421350PE.NFO,02/01/2024,09:30:21,9.3,9.25,8160,9.3,10880,66280,6255680
FINNIFTY02JAN2421350PE.NFO,02/01/2024,09:30:22,9.4,9.35,7280,9.4,9440,38000,6255680
FINNIFTY02JAN2421350PE.NFO,02/01/2024,09:30:23,9.4,9.4,6760,9.45,12760,46400,6255680
FINNIFTY02JAN2421350PE.NFO,02/01/2024,09:30:24,9.5,9.45,6400,9.5,13360,29640,6255680
FINNIFTY02JAN2421350PE.NFO,02/01/2024,09:30:25,9.6,9.55,7280,9.6,12880,61520,6255680
FINNIFTY02JAN2421350PE.NFO,02/01/2024,09:30:26,9.6,9.55,10760,9.6,4040,6200,6255680
FINNIFTY02JAN2421350PE.NFO,02/01/2024,09:30:27,9.6,9.6,4000,9.65,20960,44680,6255680
FINNIFTY02JAN2421350PE.NFO,02/01/2024,09:30:28,9.6,9.6,8160,9.65,8080,47840,6255680
FINNIFTY02JAN2421350PE.NFO,02/01/2024,09:30:29,9.6,9.55,16080,9.65,15520,22040,6255680
FINNIFTY02JAN2421350PE.NFO,02/01/2024,09:30:30,9.55,9.55,13360,9.65,20120,43120,6255680
FINNIFTY02JAN2421350PE.NFO,02/01/2024,09:30:31,9.75,9.75,15400,9.8,5760,49160,6255680
FINNIFTY02JAN2421350PE.NFO,02/01/2024,09:30:32,9.75,9.7,19000,9.8,13800,2520,6255680
FINNIFTY02JAN2421350PE.NFO,02/01/2024,09:30:33,9.75,9.75,6000,9.8,13640,31520,6255680
FINNIFTY02JAN2421350PE.NFO,02/01/2024,09:30:34,9.7,9.7,6720,9.75,7200,15480,6255680
FINNIFTY02JAN2421350PE.NFO,02/01/2024,09:30:35,9.65,9.65,8160,9.7,10720,29680,6255680
FINNIFTY02JAN2421350PE.NFO,02/01/2024,09:30:36,9.7,9.65,11600,9.7,4760,16640,6255680
FINNIFTY02JAN2421350PE.NFO,02/01/2024,09:30:37,9.6,9.6,7440,9.65,11200,4120,6255680
FINNIFTY02JAN2421350PE.NFO,02/01/2024,09:30:38,9.8,9.75,8240,9.8,8320,23760,6255680
FINNIFTY02JAN2421350PE.NFO,02/01/2024,09:30:39,9.6,9.6,12360,9.65,7880,45320,6255680
FINNIFTY02JAN2421350PE.NFO,02/01/2024,09:30:40,9.5,9.5,10200,9.55,13400,21000,6255680
FINNIFTY02JAN2421350PE.NFO,02/01/2024,09:30:41,9.4,9.4,1400,9.45,12800,80520,6255680
FINNIFTY02JAN2421350PE.NFO,02/01/2024,09:30:42,9.4,9.35,11520,9.4,5480,25040,6255680
FINNIFTY02JAN2421350PE.NFO,02/01/2024,09:30:43,9.65,9.6,1200,9.65,17360,42440,6255680
FINNIFTY02JAN2421350PE.NFO,02/01/2024,09:30:44,9.6,9.6,7880,9.65,8520,42840,6255680
FINNIFTY02JAN2421350PE.NFO,02/01/2024,09:30:45,9.5,9.5,20040,9.55,960,18760,6255680
FINNIFTY02JAN2421350PE.NFO,02/01/2024,09:30:46,9.6,9.55,2720,9.6,18000,17920,6255680
FINNIFTY02JAN2421350PE.NFO,02/01/2024,09:30:47,9.55,9.55,5200,9.6,18120,32840,6255680
FINNIFTY02JAN2421350PE.NFO,02/01/2024,09:30:48,9.65,9.6,2240,9.65,15120,37440,6255680
FINNIFTY02JAN2421350PE.NFO,02/01/2024,09:30:49,9.65,9.6,2000,9.65,15600,18560,6255680
FINNIFTY02JAN2421350PE.NFO,02/01/2024,09:30:50,9.6,9.55,18080,9.65,15000,18360,6255680
FINNIFTY02JAN2421350PE.NFO,02/01/2024,09:30:51,9.55,9.55,9920,9.6,11360,34160,6255680
FINNIFTY02JAN2421350PE.NFO,02/01/2024,09:30:53,9.45,9.4,720,9.45,14000,111160,6255680
FINNIFTY02JAN2421350PE.NFO,02/01/2024,09:30:53,9.35,9.4,1440,9.45,14960,3480,6255680
FINNIFTY02JAN2421350PE.NFO,02/01/2024,09:30:54,9.45,9.45,12320,9.5,5320,39760,6255680
FINNIFTY02JAN2421350PE.NFO,02/01/2024,09:30:55,9.6,9.55,3240,9.6,14360,35440,6255680
FINNIFTY02JAN2421350PE.NFO,02/01/2024,09:30:56,9.65,9.6,18840,9.65,200,48440,6255680
FINNIFTY02JAN2421350PE.NFO,02/01/2024,09:30:58,9.65,9.65,5200,9.7,12320,46800,6255680
FINNIFTY02JAN2421350PE.NFO,02/01/2024,09:30:58,9.7,9.65,2720,9.7,14400,3560,6255680
FINNIFTY02JAN2421350PE.NFO,02/01/2024,09:30:59,9.65,9.65,6800,9.7,7880,30720,6255680
FINNIFTY02JAN2421350PE.NFO,02/01/2024,09:31:00,9.65,9.6,2160,9.65,13360,65560,6255680
FINNIFTY02JAN2421350PE.NFO,02/01/2024,09:31:01,9.55,9.5,4240,9.55,13280,67200,6255680
FINNIFTY02JAN2421350PE.NFO,02/01/2024,09:31:03,9.65,9.6,14760,9.7,17800,31840,6255680
FINNIFTY02JAN2421350PE.NFO,02/01/2024,09:31:03,9.65,9.6,14560,9.65,760,8040,6255680
FINNIFTY02JAN2421350PE.NFO,02/01/2024,09:31:04,9.6,9.6,6640,9.65,8160,49880,6255680
FINNIFTY02JAN2421350PE.NFO,02/01/2024,09:31:05,9.7,9.65,1880,9.7,24880,19080,6255680
FINNIFTY02JAN2421350PE.NFO,02/01/2024,09:31:06,9.75,9.7,3240,9.75,13160,24120,6255680
FINNIFTY02JAN2421350PE.NFO,02/01/2024,09:31:07,9.75,9.7,6560,9.75,16280,33480,6255680
FINNIFTY02JAN2421350PE.NFO,02/01/2024,09:31:08,9.7,9.65,12960,9.7,3760,13120,6255680
FINNIFTY02JAN2421350PE.NFO,02/01/2024,09:31:10,9.7,9.65,16080,9.7,7480,14800,6255680
FINNIFTY02JAN2421350PE.NFO,02/01/2024,09:31:10,9.75,9.7,15960,9.75,3160,9080,6255680
FINNIFTY02JAN2421350PE.NFO,02/01/2024,09:31:11,9.7,9.65,10280,9.7,14880,21720,6255680
FINNIFTY02JAN2421350PE.NFO,02/01/2024,09:31:12,9.8,9.75,5520,9.8,13520,57120,6255680
FINNIFTY02JAN2421350PE.NFO,02/01/2024,09:31:13,9.85,9.85,2560,9.9,17080,47120,6255680
FINNIFTY02JAN2421350PE.NFO,02/01/2024,09:31:15,10.05,10,14120,10.1,8520,103960,6255680
FINNIFTY02JAN2421350PE.NFO,02/01/2024,09:31:15,10.1,10.05,8360,10.1,4400,3120,6255680
FINNIFTY02JAN2421350PE.NFO,02/01/2024,09:31:16,10.1,10.1,10200,10.15,8120,41160,6255680
FINNIFTY02JAN2421350PE.NFO,02/01/2024,09:31:17,9.95,9.9,6280,9.95,10800,47160,6255680
FINNIFTY02JAN2421350PE.NFO,02/01/2024,09:31:18,10.05,10,1920,10.05,17040,60240,6255680
FINNIFTY02JAN2421350PE.NFO,02/01/2024,09:31:19,10,9.95,14200,10,240,43480,6255680
FINNIFTY02JAN2421350PE.NFO,02/01/2024,09:31:21,10.05,10,6040,10.05,5000,49600,6255680
FINNIFTY02JAN2421350PE.NFO,02/01/2024,09:31:21,10,10,14840,10.05,2160,3480,6255680
FINNIFTY02JAN2421350PE.NFO,02/01/2024,09:31:22,9.95,9.9,7520,9.95,9760,20080,6255680
FINNIFTY02JAN2421350PE.NFO,02/01/2024,09:31:23,9.85,9.8,6840,9.85,15400,54160,6255680
FINNIFTY02JAN2421350PE.NFO,02/01/2024,09:31:24,9.85,9.8,20200,9.85,7560,30200,6255680
FINNIFTY02JAN2421350PE.NFO,02/01/2024,09:31:25,9.55,9.55,14280,9.6,8000,91160,6255680
FINNIFTY02JAN2421350PE.NFO,02/01/2024,09:31:27,9.6,9.6,4600,9.65,17240,31200,6255680
FINNIFTY02JAN2421350PE.NFO,02/01/2024,09:31:27,9.6,9.55,14120,9.6,5040,2680,6255680
FINNIFTY02JAN2421350PE.NFO,02/01/2024,09:31:28,9.55,9.5,5640,9.55,13000,27160,6255680
FINNIFTY02JAN2421350PE.NFO,02/01/2024,09:31:29,9.65,9.6,15200,9.65,480,23120,6255680
FINNIFTY02JAN2421350PE.NFO,02/01/2024,09:31:30,9.7,9.65,9160,9.7,7520,25520,6255680
FINNIFTY02JAN2421350PE.NFO,02/01/2024,09:31:31,9.7,9.65,15320,9.7,1360,25000,6255680
FINNIFTY02JAN2421350PE.NFO,02/01/2024,09:31:33,9.7,9.7,4240,9.75,13640,52680,6255680
FINNIFTY02JAN2421350PE.NFO,02/01/2024,09:31:34,9.85,9.8,12240,9.85,840,19400,6255680
FINNIFTY02JAN2421350PE.NFO,02/01/2024,09:31:35,9.95,9.95,19800,10,5760,44880,6255680
FINNIFTY02JAN2421350PE.NFO,02/01/2024,09:31:36,9.9,9.85,18800,9.9,1520,32080,6255680
FINNIFTY02JAN2421350PE.NFO,02/01/2024,09:31:37,9.95,9.9,16960,9.95,480,16480,6255680
FINNIFTY02JAN2421350PE.NFO,02/01/2024,09:31:38,9.95,10,7880,10.05,12440,13440,6255680
FINNIFTY02JAN2421350PE.NFO,02/01/2024,09:31:39,10.05,10.05,3880,10.1,13120,34080,6255680
FINNIFTY02JAN2421350PE.NFO,02/01/2024,09:31:39,10.05,10,14960,10.1,10920,14880,6255680
FINNIFTY02JAN2421350PE.NFO,02/01/2024,09:31:40,10.1,10.05,6520,10.1,10600,34080,6255680
FINNIFTY02JAN2421350PE.NFO,02/01/2024,09:31:41,10.15,10.1,7800,10.15,13080,25280,6255680
FINNIFTY02JAN2421350PE.NFO,02/01/2024,09:31:42,10.05,10.05,2640,10.1,7720,31720,6255680
FINNIFTY02JAN2421350PE.NFO,02/01/2024,09:31:43,10.1,10.05,10400,10.1,8120,22360,6255680
FINNIFTY02JAN2421350PE.NFO,02/01/2024,09:31:45,9.95,9.9,16800,10,16360,35840,6255680
FINNIFTY02JAN2421350PE.NFO,02/01/2024,09:31:46,9.75,9.75,14200,9.85,15640,20680,6255680
FINNIFTY02JAN2421350PE.NFO,02/01/2024,09:31:46,9.85,9.8,6040,9.85,13320,6600,6255680
FINNIFTY02JAN2421350PE.NFO,02/01/2024,09:31:47,9.95,9.9,80,9.95,19200,21560,6255680
FINNIFTY02JAN2421350PE.NFO,02/01/2024,09:31:48,9.8,9.75,16920,9.85,13720,40920,6255680
FINNIFTY02JAN2421350PE.NFO,02/01/2024,09:31:49,9.8,9.75,16200,9.8,4880,18440,6255680
FINNIFTY02JAN2421350PE.NFO,02/01/2024,09:31:51,9.9,9.85,15160,9.9,560,26640,6255680
FINNIFTY02JAN2421350PE.NFO,02/01/2024,09:31:51,9.9,9.9,6880,9.95,15440,680,6255680
FINNIFTY02JAN2421350PE.NFO,02/01/2024,09:31:52,9.9,9.9,5800,9.95,13800,29080,6255680
FINNIFTY02JAN2421350PE.NFO,02/01/2024,09:31:53,9.9,9.9,13560,9.95,2000,16760,6255680
FINNIFTY02JAN2421350PE.NFO,02/01/2024,09:31:54,10.05,10.05,8400,10.1,5920,100240,6255680
FINNIFTY02JAN2421350PE.NFO,02/01/2024,09:31:55,10.1,10.05,1240,10.1,14560,57160,6255680
FINNIFTY02JAN2421350PE.NFO,02/01/2024,09:31:57,10.15,10.05,10320,10.15,12280,21640,6255680
FINNIFTY02JAN2421350PE.NFO,02/01/2024,09:31:57,10.05,10,11920,10.05,1240,5280,6255680
FINNIFTY02JAN2421350PE.NFO,02/01/2024,09:31:58,9.95,9.9,4520,9.95,13440,62280,6255680
FINNIFTY02JAN2421350PE.NFO,02/01/2024,09:31:59,9.9,9.9,9240,9.95,13760,20600,6255680
FINNIFTY02JAN2421350PE.NFO,02/01/2024,09:32:00,9.8,9.8,11640,9.9,14800,45600,6255680
FINNIFTY02JAN2421350PE.NFO,02/01/2024,09:32:02,9.8,9.8,10560,9.85,1040,54800,6255680
FINNIFTY02JAN2421350PE.NFO,02/01/2024,09:32:02,9.9,9.85,8280,9.9,6760,5440,6255680
FINNIFTY02JAN2421350PE.NFO,02/01/2024,09:32:03,9.9,9.85,9280,9.9,7760,36720,6255680
FINNIFTY02JAN2421350PE.NFO,02/01/2024,09:32:04,10.1,10.05,10520,10.1,3440,30120,6255680
FINNIFTY02JAN2421350PE.NFO,02/01/2024,09:32:05,10,9.95,12040,10.05,20840,42640,6255680
FINNIFTY02JAN2421350PE.NFO,02/01/2024,09:32:06,10.1,10.05,6200,10.1,8920,20280,6255680
FINNIFTY02JAN2421350PE.NFO,02/01/2024,09:32:08,10.1,10.1,6120,10.15,9120,30480,6255680
FINNIFTY02JAN2421350PE.NFO,02/01/2024,09:32:08,10.05,10.05,15280,10.1,3680,8720,6255680
FINNIFTY02JAN2421350PE.NFO,02/01/2024,09:32:09,10.1,10.1,9400,10.15,2080,30600,6255680
FINNIFTY02JAN2421350PE.NFO,02/01/2024,09:32:10,10.1,10.1,2440,10.15,13960,34360,6255680
FINNIFTY02JAN2421350PE.NFO,02/01/2024,09:32:11,10.05,10,5760,10.05,5480,42440,6255680
FINNIFTY02JAN2421350PE.NFO,02/01/2024,09:32:13,9.8,9.75,11800,9.8,9920,38200,6255680
FINNIFTY02JAN2421350PE.NFO,02/01/2024,09:32:13,9.85,9.8,5640,9.85,14120,7320,6255680
FINNIFTY02JAN2421350PE.NFO,02/01/2024,09:32:14,9.95,9.95,8640,10,6000,34480,6255680
FINNIFTY02JAN2421350PE.NFO,02/01/2024,09:32:15,10.15,10.05,18400,10.1,1800,16480,6255680
FINNIFTY02JAN2421350PE.NFO,02/01/2024,09:32:16,10.15,10.1,3840,10.15,15840,37320,6255680
FINNIFTY02JAN2421350PE.NFO,02/01/2024,09:32:18,10.3,10.25,17280,10.35,13000,34720,6255680
FINNIFTY02JAN2421350PE.NFO,02/01/2024,09:32:18,10.2,10.2,18720,10.3,9880,2160,6255680
FINNIFTY02JAN2421350PE.NFO,02/01/2024,09:32:19,10.5,10.5,2480,10.55,11240,112720,6255680
FINNIFTY02JAN2421350PE.NFO,02/01/2024,09:32:20,10.5,10.4,12640,10.5,18080,55440,6255680
FINNIFTY02JAN2421350PE.NFO,02/01/2024,09:32:21,10.3,10.3,14640,10.4,16200,45240,6255680
FINNIFTY02JAN2421350PE.NFO,02/01/2024,09:32:22,10.35,10.35,80,10.4,17760,47160,6255680
FINNIFTY02JAN2421350PE.NFO,02/01/2024,09:32:23,10.55,10.55,16000,10.6,3960,40360,6255680
FINNIFTY02JAN2421350PE.NFO,02/01/2024,09:32:24,10.55,10.5,6520,10.55,9760,32600,6255680
FINNIFTY02JAN2421350PE.NFO,02/01/2024,09:32:25,10.65,10.6,14320,10.65,2720,37800,6255680
FINNIFTY02JAN2421350PE.NFO,02/01/2024,09:32:27,10.45,10.4,7880,10.45,6160,62360,6255680
FINNIFTY02JAN2421350PE.NFO,02/01/2024,09:32:27,10.4,10.35,3680,10.4,11440,8080,6255680
FINNIFTY02JAN2421350PE.NFO,02/01/2024,09:32:28,10.3,10.25,17360,10.3,480,37440,6255680
FINNIFTY02JAN2421350PE.NFO,02/01/2024,09:32:29,10.2,10.15,5240,10.2,15880,42880,6255680
FINNIFTY02JAN2421350PE.NFO,02/01/2024,09:32:30,10.25,10.2,1800,10.25,13040,19000,6811760
FINNIFTY02JAN2421350PE.NFO,02/01/2024,09:32:31,10.15,10.15,5200,10.2,16640,34080,6811760
FINNIFTY02JAN2421350PE.NFO,02/01/2024,09:32:32,10.25,10.2,10360,10.25,7960,26720,6811760
FINNIFTY02JAN2421350PE.NFO,02/01/2024,09:32:33,10.25,10.2,3440,10.25,10480,13840,6811760
FINNIFTY02JAN2421350PE.NFO,02/01/2024,09:32:35,10.3,10.3,15920,10.35,8080,18320,6811760
FINNIFTY02JAN2421350PE.NFO,02/01/2024,09:32:36,10.35,10.3,14320,10.4,20920,19960,6811760
FINNIFTY02JAN2421350PE.NFO,02/01/2024,09:32:37,10.55,10.55,1160,10.6,13360,79120,6811760
FINNIFTY02JAN2421350PE.NFO,02/01/2024,09:32:38,10.65,10.6,8560,10.65,6080,37680,6811760
FINNIFTY02JAN2421350PE.NFO,02/01/2024,09:32:39,10.65,10.6,19240,10.65,2560,22760,6811760
FINNIFTY02JAN2421350PE.NFO,02/01/2024,09:32:40,10.65,10.6,6560,10.65,11280,76120,6811760
FINNIFTY02JAN2421350PE.NFO,02/01/2024,09:32:41,10.5,10.45,840,10.5,17920,48240,6811760
FINNIFTY02JAN2421350PE.NFO,02/01/2024,09:32:42,10.55,10.45,16880,10.55,12720,27080,6811760
FINNIFTY02JAN2421350PE.NFO,02/01/2024,09:32:43,10.6,10.5,11960,10.6,19520,31800,6811760
FINNIFTY02JAN2421350PE.NFO,02/01/2024,09:32:44,10.45,10.35,14360,10.45,11640,65080,6811760
FINNIFTY02JAN2421350PE.NFO,02/01/2024,09:32:45,10.45,10.4,11800,10.45,1720,29600,6811760
FINNIFTY02JAN2421350PE.NFO,02/01/2024,09:32:46,10.5,10.5,5000,10.55,7960,40600,6811760
FINNIFTY02JAN2421350PE.NFO,02/01/2024,09:32:47,10.35,10.35,2560,10.4,11720,50800,6811760
FINNIFTY02JAN2421350PE.NFO,02/01/2024,09:32:48,10.35,10.35,2000,10.4,14640,34160,6811760
FINNIFTY02JAN2421350PE.NFO,02/01/2024,09:32:49,10.25,10.2,5680,10.25,8600,28760,6811760
FINNIFTY02JAN2421350PE.NFO,02/01/2024,09:32:50,10.25,10.2,2240,10.25,8440,19840,6811760
FINNIFTY02JAN2421350PE.NFO,02/01/2024,09:32:51,10.4,10.3,19400,10.4,15680,55480,6811760
FINNIFTY02JAN2421350PE.NFO,02/01/2024,09:32:52,10.35,10.3,13840,10.35,5640,44920,6811760
FINNIFTY02JAN2421350PE.NFO,02/01/2024,09:32:52,10.35,10.3,11440,10.35,3680,4720,6811760
FINNIFTY02JAN2421350PE.NFO,02/01/2024,09:32:53,10.55,10.55,4000,10.6,13320,74560,6811760
FINNIFTY02JAN2421350PE.NFO,02/01/2024,09:32:54,10.3,10.3,13800,10.35,5760,22960,6811760
FINNIFTY02JAN2421350PE.NFO,02/01/2024,09:32:55,10.45,10.4,13280,10.45,1320,26760,6811760
FINNIFTY02JAN2421350PE.NFO,02/01/2024,09:32:56,10.45,10.4,2160,10.45,16160,30680,6811760
FINNIFTY02JAN2421350PE.NFO,02/01/2024,09:32:57,10.5,10.4,19120,10.5,20360,15880,6811760
FINNIFTY02JAN2421350PE.NFO,02/01/2024,09:32:58,10.45,10.4,1400,10.45,15280,25320,6811760
FINNIFTY02JAN2421350PE.NFO,02/01/2024,09:32:59,10.3,10.25,9440,10.3,7640,21080,6811760
FINNIFTY02JAN2421350PE.NFO,02/01/2024,09:33:00,10.2,10.2,3800,10.25,17120,53720,6811760
FINNIFTY02JAN2421350PE.NFO,02/01/2024,09:33:01,10.15,10.1,12560,10.15,600,58040,6811760
FINNIFTY02JAN2421350PE.NFO,02/01/2024,09:33:02,10.15,10.15,520,10.2,12600,27440,6811760
FINNIFTY02JAN2421350PE.NFO,02/01/2024,09:33:03,10.2,10.1,12640,10.2,21800,14400,6811760
FINNIFTY02JAN2421350PE.NFO,02/01/2024,09:33:04,10.1,10.05,14120,10.15,19520,17160,6811760
FINNIFTY02JAN2421350PE.NFO,02/01/2024,09:33:05,10.1,10.05,15600,10.1,1600,14240,6811760
FINNIFTY02JAN2421350PE.NFO,02/01/2024,09:33:06,10.1,10.05,1320,10.1,20280,36080,6811760
FINNIFTY02JAN2421350PE.NFO,02/01/2024,09:33:08,10.25,10.2,3640,10.25,11240,54240,6811760
FINNIFTY02JAN2421350PE.NFO,02/01/2024,09:33:09,10.05,10,53960,10.05,3760,35160,6811760
FINNIFTY02JAN2421350PE.NFO,02/01/2024,09:33:09,10.1,10.05,10360,10.1,6760,3760,6811760
FINNIFTY02JAN2421350PE.NFO,02/01/2024,09:33:10,10.15,10.05,15520,10.15,21760,19920,6811760
FINNIFTY02JAN2421350PE.NFO,02/01/2024,09:33:11,10.25,10.2,19320,10.25,1320,41920,6811760
FINNIFTY02JAN2421350PE.NFO,02/01/2024,09:33:13,10.3,10.25,13760,10.3,13440,11400,6811760
FINNIFTY02JAN2421350PE.NFO,02/01/2024,09:33:14,10.3,10.3,18640,10.35,9600,14720,6811760
FINNIFTY02JAN2421350PE.NFO,02/01/2024,09:33:14,10.35,10.3,15400,10.35,8160,9400,6811760
FINNIFTY02JAN2421350PE.NFO,02/01/2024,09:33:15,10.45,10.45,8840,10.5,17880,40320,6811760
FINNIFTY02JAN2421350PE.NFO,02/01/2024,09:33:16,10.65,10.6,4880,10.65,10160,72200,6811760
FINNIFTY02JAN2421350PE.NFO,02/01/2024,09:33:18,10.5,10.45,12320,10.5,1840,21840,6811760
FINNIFTY02JAN2421350PE.NFO,02/01/2024,09:33:19,10.35,10.3,10200,10.35,10000,40000,6811760
FINNIFTY02JAN2421350PE.NFO,02/01/2024,09:33:19,10.35,10.3,21640,10.4,8440,5360,6811760
FINNIFTY02JAN2421350PE.NFO,02/01/2024,09:33:20,10.55,10.5,2000,10.55,9320,72880,6811760
FINNIFTY02JAN2421350PE.NFO,02/01/2024,09:33:21,10.45,10.45,17880,10.5,960,28680,6811760
FINNIFTY02JAN2421350PE.NFO,02/01/2024,09:33:22,10.65,10.55,13520,10.65,16440,13160,6811760
FINNIFTY02JAN2421350PE.NFO,02/01/2024,09:33:24,10.55,10.55,4760,10.6,11520,26400,6811760
FINNIFTY02JAN2421350PE.NFO,02/01/2024,09:33:25,10.55,10.55,10280,10.6,2600,16880,6811760
FINNIFTY02JAN2421350PE.NFO,02/01/2024,09:33:25,10.65,10.65,6760,10.7,11560,5800,6811760
FINNIFTY02JAN2421350PE.NFO,02/01/2024,09:33:26,10.75,10.75,5000,10.8,15960,95480,6811760
FINNIFTY02JAN2421350PE.NFO,02/01/2024,09:33:27,10.75,10.65,19400,10.75,18080,39200,6811760
FINNIFTY02JAN2421350PE.NFO,02/01/2024,09:33:29,10.75,10.7,10040,10.75,4240,25240,6811760
FINNIFTY02JAN2421350PE.NFO,02/01/2024,09:33:30,10.65,10.6,8640,10.65,16480,14560,6811760
FINNIFTY02JAN2421350PE.NFO,02/01/2024,09:33:30,10.6,10.6,2800,10.65,16000,1040,6811760
FINNIFTY02JAN2421350PE.NFO,02/01/2024,09:33:31,10.6,10.5,18120,10.6,19680,16000,6811760
FINNIFTY02JAN2421350PE.NFO,02/01/2024,09:33:32,10.4,10.35,640,10.4,16120,44440,6811760
FINNIFTY02JAN2421350PE.NFO,02/01/2024,09:33:34,10.35,10.3,17320,10.4,18680,32240,6811760
FINNIFTY02JAN2421350PE.NFO,02/01/2024,09:33:35,10.4,10.35,14320,10.4,960,16560,6811760
FINNIFTY02JAN2421350PE.NFO,02/01/2024,09:33:35,10.4,10.35,15000,10.4,1200,2920,6811760
FINNIFTY02JAN2421350PE.NFO,02/01/2024,09:33:36,10.5,10.45,11760,10.5,8320,19720,6811760
FINNIFTY02JAN2421350PE.NFO,02/01/2024,09:33:37,10.4,10.35,1320,10.4,25000,51880,6811760
FINNIFTY02JAN2421350PE.NFO,02/01/2024,09:33:39,10.4,10.4,3080,10.45,12240,36320,6811760
FINNIFTY02JAN2421350PE.NFO,02/01/2024,09:33:40,10.55,10.5,20840,10.55,3640,22640,6811760
FINNIFTY02JAN2421350PE.NFO,02/01/2024,09:33:40,10.55,10.5,23000,10.55,21520,4960,6811760
FINNIFTY02JAN2421350PE.NFO,02/01/2024,09:33:41,10.6,10.6,4360,10.65,19960,18040,6811760
FINNIFTY02JAN2421350PE.NFO,02/01/2024,09:33:42,10.45,10.4,12240,10.45,1480,36160,6811760
FINNIFTY02JAN2421350PE.NFO,02/01/2024,09:33:44,10.2,10.15,18520,10.25,19600,57040,6811760
FINNIFTY02JAN2421350PE.NFO,02/01/2024,09:33:45,10.25,10.15,12920,10.25,17600,17360,6811760
FINNIFTY02JAN2421350PE.NFO,02/01/2024,09:33:45,10.25,10.15,16480,10.25,13720,7840,6811760
FINNIFTY02JAN2421350PE.NFO,02/01/2024,09:33:46,10.25,10.25,19360,10.3,2960,23040,6811760
FINNIFTY02JAN2421350PE.NFO,02/01/2024,09:33:47,10.25,10.25,15440,10.3,5200,20360,6811760
FINNIFTY02JAN2421350PE.NFO,02/01/2024,09:33:48,10.25,10.25,13040,10.3,360,15920,6811760
FINNIFTY02JAN2421350PE.NFO,02/01/2024,09:33:49,10.25,10.15,18080,10.25,20000,21480,6811760
FINNIFTY02JAN2421350PE.NFO,02/01/2024,09:33:50,10.1,10,65200,10.1,14640,52800,6811760
FINNIFTY02JAN2421350PE.NFO,02/01/2024,09:33:51,10.1,10.05,7800,10.1,16040,16120,6811760
FINNIFTY02JAN2421350PE.NFO,02/01/2024,09:33:52,9.85,9.8,15720,9.9,15480,90160,6811760
FINNIFTY02JAN2421350PE.NFO,02/01/2024,09:33:53,9.85,9.8,2440,9.85,13720,53440,6811760
FINNIFTY02JAN2421350PE.NFO,02/01/2024,09:33:54,9.9,9.85,19120,9.9,2040,23720,6811760
FINNIFTY02JAN2421350PE.NFO,02/01/2024,09:33:55,9.85,9.85,9440,9.9,5160,34960,6811760
FINNIFTY02JAN2421350PE.NFO,02/01/2024,09:33:56,9.85,9.85,6720,9.9,8240,28080,6811760
FINNIFTY02JAN2421350PE.NFO,02/01/2024,09:33:57,9.95,9.9,17320,9.95,200,26480,6811760
FINNIFTY02JAN2421350PE.NFO,02/01/2024,09:33:58,9.95,9.9,11040,9.95,3440,27160,6811760
FINNIFTY02JAN2421350PE.NFO,02/01/2024,09:33:59,10.05,10.05,11040,10.1,12120,37560,6811760
FINNIFTY02JAN2421350PE.NFO,02/01/2024,09:34:01,9.95,9.9,17960,10,11520,52280,6811760
FINNIFTY02JAN2421350PE.NFO,02/01/2024,09:34:02,10.25,10.15,17760,10.2,1200,67040,6811760
FINNIFTY02JAN2421350PE.NFO,02/01/2024,09:34:02,10.15,10.15,16240,10.2,4640,7440,6811760
FINNIFTY02JAN2421350PE.NFO,02/01/2024,09:34:03,10.25,10.2,17680,10.25,3960,56640,6811760
FINNIFTY02JAN2421350PE.NFO,02/01/2024,09:34:04,10.1,10.1,15520,10.15,240,34000,6811760
FINNIFTY02JAN2421350PE.NFO,02/01/2024,09:34:06,10.15,10.15,10080,10.2,10800,18600,6811760
FINNIFTY02JAN2421350PE.NFO,02/01/2024,09:34:06,10.15,10.1,440,10.15,15440,21240,6811760
FINNIFTY02JAN2421350PE.NFO,02/01/2024,09:34:08,10.2,10.15,8040,10.2,8800,11840,6811760
