Ticker,Date,Time,LTP,BuyPrice,BuyQty,SellPrice,SellQty,LTQ,OpenInterest
FINNIFTY02JAN2421100CE.NFO,02/01/2024,09:15:11,306.75,307.1,160,309.35,120,40,15400
FINNIFTY02JAN2421100CE.NFO,02/01/2024,09:15:11,306.75,307.1,160,309.35,120,0,15400
FINNIFTY02JAN2421100CE.NFO,02/01/2024,09:15:11,306.75,307.1,160,309.35,120,0,15400
FINNIFTY02JAN2421100CE.NFO,02/01/2024,09:15:11,306.75,307.1,160,309.35,120,0,15400
FINNIFTY02JAN2421100CE.NFO,02/01/2024,09:15:13,306.2,307.8,80,309.55,40,240,15400
FINNIFTY02JAN2421100CE.NFO,02/01/2024,09:15:13,305.85,307.8,80,309.55,40,0,15400
FINNIFTY02JAN2421100CE.NFO,02/01/2024,09:15:14,307,305.9,80,308.4,40,40,15400
FINNIFTY02JAN2421100CE.NFO,02/01/2024,09:15:14,307,305.9,80,308.4,40,0,15400
FINNIFTY02JAN2421100CE.NFO,02/01/2024,09:15:16,307,304.3,80,306.7,200,0,15400
FINNIFTY02JAN2421100CE.NFO,02/01/2024,09:15:18,307,307.05,80,308.6,40,0,15400
FINNIFTY02JAN2421100CE.NFO,02/01/2024,09:15:19,307,310.05,80,311.85,40,0,15400
FINNIFTY02JAN2421100CE.NFO,02/01/2024,09:15:21,307,309,80,310.8,40,0,15400
FINNIFTY02JAN2421100CE.NFO,02/01/2024,09:15:23,307,308,80,309.2,80,0,15400
FINNIFTY02JAN2421100CE.NFO,02/01/2024,09:15:24,307,306.35,80,307.95,40,0,15400
FINNIFTY02JAN2421100CE.NFO,02/01/2024,09:15:26,307,306.65,80,308.05,40,0,15400
FINNIFTY02JAN2421100CE.NFO,02/01/2024,09:15:27,307.6,307.55,80,308.6,40,40,15400
FINNIFTY02JAN2421100CE.NFO,02/01/2024,09:15:27,307.6,307.55,80,308.6,40,0,15400
FINNIFTY02JAN2421100CE.NFO,02/01/2024,09:15:29,308.3,308.95,120,310.1,40,40,15400
FINNIFTY02JAN2421100CE.NFO,02/01/2024,09:15:29,308.3,308.95,120,310.1,40,0,15400
FINNIFTY02JAN2421100CE.NFO,02/01/2024,09:15:31,311,309.05,80,310.5,80,80,15400
FINNIFTY02JAN2421100CE.NFO,02/01/2024,09:15:31,311,309.05,80,310.5,80,0,15400
FINNIFTY02JAN2421100CE.NFO,02/01/2024,09:15:32,311,309.75,80,310.65,40,0,15400
FINNIFTY02JAN2421100CE.NFO,02/01/2024,09:15:34,309.75,308.85,80,309.3,120,80,15400
FINNIFTY02JAN2421100CE.NFO,02/01/2024,09:15:36,309.1,307.95,40,309,360,160,15400
FINNIFTY02JAN2421100CE.NFO,02/01/2024,09:15:37,309.1,308.45,40,309.7,40,0,15400
FINNIFTY02JAN2421100CE.NFO,02/01/2024,09:15:39,309.1,310.4,120,311.15,40,0,15400
FINNIFTY02JAN2421100CE.NFO,02/01/2024,09:15:40,309.1,311.55,40,312.25,240,0,15400
FINNIFTY02JAN2421100CE.NFO,02/01/2024,09:15:42,312.3,310.95,40,312.1,240,40,15400
FINNIFTY02JAN2421100CE.NFO,02/01/2024,09:15:42,312.3,310.95,40,312.1,240,0,15400
FINNIFTY02JAN2421100CE.NFO,02/01/2024,09:15:44,312.3,312.8,40,313.7,160,0,15400
FINNIFTY02JAN2421100CE.NFO,02/01/2024,09:15:45,313.35,312.55,80,313.55,80,80,15400
FINNIFTY02JAN2421100CE.NFO,02/01/2024,09:15:45,313.35,312.55,80,313.55,80,0,15400
FINNIFTY02JAN2421100CE.NFO,02/01/2024,09:15:47,312.25,311.45,40,312.45,80,240,15400
FINNIFTY02JAN2421100CE.NFO,02/01/2024,09:15:49,311.65,309.65,40,310.75,40,80,15400
FINNIFTY02JAN2421100CE.NFO,02/01/2024,09:15:50,311.65,308.35,40,309.3,200,0,15400
FINNIFTY02JAN2421100CE.NFO,02/01/2024,09:15:52,311.65,309.9,40,310.75,80,0,15400
FINNIFTY02JAN2421100CE.NFO,02/01/2024,09:15:54,311.65,309.2,40,310.1,400,0,15400
FINNIFTY02JAN2421100CE.NFO,02/01/2024,09:15:55,311.65,308.45,40,309.35,80,0,15400
FINNIFTY02JAN2421100CE.NFO,02/01/2024,09:15:57,311.65,307.55,40,308.55,160,0,15400
FINNIFTY02JAN2421100CE.NFO,02/01/2024,09:15:58,308.45,307.75,40,308.75,200,40,15400
FINNIFTY02JAN2421100CE.NFO,02/01/2024,09:16:00,309.35,309.1,80,310.05,80,40,15400
FINNIFTY02JAN2421100CE.NFO,02/01/2024,09:16:02,309.35,308.85,80,310,80,0,15400
FINNIFTY02JAN2421100CE.NFO,02/01/2024,09:16:03,309.35,309.4,80,310.35,80,0,15400
FINNIFTY02JAN2421100CE.NFO,02/01/2024,09:16:05,309.35,310.25,80,311.4,40,0,15400
FINNIFTY02JAN2421100CE.NFO,02/01/2024,09:16:06,309.35,312.8,120,314,80,0,15400
FINNIFTY02JAN2421100CE.NFO,02/01/2024,09:16:08,309.35,314.15,80,315.55,240,0,15400
FINNIFTY02JAN2421100CE.NFO,02/01/2024,09:16:10,309.35,312.15,80,313.35,120,0,15400
FINNIFTY02JAN2421100CE.NFO,02/01/2024,09:16:11,309.35,312.9,80,314.25,200,0,15400
FINNIFTY02JAN2421100CE.NFO,02/01/2024,09:16:13,309.35,313.65,240,314.8,40,0,15400
FINNIFTY02JAN2421100CE.NFO,02/01/2024,09:16:14,309.35,311.5,80,313.2,40,0,15400
FINNIFTY02JAN2421100CE.NFO,02/01/2024,09:16:16,309.35,310.5,120,311.8,320,0,15400
FINNIFTY02JAN2421100CE.NFO,02/01/2024,09:16:18,309.35,310.25,80,311.45,480,0,15400
FINNIFTY02JAN2421100CE.NFO,02/01/2024,09:16:19,309.35,310.2,80,311.35,200,0,15400
FINNIFTY02JAN2421100CE.NFO,02/01/2024,09:16:21,309.35,308.95,80,310.15,120,0,15400
FINNIFTY02JAN2421100CE.NFO,02/01/2024,09:16:23,309.35,305.95,120,307,200,0,15400
FINNIFTY02JAN2421100CE.NFO,02/01/2024,09:16:24,309.35,307.15,80,308.45,40,0,15400
FINNIFTY02JAN2421100CE.NFO,02/01/2024,09:16:26,309.35,305.75,120,306.75,80,0,15400
FINNIFTY02JAN2421100CE.NFO,02/01/2024,09:16:27,309.35,305.25,360,306.4,120,0,15400
FINNIFTY02JAN2421100CE.NFO,02/01/2024,09:16:29,309.35,305.55,40,306.8,40,0,15400
FINNIFTY02JAN2421100CE.NFO,02/01/2024,09:16:31,309.35,307.4,160,308.5,240,0,15400
FINNIFTY02JAN2421100CE.NFO,02/01/2024,09:16:32,309.35,306.45,40,307.65,40,0,15400
FINNIFTY02JAN2421100CE.NFO,02/01/2024,09:16:34,309.35,305.75,280,306.65,40,0,15400
FINNIFTY02JAN2421100CE.NFO,02/01/2024,09:16:35,309.35,307.6,40,308.75,80,0,15400
FINNIFTY02JAN2421100CE.NFO,02/01/2024,09:16:37,309.35,306.1,120,307.1,200,0,15400
FINNIFTY02JAN2421100CE.NFO,02/01/2024,09:16:39,309.35,305.85,480,306.85,40,0,15400
FINNIFTY02JAN2421100CE.NFO,02/01/2024,09:16:40,309.35,305.95,160,307.1,200,0,15400
FINNIFTY02JAN2421100CE.NFO,02/01/2024,09:16:42,309.35,306.95,320,308.05,80,0,15400
FINNIFTY02JAN2421100CE.NFO,02/01/2024,09:16:43,309.35,307.45,80,308.3,80,0,15400
FINNIFTY02JAN2421100CE.NFO,02/01/2024,09:16:45,309.35,310.65,160,311.5,40,0,15400
FINNIFTY02JAN2421100CE.NFO,02/01/2024,09:16:47,309.35,310.05,80,311.15,80,0,15400
FINNIFTY02JAN2421100CE.NFO,02/01/2024,09:16:48,309.35,311.35,80,312.4,80,0,15400
FINNIFTY02JAN2421100CE.NFO,02/01/2024,09:16:50,309.35,312.8,80,313.8,200,0,15400
FINNIFTY02JAN2421100CE.NFO,02/01/2024,09:16:51,309.35,311.2,40,312.1,80,0,15400
FINNIFTY02JAN2421100CE.NFO,02/01/2024,09:16:53,309.35,310.5,80,311.45,40,0,15400
FINNIFTY02JAN2421100CE.NFO,02/01/2024,09:16:55,309.35,309.1,80,309.95,40,0,15400
FINNIFTY02JAN2421100CE.NFO,02/01/2024,09:16:56,309.35,309.65,40,310.5,40,0,15400
FINNIFTY02JAN2421100CE.NFO,02/01/2024,09:16:58,309.35,310.75,80,311.7,40,0,15400
FINNIFTY02JAN2421100CE.NFO,02/01/2024,09:16:59,309.35,310.6,80,311.8,40,0,15400
FINNIFTY02JAN2421100CE.NFO,02/01/2024,09:17:01,309.35,310.8,80,312.15,40,0,15400
FINNIFTY02JAN2421100CE.NFO,02/01/2024,09:17:03,310.3,309.25,40,310.5,40,680,15400
FINNIFTY02JAN2421100CE.NFO,02/01/2024,09:17:04,310.3,309.25,40,310.45,520,0,15400
FINNIFTY02JAN2421100CE.NFO,02/01/2024,09:17:06,310.3,309.95,80,311,40,0,15400
FINNIFTY02JAN2421100CE.NFO,02/01/2024,09:17:08,310.3,311,120,311.85,40,0,15400
FINNIFTY02JAN2421100CE.NFO,02/01/2024,09:17:09,310.3,310.15,40,311,40,0,15400
FINNIFTY02JAN2421100CE.NFO,02/01/2024,09:17:11,310.3,309.4,40,310.2,40,0,15400
FINNIFTY02JAN2421100CE.NFO,02/01/2024,09:17:12,310.2,309.45,280,310.35,40,40,15400
FINNIFTY02JAN2421100CE.NFO,02/01/2024,09:17:14,310.2,309.9,80,310.75,40,0,15400
FINNIFTY02JAN2421100CE.NFO,02/01/2024,09:17:16,310.2,310.15,80,311.05,80,0,15400
FINNIFTY02JAN2421100CE.NFO,02/01/2024,09:17:17,310.2,311.9,40,312.9,40,0,15400
FINNIFTY02JAN2421100CE.NFO,02/01/2024,09:17:19,310.2,313.1,80,314.1,40,0,15400
FINNIFTY02JAN2421100CE.NFO,02/01/2024,09:17:20,310.2,313.35,80,314.2,40,0,15400
FINNIFTY02JAN2421100CE.NFO,02/01/2024,09:17:22,310.2,312.8,80,313.75,120,0,15400
FINNIFTY02JAN2421100CE.NFO,02/01/2024,09:17:23,310.2,312.95,40,313.85,40,0,15400
FINNIFTY02JAN2421100CE.NFO,02/01/2024,09:17:25,310.2,312.3,240,313.35,40,0,15400
FINNIFTY02JAN2421100CE.NFO,02/01/2024,09:17:27,310.2,312.35,80,313.5,40,0,15400
FINNIFTY02JAN2421100CE.NFO,02/01/2024,09:17:28,310.2,310.15,80,311.25,80,0,15400
FINNIFTY02JAN2421100CE.NFO,02/01/2024,09:17:30,310.2,309.4,40,310.35,80,0,15400
FINNIFTY02JAN2421100CE.NFO,02/01/2024,09:17:31,310.2,309.4,80,310.6,200,0,15400
FINNIFTY02JAN2421100CE.NFO,02/01/2024,09:17:33,310.2,310.4,40,311.3,200,0,15400
FINNIFTY02JAN2421100CE.NFO,02/01/2024,09:17:35,310.2,309.95,80,310.85,200,0,15400
FINNIFTY02JAN2421100CE.NFO,02/01/2024,09:17:36,310.2,309.85,40,310.55,80,0,15400
FINNIFTY02JAN2421100CE.NFO,02/01/2024,09:17:38,310.2,311.9,80,313.1,40,0,15400
FINNIFTY02JAN2421100CE.NFO,02/01/2024,09:17:39,310.2,309.35,80,310.25,80,0,15400
FINNIFTY02JAN2421100CE.NFO,02/01/2024,09:17:41,310.2,307.95,80,308.85,40,0,15400
FINNIFTY02JAN2421100CE.NFO,02/01/2024,09:17:43,310.2,308.4,80,309.45,160,0,15400
FINNIFTY02JAN2421100CE.NFO,02/01/2024,09:17:44,310.2,307.6,120,308.65,40,0,15400
FINNIFTY02JAN2421100CE.NFO,02/01/2024,09:17:46,310.2,307.65,40,308.55,560,0,15400
FINNIFTY02JAN2421100CE.NFO,02/01/2024,09:17:47,310.2,307.4,80,308.4,40,0,15400
FINNIFTY02JAN2421100CE.NFO,02/01/2024,09:17:49,310.2,308.95,80,310.35,80,0,15400
FINNIFTY02JAN2421100CE.NFO,02/01/2024,09:17:51,310.2,308.95,40,309.75,200,0,15400
FINNIFTY02JAN2421100CE.NFO,02/01/2024,09:17:52,310.2,308.65,80,309.5,80,0,15400
FINNIFTY02JAN2421100CE.NFO,02/01/2024,09:17:54,310.2,308.65,80,309.6,200,0,15400
FINNIFTY02JAN2421100CE.NFO,02/01/2024,09:17:55,310.2,308.15,80,308.75,40,0,15400
FINNIFTY02JAN2421100CE.NFO,02/01/2024,09:17:57,310.2,308.55,80,309.45,40,0,15400
FINNIFTY02JAN2421100CE.NFO,02/01/2024,09:17:59,310.2,308.65,40,309.4,40,0,15400
FINNIFTY02JAN2421100CE.NFO,02/01/2024,09:18:00,310.2,308.35,80,309.35,40,0,15400
FINNIFTY02JAN2421100CE.NFO,02/01/2024,09:18:02,310.2,310,80,311,80,0,15400
FINNIFTY02JAN2421100CE.NFO,02/01/2024,09:18:03,310.2,310.85,80,311.95,80,0,15400
FINNIFTY02JAN2421100CE.NFO,02/01/2024,09:18:05,310.2,310.7,160,311.65,280,0,15400
FINNIFTY02JAN2421100CE.NFO,02/01/2024,09:18:07,310.2,311.85,80,312.5,160,0,15400
FINNIFTY02JAN2421100CE.NFO,02/01/2024,09:18:08,310.2,312.15,200,312.95,120,0,15400
FINNIFTY02JAN2421100CE.NFO,02/01/2024,09:18:10,310.2,311.35,120,312.25,280,0,15400
FINNIFTY02JAN2421100CE.NFO,02/01/2024,09:18:12,310.2,309.75,240,310.75,160,0,15400
FINNIFTY02JAN2421100CE.NFO,02/01/2024,09:18:13,310.2,311.15,160,311.75,160,0,15400
FINNIFTY02JAN2421100CE.NFO,02/01/2024,09:18:15,310.2,310.35,160,311.5,120,0,15400
FINNIFTY02JAN2421100CE.NFO,02/01/2024,09:18:17,310.2,308.5,80,309.35,200,0,15400
FINNIFTY02JAN2421100CE.NFO,02/01/2024,09:18:18,310.2,307.2,120,308.05,120,0,15400
FINNIFTY02JAN2421100CE.NFO,02/01/2024,09:18:20,310.2,305.7,160,306.75,120,0,15400
FINNIFTY02JAN2421100CE.NFO,02/01/2024,09:18:21,310.2,305.95,160,306.8,280,0,15400
FINNIFTY02JAN2421100CE.NFO,02/01/2024,09:18:23,310.2,307.3,160,308.35,280,0,15400
FINNIFTY02JAN2421100CE.NFO,02/01/2024,09:18:25,310.2,306.55,160,307.45,200,0,15400
FINNIFTY02JAN2421100CE.NFO,02/01/2024,09:18:26,306.6,305.95,160,306.8,120,120,15640
FINNIFTY02JAN2421100CE.NFO,02/01/2024,09:18:26,305.8,305.95,160,306.8,120,0,15640
FINNIFTY02JAN2421100CE.NFO,02/01/2024,09:18:28,306.6,307.6,120,308.45,160,0,15640
FINNIFTY02JAN2421100CE.NFO,02/01/2024,09:18:30,306.6,307.8,120,308.55,160,0,15640
FINNIFTY02JAN2421100CE.NFO,02/01/2024,09:18:31,307.8,307.15,200,307.8,120,80,15640
FINNIFTY02JAN2421100CE.NFO,02/01/2024,09:18:33,307.8,306.6,160,307.5,160,0,15640
FINNIFTY02JAN2421100CE.NFO,02/01/2024,09:18:34,308.35,307.5,200,308.3,120,80,15640
FINNIFTY02JAN2421100CE.NFO,02/01/2024,09:18:36,308.35,307.4,80,308.2,160,0,15640
FINNIFTY02JAN2421100CE.NFO,02/01/2024,09:18:37,308.35,308.2,120,308.9,120,0,15640
FINNIFTY02JAN2421100CE.NFO,02/01/2024,09:18:39,308.35,308.65,80,309.7,120,0,15640
FINNIFTY02JAN2421100CE.NFO,02/01/2024,09:18:41,308.55,308.5,80,309.3,80,40,15640
FINNIFTY02JAN2421100CE.NFO,02/01/2024,09:18:42,308.55,309.05,120,309.9,120,0,15640
FINNIFTY02JAN2421100CE.NFO,02/01/2024,09:18:44,308.55,310.4,40,311.2,40,0,15640
FINNIFTY02JAN2421100CE.NFO,02/01/2024,09:18:45,308.55,310.45,120,311.25,80,0,15640
FINNIFTY02JAN2421100CE.NFO,02/01/2024,09:18:47,308.55,310.65,80,311.75,80,0,15640
FINNIFTY02JAN2421100CE.NFO,02/01/2024,09:18:49,308.55,310.3,160,311.2,120,0,15640
FINNIFTY02JAN2421100CE.NFO,02/01/2024,09:18:50,308.55,311.65,40,312.45,120,0,15640
FINNIFTY02JAN2421100CE.NFO,02/01/2024,09:18:52,308.55,312.35,80,313.2,120,0,15640
FINNIFTY02JAN2421100CE.NFO,02/01/2024,09:18:54,308.55,311.75,120,312.7,160,0,15640
FINNIFTY02JAN2421100CE.NFO,02/01/2024,09:18:55,308.55,312.25,160,313.05,120,0,15640
FINNIFTY02JAN2421100CE.NFO,02/01/2024,09:18:57,308.55,312,200,312.6,40,0,15640
FINNIFTY02JAN2421100CE.NFO,02/01/2024,09:18:58,311.4,311.95,240,312.6,40,40,15640
FINNIFTY02JAN2421100CE.NFO,02/01/2024,09:19:00,311.4,311.75,120,312.75,160,0,15640
FINNIFTY02JAN2421100CE.NFO,02/01/2024,09:19:02,311.4,312.45,320,313.5,200,0,15640
FINNIFTY02JAN2421100CE.NFO,02/01/2024,09:19:03,311.4,311.25,160,312.2,160,0,15640
FINNIFTY02JAN2421100CE.NFO,02/01/2024,09:19:05,311.4,311.6,200,312.55,240,0,15640
FINNIFTY02JAN2421100CE.NFO,02/01/2024,09:19:07,311.4,312.3,160,313.2,160,0,15640
FINNIFTY02JAN2421100CE.NFO,02/01/2024,09:19:08,311.4,311.95,200,312.7,80,0,15640
FINNIFTY02JAN2421100CE.NFO,02/01/2024,09:19:10,312.8,312.7,120,313.7,200,40,15640
FINNIFTY02JAN2421100CE.NFO,02/01/2024,09:19:11,312.8,313.9,120,314.9,200,0,15640
FINNIFTY02JAN2421100CE.NFO,02/01/2024,09:19:13,312.8,315.15,80,316.15,160,0,15640
FINNIFTY02JAN2421100CE.NFO,02/01/2024,09:19:15,312.8,316.05,440,317.15,160,0,15640
FINNIFTY02JAN2421100CE.NFO,02/01/2024,09:19:16,312.8,315.65,120,316.8,160,0,15640
FINNIFTY02JAN2421100CE.NFO,02/01/2024,09:19:18,316.45,316,120,316.95,80,80,15640
FINNIFTY02JAN2421100CE.NFO,02/01/2024,09:19:18,316.65,316,120,316.95,80,0,15640
FINNIFTY02JAN2421100CE.NFO,02/01/2024,09:19:20,317.65,315.95,160,317,40,160,15640
FINNIFTY02JAN2421100CE.NFO,02/01/2024,09:19:20,317.65,315.95,160,317,40,0,15640
FINNIFTY02JAN2421100CE.NFO,02/01/2024,09:19:21,317.65,315.5,240,316.5,160,0,15640
FINNIFTY02JAN2421100CE.NFO,02/01/2024,09:19:23,317.65,313.95,160,314.85,40,0,15640
FINNIFTY02JAN2421100CE.NFO,02/01/2024,09:19:24,317.65,313.25,80,314.25,40,0,15640
FINNIFTY02JAN2421100CE.NFO,02/01/2024,09:19:26,317.65,313.8,160,314.75,40,0,15640
FINNIFTY02JAN2421100CE.NFO,02/01/2024,09:19:28,317.65,313.1,160,314,40,0,15640
FINNIFTY02JAN2421100CE.NFO,02/01/2024,09:19:29,317.65,314.2,200,315,40,0,15640
FINNIFTY02JAN2421100CE.NFO,02/01/2024,09:19:31,314,314.45,280,315.35,120,40,15640
FINNIFTY02JAN2421100CE.NFO,02/01/2024,09:19:32,314,314.1,80,315.05,120,0,15640
FINNIFTY02JAN2421100CE.NFO,02/01/2024,09:19:34,314,315.75,160,316.7,120,0,15640
FINNIFTY02JAN2421100CE.NFO,02/01/2024,09:19:36,314,316.3,160,317.2,40,0,15640
FINNIFTY02JAN2421100CE.NFO,02/01/2024,09:19:37,314,315.65,80,316.6,160,0,15640
FINNIFTY02JAN2421100CE.NFO,02/01/2024,09:19:39,316.4,314.95,80,315.8,40,40,15640
FINNIFTY02JAN2421100CE.NFO,02/01/2024,09:19:41,316.4,315.45,80,316.3,40,0,15640
FINNIFTY02JAN2421100CE.NFO,02/01/2024,09:19:42,316.4,314.85,200,315.85,360,0,15640
FINNIFTY02JAN2421100CE.NFO,02/01/2024,09:19:44,316.4,314.85,40,315.75,40,0,15640
FINNIFTY02JAN2421100CE.NFO,02/01/2024,09:19:46,316.4,315.05,160,315.95,80,0,15640
FINNIFTY02JAN2421100CE.NFO,02/01/2024,09:19:47,316.4,316.1,120,317,320,0,15640
FINNIFTY02JAN2421100CE.NFO,02/01/2024,09:19:49,316.4,315.85,200,316.8,80,0,15640
FINNIFTY02JAN2421100CE.NFO,02/01/2024,09:19:51,316.4,315.6,480,316.55,120,0,15640
FINNIFTY02JAN2421100CE.NFO,02/01/2024,09:19:52,316.4,313.75,160,314.95,320,0,15640
FINNIFTY02JAN2421100CE.NFO,02/01/2024,09:19:54,316.4,313.45,160,314.35,40,0,15640
FINNIFTY02JAN2421100CE.NFO,02/01/2024,09:19:56,316.4,313.05,240,314.2,80,0,15640
FINNIFTY02JAN2421100CE.NFO,02/01/2024,09:19:57,316.4,312.35,120,313.1,40,0,15640
FINNIFTY02JAN2421100CE.NFO,02/01/2024,09:19:59,316.4,312.65,160,313.55,80,0,15640
FINNIFTY02JAN2421100CE.NFO,02/01/2024,09:20:01,313.4,311.65,120,312.75,280,40,15640
FINNIFTY02JAN2421100CE.NFO,02/01/2024,09:20:02,313.4,312.5,40,313.35,40,0,15640
FINNIFTY02JAN2421100CE.NFO,02/01/2024,09:20:04,313.4,313.95,160,315,80,0,15640
FINNIFTY02JAN2421100CE.NFO,02/01/2024,09:20:06,313.4,315.05,160,316,40,0,15640
FINNIFTY02JAN2421100CE.NFO,02/01/2024,09:20:07,313.4,314.55,160,315.3,40,0,15640
FINNIFTY02JAN2421100CE.NFO,02/01/2024,09:20:09,313.4,314.75,160,315.65,120,0,15640
FINNIFTY02JAN2421100CE.NFO,02/01/2024,09:20:11,313.4,315.5,160,316.5,40,0,15640
FINNIFTY02JAN2421100CE.NFO,02/01/2024,09:20:12,313.4,315.35,120,316.35,200,0,15640
FINNIFTY02JAN2421100CE.NFO,02/01/2024,09:20:14,313.4,315.1,200,315.9,40,0,15640
FINNIFTY02JAN2421100CE.NFO,02/01/2024,09:20:16,313.4,315.05,200,315.9,80,0,15640
FINNIFTY02JAN2421100CE.NFO,02/01/2024,09:20:17,313.4,313.9,160,315.1,40,0,15640
FINNIFTY02JAN2421100CE.NFO,02/01/2024,09:20:19,313.4,314,120,315.05,120,0,15640
FINNIFTY02JAN2421100CE.NFO,02/01/2024,09:20:21,313.4,314.6,160,315.4,40,0,15640
FINNIFTY02JAN2421100CE.NFO,02/01/2024,09:20:22,313.4,314.5,160,315.5,120,0,15640
FINNIFTY02JAN2421100CE.NFO,02/01/2024,09:20:24,313.4,313,160,314.1,120,0,15640
FINNIFTY02JAN2421100CE.NFO,02/01/2024,09:20:26,313.4,313.3,80,314.3,120,0,15640
FINNIFTY02JAN2421100CE.NFO,02/01/2024,09:20:27,313.4,312.65,120,313.5,40,0,15640
FINNIFTY02JAN2421100CE.NFO,02/01/2024,09:20:29,313.4,313.35,200,314.25,80,0,15640
FINNIFTY02JAN2421100CE.NFO,02/01/2024,09:20:31,313.4,313.15,160,314.15,120,0,15640
FINNIFTY02JAN2421100CE.NFO,02/01/2024,09:20:32,313.15,312.2,160,313.2,120,40,15840
FINNIFTY02JAN2421100CE.NFO,02/01/2024,09:20:34,313.15,312.05,80,313.1,160,0,15840
FINNIFTY02JAN2421100CE.NFO,02/01/2024,09:20:36,313.15,312.3,200,313.25,40,0,15840
FINNIFTY02JAN2421100CE.NFO,02/01/2024,09:20:38,313.15,311.65,120,312.65,120,0,15840
FINNIFTY02JAN2421100CE.NFO,02/01/2024,09:20:39,313.15,311.8,200,312.65,40,0,15840
FINNIFTY02JAN2421100CE.NFO,02/01/2024,09:20:41,313.15,313.15,80,313.9,120,0,15840
FINNIFTY02JAN2421100CE.NFO,02/01/2024,09:20:43,313.15,312.75,160,313.7,80,0,15840
FINNIFTY02JAN2421100CE.NFO,02/01/2024,09:20:44,313.15,313.8,80,314.6,120,0,15840
FINNIFTY02JAN2421100CE.NFO,02/01/2024,09:20:46,313.15,314.9,40,315.6,40,0,15840
FINNIFTY02JAN2421100CE.NFO,02/01/2024,09:20:48,313.15,315.2,160,316.15,120,0,15840
FINNIFTY02JAN2421100CE.NFO,02/01/2024,09:20:49,313.15,315.2,280,315.95,40,0,15840
FINNIFTY02JAN2421100CE.NFO,02/01/2024,09:20:51,313.15,316.25,160,317.1,120,0,15840
FINNIFTY02JAN2421100CE.NFO,02/01/2024,09:20:53,313.15,316.6,160,317.35,40,0,15840
FINNIFTY02JAN2421100CE.NFO,02/01/2024,09:20:54,313.15,316,80,316.8,120,0,15840
FINNIFTY02JAN2421100CE.NFO,02/01/2024,09:20:56,313.15,315.7,160,316.4,80,0,15840
FINNIFTY02JAN2421100CE.NFO,02/01/2024,09:20:58,313.15,314.65,280,315.8,120,0,15840
FINNIFTY02JAN2421100CE.NFO,02/01/2024,09:20:59,313.15,314.45,320,315.35,40,0,15840
FINNIFTY02JAN2421100CE.NFO,02/01/2024,09:21:01,313.15,315.05,200,316.2,120,0,15840
FINNIFTY02JAN2421100CE.NFO,02/01/2024,09:21:03,313.15,314.8,400,315.9,40,0,15840
FINNIFTY02JAN2421100CE.NFO,02/01/2024,09:21:04,313.15,316.95,160,318.05,320,0,15840
FINNIFTY02JAN2421100CE.NFO,02/01/2024,09:21:06,320.9,320.05,160,320.85,40,200,15840
FINNIFTY02JAN2421100CE.NFO,02/01/2024,09:21:06,320.9,320.05,160,320.85,40,0,15840
FINNIFTY02JAN2421100CE.NFO,02/01/2024,09:21:08,323.45,321.65,400,322.7,80,3040,15840
FINNIFTY02JAN2421100CE.NFO,02/01/2024,09:21:08,325.7,321.65,400,322.7,80,0,15840
FINNIFTY02JAN2421100CE.NFO,02/01/2024,09:21:09,323.45,321.4,80,322.15,560,0,15840
FINNIFTY02JAN2421100CE.NFO,02/01/2024,09:21:11,322.15,324,760,325.25,600,520,15840
FINNIFTY02JAN2421100CE.NFO,02/01/2024,09:21:13,324.05,323.35,160,324.25,560,120,15840
FINNIFTY02JAN2421100CE.NFO,02/01/2024,09:21:14,324.05,322.35,560,323.15,560,0,15840
FINNIFTY02JAN2421100CE.NFO,02/01/2024,09:21:16,324.05,320.95,440,321.65,560,0,15840
FINNIFTY02JAN2421100CE.NFO,02/01/2024,09:21:18,324.05,321.2,200,322.3,40,0,15840
FINNIFTY02JAN2421100CE.NFO,02/01/2024,09:21:19,322,321.6,680,322.45,40,200,15840
FINNIFTY02JAN2421100CE.NFO,02/01/2024,09:21:21,322,321.2,480,322,560,0,15840
FINNIFTY02JAN2421100CE.NFO,02/01/2024,09:21:23,322,322.7,560,323.55,560,0,15840
FINNIFTY02JAN2421100CE.NFO,02/01/2024,09:21:24,322,323.1,80,323.85,560,0,15840
FINNIFTY02JAN2421100CE.NFO,02/01/2024,09:21:26,322,325.25,240,326.05,560,0,15840
FINNIFTY02JAN2421100CE.NFO,02/01/2024,09:21:28,333.35,330,200,333.35,120,360,15840
FINNIFTY02JAN2421100CE.NFO,02/01/2024,09:21:28,337.35,330,200,333.35,120,0,15840
FINNIFTY02JAN2421100CE.NFO,02/01/2024,09:21:29,331.1,327.95,120,329.05,640,520,15840
FINNIFTY02JAN2421100CE.NFO,02/01/2024,09:21:31,331.1,328.45,80,329.4,120,0,15840
FINNIFTY02JAN2421100CE.NFO,02/01/2024,09:21:32,331.1,328.4,120,329.15,640,0,15840
FINNIFTY02JAN2421100CE.NFO,02/01/2024,09:21:34,331.1,328.85,680,329.85,640,0,15840
FINNIFTY02JAN2421100CE.NFO,02/01/2024,09:21:36,331.1,327.1,360,328.05,120,0,15840
FINNIFTY02JAN2421100CE.NFO,02/01/2024,09:21:37,331.1,326.65,680,327.5,640,0,15840
FINNIFTY02JAN2421100CE.NFO,02/01/2024,09:21:39,331.1,326.4,40,327.25,640,0,15840
FINNIFTY02JAN2421100CE.NFO,02/01/2024,09:21:41,331.1,326,40,326.8,640,0,15840
FINNIFTY02JAN2421100CE.NFO,02/01/2024,09:21:42,331.1,325.4,120,326.3,680,0,15840
FINNIFTY02JAN2421100CE.NFO,02/01/2024,09:21:44,331.1,325.15,40,325.95,640,0,15840
FINNIFTY02JAN2421100CE.NFO,02/01/2024,09:21:46,331.1,325.55,200,326.4,640,0,15840
FINNIFTY02JAN2421100CE.NFO,02/01/2024,09:21:47,331.1,324.7,440,325.5,640,0,15840
FINNIFTY02JAN2421100CE.NFO,02/01/2024,09:21:49,331.1,325.15,280,325.95,640,0,15840
FINNIFTY02JAN2421100CE.NFO,02/01/2024,09:21:51,331.1,324.95,40,325.8,640,0,15840
FINNIFTY02JAN2421100CE.NFO,02/01/2024,09:21:52,331.1,325.25,40,326.05,640,0,15840
FINNIFTY02JAN2421100CE.NFO,02/01/2024,09:21:54,331.1,325.05,480,325.9,640,0,15840
FINNIFTY02JAN2421100CE.NFO,02/01/2024,09:21:56,331.1,326.35,160,327.25,640,0,15840
FINNIFTY02JAN2421100CE.NFO,02/01/2024,09:21:57,331.1,326.95,160,327.75,640,0,15840
FINNIFTY02JAN2421100CE.NFO,02/01/2024,09:21:59,331.1,327.6,440,328.4,640,0,15840
FINNIFTY02JAN2421100CE.NFO,02/01/2024,09:22:01,331.1,326.7,200,327.95,120,0,15840
FINNIFTY02JAN2421100CE.NFO,02/01/2024,09:22:02,331.1,326.7,280,327.65,120,0,15840
FINNIFTY02JAN2421100CE.NFO,02/01/2024,09:22:04,331.1,326.2,120,327.5,120,0,15840
FINNIFTY02JAN2421100CE.NFO,02/01/2024,09:22:06,331.1,326,360,327.05,120,0,15840
FINNIFTY02JAN2421100CE.NFO,02/01/2024,09:22:07,331.1,325.4,440,326.4,120,0,15840
FINNIFTY02JAN2421100CE.NFO,02/01/2024,09:22:09,331.1,325.2,560,326.05,640,0,15840
FINNIFTY02JAN2421100CE.NFO,02/01/2024,09:22:11,331.1,325.4,600,326.25,640,0,15840
FINNIFTY02JAN2421100CE.NFO,02/01/2024,09:22:12,331.1,325.45,440,326.3,640,0,15840
FINNIFTY02JAN2421100CE.NFO,02/01/2024,09:22:14,331.1,325.6,120,326.4,640,0,15840
FINNIFTY02JAN2421100CE.NFO,02/01/2024,09:22:16,331.1,324.25,640,325.15,640,0,15840
FINNIFTY02JAN2421100CE.NFO,02/01/2024,09:22:17,323.85,323.2,560,324.15,640,80,15840
FINNIFTY02JAN2421100CE.NFO,02/01/2024,09:22:19,323.85,324.2,640,325.1,640,0,15840
FINNIFTY02JAN2421100CE.NFO,02/01/2024,09:22:21,323.85,323.3,360,324.15,640,0,15840
FINNIFTY02JAN2421100CE.NFO,02/01/2024,09:22:22,323.85,323.15,640,324,640,0,15840
FINNIFTY02JAN2421100CE.NFO,02/01/2024,09:22:24,323.85,322,80,322.75,640,0,15840
FINNIFTY02JAN2421100CE.NFO,02/01/2024,09:22:26,323.85,321.85,40,322.65,560,0,15840
FINNIFTY02JAN2421100CE.NFO,02/01/2024,09:22:27,323.85,320.5,280,321.25,640,0,15840
FINNIFTY02JAN2421100CE.NFO,02/01/2024,09:22:29,323.85,319.95,40,320.8,640,0,15840
FINNIFTY02JAN2421100CE.NFO,02/01/2024,09:22:31,323.85,320.5,360,321.25,640,0,15840
FINNIFTY02JAN2421100CE.NFO,02/01/2024,09:22:32,323.85,320.35,680,321.25,640,0,15840
FINNIFTY02JAN2421100CE.NFO,02/01/2024,09:22:34,323.85,319.15,720,320,640,0,15840
FINNIFTY02JAN2421100CE.NFO,02/01/2024,09:22:36,323.85,317.8,720,318.7,640,0,15840
FINNIFTY02JAN2421100CE.NFO,02/01/2024,09:22:37,323.85,318.45,120,319.3,640,0,15840
FINNIFTY02JAN2421100CE.NFO,02/01/2024,09:22:39,323.85,318.8,120,319.55,640,0,15840
FINNIFTY02JAN2421100CE.NFO,02/01/2024,09:22:41,323.85,318.5,120,319.3,640,0,15840
FINNIFTY02JAN2421100CE.NFO,02/01/2024,09:22:42,323.85,318.75,40,319.6,640,0,15840
FINNIFTY02JAN2421100CE.NFO,02/01/2024,09:22:44,323.85,318.65,440,319.45,640,0,15840
FINNIFTY02JAN2421100CE.NFO,02/01/2024,09:22:46,323.85,319.55,120,320.4,640,0,15840
FINNIFTY02JAN2421100CE.NFO,02/01/2024,09:22:47,323.85,319.6,40,320.35,640,0,15840
FINNIFTY02JAN2421100CE.NFO,02/01/2024,09:22:49,323.85,318.45,640,319.35,680,0,15840
FINNIFTY02JAN2421100CE.NFO,02/01/2024,09:22:51,323.85,319.75,120,320.7,640,0,15840
FINNIFTY02JAN2421100CE.NFO,02/01/2024,09:22:52,323.85,320.85,560,321.7,680,0,15840
FINNIFTY02JAN2421100CE.NFO,02/01/2024,09:22:54,323.85,320,360,320.8,640,0,15840
FINNIFTY02JAN2421100CE.NFO,02/01/2024,09:22:56,323.85,320.15,200,320.95,640,0,15840
FINNIFTY02JAN2421100CE.NFO,02/01/2024,09:22:58,323.85,321.45,240,322.35,640,0,15840
FINNIFTY02JAN2421100CE.NFO,02/01/2024,09:22:59,323.85,321.4,40,322.2,640,0,15840
FINNIFTY02JAN2421100CE.NFO,02/01/2024,09:23:01,323.85,321,560,321.85,680,0,15840
FINNIFTY02JAN2421100CE.NFO,02/01/2024,09:23:03,323.85,320.3,920,321.15,640,0,15840
FINNIFTY02JAN2421100CE.NFO,02/01/2024,09:23:04,323.85,320.8,640,321.7,120,0,15840
FINNIFTY02JAN2421100CE.NFO,02/01/2024,09:23:06,323.85,322.45,720,323.35,640,0,15840
FINNIFTY02JAN2421100CE.NFO,02/01/2024,09:23:08,323.85,324.95,640,325.9,160,0,15840
FINNIFTY02JAN2421100CE.NFO,02/01/2024,09:23:09,323.85,324.4,720,325.3,640,0,15840
FINNIFTY02JAN2421100CE.NFO,02/01/2024,09:23:11,323.85,323.7,560,324.55,640,0,15840
FINNIFTY02JAN2421100CE.NFO,02/01/2024,09:23:13,323.85,323.5,80,324.4,120,0,15840
FINNIFTY02JAN2421100CE.NFO,02/01/2024,09:23:14,323.85,324.5,40,325.3,640,0,15840
FINNIFTY02JAN2421100CE.NFO,02/01/2024,09:23:16,323.85,324.65,40,325.35,640,0,15840
FINNIFTY02JAN2421100CE.NFO,02/01/2024,09:23:18,323.85,326.15,120,326.95,640,0,15840
FINNIFTY02JAN2421100CE.NFO,02/01/2024,09:23:19,323.85,324.95,840,325.8,120,0,15840
FINNIFTY02JAN2421100CE.NFO,02/01/2024,09:23:21,323.85,324.45,40,325.1,640,0,15840
FINNIFTY02JAN2421100CE.NFO,02/01/2024,09:23:23,323.85,324.65,240,325.5,680,0,15840
FINNIFTY02JAN2421100CE.NFO,02/01/2024,09:23:24,323.85,324.75,360,325.6,640,0,15840
FINNIFTY02JAN2421100CE.NFO,02/01/2024,09:23:26,323.85,324.15,120,324.95,640,0,15840
FINNIFTY02JAN2421100CE.NFO,02/01/2024,09:23:28,323.85,323.75,320,324.55,640,0,15840
FINNIFTY02JAN2421100CE.NFO,02/01/2024,09:23:29,323.85,322.1,40,322.9,80,0,15840
FINNIFTY02JAN2421100CE.NFO,02/01/2024,09:23:31,323.85,322.35,760,323.2,640,0,15840
FINNIFTY02JAN2421100CE.NFO,02/01/2024,09:23:33,323.85,324.45,640,325.25,120,0,15840
FINNIFTY02JAN2421100CE.NFO,02/01/2024,09:23:34,323.85,323.85,80,324.6,640,0,15840
FINNIFTY02JAN2421100CE.NFO,02/01/2024,09:23:36,323.85,324.25,160,325.05,120,0,15840
FINNIFTY02JAN2421100CE.NFO,02/01/2024,09:23:38,323.85,324.95,120,325.7,120,0,15840
FINNIFTY02JAN2421100CE.NFO,02/01/2024,09:23:39,323.85,325.1,680,326,640,0,15840
FINNIFTY02JAN2421100CE.NFO,02/01/2024,09:23:41,323.85,324.3,200,325.05,640,0,15840
FINNIFTY02JAN2421100CE.NFO,02/01/2024,09:23:43,323.85,323.75,720,324.5,40,0,15840
FINNIFTY02JAN2421100CE.NFO,02/01/2024,09:23:44,323.85,324.25,120,324.95,560,0,15840
FINNIFTY02JAN2421100CE.NFO,02/01/2024,09:23:46,323.85,324.05,200,324.85,640,0,15840
FINNIFTY02JAN2421100CE.NFO,02/01/2024,09:23:48,323.85,323.1,40,323.7,120,0,15840
FINNIFTY02JAN2421100CE.NFO,02/01/2024,09:23:49,323.85,322.5,280,323.35,640,0,15840
FINNIFTY02JAN2421100CE.NFO,02/01/2024,09:23:51,323.85,322.2,280,323,640,0,15840
FINNIFTY02JAN2421100CE.NFO,02/01/2024,09:23:53,323.85,322.85,120,323.65,640,0,15840
FINNIFTY02JAN2421100CE.NFO,02/01/2024,09:23:54,323.85,322.3,120,323,120,0,15840
FINNIFTY02JAN2421100CE.NFO,02/01/2024,09:23:56,323.85,321.85,120,322.7,640,0,15840
FINNIFTY02JAN2421100CE.NFO,02/01/2024,09:23:58,323.85,321.15,80,321.9,640,0,15840
FINNIFTY02JAN2421100CE.NFO,02/01/2024,09:23:59,323.85,320.85,120,321.5,560,0,15840
FINNIFTY02JAN2421100CE.NFO,02/01/2024,09:24:01,323.85,319.5,680,320.4,640,0,15840
FINNIFTY02JAN2421100CE.NFO,02/01/2024,09:24:03,323.85,319.25,640,320.1,640,0,15840
FINNIFTY02JAN2421100CE.NFO,02/01/2024,09:24:04,323.85,320.3,240,321.05,640,0,15840
FINNIFTY02JAN2421100CE.NFO,02/01/2024,09:24:06,323.85,321.6,120,322.3,640,0,15840
FINNIFTY02JAN2421100CE.NFO,02/01/2024,09:24:08,323.85,320.95,760,321.85,640,0,15840
FINNIFTY02JAN2421100CE.NFO,02/01/2024,09:24:09,323.85,321.2,40,321.95,640,0,15840
FINNIFTY02JAN2421100CE.NFO,02/01/2024,09:24:11,323.85,322.5,40,323.2,120,0,15840
FINNIFTY02JAN2421100CE.NFO,02/01/2024,09:24:13,323.85,322.65,120,323.3,640,0,15840
FINNIFTY02JAN2421100CE.NFO,02/01/2024,09:24:14,323.85,322.85,80,323.5,640,0,15840
FINNIFTY02JAN2421100CE.NFO,02/01/2024,09:24:16,323.85,321.05,200,321.8,560,0,15840
FINNIFTY02JAN2421100CE.NFO,02/01/2024,09:24:18,323.85,321.05,120,321.7,560,0,15840
FINNIFTY02JAN2421100CE.NFO,02/01/2024,09:24:19,323.85,320.65,120,321.45,640,0,15840
FINNIFTY02JAN2421100CE.NFO,02/01/2024,09:24:21,320.25,319.45,160,320.2,640,40,16840
FINNIFTY02JAN2421100CE.NFO,02/01/2024,09:24:23,320.25,318.7,40,319.5,640,0,16840
FINNIFTY02JAN2421100CE.NFO,02/01/2024,09:24:24,320.25,318.2,280,319,640,0,16840
FINNIFTY02JAN2421100CE.NFO,02/01/2024,09:24:26,320.25,318.5,40,319.4,640,0,16840
FINNIFTY02JAN2421100CE.NFO,02/01/2024,09:24:28,320.25,318.7,240,319.4,560,0,16840
FINNIFTY02JAN2421100CE.NFO,02/01/2024,09:24:29,320.25,318.75,120,319.6,640,0,16840
FINNIFTY02JAN2421100CE.NFO,02/01/2024,09:24:31,320.25,318.55,800,319.4,640,0,16840
FINNIFTY02JAN2421100CE.NFO,02/01/2024,09:24:33,318.95,318.8,120,319.65,560,40,16840
FINNIFTY02JAN2421100CE.NFO,02/01/2024,09:24:34,318.95,318.3,120,319.05,640,0,16840
FINNIFTY02JAN2421100CE.NFO,02/01/2024,09:24:36,318.95,318.8,240,319.55,560,0,16840
FINNIFTY02JAN2421100CE.NFO,02/01/2024,09:24:38,320,320.65,160,321.45,640,40,16840
FINNIFTY02JAN2421100CE.NFO,02/01/2024,09:24:39,320,320.2,40,320.8,640,0,16840
FINNIFTY02JAN2421100CE.NFO,02/01/2024,09:24:41,320,320.55,160,321.1,560,0,16840
FINNIFTY02JAN2421100CE.NFO,02/01/2024,09:24:43,320,321.1,120,321.8,640,0,16840
FINNIFTY02JAN2421100CE.NFO,02/01/2024,09:24:44,321,320.6,40,321.3,640,80,16840
FINNIFTY02JAN2421100CE.NFO,02/01/2024,09:24:46,320.95,321.2,160,321.95,640,40,16840
FINNIFTY02JAN2421100CE.NFO,02/01/2024,09:24:48,320.95,321.15,160,322.1,560,0,16840
FINNIFTY02JAN2421100CE.NFO,02/01/2024,09:24:49,320.95,322.45,440,323.25,560,0,16840
FINNIFTY02JAN2421100CE.NFO,02/01/2024,09:24:51,320.95,322,80,322.8,680,0,16840
FINNIFTY02JAN2421100CE.NFO,02/01/2024,09:24:53,320.95,321.3,680,322.1,560,0,16840
FINNIFTY02JAN2421100CE.NFO,02/01/2024,09:24:54,320.95,320.5,40,321.15,560,0,16840
FINNIFTY02JAN2421100CE.NFO,02/01/2024,09:24:56,320.95,319.05,920,319.95,560,0,16840
FINNIFTY02JAN2421100CE.NFO,02/01/2024,09:24:58,320.95,319.1,160,319.85,640,0,16840
FINNIFTY02JAN2421100CE.NFO,02/01/2024,09:24:59,320.95,318.6,680,319.5,640,0,16840
FINNIFTY02JAN2421100CE.NFO,02/01/2024,09:25:01,317.75,318.1,80,318.85,640,40,16840
FINNIFTY02JAN2421100CE.NFO,02/01/2024,09:25:03,317.75,319.75,80,320.45,640,0,16840
FINNIFTY02JAN2421100CE.NFO,02/01/2024,09:25:04,317.75,318.8,40,319.65,640,0,16840
FINNIFTY02JAN2421100CE.NFO,02/01/2024,09:25:06,317.75,318.8,200,319.55,640,0,16840
FINNIFTY02JAN2421100CE.NFO,02/01/2024,09:25:08,317.75,320.35,200,321.05,640,0,16840
FINNIFTY02JAN2421100CE.NFO,02/01/2024,09:25:10,317.75,319.3,40,320,640,0,16840
FINNIFTY02JAN2421100CE.NFO,02/01/2024,09:25:11,317.75,318.4,200,319.15,640,0,16840
FINNIFTY02JAN2421100CE.NFO,02/01/2024,09:25:13,317.75,318.75,120,319.55,640,0,16840
FINNIFTY02JAN2421100CE.NFO,02/01/2024,09:25:15,317.75,318.5,80,319.25,640,0,16840
FINNIFTY02JAN2421100CE.NFO,02/01/2024,09:25:16,317.75,318.25,200,319.05,640,0,16840
FINNIFTY02JAN2421100CE.NFO,02/01/2024,09:25:18,317.75,318.65,680,319.45,640,0,16840
FINNIFTY02JAN2421100CE.NFO,02/01/2024,09:25:20,317.75,318.8,40,319.55,640,0,16840
FINNIFTY02JAN2421100CE.NFO,02/01/2024,09:25:21,317.75,320,200,320.75,640,0,16840
FINNIFTY02JAN2421100CE.NFO,02/01/2024,09:25:23,317.75,319.85,40,320.6,640,0,16840
FINNIFTY02JAN2421100CE.NFO,02/01/2024,09:25:25,317.75,319.65,120,320.4,640,0,16840
FINNIFTY02JAN2421100CE.NFO,02/01/2024,09:25:26,317.75,320.2,40,321,560,0,16840
FINNIFTY02JAN2421100CE.NFO,02/01/2024,09:25:28,317.75,321.1,640,322.05,640,0,16840
FINNIFTY02JAN2421100CE.NFO,02/01/2024,09:25:30,317.75,321.35,640,322.25,640,0,16840
FINNIFTY02JAN2421100CE.NFO,02/01/2024,09:25:31,317.75,321.95,120,322.65,560,0,16840
FINNIFTY02JAN2421100CE.NFO,02/01/2024,09:25:33,317.75,323,600,323.75,560,0,16840
FINNIFTY02JAN2421100CE.NFO,02/01/2024,09:25:34,317.75,323.9,280,324.75,560,0,16840
FINNIFTY02JAN2421100CE.NFO,02/01/2024,09:25:36,317.75,324.1,40,324.85,560,0,16840
FINNIFTY02JAN2421100CE.NFO,02/01/2024,09:25:38,317.75,323.45,640,324.35,640,0,16840
FINNIFTY02JAN2421100CE.NFO,02/01/2024,09:25:39,317.75,322.1,80,322.9,640,0,16840
FINNIFTY02JAN2421100CE.NFO,02/01/2024,09:25:41,317.75,322.6,200,323.4,640,0,16840
FINNIFTY02JAN2421100CE.NFO,02/01/2024,09:25:43,317.75,323.4,680,324.25,640,0,16840
FINNIFTY02JAN2421100CE.NFO,02/01/2024,09:25:44,317.75,322.85,120,323.7,560,0,16840
FINNIFTY02JAN2421100CE.NFO,02/01/2024,09:25:46,323.75,322.6,120,323.4,640,400,16840
FINNIFTY02JAN2421100CE.NFO,02/01/2024,09:25:48,323.75,322.65,120,323.45,640,0,16840
FINNIFTY02JAN2421100CE.NFO,02/01/2024,09:25:49,323.75,321.45,400,322.3,640,0,16840
FINNIFTY02JAN2421100CE.NFO,02/01/2024,09:25:51,323.75,321.9,200,322.65,640,0,16840
FINNIFTY02JAN2421100CE.NFO,02/01/2024,09:25:53,323.75,322.1,120,322.9,120,0,16840
FINNIFTY02JAN2421100CE.NFO,02/01/2024,09:25:54,323.75,323.9,120,324.6,640,0,16840
FINNIFTY02JAN2421100CE.NFO,02/01/2024,09:25:56,323.75,324.75,40,325.45,560,0,16840
FINNIFTY02JAN2421100CE.NFO,02/01/2024,09:25:58,323.75,325.15,640,326.15,40,0,16840
FINNIFTY02JAN2421100CE.NFO,02/01/2024,09:25:59,323.75,325.5,680,326.45,80,0,16840
FINNIFTY02JAN2421100CE.NFO,02/01/2024,09:26:01,323.75,326.85,120,327.65,640,0,16840
FINNIFTY02JAN2421100CE.NFO,02/01/2024,09:26:03,323.75,325.95,200,326.65,560,0,16840
FINNIFTY02JAN2421100CE.NFO,02/01/2024,09:26:04,323.75,325.8,560,326.6,640,0,16840
FINNIFTY02JAN2421100CE.NFO,02/01/2024,09:26:06,323.75,326.6,640,327.45,560,0,16840
FINNIFTY02JAN2421100CE.NFO,02/01/2024,09:26:08,323.75,325.6,120,326.4,640,0,16840
FINNIFTY02JAN2421100CE.NFO,02/01/2024,09:26:09,323.75,325.9,40,326.6,560,0,16840
FINNIFTY02JAN2421100CE.NFO,02/01/2024,09:26:11,323.75,325.8,240,326.65,640,0,16840
FINNIFTY02JAN2421100CE.NFO,02/01/2024,09:26:13,323.75,326.25,200,327.1,640,0,16840
FINNIFTY02JAN2421100CE.NFO,02/01/2024,09:26:14,330,329.5,40,330.3,640,200,16840
FINNIFTY02JAN2421100CE.NFO,02/01/2024,09:26:16,353.8,351.15,120,352.4,40,5520,16840
FINNIFTY02JAN2421100CE.NFO,02/01/2024,09:26:16,361.5,351.15,120,352.4,40,0,16840
FINNIFTY02JAN2421100CE.NFO,02/01/2024,09:26:18,342.45,341.55,40,344.15,80,1280,16840
FINNIFTY02JAN2421100CE.NFO,02/01/2024,09:26:19,342.5,343.95,40,345.6,160,40,16840
FINNIFTY02JAN2421100CE.NFO,02/01/2024,09:26:21,342.5,343.85,120,345.1,40,0,16840
FINNIFTY02JAN2421100CE.NFO,02/01/2024,09:26:23,342.5,343.2,40,344.8,200,0,16840
FINNIFTY02JAN2421100CE.NFO,02/01/2024,09:26:24,342.5,341.65,40,343.1,560,0,16840
FINNIFTY02JAN2421100CE.NFO,02/01/2024,09:26:26,342.5,341.05,40,341.9,640,0,16840
FINNIFTY02JAN2421100CE.NFO,02/01/2024,09:26:28,342.5,341.9,40,343.05,80,0,16840
FINNIFTY02JAN2421100CE.NFO,02/01/2024,09:26:29,342.5,347.8,40,349.45,120,0,16840
FINNIFTY02JAN2421100CE.NFO,02/01/2024,09:26:31,350.05,349.3,40,351.05,40,40,18600
FINNIFTY02JAN2421100CE.NFO,02/01/2024,09:26:33,350.05,347.75,40,349,80,0,18600
FINNIFTY02JAN2421100CE.NFO,02/01/2024,09:26:34,348.7,347.65,40,348.95,640,40,18600
FINNIFTY02JAN2421100CE.NFO,02/01/2024,09:26:36,348.7,348.45,40,349.4,640,0,18600
FINNIFTY02JAN2421100CE.NFO,02/01/2024,09:26:38,354.4,354,40,355.25,360,80,18600
FINNIFTY02JAN2421100CE.NFO,02/01/2024,09:26:39,361.15,359.35,80,361.6,40,120,18600
FINNIFTY02JAN2421100CE.NFO,02/01/2024,09:26:41,361.15,358.75,120,360.25,80,0,18600
FINNIFTY02JAN2421100CE.NFO,02/01/2024,09:26:43,361.15,359.7,80,360.6,160,0,18600
FINNIFTY02JAN2421100CE.NFO,02/01/2024,09:26:44,365.6,365,40,366.4,40,80,18600
FINNIFTY02JAN2421100CE.NFO,02/01/2024,09:26:44,365.6,365,40,366.4,40,0,18600
FINNIFTY02JAN2421100CE.NFO,02/01/2024,09:26:46,364.9,366.45,40,367.75,160,40,18600
FINNIFTY02JAN2421100CE.NFO,02/01/2024,09:26:48,369.3,365.55,80,366.75,80,40,18600
FINNIFTY02JAN2421100CE.NFO,02/01/2024,09:26:48,369.3,365.55,80,366.75,80,0,18600
FINNIFTY02JAN2421100CE.NFO,02/01/2024,09:26:49,369.3,363.75,40,364.35,80,0,18600
FINNIFTY02JAN2421100CE.NFO,02/01/2024,09:26:51,365.7,366.4,80,367.65,720,80,18600
FINNIFTY02JAN2421100CE.NFO,02/01/2024,09:26:53,365.7,363.5,120,364.4,160,0,18600
FINNIFTY02JAN2421100CE.NFO,02/01/2024,09:26:54,365.7,360.75,40,361.75,40,0,18600
FINNIFTY02JAN2421100CE.NFO,02/01/2024,09:26:56,360,359.5,240,360.4,80,200,18600
FINNIFTY02JAN2421100CE.NFO,02/01/2024,09:26:58,360,357.4,200,358.65,160,0,18600
FINNIFTY02JAN2421100CE.NFO,02/01/2024,09:26:59,360,356.8,240,357.65,80,0,18600
FINNIFTY02JAN2421100CE.NFO,02/01/2024,09:27:01,360,360.85,280,361.95,560,0,18600
FINNIFTY02JAN2421100CE.NFO,02/01/2024,09:27:03,361.5,361.5,280,362.4,80,80,18600
FINNIFTY02JAN2421100CE.NFO,02/01/2024,09:27:04,361.5,360.7,160,361.7,160,0,18600
FINNIFTY02JAN2421100CE.NFO,02/01/2024,09:27:06,361.5,359.8,400,360.65,80,0,18600
FINNIFTY02JAN2421100CE.NFO,02/01/2024,09:27:08,362.1,364,360,366.1,40,40,18600
FINNIFTY02JAN2421100CE.NFO,02/01/2024,09:27:09,362.1,362.8,200,363.85,80,0,18600
FINNIFTY02JAN2421100CE.NFO,02/01/2024,09:27:11,362.1,359.95,280,361.1,80,0,18600
FINNIFTY02JAN2421100CE.NFO,02/01/2024,09:27:13,360.8,361.9,280,362.8,560,40,18600
FINNIFTY02JAN2421100CE.NFO,02/01/2024,09:27:14,360.8,359.95,280,360.8,640,0,18600
FINNIFTY02JAN2421100CE.NFO,02/01/2024,09:27:16,360.8,358.95,400,359.8,160,0,18600
FINNIFTY02JAN2421100CE.NFO,02/01/2024,09:27:18,360.8,359.45,80,360.3,640,0,18600
FINNIFTY02JAN2421100CE.NFO,02/01/2024,09:27:20,360.8,358.45,80,359.65,720,0,18600
FINNIFTY02JAN2421100CE.NFO,02/01/2024,09:27:21,360.8,359.6,40,360.45,560,0,18600
FINNIFTY02JAN2421100CE.NFO,02/01/2024,09:27:23,360.8,360.1,40,360.9,80,0,18600
FINNIFTY02JAN2421100CE.NFO,02/01/2024,09:27:25,360.8,359.45,40,360.2,160,0,18600
FINNIFTY02JAN2421100CE.NFO,02/01/2024,09:27:26,360.8,356.45,200,357.4,160,0,18600
FINNIFTY02JAN2421100CE.NFO,02/01/2024,09:27:28,355.7,355.65,280,356.5,640,80,18600
FINNIFTY02JAN2421100CE.NFO,02/01/2024,09:27:30,355.7,355.65,360,356.55,640,0,18600
FINNIFTY02JAN2421100CE.NFO,02/01/2024,09:27:31,355.7,354.7,480,355.55,80,0,18600
FINNIFTY02JAN2421100CE.NFO,02/01/2024,09:27:33,355.7,354.55,480,355.3,560,0,18600
FINNIFTY02JAN2421100CE.NFO,02/01/2024,09:27:35,355.7,355.3,120,356.35,160,0,18600
FINNIFTY02JAN2421100CE.NFO,02/01/2024,09:27:36,355.7,358.05,40,358.85,560,0,18600
FINNIFTY02JAN2421100CE.NFO,02/01/2024,09:27:38,355.7,357.2,240,358.1,160,0,18600
FINNIFTY02JAN2421100CE.NFO,02/01/2024,09:27:40,355.7,356.8,80,357.7,160,0,18600
FINNIFTY02JAN2421100CE.NFO,02/01/2024,09:27:41,355.7,357.15,320,358.25,240,0,18600
FINNIFTY02JAN2421100CE.NFO,02/01/2024,09:27:43,355.7,358.35,120,359.05,80,0,18600
FINNIFTY02JAN2421100CE.NFO,02/01/2024,09:27:45,355.7,356.95,40,357.65,640,0,18600
FINNIFTY02JAN2421100CE.NFO,02/01/2024,09:27:46,355.7,356.1,80,356.9,160,0,18600
FINNIFTY02JAN2421100CE.NFO,02/01/2024,09:27:48,355.7,356.8,200,357.6,160,0,18600
FINNIFTY02JAN2421100CE.NFO,02/01/2024,09:27:50,355.7,358.7,360,359.5,640,0,18600
FINNIFTY02JAN2421100CE.NFO,02/01/2024,09:27:51,355.7,359.9,200,360.7,160,0,18600
FINNIFTY02JAN2421100CE.NFO,02/01/2024,09:27:53,355.7,364.95,80,366,120,0,18600
FINNIFTY02JAN2421100CE.NFO,02/01/2024,09:27:55,364.8,364.95,200,366.1,160,40,18600
FINNIFTY02JAN2421100CE.NFO,02/01/2024,09:27:56,364.8,365.8,160,366.85,160,0,18600
FINNIFTY02JAN2421100CE.NFO,02/01/2024,09:27:58,369.95,371.1,80,372.85,80,1320,18600
FINNIFTY02JAN2421100CE.NFO,02/01/2024,09:27:58,377.15,371.1,80,372.85,80,0,18600
FINNIFTY02JAN2421100CE.NFO,02/01/2024,09:28:00,372.75,371.15,80,372.45,80,120,18600
FINNIFTY02JAN2421100CE.NFO,02/01/2024,09:28:01,372.75,370.6,40,371.9,160,0,18600
FINNIFTY02JAN2421100CE.NFO,02/01/2024,09:28:03,372.75,374.15,120,375.65,160,0,18600
FINNIFTY02JAN2421100CE.NFO,02/01/2024,09:28:05,372.75,373.55,40,374.8,80,0,18600
FINNIFTY02JAN2421100CE.NFO,02/01/2024,09:28:06,372.75,370.35,280,371.7,40,0,18600
FINNIFTY02JAN2421100CE.NFO,02/01/2024,09:28:08,372.75,370.55,40,371.5,560,0,18600
FINNIFTY02JAN2421100CE.NFO,02/01/2024,09:28:10,372.75,369.1,40,370.1,640,0,18600
FINNIFTY02JAN2421100CE.NFO,02/01/2024,09:28:11,372.75,369.85,40,370.8,80,0,18600
FINNIFTY02JAN2421100CE.NFO,02/01/2024,09:28:13,372.75,368.5,560,369.5,160,0,18600
FINNIFTY02JAN2421100CE.NFO,02/01/2024,09:28:15,372.75,368.15,120,369.1,640,0,18600
FINNIFTY02JAN2421100CE.NFO,02/01/2024,09:28:16,372.75,368.4,120,369.45,160,0,18600
FINNIFTY02JAN2421100CE.NFO,02/01/2024,09:28:18,372.75,367.2,40,368.45,80,0,18600
FINNIFTY02JAN2421100CE.NFO,02/01/2024,09:28:20,372.75,366.1,40,367.35,160,0,18600
FINNIFTY02JAN2421100CE.NFO,02/01/2024,09:28:21,372.75,368.3,40,369.55,80,0,18600
FINNIFTY02JAN2421100CE.NFO,02/01/2024,09:28:23,372.75,368.8,520,369.65,720,0,18600
FINNIFTY02JAN2421100CE.NFO,02/01/2024,09:28:25,372.75,371.35,600,372.75,40,0,18600
FINNIFTY02JAN2421100CE.NFO,02/01/2024,09:28:26,372.75,370.6,120,371.55,160,40,18600
FINNIFTY02JAN2421100CE.NFO,02/01/2024,09:28:28,372.75,369.45,40,370.35,640,0,18600
FINNIFTY02JAN2421100CE.NFO,02/01/2024,09:28:30,372.75,371.25,560,372.1,160,0,18600
FINNIFTY02JAN2421100CE.NFO,02/01/2024,09:28:31,372.75,369.65,40,370.1,80,0,18600
FINNIFTY02JAN2421100CE.NFO,02/01/2024,09:28:33,369.65,366.55,120,367.35,80,40,18600
FINNIFTY02JAN2421100CE.NFO,02/01/2024,09:28:35,369.65,366.3,40,367.15,640,0,18600
FINNIFTY02JAN2421100CE.NFO,02/01/2024,09:28:36,369.65,365,40,366.25,160,0,18600
FINNIFTY02JAN2421100CE.NFO,02/01/2024,09:28:38,369.65,364.45,600,365.4,640,0,18600
FINNIFTY02JAN2421100CE.NFO,02/01/2024,09:28:40,369.65,365.15,560,366.1,600,0,18600
FINNIFTY02JAN2421100CE.NFO,02/01/2024,09:28:41,369.65,365.55,720,366.5,720,0,18600
FINNIFTY02JAN2421100CE.NFO,02/01/2024,09:28:43,369.65,365.45,560,366.25,80,0,18600
FINNIFTY02JAN2421100CE.NFO,02/01/2024,09:28:45,369.65,365.5,40,366.25,560,0,18600
FINNIFTY02JAN2421100CE.NFO,02/01/2024,09:28:46,369.65,367.2,120,368.35,160,0,18600
FINNIFTY02JAN2421100CE.NFO,02/01/2024,09:28:48,369.65,366.3,560,367.2,640,0,18600
FINNIFTY02JAN2421100CE.NFO,02/01/2024,09:28:50,369.65,366.05,560,366.85,80,0,18600
FINNIFTY02JAN2421100CE.NFO,02/01/2024,09:28:51,369.65,366.4,80,367.2,80,0,18600
FINNIFTY02JAN2421100CE.NFO,02/01/2024,09:28:53,369.65,365.5,640,366.25,160,0,18600
FINNIFTY02JAN2421100CE.NFO,02/01/2024,09:28:55,369.65,364.55,480,365.35,80,0,18600
FINNIFTY02JAN2421100CE.NFO,02/01/2024,09:28:56,369.65,364.35,560,365.2,80,0,18600
FINNIFTY02JAN2421100CE.NFO,02/01/2024,09:28:58,369.65,363.5,40,364,560,0,18600
FINNIFTY02JAN2421100CE.NFO,02/01/2024,09:29:00,369.65,362.4,40,363.55,80,0,18600
FINNIFTY02JAN2421100CE.NFO,02/01/2024,09:29:01,369.65,362.85,40,364.05,120,0,18600
FINNIFTY02JAN2421100CE.NFO,02/01/2024,09:29:03,369.65,360.35,40,361.4,640,0,18600
FINNIFTY02JAN2421100CE.NFO,02/01/2024,09:29:05,369.65,361.2,560,362.45,120,0,18600
FINNIFTY02JAN2421100CE.NFO,02/01/2024,09:29:06,369.65,361.25,120,362.6,160,0,18600
FINNIFTY02JAN2421100CE.NFO,02/01/2024,09:29:08,369.65,360.6,120,361.5,640,0,18600
FINNIFTY02JAN2421100CE.NFO,02/01/2024,09:29:10,369.65,360.9,40,362,160,0,18600
FINNIFTY02JAN2421100CE.NFO,02/01/2024,09:29:11,369.65,362.3,840,364,640,0,18600
FINNIFTY02JAN2421100CE.NFO,02/01/2024,09:29:13,369.65,363.6,320,364.9,160,0,18600
FINNIFTY02JAN2421100CE.NFO,02/01/2024,09:29:15,369.65,362.35,600,363.3,160,0,18600
FINNIFTY02JAN2421100CE.NFO,02/01/2024,09:29:16,369.65,361.6,560,362.45,80,0,18600
FINNIFTY02JAN2421100CE.NFO,02/01/2024,09:29:18,369.65,360.95,80,361.8,160,0,18600
FINNIFTY02JAN2421100CE.NFO,02/01/2024,09:29:20,369.65,360.25,400,361,80,0,18600
FINNIFTY02JAN2421100CE.NFO,02/01/2024,09:29:21,369.65,360.15,560,361.05,640,0,18600
FINNIFTY02JAN2421100CE.NFO,02/01/2024,09:29:23,369.65,360.05,560,360.9,640,0,18600
FINNIFTY02JAN2421100CE.NFO,02/01/2024,09:29:25,369.65,361.1,80,361.9,80,0,18600
FINNIFTY02JAN2421100CE.NFO,02/01/2024,09:29:26,369.65,359,560,359.9,160,0,18600
FINNIFTY02JAN2421100CE.NFO,02/01/2024,09:29:28,369.65,358.65,80,359.45,160,0,18600
FINNIFTY02JAN2421100CE.NFO,02/01/2024,09:29:30,369.65,360.05,160,360.9,560,0,18600
FINNIFTY02JAN2421100CE.NFO,02/01/2024,09:29:31,369.65,360.3,560,361.15,160,0,18600
FINNIFTY02JAN2421100CE.NFO,02/01/2024,09:29:33,369.65,359.55,560,360.45,640,0,18600
FINNIFTY02JAN2421100CE.NFO,02/01/2024,09:29:35,369.65,360.85,120,362.35,80,0,18600
FINNIFTY02JAN2421100CE.NFO,02/01/2024,09:29:36,369.65,362.25,560,363.15,640,0,18600
FINNIFTY02JAN2421100CE.NFO,02/01/2024,09:29:38,369.65,362.9,560,363.8,640,0,18600
FINNIFTY02JAN2421100CE.NFO,02/01/2024,09:29:40,369.65,363,40,363.9,200,0,18600
FINNIFTY02JAN2421100CE.NFO,02/01/2024,09:29:41,369.65,362.75,560,363.6,160,0,18600
FINNIFTY02JAN2421100CE.NFO,02/01/2024,09:29:43,369.65,361.4,960,362.2,160,0,18600
FINNIFTY02JAN2421100CE.NFO,02/01/2024,09:29:45,369.65,361.5,40,362.35,720,0,18600
FINNIFTY02JAN2421100CE.NFO,02/01/2024,09:29:46,369.65,360.65,560,361.55,160,0,18600
FINNIFTY02JAN2421100CE.NFO,02/01/2024,09:29:48,369.65,360.3,680,361.2,160,0,18600
FINNIFTY02JAN2421100CE.NFO,02/01/2024,09:29:50,369.65,361.45,560,362.3,640,0,18600
FINNIFTY02JAN2421100CE.NFO,02/01/2024,09:29:51,369.65,361.85,560,362.7,160,0,18600
FINNIFTY02JAN2421100CE.NFO,02/01/2024,09:29:53,369.65,363.2,560,364.1,560,0,18600
FINNIFTY02JAN2421100CE.NFO,02/01/2024,09:29:55,362.4,361.8,280,362.7,600,40,18280
FINNIFTY02JAN2421100CE.NFO,02/01/2024,09:29:56,362.4,361.4,240,362.15,640,0,18280
FINNIFTY02JAN2421100CE.NFO,02/01/2024,09:29:58,362.4,360.7,400,361.55,640,0,18280
FINNIFTY02JAN2421100CE.NFO,02/01/2024,09:30:00,362.4,361.5,560,362.35,560,0,18280
FINNIFTY02JAN2421100CE.NFO,02/01/2024,09:30:01,362.4,363.55,120,364.65,160,0,18280
FINNIFTY02JAN2421100CE.NFO,02/01/2024,09:30:03,362.4,360.05,600,360.95,160,0,18280
FINNIFTY02JAN2421100CE.NFO,02/01/2024,09:30:05,362.4,358.8,200,359.7,720,0,18280
FINNIFTY02JAN2421100CE.NFO,02/01/2024,09:30:06,359.35,357.2,40,358.05,720,200,18280
FINNIFTY02JAN2421100CE.NFO,02/01/2024,09:30:08,359.35,359,40,359.8,80,0,18280
FINNIFTY02JAN2421100CE.NFO,02/01/2024,09:30:10,359.35,359.55,120,360.4,640,0,18280
FINNIFTY02JAN2421100CE.NFO,02/01/2024,09:30:11,359.35,359.15,640,360.3,160,0,18280
FINNIFTY02JAN2421100CE.NFO,02/01/2024,09:30:13,359.35,360.95,200,361.75,640,0,18280
FINNIFTY02JAN2421100CE.NFO,02/01/2024,09:30:15,359.35,363.3,40,364.15,640,0,18280
FINNIFTY02JAN2421100CE.NFO,02/01/2024,09:30:16,359.35,363.35,40,364.2,160,0,18280
FINNIFTY02JAN2421100CE.NFO,02/01/2024,09:30:18,359.35,364.8,40,365.55,80,0,18280
FINNIFTY02JAN2421100CE.NFO,02/01/2024,09:30:20,359.35,366.85,400,367.85,200,0,18280
FINNIFTY02JAN2421100CE.NFO,02/01/2024,09:30:21,359.35,364.65,240,365.4,160,0,18280
FINNIFTY02JAN2421100CE.NFO,02/01/2024,09:30:23,359.35,364.05,560,364.9,80,0,18280
FINNIFTY02JAN2421100CE.NFO,02/01/2024,09:30:25,359.35,363.15,40,364.05,640,0,18280
FINNIFTY02JAN2421100CE.NFO,02/01/2024,09:30:26,359.35,362.45,880,363.4,640,0,18280
FINNIFTY02JAN2421100CE.NFO,02/01/2024,09:30:28,359.35,361.95,560,362.8,640,0,18280
FINNIFTY02JAN2421100CE.NFO,02/01/2024,09:30:30,362.9,361,400,361.9,560,40,18280
FINNIFTY02JAN2421100CE.NFO,02/01/2024,09:30:31,362.9,360.2,40,360.95,160,0,18280
FINNIFTY02JAN2421100CE.NFO,02/01/2024,09:30:33,362.9,360.75,40,361.55,560,0,18280
FINNIFTY02JAN2421100CE.NFO,02/01/2024,09:30:35,362.9,361.2,40,362.15,120,0,18280
FINNIFTY02JAN2421100CE.NFO,02/01/2024,09:30:36,362.9,361.2,40,362.05,560,0,18280
FINNIFTY02JAN2421100CE.NFO,02/01/2024,09:30:38,362.9,360.6,40,361.45,560,0,18280
FINNIFTY02JAN2421100CE.NFO,02/01/2024,09:30:40,362.9,361.35,40,362.05,560,0,18280
FINNIFTY02JAN2421100CE.NFO,02/01/2024,09:30:41,362.9,363.2,80,364.05,560,0,18280
FINNIFTY02JAN2421100CE.NFO,02/01/2024,09:30:43,362.9,361.9,400,362.65,560,0,18280
FINNIFTY02JAN2421100CE.NFO,02/01/2024,09:30:45,362.9,362.25,600,363.15,560,0,18280
FINNIFTY02JAN2421100CE.NFO,02/01/2024,09:30:46,362.9,362.2,40,363,760,0,18280
FINNIFTY02JAN2421100CE.NFO,02/01/2024,09:30:48,362.9,361.85,40,362.7,160,0,18280
FINNIFTY02JAN2421100CE.NFO,02/01/2024,09:30:50,362.9,361.75,40,362.5,160,0,18280
FINNIFTY02JAN2421100CE.NFO,02/01/2024,09:30:51,362.9,361.55,40,362.35,80,0,18280
FINNIFTY02JAN2421100CE.NFO,02/01/2024,09:30:53,362.9,362.05,400,362.85,80,0,18280
FINNIFTY02JAN2421100CE.NFO,02/01/2024,09:30:55,362.9,361.6,80,362.4,160,0,18280
FINNIFTY02JAN2421100CE.NFO,02/01/2024,09:30:56,362.9,360.95,440,361.8,160,0,18280
FINNIFTY02JAN2421100CE.NFO,02/01/2024,09:30:58,362.9,360.6,560,361.5,720,0,18280
FINNIFTY02JAN2421100CE.NFO,02/01/2024,09:31:00,362.9,359.45,40,360.3,640,0,18280
FINNIFTY02JAN2421100CE.NFO,02/01/2024,09:31:01,362.9,359.7,40,360.55,720,0,18280
FINNIFTY02JAN2421100CE.NFO,02/01/2024,09:31:03,362.9,358.85,40,359.65,560,0,18280
FINNIFTY02JAN2421100CE.NFO,02/01/2024,09:31:04,362.9,357.75,440,358.55,80,0,18280
FINNIFTY02JAN2421100CE.NFO,02/01/2024,09:31:06,362.9,357.85,40,358.7,80,0,18280
FINNIFTY02JAN2421100CE.NFO,02/01/2024,09:31:08,362.9,358.15,40,358.95,160,0,18280
FINNIFTY02JAN2421100CE.NFO,02/01/2024,09:31:09,362.9,359,680,360,640,0,18280
FINNIFTY02JAN2421100CE.NFO,02/01/2024,09:31:11,362.9,359.15,40,360,560,0,18280
FINNIFTY02JAN2421100CE.NFO,02/01/2024,09:31:13,362.9,356.55,40,357.5,640,0,18280
FINNIFTY02JAN2421100CE.NFO,02/01/2024,09:31:14,362.9,354.8,80,355.75,160,0,18280
FINNIFTY02JAN2421100CE.NFO,02/01/2024,09:31:16,362.9,354.85,40,356.05,160,0,18280
FINNIFTY02JAN2421100CE.NFO,02/01/2024,09:31:18,362.9,356.4,40,357.25,720,0,18280
FINNIFTY02JAN2421100CE.NFO,02/01/2024,09:31:19,356.85,356.65,560,357.6,120,120,18280
FINNIFTY02JAN2421100CE.NFO,02/01/2024,09:31:21,356.85,355.65,280,356.55,80,0,18280
FINNIFTY02JAN2421100CE.NFO,02/01/2024,09:31:23,356.85,357.6,320,358.5,120,0,18280
FINNIFTY02JAN2421100CE.NFO,02/01/2024,09:31:24,356.85,356.65,560,357.55,120,0,18280
FINNIFTY02JAN2421100CE.NFO,02/01/2024,09:31:26,359,359.35,240,360.2,120,40,18280
FINNIFTY02JAN2421100CE.NFO,02/01/2024,09:31:28,359,359.6,80,360.55,560,0,18280
FINNIFTY02JAN2421100CE.NFO,02/01/2024,09:31:29,359,358.8,40,359.6,120,0,18280
FINNIFTY02JAN2421100CE.NFO,02/01/2024,09:31:31,359,358.5,80,359.35,120,0,18280
FINNIFTY02JAN2421100CE.NFO,02/01/2024,09:31:32,359,358.1,560,358.95,120,0,18280
FINNIFTY02JAN2421100CE.NFO,02/01/2024,09:31:34,359,356.5,80,357.5,120,0,18280
FINNIFTY02JAN2421100CE.NFO,02/01/2024,09:31:36,359,356.15,640,357.05,120,0,18280
FINNIFTY02JAN2421100CE.NFO,02/01/2024,09:31:37,359,356.1,160,356.95,120,0,18280
FINNIFTY02JAN2421100CE.NFO,02/01/2024,09:31:39,359,356.15,80,356.95,640,0,18280
FINNIFTY02JAN2421100CE.NFO,02/01/2024,09:31:41,359,355.45,40,356.25,600,0,18280
FINNIFTY02JAN2421100CE.NFO,02/01/2024,09:31:42,359,354.85,680,355.7,40,0,18280
FINNIFTY02JAN2421100CE.NFO,02/01/2024,09:31:44,359,355.4,560,356.3,40,0,18280
FINNIFTY02JAN2421100CE.NFO,02/01/2024,09:31:46,359,356.45,40,357.2,40,0,18280
FINNIFTY02JAN2421100CE.NFO,02/01/2024,09:31:48,359,356.15,120,357.3,40,0,18280
FINNIFTY02JAN2421100CE.NFO,02/01/2024,09:31:49,359,356.65,120,357.45,600,0,18280
FINNIFTY02JAN2421100CE.NFO,02/01/2024,09:31:51,359,356,480,356.75,40,0,18280
FINNIFTY02JAN2421100CE.NFO,02/01/2024,09:31:53,359,355.4,120,356.15,560,0,18280
FINNIFTY02JAN2421100CE.NFO,02/01/2024,09:31:54,359,353.3,80,354.15,40,0,18280
FINNIFTY02JAN2421100CE.NFO,02/01/2024,09:31:56,359,353.15,80,354.1,40,0,18280
FINNIFTY02JAN2421100CE.NFO,02/01/2024,09:31:58,359,354.15,120,355,40,0,18280
FINNIFTY02JAN2421100CE.NFO,02/01/2024,09:31:59,359,354.85,560,355.75,560,0,18280
FINNIFTY02JAN2421100CE.NFO,02/01/2024,09:32:01,359,353.9,1160,354.8,40,0,18280
FINNIFTY02JAN2421100CE.NFO,02/01/2024,09:32:03,354.35,353.7,280,354.55,120,40,18280
FINNIFTY02JAN2421100CE.NFO,02/01/2024,09:32:04,354.35,352,40,352.8,120,0,18280
FINNIFTY02JAN2421100CE.NFO,02/01/2024,09:32:06,354.35,352.2,640,353.15,120,0,18280
FINNIFTY02JAN2421100CE.NFO,02/01/2024,09:32:08,354.35,352.05,80,352.9,640,0,18280
FINNIFTY02JAN2421100CE.NFO,02/01/2024,09:32:09,354.35,351.8,560,352.7,120,0,18280
FINNIFTY02JAN2421100CE.NFO,02/01/2024,09:32:11,354.35,353.15,640,354.15,640,0,18280
FINNIFTY02JAN2421100CE.NFO,02/01/2024,09:32:13,354.35,355.05,80,355.95,560,0,18280
FINNIFTY02JAN2421100CE.NFO,02/01/2024,09:32:14,354.35,353.2,80,354.1,680,0,18280
FINNIFTY02JAN2421100CE.NFO,02/01/2024,09:32:16,354.35,352.6,200,353.45,40,0,18280
FINNIFTY02JAN2421100CE.NFO,02/01/2024,09:32:18,354.35,351.7,560,352.65,120,0,18280
FINNIFTY02JAN2421100CE.NFO,02/01/2024,09:32:19,350.45,349.4,80,350.3,40,80,18280
FINNIFTY02JAN2421100CE.NFO,02/01/2024,09:32:21,350.45,349.65,200,350.45,560,0,18280
FINNIFTY02JAN2421100CE.NFO,02/01/2024,09:32:22,350.45,349.8,80,350.9,120,0,18280
FINNIFTY02JAN2421100CE.NFO,02/01/2024,09:32:24,350.45,349.85,560,350.7,120,0,18280
FINNIFTY02JAN2421100CE.NFO,02/01/2024,09:32:26,350.45,348.8,800,349.7,560,0,18280
FINNIFTY02JAN2421100CE.NFO,02/01/2024,09:32:27,350.45,350.45,80,351.35,160,0,18280
FINNIFTY02JAN2421100CE.NFO,02/01/2024,09:32:29,350.45,351.25,80,352.15,120,0,18280
FINNIFTY02JAN2421100CE.NFO,02/01/2024,09:32:31,350.45,352,80,352.85,640,0,18280
FINNIFTY02JAN2421100CE.NFO,02/01/2024,09:32:32,350.45,351.15,80,352.05,640,0,18280
FINNIFTY02JAN2421100CE.NFO,02/01/2024,09:32:34,350.45,351.35,360,352.1,640,0,18280
FINNIFTY02JAN2421100CE.NFO,02/01/2024,09:32:36,350.45,350.8,80,351.75,640,0,18280
FINNIFTY02JAN2421100CE.NFO,02/01/2024,09:32:37,350.45,349.05,80,350.15,80,0,18280
FINNIFTY02JAN2421100CE.NFO,02/01/2024,09:32:39,350.45,348.8,120,349.8,680,0,18280
FINNIFTY02JAN2421100CE.NFO,02/01/2024,09:32:41,350.45,349.75,80,350.9,120,0,18280
FINNIFTY02JAN2421100CE.NFO,02/01/2024,09:32:42,350.45,348.85,40,349.6,120,0,18280
FINNIFTY02JAN2421100CE.NFO,02/01/2024,09:32:44,350.45,349.2,560,350.05,40,0,18280
FINNIFTY02JAN2421100CE.NFO,02/01/2024,09:32:46,350.45,348.55,120,349.5,120,0,18280
FINNIFTY02JAN2421100CE.NFO,02/01/2024,09:32:47,350.45,348.6,80,349.65,120,0,18280
FINNIFTY02JAN2421100CE.NFO,02/01/2024,09:32:49,350.45,350.55,640,351.35,120,0,18280
FINNIFTY02JAN2421100CE.NFO,02/01/2024,09:32:51,350.45,350,560,351.2,120,0,18280
FINNIFTY02JAN2421100CE.NFO,02/01/2024,09:32:52,350.45,350.05,560,350.95,120,0,18280
FINNIFTY02JAN2421100CE.NFO,02/01/2024,09:32:54,350.45,350.4,80,351.25,560,0,18280
FINNIFTY02JAN2421100CE.NFO,02/01/2024,09:32:56,350.45,350.1,1200,351,640,0,18280
FINNIFTY02JAN2421100CE.NFO,02/01/2024,09:32:57,350.45,350.1,80,351,120,0,18280
FINNIFTY02JAN2421100CE.NFO,02/01/2024,09:32:59,350.45,351.6,80,352.45,560,0,18280
FINNIFTY02JAN2421100CE.NFO,02/01/2024,09:33:01,350.45,351.5,240,352.65,120,0,18280
FINNIFTY02JAN2421100CE.NFO,02/01/2024,09:33:02,350.45,352.3,560,353.2,40,0,18280
FINNIFTY02JAN2421100CE.NFO,02/01/2024,09:33:04,350.45,352,120,352.75,680,0,18280
FINNIFTY02JAN2421100CE.NFO,02/01/2024,09:33:06,350.45,351.95,80,352.8,40,0,18280
FINNIFTY02JAN2421100CE.NFO,02/01/2024,09:33:07,350.45,351.2,40,352.05,120,0,18280
FINNIFTY02JAN2421100CE.NFO,02/01/2024,09:33:09,350.45,351.6,560,352.45,600,0,18280
FINNIFTY02JAN2421100CE.NFO,02/01/2024,09:33:11,350.45,351.4,80,352.25,640,0,18280
FINNIFTY02JAN2421100CE.NFO,02/01/2024,09:33:12,351.8,351,80,351.85,640,80,18160
FINNIFTY02JAN2421100CE.NFO,02/01/2024,09:33:14,351.8,349.5,240,350.25,640,0,18160
FINNIFTY02JAN2421100CE.NFO,02/01/2024,09:33:16,351.8,347.95,560,348.85,640,0,18160
FINNIFTY02JAN2421100CE.NFO,02/01/2024,09:33:17,351.8,347.8,80,348.7,560,0,18160
FINNIFTY02JAN2421100CE.NFO,02/01/2024,09:33:19,351.8,349.35,280,350.3,640,0,18160
FINNIFTY02JAN2421100CE.NFO,02/01/2024,09:33:21,351.8,348.75,560,349.65,640,0,18160
FINNIFTY02JAN2421100CE.NFO,02/01/2024,09:33:22,351.8,348.5,200,349.45,640,0,18160
FINNIFTY02JAN2421100CE.NFO,02/01/2024,09:33:24,351.8,348,80,348.9,560,0,18160
FINNIFTY02JAN2421100CE.NFO,02/01/2024,09:33:26,351.8,346.45,80,347.8,200,0,18160
FINNIFTY02JAN2421100CE.NFO,02/01/2024,09:33:27,351.8,347.25,80,348.3,120,0,18160
FINNIFTY02JAN2421100CE.NFO,02/01/2024,09:33:29,351.8,346.9,120,347.85,680,0,18160
FINNIFTY02JAN2421100CE.NFO,02/01/2024,09:33:31,351.8,348.4,80,349.3,560,0,18160
FINNIFTY02JAN2421100CE.NFO,02/01/2024,09:33:32,351.8,348.8,1000,349.75,560,0,18160
FINNIFTY02JAN2421100CE.NFO,02/01/2024,09:33:34,351.8,348.85,560,349.7,560,0,18160
FINNIFTY02JAN2421100CE.NFO,02/01/2024,09:33:36,351.8,348.55,560,349.55,560,0,18160
FINNIFTY02JAN2421100CE.NFO,02/01/2024,09:33:37,351.8,350.35,40,351.2,640,0,18160
FINNIFTY02JAN2421100CE.NFO,02/01/2024,09:33:39,351.8,349.2,40,350.1,640,0,18160
FINNIFTY02JAN2421100CE.NFO,02/01/2024,09:33:41,351.8,349.15,120,349.95,640,0,18160
FINNIFTY02JAN2421100CE.NFO,02/01/2024,09:33:42,351.8,349.95,600,350.85,560,0,18160
FINNIFTY02JAN2421100CE.NFO,02/01/2024,09:33:44,351.8,351,80,351.85,640,0,18160
FINNIFTY02JAN2421100CE.NFO,02/01/2024,09:33:46,351.8,351,160,351.9,640,0,18160
FINNIFTY02JAN2421100CE.NFO,02/01/2024,09:33:47,351.9,351.1,80,351.9,640,40,18160
FINNIFTY02JAN2421100CE.NFO,02/01/2024,09:33:49,351.9,351.2,80,352.1,640,0,18160
FINNIFTY02JAN2421100CE.NFO,02/01/2024,09:33:51,351.9,354,200,354.85,640,0,18160
FINNIFTY02JAN2421100CE.NFO,02/01/2024,09:33:52,351.9,355.35,40,356.6,560,0,18160
FINNIFTY02JAN2421100CE.NFO,02/01/2024,09:33:54,351.9,355.5,80,356.4,680,0,18160
FINNIFTY02JAN2421100CE.NFO,02/01/2024,09:33:56,351.9,355.4,600,356.3,560,0,18160
FINNIFTY02JAN2421100CE.NFO,02/01/2024,09:33:57,351.9,354.6,560,355.5,640,0,18160
FINNIFTY02JAN2421100CE.NFO,02/01/2024,09:33:59,351.9,354.5,440,355.3,640,0,18160
FINNIFTY02JAN2421100CE.NFO,02/01/2024,09:34:01,351.9,354.5,80,355.6,120,0,18160
FINNIFTY02JAN2421100CE.NFO,02/01/2024,09:34:02,354.3,353.1,360,353.9,640,40,18160
FINNIFTY02JAN2421100CE.NFO,02/01/2024,09:34:04,354.3,353.1,80,353.9,560,0,18160
FINNIFTY02JAN2421100CE.NFO,02/01/2024,09:34:06,354.3,352.45,40,353.2,560,0,18160
FINNIFTY02JAN2421100CE.NFO,02/01/2024,09:34:07,354.3,352.4,80,353.35,560,0,18160
FINNIFTY02JAN2421100CE.NFO,02/01/2024,09:34:09,354.3,352.5,40,353.35,640,0,18160
FINNIFTY02JAN2421100CE.NFO,02/01/2024,09:34:11,354.3,351.1,200,351.85,640,0,18160
FINNIFTY02JAN2421100CE.NFO,02/01/2024,09:34:12,354.3,351.65,80,352.4,560,0,18160
FINNIFTY02JAN2421100CE.NFO,02/01/2024,09:34:14,354.3,352.15,360,352.85,640,0,18160
FINNIFTY02JAN2421100CE.NFO,02/01/2024,09:34:16,354.3,351.75,40,352.55,640,0,18160
FINNIFTY02JAN2421100CE.NFO,02/01/2024,09:34:17,354.3,351.9,640,352.85,640,0,18160
FINNIFTY02JAN2421100CE.NFO,02/01/2024,09:34:19,354.3,350.3,80,351.2,640,0,18160
FINNIFTY02JAN2421100CE.NFO,02/01/2024,09:34:21,354.3,350.05,160,350.95,640,0,18160
FINNIFTY02JAN2421100CE.NFO,02/01/2024,09:34:22,354.3,349.55,400,350.45,520,0,18160
FINNIFTY02JAN2421100CE.NFO,02/01/2024,09:34:24,354.3,347.8,160,348.6,640,0,18160
FINNIFTY02JAN2421100CE.NFO,02/01/2024,09:34:26,354.3,347.05,560,348,560,0,18160
FINNIFTY02JAN2421100CE.NFO,02/01/2024,09:34:27,354.3,347.8,80,348.7,640,0,18160
FINNIFTY02JAN2421100CE.NFO,02/01/2024,09:34:29,354.3,348,80,348.9,560,0,18160
FINNIFTY02JAN2421100CE.NFO,02/01/2024,09:34:31,354.3,346.85,600,347.75,640,0,18160
FINNIFTY02JAN2421100CE.NFO,02/01/2024,09:34:32,354.3,348.3,160,349.25,640,0,18160
FINNIFTY02JAN2421100CE.NFO,02/01/2024,09:34:34,354.3,348.6,80,349.45,560,0,18160
FINNIFTY02JAN2421100CE.NFO,02/01/2024,09:34:36,354.3,348.75,640,349.7,640,0,18160
FINNIFTY02JAN2421100CE.NFO,02/01/2024,09:34:37,354.3,348.7,40,349.4,640,0,18160
FINNIFTY02JAN2421100CE.NFO,02/01/2024,09:34:39,348.7,347.8,80,348.7,560,40,18160
FINNIFTY02JAN2421100CE.NFO,02/01/2024,09:34:41,348.7,348.55,40,349.45,640,0,18160
FINNIFTY02JAN2421100CE.NFO,02/01/2024,09:34:42,348.7,350.45,80,351.3,560,0,18160
FINNIFTY02JAN2421100CE.NFO,02/01/2024,09:34:44,348.7,349.85,40,350.7,640,0,18160
FINNIFTY02JAN2421100CE.NFO,02/01/2024,09:34:46,348.7,349.95,400,350.75,640,0,18160
FINNIFTY02JAN2421100CE.NFO,02/01/2024,09:34:47,348.7,349.9,80,350.8,640,0,18160
FINNIFTY02JAN2421100CE.NFO,02/01/2024,09:34:49,348.7,349.85,120,350.75,640,0,18160
FINNIFTY02JAN2421100CE.NFO,02/01/2024,09:34:51,348.7,349.35,720,350.2,640,0,18160
FINNIFTY02JAN2421100CE.NFO,02/01/2024,09:34:52,348.7,348.35,640,349.25,560,0,18160
FINNIFTY02JAN2421100CE.NFO,02/01/2024,09:34:54,348.7,348,40,348.85,600,0,18160
FINNIFTY02JAN2421100CE.NFO,02/01/2024,09:34:56,348.7,348.8,80,349.7,640,0,18160
FINNIFTY02JAN2421100CE.NFO,02/01/2024,09:34:57,348.7,349.6,560,350.55,720,0,18160
FINNIFTY02JAN2421100CE.NFO,02/01/2024,09:34:59,348.7,351,560,352.05,640,0,18160
FINNIFTY02JAN2421100CE.NFO,02/01/2024,09:35:01,348.7,352.4,80,353.3,120,0,18160
FINNIFTY02JAN2421100CE.NFO,02/01/2024,09:35:02,348.7,351.7,160,352.55,640,0,18160
FINNIFTY02JAN2421100CE.NFO,02/01/2024,09:35:04,348.7,353.45,280,354.85,560,0,18160
FINNIFTY02JAN2421100CE.NFO,02/01/2024,09:35:06,348.7,352.6,120,353.5,640,0,18160
FINNIFTY02JAN2421100CE.NFO,02/01/2024,09:35:07,348.7,352.7,560,353.7,560,0,18160
FINNIFTY02JAN2421100CE.NFO,02/01/2024,09:35:09,348.7,352.35,240,353.25,640,0,18160
FINNIFTY02JAN2421100CE.NFO,02/01/2024,09:35:11,348.7,350.95,480,351.9,640,0,18160
FINNIFTY02JAN2421100CE.NFO,02/01/2024,09:35:12,348.7,350.4,560,351.35,560,0,18160
FINNIFTY02JAN2421100CE.NFO,02/01/2024,09:35:14,348.7,350.8,120,351.7,640,0,18160
FINNIFTY02JAN2421100CE.NFO,02/01/2024,09:35:16,348.7,350.8,560,351.65,80,0,18160
FINNIFTY02JAN2421100CE.NFO,02/01/2024,09:35:17,348.7,351.3,560,352.25,560,0,18160
FINNIFTY02JAN2421100CE.NFO,02/01/2024,09:35:19,348.7,351.6,80,352.45,640,0,18160
FINNIFTY02JAN2421100CE.NFO,02/01/2024,09:35:21,348.7,353.8,400,354.65,560,0,18160
FINNIFTY02JAN2421100CE.NFO,02/01/2024,09:35:22,348.7,352.3,680,353.25,640,0,18160
FINNIFTY02JAN2421100CE.NFO,02/01/2024,09:35:24,348.7,352.2,80,352.95,560,0,18160
FINNIFTY02JAN2421100CE.NFO,02/01/2024,09:35:26,348.7,352.5,80,353.4,640,0,18160
FINNIFTY02JAN2421100CE.NFO,02/01/2024,09:35:27,348.7,351.85,40,352.8,560,0,18160
FINNIFTY02JAN2421100CE.NFO,02/01/2024,09:35:29,348.7,351.8,40,352.7,640,0,18160
FINNIFTY02JAN2421100CE.NFO,02/01/2024,09:35:31,348.7,350.75,200,351.6,640,0,18160
FINNIFTY02JAN2421100CE.NFO,02/01/2024,09:35:32,348.7,350.85,400,351.7,640,0,18160
FINNIFTY02JAN2421100CE.NFO,02/01/2024,09:35:34,348.7,351.6,80,352.5,640,0,18160
FINNIFTY02JAN2421100CE.NFO,02/01/2024,09:35:36,348.7,350.65,40,351.5,640,0,18160
FINNIFTY02JAN2421100CE.NFO,02/01/2024,09:35:37,348.7,349.55,560,350.45,640,0,18160
FINNIFTY02JAN2421100CE.NFO,02/01/2024,09:35:39,348.7,349.05,600,349.9,640,0,18160
FINNIFTY02JAN2421100CE.NFO,02/01/2024,09:35:41,348.7,349.5,80,350.3,640,0,18160
FINNIFTY02JAN2421100CE.NFO,02/01/2024,09:35:42,348.7,349,640,349.95,560,0,18160
FINNIFTY02JAN2421100CE.NFO,02/01/2024,09:35:44,348.7,349.2,400,350.05,640,0,18160
FINNIFTY02JAN2421100CE.NFO,02/01/2024,09:35:46,348.7,347.4,120,348.25,640,0,18160
FINNIFTY02JAN2421100CE.NFO,02/01/2024,09:35:47,348.7,346.6,640,347.6,640,0,18160
FINNIFTY02JAN2421100CE.NFO,02/01/2024,09:35:49,348.7,347.05,80,348,640,0,18160
FINNIFTY02JAN2421100CE.NFO,02/01/2024,09:35:51,348.7,347.4,80,348.3,640,0,18160
FINNIFTY02JAN2421100CE.NFO,02/01/2024,09:35:52,348.7,347.35,40,348.25,640,0,18160
FINNIFTY02JAN2421100CE.NFO,02/01/2024,09:35:54,348.7,346.55,400,347.4,640,0,18160
FINNIFTY02JAN2421100CE.NFO,02/01/2024,09:35:56,348.7,344.9,880,346.2,200,0,18160
FINNIFTY02JAN2421100CE.NFO,02/01/2024,09:35:57,348.7,345.5,560,346.5,640,0,18160
FINNIFTY02JAN2421100CE.NFO,02/01/2024,09:35:59,348.7,345.9,560,346.75,640,0,18160
FINNIFTY02JAN2421100CE.NFO,02/01/2024,09:36:01,348.7,344.9,200,345.65,560,0,18160
FINNIFTY02JAN2421100CE.NFO,02/01/2024,09:36:02,348.7,345.05,560,346,640,0,18160
FINNIFTY02JAN2421100CE.NFO,02/01/2024,09:36:04,348.7,345.95,80,346.85,560,0,18160
FINNIFTY02JAN2421100CE.NFO,02/01/2024,09:36:06,348.7,346.2,560,347.1,560,0,18160
FINNIFTY02JAN2421100CE.NFO,02/01/2024,09:36:07,348.7,346.8,80,347.8,560,0,18160
FINNIFTY02JAN2421100CE.NFO,02/01/2024,09:36:09,348.7,347.15,80,348,640,0,18160
FINNIFTY02JAN2421100CE.NFO,02/01/2024,09:36:11,348.7,347.25,80,347.95,560,0,18160
FINNIFTY02JAN2421100CE.NFO,02/01/2024,09:36:13,348.7,346.6,40,347.5,640,0,18160
FINNIFTY02JAN2421100CE.NFO,02/01/2024,09:36:14,348.7,344.9,40,345.75,640,0,18160
FINNIFTY02JAN2421100CE.NFO,02/01/2024,09:36:16,341.95,341.5,1160,343.05,400,80,18160
FINNIFTY02JAN2421100CE.NFO,02/01/2024,09:36:18,341.95,341.55,480,342.4,640,0,18120
FINNIFTY02JAN2421100CE.NFO,02/01/2024,09:36:19,341.95,342.15,200,343.4,680,0,18120
FINNIFTY02JAN2421100CE.NFO,02/01/2024,09:36:21,341.95,341.95,40,342.9,120,0,18120
FINNIFTY02JAN2421100CE.NFO,02/01/2024,09:36:23,341.95,342.15,80,343.15,240,0,18120
FINNIFTY02JAN2421100CE.NFO,02/01/2024,09:36:24,341.95,343.65,120,344.6,560,0,18120
FINNIFTY02JAN2421100CE.NFO,02/01/2024,09:36:26,341.95,345.25,40,346.2,120,0,18120
FINNIFTY02JAN2421100CE.NFO,02/01/2024,09:36:28,341.95,345.45,80,346.4,80,0,18120
FINNIFTY02JAN2421100CE.NFO,02/01/2024,09:36:29,341.95,346.1,80,347.05,640,0,18120
FINNIFTY02JAN2421100CE.NFO,02/01/2024,09:36:31,341.95,346.45,80,347.7,120,0,18120
FINNIFTY02JAN2421100CE.NFO,02/01/2024,09:36:33,341.95,345.65,120,346.65,40,0,18120
FINNIFTY02JAN2421100CE.NFO,02/01/2024,09:36:34,341.95,345.15,80,346.25,120,0,18120
FINNIFTY02JAN2421100CE.NFO,02/01/2024,09:36:36,341.95,345.25,120,346.35,920,0,18120
FINNIFTY02JAN2421100CE.NFO,02/01/2024,09:36:38,341.95,344.35,120,345.6,160,0,18120
FINNIFTY02JAN2421100CE.NFO,02/01/2024,09:36:39,341.95,346,80,347.05,120,0,18120
FINNIFTY02JAN2421100CE.NFO,02/01/2024,09:36:41,341.95,346.75,80,347.75,120,0,18120
FINNIFTY02JAN2421100CE.NFO,02/01/2024,09:36:43,341.95,346.05,400,347.2,320,0,18120
FINNIFTY02JAN2421100CE.NFO,02/01/2024,09:36:44,341.95,346.8,80,347.85,120,0,18120
FINNIFTY02JAN2421100CE.NFO,02/01/2024,09:36:46,341.95,347.2,40,348.25,120,0,18120
FINNIFTY02JAN2421100CE.NFO,02/01/2024,09:36:48,341.95,347.15,40,348.35,560,0,18120
FINNIFTY02JAN2421100CE.NFO,02/01/2024,09:36:49,341.95,346.35,80,347.5,120,0,18120
FINNIFTY02JAN2421100CE.NFO,02/01/2024,09:36:51,341.95,347.35,80,348.3,120,0,18120
FINNIFTY02JAN2421100CE.NFO,02/01/2024,09:36:53,341.95,347.6,80,348.5,120,0,18120
FINNIFTY02JAN2421100CE.NFO,02/01/2024,09:36:54,341.95,348.6,120,349.7,120,0,18120
FINNIFTY02JAN2421100CE.NFO,02/01/2024,09:36:56,341.95,347.9,120,348.95,120,0,18120
FINNIFTY02JAN2421100CE.NFO,02/01/2024,09:36:58,341.95,348.05,80,349.05,120,0,18120
FINNIFTY02JAN2421100CE.NFO,02/01/2024,09:36:59,341.95,348.35,80,349.4,200,0,18120
FINNIFTY02JAN2421100CE.NFO,02/01/2024,09:37:01,341.95,350.3,80,351.3,120,0,18120
FINNIFTY02JAN2421100CE.NFO,02/01/2024,09:37:03,341.95,349.75,80,350.9,320,0,18120
FINNIFTY02JAN2421100CE.NFO,02/01/2024,09:37:04,341.95,350.1,80,351.25,120,0,18120
FINNIFTY02JAN2421100CE.NFO,02/01/2024,09:37:06,341.95,350.4,120,351.55,40,0,18120
FINNIFTY02JAN2421100CE.NFO,02/01/2024,09:37:08,351.55,350.1,80,351.1,280,40,18120
FINNIFTY02JAN2421100CE.NFO,02/01/2024,09:37:09,351.55,349.85,400,350.75,280,0,18120
FINNIFTY02JAN2421100CE.NFO,02/01/2024,09:37:11,351.55,349.6,80,350.55,120,0,18120
FINNIFTY02JAN2421100CE.NFO,02/01/2024,09:37:13,351.55,348.65,320,349.7,320,0,18120
FINNIFTY02JAN2421100CE.NFO,02/01/2024,09:37:14,351.55,348.7,80,349.85,40,0,18120
FINNIFTY02JAN2421100CE.NFO,02/01/2024,09:37:16,351.55,348.85,80,349.75,40,0,18120
FINNIFTY02JAN2421100CE.NFO,02/01/2024,09:37:18,351.55,349,40,349.95,200,0,18120
FINNIFTY02JAN2421100CE.NFO,02/01/2024,09:37:19,351.55,349.2,480,350.2,600,0,18120
FINNIFTY02JAN2421100CE.NFO,02/01/2024,09:37:21,351.55,349.75,160,350.65,200,0,18120
FINNIFTY02JAN2421100CE.NFO,02/01/2024,09:37:23,351.55,349.7,80,350.65,120,0,18120
FINNIFTY02JAN2421100CE.NFO,02/01/2024,09:37:24,351.55,350.05,80,351.25,1120,0,18120
FINNIFTY02JAN2421100CE.NFO,02/01/2024,09:37:26,351.55,351.55,360,352.45,160,0,18120
FINNIFTY02JAN2421100CE.NFO,02/01/2024,09:37:28,351.55,351.45,160,352.55,240,0,18120
FINNIFTY02JAN2421100CE.NFO,02/01/2024,09:37:29,351.55,352.2,80,353.4,80,0,18120
FINNIFTY02JAN2421100CE.NFO,02/01/2024,09:37:31,351.55,353.9,40,354.9,640,0,18120
FINNIFTY02JAN2421100CE.NFO,02/01/2024,09:37:32,351.55,354.05,120,355.3,120,0,18120
FINNIFTY02JAN2421100CE.NFO,02/01/2024,09:37:34,351.55,354.2,360,355.15,120,0,18120
FINNIFTY02JAN2421100CE.NFO,02/01/2024,09:37:36,351.55,353.75,80,354.85,160,0,18120
FINNIFTY02JAN2421100CE.NFO,02/01/2024,09:37:37,351.55,351.8,160,352.95,280,0,18120
FINNIFTY02JAN2421100CE.NFO,02/01/2024,09:37:39,351.55,352.9,80,353.95,240,0,18120
FINNIFTY02JAN2421100CE.NFO,02/01/2024,09:37:41,351.55,353.95,120,355.05,160,0,18120
FINNIFTY02JAN2421100CE.NFO,02/01/2024,09:37:42,351.55,353.45,80,354.65,320,0,18120
FINNIFTY02JAN2421100CE.NFO,02/01/2024,09:37:44,351.55,352.75,80,353.9,240,0,18120
FINNIFTY02JAN2421100CE.NFO,02/01/2024,09:37:46,351.55,351.6,40,352.9,160,0,18120
FINNIFTY02JAN2421100CE.NFO,02/01/2024,09:37:47,351.55,351.45,120,352.6,120,0,18120
FINNIFTY02JAN2421100CE.NFO,02/01/2024,09:37:49,351.55,352.3,80,353.45,120,0,18120
FINNIFTY02JAN2421100CE.NFO,02/01/2024,09:37:51,351.55,352.5,80,353.55,200,0,18120
FINNIFTY02JAN2421100CE.NFO,02/01/2024,09:37:52,351.55,351.8,80,352.95,120,0,18120
FINNIFTY02JAN2421100CE.NFO,02/01/2024,09:37:54,351.55,352.95,80,353.95,40,0,18120
FINNIFTY02JAN2421100CE.NFO,02/01/2024,09:37:56,351.55,352.65,80,353.85,480,0,18120
FINNIFTY02JAN2421100CE.NFO,02/01/2024,09:37:57,351.55,352.95,400,354.05,120,0,18120
FINNIFTY02JAN2421100CE.NFO,02/01/2024,09:37:59,351.55,352.45,80,353.45,120,0,18120
FINNIFTY02JAN2421100CE.NFO,02/01/2024,09:38:01,351.55,352.5,80,353.55,280,0,18120
FINNIFTY02JAN2421100CE.NFO,02/01/2024,09:38:02,351.55,353.05,80,354.1,40,0,18120
FINNIFTY02JAN2421100CE.NFO,02/01/2024,09:38:04,351.55,352.5,80,353.65,120,0,18120
FINNIFTY02JAN2421100CE.NFO,02/01/2024,09:38:06,351.55,351.95,80,353.05,280,0,18120
FINNIFTY02JAN2421100CE.NFO,02/01/2024,09:38:07,351.55,351.9,480,352.95,320,0,18120
FINNIFTY02JAN2421100CE.NFO,02/01/2024,09:38:09,351.55,351.85,80,352.75,40,0,18120
FINNIFTY02JAN2421100CE.NFO,02/01/2024,09:38:11,351.55,351.4,80,352.4,200,0,18120
FINNIFTY02JAN2421100CE.NFO,02/01/2024,09:38:12,351.55,351.05,80,352.25,240,0,18120
FINNIFTY02JAN2421100CE.NFO,02/01/2024,09:38:14,351.55,352.1,80,353.05,560,0,18120
FINNIFTY02JAN2421100CE.NFO,02/01/2024,09:38:16,351.55,352.8,80,353.85,360,0,18120
FINNIFTY02JAN2421100CE.NFO,02/01/2024,09:38:17,351.55,352.45,80,353.45,200,0,18120
FINNIFTY02JAN2421100CE.NFO,02/01/2024,09:38:19,351.55,352.7,120,353.75,320,0,18120
FINNIFTY02JAN2421100CE.NFO,02/01/2024,09:38:21,351.55,353.95,120,354.95,120,0,18120
FINNIFTY02JAN2421100CE.NFO,02/01/2024,09:38:22,351.55,354.45,80,355.6,520,0,18120
FINNIFTY02JAN2421100CE.NFO,02/01/2024,09:38:24,351.55,354.1,80,355.3,240,0,18120
FINNIFTY02JAN2421100CE.NFO,02/01/2024,09:38:26,351.55,354.15,80,355,560,0,18120
FINNIFTY02JAN2421100CE.NFO,02/01/2024,09:38:27,359.2,355.5,80,356.75,480,40,18200
FINNIFTY02JAN2421100CE.NFO,02/01/2024,09:38:29,359.2,355.55,80,356.6,40,0,18200
FINNIFTY02JAN2421100CE.NFO,02/01/2024,09:38:31,359.2,355.25,40,356.4,120,0,18200
FINNIFTY02JAN2421100CE.NFO,02/01/2024,09:38:33,359.2,355.5,200,356.45,200,0,18200
FINNIFTY02JAN2421100CE.NFO,02/01/2024,09:38:34,359.2,354.3,280,355.4,80,0,18200
FINNIFTY02JAN2421100CE.NFO,02/01/2024,09:38:36,359.2,353.7,80,354.85,120,0,18200
FINNIFTY02JAN2421100CE.NFO,02/01/2024,09:38:38,359.2,356.1,200,357.15,40,0,18200
FINNIFTY02JAN2421100CE.NFO,02/01/2024,09:38:39,359.2,355.95,120,357.1,200,0,18200
FINNIFTY02JAN2421100CE.NFO,02/01/2024,09:38:41,359.2,356.4,80,357.7,480,0,18200
FINNIFTY02JAN2421100CE.NFO,02/01/2024,09:38:43,359.2,355,400,356.1,360,0,18200
FINNIFTY02JAN2421100CE.NFO,02/01/2024,09:38:44,359.2,356.1,120,357.2,120,0,18200
FINNIFTY02JAN2421100CE.NFO,02/01/2024,09:38:46,359.2,354.15,80,355.8,320,0,18200
FINNIFTY02JAN2421100CE.NFO,02/01/2024,09:38:48,359.2,354.55,80,355.65,200,0,18200
FINNIFTY02JAN2421100CE.NFO,02/01/2024,09:38:49,359.2,354.95,120,356,40,0,18200
FINNIFTY02JAN2421100CE.NFO,02/01/2024,09:38:51,359.2,354.35,80,355.3,200,0,18200
FINNIFTY02JAN2421100CE.NFO,02/01/2024,09:38:53,359.2,355.4,160,356.35,320,0,18200
FINNIFTY02JAN2421100CE.NFO,02/01/2024,09:38:54,359.2,355.9,80,357,560,0,18200
FINNIFTY02JAN2421100CE.NFO,02/01/2024,09:38:56,359.2,357.2,400,358.2,520,0,18200
FINNIFTY02JAN2421100CE.NFO,02/01/2024,09:38:58,361.55,361.2,120,362.4,120,480,18200
FINNIFTY02JAN2421100CE.NFO,02/01/2024,09:38:59,361.55,359.95,160,361.45,120,0,18200
FINNIFTY02JAN2421100CE.NFO,02/01/2024,09:39:01,361.55,360.8,160,361.8,120,0,18200
FINNIFTY02JAN2421100CE.NFO,02/01/2024,09:39:03,367.7,364.15,280,365.2,80,360,18200
FINNIFTY02JAN2421100CE.NFO,02/01/2024,09:39:04,367.7,363.2,160,364.45,160,0,18200
FINNIFTY02JAN2421100CE.NFO,02/01/2024,09:39:06,367.7,363.9,80,365.05,80,0,18200
FINNIFTY02JAN2421100CE.NFO,02/01/2024,09:39:08,367.7,363.55,80,364.65,160,0,18200
FINNIFTY02JAN2421100CE.NFO,02/01/2024,09:39:09,367.7,361.8,160,363.1,160,0,18200
FINNIFTY02JAN2421100CE.NFO,02/01/2024,09:39:11,367.7,361.6,80,362.6,80,0,18200
FINNIFTY02JAN2421100CE.NFO,02/01/2024,09:39:13,367.7,362.1,160,363.1,80,0,18200
FINNIFTY02JAN2421100CE.NFO,02/01/2024,09:39:14,367.7,362.1,160,363.2,160,0,18200
FINNIFTY02JAN2421100CE.NFO,02/01/2024,09:39:16,367.7,361.4,80,362.65,80,0,18200
FINNIFTY02JAN2421100CE.NFO,02/01/2024,09:39:18,367.7,359.25,200,360.3,160,0,18200
FINNIFTY02JAN2421100CE.NFO,02/01/2024,09:39:19,367.7,360.4,80,361.55,280,0,18200
FINNIFTY02JAN2421100CE.NFO,02/01/2024,09:39:21,367.7,361.55,160,362.55,80,0,18200
FINNIFTY02JAN2421100CE.NFO,02/01/2024,09:39:23,367.7,361.95,160,363,80,0,18200
FINNIFTY02JAN2421100CE.NFO,02/01/2024,09:39:24,367.7,361.1,200,362.25,80,0,18200
FINNIFTY02JAN2421100CE.NFO,02/01/2024,09:39:26,367.7,362.2,160,363.45,80,0,18200
FINNIFTY02JAN2421100CE.NFO,02/01/2024,09:39:28,367.7,363.25,80,364.35,40,0,18200
FINNIFTY02JAN2421100CE.NFO,02/01/2024,09:39:29,367.7,362.35,160,363.45,160,0,18200
FINNIFTY02JAN2421100CE.NFO,02/01/2024,09:39:31,367.7,361.4,40,362.55,160,0,18200
FINNIFTY02JAN2421100CE.NFO,02/01/2024,09:39:33,367.7,361.2,80,362.35,80,0,18200
FINNIFTY02JAN2421100CE.NFO,02/01/2024,09:39:34,367.7,361.65,160,362.7,120,0,18200
FINNIFTY02JAN2421100CE.NFO,02/01/2024,09:39:36,367.7,360.35,160,361.4,160,0,18200
FINNIFTY02JAN2421100CE.NFO,02/01/2024,09:39:38,367.7,360.3,240,361.35,80,0,18200
FINNIFTY02JAN2421100CE.NFO,02/01/2024,09:39:39,367.7,361.1,200,362,560,0,18200
FINNIFTY02JAN2421100CE.NFO,02/01/2024,09:39:41,367.7,361.45,280,362.55,800,0,18200
FINNIFTY02JAN2421100CE.NFO,02/01/2024,09:39:43,362.75,362.25,200,363.15,560,40,18200
FINNIFTY02JAN2421100CE.NFO,02/01/2024,09:39:44,362.75,364.45,560,365.7,80,0,18200
FINNIFTY02JAN2421100CE.NFO,02/01/2024,09:39:46,362.75,366.9,160,368.05,80,0,18200
FINNIFTY02JAN2421100CE.NFO,02/01/2024,09:39:48,362.75,364.15,120,365.3,160,0,18200
FINNIFTY02JAN2421100CE.NFO,02/01/2024,09:39:49,362.75,365.65,160,366.75,160,0,18200
FINNIFTY02JAN2421100CE.NFO,02/01/2024,09:39:51,362.75,366.65,80,367.8,80,0,18200
FINNIFTY02JAN2421100CE.NFO,02/01/2024,09:39:53,362.75,364.9,520,365.85,160,0,18200
FINNIFTY02JAN2421100CE.NFO,02/01/2024,09:39:54,362.75,365.75,160,366.9,80,0,18200
FINNIFTY02JAN2421100CE.NFO,02/01/2024,09:39:56,362.75,364.4,160,365.45,160,0,18200
FINNIFTY02JAN2421100CE.NFO,02/01/2024,09:39:58,362.75,364.4,160,365.45,80,0,18200
FINNIFTY02JAN2421100CE.NFO,02/01/2024,09:39:59,362.75,363.85,120,365,160,0,18200
FINNIFTY02JAN2421100CE.NFO,02/01/2024,09:40:01,362.75,362.75,80,363.95,200,0,18200
FINNIFTY02JAN2421100CE.NFO,02/01/2024,09:40:03,362.75,365.6,200,366.8,200,0,18200
FINNIFTY02JAN2421100CE.NFO,02/01/2024,09:40:04,365.7,365.3,80,366.4,160,40,18200
FINNIFTY02JAN2421100CE.NFO,02/01/2024,09:40:06,365.7,363.7,160,364.75,160,0,18200
FINNIFTY02JAN2421100CE.NFO,02/01/2024,09:40:08,365.7,363.1,560,364.1,160,0,18200
FINNIFTY02JAN2421100CE.NFO,02/01/2024,09:40:09,365.7,363.25,80,364.35,160,0,18200
FINNIFTY02JAN2421100CE.NFO,02/01/2024,09:40:11,365.7,362.7,40,363.85,200,0,18200
FINNIFTY02JAN2421100CE.NFO,02/01/2024,09:40:13,365.7,362.75,200,363.95,160,0,18200
FINNIFTY02JAN2421100CE.NFO,02/01/2024,09:40:14,365.7,363.05,160,364.05,160,0,18200
FINNIFTY02JAN2421100CE.NFO,02/01/2024,09:40:16,363.95,363.05,40,364.15,120,40,18200
FINNIFTY02JAN2421100CE.NFO,02/01/2024,09:40:18,363.95,364.6,440,365.75,80,0,18200
FINNIFTY02JAN2421100CE.NFO,02/01/2024,09:40:19,363.95,365.7,480,366.8,120,0,18200
FINNIFTY02JAN2421100CE.NFO,02/01/2024,09:40:21,363.95,365.7,160,366.8,120,0,18200
FINNIFTY02JAN2421100CE.NFO,02/01/2024,09:40:23,363.95,364.95,160,365.95,80,0,18200
FINNIFTY02JAN2421100CE.NFO,02/01/2024,09:40:24,363.95,364.7,160,365.6,40,0,18200
FINNIFTY02JAN2421100CE.NFO,02/01/2024,09:40:26,363.95,363.55,160,364.6,120,0,18200
FINNIFTY02JAN2421100CE.NFO,02/01/2024,09:40:28,363.95,362.15,80,363.2,120,0,18200
FINNIFTY02JAN2421100CE.NFO,02/01/2024,09:40:29,363.95,362.2,80,363.4,120,0,18200
FINNIFTY02JAN2421100CE.NFO,02/01/2024,09:40:31,363.95,361.75,160,362.8,120,0,18200
FINNIFTY02JAN2421100CE.NFO,02/01/2024,09:40:33,363.95,361.25,80,362.35,40,0,18200
FINNIFTY02JAN2421100CE.NFO,02/01/2024,09:40:34,361.15,361.25,120,362.5,160,80,18200
FINNIFTY02JAN2421100CE.NFO,02/01/2024,09:40:36,361.15,362.4,120,363.55,160,0,18200
FINNIFTY02JAN2421100CE.NFO,02/01/2024,09:40:38,361.15,362.25,120,363.2,160,0,18200
FINNIFTY02JAN2421100CE.NFO,02/01/2024,09:40:39,361.15,361.95,160,362.95,160,0,18200
FINNIFTY02JAN2421100CE.NFO,02/01/2024,09:40:41,361.15,362.55,40,363.45,80,0,18200
FINNIFTY02JAN2421100CE.NFO,02/01/2024,09:40:43,361.15,360.85,120,361.85,160,0,18200
FINNIFTY02JAN2421100CE.NFO,02/01/2024,09:40:44,361.15,360,160,361.1,160,0,18200
FINNIFTY02JAN2421100CE.NFO,02/01/2024,09:40:46,361.15,358.25,120,359.35,160,0,18200
FINNIFTY02JAN2421100CE.NFO,02/01/2024,09:40:48,361.15,358.5,120,359.55,200,0,18200
FINNIFTY02JAN2421100CE.NFO,02/01/2024,09:40:49,361.15,359.05,120,360.1,80,0,18200
FINNIFTY02JAN2421100CE.NFO,02/01/2024,09:40:51,361.15,359.85,120,360.85,160,0,18200
FINNIFTY02JAN2421100CE.NFO,02/01/2024,09:40:53,361.15,360.2,120,361.25,160,0,18200
FINNIFTY02JAN2421100CE.NFO,02/01/2024,09:40:54,361.15,362,120,363.1,160,0,18200
FINNIFTY02JAN2421100CE.NFO,02/01/2024,09:40:56,361.15,360.7,160,361.85,160,0,18200
FINNIFTY02JAN2421100CE.NFO,02/01/2024,09:40:58,361.15,360.25,40,361.2,80,0,18200
FINNIFTY02JAN2421100CE.NFO,02/01/2024,09:40:59,361.15,362.05,120,363.15,160,0,18200
FINNIFTY02JAN2421100CE.NFO,02/01/2024,09:41:01,361.15,360.35,120,361.3,160,0,18200
FINNIFTY02JAN2421100CE.NFO,02/01/2024,09:41:03,361.15,360.2,520,361.2,160,0,18200
FINNIFTY02JAN2421100CE.NFO,02/01/2024,09:41:04,361.15,360.15,40,361.45,160,0,18200
FINNIFTY02JAN2421100CE.NFO,02/01/2024,09:41:06,361.15,360.85,160,361.9,160,0,18200
FINNIFTY02JAN2421100CE.NFO,02/01/2024,09:41:08,361.15,361.15,160,362.15,160,0,18200
FINNIFTY02JAN2421100CE.NFO,02/01/2024,09:41:09,361.15,360.3,40,361.35,120,0,18200
FINNIFTY02JAN2421100CE.NFO,02/01/2024,09:41:11,361.15,359.55,160,360.65,160,0,18200
FINNIFTY02JAN2421100CE.NFO,02/01/2024,09:41:13,361.15,359.25,200,360.35,160,0,18200
FINNIFTY02JAN2421100CE.NFO,02/01/2024,09:41:14,361.15,359.85,40,360.85,160,0,18200
FINNIFTY02JAN2421100CE.NFO,02/01/2024,09:41:16,361.15,360.3,120,361.35,80,0,18200
FINNIFTY02JAN2421100CE.NFO,02/01/2024,09:41:18,361.15,359.95,120,360.85,160,0,18200
FINNIFTY02JAN2421100CE.NFO,02/01/2024,09:41:19,361.15,359.05,120,360.1,160,0,18200
FINNIFTY02JAN2421100CE.NFO,02/01/2024,09:41:21,361.15,360.65,120,361.7,80,0,18200
FINNIFTY02JAN2421100CE.NFO,02/01/2024,09:41:23,361.15,361.25,120,362.15,160,0,18200
FINNIFTY02JAN2421100CE.NFO,02/01/2024,09:41:24,361.15,361.25,120,362.3,160,0,18200
FINNIFTY02JAN2421100CE.NFO,02/01/2024,09:41:26,361.15,360.85,120,361.85,80,0,18200
FINNIFTY02JAN2421100CE.NFO,02/01/2024,09:41:28,361.15,360.9,120,361.8,160,0,18200
FINNIFTY02JAN2421100CE.NFO,02/01/2024,09:41:29,361.15,360.35,120,361.5,160,0,18200
FINNIFTY02JAN2421100CE.NFO,02/01/2024,09:41:31,361.15,359.85,80,360.9,80,0,18200
FINNIFTY02JAN2421100CE.NFO,02/01/2024,09:41:33,361.15,360.55,120,361.65,160,0,18200
FINNIFTY02JAN2421100CE.NFO,02/01/2024,09:41:34,361.15,360.7,560,361.9,160,0,18200
FINNIFTY02JAN2421100CE.NFO,02/01/2024,09:41:36,361.15,360.5,40,361.5,160,0,18200
FINNIFTY02JAN2421100CE.NFO,02/01/2024,09:41:38,361.15,359.5,120,360.65,160,0,18200
FINNIFTY02JAN2421100CE.NFO,02/01/2024,09:41:39,361.15,359.65,120,360.8,160,0,18200
FINNIFTY02JAN2421100CE.NFO,02/01/2024,09:41:41,361.15,361.05,120,362.05,160,0,18200
FINNIFTY02JAN2421100CE.NFO,02/01/2024,09:41:43,361.15,360.9,480,361.95,160,0,18200
FINNIFTY02JAN2421100CE.NFO,02/01/2024,09:41:44,361.15,361.15,120,362.2,120,0,18200
FINNIFTY02JAN2421100CE.NFO,02/01/2024,09:41:46,361.15,361.4,120,362.35,40,0,18200
FINNIFTY02JAN2421100CE.NFO,02/01/2024,09:41:48,361.15,360.7,120,361.8,120,0,18200
FINNIFTY02JAN2421100CE.NFO,02/01/2024,09:41:49,361.15,360.75,40,361.65,160,0,18200
FINNIFTY02JAN2421100CE.NFO,02/01/2024,09:41:51,361.15,359.8,120,360.85,160,0,18200
FINNIFTY02JAN2421100CE.NFO,02/01/2024,09:41:53,361.15,359.45,120,360.55,160,0,18200
FINNIFTY02JAN2421100CE.NFO,02/01/2024,09:41:54,361.15,360.25,120,361.25,200,0,18200
FINNIFTY02JAN2421100CE.NFO,02/01/2024,09:41:56,361.15,360.05,120,361.1,160,0,18200
FINNIFTY02JAN2421100CE.NFO,02/01/2024,09:41:58,361.15,360.25,120,361.2,160,0,18200
FINNIFTY02JAN2421100CE.NFO,02/01/2024,09:41:59,361.15,359.75,40,360.9,160,0,18200
FINNIFTY02JAN2421100CE.NFO,02/01/2024,09:42:01,355.35,356.8,40,358.15,80,80,18480
FINNIFTY02JAN2421100CE.NFO,02/01/2024,09:42:03,355.35,356.05,40,357.15,160,0,18480
FINNIFTY02JAN2421100CE.NFO,02/01/2024,09:42:04,355.35,356.7,40,357.85,80,0,18480
FINNIFTY02JAN2421100CE.NFO,02/01/2024,09:42:06,355.35,354.4,120,355.35,160,0,18480
FINNIFTY02JAN2421100CE.NFO,02/01/2024,09:42:08,355.35,354.4,40,355.35,160,0,18480
FINNIFTY02JAN2421100CE.NFO,02/01/2024,09:42:09,355.35,355.65,40,356.55,80,0,18480
FINNIFTY02JAN2421100CE.NFO,02/01/2024,09:42:11,355.35,355.85,40,356.85,80,0,18480
FINNIFTY02JAN2421100CE.NFO,02/01/2024,09:42:13,355.35,355.65,40,356.6,80,0,18480
FINNIFTY02JAN2421100CE.NFO,02/01/2024,09:42:14,355.35,355.5,40,356.5,160,0,18480
FINNIFTY02JAN2421100CE.NFO,02/01/2024,09:42:16,355.35,355.4,40,356.65,160,0,18480
FINNIFTY02JAN2421100CE.NFO,02/01/2024,09:42:18,355.35,355.9,40,357,160,0,18480
FINNIFTY02JAN2421100CE.NFO,02/01/2024,09:42:19,355.35,357.7,40,358.8,160,0,18480
FINNIFTY02JAN2421100CE.NFO,02/01/2024,09:42:21,355.35,356.2,40,357.45,160,0,18480
FINNIFTY02JAN2421100CE.NFO,02/01/2024,09:42:23,355.35,356.05,40,357.1,160,0,18480
FINNIFTY02JAN2421100CE.NFO,02/01/2024,09:42:24,355.35,355.95,40,357.15,40,0,18480
FINNIFTY02JAN2421100CE.NFO,02/01/2024,09:42:26,355.35,355.4,280,356.55,160,0,18480
FINNIFTY02JAN2421100CE.NFO,02/01/2024,09:42:28,355.35,355.45,40,356.4,160,0,18480
FINNIFTY02JAN2421100CE.NFO,02/01/2024,09:42:29,355.35,356.4,40,357.4,80,0,18480
FINNIFTY02JAN2421100CE.NFO,02/01/2024,09:42:31,355.35,357.4,40,358.35,160,0,18480
FINNIFTY02JAN2421100CE.NFO,02/01/2024,09:42:33,355.35,357.2,80,358.25,80,0,18480
FINNIFTY02JAN2421100CE.NFO,02/01/2024,09:42:34,355.35,356.6,40,357.7,160,0,18480
FINNIFTY02JAN2421100CE.NFO,02/01/2024,09:42:36,355.35,356.45,40,357.5,80,0,18480
FINNIFTY02JAN2421100CE.NFO,02/01/2024,09:42:38,355.35,356.8,880,358,160,0,18480
FINNIFTY02JAN2421100CE.NFO,02/01/2024,09:42:39,355.35,358.2,40,359.2,160,0,18480
FINNIFTY02JAN2421100CE.NFO,02/01/2024,09:42:41,355.35,357.45,40,358.35,80,0,18480
FINNIFTY02JAN2421100CE.NFO,02/01/2024,09:42:43,355.35,357.8,40,358.85,160,0,18480
FINNIFTY02JAN2421100CE.NFO,02/01/2024,09:42:44,355.35,358.4,80,359.3,560,0,18480
FINNIFTY02JAN2421100CE.NFO,02/01/2024,09:42:46,355.35,357.95,120,359,160,0,18480
FINNIFTY02JAN2421100CE.NFO,02/01/2024,09:42:48,355.35,358.35,160,359.35,160,0,18480
FINNIFTY02JAN2421100CE.NFO,02/01/2024,09:42:49,355.35,358.1,40,359.1,40,0,18480
FINNIFTY02JAN2421100CE.NFO,02/01/2024,09:42:51,355.35,358.6,80,359.65,160,0,18480
FINNIFTY02JAN2421100CE.NFO,02/01/2024,09:42:53,355.35,360.5,40,361.85,80,0,18480
FINNIFTY02JAN2421100CE.NFO,02/01/2024,09:42:55,355.35,359.95,40,361,80,0,18480
FINNIFTY02JAN2421100CE.NFO,02/01/2024,09:42:56,355.35,360.55,120,361.6,160,0,18480
FINNIFTY02JAN2421100CE.NFO,02/01/2024,09:42:58,355.35,360.9,40,362,160,0,18480
FINNIFTY02JAN2421100CE.NFO,02/01/2024,09:43:00,355.35,361.35,40,362.55,640,0,18480
FINNIFTY02JAN2421100CE.NFO,02/01/2024,09:43:01,355.35,359.25,40,360.35,80,0,18480
FINNIFTY02JAN2421100CE.NFO,02/01/2024,09:43:03,355.35,360.05,40,361.1,160,0,18480
FINNIFTY02JAN2421100CE.NFO,02/01/2024,09:43:05,355.35,361.05,80,362.05,160,0,18480
FINNIFTY02JAN2421100CE.NFO,02/01/2024,09:43:06,355.35,360.1,40,361.25,80,0,18480
FINNIFTY02JAN2421100CE.NFO,02/01/2024,09:43:08,355.35,360,480,361.05,160,0,18480
FINNIFTY02JAN2421100CE.NFO,02/01/2024,09:43:10,355.35,359.25,400,360.3,160,0,18480
FINNIFTY02JAN2421100CE.NFO,02/01/2024,09:43:11,355.35,359,440,359.95,160,0,18480
FINNIFTY02JAN2421100CE.NFO,02/01/2024,09:43:13,355.35,356.65,40,357.75,80,0,18480
FINNIFTY02JAN2421100CE.NFO,02/01/2024,09:43:15,355.35,356.95,40,358,120,0,18480
FINNIFTY02JAN2421100CE.NFO,02/01/2024,09:43:16,355.35,357.1,40,358.15,160,0,18480
FINNIFTY02JAN2421100CE.NFO,02/01/2024,09:43:18,355.35,356.45,520,357.45,80,0,18480
FINNIFTY02JAN2421100CE.NFO,02/01/2024,09:43:20,355.35,355.95,400,356.95,160,0,18480
FINNIFTY02JAN2421100CE.NFO,02/01/2024,09:43:21,355.35,355.75,40,356.85,160,0,18480
FINNIFTY02JAN2421100CE.NFO,02/01/2024,09:43:23,355.35,355.75,40,356.8,80,0,18480
FINNIFTY02JAN2421100CE.NFO,02/01/2024,09:43:25,355.35,355.5,40,356.35,160,40,18480
FINNIFTY02JAN2421100CE.NFO,02/01/2024,09:43:26,355.35,353.95,40,354.9,160,0,18480
FINNIFTY02JAN2421100CE.NFO,02/01/2024,09:43:28,355.35,353.85,40,354.8,160,0,18480
FINNIFTY02JAN2421100CE.NFO,02/01/2024,09:43:30,355.35,354.95,40,355.9,80,0,18480
FINNIFTY02JAN2421100CE.NFO,02/01/2024,09:43:31,355.35,354.7,40,355.75,160,0,18480
FINNIFTY02JAN2421100CE.NFO,02/01/2024,09:43:33,355.35,352.65,40,354,80,0,18480
FINNIFTY02JAN2421100CE.NFO,02/01/2024,09:43:35,352.35,353,40,354,160,400,18480
FINNIFTY02JAN2421100CE.NFO,02/01/2024,09:43:36,352.35,352.55,240,353.65,160,0,18480
FINNIFTY02JAN2421100CE.NFO,02/01/2024,09:43:38,352.35,350.75,120,352.05,120,0,18480
FINNIFTY02JAN2421100CE.NFO,02/01/2024,09:43:40,352.35,351.2,280,352.4,640,0,18480
FINNIFTY02JAN2421100CE.NFO,02/01/2024,09:43:41,352.35,351.75,40,352.8,80,0,18480
FINNIFTY02JAN2421100CE.NFO,02/01/2024,09:43:43,352.35,351.2,200,352.35,120,0,18480
FINNIFTY02JAN2421100CE.NFO,02/01/2024,09:43:45,352.35,350.45,120,351.7,40,0,18480
FINNIFTY02JAN2421100CE.NFO,02/01/2024,09:43:46,352.35,351.45,120,352.55,160,0,18480
FINNIFTY02JAN2421100CE.NFO,02/01/2024,09:43:48,352.35,353.65,40,354.8,120,0,18480
FINNIFTY02JAN2421100CE.NFO,02/01/2024,09:43:50,352.35,353.6,40,354.85,440,0,18480
FINNIFTY02JAN2421100CE.NFO,02/01/2024,09:43:51,352.35,352.8,40,354.1,200,0,18480
FINNIFTY02JAN2421100CE.NFO,02/01/2024,09:43:53,352.35,352.2,40,353.3,80,0,18480
FINNIFTY02JAN2421100CE.NFO,02/01/2024,09:43:55,352.35,351.8,40,352.8,160,0,18480
FINNIFTY02JAN2421100CE.NFO,02/01/2024,09:43:56,352.35,351.3,40,352.5,160,0,18480
FINNIFTY02JAN2421100CE.NFO,02/01/2024,09:43:58,352.35,352.45,80,353.7,200,0,18480
FINNIFTY02JAN2421100CE.NFO,02/01/2024,09:44:00,352.35,354.2,40,355.35,160,0,18480
FINNIFTY02JAN2421100CE.NFO,02/01/2024,09:44:01,352.35,352,160,353.4,200,0,18480
FINNIFTY02JAN2421100CE.NFO,02/01/2024,09:44:03,352.35,350.2,840,351.5,160,0,18480
FINNIFTY02JAN2421100CE.NFO,02/01/2024,09:44:05,352.35,348.6,120,349.85,120,0,18480
FINNIFTY02JAN2421100CE.NFO,02/01/2024,09:44:06,352.35,348.6,600,350,400,0,18480
FINNIFTY02JAN2421100CE.NFO,02/01/2024,09:44:08,352.35,348.75,40,350,160,0,18480
FINNIFTY02JAN2421100CE.NFO,02/01/2024,09:44:10,352.35,347.85,120,349.1,240,0,18480
FINNIFTY02JAN2421100CE.NFO,02/01/2024,09:44:11,352.35,348.5,120,349.75,200,0,18480
FINNIFTY02JAN2421100CE.NFO,02/01/2024,09:44:13,352.35,349.3,80,350.55,200,0,18480
FINNIFTY02JAN2421100CE.NFO,02/01/2024,09:44:15,352.35,349.55,40,350.85,40,0,18480
FINNIFTY02JAN2421100CE.NFO,02/01/2024,09:44:16,352.35,349.05,40,350.25,120,0,18480
FINNIFTY02JAN2421100CE.NFO,02/01/2024,09:44:18,352.35,346.3,120,348.65,560,0,18480
FINNIFTY02JAN2421100CE.NFO,02/01/2024,09:44:20,352.35,346.4,40,347.7,560,0,18480
FINNIFTY02JAN2421100CE.NFO,02/01/2024,09:44:21,352.35,348.75,120,350.15,160,0,18480
FINNIFTY02JAN2421100CE.NFO,02/01/2024,09:44:23,352.35,348.65,80,349.85,120,0,18480
FINNIFTY02JAN2421100CE.NFO,02/01/2024,09:44:25,352.35,348.6,40,349.8,120,0,18480
FINNIFTY02JAN2421100CE.NFO,02/01/2024,09:44:26,352.35,349,40,350.2,560,0,18480
FINNIFTY02JAN2421100CE.NFO,02/01/2024,09:44:28,352.35,349.6,120,350.9,120,0,18480
FINNIFTY02JAN2421100CE.NFO,02/01/2024,09:44:31,352.35,349.45,40,350.6,120,0,18480
FINNIFTY02JAN2421100CE.NFO,02/01/2024,09:44:33,352.35,349.4,40,350.6,120,0,18480
FINNIFTY02JAN2421100CE.NFO,02/01/2024,09:44:34,352.35,348.25,40,349.3,160,0,18480
FINNIFTY02JAN2421100CE.NFO,02/01/2024,09:44:36,352.35,347.4,120,348.65,120,0,18480
FINNIFTY02JAN2421100CE.NFO,02/01/2024,09:44:38,352.35,348.65,40,350,160,0,18480
FINNIFTY02JAN2421100CE.NFO,02/01/2024,09:44:39,352.35,348.65,40,349.7,40,0,18480
FINNIFTY02JAN2421100CE.NFO,02/01/2024,09:44:41,352.35,349.75,40,351.05,160,0,18480
FINNIFTY02JAN2421100CE.NFO,02/01/2024,09:44:43,352.35,349.75,160,350.85,160,0,18480
FINNIFTY02JAN2421100CE.NFO,02/01/2024,09:44:44,352.35,349.95,120,351.15,160,0,18480
FINNIFTY02JAN2421100CE.NFO,02/01/2024,09:44:46,352.35,349.15,160,350.35,200,0,18480
FINNIFTY02JAN2421100CE.NFO,02/01/2024,09:44:48,352.35,348.95,80,349.9,120,0,18480
FINNIFTY02JAN2421100CE.NFO,02/01/2024,09:44:49,352.35,348.85,80,349.8,640,0,18480
FINNIFTY02JAN2421100CE.NFO,02/01/2024,09:44:51,352.35,348.65,40,349.75,280,0,18480
FINNIFTY02JAN2421100CE.NFO,02/01/2024,09:44:53,352.35,349.05,40,350.15,160,0,18480
FINNIFTY02JAN2421100CE.NFO,02/01/2024,09:44:54,352.35,349.4,40,350.5,200,0,18480
FINNIFTY02JAN2421100CE.NFO,02/01/2024,09:44:56,352.35,348.65,40,349.7,160,0,18480
FINNIFTY02JAN2421100CE.NFO,02/01/2024,09:44:58,352.35,348.1,40,349.2,160,0,18480
FINNIFTY02JAN2421100CE.NFO,02/01/2024,09:45:00,352.35,348.1,40,349.25,200,0,18480
FINNIFTY02JAN2421100CE.NFO,02/01/2024,09:45:01,352.35,346.95,80,348.2,80,0,18480
FINNIFTY02JAN2421100CE.NFO,02/01/2024,09:45:03,352.35,347.05,40,348.35,160,0,18480
FINNIFTY02JAN2421100CE.NFO,02/01/2024,09:45:05,352.35,349.25,120,350.5,80,0,18480
FINNIFTY02JAN2421100CE.NFO,02/01/2024,09:45:06,352.35,347.7,40,348.8,120,0,18480
FINNIFTY02JAN2421100CE.NFO,02/01/2024,09:45:08,352.35,347.1,40,348.15,160,0,18480
FINNIFTY02JAN2421100CE.NFO,02/01/2024,09:45:10,352.35,347.6,120,348.8,120,0,18480
FINNIFTY02JAN2421100CE.NFO,02/01/2024,09:45:11,352.35,348.2,120,349.4,120,0,18480
FINNIFTY02JAN2421100CE.NFO,02/01/2024,09:45:13,352.35,348.8,80,349.9,120,0,18480
FINNIFTY02JAN2421100CE.NFO,02/01/2024,09:45:15,352.35,348.3,40,349.4,240,0,18480
FINNIFTY02JAN2421100CE.NFO,02/01/2024,09:45:16,352.35,348.35,80,349.4,200,0,18480
FINNIFTY02JAN2421100CE.NFO,02/01/2024,09:45:18,352.35,347.4,80,348.55,120,0,18480
FINNIFTY02JAN2421100CE.NFO,02/01/2024,09:45:20,352.35,347.35,200,348.45,240,0,18480
FINNIFTY02JAN2421100CE.NFO,02/01/2024,09:45:21,348.25,346.9,440,348.1,400,80,18480
FINNIFTY02JAN2421100CE.NFO,02/01/2024,09:45:23,348.25,345.75,80,346.9,40,0,18480
FINNIFTY02JAN2421100CE.NFO,02/01/2024,09:45:25,348.25,345.6,40,346.75,160,0,18480
FINNIFTY02JAN2421100CE.NFO,02/01/2024,09:45:26,348.25,343.35,80,344.6,120,0,18480
FINNIFTY02JAN2421100CE.NFO,02/01/2024,09:45:28,348.25,343.65,80,344.85,80,0,18480
FINNIFTY02JAN2421100CE.NFO,02/01/2024,09:45:30,348.25,344.05,480,345.25,240,0,18480
FINNIFTY02JAN2421100CE.NFO,02/01/2024,09:45:31,348.25,345.25,320,346.55,120,0,18480
FINNIFTY02JAN2421100CE.NFO,02/01/2024,09:45:33,348.25,344.6,120,345.9,240,0,18480
FINNIFTY02JAN2421100CE.NFO,02/01/2024,09:45:35,348.25,345.2,240,346.35,200,0,18480
FINNIFTY02JAN2421100CE.NFO,02/01/2024,09:45:36,348.25,345.25,160,346.45,200,0,18480
FINNIFTY02JAN2421100CE.NFO,02/01/2024,09:45:38,348.25,344.85,80,346.05,120,0,18480
FINNIFTY02JAN2421100CE.NFO,02/01/2024,09:45:40,348.25,345,80,346.15,120,0,18480
FINNIFTY02JAN2421100CE.NFO,02/01/2024,09:45:41,348.25,345,80,346.05,320,0,18480
FINNIFTY02JAN2421100CE.NFO,02/01/2024,09:45:43,348.25,344.65,80,345.85,200,0,18480
FINNIFTY02JAN2421100CE.NFO,02/01/2024,09:45:45,348.25,344.8,200,346,200,0,18480
FINNIFTY02JAN2421100CE.NFO,02/01/2024,09:45:46,348.25,344.45,40,345.5,80,0,18480
FINNIFTY02JAN2421100CE.NFO,02/01/2024,09:45:48,342,342.25,80,343.5,160,40,18480
FINNIFTY02JAN2421100CE.NFO,02/01/2024,09:45:50,342,341.85,440,343,80,0,18480
FINNIFTY02JAN2421100CE.NFO,02/01/2024,09:45:51,342,340.95,680,342.3,200,0,18480
FINNIFTY02JAN2421100CE.NFO,02/01/2024,09:45:53,342,341.05,160,342.2,120,0,18480
FINNIFTY02JAN2421100CE.NFO,02/01/2024,09:45:55,337.8,337.35,40,338.4,80,560,18480
FINNIFTY02JAN2421100CE.NFO,02/01/2024,09:45:56,337.25,339.85,40,340.9,160,40,18480
FINNIFTY02JAN2421100CE.NFO,02/01/2024,09:45:58,337.25,339.35,80,340.7,80,0,18480
FINNIFTY02JAN2421100CE.NFO,02/01/2024,09:46:00,337.25,338.35,40,339.45,80,0,18480
FINNIFTY02JAN2421100CE.NFO,02/01/2024,09:46:01,337.25,338.3,40,339.4,160,0,18480
FINNIFTY02JAN2421100CE.NFO,02/01/2024,09:46:03,337.25,338.95,40,340.1,40,0,18480
FINNIFTY02JAN2421100CE.NFO,02/01/2024,09:46:05,337.25,336.8,120,337.9,80,0,18480
FINNIFTY02JAN2421100CE.NFO,02/01/2024,09:46:06,337.25,335.7,40,336.9,120,0,18480
FINNIFTY02JAN2421100CE.NFO,02/01/2024,09:46:08,337.25,338.3,440,339.45,320,0,18480
FINNIFTY02JAN2421100CE.NFO,02/01/2024,09:46:10,337.25,337.8,80,338.95,160,0,18480
FINNIFTY02JAN2421100CE.NFO,02/01/2024,09:46:11,337.25,336.65,80,337.9,160,0,18480
FINNIFTY02JAN2421100CE.NFO,02/01/2024,09:46:13,337.25,336.95,80,338.1,80,0,18480
FINNIFTY02JAN2421100CE.NFO,02/01/2024,09:46:15,337.25,337.2,80,338.3,80,0,18480
FINNIFTY02JAN2421100CE.NFO,02/01/2024,09:46:16,337.25,338.45,80,339.6,280,0,18480
FINNIFTY02JAN2421100CE.NFO,02/01/2024,09:46:18,337.25,339.15,120,340.55,160,0,18480
FINNIFTY02JAN2421100CE.NFO,02/01/2024,09:46:20,337.25,338.85,80,339.95,120,0,18480
FINNIFTY02JAN2421100CE.NFO,02/01/2024,09:46:21,337.25,338.65,80,339.7,120,0,18480
FINNIFTY02JAN2421100CE.NFO,02/01/2024,09:46:23,337.25,339.5,80,340.55,320,0,18480
FINNIFTY02JAN2421100CE.NFO,02/01/2024,09:46:25,337.25,339.7,200,340.9,240,0,18480
FINNIFTY02JAN2421100CE.NFO,02/01/2024,09:46:26,337.25,339.2,120,340.5,160,0,18480
FINNIFTY02JAN2421100CE.NFO,02/01/2024,09:46:28,337.25,339.55,160,340.75,120,0,18480
FINNIFTY02JAN2421100CE.NFO,02/01/2024,09:46:30,337.25,340.95,120,342.05,120,0,18480
FINNIFTY02JAN2421100CE.NFO,02/01/2024,09:46:31,337.25,341.1,80,342.25,80,0,18480
FINNIFTY02JAN2421100CE.NFO,02/01/2024,09:46:33,337.25,342.05,320,343.1,120,0,18480
FINNIFTY02JAN2421100CE.NFO,02/01/2024,09:46:35,337.25,342.6,40,343.7,40,0,18480
FINNIFTY02JAN2421100CE.NFO,02/01/2024,09:46:36,337.25,342.2,80,343.45,80,0,18480
FINNIFTY02JAN2421100CE.NFO,02/01/2024,09:46:38,337.25,341.5,160,342.85,160,0,18480
FINNIFTY02JAN2421100CE.NFO,02/01/2024,09:46:40,337.25,341.4,600,342.65,160,0,18480
FINNIFTY02JAN2421100CE.NFO,02/01/2024,09:46:41,337.25,342.35,80,343.55,120,0,18480
FINNIFTY02JAN2421100CE.NFO,02/01/2024,09:46:43,337.25,342.7,120,343.85,160,0,18480
FINNIFTY02JAN2421100CE.NFO,02/01/2024,09:46:45,337.25,342.75,320,343.8,160,0,18480
FINNIFTY02JAN2421100CE.NFO,02/01/2024,09:46:46,337.25,342.65,160,343.9,200,0,18480
FINNIFTY02JAN2421100CE.NFO,02/01/2024,09:46:48,337.25,343.25,280,344.4,80,0,18480
FINNIFTY02JAN2421100CE.NFO,02/01/2024,09:46:50,337.25,343.15,440,344.3,120,0,18480
FINNIFTY02JAN2421100CE.NFO,02/01/2024,09:46:51,337.25,344.45,200,345.65,120,0,18480
FINNIFTY02JAN2421100CE.NFO,02/01/2024,09:46:53,337.25,344.15,240,345.4,320,0,18480
FINNIFTY02JAN2421100CE.NFO,02/01/2024,09:46:55,337.25,344.5,80,345.55,160,0,18480
FINNIFTY02JAN2421100CE.NFO,02/01/2024,09:46:56,337.25,344.05,160,345.15,160,0,18480
FINNIFTY02JAN2421100CE.NFO,02/01/2024,09:46:58,337.25,344.3,80,345.35,120,0,18480
FINNIFTY02JAN2421100CE.NFO,02/01/2024,09:47:00,337.25,344.1,120,345.2,80,0,18480
FINNIFTY02JAN2421100CE.NFO,02/01/2024,09:47:01,337.25,345.95,40,347.9,40,0,18480
FINNIFTY02JAN2421100CE.NFO,02/01/2024,09:47:03,337.25,347.7,120,349,80,0,18480
FINNIFTY02JAN2421100CE.NFO,02/01/2024,09:47:05,337.25,347.5,80,348.8,120,0,18480
FINNIFTY02JAN2421100CE.NFO,02/01/2024,09:47:06,337.25,345.65,80,346.9,200,0,18480
FINNIFTY02JAN2421100CE.NFO,02/01/2024,09:47:08,337.25,345.8,200,346.9,120,0,18480
FINNIFTY02JAN2421100CE.NFO,02/01/2024,09:47:10,337.25,346.75,120,347.75,200,0,18480
FINNIFTY02JAN2421100CE.NFO,02/01/2024,09:47:11,337.25,346.75,80,347.85,240,0,18480
FINNIFTY02JAN2421100CE.NFO,02/01/2024,09:47:13,337.25,347.3,240,348.45,120,0,18480
FINNIFTY02JAN2421100CE.NFO,02/01/2024,09:47:15,337.25,346,80,347.15,440,0,18480
FINNIFTY02JAN2421100CE.NFO,02/01/2024,09:47:16,337.25,346.5,160,347.6,120,0,18480
FINNIFTY02JAN2421100CE.NFO,02/01/2024,09:47:18,337.25,348.1,120,349.1,40,0,18480
FINNIFTY02JAN2421100CE.NFO,02/01/2024,09:47:20,337.25,347.35,120,348.5,160,0,18480
FINNIFTY02JAN2421100CE.NFO,02/01/2024,09:47:21,337.25,347.7,160,348.65,120,0,18480
FINNIFTY02JAN2421100CE.NFO,02/01/2024,09:47:23,337.25,348.05,80,349,200,0,18480
FINNIFTY02JAN2421100CE.NFO,02/01/2024,09:47:25,337.25,347.3,80,348.35,200,0,18480
FINNIFTY02JAN2421100CE.NFO,02/01/2024,09:47:26,337.25,347.55,80,348.65,160,0,18480
FINNIFTY02JAN2421100CE.NFO,02/01/2024,09:47:28,337.25,349,40,350,640,0,18480
FINNIFTY02JAN2421100CE.NFO,02/01/2024,09:47:30,337.25,349.35,360,350.4,200,0,18480
FINNIFTY02JAN2421100CE.NFO,02/01/2024,09:47:31,337.25,350.95,200,352.2,200,0,18480
FINNIFTY02JAN2421100CE.NFO,02/01/2024,09:47:33,337.25,350.2,80,351.55,160,0,18480
FINNIFTY02JAN2421100CE.NFO,02/01/2024,09:47:35,337.25,350.4,200,351.55,200,0,18480
FINNIFTY02JAN2421100CE.NFO,02/01/2024,09:47:36,337.25,351,40,352.2,280,0,18480
FINNIFTY02JAN2421100CE.NFO,02/01/2024,09:47:38,337.25,351.3,80,352.6,200,0,18480
FINNIFTY02JAN2421100CE.NFO,02/01/2024,09:47:40,337.25,351.35,160,352.5,560,0,18480
FINNIFTY02JAN2421100CE.NFO,02/01/2024,09:47:41,337.25,349.95,40,351.2,120,0,18480
FINNIFTY02JAN2421100CE.NFO,02/01/2024,09:47:43,337.25,350.8,80,352.05,160,0,18480
FINNIFTY02JAN2421100CE.NFO,02/01/2024,09:47:45,337.25,350.55,120,351.7,440,0,18480
FINNIFTY02JAN2421100CE.NFO,02/01/2024,09:47:46,337.25,349.55,160,350.7,200,0,18480
FINNIFTY02JAN2421100CE.NFO,02/01/2024,09:47:48,337.25,351.05,80,352.15,120,0,18480
FINNIFTY02JAN2421100CE.NFO,02/01/2024,09:47:50,337.25,351.1,80,352.25,200,0,18480
FINNIFTY02JAN2421100CE.NFO,02/01/2024,09:47:51,337.25,351.45,40,352.6,440,0,18480
FINNIFTY02JAN2421100CE.NFO,02/01/2024,09:47:53,337.25,348.7,80,349.95,120,0,18480
FINNIFTY02JAN2421100CE.NFO,02/01/2024,09:47:55,337.25,347.45,80,348.7,160,0,18480
FINNIFTY02JAN2421100CE.NFO,02/01/2024,09:47:56,337.25,348.35,40,349.65,120,0,18480
FINNIFTY02JAN2421100CE.NFO,02/01/2024,09:47:58,337.25,348.75,80,349.95,160,0,18480
FINNIFTY02JAN2421100CE.NFO,02/01/2024,09:48:00,337.25,348.9,80,350.1,200,0,18480
FINNIFTY02JAN2421100CE.NFO,02/01/2024,09:48:01,337.25,347.85,120,349.05,80,0,18480
FINNIFTY02JAN2421100CE.NFO,02/01/2024,09:48:03,337.25,348.25,80,349.4,40,0,18480
FINNIFTY02JAN2421100CE.NFO,02/01/2024,09:48:05,337.25,347.15,320,348.4,320,0,18480
FINNIFTY02JAN2421100CE.NFO,02/01/2024,09:48:06,337.25,346.05,240,347.35,160,0,18480
FINNIFTY02JAN2421100CE.NFO,02/01/2024,09:48:08,337.25,346.25,80,347.35,400,0,18480
FINNIFTY02JAN2421100CE.NFO,02/01/2024,09:48:10,337.25,345.7,160,346.8,120,0,18480
FINNIFTY02JAN2421100CE.NFO,02/01/2024,09:48:11,347.85,346.1,480,347.2,160,40,18120
FINNIFTY02JAN2421100CE.NFO,02/01/2024,09:48:13,347.85,346.8,80,347.75,160,0,18120
FINNIFTY02JAN2421100CE.NFO,02/01/2024,09:48:15,347.85,346.95,120,348.1,120,0,18120
FINNIFTY02JAN2421100CE.NFO,02/01/2024,09:48:16,347.85,346.9,80,347.95,440,0,18120
FINNIFTY02JAN2421100CE.NFO,02/01/2024,09:48:18,347.85,345.15,160,346.2,160,0,18120
FINNIFTY02JAN2421100CE.NFO,02/01/2024,09:48:20,347.85,344.8,160,345.9,80,0,18120
FINNIFTY02JAN2421100CE.NFO,02/01/2024,09:48:21,347.85,345.15,320,346.25,120,0,18120
FINNIFTY02JAN2421100CE.NFO,02/01/2024,09:48:23,347.85,344.75,40,345.6,200,0,18120
FINNIFTY02JAN2421100CE.NFO,02/01/2024,09:48:25,347.85,343.75,160,344.85,280,0,18120
FINNIFTY02JAN2421100CE.NFO,02/01/2024,09:48:26,347.85,343.6,160,344.75,240,0,18120
